code,internal_code,name,manufacturer_name,manufacture_country,manufacturer_item_description,unit_qty,quantity,unit_of_measure,weighted,qty_in_package,price,unit_of_measure_price,allow_discount,status,item_id
4,true,עגבנייה ארוזה שמיטה,חקלאי,,עגבניה ארוזה שמיטה,קילוגרמים,1.00,"ק""ג",true,,8.90,8.9000,true,1,14872
684,true,תפוח עץ מוזהב,חקלאי,IL,תע מוזהב 6.5,קילוגרמים,1.00,"ק""ג",true,,10.90,10.9000,true,1,14850
910,true,עגבניות טעם,חקלאי,IL,עגבניות טעם,קילוגרמים,1.00,"ק""ג",true,,8.90,8.9000,true,1,124956
915,true,שרי לבבות יחידה,חקלאי,IL,שרי לבבות יחידה,Unknown,0.00,Unknown,false,1,10.90,0.0000,true,1,528
917,true,עגבניה,חקלאי,IL,עגבניה,קילוגרמים,1.00,"ק""ג",true,,8.90,8.9000,true,1,124957
918,true,עגבניה תמר,חקלאי,IL,עגבניה תמר,קילוגרמים,1.00,"ק""ג",true,,9.90,9.9000,true,1,24798
920,true,מלפפון,חקלאי,IL,מלפפון,קילוגרמים,1.00,"ק""ג",true,,7.90,7.9000,true,1,124959
927,true,מלפפון בייבי יח,חקלאי,IL,מלפפון בייבי יח,לא מנהל יחידת מידה,0.00,לא מנהל יחידת מידה,false,1,12.90,0.0000,true,1,425
941,true,סלק,חקלאי,IL,סלק,קילוגרמים,1.00,"ק""ג",true,,5.90,5.9000,true,1,124958
942,true,ענבים לבנים,חקלאי,IL,ענבים לבנים,קילוגרמים,1.00,"ק""ג",true,,29.90,29.9000,true,1,124916
943,true,ענב שחור,חקלאי,IL,ענב שחור,קילוגרמים,1.00,"ק""ג",true,,20.90,20.9000,true,1,125131
945,true,כרוב לבן,חקלאי,IL,כרוב לבן,קילוגרמים,1.00,"ק""ג",true,,4.90,4.9000,true,1,124961
955,true,כרוב סיני,חקלאי,IL,כרוב סיני,לא מנהל יחידת מידה,0.00,לא מנהל יחידת מידה,false,1,6.90,0.0000,true,1,12299
961,true,כרובית ארוזה יחידה,חקלאי,IL,כרובית ארוזה יחידה,לא מנהל יחידת מידה,0.00,לא מנהל יחידת מידה,false,1,12.90,0.0000,true,1,544
977,true,אורגנו,חקלאי,IL,אורגנו,יחידה,1.00,יחידה,false,1,5.90,5.9000,true,1,389
990,true,בצל יבש,חקלאי,IL,בצל יבש,קילוגרמים,1.00,"ק""ג",true,,5.90,5.9000,true,1,124967
994,true,"שרי תמר לק""ג",חקלאי,IL,"שרי תמר לק""ג",קילוגרמים,1.00,"ק""ג",true,,24.90,24.9000,true,1,443
995,true,בצל ירוק ארוז,חקלאי,IL,בצל ירוק ארוז,לא מנהל יחידת מידה,0.00,לא מנהל יחידת מידה,false,1,5.90,0.0000,true,1,407
997,true,בצל אדום,חקלאי,IL,בצל אדום,קילוגרמים,1.00,"ק""ג",true,,7.90,7.9000,true,1,124910
1104,true,פטריות פורטובלה ארוז,חקלאי,IL,פטריות פורטובלה ארוז ליח,גרמים,200.00,100 גרם,false,1,10.90,5.4500,true,1,14870
6001,true,הגדה של פסח,,,הגדה של פסח,יחידה,1.00,יחידה,false,1,19.90,19.9000,true,1,23605
8216,true,בלון בודד קטן -גומי,גמר,,בלון בודד קטן -גומי מטאלי +הליום,יחידה,1.00,יחידה,false,1,5.90,5.9000,true,1,20483
8708,true,אספרסו עובדים La Far,לה פרינה,IL,אספרסו עובדים La Farina,לא מנהל יחידת מידה,0.00,לא מנהל יחידת מידה,false,1,4.00,0.0000,true,1,19888
8719,true,קפוצינו עובדים La Fa,לה פרינה,IL,קפוצינו עובדים La Farina,לא מנהל יחידת מידה,0.00,לא מנהל יחידת מידה,false,1,6.00,0.0000,true,1,19898
8722,true,קפוצינו גדול עובדים,לה פרינה,IL,קפוצינו גדול עובדים La Farina,לא מנהל יחידת מידה,0.00,לא מנהל יחידת מידה,false,1,7.00,0.0000,true,1,19901
8723,true,אספרסו La Farina,לה פרינה,IL,אספרסו La Farina,לא מנהל יחידת מידה,0.00,לא מנהל יחידת מידה,false,1,8.00,0.0000,true,1,19902
8726,true,ריבוע/ משולש פיצה La,לה פרינה,IL,ריבוע/ משולש פיצה La Farina,לא מנהל יחידת מידה,0.00,לא מנהל יחידת מידה,false,1,12.90,0.0000,true,1,19905
8727,true,קפוצינו La Farina,לה פרינה,IL,קפוצינו La Farina,לא מנהל יחידת מידה,0.00,לא מנהל יחידת מידה,false,1,10.00,0.0000,true,1,19906
8728,true,אמריקנו חם/ קר בתוספ,לה פרינה,IL,אמריקנו חם/ קר בתוספת חלב La Farina,לא מנהל יחידת מידה,0.00,לא מנהל יחידת מידה,false,1,10.00,0.0000,true,1,19907
8731,true,קפוצינו גדול La Fari,לה פרינה,IL,קפוצינו גדול La Farina,לא מנהל יחידת מידה,0.00,לא מנהל יחידת מידה,false,1,12.00,0.0000,true,1,19910
8743,true,רוגעלך פיסטוק אקסטרה,לה פרינה,IL,רוגעלך פיסטוק אקסטרה La Farina,לא מנהל יחידת מידה,0.00,לא מנהל יחידת מידה,false,1,16.90,0.0000,true,1,19922
8760,true,דונטס במגוון מילויים,לה פרינה,IL,דונטס במגוון מילויים La Farina,יחידה,1.00,יחידה,false,1,9.90,9.9000,true,1,21764
9104,true,בצלי שאלוט,חקלאי,IL,בצלי שאלוט,לא מנהל יחידת מידה,0.00,לא מנהל יחידת מידה,false,1,14.90,0.0000,true,1,382
9110,true,בטטה,חקלאי,IL,בטטה,קילוגרמים,1.00,"ק""ג",true,,9.90,9.9000,true,1,124909
9113,true,כוסברה ארוזה,חקלאי,IL,כוסברה ארוזה,Unknown,0.00,Unknown,false,1,4.90,0.0000,true,1,404
9114,true,נענע ארוזה,חקלאי,IL,נענע ארוזה,Unknown,0.00,Unknown,false,1,4.90,0.0000,true,1,405
9131,true,דלעת ארוזה,חקלאי,IL,דלעת ארוזה,קילוגרמים,1.00,"ק""ג",true,,14.90,14.9000,true,1,124964
9135,true,דלורית,חקלאי,IL,דלורית,קילוגרמים,1.00,"ק""ג",true,,7.90,7.9000,true,1,124965
9138,true,דלעת ערמונים,חקלאי,IL,דלעת ערמונים,קילוגרמים,1.00,"ק""ג",true,,11.90,11.9000,true,1,428
9140,true,חצילים,חקלאי,IL,חצילים,קילוגרמים,1.00,"ק""ג",true,,7.90,7.9000,true,1,124963
9147,true,אפרסמון,חקלאי,IL,אפרסמון,קילוגרמים,1.00,"ק""ג",true,,16.90,16.9000,true,1,124936
9152,true,פלפל צילי חריף,חקלאי,IL,פלפל צילי חריף,קילוגרמים,1.00,"ק""ג",false,1,7.90,7.9000,true,1,426
9155,true,פלפל כהה,חקלאי,IL,פלפל כהה,קילוגרמים,1.00,"ק""ג",true,,9.90,9.9000,true,1,124953
9158,true,פלפל חריף ירוק,חקלאי,IL,פלפל חריף ירוק,קילוגרמים,1.00,"ק""ג",true,,8.90,8.9000,true,1,124950
9160,true,פלפל אדום,חקלאי,IL,פלפל אדום,קילוגרמים,1.00,"ק""ג",true,,9.90,9.9000,true,1,124954
9163,true,פלפל צהוב,חקלאי,IL,פלפל צהוב,קילוגרמים,1.00,"ק""ג",true,,10.90,10.9000,true,1,124951
9165,true,לפת,חקלאי,IL,לפת,קילוגרמים,1.00,"ק""ג",true,,7.90,7.9000,true,1,124971
9167,true,פלפל כתום,חקלאי,IL,פלפל כתום,קילוגרמים,1.00,"ק""ג",true,,10.90,10.9000,true,1,124952
9170,true,קולורבי,חקלאי,IL,קולורבי,קילוגרמים,1.00,"ק""ג",true,,9.90,9.9000,true,1,124949
9180,true,קשואים,חקלאי,IL,קשואים,קילוגרמים,1.00,"ק""ג",true,,10.90,10.9000,true,1,124947
9187,true,קישוא זוקיני ארוז,חקלאי,IL,קישוא זוקיני ארוז,קילוגרמים,1.00,"ק""ג",true,,12.90,12.9000,true,1,415
9201,true,תירס ארוז,חקלאי,IL,תירס ארוז,קילוגרמים,1.00,"ק""ג",true,,12.90,12.9000,true,1,124943
9224,true,אוכמניות יחידה,חקלאי,IL,אוכמניות יחידה,לא מנהל יחידת מידה,0.00,לא מנהל יחידת מידה,false,1,16.90,0.0000,true,1,32489
9245,true,מנגולד,חקלאי,IL,מנגולד,יחידה,1.00,יחידה,false,1,6.90,6.9000,true,1,395
9250,true,חסה עגולה ארוזה,חקלאי,IL,חסה עגולה ארוזה,לא מנהל יחידת מידה,0.00,לא מנהל יחידת מידה,false,1,5.90,0.0000,true,1,391
9260,true,חסה ערבית ארוזה,חקלאי,IL,חסה ערבית ארוזה,יחידה,1.00,יחידה,false,1,6.90,6.9000,true,1,390
9270,true,לוף,חקלאי,IL,לוף,קילוגרמים,1.00,"ק""ג",true,,17.90,17.9000,true,1,124960
9290,true,תפוח אדמה אדום,חקלאי,IL,תפוח אדמה אדום,קילוגרמים,1.00,"ק""ג",true,,6.90,6.9000,true,1,124942
9295,true,תפוח אדמה לבן,חקלאי,IL,תפוח אדמה לבן,קילוגרמים,1.00,"ק""ג",true,,5.90,5.9000,true,1,124941
9297,true,פטרוזליה ארוזה,חקלאי,IL,פטרוזליה ארוזה,לא מנהל יחידת מידה,0.00,לא מנהל יחידת מידה,false,1,4.90,0.0000,true,1,406
9299,true,סלרי ראש ארוז,חקלאי,IL,סלרי ראש ארוז,Unknown,0.00,Unknown,false,1,5.90,0.0000,true,1,398
9306,true,סלרי עלים,חקלאי,IL,סלרי עלים,לא מנהל יחידת מידה,0.00,לא מנהל יחידת מידה,false,1,6.90,0.0000,true,1,400
9311,true,גזר ארוז,חקלאי,IL,גזר ארוז,קילוגרמים,1.00,"ק""ג",true,,4.90,4.9000,true,1,124966
9323,true,פטריות פורטובלו,חקלאי,IL,פטריות פורטובלו,יחידה,1.00,יחידה,false,1,13.90,13.9000,true,1,383
9324,true,פטריות שמפניון מארז,חקלאי,IL,פטריות שמפניון מארז,לא מנהל יחידת מידה,0.00,לא מנהל יחידת מידה,false,1,9.90,0.0000,true,1,384
9325,true,פטריות מיובשות,חקלאי,IL,פטריות מיובשות,לא מנהל יחידת מידה,0.00,לא מנהל יחידת מידה,false,1,11.90,0.0000,true,1,418
9331,true,תות שדה במארז כ 250,חקלאי,IL,תות שדה במארז כ 250 גרם,גרמים,250.00,100 גרם,false,1,19.90,7.9600,true,1,186
9334,true,תות שדה יח 500 ג,חקלאי,IL,תות שדה יח 500 ג,גרמים,500.00,100 גרם,false,1,29.90,5.9800,true,1,449
9348,true,שום בתפזורת,חקלאי,IL,שום בתפזורת,קילוגרמים,1.00,"ק""ג",true,,19.90,19.9000,true,1,124946
9349,true,שום יח,חקלאי,IL,שום יח,לא מנהל יחידת מידה,0.00,לא מנהל יחידת מידה,false,1,9.90,0.0000,true,1,420
9370,true,שומר,חקלאי,IL,שומר,קילוגרמים,1.00,"ק""ג",true,,8.90,8.9000,true,1,124944
9376,true,ארטישוק ירושלמי,חקלאי,IL,ארטישוק ירושלמי,קילוגרמים,1.00,"ק""ג",true,,19.90,19.9000,true,1,124986
9441,true,סלק אדום בואקום,חקלאי,IL,סלק אדום בואקום,לא מנהל יחידת מידה,0.00,לא מנהל יחידת מידה,false,1,7.90,0.0000,true,1,381
9447,true,אגס נאשי,חקלאי,IL,אגס נאשי,קילוגרמים,1.00,"ק""ג",true,,19.90,19.9000,true,1,577
9457,true,מרווה ארוז,חקלאי,IL,מרווה ארוז,לא מנהל יחידת מידה,0.00,לא מנהל יחידת מידה,false,1,5.90,0.0000,true,1,567
9459,true,פורוציני יבש,חקלאי,IL,פורוציני יבש,לא מנהל יחידת מידה,0.00,לא מנהל יחידת מידה,false,1,15.90,0.0000,true,1,568
9460,true,חסה סלנובה - ראש,חקלאי,IL,חסה סלנובה - ראש,לא מנהל יחידת מידה,0.00,לא מנהל יחידת מידה,false,1,13.90,0.0000,true,1,569
9466,true,סלרי ראש תפזורת,חקלאי,IL,סלרי ראש תפזורת,לא מנהל יחידת מידה,0.00,לא מנהל יחידת מידה,false,1,4.90,0.0000,true,1,573
9467,true,שורש תפזורת,חקלאי,IL,שורש תפזורת,לא מנהל יחידת מידה,0.00,לא מנהל יחידת מידה,false,1,4.90,0.0000,true,1,574
9468,true,פטריות למילוי במשקל,חקלאי,IL,פטריות למילוי במשקל,קילוגרמים,1.00,"ק""ג",true,,39.90,39.9000,true,1,575
9469,true,פטריות פורטובלו חורש,חקלאי,IL,פטריות פורטובלו חורש למילוי,קילוגרמים,1.00,"ק""ג",true,,14.90,14.9000,true,1,576
9486,true,לימון,חקלאי,IL,לימון,קילוגרמים,1.00,"ק""ג",true,,10.90,10.9000,true,1,124922
9500,true,תפוז מובחר,חקלאי,IL,תפוז מובחר,קילוגרמים,1.00,"ק""ג",true,,6.90,6.9000,true,1,124919
9504,true,תפוז ברשת,חקלאי,IL,תפוז ברשת,קילוגרמים,1.00,"ק""ג",true,,5.90,5.9000,true,1,409
9510,true,מנדרינה,חקלאי,IL,מנדרינה,קילוגרמים,1.00,"ק""ג",true,,7.90,7.9000,true,1,124920
9521,true,פומלית,חקלאי,IL,פומלית,קילוגרמים,1.00,"ק""ג",true,,7.90,7.9000,true,1,124923
9522,true,אשכולית לבנה / אדומה,חקלאי,IL,אשכולית לבנה / אדומה,קילוגרמים,1.00,"ק""ג",true,,7.90,7.9000,true,1,124924
9525,true,פומלה,חקלאי,IL,פומלה,קילוגרמים,1.00,"ק""ג",true,,9.90,9.9000,true,1,124921
9534,true,תפוז סיני,חקלאי,IL,תפוז סיני,קילוגרמים,1.00,"ק""ג",true,,14.90,14.9000,true,1,12873
9555,true,בננות,חקלאי,IL,בננות,קילוגרמים,1.00,"ק""ג",true,,7.90,7.9000,true,1,124935
9560,true,אבוקדו,חקלאי,IL,אבוקדו,קילוגרמים,1.00,"ק""ג",true,,14.90,14.9000,true,1,124938
9568,true,רימון,חקלאי,IL,רימון,קילוגרמים,1.00,"ק""ג",true,,14.90,14.9000,true,1,124930
9580,true,תפו אדמה דוד משה,חקלאי,IL,תפו אדמה דוד משה,קילוגרמים,1.00,"ק""ג",true,,8.90,8.9000,true,1,13142
9604,true,אגס ספדונה,חקלאי,IL,אגס ספדונה,קילוגרמים,1.00,"ק""ג",true,,12.90,12.9000,true,1,124937
9634,true,אננס יח,חקלאי,IL,אננס יח,קילוגרמים,1.20,"ק""ג",false,1,39.90,33.2500,true,1,412
9637,true,קיווי מובחר,חקלאי,IL,קיווי מובחר,קילוגרמים,1.00,"ק""ג",true,,18.90,18.9000,true,1,124931
9658,true,תפוח עץ סמיט,חקלאי,IL,תפוח עץ סמיט,קילוגרמים,1.00,"ק""ג",true,,12.90,12.9000,true,1,410
9661,true,תפוח עץ גאלה 6.5,חקלאי,IL,תפוח עץ גאלה 6.5,קילוגרמים,1.00,"ק""ג",true,,12.90,12.9000,true,1,408
9684,true,תפוח עץ זהוב,חקלאי,IL,תפוח עץ זהוב,קילוגרמים,1.00,"ק""ג",true,,11.90,11.9000,true,1,124929
9697,true,תפוח עץ סטארקינג,חקלאי,IL,תפוח עץ סטארקינג,קילוגרמים,1.00,"ק""ג",true,,11.90,11.9000,true,1,124928
9714,true,תפוח עץ יונתן,חקלאי,IL,תפוח עץ יונתן,קילוגרמים,1.00,"ק""ג",true,,13.90,13.9000,true,1,124926
9756,true,שזיף אדום,חקלאי,IL,שזיף אדום,קילוגרמים,1.00,"ק""ג",true,,19.90,19.9000,true,1,124914
9766,true,שזיף שגיב,חקלאי,IL,שזיף שגיב,קילוגרמים,1.00,"ק""ג",true,,19.90,19.9000,true,1,125193
9891,true,ברוקולי ארוז,חקלאי,IL,ברוקולי ארוז,מיליליטרים,1.00,"100 מ""ל",false,1,12.90,1290.0000,true,1,417
9928,true,שמיר,חקלאי,IL,שמיר,לא מנהל יחידת מידה,0.00,לא מנהל יחידת מידה,false,1,4.90,0.0000,true,1,490
9950,true,כרוב אדום,חקלאי,IL,כרוב אדום,קילוגרמים,1.00,"ק""ג",true,,5.90,5.9000,true,1,124962
9965,true,תפוח עץ פינק,חקלאי,IL,תפוח עץ פינק,קילוגרמים,1.00,"ק""ג",true,,19.90,19.9000,true,1,124927
9970,true,צנון,חקלאי,IL,צנון,קילוגרמים,1.00,"ק""ג",true,,7.90,7.9000,true,1,124948
9980,true,תפוח אדמה דוד משה,חקלאי,IL,תפוח אדמה דוד משה,קילוגרמים,1.00,"ק""ג",true,,8.90,8.9000,true,1,9395
24578,true,אסמבלאז צפית,ביבקבי ברקן שיווק וה,IL,ברקן צפית יין אדום יבש 2014 מל,מיליליטרים,750.00,"100 מ""ל",false,1,69.90,9.3200,true,1,132778
33778,true,פוקצה ירקות La Farin,לה פרינה,IL,פוקצה ירקות La Farina,לא מנהל יחידת מידה,0.00,לא מנהל יחידת מידה,false,1,24.90,0.0000,true,1,19780
34454,true,פילה סלמון שלם,,,פילה סלמון שלם,קילוגרמים,1.00,"ק""ג",true,,89.90,89.9000,true,1,23021
39534,true,סופגניה מיני La Fari,לה פרינה,IL,סופגניה מיני La Farina,יחידה,1.00,יחידה,false,1,3.50,3.5000,true,1,19891
39565,true,מארז 6 סופגניות גדול,לה פרינה,IL,מארז 6 סופגניות גדולות עם או בלי ריבה,יחידה,1.00,יחידה,false,6,25.00,25.0000,true,1,33960
39572,true,מארז 8 סופגניות מיני,לה פרינה,IL,מארז 8 סופגניות מיני עם או בלי ריבה,יחידה,1.00,יחידה,false,8,26.00,26.0000,true,1,33961
39596,true,לחמניות שום במשקל,לה פרינה,IL,לחמניות שום במשקל,קילוגרמים,1.00,"ק""ג",true,,69.00,69.0000,true,1,33973
39619,true,סופגניה La Farina,לה פרינה,IL,סופגניה La Farina,לא מנהל יחידת מידה,0.00,לא מנהל יחידת מידה,false,1,4.50,0.0000,true,1,19897
39626,true,סופגניה מיוחדת La Fa,לה פרינה,IL,סופגניה מיוחדת La Farina,לא מנהל יחידת מידה,0.00,לא מנהל יחידת מידה,false,1,8.90,0.0000,true,1,19904
41490,true,לחמניה כריך חיטה מלא,לה פרינה,IL,לחמניה כריך חיטה מלאה La Farina,יחידה,1.00,יחידה,false,1,4.10,4.1000,true,1,19880
41506,true,לחמניה כריך La Farin,לה פרינה,IL,לחמניה כריך La Farina,יחידה,1.00,יחידה,false,1,4.10,4.1000,true,1,19881
41513,true,לחמניה קלועה La Fari,לה פרינה,IL,לחמניה קלועה La Farina,יחידה,1.00,יחידה,false,1,4.10,4.1000,true,1,19882
41520,true,לחמניה קלועה חיטה מל,לה פרינה,IL,לחמניה קלועה חיטה מלאה La Farina,יחידה,1.00,יחידה,false,1,4.10,4.1000,true,1,19883
41537,true,לחמניה קשר La Farina,לה פרינה,IL,לחמניה קשר La Farina,יחידה,1.00,יחידה,false,1,4.10,4.1000,true,1,19884
41544,true,לחמניה קשר חיטה מלאה,לה פרינה,IL,לחמניה קשר חיטה מלאה La Farina,יחידה,1.00,יחידה,false,1,4.10,4.1000,true,1,19885
41551,true,לחמניה המבורגר La Fa,לה פרינה,IL,לחמניה המבורגר La Farina,יחידה,1.00,יחידה,false,1,4.10,4.1000,true,1,19886
41568,true,לחמניה המבורגר חיטה,לה פרינה,IL,לחמניה המבורגר חיטה מלאה La Farina,יחידה,1.00,יחידה,false,1,4.10,4.1000,true,1,19887
41575,true,גבטה La Farina,לה פרינה,IL,גבטה La Farina,יחידה,1.00,יחידה,false,1,6.50,6.5000,true,1,19889
41582,true,גבטה חיטה מלאה La Fa,לה פרינה,IL,גבטה חיטה מלאה La Farina,יחידה,1.00,יחידה,false,1,6.50,6.5000,true,1,19890
41599,true,בגט לבן La Farina,לה פרינה,IL,בגט לבן La Farina,יחידה,1.00,יחידה,false,1,6.90,6.9000,true,1,19892
41605,true,בייגל אמריקאי La Far,לה פרינה,IL,בייגל אמריקאי La Farina,יחידה,1.00,יחידה,false,1,6.90,6.9000,true,1,19894
41612,true,בייגל רומני La Fari,לה פרינה,IL,בייגל רומני La Farina,יחידה,1.00,יחידה,false,1,6.90,6.9000,true,1,19895
41629,true,בייגל ירושלמי La Far,לה פרינה,IL,בייגל ירושלמי La Farina,יחידה,1.00,יחידה,false,1,6.90,6.9000,true,1,19896
41636,true,פרצל La Farina,לה פרינה,IL,פרצל La Farina,יחידה,1.00,יחידה,false,1,7.90,7.9000,true,1,19899
101132,true,לקט קטניות לחמין,"איי, בי, אינבוו",IL,לקט קטניות לחמין,גרמים,800.00,100 גרם,false,1,24.90,3.1125,true,1,132782
130125,true,מצות חמץ 400 גרם,מצות אביב,IL,מצות חמץ 400 גרם,גרמים,400.00,100 גרם,false,1,10.90,2.7250,true,1,1877
130248,true,קמח מצה חמץ,מצות אביב,IL,קמח מצה חמץ,גרמים,500.00,100 גרם,false,1,6.50,1.3000,true,1,132784
176147,true,מוקה מס 1,פרוטרופיק סיה.,PL,מוקה 1 פילטר בריק,Unknown,0.00,Unknown,false,1,59.90,0.0000,true,1,1898
186207,true,שקמה מגבונים לחים,,,שקמה מגבונים לחים,Unknown,0.00,Unknown,false,1,25.90,0.0000,true,1,132785
192581,true,מגבת ניקול 6=12,קימברלי-קלארק,IL,מגבת ניקול כפול 6=12,Unknown,0.00,Unknown,false,1,21.90,0.0000,true,1,132789
209173,true,חומץ סינטטי 1 ליטר,,,חומץ סינטטי 1 ליטר,ליטרים,1.00,ליטר,false,1,4.90,4.9000,true,1,2780
209524,true,סירופ דיאט פטל יכין,"זנלכל בע""מ",IL,יכין סירופ דיאט בטעם פטל 1 ליטר,ליטרים,1.00,ליטר,false,1,15.90,15.9000,true,1,127177
209531,true,סירופ דיאט אשכוליות,"זנלכל בע""מ",IL,סירופ דיאט אשכוליות 1 ליטר,ליטרים,1.00,ליטר,false,1,15.90,15.9000,true,1,127179
453781,true,שמרים יבשים 125 גרם,"פאקא תעשיות בע""מ",PT,שמרית שמרים יבשים 125 גרם,גרמים,125.00,100 גרם,false,1,6.90,5.5200,true,1,11717
490625,true,מצופה שוקו 8 560 גר,פלדמן,IL,מצופה שוקו 8 560 גרם,גרמים,560.00,100 גרם,false,1,27.90,4.9821,true,1,4278
490724,true,עינוגים 30 יח חלבי 3,פלדמן,IL,עינוגים 30 יח חלבי 360 גרם,גרמים,360.00,100 גרם,false,1,32.90,9.1389,true,1,38207
498003,true,לחם קמח מלא E-FREE,יוליניבר,IL,לחם קמח מלא E-FREE,Unknown,0.00,Unknown,false,1,16.90,0.0000,true,1,967
522180,true,שוקו חלב הרים 250 מל,,,שוקו חלב הרים 250 מל,Unknown,0.00,Unknown,false,1,4.90,0.0000,true,1,2065
522272,true,שמנת עמידה 10% לקפה,,,שמנת עמידה 10% לקפה,Unknown,0.00,Unknown,false,1,10.00,0.0000,true,1,2550
662213,true,נתח פילה סלמון קפוא,תנובה,IL,נתח פילה סלמון קפוא בוואקום לקג,קילוגרמים,1.00,"ק""ג",true,,118.00,118.0000,true,1,11265
902746,true,נעם 28% מעדניה,,,נעם 28% מעדניה,קילוגרמים,1.00,"ק""ג",true,,44.79,44.7900,true,1,138475
902760,true,נעם 22% למעדניה,,,נעם 22% למעדניה,קילוגרמים,1.00,"ק""ג",true,,42.58,42.5800,true,1,138477
910260,true,סידור אביבי,אורית את אילנה,IL,סידור אביבי,לא מנהל יחידת מידה,0.00,לא מנהל יחידת מידה,false,1,84.90,0.0000,true,1,132903
910444,true,זר פרחים גבוה,אורית את אילנה,IL,זר פרחים גבוה,לא מנהל יחידת מידה,0.00,לא מנהל יחידת מידה,false,1,54.90,0.0000,true,1,138486
918617,true,דלעת יפנית,חקלאי,IL,דלעת יפנית,קילוגרמים,1.00,"ק""ג",true,1,13.90,13.9000,true,1,138516
918693,true,סידור פרחים גדול,אורית את אילנה,IL,סידור פרחים גדול,לא מנהל יחידת מידה,0.00,לא מנהל יחידת מידה,false,1,96.00,0.0000,true,1,133001
920672,true,סלמון שלם טרי,,,סלמון שלם טרי,קילוגרמים,1.00,"ק""ג",true,1,94.90,94.9000,true,1,138569
921310,true,מחלבת המושבה כדורי ל,,,מחלבת המושבה כדורי לבנה בשמן במשקל,קילוגרמים,1.00,"ק""ג",true,,95.00,95.0000,true,1,138582
931999,true,קרפיון,,,קרפיון,קילוגרמים,1.00,"ק""ג",true,1,36.00,36.0000,true,1,138689
932033,true,אמנון ענק,,,אמנון ענק,קילוגרמים,1.00,"ק""ג",true,,34.00,34.0000,true,1,138693
932064,true,בס,,,בס,קילוגרמים,1.00,"ק""ג",true,,59.90,59.9000,true,1,138696
932071,true,דניס גדול,,,דניס גדול,קילוגרמים,1.00,"ק""ג",true,,69.00,69.0000,true,1,138697
932125,true,מוסר ים,,,מוסר ים,קילוגרמים,1.00,"ק""ג",true,1,85.00,85.0000,true,1,138701
932200,true,לברק,,,לברק,קילוגרמים,1.00,"ק""ג",true,,79.00,79.0000,true,1,138706
932248,true,מוסר,,,מוסר,קילוגרמים,1.00,"ק""ג",true,1,49.00,49.0000,true,1,138707
932279,true,בורי ענק,,,בורי ענק,קילוגרמים,1.00,"ק""ג",true,1,52.90,52.9000,true,1,138708
932293,true,פורל טרי,,,פורל טרי,קילוגרמים,1.00,"ק""ג",true,,74.90,74.9000,true,1,138709
932378,true,סלמון טרי,,,סלמון טרי,קילוגרמים,1.00,"ק""ג",true,,134.90,134.9000,true,1,138711
933047,true,פרסה ( לוף ),חקלאי,IL,פרסה ( לוף ),קילוגרמים,1.00,"ק""ג",true,1,19.90,19.9000,true,1,138725
940229,true,גאודה עזים הולנדית,,,גאודה עזים הולנדית,קילוגרמים,1.00,"ק""ג",true,,145.00,145.0000,true,1,138783
940304,true,מעושנת הולנדית,,,מעושנת הולנדית לקג,קילוגרמים,1.00,"ק""ג",true,,135.00,135.0000,true,1,138785
940960,true,גאודה הולנדית 31%,,,גאודה הולנדית 31%,קילוגרמים,1.00,"ק""ג",true,,75.00,75.0000,true,1,138802
940977,true,גבינת אמנטל,,,גבינת אמנטל,קילוגרמים,1.00,"ק""ג",true,1,95.00,95.0000,true,1,8441
948614,true,גורגונזולה איטלקית,,,גורגונזולה איטלקית,קילוגרמים,1.00,"ק""ג",true,1,169.00,169.0000,true,1,138924
994710,true,לוקוס לבן,,,לוקוס לבן,קילוגרמים,1.00,"ק""ג",true,,110.00,110.0000,true,1,138999
1246979,true,אקופרנד-נוזל כלים 1,פ.פ.ח. שאביט,IL,אקופרינד נוזל לניקוי כלים אקולוגי 1 ליטר,ליטרים,1.00,ליטר,false,1,15.90,15.9000,true,1,22105
1258996,true,גבינת שמנת שום שמיר,,,גבינת שמנת שום שמיר 30%,קילוגרמים,1.00,"ק""ג",true,,45.00,45.0000,true,1,129977
1330050,true,וואלס פסים,,,וואלס פסים,Unknown,0.00,Unknown,false,1,59.90,0.0000,true,1,1880
1330760,true,עוגת תותי פרוטי,,,עוגת תותי פרוטי,Unknown,0.00,Unknown,false,1,42.90,0.0000,true,1,1292
1330890,true,עוגת פולונז קטנה,,,עוגת פולונז קטנה,Unknown,0.00,Unknown,false,1,69.90,0.0000,true,1,1882
1330951,true,עוגת סיביר,,,עוגת סיביר,Unknown,0.00,Unknown,false,1,79.90,0.0000,true,1,1883
1330968,true,אקלר פחזניות,,,אקלר פחזניות,Unknown,0.00,Unknown,false,1,26.90,0.0000,true,1,1884
1361023,true,פס מולטקה שוקולד 520,נטלי פלוס בעמ,IL,פס מולטקה שוקולד 520 גר,גרמים,520.00,100 גרם,false,1,42.90,8.2500,true,1,34094
1361047,true,אקלרים במילוי קרם רי,נטלי פלוס בעמ,IL,אקלרים במילוי קרם ריבת חלב 400 גר,גרמים,400.00,100 גרם,false,1,35.90,8.9750,true,1,34096
1427323,true,תפוח סלק מיץ קשת,"ב.א מזון בע""מ",IL,תפוח סלק מיץ קשת,ליטרים,1.00,ליטר,false,1,22.90,22.9000,true,1,8780
1507339,true,פתיתים כוסמין,חטיפים מן הטבע,IL,פתיתים מקמח כוסמין מלא,גרמים,400.00,100 גרם,false,1,18.90,4.7250,true,1,1890
1567142,true,סלמי תה מפולפל,,,סלמי תה מפולפל,קילוגרמים,1.00,"ק""ג",true,1,42.90,42.9000,true,1,129982
1713648,true,מרכך כביסה פיור ביי,טרסאן,TR,מרכך כביסה פיור בייבי ורוד 1 ליטר,ליטרים,1.00,ליטר,false,1,11.90,11.9000,true,1,36892
1865460,true,פמילי משאבה ליים,המאפיה של הרמן,TR,אלסבון פמילי לקשרי קוקוס 1 ליטר + משאבה,ליטרים,1.00,ליטר,false,1,14.90,14.9000,true,1,1906
1922231,true,כדורי פלאפל טופ שף,משק ויילר,IL,כדורי פלאפל טופ שף 700גרם,גרמים,700.00,100 גרם,false,1,16.90,2.4143,true,1,37515
1946015,true,אריסה מתוקה,תבליני ביטון,IL,אריסה מתוקה,גרמים,250.00,100 גרם,false,1,13.90,5.5600,true,1,4140
1946046,true,עמבה,תבליני ביטון,IL,עמבה,גרמים,250.00,100 גרם,false,1,13.90,5.5600,true,1,4136
1946077,true,אריסה חריפה,תבליני ביטון,IL,אריסה חריפה,גרמים,250.00,100 גרם,false,1,13.90,5.5600,true,1,4148
1946237,true,פלפל צומה,תבליני ביטון,IL,פלפל צומה,גרמים,250.00,100 גרם,false,1,13.90,5.5600,true,1,4149
1946503,true,שום כתוש ביטון,תבליני ביטון,IL,שום כתוש ביטון,גרמים,250.00,100 גרם,false,1,13.90,5.5600,true,1,4128
1946725,true,לימון כבוש בלדי,תבליני ביטון,IL,לימון כבוש בלדי,גרמים,250.00,100 גרם,false,1,13.90,5.5600,true,1,4163
2075035,true,אובלטים 500 גר,,,אובלטים 500 גר,גרמים,500.00,100 גרם,false,1,16.90,3.3800,true,1,1911
2075219,true,אייסקונפקט 500,,,אייסקונפקט 500,Unknown,0.00,Unknown,false,1,29.90,0.0000,true,1,1912
2075271,true,ריקולה שקית בטעם צמח,,,ריקולה שקית בטעם צמחים 70גרם,גרמים,70.00,100 גרם,false,1,12.90,18.4286,true,1,1913
2128410,true,נרות שבת אורה מספר 6,מנורה,IL,נרות שבת אורה מספר 6,יחידה,1.00,יחידה,false,1,3.90,3.9000,true,1,38136
2133551,true,לבנה 500 גר,,,לבנה 500 גר,Unknown,0.00,Unknown,false,1,19.90,0.0000,true,1,1916
2304210,true,קונפ לייט משמש 600 ג,,,קונפ לייט משמש 600 ג,Unknown,0.00,Unknown,false,1,24.90,0.0000,true,1,1918
2304227,true,קונפ לייט דובדבן/חמו,,,קונפ לייט דובדבן/חמו,Unknown,0.00,Unknown,false,1,24.90,0.0000,true,1,1919
2304234,true,קונפ לייט אוכמניות 6,,,קונפ לייט אוכמניות 6,Unknown,0.00,Unknown,false,1,24.90,0.0000,true,1,2542
2304241,true,קונפ לייט פרי יער 60,,,קונפ לייט פרי יער 60,Unknown,0.00,Unknown,false,1,24.90,0.0000,true,1,1920
2304616,true,"קונפיטורה ביתי ""ענבי",,,"קונפיטורה ביתי ""ענבי",גרמים,600.00,100 גרם,false,1,19.90,3.3167,true,1,1357
2304623,true,פירות יער תנובה,,,"קונפיטורה ביתי ""ענבי ציון"" פירות יער 600",גרמים,600.00,100 גרם,false,1,19.90,3.3167,true,1,8781
2304630,true,"קונפיטורה ביתי ""ענבי",,,"קונפיטורה ביתי ""ענבי",גרמים,600.00,100 גרם,false,1,19.90,3.3167,true,1,1358
2304654,true,קונפ שזיף 600 גרם,,,קונפ שזיף 600 גרם,Unknown,0.00,Unknown,false,1,19.90,0.0000,true,1,2543
2304661,true,"קונפיטורה ביתי ""ענבי",,,"קונפיטורה ביתי ""ענבי",גרמים,600.00,100 גרם,false,1,19.90,3.3167,true,1,1359
2304692,true,קונפ חמוציות דובדבן,,,קונפ חמוציות דובדבן 600 גרם,גרמים,600.00,100 גרם,false,1,19.90,3.3167,true,1,12969
2317166,true,מלפפון בחומץ 10-12 A,מוטולה,IL,מלפפון בחומץ 10-12 A2 מוטולה 320גרם,גרמים,320.00,100 גרם,false,1,9.90,3.0938,true,1,38110
2317326,true,זיתים מנזולינו 12-15,מוטולה,IL,זיתים מנזולינו 12-15 +20% A2 מוטולה 408,גרמים,408.00,100 גרם,false,1,8.90,2.1814,true,1,38113
2317357,true,פלפל חריף שיפקה מוטו,מוטולה,IL,פלפל חריף שיפקה מוטולה 275גרם צנצנת,גרמים,275.00,100 גרם,false,1,8.90,3.2364,true,1,38114
2317616,true,זיתים מרינט 17-19 A2,מוטולה,IL,זיתים מרינט 17-19 A2 מוטולה 340גרם,גרמים,340.00,100 גרם,false,1,10.90,3.2059,true,1,38109
2317753,true,זיתים טבעות ירוק מו,מוטולה,IL,זיתים טבעות ירוק מוטולה 300 גרם צנצנת,גרמים,300.00,100 גרם,false,1,9.90,3.3000,true,1,38111
2370161,true,גבינת צדר בשלה MATUR,,,ג צדר בשלה ויליפוד לקג MATURED ORANGE,קילוגרמים,1.00,"ק""ג",true,1,119.00,119.0000,true,1,17138
2603504,true,פיצת השף שגב עגבניות,,,פיצת השף שגב עגבניות,Unknown,0.00,Unknown,false,1,14.90,0.0000,true,1,7239
2814412,true,סנט מוריץ נוזל כלים,ארבה כימיקלים,TR,סנט מוריץ נוזל כלים לימון ליים 1.6 ליטר,ליטרים,1.60,ליטר,false,1,11.90,7.4375,true,1,36890
2814436,true,סנט מוריץ נוזל כלים,ארבה כימיקלים,TR,סנט מוריץ נוזל כלים לימון 1.6 ליטר 18%,ליטרים,1.60,ליטר,false,1,11.90,7.4375,true,1,36889
2814597,true,טורנדו נוזל לפתיחת ס,קומפלקס כימיקלים,IL,טורנדו נוזל לפתיחת סתימות 1 ליטר,ליטרים,1.00,ליטר,false,1,18.90,18.9000,true,1,4799
2909804,true,מרלוזה ללא עור-בלדי,"בלדי בע""מ",IL,מרלוזה ללא עור-בלדי,קילוגרמים,1.00,"ק""ג",true,,36.90,36.9000,true,1,17310
2929130,true,דנאבלו גבינה,מאמן מגירי,DK,דנאבלו גבינה,קילוגרמים,1.00,"ק""ג",true,,115.00,115.0000,true,1,7255
2971146,true,קמח פוקצה/פיצה,,,קמח פוקצה/פיצה,Unknown,0.00,Unknown,false,1,6.50,0.0000,true,1,1935
2971153,true,קמח לחלה לבן,מיוצר עי קונדיטוריית,IL,שטיבל 18 - קמח חלה 1 קג,Unknown,0.00,Unknown,false,1,6.50,0.0000,true,1,1936
3072804,true,פסטרמה של פעם 200גר,הנסיך- מפעל לייצור ט,IL,"טירת צבי, פסטרמה של פעם, 200 גרם, ללא גלוטן",Unknown,0.00,Unknown,false,1,26.90,0.0000,true,1,19683
3072811,true,נקניקיות בראטוורסט ל,הנסיך- מפעל לייצור ט,IL,"נקניקיות בראטוורסט לל""ג 320 גרם",גרמים,320.00,100 גרם,false,1,22.90,7.1562,true,1,19684
3072835,true,נקניקיות קנאקוורסט ל,הנסיך- מפעל לייצור ט,IL,נקניקיות קנאקוורסט 320 גרם,גרמים,320.00,100 גרם,false,1,22.90,7.1562,true,1,19685
3131426,true,תבלין ירושלמי,,,תבלין ירושלמי,קילוגרמים,1.00,"ק""ג",true,,74.00,74.0000,true,1,20043
3131570,true,תירס קלוי,,,תירס קלוי,קילוגרמים,1.00,"ק""ג",true,,59.00,59.0000,true,1,20044
3131662,true,שקד טחון,,,שקד טחון,קילוגרמים,1.00,"ק""ג",true,,100.00,100.0000,true,1,20045
3131778,true,טימין עלים,,,טימין עלים,קילוגרמים,1.00,"ק""ג",true,,100.00,100.0000,true,1,20046
3143337,true,סילאן לחיץ טבעי 350,"טעמי הגליל בע""מ",IL,קליית גת סילאן טבעי לחיץ 350 גרם,גרמים,350.00,100 גרם,false,1,16.90,4.8286,true,1,1436
3192502,true,חמוצים,,,חמוצים,קילוגרמים,1.00,"ק""ג",true,,59.00,59.0000,true,1,20047
3251858,true,שמפו לשיער רגיל 1 לי,,,שמפו לשיער רגיל 1 לי,Unknown,0.00,Unknown,false,1,17.90,0.0000,true,1,11160
3287314,true,קבב על מקל קינמון קצ,יוליניבר,IL,הקצביה קבב על מקל קינמון 520 גרם,גרמים,520.00,100 גרם,false,1,29.90,5.7500,true,1,7280
3976041,true,מרכך כביסה מרוכז 1 ל,אקופרנד,IL,מרכך כביסה מרוכז 1 ליטר פ. העמק אקופרנד,ליטרים,1.00,ליטר,false,1,20.90,20.9000,true,1,28333
3976096,true,אקופרנד-גל כביסה מרו,אקופרנד,IL,אקופרנד-גל כביסה מרוכז,ליטרים,1.00,ליטר,false,1,20.90,20.9000,true,1,22106
4199074,true,פלסטרים 50 יח,הדקלאים אגודת שיתופי,CN,סאני פלסטר 50 פלסטרים בגדלים שונים סטריליים,Unknown,0.00,Unknown,false,1,5.90,0.0000,true,1,2022
4343354,true,מספריים גרמניה לעור,,,מספריים אל חלד לעור,יחידה,1.00,יחידה,false,1,39.90,39.9000,true,1,32512
4861070,true,גבינה צפתית קשה קטנה,מחלבת המושבה,IL,גבינה צפתית קשה קטנה 24%,קילוגרמים,1.00,"ק""ג",true,,99.00,99.0000,true,1,8406
4861278,true,שמנת 30% טבעי המושבה,מחלבת המושבה,IL,שמנת 30% טבעי המושבה,קילוגרמים,1.00,"ק""ג",true,,49.00,49.0000,true,1,131325
4861445,true,מחלבת המושבה כדורי ל,מחלבת המושבה,IL,כדורי לבנה בשמן במשקל,קילוגרמים,1.00,"ק""ג",true,,109.00,109.0000,true,1,2042
4982355,true,צדר טריפל,,,צדר טריפל,קילוגרמים,1.00,"ק""ג",true,1,149.00,149.0000,true,1,8439
5079412,true,גבינת נועם אמנטל,,,גבינת נועם אמנטל,קילוגרמים,1.00,"ק""ג",true,,72.00,72.0000,true,1,131603
5505027,true,חטיף רביולי,,,חטיף רביולי,קילוגרמים,1.00,"ק""ג",true,,80.00,80.0000,true,1,20050
5505515,true,פיסטוק מקולף,,,פיסטוק מקולף,קילוגרמים,1.00,"ק""ג",true,,130.00,130.0000,true,1,20052
5505645,true,אורגנו,,,אורגנו,קילוגרמים,1.00,"ק""ג",true,,100.00,100.0000,true,1,20053
5589768,true,דגן פצפוצי אורז,,,דגן פצפוצי אורז,גרמים,130.00,100 גרם,false,1,6.90,5.3077,true,1,7417
5869631,true,קרם לחות רימונים,,,קרם לחות רימונים,Unknown,0.00,Unknown,false,1,50.10,0.0000,true,1,8417
6100009,true,בשר עגל טרי,,,בשר עגל טרי,קילוגרמים,1.00,"ק""ג",true,,49.90,49.9000,true,1,19409
6100016,true,צלי כתף אנגוס,,,צלי כתף אנגוס,קילוגרמים,1.00,"ק""ג",true,,74.90,74.9000,true,1,19410
6100047,true,בשר עגל לטחינה,,,בשר עגל לטחינה,קילוגרמים,1.00,"ק""ג",true,,39.90,39.9000,true,1,19411
6100061,true,אוסובוקו עגל,,,אוסובוקו עגל,קילוגרמים,1.00,"ק""ג",true,,44.90,44.9000,true,1,19412
6100078,true,אסאדו בלי עצם,,,אסאדו בלי עצם,קילוגרמים,1.00,"ק""ג",true,,59.90,59.9000,true,1,19413
6100085,true,אסאדו עם עצם,,,אסאדו עם עצם,קילוגרמים,1.00,"ק""ג",true,,49.90,49.9000,true,1,19414
6100092,true,אנטריקוט עם עצם,,,אנטריקוט עם עצם,קילוגרמים,1.00,"ק""ג",true,,129.90,129.9000,true,1,19415
6100108,true,נתח קצבים,,,נתח קצבים,קילוגרמים,1.00,"ק""ג",true,,89.90,89.9000,true,1,19416
6100115,true,פילה אנגוס,,,פילה אנגוס,קילוגרמים,1.00,"ק""ג",true,,179.90,179.9000,true,1,19417
6100139,true,סינטה עגלה,,,סינטה עגלה,קילוגרמים,1.00,"ק""ג",true,,119.90,119.9000,true,1,19418
6100146,true,אנטריקוט אנגוס,,,אנטריקוט אנגוס,קילוגרמים,1.00,"ק""ג",true,,209.90,209.9000,true,1,19419
6100153,true,אנטריקוט עגלה,,,אנטריקוט עגלה,קילוגרמים,1.00,"ק""ג",true,,149.90,149.9000,true,1,19420
6100160,true,אנטריקוט עגל,,,אנטריקוט עגל,קילוגרמים,1.00,"ק""ג",true,,119.90,119.9000,true,1,19421
6100177,true,זנב עגל,,,זנב עגל,קילוגרמים,1.00,"ק""ג",true,,24.90,24.9000,true,1,19422
6100184,true,כבד עגל,,,כבד עגל,קילוגרמים,1.00,"ק""ג",true,,14.90,14.9000,true,1,19423
6100214,true,אונטריב אנגוס,,,אונטריב אנגוס,קילוגרמים,1.00,"ק""ג",true,,79.90,79.9000,true,1,19426
6100221,true,שייטל אנגוס,,,שייטל אנגוס,קילוגרמים,1.00,"ק""ג",true,,74.90,74.9000,true,1,19427
6100238,true,פיקניה אנגוס,,,פיקניה אנגוס,קילוגרמים,1.00,"ק""ג",true,,109.90,109.9000,true,1,19428
6100245,true,ווסיו אנגוס,,,ווסיו אנגוס,קילוגרמים,1.00,"ק""ג",true,,119.90,119.9000,true,1,19429
6100290,true,שוק טלה,,,שוק טלה,קילוגרמים,1.00,"ק""ג",true,,64.90,64.9000,true,1,19432
6100306,true,כתף טלה עם עצם,,,כתף טלה עם עצם,קילוגרמים,1.00,"ק""ג",true,,74.90,74.9000,true,1,19433
6100313,true,צוואר טלה,,,צוואר טלה,קילוגרמים,1.00,"ק""ג",true,,69.90,69.9000,true,1,19434
6100320,true,בשר טלה בלי עצם,,,בשר טלה בלי עצם,קילוגרמים,1.00,"ק""ג",true,,99.90,99.9000,true,1,19435
6100337,true,צלעות טלה,,,צלעות טלה,קילוגרמים,1.00,"ק""ג",true,,129.90,129.9000,true,1,19436
6100344,true,פנים טלה,,,פנים טלה,לא מנהל יחידת מידה,0.00,לא מנהל יחידת מידה,false,1,34.90,0.0000,true,1,19437
6100368,true,שומן טלה,,,שומן טלה,קילוגרמים,1.00,"ק""ג",true,,109.90,109.9000,true,1,19438
6100405,true,מוח עגל קפוא,,,מוח עגל קפוא,קילוגרמים,1.00,"ק""ג",true,,79.90,79.9000,true,1,19439
6100429,true,שקדי עגל קפוא,,,שקדי עגל קפוא,קילוגרמים,1.00,"ק""ג",true,,129.90,129.9000,true,1,19440
6100450,true,מוח עצם קפוא,,,מוח עצם קפוא,קילוגרמים,1.00,"ק""ג",true,,19.90,19.9000,true,1,19441
6100467,true,רגל עגל קפוא,,,רגל עגל קפוא,קילוגרמים,1.00,"ק""ג",true,,9.90,9.9000,true,1,19442
6100481,true,בקר בורגר קפוא,,,בקר בורגר קפוא,קילוגרמים,1.00,"ק""ג",true,,44.90,44.9000,true,1,19443
6100498,true,מיקס בורגר קפוא,,,מיקס בורגר קפוא,קילוגרמים,1.00,"ק""ג",true,,44.90,44.9000,true,1,19444
6100504,true,מרגז מזרחי קפוא,,,מרגז מזרחי קפוא,קילוגרמים,1.00,"ק""ג",true,,29.90,29.9000,true,1,19445
6100511,true,צוריסו עגל קפוא,,,צוריסו עגל קפוא,קילוגרמים,1.00,"ק""ג",true,,29.90,29.9000,true,1,19446
6100528,true,קבב מזרחי קפוא,,,קבב מזרחי קפוא,קילוגרמים,1.00,"ק""ג",true,,54.90,54.9000,true,1,19447
6100535,true,שיפודי פרגית קפוא,,,שיפודי פרגית קפוא,קילוגרמים,1.00,"ק""ג",true,,45.90,45.9000,true,1,19448
6100559,true,צלעות טלה קפוא,,,צלעות טלה קפוא,קילוגרמים,1.00,"ק""ג",true,,129.90,129.9000,true,1,19449
6100566,true,שיפודי טלה קפוא,,,שיפודי טלה קפוא,קילוגרמים,1.00,"ק""ג",true,,109.90,109.9000,true,1,19450
6100573,true,כבד עוף,,,כבד עוף,קילוגרמים,1.00,"ק""ג",true,,9.90,9.9000,true,1,19451
6100580,true,לבבות עוף טרי,,,לבבות עוף טרי,קילוגרמים,1.00,"ק""ג",true,,44.90,44.9000,true,1,19452
6100627,true,נתחי עוף לטחינה,,,נתחי עוף לטחינה,קילוגרמים,1.00,"ק""ג",true,,14.90,14.9000,true,1,19455
6100634,true,כנפיים הודו,,,כנפיים הודו,קילוגרמים,1.00,"ק""ג",true,,9.90,9.9000,true,1,19456
6100658,true,זנב הודו,,,זנב הודו,קילוגרמים,1.00,"ק""ג",true,,4.90,4.9000,true,1,19458
6100689,true,שוקיים עוף,,,שוקיים עוף,קילוגרמים,1.00,"ק""ג",true,,22.90,22.9000,true,1,19459
6100696,true,שניצל עוף,,,שניצל עוף,קילוגרמים,1.00,"ק""ג",true,,29.90,29.9000,true,1,19460
6100702,true,שווארמה הודו,,,שווארמה הודו,קילוגרמים,1.00,"ק""ג",true,,64.90,64.9000,true,1,19461
6100726,true,פרגית עם עור,,,פרגית עם עור,קילוגרמים,1.00,"ק""ג",true,,31.90,31.9000,true,1,19463
6100733,true,חזה עוף שלם,,,חזה עוף שלם,קילוגרמים,1.00,"ק""ג",true,,24.90,24.9000,true,1,19464
6100740,true,כנפיים עוף מובחר,,,כנפיים עוף שלם,קילוגרמים,1.00,"ק""ג",true,,13.90,13.9000,true,1,19465
6100757,true,כרעיים עוף שלם,,,כרעיים עוף שלם,קילוגרמים,1.00,"ק""ג",true,,17.90,17.9000,true,1,19466
6100764,true,עוף שלם,,,עוף שלם,קילוגרמים,1.00,"ק""ג",true,,15.90,15.9000,true,1,19467
6100771,true,חזה הודו,,,חזה הודו,קילוגרמים,1.00,"ק""ג",true,,29.90,29.9000,true,1,19468
6100788,true,שוקיים הודו,,,שוקיים הודו,קילוגרמים,1.00,"ק""ג",true,,29.90,29.9000,true,1,19469
6100856,true,פרגית בלי עור,,,פרגית בלי עור,קילוגרמים,1.00,"ק""ג",true,,39.90,39.9000,true,1,19471
6100863,true,סטייק פרגית,,,סטייק פרגית,קילוגרמים,1.00,"ק""ג",true,,54.90,54.9000,true,1,19472
6100870,true,כנפיים עוף חצוי קפוא,,,כנפיים עוף חצוי קפוא,קילוגרמים,1.00,"ק""ג",true,,19.90,19.9000,true,1,19473
6100917,true,לשון עגל קפוא,,,לשון עגל קפוא,קילוגרמים,1.00,"ק""ג",true,,34.90,34.9000,true,1,19476
6100924,true,בשר לחי קפוא,,,בשר לחי קפוא,קילוגרמים,1.00,"ק""ג",true,,64.90,64.9000,true,1,19477
6100931,true,שיפודי לבבות עוף קפ,,,שיפודי לבבות עוף קפוא,קילוגרמים,1.00,"ק""ג",true,,49.90,49.9000,true,1,19478
6100986,true,סטייק פרגית קפוא,,,סטייק פרגית קפוא,קילוגרמים,1.00,"ק""ג",true,,54.90,54.9000,true,1,19481
6101099,true,טחול עגל ממולא קפוא,,,טחול עגל ממולא קפוא,קילוגרמים,1.00,"ק""ג",true,,34.90,34.9000,true,1,19485
6101112,true,פילה עוף,,,פילה עוף,קילוגרמים,1.00,"ק""ג",true,,29.90,29.9000,true,1,19486
6101136,true,שווארמה הודו פרוס,,,שווארמה הודו פרוס,קילוגרמים,1.00,"ק""ג",true,,69.90,69.9000,true,1,19488
6101143,true,גרון עוף,,,גרון עוף,קילוגרמים,1.00,"ק""ג",true,,3.90,3.9000,true,1,19489
6101198,true,חזה טלה עם עצם,,,חזה טלה עם עצם,קילוגרמים,1.00,"ק""ג",true,,39.90,39.9000,true,1,19491
6101273,true,כפתורי הודו,,,כפתורי הודו,קילוגרמים,1.00,"ק""ג",true,,29.90,29.9000,true,1,19495
6101280,true,נתחי הודו לטחינה,,,נתחי הודו לטחינה,קילוגרמים,1.00,"ק""ג",true,,12.90,12.9000,true,1,19496
6101549,true,שניצל עוף קפוא,,,שניצל עוף קפוא,קילוגרמים,1.00,"ק""ג",true,,29.90,29.9000,true,1,19502
6101570,true,פילה עגל,,,פילה עגל,קילוגרמים,1.00,"ק""ג",true,,139.90,139.9000,true,1,19504
6101587,true,חטיפי אסאדו בלי עצם,,,חטיפי אסאדו בלי עצם,קילוגרמים,1.00,"ק""ג",true,,129.90,129.9000,true,1,19505
6101617,true,חזה עוף חצוי,,,חזה עוף חצוי,קילוגרמים,1.00,"ק""ג",true,,27.90,27.9000,true,1,19508
6101631,true,ירך הודו עם עצם,,,ירך הודו עם עצם,קילוגרמים,1.00,"ק""ג",true,,44.90,44.9000,true,1,19509
6128317,true,שיפודי פרגית טרי,,,שיפודי פרגית טרי,קילוגרמים,1.00,"ק""ג",true,,49.90,49.9000,true,1,19512
6128423,true,אשכי טלה,,,אשכי טלה,קילוגרמים,1.00,"ק""ג",true,,39.90,39.9000,true,1,19514
6128447,true,כנפיים עוף חצוי,,,כנפיים עוף חצוי,קילוגרמים,1.00,"ק""ג",true,,19.90,19.9000,true,1,19515
6128461,true,בשר עגל קצוץ,,,בשר עגל קצוץ,קילוגרמים,1.00,"ק""ג",true,,69.90,69.9000,true,1,19516
6128478,true,כרעיים עוף מקולף,,,כרעיים עוף מקולף,קילוגרמים,1.00,"ק""ג",true,,27.90,27.9000,true,1,19517
6128485,true,כרעיים עוף חצוי,,,כרעיים עוף חצוי,קילוגרמים,1.00,"ק""ג",true,,22.90,22.9000,true,1,19518
6128492,true,קוביות פרגית,,,קוביות פרגית,קילוגרמים,1.00,"ק""ג",true,,43.90,43.9000,true,1,19519
6128553,true,עוף סיני,,,עוף סיני,קילוגרמים,1.00,"ק""ג",true,,24.90,24.9000,true,1,19522
6128560,true,צוואר כבש,,,צוואר כבש,קילוגרמים,1.00,"ק""ג",true,,44.90,44.9000,true,1,19523
6128577,true,כתף כבש,,,כתף כבש,קילוגרמים,1.00,"ק""ג",true,,49.90,49.9000,true,1,19524
6128584,true,שוק כבש,,,שוק כבש,קילוגרמים,1.00,"ק""ג",true,,49.90,49.9000,true,1,19525
6128607,true,מינוט סטייק,,,מינוט סטייק,קילוגרמים,1.00,"ק""ג",true,,129.90,129.9000,true,1,19527
6128614,true,שניצל הודו,,,שניצל הודו,קילוגרמים,1.00,"ק""ג",true,,34.90,34.9000,true,1,19528
6128645,true,כנפיים עוף חצוי מתוב,,,כנפיים עוף חצוי מתובל,קילוגרמים,1.00,"ק""ג",true,,19.90,19.9000,true,1,19529
6128652,true,קוביות פרגית מתובל,,,קוביות פרגית מתובל,קילוגרמים,1.00,"ק""ג",true,,49.90,49.9000,true,1,19530
6128713,true,מיני בקר בורגר קפוא,,,מיני בקר בורגר קפוא,קילוגרמים,1.00,"ק""ג",true,,44.90,44.9000,true,1,19532
6128720,true,מיני מיקס בורגר קפוא,,,מיני מיקס בורגר קפוא,קילוגרמים,1.00,"ק""ג",true,,44.90,44.9000,true,1,19533
6129116,true,בריסקט אנגוס,,,בריסקט אנגוס,קילוגרמים,1.00,"ק""ג",true,,49.90,49.9000,true,1,19540
6129123,true,שפיץ שייטל אנגוס,,,שפיץ שייטל אנגוס,קילוגרמים,1.00,"ק""ג",true,,69.90,69.9000,true,1,19541
6129987,true,פלאנק אנגוס,,,פלאנק אנגוס,קילוגרמים,1.00,"ק""ג",true,,89.90,89.9000,true,1,19544
6130020,true,שיפודי פרגית מתובל ט,,,שיפודי פרגית מתובל טרי,קילוגרמים,1.00,"ק""ג",true,,45.90,45.9000,true,1,19545
6130174,true,אוסבוק טלה שלם,,,אוסבוק טלה שלם,קילוגרמים,1.00,"ק""ג",true,,69.90,69.9000,true,1,19553
6130358,true,סינטה אנגוס,,,סינטה אנגוס,קילוגרמים,1.00,"ק""ג",true,,159.90,159.9000,true,1,19556
6130365,true,חזה טלה בלי עצם,,,חזה טלה בלי עצם,קילוגרמים,1.00,"ק""ג",true,,49.90,49.9000,true,1,19557
6130389,true,סנדוויץ אנטריקוט קפו,,,סנדוויץ אנטריקוט קפוא,קילוגרמים,1.00,"ק""ג",true,,69.90,69.9000,true,1,28628
6130457,true,קוביות פילה,,,קוביות פילה,קילוגרמים,1.00,"ק""ג",true,,89.90,89.9000,true,1,19561
6130488,true,המבורגר אמריקאי קפוא,,,המבורגר אמריקאי קפוא,קילוגרמים,1.00,"ק""ג",true,,44.90,44.9000,true,1,19563
6130495,true,מיני המבורגר אמריקאי,,,מיני המבורגר אמריקאי קפוא,קילוגרמים,1.00,"ק""ג",true,,44.90,44.9000,true,1,19564
6130501,true,ספיידר סטייק,,,ספיידר סטייק,קילוגרמים,1.00,"ק""ג",true,,99.90,99.9000,true,1,19565
6130570,true,ניו יורק אנגוס,,,ניו יורק אנגוס,קילוגרמים,1.00,"ק""ג",true,,109.90,109.9000,true,1,19568
6130624,true,קבב אנגוס קפוא,,,קבב אנגוס קפוא,קילוגרמים,1.00,"ק""ג",true,,54.90,54.9000,true,1,20254
6130655,true,קבב רומני אצבעות קפו,,,קבב רומני אצבעות קפוא,קילוגרמים,1.00,"ק""ג",true,,49.90,49.9000,true,1,20361
6130723,true,מס 6 אנגוס,,,מס 6 אנגוס,קילוגרמים,1.00,"ק""ג",true,,49.90,49.9000,true,1,23412
6130754,true,נקניקית בורוורס קפוא,,,נקניקית בורוורס קפוא,קילוגרמים,1.00,"ק""ג",true,,29.90,29.9000,true,1,25829
6130761,true,שווארמה הודו מתובל,,,שווארמה הודו מתובל,קילוגרמים,1.00,"ק""ג",true,,74.90,74.9000,true,1,25872
6130778,true,שווארמה עגל מתובל,,,שווארמה עגל מתובל,קילוגרמים,1.00,"ק""ג",true,,69.90,69.9000,true,1,25873
6130853,true,מכסה אנטריקוט,,,מכסה אנטריקוט,קילוגרמים,1.00,"ק""ג",true,,49.90,49.9000,true,1,26787
6130891,true,שניצל ידני עבה,,,שניצל ידני עבה,קילוגרמים,1.00,"ק""ג",true,,34.90,34.9000,true,1,27161
6132086,true,סילבר סטייק,,,סילבר סטייק,קילוגרמים,1.00,"ק""ג",true,,69.90,69.9000,true,1,26578
6256775,true,יין גאטו נגרו מלבק 7,פינקל פודס,AR,יין גאטו נגרו מלבק 750 מל,מיליליטרים,750.00,"100 מ""ל",false,1,36.90,4.9200,true,1,27284
6784322,true,תרסיס לניקוי נירוסטה,קומפלקס כימיקלים,IL,תרסיס לניקוי נירוסטה 400 מל,מיליליטרים,400.00,"100 מ""ל",false,1,18.90,4.7250,true,1,36896
6809025,true,בקבוק שמן זית כתית מ,עץ השדה,IL,בקבוק שמן זית כתית מעולה בלנד ישראלי 750,Unknown,0.00,Unknown,false,1,49.00,0.0000,true,1,19215
6809032,true,בקבוק שמן זית כתית מ,עץ השדה,IL,בקבוק שמן זית כתית מעולה פיקואל 750 מל,Unknown,0.00,Unknown,false,1,49.00,0.0000,true,1,19216
6809049,true,בקבוק שמן זית כתית מ,עץ השדה,IL,בקבוק שמן זית כתית מעולה ארבקינה750 מל,Unknown,0.00,Unknown,false,1,49.00,0.0000,true,1,19217
6809063,true,בקבוק שמן זית כתית מ,עץ השדה,IL,בקבוק שמן זית כתית מעולה קורונייקי 750 מ,Unknown,0.00,Unknown,false,1,49.00,0.0000,true,1,19218
6809087,true,בקבוק שמן זית כתית מ,עץ השדה,IL,בקבוק שמן זית כתית מעולה סורי 750 מל,Unknown,0.00,Unknown,false,1,49.00,0.0000,true,1,19219
6809094,true,בקבוק שמן זית כתית מ,עץ השדה,IL,בקבוק שמן זית כתית מעולה קורטינה 750 מל,Unknown,0.00,Unknown,false,1,49.00,0.0000,true,1,19220
6809155,true,פח 2 ליטר מעוצב קורו,עץ השדה,IL,פח 2 ליטר מעוצב קורונייקי,לא מנהל יחידת מידה,0.00,לא מנהל יחידת מידה,false,1,100.00,0.0000,true,1,19221
6809162,true,פח 2 ליטר מעוצב ארבק,עץ השדה,IL,פח 2 ליטר מעוצב ארבקינה,יחידה,1.00,יחידה,false,1,100.00,100.0000,true,1,19222
6809179,true,פח 2 ליטר מעוצב פיקו,עץ השדה,IL,פח 2 ליטר מעוצב פיקואל,לא מנהל יחידת מידה,0.00,לא מנהל יחידת מידה,false,1,100.00,0.0000,true,1,19223
6809186,true,פח 2 ליטר מעוצב בלנד,עץ השדה,IL,פח 2 ליטר מעוצב בלנד ישראלי,לא מנהל יחידת מידה,0.00,לא מנהל יחידת מידה,false,1,100.00,0.0000,true,1,19224
6809209,true,פח 2 ליטר מעוצב קורט,עץ השדה,IL,פח 2 ליטר מעוצב קורטינה,לא מנהל יחידת מידה,0.00,לא מנהל יחידת מידה,false,1,100.00,0.0000,true,1,19225
6809223,true,פח 2 ליטר מעוצב סורי,עץ השדה,IL,פח 2 ליטר מעוצב סורי,לא מנהל יחידת מידה,0.00,לא מנהל יחידת מידה,false,1,100.00,0.0000,true,1,19227
6809612,true,ממרח ארטישוק 230,דודה ברטה,IL,ממרח ארטישוק 230,גרמים,230.00,100 גרם,false,1,25.00,10.8696,true,1,19230
6809629,true,ממרח אריסה 230,דודה ברטה,IL,ממרח אריסה 230,גרמים,230.00,100 גרם,false,1,25.00,10.8696,true,1,19231
6809636,true,ממרח טפנד זיתים 230,דודה ברטה,IL,ממרח טפנד זיתים 230,גרמים,230.00,100 גרם,false,1,25.00,10.8696,true,1,19232
6809643,true,ממרח זיתים ירוקים 23,דודה ברטה,IL,ממרח זיתים ירוקים 230גרם,גרמים,230.00,100 גרם,false,1,25.00,10.8696,true,1,19234
6809650,true,ממרח עגבניות מיובשות,דודה ברטה,IL,ממרח עגבניות מיובשות 230,גרמים,230.00,100 גרם,false,1,25.00,10.8696,true,1,19233
6809667,true,ממרח פלפלים קלויים,דודה ברטה,IL,ממרח פלפלים קלויים 230,גרמים,230.00,100 גרם,false,1,25.00,10.8696,true,1,19235
6809674,true,ממרח פסטו בזיליקום 2,דודה ברטה,IL,ממרח פסטו בזיליקום 230,גרמים,230.00,100 גרם,false,1,25.00,10.8696,true,1,19236
6809681,true,צימיצורי 230,דודה ברטה,IL,צימיצורי 230,גרמים,230.00,100 גרם,false,1,25.00,10.8696,true,1,19237
6809698,true,ממרח לימון כבוש 230,דודה ברטה,IL,ממרח לימון כבוש 230,גרמים,230.00,100 גרם,false,1,25.00,10.8696,true,1,19238
6809728,true,ממרח סחוג מסורתי 2,דודה ברטה,IL,ממרח סחוג מסורתי 230,גרמים,230.00,100 גרם,false,1,25.00,10.8696,true,1,19240
6809735,true,ממרח חציל קלוי 230,דודה ברטה,IL,ממרח חציל קלוי 230,גרמים,230.00,100 גרם,false,1,25.00,10.8696,true,1,19241
6899088,true,תה סרמוני ירוק נענע,,IL,תה סרמוני ירוק נענע מרוקאית 20 שקיקים,יחידה,1.00,יחידה,false,1,19.90,19.9000,true,1,35941
8403191,true,"גבינת קשקבל בשלה לק""",,,"גבינת קשקבל בשלה לק""ג",קילוגרמים,1.00,"ק""ג",true,,119.00,119.0000,true,1,8187
8403238,true,ברי איסיני לקגג,,,ברי איסיני לקגג,קילוגרמים,1.00,"ק""ג",true,1,149.00,149.0000,true,1,4326
8403443,true,גבינת קברה עיזים,סאן ויסנטה,ES,גבינת קברה עיזים,קילוגרמים,1.00,"ק""ג",true,,169.00,169.0000,true,1,137977
8403450,true,גבינת מנצגו בשלה,סאן ויסנטה,ES,גבינת מנצגו בשלה,קילוגרמים,1.00,"ק""ג",true,,199.00,199.0000,true,1,8193
8425186,true,זיתים אורגניים סורי4,,,זיתים אורגניים סורי4,Unknown,0.00,Unknown,false,1,21.90,0.0000,true,1,1642
8425193,true,זיתים נאבלי,,,זיתים נאבלי,גרמים,400.00,100 גרם,false,1,21.90,5.4750,true,1,139088
8425209,true,זיתים אורגניים פיקוא,,,זיתים אורגניים פיקוא,Unknown,0.00,Unknown,false,1,21.90,0.0000,true,1,1643
8804455,true,יין ס.א רוזה,אגודת הכורמים הקואופ,IL,כרמל הסדרה האזורית רוזה יין יבש 2016 750 מל,לא מנהל יחידת מידה,0.00,לא מנהל יחידת מידה,false,1,59.90,0.0000,true,1,17055
8900157,true,חמציץ,חקלאי,IL,חמציץ,לא מנהל יחידת מידה,0.00,לא מנהל יחידת מידה,false,1,9.90,0.0000,true,1,21446
10163069,false,צנובר 100 גר,"דין שיווק וקליה בע""מ",,צנובר 100 גר,גרמים,150.00,100 גרם,false,1,24.90,16.6000,false,1,33631
32147230,false,לימונית - מיץ לימון משומר,ג'נרל מילס סאן אדריא,CH,סיצילה מיץ לימון משומר לימונית 200 מל,מיליליטרים,200.00,"100 מ""ל",false,1,8.50,4.2500,true,1,123309
40084107,false,ביצת שוקולד הפתעה קינדר,קריות זול,IT,ביצת הפתעה - עשיר בחלב,גרמים,20.00,100 גרם,false,1,6.00,30.0000,true,1,121607
40084725,false,קנדר מילק סלייס עוגת,פררו טורקיה צ'יקולטה,TR,קנדר מילק סלייס עוגת ספוג במילוי קרם65%,גרמים,30.00,100 גרם,false,1,4.50,15.0000,true,1,30551
40099606,false,אורביט ספירמינט סטיק,ריגלי צרפת,FR,מסטיק אורביט ספרמינט סטיקס בודד,לא מנהל יחידת מידה,0.00,לא מנהל יחידת מידה,false,1,2.90,0.0000,true,1,9022
40099705,false,"מסטיק אורביט מנטה לל""ס 5יח'",ריגלי צרפת,FR,מסטיק אורביט פפרמינט סטיקס בודד,לא מנהל יחידת מידה,0.00,לא מנהל יחידת מידה,false,1,2.90,0.0000,true,1,9023
40111216,false,באונטי חטיף קוקוס ושוקולד 57ג',"נארז ע""י : א.ג. גילר",NL,חטיף שוקולד באונטי 57 גרם,גרמים,57.00,100 גרם,false,1,4.90,8.5965,true,1,120484
40144016,false,סוכריות וורטר גליל 50 ג',קריניציה ויטמינה אס,DE,וורטר 24 גליל'(ב-(3,גרמים,50.00,100 גרם,false,1,4.90,9.8000,true,1,121503
41001356,false,בירה בקס פחית 500 מל,יבואן ומשווק: ש. שסט,DE,בירה בק'ס בפחית 500 מל,מיליליטרים,500.00,"100 מ""ל",false,1,11.90,2.3800,true,1,287
42061939,false,בירה בקס בקבוק 500 מ,"איי, בי, אינבוו",DE,בירה בקס 500 מל,מיליליטרים,500.00,"100 מ""ל",false,1,8.90,1.7800,true,1,610
42113263,false,מסטיק אורביט סטיקס ת,ריגלי צרפת,FR,מסטיק אורביט תות סטיקס בודד,לא מנהל יחידת מידה,0.00,לא מנהל יחידת מידה,false,1,2.90,0.0000,true,1,9024
42134978,false,סרגל מרציפן סנטה 100,Erasmi & Carstens Gm,DE,סרגל מרציפן סנטה 100גרם ERASMI CAESTENS,גרמים,100.00,100 גרם,false,1,11.90,11.9000,true,1,11988
42138105,false,סיגריות וינסטון סופר סלימס כחול,גיי טי אינטרנשיונל,,סיגריות וינסטון סלימס כחול חפיסה בודד,לא מנהל יחידת מידה,0.00,לא מנהל יחידת מידה,false,1,34.30,0.0000,false,1,123656
42149996,false,בירה בקס בקבוק 275 מ,"איי, בי, אינבוו",DE,בירה בקס 275 מל,מיליליטרים,275.00,"100 מ""ל",false,1,8.90,3.2364,true,1,127575
42154662,false,אורביט ספרמינט מעטפה,ריגלי צרפת,FR,מסטיק אורביט באריזת מעטפה ספירמינט,לא מנהל יחידת מידה,0.00,לא מנהל יחידת מידה,false,1,7.90,0.0000,true,1,123062
42182115,false,מסטיק פייב ספירמינט 12 סטיקס,ריגלי צרפת,FR,מסטיק פייב ספירמינט סטיקס,Unknown,0.00,Unknown,false,1,7.50,0.0000,true,1,123945
42188889,false,מסטיק פייב אבטיח 12 סטיקס,ריגלי צרפת,FR,מסטיק פייב אבטיח סטיקס,גרמים,31.00,100 גרם,false,1,7.50,24.1935,true,1,124393
54051140,false,מעדן סויה טעם וניל אלפרו רביעיה * 125 ג',הנסיך- מפעל לייצור ט,BE,מעדן סויה וניל אלפרו רביעייה 500 גרם,גרמים,500.00,100 גרם,false,1,17.90,3.5800,true,1,122984
54051157,false,מעדן סויה טעם שוקו אלפרו רביעיה 125 ג',קריות זול,BE,מעדן סויה שוקו אלפרו רביעייה 500 גרם,גרמים,500.00,100 גרם,false,1,17.90,3.5800,true,1,122985
59039549,false,סיגריות ווג פריזון מ,Unknown,,סיגריות ווג פריזון מנטול חפיסה בודד,Unknown,0.00,Unknown,false,1,40.00,0.0000,false,1,124417
59455233,false,סיגריות ווג ליידי כח,Unknown,,סיגריות ווג ליידי כחול חפיסה בודד,לא מנהל יחידת מידה,0.00,לא מנהל יחידת מידה,false,1,40.00,0.0000,false,1,124657
72917367,false,טעמי חטיף במילוי קרם נוגט וקרמל,"שטראוס גרופ בע""מ",IL,טעמי 40 גרם,גרמים,40.00,100 גרם,false,1,4.50,11.2500,true,1,121187
72940754,false,מעדן מילקי בטעם וניל עם קצפת,"שטראוס גרופ בע""מ",IL,מילקי בטעם וניל,גרמים,133.00,100 גרם,false,1,3.00,2.2556,true,1,121193
72940761,false,מעדן מילקי בטעם שוקולד עם קצפת,מיוצר עי קונדיטוריית,IL,מילקי בטעם שוקולד,גרמים,133.00,100 גרם,false,1,3.00,2.2556,true,1,121194
72940952,false,מעדן מילקי בטעם שוקולד עם אקסטרה קצפת,"שטראוס גרופ בע""מ",IL,מילקי אקסטרה קצפת,גרמים,107.00,100 גרם,false,1,3.90,3.6449,true,1,121195
72941041,false,מעדן מילקי מיני בטעם שוקולד עם קצפת,"שטראוס גרופ בע""מ",IL,מילקי מיני שוקולד,מיליליטרים,90.00,"100 מ""ל",false,1,2.20,2.4444,true,1,121196
72945308,false,קוביות שמרים לאפיה שמרית 2*25 ג',"פאקא תעשיות בע""מ",IL,שמרית שמרים טריים לאפייה 50 גרם,גרמים,50.00,100 גרם,false,1,4.50,9.0000,true,1,121197
72961247,false,**גיל גביע 3% 125מל,תנובה,,"גיל 3% 125 מ""ל",מיליליטרים,125.00,"100 מ""ל",false,1,0.95,0.7600,true,1,31326
72961506,false,יוגורט עם תות 1.5% שומן 125 ג' פרילי,מיוצר עי קונדיטוריית,IL,פרילי תות בגביע 125 גרם,מיליליטרים,125.00,"100 מ""ל",false,1,3.70,2.9600,true,1,121200
72961520,false,יוגורט עם אננס 1.5% שומן 125 ג' פרילי,מיוצר עי קונדיטוריית,IL,פרילי אננס בגביע 125 גרם,מיליליטרים,125.00,"100 מ""ל",false,1,3.70,2.9600,true,1,121201
72961544,false,באדי יוגורט בטעם תות שדה 3%,מחלבת אלון תבור,IL,באדי תות 125 גרם,גרמים,125.00,100 גרם,false,1,3.40,2.7200,true,1,121202
72963753,false,שמנת אורגינל של פעם 27% שומן 200 ג' תנובה,תנובה מרכז שיתופי לש,IL,תנובה שמנת של פעם אורגינל 27% שומן,מיליליטרים,200.00,"100 מ""ל",false,1,4.50,2.2500,true,1,121204
72964132,false,פרילי טבע עם גרנולה 1.5% 200מל,מיוצר עי קונדיטוריית,IL,טבעגורט יוגורט עם גרנולה 200 גרם,גרמים,200.00,100 גרם,false,1,5.20,2.6000,true,1,121206
72964422,false,תנובה יוגורט פרחים 4.5% 200מל,מחלבת תנובה,IL,תנובה יוגורט 4.5% שומן 200 מל,גרמים,200.00,100 גרם,false,1,2.90,1.4500,true,1,121207
72986233,false,מעדן וניל 2% שומן 125 ג' באדי,מחלבת אלון תבור,IL,באדי מעדן וניל גביע 125גרם 2% בדצ,מיליליטרים,125.00,"100 מ""ל",false,1,3.40,2.7200,true,1,121977
72986240,false,מעדן שוקו 2% שומן 125 ג' באדי,מחלבת אלון תבור,IL,"באדי שוקו 125 מל מהדרין בד""צ",מיליליטרים,125.00,"100 מ""ל",false,1,3.40,2.7200,true,1,121590
72986370,false,"גלידת בן & ג'ריס פיינטים וניל 500מ""ל",מוצרי איכות אמריקאים,IL,פיינט וניל FT,מיליליטרים,500.00,"100 מ""ל",false,1,23.90,4.7800,true,1,121210
72986424,false,"גלידת בן & ג'ריס פיינטים קרם עוגיות 500מ""ל",מוצרי איכות אמריקאיי,IL,"פיינט קרם עוגיות בד""ץ",מיליליטרים,500.00,"100 מ""ל",false,1,23.90,4.7800,true,1,121211
72986448,false,"גלידת בן & ג'ריס פיינטים טופי קראנץ 500מ""ל",מוצרי איכות אמריקאיי,IL,גלידת וניל עם חתיכות טופי מצופות שוקולד,מיליליטרים,500.00,"100 מ""ל",false,1,23.90,4.7800,true,1,121212
72986455,false,"ניו יורק סופר גלידת שוקולד, חתיכות פאדג' ואגוזים",מוצרי איכות אמריקאיי,IL,פיינט ניו-יורק סופר FT,מיליליטרים,500.00,"100 מ""ל",false,1,23.90,4.7800,true,1,121213
72986479,false,"צ'אנקי מנקי גלידת וניל, בננות, חתיכות פאדג' ואגוזים",מוצרי איכות אמריקאיי,IL,פיינט צאנקי מנקי FT,מיליליטרים,500.00,"100 מ""ל",false,1,23.90,4.7800,true,1,121214
72989425,false,"גלידת בן & ג'ריס פיינטים שוקולד בראוניז 500מ""ל",מוצרי איכות אמריקאיי,IL,"גלידה שוקולד בראוניס 500 מ""ל",מיליליטרים,500.00,"100 מ""ל",false,1,23.90,4.7800,true,1,122087
72991008,false,פסק זמן חלב מגדים 45גרם,"שטראוס גרופ בע""מ",IL,פז קלסיק מגדים45 גרם,גרמים,45.00,100 גרם,false,1,5.90,13.1111,true,1,17557
72991374,false,סיגריות טיים רד חפיס,דובק,,סיגריות טיים רד חפיסה בודד,Unknown,0.00,Unknown,false,1,30.60,0.0000,false,1,120203
72991497,false,נובלס ורג'יניה פילטר,קריות זול,,סיגריות נובלס פילטר חפיסה בודד,יחידה,0.00,יחידה,false,1,30.60,0.0000,false,1,120217
72991886,false,"גלידת דולצ'ה בטעם ריבת חלב עם פאדג' בן וג'ירי 500 מ""ל",מוצרי איכות אמריקאיי,IL,פיינט דולצ'ה דה לצ'ה,מיליליטרים,500.00,"100 מ""ל",false,1,23.90,4.7800,true,1,121215
72993637,false,מעדן חלב בטעם שוקולד 125 ג' דני,מחלבת אחיהוד,IL,דני שוקולד,גרמים,125.00,100 גרם,false,1,2.90,2.3200,true,1,123213
72994061,false,חטיף פסק זמן Z Good ופל מגולגל,שולן צ'יקולטה גידה ס,TR,פסק זמן 2GOOD,גרמים,36.00,100 גרם,false,1,5.90,16.3889,true,1,124318
76136184,false,סיגריות פאל מאל סלים כחול,Unknown,,סיגריות פאל מל סלימס כחול חפיסה בודד,לא מנהל יחידת מידה,0.00,לא מנהל יחידת מידה,false,1,31.40,0.0000,false,1,123021
76136191,false,סיגריות פאל מל סלימס,BAT,,סיגריות פאל מל סלימס כתום חפיסה בודד,לא מנהל יחידת מידה,0.00,לא מנהל יחידת מידה,false,1,30.00,0.0000,false,1,19
80001027,false,חטיף קוקוס לואקר 38 גר',"כד בני דרום בע""מ",IT,וופל בציפוי שוקולד חלב וממלוא בקרם אגוזים,גרמים,21.00,100 גרם,false,1,4.60,21.9048,true,1,121605
80001072,false,לואקר שוקולד חלב 50,לואקר,IT,לואקר שוקולד חלב 50,גרמים,50.00,100 גרם,false,1,5.90,11.8000,true,1,4885
80001089,false,לואקר שוקולד מריר 50,לואקר,IT,לואקר שוקולד מריר 50,גרמים,50.00,100 גרם,false,1,5.90,11.8000,true,1,4886
80001287,false,וופל חטיף לואקר אגוז 38 גר',לואקר Loacker,AT,חטיף גרדנה אגוז 38 גרם,גרמים,38.00,100 גרם,false,1,4.90,12.8947,true,1,121264
80001461,false,לואקר חטיף שוקולד 38 גר',"א. לואקר קונפקט בע""מ",AT,חטיף גרדנה שוקולד 38 גרם,גרמים,38.00,100 גרם,false,1,4.50,11.8421,true,1,122995
80001485,false,גרדנה קוקוס 38 גר'25X יח',קריניציה ויטמינה אס,IT,לואקר גרדנה קוקוס,גרמים,38.00,100 גרם,false,1,4.50,11.8421,true,1,2953
80001799,false,לואקר טורטינה שוקולד לבן,"כד בני דרום בע""מ",IT,וופל בציפוי שוקולד חלב וממלוא בקרם אגוזים,גרמים,21.00,100 גרם,false,1,4.50,21.4286,true,1,127271
80042556,false,עגבניות מרוסקות מוטי,"איי, בי, אינבוו",IT,עגבניות מרוסקות POLPA MUTTI,גרמים,400.00,100 גרם,false,1,6.90,1.7250,true,1,21708
80042563,false,רסק עגבניות 700 ג' (צהוב) MUTTI,"איי, בי, אינבוו",IT,רסק עגבניות 700 גרם (צהוב) MUTTI,גרמים,700.00,100 גרם,false,1,11.90,1.7000,true,1,128525
80043638,true,כורכום טחון אורגני 4,בנומנולי,IT,סנומאלה כורכום טחון אורגני 47 גרם,גרמים,47.00,100 גרם,false,1,14.90,31.7021,true,1,137686
80043645,true,קארי טחון אורגני,בנומנולי,IT,סנומאלה קארי טחון אורגני 52 גרם,גרמים,32.00,100 גרם,false,1,14.90,46.5625,true,1,137687
80043775,true,צלי טחון אורגני,האי נאם סי או אל.טי.,IT,סנומאלה צ'ילי טחון אורגני 50 גרם,גרמים,50.00,100 גרם,false,1,14.90,29.8000,true,1,137688
80043874,true,פלפל שחור במטחנה,בונומלי,IT,פלפל שחור אורגני במטחנה 28 גרם,גרמים,32.00,100 גרם,false,1,14.90,46.5625,true,1,137689
80044062,true,ציפורן אורגני,בנומנולי,IT,סנומאלה ציפורן אורגני 32 גרם,גרמים,32.00,100 גרם,false,1,14.90,46.5625,true,1,137690
80044079,true,קינמון טחון אורגני,בנומנולי,IT,סנומאלה קינמון טחון אורגני 42 גרם,גרמים,42.00,100 גרם,false,1,14.90,35.4762,true,1,137691
80050025,false,סוכריות תפוז 16 ג' טיק טק,קריות זול,ZA,דחוסות בטעם תפוז,גרמים,16.00,100 גרם,false,1,4.50,28.1250,true,1,121284
80050124,false,סוכריות מנטה 16 ג' טיק טק,קריות זול,ZA,טיק טק מנטה,גרמים,16.00,100 גרם,false,1,4.50,28.1250,true,1,121285
80050278,false,פררו רושר חטיף כדורים שלישיה 40ג',קריות זול,IT,פררו רושה שלישייה,גרמים,38.00,100 גרם,false,1,6.50,17.1053,true,1,121680
80052487,false,חטיף רפאלו שלישייה,פררו,PL,רפאלו 30 גרי שלישייה,גרמים,30.00,100 גרם,false,1,4.50,15.0000,true,1,124380
80052760,false,קינדר בואנו Kinder Bueno עם חלב ואגוזי לוז,קריות זול,PL,קינדר בואנו,גרמים,43.00,100 גרם,false,1,5.00,11.6279,true,1,121287
80083665,false,עוגיות שוקולד ציפס א,תות תעשיות מזון (201,IT,עוגיות אורגניות עם שוקולד צ'יפס 250 גרם,גרמים,350.00,100 גרם,false,1,16.90,4.8286,true,1,27507
80083764,false,עוגיות דגנים שיבולת,תות תעשיות מזון (201,IT,עוגיות דגנים אורגניות עם שיבולת שועל 250 גרם,גרמים,350.00,100 גרם,false,1,16.90,4.8286,true,1,27508
80136194,false,חטיפי הפי היפו Happy Hippo במילוי קרם חלבי ואגוזי לוז,קינדר Kinder,DE,"הפי היפו קקאו, וופל במילוי קרם חלבי וקרם אגוזי לוז",לא מנהל יחידת מידה,0.21,לא מנהל יחידת מידה,false,1,14.90,70.9524,true,1,11948
80176800,false,"ממרח שוקולד נוטלה, 750 גר",פררו תעשיות איטליה ס,IT,ממרח שוקולד נוטלה 750 גרם,גרמים,750.00,100 גרם,false,1,27.90,3.7200,true,1,121289
80177173,false,ממרח אגוזי לוז עם קקאו,נוטלה Nutella,IT,ממרח שוקולד נוטלה אגוזים 350 גרם,גרמים,350.00,100 גרם,false,1,15.90,4.5429,true,1,121290
80177180,false,שוקולד קינדר קאונטרי 23.5 גר',קריות זול,IT,שוקולד קינדר קאנטרי 23.5 גרם,גרמים,24.00,100 גרם,false,1,3.50,14.5833,true,1,122086
80177609,false,אצבעות שוקולד קינדר Kinder ארבע יחידות,קריות זול,IT,שוקולד חלב עם תכולת חלב גבוהה במילוי קרם חלבי,גרמים,50.00,100 גרם,false,1,5.90,11.8000,true,1,121291
80177616,false,אצבעות שוקולד קינדר Kinder שמונה יחידות,קריות זול,IT,שוקולד חלב עם תכולת חלב גבוהה במילוי קרם חלבי,גרמים,100.00,100 גרם,false,1,9.50,9.5000,true,1,121292
80273561,false,פלפל שחור במטחנה 45,דרוגריה ואלימנטרי אס,IT,פלפל שחור במטחנה 45 גרם,גרמים,45.00,100 גרם,false,1,12.90,28.6667,true,1,121302
80273592,false,פלפל ארבע עונות במטחנה,דרוגריה ואלימנטרי אס,IT,פלפל 4 העונות במטחנה 35 גרם,גרמים,35.00,100 גרם,false,1,12.90,36.8571,true,1,121303
80273639,false,מלח ים במטחנה 90 גרם,דרוגריה ואלימנטרי אס,IT,מלח ים במטחנה 90 גרם,גרמים,90.00,100 גרם,false,1,12.90,14.3333,true,1,121304
80273660,false,שום במטחנה 50 גרם,דרוגריה ואלימנטרי אס,IT,שום במטחנה 50 גרם,גרמים,50.00,100 גרם,false,1,12.90,25.8000,true,1,121305
80273677,false,צ'ילי במטחנה 20 גרם,דרוגריה ואלימנטרי אס,IT,"צ""ילי במטחנה 20 גרם",גרמים,20.00,100 גרם,false,1,12.90,64.5000,true,1,121306
80273684,false,תערובת עשבי פרובנס ב,דרוגריה ואלימנטרי אס,IT,תערובת עשבי פרובנס במטחנה20 גר,גרמים,45.00,100 גרם,false,1,14.90,33.1111,true,1,121307
80310891,false,ביצת הפתעה קינדר ג'וי כתום,קריות זול,ZA,"ביצת קינדר ג""וי 20 גרם",גרמים,20.00,100 גרם,false,1,6.00,30.0000,true,1,38050
80473206,true,פפריקה מתוקה קנהמלה,קנהמלה,IT,פפריקה מתוקה אורגנית,גרמים,50.00,100 גרם,false,1,14.90,29.8000,true,1,137930
80473213,true,כמון אורגני קנהמלה 3,קנהמלה,IT,כמון טחון אורגני,גרמים,32.00,100 גרם,false,1,14.90,46.5625,true,1,137931
80473336,true,פלפל שחור טחון אורגנ,בונומלי,IT,פלפל שחור טחון אורגני 50 גרם,גרמים,50.00,100 גרם,false,1,14.90,29.8000,true,1,137932
80541776,false,אורגנו אורגני 14 גרם,האי נאם סי או אל.טי.,IT,אורגנו אורגני,גרמים,14.00,100 גרם,false,1,14.90,106.4286,true,1,20331
80651000,false,טוסקנה שום וצילי במט,DROGHERIA E ALIMENTA,,"שום וצ""ילי במטחנה 30 גרם",גרמים,30.00,100 גרם,false,1,12.90,43.0000,true,1,121324
80651017,false,תערובת עשבי טוסקנה במטחנה,דרוגריה ואלימנטרי אס,IT,תערובת עשבי טוסקנה במטחנה16 גר,גרמים,16.00,100 גרם,false,1,11.90,74.3750,true,1,121325
80655404,true,שום גבישי אורגני,בנומנולי,IT,סנומאלה שום גבישי אורגני 70 גרם,גרמים,70.00,100 גרם,false,1,14.90,21.2857,true,1,137939
80655428,true,בזיליקום אורגני קנהמ,בנומנולי,IT,סנומאלה בזיליקום אורגני 15 גרם,גרמים,15.00,100 גרם,false,1,14.90,99.3333,true,1,137940
80718758,false,טונה בשמן זית בצנצנת,קליפו קונסרב,IT,גושי טונה בהירה בשמן זית,גרמים,160.00,100 גרם,false,1,21.90,13.6875,true,1,123457
80724353,false,ארטישוק פונטי מתובל,מודנצטי ויה פראדה,IT,ארטישוק מתובל 280 גרם PONTI,גרמים,280.00,100 גרם,false,1,29.90,10.6786,true,1,137942
80761761,false,קינדר בואנו לבן בודד 39 גרם,קדבורי,PL,חטיף וופל קינדר בואנו שוקולד לבן 39 גרם,גרמים,39.00,100 גרם,false,1,5.00,12.8205,true,1,124498
80768838,false,מסטיק מנטוס וויט ביג פירות ומנטה 105 ג',"אינסטנטה בע""מ",TR,מנטוס גומי לעיסה בטעם פירות מנטה ללא סוכר 70 יח,גרמים,105.00,100 גרם,false,1,19.90,18.9524,true,1,128807
80773429,false,מסטיק מנטוס פיור פרש בבקבוק בינוני בטעם תות 60 ג',פרפטי ואן מלה הולנד,TR,מסטיק מנטוס פיור פרש בטעם תות מעוגל,גרמים,60.00,100 גרם,false,1,9.90,16.5000,true,1,1806
80773443,false,מסטיק מנטוס בבקבוק מעוגל בטעם מנטה מעודנת 60 ג',פרפטי ואן מלה הולנד,TR,מנטוס גומי לעיסה ללא סוכר בטעם מנטה,גרמים,60.00,100 גרם,false,1,9.90,16.5000,true,1,129455
80776307,false,מסטיק מנטוס ביג בבקבוק מעוגל טעם פירות מנטה 90 ג',פרפטי ואן מלה הולנד,TR,מנטוס - גומי לעיסה ללא סוכר בטעם פירות מנטה,לא מנהל יחידת מידה,0.00,לא מנהל יחידת מידה,false,1,19.90,0.0000,true,1,1833
80780595,false,מסטיק מנטוס ביג בבקבוק מעוגל טעם מנטה-עדינה 90 ג',פרפטי ואן מלה הולנד,TR,מנטוס - גומי לעיסה ללא סוכר בטעם מנטה עדינה,לא מנהל יחידת מידה,0.00,לא מנהל יחידת מידה,false,1,19.90,0.0000,true,1,4802
80790990,false,מסטיק מנטוס בבקבוק מעוגל בטעם פירות -מנטה 60 ג',פרפטי ואן מלה הולנד,TR,מסטיק מנטוס מנטה עדינה בקבוק מעוגל 60 גר,גרמים,60.00,100 גרם,false,1,9.90,16.5000,true,1,129451
80794233,true,מנטוס ביג מעוגל מנטה,,TR,מנטוס - גומי לעיסה ללא סוכר בטעם מנטה,לא מנהל יחידת מידה,0.00,לא מנהל יחידת מידה,false,1,19.90,0.0000,true,1,4801
80804697,false,מסטיק וויט White בטעם מנטה מתוקה ללא סוכר,"אינסטנטה בע""מ",TR,מנטוס גומי לעיסה בטעם מנטה מתוקה ללא סוכר 70 יח,גרמים,105.00,100 גרם,false,1,19.90,18.9524,true,1,128840
80809265,false,טורטינה בודד חמאת בוטנים 21 ג' לואקר,לואקר,AT,חטיף טורטינה חמאת בוטנים 21 גרם,גרמים,21.00,100 גרם,false,1,4.50,21.4286,true,1,36593
80831402,false,סוכריות מנטוס מנטה עדינה 30 יח' ללא סוכר CLEAN BREATH,מנטוס Mentos,NL,סוכרית מנטוס מנטה עדינה ללא סוכר,לא מנהל יחידת מידה,0.00,לא מנהל יחידת מידה,false,1,6.90,0.0000,true,1,25877
80843184,false,מנטוס מסטיק פיור פרש בטעם ענבים 60גר,פרפטי ואן מלה הולנד,TR,מסטיק בקבוקון פיור ענבים 60 גרם,גרמים,60.00,100 גרם,false,1,9.90,16.5000,true,1,33570
80854753,false,סוכריות מנטוס מנטה 30 יח' ללא סוכר CLEAN BREATH,מנטוס Mentos,NL,סוכרית מנטוס מנטה ללא סוכר,לא מנהל יחידת מידה,0.00,לא מנהל יחידת מידה,false,1,6.90,0.0000,true,1,25878
80864059,false,וופל גרדנה עם קרם חמאת בוטנים בציפוי שוקולד חלב,לואקר Loacker,AT,גרדנה חמאת בוטנים 38 גרם,גרמים,38.00,100 גרם,false,1,4.50,11.8421,true,1,36594
80864295,false,סוכריות פיור וויט טעם מנטה עדינה 60 ג' מנטוס,פרפטי ואן מלה הולנד,TR,מסטיק בקבקון מ.עדינה pure white 60 גרם,גרמים,60.00,100 גרם,false,1,9.90,16.5000,true,1,33935
80874652,false,קינדר קארדס 120 גרם - בודד,פררו,IT,קינדר קארדס 25.6 גרם,גרמים,26.00,100 גרם,false,1,4.90,18.8462,true,1,37752
80896081,false,מסטיק מנטוס פיור פרש בבקבוק בינוני בטעם אבטיח 60 ג',פרפטי ואן מלה הולנד,TR,מנטוס גומי לעיסה ללא סוכר בטעם אבטיח,גרמים,60.00,100 גרם,false,1,9.90,16.5000,true,1,8768
80913467,false,מסטיק מנטו בבקבוק מעוגל בטעם מנטה 60 ג',פרפטי ואן מלה הולנד,TR,mentos - pure fresh,גרמים,60.00,100 גרם,false,1,9.90,16.5000,true,1,129465
80936848,false,סוכריות טיק טק תות שדה 24 יח',קדבורי,ZA,טיק טק תות,גרמים,16.00,100 גרם,false,1,4.50,28.1250,true,1,126324
80945468,false,סוכריות פיור וויט טעם מנטה מתוקה 60 ג' מנטוס,פרפטי ואן מלה הולנד,TR,מסטיק בקבקון מ.מתוקה pure white 60 גרם,גרמים,60.00,100 גרם,false,1,9.90,16.5000,true,1,33936
80974215,true,מנטוס ביג מעוגל תות,,TR,מנטוס גומי לעיסה ללא סוכר בטעם תות שדה,לא מנהל יחידת מידה,0.00,לא מנהל יחידת מידה,false,1,19.90,0.0000,true,1,12734
80979128,false,מסטיק מנטוס פיור בטעם דובדבן 60 ג',פרפטי ואן מלה הולנד,TR,מסטיק בקבוקון פיור דובדובן 60 גרם,גרמים,60.00,100 גרם,false,1,9.90,16.5000,true,1,33571
80982470,false,מסטיק מנטוס פיור פרוסט בטעם מנטה חזק 60 גר',פרפטי ואן מלה ברדה,TR,מסטיק מנטוס פיור מנטה חזקה 60 ג,גרמים,60.00,100 גרם,false,1,9.90,16.5000,true,1,29862
80986348,false,סוכריות פיור וויט טעם מנטה 60 ג' מנטוס,פרפטי ואן מלה הולנד,TR,מסטיק בקבקון מנטה pure white 60 גרם,גרמים,60.00,100 גרם,false,1,9.90,16.5000,true,1,33937
80995128,false,מנטוס - מסטיק בטעם הדרים בתוספת ויטמינים 60 גרם,פרפטי ואן מלה הולנד,TR,מנטוס מסטיק ויטמינים בטעם הדרים 60 גרם,גרמים,60.00,100 גרם,false,1,9.90,16.5000,true,1,38530
87108019,false,מנטוס גליל מנטה בודד,פרפטי ואן מלה,NL,גליל מנטוס סוכריות לעיסה בטעם מנטה,גרמים,38.00,100 גרם,false,1,3.90,10.2632,true,1,23307
87108538,false,סוכריות מנטוס Mentos תות שדה,הדקלאים אגודת שיתופי,NL,מנטוס תות 40 גלילים,גרמים,38.00,100 גרם,false,1,3.90,10.2632,true,1,122927
87108651,false,מארז סוכריות מנטוס Mentos מנטה,הדקלאים אגודת שיתופי,NL,מנטוס מנטה 1/4,גרמים,150.00,100 גרם,false,1,11.90,7.9333,true,1,121425
87108712,false,מארז סוכריות מנטוס Mentos פירות,פרפטי ואן מלה ברדה,NL,מארז 4 גלילי מנטוס בטעם פירות,גרמים,150.00,100 גרם,false,1,11.90,7.9333,true,1,121426
87311396,false,סוכריות מנטוס Mentos ריינבואו,פרפטי ואן מלה,NL,מנטוס ריינבאוו סוכריות לעיסה בטעמי פירות 37.5 גרם,גרמים,38.00,100 גרם,false,1,3.90,10.2632,true,1,125290
90087974,false,"חומץ תפוחים 5% 750 מ""ל",ראוך פרוכטסאפה,,חומץ תפוחים 750 מל,מיליליטרים,750.00,"100 מ""ל",false,1,14.90,1.9867,true,1,124480
90162602,false,משקה אנרגיה רד בול 250 מ''ל,רד בול ג'י.אם.בי. אץ,AT,"משקה אנרגיה רד בול 250 מ""ל",מיליליטרים,250.00,"100 מ""ל",false,1,8.00,3.2000,true,1,8809
90162800,false,רד בול משקה אנרגיה ללא סוכר פקדון 30 אג,רד בול ג'י.אם.בי. אץ,AT,רד בול,מיליליטרים,250.00,"100 מ""ל",false,1,8.00,3.2000,true,1,8810
90444470,false,מילוי,אחים מזרחי,,מילוי,לא מנהל יחידת מידה,0.00,לא מנהל יחידת מידה,false,1,1.10,0.0000,true,1,15458
90446269,false,"משקה אנרגיה אבטיח 250 מ""ל רד בול",ראון פרוכטסאפה,AT,רד בול אבטיח - משקה אנרגיה פונקציונאלי,מיליליטרים,250.00,"100 מ""ל",false,1,8.00,3.2000,true,1,30200
90448867,false,"משקה אנרגיה ללא פחממות 250 מ""ל רד בול",רד בול,AT,"רד בול ללא פחמימות 250 מ""ל",מיליליטרים,250.00,"100 מ""ל",false,1,8.00,3.2000,true,1,35940
8421361472,false,בובת TY עיניים גדולו,TY,,בובת TY עיניים גדולות הזהבה,Unknown,0.00,Unknown,false,1,29.90,0.0000,true,1,127539
9073102314,false,"סורבה שרונס קוקוס 500 מ""ל",מוצרי איכות אמריקאיי,IL,"גלידה סורבט שרונס קוקוס 500 מ""ל",מיליליטרים,500.00,"100 מ""ל",false,1,23.90,4.7800,true,1,122325
9800800056,false,חטיף שוקולד עם מקלות לחם אנד גו,נוטלה Nutella,DE,נוטלה גו בייגלה מלוח,גרמים,52.00,100 גרם,false,1,6.90,13.2692,true,1,128604
11182700923,false,קינג קול שעועית אדומה בהירה 439 גרם,קינג קול,,קינג קול שעועית אדומה,יחידה,1.00,יחידה,false,1,10.90,10.9000,true,1,15301
11182700930,false,קינג קול שעועית אדומה כהה 439 גרם,קינג קול,,שעועית אדומה בהירה קינג קול 436 גרם,גרמים,436.00,100 גרם,false,1,10.90,2.5000,true,1,12875
11182700954,false,קינג קול שעועית שחורה 439 גרם,קינג קול,,שעועית שחורה קינג קול 436 גרם,גרמים,436.00,100 גרם,false,1,10.90,2.5000,true,1,12874
11210000094,false,"רוטב ""טבסקו"" על בסיס פלפל אדום 60 מ""ל",מקאילהייני אייבורי,US,"רוטב טבסקו 60 מ""ל",מיליליטרים,60.00,"100 מ""ל",false,1,11.90,19.8333,true,1,119698
11210007253,false,רוטב טבסקו שום ופלפל,מקאילהייני אייבורי,US,"רוטב טבסקו שום ופלפל 60 מ""ל",מיליליטרים,60.00,"100 מ""ל",false,1,11.90,19.8333,true,1,17504
11210009387,false,"רוטב ""טבסקו"" על בסיס פלפל ירוק חריף 60 מ""ל",מקאילהייני אייבורי,US,"רוטב טבסקו פלפל ירוק 60 מ""ל",מיליליטרים,60.00,"100 מ""ל",false,1,11.90,19.8333,true,1,17505
12300103138,false,סיגריות כאמל בוקס פק,Unknown,,סיגריות כאמל בוקס פקט 10 יח,יחידה,0.00,יחידה,false,1,292.00,0.0000,false,1,121990
12300119139,false,סיגריות וינסטון כחול,Unknown,,סיגריות וינסטון כחול בוקס פקט 10 יח,Unknown,0.00,Unknown,false,1,312.00,0.0000,false,1,121683
14100074120,false,פפרידג' פארם עוגיות מילאנו 170 גרם,פפרדג פארם,,עוגיות מילאנו פפרידג 198 גרם,גרמים,198.00,100 גרם,false,1,22.90,11.5657,true,1,11973
14100077121,false,פפרידג' פארם עוגיות סוסליטו שוקולד חלב מקדמיה 204 גרם,פפרדג פארם,,עוגיות סוסליטו שוקו מקדמיה פפרידג 206 גר,גרמים,206.00,100 גרם,false,1,22.90,11.1165,true,1,11974
14100082033,false,עוגיות קאפטיבה רכות,פפרדג פארם,,עוגיות קאפטיבה רכות פפרידג 244 גרם,גרמים,244.00,100 גרם,false,1,22.90,9.3852,true,1,11975
16000185517,false,דגני בוקר פייבר וואן עתירי סובין FIBRE1,בטר אנד דיפרנט,US,דגני פייבר 1 555גרם,גרמים,555.00,100 גרם,false,1,29.90,5.3874,true,1,34231
16000281684,false,חטיף שיבולת שועל פקאן חמישיה*42 ג' קראנצ'י,ג'נרל מילס,US,חטיפי גרנולה קראנצי פקאן 210 גרם,גרמים,210.00,100 גרם,false,1,14.90,7.0952,true,1,123285
16000423534,false,ניטשר ואלי חטיף שיבולת שועל שוקולד מריר קראנצי 210ג',ג'נרל מילס סאן אדריא,ES,חטיפי גרנולה קראנצי שיבולת שועל מריר 210,גרמים,210.00,100 גרם,false,1,14.90,7.0952,true,1,124517
16000548404,false,ניטשר ואלי חטיף קראנצי גרנולה שיבולת שועל 210 ג',ג'נרל מילס סאן אדריא,ES,"נייטשר וואלי, קראנצ'י שיבולת שועל עם דבש",גרמים,210.00,100 גרם,false,1,14.90,7.0952,true,1,119848
16000548503,false,ניטשר ואלי קראנצי חטיף גרנולהומייפל 10 יח' 210 ג',ג'נרל מילס סאן אדריא,ES,חטיפי גרנולה קראנצי מייפל וסוכר חום 210,גרמים,210.00,100 גרם,false,1,14.90,7.0952,true,1,119849
16000548602,false,נייטשר וואלי חטיף קראנצ'י קינמון 210ג',ג'נרל מילס סאן אדריא,ES,חטיפי גרנולה קראנצי קינמון 210 גרם,גרמים,210.00,100 גרם,false,1,14.90,7.0952,true,1,119850
16000548909,false,קראנצי חטיף גרנולה מעורבת 10 יח 210 ג',ג'נרל מילס סאן אדריא,ES,חטיפי גרנולה קראנצי מגוון טעמים 210 גרם,גרמים,210.00,100 גרם,false,1,14.90,7.0952,true,1,119851
16229924263,true,קרם קוקוס 250 מל,,,קרם קוקוס 250 מל,Unknown,0.00,Unknown,false,1,9.90,0.0000,true,1,129990
18000701223,false,תערובת להכנת עוגה בטעם שוקולד,הדקלאים אגודת שיתופי,IL,תערובת להכנת עוגת שוקולד פילסברי 500 גרם,גרמים,500.00,100 גרם,false,1,17.90,3.5800,true,1,119883
18000703494,false,תערובת עוגת וניל פיסברי 500 גר',הדקלאים אגודת שיתופי,IL,תערובת לעוגה וניל פילסברי,גרמים,524.00,100 גרם,false,1,17.90,3.4160,true,1,119884
18000766413,false,תערובת בראוניס פילסברי 500 גר',הדקלאים אגודת שיתופי,IL,תערובת לעוגת בראוניס פלסברי 550 גרם,גרמים,550.00,100 גרם,false,1,17.90,3.2545,true,1,119885
18787111116,true,תרסיס אורגני להגיינת,,,תרסיס אורגני להגיינת הידיים לבנדר,לא מנהל יחידת מידה,4.72,לא מנהל יחידת מידה,false,1,29.90,6.3347,true,1,10661
18787762165,true,ס.נוזלי לתינוקות דר,דר ברונר,US,ס.נוזלי לתינוקות דר ברונר 472מל,מיליליטרים,472.00,"100 מ""ל",false,1,49.90,10.5720,true,1,10658
18787764169,true,ס.נוזלי לבנדר דר ברו,דר ברונר,US,ס.נוזלי לבנדר דר ברונר 472מל,מיליליטרים,472.00,"100 מ""ל",false,1,49.90,10.5720,true,1,5065
18787765166,true,ס.נוזלי מנטה מעוררת,דר ברונר,US,ס.נוזלי מנטה מעוררת דר ברונר 472מל,מיליליטרים,472.00,"100 מ""ל",false,1,49.90,10.5720,true,1,10659
18787767160,true,ס. נוזלי ברונר פריחת,,,ס. נוזלי ברונר פריחת,מיליליטרים,472.00,"100 מ""ל",false,1,49.90,10.5720,true,1,5066
18787778166,true,ס.נוזלי ורד הבר דר,דר ברונר,US,ס.נוזלי ורד הבר דר ברונר 472מל,מיליליטרים,472.00,"100 מ""ל",false,1,49.90,10.5720,true,1,10657
18787779163,true,ס. נוזלי ברונר תה יר,,,ס. נוזלי ברונר תה ירוק,מיליליטרים,472.00,"100 מ""ל",false,1,49.90,10.5720,true,1,10660
18787780169,true,ס. נוזלי ברונר יסמין,דר ברונר,US,ס. נוזלי ברונר יסמין,מיליליטרים,472.00,"100 מ""ל",false,1,49.90,10.5720,true,1,5068
18787782057,true,ס.מוצק לתינוקות דר ב,דר ברונר,US,ס.מוצק לתינוקות דר ברונר 140גר,גרמים,140.00,100 גרם,false,1,22.90,16.3571,true,1,5069
18787784051,true,ס.מוצק לבנדר דר ברונ,דר ברונר,US,ס.מוצק לבנדר דר ברונר 140גר,גרמים,140.00,100 גרם,false,1,22.90,16.3571,true,1,5070
18787785058,true,ס.מוצק מנטה מעורר דר,"ד""ר ברונר",US,סבון אמיתי מנטה,גרמים,140.00,100 גרם,false,1,22.90,16.3571,true,1,5071
18787788059,true,ס.מוצק ורד הבר דר בר,דר ברונר,US,ס.מוצק ורד הבר דר ברונר 140גר,גרמים,140.00,100 גרם,false,1,22.90,16.3571,true,1,5073
18787791059,true,סבון מוצק פריחת הדוב,דר ברונר,US,סבון מוצק פריחת הדובדבן 140 גרם,גרמים,140.00,100 גרם,false,1,22.90,16.3571,true,1,10656
18787792056,true,סבון מוצק יסמין סנדל,דר ברונר,US,סבון מוצק יסמין סנדלווד 140 גרם,גרמים,140.00,100 גרם,false,1,22.90,16.3571,true,1,10655
22014004607,false,רסק תפוחי עץ אורגני,MANISCHEWITZ,US,רסק תפוחי עץ אורגני רביעיה 452 גרם,גרמים,452.00,100 גרם,false,1,15.90,3.5177,true,1,36735
22014031023,false,רסק תפוחי עץ אורגני,MANISCHEWITZ,US,רסק תפוחי עץ אורגני בפאוץ רביעיה 360 גר,גרמים,360.00,100 גרם,false,1,15.90,4.4167,true,1,36734
22014051021,false,רסק תפוע אורגני עם ב,MANISCHEWITZ,US,רסק תפוחי עץ בטטה משמש ומנגו בפאוץ רביעיה 360 גרם,גרמים,360.00,100 גרם,false,1,22.90,6.3611,true,1,36737
22014240623,false,רסק תפוחי עץ אורגני,MANISCHEWITZ,US,רסק תפוחי עץ אורגני בצנצנת 680 גרם,גרמים,680.00,100 גרם,false,1,16.90,2.4853,true,1,36736
22200956932,false,דאודורנט ג'ל לגבר Fresh Rush 24h,הנסיך- מפעל לייצור ט,US,דאודורנט 24/7 ג'ל כחול ספיד סטיק,מיליליטרים,85.00,"100 מ""ל",false,1,21.90,25.7647,true,1,119980
22200956949,false,דאודורנט ג'ל לגבר Cool Fusion 24h,קולגייט פלמוליב,BY,"דאודורנט ספיד סטיק ג""ל כחול 85 גרם",מיליליטרים,85.00,"100 מ""ל",false,1,21.90,25.7647,true,1,119981
22224500722,false,סוויט כאוס פופקורן ע,קניז קודי קומפוני,US,סוויט כאוס פופקורן עם בצק עוגה 156 גרם,גרמים,156.00,100 גרם,false,1,24.90,15.9615,true,1,33072
24463061095,false,"סריראצה-רוטב פלפל צ""",הוי פונג פודס,,"סריראצה-רוטב פלפל צ""ילי חריף 435 גר",מיליליטרים,435.00,"100 מ""ל",false,1,28.90,6.6437,true,1,124408
25675120068,false,סאוור סטיקס Sour Sticks בטעם קולה,פשקז Paskesz,NL,מקלות קולה 100 גרם,גרמים,100.00,100 גרם,false,1,9.90,9.9000,true,1,122305
25700005650,false,שקיות להקפאה גדולות 27.3*26.8,אס.סי גונוסון,US,זיפלוק שקיות הקפאה גדולות 14 יח,יחידה,1.00,יחידה,false,1,13.90,13.9000,true,1,28219
25700005681,false,שקיות אחסון סליידר בינוניות -20 יח' זיפלוק,אס.סי גונוסון,US,יפלוק סליידר בינוניות 20יח,יחידה,1.00,יחידה,false,1,16.90,16.9000,true,1,28220
27379005634,false,פנדורו מיני 100גרם S,BALCONI SPA INDUSTRI,IT,פנדורו מיני 100גרם SWEET ITALY,גרמים,100.00,100 גרם,false,1,13.90,13.9000,true,1,11993
27379005658,false,פנתוני איטלי מיני 10,BISCOTTIFICIO PRIMAV,IT,פנתוני מיני 100 גרם SWEET ITALY,גרמים,100.00,100 גרם,false,1,13.90,13.9000,true,1,34199
27379005740,false,פנתוני מיני פיצפוצי,BALCONI SPA INDUSTRI,IT,פנתוני מיני 100פצפוצי שו גרם SWEET ITALY,גרמים,100.00,100 גרם,false,1,13.90,13.9000,true,1,11992
30000315989,false,קוואקר קופאין חמוציות ושקדים 372 גר',קוואקר אוטס קומפני,US,קוואקר פרוטאין חמוציות ושקדים 372 גרם,גרמים,372.00,100 גרם,false,1,26.90,7.2312,true,1,14365
30100487197,false,קיבלר קרקר גבינת צדר,"מאכלי עולם ר.ז. בע""מ",,קיבלר קרקר גבינת צדר לבן 39 גרם,גרמים,39.00,100 גרם,false,1,4.00,10.2564,true,1,23008
30100545101,false,קיבלר קרקר קלאב צדר,"מאכלי עולם ר.ז. בע""מ",,קיבלר קרקר קלאב צדר כתום 39 גרם,גרמים,39.00,100 גרם,false,1,4.00,10.2564,true,1,23007
31200001597,false,גרגירי חמוציות ממותקים ומיובשים,אושן ספריי,,חמוציות מומתקים ומיובשים170 גר,גרמים,170.00,100 גרם,false,1,13.90,8.1765,true,1,121694
31290140107,false,שוקולד גודייבה סטיקס,גודייבה GODIVA,TR,טבלת שוקולד גודייבה סטיק 72% 90גרם,גרמים,90.00,100 גרם,false,1,14.90,16.5556,true,1,26383
31290140176,false,שוקולד מריר בתוספת שקדים 90 ג' Godiva sticks,פלאדיס,TR,טבלת שוקולד סטיקס מריר 90גרם,גרמים,90.00,100 גרם,false,1,14.90,16.5556,true,1,26384
31290140190,false,שוקולד מריר עם נגיעות מלח ים 90 ג' Godiva sticks,גודייבה GODIVA,TR,טבלת שוקולד גודייבה סטיק 90 גרם מריר מלח,גרמים,90.00,100 גרם,false,1,14.90,16.5556,true,1,26385
34000148301,true,נשיקות הרשי לאפייה,,,נשיקות הרשי לאפייה,Unknown,0.00,Unknown,false,1,21.90,0.0000,true,1,4832
34000196173,false,קוקיס אנד קרים בטעם שוקולד לבן עם שברי עוגיות,הרשיס Hershey's,,שוקולד קוקיס אנד קרים 120 גרם,גרמים,120.00,100 גרם,false,1,9.90,8.2500,true,1,127722
34000312177,false,סירופ שוקולד הרשי 680 ג',הרשיס Hershey's,,סירופ שוקולד למאפים קינוחים,גרמים,680.00,100 גרם,false,1,20.90,3.0735,true,1,126121
34000442652,false,שוקולד חלב ריסס Reese's במילוי חמאת בוטנים,הרשיס Hershey's,,שוקולד ממולא קרם בוטנים 121 גרם,גרמים,121.00,100 גרם,false,1,9.90,8.1818,true,1,127719
34000446001,false,ריזס מיניס שוקולד חלב חמאת בוטנים 150ג',הרשי,,חטיפי שוקולד חלב במילוי 150 גר,גרמים,150.00,100 גרם,false,1,10.90,7.2667,true,1,126127
34000470228,false,שוקולד חלב מיני ריזס,הרשי,US,שוקולד חלב מיני ריזס 70 גרם,גרמים,70.00,100 גרם,false,1,6.90,9.8571,true,1,126083
34000544028,false,סוכריות ארוכות בטעם תות טוויזלרס Twizzlers,הרשי שוקולד,US,טוויזלרס ממתק בטעם תות 198 גרם,גרמים,198.00,100 גרם,false,1,8.90,4.4949,true,1,122154
36000183399,false,האגיס - ליטל סווימרס סמול 12 יח',חוגלה קימברלי,IL,חיתולי האגיס שחיה מידה S/M,לא מנהל יחידת מידה,0.00,לא מנהל יחידת מידה,false,1,42.90,0.0000,true,1,120392
36000516876,false,קלינקס - טישו לושן 3 שכבות 75 דף,חוגלה קימברלי,GB,קלינקס לושן 75 - 3 שכבות,יחידה,27.00,יחידה,false,1,12.90,0.4778,true,1,22311
36000516890,false,ממחטות אף עם אלוורה + ויטמין E תלת שכבתי,קלינקס Kleenex,GB,קלינקס לושן אלוורה 120 - 3 שכבות,יחידה,24.00,יחידה,false,1,17.90,0.7458,true,1,22310
37600297943,false,מטבל סלסה חריף- צ'י צ'י 439 גר,Unknown,US,439גרם CHI-CHISמטבל סלסה חריף,גרמים,439.00,100 גרם,false,1,16.90,3.8497,true,1,37946
37600297967,false,מטבל סלסה בחריפות עדינה ציי צי 439 גר,Unknown,US,CHI-CHIS מטבל סלסה בחריפות עדינה 439 גרם,גרמים,439.00,100 גרם,false,1,16.90,3.8497,true,1,37945
38000138607,false,חטיף צ'יפס בטעם מלח וחומץ,פרינגלס מנופקצ'ורינג,US,פרינגלס חומץ מלח 158 גרם,גרמים,158.00,100 גרם,false,1,9.90,6.2658,true,1,14470
38000138638,false,חטיף צ'יפס בטעם פיצה,פרינגלס מנופקצורינג,US,פרינגלס פיצה 158 גרם,גרמים,158.00,100 גרם,false,1,9.90,6.2658,true,1,129114
38000138720,false,פרינגלס  תכלת ראנץ 158 ג',פרינגלס מניופקצ'ורינ,US,פרינגלס ראנץ 158 גרם,גרמים,158.00,100 גרם,false,1,9.90,6.2658,true,1,10898
38000138874,false,ציפס פרינגלס חלפינו,פרינגלס מנופקצורינג,US,פרינגלס פלפל חריף חלפיניו 158 גרם,גרמים,158.00,100 גרם,false,1,9.90,6.2658,true,1,129113
38000183690,true,פרינגלס ברביקיו מידי,פרינגלס מניופקצ'ורינ,US,פרינגלס ברביקיו מידי חלבי 74 גרם,גרמים,74.00,100 גרם,false,1,5.90,7.9730,true,1,18644
38000183928,false,פרינגלס חרדל ודבש 158 גר',פרינגלס מניופקצ'ורינ,US,פרינגלס חרדל ודבש 158 גרם,גרמים,158.00,100 גרם,false,1,9.90,6.2658,true,1,27251
38000197840,false,פרינגלס גלי בטעם חריף מתוק 137 ג',פרינגלס מניופקצ'ורינ,US,פרינגלס גלי חריף מתוק 137 גרם,גרמים,137.00,100 גרם,false,1,9.90,7.2263,true,1,27250
38000202278,false,חטיף צ'יפס גלי בטעם אורגינל מלוח,פרינגלס מניופקצ'ורינ,US,פרינגלס גלי אורגינל 130 גרם,גרמים,130.00,100 גרם,false,1,9.90,7.6154,true,1,27249
38000232152,false,פרינגלס ברביקיו 158 גרם – חדש,פרינגלס מניופקצ'ורינ,US,פרינגלס ברביקיו 158גרם,גרמים,158.00,100 גרם,false,1,9.90,6.2658,true,1,22848
38000232169,false,פרינגלס מידי אורגינל 67 גר',פרינגלס מניופקצ'ורינ,US,פרינגלס מידי אורגינל 67גרם,גרמים,67.00,100 גרם,false,1,5.90,8.8060,true,1,22849
38000232176,false,חטיף צ'יפס שמנת חמוצה ובצל,פרינגלס מניופקצ'ורינ,US,פרינגלס שמנת בצל 158גרם,גרמים,158.00,100 גרם,false,1,9.90,6.2658,true,1,22847
38000232183,false,פרינגלס אורגינל 149 גרם,פרינגלס מניופקצ'ורינ,US,פרינגלס אורגינל 149 גרם,גרמים,149.00,100 גרם,false,1,9.90,6.6443,true,1,22846
38000845253,false,צ'יפס בטעם שמנת חמוצה ובצל,פרינגלס מנופקצ'ורינג,US,פרינגלס מידי שמנת בצל 71 גרם,גרמים,71.00,100 גרם,false,1,5.90,8.3099,true,1,18295
38527591053,false,קוואקר מרובעים קינמון דגני בוקר 412 גרם,BEVERAGES FOODS & SE,US,דגני קוואקר מרובעים קינמון 411 גרם,גרמים,411.00,100 גרם,false,1,21.90,5.3285,true,1,124843
38527591060,false,דגני קוואקר מרובעים Quaker Squares עם סוכר חום,BEVERAGES FOODS & SE,US,דגני קוואקר מרובעים סוכר חום 411 גרם,גרמים,411.00,100 גרם,false,1,21.90,5.3285,true,1,124844
39000008051,false,אורטגה קיט ארוחת טאקו 283 גרם,בי אנד גי,US,אורטגה קיט ארוחת טאקו 283 גרם,גרמים,283.00,100 גרם,false,1,29.90,10.5654,true,1,14368
39000008907,false,אורטגה רוטב טאקו מיילד 226 גרם,בי אנד גי,US,אורטגה רוטב טאקו מיילד 226 גרם,גרמים,226.00,100 גרם,false,1,16.90,7.4779,true,1,14369
39000008914,false,אורטגה רוטב טאקו חריף 226 גרם,בי אנד גי,US,אורטגה רוטב טאקו חריף 226 גרם,גרמים,226.00,100 גרם,false,1,16.90,7.4779,true,1,14370
39000010351,true,חלפיניו פרוס בצנצנת1,,,חלפיניו פרוס בצנצנת1,גרמים,168.00,100 גרם,false,1,17.90,10.6548,true,1,130906
39978006202,false,רד מיל-תחליף ביצים ט,בובס רד מיל,US,רד מיל-תחליף ביצים טבעוני ל.גלוטן,גרמים,340.00,100 גרם,false,1,32.90,9.6765,true,1,13664
40000513568,false,סוכריות אם אנד אמס M&M שוקולד חלב,M&M אם אנד אם,US,m&m שוקולד 156 גרם,גרמים,156.00,100 גרם,false,1,12.90,8.2692,true,1,14135
40000513629,false,M&M's חמאת בוטנים אריזה גדולה 152 גרם,מארס,US,m&m חמאת בוטנים 142 גרם,גרמים,142.00,100 גרם,false,1,12.90,9.0845,true,1,14136
40000514480,false,M&M אריזה קטנה's שוקולד אריזה קטנה 48 גרם,M&M אם אנד אם,,סוכריות M&M בטעם שוקולד 48 גרם,גרמים,48.00,100 גרם,false,1,5.80,12.0833,true,1,128649
40000514510,false,M&M אריזה קטנה's בוטנים אריזה קטנה 49 גרם,M&M אם אנד אם,,סוכריות שוקולד M&M בוטנים 49 גרם,גרמים,49.00,100 גרם,false,1,5.80,11.8367,true,1,128515
41224468108,false,עגבניות מיובשות בשמן,סיגס גיטה,,עגבניות מיובשות בשמן זית 283 גרם,גרמים,283.00,100 גרם,false,1,22.90,8.0919,true,1,123431
41390000058,false,"רוטב טריאקי קיקומן 296 מ""ל",קיקומן פודז אינק,US,"רוטב טריאקי קיקומן 296 מ""ל",מיליליטרים,296.00,"100 מ""ל",false,1,23.90,8.0743,true,1,120558
41421177452,false,רייטס רוטב היקורי מע,בי אנד גי,US,רייטס רוטב היקורי מעושן מרוכז 103 מל,מיליליטרים,103.00,"100 מ""ל",false,1,13.90,13.4951,true,1,14355
41740000806,false,בורשט 710 מל גולד כש,,US,בורשט 710 מל גולד כשלפ,מיליליטרים,710.00,"100 מ""ל",false,1,19.90,2.8028,true,1,131122
44600300580,false,"כלורוקס - קלין אפ פרש מרסס 946 מ""ל",כלורוקס אוקלנד,US,כלורקס קלין אפ פרש 946 מל,מיליליטרים,946.00,"100 מ""ל",false,1,19.90,2.1036,true,1,29948
44600320717,false,פחם קינגספורד אטרגינ,כלורוקס אוקלנד,US,"פחם קינגספורד אורגינל 3.6 ק""ג",קילוגרמים,3.60,"ק""ג",false,1,49.90,13.8611,true,1,35603
44600320977,false,פחם קינגספורד מצלייט,כלורוקס אוקלנד,US,"פחם קינגספורד מצלייט 3.6 ק""ג",קילוגרמים,3.60,"ק""ג",false,1,54.90,15.2500,true,1,35839
46214382259,false,עוגיות בראוניס שוקולד 225 ג',בנקטבקריי מרבה בי.וי,NL,"עוגיות בראוניס 225 גר """,גרמים,225.00,100 גרם,false,1,9.90,4.4000,true,1,120654
46214731552,false,עוגיות שוקולד ציפס מובחרות 225 ג',קריניציה ויטמינה אס,NL,מרבה עוגיות עם 37% שוקולד צ'יפס 225 גרם,גרמים,225.00,100 גרם,false,1,9.90,4.4000,true,1,120655
47800175477,false,רייטס רוטב מסקיט מעו,בי אנד גי,US,רייטס רוטב מסקיט מעושן מרוכז 103 מל,מיליליטרים,103.00,"100 מ""ל",false,1,13.90,13.4951,true,1,14356
47997130006,true,מלח מתובל מגיק,,,מלח מתובל מגיק,Unknown,0.00,Unknown,false,1,15.90,0.0000,true,1,2039
47997130204,false,תערובת תיבול לסלמון,מגיק סיזנינג בלנד,US,תערובת תיבול לסלמון 198 גר,גרמים,198.00,100 גרם,false,1,22.90,11.5657,true,1,12820
50000015474,false,פריסקיז מעדני הים 4*,פורינה,US,פריסקיז דגים 1.42 קג,קילוגרמים,1.42,"ק""ג",false,1,35.90,25.2817,true,1,30873
50000040803,true,פנסי פיסט גריל עוף,פורינה,US,פנסי פיסט גריל עוף,גרמים,85.00,100 גרם,false,1,5.90,6.9412,true,1,37477
50000084500,false,מזון יבש לחתול בטעם נתחי ברביקיו פריסקיז Friskies,נסטלה פורינה USA מק,US,פריסקיז מעדני השף 1.42 קג,קילוגרמים,1.42,"ק""ג",false,1,35.90,25.2817,true,1,11534
50000100347,false,"פריסקיז - מעדני החתול מועשר בחלב 1.40 ק""ג",נסטלה פורינה USA מק,US,פריסקיז מעדני החתול מועשר בחלב 1.4קג,קילוגרמים,1.40,"ק""ג",false,1,35.90,25.6429,true,1,809
50000168583,false,"פריסקיז אקסטרא קראנץ 1.43 ק""ג",פורינה,US,פריסקיז אקסטרא קראנץ 1.47 קג,קילוגרמים,1.47,"ק""ג",false,1,35.90,24.4218,true,1,29873
50000225224,false,פריסקיז Friskies הודו ברוטב,פורינה Purina,US,פריסקיז פריים פילה הודו ברוטב 156 גר,גרמים,156.00,100 גרם,false,1,5.90,3.7821,true,1,1689
50000237951,false,פריסקיז פרטי מיקס גר,פורינה,US,פריסקיז פארטי מיקס מיקס גריל קראנץ 60ג,גרמים,60.00,100 גרם,false,1,11.90,19.8333,true,1,36408
50000238910,false,פריסקיז פרטי מיקס או,פורינה,US,פריסקיז פארטי מיקס אוריגינל קראנץ10 60ג,גרמים,60.00,100 גרם,false,1,11.90,19.8333,true,1,36407
50000397587,false,אבקה להכנת שוקו חלבי 6 שקיות 121 ג' Nestle,נסטלה,US,נסטלה אבקת שוקו חלב 121 גרם,גרמים,121.00,100 גרם,false,1,20.90,17.2727,true,1,12859
50000429646,false,פנסי פיסט - דג אוקיינוס 85 גרם,נסטלה פורינה USA ג',US,מזון חתולים לח דגים פנסי פיסט 85 גרם,גרמים,85.00,100 גרם,false,1,5.90,6.9412,true,1,120734
50000429844,false,מזון חתולים בטעם הוד,נסטלה פורינה USA ג',US,מזון חתולים בטעם הודו ועוף פנסי פיסט 85,גרמים,85.00,100 גרם,false,1,5.90,6.9412,true,1,123183
50000429943,false,פנסי פיסט גורמה עוף,פורינה,US,פנסי פיסט גורמה עוף 85 גרם,גרמים,85.00,100 גרם,false,1,5.90,6.9412,true,1,37478
50000574414,false,פריסקיז פרטי מיקס פק,פורינה,US,פריסקיז פארטי מיקס פיקניק קרנץ 59.500ג,גרמים,60.00,100 גרם,false,1,11.90,19.8333,true,1,36410
50000574988,true,פנסי פיסט חתלתולים,פורינה,US,פנסי פיסט חתלתולים,גרמים,85.00,100 גרם,false,1,5.90,6.9412,true,1,37476
50000578238,false,פריסקיז פרטי מיקס קר,פורינה,US,פריסקיז פארטי מיקס קרייזי ציז 59.500ג,גרמים,60.00,100 גרם,false,1,11.90,19.8333,true,1,36411
50000578450,true,פנסי פיסט עוף ברוטב,פורינה,US,פנסי פיסט עוף ברוטב עשיר,גרמים,85.00,100 גרם,false,1,5.90,6.9412,true,1,131493
50000836123,true,פנסי פיסט גריל טונה,פורינה,US,פנסי פיסט גריל טונה,גרמים,85.00,100 גרם,false,1,5.90,6.9412,true,1,37480
51500255162,false,"חמאת בוטנים לל""ג JIF אריזת 454ג'",ג'י.אס.קיי קונסיומר,US,JIF חמאת בוטנים 454 גרם,גרמים,454.00,100 גרם,false,1,17.90,3.9427,true,1,33534
52100002460,false,תערובת תיבול לעוף וד,מקרומיק,US,תערובת תיבול לעוף ודג 77 גרם,גרמים,77.00,100 גרם,false,1,19.90,25.8442,true,1,12146
52100004488,false,פפריקה 60 גרם McCorm,מקרומיק,US,פפריקה 60 גרם,גרמים,60.00,100 גרם,false,1,21.90,36.5000,true,1,12148
52100005966,false,גבישי שום 85 גרם McC,מקרומיק,US,גבישי שום 85 גרם,גרמים,85.00,100 גרם,false,1,26.90,31.6471,true,1,12150
52100006260,false,אבקת שום 88 גרם McCo,מקרומיק,US,אבקת שום 88 גרם,גרמים,88.00,100 גרם,false,1,26.90,30.5682,true,1,12151
52100029924,false,מקורמיק פלפל שחור טח,מקורמיק,US,מקורמיק פלפל שחור טחון טהור 43 גרם,גרמים,43.00,100 גרם,false,1,19.90,46.2791,true,1,35792
52100030043,false,פלפל שחור טחון גס 42,מקרומיק,US,פלפל שחור טחון גס 42 גרם,גרמים,42.00,100 גרם,false,1,19.90,47.3810,true,1,12147
52100030234,false,פלפל שחור 53 גרם,מקרומיק,US,פלפל שחור 53 גרם,גרמים,53.00,100 גרם,false,1,26.90,50.7547,true,1,12149
52100034898,false,תמצית ליים טהורה 29,מקורמיק,US,"תמצית ליים טהורה 29 מ""ל",מיליליטרים,29.00,"100 מ""ל",false,1,16.90,58.2759,true,1,26338
52100040806,false,תערובת תיבול שום בצל,מקורמיק,US,"מקורמיק תערובת שום בצל פלפל שחור ומלח ים, 120 גרם",גרמים,120.00,100 גרם,false,1,25.90,21.5833,true,1,35794
52100041155,false,תערובת תיבול מלח ורו,מקורמיק,US,"מקורמיק תערובת מלח הימלאיה ורוד פלפל שחור ושום, 18",גרמים,184.00,100 גרם,false,1,25.90,14.0761,true,1,35793
52100070780,false,תמצית תפוז טהורה 29,מקורמיק,US,"תמצית תפוז טהורה 29 מ""ל",מיליליטרים,29.00,"100 מ""ל",false,1,16.90,58.2759,true,1,26339
52100070827,false,תמצית בטעם רום 29 מל,יושלם,US,תמצית טעם רום,מיליליטרים,29.00,"100 מ""ל",false,1,10.90,37.5862,true,1,123765
52100070865,false,תמצית וניל טהור מקור,מקורמיק McCormick,US,תמצית וניל טהור מקורמיק 28 גרם,גרמים,28.00,100 גרם,false,1,29.90,106.7857,true,1,12144
52100136387,false,תבלין פלפל שום במטחנ,מקורמיק mccormik,FR,פלפל שום במטחנה 34 גרם,גרמים,34.00,100 גרם,false,1,19.90,58.5294,true,1,124354
52100746043,false,תערובת פלפלים במטחנה,מקורמיק mccormik,FR,תערובת פלפלים במטחנה 24 גרם,גרמים,24.00,100 גרם,false,1,17.90,74.5833,true,1,124356
55369901703,false,"רסק אפל סנקס תפו""ע תות שדה לל""ס מארז 113X4ג'",ליייהי אורצ'רדס,,מחית תות שדה ללא סוכר אפלסנקס רביעייה,גרמים,113.00,100 גרם,false,1,14.90,13.1858,true,1,123049
55369902342,false,אפלסנקס צנצנת רסק תפוחי עץ ממותק בסגנון ביתי 680 גרם עברית,לייהי אורצרדס,CA,רסק תפוחי עץ אפלסנקס 680 גרם,גרמים,680.00,100 גרם,false,1,14.90,2.1912,true,1,122942
55369902557,false,אפלסנקס רביעיות רסק תפוחי עץ ממותק בסגנון ביתי עברית,ליייהי אורצ'רדס,,מחית תפוחי עץ טבעי אפלסנקס רביעייה,גרמים,113.00,100 גרם,false,1,14.90,13.1858,true,1,123693
55369902564,false,אפלסנקס רביעיות רסק תפוחי עץ ללא תוספת סוכר עברית,ליייהי אורצ'רדס,,מחית תפוחי עץ ללא סוכר אפלסנקס רביעייה,גרמים,113.00,100 גרם,false,1,14.90,13.1858,true,1,123694
55369903295,false,אפלסנקס צנצנת רסק תפוחי עץ ללא תוספת סוכר 652 גרם עברית אישור א.י.ל לחולי סוכרת,לייהי אורצרדס,CA,רסק תפוחי עץ ללא תוספת סוכר אפלסנקס 652,גרמים,452.00,100 גרם,false,1,14.90,3.2965,true,1,128087
58449185048,false,טבעות מדגנים ואורז מ,ניישר פאט',US,טבעות מדגנים ואורז מלא ציטה צומפס אורגני,גרמים,284.00,100 גרם,false,1,28.90,10.1761,true,1,12472
58449450030,true,NATURS PATHדייסת מיי,נייצרס פת,US,NATURS PATHדייסת מייפל ואגוז לוז,גרמים,400.00,100 גרם,false,1,33.90,8.4750,true,1,5338
58449450047,false,דייסת שיבולת שועל תפ,נייצר וואלי,,NATURS PATHדייסת שיבולת שועל תפוח קינמון,גרמים,400.00,100 גרם,false,1,33.90,8.4750,true,1,10642
58449602187,false,קורנפלקס דבש אורגני,,,קורנפלקס דבש אורגני 300 גרם,גרמים,300.00,100 גרם,false,1,28.90,9.6333,true,1,10604
58449770206,true,דגני הריטאג מולטיגרי,נייצרס פת,US,דגני הריטאג מולטיגריין 375גר,גרמים,375.00,100 גרם,false,1,28.90,7.7067,true,1,5339
58449771531,true,קרנצי מייפל לג,נייטשר פאת',US,קרנצי מייפל לג,גרמים,300.00,100 גרם,false,1,33.90,11.3000,true,1,131699
58449779032,true,טבעות תירס ואורז מלא,נייצרס פת,US,טבעות תירס ואורז מלא,גרמים,325.00,100 גרם,false,1,28.90,8.8923,true,1,2085
58449860013,false,דגני בוקר אמאזון ניי,נייצר וואלי,,דגני בוקר אמאזון אורגני 400 גרם,גרמים,400.00,100 גרם,false,1,28.90,7.2250,true,1,122342
58449860020,false,דגני גורילה מאנצ אור,נייצר וואלי,,דגני גורילה מאנצ אורגני 284 גרם,גרמים,284.00,100 גרם,false,1,28.90,10.1761,true,1,122569
58449860037,false,פצפוצי אורז מלא בטעם שוקולד קואלה קריספ,מולינו ניקולי s.p.a,US,פצפוצי אורז מלא בטעם שוקולד 325 גרם,גרמים,325.00,100 גרם,false,1,28.90,8.8923,true,1,122570
58449860075,true,לאמור דגני שוקולד וח,נייצרס פת,US,לאמור דגני שוקולד וחמאת בוטנים 284גר,גרמים,284.00,100 גרם,false,1,28.90,10.1761,true,1,2086
58449870241,false,דגני שוקו שימפס כדו,ניישר פאט',US,דגני שוקו שימפס כדורוני תירס קקאו ללג,גרמים,284.00,100 גרם,false,1,28.90,10.1761,true,1,28950
63517877169,false,פרנקיז חטיף אורגני ב,,CA,פרנקיז חטיף אורגני ברביקיו עם אורז מלא ו,גרמים,113.00,100 גרם,false,1,19.90,17.6106,true,1,34888
64144090013,false,תרסיס שמן טעם חמאה פאם 141 ג',קונאגרה פודס,US,"תרסיס PAM שמן חמאה 148 מ""ל",מיליליטרים,148.00,"100 מ""ל",false,1,18.90,12.7703,true,1,125108
64144090020,false,תרסיס שמן שמן זית פאם 141 ג',קונאגרה פודס,US,"PAM תרסיס שמן זית 148 מ""ל",מיליליטרים,148.00,"100 מ""ל",false,1,18.90,12.7703,true,1,125105
64144090051,false,"תרסיס שמן קנולה פאם 148 מ""ל",קונאגרה פודס,US,"PAM תרסיס שמן קנולה 148 מ""ל",מיליליטרים,148.00,"100 מ""ל",false,1,18.90,12.7703,true,1,127036
70177077563,false,תה טווינינג ארל גריי,אר. טווינינגס אנד קו,PL,תה טווינינג ארל גריי 50 גרם,גרמים,50.00,100 גרם,false,1,18.90,37.8000,true,1,127574
70177077693,false,טווינינג אינגליש ברק,אר. טווינינגס אנד קו,PL,1X12X50G אינגליש ברקפסט,גרמים,50.00,100 גרם,false,1,18.90,37.8000,true,1,127718
70177078775,true,תה ליידי,אר. טווינינגס אנד קו,PL,תה שחור בטעם הדרים,גרמים,50.00,100 גרם,false,1,18.90,37.8000,true,1,10039
70177086664,false,טווינינג גרין פיור 5,טווינינגס Twinings,GB,טווינינג תה ירוק טהור 25 שק,גרמים,50.00,100 גרם,false,1,21.90,43.8000,true,1,10038
70177173159,false,טווינינג גרין למון 4,אר. טווינינגס אנד קו,PL,טווינינג תה ירוק לימון 25 שקיקים,גרמים,50.00,100 גרם,false,1,21.90,43.8000,true,1,10036
70177173203,false,תה ירוק מנטה 50 גרם,טווינינגס Twinings,GB,טווינינג תה ירוק מנטה 25 שקיקים,גרמים,50.00,100 גרם,false,1,21.90,43.8000,true,1,10035
71570001667,false,גלי בלי סוכריות גלי,ג'לי בלי קינדי,TH,גלי בלי סוכריות גלי 20טעמים 70 גרם,גרמים,70.00,100 גרם,false,1,11.90,17.0000,true,1,20681
71570001841,false,ג'לי בלי 70 גר' טעמים חמוצים,ג'לי בלי קינדי,TH,גלי בלי סוכריות גליבטעם חמוצים 70 גרם,גרמים,70.00,100 גרם,false,1,11.90,17.0000,true,1,20684
71570001858,false,ג'לי בלי 70 גר' מיקס פירות,ג'לי בלי קינדי,TH,גלי בלי סוכריות גליבטעם פירות 70 גרם,גרמים,70.00,100 גרם,false,1,11.90,17.0000,true,1,20683
71570009762,false,גלי בלי בטעם מיקס טר,ג'לי בלי קינדי,TH,גלי בלי בטעם מיקס טרופי 70 גרם,גרמים,70.00,100 גרם,false,1,11.90,17.0000,true,1,37019
71570010119,false,גלי בלי בטעם דובדבן,ג'לי בלי קינדי,TH,גלי בלי בטעם דובדבן 70 גרם,גרמים,70.00,100 גרם,false,1,11.90,17.0000,true,1,37015
72600062290,false,הר חטיף גבינה חלפניו חריף 198 גרם,הר פודס,US,חטיף גבינה חלפניו חריף 198 גרם,גרמים,198.00,100 גרם,false,1,26.90,13.5859,true,1,19395
72600062306,false,הר חטיף גבינה 198 גרם,הר פודס,,חטיף גבינה הר 198 גרם,גרמים,198.00,100 גרם,false,1,26.90,13.5859,true,1,12719
72600062313,false,חטיף גבינה בטעם בופא,הר פודס,,חטיף גבינה בטעם בופאלו כחולה 198 גרם,גרמים,198.00,100 גרם,false,1,26.90,13.5859,true,1,20251
72600062320,false,הר חטיף גבינה בטעם פיצה 198 גרם,הר פודס,,חטיף גבינה בטעם פיצה הר 198 גרם,גרמים,198.00,100 גרם,false,1,26.90,13.5859,true,1,12721
74261110334,false,רוטב סויה תמרי 1 ל,תמרי,,רוטב סויה תמרי 1 ל,ליטרים,1.00,ליטר,false,1,33.90,33.9000,true,1,121712
74299018060,true,הוט ויילס חמישיה,,,הוט ויילס חמישיה,יחידה,1.00,יחידה,false,1,59.90,59.9000,true,1,17171
74570174003,false,גלידת שמנת אגוזי מקד,האגן דאז,,"גלידת שמנת אגוזי מקדמיה 473 מ""ל",מיליליטרים,473.00,"100 מ""ל",false,1,22.90,4.8414,true,1,121238
75810001257,true,תמרי רוטב סויה אורגנ,,,תמרי רוטב סויה אורגנ,Unknown,0.00,Unknown,false,1,32.90,0.0000,true,1,137413
75810001356,true,תמרי רוטב סויה אורגנ,,,תמרי רוטב סויה אורגנ,Unknown,0.00,Unknown,false,1,54.90,0.0000,true,1,137414
75810021255,false,רוטב תמרי ללא גלוטן,סאן גיי אינטרנשיונל,,"רוטב תמרי ללא גלוטן סאן גיי 296 מ""ל",מיליליטרים,296.00,"100 מ""ל",false,1,29.90,10.1014,true,1,129850
75810021354,true,סאן גיי תמרי 1/12 59,,,סאן גיי תמרי 1/12 59,Unknown,0.00,Unknown,false,1,38.90,0.0000,true,1,2411
76840001767,false,"גלידת בן & ג'ריס וואק אנד באק 500מ""ל",מוצרי איכות אמריקאים,IL,"גלידה בן&גרי wake & no bake core 500 מ""ל",גרמים,500.00,100 גרם,false,1,23.90,4.7800,true,1,23733
76840001774,false,"גלידה עוגיות חלב עם חתיכות פאדג בן וג'ירי 500 מ""ל",מוצרי איכות אמריקאים,IL,"גלידה בן&גרי שוקולד צפס קור 500מ""ל",גרמים,500.00,100 גרם,false,1,23.90,4.7800,true,1,23732
76840002351,false,גלידה גימי סמור עם מרשמלו קלוי פירורי שוקולד בן וג'ירי 428 ג',בן & ג'ריס,IL,"פיינט בן &גרי 500 מ""לGimme smore",מיליליטרים,500.00,"100 מ""ל",false,1,23.90,4.7800,true,1,30577
76840002542,false,"גלידת בן & ג'ריס פיינט נטפליקס וצ'ילד 500מ""ל",מוצרי איכות אמריקאים,IL,פיינט נטפליקס וצילד,גרמים,500.00,100 גרם,false,1,23.90,4.7800,true,1,25977
76840002566,false,גלידה בן&גרי נטפליקס,בן & ג'ריס,US,"גלידה בן&גרי נטפליקס ללא חלב 500 מ""ל",מיליליטרים,500.00,"100 מ""ל",false,1,29.90,5.9800,true,1,25976
76840100583,false,"גלידת וניל עם בצק עוגיות בן וג'ירי 473 מ""ל",מוצרי איכות אמריקאיי,IL,"גלידה בצק עוגיות 473 מ""ל",מיליליטרים,473.00,"100 מ""ל",false,1,23.90,5.0529,true,1,124133
76840100989,false,"גלידה בן & גריס שוקולד מרשמלו קרמל ופאדג' 500 מ""ל",בן & ג'ריס,IL,גלידת שוקולד עם מרשמלו קרמל וחתיכות פאדג,מיליליטרים,473.00,"100 מ""ל",false,1,23.90,5.0529,true,1,13412
76840400218,false,"גלידה בן&ג'ריס תות שדה ועוגת גבינה 500מ""ל",מוצרי איכות אמריקאיי,IL,"גלידה עוגת גבינה ותות שדה 473 מ""ל",מיליליטרים,473.00,"100 מ""ל",false,1,23.90,5.0529,true,1,126072
76840620029,false,"גלידה בן&ג'ריס שמנת עם תות 500מ""ל",מוצרי איכות אמריקאיי,IL,"גלידה תות שדה 500 מ""ל",מיליליטרים,500.00,"100 מ""ל",false,1,23.90,4.7800,true,1,121257
76840620036,false,"גלידה בן&ג'ריס חצי אפוי משפחתית 500מ""ל",מוצרי איכות אמריקאים,,גלידה שוקולד ציפס ובראוניס עם בצק 500 מל,גרמים,500.00,100 גרם,false,1,23.90,4.7800,true,1,129750
77245110610,false,סוכריות מאסט ללא סוכר בטעם מנטה 80 ג'עלית,MIESZKO S.A - MS. JO,IL,סוכריות מאסט מנטה ללא סוכר 80 גרם,גרמים,80.00,100 גרם,false,1,8.90,11.1250,true,1,121637
77343000233,false,נרות חימום אורה 50,קריות זול,IL,נרות חימום אורה 50,יחידה,1.00,יחידה,false,1,12.90,12.9000,true,1,127662
77975010167,false,סניידרס מקלוני חיטה בתוספת דבש 340 ג',סניידרס Snyder's,,מקלוני סניידרס חיטה ציה וקינואה 340 גרם,גרמים,340.00,100 גרם,false,1,17.90,5.2647,true,1,129738
77975022757,false,בייגלה קשה מבצק שאור בסגנון אמריקאי,סניידרס Snyder's,US,סנידרס בייגל אמריקאי,גרמים,382.00,100 גרם,false,1,18.90,4.9476,true,1,123426
77975088234,false,בייגלה סניידרס שברים וחלפינו 340ג ',סניידרס,,בייגלה סניידרס חלפיניו 340 גרם,גרמים,340.00,100 גרם,false,1,17.90,5.2647,true,1,124737
77975091975,false,סנדוויץ' בייגלה סניידרס במילוי קרם בטעם פיצה 226.8 גר',סניידרס,US,סניידרס סנדוויץ בייגלה במילוי קרם בטעם,יחידה,1.00,יחידה,false,1,17.90,17.9000,true,1,21346
77975094624,false,"סניידרס סנדוויץ בייגלה במילוי חמאת בוטנים , 226 ג'",סניידרס Snyder's,US,שברי בייגלה סניידרס חמאת בוטנים 283 גרם,גרמים,284.00,100 גרם,false,1,17.90,6.3028,true,1,26989
77975094631,false,סנדביץ בייגלה במילוי קרם בטעם צ'דר 226 גרם סניידרס,סניידרס Snyder's,,"בייגלה סניידרס סנדביץ גבינה צ""דר 226 גרם",גרמים,226.00,100 גרם,false,1,17.90,7.9204,true,1,26988
77975094761,false,שברי בייגלה בטעם צ'דר 340 גרם סניידרס,סניידרס Snyder's,US,סניידרס בטעם צדר 340 גרם,גרמים,340.00,100 גרם,false,1,17.90,5.2647,true,1,29749
77975094778,false,סניידרס שברי בייגל בטעם דבש וחרדל 340 גר,סניידרס Snyder's,US,סניידרס דבש חרדל ובצל 340 גרם,גרמים,340.00,100 גרם,false,1,17.90,5.2647,true,1,30179
77975095133,false,שברי בייגלה בטעם פיקנטי 318 ג' סניידרס,סניידרס Snyder's,US,סניידרס שברי בייגלה בטעם פיקנטי 319 גרם,גרמים,319.00,100 גרם,false,1,17.90,5.6113,true,1,38074
77975095157,false,סניידרס שברי בייגלה חלפינו 318ג,סניידרס Snyder's,,בייגלה סניידרס חלפיניו 318גרם,גרמים,318.00,100 גרם,false,1,17.90,5.6289,true,1,35881
77975095164,false,שברי בייגלה בטעם פרמז'ן ושום 318 ג' סניידרס,סניידרס,US,סניידרס שברי בייגלה בטעם פרמזן שום 318,גרמים,318.00,100 גרם,false,1,19.90,6.2579,true,1,38073
79927110116,false,יוניק פרצל בייגלה ספ,יוניק פרצל בייקרי,US,יוניק פרצל בייגלה ספליטס אוריגינל 312גרם,גרמים,312.00,100 גרם,false,1,22.90,7.3397,true,1,20682
80432402931,false,"שיבאס וויסקי ריגאל 12 שנה 700 מ""ל",מזקקת האחים שיבאס,GB,"וויסקי סקוטי, שיבאס ריגאל 12 שנה, 700 מ''ל",מיליליטרים,700.00,"100 מ""ל",false,1,139.90,19.9857,true,1,20745
80518532743,false,שקית בלון 50 בלונים,NORTHERN,,שקית בלון 50 בלונים,מיליליטרים,0.00,"100 מ""ל",false,1,15.90,0.0000,true,1,121311
80518532897,false,10 בלונים נקניק,יושלם,,בלוני דיסני 10 X,Unknown,0.00,Unknown,false,1,5.90,0.0000,true,1,2738
84380422133,false,וודקה פרבדה ליטר,jobert polska,PL,וודקה פרבדה 1 ליטר,ליטרים,1.00,ליטר,false,1,139.90,139.9000,true,1,20920
84909023049,true,רוטב צילי מתוק 800 ג,,,רוטב צילי מתוק 800 ג,Unknown,0.00,Unknown,false,1,14.90,0.0000,true,1,138084
85156515417,false,וודקה קטל וואן בקבוק,DIAGEO,,"וודקה קטל וואן בקבוק 750 מ""ל",מיליליטרים,750.00,"100 מ""ל",false,1,124.90,16.6533,true,1,487
85696607207,false,טופו מופחת קלוריות ל,פסיפיק נוטרישונל פוד,,טופו מרינו 340 גרם,גרמים,340.00,100 גרם,false,1,12.90,3.7941,true,1,20120
85696608044,false,טופו ללא גלוטן מזרח,Morinaga NUTRITIONAL,US,טופו ללא גלוטן מרינו 340 גרם,גרמים,340.00,100 גרם,false,1,12.90,3.7941,true,1,3631
87000006928,false,"רום קפטן מורגן בלק 750 מ""ל",אלכוהול (איי.בי.בי),,"קפטן מורגן 700 מ""ל שחור",מיליליטרים,700.00,"100 מ""ל",false,1,114.90,16.4143,true,1,129531
93133737325,false,מייקי רוטב טריאקי שומשום 566 גרם,קיוטה קיצ'ן,US,מייקי רוטב טריאקי שומשום 566 גרם,מיליליטרים,566.00,"100 מ""ל",false,1,37.90,6.6961,true,1,124523
96086000003,true,קיטו מיני גריסיני 20,מצות אביב,IL,קיטו מיני גריסיני 200גרם,גרמים,200.00,100 גרם,false,1,22.90,11.4500,true,1,34619
96086000577,false,קרקר כוסמין אורגני,מצות אביב,IL,קרקר כוסמין אורגני,גרמים,200.00,100 גרם,false,1,12.90,6.4500,true,1,124796
96086000584,false,קרקר שיפון אורגני,מצות אביב,IL,קרקר שיפון אורגני,גרמים,200.00,100 גרם,false,1,12.90,6.4500,true,1,124795
96086000676,true,עוגיות קלות ללא סוכר,מצות אביב,IL,עוגיות קלות ללא סוכר מקמח כוסמן וציה,גרמים,200.00,100 גרם,false,1,14.90,7.4500,true,1,11847
96086000829,false,קיטו שף נודלס מלבבות,אנדוסטריה,EC,קיטו שף נודלס מלבבות דקל 255גרם,גרמים,255.00,100 גרם,false,1,23.90,9.3725,true,1,37597
96086000966,false,קרקר כוסמין מלא ושומ,מצות אביב,IL,קרקר כוסמין מלא ושומשום,גרמים,1.00,100 גרם,false,1,12.90,1290.0000,true,1,127472
96086001048,true,עוגיות קיטו שף קקאו,מצות אביב,IL,עוגיות קיטו שף קקאו אגוזים200גרם,גרמים,200.00,100 גרם,false,1,25.90,12.9500,true,1,34623
96086001079,false,עוגיות שקדים ואגוזים,מצות אביב,IL,עוגיות קיטו שף שקדים ואגוזי לוז 200גרם,גרמים,200.00,100 גרם,false,1,25.90,12.9500,true,1,34602
96086001512,false,עוגיות קלות אביבה ללא סוכר בטעם לימון 200 גר',מצות אביב,IL,עוגיות קלות אביבה ללא סוכר בטעם לימון,גרמים,200.00,100 גרם,false,1,14.90,7.4500,true,1,123603
96086001529,false,עוגיות קלות אביבה לל,מצות אביב,IL,עוגיות קלות אביבה ללא סוכר בטעם קפוצינו,גרמים,200.00,100 גרם,false,1,14.90,7.4500,true,1,123604
96086001536,false,עוגיות קלות אביבה לל,מצות אביב,IL,עוגיות קלות אביבה ללא סוכר בטעם וניל,גרמים,200.00,100 גרם,false,1,14.90,7.4500,true,1,123605
305210256712,false,וזלין - מיני לשפתיים אורגינל,"יוניליוור ג'ונסבורו,",US,וזלין מיני לשפתיים אורגינל 7 גרם,יחידה,1.00,יחידה,false,1,14.90,14.9000,true,1,28897
305210416383,true,וזלין קרם גוף לגבר 6,"יוניליוור, ג'פרסון ס",US,VASELINE עור הידיים והגוף 600 ML,מיליליטרים,600.00,"100 מ""ל",false,1,27.90,4.6500,true,1,10904
305213079004,true,וזלין תחליב גוף צהוב,"יוניליוור, ג'פרסון ס",US,וזלין תחליב גוף להזנה עמוקה 600 מל,מיליליטרים,600.00,"100 מ""ל",false,1,29.90,4.9833,true,1,130095
413900010558,false,רוטב סויה קיקומן ליי,קיקומן פודז אינק,,"רוטב סויה קיקומן לייט 296 מ""ל",מיליליטרים,296.00,"100 מ""ל",false,1,22.90,7.7365,true,1,120559
613008742348,false,אריזונה ג'נסנג ודבש בקבוק 1 ליטר,"נטורלה גטרנק בע""מ",DE,אריזונה גנסנג ודבש בקבוק 1 ליטר,ליטרים,1.00,ליטר,false,1,12.90,12.9000,true,1,26249
613008742409,false,אריזונה אפרסק בקבוק 1 ליטר,"נטורלה גטרנק בע""מ",DE,אריזונה אפרסק בקבוק 1 ליטר,ליטרים,1.00,ליטר,false,1,12.90,12.9000,true,1,26248
613008753290,false,"אריזונה אפרסק בקבוק 450 מ""ל",אריזונה Arizona,BG,אריזונה אפרסק 450 מל,מיליליטרים,450.00,"100 מ""ל",false,1,8.50,1.8889,true,1,13858
613008753320,false,"משקה אריזונה ג'ינסנג ודבש 450 מ""ל",אריזונה Arizona,BG,אריזונה גינסנג ודבש 450 מל,מיליליטרים,450.00,"100 מ""ל",false,1,8.50,1.8889,true,1,13859
613008753382,false,"משקה אריזונה אוכמניות 450 מ""ל",אריזונה Arizona,BG,אריזונה אוכמניות 450 מל,מיליליטרים,450.00,"100 מ""ל",false,1,8.50,1.8889,true,1,13857
613008755461,false,משקה אריזונה אוכמניות 1 ליטר,"נטורלה גטרנק בע""מ",DE,אריזונה אוכמניות בקבוק 1 ליטר,ליטרים,1.00,ליטר,false,1,12.90,12.9000,true,1,26247
628154383659,false,דגני בוקר פרוטי פבלס 311 ג' POST,פוסט לקיוויל,PL,POST דגני פרוטי פבלס בטעם פירות 311 גרם,גרמים,311.00,100 גרם,false,1,23.90,7.6849,true,1,36599
633824111838,false,וודקה ואן גוך אננס ב,מזקקת קוימאנס טילבור,NL,"וודקה וואן גוך בטעם אננס, 750 מ''ל",מיליליטרים,750.00,"100 מ""ל",false,1,149.90,19.9867,true,1,448
633824141125,false,וודקה ואן גוך אפרסק,מזקקת קוימאנס טילבור,NL,"וודקה וואן גוך בטעם אפרסק, 750 מ''ל",מיליליטרים,750.00,"100 מ""ל",false,1,149.90,19.9867,true,1,35819
638102203090,false,חטיף על בסיס חלבון סויה פאדג' גרהם,"אבוט נוטרישן, מעבדות",US,זון פאדג,Unknown,0.00,Unknown,false,1,12.90,0.0000,true,1,21919
639138513238,false,פילה הרינג מעושן בשמן צמחי,רוג'ין פיש,,פילה הרינג מעושן 190 גרם,גרמים,190.00,100 גרם,false,1,14.90,7.8421,true,1,122860
644209405923,false,דנקן היינס ציפוי מוקצף וניל 397 גרם פרווה,רוזקםבייקינג קומפני,US,דנקן היינס ציפוי מוקצף וניל 397 גרם,גרמים,397.00,100 גרם,false,1,19.90,5.0126,true,1,12860
644209405930,false,דנקן היינס ציפוי מוקצף שוקולד 397 גרם פרווה,רוזקםבייקינג קומפני,US,דנקן היינס ציפוי מוקצף שוקולד 397 גרם,גרמים,397.00,100 גרם,false,1,19.90,5.0126,true,1,12861
645173911038,false,קורנישון מלפפוןן מיני 720 גרם - תומר,קלמן אינדיה,,מלפפון קורנישון תומר 670 גרם,גרמים,670.00,100 גרם,false,1,9.90,1.4776,true,1,123142
649660432020,false,היל ויו שזיפים מיובשים מגולענים 567 גרם,"היל ויו בע""מ",,שזיפים מיובשים מגולענים 567 גרם,גרמים,567.00,100 גרם,false,1,31.90,5.6261,true,1,128014
649870161505,false,סיגר בפאלו ברווז,נאן טונג,CN,סיגר בפאלו ברווז,גרמים,100.00,100 גרם,false,1,29.90,29.9000,true,1,37135
649870161536,false,דונאט בפאלו מצופה,נאן טונג,CN,דונאט בפאלו מצופה,יחידה,1.00,יחידה,false,1,19.90,19.9000,true,1,37137
649870162922,false,חטיף דנטל ספירל בטעמ,שינייה פט פוד,CN,חטיף דנטל ספירל בטעמים,גרמים,80.00,100 גרם,false,1,19.90,24.8750,true,1,37148
649870164551,false,עצם פאפ ברווז,נאן טונג,CN,עצם פאפ ברווז,גרמים,88.00,100 גרם,false,1,22.90,26.0227,true,1,37154
649870165701,false,חטיף נייטיב לכלב,לנגי,CN,חטיף נייטיב לכלב,גרמים,80.00,100 גרם,false,1,14.90,18.6250,true,1,37167
649870165718,false,חטיף נייטיב לכלב,לנגי,CN,חטיף נייטיב לכלב,גרמים,80.00,100 גרם,false,1,14.90,18.6250,true,1,37168
649870165725,false,חטיף נייטיב לכלב,לנגי,CN,חטיף נייטיב לכלב,גרמים,80.00,100 גרם,false,1,14.90,18.6250,true,1,37169
649870165732,false,חטיף נייטיב לכלב,לנגי,CN,חטיף נייטיב לכלב,גרמים,80.00,100 גרם,false,1,14.90,18.6250,true,1,37170
649870166081,false,נייטיב בקר ברוטב לחת,נייטיב,TH,נייטיב בקר ברוטב לחתול 85 גרם,גרמים,85.00,100 גרם,false,1,4.90,5.7647,true,1,37175
649870166180,false,נייטיב פטה סלמון לח,נייטיב,TH,נייטיב פטה סלמון לחתול 85 גרם,גרמים,85.00,100 גרם,false,1,4.90,5.7647,true,1,37185
651080161510,false,"פלאקרס ""פלוסר ""חוט דנטלי משופר 35יח'-חדש",מיוצר עי קונדיטוריית,CN,"פלקרס קיסם עם חוט, 35 יחידות",יחידה,1.00,יחידה,false,1,11.90,11.9000,true,1,18419
651080647519,false,"פלאקרס ""פלוסר ""חוט דנטלי ירוק -מנטה",המאפיה של הרמן,US,פלאקרס פלוסר חוט דנטלי ירוק -מנטה,יחידה,1.00,יחידה,false,1,11.90,11.9000,true,1,129492
653694000117,false,רוטב AH חזרת 454 גרם,GALLO,US,רוטב AH חזרת 454 גרם,גרמים,454.00,100 גרם,false,1,21.90,4.8238,true,1,26748
675684915126,false,סירופ מייפל טהור תבו,,,סירופ מייפל טהור תבואות,יחידה,1.00,יחידה,false,1,33.90,33.9000,true,1,9094
686412282984,false,נתחי טונה לבנה בשמן זית,אורטיז ORTIZ,ES,טונה לבנה בשמן זית (צנצנת)220 גרם ORTIZ,גרמים,220.00,100 גרם,false,1,41.90,19.0455,true,1,27108
693493010788,false,חטיף תירס בטעם ברביקיו 200 ג' נאצוס,או. קיי סניקס,DK,נאצוס בטעם ברביקיו 200 גרם,גרמים,200.00,100 גרם,false,1,13.90,6.9500,true,1,36910
693493010818,false,חטיף תירס בטעם טבעי 200 ג' נאצוס,או. קיי סניקס,DK,נאצוס בטעם טבעי 200 גרם,גרמים,200.00,100 גרם,false,1,13.90,6.9500,true,1,36911
693493054997,false,עוגיות מקרון מארז 9 יח' מעורב חלבי 144 גר',נטלי פלוס בעמ,IL,עוגיות מקרון מארז 9 יח מעורב חלבי 144 גר,גרמים,144.00,100 גרם,false,1,50.00,34.7222,true,1,34084
693493055550,false,אינגלישקייק דבש קלאס,נטלי,IL,אינגלישקייק דבש קלאסי,גרמים,550.00,100 גרם,false,1,39.90,7.2545,true,1,33554
693493055567,false,אינגלישקייק דבש תפוח,נטלי,IL,אינגליש קייק דבש תפוחים,גרמים,550.00,100 גרם,false,1,39.90,7.2545,true,1,33551
693493055581,false,אינגלישקייק דבש פירו,נטלי,IL,אינגלישקייק דבש פירות יער,גרמים,550.00,100 גרם,false,1,39.00,7.0909,true,1,33552
693493055680,false,גליליות גוני במילוי,"נטלי פלוס בע""מ",IL,גליליות גוני במילוי קרם וניל אישי חלבי,גרמים,0.00,100 גרם,false,1,25.00,0.0000,true,1,34085
693493075459,false,עוגיות זיו אלפחורס ל,זיו,IL,עוגיות זיו אלפחורס ללס 320 גרם,גרמים,320.00,100 גרם,false,1,34.90,10.9062,true,1,35861
693493075466,false,עוגיות זיו נשנושיות,זיו,IL,עוגיות זיו נשנושיות ללס 220 גרם,גרמים,220.00,100 גרם,false,1,34.90,15.8636,true,1,35862
693493075633,false,עוגיות זיו גרנולה לל,זיו,IL,עוגיות זיו גרנולה ללס 250גרם,גרמים,250.00,100 גרם,false,1,34.90,13.9600,true,1,35874
693493075640,false,עוגיות זיו בראוניז 3,זיו,IL,עוגיות זיו בראוניז 300גרם,גרמים,300.00,100 גרם,false,1,34.90,11.6333,true,1,30629
693493102575,true,שרי ארוז יחידות 450,חקלאי,IL,שרי ארוז יחידות 450 גרם,גרמים,450.00,100 גרם,false,1,9.90,2.2000,true,1,26595
693493158657,false,"תפו""א גורמה",חקלאי,IL,תפוא גורמה,קילוגרמים,1.00,"ק""ג",true,,8.90,8.9000,true,1,37781
698929000395,false,גין מרטין מילרס קלאס,,GB,"גין מרטין מילרס קלאסיק 700 מ""ל",מיליליטרים,700.00,"100 מ""ל",false,1,159.90,22.8429,true,1,20903
720516010712,false,תערובת להכנת פנקייק,אורגרן,AU,תערובת להכנת פנקייק כוסמת 375 גרם אורגרן,גרמים,375.00,100 גרם,false,1,24.90,6.6400,true,1,34183
728229123590,false,חטיף על בסיס ירקות שורש בטעם טבעי,הונדורס צ'יפס יצור א,HN,טרה חטיף על בסיס ירקות שורש בטעם טבעי 110 גרם,גרמים,110.00,100 גרם,false,1,14.90,13.5455,true,1,122652
728229123613,false,חטיף על בסיס תפוח אדמה כחול בטעם טבעי,היין סלסטיאל גרופ,US,טרה חטיף על בסיס תפוח אדמה כחול בטעם טבעי 110 גרם,גרמים,110.00,100 גרם,false,1,14.90,13.5455,true,1,122653
728229123811,false,חטיף על בסיס ירקות שורש בתיבול ים תיכוני,הונדורס צ'יפס יצור א,HN,טרה ירקות ים תיכוני 110 גרם,גרמים,110.00,100 גרם,false,1,14.90,13.5455,true,1,122655
728229124771,false,טרה בטטה טעם ברביקיו,היין פיוצ'ור נטורל פ,IN,טרה חטיף על בסיס בטטה בטעם ברביקיו 110 גרם,גרמים,110.00,100 גרם,false,1,14.90,13.5455,true,1,128307
728229130154,false,ציפס חטיף טרה בטטה ו,הונדורס צ'יפס יצור א,HN,טרה חטיף על בסיס בטטה וסלק בטעם טבעי 110 גרם,גרמים,110.00,100 גרם,false,1,14.90,13.5455,true,1,123786
728229130444,false,"חטיף על בסיס ירקות שורש עם בטטה, תפו""א כחול וסלק",היין סלסטיאל גרופ,US,טרה ירק תפוא כחול סלק 110 גרם,גרמים,110.00,100 גרם,false,1,14.90,13.5455,true,1,124184
732494003099,false,קרטורס פופקורן נטיפי,carlsberg supply com,US,קרטורס פופקורן נטיפי שוקולד,גרמים,156.00,100 גרם,false,1,26.90,17.2436,true,1,36144
753182231761,false,"משקה אנרגיה BLU זירו לל""ס דיאט 250 מ""ל",אקווה ויט,PL,בלו משקה אנרגיה מוגז 250 מל,מיליליטרים,250.00,"100 מ""ל",false,1,5.00,2.0000,true,1,124152
753656701271,false,תינק בטעם בראוניס 60,תינק,US,תינק בטעם בראוניס 60 גרם,גרמים,60.00,100 גרם,false,1,17.90,29.8333,true,1,28693
768404001640,false,"גלידה בן&ג'ריס קפה משפחתית 500מ""ל",מוצרי איכות אמריקאיי,IL,"פיינט בטעם קפה בן אנד גרי 500 מ""ל",מיליליטרים,500.00,"100 מ""ל",false,1,23.90,4.7800,true,1,123639
769904000997,false,דגש שקדי מרק ללא גלו,משובח תעשיות מזון,IL,שקדי מרק,גרמים,200.00,100 גרם,false,1,15.90,7.9500,true,1,124440
770009011924,false,ניירות אפיה מנייר100,Source Atlantique,IL,"ניירות אפיה מנייר, 100% טבעי",לא מנהל יחידת מידה,0.00,לא מנהל יחידת מידה,false,1,22.90,0.0000,true,1,22737
770009250262,false,שקיות אוכל מנייר 100,Source Atlantic,IL,שקיות אוכל מנייר,לא מנהל יחידת מידה,0.00,לא מנהל יחידת מידה,false,1,22.90,0.0000,true,1,23024
818570007066,false,תמצית וניל טהור וטקי,"ג'יי אר ווטקינס בע""מ",US,סידס תמצית מוניל טהור עם פולי וניל ממדגסקר 29 מל,מיליליטרים,29.00,"100 מ""ל",false,1,30.90,106.5517,true,1,129499
833949000264,false,סירופ מייפל אורגני 3,כפרי בריא,CA,סירופ מייפל אורגני 330 גרם,גרמים,330.00,100 גרם,false,1,34.90,10.5758,true,1,125076
835811000297,false,כוסות שתייה חמה קרטו,אכיף,IL,כוסות שתייה חמה קרטון הנמל 50 יח,יחידה,1.00,יחידה,false,1,16.90,16.9000,true,1,23203
835811001232,false,"נייר אפיה לתבנית עגולה 26 ס""מ - מארז 10 ניירות",האנג טונג,CN,הנמל נייר אפייה עגול קוטר 26 10יח,יחידה,1.00,יחידה,false,1,11.90,11.9000,true,1,28501
835811001652,false,כוס לשתייה קרה 330 סמק` 40 יח` )בירה(,הנמל,TR,כוס לשתיה קרה 330 סמק 40 יח,מיליליטרים,330.00,"100 מ""ל",false,1,9.90,3.0000,true,1,15946
835811002413,false,מפת שולחן אל-בד +רנר כסף מודפס בגליל 16 מ`,"איטיליאן פוד, אס.פי.",IL,מפת שולחן אלבד עם רנר כסף מודפס בגליל 16 מ`,יחידה,1.00,יחידה,false,1,37.90,37.9000,true,1,16007
835811003700,false,סודה לשתייה הנמל 250,"פוליבה בע""מ",IL,הנמל סודה לשתיה 250 גר`,גרמים,250.00,100 גרם,false,1,6.90,2.7600,true,1,25871
835811004509,false,קערה פסים גדולה לסלט ענק 2500 מל` 1 יח`,,CN,קערה  פסים גדולה לסלט ענק 2500,יחידה,1.00,יחידה,false,1,8.90,8.9000,true,1,16754
835811004516,false,"קערה פסים לסלט קטנה עגולה 950 מ""ל 1 יח`",,CN,קערה פסים לסלט קטנה עגולה 950 מל 1 יח`,יחידה,1.00,יחידה,false,1,5.90,5.9000,true,1,16753
835811005018,false,"כוס יהלום שקוף מ""ל ח""פ 50 יחי",,TR,כוס קריסטל יהלום 50 יח`,Unknown,0.00,Unknown,false,1,15.90,0.0000,true,1,15104
835811005049,false,נייר אפייה משובח וידידותי לסביבה מהדרין 38X42,"איטיליאן פוד, אס.פי.",IL,נייר אפיה 40 יח` מתכלה ירוק נשלף אחד א,Unknown,0.00,Unknown,false,1,12.90,0.0000,true,1,15113
835811005193,false,מגש עגול שקוף 14 אינץ',הנג טונג,CN,מגש עגול פסים 14 אינג 1 יח`,יחידה,1.00,יחידה,false,1,11.90,11.9000,true,1,15251
835811005209,false,מגש עגול פסים 12 אינ,הנג טונג,CN,מגש עגול פסים 12 אינג 1 יח`,יחידה,1.00,יחידה,false,1,5.90,5.9000,true,1,24684
835811005407,false,כוסות קפה לדרך עם מכסה ענק הנמל 12יח',הנג טונג,CN,קפה לדרך ענק 12יח  + מכסה  12 או,יחידה,1.00,יחידה,false,1,17.90,17.9000,true,1,15236
835811005421,false,"שיפודים עבים 25 ס""מ 75 יח` הנמל",שוורצקוף& הנקל דיסלד,IN,הנמל שיפודי במבוק עבים 25 סמ 75 יח',Unknown,0.00,Unknown,false,1,4.50,0.0000,true,1,8558
835811005810,false,מגש הכסף תבנית מרובע קטן +מכסה 10 יח`,הנמל,IL,מגש הכסף תבנית מרובע קטן +מכסה,לא מנהל יחידת מידה,0.00,לא מנהל יחידת מידה,false,1,11.90,0.0000,true,1,125587
835811005940,false,מגש הכסף תבנית אלומ` גדולה + מכסה 8 יח`,,IL,מגש הכסף תבנית אלומ` גדולה + מכסה 8 יח`,יחידה,1.00,יחידה,false,1,11.90,11.9000,true,1,125327
835811005957,false,מגש הכסף תבנית אלומ` 90 + מכסה 8 יח`,יבוא ושיווק: הנמל אר,IL,"הנמל תבנית אלומניום מלבנית, 8 יחידות",לא מנהל יחידת מידה,0.00,לא מנהל יחידת מידה,false,1,11.90,0.0000,true,1,125415
835811005964,false,מגש הכסף תבנית אלומ` מאורך 20 יח`,ווינפאק,,תבנית אלומיניום אינגליש 20 יחידות,לא מנהל יחידת מידה,0.00,לא מנהל יחידת מידה,false,1,12.90,0.0000,true,1,125398
835811006053,false,קורנפלור 200 גרם,ר.ס חברה ליבוא ויצור,IL,קורנפלור 200 גרם,גרמים,200.00,100 גרם,false,1,3.90,1.9500,true,1,8573
835811006213,false,קעריות מקנה סוכר טבעי,"איטיליאן פוד, אס.פי.",IL,הנמל קעריות מקנה סוכר טבעי 25 יחידות,Unknown,0.00,Unknown,false,1,14.90,0.0000,true,1,24688
835811006701,false,עטרות לאפייה הנמל 24 יח',שוורצקוף& הנקל דיסלד,IL,הנמל קוקוטים לאפייה 24 יח' 3 OZ,Unknown,0.00,Unknown,false,1,11.90,0.0000,true,1,15479
835811006770,false,תבנית אולמניום עגול 5 יח',הנמל,,"תבנית אלומיניום עגול 5 יח """,Unknown,0.00,Unknown,false,1,12.90,0.0000,true,1,125668
835811007258,false,שעועית לבנה הנמל 500,נארז על ידי: הנמל אר,IL,הנמל שעועית לבנה מקור לחלבון 500 גרם,גרמים,500.00,100 גרם,false,1,8.90,1.7800,true,1,24505
835811007562,false,תבניות קרטון אינגליש קייק 6יח` ארוז 29X9X6,דוקרט תעשיית אריזות,IL,תבנית קרטון אינגליש קייק 6 יחידות,לא מנהל יחידת מידה,0.00,לא מנהל יחידת מידה,false,1,10.90,0.0000,true,1,122210
835811008347,false,גפרור ארוך מאוד להבי,הנמל,SE,גפרור ארוך מאוד להבית,לא מנהל יחידת מידה,0.00,לא מנהל יחידת מידה,false,1,7.90,0.0000,true,1,24475
835811008699,false,כפות 50 יח` שקוף עבה במיוחד,הנמל,,"כפות עבות במיוחד 50 יח """,Unknown,0.00,Unknown,false,1,16.90,0.0000,true,1,123543
835811008910,false,לפתניות הגשה 8 יח',בי רייט,CN,ליפתן הגשה 8 יח`,Unknown,0.00,Unknown,false,1,10.90,0.0000,true,1,123541
835811008934,false,מזלגות 50 יח` שקוף עבה במיוחד,הנמל,,"מזלגות עבה במיוחד 50 יח """,Unknown,0.00,Unknown,false,1,16.90,0.0000,true,1,123354
835811008941,false,סכינים שקוף עבה במיוחד 50 יח,"איטיליאן פוד, אס.פי.",IL,הנמל סכינים 50 יחידות,יחידה,1.00,יחידה,false,1,16.90,16.9000,true,1,123355
835811008958,false,כפיות 50 יח` שקוף עבה במיוחד,הנמל אריזות.,,"כפיות עבה במיוחד 50 יח """,יחידה,1.00,יחידה,false,1,16.90,16.9000,true,1,123356
835811008996,false,"כוסות חד פעמי קרטון 295 מ""ל",הנמל,CN,כוסות נייר שתיה חמה 10 אונז 50 יח,יחידה,1.00,יחידה,false,1,23.90,23.9000,true,1,8538
835811009184,false,"צלחות אלגנט ענק ח""פ הנמל 18 יח '",בי רייט,CN,צלחות אלגנט 10 ענק 18 יח`,Unknown,0.00,Unknown,false,1,54.90,0.0000,true,1,123372
835811009191,false,"צלחות אלגנט בינוני ח""פ הנמל 18 יח'",בי רייט,CN,צלחות אלגנט 9 בינוני 18 יח`,Unknown,0.00,Unknown,false,1,47.90,0.0000,true,1,123370
835811009368,false,מרקיות צבע 25 יח` מעורב,הנמל,,"מרקיה צבעוני 25 יח """,Unknown,0.00,Unknown,false,1,10.90,0.0000,true,1,123347
837524002520,false,סבון אורגני ביונטורה,נסטי דנטה,IT,סבון אורגני ביונטורה פטל סרפד-נסטי 200גר,גרמים,200.00,100 גרם,false,1,20.90,10.4500,true,1,137973
837524002537,false,סבון אורגני ביונטורה,נסטי דנטה,IT,סבון אורגני ביונטורה גינסינג ושעורה 200ג,גרמים,200.00,100 גרם,false,1,20.90,10.4500,true,1,137974
839762000641,false,משקה איילנד מנגו נקטר 1 ל',"פאראגאלה,דה אג'יפשן",EG,איילנד מנגו 1 ליטר,ליטרים,1.00,ליטר,false,1,11.50,11.5000,true,1,122053
839762000658,false,משקה נקטר איילנד גויאבה 1 ל',The Egyptian Co. for,EG,איילנד גויאבה המשקה של חופי סיני 1 ליטר,ליטרים,1.00,ליטר,false,1,11.50,11.5000,true,1,122006
839762002379,false,משקה נקטר מנגו איילנד 350מל,"פאראגאלה,דה אג'יפשן",EG,"איילנד מנגו 350 מ""ל",מיליליטרים,350.00,"100 מ""ל",false,1,6.90,1.9714,true,1,124110
839762002386,false,נקטר איילנד גויאבה 3,"פאראגאלה,דה אג'יפשן",EG,"איילנד גויאבה 350 מ""ל",מיליליטרים,350.00,"100 מ""ל",false,1,6.90,1.9714,true,1,124111
842387000736,false,מטען רכב לגלקסי פרמי,Unknown,,מטען רכב לגלקסי פרמיום 2A,יחידה,1.00,יחידה,false,1,39.90,39.9000,true,1,21496
850004207789,false,מיטבולס ביונד מיט 29,תאי פרזידנט פוד פאבל,US,מיטבולס ביונד מיט 290 גרם,גרמים,290.00,100 גרם,false,1,39.90,13.7586,true,1,33470
850014985127,false,חטיף גק סנסיטיב 154,שינייה פט פוד,CN,חטיף גק סנסיטיב 154 גרם,גרמים,154.00,100 גרם,false,1,14.90,9.6753,true,1,37385
850014985165,false,חטיף גק לייט 127 גרם,שינייה פט פוד,CN,חטיף גק לייט 127 גרם,גרמים,127.00,100 גרם,false,1,14.90,11.7323,true,1,37389
850668000818,false,חטיף ציפס DEEP מלוח,OLD LYME GOURMET COM,,חטיף ציפס DEEP מלוח ללא גלוטן 142 גרם,גרמים,142.00,100 גרם,false,1,21.90,15.4225,true,1,125707
850668000832,false,חטיף ציפס DEEP מלח ו,OLD LYME GOURMET COM,,חטיף ציפס DEEP מלח וחומץ ללא גלוטן 142,גרמים,142.00,100 גרם,false,1,21.90,15.4225,true,1,125705
851621000050,false,בירה חיטה בטעם הדרים 1664 בלאנק - שישייה,קרלסברג ספליי קומפאנ,PL,"שישיית 1664 Blanc בק 330 מ""ל",ליטרים,1.98,ליטר,false,1,59.90,30.2525,true,1,26282
852629004774,false,רביעיית נקניקיות ביונד מיט,תאי פרזידנט פוד פאבל,US,רביעיית נקניקיות ביונד מיט4000 גרם,גרמים,400.00,100 גרם,false,1,44.90,11.2250,true,1,33468
853152100414,false,פרו בר בטעם בצק עוגי,פרובאר,US,פרו בר בטעם בצק עוגיות 70 גרם,גרמים,70.00,100 גרם,false,1,17.90,25.5714,true,1,28695
853152120344,false,פרו בר חטיף חלבון בטעם שוקולד 70 גר',פרובאר,US,פרו בר בטעם שוקולד 70 גרם,גרמים,70.00,100 גרם,false,1,17.90,25.5714,true,1,28696
856591000055,true,עוגיות עבאדי קריספי,קריניציה ויטמינה אס,IL,"עבאדי עוגיות מזרחיות קריספי, 400 גרם",Unknown,0.00,Unknown,false,1,19.90,0.0000,true,1,138097
856591000062,false,עוגיות מזרחיות מלח 400 ג' עבאדי,מאפיית יוסף ושמחה עב,IL,מזרח. מלח 400ג 856591000062,גרמים,400.00,100 גרם,false,1,19.90,4.9750,true,1,122153
856591000109,false,עבאדי עוגיות מזרחיות פריכות 400ג',מאפיית יוסף ושמחה עב,IL,עבאדי עוגיות מזרחיות פריך במיוחד 400 גרם,גרמים,400.00,100 גרם,false,1,19.90,4.9750,true,1,123998
856591000512,false,עוגיות עבאדי מיני מזרחי מקלות 400ג',מאפיית יוסף ושמחה עב,IL,עבאדי עוגיות מזרחיות מקלונים פריכים 400 גרם,גרמים,400.00,100 גרם,false,1,19.90,4.9750,true,1,13950
859547004329,false,ספוג ניקוי צבעוני סקראב דדי Scrub Daddy,סקארקיסט,US,ספוג סקראב דדי,יחידה,1.00,יחידה,false,1,16.90,16.9000,true,1,36107
859547004466,false,סקראב מאמי ספוג ניקו,סקארקיסט,US,סקראב מאמי ספוג ניקוי דו צדדי,יחידה,1.00,יחידה,false,1,16.90,16.9000,true,1,36108
884912002372,false,דגני בוקר גרייט גריינס פוסט453 גרם,post consumer brands,US,דגני פוסט סלקט קרנברי 396 גרם,גרמים,396.00,100 גרם,false,1,27.90,7.0455,true,1,9735
884912102102,false,דגני בוקר פוסט סלקט אוכמניות 382 גר,הנסיך- מפעל לייצור ט,US,דגני בוקר עם שקדים ואוכמניות,גרמים,382.00,100 גרם,false,1,27.90,7.3037,true,1,11640
884912116505,false,דגני בננה נאט קראנץ' Banana Nut Crunch,post consumer brands,US,דגני פוסט גרייט גריינס בננה נאט 439 גרם,גרמים,439.00,100 גרם,false,1,27.90,6.3554,true,1,9664
884912117625,false,דגני שלווה מצופים בדבש Golden Crisp,הנסיך- מפעל לייצור ט,US,חטיף חיטה ממותק,גרמים,418.00,100 גרם,false,1,22.90,5.4785,true,1,26337
884912126115,false,פוסט גרייט גריינט דייטס 453 גר',הנסיך- מפעל לייצור ט,US,דגני פוסט גרייט גריינס צימוקים 453 גרם,גרמים,453.00,100 גרם,false,1,27.90,6.1589,true,1,9665
884912342737,false,דגני בוקר פוסט וופל קריספ 326 גר',הנסיך- מפעל לייצור ט,US,תערובת דגנים בטעם וואפל אמריקאי,גרמים,325.00,100 גרם,false,1,24.90,7.6615,true,1,23204
884912359155,false,HBO פתיתי תירס חיטה ושיבולת שועל רוסטד 340 גרם,פוסט לקיוויל,US,POST האני באנצ רוסטד 340 גרם,גרמים,411.00,100 גרם,false,1,22.90,5.5718,true,1,36019
884912359162,false,דגני בוקר האני באנצס שקדים 340 ג' POST,פוסט לקיוויל,US,POST האני באנצ אלמונד 340 גרם,גרמים,411.00,100 גרם,false,1,22.90,5.5718,true,1,36018
884912359421,false,דגני בוקר האני באנצס פקאן ומייפל 340 ג' POST,פוסט לקיוויל,US,דגני פוסט האני באנצ פקאן 411 גרם,גרמים,411.00,100 גרם,false,1,22.90,5.5718,true,1,36020
884912365200,false,דגני בוקר אוראו הדור הבא 311 ג',פוסט לקיוויל,US,דגני בוקר אוראו 311גרם,גרמים,311.00,100 גרם,false,1,22.90,7.3633,true,1,37957
897581000365,false,מרשמלו טבעוני ווגה,גוד פוד פרודקטס S.p,US,מרשמלו טבעוני דנדיס 283גרם,גרמים,283.00,100 גרם,false,1,23.90,8.4452,true,1,28951
898193001252,false,בונומלי - חליטת קמומ,דולפין ספא,IT,"""בונומלי"" תה קמומיל (בבונג) 28 גרם",גרמים,28.00,100 גרם,false,1,17.90,63.9286,true,1,21091
960860015432,false,עוגיות קלות אביבה לל,הנסיך- מפעל לייצור ט,IL,אביבה עוגיותחיטה מלאה ללא תוספת סוכר 200 גרם,גרמים,200.00,100 גרם,false,1,14.90,7.4500,true,1,124229
1230000068314,false,בשר טחון ביונד מינט,זנברגן וורלד פינסט מ,NL,בשר טחון ביונד מיט 300 גרם,גרמים,300.00,100 גרם,false,1,34.90,11.6333,true,1,33467
1230000116022,false,ביונד בורגר Beyond Burger - מארז זוג,ביונד מיט קליפורניה,US,המבורגר ביונד מיט זוג 226גרם,גרמים,226.00,100 גרם,false,1,34.90,15.4425,true,1,36039
1724826034511,false,יין סטון וואלי שרדונ,יקב,US,יין סטון וואלי שרדונה 750מל,מיליליטרים,750.00,"100 מ""ל",false,1,59.90,7.9867,true,1,29814
1724826114510,false,יין סטון וואלי זינפנ,Unknown,US,יין סטון וואלי זינפנדל 750מל,מיליליטרים,750.00,"100 מ""ל",false,1,59.90,7.9867,true,1,29816
3010470158221,false,פריסקיז פטה עוף וירק,ניו פטפוד איטליה,IT,פריסקיז פטה עוף וירקות 24*400גרם,גרמים,400.00,100 גרם,false,1,10.90,2.7250,true,1,845
3013201300029,false,מחממי אוזניים שחור,IMPOFIX,,מחממי אוזניים שחור,יחידה,1.00,יחידה,false,1,8.90,8.9000,true,1,125837
3014260201753,false,סכיני גילוח ג'ילט בלו 2 להבים - מארז 5 יח',פרוקטר אנד גמבל,PL,ג'ילט סכיני בלו 2 חמישייה,קילוגרמים,100.00,"ק""ג",false,1,11.90,0.1190,true,1,121579
3014260262693,false,וונוס מכשיר גילוח לנ,פרוקטר אנד גמבל,PL,מכשיר גילוח ונוס+ 2 סכינים,קילוגרמים,0.00,"ק""ג",false,1,33.90,0.0000,true,1,19967
3014260262709,false,סכיני גילוח לאישה 3 להבים,ג'ילט ונוס Gillette Venus,DE,סכיני גילוח ג'ילט ונוס לנשים 4 יחידות,יחידה,1.00,יחידה,false,1,44.90,44.9000,true,1,120197
3014260287030,false,גילט בלו ח.פעמי חמישייה,פרוקטר אנד גמבל,MD,סכיני גילוח חד פעמי גילט 5 יחידות,לא מנהל יחידת מידה,0.00,לא מנהל יחידת מידה,false,1,7.90,0.0000,true,1,17495
3014260289287,false,סכיני גילוח לאישה בלו 2 Blue,פרוקטר אנד גמבל,RU,ג'ילט סכיני בלו 2 לנשים חמישייה,יחידה,1.00,יחידה,false,1,14.90,14.9000,true,1,124638
3045206312257,false,דזיטול מגבונים לחיטוי כללי 36 יחידות,יעקבי - דזיטול Desytol,ES,דזיטול מגבונים מחטא ומשמיד חיידקים לכל משטח,יחידה,1.00,יחידה,false,1,12.90,12.9000,true,1,127841
3046920010801,false,שוקולד מריר אקסלנס עם אגוזי לוז,לינדט ושפרונגלי אס.א,FR,שוקולד לינדט אקסלנס הזלנט 100 גרם,גרמים,100.00,100 גרם,false,1,14.90,14.9000,true,1,129442
3046920027281,false,שוקולד מריר אקסלנס במילוי קרמל ומלח ים,לינדט ושפרונגלי,FR,שוקולד לינדט אקסלנס קרמלסולט 100 גרם,גרמים,100.00,100 גרם,false,1,14.90,14.9000,true,1,127488
3046920028004,false,שוקולד מריר אקסלנס 70%,לינדט ושפרונגלי,FR,לינדט אקסלנס 70% שוקולד מריר 100 גר,גרמים,100.00,100 גרם,false,1,14.90,14.9000,true,1,120240
3046920028363,false,שוקולד מריר אקסלנס 85%,לינדט ושפרונגלי,FR,שוקולד לינדט אקסלנס 85% 100 גרם,גרמים,100.00,100 גרם,false,1,14.90,14.9000,true,1,122298
3046920028721,false,שוקולד מריר אקסלנס 99%,לינדט ושפרונגלי,FR,שוקולד לינדט אקסלנס 99% 50 גרם,גרמים,50.00,100 גרם,false,1,14.90,29.8000,true,1,129201
3046920028752,false,לינדט אקסלנס מריר מנ,לינדט ושפרונגלי,FR,לינדט אקסלנס שוקולד מריר שוויצרי עם מלח ים 100 גרם,גרמים,100.00,100 גרם,false,1,14.90,14.9000,true,1,17716
3046920029674,false,שוקולד מריר אקסלנס עם מלח ים,לינדט ושפרונגלי,DE,שוקולד לינדט אקסלנס מלח 100 גרם,גרמים,100.00,100 גרם,false,1,14.90,14.9000,true,1,17767
3046920029759,false,שוקולד מריר אקסלנס 90% קקאו,לינדט ושפרונגלי ג'י.,DE,שוקולד לינדט אקסלנס 90% 100 גרם,גרמים,100.00,100 גרם,false,1,14.90,14.9000,true,1,127486
3059943015128,false,מבשם אוויר נטול גז אקווה מיסט בניחוח לבנדר פראי ואוויר הרים,הדקלאים אגודת שיתופי,PL,"מבשם אוויר איירוויק נטול גז בניחוח לבנדר 345 מ""ל",מיליליטרים,345.00,"100 מ""ל",false,1,14.90,4.3188,true,1,123855
3067140243114,true,תחליף קפה לרו קרמל,מוטקה החולב,FR,תחליף קפה ציקוריה על בסיס עולש קרמל 100 גרם,Unknown,0.00,Unknown,false,1,26.90,0.0000,true,1,1944
3068320014067,false,מים מינרלים טבעיים מ,קריניציה ויטמינה אס,FR,"מים מינרליים אוויאן ספורט 750 מ""ל",מיליליטרים,750.00,"100 מ""ל",false,1,11.90,1.5867,true,1,37058
3068320017846,false,מים מינרלים טבעיים מ,קריניציה ויטמינה אס,FR,מים מינרלים אוויאן 1 ליטר,ליטרים,1.00,ליטר,false,1,11.90,11.9000,true,1,37060
3068320055008,false,מים מינרלים טבעיים מ,קריניציה ויטמינה אס,FR,"מים מינרלים אוויאן 500 מ""ל",מיליליטרים,500.00,"100 מ""ל",false,1,8.90,1.7800,true,1,37059
3073781161663,false,גבינה מותכת 18.5% שומן לה וואש קירי,לה וואש קירי La Vache qui rit,FR,גבינת לבש קירי כשר128 גר,גרמים,128.00,100 גרם,false,1,13.90,10.8594,true,1,31794
3073781161687,false,גבינת לבש קירי כשר 2,בל,FR,כשר גבינת לבש קירי כשר 256 גר,גרמים,256.00,100 גרם,false,1,25.90,10.1172,true,1,31795
3073781162790,false,גבינת בייבי בל אדם 1,מחלבות בל,FR,גבינת בייבי בל אדום 120 גרם,גרמים,120.00,100 גרם,false,1,22.90,19.0833,true,1,35600
3073781177220,false,גבינת אדם בייבי בל ר,מחלבות בל,FR,בייבי בל ספיירול 85גרם,גרמים,85.00,100 גרם,false,1,22.90,26.9412,true,1,37057
3120581456267,false,שבלי מ.דה ליני לבן י,Unknown,FR,"יין שבלי מ.דה ליני לבן יבש 750 מ""ל",מיליליטרים,750.00,"100 מ""ל",false,1,99.90,13.3200,true,1,28086
3120581458490,false,שאטו טרבון פרובנס רו,שאטו בלוו,FR,"שאטו טרבון רוזה יבש 750 מ""ל",מיליליטרים,750.00,"100 מ""ל",false,1,89.90,11.9867,true,1,35659
3141360054405,false,פיניש מפיץ ריח למדיח בניחוח לימון וליים,הדקלאים אגודת שיתופי,PL,מפיץ ריח למדיח לימון פיניש,לא מנהל יחידת מידה,0.00,לא מנהל יחידת מידה,false,1,16.90,0.0000,true,1,11236
3142640618102,false,יין רוזה מאס דה לה ס,פאברה שאטו,FR,"יין רוזה מאס דה לה סורס 750 מ""ל",מיליליטרים,750.00,"100 מ""ל",false,1,74.90,9.9867,true,1,26050
3142701906001,false,דומיין דה זאראס פינק,,FR,"דומיין דה זאראס פינק פלמינגו גרי רוזה 750 מ""ל",מיליליטרים,750.00,"100 מ""ל",false,1,79.90,10.6533,true,1,20909
3161911229199,false,אלוויר חמאה רכה 250ג',אלל אה וויר,FR,חמאה רכה אלוויר 250 גרם,גרמים,250.00,100 גרם,false,1,22.90,9.1600,true,1,120272
3161911366429,false,חמאה רכה מלוחה אלווי,ארזינא,FR,חמאה רכה מלוחה אלוויר 250 גרם,גרמים,250.00,100 גרם,false,1,22.90,9.1600,true,1,120274
3161911393210,false,חמאת נורמנדי מלוחה 2,אלוויר,FR,חמאת אלוויר עם מלח 200גרם,גרמים,200.00,100 גרם,false,1,17.90,8.9500,true,1,35665
3175460000017,false,גבינת בורסן עשבי תיב,השחר,FR,גבינה בורסאן שום 150 גרם,גרמים,150.00,100 גרם,false,1,22.90,15.2667,true,1,123090
3175460000062,false,גבינת בורסאן טבעי 15,השחר,FR,גבינה בורסאן פלפל 150 גרם,גרמים,150.00,100 גרם,false,1,22.90,15.2667,true,1,122501
3175460000864,false,גבינת בורסאן טבעי 15,"בל,",FR,גבינה בורסאן טבעי 150 גרם,גרמים,150.00,100 גרם,false,1,22.90,15.2667,true,1,121552
3175460030083,false,גבינת בורסן בצל ועיר,השחר,FR,גבינה בורסאן בצל עירית 150 גרם,גרמים,150.00,100 גרם,false,1,22.90,15.2667,true,1,122117
3178530402353,false,עוגיות ספוג קטנות מיני מדלן,סן מישל St Michel,FR,מיני מדלן 175גרם,גרמים,175.00,100 גרם,false,1,12.90,7.3714,true,1,36061
3178530407938,false,עוגיות מיני מדלן עם פצפוצי שוקולד,סן מישל St Michel,FR,מיני מדלן עם פצפוצי שוקולד 175גרם,גרמים,175.00,100 גרם,false,1,13.90,7.9429,true,1,36063
3178530412703,false,עוגיות דונאט עם שוקו,סן מישל St Michel,FR,עוגיות דונאט עם שוקולד 180 גר,גרמים,180.00,100 גרם,false,1,17.90,9.9444,true,1,38483
3178530417340,false,בראוניז שוקולד עוגות,סן מישל,FR,בראוניז 210 שוקולד,גרמים,120.00,100 גרם,false,1,17.90,14.9167,true,1,38485
3178530417357,false,בראוניז שוקולד לבן ע,סן מישל,FR,בראוניז 210 שוקולד לבן,גרמים,120.00,100 גרם,false,1,17.90,14.9167,true,1,38484
3178530417418,false,עוגיות דונוטס פיצפוצ,סן מישל St Michel,FR,עוגיות דונוטס פיצפוצי שוקולד 180 גר,גרמים,180.00,100 גרם,false,1,17.90,9.9444,true,1,38482
3179730011024,false,מים פרייה בבקבוק 330,נסטלה ווטרס ספלאי,FR,פרייה מים מינרלים מבעבעים טבעיים 330 מל,מיליליטרים,330.00,"100 מ""ל",false,1,6.90,2.0909,true,1,32325
3179732348913,false,מים מינרליים פרייה פ,נסטלה ווטרס ספלאי,FR,פרייה מים מינרליים טבעיים מבעבעים 1 ליטר,ליטרים,100.00,ליטר,false,1,9.90,0.0990,true,1,32300
3228022910023,false,חמאת צרפתית פרזידנט 200 גרם,סוסייטה בארייר דה אי,FR,פרזידנט חמאה 200 גרם,גרמים,200.00,100 גרם,false,1,15.50,7.7500,true,1,120298
3254550033217,false,גבינת ברי איסיני 220,אף.סי תבליני בגליל ב,FR,ברי איסני 220 גרם,גרמים,220.00,100 גרם,false,1,34.90,15.8636,true,1,14020
3254550033279,false,גבינת קממבר איסיני 2,איזיני סנט מר,FR,קממבר איסני 250 גרם,גרמים,250.00,100 גרם,false,1,36.90,14.7600,true,1,14018
3272770003148,false,גבינת עיזים פרמידה ש,מיוצר עי קונדיטוריית,FR,שברו טבעי 150 גרם,גרמים,150.00,100 גרם,false,1,25.90,17.2667,true,1,14019
3278480396310,false,קוניאק גודה VSכשל'פ,"יורוסטדנרט בע""מ",FR,גודט קוניאק גודה VS 700 מל,מיליליטרים,700.00,"100 מ""ל",false,1,104.90,14.9857,true,1,23956
3296324219007,false,יין לגנד בורדו רוטשי,יקבי רמת הגולן,IL,יין לגנד בורדו רוטשילד 750 מל,מיליליטרים,750.00,"100 מ""ל",false,1,109.90,14.6533,true,1,32650
3299790211018,false,ערק פניקס אניס 1 ליט,טייב,FR,ערק פניקס אניס 1 ליטר,ליטרים,1.00,ליטר,false,1,139.90,139.9000,true,1,20904
3299791003612,false,אליזה פאלאס קברנה סו,,FR,"אליזה פאלאס קברנה סוביניון 750 מ""ל",מיליליטרים,750.00,"100 מ""ל",false,1,64.90,8.6533,true,1,20910
3299791009669,false,אר דה רומי שרדונה קו,,FR,"אר דה רומי שרדונה קולקשן גורמה 750 מ""ל",מיליליטרים,750.00,"100 מ""ל",false,1,59.90,7.9867,true,1,20911
3328640121976,false,ויסקי היילנד קווין ב,פונט סלאם וולנסיה,ES,ויסקי היילנד קווין בלנדד 0.7,יחידה,1.00,יחידה,false,1,86.90,86.9000,true,1,22159
3387390320244,false,פיטנס Fitness דגנים מלאים עם פירות,נסטלה צרפת איטנקורט,FR,דגני פיטנס פירות 375 גרם,גרמים,375.00,100 גרם,false,1,21.90,5.8400,true,1,122365
3387390525960,false,קראנץ' Crunch דגנים פריכים עם שוקולד,הנסיך- מפעל לייצור ט,FR,דגני קראנץ נסטלה 500 גרם,גרמים,500.00,100 גרם,false,1,26.90,5.3800,true,1,123451
3387390730852,false,פיטנס Fitness קלאסי דגנים מלאים ואורז,נסטלה צרפת איטנקורט,FR,דגני פיטנס 375 גרם,גרמים,375.00,100 גרם,false,1,21.90,5.8400,true,1,122366
3415581187113,false,גלידת שמנת קרמל בראו,האגן דאז,FR,"גלידת שמנת קרמל בראוניס 473 מ""ל",מיליליטרים,473.00,"100 מ""ל",false,1,22.90,4.8414,true,1,120336
3491871011467,false,שאטו קסטלברוק מרגו 2,,FR,"שאטו קסטלברוק מרגו 2014 750 מ""ל",מיליליטרים,750.00,"100 מ""ל",false,1,199.90,26.6533,true,1,20901
3500610150500,false,שאטו הו פורה בורדו 7,,FR,"שאטו הו פורה מרלו 750 מ""ל",מיליליטרים,750.00,"100 מ""ל",false,1,79.90,10.6533,true,1,35657
3500610150517,false,שאטו טימברליי בורדו,שאטו בלוו,FR,"שאטו טימברליי בורדו 750 מ""ל",מיליליטרים,750.00,"100 מ""ל",false,1,89.90,11.9867,true,1,35658
3500610150524,false,שאטו הו פוטו סובינ.ב,שאטו בלוו,FR,"שאטו הו פוטו סובינ.בלאן 750 מ""ל",מיליליטרים,750.00,"100 מ""ל",false,1,89.90,11.9867,true,1,35660
3523230025638,false,גבינת עיזים בושה טבע,אוריאל,FR,גבינת בושה עיזים טבעית 125 גרם,גרמים,125.00,100 גרם,false,1,24.90,19.9200,true,1,9720
3523230025652,true,בושה עיזים שום 125 ג,אוריאל,FR,בושה עיזים שום 125 גרם נני,גרמים,125.00,100 גרם,false,1,24.90,19.9200,true,1,130192
3523230026826,false,גבינת עיזים פרימדה ס,אוריאל,FR,גבינת עיזים פרימדה סואניון 140 גרם,גרמים,140.00,100 גרם,false,1,26.90,19.2143,true,1,7291
3523230026888,false,גבינת עיזים למריחה עם שום ועשבי תיבול,סואניון SOIGNON,FR,גבינת עיזים שום פרימדה סואניון 140 גרם,גרמים,140.00,100 גרם,false,1,26.90,19.2143,true,1,4749
3523230032278,false,גבינה עיזים למריחה 1,אוריאל,FR,גבינת עיזים למריחה 150 גרם,גרמים,150.00,100 גרם,false,1,25.90,17.2667,true,1,26586
3523230038959,false,גבינת עיזים מיני בוש,אוריאל,FR,בושה מפוחם של נני 125 גרם,גרמים,125.00,100 גרם,false,1,25.90,20.7200,true,1,23614
3523230045827,false,גבינת סנט מור 160 גר,אוריאל,FR,סנט מור 160 גרם,גרמים,160.00,100 גרם,false,1,27.90,17.4375,true,1,14021
3525490011109,false,יין לה זאמל מלבק 750,badet clement,FR,לה ג'אמל מלבק יבש,מיליליטרים,750.00,"100 מ""ל",false,1,54.90,7.3200,true,1,21727
3525490011116,false,לה ז'אמל קברנה סובינ,badet clement,FR,לה ג'אמל קברנה סוביניון יבש,מיליליטרים,750.00,"100 מ""ל",false,1,54.90,7.3200,true,1,21729
3525490011123,false,לה ז'אמל סנסו רוזה 7,יקב,US,"יין לה זאמל 750 מ""ל",מיליליטרים,750.00,"100 מ""ל",false,1,64.90,8.6533,true,1,29817
3542862722111,false,קומטה גורה פלור 200,שארל ארנו,FR,קומטה גורה פלור 200 גרם,גרמים,200.00,100 גרם,false,1,54.90,27.4500,true,1,35668
3544760002449,true,מלח אטלנטי 1.1 קג,,,מלח אטלנטי 1.1 קג,Unknown,0.00,Unknown,false,1,17.90,0.0000,true,1,130201
3574660026788,true,גונסונס בייבי טלק 20,CILAG GMBH INTERNATI,IT,גונסונס בייבי טלק 200 גרם חדש,Unknown,0.00,Unknown,false,1,18.90,0.0000,true,1,14195
3574660089547,false,או-בה טמפונים קלאסי נורמל 32יח',ג'ונסון אנד ג'ונסון,GR,טמפוני O.B קלאסי נורמל 32 יח,יחידה,1.00,יחידה,false,1,24.90,24.9000,true,1,122998
3574660115154,false,או-בה טמפונים קלאסי סופר 32יח',ג'ונסון אנד ג'ונסון,IT,טמפוני O.B סופר 32 יח,יחידה,1.00,יחידה,false,1,24.90,24.9000,true,1,122999
3574660239829,false,ניוטרגינה ס.נורבגית קרם ידיים קל 75מל,ניוטרוג'ינה Neutrogena,FR,"ניטרוגינה קרם ידיים 75 מ""ל",מיליליטרים,75.00,"100 מ""ל",false,1,25.90,34.5333,true,1,9653
3574660333466,false,או-בה טמפונים פרוקומפורט מיני 32 יח',הנסיך- מפעל לייצור ט,DE,אובה מיני טמפונים ללא מוליך 32 יחידות,ליטרים,0.00,ליטר,false,1,24.90,0.0000,true,1,125139
3574660649895,false,ליסטרין מי פה זירו מ,גונסון אנד גונסון,,"ליסטרין מי פה זירו מעודן 500 מ""ל",מיליליטרים,500.00,"100 מ""ל",false,1,17.90,3.5800,true,1,24953
3574661141022,true,וניה מקסי לילה 12 יח,,,וניה מקסי לילה 12 יח,Unknown,0.00,Unknown,false,1,24.90,0.0000,true,1,130224
3574661419435,false,תחבושת הגיינית וניה מקסי לילה 12 יח',גונסון,BE,וניה מקסי לילה 12 יחידות,יחידה,12.00,יחידה,false,1,24.90,2.0750,true,1,37699
3574661425139,true,גונסונס בייבי קרם הח,CILAG GMBH INTERNATI,IT,גונסונס בייבי קרם החתלה 100 מל חדש,מיליליטרים,100.00,"100 מ""ל",false,1,15.90,15.9000,true,1,14197
3574661425696,true,גונסונס בייבי תחליב,CILAG GMBH INTERNATI,IT,גונסונס בייבי תחליב 500 חדש,Unknown,0.00,Unknown,false,1,26.90,0.0000,true,1,14198
3574661487328,false,קרפרי מגני תחתון אורגינל פלוס 56 יח',הדקלאים אגודת שיתופי,IT,קרפרי מגן תחתון רגיל 56 יח,יחידה,1.00,יחידה,false,1,19.90,19.9000,true,1,21134
3574661487618,false,קרפרי מגן תחתון מקסי לארג'' מבושם 48 יח'',ג'ויה מעבדות לקוסמטי,IT,קרפרי מגן תחתון מקסי מבושם 48 יח,יחידה,1.00,יחידה,false,1,19.90,19.9000,true,1,21136
3574661487625,false,מגני תחתון פלוס לארג' בניחוח עדין L,הדקלאים אגודת שיתופי,IT,קרפרי מגן תחתון מקסי לארג 48 יח,יחידה,1.00,יחידה,false,1,19.90,19.9000,true,1,21135
3574661500355,false,קרפרי מגן תחתון מקסי לונג רגיל 40 יח',ג'ויה מעבדות לקוסמטי,IT,קרפרי מקסי לונג רגיל 40 יח,יחידה,1.00,יחידה,false,1,19.90,19.9000,true,1,21137
3574661552576,false,קרפרי מגן תחתון רגיל טנגה לבן 56 יח חדש,הדקלאים אגודת שיתופי,IT,קרפרי מגן תחתון אוורירי טנגה 58 יחידות,יחידה,1.00,יחידה,false,1,19.90,19.9000,true,1,23962
3574661552804,false,קרפרי מגן תחתון אלוורה 56 יח',הדקלאים אגודת שיתופי,IT,קרפרי מגן תחתון אלוורה קרפרי 58 יחידות,יחידה,1.00,יחידה,false,1,19.90,19.9000,true,1,26954
3574661552811,false,קרפרי כותון אוורירי 56 יח',הדקלאים אגודת שיתופי,GR,קארפריי מגן תחתון כותנה 58 יח',יחידה,1.00,יחידה,false,1,19.90,19.9000,true,1,25857
3574661554877,false,מגן תחתון אוורירי מבושם,הנסיך- מפעל לייצור ט,GR,קרפרי מגן תחתון אוורירי מבושם 58 יח,יחידה,1.00,יחידה,false,1,19.90,19.9000,true,1,23961
3574661554884,false,קרפרי רגיל טנגה ריחני 56 יח' חדש,הדקלאים אגודת שיתופי,GR,מגן תחתון אוורירי מבושם טנגה 58 יחידות,לא מנהל יחידת מידה,7.50,לא מנהל יחידת מידה,false,1,19.90,2.6533,true,1,26369
3574669907767,true,גונסונס בייבי שמפו ק,CILAG GMBH INTERNATI,IT,גונסונס בייבי שמפו קמומיל 750 מל חדש,Unknown,0.00,Unknown,false,1,19.90,0.0000,true,1,14200
3574669908245,true,גונסונס מרכך טיפות ש,גונסון,IT,גונסונס מרכך טיפות של ברק 500 מל חדש,Unknown,0.00,Unknown,false,1,19.90,0.0000,true,1,14201
3574669908481,true,גונסונס בייבי אל סבו,CILAG GMBH INTERNATI,IT,גונסונס בייבי אל סבון אמבט 750 מל חדש,Unknown,0.00,Unknown,false,1,19.90,0.0000,true,1,14202
3574669908665,false,גונסון בייבי אל סבון לפני שינה 750 חדש,גונסון אנד גונסון,IT,גונסון בייבי אל סבון לפני שינה 750 חדש,מיליליטרים,750.00,"100 מ""ל",false,1,19.90,2.6533,true,1,14194
3574669909181,true,גונסונס בייבי שמן אל,CILAG GMBH INTERNATI,IT,גונסונס בייבי שמן אלוורה 300 מל חדש,מיליליטרים,300.00,"100 מ""ל",false,1,20.90,6.9667,true,1,14204
3574669909204,false,"שמן תינוקות גונסון 300 מ""ל",ג'ונסונס Johnson's,IT,גונסונס בייבי שמן 300 מל חדש,מיליליטרים,300.00,"100 מ""ל",false,1,19.90,6.6333,true,1,14030
3574669909822,true,גונסונס ספריי קשרים,CILAG GMBH INTERNATI,IT,גונסונס ספריי קשרים טיפות של ברק 200 חדש,Unknown,0.00,Unknown,false,1,16.90,0.0000,true,1,14205
3600522344070,false,לוריאל - אלביב מסכה קולור פרוטקט 300,"לוריאל ישראל בע""מ",FR,אלביב מסיכה לשיער צבוע 300 מל,מיליליטרים,300.00,"100 מ""ל",false,1,25.90,8.6333,true,1,35425
3600523642489,false,מסכת הזנה אינטנסיבית 6 שמנים לשיער יבש,לוריאל - אלביב Elvive,DE,אלביב מסכה 300 מל 6 שמנים,מיליליטרים,300.00,"100 מ""ל",false,1,25.90,8.6333,true,1,14125
3600523782567,false,"לוריאל - אלביב שמפו דרים לונג 500 מ""ל",,,אלביב שמפו דרים לום,יחידה,1.00,יחידה,false,1,16.90,16.9000,true,1,28844
3600523782574,false,לוריאל - אלביב מסכה דרים לונג 300,לוריאל - אלביב Elvive,FR,אלביב דרים לונג מסכה לשיער ארוך ופגום 30,מיליליטרים,300.00,"100 מ""ל",false,1,25.90,8.6333,true,1,35427
3600523782581,true,מרכך דרים לונג אלביב,,,מרכך דרים לונג אלביב,יחידה,1.00,יחידה,false,1,16.90,16.9000,true,1,32619
3607343817547,false,"אדידס - דאודורנט ספריי לגבר קליימקול 150 מ""ל",קולפ,PT,"אדידס דאו ספריי לגבר קליימקול 150 מ""ל",מיליליטרים,150.00,"100 מ""ל",false,1,14.90,9.9333,true,1,27003
3607345264356,true,דאו לגבר פיוזן דינמי,מיוצר עי קונדיטוריית,PL,150 מל דאודורנט ספריי לגבר דינמיק פולס אדידס,Unknown,0.00,Unknown,false,1,19.90,0.0000,true,1,130248
3607345264912,false,"אדידס פיוז'ן ספריי גוף אייס דייב לגברים 150 מ""ל",המאפיה של הרמן,ES,אדידס בודי ספריי לגבר אייס דייב 96 גרם,מיליליטרים,150.00,"100 מ""ל",false,1,19.90,13.2667,true,1,124421
3607345265117,false,"אדידס - דאודורנט ספריי לגבר טים פורס 150 מ""ל",מיוצר עי קונדיטוריית,ES,אדידס בודי ספריי לגבר טים פורס 150 מל,לא מנהל יחידת מידה,0.00,לא מנהל יחידת מידה,false,1,19.90,0.0000,true,1,1981
3614223736003,false,"אדידס - דאודורנט ספריי לגבר אדיפיור 150 מ""ל",איגפק אס.איי,PT,"אדידס דאו ספריי לגבר אדיפיור 150 מ""ל",מיליליטרים,150.00,"100 מ""ל",false,1,14.90,9.9333,true,1,27004
3661163970448,false,"אדידס דאודורנט ספריי מקס פרש לגברים 200 מ""ל",מיוצר עי קונדיטוריית,PT,200 מל דאודורנט ספריי דריי פאוור לגבר פרש,מיליליטרים,200.00,"100 מ""ל",false,1,19.90,9.9500,true,1,123972
3661163990545,false,"אדידס דאודורנט ספריי לגברים אקשיין 200 מ""ל",מיוצר עי קונדיטוריית,PT,200 מל דאודורנט ספריי קליימקול לגבר אדידס,מיליליטרים,200.00,"100 מ""ל",false,1,19.90,9.9500,true,1,123974
3661163991146,false,"אדידס - דאודורנט ספריי לאישה קול אנד קר פרש 150 מ""ל",מיוצר עי קונדיטוריית,PT,אדידס דאודורנט ספריי לאישה פרש 150 מל,מיליליטרים,200.00,"100 מ""ל",false,1,19.90,9.9500,true,1,14552
3661163991344,false,"אדידס דאודורנט ספריי מקס פרו-קליר לאישה 150 מ""ל",מיוצר עי קונדיטוריית,PT,"ספריי נשים דרי מקס פרו קליר 150 מ""ל",מיליליטרים,150.00,"100 מ""ל",false,1,19.90,13.2667,true,1,17802
3661163991580,false,"אדידס - דאודורנט ספריי לאישה קול אנד קר 6 ב-1 150 מ""ל",מיוצר עי קונדיטוריית,PT,אדידס דאודורנט ספריי לאישה 6 ב-1 150 מל,מיליליטרים,200.00,"100 מ""ל",false,1,19.90,9.9500,true,1,14553
3663559000135,false,שזיפים מיובשים אורגנ,היצרן: לה קומפני דה,FR,"שזיפים מיובשים אורגניים רכים, ללא גלעינים 250 גרם",גרמים,250.00,100 גרם,false,1,26.90,10.7600,true,1,12437
3760125946719,false,רוזה אור פרובאנס 750,ג'נרל מילס סאן אדריא,FR,יין רוזה יבש 750 מל,מיליליטרים,750.00,"100 מ""ל",false,1,59.90,7.9867,true,1,28917
3770000016796,false,‎פ‎‎כשל‎ ‎שאבלי‎ ‎ש,דומיין דה לה,FR,‎פ‎‎כשל‎ ‎שאבלי‎ ‎שאטיון‎ ‎דה‎ ‎דומיין‎,מיליליטרים,750.00,"100 מ""ל",false,1,99.90,13.3200,true,1,36257
4000417019004,false,שוקולד חלב עם אגוזי לוז שלמים,ריטר ספורט Ritter sport,DE,ריטר ספורט שוקולד חלב עם אגוזי לוז שלמים,גרמים,100.00,100 גרם,false,1,11.20,11.2000,true,1,124482
4000417022004,false,שוקולד ריטר ספורט צימוק אגוז 100 גרם חלב נוכרי,ריטר ספורט Ritter sport,DE,שוקולד ריטר ספורט חלב צימוק אגוזים 100 ג,גרמים,100.00,100 גרם,false,1,11.20,11.2000,true,1,124483
4000417023001,false,שוקולד ריטר ספורט שקדים חלב 100גר,ריטר ספורט Ritter sport,DE,ריטר ספורט שוקולד חלב מעולה עם שקדים שלמים,גרמים,100.00,100 גרם,false,1,11.90,11.9000,true,1,124484
4000417025005,false,שוקולד ריטר ספורט מרציפן 100 גרם חלב נוכרי,ריטר ספורט Ritter sport,DE,ריטר ספורט שוקולד מריר ממולא מרציפן,גרמים,100.00,100 גרם,false,1,11.20,11.2000,true,1,124485
4000417026002,false,שוקולד ריטר ספורט פרלין 100 גרם חלב נוכרי,ריטר ספורט Ritter sport,DE,שוקולד ריטר ספורט נוגט פרלין 100 גרם,גרמים,100.00,100 גרם,false,1,11.20,11.2000,true,1,124486
4000417101211,false,גלילי וופל עם קרם אגוזי לוז בציפוי שוקולד חלב,אמיצ'לי Amicelli,AT,אמיצלי גלילי וופל 150 גרם,גרמים,150.00,100 גרם,false,1,17.90,11.9333,true,1,34938
4000417211002,false,שוקולד ריטר ספורט מוס קרמל 100 גרם חלב נוכרי,ריטר ספורט Ritter sport,DE,שוקולד ריטר ספורט מוס קרמל ושברי שקדים,גרמים,100.00,100 גרם,false,1,11.20,11.2000,true,1,128647
4000417222008,false,שוקולד ריטר ספורט חלב+שברי אגוזים 100 גרם חלב נוכרי,ריטר ספורט Ritter sport,DE,שוקולד ריטר שברי אגוזים 100 גרם,גרמים,100.00,100 גרם,false,1,11.20,11.2000,true,1,128410
4000417224002,false,"ריטר ספורט טבלת שוקולד מריר אגוזים, 100 גרם",ריטר ספורט Ritter sport,DE,שוקולד ריטר ספורט מריר אגוזים 100 גרם,גרמים,100.00,100 גרם,false,1,11.90,11.9000,true,1,127344
4000417294005,false,שוקולד ריטר מוס קקאו 100 גרם חלב נוכרי,ריטר ספורט Ritter sport,DE,שוקולד ריטר קרם קקאו מוקצף 100 ג,גרמים,100.00,100 גרם,false,1,11.20,11.2000,true,1,127343
4000417298003,false,שוקולד ריטר ספורט קוקוס 100 גרם חלב נוכרי,ריטר ספורט Ritter sport,DE,שוקולד רייטר קוקוס 100 ג,גרמים,100.00,100 גרם,false,1,11.20,11.2000,true,1,127296
4000539280726,false,שוקולד לינדט אקסלנס,לינדט ושפרונגלי,DE,שוקולד לינדט אקסלנס 70% מילד 100 גרם,גרמים,100.00,100 גרם,false,1,14.90,14.9000,true,1,36617
4000539280740,true,לינדט אקסלנס 78% 100,לינדט ושפרונגלי אס.א,DE,לינדט אקסלנס 78% 100 גרם,גרמים,100.00,100 גרם,false,1,14.90,14.9000,true,1,36749
4000799109416,false,קפה אורגני קלוי וטחון,מאונט האגן Mount Hagen,DE,קפה אורגני קלוי וטחון,גרמים,250.00,100 גרם,false,1,34.90,13.9600,true,1,21110
4000799136887,false,קפה נמס אורגני מיובש,,DE,קפה נמס נטול אורגני,לא מנהל יחידת מידה,0.00,לא מנהל יחידת מידה,false,1,39.90,0.0000,true,1,130913
4001507161948,false,שיבולת שועל דקה להכנה מהירה,פרוטרי,DE,פתיתי שיבולת שועל דקה 500 גר,גרמים,500.00,100 גרם,false,1,5.90,1.1800,true,1,22508
4001507161955,false,שיבולת שועל עבה להכנה מהירה,פרוטרי,DE,פתיתי שיבולת שועל עבה 500 גר,גרמים,500.00,100 גרם,false,1,5.90,1.1800,true,1,22499
4002103250487,false,בירה ארדינגר בהירה מ,ארדינגר,DE,"בירה ארדינגר בהירה מעוננת 500 מ""ל",מיליליטרים,500.00,"100 מ""ל",false,1,11.90,2.3800,true,1,340
4002103289449,false,בירה ארדינגר ללא אלכ,Beck and Co,DE,"בירה ארדינגר ללא אלכוהול 330 מ""ל",מיליליטרים,330.00,"100 מ""ל",false,1,7.90,2.3939,true,1,20912
4002448017684,false,"סיליט באנג ספריי רב שימושי כתום 750 מ""ל",הדקלאים אגודת שיתופי,PL,"ספריי לניקוי כללי והסרת אבנית סיליט באנג 750 מ""ל",מיליליטרים,750.00,"100 מ""ל",false,1,14.90,1.9867,true,1,122012
4002448019480,false,"סיליט באנג ספריי מסיר שומנים 750 מ""ל",סיליט באנג Cillit Bang,PL,"ספריי מסיר שומנים סיליט באנג 750 מ""ל",מיליליטרים,750.00,"100 מ""ל",false,1,14.90,1.9867,true,1,1785
4002575016253,false,מרציפן מצופה שוקולד,הדקלאים אגודת שיתופי,DE,מרציפן מצופה שוקולד 100 גר .,גרמים,100.00,100 גרם,false,1,9.90,9.9000,true,1,120476
4002590000022,false,סוכריות קלפני פירות יער אוכמניות 150 ג',קלפני Kalfany,DE,קלפני פירות יער 150 גר',גרמים,150.00,100 גרם,false,1,12.00,8.0000,true,1,122045
4002590000046,false,סוכריות קלפני מנטה מרענן 150ג',קלפני Kalfany,DE,קלפני מנטה מרענן 150 גר',גרמים,150.00,100 גרם,false,1,12.00,8.0000,true,1,121502
4002590703541,false,קלפני סוכריות קשות בטעם תות,קלפני Kalfany,DE,קלפני בטעם תות 150 גר',גרמים,150.00,100 גרם,false,1,12.00,8.0000,true,1,12753
4002720005736,false,מליטה פרימיום קפה פי,המאפיה של הרמן,DE,מליטה קפה לפילטר פרימיום 250 גרם,גרמים,250.00,100 גרם,false,1,24.70,9.8800,true,1,17788
4002720008300,true,פולי קפה מליטה 1 קג,,,פולי קפה מליטה 1 קג,Unknown,0.00,Unknown,false,1,120.00,0.0000,true,1,130917
4003754021679,false,בונ קרסטנס מרציפן מח,Erasmi & Carstens Gm,DE,בונ עיגולי מרציפן עם מחית דובדבן בשוקולד,גרמים,210.00,100 גרם,false,1,26.90,12.8095,true,1,38343
4003754021693,false,בונ קרסטנס מרציפן מח,Erasmi & Carstens Gm,DE,בונ עיגולי מרציפן עם מחית תפוזים בשוקולד,גרמים,210.00,100 גרם,false,1,26.90,12.8095,true,1,38344
4003754081000,false,חטיף מרציפן קארסטנס,Erasmi & Carstens Gm,DE,מרציפן חטיף 100 גרם CARSTENS ERASMI,גרמים,100.00,100 גרם,false,1,8.90,8.9000,true,1,11985
4003754092006,true,סרגל מרציפן 125ג,,,סרגל מרציפן 125ג,Unknown,0.00,Unknown,false,1,11.90,0.0000,true,1,130918
4004666042004,false,משמיד עובש עם מרסס מלרוד Mellerud,מרלוד,DE,יעקבי מלרוד ספריי משמיד עובש 500 מל,מיליליטרים,500.00,"100 מ""ל",false,1,29.90,5.9800,true,1,17660
4004666107819,false,"מלרוד - מרסס לניקוי וטיהור המזגן 500 מ""ל",פרח,DE,מלרוד ניקוי וטיהור מזגן 500 מל,מיליליטרים,500.00,"100 מ""ל",false,1,27.90,5.5800,true,1,14758
4004715020755,false,קישוטי עוגה פרינס אנד פרינסס 75 ג',היינץ צפון אמריקה מק,DE,3 סוגי קישוט צבעוני לעוגה 75 גרם,גרמים,75.00,100 גרם,false,1,16.90,22.5333,true,1,9651
4005808366392,false,שפתון כחול בליסטר לבלו,טרופיקל דגיל תעשיות,DE,לבלו בליסטר כחול,גרמים,1.00,100 גרם,false,1,11.90,1190.0000,true,1,25874
4005808368280,false,לבלו דובדבן בליסטר שפתון,טרופיקל דגיל תעשיות,DE,לבלו בליסטר דובדבן,גרמים,1.00,100 גרם,false,1,11.90,1190.0000,true,1,25875
4005808650002,false,לבלו שפתון כחול,ברייסדוף,,לבלו כחול בודד,גרמים,5.00,100 גרם,false,1,12.90,258.0000,true,1,122089
4005808650712,false,שפתון לבלו דובדבן,ביסיצורי,,לבלו שפתון דובדבן,גרמים,5.00,100 גרם,false,1,14.90,298.0000,true,1,123392
4005808650729,false,לבלו שפתון תות שדה,ביירסדורף,,לבלו שפתון תות שדה,יחידה,1.00,יחידה,false,1,12.90,12.9000,true,1,24104
4005808670611,false,ניוואה קרם לחות לעור,ביירסדורף,,ניוואה קרם לחות לעור יבש 50 מל,מיליליטרים,50.00,"100 מ""ל",false,1,39.90,79.8000,true,1,18020
4005808698103,false,ניוואה תחליב גוף משאבה 500מל,בטר אנד דיפרנט,ES,"ניוואה תחליב גוף לעור יבש 500 מ""ל",מיליליטרים,500.00,"100 מ""ל",false,1,28.90,5.7800,true,1,28310
4005808702107,false,ניוואה תחליב גוף עשיר משאבה 500מל,בטר אנד דיפרנט,ES,"ניוואה תחליב גוף לעור יבש מאוד 500 מ""ל",מיליליטרים,500.00,"100 מ""ל",false,1,28.90,5.7800,true,1,28311
4005808817405,false,"ניוואה גל גילוח רגיש 200 מ""ל",פרוטרופיק סיה.,DE,ניוואה ג'ל גילוח לגבר רגיש,גרמים,264.00,100 גרם,false,1,25.90,9.8106,true,1,17535
4005808850723,false,שפתון לבלו תות בליסט,טרופיקל דגיל תעשיות,DE,לבלו שפתון מגן תות,גרמים,5.00,100 גרם,false,1,12.90,258.0000,true,1,17711
4005808890576,false,ניוואה סופט שפופרת 75מל,ניוואה Nivea,DE,ניוואה קרם לחות רב שימושי במרקם עדין 75 מל,Unknown,0.00,Unknown,false,1,15.90,0.0000,true,1,25862
4005900036476,false,"ניוואה - דאודורנט רול און לאישה בלק אנד וויט קליר 50 מ""ל",טרופיקל דגיל תעשיות,DE,ניוואה דאו. רול און לאישה בלק אנד וויט 5,מיליליטרים,50.00,"100 מ""ל",false,1,16.90,33.8000,true,1,127640
4005900036483,false,"ניוואה - דאודורנט ספריי לגבר שקוף בלק וווי 150 מ""ל",בטר אנד דיפרנט,DE,דאודורנט ספריי אנטי פרסיפירנט שקוף לגבר לכל בגד,מיליליטרים,150.00,"100 מ""ל",false,1,17.90,11.9333,true,1,25867
4005900036506,false,"ניוואה - דאודורנט רול און לגבר שקוף בלק 50 מ""ל",טרופיקל דגיל תעשיות,DE,ניוואה דאודורנט רול און בלק אנד וייט 50,מיליליטרים,50.00,"100 מ""ל",false,1,16.90,33.8000,true,1,127641
4005900138842,false,"ניוואה - תחליב רחצה סמוט 750 מ""ל",NIVEA,DE,ניוואה תחליב רחצה חמאת שיאה 750 מל,מיליליטרים,750.00,"100 מ""ל",false,1,15.90,2.1200,true,1,36246
4005900274304,false,"ניוואה - דאודורנט ספריי לגבר פרש אושן 150 מ""ל",פרוטרופיק סיה.,DE,ניוואה דאו מן ספריי פרש150מל,מיליליטרים,150.00,"100 מ""ל",false,1,17.90,11.9333,true,1,25868
4005900547316,false,"ניוואה - דאודורנט ספריי לאישה שקוף בלק וווי 150 מ""ל",בטר אנד דיפרנט,DE,דאודורנט ספריי אנטי פרסיפירנט שקוף לאישה,מיליליטרים,150.00,"100 מ""ל",false,1,17.90,11.9333,true,1,25869
4005900828088,false,"ניוואה - דאודורנט רול און לגבר פרש 50 מ""ל",טרופיקל דגיל תעשיות,DE,דאודוראנט רול און אנטי פרספירנט פרש לגבר,מיליליטרים,50.00,"100 מ""ל",false,1,16.90,33.8000,true,1,25866
4006508122134,false,מליטה נייר פילטר,שוורצקוף& הנקל דיסלד,DE,"נייר פילטר לקפה מס' 4, 40 יחידות",יחידה,1.00,יחידה,false,1,12.90,12.9000,true,1,129507
4006814000720,false,סנטה קלנדר 75 גרם,WAWI GROUP,DE,סנטה קלנדר 75 גרם,גרמים,75.00,100 גרם,false,1,11.90,15.8667,true,1,38345
4006814000751,false,סנטה בודד עם כובע 80,WAWI GROUP,DE,סנטה בודד עם כובע 80 גרם,גרמים,80.00,100 גרם,false,1,13.90,17.3750,true,1,38346
4006814000874,false,סנטה בודד עם כובע וכ,WAWI GROUP,DE,סנטה בודד עם כובע וכיס 200 גרם,גרמים,200.00,100 גרם,false,1,29.90,14.9500,true,1,38348
4006814011061,false,סנטה בודד 60 גרם WAW,WAWI Euro Gmbh,DE,סנטה בודד 60 גרם WAWI,גרמים,60.00,100 גרם,false,1,6.90,11.5000,true,1,11983
4006814072000,false,סנטה שקית 200 גרם WA,WAWI Euro Gmbh,DE,סנטה שקית 200 גרם WAWI,גרמים,200.00,100 גרם,false,1,18.90,9.4500,true,1,11994
4007745058804,false,מיונז אורגני נטורפוד,אף.סי תבליני בגליל ב,DE,נטורפוד מיונז אורגני 350 גרם,גרמים,340.00,100 גרם,false,1,24.90,7.3235,true,1,126356
4007745058811,false,חרדל אורגני נטורפוד,נטורפוד,DE,נטורפוד חרדל אמיתי אורגני 200 גרם,גרמים,200.00,100 גרם,false,1,15.90,7.9500,true,1,139017
4007745058828,true,חרדל גרגירים אמיתי א,אף.סי תבליני בגליל ב,DE,נטורפוד חרדל גרגרים אמיתי אורגני 200 גרם,גרמים,200.00,100 גרם,false,1,15.90,7.9500,true,1,130948
4008400230726,false,ביצת שוקולד הפתעה קינדר ענקית 100ג' בנים,קינדר Kinder,BE,ביצת הפתעה קינדר מקסי12 יח,גרמים,100.00,100 גרם,false,1,25.90,25.9000,true,1,20218
4008400290126,false,קינדר פינגווי עוגת ספוג במילוי חלבי מצופה שוקולד מריר 30 גר',פררו טורקיה צ'יקולטה,TR,קנדר עוגת ספוג במילוי חלבי מצופה ש מריר,גרמים,30.00,100 גרם,false,1,4.50,15.0000,true,1,30550
4009300522935,false,תה פומפדור תה ירוק לימונית ולואיזה 20 יח',"איטיליאן פוד, אס.פי.",DE,פומפדור תה ירוק לימונית ולואיזה 30 גר',גרמים,30.00,100 גרם,false,1,19.90,66.3333,true,1,123400
4009300522966,false,פומפדור תה ירוק נענע 20 שקיקים,"איטיליאן פוד, אס.פי.",DE,pompadour תה ירוק עם נענע 30 גרם,גרמים,30.00,100 גרם,false,1,18.90,63.0000,true,1,123401
4009300524588,false,תה פומפדור חליטת צמחים פירות יער 20 יח',פומפדור Pompadour,DE,תה פומפדור חליטה פירות יער,גרמים,60.00,100 גרם,false,1,16.90,28.1667,true,1,123746
4009300525011,false,פומפידור תה ירוק עם תפוז וג'ינגר 25 שקיקים,"איטיליאן פוד, אס.פי.",DE,פומפדור תה ירוק ג'ינג'ר תפוז 30 גרם,גרמים,30.00,100 גרם,false,1,19.50,65.0000,true,1,124748
4009300525684,false,חליטת צמחים ג'ינג'ר לימונית,פומפדור Pompadour,DE,"חליטת לימון ג""ינגר",גרמים,35.00,100 גרם,false,1,16.90,48.2857,true,1,125370
4009300526438,false,פומפדור תה ירוק קלאסי 30 ג',"איטיליאן פוד, אס.פי.",DE,פומפדור תה ירוק קלאסי 30 גרם,גרמים,30.00,100 גרם,false,1,18.90,63.0000,true,1,126699
4009300527909,true,פומפדור גינגר כורכום,,DE,פומפדור גינגר כורכום,Unknown,0.00,Unknown,false,1,16.90,0.0000,true,1,7331
4009300529613,false,"חליטת צמחים אורגנית עם קמומיל, מליסה ויערת דבש","איטיליאן פוד, אס.פי.",DE,פומפדור חליטת צמחים אורגנית,לא מנהל יחידת מידה,0.00,לא מנהל יחידת מידה,false,1,17.90,0.0000,true,1,26920
4009300529651,false,"חליטת צמחים אורגניצת עם ג'ינג'ר, לימון וכורכום",פומפדור Pompadour,DE,פומפדור חליטת צמחים אורגנית,לא מנהל יחידת מידה,0.00,לא מנהל יחידת מידה,false,1,17.90,0.0000,true,1,26919
4009300529699,false,"חליטת צמחים אורגנית עם מאטה, נענע וגרידת לימון","איטיליאן פוד, אס.פי.",DE,פומפדור חליטת צמחים אורגנית,לא מנהל יחידת מידה,0.00,לא מנהל יחידת מידה,false,1,17.90,0.0000,true,1,26918
4009309022399,true,כרוב כבוש אורגני 670,נטורפוד,DE,כרוב כבוש אורגני 670 גרם,גרמים,670.00,100 גרם,false,1,16.90,2.5224,true,1,130955
4009309114346,true,מלפפונים אורגנים בחו,סטאר סנקס,DE,מלפפונים אורגנים בחומץ ללא סוכר 670 גרם,גרמים,670.00,100 גרם,false,1,24.90,3.7164,true,1,130956
4009309114407,true,נטורפוד מלפפון כבוש,נטורפוד,DE,מלפפון כבוש אורגני,גרמים,670.00,100 גרם,false,1,24.90,3.7164,true,1,130957
4009309456453,true,סלק אדום אורגני 670,נטורפוד,DE,סלק אדום אורגני,גרמים,670.00,100 גרם,false,1,15.90,2.3731,true,1,130958
4009309742426,true,רסק תפוח מנגו אורגני,תות תעשיות מזון (201,DE,רסק תפוח מנגו אורגני,גרמים,700.00,100 גרם,false,1,18.90,2.7000,true,1,130960
4009900379564,false,מסטיק הובה בובה Hubba Bubba טייפ בטעם פירות,מרס ריגלי קונפקשונרי,,הובה בובה טייפ פירות,לא מנהל יחידת מידה,0.00,לא מנהל יחידת מידה,false,1,7.90,0.0000,true,1,122618
4009900402965,false,מסטיק אורביט וויט בטעם פירות ללא סוכר,ריגלי פולין,PL,מסטיק אורביט וויט פירות בקבוקון,Unknown,0.00,Unknown,false,1,9.90,0.0000,true,1,125416
4009900403023,false,מסטיק אורביט בקבוקון דאבל white קלאסי 64ג',"ב.א מזון בע""מ",PL,מסטיק אורביט וויט מנטה בקבוקון,גרמים,64.00,100 גרם,false,1,9.90,15.4688,true,1,125417
4009900420129,false,מסטיק אורביט פרופשנל פפרמינט בקבוקון 64 גר',מרס נדרלנד,PL,אורביט פרופשיונל פפרמינט בקבוקון,לא מנהל יחידת מידה,0.00,לא מנהל יחידת מידה,false,1,9.90,0.0000,true,1,12699
4009900426039,false,מסטיק איירוויבז מנטה אקליפטוס בקבוקון,איירוויבס Airwaves,PL,מסטיק איירווייבס מנטה אקליפטוס בקבוקון,גרמים,64.00,100 גרם,false,1,9.90,15.4688,true,1,128848
4009900455299,false,סוכריות סקיטלס פירות 174 גרם,ריגלי ממתקים,CZ,סקיטלס פירות 174 גרם,גרמים,174.00,100 גרם,false,1,9.90,5.6897,true,1,126723
4009900465304,false,סוכריות סקיטלס פירות חמוצים 174 גרם,ריגלי ממתקים,CZ,סקיטלס חמוץ 174 גרם,גרמים,174.00,100 גרם,false,1,9.90,5.6897,true,1,126724
4009900479998,false,מסטיק אורביט בטעם אוכמניות ללא סוכר,ריגלי פולין,PL,מסטיק אורביט אוכמניות בקבוקון,Unknown,0.00,Unknown,false,1,9.90,0.0000,true,1,126725
4009900482417,false,מסטיק אורביט פירות מנטה בקבוקון באבל מינט 45יח,ריגלי פולין,PL,מסטיק אורביט בבאבל מינט בקבוקון,Unknown,0.00,Unknown,false,1,9.90,0.0000,true,1,125828
4009900500166,false,סוכריות פירות אדום סקיטלס בקבוקון 125ג',ריגלי ממתקים,,סוכריות סקיטלס פירות בקבוקון 125 גרם,גרמים,125.00,100 גרם,false,1,10.90,8.7200,true,1,129107
4009900521581,false,מסטיק פרופשונל מינטס מנטה בקבוקון 77 גר',ריגלי פולין,PL,סוכריות אורביט מינטס דובדבן בקבוקון,לא מנהל יחידת מידה,0.00,לא מנהל יחידת מידה,false,1,11.90,0.0000,true,1,129637
4009900525138,false,"וויט גומי לעיסה בטעם תות ללא סוכר, 64 ג' אורפיט",ריגלי,PL,מסטיק אורביט וויט תות בקבוקון,יחידה,1.00,יחידה,false,1,9.90,9.9000,true,1,21921
4009900531122,false,"מסטיק בטעם מנטה ספירמינט, 64 ג' פרופשיונל אורפיט",מרס נדרלנד,PL,אורביט פרופשיונל ספירמינט בקבוקון,לא מנהל יחידת מידה,0.00,לא מנהל יחידת מידה,false,1,9.90,0.0000,true,1,12700
4009900536257,false,מסטיק אורביט רפרשרס ספירמינט בקבוקון ללא סוכר 67 גר',מרס ריגלי קונפקשונרי,PL,מסטיק אורביט רפרשרס ספירמנט 67 ג,גרמים,67.00,100 גרם,false,1,10.90,16.2687,true,1,29863
4009900536288,false,מסטיק אורביט רפרשרס פפרמינט בקבוקון ללא סוכר 67 גר',מרס ריגלי קונפקשונרי,PL,מסטיק אורביט רפרשרס פפרמ 67 ג,גרמים,67.00,100 גרם,false,1,10.90,16.2687,true,1,29864
4009900536486,false,מסטיק אורביט רפרשרס באבלמינט בקבוקון ללא סוכר 67 גר',מרס ריגלי קונפקשונרי,PL,מסטיק אורביט רפרשרס באבלמ 67 ג,גרמים,67.00,100 גרם,false,1,10.90,16.2687,true,1,29865
4009900539340,false,סקיטלס ג'יינט סאוור 141 גרם,מרס ריגלי קונפקשונרי,PL,סקיטלס גיינט סאוור 141 גר,גרמים,141.00,100 גרם,false,1,9.90,7.0213,true,1,34877
4009900539685,false,"מסטיק פייב באונס בטעם מנטה בקבוקון, 61.8 גרם",ריגלי בעמ רוסיה,PL,מסטיק פייב מנטה בקבוקון 61.8גרם,גרמים,62.00,100 גרם,false,1,11.90,19.1935,true,1,35328
4009900539746,false,"מסטיק פייב באונס בטעם אבטיח בקבוקון, 61.8 גרם",ריגלי בעמ רוסיה,PL,מסטיק פייב אבטיח בקבוקון 61.8גרם,גרמים,62.00,100 גרם,false,1,11.90,19.1935,true,1,35329
4009900540551,false,מסטיק אורביט רפרשרס טרופיקל בקבוקון ללא סוכר,מרס פולין,PL,אורביט ריפרשרס טרופיקל,גרמים,67.00,100 גרם,false,1,10.90,16.2687,true,1,35323
4010492961723,false,אתנה סטיק סלמון ופורל לחתול,אתנה Athena,DE,אתנה סטיק סלמון,גרמים,50.00,100 גרם,false,1,19.90,39.8000,true,1,37095
4011800567613,false,חטיף קורני מילק Corny milk שחור לבן,מיוצר עי קונדיטוריית,DE,חטיף קורני סנדוויץ שחור לבן מארז 4 יח,גרמים,120.00,100 גרם,false,1,12.90,10.7500,true,1,126556
4011800630515,false,חטיף דגנים עם שוקולד חלב ובננה,מיוצר עי קונדיטוריית,DE,קורני חטיף דגנים עם שוקולד חלב ובננה 175 גרם,גרמים,150.00,100 גרם,false,1,12.90,8.6000,true,1,126269
4011800632519,false,חטיף דגנים עם שוקולד חלב וקוקוס,מיוצר עי קונדיטוריית,DE,חטיף קורני שוקולד חלב וקוקוס מארז 6 יח,גרמים,150.00,100 גרם,false,1,12.90,8.6000,true,1,126319
4011800633516,false,חטיף דגנים עם שוקולד מריר מעולה,שוורטאוור וורקה,DE,חטיף קורני שוקולד מריר מארז 6 יח,גרמים,138.00,100 גרם,false,1,12.90,9.3478,true,1,126216
4011800636517,false,חטיף קורני Corny Free עם שוקולד חלב,מיוצר עי קונדיטוריית,DE,חטיף קורני FREE שוקולד חלב מארז 6 יח,גרמים,120.00,100 גרם,false,1,12.90,10.7500,true,1,126218
4012273123009,false,"קרם ידיים ניטרוגינה 50 מ""ל",גונסון אנד גונסון,FR,נטרוגינה קרם ידיים מרוכז 50 מל,מיליליטרים,50.00,"100 מ""ל",false,1,29.90,59.8000,true,1,28762
4012839597596,false,כבד דג שיבוט רויגן,רוג'ין פיש,,כבד דג שיבוט רויגן 115 גרם,גרמים,115.00,100 גרם,false,1,13.90,12.0870,true,1,38328
4013044100007,false,אבקת אפיה אורגנית-לי,ליקרס,DE,ליקרס אבקת אפיה אורגנית,גרמים,84.00,100 גרם,false,1,8.20,9.7619,true,1,131057
4013044100106,true,שמרים יבשים אורגנים,תות תעשיות מזון (201,DE,שמרים אורגניים יבשים פעילים,גרמים,36.00,100 גרם,false,1,19.90,55.2778,true,1,131059
4013044100182,false,מקריש צמחי טבעי,ליקרס,DE,מקריש צמחי טבעי אורגני,גרמים,30.00,100 גרם,false,1,22.90,76.3333,true,1,131062
4014388000213,false,בירה פחית רדברגר 500,"איי, בי, אינבוו",DE,"בירה פחית רדברגר 500 מ""ל 4.8%",מיליליטרים,500.00,"100 מ""ל",false,1,8.90,1.7800,true,1,13626
4014400900217,false,בונבונירה מרסי 400 גרם חלבי - נוכרי,קריניציה ויטמינה אס,DE,בונבוניירה מרסי 400 גרם,גרמים,400.00,100 גרם,false,1,49.90,12.4750,true,1,121522
4014400901191,false,בונבונירה מרסי קלאסי 250 גרם חלב נוכרי,אוגוסט שטורק,DE,בונבוניירה מרסי 250 גרם,גרמים,250.00,100 גרם,false,1,26.90,10.7600,true,1,120487
4014400901405,false,בונבוניירה שוקולד מרסי חלב 250 ג',קריניציה ויטמינה אס,DE,"בונבוניירה מרסי חלב 250 גר """,גרמים,250.00,100 גרם,false,1,29.90,11.9600,true,1,122623
4014400901412,false,בונבוניירה שוקולד מריר מרסי 250 ג`,תות ממתקי איכות,DE,בונבוניירה מרסי מריר 250 גרם,גרמים,250.00,100 גרם,false,1,29.90,11.9600,true,1,124639
4014400904277,false,סוכריות אייס פרש 425 ג',תות ממתקי איכות,DE,אייספרש 425 גרם (15 בקרטון),גרמים,425.00,100 גרם,false,1,19.90,4.6824,true,1,121902
4014400904307,false,סוכריות קליפורניה בטעמי פירות,קריניציה ויטמינה אס,DE,קליפורניה שקית 425 גר',גרמים,425.00,100 גרם,false,1,19.90,4.6824,true,1,12732
4014400904376,false,סוכריות טופי שוקולדן שטורק 325 ג',קריניציה ויטמינה אס,DE,סוכ.שטורק שוקולדן 325 גר,גרמים,326.00,100 גרם,false,1,19.90,6.1043,true,1,120488
4014400904390,false,סוכריות וולמילש ממולא ט.חלב 325גרם,קריניציה ויטמינה אס,DE,וולמילש 325 גר',גרמים,325.00,100 גרם,false,1,19.90,6.1231,true,1,120489
4014400907902,false,סוכריות חמאה ללא סוכר בטעם קרמל בקופסא,תות ממתקי איכות,DE,ורטרס אורגינל 42 גרם,גרמים,42.00,100 גרם,false,1,6.90,16.4286,true,1,124144
4014400909692,false,וורטר ללא סוכר קפוצינו 42 גרם קופסא,קריניציה ויטמינה אס,DE,סוכריות וורטר קפה ללא סוכר,גרמים,42.00,100 גרם,false,1,6.90,16.4286,true,1,125005
4014400910063,false,סוכריות וורטר טופי חמאה 135ג',אוגוסט שטורק,DE,וורטרס אורגינל סוכריות חמאה 135 גרם,גרמים,135.00,100 גרם,false,1,10.90,8.0741,true,1,124189
4014400913910,false,סוכריות וורטר במליוי קרם 125 ג',תות ממתקי איכות,DE,וורטר במילוי קרם 125 גרם,גרמים,125.00,100 גרם,false,1,11.90,9.5200,true,1,126650
4014400914696,false,וורטר אורגינל סוכריות ללא סוכר 80 ג',אוגוסט שטורק,DE,סוכריות חמאה וורטר ללא סוכר 80 גרם,גרמים,80.00,100 גרם,false,1,10.90,13.6250,true,1,124369
4014400914924,false,סוכריות וורטר אורגינל ללא סוכר קפה 80 ג',קריניציה ויטמינה אס,DE,סוכריות חמאה וורטרס ללא סוכר בטעם קפוצ'ינו,גרמים,80.00,100 גרם,false,1,11.90,14.8750,true,1,124370
4014400920857,false,סוכריות וורטר Werther's בטעם שוקולד ללא סוכר,קריניציה ויטמינה אס,DE,וורטרס סוכריות חמאה בטעם שוקולד ללא סוכר,Unknown,0.00,Unknown,false,1,11.90,0.0000,true,1,127309
4014400923711,false,טופיפי 125 גר' - חלב נוכרי,אוגוסט שטורק,DE,בונבוניירה טופיפי שוקולד 125 גרם,גרמים,125.00,100 גרם,false,1,13.90,11.1200,true,1,128965
4014400925319,false,סוכריות וורטר פופקורן קרמל 140 גר',וורטרס Werther's,DE,חטיף פופקורן בציפוי קרמל,גרמים,140.00,100 גרם,false,1,14.90,10.6429,true,1,28202
4015000031394,false,"ספטיל - משחה להסרת כתמים 200 מ""ל",קריות זול,IL,ספטיל משחה להסרת כתמים,מיליליטרים,200.00,"100 מ""ל",false,1,16.90,8.4500,true,1,120490
4015400363002,false,טמפקס סופר 20 יח',פרוקטר & גמבל,DE,טמפקס סופר 20 יח,יחידה,20.00,יחידה,false,1,25.90,1.2950,true,1,36673
4015400363033,false,טמפקס רגולר 20 יח,פרוקטר & גמבל,DE,טמפקס רגולר 20 יח,יחידה,20.00,יחידה,false,1,25.90,1.2950,true,1,36674
4015400498124,false,אולוויז תחבושת (ס) אולטרה נייט 18 יח',פרוקטל אנד גמבל,DE,תחבושות אולוויז אולטרה לילה 18 יח,יחידה,18.00,יחידה,false,1,19.90,1.1056,true,1,38157
4015400755241,false,תחבושות היגייניות אולוויז אולטרה נורמל - 28 יח',פרוקטר אנד גמבל,UA,תחבושות אולוויז הגיינה נורמל 28 יחידות,יחידה,28.00,יחידה,false,1,19.90,0.7107,true,1,128503
4015400759171,false,תחבושות אולווייז אול,פרוקטר & גמבל,DE,תחבושות אולווייז אולטרה נורמל 20 יחידות,יחידה,20.00,יחידה,false,1,19.90,0.9950,true,1,36739
4015600762742,false,שמפו יומיומי למניעת קשקשים הנוסחה הקלאסית,פרוקטר אנד גמבל,RO,"הד אנד שולדרס שמפו קלאסי 500 מ""ל",מיליליטרים,500.00,"100 מ""ל",false,1,24.90,4.9800,true,1,127514
4015600762780,false,שמפו וקונדישינר יומיומי למניעת קשקשים הנוסחה הקלאסית 2in1,פרוקטר אנד גמבל,RO,"הד אנד שולדרס 2 ב 1 קלאסי 500 מ""ל",מיליליטרים,500.00,"100 מ""ל",false,1,24.90,4.9800,true,1,127470
4015600762902,false,"שמפו מנטול הד אנד שולדרס 500 מ""ל",פרוקטר אנד גמבל,RO,"הד אנד שולדרס שמפו מנטול 500 מ""ל",מיליליטרים,500.00,"100 מ""ל",false,1,24.90,4.9800,true,1,127517
4015600762940,false,שמפו יומיומי למניעת קשקשים בניחוח תפוח,פרוקטר אנד גמבל,RO,"הד אנד שולדרס שמפו תפוח 500 מ""ל",מיליליטרים,500.00,"100 מ""ל",false,1,24.90,4.9800,true,1,129215
4015600763022,false,שמפו יומיומי למניעת קשקשים לשיער יבש/פגום לשיער רך כמשי,פרוקטר אנד גמבל,RO,"שמפו הד אנד שולדרס למניעת קשקשים 500 מ""ל",מיליליטרים,500.00,"100 מ""ל",false,1,24.90,4.9800,true,1,127533
4015600766900,false,"שמפו ומרכ ך נגד קשקשים 500 מ""ל הד אנד שולדרס",פרוקטל אנד גמבל,RO,"הד אנד שולדרס שמפו 2 ב1 מנטול 500 מ""ל",מיליליטרים,500.00,"100 מ""ל",false,1,24.90,4.9800,true,1,127424
4015600810849,false,דאודורנט ג'ל לגבר Sport power rush 48h,פרוקטר אנד גמבל,PL,Gillette Clear Gel AP Deo Stick Power Ru,מיליליטרים,70.00,"100 מ""ל",false,1,16.90,24.1429,true,1,126653
4017100198151,false,עוגיות היט Hit קקאו במילוי קרם וניל,הדקלאים אגודת שיתופי,PL,בלזן היט וניל 220גרם,גרמים,220.00,100 גרם,false,1,8.90,4.0455,true,1,127625
4017100210105,false,וופלטן גלילי וופל מריר 100 ג',הדקלאים אגודת שיתופי,DE,וופלטן וופל מגולגל מריר 100 גרם,גרמים,100.00,100 גרם,false,1,13.90,13.9000,true,1,127626
4017100216800,true,וופל מיניס מצופה שוק,בלזן,DE,בלזן וופל מצופה שוקולד חלב,גרמים,75.00,100 גרם,false,1,9.90,13.2000,true,1,4534
4017100219900,false,וופל גלילי בלזן וופלטן שוקו' חלב 100ג',הדקלאים אגודת שיתופי,DE,ופל ופלטן מגולגל מצופה שוקולד 100 גרם,גרמים,100.00,100 גרם,false,1,13.90,13.9000,true,1,120496
4017100290008,false,ביסקוויט בלזן ליבניץ שוקולד חלב 125 ג',הדקלאים אגודת שיתופי,DE,ביסקוויט בלזן מצופה שוקולד חלב 125 גרם,גרמים,125.00,100 גרם,false,1,13.90,11.1200,true,1,120497
4017100291005,false,ביסקוויט מצופה שוקולד מריר ליבניץ Leibniz,הדקלאים אגודת שיתופי,DE,בלזן לייבניז בסקויט חמאה מצופה שוקולד מריר,גרמים,125.00,100 גרם,false,1,13.90,11.1200,true,1,128433
4017100364112,false,עוגיות היט Hit במילוי קרם בטעם שוקולד,הדקלאים אגודת שיתופי,PL,עוגיות היט קקאו 220 גרם,גרמים,220.00,100 גרם,false,1,8.90,4.0455,true,1,127218
4018722100133,false,אטריות כוסמין וביצים,אלב גולד,DE,אטריות כוסמין וביצים אורגניות,גרמים,250.00,100 גרם,false,1,16.90,6.7600,true,1,139018
4018722100157,false,פסטה פוזילי מקמח כוסמין מלא אורגני,האחים פלם הגפן,DE,פסטה פוזילי כוסמין מלא 250 גרם,גרמים,250.00,100 גרם,false,1,13.90,5.5600,true,1,139019
4018722100188,true,אטריות כוסמין ביצים,אלב גולד,DE,אטריות כוסמין ביצים רחבות 250 גרם,גרמים,250.00,100 גרם,false,1,16.90,6.7600,true,1,131079
4018722102632,true,ספגטי כוסמין מלא אור,האחים פלם הגפן,DE,כוסמין פסטה אורגנית,גרמים,500.00,100 גרם,false,1,17.90,3.5800,true,1,139020
4018722303459,true,מקרוני כוסמין אורגני,האחים פלם הגפן,DE,אלב גולד - מקרוני כוסמין אורגני,גרמים,250.00,100 גרם,false,1,13.90,5.5600,true,1,139022
4018722343141,false,פנה כוסמין אורגני אל,אלב גולד,DE,פנה כוסמין אורגני אלב גולד 500גרם,גרמים,500.00,100 גרם,false,1,20.90,4.1800,true,1,38264
4018722343158,false,פוזילי כוסמין אורגנ,אלב גולד,DE,פוזילי כוסמין אורגני אלב גולד 500גרם,גרמים,500.00,100 גרם,false,1,20.90,4.1800,true,1,38265
4018722344308,false,טליאטלה כוסמין אורגנ,אלב גולד,DE,טליאטלה כוסמין אורגני אלב גולד 500גרם,גרמים,500.00,100 גרם,false,1,19.90,3.9800,true,1,25938
4022025001752,true,יין בלו נאן מבעבע כש,,,"יין בלו נאן מבעבע כשר 750 מ""ל",מיליליטרים,750.00,"100 מ""ל",false,1,54.90,7.3200,true,1,17294
4022025001790,false,"בלו נאן מבעבע זהב כשר 750 מ""ל",היי סישל סוהן טראבן,DE,"יין בלו נאן 24K גולד מבעבע כשר 750 מ""ל",מיליליטרים,750.00,"100 מ""ל",false,1,54.90,7.3200,true,1,16758
4022025002087,false,24K יין בלו נאן רוזה,בלו נאן,DE,"24K יין בלו נאן רוזה מבעבע כשר 750 מ""ל",מיליליטרים,750.00,"100 מ""ל",false,1,54.90,7.3200,true,1,34746
4022025262009,false,יין בלו נאן גוורצטרמ,לנגוט טראבן,,"יין בלו נאן גוורצטרמינר כשר 750 מ""ל",מיליליטרים,750.00,"100 מ""ל",false,1,49.90,6.6533,true,1,129054
4022025290309,false,יין בלו נאן פינק רוז,בלו נאן,DE,"יין בלו נאן פינק רוזה כשר 750 מ""ל",מיליליטרים,750.00,"100 מ""ל",false,1,49.90,6.6533,true,1,34745
4022025773000,false,בלו נאן מוסקטו כשר 7,בלו נאן,DE,"בלו נאן מוסקטו כשר 750 מ""ל",מיליליטרים,750.00,"100 מ""ל",false,1,49.90,6.6533,true,1,34744
4023800531648,false,בונבוניירה מוצרט 200,Erasmi & Carstens Gm,DE,בונ מוצרט 200 ג CARSTENS,גרמים,200.00,100 גרם,false,1,19.90,9.9500,true,1,36642
4025700001962,false,שוקולד מילקה לבן 100 גר',פי אר ג'יי אס סי מונ,UA,שוקולד מילקה לבן 100 גרם,גרמים,100.00,100 גרם,false,1,6.90,6.9000,true,1,23730
4033100046490,false,סיגריות וינסטון 100 אקווה ארוך,יושלם,,סיגריות וינסטון קוד אקווה 100 חפיסה בודד,לא מנהל יחידת מידה,0.00,לא מנהל יחידת מידה,false,1,32.00,0.0000,false,1,79
4044889000610,false,שוקולד מריר אורגני ו,המאפיה של הרמן,DE,"ויואני שוקולד מריר אורגני 70%, 100 גרם",גרמים,100.00,100 גרם,false,1,19.90,19.9000,true,1,129930
4045554112188,false,אבקת תה ירוק מאצה או,AIYA,JP,אבקת תה ירוק מאצה אורגני - פרימיום 50גרם,גרמים,50.00,100 גרם,false,1,45.90,91.8000,true,1,131106
4052197000017,false,בירה בנדיקטינר בקבוק,בנדיקטינר וויצבראו,DE,בנדיקטינר בירה 500 מל,מיליליטרים,500.00,"100 מ""ל",false,1,10.90,2.1800,true,1,422
4052197000369,false,בירה בנדקטינר מארז שישיה,בנדיקטינר,DE,"בירה בנדיקטינר שישייה בקבוק 330 מ""ל",ליטרים,1.98,ליטר,false,1,55.90,28.2323,true,1,530
4052197001281,false,בירה בנדיקטינר פחית,בנדקטינר,,"בירה בנדיקטינר פחית 500 מ""ל",מיליליטרים,500.00,"100 מ""ל",false,1,9.50,1.9000,true,1,502
4052197003254,false,בירה בנדיקטינר לאגר,בנדיקטינר וויצבראו,DE,בנדיקטינר בירה לאגר בהירה אוריגינל 500 מל,מיליליטרים,500.00,"100 מ""ל",false,1,10.90,2.1800,true,1,524
4062400543125,false,טקילה סיירה זהב רפסדו,סיארה Sierra,MX,סיארה טקילה רפוסאדו 700 מל,מיליליטרים,700.00,"100 מ""ל",false,1,94.90,13.5571,true,1,512
4066600612049,false,בירה פאולנר אוקטוברפ,מבשלת פאולנר,DE,"בירה פאולנר אוקטוברפסט, בקבוק 500 מ""ל",מיליליטרים,500.00,"100 מ""ל",false,1,12.90,2.5800,true,1,27013
4066600999614,false,"בירה פאולנר 500 מ""ל בקבוק",מבשלת פאולנר,DE,"בירה פאולנר, בירת חיטה מעוננת, בקבוק 500 מ""ל",מיליליטרים,500.00,"100 מ""ל",false,1,12.90,2.5800,true,1,129156
4067700014849,false,ליקר ייגרייסטר 700 מ,מסט-יגרמייסטר,DE,ליקר ייגרמייסטר 700 מל,מיליליטרים,700.00,"100 מ""ל",false,1,99.90,14.2714,true,1,535
4072700001188,false,בקבוק בירה פרנסיסקאנר כהה,פרנסיסקאנר Franziskaner,DE,בירה פרנסיסקאנר כהה 500 מל,מיליליטרים,500.00,"100 מ""ל",false,1,11.90,2.3800,true,1,123591
4072700001775,false,בירה פרנסיסקאנר בהירה מעוננת בפחית,פרנסיסקאנר Franziskaner,DE,"בירה פרנסיסקאנר בהירה פחית 500 מ""ל",מיליליטרים,500.00,"100 מ""ל",false,1,11.90,2.3800,true,1,352
4072700003649,false,בירה פרנסיסקנר בהירה,"איי, בי, אינבוו",DE,בירה פרנסיסקאנר בהירה 500 מל,מיליליטרים,500.00,"100 מ""ל",false,1,11.90,2.3800,true,1,123561
4084500065536,false,"קרם לחות לחות מוגברת פנטן 300 מ""ל",פרוקטר אנד גמבל,FR,קרם לחות פנטן,לא מנהל יחידת מידה,0.00,לא מנהל יחידת מידה,false,1,19.90,0.0000,true,1,127932
4100130937163,false,מארז בירה בקס שישייה,"איי, בי, אינבוו",DE,בירה בקס 6 יחידות 1.65 ליטר,מיליליטרים,275.00,"100 מ""ל",false,1,34.90,12.6909,true,1,127582
4100470106700,true,חומץ תפוחים טבעי ואו,ברוקהרט,DE,נטורפוד חומץ תפוחים טבעי ואורגני,מיליליטרים,750.00,"100 מ""ל",false,1,25.90,3.4533,true,1,131116
4105120623941,false,"בירה ויינשטפן בק' ח""פ 500 מ""ל",ווינשטפן Weihenstephaner,DE,"ויינשטפן בק ח""פ 500 מ""ל",מיליליטרים,500.00,"100 מ""ל",false,1,12.90,2.5800,true,1,27964
4260334140049,true,שוקולד גנדויה עם אג,איקאם ספא,IT,שוקולד ג'נדויה טבעוני בתוספת אגוזי לוז שלמים,גרמים,65.00,100 גרם,false,1,12.90,19.8462,true,1,131137
4260334140193,false,ממרח אגוזי לוז וקקאו,וילהלם רויס ושות' בע,DE,ממרח אגוזי לוז קקאו אורגני 200 גרם עם כוס זכוכית,גרמים,200.00,100 גרם,false,1,26.90,13.4500,true,1,13265
4260334140308,false,וגו מריר שקדים ופיר,איקאם ספא,IT,וגו מריר שקדים ופירות יער אורגני 85 גרם,גרמים,85.00,100 גרם,false,1,24.90,29.2941,true,1,34920
4260334140605,false,שוקולד גנדויה טבעוני,האי נאם סי או אל.טי.,IT,שוקולד גנדויה טבעוני עם אגוזי לוז 150גרם,גרמים,150.00,100 גרם,false,1,20.90,13.9333,true,1,26871
4600659010854,false,וודקה סטולי בקבוק 70,איי. אס. לטבייאס בלז,LV,וודקה סטוליצ'ניה 40% כוהל 700 מל,מיליליטרים,700.00,"100 מ""ל",false,1,69.90,9.9857,true,1,121844
4602486002071,false,וודקה בלנקאיה גולד 7,מזקקת גאורגייבסקי קר,RU,וודקה בלנקאיה גולד 700 מל,מיליליטרים,770.00,"100 מ""ל",false,1,59.90,7.7792,true,1,22148
4603400000043,false,וודקה רוסקי סטנדרט ב,רוסקי סטנדרט וודקה,RU,"וודקה רוסקי סטנדרט בקבוק 700 מ""ל",מיליליטרים,700.00,"100 מ""ל",false,1,69.90,9.9857,true,1,447
4603514009277,false,גין באריסטר יבש 700מ,לדוגה,RU,גין באריסטר יבש 700מל,מיליליטרים,700.00,"100 מ""ל",false,1,89.90,12.8429,true,1,33848
4603514009390,false,גין באריסטר אולד טום,לדוגה,RU,גין באריסטר אולד טום סמול באטש 700מל,מיליליטרים,700.00,"100 מ""ל",false,1,119.90,17.1286,true,1,33849
4603514010976,false,גין באריסטר יבש בארי,לדוגה,RU,גין באריסטר יבש עם כוס 0.7 ל,מיליליטרים,700.00,"100 מ""ל",false,1,99.90,14.2714,true,1,33851
4603514011027,false,גין באריסטר ראשין סמ,לדוגה,RU,גין באריסטר ראשין סמול באטש 700מל,מיליליטרים,700.00,"100 מ""ל",false,1,144.90,20.7000,true,1,33850
4603928000976,false,"וודקה בלוגה נובל 700 מ""ל+כוס",מרינסקי ליקרו-וודאצ',RU,"וודקה בלוגה נובל, 700 מ''ל",מיליליטרים,700.00,"100 מ""ל",false,1,139.90,19.9857,true,1,20744
4607002990290,false,מלפפונים  מוחמצים  ד,רוסקויי פולה אלבאשי,RU,מלפפונים  מוחמצים  דאדיה וניה 680גר,גרמים,680.00,100 גרם,false,1,11.90,1.7500,true,1,22500
4607002990474,false,עגבניות מוחמצות  דאד,רוסקויי פולה אלבאשי,RU,עגבניות מוחמצות  דאדיה וניה 680גר,גרמים,680.00,100 גרם,false,1,11.90,1.7500,true,1,22501
4607012351005,false,מרטין גרעיני חמניות 200ג,"נארז ע""י : א.ג. גילר",RU,גרעיני חמניה קלויים מרטין 200 גרם,גרמים,200.00,100 גרם,false,1,12.90,6.4500,true,1,131146
4607012351999,false,גרעיני חמניות קלויים עם מלח,"נארז ע""י : א.ג. גילר",RU,גרעיני חמנייה במלח מרטין 200 גרם,גרמים,200.00,100 גרם,false,1,12.90,6.4500,true,1,131147
4607012352002,true,גרעיני דלעת מרטין,,,גרעיני דלעת מרטין,Unknown,0.00,Unknown,false,1,12.90,0.0000,true,1,131148
4607109409619,false,פיניש טבליות 25 יח' ALL IN 1,הדקלאים אגודת שיתופי,PL,טבליות למדיח כלים פיניש אול אין וואן 25 טבליות,גרמים,530.00,100 גרם,false,1,29.90,5.6415,true,1,128954
4610028130052,false,וודקה לג'נד אוף קרמלין Legend of Kremlin,לג'נד אוף קרמלין,,וודקה לגנד אוף קרמלין 0.70,יחידה,1.00,יחידה,false,1,119.90,119.9000,true,1,22160
4640018993343,false,פיניש קואנטום קפסולות ג'יל רגיל 30 יחי,רקיט בנקיזר,PL,פיניש קוואנטום קפסולות למדיח 30 טבליות,גרמים,375.00,100 גרם,false,1,39.90,10.6400,true,1,28415
4640018993350,false,קפסולות למדיח פיניש קוואנטום לימון 30 יח',רקיט בנקיזר,PL,פיניש קוואנטום 30 יח קפסולות גיל לימון,גרמים,375.00,100 גרם,false,1,39.90,10.6400,true,1,28416
4710068001692,false,"מאסטר קפה לאטה פחית 240מ""ל",תאיט מרקטינג אנד דיס,,מאסטר קפה לאטה פחית,מיליליטרים,240.00,"100 מ""ל",false,1,7.50,3.1250,true,1,126481
4710068001715,false,"מאסטר קפה טרמיסו 240 מ""ל",יוני פרזינדנט אנטרפר,,מאסטר קפה טרמיסו פחית 240 מל,מיליליטרים,240.00,"100 מ""ל",false,1,7.50,3.1250,true,1,126483
4710068001739,false,"מאסטר קפה קולומביאני 240 מ""ל",יוני פרזינדנט אנטרפר,,מאסטר קפה משקה קפה קר קלאסיקו 240 מל,מיליליטרים,240.00,"100 מ""ל",false,1,7.50,3.1250,true,1,126482
4710068002798,false,"מאסטר קפה ונילה פחית 240מ""ל",מאיטה פוד אינדוסטריא,,מאסטר קפה לאטה פחית,מיליליטרים,240.00,"100 מ""ל",false,1,7.50,3.1250,true,1,14562
4750012000173,false,דיווה קוסמופוליטן פס,Amberbev Internation,LV,"דיווה קוסמופוליטן פסיפלורה 750 מ""ל",מיליליטרים,750.00,"100 מ""ל",false,1,19.90,2.6533,true,1,26134
4750012025855,false,דיווה מבעבע קוסמופול,Amberbev Internation,LV,"דיווה מבעבע קוסמופוליטן אפרסק 750 מ""ל",מיליליטרים,750.00,"100 מ""ל",false,1,19.90,2.6533,true,1,26131
4750021003905,false,וודקה סטולי גולד בקב,"איי, בי, אינבוו",LV,וודקה סטולי גולד,מיליליטרים,700.00,"100 מ""ל",false,1,144.90,20.7000,true,1,599
4750142016518,false,בירה צ'סו Cesu לא מסוננת,צסו אלוס,LV,צ'סו אלוס בירה צ'סו לא מסוננת 568 מל,מיליליטרים,568.00,"100 מ""ל",false,1,8.20,1.4437,true,1,126687
4750142021505,false,פחית בירה פילזנר Pilsener,צסו אלוס,LV,צ'סו אלוס בירה פילזנר 500 מל,מיליליטרים,500.00,"100 מ""ל",false,1,6.20,1.2400,true,1,126686
4751007730938,false,שפרוטים מעושנים בשמן,karavela,LV,שימורי שפרוטים מעושנים בשמן צמחי 240גרם,גרמים,240.00,100 גרם,false,1,9.90,4.1250,true,1,26187
4751007737760,false,שימורי דגי קילקה מטו,SAIVA,LV,שימורי דגי קילקה מטוגנים ברוטב עגבניות,גרמים,240.00,100 גרם,false,1,5.90,2.4583,true,1,26208
4792032060454,true,מי קוקוס אורגני גרין,בן טרה ג'וינט סטוק,DE,GREEN COCO מי קוקוס אורגני 330 מל,מיליליטרים,330.00,"100 מ""ל",false,1,9.40,2.8485,true,1,128590
4793000637005,false,מקלות קינמון ציילון,אינטרנשיונל קומודטי,DE,קינמון ציילוני אמיתי טחון אורגני,גרמים,50.00,100 גרם,false,1,19.90,39.8000,true,1,25939
4793000637012,false,קינמון ציילון אורגני,אינטרנשיונל קומודטי,DE,קינמון ציילון אורגני טחון 70 גרם נטורפוד,גרמים,70.00,100 גרם,false,1,16.90,24.1429,true,1,25940
4793000637029,false,אבקת מורינגה אורגנית,תות תעשיות מזון (201,DE,אבקת מורינגה אורגנית 70 גרם נטורפוד,גרמים,70.00,100 גרם,false,1,16.90,24.1429,true,1,25941
4796019790013,false,שמן קוקוס אורגני גרי,כפרי בריא,,שמן קוקוס אורגני,מיליליטרים,300.00,"100 מ""ל",false,1,23.90,7.9667,true,1,128404
4796019790037,false,שמן קוקוס אורגני גרי,כפרי בריא,,שמן קוקוס אורגני,ליטרים,1.00,ליטר,false,1,49.90,49.9000,true,1,129359
4800888219534,false,דאב - דאודורנט סטיק לאישה אנטי פרספירמט 50 גרם,יוניליוור פיליפינים,IL,דאב דאורדורנט סטיק אוריגינל 50 גרם,גרמים,50.00,100 גרם,false,1,24.90,49.8000,true,1,32997
4820229031311,false,"וודקה חורטיצה 700 מ""ל פלטינום",Global Gourmet Produ,UA,וודקה חורטיצה פלטינום 700 מל,מיליליטרים,700.00,"100 מ""ל",false,1,69.90,9.9857,true,1,36581
4820229032219,false,וודקה חורטיצה אייס 7,Global Gourmet Produ,UA,וודקה חורטיצה אייס 700 מל,מיליליטרים,700.00,"100 מ""ל",false,1,74.90,10.7000,true,1,36582
4860009000014,false,מיץ רימונים 100% סחוט ללא תוספת סוכר,Aromaproduct ltd,,מיץ רימונים גרוזיני 100%,ליטרים,1.00,ליטר,false,1,18.00,18.0000,true,1,123084
4860019001346,false,מים מינרליים בורזומי,אי די אס בורגומי,,"מים מינרלים בורג""ומי 500 מ""ל",מיליליטרים,500.00,"100 מ""ל",false,1,7.90,1.5800,true,1,27136
4860019001414,false,מים מינירליים בורגומ,אי.די.אס בורג'יומי,,"מים מינרלים בורגומי 750 מ""ל",מיליליטרים,750.00,"100 מ""ל",false,1,8.90,1.1867,true,1,28229
4891228303006,true,שיק היידרו 4 סכינים,,,שיק היידרו 4 סכינים,Unknown,0.00,Unknown,false,1,44.90,0.0000,true,1,131328
4891228430085,false,שיק אקסטרים 3 קומפורט + רגיש 4 יחידות,אנרג'יזר Energizer,CN,סכיני גילוח שייק אקסטרים 3 כחול רביעייה,לא מנהל יחידת מידה,0.00,לא מנהל יחידת מידה,false,1,19.90,0.0000,true,1,122477
4891228430092,false,שיק אקסטרים 3 קומפורט +לנשים 4 יחידות,אנרג'יזר Energizer,CN,שיק אקסטרים 3 סכיני גילוח לאישה לעור רגיש,לא מנהל יחידת מידה,0.00,לא מנהל יחידת מידה,false,1,19.90,0.0000,true,1,122904
4891228460242,false,סכיני גילוח שיק קוואטרו נשים 3 יח',אנרג'יזר Energizer,CN,שיק קוואטרו סכיני גילוח חד פעמיים לאישה 3 יחידות,לא מנהל יחידת מידה,0.00,לא מנהל יחידת מידה,false,1,31.60,0.0000,true,1,123208
4902430751483,false,מכשיר גילוח גילט מאך,פרוקטר אנד גמבל,PL,מכשיר גילוח גילט מאך 3 סכין,יחידה,1.00,יחידה,false,1,19.90,19.9000,true,1,25077
4903001904192,false,"רוטב סויה יאמסה פרימיום 500 מ""ל",הדקלאים אגודת שיתופי,JP,סויה פרימיום 500 מ'ל ב 12,מיליליטרים,500.00,"100 מ""ל",false,1,18.90,3.7800,true,1,125768
4903001904208,false,רוטב סויה פרימיום יא,הדקלאים אגודת שיתופי,JP,סויה פרימיום 1 ליטר,ליטרים,1.00,ליטר,false,1,34.90,34.9000,true,1,125827
4903001925784,false,סויה יאמאסה 500 מל דל נתרן,הדקלאים אגודת שיתופי,JP,סויה דל מלח 500 מ'ל ב 12,גרמים,500.00,100 גרם,false,1,21.90,4.3800,true,1,126644
4903001930993,true,רוטב טריאקי ימאסה,הדקלאים אגודת שיתופי,JP,טריאקי יאמסה 500 מ'ל,Unknown,0.00,Unknown,false,1,21.90,0.0000,true,1,131480
5000054351900,false,פריסקיז דגי אוקיינוס,פורינה,US,פריסקיז דגי אוקיינוס וטונה,גרמים,156.00,100 גרם,false,1,5.90,3.7821,true,1,38465
5000054357100,false,פריסקיז פטה מיקס גרי,פורינה,US,פריסקיס מיקס גריל 156 גרם,גרמים,156.00,100 גרם,false,1,5.90,3.7821,true,1,38464
5000054359500,false,פריסקיז פטה כבד ועוף,פורינה,US,פריסקיז פטה כבד ועוף 156גרם,גרמים,156.00,100 גרם,false,1,6.90,4.4231,true,1,37106
5000111001007,false,"רוטב HP255 מ""ל",HP,,"רוטב HP255 מ""ל",גרמים,250.00,100 גרם,false,1,23.90,9.5600,true,1,24723
5000111047364,true,HP ברביקיו דבש,ה.י. היינץ הולדינג ב,NL,HP ברביקיו דבש 465 גרם,גרמים,465.00,100 גרם,false,1,16.90,3.6344,true,1,131497
5000111047371,true,HP ברביקיו קלאסי,ה.י. היינץ הולדינג,NL,465 גרםHP ברביקיו קלאסי,גרמים,465.00,100 גרם,false,1,16.90,3.6344,true,1,131498
5000157143365,true,מתבל בטעם מיונז וקטש,תאי פרזידנט פוד פאבל,PL,מתבל בטעם מיונז וקטשופ היינץ 425 מל,מיליליטרים,425.00,"100 מ""ל",false,1,15.90,3.7412,true,1,23360
5000159376655,false,סוכריות סקיטלס 38 גר פירות 38 גרם,ריגלי ממתקים,,סוכריות סקיטלס פירות 38 גרם,גרמים,38.00,100 גרם,false,1,4.50,11.8421,true,1,125513
5000159376792,false,סוכריות סקיטלס Skittles פירות חמוצים,ריגלי ממתקים,,סוכריות סקיטלס חמוץ 38 גרם,גרמים,38.00,100 גרם,false,1,4.50,11.8421,true,1,125514
5000159407236,false,מרס חטיף שוקולד 51גר,מרס הולנד בי.וי.,NL,חטיף מרס 51 גרם,גרמים,51.00,100 גרם,false,1,4.90,9.6078,true,1,123369
5000159414197,false,מלטיזרס-כדורים פריכים בציפוי שוולד חלב 135 גרם,מרס שוקולד צ.אמריקה,NL,מלטיזרס 135גרם,גרמים,135.00,100 גרם,false,1,15.90,11.7778,true,1,36380
5000159452977,false,מארז מיקס מיני חטיפי שוקולד,מרס הולנד בי.וי.,NL,חטיפי שוקולד מיקס מיני 400 גרם,גרמים,400.00,100 גרם,false,1,28.90,7.2250,true,1,126221
5000159459228,false,חטיף שוקולד טוויקס 50 ג',"נארז ע""י : א.ג. גילר",NL,חטיף טויקס 50 גרם,גרמים,50.00,100 גרם,false,1,4.90,9.8000,true,1,125709
5000159461122,false,חטיף שוקולד סניקרס 50 ג',"נארז ע""י : א.ג. גילר",NL,חטיף סניקרס שוקולד 50 גרם,גרמים,50.00,100 גרם,false,1,4.90,9.8000,true,1,125710
5000159473866,false,שקית שוקולד סניקרס 1,מרסי,NL,שקית שוקולד סניקרס 170גרם,גרמים,170.00,100 גרם,false,1,11.90,7.0000,true,1,27590
5000159541152,false,חטיף טוויקס לבן 46 ג,מרס.גי אם. בי אייץ,DE,טוייקס לבן 46 גרם,גרמים,46.00,100 גרם,false,1,4.90,10.6522,true,1,33173
5000168199245,false,שוקולד חלב מעולה בתוספת קרמל מלוח פיור גודייבה 90 ג',"אולקר מקבוצת פלאדיס,",TR,שוקולד חלב מעולה בתוספת חתיכות קרם קרמל מלוח,גרמים,90.00,100 גרם,false,1,14.90,16.5556,true,1,33560
5000204048711,false,"קיווי לבישום נעלי ספורט 200 מ""ל",ג'ונסון אנד ג'ונסון,PL,"קיווי להגנת נעלי ספורט 200 מ""ל",מיליליטרים,200.00,"100 מ""ל",false,1,17.90,8.9500,true,1,34129
5000204048803,false,"קיווי לניקוי נעלי ספורט 75 מ""ל",ג'ונסון אנד ג'ונסון,PL,"קיווי לניקוי נעלי ספורט 75 מ""ל",מיליליטרים,75.00,"100 מ""ל",false,1,17.90,23.8667,true,1,34130
5000204114898,false,"גלייד ארוסול בניחוח מרכך כביסה 300 מ""ל",אס.סי גונוסון,NL,"גלייד אירוסול מרכך כביסה 300 מ""ל 2020",מיליליטרים,300.00,"100 מ""ל",false,1,10.90,3.6333,true,1,21992
5000204114959,false,"גלייד ארוסול בניחוח פריחה בלבן 300 מ""ל","אס.סי ג'ונסון,מידרכט",NL,"גלייד אירוסול פריחה בלבן 300 מ""ל 2020",מיליליטרים,300.00,"100 מ""ל",false,1,10.90,3.6333,true,1,21994
5000204115048,false,"גלייד ארוסול בניחוח לבנדר 300 מ""ל","אס.סי ג'ונסון,מידרכט",NL,"גלייד אירוסול לבנדר 300 מ""ל 2020",מיליליטרים,300.00,"100 מ""ל",false,1,10.90,3.6333,true,1,21991
5000204151053,false,"פלדג' אירוסול לניקוי רהיטים קלאסי 250 מ""ל",יורופרייטס,NL,פלדג לניקוי רהיטי עץ טבעי,מיליליטרים,250.00,"100 מ""ל",false,1,14.90,5.9600,true,1,25733
5000204151381,false,"פלדג' אירוסול לניקוי אמבר וארגן 250 מ""ל","אס.סי ג'ונסון, אירופ",NL,פלדג לניקוי רהיטי עץ אמבר וארגן,מיליליטרים,250.00,"100 מ""ל",false,1,14.90,5.9600,true,1,25734
5000204153729,false,"גלייד מילוי אוטומטי לבנדר וניל 269 מ""ל",המאפיה של הרמן,TR,ספריי אוטומטי בניחוח לבנדר וניל,מיליליטרים,269.00,"100 מ""ל",false,1,19.90,7.3978,true,1,26624
5000204153903,false,"גלייד מילוי אוטומטי מרכך כביסה 269 מ""ל",קוסטר אירוסול ואלף ס,TR,ספריי אוטומטי בניחוח מרכך כביסה,מיליליטרים,269.00,"100 מ""ל",false,1,19.90,7.3978,true,1,26625
5000204155723,false,"גלייד מארז אוטומטי-בניחות מרכך כביסה 269 מ""ל",המאפיה של הרמן,TR,גלייד מכשיר אוטומטי בניחוח מרכך כביסה 175 גרם,מיליליטרים,269.00,"100 מ""ל",false,1,49.90,18.5502,true,1,26623
5000204156218,false,"גלייד מארז אוטומטי לבנדר וניל 269 מ""ל",יצרן אירוסול: קוסטור,TR,"גלייד מארז אוטומטי לבנדר וניל 269 מ""ל",מיליליטרים,269.00,"100 מ""ל",false,1,49.90,18.5502,true,1,26622
5000204196689,false,רייד קוטל יתושים חשמלי - 90 לילות,Zobele Bulgaria,BG,רייד מכשיר + נוזל מילוי 90לילות 36 מל,מיליליטרים,72.00,"100 מ""ל",false,1,44.90,62.3611,true,1,32842
5000204196924,false,"נוזל מילוי 60 לילות זוג 36*2 מ""ל",Zobele Bulgaria,BG,רייד נוזל מילוי זוג 90 לילות 36 מל,מיליליטרים,72.00,"100 מ""ל",false,1,39.90,55.4167,true,1,32843
5000204657883,false,"קיווי מ. נעלים קופסא חום 50מ""ל",ג' אל ראיה בוגור ג'א,ID,משחת נעליים בצבע חום,יחידה,0.00,יחידה,false,1,6.80,0.0000,true,1,125467
5000204657913,false,"קיווי משחת נעליים שחור קטן 50מ""ל",ג' אל ראיה בוגור,ID,קיווי משחת נעליים בקופסא שחור 35 גרם,יחידה,1.00,יחידה,false,1,6.80,6.8000,true,1,125468
5000204658064,false,"קיווי אקספרס ספוג הברקה שחור 7מ""ל",המאפיה של הרמן,HN,קיווי ספוג ייחודי לצחצוח והברקת נעליים 6 מל,מיליליטרים,0.00,"100 מ""ל",false,1,16.20,0.0000,true,1,17965
5000204658125,false,משחת נעליים מבריק ומגן בצבע חום,אס' סי' ג'ונסון במה,PL,קיווי משחת נעליים נוזלית לנעלי עור-צבע חום 75 מל,מיליליטרים,75.00,"100 מ""ל",false,1,13.90,18.5333,true,1,125469
5000204658187,false,"קיווי נוזל נעליים שחור 75מ""ל-חדש",אס' סי' ג'ונסון במה,PL,קיווי נוזל לניקוי נעליים שחור 75 מל,מיליליטרים,75.00,"100 מ""ל",false,1,13.90,18.5333,true,1,125470
5000204660159,false,קיווי אקספרס ספוג הברקה שקוף,המאפיה של הרמן,HN,קיווי ספוג ייחודי לצחצוח והברקת נעליים,גרמים,750.00,100 גרם,false,1,16.20,2.1600,true,1,17966
5000204661392,false,"קיווי מ.נעלים קופסא שחור 100מ""ל",המאפיה של הרמן,ID,קיווי משחת נעליים שחור 65 גרם,יחידה,0.00,יחידה,false,1,10.90,0.0000,true,1,125471
5000204886566,true,פלדג שמן לרהיטים,"איטיליאן פוד, אס.פי.",US,"פלדג' שמן התפוז לניקוי רהיטי עץ 473 מ""ל",Unknown,0.00,Unknown,false,1,34.90,0.0000,true,1,2053
5000267014234,false,וויסקי ג'וני ווקר רד לייבל Red label,ג'וני ווקר Johnnie walker,,"גוני ווקר אדום 700 מ""ל",מיליליטרים,700.00,"100 מ""ל",false,1,99.90,14.2714,true,1,122316
5000267024233,false,"וויסקי ג'וני בלאק לייבל עם פורר 700מ""ל",ג'וני ווקר Johnnie walker,,"גוני ווקר שחור 700 מ""ל",מיליליטרים,700.00,"100 מ""ל",false,1,139.90,19.9857,true,1,123026
5000289925440,false,גין גורדון בקבוק 700,אלכסנדר גורדון ושות',,"גין גורדון בקבוק 700 מ""ל",מיליליטרים,700.00,"100 מ""ל",false,1,109.90,15.7000,true,1,127542
5000291020706,false,גין טנקרי 750מל,צ'רלס טנקרי ושות',GB,טנקרי ג'ין יבש 750 מל,מיליליטרים,750.00,"100 מ""ל",false,1,149.90,19.9867,true,1,29424
5000299223031,false,רום קפטן מורגן ספייסד גולד,קפטן מורגן Captain Morgan,,קפטן מורגן ספייסד גולד 750 מל,מיליליטרים,700.00,"100 מ""ל",false,1,114.90,16.4143,true,1,129392
5000329002193,false,משקה ג'ין ביפאיטר 70,ג'יימס בורו,,"ג'ין ביפאיטר, 700 מ''ל",מיליליטרים,1.00,"100 מ""ל",false,1,119.90,11990.0000,true,1,20746
5000396037531,true,מקוויטיס ביסקויט מצו,קריניציה ויטמינה אס,,מקוויטיס ביסקויט מצו,Unknown,0.00,Unknown,false,1,10.90,0.0000,true,1,131511
5000396037548,true,מקוויטיס ביסקויט מצו,קריניציה ויטמינה אס,,מקוויטיס ביסקויט מצו,Unknown,0.00,Unknown,false,1,14.90,0.0000,true,1,131512
5000396037944,true,מקוויטיס ביסקויט קלא,קריניציה ויטמינה אס,,"מקויטיס, ביסקוויט מקמח חיטה קלאסי 250 גרם",Unknown,0.00,Unknown,false,1,9.90,0.0000,true,1,131514
5010029000252,true,וויטביקס מקורי 430 ג,ויטהביקס לימיטד,,וויטביקס מקורי 430 גרם,גרמים,430.00,100 גרם,false,1,22.90,5.3256,true,1,33698
5010038454831,false,בירה בלו מון בקבוק 3,בלו מון ברווינז קומפ,,"בירה בלו מון 5.4% כוהל 330 מ""ל",מיליליטרים,330.00,"100 מ""ל",false,1,13.90,4.2121,true,1,21345
5010103800259,false,וויסקי גיי אנד בי.,גסטוריני אנד ברוקס,,"ויסקי J&B בקבוק 700 מ""ל",מיליליטרים,700.00,"100 מ""ל",false,1,109.90,15.7000,true,1,315
5010123703585,false,ליסטרין קולמינט 500 מל,גונסון אנד גונסון,,"ליסטרין מי פה קול מינט 500 מ""ל",מיליליטרים,500.00,"100 מ""ל",false,1,17.90,3.5800,true,1,16220
5010182996799,false,ג'ל אסלה מנטרל ריחות בניחוח פרחי בר ורודים,דאופלור אס.פי.אי איט,IT,דאק ג'ל אסלה פרחי בר ורודים,מיליליטרים,55.00,"100 מ""ל",false,1,11.90,21.6364,true,1,9528
5010182996805,false,רייד מונע עש לבנדר 20גר',זובלה,IT,רייד נגד עש בניחוח עץ לבנדר,Unknown,0.00,Unknown,false,1,13.80,0.0000,true,1,120742
5010182997253,false,"רייד ארוסול קוטל ג''וקים - 300 מ""ל",אס.סי.ג'ונסון מידרכט,NL,"תרסיס רייד מקס קוטל חרקים 300 מ""ל",מיליליטרים,300.00,"100 מ""ל",false,1,19.90,6.6333,true,1,120743
5010182997338,false,"טואלט דאק ג'ל אסלה ניחוח רענן 55 מ""ל","איטיליאן פוד, אס.פי.",IT,ג'ל נוזלי לאסלה בניחוח רענן 55 מל,מיליליטרים,55.00,"100 מ""ל",false,1,11.90,21.6364,true,1,120744
5010182997680,false,"רייד ארוסול קוטל נמלים - 300 מ""ל",אס.סי.ג'ונסון מידרכט,NL,"תרסיס רייד קוטל נמלים אדום 300 מ""ל",מיליליטרים,300.00,"100 מ""ל",false,1,19.90,6.6333,true,1,120745
5010182997918,false,"טואלט דאק ג'ל אסלה בניחוח ים 55 מ""ל","איטיליאן פוד, אס.פי.",IT,דאק ג'ל לאסלה בניחוח ים 55 מל,מיליליטרים,55.00,"100 מ""ל",false,1,11.90,21.6364,true,1,120746
5010182998847,false,"טואלט דאק נוזל לאסלה כחול 750 מ""ל",מיוצר עי קונדיטוריית,NL,ניקוי נוזל לאסלה,מיליליטרים,750.00,"100 מ""ל",false,1,12.90,1.7200,true,1,9677
5010182998861,false,"טואלט דאק נוזל לאסלה ירוק 750 מ""ל",מיוצר עי קונדיטוריית,NL,דאק נוזל לניקוי אסלה ירוק בניחוח רענן- בודד 750 מ,מיליליטרים,750.00,"100 מ""ל",false,1,12.90,1.7200,true,1,9678
5010265002836,true,רויטה פת פריכה שיפון,דה ג'ורנדסאנד ריוויט,AO,פת פריכה קמח שיפון מלא 250 גרם,גרמים,250.00,100 גרם,false,1,12.90,5.1600,true,1,131525
5010314048907,false,ויסקי מקאלן פיין 12,מקאלן דיסטילרי,GB,מקאלן וויסקי 12 שנה 700 מל,מיליליטרים,700.00,"100 מ""ל",false,1,269.90,38.5571,true,1,13418
5010327000046,false,וויסקי גרנט'ס סקוטי,"איי, בי, אינבוו",,"ויסקי גרנטס 700 מ""ל",מיליליטרים,700.00,"100 מ""ל",false,1,89.90,12.8429,true,1,120747
5010327105215,false,וויסקי מאנקי שולדר Monkey Shoulder,וויליאם גרנט ובניו,GB,"ויסקי מנקי שולדר 700 מ""ל",מיליליטרים,700.00,"100 מ""ל",false,1,149.90,21.4143,true,1,33588
5010327399614,false,ויסקי גלנפידיך 12 שנ,ויליאם גראנט,GB,גלנפידיך 12 שנה 700 מל,מיליליטרים,700.00,"100 מ""ל",false,1,219.90,31.4143,true,1,36576
5010327755014,false,"ג'ין הנדריקס 700 מ""ל",וויליאם גרנט,GB,"גין הנדריקס 700 מ""ל",מיליליטרים,700.00,"100 מ""ל",false,1,149.90,21.4143,true,1,33590
5010677551281,false,"בקרדי בריזר לימון 275 מ""ל בקבוק",בקרדי בריזר Bacardi Breezer,BE,"בריזר - משקה כוהלי מוגז בטעם לימון 275 מ""ל",מיליליטרים,275.00,"100 מ""ל",false,1,14.90,5.4182,true,1,120748
5010677551397,false,"בקרדי בריזר ליים 275 מ""ל בקבוק",בקרדי בריזר Bacardi Breezer,BE,"בריזר - משקה כוהלי מוגז בטעם ליים 275 מ""ל",מיליליטרים,275.00,"100 מ""ל",false,1,14.90,5.4182,true,1,127159
5010677552387,false,"בקרדי בריזר אננס 275 מ""ל בקבוק",בקרדי בריזר Bacardi Breezer,BE,"בריזר - משקה כוהלי מוגז בטעם אננס 275 מ""ל",מיליליטרים,275.00,"100 מ""ל",false,1,14.90,5.4182,true,1,120749
5010677554398,false,"בקרדי בריזר אבטיח 275 מ""ל בקבוק",בקרדי בריזר Bacardi Breezer,BE,"בריזר - משקה כוהלי מוגז בטעם אבטיח 275 מ""ל",מיליליטרים,275.00,"100 מ""ל",false,1,14.90,5.4182,true,1,120750
5010677714006,false,"ג'ין בומביי ספייר 700מ""ל",בומביי ספיריטס,ES,ג'ין בומביי ספייר,מיליליטרים,700.00,"100 מ""ל",false,1,129.90,18.5571,true,1,28084
5010677850100,false,וודקה גריי גוס בקבוק,בקרדי מרטיני,FR,"וודקה גריי גוס 750 מ""ל",מיליליטרים,700.00,"100 מ""ל",false,1,139.90,19.9857,true,1,13625
5011007003005,false,"וויסקי ג'יימסון אירי מזוקק 700 מ""ל",אייריש דיסטילרז,IE,"וויסקי אירי, ג'יימסון, 700 מ''ל",מיליליטרים,700.00,"100 מ""ל",false,1,114.90,16.4143,true,1,299
5011026108033,false,וויסקי אירי טולמור דיו,פארייפאבה אגרואינדוס,IE,טולמור דיו וויסקי אירי 700 מל,מיליליטרים,700.00,"100 מ""ל",false,1,94.90,13.5571,true,1,28551
5011157630281,false,אורז לבן ארוך בסמטי טילדה Tilda,טילדה Tilda,GB,"אורז טילדה בסמטי 1 ק""ג",קילוגרמים,1.00,"ק""ג",false,1,24.90,24.9000,true,1,120751
5011311150709,false,ויסקי אולד קליפר 700,WM Maxwell,GB,"ויסקי אולד קליפר 700 מ""ל",מיליליטרים,700.00,"100 מ""ל",false,1,89.90,12.8429,true,1,20919
5014271300429,false,סן דלפו מעדן משמש ללא סוכר 284גר,סנדלפור St.dalfour,FR,"מעדן משמש 284 גר """,גרמים,284.00,100 גרם,false,1,21.90,7.7113,true,1,120752
5014271310428,false,סן דלפו מעדן דבדבן שחור ללא סוכ 284 ג',המאפיה של הרמן,FR,מעדן דובדבנים שחורים סן דלפור 284 גרם,גרמים,284.00,100 גרם,false,1,21.90,7.7113,true,1,120753
5014271330426,false,"מעדן סנט דלפור אוכמניות לל""ס 284ג'",סנדלפור St.dalfour,FR,מעדן אוכמניות כחולות סן דלפור 284 גרם,גרמים,284.00,100 גרם,false,1,21.90,7.7113,true,1,120754
5014271350424,false,מעדן סנט דלפור 4 פירות 284ג',המאפיה של הרמן,FR,מעדן ארבע פירות סן דלפור 284 גרם,גרמים,284.00,100 גרם,false,1,21.90,7.7113,true,1,121630
5014271370422,false,סן דלפו מעדן אפרסק ללא סוכר 284גר,סנדלפור St.dalfour,FR,מעדן אפרסק סן דלפור 284 גרם,גרמים,284.00,100 גרם,false,1,21.90,7.7113,true,1,120756
5014271400426,false,סן דלפו מעדן תות שדה ללא סוכר 284 ג',המאפיה של הרמן,FR,מעדן תות שדה סן דלפור 284 גרם,גרמים,284.00,100 גרם,false,1,21.90,7.7113,true,1,120758
5014271560427,false,מעדן פרי תפוז וג'ינג'ר,סנדלפור St.dalfour,FR,מעדן סנדלפור תפוז ג'ינגר 284 גרם,גרמים,284.00,100 גרם,false,1,21.90,7.7113,true,1,121632
5014271795980,false,"סן דלפו מעדן קרנברי אוכמניות לל""ס 284ג'",סנדלפור St.dalfour,FR,סנדלפור מעדן חמוציות ואוכמניות 284 גרם,גרמים,284.00,100 גרם,false,1,21.90,7.7113,true,1,122147
5018357006731,false,גרנולה דורסט סיריאלס,דורסט סיריאלס,,תערובת דגנים 40% פירות ואגוזים 560 גרם,גרמים,560.00,100 גרם,false,1,30.90,5.5179,true,1,122939
5018357006755,false,גרנולה דורסט סיריאלס,דורסט סיריאלס,GB,גרנולה דורסט סיריאלס היי פייבר 540 גרם,גרמים,540.00,100 גרם,false,1,30.90,5.7222,true,1,122940
5018357006779,false,"מוזלי חמוציות, דובדבנים ושקדים",דורסט סיריאלס Dorset Cereals,,תערובת דגנים 50% חמוציות ואגוזים 540 גרם,גרמים,540.00,100 גרם,false,1,30.90,5.7222,true,1,122941
5018357006816,false,גרנולה דורסט סיריאלס,דורסט סיריאלס,,גרנולה דורסט 620 גרם,גרמים,620.00,100 גרם,false,1,25.90,4.1774,true,1,2949
5018357007653,false,מוזלי תערובת דגנים ופירות Simply Fruity,דורסט סיריאלס Dorset Cereals,,מוזלי תערובת דגנים ופפאיה 620 גרם,גרמים,620.00,100 גרם,false,1,25.90,4.1774,true,1,2592
5018357011858,false,גרנולה דורסט סיריאלס,דורסט סיריאליס,IL,גרנולה דורסט סיריאלס ברי גרנולה 550 גרם,גרמים,550.00,100 גרם,false,1,34.90,6.3455,true,1,139010
5018357011896,false,גרנולה דורסט סיריאלס,דורסט סיריאליס,IL,גרנולה דורסט סיריאלס גרנולה דבש 550 גרם,גרמים,550.00,100 גרם,false,1,36.90,6.7091,true,1,139009
5018357012572,false,גרנולה דורסט גרגרי י,דורסט סיריאלס,GB,דורסט סיריאלס מוזל יפירות נפלא 600 גרם,גרמים,600.00,100 גרם,false,1,36.90,6.1500,true,1,25945
5024546366609,false,"ויסקי לאודרס 700 מ""ל",מקדוף אינטרנשנל דיסט,,לאודרס וויסקי סקוטי 700 מל,גרמים,700.00,100 גרם,false,1,89.90,12.8429,true,1,354
5026489483955,false,איט ריל חטיף על בסיס,קופרש סנק פודס,GB,חטיף חומוס סיסולט 45 גרם,גרמים,45.00,100 גרם,false,1,7.90,17.5556,true,1,9046
5026489484785,false,איט ריל חטיף על בסיס,קופרש סנק פודס,GB,חטיף קינואה ס קרים 30 גרם,גרמים,30.00,100 גרם,false,1,7.90,26.3333,true,1,32804
5029053002408,false,נייר טואלט קלינקס פרימיום לבן - מארז 9 גלילים,קימברלי קלארק ישראל,IL,"קלינקס נייר טואלט דו שכבתי לבן, 9 גלילים",מטרים,27500.00,מטר,false,1,36.90,0.0013,true,1,120759
5029053510811,false,קוטקס - תחבושות אולטרה נורמל + כנפיים 30 יח',קימברלי קלארק,,קוטקס תחבושות עם כנפיים נורמל פלוס 30 יחידות,Unknown,0.00,Unknown,false,1,19.90,0.0000,true,1,120762
5029053510828,false,קוטקס - תחבושות אולטרה סופר + כנפיים 22 יח',קימברלי קלארק,,קוטקס תחבושות עם כנפיים סופר פלוס 22 יחידות,Unknown,0.00,Unknown,false,1,19.90,0.0000,true,1,120763
5029053523446,false,קוטקס - תחבושות אולטרה נייט + כנפיים 20 יח',קימברלי קלארק,,קוטקס תחבושות עם כנפיים נייט 20 יחידות,לא מנהל יחידת מידה,0.00,לא מנהל יחידת מידה,false,1,19.90,0.0000,true,1,120764
5029053527574,false,תחתוני ספיגה לילדים Drynites בנים לגילאי 4-7,האגיס Huggies,CZ,תחתון ספיגה דריי נייטס 4-7,Unknown,0.00,Unknown,false,1,36.90,0.0000,true,1,122478
5029053527581,false,תחתוני ספיגה לילדים Drynites בנות לגילאי 4-7,האגיס Huggies,CZ,תחתון ספיגה דריי נייטס 4-7,Unknown,0.00,Unknown,false,1,36.90,0.0000,true,1,122467
5029053527598,false,האגיס דריי נייטס 15-8 בנים 9יח',KC Czech,CZ,תחתון ספיגה דריי נייטס 15-8,Unknown,0.00,Unknown,false,1,36.90,0.0000,true,1,122468
5029053527604,false,תחתוני ספיגה לילדים Drynites בנות לגילאי 8-15,האגיס Huggies,CZ,תחתון ספיגה דריי נייטס 15-8,Unknown,0.00,Unknown,false,1,36.90,0.0000,true,1,122471
5029053534589,false,קוטקס טמפוני מיני 32 יח',חוגלה קימברלי,,קוטקס טמפוני מיני 32 יח,לא מנהל יחידת מידה,0.00,לא מנהל יחידת מידה,false,1,24.90,0.0000,true,1,123935
5029053535227,false,קוטקס טמפון עם מוליך נורמל 16 יח',KC Czech,,טמפונים קוטקס עם מוליך נורמל 16,לא מנהל יחידת מידה,0.00,לא מנהל יחידת מידה,false,1,23.90,0.0000,true,1,124531
5029053538426,false,"ליטל סווימרס 12-18 L ק""ג 11 יח' האגיס",חוגלה קימברלי,IL,ח.האגיס שחיה 11 L יח,לא מנהל יחידת מידה,0.00,לא מנהל יחידת מידה,false,1,42.90,0.0000,true,1,126328
5029053578309,false,קופסת ממחטות אולטרה סופט 48 דף קלינקס,קימברלי,IL,קלינקס אולטרה סופט קוביה 48 דף,יחידה,1.00,יחידה,false,1,9.90,9.9000,true,1,34102
5029054220085,false,האגיס - מגבוני האגיס אקסטרה קר לא מבושם 56 יח' * 4,קימברלי,IL,האגיס מגבונים לחים עדין לעור רביעיה,יחידה,4.00,יחידה,false,4,27.90,6.9750,true,1,38469
5035766044673,false,"סיידר תפוחים סטרונגבאו 330 מ""ל בקבוק",סטרונגבאו Strongbow,BE,סיידר תפוחים 5% אלכוהול סטרונגבאו 330 מל,מיליליטרים,330.00,"100 מ""ל",false,1,9.00,2.7273,true,1,126560
5035766060253,false,"בירה מרפיס 500 מ""ל פחית",מרפיס Murphys,,"בירה מרפיס, בירת סטאוט, פחית 500 מ""ל",מיליליטרים,500.00,"100 מ""ל",false,1,14.80,2.9600,true,1,123649
5038342162419,false,וויסקי סקוטי מק-איוו,קמבל מאייר,GB,וויסקי סקוטי מק-איוור 700מל,מיליליטרים,700.00,"100 מ""ל",false,1,64.90,9.2714,true,1,23959
5050895245463,false,גלי בלי מטהר אוויר ד,יוניליוור,GB,גלי בלי מטהר אוויר דובדבן 300 מל,ליטרים,300.00,ליטר,false,1,11.90,0.0397,true,1,36215
5050895246606,false,גלי בלי מטהר אוויר מ,יוניליוור,GB,גלי בלי מטהר אוויר מוחיטו 300 מל,ליטרים,300.00,ליטר,false,1,11.90,0.0397,true,1,36216
5050895246620,false,גלי בלי מטהר אוויר א,יוניליוור,GB,גלי בלי מטהר אוויר אוכמניות 300 מל,ליטרים,300.00,ליטר,false,1,11.90,0.0397,true,1,36217
5050895247351,false,גלי בלי מפיץ ריח דוב,יוניליוור,CN,גלי בלי מפיץ ריח דובדבן מקלות 30 מל,ליטרים,30.00,ליטר,false,1,13.90,0.4633,true,1,36219
5056357900925,false,סניקרס חטיף חלבון חמאת בוטנים,מרס נדרלנד,US,סניקרס חמאת בוטנים 57 גרם,גרמים,59.00,100 גרם,false,1,16.90,28.6441,true,1,28688
5056357901427,false,חטיף חלבון m&m בטעם שוקולד,מארס,GB,חטיף חלבון m&m בטעם שוקולד,גרמים,51.00,100 גרם,false,1,16.90,33.1373,true,1,34142
5056357901441,false,חטיף חלבון m&m בטעם בוטנים,מארס,GB,חטיף חלבון בוטנים 15 חלבון 51 גרם m&m,גרמים,51.00,100 גרם,false,1,16.90,33.1373,true,1,34143
5056357903834,false,באונטי מעושר בחלבון 52 גרם,מארס יורק אנגליה,GB,חטיף באונטי 18גרם חלבון 52גרם,גרמים,52.00,100 גרם,false,1,16.90,32.5000,true,1,34747
5060045588128,false,ווסקי ג'ים בים לבן,"איי, בי, אינבוו",US,ג'ים בים וויסקי קנטאקי ברבן ג'ים בים 700 מל,מיליליטרים,700.00,"100 מ""ל",false,1,84.90,12.1286,true,1,8879
5060221201391,false,גרנייד בטעם קרמל chaos,גרנייה,NL,chaosגרנייד בטעם קרמל60 גרם,גרמים,60.00,100 גרם,false,1,16.90,28.1667,true,1,35511
5060221201575,false,חטיף חלבון גרנייד בטעם קרם עוגיות,Unknown,GB,חטיף חלבון גרנייד קרם עוגיות 23 חלבון 60,גרמים,60.00,100 גרם,false,1,16.90,28.1667,true,1,34269
5060221201810,false,גרנייד בטעם שוקולד לבן עוגיות,גרנייה,NL,גרנייד שוקולד לבן עוגיות 60גרם,גרמים,60.00,100 גרם,false,1,16.90,28.1667,true,1,35513
5060221203753,false,חטיף חלבון גרנייד בטעם חמאת בוטנים,Unknown,GB,חטיף חלבון גרנייד חמאת בוטנים 21 חלבון,גרמים,60.00,100 גרם,false,1,16.90,28.1667,true,1,34267
5060221203937,false,גרנייד בטעם שוקוצ'יפס בצק עוגיות,גרנייה,NL,גרנייד שוקוציפס בצק עוגיות 60גרם,גרמים,60.00,100 גרם,false,1,16.90,28.1667,true,1,35512
5060221206860,false,חטיף חלבון בטעם קרמל מלוח ושוקולד 60 ג' Grenade,Unknown,GB,חטיף חלבון גרנייד קרמל מלוח 20 חלבון 60,גרמים,60.00,100 גרם,false,1,16.90,28.1667,true,1,34270
5060255492154,true,אברקלין 6 ליטר תכלת,אברקלין,GB,אברקלין 6 ליטר תכלת,ליטרים,6.00,ליטר,false,1,69.90,11.6500,true,1,37446
5060255492185,true,חול אוורקלין ריחני,מיוצר בהולנד עבור cb,NL,חול אוורקלין ריחני,קילוגרמים,5.00,"ק""ג",false,1,59.90,11.9800,true,1,131589
5060255492284,true,חול אברקלין 5 קג,מיוצר בהולנד עבור cb,NL,אברקלין אדום מולטיקט 6ל',קילוגרמים,5.00,"ק""ג",false,1,69.90,13.9800,true,1,37447
5060319120023,true,תה קנמון - הייר ליבי,הייר ליבינג,GB,תה קינמון אורגני 40 גרם,גרמים,40.00,100 גרם,false,1,18.90,47.2500,true,1,131591
5060319120047,true,תה וורי ברי - הייר ל,אף.סי תבליני בגליל ב,GB,תה וורי ברי - הייר ליבינג,גרמים,40.00,100 גרם,false,1,18.90,47.2500,true,1,131592
5060319120078,true,תה הייר ליבינג סוויט,אף.סי תבליני בגליל ב,GB,תה הייר ליבינג סוויט דרימס 15 שקיקים,גרמים,40.00,100 גרם,false,1,18.90,47.2500,true,1,131593
5060319120092,false,תה הייר ליבינג אינגל,הייר ליבינג,GB,תה אינגליש ברקפסט אורגני,גרמים,45.00,100 גרם,false,1,18.90,42.0000,true,1,139024
5060319120108,true,תה ארל גריי הייר ליב,אונלי נטורל פרודקטס,GB,הייר ליווינג תה ארל גריי אורגני 45 גרם,גרמים,45.00,100 גרם,false,1,18.90,42.0000,true,1,131594
5060319120115,true,תה ירוק אורגני-הייר,אף.סי תבליני בגליל ב,GB,הייר ליווינג תה ירוק אורגני 40 גרם,גרמים,50.00,100 גרם,false,1,18.90,37.8000,true,1,131595
5060319120122,true,תה הייר ליבינג צאי י,אונלי נטורל פרודקטס,GB,הייר ליווינג צ'אי תה ירוק אורגני 40 גרם,גרמים,40.00,100 גרם,false,1,18.90,47.2500,true,1,131596
5060319120153,true,תה קמומיל וניל-הייר,אף.סי תבליני בגליל ב,IL,תה קמומיל וניל-הייר ליבינג,גרמים,30.00,100 גרם,false,1,18.90,63.0000,true,1,131597
5060319129286,true,תה לבן אורגני-הייר ל,אונלי נטורל פרודקטס,GB,הייר ליווינג תה לבן אורגני 35 גרם,גרמים,35.00,100 גרם,false,1,18.90,54.0000,true,1,131598
5060319129422,false,תה הייר ליבינג חליטת,אונלי נטורל פרודקטס,PT,חליטת צמחים אורגנית דיטוקס,גרמים,30.00,100 גרם,false,1,18.90,63.0000,true,1,25937
5060319129491,true,תה הייר ליבינג כורכו,אונלי נטורל פרודקטס,GB,הייר ליווינג חליטת כורכום אורגני 30 גרם,גרמים,30.00,100 גרם,false,1,18.90,63.0000,true,1,131599
5060402908248,false,סניקרס מועשר חלבון 12x55g,מרס נדרלנד,US,סניקרס פרוטאין 55 גרם,גרמים,59.00,100 גרם,false,1,16.90,28.6441,true,1,28689
5060402908286,false,מרס מועשר חלבון 12x59g,מרס נדרלנד,US,מארס פרוטאין 59 גרם,גרמים,59.00,100 גרם,false,1,16.90,28.6441,true,1,28686
5060402909542,false,מרס חטיף חלבון קרמל מלוח 12x59g,מרס נדרלנד,US,מארס קרמל מלוח 59 גרם,גרמים,59.00,100 גרם,false,1,16.90,28.6441,true,1,28687
5060462260539,false,אצבעות וופל במילוי ק,,ES,אצבעות וופל במילוי קרם אגוזים מצופה שוקו,גרמים,45.00,100 גרם,false,1,15.90,35.3333,true,1,38417
5060462260683,false,אצבעות וופל במילוי ק,,ES,אצבעות וופל במילוי קרם אגוזים מצופה שוקו,גרמים,45.00,100 גרם,false,1,15.90,35.3333,true,1,38418
5060462261758,false,כדורי וופל קראנצים ב,,ES,כדורי וופל קראנצים במילוי קרם לוז מצופים,גרמים,45.00,100 גרם,false,1,15.90,35.3333,true,1,38419
5060517886486,false,"משקה אנרגיה מונסטר פח 500 מ""ל",מונסטר אנרג'י Monster Energy,RU,"מונסטר אנרג'י פח 500 מ""ל",מיליליטרים,500.00,"100 מ""ל",false,1,8.90,1.7800,true,1,22307
5060517886516,false,"משקה אנרגיה מונסטר זירו פח 500 מ""ל",מונסטר אנרג'י Monster Energy,RU,"מונסטר אנרג'י זירו פח 500 מ""ל",מיליליטרים,500.00,"100 מ""ל",false,1,8.90,1.7800,true,1,22308
5060639128051,false,"משקה אנרגיה מונסטר אולטרה פחית 500 מ""ל",מונסטר אנרג'י Monster Energy,RS,"מונסטר ULTRA פח 500 מ""ל",מיליליטרים,500.00,"100 מ""ל",false,1,8.90,1.7800,true,1,26272
5060639129102,false,"משקה אנרגיה מונסטר מנגו פח 500 מ""ל",מונסטר אנרג'י Monster Energy,RS,"מונסטר Mango Loco פח 500 מ""ל",מיליליטרים,500.00,"100 מ""ל",false,1,8.90,1.7800,true,1,28552
5060751218173,false,"משקה אנרגיה מונסטר Pipline punch פח 500 מ""ל",Monster energy סרביה,IE,"מונסטר פייפליין פאנץ' פח 500 מ""ל",מיליליטרים,500.00,"100 מ""ל",false,1,8.90,1.7800,true,1,35926
5060751219033,false,"משקה אנרגיה מונסטר ULTRA PARADISE פח 500 מ""ל",Monster energy סרביה,IE,"מונסטר ULTRA PARADISE פח 500 מ""ל",מיליליטרים,500.00,"100 מ""ל",false,1,8.90,1.7800,true,1,35927
5200100943725,false,עוגיות שוקולד ציפס מ,Violanta Cookies S.A,GR,עוגיות שוקולד ציפס ממולאות קרם חמאת בוטנ,גרמים,200.00,100 גרם,false,1,11.90,5.9500,true,1,36628
5200100943749,false,עוגיות סנדוויץ שיבול,Violanta Cookies S.A,GR,עוגיות סנדוויץ משיבולת שועל ממולאות קרם חמאת בוטני,גרמים,200.00,100 גרם,false,1,11.90,5.9500,true,1,36633
5200100943763,false,עוגיות סנדוויץ שיבול,Violanta Cookies S.A,GR,עוגיות סנדוויץ משיבולת שועל ממולאות קרם טחינה 180,גרמים,200.00,100 גרם,false,1,11.90,5.9500,true,1,36634
5200100943824,false,עוגיות סובין במילוי,Violanta Cookies S.A,GR,עוגיות סובין במילוי קרם טחינה 170 ג VIOLANTA,גרמים,200.00,100 גרם,false,1,11.90,5.9500,true,1,36631
5200133120476,false,גלילות וופלים ממולאים קרם אגוזים וקקאו 400 ג',יוניליוור גרמניה Gm,GR,גליליות וופלים 400 גרם אגוזים וקקאו,גרמים,400.00,100 גרם,false,1,18.90,4.7250,true,1,11663
5200133120483,false,גלילות וופלים ממולאים קרם וניל,יוניליוור גרמניה Gm,GR,"גליליות וופלים ממולאות קרם בטעם וניל, 400 גרם",גרמים,400.00,100 גרם,false,1,18.90,4.7250,true,1,20476
5201004020338,false,קפריס וופל רול ממולא קרם אגוזי לוז 400 ג',פפדופולוס,GR,קפריס רולס קלאסיק 400 גרם,גרמים,400.00,100 גרם,false,1,19.90,4.9750,true,1,19576
5201178801054,false,"ניוואה קרם רב שימושי 250מ""ל",טרופיקל דגיל תעשיות,DE,"ניוואה קרם לחות רב שימושי 250 מ""ל",מיליליטרים,250.00,"100 מ""ל",false,1,29.90,11.9600,true,1,17493
5201184055656,false,משרוקית קטנה 6X,פרוקוס,,משרוקית קטנה 6X,Unknown,0.00,Unknown,false,1,9.00,0.0000,true,1,120796
5201484021009,false,אוזו סאן ריבל,san rival,GR,"אוזו סאן ריבל 700 מ""ל",מיליליטרים,700.00,"100 מ""ל",false,1,89.90,12.8429,true,1,15530
5201583042028,false,טופי פירות ללא סוכר,LAVDAS,GR,PALLAS,גרמים,175.00,100 גרם,false,1,11.90,6.8000,true,1,33274
5201583084035,false,PALLAS OLEIסוכריות,LAVDAS,GR,PALLAS OLEIסוכריות ללס 4 טעמים 150ג,גרמים,150.00,100 גרם,false,1,11.90,7.9333,true,1,33273
5201583414221,false,שקית מידי גנינבה ללס,LAVDAS,GR,שקית מידי גנינבה ללס טעמים שונים 175 גרם,גרמים,175.00,100 גרם,false,1,23.90,13.6571,true,1,33291
5201940010110,false,זיתים שחורים מזן קלמטה בפח 454 ג',סיוארס אס.איי,GR,זיתים שחורים טבעיים קלמטה 454 גרם,גרמים,454.00,100 גרם,false,1,14.90,3.2819,true,1,10069
5201940040117,false,זיתים ירוקים במלח דב,סוילה,GR,זיתים ירוקים במלח דברים טובים סגל 700 גר,גרמים,700.00,100 גרם,false,1,18.90,2.7000,true,1,38159
5201940050123,false,זיתים ירוקים ללא גלע,סוילה,GR,זיתים ירוקים במלח ללא גלעין דברים טובים סגל 700 ג,גרמים,700.00,100 גרם,false,1,18.90,2.7000,true,1,38160
5202082002162,false,GREEK YOGURT-יוגורט,ברידג' ס.ר.ל,GR,GREEK YOGURT-יוגורט יווני 10% שומן 400 ג,גרמים,400.00,100 גרם,false,1,12.90,3.2250,true,1,37972
5202302000022,false,זיתים שחורים טבעיים,לילייה פודס,GR,זיתים שחורים טבעיים ליליה 275 גרם,גרמים,275.00,100 גרם,false,1,16.90,6.1455,true,1,129400
5202302000039,true,זיתים שחורים טבעיים,לילייה פודס,GR,זיתים שחורים טבעיים קלמטה ליליה 275 גרם,גרמים,275.00,100 גרם,false,1,17.90,6.5091,true,1,131623
5202302010014,true,זיתים שחורים טאסוס,לילייה פודס,GR,"זיתים שחורים "" טאסוס"" מיוון",לא מנהל יחידת מידה,0.00,לא מנהל יחידת מידה,false,1,12.90,0.0000,true,1,4792
5202302020020,true,ממרח זיתי קלמטה לילי,לילייה פודס,GR,ממרח זיתי קלמטה ליליה 200 גרם,גרמים,200.00,100 גרם,false,1,16.90,8.4500,true,1,131624
5202390014192,false,גבינה צהובה טבעונית זיתים ויאו לייף 200 ג',פרוטרופיק סיה.,GR,צהובה טבעונית עם זיתים200 גרם ויולייף,גרמים,200.00,100 גרם,false,1,23.90,11.9500,true,1,13276
5202390014239,false,גבינה צהובה טבעונית עשבי תיבול ויאו לייף 200 ג',פרוטרופיק סיה.,GR,צהובה עשבי תיבול טבעוני 200 גרם ויולייף,גרמים,200.00,100 גרם,false,1,23.90,11.9500,true,1,13275
5202390015618,false,גבינה צהובה טבעונית אורגינל ויאו לייף 200 ג',אריביה אס.אי. 57022,GR,צהובה אורגינל טבעוני 200 גרם ויולייף,גרמים,200.00,100 גרם,false,1,23.90,11.9500,true,1,13270
5202390016325,false,גבינה צהובה טבעונית בטעם מעושן ויאו לייף 200ג',"אריביה אס.אי., יוון",GR,צהובה מעושנת טבעוני 200 גרם ויולייף,גרמים,200.00,100 גרם,false,1,23.90,11.9500,true,1,13273
5202390016967,false,צהובה עם פטריות טבעו,אריביה אס.אי. 57022,GR,צהובה עם פטריות טבעוני 200 גרם ויולייף,גרמים,200.00,100 גרם,false,1,23.90,11.9500,true,1,13272
5202390020407,false,פטה טבעונית גוש ויולייף 200 ג',פרוטרופיק סיה.,GR,יוונית בסגנון פטה טבעוני 200 גרם ויולייף,גרמים,200.00,100 גרם,false,1,27.90,13.9500,true,1,12449
5202390021121,false,קרמי טבעוני ויולייף 150 ג',וויטרוס אס.אי.,GR,ויולייף קרמית טבעונית בסגנון אורגינלי 150 גרם,גרמים,150.00,100 גרם,false,1,20.90,13.9333,true,1,12448
5202413007019,false,ערק אוזו פלומארי 700,Plomari ouzo distill,GR,"אוזו פלומארי 700 מ""ל",מיליליטרים,700.00,"100 מ""ל",false,1,89.90,12.8429,true,1,26133
5202795080709,false,אוזו מטקסה Ouzo Metaxa,פארייפאבה אגרואינדוס,GR,"הכרם אוזו מטקסה, 700 מל",מיליליטרים,700.00,"100 מ""ל",false,1,84.90,12.1286,true,1,14707
5208049004408,false,סיגריות רוטמנס סילבר,גלוברנס,IL,סיגריות רוטמנס סילבר בודד,יחידה,1.00,יחידה,false,1,31.40,31.4000,false,1,28408
5208049006594,false,פאל מאל א.כחול חפיסה,Unknown,DE,פאל מאל אקסטרה כחול חפיסה,יחידה,1.00,יחידה,false,1,30.20,30.2000,true,1,37002
5208049006624,false,פאל מאל סילבר סטרים פילטר,Unknown,DE,פאל מאל אקסטרה סילבר חפיסה,יחידה,1.00,יחידה,false,1,30.20,30.2000,true,1,37004
5410076933129,false,אריאל שושן צחור שקית,פרוקטר אנד גמבל,TR,"אבקת כביסה אריאל שושן צחור 3 ק""ג",קילוגרמים,3.00,"ק""ג",false,1,37.90,12.6333,true,1,9715
5410126006087,false,לוטוס עוגיות קרמל 700 גרם,כלורוקס אוקלנד,BE,ביסקוויט לוטוס בטעם קרמל700 גר,גרמים,700.00,100 גרם,false,1,29.90,4.2714,true,1,126325
5410126006360,false,לוטוס עוגיות סנדוויץ' במילוי לוטוס 150 גר',לוטוס ביקרי בלגיה נ.,BE,לוטוס עוגיות סנדוויץ במילוי לוטוס 150 גר,גרמים,150.00,100 גרם,false,1,9.90,6.6000,true,1,34148
5410126006377,false,לוטוס עוגיות סנדוויץ' במילוי וניל 150 גר',לוטוס ביקרי בלגיה נ.,BE,לוטוס עוגיות סנדוויץ במילוי וניל 150 גרם,גרמים,150.00,100 גרם,false,1,9.90,6.6000,true,1,34149
5410126106022,false,לוטוס מארז חגים 250X2 גר',לוטוס בייקרי,BE,מארז חגים לוטוס 2 250 גרם,גרמים,250.00,100 גרם,false,1,23.90,9.5600,true,1,37522
5410126106183,false,ביסקוויט קרמל 312גרם 50יח,כלורוקס אוקלנד,BE,"ביסקויט קרמל 312 גרם בד""צ 50 יח ארוז בנפ",גרמים,312.00,100 גרם,false,1,19.90,6.3782,true,1,121647
5410126116953,false,ממרח עוגיות קרמל 400 ג' לוטוס,לוטוס בייקרי בלגיה נ,BE,לוטוס ממרח עוגיות קרמל 400 גרם,גרמים,400.00,100 גרם,false,1,22.90,5.7250,true,1,125466
5410126126020,false,מארז שבועות זוג עוגיות לוטוס 250ג,,,מארז שבועות עוגיות לוטוס250גרם,גרמים,250.00,100 גרם,false,1,23.90,9.5600,true,1,30034
5410126716016,false,"ביסקוויט בטעם קרמל לוטוס בד""צ 250 ג'",לוטוס ביקרי בלגיה,BE,"ביסקויט בטעם קרמל לוטוס 250 גרם בד""צ",גרמים,250.00,100 גרם,false,1,12.90,5.1600,true,1,120846
5410126726947,false,ממרח עוגיות לוטוס קראנץ' 380 גרם,לוטוס בייקרי בלגיה נ,BE,ממרח עוגיות לוטוס קראנץ',גרמים,380.00,100 גרם,false,1,22.90,6.0263,true,1,126489
5410173210055,false,קפה טחון וקלוי לפילטר Rombouts,קרלו,BE,רומבוטס קפה קלוי וטחון לפילטר 10 יח' 70 גרם,גרמים,70.00,100 גרם,false,1,23.90,34.1429,true,1,125652
5410228142089,false,בירה לף לונד בלונד 3,קרלסברג יבוא יצוא,,"בירה לף בלונד בקבוק 330 מ""ל",מיליליטרים,330.00,"100 מ""ל",false,1,9.90,3.0000,true,1,36359
5410228217732,false,פחית בירה סטלה ארטואה,מנדלז סי.אר. פרודקשן,BE,בירה סטלה ארטואה בפחית 440 מל,מיליליטרים,440.00,"100 מ""ל",false,1,12.90,2.9318,true,1,28554
5410228267508,false,באדווייזר בירה בקבוק,"איי, בי, אינבוו",,בירה באדוויזר,מיליליטרים,330.00,"100 מ""ל",false,1,8.90,2.6970,true,1,20455
5410228267515,false,בירה באדוויזר שישייה,באדווייזר Budweiser,,בירה באדוויזר,ליטרים,1.98,ליטר,false,1,43.90,22.1717,true,1,20447
5410316983693,false,"אייס סמירנוף בודד 275 מ""ל",סמירנוף אייס Smirnoff ice,IT,סמירנוף אייס,מיליליטרים,275.00,"100 מ""ל",false,1,12.90,4.6909,true,1,121594
5410316994019,false,"וודקה סמירנוף אדום 700מ""ל",דיאג'ו אופריישנס איט,US,סמירנוף וודקה 700 מל,מיליליטרים,700.00,"100 מ""ל",false,1,84.90,12.1286,true,1,125882
5410769100081,false,בירה לה שוף בקבוק 33,"איי, בי, אינבוו",BE,לה שוף בירה חזקה ומעוננת 330 מל,מיליליטרים,330.00,"100 מ""ל",false,1,15.90,4.8182,true,1,124221
5410769200088,false,בירה מק שוף בקבוק 33,פארייפאבה אגרואינדוס,BE,"בירה מק שוף בקבוק 330 מ""ל",מיליליטרים,330.00,"100 מ""ל",false,1,15.90,4.8182,true,1,124223
5410769800097,false,בירה צרי שוף 8% בקבו,פארייפאבה אגרואינדוס,BE,"בירה צרי שוף 8% בקבוק 330 מ""ל",מיליליטרים,330.00,"100 מ""ל",false,1,15.90,4.8182,true,1,596
5410850413304,false,BARONI DE LUXEבונ צד,BARILLA G.E.R.,BE,BARONI DE LUXEבונ צדפות בלגיים 250 ג,גרמים,250.00,100 גרם,false,1,19.90,7.9600,true,1,37011
5411081000677,false,בירה קסטיל טריפל 330,מבשלת קסטל ואן הונסב,BE,"בירה קסטיל טריפל 330 מ""ל",מיליליטרים,330.00,"100 מ""ל",false,1,12.90,3.9091,true,1,21470
5411081003654,false,בירה קסטיל רוז 330 מ,מבשלת קסטל ואן הונסב,BE,בירה קסטל רוזי 330,מיליליטרים,330.00,"100 מ""ל",false,1,12.90,3.9091,true,1,125896
5411188080268,false,משקה סויה אורגני 1 ל' אלפרי,הנסיך- מפעל לייצור ט,BE,משקה סויה אלפרו ביו אורגני 1 ליטר,ליטרים,1.00,ליטר,false,1,14.90,14.9000,true,1,121754
5411188081852,false,אלפרו משקה סויה בטעם וניל 1 ל',הנסיך- מפעל לייצור ט,BE,משקה סויה אלפרו וניל 1 ליטר,ליטרים,1.00,ליטר,false,1,14.90,14.9000,true,1,126499
5411188094159,false,מעדן סויה שוקולד בלגי אלפרו 4*125 ג',הנסיך- מפעל לייצור ט,BE,אלפרו מעדן סויה שוקולד מריר 4*125מל,גרמים,500.00,100 גרם,false,1,17.90,3.5800,true,1,122986
5411188096108,false,"אלפרו שמנת צמחית לבישול לייט 250מ""ל",אלפרו C.V.A,BE,"שמנת לבישול אלפרו 250 מ""ל",מיליליטרים,250.00,"100 מ""ל",false,1,9.90,3.9600,true,1,123915
5411188106159,false,סויה לייט בטעם טבעי 1ל' אלפרו,הנסיך- מפעל לייצור ט,BE,אלפרו משקה סויה מופחת שומן 1ל,ליטרים,1.00,ליטר,false,1,14.90,14.9000,true,1,126500
5411188110835,false,אלפרו חלב סויה שקדים וניל 1ל',הנסיך- מפעל לייצור ט,BE,אלפרו משקה שקדים 1ל,ליטרים,1.00,ליטר,false,1,14.90,14.9000,true,1,125695
5411188112549,false,אלפרו משקה אורז 1 ליטר,הנסיך- מפעל לייצור ט,BE,אלפרו משקה אורז 1ל,ליטרים,1.00,ליטר,false,1,14.90,14.9000,true,1,126391
5411188112709,false,משקה אלפרו שקדים ללא סוכר 1 ליטר,הנסיך- מפעל לייצור ט,BE,אלפרו משקה שקדים ללס 1ל,ליטרים,1.00,ליטר,false,1,14.90,14.9000,true,1,126773
5411188115366,false,אלפרו משקה שיבולת שועל 1 ליטר,הנסיך- מפעל לייצור ט,BE,אלפרו משקה שיבולת שועל 1 ליטר,ליטרים,1.00,ליטר,false,1,14.90,14.9000,true,1,126392
5411188115472,false,אלפרו משקה סויה 1 ליטר,הנסיך- מפעל לייצור ט,BE,אלפרו משקה סויה 1ל,ליטרים,1.00,ליטר,false,1,14.90,14.9000,true,1,26809
5411188118732,false,אלפרו חלב משקה קוקוס שקדים 1 ל',הנסיך- מפעל לייצור ט,BE,אלפרו משקה שקדים קוקוס 1ל,ליטרים,1.00,ליטר,false,1,14.90,14.9000,true,1,127939
5411188120742,false,אלפרו חלב משקה שקדים בטעם וניל 1 ל',הנסיך- מפעל לייצור ט,BE,אלפרו משקה שקדים וניל 1ל,ליטרים,1.00,ליטר,false,1,14.90,14.9000,true,1,127937
5411188121923,false,"אלפרו משקה סויה סידן מארז 250X3מ""ל",הנסיך- מפעל לייצור ט,BE,אלפרו משקה סויה 3*250מל,מיליליטרים,750.00,"100 מ""ל",false,1,14.90,1.9867,true,1,129846
5411188124726,false,אלפרו משקה שיבולת שועל שקדים 1 ל',הדקלאים אגודת שיתופי,BE,אלפרו משקה ש.שועל שקדים1ל,ליטרים,1.00,ליטר,false,1,14.90,14.9000,true,1,129762
5411188127697,false,משקה בריסטה שיבולת שועל 1ל' אלפרו,הנסיך- מפעל לייצור ט,BE,אלפרו בריסטה שיבולת שועל 1ל,ליטרים,1.00,ליטר,false,1,14.90,14.9000,true,1,26811
5411188129899,false,משקה אלפרו בריסטה שקדים 1 ליטר,הנסיך- מפעל לייצור ט,BE,אלפרו בריסטה שקדים 1ל,ליטרים,1.00,ליטר,false,1,14.90,14.9000,true,1,26812
5411188133476,false,אלפרו משקה סויה שוקו+חלבון 250 גרם בית יוסף,אלפרו C.V.A,BE,"אלפרו משקה סויה שוקו עם חלבון 250 מ""ל",מיליליטרים,250.00,"100 מ""ל",false,1,7.50,3.0000,true,1,31783
5411188133490,false,אלפרו משקה סויה קפה קרמל+חלבון 250 גרם בית יוסף,אלפרו,BE,"אלפרו משקה סויה קפה קרמל עם חלבון 250 מ""",מיליליטרים,250.00,"100 מ""ל",false,1,7.50,3.0000,true,1,31782
5411188134985,false,אלפרו 3.5% NOT M*LK שיבולת שועל 1 ליטר בית יוסף,הנסיך- מפעל לייצור ט,BE,3.5%שומן NOT MILK אלפרו שבולת שועל 1 לי,ליטרים,1.00,ליטר,false,1,13.90,13.9000,true,1,31785
5411188135005,false,אלפרו 1.8% NOT M*LK שיבולת שועל 1 ליטר בית יוסף,הנסיך- מפעל לייצור ט,BE,1.8%שומן NOT MILK אלפרו שבולת שועל 1 לי,ליטרים,1.00,ליטר,false,1,13.90,13.9000,true,1,31784
5411188300328,false,"אלפרו משקה סויה שוקו 500מ""ל",הנסיך- מפעל לייצור ט,BE,אלפרו משקה סויה שוקו 1ל,ליטרים,1.00,ליטר,false,1,14.90,14.9000,true,1,126502
5411188513483,false,"אלפרו סויה לבישול 14% שומן 250 מ""ל",אלפרו C.V.A,BE,אלפרו סויה לבישול 14% שומן 250מל,מיליליטרים,250.00,"100 מ""ל",false,1,9.90,3.9600,true,1,34835
5411188543398,false,משקה סויה ללא סוכר 1 ל' אלפרו,הנסיך- מפעל לייצור ט,BE,אלפרו משקה סויה ללא סוכר 1 ליטר,ליטרים,1.00,ליטר,false,1,14.90,14.9000,true,1,26813
5411616002190,false,בירה מרטינס סטרונג 8,מבשלת מרטנס,BE,"בירה Strong מרטנס 500 מ""ל 8.5%",מיליליטרים,500.00,"100 מ""ל",false,1,6.90,1.3800,true,1,592
5411616133245,false,בירה מרטנס לאגר פחית,מבשלת מרטנס,BE,"בירה מרטנס ירוק פרימיום 500 מ""ל 5%",מיליליטרים,500.00,"100 מ""ל",false,1,6.90,1.3800,true,1,285
5411616148546,false,בירה מרטנס גולד פחית,מבשחת מרטנס,BE,בירה מרטנס גולד 500מל 6.5%,מיליליטרים,500.00,"100 מ""ל",false,1,6.90,1.3800,true,1,282
5411681014005,false,בירה דובל בקבוק 330,פארייפאבה אגרואינדוס,IL,"בירה דובל בקבוק 330 מ""ל",מיליליטרים,330.00,"100 מ""ל",false,1,15.90,4.8182,true,1,120849
5411681038001,false,בירה מרדסוס טריפל חז,"איי, בי, אינבוו",BE,בירה מרדסו 10% כוהל 330 מל,מיליליטרים,330.00,"100 מ""ל",false,1,15.90,4.8182,true,1,127968
5412514777746,false,קונכיות טאקו,,,קונכיות טאקו,יחידה,0.13,יחידה,false,1,19.90,153.0769,true,1,122011
5412956120711,false,בית של סנטה קריסמס 1,KIMS CHOCOLATES,BE,בית של סנטה קריסמס 100 גרם,גרמים,100.00,100 גרם,false,1,23.90,23.9000,true,1,38350
5412956214519,false,שוקולד מריר תפוז ושק,Kim's Chocolates NV,BE,טב שוקולד מריר עם תפוז ושקדים 100 ג CACHET,גרמים,100.00,100 גרם,false,1,9.90,9.9000,true,1,36639
5412956214533,false,שוקולד מריר לימון ופ,Kim's Chocolates NV,BE,טב שוקולד מריר עם לימון ופלפל שחור 100 ג CACHET,גרמים,100.00,100 גרם,false,1,9.90,9.9000,true,1,36638
5412956214540,false,שוקולד מריר גינגר וא,Kim's Chocolates NV,BE,טב שוקולד מריר עם גינגר ואוכמניות 100 ג CACHET,גרמים,100.00,100 גרם,false,1,9.90,9.9000,true,1,36641
5412956214649,false,שוקולד מריר 85% קקאו,Kim's Chocolates NV,BE,טב שוקולד מריר 85% קקאו 100 ג CACHET,גרמים,100.00,100 גרם,false,1,9.90,9.9000,true,1,36636
5412956214670,false,שוקולד מריר 70% קקאו,Kim's Chocolates NV,BE,טב שוקולד מריר 70% קקאו 100 ג CACHET,גרמים,100.00,100 גרם,false,1,9.90,9.9000,true,1,36637
5413149655522,false,"אבקת כביסה שושן צחור 1.25 ק""ג אריאל",פרוקטר אנד גמבל,,איראל אבקת כביסה שושן צחור 1.25 קג,קילוגרמים,1.25,"ק""ג",false,1,18.90,15.1200,true,1,123461
5413149922907,false,"אבקת כביסה קולור וסטייל 5 ק""ג אריאל",אריאל Ariel,,"אריאל אבקת כביסה קולור 5 ק""ג",קילוגרמים,6.00,"ק""ג",false,1,49.90,8.3167,true,1,127811
5413149922938,false,"אריאל אבקת כביסה שושן צחור, 5 ק""ג",פרוקטר אנד גמבל,,"אריאל שושן צחור 5 ק""ג",קילוגרמים,6.00,"ק""ג",false,1,49.90,8.3167,true,1,127812
5413202171105,false,בונ פרלינים בלגיים 1,DELAFAILLE,BE,בונ פרלינים בלגיים 100 ג עטיפה לבבות DELAFAILLE,גרמים,100.00,100 גרם,false,1,21.90,21.9000,true,1,29365
5413202173109,false,בונ פרלינים בלגיים 1,DELAFAILLE,BE,בונ פרלינים בלגיים 100 ג 4 צבעים DELAF,גרמים,100.00,100 גרם,false,1,21.90,21.9000,true,1,29364
5413216990242,true,צוקטה צדפי שוקולד 25,הדקלאים אגודת שיתופי,BE,צדפי שוקולד 250 גרם,לא מנהל יחידת מידה,0.00,לא מנהל יחידת מידה,false,1,19.90,0.0000,true,1,4179
5413548040479,false,בונבוניירה רפאלו 240 גרם,קדבורי,PL,כדור וופל בציפוי קוקוס פריך במילוי קרם ושקד שלם,גרמים,240.00,100 גרם,false,1,25.90,10.7917,true,1,3168
5413548280189,false,קינדר שוקובון 125 גרם,פררו,BE,חטיף קינדר שוקו בון 125 גרם,גרמים,125.00,100 גרם,false,1,14.90,11.9200,true,1,120850
5425025122011,false,לופלוס הופרה 6% 330,בראסרי לס,BE,"לופלוס הופרה 6% 330 מ""ל",מיליליטרים,330.00,"100 מ""ל",false,1,16.90,5.1212,true,1,11939
5425025122073,false,לופלוס אורגניקוס330,בראסרי לס,BE,"לופלוס אורגניקוס330 מ""ל",מיליליטרים,330.00,"100 מ""ל",false,1,16.90,5.1212,true,1,11938
5600286004089,false,תפוחונים אורגניים חמ,נטורפוד,PT,תפוחונים אורגניים חמצמץ 40 גרם נטורפוד,גרמים,40.00,100 גרם,false,1,8.90,22.2500,true,1,25936
5601010111035,false,סרדינים בשמן זית רמי,רמירז קונסרב,PT,שימורי סרדינים בשמן זית,גרמים,125.00,100 גרם,false,1,12.80,10.2400,true,1,124589
5601010211070,false,סרדינים במי מלח רמיר,רמירז קונסרב,PT,שימורי סרדינים במי מלח 100 גרם,גרמים,125.00,100 גרם,false,1,11.20,8.9600,true,1,124330
5601045300022,false,משקה גוארנה אנטרטיקה,סומול וקומפל אס.איי,PT,"גוארנה אנטרטיקה פחית צרה 330 מ""ל",מיליליטרים,330.00,"100 מ""ל",false,1,7.00,2.1212,true,1,123253
5608933004369,false,בירה עלמה לאגר כהה ב,פונטסאלם,PT,בירה עלמה לאגר כהה בקבוק 330 מל,מיליליטרים,330.00,"100 מ""ל",false,1,6.90,2.0909,true,1,25081
5701932026964,false,פופקורן להכנה במיקרוגל בטעם טבעי 6 שקיות,הוט פופ Hot pop,US,פופקורן עם מלח הוטפופ 600 גרם,גרמים,600.00,100 גרם,false,1,15.90,2.6500,true,1,120922
5701932026971,false,פופקורן להכנה במיקרוגל בטעם חמאה 6 שקיות,הוט פופ Hot pop,US,הוט חמאה 600 ג') ב(12,גרמים,600.00,100 גרם,false,1,15.90,2.6500,true,1,120923
5701932026995,false,פופקורן להכנה במיקרוגל בטעם טבעי מופחת שומן 6 שקיות,קריניציה ויטמינה אס,US,פופקורן לייט טבעי הוטפופ 510 גרם,גרמים,510.00,100 גרם,false,1,15.90,3.1176,true,1,120924
5705550300963,true,ביצי דג שיבוט 200 גר,"אינסטנטה בע""מ",DK,ביצי דג שיבוט 200 גר,Unknown,0.00,Unknown,false,1,12.90,0.0000,true,1,131697
5706516031358,false,פופקורן להכנה במיקרוגל בטעם טבעי מופחת שומן 5 שקיות,הוט פופ Hot pop,US,הוטפופ תירס להכנת פופקורן במיקרוגל 100 קל 5 שק',גרמים,160.00,100 גרם,false,1,15.90,9.9375,true,1,124015
5711953103285,false,"פטינה לק""ג",ארלה פודס אמבא,DK,"פטינה לק""ג",קילוגרמים,1.00,"ק""ג",true,,39.00,39.0000,true,1,22062
5711953106583,false,גבינת שמנת בטעם טבעי 200 גרם ארלה,ארלה פודס אמבה,DK,ארלה גבינת שמנת טבעי,גרמים,200.00,100 גרם,false,1,16.90,8.4500,true,1,20869
5711953106590,false,גבינת שמנת עם שום 200 גרם ארלה,ארלה פודס אמבה,DK,ארלה גבינת שמנת שום,גרמים,200.00,100 גרם,false,1,16.90,8.4500,true,1,20870
5711953106606,false,גבינת שמנת עם תבלינים ועשבי תיבול 23.5%,ארלה פודס אמבה,DK,ארלה גבינת שמנת עשבי תיבול,גרמים,200.00,100 גרם,false,1,16.90,8.4500,true,1,20871
5740900403215,true,ממרח לורפק עם מלח 25,ארלה פודס אמבה,DK,ממרח לורפק עם מלח 250,גרמים,250.00,100 גרם,false,1,19.90,7.9600,true,1,11718
5740900403222,true,ממרח לורפק עם מלח מו,ארלה פודס אמבה,DK,ממרח לורפק עם מלח מופחת שומן,גרמים,250.00,100 גרם,false,1,19.90,7.9600,true,1,11719
5740900403239,true,ממרח לורפק ללא מלח 2,ארלה פודס אמבה,DK,ממרח לורפק בלי מלח 250,גרמים,250.00,100 גרם,false,1,19.90,7.9600,true,1,11720
5740900403246,true,ממרח לורפק ללא מלח 5,ארלה פודס אמבה,DK,ממרח לורפק בלי מלח 500גר,גרמים,500.00,100 גרם,false,1,30.90,6.1800,true,1,11721
5740900403253,true,ממרח לורפק עם מלח 50,ארלה פודס אמבה,DK,ממרח לורפק עם מלח 500גר,גרמים,500.00,100 גרם,false,1,29.80,5.9600,true,1,11722
5740900403260,false,ממרח מחמאת לורפק ללא מלח 27% פחות שומן,ארלה פודס אמבה,DK,ממרח לורפק ללא מלח מופחת שומן,גרמים,250.00,100 גרם,false,1,19.90,7.9600,true,1,11723
5740900403284,false,חמאה ללא מלח 200 גרם לורפק כשרות או קיי,לורפאק Lurpak,DK,ממרח לורפק 200 גר ללא מלח,גרמים,200.00,100 גרם,false,1,11.90,5.9500,true,1,26485
5740900403864,false,חמאה +מלח 200 גרם לורפק כשרות או קיי,ארלה פודס אמבה,DK,לורפק חמאה עם מלח 200 גרם,גרמים,200.00,100 גרם,false,1,11.90,5.9500,true,1,31781
5900020012814,false,דגני בוקר בטעם שוקולד נסקוויק Nesquik,מיוצר עי קונדיטוריית,PL,דגני בוקר נסקוויק 500 גרם,גרמים,500.00,100 גרם,false,1,26.90,5.3800,true,1,123826
5900020025647,false,פיטנס דליס Fitness Delice חטיף דגנים עם שוקולד חלב,מיוצר עי קונדיטוריית,PL,פיטנס בר דליס שוקולד חלב מאח.9 6*22.5ג,גרמים,135.00,100 גרם,false,1,16.90,12.5185,true,1,127509
5900020026552,false,דגני בוקר האני נאט צ'יריוס בטעם דבש ושקדים,נסטלה צרפת איטנקורט,FR,דגני האני נאט ציריוס 625 גרם,גרמים,625.00,100 גרם,false,1,26.90,4.3040,true,1,128281
5900020033314,false,חטיף דגני בוקר Lion בטעם קרמל ושוקולד על קרם חלב,נסטלה פולין ברים,PL,חטיף דגנים ליון מאגדת 8*25 גרם,גרמים,200.00,100 גרם,false,1,14.90,7.4500,true,1,12152
5900020034991,false,דגני בוקר צדפים בטעם שוקולד 450 ג' קראנץ',סי. פי. פולין,PL,דגני קראנץ צדפים בטעם שוקולד450גרםN9,גרמים,450.00,100 גרם,false,1,26.90,5.9778,true,1,22597
5900020036407,true,ליון דגני בוקר שוקול,סי.פי פולין,PL,ליון דגני בוקר שוקולד וקרמל 480גרם,גרמים,480.00,100 גרם,false,1,26.90,5.6042,true,1,25965
5900020037916,false,דגני בוקר שיבולת שועל צ'ריוס 375ג',ג'נרל מילס סאן אדריא,PL,דגני ציריוס שיבולת שועל 375גרם,גרמים,375.00,100 גרם,false,1,18.90,5.0400,true,1,28162
5900020039132,false,שיבולת שועל בטעם תפוח קינמון צ'יריוס 320 ג',סי. פי. פולין,PL,ציריוס שיבולת שועל תפוח קינמון 320גרם,גרמים,320.00,100 גרם,false,1,16.90,5.2812,true,1,30634
5900020041142,false,קורנפלקס פיטנס 500 ג' אסם,נסטלה צרפת איטנקורט,PL,קןרנפלקס פיטנס 500גרם,גרמים,500.00,100 גרם,false,1,15.90,3.1800,true,1,38032
5900353615706,false,בונבוניירה וודקה בשו,MIEZSKO,PL,בונבוניירה וודקה בשוקולד מריר 180 גרם,גרמים,180.00,100 גרם,false,1,21.90,12.1667,true,1,38353
5900353618288,false,בונבוניירה שרי 285 ג,MIEZSKO,PL,בונבוניירה שרי 285 גרם,גרמים,285.00,100 גרם,false,1,36.90,12.9474,true,1,38354
5900353620007,false,בונבוניירה שרי טראפז,MIEZSKO,PL,בונבוניירה שרי טראפז 182 גרם,גרמים,182.00,100 גרם,false,1,16.90,9.2857,true,1,38355
5900353620533,false,בונבוניירה ויסקי + ו,MIEZSKO,PL,בונבוניירה ויסקי + וודקה 143 גרם,גרמים,143.00,100 גרם,false,1,24.90,17.4126,true,1,38356
5900353645895,false,בונ לב פח אמורטה 189,SORINI-Holding Dolci,IT,בונ לב פח אמורטה 189 ג MIESZKO AMORETTA,גרמים,189.00,100 גרם,false,1,41.90,22.1693,true,1,33314
5900353647035,false,בונבוניירה טו סיקרט,MIEZSKO,PL,בונבוניירה טו סיקרט קריסמס 139 גרם,גרמים,139.00,100 גרם,false,1,21.90,15.7554,true,1,38359
5900627063233,false,טבליות למדיח AIO 50 יח פיניש,רקיט בנקיזר,PL,פיניש טבליות AIO 50 יחידות,יחידה,1.00,יחידה,false,1,37.90,37.9000,true,1,16619
5900907000347,false,פטריות בתחמיץ 500 גר,אורבנק,PL,פטריות בתחמיץ 500 גרם,גרמים,500.00,100 גרם,false,1,19.90,3.9800,true,1,26188
5900907000583,false,מלפפון בחומץ בצנצנת,ברצה אורבנק,PL,מלפפונים בחומץ 920גרם,גרמים,920.00,100 גרם,false,1,16.90,1.8370,true,1,123074
5900907000965,false,פטיסון בחומץ 910 גרם,אורבנק,PL,פטיסון בחומץ 910 גרם,גרמים,910.00,100 גרם,false,1,21.90,2.4066,true,1,26195
5900907001429,false,אסורטי 920 גרםURBAN,יושלם,,אסורטי 910גרם,גרמים,910.00,100 גרם,false,1,16.90,1.8571,true,1,123116
5900907001450,false,מלפפונים במלח 900 גר,אורבנק,PL,מלפפון במלח 910 גרם,גרמים,910.00,100 גרם,false,1,16.90,1.8571,true,1,26193
5900907001474,false,עגבניות אדומות בחומץ,URBANEK,,עגבניות אדומות בחומץ 920 גרם,גרמים,920.00,100 גרם,false,1,16.90,1.8370,true,1,126628
5900907001597,false,כרוב כבוש עם גזר 900,אורבנק,PL,כרוב כבוש עם גזר 900 גרם,גרמים,900.00,100 גרם,false,1,16.90,1.8778,true,1,26196
5900907001719,false,תערובת מלפפונים ועגב,סגל דברים טובים,IL,תערובת מלפפונים ועגבניות,גרמים,910.00,100 גרם,false,1,16.90,1.8571,true,1,26184
5900907003393,false,עגבניות שרי בחומץ 93,אורבנק,PL,עגבניות שרי 930 גרם,גרמים,930.00,100 גרם,false,1,16.90,1.8172,true,1,26194
5900951283963,false,חטיף סניקרס עם חמאת בוטנים Creamy Peanut Butter,סנו מפעלי ברונוס.,PL,dro סניקרס קרימי ח.בוטנים 36.5,גרמים,37.00,100 גרם,false,1,4.90,13.2432,true,1,34878
5901177153665,false,סרגל בסט וישז שוק חל,VOBRO,PL,סרגל בסט וישז שוק חלב עם קרם אגוזים 75,גרמים,75.00,100 גרם,false,1,9.90,13.2000,true,1,33269
5901414200411,false,מיני עוגיות היט Hit במילוי קרם שוקולד,באלזן Bahlsen,PL,עוגיות היט מיני קקאו 130 גרם,גרמים,130.00,100 גרם,false,1,6.90,5.3077,true,1,122249
5902198160403,false,"משקה אנרגיה XL TEN פחית לל""ס 250מ""ל","טמפו משקאות בע""מ",IL,"משקה אנרגיה XL TEN פחית 250 מ""ל",מיליליטרים,250.00,"100 מ""ל",false,1,4.50,1.8000,true,1,129282
5904941750312,false,"משקה אנרגיה BLU מוחיטו 250 מ""ל",אקו - ביט,PL,בלו משקה אנרגיה מוגז 250 מל,מיליליטרים,250.00,"100 מ""ל",false,1,5.00,2.0000,true,1,125656
5904941751241,false,"משקה אנרגיה BLU דיי סיקס ללא סוכר 250 מ""ל",אקו - ביט,PL,בלו משקה אנרגיה מוגז 250 מל,מיליליטרים,250.00,"100 מ""ל",false,1,5.00,2.0000,true,1,26280
5904941751302,false,"משקה אנרגיה בלו 250 מ""ל- בודד",אקו - ביט,PL,בלו משקה אנרגיה מוגז 250 מל,מיליליטרים,250.00,"100 מ""ל",false,1,5.00,2.0000,true,1,123391
5904941751524,false,"משקה אנרגיה BLU דיי אבטיח 250 מ""ל",אקו - ביט,PL,בלו משקה אנרגיה מוגז 250 מל,מיליליטרים,250.00,"100 מ""ל",false,1,5.00,2.0000,true,1,125657
5904941751920,false,בלו משקה אנרגיה דיי חצי מכמות הקלו250 מל,אקו - ביט,PL,בלו משקה אנרגיה מוגז 250 מל,מיליליטרים,250.00,"100 מ""ל",false,1,5.00,2.0000,true,1,125188
5905643070845,false,חמוציות בסירופ קל 40,,PL,חמוציות בסירופ קל 400 גרם,גרמים,400.00,100 גרם,false,1,11.90,2.9750,true,1,4657
5905643070852,false,פטל בסירופ קל 400 גר,,PL,פטל בסירופ קל 400 גרם,גרמים,400.00,100 גרם,false,1,11.90,2.9750,true,1,4656
5905643070869,false,אוכמניות כחולות בסיר,"קזברוק,ג'.א. קסול",PL,אוכ כחולות בסירופ קל 400 גרם,גרמים,400.00,100 גרם,false,1,11.90,2.9750,true,1,21785
5905643070876,false,פטל שחור בסירופ קל 4,,PL,פטל שחור בסירופ קל 400 גרם,גרמים,400.00,100 גרם,false,1,11.90,2.9750,true,1,17045
5905643070883,false,תות שדה בסירופ קל 40,,PL,תות שדה בסירופ קל 400 גרם,גרמים,400.00,100 גרם,false,1,11.90,2.9750,true,1,17043
5905643070906,false,תערובת פירות בסירופ,העידן האורגני,,תערובת פירות בסירופ קל 400 גרם,גרמים,400.00,100 גרם,false,1,11.90,2.9750,true,1,129008
5905643071644,false,סירופ אוכמניות שחורו,,PL,אוכ שחורות בסירופ קל 400 גרם,גרמים,400.00,100 גרם,false,1,11.90,2.9750,true,1,129009
5906485301012,false,"משקה אנרגיה XL פחית 250 מ""ל","טמפו משקאות בע""מ",IL,אקס אל אנרג'י דרינק משקה אנרגיה מוגז,מיליליטרים,250.00,"100 מ""ל",false,1,4.50,1.8000,true,1,122334
5998623526739,false,"יין סי גראס גוורצטרמינר 750 מ""ל",דנוביאנה,HU,"יין גוורצטרמינר סי גראס 750 מ""ל",מיליליטרים,750.00,"100 מ""ל",false,1,44.90,5.9867,true,1,25561
5998623530637,false,אדלמה קברנה סובוניון,אדלמה,HU,אדלמה קברנה סובוניון יין אדום 750 מל,מיליליטרים,750.00,"100 מ""ל",false,1,49.90,6.6533,true,1,35429
5998623530644,false,פינו גריג'יו רוזה חצ,אדלמה,HU,יין רוזה יבש אדלמה פינו גרגיו סמוק 750 מ,מיליליטרים,750.00,"100 מ""ל",false,1,49.90,6.6533,true,1,35430
5998749108550,true,ויסקס טמפציקן,מארס,HU,ויסקס טמפציקן,גרמים,60.00,100 גרם,false,1,13.90,23.1667,true,1,37448
5998749108574,true,1 8 60 ויסקס טמפביף,מארס,HU,1 8 60 ויסקס טמפביף,גרמים,60.00,100 גרם,false,1,13.90,23.1667,true,1,37449
6001023641601,false,מילוי גז למצתים 250,,,"מילוי גז למצתים 250 מ""ל",מיליליטרים,250.00,"100 מ""ל",false,1,11.90,4.7600,true,1,12758
6001067017523,false,קולגייט מברשת שיניים ילדים ספידרמן-ברבי 5+,יבואן ומשווק: ש. שסט,CN,קולגייט מברשת שיניים ספידרמן-ברבי גילאי 5+,Unknown,0.00,Unknown,false,1,13.90,0.0000,true,1,125673
6001067017530,false,קולגייט מברשת שיניים לילדים ספיידרמן,יבואן ומשווק: ש. שסט,CN,מברשת שיניים קולגייט גוניור,יחידה,1.00,יחידה,false,1,13.90,13.9000,true,1,125674
6001067027324,false,מברשת ילדים חשמלית בארבי באטמן,קולגייט - פלמוליב,CN,קולגייט מברשת ילדים בארבי-ספייד חשמלית,יחידה,1.00,יחידה,false,1,54.90,54.9000,true,1,30471
6008165271192,false,סיגריות פאל מאל אדום ארוך,אמריקן גרדן,,סיגריות פאל מל ארוך אדום חפיסה בודד,לא מנהל יחידת מידה,0.00,לא מנהל יחידת מידה,false,1,31.40,0.0000,false,1,78
6111094000013,true,קוסקוס דארי 1 קג,,,קוסקוס דארי 1 קג,Unknown,0.00,Unknown,false,1,15.90,0.0000,true,1,131814
6111094000228,false,"קוסקוס דארי דק תומר 1 ק""ג",קריות זול,MA,"קוסקוס דארי דק 1 ק""ג",קילוגרמים,1.00,"ק""ג",false,1,15.90,15.9000,true,1,21079
6111094000259,true,קוסקוס דארי 500 ג,,,קוסקוס דארי בינוני 500 ג,קילוגרמים,0.50,"ק""ג",false,1,8.90,17.8000,true,1,2102
6111094000808,false,"קוסקוס דארי בינוני תומר 1 ק""ג + 10% תוספת",דרי קוספט,MA,"קוסקוס דארי 1 ק""ג+10% תוספת",קילוגרמים,1.00,"ק""ג",false,1,15.90,15.9000,true,1,21081
6253017300012,false,טחינה קראוון המקורית,אחדות ביחר לטחינה ח,IL,טחינה קראוון המקורית 500 גרם,גרמים,500.00,100 גרם,false,1,15.90,3.1800,true,1,125128
6253017300029,false,טחינה גולמית קרוואן,קרואן Karawan,,טחינה קרואן 950 גרם,גרמים,950.00,100 גרם,false,1,29.90,3.1474,true,1,124549
6281001510390,false,מברשת שיניים לילדים אקסטרא סופט לגילאי 0-2,קולגייט Colgate,CN,קולגייט מברשת שיניים אקסטרה סופט לגילאי 0-2,Unknown,0.00,Unknown,false,1,13.90,0.0000,true,1,122277
6908235694404,false,אוזניות מיקרופון אונ,Unknown,,אוזניות מיקרופון אוניברסליות,יחידה,1.00,יחידה,false,1,29.90,29.9000,true,1,21472
6921499711571,false,Cat fest חטיף מקלוני,,CN,Cat fest חטיף מקלוני בשר לחתולים בטעם בק,גרמים,45.00,100 גרם,false,1,9.90,22.0000,true,1,37567
6921959207774,false,Cat fest  חטיף כריות,,CN,Cat fest  חטיף כריות לחתולים בטעם עוף,גרמים,45.00,100 גרם,false,1,9.90,22.0000,true,1,37571
7038513866304,false,מברשת שיניים לילדים שלב 1 לגילאי 0-2,ג'ורדן Jordan,MY,מברשת שיניים לילדים 0-2 גורדן,Unknown,0.00,Unknown,false,1,11.90,0.0000,true,1,14542
7038513866311,false,מברשת שיניים לילדים שלב 2 לגילאי 3-5,ג'ורדן Jordan,MY,מברשת שיניים לילדים-3-5 גורדן,Unknown,0.00,Unknown,false,1,11.90,0.0000,true,1,14543
7038513866328,false,גורדן מברשת שיניים לילדים 6-8 סטפ 3,ג'ורדן Jordan,MY,מברשת שיניים לילדים-6-8 גורדן,Unknown,0.00,Unknown,false,1,11.90,0.0000,true,1,14544
7038513909018,false,ג'ורדן קיסמי שיניים מעץ דקים,JORDAN,,"קיסמי שיניים דקים - ג""ורדן",Unknown,0.00,Unknown,false,1,19.90,0.0000,true,1,14548
7038513909117,false,קיסמי שיניים דקים,JORDAN,,קיסמי שיניים דקים במיוחד-גורדן,Unknown,0.00,Unknown,false,1,19.90,0.0000,true,1,14545
7038516140357,false,ג'ורדן מברשת טוטאל קלין סופט רביעייה,מיוצר במלזיה עבור ג',NO,ג'ורדן מברשת שיניים רביעייה סופט,Unknown,0.00,Unknown,false,1,16.90,0.0000,true,1,126026
7038516140418,false,ג'ורדן מברשת טוטאל קלין מדיום רביעייה,ג'ורדן Jordan,MY,מברשות שיניים טוטאל קלין,Unknown,0.00,Unknown,false,1,16.90,0.0000,true,1,126027
7070646288653,false,מקס 100בטעם קרמל מלו,הרת'סייד פוד סולושיי,GB,מקס 100בטעם קרמל מלוח,גרמים,100.00,100 גרם,false,1,18.90,18.9000,true,1,30547
7290000004596,false,לחמניה לסנדויץ,מאפית דוידוביץ ובניו,IL,לחמניה לסנדויץ,גרמים,75.00,100 גרם,false,1,1.60,2.1333,true,1,36412
7290000021073,false,"מיכל 2.5 + ק""ג",,,"מיכל 2.5 + ק""ג",קילוגרמים,2.50,"ק""ג",false,1,359.00,143.6000,true,1,22884
7290000021082,false,"מיכל 5 ק""ג + גז",,,"מיכל 5 ק""ג + גז",קילוגרמים,5.00,"ק""ג",false,1,495.00,99.0000,true,1,22883
7290000023007,false,"ברנדי שטוק 84 40% 750 מ""ל","יקבי ברקן בע""ם",IL,ברנדי שטוק 84 37% 750 מל,מיליליטרים,750.00,"100 מ""ל",false,1,79.90,10.6533,true,1,21755
7290000023083,false,ערק אשקלון 40% בקבוק,"יקבי ברקן בע""מ",IL,"ערק אשקלון 40% בקבוק 700 מ""ל",מיליליטרים,700.00,"100 מ""ל",false,1,69.90,9.9857,true,1,126337
7290000023434,false,ליקר שטוק וישניאק 75,"יקבי ברקן בע""מ",IL,ליקר שטוק וישניאק 750 מל,מיליליטרים,750.00,"100 מ""ל",false,1,59.90,7.9867,true,1,20741
7290000023465,false,ליקר בננה שטוק 750 מ,"יקבי ברקן בע""מ",IL,"ליקר שטוק בננה 750 מ""ל 12 יח",מיליליטרים,750.00,"100 מ""ל",false,1,59.90,7.9867,true,1,20737
7290000023809,false,"יין ברקן קלאסיק קברנה סובניון 750מ""ל",יקבי ברקן שיווק והפצ,IL,ברקן קלאסיק קברנה סוביניון יין אדום יבש 2015,מיליליטרים,750.00,"100 מ""ל",false,1,32.90,4.3867,true,1,219
7290000023816,false,"יין ברקן קלאסיק אמרלד ריזלינג 750מ""ל",יקבי ברקן שיווק והפצ,IL,ברקן קלאסיק אמרלד ריזלינג יין לבן חצי יבש 2016,מיליליטרים,750.00,"100 מ""ל",false,1,32.90,4.3867,true,1,220
7290000023823,false,יין ברקן קלאסיק סובנ,יקבי ברקן שיווק והפצ,IL,קלאסיק סוביניון בלאן,Unknown,0.00,Unknown,false,1,32.90,0.0000,true,1,17514
7290000023847,false,יין ברקן קלאסיק שרדו,יקבי ברקן שיווק והפצ,IL,ברקן קלאסיק שרדונה 750 מל יין לבן יבש,מיליליטרים,750.00,"100 מ""ל",false,1,32.90,4.3867,true,1,221
7290000023977,false,"יין ברקן קלאסיק מרלו 750 מ""ל",יקבי ברקן שיווק והפצ,IL,ברקן קלאסיק מרלו יין אדום יבש 2015 750 מל,מיליליטרים,750.00,"100 מ""ל",false,1,32.90,4.3867,true,1,223
7290000024202,false,"יין ברקן רזרב קברנה סובניון 750 מ""ל",ברקן שיווק והפצה בעמ,IL,"יין ברקן רזרב קברנה סובניון 750 מ""ל",מיליליטרים,750.00,"100 מ""ל",false,1,49.90,6.6533,true,1,224
7290000024219,false,יין רזרב אמרלנד ריזל,יקבי ברקן,IL,ברקן רזרב יין לבן חצי יבש אמרלד ריזלינג 750 מל,מיליליטרים,750.00,"100 מ""ל",false,1,49.90,6.6533,true,1,225
7290000024240,false,"שרדונה רזרבד 750 מ""ל",ביבקבי ברקן שיווק וה,IL,ברקן רזרב שרדונה,מיליליטרים,750.00,"100 מ""ל",false,1,52.90,7.0533,true,1,25362
7290000024264,false,"יין ברקן רזרב מרלו 750 מ""ל",כרמי צבי - אחים סגל,IL,"יין ברקן רזרב מרלו 750 מ""ל",מיליליטרים,750.00,"100 מ""ל",false,1,49.90,6.6533,true,1,226
7290000024523,false,מיץ ענבים תירוש אדום,כרמי צבי - האחים סגל,IL,מיץ ענבים תירוש סגל 1 ליטר,ליטרים,1.00,ליטר,false,1,14.90,14.9000,true,1,126903
7290000024530,false,יין אדום מתוק של סגל,כרמי צבי - אחים סגל,IL,"יין אדום מתוק 750 מ""ל",מיליליטרים,750.00,"100 מ""ל",false,1,16.30,2.1733,true,1,124132
7290000024905,false,וודקה קגלביץ קלאסיקה,"יקבי ברקן בע""מ",IL,"קגלביץ' קלאסיקה 40% 700 מ""ל",מיליליטרים,700.00,"100 מ""ל",false,1,78.00,11.1429,true,1,325
7290000033372,false,גבינת צדר אנגלית כתו,,,גבינת צדר אנגלית כתומה מעדנייה,קילוגרמים,1.00,"ק""ג",true,,149.00,149.0000,true,1,14245
7290000034072,false,פירות קפואים,אוליבלס SA,,פירות קפואים,קילוגרמים,1.00,"ק""ג",true,,49.00,49.0000,true,1,22790
7290000037196,false,"פטינה לק""ג",ארלה פודס אמבא,DK,"פטינה לק""ג",קילוגרמים,1.00,"ק""ג",true,,39.00,39.0000,true,1,25680
7290000037431,false,גבינה גאודה גלגל במש,נטו,,גבינה גאודה גלגל במשקל1 קג,קילוגרמים,1.00,"ק""ג",true,,109.00,109.0000,true,1,35916
7290000037448,false,גבינה עזים הולנדית ג,הנרי ויליך,NL,גבינה עזים הולנדית גלגל1קג,קילוגרמים,1.00,"ק""ג",true,,169.00,169.0000,true,1,26609
7290000037455,false,גבינת צדר אנגלית מעד,כושר דייארי,,גבינת צדר אנגלית מעדנייה,קילוגרמים,1.00,"ק""ג",true,,149.00,149.0000,true,1,16419
7290000038506,false,חומוס ירושלמי משקל,קלאס פוד,IL,חומוס ירושלמי משקל,קילוגרמים,1.00,"ק""ג",true,,33.00,33.0000,true,1,28596
7290000038513,false,חציל במיונז על האש מ,קלאס פוד,IL,חציל במיונז על האש משקל,קילוגרמים,1.00,"ק""ג",true,,63.00,63.0000,true,1,28597
7290000038544,false,חציל יווני סלוניקי ע,קלאס פוד,IL,חציל יווני סלוניקי על האש משקל,קילוגרמים,1.00,"ק""ג",true,,63.00,63.0000,true,1,28611
7290000038575,false,חציל תאילנדי משקל,קלאס פוד,IL,חציל תאילנדי משקל,קילוגרמים,1.00,"ק""ג",true,,63.00,63.0000,true,1,28614
7290000038605,false,טחינה לבנה זהב משקל,קלאס פוד,IL,טחינה לבנה זהב משקל,קילוגרמים,1.00,"ק""ג",true,,35.00,35.0000,true,1,28617
7290000038643,false,סלט ביצים משקל,קלאס פוד,IL,סלט ביצים משקל,קילוגרמים,1.00,"ק""ג",true,,79.00,79.0000,true,1,28631
7290000038926,false,טונה אדומה טרייה לקג,Unknown,IL,טונה אדומה טרייה לקג,קילוגרמים,1.00,"ק""ג",true,,189.00,189.0000,true,1,29892
7290000038940,false,דג נסיכה,,IL,דג נסיכה,קילוגרמים,1.00,"ק""ג",true,,79.90,79.9000,true,1,30116
7290000039527,false,גבינת שמנת1.5 30% קג,תנובה מרכז שיתופי לש,,גבינת שמנת1.5 30% קג,קילוגרמים,1.00,"ק""ג",true,,45.90,45.9000,true,1,121532
7290000039664,false,"מנצגו כמהין ראם לק""ג",ראם,IL,"מנצגו כמהין ראם לק""ג",קילוגרמים,1.00,"ק""ג",true,,165.00,165.0000,true,1,35035
7290000039688,false,מנצגו שום שחור ראם,ראם,IL,"מנצגו שום שחור ראם לק""ג",קילוגרמים,1.00,"ק""ג",true,,199.00,199.0000,true,1,35037
7290000040042,false,יוגורט תות %3 גביע 150 ג' יופלה,תנובה בעמ,IL,יופלה יוגורט תות %3 גביע 150 גרם,גרמים,150.00,100 גרם,false,1,5.20,3.4667,true,1,120477
7290000040066,false,יוגורט דובדבן 3% שומן 150 ג' יופלה,תנובה מרכז שיתופי לש,IL,יופלה יוגורט דובדבן %3 גביע 150 גרם,גרמים,150.00,100 גרם,false,1,5.20,3.4667,true,1,120481
7290000040080,false,יוגורט אפרסק 3% שומן 150 ג' יופלה,תנובה בעמ,IL,יופלה יוגורט אפרסק %3 גביע 150 גרם,גרמים,150.00,100 גרם,false,1,5.20,3.4667,true,1,120482
7290000040301,false,"גבינת קולאז קממבר עין גדי 24%, 125 ג'",תנובה מרכז שיתופי לש,IL,קממבר 24%,גרמים,125.00,100 גרם,false,1,21.90,17.5200,true,1,120499
7290000040318,false,גבינת ברי 24% קולאז עדי תנובה 125 ג',תנובה מרכז שיתופי לש,IL,גבינת ברי קולאז 125 גרם קולקשיין,גרמים,125.00,100 גרם,false,1,21.90,17.5200,true,1,120500
7290000040936,false,סלרי ראש,חקלאי,IL,סלרי ראש,יחידה,1.00,יחידה,false,1,4.90,4.9000,true,1,36473
7290000040974,false,חלב תנובה קרטון דל לקטוז 2% 1ל,תנובה מרכז שיתופי לש,IL,חלב תנובה דל לקטוז 2% שומן 1 ליטר,ליטרים,1.00,ליטר,false,1,7.20,7.2000,true,1,124467
7290000041667,false,מארז 5 פיתות קריצה,לה פרינה,IL,מארז 5 פיתות קריצה,יחידה,5.00,יחידה,false,1,11.90,2.3800,true,1,25522
7290000041858,false,"שמנת חמוצה 15% יטבתה 200 מ""ל מהדרין",שטראוס גרופ,IL,שמנת חמוצה 15% מועשרת מהדרין,מיליליטרים,200.00,"100 מ""ל",false,1,2.40,1.2000,true,1,120566
7290000041865,false,"לבן 4.5% יטבתה מהדרין 200מ""ל",מחלבת יטבתה,IL,לבן 4.5% יטבתה 200 גרם,גרמים,200.00,100 גרם,false,1,2.00,1.0000,true,1,120567
7290000042015,false,חלב טרי 3% תנובה שקית 1ל' מהדרין,תנובה מרכז שיתופי לש,IL,"חלב 3% שקית בד""ץ פיקוח 1 ליטר",ליטרים,1.00,ליטר,false,1,5.43,5.4300,true,1,120571
7290000042404,false,חלב יוטבתה מועשר 3% שקית 1ל',מחלבת יטבתה,IL,חלב שקית מהדרין 3% מועשר,ליטרים,1.00,ליטר,false,1,6.00,6.0000,true,1,120583
7290000042428,false,עגבניות מגי,חקלאי,IL,עגבניות מגי,קילוגרמים,1.00,"ק""ג",true,,10.00,10.0000,true,1,37037
7290000042435,false,חלב טרי 1% קרטון פקק 1ל' תנובה,תנובה מרכז שיתופי לש,IL,תנובה חלב טרי 1% שומן,ליטרים,1.00,ליטר,false,1,5.86,5.8600,true,1,120584
7290000042503,false,חלב עמיד קרטון 3% 1 ל' תנובה,תנובה מרכז שיתופי לש,IL,תנובה חלב עמיד 3% שומן 1 ליטר,ליטרים,1.00,ליטר,false,1,7.70,7.7000,true,1,120587
7290000042640,false,"חלב תנובה עמיד 3% קרטון 250 מ""ל",קריות זול,IL,תנובה חלב עמיד 3% שומן 250 מל,מיליליטרים,250.00,"100 מ""ל",false,1,3.20,1.2800,true,1,121504
7290000042855,false,יוטבתה שוקו שקית 225מל,שטראוס גרופ,IL,"שוקו יטבתה בשקית 225 מ""ל",מיליליטרים,225.00,"100 מ""ל",false,1,2.60,1.1556,true,1,120590
7290000043012,false,"שוקו עמיד 2% בקרטון 250 מ""ל תנובה",תנובה מרכז שיתופי לש,IL,תנובה שוקו עמיד 2% שומן 250 מל,מיליליטרים,250.00,"100 מ""ל",false,1,5.20,2.0800,true,1,120591
7290000043814,false,"שמנת מתוקה להקצפה 38% 250 מ""ל תנובה",תנובה מרכז שיתופי לש,IL,השף הלבן שמנת להקצפה 38% שומן 250 מל,מיליליטרים,250.00,"100 מ""ל",false,1,6.47,2.5880,true,1,120605
7290000043890,false,רויון בקרטון 1 ליטר,תנובה מרכז שיתופי לש,IL,תנובה רויון לבן מחלב מפסוטר 1.5% 1 ליטר,ליטרים,1.00,ליטר,false,1,11.90,11.9000,true,1,120606
7290000043944,false,כד יוגורט תנובה 4% שומן 1.5 ליטר,מיוצר עי קונדיטוריית,IL,יוגורט 4.5% בכד תנובה 1.5 ליטר,ליטרים,1.50,ליטר,false,1,17.90,11.9333,true,1,120607
7290000044712,false,יוגורט עם תות 1.5% שומן 500 ג' פרילי,מיוצר עי קונדיטוריית,IL,"פרילי תות 500 מ""ל",מיליליטרים,500.00,"100 מ""ל",false,1,11.90,2.3800,true,1,120614
7290000044880,false,באדי יוגורט תות 3% שומן 500 ג' תנובה,מיוצר עי קונדיטוריית,IL,"באדי תות 3% 500 מ""ל",מיליליטרים,500.00,"100 מ""ל",false,1,9.90,1.9800,true,1,120615
7290000045580,false,"גבינת מותכת נעמה חורש 25%, 240 ג'",תנובה מרכז שיתופי לש,IL,נעמה גבינה מותכת משולשים 25% שומן,גרמים,240.00,100 גרם,false,1,20.90,8.7083,true,1,120640
7290000045771,false,יוגורט 4% שומן 3 ל' תנובה,תנובה מרכז שיתופי לש,IL,יוגורט 3 ל .בכד,ליטרים,3.00,ליטר,false,1,29.90,9.9667,true,1,121753
7290000045917,false,תנובה גבינת פרומעז 23% גלילית 200ג,קריות זול,IL,תנובה פרומעז גבינה מותכת מחלב עיזים 23% שומן,גרמים,200.00,100 גרם,false,1,27.90,13.9500,true,1,120645
7290000046020,false,"גבינה גלבוע בלוק ק""ג",תנובה מרכז שיתופי לש,,גלבוע חריץ פיקוח 22%,קילוגרמים,1.00,"ק""ג",true,,42.58,42.5800,true,1,120647
7290000046327,false,"גבינת גלבוע פרוס 22%, 200 ג' תנובה",תנובה מרכז שיתופי לש,IL,גלבוע גבינה צהובה חצי קשה פרוס 22% שומן,גרמים,200.00,100 גרם,false,1,13.90,6.9500,true,1,120658
7290000046563,false,גבע פרמזן תנובה במשק,תנובה מרכז שיתופי לש,,גבינה קשה פרמזן חריץ קג 23%.,קילוגרמים,1.00,"ק""ג",true,,125.00,125.0000,true,1,120665
7290000047027,false,גבינה גלעד קצקאבל27%,תנובה מרכז שיתופי לש,,"גבינה גלעד-קצקאבל חריץ ק""ג 27%",קילוגרמים,1.00,"ק""ג",true,,139.00,139.0000,true,1,120683
7290000047034,false,"גבינה רוקפור גליל ק""",תנובה מרכז שיתופי לש,,"גבינה צאן קולאז ""רוקפור 25%",קילוגרמים,1.00,"ק""ג",true,,135.00,135.0000,true,1,120684
7290000047485,false,בולגרית פיראוס 24% ב,תנובה מרכז שיתופי לש,,בולגרית-24% קג מיכל3קג,קילוגרמים,1.00,"ק""ג",true,,62.00,62.0000,true,1,120696
7290000047546,false,כנען גבינה לבנה ללא מלח 5% 500 ג',תנובה מרכז שיתופי לש,IL,גבינה כנען500 גרם 5% שומן,גרמים,500.00,100 גרם,false,1,26.50,5.3000,true,1,120697
7290000048185,false,גבינה לבנה 5% שומן 250 ג' תנובה,מיוצר עי קונדיטוריית,IL,גבינה למריחה 5% תנובה פיקוח 250 גרם,גרמים,250.00,100 גרם,false,1,4.98,1.9920,true,1,120703
7290000048192,false,גבינה לבנה 9% שומן 250 ג' תנובה,מחלבת אלון תבור,IL,גבינה למריחה 9% תנובה 250 גרם,גרמים,250.00,100 גרם,false,1,4.90,1.9600,true,1,120704
7290000048307,false,קוטג' 5% וזיתים ירוקים 250ג' תנובה,מיוצר עי קונדיטוריית,IL,קוטג 5% זיתים 250 גרם,גרמים,250.00,100 גרם,false,1,6.10,2.4400,true,1,120710
7290000048413,false,גבינה חמד %16 שקית 250 ג' פיראוס,תנובה מרכז שיתופי לש,IL,פיראוס חמד גבינה כפרית מלוחה 16% שומן,גרמים,250.00,100 גרם,false,1,19.90,7.9600,true,1,120712
7290000048437,false,גבינה צפתית 5% 200 ג' פיראוס,פארייפאבה אגרואינדוס,IL,גבינה צפתית 5% שומן,גרמים,200.00,100 גרם,false,1,16.50,8.2500,true,1,120713
7290000049458,false,גבינת פטה עיזים 16% גביע פיראוס 250 ג',תנובה מרכז שיתופי לש,IL,פיראוס פטה עיזים 16% שומן,גרמים,250.00,100 גרם,false,1,30.90,12.3600,true,1,120724
7290000050447,false,יוגורט תות 500 ג' יופלה,מיוצר עי קונדיטוריית,IL,יופלה תות 3% גביע 500 גרם,גרמים,500.00,100 גרם,false,1,14.50,2.9000,true,1,123534
7290000050454,false,יוגורט אפרסק 500 ג' יופלה,מיוצר עי קונדיטוריית,IL,יופלה אפרסק 3% גביע 500 גרם,גרמים,500.00,100 גרם,false,1,14.50,2.9000,true,1,123535
7290000051307,false,מארז הפסקת אוכל עם דגני עוגי ומשקה חלב עמיד בטעם וניל,תנובה מרכז שיתופי לש,IL,מארז הפסקת אוכל חלב+דגני עוגי,לא מנהל יחידת מידה,0.00,לא מנהל יחידת מידה,false,1,9.90,0.0000,true,1,123683
7290000051352,false,חלב מלא בטעם של פעם 3.4% תנובה קרטון 1 ל',תנובה מרכז שיתופי לש,IL,חלב מלא בטעם של פעם 3.8% שומן 1 ליטר,ליטרים,1.00,ליטר,false,1,7.90,7.9000,true,1,123684
7290000051376,false,יופלה דיאט אננס גביע 150 ג',תנובה מרכז שיתופי לש,IL,יופלה דיאט אננס גביע 150 גרם,גרמים,150.00,100 גרם,false,1,5.20,3.4667,true,1,123766
7290000051710,false,לאבנה 9% עם שמן זית וזעתר 263 ג' פיראוס,"תנובה, מחלבת אלון תב",IL,פיראוס לאבנה אסלית עם שמן זית וזעתר על בסיס יוגורט,גרמים,263.00,100 גרם,false,1,14.50,5.5133,true,1,123767
7290000052311,false,גבינה צהובה לייט 15% 200 ג' עמק,תנובה מרכז שיתופי לש,IL,עמק פרוסות גבינה צהובה חצי קשה 15% מופחתת שומן,גרמים,200.00,100 גרם,false,1,16.90,8.4500,true,1,124157
7290000052649,false,גבינת לאבנה 5% שומן 500 ג' פיראוס,תנובה מרכז שיתופי לש,IL,פיראוס לאבנה אסלית 5% שומן,גרמים,500.00,100 גרם,false,1,20.90,4.1800,true,1,124118
7290000052717,false,קוטג' 5%עם שום שמיר 250 ג' תנובה,מיוצר עי קונדיטוריית,IL,קוטג 5% עם שום שמיר 250 גרם,גרמים,250.00,100 גרם,false,1,6.10,2.4400,true,1,125402
7290000053219,false,טל העמק 32% במשקל,תנובה מרכז שיתופי לש,,טל העמק 31%,קילוגרמים,1.00,"ק""ג",true,,69.00,69.0000,true,1,4595
7290000055015,false,גבינת פיראוס פטה כבשים 5% 250 ג' פיראוס,תנובה מרכז שיתופי לש,IL,פיראוס פטה כבשים גבינה מלוחה 5% שומן,גרמים,250.00,100 גרם,false,1,28.90,11.5600,true,1,124491
7290000055329,false,יופלה משקה יוגורט תות מלון 1.5% 250מל.,תנובה מרכז שיתופי לש,IL,"משקה יוגורט יופלה תות מלון 250 מ""ל",מיליליטרים,250.00,"100 מ""ל",false,1,6.20,2.4800,true,1,124578
7290000055336,false,יופלה משקה יוגורט בננה אפרסק 1.5% 250מל,תנובה מרכז שיתופי לש,IL,"משקה יוגורט יופלה בננה אפרסק 250 מ""ל",מיליליטרים,250.00,"100 מ""ל",false,1,6.20,2.4800,true,1,124579
7290000055343,false,יופלה משקה יוגורט טרופי 1.5% 250מל,תנובה מרכז שיתופי לש,IL,"משקה יוגורט יופלה טרופי 250 מ""ל",מיליליטרים,250.00,"100 מ""ל",false,1,6.20,2.4800,true,1,124580
7290000055350,false,עמק קלאסית 28% במשקל,תנובה מרכז שיתופי לש,,חריץ עמק 28%,קילוגרמים,1.00,"ק""ג",true,,44.79,44.7900,true,1,4007
7290000055893,false,חמאה משמנת מפוסטרת 200ג' כ.מהדרין,תנובה מרכז שיתופי לש,IL,חמאה תנובה 200 גרם,גרמים,200.00,100 גרם,false,1,8.50,4.2500,true,1,12814
7290000056081,false,מאגדת פרילי טבע 6 יח' * 200 ג',מיוצר עי קונדיטוריית,IL,מאגדת יוגורט פרילי טבע 25% 1/6,קילוגרמים,1.20,"ק""ג",false,1,24.60,20.5000,true,1,124634
7290000056784,false,פטה כבשים פיראוס 5%,תנובה מרכז שיתופי לש,,גבינה פטה כבשים 5% למעדניה,קילוגרמים,1.00,"ק""ג",true,,125.00,125.0000,true,1,124884
7290000056845,false,חלב טרי 3% הומוגני קרטון 1.5 ל' תנובה,פארייפאבה אגרואינדוס,IL,תנובה חלב טרי 3% שומן אריזת נוחות,ליטרים,1.50,ליטר,false,1,9.34,6.2267,true,1,124873
7290000056883,false,יופלה מאגדת פרי 3% 8 יח' * 150 ג',תנובה מרכז שיתופי לש,IL,מאגדת יופלה טעמים שונים שמיניי,קילוגרמים,1.20,"ק""ג",false,1,32.90,27.4167,true,1,124744
7290000056890,false,דיאט יופלה שמינייה טעמים שונים,מיוצר עי קונדיטוריית,IL,מאגדת יופלה דיאט 1/8,קילוגרמים,1.20,"ק""ג",false,1,32.90,27.4167,true,1,124772
7290000056906,false,מאגדת לבן טבעי 1.5% שומן 8 יח' * 150 ג' יופלה,מחלבת אלון תבור,IL,מאגדת יופלה לבן 1.5% שמינייה,קילוגרמים,1.20,"ק""ג",false,1,19.50,16.2500,true,1,124751
7290000056951,false,"שמנת לבישול 15% שומן 500 מ""ל תנובה",תנובה מרכז שיתופי לש,IL,תנובה השף הלבן שמנת לבישול 15% שומן 500 מל,מיליליטרים,500.00,"100 מ""ל",false,1,17.40,3.4800,true,1,125053
7290000056968,false,שמנת מתוקה להקצפה 38,תנובה,IL,השף הלבן שמנת להקפצה 38% שומן,מיליליטרים,500.00,"100 מ""ל",false,1,12.94,2.5880,true,1,125054
7290000057088,false,גבינת דק דק 28% 200 ג' עמק,תנובה מרכז שיתופי לש,IL,גבינה עמק 28% דק 200 גרם,גרמים,200.00,100 גרם,false,1,16.90,8.4500,true,1,124875
7290000057118,false,עמק סמי מעדנייה כשרות מהדרין,תנובה מרכז שיתופי לש,IL,גבינת עמק קלאסית חצי קשה פרוסות 28% שומן,גרמים,400.00,100 גרם,false,1,23.90,5.9750,true,1,124889
7290000057132,false,יוגורט טבעי 1.5% שומן 200 ג' תנובה,מחלבת אלון תבור,IL,יוגורט ביו 1.5% תנובה 200 גרם,גרמים,200.00,100 גרם,false,1,3.20,1.6000,true,1,124876
7290000057149,false,יוגורט טבעי 3% שומן 200 ג' תנובה,מיוצר עי קונדיטוריית,IL,יוגורט ביו 3% תנובה 200 גרם,גרמים,200.00,100 גרם,false,1,3.20,1.6000,true,1,124877
7290000057552,false,יופלה דיאט עוגת גבינה ותות 0% גביע 150ג',תנובה בעמ,IL,יוגורט יופלה דיאט ע.גבינה ותות 150 גרם,גרמים,150.00,100 גרם,false,1,4.90,3.2667,true,1,125347
7290000058030,false,"יופלה שטוזים משקה יוגורט תות 8 יח' * 100 מ""ל",מיוצר עי קונדיטוריית,IL,יופלה משקה יוגורט תות 800 מל,מיליליטרים,800.00,"100 מ""ל",false,1,21.90,2.7375,true,1,125134
7290000058047,false,**שף לבן שמנת מתוקה מהדרין 38% פקק 500מ,תנובה מרכז שיתופי לש,IL,שמנת מתוקה להקצפה 500 38% גרם,מיליליטרים,500.00,"100 מ""ל",false,1,12.94,2.5880,true,1,32377
7290000060071,false,אוסם - חטיפי פריכונים מאורז מלא קלוי 80גר,"מיוצר ע""י PT, משווק",IL,אסם חטיפי פריכונים טבעי 12*80גרם,גרמים,80.00,100 גרם,false,1,7.90,9.8750,true,1,120977
7290000060088,false,בייגלה אסם מקלות מלוחים 400 גרם,מיוצר עי קונדיטוריית,IL,אסם בייגלה מקלות מלוחים 12*400גרם,גרמים,400.00,100 גרם,false,1,11.90,2.9750,true,1,121859
7290000060156,false,פסטה אסם אטריות ביצים דקות 200גר,"אסם השקעות בע""מ",IL,אסם אטריות ביצים דקות 12*200גרם,גרמים,200.00,100 גרם,false,1,7.90,3.9500,true,1,120978
7290000060163,false,פסטה אסם אטריות דקות 400גר,"אסם השקעות בע""מ",IL,אסם אטריות דקות 12*400גרם,גרמים,400.00,100 גרם,false,1,7.90,1.9750,true,1,120979
7290000060200,false,פסטה אסם פתיתים אפויים קוסקוס 500גר,"אסם השקעות בע""מ",IL,פתיתים אפויים קוסקוס 500 גרם,גרמים,500.00,100 גרם,false,1,6.90,1.3800,true,1,120980
7290000060217,false,פסטה אסם מקרוני 7 500 גר,קריות זול,IT,אסם פסטה מקרוני אטלקי 24*500גרם,גרמים,500.00,100 גרם,false,1,6.90,1.3800,true,1,10665
7290000060248,false,פסטה אסם פתיתים תלתלים 500גר,קריות זול,IT,אסם פסטה תלתלים 12*500גרם,גרמים,500.00,100 גרם,false,1,6.90,1.3800,true,1,120981
7290000060316,false,פסטה פרפקטו ספגטי 500ג' אסם,קריות זול,IT,פרפקטו פסטה ספגטי אטלקי 24*500גרם,גרמים,500.00,100 גרם,false,1,7.90,1.5800,true,1,120982
7290000060330,false,פרפקטו פרפקטו ספיראלי גירף 500 גר,קריות זול,IT,פרפקטו ספירלי 12*500גרם-חדש,גרמים,500.00,100 גרם,false,1,7.90,1.5800,true,1,120984
7290000060408,false,פסטה אסם פתיתים אפויים טבעות 500 גר,"אסם השקעות בע""מ",IL,אסם פתיתים אפויים טבעות 12*500גרם,גרמים,500.00,100 גרם,false,1,6.90,1.3800,true,1,120985
7290000060415,false,פסטה פרפקטו לזאניה אסם 500ג',קריות זול,IT,פרפקטו לזניה 12*500גרם 2016,גרמים,500.00,100 גרם,false,1,14.90,2.9800,true,1,120986
7290000060576,false,פסטה אסם פתיתים אפוי כוכב 500גר,"אסם השקעות בע""מ",IL,אסם פתיתים אפויים כוכבים 12*500גרם,גרמים,500.00,100 גרם,false,1,6.90,1.3800,true,1,120989
7290000060781,false,פסטה אסם פתיתים מסולסלים 500גר,קריות זול,IT,אסם פסטה מסולסלים לאחר הפסח 12*500גרם,גרמים,500.00,100 גרם,false,1,6.90,1.3800,true,1,120990
7290000060828,false,פסטה קרניים בינוניות 500 ג' אסם,קריות זול,IT,אסם פסטה קרניים בינוניות 12*500גרם,גרמים,500.00,100 גרם,false,1,6.90,1.3800,true,1,120992
7290000060842,false,פסטה אסם פתיתים צדפים גדולים 500גר,קריות זול,IT,אסם פסטה צדפים גדולים 12*500גרם,גרמים,500.00,100 גרם,false,1,6.90,1.3800,true,1,120993
7290000060880,false,פסטה מס' 8 ספגטי אסם 500ג',קריות זול,IT,ספגטי אסם 500 גרם,גרמים,500.00,100 גרם,false,1,6.90,1.3800,true,1,120995
7290000060903,false,פסטה אסם פתיתים אפויים אורז 500גר,"אסם השקעות בע""מ",IL,אסם פתיתים אפויים אורז 12*500גרם,גרמים,500.00,100 גרם,false,1,6.90,1.3800,true,1,120996
7290000060958,false,פסטה אסם אטריות בינוניות 400 גרם,"אסם השקעות בע""מ",IL,אסם אטריות בינוניות 12*400גרם,גרמים,400.00,100 גרם,false,1,7.90,1.9750,true,1,120997
7290000060965,false,פסטה אסם אטריות רחבות 400גר,"אסם השקעות בע""מ",IL,אסם אטריות רחבות 12*400גרם,גרמים,400.00,100 גרם,false,1,7.90,1.9750,true,1,120998
7290000060972,false,פסטה אסם אטריות דקיקות 400 גרם,קריות זול,IT,אסם אטריות דקיקות 12*400גרם,גרמים,400.00,100 גרם,false,1,7.90,1.9750,true,1,120999
7290000061061,false,קרקר בצל אסם 250 גרם,"אסם השקעות בע""מ",IL,אסם קרקר בצל 12*250גרם,גרמים,250.00,100 גרם,false,1,10.90,4.3600,true,1,121000
7290000061245,false,עוגיות שוקוציפס ממולאות שוקלד 220 ג',מיוצר עי קונדיטוריית,IL,אסם עוגיות שוקוצ'יפס ממולאות 12*220גרם,גרמים,220.00,100 גרם,false,1,11.90,5.4091,true,1,121003
7290000061450,false,פתיתים אפויים קוסקוס צבעוני אסם 500 גר',"אסם השקעות בע""מ",IL,אסם פתיתים קוסקוס 3 צבעים 12*500גרם,גרמים,500.00,100 גרם,false,1,6.90,1.3800,true,1,123606
7290000061764,false,נסקפה רד מאג טעם חדש 200ג',נסטלה ספרד קפה,ES,נסקפה רד מאג טעם חדש 6*200גרם2017,גרמים,200.00,100 גרם,false,1,24.90,12.4500,true,1,121004
7290000062952,false,אוסם - מיני קרוטונים למרק ולסלט 250 גרם,עינת תעשיות מזון,IL,אסם מיני קרוטונים למרק וסלט 12*250גרם,גרמים,250.00,100 גרם,false,1,16.90,6.7600,true,1,123366
7290000063102,false,קמח עוגה אסם תופח מאליו 350ג',"אסם השקעות בע""מ",IL,קמח תופח אסם 350 גרם,גרמים,350.00,100 גרם,false,1,5.50,1.5714,true,1,121025
7290000063133,false,אסם שקדי מרק רכיבים טבעיים 24*100גרם,"אסם השקעות בע""מ",IL,שקדי מרק אסם 100 גרם,גרמים,100.00,100 גרם,false,1,5.50,5.5000,true,1,121029
7290000063140,false,שקדי מרק רכיבים טבעיים בשקית 400 ג' אסם,"אסם השקעות בע""מ",IL,אסם שקדי מרק רכיבים טבעיים 12*400גרם,גרמים,400.00,100 גרם,false,1,12.90,3.2250,true,1,121030
7290000063157,false,"קמח תופח מאליו אסם 1 ק""ג","אסם השקעות בע""מ",IL,"קמח תופח מאליו 1 ק""ג אסם",קילוגרמים,1.00,"ק""ג",false,1,10.50,10.5000,true,1,121032
7290000064758,false,קוסקוס בינוני אמיתי אסם 350 ג',"מיוצר ע""י קוד יצרן K",IL,אסם קוסקוס אמיתי 12*350גרם,גרמים,350.00,100 גרם,false,1,7.90,2.2571,true,1,121674
7290000064871,false,"אוסם - מנה חמה פירה תפו""א עם בצל 56 גרם","אסם השקעות בע""מ",IL,מנה חמה פירה תפוא.ובצל 12*56גרם,גרמים,56.00,100 גרם,false,1,6.90,12.3214,true,1,121048
7290000065090,false,מיני קרוטונים למרק ולסלט 400 ג' אסם,עינת תעשיות מזון,IL,אסם מיני קרוטונים למרק וסלט 12*400גרם,גרמים,400.00,100 גרם,false,1,25.90,6.4750,true,1,121054
7290000065335,false,אוסם - מנה חמה פירה עם ירקות 55 גרם,"אסם השקעות בע""מ",IL,מנה חמה פירה וירקות 12*55גרם,גרמים,55.00,100 גרם,false,1,6.90,12.5455,true,1,121056
7290000065540,false,אוסם - מנה חמה פסטה מוקרמת בטעם עוף 55 גרם,"אסם השקעות בע""מ",IL,מנה חמה פסטה מוקרמת בדץ 12*55גרם,גרמים,55.00,100 גרם,false,1,6.90,12.5455,true,1,121057
7290000065557,false,אוסם - מנה חמה קוסקוס עם ירקות 84 גרם,"אסם תעשיות מזון בע""מ",IL,מנה חמה קוסקוס וירקות בדצ 12*84גרם,גרמים,84.00,100 גרם,false,1,6.90,8.2143,true,1,121058
7290000065977,false,חטיפי פריכונים תירס שומשום 80 ג' אוסם,"מיוצר ע""י פרח, משווק",IL,אסם חטיפי פריכונים תירס 12*80גרם,גרמים,80.00,100 גרם,false,1,7.90,9.8750,true,1,124071
7290000066172,false,ביסלי בטעם פיצה אסם,"אסם השקעות בע""מ",IL,ביסלי פיצה 24*70גרם,גרמים,70.00,100 גרם,false,1,5.90,8.4286,true,1,2722
7290000066189,false,ביסלי גדול בטעם פלאפל 200 ג' אסם,"אסם השקעות בע""מ",IL,ביסלי פלאפל 25*200גרם,גרמים,200.00,100 גרם,false,1,7.90,3.9500,true,1,121063
7290000066196,false,ביסלי גדול בטעם גריל 200 ג' אסם,מיוצר עי קונדיטוריית,IL,ביסלי גריל 25*200גרם,גרמים,200.00,100 גרם,false,1,7.90,3.9500,true,1,121064
7290000066226,false,ביסלי בטעם פיצה 200 ג' אסם,מיוצר עי קונדיטוריית,IL,ביסלי פיצה 25*200גרם,גרמים,200.00,100 גרם,false,1,7.90,3.9500,true,1,121067
7290000066264,false,אוסם - חטיף דובונים 40 גרם,"אסם השקעות בע""מ",IL,חטיף דובונים 40 גרם,גרמים,40.00,100 גרם,false,1,4.90,12.2500,true,1,121068
7290000066295,false,אסם במבה תות מחומרים טבעיים 30גר,מיוצר עי קונדיטוריית,IL,במבה מתוקה מחומרים טבעיים 40*30גרם,גרמים,30.00,100 גרם,false,1,3.00,10.0000,true,1,121069
7290000066332,false,אפרופו חטיף אסם 50ג',מיוצר עי קונדיטוריית,IL,אפרופו 36*50גרם,גרמים,50.00,100 גרם,false,1,5.20,10.4000,true,1,121071
7290000066349,false,אפרופו גדול אסם 100ג',מיוצר עי קונדיטוריית,IL,אפרופו 20*100גרם,גרמים,100.00,100 גרם,false,1,8.90,8.9000,true,1,121072
7290000066431,false,פופקו חטיף תירס בטעם חמאה ודבש 80 גרם,מיוצר עי קונדיטוריית,IL,פופקו חמאה ודבש 40*80גרם,גרמים,80.00,100 גרם,false,1,5.20,6.5000,true,1,121073
7290000067544,false,פירורית זהב שקית 200גר,עינת תעשיות מזון,IL,אסם פירורית פירורי לחם זהב 12*200גרם,גרמים,200.00,100 גרם,false,1,6.90,3.4500,true,1,121095
7290000067599,false,אוסם - מנה חמה ספגטי רוטב בולנז 65 גרם,"אסם השקעות בע""מ",IL,מנה חמה ספגטי בולונז 12*65גרם,גרמים,65.00,100 גרם,false,1,6.90,10.6154,true,1,121097
7290000068138,false,אסם פודינג אינסטנט וניל 80 גרם,מיוצר עי קונדיטוריית,IL,אסם פודינג אינסטנט וניל 12*80גרם,גרמים,80.00,100 גרם,false,1,5.90,7.3750,true,1,121108
7290000068206,false,ג'לי משמש אסם צבע טבעי 85 ג',מיוצר עי קונדיטוריית,IL,אסם ג'לי משמש צבעים טבעיים 12*85גרם,גרמים,85.00,100 גרם,false,1,6.90,8.1176,true,1,121111
7290000068237,false,ג'לי פטל צבע טבעי 85ג' אסם,מיוצר עי קונדיטוריית,IL,אסם ג'לי פטל צבעים טבעיים 12*85גרם,גרמים,85.00,100 גרם,false,1,6.90,8.1176,true,1,121112
7290000068343,false,אוסם - פירכונים מאורז מלא 140 גרם,"מיוצר ע""י PT, משווק",IL,אסם פריכונים מאורז מלא 12*140גרם,גרמים,140.00,100 גרם,false,1,8.90,6.3571,true,1,121114
7290000068701,false,שקדי מרק רכיבים טבע.מיכל 400ג' אסם,"אסם השקעות בע""מ",IL,אסם שקדי מרק רכיבים טבע.מיכל 10*400גרם,גרמים,400.00,100 גרם,false,1,18.30,4.5750,true,1,121119
7290000068787,false,במבה יום הולדת 25גרם,מיוצר עי קונדיטוריית,IL,במבה יום הולדת כלפ.108*25גרם,גרמים,25.00,100 גרם,false,1,2.50,10.0000,true,1,121121
7290000069258,false,פסטה פרפקטו פנה ריגאטה 500ג' אסם,קריות זול,IT,פרפקטו פנה ריגאטה 12*500גרם-חדש,גרמים,500.00,100 גרם,false,1,7.90,1.5800,true,1,121135
7290000069364,false,פריכונים עגולים אורז דל נתרן אסם 140 גרם,"מיוצר ע""י PT, משווק",IL,אסם פריכונים עגול אורז דל נת.12*140ג,גרמים,140.00,100 גרם,false,1,8.90,6.3571,true,1,121774
7290000069739,false,אוסם - חטיפי קרקר שומשום 300 גרם,מיוצר עי קונדיטוריית,IL,אסם חטיפי קרקר שומשום 12*300גרם,גרמים,300.00,100 גרם,false,1,13.30,4.4333,true,1,123599
7290000070308,false,אבקת מרק עוף אמיתי במיכל 400 גרם,"אסם השקעות בע""מ",IL,אסם מרק עוף אמיתי חתם סופר כלפ.6*400גרם,גרמים,400.00,100 גרם,false,1,21.90,5.4750,true,1,121146
7290000070353,false,אבקת מרק בצל רכיבים טבעיים 400 ג' אסם,"אסם השקעות בע""מ",IL,"מרק בצל כשל""פ 400 גרם",גרמים,400.00,100 גרם,false,1,28.90,7.2250,true,1,121148
7290000070919,false,בייגלה אסם רשתות עם מלח 400 ג',מיוצר עי קונדיטוריית,IL,אסם בייגלה רשתות מלח 9*400גרם,גרמים,400.00,100 גרם,false,1,14.50,3.6250,true,1,124346
7290000071008,false,אוסם - בייגלה שטוחים מלח 60 גרם,"אסם השקעות בע""מ",IL,אסם בייגלה שטוחים מלח 24*60גרם,גרמים,60.00,100 גרם,false,1,3.70,6.1667,true,1,124347
7290000072067,false,במבה במילוי קרם חלבה 60ג' אסם,מיוצר עי קונדיטוריית,IL,במבה במילוי קרם חלבה כשלפ 60 גרם,גרמים,60.00,100 גרם,false,1,4.90,8.1667,true,1,123847
7290000072241,false,אסם רוטב לפיצה בקבוק,"אסם השקעות בע""מ",IL,אסם רוטב פיצה 9*290מל,מיליליטרים,290.00,"100 מ""ל",false,1,12.90,4.4483,true,1,2734
7290000072623,false,אסם קטשופ בקבוק לחיץ,"אסם השקעות בע""מ",IL,אסם קטשופ בקבוק לחיץ 9*750גרם-חדש,גרמים,750.00,100 גרם,false,1,11.90,1.5867,true,1,121152
7290000072630,false,קטשופ חריף אוסם 750 ג',"אסם השקעות בע""מ",IL,אסם קטשופ חריף כלפ.9*750גרם 2015,גרמים,750.00,100 גרם,false,1,15.80,2.1067,true,1,121153
7290000072777,false,קפה טייסטר צ'ויס מגור' נ.קפאין 200ג',נסטלה קוריאה - קפה,IL,טייסטרס צוייס נטול קופאין 12*200גרם,גרמים,200.00,100 גרם,false,1,39.90,19.9500,true,1,121157
7290000072784,false,קפה טייסטר צויס נטול קופאין 100 גר',לוטה נסטלה קוריאה,KR,טייסטרס צוייס נטול קופאין 12*100גרם,גרמים,100.00,100 גרם,false,1,27.90,27.9000,true,1,121158
7290000072968,false,דגני בוקר סיני מיניס נסטלה 500 ג',נסטלה פולין דגני בוק,PL,דגני סיני מיניס קינמון 500 גרם,גרמים,500.00,100 גרם,false,1,26.90,5.3800,true,1,121208
7290000073125,false,אוסם - מנה חמה פסטה עם עגבניות 62 גרם,"אסם השקעות בע""מ",IL,מנה חמה פסטה עם עגבניות ר.טבע. בדץ12*62ג,גרמים,62.00,100 גרם,false,1,6.90,11.1290,true,1,121223
7290000074153,false,ביסקוויט פתיבר שוקו,מיוצר עי קונדיטוריית,IL,אסם פתי בר שוקו 12*500גרם,גרמים,500.00,100 גרם,false,1,14.10,2.8200,true,1,121229
7290000074184,false,אוסם - פתי בר בינוני 500 גרם,"אסם השקעות בע""מ",IL,ביסקוויט פתיבר 500 גרם,גרמים,500.00,100 גרם,false,1,9.90,1.9800,true,1,121230
7290000074245,false,אוסם - קרם קרקר אסם 250 גרם,"אסם השקעות בע""מ",IL,אסם קרם קרקר 12*250גרם,גרמים,250.00,100 גרם,false,1,10.90,4.3600,true,1,121231
7290000074252,false,קרקר אסם שומשום 250 גרם,"אסם השקעות בע""מ",IL,אסם קרקר שומשום 12*250גרם,גרמים,250.00,100 גרם,false,1,10.90,4.3600,true,1,121232
7290000074276,false,קרקר פיקנטי טבעון 250 ג' אסם,"אסם השקעות בע""מ",IL,אסם קרקר פיקנטי 12*250גרם,גרמים,250.00,100 גרם,false,1,10.90,4.3600,true,1,121233
7290000074375,false,אוסם - קרקר זהב 150 גרם,"אסם השקעות בע""מ",IL,אסם קרקר זהב 12*150גרם,גרמים,150.00,100 גרם,false,1,6.90,4.6000,true,1,121235
7290000074481,false,לחמית אגוזים אסם 160 ג',"אסם השקעות בע""מ",IL,לחמית אגוזים 12*160גרם,גרמים,160.00,100 גרם,false,1,10.90,6.8125,true,1,124790
7290000074696,false,"קרם קרקר 1 ק""ג אוסם","אסם השקעות בע""מ",IL,אסם קרם קרקר 4*1קג חדש,קילוגרמים,1.00,"ק""ג",false,1,29.50,29.5000,true,1,121245
7290000075204,false,אוסם - לחמית חיטה מלאה 250 גרם,"אסם השקעות בע""מ",IL,לחמית חיטה מלאה 10*250גרם חדש,גרמים,250.00,100 גרם,false,1,10.90,4.3600,true,1,121249
7290000075693,false,עוגת הבית שמרים בריוש שוקולד 360ג',מיוצר עי קונדיטוריית,IL,הבית עוגת שמרים בריוש שוקולד 8*360גרם,גרמים,360.00,100 גרם,false,1,19.90,5.5278,true,1,123798
7290000076126,false,אוסם - בייגלה שמיניות קטנות 80 גרם,"אסם השקעות בע""מ",IL,אסם בייגלה שמיניות קטנות 24*80גרם,גרמים,80.00,100 גרם,false,1,3.70,4.6250,true,1,121251
7290000076133,false,בייגלה שמיניות קטנות 400 גרם אסם,"אסם השקעות בע""מ",IL,אסם בייגלה שמיניות קטנות 12*400גרם,גרמים,400.00,100 גרם,false,1,11.90,2.9750,true,1,121252
7290000076645,false,אוסם - טוסטעים חיטה מלאה 100 גרם,ון דר מולן האלום,NL,אסם טוסטעים חיטה מלאה 14*100גרם,גרמים,100.00,100 גרם,false,1,11.30,11.3000,true,1,123993
7290000077017,false,עוגיות קרמוגית וקרם שוקולד אסם 200 גרם,מיוצר עי קונדיטוריית,IL,אסם קרמוגית במילוי שוקולד 12*200גרם,גרמים,200.00,100 גרם,false,1,11.90,5.9500,true,1,121258
7290000077253,false,אוסם - לחמית כפרית עם דגנים מלאים 190 גרם,"אסם השקעות בע""מ",IL,לחמית כפרית 12*190גרם,גרמים,190.00,100 גרם,false,1,10.90,5.7368,true,1,124063
7290000078212,false,קרוטונים מתובלים 250 ג' אסם,עינת תעשיות מזון,IL,אסם קרוטונים מתובלים 12*250גרם,גרמים,250.00,100 גרם,false,1,15.90,6.3600,true,1,121260
7290000078762,false,אוסם - חטיפי פריכונים מאורז מלא בטעם דבש 80גר,סנורייס בלגיום אן. ו,BE,אסם חטיפי פריכונים אורז ודבש 14*80גרם,גרמים,80.00,100 גרם,false,1,7.90,9.8750,true,1,121261
7290000080758,false,אוסם - טוסטעים פת קלוי 100 גרם,ון דר מולן האלום,NL,אסם טוסטעים 14*100גרם,גרמים,100.00,100 גרם,false,1,11.30,11.3000,true,1,121329
7290000080765,false,טוסטעים פת קלויה עם שומשום 100 ג' אוסם,ון דר מולן האלום,NL,אסם טוסטעים עם שומשום 14*100גרם,גרמים,100.00,100 גרם,false,1,11.30,11.3000,true,1,121330
7290000081663,false,בייגלה אסם טבעות שומשום 300 גרם,מיוצר עי קונדיטוריית,IL,אסם בייגלה טבעות שומשום 12*300גרם,גרמים,300.00,100 גרם,false,1,11.90,3.9667,true,1,121349
7290000085159,false,פרורי פתי בר לעוגות ואיפה 250 גר',מגדנית הדר,,פירורי ביסקויט וניל 300 גר,גרמים,300.00,100 גרם,false,1,5.80,1.9333,true,1,30137
7290000085166,false,פתי בר 400 גר אחים ג,"אחים גטניו בע""מ",,פתי בר 400 גר אחים גטניו,גרמים,400.00,100 גרם,false,1,6.90,1.7250,true,1,122898
7290000085180,false,פתי בר וניל 470 גר' גטניו,"אחים גטניו בע""מ",,ביסקוויט פתיבר וניל גטניו 470 גרם,גרמים,470.00,100 גרם,false,1,9.90,2.1064,true,1,8520
7290000085758,false,8 פיתות לה פרינה,,,8 פיתות לה פרינה,יחידה,8.00,יחידה,false,1,17.90,2.2375,true,1,24023
7290000087559,false,מאפים מלוחים במשקל L,לה פרינה,IL,מאפים מלוחים במשקל La Farina,קילוגרמים,1.00,"ק""ג",true,,64.90,64.9000,true,1,19929
7290000100036,false,פתיתי ברוקולי סנפרוס,סנפרוסט בעמ,IL,פתיתי ברוקולי,גרמים,800.00,100 גרם,false,1,22.90,2.8625,true,1,9986
7290000100128,false,פירות קפואים תות סנפרוסט 300 ג',סנפרוסט בעמ,IL,פירות קפואים תות סנפרוסט,גרמים,300.00,100 גרם,false,1,19.90,6.6333,true,1,9984
7290000100135,false,פירות קפואים דובדבן סנפרוסט 300 ג',סנפרוסט בעמ,IL,פירות קפואים דובדבן,גרמים,300.00,100 גרם,false,1,19.90,6.6333,true,1,9985
7290000100166,false,שייק סלק אננס ואוכמנ,"איי, בי, אינבוו",IL,סמוטיז אדום300 גרם,גרמים,300.00,100 גרם,false,1,19.90,6.6333,true,1,9989
7290000100296,false,תערובת להכנת Smoothie ורוד תות ובננה,"סנפרוסט בע""מ",IL,סמוטיז תות בננה 300 גרם,גרמים,300.00,100 גרם,false,1,19.90,6.6333,true,1,14358
7290000100302,false,פול ירוק ללא קליפה 600ג',"סנפרוסט בע""מ",IL,פול ירוק קלוף 600 גרם סנפרוסט,גרמים,600.00,100 גרם,false,1,29.90,4.9833,true,1,13136
7290000101927,false,אוכמניות כחולות מוקפאות סנפרוסט 300 ג',"איי, בי, אינבוו",IL,אוכמניות כחולות מוקפאות 300 גרם,גרמים,300.00,100 גרם,false,1,19.90,6.6333,true,1,129386
7290000101941,false,אננס חתוך מוקפא סנפרוסט 300ג',"סנפרוסט בע""מ",IL,אננס מוקפא סנפרוסט 300 גרם,גרמים,300.00,100 גרם,false,1,19.90,6.6333,true,1,125596
7290000101958,false,מנגו חתוך מוקפא סנפרוסט 300ג',"סנפרוסט בע""מ",IL,מנגו מוקפא סנפרוסט 300 גרם,גרמים,300.00,100 גרם,false,1,19.90,6.6333,true,1,129399
7290000101989,false,דובדבן חמוץ סנפרוסט,"סנפרוסט בע""מ",IL,דובדבן חמוץ 300גרם,גרמים,300.00,100 גרם,false,1,19.90,6.6333,true,1,13963
7290000103365,false,מרק ירקות 550 ג' סנפרוסט,"איי, בי, אינבוו",IL,מרק ירקות סנפרוסט 550 גרם,גרמים,550.00,100 גרם,false,1,19.90,3.6182,true,1,125299
7290000103433,false,לקט ירקות לתנור סנפר,"איי, בי, אינבוו",IL,פסטיבל ירקות לתנור 800 גרם סנפרוסט,גרמים,800.00,100 גרם,false,1,24.90,3.1125,true,1,128536
7290000103457,false,מיני כרובית סנפרוסט,"סנפרוסט בע""מ",IL,מיני כרובית 600 גרם,גרמים,600.00,100 גרם,false,1,19.90,3.3167,true,1,125597
7290000103471,false,מיני ברוקולי סנפרוסט 600 גר',"סנפרוסט בע""מ",IL,מיני ברוקולי 600 גרם,גרמים,600.00,100 גרם,false,1,19.90,3.3167,true,1,127933
7290000103488,false,ארטישוק הירושלמי סנפרוסט 400ג',"סנפרוסט בע""מ",IL,ארטישוק ירושלמי 400 גרם,גרמים,400.00,100 גרם,false,1,24.90,6.2250,true,1,128376
7290000103730,false,לקט להקפצה עם פסטה פוזילי סנפרוסט 800 ג',"איי, בי, אינבוו",IL,לקט להקפצה עם פסטה פוזולי סנפרוסט,גרמים,800.00,100 גרם,false,1,24.90,3.1125,true,1,123857
7290000103815,false,סנפרוסט לקט להקפצה תאילנדי 800 גר,"סנפרוסט בע""מ",IL,לקט להקפצה תאילנדי 800 גרם סנפרוסט,גרמים,800.00,100 גרם,false,1,24.90,3.1125,true,1,124762
7290000103822,false,ירקות שמלווים עוף סנפרוסט 800ג',"סנפרוסט בע""מ",IL,ללקט לעוף סנפרוסט 800 גרם,גרמים,800.00,100 גרם,false,1,24.90,3.1125,true,1,124743
7290000103839,false,מרק כתום קפוא 570 ג' סנפרוסט,"סנפרוסט בע""מ",IL,מרק כתום סנפרוסט 570 גרם,גרמים,570.00,100 גרם,false,1,19.90,3.4912,true,1,124727
7290000103846,false,מרק אפונה 570 ג' סנפרוסט,"סנפרוסט בע""מ",IL,מרק אפונה קפוא סנפרוסט 572 גרם,גרמים,572.00,100 גרם,false,1,19.90,3.4790,true,1,124735
7290000103860,false,מרק עדשים קפוא 570 ג' סנפרוסט,"איי, בי, אינבוו",IL,מרק עדשים סנפרוסט 570 גרם,גרמים,570.00,100 גרם,false,1,19.90,3.4912,true,1,124728
7290000104072,false,עדשים ירוקות מבושלות מוקפאות 800 ג' סנפרוסט,"איי, בי, אינבוו",IL,עדשים ירוקות מבושלות 800 גרם,גרמים,800.00,100 גרם,false,1,22.50,2.8125,true,1,124353
7290000104201,false,סנפרוסט אפונה עדינה,"איי, בי, אינבוו",IL,אפונה עדינה סנפרוסט 600 גרם,גרמים,600.00,100 גרם,false,1,19.90,3.3167,true,1,119662
7290000104218,false,במיה סנפרוסט 600 גרם,"איי, בי, אינבוו",IL,במיה 600 גרם,גרמים,600.00,100 גרם,false,1,19.90,3.3167,true,1,119663
7290000104225,false,בצל קצוץ סנפרוסט 600 גרם,"סנפרוסט בע""מ",IL,בצל קצוץ סנפרוסט 600 גרם,גרמים,600.00,100 גרם,false,1,19.90,3.3167,true,1,119664
7290000104287,false,לקט לפשטידה -ברוקולי,"סנפרוסט בע""מ",IL,לקט לפשטידה 800 גרם,גרמים,800.00,100 גרם,false,1,24.90,3.1125,true,1,122495
7290000104676,false,אפונה קפואה סנפרוסט 800 גרם,"איי, בי, אינבוו",IL,אפונת גינה 800 גרם סנפרוסט,גרמים,800.00,100 גרם,false,1,19.90,2.4875,true,1,119668
7290000104683,false,שעועית שלמה 800 ג' סנפרוסט,"סנפרוסט בע""מ",IL,שעועית ירוקה שלמה סנפרוסט 800גרם,גרמים,800.00,100 גרם,false,1,21.90,2.7375,true,1,119669
7290000104690,false,תירס גרעינים 800 ג' סנפרוסט,"איי, בי, אינבוו",IL,תירס גרעינים סנפרוסט 800גרם,גרמים,800.00,100 גרם,false,1,19.90,2.4875,true,1,119670
7290000104706,false,גזר גמדי סנפרוסט 800ג',"סנפרוסט בע""מ",IL,גזר גמדי 800 גרם,גרמים,800.00,100 גרם,false,1,19.90,2.4875,true,1,119671
7290000104713,false,פול ירוק סנפרוסט 800 ג',"איי, בי, אינבוו",IL,פול ירוק 800 גרם,גרמים,800.00,100 גרם,false,1,26.90,3.3625,true,1,119672
7290000104720,false,שעועית ירוקה סנפרוסט 800ג',"סנפרוסט בע""מ",IL,שעועית ירוקה חתוכה סנפרוסט 800גרם,גרמים,800.00,100 גרם,false,1,20.90,2.6125,true,1,119673
7290000104737,false,שעועית צהובה חתוכה 800 ג' סנפרוסט,"סנפרוסט בע""מ",IL,שעועית צהובה 800- גר .,גרמים,800.00,100 גרם,false,1,20.90,2.6125,true,1,119674
7290000104744,false,כרובית סנפרוסט 800גר,"סנפרוסט בע""מ",IL,כרובית 800 גרם סנפרוסט,גרמים,800.00,100 גרם,false,1,26.90,3.3625,true,1,119675
7290000104751,false,כרוב ניצנים סנפרוסט 800 גרם,"איי, בי, אינבוו",IL,כרוב ניצנים 800-גר .,גרמים,800.00,100 גרם,false,1,26.90,3.3625,true,1,119676
7290000104768,false,תרד עלים סנפרוסט 800 ג ',"איי, בי, אינבוו",IL,תרד עלים 800-גר .,גרמים,800.00,100 גרם,false,1,27.90,3.4875,true,1,119677
7290000104775,false,תרד מדליונים סנפרוסט,"איי, בי, אינבוו",IL,מדליוני תרד 800 גרם,גרמים,800.00,100 גרם,false,1,27.90,3.4875,true,1,119678
7290000104799,false,שעועית לבנה מבושלת סנפרוסט 800גר,"איי, בי, אינבוו",IL,שעועית לבנה מבושלת קפואה 800 גרם,גרמים,800.00,100 גרם,false,1,21.90,2.7375,true,1,119679
7290000104805,false,גרגירי חומוס קפוא 800 ג' סנפרוסט,"איי, בי, אינבוו",IL,גרגרי חומוס מבושלים קפואים 800 גרם,גרמים,800.00,100 גרם,false,1,21.90,2.7375,true,1,119680
7290000104829,false,"קלחוני תירס 1 ק""ג סנפרוסט","סנפרוסט בע""מ",IL,"קלחוני תירס סנפרוסט 1 ק""ג",קילוגרמים,1.00,"ק""ג",false,1,23.90,23.9000,true,1,119681
7290000104836,false,שעועית עדינה שלמה סנפרוסט 600ג',"סנפרוסט בע""מ",IL,שעועית עדינה שלמה 600 גרם סנפרוסט,גרמים,600.00,100 גרם,false,1,24.90,4.1500,true,1,122035
7290000104874,false,ירקות לקוסקוס של אמא סנפרוסט 800ג',"סנפרוסט בע""מ",IL,ירקות לקוסקוס של אמא 800 גרם סנפרוסט,גרמים,800.00,100 גרם,false,1,24.90,3.1125,true,1,119682
7290000104881,false,אפונה וגזר קפוא סנפרוסט 800ג',"איי, בי, אינבוו",IL,לקט אפונה וגזר 800 גרם,גרמים,800.00,100 גרם,false,1,19.90,2.4875,true,1,119683
7290000104904,false,לקט ירקות מעורבים 800 ג' סנפרוסט,"איי, בי, אינבוו",IL,לקט ירקות מעורבים 800 גרם סנפרוסט,גרמים,800.00,100 גרם,false,1,24.90,3.1125,true,1,119684
7290000104911,false,לקט נורמנדי סנפרוסט 800ג',"איי, בי, אינבוו",IL,לקט נורמנדי 800 גרם סנפרוסט,גרמים,800.00,100 גרם,false,1,24.90,3.1125,true,1,119685
7290000106175,false,"לקט כפרי 2 ק""ג סנפרוסט","סנפרוסט בע""מ",IL,לקט כפרי 2 קג .,קילוגרמים,2.00,"ק""ג",false,1,42.80,21.4000,true,1,119686
7290000106526,false,ירקות מעורבים מוקפאים חגיגה ירוקה להקפצה,"איי, בי, אינבוו",IL,ירקות להקפצה חגיגה ירוקה 800גרם,גרמים,800.00,100 גרם,false,1,26.90,3.3625,true,1,14360
7290000107165,false,פולי סויה אדממה סנפרוסט 400 ג',"איי, בי, אינבוו",IL,חטיף פולי סויה אדממה 400 גרם סנפרוסט,גרמים,400.00,100 גרם,false,1,13.90,3.4750,true,1,122521
7290000107189,false,תחתיות ארטישוק סנפרוסט 400גר,"איי, בי, אינבוו",IL,תחתיות ארטישוק 400 גרם סנפרוסט,גרמים,400.00,100 גרם,false,1,24.90,6.2250,true,1,119687
7290000107295,false,תפרחות ברוקולי סנפרוסט 800 ג',"איי, בי, אינבוו",IL,ברוקולי מוקפא 800 גרם סנפרוסט,גרמים,800.00,100 גרם,false,1,27.90,3.4875,true,1,119688
7290000107615,false,ירקות ואננס להקפצה מנה אסייתית צבעונית ועשירה,"איי, בי, אינבוו",IL,לקט מנה אסייתית צבעונית ועשירה 800גרם,גרמים,800.00,100 גרם,false,1,26.90,3.3625,true,1,14362
7290000107622,false,פסטה וירקות א-לה איטליה סנפרוסט 800 ג',"איי, בי, אינבוו",IL,לקט פסטה וירקות א-לה איטליה 800גרם,גרמים,800.00,100 גרם,false,1,26.90,3.3625,true,1,14363
7290000107677,false,שעועית צהובה עדינה ש,"סנפרוסט בע""מ",IL,שעועית צהובה עדינה שלמה 600 גר,גרמים,600.00,100 גרם,false,1,24.70,4.1167,true,1,125147
7290000110844,false,"כיפלי גריל בד""צ תלמה 70 ג'",יוניליור ישראל מזון,IL,כיפלי חטיף בטעם גריל,גרמים,70.00,100 גרם,false,1,6.50,9.2857,true,1,121777
7290000110851,false,"כיפלי בצל בד""צ תלמה 70 ג'",אתר שפע - Food,IL,כיפלי חטיף בטעם בצל,גרמים,70.00,100 גרם,false,1,6.50,9.2857,true,1,121778
7290000111063,false,מיונז אמיתי תלמה 250 ג',יוניליוור ישראל מזון,IL,תלמה מיונז אמיתי 250 גרם,גרמים,250.00,100 גרם,false,1,7.80,3.1200,true,1,119692
7290000111117,false,מרכך כביסה לבן 4 ל' בדין,יוניליור ישראל טיפוח,IL,מרכך כביסה בדין לבן,ליטרים,4.00,ליטר,false,1,24.90,6.2250,true,1,119693
7290000111186,false,מיונז אמיתי תלמה 500 ג',יוניליוור ישראל מזון,IL,תלמה מיונז אמיתי 500 גרם,גרמים,500.00,100 גרם,false,1,10.90,2.1800,true,1,119694
7290000111353,false,"מיונז אמיתי תלמה 1 ק""ג",יוניליוור ישראל מזון,IL,תלמה מיונז 1 קג,קילוגרמים,1.00,"ק""ג",false,1,19.90,19.9000,true,1,119695
7290000111360,false,חרדל אמיתי 250 ג' תלמה,יוניליוור ישראל מזו,IL,חרדל אמיתי תלמה,גרמים,250.00,100 גרם,false,1,7.90,3.1600,true,1,119696
7290000111384,false,חרדל אמיתי בצנצנת 550 ג' תלמה,יוניליוור ישראל מזו,IL,חרדל אמיתי תלמה,גרמים,550.00,100 גרם,false,1,10.90,1.9818,true,1,119697
7290000112220,false,טחינה גולמית 100%בארכה 500ג',רושדי תעשיות מזון בע,IL,בארכה טחינה 100% שומשום 12*500גרם,גרמים,500.00,100 גרם,false,1,14.90,2.9800,true,1,119703
7290000112237,false,"בארכה טחינה גולמית, 1 ק""ג",רושדי תעשיות מזון בע,IL,בארכה טחינה 100% שומשום 6*1קג,קילוגרמים,1.00,"ק""ג",false,1,27.90,27.9000,true,1,121567
7290000112503,false,מרק עשיר ירקות 61 ג' קנור,יוניליוור ישראל מזון,IL,מרק עשיר ירקות קנור 61 גרם,גרמים,61.00,100 גרם,false,1,12.90,21.1475,true,1,119706
7290000112619,false,מרק עוף לתיבול והעשרה קנור 400 ג',יוניליוור ישראל מזון,IL,קנור מרק עוף אמיתי 400 גרם,גרמים,400.00,100 גרם,false,1,22.90,5.7250,true,1,119708
7290000116204,false,"אבקת מרק דגש בטעם עוף 1ק""ג קנור",יוניליוור ישראל מזון,IL,קנור מרק דגש זך בטעם עוף 1 קג,קילוגרמים,1.00,"ק""ג",false,1,19.70,19.7000,true,1,119722
7290000116884,false,רוטב ברביקיו 350 ג' קנור,יוניליוור ישראל מזון,IL,רוטב ברביקיו קנור,מיליליטרים,300.00,"100 מ""ל",false,1,12.90,4.3000,true,1,121619
7290000117171,false,נמס בכוס בטעם עוף דל 48 ג' קנור,יוניליוור ישראל מזון,IL,קנור מרק נמס בכוס בטעם עוף 48 גרם,גרמים,48.00,100 גרם,false,1,8.60,17.9167,true,1,119723
7290000117720,false,קנור - נמס בכוס זוג פטריות 21.50 גרם * 2,יוניליוור ישראל מזון,IL,קנור נמס בכוס פטריות 43 גרם,גרמים,43.00,100 גרם,false,1,7.50,17.4419,true,1,119727
7290000118277,false,כופתאות מצה להכנת מהירה 65 ג' קנור,יוניליוור ישראל מזון,IL,קנור קניידל 130 גרם,גרמים,130.00,100 גרם,false,1,12.90,9.9231,true,1,119729
7290000118352,false,"לטקס קנור כשל""פ 170 גר'",יוניליוור ישראל מזון,IL,KNORR 170 GR,גרמים,170.00,100 גרם,false,1,14.90,8.7647,true,1,119731
7290000120836,false,הלמנס מיונז אמיתי 394גר ADR,קונפקו אינק' די.בי.א,CA,hellmanns real מיונז אמיתי הלמנס,גרמים,394.00,100 גרם,false,1,12.90,3.2741,true,1,119732
7290000120874,false,מיונז הלמנס לייט מופחת קלוריות 424ג,"שד' קילבורן 2816, שי",US,hellmanns light ממרח מופחת קלוריות,גרמים,424.00,100 גרם,false,1,12.90,3.0425,true,1,119733
7290000121093,false,גבינה מון בלאן שוויצרית 120ג',האי נאם סי או אל.טי.,IL,גבינה מותכת מון בלאן 7% לייט 120 גרם,גרמים,120.00,100 גרם,false,1,11.90,9.9167,true,1,119735
7290000121109,false,"גבינת מון בלאן זיתים, 120 ג'",האי נאם סי או אל.טי.,IL,גבינה מותכת 7% מון בלאן זיתים לייט 120 ג,גרמים,120.00,100 גרם,false,1,11.90,9.9167,true,1,119736
7290000121147,false,גבינה מון בלאן לייט 7% פיקנטי 120ג',"שלושת האופים בע""מ",IL,גבינה מותכת 7%פיקנטי120 גר,גרמים,120.00,100 גרם,false,1,11.90,9.9167,true,1,122058
7290000121154,false,"גבינת מון בלאן סלמון, 120 ג'",האי נאם סי או אל.טי.,IL,גבינה מותכת 7% מון בלאן סלמון לייט 120 ג,גרמים,120.00,100 גרם,false,1,11.90,9.9167,true,1,119737
7290000121239,false,מיוקל 5% שומן ללא כולסטרול 500 ג',יוניליוור ישראל מזון,IL,מיוקל ממרח 5% שומן תלמה,גרמים,500.00,100 גרם,false,1,13.90,2.7800,true,1,121999
7290000123363,false,צמקאו לאכילה ציפוי ואפייה 500 גרם,אתר צפת ממרחים וצימא,IL,אפיכל צמקאו לציפוי ולאפייה 500 גרם,גרמים,500.00,100 גרם,false,1,15.50,3.1000,true,1,119744
7290000125251,false,שמפו לכביסה עדינה לב,"זוהר דליה, קיבוץ דלי",IL,בדין שמפו לכביסה עדינה 2 ליטר,ליטרים,2.00,ליטר,false,1,28.60,14.3000,true,1,122200
7290000129457,false,אבקת רוטב פטריות קנור 28 ג' שקית,יוניליוור ישראל מזון,IL,קנור רוטב פטריות 28 גרם,גרמים,28.00,100 גרם,false,1,5.00,17.8571,true,1,122453
7290000130064,false,פסטרמה מקסיקנית,זוגלובק,,פסטרמה מקסיקנית,קילוגרמים,1.00,"ק""ג",true,,89.00,89.0000,true,1,18983
7290000130378,false,פסטרמה פרגיות על לבנ,זוגלובק,,פסטרמה פרגיות על לבנים,קילוגרמים,1.00,"ק""ג",true,,89.00,89.0000,true,1,18988
7290000131009,false,בצק פילו שחף 500 גרם,מאפית אריאל,,בצק פילו שחף 500 גרם,גרמים,500.00,100 גרם,false,1,14.90,2.9800,true,1,119768
7290000131122,false,"בצק עלים שחף 1.5 ק""ג",יושלם,,בצק עלים מרודד 1.5 קג,קילוגרמים,1.50,"ק""ג",false,1,22.90,15.2667,true,1,119769
7290000131740,false,"פסטרמה של פעם לק""ג",זוגלובק,,"פסטרמה של פעם לק""ג",קילוגרמים,1.00,"ק""ג",true,,89.00,89.0000,true,1,18984
7290000134109,false,תבלין כמון מזרחי 40 גר',תות ממתקי איכות,IL,תבליני טעם וריח מיכל קטן כמון מזרחי 40 גרם,גרמים,40.00,100 גרם,false,1,6.90,17.2500,true,1,121739
7290000134116,false,פפריקה מתוקה 40 גרם,תות ממתקי איכות,IL,תבליני טעם וריח פפריקה מתוקה 40 גרם,גרמים,40.00,100 גרם,false,1,6.90,17.2500,true,1,121799
7290000134123,false,תבלין פלפל שחור 40 גר',תות ממתקי איכות,IL,תבלין טעם וריח מיכל פלפל שחור טחון 40 גרם,גרמים,40.00,100 גרם,false,1,9.90,24.7500,true,1,122008
7290000134147,false,טעם וריח מוסקט טחון מיכל 40גר,תות ממתקי איכות,IL,"תבליני טעם וריח, מוסקט טחון 100%, 40 גרם",גרמים,40.00,100 גרם,false,1,14.90,37.2500,true,1,121910
7290000134314,false,תבלין תיבול לפיצה 120 ג',תות ממתקי איכות,IL,תבליני טעם וריח תערובת תיבול לפיצה 120 גרם,גרמים,120.00,100 גרם,false,1,9.90,8.2500,true,1,122104
7290000134338,false,תבלין אבקת שום טעם ו,תבליני טעם וריח,IL,תבליני טעם וריח אבקת שום 90 גרם,גרמים,90.00,100 גרם,false,1,9.90,11.0000,true,1,121784
7290000134376,false,תבלין פפריקה בשמן 90 גר',תות ממתקי איכות,IL,תבלין פפריקה מתוקה בשמן 90 מיכ,גרמים,90.00,100 גרם,false,1,9.90,11.0000,true,1,121926
7290000134666,false,תבלין רוזמרין 15ג',תות ממתקי איכות,IL,"תבליני טעם וריח, 100% רוזמרין, 15 גרם",גרמים,15.00,100 גרם,false,1,6.90,46.0000,true,1,122944
7290000134673,false,תבלין זנגביל טעם ורי,תות ממתקי איכות,IL,"תבליני טעם וריח, 100% זנגביל טחון, 30 גרם",גרמים,30.00,100 גרם,false,1,6.90,23.0000,true,1,122945
7290000134758,false,"תבלין תיבול לתפו""א 100 ג'",תות ממתקי איכות,IL,"תבליני טעם וריח, תערובת תיבול לתפוחי אדמה, 100 גרם",גרמים,100.00,100 גרם,false,1,9.90,9.9000,true,1,122947
7290000134826,false,תבלין זעתר מעורב 100 גר',תות ממתקי איכות,IL,"תבליני טעם וריח, תערובת תיבול זעתר , 100 גרם",גרמים,100.00,100 גרם,false,1,9.90,9.9000,true,1,121758
7290000134833,false,תבלין כמון טחון 100 גר',תות ממתקי איכות,IL,"תבליני טעם וריח, 100% כמון מזרחי",גרמים,100.00,100 גרם,false,1,9.90,9.9000,true,1,121759
7290000134840,false,תבלין כורכום טחון 100 גר',תות ממתקי איכות,IL,"תבליני טעם וריח, 100% כורכום, 100 גרם",גרמים,100.00,100 גרם,false,1,9.90,9.9000,true,1,121818
7290000134857,false,תבלין פפריקה מתוקה 100 גר',תות ממתקי איכות,IL,"תבליני טעם וריח, פפריקה מתוקה 100%, 100 גרם",גרמים,100.00,100 גרם,false,1,9.90,9.9000,true,1,121819
7290000134864,false,תבלין פפריקה חריפה 100 גר',"תבליני טעם וריח בע""מ",IL,תבליני טעם וריח פפריקה חריפה 100% 100 גרם,גרמים,100.00,100 גרם,false,1,9.90,9.9000,true,1,121760
7290000134871,false,תבלין פלפל שחור טחון 100 גר',תות ממתקי איכות,IL,"תבליני טעם וריח, 100% פלפל שחור טחון, 100 גרם",גרמים,100.00,100 גרם,false,1,12.90,12.9000,true,1,121837
7290000134970,false,תבלין חוואייג טעם ור,תות ממתקי איכות,IL,"תבליני טעם וריח, חוויאג' למרק, 100 גרם",גרמים,100.00,100 גרם,false,1,9.90,9.9000,true,1,121800
7290000134987,false,תבלין פלפל שחור גרוס 90 גר',תבליני טעם וריח,IL,"פלפל שחור גרוס 90 גר ""מכיל",גרמים,90.00,100 גרם,false,1,12.90,14.3333,true,1,121718
7290000134994,false,תבלין טימין 20ג',תות ממתקי איכות,IL,"תבליני טעם וריח, 100% טימין, 20 גרם",גרמים,20.00,100 גרם,false,1,6.90,34.5000,true,1,122948
7290000135045,false,"משקה אנרגיה XL TEN תפוח 250 מ""ל","טמפו משקאות בע""מ",IL,XL TEN משקה אנרגיה בטעם תפוח250מל,מיליליטרים,250.00,"100 מ""ל",false,1,4.50,1.8000,true,1,13826
7290000135052,false,"משקה אנרגיה XL TEN מנגו 250 מ""ל","טמפו משקאות בע""מ",IL,משקה אנרגיה XL TEN מנגו פחית 250 מל,מיליליטרים,250.00,"100 מ""ל",false,1,4.50,1.8000,true,1,13825
7290000135151,false,"סודה נגיעות לימון ליים 275 מ""ל",טמפו משקאות בעמ,IL,"סודה נגיעות למון ליים 275 מ""ל",מיליליטרים,275.00,"100 מ""ל",false,1,3.90,1.4182,true,1,25432
7290000136158,false,פפסי מקס 1.5 ליטר פיקדון,פפסי Pepsi,IL,פפסי קולה מקס ללא סוכר בקבוק 1.5 ליטר,ליטרים,1.50,ליטר,false,1,8.50,5.6667,true,1,34293
7290000136165,false,מירינדה בקבוק 1.5 לי,מירינדה Mirinda,IL,מירינדה בקבוק 1.5 ליטר,ליטרים,1.50,ליטר,false,1,8.50,5.6667,true,1,34294
7290000136264,false,מי טוניק גזוז 1.5 ל' טמפו,טמפו,IL,מי טוניק בקבוק 1.5 ליטר,ליטרים,1.50,ליטר,false,1,11.00,7.3333,true,1,34298
7290000136455,false,משקה בטעם אשכוליות תריסר 1.5 ל' ג'אמפ,ג'אמפ,IL,משקל גאמפ אשכוליות 1.5 ליטר,ליטרים,1.50,ליטר,false,1,8.90,5.9333,true,1,34300
7290000136486,false,משקה בטעם אשכוליות דיאט תריסר 1.5 ל' ג'אמפ,ג'אמפ,IL,משקל גאמפ אשכוליות דיאט 1.5 ליטר,ליטרים,1.50,ליטר,false,1,8.90,5.9333,true,1,34301
7290000136516,false,משקה בטעם מנגו פסיפלורה תריסר 1.5 ל' ג'אמפ,ג'אמפ,IL,משקל גאמפ מנגו פסיפלורה 1.5 ליטר,ליטרים,1.50,ליטר,false,1,8.90,5.9333,true,1,34302
7290000136523,false,משקה בטעם ענבים תריסר 1.5 ל' ג'אמפ,ג'אמפ,IL,משקל גאמפ ענבים 1.5 ליטר,ליטרים,1.50,ליטר,false,1,8.90,5.9333,true,1,34303
7290000136561,false,משקה בטעם תות בננה תריסר 1.5 ל' ג'אמפ,ג'אמפ,IL,משקל גאמפ תות בננה 1.5 ליטר,ליטרים,1.50,ליטר,false,1,8.90,5.9333,true,1,34304
7290000136585,false,משקה בטעם תפוזים תריסר 1.5 ל' ג'אמפ,ג'אמפ,IL,משקל גאמפ תפוזים 1.5 ליטר,ליטרים,1.50,ליטר,false,1,8.90,5.9333,true,1,34305
7290000136646,false,משקה מאלט תריסר 1.5 ל' נשר,טמפו,IL,בירה נשר מאלט בקבוק 1.5 ליטר,ליטרים,1.50,ליטר,false,1,8.90,5.9333,true,1,34307
7290000136653,false,משקה מאלט דיאט תריסר 1.5 ל' נשר,טמפו,IL,בירה נשר מאלט דיאט בקבוק 1.5 ליטר,ליטרים,1.50,ליטר,false,1,8.90,5.9333,true,1,34308
7290000136660,false,סודה טמפו ליטר וחצי,טמפו,IL,מי סודה 1.5 ליטר,ליטרים,1.50,ליטר,false,1,3.80,2.5333,true,1,34591
7290000136677,false,פפסי קולה פיקדון 1.5 ליטר,טמפו,IL,פפסי קולה בקבוק 1.5 ליטר,ליטרים,1.50,ליטר,false,1,8.50,5.6667,true,1,34596
7290000136684,false,פפסי מקס פיקדון 1.5 ליטר,טמפו,IL,פפסי קולה מקס ללא סוכר בקבוק 1.5 ליטר,ליטרים,1.50,ליטר,false,1,8.50,5.6667,true,1,34597
7290000136691,false,מארז שישייה סבן אפ 1.5 ל',סבן אפ 7up,IL,סבן אפ שישייה בקבוק 1.5 ליטר,ליטרים,9.00,ליטר,false,6,49.90,5.5444,true,1,34309
7290000136707,false,מירינדה בקבוק 1.5 לי,טמפו,IL,מירינדה בקבוק 1.5 ליטר,ליטרים,1.50,ליטר,false,1,8.50,5.6667,true,1,34594
7290000136752,false,סבן אפ דיאט מארז שישייה 1.5 ל' FREE,"טמפו משקאות בע""מ",IL,סבן אפ דיאט שישייה בקבוק 1.5 ליטר,ליטרים,9.00,ליטר,false,6,45.90,5.1000,true,1,34692
7290000136769,false,מארז שישיה בטעם קולה 1.5 ל' פפסי,פפסי Pepsi,IL,פפסי קולה לארג שישייה בקבוק 1.5 ליטר,ליטרים,9.00,ליטר,false,6,49.90,5.5444,true,1,34310
7290000136776,false,מארז פפסי מקס שישיה 1.5ל',פפסי Pepsi,IL,פפסי מקס קולה שישייה בקבוק 1.5 ליטר,ליטרים,9.00,ליטר,false,6,45.90,5.1000,true,1,34311
7290000136783,false,מארז שישייה מרינדה 1.5 ל',מירינדה Mirinda,IL,שישיית מירינדה,ליטרים,9.00,ליטר,false,6,49.90,5.5444,true,1,34312
7290000136790,false,מארז סודה שישייה 1.5 ל' טמפו,טמפו,IL,מי סודה שישייה בקבוק 1.5 ליטר,ליטרים,9.00,ליטר,false,6,17.90,1.9889,true,1,34313
7290000136806,false,מארז סודה רביעייה לימון ליים 1.5 ל' טמפו,טמפו,IL,סודה לימון ליים רביעייה בקבוק 1.5 ליטר,ליטרים,6.00,ליטר,false,4,13.10,2.1833,true,1,34314
7290000136844,false,מארז מים מזוככים אקווה נובה שישיית 2 ליטר,אקווה נובה Aqua Nova,IL,מים אקווה נובה שישייה בקבוק 2 ליטר,ליטרים,12.00,ליטר,false,6,13.90,1.1583,true,1,34316
7290000136851,false,סבן אפ פיקדון 1.5 ליטר,טמפו,IL,סבן אפ בקבוק 1.5 ליטר,ליטרים,1.50,ליטר,false,1,8.50,5.6667,true,1,34595
7290000136868,false,שישיית מים מינרלים סאן בנדטו,סאן בנדטו San Benedetto,IL,מים סן בנדטו שישייה בקבוק 1.5 ליטר,ליטרים,9.00,ליטר,false,6,19.90,2.2111,true,1,34317
7290000136875,false,מארז מים מינרלים מוגז 6* 1.5 ל' סאן בנדטו,סאן בנדטו San Benedetto,IL,שישיית סןבנדטו מוגז בקבוק 1.5 ליטר,ליטרים,9.00,ליטר,false,6,19.90,2.2111,true,1,34691
7290000136936,false,סבן אפ דיאט בקבוק 1.,טמפו,IL,סבן אפ דיאט בקבוק 1.5 ליטר,ליטרים,1.50,ליטר,false,1,8.50,5.6667,true,1,34593
7290000137513,false,גלידונית גלידה וניל בציפוי שוקולד 60 יח' קרמיסימו,"גלידת שטראוס בע""מ, ר",IL,גלידונית קרמיסימו 1/60 630 גרם,גרמים,630.00,100 גרם,false,1,41.90,6.6508,true,1,119791
7290000137643,false,מאגדת שלגוני טעמקור 8 יח' שטראוס,"גלידת שטראוס בע""מ, ר",IL,"שטראוס טעמקור 880 מ""ל",גרמים,500.00,100 גרם,false,1,42.90,8.5800,true,1,119792
7290000139104,false,שלווה חיטה תפוחה ומת,"אשב""ל בע""מ",IL,.חיטה תפוחה מתוקה 250 גרם,גרמים,250.00,100 גרם,false,1,9.90,3.9600,true,1,17610
7290000139227,false,דגן לבן משפחתי אשבול 150ג',אשבול בעמ,IL,דגן תפוח ממותק 150 גרם,גרמים,150.00,100 גרם,false,1,9.90,6.6000,true,1,17623
7290000144160,false,שמן זית כתית מעולה ארומתי מודגש 750מל,"מרקאולאו, ספרד.אבסה,",IT,שמן זית ארומתי,מיליליטרים,750.00,"100 מ""ל",false,1,36.90,4.9200,true,1,124093
7290000144467,false,שמן חמניות מועשר בנוגדי חמצון 1 ל' עץ הזית,"נארז ע""י : א.ג. גילר",GR,שמן חמניות מועשר בנוגדי חמצון 1 ליטר,ליטרים,1.00,ליטר,false,1,16.90,16.9000,true,1,119802
7290000144474,false,שמן קנולה בריאות מהטבע 1 ליטר,שמן תעשיות,EE,שמן קנולה מועשר בנוגדי חמצון 1 ליטר,ליטרים,1.00,ליטר,false,1,16.90,16.9000,true,1,119803
7290000148380,false,פיסטוקים קלויים קליי,"ג'י אנד ג'י בע""מ",IL,קליית גת פיסטוק קלויים 200 גרם,גרמים,200.00,100 גרם,false,1,21.90,10.9500,true,1,121514
7290000148489,false,גרעיני דלעת קלית גת 200 ג',"ג'י אנד ג'י בע""מ",IL,"קליית גת גרעיני דלעת קלויים,200 גרם",גרמים,200.00,100 גרם,false,1,10.30,5.1500,true,1,121654
7290000148618,false,אגוזי קשיו מטוגנים ק,"ג'י אנד ג'י בע""מ",IL,קליית גת קשיו מטוגן 200 גרם,גרמים,200.00,100 גרם,false,1,19.90,9.9500,true,1,121515
7290000148748,false,גרעיני חמניה קלית גת 200 ג',"ג'י אנד ג'י בע""מ",IL,"קליית גת חמנייה קלויים, 200 גרם",גרמים,200.00,100 גרם,false,1,6.90,3.4500,true,1,121495
7290000148939,false,שקדים קלויים קלית גת 200 ג',"ג'י אנד ג'י בע""מ",IL,שקד קלוי 200 גר' שקית,גרמים,200.00,100 גרם,false,1,21.90,10.9500,true,1,121516
7290000149615,false,נקה 7 סבון מוצק לתינוק רביעיה * 100 ג',גליל כימיקלים בעממשו,IL,נקה 7 סבון מוצק תינוק 1/4,גרמים,400.00,100 גרם,false,1,12.90,3.2250,true,1,122615
7290000149844,false,סנו - סינטבון סבון רב שימושי,סנו,,סינטבון חתול 230 גר .,גרמים,230.00,100 גרם,false,1,7.90,3.4348,true,1,119816
7290000149905,false,טקסטיל שמפו לכביסה ביד 1 ליטר,מיוצר עי קונדיטוריית,IL,טקסטיל שמפו 1 ליטר,ליטרים,1.00,ליטר,false,1,14.90,14.9000,true,1,119817
7290000150352,false,פסטרמה איטלקית עוף -,עיצובים 2020 (4.9),,"פסטרמה איטלקית לק""ג",קילוגרמים,1.00,"ק""ג",true,,79.00,79.0000,true,1,119819
7290000150468,false,פסטרמה רומנית עוף -ט,עיצובים 2020 (4.9),,"פסטרמה רומנית לק""ג",קילוגרמים,1.00,"ק""ג",true,,79.00,79.0000,true,1,119821
7290000151106,false,פסטרמה אמריקאית עוף-,עיצובים 2020 (4.9),,"פסטרמה אמריקאית לק""ג",קילוגרמים,1.00,"ק""ג",true,,79.00,79.0000,true,1,119825
7290000152608,false,נקניק תה ענק עוף טוב,קריות זול,,סלמי תה,קילוגרמים,1.00,"ק""ג",true,,40.00,40.0000,true,1,2639
7290000152943,false,פסטרמה כפרית +סלמי כפרי עוף טוב 350X2ג',מולינו ניקולי s.p.a,IL,מארז פסטרמה כפרית+סלמי כפרי 700 גרם,גרמים,700.00,100 גרם,false,1,26.90,3.8429,true,1,124691
7290000153445,false,קציצות בקר מתובלות עוף טוב 500 ג',מולינו ניקולי s.p.a,IL,עוף טוב קציצות בקר קלאסיות 14*500גרם,גרמים,500.00,100 גרם,false,1,29.90,5.9800,true,1,124766
7290000153469,false,עוף טוב קציצות עוף קלאסיות 600 גר',מוצרי עוף טוב (2001),IL,עוף טוב קציצות עוף קלאסיות 14*600גרם,גרמים,600.00,100 גרם,false,1,29.90,4.9833,true,1,124767
7290000155524,false,פסטרמה פולנית עוף -ט,עיצובים 2020 (4.9),,"פסטרמה פולנית לק""ג",קילוגרמים,1.00,"ק""ג",true,,79.00,79.0000,true,1,122529
7290000158105,false,שניצל עוף מיני דינוזאור 700גר',מוצרי עוף טוב (2001),IL,ע.ט.שניצל עוף מיני דינוזאור ר.טבע12*700ג,גרמים,700.00,100 גרם,false,1,34.90,4.9857,true,1,125243
7290000168173,false,ברנפלקס קרנצים 375 ג' תלמה,יוניליור ישראל מזון,IL,ברנפלקס קרנצים 375 גרם,גרמים,375.00,100 גרם,false,1,25.90,6.9067,true,1,126568
7290000169538,false,"נמס בכוס עגבניות וקרוטונים מרק כשרות בד""ץ 62 ג' קנור",יוניליוור ישראל מזון,IL,מרק נמס בכוס עגבניות קרוטונים קנור 62 גר,גרמים,62.00,100 גרם,false,1,7.50,12.0968,true,1,125950
7290000169798,false,"עוגי מופחת סוכר 20% פצפוצי שוקו' 500ג' בד""צ",יוניליוור שפע ישראל,IL,תלמה דגני בוקר עוגי 500 גרם,גרמים,500.00,100 גרם,false,1,24.90,4.9800,true,1,125967
7290000170053,false,שוקולד פרה 100 ג' חלב.,"תופינית בע""מ",IL,שוקולד פרה חלב 100 גרם,גרמים,100.00,100 גרם,false,1,5.90,5.9000,true,1,119853
7290000174723,false,אבקת שוקולית עלית קופסא 500ג',הנסיך- מפעל לייצור ט,IL,שוקולית קופסא 500 / 12 קופ'/ 500ג',גרמים,500.00,100 גרם,false,1,13.90,2.7800,true,1,119861
7290000176062,false,קפה טורקי בצלופן 100,שטראוס קפה בי.וי.,IL,עלית טורקי שקית 100ג/1שק'/100גר',גרמים,100.00,100 גרם,false,1,8.90,8.9000,true,1,119865
7290000176079,false,קפה טורקי עם היל עלית 100 ג',הנסיך- מפעל לייצור ט,IL,עלית טורקי עם הל 00/1שק'/100גר',גרמים,100.00,100 גרם,false,1,10.20,10.2000,true,1,119866
7290000176116,false,"קפה טורקי עלית וואקום 1 ק""ג",הנסיך- מפעל לייצור ט,IL,"עלית טורקי ואקום 1 ק""ג",קילוגרמים,1.00,"ק""ג",false,1,88.00,88.0000,true,1,121570
7290000176413,false,קפה נמס אבקתי עלית 5,הנסיך- מפעל לייצור ט,IL,קפה נמס עלית 50 גרם,גרמים,50.00,100 גרם,false,1,10.80,21.6000,true,1,119869
7290000176420,false,קפה נמס אבקתי 200ג עלית,שטראוס קפה בי.וי,IL,קפה נמס עלית פחית 200 גרם,גרמים,200.00,100 גרם,false,1,19.90,9.9500,true,1,119870
7290000176468,false,קפה נמס נטול קפאין 50 ג' קפה האג,"איי, בי, אינבוו",IL,האג נמס אבקתי פחית 50 גר חדש,גרמים,50.00,100 גרם,false,1,13.10,26.2000,true,1,119871
7290000178707,false,חטיף תפוציפס טבעי 50,"שטראוס פריטו ליי בע""",IL,תפו טבעי 50 גר 48 יח - שמיטה,גרמים,50.00,100 גרם,false,1,3.90,7.8000,true,1,119879
7290000178721,false,חטיף תפוציפס טבעי 20,"שטראוס פריטו ליי בע""",IL,תפו טבעי 200 גר 12 יח,גרמים,200.00,100 גרם,false,1,9.90,4.9500,true,1,119880
7290000185460,false,חרוסת בטעם ביתי תמר,מנדלז סי.אר. פרודקשן,IL,חרוסת כנרת 250 גרם,גרמים,250.00,100 גרם,false,1,9.90,3.9600,true,1,119896
7290000186030,false,מגבונים לחים האגיס ב,עלבד,IL,האגיס מגבוני בייבי ספא עם תחליב רביעייה,יחידה,1.00,יחידה,false,1,27.90,27.9000,true,1,23611
7290000187860,false,מגבוני טואלט לחים לילי דיספנסר 40יח',עלבד משואות יצחק בעמ,IL,מגבוני טואלט לח לילי,לא מנהל יחידת מידה,0.00,לא מנהל יחידת מידה,false,1,8.90,0.0000,true,1,9967
7290000187921,false,נייר טואלט לבן 32 גלילים לילי,קימברלי קלארק ישראל,IL,לילי פיור נייר טואלט דו שכבתי לבן 32 גלילים,מטרים,58880.00,מטר,false,1,39.90,0.0007,true,1,123306
7290000187938,false,נייר טואלט פסטל 32 גלילים לילי,קימברלי קלארק,IL,נייר טואלט לילי פסטל 32 גלילים,מטרים,58880.00,מטר,false,1,38.90,0.0007,true,1,123307
7290000187952,false,נייר טואלט טריו לילי פרימיום 32גליל,קימברלי קלארק,IL,נייר טואלט לילי טריו 32 גלילים,מטרים,53470.00,מטר,false,1,45.90,0.0009,true,1,123308
7290000188270,false,קליניקס ממחטות אף אולטרא סופט 2*80 דף,חוגלה קימברלי,,ממחטות קלינקס א.סופט80 יח.זוג,לא מנהל יחידת מידה,0.00,לא מנהל יחידת מידה,false,1,17.90,0.0000,true,1,119900
7290000189079,false,"ניקול תבניות אינגליש חזקות ועבות מארז, 7 יח'",בראבו,CN,תבניות אינגליש ניקול 6 יחידות,לא מנהל יחידת מידה,0.00,לא מנהל יחידת מידה,false,1,10.90,0.0000,true,1,126952
7290000189116,false,ניקול תבניות אלומניום עגולות 5 יח',בראבו,CN,תבניות עגולות ניקול 6 יחידות,לא מנהל יחידת מידה,0.00,לא מנהל יחידת מידה,false,1,10.90,0.0000,true,1,126953
7290000189260,false,ניקול תבניות מלבניות 26*32*7,בראבו,,תבניות מלבניות עבות וחזקות 5 יחידות,לא מנהל יחידת מידה,0.00,לא מנהל יחידת מידה,false,1,12.90,0.0000,true,1,126954
7290000189277,false,ניקול תבניות מלבניות 41*30*5.4,בראבו,,תבניות מלבניות עמוקות וחזקות 3 יחידות,לא מנהל יחידת מידה,0.00,לא מנהל יחידת מידה,false,1,12.90,0.0000,true,1,126955
7290000189505,false,תבנית קרטון אפיה אינגליש ניקול 5יח',"דוקארט בעמ, קיבוץ כפ",IL,תבנית אפייה מקרטון אינגלי,לא מנהל יחידת מידה,0.00,לא מנהל יחידת מידה,false,1,11.90,0.0000,true,1,123897
7290000189550,false,אשפתון 78X90 ענק ניקול 20יח',קריות זול,IL,שקיות אשפה זוג 20 יחידות,לא מנהל יחידת מידה,0.00,לא מנהל יחידת מידה,false,1,24.90,0.0000,true,1,122396
7290000189598,false,מטליות לחות חד פעמיות לניקוי כללי 50 יח' ניקול,עלבד משואות יצחק בעמ,IL,מטליות לחות לניקוי כללי 50 יח ניקול,Unknown,0.00,Unknown,false,1,11.90,0.0000,true,1,123532
7290000189659,false,מטליות לחות לרצפה ניקול 10 יח'-מרכז,עלבד משואות יצחק בעמ,IL,ניקול מטליות לחות לניקוי הרצפה 10 יחידות,Unknown,0.00,Unknown,false,1,11.90,0.0000,true,1,123808
7290000189734,false,מטליות לחות לפרקט 10יח' ניקול,עלבד משואות יצחק בעמ,IL,ניקול מטליות לחות לניקוי פרקט 10 יחידות,גרמים,0.00,100 גרם,false,1,14.90,0.0000,true,1,124533
7290000189871,false,אשפתון שרוך מתכלה ניקול 60יח',אשפלסט תעשיות,IL,שקיות אשפה עם שרוך ניקול 60 יחידות,לא מנהל יחידת מידה,0.00,לא מנהל יחידת מידה,false,1,22.90,0.0000,true,1,123412
7290000190068,false,מפיות אירוח לבן 100 יחי' ניקול,חוגלה קימברלי,IL,"מפיות ניקול חלקות לאירוח חד שכבתי, 100 יחידות",Unknown,0.00,Unknown,false,1,7.90,0.0000,true,1,122955
7290000190150,false,מפיות נייר מודפסות 3 שכבות ניקול 20 יח',קריות זול,SI,ניקול מפיות מעוצבות תלת שכבתי 20 יחידות,לא מנהל יחידת מידה,0.00,לא מנהל יחידת מידה,false,1,8.90,0.0000,true,1,119901
7290000190198,false,מטליות לניקוי וחיטוי חדרי שירותים ואמבטיה,עלבד משואות יצחק בעמ,IL,מטליות לחות לניקוי חיטוי ניקול,יחידה,1.00,יחידה,false,1,11.90,11.9000,true,1,126120
7290000191225,false,האגיס - רך נולד מידה 2 מוקטן 44 יח',קימברלי קלארק שיווק,IL,האגיס ליטל בייביס מידה 2,יחידה,1.00,יחידה,false,1,39.90,39.9000,true,1,127579
7290000191546,false,ממחטות טישו צבעוני 2 שכבות לילי מארז 100X3יח',חוגלה קימברלי,,ממחטות טישיו לילי צבעוני בניילון שלישייה,Unknown,0.00,Unknown,false,1,11.90,0.0000,true,1,119903
7290000191645,false,האגיס חיתול רך נולד NB ארוז 36יח',קימברלי קלארק ארהב,IL,חיתולי האגיס 36 NB יח,לא מנהל יחידת מידה,0.00,לא מנהל יחידת מידה,false,1,39.90,0.0000,true,1,125483
7290000191652,false,קלינקס ממחטות טישו אולטרא סופט מארז 90X3יח',חוגלה קימברלי,IL,ממחטות טישיו קלינקס ניילון מארז שלישייה,לא מנהל יחידת מידה,0.00,לא מנהל יחידת מידה,false,1,13.90,0.0000,true,1,123055
7290000193014,false,פדיות אינטרלוד מגיני יום לילי 50יח',חוגלה קימברלי,IL,מגן תחתון לילי אינטרלוד,לא מנהל יחידת מידה,0.00,לא מנהל יחידת מידה,false,1,10.90,0.0000,true,1,119904
7290000193083,false,לילי - תחבושות נובה לי 28 יח',חוגלה קימברלי,IL,תחבושות נובה לי בודד 28 יח,לא מנהל יחידת מידה,0.00,לא מנהל יחידת מידה,false,1,13.90,0.0000,true,1,123058
7290000193205,false,לילי תחבושות נטורל לילה 20 יח',קריות זול,,"תחב.לילי נטורל לילה 20 יח """,Unknown,0.00,Unknown,false,1,17.90,0.0000,true,1,119905
7290000193472,false,לילי מגני תחתון נטורל נורמל 60 יח',חוגלה קימברלי,IL,מגן תחתון לילי נטורל נורמל,לא מנהל יחידת מידה,0.00,לא מנהל יחידת מידה,false,1,17.90,0.0000,true,1,119906
7290000193540,false,לילי אינטימייט מגן תחתון לונג 52יח',חוגלה קימברלי,IL,מגן תחתון לילי נטורל LONG,לא מנהל יחידת מידה,0.00,לא מנהל יחידת מידה,false,1,17.90,0.0000,true,1,119907
7290000193618,false,לילי אינטימייט מגן תחתון נורמל 24 יח',קריות זול,,מגן תחתון לילי נטורל לייט,לא מנהל יחידת מידה,0.00,לא מנהל יחידת מידה,false,1,17.90,0.0000,true,1,17510
7290000193649,false,לילי תחבושות נטורל אולטרה סופר 24 יח',קריות זול,,תחב.לילי נטורל נורמל פלוס 24,Unknown,0.00,Unknown,false,1,17.90,0.0000,true,1,119908
7290000193656,false,לילי תחבושות נטורל אולטרה סופר פלוס 24 יח',קריות זול,,תחב.לילי נטורל סופר פלוס 24,Unknown,0.00,Unknown,false,1,17.90,0.0000,true,1,119909
7290000194288,false,משטחי החתלה האגיס פר,Ontex,,"משטח החתלה 10 יח """,Unknown,0.00,Unknown,false,1,23.90,0.0000,true,1,123162
7290000195216,false,נייר אפייה בשקית ניקול 50 יח',אופל,,נייר אפיה ניקול 50 יח,לא מנהל יחידת מידה,0.00,לא מנהל יחידת מידה,false,1,11.90,0.0000,true,1,126974
7290000195537,false,האגיס - מגבוני האגיס דיילי קר לא מבושם 64 יח' * 4,חוגלה קימברלי,IL,האגיס מגבונים לחים לתינוק ללא בישום מארז רביעייה,יחידה,1.00,יחידה,false,1,23.90,23.9000,true,1,121675
7290000195773,false,האגיס - מגבוני האגיס סנסטיב קר לא מבושם 64 יח' * 4,חוגלה קימברלי,IL,מגבוני האגיס אלוורה רביעיה,לא מנהל יחידת מידה,0.00,לא מנהל יחידת מידה,false,1,23.90,0.0000,true,1,122171
7290000196039,false,"מפות שולחן איריס ח""פ ניקול 2 יח'",קריות זול,IL,"מפות שולחן ניקול זוג 180*110 ס""מ",לא מנהל יחידת מידה,0.00,לא מנהל יחידת מידה,false,1,12.90,0.0000,true,1,119912
7290000196343,false,"מפת שולחן מהודרת לילי 180X120ס""מ",קריות זול,IL,ניקול מפת שולחן מהודרת,מיליליטרים,0.00,"100 מ""ל",false,1,13.90,0.0000,true,1,119913
7290000196763,false,ניקול שקיות לאשפה השקית החזקה 40 יח',אשפלסט,IL,שקיות אשפה השקית החזקה ניקול 40 יח,Unknown,0.00,Unknown,false,1,24.90,0.0000,true,1,124725
7290000197012,false,ניקול שקיות ניילון ריצרץ לאחסון 15יח',קריות זול,CN,שקיות ריצרץ 19*18 ניקול בקופסא 15 שקיות,לא מנהל יחידת מידה,0.00,לא מנהל יחידת מידה,false,1,14.90,0.0000,true,1,122612
7290000197029,false,ניקול שקיות ניילון ריצרץ לאחסון 12יח',קריות זול,,שקיות ריצרץ 26*28 בקופסא 12 שקיות,לא מנהל יחידת מידה,0.00,לא מנהל יחידת מידה,false,1,16.90,0.0000,true,1,122613
7290000197081,false,ניקול ניילון נצמד חסכון 150 מ',אופל,IL,ניקול ניילון נצמד מתקן לחיתוך קל 150 מ' ללא PVC,מטרים,15000.00,מטר,false,1,29.90,0.0020,true,1,122397
7290000197326,false,רדיד אלומניום ניקול זוגי 30X7.5מ',קריות זול,IL,זוג רדיד אלומיניום קצר עובי משופר 15 מיקרון,מטרים,1500.00,מטר,false,1,12.90,0.0086,true,1,119914
7290000197340,false,רדיד אלומניום ניקול זוגי 45X7.5מ',קריות זול,IL,זוג רדיד אלומיניום ארוך עובי משופר 16 מיקרון,מטרים,1500.00,מטר,false,1,19.90,0.0133,true,1,119915
7290000197425,false,האגיס - פרידום דריי שלב 3 52 יח',קימברלי קלארק ישראל,IL,חיתולים פרידום דריי שלב 3,יחידה,1.00,יחידה,false,1,45.90,45.9000,true,1,126879
7290000197432,false,שקיות אוכל סנדביצ'ון ניקול מארז 150X2יח',אשלפסט תעשיות בעמ,IL,סנדוויצון זוגות,לא מנהל יחידת מידה,0.00,לא מנהל יחידת מידה,false,1,14.90,0.0000,true,1,119916
7290000197456,false,האגיס - פרידום דריי שלב 4 44 יח',קימברלי קלארק ישראל,IL,חיתולים פרידום דריי שלב 4,יחידה,1.00,יחידה,false,1,45.90,45.9000,true,1,126880
7290000197463,false,האגיס - פרידום דריי שלב 4+ 40 יח',קימברלי קלארק ישראל,IL,חיתולי פרידום דריי שלב +4,יחידה,1.00,יחידה,false,1,45.90,45.9000,true,1,126918
7290000197470,false,מקפיאון שקיות הקפאה מתכלות ניקול 250יח',אשלפסט תעשיות בעמ,IL,שקיות ניקול רב שימושיות זוג,לא מנהל יחידת מידה,0.00,לא מנהל יחידת מידה,false,1,16.90,0.0000,true,1,121571
7290000197548,false,האגיס - פרידום דריי שלב 5 36 יח',קימברלי קלארק ישראל,IL,חיתולי האגיס פרידום דריי שלב 5,לא מנהל יחידת מידה,0.00,לא מנהל יחידת מידה,false,1,45.90,0.0000,true,1,126881
7290000197654,false,ניקול אשפתון שקיות אשפה ענקיות 45 יח',קריות זול,IL,אשפתון ענק 50 75*90 יחידות,Unknown,0.00,Unknown,false,1,22.90,0.0000,true,1,121572
7290000197678,false,האגיס - פרידום פלוס שלב 6 30 יח',קימברלי קלארק ישראל,IL,חיתולים פרידום דריי שלב 6,יחידה,1.00,יחידה,false,1,45.90,45.9000,true,1,126882
7290000197753,false,ניילון נצמד אנטי בטקריאלי ניקול 30X2מ',קריות זול,,ניילון נצמד זוג ניקול,מטרים,3000.00,מטר,false,1,12.90,0.0043,true,1,119917
7290000197883,false,ניקול תבניות אלומיניום 4יח',ארץ ייצור: סין,CN,תבנית אלומיניום גדול 4 יחידות,לא מנהל יחידת מידה,0.00,לא מנהל יחידת מידה,false,1,9.90,0.0000,true,1,121801
7290000197951,false,ניקול תבנית אלומיניום ענק 3 יח',פאלאס,,תבנית אלומיניום ענק 2 יחידות,לא מנהל יחידת מידה,0.00,לא מנהל יחידת מידה,false,1,9.90,0.0000,true,1,121762
7290000197982,false,רדיד אלומיניום עבה 45 ניקול 7.5 מ' זוגי,אופל,IL,רדיד אלומ.20 מיקרון 7.5*4,מטרים,1500.00,מטר,false,1,24.90,0.0166,true,1,119919
7290000197999,false,רדיד אלומיניום עבה ניקול זוגי 30X7.5מ',קריות זול,IL,רדיד אלומיניום עבה 30*7.50 זוג,מטרים,1500.00,מטר,false,1,18.90,0.0126,true,1,119920
7290000199313,false,קוטקס - תחבושות יאנג 30 יח',KC Turkey,,קוטקס תחבושות לנערות 28 יח,Unknown,0.00,Unknown,false,1,19.90,0.0000,true,1,122885
7290000204086,false,כרית קרצוף סקוטש ניקול 1+2,חוגלה קימברלי,US,"ניקול, כריות קרצוף גדולות וחזקות במיוחד, 3 יחידות",יחידה,0.00,יחידה,false,1,11.90,0.0000,true,1,121573
7290000204147,false,ניקול כריות יפניות 2 ב 1 רביעייה,פלסטו פוליש (ברקן),IL,כריות יפניות דו צדדיות ניקול רביעייה,גרמים,280.00,100 גרם,false,1,11.90,4.2500,true,1,122625
7290000204215,false,ניקול כריות יפניות 6 יח',פלסטו פוליש (ברקן),IL,"ניקול,כריות יפניות ,6 יחידות",גרמים,0.00,100 גרם,false,1,11.90,0.0000,true,1,119942
7290000204239,false,ניקול מטליות ריצפה רביעיה,עופרטקס,,מטליות רצפה ניקול 4 יח,לא מנהל יחידת מידה,0.00,לא מנהל יחידת מידה,false,1,12.90,0.0000,true,1,10549
7290000204253,false,מטליות ניקול רב שימושיות 9יח',נועם אורים-קיבוץ אור,IL,"ניקול, מטליות ניקוי רב שימושיות, 9 יחידות",לא מנהל יחידת מידה,0.00,לא מנהל יחידת מידה,false,1,11.90,0.0000,true,1,119943
7290000204307,false,ניקול מטליות רב שימושיות בגליל 40 יח',נועם אורים-קיבוץ אור,IL,"מטליות ניקוי רב-שימושיות, 40 יחידות",לא מנהל יחידת מידה,0.00,לא מנהל יחידת מידה,false,1,22.90,0.0000,true,1,122230
7290000204512,false,מטליות לחות לרצפה בניחוח לימון 10 יח' ניקול,עלבד משואות יצחק בעמ,IL,מטליות לחות ניקול בריח לימון,לא מנהל יחידת מידה,0.00,לא מנהל יחידת מידה,false,1,13.90,0.0000,true,1,132793
7290000204611,false,ספוגיות הקסם ניקול 6יח',קריות זול,US,ספוגית הקסם ניקול 6 יחידות,לא מנהל יחידת מידה,0.00,לא מנהל יחידת מידה,false,1,11.90,0.0000,true,1,121682
7290000207063,false,רסק עגבניות פריכוז 28% 240 גרם יכין,היינץ צפון אמריקה מק,IL,רסק עגבניות פריכוז 260 גרם יכין,גרמים,260.00,100 גרם,false,1,4.90,1.8846,true,1,122370
7290000207162,false,רוטב עגבניות מרכיב טבעי 100 ג' יכין,"זנלכל בע""מ",IL,יכין רוטב עגבניות מרוכז 100 גרם,גרמים,100.00,100 גרם,false,1,2.50,2.5000,true,1,119959
7290000207438,false,עגבניות קוביות יכין 800 גר,"זנלכל בע""מ",IL,קוביות עגבניות יכין A2.5 800 ג,גרמים,800.00,100 גרם,false,1,8.90,1.1125,true,1,12639
7290000208022,false,עגבניות מרוסקות 800 גרם יכין,"זנלכל בע""מ",IL,עגבניות מרוסקות יכין 800 גרם,גרמים,800.00,100 גרם,false,1,8.90,1.1125,true,1,8528
7290000208077,false,אפונת גינה גדולה 550 גרם יכין,"זנלכל בע""מ",IL,אפונת גינה יכין 550גרם,גרמים,550.00,100 גרם,false,1,8.50,1.5455,true,1,121720
7290000208114,false,אפונת גינה וגזר 550 ג' יכין,"זנלכל בע""מ",IL,יכין אפונת גינה וגזר 550 גרם,גרמים,550.00,100 גרם,false,1,8.50,1.5455,true,1,119961
7290000208138,false,סירופ ענבים דיאט יכי,"זנלכל בע""מ",IL,יכין סירופ בטעם ענבים דיאט 1 ליטר,ליטרים,1.00,ליטר,false,1,15.90,15.9000,true,1,121786
7290000208145,false,גרגרי תירס מתוק לייט A2 יכין 550 ג',"זנלכל בע""מ",IL,תירס לייט גרעינים יכין 550 גרם,גרמים,550.00,100 גרם,false,1,8.90,1.6182,true,1,121721
7290000208213,false,שעועית לבנה אפויה A2 ברוטב עגבניות יכין 560ג',היינץ צפון אמריקה מק,IL,יכין שעועית לבנה ברוטב עגבניות 580 גרם,גרמים,580.00,100 גרם,false,1,7.90,1.3621,true,1,121722
7290000208220,false,שעועית צילי חריף 550 ג' יכין,היינץ צפון אמריקה מק,IL,יכין שעועית צ'ילי בנוסח מקסיקני חריף 580 גרם,גרמים,0.00,100 גרם,false,1,8.90,0.0000,true,1,127341
7290000208244,false,בסיס עגבניות לשקשוקה 570 ג' יכין,"זנלכל בע""מ",IL,בסיס עגבניות לשקשוקה570ג,גרמים,570.00,100 גרם,false,1,8.90,1.5614,true,1,12631
7290000208329,false,גרעיני תירס מתוק A2 יכין 550ג',"זנלכל בע""מ",IL,תירס גרעינים מתוק יכין 560 גרם,גרמים,560.00,100 גרם,false,1,7.90,1.4107,true,1,121496
7290000208336,false,רסק עגבניות 22% 240 גרם יכין,"זנלכל בע""מ",IL,יכין רוטב עגבניות מרוכז 240 גרם,גרמים,240.00,100 גרם,false,1,4.50,1.8750,true,1,122676
7290000208428,false,גרגרי חומוס שלם 550 גרם יכין,"זנלכל בע""מ",IL,חומוס שלם יכין 560 גרם,גרמים,560.00,100 גרם,false,1,8.90,1.5893,true,1,121723
7290000208855,false,רוטב פסטה עגבניות יכין 240 ג',"זנלכל בע""מ",IL,רוטב פסטה 240גר,גרמים,240.00,100 גרם,false,1,5.50,2.2917,true,1,122684
7290000208947,false,עגבניות מרוסקות 240 גרם יכין,היינץ צפון אמריקה מק,IL,יכין עגבניות מרוסקות 260 גרם,גרמים,240.00,100 גרם,false,1,5.50,2.2917,true,1,122678
7290000209012,false,חומץ הדרים יכין 1 לי,"זנלכל בע""מ",IL,חומץ 1 ליטר יכין,ליטרים,1.00,ליטר,false,1,5.50,5.5000,true,1,121858
7290000209371,false,שלישיית תירס קטן יכי,היינץ צפון אמריקה מק,IL,יכין גרעיני תירס מתוק שלישייה 3*165,גרמים,165.00,100 גרם,false,1,13.90,8.4242,true,1,12648
7290000209517,false,סירופ דיאט לימון 1 ליטר,היינץ צפון אמריקה מק,IL,יכין סירופ בטעם לימון דיאט 1 ליטר,ליטרים,1.00,ליטר,false,1,15.90,15.9000,true,1,127113
7290000209579,false,סירופ דיאט אננס 1 ליטר,"זנלכל בע""מ",IL,יכין סירופ בטעם אננס דיאט 1 ליטר,ליטרים,1.00,ליטר,false,1,15.90,15.9000,true,1,121741
7290000209722,false,רסק עגבניות 28% פריכוז 580 גרם יכין,"זנלכל בע""מ",IL,רסק עגבניות פריכוז 580 יכין,גרמים,580.00,100 גרם,false,1,9.90,1.7069,true,1,121497
7290000209913,false,עגבניות קוביות יכין 240 ג',"זנלכל בע""מ",IL,קוביות עגבניות 240גרם,גרמים,240.00,100 גרם,false,1,5.50,2.2917,true,1,123215
7290000209944,false,רוטב לעגבניות בסיס לשקשוקה 240 ג' יכין,"זנלכל בע""מ",IL,רוטב עגבניות לשקשוקה יכין 240גרם,גרמים,240.00,100 גרם,false,1,5.50,2.2917,true,1,123216
7290000209951,false,רוטב עגבניות לפיצה 240 גרם יכין,"זנלכל בע""מ",IL,רוטב פיצה 240גרם יכין,גרמים,240.00,100 גרם,false,1,5.50,2.2917,true,1,123217
7290000209968,false,רוטב עגבניות ללזניה יכין 240 גרם,"זנלכל בע""מ",IL,רוטב לזניה 240גרם,גרמים,240.00,100 גרם,false,1,5.50,2.2917,true,1,123218
7290000210896,false,רוטב בלונוז לפסטה יכין 240 ג',"זנלכל בע""מ",IL,רוטב בולנז 240גרם יכין,גרמים,240.00,100 גרם,false,1,5.50,2.2917,true,1,127375
7290000211169,false,"אורז תאילנדי אחד אחד סוגת 1 ק""ג",האי נאם סי או אל.טי.,IL,"אורז תאילנדי 1 ק""ג",קילוגרמים,1.00,"ק""ג",false,1,7.90,7.9000,true,1,121742
7290000211312,false,סוגת אורז מלא פרסי אחד אחד 1 קג,האי נאם סי או אל.טי.,IL,"אורז מלא ארוך 1 ק""ג",קילוגרמים,1.00,"ק""ג",false,1,10.90,10.9000,true,1,119965
7290000211374,false,"קמח מלא סוגת 1 ק""ג",תחנות קמח דגן 2006 ב,IL,"קמח מלא 1 ק""ג סוגת",קילוגרמים,1.00,"ק""ג",false,1,7.90,7.9000,true,1,119966
7290000211442,false,"סוגת אורז פרסי קלאסי שקית 1 ק""ג",האי נאם סי או אל.טי.,IL,"אורז פרסי 1 ק""ג",קילוגרמים,1.00,"ק""ג",false,1,12.90,12.9000,true,1,119967
7290000211503,false,סוכר לבן ארוז בשקית,"סוגת תעשיות בע""מ",IL,"סוכר לבן ארוז בשקית סוגת 1 ק""ג",קילוגרמים,1.00,"ק""ג",false,1,5.30,5.3000,true,1,119968
7290000211626,false,"אורז חיש 1 ק""ג סוגת",סוגת תעשיות,IL,"אורז חיש 1 ק""ג סוגת",קילוגרמים,1.00,"ק""ג",false,1,10.90,10.9000,true,1,121825
7290000211985,false,"אורז ריזוטו עגול סוגת 1 ק""ג","סוגת תעשיות בע""מ",IL,"אורז עגול 1 ק""ג",קילוגרמים,1.00,"ק""ג",false,1,12.90,12.9000,true,1,119969
7290000226545,false,עוגת טורט היער השחור 1 קג',קפולסקי שיווק וקמעונ,IL,"עוגת טורט היער השחור 1 ק""ג",קילוגרמים,1.00,"ק""ג",false,1,59.90,59.9000,true,1,119989
7290000226569,false,עוגת טורט קצפת שוקולד 1 קג',קפולסקי שיווק וקמעונ,IL,"עוגת טורט קצפת שוקולד 1 ק""ג",קילוגרמים,1.00,"ק""ג",false,1,59.90,59.9000,true,1,119991
7290000238029,false,"בצק עלים צרפתי מרודד מעדנות 1ק""ג",מיוצר עי קונדיטוריית,IL,"בצק עלים 1 ק""ג",קילוגרמים,1.00,"ק""ג",false,1,25.90,25.9000,true,1,120010
7290000238036,false,מלאווח 6יח' מעדנות 700ג',מיוצר עי קונדיטוריית,IL,מלווח 700 גרם מעדנות,גרמים,700.00,100 גרם,false,1,19.90,2.8429,true,1,120011
7290000238173,false,בורקס גבינה 800 ג' מעדנות,מיוצר עי קונדיטוריית,IL,בורקס גבינה מעדנות 800 גרם,גרמים,800.00,100 גרם,false,1,24.90,3.1125,true,1,120012
7290000238180,false,בורקס תפוחי אדמה מעדנות 800ג',מיוצר עי קונדיטוריית,IL,"בורקס תפו""א מעדנות 800 גרם",גרמים,800.00,100 גרם,false,1,24.90,3.1125,true,1,120013
7290000243566,false,"שמן קנולה בריאות 750 מ""ל",שמן תעשיות,EE,"עץ הזית שמן קנולה בריאות 750 מ""ל",מיליליטרים,750.00,"100 מ""ל",false,1,11.90,1.5867,true,1,10554
7290000245072,false,סוד מרכך לכביסה סופט בייבי 4 ל',"הנקל סוד בע""מ",IL,סוד מרכך כביסה בייבי,ליטרים,4.00,ליטר,false,1,21.90,5.4750,true,1,123056
7290000245089,false,סוד סופט מרכך כביסה סגול 4 ליטר,"הנקל סוד בע""מ",IL,מרכך כביסה - הסוד הוא בניחוח,ליטרים,4.00,ליטר,false,1,21.90,5.4750,true,1,120019
7290000245157,false,סוד סופט מרכך כביסה סנסיישן 4 ליטר,"הנקל סוד בע""מ",IL,"מרכך כביסה סוד סנסיישן 4 ל """,ליטרים,4.00,ליטר,false,1,21.90,5.4750,true,1,121847
7290000245270,false,"פרסיל אבקת כביסה סופרא 1.250 ק""ג","הנקל סוד בע""מ",IL,"פרסיל אבקת כביסה 1.25 ק""ג",קילוגרמים,1.25,"ק""ג",false,1,14.90,11.9200,true,1,120020
7290000245287,false,"פרסיל אבקת כביסה 1.250 ק""ג קולור ויניגר","הנקל סוד בע""מ",IL,"פרסיל אבקה לכביסה צבעונית 1.25 ק""ג",קילוגרמים,1.25,"ק""ג",false,1,14.90,11.9200,true,1,120021
7290000245294,false,"א.כ. פרסיל סופרא שקית 2.5 ק""ג","הנקל סוד בע""מ",IL,פרסיל אבקה לכביסה לבנה וצבעונית 2.5 קג,קילוגרמים,2.50,"ק""ג",false,1,29.90,11.9600,true,1,17516
7290000245478,false,"אבקת כביסה לבגדי תינוקות 1.25 ק""ג סוד","הנקל סוד בע""מ",IL,סוד אבקת כביסה לתינוקות/ בעלי עור רגיש,קילוגרמים,1.25,"ק""ג",false,1,14.90,11.9200,true,1,120023
7290000245508,false,"קומפקט סוד 1.25ק""ג שושו מרענן -מרכז","הנקל סוד בע""מ",IL,"סוד טוטאל אבקת כביסה 1.25 ק""ג",קילוגרמים,1.25,"ק""ג",false,1,14.90,11.9200,true,1,120024
7290000245515,false,"אבקת כביסה בניחוח לבנדר 1.25 ק""ג סוד","הנקל סוד בע""מ",IL,"סוד אבקת כביסה בניחוח לבנדר 1.25 ק""ג",קילוגרמים,1.25,"ק""ג",false,1,14.90,11.9200,true,1,120025
7290000245539,false,"קומפקט סוד 1.250 ק""ג קולור לכביסה צבעונית","הנקל סוד בע""מ",IL,"סוד אבקת כביסה לבגדים צבעוניים 1.25 ק""ג",קילוגרמים,1.25,"ק""ג",false,1,14.90,11.9200,true,1,120026
7290000245782,false,סוד סופט מרכך כביסה ורוד 4 ליטר,"הנקל סוד בע""מ",IL,סוד מרכך כביסה ורד ורוד,ליטרים,4.00,ליטר,false,1,21.90,5.4750,true,1,120027
7290000245799,false,סוד סופט מרכך כביסה כחול 4 ליטר,"הנקל סוד בע""מ",IL,סוד מרכך כביסה כחול 4 ליטר,ליטרים,4.00,ליטר,false,1,21.90,5.4750,true,1,120028
7290000253220,false,שוקולד צ'יפס חום אופנהיימר 260 גר',אופנהיימר,IL,שוקולד ציפס חום אופנהיימר 260גרם,גרמים,260.00,100 גרם,false,1,12.90,4.9615,true,1,120035
7290000253251,false,שוקולד צ'יפס לבן אופנהיימר 300ג',אופנהיימר,IL,שוקולד ציפס אופנהיימר לבן260גר,גרמים,260.00,100 גרם,false,1,12.90,4.9615,true,1,120036
7290000253374,false,מיני שוקולד צ'יפס - נטיפי שוקולד מריר,אופנהיימר,IL,שוקולד ציפס 66%מוצקי קקאו 250גרם,גרמים,250.00,100 גרם,false,1,14.90,5.9600,true,1,30105
7290000253459,false,נטיפי ציפס בטעם קרמל 250 גר' אופנהיימר,אופנהיימר,IL,שוקולד ציפס קרמל 250גרם אופנהיימר,גרמים,250.00,100 גרם,false,1,12.90,5.1600,true,1,26329
7290000253503,false,מרציפן מצופה שוקולד מריר 40 ג',אחים מזרחי,IL,מרציפן מצופה אופנהיימר 40 גרם,גרמים,40.00,100 גרם,false,1,4.50,11.2500,true,1,13534
7290000263359,false,האגיס - פיור נטורל שלב 1 ניו בורן 40 יח',קימברלי קלארק שיווק,IL,חיתולים האגיס מידה 1 ליטל בייביז,יחידה,1.00,יחידה,false,1,39.90,39.9000,true,1,124179
7290000267012,false,שקדים מולבנים שלמים,"דין שיווק וקליה בע""מ",IL,שקד טבעי מולבן שלם 100 גרם שקדיה,גרמים,100.00,100 גרם,false,1,11.90,11.9000,false,1,17518
7290000267029,false,שקדים מולבנים חצויים,"דין שיווק וקליה בע""מ",IL,שקד טבעי מולבן חצוי 100 גרם שקדיה,גרמים,100.00,100 גרם,false,1,11.90,11.9000,true,1,33744
7290000267036,false,שקדים משובבים השף 100 ג',"דין שיווק וקליה בע""מ",IL,שקד טבעי מולבן משובב 100 גרם שקדיה,גרמים,100.00,100 גרם,false,1,11.90,11.9000,true,1,33745
7290000267043,false,שקדים מולבנים פרוסים,"דין שיווק וקליה בע""מ",IL,שקד טבעי מולבן פרוס 100 גרם שקדיה,גרמים,100.00,100 גרם,false,1,11.90,11.9000,false,1,33746
7290000267050,false,שקדים טבעיים טחונים,"דין שיווק וקליה בע""מ",IL,שקדים טחונים 100 גרם שקדיה,גרמים,100.00,100 גרם,false,1,11.90,11.9000,false,1,120060
7290000267104,false,שקד מולבן גרוס/מרוסק,"דין שיווק וקליה בע""מ",IL,שקד מולבן מרוסק 100 גרם שקדיה,גרמים,100.00,100 גרם,false,1,11.90,11.9000,true,1,33634
7290000267548,false,אגוזי מלך גרוסים 100 ג',דין שיווק,IL,אגוז גרוס 100 גרם שקדיה,גרמים,100.00,100 גרם,false,1,10.70,10.7000,true,1,33635
7290000272467,false,סירופ עסיס דיאט פטל 1ל,בית-השיטה עסיס תעשיו,IL,עסיס סירופ פטל דיאט צבעים טב.12*1ליטר,ליטרים,1.00,ליטר,false,1,21.90,21.9000,true,1,24090
7290000272696,false,עסיס מיץ לימון טבעי משומר 1 ל' אסם,בית-השיטה עסיס תעשיו,IL,עסיס מיץ לימון משומר 12*1ליטר,ליטרים,1.00,ליטר,false,1,12.90,12.9000,true,1,120068
7290000286228,false,כרית קרצוף לכלים סנו סושי 6יח',סנו מפעלי ברונו בעמ,IL,כרית יפנית סנו סושי 1/6,גרמים,70.00,100 גרם,false,1,10.90,15.5714,true,1,120121
7290000286297,false,"סנו אנטי קאלק מסיר אבן מקומקום 700 מ""ל",סנו מפעלי ברונוס בעמ,IL,אנטי קלאק מסיר אבנית מקומקום 700 מל,מיליליטרים,700.00,"100 מ""ל",false,1,13.90,1.9857,true,1,9505
7290000286525,false,כיף ספוג לרחצה פרינה,קוסמופארם,IL,ספוג כיף פרינה,לא מנהל יחידת מידה,0.00,לא מנהל יחידת מידה,false,1,8.90,0.0000,true,1,120122
7290000286549,false,סנו סושי מטליות לניקוי כללי 9 יח',טרופיקל דגיל תעשיות,IL,"סנו סושי מטליות לניקוי כללי, 9 יחידות",לא מנהל יחידת מידה,0.00,לא מנהל יחידת מידה,false,1,9.90,0.0000,true,1,120123
7290000286761,false,ניילון נצמד סנו סושי פלסטיק מארז 30X2 מ',מיוצר עי קונדיטוריית,CN,סנו סושי - צמד ניילון נצמד+,מטרים,3000.00,מטר,false,1,11.90,0.0040,true,1,9506
7290000286877,false,סנו רב לניקוי מתכת,סנו,IL,לניקוי סנו רב מתכת,מיליליטרים,300.00,"100 מ""ל",false,1,23.90,7.9667,true,1,120125
7290000286891,false,סנו מגן קריסטל לרצפו,"סנו מפעלי ברונוס בע""",IL,סנו מגן קריסטל 1 ליטר,ליטרים,1.00,ליטר,false,1,26.90,26.9000,true,1,10294
7290000286921,false,"סנוקל רסס וכבס 750 מ""ל",סנו מפעלי ברונוס בעמ,IL,סנו קל BIO,מיליליטרים,750.00,"100 מ""ל",false,1,15.90,2.1200,true,1,123910
7290000286945,false,"סנו רהיט אקדח מרסס 500מ""ל","סנו מפעלי ברונוס בע""",IL,סנו רהיט נוזל מנקה ומבריק רהיטים 500 מל,מיליליטרים,500.00,"100 מ""ל",false,1,26.90,5.3800,true,1,120126
7290000287102,false,"סנו שמפו שטיחים אירוסול 600 מ""ל",מיוצר עי קונדיטוריית,IL,"סנו ספריי לשטיחים 600 מ""ל",מיליליטרים,600.00,"100 מ""ל",false,1,22.40,3.7333,true,1,120127
7290000287195,false,"סנו רהיט ספריי עשיר בווקס להברקה 305 מ""ל",מיוצר עי קונדיטוריית,IL,"סנו רהיט אירוסול מנקה, מבריק, מגן ודוחה אבק 300 מל",מיליליטרים,305.00,"100 מ""ל",false,1,16.90,5.5410,true,1,9507
7290000287355,false,סנו סופר פוליש לרצפה,קריות זול,IL,"סנו סופר פוליש, מבריק רצפות מעצמו, ללא שפשוף.",ליטרים,1.00,ליטר,false,1,26.90,26.9000,true,1,120133
7290000287409,false,סנובון שלישיה תות 3 יח' *55 ג',סנו מפעלי ברונוס בעמ,IL,סנובון סבון אסלה בניחוח תות X3,גרמים,55.00,100 גרם,false,1,12.90,23.4545,true,1,2663
7290000287430,false,סנובון צבעוני לאסלה בריח לימון שלישייה,סנו מפעלי ברונו בעמ,IL,סנובון סבון אסלה בניחוח לימון 3 יחידות,גרמים,165.00,100 גרם,false,1,12.90,7.8182,true,1,10323
7290000287485,false,סנובון לובר לאסלה 3 יח' * 55 ג',סנו מפעלי ברונו בעמ,IL,סנובון סבון אסלה בניחוח לובר 3 יחידות,גרמים,165.00,100 גרם,false,1,12.90,7.8182,true,1,10324
7290000287492,false,"סנו - סנובון נוזלי לימון 750 מ""ל","איי, בי, אינבוו",IL,"סנובון נוזלי לימון 750 מ""ל",מיליליטרים,750.00,"100 מ""ל",false,1,11.90,1.5867,true,1,120134
7290000287621,false,"מנקה אסלות סנו אנטי קאלק 750 מ""ל,",מיוצר עי קונדיטוריית,IL,"מנקה אסלות אנטי קאלק 750 מ""ל",מיליליטרים,750.00,"100 מ""ל",false,1,12.90,1.7200,true,1,121917
7290000288017,false,ז'אוול אקונומיקה 1ל'-לימון,"סנו מפעלי ברונוס בע""",IL,אקונומיקה סנו JAVEL לימון 1 ליטר,ליטרים,1.00,ליטר,false,1,8.90,8.9000,true,1,120136
7290000288024,false,סנו - ז'אוול אקונומיקה בריח לימון 4 ליטר,"סנו מפעלי ברונוס בע""",IL,אקונומיקה סנו JAVEL לימון 4 ליטר,ליטרים,4.00,ליטר,false,1,16.90,4.2250,true,1,120137
7290000288079,false,סנו - ז'אוול אקונומיקה לימון 2 ליטר,"סנו מפעלי ברונוס בע""",IL,אקונומיקה JAVEL לימון 2 ליטר,ליטרים,2.00,ליטר,false,1,12.80,6.4000,true,1,121789
7290000288086,false,"סנו ז'אוול אבקת ואקונומיקה לימון 600 מ""ל",מיוצר עי קונדיטוריית,IL,חול לניקוי JAVEL אקונ600לימון,גרמים,600.00,100 גרם,false,1,10.90,1.8167,true,1,120138
7290000288109,false,"אבקת כביסה מקסימה אפקט ג''אוול 1.25 ק""ג סנו",סנו מפעלי ברונוס בעמ,IL,"אבקת כביסה קומפקט מקסימה 1.25 ק""ג",קילוגרמים,1.25,"ק""ג",false,1,14.90,11.9200,true,1,9509
7290000288253,false,"סנו K-400 חרקים וזבובים 630מ""ל",מיוצר עי קונדיטוריית,IL,"משמיד מעופפים K400 סמ""ק 630",מיליליטרים,630.00,"100 מ""ל",false,1,23.90,3.7937,true,1,120139
7290000288291,false,סנומט דוחה יתושים 30 טבליות,טרופיקל דגיל תעשיות,IT,סנומט לוחיות אידוי למכשיר חשמלי דוחה יתושים,Unknown,0.00,Unknown,false,1,13.90,0.0000,true,1,120140
7290000288307,false,סנו - מט מכשיר דוחה יתושים + טבליות,קריות זול,IT,סנומט דוחה יתושים חשמל+ טבליות,Unknown,0.00,Unknown,false,1,28.60,0.0000,true,1,120141
7290000288352,false,"סנו K-300 חרקים ונמלים 630מ""ל","סנו מפעלי ברונוס בע""",IL,K-300,מיליליטרים,630.00,"100 מ""ל",false,1,23.90,3.7937,true,1,120142
7290000288383,false,"סנו K-500 נמלים ותיקנים 630מ""ל",מיוצר עי קונדיטוריית,IL,"משמיד זוחלים K500 סנו 400 מ""ל",מיליליטרים,400.00,"100 מ""ל",false,1,23.90,5.9750,true,1,120143
7290000288413,false,"סנו - די רולאון דוחה יתושים 50 מ""ל",גוד פוד פרודקטס S.p,IL,"סנו די דוחה יתושים כדורי 50 מ""ל",מיליליטרים,50.00,"100 מ""ל",false,1,19.90,39.8000,true,1,120145
7290000288420,false,סנו די דוחה יתושיםספ,סנו מפעלי ברונוס בע',IL,סנו די דוחה יתושיםספריי 125 גרם,גרמים,125.00,100 גרם,false,1,19.90,15.9200,true,1,120146
7290000288642,false,סנו - מקסימה מרכך כביסה סנסטיב ורוד 4 ליטר,"סנו מפעלי ברונוס בע""",IL,מרכך 4 ליטר,ליטרים,4.00,ליטר,false,1,22.90,5.7250,true,1,120147
7290000288840,false,סנו - מים מזוקקים 2 ליטר,סנו,IL,מים מזוקקים 2 ליטר,ליטרים,2.00,ליטר,false,1,16.60,8.3000,true,1,10295
7290000289069,false,סנו - ז'אוול מרסס קצף ניקוי בתוספת אקונומיקה בריח לימון 1 ליטר,"סנו מפעלי ברונוס בע""",IL,קצף ניקוי JAVEL מרסס בריח לימון סנו 1 ל,ליטרים,1.00,ליטר,false,1,16.90,16.9000,true,1,120150
7290000289236,false,K3 נמלים פיתיון ג'ל - קוטל נמלים בבית ובחצר,"סנו מפעלי ברונוס בע""",IL,סנו K3 קוטל נמלים פיתיון ג'ל 12 גרם,יחידה,1.00,יחידה,false,1,49.90,49.9000,true,1,23923
7290000289472,false,סנו סושי שקיות 76*90 50 יח' XXL,מיוצר עי קונדיטוריית,IL,סושי 50 ש.אשפה גדולות במיוחד,לא מנהל יחידת מידה,0.00,לא מנהל יחידת מידה,false,1,22.70,0.0000,true,1,121576
7290000289496,false,"סנו - ז'אוול ג'ל קרם לניקוי כללי לימון 750 מ""ל",הורביץ סחר,IL,לניקוי כללי קרםJAVELלימון 750,מיליליטרים,750.00,"100 מ""ל",false,1,12.90,1.7200,true,1,9510
7290000289595,false,"אורביטול משחת שיניים לילדים בטעם תות שדה 145 מ""ל",טרופיקל דגיל תעשיות,IL,אורביטול משחת שיניים לילדים בטעם תות שדה,גרמים,145.00,100 גרם,false,1,9.90,6.8276,true,1,121875
7290000289601,false,סנו ז'אוול בריח לבנדר 2 ל',"סנו מפעלי ברונוס בע""",IL,אקונומיקה JAVEL לבנדר 2 ליטר,ליטרים,2.00,ליטר,false,1,12.80,6.4000,true,1,32216
7290000289748,false,"סנו פורטה פלוס מסיר שומנים לתנור 750מ""ל","סנו מפעלי ברונוס בע""",IL,סנו פורטה פלוס 750 מ''ל,מיליליטרים,750.00,"100 מ""ל",false,1,15.90,2.1200,true,1,120151
7290000291963,false,סנו ז'אוול סמיכה לימון 1 ל',סנו,IL,אקונומיקה סנו JAVEL סמיכה 1 ליטר,ליטרים,1.00,ליטר,false,1,8.90,8.9000,true,1,11506
7290000292007,false,K3 פיתיון ג'ל קוטל תיקנים (ג'וקים) בבית ובחצר,מיוצר עי קונדיטוריית,IL,סנו K3 פיתיון ג'ל קוטל תיקנים,גרמים,0.00,100 גרם,false,1,49.90,0.0000,true,1,13982
7290000292137,false,"סנו: נוזל ניקוי וטיפול במוצרי עור 500 מ""",מיוצר עי קונדיטוריית,IL,תחליב לניקוי ולטיפול במוצרי עור,מיליליטרים,500.00,"100 מ""ל",false,1,31.90,6.3800,true,1,120163
7290000292311,false,סנו פוליווקס לרצפות סחלבים 2ל',"סנו מפעלי ברונוס בע""",IL,פוליויקס מנקה ומבריק רצפות 2 ליטר שחלבים,ליטרים,2.00,ליטר,false,1,22.90,11.4500,true,1,11507
7290000292502,false,"k-800 קוטל נמלים 300מ""ל","סנו מפעלי ברונוס בע""",IL,סנו קוטל נמלים K800 300 מל,לא מנהל יחידת מידה,0.00,לא מנהל יחידת מידה,false,1,18.90,0.0000,true,1,9266
7290000292564,false,"סנו 2000-K דוחה חרקים ללא ריח 750 מ""ל",מיוצר עי קונדיטוריית,IL,תכשיר מיקרוקפסורי,מיליליטרים,750.00,"100 מ""ל",false,1,34.60,4.6133,true,1,120165
7290000292687,false,סנובון לאסלה כחול אפרסק נתלה 55X3ג',מיוצר עי קונדיטוריית,IL,"סנובון סבון אסלה כחול קלאסיק, 3 יחידות",גרמים,165.00,100 גרם,false,1,19.90,12.0606,true,1,120166
7290000292915,false,"סנו רסס ונגב אקדח 750מ""ל","סנו מפעלי ברונוס בע""",IL,"רסס ונגב לניקוי כללי 750 מ""ל",מיליליטרים,750.00,"100 מ""ל",false,1,13.90,1.8533,true,1,120167
7290000293073,false,מרכך כביסה מקסימה ביו לבן 4 ל' סנו,"סנו מפעלי ברונוס בע""",IL,מרכך 4 ליטר,ליטרים,4.00,ליטר,false,1,22.90,5.7250,true,1,120168
7290000293516,false,מתקן סופג לחות 340 ג,"סנו מפעלי ברונוס בע""",IL,סנו פרש סופג לחות ומונע עובש 340 גרם,גרמים,340.00,100 גרם,false,1,29.90,8.7941,true,1,120169
7290000293561,false,"סנו מסיר עובש 750 מ""ל","סנו מפעלי ברונוס בע""",IL,סנו מסיר עובש,מיליליטרים,750.00,"100 מ""ל",false,1,19.90,2.6533,true,1,120171
7290000293820,false,"קרמה מן שמפו וג'ל גל רחצה אקטיב בלוק 700מ""ל",קוסמופארם בעמ,IL,קרמה מן - CARBON POWER - גל רחצה אקטיב,לא מנהל יחידת מידה,0.00,לא מנהל יחידת מידה,false,1,18.90,0.0000,true,1,9278
7290000293837,false,"קרמה מן דאודורנט ג'ל אנטיפרספירנט 70 מ""ל",קוסמופארם בעמ,IL,קרמה מן דאודורנט ג'ל קרבון פאוור,לא מנהל יחידת מידה,0.00,לא מנהל יחידת מידה,false,,16.90,0.0000,true,1,9279
7290000293943,false,סנו אנטי קאלק מסיר אבנית וחלודה 1ל',מיוצר עי קונדיטוריית,IL,אנטי קאלק מסיר אבנית וחלודה לשימוש כללי 1 ליטר,ליטרים,1.00,ליטר,false,1,17.90,17.9000,true,1,120172
7290000294780,false,סנו - ז'אוול אקונומיקה סמיכה מבושמת 4 ליטר,"סנו מפעלי ברונוס בע""",IL,אקונומיקה סנו JAVEL סמיכה 4 ליטר,ליטרים,4.00,ליטר,false,1,16.90,4.2250,true,1,120174
7290000295299,false,כרית קרצוף יפניות סנו סושי 4 יח',סנו מפעלי ברונו בעמ,IL,כרית הפלא סנו סושי 4 יחידות,יחידה,1.00,יחידה,false,1,11.80,11.8000,true,1,9512
7290000295343,false,"אבקת כביסה מקסימה ביו 1.25 ק""ג סנו",קריות זול,IL,אבק.כביסה קומ MAXIMA ביו1.25קג,קילוגרמים,1.25,"ק""ג",false,1,14.90,11.9200,true,1,9514
7290000295367,false,"מקסימה ז'אוול 2.5ק""ג אבקת כביסה מרכז",הורביץ סחר,IL,"אבקת כביסה, אפקט JAVEL",קילוגרמים,2.50,"ק""ג",false,1,28.90,11.5600,true,1,120176
7290000295404,false,סנו סושי שקית אשפה חזקות 70*50 60 יח',מיוצר עי קונדיטוריית,IL,שקיות אשפה 54*65 סנו סושי 60 שקיות,לא מנהל יחידת מידה,0.00,לא מנהל יחידת מידה,false,1,23.70,0.0000,true,1,120177
7290000295503,false,סנו סושי שקיות אוכל מתכלות זוג *150 יח',אשפלסט תעשיות,CN,שקיות אוכל 19*25 סנו סושי 150 שקיות,לא מנהל יחידת מידה,0.00,לא מנהל יחידת מידה,false,1,14.90,0.0000,true,1,120178
7290000295541,false,סנו רב מגבת גמבו 75 דפים בגליל,מיוצר עי קונדיטוריית,IL,"סנו סושי, רב מגבת ג'מבו, 398 גרם",מטרים,2100.00,מטר,false,1,19.90,0.0095,true,1,120179
7290000295558,false,רדיד אלומיניום סנו סושי זוגי 30X7.5מ',מולינו ניקולי s.p.a,CN,"רדיד אלומיניום זוג 15 מ רוחב 30 ס""מ",מטרים,1500.00,מטר,false,1,12.90,0.0086,true,1,121749
7290000295572,false,"סנו מנקה אסלות 00 זוג * 750 מ""ל",מיוצר עי קונדיטוריית,IL,"מנקה אסלות 00 זוג סנו 750 מ""ל",ליטרים,1.50,ליטר,false,1,17.90,11.9333,true,1,120180
7290000295589,false,בייבי כיף טלק 200 גרם,מייצר :אשבל בע''מ .,IL,טלק בייבי כיף לתנוק,גרמים,200.00,100 גרם,false,1,13.90,6.9500,true,1,122526
7290000295824,false,סנו סושי רדיד אלומיניום 100 מ',מולינו ניקולי s.p.a,IL,רדיד אלומיניום 100 מטר רוחב30ס,מטרים,10000.00,מטר,false,1,59.90,0.0060,true,1,10308
7290000300900,false,טבעול שניצל תירס 8*750גרם רכיבים טבעיים,עיצובים 2020 (4.8),IL,שניצל תירס טבעול 750 גרם,גרמים,750.00,100 גרם,false,1,29.90,3.9867,true,1,120193
7290000302027,false,סיגריות טיים אדום פא,דובק,,סיגריות טיים רד פקט 10 יח,לא מנהל יחידת מידה,0.00,לא מנהל יחידת מידה,false,1,285.00,0.0000,false,1,120202
7290000302225,false,סיגריות נובלס פילטר,דובק,,סיגריות נובלס פילטר פקט 10 יח,יחידה,1.00,יחידה,false,1,285.00,285.0000,false,1,120216
7290000311128,false,עוגיות מן חמאה 300 גרם,תות ממתקי איכות,IL,עוגיות מובחרות בטעם חמאה,גרמים,300.00,100 גרם,false,1,8.50,2.8333,true,1,8506
7290000311203,false,וופלים מן שוקולד 200 גר,תות ממתקי איכות,IL,ופלים מן בטעם שוקולד 200 גרם,גרמים,200.00,100 גרם,false,1,5.50,2.7500,true,1,120260
7290000311425,false,מאגדת מן וופל מצופה כחול -עשירה 24*10,תות ממתקי איכות,IL,מאגדת ופל מצופה כחול-עשיריה,גרמים,220.00,100 גרם,false,1,9.90,4.5000,true,1,17799
7290000311708,false,עוגיות מן חיטה מלאה 300 גרם,תות ממתקי איכות,IL,"מן, עוגיות חיטה מלאה עם סיבים תזונתיים 300 גרם",גרמים,300.00,100 גרם,false,1,8.50,2.8333,true,1,8470
7290000311715,false,עוגיות בטעם שוקו מן 300 גר,תות ממתקי איכות,IL,"מן, עוגיות כוכבים בטעם שוקולד 300 גרם",גרמים,300.00,100 גרם,false,1,8.50,2.8333,true,1,8471
7290000311722,false,עוגיות מן כוכבים וניל 300 גר',תות ממתקי איכות,IL,"מן, עוגיות כוכבים בטעם וניל 300 גרם",גרמים,300.00,100 גרם,false,1,8.50,2.8333,true,1,8472
7290000311869,false,מן-וופלים בטעם שוק ללא תוספת סוכר 180ג,תות ממתקי איכות,IL,ופל מן ללא סוכר 180 גרם,גרמים,180.00,100 גרם,false,1,9.90,5.5000,true,1,8582
7290000311890,false,ופל בטעם לימון ללא סוכר 180 גר',"רוקחמן בע""מ",IL,וופל מן ללא סוכר לימון 180גרם,גרמים,180.00,100 גרם,false,1,9.90,5.5000,true,1,37708
7290000313160,false,עוגיות חברים זהבה ו-3 הדובים שוקו' אסם 250 גר',היינץ צפון אמריקה מק,IL,עוגיות ביסקוויט זהבה ו 3 הדובים 250 גרם,גרמים,250.00,100 גרם,false,1,9.70,3.8800,true,1,121750
7290000313290,false,אסם נודלס נודלס אטריות מסולסלות 200גר,תאי פרזידנט פוד בנגק,TH,אסם נודלס אטריות מסולסלות 12*200גרם,גרמים,200.00,100 גרם,false,1,10.90,5.4500,true,1,120270
7290000315126,false,קנור ציר עוף משפחתי,יוניליוור ישראל מזון,IL,קנור ציר עוף 300 גרם,גרמים,300.00,100 גרם,false,1,30.60,10.2000,true,1,122552
7290000315133,false,קנור ציר בקר משפחתי,יוניליוור ישראל מזון,IL,קנור ציר בקר 300 גרם,גרמים,300.00,100 גרם,false,1,30.60,10.2000,true,1,122553
7290000318103,false,פסטרמה -ברביקיו יחיע,מעדני יחיעם,IL,פסטרמה ברביקיו,קילוגרמים,1.00,"ק""ג",true,,79.00,79.0000,true,1,120275
7290000318127,false,נקניקיות ביס 380 ג' יחיעם,מעדני יחיעם 1993,IL,יחיעם נקניקיות ביס 380 גרם,גרמים,380.00,100 גרם,false,1,12.90,3.3947,true,1,120276
7290000318165,false,פסטרמה אמיתית צלויה,מעדני יחיעם,IL,"פסטרמה אמיתית צלויה על גחלים לק""ג",קילוגרמים,1.00,"ק""ג",true,,79.00,79.0000,true,1,120277
7290000318288,false,פסט.הודו בדבש יחיעם,,,"פסטרמה בדבש לק""ג",קילוגרמים,1.00,"ק""ג",true,,78.00,78.0000,true,1,122364
7290000318479,false,פרושטו בקר יחיעם 100גר,תאי פרזידנט פוד פאבל,IL,"יחיעם, פרושוטו , 100 גרם",גרמים,100.00,100 גרם,false,1,25.90,25.9000,true,1,122274
7290000318493,false,כתףבקר מפולפליחיעם מ,מעדני יחיעם,IL,"כתף בקר מפולפל לק""ג",קילוגרמים,1.00,"ק""ג",true,,119.00,119.0000,true,1,122954
7290000318530,false,צלי בקר רוסטביף יחיע,מעדני יחיעם,IL,"צלי בקר רוסטביף ק""ג",קילוגרמים,1.00,"ק""ג",true,,119.00,119.0000,true,1,120279
7290000318677,false,סלמי סרוולט 150 ג' יחיעם,מעדני יחיעם 1993,IL,סלמי סרוולט,גרמים,150.00,100 גרם,false,1,25.90,17.2667,true,1,123006
7290000318707,false,סלמי מעושן 500 ג' יחיעם,מעדני יחיעם 1993,IL,יחיעם סלמי מעושן 500 גרם,גרמים,500.00,100 גרם,false,1,35.20,7.0400,true,1,120281
7290000318806,false,סלמי סרוולט מעדנ.יחי,מעדני יחיעם,IL,"סלמי סרוולד לק""ג",קילוגרמים,1.00,"ק""ג",true,,148.00,148.0000,true,1,120282
7290000318837,false,קורנדביףבקר מעדנ.יחי,מעדני יחיעם,IL,"קורנדביף פסטרמי בקר לק""ג",קילוגרמים,1.00,"ק""ג",true,,119.00,119.0000,true,1,120283
7290000318851,false,סלמי קונייאק יחיעם,מעדני יחיעם,IL,סלמי קוניאק לקג,קילוגרמים,1.00,"ק""ג",true,,59.00,59.0000,true,1,120284
7290000318868,false,סלמי פפרוני יחיעם,מעדני יחיעם,IL,סלמי פפרוני לקג,קילוגרמים,1.00,"ק""ג",true,,59.00,59.0000,true,1,121530
7290000318882,false,נקניק מעושן איטלקי י,מעדני יחיעם,IL,מעושן איטלקי לקג,קילוגרמים,1.00,"ק""ג",true,,59.00,59.0000,true,1,120285
7290000318929,false,סלמי צרפתי יחיעם מעד,מעדני יחיעם,IL,סלמי צרפתי לקג,קילוגרמים,1.00,"ק""ג",true,,148.00,148.0000,true,1,120287
7290000318943,false,פסטרמה של פעם יחיעם,תאי פרזידנט פוד פאבל,IL,"יחיעם, פסטרמה של פעם, 200 גרם",גרמים,200.00,100 גרם,false,1,24.90,12.4500,true,1,123007
7290000319063,false,כתף בקר מפולפל יחיעם,מעדני יחיעם,IL,כתף בקר מפולפל 150 גרם,גרמים,150.00,100 גרם,false,1,25.90,17.2667,true,1,139053
7290000319124,false,סלמי סרוולד יחיעם 25,מעדני יחיעם 1993,IL,סלמי סרוולד יחיעם 250 גרם,גרמים,250.00,100 גרם,false,1,33.90,13.5600,true,1,120288
7290000319131,false,נקניקיות עוף 400 ג' יחיעם,מעדני יחיעם 1993,IL,נקניקיות עוף 400 גר יחיעם,גרמים,400.00,100 גרם,false,1,11.90,2.9750,true,1,120289
7290000319339,false,סלמי פרח יחיעם,מעדני יחיעם,IL,סלמי פרח לקג,קילוגרמים,1.00,"ק""ג",true,,100.00,100.0000,true,1,125369
7290000319520,false,סאלמי צרפתי יחיעם 10,מעדני יחיעם 1993,IL,סלמי צרפתי 100 גרם יחיעם,גרמים,100.00,100 גרם,false,1,22.90,22.9000,true,1,122275
7290000319704,false,נקניק כתף בקר מעושן,מעדני יחיעם,IL,"כתף בקר מעושן לק""ג",קילוגרמים,1.00,"ק""ג",true,,119.00,119.0000,true,1,120290
7290000319728,false,סלמי איטלקי מפולפל י,מעדני יחיעם,IL,"איטלקי מפולפל לק""ג",קילוגרמים,1.00,"ק""ג",true,,59.00,59.0000,true,1,121832
7290000319759,false,סלמי תה יחיעם מעדניה,מעדני יחיעם,IL,סלמי תה לקג,קילוגרמים,1.00,"ק""ג",true,,39.90,39.9000,true,1,126681
7290000319803,false,קבנוס קלאסי 125 ג' יחיעם,תאי פרזידנט פוד פאבל,IL,"יחיעם, קבנוס קלאסי 125 גרם",גרמים,125.00,100 גרם,false,1,12.90,10.3200,true,1,127450
7290000319834,false,קבנוס פפרוני 125 ג' יחיעם,תאי פרזידנט פוד פאבל,IL,"יחיעם, קבנוס פפרוני , 125 גרם",גרמים,125.00,100 גרם,false,1,12.90,10.3200,true,1,127407
7290000319971,false,צלעות בקר על האש יחי,יושלם,,"צלעות בקר על האש לק""ג",קילוגרמים,1.00,"ק""ג",true,,119.00,119.0000,true,1,125743
7290000327020,false,"מארז פפסי פחית צרה 330 מ""ל*6 יח'",מודרן גרופ משקאות בע,IL,פפסי פחית צרה 330 שישייה,ליטרים,1.98,ליטר,false,6,22.90,11.5657,true,1,35886
7290000327037,false,"מארז מירינדה פחית צרה 330 מ""ל*6 יח'",מודרן גרופ משקאות בע,IL,מירינדה פחית צרה 330 שישייה,ליטרים,1.98,ליטר,false,6,22.90,11.5657,true,1,35885
7290000327044,false,"מארז סבן אפ פחית צרה 330 מ""ל*6 יח'",מודרן גרופ משקאות בע,IL,סבן אפ פחית צרה 330 שיישיה,ליטרים,1.98,ליטר,false,6,22.90,11.5657,true,1,35887
7290000334042,false,"צ'יפס טוגן תפוגן 2 ק""ג","תעשיות תפוגן בע""מ",IL,תפוגן טוגן 6*2קג,קילוגרמים,2.00,"ק""ג",false,1,28.90,14.4500,true,1,123064
7290000334745,false,"אמריקאן צ'יפס תפוגן 1.5 ק""ג","תעשיות תפוגן בע""מ",IL,תפוגן אמריקן צ'יפס 6*1.5קג,קילוגרמים,1.50,"ק""ג",false,1,26.90,17.9333,true,1,17626
7290000336282,false,"סיידר תפוח צלול בבקבוק 330 מ""ל",טמפו משקאות בעמ,IL,סיידר תפוח צלול 330 בקבוק,מיליליטרים,330.00,"100 מ""ל",false,1,8.50,2.5758,true,1,121603
7290000339191,false,אבקת הלבנה רן ללא כל,קריות זול,IL,אבקת הלבנה רן מלבין ומחטא כביסה ללא כלור בדין,גרמים,350.00,100 גרם,false,1,22.70,6.4857,true,1,120327
7290000339566,false,מרכך כביסה ורוד 4 ל' בדין,יוניליור ישראל טיפוח,IL,מרכך כביסה בדין ורוד,ליטרים,4.00,ליטר,false,1,24.90,6.2250,true,1,120328
7290000341071,false,בדין - מרכך כביסה בייבי לבן 2 ליטר,יוניליוור ישראל טיפו,IL,בדין מרכך כביסה בייבי 2 ליטר,ליטרים,2.00,ליטר,false,1,20.70,10.3500,true,1,120332
7290000342856,false,מרכך כביסה כחול 4 ל' בדין,יוניליור ישראל טיפוח,IL,מרכך כביסה בדין כחול,ליטרים,4.00,ליטר,false,1,24.90,6.2250,true,1,120339
7290000345048,false,תה ויסוצקי 74 - 125ג',HIQ FOOD PRODUCTS,IL,"תה ""74""ויסוצקי 125 גרם",גרמים,125.00,100 גרם,false,1,13.90,11.1200,true,1,120348
7290000345055,false,תה ויסוצקי ארל גריי 100 ג',מולינו ניקולי s.p.a,IL,ארל גריי 100גרם,גרמים,100.00,100 גרם,false,1,14.90,14.9000,true,1,120349
7290000345147,false,תה ארל גריי בפח 200 ג' ויסוצקי,מולינו ניקולי s.p.a,IL,ארל גריי פח 200גרם,גרמים,200.00,100 גרם,false,1,37.90,18.9500,true,1,120354
7290000345208,false,תה ויסוצקי קלאסיק מעודן 25X1.0יח',קריות זול,IL,-25/1תה מעודן,גרמים,25.00,100 גרם,false,1,8.40,33.6000,true,1,120355
7290000345215,false,תה ויסוצקי קלאסיק 100/1 כחול מעודן,מולינו ניקולי s.p.a,IL,תה קלאסיק כחול 1 גרם 100 שקיקים,גרמים,100.00,100 גרם,false,1,22.90,22.9000,true,1,120356
7290000345260,false,תה ויסוצקי קלאסיק 25X1.50יח',מולינו ניקולי s.p.a,IL,תה קלאסיק 1.5 גרם 25 שקיקים,גרמים,37.00,100 גרם,false,1,8.10,21.8919,true,1,120357
7290000345277,false,תה ויסוצקי קלאסיק 50,מולינו ניקולי s.p.a,IL,50/1.5במעטפה,גרמים,75.00,100 גרם,false,1,15.90,21.2000,true,1,120358
7290000345284,false,תה ויסוצקי קלאסיק טעם עשיר 100/1.5יח',מולינו ניקולי s.p.a,IL,100/1.5במעטפה,יחידה,1.00,יחידה,false,1,17.90,17.9000,true,1,120359
7290000345291,false,תה ארל גריי 25 שקיקים ויסוצקי,קריות זול,IL,ארל גריי TEAR TAPE - 25,גרמים,38.00,100 גרם,false,1,17.70,46.5789,true,1,120360
7290000345307,false,תה ארל גריי 50 שקיקים ויסוצקי,מולינו ניקולי s.p.a,IL,50/1.5א.ג - TEAR TAPE,גרמים,75.00,100 גרם,false,1,29.90,39.8667,true,1,120361
7290000345536,false,תה נענע 25 שקיקים *1.5 ג',מולינו ניקולי s.p.a,IL,תה נענע,גרמים,37.00,100 גרם,false,1,18.90,51.0811,true,1,120362
7290000346021,false,תה הגן הקסום קמומיל 50יח',בית ויסוצקי,IL,הגן הקסום חליטת קמומיל בבונג 50 75 גר,גרמים,75.00,100 גרם,false,1,33.90,45.2000,true,1,121972
7290000346120,false,תה ויסוצקי חליטת קסם הקינמון 25יח',קריות זול,IL,קסם הקינמון-הגן הקסום,גרמים,62.00,100 גרם,false,1,19.90,32.0968,true,1,120369
7290000346137,false,תה הגן הקסום הילולי פירות 25 שקיקים,קריות זול,IL,"הילולי פירות-""הגן הקסום """,גרמים,62.00,100 גרם,false,1,19.90,32.0968,true,1,120370
7290000346168,false,תה ויסוצקי חליטת שומר הגן הקסום 25יח',קריות זול,IL,חליטת שומר - הגן הקסום,גרמים,37.00,100 גרם,false,1,19.90,53.7838,true,1,122280
7290000346199,false,תה הגן הקסום תה פירות יער 25 יח',קריות זול,IL,"פירות היער-""הגן הקסום """,גרמים,67.00,100 גרם,false,1,19.90,29.7015,true,1,120372
7290000346205,false,תה הגן הקסום תה קמומיל 25 יח',קריות זול,IL,"קמומיל-""הגן הקסוםC24 ?",גרמים,37.00,100 גרם,false,1,19.90,53.7838,true,1,120373
7290000346212,false,תה מנטה הגן הקסום 25 שקיקים,HIQ FOOD PRODUCTS,IL,"מנטה-""הגן הקסום """,גרמים,50.00,100 גרם,false,1,19.90,39.8000,true,1,120374
7290000346236,false,תה הגן הקסום לואיזה ורבנה 25יח',ויסוצקי,IL,"לואיזה (ורבנה)""גן-קסום """,גרמים,50.00,100 גרם,false,1,19.90,39.8000,true,1,21083
7290000346960,false,תה ויסוצקי נענע 1.7 גרם 50יח',בית ויסוצקי,IL,"ויסוצקי תה נענע , אריזה משפחתית 85 גרם",גרמים,75.00,100 גרם,false,1,31.90,42.5333,true,1,120376
7290000347738,false,תה ירוק נענע 25 שקיקים 1.5 גרם,קריות זול,IL,תה ירוק עם נענע T.T,גרמים,37.00,100 גרם,false,1,25.90,70.0000,true,1,120377
7290000347752,false,תה ירוק לימונית ולואיזה 25 שקיקים *1.5 ג'' ויסוצקי,קריות זול,IL,תה ירוק עם לימונית/לואיזה T.T,גרמים,37.00,100 גרם,false,1,25.90,70.0000,true,1,120378
7290000363011,false,סלמי קוניאק טירת צבי,הנסיך- מפעל לייצור ט,IL,"טירת צבי, סלמי קוניאק ק""ג",קילוגרמים,1.00,"ק""ג",true,,87.00,87.0000,true,1,120401
7290000363202,false,סלמי גליל טירת צבי 700 ג',הנסיך- מפעל לייצור ט,IL,סלמי גליל מעושן נקניק מעושן חצי יבש 600 גרם,גרמים,600.00,100 גרם,false,1,38.90,6.4833,true,1,17532
7290000363400,false,סלמי פפרוני טירת צבי,הנסיך- מפעל לייצור ט,IL,"טירת צבי, סלמי פפרוני ק""ג",קילוגרמים,1.00,"ק""ג",true,,87.00,87.0000,true,1,8865
7290000363462,false,סלמי מעושן איטלקי טי,טירת צבי,IL,"סלמי מעושן איטלקי לק""ג",קילוגרמים,1.00,"ק""ג",true,,87.00,87.0000,true,1,120403
7290000363486,false,נקניק תה טירת צבי מע,טירת צבי,IL,"סלמי תה לק""ג",קילוגרמים,1.00,"ק""ג",true,,59.00,59.0000,true,1,120404
7290000364261,false,דקניקים סלסולי כתף בקר 120 ג' טירת צבי,הנסיך- מפעל לייצור ט,IL,דקניקים סלסולי כתף בקר 120 גרם,גרמים,120.00,100 גרם,false,1,15.90,13.2500,true,1,124077
7290000364278,false,דקניקים סילסולי סלמי איטלקי 120 ג' טירת צבי,הנסיך- מפעל לייצור ט,IL,דקניקים סלסולי סלמי איטלקי משובח 120 גרם,גרמים,120.00,100 גרם,false,1,15.90,13.2500,true,1,124078
7290000364285,false,דקניקים סלסולי פסטרמה הודו 120 ג' טירת צבי,הנסיך- מפעל לייצור ט,IL,דקניקים סלסולי פסטרמה הודו 120 גרם,גרמים,120.00,100 גרם,false,1,15.90,13.2500,true,1,124079
7290000364292,false,דקניקים סלסולי פסטרמה הודו על גחלים 120 ג' טירת צבי,הנסיך- מפעל לייצור ט,IL,דקניקים סלסולי פסטרמה גחלים 120 גרם,גרמים,120.00,100 גרם,false,1,15.90,13.2500,true,1,124360
7290000364759,false,נקניקיות וינר קרנץ טירת צבי 500 ג',הנסיך- מפעל לייצור ט,IL,נקניקיות וינר 500 גרם,גרמים,500.00,100 גרם,false,1,19.50,3.9000,true,1,120408
7290000364803,false,נקניקיות קרנץ אמריקאי טירת צבי 500 ג',הנסיך- מפעל לייצור ט,IL,"טירת צבי, נקניקיות בקר בסגנון אמריקאי, 500 גרם",גרמים,500.00,100 גרם,false,1,29.90,5.9800,true,1,120412
7290000364810,false,נקנקיות עגל טירת צבי 500 ג',הנסיך- מפעל לייצור ט,IL,נקניקיות עגל 500 גרם,גרמים,500.00,100 גרם,false,1,31.60,6.3200,true,1,121905
7290000364858,false,"נקניקיות עוף טרי 1 ק""ג טירת צבי",הנסיך- מפעל לייצור ט,IL,"טירת צבי - נקניקיות עוף 1 ק""ג",קילוגרמים,1.00,"ק""ג",false,1,29.90,29.9000,true,1,120418
7290000364872,false,נקניקיות עוף טירת צבי 400 ג',טיב טירת צבי 2000,IL,נקניקיות עוף 400 גרם,גרמים,400.00,100 גרם,false,1,13.90,3.4750,true,1,120419
7290000365046,false,פסטרמה כתף בקר מעושן,טירת צבי,IL,"כתף בקר מעושן לק""ג",קילוגרמים,1.00,"ק""ג",true,,112.00,112.0000,true,1,122681
7290000365107,false,כתף בקר מפולפל במשקל,טירת צבי,IL,כתף בקר מפולפל במשקל,קילוגרמים,1.00,"ק""ג",true,,110.00,110.0000,true,1,123326
7290000365299,false,רוסטביף אמיתי,טירת צבי,,"רוסטביף אמיתי לק""ג",קילוגרמים,1.00,"ק""ג",true,,142.90,142.9000,true,1,121871
7290000365398,false,פסטרמה חזה הודו בדבש,טירת צבי,IL,"חזה הודו בדבש לק""ג",קילוגרמים,1.00,"ק""ג",true,,79.00,79.0000,true,1,120423
7290000365749,false,נקניק פסטרמה 2 טבעית,טירת צבי,IL,פסטרמה הודו מעושנת דלת שומן קג,קילוגרמים,1.00,"ק""ג",true,,87.00,87.0000,true,1,9519
7290000365909,false,פסטרמה הודו מעושנת ט,טירת צבי,IL,"פסטרמה הודו מעושנת לק""ג",קילוגרמים,1.00,"ק""ג",true,,79.00,79.0000,true,1,120425
7290000365954,false,פסטרמה הודו גחלים טי,טירת צבי,IL,"פסטרמה על גחלים לק""ג",קילוגרמים,1.00,"ק""ג",true,,79.00,79.0000,true,1,120426
7290000367590,false,צמד כפרי סלמי+פסטרמה 800 גרם טירת צבי,טיב טירת צבי 2000,IL,צמד כפרי פסטרמה סלמי טירת צבי 800 גרם,גרמים,800.00,100 גרם,false,1,30.90,3.8625,true,1,120430
7290000369037,false,סלט קוביות בולגרית 200 ג' ניצן,נטורל קייקס,IL,סלט קוביות בולגרית 200 גרם,גרמים,200.00,100 גרם,false,1,17.90,8.9500,true,1,122817
7290000369297,false,מעדן עגבניות מיובשות,יושלם,,מעדן עגבניות מיובשות וגבינה קג,קילוגרמים,1.00,"ק""ג",true,,49.00,49.0000,true,1,18924
7290000369341,false,לאבנה אבו גוש ניצן מ,יושלם,,"לבנה אבו גוש ירוק 1 ק""ג",קילוגרמים,1.00,"ק""ג",true,,49.00,49.0000,true,1,123033
7290000369365,false,גבינה בולגרית למריחה,"ניצן מותגי מזון בע""מ",,גבינה בולגרית למריחה וחציל 200 גרם,גרמים,200.00,100 גרם,false,1,14.40,7.2000,true,1,122809
7290000369617,false,כדורי מעדן גבינה בשמן 225 ג' ניצן,"ניצן מותגי מזון בע""מ",IL,כדורי גבינת פטה בשמן 150 גרם,גרמים,150.00,100 גרם,false,1,19.70,13.1333,true,1,122808
7290000369709,false,ממרח חמאה בטעם שום 1,"ניצן מותגי מזון בע""מ",,חמאה מתובלת 100 גרם,גרמים,100.00,100 גרם,false,1,13.40,13.4000,true,1,122804
7290000377209,false,בוטנים מטוגנים קליית,"ג'י אנד ג'י בע""מ",IL,בוטנים מטוגנים קליית גת 200 גרם,גרמים,200.00,100 גרם,false,1,7.90,3.9500,true,1,121661
7290000377445,false,נש צאנס קלית גת 200 גר',"ג'י אנד ג'י בע""מ",IL,נש צ'אנס 200 גר' ב 12,גרמים,200.00,100 גרם,false,1,8.90,4.4500,true,1,121662
7290000377452,false,גרעיני אבטיח קלית גת 200 ג',הדקלאים אגודת שיתופי,IL,גרעיני אבטיח שק'200 גר',גרמים,200.00,100 גרם,false,1,11.90,5.9500,true,1,121521
7290000377612,false,"מיץ סחוט תפוזים פריגת 400 מ""ל",גת גבעת חיים,IL,פריגת סחוט תפוזים קלאסי,מיליליטרים,400.00,"100 מ""ל",false,1,9.50,2.3750,true,1,120432
7290000408316,false,דנונה ביו יוגורט טבעי 3% 200 ג',מיוצר עי קונדיטוריית,IL,דנונה ביו 3% 200 גרם,גרמים,200.00,100 גרם,false,1,3.70,1.8500,true,1,120508
7290000408354,false,יוגורט עם אורז מצופה שוקולד קקאו 175 ג' דנונה,"שטראוס בריאות בע""מ",IL,בר דנונה פצפוצים,גרמים,175.00,100 גרם,false,1,4.80,2.7429,true,1,120509
7290000412481,false,סנו - מנקה אסלות 00 1 ליטר,מיוצר עי קונדיטוריית,IL,מנקה אסלות 00 סנו 1 ליטר,ליטרים,1.00,ליטר,false,1,8.90,8.9000,true,1,120530
7290000416021,false,ממרח שוקולד השחר חלבי 500 גר',השחר העולה,IL,ממרח השחר העולה חלבי 500 גרם,גרמים,500.00,100 גרם,false,1,13.90,2.7800,true,1,120562
7290000416045,false,ממרח שוקולד השחר דלי,השחר העולה,IL,ממרח שוקולד השחר דלי1 קג,קילוגרמים,1.00,"ק""ג",false,1,25.90,25.9000,true,1,121524
7290000416618,false,"ממרח שוקולד השחר פרווה בד""צ 400 גר'",השחר העולה בעמ,IL,ממרח שוקולד השחר 400 גרם,גרמים,400.00,100 גרם,false,1,13.50,3.3750,true,1,120563
7290000419893,false,לנדוור חזק - קפה טחון טורקי 100 גרם,מולינו ניקולי s.p.a,IL,לנדוור לבוקר טחון טורקי 100גרם,גרמים,100.00,100 גרם,false,1,8.90,8.9000,true,1,123319
7290000419909,false,לנדוור לבוקר - קפה טחון טורקי 100 גרם,מולינו ניקולי s.p.a,IL,לנדוור חזק קפה טחון טורקי 100גרם,גרמים,100.00,100 גרם,false,1,8.90,8.9000,true,1,123320
7290000420325,false,פופ קורן טבעי למיקרוגל 5 יח',קריות זול,US,"פופסטאר פופקורן למקירוגל בטעם טבעי 5 שקיות,500 גרם",גרמים,500.00,100 גרם,false,1,13.90,2.7800,true,1,120573
7290000420332,false,פופ קורן חמאה למיקרוגל 5יח',קריות זול,US,פופקורן פופ סטאר חמאה 500 גרם,גרמים,500.00,100 גרם,false,1,13.90,2.7800,true,1,120574
7290000420417,false,גלילונית שקיות אשפה 50*70 - 60 יח',"איטיליאן פוד, אס.פי.",TH,שקיות אשפה 52*65 גלילונית 60 שקיות,לא מנהל יחידת מידה,0.00,לא מנהל יחידת מידה,false,1,21.90,0.0000,true,1,120575
7290000430102,false,"שקיות קרח 2 ק""ג ""מר אייס""",אייס קיוב,,קוביות קרח בשקית,יחידה,1.00,יחידה,false,1,14.90,14.9000,true,1,121665
7290000446547,false,חמאת בוטנים טבעית ללא סוכר 350גר,בטר אנד דיפרנט B&D,IL,B&D חמאת בוטנים טבעית 350גרם,גרמים,350.00,100 גרם,false,1,14.90,4.2571,true,1,121834
7290000450209,false,נתחי טונה פוסידון בשמן 110 ג',"מיוצר עי וליגר בעמ,",IL,פוסידון נתחי טונה בהירה בשמן 108 גרם,גרמים,108.00,100 גרם,false,1,5.90,5.4630,true,1,120629
7290000453019,false,שמרים טריים לאפייה שקית שמרית 50 ג',"פאקא תעשיות בע""מ",IL,שמרית שמרים טריים לאפייה 50 גרם,גרמים,50.00,100 גרם,false,1,4.90,9.8000,true,1,120631
7290000453200,false,בלילה להכנת פנקייק עם רכיבים ביתיים,"פאקא תעשיות בע""מ",DE,בלילה לפנקייק שמרית 750 גרם,גרמים,750.00,100 גרם,false,1,22.90,3.0533,true,1,19196
7290000453309,false,בצק פיצה ללא גלוטן תמי 230 גרם,תמי,IL,בצק פיצה תמי ללג 230גרם,גרמים,230.00,100 גרם,false,1,21.90,9.5217,true,1,33482
7290000453316,false,בצק עלים ללא גלוטן תמי 280 גרם,תמי,IL,בצק עלים תמי ללג 280גרם,גרמים,280.00,100 גרם,false,1,21.90,7.8214,true,1,33481
7290000453323,false,קמח תמי עמילן חיטה ל,תמי,IL,קמח תמי עמילן חיטה ללא גלוטן 500 גרם,גרמים,500.00,100 גרם,false,1,18.90,3.7800,true,1,35997
7290000453408,false,בצק פיצה דק מצונן ומוכן לאפייה שמרית,"פאקא תעשיות בע""מ",GR,בצק פיצה דק מצונן ומוכן לאפייה - שמרית,גרמים,150.00,100 גרם,false,1,17.90,11.9333,true,1,20830
7290000453415,false,בצק עלים מצונן ומוכן לאפייה שמרית,"פאקא תעשיות בע""מ",FR,בצק עלים מצונן ומוכן לאפייה - שמרית,גרמים,150.00,100 גרם,false,1,17.90,11.9333,true,1,20828
7290000453422,false,בצק פילו מצונן ומרודד מוכן לאפיה,"פאקא תעשיות בע""מ",GR,בצק פילו מוכן לאפייה - שמרית,גרמים,150.00,100 גרם,false,1,17.90,11.9333,true,1,20829
7290000453446,false,פיצה קראסט בצק שמרים מצונן להכנת פיצה ופוקצ'ה,שטראוס,IL,פיצה קראסט שימרית 500גרם,גרמים,500.00,100 גרם,false,1,19.90,3.9800,true,1,36346
7290000453798,false,שמרים יבשים אקטיביים שימרית 500 ג',"גי' בי' רכיבים בע""מ",,שמרים אקטביים 500 גרם,גרמים,500.00,100 גרם,false,1,15.90,3.1800,true,1,128128
7290000453880,false,"מרגרינה לל""מ לאפיה ובישול שימרית 200 ג'","פאקא תעשיות בע""מ",IL,מרגרינה ללא מלח לאפייה ובישול 200 גרם,גרמים,200.00,100 גרם,false,1,5.90,2.9500,true,1,128131
7290000453897,false,מרגרינה בטעם חמאה שימרית 200 ג',גרונבאנג- גרונדנסק א,IL,מרגרינה שמרית בטעם חמאה ללא שומן מוקשה 200 גרם,גרמים,200.00,100 גרם,false,1,5.90,2.9500,true,1,18272
7290000461625,false,בייגלה שמיניות מלח בייגל בייגל 400 ג',בייגל את בייגל מזון,IL,כעכים עם מלח בייגל בייגל,גרמים,400.00,100 גרם,false,1,11.90,2.9750,true,1,120648
7290000461700,false,בייגלה שמיניות גדולו,בייגל את בייגל מזון,IL,כעכים גדולים עם מלח בייגל בייגל,גרמים,400.00,100 גרם,false,1,15.20,3.8000,true,1,120650
7290000461724,false,בייגלה גדול גדול שומשום 400 ג',אתר בייגל - Food,IL,כעכים גדולים עם שומשום בייגל בייגל -,גרמים,400.00,100 גרם,false,1,15.20,3.8000,true,1,120651
7290000461793,false,בייגלה ארוך ארוך סידרה ירוקה 200גר,בייגל את בייגל מזון,IL,כעכים בצורת מקלות עם מלח בייגל בייגל,גרמים,150.00,100 גרם,false,1,7.90,5.2667,true,1,120652
7290000462172,false,סחוג ירוק חריף מאוד מ.ירוק 150 גרם,קריניסה ויטמין אס אי,IL,זחוק זהבי ירוק חריף 150 גרם,גרמים,150.00,100 גרם,false,1,9.90,6.6000,true,1,120656
7290000467153,false,צבר חומוס סמיר הגדול 400גר,סלטי צבר,IL,צבר חומוס סמיר הגדול 6*400גרם,גרמים,400.00,100 גרם,false,1,14.90,3.7250,true,1,126299
7290000467511,false,ביסלי חטיף ברביקיו אסם 55 ג',"אסם השקעות בע""מ",IL,ביסלי ברביקיו 55 גרם,גרמים,55.00,100 גרם,false,1,4.00,7.2727,true,1,126540
7290000467887,false,ביסלי חטיף פיצה אסם 55 ג',"אסם השקעות בע""מ",IL,ביסלי פיצה 55 גרם,גרמים,55.00,100 גרם,false,1,4.00,7.2727,true,1,126541
7290000468747,false,ביסלי חטיף גריל אסם 55 ג',"אסם השקעות בע""מ",IL,ביסלי גריל 55 גרם,גרמים,55.00,100 גרם,false,1,4.00,7.2727,true,1,126542
7290000468877,false,ביסלי בטעם בצל 55 ג' אסם,"אסם השקעות בע""מ",IL,ביסלי בצל 55 גרם,גרמים,55.00,100 גרם,false,1,4.00,7.2727,true,1,126543
7290000469638,false,"מריטו ספריי גיהוץ קל 500 מ""ל",בולטון מניטובה,IT,לגיהוץ מריטו ספריי 500 סמק,מיליליטרים,500.00,"100 מ""ל",false,1,22.70,4.5400,true,1,120682
7290000474090,false,חלב הומוגני 1% קרטון טרה 1ל',מילקו תעשיות בעמ,IL,"חלב בקרטון 1%- 1 ליטר בד""צ",ליטרים,1.00,ליטר,false,1,5.86,5.8600,true,1,120690
7290000474502,false,גבינה לבנה 5% 250ג' טרה מהדרין,קריות זול,IL,גבינה לבנה 5% פיקוח 250 גרם,גרמים,250.00,100 גרם,false,1,4.98,1.9920,true,1,120693
7290000474540,false,גבינה טוב טעם 3% טרה 250ג' מהדרין,קריות זול,IL,"טרה, טוב טעם, גבינה לבנה 3% , 250 גרם",גרמים,250.00,100 גרם,false,1,12.90,5.1600,true,1,120694
7290000474830,false,גבינה צהובה מגורדת 28% שומן 500 ג' נעם,מילקו תעשיות בעמ,IL,גבנצ מגורדת 28% 500 ג',גרמים,500.00,100 גרם,false,1,38.90,7.7800,true,1,120695
7290000480107,false,קוואקר שיבולת שועל פחית 500 גר',וולקרס סנקס לימיטד,GB,קוואקר שיבולת שועל פחית 500 גר 24 יח,גרמים,500.00,100 גרם,false,1,15.00,3.0000,true,1,120699
7290000480442,false,קוואקר שיבולת שועל שקית 500 גר',פריטו ליי FRITO-LAY,IL,שיבולת שועל קוואקר שקית 500 גרם,גרמים,500.00,100 גרם,false,1,12.90,2.5800,true,1,120701
7290000481531,false,דגנית עין בר לחמניות אצבע מחיטה מלאה בשקית 750 ג',יוניליוור גרמניה Gm,IL,לחמניות אצבע חיטה מלאה 10 יח,גרמים,750.00,100 גרם,false,1,14.90,1.9867,true,1,126689
7290000481883,false,דגנית עין בר מארז לחמניות 10 יח'*75 ג',יוניליוור גרמניה Gm,IL,לחמניות אצבע בשקית 10 יח,גרמים,750.00,100 גרם,false,1,14.90,1.9867,true,1,19345
7290000482019,false,שקיות קוקי רגיל צליה 10יח',"ש. שסטוביץ בע""מ",IL,שקיות לצליה קוקי 10 יחידות,לא מנהל יחידת מידה,0.00,לא מנהל יחידת מידה,false,1,14.20,0.0000,true,1,120707
7290000482033,false,שקיות קוקי ענק בתנור ובמיקרוגל 5 יח,הנסיך- מפעל לייצור ט,IL,קוקי שקיות לצליה מהירה ענק 5 יחידות,Unknown,0.00,Unknown,false,1,12.90,0.0000,true,1,120708
7290000483139,false,חטיף מרציפן גולמי המ,"המרשלג פרלינס בע""מ",IL,המרשלג מרציפן 100 גרם טבעוני,גרמים,100.00,100 גרם,false,1,9.90,9.9000,true,1,120711
7290000484747,false,עראק עלית 700 מל 40% כהל,יקב הגליל שווק בעמ,IL,"עלית הארק 40% בקבוק 700 מ""ל",מיליליטרים,700.00,"100 מ""ל",false,1,59.90,8.5571,true,1,529
7290000490601,false,שלגוני גלידל שמינייה,הגלידות של פלדמן,IL,גלידל וניל (8),גרמים,400.00,100 גרם,false,1,36.90,9.2250,true,1,120716
7290000490717,false,גלית מאגדת שמיניה 560 ג',הגלידות של פלדמן,IL,גלית תות 8 560 גרם,גרמים,560.00,100 גרם,false,1,21.90,3.9107,true,1,11887
7290000490762,false,שלגוני גלידל שמינייה,הגלידות של פלדמן,IL,גלידל שוקו 8,גרמים,400.00,100 גרם,false,1,36.90,9.2250,true,1,120718
7290000493176,false,אבקת רוטב צלי לבשר 22ג' אסם,"אסם השקעות בע""מ",IL,רוטב צלי בשר 22 גרם,גרמים,22.00,100 גרם,false,1,4.50,20.4545,true,1,120722
7290000493183,false,אבקת רוטב פיטריות 30 ג' אסם,"אסם השקעות בע""מ",IL,אסם אבקת רוטב פטריות 3 12*30גרם,גרמים,30.00,100 גרם,false,1,4.90,16.3333,true,1,120723
7290000497044,false,ברמן אקטיב לחם ארוז,מאפית י את א ברמן בע,IL,לחם ברמן אקטיב 750 גרם,גרמים,750.00,100 גרם,false,1,15.90,2.1200,true,1,126405
7290000497112,false,לחם ברמן אחיד פרוס 750ג',מאפית י את א ברמן בע,IL,"ברמן לחם אחיד מקמח כהה פרוס, 750 גרם",גרמים,750.00,100 גרם,false,1,7.91,1.0547,true,1,120726
7290000497426,false,לחם לעניין פלוס 500 גר',מאפית י את א ברמן בע,IL,לחם קל ברמן לעניין 500 גר,גרמים,500.00,100 גרם,false,1,13.90,2.7800,true,1,122711
7290000497532,false,"לחם מקמח מלא""לעניין"" 750 גר'",מאפית י את א ברמן בע,IL,לחם ברמן לעניין 750 גר,גרמים,750.00,100 גרם,false,1,13.90,1.8533,true,1,122540
7290000497570,false,לחם דגנים פלוס 500 גר',מאפית י את א ברמן בע,IL,ברמן דגני קלות 500 גרם,גרמים,500.00,100 גרם,false,1,14.90,2.9800,true,1,120729
7290000504025,false,סוכרזית פטריה 300 טבליות,אף.סי תבליני בגליל ב,IL,סוכרזית קלאסי 300,גרמים,25.00,100 גרם,false,1,9.80,39.2000,true,1,120765
7290000504278,false,סוכרזית - קלאסי פטנט 700 טבליות,אף.סי תבליני בגליל ב,IL,ממתיק סוכרזית פטנט 700 טבליות,גרמים,57.00,100 גרם,false,1,17.90,31.4035,true,1,120768
7290000518121,false,מתוק וקל ממתיק 50 שקיות,קריות זול,IL,ממתיק אבקה דקסטרוזה וסכרין 50 גר,יחידה,1.00,יחידה,false,1,5.50,5.5000,true,1,20058
7290000518169,false,ממתיק מתוק וקל בקבוק,קריות זול,IL,טבליות ממתיק על בסיס סכרין 1000 יח' 80 גר,יחידה,1.00,יחידה,false,1,7.90,7.9000,true,1,120782
7290000518176,false,ממתיק דקסטרוזה וסכרי,מתוק וקל בעמ,IL,מתוק וקל ענק 250 גרם,גרמים,250.00,100 גרם,false,1,25.90,10.3600,true,1,120783
7290000518190,false,מתוק וקל סטיביה 100 שקיות,מתוק וקל,,מתוק וקל סטיביה 100 שקיות,יחידה,1.00,יחידה,false,1,24.90,24.9000,true,1,19388
7290000518220,false,סוכרה דיאט ממתיק 100 שקיות,פתח תקווה,IL,סוכרה להמתקה לבישול ואפייה 100 יח,גרמים,100.00,100 גרם,false,1,28.90,28.9000,true,1,129267
7290000518237,false,סוכרה דיאט אבקה 100,מתוק וקל בעמ,IL,סוכרה דיאט 100גרם,גרמים,100.00,100 גרם,false,1,23.90,23.9000,true,1,23803
7290000518251,false,מתוק וקל ממתיק זהב 100 שקיות,קריות זול,IL,ממתיק על בסיס אספרטיים 100 יח,יחידה,1.00,יחידה,false,1,16.90,16.9000,true,1,120785
7290000518336,false,ממתק צמר גפן מתוק מסיבים תזונתיים,מתוק וקל בעמ,IL,מוש צמר גפן מתוק מסיבים תזונתיים 10 גרם,גרמים,10.00,100 גרם,false,1,4.90,49.0000,true,1,37739
7290000518398,false,"סוכרה דיאט טיפות 150 מ""ל",פתח תקווה,IL,סוכרה דיאט ממתיק נוזלי 150 מל,מיליליטרים,150.00,"100 מ""ל",false,1,23.90,15.9333,true,1,21006
7290000518879,false,סוכרה דיאט ממתיק 250 שקיות,מתוק וקל בעמ,IL,סוכרה דיאט 250 שקיות,גרמים,200.00,100 גרם,false,1,57.90,28.9500,true,1,132819
7290000521008,false,"יין אדום יבש סגל 750 מ""ל",כרמי צבי - אחים סגל,IL,יין אדום יבש של סגל 750 מל,מיליליטרים,750.00,"100 מ""ל",false,1,21.90,2.9200,true,1,120802
7290000521015,false,"יין סגל לבן יבש 750מ""ל","מיוצר ע""י כרמי צבי-",IL,סגל יין לבן יבש 2016 750 מל,מיליליטרים,750.00,"100 מ""ל",false,1,21.90,2.9200,true,1,237
7290000521022,false,יין של סגל לבן חצי י,"מיוצר ע""י כרמי צבי-",IL,סגל לבן חצי יבש 2015 750 מל,מיליליטרים,750.00,"100 מ""ל",false,1,21.90,2.9200,true,1,238
7290000521350,false,יין של סגל קברנה סוב,כרמי צבי-אחים סגל בע,IL,"קברנה סובניון של סגל יין אדום יבש 2016 750 מ""ל",מיליליטרים,750.00,"100 מ""ל",false,1,32.20,4.2933,true,1,120803
7290000521404,false,"יין מרום גליל קברנה סוביניון סינגל 750 מ""ל",כרמי צבי אחים סגל בע,IL,סגל מרום גליל קברנה סוביניון 750 מל,מיליליטרים,750.00,"100 מ""ל",false,1,44.90,5.9867,true,1,359
7290000521428,false,יין מרום גליל שרדונה,כרמי צבי-אחים סגל בע,IL,מרום גליל שרדונה 750 מ- 12 בקבוקים,מיליליטרים,750.00,"100 מ""ל",false,1,44.90,5.9867,true,1,361
7290000522166,false,חלב הרים עמיד נטול ל,"מחלבות רמת הגולן בע""",IL,חלב הרים טהור 3% נטול לקטוז 1 ליטר,ליטרים,1.00,ליטר,false,1,10.80,10.8000,true,1,125388
7290000523125,false,מלח הארץ הים האדום 250 ג' עדין,חברת מלח הארץ אילת ב,IL,מלח הארץ מהים האדום מלח ים דק 250 גרם,גרמים,250.00,100 גרם,false,1,5.90,2.3600,true,1,120806
7290000523224,false,מלח הארץ הים האדום 500 ג' עדין,חברת מלח הארץ אילת ב,IL,מלח הארץ מהים האדום מלח ים דק,גרמים,500.00,100 גרם,false,1,7.90,1.5800,true,1,120807
7290000523514,false,מלח הארץ 50% מכמות הנתרן 250 גרם,חברת מלח הארץ אילת ב,IL,מלח הארץ 50% מכמות נתרן 250 גרם,גרמים,250.00,100 גרם,false,1,10.90,4.3600,true,1,120808
7290000523521,false,מלח ים מועשר ביוד 250 ג' מלח הארץ,חברת מלח הארץ אילת ב,IL,מלח מועשר ביוד מלחיה 250 גרם,גרמים,250.00,100 גרם,false,1,5.90,2.3600,true,1,120809
7290000523804,false,"מלח עדין צנצנת 1 ק""ג מלח הארץ",חברת מלח הארץ אילת ב,IL,מלח הים האדום עדין צנצנת 1 קג,קילוגרמים,1.00,"ק""ג",false,1,7.20,7.2000,true,1,123331
7290000523811,false,"צנצנת מלח גס 1 ק""ג מלח הארץ",חברת מלח הארץ אילת ב,IL,מלח הים האדום גס בצנצנת 1 קג,קילוגרמים,1.00,"ק""ג",false,1,7.20,7.2000,true,1,123332
7290000525969,false,פרימור סחוט תפוזים טבעי 1ל',"גניר (1992) בע""מ",IL,פרימור מיץ תפוזים 1 ליטר,ליטרים,1.00,ליטר,false,1,16.00,16.0000,true,1,120810
7290000530024,false,נקניק תה מעושן רחב,זוגלובק,IL,תה מעושן רחב,קילוגרמים,1.00,"ק""ג",true,,59.40,59.4000,true,1,120812
7290000530048,false,סלמי פפרוני זוגלובק,כצט,IL,סלמי פפרוני,קילוגרמים,1.00,"ק""ג",true,,59.40,59.4000,true,1,123107
7290000530062,false,נקניק מעושן איטלקי ז,זוגלובק,IL,סלמי מעושן איטלקי,קילוגרמים,1.00,"ק""ג",true,,86.10,86.1000,true,1,120814
7290000530178,false,נקניק קוניאק זוגלובק,זוגלובק,IL,סלמי קוניאק,קילוגרמים,1.00,"ק""ג",true,,95.00,95.0000,true,1,120818
7290000530192,false,נקניק סרבלד זוגלובק,כצט,IL,"סרבלד זוגלובק לק""ג",קילוגרמים,1.00,"ק""ג",true,,140.00,140.0000,true,1,120819
7290000530291,false,נקניק מבשר הודו קטן 800 ג' זוגלובק,נקניק נהריה כשר זוגל,IL,נקניק מבשר הודו קטן 750 גרם,גרמים,750.00,100 גרם,false,1,24.60,3.2800,true,1,9529
7290000530369,false,פסטרמה גולן הודו מעו,כצט,IL,גולן חזה מעושן עם עור,קילוגרמים,1.00,"ק""ג",true,,89.00,89.0000,true,1,120821
7290000530444,false,כתף בקר מעושן זוגלוב,זוגלובק,IL,"כתף בקר מעושן חצוי זוגלובק לק""ג",קילוגרמים,1.00,"ק""ג",true,,109.00,109.0000,true,1,120823
7290000530598,false,נקניקיות וינר 500 ג' טרי זוגלובק,נקניק נהריה כשר זוגל,IL,נקניקיות וינר 500 גרם זוגלובק,גרמים,500.00,100 גרם,false,1,17.90,3.5800,true,1,120824
7290000530703,false,זוג במארז חרמון הודו + סלמי תה זוגלובק 800 גר',נקניק נהריה כשר זוגל,IL,זוגלובק זוג חרמון הודו ועוף 400+סלמי תה 400 גרם,גרמים,800.00,100 גרם,false,1,31.40,3.9250,true,1,120825
7290000531410,false,פסטרממיה בדבש טהור,זוגלובק,IL,"פסטרממיה בדבש טהור לק""ג",קילוגרמים,1.00,"ק""ג",true,,89.00,89.0000,true,1,120827
7290000531601,false,סטייק בורגר זהב זוגלובק 400ג',נקניק נהריה כשר זוגל,IL,זוגלובק סטייק בורגר זהב 400 גרם,גרמים,400.00,100 גרם,false,1,21.90,5.4750,true,1,120829
7290000532400,false,פסטרמה ברביקיו זוגלו,זוגלובק,IL,ברביקיו חזה הודו מעושן צלוי לק,קילוגרמים,1.00,"ק""ג",true,,89.00,89.0000,true,1,120830
7290000532585,false,רוסטביף 4% זוגלובק,זוגלובק,IL,"רוסטביף חצוי זוגלובק לק""ג",קילוגרמים,1.00,"ק""ג",true,,129.00,129.0000,true,1,34046
7290000532721,false,כתף בקר מפולפל טורו,זוגלובק,IL,"טורו- בקר בציפוי פלפל לק""ג",קילוגרמים,1.00,"ק""ג",true,,109.00,109.0000,true,1,120834
7290000533681,false,פסטרממיה מעושנת זוגל,כצט,IL,"פסטרממיה מעושנת הבית ק""ג",קילוגרמים,1.00,"ק""ג",true,,89.00,89.0000,true,1,120837
7290000534718,false,פסטרמה חזה תבור זוגל,זוגלובק,IL,פסטרמה תבור,קילוגרמים,1.00,"ק""ג",true,,89.00,89.0000,true,1,120838
7290000534800,false,פסטרמה הודו רומני זו,כצט,IL,פסטרמה רומנית,קילוגרמים,1.00,"ק""ג",true,,89.00,89.0000,true,1,120839
7290000537566,false,נקניקיות עוף טרי 400 ג' זוגלובק,נקניק נהריה כשר זוגל,IL,נקניקיות עוף זגלובק 400 גרם,גרמים,400.00,100 גרם,false,1,15.90,3.9750,true,1,120842
7290000537603,false,נקניקיות עוף זוגלובק,זוגלובק,IL,זוגלובק נקניקיות עוף 1 קג,קילוגרמים,1.00,"ק""ג",false,1,29.60,29.6000,true,1,9334
7290000538099,false,פסטרמה כפרית במשקל ז,כצט,IL,"פסטרמה כפרית לק""ג",קילוגרמים,1.00,"ק""ג",true,,89.00,89.0000,true,1,123120
7290000538709,false,סלמי תה מעושן 200 ג' זוגלובק,זוגלובק,IL,זוגלובק סלמי תה מעושן 200 גרם,Unknown,0.00,Unknown,false,1,11.50,0.0000,true,1,8864
7290000551067,false,בשר מס 5 צלי כתף קפו,פריגוצאקו / פרגוואי,,"צלי כתף מס 5 ""מוכשר לק""ג",קילוגרמים,1.00,"ק""ג",true,,85.00,85.0000,true,1,27631
7290000552118,false,נקניקיות מרגז טיבון ויל 400 ג',טיבון ויל אחזקות בעמ,IL,נקניקיות מרגז גריל 400 גרם,גרמים,400.00,100 גרם,false,1,23.80,5.9500,true,1,9542
7290000552194,false,קישקע קפוא 500 גרם,טיבון ויל אחזקות בעמ,IL,טיבון ויל קישקע קפוא 500 גרם,גרמים,500.00,100 גרם,false,1,16.90,3.3800,true,1,120881
7290000552569,false,סטייק בורגר נטו 400 גרם,"טיבון ויל אחזקות בע""",IL,סטייק בורגר בקר 400 גרם,גרמים,400.00,100 גרם,false,1,19.90,4.9750,true,1,120882
7290000552989,false,בשר טחון מובחר טיבון 500 ג',"טיבון ויל אחזקות בע""",IL,טיבון וויל בשר עגל טחון קפוא 500 גרם,גרמים,500.00,100 גרם,false,1,29.90,5.9800,true,1,120885
7290000554006,false,גבינה קשקבלו משולשים,מחלבות גד,IL,גבינה קשקבלו משולשים 26% במשקל גד,קילוגרמים,1.00,"ק""ג",true,,129.00,129.0000,true,1,120886
7290000554402,false,מלבי 160גר מחלבות גד,"מיוצר ע""י קוד יצרן E",IL,מלבי מעדן חלב גד 170 גרם,גרמים,170.00,100 גרם,false,1,6.20,3.6471,true,1,120888
7290000554457,false,גבינה צפתית מיני 5% גד 350ג',"מחלבות גד בע""מ",IL,גד צפתית גבינה מלוחה במליחות עדינה 5% 350 גרם,גרמים,350.00,100 גרם,false,1,22.90,6.5429,true,1,120889
7290000554471,false,גבינת מוצרלה 22% נקניק 180ג' גד,"מחלבות גד בע""מ",IL,גבינת מוצרלה 22% צמה 180 גרם,גרמים,180.00,100 גרם,false,1,18.90,10.5000,true,1,120890
7290000554532,false,גבינה צפתית מעודנת במלח ים 5% 200 ג' גד,הנסיך- מפעל לייצור ט,IL,גד צפתית מעודנת 5% שומן,גרמים,200.00,100 גרם,false,1,15.90,7.9500,true,1,123512
7290000554600,false,מוצרלה מגורדת 18% 300 גרם - רובין,מחלבות גד בעמ,IL,גד מוצרלה מגורדת מחלב בקר 22% 300 גרם,גרמים,300.00,100 גרם,false,1,25.90,8.6333,true,1,120891
7290000554624,false,ירח מתוק מעדן גד 150ג',"מיוצר ע""י קוד יצרן E",IL,"ירח מתוק ,מעדן חלב עם אורז 3% , 150 גרם",גרמים,150.00,100 גרם,false,1,6.20,4.1333,true,1,120892
7290000554655,false,"מוצרלה מעושנת ק""ג.",מחלבות גד,IL,"מוצרלה מעושנת לק""ג גד",קילוגרמים,1.00,"ק""ג",true,,90.00,90.0000,true,1,126291
7290000554686,false,לאבנה שמן זית וזעתר 5% 250 גרם - רבנות,מחלבות גד בעמ,IL,גד לאבנה בתוספת שמן זית וזעתר 5%,גרמים,250.00,100 גרם,false,1,15.90,6.3600,true,1,120893
7290000554754,false,גבינה מוצרלה כדורקטן,מחלבות גד,IL,גבינה מוצרלה כדור קטן במשקל גד,קילוגרמים,1.00,"ק""ג",true,,105.00,105.0000,true,1,10519
7290000554792,false,"בולגרית מעודנת 5% ק""",יושלם,IL,בולגרית 5% במשקל פח X,קילוגרמים,1.00,"ק""ג",true,,64.00,64.0000,true,1,120894
7290000554815,false,"גבינת מוצרלה טבעי ק""",מחלבות גד,IL,גב.מוצרלה נקניק צמה גד לקג,קילוגרמים,1.00,"ק""ג",true,,87.00,87.0000,true,1,120895
7290000554822,false,גבינת ריקוטה טבעי 5% שומן 250 ג' גד,מחלבות גד בעמ,IL,גבינה ריקוטה גד 250 גרם,גרמים,250.00,100 גרם,false,1,15.90,6.3600,true,1,120896
7290000554839,false,שמנת מתוקה קשה בסגנון איטלקי 40% שומן 250 ג' גד,מחלבות גד בעמ,IL,גבינה מוקצפת מסקרפונה 250 גרם גד,גרמים,250.00,100 גרם,false,1,22.90,9.1600,true,1,120897
7290000554891,false,בולגרית מעודנת 16% ש,יושלם,IL,בולגרית16%במשקל פח X,קילוגרמים,1.00,"ק""ג",true,,64.00,64.0000,true,1,13720
7290000554969,false,גבינת שמנת גד 30% לק,מחלבות גד,IL,גבינת שמנת גד 30% לקג,קילוגרמים,1.00,"ק""ג",true,,49.00,49.0000,true,1,120899
7290000560021,false,אדג' ג'ל ורוד נגד חתכים 198ג',המאפיה של הרמן,US,200 מל גל גילוח נגד חתכים אדג,מיליליטרים,200.00,"100 מ""ל",false,1,20.90,10.4500,true,1,121873
7290000560533,false,אדג' ג'ל ירוק לעור רגיל 198גרם,אס.סי ג'ונסון ובניו,US,200 מל גל גילוח אדג בתוספת אלוורה,מיליליטרים,200.00,"100 מ""ל",false,1,17.90,8.9500,true,1,120915
7290000560540,false,אדג' ג'ל כתום לעור רגיש 198גרם,המאפיה של הרמן,US,אדג ג'ל גילוח לעור רגיש עם אלוורה 200 מל,מיליליטרים,200.00,"100 מ""ל",false,1,17.90,8.9500,true,1,120916
7290000560557,false,אדג ג'ל תכלת לרכוך העור 198 ג',אס.סי ג'ונסון ובניו,US,"ג""ל גילוח אדג ריכוך עור 200 מ""ל",מיליליטרים,200.00,"100 מ""ל",false,1,17.90,8.9500,true,1,14534
7290000571119,false,גאודה חריץ בית יצחק,תנובה מרכז שיתופי לש,,גבינה גאודה טבעי במשקל המחלבה,קילוגרמים,1.00,"ק""ג",true,,119.00,119.0000,true,1,120925
7290000571126,false,גאודה כמון 30% תנובה,תנובה מרכז שיתופי לש,,גבינה גאודה כמון במשקל המחלבה,קילוגרמים,1.00,"ק""ג",true,,119.00,119.0000,true,1,120926
7290000571188,false,גאודה תום עזים המחלב,תנובה מרכז שיתופי לש,,"גבינה גאודה עיזים 1 28% ק""ג המחלבה",קילוגרמים,1.00,"ק""ג",true,,160.00,160.0000,true,1,122441
7290000571232,false,גבינת גאודה טבעית פרוס 30% המחלווה 150ג',גבינות משק אחים מאיר,IL,גבינה גאודה פרוס המחלבה 150 גרם,גרמים,150.00,100 גרם,false,1,25.90,17.2667,true,1,121701
7290000571294,false,גאודה מעושנת המחלבה,,,גבינת גאודה מעושנת במשקל המחלבה,קילוגרמים,1.00,"ק""ג",true,,119.00,119.0000,true,1,125863
7290000571300,false,גבינת גאודה מעושנת פרוס 200 ג',גבינות משק אחים מאיר,IL,גבינה גאודה מעושנת המחלבה 150 גרם,גרמים,150.00,100 גרם,false,1,25.90,17.2667,true,1,127759
7290000571386,false,יוגורט כבשים 850 ג' יוגורמה,גבינות משק אחים מאיר,IL,יוגורט יוגורמה מחלב כבשים 850גרם המחלבה,גרמים,850.00,100 גרם,false,1,28.90,3.4000,true,1,120927
7290000571478,false,גבינה עיזים תום פרוס,גבינות משק אחים מאיר,IL,גאודה-תום פרוסה 200 גרם,גרמים,150.00,100 גרם,false,1,38.90,25.9333,true,1,124103
7290000571485,false,משקה יוגורט יוגורמה,גבינות משק אחים מאיר,IL,המחלבה משקה יוגורט עזים 1 קג,ליטרים,1.00,ליטר,false,1,25.90,25.9000,true,1,124397
7290000571843,false,יוגורט עיזים יוגורמה,גבינות משק אחים מאיר,IL,המחלבה יוגורמה גביע מחלב עזים 140 גרם,גרמים,140.00,100 גרם,false,1,6.90,4.9286,true,1,9825
7290000571881,false,משקה יוגורט מחלב עיז,גבינות משק אחים מאיר,IL,"משקה יוגורט המחלבה מחלב עזים 500 מ""ל",מיליליטרים,500.00,"100 מ""ל",false,1,13.90,2.7800,true,1,12470
7290000572208,false,חלבה חטיף וניל אחווה 100ג',שוורצקוף& הנקל דיסלד,IL,אחוה חלוה בטעם וניל 100 גרם,גרמים,100.00,100 גרם,false,1,2.90,2.9000,true,1,120930
7290000572215,false,חלבה וניל מצופה אחווה 80ג',אחדות ביחר לטחינה חל,IL,חלבה אחוה מצופה 80 גרם,גרמים,80.00,100 גרם,false,1,4.50,5.6250,true,1,9387
7290000572222,false,חלבה וניל בבלוק אחווה 500ג',שוורצקוף& הנקל דיסלד,IL,אחווה חלוה בטעם וניל 500 גרם,גרמים,500.00,100 גרם,false,1,12.90,2.5800,true,1,8475
7290000572529,false,חלבה פיסטוק מגש אחווה 400ג',אחדות ביחר לטחינה חל,IL,אחוה חלוה פיסטוק 50% שומשום 400 גרם,גרמים,400.00,100 גרם,false,1,12.90,3.2250,true,1,19335
7290000572536,false,חלבה וניל מגש אחווה 400ג'',אחדות ביחר לטחינה חל,IL,אחוה חלוה בטעם וניל 400 גרם,גרמים,400.00,100 גרם,false,1,13.90,3.4750,true,1,122884
7290000572628,false,חלבה חטיף ללא סוכר בקופסה 276 ג',שוורצקוף& הנקל דיסלד,IL,אחוה חטיפי מעדן חלוה שומשום ללא תוספת סוכר 275 גרם,גרמים,275.00,100 גרם,false,1,14.90,5.4182,true,1,120931
7290000572673,false,אחווה חטיף חלווה ט.שונים 12*25גר,שוורצקוף& הנקל דיסלד,IL,חלווה אחווה בקופסא *12 350 גרם,גרמים,350.00,100 גרם,false,1,14.90,4.2571,true,1,120932
7290000574035,false,לחם אחיד פרוס 750ג' דגנית עין בר,יוניליוור גרמניה Gm,IL,לחם אחיד פרוס -דגנית,גרמים,750.00,100 גרם,false,1,7.11,0.9480,true,1,120949
7290000574141,false,לחם חיטה מלא 750ג' דגנית עין בר,דגנית עין בר תעשיות,IL,לחם חיטה מלא 750 גרם,גרמים,750.00,100 גרם,false,1,13.90,1.8533,true,1,122905
7290000574172,false,לחם קל מחיטה מלאה 750 ג' דגנית עין בר,יוניליוור גרמניה Gm,IL,לחם קל מחיטה מלאה 750 גרם,גרמים,750.00,100 גרם,false,1,14.90,1.9867,true,1,123590
7290000574455,false,לחם חיטה מלא פלוס כוסמין 750 ג' דגנית עין בר,דגנית עין בר,IL,לחם חיטה מלאה פלוס כוסמין 750 גרם,גרמים,750.00,100 גרם,false,1,14.90,1.9867,true,1,127326
7290000591742,false,קמח מצה לבן כשר לפסח,אם החיטה,,קמח מצה לבן כשר לפסח 500 גרם,גרמים,500.00,100 גרם,false,1,7.90,1.5800,true,1,12520
7290000599410,false,ננס,יושלם,,ננס,יחידה,1.00,יחידה,false,1,3.00,3.0000,true,1,122113
7290000604039,false,ביצים 12 יח רגיל בינוני M תנובה,יושלם,,ביצים ארוזות M 1/12,Unknown,0.00,Unknown,false,1,11.15,0.0000,true,1,24538
7290000644783,false,נתחי פילה סלמון בואק,X MAK,DK,"נתחי פילה סלמון בואקום לק""ג",קילוגרמים,1.00,"ק""ג",true,,109.00,109.0000,true,1,124243
7290000646299,false,פילה נסיכת הנילוס קפ,,ZA,פילה נסיכת הנילוס קפוא 100% דג לקג,קילוגרמים,1.00,"ק""ג",true,1,57.00,57.0000,true,1,22934
7290000652542,false,פילה אמנון 5-7 100% דג,,CN,פילה אמנון קפוא 5-7 100% דג לקג,קילוגרמים,1.00,"ק""ג",true,,38.00,38.0000,true,1,22935
7290000652832,false,זוג נתחי פילה סלמון,,NO,זוג נתחי פילה סלמון קפוא ללא עור לקג,קילוגרמים,1.00,"ק""ג",true,,119.00,119.0000,true,1,22936
7290000655376,false,פילה דניס קפוא 100%,,TR,פילה דניס קפוא 100% דג,קילוגרמים,1.00,"ק""ג",true,,89.00,89.0000,true,1,129158
7290000659312,false,דגי תנובה פילה סלומון קפוא בוואקום,PEQUERA DEL,,"פילה סלמון בואקום לק""ג",קילוגרמים,1.00,"ק""ג",true,,99.00,99.0000,true,1,122282
7290000663036,false,פילה אמנון ללא עור 100% דג,תנובה,IL,"פילה אמנון ללא עור 100% דג לק""ג",קילוגרמים,1.00,"ק""ג",true,,38.00,38.0000,true,1,29896
7290000663135,false,קוביות סלמון קפוא 100 % דג 300 ג',תנובה,IL,קוביות סלמון קפוא 100% דג 300גרם,גרמים,300.00,100 גרם,false,1,36.00,12.0000,true,1,33517
7290000684345,false,שלישיית פילטר בריטה קלאסיק,שלישיית פילטר בריטה,,פילטר בריטה שלישיה,Unknown,0.00,Unknown,false,1,119.00,0.0000,true,1,121117
7290000688084,false,מים מינרליים פקק ספו,מופק ממקור בזלתי עדן,IL,"מי עדן בקבוק ספורט 500 מ""ל",מיליליטרים,500.00,"100 מ""ל",false,1,3.90,0.7800,true,1,121122
7290000688176,false,מים מינרליים בייבי מ,מופק ממקור בזלתי עדן,IL,מי עדן250 מל .בודד,מיליליטרים,250.00,"100 מ""ל",false,1,3.00,1.2000,true,1,121124
7290000688374,false,"מי עדן בייבי מארז 330X6 מ""ל","מי עדן בע""מ",,"מים מינרלים מי עדן בייבי 330מ""ל שישייה",ליטרים,1.98,ליטר,false,1,14.90,7.5253,true,1,121125
7290000688381,false,מי עדן פקק ספורט 6*500 מל.,"מי עדן בע""מ",IL,"מי עדן בקבוק אישי שישייה 500 מ""ל",ליטרים,3.00,ליטר,false,1,12.90,4.3000,true,1,121126
7290000688466,false,מי עדן GYM בקבוק ספו,מופק ממקור בזלתי עדן,IL,"מי עדן GYM בקבוק ספורט 750 מ""ל",מיליליטרים,750.00,"100 מ""ל",false,1,5.20,0.6933,true,1,121127
7290000688503,false,מים מינרליים מי עדן,"מי עדן בע""מ",IL,"מי עדן ספורט שישייה בקבוק 750 מ""ל",ליטרים,4.50,ליטר,false,1,19.90,4.4222,true,1,121622
7290000692203,false,אג'קס ניקוי כללי 2לימון-מרכז,הנסיך- מפעל לייצור ט,BY,אג'קס נוזל לניקוי כללי ורצפות בניחוח לימון 2 ליטר,ליטרים,2.00,ליטר,false,1,22.90,11.4500,true,1,121129
7290000692210,false,אג'קס ניקוי כללי לוונדר 2ל',הנסיך- מפעל לייצור ט,GR,אג'קס נוזל לניקוי כללי ורצפות בניחוח לבנדר 2 ליטר,ליטרים,2.00,ליטר,false,1,22.90,11.4500,true,1,121130
7290000692227,false,נוזל כלים פלמוליב צילינדר קלאסי 1 ליטר,יבואן ומשווק: ש. שסט,GR,פלמוליב נוזל לניקוי כלים קלאסי 1 ליטר,ליטרים,1.00,ליטר,false,1,13.90,13.9000,true,1,121131
7290000692456,false,אג'קס חלונות זוג 750*2 מל ספריי ורפיל,הנסיך- מפעל לייצור ט,GR,לניקוי חלונות אגקס כחול זוג,ליטרים,1.50,ליטר,false,1,22.90,15.2667,true,1,121134
7290000803067,false,"אלמקס משחת שיניים לילדים 75 מ""ל",הנסיך- מפעל לייצור ט,PL,אלמקס משחת שיניים ילדים 113 מל,מיליליטרים,113.00,"100 מ""ל",false,1,15.90,14.0708,true,1,121308
7290000805597,false,בונזו 7+ לכלבים 3קג,קריות זול,FR,בונזו סניור 3 קג,קילוגרמים,3.00,"ק""ג",false,1,49.90,16.6333,true,1,811
7290000805917,false,"לה קט כבד 2.85 ק""ג",קריות זול,FR,לה קט גריל 2.85 קג,קילוגרמים,2.85,"ק""ג",false,1,59.90,21.0175,true,1,121316
7290000805924,false,מזון חתולים לה קט דג,קריות זול,FR,לה קט מזון יבש לחתול דגי אוקיינוס 2.85 קג,קילוגרמים,2.85,"ק""ג",false,1,59.90,21.0175,true,1,121317
7290000907772,false,בושה צרפתי,VERNUIL,,בושה צרפתי,קילוגרמים,1.00,"ק""ג",true,,145.00,145.0000,true,1,129210
7290000909370,false,גרוויר שוייצרי,פרומאגי גרוייר שוויץ,,גרוויר שוייצרי,קילוגרמים,1.00,"ק""ג",true,,188.00,188.0000,true,1,129213
7290000941004,false,עגבניות מגי,חקלאי,IL,עגבניות מגי,קילוגרמים,1.00,"ק""ג",true,1,18.90,18.9000,true,1,138804
7290000982113,false,עגבניה טעם,חקלאי,IL,עגבניה טעם,קילוגרמים,1.00,"ק""ג",true,,16.90,16.9000,true,1,133428
7290000993461,false,עגבניות שרי צהוב ליח',חקלאי,IL,שרי צהוב,גרמים,450.00,100 גרם,false,1,10.90,2.4222,true,1,133485
7290000993560,false,עגבניות שרי תמר שוקו 500 גרם לפי יח',רון שרי,IL,עגבניות שרי שוקו לב 500 גרם,גרמים,500.00,100 גרם,false,1,9.90,1.9800,true,1,1813
7290000995410,false,נבטים סיניים נבטי הע,חקלאי,IL,נבטים סינים,גרמים,370.00,100 גרם,false,1,7.90,2.1351,true,1,8513
7290001019047,false,סינטה פרוס לה דליקטס,לה דליקטס ארט,IL,סינטה פרוס לה דליקטס 100 גרם,גרמים,100.00,100 גרם,false,1,37.90,37.9000,true,1,33111
7290001019061,false,רוסטביף פרוס לה דליק,לה דליקטס ארט,IL,רוסטביף פרוס לה דליקטס 150 גרם,גרמים,150.00,100 גרם,false,1,34.90,23.2667,true,1,33113
7290001019078,false,סלמי קרקובר לה דליקס,לה דליקטס ארט,IL,סלמי קרקובר לה דליקסט 150 גרם,גרמים,150.00,100 גרם,false,1,26.90,17.9333,true,1,33115
7290001019757,false,מיקס נקניקים דליקטס,מונטה קרלו,IL,מיקס נקניקים דליקטס דליקטס 100 גרם,גרמים,100.00,100 גרם,false,1,36.90,36.9000,true,1,37820
7290001019894,false,פסטרמי לה דליקטס 12,לה דליקטס ארט,IL,פסטרמי לה דליקטס 120 גרם,גרמים,120.00,100 גרם,false,1,26.90,22.4167,true,1,33557
7290001019917,false,אנטריקוט פרוס לה דלי,לה דליקטס ארט,IL,אנטריקוט פרוס לה דליקטס 100 גרם,גרמים,100.00,100 גרם,false,1,37.90,37.9000,true,1,33106
7290001019924,false,נקניק צרפתי לה דליקט,לה דליקטס ארט,IL,נקניק צרפתי לה דליקטס 100 גרם,גרמים,100.00,100 גרם,false,1,37.90,37.9000,true,1,33107
7290001019955,false,נקניק רוזט לה דליקט,לה דליקטס ארט,IL,נקניק רוזט לה דליקטס 100 גרם,גרמים,100.00,100 גרם,false,1,37.90,37.9000,true,1,33321
7290001041123,false,שקדים מולבנים פרוסים 100גרם,מיה תעשיות מזון,IL,שקדים מולבנים פרוסים מיה 100 גרם,גרמים,100.00,100 גרם,false,1,11.90,11.9000,true,1,37662
7290001041147,false,חומוס גדול יבש מיה 1 ק'ג,מיה,IL,חומוס גדול מיה 1 קג,קילוגרמים,1.00,"ק""ג",false,1,11.90,11.9000,true,1,37649
7290001041161,false,"שעועית לבנה יבשה מיה 1 ק""ג",מיה,IL,שעועית לבנה מיה 1 קג,קילוגרמים,1.00,"ק""ג",false,1,17.90,17.9000,true,1,37650
7290001041178,false,אפונה ירוקה מיה 1קג,מיה,IL,אפונה ירוקה מיה 1 קג,קילוגרמים,1.00,"ק""ג",false,1,7.90,7.9000,true,1,37651
7290001041185,false,"פופקורן גרעינים מיה 1 ק""ג",מיה,IL,פופקורן מיה 1 קג,קילוגרמים,1.00,"ק""ג",false,1,9.90,9.9000,true,1,37652
7290001041192,false,"עדשים אדומים יבשים מיה 1 ק""ג",מיה,IL,עדשים אדומות מיה 1 קג,קילוגרמים,1.00,"ק""ג",false,1,11.90,11.9000,true,1,37653
7290001041208,false,"עדשים ירוקים יבשים מיה 1 ק""ג",מיה,IL,עדשים ירוקות מיה 1 קג,קילוגרמים,1.00,"ק""ג",false,1,11.90,11.9000,true,1,37654
7290001041215,false,"חיטה מיה 1 ק""ג",מיה,IL,חיטה מיה 1 קג,קילוגרמים,1.00,"ק""ג",false,1,6.90,6.9000,true,1,37617
7290001041222,false,"חומוס לבן ענק יבש מיה 1 ק""ג",מיה,IL,חומוס לבן ענק מיה 1 קג,קילוגרמים,1.00,"ק""ג",false,1,17.90,17.9000,true,1,37647
7290001041260,false,שומשום מיה 400 גרם,מיה תעשיות מזון בעמ,IL,שומשום מיה 400 גרם,גרמים,400.00,100 גרם,false,1,11.90,2.9750,true,1,37614
7290001045169,false,פרימור סחוט תפוחי עץ צלול 1 ל',"גניר (1992) בע""מ",IL,פרימור מיץ תפוחים 100% 1 ליטר,ליטרים,1.00,ליטר,false,1,16.00,16.0000,true,1,121608
7290001045633,false,פרימור מיץ לימון ונענע סחוט טרי 400מל,גניר,IL,פרימור משקה קל לימונים ונענע 400 מל,מיליליטרים,400.00,"100 מ""ל",false,1,8.50,2.1250,true,1,121609
7290001045688,false,"פרימור סחוט תפוחים 400מ""ל",גניר,IL,פרימור מיץ תפוזים סחוט 400 מל,מיליליטרים,400.00,"100 מ""ל",false,1,8.50,2.1250,true,1,121606
7290001121023,false,פסטרמה של פעם יחיעם,מעדני יחיעם,IL,"פסטרמה של פעם לק""ג",קילוגרמים,1.00,"ק""ג",true,,79.00,79.0000,true,1,119699
7290001121054,false,צמד חמד יחיעם 700 גר,תאי פרזידנט פוד פאבל,IL,צמד חמד סלמי+פסטרמה 700 גר יחיעם,גרמים,700.00,100 גרם,false,1,26.90,3.8429,true,1,119700
7290001121092,false,פסטרמה עוף בגריל יחי,מעדני יחיעם,IL,פסטרמה עוף בגריל דלת שומן,קילוגרמים,1.00,"ק""ג",true,,79.00,79.0000,true,1,119701
7290001121146,false,פסטרמה מעושנת יחיעם,מעדני יחיעם,IL,פסטרמה הודו מעושנת קג,קילוגרמים,1.00,"ק""ג",true,,78.00,78.0000,true,1,122380
7290001121238,false,קורנדביף יחיעם 180גר,מעדני יחיעם 1993,IL,יחיעם קורנד ביף 180 גרם,גרמים,180.00,100 גרם,false,1,25.90,14.3889,true,1,123860
7290001121672,false,פסטרמה מעודנת בפפריקה 300 ג' יחיעם,מעדני יחיעם 1993,IL,פסטרמה מעודנת בפפריקה 300 גרם,גרמים,300.00,100 גרם,false,1,22.90,7.6333,true,1,126519
7290001121849,false,יחיעם פסטרמה הודו טב,מעדני יחיעם 1993,IL,פסטרמה ברביקיו יחיעם 100% חומרים טבעיים,גרמים,250.00,100 גרם,false,1,25.90,10.3600,true,1,126520
7290001121979,false,סלמי הרץ יחיעם 150 ג,תאי פרזידנט פוד פאבל,IL,"יחיעם, סלמי הרץ, 150 גרם",גרמים,150.00,100 גרם,false,1,25.90,17.2667,true,1,125149
7290001123775,false,שווארמה פרגיות 500 ג',"טיבול ויל אחזקות בע""",IL,טיבון ויל שווארמה פרגיות מוכן 500 גרם,גרמים,500.00,100 גרם,false,1,29.90,5.9800,true,1,2624
7290001124536,false,מג'יק טעם תירס בכוס 70 ג',טאט הוי פוד בעמ,SG,מג'יק ארוחת נודלס בטעם תירס 70 גרם,גרמים,70.00,100 גרם,false,1,4.60,6.5714,true,1,119704
7290001133484,false,פילה סלמון נורבגי קפ,לאטי עזרא,IL,"סלמון נורבגי פילה 1.0-1.4 ק""ג - בד""ץ עדה",קילוגרמים,1.00,"ק""ג",true,,89.90,89.9000,true,1,26631
7290001136287,false,"נקה 7 - שמפו רגיל ירוק 750 מ""ל","קוסמופארם בעמ, ח.פ 5",IL,נקה 7 שמפו לשיער רגיל ירוק,מיליליטרים,750.00,"100 מ""ל",false,1,11.90,1.5867,true,1,119711
7290001136294,false,"שמפו נקה 7 לשיער יבש אדום 750מ""ל",גוד פוד פרודקטס S.p,IL,נקה 7-שמפו לשיער יבש,מיליליטרים,750.00,"100 מ""ל",false,1,11.90,1.5867,true,1,119712
7290001136300,false,"שמפו נקה 7 לסירוק קל כחול 750מ""ל",אמיליה קוסמטיקס בעמ,IL,נקה 7 שמפו ומרכך 2IN1 לכל סוגי השיער 750 מל,מיליליטרים,750.00,"100 מ""ל",false,1,11.90,1.5867,true,1,119713
7290001136362,false,נקה 7 תחליב רחצה אלוורה ארומה ירוק 1 ל',מיוצר בסין.יבוא ושיו,IL,נקה 7 תחליב רחצה אלוורה ותה ירוק 1 ליטר,ליטרים,1.00,ליטר,false,1,14.90,14.9000,true,1,119714
7290001136683,false,"מרכך לשיער רגיל ירוק 750 מ""ל נקה 7",אמיליה קוסמטיקס בעמ,IL,"נקה 7 מרכך שיער רגיל ירוק 750 מ""ל",מיליליטרים,750.00,"100 מ""ל",false,1,11.90,1.5867,true,1,119716
7290001136799,false,נקה 7 תחליב רחצה ארומה ורוד יסמין 1 ל',מיוצר בסין.יבוא ושיו,IL,נקה תחליב 1ל' ורוד ורד יסמין,ליטרים,1.00,ליטר,false,1,14.90,14.9000,true,1,119717
7290001136973,false,נקה 7 תחליב רחצה ארומה קמומיל לבן 1 ל',טרופיקל דגיל תעשיות,IL,נקה תחליב 1ל' לבן קמומיל,ליטרים,1.00,ליטר,false,1,14.90,14.9000,true,1,119718
7290001216040,false,טחינת אל ארז 500 גרם,דולפין ספא,IL,טחינת אל ארז 500 גרם,גרמים,500.00,100 גרם,false,1,16.90,3.3800,true,1,121957
7290001216057,false,"טחינה גולמית אל ארז 1 ק""ג",טחינה אל ארז,IL,טחינת אל ארז 1 קג,קילוגרמים,1.00,"ק""ג",false,1,32.90,32.9000,true,1,121958
7290001216231,false,טחינה גולמית שומשום מלא אל ארז 500ג',דולפין ספא,IL,טחינה מלאה אל ארז 500 גרם,גרמים,500.00,100 גרם,false,1,17.90,3.5800,true,1,123836
7290001230234,false,סיגריות כאמל סופט חפ,גיי טי אינטרנשיונל,,סיגריות כאמל סופט חפיסה בודד,יחידה,0.00,יחידה,false,1,32.00,0.0000,false,1,121846
7290001230331,false,סיגריות כאמל בוקס חפ,Unknown,,סיגריות כאמל בוקס חפיסה בודד,יחידה,0.00,יחידה,false,1,32.00,0.0000,false,1,121991
7290001230739,false,כאמל קופסא בודדת כחו,Unknown,,סיגריות כאמל כחול חפיסה בודד,יחידה,0.00,יחידה,false,1,32.00,0.0000,false,1,122043
7290001231233,false,סיגריות וינסטון בוקס,Unknown,,סיגריות וינסטון בוקס חפיסה בודד,Unknown,0.00,Unknown,false,1,34.30,0.0000,false,1,121853
7290001231932,false,סיגריות וינסטון כחול,Unknown,,סיגריות וינסטון כחול בוקס חפיסה בודד,לא מנהל יחידת מידה,0.00,לא מנהל יחידת מידה,false,1,34.30,0.0000,false,1,121684
7290001235938,false,סיגריות וינסטון כחול,Unknown,,סיגריות וינסטון כחול 100 חפיסה בודד,לא מנהל יחידת מידה,0.00,לא מנהל יחידת מידה,false,1,34.30,0.0000,false,1,123240
7290001246917,false,אקופרנד מנקה אמבטיות,אקופרנד,IL,אקופרנד מנקה אמבטיות וכיורים 750 מל,מיליליטרים,750.00,"100 מ""ל",false,1,17.90,2.3867,true,1,23004
7290001246962,false,נוזל כלים 1 ליטר אקו,פ.פ.ח. שאביט,IL,אקופרינד נוזל לניקוי כלים אקולוגי 1 ליטר,ליטרים,1.00,ליטר,false,1,15.90,15.9000,true,1,22320
7290001246986,false,אקופרנד נוזל ניקוי ר,אקופרנד,IL,אקופרנד נוזל ניקוי רב תכליתי1 ליטר,ליטרים,1.00,ליטר,false,1,17.90,17.9000,true,1,26550
7290001247068,false,נקטר ספרינג תות בננה קרטונית 1 ל',"יפאורה תבורי בע""מ",IL,ספרינג קרטוניות תות בננה 1 ל',ליטרים,1.00,ליטר,false,1,8.90,8.9000,true,1,119745
7290001247082,false,נקטר ספרינג עגבניות קרטונית 1 ל',"יפאורה תבורי בע""מ",IL,ספרינג קרטוניות עגבניות 1 ל',ליטרים,1.00,ליטר,false,1,8.90,8.9000,true,1,119746
7290001247099,false,נקטר ספרינג מנגו קרטונית 1 ל',"יפאורה תבורי בע""מ",IL,ספרינג קרטוניות מנגו 1 ל',ליטרים,1.00,ליטר,false,1,8.90,8.9000,true,1,119747
7290001247105,false,נקטר ספרינג אפרסק קרטונית 1 ל',"יפאורה תבורי בע""מ",IL,ספרינג קרטוניות אפרסק 1 ל',ליטרים,1.00,ליטר,false,1,8.90,8.9000,true,1,119748
7290001247112,false,נקטר ספרינג לימונענע קרטונית 1 ל',"יפאורה תבורי בע""מ",IL,ספרינג קרטוניות לימונענע 1 ל',ליטרים,1.00,ליטר,false,1,8.90,8.9000,true,1,119749
7290001247129,false,נקטר ספרינג תפוזים קרטונית 1 ל',"יפאורה תבורי בע""מ",IL,ספרינג קרטוניות תפוזים 1 ל',ליטרים,1.00,ליטר,false,1,8.90,8.9000,true,1,119750
7290001247143,false,נקטר ספרינג תפוחים קרטונית 1 ל',"יפאורה תבורי בע""מ",IL,ספרינג קרטוניות תפוחים 1 ל',ליטרים,1.00,ליטר,false,1,8.90,8.9000,true,1,119751
7290001258040,false,מארז רוקפור משק יעקו,משק יעקבס,IL,מארז רוקפור משק יעקובס,קילוגרמים,1.00,"ק""ג",true,,145.00,145.0000,true,1,13939
7290001258101,false,גאודה טבעי יעקבס 28%,גבינות משק יעקבס,IL,גאודה יעקבס טבעי לקג,קילוגרמים,1.00,"ק""ג",true,,99.00,99.0000,true,1,121798
7290001258118,false,קממבר טבעי יעקבס לקג,גבינות משק יעקבס,IL,קממבר טבעי יעקבס לקג,קילוגרמים,1.00,"ק""ג",true,,99.00,99.0000,true,1,121738
7290001258170,false,רוקפוא משק יעקבס לקג,גבינות משק יעקבס,,רוקפוא משק יעקבס לקג,קילוגרמים,1.00,"ק""ג",true,,129.00,129.0000,true,1,122099
7290001258217,false,גבינת לבנה צאן.,גבינות משק יעקבס,IL,לבנה עזים 1 קג,קילוגרמים,1.00,"ק""ג",true,,60.00,60.0000,true,1,121715
7290001258255,false,מארז גאודה משק יעקוב,משק יעקבס,IL,מארז גאודה משק יעקובס,קילוגרמים,1.00,"ק""ג",true,,105.00,105.0000,true,1,13938
7290001258262,false,מארז גאודה תיבול,משק יעקבס,IL,מארז גאודה תיבול,קילוגרמים,1.00,"ק""ג",true,,105.00,105.0000,true,1,13936
7290001258385,false,כדור מוצרלה במים,משק יעקבס,,כדור מוצרלה במים יעקבס לקג,קילוגרמים,1.00,"ק""ג",true,,89.00,89.0000,true,1,129694
7290001258415,false,גבינת רוקפור יעקבס,גבינות משק יעקבס,IL,גבינה רוקפור 180 גרם יעקבס,גרמים,180.00,100 גרם,false,1,26.90,14.9444,true,1,123271
7290001258439,false,גבינת עיזים למריחה.,גבינות משק יעקבס,IL,"גבינה עזים עזמה למריחה 1 ק""ג",קילוגרמים,1.00,"ק""ג",true,,69.00,69.0000,true,1,122823
7290001258446,false,משק יעקבס יוגורט כבש,גבינות משק יעקבס,IL,"משק יעקבס יוגורט כבשים 850 מ""ל",מיליליטרים,850.00,"100 מ""ל",false,1,22.90,2.6941,true,1,123882
7290001258538,false,מארז גאודה חרדל,משק יעקבס,IL,מארז גאודה חרדל,קילוגרמים,1.00,"ק""ג",true,,105.00,105.0000,true,1,13937
7290001258552,false,משק יעקבס לבנה בקר 2,בטר אנד דיפרנט,IL,לאבנה 5% מחלב בקר,גרמים,250.00,100 גרם,false,1,11.90,4.7600,true,1,13932
7290001258576,false,משק יעקבס גבינה גאוד,גבינות משק יעקבס,IL,גאודה 200 גרם,גרמים,200.00,100 גרם,false,1,23.90,11.9500,true,1,123272
7290001258590,false,גבינת מנצגו.,משק יעקבס,IL,מנצגו,קילוגרמים,1.00,"ק""ג",true,,145.00,145.0000,true,1,127694
7290001258668,false,שמנת עיזים למריחה.,גבינות משק יעקבס,IL,גבינה עז מה 250 גרם יעקבס,גרמים,250.00,100 גרם,false,1,15.80,6.3200,true,1,123717
7290001258682,false,יוגורט עיזים טבעי 50,גבינות משק יעקבס,IL,"יוגורט עיזים 500 מ""ל יעקבס",מיליליטרים,500.00,"100 מ""ל",false,1,14.90,2.9800,true,1,123439
7290001258729,false,לאבנה עיזים יעקובס 2,גבינות משק יעקבס,IL,לאבנה עיזים יעקובס 250גרם,גרמים,250.00,100 גרם,false,1,16.90,6.7600,true,1,123716
7290001258736,false,מארז קשקבל משק יעקוב,משק יעקבס,IL,מארז קשקבל משק יעקובס,קילוגרמים,1.00,"ק""ג",true,,145.00,145.0000,true,1,13940
7290001258774,false,כדורי בייבי מוצרלה ב,גבינות משק יעקבס,IL,מוצרלה בייבי 150 גרם יעקבס,גרמים,150.00,100 גרם,false,1,14.50,9.6667,true,1,13933
7290001258798,false,פטה כבשים 180 גרם,גבינות משק יעקבס,IL,גבינה פטה כבשים 250 גרם,גרמים,250.00,100 גרם,false,1,25.90,10.3600,true,1,125002
7290001258804,false,גבינת קשקבל חצי קשה,גבינות משק יעקבס,IL,קשקבל 180 גרם,גרמים,180.00,100 גרם,false,1,23.90,13.2778,true,1,125003
7290001258811,false,כדורי מוצרלה בייבי,משק יעקבס,,כדורי מוצרלה בייבי לקג יעקבס,קילוגרמים,1.00,"ק""ג",true,,89.00,89.0000,true,1,125374
7290001258835,false,תום,גבינות משק יעקבס,,תום,קילוגרמים,1.00,"ק""ג",true,,159.00,159.0000,true,1,122096
7290001258958,false,גבינת מוצרלה מגורדת,גבינות משק יעקבס,IL,גבינה מוצרלה מגורדת 24% 200 גרם יעקבס,גרמים,200.00,100 גרם,false,1,24.90,12.4500,true,1,126833
7290001258972,false,משק יעקבס חלומי200 ג,גבינות משק יעקבס,IL,חלומי 200 גרם,גרמים,200.00,100 גרם,false,1,22.90,11.4500,true,1,126834
7290001258989,false,גבינת קממברט בקרבייב,משק יעקבס,,קממבר בקר בייבי,קילוגרמים,1.00,"ק""ג",true,,129.00,129.0000,true,1,4269
7290001274422,false,שלגונים ציפוי בננה מאגדת שמינייה 560 ג',פלדמן,IL,מצופה בננה 8 560 גרם,גרמים,560.00,100 גרם,false,1,27.90,4.9821,true,1,126228
7290001274576,false,גלידל גלידה משפחתית,פלדמן,IL,גלידל וניל תות 900,גרמים,450.00,100 גרם,false,1,19.90,4.4222,true,1,119757
7290001274583,false,גלידל בטעם שוקו פקאן,פלדמן,IL,גלידל שוקו פקאן 900,גרמים,450.00,100 גרם,false,1,19.90,4.4222,true,1,119758
7290001274934,false,פופסיקל גלידה לימון 640 ג',הגלידות של פלדמן,IL,גלדיל פרי לימון 8 640 גרם,גרמים,640.00,100 גרם,false,1,25.90,4.0469,true,1,119760
7290001274941,false,פופסיקל גלידה פטל 640 ג',הגלידות של פלדמן,IL,גלידל פרי פטל 8 640 גרם,גרמים,640.00,100 גרם,false,1,25.90,4.0469,true,1,119761
7290001302194,false,ביסלי בטעם פלאפל 55 ג' אסם,"אסם השקעות בע""מ",IL,ביסלי פלאפל 55 גרם,גרמים,55.00,100 גרם,false,1,4.00,7.2727,true,1,126534
7290001302279,false,אוסם - במבה קלאסי 60 גרם,מיוצר עי קונדיטוריית,IL,במבה קלאסי כלפ.48*60גרם,גרמים,60.00,100 גרם,false,1,4.90,8.1667,true,1,126538
7290001305058,false,"פלמוליב - נטורלס תחליב רחצה חלב ודבש 500 מ""ל",הנסיך- מפעל לייצור ט,TR,פלמוליב סבון נוזלי חלב ודבש 750 מל,מיליליטרים,500.00,"100 מ""ל",false,1,19.90,3.9800,true,1,119765
7290001305188,false,פלמוליב כלים שקוף לימון 750 בקבוק חדש,יבואן ומשווק: ש. שסט,GR,פלמוליב נוזל לניקוי כלים בריח לימון (כתום) 750 מל,מיליליטרים,750.00,"100 מ""ל",false,1,11.90,1.5867,true,1,119766
7290001327180,false,שטראוס קרמיסימו וניל ציפ 1.33 ליטר,"גלידת שטראוס בע""מ, ר",IL,גלידה קרמיסימו וניל צ'יפ 1.33 ל',ליטרים,1.33,ליטר,false,1,26.90,20.2256,true,1,119771
7290001327791,false,שטראוס קרמיסימו עוגיות 1.33 ליטר,"גלידת שטראוס בע""מ, ר",IL,גלידה קרמיסימו וניל עוגיות 1.33 ל',ליטרים,1.33,ליטר,false,1,26.90,20.2256,true,1,119775
7290001342053,false,הרינג כבוש,אלדג,,הרינג כבוש במשקל,קילוגרמים,1.00,"ק""ג",true,,73.00,73.0000,true,1,124779
7290001342091,false,טונה אלבקור מעושנת לפי משקל,אלדג,IL,"טונה אלבקור-אל דג לק""ג",קילוגרמים,1.00,"ק""ג",true,,253.00,253.0000,true,1,34069
7290001342183,false,סלמון אפוי על גחלים-,אלדג,IL,"סלמון אפוי על גחלים-אל דג לק""ג",קילוגרמים,1.00,"ק""ג",true,,220.00,220.0000,true,1,34068
7290001361009,false,עוגת טורט קייבסקי,האי נאם סי או אל.טי.,IL,עוגת טורט קייבסקי 700 גרם,גרמים,700.00,100 גרם,false,1,79.90,11.4143,true,1,119783
7290001361016,false,עוגת גינגי שכבות בצק,GS עבור נטו מלינדה ס,IL,עוגת גינגי שכבות בצק דבש וקרם פטיסייר,גרמים,600.00,100 גרם,false,1,39.90,6.6500,true,1,119784
7290001361054,false,אקלרים פטיסייר (600 ג'),אף.סי תבליני בגליל ב,IL,פחזניות אקלרים 600 גרם,גרמים,600.00,100 גרם,false,1,42.90,7.1500,true,1,119785
7290001361061,false,אקלרים בציפוי שוקולד,"נטלי פלוס בע""מ",IL,אקלרים שוקולד 600 גר,גרמים,600.00,100 גרם,false,1,42.90,7.1500,true,1,34077
7290001361085,false,עוגת נפוליאון פס 600,אף.סי תבליני בגליל ב,IL,נטלי קרם שניט נפוליאון 600 גרם,גרמים,600.00,100 גרם,false,1,42.90,7.1500,true,1,119786
7290001361153,false,עוגת פיצוץ גדולה 1 ק,נטלי פלוס,,"עוגה פיצוץ גדולה 1000 ק""ג",קילוגרמים,1.10,"ק""ג",false,1,110.00,100.0000,true,1,123013
7290001361207,false,עוגת פס אוכמניות 650,נטלי פלוס,,"עוגת אוכמניות 650 ג """,גרמים,650.00,100 גרם,false,1,49.90,7.6769,true,1,21808
7290001361276,false,כדורי שוקולד 400 גר',נטלי פלוס,,כדורי שוקולד 400 ג,גרמים,400.00,100 גרם,false,1,29.90,7.4750,true,1,4648
7290001361290,false,"עוגת מוצרט 1 ק""ג","נטלי פלוס בע""מ",IL,טורט מוצרט 1 קג,קילוגרמים,1.00,"ק""ג",false,1,119.00,119.0000,true,1,34093
7290001361436,false,עוגת פס שמנת סמטניק,נטלי פלוס בעמ,IL,פס שמנת סמטניק 550 גר,גרמים,550.00,100 גרם,false,1,44.90,8.1636,true,1,34080
7290001361450,false,עוגת מותק - ריבת חלב 650 ג',נטלי פלוס,,עוגת מותק - ריבת חלב (650 גרם),גרמים,650.00,100 גרם,false,1,82.00,12.6154,true,1,21812
7290001361580,false,פס היער השחור נטלי 550 ג',"נטלי פלוס בע""מ",IL,פס היער השחור נטלי 550 גר,גרמים,550.00,100 גרם,false,1,44.90,8.1636,true,1,34081
7290001361733,false,עוגת פס אלפחורס נטלי,נטלי פלוס בעמ,IL,פס אלפחורס נטלי 550 גר,גרמים,550.00,100 גרם,false,1,44.90,8.1636,true,1,34082
7290001361894,false,פס טראפלס שוקולד 450 ג',נטלי פלוס,,פס טראפלס שוקולד (450 גרם),גרמים,450.00,100 גרם,false,1,42.90,9.5333,true,1,21811
7290001361931,false,פחזניות במילוי גבינה (350 ג'),האי נאם סי או אל.טי.,IL,פחזניות במילוי גבינה 350 גרם,גרמים,350.00,100 גרם,false,1,36.90,10.5429,true,1,124021
7290001361979,false,פס גבינה פירורים ללא סוכר 450 ג',נטלי פלוס,,עוגת פס מוס גבינה ללא תוספת סוכר 450 גרם,גרמים,450.00,100 גרם,false,1,39.90,8.8667,true,1,125604
7290001407547,false,טחינה גולמית משומשום מלא פי 6 בארכה 500ג',רושדי תעשיות מזון בע,IL,בארכה טחינה שומשום מלא פי 6 סידן 12*500ג,גרמים,500.00,100 גרם,false,1,17.90,3.5800,true,1,122784
7290001407769,false,טחינה גולמית שומשום מלא בארכה 500ג',רושדי תעשיות מזון בע,IL,בארכה טחינה עם שומשום מלא 12*500גרם,גרמים,500.00,100 גרם,false,1,17.90,3.5800,true,1,122710
7290001407813,false,חלבה שאמית פיסטוק בקטנה בארכה 350ג',רושדי תעשיות מזון בע,IL,בארכה חלבה שאמית וניל עם פסטק.כלפ8*350ג,גרמים,350.00,100 גרם,false,1,15.90,4.5429,true,1,122722
7290001407820,false,חלווה שאמית וניל קלאסית בארכה 350ג',רושדי תעשיות מזון בע,IL,בארכה חלבה שאמית קלאסית 350 גרם,גרמים,350.00,100 גרם,false,1,15.90,4.5429,true,1,122723
7290001407837,false,חלבה שאמית קקאו בארכה 350 ג',רושדי תעשיות מזון בע,IL,בארכה חלבה שאמית שוקו פולי קקאוכלפ8*350ג,גרמים,350.00,100 גרם,false,1,15.90,4.5429,true,1,122724
7290001407844,false,חלווה קלאסית וניל בארכה 350גר,רושדי תעשיות מזון בע,IL,בארכה חלבה קלאסית וניל 350 גרם,גרמים,350.00,100 גרם,false,1,15.90,4.5429,true,1,122725
7290001407936,false,בארכה-טחינה גולמית מעודנת בקבוק לחיץ 310 ג',רושדי תעשיות מזון בע,IL,בארכה טחינה מעודנת 12*310גרם,גרמים,310.00,100 גרם,false,1,13.90,4.4839,true,1,128220
7290001419618,false,וופל בלגי עלמה שחור לבן וניל 200ג',גילרו,,ופלים בלגי שוקולד עלמה 200 גרם,גרמים,200.00,100 גרם,false,1,3.90,1.9500,true,1,8554
7290001419779,false,וופל שוקו' עלמה קלאסי 200 גר,"גילרו בע""מ",,ופלים שוקולד עלמה 200 גרם,גרמים,200.00,100 גרם,false,1,3.90,1.9500,true,1,8523
7290001419793,false,גביעי גלידה מגולגל עלמה גילרו 30 יח',"גילרו בע""מ",,גביעי גלידה מגולגלים 12 יח,גרמים,132.00,100 גרם,false,1,11.90,9.0152,true,1,17730
7290001419892,false,וופל קלאסי לימון 200 ג' עלמה,"גילרו בע""מ",,ופלים לימון עלמה 200 גרם,גרמים,200.00,100 גרם,false,1,3.90,1.9500,true,1,8535
7290001425336,false,"קרם ידיים זית 200 מ""ל",שוורץ,IL,קרם ידיים זית 200,מיליליטרים,200.00,"100 מ""ל",false,1,20.90,10.4500,true,1,121943
7290001425619,false,"קרם רב שימושי שמן זית 250 סמ""ק",שוורץ,IL,"קרם רב שימושיות 250 סמ""ק",מיליליטרים,250.00,"100 מ""ל",false,1,17.90,7.1600,true,1,121867
7290001427033,false,מיץ תפוחים סחוט טבעי,"פריניב בע""מ",IL,מיץ תפוחים טבעי,ליטרים,1.00,ליטר,false,1,17.90,17.9000,true,1,123249
7290001427132,false,מיץ רימונים טבעי קשת,קשת מיצים טבעיים,IL,רימונים טבעי,מיליליטרים,500.00,"100 מ""ל",false,1,22.90,4.5800,true,1,123888
7290001436790,false,נקנקיות מרגז מיני אקסטרה חריף ארוז בלדי 500 ג',יוליניבר,IL,מרגז מיני אקסטרה חריף 500 גרם,גרמים,500.00,100 גרם,false,1,29.90,5.9800,true,1,129058
7290001439029,false,נר פנינה 9.2/7,יושלם,,"מקלות ריחניים במבוק 100 מ""ל",יחידה,1.00,יחידה,false,1,30.00,30.0000,true,1,29661
7290001439074,false,ספוג שלישיית כדורי רחצה מוסקו,יושלם,,כדור ליפה שלישיה,יחידה,1.00,יחידה,false,1,11.90,11.9000,true,1,29662
7290001439432,false,ספוג רחצה ועיסוי,יושלם,,ספוג ליפה רכה,Unknown,0.00,Unknown,false,1,11.90,0.0000,true,1,29666
7290001455241,false,סלמון פילה נורבגי 1.,LEROY,NO,סלמון פילה נורבגי 1.8-2.2 לקג,קילוגרמים,1.00,"ק""ג",true,,89.90,89.9000,true,1,28143
7290001455302,false,פילה טונה פרוס ואקום,בלאדי,IL,טונה פילה פרוס בוואקום,קילוגרמים,1.00,"ק""ג",true,,42.90,42.9000,true,1,26750
7290001476208,false,גבינה ברי משולש כבשי,מחלבות גד,IL,"גבינה ברי משולש כבשים פקאן 1 ק""ג גד",קילוגרמים,1.00,"ק""ג",true,,150.00,150.0000,true,1,119810
7290001482186,false,לפתן אננס חתוך ויליפ,הנסיך- מפעל לייצור ט,TH,ויליפוד חתיכות אננס בסירופ קל 565 גרם,גרמים,567.00,100 גרם,false,1,5.90,1.0406,true,1,27344
7290001485019,false,גבינת שמנת 5% טעם טבעי 200 ג' טרה,קריות זול,IL,גבינת קרם שמנת טבעי 200 גרם 5%,גרמים,200.00,100 גרם,false,1,13.50,6.7500,true,1,122522
7290001491010,false,תה ירוק יסמין 25 שקיקים 1.5 גרם,קריות זול,IL,תה ירוק עם יסמין T.T,גרמים,37.00,100 גרם,false,1,25.90,70.0000,true,1,119812
7290001491096,false,תה ירוק בתוספת לימונית ולואיזה 50 שקיקים ויסוצקי,קריות זול,IL,חדש תה ירוק 50לימונית ולואיזה,גרמים,75.00,100 גרם,false,1,46.90,62.5333,true,1,119813
7290001507063,false,פתי בר מקמח מלא אורג,השדה מוצרים אורגניים,IL,ביסקוויט פתי בר אורגני מקמח מלא,גרמים,200.00,100 גרם,false,1,9.90,4.9500,true,1,121960
7290001507070,false,פתי בר חרובים אורגני,השדה מוצרים אורגניים,IL,ביסקוויט פתי בר חרובים אורגני מקמח מלא,גרמים,200.00,100 גרם,false,1,9.90,4.9500,true,1,121961
7290001507162,false,אובלטים שומשום אורגנ,אם החיטה,IL,אובלטים שומשום מקמח מלא אורגני,גרמים,100.00,100 גרם,false,1,8.90,8.9000,true,1,121962
7290001507179,false,אובלטים קימל אורגניי,אם החיטה,IL,אובלטים מקמח מלא בתוספת קימל,גרמים,100.00,100 גרם,false,1,8.90,8.9000,true,1,121963
7290001507360,false,אובלטים כוסמין אורגנ,אם החיטה,IL,אובלטים כוסמין בתוספת שומשום,גרמים,100.00,100 גרם,false,1,12.90,12.9000,true,1,129454
7290001548011,false,טחינה ירוקה 250 גרם,מונטה קרלו,IL,טחינה ירוקה מונטה קרלו 250 גרם,גרמים,250.00,100 גרם,false,1,14.90,5.9600,true,1,125546
7290001548035,false,סלט טורקי מונטה קרל,מונטה קרלו,IL,סלט טורקי מונטה קרלו 250גרם,גרמים,250.00,100 גרם,false,1,14.90,5.9600,true,1,29981
7290001548042,false,ביצים גביע 250גר סלט,יושלם,,סלט ביצים מונטה קרלו 250 גרם,גרמים,250.00,100 גרם,false,,21.90,8.7600,true,1,124713
7290001548097,false,הרינג במיונז מונטה ק,מונטה קרלו,IL,הרינג במיונז מונטה קרלו 250גרם,גרמים,250.00,100 גרם,false,1,24.90,9.9600,true,1,30020
7290001548103,false,עלי גפן ממולאים 250,מונטה קרלו,IL,עלי גפן ממולאים 250 גרם,גרמים,250.00,100 גרם,false,1,19.90,7.9600,true,1,37813
7290001548110,false,חציל סלוניקי 250גרם,יושלם,,חציל סלוניקי 250גרם,גרמים,250.00,100 גרם,false,1,16.90,6.7600,true,1,124621
7290001548134,false,כרוב לבן שום שמיר מו,מונטה קרלו,IL,כרוב לבן שום שמיר מונטה קרלו 250גרם,גרמים,250.00,100 גרם,false,1,14.90,5.9600,true,1,29973
7290001548141,false,גזר מרוקאי 250 גרם ס,מונטה קרלו,IL,גזר מרוקאי 250 גרם,גרמים,250.00,100 גרם,false,1,14.90,5.9600,true,1,32461
7290001548202,false,סלק רצועות מונטה קר,מונטה קרלו,IL,סלק רצועות מונטה קרלו 250גרם,גרמים,250.00,100 גרם,false,1,14.90,5.9600,true,1,29964
7290001548226,false,פטריות ספרדי גביע 25,מונטה קרלו,IL,פטריות ספרדי מונטה קרלו 250 גרם,גרמים,250.00,100 גרם,false,1,20.90,8.3600,true,1,4299
7290001548233,false,חציל מחנה יהודה פיקנ,מונטה קרלו,IL,חציל מחנה יהודה פיקנטי 250גרם,גרמים,250.00,100 גרם,false,1,16.90,6.7600,true,1,33117
7290001548257,false,סלט חצילים ספרדי פיק,קלאס פוד,IL,סלט חצילים ספרדי פיקנטי 250 גרם,גרמים,250.00,100 גרם,false,1,16.90,6.7600,true,1,12406
7290001548271,false,כרוב לבן וגזר 250 גר,מונטה קרלו,IL,כרוב לבן עם גזר 250 גרם,גרמים,250.00,100 גרם,false,1,14.90,5.9600,true,1,33119
7290001548288,false,מסבחה פיקנטי מונטה ק,מונטה קרלו,IL,מסבחה פיקנטי מונטה קרלו 250גרם,גרמים,250.00,100 גרם,false,1,14.90,5.9600,true,1,29969
7290001548295,false,מטבוחה מונטה קרלו 25,מונטה קרלו,IL,מטבוחה מונטה קרלו 250גרם,גרמים,250.00,100 גרם,false,1,14.90,5.9600,true,1,29980
7290001548325,false,טונה ירקות מונטה קרל,מונטה קרלו,IL,טונה ירקות מונטה קרלו 250גרם,גרמים,250.00,100 גרם,false,1,23.90,9.5600,true,1,29984
7290001548349,false,"תפו""א במיונז ביתי 25",מונטה קרלו,IL,"תפו""א במיונז בייתי מונטה קרלו 250 גרם",גרמים,250.00,100 גרם,false,1,14.90,5.9600,true,1,3213
7290001548370,false,טבולה גביע 250גרם סל,מונטה קרלו,IL,טבולה מונטה קרלו 250 גרם,גרמים,250.00,100 גרם,false,1,16.90,6.7600,true,1,124648
7290001548387,false,כרוב סיני מונטה קרל,מונטה קרלו,IL,כרוב סיני מונטה קרלו 250גרם,גרמים,250.00,100 גרם,false,1,14.90,5.9600,true,1,29975
7290001548400,false,חומוס זהב מונטה קרלו,מונטה קרלו,IL,חומוס זהב מונטה קרלו 250גרם,גרמים,250.00,100 גרם,false,1,14.90,5.9600,true,1,29970
7290001548424,false,כרוב קולסלאו מונטה,מונטה קרלו,IL,כרוב קולסלאו מונטה קרלו 250 גרם,גרמים,250.00,100 גרם,false,1,14.90,5.9600,true,1,37812
7290001548431,false,סחוג ירוק מונטה קרלו,מונטה קרלו,IL,סחוג ירוק מונטה קרלו 250גרם,גרמים,250.00,100 גרם,false,1,14.90,5.9600,true,1,29985
7290001548462,false,פלפל רצועות חריף 250,מונטה קרלו,,פלפל רצועות חריף 250גרם,גרמים,250.00,100 גרם,false,1,20.90,8.3600,true,1,124785
7290001548523,false,חציל בתחמיץ מונטה ק,,,חציל בתחמיץ מונטה קרלו 250 גרם,גרמים,250.00,100 גרם,false,1,16.90,6.7600,true,1,29987
7290001548530,false,מסבחה פטרוזיליה מונט,מונטה קרלו,IL,מסבחה פטרוזיליה מונטה קרלו 250גרם,גרמים,250.00,100 גרם,false,1,14.90,5.9600,true,1,29971
7290001548561,false,גזר חריף בלימון מונט,מונטה קרלו,IL,גזר חריף בלימון מונטה קרלו 250 גרם,גרמים,250.00,100 גרם,false,1,14.90,5.9600,true,1,29979
7290001548592,false,סלט טחינה עמבה 250 ג,מונטה קרלו,IL,טחינה עמבה 250 גרם,גרמים,250.00,100 גרם,false,1,14.90,5.9600,true,1,33125
7290001548622,false,חציל טבעי פקנטי מונט,מונטה קרלו,IL,חציל טבעי פקנטי מונטה קרלו 250גרם,גרמים,250.00,100 גרם,false,1,16.90,6.7600,true,1,29966
7290001548639,false,חציל מונטה קרלו מונ,מונטה קרלו,IL,חציל מונטה קרלו מונטה קרלו 250גרם,גרמים,250.00,100 גרם,false,1,16.90,6.7600,true,1,29967
7290001548691,false,כרוב אדום במיונז מונ,מונטה קרלו,IL,כרוב אדום במיונז מונטה קרלו 250גרם,גרמים,250.00,100 גרם,false,1,14.90,5.9600,true,1,29974
7290001548714,false,איקרה ורודה מונטה קר,מונטה קרלו,IL,איקרה ורודה מונטה קרלו 250גרם,גרמים,250.00,100 גרם,false,1,21.90,8.7600,true,1,30022
7290001548738,false,חציל מרוקאי מונטה קר,מונטה קרלו,,חציל מרוקאי מונטה קרלו 250 גרם,גרמים,250.00,100 גרם,false,1,16.90,6.7600,true,1,124904
7290001548745,false,איקרה לבנה מונטה קרל,מונטה קרלו,IL,איקרה לבנה מונטה קרלו 250גרם,גרמים,250.00,100 גרם,false,1,21.90,8.7600,true,1,30021
7290001548752,false,טחינה לבנה מונטה קרל,מונטה קרלו,IL,טחינה לבנה מונטה קרלו 250גרם,גרמים,250.00,100 גרם,false,1,14.90,5.9600,true,1,29972
7290001548783,false,פלפל אש טוניסאי מונט,מונטה קרלו,IL,פלפל אש טוניסאי מונטה קרלו 250גרם,גרמים,250.00,100 גרם,false,1,20.90,8.3600,true,1,29982
7290001548875,false,חמוצים יפניים דלי מו,מונטה קרלו,IL,חמוצים יפניים דלי מונטה קרלו 450גרם,גרמים,450.00,100 גרם,false,1,23.90,5.3111,true,1,29977
7290001548950,false,פלפל חריף מונטה גביע,,,פלפל חריף מונטה 250גרם,גרמים,250.00,100 גרם,false,1,20.90,8.3600,true,1,29988
7290001548967,false,חציל תאילנדי צילי 25,קלאס פוד,IL,חציל תאילנדי צילי 250גרם,גרמים,250.00,100 גרם,false,1,16.90,6.7600,true,1,8649
7290001548998,false,סלט חומוס זהב 500 גר,מונטה קרלו,IL,חומוס זהב 500 גרם,גרמים,500.00,100 גרם,false,1,20.90,4.1800,true,1,36038
7290001551127,false,אשפתון עבה במיוחד,אחים שפירא,IL,אשפתון עבה במיוחד,יחידה,1.00,יחידה,false,1,8.90,8.9000,true,1,5030
7290001567760,false,פסטרמה של פעם 300 ג' יחיעם,פ.פ.ח. שאביט,IL,יחיעם פסטרמה של פעם 300 גרם,גרמים,300.00,100 גרם,false,1,25.90,8.6333,true,1,128302
7290001567791,false,פסטרמה בסגנון רומני 250 ג',פ.פ.ח. שאביט,IL,פסט' בסגנון רומני 250ג',גרמים,250.00,100 גרם,false,1,25.90,10.3600,true,1,128329
7290001567807,false,כתף בקר מעושן 250 ג' יחיעם,פ.פ.ח. שאביט,IL,כתף בקר מעושן יחיעם 250 גרם,גרמים,250.00,100 גרם,false,1,28.90,11.5600,true,1,128425
7290001567814,false,סלמי מעושן בסגנון איטלקי 300 ג' יחיעם,פ.פ.ח. שאביט,IL,יחיעם סלמי מעושן בסגנון איטלקי 300 גרם,גרמים,300.00,100 גרם,false,1,22.90,7.6333,true,1,128304
7290001591673,false,"קניידלך מקמח תפו""א 500 גר'",שלושת האופים,IL,"קניידלך מקמח תפו""א שלושת האופים 500 גר",גרמים,500.00,100 גרם,false,1,19.90,3.9800,true,1,35537
7290001591680,false,קניידלך מקמח מצה של,שלושת האופים,IL,קניידלך מקמח מצה שלושת האופים 500 גרם,גרמים,500.00,100 גרם,false,1,19.90,3.9800,true,1,35536
7290001594155,false,קוקה קולה בקבוק 500מ,החברה המרכזית לייצור,IL,"קוקה קולה 500 מ""ל",מיליליטרים,500.00,"100 מ""ל",false,1,7.50,1.5000,true,1,119829
7290001594179,false,פאנטה אורנג בקבוק 50,החברה המרכזית לייצור,IL,"פאנטה אורנג' 500 מ""ל",מיליליטרים,500.00,"100 מ""ל",false,1,7.50,1.5000,true,1,119831
7290001594230,false,"קינלי סודה בקבוק 250 מ""ל",החברה המרכזית לייצור,IL,"קינלי סודה 250 מ""ל",מיליליטרים,250.00,"100 מ""ל",false,1,5.90,2.3600,true,1,119833
7290001594377,false,פריגת משקה תפוזים 50,מבשלות בירה בינלאומי,IL,פריגת משקה קל תפוזים 500 מל,מיליליטרים,500.00,"100 מ""ל",false,1,7.90,1.5800,true,1,119834
7290001594384,false,"פריגת אשכוליות 500 מ""ל",מבשלות בירה בינלאומי,IL,"פריגת משק""ל אשכוליות 0.5 ליטר",מיליליטרים,500.00,"100 מ""ל",false,1,7.90,1.5800,true,1,119835
7290001594391,false,משקל פריגת ענבים 500,מבשלות בירה בינלאומי,IL,משקה קל פירות ענבים תפוחים 500 מל,מיליליטרים,500.00,"100 מ""ל",false,1,7.90,1.5800,true,1,119836
7290001594520,false,"בירה טובורג בקבוק 330מ""ל",מבשלות בירה בינלאומי,IL,"טובורג בק 330 מ""ל פקדון",מיליליטרים,330.00,"100 מ""ל",false,1,9.50,2.8788,true,1,119845
7290001594568,false,"בירה קרלסברג פחית 500 מ""ל",מבשלות בירה בינלאומי,RO,קלסברג בירה 500 מל,מיליליטרים,500.00,"100 מ""ל",false,1,9.90,1.9800,true,1,119837
7290001594575,false,"בירה טובורג פחית 500 מ""ל",מבשלות בירה בינלאומי,IL,"טובורג רד פחית 500 מ""ל",מיליליטרים,500.00,"100 מ""ל",false,1,9.90,1.9800,true,1,119838
7290001594858,false,"בירה טובורג בקבוק 330X6מ""ל",קרלסברג ישראל,IL,"בירה טובורג רד שישייה בקבוק 330 מ""ל",ליטרים,1.98,ליטר,false,1,36.90,18.6364,true,1,119844
7290001594865,false,"קרלסברג בירה בקבוק 6* 330 מ""ל",קרלסברג ישראל,IL,"בירה קרלסברג מארז שישייה בקבוק 330 מ""ל",ליטרים,1.98,ליטר,false,1,36.90,18.6364,true,1,119846
7290001598429,false,פרנה מרוקאית חמשת 4,מאפיית יוסף ברון בעמ,IL,מארז פרנות,גרמים,520.00,100 גרם,false,1,13.90,2.6731,true,1,25094
7290001670057,false,כפיות חד פעמי 100 יח,הנמל אריזות ושיווק ב,IL,הנמל כפיות לבן 100 יחידות,Unknown,0.00,Unknown,false,1,12.90,0.0000,true,1,8497
7290001670071,false,כפות חד פעמי לבן 100 יח',הנמל אריזות ושיווק ב,IL,הנמל כפות לבן 100 יחידות,Unknown,0.00,Unknown,false,1,15.90,0.0000,true,1,8477
7290001670408,false,נרות חימום בשקית 50 יח`,לחמנו,CN,נרות במעטפת מתכתית 50 יח`,Unknown,0.00,Unknown,false,1,12.90,0.0000,true,1,8489
7290001670668,false,שקיות הקפאה לקרח הנמ,"איטיליאן פוד, אס.פי.",TR,הנמל שקיות להכנת קרח 12 יחידות,Unknown,0.00,Unknown,false,1,4.90,0.0000,true,1,122244
7290001670873,false,"צלחות גדולות לבנות קשיח ח""פ הנמל 66יח'",הנמל אריזות ושיווק ב,IL,צלחות עבות במיוחד 66 יחידות,קילוגרמים,1.00,"ק""ג",false,1,54.90,54.9000,true,1,8478
7290001690147,false,"גבינת מותכת למריחה6%,120 ג' טעם טוב",שלושת האופים,IL,טעם טוב גבינה מותכת למריחה 6%,לא מנהל יחידת מידה,0.00,לא מנהל יחידת מידה,false,1,11.90,0.0000,true,1,34813
7290001710111,false,נקניקיות מרגז 500 גר,לאטי עזרא גלם ודגים,,נקניקיות מרגז 500 גר,גרמים,500.00,100 גרם,false,1,26.90,5.3800,true,1,3167
7290001710128,false,נקניקיות צוריסוס 500,מעדני הטלה,,"נקניקיות צ""וריסוס 500 גר",גרמים,500.00,100 גרם,false,1,26.90,5.3800,true,1,8893
7290001710135,false,סטייק עוף מעדני הטלה,מעדני הטלה,,"סטייק עוף מעדני הטלה לק""ג",קילוגרמים,1.00,"ק""ג",true,,29.90,29.9000,true,1,3028
7290001710159,false,"גולש עגל ארוז לק""ג",לאטי עזרא גלם ודגים,,"גולש עגל ארוז לק""ג",קילוגרמים,1.00,"ק""ג",true,,54.00,54.0000,true,1,123449
7290001710333,false,טבעות עגל ארוז ואקום,מעדני הטלה והעגל,,"טבעות עגל ארוז ואקום לק""ג",קילוגרמים,1.00,"ק""ג",true,,64.90,64.9000,true,1,125194
7290001710357,false,עוף שלם קפוא,לאטי עזרא,,"עוף שלם קפוא לק""ג",קילוגרמים,1.00,"ק""ג",true,,30.00,30.0000,true,1,17963
7290001710548,false,כנפיים עוף קפוא לקג,לאטי עזרא,,כנפיים עוף קפוא לקג,קילוגרמים,1.00,"ק""ג",true,,12.90,12.9000,true,1,9707
7290001710661,false,חזה עוף קפוא,מעדני הטלה והעגל,,חזה עוף קפוא קג,קילוגרמים,1.00,"ק""ג",true,,34.90,34.9000,true,1,9708
7290001710784,false,מיני צוריסוס 500 גר,מעדני הטלה,,"מיני צ""וריסוס 500 גר """,גרמים,500.00,100 גרם,false,1,29.90,5.9800,true,1,17960
7290001710814,false,טחון בקר 500 גר,מעדני הטלה,,"טחון בקר 500 גר """,גרמים,500.00,100 גרם,false,1,26.90,5.3800,true,1,9694
7290001710869,false,"שניצל עוף קפוא לק""ג",לאטי עזרא,,"שניצל עוף קפוא לק""ג",קילוגרמים,1.00,"ק""ג",true,,47.00,47.0000,true,1,125174
7290001713020,false,שקיות אשפה 25 יחידות 75*85 סנט מוריץ,אסיר פלסט,TR,עלמה שקיות אשפה 25 יחידות 75 85,יחידה,25.00,יחידה,false,1,7.90,0.3160,true,1,36821
7290001713105,false,עלמה נייר אפייה 42*37 50 יח',קומפלקס כימיקלים,IL,עלמה נייר אפייה 50 יחידות,יחידה,50.00,יחידה,false,1,8.90,0.1780,true,1,36822
7290001713150,false,סנט מוריץ מתז אקונומיקה Bleach קצף לימון 1 ליטר,קומפלקס כימיקלים,IL,אקונומיקה קצף לניקוי לימון סנט מוריץ 1 ל,ליטרים,1.00,ליטר,false,1,12.90,12.9000,true,1,36823
7290001713167,false,סנט מוריץ - מרסס קצף ניקוי 1 ליטר סניטרי אפור,קומפלקס כימיקלים,IL,קצף לניקוי 1 ליטר,ליטרים,1.00,ליטר,false,1,12.90,12.9000,true,1,36824
7290001713228,false,מנקה רצפות סופר מבושם כחול 2.5 ל',ABC,TR,נוזל רצפות סופר מבושם כחול 2.5 ליטר,ליטרים,2.50,ליטר,false,1,14.90,5.9600,true,1,36826
7290001713242,false,עלמה שקיות אשפה 25 יחידות 75*90 עם ידית,אסיר פלסט,TR,עלמה שקיות אשפה 25 יחידות 75 90 עם ידית,יחידה,25.00,יחידה,false,1,12.90,0.5160,true,1,36828
7290001713501,false,"רדיד אלומיניום עלמה עבה 45 ס""מ 50 מ' סנט מוריץ",קומפלקס כימיקלים,IL,עלמה רדיד אלומיניום עלמה עבה 45 סמ 50 מ,יחידה,1.00,יחידה,false,1,38.90,38.9000,true,1,37039
7290001713662,false,מרכך כביסה pure בניחוח מלון רויאל 1 ל' סנט מוריץ,טרסאן,TR,מרכך כביסה מרוכז בניחוח בית מלון רויאל 1,ליטרים,1.00,ליטר,false,1,11.90,11.9000,true,1,36832
7290001713860,false,PURE מרכך כביסה בניחוח מלון ספא 1 ליטר,טרסאן,TR,מרכך כביסה מרוכז בניחוח בית מלון ספא 1 ל,ליטרים,1.00,ליטר,false,1,11.90,11.9000,true,1,36835
7290001713884,false,עלמה מטליות מיקרופייבר שלישייה לרצפה,קומפלקס כימיקלים,CN,עלמה מיקרופייבר מטליות רצפה שלישייה,יחידה,3.00,יחידה,false,1,14.90,4.9667,true,1,36836
7290001713891,false,עלמה מיקרופייבר חמישייה לניקוי חמישייה סנט מוריץ,קומפלקס כימיקלים,CN,עלמה מיקרופייבר לניקוי שיש חמישייה,יחידה,5.00,יחידה,false,1,9.90,1.9800,true,1,36837
7290001713907,false,אקונומיקה בלנקו גל סמיכה 4 ליטר,קומפלקס כימיקלים,IL,בלנקו גל אקונומיקה סמיכה בניחוח לימון 4,ליטרים,4.00,ליטר,false,1,13.90,3.4750,true,1,36838
7290001713921,false,אקונומיקה bleach מבושמת 4 ל' סנט מוריץ,קומפלקס כימיקלים,IL,אקונומיקה מבושמת סנט מוריץ 4 ליטר,ליטרים,4.00,ליטר,false,1,11.90,2.9750,true,1,36839
7290001713938,false,ניילון נצמד 150 מטר קומפלקס,קומפלקס כימיקלים,IL,עלמה ניילון נצמד 150 מטר,מטרים,150.00,מטר,false,1,18.90,0.1260,true,1,37040
7290001780428,false,מאגדת גלידת לייט שוקולד נסטלה 6יח' 312ג',גלידות נסטלה (נגה גל,IL,נסטלה שלגון לייט שוקולד מאח בדצ.6 6*52ג,גרמים,312.00,100 גרם,false,1,27.90,8.9423,true,1,121894
7290001791349,false,אקונומיקה פסגה ריחנית 4ליטר,"סנו מפעלי ברונוס בע""",IL,אקונומיקה ריחנית פיסגה 4 ליטר,ליטרים,4.00,ליטר,false,1,11.90,2.9750,true,1,8942
7290001791363,false,"פרש אוטומטיק בריח וניל 250 מ""ל סנו",סנו מפעלי ברונוס בעמ,IL,סנו פרש אוטומטי מבשם אוויר וניל וקוקוס 250 מל,גרמים,250.00,100 גרם,false,1,17.90,7.1600,true,1,9608
7290001791776,false,"סנו - די רולאון דוחה יתושים אלוורה 50 מ""ל",גוד פוד פרודקטס S.p,IL,סנו די פלוס אלוורה כדורית 50 מל,מיליליטרים,50.00,"100 מ""ל",false,1,19.90,39.8000,true,1,122901
7290001805008,false,רביעיית פיתות,מאפיית גילי,,רביעיית פיתות,גרמים,425.00,100 גרם,false,1,11.90,2.8000,true,1,121719
7290001805039,false,רביעיית פיתות חיטה מ,מאפיית גילי,,רביעיית פיתות חיטה מלאה,גרמים,425.00,100 גרם,false,1,11.90,2.8000,true,1,122634
7290001817377,false,צ'יטוס חטיף איקס עיגול פיצה 60 גרם,"שטראוס פריטו ליי בע""",IL,ציטוס איקס עיגול 60 גר 40 יח,גרמים,60.00,100 גרם,false,1,3.50,5.8333,true,1,119892
7290001817728,false,צ'יטוס חטיף כאפה קטשופ 55 גרם,"שטראוס פריטו ליי בע""",IL,"חטיף צ""יטוס כאפה 55 גר",גרמים,55.00,100 גרם,false,1,3.50,6.3636,true,1,119893
7290001835388,false,פרמיו חטיף סטריפס לכ,סאטורן,DE,פרמיו חטיף סטריפס לכלב 85גר,גרמים,85.00,100 גרם,false,1,14.90,17.5294,true,1,37064
7290001865439,false,פמלי לקשרי 1ליטר וניל טהור +משאבה,אף.סי תבליני בגליל ב,IL,פמילי אל סבון נוזלי בניחוח וניל טהור 1 ליטר,ליטרים,1.00,ליטר,false,1,14.90,14.9000,true,1,119897
7290001865453,false,פמלי לקשרי 1ליטר לבנדר ארומטי+משאבה,מיוצר עי קונדיטוריית,TR,פמילי אל סבון נוזלי לבנדר ארומטי 1 ליטר,ליטרים,1.00,ליטר,false,1,14.90,14.9000,true,1,119898
7290001873441,false,המבורגר בלאק אנגוס 3,טיבון ויל אחזקות בעמ,IL,המבורגר BLACK ANGUS 320 גרם,גרמים,320.00,100 גרם,false,1,29.90,9.3437,true,1,23699
7290001873458,false,סטייק בורגר בלאק אנג,מולינו ניקולי s.p.a,IL,סטייק בורגר black angus 320 גרם,גרמים,320.00,100 גרם,false,1,29.90,9.3437,true,1,23700
7290001873472,false,קבב 320 גר בלאק אנגו,טיבון ויל אחזקות בעמ,IL,קבב BLACK ANGOS 320 גרם,גרמים,320.00,100 גרם,false,1,29.90,9.3437,true,1,23953
7290001873489,false,קרפצ'יו בלאק אנגוס 1,טיבון ויל אחזקות בעמ,IL,קרפציו BLACK ANGOS 320 גרם,גרמים,320.00,100 גרם,false,1,24.90,7.7812,true,1,23952
7290001881224,false,קוביות אננס מאמא מרי,מאמא מרי,IL,אננס קפוא 300 גרם,גרמים,300.00,100 גרם,false,1,14.90,4.9667,true,1,14012
7290001881231,false,מנגו מאמא מרי 300,מאמא מרי,IL,מנגו מאמא מרי 300 גרם,גרמים,300.00,100 גרם,false,1,15.90,5.3000,true,1,17219
7290001892077,false,לחם שיפון בריאות/רוס,מאפיית פולנסקי,IL,לחם בריאות סובין 700 גרם,לא מנהל יחידת מידה,0.00,לא מנהל יחידת מידה,false,1,12.90,0.0000,true,1,3591
7290001990094,false,"סוכר חום כהה צנצנת קלאסי סוגת 1ק""ג",האי נאם סי או אל.טי.,IL,"סוכר חום בצנצנת סוגת 1 ק""ג",קילוגרמים,1.00,"ק""ג",false,1,15.90,15.9000,true,1,121821
7290001990117,false,שומשום סוגת 100 גרם,האי נאם סי או אל.טי.,IL,שומשום 100 גר',גרמים,100.00,100 גרם,false,1,4.20,4.2000,true,1,122922
7290001990148,false,"סוכר גולדן קלאסי צנצנת 1ק""ג סוגת",האי נאם סי או אל.טי.,IL,סוכר גולדן קלאסי צנצנת 1 קג,קילוגרמים,1.00,"ק""ג",false,1,11.50,11.5000,true,1,121855
7290001990278,false,"שעועית לבנה סוגת 1 ק""ג",סוגת,,שעועית לבנה 1 קג,קילוגרמים,1.00,"ק""ג",false,1,18.90,18.9000,true,1,33522
7290001990407,false,"עדשים ירוקים 1 ק""ג סוגת",סוגת,,עדשים ירוקות 1 קג,קילוגרמים,1.00,"ק""ג",false,1,14.90,14.9000,true,1,33765
7290001990414,false,"עדשים אדומים יבש סוגת 1 ק""ג",,,"עדשים אדומות 1 ק""ג",קילוגרמים,1.00,"ק""ג",false,1,14.90,14.9000,true,1,21391
7290002000136,false,מגע המשי שעווה דבש למיקרוגל 500 ג',ש. שוורץ (באר שבע) ב,IL,551שעווה למיקרו מגע משי הדבש 500 גרם,גרמים,500.00,100 גרם,false,1,21.70,4.3400,true,1,119922
7290002000143,false,"חדש -פנג'ל ק.ידיים קלאסיק 80מ""ל",מיוצר עי קונדיטוריית,IL,פנג'ל קרם ידיים קלאסיק 80 מל,מיליליטרים,80.00,"100 מ""ל",false,1,8.80,11.0000,true,1,119923
7290002000266,false,מגע המשי שעווה תפוח למיקרוגל 500 ג',המאפיה של הרמן,IL,מגע המשי התפוח- שעווה לחימום במיקרוגל 500 גרם,גרמים,500.00,100 גרם,false,1,21.70,4.3400,true,1,119924
7290002002857,false,מגע המשי נייר הדבש 50יח',"איטיליאן פוד, אס.פי.",IL,נייר מגע המשי להסרת שיער 50 יח,יחידה,1.00,יחידה,false,1,21.90,21.9000,true,1,119925
7290002007234,false,אבקת סוכר 100 ג' הנמל,"מיוצר וארוז ע""י: ר.ס",IL,הנמל אבקת סוכר 100 גרם,גרמים,100.00,100 גרם,false,1,2.20,2.2000,true,1,8447
7290002007487,false,צמר פלדה הנמל 100 גר,"איטיליאן פוד, אס.פי.",IL,הנמל צמר פלדה 100 גרם,יחידה,1.00,יחידה,false,1,4.90,4.9000,true,1,123418
7290002007500,false,קיסמי שיניים במבוק בחבית 500 יח',הנמל אריזות ושיווק ב,IL,קסמים חבית 500 יחידות,לא מנהל יחידת מידה,0.00,לא מנהל יחידת מידה,false,1,4.90,0.0000,true,1,119928
7290002007623,false,כוסות ליין 50 יחידות,"איטיליאן פוד, אס.פי.",TR,הנמל כוסות יין 50 יחידות,לא מנהל יחידת מידה,0.00,לא מנהל יחידת מידה,false,1,5.90,0.0000,true,1,2792
7290002007852,false,"תמצית אפייה בטעמים שונים 55 מ""ל הנמל",ממתקי עלה יצור ושיוו,IL,הנמל תמצית בטעם וניל 55 מל,מיליליטרים,55.00,"100 מ""ל",false,1,3.50,6.3636,true,1,8450
7290002007890,false,כוסות שתייה קרה 100 יח` 200 PP מל`,,IL,כוס שתיה קרה 100 יח,יחידה,100.00,יחידה,false,1,11.90,0.1190,true,1,8451
7290002007982,false,מזלגות חד פעמי 100 יח',הנמל אריזות ושיווק ב,IL,"הנמל מזלגות, 100 יחידות",Unknown,0.00,Unknown,false,1,15.90,0.0000,true,1,8479
7290002008040,false,"שיפודים עץ 30 ס""מ הנמל 100יח'",הנמל אריזות ושיווק ב,IL,הנמל שיפודי במבוק 100 יחידות,Unknown,0.00,Unknown,false,1,4.50,0.0000,true,1,8452
7290002008149,false,מדליק פחם מוצק הנמל אריזת 40יח',מ.א.יצור ויבוא מטליו,IL,"הנמל מדליק פחם מוצק, 40 יחידות",Unknown,0.00,Unknown,false,1,7.90,0.0000,true,1,8456
7290002008187,false,קשים לשתיה מתקפלים 40 יח',"איטיליאן פוד, אס.פי.",CN,קשים מתקפלים לשתיה 40 יח,לא מנהל יחידת מידה,0.00,לא מנהל יחידת מידה,false,1,1.90,0.0000,true,1,119929
7290002008224,false,סוכריות לקישוט צבעונית הנמל 100 ג',ממתקי עלה בעמ,IL,סוכריות לקישוט צבעוני 100 גרם,גרמים,100.00,100 גרם,false,1,5.50,5.5000,true,1,8457
7290002008309,false,עטרות נייר חום לעוגה מס' 4 הנמל 130יח',הנמל אריזות ושיווק ב,IL,"הנמל עטרות נייר אפייה מספר 4 , 130 יח'",לא מנהל יחידת מידה,0.00,לא מנהל יחידת מידה,false,1,5.90,0.0000,true,1,8458
7290002008354,false,מפת מגן נילון לשולחן,"איטיליאן פוד, אס.פי.",IL,הנמל מפות שולחן בגליל 8 יח',Unknown,0.00,Unknown,false,1,9.90,0.0000,true,1,24307
7290002008507,false,נייר אפייה 50 יח' הנמל,הנמל אריזות ושיווק ב,IL,הנמל נייר אפייה 50 יח,לא מנהל יחידת מידה,0.00,לא מנהל יחידת מידה,false,1,10.90,0.0000,true,1,121857
7290002008651,false,קמח תפוח אדמה 500 ג' הנמל,ר.ס. חברה ליבוא וייצ,IL,הנמל קמח תפוח אדמה 500,גרמים,500.00,100 גרם,false,1,6.90,1.3800,true,1,8503
7290002008743,false,סוכר וניל 10*10 ג' הנמל,"מיוצר וארוז ע""י: ר.ס",IL,הנמל סוכר וניל 10 יחידות,גרמים,100.00,100 גרם,false,1,3.00,3.0000,true,1,8460
7290002008750,false,אבקת אפיה הנמל מארז 10X10 ג',ר.ס. חברה ליבוא ויצו,IL,הנמל אבקת אפיה 10 יחידות,גרמים,100.00,100 גרם,false,1,2.90,2.9000,true,1,8461
7290002008835,false,מגן כיריים 4יח,מיוצר בסין.יבוא ושיו,CN,הנמל מגן כיריים אלומיניום 4 יחידות,Unknown,0.00,Unknown,false,1,5.90,0.0000,true,1,119931
7290002008989,false,קישקשים קשים לשתיה 225יח הנמל,הנמל אריזות ושיווק ב,CN,הנמל קישקשים 225 יחידות,לא מנהל יחידת מידה,0.00,לא מנהל יחידת מידה,false,1,10.90,0.0000,true,1,121672
7290002012139,false,אנג'ל חלה רגילה 500 ג',מאפיית אנג'ל,,חלה רגילה אנגל 500 גרם,לא מנהל יחידת מידה,0.00,לא מנהל יחידת מידה,false,1,6.26,0.0000,true,1,1253
7290002013006,false,פסטרמה מקסיקנית זוגל,זוגלובק,IL,פסטרמה מקסיקנית,קילוגרמים,1.00,"ק""ג",true,,89.00,89.0000,true,1,123861
7290002013037,false,פסטרמה פרגית זוגלובק,זוגלובק,IL,פסטרמה פרגיות על לבנים,קילוגרמים,1.00,"ק""ג",true,,89.00,89.0000,true,1,123862
7290002013174,false,פסטרמה של פעם זוגלוב,זוגלובק,IL,פסטרמה של פעם,קילוגרמים,1.00,"ק""ג",true,,89.00,89.0000,true,1,126169
7290002019787,false,רסק עגבניות טבע טרי 260 ג' פריניר,פריניר ( הדס 1987) ב,IL,רוטב עגבניות מרוכז,גרמים,260.00,100 גרם,false,1,4.90,1.8846,true,1,119933
7290002019794,false,רסק עגבניות טבע טרי פריניר 100ג',פריניר ( הדס 1987) ב,IL,רסק עגבניות 22% פרי ניר 100 גרם,גרמים,100.00,100 גרם,false,1,2.50,2.5000,true,1,119934
7290002022152,false,מרשמלו ורוד לבן וסטהיים 100ג36X שקיות בקרטון,מנדלז סי.אר. פרודקשן,IL,מרשמלו ורוד לבן וסטהיים 100ג36X שקיות בקרטון,גרמים,100.00,100 גרם,false,1,4.90,4.9000,true,1,13722
7290002026341,false,בטטה צ'יפס רגיל אריסטו קראנץ 500 ג',האי נאם סי או אל.טי.,CA,צ'יפס אריסטו רגיל שקיות רשת,גרמים,500.00,100 גרם,false,1,16.90,3.3800,true,1,24853
7290002026358,false,צ'יפס בטטה זיגזג אריסטו 500ג',האי נאם סי או אל.טי.,CA,צ'יפס אריסטו זיג זג שקיות רשת,גרמים,500.00,100 גרם,false,1,16.90,3.3800,true,1,24852
7290002026365,false,טבעות בצל אריסטו קראנץ 500 ג',היידי שוקולד בירונטי,IL,טבעות בצל אריסטו קראנץ 500 גרם,גרמים,500.00,100 גרם,false,1,10.90,2.1800,true,1,24851
7290002026402,false,בלינצס גבינה בראנץ אנד קראנץ 350 ג',מוצרי איכות אמריקאיי,IL,בלינצס גבינה חם-בראנצ,גרמים,350.00,100 גרם,false,1,13.90,3.9714,true,1,125750
7290002026440,false,פרצלס בייגלה בראנץ אנד קראנץ 280 ג',מוצרי איכות אמריקאיי,IL,פרצלס בראנץ 280 גרם,גרמים,280.00,100 גרם,false,1,13.90,4.9643,true,1,125593
7290002026587,false,וופל בלגי פרווה בראנץ אנד קראנץ 8 יח',בראנץ' אנד קראנץ Brunch& Crunch,BE,וופל בלגי פרווה בראנץ-מיני 280גרם,גרמים,280.00,100 גרם,false,1,13.90,4.9643,true,1,28223
7290002035046,false,הרינג מיונז במשקל,"סלטי שמיר 2006 בע""מ",,הרינג מיונז במשקל,קילוגרמים,1.00,"ק""ג",true,,73.00,73.0000,true,1,129363
7290002035138,false,מקרל מעושן בואקום לפי שקילה,אלדג,IL,"מקרל מעושן בוואקום- אל דג לק""ג",קילוגרמים,1.00,"ק""ג",true,,105.00,105.0000,true,1,124799
7290002035169,false,פילה מקרל-מקרוסקה מעושנת בואקום שקיל,אלדג,IL,"פילה מקרושקה בוואקום אל דג לק""ג",קילוגרמים,1.00,"ק""ג",true,,160.00,160.0000,true,1,34072
7290002035312,false,טונה מעושנת פרוס בואקום שקיל,אלדג,IL,"טונה מעושנת אל דג לק""ג",קילוגרמים,1.00,"ק""ג",true,,220.00,220.0000,true,1,17149
7290002037125,false,חלה פרוסה וודש 500גר,מאפית י את א ברמן בע,IL,ודש חלה פרוסה 500 גרם,גרמים,500.00,100 גרם,false,1,8.90,1.7800,true,1,119936
7290002037163,false,**לחם אחיד פרוס וודש 750 גרם,מאפיית ודש,IL,ודש קבוצת ברמן לחם אחיד פרוס מקמח כהה 750 גרם,גרמים,750.00,100 גרם,false,1,7.11,0.9480,true,1,119937
7290002037309,false,לחמניות המבורגר 8יח 400גר,מאפית י את א ברמן בע,IL,8 לחמניות המבורגר,גרמים,300.00,100 גרם,false,1,13.90,4.6333,true,1,119938
7290002040019,false,קוסקוס רגיל הנמל 350 גר',"קוסקוס מזון בע""מ",IL,קוסקוס רגיל 350 גרם,גרמים,350.00,100 גרם,false,1,5.90,1.6857,true,1,119939
7290002040064,false,קוסקוס דק הנמל 350 גר',טרופיקל דגיל תעשיות,IL,קוסקוס דק 350 גרם,גרמים,350.00,100 גרם,false,1,5.90,1.6857,true,1,119940
7290002043065,false,פריכיות אורז חום מלא בציפוי שוקולד מריר בלגי 70 ג',נוהלס,BG,פריכוני אורז חום מלא בציפוי שוקו מריר70ג,גרמים,70.00,100 גרם,false,1,7.90,11.2857,true,1,28478
7290002043072,false,פריכיות אורז חום מלא בציפוי שוקולד חלב בלגי 70 ג',נוהלס,BG,פריכוני אורז חום מלא בציפוי שוקו חלב70ג,גרמים,70.00,100 גרם,false,1,7.90,11.2857,true,1,28479
7290002043096,false,פריכוני אורז חום מלא,נוהלס,BG,פריכוני אורז חום מלא בציפוי שוקו לבן70ג,גרמים,70.00,100 גרם,false,1,7.90,11.2857,true,1,28480
7290002043188,false,ציפס אורז חום מלא צי'לי חריף אקסטרא 60 ג',נוהלס,BG,ציפס אורז חום מלא צילי חריף60גרם,גרמים,60.00,100 גרם,false,1,5.90,9.8333,true,1,28477
7290002043218,false,ציפס אורז חום מלא מלח אקסטרא 60 ג',נוהלס,BG,ציפס אורז חום מלא מלח 60גרם,גרמים,60.00,100 גרם,false,1,5.90,9.8333,true,1,28476
7290002043782,false,ציפס אורז חום מלא טקסס ברביקיו אקסטרא 60 ג',נוהלס,BG,ציפס אורז חום מלא טקסס ברביקיו 60גרם,גרמים,60.00,100 גרם,false,1,5.90,9.8333,true,1,28475
7290002043812,false,פריכיות צ'יה וקינואה,נוהלס,BG,פריכוני אורז חום מלא ציה וקינואה 24גרם,גרמים,24.00,100 גרם,false,1,4.90,20.4167,true,1,28481
7290002057017,false,זיתים נובו ענק A2 יבנה 330ג',קריות זול,IL,"קבוצת יבנה, זיתים ירוקים נובו ענק",גרמים,540.00,100 גרם,false,1,10.90,2.0185,true,1,12657
7290002057031,false,זיתים מבוקע פיקנטי A2 יבנה 560 ג',קריות זול,IL,קבוצת יבנה זיתים מבוקעים 540 גרם,גרמים,540.00,100 גרם,false,1,8.90,1.6481,true,1,12625
7290002057093,false,זיתים מנזנילו ירוק A2 יבנה 540ג',קדבורי,IL,זיתים מנזנילו ירוק יבנה,גרמים,540.00,100 גרם,false,1,9.90,1.8333,true,1,12627
7290002057123,false,זיתים חרוזית ירוק A2 יבנה 540ג',קריות זול,IL,זיתים ירוקים מנזנילו ללא גלעין 540 יבנה,גרמים,540.00,100 גרם,false,1,9.50,1.7593,true,1,119947
7290002057185,false,טבעות זיתים ירוקים 560 ג' יבנה,קריות זול,IL,טבעות זיתים ירוקים 540 גרם יבנה,גרמים,540.00,100 גרם,false,1,9.90,1.8333,true,1,119948
7290002057352,false,מלפפון במלח 7-9 560 ג' יבנה,קבוצת יבנה מוצרי מזו,IL,מלפפונים במלח גדול 7-9 540 גרם,גרמים,540.00,100 גרם,false,1,6.80,1.2593,true,1,119949
7290002057369,false,מלפפון במלח ‏12‏-‏10‏ 560 ג' יבנה,קבוצת יבנה,IL,מלפפונים במלח יבנה10-12 540 גרם,גרמים,540.00,100 גרם,false,1,8.50,1.5741,true,1,119950
7290002057376,false,מלפפון במלח ‏17‏-‏13‏ 560 ג' יבנה,קבוצת יבנה,IL,13-17 מלפפונים במלח קטן,גרמים,540.00,100 גרם,false,1,10.90,2.0185,true,1,119951
7290002057383,false,מלפפון במלח ‏25‏-‏18‏ 560 ג' יבנה,קריות זול,IL,מלפפונים במלח קטן 18-25 540 גרם,גרמים,540.00,100 גרם,false,1,12.30,2.2778,true,1,119952
7290002057437,false,שיפקונית קבוצת יבנה,קבוצת יבנה,IL,2Aשיפקונית יבנה 540גרם,גרמים,540.00,100 גרם,false,1,10.90,2.0185,true,1,33537
7290002057451,false,מלפפון בחומץ ‏9‏-‏7‏ %‏20‏ 560 ג' יבנה,אף.סי תבליני בגליל ב,IL,מלפפונים בחומץ גדול 7-9 540 גרם,גרמים,540.00,100 גרם,false,1,6.80,1.2593,true,1,119953
7290002057468,false,מלפפון חומץ ‏12‏-‏10‏ 560 ג' יבנה,קבוצת יבנה,IL,מלפפונים בחומץ יבנה10-12 540 גרם,גרמים,540.00,100 גרם,false,1,8.50,1.5741,true,1,121669
7290002057475,false,מלפפונים בחומץ 13-17 קטן A2 יבנה 540ג',קבוצת יבנה,IL,מלפפון קטן בחומץ 13-17 540גרם יבנה,גרמים,540.00,100 גרם,false,1,10.90,2.0185,true,1,121673
7290002057482,false,מלפפון חומץ ‏25‏-‏18‏ 560 ג' יבנה,קריות זול,IL,מלפפון קטן בחומץ 18-25 יבנה 540גרם,גרמים,540.00,100 גרם,false,1,11.90,2.2037,true,1,121693
7290002057604,false,שיפקה פלפל חריף A2 יבנה 600ג',קבוצת יבנה,IL,קבוצת יבנה פלפל חריף שיפקה 560 גרם,גרמים,540.00,100 גרם,false,1,6.30,1.1667,true,1,119954
7290002057628,false,זיתים טבעות מושחר A2 יבנה 540ג',קריות זול,IL,"קבוצת יבנה, זיתים מושחרים טבעות",גרמים,540.00,100 גרם,false,1,9.90,1.8333,true,1,119955
7290002057703,false,חצילים ‏2‏-‏A‏ יבנה 560 גר',קבוצת יבנה,IL,"קבוצת יבנה, חצילים במלח",גרמים,540.00,100 גרם,false,1,6.90,1.2778,true,1,119956
7290002057734,false,זיתים חרוזית שחור A2 יבנה 540ג',קריות זול,IL,זיתים מושחרים ללא גלעין 540ג יבנה ח,גרמים,540.00,100 גרם,false,1,9.90,1.8333,true,1,119957
7290002065555,false,לחמניה אנג'ל ארוכה שקית 6יח,מאפיית שלמה א. אנג'ל,IL,אנג'ל הלחמניה -450 גרם,גרמים,450.00,100 גרם,false,1,10.90,2.4222,true,1,119958
7290002075233,false,שוקולדים אייסקונפקט,יושלם,,איס קונפקט קטן צנצנת 250 גר,גרמים,250.00,100 גרם,false,1,17.90,7.1600,true,1,119960
7290002077268,false,מיני קציצות דג לבישול 500 גרם קהילות,האי נאם סי או אל.טי.,IL,דלידג מיני קציצות דג לבישול 500 גרם,גרמים,500.00,100 גרם,false,1,22.50,4.5000,true,1,3195
7290002079033,false,לחם דגנים לייט פרוס 500 ג',מאפיית דוידוביץ ובני,IL,לחם דגנים לייט,גרמים,500.00,100 גרם,false,1,13.90,2.7800,true,1,25666
7290002079217,false,מחמצת עם אגוזים שיפון 650 ג',מאפיית אחדות חיפה בע,IL,מחמצת עם אגוזים שיפון 650 גרם,גרמים,650.00,100 גרם,false,1,13.90,2.1385,true,1,25389
7290002079590,false,חלה רגילה 500 גרם,מאפיית דוידוביץ,,חלה רגילה**,גרמים,0.00,100 גרם,false,1,6.26,0.0000,true,1,2771
7290002079927,false,לחם דגנים מלא דוידוב,מאפיית אחדות חיפה(93,IL,לחם דגנים מלא,גרמים,750.00,100 גרם,false,1,13.90,1.8533,true,1,25670
7290002079996,false,לחם אחיד קל פרוס 750 גרם,הנסיך- מפעל לייצור ט,IL,מאפית דוידוביץ לחם אחיד קל 750 גרם,גרמים,750.00,100 גרם,false,1,12.90,1.7200,true,1,25667
7290002096009,false,דובשניות 450 גר,חפץ,,דובשניות רגילות450 גר .ש.חפץ,גרמים,450.00,100 גרם,false,1,10.90,2.4222,true,1,119962
7290002107071,false,צוריאל פטה עיזים מעודנת גביע 16% 200ג,מחלבת משק צוריאל,IL,בולגרית עיזים מעודנת צוריאל 16% 200גר,גרמים,200.00,100 גרם,false,1,26.90,13.4500,true,1,122281
7290002107385,false,גבינת מה עיזים בגליל צוריאל 180 ג',מחלבת משק צוריאל,IL,משק צוריאל מה-עז מחלב עיזים 20% שומן 180 גרם,גרמים,180.00,100 גרם,false,1,24.90,13.8333,true,1,123259
7290002107491,false,גבינת עזים למריחה טבעי 5% צוריאל 250 ג',מחלבת משק צוריאל,IL,משק צוריאל גבינת עיזים 5% למריחה 250 גרם,גרמים,250.00,100 גרם,false,1,16.50,6.6000,true,1,119963
7290002107798,false,גבינה בולגרית מעודנת 5% צוריאל 250ג',מחלבת משק צוריאל,IL,גבינה בולגרית מעודנת צוריאל 250 5% גרם,גרמים,250.00,100 גרם,false,1,23.90,9.5600,true,1,122140
7290002107965,false,טבורוג גבינה לאפייה 5% צוריאל 500 ג',מחלבת משק צוריאל,IL,משק צוריאל טבורוג 5% שומן גבינה מחלב בקר 500 גרם,גרמים,500.00,100 גרם,false,1,27.50,5.5000,true,1,119964
7290002128083,false,נרות חנוכה רגיל 44יח-מנורה,,,נרות חנוכה בקופסא 44 יחידות,יחידה,1.00,יחידה,false,1,7.90,7.9000,true,1,122054
7290002128205,false,נרות לא נוטפים 45יח-מנורה,,,נרות חנוכה לוקס,יחידה,1.00,יחידה,false,1,13.90,13.9000,true,1,2833
7290002128403,false,נרות שבת אורה מספר 4,קריות זול,IL,נרות שבת אורה מספר 4,יחידה,1.00,יחידה,false,1,3.90,3.9000,true,1,121989
7290002128854,false,כוסות קרטון לשתייה חמה 12 אוונז 50 יחי',טיי פרידה,IL,"כוסות לשתיה חמה (12 יח) 340 מ""ל",יחידה,1.00,יחידה,false,1,21.90,21.9000,true,1,26992
7290002129370,false,"פילה אמנון 5-7 ללא עור בעל""ז",,,פילה אמנון בלי עור דלי דג,קילוגרמים,1.00,"ק""ג",true,,28.90,28.9000,true,1,16772
7290002129479,false,פיצה איטלקית דקה 320 ג' שלושת האופים,האי נאם סי או אל.טי.,IT,פיצה איטלקית דקה שלושת האופים 320 גרם,גרמים,320.00,100 גרם,false,1,16.90,5.2812,true,1,9873
7290002129486,false,פיצה איטלקית דקה זיתים 340 ג' שלושת האופים,האי נאם סי או אל.טי.,IT,פיצה איטלקית דקה זיתים שלושת האופים 340ג,גרמים,340.00,100 גרם,false,1,16.90,4.9706,true,1,25747
7290002130567,false,דבש טהור מפרחי בר בזכוכית 350 גרם,מכוורת יד מרדכי שטרא,IL,דבש דבורים טהור יד מרדכי 350 גרם,גרמים,350.00,100 גרם,false,1,19.90,5.6857,true,1,119974
7290002130574,false,דבש טהור מפרחי בר בזכוכית 500 ג' יד מרדכי,מכוורת יד מרדכי שטרא,IL,דבש דבורים טהור 500 גרם,גרמים,500.00,100 גרם,false,1,26.60,5.3200,true,1,119975
7290002132011,false,עוגיות מזרחיות 400 ג' עבאדי,מאפיית יוסף ושמחה עב,IL,"עבאדי עוגיות מזרחיות שומשום, 400 גרם",גרמים,400.00,100 גרם,false,1,19.90,4.9750,true,1,119977
7290002133032,false,גבינה קשקבל מגורדת ש,מחלבת השומרון,IL,פתיתי קשקבל 29%,גרמים,300.00,100 גרם,false,1,31.90,10.6333,true,1,121908
7290002133070,false,קאשקבל טורקי שומרון,מחלבת השומרון בעמ,,קשקבל טורקי בלוק,קילוגרמים,1.00,"ק""ג",true,,119.00,119.0000,true,1,121803
7290002133087,false,בולגרית צאן סופיה 3.,מחלבת השומרון בעמ,,"בולגרית צאן סופיה 3.5 ק""ג",קילוגרמים,1.00,"ק""ג",true,,88.00,88.0000,true,1,122017
7290002133094,false,ברינזה צאן שומרון,מחלבת השומרון בעמ,,ברינזה צאן בדלי שומרון,קילוגרמים,1.00,"ק""ג",true,,88.00,88.0000,true,1,121743
7290002133117,false,בולגרית מעודנת מחלבת,מחלבת השומרון בעמ,,"בולגרית מעודנת מחלבת שומרון לק""ג",קילוגרמים,1.00,"ק""ג",true,,55.00,55.0000,true,1,123850
7290002133131,false,גבינת ריקוטה 5% שומר,מחלבת השומרון,IL,ריקוטה 5%,גרמים,250.00,100 גרם,false,1,14.90,5.9600,true,1,121744
7290002133148,false,צפתית רכה 5% שומרון,מחלבת השומרון בעמ,,צפתית רכה במשקל שומרון,קילוגרמים,1.00,"ק""ג",true,,62.00,62.0000,true,1,121745
7290002133162,false,בולגרית גביע 5% 250ג,מחלבת שומרון,IL,בולגרית של פעם 5%,גרמים,250.00,100 גרם,false,1,20.90,8.3600,true,1,121804
7290002133193,false,בולגרית שומרון,מחלבת השומרון בעמ,,בולגרית שומרון 5%\ 16%,קילוגרמים,1.00,"ק""ג",true,,62.00,62.0000,true,1,121671
7290002133247,false,לאבנה עם זעתר ושמן 5,מחלבת שומרון,IL,לבנה עם שמן וזעתר 250 גרם שומרון,גרמים,250.00,100 גרם,false,1,13.90,5.5600,true,1,121724
7290002133506,false,יוגורט של פעם חלב עי,מחלבת השומרון,IL,גבינות השומרון יוגורט של פעם מחלב עיזים 400 גרם,גרמים,400.00,100 גרם,false,1,13.90,3.4750,true,1,125354
7290002133520,false,יוגורט של פעם 3% השו,מחלבת שומרון,IL,גבינות השומרון יוגורט של פעם מחלב בקר 400 גרם,גרמים,400.00,100 גרם,false,1,12.00,3.0000,true,1,122046
7290002133537,false,יוגורט של פעם עם חלב,מחלבת שומרון,IL,גבינות השומרון יוגורט של פעם מחלב עיזים 180 גרם,גרמים,180.00,100 גרם,false,1,6.90,3.8333,true,1,123690
7290002133575,false,יוגורט של פעם חלב כב,,,יוגורט של פעם חלב כבשים 400 גר,גרמים,400.00,100 גרם,false,1,13.90,3.4750,true,1,125645
7290002133612,false,יוגורט יווני אותנטי,מחלבת שומרון,IL,בלקן יוגורט יווני 7% 180 גרם,גרמים,180.00,100 גרם,false,1,6.50,3.6111,true,1,123562
7290002133643,false,גבינת פטה צאן,מחלבת שומרון,IL,פטה עם חלב צאן 21%,גרמים,200.00,100 גרם,false,1,21.00,10.5000,true,1,121918
7290002133858,false,בולגרית צאן גביע 250,מחלבת שומרון,IL,בולגרית 21% עם חלב צאן,גרמים,250.00,100 גרם,false,1,23.90,9.5600,true,1,121765
7290002133889,false,גבינה בולגרית מעודנת,מחלבת השומרון,IL,בולגרית מעודנת 5% 250 גרם שומרון,גרמים,250.00,100 גרם,false,1,20.90,8.3600,true,1,125756
7290002133940,false,יוגורט של פעם עם חלב,מחלבת שומרון,IL,גבינות השומרון יוגורט של פעם מחלב כבשים 180 גרם,מיליליטרים,180.00,"100 מ""ל",false,1,6.90,3.8333,true,1,123651
7290002150077,false,פלאפל חמים וטעים 400,,,פלאפל חמים וטעים 400 גר,גרמים,400.00,100 גרם,false,1,16.90,4.2250,true,1,121887
7290002150718,false,"קרפלך במילוי תפו""א ח",,,"קרפלך במילוי תפו""א 400 גר",גרמים,400.00,100 גרם,false,1,15.90,3.9750,true,1,122879
7290002150794,false,סיגר בשר חמים וטעים,,,סיגרים במילוי בשר 400 גר,גרמים,400.00,100 גרם,false,1,17.90,4.4750,true,1,122880
7290002150817,false,"סיגר תפו""א חמים וטעי",יושלם,,סיגרים במילוי תפוא 400 גר,גרמים,400.00,100 גרם,false,1,16.90,4.2250,true,1,122881
7290002150848,false,אגרול סיני חמים וטעי,,,אגרול סיני 400 גרם,גרמים,400.00,100 גרם,false,1,15.90,3.9750,true,1,122969
7290002150862,false,קובה בשר מטוגן חמים,,,קובה בורגול במילוי בשר,גרמים,400.00,100 גרם,false,1,17.90,4.4750,true,1,122882
7290002157830,false,קוביות גולש 100% בש,טיבון ויל - נטו,IL,קוביות גולש 100% בשר 800 גרם,גרמים,800.00,100 גרם,false,1,39.90,4.9875,true,1,9888
7290002190141,false,ריבת חלב קונדיטור 45,Barhan gida sanayi v,IL,ריבת חלב 450 גרם,גרמים,450.00,100 גרם,false,1,14.90,3.3111,true,1,121826
7290002195054,false,המבורגר בלדי 400 גרם ארוז,יוליניבר,IL,המבורגר בלדי 400 גרם,גרמים,400.00,100 גרם,false,1,16.90,4.2250,true,1,9654
7290002195085,false,קבב מזרחי בלדי 400 ג'- 8 יח',יוליניבר,IL,קבב מזרחי בלדי 400 גר,גרמים,400.00,100 גרם,false,1,16.90,4.2250,true,1,9652
7290002198031,false,פסטרמה פרגיות ללחמני,זוגלובק,IL,"פסטרמה פרגיות לק""ג",קילוגרמים,1.00,"ק""ג",true,,89.00,89.0000,true,1,28546
7290002198048,false,פסטרמה הודו בתיבול ש,זוגלובק,IL,"פסטרמה הודו בתיבול שווארמה לק""ג",קילוגרמים,1.00,"ק""ג",true,,89.00,89.0000,true,1,28547
7290002198055,false,סרוולד בנוסח איטלקי,זוגלובק,IL,סרוולד בנוסח איטלקי זוגלובק פרימיום לקג,קילוגרמים,1.00,"ק""ג",true,,149.00,149.0000,true,1,34182
7290002198062,false,פסטרמה הודו אקסטרה מ,זוגלובק,IL,"פסטרמה הודו אקסטרה מעושנת לק""ג",קילוגרמים,1.00,"ק""ג",true,,89.90,89.9000,true,1,34265
7290002198079,false,סלמי כמהין זוגלובק ל,זוגלובק,IL,"סלמי כמהין זוגלובק לק""ג",קילוגרמים,1.00,"ק""ג",true,,149.00,149.0000,true,1,36242
7290002198109,false,צלעות אסאדו מעושנות,זוגלובק,IL,"צלעות אסאדו מעושנות לק""ג",קילוגרמים,1.00,"ק""ג",true,,149.00,149.0000,true,1,34953
7290002198116,false,פסטרמה ברזילאית זוגל,זוגלובק,IL,"פסטרמה ברזילאית זוגלובק לק""ג",קילוגרמים,1.00,"ק""ג",true,,109.00,109.0000,true,1,36243
7290002211044,false,"סולת - חום רוט 1 ק""ג",,,"סולת - חום רוט 1 ק""ג",יחידה,1.00,יחידה,false,1,6.90,6.9000,true,1,127239
7290002211112,false,קמח רוט כחול לבן 1קג,,,קמח 1 קג רוט כחול,קילוגרמים,0.00,"ק""ג",false,1,5.90,0.0000,true,1,127323
7290002232964,false,פירורי לחם דגש ציפוי,תירפז בעמ,IL,ציפוי פז ללא גלוטן 600גרם,גרמים,600.00,100 גרם,false,1,27.90,4.6500,true,1,124439
7290002232995,false,פירורי לחם דגש ציפוי,פ.פ.ח. שאביט,IL,בריאות וטבע ציפוי פז מתובל 500 גרם,גרמים,500.00,100 גרם,false,1,27.90,5.5800,true,1,124496
7290002239185,false,אפונת גינה קפואה פרי גליל 800 גרם,"פרי הגליל בע""""מ",IL,פרי הגליל אפונת גינה בינונית מוקפאת 800 גרם,גרמים,800.00,100 גרם,false,1,12.90,1.6125,true,1,121746
7290002239215,false,אפונה וגזר קפוא פרי גליל 800 גרם,"פרי הגליל בע""""מ",IL,פרי הגליל אפונת גינה וגזר 800 גרם,גרמים,800.00,100 גרם,false,1,10.90,1.3625,true,1,121766
7290002239277,false,גזר גמדי 800 ג' פרי הגליל,"פרי הגליל בע""""מ",IL,פרי הגליל גזר גמדי מוקפא 800 גרם,גרמים,800.00,100 גרם,false,1,13.90,1.7375,true,1,9317
7290002239338,false,שעועית ירוקה 800 ג' פרי הגליל,"פרי הגליל בע""""מ",IL,פרי הגליל שעועית ירוקה חתוכה מוקפאת 800 גרם,גרמים,800.00,100 גרם,false,1,12.90,1.6125,true,1,121805
7290002239369,false,שעועית שלמה 800 ג ' פרי הגליל,"פרי הגליל בע""""מ",IL,פרי הגליל שעועית ירוקה שלמה 800 גרם,גרמים,800.00,100 גרם,false,1,12.90,1.6125,true,1,121767
7290002239420,false,תירס גרעינים 800 ג ' פרי הגליל,"פרי הגליל בע""""מ",IL,פרי הגליל גרעיני תירס 800 גרם,גרמים,800.00,100 גרם,false,1,12.90,1.6125,true,1,122018
7290002253006,false,דורות שום כתוש טרי 200 גרם,עיצובים 2020 (3.8),IL,דורות שום כתוש טרי2 12*200גרם,גרמים,200.00,100 גרם,false,1,19.90,9.9500,true,1,119983
7290002253105,false,מגשית קוביות שום טרי דורות 80 ג',עיצובים 2020 (3.8),IL,שום כתוש מגשית 80 גרם,גרמים,80.00,100 גרם,false,1,12.90,16.1250,true,1,119984
7290002253150,false,בזיליקום טרי קצוץ דורות 70 ג',עיצובים 2020 (3.8),IL,בזיליקום קצוץ במגשית דורות 70 גרם,גרמים,70.00,100 גרם,false,1,9.90,14.1429,true,1,119985
7290002253167,false,פטרוזליה קצוצה דורות 70 גר',עיצובים 2020 (3.8),IL,דורות פטרוזיליה קצוצה 32*70גרם,גרמים,70.00,100 גרם,false,1,9.90,14.1429,true,1,119986
7290002253181,false,כוסברה טריה קצוצה 70 ג' דורות,עיצובים 2020 (3.8),IL,דורות כוסברה קצוצה 32*70גרם,גרמים,70.00,100 גרם,false,1,11.10,15.8571,true,1,119987
7290002253198,false,ג'ינג'ר טרי כתוש במגשית 70 ג' דורות,עיצובים 2020 (3.8),IL,דורות ג'ינג'ר טרי כתוש2 16*70גרם,גרמים,70.00,100 גרם,false,1,12.40,17.7143,true,1,122026
7290002253259,false,רוטב עגבניות בזיליקו,עיצובים 2020 (3.8),IL,רוטב עגבניות בזיליקום קפוא דורות 160 גרם,גרמים,160.00,100 גרם,false,1,14.90,9.3125,true,1,127310
7290002253310,false,שום צילי חריף קוביות תערובת 80 ג' דורות,עיצובים 2020 (3.8),IL,דורות שום צילי חריף קוביות תערובת 32*80ג,גרמים,80.00,100 גרם,false,1,13.90,17.3750,true,1,12457
7290002253495,false,תבל לטחינה ביתית תערב קוביות 70 ג' דורות,עיצובים 2020 (3.8),IL,דורות תבל.לטחינה ביתית תערב.קוביות32*70ג,גרמים,70.00,100 גרם,false,1,10.90,15.5714,true,1,12458
7290002259640,false,"רדיד אלומניום דיימונד 084- 7.50 מ""ר *0.3",ריינולדס מוצרי צריכה,CN,"דיימונד 084- 7.50 מ""ר *0.3",מטרים,760.00,מטר,false,1,9.90,0.0130,true,1,17633
7290002259657,false,רדיד אלומיניום דיימ,קריות זול,US,רדיד אלומיניום דימונד צר22.5מ,מטרים,2250.00,מטר,false,1,23.90,0.0106,true,1,37694
7290002259664,false,רדיד אלומיניום דיימונד גדול 60X0.60מ',ריינולדס מוצרי צריכה,US,"רדיד אלומיניום, מסורית לחיתוך נוח",מטרים,6000.00,מטר,false,1,47.90,0.0080,true,1,17756
7290002260059,false,במבה יום הולדת 60 ג' אסם,"אסם השקעות בע""מ",IL,במבה יום הולדת 48*60גרם,גרמים,60.00,100 גרם,false,1,4.90,8.1667,true,1,126539
7290002281382,false,נתחי פילה סלמון קפוא דלידג,דלידג,IL,נתח פילה סלמון קפוא 100% דג,קילוגרמים,1.00,"ק""ג",true,,89.90,89.9000,true,1,11982
7290002281498,false,גבינה צהובה מגורדת על בסיס חלב 500 ג' ריץ,האי נאם סי או אל.טי.,PL,"ריץ', צהובה מגורדת, לפיצה, אפייה ובישול ועוד",גרמים,500.00,100 גרם,false,1,24.90,4.9800,true,1,13277
7290002291046,false,המבורגר מסעדות קצבייה 4 יח'-480 ג',יוליניבר,IL,בלדי הקצביה המבורגר מסעדות 480 גרם,גרמים,480.00,100 גרם,false,1,26.90,5.6042,true,1,124853
7290002297215,false,גבינת עיזים ביין ספר,מוטטינו,,גבינת עיזים ביין ספרד,קילוגרמים,1.00,"ק""ג",true,,175.00,175.0000,true,1,123841
7290002304203,false,קונפיטורה תות שדה לי,ענבי ציון,,קונפיטורה לייט תות שדה 600 גר,גרמים,600.00,100 גרם,false,1,24.90,4.1500,true,1,122064
7290002304609,false,קונפיטורת תותים ענבי,ענבי ציון,,"קונפיטורה ביתי ""ענבי ציון"" תות 600גר",גרמים,600.00,100 גרם,false,1,19.90,3.3167,true,1,124441
7290002317081,false,זיתים נטולי גלעין +20% 670ג A2 מטולה,שימורי מוטולה,IL,זיתים ירוקים נטולי גלעין +20% A2 מוטולה,גרמים,330.00,100 גרם,false,1,9.90,3.0000,true,1,14974
7290002317128,false,מלפפון 560ג במלח 10-12 A2 מטולה,שימורי מוטולה,IL,מלפפון במלח 10-12 A2 מוטולה 320 גרם,גרמים,320.00,100 גרם,false,1,9.90,3.0938,true,1,38105
7290002317135,false,מלפפון 560ג במלח 13-17 A2 מטולה,שימורי מוטולה,IL,מלפפון במלח 13-17 A2 מוטולה 320 גרם,גרמים,320.00,100 גרם,false,1,9.90,3.0938,true,1,38104
7290002317173,false,מלפפון בחומץ 13-17 560ג A2 מטולה,שימורי מוטולה,IL,מלפפון בחומץ 13-17 A2 מוטולה 290גרם,גרמים,290.00,100 גרם,false,1,9.90,3.4138,true,1,38106
7290002317265,false,מלפפון 650ג במלח +20% 7-9 A2 מטולה,שימורי מוטולה,IL,מלפפון במלח +20%מוטולה 7-9 380A2גרם,גרמים,380.00,100 גרם,false,1,7.90,2.0789,true,1,14957
7290002317289,false,חצילים כבושים מוטול,שימורי מוטולה,IL,חצילים כבושים מוטולה 320גרם,גרמים,320.00,100 גרם,false,1,8.90,2.7813,true,1,38108
7290002317319,false,מלפפון 650ג בחומץ +20% 7-9 A2 מטולה,שימורי מוטולה,IL,מלפפון בחומץ +20% 7-9 A2 מוטולה 320 גרם,גרמים,320.00,100 גרם,false,1,7.90,2.4688,true,1,38103
7290002317371,false,זיתים מושחר נטול גלעין 560ג A2 מטולה,שימורי מוטולה,IL,זיתים מושחר נטול גלעין A2 מוטולה 560גרם,גרמים,560.00,100 גרם,false,1,9.90,1.7679,true,1,38107
7290002317579,false,זיתים טבעות ירוק 560ג A2 מטולה,שימורי מוטולה,IL,זיתים טבעות ירוק A2 מוטולה 560גרם,גרמים,560.00,100 גרם,false,1,9.90,1.7679,true,1,38102
7290002317609,false,כרוב כבוש 560ג A2 מטולה,שימורי מוטולה,IL,כרוב כבוש A2 מוטולה 560 גרם,גרמים,560.00,100 גרם,false,1,8.90,1.5893,true,1,38101
7290002317852,false,מלפפונים במלח 1.65 ק,מוטולה,,מלפפון ביתי 900 גרם צנצנת,גרמים,900.00,100 גרם,false,1,32.90,3.6556,true,1,123568
7290002319016,false,אבקת אפיה מיה מארז 10X10 ג',מיה תעשיות מזון בעמ,IL,אבקת אפיה מיה עשיריות 100גרם,גרמים,100.00,100 גרם,false,1,2.90,2.9000,true,1,37618
7290002319023,false,סוכר וניל מיה עשיריו,מיה תעשיות מזון בעמ,IL,סוכר וניל מיה עשיריות 100גרם,גרמים,100.00,100 גרם,false,1,2.90,2.9000,true,1,37619
7290002319054,false,פרג טחון מיה 100 גרם,מיה תעשיות מזון,IL,פרג טחון מיה 100 גרם,גרמים,100.00,100 גרם,false,1,6.90,6.9000,true,1,37608
7290002319061,false,קוקוס טחון מיה 100 ג,מיה,IL,קוקוס טחון מיה 100 גרם,גרמים,100.00,100 גרם,false,1,3.90,3.9000,true,1,24581
7290002319078,false,שומשום מיה 100 גרם,מיה,IL,שומשום מיה 100 גרם,גרמים,100.00,100 גרם,false,1,3.90,3.9000,true,1,37632
7290002319115,false,חומוס גדול יבש מיה 500 גר',מיה,IL,חומוס גדול מיה 500 גרם,גרמים,500.00,100 גרם,false,1,6.90,1.3800,true,1,37636
7290002319122,false,גריסים יבשים מיה 500 גר',מיה,IL,גריסים מיה 500 גרם,גרמים,500.00,100 גרם,false,1,5.90,1.1800,true,1,37620
7290002319139,false,שעועית לבנה יבשה מיה 500 ג',מיה,IL,שעועית לבנה מיה 500 גרם,גרמים,500.00,100 גרם,false,1,9.90,1.9800,true,1,37627
7290002319146,false,שעועית אדומה יבשה 500 ג',מיה תעשיות מזון בעמ,IL,שעועית אדומה מיה 500 גרם,גרמים,500.00,100 גרם,false,1,10.90,2.1800,true,1,37628
7290002319160,false,אפונה ירוקה יבשה מיה 500 ג',מיה,IL,אפונה מיה 500 גרם,גרמים,500.00,100 גרם,false,1,4.90,0.9800,true,1,37637
7290002319177,false,פופקורן גרעינים מיה 500 גר',מיה,IL,פופקורן מיה 500 גרם,גרמים,500.00,100 גרם,false,1,4.90,0.9800,true,1,37638
7290002319184,false,עדשים אדומים יבשים מיה 500 גר',מיה,IL,עדשים אדומות מיה 500 גרם,גרמים,500.00,100 גרם,false,1,6.90,1.3800,true,1,37612
7290002319191,false,עדשים ירוקים יבשים מיה 500 גר',מיה,IL,עדשים ירוקות מיה 500 גרם,גרמים,500.00,100 גרם,false,1,6.90,1.3800,true,1,37639
7290002319207,false,כוסמת מיה 500 גרם,מיה,IL,כוסמת מיה 500 גרם,גרמים,500.00,100 גרם,false,1,7.90,1.5800,true,1,37640
7290002319221,false,חיטה מיה 500 גרם,מיה,IL,חיטה מיה 500 גרם,גרמים,500.00,100 גרם,false,1,4.90,0.9800,true,1,37646
7290002319375,false,"קורנפלור 200 ג' בד""ץ מיה",מיה תעשיות מזון,IL,קורנפלור מיה 200 גרם,גרמים,200.00,100 גרם,false,1,3.90,1.9500,true,1,37609
7290002319610,false,שקדים טחונים 100 גר' מיה,מיה תעשיות מזון,IL,שקדים טחונים מיה 100 גרם,גרמים,100.00,100 גרם,false,1,11.90,11.9000,true,1,37664
7290002319740,false,אגוזים טחונים 100 גר' מיה,מיה תעשיות מזון,IL,אגוזי מלך טחונים מיה 100 גרם,גרמים,100.00,100 גרם,false,1,11.90,11.9000,true,1,37665
7290002319771,false,"תמצית אפיה וניל 50מ""ל מיה",מיה תעשיות מזון בעמ,IL,תמצית אפיה וניל מיה 50 מל,מיליליטרים,50.00,"100 מ""ל",false,1,3.90,7.8000,true,1,37610
7290002319795,false,"תמצית אפייה שקדים 60 מ""ל",מיה,IL,תמצית אפיה שקדים מיה 60גרם,גרמים,60.00,100 גרם,false,1,4.90,8.1667,true,1,37666
7290002319825,false,אבקת סוכר מיה 100גרם,מיה תעשיות מזון,IL,אבקת סוכר מיה 100 גרם,גרמים,100.00,100 גרם,false,1,2.50,2.5000,true,1,37667
7290002320548,false,מעדן אוכמניות ללא סו,בית יצחק,,מעדן אוכמניות ללא סו,לא מנהל יחידת מידה,0.00,לא מנהל יחידת מידה,false,1,17.90,0.0000,true,1,20468
7290002327042,false,"בורקס תפו""א 800 גר' שלושת האופים קהילות",שלושת האופים,IL,בורקס תפוא 800 גר,גרמים,800.00,100 גרם,false,1,18.90,2.3625,true,1,9499
7290002327066,false,קונכיות למילוי 625 ג' שלושת האופים,שלושת האופים,IL,שלושת האופים קונכיות בצק למילוי 625 גרם,גרמים,625.00,100 גרם,false,1,23.90,3.8240,true,1,9120
7290002327073,false,בורקס גבינה 800 גר' שלושת האופים קהילות,שלושת האופים,IL,בורקס גבינה 800 גר .,גרמים,800.00,100 גרם,false,1,21.90,2.7375,true,1,9500
7290002327516,false,גחנון אפוי למיקרו או,אופרה,,גחנון אפוי למיקרו אופרה,גרמים,650.00,100 גרם,false,1,14.90,2.2923,true,1,127411
7290002327608,false,קונכיות ארוז,אופרה,,קונכיות ארוז 600 ג,Unknown,0.00,Unknown,false,1,18.90,0.0000,true,1,122859
7290002327615,false,גחנון 900 גר,חסון את לוי,,גחנון 900 גר,גרמים,900.00,100 גרם,false,1,14.90,1.6556,true,1,122483
7290002327622,false,גחנון 650 ג,אופרה,,גחנון 650 ג,גרמים,650.00,100 גרם,false,1,12.90,1.9846,true,1,122055
7290002327646,false,מלוואח אופרה 700 ג,אופרה,,מלוואח אופרה 700 ג,גרמים,700.00,100 גרם,false,1,14.90,2.1286,true,1,123105
7290002327660,false,בורקס תפוא,חסון את לוי,,בורקס תפוא,קילוגרמים,1.00,"ק""ג",false,1,14.90,14.9000,true,1,122177
7290002327677,false,בורקס גבינה,אופרה,,בורקס גבינה,גרמים,700.00,100 גרם,false,1,17.90,2.5571,true,1,122768
7290002327684,false,בצק עלים,אופרה,,בצק עלים 1 קג,קילוגרמים,1.00,"ק""ג",false,1,14.90,14.9000,true,1,122629
7290002327691,false,אופרה בורקס מיני תפו,אופרה,,מיני בורקס תפוא 800 ג,יחידה,700.00,יחידה,false,1,15.90,0.0227,true,1,2925
7290002327707,false,אופרה מיני בורקס גבי,אופרה,,בורקס מיני גבינה,גרמים,700.00,100 גרם,false,1,19.90,2.8429,true,1,3013
7290002327912,false,מיני בורקס גבינה 700 ג' שלושת האופים,TLV צ'יף,IL,בורקס מיני קוקטייל גבינה 700 גרם,גרמים,700.00,100 גרם,false,1,23.90,3.4143,true,1,9501
7290002327929,false,"מיני בורקס תפו""א 700 ג' שלושת האופים",TLV צ'יף,IL,"מיני בורקס קוקטייל תפו""א",גרמים,700.00,100 גרם,false,1,22.90,3.2714,true,1,9502
7290002331018,false,"נביעות מים עם פקק ספורט 500מ""ל",נביעות טבע הגליל בעמ,IL,נביעות 500 פ.שטוח פיקדון,מיליליטרים,500.00,"100 מ""ל",false,1,3.90,0.7800,true,1,121646
7290002331025,false,"מים מינרלים נביעות ספורט 500 מ""ל פקדון",נביעות טבע הגליל בעמ,IL,נביעות 500 TO GO פקדון,מיליליטרים,500.00,"100 מ""ל",false,1,3.90,0.7800,true,1,119998
7290002331094,false,"נביעות+ מים טעם ענבים 755מ""ל",נביעות טבע הגליל בעמ,IL,"נביעות 755 מ""ל",מיליליטרים,755.00,"100 מ""ל",false,1,4.90,0.6490,true,1,119999
7290002331124,false,"נביעות+ מים טעם תפוח 500מ""ל",נביעות טבע הגליל בעמ,IL,נביעות+ בטעם תפוח 500 מל,מיליליטרים,500.00,"100 מ""ל",false,1,8.90,1.7800,true,1,122550
7290002331155,false,"נביעות+ בטעם אפרסק 500 מ""ל",נביעות טבע הגליל בעמ,IL,"נביעות + בטעם אפרסק 500 מ""ל",מיליליטרים,500.00,"100 מ""ל",false,1,8.90,1.7800,true,1,122551
7290002331162,false,נביעות מים מינרלים 1.5ל',נביעות,,מים נביעות בקבוק 1.5 ליטר,ליטרים,1.50,ליטר,false,1,3.90,2.6000,true,1,120000
7290002331360,false,"נביעות מים מינרליים טו גו מארז 500X6מ""ל",קריות זול,IL,"מים נביעות TO GO שישייה בקבוק 500 מ""ל",ליטרים,3.00,ליטר,false,1,15.90,5.3000,true,1,120002
7290002331421,false,"מים אישי נביעות מארז שישייה* 755 מ""ל",קריות זול,IL,"מים נביעות TO-GO שישייה בקבוק 755 מ""ל",ליטרים,4.53,ליטר,false,1,20.60,4.5475,true,1,120003
7290002331483,false,"נביעות בייבי מארז 320X6מ""ל",נביעות טבע הגליל בעמ,IL,נביעות בייבי מים מינרליים טבעיים 1.92 ליטר,ליטרים,1.92,ליטר,false,1,13.90,7.2396,true,1,126055
7290002331490,false,מים מינרלים נביעות 1 ליטר,נביעות טבע הגליל בעמ,IL,נביעות 1 ליטר,ליטרים,1.00,ליטר,false,1,4.90,4.9000,true,1,126312
7290002331711,false,נביעות פלוס בטעם ענבים 500מל,נביעות טבע הגליל בעמ,IL,"נביעות + בטעם ענבים 500 מ""ל",מיליליטרים,500.00,"100 מ""ל",false,1,8.90,1.7800,true,1,122997
7290002333098,false,חומוס גרגרים הרדוף א,אול אורגני,IL,גרגרי חומוס,גרמים,500.00,100 גרם,false,1,12.90,2.5800,true,1,122168
7290002333104,false,בורגול הרדוף אורגני,אול אורגני,IL,בורגול אורגני 500 גרם - הרדוף,גרמים,500.00,100 גרם,false,1,8.90,1.7800,true,1,122169
7290002333319,false,קמח שיפון מלא הרדוף,טחנת קמח יפו,IL,"קמח שיפון 1 ק""ג",קילוגרמים,1.00,"ק""ג",false,1,17.90,17.9000,true,1,28954
7290002333463,false,שעועית מש הרדוף אורג,אול אורגני,IL,שעועית מש אורגני,גרמים,500.00,100 גרם,false,1,15.90,3.1800,true,1,122887
7290002333500,false,עדשים עדומות הרדוף א,אול אורגני,IL,עדשים אדומות,גרמים,500.00,100 גרם,false,1,13.90,2.7800,true,1,122158
7290002333678,false,שומשום הרדוף אורגני,אול אורגני,IL,שומשום אורגני 300 גרם - הרדוף,גרמים,300.00,100 גרם,false,1,13.90,4.6333,true,1,122159
7290002333838,false,כוסמת הרדוף אורגנית,אול אורגני,IL,כוסמת אורגני,גרמים,500.00,100 גרם,false,1,11.90,2.3800,true,1,122160
7290002333951,false,עדשים ירוקות הרדוף א,אול אורגני,IL,עדשים ירוקות,גרמים,500.00,100 גרם,false,1,13.90,2.7800,true,1,122161
7290002333982,false,שעועית לבנה הרדוף או,אול אורגני,IL,שעועית לבנה אורגנית 500 גרם - הרדוף,גרמים,500.00,100 גרם,false,1,11.90,2.3800,true,1,122162
7290002333999,false,גרעיני חמניות קלופים,אול אורגני,IL,גרעיני חמניה קלופים,גרמים,300.00,100 גרם,false,1,13.90,4.6333,true,1,122163
7290002345015,false,סינטה דק דק אל גאוצ'ו 250ג' מינוט,"טיבון ויל אחזקות בע""",IL,סינטה דק דק אלגאוצו,גרמים,250.00,100 גרם,false,1,26.90,10.7600,true,1,4897
7290002345022,false,אנטריקוט דק דק אל גאצ'ו 250ג' מינוט,"טיבון ויל אחזקות בע""",IL,אל גאוצ'ו מינוט סטייק אנטריקוטדקדק 250 גרם,גרמים,250.00,100 גרם,false,1,26.90,10.7600,true,1,4898
7290002345060,false,מאסדם חצי גלגל,,NL,מאסדם חצי גלגל,קילוגרמים,1.00,"ק""ג",true,,99.00,99.0000,true,1,9100
7290002345121,false,אסאדו דקדק אל גאוצו,טיבון ויל - נטו,IL,אסאדו דקדק אל גאוצו 250גרם,גרמים,250.00,100 גרם,false,1,27.90,11.1600,true,1,28910
7290002345282,false,נתחי פילה סלמון קפוא דלידג,דלידג,,נתחי פילה סלמון נורווגי קפוא 100% דג,קילוגרמים,1.00,"ק""ג",true,,89.90,89.9000,true,1,9899
7290002348061,false,פטריות שמפניון חתוכות 385 ג' וליגיר,גריניארד פריפרד,NL,פטריות חתוכות ויליגר400גר,גרמים,400.00,100 גרם,false,1,5.90,1.4750,true,1,120004
7290002348139,false,ארטישוק תחתיות 210 ג' ויליגר,האי נאם סי או אל.טי.,EG,ויליגר תחתיות ארטישוק במי מלח 390 גרם,גרמים,400.00,100 גרם,false,1,9.90,2.4750,true,1,120005
7290002353249,false,ממרח דיגונז מיילי 33,מיוצר עי קונדיטוריית,FR,ממרח דיזונז 345 גרם,גרמים,345.00,100 גרם,false,1,21.90,6.3478,true,1,34144
7290002353836,false,סרדין רוברט בשמן זית 120 ג',קונסרבס פורטוגל נורט,PT,סרדינים בשמן זית רוברט 115 גרם,גרמים,115.00,100 גרם,false,1,8.90,7.7391,true,1,120006
7290002360124,false,חליטת תה ורד הבר פומפדור 20 שקיקים,TEEKANNE- POMPADOU,DE,פומפדור חליטת צמחים ורד הבר והיביסקוס 20 יחידות,גרמים,70.00,100 גרם,false,1,16.90,24.1429,true,1,122044
7290002360155,false,חליטת תה פרחי שומר פומפדור 20 שקיקים,קריות זול,DE,פומפדור חליטת צמחים שומר 20 יחידות,גרמים,40.00,100 גרם,false,1,16.90,42.2500,true,1,121953
7290002360278,false,חליטת תה מנטה פומפדור 20 שקיקים,"איטיליאן פוד, אס.פי.",DE,פומפדור חליטת מנטה 20 יחידות,גרמים,45.00,100 גרם,false,1,16.90,37.5556,true,1,122120
7290002360285,false,תה פומפדור חליטת צמחים קמומיל 20 שק,TEEKANNE- POMPADOU,DE,פומפדור חליטת צמחים קמומיל 20 יחידות,גרמים,30.00,100 גרם,false,1,16.90,56.3333,true,1,120007
7290002370123,false,גבינת עיזים רכה 29%,היחוס דה סאלבאדור,ES,גבינת עיזים רכה 29%,קילוגרמים,1.00,"ק""ג",true,,92.90,92.9000,true,1,16591
7290002370154,false,גבינת צדר מיושנת VIN,וייקי,GB,גבינת צדר מיושנת VINTAGEבמשקל,קילוגרמים,1.00,"ק""ג",true,,119.00,119.0000,true,1,24028
7290002370420,false,גבינה גאודה מהולנד 3,איוויאן,NL,"גבינה גאודה מהולנד 30% שומן לק""ג",קילוגרמים,1.00,"ק""ג",true,,89.00,89.0000,true,1,22989
7290002370475,false,גבינת דנהבלו בשלה עם,קסרייס,ES,גבינה כחולה עם עובש במשקל,קילוגרמים,1.00,"ק""ג",true,,119.00,119.0000,true,1,24027
7290002370994,false,גבינת גאודה עם פטריו,ויליפוד,IL,"גבינת גאודה עם פטריות כמהין לק""ג",קילוגרמים,1.00,"ק""ג",true,,169.00,169.0000,true,1,38163
7290002371526,false,סלסולי פסטרמה שום טירת צבי 120 ג',הנסיך- מפעל לייצור ט,IL,"דקניקים, סלסולי פסטרמה שום וצי'לי פיקנטי 120 גרם",גרמים,120.00,100 גרם,false,1,15.90,13.2500,true,1,126021
7290002371533,false,דקניקים סלסולי פסטרמה בדבש 120 ג' טירת צבי,הנסיך- מפעל לייצור ט,IL,סלסולי פסטרמה דבש 120 גרם,גרמים,120.00,100 גרם,false,1,15.90,13.2500,true,1,126022
7290002371540,false,דקניקים קורנדביף 120 ג' טירת צבי,הנסיך- מפעל לייצור ט,IL,טירת צבי דקניקים קורנדביף 120 גרם,גרמים,120.00,100 גרם,false,1,15.90,13.2500,true,1,126023
7290002371571,false,פסטרמה פרגיות לבגט ט,טירת צבי,IL,"פסטרמה פרגיות לבאגט לק""ג",קילוגרמים,1.00,"ק""ג",true,,79.00,79.0000,true,1,123779
7290002371854,false,"נקניקיות עוף מתובלות 1 ק""ג טירת צבי",הנסיך- מפעל לייצור ט,IL,נקנקיות עוף חריפות1ק''ג,קילוגרמים,1.00,"ק""ג",false,1,33.90,33.9000,true,1,123250
7290002371939,false,סרוולד פסטרמה בסגנון,הנסיך- מפעל לייצור ט,IL,סרוולד צרפתי 120 גרם,גרמים,120.00,100 גרם,false,1,26.90,22.4167,true,1,123228
7290002385196,false,רוקפור דייניש בלו,קסטלו,,רוקפור דייניש בלו גד,קילוגרמים,1.00,"ק""ג",true,,149.00,149.0000,true,1,128035
7290002385455,false,"בולגרית 24% ק""ג מעדנ",דשן,IL,"בולגרית מעודנת 24% לק""ג",קילוגרמים,1.00,"ק""ג",true,,67.00,67.0000,true,1,13109
7290002385639,false,גבינת מנצגו כבשים גל,מחלבת גד,IL,גבינת מנצגו כבשים גלגל,קילוגרמים,1.00,"ק""ג",true,,140.00,140.0000,true,1,10535
7290002385738,false,גבינת מנצ'גו משולשים,מחלבות גד,IL,"גבינה משולשי מנצגו לק""ג גד",קילוגרמים,1.00,"ק""ג",true,,165.00,165.0000,true,1,125047
7290002385745,false,גבינת פקורינו משולשי,מחלבות גד,IL,"גבינה משולשי פיקורינו לק""ג גד",קילוגרמים,1.00,"ק""ג",true,,165.00,165.0000,true,1,125048
7290002403722,false,שומן אווז,קצביית פרימיום,IL,שומן אווז,קילוגרמים,1.00,"ק""ג",true,,66.90,66.9000,true,1,7227
7290002410010,false,שניצל עגל וינאי בואק,מעדני הטלה,,"שניצל עגל וינאי בואקום לק""ג",קילוגרמים,1.00,"ק""ג",true,,60.00,60.0000,true,1,13466
7290002410072,false,בצק עלים חמסי,מעדני הטלה,,בצק עלים חמסי,לא מנהל יחידת מידה,0.00,לא מנהל יחידת מידה,false,1,16.90,0.0000,true,1,11167
7290002410348,false,רוסטביף עגל ואקום,לאטי עזרא,,"רוסטביף עגל ואקום מוכשר לק""ג",קילוגרמים,1.00,"ק""ג",true,,66.90,66.9000,true,1,123034
7290002410638,false,"סטייק עין 800 גר ""במ",מעדני הטלה,,"סטייק עין 800 גר ""במגש",גרמים,800.00,100 גרם,false,1,69.90,8.7375,true,1,9675
7290002410713,false,קישקע 500 גר,לאטי עזרא גלם ודגים,,קישקע 500 גר,גרמים,500.00,100 גרם,false,1,11.90,2.3800,true,1,123070
7290002410829,false,קבב מרוקאי 800 גרם,לאטי עזרא,,"קבב מרוקאי 800 גר ""ואקום",גרמים,800.00,100 גרם,false,1,49.90,6.2375,true,1,9731
7290002410874,false,פרגיות ממולאות,לאטי עזרא גלם ודגים,,"פרגיות ממולאות לק""ג",קילוגרמים,1.00,"ק""ג",true,,54.90,54.9000,true,1,124203
7290002410881,false,לבבות עוף,לאטי עזרא,,לבבות עוף 500 גרם,גרמים,500.00,100 גרם,false,1,18.90,3.7800,true,1,9798
7290002421115,false,כדורי לאבנה בקר 400,מחלבת גדות,,כדורי לאבנה בקר 400 גרם גדות,גרמים,400.00,100 גרם,false,1,33.90,8.4750,true,1,123663
7290002421122,false,כדורי לבנה 400 גרם ג,מחלבת גדות,,כדורי לבנה 400 גרם גדות,גרמים,400.00,100 גרם,false,1,39.90,9.9750,true,1,125492
7290002421153,false,גבינת חלומי תרשיחא 1,מחלבת גדות,,גבינת חלומי תרשיחא 180 גרם גדות,גרמים,180.00,100 גרם,false,1,14.90,8.2778,true,1,125495
7290002421160,false,גבינת פטה 160 גרם גד,מחלבת גדות,,גבינת פטה 160 גרם גדות,גרמים,160.00,100 גרם,false,1,24.90,15.5625,true,1,123665
7290002421177,false,גבינת היידי 170 גרם,מחלבת גדות,,גבינת היידי 170 גרם גדות,גרמים,170.00,100 גרם,false,1,32.00,18.8235,true,1,123667
7290002421184,false,גבינת היידי יין 160,מחלבת גדות,,גבינת היידי יין 160 גרם גדות,גרמים,160.00,100 גרם,false,1,32.90,20.5625,true,1,123668
7290002421399,false,"גבינת גאודה צ""ילי 20",מחלבת גדות,,"גבינת גאודה צ""ילי 200 גרם גדות",גרמים,200.00,100 גרם,false,1,25.00,12.5000,true,1,17773
7290002421412,false,גבינת גאודה שום שמיר,מחלבת גדות,,גבינת גאודה שום שמיר 200 גרם גדות,גרמים,200.00,100 גרם,false,1,25.90,12.9500,true,1,17774
7290002421443,false,"גבינת צ""דר בקר 180 ג",מחלבת גדות,,"גבינת צ""דר בקר 180 גרם גדות",גרמים,180.00,100 גרם,false,1,25.90,14.3889,true,1,17775
7290002421498,false,גבינת גבינה חלומי 18,מחלבת גדות,,גבינת גבינה חלומי 180 גרם גדות,גרמים,180.00,100 גרם,false,1,19.90,11.0556,true,1,123669
7290002421559,false,גבינת רוקפור 180 גרם,מחלבת גדות,,גבינת רוקפור 180 גרם גדות,גרמים,180.00,100 גרם,false,1,35.90,19.9444,true,1,17778
7290002421658,false,"גבינת צ""דר עיזים 180",מחלבת גדות,,"גבינת צ""דר עיזים 180 גרם גדות",גרמים,180.00,100 גרם,false,1,28.90,16.0556,true,1,125494
7290002461180,false,כרעיים עוף ארוז,מעדני הטלה והעגל,,כרעיים עוף ארוז קג,קילוגרמים,1.00,"ק""ג",true,,32.90,32.9000,true,1,9709
7290002461562,false,נקניקיות מיני מרגז 5,מעדני הטלה,,נקניקיות מיני מרגז 500 גרם,גרמים,500.00,100 גרם,false,1,29.90,5.9800,true,1,3115
7290002475101,false,גפילטע פיש ללא סוכר4,"דג טעים (משווק ע""י א",,גפילטע פיש ללא סוכר470 ג,גרמים,470.00,100 גרם,false,1,19.90,4.2340,true,1,22413
7290002475170,false,גפילטע פיש 6 קציצות6,"דג טעים (משווק ע""י א",,גפילטע פיש 6 קציצות670 גרם מיטל,גרמים,670.00,100 גרם,false,1,19.90,2.9701,true,1,120029
7290002478416,false,קבב כבש טורקי 800 גר,מעדני הטלה,,קבב כבש טורקי 800 גרם יחידה,גרמים,800.00,100 גרם,false,1,49.90,6.2375,true,1,13465
7290002485025,false,חומוס מסעדות 500 גרם,"סלטי שמיר 2006 בע""מ",,חומוס מסעדות 500 גרם,גרמים,500.00,100 גרם,false,1,16.90,3.3800,true,1,122789
7290002485049,false,חומוס מסבחה 500 גרם,"סלטי שמיר 2006 בע""מ",,חומוס מסבחה 500 גרם,גרמים,500.00,100 גרם,false,1,16.90,3.3800,true,1,122741
7290002485063,false,חומוס אבו גוש 500 גר,"סלטי שמיר 2006 בע""מ",,חומוס אבו גוש 500 גרם,גרמים,500.00,100 גרם,false,1,16.90,3.3800,true,1,122738
7290002507277,false,קציצות דג דלידג 700 ג',אף.סי תבליני בגליל ב,IL,קציצות דג 700 גרם,גרמים,700.00,100 גרם,false,1,27.90,3.9857,true,1,9884
7290002507284,false,שניצל דג מצופה דלידג 700 ג',האי נאם סי או אל.טי.,IL,"דלידג - שניצל דג מצופה, מפילה מרלוזה וקרפיון",גרמים,700.00,100 גרם,false,1,27.90,3.9857,true,1,9898
7290002507604,false,פיצת השף מאיטליה 320 גר',האי נאם סי או אל.טי.,IT,פיצת השף שגב 320גרם,יחידה,1.00,יחידה,false,1,16.90,16.9000,true,1,4917
7290002511212,false,גבינה עירקית 24%,מחלבת המושבה,IL,גבינה עירקית 24%,קילוגרמים,1.00,"ק""ג",true,,89.00,89.0000,true,1,8407
7290002511281,false,המושבה גבינת ברינזה,מחלבת המושבה,IL,המושבה גבינת ברינזה צאן,קילוגרמים,1.00,"ק""ג",true,,79.00,79.0000,true,1,4641
7290002511427,false,אצבעות שוקולד וניל ה,מחלבת המושבה,IL,אצבעות שוקולד,קילוגרמים,1.00,"ק""ג",true,,65.00,65.0000,true,1,8408
7290002517108,false,תבלין אורגנו 10 ג' טעם וריח,תות ממתקי איכות,IL,תבליני טעם וריח מיכל קטן אורגנו 10 גרם,גרמים,10.00,100 גרם,false,1,6.90,69.0000,true,1,122913
7290002517269,false,תבלין פלפל שחור שלם 35ג',תות ממתקי איכות,IL,תבליני טעם וריח פלפל שחור שלם 35 גרם,גרמים,35.00,100 גרם,false,1,9.90,28.2857,true,1,122951
7290002517276,false,תבלין פלפל אנגלי שלם 25ג',תות ממתקי איכות,IL,תבליני טעם וריח מיכל קטן פלפל אנגלי שלם 25 גרם,גרמים,25.00,100 גרם,false,1,6.90,27.6000,true,1,122896
7290002517283,false,טעם וריח פלפל שחור ג,תות ממתקי איכות,IL,תבליני טעם וריח מיכל פלפל שחור גרוס 40 גרם,גרמים,40.00,100 גרם,false,1,9.90,24.7500,true,1,122914
7290002517337,false,תבלין אורגנו עלים 20 גר',תות ממתקי איכות,IL,תבליני טעם וריח 100% אורגנו 20 גרם,גרמים,20.00,100 גרם,false,1,5.90,29.5000,true,1,122800
7290002517375,false,תבלין בזיליקום 30 גר' שק',תות ממתקי איכות,IL,"תבליני טעם וריח, 100% בזיליקום (ריחן), 30 גרם",גרמים,30.00,100 גרם,false,1,5.90,19.6667,true,1,116
7290002517580,false,תערובת תיבול לעוף - 80 ג',תות ממתקי איכות,IL,"תבליני טעם וריח, תערובת תיבול לעוף, 80 גרם",גרמים,80.00,100 גרם,false,1,9.90,12.3750,true,1,119
7290002517603,false,תבלין בזיליקום מיכל 10ג',תות ממתקי איכות,IL,"תבליני טעם וריח בזיליקום (ריחן), 10 גרם",גרמים,10.00,100 גרם,false,1,6.90,69.0000,true,1,122831
7290002517634,false,תבליני כוסברה 30גר,תות ממתקי איכות,IL,תבליני טעם וריח כוסברה 30 גרם,גרמים,30.00,100 גרם,false,1,6.90,23.0000,true,1,122833
7290002517658,false,תבלין כורכום 40 גרם מיכל קטן,תבליני טעם וריח,IL,תבליני טעם וריח כורכום 100% 40 גרם,גרמים,40.00,100 גרם,false,1,6.90,17.2500,true,1,122835
7290002517689,false,תבלין קרי 40 גרם מיכל קטן,תות ממתקי איכות,IL,תבליני טעם וריח אבקת קרי 40 גרם,גרמים,40.00,100 גרם,false,1,6.90,17.2500,true,1,122837
7290002517726,false,תבלין מקלות קינמון 15ג',תות ממתקי איכות,IL,תבליני טעם וריח מקלות קינמון 100%,גרמים,15.00,100 גרם,false,1,6.90,46.0000,true,1,122839
7290002517733,false,תבלין קצח טעם וריח 4,תות ממתקי איכות,IL,"תבליני טעם וריח, 100% קצח, 40 גרם",גרמים,40.00,100 גרם,false,1,6.90,17.2500,true,1,122840
7290002517801,false,תבלין צ'ילי כתוש - חריף (פלפל קיינה) 30 ג',תות ממתקי איכות,IL,"תבליני טעם וריח, 100% צ'ילי כתוש חריף, 30 גרם",גרמים,30.00,100 גרם,false,1,6.90,23.0000,true,1,122846
7290002517825,false,תבלין פלפל לבן טחון 40ג',תות ממתקי איכות,IL,"תבליני טעם וריח, 100% פלפל לבן טחון, 40 גרם",גרמים,40.00,100 גרם,false,1,9.90,24.7500,true,1,122848
7290002517849,false,תבלין שום גבישי 50 גר,תות ממתקי איכות,IL,תבליני טעם וריח מיכל קטן שום גבישי 50 גרם,גרמים,50.00,100 גרם,false,1,6.90,13.8000,true,1,122849
7290002517863,false,תבלין ציפורן טחון 80ג',תות ממתקי איכות,IL,"תבליני טעם וריח, ציפורן טחון 100%, 40 גרם",גרמים,40.00,100 גרם,false,1,9.90,24.7500,true,1,122851
7290002542506,false,"בירה קורונה בקבוק 355מ""ל",קריניציה ויטמינה אס,MX,בירה קורונה אקסטרה 355 מל,מיליליטרים,355.00,"100 מ""ל",false,1,10.90,3.0704,true,1,124141
7290002542773,false,"בירה סטלה ארטואה בקבוק 330 מ""ל",סטלה,BE,סטלה ארטואה בק 330 מל,מיליליטרים,330.00,"100 מ""ל",false,1,9.90,3.0000,true,1,28555
7290002542780,false,"שישיית בירה סטלה ארטואה 330 מ""ל*6",סטלה ארטואה Stella Artois,BE,סטלה ארטואה שישיה 6 בק*330 מל,ליטרים,1.32,ליטר,false,1,39.90,30.2273,true,1,28556
7290002542797,false,בקבוק בירה לף בלונד,לף Leffe,BE,בירה לף בלונד בקבוק 330 מל,מיליליטרים,330.00,"100 מ""ל",false,1,11.90,3.6061,true,1,28699
7290002543046,false,קלוגס פרוסטיס דגנים וסוכר 750ג',קלוג מנייופרטורינג א,ES,דגני קלוגס פרוסטיס 750 גרם,גרמים,750.00,100 גרם,false,1,23.90,3.1867,true,1,120041
7290002543237,false,קלוגס קורנפלקס 750גר,קלוגס קומפני אוף גרי,DE,קלוגס קורנפלקס 750 גרם,גרמים,750.00,100 גרם,false,1,19.90,2.6533,true,1,120044
7290002551003,false,סטארקיסט טונה בשמן בודד 160ג',סטארקיסט,,טונה בשמן סטארקיסט 160 גרם,גרמים,160.00,100 גרם,false,1,8.50,5.3125,true,1,120047
7290002577492,false,"פילה דג הרינג מלוח בשמן, 340 גרם",מיוצר על ידי קוד יצר,IL,פילה דג הרינג מלוח בשמן דלידג 240 גרם,גרמים,240.00,100 גרם,false,1,25.90,10.7917,true,1,9866
7290002577508,false,פילה דג הרינג מלוח בשמן ובצל דלידג 240 ג',מיוצר על ידי קוד יצר,IL,פילה דג הרינג מלוח בשמן ובצל דלידג 240גר,גרמים,240.00,100 גרם,false,1,25.90,10.7917,true,1,9865
7290002596448,false,חזה בקר כבוש,לאטי עזרא,,חזה בקר כבוש לקג,קילוגרמים,1.00,"ק""ג",true,,59.90,59.9000,true,1,122795
7290002596523,false,סטייק אנטריקוט,לאטי עזרא גלם ודגים,,"סטייק אנטריקוט בואקום לק""ג",קילוגרמים,1.00,"ק""ג",true,,99.90,99.9000,true,1,123551
7290002603474,false,פיצת השף רוטב פטריות,סוילה אס.אר.אל,IT,שגב פיצת השף רוטב פטריות בטעם כמהין 220 גרם,גרמים,220.00,100 גרם,false,1,14.90,6.7727,true,1,4973
7290002603481,false,פיצת השף מאיטליה CHEF שגב פסטו ועגבניות 200 גרם,האי נאם סי או אל.טי.,IT,שגב פיצת השף פסטו ועגבניות 220 גרם,גרמים,200.00,100 גרם,false,1,14.90,7.4500,true,1,4971
7290002603498,false,פיצת השף שגב אנטיפסט,האי נאם סי או אל.טי.,IT,שגב פיצת השף אנטיפסטי 220 גרם,גרמים,220.00,100 גרם,false,1,14.90,6.7727,true,1,4972
7290002618263,false,טבעות בצל שף הטבע,משק ויילר,IL,טבעות בצל שף הטבע 600גרם,גרמים,600.00,100 גרם,false,1,24.90,4.1500,true,1,37516
7290002627210,false,"גפילטעפיש קציצות מדגי קרפיון וכסיף 560 גר' בעל""ז",האי נאם סי או אל.טי.,IL,גפילטע פיש דלידג בצנצנת 560 גרם,גרמים,560.00,100 גרם,false,1,14.90,2.6607,true,1,20078
7290002627616,false,פילה אמנון דלידג 7-9,מאומינג שינזו סאיפוד,CN,פילה אמנון דלידג 7-9 ארוז מהדרין,קילוגרמים,1.00,"ק""ג",true,,32.90,32.9000,true,1,26879
7290002628064,false,טחון בקר בלדי קפוא 500 ג' /16 יח',יוליניבר,IL,בשר בקר טחון בלדי ריאה חלק 500 גרם,גרמים,500.00,100 גרם,false,1,21.90,4.3800,true,1,9574
7290002651116,false,"גחנון חמסי 1 ק""ג",מעדני הטלה,,"ג""חנון חמסי צלחות 1 ק""ג",קילוגרמים,1.00,"ק""ג",false,1,16.90,16.9000,true,1,8892
7290002651123,false,חמסי מלווח 1 קילו,חמסי,,חמסי מלווח 1 קילו,קילוגרמים,1.00,"ק""ג",false,1,16.90,16.9000,true,1,2657
7290002651253,false,ג'חנון אפוי חמסי 60,מעדני הטלה,,"ג""חנון אפוי 600 גר """,גרמים,600.00,100 גרם,false,1,16.90,2.8167,true,1,9730
7290002651260,false,קוסקוס חמסי,לאטי עזרא,,קוסקוס חמסי,גרמים,350.00,100 גרם,false,1,17.90,5.1143,true,1,127402
7290002657866,false,פילה אמנון דלידג העד,גואנדונג יוג'יה סיפו,IL,פילה אמנון דלידג,קילוגרמים,1.00,"ק""ג",true,,28.90,28.9000,true,1,3419
7290002661153,false,"לחם דני קל ברמן 1 ק""",מאפית י את א ברמן בע,IL,"לחם דני קל 1 ק""ג",קילוגרמים,1.00,"ק""ג",false,1,16.90,16.9000,true,1,123918
7290002687450,false,נקניקיות מנגליות הוד,הוד חפר,,נקניקיות מנגליות הוד חפר 1.5 קג,קילוגרמים,1.50,"ק""ג",false,1,29.90,19.9333,true,1,124588
7290002692478,false,"שמן זית כתית מעולה קלאסי מעודן 750 מ""ל עץ הזית","מרקאולאו, ספרד.אבסה,",IT,"שמן זית כתית מעולה מעודן עץ הזית 750 מ""ל",מיליליטרים,750.00,"100 מ""ל",false,1,36.90,4.9200,true,1,122505
7290002692768,false,"תרסיס קנולה מופחת קלוריות 200 מ""ל עץ הזית",טרנסומס פוד איי בי,IT,"תרסיס שמן קנולה 200 מ""ל עץ הזית",מיליליטרים,200.00,"100 מ""ל",false,1,15.90,7.9500,true,1,123524
7290002692782,false,"תרסיס מופחת קלוריות זית 200 מ""ל עץ הזית",י.ב טכנולוגיות אריזה,IL,תרסיס שמן זית כ.מעולה,מיליליטרים,148.00,"100 מ""ל",false,1,15.90,10.7432,true,1,123525
7290002715375,false,קבב יווני טיבון ויל,טיבון ויל אחזקות בעמ,IL,קבב יווני 400 גרם,גרמים,400.00,100 גרם,false,1,19.90,4.9750,true,1,9503
7290002715504,false,כוס בטעם עוף מג'יק 70 ג',טאט הוי פוד בעמ,SG,תבשיל מגיק בכוס עוף 70 גרם,גרמים,70.00,100 גרם,false,1,5.00,7.1429,true,1,120064
7290002715511,false,מג'יק טעם בשר בכוס 70 ג',טאט הוי פוד בעמ,SG,תבשיל מגיק בכוס בקר 70 גרם,גרמים,70.00,100 גרם,false,1,5.00,7.1429,true,1,120065
7290002715528,false,כוס בטעם ירקות מג'יק 70 ג',טאט הוי פוד בעמ,SG,ארוחת ירקות - בטעם ירקות,גרמים,70.00,100 גרם,false,1,5.00,7.1429,true,1,120066
7290002715580,false,מג'יק טעם סיני בכוס 70 ג',טאט הוי פוד בעמ,SG,תבשיל מגיק בכוס ירקות סיני 70 גרם,גרמים,70.00,100 גרם,false,1,5.00,7.1429,true,1,120067
7290002730262,false,פלמוליב כלים שקוף קלאסי 750 בקבוק חדש,יבואן ומשווק: ש. שסט,GR,פלמוליב נוזל לניקוי כלים קלאסי 750 מל,מיליליטרים,750.00,"100 מ""ל",false,1,11.90,1.5867,true,1,120070
7290002730538,false,בלונס פדים להסרת איפור 80 יח',הנסיך- מפעל לייצור ט,GR,בלונס פדיות להסרת איפור 80 יחידות,לא מנהל יחידת מידה,0.00,לא מנהל יחידת מידה,false,1,10.80,0.0000,true,1,120072
7290002730675,false,"קולגייט משחת שיניים אדומה משפחתי 100 מ""ל",קולגייט פלמוליב,PL,"משחת שיניים קולגייט אדומה 100 מ""ל",מיליליטרים,100.00,"100 מ""ל",false,1,9.90,9.9000,true,1,120074
7290002730811,false,"קולגייט משחת שיניים ג'ל משפחתי 100מ""ל",הנסיך- מפעל לייצור ט,PL,משחת שניים קולגיט גל משפחתי,מיליליטרים,100.00,"100 מ""ל",false,1,11.90,11.9000,true,1,120075
7290002730903,false,פלמוליב סבון מוצק ורדים רביעייה * 125 ג',הנסיך- מפעל לייצור ט,TR,סבון מוצק בניחוח ורדים פלמוליב 4 יחידות,גרמים,400.00,100 גרם,false,1,12.90,3.2250,true,1,120076
7290002730958,false,פלמוליב סבון מוצק? ירוק זית רביעייה * 100 ג',הנסיך- מפעל לייצור ט,TR,סבון מוצק בניחוח זיתים ואלוורה פלמוליב 4 יחידות,גרמים,400.00,100 גרם,false,1,12.90,3.2250,true,1,120079
7290002735014,false,מלוואח ארוז ינון 800 גר',ג'נרל מילס סאן אדריא,IL,מלווח ינון 800 גר,גרמים,800.00,100 גרם,false,1,14.90,1.8625,true,1,120080
7290002735021,false,ינון גחנון ארוז 750גר,ג'נרל מילס סאן אדריא,IL,גחנון 700 גר ינון,גרמים,700.00,100 גרם,false,1,14.90,2.1286,true,1,120081
7290002735274,false,ינון גחנון אפוי 600 גר,ג'נרל מילס סאן אדריא,IL,גחנון אפוי ינון 600גרם,גרמים,750.00,100 גרם,false,1,16.90,2.2533,true,1,123729
7290002752332,false,"סוכריות מנטוס פירות בגליל, 37.5 גרם",הדקלאים אגודת שיתופי,NL,מנטוס סוכריות לעיסה בטעם פירות 37.5 גרם,גרמים,38.00,100 גרם,false,1,3.90,10.2632,true,1,120082
7290002752349,false,סוכריות מנטוס מנטה 40יח' בגליל 38ג',פרפטי ואן מלה,NL,גליל מנטוס סוכריות לעיסה בטעם מנטה,גרמים,38.00,100 גרם,false,1,3.90,10.2632,true,1,121498
7290002752493,false,רביעיה סוכריות מנטה 4* 16 ג' טיק טק,קריות זול,ZA,סוכריות טיק טק 64 1/4 גר.מנטה,גרמים,64.00,100 גרם,false,1,12.90,20.1563,true,1,120083
7290002753223,false,רביעייה סוכריות תפוז 4*16 ג' טיק טק,קריות זול,ZA,טיק טק סוכריות דחוסות בטעם תפוז 64 גרם,גרמים,64.00,100 גרם,false,1,12.90,20.1563,true,1,120084
7290002753995,false,ערכת קישוטי עוגה 150 גר',היינץ צפון אמריקה מק,DE,6 סוגי דרז'ה צבעוני לקישוט 150 גרם,גרמים,150.00,100 גרם,false,1,19.90,13.2667,true,1,9504
7290002757528,false,"בורקס פילו תפו""א 700גרם לנדא",יוליניבר,IL,שלושת האופים בורקס פילו תפוח אדמה 700 גרם,גרמים,700.00,100 גרם,false,1,19.90,2.8429,true,1,9641
7290002766056,false,עגבניות שרי קופסא ליח',רון שרי,IL,עגבניות שרי תמר לב 500 גרם,גרמים,500.00,100 גרם,false,1,9.90,1.9800,true,1,18319
7290002768074,false,דרמופון - סבון נוזלי 1 ליטר,טרופיקל דגיל תעשיות,IL,דרמפון סבון ללא סבון 1 ליטר,ליטרים,1.00,ליטר,false,1,19.70,19.7000,true,1,10240
7290002768159,false,"בת אורן סבון קצף לאמבט 500 מ""ל",פארק תעשיות עמק חפרמ,IL,בת אורן סבון אמבט נוזלי בניחוח אורנים 500מל,מיליליטרים,500.00,"100 מ""ל",false,1,20.70,4.1400,true,1,120087
7290002771104,false,קפה אלנח'לה עם הל 500 ג',מולינו ניקולי s.p.a,IL,אל נחל'ה קפה קלוי וטחון עם הל 500 גרם,גרמים,500.00,100 גרם,false,1,34.90,6.9800,true,1,121677
7290002771111,false,קפה עם הל 250 ג' אלנח'לה,מולינו ניקולי s.p.a,IL,אל נחל'ה קפה קלוי וטחון עם הל 250 גרם,גרמים,250.00,100 גרם,false,1,17.90,7.1600,true,1,120088
7290002771128,false,קפה אלנח'לה בלי הל 250 ג',מולינו ניקולי s.p.a,IL,קפה תורכי נחלה 250 גרם,גרמים,250.00,100 גרם,false,1,17.90,7.1600,true,1,121678
7290002793311,false,שירות והחלפה מילוי גז (60),סודה סטרים,,שרות החלפה מילוי גז 60,יחידה,0.00,יחידה,false,1,59.00,0.0000,true,1,123476
7290002800361,false,המבורגר מסעדות בואקו,מעדני הטלה,,המבורגר מסעדות בואקום 500 גר,גרמים,500.00,100 גרם,false,1,28.90,5.7800,true,1,9674
7290002802464,false,"חזרת 3 ק""ג",גרמי שיווק,,"חזרת 3 ק""ג",קילוגרמים,1.00,"ק""ג",true,,47.00,47.0000,true,1,22503
7290002814016,false,"מסיר שומנים קר מתז סנט מוריץ 750מ""ל",קומפלקס כימיקלים,IL,מסיר שומנים 750 מל,מיליליטרים,750.00,"100 מ""ל",false,1,16.90,2.2533,true,1,120090
7290002814054,false,סנט מוריץ מתז אנטרטיק מתז 1 ליטר,קומפלקס כימיקלים,IL,אנטרטיק ספריי מסיר אבנית סנט מוריץ 1 ליט,ליטרים,1.00,ליטר,false,1,12.90,12.9000,true,1,36840
7290002814078,false,סנט מוריץ נוזל לניקוי אמבט אנטרטיק 1ל',קומפלקס כימיקלים,IL,אנטרטיק תכשיר ניקוי 1 ליטר,ליטרים,1.00,ליטר,false,1,8.90,8.9000,true,1,120091
7290002814122,false,"ספריי אוויר 250 מ""ל fashion no.9 סנט מוריץ",סורה קוסמטיקס,TR,fashion no9 ספריי אוויר 250 מל,מיליליטרים,250.00,"100 מ""ל",false,1,13.90,5.5600,true,1,36841
7290002814153,false,שלישייה סבון אסלה לימון סנט מוריץ,מיס פלורה,TR,סבון אסלה מרוכז שלישיה לימון,יחידה,3.00,יחידה,false,1,11.90,3.9667,true,1,36842
7290002814221,false,שלישייה סבון אסלה לבנדר סנט מוריץ,מיס פלורה,TR,סבון אסלה מרוכז שלישיה לבנדר,יחידה,3.00,יחידה,false,1,11.90,3.9667,true,1,36843
7290002814283,false,"מילוי מכשיר אוויר 250 מ""ל fashion imagination סנט מוריץ",סורה קוסמטיקס,TR,fashion imagination מילוי מכשיר אוויר 25,מיליליטרים,250.00,"100 מ""ל",false,1,13.90,5.5600,true,1,36844
7290002814290,false,BLANCO קצף אקונומיקה מרוכז 1 ליטר בניחוח לימון,קומפלקס כימיקלים,IL,בלאנקו קצף אקונומיקה מרוכז 7% חומר פעיל,ליטרים,1.00,ליטר,false,1,12.90,12.9000,true,1,36845
7290002814351,false,"מילוי מכשיר אוויר 250 מ""ל fashion sweetie סנט מוריץ",סורה קוסמטיקס,TR,fashion sweetie מילוי מכשיר אוויר 250 מל,מיליליטרים,250.00,"100 מ""ל",false,1,13.90,5.5600,true,1,36846
7290002814481,false,עלמה שקיות מזון בקופסא 150 יח' מארז שלישיה,קומפלקס כימיקלים,IL,עלמה שקיות מזון 150 3,יחידה,1.00,יחידה,false,1,11.90,11.9000,true,1,36847
7290002814498,false,"סנט מוריץ - מרסס חומץ לניקוי כללי 750 מ""ל",ארבה כימיקלים,TR,וזל לניקוי כללי בתוספת מתז חומץ 750 מל,מיליליטרים,750.00,"100 מ""ל",false,1,11.90,1.5867,true,1,36848
7290002814504,false,סנט מוריץ מגבונים לרצפה 10 יח' עם חור בית מלון בוטיק,קומפלקס כימיקלים,IL,סנט מוריץ מגבונים לרצפה 10 יחידות מלון,יחידה,1.00,יחידה,false,1,10.90,10.9000,true,1,37041
7290002814528,false,נוזל לניקוי האסלה סנט מוריץ 1 ליטר,קומפלקס כימיקלים,IL,נוזל לניקוי אסלות 1 ליטר,ליטרים,1.00,ליטר,false,1,6.90,6.9000,true,1,120092
7290002814542,false,סנט מוריץ שקיות אשפה 75*90 -25 יח',אסיר פלסט,TR,עלמה שקיות אשפה 25 יחידות 75 90,יחידה,25.00,יחידה,false,1,10.90,0.4360,true,1,36849
7290002814580,false,טורנדו גרגירים לפתיחת סתימות 200 גרם,קומפלקס כימיקלים,IL,טורנדו גרגירים לפתיחת סתימות גרם 200 מל,מיליליטרים,200.00,"100 מ""ל",false,1,14.90,7.4500,true,1,36850
7290002814634,false,כפפות לטקס ללא אבקה מידה S עלמה,קומפלקס כימיקלים,CN,עלמה כפפות לטקס ללא אבקה מידה S,יחידה,1.00,יחידה,false,1,23.90,23.9000,true,1,36851
7290002814641,false,כפפות לטקס ללא אבקה מידה M עלמה,קומפלקס כימיקלים,CN,עלמה כפפות לטקס ללא אבקה מידה M,יחידה,1.00,יחידה,false,1,23.90,23.9000,true,1,36852
7290002814658,false,כפפות לטקס ללא אבקה מידה L עלמה,קומפלקס כימיקלים,CN,עלמה כפפות לטקס ללא אבקה מידה L,יחידה,1.00,יחידה,false,1,23.90,23.9000,true,1,36853
7290002814665,false,סנט מוריץ - מרסס מסיר עובש 1 ליטר,קומפלקס כימיקלים,IL,מתז מסיר עובש 1 ליטר,ליטרים,1.00,ליטר,false,1,12.90,12.9000,true,1,36854
7290002814672,false,כפפות לטקס ללא אבקה מידה XL עלמה,קומפלקס כימיקלים,CN,עלמה כפפות לטקס ללא אבקה מידה XL,יחידה,1.00,יחידה,false,1,23.90,23.9000,true,1,36855
7290002814719,false,נוזל רצפות סנט מוריץ אסלות מאסק 4 ליטר,קומפלקס כימיקלים,IL,נוזל רצפות מאסק סנט מוריץ לאסלות 4 ליטר,ליטרים,4.00,ליטר,false,1,15.90,3.9750,true,1,36856
7290002814887,false,עלמה מגבונים לחים לרצפה 10 יחידות,,IL,סנט מוריץ מגבונים לחים לרצפה 10 יחידות,יחידה,10.00,יחידה,false,1,10.90,1.0900,true,1,36860
7290002814894,false,אקונומיקה קצף ניקוי 1לוונדר ליטר- סנט מוריץ,קומפלקס כימיקלים,IL,אקונומיקה קצף לניקוי לבנדר סנט מוריץ 1 ל,ליטרים,1.00,ליטר,false,1,12.90,12.9000,true,1,36861
7290002814900,false,סבון אסלה כדוריות לימון שלישיה,גורקה,TR,סבון אסלה כדוריות לימון שלישיה,יחידה,3.00,יחידה,false,1,11.90,3.9667,true,1,36862
7290002814917,false,סנט מוריץ שמפו רצפות בניחוח לבנדר 4 ליטר,קומפלקס כימיקלים,IL,תכשיר מרוכז לניקוי רצפות לבנדר 4 ליטר,ליטרים,4.00,ליטר,false,1,15.90,3.9750,true,1,13554
7290002814924,false,נוזל רב תכליתי סנט מ,קומפלקס,,נוזל רב תכליתי סנט מוריץ 4 ליטר,ליטרים,4.00,ליטר,false,1,23.90,5.9750,false,1,125443
7290002814931,false,סנט מוריץ שמפו רצפות בניחוח פרחים 4 ליטר - מרכז,קומפלקס כימיקלים,IL,תכשיר מרוכז לניקוי רצפות בניחוח אורנים 4,ליטרים,4.00,ליטר,false,1,15.90,3.9750,true,1,36820
7290002814948,false,סנט מוריץ מגבוני דלי לרצפה 50 יחידות עם חור,קומפלקס כימיקלים,IL,סנט מוריץ מגבוני דלי לרצפה 50 יחידות,יחידה,50.00,יחידה,false,1,29.90,0.5980,true,1,37042
7290002814986,false,סנט מוריץ מגבונים לניקוי כללי בדלי 400 יחידות בריח לימון,קומפלקס כימיקלים,IL,סנט מוריץ מגבונים לניקוי כללי בדלי 400 י,יחידה,400.00,יחידה,false,1,21.90,0.0547,true,1,37043
7290002824183,false,גבינה לבנה 5% שומן 500 ג' שטראוס,מיוצר עי קונדיטוריית,IL,סקי משפחתי 5%,גרמים,500.00,100 גרם,false,1,9.96,1.9920,true,1,120109
7290002824466,false,דנונה יוגורט ביו 0% 200מל,"שטראוס בריאות בע""מ",IL,דנונה ביו 0% 200 גרם,גרמים,200.00,100 גרם,false,1,3.70,1.8500,true,1,120110
7290002824640,false,גבינה שטראוס 5% 250 ג',מיוצר עי קונדיטוריית,IL,סקי 5% 250 גרם,גרמים,250.00,100 גרם,false,1,4.98,1.9920,true,1,120111
7290002830184,false,פילה לברק קפוא במשקל.,יושלם,,דג פילה לברק נטו,קילוגרמים,1.00,"ק""ג",true,,54.90,54.9000,true,1,3274
7290002830948,false,גבינת מון בלאן עיזים 120 ג',סלס קרית מלאכי ישראל,IL,מון בלאן גבינת עיזים מותכת 120 גרם,גרמים,120.00,100 גרם,false,1,11.90,9.9167,true,1,124264
7290002842699,false,מיץ שזיפים ללא סוכר,קליפסטאר קונפוריישן,US,"מיץ שזיפים ללא סוכר 946 מ""ל",מיליליטרים,946.00,"100 מ""ל",false,1,22.20,2.3467,true,1,26913
7290002868996,false,קוטג' 5% מועשר טרה 250ג' מהדרין,קריות זול,IL,קוטג מועשר 5% טרה 250 גרם,גרמים,250.00,100 גרם,false,1,6.20,2.4800,true,1,122459
7290002871248,false,"בירה טובורג רד חוזר 500 מ""ל",מבשלות בירה בינלאומי,IL,"טובורג מלא חוזר חדש 500 מ""ל",מיליליטרים,500.00,"100 מ""ל",false,1,9.50,1.9000,true,1,230
7290002871361,false,"קרלסברג בירה בק.חוזר 500 מ""ל",מבשלות בירה בינלאומי,IL,קלסברג בירה 500 מל,מיליליטרים,500.00,"100 מ""ל",false,1,9.50,1.9000,true,1,232
7290002879237,false,חטיף ציפס תירס ברביק,דדוש דניאל,,חטיף ציפס תירס ברביקיו 200 גרם,גרמים,200.00,100 גרם,false,1,12.90,6.4500,true,1,19392
7290002879299,false,מלפפונים גדולים בחומ,דדוש דניאל,,מלפפונים גדולים בחומץ 860 גרם,גרמים,860.00,100 גרם,false,1,19.90,2.3140,true,1,121813
7290002879305,false,מלפפונים קטנים בחומץ,דדוש דניאל,,מלפפונים קטנים בחומץ 860 גרם,גרמים,860.00,100 גרם,false,1,20.70,2.4070,true,1,17632
7290002879435,false,כרוב כבוש 900 גרם,פולן,,כרוב כבוש 900 גרם,גרמים,900.00,100 גרם,false,1,18.70,2.0778,true,1,17750
7290002879633,false,וופל בלגי 550 ג פלוטקין,הרטו בלגיה,BE,וופל בלגי 1/10 550 גרם,גרמים,550.00,100 גרם,false,1,24.90,4.5273,true,1,33172
7290002881018,false,סן מורנו מעדן תות שד,קריות זול,,מעדן תות שדה 100%,גרמים,284.00,100 גרם,false,1,12.50,4.4014,true,1,1928
7290002881025,false,סן מורנו מעדן דובדבן,קריות זול,,מעדן דובדבן חמוץ 284גר,גרמים,284.00,100 גרם,false,1,12.90,4.5423,true,1,1408
7290002881261,false,ליצי שלם תומר 565 גר,גיבונג אינדסקיאלס,,ליצי שלם567 גרם,גרמים,567.00,100 גרם,false,1,9.90,1.7460,true,1,123045
7290002881407,false,נודלס אטריות ביצים דק תומר 400ג',קריות זול,,איטריות נודלס,יחידה,0.40,יחידה,false,1,5.90,14.7500,true,1,123584
7290002881506,false,חמאת בוטנים תומר 510 ג',Niza s a,,חמאת בוטנים,יחידה,0.51,יחידה,false,1,12.90,25.2941,true,1,124065
7290002881513,false,חמאת בוטנים עם שברי בוטנים תמר 510 גר',Niza s a,,חמאת בוטנים חתיכות,גרמים,500.00,100 גרם,false,1,12.90,2.5800,true,1,124213
7290002881551,false,עלי גפן ממולאים תומר,אסמה תורכיה,,עלי גפן ממולאים באורז תומר 400 גרם,גרמים,400.00,100 גרם,false,1,10.90,2.7250,true,1,125230
7290002881940,false,סרדינים מרוקאי בשמן חמניות 125ג' תומר,Union des pecheries,,סרדינים בשמן חמניות תומר 125 גרם,גרמים,125.00,100 גרם,false,1,4.90,3.9200,true,1,123745
7290002881957,false,סרדינים מרוקאי חריף בשמן חמניות 125ג' תומר,Union des pecheries,,סרדינים בשמן חמניות חריף תומר 125 גרם,גרמים,125.00,100 גרם,false,1,4.90,3.9200,true,1,123371
7290002881988,false,סרדין מרוקאי בשמן ולימון 125 ג' תומר,,,סרדין מרוקאי,יחידה,1.00,יחידה,false,1,5.40,5.4000,true,1,124257
7290002900566,false,פסטרמה ברביקיו דל שומן טירת צבי 360 ג',הנסיך- מפעל לייצור ט,IL,פסטרמה ברביקיו דל שומן טירת צבי 360 גרם,גרמים,360.00,100 גרם,false,1,30.90,8.5833,true,1,122506
7290002904694,false,"טיטניום דאודורנט ספריי לגברים 150 מ""ל",אמיליה קוסמטיקס בעמ,IL,"טיטניום דאודורנט ספריי קלאסי 180 מ""ל",מיליליטרים,180.00,"100 מ""ל",false,1,18.90,10.5000,true,1,120154
7290002909569,false,דג ברבוניה פילה קפוא 400 ג',דולפין ספא,,פילה ברבוניה 400 גרם ארוז (נייזר),גרמים,400.00,100 גרם,false,1,29.90,7.4750,true,1,9827
7290002909576,false,בשר בקר טחון לקציצות ולקבב 500 ג' 12 יח',יוליניבר,IL,בשר בקר טחון לקציצות ולקבב 500 גרם,גרמים,500.00,100 גרם,false,1,21.90,4.3800,true,1,27582
7290002919179,false,"פילה אמנון 5-7 בוואקום ללא עור בד""ץ עד""ח",בלאדי,IL,אמנון פילה 5-9 פס עור בוואקום,קילוגרמים,1.00,"ק""ג",true,,36.00,36.0000,true,1,35503
7290002920311,false,גבינה קממבר צאן גד ב,מחלבות גד,IL,"קממבר צאן 25% לק""ג גד",קילוגרמים,1.00,"ק""ג",true,,145.00,145.0000,true,1,120159
7290002921165,false,הזלין ספריי חלב לטיפוח רהיטי עור,קריות זול,CH,יעקבי הזלין קונדישינר חלב שקוף לרהיטי עור 400 מל,מיליליטרים,400.00,"100 מ""ל",false,1,39.50,9.8750,true,1,120160
7290002921233,false,"קרבונה ניקוי יבש לכתמים שומניים 200 מ""ל",מנדלז סי.אר. פרודקשן,ES,מסיר כתמים קרבונה ספריי 170,מיליליטרים,170.00,"100 מ""ל",false,1,23.90,14.0588,true,1,121708
7290002921240,false,"שמפוזר מסיר כתים משטיחים קרבונה, 650 מ""ל",קרבונה Carbona,MX,יעקבי קרבונה מסיר כתמים מריפוד ושטיחים 650 מל,מיליליטרים,650.00,"100 מ""ל",false,1,27.90,4.2923,true,1,17523
7290002921332,false,סבון פלא אסטוניש מסיר כתמים 75גר,קריות זול,,יעקבי אסטוניש סבון הפלא מסיר כתמים 75 גרם,גרמים,75.00,100 גרם,false,1,18.90,25.2000,true,1,120161
7290002921349,false,דבק סופר גלו מארז זוגי,קריות זול,,דבק סופר גלו לוקטיט,גרמים,100.00,100 גרם,false,1,11.90,11.9000,true,1,120162
7290002922117,false,עוגיות אקלר פרמיום,אקלר,,עוגיות פרימיום 200-300 גרם,גרמים,300.00,100 גרם,false,1,23.90,7.9667,true,1,121725
7290002929536,false,קובה למרק ש. האופים,האי נאם סי או אל.טי.,IL,"קובה למרק 600 גר """,גרמים,600.00,100 גרם,false,1,17.90,2.9833,true,1,126317
7290002929635,false,טונה בשמן 140 ג' ויליגר,"ויליגר תעשיות בע""מ",IL,ויליגר נתחי טונה בהירה בשמן 140 גרם,גרמים,140.00,100 גרם,false,1,5.90,4.2143,true,1,9163
7290002929642,false,טונה וילגר בשמן רביעיה * 140 ג',דיאמנט פוד פרודקט קו,TH,טונה ויליגר בשמן 140 גרם 1\4,גרמים,560.00,100 גרם,false,1,21.90,3.9107,true,1,126468
7290002929734,false,"גפילטעפיש קציצות מדגי קרפיון וכסיף 560 גר' העד""ח",דלידג,,"גפליטע פיש דלידג בד""ץ 560 גרם",גרמים,570.00,100 גרם,false,1,14.90,2.6140,true,1,128063
7290002971030,false,קמח שיפון שטיבל מס 7,מיוצר עי קונדיטוריית,IL,שטיבל 7 - קמח שיפון מלא 1 קג,קילוגרמים,1.00,"ק""ג",false,1,6.50,6.5000,true,1,120182
7290002971092,false,שטיבל.6קמח מלא שטיבל,שטיבל טחנות קמח,IL,"שטיבל 6 קמח מלא שטיבל 1 ק""ג",קילוגרמים,1.00,"ק""ג",false,1,9.80,9.8000,true,1,120183
7290002971214,false,שטיבל 2 קמח לחם מעוש,מיוצר עי קונדיטוריית,IL,שטיבל 2 - קמח לחם 1 קג,קילוגרמים,1.00,"ק""ג",false,1,6.50,6.5000,true,1,120184
7290002972365,false,קמח תופח שטיבל ללא נ,מיוצר עי קונדיטוריית,IL,קמח תופח שטיבל ללא ניפוי 1קג,קילוגרמים,1.00,"ק""ג",false,1,9.90,9.9000,true,1,1422
7290002986652,false,פתי בר שוקו 470 ג' גטניו,"אחים גטניו בע""מ",,ביסקוויט פתיבר שוקו גטניו 470 גרם,גרמים,470.00,100 גרם,false,1,9.90,2.1064,true,1,8519
7290002987963,false,"סלט חומוס אחלה 1 ק""ג",מיוצר עי קונדיטוריית,IL,חומוס אחלה 1 קג,קילוגרמים,1.00,"ק""ג",false,1,15.70,15.7000,true,1,17524
7290002994435,false,חלה רגילה שומשום,"מאפיית אגמי בע""מ",IL,חלה רגילה אגמי שומשום,גרמים,500.00,100 גרם,false,1,6.26,1.2520,true,1,25979
7290002994794,false,חלה קלה ארוזה אגמי,מאפיית אגמי,,חלה קלה ארוזה אגמי,גרמים,500.00,100 גרם,false,1,12.90,2.5800,true,1,15333
7290002994800,false,חלה מתוקה אגמי קונדי,מאפיית אגמי,IL,חלה מתוקה אגמי קונדיטריה,גרמים,500.00,100 גרם,false,1,12.90,2.5800,true,1,25368
7290003006021,false,קוביות גבינת פטה לסל,גבינות ניצן,,סלט בסגנון פטה,קילוגרמים,1.00,"ק""ג",true,,85.00,85.0000,true,1,2930
7290003006120,false,טאפס עירוני פלפל ממו,גבינות ניצן,,"טאפס עירוני פלפל ממולא 1 ק""ג",קילוגרמים,1.00,"ק""ג",true,,159.00,159.0000,true,1,124294
7290003009312,false,בוטן קלוי קלית גת 200 ג',הדקלאים אגודת שיתופי,IL,בוטן קלוי 200 גר' שק',גרמים,200.00,100 גרם,false,1,7.90,3.9500,true,1,121519
7290003009329,false,בוטן אמריקאי קלית גת 200 ג',הדקלאים אגודת שיתופי,IL,בוטן אמריק'200 גר'שק (ב(24,גרמים,200.00,100 גרם,false,1,6.90,3.4500,true,1,121500
7290003009336,false,קבוקים מצופים קליית,הדקלאים אגודת שיתופי,IL,קבוקים 200 גר'שק'ב24,גרמים,200.00,100 גרם,false,1,6.90,3.4500,true,1,121617
7290003009596,false,"פריגת סירופ דיאט אשכוליות 750מ""ל",סירופ - גבעת חיים,IL,"סירופ דיאט אשכוליות 750 מ""ל",מיליליטרים,750.00,"100 מ""ל",false,1,24.60,3.2800,true,1,122437
7290003015627,false,ריצפז פרש 2 ליטר אפרסק מרכז,"סנו מפעלי ברונוס בע""",IL,ריצפז סנופרש אפרסק 2 ליטר,ליטרים,2.00,ליטר,false,1,18.90,9.4500,true,1,122586
7290003015641,false,ריצפז סנו פרש יסמין 2ל',קריות זול,IL,ריצפז סנופרש יסמין 2 ליטר,ליטרים,2.00,ליטר,false,1,18.90,9.4500,true,1,122587
7290003026234,false,"ד""ר פישר - קמיל בלו תחליב לתינוק 500 מ""ל",פישר מעבדות פרמצבטיו,IL,קמיל בלו סנסיטיב תחליב לתינוק 500 גרם,מיליליטרים,500.00,"100 מ""ל",false,1,24.90,4.9800,true,1,121966
7290003029181,false,משקה יטבתה שוקו' בקבוק 1ל מהדרין,מחלבת יטבתה,IL,שוקו 1 ליטר,ליטרים,1.00,ליטר,false,1,12.90,12.9000,true,1,120230
7290003029372,false,משקה חלב בננה בקבוק 1ל' יוטבתה,מחלבת יטבתה,IL,בננה 1 ליטר,ליטרים,1.00,ליטר,false,1,12.90,12.9000,true,1,120232
7290003029389,false,"משקה חלב בננה פקק ספורט 250 מ""ל יוטבתה",שטראוס גרופ,IL,"בננה פקק 250 מ""ל",מיליליטרים,250.00,"100 מ""ל",false,1,5.50,2.2000,true,1,120233
7290003029433,false,"משקה יטבתה שוקו פקק 250 מ""ל מהדרין",מחלבת יטבתה,IL,"שוקו יטבתה פקק ספורטאים 250 מ""ל",מיליליטרים,250.00,"100 מ""ל",false,1,5.50,2.2000,true,1,120234
7290003029532,false,מוקה בקבוק 1 ל' יוטבתה,מחלבת יטבתה,IL,מוקה 1 ליטר,ליטרים,1.00,ליטר,false,1,12.90,12.9000,true,1,120235
7290003029792,false,"משקה יטבתה שוקו שקיות מהדרין מארז 225X8מ""ל",שטראוס גרופ,IL,מארז שוקו יטבתה 8 שקיות,ליטרים,1.80,ליטר,false,1,17.80,9.8889,true,1,122460
7290003029815,false,חלב יוטבתה מועשר 3% בכד 2ל',מחלבת יטבתה,IL,חלב מועשר 3% בכד יטבתה 2 ליטר,ליטרים,2.00,ליטר,false,1,15.60,7.8000,true,1,122481
7290003029907,false,משקה יטבתה אייס קפה 1ליטר,מחלבת יטבתה,IL,אייס קפה 1 ליטר,ליטרים,1.00,ליטר,false,1,12.90,12.9000,true,1,122556
7290003054213,false,מסטמכר לחם שיפון כפרי 500ג,מרום את קונפינו,DE,לחם שיפון כפרי מסטמכר 500 גרם,גרמים,500.00,100 גרם,false,1,14.90,2.9800,true,1,120249
7290003054220,false,מסטמכר לחם שיפון פומפרניקל 500ג,מסטמאכר ג'.אמ.בי.הי,DE,מסטמכר לחם שיפון פומפרניקל בנוסח ווסטפליה 500 גרם,גרמים,500.00,100 גרם,false,1,14.90,2.9800,true,1,120250
7290003054657,false,חרדל דיזון אקסטרה פורטה 370 גרם,מרום את קונפינו,FR,חרדל דיז'ון אקסטרא פורטה 370 גרם,גרמים,370.00,100 גרם,false,1,12.90,3.4865,true,1,120251
7290003060023,false,"סולת חיטה 1 ק""ג אריזות ירושלים",טחנות ישראליות,IL,"סולת חיטה 1 ק""ג טחנות ישראליות",קילוגרמים,1.00,"ק""ג",false,1,5.70,5.7000,true,1,8467
7290003060047,false,קמח תופח טחנות ישראל,טחנות ישראליות,IL,"קמח תופח בשקית 1 ק""ג",קילוגרמים,1.00,"ק""ג",false,1,5.90,5.9000,true,1,8511
7290003060276,true,קמח בהיר מנופה,,,קמח בהיר מנופה,קילוגרמים,1.00,"ק""ג",false,1,8.90,8.9000,true,1,1429
7290003069590,false,פילה סול ארוז 1 קג,דאליאן גואופו אקאטיק,CN,סול ואקום 1 קג,קילוגרמים,1.00,"ק""ג",false,1,36.90,36.9000,true,1,9298
7290003069682,false,בצק פילאס תורכי 3האופים 500 ג',שלושת האופים,IL,בצק פילאס קפוא,גרמים,500.00,100 גרם,false,1,22.90,4.5800,true,1,9152
7290003072859,false,רוסטביף טירת צבי 120 ג',הנסיך- מפעל לייצור ט,IL,טירת צבי דלקטיב רוסטביף 120 גרם,מיליליטרים,120.00,"100 מ""ל",false,1,26.90,22.4167,true,1,22050
7290003072965,false,קבנוס חריף מעושן 120 ג',טירת- צבי,IL,קבנוס טירת צבי חריף מעושן 120 גרם,גרמים,120.00,100 גרם,false,1,11.90,9.9167,true,1,28941
7290003072972,false,קבנוס בתיבול שום 120 גר',טירת- צבי,IL,קבנוס טירת צבי תיבול שום 120 גרם,גרמים,120.00,100 גרם,false,1,11.90,9.9167,true,1,28942
7290003078066,false,שום כתוש פרג 250 גרם,תבליני הדור השלישי ב,IL,תבלין שום כתוש 250 גר .,גרמים,250.00,100 גרם,false,1,17.90,7.1600,true,1,24254
7290003102136,false,צמר גפן COTTON SOFT רפואי 100 גר' 3102136,הדקלאים אגודת שיתופי,TR,צמר גפן מכותנה טבעית 100 גרם,גרמים,100.00,100 גרם,false,1,4.90,4.9000,true,1,124760
7290003121083,false,תבשיל נודלס בטעם בקר,טאט הוי פוד בעמ,SG,מג'יק ארוחת נודלס בטעם בשר 85 גרם,גרמים,85.00,100 גרם,false,1,3.20,3.7647,true,1,120265
7290003121106,false,תבשיל נודלס בטעם עוף,"טאט פוד הוי בע""מ",SG,תבשילמגיק בשקית עוף85 ג X30,גרמים,85.00,100 גרם,false,1,3.20,3.7647,true,1,120267
7290003126712,false,יוגורט עיזים בגביע 3% צוריאל 150 ג',מחלבת משק צוריאל,IL,יוגורט עיזים 3.9% 150 גרם צוריאל,גרמים,150.00,100 גרם,false,1,6.90,4.6000,true,1,122611
7290003126958,false,טופו גבינה גוש בואקום צוריאל 300 ג',א.י.ן תעשיות מזון בע,IL,טופו גולמי וואקום 300 גרם צוריאל,גרמים,300.00,100 גרם,false,1,13.50,4.5000,true,1,17530
7290003131006,false,בונדוק טיבעי במשקל,אוליבלס SA,,בונדוק טיבעי במשקל,קילוגרמים,1.00,"ק""ג",true,,89.00,89.0000,true,1,18508
7290003131075,false,קוואקר בשקילה,אוליבלס SA,,קוואקר במשקל,קילוגרמים,1.00,"ק""ג",true,,10.00,10.0000,true,1,18501
7290003131181,false,מלח לימון בשקילה,אוליבלס SA,,מלח לימון במשקל,קילוגרמים,1.00,"ק""ג",true,,30.00,30.0000,true,1,19998
7290003131204,false,פול ענק,אוליבלס SA,,פול ענק במשקל,קילוגרמים,1.00,"ק""ג",true,,20.00,20.0000,true,1,20031
7290003131211,false,כוסברה טחון,אוליבלס SA,,כוסברה טחון במשקל,קילוגרמים,1.00,"ק""ג",true,,74.00,74.0000,true,1,20005
7290003131228,false,פישתן בשקילה,אוליבלס SA,,פישתן במשקל,קילוגרמים,1.00,"ק""ג",true,,19.00,19.0000,true,1,20035
7290003131266,false,גרעין שחור קלוי,אוליבלס SA,,גרעין שחור קלוי במשקל,קילוגרמים,1.00,"ק""ג",true,,35.00,35.0000,true,1,18489
7290003131341,false,אלמונדוס,אוליבלס SA,,אלמונדוס במשקל,קילוגרמים,1.00,"ק""ג",true,,49.00,49.0000,true,1,18497
7290003131358,false,שזיף מגולען,אוליבלס SA,,שזיף מגולען במשקל,קילוגרמים,1.00,"ק""ג",true,,39.00,39.0000,true,1,18480
7290003141159,false,מרשמלו יוגטה 180 גרם,סאדאט,IL,מרשמלו יוגטה 180 גרם,גרמים,180.00,100 גרם,false,1,8.90,4.9444,true,1,125526
7290003142477,false,ערמונים קלופים וקלוי,הדקלאים אגודת שיתופי,IL,ערמונים קלויים 100 גרם,גרמים,100.00,100 גרם,false,1,7.90,7.9000,true,1,125320
7290003143139,false,סילאן תמרים קלית גת 900 ג',"טעמי הגליל בע""מ",IL,סילאן קליית גת 900 גר,גרמים,900.00,100 גרם,false,1,14.90,1.6556,true,1,127374
7290003143146,false,ממרח תמרים קליית גת 450 ג',הדקלאים אגודת שיתופי,IL,ממרח תמרים 450 קלית גת,גרמים,450.00,100 גרם,false,1,6.50,1.4444,true,1,1948
7290003143276,false,יוגטה מרשמלו מגולגל 180גר,מוטקה החולב,TR,יוגטה מרשמלו ממתק מוקצף בטעם שדה 180 גרם,גרמים,180.00,100 גרם,false,1,8.90,4.9444,true,1,126010
7290003144075,false,עוגה אישית שוקולד ונ,פרדי קונדטוריה אס.פי,,עוגה אישית שוקולד וניל צוקטה 30 גרם,גרמים,30.00,100 גרם,false,1,1.90,6.3333,true,1,24905
7290003144310,false,תערבות אגוזים וחמוציות,קליית גת,IL,תע'אגוזים וחמוציות 150 גר,גרמים,150.00,100 גרם,false,1,19.90,13.2667,true,1,128175
7290003145751,false,קשיו קלוי קלית גת 200 ג',הדקלאים אגודת שיתופי,IL,"קליית גת אגוזי קלויים, 200 גרם",גרמים,200.00,100 גרם,false,1,19.90,9.9500,true,1,123442
7290003145768,false,בוטן אמריקאי קלית גת 50 גר,ששון ושות' (ש.ת. תעש,IL,בוטן אמריקאי 50X42 גר',גרמים,50.00,100 גרם,false,1,2.90,5.8000,true,1,22742
7290003145959,false,פקאן טבעי קלית גת 150 ג',קוד יצרן JG,IL,פקאן טבעי 150 גרם,יחידה,150.00,יחידה,false,1,23.90,0.1593,true,1,18798
7290003163939,false,"נקניקיות גריל 1.5 ק""",יושלם,,"נקניקיות גריל 1.5 ק""ג",קילוגרמים,1.50,"ק""ג",false,1,33.90,22.6000,true,1,11946
7290003185719,false,קבב רומני 500 גרם,טיבון ויל אחזקות בעמ,IL,קבב רומני 500 גרם,גרמים,500.00,100 גרם,false,1,19.90,3.9800,true,1,9122
7290003185726,false,קבב מזרחי 500 גרם ט,טיבון ויל אחזקות בעמ,IL,קבב מזרחי 500 גרם,גרמים,500.00,100 גרם,false,1,19.90,3.9800,true,1,9516
7290003187843,false,טחון עגל 100% בשר 50,מולינו ניקולי s.p.a,IL,טיבון ויל 100% עגל טחון 500 גרם,גרמים,500.00,100 גרם,false,1,27.90,5.5800,true,1,9124
7290003192014,false,פקאן טיבעי במשקל,אוליבלס SA,,פקאן טיבעי במשקל,קילוגרמים,1.00,"ק""ג",true,,120.00,120.0000,true,1,18507
7290003192021,false,אפונה קלוי במשקל,אוליבלס SA,,אפונה קלוי במשקל,קילוגרמים,1.00,"ק""ג",true,,59.00,59.0000,true,1,18522
7290003192137,false,ציפורן,אוליבלס SA,,ציפורן במשקל,קילוגרמים,1.00,"ק""ג",true,,130.00,130.0000,true,1,20019
7290003192199,false,סודה לשתייה,אוליבלס SA,,סודה לשתייה במשקל,קילוגרמים,1.00,"ק""ג",true,,30.00,30.0000,true,1,20022
7290003192311,false,עלי דפנה,אוליבלס SA,,עלי דפנה במשקל,קילוגרמים,1.00,"ק""ג",true,,100.00,100.0000,true,1,19999
7290003192335,false,אגוז מוסקט טחון,אוליבלס SA,,אגוז מוסקט טחון במשקל,קילוגרמים,1.00,"ק""ג",true,,195.00,195.0000,true,1,20004
7290003192519,false,זנגויל מיובש במשקל מ,אוליבלס SA,,זנגויל מיובש במשקל מסוכר,קילוגרמים,1.00,"ק""ג",true,,74.00,74.0000,true,1,19986
7290003192533,false,פיסטוק טיבעי במשקל,אוליבלס SA,IL,פיסטוק טיבעי במשקל,קילוגרמים,1.00,"ק""ג",true,,89.00,89.0000,true,1,18512
7290003192557,false,חומוס ענק,אוליבלס SA,,חומוס ענק במשקל,קילוגרמים,1.00,"ק""ג",true,,20.00,20.0000,true,1,20030
7290003192588,false,פלפל שחור שלם,אוליבלס SA,,פלפל שחור שלם במשקל,קילוגרמים,1.00,"ק""ג",true,,100.00,100.0000,true,1,20026
7290003192595,false,ראס אל חנות,אוליבלס SA,,ראס אל חנות במשקל,קילוגרמים,1.00,"ק""ג",true,,79.00,79.0000,true,1,20027
7290003192618,false,צנובר במשקל,אוליבלס SA,,צנובר במשקל,קילוגרמים,1.00,"ק""ג",true,,240.00,240.0000,true,1,18511
7290003192656,false,חמוציות ברכז,אוליבלס SA,,חמוציות ברכז במשקל,קילוגרמים,1.00,"ק""ג",true,,59.00,59.0000,true,1,18484
7290003208586,false,וורמוט מרטיני ביאנקו,מרטיני ורוסי,IT,"מרטיני ביאנקו וורמוט לבן מתוק 750 מ""ל",מיליליטרים,750.00,"100 מ""ל",false,1,54.90,7.3200,true,1,124121
7290003208609,false,וורמוט מרטיני רוסו 7,מרטיני ורוסי,IT,"מרטיני רוסו וורמוט אדום מתוק 750 מ""ל",מיליליטרים,750.00,"100 מ""ל",false,1,54.90,7.3200,true,1,124123
7290003211135,false,תירס פופקורן בשקילה,אוליבלס SA,,תירס פופקורן במשקל,קילוגרמים,1.00,"ק""ג",true,,16.00,16.0000,true,1,18504
7290003211159,false,עדשים בשקילה,אוליבלס SA,,עדשים במשקל,קילוגרמים,1.00,"ק""ג",true,,12.00,12.0000,true,1,20034
7290003211173,false,בורגול בשקילה,אוליבלס SA,,בורגול במשקל,קילוגרמים,1.00,"ק""ג",true,,9.00,9.0000,true,1,18502
7290003211197,false,שומשום בשקילה,אוליבלס SA,,שומשום במשקל,קילוגרמים,1.00,"ק""ג",true,,39.00,39.0000,true,1,20036
7290003211203,false,תאינים מיובש,אוליבלס SA,,תאינים מיובש במשקל,קילוגרמים,1.00,"ק""ג",true,,59.00,59.0000,true,1,18485
7290003211227,false,משמש מיובש,אוליבלס SA,,משמש מיובש במשקל,קילוגרמים,1.00,"ק""ג",true,,59.00,59.0000,true,1,18479
7290003211234,false,פפריקה בשקילה,אוליבלס SA,,פפריקה במשקל,קילוגרמים,1.00,"ק""ג",true,,49.00,49.0000,true,1,19992
7290003211241,false,שום גבישי,אוליבלס SA,,שום גבישי במשקל,קילוגרמים,1.00,"ק""ג",true,,79.00,79.0000,true,1,20001
7290003211258,false,קינמון טחון/שלם בשקי,אוליבלס SA,,קינמון טחון/שלם במשקל,קילוגרמים,1.00,"ק""ג",true,,59.00,59.0000,true,1,19997
7290003211302,false,גרעין לבן קלוי,אוליבלס SA,,גרעין לבן קלוי במשקל,קילוגרמים,1.00,"ק""ג",true,,49.00,49.0000,true,1,18490
7290003211319,false,קבוקים,אוליבלס SA,,קבוקים במשקל,קילוגרמים,1.00,"ק""ג",true,,29.00,29.0000,true,1,18496
7290003211357,false,צימוק לבן/חום,אוליבלס SA,,צימוק לבן/חום במשקל,קילוגרמים,1.00,"ק""ג",true,,39.00,39.0000,true,1,18482
7290003211388,false,סוכריות במשקל,אוליבלס SA,,סוכריות במשקל,קילוגרמים,1.00,"ק""ג",true,,49.00,49.0000,true,1,18516
7290003211418,false,צימוק ענק זמבו,אוליבלס SA,,צימוק ענק זמבו במשקל,קילוגרמים,1.00,"ק""ג",true,,59.00,59.0000,true,1,18481
7290003211739,false,אננס מסוכר,אוליבלס SA,,אננס מסוכר במשקל,קילוגרמים,1.00,"ק""ג",true,,49.00,49.0000,true,1,18476
7290003211760,false,תבלין לשוורה,אוליבלס SA,,תבלין לשוורה במשקל,קילוגרמים,1.00,"ק""ג",true,,74.00,74.0000,true,1,20008
7290003211777,false,גריל עוף,אוליבלס SA,,גריל עוף במשקל,קילוגרמים,1.00,"ק""ג",true,,74.00,74.0000,true,1,20010
7290003211807,false,תבלין לדג,אוליבלס SA,,תבלין לדג במשקל,קילוגרמים,1.00,"ק""ג",true,,74.00,74.0000,true,1,20012
7290003211852,false,תבלין לסטייק,אוליבלס SA,,תבלין לסטייק במשקל,קילוגרמים,1.00,"ק""ג",true,,74.00,74.0000,true,1,20009
7290003211876,false,בצל מתוגן,אוליבלס SA,,בצל מתוגן במשקל,קילוגרמים,1.00,"ק""ג",true,,74.00,74.0000,true,1,20017
7290003211890,false,חלווה במשקל,אוליבלס SA,,חלווה במשקל,קילוגרמים,1.00,"ק""ג",true,,59.00,59.0000,true,1,20041
7290003211968,false,סומק,אוליבלס SA,,סומק במשקל,קילוגרמים,1.00,"ק""ג",true,,69.00,69.0000,true,1,20016
7290003211975,false,קשיו קלוי,אוליבלס SA,,קשיו קלוי במשקל,קילוגרמים,1.00,"ק""ג",true,,99.00,99.0000,true,1,18488
7290003211982,false,מנציס,אוליבלס SA,,מנציס במשקל,קילוגרמים,1.00,"ק""ג",true,,59.00,59.0000,true,1,18492
7290003211999,false,פקאן סיני,אוליבלס SA,,פקאן סיני במשקל,קילוגרמים,1.00,"ק""ג",true,,119.00,119.0000,true,1,18498
7290003213016,false,חטיף אורז חריף,אוליבלס SA,,חטיף אורז חריף במשקל,קילוגרמים,1.00,"ק""ג",true,,69.00,69.0000,true,1,18493
7290003213030,false,גרעין אבטיח קלוי,אוליבלס SA,,גרעין אבטיח קלוי במשקל,קילוגרמים,1.00,"ק""ג",true,,69.00,69.0000,true,1,18491
7290003213061,false,קצח,אוליבלס SA,,קצח במשקל,קילוגרמים,1.00,"ק""ג",true,,64.00,64.0000,true,1,20020
7290003213108,false,פול קליפה קלוי מטוגן,אוליבלס SA,,פול קליפה קלוי מטוגן,קילוגרמים,1.00,"ק""ג",true,,59.00,59.0000,true,1,18494
7290003213160,false,כורכום בשקילה,אוליבלס SA,,כורכום במשקל,קילוגרמים,1.00,"ק""ג",true,,59.00,59.0000,true,1,19996
7290003213177,false,פילדלפיה,אוליבלס SA,,פילדלפיה במשקל,קילוגרמים,1.00,"ק""ג",true,,99.00,99.0000,true,1,20023
7290003213191,false,גרוס מתוק/חריף,אוליבלס SA,,גרוס מתוק/חריף במשקל,קילוגרמים,1.00,"ק""ג",true,,59.00,59.0000,true,1,20011
7290003213214,false,זעטר טחון,אוליבלס SA,,זעטר טחון במשקל,קילוגרמים,1.00,"ק""ג",true,,74.00,74.0000,true,1,20003
7290003213221,false,קארי בשקילה,אוליבלס SA,,קארי במשקל,קילוגרמים,1.00,"ק""ג",true,,74.00,74.0000,true,1,20007
7290003213306,false,כמון בשקילה,אוליבלס SA,,כמון במשקל,קילוגרמים,1.00,"ק""ג",true,,59.00,59.0000,true,1,19995
7290003213313,false,בהרט,אוליבלס SA,,בהרט במשקל,קילוגרמים,1.00,"ק""ג",true,,74.00,74.0000,true,1,20013
7290003213344,false,חמוציות,אוליבלס SA,,חמוציות,קילוגרמים,1.00,"ק""ג",true,,39.00,39.0000,true,1,18483
7290003213375,false,שקד טבעי במשקל,אוליבלס SA,,שקד טבעי במשקל,קילוגרמים,1.00,"ק""ג",true,,79.00,79.0000,true,1,18505
7290003213382,false,אגוז מלך במשקל,אוליבלס SA,,אגוז מלך במשקל,קילוגרמים,1.00,"ק""ג",true,,69.00,69.0000,true,1,18506
7290003213399,false,אגוז ברזיל,אוליבלס SA,,אגוז ברזיל,קילוגרמים,1.00,"ק""ג",true,,89.00,89.0000,true,1,20039
7290003213443,false,אננס טיבעי,אוליבלס SA,,אננס טיבעי במשקל,קילוגרמים,1.00,"ק""ג",true,,99.00,99.0000,true,1,18478
7290003213450,false,תמר מגהול במשקל,אוליבלס SA,IL,תמר מגהול במשקל,קילוגרמים,1.00,"ק""ג",true,,59.00,59.0000,true,1,214
7290003213603,false,טוסקנה,אוליבלס SA,,טוסקנה במשקל,קילוגרמים,1.00,"ק""ג",true,,74.00,74.0000,true,1,20024
7290003213634,false,זנגביל טחון,אוליבלס SA,,זנגביל טחון במשקל,קילוגרמים,1.00,"ק""ג",true,,74.00,74.0000,true,1,20002
7290003213672,false,פלפל חריף/מתוק,אוליבלס SA,IL,פלפל חריף/מתוק במשקל,קילוגרמים,1.00,"ק""ג",true,,69.00,69.0000,true,1,20018
7290003213696,false,בוטנים קלוים,אוליבלס SA,,בוטנים קלוים במשקל,קילוגרמים,1.00,"ק""ג",true,,39.00,39.0000,true,1,18495
7290003213702,false,קשיו טיבעי במשקל,אוליבלס SA,,קשיו טיבעי במשקל,קילוגרמים,1.00,"ק""ג",true,,89.00,89.0000,true,1,18510
7290003213733,false,מיקסים לאורז,אוליבלס SA,,מיקסים לאורז במשקל,קילוגרמים,1.00,"ק""ג",true,,110.00,110.0000,true,1,18499
7290003213740,false,שקד קלוי,אוליבלס SA,,שקד קלוי במשקל,קילוגרמים,1.00,"ק""ג",true,,99.00,99.0000,true,1,18486
7290003213757,false,קשיו מסוכר,אוליבלס SA,,קשיו מסוכר במשקל,קילוגרמים,1.00,"ק""ג",true,,89.00,89.0000,true,1,19990
7290003213771,false,פלפל שחור/גרוס,אוליבלס SA,,פלפל שחור/גרוס במשקל,קילוגרמים,1.00,"ק""ג",true,,99.00,99.0000,true,1,19993
7290003213788,false,פלפל לבן בשקילה,אוליבלס SA,,פלפל לבן במשקל,קילוגרמים,1.00,"ק""ג",true,,99.00,99.0000,true,1,19994
7290003213825,false,פיסטוק קלוי במשקל,אוליבלס SA,,פיסטוק קלוי במשקל,קילוגרמים,1.00,"ק""ג",true,,99.00,99.0000,true,1,18487
7290003213832,false,שקדים מולבנים,אוליבלס SA,,שקדים מולבנים במשקל,קילוגרמים,1.00,"ק""ג",true,,99.00,99.0000,true,1,18509
7290003213900,false,פטרוזיליה עלים,אוליבלס SA,,פטרוזיליה עלים במשקל,קילוגרמים,1.00,"ק""ג",true,,100.00,100.0000,true,1,20028
7290003220380,false,עוגיות סנדוויץ שוקו 150 ג' נאפה מעדני מלך,אחים פפושדו,IL,מעדני מלך סנדוויץ שוקו 150ג,גרמים,150.00,100 גרם,false,1,4.50,3.0000,true,1,33558
7290003220397,false,עוגיות סנדוויץ וניל 150 ג' נאפה מעדני מלך,אחים פפושדו,IL,מעדני מלך סנדוויץ וניל 150ג,גרמים,150.00,100 גרם,false,1,4.50,3.0000,true,1,33559
7290003220526,false,"WOK רוטב צ'ילי חריף 700 מ""ל",THAI PREEDA TRADING,,"רוטב WOK צילי חריף 700 מ""ל",מיליליטרים,700.00,"100 מ""ל",false,1,13.90,1.9857,true,1,124114
7290003220533,false,"רוטב צ'ילי מתוק ווק 700 מ""ל",THAI COCONUT CO,,"רוטב WOK צילי מתוק 700 מ""ל",מיליליטרים,700.00,"100 מ""ל",false,1,13.90,1.9857,true,1,124115
7290003220588,false,"רוטה צ'ילי מתוק ללא סוכר 700 מ""ל WOK",תאי פרידה אינדסטרי ב,,"רוטב צילי מתוק דיאט 700 מ""ל W",מיליליטרים,700.00,"100 מ""ל",false,1,15.90,2.2714,true,1,124567
7290003220595,false,אורז לסושי WOK שקית,"מיה תעשיות מזון בע""מ",IL,"אורז לסושי WOK שקית 1 ק""ג",קילוגרמים,1.00,"ק""ג",false,1,13.90,13.9000,true,1,8564
7290003220700,false,מחצלת לסושי WOK,קוסומאי במבוק,,מחצלת לסושי WOK,לא מנהל יחידת מידה,0.00,לא מנהל יחידת מידה,false,1,6.90,0.0000,true,1,8577
7290003220717,false,אצות נורי סילבר 10 ג' WOK,JAEWON GLOBAL NET,,אצות נורי סילוור 10 דפים 25 גרם,גרמים,25.00,100 גרם,false,1,11.90,47.6000,true,1,8561
7290003220724,false,צופ-סטיקס חד פעמי 20,קוסומאי במבוק,,צופ-סטיקס חד פעמי 20 זוגות,Unknown,0.00,Unknown,false,1,6.90,0.0000,true,1,8578
7290003220748,false,רוטב סויה בהירה 640,LINGHANG INDUSTRIA,,"רוטב סויה בהירה 640 מ""ל",מיליליטרים,640.00,"100 מ""ל",false,1,14.90,2.3281,true,1,8568
7290003220755,false,ווק רוטב סויה כהה 64,ליאנג סאנג האנד הואד,,"רוטב סויה כהה 640 מ""ל",מיליליטרים,640.00,"100 מ""ל",false,1,14.90,2.3281,true,1,8569
7290003220779,false,"אטריות אורז עובי 3 מ""מ 400 ג' WOK",THAI COCONUT CO,TH,"ווק אטריות אורז עובי 3 מ""מ 400 גרם",גרמים,400.00,100 גרם,false,1,9.90,2.4750,true,1,20278
7290003220786,false,"אטריות אורז ללא גלוטן 5 מ""מ 400 ג' WOK",ASIAN SUPERIOR FOODS,,מקלות אורז מס 5 400 גרם,גרמים,400.00,100 גרם,false,1,9.90,2.4750,true,1,8597
7290003220830,false,ווק חומץ אורז יסמין,דיאמונד פריזרוד פודס,TH,"ווק חומץ אורז יסמין 500מ""ל WOK",מיליליטרים,500.00,"100 מ""ל",false,1,15.90,3.1800,true,1,8596
7290003220878,false,רוטב מירין לתיבול סו,דיאמונד פריזרוד פודס,TH,"ווק רוטב מירין לתיבול 500מ""ל WOK",מיליליטרים,500.00,"100 מ""ל",false,1,18.90,3.7800,true,1,8594
7290003220939,false,אטריות אורז דקיקות ללא גלוטן 400 ג' WOK,אסיאן סופירה פודס חב,,מקלוני אורז דקים 400 גרם,גרמים,400.00,100 גרם,false,1,9.90,2.4750,true,1,8607
7290003220977,false,עוגיות חצי ירח מצופה 175 נאפה מעדני מלך,אפיפית,,עוגיות מצופות מעדני המלך 175 גר,גרמים,175.00,100 גרם,false,1,7.90,4.5143,true,1,29925
7290003222070,false,פיתה עבודת יד 13 יח,מאפיית המכבים,IL,פיתה עבודת יד 13 יח,יחידה,1.00,יחידה,false,1,13.90,13.9000,true,1,16318
7290003222094,false,מארז פיתות ביס עבודת,מאפיית טעמי הכפר,IL,פיתה ביס עבודת יד 11 יח,גרמים,600.00,100 גרם,false,1,12.90,2.1500,true,1,16257
7290003224036,false,אוכמניות כחולות גולוביקה,מאמא מרי,US,אוכמניות כחולות 300,גרמים,300.00,100 גרם,false,1,19.90,6.6333,true,1,123817
7290003224128,false,"כיסונים תפו""א 800 ג' מאמא מרי",מאמא מרי,,כיסונים תפוחי אדמה 800 גרם,גרמים,800.00,100 גרם,false,1,19.90,2.4875,true,1,120295
7290003224135,false,כיסונים עם בשר 800 ג,מאמא מרי,,כיסונים בשר 800 גרם,גרמים,800.00,100 גרם,false,1,25.90,3.2375,true,1,14011
7290003224142,false,"בלינצ'ס תפ""א ופטריות 7 יחידות",מאמא מרי,IL,בלינצס תפוח אדמה ופטריות 400 גרם,גרמים,400.00,100 גרם,false,1,19.90,4.9750,true,1,14014
7290003224159,false,בלינצ'יס בשר 7 יחידות,מאמא מרי,IL,בלינציס בשר מאמאמרי 400 גרם,גרמים,400.00,100 גרם,false,1,23.90,5.9750,true,1,35788
7290003224173,false,בלינצ'יס פטריות 7 יחידות,מאמא מרי,IL,בלינצס פטריות 400 גרם,גרמים,400.00,100 גרם,false,1,19.90,4.9750,true,1,14013
7290003224265,false,קרפלך במילוי בשר בקר,מאמא מרי,IL,כיסונים בשר בקר מאמא מרי 800 גם,גרמים,800.00,100 גרם,false,1,31.90,3.9875,true,1,35779
7290003224333,false,דובדבן חמוץ מאמאמרי,מאמא מרי,,דובדבן חמוץ מאמאמרי 300 גרם,גרמים,300.00,100 גרם,false,1,12.90,4.3000,true,1,122956
7290003224388,false,חמוציות קפוא 300גר,מאמא מרי,,חמוציות 300 גרם,גרמים,300.00,100 גרם,false,1,13.90,4.6333,true,1,123796
7290003224456,false,"כיסונים בשר סיבירסקי מאמא מרי 1 ק""ג",מאמא מרי,,"כיסונים בשר מאמאמרי 1 ק""ג",קילוגרמים,1.00,"ק""ג",false,1,31.90,31.9000,true,1,9306
7290003224463,false,"כיסונים בשר אוקראינסקי 1ק""ג",מאמא מרי,,"כיסונים בשר מאמאמרי 1ק""ג",קילוגרמים,100.00,"ק""ג",false,1,31.90,0.3190,true,1,9307
7290003224470,false,"כיסונים בשר 1ק""ג קייבסקי",מאמא מרי,IL,"כיסוני בשר קייבסקי 1 ק""ג",קילוגרמים,1.00,"ק""ג",false,1,31.90,31.9000,true,1,23914
7290003224616,false,כיסטנים גבינה מלוחה 400 ג' מאמא מרי,מאמא מרי,IL,כיסונים גבינה טבעוני מלוחה ופסטו 400 גרם,גרמים,400.00,100 גרם,false,1,23.90,5.9750,true,1,35787
7290003224623,false,כיסטנים גבינה מתוקה 400 ג' מאמא מרי,מאמא מרי,IL,כיסונים גבינה טבעוני מתוקה 400 גרם,גרמים,400.00,100 גרם,false,1,23.90,5.9750,true,1,35786
7290003224654,false,מיקס פירות יער קפוא,מאמא מרי,,מיקס פירות יער מאמא מרי קפואים300 גרם,גרמים,300.00,100 גרם,false,1,14.90,4.9667,true,1,122961
7290003224708,false,בלינצ'ס גבינה 400 ג' מאמא מרי,מאמא מרי,IL,בלינצס גבינה טבעוני מתוקה וצימוקים מאמאמרי 400גרם,גרמים,400.00,100 גרם,false,1,23.90,5.9750,true,1,35789
7290003224746,false,דומדמניות שחורות קפו,מאמא מרי,,דמדמניות שחורות מאמאמרי 300גרם,גרמים,300.00,100 גרם,false,1,13.90,4.6333,true,1,35791
7290003224784,false,בלינצ'ס עם דובדבנים 7 יחידות,מאמא מרי,IL,בלינצס עם דובדבנים מאמאמרי 400 גרם,גרמים,400.00,100 גרם,false,1,23.90,5.9750,true,1,35790
7290003224845,false,קרפלוני תפוא ופטריות,מאמא מרי,IL,"כיסונים תפו""א ופטריות טבעוני 800 ג""ר",גרמים,800.00,100 גרם,false,1,22.90,2.8625,true,1,28430
7290003229109,false,פסטרמה בפפריקה טירת צבי 400 ג',הנסיך- מפעל לייצור ט,IL,פסטרמה בפפריקה טירת צבי 400 גרם,גרמים,400.00,100 גרם,false,1,30.90,7.7250,true,1,120299
7290003229116,false,פסטרמה בדבש טירת צבי 400 ג',הנסיך- מפעל לייצור ט,IL,פסטרמה בדבש טירת צבי 400 גרם,גרמים,400.00,100 גרם,false,1,30.90,7.7250,true,1,120300
7290003229123,false,פסטרמה על גחלים טירת צבי 400 ג',הנסיך- מפעל לייצור ט,IL,פסטרמה על גחלים טירת צבי 400 גרם,גרמים,400.00,100 גרם,false,1,30.90,7.7250,true,1,120301
7290003229147,false,נקניק סלמי איטלקי טירת צבי 300 ג',הנסיך- מפעל לייצור ט,IL,נקניק סלמי איטלקי טירת צבי 300 גרם,גרמים,300.00,100 גרם,false,1,31.90,10.6333,true,1,120302
7290003229154,false,סלמי קוניאק מובחר טירת צבי 300 ג',הנסיך- מפעל לייצור ט,IL,נקניק סלמי קוניאק מובחר טירת צבי 300 גרם,גרמים,300.00,100 גרם,false,1,31.90,10.6333,true,1,120303
7290003229192,false,כתף בקר מעושן טירת צבי 400 ג' צבי,טיב טירת צבי 2000,IL,"טירת צבי, פסטרמה כתף בקר מעושנת 400 גרם",גרמים,400.00,100 גרם,false,1,34.90,8.7250,true,1,120304
7290003229222,false,סלמי תה מובחר 300 ג' טירת צבי,הנסיך- מפעל לייצור ט,IL,סלמי תה 300גרם,גרמים,300.00,100 גרם,false,1,23.90,7.9667,true,1,1956
7290003251018,false,"קרם ידיים/רגליים סיליקון טיובה 200 מ""ל",ש.שוורץ,,קרם ידיים רגליים סיליקון 250,יחידה,1.00,יחידה,false,1,17.90,17.9000,true,1,33667
7290003251186,false,"מסיר לק ריחני 150 סמ""ק (צבעים)",ש.שוורץ,IL,מסיר לק 150 מל,מיליליטרים,150.00,"100 מ""ל",false,1,7.90,5.2667,true,1,121862
7290003251537,false,"קרם ידיים שמן זית אורגני 125 סמ""ק",שוורץ,IL,קרם ידיים אורגני זית שורץ,Unknown,0.00,Unknown,false,1,16.90,0.0000,true,1,2797
7290003251810,false,אלכוהול 70%,יושלם,,אלכוהול 70%,מיליליטרים,100.00,"100 מ""ל",false,1,8.90,8.9000,true,1,15640
7290003268252,false,לחם חיטה מלא לילדים 750 ג' דגנית עין בר,יוניליוור גרמניה Gm,IL,לחם ילדים,גרמים,750.00,100 גרם,false,1,14.90,1.9867,true,1,127530
7290003268429,false,לחם ירוק מקמח מלא 750 ג' דגנית עין בר,מולינו ניקולי s.p.a,IL,לחם ירוק,גרמים,750.00,100 גרם,false,1,15.90,2.1200,true,1,126477
7290003268733,false,לחמניה שמינית 125 גר,מאפית אנגל,,לחמניה שמינית 125 גרם,גרמים,125.00,100 גרם,false,1,3.50,2.8000,true,1,31736
7290003275090,false,סלט טורקי,כרמל,,סלט טורקי 2 קג,קילוגרמים,1.00,"ק""ג",true,,33.00,33.0000,true,1,124973
7290003287253,false,נקנקיות מרגז בלאדי 500 ג',קרלו,IL,נקניקיות מרגז הקצביה 500 גרם,גרמים,500.00,100 גרם,false,1,29.90,5.9800,true,1,124854
7290003287253,false,נקנקיות מרגז בלאדי 500 ג',קרלו,IL,בלדי הקצביה נקניקיות מרגז 500 גרם,גרמים,500.00,100 גרם,false,1,27.90,5.5800,true,1,27187
7290003287291,false,קבב טלה וצנובר קצביה ארוז 600 ג' - 8 יח',יוליניבר,IL,בלדי קבב טלה וצנובר 600 גרם,גרמים,600.00,100 גרם,false,1,29.90,4.9833,true,1,124857
7290003287956,false,בלדי פילה לברק יפני 5-7 בוואקום,בלדי פרטי,,פילה לברק 5-7 ואקום,קילוגרמים,1.00,"ק""ג",true,,47.90,47.9000,true,1,126663
7290003321292,false,גבינה לבנה 9% שומן 250 ג' שטראוס,מיוצר עי קונדיטוריית,IL,סקי 9% 250 גרם,גרמים,250.00,100 גרם,false,1,4.90,1.9600,true,1,120314
7290003329229,false,פילה מדומה מס6 מוכשר,בלאדי,IL,"פילה מדומה מס6 מוכשר ברזיל לק""ג",קילוגרמים,1.00,"ק""ג",true,,39.00,39.0000,true,1,35505
7290003387205,false,דאו' ספיד סטיק בסיסי ירוק רגיל לגבר 63ג',הנסיך- מפעל לייצור ט,US,דאודורנט ספיד סטיק רגולר 56.6 גרם,גרמים,70.00,100 גרם,false,1,21.90,31.2857,true,1,120325
7290003400500,false,חטיף קרמל ובוטנים נא,הרשי,US,שוקולד ריזס קרמל עם בוטנים 47 גרם,גרמים,47.00,100 גרם,false,1,5.50,11.7021,true,1,126084
7290003401369,false,"קרם לחות ועיצוב לשיער חוחובה נטורל 400 מ""ל",מיוצר עי אמיליה קוסמ,IL,קרם לחות קלאסי חוחובה,מיליליטרים,400.00,"100 מ""ל",false,1,21.70,5.4250,true,1,120330
7290003401376,false,"קרם לחות ועיצוב לשיער אלוורה נטורל 400 מ""ל",מיוצר עי אמיליה קוסמ,IL,קרם לחות קלאסי אלוורה,מיליליטרים,400.00,"100 מ""ל",false,1,21.70,5.4250,true,1,120331
7290003401420,false,"קרם לחות לשיער סיליקון כתום נטורל 400 מ""ל",מיוצר עי אמיליה קוסמ,IL,קרם לחות קלאסי סיליקון,מיליליטרים,400.00,"100 מ""ל",false,1,21.70,5.4250,true,1,10297
7290003401642,false,"נטורל קרם לחות לתלתול טבעי 400 מ""ל",מיוצר עי אמיליה קוסמ,IL,נטורל לחות מעצבת לתלתול טבעי 400 מל,מיליליטרים,400.00,"100 מ""ל",false,1,22.90,5.7250,true,1,10314
7290003402809,false,חטיף שוקולד לבן במיל,Unknown,,שוקולד ריזס לבן 39 ג,גרמים,39.00,100 גרם,false,1,5.50,14.1026,true,1,23531
7290003411276,false,עמבה הודית מובחרת הנמל 600ג',טרופיקל דגיל תעשיות,IL,הנמל עמבה 500 גרם,גרמים,500.00,100 גרם,false,1,10.90,2.1800,true,1,121727
7290003411405,false,נר נשמה להבית 24 שעות,מיוצר בסין.יבוא ושיו,CN,הנמל נר נשמה פח 24 שעות,יחידה,1.00,יחידה,false,1,1.90,1.9000,true,1,28540
7290003411689,false,ליפתניות לבן 25 יחידות,הנמל אריזות ושיווק ב,IL,הנמל ליפתניות 25 יחידות,יחידה,1.00,יחידה,false,1,4.90,4.9000,true,1,8481
7290003411696,false,"מרקיות לבן ח""פ הנמל 25 יח'",,IL,הנמל מרקיות לבן 25 יחידות,יחידה,0.00,יחידה,false,1,10.90,0.0000,true,1,8482
7290003411726,false,קיסמי שיניים מלחיה הנמל 300יח',הנמל אריזות ושיווק ב,IL,קסמים מלחיה 300 יחידות,לא מנהל יחידת מידה,0.00,לא מנהל יחידת מידה,false,1,4.90,0.0000,true,1,121885
7290003411993,false,גפרורים הנמל 10 יחיד,"איטיליאן פוד, אס.פי.",SE,הנמל גפרורים 10 יחידות,לא מנהל יחידת מידה,0.00,לא מנהל יחידת מידה,false,1,3.90,0.0000,true,1,8512
7290003414406,false,הרשי ריזס נטיפי אפייה בוטנים 283 גר',,,הרשי שבבי אפיה בוטנים,גרמים,283.00,100 גרם,false,1,17.90,6.3251,true,1,127273
7290003423909,false,הרשי חטיף קוקיס&קרם לבן 43 גרם,הרשי,US,שוקולד הרשיז קוקיז אנד קרים 43 גרם,גרמים,43.00,100 גרם,false,1,5.90,13.7209,true,1,126124
7290003427154,false,"שמן זית כתית מעולה זיתא 750 מ""ל",זיתא – י.ט.ב תעשיות,IL,"זיתא שמן זית כתית מעולה, טעם מעודן 750 מל",מיליליטרים,750.00,"100 מ""ל",false,1,34.90,4.6533,true,1,121779
7290003438006,false,ממרח אולביה פסטו וצנובר איטלקי 190ג',מיוצר עי קונדיטוריית,IL,ממרח פסטו וצנובר אוליביה 180 גרם,גרמים,180.00,100 גרם,false,1,13.90,7.7222,true,1,120341
7290003438020,false,ממרח עגבניות מיובשות 190 ג' אוליביה,מיוצר עי קונדיטוריית,IL,ממרח עגבניות מיובשות אוליביה 190 גרם,גרמים,190.00,100 גרם,false,1,13.90,7.3158,true,1,120343
7290003438709,false,ממרח אולביה זיתים שחורים וירוקים 190 ג',גוד פוד פרודקטס S.p,IL,ממרח זיתים שחורים אוליביה190 גרם,גרמים,190.00,100 גרם,false,1,13.90,7.3158,true,1,120344
7290003444009,false,ריזס חטיף שוקולד 42 גרם,הרשי,US,שוקולד ריזס חלב 42 גרם,גרמים,42.00,100 גרם,false,1,5.50,13.0952,true,1,126126
7290003450602,false,חרדל אמיתי צהוב בקבוק לחיץ 255 גר,היינץ צפון אמריקה -,US,היינץ חרדל לחיץ 255 גרם,גרמים,255.00,100 גרם,false,1,10.90,4.2745,true,1,120350
7290003450725,false,חומץ היינץ בן יין אד,ה.י.היינץ קומפני ל.פ,US,היינץ חומץ יין 5% 355 מל,מיליליטרים,355.00,"100 מ""ל",false,1,12.90,3.6338,true,1,121992
7290003451555,false,שריר הזרוע בקר מס 8,לאטי עזרא,IL,שריר הזרוע בקר מס 8 מוכשר,קילוגרמים,1.00,"ק""ג",true,,36.90,36.9000,true,1,26996
7290003456208,false,מעדן בונזו עוף 400 ג',יו פי אף,FR,מעדן בונזו 400 גר עוף,גרמים,400.00,100 גרם,false,1,5.90,1.4750,true,1,32167
7290003456222,false,בונזו מעדן כבד לכלבים 400גר,"ביופט בע""מ",,מזון כלבים בונזו כבד 415 גרם,גרמים,415.00,100 גרם,false,1,6.90,1.6627,true,1,24101
7290003457991,false,מאגדת קורנטו קלאסיק בטעם וניל 6 יח',"גלידת שטראוס בע""מ, ר",IL,טילון קורנטו קלאסיקו משפחתי 6 יחידות,גרמים,418.00,100 גרם,false,1,34.90,8.3493,true,1,120368
7290003514007,false,שקדי מרק מאסטר שף 40,מנה Mana,IL,מנה שקדי מרק 400 גרם,גרמים,400.00,100 גרם,false,1,10.80,2.7000,true,1,125527
7290003520572,false,מטריות חרובים שקית בודד (בשרוול 6 שקיות),תופינית,,מטריות חרובים 54גרם,גרמים,54.00,100 גרם,false,1,14.90,27.5926,true,1,2920
7290003521760,false,"ד""ר פישר - אולטרסול ג'ל אלוורה 200 מ""ל",פישר מעבדות פרמצבטיו,IL,"אפטרסול ג""ל אלוורה 200 מ""ל",מיליליטרים,200.00,"100 מ""ל",false,1,19.90,9.9500,true,1,121616
7290003525478,false,סלט טונה ויליגר 160 גרם,"ויליגר, תעשיות בע""מ",IL,סלט טונה ויליגר 160 גרם,גרמים,160.00,100 גרם,false,1,4.90,3.0625,true,1,121623
7290003550753,false,טונה פוסידון בשמן רביעיה *108 ג',"מיוצר עי וליגר בעמ,",IL,טונה בשמן פוסידון מארז רביעייה 432 גרם,גרמים,432.00,100 גרם,false,1,23.90,5.5324,true,1,126722
7290003570164,false,מינוט בלדי שווארמה פרגית 300 ',"בלדי בע""מ",IL,סטייק מינוט שוורמה,גרמים,300.00,100 גרם,false,1,29.90,9.9667,true,1,16671
7290003570928,false,קבב בלדי קצביה ארוז קפוא 500ג',בלאדי,IL,קבב בלדי 500 גרם ארוז הקצביה,גרמים,500.00,100 גרם,false,1,29.90,5.9800,true,1,26629
7290003578078,false,קוקטיל פירות טרופי ויליפוד 850 ג',קריות זול,CN,לפתן קוקטייל טרופי 820 גר,גרמים,820.00,100 גרם,false,1,10.90,1.3293,true,1,10042
7290003578085,false,גבינת מוצרלה 21%שומן,AB,LT,גבינת מוצרלה 21%שומן לקג,קילוגרמים,1.00,"ק""ג",true,,65.00,65.0000,true,1,25881
7290003578153,false,נתחי טונה בשמן צמחי 160ג' וילי פוד,גולדן פרייז קאנינג א,TH,וילי פוד נתחי טונה בשמן צמחי 160 גרם,גרמים,160.00,100 גרם,false,1,5.90,3.6875,true,1,10043
7290003578177,false,תירס גמדי שלם ויליפוד 410 ג',מגסטיק פוד אידסטרי ק,TH,תירס גמדי 410 גרם,גרמים,410.00,100 גרם,false,1,7.50,1.8293,true,1,120389
7290003578313,false,דובדבנים חמוצים ללא חרצנים 680גר,דל מונטה היילס אס.אי,HU,דובדבנים חמוצים מגולענים בסירופ 680 ג,גרמים,680.00,100 גרם,false,1,10.90,1.6029,true,1,120391
7290003598311,false,מינוט סטייק חלק ריאה 300 ג',בלדי,IL,"בלדי מינוט סטייק, נתח אנטריקוט פרוס דק, 300 גרם",גרמים,300.00,100 גרם,false,1,34.90,11.6333,true,1,4860
7290003598472,false,מנות פילה סלמון נורבגי.,לאטי עזרא,IL,"סלמון מנות נורבגי בוואקום - בד""ץ העדה הח",קילוגרמים,1.00,"ק""ג",true,,89.90,89.9000,true,1,26630
7290003643004,false,"אורז בסמטי קלאסי 1 ק""ג סוגת",האי נאם סי או אל.טי.,IL,"אורז בסמטי קלאסי 1 ק""ג",קילוגרמים,1.00,"ק""ג",false,1,14.90,14.9000,true,1,120405
7290003643158,false,קורנפלור סוגת 200 גר,המאפיה של הרמן,IL,סוגת קורנפלור 200 גרם,גרמים,200.00,100 גרם,false,1,4.50,2.2500,true,1,12632
7290003643325,false,קוסקוס בינוני 350 גרם סוגת,קריות זול,IL,קוסקוס בינוני 350 גרם,גרמים,350.00,100 גרם,false,1,4.90,1.4000,true,1,127655
7290003643387,false,"סוכר לבן בצנצנת 1 ק""ג סוגת",האי נאם סי או אל.טי.,IL,"סוכר 1 ק""ג בצנצנת",קילוגרמים,1.00,"ק""ג",false,1,10.50,10.5000,true,1,120406
7290003643646,false,"סוכר דמררה קלאסי בצנצנת סוגת 1 ק""ג",האי נאם סי או אל.טי.,IL,"סוכר דמררה צנצנת סוגת 1 ק""ג",קילוגרמים,1.00,"ק""ג",false,1,12.90,12.9000,true,1,120407
7290003643684,false,אפונה יבשה סוגת 500 גר',האי נאם סי או אל.טי.,IL,אפונה 500 גרם,גרמים,500.00,100 גרם,false,1,7.50,1.5000,true,1,122638
7290003643714,false,חומוס סוגת 500 גרם,האי נאם סי או אל.טי.,IL,חומוס 500 גרם,גרמים,500.00,100 גרם,false,1,8.90,1.7800,true,1,122918
7290003643738,false,סוגת חיטה 500 גרם,האי נאם סי או אל.טי.,IL,חיטה 500 גרם,גרמים,500.00,100 גרם,false,1,5.90,1.1800,true,1,122920
7290003643745,false,סוגת כוסמת 500 גרם,האי נאם סי או אל.טי.,IL,כוסמת 500 גרם,גרמים,500.00,100 גרם,false,1,8.90,1.7800,true,1,122919
7290003643752,false,עדשים ירוקים יבש סוגת 500 גר',האי נאם סי או אל.טי.,IL,עדשים ירוקות 500 גר',גרמים,500.00,100 גרם,false,1,8.90,1.7800,true,1,122943
7290003643769,false,עדשים אדומים יבש סוגת 500 גר',"סוגת תעשיות בע""מ",IL,עדשים אדומות סוגת 500 גרם,גרמים,500.00,100 גרם,false,1,8.90,1.7800,true,1,122051
7290003643776,false,"פופקורן גרעינים סוגת 500 ג' כשל""פ",האי נאם סי או אל.טי.,IL,פופקורן 500 גרם,גרמים,500.00,100 גרם,false,1,6.50,1.3000,true,1,122916
7290003643783,false,קוקוס סוגת 100 גרם,האי נאם סי או אל.טי.,IL,קוקוס 100 גרם,גרמים,100.00,100 גרם,false,1,4.20,4.2000,true,1,122393
7290003643806,false,שעועית לבנה יבשה סוגת 500 ג',האי נאם סי או אל.טי.,IL,שעועית לבנה 500 גרם,גרמים,500.00,100 גרם,false,1,12.90,2.5800,true,1,122765
7290003643813,false,שעועית אדומה יבשה סוגת 500 גר',האי נאם סי או אל.טי.,IL,שעועית אדומה סוגת 500 גרם,גרמים,500.00,100 גרם,false,1,12.90,2.5800,true,1,122921
7290003681051,false,אגוזי פאקן סיני מסוכר 100 גר' מיה,מיה,IL,פקאן סיני מסוכר מיה 100 גרם,גרמים,100.00,100 גרם,false,1,17.90,17.9000,true,1,37668
7290003681211,false,צנובר מיה 80 גרם,מיה תעשיות מזון,IL,צנובר מיה 80 גרם,גרמים,80.00,100 גרם,false,1,22.90,28.6250,true,1,37669
7290003681303,false,שעועית מעורבת יבשה מיה 500 גר',מיה,IL,שעועית מעורבת מיה 500 גרם,גרמים,500.00,100 גרם,false,1,11.90,2.3800,true,1,37631
7290003681334,false,קוקוס טחון 400 גרם ב,מיה,IL,קוקוס מיה 400 גרם בדץ,גרמים,400.00,100 גרם,false,1,11.90,2.9750,true,1,37621
7290003681365,false,סוכריות קישוט לעוגה צבעוני 70 גר' מיה,מיה תעשיות מזון,IL,קישוט לעוגה צבעוני מיה 70גרם,גרמים,70.00,100 גרם,false,1,5.90,8.4286,true,1,37622
7290003681532,false,דובדבנים מסוכרים 80 גר' מיה,מיה תעשיות מזון,IL,דובדבנים מסוכרים מיה 80 גרם,גרמים,80.00,100 גרם,false,1,7.90,9.8750,true,1,37670
7290003681693,false,חומוס לבן ענק יבש מיה 500 גר',מיה,IL,חומוס לבן ענק מיה 500 גרם,גרמים,500.00,100 גרם,false,1,9.90,1.9800,true,1,37648
7290003681716,false,גריסי פנינה מיה 500 גר',מיה,IL,גריסי פנינה מיה 500 גרם,גרמים,500.00,100 גרם,false,1,4.90,0.9800,true,1,37613
7290003713929,false,טרס פסוס סלסה פהיטה,,,טרס פסוס סלסה פהיטה 200גרם,גרמים,200.00,100 גרם,false,1,17.90,8.9500,true,1,29809
7290003713943,false,טרס פסוס מחית צפטולה,,,טרס פסוס מחית צפטולה 200גרם,גרמים,200.00,100 גרם,false,1,21.90,10.9500,true,1,29806
7290003713950,false,טרס פסוס סלסה מקסיקנ,,,טרס פסוס סלסה מקסיקנה 200גרם,גרמים,200.00,100 גרם,false,1,16.90,8.4500,true,1,29810
7290003726141,false,טופו טבעי 300 גרם רובין,ג'נרל מילס סאן אדריא,IL,טופו הבית בשיטת הייצור המסורתית,גרמים,300.00,100 גרם,false,1,13.90,4.6333,true,1,120431
7290003726592,false,טופו מתובל בפסטו במרקם קלאסי,משק וואיילר,IL,טופו בטעם פסטו 300 גרם - כפרי בריא,גרמים,300.00,100 גרם,false,1,12.90,4.3000,true,1,14366
7290003726615,false,טופו הבית משק ויילר,הדקלאים אגודת שיתופי,IL,טופו ויילר 300 גרם,גרמים,300.00,100 גרם,false,1,13.90,4.6333,true,1,14447
7290003726622,false,טופו פיקנטי 300 ג' משק ויילר,משק וואיילר,IL,טופו פיקנטי ויילר 300גרם,גרמים,300.00,100 גרם,false,1,12.90,4.3000,true,1,34839
7290003726684,false,טופו חומוס בטעם טבעי 300 ג' משק ויילר,הנסיך- מפעל לייצור ט,IL,טופו חומוס בטעם טבעי ויילר 300 גרם,גרמים,300.00,100 גרם,false,1,13.90,4.6333,true,1,23339
7290003726868,false,טופו חומוס בתוספת עגבניות מיובשות 300 ג' משק ויילר,משק וואיילר,IL,טופו חומוס בתוספת עגבניות מיובשות ויילר 300גרם,גרמים,300.00,100 גרם,false,1,13.90,4.6333,true,1,34837
7290003726875,false,טופו חומוס בתוספת פסטו 300 ג' משק ויילר,משק וואיילר,IL,טופו חומוס בתוספת פסטו ויילר 300גרם,גרמים,300.00,100 גרם,false,1,13.90,4.6333,true,1,34838
7290003775010,false,משקפי שמש GREEN WITH,,,משקפי שמש GREEN WITH GOLD MIRROR,יחידה,1.00,יחידה,false,1,59.90,59.9000,true,1,31415
7290003775022,false,משקפי שמש BLUE REVO,,,משקפי שמש BLUE REVO,יחידה,1.00,יחידה,false,1,59.90,59.9000,true,1,25380
7290003775032,false,משקפי שמש GRADIENT G,,,משקפי שמש GRADIENT GRAY,יחידה,1.00,יחידה,false,1,59.90,59.9000,true,1,25376
7290003775041,false,משקפי שמש BROWN,,,משקפי שמש BROWN,יחידה,1.00,יחידה,false,1,59.90,59.9000,true,1,25382
7290003775042,false,משקפי שמש BLUE REVO,,,משקפי שמש BLUE REVO,יחידה,1.00,יחידה,false,1,59.90,59.9000,true,1,25383
7290003775050,false,משקפי שמש MIRROR,,,משקפי שמש MIRROR,יחידה,1.00,יחידה,false,1,59.90,59.9000,true,1,25384
7290003775052,false,משקפי שמש BLACK,,,משקפי שמש BLACK,יחידה,1.00,יחידה,false,1,59.90,59.9000,true,1,25381
7290003781652,false,צלפים במי מלח ויליפוד 350 ג',קריות זול,TR,צלפים במי מלח 350 גרם,גרמים,350.00,100 גרם,false,1,9.90,2.8286,true,1,120434
7290003781850,false,גבינת קשקבל פרוסות 2,,ES,גבינת קשקבל יורו פרוסות 200גרם,גרמים,200.00,100 גרם,false,1,21.90,10.9500,true,1,33703
7290003804252,false,תיבולית בנוסח הודי 72 ג' קנור,יוניליוור ישראל מזון,IL,קנור תיבוליות בסגנון הודי 72 גרם,גרמים,72.00,100 גרם,false,1,10.30,14.3056,true,1,120443
7290003804320,false,תיבולית שום ופטרוזיליה 72 ג' קנור,יוניליוור ישראל מזון,IL,קנור תיבוליות שום ופטרוזיליה 72 גרם,גרמים,72.00,100 גרם,false,1,10.30,14.3056,true,1,120444
7290003804368,false,"תיבולית בזיליקום בד""ץ 72 ג' קנור",יוניליוור ישראל מזון,IL,קנור תיבוליות בזיליקום 72 גרם,גרמים,72.00,100 גרם,false,1,10.30,14.3056,true,1,120447
7290003804382,false,"תיבולית פטריות בד""ץ 72 ג' קנור",יוניליוור ישראל מזון,IL,קנור תיבוליות בטעם פטריות 72 גרם,גרמים,72.00,100 גרם,false,1,10.30,14.3056,true,1,120449
7290003805501,false,"פתית שוודי תלמה בד""צ 300 ג'",יוניליוור ישראל מזון,IL,פתית שוודי קרקר דגנים פריך בסגנון שוודי,גרמים,300.00,100 גרם,false,1,18.20,6.0667,true,1,121770
7290003864485,false,סרדינים ברוטב עגבנ יות ויליפוד 110ג' פתח קל,גולדן פרייז קאנינג א,TH,סרדין ברוטב עגבניות 110גרם פתח קל,גרמים,110.00,100 גרם,false,1,4.90,4.4545,true,1,10051
7290003864492,false,סרדינים בשמן צמחי חריף פתח קל ויליפוד 110ג',גולדן פרייז קאנינג א,TH,סרדין בשמן צמחי חריף 110גרם,גרמים,110.00,100 גרם,false,1,4.90,4.4545,true,1,10052
7290003882922,false,עלי גפן ממולאים באורז ויליפוד 400ג',הזה פלאקספו פוד קו ב,CN,ויליפוד עלי גפן ממולאים באורז 400 גרם,גרמים,400.00,100 גרם,false,1,9.90,2.4750,true,1,120461
7290003896141,false,אלמנדוס חטיף ספרדי פ,הדקלאים אגודת שיתופי,IL,אלמנדוס 200 גרם (ב(12,גרמים,200.00,100 גרם,false,1,8.90,4.4500,true,1,123511
7290003955015,false,סוכריות לקישוט מזרה,קריות זול,,מזרה צבעוני,יחידה,1.00,יחידה,false,1,6.90,6.9000,true,1,123415
7290003976010,false,מרכך כביסה 4 ליטר אק,אקופרנד,IL,מרכך כביסה 4 ליטר אקופרנד,ליטרים,4.00,ליטר,false,1,33.90,8.4750,true,1,23253
7290003976027,false,מרכך כביסה 4 ליטר פ,אקופרנד,IL,מרכך כביסה 4 ליטר פריחת העמק אקופרנד,ליטרים,4.00,ליטר,false,1,34.90,8.7250,true,1,24056
7290003976058,false,מרכך כביסה חבצלות,אקופרנד,IL,מרכך כביסה חבצלות,ליטרים,1.00,ליטר,false,1,19.90,19.9000,true,1,24058
7290003976089,true,גל לכביסה אקופרנד 4,תות תעשיות מזון (201,IL,אקופרנד ג'ל כביסה אקולוגי 4 ליטר,ליטרים,4.00,ליטר,false,1,45.90,11.4750,true,1,22079
7290003976119,false,נוזל כלים לבנדר ללא,אקופרנד,IL,נוזל כלים לבנדר ללא SLSאקופרנד,מיליליטרים,750.00,"100 מ""ל",false,1,15.90,2.1200,true,1,22480
7290003976126,false,אקופרנד-נוזל כלים לי,אקופרנד,IL,אקופרנד-נוזל כלים לימון אלוורה ללא SLS,מיליליטרים,750.00,"100 מ""ל",false,1,15.90,2.1200,true,1,22481
7290003989096,false,סלט חציל פיקנטי אחלה,מיוצר עי קונדיטוריית,IL,חציל פיקנטי 500,גרמים,500.00,100 גרם,false,1,15.70,3.1400,true,1,120471
7290003989539,false,לורנצו רביולי במילוי גבינה,מיוצר עי קונדיטוריית,IL,רביולי גבינה 400 EAT GOOD,גרמים,400.00,100 גרם,false,1,19.90,4.9750,true,1,120472
7290003989553,false,"פסטה טורטליני פטריות, 400 גרם",מיוצר עי קונדיטוריית,IL,טרטוליני פטריות 400 פרווה EAT GOOD,גרמים,400.00,100 גרם,false,1,19.90,4.9750,true,1,120473
7290004011277,false,"ריצ' לבישול והקרמה 220 מ""ל","אינסטנטה בע""מ",IL,"שמנת לבישול והקרמה ריצ 220 ""מ """,מיליליטרים,220.00,"100 מ""ל",false,1,7.90,3.5909,true,1,123873
7290004011284,false,ריצ בסיס להכנת קצפת 25% 212מל,ריצ' פרודקטס קורפריי,IL,בסיס להכנת קצפת על בסיס צמחי ללא כולסטרול,מיליליטרים,212.00,"100 מ""ל",false,1,9.20,4.3396,true,1,123852
7290004011338,false,"קצפת מתוקה מכונה 250 מ""ל ריץ'",האי נאם סי או אל.טי.,IT,קצפת ריץ חלבי במיכל 250 גרם,גרמים,250.00,100 גרם,false,1,14.90,5.9600,true,1,123992
7290004011345,false,"קצפת ריצ` פרווה במיכל 250 מ""ל",האי נאם סי או אל.טי.,IT,קצפת ריץ פרווה במיכל 250 גרם,גרמים,250.00,100 גרם,false,1,14.90,5.9600,true,1,124740
7290004011796,false,קבבונים בקר קפוא אל גאוצ''ו 400ג',"טיבון ויל אחזקות בע""",IL,אל גאוצו קבבונים 400 גרם,גרמים,400.00,100 גרם,false,1,23.90,5.9750,true,1,124181
7290004011802,false,נקניקיות צ'וריסוס אל גאוצ'ו 400 גר',טיבון ויל אחזקות בעמ,IL,אל גאוצ'ו נקניות צ'וריסוס 400 גרם,גרמים,400.00,100 גרם,false,1,23.90,5.9750,true,1,124182
7290004011819,false,המבורגר ריב אל גאוצ'ו 360גרם,האי נאם סי או אל.טי.,IL,אל גאוצו המבורגר ריב אנטריקוט 360 גרם,גרמים,360.00,100 גרם,false,1,23.90,6.6389,true,1,124911
7290004011826,false,מיני המבורגר ריב אנט,טיבון ויל אחזקות בעמ,IL,אל גאוצ'ו מיני המבורגר ריב אנטריקוט 320 גרם,גרמים,320.00,100 גרם,false,1,23.90,7.4687,true,1,124874
7290004014407,false,סוכריות M&M בוטנים 46 ג',מרס נדרלנד,,סוכריות שוקולדM&M חמאת בוטנים 46 גרם,גרמים,46.00,100 גרם,false,1,5.80,12.6087,true,1,127848
7290004030216,false,פריניב נקטר חמוציות 1ליטר,פריניב בעמ,IL,פריניב נקטר חמוציות 1 ליטר,ליטרים,1.00,ליטר,false,1,12.50,12.5000,true,1,8948
7290004030223,false,פריניב נקטר תפוחים סחוט 1 ליטר,פריניב בעמ,IL,פריניב מיץ תפוחים סחוט 100% טבעי 1 ליטר,ליטרים,1.00,ליטר,false,1,18.90,18.9000,true,1,8806
7290004030445,false,פריניב סחוט טבעי תפוזים 1ליטר,פריניב בעמ,IL,"פריניב, מיץ תפוזים סחוט 1 ליטר",ליטרים,1.00,ליטר,false,1,11.90,11.9000,true,1,8944
7290004030544,false,פריניב מיץ לימונדה לואיזה ולמון גראס 1 ליטר,פריניב בעמ,IL,פריניב משקה קל לימונענע 1 ליטר,ליטרים,1.00,ליטר,false,1,12.50,12.5000,true,1,8805
7290004030612,false,פרי ניב מיץ קיוי אגס ללא תוספת סוכר 1ל,פריניב בעמ,IL,"פריניב, מיץ קיווי אגס תפוח ללא תוספת סוכר 1 ליטר",ליטרים,1.00,ליטר,false,1,17.50,17.5000,true,1,8950
7290004033712,false,לחם עננים מקמח מלא עם פרוסות עבות,מאפית י את א ברמן בע,IL,לחם עננים מקמח מלא עם פ עבות,גרמים,500.00,100 גרם,false,1,15.90,3.1800,true,1,37532
7290004033729,false,לחם עננים מקמח כוסמין עם פרוסות עבות,מאפית י את א ברמן בע,IL,לחם עננים מקמח כוסמין עם פ עבות,גרמים,500.00,100 גרם,false,1,15.90,3.1800,true,1,37531
7290004033736,false,"עננים לחם לבן בסגנון בריוש עם פרוסות עבות, 500 גרם",מאפית י את א ברמן בע,IL,לחם עננים בסגנון בריוש עם פ עבות,גרמים,500.00,100 גרם,false,1,15.50,3.1000,true,1,37530
7290004046002,false,עוגיות הקסטר,אקסטר,,עוגיות הקסטר,גרמים,250.00,100 גרם,false,1,24.90,9.9600,true,1,123763
7290004048525,false,פילה אמנון דלידג 5-7,דלידג,IL,"פילה אמנון 5-7 לק""ג",קילוגרמים,1.00,"ק""ג",true,,34.90,34.9000,true,1,123112
7290004063016,false,מלח שולחן מעולה דק 1,האי נאם סי או אל.טי.,IL,מלח שולחן,קילוגרמים,1.00,"ק""ג",false,1,2.07,2.0700,true,1,120502
7290004063115,false,"מלח מטבח עבה להמלחת בשר ובישול 1 ק""ג 1ק""ג",האי נאם סי או אל.טי.,IL,מלח מטבח,קילוגרמים,1.00,"ק""ג",false,1,2.07,2.0700,true,1,120503
7290004064082,false,מטחנה מלח ים טבעי 250 ג',חברת מלח הארץ אילת ב,IL,מטחנת מלח ים 250 גרם,גרמים,250.00,100 גרם,false,1,13.90,5.5600,true,1,128210
7290004064099,false,מטחנה מלח מהרי ההימלאיה 250 גרם,חברת מלח הארץ אילת ב,IL,מטחנה מלח מהרי ההימלאי 300 גרם,גרמים,250.00,100 גרם,false,1,15.90,6.3600,true,1,128208
7290004064181,false,"תבלין מלח ההימלאיה גס בצנצנת 1 ק""ג",חברת מלח הארץ אילת ב,IL,מלח הימלאיה גס בצנצנת,קילוגרמים,1.00,"ק""ג",false,1,17.90,17.9000,true,1,129612
7290004068011,false,יוגורט כבשים בדלי 5% שומן 600 ג' גד,"מיוצר ע""י קוד יצרן M",IL,גד יוגורט מחלב כבשים מעודן בסגנון בלקני 5% שומן,גרמים,600.00,100 גרם,false,1,18.90,3.1500,true,1,125362
7290004068028,false,"יוגורט צזיקי לשתייה 3.5% 500 מ""ל רובין",מיוצר על ידי קוד יצר,IL,"משקה צזיקי 500 מ""ל גד",מיליליטרים,500.00,"100 מ""ל",false,1,10.90,2.1800,true,1,125547
7290004068035,false,"איירן יוגורט לשתייה 3% גד 500 מ""ל","מיוצר ע""י קוד יצרן M",IL,"משקה יוגורט איירן בלקני 500 מ""ל גד",מיליליטרים,500.00,"100 מ""ל",false,1,8.90,1.7800,true,1,125548
7290004068172,false,יוגורט עזים בדלי 5% שומן 600 ג' גד,קוד יצרן MKN,IL,גד יוגורט חלב עיזים 2.8% 600 גרם,גרמים,600.00,100 גרם,false,1,18.90,3.1500,true,1,125553
7290004068332,false,גבינת קממבר בקר משול,מחלבות גד,IL,"גבינת קממבר בקר משולשים לק""ג גד",קילוגרמים,1.00,"ק""ג",true,,126.00,126.0000,true,1,10528
7290004068394,false,קממבר בקר,,,"קממבר בקר לק""ג גד",קילוגרמים,1.00,"ק""ג",true,,107.00,107.0000,true,1,10532
7290004068424,false,גבינה גאודה משולשים,מחלבות גד,IL,גבינת גאודה גלגל גד לקג,קילוגרמים,1.00,"ק""ג",true,,122.00,122.0000,true,1,126290
7290004068585,false,גבינה גאודה עיזים מש,מחלבות גד,,גבינה גאודה עיזים גלגל גד לקג,קילוגרמים,1.00,"ק""ג",true,,150.00,150.0000,true,1,127756
7290004068912,false,גבינת פרמזן גרנה פדנ,מחלבות גד,IL,"גרנה פדנו גד לק""ג גד",קילוגרמים,1.00,"ק""ג",true,,145.00,145.0000,true,1,23029
7290004078225,false,"שטיפת פה קולגייט פלקס מינט ירוק 500מ""ל",קולגייט- פלמוליב,PL,"מי פה פלאקס ירוק 500 מ""ל",מיליליטרים,500.00,"100 מ""ל",false,1,31.90,6.3800,true,1,9524
7290004078270,false,נוזל כלים פלמוליב צילינדר לימון 1 ליטר,יבואן ומשווק: ש. שסט,GR,פלמוליב נוזל לניקוי כלים בריח לימון 1 ליטר,ליטרים,1.00,ליטר,false,1,13.90,13.9000,true,1,120504
7290004078690,false,"אגקס נוזל לניקוי אסלות מרענן 750 מ""ל",הנסיך- מפעל לייצור ט,FR,אג'קס נוזל לניקוי אסלות ג'ל עם אקונומיקה 750 מל,מיליליטרים,750.00,"100 מ""ל",false,1,15.90,2.1200,true,1,120506
7290004078942,false,ליידי ספיד סטיק - דאודורנט ג'ל לאישה 65 גרם,קולגייט פלמוליב,US,"ליידי ספיד סטיק ג""ל כתום",גרמים,63.00,100 גרם,false,1,19.90,31.5873,true,1,120507
7290004091217,false,"גודרס להברקת כלי כסף 125מ""ל",אס סי גונסון פורטוגל,PT,"גודרדס, חומר לניקוי והברקת כלי כסף 144 מל",מיליליטרים,125.00,"100 מ""ל",false,1,17.90,14.3200,true,1,14532
7290004119133,false,כד יוגורט תנובה 6.5% שומן 1.5 ליטר,מיוצר עי קונדיטוריית,IL,יוגורט 7% בכד1.5 ליטר,ליטרים,1.50,ליטר,false,1,18.90,12.6000,true,1,121729
7290004119225,false,יוגורט אננס 3% שומן 150 ג' יופלה,תנובה מרכז שיתופי לש,IL,יופלה יוגורט אננס 3% גביע 150 גרם,גרמים,150.00,100 גרם,false,1,5.20,3.4667,true,1,120511
7290004119928,false,מעדן וניל גביע 1.5% שומן 125 ג' קרלו,מחלבת אלון תבור,IL,מעדן קרלו וניל 3% 125 גרם,גרמים,125.00,100 גרם,false,1,3.30,2.6400,true,1,120513
7290004119973,false,מעדן שוקו 1.5% שומן 125 ג' קרלו,תנובה מרכז שיתופי לש,IL,קרלו מעדן שוקו רביעיה גביע 125 גרם 1.5%,גרמים,125.00,100 גרם,false,1,3.30,2.6400,true,1,120514
7290004120061,false,קרלו שוקולד וניל 125,תנובה מרכז שיתופי לש,IL,קרלו שוניל 1.5% שומן 125 גרם,גרמים,125.00,100 גרם,false,1,3.30,2.6400,true,1,120515
7290004120108,false,יופלה דיאט יוגורט דובדבן %0 גביע 150ג',תנובה מרכז שיתופי לש,IL,יופלה דיאט יוגורט דובדבן %0 גביע 150גרם,גרמים,150.00,100 גרם,false,1,5.20,3.4667,true,1,120516
7290004120566,false,גבינה בולגרית 24% 250 ג' פיראוס,קריות זול,IL,פיראוס בולגרית 24% שומן 250 גרם,גרמים,250.00,100 גרם,false,1,24.90,9.9600,true,1,120518
7290004120573,false,גבינה בולגרית %16 250 ג' פיראוס,תנובה מרכז שיתופי לש,IL,גבינה בולגרית מלוחה 16% שומן,גרמים,250.00,100 גרם,false,1,24.90,9.9600,true,1,120519
7290004120634,false,גבינה בולגרית %5 250 ג' פיראוס,תנובה מרכז שיתופי לש,IL,פיראוס גבינה בולגרית 5% שומן,גרמים,250.00,100 גרם,false,1,24.90,9.9600,true,1,120520
7290004120832,false,חלב תנובה טרי 3% מהדרין כד 2 ל',תנובה מרכז שיתופי לש,IL,חלב 2 3% ליטר בכד מהדרין,ליטרים,2.00,ליטר,false,1,12.46,6.2300,true,1,124315
7290004121488,false,יופלה דיאט אפרסק 0% גביע 150 ג',תנובה מרכז שיתופי לש,IL,יופלה יוגורט עם אפרסק 0% שומן 150 גרם,גרמים,150.00,100 גרם,false,1,5.20,3.4667,true,1,120521
7290004121525,false,יופלה מאגדת פרי 4 תות 4 אפרסק 3% 8 יח'*150 ג',תנובה מרכז שיתופי לש,IL,מאגדת יופלה אפרסק תות שמיניה,קילוגרמים,1.20,"ק""ג",false,1,32.90,27.4167,true,1,122461
7290004121754,false,יוגורט עוגת גבינה ותות 3% שומן 150 ג' יופלה,תנובה בעמ,IL,יופלה יוגורט עוגת גבינה ותות %3 150 גרם,גרמים,150.00,100 גרם,false,1,5.20,3.4667,true,1,120522
7290004121839,false,גבינת פטה כבשים 20% 250 ג' פיראוס,תנובה מרכז שיתופי לש,IL,פיראוס פטה כבשים 20% שומן,גרמים,250.00,100 גרם,false,1,28.90,11.5600,true,1,120523
7290004121853,false,גבינה בולגרית בקוביות %5 200 ג' פיראוס,תנובה מרכז שיתופי לש,IL,פירוס בולגרית קוביות 5% 200 גרם,גרמים,200.00,100 גרם,false,1,22.90,11.4500,true,1,120524
7290004122119,false,פתיתי פרמזן לפסטה %23 100 ג' השף הלבן,פ.פ.ח. שאביט,IL,תנובה השף הלבן פתיתי גבע פרמזן 23% שומן,גרמים,100.00,100 גרם,false,1,13.90,13.9000,true,1,121730
7290004122195,false,"גבינת גוש חלב פרוס 28%, כשרות מהדרין, 200 ג'",קריות זול,IL,גוש חלב פרוסות גבינה צהובה חצי קשה 28% שומן מהדרין,גרמים,200.00,100 גרם,false,1,15.50,7.7500,true,1,121702
7290004122270,false,גבינה צהובה פרוס בקופסא %28 200 ג' עמק,תנובה מרכז שיתופי לש,IL,עמק קלאסית פרוסות גבינה חצי קשה 28% 200 גרם,גרמים,200.00,100 גרם,false,1,16.90,8.4500,true,1,120525
7290004122348,false,עמק לייט 9% פרוס בקופסא,תנובה מרכז שיתופי לש,IL,עמק גבינה צהובה חצי קשה 9% מופחתת שומן,גרמים,200.00,100 גרם,false,1,17.90,8.9500,true,1,120526
7290004122607,false,עמק לייט חריץ 9% תנו,תנובה מרכז שיתופי לש,,"גבינה עמק לייט9%- חריץ 1 ק""ג",קילוגרמים,1.00,"ק""ג",true,,79.00,79.0000,true,1,122496
7290004122676,false,גבינת חמד לייט 5% פיראוס 250 ג',"תנובה,מחלבת טנא נוגה",IL,פיראוס לייט חמד גבינה כפרית מלוחה 5% שומן,גרמים,250.00,100 גרם,false,1,19.90,7.9600,true,1,122726
7290004122683,false,חטיף גבינת אצבעות 28% 172 ג' עמק,תנובה מרכז שיתופי לש,IL,עמק חטיף אצבעות גבינה חצי קשה 28% שומן,גרמים,172.00,100 גרם,false,1,17.90,10.4070,true,1,123011
7290004124205,false,יוגורט דיאט תות %0 שומן 150 ג' יופלה,תנובה מרכז שיתופי לש,IL,יופלה דיאט יוגורט תות %0 גביע 150 גרם,גרמים,150.00,100 גרם,false,1,5.20,3.4667,true,1,120529
7290004124847,false,"קצפת צמחית השף הלבן 500 מ""ל תנובה",תנובה מרכז שיתופי לש,IL,קצפת צמחית 500 מל,מיליליטרים,500.00,"100 מ""ל",false,1,17.50,3.5000,true,1,2896
7290004125370,false,שמנת חמוצה מופחתת שומן 9%,תנובה מרכז שיתופי לש,IL,תנובה שמנת חמוצה מופחתת שומן,מיליליטרים,200.00,"100 מ""ל",false,1,3.90,1.9500,true,1,120532
7290004125400,false,"שלי אשל 4.5% תנובה 200מ""ל מהדרין",פארייפאבה אגרואינדוס,IL,תנובה אשל לבן 4.5% שומן,מיליליטרים,200.00,"100 מ""ל",false,1,1.69,0.8450,true,1,120533
7290004125417,false,"שלי גיל 3% תנובה 200מ""ל מהדרין",תנובה מרכז שיתופי לש,IL,תנובה גיל לבן 3% 206 גרם,מיליליטרים,200.00,"100 מ""ל",false,1,1.51,0.7550,true,1,120534
7290004125455,false,**תנובה שמנת אורגינל מהדרין 15% 200מל,תנובה מרכז שיתופי לש,IL,שמנת אורגינל 15% שומן 200 מל,מיליליטרים,200.00,"100 מ""ל",false,1,2.40,1.2000,true,1,120535
7290004125462,false,"שמנת אורגינל 15% מהדרין 500 מ""ל",תנובה מרכז שיתופי לש,IL,תנובה אורגינל שמנת חמוצה 15% שומן 500 מל,גרמים,500.00,100 גרם,false,1,6.00,1.2000,true,1,121580
7290004125509,false,"שמנת 15% חצי מנה 100 מ""ל תנובה",תנובה מרכז שיתופי לש,IL,תנובה שמנת 15% חצי מנה 100 מל,מיליליטרים,100.00,"100 מ""ל",false,1,1.80,1.8000,true,1,120536
7290004125578,false,משקה סויה מעושר בסידן תנובה 1ל',תנובה מרכז שיתופי לש,IL,משקה סויה מועשר בסידן 1 ליטר,ליטרים,1.00,ליטר,false,1,11.50,11.5000,true,1,120537
7290004125585,false,משקה סויה וניל תנובה E אלטרנטיב,תנובה מרכז שיתופי לש,IL,משקה סויה על הבוקר וניל 1 ליטר,ליטרים,1.00,ליטר,false,1,12.50,12.5000,true,1,120538
7290004125721,false,"שמנת לבישול 15% שומן 250 מ""ל תנובה",תנובה מרכז שיתופי לש,IL,"השף הלבן שמנת לבישול ,שמנת עמידה לבישול 15% 250 מל",מיליליטרים,250.00,"100 מ""ל",false,1,8.80,3.5200,true,1,120539
7290004125738,false,שמנת מתוקה עמידה להקצפה 32% השף הלבן,תנובה מרכז שיתופי לש,IL,"שמנת להקצפה 32% 250 מ""ל",מיליליטרים,250.00,"100 מ""ל",false,1,7.20,2.8800,true,1,120540
7290004125776,false,גבינה צהובה 28% שומן 400 ג' עמק,קריות זול,IL,עמק פרוס 28% 400 גרם בקופסא,גרמים,400.00,100 גרם,false,1,31.90,7.9750,true,1,122516
7290004126674,false,פרוסות גבינה חצי קשה 9% שומן 200 ג' עמק,תנובה מרכז שיתופי לש,IL,גבינה צהובה טל העמק 9% לייט 200 גרם,גרמים,200.00,100 גרם,false,1,19.90,9.9500,true,1,120541
7290004126759,false,יופלה דיאט פירות יער %0 גביע 150 ג',תנובה בעמ,IL,יופלה דיאט פירות יער %0 גביע 150 גרם,גרמים,150.00,100 גרם,false,1,5.20,3.4667,true,1,120542
7290004126872,false,משקאות חלב תנובה שוקו בקבוק 250מל,קריות זול,IL,"שוקו תנובה בקבוק 250 מ""ל",מיליליטרים,250.00,"100 מ""ל",false,1,6.20,2.4800,true,1,122598
7290004127077,false,קוטג' 3% שומן 250 ג' תנובה,מיוצר עי קונדיטוריית,IL,קוטג 3% תנובה 250 גרם,גרמים,250.00,100 גרם,false,1,5.70,2.2800,true,1,120543
7290004127329,false,קוטג' 5% תנובה 250ג' מהדרין,מיוצר עי קונדיטוריית,IL,קוטג 5% תנובה 250 גרם,גרמים,250.00,100 גרם,false,1,5.70,2.2800,true,1,120544
7290004127336,false,קוטג' 9% תנובה 250 ג' הדרין,מיוצר עי קונדיטוריית,IL,קוטג 9% תנובה 250 גרם,גרמים,250.00,100 גרם,false,1,5.70,2.2800,true,1,120545
7290004127800,false,גבינה לבנה 5% שומן 500 ג' תנובה,מיוצר עי קונדיטוריית,IL,גבינה למריחה 5% פיקוח 500 גרם,גרמים,500.00,100 גרם,false,1,9.96,1.9920,true,1,120546
7290004127817,false,גבינה לבנה 9% שומן 500 ג' תנובה,מיוצר עי קונדיטוריית,IL,גבינה למריחה 500 9% גרם,גרמים,500.00,100 גרם,false,1,9.40,1.8800,true,1,120547
7290004127862,false,**תנובה גבינה למריחה מהדרין 5% 750ג,תנובה מרכז שיתופי לש,IL,גבינה למריחה 750 5% גרם,גרמים,750.00,100 גרם,false,1,14.94,1.9920,true,1,120548
7290004127916,false,גבינה לבנה 0.5% שומן 500 ג' תנובה,תנובה מרכז שיתופי לש,IL,גבינת תנובה 500 0.5% גר,גרמים,500.00,100 גרם,false,1,9.40,1.8800,true,1,121653
7290004128333,false,לאבנה על בסיס יוגורט %9 שומן 500 ג' פיראוס,קריות זול,IL,פיראוס גבינת לאבנה אסלית 9% שומן,גרמים,500.00,100 גרם,false,1,20.90,4.1800,true,1,121655
7290004128340,false,קרם גבינת שמנת %5 בטעם טבעי 200 ג' תנובה,קריות זול,IL,קרם גבינת שמנת 5% בטעם טבעי 200 גרם,גרמים,200.00,100 גרם,false,1,12.30,6.1500,true,1,120550
7290004128364,false,קרם גבינת שמנת 5% עם זיתים ירוקים 200 ג' תנובה,"תנובה, מחלבת תל יוסף",IL,קרם גבינת שמנת 5% עם זיתים ירוקים 200 גרם,גרמים,200.00,100 גרם,false,1,12.30,6.1500,true,1,120551
7290004128401,false,גבינת פטה כבשים במשק,תנובה,,גבינת פטה כבשים במשקל,קילוגרמים,1.00,"ק""ג",true,,125.00,125.0000,true,1,122391
7290004128432,false,פתיתים מיוחדים לפיצה על בסיס גבינה 500 ג',תנובה,IL,פתיתים מיוחדים לפיצה על בסיס גבינה,גרמים,500.00,100 גרם,false,1,24.90,4.9800,true,1,123254
7290004129101,false,גבינת שמנת 25% בטעם טבעי 225 ג' נפוליאון,תנובה מרכז שיתופי לש,IL,גבינת שמנת נפוליאון טבעי 225 גרם,גרמים,225.00,100 גרם,false,1,14.60,6.4889,true,1,120552
7290004129118,false,גבינת שמנת 24% עם זיתים ירוקים 225 ג' נפוליאון,תנובה מרכז שיתופי לש,IL,גבינת שמנת נפוליאון זיתים 225 גרם,גרמים,225.00,100 גרם,false,1,14.60,6.4889,true,1,120553
7290004129156,false,גבינת שמנת25% עם שום שמיר 225 ג' נפוליאון,תנובה מרכז שיתופי לש,IL,גבינת שמנת נפוליאון שום שמיר 225 גרם,גרמים,225.00,100 גרם,false,1,14.60,6.4889,true,1,120554
7290004129545,false,גבינה לבנה 3% שומן 250 ג' תנובה,מחלבת אלון תבור,IL,גבינה לבנה 3% תנובה 250 גרם,גרמים,250.00,100 גרם,false,1,4.90,1.9600,true,1,120555
7290004129569,false,שמנת נפוליאון שום שמ,,,"נפוליאון שום שמיר לק""ג",קילוגרמים,1.00,"ק""ג",true,,45.90,45.9000,true,1,126044
7290004129736,false,יוגורט במתיקות מעודנת 1.5% שומן 200 ג' יופלה,תנובה מרכז שיתופי לש,IL,יוגורט,גרמים,200.00,100 גרם,false,1,4.50,2.2500,true,1,122037
7290004129767,false,יופלה לבן טבעי מאגדת 3% 8*150מל,מחלבת אלון תבור,IL,מאגדת יופלה לבן 3% שמינייה,קילוגרמים,1.20,"ק""ג",false,1,19.50,16.2500,true,1,122038
7290004130794,false,משקה סויה טבעי במתיקות מופחתת 1 ליטר,תנובה מרכז שיתופי לש,IL,משקה סויה מועשר מופחת מתיקות 1 ליטר,ליטרים,1.00,ליטר,false,1,12.50,12.5000,true,1,121624
7290004130916,false,יוגורט 3% פירות יער בשמנת 150 ג' יופלה,תנובה מרכז שיתופי לש,IL,יוגורט יופלה פירות יער שמנת 150 גרם,גרמים,150.00,100 גרם,false,1,5.20,3.4667,true,1,122509
7290004131074,false,**חלב תנובה טרי מהדרין קרטון 3% 1ל,תנובה מרכז שיתופי לש,IL,חלב 3% קרטון מהדרין פיקוח 1 ליטר,ליטרים,1.00,ליטר,false,1,6.23,6.2300,true,1,120556
7290004131227,false,תנובה גבינה לבנה 3%,מחלבת אלון תבור,IL,גבינה למריחה 500 3% גרם,גרמים,500.00,100 גרם,false,1,9.40,1.8800,true,1,122203
7290004131432,false,יוגורט ביו 3% שומן 200 ג' יופלה,מיוצר עי קונדיטוריית,IL,יופלה לבן 3% גביע 200 גרם,גרמים,200.00,100 גרם,false,1,4.00,2.0000,true,1,122039
7290004131456,false,יוגורט ביו 1.5% שומן 200 ג' יופלה,מיוצר עי קונדיטוריית,IL,יופלה לבן 1.5% גביע 200 גרם,גרמים,200.00,100 גרם,false,1,4.00,2.0000,true,1,122040
7290004131531,false,משקאות חלב תנובה שוקו בקבוק 1ל,תנובה מרכז שיתופי לש,IL,שוקו תנובה בקבוק 1 ליטר,ליטרים,1.00,ליטר,false,1,13.90,13.9000,true,1,122359
7290004131814,false,גבינה צפתית 5% מעודנת 200 ג' פיראוס,פארייפאבה אגרואינדוס,IL,פיראוס צפתית 5% מעודנת 200 גרם,גרמים,200.00,100 גרם,false,1,16.50,8.2500,true,1,122236
7290004132231,false,משקה חלב בטעם וניל 8,"תנובה, מחלבת רחובות",IL,"תנובה, משקה חלב, מיוחד לקפה. להקצפה בשקשוק.",מיליליטרים,800.00,"100 מ""ל",false,1,7.50,0.9375,true,1,122201
7290004132552,false,משקה סויה לייט בטעם טבעי טרי 1 ליטר,תנובה מרכז שיתופי לש,IL,משקה סויה דיאט 1 ליטר,ליטרים,1.00,ליטר,false,1,12.50,12.5000,true,1,122311
7290004132712,false,חטיף אצבעות גבינת מוצרלה 20% 172 ג' עמק,תנובה מרכז שיתופי לש,IL,עמק חטיף אצבעות גבינת מוצרלה 172 גרם 20%,גרמים,172.00,100 גרם,false,1,17.90,10.4070,true,1,122199
7290004133511,false,יופלה מאגדת לבן 1.5% מעודן 8 יח' * 150 ג',מיוצר עי קונדיטוריית,IL,יופלה שמיניה לבן מעודן 1.5%,קילוגרמים,1.20,"ק""ג",false,1,20.90,17.4167,true,1,122211
7290004134198,false,משקה חלב בטעם בננה 2,תנובה,IL,משקה חלב בטעם בננה 1.9% 250 מל,מיליליטרים,250.00,"100 מ""ל",false,1,6.20,2.4800,true,1,122599
7290004134945,false,יוגורט מוקה 3% שומן 150 ג' יופלה,תנובה מרכז שיתופי לש,IL,יופלה מוקה 150 3% גרם,גרמים,150.00,100 גרם,false,1,4.90,3.2667,true,1,122704
7290004135058,false,מאגדת קרלו מיני שוקולד 8 יח' * 100 ג',תנובה מרכז שיתופי לש,IL,"מארז קרלו מיני בטעם שוקולד, 8 יחידות, 800 גרם",גרמים,800.00,100 גרם,false,1,14.90,1.8625,true,1,123123
7290004135225,false,מעדן תנובה דיאט שוקולדה 0% 150מל,תנובה מרכז שיתופי לש,IL,מעדן דיאט שוקולד 150 גרם,גרמים,150.00,100 גרם,false,1,4.40,2.9333,true,1,122780
7290004135324,false,גבינה בולגרית מעודנת,תנובה מרכז שיתופי לש,,"בולגרית מעודנת 1 5% ק""ג",קילוגרמים,1.00,"ק""ג",true,,52.00,52.0000,true,1,122671
7290004135614,false,גבינה בולגרית מעודנת 5% 250 ג' פיראוס,קריות זול,IL,פיראוס גבינה בולגרית מעודנת 5% שומן,גרמים,250.00,100 גרם,false,1,24.90,9.9600,true,1,123136
7290004136154,false,"משקה חלב אייס קפה תנובה בבקבוק 340 מ""ל",גוד פוד פרודקטס S.p,IL,"משקה אייס קפה תנובה בקבוק 340 מ""ל",מיליליטרים,340.00,"100 מ""ל",false,1,7.50,2.2059,true,1,123186
7290004136598,false,מארז הפסקת אוכל עם קורנפלקס ומשקה חלב עמיד בטעם וניל,פארייפאבה אגרואינדוס,IL,מארז הפסקת אוכל חלב+דגנים,לא מנהל יחידת מידה,0.00,לא מנהל יחידת מידה,false,1,9.90,0.0000,true,1,123025
7290004136857,false,מעדן גלי בטעם פטל 12,תנובה מרכז שיתופי לש,IL,גלי בטעם פטל 125 גרם,גרמים,125.00,100 גרם,false,1,2.50,2.0000,true,1,123016
7290004136864,false,ג'לי תנובה אננס עם חתיכות אננס 125מל,קריות זול,IL,גלי אננס וחתיכות פרי 125 גרם,גרמים,125.00,100 גרם,false,1,2.80,2.2400,true,1,123017
7290004136871,false,ג'לי תנובה אפרסק עם חתיכות אפרסק 125מל,תנובה מרכז שיתופי לש,IL,מעדן גלי אפרסק חתיכות פרי 125,גרמים,125.00,100 גרם,false,1,2.80,2.2400,true,1,123018
7290004137021,false,"שמנת לבישול 10% עמיד השף הלבן 250 מ""ל",תנובה מרכז שיתופי לש,IL,תנובה השף הלבן שמנת לבישול עם סיבים 10% שומן,מיליליטרים,250.00,"100 מ""ל",false,1,8.80,3.5200,true,1,123252
7290004137311,false,עמק לייט משפחתית 9% 400ג-ועדת מהדרין,תנובה,IL,עמק גבינה צהובה חצי קשה 9% שומן,גרמים,400.00,100 גרם,false,1,31.90,7.9750,true,1,123200
7290004137809,false,לאבנה 5% שומן 250 ג' פיראוס,"תנובה, מחלבת אלון תב",IL,פיראוס לאבנה אסלית 5% שומן 250 גרם,גרמים,250.00,100 גרם,false,1,13.90,5.5600,true,1,123247
7290004161019,false,סלמון מונטה קרלו 10,מונטה קרלו,IL,סלמון מונטה קרלו 100 גרם,גרמים,100.00,100 גרם,false,1,26.90,26.9000,true,1,30023
7290004161033,false,פילה דג סלמון מעושן,מונטה קרלו,IL,פילה דג סלמון מעושן פסור 500גרם,גרמים,500.00,100 גרם,false,1,135.00,27.0000,true,1,35988
7290004199166,false,כפפות לאטקס 100 יח' EASY TOUCH- S,הדקלאים אגודת שיתופי,TH,EASY TOUCH כפפות לטקס גודל: Small,יחידה,1.00,יחידה,false,1,34.90,34.9000,true,1,123480
7290004199173,false,כפפות לאטקס 80 יח' EASY TOUCH-M,הדקלאים אגודת שיתופי,TH,EASY TOUCH כפפות לטקס גודל: Medium,לא מנהל יחידת מידה,0.00,לא מנהל יחידת מידה,false,1,34.90,0.0000,true,1,123481
7290004199180,false,כפפות לאטקס 100 יח' EASY TOUCH- L,הדקלאים אגודת שיתופי,TH,EASY TOUCH כפפות לטקס גודל: Large,יחידה,1.00,יחידה,false,1,34.90,34.9000,true,1,123482
7290004199203,false,קיסמ' שיניים מבמבוק מלחיה 300 יח',הדקלאים אגודת שיתופי,CN,קיסמי שיניים מבמבוק מלחייה 300 יח',Unknown,0.00,Unknown,false,1,2.90,0.0000,true,1,30995
7290004200930,false,"זיקוק זוג 15 ס""מ בשק",שמחה זה אנחנו,,זיקוק זוג 15 סמ בשקית,יחידה,1.00,יחידה,false,1,6.80,6.8000,true,1,125765
7290004219819,false,קומפלטה מלבין קפה הולנדי 200ג,פריזלנד פודס קיוויט,NL,קומפלטה מלבין קפה הולנדי 200 גרם,גרמים,200.00,100 גרם,false,1,11.90,5.9500,true,1,120579
7290004221409,false,רוטב חזרת 453 גרם,וובר ספרינגפילד,,רוטב חזרת 453 גרם,גרמים,453.00,100 גרם,false,1,21.90,4.8344,true,1,122005
7290004224877,false,שקיות אשפה,אחים שפירא,IL,אשפתון עבה במיוחד 85*75,יחידה,1.00,יחידה,false,1,8.90,8.9000,true,1,15182
7290004225278,false,מסוג דנבלו,נטו מלינדה סיימן,,"מסוג דנבלו 3 ק""ג",קילוגרמים,1.00,"ק""ג",true,,79.00,79.0000,true,1,13567
7290004225285,false,גבינה בסגנון דנאבלו 100 ג',האי נאם סי או אל.טי.,DK,רכיבי חלב ושומן צמחי בסגנון דנאבלו 100 גרם,גרמים,100.00,100 גרם,false,1,12.40,12.4000,true,1,3302
7290004225872,false,"ויליגר קרם קוקוס 400 מ""ל",טקרנג פינאפלה אינדוס,TH,"ויליגר קרם קוקוס 400 מ""ל",מיליליטרים,400.00,"100 מ""ל",false,1,6.50,1.6250,true,1,9789
7290004228415,false,פיצה משפחתית עבה סיציליה 425 ג',האי נאם סי או אל.טי.,IT,פיצת שף סיציליאנית,גרמים,425.00,100 גרם,false,1,18.90,4.4471,true,1,21364
7290004230074,false,קציצות דג ברוטב עגבנ,אף.סי תבליני בגליל ב,IL,קציצות דג ברוטב עגבניות 800 גרם,גרמים,800.00,100 גרם,false,1,33.90,4.2375,true,1,125446
7290004230081,false,קציצות עוף ברוטב עגבניות 800 ג' שגב,קרלו,IL,קציצות עוף ברוטב עגבניות שגב 800 גרם,גרמים,800.00,100 גרם,false,1,33.90,4.2375,true,1,125447
7290004255428,false,נר נשמה 24 שעות - מנורה,מנורה,IL,נר נשמה מנורה בפחית 24 שעות,יחידה,1.00,יחידה,false,1,2.50,2.5000,true,1,23761
7290004256371,false,ריץ פרוס 400 ג' -צהובה פרוסה,מלקפול אלוורטוסקה,PL,גבינה צהובה פרוסה על בסיס חלב,גרמים,400.00,100 גרם,false,1,18.90,4.7250,true,1,14354
7290004256753,false,עלי סיגר מרוקאי לפסטילה 450 גר',סטאר סנקס,IL,עלי סיגר מרוקאי,גרמים,450.00,100 גרם,false,1,13.90,3.0889,true,1,25957
7290004324605,false,"גבינת מון בלאן רוקפור 7%, 120 ג'",האי נאם סי או אל.טי.,IL,גבינה מון בלאן רוקפור 120 גרם,גרמים,120.00,100 גרם,false,1,11.90,9.9167,true,1,122642
7290004339401,false,המבורגר אורז עדשים ט,טבע דלי,IL,"בורגר אורז, עדשים ושקדים 400 גרם טבע דלי",גרמים,400.00,100 גרם,false,1,25.90,6.4750,true,1,123333
7290004339425,false,שווארמה מהצומח סייטן,טבע דלי בעמ,IL,טבע דלי סייטן שווארמה 350 גרם,גרמים,350.00,100 גרם,false,1,25.90,7.4000,true,1,120602
7290004339630,false,סייטן טבעי טבע דלי 3,טבע דלי,IL,סייטן מקורי 350גרם טבע דלי,גרמים,350.00,100 גרם,false,1,20.90,5.9714,true,1,124404
7290004339784,false,בורגר על האש טבע דלי,טבע דלי,IL,בורגר על האש טבע דלי 400 גרם,גרמים,400.00,100 גרם,false,1,25.90,6.4750,true,1,126227
7290004339807,false,המבורגר כוסמת 400 גר,טבע דלי בעמ,IL,המבורגר כוסמת מש מונבט אורז מלא וציה 400,גרמים,400.00,100 גרם,false,1,25.90,6.4750,true,1,125171
7290004339999,false,שניצלוני סייטן אמרנט,טבע דלי,IL,סייטן אמרנט שניצלונים טבע דלי 400 גרם,גרמים,400.00,100 גרם,false,1,30.90,7.7250,true,1,11693
7290004343460,false,צבת אל חלד לעור סולי,,,צבת אל חלד לעור סולינגן,יחידה,1.00,יחידה,false,1,59.90,59.9000,true,1,15052
7290004344603,false,צבת אל חלד לציפורניי,,,צבת אל חלד לצפורניים סולינגן,יחידה,1.00,יחידה,false,1,59.90,59.9000,true,1,15051
7290004353346,false,ספוג רחצה הידרופילי,יושלם,,כפפת פינוק גיאנקי סאן,Unknown,0.00,Unknown,false,1,14.90,0.0000,true,1,29663
7290004480332,false,גבינה גאודה קשה מחלב,מחלבות גד,IL,"גאודה בקר משולש גד לק""ג",קילוגרמים,1.00,"ק""ג",true,,115.00,115.0000,true,1,35038
7290004480349,false,גבינה גאודה עיזים מש,מחלבת גד,IL,"גאודה עיזים משולש גד לק""ג",קילוגרמים,1.00,"ק""ג",true,,140.00,140.0000,true,1,35039
7290004480363,false,"קאשקבל גלגל גד לק""ג",מחלבת גד,IL,"קאשקבל גלגל גד לק""ג",קילוגרמים,1.00,"ק""ג",true,,129.00,129.0000,true,1,35040
7290004480431,false,פטה עיזים מסורתית יח,מחלבת בית יצחק,IL,פטה עיזים מסורתית יחידה גד,קילוגרמים,1.00,"ק""ג",true,,159.00,159.0000,true,1,38031
7290004492274,false,בייגלה טבעות מלוחות 400 ג',אתר בייגל - Food,IL,כעכים בצורת טבעות עם מלח בייגל בייגל,גרמים,400.00,100 גרם,false,1,11.90,2.9750,true,1,120618
7290004494049,false,יין דלתון פומה סובני,"איי, בי, אינבוו",IL,דלתון סוביניון בלאן יין לבן יבש גליל 2020 750 מל,מיליליטרים,750.00,"100 מ""ל",false,1,64.90,8.6533,true,1,288
7290004494131,false,יין דלתון קברנה סוביניון גליל,"איי, בי, אינבוו",IL,דלתון קברנה סוביניון 2019 יין אדום יבש,מיליליטרים,750.00,"100 מ""ל",false,1,64.90,8.6533,true,1,297
7290004494148,false,יין דלתון מרלו גליל,"איי, בי, אינבוו",IL,דלתון יין 15% אדום יבש מרלו 2014,מיליליטרים,750.00,"100 מ""ל",false,1,64.90,8.6533,true,1,291
7290004494179,false,יין דלתון שרדונה 750,"איי, בי, אינבוו",IL,יין דלתון שרדונה 750 מל,מיליליטרים,750.00,"100 מ""ל",false,1,64.90,8.6533,true,1,33816
7290004494377,false,יין דלתון שיראז גליל,"איי, בי, אינבוו",IL,יין דלתון אדום יבש שיראז 2020 13.5% 750 מל,מיליליטרים,750.00,"100 מ""ל",false,1,64.90,8.6533,true,1,305
7290004494599,false,יין דלתון עלמה בורדו,דלתון,IL,עלמה קרימזון דלתון 750 מל 2018,מיליליטרים,750.00,"100 מ""ל",false,1,79.90,10.6533,true,1,123092
7290004494919,false,כנען אדום קברנה שירא,דלתון,IL,כנען אדום קברנה שיראז דלתון 750מל,מיליליטרים,750.00,"100 מ""ל",false,1,49.90,6.6533,true,1,129075
7290004554354,false,גלידת פנטזיה שוקו וניל 1 ל' שטראוס,"גלידת שטראוס בע""מ, ר",IL,גלידה פנטזיה שוקו וניל 1 ליטר,ליטרים,1.00,ליטר,false,1,23.90,23.9000,true,1,120637
7290004554903,false,"גלידת פנטזיה שוקו וניל 900 מ""ל שטראוס","גלידת שטראוס בע""מ, ר",IL,גלידה פנטזיה פרווה 1 ל .,ליטרים,1.00,ליטר,false,1,23.90,23.9000,true,1,120638
7290004584306,false,רבעיית גמדים בטעם תות בננה * 100 ג' שטראוס,מיוצר עי קונדיטוריית,IL,4 גמדים תות בננה,גרמים,400.00,100 גרם,false,1,11.90,2.9750,true,1,120641
7290004584351,false,גבינה במרקם שמנת 5% טבעי 200 ג' סימפוניה,"שטראוס בריאות בע""מ",IL,סימפוניה החמישית,גרמים,200.00,100 גרם,false,1,11.90,5.9500,true,1,120642
7290004584528,false,דנונה ביו יוגורט טבעי 1.5% 200 ג',מיוצר עי קונדיטוריית,IL,דנונה ביו 1.7% 200 גרם,גרמים,200.00,100 גרם,false,1,3.70,1.8500,true,1,120643
7290004585907,false,דני ועדן וניל 1.5% 125ג' שטראוס,מיוצר עי קונדיטוריית,IL,דני וניל,גרמים,125.00,100 גרם,false,1,2.90,2.3200,true,1,120644
7290004603175,false,מלח הארץ מלחייה גס 500 גרם,תעשיות מלח לישראל,IL,מלח גס 500 גרם,גרמים,500.00,100 גרם,false,1,8.90,1.7800,true,1,126238
7290004652173,false,חמאה עלמה 200 גר,מלקפול,PL,חמאה עלמה 200ג,גרמים,200.00,100 גרם,false,1,7.90,3.9500,true,1,30558
7290004658953,false,יין פרייבט קולקשן סו,"כד בני דרום בע""מ",IL,"יין P.C סוביניון בלאן 750 מ""ל",מיליליטרים,750.00,"100 מ""ל",false,1,39.90,5.3200,true,1,121916
7290004658960,false,יין פרייבט קולקשן אמ,אגודת הכורמים הקואופ,IL,"יין P.C אמרלד ריזלינג 750 מ""ל",מיליליטרים,750.00,"100 מ""ל",false,1,39.90,5.3200,true,1,235
7290004685027,false,ברמן לחם הארץ מחיטה מלאה קל 500גר,מאפית י את א ברמן בע,IL,לחם הארץ לחם מחיטה מלאה קל 500 גרם,גרמים,500.00,100 גרם,false,1,16.90,3.3800,true,1,125165
7290004685089,false,לחם הארץ לחם חמניות 500 גר',מאפית י את א ברמן בע,IL,לחם הארץ חמניות,גרמים,500.00,100 גרם,false,1,15.90,3.1800,true,1,125166
7290004685126,false,לחם פומפרניקל לחם הארץ 750 גרם,מאפית י את א ברמן בע,IL,לחם 5 דגנים לחם הארץ 750 גרם,גרמים,750.00,100 גרם,false,1,16.90,2.2533,true,1,120679
7290004685195,false,לחם 10 דגנים לחם הארץ 750 גרם,מאפית י את א ברמן בע,IL,לחם 10 דגנים לחם הארץ 750 גרם,גרמים,750.00,100 גרם,false,1,16.90,2.2533,true,1,121699
7290004685225,false,לחם פומפרניקל לחם הארץ 750 גרם,מאפית י את א ברמן בע,IL,לחם הארץ לחם פומפרניקל 750 גרם,גרמים,750.00,100 גרם,false,1,15.90,2.1200,true,1,121700
7290004685430,false,לחם כוסמין לחם הארץ,מאפית י את א ברמן בע,IL,לחם כוסמין 500 גרם,גרמים,500.00,100 גרם,false,1,14.90,2.9800,true,1,129540
7290004725600,false,גבינה סקנדינבית,,,גבינה סקנדינבית,קילוגרמים,1.00,"ק""ג",true,,85.00,85.0000,true,1,4610
7290004731076,false,אל סבון אלוורה כיף 1 ל',טרופיקל דגיל תעשיות,IL,כיף 1 ליטר אלוורה,ליטרים,1.00,ליטר,false,1,15.90,15.9000,true,1,9590
7290004731083,false,כיף - סבון ידיים ג'ינסנג 1 ליטר,טרופיקל דגיל תעשיות,IL,כיף 1 ליטר ג'נסינג,ליטרים,1.00,ליטר,false,1,15.90,15.9000,true,1,122258
7290004731410,false,סנו סושי כרית קרצוף ירוק שלישיה,קריות זול,IL,כרית קרצוף סנו סושי ירוק שלישייה,יחידה,0.00,יחידה,false,1,9.90,0.0000,true,1,11531
7290004731472,false,"אל סבון צבעוני כיף שלישיה* 500 מ""ל",טרופיקל דגיל תעשיות,IL,כיף שלישיה צבעוני,ליטרים,1.50,ליטר,false,1,18.90,12.6000,true,1,122259
7290004731564,false,"סנו - מקסימה מרסס למייבש כביסה פריחה כחולה 750 מ""ל",סנו,IL,מבשם ומרכך כביסה למייבש BLUE BLOSSOM,יחידה,1.00,יחידה,false,1,18.90,18.9000,true,1,129513
7290004731670,false,"סנו דואופרש פצ'ולי לבנדר 300 מ""ל","סנו מפעלי ברונוס בע""",IL,מבשם אוויר דואופרש לבנדר ופצ'ולי 300 מל,מיליליטרים,300.00,"100 מ""ל",false,1,11.90,3.9667,true,1,122589
7290004731984,false,משחת שיניים go white אורביטול 145 גר',קוסמופארם,IL,אורביטול משחת שיניים גו וויט 145 גרם,גרמים,145.00,100 גרם,false,1,15.90,10.9655,true,1,26359
7290004737900,false,וילי פוד חלב מרוכז ממותק397ג,יו.איי.בי מאריג'אמפו,LT,חלב מרוכז הולנדי ויליפוד 397 גרם,גרמים,397.00,100 גרם,false,1,10.90,2.7456,true,1,120686
7290004768294,false,אמנון פילה 7-9 ללא ע,בלאדי,IL,אמנון פילה 7-9 ללא עור בוואקום הדייג,קילוגרמים,1.00,"ק""ג",true,,36.00,36.0000,true,1,35509
7290004861025,false,בולגרית מעודנת 5%,מחלבת המושבה,IL,בולגרית מעודנת 5%,קילוגרמים,1.00,"ק""ג",true,,55.00,55.0000,true,1,1824
7290004861063,false,גבינת קש 9% המושבה,מחלבת המושבה,IL,גבינה קאש 9%,קילוגרמים,1.00,"ק""ג",true,,55.00,55.0000,true,1,1825
7290004861261,false,טוברוק בטעמים 9%,מחלבת המושבה,IL,טוברוק בטעמים 9%,קילוגרמים,1.00,"ק""ג",true,,39.00,39.0000,true,1,1829
7290004861285,false,טוברוק טבעי 9%,מחלבת המושבה,IL,טוברוק טבעי 9%,קילוגרמים,1.00,"ק""ג",true,,37.00,37.0000,true,1,1830
7290004861315,false,לאבנה 5% המושבה,מחלבת המושבה,IL,לאבנה 5%,קילוגרמים,1.00,"ק""ג",true,,43.00,43.0000,true,1,1827
7290004861520,false,קרם שמנת 5% המושבה,מחלבת המושבה,IL,גבינת קרם שמנת 5%,קילוגרמים,1.00,"ק""ג",true,,37.00,37.0000,true,1,2623
7290004943301,false,ברוקולי מילוטל 800,משק ויילר,IL,ברוקולי מילוטל 800גרם,גרמים,800.00,100 גרם,false,1,12.90,1.6125,true,1,37514
7290004943806,false,כרובית מילוטל 800ג,משק ויילר,IL,כרובית מילוטל 800גרם,גרמים,800.00,100 גרם,false,1,12.90,1.6125,true,1,37498
7290004952075,false,חלווה משומשום מלא או,אחדות,IL,חלבה משומשום מלא אורגני,גרמים,300.00,100 גרם,false,1,21.90,7.3000,true,1,123029
7290004952136,false,קמח כוסמין מלא הרדוף,טחנת קמח יפו,IL,קמח כוסמין מלא,קילוגרמים,1.00,"ק""ג",false,1,24.90,24.9000,true,1,11566
7290004952778,false,טופו אורגני הרדוף 30,כפר בריא בעמ,IL,טופו אורגני 300 גרם הרדוף,גרמים,300.00,100 גרם,false,1,17.90,5.9667,true,1,122050
7290004952785,false,פריכיות דקות מאורז מ,פרח תעשיות,IL,"פריכיות דקות, מאורז חום מלא אורגני וכוסמת אורגנית",גרמים,100.00,100 גרם,false,1,13.90,13.9000,true,1,123050
7290004952792,false,פריכיות דקות מאורז מ,פרח תעשיות,IL,"פריכיות דקות, מאורז חום מלא אורגני",גרמים,100.00,100 גרם,false,1,13.90,13.9000,true,1,123051
7290004982393,false,גבינה ברס בלו במשקל1,ברס,,גבינה ברס בלו במשקל1 קג .,קילוגרמים,1.00,"ק""ג",true,,175.00,175.0000,true,1,120730
7290005008184,false,"פלמוליב - תחליב רחצה נטורלס שקדים 500 מ""ל",הנסיך- מפעל לייצור ט,TR,"סבון פלמוליב נוזלי שקדים 500 מ""ל",מיליליטרים,500.00,"100 מ""ל",false,1,19.90,3.9800,true,1,120739
7290005008191,false,"פלמוליב סבון נוזלי בניחוח ארומה סגול, 500 מ""ל",הנסיך- מפעל לייצור ט,TR,500 מל סבון נוזלי פלמוליב so relaxed,מיליליטרים,500.00,"100 מ""ל",false,1,19.90,3.9800,true,1,120740
7290005020162,false,ויסקי בלנטיין בקבוק,פרנו,,וויסקי סקוטי בלנטייס פיינסט,מיליליטרים,700.00,"100 מ""ל",false,1,99.90,14.2714,true,1,313
7290005020346,false,בקרדי קרטה בלנקה סופ,תאגיד בקרדי,US,"בקרדי לבן 750 מ""ל",מיליליטרים,750.00,"100 מ""ל",false,1,119.90,15.9867,true,1,122198
7290005041129,false,מעדני הטלה קבב גמבו,לאטי עזרא גלם ודגים,,"קבב ג""מבו מזרחי 1 ק""ג",לא מנהל יחידת מידה,0.00,לא מנהל יחידת מידה,false,1,49.90,0.0000,true,1,125679
7290005041136,false,"קבב גמבו רומני 1 ק""ג",מעדני הטלה,,"קבב ג""מבו רומני 1 ק""ג",לא מנהל יחידת מידה,0.00,לא מנהל יחידת מידה,false,1,49.90,0.0000,true,1,125681
7290005041167,false,קבב גמבו עגל וכבש 1,מעדני הטלה,,"קבב עגל וכבש 1 ק""ג",קילוגרמים,1.00,"ק""ג",false,1,49.90,49.9000,true,1,125684
7290005041198,false,"קבב ביתי 1ק""ג",לאטי עזרא גלם ודגים,,"קבב ביתי 1 ק""ג",לא מנהל יחידת מידה,0.00,לא מנהל יחידת מידה,false,1,49.90,0.0000,true,1,125680
7290005041402,false,שיפודי שוארמה פרגית,יושלם,,שיפודי פרגיות מעדני הטלה 600 גר,גרמים,600.00,100 גרם,false,1,59.90,9.9833,true,1,10571
7290005045804,false,פנסי פיסט פיורלי טו,פורינה,US,פנסי פיסט פיורלי טונגול טונה,גרמים,85.00,100 גרם,false,1,5.90,6.9412,true,1,37110
7290005068621,false,ברוקולי קפוא פרי גליל 800ג',"פרי הגליל בע""""מ",IL,פרי הגליל ברוקולי 800 גרם,גרמים,800.00,100 גרם,false,1,16.90,2.1125,true,1,121931
7290005084355,false,"סנסודיין - משחת שיניים דואל קר זהב 75 מ""ל",גלקסו סמית קליין,GB,סנסודיין משחת שיניים הגנה כפולה 75 מל,מיליליטרים,75.00,"100 מ""ל",false,1,21.90,29.2000,true,1,120772
7290005113222,false,זיתים קוקטייל וגמבה יבנה 350ג',קדבורי,IL,קבוצת יבנה מיקס זיתים 560 גרם,גרמים,540.00,100 גרם,false,1,10.90,2.0185,true,1,123378
7290005158162,false,מקלוני כוסמין וכורכו,דגן,IL,מקלוני כוסמין וכורכום דגן 200 גרם,גרמים,200.00,100 גרם,false,1,26.90,13.4500,true,1,27019
7290005158407,false,עוגיות טחינה ואגוזים,פרוטרופיק סיה.,IL,עוגיות טחינה ואגוזים מכוסמין 300 גרם,גרמים,300.00,100 גרם,false,1,33.90,11.3000,true,1,30552
7290005169939,false,תה טיבטי נענע-סודות,,IL,תה טיבטי נענע-סודות 225גרם,גרמים,225.00,100 גרם,false,1,49.90,22.1778,true,1,121932
7290005174513,false,חציל במיונז 500 ג' אחלה,מיוצר עי קונדיטוריית,IL,חצילים במיונז 500 ג,גרמים,500.00,100 גרם,false,1,16.90,3.3800,true,1,120774
7290005174551,false,סלט חומוס עם צנוברים 125 ג' אחלה,מיוצר עי קונדיטוריית,IL,סלט חומוס יום יום 125 גרם,גרמים,125.00,100 גרם,false,1,5.50,4.4000,true,1,120775
7290005174568,false,חציל אחלה במיונז 125 גר',"שטראוס גרופ בע""מ",IL,חציל במיונז 125 גרם,גרמים,125.00,100 גרם,false,1,5.50,4.4000,true,1,120776
7290005174575,false,טחינה אחלה יום יום משובחת 125ג',מיוצר עי קונדיטוריית,IL,סלט טחינה יום יום 125 גרם,גרמים,125.00,100 גרם,false,1,5.50,4.4000,true,1,120777
7290005175589,false,וילי פוד קמח תירס ללא גלוטן 1קג,קריות זול,AR,"קמח תירס 1 ק""ג",קילוגרמים,1.00,"ק""ג",false,1,9.90,9.9000,true,1,120780
7290005200786,false,תפוצ'יפס שמנת ובצל 50 גרם,"שטראוס פריטו ליי בע""",IL,תפו שמנת בצל 50 גר 48 יח - שמיטה,גרמים,50.00,100 גרם,false,1,3.90,7.8000,true,1,120790
7290005201882,false,קפה טורקי קלוי וטחון,הנסיך- מפעל לייצור ט,IL,קפה טורקי 200 גרם,גרמים,200.00,100 גרם,false,1,15.90,7.9500,true,1,120800
7290005270000,false,עלי סיגר מרוקאי 500,חמים וטעים,IL,"עלים לסיגר 500 גר ""חמים וטעים",גרמים,500.00,100 גרם,false,1,14.90,2.9800,true,1,122480
7290005271410,false,ביצים L ארוזות 12 י,גליקסמן שיווק ביצים,,ביצים L ארוזות 12 יחידות,לא מנהל יחידת מידה,0.00,לא מנהל יחידת מידה,false,1,12.05,0.0000,true,1,17738
7290005271427,false,ביצים M ארוזות 12 י,גליקסמן שיווק ביצים,,ביצים M ארוזות 12 יחידות,לא מנהל יחידת מידה,0.00,לא מנהל יחידת מידה,false,1,11.15,0.0000,true,1,17739
7290005271458,false,ביצים אורגניות 12 יח,גליקסמן שיווק ביצים,,ביצים L אורגניות 12 יחידות,לא מנהל יחידת מידה,0.00,לא מנהל יחידת מידה,false,1,24.90,0.0000,true,1,24536
7290005271465,false,ביצים מידיום אורגני 12 יח',גליקסמן שיווק ביצים,,ביצים M אורגניות 12 יחידות,לא מנהל יחידת מידה,0.00,לא מנהל יחידת מידה,false,1,23.90,0.0000,true,1,26388
7290005271632,false,ביצים אומגה 3 לבן 30,,,ביצים אומגה 3 לבן 30 יחידות L,Unknown,0.00,Unknown,false,1,46.90,0.0000,true,1,27024
7290005271656,false,ביצים אומגה 3 לבן 20,גליקסמן שיווק ביצים,IL,ביצי אומגה 3 1/20 XL,יחידה,1.00,יחידה,false,1,34.90,34.9000,true,1,26499
7290005271687,false,ביצים אומגה 3 לארג' 12 יח',גליקסמן שיווק ביצים,,ביצים L אומגה 3 לבן 12 יחידות,יחידה,1.00,יחידה,false,1,20.90,20.9000,true,1,26392
7290005271755,false,תבנית ביצים L חופש 12יחי,גליקסמן שיווק ביצים,,ביצים L חופש 12 יחידות,לא מנהל יחידת מידה,0.00,לא מנהל יחידת מידה,false,1,20.90,0.0000,true,1,24573
7290005271762,false,ביצים חופש מידיום 12 יח',גליקסמן שיווק ביצים,,ביצים חופש M בינוני 12 יחידות,לא מנהל יחידת מידה,0.00,לא מנהל יחידת מידה,false,1,19.90,0.0000,true,1,26393
7290005271779,false,ביצים L ארוזות 30 יח,גליקסמן שיווק ביצים,,ביצים L ארוזות 30 יחידות,מיליליטרים,0.00,"100 מ""ל",false,1,30.10,0.0000,true,1,26397
7290005271786,false,ביצים רגילות 1/30 M,גליקסמן שיווק ביצים,IL,ביצים רגילות 1/30 M,יחידה,1.00,יחידה,false,1,27.80,27.8000,true,1,26498
7290005287510,false,טונה בשמן עם בפלפל חריף 160 ג' סטארקיסט,תאי יוניון גרופ,TH,ס.ק עם פלפל חריף 160 גרם,גרמים,160.00,100 גרם,false,1,8.90,5.5625,true,1,123096
7290005287527,false,טונה בשמן עם לימון 160 ג' סטארקיסט,תאי יוניון גרופ,TH,ס.ק בטעם לימון 160גרם,גרמים,160.00,100 גרם,false,1,8.90,5.5625,true,1,123097
7290005287534,false,טונה בשמן עישון טבעי 160 ג' סטארקיסט,תאי יוניון גרופ,TH,סטארקיסט טונה בשמן בטעם מעושן,גרמים,160.00,100 גרם,false,1,8.90,5.5625,true,1,123098
7290005296246,false,"פותח סתימות דריין אאוט 946 מ""ל יעקבי",יוליניבר,US,יעקבי פותח סתימות בצנרת ניקוז 946 מל,מיליליטרים,946.00,"100 מ""ל",false,1,23.90,2.5264,true,1,123316
7290005296260,false,"אסטוניש ספריי רסס ונגב לניקוי כללי 750 מ""ל",אסטוניש Astonish,GB,יעקבי אסטוניש ספריי ניקוי נגב 750 מל,מיליליטרים,750.00,"100 מ""ל",false,1,15.90,2.1200,true,1,121686
7290005296857,false,"פוליבוי מרסס לכל סוגי הרהיטים 500 מ""ל",דרמרס DRAMERS,PL,יעקבי הפי ספריי מנקה ומבריק רהיטים 300 מל,מיליליטרים,300.00,"100 מ""ל",false,1,19.90,6.6333,true,1,121584
7290005326585,false,ממרח אוליביה פסטו בזיליקום 180 ג',"אוליביה גורמה בע""מ",IL,פסטו בזיליקום אוליביה180גרם,גרמים,180.00,100 גרם,false,1,12.90,7.1667,true,1,9975
7290005380600,false,פד דבק סטרילי 5*7 סמ,פארמה פלסט,EG,פד דבק סטרילי 5*7 סמ 10יח,לא מנהל יחידת מידה,0.00,לא מנהל יחידת מידה,false,1,8.90,0.0000,true,1,34175
7290005381027,false,פלסטרים שקוף/חום 100 יח',פארמה פלסט,EG,פלסטר און F 100 שקוף,לא מנהל יחידת מידה,0.00,לא מנהל יחידת מידה,false,1,9.90,0.0000,true,1,34173
7290005384851,false,וילי פוד מיץ לימון בדץ 200מל,קריות זול,IT,"מיץ לימון 200 מ""ל",מיליליטרים,200.00,"100 מ""ל",false,1,5.90,2.9500,true,1,18598
7290005384899,false,בסיגנון פטה ים תיכונ,יושלם,DK,בסגנון פטה 21% לקג ויליפוד,קילוגרמים,1.00,"ק""ג",true,,33.00,33.0000,true,1,120845
7290005418709,false,"נטורל קרם לחות לקיבוע תלתלים גלי 400 מ""ל",מיוצר עי אמיליה קוסמ,IL,"קרם לחות במרקם ג""ל לקיבוע GO C",מיליליטרים,400.00,"100 מ""ל",false,1,22.90,5.7250,true,1,120851
7290005423055,false,פורטה פלוס לניקוי מתז בניחוח לימון 1 ליטר,"סנו מפעלי ברונוס בע""",IL,סנו פורטה פלוס נוזל מרוכז XL ניחוח לימון 1 ליטר,לא מנהל יחידת מידה,0.00,לא מנהל יחידת מידה,false,1,17.90,0.0000,true,1,13242
7290005423253,false,"סנו - מקסימה מרסס למייבש כביסה אולטרה פרש 750 מ""ל","סנו מפעלי ברונוס בע""",IL,"מרסס למייבש כביסה מקסימה כחול 750 מ""ל",מיליליטרים,750.00,"100 מ""ל",false,1,18.90,2.5200,true,1,120854
7290005423499,false,"סנו נירוסטה אירוסול 500 מ""ל",מיוצר עי קונדיטוריית,IL,נירוסטה - לניקוי והברקה של משטחי נירוסטה,מיליליטרים,500.00,"100 מ""ל",false,1,21.70,4.3400,true,1,11513
7290005423567,false,מטליות לניקוי כללי בגליל 40 יח' סנו סושי,אסותא תעשיות אלבד בע,IL,סנו סושי - 40 מטליות לניקוי כללי בגליל,לא מנהל יחידת מידה,0.00,לא מנהל יחידת מידה,false,1,23.90,0.0000,true,1,120857
7290005423635,false,ריצפז נוזל לניקוי רצפות דוחה חרקים 2 ל',מיוצר עי קונדיטוריית,IL,סנו ריצפז פלוס,ליטרים,2.00,ליטר,false,1,22.90,11.4500,true,1,120858
7290005423734,false,סנו - מקסימה מרכך כביסה אולטרה פרש 4 ליטר,"סנו מפעלי ברונוס בע""",IL,מרכך 4 ליטר,ליטרים,4.00,ליטר,false,1,22.90,5.7250,true,1,120859
7290005423833,false,סנו פוליויקס פרקט 2 ליטר,"סנו מפעלי ברונוס בע""",IL,סנו פוליויקס מנקה מבריק פרקט 2 ליטר,ליטרים,2.00,ליטר,false,1,22.90,11.4500,true,1,120860
7290005423888,false,אלסבון כיף שלישיה מעורב,טרופיקל דגיל תעשיות,IL,כיף שלישיה אל סבון מעורב,ליטרים,1.50,ליטר,false,1,18.90,12.6000,true,1,9531
7290005423918,false,סנו - מקסימה מרכך כביסה היפואלרגני אלוורה 4 ליטר,קריות זול,IL,מרכך 4 ליטר,ליטרים,4.00,ליטר,false,1,22.90,5.7250,true,1,121585
7290005424113,false,מטליות רצפה 4 יח' סנו סושי,עופרטקס,IL,"מטלית רצפה סנו סושי 4 יח """,Unknown,0.00,Unknown,false,1,13.10,0.0000,true,1,9532
7290005424311,false,קוטל חרקים זוחלים ומ,מיוצר עי קונדיטוריית,IL,משמיד חרקים סנו Kרב קוטל500 מל,מיליליטרים,500.00,"100 מ""ל",false,1,23.90,4.7800,true,1,120862
7290005424403,false,"אל סבון כיף אצות ים קטיפתי 1ליטר,",טרופיקל דגיל תעשיות,IL,כיף אל סבון קטיפתי מועשר בלחות 1 ליטר,ליטרים,1.00,ליטר,false,1,15.90,15.9000,true,1,9533
7290005424762,false,נוזל רצפות ריצפז ווקס דוחה חרקים 2 ליטר,"סנו מפעלי ברונוס בע""",IL,סנו ריצפז פלוס ווקס 2 ליטר,ליטרים,2.00,ליטר,false,1,31.60,15.8000,true,1,122195
7290005424847,false,מפיות סנו סושי לבן לאירוח 150יח',מיוצר עי קונדיטוריית,TR,מפיות נייר סנו סושי 150 יח,Unknown,0.00,Unknown,false,1,9.90,0.0000,true,1,120863
7290005425073,false,"סנו דואופרש יסמין עץ סאנדלווד 300 מ""ל","סנו מפעלי ברונוס בע""",IL,דואופרש אפרס,מיליליטרים,300.00,"100 מ""ל",false,1,11.90,3.9667,true,1,120865
7290005425127,false,"חיטוי משטחים 99.9% מתז לשומנים ואבנית 750 מ""ל","סנו מפעלי ברונוס בע""",IL,סנו מחטא ומשמיד חיידקים עוצמתי 750 מל,לא מנהל יחידת מידה,0.00,לא מנהל יחידת מידה,false,1,16.90,0.0000,true,1,13244
7290005425196,false,"סנו לכביסה מקסימה סנסיטיב 2.5 ק""ג",מיוצר עי קונדיטוריית,IL,אבקת כביסה מרוכזת SENSITIVE,קילוגרמים,2.50,"ק""ג",false,1,28.90,11.5600,true,1,120867
7290005425202,false,"מקסימה לכביסה ביו 2.5 ק""ג","סנו מפעלי ברונוס בע""",IL,2.5 מקסימה ביו,קילוגרמים,2.50,"ק""ג",false,1,28.90,11.5600,true,1,121586
7290005425646,false,סנו קליר ספריי אקדח לניקוי והברקת חלונות 1ל',"סנו מפעלי ברונוס בע""",IL,סנוקליר חלונות 1 ליטר,ליטרים,1.00,ליטר,false,1,11.90,11.9000,true,1,120868
7290005425714,false,לשטיחים סנופלוס ספרי,"איי, בי, אינבוו",IL,"סנו שמפו שטיחים פלוס, דוחה קרדית אבק הבית 500 גרם",מיליליטרים,600.00,"100 מ""ל",false,1,26.60,4.4333,true,1,120869
7290005426193,false,ספוג הפלא אריזת סנו 6יח',טרופיקל דגיל תעשיות,IL,סנו סושי ספוג הפלא,Unknown,0.00,Unknown,false,1,12.90,0.0000,true,1,9567
7290005426230,false,מטלית הפלא לרצפה מיקרופייבר סנו 1יח',קריות זול,IL,מטלית הפלא לרצפה סנו סושי,Unknown,0.00,Unknown,false,1,11.90,0.0000,true,1,120871
7290005426629,false,"סנו דואופרש אורן לוטוס ופרחי מים ודובדבן, 300 מ""ל",סנו,IL,מ.אויר דואופרש לוטוס ופרחי מים,מיליליטרים,300.00,"100 מ""ל",false,1,11.90,3.9667,true,1,9538
7290005427107,false,סנו - סושי מגבות נייר הפלא 6 יחידות,מיוצר עי קונדיטוריית,IL,"סנו סושי 6 מגבות הפלא, 700 גרם",מטרים,6350.00,מטר,false,1,12.90,0.0020,true,1,121903
7290005427619,false,"כיף גל לשיער לשיער קוצים 1ק""ג",גוד פוד פרודקטס S.p,IL,כיף - ג'ל לעיצוב שיער קוצים ירוק,ליטרים,1.00,ליטר,false,1,22.90,22.9000,true,1,28620
7290005427626,false,"כיף גל לשיער למראה רטוב 1 ק""ג",קוסמופארם בעמ,IL,כיף - extreme gel - גל לעיצוב השיער,ליטרים,1.00,ליטר,false,1,22.90,22.9000,true,1,28621
7290005428845,false,מפיות אירוח איכותיות,"חי מוצרי נייר בע""מ",IL,סנו סופט מפיות 100 יח צבעוני,מיליליטרים,750.00,"100 מ""ל",false,1,9.90,1.3200,true,1,9570
7290005428852,false,ממחטות טישו צבעוניים סנו סופט 5 יח' *100דף,ישרפייפר,IL,מגבוני טישו צבעוני סנו סופט 1/5,יחידה,1.00,יחידה,false,1,15.90,15.9000,true,1,10311
7290005429286,false,"אבקת כביסה מקסימה ביו 6 ק""ג סנו",סנו,IL,"אבק.כביסה מקסימה ביו 6 ק""ג",קילוגרמים,6.00,"ק""ג",false,1,49.90,8.3167,true,1,9601
7290005430480,false,מטלית הפלא מיקרופייבר סנו סושי,קריות זול,CN,מטלית הפלא סנו סושי למשטח,Unknown,0.00,Unknown,false,1,9.90,0.0000,true,1,122628
7290005430602,false,"סנו - אוקסיג'ן מרסס מסיר כתמים 750 מ""ל","סנו מפעלי ברונוס בע""",IL,"מסיר כתמים אוקסיג""ן מרסס 750 מ""ל",מיליליטרים,750.00,"100 מ""ל",false,1,18.90,2.5200,true,1,120876
7290005430671,false,סנו פוליווקס קרמיקה 2ל',סנו מפעלי ברונו בעמ,IL,ניקוי רצפות קרמיקה,ליטרים,2.00,ליטר,false,1,22.90,11.4500,true,1,120878
7290005430961,false,סנו - מקסימה בד גארד נוזל 1 ליטר,יושלם,,בד-גרד נוזל לכביסה ביד 1 ליטר,ליטרים,1.00,ליטר,false,1,16.90,16.9000,true,1,10305
7290005431159,false,תותים בקצפת לייט 80 ג' עדן,עדן קינוחים,IL,תותים בקצפת לייט עדן 80 גרם,גרמים,80.00,100 גרם,false,1,7.20,9.0000,true,1,33704
7290005431883,false,קינוח מלבי חלבי עדן,עדן קינוחים Eden,IL,עדן מלבי 165 גרם,גרמים,165.00,100 גרם,false,1,7.20,4.3636,true,1,22039
7290005431890,false,קינוח בוואריה עדן 95,לחמנו,IL,עדן בוואריה 95 גרם,גרמים,95.00,100 גרם,false,1,7.20,7.5789,true,1,22043
7290005431906,false,קינוח קדאיף עדן 82 ג,עדן קינוחים Eden,IL,קדאיף 82 גרם,גרמים,82.00,100 גרם,false,1,7.20,8.7805,true,1,22042
7290005431913,false,עוגת גבינה פירורים 92 גרם.,עדן קינוחים Eden,IL,עוגת גבינה פירורים 92 גרם,גרמים,92.00,100 גרם,false,1,7.20,7.8261,true,1,22040
7290005431920,false,עוגת גבינה פירורים ללא תוספת סוכר,עדן קינוחים Eden,IL,עוגת גבינה פירורים לייט 78 גרם,גרמים,78.00,100 גרם,false,1,7.20,9.2308,true,1,22041
7290005431937,false,קינוח טירמיסו עדן 82,עדן קינוחים Eden,IL,טירמיסו 82 גרם,גרמים,82.00,100 גרם,false,1,7.20,8.7805,true,1,22038
7290005431968,false,מלבי שמנת עדן קינוחי,עדן קינוחים Eden,IL,מלבי שמנת 150גרם,גרמים,150.00,100 גרם,false,1,8.20,5.4667,true,1,25986
7290005477669,false,דרמפון-סבון נוזלי מועשר בלחות,אמיליה קוסמטיקס,IL,דרמפון-ס.נוזלי מועשר לחות,ליטרים,1.00,ליטר,false,1,19.70,19.7000,true,1,120879
7290005505393,false,דלעת מקולפת,אוליבלס SA,,דלעת מקולפת,קילוגרמים,1.00,"ק""ג",true,,50.00,50.0000,true,1,21316
7290005509445,false,מיני קוקיס בטעם חמאה 600 גר',כרמית תעשיות ממתקים,IL,עוג.מיני קוקיס חמאה 600 גרם,גרמים,600.00,100 גרם,false,1,23.90,3.9833,true,1,121587
7290005559587,false,מאפה נקניקיה בבצק מעדנות 800ג',מיוצר עי קונדיטוריית,IL,מאפה נקניקיה 800 גרם,גרמים,800.00,100 גרם,false,1,33.60,4.2000,true,1,120904
7290005559709,false,בורקס פיצה מעדנות 700 ג',"מעדנות בע""מ",IL,בורקס פיצה מעדנות 700 גרם,גרמים,700.00,100 גרם,false,1,25.90,3.7000,true,1,120905
7290005559907,false,פיצה משפחתית גבינה 500 ג' מעדנות,מיוצר עי קונדיטוריית,IL,פיצה משפחתית גבינה מעדנות 500גרם,גרמים,500.00,100 גרם,false,1,25.90,5.1800,true,1,120907
7290005559914,false,פיצה משפחתית זיתים 550 ג' מעדנות,מיוצר עי קונדיטוריית,IL,פיצה משפחתית זיתים 550 גרם,גרמים,550.00,100 גרם,false,1,27.90,5.0727,true,1,120908
7290005559990,false,בצק פילאס תורכי מעדנות 600 גרם,מיוצר עי קונדיטוריית,IL,בצק פילאס תורכי 600 גרם,גרמים,600.00,100 גרם,false,1,22.90,3.8167,true,1,120910
7290005589492,false,חטיף שלווה דבש 200ג.,מפעלי דגן,,שלווה דבש 200 גרם,גרמים,200.00,100 גרם,false,1,6.90,3.4500,true,1,125303
7290005589744,true,דגן פיצפוצי אורז דבש,,,דגן פיצפוצי אורז דבש,Unknown,0.00,Unknown,false,1,8.90,0.0000,true,1,1527
7290005591761,false,דבש טהור מפרחי בר בלחיץ 400 ג' יד מרדכי,מכוורת יד מרדכי שטרא,IL,דבש טהור לחיץ 400 גרם,גרמים,400.00,100 גרם,false,1,24.90,6.2250,true,1,120913
7290005610509,false,צנוניות ארוזות דוד מ,חקלאי,IL,צנונית בייבי ארוז,לא מנהל יחידת מידה,0.00,לא מנהל יחידת מידה,false,1,6.90,0.0000,true,1,2580
7290005651069,false,"לה קט מיקס 2.85 ק""ג",קריות זול,FR,לה קט מיקס 2.85 קג,קילוגרמים,2.85,"ק""ג",false,1,59.90,21.0175,true,1,122219
7290005680052,false,או-בה טמפון קלאסי סופר פלוס 32יח',גונסון אנד גונסון,GR,טמפוני O.B סופר פלוס 32 יח,יחידה,32.00,יחידה,false,1,24.90,0.7781,true,1,120921
7290005684418,false,לחם כוסמין אורגני 700 ג',המאפיה של הרמן,IL,לחם כוסמין מלא אורגני 700 גרם,גרמים,700.00,100 גרם,false,1,14.90,2.1286,true,1,126772
7290005684487,false,לחמניות כוסמין מקמח 6*70גר,המאפיה של הרמן,IL,"לחמניות כוסמין 6 יחידות, 420 גרם",גרמים,420.00,100 גרם,false,1,12.90,3.0714,true,1,10945
7290005684579,false,לחם מחמצת כוסמין 700 ג',מאפית ברמן,IL,לחפ מחמצת כוסמין,גרמים,700.00,100 גרם,false,1,16.90,2.4143,true,1,30430
7290005686405,false,בננה ציפס מסוכרת 200,"דין שיווק וקליה בע""מ",,בננה ציפס מסוכרת 200 גרם,גרמים,200.00,100 גרם,false,1,7.90,3.9500,true,1,17546
7290005697210,false,סנט מור,גלילי,,סנט מור,קילוגרמים,1.00,"ק""ג",true,,199.00,199.0000,true,1,14265
7290005697272,false,גבינת תום מונפורט עי,גלילי,,גבינת תום מונפורט עיזים,קילוגרמים,1.00,"ק""ג",true,,199.00,199.0000,true,1,11575
7290005697289,false,גבינת מורבייה עיזים,גלילי,,גבינת מורבייה עיזים,קילוגרמים,1.00,"ק""ג",true,,199.00,199.0000,true,1,10482
7290005697296,false,גבינת תום בורדו עיזי,גלילי,,גבינת תום בורדו עיזים,קילוגרמים,1.00,"ק""ג",true,,219.00,219.0000,true,1,11576
7290005697326,false,גבינת פיקורינו,גלילי,,גבינת פיקורינו,קילוגרמים,1.00,"ק""ג",true,,197.90,197.9000,true,1,10483
7290005697333,false,גבינת קממבר עיזים,גלילי,,גבינת קממבר עיזים,קילוגרמים,1.00,"ק""ג",true,,175.00,175.0000,true,1,11578
7290005697371,false,גבינת קממבר כמהין,גלילי,,גבינת קממבר כמהין,קילוגרמים,1.00,"ק""ג",true,,199.00,199.0000,true,1,10485
7290005697388,false,גבינת קממבר גלילי,גלילי,,גבינת קממבר גלילי,קילוגרמים,1.00,"ק""ג",true,,140.00,140.0000,true,1,10486
7290005697395,false,גבינת ברי גלילי,גלילי,,גבינת ברי גלילי,קילוגרמים,1.00,"ק""ג",true,,136.90,136.9000,true,1,10487
7290005697517,false,יוגורט עיזים טבעי בי,גלילי,,"יוגורט עיזים טבעי ביו 500 מ""ל",מיליליטרים,500.00,"100 מ""ל",false,1,16.90,3.3800,true,1,11589
7290005697524,false,יוגורט עיזים תמרים ב,גלילי,,"יוגורט עיזים תמרים ביו 500 מ""ל",מיליליטרים,500.00,"100 מ""ל",false,1,17.50,3.5000,true,1,11591
7290005697531,false,יוגורט עיזים תות ביו,גלילי,,"יוגורט עיזים תות ביו 500 מ""ל",מיליליטרים,500.00,"100 מ""ל",false,1,17.50,3.5000,true,1,11590
7290005697531,false,יוגורט עיזים תות ביו,גלילי,,"יוגורט עיזים תות ביו 500 מ""ל",מיליליטרים,500.00,"100 מ""ל",false,1,17.90,3.5800,true,1,11597
7290005697548,false,יוגורט עיזים פירות י,גלילי,,"יוגורט עיזים פירות יער ביו 500 מ""ל",מיליליטרים,500.00,"100 מ""ל",false,1,17.90,3.5800,true,1,11596
7290005811111,false,בייגלה מקמח כוסמין ע,"אם החיטה בע""מ",IL,בייגלה מקמח כוסמין עם מלח 300 גרם,גרמים,300.00,100 גרם,false,1,17.90,5.9667,true,1,21379
7290005838002,false,מעדן גבינה ויוגורט בטעם וניל 88 ג' דניאלה,"שטראוס בריאות בע""מ",IL,דניאלה וניל,גרמים,88.00,100 גרם,false,1,4.40,5.0000,true,1,120954
7290005838613,false,שטראוס גבינת וניל 3% 125ג,"שטראוס בריאות בע""מ",IL,סקי וניל 125 גרם,גרמים,125.00,100 גרם,false,1,3.90,3.1200,true,1,120955
7290005839078,false,"דנונה יוגורט ביו 3% לבן מארז 150X8מ""ל",מיוצר עי קונדיטוריית,IL,מארז 8 חסכון - ביו 3% 150 גרם,קילוגרמים,1.20,"ק""ג",false,1,17.60,14.6667,true,1,120957
7290005839108,false,סימפוניה 5% עם זיתים 200 ג' שטראוס,"שטראוס בריאות בע""מ",IL,סימפוניה 5% עם זתים,גרמים,200.00,100 גרם,false,1,11.90,5.9500,true,1,120958
7290005839313,false,"מילקי טופ שוקולד מגולגל 170 מ""ל",מיוצר עי קונדיטוריית,IL,מילקי טופ מגולגלת 140 גרם,גרמים,140.00,100 גרם,false,1,4.90,3.5000,true,1,120959
7290005869648,false,קרם רב שימושי רימון,ש.שוורץ,,קרם רב שימושי רימונים 500 סמק,מיליליטרים,500.00,"100 מ""ל",false,1,34.90,6.9800,true,1,122785
7290005870460,false,"שמפו רימונים 750 מ""ל שיער רגיל",ש.שוורץ,IL,שמפו רימונים לשיער רגיל 750 מ,מיליליטרים,750.00,"100 מ""ל",false,1,21.90,2.9200,true,1,122976
7290005870491,false,מרכך רימונים,ש.שוורץ,,מרכך רימונים 750 מל,מיליליטרים,750.00,"100 מ""ל",false,1,21.90,2.9200,true,1,122977
7290005896415,false,"בירה איגל פחית ירוק 500מ""ל","טמפו משקאות בע""מ",IL,"איגל ירוק 500 מ""ל פחית 24 יח'",מיליליטרים,500.00,"100 מ""ל",false,1,6.90,1.3800,true,1,123022
7290005896439,false,"בירה מכבי בקבוק חוזר 500 מ""ל","טמפו משקאות בע""מ",IL,"בירה מכבי, בקבוק חוזר 500 מ''ל",מיליליטרים,500.00,"100 מ""ל",false,1,6.90,1.3800,true,1,424
7290005896453,false,"בירה מכבי 7.9% בקבוק חוזר 500מ""ל",טמפו משקאות בע''מ,IL,"בירה מכבי 7.9%, בירה חזקה, בקבוק חוזר 500 מ''ל",מיליליטרים,500.00,"100 מ""ל",false,1,7.90,1.5800,true,1,541
7290005896620,false,מים מוגז ' סאן בנדטו ' יחידה,אקווה מינרלה סאן בנד,IT,סאן בנדטו מוגז עדין 1.5 ליטר,ליטרים,1.50,ליטר,false,1,3.90,2.6000,true,1,121920
7290005896637,false,מים סן בנדטו בודד 1.5 ליטר,אקווה מינרלה סאן בנד,IT,סן בנדטו 1.5 ליטר,ליטרים,1.50,ליטר,false,1,3.90,2.6000,true,1,120961
7290005938238,false,ממרח צ'ימצ'ורי פרסקו 220ג' מצונן,"פרסקו חצבה 2006 בע""מ",IL,פרסקו צ'ימיצ'ורי ממרח בסגנון ארגנטינאי 220 גרם,גרמים,220.00,100 גרם,false,1,17.50,7.9545,true,1,9594
7290005938245,false,ממרח פסטו קלאסי פרסקו 220ג' מצונן,מיוצר עי פרסקו חצבה,IL,פרסקו פסטו קלאסי ממרח בזיליקום וצנובר 220 גרם,גרמים,220.00,100 גרם,false,1,19.90,9.0455,true,1,9593
7290005938627,false,ממרח עגבניות מיובשות 220ג',פרסקו חצבה 2006 בעמ,IL,פרסקו ממרח עגבניות מיובשות 220 גרם,גרמים,220.00,100 גרם,false,1,19.90,9.0455,true,1,9660
7290005951022,false,דלעת חתוכה,חקלאי,IL,דלעת ארוזה,לא מנהל יחידת מידה,0.00,לא מנהל יחידת מידה,false,1,17.90,0.0000,true,1,31507
7290005966033,false,"יין הר חרמון לבן 750 מ""ל",יקב רמת הגולן,IL,"הר חרמון יין לבן יבש 2020 750 מ""ל",מיליליטרים,750.00,"100 מ""ל",false,1,33.90,4.5200,true,1,120963
7290005992018,false,"יוגורט עיזים לשתייה 3% 500 מ""ל רובין","מיוצר ע""י קוד יצרן M",IL,"יוגורט עיזים 500 מ""ל גד",מיליליטרים,500.00,"100 מ""ל",false,1,13.90,2.7800,true,1,120969
7290005992575,false,בולגרית למריחה 5% 250 גרם - רבנות,מחלבות גד בעמ,IL,גד גבינה בולגרית מלוחה למריחה 5% שומן,גרמים,250.00,100 גרם,false,1,18.90,7.5600,true,1,120971
7290005992735,false,לאבנה 5% שומן 250 ג' גד,הנסיך- מפעל לייצור ט,IL,גבינת לאבנה 5% 250 גרם גד,גרמים,250.00,100 גרם,false,1,12.90,5.1600,true,1,120972
7290005992858,false,גבינה פטה עיזים 5% ש,יושלם,IL,פטה עזים מעודנת 5% גד,קילוגרמים,1.00,"ק""ג",true,,125.00,125.0000,true,1,9545
7290005992872,false,גבינה צפתית 5% מעודנ,מחלבות גד,IL,גבינה צפתית 5% במים במשקל,קילוגרמים,1.00,"ק""ג",true,,65.00,65.0000,true,1,120973
7290005992889,false,גד גבינת שמנת שמיר 3,מחלבות גד,IL,גבינה שמנת שום שמיר במשקל 30%,קילוגרמים,1.00,"ק""ג",true,,49.00,49.0000,true,1,2709
7290005996054,false,סרוולט הונגרי לקג,מעדני יחיעם,IL,סרוולט הונגרי לקג,קילוגרמים,1.00,"ק""ג",true,,162.90,162.9000,true,1,23408
7290005996078,false,סרוולד הונגרי יחיעם,מעדני יחיעם,IL,סלמי סרוולט הונגרי 125 ג',גרמים,125.00,100 גרם,false,1,29.90,23.9200,true,1,23407
7290005996153,false,נקניקיות צרפתיות פרימיום 280 ג',מעדני יחיעם,IL,נק' בסגנון צרפתי 280 גרם,גרמים,280.00,100 גרם,false,1,23.90,8.5357,true,1,22598
7290005996160,false,נקניקיות צ'וריסוס פרימיום 280 ג',פ.פ.ח. שאביט,IL,נק' צ'וריסו 280 גרם,גרמים,280.00,100 גרם,false,1,23.90,8.5357,true,1,22599
7290005996221,false,פסטרמה של פעם דק דק 120 גר',פ.פ.ח. שאביט,IL,פסט' של פעם דק דק 120 גרם,גרמים,120.00,100 גרם,false,1,10.90,9.0833,true,1,25451
7290005996238,false,פסטרמה בדבש דק דק 120 גר',פ.פ.ח. שאביט,IL,פסט' בדבש דק דק 120 גרם,גרמים,120.00,100 גרם,false,1,10.90,9.0833,true,1,25450
7290005996276,false,פסטרמה ברבקיו דק דק 120 גר',פ.פ.ח. שאביט,IL,פסט' ברבקיו דק דק 140גר',גרמים,120.00,100 גרם,false,1,10.90,9.0833,true,1,25452
7290005996740,false,סלמי פפרוני יחיעם 300 ג',מעדני יחיעם 1993,IL,סלמי פפרוני יחיעם 300 גרם,גרמים,300.00,100 גרם,false,1,25.90,8.6333,true,1,30486
7290005996825,false,נקניקיות פרימיום בקר,מעדני יחיעם 1993,IL,נקניקיות בקר אמריקאיות יחיעם 280גרם,גרמים,280.00,100 גרם,false,1,23.90,8.5357,true,1,30208
7290006130334,false,דנבר קאט,,,דנבר קאט,קילוגרמים,1.00,"ק""ג",true,,149.90,149.9000,true,1,26912
7290006130464,false,שיפודי אנטריקוט קפוא,,,שיפודי אנטריקוט קפוא,קילוגרמים,1.00,"ק""ג",true,,69.90,69.9000,true,1,26803
7290006130617,false,קבב אנגוס אצבעות קפו,,,קבב אנגוס אצבעות קפוא,קילוגרמים,1.00,"ק""ג",true,,49.90,49.9000,true,1,20216
7290006130631,false,מיני צוריסו,,,מיני צוריסו,קילוגרמים,1.00,"ק""ג",true,,34.90,34.9000,true,1,20329
7290006130648,false,מיני מרגז מזרחי קפוא,,,מיני מרגז מזרחי קפוא,קילוגרמים,1.00,"ק""ג",true,,34.90,34.9000,true,1,20330
7290006130808,false,שניצל עגל קפוא,,,שניצל עגל קפוא,קילוגרמים,1.00,"ק""ג",true,,69.90,69.9000,true,1,25915
7290006130815,false,מרגז חלפיניו,,,מרגז חלפיניו,קילוגרמים,1.00,"ק""ג",true,,29.90,29.9000,true,1,25960
7290006130822,false,מיני מרגז חלפיניו,,,מיני מרגז חלפיניו,קילוגרמים,1.00,"ק""ג",true,,34.90,34.9000,true,1,25961
7290006130839,false,מיני נקניקית בורוורס,,,מיני נקניקית בורוורס קפוא,קילוגרמים,1.00,"ק""ג",true,,34.90,34.9000,true,1,26120
7290006130846,false,איירון סטייק,,,איירון סטייק,קילוגרמים,1.00,"ק""ג",true,,149.90,149.9000,true,1,26296
7290006130914,false,בורגר אנטריקוט עגל,קצביית פרימיום,IL,בורגר אנטריקוט עגל,קילוגרמים,1.00,"ק""ג",true,,54.90,54.9000,true,1,36112
7290006132116,false,שיפודי ביז עגלה קפוא,קצביית פרימיום,IL,שיפודי ביז עגלה קפוא,קילוגרמים,1.00,"ק""ג",true,,29.90,29.9000,true,1,29153
7290006132178,false,שיפודי חזה עוף מתובל,קצביית פרימיום,IL,שיפודי חזה עוף מתובל,קילוגרמים,1.00,"ק""ג",true,,34.90,34.9000,true,1,35063
7290006199027,false,שלגוני גלידל שמינייה,הגלידות של פלדמן,IL,גלידל גלית תות 8,גרמים,600.00,100 גרם,false,1,36.90,6.1500,true,1,121005
7290006199218,false,גלידל מאגדת בטעם איי,הגלידות של פלדמן,IL,גלידל אייס מוקה 8,גרמים,400.00,100 גרם,false,1,36.90,9.2250,true,1,121006
7290006199942,false,מאגדת גלידל פרי דובד,הגלידות של פלדמן,IL,גלידל פרי דובדבן 8 640 גרם,גרמים,640.00,100 גרם,false,1,25.90,4.0469,true,1,123191
7290006229427,false,"סאן בנדטו מים מהאלפים מארז 500X6מ""ל",קריות זול,,"מים סן בנדטו שישייה בקבוק 500 מ""ל",ליטרים,3.00,ליטר,false,1,15.90,5.3000,true,1,121535
7290006229588,false,בירה איגל פחית זהב 500 מל',"טמפו משקאות בע""מ",IL,"איגל זהב 500 מ""ל פחית 24 יח'",מיליליטרים,500.00,"100 מ""ל",false,1,6.90,1.3800,true,1,123023
7290006241191,false,אגוזי מלך קליית גת 1,הדקלאים אגודת שיתופי,US,אגוז מלך שקית 150 גרם,גרמים,150.00,100 גרם,false,1,19.90,13.2667,true,1,123517
7290006241214,false,שקד טבעי קלית גת 200 ג',הדקלאים אגודת שיתופי,IL,שקד טבעי שקית 200 גרם,גרמים,200.00,100 גרם,false,1,21.90,10.9500,true,1,10414
7290006241504,false,"פריגת קפוא תפוזים 280 מ""ל",פריגת מצוננים,IL,"פריגת תפוזים קפוא 340 מ""ל",מיליליטרים,340.00,"100 מ""ל",false,1,14.90,4.3824,true,1,121013
7290006241511,false,"פריגת קפוא לימון נענע 280 מ""ל",היינץ צפון אמריקה מק,IL,פריגת לימונענע קפוא 340 מל .,מיליליטרים,340.00,"100 מ""ל",false,1,14.90,4.3824,true,1,121014
7290006241535,false,תרכיז מנגו קפוא פריג,היינץ צפון אמריקה מק,IL,קפוא מנגו,מיליליטרים,340.00,"100 מ""ל",false,1,14.90,4.3824,true,1,121015
7290006241689,false,לימון קפוא פריגת 340 ג',היינץ צפון אמריקה מק,IL,פריגת לימון קפוא 340 גרם,מיליליטרים,340.00,"100 מ""ל",false,1,14.90,4.3824,true,1,121016
7290006251107,false,תה ויסוצקי צ'אי מסאלה 25 יח',מולינו ניקולי s.p.a,IL,מסאלה צ'אי,גרמים,50.00,100 גרם,false,1,19.90,39.8000,true,1,121017
7290006251275,false,תה ויסוצקי ירוק סיני 25יח',קריות זול,IL,תה ירוק סיני T.T,גרמים,37.00,100 גרם,false,1,25.90,70.0000,true,1,121018
7290006251343,false,תה חליטה הגן הקסום פסיפלורה מנגו 25 שקיקים,קריות זול,IL,"מנגו-פסיפלורה ""הגן הקסום""",גרמים,62.00,100 גרם,false,1,19.90,32.0968,true,1,121019
7290006251374,false,תה ירוק לימונית וגינגר 25 שקיקים ויסוצקי,קריות זול,IL,תה ירוק לימונית וגינגר 25 שקיקים,גרמים,37.00,100 גרם,false,1,25.90,70.0000,true,1,121628
7290006251589,false,תה ירוק עם עלי נענע 50 שקיקים ויסוצקי,בית ויסוצקי,IL,חדש תה ירוק 50נענע,גרמים,75.00,100 גרם,false,1,46.90,62.5333,true,1,121020
7290006256089,false,גאטו נגרו קברנה סובי,יושלם,,יין גאטו נגרו קברנה סוביניון750מל,מיליליטרים,750.00,"100 מ""ל",false,1,36.90,4.9200,true,1,28011
7290006256102,false,יין גאטו נגרו מרלו 7,יושלם,,יין גאטו נגרו מרלו 750 מל .,מיליליטרים,750.00,"100 מ""ל",false,1,36.90,4.9200,true,1,28012
7290006265500,false,פטריות שמפיניון ארוז מרינה,"מרינה פטריות הגליל בע""מ",IL,פטריות שמפיניון יחידה,גרמים,250.00,100 גרם,false,1,10.90,4.3600,true,1,2576
7290006271174,false,ג'חנון לאפיה בתנור מעדנות 700 ג',מיוצר עי קונדיטוריית,IL,גחנון לאפיה מעדנות 700 גרם,גרמים,700.00,100 גרם,false,1,19.90,2.8429,true,1,121021
7290006271181,false,מעדנות גחנון אפוי 750 גרם,מיוצר עי קונדיטוריית,IL,"ג""חנון אפוי 750 גרם מעדנות",גרמים,750.00,100 גרם,false,1,26.90,3.5867,true,1,121022
7290006271648,false,"מיני בורקס תפו""א 800 ג' מעדנות","מעדנות בע""מ",IL,מיני בורקס תפוא מעדנות 800גרם,גרמים,800.00,100 גרם,false,1,26.90,3.3625,true,1,122262
7290006271655,false,מיני בורקס גבינה 800 ג' מעדנות,מיוצר עי קונדיטוריית,IL,מיני בורקס גבינה מעדנות 800גרם,גרמים,800.00,100 גרם,false,1,28.90,3.6125,true,1,122270
7290006272072,false,חטיפי פיצה בשקית מעדנות 650ג',"מעדנות בע""מ",IL,חטיפי פיצה מעדנות 650 גרם,גרמים,650.00,100 גרם,false,1,34.90,5.3692,true,1,1790
7290006272430,false,בצק עלים חמאה מעדנות 600 ג',מיוצר עי קונדיטוריית,IL,בצק עלים חמאה 600 גרם,גרמים,600.00,100 גרם,false,1,27.90,4.6500,true,1,123072
7290006306159,false,לזניה 4 גבינות 500 ג,פסטה נונה Pasta Nonn,IL,לזניה 4 גבינות 500 גרם,גרמים,500.00,100 גרם,false,1,40.90,8.1800,true,1,123423
7290006306296,false,רביולי במילוי גבינה לילדים 400 ג' פסטה נונה,פסטנונה רמת דלטון מר,IL,רביולי במילוי גבינה במיוחד לילדים,גרמים,400.00,100 גרם,false,1,29.90,7.4750,true,1,124504
7290006306319,false,רביולי במילוי בטטה 400 ג' פסטה נונה,דורום תעשיות מזון ופ,IL,רביולי במילוי בטטה,גרמים,400.00,100 גרם,false,1,29.90,7.4750,true,1,122429
7290006306326,false,רביולי במילוי פטריות וגבינת פרמזן פסטה נונה 400 ג',דורום תעשיות מזון ופ,IL,רביולי במילוי פטריות וגבינת פרמזן,גרמים,400.00,100 גרם,false,1,29.90,7.4750,true,1,122430
7290006306357,false,רביולי במילוי גבינת עיזים 400 ג' פסטה נונה,דורום תעשיות מזון ופ,IL,רביולי במילוי גבינת עיזים 400 גרם,גרמים,400.00,100 גרם,false,1,30.90,7.7250,true,1,122454
7290006322104,false,לחם ריחיים קל פרוס 500 ג',מאפיית דוידוביץ ובני,IL,לחם ריחיים 500 גרם,גרמים,500.00,100 גרם,false,1,9.90,1.9800,true,1,25668
7290006322838,false,לחם 100% קמח מלא 750 ג',מאפיית דוידוביץ ובני,IL,לחם 100% מלא 750 גרם,גרמים,750.00,100 גרם,false,1,10.90,1.4533,true,1,25671
7290006342065,false,בוטנים קלויים 200 ג ששון הקולה,,,בוטנים קלויים 200גרם,גרמים,200.00,100 גרם,false,1,7.90,3.9500,true,1,33439
7290006342072,false,גרעין דלעת קלוי ששון,דין שיווק,IL,גרעין לבן 200גרם,גרמים,200.00,100 גרם,false,1,10.90,5.4500,true,1,33445
7290006342447,false,גרעיני אבטיח ששון הק,דין שיווק,IL,גרעין אבטיח 200גרם,גרמים,200.00,100 גרם,false,1,15.90,7.9500,true,1,33440
7290006342515,false,מנציס 200 גרם,יושלם,,"מנצ""ס 200 גרם",גרמים,200.00,100 גרם,false,1,7.90,3.9500,true,1,33441
7290006342553,false,קבוקים עם שומשום ששו,"דין שיווק וקליה בע""מ",,קבוקים200 גר,גרמים,200.00,100 גרם,false,1,5.90,2.9500,true,1,33442
7290006342560,false,בוטנים אמריקאים מצופ,דין שיווק,IL,בוטן אמריקאי 200גרם,גרמים,200.00,100 גרם,false,1,5.90,2.9500,true,1,33420
7290006342645,false,טורטיה גדולה 840 גר' 12 יח,אלקטי קוראבייכיסיגיד,TR,עלי טורטייה גדולה 840 גרם,גרמים,840.00,100 גרם,false,1,16.90,2.0119,true,1,34032
7290006346018,false,הבולגרית של דורית 2,מונטה קרלו,,הבולגרית של דורית 250גרם,גרמים,250.00,100 גרם,false,1,30.90,12.3600,true,1,12396
7290006346025,false,ציזיקי יווני מונטה ק,קלאס פוד,IL,ציזיקי יווני מונטה קרלו 250גרם,גרמים,250.00,100 גרם,false,1,19.90,7.9600,true,1,12407
7290006346063,false,לאבנה בשמן זית וזעתר,מונטה קרלו,IL,לאבנה שמן זית זעתר מונטה קרלו 250 גרם,גרמים,250.00,100 גרם,false,1,19.90,7.9600,true,1,37819
7290006346117,false,מלפפון כבוש ביתי דלי,מונטה קרלו,IL,מלפפון כבוש ביתי דלי מונטה קרלו 330גרם,גרמים,330.00,100 גרם,false,1,23.90,7.2424,true,1,29978
7290006346162,false,טורשי ירקות דלי מונט,מונטה קרלו,IL,טורשי ירקות דלי מונטה קרלו 330גרם,גרמים,330.00,100 גרם,false,1,23.90,7.2424,true,1,29976
7290006346247,false,קוביות בולגרית בפסטו,,,קוביות בולגרית בפסטו 250 גרם,גרמים,250.00,100 גרם,false,1,26.90,10.7600,true,1,29989
7290006346308,false,ארטישוק דיזון 250,מונטה קרלו,IL,ארטישוק דיזון 250 גרם,גרמים,250.00,100 גרם,false,1,19.90,7.9600,true,1,33118
7290006346315,false,משוויה חציל חריף 250,מונטה קרלו,IL,משוויה חציל חריף 250 גרם,גרמים,250.00,100 גרם,false,1,16.90,6.7600,true,1,33123
7290006346377,false,חציל בולגרית מונטה,מונטה קרלו,IL,חציל בולגרית מונטה קרלו 250 גרם,גרמים,250.00,100 גרם,false,1,19.90,7.9600,true,1,37815
7290006346414,false,סלט אבוקדו 250 גרם,קלאס פוד,IL,סלט אבוקדו 250גרם,גרמים,250.00,100 גרם,false,1,21.90,8.7600,true,1,12405
7290006346421,false,הרינג כבוש בבצל מונט,מונטה קרלו,IL,הרינג כבוש בבצל מונטה קרלו 250גרם,גרמים,250.00,100 גרם,false,1,24.90,9.9600,true,1,30019
7290006346452,false,טונה זיתים ללא מיונז,מונטה קרלו,IL,טונה זיתים ללא מיונז 250 גרם,גרמים,250.00,100 גרם,false,1,23.90,9.5600,true,1,33121
7290006346575,false,כדורי גבינה בשמן זית,מונטה קרלו,IL,כדורי גבינה בשמן זית וזעתר מונטה קרלו 3,גרמים,300.00,100 גרם,false,1,33.90,11.3000,true,1,37816
7290006346612,false,גבינת שמנת קלמטה מונ,מונטה קרלו,IL,גבינת שמנת קלמטה מונטה קרלו 250 גרם,גרמים,250.00,100 גרם,false,1,19.90,7.9600,true,1,37817
7290006346629,false,גבינת שמנת חציל מונ,מונטה קרלו,IL,גבינת שמנת חציל מונטה קרלו 250 גרם,גרמים,250.00,100 גרם,false,1,19.90,7.9600,true,1,37814
7290006346834,false,פלפלית בלימון חריף מ,מונטה קרלו,IL,פלפלית בלימון חריף מונטה קרלו 250גרם,גרמים,250.00,100 גרם,false,1,14.90,5.9600,true,1,29983
7290006346858,false,בולגרית קוביות עם פס,מונטה קרלו,,בולגרית קוביות עם פסטו 2 קג,קילוגרמים,1.00,"ק""ג",true,,89.00,89.0000,true,1,125859
7290006346865,false,גבינת שמנת חלקה מונט,מונטה קרלו,IL,גבינת שמנת חלקה מונטה קרלו 250 גרם,גרמים,250.00,100 גרם,false,1,19.90,7.9600,true,1,37818
7290006346889,false,כרובית מוקפצת 250,מונטה קרלו,IL,כרובית מוקפצת 250 גרם,גרמים,250.00,100 גרם,false,1,29.90,11.9600,true,1,33122
7290006346896,false,כרובית בטחינה 250,מונטה קרלו,IL,כרובית בטחינה 250 גרם,גרמים,250.00,100 גרם,false,1,29.90,11.9600,true,1,33120
7290006346926,false,ארטישוק בלימון 2,מונטה קרלו,IL,ארטישוק בלימון 250גרם,גרמים,250.00,100 גרם,false,1,19.90,7.9600,true,1,33124
7290006346971,false,חציל אפוי במיונז מונ,מונטה קרלו,IL,חציל אפוי במיונז מונטה קרלו 250גרם,גרמים,250.00,100 גרם,false,1,16.90,6.7600,true,1,29965
7290006346995,false,חציל בטעם כבד מונטה,מונטה קרלו,IL,חציל בטעם כבד מונטה קרלו 250גרם,גרמים,250.00,100 גרם,false,1,20.90,8.3600,true,1,29968
7290006374738,false,קונפיטורה תות 340 ג' יד מרדכי,אף.סי תבליני בגליל ב,IL,קונפיטורה תות 340 גרם יד מרדכי,גרמים,340.00,100 גרם,false,1,14.90,4.3824,true,1,121666
7290006448026,false,נפוליאון גבינת שמנת טבעי 25% 800 גרם,קריות זול,IL,נפוליאון גבינת שמנת טבעי 25% 800 גרם,קילוגרמים,1.00,"ק""ג",true,,47.90,47.9000,true,1,33520
7290006448033,false,גבינת שמנת זיתים נפוליאון 24% שומן 800 ג',תנובה,IL,נפוליאון גבינת שמנת זיתים 24% 800 גרם,קילוגרמים,1.00,"ק""ג",true,,47.90,47.9000,true,1,33519
7290006448040,false,גבינת שמנת שום שמיר נפוליאון 25% שומן 800 ג',תנובה,IL,נפוליאון גבינת שמנת שום שמיר 25% 800 גרם,קילוגרמים,1.00,"ק""ג",true,,47.90,47.9000,true,1,33521
7290006492432,false,גבינת מוצרלה בייבי 18% 300 ג' גד,מחלבות גד בעמ,IL,גבינה מוצרלה בייבי 150 גרם,גרמים,150.00,100 גרם,false,1,15.90,10.6000,true,1,121049
7290006492616,false,גבינה בולגרית פרוסות 5% 250 ג' גד,DSH עבור מחלבות גד ב,IL,פרוסות בולגרית מעודנת 5%,גרמים,250.00,100 גרם,false,1,28.90,11.5600,true,1,122253
7290006492630,false,גליל גד עז 22% 180 גרם - רבנות,מחלבות גד בעמ,IL,מחלבות גד גדעז גבינת שמנת מחלב עיזים 20%,גרמים,180.00,100 גרם,false,1,25.90,14.3889,true,1,122318
7290006492647,false,גד מטבעות גבינת עיזים 22% 150 ג',"מיוצר ע""י קוד יצרן t",IL,גד מטבעות גבינת עיזים 22% שומן,גרמים,150.00,100 גרם,false,1,26.90,17.9333,true,1,2872
7290006492685,false,לאבנה עיזים 5% 250 גרם - רובין,מחלבות גד בעמ,IL,גבינת לאבנה עיזים 5% 250 גרם גד,גרמים,250.00,100 גרם,false,1,18.90,7.5600,true,1,122464
7290006492852,false,גבינת עיזים למריחה 5% שומן 250 ג' גד,קריות זול,IL,גבינה לבנה עיזים 5% 250 גרם גד,גרמים,250.00,100 גרם,false,1,18.90,7.5600,true,1,122595
7290006492913,false,לאבנה ציזיקי למריחה 5% שומן 250 ג' גד,מחלבות גד בעמ,IL,ציזיקי למריחה 250 גרם גד,גרמים,250.00,100 גרם,false,1,14.90,5.9600,true,1,122605
7290006494917,false,מרמולייט ופל בטעם שוקולד 180 ג',"איטיליאן פוד, אס.פי.",IL,וופל במילוי קרם בטעם שוקולד סוכר 200 גרם,גרמים,200.00,100 גרם,false,1,12.30,6.1500,true,1,13810
7290006511010,false,"פרמז'אנו רבעים ק""ג",זנטי,IT,פרמזנו רבעים לקג,קילוגרמים,1.00,"ק""ג",true,,119.00,119.0000,true,1,20716
7290006511157,false,"פטריות שלמות ויליפוד 400 גרם בד""ץ",אוקצ'מפס אס.איי אויי,PL,ויליפוד פטריות שמפניון שלמות 400 גרם,גרמים,400.00,100 גרם,false,1,8.50,2.1250,true,1,10060
7290006511683,false,פולי סויה מאנצ`ו קפוא 454 ג' וילפוד,קו.אל.טי.די.קיאוניונ,CN,פולי סויה מאנצו בתרמילים 454 גרם,גרמים,454.00,100 גרם,false,1,8.90,1.9604,true,1,121055
7290006511706,false,גבינת גאודה עם כמון,ויליפוד,IL,"גבינת גאודה עם כמון לק""ג",קילוגרמים,1.00,"ק""ג",true,,109.00,109.0000,true,1,38162
7290006546302,false,"צ'יפס קיטרינג פרי גליל 1.5 ק""ג","פרי הגליל בע""""מ",IL,ציפס מובחר 1.5 קג,קילוגרמים,150.00,"ק""ג",false,1,19.90,0.1327,true,1,121772
7290006546388,false,תחתיות ארטישוק 400 ג' פרי הגליל,"פרי הגליל בע""""מ",IL,תחתיות ארטישוק 400ג פרי הגליל,גרמים,400.00,100 גרם,false,1,16.90,4.2250,true,1,123811
7290006546524,false,צי'פס מובחר קפוא פרי גליל 800 ג',"פרי הגליל בע""""מ",IL,ציפס מובחר 800 גרם,גרמים,800.00,100 גרם,false,1,13.90,1.7375,true,1,9587
7290006554017,false,עוגיות מרוקאיות 500,"ארקד מוצרי אפיה בע""מ",,עוגיות מרוקאיות 500 גרם,גרמים,500.00,100 גרם,false,1,18.90,3.7800,true,1,121681
7290006554024,false,עוגיות ממרח תמרים 40,"ארקד מוצרי אפיה בע""מ",,עוגיות ממרח תמרים 400 גרם,גרמים,400.00,100 גרם,false,1,18.90,4.7250,true,1,121731
7290006554031,false,עוגיות ממרח תמרים עם,"ארקד מוצרי אפיה בע""מ",,עוגיות ממרח תמרים עם אגוזים 400 גרם,גרמים,400.00,100 גרם,false,1,18.90,4.7250,true,1,121692
7290006554055,false,עוגיות בטעם טחינה 30,"ארקד מוצרי אפיה בע""מ",,עוגיות בטעם טחינה 300 גרם,גרמים,300.00,100 גרם,false,1,16.90,5.6333,true,1,122448
7290006554062,false,עוגיות גרנולה 250 גר,"ארקד מוצרי אפיה בע""מ",,עוגיות גרנולה 250 גרם,גרמים,250.00,100 גרם,false,1,18.90,7.5600,true,1,123607
7290006554079,false,עוגיות גרנולה ללא תו,"ארקד מוצרי אפיה בע""מ",,עוגיות גרנולה ללא תוספת סוכר 250 גרם,גרמים,250.00,100 גרם,false,1,19.00,7.6000,true,1,124832
7290006554086,false,עוגיות עינוגית,"ארקד מוצרי אפיה בע""מ",,עוגיות עינוגית,גרמים,400.00,100 גרם,false,1,18.90,4.7250,true,1,121737
7290006554093,false,עוגיות סהרונים 300 ג,"ארקד מוצרי אפיה בע""מ",,עוגיות סהרונים 300 גרם,גרמים,300.00,100 גרם,false,1,16.90,5.6333,true,1,122458
7290006554109,false,עוגיות רייף,"ארקד מוצרי אפיה בע""מ",,עוגיות רייף,גרמים,300.00,100 גרם,false,1,19.00,6.3333,true,1,124291
7290006554154,false,נשיקות מרנג,"ארקד מוצרי אפיה בע""מ",,נשיקות מרנג,גרמים,100.00,100 גרם,false,1,16.90,16.9000,true,1,125001
7290006554161,false,עוגיות משקפיים עם קי,"ארקד מוצרי אפיה בע""מ",,עוגיות משקפיים עם קינמון 250 גרם,גרמים,250.00,100 גרם,false,1,18.90,7.5600,true,1,126306
7290006554246,false,עוגיות משקפיים סוכר,"ארקד מוצרי אפיה בע""מ",,עוגיות משקפיים סוכר חום 250 גרם,גרמים,250.00,100 גרם,false,1,18.90,7.5600,true,1,126744
7290006554260,false,עוגיות שושנים 250 גר,"ארקד מוצרי אפיה בע""מ",,עוגיות שושנים 250 גרם,גרמים,250.00,100 גרם,false,1,18.90,7.5600,true,1,126790
7290006554307,false,עוגיות מרוקאיות ללא,"ארקד מוצרי אפיה בע""מ",,עוגיות מרוקאיות ללא תוספת סוכר 350,גרמים,350.00,100 גרם,false,1,16.90,4.8286,true,1,122561
7290006554314,false,שקידים ללא,"ארקד מוצרי אפיה בע""מ",,עוגיות שקדים ללא תוספת סוכר,גרמים,250.00,100 גרם,false,1,17.90,7.1600,true,1,126789
7290006554321,false,עוגיות עם אגוזי לוז,"ארקד מוצרי אפיה בע""מ",,עוגיות עם אגוזי לוז ללא תוספת סוכר 250 ג,גרמים,250.00,100 גרם,false,1,19.90,7.9600,true,1,126788
7290006554345,false,עוגיות ממרח תמרים לל,"ארקד מוצרי אפיה בע""מ",,עוגיות ממרח תמרים ללא תוספת סוכר 250 גרם,גרמים,250.00,100 גרם,false,1,17.90,7.1600,true,1,129785
7290006554413,false,עוגיות מרוקאיות ללא,"ארקד מוצרי אפיה בע""מ",,עוגיות מרוקאיות ללא תוספת סוכר מקמח מלא,גרמים,300.00,100 גרם,false,1,18.50,6.1667,true,1,123648
7290006554703,false,כעכים מלוחים,יצרן 794,,כעכים מלוחים שומשום,גרמים,400.00,100 גרם,false,1,14.90,3.7250,true,1,124194
7290006554710,false,מקלות מלוחים שומשום,יצרן 794,,מקלות מלוחים שומשום,גרמים,400.00,100 גרם,false,1,14.90,3.7250,true,1,124195
7290006554758,false,כעכים עם שומשום ללא,"ארקד מוצרי אפיה בע""מ",,כעכים עם שומשום ללא תוספת סוכר 270 גרם,גרמים,270.00,100 גרם,false,1,17.90,6.6296,true,1,129784
7290006567048,false,קוסקוס ישראלי מפתול אסם 350ג',"מיוצר ע""י קוד יצרן K",IL,אסם פתיתי קוסקוס ישראלי 12*350גרם,גרמים,350.00,100 גרם,false,1,7.90,2.2571,true,1,122023
7290006578303,false,ברי כמהין איסיני ס,,FR,"ברי כמהין איסיני סנט מר לק""ג",קילוגרמים,1.00,"ק""ג",true,,260.00,260.0000,true,1,35251
7290006578464,false,"רוקפור פאפיון לק""ג",,FR,"רוקפור פאפיון לק""ג",קילוגרמים,1.00,"ק""ג",true,,229.00,229.0000,true,1,35252
7290006578600,false,"קומטה גורה פלור לק""ג",,FR,"קומטה גורה פלור לק""ג",קילוגרמים,1.00,"ק""ג",true,,219.00,219.0000,true,1,35256
7290006578655,false,גבינת גלוריוס עיזים,,FR,גבינת גלוריוס עיזים הנרי וויליך,קילוגרמים,1.00,"ק""ג",true,,199.00,199.0000,true,1,35246
7290006578853,false,גבינת טרמנדס כמהין ה,,FR,גבינת טרמנדס כמהין הנרי וויליך,קילוגרמים,1.00,"ק""ג",true,,199.00,199.0000,true,1,35247
7290006582539,false,חמוציות מיובשות ששון,דין שיווק,IL,חמוציות 250גרם,גרמים,250.00,100 גרם,false,1,10.90,4.3600,true,1,33424
7290006618078,false,"אסטוניש מרסס ניקוי יסודי 750 מ""ל",אסטוניש Astonish,GB,יעקבי אסטוניש ספריי ניקוי למטבח 750 מל,מיליליטרים,750.00,"100 מ""ל",false,1,15.90,2.1200,true,1,121933
7290006618085,false,"אסטוניש - מרסס לחדר האמבט עם אקונומיקה 750 מ""ל",אסטוניש Astonish,GB,יעקבי אסטוניש ספריי ניקוי לחדר האמבטיה 750 מל,מיליליטרים,750.00,"100 מ""ל",false,1,15.90,2.1200,true,1,121934
7290006618146,false,"הפי-מדליק פחמים 500 מ""ל",תות תעשיות מזון (201,NL,יעקבי הפי מדליק פחמים נוזלי 500 מל,מיליליטרים,500.00,"100 מ""ל",false,1,18.90,3.7800,true,1,11530
7290006652027,false,במבה מארז 20 יח' *15ג' אסם,מיוצר עי קונדיטוריית,IL,במבה יום הולדת מאח.כלפ 12 20*15גרם,גרמים,300.00,100 גרם,false,1,21.90,7.3000,true,1,121074
7290006653765,false,פסטה פרפקטו פטוציני 500ג' אסם,קריות זול,IT,פרפקטו פסטה פטוציני איטלקי 24*500גרם,גרמים,500.00,100 גרם,false,1,7.90,1.5800,true,1,121537
7290006653819,false,קוסקוס דק בשקית אסם,"מיוצר ע""י קוד יצרן K",IL,אסם קוסקוס דק 12*350גרם,גרמים,350.00,100 גרם,false,1,7.90,2.2571,true,1,121733
7290006660596,false,קמח עדשים אדומות דגש,אף.סי תבליני בגליל ב,IL,דוכן גן שמואל קמח אורז מלא 500 גרם,גרמים,500.00,100 גרם,false,1,20.90,4.1800,true,1,12425
7290006660602,false,מי קוקוס אורגני גרין,בן טרה ג'וינט סטוק,PH,GREEN COCO מי קוקוס אורגני 1 ליטר,ליטרים,1.00,ליטר,false,1,19.90,19.9000,true,1,12435
7290006664037,false,גמדים דגנים ארוחת בוקר מארז 100X4ג',"שטראוס בריאות בע""מ",IL,גמדים תפוח בננה רביעייה,גרמים,400.00,100 גרם,false,1,11.90,2.9750,true,1,122001
7290006664051,false,"אקטימל לבן מארז 100X14 מ""ל",מיוצר עי קונדיטוריית,IL,אקטימל לבן 14,ליטרים,1.40,ליטר,false,1,32.60,23.2857,true,1,122002
7290006664310,false,גבינה לבנה 3% שומן 250 ג' שטראוס,מיוצר עי קונדיטוריית,IL,סקי 3% 250 גרם,גרמים,250.00,100 גרם,false,1,4.90,1.9600,true,1,121076
7290006664402,false,גבינה 5% שומן 750 ג' שטראוס,מיוצר עי קונדיטוריית,IL,סקי% 5 750 גרם,גרמים,750.00,100 גרם,false,1,14.94,1.9920,true,1,121078
7290006664532,false,יוגורט עם תות 3% שומן 150 ג' דנונה,מיוצר עי קונדיטוריית,IL,דנונה תות 3%,גרמים,150.00,100 גרם,false,1,3.90,2.6000,true,1,121593
7290006664655,false,"אקטימל לבן טבעי מארז 100X8 מ""ל",מיוצר עי קונדיטוריית,IL,אקטימל לבן שמינייה,מיליליטרים,864.00,"100 מ""ל",false,1,20.90,2.4190,true,1,122004
7290006664693,false,יוגורט עם אפרסק 3% שומן 150 ג' דנונה,מיוצר עי קונדיטוריית,IL,דנונה אפרסק 3%,גרמים,150.00,100 גרם,false,1,3.90,2.6000,true,1,121641
7290006664990,false,דנונה ביו מארז חיסכון 1.5% 8 יח' *150 ג',מיוצר עי קונדיטוריית,IL,מארז דנונה ביו 1.7% שמינייה,קילוגרמים,1.20,"ק""ג",false,1,17.60,14.6667,true,1,122109
7290006681003,false,גלידה תות לימון סורבה 1.33 ל' קרמיסימו,"גלידת שטראוס בע""מ, ר",IL,גלידה קרמיסימו סורבה שרבט תות לימון 1.33 ל',ליטרים,1.33,ליטר,false,1,26.90,20.2256,true,1,121079
7290006681089,false,מאגדת לייט מיני סנדו,"גלידת שטראוס בע""מ, ר",IL,"שטראוס מאגדת לייט מיני סנדויץ' 620 מ""ל",גרמים,320.00,100 גרם,false,1,31.60,9.8750,true,1,121629
7290006681553,false,שטראוס קרמבו ווניל 8יח,"גלידת שטראוס בע""מ",IL,"שטראוס קרמבו 80 מ""ל",גרמים,200.00,100 גרם,false,1,15.90,7.9500,true,1,122019
7290006681560,false,שטראוס קרמבו מוקה 8יח,"גלידת שטראוס בע""מ",IL,"שטראוס קרמבו 80 מ""ל",גרמים,200.00,100 גרם,false,1,15.90,7.9500,true,1,122020
7290006703323,false,שוקיים עוף קפוא,מעדני הטלה,,שוקיים עוף קפוא,קילוגרמים,1.00,"ק""ג",true,,34.90,34.9000,true,1,9710
7290006703576,false,כבד עוף קפוא,מעדני הטלה והעגל,,כבד עוף קפוא500 גר,גרמים,500.00,100 גרם,false,1,11.90,2.3800,true,1,9747
7290006714381,false,טחון עוף 500 גר,מעדני הטלה והעגל,,"טחון עוף 500 גר """,גרמים,500.00,100 גרם,false,1,14.90,2.9800,true,1,11553
7290006714411,false,סטייק פרגיות ארוז מו,מעדני הטלה,,סטייק פרגיות ארוז מוכשר מעדני הטלה לקג,קילוגרמים,1.00,"ק""ג",true,,79.00,79.0000,true,1,9818
7290006714428,false,רגל עגל פרוס מגש,לאטי עזרא גלם ודגים,,"רגל עגל פרוס מגש ק""ג",קילוגרמים,1.00,"ק""ג",true,,39.90,39.9000,true,1,122116
7290006714824,false,עצמות מח ארוז,עוף עוז,,עצמות מח ארוז,קילוגרמים,1.00,"ק""ג",true,,27.90,27.9000,true,1,123083
7290006714947,false,גולש עגל 800 גרם במג,לאטי עזרא גלם ודגים,,גולש עגל 800 גרם במגש מוכשר,קילוגרמים,1.00,"ק""ג",false,1,44.90,44.9000,true,1,18180
7290006724199,false,ביצים אורגניות ליב 1,חוות גבעות עולם,IL,ביצים אורגניות ליב 12 יח,Unknown,0.00,Unknown,false,1,23.90,0.0000,true,1,3287
7290006724472,false,טחינה אורגנית 500גרם,אחדות,IL,טחינה אורגנית ליב,גרמים,500.00,100 גרם,false,1,16.90,3.3800,true,1,122574
7290006739247,false,פסטרמה איטלקית זוגלו,כצט,IL,פסטרמה איטלקית,קילוגרמים,1.00,"ק""ג",true,,89.00,89.0000,true,1,123241
7290006739346,false,נקניקיות פרגיות טרי 400 גרם זוגלובק,נקניק נהריה כשר זוגל,IL,זוגלובק נקניקיות מבשר פרגיות 400 גרם,גרמים,400.00,100 גרם,false,1,15.90,3.9750,true,1,121704
7290006739414,false,סלמי קוניאק 300 ג' זוגלובק,נקניק נהריה כשר זוגל,IL,זוגלובק סלמי קוניאק 300 גרם א.מ.,גרמים,300.00,100 גרם,false,1,26.90,8.9667,true,1,121092
7290006739421,false,סלמי מעושן איטלקי 300 ג' זוגלובק,נקניק נהריה כשר זוגל,IL,זוגלובק סלמי מעושן איטלקי 300 גרם א.מ.,גרמים,300.00,100 גרם,false,1,28.90,9.6333,true,1,121998
7290006739445,false,שניצל תירס קלאסי 750 ג' זוגלובק,נקניק נהריה כשר זוגל,IL,שניצל תירס קלאסי 750 גרם זוגלובק,גרמים,750.00,100 גרם,false,1,28.90,3.8533,true,1,123550
7290006739544,false,כתף בקר 300 ג' זוגלובק,זוגלובק,IL,זוגלובק כתף בקר 300 גרם א.מ.,גרמים,300.00,100 גרם,false,1,31.90,10.6333,true,1,123750
7290006740212,false,נקניקיות עוף גמבו,כצט,IL,זוגלובק נקניקיות ג'מבו שקיל,קילוגרמים,1.00,"ק""ג",true,,22.70,22.7000,true,1,9223
7290006742162,false,המבורגר מזרחי זוגלובק 400 גר',נקניק נהריה כשר זוגל,IL,המבורגר מזרחי זוגלובק 400 גרם,גרמים,400.00,100 גרם,false,1,21.90,5.4750,true,1,123008
7290006742278,false,פסטרמה הודו צלויה על לבנים 330 ג' זוגלובק,נקניק נהריה כשר זוגל,IL,זוגלובק פסטרמה הודו בטעם צלייה על לבנים 330 גר,גרמים,330.00,100 גרם,false,1,30.90,9.3636,true,1,123751
7290006742292,false,פסטרמה הודו בדבש 330 ג' זוגלובק,נקניק נהריה כשר זוגל,IL,זוגלובק פסטרמה הודו בדבש טהור 330 גר,גרמים,330.00,100 גרם,false,1,30.90,9.3636,true,1,123752
7290006764065,false,"בירה נשר מאלט בקבוק חוזר 500 מ""ל","טמפו משקאות בע""ם.",IL,בירה מאלט ללא אלכוהול 500 מל,מיליליטרים,500.00,"100 מ""ל",false,1,5.80,1.1600,true,1,265
7290006764072,false,"גולדסטאר בירה בק חוזר 500 מ""ל","טמפו משקאות בע""מ",IL,"בירה גולדסטאר, בקבוק חוזר 500 מ""ל",מיליליטרים,500.00,"100 מ""ל",false,1,7.90,1.5800,true,1,267
7290006764157,false,"בירה גולדסטאר לא מסונן חוזר 500 מ""ל",טמפו משקאות בע''מ,IL,"בירה גולדסטאר Unfiltered, בקבוק חוזר 500 מ""ל",מיליליטרים,500.00,"100 מ""ל",false,1,8.50,1.7000,true,1,13504
7290006764478,false,בירה שחורה מאלט בקבו,"טמפו משקאות בע""מ",IL,"בירה נשר מאלט, בקבוק זכוכית 330 מל",Unknown,0.00,Unknown,false,1,4.90,0.0000,true,1,121710
7290006764485,false,"בירה נשר מאלט שחורה מארז 330X6מ""ל",קריות זול,,בירה נשר מאלט בקבוק 1/6,ליטרים,1.98,ליטר,false,1,31.90,16.1111,true,1,121098
7290006764737,false,"בירה נשר מאלט דיאט 500 מ""ל חוזר","טמפו משקאות בע""ם.",IL,בירה מאלט דלת קלוריות ללא אלכוהול 500 מל,מיליליטרים,500.00,"100 מ""ל",false,1,5.80,1.1600,true,1,268
7290006765000,false,טורטיות חיטה מלאה 8יח 540 ג',אלקטי קוראבייכיסיגיד,TR,טורטייה מקמח מלא 540 גרם,גרמים,540.00,100 גרם,false,1,11.90,2.2037,true,1,34030
7290006765895,false,בוטנים קלויים בקליפה,דין שיווק,IL,בוטן קליפה קלוי 200,גרמים,200.00,100 גרם,false,1,6.90,3.4500,true,1,33460
7290006775764,false,"עוגת שוקוצ'יפס לל""ס אחדות 400 גר'",אחדות ביחר לטחינה חל,IL,עוגת שוקולד ציפס ללא סוכר 400,גרמים,400.00,100 גרם,false,1,13.90,3.4750,true,1,123469
7290006775894,false,אחדות עוגת שיש ללא תוספת סוכר 400 גרם,"אחדות ביח""ר לטחינה ח",IL,עוגת שיש ללא תוספת סוכר 400 גרם,גרמים,400.00,100 גרם,false,1,13.90,3.4750,true,1,124419
7290006784025,false,עלמה ספוג הפלא להסרת כתמים קשים,קומפלקס כימיקלים,IL,עלמה ספוג הפלא להסרת כתמים קשים,יחידה,1.00,יחידה,false,1,6.90,6.9000,true,1,36865
7290006784032,false,עלמה כריות יפניות - ללא שריטות 6 יחידות,קומפלקס כימיקלים,IL,עלמה כרית יפנית ללא שריטות 6 יחידות,יחידה,6.00,יחידה,false,1,7.90,1.3167,true,1,36866
7290006784070,false,עלמה כריות קרצוף 2+1 יחידות,קומפלקס כימיקלים,IL,עלמה כריות קרצוף 2+1 יחידות,יחידה,3.00,יחידה,false,1,8.90,2.9667,true,1,36868
7290006784186,false,כפפות ניטריל שחור ללא אבקה 100 יח' L עלמה,קומפלקס כימיקלים,CN,עלמה כפפות ניטריל שחור ללא אבקה L,יחידה,1.00,יחידה,false,1,21.90,21.9000,true,1,36869
7290006784193,false,כפפות ניטריל שחור ללא אבקה 100 יח' M עלמה,קומפלקס כימיקלים,CN,עלמה כפפות ניטריל שחור ללא אבקה M,יחידה,1.00,יחידה,false,1,21.90,21.9000,true,1,36870
7290006784230,false,כפפות ניטריל שחור ללא אבקה 100 יח' S עלמה,קומפלקס כימיקלים,CN,עלמה כפפות ניטריל שחור ללא אבקה S,יחידה,1.00,יחידה,false,1,21.90,21.9000,true,1,36871
7290006784339,false,"תרסיס לניקוי רהיט סנט מוריץ 300 מ""ל",קומפלקס כימיקלים,IL,תרסיס לניקוי רהיטים 300 מל,מיליליטרים,300.00,"100 מ""ל",false,1,11.90,3.9667,true,1,36893
7290006784346,false,"תרסיס לניקוי שטיחים סנט מוריץ 630 מ""ל",קומפלקס כימיקלים,IL,קצף לניקוי שטיחים וריפוד 630 מל,מיליליטרים,630.00,"100 מ""ל",false,1,16.90,2.6825,true,1,13561
7290006784360,false,חלונית לניקוי והברקה 1ל-סנט מוריץ,קומפלקס כימיקלים,IL,חלונית נוזל רב תכלתי 1 ליטר,ליטרים,1.00,ליטר,false,1,6.90,6.9000,true,1,128340
7290006784407,false,"PURE מבשם כביסה בניחוח מלון בוטיק 500 מ""ל",טרסאן,TR,מבשם כביסה בניחוח בית מלון בוטיק 500 מל,מיליליטרים,500.00,"100 מ""ל",false,1,13.90,2.7800,true,1,36873
7290006784414,false,"PURE מבשם כביסה בניחוח מלון ספא 500 מ""ל",טרסאן,TR,מבשם כביסה בניחוח בית מלון ספא 500 מל,מיליליטרים,500.00,"100 מ""ל",false,1,13.90,2.7800,true,1,36874
7290006784421,false,עלמה כפפות ניטריל שח,קומפלקס כימיקלים,CN,עלמה כפפות ניטריל שחור ללא אבקה XL,יחידה,1.00,יחידה,false,1,21.90,21.9000,true,1,36875
7290006784438,false,מרכך כביסה pure love לבן 1 ל' סנט מוריץ,טרסאן,TR,מרכך כביסה פיור מרוכז לבן 1 ליטר,ליטרים,1.00,ליטר,false,1,11.90,11.9000,true,1,36876
7290006784452,false,"PURE - מבשם כביסה מרסס בניחוח מלון רויאל 500 מ""ל",טרסאן,TR,פיור מבשם כביסה בניחוח בית מלון רויאל 50,מיליליטרים,500.00,"100 מ""ל",false,1,13.90,2.7800,true,1,36878
7290006784506,false,"אוקסי מסיר כתמים 750 מ""ל",קומפלקס כימיקלים,IL,מסיר כתמים אוקסי פאוור 750 מל,מיליליטרים,750.00,"100 מ""ל",false,1,11.90,1.5867,true,1,36879
7290006784575,false,"מילוי מכשיר אוויר 250 מ""ל fashion loouy סנט מוריץ",סורה קוסמטיקס,TR,fashion loouy מילוי מכשיר אוויר 250 מל,מיליליטרים,250.00,"100 מ""ל",false,1,13.90,5.5600,true,1,36880
7290006784582,false,"מילוי מכשיר אוויר 250 מ""ל fashion no.6 סנט מוריץ",סורה קוסמטיקס,TR,fashion no6 מילוי מכשיר אוויר 250 מל,מיליליטרים,250.00,"100 מ""ל",false,1,13.90,5.5600,true,1,36881
7290006784599,false,"מילוי מכשיר אוויר 250 מ""ל fashion yoyo boss סנט מוריץ",סורה קוסמטיקס,TR,fashion yoyo boss מילוי מכשיר אוויר 250,מיליליטרים,250.00,"100 מ""ל",false,1,13.90,5.5600,true,1,36882
7290006784636,false,"ספריי אוויר 250 מ""ל fashion meduza סנט מוריץ",סורה קוסמטיקס,TR,fashion meduza ספריי אוויר 250 מל,מיליליטרים,250.00,"100 מ""ל",false,1,13.90,5.5600,true,1,36884
7290006784773,false,"ספריי אוויר 250 מ""ל fashion 102 סנט מוריץ",סורה קוסמטיקס,TR,fashion 102 ספריי אוויר 250 מל,מיליליטרים,250.00,"100 מ""ל",false,1,13.90,5.5600,true,1,36886
7290006784780,false,"ספריי אוויר 250 מ""ל fashion black סנט מוריץ",סורה קוסמטיקס,TR,fashion black ספריי אוויר 250 מל,מיליליטרים,250.00,"100 מ""ל",false,1,13.90,5.5600,true,1,36887
7290006784865,false,סנט מוריץ לניקוי משטחי מטבחים מרוכז ועוצמתי 1ל',קומפלקס כימיקלים,IL,מטבחים ספריי לניקוי של כל משטחי המטבח 1,ליטרים,1.00,ליטר,false,1,12.90,12.9000,true,1,36888
7290006788429,false,"קרליין - נושם סאן רייס דאודורנט רול און לאישה כתום 75 מ""ל",אמיליה קוסמטיקס בעמ,IL,"קרליין, דיאורדורנט נושם רול און כתום SUNRISE75 מל",גרמים,119.00,100 גרם,false,1,13.90,11.6807,true,1,121836
7290006788436,false,"קרליין - נושם פיור דאודורנט רול און לאישה ורוד 75 מ""ל",משווק: קוסמופארם בעמ,IL,קרליין דיאודורנט נושם+ רול און וורוד PURE 75 מל,גרמים,119.00,100 גרם,false,1,13.90,11.6807,true,1,121899
7290006788481,false,"קרליין - נושם סאן רייס דאודורנט ספריי לאישה כתום 200 מ""ל",מיוצר עי : אמיליה קו,IL,"קרליין דיאורדורנט נושם ספריי כחום SUNRISE200 מ""ל",מיליליטרים,200.00,"100 מ""ל",false,1,13.90,6.9500,true,1,9572
7290006788498,false,"קרליין - נושם פיור דאודורנט ספריי לאישה ורוד 200 מ""ל",מיוצר עי : אמיליה קו,IL,"קרליין דיאורדורנט נושם ספריי וורוד PURE200 מ""ל",מיליליטרים,200.00,"100 מ""ל",false,1,13.90,6.9500,true,1,9571
7290006789617,false,"קרליין קרם לחות לתלתלים טבעיים 400 מ""ל",מיוצר עי : אמיליה קו,IL,"קרליין 10 -קרם לחות לשיער גלי עד מתולתל 400 מ""ל",מיליליטרים,400.00,"100 מ""ל",false,1,17.70,4.4250,true,1,121657
7290006789648,false,"קרליין קרם לחות לשיער יבש 400 מ""ל",אמיליה קוסמטיקס,IL,קרליין 10 קרם לחות לשיער יבש 400 מל,מיליליטרים,400.00,"100 מ""ל",false,1,17.90,4.4750,true,1,121659
7290006789655,false,"קרליין קרם לחות לבניית תלתלים 400 מ""ל",מיוצר עי : אמיליה קו,IL,"קרליין 10 - קרם לחות לבניית תלתלים 400 מ""ל",מיליליטרים,400.00,"100 מ""ל",false,1,17.70,4.4250,true,1,10309
7290006805850,false,תערובת להכנת פנקייקס 500ג' פילסברי,הדקלאים אגודת שיתופי,IL,תערובת קלת הכנה לפנקייק ביתי וטעים 450 גרם,גרמים,500.00,100 גרם,false,1,17.90,3.5800,true,1,9363
7290006809018,false,בקבוק שמן זית אורגני,עץ השדה,IL,בקבוק שמן זית אורגני כתית מעולה בלנד אור,מיליליטרים,750.00,"100 מ""ל",false,1,54.00,7.2000,true,1,38494
7290006809056,false,בקבוק שמן זית אורגני,עץ השדה,IL,בקבוק שמן זית אורגני כתית מעולה קורטינה,מיליליטרים,750.00,"100 מ""ל",false,1,54.00,7.2000,true,1,38495
7290006809070,false,בקבוק שמן זית אורגני,עץ השדה,IL,בקבוק שמן זית אורגני כתית מעולה פישולין,מיליליטרים,750.00,"100 מ""ל",false,1,54.00,7.2000,true,1,38496
7290006809100,false,בקבוק שמן זית אורגני,עץ השדה,IL,בקבוק שמן זית אורגני כתית מעולה ברנע 750,מיליליטרים,750.00,"100 מ""ל",false,1,54.00,7.2000,true,1,38497
7290006809711,true,ממרח שום 230,דודה ברטה,IL,ממרח שום 230,גרמים,230.00,100 גרם,false,1,25.00,10.8696,true,1,19239
7290006809810,false,מעדן תות שדה 100% רכ,עץ השדה,IL,מעדן תות שדה 100% רכיבי פרי 284 גרם,גרמים,284.00,100 גרם,false,1,18.00,6.3380,true,1,38503
7290006809827,false,מעדן פירות יער 100%,עץ השדה,IL,מעדן פירות יער 100% רכיבי פרי 284 גרם,גרמים,284.00,100 גרם,false,1,18.00,6.3380,true,1,38504
7290006809865,false,מעדן שזיף 100% רכיבי,עץ השדה,IL,מעדן שזיף 100% רכיבי פרי 284 גרם,גרמים,284.00,100 גרם,false,1,18.00,6.3380,true,1,38505
7290006809872,false,מעדן משמש 100% רכיבי,עץ השדה,IL,מעדן משמש 100% רכיבי פרי 284 גרם,גרמים,284.00,100 גרם,false,1,18.00,6.3380,true,1,38506
7290006809919,false,רוטב טריאקי רימון 35,עץ השדה,IL,רוטב טריאקי רימון 350 גרם,גרמים,350.00,100 גרם,false,1,18.00,5.1429,true,1,38509
7290006809926,false,רוטב צילי שום 350 גר,עץ השדה,IL,רוטב צילי שום 350 גרם,גרמים,350.00,100 גרם,false,1,18.00,5.1429,true,1,38510
7290006809933,false,רוטב דבש שום 320 גרם,עץ השדה,IL,רוטב דבש שום 320 גרם,גרמים,320.00,100 גרם,false,1,18.00,5.6250,true,1,38511
7290006809940,false,מעדן דובדבן 100% רכי,עץ השדה,IL,מעדן דובדבן 100% רכיבי פרי 284 גרם,גרמים,284.00,100 גרם,false,1,18.00,6.3380,true,1,38512
7290006809957,false,רוטב שזיף רימון פיקנ,עץ השדה,IL,רוטב שזיף רימון פיקנטי 330 גרם,גרמים,330.00,100 גרם,false,1,18.00,5.4545,true,1,38513
7290006822192,false,מיץ חמוציות דיאט אושן ספריי 1 ליטר,מבשלות בירה בינלאומי,IL,פריגת דיאט אושן ספריי חמוציות 1 ליטר,ליטרים,1.00,ליטר,false,1,15.00,15.0000,true,1,121550
7290006866363,false,פרימור סחוט אשכולית אדומה 1ל',"גניר (1992) בע""מ",IL,מיץ אשכולית אדומות סחוט טבעי 1 ליטר,ליטרים,1.00,ליטר,false,1,16.00,16.0000,true,1,122682
7290006866967,false,נקטר חמוציות פרימור 1ל',סטאר סנקס,IL,נקטר חמוציות 1 ליטר,ליטרים,1.00,ליטר,false,1,11.90,11.9000,true,1,123976
7290006875242,false,כרוב שוודי,,,כרוב שוודי,קילוגרמים,1.00,"ק""ג",true,,33.00,33.0000,true,1,2813
7290006875327,false,טונה אדומה עם ירקות,קלאס פוד,,טונה עם ירקות,קילוגרמים,1.00,"ק""ג",true,,69.00,69.0000,true,1,122525
7290006899187,false,תה סרמוני לימונית ול,סרמוני תה בעמ,,תה סרמוני לימונית ולואיזה 14 שקיקים,גרמים,30.00,100 גרם,false,1,19.90,66.3333,true,1,35946
7290006899255,false,תה סרמוני ארל גריי ל,סרמוני תה בעמ,,תה סרמוני ארל גריי לבנדר 14 שקיקים,גרמים,44.00,100 גרם,false,1,19.90,45.2273,true,1,35943
7290006899361,false,תה סרמוני פירות היער,סרמוני תה בעמ,,תה סרמוני פירות יער 20 שקיקים,גרמים,50.00,100 גרם,false,1,19.90,39.8000,true,1,35945
7290006899705,false,תה סרמוני ירוק לימונ,,IL,תה סרמוני ירוק לימונית 20 שקיקים,יחידה,1.00,יחידה,false,1,19.90,19.9000,true,1,35929
7290006963314,false,עוגת שטולן קלאסית 75,KuchenMeister GmbH,DE,עוגת שטולן קלאסית 750 גרם,גרמים,750.00,100 גרם,false,1,36.90,4.9200,true,1,38366
7290006963321,false,עוגת שטולן עם מרציפן,KuchenMeister GmbH,DE,עוגת שטולן עם מרציפן 750 גרם,גרמים,750.00,100 גרם,false,1,39.90,5.3200,true,1,38367
7290006963413,false,עוגת שטולן עם חמאה 5,KuchenMeister GmbH,DE,עוגת שטולן עם חמאה 500 גרם,גרמים,500.00,100 גרם,false,1,34.90,6.9800,true,1,38368
7290006963437,false,עוגת שטולן עם מרציפן,KuchenMeister GmbH,DE,עוגת שטולן עם מרציפן 500 גרם,גרמים,500.00,100 גרם,false,1,32.90,6.5800,true,1,38370
7290006973764,false,נקניקיות צורי וונדי,י מרכז הבשר,IL,נקניקיות צורי וונדי 300גרם,גרמים,300.00,100 גרם,false,1,23.90,7.9667,true,1,33665
7290006983152,false,קרוטונים מתובלים למרק 400 ג' אסם,עינת תעשיות מזון,IL,אסם קרוטונים מתובלים 12*400גרם,גרמים,400.00,100 גרם,false,1,19.90,4.9750,true,1,121988
7290006983176,false,אוסם - לחמית שיפון 250 גרם,"אסם השקעות בע""מ",IL,לחמית שיפון 10*230גרם,גרמים,230.00,100 גרם,false,1,10.90,4.7391,true,1,121140
7290006983206,false,אסם תערובת פלאפל בקלי קלות 180גר,"אסם השקעות בע""מ",IL,אסם פלאפל בקלי קלות 8*180גרם,גרמים,180.00,100 גרם,false,1,9.10,5.0556,true,1,122024
7290006983527,false,עוגת הבית תפוחי עץ עם פירורים 400 ג' אסם,מיוצר עי קונדיטוריית,IL,הבית עוגת תפוחי עץ עם פירורים 8*400גרם,גרמים,400.00,100 גרם,false,1,19.90,4.9750,true,1,17554
7290006983763,false,עוגת הבית שוקולד 400 גרם אסם.,מיוצר עי קונדיטוריית,IL,הבית עוגת שוקולד 8*400גרם,גרמים,400.00,100 גרם,false,1,15.90,3.9750,true,1,121538
7290006983770,false,עוגת הבית שיש 400 ג' אסם,מיוצר עי קונדיטוריית,IL,הבית עוגת שיש 8*400גרם,גרמים,400.00,100 גרם,false,1,15.90,3.9750,true,1,121551
7290006983787,false,עוגת הבית שוקוציפס 400 גרם אסם,מיוצר עי קונדיטוריית,IL,הבית עוגת שוקולד צ'יפס 8*400גרם,גרמים,400.00,100 גרם,false,1,15.90,3.9750,true,1,121539
7290006983794,false,עוגת הבית תפוז 400 ג' אסם,מיוצר עי קונדיטוריית,IL,הבית עוגת תפוז 8*400גרם,גרמים,400.00,100 גרם,false,1,15.90,3.9750,true,1,121540
7290006992161,false,מטרנה - דייסת קורנפלור פרוביוטי 200 גרם,מולינו ניקולי s.p.a,IL,מטרנה דייסת קורנפלור פרוביוטי כלפ12*200ג,גרמים,200.00,100 גרם,false,1,15.90,7.9500,true,1,121141
7290006992185,false,"מטרנה - דייסת אורז פרוביוטי כשל""פ 200 גרם",מולינו ניקולי s.p.a,IL,מטרנה דייסת אורז פרוביוטי כלפ 12*200גרם,גרמים,200.00,100 גרם,false,1,15.90,7.9500,true,1,121142
7290006992208,false,מטרנה - דייסת דגנים מעורבים 200 גרם,מטרנה תעשיות ש.מ,IL,מטרנה דייסת דגנים פרוביוטיקה 12*200גרם,גרמים,200.00,100 גרם,false,1,15.90,7.9500,true,1,121144
7290006992390,false,"מטרנה - דייסת וניל פרוביוטי כשל""פ 200 גרם",מולינו ניקולי s.p.a,IL,מטרנה דייסת וניל פרוביוטי. כשלפ 12*200ג,גרמים,200.00,100 גרם,false,1,15.90,7.9500,true,1,122164
7290008000796,false,"כצט - סופרמן משחת שיניים לילדים 50 מ""ל",כצט נוביס,IL,משחת שיניים לילדים-סופרמן50 גר,מיליליטרים,50.00,"100 מ""ל",false,1,10.90,21.8000,true,1,121987
7290008000826,false,משחת שיניים ילדיים בארביי 50 גרם,כצט נוביס,IL,משחת שיניים ברבי50 מל .,מיליליטרים,50.00,"100 מ""ל",false,1,10.90,21.8000,true,1,17641
7290008104050,false,"פמינה - שטיפה אינטימית קלאסית 220 מ""ל",כצט נוביס סעמ,IL,פמינה תחליב רחצה אינטימי קלאסיק 220 מל,מיליליטרים,220.00,"100 מ""ל",false,1,21.90,9.9545,true,1,121348
7290008116541,false,"שטיפת פה ליסטרין קול מינט 500 מ""ל",ג'ונסון אנד ג'ונסון,IT,ליסטרין שטיפת פה מנטה קריר 500 מל,מיליליטרים,500.00,"100 מ""ל",false,1,17.90,3.5800,true,1,13174
7290008154222,false,שניצלונים עוף טוב 700 גרם,מולינו ניקולי s.p.a,IL,שניצלונים ילדודס עוף טוב 700גרם,גרמים,700.00,100 גרם,false,1,19.90,2.8429,true,1,122092
7290008175173,false,חמאה ללא תוספת מלח 200 ג' וליו,ואליו אל.טי.די,FI,200 גרםvalio-חמאה מלח,גרמים,200.00,100 גרם,false,1,15.90,7.9500,true,1,121350
7290008175210,false,גבינת פרמזן מגורדת 90ג' ויליפוד,זנטי אס.איי.,IT,פרמזנו מגורדת 90 גרם,גרמים,90.00,100 גרם,false,1,17.90,19.8889,true,1,121351
7290008175760,false,מנצגו כבשים ויליפוד,אלפסטור,ES,"גבינה מנצ""גו מחלב כבשים 1 קג ויליפוד",קילוגרמים,1.00,"ק""ג",true,,119.00,119.0000,true,1,124758
7290008175777,false,גבינת איברקו חלב ישר,יושלם,ES,גבינה איבריקו 1 קג ויליפוד,קילוגרמים,1.00,"ק""ג",true,,119.00,119.0000,true,1,124759
7290008175814,false,וילי פוד פטריות שמפיניון חתוך בדץ 400ג,"אוקצ'מפ אס, איי אויי",PL,פטריות חתוך 400גרם- בד'צ,גרמים,400.00,100 גרם,false,1,5.50,1.3750,true,1,10056
7290008175906,false,גבינת עיזים חלב ארינ,אלמטאה,NL,"גבינת עיזים לק""ג ויליפוד",קילוגרמים,1.00,"ק""ג",true,,119.00,119.0000,true,1,18969
7290008190909,false,מיני קוקיס שוקולד ציפס 600גר,כרמית תעשיות ממתקים,IL,מיני קוקיס שוקולד ציפס 600 גר,גרמים,600.00,100 גרם,false,1,23.90,3.9833,true,1,122224
7290008190985,false,סוכריות על מקל בטעם,כרמית תעשיות ממתקים,IL,סוכריות על מקל בטעמי גלידה,גרמים,450.00,100 גרם,false,1,17.90,3.9778,true,1,12275
7290008263030,false,פסטה פנה אורגני הרדו,פסטיפיסוי פליצ'טי,IT,פסטה פנה אורגנית מחיטת דורום מלאה,גרמים,500.00,100 גרם,false,1,11.90,2.3800,true,1,10928
7290008263047,false,ספגטי אורגני הרדוף 5,פסטיפיסוי פליצ'טי,IT,ספגטי אורגני מחיטת דורום,גרמים,500.00,100 גרם,false,1,11.90,2.3800,true,1,121357
7290008263054,false,ספגטי אורגני מלא הרד,פסטיפיסוי פליצ'טי,IT,ספגטי אורגני מחיטת דורום מלאה,גרמים,500.00,100 גרם,false,1,11.90,2.3800,true,1,121358
7290008263214,false,ממרח חרובים הרדוף או,ברינקרס פוד,NL,ממרח חרובים אורגני,גרמים,350.00,100 גרם,false,1,25.90,7.4000,true,1,122743
7290008263481,false,פסטה פנה מקמח לבן הר,פסטיפיסוי פליצ'טי,IT,פסטה פנה אורגני,גרמים,500.00,100 גרם,false,1,11.90,2.3800,true,1,121687
7290008263498,false,פסטה פוסילי מקמח לבן,פסטיפיסוי פליצ'טי,IT,פסטה פוזילי מחיטת דורום,גרמים,500.00,100 גרם,false,1,11.90,2.3800,true,1,121688
7290008263597,false,קוואקר הרדוף אורגני,אול אורגני,IL,"קוואקר, שבבי שיבולת שועל אורגניים",גרמים,500.00,100 גרם,false,1,11.90,2.3800,true,1,122906
7290008263641,false,קוואקר עדין הרדוף או,אול אורגני,IL,קוואקר אורגני עדין,גרמים,500.00,100 גרם,false,1,11.90,2.3800,true,1,122751
7290008263658,false,משקה סויה ללא מלח,ליקואטס,ES,משקה סויה אורגני 1 ליטר הרדוף,ליטרים,1.00,ליטר,false,1,12.90,12.9000,true,1,10932
7290008263719,false,טחינה הרדוף אורגני 4,אחדות,IL,טחינה אורנית,גרמים,400.00,100 גרם,false,1,19.90,4.9750,true,1,2853
7290008263764,false,פסטה פוזילי טריקולור,פסטיפיסוי פליצ'טי,IT,פסטה פוזלי טריקולור,גרמים,500.00,100 גרם,false,1,15.90,3.1800,true,1,122208
7290008310017,false,אמפנדס בשר חייקה700,חייקה,,אמפנדס בשר חייקה700 גרם,גרמים,700.00,100 גרם,false,1,44.90,6.4143,true,1,122650
7290008310086,false,בצק אמפנדס,חייקה,,בצק אמפנדס,גרמים,700.00,100 גרם,false,1,32.90,4.7000,true,1,122656
7290008330107,false,מרכך כביסה סגול 4 ל' בדין,יוניליור ישראל טיפוח,IL,"מרכך כביסה בדין מרענן 4 ל """,ליטרים,4.00,ליטר,false,1,24.90,6.2250,true,1,121360
7290008333115,false,אבקת ג'לטין טהור נטו 28 גרם,ג'ליק פיניור,,ויליגר אבקת ג'לטין טהור 28 גרם,גרמים,28.00,100 גרם,false,1,10.90,38.9286,true,1,121362
7290008335515,false,אגרול סיני+רוטב 600ג,שלושת האופים,IL,אגרול ברוטב חמוץ מתוק 600 גרם,גרמים,600.00,100 גרם,false,1,17.70,2.9500,true,1,2740
7290008335553,false,קובה בשר וצנובר 600ג שלושת האופים,האי נאם סי או אל.טי.,IL,קובה במילוי בשר וצנובר 600 גרם,גרמים,600.00,100 גרם,false,1,17.70,2.9500,true,1,121363
7290008335560,false,סיגרים בשר ש. האופים,האי נאם סי או אל.טי.,IL,סיגרים במילוי בשר 600 גרם,גרמים,600.00,100 גרם,false,1,15.90,2.6500,true,1,121364
7290008335577,false,פסטלים תפוא ש. האופי,האי נאם סי או אל.טי.,IL,"פסטלים תפו""א 600 גרם",גרמים,600.00,100 גרם,false,1,17.70,2.9500,true,1,121365
7290008335584,false,סיגרים תפוא ש. האופי,האי נאם סי או אל.טי.,IL,"סיגרים במילוי תפו""א 600 גרם",גרמים,600.00,100 גרם,false,1,15.90,2.6500,true,1,121366
7290008340618,false,סלמון מעושן מצונן דלידג 100 ג',ויליגר תעשיות בעמ,IL,פרלינג סלומון מעושן 100 גרם,גרמים,100.00,100 גרם,false,1,21.90,21.9000,true,1,9568
7290008343466,false,בצק פילו 500 ג' שלושת האופים,כלורוקס אוקלנד,IL,בצק פילו,גרמים,500.00,100 גרם,false,1,19.90,3.9800,true,1,122382
7290008343503,false,גחנון אפוי 650 גר' שלושת האופים קהילות,שלושת האופים,IL,גחנון אפוי 650 גרם,גרמים,650.00,100 גרם,false,1,21.90,3.3692,true,1,9584
7290008344258,false,המבורגר מזרחי 400 גר,"טיבון ויל אחזקות בע""",IL,המבורגר מזרחי 400 גרם,גרמים,400.00,100 גרם,false,1,19.90,4.9750,true,1,9558
7290008344272,false,המבורגר 100% 400 ג' טיבון ויל,טיבון ויל אחזקות בעמ,IL,המבורגר 100% טיבון ויל 400 גרם,גרמים,400.00,100 גרם,false,1,19.90,4.9750,true,1,9559
7290008345118,false,מקרל בשמן דלידג 240 ג',מיוצר על ידי קוד יצר,IL,מקרל בשמן דלידג 240 גרם,גרמים,240.00,100 גרם,false,1,26.90,11.2083,true,1,9560
7290008345132,false,הרינג כבוש דלידג 240 ג',כלורוקס אוקלנד,IL,הרינג כבוש דלידג 240,גרמים,240.00,100 גרם,false,1,25.90,10.7917,true,1,2744
7290008345156,false,פילה מקרוסקה ואקום ד,נטו מלינדה סיימן,IL,"פילה מקרוסקה ואקום דלידג 1 ק""ג",קילוגרמים,1.00,"ק""ג",true,,119.00,119.0000,true,1,9294
7290008345170,false,מקרל חצאים מעושן דלי,נטו מלינדה סיימן,IL,"מקרל חצאים דלידג 1 ק""ג",קילוגרמים,1.00,"ק""ג",true,,95.00,95.0000,true,1,121367
7290008345576,false,"סלט איקרה לבנה, 300 גרם דלידג",כלורוקס אוקלנד,IL,סלט איקרה לבנה דלידג 300 גרם,גרמים,300.00,100 גרם,false,1,21.90,7.3000,true,1,121642
7290008345583,false,"סלט איקרה ורודה, 300 גרם דלידג",כלורוקס אוקלנד,IL,סלט איקרה ורודה דלידג 300 גרם,גרמים,300.00,100 גרם,false,1,21.90,7.3000,true,1,121643
7290008347211,false,אצבעות דג מצופות נטו,אף.סי תבליני בגליל ב,IL,דלידג אצבעות דג מצופות 700 גרם,גרמים,700.00,100 גרם,false,1,23.90,3.4143,true,1,2845
7290008347730,false,פילה סלמון מעושן,דלידג ק.מלאכי,,"סלמון הילטון 1 ק""ג",קילוגרמים,1.00,"ק""ג",true,,199.00,199.0000,true,1,122578
7290008403535,false,פרימדונה*חצי גלגל5קג,הנרי ויליך,NL,פרימדונה חצי גלגל5קג,קילוגרמים,1.00,"ק""ג",true,,169.00,169.0000,true,1,36160
7290008403832,false,"אולד רוטרדם בקר*4ק""ג",הנרי ויליך,NL,"אולד רוטרדם בקר*4ק""ג",קילוגרמים,1.00,"ק""ג",true,,129.00,129.0000,true,1,26591
7290008403849,false,אולד רוטרדם עיזים 4ק,הנרי ויליך,NL,אולד רוטרדם עיזים 4ק,קילוגרמים,1.00,"ק""ג",true,,180.00,180.0000,true,1,26592
7290008403900,false,גאודה עגבניות וזיתים,מיוצר עי קונדיטוריית,NL,גאודה עגבניות וזיתים לקג,קילוגרמים,1.00,"ק""ג",true,,129.00,129.0000,true,1,23656
7290008403917,false,גבינה גאודה פסטו ירו,הנרי ויליך,NL,גאודה פסטו ירוק לקג,קילוגרמים,1.00,"ק""ג",true,,159.00,159.0000,true,1,23657
7290008403931,false,גבינה גאודה כמון,מיוצר עי קונדיטוריית,FR,גאודה כמון לקג,קילוגרמים,1.00,"ק""ג",true,,130.00,130.0000,true,1,22672
7290008409049,false,מיני שניצלונים ושומשום מאמא עוף 500 ג',תנובה גליל שותפות מו,IL,מיני שניצלונים ציפוי שומשום 500 גרם מאמא,גרמים,500.00,100 גרם,false,1,29.90,5.9800,true,1,122133
7290008409100,false,אצבעות שניצל ציפוי שומשום 700 ג' מאמא עוף,תנובה גליל שותפות מו,IL,אצבעות שניצל ציפוי שומשום מאמא ע 700 גרם,גרמים,700.00,100 גרם,false,1,38.90,5.5571,true,1,122289
7290008409124,false,מאמא עוף קפוא שניצל ג'ונגל פריך 700 גרם,תנובה גליל שותפות מו,IL,שניצל גונגל מאמא עוף 700 גרם,גרמים,700.00,100 גרם,false,1,38.90,5.5571,true,1,122319
7290008409216,false,מאמא עוף קפוא שניצל דק פריך 700 גרם,תנובה גליל,IL,מאמא עוף שניצל דק פריך 700 גרם,גרמים,700.00,100 גרם,false,1,44.90,6.4143,true,1,123583
7290008409223,false,שניצל דק מתובל מאמא עוף 700 ג',תנובה גליל שותפות מו,IL,שניצל דק דק מתובל 700 גרם,גרמים,700.00,100 גרם,false,1,44.90,6.4143,true,1,9650
7290008409315,false,מיני מיני דק שניצלונים בציפוי פריך מאמא עוף 500 ג',תנובה גליל,IL,מיני שניצלונים ציפוי פריך 500 גרם,גרמים,500.00,100 גרם,false,1,29.90,5.9800,true,1,121558
7290008409407,false,שניצל דק ציפס מאמא עוף 700 ג',תנובה גליל שותפות מו,IL,"שניצל דק בציפוי צ""יפס 700 גרם",גרמים,700.00,100 גרם,false,1,44.90,6.4143,true,1,124304
7290008409551,false,שניצל עוף אמיתי בציפוי מעודן 700 ג' מאמא עוף,תנובה גליל שותפות מו,IL,שניצל אמיתי מעודן,גרמים,700.00,100 גרם,false,1,44.90,6.4143,true,1,121374
7290008409568,false,שניצל ציפס אמיתי מאמא עוף 700 ג',תנובה גליל שותפות מו,IL,"שניצל צ""יפס אמיתי 700 גרם",גרמים,700.00,100 גרם,false,1,44.90,6.4143,true,1,121375
7290008409582,false,שניצל אמיתי בציפוי ביתי מאמא עוף 700 ג',תנובה גליל שותפות מו,IL,שניצל אמיתי ביתי מאמא עוף 700 גרם,גרמים,700.00,100 גרם,false,1,44.90,6.4143,true,1,121377
7290008409605,false,כוכבי עוף מאמא עוף 700 גר',תנובה גליל שותפות מו,IL,כוכבי עוף 700 גרם,גרמים,700.00,100 גרם,false,1,37.90,5.4143,true,1,121378
7290008415514,false,חומוס צבר עם חריף עגול 150ג',סלטי צבר,IL,סלט חומוס וחריף 150 גרם,גרמים,150.00,100 גרם,false,1,5.90,3.9333,true,1,121386
7290008415576,false,צבר חומוס צבר 850גרם,צבר,,חומוס צבר 850 גרם,גרמים,850.00,100 גרם,false,1,15.90,1.8706,true,1,121756
7290008425575,true,נאות סמדר סילאן אורג,,,נאות סמדר סילאן אורג,גרמים,710.00,100 גרם,false,1,41.90,5.9014,true,1,1645
7290008425681,true,זיתים אורגנים ברנע,,,זיתים אורגנים ברנע,גרמים,400.00,100 גרם,false,1,21.90,5.4750,true,1,1646
7290008443616,false,"מרכך לשיער יבש אדום 750 מ""ל נקה 7",אמיליה קוסמטיקס בעמ,IL,נקה 7-מרכך לשיער יבש,מיליליטרים,750.00,"100 מ""ל",false,1,11.90,1.5867,true,1,121387
7290008443647,false,"מרכך לשיער מתולתל סגול, 750 מ""ל נקה 7",אמיליה קוסמטיקס בעמ,IL,נקה 7-מרכך לשיער מתולתל,מיליליטרים,750.00,"100 מ""ל",false,1,11.90,1.5867,true,1,121389
7290008461047,false,"גבינה ברי לרוסטיק ק""",נטו מלינדה סיימן,,סיימן ברי לה רוסטיק לקג,קילוגרמים,1.00,"ק""ג",true,,169.00,169.0000,true,1,2747
7290008461221,false,סרדין רוברט בשמן חמניות 115 ג',"רמירז, מטוסינוס",PT,סרדינים בשמן חמניות 115 גרם,גרמים,115.00,100 גרם,false,1,6.90,6.0000,true,1,121391
7290008461238,false,סרדין רוברט בשמן חמניות ופלפל חריף 115 ג',"רמירז, מטוסינוס",PT,סרדינים בשמן חמניות חריף 115 גר,גרמים,115.00,100 גרם,false,1,6.90,6.0000,true,1,121392
7290008461283,false,גבינה טריפל צדר נני,דאוליי צ'סמייקרס,,גבינה טריפל צדר נני 200 גרם,גרמים,200.00,100 גרם,false,1,24.90,12.4500,true,1,129810
7290008462204,false,חרדל דיזון מקורי 380 ג',יוניליבר צרפת,FR,חרדל דיזון מיילי מקורי 380 גרם,גרמים,380.00,100 גרם,false,1,15.90,4.1842,true,1,121812
7290008462259,false,חרדל דיזון חריף מייל,יוניליוור צרפת,FR,חרדל דיזון חריף מיילי גרגירים 380 גר,גרמים,380.00,100 גרם,false,1,16.90,4.4474,true,1,123071
7290008462310,false,סיימן סנט מור,,,סיימן סנט מור לקג,קילוגרמים,1.00,"ק""ג",true,,169.00,169.0000,true,1,2868
7290008464024,false,בירה גולדסטאר לא מסונן פחית 500 מל,"טמפו משקאות בע""מ",IL,"בירה גולדסטאר לא מסונן פחית 500 מ""ל",מיליליטרים,500.00,"100 מ""ל",false,1,9.90,1.9800,true,1,126163
7290008464109,false,בירה גולדסטאר לא מסונן מארז 6X330מ:ל,"טמפו משקאות בע""מ",IL,"בירה גולדסטאר ל.מסונן בקבוק 330 מ""ל",מיליליטרים,330.00,"100 מ""ל",false,1,7.90,2.3939,true,1,122124
7290008464130,false,"בירה גולדסטאר לא מסונן 330X6מ""ל",טמפו,IL,בירה גולדסטאר ל.מסונן שישייה בקבוק 330 מ,ליטרים,1.98,ליטר,false,1,39.90,20.1515,true,1,125566
7290008464208,false,מכבי 7.9% בקבוק בודד 330 מל,טמפו משקאות בע''מ,IL,"בירה מכבי 7.9%, בירה חזקה, בקבוק 330 מ''ל",מיליליטרים,330.00,"100 מ""ל",false,1,8.90,2.6970,true,1,126715
7290008464222,false,"בירה מכבי 7.9% פחית 500 מ""ל","טמפו משקאות בע""מ",IL,"בירה מכבי 7.9%, בירה חזקה, פחית 500 מ""ל",מיליליטרים,500.00,"100 מ""ל",false,1,8.90,1.7800,true,1,127219
7290008464338,false,"בירה מכבי בקבוק ח""פ 330 מ""ל",בירה מכבי,IL,בירה מכבי בקבוק 330 מל לאגר בהירה,מיליליטרים,330.00,"100 מ""ל",false,1,7.90,2.3939,true,1,121395
7290008464345,false,"בירה גולדסטאר בקבוק 330 מ""ל",טמפו משקאות בע''מ,IL,"בירה גולדסטאר, בקבוק 330 מ''ל",מיליליטרים,330.00,"100 מ""ל",false,1,7.90,2.3939,true,1,121396
7290008464468,false,"בירה גולדסטאר פחית 500 מ""ל","טמפו משקות בע""מ",IL,"בירה גולדסטאר, פחית 500 מ""ל",מיליליטרים,500.00,"100 מ""ל",false,1,8.90,1.7800,true,1,121397
7290008464475,false,"בירה מכבי פחית 500 מ""ל","טמפו משקאות בע""מ",IL,"בירה מכבי, פחית 500 מ""ל",מיליליטרים,500.00,"100 מ""ל",false,1,8.90,1.7800,true,1,121398
7290008464505,false,סאן בנדטו בקבוק פלסטיק 500מל,אקווה מינרלה סאן בנד,IT,סן בנדטו 500 מל שישייה,מיליליטרים,500.00,"100 מ""ל",false,1,4.20,0.8400,true,1,121527
7290008464604,false,"בירה היינקן פחית 500מ""ל",טמפו משקאות בע''מ,NL,"בירה היינקן, פחית 500 מ""ל",מיליליטרים,500.00,"100 מ""ל",false,1,13.90,2.7800,true,1,121511
7290008464611,false,"סודה טמפו בקבוק זכוכית 275 מ""ל",טמפו משקאות בעמ,IL,"הסודה של טמפו, מי סודה בגיזוז חזק, 275 מל",מיליליטרים,275.00,"100 מ""ל",false,1,3.90,1.4182,true,1,10242
7290008464635,false,"מי טוניק בקבוק 275 מ""ל",טמפו משקאות בעמ,IL,"טמפו טוניק, 275 מל",מיליליטרים,250.00,"100 מ""ל",false,1,5.50,2.2000,true,1,29230
7290008464642,false,משקה ג'ינג'ר אייל 27,"טמפו משקאות בע""מ",IL,"טמפו ג'ינג'ר אייל ,275 מל",מיליליטרים,250.00,"100 מ""ל",false,1,5.50,2.2000,true,1,29238
7290008464697,false,"בירה מכבי 7.9% מארז 330X6 מ""ל",טמפו,,"בירה מכבי 7.9% שישייה בקבוק 330 מ""ל",ליטרים,1.98,ליטר,false,1,32.90,16.6162,true,1,126675
7290008464703,false,"שישיית בירה מכבי 6 *330מ""ל",טמפו,,"בירה מכבי מארז שישייה בקבוק 330 מ""ל",ליטרים,1.98,ליטר,false,1,32.90,16.6162,true,1,121399
7290008464734,false,"בירה גולדסטאר SLOW BREW מארז 330X6מ""ל",טמפו משקאות בע''מ,IL,בירה גולדסטאר SLOW BREW שישייה בקבוק 330,ליטרים,1.98,ליטר,false,1,39.90,20.1515,true,1,121400
7290008464741,false,"בירה גולדסטאר בק' מארז 330X6מ""ל",קריות זול,IL,"בירה גולדסטאר שישייה בקבוק 330 מ""ל",ליטרים,1.98,ליטר,false,1,36.90,18.6364,true,1,121401
7290008464796,false,"בירה היינקין ח""פ בקבוק 330X6מ""ל",קריות זול,IL,"בירה הייניקן שישייה בקבוק 330 מ""ל",ליטרים,1.98,ליטר,false,1,39.90,20.1515,true,1,121402
7290008466318,false,מיני רוגלך ירושלמי 3,דין שיווק,IL,מיני רוגלך ירושלמי 300 גר,גרמים,300.00,100 גרם,false,1,22.90,7.6333,true,1,33938
7290008466424,false,אוזני המן 250 גרם,אנטיקוביץ,IL,אוזני המן 250 גרם,גרמים,250.00,100 גרם,false,1,22.90,9.1600,true,1,34964
7290008466677,false,עוגיות פרימיום ללא ס,דין שיווק,IL,עוגיות פרימיום ללא סוכר 250גר,גרמים,250.00,100 גרם,false,1,22.90,9.1600,true,1,36904
7290008466684,false,עוגיות פרימיום חלבי,דין שיווק,IL,עוגיות פרימיום חלבי 250 גרם,גרמים,250.00,100 גרם,false,1,22.90,9.1600,true,1,36905
7290008466707,false,עוגיות פרימיום אנטקו,דין שיווק,IL,עוגיות פרימיום 250 גרם,גרמים,250.00,100 גרם,false,1,22.90,9.1600,true,1,33947
7290008493413,false,פירורי גריסיני קלאסי 200גרם-חדש,מאיר בייגל,IL,מאיר בייגל פירורי גריסיני 200 גרם,גרמים,200.00,100 גרם,false,1,6.90,3.4500,true,1,122821
7290008535212,false,תפוגן ציפס בזיגוג 80,"תעשיות תפוגן בע""מ",IL,תפוגן טוגן זיג זג 12*800גרם,גרמים,800.00,100 גרם,false,1,11.90,1.4875,true,1,121735
7290008590129,false,שעועית ירוקה שלמה שף,משק ויילר,BE,שעועית ירוקה שלמה שף הטבע 800גרם,גרמים,800.00,100 גרם,false,1,11.90,1.4875,true,1,37509
7290008590136,false,שעועית צהובה חתוכה ק,משק ויילר,BE,שעועית צהובה חתוכה שף הטבע 800 גרם,גרמים,800.00,100 גרם,false,1,11.90,1.4875,true,1,37510
7290008590150,false,אפונת גינה קטנה שף ה,משק ויילר,BE,אפונת גינה קטנה שף הטבע 800גרם,גרמים,800.00,100 גרם,false,1,11.90,1.4875,true,1,37511
7290008590167,false,אפונה וגזר שף הטבע,משק ויילר,BE,אפונה וגזר שף הטבע 800 גרם,גרמים,800.00,100 גרם,false,1,11.90,1.4875,true,1,37512
7290008590198,false,שעועית ירוקה חתוכה ש,משק ויילר,BE,שעועית ירוקה חתוכה שף הטבע 800גרם,גרמים,800.00,100 גרם,false,1,11.90,1.4875,true,1,37513
7290008612074,false,"אגד מתמתח 5 ס""מ",פארמה פלסט,EG,"אגד מתמתח 5 ס""מ",לא מנהל יחידת מידה,0.00,לא מנהל יחידת מידה,false,1,7.90,0.0000,true,1,34181
7290008612166,false,פלסטר מיקס 48 יחידות,פארמה פלסט,EG,פלסטר מיקס 48 יחידות,לא מנהל יחידת מידה,0.00,לא מנהל יחידת מידה,false,1,8.90,0.0000,true,1,34180
7290008634045,false,"פלסטר שקוף 30 יחידות ""SUNNY PLASTER""",,,פלסטר לילדים סאני 30 יחידות,יחידה,1.00,יחידה,false,1,6.90,6.9000,true,1,125774
7290008636933,false,אגוזי מלך גרוסים 100 גר' מיה,מיה תעשיות מזון,IL,אגוזי מלך גרוסים מיה 100 גרם,גרמים,100.00,100 גרם,false,1,11.90,11.9000,true,1,37686
7290008636957,false,שקדים מולבנים גרוסים 100גרם,מיה תעשיות מזון,IL,שקדים מולבנים גרוסים מיה 100 גרם,גרמים,100.00,100 גרם,false,1,11.90,11.9000,true,1,37687
7290008636988,false,גרעיני חמניות קלופים 100 גר' מיה,מיה תעשיות מזון,IL,גרעיני חמניה קלופים מיה 100 גרם,גרמים,100.00,100 גרם,false,1,4.90,4.9000,true,1,37689
7290008636995,false,גרעיני דלעת קלופים 100 גר' מיה,מיה תעשיות מזון,IL,גרעיני דלעת קלופים מיה 100 גרם,גרמים,100.00,100 גרם,false,1,8.90,8.9000,true,1,37690
7290008644112,false,סלט מטבוחה יום יום אחלה 125 ג',"שטראוס גרופ בע""מ",IL,סלט מטבוחה יום יום 125 גרם,גרמים,125.00,100 גרם,false,1,5.50,4.4000,true,1,121405
7290008644235,false,עלי בייבי טעם הטבע 1,שטראוס בריאות ירקות,IL,מבחר עלי בייבי 120 גרם שטופים שטראוס,גרמים,120.00,100 גרם,false,1,9.90,8.2500,true,1,121406
7290008644945,false,סלט המושבה שטופים שט,שטראוס בריאות ירקות,IL,סלט המושבה שטופים שטראוס,גרמים,450.00,100 גרם,false,1,13.90,3.0889,true,1,121408
7290008645935,false,חומוס לניגוב אחלה 750 ג',"שטראוס גרופ בע""מ",IL,חומוס 750 אחלה,גרמים,750.00,100 גרם,false,1,11.90,1.5867,true,1,122268
7290008670012,false,"יין רקאנטי קברנה סוביניון 2019 750 מ""ל",תות ממתקי איכות,IL,רקנטי - קברנה סוביניון 2017 750 מל,מיליליטרים,750.00,"100 מ""ל",false,1,52.90,7.0533,true,1,121409
7290008670029,false,"יין רקאנטי מרלו 2018 750 מ""ל",תות ממתקי איכות,IL,רקנטי - מרלו 2017 750 מל,מיליליטרים,750.00,"100 מ""ל",false,1,52.90,7.0533,true,1,121410
7290008670142,false,"יין רקנאטי יסמין אדום 2019 750 מ""ל",יקב רקאנטי,IL,רקנטי - יסמין אדום 2017,מיליליטרים,750.00,"100 מ""ל",false,1,34.90,4.6533,true,1,121713
7290008670159,false,"יין רקנאטי יסמין לבן 750 מ""ל","יקבי רקנאטי בע""מ",IL,"יין יסמין לבן רקנאטי 750 מ""ל",מיליליטרים,750.00,"100 מ""ל",false,1,34.90,4.6533,true,1,121714
7290008670210,false,יין רקנאטי שירז 750מ,תות ממתקי איכות,IL,רקנטי - שיראז 2017 750 מל,מיליליטרים,750.00,"100 מ""ל",false,1,52.90,7.0533,true,1,122341
7290008690713,false,פריגת אושן ספריי חמוציות 1ל',מבשלות בירה בינלאומי,IL,נקטר אושן ספריי חמוציות 1 ליטר,ליטרים,1.00,ליטר,false,1,15.50,15.5000,true,1,121419
7290008693134,false,מעדן גבינה ויוגורט בטעם תות 5% שומן 88 ג' דניאלה,"שטראוס בריאות בע""מ",IL,דניאלה תות,גרמים,88.00,100 גרם,false,1,4.40,5.0000,true,1,121421
7290008737074,false,גפילטע פיש דג עדן 6,,,גפילטע פיש דג עדן 6 יח ביתי,גרמים,0.00,100 גרם,false,1,19.90,0.0000,true,1,127519
7290008737289,false,גפילטע פיש בנוסח פול,"דג טעים (משווק ע""י א",,"גפילטע פיש דג עדן 6 יח ""פולני",גרמים,600.00,100 גרם,false,1,17.90,2.9833,true,1,126553
7290008739016,false,נר פילר זהב 70*90,יושלם,,נר פילר עתיק 6*3,יחידה,1.00,יחידה,false,1,20.00,20.0000,true,1,121850
7290008745239,false,תפוצ'יפס אקסטרא טבעי 50 ג',"שטראוס פריטו ליי בע""",IL,תפו קראנצ טבעי 50 גר 48 יח - שמיטה,גרמים,50.00,100 גרם,false,1,3.90,7.8000,true,1,121431
7290008747547,false,תפוצ'יפס אקסטרא 200גר טבעי,"שטראוס פריטו ליי בע""",IL,תפו קראנצ טבעי 200 גר 12 יח - שמיטה,גרמים,200.00,100 גרם,false,1,9.90,4.9500,true,1,121435
7290008752244,false,תפוצ'יפס אקסטרא גריל 50 גרם,"שטראוס פריטו ליי בע""",IL,תפו קראנצ גריל 50 גר 48 יח - שמיטה,גרמים,50.00,100 גרם,false,1,3.90,7.8000,true,1,121442
7290008753111,false,תפוציפס קראנץ מקסיקנ,"שטראוס פריטו ליי בע""",IL,תפו קראנצ מקסיקני 50 גר 48 יח- שמיטה,גרמים,50.00,100 גרם,false,1,3.90,7.8000,true,1,121443
7290008757980,false,נקטר ספרינג רימונים קרטונית 1 ל',"יפאורה תבורי בע""מ",IL,ספרינג קרטוניות רימונים 1 ל',ליטרים,1.00,ליטר,false,1,8.90,8.9000,true,1,122324
7290008775816,false,ערגליות שוקו חדש12*300גרם 2020,מיוצר עי קונדיטוריית,IL,ערגליות שוקולד 6*300גרם,גרמים,300.00,100 גרם,false,1,10.90,3.6333,true,1,121445
7290008775823,false,ערגליות תות חדש12*300גרם 2020,מיוצר עי קונדיטוריית,IL,ערגליות תות שדה 6*300גרם,גרמים,300.00,100 גרם,false,1,10.90,3.6333,true,1,121446
7290008801010,false,"יין קברנה סוביניון מרלו פרייוט קולקשן 750 מ""ל",אגודת הכורמים הקאופו,IL,"יין P.C קברנה מרלו 750 מ""ל",מיליליטרים,750.00,"100 מ""ל",false,1,39.90,5.3200,true,1,21456
7290008801119,false,סלקטד סוביניון בלאן כרמל 750 מל,אגודת הכורמים הקואופ,IL,כרמל סלקטד סוביניון בלאן יין לבן יבש 750 מל,מיליליטרים,750.00,"100 מ""ל",false,1,29.90,3.9867,true,1,276
7290008801157,false,מרלו סלקטד כרמל מזרחי 750 מל,קריות זול,IL,"יין סלקטד מרלו 750 מ""ל",מיליליטרים,750.00,"100 מ""ל",false,1,29.90,3.9867,true,1,121448
7290008801522,false,"יין קינג דיויד קונקורד אדום 750 מ""ל",אגודת הכורמים הקואופ,IL,כרמל קינג דיויד קונקורד- יין אדום ממותק 750 מל,מיליליטרים,750.00,"100 מ""ל",false,1,24.90,3.3200,true,1,283
7290008801843,false,"יין סלקטד קברנה סובניון 750מ""ל","כד בני דרום בע""מ",IL,כרמל סלקטד קברנה סוביניון יין אדום יבש 2017 750 מל,מיליליטרים,750.00,"100 מ""ל",false,1,29.90,3.9867,true,1,278
7290008801850,false,"יין סלקטד אמרלד ריזלינג 750מ""ל",אגודת הכורמים הקואופ,IL,כרמל סלקטד אמרלד ריזלינג-קולומברד 2018,מיליליטרים,750.00,"100 מ""ל",false,1,29.90,3.9867,true,1,279
7290008802291,false,"יין מרלו פרייוט קולקשן 750 מ""ל",אגודת הכורמים הקואופ,IL,כרמל פרייבט קולקשן מרלו 2018 יין אדום יבש 750 מל,מיליליטרים,750.00,"100 מ""ל",false,1,39.90,5.3200,true,1,280
7290008802895,false,יין קברנה סוביניון פרייוט קולקשן,אגודת הכורמים הקאופו,IL,"יין P.C קברנה סוביניון 750 מ""ל",מיליליטרים,750.00,"100 מ""ל",false,1,39.90,5.3200,true,1,281
7290008803090,false,"יין מרלו קולקשיין הסדרה האזורית כרמל 750 מ""ל",אגודת הכורמים הקואופ,IL,"יין מרלו גליל עליון 750 מ""ל",מיליליטרים,750.00,"100 מ""ל",false,1,59.90,7.9867,true,1,10496
7290008804189,false,יין קברנה סוביניון הסדרה האזורית גליל עליון,אגודת הכורמים הקואופ,IL,"יין קברנה סוביניון גליל עליון 750 מ""ל",מיליליטרים,750.00,"100 מ""ל",false,1,59.90,7.9867,true,1,11312
7290008804332,false,שיראז אדום יבש פריווט קולקשיין 750מל,אגודת הכורמים הקואופ,IL,יין שיראז פרייבט קולקשן יקבי כרמל,מיליליטרים,750.00,"100 מ""ל",false,1,39.90,5.3200,true,1,24451
7290008804462,false,יין פרייבט קולקשן מו,אגודת הכורמים הקואופ,IL,"יין P.C מוסקט לבן 500 מ""ל",מיליליטרים,500.00,"100 מ""ל",false,1,39.90,7.9800,true,1,8874
7290008804745,false,יין האזורית גוורצטרמ,אגודת הכורמים הקואופ,IL,יין ס.א גוורצטרמינר,מיליליטרים,750.00,"100 מ""ל",false,1,59.90,7.9867,true,1,21455
7290008805384,false,"יין סלקטד מוסקטו 750מ""ל",אגודת הכורמים הקואופ,IL,כרמל סלקטד מוסקטו יין לבן מבעבע קלות,מיליליטרים,750.00,"100 מ""ל",false,1,29.90,3.9867,true,1,300
7290008805520,false,"יין סלקטד קברנה מרלו 750מ""ל","כד בני דרום בע""מ",IL,"יין קברנה מרלו סלקטד 750 מ""ל",מיליליטרים,750.00,"100 מ""ל",false,1,29.90,3.9867,true,1,21457
7290008805964,false,"יין קברנה שיראז אזורית 750 מ""ל",אגודת הכורמים הקואופ,IL,"יין שיראז גליל עליון 750 מ""ל",מיליליטרים,750.00,"100 מ""ל",false,1,59.90,7.9867,true,1,11313
7290008806961,false,גלידה שוקולד שבבי שוקולד פרה 1.33 ל' קרמיסימו,"גלידת שטראוס בע""מ, ר",IL,גלידה קרמיסימו שוקולד צ'יפ פרה 1.33 ל',ליטרים,1.33,ליטר,false,1,26.90,20.2256,true,1,121451
7290008806985,false,נישנושים גלידה שוקו וניל בציפוי שוקולד 60 יח' קרמיסימו,שטראוס גלידות,IL,גלידונית קרמיסימו 1/60 630 גרם פרווה,גרמים,630.00,100 גרם,false,1,41.90,6.6508,true,1,121452
7290008807012,false,יין בינימינה טבע מוס,אליעז בנימינה,IL,"יין מוסקט חצי יבש סדרת טבע 750 מ""ל",מיליליטרים,750.00,"100 מ""ל",false,1,24.90,3.3200,true,1,24209
7290008807302,false,ליקר שוקולד 700 מל,אליעז בנימינה,IL,ליקר שוקולד700 מל,מיליליטרים,700.00,"100 מ""ל",false,1,54.90,7.8429,true,1,121456
7290008807319,false,ליקר בנימינה וישיניא,אליעז בנימינה,IL,"ליקר בנימינה וישיניאק 750 מ""ל",מיליליטרים,700.00,"100 מ""ל",false,1,54.90,7.8429,true,1,121457
7290008807562,false,ליקר בנימינה לימונצל,אליעז בנימינה,IL,"ליקר בנימינה לימונצלו 750 מ""ל",מיליליטרים,750.00,"100 מ""ל",false,1,54.90,7.3200,true,1,121775
7290008835466,false,שריר הזרוע 8 חלק ארג,בלאדי,IL,"שריר הזרוע 8 חלק ארגנטינה לק""ג",קילוגרמים,1.00,"ק""ג",true,,29.90,29.9000,true,1,35507
7290008835954,false,"פילה אמנון 5-7 וואקום בד""ץ.",בלאדי,IL,אמנון פילה 5-7 בוואקום,קילוגרמים,1.00,"ק""ג",true,,29.90,29.9000,true,1,35508
7290008835961,false,"פילה אמנון 7-9 וואקום בד""ץ",בלאדי,IL,אמנון פילה 7-9 בוואקום,קילוגרמים,1.00,"ק""ג",true,,29.90,29.9000,true,1,35524
7290008849609,false,רוטב לעוף שום דבש אוליביה 330 ג',אוליביה גורמה (1996),IL,אוליביה רוטב שום דבש לעוף,גרמים,330.00,100 גרם,false,1,14.90,4.5152,true,1,35948
7290008849661,false,אוליביה ממרח עגבניות מיובשות פיקנטי 180 גרם,טרופיקל דגיל תעשיות,IL,ממרח עגבניות מיובשות פקנטי אוליביה,גרמים,180.00,100 גרם,false,1,12.90,7.1667,true,1,9973
7290008849845,false,ממרח אוליביה אריסה פיקנטי 180 ג',"אוליביה גרומה בע""מ",IL,אריסה פקנטית אוליביה 185גרם,גרמים,185.00,100 גרם,false,1,12.90,6.9730,true,1,9974
7290008866019,false,ברי עיזים בייבי יעקו,משק יעקבס,IL,"ברי עיזים בייבי יעקובס לק""ג",קילוגרמים,1.00,"ק""ג",true,,149.00,149.0000,true,1,34141
7290008866040,false,"ברי עיזים יעקובס לק""",משק יעקבס,IL,"ברי עיזים יעקובס לק""ג",קילוגרמים,1.00,"ק""ג",true,,149.00,149.0000,true,1,34139
7290008881005,false,שמן זית ארבקינה פח 2,קיבוץ מגל,IL,שמן זית ארבקינה פח 2 ליטר,ליטרים,2.00,ליטר,false,1,104.90,52.4500,true,1,25646
7290008881050,false,שמן זית קורינייקי פח,קיבוץ מגל,IL,שמן זית קורינייקי פח 2 ליטר,ליטרים,2.00,ליטר,false,1,104.90,52.4500,true,1,25640
7290008881081,false,שמן זית פיקואל פח 2,קיבוץ מגל,IL,שמן זית פיקואל פח 2 ליטר,ליטרים,2.00,ליטר,false,1,104.90,52.4500,true,1,25641
7290008881203,false,שמן זית 2 ליטר מסיק,יושלם,,שמן זית 2 ליטר מסיק,ליטרים,2.00,ליטר,false,1,97.00,48.5000,true,1,124126
7290008881265,false,שמן זית מסיק קורטינה,יושלם,,שמן זית מסיק קורטינה,ליטרים,0.00,ליטר,false,1,49.00,0.0000,true,1,125523
7290008881272,false,שמן זית מסיק פיקואל,מסיק קיבוץ מגל,IL,"שמן פיקואל 750מ""ל",מיליליטרים,750.00,"100 מ""ל",false,1,49.90,6.6533,true,1,15081
7290008881296,false,"שמן קורינייקי 750מ""ל",מסיק קיבוץ מגל,IL,"שמן קורינייקי 750מ""ל",מיליליטרים,750.00,"100 מ""ל",false,1,49.90,6.6533,true,1,15080
7290008881494,false,שמן ארבניקה 750 מל,מסיק קיבוץ מגל,,שמן ארבניקה 750 מל,מיליליטרים,750.00,"100 מ""ל",false,1,49.90,6.6533,true,1,16298
7290008909761,false,"קרלסברג בקבוק יחיד 330מ""ל",מבשלות בירה בינלאומי,IL,"קרלסברג בק 330 מ""ל פקדון",מיליליטרים,330.00,"100 מ""ל",false,1,9.50,2.8788,true,1,119847
7290008909853,false,קוקה קולה זירו בקבוק 500מל,החברה המרכזית לייצור,IL,"קולה ZERO בקבוק 500 מ""ל",מיליליטרים,500.00,"100 מ""ל",false,1,7.50,1.5000,true,1,123168
7290008921015,false,יין תישבי קברנה סירה,"יקבי הבארון בע""מ",,"יין קברנה פטיט סירא 750 מ""ל",מיליליטרים,750.00,"100 מ""ל",false,1,34.90,4.6533,true,1,121464
7290008921022,false,יין תישבי פרנץ ריזלי,"יקבי הבארון בע""מ",,"יין פרנץ ריזלינג 750 מ""ל",מיליליטרים,750.00,"100 מ""ל",false,1,34.90,4.6533,true,1,121465
7290008921053,false,יין תישבי אדום סגול,"יקבי הבארון בע""מ",,"יין אדום סגול 750 מ""ל",מיליליטרים,750.00,"100 מ""ל",false,1,34.90,4.6533,true,1,1721
7290008921060,false,יין מוסקט ויוניה תשב,יקבי תישבי,IL,"יין מוסקט - ויוניה 750 מ""ל תישבי",מיליליטרים,750.00,"100 מ""ל",false,1,34.90,4.6533,true,1,26754
7290008921138,false,יין תשבי כחול לבן 75,"יקבי הבארון בע""מ",,"יין כחול לבן 750 מ""ל",מיליליטרים,750.00,"100 מ""ל",false,1,34.90,4.6533,true,1,1728
7290008921152,false,יין תישבי אסטייט רוב,יקבי הבארון – תשבי,,"יין תישבי אסטייט רובי קברנה 750 מ""ל",מיליליטרים,750.00,"100 מ""ל",false,1,139.90,18.6533,true,1,126431
7290008921169,false,יין תשבי קברנה סובינ,"יקבי הבארון בע""מ",,"יין תשבי ויניארדס קברנה 750 מ""ל",מיליליטרים,750.00,"100 מ""ל",false,1,48.90,6.5200,true,1,121466
7290008921176,false,יין תשבי ויניארדס מר,"יקבי הבארון בע""מ",,"יין תשבי ויניארדס מרלו 750 מ""ל",מיליליטרים,750.00,"100 מ""ל",false,1,48.90,6.5200,true,1,121679
7290008921190,false,יין אמרלד ריזלינג וי,יושלם,,יין תשבי ויניארדס ריזלינג 750,Unknown,0.00,Unknown,false,1,34.90,0.0000,true,1,121467
7290008921213,false,יין תשבי אסטייט ויונ,יקבי תישבי,IL,"יין תשבי אסטייט ויונייה 750 מ""ל",מיליליטרים,750.00,"100 מ""ל",false,1,56.90,7.5867,true,1,126003
7290008921251,false,קברנה פרנק תישבי 750,יושלם,,"יין קברנה פראנק 750 מ""ל תישבי",מיליליטרים,750.00,"100 מ""ל",false,1,48.90,6.5200,true,1,126487
7290008921268,false,יין תשבי אסטייט קברנ,יקבי הבארון – תשבי,,"יין תשבי אסטייט קברנה פרנק 750 מ""ל",מיליליטרים,750.00,"100 מ""ל",false,1,139.90,18.6533,true,1,126766
7290008921275,false,יין תישבי שיראז יבש,יושלם,,"יין שיראז 750 מ""ל תישבי",מיליליטרים,750.00,"100 מ""ל",false,1,48.90,6.5200,true,1,125241
7290008921312,false,יין תשבי אסטייט קברנ,יקבי הבארון – תשבי,,יין קברנה סובניון אסטייט,מיליליטרים,750.00,"100 מ""ל",false,1,84.90,11.3200,true,1,125236
7290008921329,false,יין מרלו אסטייט 750,יקבי הבארון – תשבי,,יין מרלו אסטייט,מיליליטרים,750.00,"100 מ""ל",false,1,84.90,11.3200,true,1,125242
7290008921336,false,יין תישבי אסטייט שרד,"יקבי הבארון בע""מ",,"יין שרדונה אסטייט 750 מ""ל",מיליליטרים,750.00,"100 מ""ל",false,1,56.90,7.5867,true,1,124009
7290008921442,false,יין תישבי אסטייט מלב,יושלם,,"יין תישבי אסטייט מלבק 750 מ""ל",מיליליטרים,750.00,"100 מ""ל",false,1,139.90,18.6533,true,1,125791
7290008921459,false,יין שיראז אסטייט 750,יקב תישבי יקבי הברון,,"יין שיראז אסטייט 750 מ""ל תישבי",מיליליטרים,750.00,"100 מ""ל",false,1,84.90,11.3200,true,1,127748
7290008921572,false,יין ויוניה גוורצטרמי,יקבי תישבי,,"ויוניה גוורצטרמינר 750 מ""ל",מיליליטרים,750.00,"100 מ""ל",false,1,48.90,6.5200,true,1,1723
7290008921633,false,יין תישבי אסטייט פינ,יקבי הבארון,IL,"יין אסטיין פינק סוביניון 750 מ""ל",מיליליטרים,750.00,"100 מ""ל",false,1,56.90,7.5867,true,1,36278
7290008921718,false,יין תישבי גוורצטרמינ,יושלם,,תישבי גוורצטרימנר,מיליליטרים,750.00,"100 מ""ל",false,1,56.90,7.5867,true,1,125463
7290008945172,false,גלילונית שקיות אשפה 52*65 40 יח',"אשפלסט תעשיות בע""מ",TH,שקיות אשפה עם שרוך,Unknown,0.00,Unknown,false,1,16.90,0.0000,true,1,121468
7290008945202,false,גלילונית ש.אשפה ענק 50 90X75יח' 2020,קילט ניהול פרוייקטים,TH,גלילונית שקיות רב שימושית לפח ענק 50 יח',Unknown,0.00,Unknown,false,1,16.70,0.0000,true,1,121469
7290008975551,false,מטרנה מהדרין חסכון שלב 3 700 גרם,מולינו ניקולי s.p.a,IL,מטרנה מהדרין שלב 3,גרמים,700.00,100 גרם,false,1,59.90,8.5571,true,1,3015
7290008975780,false,מזון לכלבים מגזע קטן,קריות זול,FR,בונזו גזע קטן 3 קג,קילוגרמים,3.00,"ק""ג",false,1,49.90,16.6333,true,1,121470
7290010002023,false,מימון כורכום הודי טח,א.ל ייצור ושיווק תבל,IL,תבלין כורכום תבליני מימון 100 גרם,גרמים,100.00,100 גרם,false,1,11.50,11.5000,true,1,121161
7290010002030,false,מימון כמון במיכל 100,א.ל ייצור ושיווק תבל,IL,תבלין כמון תבליני מימון 100 גרם,גרמים,100.00,100 גרם,false,1,11.50,11.5000,true,1,121162
7290010002047,false,מימון מלח לימון במיכ,א.ל ייצור ושיווק תבל,IL,תבליני מימון מלח לימון בצנצנת 200 גרם,גרמים,200.00,100 גרם,false,1,10.90,5.4500,true,1,121163
7290010002061,true,פלפל לבן טחון 100גרם,א.ל ייצור ושיווק תבל,IL,תבליני מימון פלפל לבן טחון בצנצנת 100 גרם,Unknown,0.00,Unknown,false,1,17.90,0.0000,true,1,2152
7290010002078,false,פלפל שחור טחון 100 גרם,א.ל ייצור ושיווק תבל,IL,תבליני מימון פלפל שחור טחון בצנצנת 100 גרם,גרמים,120.00,100 גרם,false,1,13.90,11.5833,true,1,121164
7290010002108,false,מימון פלפל שחור גרוס,א.ל ייצור ושיווק תבל,IL,תבליני מימון תבלין פלפל שחור גרוס גס 90 גרם,גרמים,900.00,100 גרם,false,1,13.90,1.5444,true,1,121165
7290010002122,false,פפריקה הונגרית מתוקה,א.ל ייצור ושיווק תבל,IL,תבליני מימון פפריקה הונגרית מתוקה בצנצנת 100 גרם,גרמים,100.00,100 גרם,false,1,11.50,11.5000,true,1,121166
7290010002146,false,פפריקה מרוקאית מתוקה 100 גרם,א.ל ייצור ושיווק תבל,IL,תבליני מימון פפריקה מרוקאית מתוקה בצנצנת 100 גרם,גרמים,100.00,100 גרם,false,1,11.50,11.5000,true,1,121168
7290010002177,false,פפריקה בטעם מעושן 90,א.ל. ייצור ושיווק תב,IL,פפריקה בטעם מעושן 90 גרם,גרמים,90.00,100 גרם,false,1,13.90,15.4444,true,1,34128
7290010002207,false,מימון קינמון טחון במ,א.ל ייצור ושיווק תבל,IL,תבליני מימון קינמון טחון בצנצנת 100 גרם,גרמים,100.00,100 גרם,false,1,9.90,9.9000,true,1,121171
7290010002214,false,מימון צילי גרוס 80 ג,TLV צ'יף,IL,תבלין צ'ילי גרוס תבליני מימון 80 גרם,גרמים,80.00,100 גרם,false,1,11.50,14.3750,true,1,121172
7290010002283,false,מימון תבלין על האש ב,א.ל ייצור ושיווק תבל,IL,תבלין תיבול על האש תבליני מימון 100 גרם,גרמים,100.00,100 גרם,false,1,11.50,11.5000,true,1,121173
7290010002290,false,תיבול לשווארמה 100 גרם,א.ל ייצור ושיווק תבל,IL,תבלין תיבול לשווארמה תבליני מימון 100 גרם,גרמים,110.00,100 גרם,false,1,11.50,10.4545,true,1,121174
7290010002313,false,תבלין קציצות מרוקני,א.ל ייצור ושיווק תבל,IL,תבליני מימון תבלין ראס אל חנות 100 גרם,גרמים,120.00,100 גרם,false,1,11.50,9.5833,true,1,122110
7290010002320,false,מימון תיבול לגריל עו,א.ל ייצור ושיווק תבל,IL,תערובת לתיבול גריל עוף תבליני מימון 100 גרם,גרמים,130.00,100 גרם,false,1,11.50,8.8462,true,1,121175
7290010002351,false,מימון זעתר ושומשום 1,א.ל ייצור ושיווק תבל,IL,תבלין זעתר ושומשום תבליני מימון 100 גרם,גרמים,100.00,100 גרם,false,1,11.50,11.5000,true,1,121177
7290010002368,false,מימון תערובת חווג` ל,א.ל ייצור ושיווק תבל,IL,תבליני מימון תערובת חוויאג' למרק 100 גרם,גרמים,100.00,100 גרם,false,1,11.50,11.5000,true,1,121178
7290010002375,false,מימון קארי 100 גרם,א.ל ייצור ושיווק תבל,IL,תבלין קארי תבליני מימון 100 גרם,גרמים,120.00,100 גרם,false,1,11.50,9.5833,true,1,122384
7290010002382,true,אורגנו 40 גרם,א.ל ייצור ושיווק תבל,IL,תבליני מימון אורגנו 40 גרם,גרמים,40.00,100 גרם,false,1,9.90,24.7500,true,1,2153
7290010002405,true,טימין הררי 40גרם,א.ל ייצור ושיווק תבל,IL,תבליני מימון טימין 40 גרם,Unknown,0.00,Unknown,false,1,9.90,0.0000,true,1,2154
7290010002429,false,מימון עלי דפנה במיכל,א.ל ייצור ושיווק תבל,IL,תבליני מימון עלי דפנה 20 גרם,גרמים,20.00,100 גרם,false,1,8.90,44.5000,true,1,9468
7290010002481,true,שום טחון תבליני מימו,א.ל ייצור ושיווק תבל,IL,תבליני מימון שום טחון בצנצנת 100 גרם,גרמים,100.00,100 גרם,false,1,13.90,13.9000,true,1,8779
7290010002498,false,מימון שום גבישי 120,א.ל ייצור ושיווק תבל,IL,תבליני מימון שום גבישי 120 גרם,גרמים,120.00,100 גרם,false,1,13.90,11.5833,true,1,121180
7290010002726,false,מימון תיבול לפרגיות,א.ל ייצור ושיווק תבל,IL,תבליני מימון תבלין לפרגיות 100 גרם,גרמים,110.00,100 גרם,false,1,11.50,10.4545,true,1,123928
7290010002986,false,תערובת חריפה אש מימ,א.ל ייצור ושיווק תבל,IL,פפריקה חריפה אש 100 גרם,גרמים,100.00,100 גרם,false,1,13.90,13.9000,true,1,34136
7290010003075,false,פפריקה מרוקאית מתוקה,TLV צ'יף,IL,תבליני מימון פפריקה מרוקאית מתוקה בצנצנת 400 גרם,גרמים,400.00,100 גרם,false,1,24.90,6.2250,true,1,26351
7290010003693,false,מימון פפריקה מתוקה ש,TLV צ'יף,IL,תבליני מימון פפריקה מתוקה שקית 80 גרם,Unknown,0.00,Unknown,false,1,5.90,0.0000,true,1,125389
7290010003709,false,פלפל שחור טחון שקית 50 גר',TLV צ'יף,IL,תבליני מימון פלפל שחור טחון 50 גרם,Unknown,0.00,Unknown,false,1,7.90,0.0000,true,1,125390
7290010003754,false,מימון כמון טחון שקית,TLV צ'יף,IL,תבליני מימון בשקית כמון טחון 50 גרם,גרמים,400.00,100 גרם,false,1,5.90,1.4750,true,1,122753
7290010003778,false,מימון תיבול לגריל עו,TLV צ'יף,IL,תבליני מימון תיבול גריל עוף 80 גרם,Unknown,0.00,Unknown,false,1,5.90,0.0000,true,1,125391
7290010003792,false,מימון מלח לימון שקית,א.ל ייצור ושיווק תבל,IL,תבליני מימון בשקית מלח לימון 100 גרם,Unknown,0.00,Unknown,false,1,5.90,0.0000,true,1,125392
7290010003808,false,מימון זעתר ושומשום ש,TLV צ'יף,IL,תבליני מימון זעתר ושומשום בשקית 80 גרם,Unknown,0.00,Unknown,false,1,5.90,0.0000,true,1,125393
7290010003839,false,קינמון טחון בשקית 80 גר',TLV צ'יף,IL,תבליני מימון קינמון טחון שקית 80 גרם,גרמים,80.00,100 גרם,false,1,5.90,7.3750,true,1,122689
7290010004348,false,מימון פ פריקה מתוקה,א.ל ייצור ושיווק תבל,IL,פפריקה מתוקה 250גרם,גרמים,250.00,100 גרם,false,1,21.90,8.7600,true,1,26347
7290010023141,false,תה לימונענע הגן הקסום 25 שיקיקים,קריות זול,IL,לימונענע - הגן הקסום,גרמים,55.00,100 גרם,false,1,19.90,36.1818,true,1,121633
7290010023943,false,חליטה מצמח הרויבוש Red tea בטעם קינמון ווניל,מולינו ניקולי s.p.a,IL,רוייבוש קינמון וניל T.T,גרמים,50.00,100 גרם,false,1,28.50,57.0000,true,1,122415
7290010032310,true,דבש פרחי בר 500ג,,,דבש פרחי בר 500ג,Unknown,0.00,Unknown,false,1,29.90,0.0000,true,1,133575
7290010032327,true,דבש אקליפטוס 500 גרם,,,דבש אקליפטוס 500 גרם,Unknown,0.00,Unknown,false,1,29.90,0.0000,true,1,133576
7290010032334,true,דבש פרחי זעתר,,,דבש פרחי זעתר,Unknown,0.00,Unknown,false,1,29.90,0.0000,true,1,133577
7290010032341,true,דבש פרחי אשל 500 גרם,,,דבש פרחי אשל 500 גרם,Unknown,0.00,Unknown,false,1,29.90,0.0000,true,1,133578
7290010032358,true,דבש פרחי דרור 500 גר,,,דבש פרחי דרור 500 גר,Unknown,0.00,Unknown,false,1,29.90,0.0000,true,1,133579
7290010032365,true,דבש שיזף 500 גר,,,דבש שיזף 500 גר,Unknown,0.00,Unknown,false,1,29.90,0.0000,true,1,133580
7290010032402,true,דבש פרחי הדר 1 קג,,,דבש פרחי הדר 1 קג,Unknown,0.00,Unknown,false,1,54.90,0.0000,true,1,133581
7290010032419,true,דבש פרחי בר 1 קג,,,דבש פרחי בר 1 קג,Unknown,0.00,Unknown,false,1,54.90,0.0000,true,1,133582
7290010032426,true,דבש אקליפטוס 1 קג,,,דבש אקליפטוס 1 קג,Unknown,0.00,Unknown,false,1,54.90,0.0000,true,1,133583
7290010032433,true,דבש פרחי זעתר 1 קג,,,דבש פרחי זעתר 1 קג,Unknown,0.00,Unknown,false,1,54.90,0.0000,true,1,133584
7290010032440,true,דבש אשל 1 קג,,,דבש אשל 1 קג,Unknown,0.00,Unknown,false,1,54.90,0.0000,true,1,133585
7290010032457,true,דבש פרחי דרור 1 קג,,,דבש פרחי דרור 1 קג,Unknown,0.00,Unknown,false,1,54.90,0.0000,true,1,133586
7290010032464,true,דבש שיזף 1 קג,,,דבש שיזף 1 קג,Unknown,0.00,Unknown,false,1,54.90,0.0000,true,1,133587
7290010116980,false,אבקת שוקולית שקית עלית 850 ג',הנסיך- מפעל לייצור ט,IL,שוקולית 850 גרם 6 יח,גרמים,850.00,100 גרם,false,1,19.70,2.3176,true,1,121706
7290010117864,false,דוריטוס בטעם חריף אש,שטראוס פריטו ליי בע,IL,דוריטוס חריף אש 70 גרם,גרמים,70.00,100 גרם,false,1,3.90,5.5714,true,1,122647
7290010117970,false,סבבה בוטנים קלויים מצופים - אריזה אישית,"שטראוס פריטו ליי בע""",IL,בוטנים אמריקאים סבבה 50 גרם,גרמים,50.00,100 גרם,false,1,2.90,5.8000,true,1,123302
7290010124213,false,סינטה בקר דק דק אל מטאדור 250 ג',בלאדי,IL,מינוט סינטה בקר 250 גרם ארוז - אל מטאדור,גרמים,250.00,100 גרם,false,1,19.90,7.9600,true,1,26640
7290010125104,true,קוקיס שוקו אגוז La F,לה פרינה,IL,קוקיס שוקו אגוז La Farina,Unknown,0.00,Unknown,false,1,38.90,0.0000,true,1,19756
7290010129287,false,עוגיות שיבולת שועל-ג,שיבולים א.ד.ל,IL,עוגיות שיבולת שועל -גרנולה 600 גרם,גרמים,600.00,100 גרם,false,1,17.90,2.9833,true,1,14523
7290010153503,false,שעועית בובס יבשה מיה 400 גר',מיה תעשיות מזון בעמ,IL,שעועית בובס מיה 400 גרם,גרמים,400.00,100 גרם,false,1,11.90,2.9750,true,1,37629
7290010153510,false,בורגול יבש מיה 500 גר',מיה,IL,בורגול מיה 500 גרם,גרמים,500.00,100 גרם,false,1,4.90,0.9800,true,1,37623
7290010153527,false,גריש מיה 500 גרם,מיה,IL,גריש מיה 500 גרם,גרמים,500.00,100 גרם,false,1,5.90,1.1800,true,1,37641
7290010153534,false,קמח תירס מיה 400 גרם,מיה תעשיות מזון,IL,קמח תירס מיה 400 גרם,גרמים,400.00,100 גרם,false,1,6.90,1.7250,true,1,37624
7290010153541,false,שיבולת שועל קוואקר מהיר הכנה מיה 500 גר',מיה תעשיות מזון,IL,קווקר מהיר הכנה 500 גרם,גרמים,500.00,100 גרם,false,1,7.90,1.5800,true,1,37671
7290010153695,false,פול גדול מיה 400 גר,מיה,IL,פול גדול מיה 400 גרם,גרמים,400.00,100 גרם,false,1,8.90,2.2250,true,1,37642
7290010154005,false,סחוג תימני ירוק 250 ביטון,תבליני ביטון יוחאי,IL,סחוג תימני 250 גרם,גרמים,250.00,100 גרם,false,1,14.90,5.9600,true,1,9554
7290010154012,false,לימון בלאדי - סלט לימון כבוש,תבליני ביטון יוחאי,IL,לימון כבוש בלאדי 250 גרם,גרמים,250.00,100 גרם,false,1,16.00,6.4000,true,1,9555
7290010154036,false,עמבה 250 ג' ביטון,תבליני ביטון יוחאי,IL,ביטון יוחאי המקורי עמבה סלט מנגו וחילבה 250 גרם,גרמים,250.00,100 גרם,false,1,14.90,5.9600,true,1,9589
7290010154241,false,סלט חזרת ריף ביטון 250 ג',תבליני ביטון יוחאי,IL,ביטון יוחאי המקורי סלט חזרת 250 גרם,גרמים,250.00,100 גרם,false,1,15.00,6.0000,true,1,9579
7290010154265,false,פלפל צ'ומה חריף פיקנטי,תבליני ביטון יוחאי,IL,"פלפל צ""ומה 250 גרם",גרמים,250.00,100 גרם,false,1,14.90,5.9600,true,1,9610
7290010154418,false,סחוג אדום ביטון 130 גר',תבליני ביטון יוחאי,IL,סחוג אדום 130 גרם,גרמים,130.00,100 גרם,false,1,10.90,8.3846,true,1,9726
7290010154678,false,אריסה מרוקאית ביטון 250 ג' ביטון,תבליני ביטון יוחאי,IL,אריסה מרוקאית 250 גרם,גרמים,250.00,100 גרם,false,1,14.90,5.9600,true,1,9025
7290010154685,false,סלט שום כתוש 250 ג' ביטון יוחאי,תבליני ביטון יוחאי,IL,ביטון יוחאי המקורי סלט שום כתוש 250 גרם,גרמים,250.00,100 גרם,false,1,14.90,5.9600,true,1,9026
7290010163069,false,צנובר שקדיה 100 גר,אף.סי תבליני בגליל ב,IL,צנובר 100 גרם,גרמים,100.00,100 גרם,false,1,24.90,24.9000,true,1,32258
7290010173181,false,יין הר גליל אלה אירו,יקב הרי גליל,IL,יין גליל אלה 750 מל,מיליליטרים,750.00,"100 מ""ל",false,1,59.90,7.9867,true,1,128792
7290010195268,false,פופקורן למיקרו בטעם טבעי מופחת שומן,פופ סטאר,US,פופקורן פופסטאר מופחת שומן טבע,גרמים,425.00,100 גרם,false,1,13.90,3.2706,true,1,124597
7290010195275,false,פופקורן להכנה במיקרוגל בטעם חמאה מופחת שומן,פופ סטאר,US,פופקורן פופסטאר מופחת שומן חמא,גרמים,425.00,100 גרם,false,1,13.90,3.2706,true,1,124598
7290010237531,false,"פפסי קולה פלסטיק 500 מ""ל","טמפו משקאות בע""ם.",IL,פפסי 500 מל בקבוק,מיליליטרים,500.00,"100 מ""ל",false,1,5.50,1.1000,true,1,122284
7290010237548,false,פפסי מקס בקבוק 500 מ``ל,טמפו משקאות בעמ,IL,פפסי מקס בקבוק 500 מל,מיליליטרים,500.00,"100 מ""ל",false,1,5.50,1.1000,true,1,122285
7290010237562,false,מירינדה פלסטיק 500מל,"טמפו משקאות בע""מ",IL,מירינדה 500 בקבוק 24 יח',מיליליטרים,500.00,"100 מ""ל",false,1,5.50,1.1000,true,1,122286
7290010237579,false,סבן אפ פלסטיק 500מל,"טמפו משקאות בע""מ",IL,סבן אפ 500 בקבוק,מיליליטרים,500.00,"100 מ""ל",false,1,5.50,1.1000,true,1,122287
7290010237685,false,"הייניקן בירה צואר ארוך 330מ""ל",טמפו משקאות בע''מ,IL,"בירה היינקן, בקבוק 330 מ''ל",מיליליטרים,330.00,"100 מ""ל",false,1,9.90,3.0000,true,1,121403
7290010237777,false,בירה שנדי בתוספת משקה לימון ליים,טמפו משקאות בע''מ,IL,"בירה שנדי, בירה בטעם לימון ליים, בקבוק 330 מ""ל",מיליליטרים,330.00,"100 מ""ל",false,1,6.50,1.9697,true,1,122223
7290010237784,false,בירה שנדי בתוספת משקה לימון ליים - שישייה,"טמפו משקאות בע""מ",IL,שישייה מכבי שנדי 330 מל בקבוק,ליטרים,1.98,ליטר,false,1,39.90,20.1515,true,1,122222
7290010237890,false,"בירה הייניקן בקבוק 500 מ""ל חוזר",טמפו משקאות בע''מ,IL,"בירה היינקן, בקבוק חוזר 500 מ""ל",מיליליטרים,500.00,"100 מ""ל",false,1,8.90,1.7800,true,1,304
7290010259830,false,מנת השף נודלס בסגנון סיני פיקנטי,נמצ'או(תאילנד) בעמ,TH,ויליפוד מנת השף נודלס בטעם סיני-פיקנטי 70 גרם,גרמים,70.00,100 גרם,false,1,5.50,7.8571,true,1,10066
7290010259847,false,מנת השף מרק עם נודלס טעם תירס בדץ 70ג,קריות זול,TH,ויליפוד מנת השף נודלס בטעם תירס 70 גרם,גרמים,70.00,100 גרם,false,1,5.50,7.8571,true,1,10067
7290010259854,false,מנת השף נודלס בטעם פטריות בדץ 70ג,נמצ'או(תאילנד) בעמ,TH,ויליפוד מנת השף נודלס בטעם פטריות 70 גרם,גרמים,70.00,100 גרם,false,1,5.50,7.8571,true,1,10072
7290010259861,false,מנת השף מרק עם נודלס בטעם ירקות בדץ 70ג,קריות זול,TH,מנת השף מרק עם נודלס בטעם ירקות 70 גרם,גרמים,70.00,100 גרם,false,1,5.50,7.8571,true,1,10071
7290010328093,false,ממרח חלווה אחווה 400 ג' מהדרין,אחדות בית חרושת לטחי,IL,אחוה ממרח חלוה 400 גרם,גרמים,400.00,100 גרם,false,1,12.90,3.2250,true,1,122769
7290010328246,false,טחינה גולמית שומשום מלא אחווה 500 ג',,IL,טחינה שומשום מלא אחווה 500 גרם,גרמים,500.00,100 גרם,false,1,14.90,2.9800,true,1,124524
7290010328253,false,טחינה משומשום טבעי 500 גר מהדרין,"אחדות ביח""ר בעמ",IL,אחוה טחינה גולמית 500 גרם בפלסטיק,גרמים,500.00,100 גרם,false,1,14.90,2.9800,true,1,124418
7290010328468,false,אחוה חטיפי מיני חלווה 12*18 יח,שוורצקוף& הנקל דיסלד,IL,"אחוה חטיפי מיני חלוה פיסטוק, וניל וקקאו 18 יחידות",גרמים,216.00,100 גרם,false,1,10.90,5.0463,true,1,18060
7290010328505,false,"חלבה חטיפי מיני לייטר לל""ס אחוה 150ג'",אחדות ביחר לטחינה חל,IL,חלבה אחוה מיני ללא סוכר 150 גרם,גרמים,150.00,100 גרם,false,1,10.90,7.2667,true,1,18061
7290010328734,false,ממרח טחינה עם סילאן משומשום מלא,אחדות ביחר לטחינה חל,IL,אחוה ממרח שומשום עם סילאן 400 גרם,גרמים,400.00,100 גרם,false,1,12.90,3.2250,true,1,24944
7290010328819,true,ממרח טחינה ושוקולד ל,אחדות בעמ,IL,אחוה ממרח שומשום בטעם שוקולד 400 גרם,Unknown,0.00,Unknown,false,1,12.90,0.0000,true,1,133615
7290010329984,false,שוקולד כרמית ציפס מר,כרמית תעשיות ממתקים,IL,אגו שוקולד צ'יפס מריר 60% מוצקי קקאו 250 גרם,גרמים,250.00,100 גרם,false,1,13.90,5.5600,true,1,12277
7290010429684,false,מארז 2 דבשים מפרחי בר 350 גרם *2,שטראוס גרופ,,מארז זוג דבש 350 גרם,גרמים,700.00,100 גרם,false,1,36.90,5.2714,true,1,122597
7290010471669,false,יוגורט תות עם קורנפלקס מצופה שוקולד ללא גלוטן 3.9%,"שטראוס בריאות בע""מ",IL,דנונה בר תות קורנפלקס,גרמים,175.00,100 גרם,false,1,4.80,2.7429,true,1,122125
7290010472307,false,מארז 8 יחידות משקה גמדים בטעם תות בננה,מיוצר עי קונדיטוריית,IL,גמדים לשתיה שמינייה תות בננה,מיליליטרים,800.00,"100 מ""ל",false,1,21.90,2.7375,true,1,122295
7290010472390,false,מארז 8 יחידות מעדן דני בטעם שוקולד 1.5%,מיוצר עי קונדיטוריית,IL,מארז 8 דני שוקולד,קילוגרמים,1.00,"ק""ג",false,1,16.90,16.9000,true,1,122367
7290010486302,false,עוגיות דולצה קאסה 30,ג.מ.טעם הארץ,IL,עוגיות דולצה קאסה 300 גר פרווה,גרמים,300.00,100 גרם,false,1,31.90,10.6333,true,1,33512
7290010546053,false,בריאני גרנולה צנצנת ללא סוכר 400גר,יוליניבר,IL,גרנולה מנדל קלויה ללא סוכר 400 גרם,גרמים,400.00,100 גרם,false,1,18.90,4.7250,true,1,9410
7290010561032,false,תערובת להכנת לפנקייק אקסטרה ויטמינים ומינרלים 400 גר',אשבל מזון פונקציונלי,IL,תערובת להכנת פנקייק ברילי 400גרם,גרמים,400.00,100 גרם,false,1,19.90,4.9750,true,1,29784
7290010561360,false,ברילי באגט EXTRA קמח טף 360 ג',קרלו,IL,באגט ברילי אקסטרהקמח טף 360גרם,גרמים,360.00,100 גרם,false,1,18.90,5.2500,true,1,29782
7290010561407,false,ברילי לחם פרוס EXTRA ויטמינים ומינרלים 500 ג',ברילי Barili,IL,לחם פרוס EXTRA ויטמינים,גרמים,500.00,100 גרם,false,1,21.90,4.3800,true,1,23891
7290010561414,false,לחם קל EXTRA צ'יה וטף ללא גלוטן,אשבל מזון פונקציונלי,IL,לחם קל ברילי אקסטרה ציה וטף 500גרם,גרמים,500.00,100 גרם,false,1,22.90,4.5800,true,1,25648
7290010561421,false,ברילי לחם כפרי EXTRA קמח טף 500 ג',אשבל מזון פונקציונלי,IL,לחם כפרי ברילי אקסטרה מקמח טף500גרם,גרמים,500.00,100 גרם,false,1,21.90,4.3800,true,1,23882
7290010561445,false,פיתות ללא גלוטן - 5 יח',אשבל מזון פונקציונלי,IL,ברילי פיתות 420גרם,גרמים,420.00,100 גרם,false,1,21.90,5.2143,true,1,25625
7290010561643,false,פירורי לחם ברילי ללא,אשבל מזון פונקציונלי,IL,פירורי לחם ברילי ללא גלוטן 250 גרם,גרמים,250.00,100 גרם,false,1,18.90,7.5600,true,1,23903
7290010561650,false,פתיתים אפויים ברילי,אשבל מזון פונקציונלי,IL,פתיתים אפויים ברילי בצורת אורז 250גרם,גרמים,250.00,100 גרם,false,1,19.90,7.9600,true,1,29786
7290010561964,false,ג'בטה EXTRA קמח טף ללא גלוטן - 3 יח',אשבל מזון פונקציונלי,IL,גבטה ברילי אקסטרה קמח טף 380גרם,גרמים,380.00,100 גרם,false,1,21.90,5.7632,true,1,26521
7290010582037,true,פלפל ננסי טינקרבל,חקלאי,IL,פלפל ננסי טינקרבל,לא מנהל יחידת מידה,0.00,לא מנהל יחידת מידה,false,1,9.90,0.0000,true,1,13453
7290010609734,false,אייס לי משקה להקפאה בטעמי פירות - מארז 8 יח',הדיל,IL,"שלוקים אייס לי 800 מ""ל",מיליליטרים,800.00,"100 מ""ל",false,1,5.90,0.7375,true,1,14430
7290010627004,false,טחינה גולמית מסורתית ירושלים 500 ג',"בראשית ירושלים בע""מ",IL,טחינה ירושלים 500 גרם,גרמים,500.00,100 גרם,false,1,15.90,3.1800,true,1,128459
7290010627844,false,טחינה גולמית שומשום מלא ירושלים 500גרם,"בראשית ירושלים בע""מ",IL,טחינה ירושלים 500 גרם שומשום מלא,גרמים,500.00,100 גרם,false,1,15.90,3.1800,true,1,21799
7290010632787,false,צימרוני אוזניים עץ 300יח',הדקלאים אגודת שיתופי,CN,צימרוני אוזניים עץ 300 יח' בשקית,Unknown,0.00,Unknown,false,1,4.90,0.0000,true,1,125036
7290010650019,false,עולש אנדיב בלגי חוות,מרינה פטריות הגליל,IL,לבבות חסה אנדיב,גרמים,300.00,100 גרם,false,1,13.90,4.6333,true,1,2579
7290010650033,false,בצלצלי שאלוט ארוז לי,חוות פטריות תקוע,IL,בצלצלי שאלוט ארוז ליח,יחידה,0.00,יחידה,false,1,14.90,0.0000,true,1,2578
7290010650040,false,פטריות שיטאקי טרי אר,ביכורי שדה דרום 2002,IL,פטריות שיטאקי טרי ארוז ליח,לא מנהל יחידת מידה,0.00,לא מנהל יחידת מידה,false,1,14.90,0.0000,true,1,12589
7290010650088,false,פטריות שמפיניון מיוב,קרלו,IL,פטריות שמפיניון מיוב,גרמים,25.00,100 גרם,false,1,12.90,51.6000,true,1,122568
7290010650194,false,שורש גינגר טרי 250 ג,יוליניבר,IL,שורש גינגר טרי 250 גר,יחידה,1.00,יחידה,false,1,11.90,11.9000,true,1,15187
7290010650231,false,פטריות מאיטקי מיובשו,קרלו,IL,פטריות מאיטאקי מיובשות,יחידה,1.00,יחידה,false,1,12.90,12.9000,true,1,2591
7290010650255,false,לקט פטריות מיובשות ל,קרלו,IL,לקט פטריות למרק 25 ג,Unknown,0.00,Unknown,false,1,19.90,0.0000,true,1,125219
7290010650293,true,בצלצלי שאלוט מקולפים,יוליניבר,IL,בצלצלי שאלוט מקולפים,יחידה,1.00,יחידה,false,1,17.90,17.9000,true,1,24482
7290010650415,false,עגבניות לחות/מיובשות,ירק הגליל,IL,עגבניות לחות ארוז,גרמים,200.00,100 גרם,false,1,12.90,6.4500,true,1,15171
7290010650590,false,ריזוטו פטריות מיובשו,קרלו,IL,ריזוטו 275 גרם,גרמים,275.00,100 גרם,false,1,19.90,7.2364,true,1,12385
7290010650668,false,גבעול לימון גראס,חקלאי,IL,גבעול לימון גראס,גרמים,140.00,100 גרם,false,1,13.90,9.9286,true,1,19037
7290010650767,false,אנדיב אדום ארוז,קרלו,BE,חוות תקוע אנדיב עולש אדום 220 גרם,גרמים,220.00,100 גרם,false,1,16.90,7.6818,true,1,19070
7290010650828,false,פטריות שימאגי לבן/חו,ביכורי שדה דרום 2002,IL,פטריות שימאגי,גרמים,150.00,100 גרם,false,1,16.90,11.2667,true,1,19074
7290010650927,false,עגבניות לחות עם בזיל,חקלאי,TR,עגבניות לחות עם בזיליקום,גרמים,200.00,100 גרם,false,1,15.90,7.9500,true,1,27747
7290010650996,false,פטריות שימגי חומות 1,שנגחאי פינק פוד קומפ,IL,חוות תקוע פטריות שי - מג'י חומות 150 גרם,יחידה,1.00,יחידה,false,1,14.90,14.9000,true,1,34659
7290010657100,false,ליצי שלם,FOOD,,ליצי שלמים בסירופ קל 567גרם FOOD,גרמים,567.00,100 גרם,false,1,9.90,1.7460,true,1,15042
7290010657254,false,סרדינים מרוקאי בשמן צמחי 125 ג',יוניון דה פחריס,,סרדינים בשמן צמחי 125 גרם,גרמים,125.00,100 גרם,false,1,5.50,4.4000,true,1,123820
7290010657292,false,צלפים בחומץ צנצנת 35,לוקסאפרס,,צלפים בחומץ צנצנת 350 גרם,גרמים,350.00,100 גרם,false,1,15.90,4.5429,true,1,123340
7290010657469,false,אספרגוס בצנצנת סטאר,,,אספרגוס בצנצנת סטאר פוד 330 גרם,גרמים,330.00,100 גרם,false,1,12.90,3.9091,true,1,122698
7290010657490,false,סרדינים בשמן חריף 12,יוניון דה פחריס,,סרדינים בשמן חריף 125 גרם,גרמים,125.00,100 גרם,false,1,6.50,5.2000,true,1,125208
7290010657506,false,סרדין בשמן זית,,,סרדין בשמן זית,יחידה,1.00,יחידה,false,1,6.90,6.9000,true,1,123463
7290010657551,false,סרדינים ברוטב עגבניו,יוניון דה פחריס,,סרדינים ברוטב עגבניות 125 גרם,גרמים,125.00,100 גרם,false,1,5.50,4.4000,true,1,124207
7290010657681,false,פילה מקרל בשמן צמחי,קזבלנקה,,פילה מקרל בשמן צמחי,יחידה,1.00,יחידה,false,1,8.90,8.9000,true,1,123190
7290010657704,false,פילה מקרל בשמן,קזבלנקה,,פילה מקרל בשמן,גרמים,125.00,100 גרם,false,1,9.90,7.9200,true,1,123462
7290010657834,false,"סטאר פוד מי ורדים 500 מ""ל",יושלם,,מי ורדים 500מל FOOD1,מיליליטרים,500.00,"100 מ""ל",false,1,18.90,3.7800,true,1,15126
7290010657902,false,בצלצלי פנינה,,,בצלצלי פנינה,גרמים,240.00,100 גרם,false,1,12.90,5.3750,true,1,123939
7290010748891,false,קרם גוף מולטי ויטמין Multi vitamin לעור רגיל- יבש,פישר מעבדות פרמצבטיו,IL,"אפקטיב קר קרם גוף לעור רגיל 700 מ""ל",מיליליטרים,700.00,"100 מ""ל",false,1,29.90,4.2714,true,1,12596
7290010760688,false,בצק פילאס שחף מגולגל,מאפית אריאל,,בצק פילאס 600 גרם,גרמים,600.00,100 גרם,false,1,15.90,2.6500,true,1,128804
7290010778058,false,פטוציני לבן/ טריקולו,פסטה דיאורו,IL,פטוציני לבן/ טריקולור,גרמים,500.00,100 גרם,false,1,19.90,3.9800,true,1,14559
7290010778065,false,ניוקי תפוח אדמה 500ג,פסטה דיאורו,IL,ניוקי תפוח אדמה,גרמים,500.00,100 גרם,false,1,19.90,3.9800,true,1,20085
7290010778089,false,טורטליני גבינה 500גר,פסטה דיאורו,IL,טורטלוני גבינה,גרמים,500.00,100 גרם,false,1,32.90,6.5800,true,1,20086
7290010778096,true,קנלוני ריקוטה ותרד,פסטה דיאורו,IL,קנלוני ריקוטה ותרד,גרמים,500.00,100 גרם,false,1,36.90,7.3800,true,1,12097
7290010778119,false,רוטב עגבניות,פסטה דיאורו,IL,רוטב עגבניות,גרמים,240.00,100 גרם,false,1,13.90,5.7917,true,1,12137
7290010778126,false,רוטב פסטו 240גר,פסטה דיאורו,IL,רוטב פסטו,גרמים,240.00,100 גרם,false,1,21.90,9.1250,true,1,12136
7290010778157,false,רביולי ריקוטה ותרד 5,פסטה דיאורו,IL,רביולי ריקוטה ותרד,גרמים,500.00,100 גרם,false,1,29.90,5.9800,true,1,20096
7290010778164,false,רביולי ריקוטה פטריות,פסטה דיאורו,IL,רביולי ריקוטה ופטריות,גרמים,500.00,100 גרם,false,1,29.90,5.9800,true,1,20097
7290010778171,false,רביולי בטטה 500גר,פסטה דיאורו,IL,רביולי בטטה,גרמים,500.00,100 גרם,false,1,29.90,5.9800,true,1,20101
7290010778188,false,רביולי 4 גבינות 500ג,פסטה דיאורו,IL,רביולי 4 גבינות,גרמים,500.00,100 גרם,false,1,29.90,5.9800,true,1,20099
7290010778201,false,רוטב שמנת אלפרדו 240,פסטה דיאורו,IL,רוטב אלפרדו,גרמים,240.00,100 גרם,false,1,19.90,8.2917,true,1,12138
7290010778218,false,רוטב שמנת פטריות 240,פסטה דיאורו,IL,רוטב שמנת פטריות,גרמים,240.00,100 גרם,false,1,19.00,7.9167,true,1,12084
7290010778225,false,רוטב שמנת ועגבניות 2,פסטה דיאורו,IL,רוטב שמנת עגבניות,גרמים,240.00,100 גרם,false,1,19.90,8.2917,true,1,12139
7290010778256,false,רביולי ריקוטה ופרמזן,פסטה דיאורו,IL,רביולי ריקוטה ופרמזן,גרמים,500.00,100 גרם,false,1,29.90,5.9800,true,1,20095
7290010778263,false,רביולי גבינות צאן 50,פסטה דיאורו,IL,רביולי גבינות צאן,גרמים,500.00,100 גרם,false,1,29.90,5.9800,true,1,20100
7290010778287,false,רביולי רוקפור ואגוזי,פסטה דיאורו,IL,רביולי רוקפור ואגוזים,גרמים,500.00,100 גרם,false,1,29.90,5.9800,true,1,20098
7290010778300,false,רביולי מוצרלה 500גר,פסטה דיאורו,IL,רביולי מוצרלה,גרמים,500.00,100 גרם,false,1,29.90,5.9800,true,1,20102
7290010778324,false,ניוקי בטטה 500גר,פסטה דיאורו,IL,ניוקי בטטה,גרמים,500.00,100 גרם,false,1,19.90,3.9800,true,1,20093
7290010778331,false,ניוקי תרד,פסטה דיאורו,IL,ניוקי תרד,גרמים,500.00,100 גרם,false,1,19.90,3.9800,true,1,20094
7290010778362,true,רביולי גבינות עיזים,פסטה דיאורו,IL,רביולי גבינות עיזים ובזיליקום,גרמים,500.00,100 גרם,false,1,29.90,5.9800,true,1,12096
7290010778485,false,רוטב שמנת בטטה 240גר,פסטה דיאורו,IL,רוטב שמנת בטטה,גרמים,240.00,100 גרם,false,1,19.90,8.2917,true,1,12140
7290010778492,false,רוטב שמנת תרד 240גר,פסטה דיאורו,IL,רוטה שמנת תרד,גרמים,240.00,100 גרם,false,1,19.90,8.2917,true,1,12141
7290010778508,false,רוטב רוקפור ואגוזים,פסטה דיאורו,IL,רוטב רוקפור ואגוזים,גרמים,240.00,100 גרם,false,1,19.90,8.2917,true,1,12142
7290010778515,false,רוטב פלפלים,פסטה דיאורו,IL,רוטב פלפלים,גרמים,250.00,100 גרם,false,1,19.50,7.8000,true,1,20275
7290010778553,false,ניוקי סלק ממולא גבינ,פסטה דיאורו,IL,ניוקי סלק ממולא גבינה,גרמים,500.00,100 גרם,false,1,29.90,5.9800,true,1,12095
7290010778560,true,ניוקי תפוח אדמה ממול,פסטה דיאורו,IL,ניוקי תפוח אדמה ממולא גבינה,גרמים,500.00,100 גרם,false,1,29.90,5.9800,true,1,12094
7290010778683,false,ניוקי מעורב,פסטה דיאורו,IL,ניוקי מעורב,גרמים,500.00,100 גרם,false,1,19.90,3.9800,true,1,20130
7290010791545,false,שימורי כבד גורמה להקט 85 ג',"הייקיו, תאילנד",TH,לה קט דליקטס פטה כבד עוף 85גרם,גרמים,85.00,100 גרם,false,1,5.90,6.9412,true,1,816
7290010791552,false,שימורי טונה גורמה לה קט 85 ג',"הייקיו, תאילנד",TH,לה קט דליקטס טונה ברוטב 85 גרם,גרמים,85.00,100 גרם,false,1,5.90,6.9412,true,1,817
7290010814244,false,שלשות שוקולד מריר 85 גרם*3 בלמינט *18 בקרטון,כרמית תעשיות ממתקים,IL,שלשות שוקולד מריר 44% 85 גר*3*18 בקרטון,גרמים,300.00,100 גרם,false,1,13.90,4.6333,true,1,125711
7290010814251,false,שלשות שוקולד חלב 85 גר*3 בלמינט*18 בקרט בדצ,כרמית תעשיות ממתקים,IL,שלשות שוקולד חלב 85 גר*3 בלמינט * 18 בקרט בדצ,גרמים,225.00,100 גרם,false,1,13.90,6.1778,true,1,125712
7290010814268,false,שלשות שוקולד לבן 85 גר*3 בלמינט * 18 בקרטון,כרמית תעשיות ממתקים,IL,שלשות שוקולד לבן 85 גר*3 בלמינט * 18 בקרטון,גרמים,255.00,100 גרם,false,1,13.90,5.4510,true,1,125713
7290010814695,false,שוקולד מריר ללא תוספת סוכר וסטהיים,כרמית תעשיות ממתקים,IL,שוקולד מריר ללא תוספת סוכר אגו 85 גרם,גרמים,85.00,100 גרם,false,1,6.90,8.1176,true,1,123959
7290010814701,false,שוקולד חלב ללא תוספת סוכר וסטהיים,כרמית תעשיות ממתקים,IL,"שוקולד חלב לל""ס 85ג*12בדיס*2בקרט",גרמים,85.00,100 גרם,false,1,6.90,8.1176,true,1,123960
7290010838219,false,ממתיק על בסיס צמח הסטיביה - שקיות,תות ממתקי איכות,IL,ממתיק על בסיס סטיביה 100 שקיות,גרמים,100.00,100 גרם,false,1,32.90,32.9000,true,1,125059
7290010838424,false,ג'ל לניקוי מתקדם בניחוח רענן - מארז זוג,"איטיליאן פוד, אס.פי.",NL,דאק נוזל לניקוי אסלה ירוק בניחוח רענן -2*750מ,ליטרים,1.50,ליטר,false,1,21.70,14.4667,true,1,122420
7290010838431,false,ג'ל לניקוי מתקדם בניחוח ים - מארז זוג,מיוצר עי קונדיטוריית,NL,דאק נוזל לניקוי אסלה כחול בניחוח ים -2*750מ,ליטרים,1.50,ליטר,false,1,21.70,14.4667,true,1,122421
7290010839865,false,רוטב רכז רימונים ויליפוד 320 ג',ניו ג'רסי סטאר סנקס,TR,רוטב רימונים 320 גרם,מיליליטרים,320.00,"100 מ""ל",false,1,12.90,4.0313,true,1,10077
7290010849505,false,יין למברוסקו די לואיג'י רוסו דולצ'ה,פארייפאבה אגרואינדוס,IT,"למברוסקו די לואיגי אדום 750 מ""ל",מיליליטרים,750.00,"100 מ""ל",false,1,34.90,4.6533,true,1,335
7290010849512,false,יין למברוסקו די לואיג'ירוזטו אמבילה,פארייפאבה אגרואינדוס,IT,"למברוסקו די לואיגי רוזה 750 מ""ל",מיליליטרים,750.00,"100 מ""ל",false,1,34.90,4.6533,true,1,350
7290010849529,false,יין למברוסקו די לואיג'י ביאנקו,פארייפאבה אגרואינדוס,IT,"למברוסקו די לואיגי ביאנקו 750 מ""ל",מיליליטרים,750.00,"100 מ""ל",false,1,34.90,4.6533,true,1,362
7290010849734,false,קאווה סמי סקו ריאל א,יקב,,"קאווה סמי סקו ריאל אימפריאל 750 מ""ל",מיליליטרים,750.00,"100 מ""ל",false,1,37.90,5.0533,true,1,21987
7290010880065,false,ליקר אוכמניות 500 מל,"יקב לביא, גוש עציון",,ליקר אוכמניות 500,מיליליטרים,500.00,"100 מ""ל",false,1,79.90,15.9800,true,1,128882
7290010883363,false,כפפות אלוורה רב שימושיות מרופדות קטן S,האי נאם סי או אל.טי.,CN,סושי כפפות אלוורה רב שימושיות - S,Unknown,0.00,Unknown,false,1,10.80,0.0000,true,1,10327
7290010883370,false,כפפות אלוורה רב שימושיות מרופדות בינוני M,האי נאם סי או אל.טי.,CN,סושי כפפות אלוורה רב שימושיות - M,Unknown,0.00,Unknown,false,1,10.80,0.0000,true,1,122788
7290010903917,false,שניצל תירס שף הטבע 1,משק ויילר,IL,שניצל תירס שף הטבע 1 קג,קילוגרמים,1.00,"ק""ג",false,1,21.90,21.9000,true,1,37499
7290010903924,false,שניצל צמחי שף הטבע 1,משק ויילר,IL,שניצל צמחי שף הטבע 1 קג,קילוגרמים,1.00,"ק""ג",false,1,21.90,21.9000,true,1,37500
7290010903931,false,כוכבי תירס שף הטבע 1,משק ויילר,IL,כוכבי תירס שף הטבע 1 קג,קילוגרמים,1.00,"ק""ג",false,1,21.90,21.9000,true,1,37501
7290010945146,false,קוטג' 3% מועשר בסידן טרה 250 ג' מהדרין,קריות זול,IL,קוטג מועשר 3% טרה 250 גרם,גרמים,250.00,100 גרם,false,1,6.20,2.4800,true,1,122451
7290010945306,false,חלב 3% בקרטון 2 ל' טרה,קריות זול,IL,"חלב בקרטון 3% 2 ליטר בד""צ",ליטרים,2.00,ליטר,false,1,12.46,6.2300,true,1,122518
7290010945450,false,טרה גבינה לבנה מהדרין 3% 250ג,קריות זול,IL,גבינה לבנה 3% 250 גרם,גרמים,250.00,100 גרם,false,1,5.10,2.0400,true,1,122519
7290010970223,false,חומץ יין אדום מונטני,יושלם,IL,חומץ בן יין אדום,מיליליטרים,500.00,"100 מ""ל",false,1,19.90,3.9800,true,1,126846
7290010970254,false,חומץ בן יין לבן מונט,יושלם,IL,חומץ בן יין לבן טעמים,מיליליטרים,500.00,"100 מ""ל",false,1,19.00,3.8000,true,1,126856
7290010970261,false,"חומץ תפוחי עץ 500 מ""",יושלם,IL,חומץ תפוחי עץ 500 מל,מיליליטרים,500.00,"100 מ""ל",false,1,19.00,3.8000,true,1,24826
7290011015374,false,"סחוט תפוחים צלול פריגת 400 מ""ל",היינץ צפון אמריקה מק,IL,"סחוט תפוח צלול 400 מ""ל",מיליליטרים,400.00,"100 מ""ל",false,1,9.50,2.3750,true,1,822
7290011015862,false,"פריגת סירופ דיאט לימונענע 750 מ""ל",סירופ - גבעת חיים,IL,"סירופ דיאט לימונענע 750 מ""ל",מיליליטרים,750.00,"100 מ""ל",false,1,24.60,3.2800,true,1,123827
7290011017866,false,קוקה קולה קלאסי בפחית,החברה המרכזית לייצור,IL,"סליק קוקה קולה 330 מ""ל מבצע",מיליליטרים,330.00,"100 מ""ל",false,1,5.90,1.7879,true,1,125220
7290011017873,false,"קוקה קולה זירו פחית 330 מ""ל",החברה המרכזית לייצור,IL,"סליק קולה ZERO 330 מ""ל מבצע",מיליליטרים,330.00,"100 מ""ל",false,1,5.90,1.7879,true,1,125221
7290011018184,false,"אייס תה FUZE TEAאפרסק 500 מ""ל",מבשלות בירה בינלאומי,IL,FUZE tea אפרסק 0.5 ליטר,מיליליטרים,500.00,"100 מ""ל",false,1,8.50,1.7000,true,1,125197
7290011018368,false,שישיית בירה ויינשטפן,"ויינשטפן, ת.ד 1155 פ",DE,Weihenstephan - בירת חיטה מעוננת,ליטרים,1.98,ליטר,false,1,74.90,37.8283,true,1,438
7290011018443,false,"פנטה אורנג פחית סליק 330 מ""ל",החברה המרכזית לייצור,IL,"סליק פאנטה אורנג' 330 מ""ל מבצע",מיליליטרים,330.00,"100 מ""ל",false,1,5.90,1.7879,true,1,829
7290011018474,false,סיידר סומרסבי תפוחים,"קרלסברג קרואטיה , יב",HR,"סומרסבי סיידר בקבוק 330 מ""ל",מיליליטרים,330.00,"100 מ""ל",false,1,9.90,3.0000,true,1,126690
7290011018832,false,קוקה קולה פרידג' פאק פחיות 6*330מל,החברה המרכזית לייצור,IL,"ק""ק 6 FRIDGE-PACK מבצע",ליטרים,1.98,ליטר,false,1,24.90,12.5758,true,1,125677
7290011018917,false,קוקה קולה זירו פרידג'פק סליק 6*330מל,החברה המרכזית לייצור,IL,"מארז ק""ק ZERO 6 פח FRIDGE-PACK מבצע",ליטרים,1.98,ליטר,false,1,24.90,12.5758,true,1,125685
7290011018924,false,דיאט קוקה קולה פרידג'פק סליק 6*330מל,החברה המרכזית לייצור,IL,דקק 6 פח FRIDGE Pack מבצע,ליטרים,1.98,ליטר,false,1,24.90,12.5758,true,1,125678
7290011064020,false,בולגרית למריחה 13% 200 ג' ניצן,גבינות ניצן,,גבינה בולגרית בעיר 200 גרם,גרמים,200.00,100 גרם,false,1,14.90,7.4500,true,1,122773
7290011064075,false,מעדן לאבנה ניצן אבו גוש 200 ג',גבינות עמיר ניצן,,גבינת לאבנה אבו גוש פלוס 200 גרם,גרמים,200.00,100 גרם,false,1,14.90,7.4500,true,1,123248
7290011064099,false,טאפס פלפלוני שרי ממולאים במעדן גבינה,"ניצן מותגי מזון בע""מ",IL,טאפס שכונתי 125 גרם,גרמים,125.00,100 גרם,false,1,20.30,16.2400,true,1,124689
7290011064273,false,חמאת פורציני 100 גרם,גבינות ניצן,,חמאת פורציני 100 גרם,גרמים,100.00,100 גרם,false,1,16.90,16.9000,true,1,128170
7290011065423,true,מלח ים מטחנה 130ג,א.ל ייצור ושיווק תבל,IL,תבליני מימון מטחנה מלח ים 130 גרם,Unknown,0.00,Unknown,false,1,15.90,0.0000,true,1,133660
7290011065447,false,תבלין לפיצה מטחנה 50,TLV צ'יף,IL,תבליני מימון מטחנה תבלין לפיצה 50 גרם,גרמים,50.00,100 גרם,false,1,15.90,31.8000,true,1,26350
7290011081492,false,גלידה בטעם שלושה שוקולדים 1.33ל' קרמיסימו,"גלידת שטראוס בע""מ, ר",IL,מעדן קפוא קרמיסימו 3 שוקולדים 1.33 ל',ליטרים,1.33,ליטר,false,1,26.90,20.2256,true,1,122890
7290011113926,false,דאודורנט ספריי טיטניום בלאק Titanium Black,משווק: וסמופארם בעממ,IL,"טיטניום דאודורנט ספריי בלק 180 מ""ל",מיליליטרים,180.00,"100 מ""ל",false,1,18.90,10.5000,true,1,9615
7290011115166,false,נקה 7 ארומה סבון נוזלי לבנדר 1 ל',טרופיקל דגיל תעשיות,IL,נקה 7 תחליב רחצה לבנדר 1 ליטר,ליטרים,1.00,ליטר,false,1,14.90,14.9000,true,1,122651
7290011115173,false,נקה 7 ארומה סבון נוזלי וניל 1 ל',טרופיקל דגיל תעשיות,IL,נקה 7 תחליב רחצה וניל ושקד 1 ליטר,ליטרים,1.00,ליטר,false,1,14.90,14.9000,true,1,9611
7290011115203,false,אל סבון מוצק מבושם בניחוח עדין קלאסיק - מארז רביעיה,טרופיקל דגיל תעשיות,IL,נקה 7 סבון מוצק ורוד 1/4,גרמים,400.00,100 גרם,false,1,10.90,2.7250,true,1,2913
7290011115258,false,אל סבון מוצק מבושם בניחוח עדין קלאסיק - מארז רביעיה,גליל כימיקלים בעמ,IL,נקה 7 אל סבון מוצק ניחוח עדין קלאסיק,גרמים,400.00,100 גרם,false,1,14.90,3.7250,true,1,10328
7290011115272,false,אל סבון מוצק מועשר בקרם לחות צמחים - מארז רביעיה,קוסמופארם בע''מ,IL,נקה 7 סבון ירוק מועשר -רביעיה,גרמים,400.00,100 גרם,false,1,14.90,3.7250,true,1,122933
7290011115289,false,אל סבון מוצק מבושם בניחוח עדין קלאסיק - מארז רביעיה,"גליל כימיכלים בע""מ",IL,נקה 7 סבון מוצק לילך - רביעיה,גרמים,400.00,100 גרם,false,1,12.90,3.2250,true,1,122934
7290011126209,false,תה הגן הקסום תפוח וקינמון - סיידר 25 שקיקים,קריות זול,IL,תפוח וקינמון- סיידר - הגן הקסום,גרמים,67.00,100 גרם,false,1,19.90,29.7015,true,1,122687
7290011126452,false,תה הגן הקסום קמומיל ונענע 25 יח',קריות זול,IL,"קמומיל ונענע ""הגן הקסוםC24 ?",גרמים,37.00,100 גרם,false,1,19.90,53.7838,true,1,123076
7290011126469,false,תה קמומיל ודבש 1.5ג' *25 שקיקים,קריות זול,IL,"קמומיל ודבש ""הגן הקסוםC24 ?",גרמים,37.00,100 גרם,false,1,19.90,53.7838,true,1,123077
7290011126957,false,תה יסוצקי ירוק ארל גריי 25 יח',ויסוצקי ירוק,IL,תה ירוק ארל גריי T.T,גרמים,37.00,100 גרם,false,1,25.90,70.0000,true,1,123429
7290011128043,false,שורש ארוז,חקלאי,IL,שורש ארוז,יחידה,1.00,יחידה,false,1,5.90,5.9000,true,1,28833
7290011128050,false,גזר צבעוני ארוז,מרינה,IL,גזר צבעוני ארוז,יחידה,1.00,יחידה,false,1,7.90,7.9000,true,1,27228
7290011131050,false,גרנולה בתוספת פקאן וצימוקים,ויטליאה ניקולה דו,MK,גרנולה פלוס צימוקים ופקאן 1 קג,קילוגרמים,1.00,"ק""ג",false,1,25.90,25.9000,true,1,27015
7290011131371,false,מוזלי קראנצ'י שקדים ואגוזים,ויטליאה ניקולה דו,MK,מוזלי פלוס אגוזים ושקדים 1 קג,קילוגרמים,1.00,"ק""ג",false,1,25.90,25.9000,true,1,122718
7290011131388,false,מיזלי קראנץ תפוחים ג,ויטליאה ניקולה דו,MK,"מוזלי קרנצי תפוחים קינמון גרין 1 ק""ג",קילוגרמים,1.00,"ק""ג",false,1,25.90,25.9000,true,1,122716
7290011131395,false,מוזלי קראנצ'י 30% פירות,ויטליאה ניקולה דו,MK,גרין מוזלי קראנצ'י בתוספת 30% פירות 1 קג,קילוגרמים,1.00,"ק""ג",false,1,25.90,25.9000,true,1,122717
7290011131654,false,מוזלי קראנצ'י ביג מיקס עם פירות ואגוזים,ויטליה ניקולא דו,MK,"גרין מוזלי קראנצ'י עם פירות ואגוזים, 1.1 קג",קילוגרמים,1.00,"ק""ג",false,1,25.90,25.9000,true,1,18105
7290011131968,false,גרנולה בתוספת שקדים ואגוזים,ויטליה ניקולא דו,MK,גרנולה בתוספת שקדים ואגוזים 1 קג,קילוגרמים,1.00,"ק""ג",false,1,27.90,27.9000,true,1,27014
7290011131975,false,גרנולה בתוספת פירות מיובשים ומסוכרים,ויטליאה ניקולה דו,MK,גרין גרנולה עם פירות מיובשים ומסוכרים 1.1 קג,קילוגרמים,1.00,"ק""ג",false,1,27.90,27.9000,true,1,17826
7290011132019,false,גולדסטאר בלאק רוסט ב,טמפו,IL,"גולדסטאר בלאק רוסט בקבוק 330 מ""ל",מיליליטרים,330.00,"100 מ""ל",false,1,7.90,2.3939,true,1,36158
7290011132507,false,"סודה סן בנדטו מוגז עדין 500מ""ל",אקווה מינרלה סאן בנד,IT,סן בנדטו מוגז 500 מל,מיליליטרים,500.00,"100 מ""ל",false,1,6.00,1.2000,true,1,124572
7290011132583,false,"מארז פפסי מקס 500 מ""ל*6 יח' בקבוק","טמפו משקאות בע""מ",IL,פפסי מקס 500 שישייה,ליטרים,3.00,ליטר,false,1,29.90,9.9667,true,1,30024
7290011133375,false,בירה שנדי בתוספת משקה אפרסק - שישייה,"טמפו משקאות בע""מ",IL,שישיית מכבי שנדי אפרסק,ליטרים,1.98,ליטר,false,1,39.90,20.1515,true,1,123513
7290011133504,false,"מכבי שנדי אפרסק בקבוק בודד 330 מ""ל",טמפו משקאות בע''מ,IL,"בירה שנדי, בירה בטעם אפרסק, בקבוק 330 מ""ל",מיליליטרים,330.00,"100 מ""ל",false,1,6.50,1.9697,true,1,123514
7290011133634,false,"פפסי מקס פחית צרה מארז שישייה 330 מ""ל","טמפו משקאות בע""מ",IL,פפסי מקס פחית 330 מל שישייה,ליטרים,1.98,ליטר,false,1,22.90,11.5657,true,1,25688
7290011142704,true,לחם שיפון La Farina,לה פרינה,IL,לחם שיפון La Farina,גרמים,0.00,100 גרם,false,1,21.90,0.0000,true,1,19758
7290011142711,true,לחם שיפון כפרי La Fa,לה פרינה,IL,לחם שיפון כפרי La Farina,לא מנהל יחידת מידה,0.00,לא מנהל יחידת מידה,false,1,21.90,0.0000,true,1,19759
7290011142728,true,לחם שיפון ביתי La Fa,לה פרינה,IL,לחם שיפון ביתי La Farina,Unknown,0.00,Unknown,false,1,21.90,0.0000,true,1,19760
7290011142742,true,לחם שיפון 100% La Fa,לה פרינה,IL,לחם שיפון 100% La Farina,לא מנהל יחידת מידה,0.00,לא מנהל יחידת מידה,false,1,27.90,0.0000,true,1,19762
7290011142759,false,לחם מחמצת (ארוז),לה פרינה,IL,לחם מחמצת (ארוז) לה פרינה,יחידה,1.00,יחידה,false,1,19.90,19.9000,true,1,22506
7290011142773,true,לחם קסטן La Farina,לה פרינה,IL,לחם קסטן La Farina,Unknown,0.00,Unknown,false,1,19.90,0.0000,true,1,19763
7290011142780,true,לחם משפחתי La Farina,לה פרינה,IL,לחם משפחתי La Farina,לא מנהל יחידת מידה,0.00,לא מנהל יחידת מידה,false,1,27.90,0.0000,true,1,19764
7290011148591,false,כרובית ארוזה ליח 50,עטרה,IL,כרובית ארוזה ליח 500 גרם,גרמים,500.00,100 גרם,false,1,14.90,2.9800,true,1,35197
7290011148898,false,ברוקולי ארוז במגשית,חקלאי,IL,ברוקולי ארוז במגשית,לא מנהל יחידת מידה,0.00,לא מנהל יחידת מידה,false,1,9.90,0.0000,true,1,8750
7290011153885,false,נייר אכיל לקישוט עוג,גילרוי,,נייר אכיל ממותג .,Unknown,0.00,Unknown,false,1,22.60,0.0000,true,1,122701
7290011154035,false,"תרכיז תפוחים סחוט 500 מ""ל טעמי הגליל",טעמי הגליל,IL,"תרכיז תפוחים סחוט 500 מ""ל טעמי הגליל",מיליליטרים,500.00,"100 מ""ל",false,1,22.90,4.5800,true,1,26628
7290011154080,false,"תרכיז תפוחים צלול 500 מ""ל טעמי הגליל",טעמי הגליל,IL,"תרכיז תפוחים צלול 500 מ""ל טעמי הגליל",מיליליטרים,500.00,"100 מ""ל",false,1,22.90,4.5800,true,1,26627
7290011174323,false,"צ'יפס אמריקאי 1.5 ק""ג פרי הגליל","פרי הגליל בע""""מ",IL,פרי הגליל צ'יפס אמריקאי 1.5 קג,קילוגרמים,1.50,"ק""ג",false,1,20.90,13.9333,true,1,123036
7290011174866,false,צ'יפס בטטה 700 ג' פרי הגליל,פרי הגליל,IL,פרי הגליל צ'יפס בטטה 700 גרם,גרמים,700.00,100 גרם,false,1,16.90,2.4143,true,1,2959
7290011194215,false,מעדן גבינה ויוגורט בטעם בננה 5% שומן 88 ג' דניאלה,"שטראוס בריאות בע""מ",IL,דניאלה מעדן בננה 88 גרם,גרמים,88.00,100 גרם,false,1,4.40,5.0000,true,1,122473
7290011194246,false,קוטג שטראוס 5% עם סידן 250ג,מיוצר עי קונדיטוריית,IL,קוטג' 5% 250 גרם,גרמים,250.00,100 גרם,false,1,5.90,2.3600,true,1,122488
7290011223038,false,עלים לקרמשניט - בונומי 300גרם,בונומי ס.פ.א,IT,עלים לקרמשניט בונומי 300 גרם,גרמים,300.00,100 גרם,false,1,16.90,5.6333,true,1,124321
7290011223045,false,בונומי בישקוטים 200 גרם,בונומי ס.פ.א,IT,בונמי בישקוטים 200 גרם,גרמים,200.00,100 גרם,false,1,7.90,3.9500,true,1,124308
7290011223229,false,"טואלט דאק ג'ל לאסלה טיפות טל רעננות 55 מ""ל","איטיליאן פוד, אס.פי.",IT,דאק ג'ל לאסלה בניחוח טיפות טל 55 מל,מיליליטרים,55.00,"100 מ""ל",false,1,11.90,21.6364,true,1,122527
7290011223243,false,"טואלט דאק ג'ל לאסלה בניחוח לבנדר 55 מ""ל","איטיליאן פוד, אס.פי.",IT,ג'ל נוזלי לאסלה בניחוח לבנדר 55 מל,מיליליטרים,55.00,"100 מ""ל",false,1,11.90,21.6364,true,1,122528
7290011235024,false,רוזמרין,חקלאי,IL,רוזמרין,Unknown,0.00,Unknown,false,1,5.90,0.0000,true,1,2577
7290011235055,false,בזיליקום,יבולי הבשור,IL,בזיליקום,לא מנהל יחידת מידה,0.00,לא מנהל יחידת מידה,false,1,5.90,0.0000,true,1,2563
7290011235062,false,עירית,חקלאי,IL,עירית,Unknown,0.00,Unknown,false,1,5.90,0.0000,true,1,2564
7290011235079,false,טימין ורנית,חקלאי,IL,טימין ורנית,Unknown,0.00,Unknown,false,1,4.90,0.0000,true,1,122546
7290011239336,false,מחרום חלבה ללא סוכר,עלעלים,,חלוואה 400 גר ללא סוכר,יחידה,1.00,יחידה,false,1,19.90,19.9000,true,1,18212
7290011239404,false,עמוס חטיפים שונים אר,ממתקי מחרום,,חטיפים 330 גרם,גרמים,330.00,100 גרם,false,1,15.90,4.8182,true,1,127236
7290011249748,false,רולים גלילי ופל במילוי קרם שוקולד 100 ג' עלמה,גילרו,,ופל גלילית שוקולד גילרו 100 גרם,גרמים,100.00,100 גרם,false,1,3.90,3.9000,true,1,8598
7290011249755,false,רולים גלילי ופל במילוי קרם אגוזים 100 ג' עלמה,"גילרו בע""מ",,ופלים גלילית אגוזים 100 גרם,גרמים,100.00,100 גרם,false,1,3.90,3.9000,true,1,18066
7290011254001,true,פשתן מיה 450 גרם,מיה,IL,פשתן מיה 450 גרם,גרמים,450.00,100 גרם,false,1,8.90,1.9778,true,1,37661
7290011254018,false,שעועית מש מיה 500 גר',מיה תעשיות מזון,IL,שעועית מש מיה 500 גרם,גרמים,500.00,100 גרם,false,1,9.90,1.9800,true,1,37616
7290011254025,false,דוחן מיה 500 גרם,מיה,IL,דוחן מיה 500 גרם,גרמים,500.00,100 גרם,false,1,8.90,1.7800,true,1,37643
7290011254032,false,קינואה מיה 500 גרם,מיה,IL,קינואה מיה 500 גרם,גרמים,500.00,100 גרם,false,1,11.90,2.3800,true,1,37625
7290011254049,false,סובין שיבולת שועל.,מיה תעשיות מזון,IL,סובין שבולת שועל מיה 400 גרם,גרמים,400.00,100 גרם,false,1,12.90,3.2250,true,1,37672
7290011254346,false,"קינואה מיה בד""צ 1 ק""ג",מיה תעשיות מזון בעמ,IL,קינואה מיה 1 קג,קילוגרמים,1.00,"ק""ג",false,1,22.90,22.9000,true,1,37673
7290011254605,true,תערובת קדירה לקט לחמ,מיה,IL,תערובת קדירה לקט לחמין מיה 600 גרם,גרמים,600.00,100 גרם,false,1,12.90,2.1500,true,1,37657
7290011254612,true,תערובת קדירה לקט ברי,מיה,IL,תערובת קדירה לקט בריאות מיה 600 גרם,גרמים,600.00,100 גרם,false,1,12.90,2.1500,true,1,37615
7290011254728,false,ג'לטין טהור 25גרם בקרטונית,מיה תעשיות מזון,IL,גלטין טהור מיה 25 גרם בקרטונית,גרמים,25.00,100 גרם,false,1,11.90,47.6000,true,1,37674
7290011254759,false,שעועית שחורה יבשה מיה 500 גר',מיה,IL,שעועית שחורה מיה 500 גרם,גרמים,500.00,100 גרם,false,1,11.90,2.3800,true,1,37633
7290011254766,false,"שעועית לוביה יבשה מיה 400 גר'בד""צ",מיה תעשיות מזון בעמ,IL,שעועית לוביה מיה 400 גרם,גרמים,400.00,100 גרם,false,1,9.90,2.4750,true,1,37634
7290011254773,false,שעועית ארגנטינאית יבשה מיה 500 גר',מיה,IL,שעועית ארגנטינאית מיה 500 גרם,גרמים,500.00,100 גרם,false,1,11.90,2.3800,true,1,37644
7290011254780,false,"שעועית ארגנטינאית יבשה מיה 1 ק""ג",מיה,IL,שעועית ארגנטינאית מיה 1 קג,קילוגרמים,1.00,"ק""ג",false,1,19.90,19.9000,true,1,37655
7290011312381,false,פטריות חורש למנגל 320 ג',"מרינה פטריות הגליל בע""מ",IL,סטייק פורטבלה יח,לא מנהל יחידת מידה,0.00,לא מנהל יחידת מידה,false,1,16.90,0.0000,true,1,13746
7290011378776,false,חלבה חטיף פיסטוק בארכה בקטנה מארז 126ג',רושדי תעשיות מזון בע,IL,בארכה בקטנה מאגדת פיסטוק כלפ.12 7*18גרם,גרמים,120.00,100 גרם,false,1,13.90,11.5833,true,1,125292
7290011435226,false,דבש מפרחי בר לחיץ 650 ג' יד מרדכי,מכוורת יד מרדכי שטרא,IL,דבש מפרחי בר לחיץ 650 גרם,גרמים,650.00,100 גרם,false,1,38.90,5.9846,true,1,123674
7290011438142,false,"משקה יטבתה אייס קפה בבקבוק אישי 350 מ""ל",שטראוס גרופ,IL,"אייס קפה 350 מ""ל",מיליליטרים,350.00,"100 מ""ל",false,1,6.50,1.8571,true,1,122874
7290011447267,false,תרכובת מזון המשך לפעוטות שלב 1 חלבי,מטרנה תעשיות ש.מ,IL,מטרנה פרימיום חלבי שלב 1 700,גרמים,700.00,100 גרם,false,1,59.90,8.5571,true,1,123144
7290011447359,false,תרכובת מזון המשך לפעוטות מהדרין שלב 1,מולינו ניקולי s.p.a,IL,מטרנה מהדרין שלב 1 חיסכון 12*700גרם,גרמים,700.00,100 גרם,false,1,59.90,8.5571,true,1,2974
7290011447373,false,תרכובת מזון המשך לפעוטות מהדרין שלב 2,מטרנה תעשיות ש.מ,IL,"מטרנה מהדרין שלב 700 2 גר """,גרמים,700.00,100 גרם,false,1,59.90,8.5571,true,1,2975
7290011447748,false,"סופר-קט בטעם אוקיאנוס וטונה 3 ק""ג",קריות זול,IL,סופר קט 3 קג - דגי אוקיאנוס וטונה,קילוגרמים,3.00,"ק""ג",false,1,47.90,15.9667,true,1,821
7290011461058,false,גומא - מקלות ריחניים,יושלם,,מפיץ ריח 100מל,מיליליטרים,100.00,"100 מ""ל",false,1,20.00,20.0000,true,1,123189
7290011473006,false,קינואה אורגנית תבואו,תבואות,BO,תבואות קינואה רויא אורגנית 500 גרם,גרמים,500.00,100 גרם,false,1,18.90,3.7800,true,1,124313
7290011473051,false,קוואקר אורגני תבואות,תבואות,,קוואקר עבה אורגני,גרמים,500.00,100 גרם,false,1,10.90,2.1800,true,1,125255
7290011473068,false,אורז פרא מעורב אורגנ,תבואות,IL,תבואות אורז פרא מעורב אורגני 500 גרם,קילוגרמים,0.50,"ק""ג",false,1,18.90,37.8000,true,1,124270
7290011473082,false,אורז בשמתי מלא אורגני,תבואות,IN,תבואות אורז בשמתי מלא אורגני 500 גרם,גרמים,500.00,100 גרם,false,1,11.90,2.3800,true,1,126004
7290011473099,false,אורז עגול מלא אורגני,תבואות,IT,אורז עגול מלא אורגני,גרמים,500.00,100 גרם,false,1,11.90,2.3800,true,1,125041
7290011473112,true,אורז אדום אורגני 500,תבואות,IT,תבואות אורז אדום מלא אורגני 500 גרם,Unknown,0.00,Unknown,false,1,14.90,0.0000,true,1,2176
7290011473129,true,גרעיני חמניה אורגני,תבואות,CN,תבואות חמניות קלופות אורגניות 300 גרם,Unknown,0.00,Unknown,false,1,10.90,0.0000,true,1,133715
7290011473136,true,גרעיני דלעת קלוף אור,תבואות,CN,תבואות גרעיני דלעת קלופים אורגניים 300 גרם,Unknown,0.00,Unknown,false,1,17.90,0.0000,true,1,133716
7290011473143,true,קוסקוס אורגני,תבואות,FR,תבואות קוסקוס מלא אורגני 500 גרם,Unknown,0.00,Unknown,false,1,13.90,0.0000,true,1,133717
7290011473150,false,שומשום מלא אורגני תב,תבואות,BO,שומשום מלא אורגני,גרמים,400.00,100 גרם,false,1,12.90,3.2250,true,1,124475
7290011473181,false,עדשים שחורות אורגניות,תבואות,CA,עדשים שחורות 500 ג תבואות,גרמים,500.00,100 גרם,false,1,15.90,3.1800,true,1,125464
7290011473198,true,עדשים חומים אורגני,תבואות,TR,תבואות עדש חום אורגני 500 גרם,Unknown,0.00,Unknown,false,1,13.50,0.0000,true,1,133718
7290011473204,false,עדשים ירוקים,תבואות,TR,תבואות עדשים ירוקות אורגניות 500 גרם,גרמים,500.00,100 גרם,false,1,15.00,3.0000,true,1,127024
7290011473211,false,עדשים אדומות אורגניות,תבואות,TR,תבואות - עדש אדום אורגני,לא מנהל יחידת מידה,0.01,לא מנהל יחידת מידה,false,1,13.50,1350.0000,true,1,126530
7290011473228,true,אפונה ירוקה אורגנית,תבואות,CA,תבואות אפונה ירוקה אורגנית 500 גרם,Unknown,0.00,Unknown,false,1,10.90,0.0000,true,1,133719
7290011473242,false,פשתן זרעים אורגני 50,תבואות,CN,תבואות פשתן זרעים אורגני 500 גרם,גרמים,500.00,100 גרם,false,1,10.90,2.1800,true,1,126152
7290011473259,false,פשתן טחון אורגני 350,תבואות,CN,תבואות פשתן טחון אורגני 350 גרם,גרמים,350.00,100 גרם,false,1,10.90,3.1143,true,1,125841
7290011473266,true,אמרנט אורגני,תבואות,BO,תבואות אמרנט אורגני 500 גרם,לא מנהל יחידת מידה,0.00,לא מנהל יחידת מידה,false,1,16.90,0.0000,true,1,4378
7290011473273,false,בורגול אורגני תבואות,תבואות,TR,תבואות בורגול מלא אורגני 500 גרם,לא מנהל יחידת מידה,0.01,לא מנהל יחידת מידה,false,1,8.90,890.0000,true,1,126008
7290011473280,false,חומוס אורגני תבואות,תבואות,IL,"תבואות חומוס אורגני, 500 גרם",גרמים,500.00,100 גרם,false,1,11.90,2.3800,true,1,125459
7290011473297,true,גריסי פנינה אורגני,תבואות,IT,תבואות גריסי פנינה אורגניים 500 גרם,Unknown,0.00,Unknown,false,1,9.90,0.0000,true,1,133720
7290011473310,false,פולי אזוקי אורגניים,תבואות,CN,תבואות - אזוקי אורגני,Unknown,0.00,Unknown,false,1,12.90,0.0000,true,1,2177
7290011473327,false,שעועית מש אורגני 500,תבואות,CN,תבואות שעועית מש אורגני,גרמים,500.00,100 גרם,false,1,13.90,2.7800,true,1,127401
7290011473334,true,שעועית לבנה אורגני,תבואות,CN,תבואות שעועית לבנה אורגנית 500 גרם,גרמים,500.00,100 גרם,false,1,11.90,2.3800,true,1,133721
7290011473341,true,שעועית אדומה אורגני,תבואות,CN,תבואות שעועית אדומה אורגנית 500 גרם,Unknown,0.00,Unknown,false,1,13.50,0.0000,true,1,133722
7290011473358,false,שעועית שחורה אורגנית,תבואות,US,תבואות שעועית שחורה אורגנית 500 גרם,קילוגרמים,0.01,"ק""ג",false,1,11.50,1150.0000,true,1,125749
7290011473365,false,דוחן מקולף אורגני,תבואות,US,תבואות דוחן מקולף אורגני 500 גרם,לא מנהל יחידת מידה,0.00,לא מנהל יחידת מידה,false,1,10.90,0.0000,true,1,1801
7290011473372,true,אבקת חרובים אורגנית,תבואות,ES,אורגנית,Unknown,0.00,Unknown,false,1,14.90,0.0000,true,1,133723
7290011473396,true,חיטת כוסמין אורגנית,תבואות מוצרי מזון או,IT,תבואות - חיטת כוסמין אורגנית,Unknown,0.00,Unknown,false,1,10.90,0.0000,true,1,133724
7290011473402,false,קמח כוסמין מלא אורגני,תבואות מוצרי מזון או,IT,תבואות - קמח כוסמין מלא אורגני,גרמים,0.00,100 גרם,false,1,11.90,0.0000,true,1,124413
7290011473433,false,כוסמת אורגנית 500 גר,תבואות,CN,תבואות כוסמת ירוקה אורגנית 500 גרם,גרמים,500.00,100 גרם,false,1,9.90,1.9800,true,1,127025
7290011473440,true,גרעיני ש.ש. אורגני,תבואות,,תבואות גריסי שיבולת שועל אורגני 500 גרם,Unknown,0.00,Unknown,false,1,11.90,0.0000,true,1,133725
7290011473457,true,שומשום שחור אורגני,תבואות,BO,תבואות שומשום שחור אורגני 400 גרם,Unknown,0.00,Unknown,false,1,14.50,0.0000,true,1,133726
7290011473464,false,סובין שיבולת שועל אורגנית,תבואות,,תבואות סובין שיבולת שועל אורגנית 400 גרם,גרמים,400.00,100 גרם,false,1,11.90,2.9750,true,1,123422
7290011473471,false,אורז בשמתי לבן אורגני,תבואות,IN,תבואות - אורז בשמתי לבן אורגני,גרמים,500.00,100 גרם,false,1,11.90,2.3800,true,1,126748
7290011473495,true,שמרי בירה פתיתים 200,תבואות,FR,שמרי בירה-פתיתים טבעי,לא מנהל יחידת מידה,0.00,לא מנהל יחידת מידה,false,1,22.90,0.0000,true,1,4419
7290011473525,false,אורז בר טבעי 400 גרם,תבואות,US,אורז בר טבעי,גרמים,400.00,100 גרם,false,1,29.90,7.4750,true,1,15124
7290011473532,true,סוכר ענבים טבעי 500,תבואות,BE,סוכר ענבים טבעי 500,Unknown,0.00,Unknown,false,1,10.90,0.0000,true,1,133727
7290011473556,false,סוכר פירות טבעי 500,תבואות,US,סוכר פירות (פרוקטוזה) טבעי,קילוגרמים,1.00,"ק""ג",false,1,14.90,14.9000,true,1,123432
7290011473563,true,פולי קקאו שלמים אורג,תבואות,PE,פולי קקאו שלמים אורגני,גרמים,200.00,100 גרם,false,1,28.90,14.4500,true,1,133728
7290011473570,false,קמח חומוס טבעי 500 ג,תבואות מוצרי מזון או,IL,תבואות - קמח חומוס,גרמים,500.00,100 גרם,false,1,10.90,2.1800,true,1,15317
7290011473587,false,נבט חיטה טבעי 250 גר,תבואות,IL,נבט חיטה טבעי,גרמים,250.00,100 גרם,false,1,7.90,3.1600,true,1,123410
7290011473594,true,תבואות טחינה אורגנית,,IL,תבואות - טחינה אורגנית,לא מנהל יחידת מידה,0.00,לא מנהל יחידת מידה,false,1,28.90,0.0000,true,1,4398
7290011473617,false,זרעי ציה טיב הטבע תב,תבואות,MX,תבואות טיב הטבע זרעי צ'ייה 300 גרם,גרמים,300.00,100 גרם,false,1,16.90,5.6333,true,1,125601
7290011473624,true,טחינה מלאה אורגנית 1,,IL,טחינה משומשום מלא אורגני,לא מנהל יחידת מידה,0.00,לא מנהל יחידת מידה,false,1,28.90,0.0000,true,1,4395
7290011473648,false,סוכר דמררה אורגני תב,תבואות,BR,תבואות סוכר דמררה אורגני 1 קג,קילוגרמים,1.00,"ק""ג",false,1,12.90,12.9000,true,1,123435
7290011473655,false,סוכר קנים אורגני תבו,תבואות,BR,סוכר קנים אורגני,קילוגרמים,1.00,"ק""ג",false,1,9.90,9.9000,true,1,123411
7290011473662,true,קשיו אורגני,תבואות,,תבואות אגוזי קשיו אורגניים 150 גרם,Unknown,0.00,Unknown,false,1,21.90,0.0000,true,1,2178
7290011473679,true,חיטה אורגנית,תבואות,IL,חיטה אורגנית מלאה,Unknown,0.00,Unknown,false,1,12.90,0.0000,true,1,133729
7290011473686,true,אורז עגול אורגני 1 ק,תבואות,IT,אורז עגול מלא אורגני,Unknown,0.00,Unknown,false,1,17.90,0.0000,true,1,133730
7290011473709,true,קינואה אורגני 1 קג,תבואות,BO,קינואה רויאל אורגנית 1 קג,Unknown,0.00,Unknown,false,1,30.90,0.0000,true,1,133731
7290011473723,true,מלח הימליה דק 1 שקית,תבואות,,מלח הימליה דק שקית,לא מנהל יחידת מידה,0.00,לא מנהל יחידת מידה,false,1,19.90,0.0000,true,1,4185
7290011473730,false,אורז פרא,תבואות,IL,אורז פרא מעורב טבעי,לא מנהל יחידת מידה,0.01,לא מנהל יחידת מידה,false,1,16.90,1690.0000,true,1,125868
7290011473754,false,תאנים אורגניות,תבואות,TR,תבואות תאנים אורגניות 250 גרם,Unknown,0.00,Unknown,false,1,17.90,0.0000,true,1,2179
7290011473761,true,צימוקים אורגני,תבואות,US,תבואות צימוקים אורגנים 250 גרם,Unknown,0.00,Unknown,false,1,17.90,0.0000,true,1,2180
7290011473778,false,משמש אורגני,תבואות,TR,תבואות משמש אורגני 250 גרם,Unknown,0.00,Unknown,false,1,19.90,0.0000,true,1,2181
7290011473877,false,קינואה אדומה אורגנית,תבואות,BO,תבואות קינואה אדומה אורגנית 500 גרם,קילוגרמים,0.50,"ק""ג",false,1,20.90,41.8000,true,1,124150
7290011473884,false,קינואה שחורה אורגנית,תבואות,BO,תבואות קינואה שחורה אורגנית 500 גרם,גרמים,500.00,100 גרם,false,1,23.90,4.7800,true,1,24745
7290011473891,false,עדשים צהובים אורגניים,תבואות,TR,עדשים צהובים 500 גר תבואות,גרמים,500.00,100 גרם,false,1,13.50,2.7000,true,1,125735
7290011473907,false,סובין חיטה תבואות,תבואות,IL,תבואות - סובין חיטה טבעי,גרמים,200.00,100 גרם,false,1,6.90,3.4500,true,1,123477
7290011473921,false,סובין שיבולת שועל תב,תבואות,,סובין שיבולת שועל טבעי,גרמים,500.00,100 גרם,false,1,13.90,2.7800,true,1,124382
7290011473952,false,שבולת שועל דקה מהיר,תבואות,,"שבולת שועל דקה-מהיר הכנה, 400 גרם",גרמים,400.00,100 גרם,false,1,6.90,1.7250,true,1,123419
7290011473969,false,קינואה טריו אורגנית,תבואות,BO,קינואה טריו אורגנית,גרמים,500.00,100 גרם,false,1,20.90,4.1800,true,1,124314
7290011473983,true,תערובת קטניות לקדרה,תבואות,IL,תבואות - קדרה אורגנית,Unknown,0.00,Unknown,false,1,15.90,0.0000,true,1,133732
7290011474003,false,שמן קוקוס כתית אורגנ,אדמג'י לוקמנג'י,,שמן קוקוס כתית אורגני,מיליליטרים,300.00,"100 מ""ל",false,1,22.90,7.6333,true,1,3355
7290011474010,false,קמח כוסמין לבן-תבואו,תבואות,IT,תבואות קמח כוסמין לבן טבעי 1 קג,קילוגרמים,1.00,"ק""ג",false,1,15.90,15.9000,true,1,125897
7290011474058,true,ספגטי מקמח כוסמין או,סגמברו ס.פ.א,IT,תבואות ספגטי פסטה מקמח כוסמין מלא אורגני 500 גרם,לא מנהל יחידת מידה,0.00,לא מנהל יחידת מידה,false,1,19.90,0.0000,true,1,3972
7290011474072,true,אטריות מקמח כוסמין א,סגמברו ס.פ.א,IT,תבואות פוסילי פסטה מקמח כוסמין מלא אורגני 500 גרם,לא מנהל יחידת מידה,0.00,לא מנהל יחידת מידה,false,1,19.90,0.0000,true,1,4209
7290011474102,false,תערובת קטניות אורגנית למרק,תבואות,IL,תבואות תערובת קטניות אורגניות למרק 500 גרם,גרמים,500.00,100 גרם,false,1,16.90,3.3800,true,1,125418
7290011474126,false,שמן קוקוס תבואות 950,אדמג'י לוקמנג'י,,"שמן קוקוס תבואות 950 מ""ל",מיליליטרים,950.00,"100 מ""ל",false,1,39.90,4.2000,true,1,26433
7290011474133,true,מגדרה אורגנית,תבואות,IN,תבואות מג'דרה אורגנית 500 גרם,Unknown,0.00,Unknown,false,1,16.90,0.0000,true,1,2182
7290011474232,false,מלח הימליה קריסטל 50,תבואות,,תבואות מלח הימליה קריסטל 500 גרם,Unknown,0.00,Unknown,false,1,19.90,0.0000,true,1,3359
7290011474249,false,ממרח שקד טבעי 300 גר,גי' אנד גי' בעמ,IL,ממרח שקד טבעי 300 גרם תבואות,גרמים,300.00,100 גרם,false,1,29.90,9.9667,true,1,125602
7290011474256,false,מלח הימליה גס שקית 1,תבואות,,מלח הימליה גס שקית,Unknown,0.00,Unknown,false,1,19.90,0.0000,true,1,125603
7290011474324,true,חמוציות אורגניות,תבואות,CA,תבואות חמוציות אורגני 170 גרם,לא מנהל יחידת מידה,0.00,לא מנהל יחידת מידה,false,1,23.90,0.0000,true,1,1858
7290011474362,false,קמח עדשים אורגניות 5,תבואות,TR,"תבואות קמח עדשים אורגני, 500 גרם",גרמים,500.00,100 גרם,false,1,15.90,3.1800,true,1,126442
7290011474386,false,קוואקר דק אורגני תבו,תבואות,,קוואקר דק אורגני,גרמים,500.00,100 גרם,false,1,10.90,2.1800,true,1,125845
7290011474430,true,אורז בסמטי מלא,תבואות,IN,אורז בסמטי מלא,קילוגרמים,1.00,"ק""ג",false,1,19.90,19.9000,true,1,133733
7290011474447,false,שיבולת שועל עבה טבעי,תבואות,,תבואות קוואקר עבה טבעי 400 גרם,גרמים,400.00,100 גרם,false,1,6.90,1.7250,true,1,124724
7290011474454,false,מיקס שעועית אורגני 5,תבואות,IL,תבואות מיקס שעועית אורגני 500 גרם,גרמים,500.00,100 גרם,false,1,14.90,2.9800,true,1,3334
7290011474577,true,פולי קקאו גרוס נא,תבואות,PE,פולי קקאו גרוס נא,גרמים,200.00,100 גרם,false,1,29.90,14.9500,true,1,4382
7290011474591,true,תבואות פנה כוסמין מל,סגמברו ס.פ.א,IT,תבואות פנה פסטה מקמח כוסמין מלא אורגני 500 גרם,לא מנהל יחידת מידה,0.00,לא מנהל יחידת מידה,false,1,19.90,0.0000,true,1,4210
7290011474676,false,קדרה אפריקאית אורגנית,תבואות,IL,תבואות קדרה אפריקאית אורגנית 500 גרם,קילוגרמים,0.01,"ק""ג",false,1,15.90,1590.0000,true,1,127318
7290011474683,true,מגדרה קינואה אורגנית,תבואות,BO,תבואות - מג'דרה קינואה אורגנית,לא מנהל יחידת מידה,0.00,לא מנהל יחידת מידה,false,1,20.90,0.0000,true,1,3915
7290011474720,true,אורז בסמטי לבן 1 קג,תבואות,IN,אורז בסמטי לבן 1 קג,קילוגרמים,1.00,"ק""ג",false,1,19.90,19.9000,true,1,133740
7290011474768,true,קמח כוסמין לבן אורגנ,תבואות מוצרי מזון או,IT,תבואות - קמח כוסמין לבן אורגני,לא מנהל יחידת מידה,0.00,לא מנהל יחידת מידה,false,1,15.90,0.0000,true,1,4531
7290011474843,true,תבואות גוגי ברי 200,תבואות,CN,תבואות ג'וגי ברי 200 גרם,לא מנהל יחידת מידה,0.00,לא מנהל יחידת מידה,false,1,23.90,0.0000,true,1,3984
7290011474898,false,סוכר קוקוס אורגני 50,תבואות,,תבואות סוכר קוקוס אורגני 300 גרם,גרמים,500.00,100 גרם,false,1,18.90,3.7800,true,1,126684
7290011474997,true,ערמונים אורגנים,טאנגשאן שאנגלי פודסט,CN,ערמונים אורגנים,לא מנהל יחידת מידה,0.00,לא מנהל יחידת מידה,false,1,5.90,0.0000,true,1,4737
7290011498092,false,מרציפן נטו 200 גרם,שקד תבור בעמ,IL,מרציפן נטו 200 גרם,גרמים,200.00,100 גרם,false,1,23.90,11.9500,true,1,34868
7290011498177,true,ממרח שקד לבן 700,שקד תבור,IL,ממרח שקד לבן 700 גרם שקד תבור,גרמים,700.00,100 גרם,false,1,59.90,8.5571,true,1,12529
7290011498221,true,סילאן טבעי 900,שקד תבור,IL,סילאן טבעי שקד תבור 900,גרמים,900.00,100 גרם,false,1,19.90,2.2111,true,1,7555
7290011498283,true,חמאת בוטנים אגוזי אד,אלמנדוס בעמ,IL,אגוזי אדמה,Unknown,0.00,Unknown,false,1,25.90,0.0000,true,1,12531
7290011498351,true,ממרח אגוז אילסר 195,יבואן ומשווק: ש. שסט,IL,חמאת לוז 200 גרם,Unknown,0.00,Unknown,false,1,23.90,0.0000,true,1,7556
7290011498368,true,ממרח אלת הבטנה שקד ת,יבואן ומשווק: ש. שסט,IL,ממרח אלת הבטנה שקד תבור 195,גרמים,195.00,100 גרם,false,1,39.90,20.4615,true,1,7557
7290011498405,true,שמן קוקוס אורגני 100,שקד תבור,PH,שמן קוקוס אורגני 100% 350 שקד תבור,גרמים,350.00,100 גרם,false,1,21.90,6.2571,true,1,12532
7290011498412,true,חמאת קקאו 200,שקד תבור,PE,שקד תבור חמאת קקאו 200 גרם,Unknown,0.00,Unknown,false,1,23.90,0.0000,true,1,133745
7290011498450,true,אבקת קקאו אורגנית 25,שקד תבור,PE,שקד תבור אבקת קקאו אורגני 250 גרם,גרמים,250.00,100 גרם,false,1,24.90,9.9600,true,1,133748
7290011498504,true,ממרח חלבה עשיר 350,שקד תבור,IL,ממרח חלבה עשיר 350,גרמים,350.00,100 גרם,false,1,13.90,3.9714,true,1,7560
7290011498511,true,ממרח חלבה מלאה תבור,"אלמנדוס בע""מ",IL,שקד תבור ממרחב חלבה מלאה 350 גרם,גרמים,350.00,100 גרם,false,1,13.90,3.9714,true,1,133749
7290011498573,true,שוקולד 61% ללא סוכר,שקד תבור,ES,שוקולד 61% ללא סוכר ציפס 200,Unknown,0.00,Unknown,false,1,22.90,0.0000,true,1,133750
7290011498634,true,חמאת גרעיני דלעת 300,שקד תבור,IL,חמאת גרעיני דלעת 300,גרמים,300.00,100 גרם,false,1,25.90,8.6333,true,1,133752
7290011498740,false,ממרח שקד מלא תבור 30,"אלמונדס בע""מ",IL,שקד תבור ממרח שקד מלא 300 גרם,גרמים,300.00,100 גרם,false,1,29.90,9.9667,true,1,3525
7290011498795,true,אבקת מאקה אורגנית 25,שקד תבור,PE,אבקת מאקה אורגנית שקד תבור 250,גרמים,250.00,100 גרם,false,1,31.90,12.7600,true,1,133758
7290011498801,false,מרציפן פרימיום 65% 2,"אלמנדוס בע""מ",IL,מרציפן פרימיום 65% 200 גרם,גרמים,200.00,100 גרם,false,1,23.90,11.9500,true,1,34867
7290011498870,false,מארז חטיפי תמר במילו,"אלמנדוס בע""מ",IL,מארז חטיפי תמר במילוי חמאת שקדים 150 גרם,גרמים,150.00,100 גרם,false,1,16.90,11.2667,true,1,34871
7290011498887,false,מארז חטיפי תמר במילו,"אלמנדוס בע""מ",IL,מארז חטיפי תמר במילוי חמאת קוקוס 150 גרם,גרמים,150.00,100 גרם,false,1,16.90,11.2667,true,1,34872
7290011498900,false,מארז חטיפי תמר מילוי,"אלמנדוס בע""מ",IL,מארז חטיפי תמר מילוי חמ.שקד צ. שוקולד 10,גרמים,150.00,100 גרם,false,1,16.90,11.2667,true,1,34873
7290011498948,false,מארז חטיפי תמר מצופה,"אלמנדוס בע""מ",IL,מארז חטיפי תמר מצופה שוקולד 100% קקאו 15,גרמים,150.00,100 גרם,false,1,16.90,11.2667,true,1,34874
7290011498955,true,חמאת בוטנים אגוזי אד,"אלמונדס בע""מ",IL,חמאת בוטנים אגוזי אדמה 300 שקד תבור,גרמים,300.00,100 גרם,false,1,12.90,4.3000,true,1,2184
7290011498962,false,ממרח שקד לבן תבור 3,"אלמונדס בע""מ",IL,ממרח שקד לבן תבור 300,גרמים,300.00,100 גרם,false,1,29.90,9.9667,true,1,126349
7290011498979,true,ממרח שקד לבן בתוספת,שקד תבור,IL,ממרח שקד לבן בתוספת סיבים תבור 300,גרמים,300.00,100 גרם,false,1,29.90,9.9667,true,1,12536
7290011498993,true,ממרח קשיו לבן 300,שקד תבור,IL,ממרח קשיו לבן 300 שקד תבור,גרמים,300.00,100 גרם,false,1,31.90,10.6333,true,1,12537
7290011499051,false,פטה כבשים מסורתית 20% בגביע 250 גרם - רובין,MKN עבור מחלבות גד ב,IL,פטה כבשים גבינה מלוחה במי מלח,גרמים,250.00,100 גרם,false,1,28.90,11.5600,true,1,122661
7290011499105,false,גבינה בולגרית מלוחה 5% 250 ג' גד,ג'נרל מילס סאן אדריא,IL,גבינה בולגרית 5% 250 גרם,גרמים,250.00,100 גרם,false,1,26.90,10.7600,true,1,122782
7290011499112,false,בולגרית מסורתית 16% 250 גרם - רבנות,"מיוצר ע""י dsh",IL,בולגריות מיוצרת בשיטה מסורתית 16% 250 גרם,גרמים,250.00,100 גרם,false,1,26.90,10.7600,true,1,122783
7290011499129,false,בולגרית מעודנת קוביות קטנות 5% 200 גרם - רבנות,קוד יצרן DSH,IL,קוביות בולגרית מעודנת,גרמים,200.00,100 גרם,false,1,23.90,11.9500,true,1,122814
7290011499303,false,גבינת עיזים בולגרית מעודנת 5% 250 גר',ג'נרל מילס סאן אדריא,IL,גד בולגרית עיזים מעודנת 5% שומן,גרמים,250.00,100 גרם,false,1,31.90,12.7600,true,1,123256
7290011499327,false,גבינה בולגרית מעודנת 5% 250 גרם - רבנות,מיוצר על ידי DSH עבו,IL,גד גבינת בולגרית מעודנת מחלב בקר במי מלח 5% שומן,גרמים,250.00,100 גרם,false,1,26.90,10.7600,true,1,123257
7290011499341,false,קשקבל בוואקום 26% 200 גרם - רבנות,הנסיך- מפעל לייצור ט,IL,גבינת קאשקבל 200 גרם,גרמים,200.00,100 גרם,false,1,28.90,14.4500,true,1,123298
7290011499358,false,פטה עיזים מסורתית 20% בגביע 200 גרם - רובין,מיוצר על ידי קוד יצר,IL,מחלבות גד גבינת פטה עיזים 20% שומן,גרמים,200.00,100 גרם,false,1,28.90,14.4500,true,1,123299
7290011499365,false,גד חלומי 24% 200 גרם רובין,"מחלבות גד בע""מ",IL,גד גבינת חלומי קשה מחלב בקר 24% שומן 200 גרם,גרמים,200.00,100 גרם,false,1,22.90,11.4500,true,1,123300
7290011499419,false,גבינה במרקם שמנת בטעם טבעי 5% ניו יורק,מחלבות גד,IL,גבינת ניו יורק מרקם שמנת 5% 200 גר,גרמים,200.00,100 גרם,false,1,12.90,6.4500,true,1,3017
7290011499525,false,גד לאבנה דרוזית 9% 500 ג',מחלבות גד בעמ,IL,גבינת לאבנה דרוזית מחלב בקר 9% 500 גרם,גרמים,500.00,100 גרם,false,1,21.90,4.3800,true,1,123685
7290011499624,false,שמנת 30% ניו יורק טבעי 200 גרם רבנות,מחלבות גד,IL,"גד, גבינת שמנת בטעם טבעי 30% , 200 גרם",גרמים,200.00,100 גרם,false,1,13.90,6.9500,true,1,123999
7290011499846,false,גבינת ריקוטה פרסקה 9% 300 ג' גד,מחלבות גד בעמ,IL,גבינת ריקוטה פרסקה 9% 300 גרם גד,גרמים,300.00,100 גרם,false,1,18.90,6.3000,true,1,124479
7290011499853,false,גבינת שמנת עם זיתים 30% ניו יורק,מחלבות גד (שיווק 199,IL,גד ניו יורק גבינת שמנת זיתים 30% 200 גרם,גרמים,200.00,100 גרם,false,1,13.90,6.9500,true,1,124545
7290011501617,false,חמוציות ברכז פרי ללא,אף.סי תבליני בגליל ב,IL,חמוציות ברכז תפוחים ללא סוכר 250 גרם,גרמים,250.00,100 גרם,false,1,16.90,6.7600,true,1,34205
7290011502867,false,דלישס גרנולה במבחר אגוזים 500גר,"דין שיווק וקליה בע""מ",,גרנולה אגוזים 500 גרם שקדיה,גרמים,500.00,100 גרם,false,1,14.90,2.9800,true,1,10666
7290011502874,false,דלישס גרנולה עם פירות יבשים 500גר,"דין שיווק וקליה בע""מ",,גרנולה פירות יבשים 500 גרם שקדיה,גרמים,500.00,100 גרם,false,1,14.90,2.9800,true,1,10667
7290011505493,false,כפות מהודר עבה במיוח,הוסטס,,כפות מהודר עבה במיוחד 50 יחידות,לא מנהל יחידת מידה,0.00,לא מנהל יחידת מידה,false,1,11.90,0.0000,true,1,12021
7290011505509,false,מזלגות מהודר עבה במי,הוסטס Hostess,,מזלגות מהודר עבה במיוחד 50 יחידות,לא מנהל יחידת מידה,0.00,לא מנהל יחידת מידה,false,1,11.90,0.0000,true,1,20144
7290011505516,false,סכינים מהודר עבה במי,הוסטס Hostess,,סכינים מהודר עבה במיוחד 50 יחידות,לא מנהל יחידת מידה,0.00,לא מנהל יחידת מידה,false,1,11.90,0.0000,true,1,19644
7290011505776,true,שפודי במבוק 75 יח,הדקלאים אגודת שיתופי,CN,שיפודי במבוק 75 יחידות,לא מנהל יחידת מידה,0.00,לא מנהל יחידת מידה,false,1,3.90,0.0000,true,1,4245
7290011515683,false,מעדן קפוא אקסטרים Extreme בטעם וניל - 6 יח',תות תעשיות מזון (201,IL,אקסטרים טילון וניל בדצ מאח.5 6*72גרם,גרמים,432.00,100 גרם,false,1,32.90,7.6157,true,1,122867
7290011518561,false,"אקטימל תות משפחתי מארז 14X100מ""ל",מיוצר עי קונדיטוריית,IL,אקטימל 14 תות,ליטרים,1.40,ליטר,false,1,32.60,23.2857,true,1,122683
7290011530358,false,שייק איט כתום 3*150 ג'-Friday,"הבו-קדו בע""מ",IL,שייק איט (3*150 ג') - כתום - Friday,גרמים,150.00,100 גרם,false,1,29.90,19.9333,true,1,28141
7290011530488,false,שייק איט יום שבת תכלת 150 גר',"הבו-קדו בע""מ",IL,שייק איט (3*150 ג') - תכלת - Saturday,גרמים,150.00,100 גרם,false,1,29.90,19.9333,true,1,28142
7290011530525,false,מיקס פירות קפואים שייק איט צהוב - 3*150 ג',"הבו-קדו בע""מ",IL,שייק איט (3*150 ג')- צהוב - Tuesday,גרמים,450.00,100 גרם,false,1,29.90,6.6444,true,1,26639
7290011530532,false,מיקס פירות קפואים שייק איט ירוק - 3*150 ג',"הבו-קדו בע""מ",IL,שייק איט (3*150 ג') - ירוק - Monday,גרמים,450.00,100 גרם,false,1,29.90,6.6444,true,1,26637
7290011530549,false,מיקס פירות קפואים שייק איט ורוד - 3*150 ג',"הבו-קדו בע""מ",IL,שייק איט (3*150 ג') - ורוד - Sunday,גרמים,450.00,100 גרם,false,1,29.90,6.6444,true,1,26635
7290011530730,false,מיקס פירות קפואים שייק איט חום - 3*150 ג',"הבו-קדו בע""מ",IL,שייק איט (3*150 ג') - חום - Thursday,גרמים,450.00,100 גרם,false,1,29.90,6.6444,true,1,26636
7290011530747,false,מיקס פירות קפואים שייק איט סגול - 3*150 ג',"הבו-קדו בע""מ",IL,שייק איט (3*150 ג') - סגול - Wednesday,גרמים,450.00,100 גרם,false,1,29.90,6.6444,true,1,26638
7290011530945,false,קרפציו עגל פרימיום 2,בלדי,IL,"קרפציו עגל פרימיום 210 גרםי""בלדי",גרמים,210.00,100 גרם,false,1,39.90,19.0000,true,1,26634
7290011570507,false,קמח רב תכליתי ללא גלוטן,כרגיל - אשבל,IL,קמח כרגיל ללא גלוטן 450 גרם,גרמים,450.00,100 גרם,false,1,17.90,3.9778,true,1,126774
7290011570644,true,קמח כרגיל ללחם 500 ג,קרלו,IL,קמח כרגיל ללחם 500 ג,Unknown,0.00,Unknown,false,1,17.90,0.0000,true,1,133766
7290011570781,true,קמח כרגיל בטעם וניל,קרלו,IL,קמח כרגיל בטעם וניל,Unknown,0.00,Unknown,false,1,17.90,0.0000,true,1,133767
7290011575007,false,"הפי מרסס שומר ברק למקלחון 750 מ""ל",מיפא,DE,הפי מרסס למקלחון 750 מל,מיליליטרים,750.00,"100 מ""ל",false,1,15.90,2.1200,true,1,122786
7290011575526,false,מטלית מיקרופייבר לני,סי.פי.קנג,,מטלית מיקרופייבר לניקוי רצפות,לא מנהל יחידת מידה,0.00,לא מנהל יחידת מידה,false,1,12.70,0.0000,true,1,123325
7290011575755,true,סופר גלו גל 3 גרם,,,סופר גלו גל 3 גרם,Unknown,0.00,Unknown,false,1,12.90,0.0000,true,1,133769
7290011587444,true,מוזלי קראנצי +פירות,,,מוזלי קראנצי +פירות,לא מנהל יחידת מידה,0.00,לא מנהל יחידת מידה,false,1,14.90,0.0000,true,1,3971
7290011587468,true,מוזלי קראנץ,,,מוזלי קראנץ,לא מנהל יחידת מידה,0.00,לא מנהל יחידת מידה,false,1,14.90,0.0000,true,1,1838
7290011587598,false,שימורי אנשובי בפח 45 ג' תומר,אינוורסיונס פריסקו,,אנשובי פחיות 46 גרם,גרמים,46.00,100 גרם,false,1,6.90,15.0000,true,1,127403
7290011587857,false,עגבניות מיובשות בשמן חמניות ועשבי תיבול,Sunto gida sun ve ti,,עגבניות מיובשות בשמן חמניות,גרמים,250.00,100 גרם,false,1,10.90,4.3600,true,1,126781
7290011593087,false,"שמן זית כתית מעולה 750 מ""ל סבא חביב",סאן אויל עיבוד ושיוו,IL,"שמן זית כתית מעולה סבא חביב 750 מ""ל",מיליליטרים,750.00,"100 מ""ל",false,1,29.90,3.9867,true,1,124573
7290011598211,false,"סנו - אנטי קאלק מרסס ניקוי כללי 4 ב-1 700 מ""ל",מיוצר עי קונדיטוריית,IL,אנטי קאלק מרסס כללי רב שימושי 4 ב 1 700 מל,מיליליטרים,700.00,"100 מ""ל",false,1,19.90,2.8429,true,1,123030
7290011598402,false,מרכך כביסה מקסימה מאסק ורוד 4 ל' סנו,סנו מקסימה,IL,"מרכך כביסה מקסימה מסק 4 ל """,ליטרים,4.00,ליטר,false,1,22.90,5.7250,true,1,122812
7290011607180,false,"קולון 101 לכביסה 1.25 ק""ג",ריקט בנקיזר ( ניר אי,IL,"אבקת כביסה קולון 1.25 ק""ג",קילוגרמים,1.25,"ק""ג",false,1,13.90,11.1200,true,1,122770
7290011615260,false,עלי טורטיה 12X20יח' ויליפוד 540ג',מוטלוקל גידה סאנאי ט,TR,ויליפוד עלי טורטיה 540 ג 12 יחידות,גרמים,540.00,100 גרם,false,1,11.90,2.2037,true,1,10074
7290011615277,false,"עלי טורטיוה קמח חיטה 25ס""מ 12יח' ויליפוד 840 ג'",מוטלוקל גידה סאנאי ט,TR,"ויליפוד עלי טורטיה 840 גרם, 12 יחידות",גרמים,840.00,100 גרם,false,1,18.90,2.2500,true,1,18600
7290011618025,false,חטיף אורז אפוי לתינוקות בטעם טבעי +6,גואנז'ו יונג וואנט פ,CN,נגיסי אורז לתינוק,גרמים,50.00,100 גרם,false,1,13.90,27.8000,true,1,124539
7290011618124,false,חטיף אורז אפוי לתינוקות בטעם ירקות +6,גואנז'ו יונג וואנט פ,CN,בייבי ביס בטעם ירקות 50 גרם,גרמים,50.00,100 גרם,false,1,13.90,27.8000,true,1,123043
7290011618131,false,בייבי ביס חטיף אורז בטעם גזר,גואנז'ו יונג וואנט פ,CN,בייבי ביס בטעם גזר,גרמים,50.00,100 גרם,false,1,13.90,27.8000,true,1,123044
7290011622428,false,כתמטמינים-חטיף בריאות לתינוקות וילדים 45 ג',מיוצר עבור גולדן האר,IL,"כתמטמינים, חטיף אצבעות בוטנים ותירס, 45 גרם",גרמים,45.00,100 גרם,false,1,5.90,13.1111,true,1,11562
7290011622664,false,כתמטמינים - חטיף אצבעות טחינה אורז ותירס 45 גרם,אלס נוטרישן,IL,כתמטמינים טחינה 45 גרם,גרמים,45.00,100 גרם,false,1,5.90,13.1111,true,1,10432
7290011717001,false,לחם בריאות ללא חומר,ג.א.ל שרותי ארוחות,,לחם בריאות 650 גרם,גרמים,650.00,100 גרם,false,1,13.90,2.1385,true,1,123093
7290011723101,false,טחינה הר ברכה 1 ליטר,הר ברכה תעשיות,,טחינה הר ברכה 1 ליטר,ליטרים,1.00,ליטר,false,1,32.90,32.9000,true,1,126338
7290011723200,false,טחינה הר ברכה טחינה,הר ברכה תעשיות,,טחינת הר ברכה 500גרם,גרמים,500.00,100 גרם,false,1,18.90,3.7800,true,1,122892
7290011728298,false,טרס פסוס חלפניו ירוק,,,טרס פסוס חלפניו ירוק עם בצל 195גרם,גרמים,195.00,100 גרם,false,1,24.90,12.7692,true,1,29805
7290011728335,false,טרס פסוס סלסה פלפל א,,,טרס פסוס סלסה פלפל אדום וצפטולה 330גרם,גרמים,330.00,100 גרם,false,1,24.90,7.5455,true,1,29807
7290011728724,false,טרס פסוס סלסה עגבניו,,,טרס פסוס סלסה עגבניות חתוכות חרוכות 200ג,גרמים,200.00,100 גרם,false,1,19.90,9.9500,true,1,29808
7290011728755,false,פלפל צפטולה יבש שלם,,,פלפל צפטולה יבש שלם 40גרם,גרמים,40.00,100 גרם,false,1,11.90,29.7500,true,1,29804
7290011728762,false,פלפל ארבול שלם מיובש,,,פלפל ארבול שלם מיובש 40גרם,גרמים,40.00,100 גרם,false,1,11.90,29.7500,true,1,29803
7290011728915,false,קמח תירס מינסה ללג ו,טרס פזוס,IL,קמח תירס מינסה ללג וללס 400 גרם,גרמים,400.00,100 גרם,false,1,15.90,3.9750,true,1,26847
7290011765088,false,ג'ל גילוח לעור רגיל מנטול Cool,טרופיקל דגיל תעשיות,TR,קרמה מן ג'ל גילוח לעור רגיל מנטול 200 מל,מיליליטרים,200.00,"100 מ""ל",false,1,11.90,5.9500,true,1,9624
7290011765095,false,ג'ל גילוח לעור עדין אלוורה,טרופיקל דגיל תעשיות,TR,קרמה מן ג'ל גילוח ירוק אלוורה,מיליליטרים,200.00,"100 מ""ל",false,1,11.90,5.9500,true,1,9625
7290011765200,false,"סנו מדיק ג'ל לניקוי ידיים עם אולוורה 300 מ""ל",גוד פוד פרודקטס S.p,IL,סנו מדיק ג'ל לניקוי ידיים ללא מים 300 מל,מיליליטרים,300.00,"100 מ""ל",false,1,21.90,7.3000,true,1,23137
7290011765392,false,שמפו בוב ספוג לסירוק קל מכיל רוזמרין,טרופיקל דגיל תעשיות,IL,בוב ספוג שמפו 750 מ''ל,מיליליטרים,750.00,"100 מ""ל",false,1,12.90,1.7200,true,1,9616
7290011765415,false,"כיף - בוב ספוג מרכך שיער 750 מ""ל",קוסמופארם,IL,כיף מרכך לילדים בוב ספוג750 מל,מיליליטרים,750.00,"100 מ""ל",false,1,16.90,2.2533,true,1,9618
7290011765446,false,משחת שיניים לילדים בוב ספוג בטעם מיץ ענבים עם פלואוריד למניעת עששת,טרופיקל דגיל תעשיות,IL,משחת שיניים אורביטול בוב ספוג 70 גרם,גרמים,70.00,100 גרם,false,1,9.90,14.1429,true,1,122981
7290011800840,false,טחינה בלאדי רפי כהן 400 ג' צבר,סלטי צבר,IL,טחינה לבנה 400 גרם,גרמים,400.00,100 גרם,false,1,17.90,4.4750,true,1,123678
7290011830007,false,סוכר קנים חום אורגני,השדה מוצרים אורגניים,IN,סוכר קנים חום אורגני,קילוגרמים,1.00,"ק""ג",false,1,16.90,16.9000,true,1,10916
7290011830168,true,פרורי לחם אורג כוסמי,חטיפים מן הטבע,IL,פירורי לחם מקמח כוסמין,גרמים,200.00,100 גרם,false,1,13.90,6.9500,true,1,2188
7290011830182,false,פסטה כוסמין אורגנית פוזילי,השדה מוצרים אורגניים,IT,פסטה כוסמין אורגנית פוזילי 400 גרם,גרמים,400.00,100 גרם,false,1,21.90,5.4750,true,1,10923
7290011830205,false,פסטה כוסמין פטוצ'יני,השדה מוצרים אורגניים,HU,"פטוצ'יני, פסטה מקמח כוסמין מלא אורגני",גרמים,350.00,100 גרם,false,1,21.90,6.2571,true,1,4742
7290011830830,false,"צ""יקו מאנקי",סנקי,IL,צ'יקי מאנקי חטיף בוטנים אורגני,גרמים,20.00,100 גרם,false,1,3.30,16.5000,true,1,124649
7290011830991,true,חטיף ציקי מאנקי 60 ג,סנקי,IL,צ'יקי מאנקי 60 גרם,גרמים,60.00,100 גרם,false,1,6.90,11.5000,true,1,2190
7290011860271,false,ביסבול כדורי פירה בציפוי פריך,"תעשיות תפוגן בע""מ",IL,תפוגן ביסבול טבעי 9*700גרם,גרמים,700.00,100 גרם,false,1,16.90,2.4143,true,1,19344
7290011870225,false,סוללות פוג'יקום AAA רביעייה,פוג'יקום,CN,סוללות פוזיקום 4AAA,יחידה,1.00,יחידה,false,1,9.90,9.9000,true,1,124128
7290011870249,false,סוללות פוזיקום 12AAA,פוג'יקום,,סוללות פוזיקום 12AAA,לא מנהל יחידת מידה,0.00,לא מנהל יחידת מידה,false,1,19.90,0.0000,true,1,9697
7290011870256,false,AA סוללות פוגיקום 4 יחידות,פוג'יקום,CN,מארז 4 פוגיקום AA,יחידה,1.00,יחידה,false,1,9.90,9.9000,true,1,3116
7290011870270,false,פוג'יקום סוללות מארז 12 יח' AA,פוג'יקום,,סוללות פוזיקום 12AA,לא מנהל יחידת מידה,0.00,לא מנהל יחידת מידה,false,1,19.90,0.0000,true,1,124741
7290011870720,false,סוללה פוגיקום גדול D,פוג'יקום,,סוללות פוזיקום D,יחידה,1.00,יחידה,false,1,23.90,23.9000,true,1,124130
7290011870737,false,סוללה פוגיקום בינוני,פוג'יקום,,סוללות פוזיקום C,יחידה,1.00,יחידה,false,1,21.90,21.9000,true,1,124129
7290011870744,false,סוללה מרובע פוגיקום,פוג'יקום,,סוללות פוזיקום 9V,יחידה,1.00,יחידה,false,1,19.90,19.9000,true,1,13821
7290011876388,false,קציצות עוף ובקר 660 ג' מאמא עוף,תנובה גליל שותפות מו,IL,קציצות עוף ובקר 600 גרם,גרמים,600.00,100 גרם,false,1,34.90,5.8167,true,1,125300
7290011876494,false,שניצל עוף תירס 750 ג' מאמא עוף,תנובה גליל,IL,שניצל עוף תירס,גרמים,750.00,100 גרם,false,1,39.90,5.3200,true,1,2942
7290011877446,false,"כיף - בייבי כיף קרם גירויים 100 מ""ל",קוסמופארם בע''מ,IL,בייבי כיף קרם נגד גירויים,מיליליטרים,100.00,"100 מ""ל",false,1,11.90,11.9000,true,1,10332
7290011877835,false,סנו סושי שקיות ואקום לאחסון 2 יח' XXL,מיוצר עי קונדיטוריית,TR,"אריזות ואקום לאחסון 2 יח """,Unknown,0.00,Unknown,false,1,25.90,0.0000,true,1,123265
7290011877842,false,סנו סושי שקיות ואקום לאחסון 2 יח' XXXL,סנו סושי,,"אריזות ואקום לאחסון 2 יח """,לא מנהל יחידת מידה,0.00,לא מנהל יחידת מידה,false,1,25.90,0.0000,true,1,10331
7290011877859,false,סנו אינסטלטור חדש פותח סתימות 200ג',מיוצר עי קונדיטוריית,IL,"פותח סתימות אינסטלטור 200 גר """,גרמים,200.00,100 גרם,false,1,14.90,7.4500,true,1,123311
7290011877866,false,אבקת כביסה סנו מקסימה בניחוח Musk,"איי, בי, אינבוו",IL,"אבק.כביסה מקסימה מאסק 6 ק""ג",קילוגרמים,6.00,"ק""ג",false,1,49.90,8.3167,true,1,32285
7290011878351,true,תמר מגהול אורגני 400,,,תמר מגהול אורגני 400,Unknown,0.00,Unknown,false,1,29.90,0.0000,true,1,133787
7290011923273,false,טופו אורגני 300גרם ל,א.י.ן תעשיות מזון בע,IL,ליב טופו אורגני 300 גרם,גרמים,300.00,100 גרם,false,1,13.50,4.5000,true,1,124125
7290011923303,false,טופו טבעי 300גרם ליב,א.י.ן תעשיות מזון בע,IL,ליב טופו בטעם טבעי 300 גרם,גרמים,300.00,100 גרם,false,1,13.90,4.6333,true,1,127275
7290011931162,false,סוכרלייט ממתיק נוזלי על בסיס סוכרלוז,אף.סי תבליני בגליל ב,IL,ממתיק נוזלי על בסיס סוכרלוז,מיליליטרים,220.00,"100 מ""ל",false,1,32.90,14.9545,true,1,123117
7290011947309,false,זיתים מצוננים סורי מבוקע ולימון כבוש זיתא 230 ג',זיתא – י.ט.ב תעשיות,IL,זית ירוק עם לימון כבוש זיתא 230 גרם,גרמים,230.00,100 גרם,false,1,13.90,6.0435,true,1,126028
7290011947316,false,זיתא זיתי קלמטה בשמן זית כתית מעולה 215ג,סטאר סנקס,IL,זית קלמטה בשמן זית כתית מעולה,גרמים,217.00,100 גרם,false,1,13.90,6.4055,true,1,126464
7290011947781,false,מיקס זית ירוק וזית קלמטה ללא גלעין עם שמן זית 190 ג',זיתא,IL,זית ירוק קלמטה ללא גלעין מיקס זיתא190גרם,גרמים,190.00,100 גרם,false,1,13.90,7.3158,true,1,27495
7290011947798,false,זית קלמטה ללא גלעין עם שמן זית כתית 190 ג',זיתא,IL,זית קלמטה ללא גלעין זיתא 190 גרם,גרמים,190.00,100 גרם,false,1,13.90,7.3158,true,1,27494
7290011947866,false,מיקס זיתים זיתא בפח,זיתא,GR,מיקס זיתים בפח,גרמים,440.00,100 גרם,false,1,15.90,3.6136,true,1,29629
7290011947873,false,זית קלמטה בפח זיתא 250 ג',זיתא,GR,זיתי קלמטה בפח,גרמים,440.00,100 גרם,false,1,15.90,3.6136,true,1,29630
7290011947903,false,מיקס זיתים יווני זיתא 215 ג',זיתא,IL,זיתים מיקס יווני זיתא 215 גרם,גרמים,215.00,100 גרם,false,1,13.90,6.4651,true,1,29792
7290011964344,false,תבלין שום גבישי 120 ג',תות ממתקי איכות,IL,תבליני טעם וריח מיכל שום גבישי 120 גרם,גרמים,120.00,100 גרם,false,1,9.90,8.2500,true,1,123192
7290011964658,false,תבלין מלח לימון טעם,תות ממתקי איכות,IL,תבליני טעם וריח מלח לימון 100% 170 גרם,גרמים,170.00,100 גרם,false,1,9.90,5.8235,true,1,120
7290011964689,false,תבלין תיבול על האש ללא מונוס' 100ג',תות ממתקי איכות,IL,"תבליני טעם וריח תערובת תיבול על האש, 100 גרם",Unknown,0.00,Unknown,false,1,9.90,0.0000,true,1,124080
7290011964702,false,תבלין תיבול לשווארמה ללא מונוסו' 100ג',תות ממתקי איכות,IL,"תבליני טעם וריח תערובת תיבול לשווארמה, 100 גרם",גרמים,110.00,100 גרם,false,1,9.90,9.0000,true,1,124082
7290011971694,false,ספגטי טריקולור,פסטיפיסוי פליצ'טי,IT,ספגטי טריקולור אורגני,גרמים,500.00,100 גרם,false,1,15.90,3.1800,true,1,123879
7290011996000,false,טעם אסיה אטריות עגבניות 454 ג',טעמי אסיה Taste of Asia,CN,אטריות עגבניות 454 גרם,גרמים,454.00,100 גרם,false,1,7.50,1.6520,true,1,123251
7290011996017,false,טעם אסיה אטריות תרד 454 ג',טעמי אסיה Taste of Asia,CN,אטריות תרד 454 גרם,גרמים,454.00,100 גרם,false,1,7.50,1.6520,true,1,123207
7290011996031,false,טעם אסיה אטריות בצים 454 ג',טעמי אסיה Taste of Asia,CN,אטריות ביצים 454 גרם,גרמים,454.00,100 גרם,false,1,7.50,1.6520,true,1,123219
7290011996062,false,אורז לבן עגול מתאים להכנת סושי,טעמי אסיה Taste of Asia,ES,"אורז לסושי 1 ק""ג",קילוגרמים,1.00,"ק""ג",false,1,13.90,13.9000,true,1,123134
7290011996086,false,"רוטב צ''ילי חריף 700 מ""ל",טעמי אסיה Taste of Asia,TH,רוטב צילי חריף 700,מיליליטרים,160.00,"100 מ""ל",false,1,10.90,6.8125,true,1,123588
7290011996109,false,"רוטב צ''ילי מתוק 700 מ""ל",טעמי אסיה Taste of Asia,TH,"רוטב צילי מתוק אסיה 700 מ""ל",מיליליטרים,700.00,"100 מ""ל",false,1,9.90,1.4143,true,1,123201
7290011996123,false,אצות ים נורי גולד 10 דפים כשר,טעמי אסיה Taste of Asia,CN,דפי אצות ים נורי 10 יח,גרמים,25.00,100 גרם,false,1,10.90,43.6000,true,1,123468
7290011996178,false,"רוטב סויה בסגנון יפני 280 מ""ל",guangdong good taste,CN,רוטב סויה 280 מל,מיליליטרים,280.00,"100 מ""ל",false,1,9.90,3.5357,true,1,123328
7290011996185,false,"חומץ אורז לבן (לסושי) 250 מ""ל",טעמי אסיה Taste of Asia,CN,"חומץ אורז 250 מ""ל",מיליליטרים,250.00,"100 מ""ל",false,1,7.90,3.1600,true,1,123263
7290011996222,false,נוזל אגוזי קוקוס ללא,טעמי אסיה Taste of Asia,TH,"חלב קוקוס אסיה 400 מ""ל",מיליליטרים,400.00,"100 מ""ל",false,1,5.90,1.4750,true,1,123589
7290011996277,false,מחצלת עגולה לגלגול סושי,טעמי אסיה Taste of Asia,CN,מחצלת לסושי אסיה,יחידה,1.00,יחידה,false,1,3.90,3.9000,true,1,123385
7290011996499,false,אטריות אורז דקות טעם וריח 400ג',fujian longhai,CN,מקלוני אורז דקים 400 גרם,גרמים,400.00,100 גרם,false,1,7.90,1.9750,true,1,123361
7290011996512,false,"טעם אסיה טעם אסיה אטריות אורז 3מ""מ 400ג'",טעמי אסיה Taste of Asia,TH,מקלוני אורז 3 ממ,גרמים,400.00,100 גרם,false,1,8.50,2.1250,true,1,123544
7290011996529,false,"טעם אסיה אטריות אורז 5 מ""מ 400ג'",טעמי אסיה Taste of Asia,TH,"אטריות אורז 5 מ""מ 400 גרם",גרמים,400.00,100 גרם,false,1,8.50,2.1250,true,1,123373
7290011996567,false,רוטב סאטה 240 גר,קיי.אר.אס.ספייסי פוד,TH,רוטב סאטה 240,מיליליטרים,160.00,"100 מ""ל",false,1,12.90,8.0625,true,1,22171
7290011996581,false,"רוטב חמוץ מתוק 300 מ""ל",טעמי אסיה Taste of Asia,TH,"רוטב חמוץ מתוק 300 מ""ל",מיליליטרים,300.00,"100 מ""ל",false,1,9.90,3.3000,true,1,123341
7290011996604,false,רוטב פד תאי בקבוק 30,טעמי אסיה Taste of Asia,TH,רוטב פאד תאי 300 מל,מיליליטרים,300.00,"100 מ""ל",false,1,15.90,5.3000,true,1,123337
7290011996642,false,טעם אסיה שומשום שחור קלוי 100גר,טעמי אסיה Taste of Asia,CN,שומשום שחור קלוי 100 גרם,גרמים,100.00,100 גרם,false,1,12.90,12.9000,true,1,123284
7290011996703,false,טעם אסיה אצות וקאמה 100גר,טעמי אסיה Taste of Asia,,אצות וואקאמה מיובשות 100 גרם,גרמים,100.00,100 גרם,false,1,14.90,14.9000,true,1,123901
7290011996758,false,מזרח מערב קמח טמפורה כשר 500ג',טעמי אסיה Taste of Asia,CN,קמח טמפורה 500 גרם,גרמים,500.00,100 גרם,false,1,9.90,1.9800,true,1,124117
7290011996765,false,וואסבי שפורפרת 43 גר,טעמי אסיה Taste of Asia,CN,וואסבי שפורפרת 43 גרם,גרמים,43.00,100 גרם,false,1,8.90,20.6977,true,1,123612
7290011996789,false,פנקו פירורי לחם בסגנון יפני,טעמי אסיה Taste of Asia,CN,פירורי לחם יפניים פנקו 200 גרם,גרמים,200.00,100 גרם,false,1,7.90,3.9500,true,1,123647
7290011996802,false,אבקת ווסאבי 70 גרם,טעמי אסיה Taste of Asia,CN,אבקת ווסאבי 70 גרם,גרמים,70.00,100 גרם,false,1,13.90,19.8571,true,1,123564
7290011996819,false,מזרח מערב אטריות שעועית 250ג,טעמי אסיה Taste of Asia,CN,אטריות סיניות מקלוני שעועית 250 גרם,גרמים,250.00,100 גרם,false,1,5.90,2.3600,true,1,123548
7290011996888,false,רוטב טריאקי 300 כשר,קיי.אר.אס.ספייסי פוד,TH,רוטב טריאקי 300 כשר,מיליליטרים,300.00,"100 מ""ל",false,1,9.90,3.3000,true,1,123472
7290012001994,false,חרדל דיז'ון גרעינים 350 ג' ריין דיזון,ריין דיז'ון reine dijon,FR,חרדל דיגון גרעינים 350 גרם כפ,גרמים,350.00,100 גרם,false,1,12.90,3.6857,true,1,124083
7290012019258,false,מחית תפוחי עץ רביעיה 4 * 113 ג' תומר,Cherry growers inc,,מחית תפוחי עץ רביעייה 452 גרם,גרמים,452.00,100 גרם,false,1,13.90,3.0752,true,1,125224
7290012019265,false,"רסק תפו""ע דיאט תומר מארז 113X4ג'",Cherry growers inc,,מחית תפוחי עץ דיאט רביעייה 452 גרם,גרמים,452.00,100 גרם,false,1,13.90,3.0752,true,1,125225
7290012022203,false,פריכיות קליליות חיטה,דילייט,,קליליות חיטה מלאה 100 גרם,גרמים,100.00,100 גרם,false,1,13.90,13.9000,true,1,124675
7290012022227,false,פריכיות קליליות בטעם,דילייט,,קליליות בטעם טבעי 70גרם,גרמים,70.00,100 גרם,false,1,11.90,17.0000,true,1,124676
7290012022272,false,פריכיות קליליות קידס,דילייט,,קליליות קידס 30גרם,גרמים,30.00,100 גרם,false,1,10.50,35.0000,true,1,129293
7290012052170,false,גרנולה עם אגוזים ופירות יבשים במתיקות מעודנת,רפאלס,IL,ג. רפאל 350 ג' ללא סוכר אגו פר רפאל'ס,גרמים,350.00,100 גרם,false,1,15.90,4.5429,true,1,12563
7290012052187,false,חטיפי גרנולה חלבה תמ,רפאלס,IL,ג. רפאל 350 ג' חלבה תמר ושקד רפאל'ס,גרמים,350.00,100 גרם,false,1,15.90,4.5429,true,1,12564
7290012052194,false,גרנולה רפאל פירות יע,פוקה,IL,ג. רפאל 350 ג' פירות יער וקשיו רפאל'ס,גרמים,350.00,100 גרם,false,1,15.90,4.5429,true,1,124513
7290012052200,false,גרנולה עם אגוזים ופירות יבשים,רפאלס,IL,ג. רפאל 800 ג' אגוזים ופירות רפאל'ס,גרמים,800.00,100 גרם,false,1,29.90,3.7375,true,1,127412
7290012052224,false,"גרנולה עם חלבה, תמרים ושקדים",רפאלס,IL,ג. רפאל 800 ג' חלבה תמרים רפאל'ס,גרמים,800.00,100 גרם,false,1,29.90,3.7375,true,1,124411
7290012052309,false,"גרנולה תענות עם בננות צימוקים ושקדים 1 ק""ג.",רפאלס,IL,"תענוג בננה צימוק שקד 1 ק""ג רפאל'ס",קילוגרמים,1.00,"ק""ג",false,1,28.90,28.9000,true,1,12565
7290012052316,false,"גרנולה תענוג - שפע פירות 1 ק""ג",פוקה,IL,"תענוג שפע פירות 1 ק""ג רפאל'ס",קילוגרמים,1.00,"ק""ג",false,1,28.90,28.9000,true,1,12566
7290012052323,false,מוזלי עם פירות יבשים ושקדים ללא תוספת סוכר,רפאלס,IL,"תענוג מוזלי 1 ק""ג רפאל'ס",קילוגרמים,1.00,"ק""ג",false,1,28.90,28.9000,true,1,12567
7290012052330,false,"גרנולה תענוג חלווה 1 ק""ג",רפאלס,IL,"תענוג חלבה 1 ק""ג רפאל'ס",קילוגרמים,1.00,"ק""ג",false,1,28.90,28.9000,true,1,12568
7290012052347,false,"גרנולה תענוג ללא סוכר צימוקים ושקדים 1 ק""ג.",רפאלס,IL,"תענוג ללא סוכר צימוק שקד 1 ק""ג רפאל'ס",קילוגרמים,1.00,"ק""ג",false,1,28.90,28.9000,true,1,125138
7290012052354,false,גרנולה עם שוקולד ואגוזי לוז,רפאלס,IL,ג. רפאל 350 ג' שוקולד אגוזי לוז רפאל'ס,גרמים,350.00,100 גרם,false,1,15.90,4.5429,true,1,12569
7290012052361,false,גרנולה רפאל מוזלי 35,רפאלס,IL,ג. רפאל 350 ג' מוזלי שקדים פ. יער רפאל'ס,גרמים,350.00,100 גרם,false,1,15.90,4.5429,true,1,12570
7290012052385,false,מוזלי עם חמוציות ושקדים ללא תוספת סוכר,רפאלס,IL,ג. רפאל 720 ג' מוזלי שקדים פ.יער רפאל'ס,גרמים,80000.00,100 גרם,false,1,29.90,0.0374,true,1,12889
7290012052460,false,תערובת לסלט צוקולומו,רפאלס,IL,צ'וקולומומו אורגינל 250 ג' רפאל'סם,גרמים,250.00,100 גרם,false,1,18.90,7.5600,true,1,12571
7290012052477,false,תערובת לסלט צוקולומו,רפאלס,IL,צ'וקולומומו עשבי תיבול 250 ג' רפאל'ס,גרמים,250.00,100 גרם,false,1,18.90,7.5600,true,1,127637
7290012052897,true,חטיפי דגנים עם חלבה,פוקה,IL,חטיפי דגנים עם חלבה ושוקולד רפאלס 140ג,גרמים,140.00,100 גרם,false,1,12.90,9.2143,true,1,133812
7290012052903,true,חטיפי דגנים עם חלבה,פוקה,IL,חטיפי דגנים עם חלבה ופירות רפאלס 140גר,גרמים,140.00,100 גרם,false,1,12.90,9.2143,true,1,133813
7290012052910,true,חטיפי דגנים עם חלבה,פוקה,IL,חטיפי דגנים עם חלבה תפוח קנמון רפאלס 1,גרמים,140.00,100 גרם,false,1,12.90,9.2143,true,1,133814
7290012116032,false,מרכך לסירוק קל פיית הפרפרים,טרופיקל דגיל תעשיות,IL,"כיף מרכך פיות 750 מ""ל",מיליליטרים,750.00,"100 מ""ל",false,1,12.90,1.7200,true,1,124251
7290012116063,false,"כיף אל סבון פיות בתמציות קמומיל 750 מ""ל",טרופיקל דגיל תעשיות,IL,"כיף אלסבון פיות קמומיל 750 מ""ל",מיליליטרים,750.00,"100 מ""ל",false,1,12.90,1.7200,true,1,9668
7290012116537,false,"סנו מקסימה אבקת כביסה 2.5 ק""ג מאסק",טרופיקל דגיל תעשיות,IL,"סנו מקסימה בניחוח מאסק, 2.5 קג",קילוגרמים,2.50,"ק""ג",false,1,28.90,11.5600,true,1,123809
7290012116612,false,אורביטול מברשת שיניים מארז 4 יח',ג'נרל מילס סאן אדריא,CN,אורביטול מברשת שיניים 1/4,לא מנהל יחידת מידה,0.00,לא מנהל יחידת מידה,false,1,12.90,0.0000,true,1,9681
7290012116629,false,תחליב רול און דוחה יתושים לתינוקות ולילדים סנו די,מיוצר עי קונדיטוריית,IL,סנו די תחליב דוחה יתושים לתינוקות ולילדים 50 מל,מיליליטרים,50.00,"100 מ""ל",false,1,19.90,39.8000,true,1,123628
7290012116674,false,קרמה מן דאודורנט גל קול 75 מל,קוסמופארם,IL,קרמה מן דאודורנט ג'ל אנטיפרספרינט קול 70 מל,מיליליטרים,75.00,"100 מ""ל",false,1,16.90,22.5333,true,1,9643
7290012116681,false,דאודורנט ג'ל אנטיפרספירנט אקטיב בלוק Calm,קוסמופארם בעמ,IL,קרמה מן דאודורנט,מיליליטרים,75.00,"100 מ""ל",false,1,16.90,22.5333,true,1,9646
7290012116698,false,דאודורנט ג'ל אנטיפרספירנט אקטיב בלוק Ultimate,קוסמופארם,IL,"דאו ג""ל קרמה מן אולטימט 75 מ""ל",Unknown,0.00,Unknown,false,1,16.90,0.0000,true,1,9647
7290012116735,false,סנו - נייר טואלט סופט גליל כפול 24 יח',סנו מפעלי ברונוס בעמ,IL,נ ט סופט גליל גמבו 24 יחידות,מטרים,90000.00,מטר,false,1,42.90,0.0005,true,1,123643
7290012117091,false,אבקת -כביסה סנו מקסימה סנסיטיב 6 קג,סנו מקסימה,IL,אבקת כביסה מרוכזת SENSITIVE,קילוגרמים,6.00,"ק""ג",false,1,49.90,8.3167,true,1,123909
7290012117275,false,נוזל רב תכליתי לניקוי ולהברקה מילוי,טרופיקל דגיל תעשיות,IL,"סנוקליר חלונות 750 מ""ל מילוי",מיליליטרים,750.00,"100 מ""ל",false,1,8.90,1.1867,true,1,123781
7290012117350,false,ריצפז פרש 2 ליטר לילך לבנדר,"סנו מפעלי ברונוס בע""",IL,ריצפז פרש לילך 2 ליטר,ליטרים,2.00,ליטר,false,1,18.90,9.4500,true,1,123782
7290012117428,false,"קרמה - שמפו וג'ל רחצה 2 ב-1 מנטה 700 מ""ל",טרופיקל דגיל תעשיות,IL,"ג""ל רחצה ושמפו קרמה מן 700 מ""ל",מיליליטרים,700.00,"100 מ""ל",false,1,18.90,2.7000,true,1,123635
7290012117435,false,"קרמה - שמפו וג'ל רחצה 2 ב-1 אלוורה 700 מ""ל",טרופיקל דגיל תעשיות,IL,קרמה מן שמפו וג'ל רחצה 2 ב-1 אלוורה 700 מ''ל,מיליליטרים,700.00,"100 מ""ל",false,1,18.90,2.7000,true,1,123636
7290012117534,false,סנו - מקסימה מרכך כביסה מרוכז קול 1 ליטר,"סנו מפעלי ברונוס בע""",IL,מקסימה מרכך כביסה מרוכז (COOL) 1 ליטר,ליטרים,1.00,ליטר,false,1,18.90,18.9000,true,1,124003
7290012117558,false,מרכך כביסה קומפקט מאסק ורוד סנו מקסימה 1 ל',"סנו מפעלי ברונוס בע""",IL,מרכך מרוכז מאסק 1ליטר 40 כביסות,ליטרים,1.00,ליטר,false,1,18.90,18.9000,true,1,124001
7290012117732,false,סנו - מקסימה מרכך כביסה קול שחור 4 ליטר,"סנו מפעלי ברונוס בע""",IL,מרכך כביסה מקסימה קול שחור 4 ל,ליטרים,4.00,ליטר,false,1,22.90,5.7250,true,1,124807
7290012117916,false,סנו אינסטלאטור פותח סתימות נוזלי 1 ל',"סנו מפעלי ברונוס בע""",IL,אינסטלטור נוזלי סנו,ליטרים,1.00,ליטר,false,1,28.90,28.9000,true,1,125315
7290012139482,false,עצם לחוצה מעושנת בצי,PINGYANG LELE PET PR,CN,בונזו גוי עצם לחוצה מעושנת בציפוי עוף 3,גרמים,160.00,100 גרם,false,1,19.90,12.4375,true,1,823
7290012139567,false,ביסקוויט עוף בונזו ג,Ping Yang,,"מזון כלבים בונזו ג""וי ביסקוויט עוף 90 גר",גרמים,90.00,100 גרם,false,1,17.90,19.8889,true,1,825
7290012139598,false,"חול מתגבש יורוקיטי 10 ק""ג",בנטס,TR,חול קיטי 10 קג,קילוגרמים,10.00,"ק""ג",false,1,54.90,5.4900,true,1,37211
7290012159411,false,כפרי וביתי לבבות דקל חתוך,יושלם,,לבבות דקל חתוך 400 גרם,גרמים,400.00,100 גרם,false,1,9.90,2.4750,true,1,13288
7290012193125,false,ממתיק על בסיס סוכרלוז - טבליות,מיוצר עי קונדיטוריית,CN,מרמולייט ממתיק על בסיס סוכרלוז 150 טבליות,לא מנהל יחידת מידה,0.00,לא מנהל יחידת מידה,false,1,26.90,0.0000,true,1,123421
7290012193163,false,פמלי אל סבון פרחי בר,אף.סי תבליני בגליל ב,TR,פמילי אל סבון נוזלי פרחי בר רעננים 1 ליטר,ליטרים,1.00,ליטר,false,1,14.90,14.9000,true,1,125195
7290012226021,false,סלמי מעושן פראג יבש 400 ג' זוגלובק,נקניק נהריה כשר זוגל,IL,זוגלובק סלמי מעושן פראג 400 גרם א.מ.,גרמים,400.00,100 גרם,false,1,22.90,5.7250,true,1,123931
7290012226076,false,חרמון הודו ועוף 200 ג' זוגלובק,זוגלובק,IL,זוגלובק חרמון הודו ועוף 200 גרם,גרמים,200.00,100 גרם,false,1,14.90,7.4500,true,1,18685
7290012226120,false,קבנוס זוגלובק 135גר,נקניק נהריה כשר זוגל,IL,זוגלובק קבנוס 135 גרם,גרמים,135.00,100 גרם,false,1,12.50,9.2593,true,1,124252
7290012226342,true,נקניקיה מן הצומח זוג,זוגלובק,IL,נקניקיה מן הצומח זוגלוס 460גרם,גרמים,460.00,100 גרם,false,1,30.90,6.7174,true,1,2203
7290012226922,false,קבנוס בטעם שום 135 ג' זוגלובק,נקניק נהריה כשר זוגל,IL,זוגלובק קבנוס עם שום 135 גרם,גרמים,135.00,100 גרם,false,1,12.50,9.2593,true,1,124457
7290012226939,false,קבנוס עם צ'ילי חריף 135ג' זוגלובק,נקניק נהריה כשר זוגל,IL,זוגלובק קבנוס עם צ'ילי חריף 135 גרם,גרמים,135.00,100 גרם,false,1,12.50,9.2593,true,1,124458
7290012227172,false,חרמן הודו בדבש וברביקיו זוג במארז 600 ג' זוגלובק,נקניק נהריה כשר זוגל,IL,כפריות פסטרמות הודו דבש+ברביקיו זוגלובק,גרמים,600.00,100 גרם,false,1,33.90,5.6500,true,1,11565
7290012227325,false,סלמי דק דק מעושן איטלקי 120 ג' זוגלובק,זוגלובק,IL,זוגלובק סלמי מעושן איטלקי 120 גרם דק דק דק,גרמים,120.00,100 גרם,false,1,14.90,12.4167,true,1,129893
7290012227974,false,פסטרמה הודו בדבש טהור דק דק דק,זוגלובק,IL,זוגלובק פסטרמה בדבש 120 גרם דק דק דק,גרמים,120.00,100 גרם,false,1,14.90,12.4167,true,1,129895
7290012227981,false,פסטרמה דק דק ברביקיו 120 ג' זוגלובק,זוגלובק,IL,זוגלובק פסטרמה ברביקיו 120 גרם דק דק דק,גרמים,120.00,100 גרם,false,1,14.90,12.4167,true,1,129896
7290012227998,false,פסטרמה דק דק חזה בקר 120 ג' זוגלובק,זוגלובק,IL,זוגלובק חזה בקר 120 גרם דק דק דק,גרמים,120.00,100 גרם,false,1,14.90,12.4167,true,1,129894
7290012228261,false,נקנקיות קנקרס הודו ועוף ריינהולד'ס זוגלובק 300 ג',זוגלובק,IL,זוגלובק נקניקיות הודו פרמיום קנקרס ריינהולד'ס,גרמים,300.00,100 גרם,false,1,20.00,6.6667,true,1,129102
7290012228278,false,נקנקיות בוקוורסט עוף ובקר ריינהולד'ס 310 ג' זוגלובק,זוגלובק,IL,זוגלובק נקניקיות הודו -בקר (בוקוורסט) ריינהולדס,גרמים,310.00,100 גרם,false,1,20.00,6.4516,true,1,129101
7290012228919,false,קציצת מגדרה גלילית ז,זוגלובק,RO,קציצת מגדרה גלילית זוגלוס 450 גרם,גרמים,450.00,100 גרם,false,1,30.90,6.8667,true,1,29418
7290012228971,false,סלמי תה פפרוני זוגלובק 180 ג',זוגלובק,IL,סלמי תה פפרוני זוגלובק 180 גרם,גרמים,180.00,100 גרם,false,1,14.90,8.2778,true,1,34186
7290012228988,false,חרמון הודו ועוף בדבש זוגלובק 200 ג',זוגלובק,IL,חרמון הודו ועוף בדבש זוגלובק 200 גרם,גרמים,200.00,100 גרם,false,1,14.90,7.4500,true,1,34187
7290012245176,false,וופל ציפס קריספי 700,אגריסטו,BE,CHIPS וופל ציפס קריספי 700גרם,גרמים,700.00,100 גרם,false,1,13.90,1.9857,true,1,35422
7290012245183,false,ציפס קריספי קלאסי 70,אגריסטו,BE,CHIPS ציפס קריספי קלאסי700גרם,גרמים,700.00,100 גרם,false,1,11.90,1.7000,true,1,35423
7290012245275,false,גולד ציפס בטטה קריספ,אגריסטו,BE,"CHIPS ציפס בטטה קריספי 1 ק""ג",קילוגרמים,1.00,"ק""ג",false,1,27.90,27.9000,true,1,35424
7290012245312,false,"צ'יפס אמריקאי 1.5 ק""ג גולד שארית",יוליניבר,BE,ציפס אמריקאי 1.5 קג,קילוגרמים,1.50,"ק""ג",false,1,20.90,13.9333,true,1,16550
7290012245329,false,"צ'יפס קלאסי 1.5 ק""ג גולד שארית",יוליניבר,BE,ציפס בחיתוך קלאסי 1.5 קג,קילוגרמים,1.50,"ק""ג",false,1,20.90,13.9333,true,1,16568
7290012245336,false,"גולד צ'יפס סטייק 1.5 ק""ג גולד שארית",אגריסטו,NL,"סטייק ציפס גולד 1.5 ק""ג",קילוגרמים,1.50,"ק""ג",false,1,20.90,13.9333,true,1,36037
7290012251610,false,קבנוס לכלב טעם אווז,מיזרע,IL,קבנוס לכלב טעם אווז 120 גר,גרמים,120.00,100 גרם,false,1,15.00,12.5000,true,1,37212
7290012251634,false,קבנוס לכלב טעם כבש 1,מיזרע,IL,קבנוס לכלב טעם כבש 120 גר,גרמים,120.00,100 גרם,false,1,15.00,12.5000,true,1,37214
7290012309311,false,ערמונים קלופים וקלויים,"דין שיווק וקליה בע""מ",CN,ערמונים מקולפים 105 גרם,גרמים,105.00,100 גרם,false,1,6.90,6.5714,true,1,19312
7290012309939,false,חלבה מסולסלת דין שיווק 500 ג',אף.סי תבליני בגליל ב,IL,חלבה מסולסלת 500 גרם ששון הקולה,גרמים,500.00,100 גרם,false,1,14.90,2.9800,true,1,18041
7290012313547,false,זית קלמטה יבנה 560 ג,,,זית קלמטה,יחידה,1.00,יחידה,false,1,9.90,9.9000,true,1,127648
7290012349409,false,מסיכת שיער שמן קיק מ,ש.שוורץ,IL,מסיכת שיער שמן קיק מועשר בספירולינה 450,מיליליטרים,450.00,"100 מ""ל",false,1,45.90,10.2000,true,1,38139
7290012349454,false,"תחליב רחצה מלון, חומ",ש.שוורץ,IL,"תחליב רחצה מלון, חומצה הילרונית ושמן קיק",מיליליטרים,450.00,"100 מ""ל",false,1,32.90,7.3111,true,1,38140
7290012349508,false,"תחליב רחצה אביב, חומ",ש.שוורץ,IL,"תחליב רחצה אביב, חומצה הילרונית ושמן קיק",מיליליטרים,450.00,"100 מ""ל",false,1,32.90,7.3111,true,1,38141
7290012384011,true,בגט כפרי La Farina,לה פרינה,IL,בגט כפרי La Farina,לא מנהל יחידת מידה,0.00,לא מנהל יחידת מידה,false,1,11.90,0.0000,true,1,19765
7290012384028,true,חלה קלועה La Farina,לה פרינה,IL,חלה קלועה La Farina,לא מנהל יחידת מידה,0.00,לא מנהל יחידת מידה,false,1,17.90,0.0000,true,1,19766
7290012384059,true,לחם כפרי אגוזים וצימ,לה פרינה,IL,לחם כפרי אגוזים וצימוקים La Farina,לא מנהל יחידת מידה,0.00,לא מנהל יחידת מידה,false,1,21.90,0.0000,true,1,19768
7290012384066,true,לחם איטלקי La Farina,לה פרינה,IL,לחם איטלקי La Farina,לא מנהל יחידת מידה,0.00,לא מנהל יחידת מידה,false,1,21.90,0.0000,true,1,19769
7290012384073,true,לחם בצל La Farina,לה פרינה,IL,לחם בצל La Farina,לא מנהל יחידת מידה,0.00,לא מנהל יחידת מידה,false,1,21.90,0.0000,true,1,19770
7290012384097,true,לחם צרפתי לבן La Far,לה פרינה,IL,לחם צרפתי לבן La Farina,לא מנהל יחידת מידה,0.00,לא מנהל יחידת מידה,false,1,21.90,0.0000,true,1,19771
7290012384103,true,לחם דגנים מלא La Far,לה פרינה,IL,לחם דגנים מלא La Farina,לא מנהל יחידת מידה,0.00,לא מנהל יחידת מידה,false,1,21.90,0.0000,true,1,19772
7290012384110,true,לחם זיתים La Farina,לה פרינה,IL,לחם זיתים La Farina,לא מנהל יחידת מידה,0.00,לא מנהל יחידת מידה,false,1,21.90,0.0000,true,1,19773
7290012384127,true,לחם כפרי La Farina,לה פרינה,IL,לחם כפרי La Farina,לא מנהל יחידת מידה,0.00,לא מנהל יחידת מידה,false,1,21.90,0.0000,true,1,19774
7290012384134,true,לחם כוסמין La Farina,לה פרינה,IL,לחם כוסמין La Farina,לא מנהל יחידת מידה,0.00,לא מנהל יחידת מידה,false,1,21.90,0.0000,true,1,19775
7290012384141,true,מארז לחמניות La Far,לה פרינה,IL,מארז לחמניות La Farina,לא מנהל יחידת מידה,0.00,לא מנהל יחידת מידה,false,1,18.90,0.0000,true,1,19776
7290012384165,true,לחם שיפון צרפתי La F,לה פרינה,IL,לחם שיפון צרפתי La Farina,לא מנהל יחידת מידה,0.00,לא מנהל יחידת מידה,false,1,19.90,0.0000,true,1,19777
7290012384264,true,חלה בריוש La Farina,לה פרינה,IL,חלה בריוש La Farina,לא מנהל יחידת מידה,0.00,לא מנהל יחידת מידה,false,1,19.90,0.0000,true,1,19783
7290012384479,true,עוגת שמרים תפוח La F,לה פרינה,IL,עוגת שמרים תפוח La Farina,Unknown,0.00,Unknown,false,1,41.90,0.0000,true,1,19796
7290012384493,true,עוגת שמרים חלבה שוקו,לה פרינה,IL,עוגת שמרים חלבה שוקולד La Farina,Unknown,0.00,Unknown,false,1,41.90,0.0000,true,1,19797
7290012384509,true,עוגת תפוחים La Farin,לה פרינה,IL,עוגת תפוחים La Farina,Unknown,0.00,Unknown,false,1,41.90,0.0000,true,1,19798
7290012384523,true,עוגת גזר La Farina,לה פרינה,IL,עוגת גזר La Farina,Unknown,0.00,Unknown,false,1,41.90,0.0000,true,1,19800
7290012384547,true,עוגת שוקולד פאדג La,לה פרינה,IL,עוגת שוקולד פאדג La Farina,Unknown,0.00,Unknown,false,1,41.90,0.0000,true,1,19802
7290012384561,true,עוגת שמרים גבינה La,לה פרינה,IL,עוגת שמרים גבינה La Farina,Unknown,0.00,Unknown,false,1,41.90,0.0000,true,1,19804
7290012384578,true,עוגת שמרים פרג La Fa,לה פרינה,IL,עוגת שמרים פרג La Farina,Unknown,0.00,Unknown,false,1,41.90,0.0000,true,1,19805
7290012384592,true,עוגת שמרים שוקולד La,לה פרינה,IL,עוגת שמרים שוקולד La Farina,יחידה,0.00,יחידה,false,1,41.90,0.0000,true,1,19807
7290012384608,true,עוגת תפוז La Farina,לה פרינה,IL,עוגת תפוז La Farina,Unknown,0.00,Unknown,false,1,41.90,0.0000,true,1,19808
7290012384622,true,עוגת מוקה פאדג La Fa,לה פרינה,IL,עוגת מוקה פאדג La Farina,Unknown,0.00,Unknown,false,1,41.90,0.0000,true,1,19810
7290012384714,true,עוגיות מדלן וניל La,לה פרינה,IL,עוגיות מדלן וניל La Farina,Unknown,0.00,Unknown,false,1,38.90,0.0000,true,1,19814
7290012384721,true,עוגיות קרמל אגוזים L,לה פרינה,IL,עוגיות קרמל אגוזים La Farina,גרמים,0.00,100 גרם,false,1,38.90,0.0000,true,1,19815
7290012384813,true,עוגיות פנה פורטה La,לה פרינה,IL,עוגיות פנה פורטה La Farina,Unknown,0.00,Unknown,false,1,38.90,0.0000,true,1,19821
7290012384844,true,קוקיס שוקולד מריר La,לה פרינה,IL,קוקיס שוקולד מריר La Farina,Unknown,0.00,Unknown,false,1,38.90,0.0000,true,1,19824
7290012384929,true,עוגת לימון La Farina,לה פרינה,IL,עוגת לימון La Farina,Unknown,0.00,Unknown,false,1,41.90,0.0000,true,1,19827
7290012385056,true,עוגת שטרוייזל תפוחים,לה פרינה,IL,עוגת שטרוייזל תפוחים פס La Farina,לא מנהל יחידת מידה,0.00,לא מנהל יחידת מידה,false,1,39.90,0.0000,true,1,19817
7290012385223,false,ריבועי אגוזים וקרמל,לה מוליזנה,IL,ריבועי אגוזים וקרמל,גרמים,320.00,100 גרם,false,1,38.90,12.1562,true,1,33629
7290012385247,true,עוגיות בישקוטי ללא ת,לה פרינה,IL,עוגיות בישקוטי ללא תוספת סוכר La Farina,Unknown,0.00,Unknown,false,1,38.90,0.0000,true,1,19832
7290012385339,true,עוגת גבינה פירורים פ,לה פרינה,IL,עוגת גבינה פירורים פס La Farina,לא מנהל יחידת מידה,0.00,לא מנהל יחידת מידה,false,1,72.90,0.0000,true,1,19838
7290012385377,true,עוגת טריקולד פס La F,לה פרינה,IL,עוגת טריקולד פס La Farina,לא מנהל יחידת מידה,0.00,לא מנהל יחידת מידה,false,1,75.90,0.0000,true,1,19841
7290012385483,true,לחם סלק La Farina,לה פרינה,IL,לחם סלק La Farina,לא מנהל יחידת מידה,0.00,לא מנהל יחידת מידה,false,1,21.90,0.0000,true,1,19842
7290012385681,true,קנטוציני לוז שוקולד,לה פרינה,IL,קנטוציני לוז שוקולד,גרמים,300.00,100 גרם,false,1,38.90,12.9667,true,1,19860
7290012385834,false,עוגיות טוויל שומשום,לה פרינה,IL,עוגיות טוויל שומשום ללא תוספת סוכר,גרמים,250.00,100 גרם,false,1,38.90,15.5600,true,1,29260
7290012404955,false,ספרינג קולקשן נקטר חמוציות 1.25 ל',"יפאורה תבורי בע""מ",IL,ספרינג Collection נקטר חמוציות 1.25 ל',ליטרים,1.25,ליטר,false,1,14.00,11.2000,true,1,124322
7290012404993,false,ספרינג נקטר חמוציות דיאט קולקשיין 1.25ל,"יפאורה תבורי בע""מ",IL,ספרינג Collection נקטר דיאט חמוציות 1.25 ל',ליטרים,1.25,ליטר,false,1,13.50,10.8000,true,1,124266
7290012413636,false,תה ויסוצקי ירוק צ'אי מסאלה 25 יח',ויסוצקי ירוק,IL,תה ירוק צ'אי T.T,גרמים,37.00,100 גרם,false,1,25.90,70.0000,true,1,124808
7290012413643,false,תה ויסוצקי ירוק קמומיל 25 יח',ויסוצקי ירוק,IL,תה ירוק קמומיל T.T,גרמים,37.00,100 גרם,false,1,25.90,70.0000,true,1,125302
7290012454578,false,סוכריות קישוט לעוגה לבן 70 גר',מיה,IL,קישוט לעוגה לבן מיה 70גרם,גרמים,70.00,100 גרם,false,1,5.90,8.4286,true,1,37675
7290012475108,false,משקה שעורה נמס אורגני גרין פילד 100 גרם,קרלו,EG,משקה שעורה נמס 75 גר,גרמים,75.00,100 גרם,false,1,14.90,19.8667,true,1,124442
7290012483011,false,פולי סויה אדממה וילי,קו אל טי די קיאוניונ,CN,פולי סויה קפואים 1 קג ויליפוד,קילוגרמים,1.00,"ק""ג",false,1,16.90,16.9000,true,1,4589
7290012483608,false,"אורז בסמטי מובחר 5 ק""ג",הנסיך- מפעל לייצור ט,IN,אורז בסמטי 5קג DAAWAT,קילוגרמים,5.00,"ק""ג",false,1,49.90,9.9800,true,1,18601
7290012522581,false,טבעול שניצל תירס ללא גלוטן טבעול 664 גרם,עיצובים 2020 (4.8),IL,שניצל תירס ללא גלוטן 660 גרם,גרמים,660.00,100 גרם,false,1,32.90,4.9848,true,1,124868
7290012561337,false,כורכום טרי כתוש 70 ג' דורות,גוד פוד פרודקטס S.p,IL,דורות כורכום טרי כתוש 32*70גרם,גרמים,70.00,100 גרם,false,1,11.90,17.0000,true,1,14188
7290012561405,false,בצל חצי מטוגן דורות 180 גרם,עיצובים 2020 (3.8),IL,בצל חצי מטוגן 180 גרם,גרמים,180.00,100 גרם,false,1,12.40,6.8889,true,1,123696
7290012576362,false,קברנה סוביניון ספייש,יקבי ברקן שיווק והפצ,IL,"ספיישל רזרב קברנה סוביניון 750 מ""ל",מיליליטרים,750.00,"100 מ""ל",false,1,74.90,9.9867,true,1,20733
7290012576379,false,יין ספיישל רזרב מרלו,יקבי ברקן שיווק והפצ,IL,"ספיישל רזרב מרלו 750 מ""ל",מיליליטרים,750.00,"100 מ""ל",false,1,74.90,9.9867,true,1,20734
7290012576591,false,יין רזרב גוורצטרמינר,יקבי ברקן שיווק והפצ,IL,"גוורצטרמינר רזרב 750 מ""ל",מיליליטרים,750.00,"100 מ""ל",false,1,49.90,6.6533,true,1,12082
7290012588907,false,"איילנד גויאבה 300 מ""",טמפו,IL,"איילנד גויאבה 300 מ""ל",מיליליטרים,300.00,"100 מ""ל",false,1,6.90,2.3000,true,1,38515
7290012588914,false,"איילנד מנגו 300 מ""ל",טמפו,IL,"איילנד מנגו 300 מ""ל",מיליליטרים,300.00,"100 מ""ל",false,1,6.90,2.3000,true,1,38516
7290012594014,false,לחם שיפון פרוס 650 ג,מאפיית רפאל,,לחם שיפון פרוס,גרמים,650.00,100 גרם,false,1,15.90,2.4462,true,1,124365
7290012594038,false,לחם ביאנקו 500 גר,מאפיית רפאל,IL,חלה פרוסה 500,גרמים,500.00,100 גרם,false,1,11.90,2.3800,true,1,7588
7290012642586,false,ערמונים קלופים תומר 100 ג',Tangshan huiyuan foo,,ערמונים קלופים 100 גר תומר,גרמים,100.00,100 גרם,false,1,4.90,4.9000,true,1,125366
7290012642814,true,פלפל מעורב בחומץ חרי,,,פלפל מעורב בחומץ חרי,לא מנהל יחידת מידה,0.00,לא מנהל יחידת מידה,false,1,12.90,0.0000,true,1,4008
7290012645051,false,יוגורט עיזים בגביע 350 ג',חלב הארץ,IL,יוגורט עיזים בגביע 350 גר,גרמים,350.00,100 גרם,false,1,11.50,3.2857,true,1,23619
7290012645068,false,גבינה מותכת מחלב עיזים 16% שומן ישראלה 180 ג',"נארז ע""י : א.ג. גילר",IL,גבינה מותכת מחלב עיזים ישראלה 180גרם 16%,גרמים,180.00,100 גרם,false,1,24.90,13.8333,true,1,30086
7290012645075,false,יוגורט כבשים יווני בגביע 350 גרם,חלב הארץ,IL,יוגורט כבשים יווני חלב הארץ 350גרם,גרמים,350.00,100 גרם,false,1,11.90,3.4000,true,1,30087
7290012645112,false,"יוגורט עיזים בדלי חלב הארץ 750מ""ל",מחלבות סוסיא,IL,"יוגורט עיזים 750 מ""ל",מיליליטרים,750.00,"100 מ""ל",false,1,19.90,2.6533,true,1,129848
7290012645129,false,"יוגורט כבשים בדלי חלב הארץ 750מ""ל",מחלבות סוסיא,IL,"יוגורט כבשים 750 מ""ל",מיליליטרים,750.00,"100 מ""ל",false,1,19.90,2.6533,true,1,129847
7290012645174,false,לאבנה עיזים 5% 200 גר',חלב הארץ,IL,גבינת עיזים 5% חלב הארץ 200גרם,גרמים,200.00,100 גרם,false,1,13.90,6.9500,true,1,35670
7290012645181,false,לאבנה עיזים 5% חלב ה,חלב הארץ,IL,לאבנה עיזים 5% חלב הארץ 200גרם,גרמים,200.00,100 גרם,false,1,13.90,6.9500,true,1,35671
7290012645280,false,"יוגורט כבשים טבעי 2.8% בגביע חלב הארץ 150מ""ל",מחלבות סוסיא,IL,יוגורט כבשים בסגנון יווני חלב הארץ 150 ג,גרמים,150.00,100 גרם,false,1,5.90,3.9333,true,1,33697
7290012645297,false,סוסיא יוגורט עיזים ביו 2.8% ט.טבעי 150מל,מחלבות סוסיא,IL,חלב הארץ גביע יוגורט עיזים טבעי 150 גרם,גרמים,150.00,100 גרם,false,1,5.90,3.9333,true,1,127774
7290012645389,false,יוגורט עיזים טבעי חלב הארץ 1 ל',מחלבות סוסיא,IL,חלב הארץ יוגורט עיזים 1 ליטר בבקבוק,ליטרים,1.00,ליטר,false,1,23.90,23.9000,true,1,125191
7290012665059,true,קובה מרק 400 גר חמים,,,קובה מרק 400 גר חמים,לא מנהל יחידת מידה,0.00,לא מנהל יחידת מידה,false,1,19.90,0.0000,true,1,4196
7290012697241,false,סוכרזית מהטבע סטיוויה נוזלי 220מל,אף.סי תבליני בגליל ב,IL,סוכרזית מצמח הסטיוויה נוזל,מיליליטרים,220.00,"100 מ""ל",false,1,32.90,14.9545,true,1,124820
7290012759017,false,חטיף אנרגיה מיקס ממה,ממה חטיפי אנרגיה,,חטיף אנרגיה מיקס ממה 50 גרם,גרמים,50.00,100 גרם,false,1,7.50,15.0000,true,1,17766
7290012759031,false,חטיף אנרגיה בננה ופק,ממה חטיפי אנרגיה,,חטיף אנרגיה בננה ופקאן ממה אישי 50 גרם,גרמים,50.00,100 גרם,false,1,7.50,15.0000,true,1,12702
7290012759253,false,טרפלס תמרים וקקאו 28,ממה חטיפי אנרגיה,,טרפלס תמרים וקקאו 280 גרם,גרמים,280.00,100 גרם,false,1,32.90,11.7500,true,1,125699
7290012759444,false,טרפלס חמאת בוטנים 28,ממה חטיפי אנרגיה,,טרפלס חמאת בוטנים 280 גרם,גרמים,280.00,100 גרם,false,1,32.90,11.7500,true,1,127766
7290012759529,false,טרפלס טחינה ושקדים 2,ממה חטיפי אנרגיה,,טרפלס טחינה ושקדים 280 גרם,גרמים,280.00,100 גרם,false,1,32.90,11.7500,true,1,129382
7290012759659,false,עוגיות בראוניז קוקוס,ממה חטיפי אנרגיה,IL,עוגיות בראוניז קוקוס ואגוז מלך 240 גרם,גרמים,240.00,100 גרם,false,1,27.90,11.6250,true,1,14733
7290012759666,false,עוגיות בראוניז פקאן,ממה חטיפי אנרגיה,IL,עוגיות בראוניז פקאן ופולי קקאו 240 גרם,גרמים,240.00,100 גרם,false,1,27.90,11.6250,true,1,14732
7290012759673,false,עוגיות בראוניז חמאת,ממה חטיפי אנרגיה,IL,עוגיות בראוניז חמאת בוטנים 240 גרם,גרמים,240.00,100 גרם,false,1,27.90,11.6250,true,1,14731
7290012759727,false,חטיף בראוניז פקאן ופ,ממה חטיפי אנרגיה,IL,חטיף בראוניז פקאן ופולי קקאו 50 גרם,גרמים,50.00,100 גרם,false,1,8.50,17.0000,true,1,14729
7290012759949,false,חטיף חלבון תמר קרם ל,ממה,IL,חטיף חלבון תמר קרם לוז יה עם חלבון 50גר,גרמים,50.00,100 גרם,false,1,9.90,19.8000,true,1,27496
7290012759956,false,חטיף חלבון תמר פקאן,ממה,IL,חטיף חלבון תמר פקאן עם חלבון 50גרם,גרמים,50.00,100 גרם,false,1,9.90,19.8000,true,1,27497
7290012803055,false,ממתיק על בסיס סוכרלוז - שקיות,תות ממתקי איכות,IL,סוכרלוז מרמולייט 100 שקיות,גרמים,100.00,100 גרם,false,1,26.90,26.9000,true,1,13545
7290012803215,false,וופל בלגי בטעם שוקולד ללא תוספת סוכר,בטר אנד דיפרנט,IL,ופל בלגי בטעם שוקולד 200 גרם,גרמים,200.00,100 גרם,false,1,10.80,5.4000,true,1,125050
7290012803222,false,וופל בלגי בטעם לימון ללא תוספת סוכר,בטר אנד דיפרנט,IL,ופל בלגי בטעם לימון 200 גרם,גרמים,200.00,100 גרם,false,1,10.80,5.4000,true,1,125051
7290012803314,false,ממתיק על בסיס סוכרלוז - טבליות,מיוצר עי קונדיטוריית,IL,מרמולייט סוכרלוז ממתיק 300 טבליות,Unknown,0.00,Unknown,false,1,48.40,0.0000,true,1,123889
7290012803352,false,"רייד ארוסול קוטל מעופפים 300מ""ל",אס.סי.ג'ונסון מידרכט,NL,"תרסיס רייד קוטל חרקים מעופפים 300 מ""ל",מיליליטרים,300.00,"100 מ""ל",false,1,19.90,6.6333,true,1,124191
7290012803765,false,שוקולד מריר ללא תוספת סוכר,אלטינמארקה גידה סאן,TR,טוסו שוקולד מריר ללא תוספת סוכר 100 גרם,גרמים,100.00,100 גרם,false,1,11.90,11.9000,true,1,125066
7290012803772,false,שוקולד חלב ללא תוספת סוכר,אלטינמארקה גידה סאן,TR,טוסו שוקולד חלב ללא תוספת סוכר 100 גרם,גרמים,100.00,100 גרם,false,1,11.90,11.9000,true,1,125067
7290012803789,false,שוקולד מריר עם אגוזים ללא תוספת סוכר,האי נאם סי או אל.טי.,TR,טוסו שוקולד מריר עם אגוזים ללא תוספת סוכר 100 גרם,גרמים,100.00,100 גרם,false,1,11.90,11.9000,true,1,125068
7290012803796,false,שוקולד חלב עם אגוזים ללא תוספת סוכר,אלטינמארקה גידה סאן,TR,טוסו שוקולד חלב עם אגוזים ללא תוספת סוכר 100 גר',גרמים,100.00,100 גרם,false,1,12.60,12.6000,true,1,125069
7290012823381,false,מרכך כביסה מקסימה סנסיטיב מרוכז ורוד 1 ל' סנו,"סנו מפעלי ברונוס בע""",IL,מרכך מרוכז סנסטיב 1 ליטר 40 כביסות,ליטרים,1.00,ליטר,false,1,18.90,18.9000,true,1,124011
7290012823398,false,מטליות חד פעמיות לניקוי הרצפה בניחוח מרכך כביסה 10יח' סנו,סנו מפעלי ברונו בעמ,IL,"סנו רצפז, מטליות לחות לניקוי הרצפה,970 גרם",יחידה,1.00,יחידה,false,1,14.90,14.9000,true,1,129511
7290012823541,false,מטליות ריצפז פרש בריח לבנדר 10 יח' סנו,"סנו מפעלי ברונוס בע""",IL,מטליות ריצפז פרש לבנדר,לא מנהל יחידת מידה,0.00,לא מנהל יחידת מידה,false,1,12.90,0.0000,true,1,123946
7290012823558,false,מטליות ענק לחות לרצפה 10 יח' סנו סושי,סנו מפעלי ברונוס בעמ,IL,מטליות לחות לריצפה סנו סושי 10 יחידות,Unknown,0.00,Unknown,false,1,13.90,0.0000,true,1,124091
7290012823602,false,נייר טואלט סופט סילק לבן - מארז 32 גלילים,טרופיקל דגיל תעשיות,IL,נייר טואלט סופט 32 גלילים,מטרים,58800.00,מטר,false,1,33.90,0.0006,true,1,124423
7290012823947,false,"סנו - מרכך כביסה מרוכז פרפיום קריסטל נואר 750 מ""ל",מיוצר עי קונדיטוריית,IL,"מרכך כביסה פרפיום קריסטל נואר 750 מ""ל",מיליליטרים,750.00,"100 מ""ל",false,1,18.90,2.5200,true,1,124320
7290012864025,false,נבטי אלפלפא,חקלאי,IL,נבטי אלפלפא,לא מנהל יחידת מידה,0.00,לא מנהל יחידת מידה,false,1,6.90,0.0000,true,1,15820
7290012871061,false,דגן תירס פופ מתוק 15,מפעלי דגן,IL,דגן תירס פופ מתוק 150 גרם,גרמים,150.00,100 גרם,false,1,6.90,4.6000,true,1,127825
7290012871436,true,5 דגנים מלאים בדבש ו,,,5 דגנים מלאים בדבש ו,Unknown,0.00,Unknown,false,1,9.90,0.0000,true,1,7593
7290012878817,false,"שוורץ - קרם חמצן 6% 60 מ""ל",שוורץ Schwartz,IL,קרם חמצן 6% שוורץ,לא מנהל יחידת מידה,0.00,לא מנהל יחידת מידה,false,1,4.90,0.0000,true,1,11314
7290012878831,false,תחליב חמצן 9%,שוורץ Schwartz,IL,חמצן 9% שוורץ,לא מנהל יחידת מידה,0.00,לא מנהל יחידת מידה,false,1,4.90,0.0000,true,1,11315
7290012878886,false,שוורץ סבון נוזלי רימונים 1 ליטר,ש.שוורץ,,סבון נוזלי רימונים-שוורץ,ליטרים,1.00,ליטר,false,1,12.00,12.0000,true,1,124293
7290012884986,false,תפוגן ציפס לתנור עד 4% שומן 1.5 קג,"תעשיות תפוגן בע""מ",IL,תפוגן לתנור 4% שומן,קילוגרמים,1.50,"ק""ג",false,1,26.90,17.9333,true,1,3384
7290012901355,false,דודלס ארוחת אטריות עם גבינה 206 גרם,האי נאם סי או אל.טי.,US,ארוחת מקרוני עם רוטב על בסיס גבינה,גרמים,206.00,100 גרם,false,1,11.90,5.7767,true,1,126971
7290012901959,false,ארוחת אטריות עם גבינה מסולסלים 156 גרם,,US,אטריות עם גבינה מסולסלים Doodles גרם156,גרמים,156.00,100 גרם,false,1,11.90,7.6282,true,1,22631
7290012911088,false,"רוטב סויה בהירה 500 מ""ל",healthy food product,TH,"רוטב סויה בהירה 500 מ""ל",מיליליטרים,500.00,"100 מ""ל",false,1,10.90,2.1800,true,1,123877
7290012911095,false,רוטב סויה כהה 500 מל,הלסי פוד,,"רוטב סויה כהה 500 מ""ל",מיליליטרים,500.00,"100 מ""ל",false,1,10.90,2.1800,true,1,123878
7290012911170,false,מיסו כהה-מחית פולי סויה,טעמי אסיה Taste of Asia,,"מיסו כהה אסיה 500 מ""ל",מיליליטרים,500.00,"100 מ""ל",false,1,11.90,2.3800,true,1,124239
7290012911187,false,מיסו בהיר-מחית פולי סויה,טעמי אסיה Taste of Asia,,"מיסו בהיר אסיה 500 מ""ל",מיליליטרים,500.00,"100 מ""ל",false,1,11.90,2.3800,true,1,124258
7290012911262,false,"מירין משובח 500 מ""ל",פוקולוקו,CN,"מירין משובח 500 מ""ל",מיליליטרים,500.00,"100 מ""ל",false,1,25.90,5.1800,true,1,20371
7290012911293,false,דפי אורז ללא גלוטן 300 ג',טעמי אסיה Taste of Asia,VN,"דפי אורז 22 ס""מ 300 גרם",גרמים,300.00,100 גרם,false,1,11.90,3.9667,true,1,124134
7290012911415,false,ממרח קארי ירוק 400ג',קיי אר אס ספייסי פוד,TH,ממרח קארי ירוק 400 גרם,גרמים,400.00,100 גרם,false,1,17.90,4.4750,true,1,124768
7290012911422,false,ממרח קארי אדום 400ג',טעמי אסיה Taste of Asia,TH,ממרח קארי אדום 400 גרם,גרמים,400.00,100 גרם,false,1,17.90,4.4750,true,1,124738
7290012911439,false,ממרח קארי צהוב 400ג',טעמי אסיה Taste of Asia,TH,ממרח קארי צהוב 400 גרם,גרמים,400.00,100 גרם,false,1,17.90,4.4750,true,1,124783
7290012911477,false,קרם קוקוס גולד 400 ג,אסיאטיק אגרו אינדסטר,TH,קרם קוקוס גולד 400 גרם,גרמים,400.00,100 גרם,false,1,7.90,1.9750,true,1,124564
7290012911583,false,רצועות דלעת כבושה-קנפיו,טעמי אסיה Taste of Asia,CN,רצועות דלעת כבושה קנפיו 100 גרם,גרמים,100.00,100 גרם,false,1,9.90,9.9000,true,1,124672
7290012911613,false,רצועות צנון יפני כבו,,,צנון יפני כבוש,גרמים,100.00,100 גרם,false,1,8.90,8.9000,true,1,22182
7290012911675,false,פטריות שיטאקה מיובשות,טעמי אסיה Taste of Asia,IL,פטריות שיטאקה אסיה 85 גרם,גרמים,85.00,100 גרם,false,1,17.90,21.0588,true,1,125341
7290012911729,false,ג'ינג'ר ורוד לסושי 250ג',טעמי אסיה Taste of Asia,CN,גינגר לסושי אסיה 250 גרם,גרמים,250.00,100 גרם,false,1,7.50,3.0000,true,1,125287
7290012911804,false,"שמן שומשום כשר 150 מ""ל",גואנגדונג גוד טייסט,SG,"שמן שומשום אסיה 150 מ""ל",מיליליטרים,150.00,"100 מ""ל",false,1,11.90,7.9333,true,1,124528
7290012911866,false,דפי אורז מרובעים ללא,טעמי אסיה Taste of Asia,VN,דפי אורז מרובעים 300 גרם,גרמים,300.00,100 גרם,false,1,11.90,3.9667,true,1,125524
7290012911934,false,שבבי אורז 227 גרם כש,טעמי אסיה Taste of Asia,TH,שבבי אורז,יחידה,1.00,יחידה,false,1,7.30,7.3000,true,1,125872
7290012911941,false,רוטב צ'ילי מתוק ללא תוספת סוכר,טעמי אסיה Taste of Asia,TH,רוטב צילי מתוק ללא סוכר700גרם,גרמים,700.00,100 גרם,false,1,13.90,1.9857,true,1,125318
7290012911965,false,ג'ינג'ר לסושי ללא צבע כשר 250ג',טעמי אסיה Taste of Asia,CN,גינגר כבוש 250 גר מזרח ומערב,גרמים,250.00,100 גרם,false,1,8.90,3.5600,true,1,125753
7290012921025,false,מלכה בוטיק בירה בהיר,בירה מלכה בעמ,IL,בירה מלכה בהירה 6.5% כוהל 330 מל,מיליליטרים,330.00,"100 מ""ל",false,1,13.90,4.2121,true,1,124804
7290012921032,false,מלכה בוטיק בירה אדמו,בירה מלכה בעמ,IL,בירה מלכה אדמונית 5.5% כוהל 330 מל,מיליליטרים,330.00,"100 מ""ל",false,1,13.90,4.2121,true,1,124803
7290012921049,false,בירה מלכה כהה בק 330,בירה מלכה בעמ,IL,"בירה מלכה, כהה, 330 מל",מיליליטרים,330.00,"100 מ""ל",false,1,13.90,4.2121,true,1,30033
7290012921056,false,מלכה בוטיק בירה חיטה,מבשלת בירה ישראלית,IL,"בירה מלכה חיטה, 330 מל",מיליליטרים,330.00,"100 מ""ל",false,1,13.90,4.2121,true,1,124846
7290012921063,false,בירה מלכה הינדי בבקבוק,בירה מלכה בעמ,IL,"בירה מלכה הינדי, 330 מל",מיליליטרים,330.00,"100 מ""ל",false,1,13.90,4.2121,true,1,14128
7290012936838,true,הל טחון 35גרם,א.ל ייצור ושיווק תבל,IL,תבליני מימון הל טחון 35 גרם,Unknown,0.00,Unknown,false,1,17.90,0.0000,true,1,7600
7290012936937,false,מימון בהרט 40 גרם,א.ל ייצור ושיווק תבל,IL,תבליני מימון בהרט 40 גרם,Unknown,0.00,Unknown,false,1,11.50,0.0000,true,1,124325
7290012938580,false,"סנסודיין משחת שיניים להלבנה עדינה 75 מ""ל",גלקסוסמית'קליין קונס,GB,סנסודיין משחת שיניים הלבנה עדינה 75 מל,מיליליטרים,75.00,"100 מ""ל",false,1,21.90,29.2000,true,1,124571
7290012938740,false,"משחת שיניים פרש מינט מנטה 75מ""ל סנסודיין",גלקסו סמית קליין,GB,סנסודיין משחת שיניים מנטה מרענן 75 מל,מיליליטרים,75.00,"100 מ""ל",false,1,21.90,29.2000,true,1,125140
7290012962608,false,"צלחות פלסטיק עבות כ-22 ס""מ במבחר צבעים",הוסטס Hostess,,"צלחות פלסטיק עבות במיוחד 25 יחידות 22 ס""",לא מנהל יחידת מידה,0.00,לא מנהל יחידת מידה,false,1,13.90,0.0000,true,1,128324
7290012962974,false,כפית מהודרת עבה במיו,F.T.I,,כפית מהודרת עבה במיוחד 50 יחידות,לא מנהל יחידת מידה,0.00,לא מנהל יחידת מידה,false,1,8.90,0.0000,true,1,12020
7290012983153,false,סילאן טבעי לחיץ 400 ג תמר כינרת,מנדלז סי.אר. פרודקשן,IL,סילאן טבעי 400 לחיץ,גרמים,400.00,100 גרם,false,1,16.90,4.2250,true,1,126059
7290012983320,false,מלית תמרים כנרת בגבי,מנדלז סי.אר. פרודקשן,IL,מלית תמרים 450 גר',גרמים,450.00,100 גרם,false,1,6.60,1.4667,true,1,127356
7290012996450,false,הפי מרכך לכביסה מרוכז כחול 1ל',קרלו,BE,"יעקבי האפי מרכך כביסה סופר מרוכז, פרחי אביב",ליטרים,1.00,ליטר,false,1,16.70,16.7000,true,1,124137
7290012996672,false,הפי סבון לאסלה מבושם זוג,יוליניבר,IT,סבון אסלה מבושם יעקבי 2 יחידות,גרמים,43.00,100 גרם,false,1,9.90,23.0233,true,1,128071
7290013068361,false,שמן זית אליעד כתית מ,אליעד,IL,שמן זית אליעד כתית מעולה 750 מל,מיליליטרים,750.00,"100 מ""ל",false,1,36.90,4.9200,true,1,19257
7290013068699,false,שמן זית כתית מעולה ע,בית הבד,IL,"שמן זית כתית מעולה עשיר אליעד 750מ""ל",מיליליטרים,750.00,"100 מ""ל",false,1,36.90,4.9200,true,1,24000
7290013068705,false,שמן זית כתית מעולה ק,בית הבד,IL,שמן זית כתית מעולה קטיפתי אליעד750 מל,מיליליטרים,750.00,"100 מ""ל",false,1,36.90,4.9200,true,1,23999
7290013083661,false,תרכובת מזון המשך לפעוטות שלב 1 Extra Care,מטרנה תעשיות ש.מ,IL,מטרנה אקסטרה קייר שלב 1 חיסכון,גרמים,700.00,100 גרם,false,1,64.90,9.2714,true,1,124200
7290013083678,false,תרכובת מזון המשך לפעוטות שלב 2 Extra Care,מולינו ניקולי s.p.a,IL,מטרנה אקסטרה קייר שלב 2 700 גרם,גרמים,700.00,100 גרם,false,1,64.90,9.2714,true,1,124201
7290013083685,false,תרכובת מזון המשך לפעוטות שלב 3 Extra Care,מטרנה תעשיות ש.מ,IL,מטרנה אקסטרה קייר שלב 3 700 גרם,גרמים,700.00,100 גרם,false,1,64.90,9.2714,true,1,124202
7290013083999,false,חול יורוקיטי קריסטלי 3.8 ל',קינדאו,CN,קריסטל יורוקיטי 3.8 ליטר,ליטרים,0.04,ליטר,false,1,24.90,622.5000,true,1,37471
7290013117212,false,בורקס פילו גבינה מעדנות מעדנות 600 ג',מיוצר עי קונדיטוריית,IL,בורקס פילו במילוי גבינה 600 גרם,גרמים,600.00,100 גרם,false,1,22.50,3.7500,true,1,123866
7290013117229,false,בורקס פילו תפוא מעדנות 600 גרם,מיוצר עי קונדיטוריית,IL,"בורקס פילו במילוי תפו""א 600 גרם",גרמים,600.00,100 גרם,false,1,22.50,3.7500,true,1,123867
7290013117236,false,בורקס פילו פיצה מעדנות 600 ג',מיוצר עי קונדיטוריית,IL,בורקס פילו פיצה 600 גרם,גרמים,600.00,100 גרם,false,1,22.50,3.7500,true,1,123868
7290013117243,false,בורקס פילו בולגרית מעדנות 600 ג',מיוצר עי קונדיטוריית,IL,בורקס פילו בולגרית 600 גרם,גרמים,600.00,100 גרם,false,1,22.50,3.7500,true,1,123869
7290013117410,false,בצק פריך מרודד למאפים מתוקים 900 ג' מעדנות,מיוצר עי קונדיטוריית,IL,מארז בצק פריך מתוק 450 גר 2*,גרמים,900.00,100 גרם,false,1,25.40,2.8222,true,1,124454
7290013117427,false,בצק פריך מרודד למאפים מלוחים 900 ג' מעדנות,מיוצר עי קונדיטוריית,IL,מארז בצק פריך מלוח *2 450 גרם,גרמים,900.00,100 גרם,false,1,25.40,2.8222,true,1,124455
7290013117526,false,מעדנות בצק שמרים למאפים מתוקים 900 גרם,"מעדנות בע""מ",IL,בצק שמרים למאפים מתוקים 900 גר,גרמים,900.00,100 גרם,false,1,25.40,2.8222,true,1,124534
7290013121011,false,חלת שבת ללא גלוטן 50,אביב קונדיטוריה מעול,IL,חלת שבת ללא גלוטן 500 גרם,גרמים,500.00,100 גרם,false,1,22.90,4.5800,true,1,124427
7290013121028,false,לחם לבן ללא גלוטן גר,אביב קונדיטוריה מעול,IL,לחם לבן ללא גלוטן 500 גרם,גרמים,500.00,100 גרם,false,1,20.90,4.1800,true,1,124428
7290013121103,false,רביעיית שליש באגט ללא גלוטן,אביב קונדיטוריה מעול,IL,שליש בגט 4 יחידות 400 גרם,גרמים,400.00,100 גרם,false,1,20.90,5.2250,true,1,124429
7290013121110,false,רביעיית לחמניות בורגר ללא גלוטן,אביב קונדיטוריה מעול,IL,לחמניות בורגר ללא גלוטן רביעייה 350 גרם,גרמים,350.00,100 גרם,false,1,17.90,5.1143,true,1,125328
7290013121127,false,לחמניות מיני ללא גלוטן,אביב קונדיטוריה מעול,IL,לחמניות מיני 6 יח ללא גלוטן,גרמים,420.00,100 גרם,false,1,20.90,4.9762,true,1,124430
7290013121158,false,רביעיית לחמניות סנדביץ ללא גלוטן,אביב קונדיטוריה מעול,IL,לחמניות סנדוויץ ללא גלוטן רביעייה 460 גר,גרמים,460.00,100 גרם,false,1,19.90,4.3261,true,1,125329
7290013121165,false,לחמניות נקניקיה ללא גלוטן,אביב קונדיטוריה מעול,IL,לחמניות ללא גלוטן שישייה 460 גרם,גרמים,460.00,100 גרם,false,1,20.90,4.5435,true,1,125330
7290013121769,false,רביעיית שליש באגט ללא תוספת סוכר וללא גלוטן,אביב קונדיטוריה מעול,IL,שליט בגט 400 גרם,גרמים,400.00,100 גרם,false,1,20.90,5.2250,true,1,125332
7290013121776,false,לחם כפרי ללא תוספת סוכר וללא גלוטן,אביב קונדיטוריה מעול,IL,לחם כפרי ללא גלוטן וללא סוכר,גרמים,700.00,100 גרם,false,1,21.90,3.1286,true,1,125333
7290013144140,false,תערובת להכנת סופגניות מימונס 600 ג',מיוצר עי קונדיטוריית,IL,תערובת סופגניות מיימונס600 גרם,גרמים,600.00,100 גרם,false,1,16.90,2.8167,true,1,10206
7290013144157,false,סחלב מיימונס 130 גרם,מיוצר עי קונדיטוריית,IL,סחלב מיימונס 130 גרם,גרמים,130.00,100 גרם,false,1,9.90,7.6154,true,1,10205
7290013144195,false,תערובת כדורי שוקולד מימונס 500 ג',מיוצר עי קונדיטוריית,IL,"מימונס, תערובת כדורי שוקולד, 500 גרם",גרמים,500.00,100 גרם,false,1,17.90,3.5800,true,1,124023
7290013144201,false,תערובת פנקייק מימונס 400 ג',מיוצר עי קונדיטוריית,IL,"מימונס, תערובת פנקייק, 400 גרם",גרמים,400.00,100 גרם,false,1,16.90,4.2250,true,1,124024
7290013144218,false,תערובת עוגת וניל מימונס 560 ג',מיוצר עי קונדיטוריית,IL,תערובת עוגת וניל,גרמים,560.00,100 גרם,false,1,17.90,3.1964,true,1,124018
7290013144232,false,פודינג בטעם וניל מימונס 80 ג',מיוצר עי קונדיטוריית,IL,"מיימון, פודינג בטעם וניל צרפתי",גרמים,85.00,100 גרם,false,1,5.90,6.9412,true,1,124019
7290013144249,false,פודינג שוקולד מימונס 95 ג',א.ל ייצור ושיווק תבל,IL,פודינג שוקולד,גרמים,95.00,100 גרם,false,1,5.90,6.2105,true,1,124025
7290013144270,false,קרם פטיסייר מימונס 100 ג',מיוצר עי קונדיטוריית,IL,תערובת קרם פטיסייר,גרמים,100.00,100 גרם,false,1,10.90,10.9000,true,1,124027
7290013144317,false,גלילית וופל למילוי מימונס 18 יח',הגביע מוצרי וופלים ב,IL,מימונס ג'וני- גלילית וופל למילוי 150 גרם,לא מנהל יחידת מידה,0.00,לא מנהל יחידת מידה,false,1,22.90,0.0000,true,1,124029
7290013144393,false,"תמצית בטעם וניל מימונס 50 מ""ל",מיוצר עי קונדיטוריית,IL,מימונס תמצית אפיה בטעם וניל 50 מל,מיליליטרים,50.00,"100 מ""ל",false,1,4.90,9.8000,true,1,124030
7290013144409,false,"תמצית בטעם רום מימונס 50 מ""ל",מיוצר עי קונדיטוריית,IL,מימונס תמצית אפיה בטעם רום 50 מל,גרמים,50.00,100 גרם,false,1,4.90,9.8000,true,1,124031
7290013144416,false,"תמצית בטעם שקדים מימונס 50 מ""ל",מיוצר עי קונדיטוריית,IL,מימונס תמצית אפיה בטעם שקדים 50 מל,גרמים,50.00,100 גרם,false,1,4.90,9.8000,true,1,124032
7290013144508,false,"תמצית בטעם ורדים מימונס 50 מ""ל",מיוצר עי קונדיטוריית,IL,מימונס תמצית אפיה בטעם ורדים 50 מל,גרמים,50.00,100 גרם,false,1,9.90,19.8000,true,1,10210
7290013144515,false,צבע מאכל צהוב מימונס 50 ג',מיוצר עי קונדיטוריית,IL,מימונס צבע מאכל צהוב 50 גרם,גרמים,50.00,100 גרם,false,1,4.50,9.0000,true,1,124033
7290013144522,false,צבע מאכל ירוק מימונס 50 ג',מיוצר עי קונדיטוריית,IL,מימונס צבע מאכל ירוק 50 גרם,גרמים,50.00,100 גרם,false,1,4.50,9.0000,true,1,124034
7290013144539,false,צבע מאכל אדום מימונס 50 ג',מיוצר עי קונדיטוריית,IL,מימונס צבע מאכל אדום 50 מל,גרמים,50.00,100 גרם,false,1,4.50,9.0000,true,1,124035
7290013144560,false,צבע מאכל כחול מימונס 50 ג',מיוצר עי קונדיטוריית,IL,מימונס צבע מאכל כחול 50 גרם,גרמים,50.00,100 גרם,false,1,4.50,9.0000,true,1,124036
7290013144614,false,"סירופ מייפל אמיתי 100% מימונס 236 מ""ל",הנסיך- מפעל לייצור ט,DK,סירופ מייפל אמיתי 100% מקנדה 236 מל,מיליליטרים,236.00,"100 מ""ל",false,1,38.90,16.4831,true,1,124124
7290013144751,true,סירופ בטעם מייפל500,א.ל ייצור ושיווק תבל,IL,סירופ בטעם מייפל 500 גרם,מיליליטרים,500.00,"100 מ""ל",false,1,14.90,2.9800,true,1,133989
7290013144768,true,סירופ בטעם שוקולד,א.ל ייצור ושיווק תבל,IL,סירופ בטעם שוקולד 500 גרם,מיליליטרים,500.00,"100 מ""ל",false,1,14.90,2.9800,true,1,133990
7290013144980,false,תרסיס שמן קנולה מימונס 170 ג',מולינו ניקולי s.p.a,FI,תרסיס שמן קנולה 170 גרם,גרמים,170.00,100 גרם,false,1,14.90,8.7647,true,1,10211
7290013145017,true,אגוז מלך קלוף מימונס,מיוצר עי קונדיטוריית,IL,אגוז מלך קלוף מימונס 100גרם,גרמים,100.00,100 גרם,false,1,13.90,13.9000,true,1,133993
7290013145024,true,אגוז מלך טחון מימונס,מיוצר עי קונדיטוריית,IL,אגוז מלך טחון מימונס 100גרם,גרמים,100.00,100 גרם,false,1,14.90,14.9000,true,1,2230
7290013145031,false,אגוזי לוז מסוכרים מימונס 100 ג',מיוצר עי קונדיטוריית,IL,"מימונס, אגוז לוז מסוכר, 100% טהור 100 גרם",Unknown,0.00,Unknown,false,1,14.90,0.0000,true,1,125732
7290013145048,true,צנוברים,מיוצר עי קונדיטוריית,IL,"מיימונס, צנוברים, 100 גרם",Unknown,0.00,Unknown,false,1,26.90,0.0000,true,1,133994
7290013145055,true,פרג שלם,א.ל ייצור ושיווק תבל,IL,פרג שלם,גרמים,100.00,100 גרם,false,1,6.90,6.9000,true,1,133995
7290013145062,true,סירופ מייפל אמיתי 10,הנסיך- מפעל לייצור ט,CA,"מימונס,100% סירופ מייפל, 187 מל",מיליליטרים,187.00,"100 מ""ל",false,1,27.90,14.9198,true,1,133996
7290013145079,true,שקד טבעי גרוס מימונס,מיוצר עי קונדיטוריית,IL,מימונס שקד טבעי גרוס 100 גרם,גרמים,100.00,100 גרם,false,1,14.90,14.9000,true,1,133997
7290013145093,true,שקד מולבן גרוס,מיוצר עי קונדיטוריית,IL,שקד מולבן גרוס,גרמים,100.00,100 גרם,false,1,14.90,14.9000,true,1,133998
7290013145109,true,שקד מולבן טחון 100גר,מיוצר עי קונדיטוריית,IL,"מיימונס, שקד מולבן טחון, 100 גרם",Unknown,0.00,Unknown,false,1,14.90,0.0000,true,1,2231
7290013145116,true,שקד מולבן מקלות,מיוצר עי קונדיטוריית,IL,"מיימונס, שקד מולבן מקלות,100 גרם",Unknown,0.00,Unknown,false,1,14.90,0.0000,true,1,133999
7290013145123,true,שקד מולבן פרוס,מיוצר עי קונדיטוריית,IL,מימונס שקד מולבן פרוס 100 גרם,Unknown,0.00,Unknown,false,1,14.90,0.0000,true,1,2232
7290013145130,true,שקד מולבן חצוי,מיוצר עי קונדיטוריית,IL,שקד מולבן חצוי,גרמים,100.00,100 גרם,false,1,14.90,14.9000,true,1,134000
7290013145161,true,פקאן מסוכר,מיוצר עי קונדיטוריית,IL,פקאן מסוכר,גרמים,100.00,100 גרם,false,1,17.90,17.9000,true,1,2233
7290013145178,true,קוקוס טחון לבן,מיוצר עי קונדיטוריית,IL,"מיימונס, קוקוס טחון לבן, 100 גרם",גרמים,100.00,100 גרם,false,1,4.90,4.9000,true,1,134001
7290013145192,true,שומשום,מיוצר עי קונדיטוריית,IL,"מימונס, שומשום, 100% טהור, 100 גרם",גרמים,100.00,100 גרם,false,1,4.90,4.9000,true,1,134002
7290013145215,false,שומשום מימונס 400 גרם,מיוצר עי קונדיטוריית,IL,"מימונס, שומשום 100% טהור, 400 גרם",גרמים,400.00,100 גרם,false,1,15.90,3.9750,true,1,10214
7290013145246,true,גרעין חמניה מקולף,מיוצר עי קונדיטוריית,IL,גרעין חמנייה מקולף,Unknown,0.00,Unknown,false,1,5.90,0.0000,true,1,134003
7290013145277,true,עלים לקרמשניט מיימונ,דולפין ספא,IT,עלים לקרמשניט 300 גרם,גרמים,300.00,100 גרם,false,1,16.90,5.6333,true,1,134004
7290013145390,false,מימונס שוקולד צ'יפס מהדרין 250 גר,אינטרגטה תעשיות מזון,IL,נטיפים בטעם שוקולד לאפייה 250 גרם,גרמים,250.00,100 גרם,false,1,9.90,3.9600,true,1,124037
7290013145406,false,שוקולד צ'יפס לבן מימונס 250 גר',אינטרגטה תעשיות מזון,IL,מימונס נטיפים בטעם שוקולד לבן 250 גרם,גרמים,250.00,100 גרם,false,1,9.90,3.9600,true,1,124038
7290013145437,false,שוקולד מריר מעולה ציפס מימונס 250 ג',הנסיך- מפעל לייצור ט,IL,שוקולד צ'יפס מריר מעולה 48% מוצקי קקאו 250 גרם,גרמים,250.00,100 גרם,false,1,14.90,5.9600,true,1,9488
7290013145444,false,שוקולד מריר מעולה ציפס 66% מימונס 250 ג',המאפיה של הרמן,IL,שוקולד ציפס 250 66% גרם,גרמים,250.00,100 גרם,false,1,15.90,6.3600,true,1,126376
7290013145451,false,אבקת קקאו מימונס 150 ג',מיוצר עי קונדיטוריית,IL,אבקת קקאו 150 גרם,גרמים,150.00,100 גרם,false,1,8.90,5.9333,true,1,10215
7290013145567,false,מיני מיני עדשים מימונס 90 ג',מיוצר עי קונדיטוריית,IL,מימונס מיני מיני עדשים 90 גרם,גרמים,90.00,100 גרם,false,1,9.90,11.0000,true,1,124040
7290013145628,false,סוכריות צבעוניות לקישוט מימונס 200 ג',א.ל ייצור ושיווק תבל,IL,סוכריות אדומות לקישוט 200גרם,גרמים,200.00,100 גרם,false,1,9.90,4.9500,true,1,10218
7290013145710,false,דובדבנים מסוכרים מימונס 100 ג',מיוצר עי קונדיטוריית,IL,דובדבנים מסוכרים לקישוט ואפייה,גרמים,100.00,100 גרם,false,1,8.90,8.9000,true,1,124043
7290013145840,false,סוכר וניל מימונס 10* 10 ג',מיוצר עי קונדיטוריית,IL,סוכר וניל 10 יח' בצלופן,גרמים,100.00,100 גרם,false,1,2.50,2.5000,true,1,124551
7290013145857,false,אבקת אפייה 10 יח' בצלופן,י. כהן בעמ,IL,אבקת אפיה 100 1/10 גר,גרמים,100.00,100 גרם,false,1,2.50,2.5000,true,1,124552
7290013145864,false,ג'לטין טהור מימונס 28 ג',א.ל ייצור ושיווק תבל,IL,"ג""לטין טהור אבקה בד""צ 28 גרם",גרמים,28.00,100 גרם,false,1,11.90,42.5000,true,1,124046
7290013145901,true,סודה לשתיה,א.ל ייצור ושיווק תבל,IL,"מיימונס, סודה לשתיה 100 גרם",Unknown,0.00,Unknown,false,1,2.40,0.0000,true,1,134005
7290013145918,false,אבקת סוכר מימונס 100 גר',א.ל. ייצור ושיווק תב,IL,מימונס אבקת סוכר ללא גלוטן 100 גרם,לא מנהל יחידת מידה,0.00,לא מנהל יחידת מידה,false,1,2.40,0.0000,true,1,10236
7290013145956,false,שמרים יבשים בוואקום מימונס 500 ג',הנסיך- מפעל לייצור ט,CN,מימונס שמרים יבשים בואקום 500 גרם,גרמים,500.00,100 גרם,false,1,15.90,3.1800,true,1,128896
7290013145963,true,שמרים בואקום 125 ג,לה - סאף ייצור וסחר,CN,מימונס שמרים יבשים בואקום 125 גרם,גרמים,125.00,100 גרם,false,1,6.90,5.5200,true,1,2236
7290013146014,false,מלית אוכמניות 50% פרי 400גר מיימונס,קרלו,IL,מימונס מלית אוכמניות 400 גרם,גרמים,400.00,100 גרם,false,1,15.90,3.9750,true,1,9481
7290013146083,false,מלית חלבה מימונס 400 ג',אינטרגטה תעשיות מזון,IL,"מיימונס, ממרח בטעם חלווה לדברי מאפה",גרמים,400.00,100 גרם,false,1,15.90,3.9750,true,1,9485
7290013146199,false,קרם נוגט מימונס 350 ג',הנסיך- מפעל לייצור ט,IL,קרם נוגט מייממונס,לא מנהל יחידת מידה,0.00,לא מנהל יחידת מידה,false,1,15.90,0.0000,true,1,10232
7290013146274,false,תחתיות מרנג מימונס 8 יחי' 100 גר',סטולורגן - פארק תעשי,IE,"תחתיות מרנג בסיס לקינוח, מוס ופבלובה",לא מנהל יחידת מידה,0.00,לא מנהל יחידת מידה,false,1,19.90,0.0000,true,1,26355
7290013146403,false,סירופ בטעם קרמל מלוח מימונס 500 ג',TLV צ'יף,IL,סירופ בטעם קרמל מלוח מיימונס 500 מל,מיליליטרים,500.00,"100 מ""ל",false,1,17.90,3.5800,true,1,26354
7290013146427,false,מיני מרנג בצבע לבן מימונס 60 ג',"מימונס אפיה בע""מ",IL,נשיקות לקישוט לבן 60גרם,גרמים,60.00,100 גרם,false,1,14.90,24.8333,true,1,23237
7290013146441,false,מיני מרנג בצבע ורוד מימונס 60 ג',"מימונס אפיה בע""מ",IL,נשיקות לקישוט ורוד 60גרם,גרמים,60.00,100 גרם,false,1,14.90,24.8333,true,1,23239
7290013146656,false,כוכבים תכלת ירוק לבן לקישוט 60 גרם,"מימונס אפיה בע""מ",IL,כוכבים תכלת ירוק לבן לקישוט מיימונס 60 גר,גרמים,60.00,100 גרם,false,1,15.90,26.5000,true,1,23235
7290013146663,false,סוכריות קונפטי לקישוט מימונס 55 ג',"מימונס אפיה בע""מ",IL,אטריות צבעוניות לקישוט מיימונס 55 גר,גרמים,55.00,100 גרם,false,1,11.90,21.6364,true,1,25603
7290013146670,false,סוכריות לב סגול ורוד לבן לקישוט 60 גרם,"מימונס אפיה בע""מ",IL,סוכריות לב סגול ורוד לבן לקישוט מיימונס 60מ גר,יחידה,1.00,יחידה,false,1,13.90,13.9000,true,1,23234
7290013146816,false,אבקת סוכר מימונס 500 ג',א.ל ייצור ושיווק תבל,IL,"מיימונס, אבקת סוכר, 500 גרם",גרמים,500.00,100 גרם,false,1,7.50,1.5000,true,1,14372
7290013146854,true,קוקוס לבן מיימונס 4,מיוצר עי קונדיטוריית,IL,"מיימונס, קוקוס לבן טחון, 400 גרם",גרמים,400.00,100 גרם,false,1,15.90,3.9750,true,1,134008
7290013151209,false,קורנישון מלפפון בחומ,יוניקורן פיקלס,,קורנישון מלפפון בחומץ 690 גרם,גרמים,690.00,100 גרם,false,1,11.90,1.7246,true,1,125640
7290013153418,true,מיץ סחוט פריגת לימונ,גת,IL,סחוט לימונענע 1 ליטר,ליטרים,1.00,ליטר,false,1,16.50,16.5000,true,1,134010
7290013153432,false,"פריגת סחוט לימונענע 400 מ""ל",היינץ צפון אמריקה מק,IL,"סחוט לימונענע 400 מ""ל",מיליליטרים,400.00,"100 מ""ל",false,1,9.50,2.3750,true,1,840
7290013153616,false,סחוט ENERGIZE רימון,גת,IL,סחוט ENERGIZE רימון וסלק 400,מיליליטרים,400.00,"100 מ""ל",false,1,10.00,2.5000,true,1,14567
7290013185914,false,לחם מחמצת כוסמין קל,מאפיית רפאל,IL,לחם מחמצת כוסמין קל,גרמים,600.00,100 גרם,false,1,17.90,2.9833,true,1,33636
7290013215017,false,צמד חמד איטלקי-זרעית,אראל תוצרת חקלאית בע,IL,פטריות שמפניון צמד חמד מארז זוג,יחידה,0.00,יחידה,false,1,18.90,0.0000,true,1,8614
7290013267665,false,מאגדת מיני סולרו פירות טרופי 6 יח' 354 ג',"מיוצר ע""י גלידת שטרא",IL,מיני סולרו פירות טרופים מאגדת 325 גרם,גרמים,408.00,100 גרם,false,1,26.90,6.5931,true,1,124837
7290013268020,false,סנו - מקסימה מרכך כביסה מרוכז אולטרה פרש 1 ליטר,"סנו מפעלי ברונוס בע""",IL,מרכך מרוכז א.פרש 1ל' 40 כביסות,ליטרים,1.00,ליטר,false,1,18.90,18.9000,true,1,124012
7290013268242,false,תרכיז ריחני לניקוי רצפות בריח מלון מפנק ריצפז פרש,"סנו מפעלו ברונוס בע""",IL,נוזל רצפות פרש הום מלון מפנק,ליטרים,2.00,ליטר,false,1,21.90,10.9500,true,1,21889
7290013268372,false,פוליויקס פרקט בתוספת שמן אורגן 2 ל',סנו פוליויקס,IL,פוליויקס לניקוי הברקה ושימור מראה העץ 2 ליטר,ליטרים,2.00,ליטר,false,1,22.90,11.4500,true,1,25445
7290013268884,false,ריצפז פרש בניחוח מאסק,מיוצר עי קונדיטוריית,IL,ריצפז פרש ניחוח מאסק 2 ליטר,ליטרים,2.00,ליטר,false,1,18.90,9.4500,true,1,124282
7290013268891,false,מסיר כתמים ג'ל אוקסיג'ן ללא אקונומיקה,"סנו מפעלי ברונוס בע""",IL,אוקסיג'ן גל,ליטרים,3.00,ליטר,false,1,34.60,11.5333,true,1,124461
7290013268907,false,ג'ל כביסה מרוכז מקסימה Bio cold water,"סנו מפעלי ברונוס בע""",IL,"ג""ל כביסה מקסימה ביו 3 ליטר",ליטרים,3.00,ליטר,false,1,29.90,9.9667,true,1,124462
7290013268914,false,סנו מקסימה ג'ל כביסה סמארט 3 ל',סנו מקסימה,IL,מקסימה סמארט,ליטרים,3.00,ליטר,false,1,37.90,12.6333,true,1,129657
7290013268983,false,מרכך כביסה סופר מרוכז בבישום עוצמתי סנו מקסימה 1 ל',"סנו מפעלי ברונוס בע""",IL,מרכך כביסה מקסימה מרוכז גוי 1 ליטר,ליטרים,1.00,ליטר,false,1,18.90,18.9000,true,1,33004
7290013268990,false,סנו - מקסימה מרכך כביסה מרוכז ביו 1 ליטר,"סנו מפעלי ברונוס בע""",IL,מרכך מרוכז ביו 1ליטר 40 כביסות,ליטרים,1.00,ליטר,false,1,18.90,18.9000,true,1,124464
7290013269003,false,מרכך כביסה סופר מרוכז בייבי לתינוקות ולעור רגיש,"סנו מפעלי ברונוס בע""",IL,מקסימה מרכך כביסה סופר מרוכז בייבי 1 ליטר,ליטרים,1.00,ליטר,false,1,18.90,18.9000,true,1,124444
7290013269096,false,מטליות לחות לטיפול במוצרי עור,מיוצר עי קונדיטוריית,IL,מטליות לניקוי עור,Unknown,0.00,Unknown,false,1,18.90,0.0000,true,1,126056
7290013269263,false,ג'ל כביסה מרוכז מקסימה בבישום קריסטל נואר,סנו מפעלי ברונוס בעמ,IL,"ג""ל כביסה מקסימה קריסטל נואר 3",ליטרים,3.00,ליטר,false,1,29.90,9.9667,true,1,9690
7290013269287,false,סנו - מקסימה ג'ל כביסה מרוכז מאסק 3 ליטר,"סנו מפעלי ברונוס בע""",IL,"ג""ל כביסה מקסימה בניחוח מאסק 3 ליטר",ליטרים,3.00,ליטר,false,1,29.90,9.9667,true,1,9705
7290013269300,false,ניילון נצמד + לשימוש במיקרוגל,"מיוצר בהונג קונג, סי",CN,"סנו סושי ניילוןנצמד פלוס150 מ """,מטרים,15000.00,מטר,false,1,29.90,0.0020,true,1,125625
7290013269348,false,K3 תחנת פיתיון קוטל תיקנים (ג'וקים) בבית ובחצר,טרופיקל דגיל תעשיות,IL,K3 תחנת פיתיון- קוטל תיקנים (ג'וקים) בבית ובחצר,לא מנהל יחידת מידה,0.00,לא מנהל יחידת מידה,false,1,49.90,0.0000,true,1,19036
7290013269621,false,ריצפז פרש לניקוי רצפות בניחוח מלון בוטיק,מיוצר עי קונדיטוריית,IL,"סנו ריצפז, תרכיז ריחני לניקוי כל סוגי הרצפות",ליטרים,2.00,ליטר,false,1,21.90,10.9500,true,1,12710
7290013269638,true,ספוג הפלא אקסטרא,טרופיקל דגיל תעשיות,IL,סנו סושי - ספוג הפלא EXTRA,יחידה,1.00,יחידה,false,1,12.90,12.9000,true,1,9808
7290013269645,false,מטליות לחות לניקוי הרצפה בניחוח מאסק ריצפז פרש,סנו מפעלי ברונוס בעמ,IL,מטליות רצפז מאסק,Unknown,0.00,Unknown,false,1,14.90,0.0000,true,1,125811
7290013269669,false,ריצפז בניחוח פנטזיה לניקוי הרצפה,"סנו מפעלי ברונוס בע""",IL,ריצפז בניחוח פנטזיה לניקוי הריצפה 3 ליטר,ליטרים,3.00,ליטר,false,1,15.90,5.3000,true,1,9200
7290013269751,false,מטליות לחותריצפז פרש לניקוי ריצפה בניחות מלון בוטיק 10 יח' סנו,טרופיקל דגיל תעשיות,IL,"סנו רצפז, מטליות לחות לניקוי הרצפה.",לא מנהל יחידת מידה,7.50,לא מנהל יחידת מידה,false,1,14.90,1.9867,true,1,12346
7290013269850,false,סנו - סושי נייר אפייה אקולוגי 50 יח',מולינו ניקולי s.p.a,IL,סושי אפיה אק - עשוי מהצומח,לא מנהל יחידת מידה,0.00,לא מנהל יחידת מידה,false,1,16.70,0.0000,true,1,124664
7290013269867,false,סנו סושי זוג מפות אירוח,מיוצר עי קונדיטוריית,IL,סושי זוג מפות ארוח,Unknown,0.00,Unknown,false,1,8.90,0.0000,true,1,9787
7290013276124,false,בירה נגב אמבר אייל ח,"איי, בי, אינבוו",IL,"נגב, אמבר אייל, בירה, 330 מל",מיליליטרים,330.00,"100 מ""ל",false,1,14.90,4.5152,true,1,129401
7290013284310,false,רוטב פסטה לילדים 240 ג' פריניר,פריניר ( הדס 1987) ב,IL,פריניר רוטב פסטה טעים לילדים 240 גרם,גרמים,240.00,100 גרם,false,1,5.90,2.4583,true,1,125534
7290013284662,false,רוטב פיצה פיתה לילדים 240 ג' פריניר,פריניר ( הדס 1987) ב,IL,פריניר רוטב פיצה פיתה 240 גרם,גרמים,240.00,100 גרם,false,1,5.90,2.4583,true,1,126794
7290013310057,false,כוסות נייר לשתיה חמה,הוסטס Hostess,,כוסות נייר 50 יח לשתיה חמה קרה 210 מל,יחידה,1.00,יחידה,false,1,10.90,10.9000,true,1,14640
7290013310101,false,"שיפודי במבוק ג'מבו 50 יח' עובי 5 מ""מ אורך 30 ס""מ",הדקלאים אגודת שיתופי,CN,שיפודי במבוק ג'מבו 50 יחידות,Unknown,0.00,Unknown,false,1,5.90,0.0000,true,1,125568
7290013310170,false,כוסות נייר משובחות ל,,,כוסות נייר משובחות לשתיה חם/קר 50 יחידות,Unknown,0.00,Unknown,false,1,13.90,0.0000,true,1,11564
7290013310187,false,כוסות נייר 50 יח לשת,,,כוסות נייר 50 יח לשתיה חמה קרה,יחידה,1.00,יחידה,false,1,8.90,8.9000,true,1,14637
7290013310576,false,"כוסות נייר 240-8BOZמ""ל שתיה חם/קר הוסטס 50 יח'",ACSP,CN,כוסות נייר 8 לשתייה חמה 50יח 240מל,יחידה,1.00,יחידה,false,1,10.90,10.9000,true,1,30582
7290013358356,false,מאסטר שף - פירורי לחם מוזהבים 320 גרם,מנה י.א בעמ,IL,פירורי לחם מוזהבים 350 גרם מאסטר שף,גרמים,300.00,100 גרם,false,1,7.90,2.6333,true,1,124809
7290013358363,false,פירורי לחם פנקו מזוהבים מאסטר שף מנה 300 ג',קריניציה ויטמינה אס,IL,פירורי לחם יפנים פנקו 300 גרם,גרמים,300.00,100 גרם,false,1,9.90,3.3000,true,1,124810
7290013358370,false,פירורי לחם פנקו בטעם שום מאסטר שף 300 ג',"מיוצר ע""י מנה י.א בע",IL,פירורי לחם יפנים טעם שום 300 גרם,גרמים,300.00,100 גרם,false,1,9.90,3.3000,true,1,124811
7290013358417,false,"רוטב טיריאקי מאסטר שף אסייאתי 300 מ""ל",קריניציה ויטמינה אס,TH,מאסטר שף רוטב טריאקי אסייאתי 300 מל,מיליליטרים,300.00,"100 מ""ל",false,1,12.90,4.3000,true,1,127280
7290013358448,true,קרוטונים לסלט 4דגנים,"עינת תעשיות מזון אג""",IL,קרוטונים לסלט 4דגנים,גרמים,200.00,100 גרם,false,1,12.90,6.4500,true,1,134064
7290013358462,false,"מיני קרוטונים למרק בתיבול שום, בצל ופטרוזיליה","עינת תעשיות מזון, אג",IL,"מאסטר שף, מיני קרוטונים למרק, 350 גרם",גרמים,350.00,100 גרם,false,1,18.90,5.4000,true,1,125998
7290013358486,false,פירורי לחם מוזהבים ללא צורך בביצה,"מיוצר ע""י מנה י.א בע",IL,פירורי לחם ללא צורך בביצה 300 גרם,גרמים,300.00,100 גרם,false,1,8.90,2.9667,true,1,126494
7290013358493,false,"קרם קוקוס מאסטר שף 400 מ""ל",תאי קוקונט פבליק קומ,TH,מאסטר שף קרם קוקוס 400 מל,מיליליטרים,400.00,"100 מ""ל",false,1,9.90,2.4750,true,1,18151
7290013358509,false,"מיקסלט גרעינים, קטניות ואגוזים",בטר אנד דיפרנט,IL,מיקסלט 200 גרם,גרמים,200.00,100 גרם,false,1,14.80,7.4000,true,1,126676
7290013358516,false,"מיקסלט חמוציות, גרעינים, קטניות ואגוזים",המאפיה של הרמן,IL,מיקסלט עם חמוציות 200 גרם,גרמים,200.00,100 גרם,false,1,14.80,7.4000,true,1,126677
7290013358523,false,מאסטר שף שבבי בצל מטוגן 150ג,קריניציה ויטמינה אס,NL,מאסטר שף שבבי בצל מטוגן 150 גרם,גרמים,150.00,100 גרם,false,1,14.80,9.8667,true,1,126751
7290013358530,false,מאסטר שף אסייאתי רוטב צ'ילי מתוק 700 מל,קריניציה ויטמינה אס,TH,מאסטר שף רוטב צ'ילי מתוק 700 מל,מיליליטרים,700.00,"100 מ""ל",false,1,13.90,1.9857,true,1,127282
7290013358547,false,מאסטר שף אסייאתי רוטב צ'ילי חריף 700 מל,קי אר אס ספייסי פוד,TH,מאסטר שף רוטב צ'ילי חריף 700 מל,מיליליטרים,700.00,"100 מ""ל",false,1,13.90,1.9857,true,1,127283
7290013358837,true,פריכיות אורז ללא מלח,,IL,פריכיות אורז ללא מלח,Unknown,0.00,Unknown,false,1,13.90,0.0000,true,1,7628
7290013361998,false,"סטייק צ'יפס 2 ק""ג פרי הגליל","פרי הגליל בע""""מ",IL,סטיק ציפס 2 קג,קילוגרמים,2.00,"ק""ג",false,1,21.90,10.9500,true,1,1846
7290013366047,false,כרובית פיורטי (כרובית+ברוקולי),כרמלים,IL,כרמילם כרובית פיוטו 500 גרם,קילוגרמים,500.00,"ק""ג",false,1,15.90,0.0318,true,1,21762
7290013366085,false,תירס מתוק במיוחד כרמ,חקלאי,IL,תירס כרמל יבולים,לא מנהל יחידת מידה,0.00,לא מנהל יחידת מידה,false,1,24.90,0.0000,true,1,1804
7290013366108,false,אספרגוס ירוק כרמלים,חקלאי,IL,אספרגוס,לא מנהל יחידת מידה,0.00,לא מנהל יחידת מידה,false,1,29.90,0.0000,true,1,1866
7290013366221,false,נבטי חמנייה כרמל יבו,כרמלים,IL,נבטי חמנייה כרמל יבולים,לא מנהל יחידת מידה,0.00,לא מנהל יחידת מידה,false,1,9.90,0.0000,true,1,126808
7290013366252,true,נבטוטים,חקלאי,IL,נבטוטים,לא מנהל יחידת מידה,0.00,לא מנהל יחידת מידה,false,1,9.90,0.0000,true,1,15651
7290013366276,false,מיקס נבטים כרמלים 60,חקלאי,IL,מיקס נבטים 60ג,Unknown,0.00,Unknown,false,1,14.90,0.0000,true,1,134065
7290013366306,false,נבטי בזיל כרמלים 30,כרמלים,IL,נבטי בזיל,Unknown,0.00,Unknown,false,1,9.90,0.0000,true,1,2585
7290013366634,false,חסה סלנובה ראשים,מרינה פטריות הגליל,IL,עלי חסה סלנובה,יחידה,0.00,יחידה,false,1,13.90,0.0000,true,1,2590
7290013366641,false,רוקולה כרמלים 160 גר,מרינה פטריות הגליל,IL,רוקולה,יחידה,0.00,יחידה,false,1,12.90,0.0000,true,1,9423
7290013366658,false,חסה סלנובה עלים חתוך,מרינה פטריות הגליל,IL,חסה סלנובה ארוז,קילוגרמים,0.00,"ק""ג",false,1,13.90,0.0000,true,1,2589
7290013366665,false,חסה גמביט 150 גרם,חקלאי,IL,חסה גמביט 150 גרם,גרמים,150.00,100 גרם,false,1,12.90,8.6000,true,1,38404
7290013366689,false,חסה לאליק,כרמלים,IL,חסה לליק,לא מנהל יחידת מידה,0.00,לא מנהל יחידת מידה,false,1,13.90,0.0000,true,1,22798
7290013366719,false,באק צוי,חקלאי,IL,באק צוי,לא מנהל יחידת מידה,0.00,לא מנהל יחידת מידה,false,1,14.90,0.0000,true,1,1787
7290013366726,false,קייל כרמלים 160 גר,מרינה פטריות הגליל,IL,עלי קייל שחור,לא מנהל יחידת מידה,0.00,לא מנהל יחידת מידה,false,1,12.90,0.0000,true,1,494
7290013389145,false,מיני ניוקי 500 ג' לה פסטה,לה פסטה La' Pasta,,מיני ניוקי 500 גרם,גרמים,500.00,100 גרם,false,1,7.90,1.5800,true,1,126261
7290013389176,true,תומר חומץ בלסמי ממוד,,,תומר חומץ בלסמי ממוד,Unknown,0.00,Unknown,false,1,18.90,0.0000,true,1,134080
7290013389381,false,"קמח תירס פולנטה מולינו 1 ק""ג",פיקטה piccata,,קמח תירס,לא מנהל יחידת מידה,0.00,לא מנהל יחידת מידה,false,1,10.90,0.0000,true,1,1831
7290013430083,false,"בירה אלכסנדר בלונד 330 מ""ל",מנדלז סי.אר. פרודקשן,IL,אלכסנדר בירה ישראלית מעולה בלונד 330 מל,מיליליטרים,330.00,"100 מ""ל",false,1,13.90,4.2121,true,1,124881
7290013430090,false,בירה אלכסנדר אמברה AMBREE בירה ישראלית,מנדלז סי.אר. פרודקשן,IL,אלכסנדר בירה ישראלית מעולה ענברי 330 מל,מיליליטרים,330.00,"100 מ""ל",false,1,13.90,4.2121,true,1,124882
7290013430304,false,בירה אלכסנדר גרין GREEN בירה ישראלית,מנדלז סי.אר. פרודקשן,IL,אלכסנדר בירה ישראלית מעולה גרין 330 מל,מיליליטרים,330.00,"100 מ""ל",false,1,13.90,4.2121,true,1,134085
7290013440648,false,מאגדת שלגוני אבטיח נסטלה 108X5ג',גלידות נסטלה (נגה גל,IL,שלגוני אבטיח מארז 5 יחידות,גרמים,540.00,100 גרם,false,1,25.90,4.7963,true,1,124852
7290013442000,false,גבינה צפתית מליחות ע,מוטק'ה החולב,,גבינה צפתית מליחות עדינה250 גרם,גרמים,250.00,100 גרם,false,1,22.90,9.1600,true,1,124542
7290013442017,false,לבנה חמיצות עדינה 25,מוטק'ה החולב,,לבנה חמיצות עדינה 250 גרם,גרמים,250.00,100 גרם,false,1,15.90,6.3600,true,1,124541
7290013442062,false,יוגורט עדין קטיפתי 6,מוטק'ה החולב,,יוגורט עדין קטיפתי 600 גרם,גרמים,600.00,100 גרם,false,1,20.90,3.4833,true,1,124540
7290013442178,false,גבינה פטה יוונית 250,מוטק'ה החולב,,גבינה פטה יוונית 250 גרם,גרמים,250.00,100 גרם,false,1,31.90,12.7600,true,1,125500
7290013442246,false,לאבנה 9% מוטקה החו,מוטק'ה החולב,IL,לאבנה 9% מוטקה החולב 280גרם,גרמים,280.00,100 גרם,false,1,17.90,6.3929,true,1,35953
7290013442253,false,גבינה צפתית 16% 250ג,מוטק'ה החולב,IL,גבינה צפתית 16% 250גרם,גרמים,250.00,100 גרם,false,1,22.90,9.1600,true,1,35954
7290013442260,false,גבינה צפתית קצח 16%,מוטק'ה החולב,IL,גבינה צפתית קצח 16% 250גרם,גרמים,250.00,100 גרם,false,1,22.90,9.1600,true,1,35955
7290013442277,false,גבינה פטה 26% 250 גר,מוטק'ה החולב,IL,גבינה פטה 26% 250 גרם,גרמים,250.00,100 גרם,false,1,29.90,11.9600,true,1,35956
7290013442284,false,גבינה ברי 22% 140 גר,מוטק'ה החולב,IL,גבינה ברי 22% 140 גרם,גרמים,140.00,100 גרם,false,1,27.90,19.9286,true,1,35957
7290013442291,false,גבינה קממבר 22 % 140,מוטק'ה החולב,IL,גבינה קממבר 22 % 140 גרם,גרמים,140.00,100 גרם,false,1,27.90,19.9286,true,1,35958
7290013442307,false,גבינה קממבר פקאן 23%,מוטק'ה החולב,IL,גבינה קממבר פקאן 23% 140 גרם,גרמים,140.00,100 גרם,false,1,27.90,19.9286,true,1,35959
7290013442314,false,גבינה סנט מור 22% 15,מוטק'ה החולב,IL,גבינה סנט מור 22% 150 גרם,גרמים,150.00,100 גרם,false,1,30.90,20.6000,true,1,35960
7290013442321,false,גבינה כבשה צהובה 27%,מוטק'ה החולב,IL,גבינה כבשה צהובה 27% 150גרם,גרמים,150.00,100 גרם,false,1,27.90,18.6000,true,1,35961
7290013442338,false,גבינה כבשה חרדלית 27,מוטק'ה החולב,IL,גבינה כבשה חרדלית 27% 150גרם,גרמים,150.00,100 גרם,false,1,27.90,18.6000,true,1,35962
7290013442345,false,ארוטן כמהין 23% 150ג,מוטק'ה החולב,IL,ארוטן כמהין 23% 150גרם,גרמים,150.00,100 גרם,false,1,31.90,21.2667,true,1,35963
7290013453068,false,עוגיות כוסמין ופירות,האי נאם סי או אל.טי.,IL,עוגיות כוסמין ופירות יער,לא מנהל יחידת מידה,0.00,לא מנהל יחידת מידה,false,1,24.90,0.0000,true,1,3993
7290013453075,false,עוגיות שיבולת שועל ט,דני וגלית בעמ,IL,"דני וגלית עוגיות שיבולת שועל, טחינה וסילאן",גרמים,270.00,100 גרם,false,1,24.90,9.2222,true,1,20878
7290013453082,true,עוגיות כוסמין שוקולד,האי נאם סי או אל.טי.,IL,דני וגלית עוגיות כוסמין שוקולדצ'יפס 230 גרם,לא מנהל יחידת מידה,0.00,לא מנהל יחידת מידה,false,1,24.90,0.0000,true,1,3975
7290013453105,true,עוגיות לתה קמח מלא v,דני וגלית בעמ,IL,עוגיות לתה קמח מלא vegan,גרמים,250.00,100 גרם,false,1,24.90,9.9600,true,1,4016
7290013453136,true,עוגיות טבעוני כוסמין,האי נאם סי או אל.טי.,IL,דני וגלית עוגיות כוסמין שטרודל תפוחים 230 גרם,לא מנהל יחידת מידה,0.00,לא מנהל יחידת מידה,false,1,24.90,0.0000,true,1,1839
7290013453143,false,עוגיות טחינה ולוז לל,האי נאם סי או אל.טי.,IL,דני וגלית עוגיות טחינה ואגוזי לוז 230 גרם,גרמים,270.00,100 גרם,false,1,24.90,9.2222,true,1,127807
7290013453150,false,עוגיות קוקוס ואגוזי,האי נאם סי או אל.טי.,IL,דני וגלית עוגיות קוקוס ואגוזי לוז,יחידה,1.00,יחידה,false,1,25.90,25.9000,true,1,127735
7290013453174,false,קרקר משמש ואגוזי לוז,האי נאם סי או אל.טי.,IL,קרקר משמש ואגוזי לוז vegan,לא מנהל יחידת מידה,0.00,לא מנהל יחידת מידה,false,1,25.90,0.0000,true,1,4710
7290013453235,false,עוגיות טחינה מלאה וכ,דני וגלית בעמ,IL,דני וגלית עוגיות טחינה וכוסמין 230 גרם,גרמים,230.00,100 גרם,false,1,24.90,10.8261,true,1,20879
7290013453259,false,חטיפי חמאת קוקוס ושו,האי נאם סי או אל.טי.,IL,חטיפי חמאת קוקוס ושוקולדצ'יפס,גרמים,230.00,100 גרם,false,1,25.90,11.2609,true,1,9232
7290013453389,false,עוגיות חלבון נוטריבר,דני וגלית בעמ,IL,עוגיות חלבון נוטריברייק ח.בוטנים180 גרם,גרמים,180.00,100 גרם,false,1,22.90,12.7222,true,1,134103
7290013453396,false,עוגיות חלבון נוטריבר,דני וגלית בעמ,IL,עוגיות חלבון נוטריברייק חלבה 180 גרם,גרמים,180.00,100 גרם,false,1,22.90,12.7222,true,1,4376
7290013453419,false,עוגיות חלבון נוטריבר,דני וגלית בעמ,IL,עוגיות חלבון נוטריברייק שוקולד180גרם,גרמים,180.00,100 גרם,false,1,22.90,12.7222,true,1,4375
7290013453587,true,עוגיות גרנולה שוקוצי,האי נאם סי או אל.טי.,IL,דני וגלית עוגיות גרנולה ושוקולדצ'יפס 230 גרם,לא מנהל יחידת מידה,0.00,לא מנהל יחידת מידה,false,1,25.90,0.0000,true,1,9229
7290013453594,true,עוגיות גרנולה חמוציו,האי נאם סי או אל.טי.,IL,דני וגלית עוגיות גרנולה חמוציות וקשיו 230 גרם,לא מנהל יחידת מידה,0.00,לא מנהל יחידת מידה,false,1,25.90,0.0000,true,1,9228
7290013453600,false,עוגיות בסקוטי שוקולד,דני וגלית בעמ,IL,עוגיות ביסקוטי שוקולדציפס ואגוזי לוז,לא מנהל יחידת מידה,0.00,לא מנהל יחידת מידה,false,1,25.90,0.0000,true,1,9230
7290013453617,false,עוגיות ביסקוטי שקדים,האי נאם סי או אל.טי.,IL,עוגיות ביסקוטי שקדים וקוקוס לנמנעים לגלוטן,גרמים,170.00,100 גרם,false,1,26.90,15.8235,true,1,20880
7290013453624,true,עוגיות שוקולד ציפס מ,האי נאם סי או אל.טי.,IL,עוגיות שוקולד ציפס מ,לא מנהל יחידת מידה,0.00,לא מנהל יחידת מידה,false,1,26.90,0.0000,true,1,18596
7290013453631,false,עוגיות חמאת בוטנים ושוקולד מפצפוצי אורז מלא,האי נאם סי או אל.טי.,IL,כדורי חמאת בוטנים שוקולדציפס ללג 230גרם,גרמים,230.00,100 גרם,false,1,26.90,11.6957,true,1,13443
7290013453648,true,עוגיות פירות יער מקמ,האי נאם סי או אל.טי.,IL,עוגיות פירות יער מקמ,לא מנהל יחידת מידה,0.00,לא מנהל יחידת מידה,false,1,26.90,0.0000,true,1,18595
7290013453655,false,עוגיות קוקוס ולוז מקמח שקדים וקמח אורז מלא,האי נאם סי או אל.טי.,IL,עוגיות קוקוס ולוז מקמח שקדים וקמח אורז מלא,לא מנהל יחידת מידה,0.00,לא מנהל יחידת מידה,false,1,26.90,0.0000,true,1,13477
7290013453709,true,קמח חיטה מלא אורגני,,,קמח חיטה מלא אורגני,Unknown,0.00,Unknown,false,1,11.90,0.0000,true,1,7639
7290013453716,true,קמח חיטה 70% מלא אור,,,קמח חיטה 70% מלא אור,Unknown,0.00,Unknown,false,1,11.90,0.0000,true,1,134104
7290013453723,true,קמח שיפון מלא אורגני,,,קמח שיפון מלא אורגני,Unknown,0.00,Unknown,false,1,16.00,0.0000,true,1,134105
7290013453730,true,קמח כוסמין מלא אורגנ,,,קמח כוסמין מלא אורגנ,לא מנהל יחידת מידה,0.00,לא מנהל יחידת מידה,false,1,19.90,0.0000,true,1,4572
7290013453761,true,קמח כוסמת מלא אורגני,,,קמח כוסמת מלא אורגני,Unknown,0.00,Unknown,false,1,20.90,0.0000,true,1,2243
7290013453792,true,סולת חיטה מלאה אורגנ,,,סולת חיטה מלאה אורגנ,Unknown,0.00,Unknown,false,1,11.90,0.0000,true,1,7641
7290013453808,true,סולת כוסמין מלא אורג,,,סולת כוסמין מלא אורג,Unknown,0.00,Unknown,false,1,19.90,0.0000,true,1,134108
7290013453853,true,קמח תירס מלא אורגני,,,קמח תירס מלא אורגני,Unknown,0.00,Unknown,false,1,22.90,0.0000,true,1,134109
7290013453884,true,קמח שעורה אורגני מנח,,,קמח שעורה אורגני מנח,Unknown,0.00,Unknown,false,1,25.90,0.0000,true,1,134110
7290013453938,true,קמח דורום מלא 1קג,,,קמח דורום מלא 1קג,Unknown,0.00,Unknown,false,1,14.90,0.0000,true,1,134113
7290013453990,true,קמח טף מלא 1קג,,,קמח טף מלא 1קג,Unknown,0.00,Unknown,false,1,24.00,0.0000,true,1,134116
7290013472199,false,ערמונים קלוף וקלוי ו.פוד 105 ג',בייג'גג פוינונג,CN,ערמונים קלופים 105 גרם,גרמים,105.00,100 גרם,false,1,5.90,5.6190,true,1,124566
7290013472892,false,בולגריה קוביות במי מלח - מרכיבי חלב ושומן צמחי,"קוליוס אס.איי, גריק",GR,הבולגריה בקוביות במי מלח 200 גרם,גרמים,200.00,100 גרם,false,1,12.90,6.4500,true,1,124757
7290013492005,false,אמא אדמה תפוח אדמה למיקרו 700 גר',ברכת קטיף,IL,תפוא זעיר למיקרו יח,יחידה,0.00,יחידה,false,1,7.90,0.0000,true,1,435
7290013493033,false,בזלת חיטה בקבוק 330/,מברשת הגולן א.ח.ר 20,IL,בזלת חיטה בקבוק 330/24,מיליליטרים,330.00,"100 מ""ל",false,1,16.90,5.1212,true,1,16728
7290013493040,false,בירה בזלת דאבל בוק 7,יושלם,IL,בירה בזלת דבל בוק 750 מל,מיליליטרים,750.00,"100 מ""ל",false,1,37.90,5.0533,true,1,126001
7290013493057,false,בירה בזלת דבל בוק בק,מברשת הגולן א.ח.ר 20,IL,"בירה בזלת דבל בוק בקבוק 330 מ""ל",מיליליטרים,330.00,"100 מ""ל",false,1,18.90,5.7273,true,1,16725
7290013493064,false,בירה בזלת אייל ענברי,יושלם,IL,בירה בזלת אייל ענברי 750 מל,מיליליטרים,750.00,"100 מ""ל",false,1,34.90,4.6533,true,1,125999
7290013493071,false,בירה בזלת אייל ענברי,מברשת הגולן א.ח.ר 20,IL,"בירה בזלת אייל ענברי בקבוק 330 מ""ל",מיליליטרים,330.00,"100 מ""ל",false,1,16.90,5.1212,true,1,16727
7290013493224,false,בירה בזלת חזקה בקבוק,מבשלת בגולן א.ח.ר 20,IL,בירה בזלת חזקה בקבוק 330 מל,מיליליטרים,330.00,"100 מ""ל",false,1,15.90,4.8182,true,1,21955
7290013520043,false,פיתה אגמי ידנית חמיש,מאפיית אגמי,,פיתה אגמי ידנית חמישייה,גרמים,500.00,100 גרם,false,1,6.90,1.3800,true,1,15204
7290013520067,false,10 לחמניות אצבע אגמי,מאפיית אגמי,,10 לחמניות אצבע אגמי,גרמים,750.00,100 גרם,false,1,13.90,1.8533,true,1,1789
7290013520111,false,לחמניות המבורגר 6 יח,מאפיית אגמי,IL,לחמניית המבורגר אמריקאי 6 יח,גרמים,600.00,100 גרם,false,1,14.90,2.4833,true,1,16382
7290013520180,false,פיתות אריזת חסכון 10,מאפיית אגמי,IL,פיתות אריזת חסכון 10,גרמים,1000.00,100 גרם,false,1,12.90,1.2900,true,1,25982
7290013520463,true,כוסמין לחם בריאות,,,כוסמין לחם בריאות,גרמים,600.00,100 גרם,false,1,16.50,2.7500,true,1,1845
7290013520500,true,8 לחמניות מקמח כוסמי,,,8 לחמניות מקמח כוסמי,גרמים,400.00,100 גרם,false,1,16.90,4.2250,true,1,4872
7290013521101,false,פסטה כוסמין בטעם תרד,השדה מוצרים אורגניים,HU,פסטה כוסמין אורגנית בטעם תרד,גרמים,350.00,100 גרם,false,1,21.90,6.2571,true,1,129214
7290013521187,false,ספגטי עדשים אדומות א,"אנדריאני ספא, ויה ני",IT,ספגטי עדשים אדומות אורגני 250 גרם ללא ג,גרמים,250.00,100 גרם,false,1,13.90,5.5600,true,1,34901
7290013521194,false,טורטיליוני כוסמת אור,"אנדריאני ספא, ויה ני",IT,טורטיליוני כוסמת אורגני 250 גרם ללא גלו,גרמים,250.00,100 גרם,false,1,13.90,5.5600,true,1,34902
7290013521200,false,פוזילי אפונה ירוקה א,"אנדריאני ספא, ויה ני",IT,פוזילי אפונה ירוקה אורגני 250 גרם ללא ג,גרמים,250.00,100 גרם,false,1,13.90,5.5600,true,1,34903
7290013521231,false,פסטה כוסמין אורגנית עם תרד ועגבניות,השדה מוצרים אורגניים,HU,פסטה כוסמין אורגנית עם תרד ועגבניות,גרמים,400.00,100 גרם,false,1,21.90,5.4750,true,1,128672
7290013521309,false,מיונז אורגני 330 גרם,מחנדל,NL,מיונז אורגני,גרמים,330.00,100 גרם,false,1,23.90,7.2424,true,1,10920
7290013521316,false,ממרח אורגני בטעם מיונז ללא ביצים,השדה מוצרים אורגניים,NL,ממרח בטעם מיונז ללא ביצים,גרמים,230.00,100 גרם,false,1,19.90,8.6522,true,1,10921
7290013521385,false,רסק תפוחים אורגני 70,השדה מוצרים אורגניים,NL,רסק תפוחים 100%,גרמים,700.00,100 גרם,false,1,20.90,2.9857,true,1,12143
7290013521392,false,רסק תפוחים אורגני 36,מחנדל,NL,רסק תפוחים 100%,גרמים,360.00,100 גרם,false,1,14.50,4.0278,true,1,128768
7290013521408,false,אבקת מרק ירקות אורגנית,השדה מוצרים אורגניים,NL,אבקת מרק ירקות,גרמים,200.00,100 גרם,false,1,25.90,12.9500,true,1,18366
7290013521415,false,אבקת מרק אורגנית בטעם עוף,השדה מוצרים אורגניים,NL,אבקת מרק אורגנית בטעם עוף,גרמים,200.00,100 גרם,false,1,25.90,12.9500,true,1,4647
7290013521491,false,קטשופ אורגני ללא גלו,דה פירימונט קומפני,US,קטשופ אורגני,גרמים,567.00,100 גרם,false,1,18.90,3.3333,true,1,10913
7290013521545,true,עוגיות ציפוי חרובים,"הגביע מוצרי ופל בע""מ",IL,עוגיות חצי ירח אורגניות מקמח מלא בציפוי קרם חרובים,גרמים,180.00,100 גרם,false,1,14.90,8.2778,true,1,4607
7290013521828,true,פסטה כוסמין פטוצני ס,רדיי 97 בעמ,HU,פסטה כוסמין אורגנית עם ספירולינה,גרמים,300.00,100 גרם,false,1,21.90,7.3000,true,1,134143
7290013521835,false,פסטה כוסמין ספירולינ,רדיי 97 בעמ,HU,פסטה כוסמין אורגנית עם ספירולינה,גרמים,500.00,100 גרם,false,1,21.90,4.3800,true,1,129200
7290013521842,false,ציפס תפוח אדמה אפוי,"סיבי, נובי פריס",SK,ציפס תפוח אדמה אפוי השדה 65 גרם,גרמים,65.00,100 גרם,false,1,12.90,19.8462,true,1,34904
7290013521859,false,ציפס תפוח אדמה אפוי,"סיבי, נובי פריס",SK,ציפס תפוח אדמה אפוי ירקות השדה 65 גרם,גרמים,65.00,100 גרם,false,1,12.90,19.8462,true,1,34905
7290013521866,false,ציפס תפוח אדמה אפוי,"סיבי, נובי פריס",SK,ציפס תפוח אדמה אפוי פיקנטי השדה 65 גרם,גרמים,65.00,100 גרם,false,1,12.90,19.8462,true,1,34906
7290013521873,false,סוכר קוקוס אורגני 30,סנקי,ID,סוכר קוקוס אורגני מפרח הקוקוס,גרמים,300.00,100 גרם,false,1,15.90,5.3000,true,1,10912
7290013521897,false,גליליות אורגניות מקמ,"הגביע מוצרי ופל בע""מ",IL,גליליות אורגניות מקמח כוסמין,גרמים,100.00,100 גרם,false,1,16.90,16.9000,true,1,28946
7290013521965,false,עוגיות חצי ירח אורגנ,"הגביע מוצרי ופל בע""מ",IL,עוגיות חצי ירח כוסמין אורגני,גרמים,180.00,100 גרם,false,1,17.90,9.9444,true,1,12865
7290013531117,false,רוטב פסטה לילדים 240 גרם יכין,"זנלכל בע""מ",IL,רוטב פסטה לילדים יכין 260 גרם,גרמים,260.00,100 גרם,false,1,5.90,2.2692,true,1,127577
7290013531759,false,שעועית אפויה במים 550 ג' יכין,"זנלכל בע""מ",IL,שעועית אפויה במים יכין 310 גרם,גרמים,310.00,100 גרם,false,1,8.90,2.8710,true,1,12653
7290013558800,true,עלי תרד 500 גרם,משק מורדכי גדי בעמ,IL,עלי תרד 500 גרם,גרמים,500.00,100 גרם,false,1,13.80,2.7600,true,1,15732
7290013558824,true,בזיליקום רוגולה 100,חקלאי,IL,בזיליקום רוגולה 100 גרם,גרמים,100.00,100 גרם,false,1,8.70,8.7000,true,1,15735
7290013558855,false,לבבות חסה פלמינגו,ל. פלמינגו ישראל,IL,לבבות חסה,גרמים,200.00,100 גרם,false,1,9.90,4.9500,true,1,15867
7290013585257,false,ספרייט זירו בקבוק 500מל,החברה המרכזית לייצור,IL,"ZERO ספרייט 500 מ""ל",מיליליטרים,500.00,"100 מ""ל",false,1,7.50,1.5000,true,1,127205
7290013585387,false,קוקה קולה זירו בקבוק,החברה המרכזית לייצור,IL,ZERO תריסר 1 ליטר,ליטרים,1.00,ליטר,false,1,8.00,8.0000,true,1,127137
7290013585394,false,קוקה קולה קלאסי,החברה המרכזית לייצור,IL,קוקה קולה 1 ליטר תריסר,ליטרים,1.00,ליטר,false,1,8.00,8.0000,true,1,127136
7290013608260,false,פרימור מיץ רימונים 100% סחוט טרי 1ל',"גניר (1992) בע""מ",IL,7290068700001,ליטרים,1.00,ליטר,false,1,26.00,26.0000,true,1,126512
7290013608482,true,נקטר מנגו פרימור,סטאר סנקס,IL,פרימור נקטר מנגו 1 ליטר‏,Unknown,0.00,Unknown,false,1,8.90,0.0000,true,1,134168
7290013608550,false,נקטר תפוזים 1 ל' פרימור,סטאר סנקס,IL,נקטר תפוזים,לא מנהל יחידת מידה,0.00,לא מנהל יחידת מידה,false,1,8.90,0.0000,true,1,134172
7290013608635,false,משקה לימונים עם נענע 1ל' פרימור,סטאר סנקס,IL,נקטר לימונים עם נענע פרימור,לא מנהל יחידת מידה,0.00,לא מנהל יחידת מידה,false,1,8.90,0.0000,true,1,134174
7290013608642,true,נקטר אפרסק פרימור,סטאר סנקס,IL,נקטר אפרסק,Unknown,0.00,Unknown,false,1,8.90,0.0000,true,1,134175
7290013608673,false,נקטר תפוחי עץ 1 ל' פרימור,סטאר סנקס,IL,נקטר תפוחי עץ ‏1‏ל,לא מנהל יחידת מידה,0.00,לא מנהל יחידת מידה,false,1,8.90,0.0000,true,1,134176
7290013608680,false,מיץ עגבניות 1ל' פרימור,סטאר סנקס,IL,פרימור מיץ עגבניות 1 ליטר,לא מנהל יחידת מידה,0.00,לא מנהל יחידת מידה,false,1,8.90,0.0000,true,1,4603
7290013645036,false,לחמניות 350 גרם,מוצרי הכט,IL,לחמניות 350 גרם,גרמים,350.00,100 גרם,false,1,26.90,7.6857,true,1,11247
7290013645050,false,פרורי לחם שרהלה,מוצרי הכט,IL,פרורי לחם שרהלה,לא מנהל יחידת מידה,0.00,לא מנהל יחידת מידה,false,1,20.90,0.0000,true,1,4462
7290013645074,true,לחם לבן,,,לחם לבן,לא מנהל יחידת מידה,0.00,לא מנהל יחידת מידה,false,1,18.90,0.0000,true,1,4473
7290013645104,false,פיתות ללא גלוטן שרה,מוצרי הכט,IL,פיתות ללא גלוטן שרהלה קפוא,לא מנהל יחידת מידה,0.00,לא מנהל יחידת מידה,false,1,17.90,0.0000,true,1,14285
7290013645272,false,נשיקות,מוצרי הכט,IL,נשיקות שרהלה 100גרם,גרמים,100.00,100 גרם,false,1,18.90,18.9000,true,1,4470
7290013645500,false,מקלות מלוחים 230 גרם,מוצרי הכט,IL,מקלות מלוחים 230 גרם,גרמים,230.00,100 גרם,false,1,22.90,9.9565,true,1,4440
7290013645531,false,עוגיות מזרחיות עם שו,מוצרי הכט,IL,עוגיות מזרחיות עם שומשום 230 גרם,גרמים,230.00,100 גרם,false,1,22.90,9.9565,true,1,4458
7290013645715,false,עוגיות סנדוויץ ריבה,מוצרי הכט,IL,עוגיות סנדוויץ ריבה שרהלה 250גרם,גרמים,250.00,100 גרם,false,1,22.90,9.1600,true,1,4513
7290013645722,false,עוגיות שוקולד ציפס 2,מוצרי הכט,IL,עוגיות שוקולד ציפס 200 גרם,גרמים,200.00,100 גרם,false,1,22.90,11.4500,true,1,11246
7290013659248,false,כיסוי מגבת לייבוש השיער,יושלם,,ספוג רחצה לגב,Unknown,0.00,Unknown,false,1,19.90,0.0000,true,1,29670
7290013671233,false,דאודורנט טבעי כליל-ג,,,דאודורנט טבעי כליל-ג,לא מנהל יחידת מידה,0.00,לא מנהל יחידת מידה,false,1,22.90,0.0000,true,1,10696
7290013671240,true,דאודורנט טבעי נשים,,,דאודורנט טבעי נשים,Unknown,0.00,Unknown,false,1,22.90,0.0000,true,1,5865
7290013675804,false,שניצלונים בטעם טבעות,תנובה גליל שותפות מו,IL,שניצלונים בטעם טבעות בצל מאמא עוף 500גרם,גרמים,500.00,100 גרם,false,1,32.90,6.5800,true,1,27491
7290013675828,false,חגיגה אסייתית עם חזה להקפצה מאמא עוף 450ג',"איי, בי, אינבוו",IL,לקט חגיגה אסייתית להקפצה 450גרם,גרמים,450.00,100 גרם,false,1,24.90,5.5333,true,1,22939
7290013677563,true,קינואה אדומה מיה 5,מיה,IL,קינואה אדומה מיה 500 גרם,גרמים,500.00,100 גרם,false,1,12.90,2.5800,true,1,37660
7290013677822,false,"גריסי פנינה מיה 1 ק""ג",מיה,IL,גריסי פנינה מיה 1 קג,קילוגרמים,1.00,"ק""ג",false,1,8.90,8.9000,true,1,37656
7290013677839,false,"בורגול יבש מיה 1 ק""ג",מיה,IL,בורגול מיה 1 קג,קילוגרמים,1.00,"ק""ג",false,1,8.90,8.9000,true,1,37645
7290013677846,false,"כוסמת מיה 1 ק""ג",מיה,IL,כוסמת מיה 1 קג,קילוגרמים,1.00,"ק""ג",false,1,13.90,13.9000,true,1,37626
7290013710192,false,"שמן חרדל 250מ""ל",בטרפלקס,IL,"שמן חרדל 250מ""ל",מיליליטרים,250.00,"100 מ""ל",false,1,45.90,18.3600,true,1,10190
7290013710208,false,שמן גרעיני דלעת 250ג,בטרפלקס,IL,"שמן גרעיני דלעת 250מ""ל",מיליליטרים,250.00,"100 מ""ל",false,1,55.90,22.3600,true,1,10187
7290013710215,false,"שמן פשתן 250 מ""ל",בטרפלקס,IL,"שמן פשתן 250 מ""ל",מיליליטרים,250.00,"100 מ""ל",false,1,28.90,11.5600,true,1,10184
7290013710222,false,"שמן קצח 250 מ""ל",בטרפלקס,IL,"שמן קצח 250 מ""ל",מיליליטרים,250.00,"100 מ""ל",false,1,49.90,19.9600,true,1,10182
7290013710239,false,"שמן שומשום 250 מ""ל",בטרפלקס,IL,"שמן שומשום 250 מ""ל",מיליליטרים,250.00,"100 מ""ל",false,1,29.90,11.9600,true,1,10179
7290013710246,false,"שמן פשתן 500 מ""ל",בטרפלקס,IL,"שמן פשתן 500 מ""ל",מיליליטרים,500.00,"100 מ""ל",false,1,45.90,9.1800,true,1,10185
7290013710253,false,"שמן שקדים 250מ""ל",בטרפלקס,IL,"שמן שקדים 250מ""ל",מיליליטרים,250.00,"100 מ""ל",false,1,55.90,22.3600,true,1,10189
7290013710307,false,זרעי פשתן 400 גרם,בטרפלקס,IL,זרעי פשתן 400 גרם,גרמים,400.00,100 גרם,false,1,12.90,3.2250,true,1,10192
7290013710338,false,סובין פישתן3 200 גר,בטרפלקס,IL,סובין פשתן 200 גרם,גרמים,200.00,100 גרם,false,1,8.90,4.4500,true,1,10198
7290013710352,false,סובין שיבולת שועל 20,בטרפלקס,IL,סובין שיבולת שועל 200 גרם,גרמים,200.00,100 גרם,false,1,8.90,4.4500,true,1,10197
7290013710406,false,זרעי פישתן טחונים 40,בטרפלקס,IL,זרעי פשתן טחונים 400 גרם,גרמים,400.00,100 גרם,false,1,12.90,3.2250,true,1,10193
7290013710529,false,"שמן שומשום 500מ""ל",בטרפלקס,IL,"שמן שומשום 500מ""ל",מיליליטרים,500.00,"100 מ""ל",false,1,45.90,9.1800,true,1,10180
7290013710604,false,טחינה גרעיני דלעת 3,בטרפלקס,IL,טחינה גרעיני דלעת 300 גרם,גרמים,300.00,100 גרם,false,1,31.90,10.6333,true,1,10173
7290013710635,false,שמן ציה בכבישה קרה 2,בטרפלקס,IL,"שמן ציה 250מ""ל",מיליליטרים,250.00,"100 מ""ל",false,1,45.90,18.3600,true,1,10188
7290013710680,false,זרעי גדילן 200 גרם,בטרפלקס,IL,זרעי גדילן 200 גרם,גרמים,200.00,100 גרם,false,1,21.90,10.9500,true,1,10195
7290013710710,false,"שמן קצח 500 מ""ל",בטרפלקס,IL,"שמן קצח 500 מ""ל",מיליליטרים,500.00,"100 מ""ל",false,1,89.90,17.9800,true,1,10183
7290013710734,false,חמאת פשתן 300 גרם,בטרפלקס,IL,חמאת פשתן 300 גרם,גרמים,300.00,100 גרם,false,1,31.90,10.6333,true,1,10171
7290013710796,false,שמן שומשום שחור 250,בטרפלקס,IL,"שמן שומשום שחור 250 מ""ל",מיליליטרים,250.00,"100 מ""ל",false,1,34.90,13.9600,true,1,10181
7290013713001,false,בירה גמס אמבר אייל ב,"אביר הבר בע""מ",IL,בירה ג'מס אמבר אייל 330 מל,מיליליטרים,330.00,"100 מ""ל",false,1,13.90,4.2121,true,1,13501
7290013713025,false,בירה ג'מס בקבוקי פיל,"אביר הבר בע""מ",IL,בירה ג'מס פילס 330 מל,מיליליטרים,330.00,"100 מ""ל",false,1,13.90,4.2121,true,1,13483
7290013713032,false,בירה ג'מס בקבוקי חיט,"אביר הבר בע""מ",IL,בירה ג'מס חיטה מעוננת 330 מל,מיליליטרים,330.00,"100 מ""ל",false,1,13.90,4.2121,true,1,13485
7290013713049,false,בירה גמס חזקה בק 330,"אביר הבר בע""מ",IL,"בירה ג'מס חזקה מאד 8.8, 330 מל",מיליליטרים,330.00,"100 מ""ל",false,1,13.90,4.2121,true,1,13484
7290013724939,false,חטיף חמוציות בשוקולד מריר 160,דין שיווק,IL,משוקלדים חמוציות מריר 140 גר קופסא,גרמים,140.00,100 גרם,false,1,10.90,7.7857,true,1,17917
7290013724946,false,משוקלדים שקד מריר 160 גר' קופסא,"דין שיווק וקליה בע""מ",IL,משוקלדים שקד מריר 140 גר קופסא,גרמים,140.00,100 גרם,false,1,10.90,7.7857,true,1,18039
7290013724977,false,משוקולדים צימוק מריר 140 ג' קופסא,"דין שיווק וקליה בע""מ",IL,משוקלדים צימוק מריר 140 גר קופסא,גרמים,140.00,100 גרם,false,1,10.90,7.7857,true,1,18038
7290013724991,false,משוקולדים לוז חלב 160 גר' סקופסא,דין שיווק,IL,משוקלדים לוז חלב 140 גר קופסא,גרמים,140.00,100 גרם,false,1,10.90,7.7857,true,1,33586
7290013725820,false,משוקלדים לוז מריר 160 גר' קופסא,"דין שיווק וקליה בע""מ",IL,אגוזי לוז בציפוי שוקולד מריר 140 גרם,גרמים,140.00,100 גרם,false,1,10.90,7.7857,true,1,17839
7290013746238,false,עוגיות ציפס קוקיס מכ,"דגן מיני מזונות בע""מ",IL,עוגיות צ'יפס קוקיס מכוסמין,גרמים,300.00,100 גרם,false,1,33.90,11.3000,true,1,129958
7290013746306,true,כעכים מקמח מלא ללא ס,"דגן מיני מזונות בע""מ",IL,כעכים מקמח מלא ללא ס,Unknown,0.00,Unknown,false,1,27.90,0.0000,true,1,134203
7290013746368,false,עוגיות כוסמין ושקדים,"דגן מיני מזונות בע""מ",IL,עוגיות כוסמין ושקדים,גרמים,300.00,100 גרם,false,1,33.90,11.3000,true,1,129959
7290013746504,false,מקלוני כוסמין עשבי ת,"דגן מיני מזונות בע""מ",IL,מקלוני כוסמין עשבי תיבול דגן,גרמים,200.00,100 גרם,false,1,29.90,14.9500,true,1,20167
7290013746542,true,רולדת כוסמין באגוזי,"דגן מיני מזונות בע""מ",IL,רולדת כוסמין באגוזי,Unknown,0.00,Unknown,false,1,30.90,0.0000,true,1,134209
7290013746580,true,שבלולי תמרים (שמן קו,"דגן מיני מזונות בע""מ",IL,שבלולי תמרים (שמן קו,Unknown,0.00,Unknown,false,1,31.90,0.0000,true,1,134212
7290013746597,true,מעמול תמרים מכוסמין,"דגן מיני מזונות בע""מ",IL,מעמול תמרים מכוסמין,Unknown,0.00,Unknown,false,1,31.90,0.0000,true,1,134213
7290013746627,true,רולדת תמרים ללס שמן,"דגן מיני מזונות בע""מ",IL,רולדת תמרים ללס שמן,Unknown,0.00,Unknown,false,1,31.90,0.0000,true,1,134216
7290013746672,false,עוגיות כוסמין ואגוזי,דגן מיני מזונות,IL,עוגיות כוסמין אגוזים וקוקוס,גרמים,300.00,100 גרם,false,1,33.90,11.3000,true,1,129957
7290013746689,false,עוגיות שיבולת שועל ו,פרוטרופיק סיה.,IL,"עוגיות שיבולת שועל ואוכמניות לל""ס 250 גר",גרמים,250.00,100 גרם,false,1,29.90,11.9600,true,1,129956
7290013746719,true,קרקר משיפון מלא טבעו,"דגן מיני מזונות בע""מ",IL,קרקר משיפון מלא טבעו,Unknown,0.00,Unknown,false,1,24.90,0.0000,true,1,134218
7290013746733,true,קרקר כוסמין חמניות ו,"דגן מיני מזונות בע""מ",IL,קרקר כוסמין עם חמניות ופשתן,Unknown,0.00,Unknown,false,1,25.90,0.0000,true,1,134220
7290013746788,false,מקלוני כוסמין עגבניה,פרוטרופיק סיה.,IL,מקלוני כוסמין עגבניה ואורגנו דגן,גרמים,200.00,100 גרם,false,1,29.90,14.9500,true,1,20168
7290013746795,false,מקלוני כוסמין קצח וצ,פרוטרופיק סיה.,IL,מקלוני כוסמין קצח וציה דגן,גרמים,200.00,100 גרם,false,1,29.90,14.9500,true,1,20169
7290013771131,false,לאבנה עיזים 5% 250גר,מיוצר עי קונדיטוריית,IL,לבנה עיזים 5% שומרון 250 גרם,גרמים,250.00,100 גרם,false,1,19.90,7.9600,true,1,124787
7290013771216,false,תחליף גבינה פטאקי 25,מיוצר עי קונדיטוריית,IL,פטאקי 16%,גרמים,250.00,100 גרם,false,1,15.90,6.3600,true,1,128496
7290013771384,false,יוגורט יווני השומרון,מיוצר עי קונדיטוריית,IL,בלקן יוגורט יווני 7% 400 גרם,גרמים,400.00,100 גרם,false,1,11.90,2.9750,true,1,128812
7290013787156,false,רוטב שמנת וגראנה פדנו,קריניסה ויטמין אס אי,IL,רוטב שמנת וגראנה פדנו 200 גרם,גרמים,200.00,100 גרם,false,1,13.90,6.9500,true,1,33448
7290013787163,false,רוטב רוזה 200 גרם ריקו - בית יוסף,קריניסה ויטמין אס אי,IL,רוטב רוזה ריקו 200 גרם,גרמים,200.00,100 גרם,false,1,13.90,6.9500,true,1,33449
7290013787170,false,רוטב שמנת פטריות 200 גרם ריקו - בית יוסף,קריניסה ויטמין אס אי,IL,רוטב שמנת פטריות ריקו 200 גרם,גרמים,200.00,100 גרם,false,1,13.90,6.9500,true,1,33450
7290013787392,false,רביולי גבינות קלאסי 330 גרם ריקו בית יוסף,יוניליוור גרמניה Gm,IL,פסטה רביולי במילוי גבינות 100% חיטת דורום 330 גר,גרמים,330.00,100 גרם,false,1,30.90,9.3636,true,1,26316
7290013787408,false,רביולי בטטה 330 גרם ריקו בית יוסף,יוניליוור גרמניה Gm,IL,פסטה רביולי בטטה 100% חיטת דורום 330 גר,גרמים,330.00,100 גרם,false,1,30.90,9.3636,true,1,26317
7290013816009,true,שוקולד טבעוני הולי ק,הולי קקאו,IL,שוקולד טבעוני הולי קקאו 90% קקאו,גרמים,100.00,100 גרם,false,1,19.90,19.9000,true,1,134246
7290013816016,true,שוקולד טבעוני הולי ק,הולי קקאו,IL,שוקולד טבעוני הולי קקאו 100% קקאו,גרמים,100.00,100 גרם,false,1,19.90,19.9000,true,1,134247
7290013816153,false,הולי קקאו אגוז לוז מ,הולי קקאו,IL,הולי קקאו אגוז לוז מצופה שוקולד 70% טבעו,גרמים,100.00,100 גרם,false,1,19.90,19.9000,true,1,14600
7290013816443,true,שוקולד טבעוני הולי ק,הולי קקאו,IL,שוקולד טבעוני הולי קקאו 80% קקאו,גרמים,100.00,100 גרם,false,1,19.90,19.9000,true,1,134249
7290013827111,true,ברכות מרציפן,,,ברכות מרציפן,Unknown,0.00,Unknown,false,1,13.90,0.0000,true,1,134252
7290013847553,false,נתחי טונה בהירה במים דל נתרן - מארז רביעיה,"סטארקיסט פודור בע""מ",TH,טונה במים דל נתרן,גרמים,640.00,100 גרם,false,1,27.90,4.3594,true,1,10676
7290013847645,false,סטארקיסט טונה בשמן זית 80 גר' שלישיות - בית,סטארקיסט Starkist,TR,סטארקיסט טונה בשמן זית 3 יח 80 גרם,גרמים,240.00,100 גרם,false,1,16.90,7.0417,true,1,14681
7290013848017,false,תרסיס ניקוי והברקת נירוסטה,"סנו מפעלי ברונוס בע""",IL,ניקוי והברקת נירוסטה,לא מנהל יחידת מידה,0.00,לא מנהל יחידת מידה,false,1,19.90,0.0000,true,1,9272
7290013848345,false,מארז מטליות לחיטוי וניקוי יסודי אנטיבקטריאלי 99.9%,סנו מפעלי ברונוס בעמ,IL,מטליות לחות שלישייה לניקוי 99%,לא מנהל יחידת מידה,0.00,לא מנהל יחידת מידה,false,1,21.90,0.0000,true,1,13251
7290013848420,false,"קרמה מן דאודורנט ג'ל אקטיב 70 מ""ל",גוד פוד פרודקטס S.p,IL,קרמה מן דאודורנט ג'ל אקטיב בלוק 70 מל,Unknown,0.00,Unknown,false,1,16.90,0.0000,true,1,9755
7290013848758,false,סנו - מקסימה ג'ל כביסה מרוכז בייבי 3 ליטר,"סנו מפעלי ברונוס בע""",IL,ג'ל כביסה בייבי 3ליטר,ליטרים,3.00,ליטר,false,1,35.90,11.9667,true,1,9766
7290013883148,true,הפי סופג ריחות במקרר,יוליניבר,IT,יעקבי הפי סופג ריחות במקרר 40 גר',לא מנהל יחידת מידה,0.00,לא מנהל יחידת מידה,false,1,14.90,0.0000,true,1,3912
7290013883407,false,"מרסס דזיטול לחיטוי כללי 750 מ""ל",יעקבי - דזיטול Desytol,ES,יעקבי דזיטול ספריי מחטא ומשמיד חיידקים 750 מל,מיליליטרים,500.00,"100 מ""ל",false,1,19.90,3.9800,true,1,125100
7290013903075,false,בולגרית טבעונית ליב,ביוט איילנד פודס אל,,בולגרית טבעונית ליב 200 גרם,גרמים,200.00,100 גרם,false,1,22.90,11.4500,true,1,128497
7290013903266,false,תערובת פירות יער אור,פריגו,,תערובת פירות יער אורגנית 350 גרם,גרמים,350.00,100 גרם,false,1,20.90,5.9714,true,1,13516
7290013903273,false,אדממה אורגני פולי סו,זהג'יאנג קינגסור פוד,CN,"ליב, אדממה אורגני, 400 גרם",גרמים,400.00,100 גרם,false,1,11.90,2.9750,true,1,13517
7290013903327,false,טופו 500 גרם ליב טבע,אין תעשיות,IL,טופו 500 גרם ליב טבעי,גרמים,500.00,100 גרם,false,1,18.90,3.7800,true,1,13520
7290013906052,false,נקניקיות פרגיות טירת צבי 300 גר',הנסיך- מפעל לייצור ט,IL,נקניקיות פרגיות 300 גרם,גרמים,300.00,100 גרם,false,1,13.90,4.6333,true,1,125056
7290013906205,false,פסטרמה עם שום וצילי טירת צבי 400 ג',הנסיך- מפעל לייצור ט,IL,"פסטרמה שום וצ""ילי 400 גר",גרמים,400.00,100 גרם,false,1,30.90,7.7250,true,1,125542
7290013906212,false,"נקנקיות וינר טירת 1 ק""ג טירת צבי",הנסיך- מפעל לייצור ט,IL,נקנקיות וינר,קילוגרמים,1.00,"ק""ג",false,1,28.90,28.9000,true,1,9757
7290013906236,false,סלמי גלבוע טירת צבי 400 ג',הנסיך- מפעל לייצור ט,IL,סלמי גלבוע 400 גר,גרמים,400.00,100 גרם,false,1,24.90,6.2250,true,1,126019
7290013906441,false,קבנוס טירת צבי 120גר,הנסיך- מפעל לייצור ט,IL,קבנוס נקניק מעושן יבש 120 גרם,גרמים,120.00,100 גרם,false,1,11.90,9.9167,true,1,125903
7290013906458,false,קבנוס טעם פיקנטי טירת צבי 120 ג',הנסיך- מפעל לייצור ט,IL,טירת צבי קבנוס פיקנטי נקניק מעושן יבש 120 גרם,גרמים,120.00,100 גרם,false,1,11.90,9.9167,true,1,3408
7290013906489,false,חטיפי מיני קבנוס 120 ג' טירת צבי,הנסיך- מפעל לייצור ט,IL,טירת צבי חטיפי מיני קבנוס 120 גרם,גרמים,120.00,100 גרם,false,1,11.90,9.9167,true,1,125904
7290013906496,false,פסטרמה עגל בסגנון רומני,הנסיך- מפעל לייצור ט,IL,פסטרמה עגל בסגנון רומני 120 גרם,גרמים,120.00,100 גרם,false,1,15.90,13.2500,true,1,126741
7290013906519,false,פסטרמה פרושוטו בקר ט,הנסיך- מפעל לייצור ט,IL,פרושוטו בקר 100 גרם,גרמים,100.00,100 גרם,false,1,26.90,26.9000,true,1,126742
7290013906694,false,נקניקיות שקית קילו וחצי טירת צבי,הנסיך- מפעל לייצור ט,IL,"נקניקיות עוף 1.5 ק""ג",קילוגרמים,1.00,"ק""ג",false,1,39.00,39.0000,true,1,34713
7290013913968,true,שמפו צמחי ילדים,,,שמפו צמחי ילדים,Unknown,0.00,Unknown,false,1,22.90,0.0000,true,1,134264
7290013913975,true,סבון רחצה צמחי ילדים,,,סבון רחצה צמחי ילדים,Unknown,0.00,Unknown,false,1,22.90,0.0000,true,1,134265
7290013927101,false,אחווה עוגה תפוחים ללא תוספת סוכר 450גר,אחדות ביחר לטחינה חל,IL,עוגת תפוחים ללא תוספת סוכר 400 גרם,גרמים,400.00,100 גרם,false,1,13.90,3.4750,true,1,125312
7290013939760,false,שמן מרוקאי 100 סמק,,,שמן מרוקאי 100 סמק,מיליליטרים,100.00,"100 מ""ל",false,1,21.00,21.0000,true,1,24879
7290013940568,false,דאורדורנט נעליים 200,,,דאורדורנט נעליים 200 סמק,מיליליטרים,200.00,"100 מ""ל",false,1,22.90,11.4500,true,1,126054
7290013940650,false,קרם רגליים לעור יבש,שוורץ,IL,קרם רגליים לעור יבש במיוחד,מיליליטרים,150.00,"100 מ""ל",false,1,27.00,18.0000,true,1,126188
7290013971555,false,מארז פוגיקום 8+4,פוג'יקום,,מארז פוגיקום 8+4,לא מנהל יחידת מידה,0.00,לא מנהל יחידת מידה,false,1,19.90,0.0000,true,1,3450
7290013994042,false,זרעי פשתן אורגני300.,אול אורגני,IL,זרעי פשתן אורגניים 300 גרם הרדוף,גרמים,300.00,100 גרם,false,1,8.90,2.9667,true,1,10935
7290013994066,true,ספטפלקס אורגני 375 ג,לאמרי,IT,הרדוף ספלטקפלקס פתיתי כוסמין אורגני 375 גרם,Unknown,0.00,Unknown,false,1,24.90,0.0000,true,1,5891
7290013994080,true,פנה מקמח כוסמין מלא4,פסטיפיסוי פליצ'טי,IT,פנה אורגני מקמח כוסמין מלא,Unknown,0.00,Unknown,false,1,19.90,0.0000,true,1,134276
7290013994318,false,קינואה מעורבת - טריקולור אורגנית,אול אורגני,IL,הרדוף קינואה מעורבת - טריקולור אורגנית 500 גרם,גרמים,500.00,100 גרם,false,1,20.90,4.1800,true,1,10943
7290013994585,false,גרעיני דלעת קלופים אורגניים,אול אורגני,IL,גרעיני דלעת קלופים אורגני,גרמים,300.00,100 גרם,false,1,18.90,6.3000,true,1,11611
7290013994653,false,קינואה רויאל אורגנית,אול אורגני,IL,קינואה לבנה רויאל אורגנית,גרמים,500.00,100 גרם,false,1,17.90,3.5800,true,1,128691
7290013994677,false,עדשים שחורות אורגניות,אול אורגני,IL,עדשים שחורות אורגניות,גרמים,500.00,100 גרם,false,1,17.90,3.5800,true,1,128677
7290013994684,false,אפונה ירוקה חצויה אורגנית,אול אורגני,IL,אפונה ירוקה חצויה,גרמים,500.00,100 גרם,false,1,11.90,2.3800,true,1,128650
7290013994714,false,ממרח סויה חרובים ואג,ברינקס פוד,NL,ממרח סויה חרובים ואגוזים אורגני,גרמים,350.00,100 גרם,false,1,26.90,7.6857,true,1,4580
7290013994769,true,מקלות בייגלה קמח מלא,אם החיטה,IL,מקלות בייגלה מקמח מלא,גרמים,200.00,100 גרם,false,1,13.90,6.9500,true,1,134278
7290013994929,false,קוסקוס מלא הרדוף אור,קרה מונוס,FR,קוסקוס מלא אורגני,גרמים,350.00,100 גרם,false,1,9.90,2.8286,true,1,10980
7290014002128,false,תה ירוק לימונית ומנטה 25 שקיקים ויסוצקי,ויסוצקי ירוק,IL,תה ירוק לימונית ומנטה T.T,גרמים,37.00,100 גרם,false,1,25.90,70.0000,true,1,10669
7290014002135,false,תה ויסוצקי ירוק מיקס 5 טעמים 25 יח',HIQ FOOD PRODUCTS,IL,תה ירוק מיקס - חדש 2015,גרמים,37.00,100 גרם,false,1,25.90,70.0000,true,1,125238
7290014002203,false,תה ויסוצקי חליטת לימונית ולואיזה 20יח',HIQ FOOD PRODUCTS,IL,חליטת לימונית לואיזה - הגן הקסום,גרמים,37.00,100 גרם,false,1,19.90,53.7838,true,1,125298
7290014002944,false,גן קסום חליטת פירות וצמחים חמדת שקד 25 שקיקים,HIQ FOOD PRODUCTS,IL,"תה ויסוצקי,חליטת חמדת השקד - ""הגן הקסום""",גרמים,50.00,100 גרם,false,1,19.90,39.8000,true,1,126564
7290014002982,false,תה ירוק לימונית לואיזה בתוספת עלי סטיביה 25 שקיקים,ויסוצקי ירוק,IL,תה ירוק לימונית סטיביה T.T,גרמים,37.00,100 גרם,false,1,25.90,70.0000,true,1,126212
7290014016002,false,לחם פרוס ללא גלוטן 4,נטו מלינדה-בשר,IL,לחם פרוס ללא גלוטן,גרמים,450.00,100 גרם,false,1,19.90,4.4222,true,1,10768
7290014016071,false,לחמניות נקניקיה מארז,נטו מלינדה-בשר,IL,לחמניות נקניקיה ללא גלוטן,גרמים,420.00,100 גרם,false,1,18.90,4.5000,true,1,10772
7290014016118,false,לחמניות סנדוויץ מארז,נטו מלינדה-בשר,IL,לחמניות סנדוויץ ללא גלוטן,גרמים,400.00,100 גרם,false,1,18.90,4.7250,true,1,10769
7290014016132,false,לחמניות ביס ל.גלוטן,נטו מלינדה-בשר,IL,לחמניות ביס ללא גלוטן,גרמים,500.00,100 גרם,false,1,20.90,4.1800,true,1,10782
7290014016231,false,פיתות רכות ללא גלוטן,נטו מלינדה-בשר,IL,חמישיית פיתות רכות במיוחד,גרמים,450.00,100 גרם,false,1,19.90,4.4222,true,1,26010
7290014016286,false,פיצה מרגריטה עם זיתי,נטו מלינדה-בשר,IL,פיצה מרגריטה עם זיתים ללא גלוטן 500גרם,גרמים,500.00,100 גרם,false,1,26.90,5.3800,true,1,9786
7290014017009,false,קמח אורז לבן ללא גלוטן 500 גרם,נטו מלינדה-בשר,IL,קמח אורז לבן 500 ג ללא גלוטן,גרמים,500.00,100 גרם,false,1,9.90,1.9800,true,1,10773
7290014017023,false,"קמח תפו""א ללא גלוטן 500 גרם",נטו מלינדה-בשר,IL,קמח תפוא 500 ג ללא גלוטן,גרמים,500.00,100 גרם,false,1,9.90,1.9800,true,1,10775
7290014017047,false,קמח חומוס 500 ג ללא,נטו מלינדה-בשר,IL,קמח חומוס 500 ג ללא גלוטן,גרמים,500.00,100 גרם,false,1,13.90,2.7800,true,1,10770
7290014017054,false,קמח תירס ללא גלוטן 500 גרם,נטו מלינדה-בשר,IL,קמח תירס 500 ג ללא גלוטן,גרמים,500.00,100 גרם,false,1,8.90,1.7800,true,1,10776
7290014017146,false,קמח רב תכליתי ל.גלוט,נטו מלינדה-בשר,IL,קמח רב תכליתי 500 גרם ללא גלוטן,גרמים,500.00,100 גרם,false,1,19.00,3.8000,true,1,11040
7290014017153,false,תערובת לעוגה בטעם שו,מתבל תעשיות מזון,IL,תערובת לעוגת שוקולד 500ג ללא גלוטן,גרמים,500.00,100 גרם,false,1,16.90,3.3800,true,1,11037
7290014017184,false,תערובת לעוגיות 500גר,נטו מלינדה-בשר,IL,תערובת לעוגיות 500גר,גרמים,500.00,100 גרם,false,1,16.90,3.3800,true,1,10789
7290014017269,false,דגנים במילוי קרם נוגט ללא גלוטן 375 גרם,נטו מלינדה-בשר,IL,דגנים במילוי קרם נוגט 375 גרם,גרמים,375.00,100 גרם,false,1,18.90,5.0400,true,1,10786
7290014017276,false,דגנים במילוי קרם שוקולד ללא גלוטן 375 גרם,נטו מלינדה-בשר,IL,דגנים במילוי קרם בטעם שוקולד 375 גרם,גרמים,375.00,100 גרם,false,1,18.90,5.0400,true,1,10785
7290014017320,false,אבקת מרק עוף ללא גלו,נטו מלינדה-בשר,IL,אבקת מרק עוף ללא גלוטן,גרמים,400.00,100 גרם,false,1,19.90,4.9750,true,1,10779
7290014017337,false,אבקת מרק בצל ללא גלו,"נטורל קייקס בע""מ",IL,אבקת מרק בצל ללא גלוטן,גרמים,400.00,100 גרם,false,1,19.90,4.9750,true,1,10780
7290014046016,false,פסטרמה של פעם דל שומן 2% רכיבים טבעיים,מעדני יחיעם,IL,יחיעם פסטרמה של פעם 250 גרם,גרמים,250.00,100 גרם,false,1,25.90,10.3600,true,1,127028
7290014046030,false,מוס כבד עוף 140גר יח,מעדני יחיעם 1993,IL,יחיעם מוס כבד עוף 140 גרם,גרמים,140.00,100 גרם,false,1,15.90,11.3571,true,1,127688
7290014046436,false,נשנושי קבנוס 125 ג' יחיעם,מעדני יחיעם 1993,IL,יחיעם נשנושי קבנוס 125 גרם,גרמים,125.00,100 גרם,false,1,12.90,10.3200,true,1,125626
7290014046474,false,"נקניקיות עוף 1.5 ק""ג יחיעם",יחיעם,IL,יחיעם נקניקיות עוף 1.5 קג,קילוגרמים,1.50,"ק""ג",false,1,33.90,22.6000,true,1,126523
7290014046580,false,פסטרמה מעודנת על גחלים 300 ג' יחיעם,מעדני יחיעם 1993,IL,פסטרמה הודו מעושנת על האש מעדני יחיעם 30,גרמים,300.00,100 גרם,false,1,22.90,7.6333,true,1,127578
7290014046757,false,סלמי תה מעדני יחיעם,פ.פ.ח. שאביט,IL,סלמי תה מעדני יחיעם 300גרם,גרמים,300.00,100 גרם,false,1,22.90,7.6333,true,1,128348
7290014056008,false,בירה שפירא-פייל אייל,שפירא,IL,"בירה שפירא פייל אייל 330 מ""ל",מיליליטרים,330.00,"100 מ""ל",false,1,14.90,4.5152,true,1,35646
7290014056039,false,בירה שפירא-חיטה 330,שפירא,IL,"בירה שפירא חיטה 330 מ""ל",מיליליטרים,330.00,"100 מ""ל",false,1,14.90,4.5152,true,1,35647
7290014056046,false,בירה שפירא לאגר 330,שפירא,IL,"בירה שפירא לאגר 330 מ""ל",מיליליטרים,330.00,"100 מ""ל",false,1,14.90,4.5152,true,1,35649
7290014056053,false,בירה שפירא-אי.פי.אי,שפירא,IL,"IPA בירה שפירא 330 מ""ל",מיליליטרים,330.00,"100 מ""ל",false,1,14.90,4.5152,true,1,35648
7290014059436,false,"סנסודיין משחת שיניים לשיקום והגנה מלבינה 75 מ""ל",סמית קליין ביצ'ם,GB,סנסודיין משחת שיניים משקמת יומיומית 75 מל,מיליליטרים,75.00,"100 מ""ל",false,1,21.90,29.2000,true,1,125917
7290014066359,false,לנדוור-קפסולות אספרסו בלנסד(06) - 10יח'12X יח,האחים פלם הגפן,IL,קפסולות אספרסו לנדוור בלאנסד 10יח,גרמים,50.00,100 גרם,false,1,17.90,35.8000,true,1,9042
7290014066366,false,לנדוור-קפסולות אספרסו ריסטרטו(08) - 10יח'12X יח,קפה לנדוור,IL,קפסולות לנדוור,גרמים,50.00,100 גרם,false,1,17.90,35.8000,true,1,9041
7290014066373,false,לנדוור-קפסולות אספרסו קלאסיק(09) - 10יח'12X יח,קפה לנדוור,IL,קפסולות אספרסו לנדוור קלאסי 10יח,גרמים,50.00,100 גרם,false,1,17.90,35.8000,true,1,9040
7290014066380,false,לנדוור-קפסולות אספרסו סופרימו(10) - 10יח'12X יח,קפה לנדוור,IL,קפסולות אספרסו לנדוור סופרימו 10יח,גרמים,50.00,100 גרם,false,1,17.90,35.8000,true,1,9039
7290014066441,false,לנדוור-קפסולות אספרסו נטול קפאין(07) - 10יח'12X יח,קפה לנדוור,IL,לנדוור-קפסולות אספרסו נטול קפאין 10 יח,יחידה,10.00,יחידה,false,1,17.90,1.7900,true,1,20749
7290014066526,false,לנדוור-קפסולות אספרסו תערובת הבית(11) - 10יח'12X יח,קפה לנדוור,IL,לנדוור-קפסולות אספרסו תערובת הבית,יחידה,10.00,יחידה,false,1,17.90,1.7900,true,1,20747
7290014066533,false,לנדוור-קפסולות אספרסו קלייה כפולה(12) - 10יח'12X יח,לנדוור,IL,לנדוור-קפסולות אספרסו קלייה כפול 10 יח,יחידה,10.00,יחידה,false,1,17.90,1.7900,true,1,20748
7290014079014,false,לבבות קיסר ארוז נספק,"מרינה פטריות הגליל בע""מ",IL,חסה לבבות קיסר,גרמים,300.00,100 גרם,false,1,9.90,3.3000,true,1,369
7290014079236,false,פטריות פורטובלה מיני סלסלה,מרינה פטריות הגליל,IL,פטריות חורש מיני ארוז,יחידה,1.00,יחידה,false,1,10.90,10.9000,true,1,2586
7290014083479,false,גבינת גאודה פרוסות 150 גרם 29% שומן,ג.וילי פוד אינטרנשיו,IL,גבינת גאודה פרוסות 150גרם 27%,גרמים,150.00,100 גרם,false,1,12.90,8.6000,true,1,12893
7290014083769,false,גבינת אמנטל יורו פרו,הנסיך- מפעל לייצור ט,IL,גבינת אמנטל יורו פרוסות 150 גרם,גרמים,150.00,100 גרם,false,1,13.90,9.2667,true,1,33696
7290014083813,false,וילי פוד מריגה שפרוטים מעושנים בשמן 190ג,הנסיך- מפעל לייצור ט,LV,שפורטים 190 גרם,גרמים,190.00,100 גרם,false,1,9.90,5.2105,true,1,10089
7290014094338,false,גרעיני דלעת קלופים ש,"דין שיווק וקליה בע""מ",,דלעת מקולפת 250 גרם,גרמים,250.00,100 גרם,false,1,14.90,5.9600,true,1,34033
7290014094345,false,גרעיני חמניות קלופות,"דין שיווק וקליה בע""מ",,חמניות קלופות 300 גרם,גרמים,300.00,100 גרם,false,1,11.90,3.9667,true,1,34034
7290014094352,false,אגוזי מלך בקופסא 200 ג',"דין שיווק וקליה בע""מ",,אגוז מלך טבעי בקופסא 200 גרם,גרמים,200.00,100 גרם,false,1,17.90,8.9500,true,1,33461
7290014094369,false,ששון הקולה שקד טבעי,"דין שיווק וקליה בע""מ",,שקד טבעי בקופסא 200 גרם,גרמים,200.00,100 גרם,false,1,21.90,10.9500,true,1,33456
7290014094376,false,שזיפים ללא גלעין ששו,"דין שיווק וקליה בע""מ",,שזיפים ללא גלעין בקופסא 250 גרם,גרמים,250.00,100 גרם,false,1,19.90,7.9600,true,1,34203
7290014094390,false,חמוציות מסוכרות ששון,"דין שיווק וקליה בע""מ",,חמוציות בקופסא 250 גרם,גרמים,250.00,100 גרם,false,1,13.90,5.5600,true,1,18037
7290014094628,false,פקאן טבעי 200 ג' בקופסא,ששון הקולה,,פקאן טבעי 200 קופסא,גרמים,200.00,100 גרם,false,1,26.90,13.4500,true,1,34207
7290014094642,false,קשיו טבעי גדול בקופס,"דין שיווק וקליה בע""מ",,קשיו טבעי בקופסא 250 גרם,גרמים,250.00,100 גרם,false,1,23.90,9.5600,true,1,33463
7290014094659,false,בונדוק טבעי בקופסא 2,דין שיווק,IL,אגוזי לוז טבעיים 250 גרם,גרמים,250.00,100 גרם,false,1,27.90,11.1600,true,1,34035
7290014094796,false,משמש מיובש ששון הקול,"דין שיווק וקליה בע""מ",,משמש בשקית 300 גרם,גרמים,300.00,100 גרם,false,1,16.90,5.6333,true,1,33443
7290014094826,false,שזיפים מיובשים מגולע,"דין שיווק וקליה בע""מ",,שזיף מגולען 300 גרם,גרמים,300.00,100 גרם,false,1,16.90,5.6333,true,1,33444
7290014094833,false,צימוקים בהירים ששון,"דין שיווק וקליה בע""מ",,צימוק לבן שקית 300 גרם,גרמים,300.00,100 גרם,false,1,13.90,4.6333,true,1,15652
7290014094840,false,צימוקים כהים ששון הק,"דין שיווק וקליה בע""מ",,צימוק חום שקית 300 גרם,גרמים,300.00,100 גרם,false,1,13.90,4.6333,true,1,15653
7290014094857,false,פקאן סיני מסוכר ששון,"דין שיווק וקליה בע""מ",IL,פקאן סיני מסוכר 150 גרם,גרמים,150.00,100 גרם,false,1,17.90,11.9333,true,1,33395
7290014094864,false,פיסטוק קלוי ששון הקו,"דין שיווק וקליה בע""מ",IL,פיסטוק קלוי 170גרם,גרמים,170.00,100 גרם,false,1,18.90,11.1176,true,1,33421
7290014094895,true,אגוזים קלופים 150 גר,דין שיווק,IL,אגוזים קלופים 150 גרם,גרמים,150.00,100 גרם,false,1,11.90,7.9333,true,1,33406
7290014094901,false,פקאן טבעי ששון הקולה,"דין שיווק וקליה בע""מ",IL,פקאן טבעי 150גרם,גרמים,150.00,100 גרם,false,1,19.90,13.2667,true,1,33419
7290014095861,false,שיבולת שועל דקה להכנה מהירה,"דין שיווק וקליה בע""מ",IL,שיבולת שועל דקה 500 גרם שקדיה,גרמים,500.00,100 גרם,false,1,6.90,1.3800,true,1,10672
7290014095946,true,משוקלדים פקאן מריר 1,"שקדיה גבע בע""מ",IL,משוקלדים פקאן מריר 140 גר קופסא,גרמים,140.00,100 גרם,false,1,10.90,7.7857,true,1,33587
7290014095953,false,משוקלדים פקאן בשוקולד חלב 140 ג',שקדיה גבע בתעשיות עמ,IL,משוקלדים פקאן חלב 140 גר קופסא,גרמים,140.00,100 גרם,false,1,10.90,7.7857,true,1,33561
7290014095960,false,שיבולת שועל עבה להכנה מהירה,"דין שיווק וקליה בע""מ",IL,שיבולת שועל עבה 500 גרם שקדיה,גרמים,500.00,100 גרם,false,1,6.90,1.3800,true,1,10673
7290014126428,false,סוכרלוז סטיביה 150 ג,מיוצר עי קונדיטוריית,CN,סטיביה 150 טבליות 150 גרם,גרמים,150.00,100 גרם,false,1,26.90,17.9333,true,1,126819
7290014138988,true,כוסיות עם שמן ופתיל,,,כוסיות עם שמן ופתיל,יחידה,1.00,יחידה,false,1,64.90,64.9000,true,1,5898
7290014217003,false,תבלין פפריקה מעושנת מיכל 90ג',תות ממתקי איכות,IL,"תבליני טעם וריח, פפריקה בטעם מעושן, 90 גרם",גרמים,90.00,100 גרם,false,1,9.90,11.0000,true,1,122
7290014217010,false,תבלין תיבול דגים מיכל 90גר,תבליני טעם וריח,IL,"תבליני טעם וריח T-BUL תערובת תיבול לדגים, 90 גרם",גרמים,90.00,100 גרם,false,1,13.90,15.4444,true,1,123
7290014217027,false,תבלין טי בול לעוף 120 גר',תות ממתקי איכות,IL,"תבליני טעם וריח T-BUL תערובת תיבול לעוף, 120 גרם",גרמים,120.00,100 גרם,false,1,13.90,11.5833,true,1,124
7290014217065,false,תבלין אורגנו עלים 30 גר',תות ממתקי איכות,IL,תבליני טעם וריח אורגנו 100% 30 גרם,Unknown,0.00,Unknown,false,1,9.90,0.0000,true,1,125135
7290014217119,false,תערובת לצ'יפס מיכל 100 ג',תות ממתקי איכות,IL,"תבליני טעם וריח תערובת תיבול לצ'יפס, 100 גרם",Unknown,0.00,Unknown,false,1,9.90,0.0000,true,1,133
7290014217140,false,תבלין ראס אל חנות טעם וריח 100ג',תות ממתקי איכות,IL,תבליני טעם וריח ראס אל חנות 100 גרם,גרמים,100.00,100 גרם,false,1,9.90,9.9000,true,1,136
7290014217157,false,תערובת תיבול טוסקנה מיכל 120 גר,תות ממתקי איכות,IL,תבליני טעם וריח תערובת תיבול טוסקנה 120 גרם,גרמים,120.00,100 גרם,false,1,9.90,8.2500,true,1,137
7290014217164,false,תבלין פטרוזיליה מיכל גדול 20 ג',תות ממתקי איכות,IL,תבליני טעם וריח פטרוזיליה 100% 20 גרם,גרמים,20.00,100 גרם,false,1,9.90,49.5000,true,1,138
7290014217171,false,תערובת תיבול תיבול גריל דג מיכל 100ג',תות ממתקי איכות,IL,תבליני טעם וריח תערובת תיבול גריל דג 100 גרם,Unknown,0.00,Unknown,false,1,9.90,0.0000,true,1,139
7290014217201,false,תערובת תיבול סומק 45 ג',תות ממתקי איכות,IL,תבליני טעם וריח מיכל קטן סומק 45 גרם,גרמים,45.00,100 גרם,false,1,6.90,15.3333,true,1,11807
7290014217225,false,תבלין גריל עוף מיכל 120גר,תות ממתקי איכות,IL,"תבליני טעם וריח, תערובת תיבול גריל עוף, 120 גרם",גרמים,120.00,100 גרם,false,1,9.90,8.2500,true,1,126444
7290014217263,false,תערובת תיבול לפרגיות 100ג',תות ממתקי איכות,IL,"תבליני טעם וריח תערובת תיבול לפרגיות, 100 גרם",גרמים,100.00,100 גרם,false,1,9.90,9.9000,true,1,143
7290014217348,false,צ'ילי כתוש חריף (פלפל קיינה),תות ממתקי איכות,IL,תבליני טעם וריח צ'ילי גרוס חריף 70 גרם,גרמים,0.00,100 גרם,false,1,9.90,0.0000,true,1,131
7290014217355,false,תבלין אבקת קרי מיכל 100ג',תות ממתקי איכות,IL,"תבליני טעם וריח, אבקת קארי, 100 גרם",Unknown,0.00,Unknown,false,1,9.90,0.0000,true,1,132
7290014217362,false,תבלין תיבול לקציצות מיכל 100 ג',תות ממתקי איכות,IL,תבליני טעם וריח תערובת תיבול לקציצות 100 גרם,Unknown,0.00,Unknown,false,1,9.90,0.0000,true,1,126496
7290014217386,false,מרינדה צ'ילי חריף 80 גר',תבליני טעם וריח,IL,תבליני טעם וריח תערובת תיבול למרינדת עוף 80 גרם,גרמים,80.00,100 גרם,false,1,11.90,14.8750,true,1,28965
7290014217485,false,תערובת תיבול קייג'ון,תות ממתקי איכות,IL,"תבליני טעם וריח, קיי'גון",גרמים,100.00,100 גרם,false,1,9.90,9.9000,true,1,13758
7290014217492,false,תבלין פילדלפיה תערובת 100 גר,תות ממתקי איכות,IL,תבליני טעם וריח תערובת תיבול פילדלפיה 100 גרם,גרמים,100.00,100 גרם,false,1,9.90,9.9000,true,1,13759
7290014217607,false,מטחנת מלח הימלאיה 10,יוליניבר,IL,תבליני טעם מטחנה מלח הימלאיה 100 גרם,גרמים,100.00,100 גרם,false,1,11.90,11.9000,true,1,20679
7290014217911,false,תבלין פלפל אדום מתוק בשקית 150 גר,יוליניבר,IL,תבליני טעם וריח פלפל מתוק שלם 150 גרם,גרמים,150.00,100 גרם,false,1,13.90,9.2667,true,1,13214
7290014218321,false,בורקס אישי גבינה מעדנות 600 ג',מיוצר עי קונדיטוריית,IL,בורקס יפו גבינה 4 יח 600 גרם,גרמים,600.00,100 גרם,false,1,21.90,3.6500,true,1,127940
7290014218338,false,בורקס יפו במילוי תפוחי אדמה,מיוצר עי קונדיטוריית,IL,בורקס יפו תפוא 4 יח 600 גרם,גרמים,600.00,100 גרם,false,1,17.90,2.9833,true,1,127941
7290014218536,false,"בצק עלים מופחת שומן מעדנות 1 ק""ג","מעדנות בע""מ",IL,"בצק עלים מופחת שומן 1 ק""ג",קילוגרמים,1.00,"ק""ג",false,1,25.40,25.4000,true,1,128736
7290014218932,false,חטיפי פיצה בתוספת זיתים 710 ג' מעדנות,מיוצר עי קונדיטוריית,IL,חטיפי פיצה בתוספת זיתים בשקית 710 גרם,גרמים,710.00,100 גרם,false,1,34.90,4.9155,true,1,13962
7290014256620,false,יין אדום מתוק מבעבע Buzz קריניאנו,יקבי כרמל Carmel Winery,IL,"יין BUZZ קריניאנו 750 מ""ל",מיליליטרים,750.00,"100 מ""ל",false,1,31.90,4.2533,true,1,8875
7290014256637,false,יין לבן מתוק מבעבע Buzz מוסקטו,יקבי כרמל Carmel Winery,IL,"יין BUZZ מוסקטו 750 מ""ל",מיליליטרים,750.00,"100 מ""ל",false,1,31.90,4.2533,true,1,495
7290014298491,false,עציץ סבונים בטון,יושלם,,מארז סבון דקורטיבי,יחידה,1.00,יחידה,false,1,24.90,24.9000,true,1,126065
7290014318281,true,מחית כמהין 5% 90 גרם,,IT,מחית כמהין 5% 90 גרם,גרמים,90.00,100 גרם,false,1,49.90,55.4444,true,1,35942
7290014321007,false,"שמן קוקוס 350 מ""ל או",כפרי בריא,,"שמן קוקוס 350 מ""ל וואן טרייב",מיליליטרים,350.00,"100 מ""ל",false,1,34.90,9.9714,true,1,10605
7290014321014,true,שמן קוקוס אורגני 1 ל,סרנדיפול,LK,שמן קוקוס אורגני,ליטרים,1.00,ליטר,false,1,70.90,70.9000,true,1,5910
7290014321199,false,LESS&MOR קרקר פשתן צ,"ל.ב. סחר ושיווק בע""מ",IL,LESS&MOR קרקר פשתן צילי פיקנטי 125גרם,גרמים,125.00,100 גרם,false,1,24.90,19.9200,true,1,35996
7290014321205,false,LESS&MORE קרקר גרעי,"ל.ב. סחר ושיווק בע""מ",IL,LESS&MORE קרקר גרעיני פשתן  125 גרם,גרמים,125.00,100 גרם,false,1,24.90,19.9200,true,1,35994
7290014321212,false,LESS&MOREקרקר פשתן ו,"ל.ב. סחר ושיווק בע""מ",IL,LESS&MOREקרקר פשתן ושום 125גרם,גרמים,125.00,100 גרם,false,1,24.90,19.9200,true,1,35995
7290014325050,false,קורנפלור מיה 500 גרם,מיה תעשיות מזון בעמ,IL,קורנפלור מיה 500 גרם,גרמים,500.00,100 גרם,false,1,7.90,1.5800,true,1,37676
7290014343450,false,עוגת פס גבינה פירורי,נטלי,,עוגת פס גבינה פירורים בן עמי,יחידה,1.00,יחידה,false,1,62.90,62.9000,true,1,21813
7290014343467,false,עוגת פס גאיה בן עמי,נטלי,,עוגת פס גאיה בן עמי,יחידה,1.00,יחידה,false,1,62.90,62.9000,true,1,21818
7290014343498,false,פס מוס גבינה פירורים,נטלי פלוס בעמ,IL,פס מוס גבינה פירורים ללא תוספת סוכר חלבי,גרמים,600.00,100 גרם,false,1,62.90,10.4833,true,1,34266
7290014343542,false,עוגת פס טריקולד בן ע,נטלי,,עוגת פס טריקולד בן עמי,יחידה,1.00,יחידה,false,1,62.90,62.9000,true,1,21814
7290014343559,false,עוגת פס רפאלה בן עמי,נטלי,,עוגת פס רפאלה בן עמי,יחידה,1.00,יחידה,false,1,62.90,62.9000,true,1,21815
7290014343566,false,פס מוס מרקיז שוקולד,"נטלי פלוס בע""מ",IL,פס מוס מרקיז שוקולד פרווה,גרמים,750.00,100 גרם,false,1,54.90,7.3200,true,1,34086
7290014343573,false,עוגת פס פררה בן עמי,נטלי,,עוגת פס פררה בן עמי,יחידה,1.00,יחידה,false,1,62.90,62.9000,true,1,21819
7290014343580,false,עוגת פס אלפחורס בן ע,נטלי,,עוגת פס אלפחורס בן עמי,יחידה,1.00,יחידה,false,1,62.90,62.9000,true,1,21816
7290014343634,false,פס מוס קונקורד ללא ק,נטלי פלוס בעמ,IL,פס מוס קונקורד ללא קמח פרווה,גרמים,450.00,100 גרם,false,1,54.90,12.2000,true,1,34087
7290014343641,false,עוגת פס מוס אוראו ב,נטלי,,עוגת פס מוס אוראו בן עמי,יחידה,1.00,יחידה,false,1,62.90,62.9000,true,1,21817
7290014343658,false,עוגת פס מוס לוטוס ב,נטלי,IL,עוגת פס מוס לוטוס בן עמי,יחידה,1.00,יחידה,false,1,62.90,62.9000,true,1,21820
7290014343764,false,סברינה מנה אישית חלבי 330 גר',"נטלי פלוס בע""מ",IL,סברינה מנה אישית חלבי,גרמים,340.00,100 גרם,false,1,19.90,5.8529,true,1,34088
7290014343788,false,פס מוס אוראו פרווה,נטלי פלוס בעמ,IL,פס מוס אוראו פרווה,גרמים,690.00,100 גרם,false,1,54.90,7.9565,true,1,34089
7290014343917,false,פס מוס מוצרט ללא קמח,נטלי פלוס בעמ,IL,פס מוס מוצרט ללא קמח פרווה,גרמים,480.00,100 גרם,false,1,54.90,11.4375,true,1,34091
7290014369269,false,שלגון MOJO קוקוס אננ,פיקסל,IL,שלגון MOJO קוקוס אננס 69 גרם,גרמים,69.00,100 גרם,false,1,9.90,14.3478,true,1,30062
7290014369306,false,שלגון תות שדה טבעי מ,איתלק,IL,שלגון MOJO תות שדה טבעי 70 גרם,גרמים,70.00,100 גרם,false,1,9.90,14.1429,true,1,18671
7290014369337,false,שלגון מנגו טרופי טבע,איתלק,IL,שלגון MOJO מנגו טרופי טבעי 70 גרם,גרמים,70.00,100 גרם,false,1,9.90,14.1429,true,1,18674
7290014369382,false,שלגון פיסטוק טבעי מו,איתלק,IL,שלגון MOJO פיסטוק מובחר טבעי 70 גרם,גרמים,70.00,100 גרם,false,1,9.90,14.1429,true,1,18677
7290014369412,false,שלגון MOJO שוקולד בל,איתלק,IL,שלגון MOJO שוקולד בלגי 70 גרם,גרמים,70.00,100 גרם,false,1,9.90,14.1429,true,1,18678
7290014369450,false,שלגון קוקוס ואננס טב,,,קוקוס ואננס טבעיים,יחידה,1.00,יחידה,false,1,9.90,9.9000,true,1,21017
7290014369535,false,מאגדת מוג'ו תות שדה,פיקסל,IL,מאגדת 1/5 MOJO מיני תות שדה 215 גרם,גרמים,215.00,100 גרם,false,1,27.90,12.9767,true,1,23666
7290014369542,false,מאגדת מוג'ו סורבה קו,פיקסל,IL,מאגת 1/5 MOTO מיני סורבה קוקוס 210 גרם,גרמים,210.00,100 גרם,false,1,27.90,13.2857,true,1,23664
7290014369559,false,מאגדת מוג'ו מנגו א,פיקסל,IL,מאגדת 1/5 MOJO מיני מנגו אננס ופסיפלורה,גרמים,210.00,100 גרם,false,1,27.90,13.2857,true,1,23665
7290014369566,false,מאגדת 1/5 MOJO מיני,פיקסל,IL,מאגדת 1/5 MOJO מיני סורבה קוקוס + שוקולד,גרמים,240.00,100 גרם,false,1,27.90,11.6250,true,1,23667
7290014369573,false,מאגדת קוקוס ואננס טב,פיקסל,IL,מאגדת 1/5 MOJO מיני קוקוס ואננס + פיסטוק 244 גרם,גרמים,244.00,100 גרם,false,1,27.90,11.4344,true,1,23668
7290014369580,false,פיינט תות שדה טבעי 5,גלידת אילו,IL,פיינט תות שדה טבעי 500 מל,גרמים,500.00,100 גרם,false,1,27.90,5.5800,true,1,30710
7290014369597,false,פיינט מנגו אננס ופסי,גלידת אילו,IL,פיינט מנגו אננס ופסיפלורה טבעיים 500 מל,גרמים,500.00,100 גרם,false,1,27.90,5.5800,true,1,30711
7290014369610,false,פיינט פיסטוק טבעי מו,גלידת אילו,IL,פיינט פיסטוק טבעי מובחר עם שברי פיסטוק 500 מל,גרמים,500.00,100 גרם,false,1,27.90,5.5800,true,1,30712
7290014369689,false,"מארז שלוקים 315 מ""ל",גלידת אילו,IL,"מארז שלוקים 315 מ""ל מוגו",מיליליטרים,315.00,"100 מ""ל",false,1,21.90,6.9524,true,1,32979
7290014369856,false,מאגדת מיני שלגונים ק,גלידת אילו,IL,מאגדת מיני שלגונים קוקוס אננס ופיטאיה 205גרם,גרמים,205.00,100 גרם,false,1,27.90,13.6098,true,1,35785
7290014397170,false,"פרש מיכל מילוי אוטומטיק סופט בלאנס 250 מ""ל סנו",מיוצר עי קונדיטוריית,IL,סנו פרש מיכל מילוי בניחוח SOFT BALANCE,מיליליטרים,165.00,"100 מ""ל",false,1,17.90,10.8485,true,1,10384
7290014397453,false,מסיר כתמים לכביסה לבנה אוקסיג'ן ג'ל,סנו אוקסיג'ן,IL,סנו אוקסיגין וויט,ליטרים,3.00,ליטר,false,1,34.60,11.5333,true,1,125724
7290014397507,false,"מטהר אויר פרש הום פריחת יסמין 350מ""ל",מיוצר עי קונדיטוריית,IL,סנו פרש מבשם לבית מאסק מעודן 350 מל,מיליליטרים,350.00,"100 מ""ל",false,1,15.90,4.5429,true,1,125428
7290014397514,false,"סנו פרש הום מבשם כותנה מלטפת 350מ""ל","סנו מפעלי ברונוס בע""",IL,פרש הום מבשם לבית כותנה מלטפת 350 מל,מיליליטרים,350.00,"100 מ""ל",false,1,15.90,4.5429,true,1,125429
7290014397538,false,פרש Home מבשם לבית בוקר אביבי,סנו מפעלי ברונוס בעמ,IL,פרש הום מבשם לבית סבון מפנק 350 מל,מיליליטרים,350.00,"100 מ""ל",false,1,15.90,4.5429,true,1,125431
7290014397767,false,סנו ריצפז פרש הום 2 ליטר בניחוח כותנה-מרכז,"סנו מפעלי ברונוס בע""",IL,ריצפז פרש הום כותנה מלטפת 2 ליטר,ליטרים,2.00,ליטר,false,1,21.90,10.9500,true,1,11574
7290014435803,false,מטיאס הולנדי (פרובנציאל) עם בצל בשמן 180 גרם,שבעת הימים - שמיר,IL,מטיאס הולנדי עם בצל בשמן 180 גרם,גרמים,180.00,100 גרם,false,1,20.90,11.6111,true,1,126179
7290014435810,false,הרינג כבוש ובצל במרינת חמוץ מתוק שמיר 180 ג',שבעת הימים - שמיר,IL,הרינג כבוש עם בצל 180 גרם,גרמים,180.00,100 גרם,false,1,20.90,11.6111,true,1,126181
7290014435827,false,פילה מקרל מעושן בשמן שמיר 180 ג',שבעת הימים - שמיר,IL,"פילה מקרל מעושן בשמן 190 גר """,גרמים,190.00,100 גרם,false,1,27.90,14.6842,true,1,126177
7290014435834,false,מקרל מעושן פרוס בשמן 180 גרם,שבעת הימים - שמיר,IL,מקרל מעושן פרוס בשמן 180 גרם,גרמים,180.00,100 גרם,false,1,27.90,15.5000,true,1,126178
7290014435872,false,סלט הרינג ומיונז שמיר 250ג',שבעת הימים - שמיר,IL,סלט הרינג עם מיונז 180 גרם,גרמים,180.00,100 גרם,false,1,20.90,11.6111,true,1,126182
7290014435889,false,סלט מטיאס עם מיונז 180 גרם,שבעת הימים - שמיר,IL,סלט מטיאס עם מיונז 180 גרם,גרמים,180.00,100 גרם,false,1,20.90,11.6111,true,1,126183
7290014435896,false,סלט סלומון עם מיונז 180 גר',שבעת הימים - שמיר,IL,סלט סלמון עם מיונז 180 גרם,גרמים,180.00,100 גרם,false,1,24.90,13.8333,true,1,126185
7290014441002,true,קיש תרד ומוצרלה,קייטרינג שניר,IL,קיש תרד ומוצרלה,לא מנהל יחידת מידה,0.00,לא מנהל יחידת מידה,false,1,51.90,0.0000,true,1,11435
7290014441019,true,קיש פלפל וגבינת פטה,קייטרינג שניר,IL,קיש פלפל וגבינת פטה,לא מנהל יחידת מידה,0.00,לא מנהל יחידת מידה,false,1,51.90,0.0000,true,1,11484
7290014441026,true,קיש בטטה ושום,קייטרינג שניר,IL,קיש בטטה ושום,לא מנהל יחידת מידה,0.00,לא מנהל יחידת מידה,false,1,51.90,0.0000,true,1,11485
7290014441033,true,קיש פטריות ושקדים,קייטרינג שניר,IL,קיש פטריות ושקדים,לא מנהל יחידת מידה,0.00,לא מנהל יחידת מידה,false,1,51.90,0.0000,true,1,11486
7290014441040,true,קיש ברוקולי וקישוא,קייטרינג שניר,IL,קיש ברוקולי וקישוא,לא מנהל יחידת מידה,0.00,לא מנהל יחידת מידה,false,1,51.90,0.0000,true,1,11487
7290014441057,true,קיש בצל וצנובר,קייטרינג שניר,IL,קיש בצל וצנובר,לא מנהל יחידת מידה,0.00,לא מנהל יחידת מידה,false,1,51.90,0.0000,true,1,11488
7290014441064,true,קיש ירקות קלויים,קייטרינג שניר,IL,קיש ירקות קלויים,לא מנהל יחידת מידה,0.00,לא מנהל יחידת מידה,false,1,51.90,0.0000,true,1,11489
7290014441095,true,קיש גבינוות,קייטרינג שניר,IL,קיש גבינוות,לא מנהל יחידת מידה,0.00,לא מנהל יחידת מידה,false,1,51.90,0.0000,true,1,11492
7290014441101,true,קיש גבינות מעושנות,קייטרינג שניר,IL,קיש גבינות מעושנות,לא מנהל יחידת מידה,0.00,לא מנהל יחידת מידה,false,1,51.90,0.0000,true,1,11493
7290014441118,true,לזניה עגבניות וריחן,קייטרינג שניר,IL,לזניה עגבניות וריחן,לא מנהל יחידת מידה,0.00,לא מנהל יחידת מידה,false,1,51.90,0.0000,true,1,11494
7290014441125,true,לזניה חצילים ועגבניו,קייטרינג שניר,IL,לזניה חצילים ועגבניות,לא מנהל יחידת מידה,0.00,לא מנהל יחידת מידה,false,1,51.90,0.0000,true,1,11495
7290014441132,true,לזניה תרד וריקוטה,קייטרינג שניר,IL,לזניה תרד וריקוטה,לא מנהל יחידת מידה,0.00,לא מנהל יחידת מידה,false,1,51.90,0.0000,true,1,11496
7290014441149,true,לזניה פטריות,קייטרינג שניר,IL,לזניה פטריות,לא מנהל יחידת מידה,0.00,לא מנהל יחידת מידה,false,1,51.90,0.0000,true,1,11497
7290014441217,true,פילו צאן תרד,קייטרינג שניר,IL,פילו צאן תרד,לא מנהל יחידת מידה,0.00,לא מנהל יחידת מידה,false,1,54.90,0.0000,true,1,11498
7290014441224,true,מיני תרד פלפל בטטה,קייטרינג שניר,IL,מיני תרד פלפל בטטה,לא מנהל יחידת מידה,0.00,לא מנהל יחידת מידה,false,1,54.90,0.0000,true,1,11499
7290014441231,true,מיני פטריות בצל ברוק,קייטרינג שניר,IL,מיני פטריות בצל ברוקולי,לא מנהל יחידת מידה,0.00,לא מנהל יחידת מידה,false,1,54.90,0.0000,true,1,11500
7290014441248,true,פילו צאן חציל,קייטרינג שניר,IL,פילו צאן חציל,לא מנהל יחידת מידה,0.00,לא מנהל יחידת מידה,false,1,54.90,0.0000,true,1,11501
7290014441255,true,פילו צאן פטריות,קייטרינג שניר,IL,פילו צאן פטריות,לא מנהל יחידת מידה,0.00,לא מנהל יחידת מידה,false,1,54.90,0.0000,true,1,11502
7290014451018,false,ספוג כלים אקולוגי 4,ספונג'ס,CA,ספוג לשטיפת כלים,לא מנהל יחידת מידה,0.00,לא מנהל יחידת מידה,false,1,16.90,0.0000,true,1,5932
7290014451025,false,סקוצ קרצוף אקולוגי ל,ספונג'ס,CA,ספוג קרצוף לניקוי כללי 4 יח Green Flash,לא מנהל יחידת מידה,0.00,לא מנהל יחידת מידה,false,1,12.90,0.0000,true,1,5933
7290014451230,false,נייר אפייה טבעי 30 ד,גרין פלאש,IL,נייר אפייה טבעי לאפייה בריאה,לא מנהל יחידת מידה,0.00,לא מנהל יחידת מידה,false,1,17.90,0.0000,true,1,14000
7290014451247,false,גליל מטליות במבוק 92,גרין-פלאש,IL,מגבות רב פעמיות מבמבוק,לא מנהל יחידת מידה,0.00,לא מנהל יחידת מידה,false,1,19.90,0.0000,true,1,14001
7290014455245,false,גבינת גרנה פדנו משולש 29% 200 גרם בית יוסף,מחלבת סוציאלה מנטובה,IT,גבינת פדנו משולש 200 גרם גד,גרמים,200.00,100 גרם,false,1,27.90,13.9500,true,1,127738
7290014455252,false,גבינה קשה מגורדת גרנה פדנו 29% שומן,מחלבות גד שיווק 1992,IT,גד גרנה פדנו גבינה קשה מגוררדת 29% שומן,גרמים,100.00,100 גרם,false,1,13.90,13.9000,true,1,127739
7290014455320,false,גבינה כדורי מוצרלה פרסקה גד 100ג',מחלבות גד בעמ,IL,גד מוצרלה פרסקה מחלב בקר 18% שומן,גרמים,100.00,100 גרם,false,1,9.90,9.9000,true,1,127139
7290014455627,false,יוגורט עיזים עם דובדבן אמרנה,מיוצר עי קוד יצרן MK,IL,יוגורט עיזים עם דובדבן אמרנה 125 גרם גד,גרמים,125.00,100 גרם,false,1,6.50,5.2000,true,1,128487
7290014459137,false,"צ'יפס תפוגן סטייק 1.5 ק""ג","תעשיות תפוגן בע""מ",IL,תפוגן סטייק צ'יפס 8*1.5קג,קילוגרמים,1.50,"ק""ג",false,1,26.90,17.9333,true,1,25610
7290014466463,false,"יין הר חרמון מסקטו עברית 750 מ""ל",יקב רמת הגולן,IL,"הר חרמון מוסקטו 2020 750 מ""ל",מיליליטרים,750.00,"100 מ""ל",false,1,33.90,4.5200,true,1,125870
7290014466609,false,יין גמלא מרלו 2012 750 מ,יקב רמת הגולן,IL,"גמלא השמורה מרלו 2016 יין אדום יבש, 750 מל",מיליליטרים,750.00,"100 מ""ל",false,1,64.90,8.6533,true,1,127832
7290014472136,false,גרעין שחור קלוי ששון הקולה 150 ג',דין שיווק,IL,גרעין שחור קלוי 150גרם,גרמים,150.00,100 גרם,false,1,5.90,3.9333,true,1,33527
7290014472228,false,תאנים בקופסא 330גרם,"דין שיווק וקליה בע""מ",,תאנים בקופסא 330 גרם,גרמים,330.00,100 גרם,false,1,22.90,6.9394,true,1,33462
7290014472471,false,גרעינים שחור ענק 200גר' פרימיום,דין שיווק,IL,גרעין שחור ענק פרימיום 200גרם,גרמים,200.00,100 גרם,false,1,6.90,3.4500,true,1,33434
7290014472488,false,שקד קלוי ענק 250גר' פרימיום,דין שיווק,IL,שקד קלוי ענק 250גרם פרימיום,גרמים,250.00,100 גרם,false,1,25.90,10.3600,true,1,33437
7290014472495,false,קשיו קלוי ענק פרימיו,דין שיווק,IL,קשיו קלוי ענק 250גרם פרימיום,גרמים,250.00,100 גרם,false,1,23.90,9.5600,true,1,33436
7290014472501,false,פיסטוק קלוי ענק 250 ג' פרימיום,דין שיווק,IL,פיסטוק קלוי ענק פרימיום 250גרם,גרמים,250.00,100 גרם,false,1,25.90,10.3600,true,1,33435
7290014472518,false,בוטן קלוי ענק פרימיו,דין שיווק,IL,בוטן קלוי ענק פרימיום 250גרם,גרמים,250.00,100 גרם,false,1,9.90,3.9600,true,1,33433
7290014472525,false,תערובת פיצוחים מובחר,דין שיווק,IL,תערובת פיצוחים 250 גרם פרימיום,גרמים,250.00,100 גרם,false,1,22.90,9.1600,true,1,33438
7290014503137,false,יין דלתון יובלים אדו,"איי, בי, אינבוו",IL,"יין דלתון כנען אדום 750 מ""ל",מיליליטרים,750.00,"100 מ""ל",false,1,49.90,6.6533,true,1,128703
7290014503144,false,יין דלתון יובלים לבן,"איי, בי, אינבוו",IL,"יין דלתון כנען לבן 750 מ""ל",מיליליטרים,750.00,"100 מ""ל",false,1,49.90,6.6533,true,1,128704
7290014525665,false,מרבה על חלל עוגיות קקאו וסוכריות שוק חלב 140 יח',"מרבה בע""מ",NL,מרבה עוגיות עם סוכריות שוקולד חלב צבעוניות 140 גרם,גרמים,140.00,100 גרם,false,1,9.90,7.0714,true,1,29450
7290014525672,false,מרבה על חלל עוגיות עם סוכריות שוקולד 140 יח',"מרבה בע""מ",NL,מרבה עוגיות עם סוכריות שוקולד חלב צבעוניות,גרמים,140.00,100 גרם,false,1,9.90,7.0714,true,1,29940
7290014548459,false,גבינה צפתית עיזים 5%,חוות רום,,גבינה צפתית עיזים 5% גלילי 200 גרם,גרמים,200.00,100 גרם,false,1,27.50,13.7500,true,1,11619
7290014548466,false,גבינה פטה עיזים 5% ג,חוות רום,,גבינה פטה עיזים 5% גלילי 200 גרם,גרמים,200.00,100 גרם,false,1,31.90,15.9500,true,1,11620
7290014548572,false,גבינה צרקסית עיזים ע,חוות רום,,גבינה צרקסית עיזים ע.תיבול 12% 200 גרם,גרמים,200.00,100 גרם,false,1,26.90,13.4500,true,1,11622
7290014581036,false,"פחם טבעי קטן 2 ק""ג",,,"פחם להבה 2 ק""ג",קילוגרמים,2.00,"ק""ג",false,1,14.90,7.4500,true,1,23305
7290014612129,false,סבון מוצק מארז 125X3,פלומה,IL,סבון מוצק מארז 125X3 גר אורגני -קלאסי-LO,גרמים,375.00,100 גרם,false,1,36.90,9.8400,true,1,134444
7290014648906,false,לה בלה מסיר לק מהציפ,אקטיב,IL,"אציטון לה בל 100 מ""ל",מיליליטרים,100.00,"100 מ""ל",false,1,5.90,5.9000,true,1,24007
7290014673007,false,תערובת עשבי תיבול בס,א.ל ייצור ושיווק תבל,IL,תערובת עשבי תיבול בסגנון ים תיכוני 40 גר,גרמים,40.00,100 גרם,false,1,10.90,27.2500,true,1,34131
7290014673021,true,פלפל שחור שלם 100ג,א.ל ייצור ושיווק תבל,IL,תבליני מימון פלפל שחור שלם 100 גרם,גרמים,100.00,100 גרם,false,1,13.90,13.9000,true,1,7706
7290014673045,false,תערובת תיבול לציפס 1,א.ל ייצור ושיווק תבל,IL,תערובת תיבול לציפס 100 גרם,גרמים,100.00,100 גרם,false,1,10.90,10.9000,true,1,34134
7290014673052,false,תערובת תיבול לתפוחי,א.ל ייצור ושיווק תבל,IL,תערובת תיבול לתפוחי אדמה 120 גרם,גרמים,120.00,100 גרם,false,1,10.90,9.0833,true,1,34135
7290014673137,false,תערובת תיבול לפיצה 1,א.ל ייצור ושיווק תבל,IL,תערובת תיבול לפיצה 100 גרם,גרמים,100.00,100 גרם,false,1,10.90,10.9000,true,1,34133
7290014673359,false,מלח לימון 400 גרם,TLV צ'יף,IL,תבליני מימון מלח לימון בצנצנת 400 גרם,גרמים,400.00,100 גרם,false,1,25.90,6.4750,true,1,9475
7290014673366,false,מימון כורכום טחון 25,TLV צ'יף,IL,תבליני מימון כורכום טחון בצנצנת 250 גרם,גרמים,250.00,100 גרם,false,1,21.90,8.7600,true,1,9476
7290014673397,false,מימון תיבול לגריל עו,TLV צ'יף,IL,"תבליני מימון תערובת לתיבול גריל עוף, 250 גרם",גרמים,250.00,100 גרם,false,1,21.90,8.7600,true,1,26352
7290014673403,false,פלפל שחור טחון 250 גרם,TLV צ'יף,IL,תבליני מימון פלפל שחור טחון בצנצנת 250 גרם,גרמים,250.00,100 גרם,false,1,29.90,11.9600,true,1,9479
7290014692299,false,גבינת ברי 125 ג' קסטיאלו ויליפוד,יורו צ'יז Euro Cheese,DK,גבינת ברי קסטלו יורו 125 גרם,גרמים,125.00,100 גרם,false,1,22.90,18.3200,true,1,125779
7290014692305,false,גבינת קממבר 125ג' CASTELLO ויליפוד,הנסיך- מפעל לייצור ט,DK,גבינת קממבר סטלו יורו 125 גרם,גרמים,125.00,100 גרם,false,1,22.90,18.3200,true,1,125780
7290014692541,false,גבינת מגורדת 500ג' GOLDEN,ג.וילי פוד אינטרנשיו,IL,צהובה מגורדת,גרמים,500.00,100 גרם,false,1,19.90,3.9800,true,1,126876
7290014692565,false,וילי פוד גרעיני תירס 320 גרם,אקו קונסרויפרי קי.אפ,HU,ויליפוד גרעיני תירס מתוק 320 גרם,גרמים,320.00,100 גרם,false,1,5.90,1.8438,true,1,10094
7290014692817,false,גבינת מוצרלה מגורדת 200 ג' EURO CHEESE ויליפוד,הנסיך- מפעל לייצור ט,IL,גבינת מוצרלה מגורדת 200גרם E,גרמים,200.00,100 גרם,false,1,16.90,8.4500,true,1,12994
7290014749078,false,עוף טוב מקלוני קבנוס 200 גר',עיצובים 2020 (4.9),IL,עוף טוב מקלוני קבנוס 12*200גרם,גרמים,200.00,100 גרם,false,1,17.90,8.9500,true,1,20843
7290014749245,false,ספיישל רצועות שניצל שומשום עוף טוב 600 גרם,מוצרי עוף טוב (2001),IL,עוף טוב ספיישל רצועות שניצל שמשם.12*600ג,גרמים,600.00,100 גרם,false,1,36.90,6.1500,true,1,22603
7290014749764,false,עוף טוב שניצל עוף ביתי עדין 700,מוצרי עוף טוב (2001),IL,עוף טוב שניצל עוף ביתי עדין כזה 700גרם,לא מנהל יחידת מידה,0.00,לא מנהל יחידת מידה,false,1,44.90,0.0000,true,1,23627
7290014749849,false,שניצל דק ענק קריספי שומשום עוף טוב 720 גר',מולינו ניקולי s.p.a,IL,שניצל דקענק קריספי שומשום עוף טוב 720גר,גרמים,720.00,100 גרם,false,1,39.90,5.5417,true,1,29819
7290014749863,false,שניצל דק ענק קריספי צ'יפס עוף טוב 720 גר',מוצרי עוף טוב (2001),IL,שניצל דקענק קריספי ציפס עוף טוב 720גרם,גרמים,720.00,100 גרם,false,1,39.90,5.5417,true,1,29820
7290014749887,false,עוף טוב שניצל עוף דק ענק קריספי קלאסי,מולינו ניקולי s.p.a,IL,שניצל דקענק קריספי קלאסי עוף טוב 720גר,גרמים,720.00,100 גרם,false,1,39.90,5.5417,true,1,29821
7290014758100,false,מאגדת יוגורט ביו 3% שומן 8 יח' *150ג' תנובה,מיוצר עי קונדיטוריית,IL,מאגדת יוגורט ביו 3% תנובה 8*150 גרם,קילוגרמים,1.20,"ק""ג",false,1,16.90,14.0833,true,1,125484
7290014758117,false,מאגדת יוגורט ביו 1.5% שומן 8 יח' *150 ג' תנובה,מיוצר עי קונדיטוריית,IL,מאגדת יוגורט ביו 1.5% תנובה 8*150 גרם,קילוגרמים,1.20,"ק""ג",false,1,16.90,14.0833,true,1,125485
7290014758162,false,חלב עיזים מלא 3.6% קרטון 1 ל' תנובה,תנובה מרכז שיתופי לש,IL,חלב עיזים קרטון 1 ליטר,ליטרים,1.00,ליטר,false,1,16.90,16.9000,true,1,125781
7290014758681,false,קוטג' תנובה 1% גביע 250 ג',מיוצר עי קונדיטוריית,IL,קוטג 1% תנובה 250 גרם,גרמים,250.00,100 גרם,false,1,5.70,2.2800,true,1,125486
7290014759084,false,גבינת שמנת 16% בטעם טבעי 225 ג' נפוליאון,תנובה מרכז שיתופי לש,IL,גבינת שמנת נפוליאון בסגנון צרפתי 225 גרם,גרמים,225.00,100 גרם,false,1,14.60,6.4889,true,1,125962
7290014759534,false,גבינה בולגרית למריחה טבעי 5% 200 ג' פיראוס,"תנובה, מחלבת תל יוסף",IL,גבינה בולגרית 5% למריחה 200 גרם,גרמים,200.00,100 גרם,false,1,15.50,7.7500,true,1,126049
7290014759909,false,פיראוס פטה עזים פיראוס 5% 250גר,"תנובה, מחלבת טנא נוג",IL,פטה עיזים 5% גבינה מלוחה מחלב עיזים במי מלח,גרמים,250.00,100 גרם,false,1,30.90,12.3600,true,1,126242
7290014759978,false,"גבינת קצקבל פלח גלעד 27%, 200 ג'",תנובה,IL,"קצ""קבל פלח 200 גרם קולקשיין",גרמים,200.00,100 גרם,false,1,28.90,14.4500,true,1,126079
7290014759985,false,"גבינת פרמזן גבע 23% פלח, 200 ג'",תנובה,IL,פרמזן פלח 200 גרם קולקשיין,גרמים,200.00,100 גרם,false,1,27.90,13.9500,true,1,126080
7290014759992,false,גבינת רוקפור גליל פלח 140 ג' תנובה,"תנובה, מחלבת תל יוסף",IL,גבינת רוקפור פלח 140 גרם קולקשיין,גרמים,140.00,100 גרם,false,1,20.90,14.9286,true,1,126051
7290014760134,false,מעדן סויה בטעם וניל אלטרנטיב,תנובה Alternative,IL,מעדן סויה ביו בטעם וניל 125 גרם,גרמים,125.00,100 גרם,false,1,4.20,3.3600,true,1,129935
7290014760141,true,משקה שקדים טרי 1 ליט,תות תעשיות מזון (201,IL,משקה שקדים טרי 1 ליטר,ליטרים,1.00,ליטר,false,1,13.90,13.9000,true,1,127311
7290014760448,false,גבינה צהובה גלבוע 400 גרם 22% שומן תנובה,מחלבת בית יצחק,IL,"גלבוע פרוסות גבינה חצי קשה, 22% שומן 400 גרם",גרמים,400.00,100 גרם,false,1,26.90,6.7250,true,1,126417
7290014761056,false,מעדן שוקולד חלב מעולה 123 ג' יולו,מיוצר עי קונדיטוריית,IL,YOLO מעדן שוקולד חלב מעולה 123 גרם,גרמים,123.00,100 גרם,false,1,4.70,3.8211,true,1,126847
7290014761063,false,מעדן שוקולד מריר מעולה 123 ג' יולו,מיוצר עי קונדיטוריית,IL,YOLO מעדן שוקולד מריר מעולה 123 גרם,גרמים,123.00,100 גרם,false,1,4.70,3.8211,true,1,126848
7290014761070,false,מעדן שוקולד לבן מעולה 123 ג' יולו,מיוצר עי קונדיטוריית,IL,YOLO מעדן שוקולד לבן מעולה 123 גרם,גרמים,123.00,100 גרם,false,1,4.70,3.8211,true,1,126849
7290014761193,true,יוגורט פירות יער,מיוצר עי קונדיטוריית,IL,פרילי פירות יער,גרמים,125.00,100 גרם,false,1,3.70,2.9600,true,1,127227
7290014761414,false,מעדן שכבות שוקולד חלב ולבן 123 ג' יולו,מיוצר עי קונדיטוריית,IL,YOLO מעדן שכבות שוקולד חלב ולבן 122 גרם,גרמים,123.00,100 גרם,false,1,4.70,3.8211,true,1,126851
7290014761612,false,מעדן עם שוקולד מריר ולבן 122 ג' יולו,מיוצר עי קונדיטוריית,IL,YOLO מעדן שכבות שוקולד מריר 123 גרם,גרמים,123.00,100 גרם,false,1,4.70,3.8211,true,1,127118
7290014762756,false,נפוליאון גבינת שמנת עם בצל 16% שומן,הרדוף חלב,IL,גבינת שמנת נפוליאון בצל 200 גרם,גרמים,200.00,100 גרם,false,1,14.60,7.3000,true,1,127934
7290014762800,false,מעדן סויה שוקולד גביע 125 גרם אלטרנטיב,תנובה מרכז שיתופי לש,IL,תנובה מעדן סויה שוקולד 2% שומן 125 גרם,גרמים,125.00,100 גרם,false,1,4.20,3.3600,true,1,129522
7290014762831,false,גבינת שמנת חלפיניו 24% שומן 225 ג' נפוליאון,תנובה מרכז שיתופי לש,IL,גבינת נפוליאון 24% חלפיניו 225 גרם,גרמים,225.00,100 גרם,false,1,14.60,6.4889,true,1,128246
7290014762848,false,גבינה צהובה מגורדת 22% שומן 500 ג' פתיתי גלבוע,גלבוע - תנובה,IL,פתיתי גלבוע 10% תוספת 550 גרם,גרמים,550.00,100 גרם,false,1,35.90,6.5273,true,1,129716
7290014762909,false,פתיתי מוצרלה 20% שומן 200 ג' השף הלבן,"תנובה, מחלבת תל יוסף",IL,פתיתי מוצרלה 10% תוספת השף הלבן,גרמים,200.00,100 גרם,false,1,19.90,9.9500,true,1,128150
7290014762947,false,לאבנה גלילית 11% שומן 750 ג' פיראוס,תנובה,IL,לאבנה גלילית 11%שומן 750 גרם,גרמים,750.00,100 גרם,false,1,27.90,3.7200,true,1,35443
7290014763098,false,קרם גבינת שמנת 5% עם פלפל שום ובצל 200 ג' תנובה,תנובה,IL,קרם גבינת שמנת 5% בניחוח טוסקנה 200 גרם,גרמים,200.00,100 גרם,false,1,12.30,6.1500,true,1,128137
7290014763272,false,יוגורט סויה BIO לשתייה תות ובננה אלטרנטיב,תות תעשיות מזון (201,IL,"משקה סויה ביו עם תות ובננה 250 מ""ל",מיליליטרים,250.00,"100 מ""ל",false,1,6.20,2.4800,true,1,128273
7290014785007,false,גרגרי טפיוקה קטנים,טעמי אסיה Taste of Asia,,פניני טפיוקה 500 גר,גרמים,500.00,100 גרם,false,1,8.90,1.7800,true,1,125506
7290014785069,false,רוטב מירין מתוק לבישול,טעמי אסיה Taste of Asia,CN,מירין 250 מל משובח מזרח,מיליליטרים,250.00,"100 מ""ל",false,1,11.90,4.7600,true,1,125869
7290014785168,false,שיראטקי ג'ל קונג'אק בצורת אטריות,ננטונג דינגבורג סיוי,CN,אטריות שירטאקה דקות,גרמים,200.00,100 גרם,false,1,9.90,4.9500,true,1,15603
7290014785175,false,שיראטקי אטריות קונג'אק עבות,ננטונג דינגבורג סיוי,CN,אטריות שירטאקה עבות,גרמים,200.00,100 גרם,false,1,9.90,4.9500,true,1,15604
7290014785991,true,רוטב סויה אסיה ללא ג,,,רוטב סויה אסיה ללא גלוטן,לא מנהל יחידת מידה,0.00,לא מנהל יחידת מידה,false,1,13.90,0.0000,true,1,17173
7290014821057,false,כבל AUX - אלומניום,,,כבל AUX - אלומניום,לא מנהל יחידת מידה,0.00,לא מנהל יחידת מידה,false,1,29.90,0.0000,true,1,21478
7290014821064,false,כבל גלקסי 2 מטר,,,כבל גלקסי 2 מטר,יחידה,1.00,יחידה,false,1,29.90,29.9000,true,1,21513
7290014821088,false,כבל אייפון מאושר אפל,,,כבל אייפון מאושר אפל 2.1,יחידה,1.00,יחידה,false,1,49.90,49.9000,true,1,21477
7290014821095,false,מטען רכב אייפון מאוש,,,מטען רכב אייפון מאושר אפל 2.1,יחידה,1.00,יחידה,false,1,79.90,79.9000,true,1,21505
7290014821101,false,מעמד אופנתי לסלולר ל,,,מעמד אופנתי לסלולר לבן,יחידה,1.00,יחידה,false,1,99.90,99.9000,true,1,21508
7290014821118,false,מעמד אופנתי לסלולר ש,,,מעמד אופנתי לסלולר שחור creative dash 1,יחידה,1.00,יחידה,false,1,99.90,99.9000,true,1,21509
7290014821347,false,אוזניות PURE-METAL,,,אוזניות PURE-METAL,יחידה,1.00,יחידה,false,1,49.90,49.9000,true,1,21502
7290014821507,false,מטען קיר אייפון מאוש,,,מטען קיר אייפון מאושר אפל 2.1,יחידה,1.00,יחידה,false,1,79.90,79.9000,true,1,21506
7290014821569,false,כבל אייפון 2 מטר,,,כבל אייפון 2 מטר,יחידה,1.00,יחידה,false,1,39.90,39.9000,true,1,21498
7290014855458,false,מגבוני בייביסיטר פרפורמנס ללא בישום מארז 72X4יח',בייביסיטר Babysitter,,מגבונים בייביסיטר רביעייה לא בישום,לא מנהל יחידת מידה,0.00,לא מנהל יחידת מידה,false,1,19.70,0.0000,true,1,127499
7290014890145,false,גבינת שמנת בטעם טבעי 25%,גבינות משק יעקבס,IL,שמנת טבעית משק יעקבס,גרמים,225.00,100 גרם,false,1,12.90,5.7333,true,1,129550
7290014890152,false,גבינת שמנת עם זיתים ירוקים 25%,גבינות משק יעקבס,IL,שמנת זיתים 225 גרם משק יעקבס,גרמים,225.00,100 גרם,false,1,12.90,5.7333,true,1,129675
7290014890169,false,גבינת שמנת שום שמיר 25%,גבינות משק יעקבס,IL,שמנת שום שמיר 225 גרם משק יעקבס,גרמים,225.00,100 גרם,false,1,12.90,5.7333,true,1,129676
7290014890176,false,גבינת ריקוטה בסגנון,גבינות משק יעקבס,IL,ריקוטה 250 גרם משק יעקבס,גרמים,250.00,100 גרם,false,1,10.90,4.3600,true,1,13929
7290014890190,false,מוצרלה כדור יעקבס 10,גבינות משק יעקבס,IL,מוצרלה כדור יעקבס 100 גרם,גרמים,100.00,100 גרם,false,1,12.50,12.5000,true,1,13928
7290014890206,false,קרם פרש 250 גרם,גבינות משק יעקבס,IL,קרם פרש 250 גרם,גרמים,250.00,100 גרם,false,1,14.90,5.9600,true,1,13931
7290014890572,false,יוגורט עיזים יעקובס,משק יעקבס,IL,"יוגורט עיזים יעקובס 850מ""ל",מיליליטרים,850.00,"100 מ""ל",false,1,24.90,2.9294,true,1,35241
7290014890589,false,יוגורט יוני יעקובס,משק יעקבס,IL,"יוגורט יוני יעקובס 850מ""ל",מיליליטרים,850.00,"100 מ""ל",false,1,23.90,2.8118,true,1,35242
7290014890619,false,ברי עיזים כמהין בייב,גבינות משק יעקבס,IL,ברי עיזים כמהין בייבי יעקובס 125גרם,גרמים,125.00,100 גרם,false,1,27.90,22.3200,true,1,35238
7290014905160,false,"הפי מטהר אוויר פניני ריח בניחוחות, 130 גרם",יוליניבר,IT,יעקבי פניני ריח לימון 130 גרם,יחידה,1.00,יחידה,false,1,11.90,11.9000,true,1,126418
7290014905498,false,הפי - גליל טבליות גם וגם דו צדדי,ג'נרל מילס סאן אדריא,TR,יעקבי מטלית דו צדדית,לא מנהל יחידת מידה,0.00,לא מנהל יחידת מידה,false,1,12.70,0.0000,true,1,127268
7290014905689,false,"נוזל כלים הפי מרוכז 24% תפוח 750 מ""ל",וונדפוט,BE,יעקבי הפי נוזל מרוכז לניקוי כלים 750 מל,מיליליטרים,750.00,"100 מ""ל",false,1,8.90,1.1867,true,1,126702
7290014905696,false,"נוזל כלים הפי מרוכז 24% לימון 750 מ""ל",וונדפוט,BE,יעקבי הפי נוזל מרוכז לניקוי כלים 750 מל,מיליליטרים,750.00,"100 מ""ל",false,1,8.90,1.1867,true,1,126743
7290014905719,false,הפי לימונית למדיח כלים - מנטרל ריחות רעים,יעקבי - הפי Hepi,IT,לימונית גדולה למדיח,ליטרים,0.00,ליטר,false,1,12.90,0.0000,true,1,127269
7290014905733,false,"הפי - מרסס להברקת שמשות 750 מ""ל",יוליניבר,TR,יעקבי ברק קריסטלי ניקוי שמשות 750 מל,מיליליטרים,750.00,"100 מ""ל",false,1,8.90,1.1867,true,1,126703
7290014905962,false,סבון אסלה הפי בושם 5טיפות ורוד לבנדר נתלה,רלוי,IT,הפי סבון אסלה XXL 43 גרם,גרמים,43.00,100 גרם,false,1,9.80,22.7907,true,1,127072
7290014931008,false,פטרוזיליה עם השורש,מהשורש לאורך חיים,IL,פטרוזליה,לא מנהל יחידת מידה,0.00,לא מנהל יחידת מידה,false,1,7.90,0.0000,true,1,15549
7290014931015,false,כוסברה עם השורש,מהשורש לאורך חיים,IL,כוסברה,לא מנהל יחידת מידה,0.00,לא מנהל יחידת מידה,false,1,7.90,0.0000,true,1,15550
7290014931053,false,בזיליקום עם השורש,מהשורש לאורך חיים,IL,בזיליקום,Unknown,0.00,Unknown,false,1,8.90,0.0000,true,1,15543
7290014931077,false,עירית עם השורש,מהשורש לאורך חיים,IL,עירית,לא מנהל יחידת מידה,0.00,לא מנהל יחידת מידה,false,1,8.90,0.0000,true,1,15547
7290014931084,false,אורגנו עם השורש,מהשורש לאורך חיים,IL,רוזמרין אורגנו,יחידה,1.00,יחידה,false,1,8.90,8.9000,true,1,15546
7290014931091,false,קורנית- טימין ארוז,מהשורש לאורך חיים,IL,קורנית/טימין,לא מנהל יחידת מידה,0.00,לא מנהל יחידת מידה,false,1,8.90,0.0000,true,1,15545
7290014931107,false,נענע עם השורש,מהשורש לאורך חיים,IL,מנטה,Unknown,0.00,Unknown,false,1,7.90,0.0000,true,1,15548
7290014931190,false,חסה פאקצוי זוגות,משק מורדכי גדי בעמ,IL,פאק צוי שורשים,גרמים,300.00,100 גרם,false,1,12.90,4.3000,true,1,19038
7290014931206,true,גרגר נחלים פלמינגו,חקלאי,IL,גרגר נחלים פלמינגו,לא מנהל יחידת מידה,0.00,לא מנהל יחידת מידה,false,1,12.90,0.0000,true,1,16962
7290014940901,true,לחם פשוט מלא 750 גרם,מאפיית שלמה א. אנג'ל,IL,לחם פשוט מלא 750 גרם,גרמים,750.00,100 גרם,false,1,14.90,1.9867,true,1,127157
7290014949744,false,אוטן טרופי ספריי יבש,מיוצר עי קונדיטוריית,PL,"אוטן טרופי ספריי יבש 100 מ""ל",מיליליטרים,100.00,"100 מ""ל",false,1,17.90,17.9000,true,1,18028
7290014949751,false,אוטן ג'וניור ג'ל דוחה יתושים לילדים,ג'נרל מילס סאן אדריא,NL,"אוטן ג""וניור ג""ל ילדים 100 מל",מיליליטרים,100.00,"100 מ""ל",false,1,17.90,17.9000,true,1,126271
7290014949768,false,אוטן אפטר בייט גל,המאפיה של הרמן,IT,אוטן אפטר בייט-ג'ל להרגעת העור לאחר עקיצה,מיליליטרים,25.00,"100 מ""ל",false,1,25.90,103.6000,true,1,126272
7290014974562,false,גביעי גלידה רגיל טילון עלמה גילרו 24 יח',"א.ג גילרו בע""מ",IL,עלמה גביעי טילון 24 יח',גרמים,120.00,100 גרם,false,1,8.90,7.4167,true,1,8690
7290014974593,false,גביעי גלידריה ללא גלוטן 12 יחי',גילרו,IL,גביע גלידריה ללא גלוטן 12 יח עלמה,יחידה,1.00,יחידה,false,1,16.50,16.5000,true,1,4752
7290014974869,false,וופל רולים שוקולד ללא גלוטן 100 גר',גילרו,IL,רולים ללא גלוטן בטעם שוקו 100 גרם,גרמים,100.00,100 גרם,false,1,7.50,7.5000,true,1,4894
7290014974876,true,רולים ללא גלוטן בטעם,גילרו,IL,רולים ללא גלוטן בטעם אגוז 40,גרמים,40.00,100 גרם,false,1,7.50,18.7500,true,1,4868
7290015005555,false,"צ'יפס אמריקאי 2 ק""ג פרי הגליל","פרי הגליל בע""""מ",IL,פרי הגליל צ'יפס אמריקאי 2 קג,קילוגרמים,2.00,"ק""ג",false,1,21.90,10.9500,true,1,127315
7290015009003,false,חומץ בן יין לבן דניא,מנדלז סי.אר. פרודקשן,ES,דניאל חומץ בן יין לבן 500 מל,מיליליטרים,500.00,"100 מ""ל",false,1,14.90,2.9800,true,1,126258
7290015009010,false,חומץ בן יין אדום דני,מנדלז סי.אר. פרודקשן,ES,חומץ בן יין אדום 5%,מיליליטרים,500.00,"100 מ""ל",false,1,14.90,2.9800,true,1,126259
7290015009027,false,חומץ בלסמי חומציות 6,אקובינל,ES,חומץ בלסמי חומציות 6%,מיליליטרים,500.00,"100 מ""ל",false,1,21.90,4.3800,true,1,126388
7290015009041,false,חומץ תפוחים חומציות,מנדלז סי.אר. פרודקשן,ES,דניאל חומץ תפוחים 500 מל,מיליליטרים,500.00,"100 מ""ל",false,1,15.90,3.1800,true,1,126567
7290015009119,false,עלי טורטייה מקמח לבן,לווליה,,עלי טורטייה,גרמים,420.00,100 גרם,false,1,15.90,3.7857,true,1,127108
7290015009126,false,עלי טורטייה מקמח מלא,לווליה,,עלי טורטייה,לא מנהל יחידת מידה,0.01,לא מנהל יחידת מידה,false,1,15.90,1590.0000,true,1,127109
7290015009225,false,ריבת חלב מקורית דניא,קארו,,ריבת חלב מקורית דניאל 450 גרם,גרמים,450.00,100 גרם,false,1,19.90,4.4222,true,1,129168
7290015009249,false,"רוטב סלסה חריף ארה""ב",לינדסטרי פודס,US,רוטב סלסה חריף,גרמים,454.00,100 גרם,false,1,14.90,3.2819,true,1,16520
7290015009256,false,רוטב סלסה רגיל סבורי,לינדסטרי פודס אנד דר,US,SABORITO רוטב סלסה רגיל ירוק ג454גרם,גרמים,454.00,100 גרם,false,1,14.90,3.2819,true,1,16532
7290015009317,false,נאצוס חטיף תירס טבעי,אוקי סנייקס,DK,נאצוס סבוריטו תירס 200 גרם,גרמים,200.00,100 גרם,false,1,12.90,6.4500,true,1,28412
7290015009324,false,נאצוס סבוריטו ברביקי,אוקי סנקס,DK,נאצוס סבוריטו ברביקיו 200 גרם,גרמים,200.00,100 גרם,false,1,12.90,6.4500,true,1,28411
7290015009331,false,חטיף נאצוס חריף סגול,מנדלז סי.אר. פרודקשן,DK,נאצוס סבוריטו חריף 200 גרם,גרמים,200.00,100 גרם,false,1,12.90,6.4500,true,1,28413
7290015009393,false,זיתים שחורים מגולעני,אידיאל ס.א,GR,זיתים שחורים מגולענים קלמטהIDEAL גרם250,גרמים,250.00,100 גרם,false,1,16.90,6.7600,true,1,21179
7290015009409,false,זיתים שחורים מזן טאס,אדיאל ס.א,GR,זיתים שחורים טאסוס IDEALגרם 250,גרמים,250.00,100 גרם,false,1,16.90,6.7600,true,1,21180
7290015009461,false,שימורי שעועית שחורה במי מלח,יורקום סרל,IT,שעועית שחורה קונסרב 400גרם,גרמים,400.00,100 גרם,false,1,7.90,1.9750,true,1,27155
7290015009478,false,שימורי שעועית אדומה במי מלח,יורקום סרל,IT,שעועית אדומה קונסרב 400גרם,גרמים,400.00,100 גרם,false,1,7.90,1.9750,true,1,27156
7290015025478,false,פנגל קרם פנים לעור י,אינטרקוסמא,IL,קרם פנים לעור יבש,מיליליטרים,130.00,"100 מ""ל",false,1,39.50,30.3846,true,1,18087
7290015025942,false,"פנג'ל ק. ידיים קלאסי עם שמן שקדים 80מ""ל",מיוצר עי קונדיטוריית,IL,פנג'ל קרם ידיים קלאסי מועשר בשמן שקדים 80 מל,מיליליטרים,100.00,"100 מ""ל",false,1,9.90,9.9000,true,1,18216
7290015039246,true,נתחי טונה בשמן ויליפ,גולדן פרייז קאנינג א,TH,נתחי טונה בשמן ויליפוד רביעייה 640 גרם,גרמים,640.00,100 גרם,false,1,21.90,3.4219,true,1,127300
7290015039253,false,וילי פוד עלי גפן במי מלח 620 גר,קוראהן פזלרמה וי דיס,TR,ויליפוד עלי גפן במי מלח 620 גרם,גרמים,620.00,100 גרם,false,1,12.90,2.0806,true,1,126419
7290015039338,true,נתחי טונה ויליפוד רב,גולדן פרייז קאנינג א,TH,נתחי טונה ויליפוד רביעייה 640 גרם,גרמים,640.00,100 גרם,false,1,21.90,3.4219,true,1,10093
7290015039482,false,גבינת אדם פלח 24% שומן,וויקה פארמס אל.טי.די,NL,גבינת אדם פלח 230 גרם 24% שומן - הולנד,גרמים,160.00,100 גרם,false,1,22.90,14.3125,true,1,19387
7290015039499,false,ויליפוד עוגיות חמאה איטלקיות מובחרות 1ק,טדסקו אס.אר.אל ויה ד,IT,"עוגיות איטלקיות מובחרות 1 ק""ג",קילוגרמים,1.00,"ק""ג",false,1,14.90,14.9000,true,1,18603
7290015127066,true,תמר בהרי,,,תמר בהרי,לא מנהל יחידת מידה,0.00,לא מנהל יחידת מידה,false,1,19.90,0.0000,true,1,134541
7290015129121,false,אטריות קונג'אק בתוספת טפיוקה בצורת נודלס,הוויזאי וואנגייה פוד,CN,סקיני פסטה- בצורת אטריות פטוצ'יני 200 גרם,גרמים,270.00,100 גרם,false,1,12.90,4.7778,true,1,126515
7290015129145,false,אטריות קונג'אק בתוספת טפיוקה בצורת ספגטי,הוויזאי וואנגייה פוד,CN,סקיני פסטה- בצורת אטריות ספגטי 200 גרם,גרמים,270.00,100 גרם,false,1,12.90,4.7778,true,1,126517
7290015129251,false,אטריות קונג'אק בצורת פטוצ'יני,אף.סי תבליני בגליל ב,CN,סקיני פסטה- בצורת אטריות פטוצ'יני 200 גרם,גרמים,270.00,100 גרם,false,1,12.90,4.7778,true,1,127414
7290015129268,false,סקיני פסטה שיבולת שו,,CN,סקיני פסטה שיבולת שועל פנה 270גרם,גרמים,270.00,100 גרם,false,1,12.90,4.7778,true,1,38266
7290015129404,false,מארז חטיף תפוח וקינמ,,IL,חטיפי סקיני תפוח וקינמון מארז *5 375ג,גרמים,375.00,100 גרם,false,1,27.90,7.4400,true,1,38267
7290015129428,false,מאגדת סקיני אגוזי לו,מנדלז סי.אר. פרודקשן,IL,מאגדת סקיני אגוזי לוז וקינמון 375גרם,גרמים,375.00,100 גרם,false,1,27.90,7.4400,true,1,30444
7290015129435,false,מאגדת סקיני שוקולד 3,מנדלז סי.אר. פרודקשן,IL,מאגדת סקיני שוקולד 375גרם,גרמים,375.00,100 גרם,false,1,27.90,7.4400,true,1,30445
7290015129657,false,סקיני פסטה פנה 270גר,,CN,סקיני פסטה פנה 270גרם,גרמים,270.00,100 גרם,false,1,12.90,4.7778,true,1,38268
7290015139250,false,"חופשי שוקולד מריר עם פ.אורז לל""ס 85 גר",כרמית תעשיות ממתקים,IL,"שוקולד מריר ופ.אורז לל""ס 85ג*12בדיס*2בקרט",גרמים,85.00,100 גרם,false,1,6.90,8.1176,true,1,127388
7290015139267,false,שוקולד מריר עם שקדים ללא תוספת סוכר וסטהיים,כרמית תעשיות ממתקים,IL,"שוקולד מריר ושקדים לל""ס 85ג*12בדיס*2בקרט",גרמים,85.00,100 גרם,false,1,6.90,8.1176,true,1,127389
7290015139526,false,אגו ופל בציפוי ומילוי שוקו 125גר',כרמית,IL,ופל בציפוי שוקולד 125ג לאא גלוטן אגו,גרמים,125.00,100 גרם,false,1,11.90,9.5200,true,1,4116
7290015139571,false,חופשי ופל בארים בציפוי שוקולד 25 גר,כרמית תעשיות ממתקים,IL,וופל שוקולד ללא גלוטן 125 גרם,גרמים,125.00,100 גרם,false,1,11.90,9.5200,true,1,127869
7290015150088,false,מחית עגבניות גרנד איטליה 700גרם,שוורצקוף& הנקל דיסלד,IT,מחית עגבניות קלה 700 גרם,גרמים,700.00,100 גרם,false,1,11.90,1.7000,true,1,127084
7290015150118,false,עגבניות חתוכות דק בלה איטליה 3*400 ג',אמיליאנה קונסרב ס.פ.,IT,עגבניות חתוכות דק בלה איטליה *3 400 גר,קילוגרמים,1.20,"ק""ג",false,1,17.90,14.9167,true,1,127100
7290015150200,false,עגבניות חתוכות דק 400 גרם,HIQ FOOD PRODUCTS,IT,עגבניות חתוכות דק 400 גרם,גרמים,400.00,100 גרם,false,1,6.00,1.5000,true,1,18269
7290015150361,false,תה ירוק נענע סטיביה 25 שקיקים ויסוצקי,ויסוצקי ירוק,IL,תה ירוק נענע סטיביה T.T,גרמים,37.00,100 גרם,false,1,25.90,70.0000,true,1,127101
7290015150590,false,ויסוצקי תה ירוק ג'ינג'ר חריף 25 יח,ויסוצקי ירוק,IL,חדש תה ירוק ג'ינג'ר חריף אש T.T,גרמים,37.00,100 גרם,false,1,25.90,70.0000,true,1,127612
7290015150903,false,תה ויסוצקי ירוק קינמון ודבש 25 יח',ויסוצקי ירוק,IL,תה ירוק קינמון ודבש T.T,גרמים,38.00,100 גרם,false,1,25.90,68.1579,true,1,128428
7290015155021,true,פרמיו חטיף דנטלי לכל,סאטורן,DE,פרמיו חטיף דנטלי לכלב ננסי 110גרם,גרמים,110.00,100 גרם,false,1,14.90,13.5455,true,1,37453
7290015155274,true,פרמיו כריות ביוטי לח,פרופט,AT,פרמיו כריות ביוטי לחתול 60ג,גרמים,60.00,100 גרם,false,1,14.90,24.8333,true,1,37457
7290015155823,false,מחית תפוחי עץ חטיפטף ללא תוספת סוכר,פרוטה פודיווין איי.א,CZ,"פרינוק חטיפטף מחית תפוחי עץ 100% פרי, 120 גרם",גרמים,120.00,100 גרם,false,1,5.50,4.5833,true,1,17364
7290015155830,false,מחית תפוחי עץ ובננה חטיפטף ללא תוספת סוכר,פרוטה פודיווין,CZ,"פרינוק חטיפטף מחית תפוח בננה 100% פרי, 120 גרם",גרמים,120.00,100 גרם,false,1,5.50,4.5833,true,1,17384
7290015155847,false,מחית סלט פירות חטיפטף ללא תוספת סוכר,פרוטה פודיווין איי.א,CZ,"פרינוק חטיפטף מחית סלט פירות 100% פרי, 120 גרם",גרמים,120.00,100 גרם,false,1,5.50,4.5833,true,1,17367
7290015156455,false,עוגיות פרמיו 500 גרם,סאטורן,DE,עוגיות פרמיו 500 גרם,גרמים,500.00,100 גרם,false,1,19.90,3.9800,true,1,37222
7290015161244,false,"קרם קוקוס 17% אורגני ללא גלוטן 400 מ""ל נוטרה זן","אינסטנטה בע""מ",LK,"קרם קוקוס אורגני נטרוזן 400 מ""ל",מיליליטרים,400.00,"100 מ""ל",false,1,9.90,2.4750,true,1,16493
7290015161534,false,קוואקר שיבולת שועל עבה ללא גלוטן - 400 גרם,נוטרה זן NutraZen,DK,קוואקר עבה ללא גלוטן400 גרם,גרמים,400.00,100 גרם,false,1,21.90,5.4750,true,1,16472
7290015161541,false,קוואקר שיבולת שועל אינסטנט ללא גלוטן - 400 גרם,נוטרה זן NutraZen,DK,שיבולת שועל מלאה ללא גלוטן (דק) אינסטנט 400 גרם,גרמים,400.00,100 גרם,false,1,21.90,5.4750,true,1,16474
7290015161558,false,קמח שיבולת שועל מלאה אורגני ללא גלוטן,נוטרה זן NutraZen,DK,קוואקר שיבולת שועל מלאה ללא גלוטן500גרם,גרמים,500.00,100 גרם,false,1,21.90,4.3800,true,1,16465
7290015161589,false,פת פריכה אורגנית עם ירקות גינה,אקסטרודו בצ'יצה,,נוטרה זן פת פריכה אורגנית עם ירקות גינה 100 גרם,גרמים,100.00,100 גרם,false,1,13.90,13.9000,true,1,16226
7290015161848,false,פת פריכה אורגנית עם כוסמת וקינואה ללא גלוטן,אקסטרודו בצ'יצה,,נוטרה זן פת פריכה אורגנית עם כוסמת וקינואה 100 גרם,גרמים,100.00,100 גרם,false,1,13.90,13.9000,true,1,16561
7290015161862,false,פת פריכה אורגנית עם ערמונים ללא גלוטן,אקסטרודו בצ'יצה,,נוטרה זן פת פריכה אורגנית עם ערמונים 100 גרם,גרמים,100.00,100 גרם,false,1,13.90,13.9000,true,1,16542
7290015161923,false,קרם קוקוס 22% אורגני ללא גלוטן נוטרה זן,"אינסטנטה בע""מ",LK,"קרם קוקוס אורגני 400 מ""ל 22%",גרמים,400.00,100 גרם,false,1,12.90,3.2250,true,1,23929
7290015172011,false,גיוזה בטטה דים סאם,דים סאם,,גיוזה בטטה דים סאם,גרמים,350.00,100 גרם,false,1,29.90,8.5429,true,1,125939
7290015172028,false,גיוזה כיסוני חיטה בט,דים סאם מטבח מרכזי כ,,גיוזה כיסוני חיטה בטטה 300 גרם,גרמים,300.00,100 גרם,false,1,29.90,9.9667,true,1,125940
7290015172073,false,גיוזה כיסוני חיטה פט,דים סאם מטבח מרכזי כ,,גיוזה כיסוני חיטה פטריות 300 גרם,גרמים,300.00,100 גרם,false,1,29.90,9.9667,true,1,127636
7290015172097,false,גיוזה בקר דים סאם,דים סאם מטבח מרכזי כ,IL,גיוזה בקר דים סאם,גרמים,300.00,100 גרם,false,1,29.90,9.9667,true,1,9837
7290015172202,true,גיוזה אדממה ירקות,דים סאם מטבח מרכזי כ,IL,גיוזה אדממה ירקות,גרמים,330.00,100 גרם,false,1,29.90,9.0606,true,1,32587
7290015176361,false,מברשת שיניים חשמלית למבוגרים-FJ-TBFJ-ABLUE,פוג'יקום,,מברשת שיניים חשמלית פוגיקום כחול,יחידה,1.00,יחידה,false,1,39.90,39.9000,true,1,4052
7290015176378,false,מברשת שיניים חשמלית למבוגרים-FJ-TBFJ-APURPLE,פוג'יקום,,מברשת שיניים חשמלית סגולה,יחידה,1.00,יחידה,false,1,39.90,39.9000,true,1,127820
7290015176385,false,מברשת שיניים חשמלית לילדים בצבע כחול,פוג'יקום,,מברשת שיניים חשמלית פוגיקום,יחידה,1.00,יחידה,false,1,39.90,39.9000,true,1,4054
7290015176392,false,מברשת שיניים חשמלית פוג'יקום לילד ורוד,פוג'יקום,,מברשת שיניים חשמלית ילדות פוגיקום,יחידה,1.00,יחידה,false,1,39.90,39.9000,true,1,4044
7290015178174,false,פסטו בטעם פרמז'ן אוליביה 180 גר',יוניליוור גרמניה Gm,IL,פסטו בטעם פרמזן,גרמים,180.00,100 גרם,false,1,12.90,7.1667,true,1,28226
7290015178181,false,ממרח ארטישוק עם רוזמרין,יוניליוור גרמניה Gm,IL,ממרח ארטישוק עם רוזמרין,גרמים,180.00,100 גרם,false,1,12.90,7.1667,true,1,28225
7290015193139,false,רוטב WOK צילי מתוק ל,KRS SPICY FOOD CO.LT,,"רוטב WOK צילי מתוק ללא סוכר 300 מ""ל",מיליליטרים,300.00,"100 מ""ל",false,1,8.90,2.9667,true,1,8605
7290015193269,false,שמן שומשום שחור WOK,או שין הינג,,"שמן שומשום שחור WOK טהור 150 מ""ל",מיליליטרים,150.00,"100 מ""ל",false,1,13.90,9.2667,true,1,8620
7290015193566,false,אובלטים שומשום מעדני המלך 300 גר',אם החיטה,,אובלטים דקיקים שומשום 300 גרם,גרמים,300.00,100 גרם,false,1,12.90,4.3000,true,1,8684
7290015193573,false,"אטריות אורז עובי 2 מ""מ 400 ג' WOK",THAI COCONUT CO,TH,"ווק אטריות אורז עובי 2מ""מ 400גרם",גרמים,400.00,100 גרם,false,1,8.90,2.2250,true,1,20281
7290015193634,false,אובלטים דקיקים קימל מעדני המלך 300 גר',אם החיטה,,אובלטים קימל 300 גרם,גרמים,300.00,100 גרם,false,1,12.90,4.3000,true,1,8719
7290015193665,false,קמח מצה מעדני המלך 5,אם החיטה,,קמח מצה מעדני המלך 500 גרם,גרמים,500.00,100 גרם,false,1,7.50,1.5000,true,1,8738
7290015193832,false,קרקר שומשום ארומה 300 גר',פפושדו,IL,קרקר עם שומשום ארומה 300 גרם,גרמים,300.00,100 גרם,false,1,7.50,2.5000,true,1,14180
7290015193849,false,קרקר מלח ארומה 300 גר',פפושדו,IL,קרקר עם מלח ארומה 300 גרם,גרמים,300.00,100 גרם,false,1,7.50,2.5000,true,1,14181
7290015223690,true,תרסיס כף רגל200,,,תרסיס כף רגל200,Unknown,0.00,Unknown,false,1,21.90,0.0000,true,1,2261
7290015282017,false,פרוסות טונה מעושנת 1,"סלטי שמיר 2006 בע""מ",,פרוסות טונה מעושנת 100 גרם,גרמים,100.00,100 גרם,false,1,26.90,26.9000,true,1,126193
7290015282390,false,סלט תורכי שמיר 200 גר',"סלטי שמיר 2006 בע""מ",IL,סלט תורכי-גורמה,גרמים,200.00,100 גרם,false,1,13.90,6.9500,true,1,4775
7290015282581,false,חומוס שמיר אבו גוש עם חריף 200 גר',"סלטי שמיר 2006 בע""מ",IL,חומוס עם חריף 200 גרם,גרמים,200.00,100 גרם,false,1,12.90,6.4500,true,1,129275
7290015282598,false,חומוס שמיר מסעדות 200 גר',"סלטי שמיר 2006 בע""מ",IL,חומוס מסעדות 200 גרם,גרמים,200.00,100 גרם,false,1,12.90,6.4500,true,1,129276
7290015282604,false,טחינה שמיר מיוחדת גורמה 200ג',"סלטי שמיר 2006 בע""מ",IL,טחינה מיוחדת 200 גרם,גרמים,200.00,100 גרם,false,1,12.90,6.4500,true,1,129279
7290015282611,false,סלט ביצים 200 גרם,"סלטי שמיר 2006 בע""מ",IL,סלט ביצים 200 גרם,גרמים,200.00,100 גרם,false,1,19.90,9.9500,true,1,4759
7290015282628,false,חציל שמיר בטעם כבד 200 גר',"סלטי שמיר 2006 בע""מ",IL,חציל בטעם כבד 200 גרם,גרמים,200.00,100 גרם,false,1,13.90,6.9500,true,1,4766
7290015282635,false,חומוס שמיר מסבחה 200 גר',"סלטי שמיר 2006 בע""מ",IL,חומוס מסבחה 200 גרם,גרמים,200.00,100 גרם,false,1,12.90,6.4500,true,1,129277
7290015282642,false,חומוס שמיר אבו גוש 200 גר',"סלטי שמיר 2006 בע""מ",IL,חומוס אבו גוש 200 גרם,גרמים,200.00,100 גרם,false,1,12.90,6.4500,true,1,129283
7290015282666,false,סלט טונה עם ירקות שמ,"סלטי שמיר 2006 בע""מ",IL,סלט טונה בריאות 200 גרם,גרמים,250.00,100 גרם,false,1,19.90,7.9600,true,1,129060
7290015282673,false,חציל שמיר במיונז ביתי 200 גורמה גר',"סלטי שמיר 2006 בע""מ",IL,חציל במיונז ביתי 200 גרם,גרמים,200.00,100 גרם,false,1,12.90,6.4500,true,1,129278
7290015282680,false,קישוא בטעם כבד שמיר 200 גר',"סלטי שמיר 2006 בע""מ",IL,קישוא בטעם כבד 200 גרם,גרמים,200.00,100 גרם,false,1,13.90,6.9500,true,1,129284
7290015282697,false,כרוב אדום שמיר גורמה 200גר,"סלטי שמיר 2006 בע""מ",IL,כרוב אדום 200 גרם,גרמים,200.00,100 גרם,false,1,13.90,6.9500,true,1,129296
7290015282710,false,קוביות סלק שמיר 200 גר',"סלטי שמיר 2006 בע""מ",IL,קוביות סלק 200 גרם,גרמים,200.00,100 גרם,false,1,12.90,6.4500,true,1,4789
7290015282734,false,מטבוחה שמיר ביתית גורמה 200 ג ',"סלטי שמיר 2006 בע""מ",IL,מטבוחה ביתית-גורמה,גרמים,200.00,100 גרם,false,1,13.90,6.9500,true,1,4788
7290015282741,false,חציל תאילנדי אסלי שמיר 200 ג',"סלטי שמיר 2006 בע""מ",IL,חציל תאילנדי 200 גרם,גרמים,200.00,100 גרם,false,1,13.90,6.9500,true,1,8691
7290015282758,false,סלט תירס 200 גרם,"סלטי שמיר 2006 בע""מ",IL,סלט תירס 200 גרם,גרמים,200.00,100 גרם,false,1,13.90,6.9500,true,1,4790
7290015282772,false,פלפל רצועות קלוי/מטוגן 200 גרם,"סלטי שמיר 2006 בע""מ",IL,פלפל רצועות קלוי 200 גרם,גרמים,200.00,100 גרם,false,1,13.90,6.9500,true,1,129393
7290015282796,false,"סלט תפו""א שמיר במיונז 200ג'","סלטי שמיר 2006 בע""מ",IL,תפוחי אדמה 200 שמיר,גרמים,200.00,100 גרם,false,1,13.90,6.9500,true,1,4760
7290015284004,true,שמפו משפחתי ECOLOVE,א.ל. ארמן,IL,"שמפו משפחתי - לכל סוגי השיער, ירקות ירוקים ecoLove",Unknown,0.00,Unknown,false,1,32.90,0.0000,true,1,134598
7290015284011,true,מרכך משפחתי ECOLOVE,א.ל. ארמן,IL,מרכך משפחתי ECOLOVE,Unknown,0.00,Unknown,false,1,32.90,0.0000,true,1,134599
7290015284028,true,סבון משפחתי ECOLOVE,א.ל. ארמן,IL,סבון גוף משפחתי מגיל חצי שנה מלפפון פטרוזיליה ותרד,Unknown,0.00,Unknown,false,1,32.90,0.0000,true,1,134600
7290015284035,true,סבון ידיים ECOLOVE,א.ל. ארמן,IL,סבון ידיים ירקות ירוקים,Unknown,0.00,Unknown,false,1,25.90,0.0000,true,1,134601
7290015284042,true,שמפו לשיער שמן אקולב,א.ל. ארמן,IL,"שמפו לשיער רגיל – שמן, ירקות אדומים ecoLove",Unknown,0.00,Unknown,false,1,32.90,0.0000,true,1,134602
7290015284059,true,מרכך לשיער שמן אקולב,א.ל. ארמן,IL,"מרכך לשיער רגיל – שמן, ירקות אדומים ecoLove",Unknown,0.00,Unknown,false,1,32.90,0.0000,true,1,134603
7290015284066,true,סבון גוף ECOLOVE אדו,א.ל. ארמן,IL,"סבון גוף עגבניות, סלק ופלפל אדום",Unknown,0.00,Unknown,false,1,32.90,0.0000,true,1,134604
7290015284073,false,סבון ידיים ירקות אד,א.ל. ארמן,IL,סבון ידיים ירקות אדומים,לא מנהל יחידת מידה,0.00,לא מנהל יחידת מידה,false,1,25.90,0.0000,true,1,14002
7290015284080,true,שמפו רגילECOLOVE,א.ל. ארמן,IL,"שמפו לשיער רגיל- יבש, ירקות כתומים ecoLove",Unknown,0.00,Unknown,false,1,32.90,0.0000,true,1,134605
7290015284097,true,מרכך רגילECOLOVE,א.ל. ארמן,IL,"מרכך לשיער רגיל – יבש, ירקות כתומים ecoLove",Unknown,0.00,Unknown,false,1,32.90,0.0000,true,1,134606
7290015284103,true,סבון גוף ECOLOVE כתו,א.ל. ארמן,IL,סבון גוף גזר דלעת ובטטה,Unknown,0.00,Unknown,false,1,32.90,0.0000,true,1,134607
7290015284110,false,סבון ידיים ירקות כתו,א.ל. ארמן,IL,סבון ידיים ירקות כתומים,לא מנהל יחידת מידה,0.00,לא מנהל יחידת מידה,false,1,25.90,0.0000,true,1,14003
7290015284127,true,קרם לחות לשיער ירקות,א.ל. ארמן,IL,קרם לחות ועיצוב לשיער רגיל - יבש,Unknown,0.00,Unknown,false,1,44.90,0.0000,true,1,134608
7290015284134,true,מסיכה לשיער ירקות כת,א.ל. ארמן,IL,מסכת שיער רגיל- יבש ירקות כתומים,Unknown,0.00,Unknown,false,1,44.90,0.0000,true,1,134609
7290015284189,false,שמפו משפחתי לכל סוג,א.ל ארמן,IL,שמפו משפחתי לכל סוגי השיער ירקות ירוקים,לא מנהל יחידת מידה,0.00,לא מנהל יחידת מידה,false,1,53.90,0.0000,true,1,14004
7290015284196,false,1 ליטר סבון גוף משפח,א.ל ארמן,IL,1 ליטר סבון גוף משפחתי ירקות ירוקים ecoL,לא מנהל יחידת מידה,0.00,לא מנהל יחידת מידה,false,1,53.90,0.0000,true,1,14005
7290015284202,true,שמפו לשיער צבוע סדרה,א.ל. ארמן,IL,שמפו לשיער- צבוע ויבש מאוד פירות סגולים ecoLove,Unknown,0.00,Unknown,false,1,32.90,0.0000,true,1,134610
7290015284219,true,מרכך שיער צבוע סדרה,א.ל. ארמן,IL,מרכך לשיער- צבוע ויבש מאוד פירות סגולים ecoLove,Unknown,0.00,Unknown,false,1,32.90,0.0000,true,1,134611
7290015284226,true,סבון גוף עור יבש סדר,א.ל. ארמן,IL,סבון גוף לעור יבש אוכמניות ענבים ולבנדר,Unknown,0.00,Unknown,false,1,32.90,0.0000,true,1,134612
7290015284233,true,סבון ידיים עור יבש ס,א.ל. ארמן,IL,סבון ידיים פירות סגולים,Unknown,0.00,Unknown,false,1,25.90,0.0000,true,1,134613
7290015284240,true,מסיכה שיער צבוע סדרה,א.ל. ארמן,IL,מסכת שיער פירות סגולים,Unknown,0.00,Unknown,false,1,44.90,0.0000,true,1,134614
7290015284257,false,שמפו לשיער צבוע ויבש,הרמן,IL,שמפו לשיער צבוע ויבש ECOLOVEירקות סגולים,ליטרים,1.00,ליטר,false,1,53.90,53.9000,true,1,24052
7290015284264,false,סבון גוף לעור יבש EC,הרמן,IL,סבון גוף לעור יבש ECOLOVE ירקות סגולים 1,ליטרים,1.00,ליטר,false,1,53.90,53.9000,true,1,24053
7290015284400,false,קרם ידיים לעור יבש ס,א.ל. ארמן,IL,"קרם ידיים לעור יבש, ענבים אוכמניות ולבנדר",לא מנהל יחידת מידה,0.00,לא מנהל יחידת מידה,false,1,21.90,0.0000,true,1,14007
7290015284417,false,קרם גוף לעור יבש סדר,א.ל. ארמן,IL,"קרם גוף לעור יבש, ענבים אוכמניות ולבנדר",לא מנהל יחידת מידה,0.00,לא מנהל יחידת מידה,false,1,35.90,0.0000,true,1,14008
7290015284660,true,שמפו לאחר החלקה ECOL,א.ל. ארמן,IL,שמפו לאחר החלקה ללא מלחי סודיום כלוריד,Unknown,0.00,Unknown,false,1,36.90,0.0000,true,1,134617
7290015284677,true,מרכך לאחר החלקה ECOL,א.ל. ארמן,IL,מרכך לאחר החלקה ללא מלחי סודיום כלוריד,Unknown,0.00,Unknown,false,1,36.90,0.0000,true,1,134618
7290015284684,false,מסיכה לשיער שעבר החל,א.ל. ארמן,IL,מסכת שיער לאחר החלקה ללא מלחי סודיום כלוריד,לא מנהל יחידת מידה,0.00,לא מנהל יחידת מידה,false,1,44.90,0.0000,true,1,14009
7290015289009,false,בירה הרצל שש אחוז כפ,ג'נרל מילס סאן אדריא,IL,הרצל בירה חזקה Xחוז כפרה 330 מל,גרמים,330.00,100 גרם,false,1,13.90,4.2121,true,1,134619
7290015289016,false,בירה הרצל דולצה דה ע,ג'נרל מילס סאן אדריא,IL,בירה הרצל דולצה דה עסל 330 מל,מיליליטרים,330.00,"100 מ""ל",false,1,13.90,4.2121,true,1,134620
7290015324007,false,תבלין פלפל שחור גרוס 80 ג',תות ממתקי איכות,IL,"תבליני טעם וריח, 100% פלפל שחור גרוס, 80 גרם",גרמים,80.00,100 גרם,false,1,9.90,12.3750,true,1,126273
7290015324014,false,תבלין פלפל שחור טחון 80 ג',תות ממתקי איכות,IL,"תבליני טעם וריח, 100% פלפל שחור טחון, 80 גרם",גרמים,80.00,100 גרם,false,1,9.90,12.3750,true,1,126274
7290015324038,false,פפריקה מרוקאית מתוקה בשמן,תות ממתקי איכות,IL,פפריקה בשמן 80 גרם,גרמים,80.00,100 גרם,false,1,5.90,7.3750,true,1,126275
7290015324045,false,תבלין פפריקה חריפה 80 גר' שק',תות ממתקי איכות,IL,"תבליני טעם וריח, 100% פפריקה חריפה, 80 גרם",גרמים,80.00,100 גרם,false,1,5.90,7.3750,true,1,126276
7290015324052,false,תבלין פפריקה מתוקה 80 ג',תות ממתקי איכות,IL,"תבליני טעם וריח, 100% פפריקה מתוקה, 80 גרם",גרמים,80.00,100 גרם,false,1,5.90,7.3750,true,1,126277
7290015324069,false,תערובת תיבול גריל עוף,תות ממתקי איכות,IL,"תבליני טעם וריח, תערובת תיבול גריל עוף, 80 גרם",גרמים,80.00,100 גרם,false,1,5.90,7.3750,true,1,126278
7290015324083,false,טעם וריח מלח לימון ש,תות ממתקי איכות,IL,"תבליני טעם וריח, 100% מלח לימון, 80 גרם",גרמים,80.00,100 גרם,false,1,5.90,7.3750,true,1,126279
7290015324090,false,תבלין כמון טחון 80 ג',תות ממתקי איכות,IL,"תבליני טעם וריח, 100% כמון מזרחי, 80 גרם",גרמים,80.00,100 גרם,false,1,5.90,7.3750,true,1,126280
7290015324106,false,תבלין כורכום טחון 80 גר',תות ממתקי איכות,IL,"תבליני טעם וריח, 100% כורכום, 80 גרם",גרמים,80.00,100 גרם,false,1,5.90,7.3750,true,1,126281
7290015324113,false,טעם וריח בהרט שקית 8,תות ממתקי איכות,IL,"תבליני טעם וריח, תערובת תיבול בהרט לבישול, 80 גרם",גרמים,80.00,100 גרם,false,1,5.90,7.3750,true,1,126282
7290015324120,false,טעם וריח שום גבישי ב,תות ממתקי איכות,IL,תבליני טעם וריח שום גבישי 80 גרם,גרמים,80.00,100 גרם,false,1,5.90,7.3750,true,1,126283
7290015324151,false,תבלין חוויאג למרק ב,תות ממתקי איכות,IL,חוויאג למרק 80 גרם,גרמים,80.00,100 גרם,false,1,5.90,7.3750,true,1,126284
7290015324168,false,תבלין על האש תיבול 80 גר' שק',תות ממתקי איכות,IL,"תבליני טעם וריח, תערובת תיבול על האש, 80 גרם",גרמים,80.00,100 גרם,false,1,5.90,7.3750,true,1,128
7290015324175,false,תבלין שווארמה תיבול 80 גר' שק',תבליני טעם וריח,IL,תבליני טעם וריח תערובת תיבול לשווארמה 80 גרם,גרמים,0.00,100 גרם,false,1,5.90,0.0000,true,1,129
7290015324427,false,סודה לשתיה טעם וריח 80 גר',תבליני טעם וריח,IL,סודה לשתייה שקית 80 גרם,גרמים,80.00,100 גרם,false,1,4.50,5.6250,true,1,11808
7290015324519,false,תערובת לפיצה שקית 80 ג',"תבליני טעם וריח בע""מ",IL,תערובת תיבול לפיצה 80 גרם,גרמים,80.00,100 גרם,false,1,5.90,7.3750,true,1,20670
7290015324533,false,רוזמרין מיכל גדול 55 ג',"תבליני טעם וריח בע""מ",IL,תבליני טעם וריח רוזמרין 55 גרם,גרמים,55.00,100 גרם,false,1,9.90,18.0000,true,1,20672
7290015324540,false,טימין מיכל גדול 30 ג',"תבליני טעם וריח בע""מ",IL,תבליני טעם וריח טימין (קורנית) 30 גרם,גרמים,30.00,100 גרם,false,1,9.90,33.0000,true,1,20674
7290015324557,false,בהרט לבישול מיכל גדול 80 ג',"תבליני טעם וריח בע""מ",IL,בהרט לבישול מיכל גדו,גרמים,0.00,100 גרם,false,1,9.90,0.0000,true,1,20675
7290015324564,false,כוסברה טחונה מיכל גדול 70 ג',"תבליני טעם וריח בע""מ",IL,תבליני טעם וריח כוסברה טחונה 70 גרם,גרמים,70.00,100 גרם,false,1,9.90,14.1429,true,1,20673
7290015324588,false,פלפל לבן 100 גרם,תות ממתקי איכות,IL,"תבליני טעם וריח מיכל פלפל לבן טחון 100% , 100 גרם",גרמים,100.00,100 גרם,false,1,12.90,12.9000,true,1,25515
7290015324663,false,צ'ילי גרוס חריף אש 70 ג',תבליני טעם וריח,IL,תבליני טעם וריח צ'ילי גרוס חריף אש 70 גרם,גרמים,70.00,100 גרם,false,1,9.90,14.1429,true,1,28414
7290015324670,false,מטחנת פלפל שחור שלם 50 ג' טעם וריח,טעם וריח,IL,מטחנת פלפל שחור שלם 50 גרם,גרמים,50.00,100 גרם,false,1,13.90,27.8000,true,1,37755
7290015324687,false,מטחנת לקט פלפל 50 ג' טעם וריח,טעם וריח,IL,מטחנת לקט פלפל 50 גרם,גרמים,50.00,100 גרם,false,1,13.90,27.8000,true,1,37756
7290015324717,false,"מחית שום `טעם וריח, 210 גרם",טעם וריח,IL,מחית שום 210 גרם,גרמים,210.00,100 גרם,false,1,13.90,6.6190,true,1,37757
7290015324724,false,מחית צ`ילי חריף `טעם וריח' 230 גרם,טעם וריח,IL,מחית צילי חריף 230 גרם,גרמים,230.00,100 גרם,false,1,13.90,6.0435,true,1,37758
7290015335607,false,מעדן BIO בטעם טבעי,טרופיקל דגיל תעשיות,IL,יוגונאט - מעדן BIO בטעם טבעי,גרמים,150.00,100 גרם,false,1,6.90,4.6000,true,1,20821
7290015335614,false,מעדן BIO עם תות 150,טרופיקל דגיל תעשיות,IL,יוגונאט - מעדן BIO עם תות,גרמים,150.00,100 גרם,false,1,6.90,4.6000,true,1,20822
7290015335621,false,מעדן BIO עם פירות יע,טרופיקל דגיל תעשיות,IL,יוגונאט - מעדן BIO עם פירות יער,גרמים,150.00,100 גרם,false,1,6.90,4.6000,true,1,20824
7290015335638,false,מעדן BIO עם דובדבן,טרופיקל דגיל תעשיות,IL,יוגונאט - מעדן BIO עם דובדבן,גרמים,150.00,100 גרם,false,1,6.90,4.6000,true,1,20823
7290015340427,false,ממרח חרובים ללא סוכר,העידן האורגני,,ממרח חרובים ללא סוכר,גרמים,300.00,100 גרם,false,1,25.90,8.6333,true,1,507
7290015347358,false,סודה לשתייה 50גרם בקרטונית,מיה,IL,סודה לשתיה מיה 50 גרם בקרטונית,גרמים,50.00,100 גרם,false,1,2.90,5.8000,true,1,37677
7290015347457,true,קינואה שחורה מיה 40,מיה,IL,קינואה שחורה מיה 400 גרם,גרמים,400.00,100 גרם,false,1,14.90,3.7250,true,1,37658
7290015347464,true,קינואה מעורבת מיה,מיה,IL,קינואה מעורבת מיה 400 גרם,גרמים,400.00,100 גרם,false,1,14.90,3.7250,true,1,37659
7290015347488,false,"סוכר דמררה חום שקית מיה 1 ק""ג",מיה תעשיות מזון בעמ,IL,סוכר דמררה מיה שקית 1 קג,קילוגרמים,1.00,"ק""ג",false,1,9.90,9.9000,true,1,37678
7290015348300,true,יין ריחן קברנה סובינ,יקבי ברקן שיווק והפצ,IL,ריחן קברנה סוביניון 2012,מיליליטרים,750.00,"100 מ""ל",false,1,69.90,9.3200,true,1,20731
7290015350150,false,"יין אדום חצי יבש סגל 750 מ""ל",כרמי צבי - אחים סגל,IL,של סגל אדום חצי יבש,מיליליטרים,750.00,"100 מ""ל",false,1,21.90,2.9200,true,1,26059
7290015366663,false,"אקווה פרש משחת שיניים מנטה עדין 100מ""ל",אקווה פרש Aquafresh,SK,"משחת שיניים מנטה עדין אקווה פרש 100 מ""ל",מיליליטרים,100.00,"100 מ""ל",false,1,6.90,6.9000,true,1,128059
7290015366670,false,משחת שיניים הגנה משולשת מנטה מרענן,אקווה פרש Aquafresh,SK,אקווה פרש משחת שיניים מנטה מרענן 100 מל,מיליליטרים,100.00,"100 מ""ל",false,1,6.90,6.9000,true,1,128036
7290015395045,false,קינואה שקדיה 400 גרם,"דין שיווק וקליה בע""מ",IL,קינואה,גרמים,400.00,100 גרם,false,1,15.90,3.9750,true,1,18099
7290015395939,false,חטיף יפני 150 ג' - ENJOY,דין שיווק,IL,חטיף יפני 150גרם,גרמים,150.00,100 גרם,false,1,14.90,9.9333,true,1,33428
7290015446488,false,אול אין חטיף חלבון ו,,,אול אין חטיף חלבון וסיבים חמאת בוטנים,גרמים,60.00,100 גרם,false,1,13.90,23.1667,true,1,19608
7290015446495,false,אול אין חטיף חלבון ב,,,אול אין חטיף חלבון בטעם שוקולד פאדג100גר,גרמים,100.00,100 גרם,false,1,19.90,19.9000,true,1,19607
7290015446525,false,חטיף אול אין חלבון ק,,,חטיף אול אין חלבון קרמל מלוח100 גרם,גרמים,100.00,100 גרם,false,1,19.90,19.9000,true,1,20079
7290015446891,false,אול אין קוקי קראנץ 1,הרת'סייד פוד סולושיי,US,אול אין קוקי קראנץ 100 גרם,גרמים,100.00,100 גרם,false,1,18.90,18.9000,true,1,23329
7290015446914,false,חטיף חלבון בטעם שוקו,הרת'סייד פוד סולושיי,NL,חטיף חלבון בטעם שוקולד ציפ 100 גרם,גרמים,100.00,100 גרם,false,1,19.90,19.9000,true,1,34765
7290015446921,false,חטיף חלבון בטעם קרמל,,,חטיף חלבון בטעם קרמל מלוח- 60 גרם,גרמים,60.00,100 גרם,false,1,13.90,23.1667,true,1,34761
7290015470094,true,שוקולד מריר תפוז לס,האי נאם סי או אל.טי.,TR,שוקולד מריר תפוז לס,Unknown,0.00,Unknown,false,1,11.90,0.0000,true,1,134672
7290015470391,false,קרם ידיים מועשר בשמן זית לעור רגיל עד יבש,אינטרקוסמא,IL,קרם ידיים מטפח מועשר בשמן זית.,Unknown,0.00,Unknown,false,1,11.90,0.0000,true,1,127601
7290015519144,false,מטען קיר לגלקסי פרימ,,,מטען קיר לגלקסי פרימיום 2A,יחידה,1.00,יחידה,false,1,49.90,49.9000,true,1,21497
7290015519205,false,מעמד מגנט EASY GRIP,,,מעמד מגנט EASY GRIP,יחידה,1.00,יחידה,false,1,29.90,29.9000,true,1,21467
7290015528108,true,מרקיה נויה,,,מרקיה נויה,Unknown,0.00,Unknown,false,1,10.90,0.0000,true,1,134698
7290015528955,true,קינוחי פודינג עם מכס,,,קינוחי פודינג עם מכס,Unknown,0.00,Unknown,false,1,9.90,0.0000,true,1,134730
7290015597326,false,מאגדת אסקימו אייס לייט 10 יח' שטראוס,"גלידת שטראוס בע""מ, ר",IL,מאגדת קרחוני שרבט אייס לייט בטעמים 710 ג,גרמים,710.00,100 גרם,false,1,26.90,3.7887,true,1,127785
7290015599016,false,צהובה טבעונית עם זית,אריויה ס.א.,GR,צהובה טבעונית עם זיתים 200גרם ווגה,גרמים,200.00,100 גרם,false,1,24.90,12.4500,true,1,128480
7290015599023,false,פרוסות צהובה טבעונית בטעם קלאסי,וגה מוצרים טבעוניים VEGA,GR,צהובה טבעונית בטעם קלאסי 200 גרם,גרמים,200.00,100 גרם,false,1,24.90,12.4500,true,1,128482
7290015599030,true,צהובה טבעונית בטעם פ,אריויה ס.א.,GR,צהובה טבעונית בטעם פיצה פפרוני200גרם ווג,גרמים,200.00,100 גרם,false,1,24.90,12.4500,true,1,4466
7290015599047,false,צהובה טבעונית לגירוד,אריויה ס.א.,GR,בלוק צהובה טבעונית לגירוד על פיצה,גרמים,200.00,100 גרם,false,1,17.90,8.9500,true,1,128456
7290015599061,false,פרוסות צהובה טבעונית בטעם מוצרלה,וגה מוצרים טבעוניים VEGA,GR,צהובה טבעונית בטעם מוצרלה 200 גרם ווגה,גרמים,200.00,100 גרם,false,1,24.90,12.4500,true,1,128447
7290015599078,true,צהובה טבעונית עם עשב,המאפיה של הרמן,GR,צהובה טבעונית עם עשבי תיבול200גרם ווגה,גרמים,200.00,100 גרם,false,1,24.90,12.4500,true,1,4439
7290015599191,false,ממרח שמנת טבעונית בס,ביוט איילנד פודס,,ממרח שמנת טבעונית בסגנון קלאסי 170 גרם,גרמים,170.00,100 גרם,false,1,19.90,11.7059,true,1,128944
7290015599207,false,ממרח שמנת טבעונית בט,ביוט איילנד פודס,,ממרח שמנת טבעונית בטעם צדר 170גרם,גרמים,170.00,100 גרם,false,1,19.90,11.7059,true,1,128909
7290015599283,true,אבקת בסיס לחביתה טבע,א.ל.ייצור ושווק תבלי,IL,תערובת להכנת חביתה טבעונית על בסיס קטניות ודגנים,גרמים,250.00,100 גרם,false,1,26.90,10.7600,true,1,4548
7290015599306,false,ממרח שמנת טבעונית עם,ביוט איילנד פודס,,ממרח שמנת טבעונית עם עירית 170גרם,גרמים,170.00,100 גרם,false,1,19.90,11.7059,true,1,128906
7290015599313,false,ממרח שמנת טבעונית בצ,ביוט איילנד פודס,,ממרח שמנת טבעונית בצל ירוק ופלפל 170גר,גרמים,170.00,100 גרם,false,1,19.90,11.7059,true,1,128915
7290015599504,false,ממרח בטעם חמאה אורגנ,גוד פוד פרודקטס S.p,DK,וגה ממרח בטעם חמאה אורגני 225 גרם,גרמים,225.00,100 גרם,false,1,19.90,8.8444,true,1,13255
7290015599702,false,ממרח שמנת טבעונית בט,גוד פוד פרודקטס S.p,GB,ממרח שמנת טבעונית בטעם עזים 170גרם,גרמים,170.00,100 גרם,false,1,19.90,11.7059,true,1,26336
7290015599719,false,פרמזן טבעוני ווגה 15,המאפיה של הרמן,GR,פרמזן טבעוני ווגה 150 גרם,גרמים,150.00,100 גרם,false,1,25.90,17.2667,true,1,25361
7290015634120,false,יין עמק האלה אוורד ל,עמק האלה,IL,"יין עמק האלה אוורד לבן 750 מ""ל",מיליליטרים,750.00,"100 מ""ל",false,1,44.90,5.9867,true,1,8815
7290015634182,false,יין אוורד קברנה מרלו,עמק האלה,IL,"יין עמק האלה אוורד בלנד 750 מ""ל",מיליליטרים,750.00,"100 מ""ל",false,1,44.90,5.9867,true,1,8814
7290015652070,false,אגוזי קשיו קלויים שש,דין שיווק,IL,קשיו קלוי 150 גרם,גרמים,150.00,100 גרם,false,1,13.90,9.2667,true,1,33396
7290015652087,false,תערובת פיצוחים 150 גר' שקדיה,דין שיווק,IL,תערובת פיצוחים 150 גרם,גרמים,150.00,100 גרם,false,1,14.90,9.9333,true,1,33397
7290015670067,true,שוקולד קוקוס כשלפ 25,מרסי,IL,שוקולד קוקוס כשלפ 250,גרמים,250.00,100 גרם,false,1,32.90,13.1600,true,1,29282
7290015670203,false,מטבעות פיצוחים - ללא,מרסי,IL,מטבעות פיצוחים - ללא קמח225,גרמים,225.00,100 גרם,false,1,32.90,14.6222,true,1,134743
7290015670449,false,גרנולה פירות יבשים24,מרסי,IL,גרנולה פירות יבשים240,גרמים,240.00,100 גרם,false,1,32.90,13.7083,true,1,134744
7290015670630,false,מרוקאיות בנגיעות קוק,מרסי,IL,מרוקאיות בנגיעות קוקוס 300,גרמים,300.00,100 גרם,false,1,26.90,8.9667,true,1,19580
7290015673181,false,בורגר על האש קליפורנ,טבע דלי,IL,בורגר על האש קליפורניה עם ברוקולי 400 גר,גרמים,400.00,100 גרם,false,1,25.90,6.4750,true,1,128164
7290015673198,false,המבורגר טקסס עם פטרי,טבע דלי בעמ,IL,טבע דלי טקסס בורגר עבה עם פטריות 400 גרם,גרמים,400.00,100 גרם,false,1,25.90,6.4750,true,1,128158
7290015673587,false,קריספי נגיסי טופו רו,טבע דלי,IL,קריספי נגיסי טופו רוטב אסייתי350 גרם,גרמים,350.00,100 גרם,false,1,27.90,7.9714,true,1,12843
7290015733120,false,מטרנה גולד שלב 1 תרכובת מזון על בסיס חלבי,מטרנה,IL,מטרנה גולד שלב אחד 700 גרם,גרמים,700.00,100 גרם,false,1,74.90,10.7000,true,1,21943
7290015781008,false,"יין ויז'ן מרלו 750 מ""ל",יקב טפרברג 1870 בעמ,IL,יין ויזאן מרלו,מיליליטרים,750.00,"100 מ""ל",false,1,39.90,5.3200,true,1,127384
7290015781015,false,"יין ויז'ן מלבק 750 מ""ל",יקב טפרברג 1870 בעמ,IL,ויזאן מלבק,מיליליטרים,75000.00,"100 מ""ל",false,1,39.90,0.0532,true,1,127338
7290015781046,false,ויז'ן לבן חצי יבש 750מל,יקב טפרברג 1870 בעמ,IL,יין ויזאן לבן חצי יבש,מיליליטרים,75000.00,"100 מ""ל",false,1,39.90,0.0532,true,1,127524
7290015781053,false,"יין ויז'ן לבן יבש 750 מ""ל",יקב טפרברג 1870 בעמ,IL,"VISION לבן יבש 750 מ""ל",מיליליטרים,750.00,"100 מ""ל",false,1,39.90,5.3200,true,1,10497
7290015781091,false,"יין ויז'ן קברנה סובניון 750 מ""ל",יקב טפרברג 1870 בעמ,IL,קברנה סובניון,מיליליטרים,750.00,"100 מ""ל",false,1,39.90,5.3200,true,1,127339
7290015781114,false,"יין אימפרשן מרלו 750 מ""ל",יקב טפרברג 1870 בעמ,IL,"יין מרלו אימפרשן יקב טפרברג 750 מ""ל",מיליליטרים,750.00,"100 מ""ל",false,1,49.90,6.6533,true,1,127527
7290015781121,false,"קברנה סוביניון אימפרשיאון 750 מ""ל-מרכז",יקב טפרברג 1870 בעמ,IL,"יין ק.סובניון אימפרשן יקב טפרברג 750 מ""ל",מיליליטרים,750.00,"100 מ""ל",false,1,49.90,6.6533,true,1,127525
7290015781138,false,יין שרדונה אימפריישן,יקב טפרברג 1870,,"IMPRESSION שרדונה 750 מ""ל.",מיליליטרים,750.00,"100 מ""ל",false,1,49.90,6.6533,true,1,127335
7290015781145,false,יין אימפרשיין ריזלינ,יקב טפרברג,,IMPRESSION ריזלינג- יין לבן בציר מאוחר,מיליליטרים,750.00,"100 מ""ל",false,1,49.90,6.6533,true,1,128607
7290015781152,false,"רוזה אימפרשיאון 750 מ""ל",יקב טפרברג,,"יין רוזה אימפרשן יקב טפרברג 750 מ""ל",מיליליטרים,750.00,"100 מ""ל",false,1,49.90,6.6533,true,1,582
7290015781169,false,"יין קברנה סוביניון - חצי יבש אימפרשן 750מ""ל",יקב טפרברג 1870 בעמ,IL,אימפרשיין קברנה סובניון,מיליליטרים,750.00,"100 מ""ל",false,1,49.90,6.6533,true,1,127337
7290015781220,false,יין איסנפייר בלאנד ל,יקב טפרברג 1870,,INSPIRE DESTITAGE ויונייה סוביניון בלא,מיליליטרים,750.00,"100 מ""ל",false,1,79.90,10.6533,true,1,127777
7290015781237,false,יין איסנפייר בלאנד ל,יקב טפרברג,IL,INSPIRE FEMITAGE דבוקי גוורצטרמינר 750,מיליליטרים,750.00,"100 מ""ל",false,1,79.90,10.6533,true,1,134786
7290015781268,false,"יין מוסקטו אדום 750 מ""ל",יקב טפרברג,,"מוסקטו אדום 750 מ""ל טפרברג",מיליליטרים,750.00,"100 מ""ל",false,1,39.90,5.3200,true,1,127725
7290015781275,false,יין טפרברג מוסקטו לב,יקב טפרברג 1870 בעמ,IL,"יין מוסקטו לבן יקב טפרברג 750 מ""ל",מיליליטרים,750.00,"100 מ""ל",false,1,39.90,5.3200,true,1,127523
7290015781282,false,"יין גוורצטמינר אימפרשן 750מ""ל",יקב טפרברג 1870,,"IMPRESSION גוורצטרמינר 750 מ""ל",מיליליטרים,750.00,"100 מ""ל",false,1,49.90,6.6533,true,1,127336
7290015781299,false,יין שיראז אדום טפמבר,יקב טפרברג 1870 בעמ,IL,יין שיראז אדום טפמברג,מיליליטרים,750.00,"100 מ""ל",false,1,39.90,5.3200,true,1,128913
7290015781305,false,"יין אימפרשן סירה 750 מ""ל",יקב טפרברג 1870 בעמ,IL,"IMPRESSION סירה 750 מ""ל",מיליליטרים,750.00,"100 מ""ל",false,1,49.90,6.6533,true,1,128576
7290015781664,false,יין אלגרו למבורסקו ל,יקב טפרברג 1870 בעמ,IL,אלגרו למברוסקו לבן 750,מיליליטרים,750.00,"100 מ""ל",false,1,29.90,3.9867,true,1,16826
7290015839006,false,שטרודל במילוי תפוחים,נתי שטרודל וינאי בעמ,IL,פרסבורג תפוח עץ נתי קפוא 500גרם,גרמים,500.00,100 גרם,false,1,26.90,5.3800,true,1,19072
7290015839013,false,פרסבורג גבינה נתי קפ,נתי שטרודל וינאי בעמ,IL,שטרודל גבינה במארז500,גרמים,500.00,100 גרם,false,1,26.90,5.3800,true,1,19083
7290015839020,false,שטרודל במילוי פרג 56,נתי שטרודל וינאי בעמ,IL,שטרודל פרג במארז500,גרמים,500.00,100 גרם,false,1,26.90,5.3800,true,1,19082
7290015839051,false,שטרודל תפוחים ללא תו,נתי שטרודל וינאי בעמ,IL,"שטרודל תפוח עץ לל""ס במארז500",גרמים,500.00,100 גרם,false,1,26.90,5.3800,true,1,29277
7290015839068,false,שטרודל פרג ללא תוספת,נתי שטרודל וינאי בעמ,IL,"שטרודל פרג לל""ס במארז",גרמים,500.00,100 גרם,false,1,26.90,5.3800,true,1,29278
7290015839075,false,שטרודל גבינה ללא תוס,נתי שטרודל וינאי בעמ,IL,"שטרודל גבינה לל""ס במארז",גרמים,500.00,100 גרם,false,1,26.90,5.3800,true,1,29275
7290015839082,false,שטרודל גבינה ואוכמני,נתי שטרודל וינאי בעמ,IL,שטרודל גבינה אוכמניות במארז 500 גר,גרמים,500.00,100 גרם,false,1,26.90,5.3800,true,1,29286
7290015839099,false,שטרודל גבינה שוקו קפ,קומפני לה פרוניה,IL,שטרודל גבינה שוקו במארז500,גרמים,500.00,100 גרם,false,1,26.90,5.3800,true,1,29279
7290015856706,false,חטיף אפונה אפויה טבע,תות תעשיות מזון (201,IL,חטיף אפונה בטעם טבעי,גרמים,50.00,100 גרם,false,1,5.90,11.8000,true,1,25946
7290015856713,false,חטיף אפונה אפוי עם א,אפיפית נצרת (1971) ב,IL,חטיף אפונה בטעם טבעי,גרמים,50.00,100 גרם,false,1,5.90,11.8000,true,1,25947
7290015856720,false,חטיף אפונה אפויה עם,תות תעשיות מזון (201,IL,חטיף אפונה בטעם זעתר,גרמים,50.00,100 גרם,false,1,5.90,11.8000,true,1,25948
7290015856737,false,חטיף אפונה אפויה עם,אפיפית נצרת (1971) ב,IL,חטיף אפונה בטעם פלפל שחור,גרמים,50.00,100 גרם,false,1,5.90,11.8000,true,1,25949
7290015858106,false,ממרח פסטו ביתי 180 ג' עללחם,"מדשא תעשיות מזון בע""",IL,עללחם פסטו ביתי 100 גרם,גרמים,180.00,100 גרם,false,1,19.90,11.0556,true,1,129739
7290015858113,false,ממרח עגבניות מיובשות 180 גרם עללחם,"מדשא תעשיות מזון בע""",IL,"עללחם ממרח עגבניות מיובשות, 180 גרם",גרמים,180.00,100 גרם,false,1,19.90,11.0556,true,1,129740
7290015858144,false,ממרח ארטישוק עלחחם 180 ג',זאביק יצור ושיווק מז,IL,ממרח ארטישוק 180 גרם עללחם,גרמים,180.00,100 גרם,false,1,19.90,11.0556,true,1,129741
7290015858229,false,ממרח טפנד זיתי קלמטה 180 גר',"מדשא תעשיות מזון בע""",IL,עללחם טפנד זיתי קלמטה 180 גרם,גרמים,180.00,100 גרם,false,1,19.90,11.0556,true,1,134809
7290015858243,false,ממרח צימיצורי עללחם 180 ג',זאביק יצור ושיווק מז,IL,ממרח צימיצורי 180 גרם,גרמים,180.00,100 גרם,false,1,19.90,11.0556,true,1,129749
7290015865692,false,תענוג פרי תות שדה ענ,קריות זול,IL,תענוג פרי תות שדה ענבי ציון 400 גרם,גרמים,400.00,100 גרם,false,1,17.90,4.4750,true,1,38086
7290015865708,false,תענוג פרי אוכמניות ע,קריות זול,IL,תענוג פרי אוכמניות ענבי ציון 400 גרם,גרמים,400.00,100 גרם,false,1,17.90,4.4750,true,1,38087
7290015865715,false,קונפיטורה תענוג פרי,קריות זול,IL,תענוג פרי פירות יער ענבי ציון 400 גרם,גרמים,400.00,100 גרם,false,1,17.90,4.4750,true,1,38088
7290015872096,true,חומוס אסלי 700 גר,"סלטי שמיר 2006 בע""מ",IL,חומוס אסלי 700 גר,גרמים,700.00,100 גרם,false,1,8.90,1.2714,true,1,127165
7290015872553,false,חומוס מסעדה שמיר 700,"סלטי שמיר 2006 בע""מ",,חומוס מסעדה 700 גרם,גרמים,700.00,100 גרם,false,1,14.90,2.1286,true,1,33825
7290015875202,false,טאצ' סופר ג'ל פיתיון לתיקנים 10 גר',סאסאטק,IL,טאצ סופר גל פיתיון לתיקנים,יחידה,1.00,יחידה,false,1,46.90,46.9000,true,1,30537
7290015946001,false,ספירולינה קפואה הזהב,אשבל,IL,מאסטר ספירולינה אורגנית הזהב הירוק קפואה,לא מנהל יחידת מידה,2.50,לא מנהל יחידת מידה,false,1,59.00,23.6000,true,1,29788
7290015951227,false,יין גמלא סירה 750 מל,יקבי רמת הגולן,IL,יין גמלא סירה 750 מל,מיליליטרים,750.00,"100 מ""ל",false,1,64.90,8.6533,true,1,27970
7290015951869,false,יקבי רמת הגולן הר חר,מיוצר וממולא על ידי,IL,הר חרמון רוזה,מיליליטרים,750.00,"100 מ""ל",false,1,33.90,4.5200,true,1,1726
7290015968089,false,"צלחות פלסטיק עבות כ-17 ס""מ במבחר צבעים",הוסטס Hostess,,צלחות פלסטיק עבות במיוחד 25 יחידות 17 סמ,לא מנהל יחידת מידה,0.00,לא מנהל יחידת מידה,false,1,8.90,0.0000,true,1,129409
7290015968201,false,כוסות נייר 50 יח לשת,,,כוסות נייר 50 יח לשתיה חמה קרה 310 מל,יחידה,1.00,יחידה,false,1,17.90,17.9000,true,1,14638
7290015968256,false,ראש מטאטא גוליה הוסט,H.N.R.P,CN,ראש מטאטא גוליה הוסטס,יחידה,1.00,יחידה,false,1,7.90,7.9000,true,1,31320
7290015968461,false,כוסות פלסטיק משובחות,F.T.I,,"כוסות פלסטיק משובחות 330 מ""ל 40 יחי",לא מנהל יחידת מידה,0.00,לא מנהל יחידת מידה,false,1,9.90,0.0000,true,1,129408
7290015968508,false,"כוסות פלסטיק לשתיה קרה 180מ""ל",,TR,"כוסות 180 מ""ל פלסטיק לשתיה קרה",יחידה,1.00,יחידה,false,1,8.90,8.9000,true,1,23263
7290015968713,false,צלחת קריסטל מעוטרת בינונית 10 יחידות,הוסטס Hostess,,צלחת קריסטל מעוטרת בינונית 10 יח,לא מנהל יחידת מידה,0.00,לא מנהל יחידת מידה,false,1,14.90,0.0000,true,1,18425
7290015968720,false,צלחת קריסטל מעוטרת גדולה,הוסטס Hostess,,צלחת קריסטל מעוטרת גדולה 10 יח,לא מנהל יחידת מידה,0.00,לא מנהל יחידת מידה,false,1,25.90,0.0000,true,1,18426
7290015968744,false,צלחת מרק קריסטל מעוטרת 10 יחידות,J.E&W.Inc,,צלחת מרק קריסטל מעוטרת 10 יח,לא מנהל יחידת מידה,0.00,לא מנהל יחידת מידה,false,1,24.90,0.0000,true,1,18427
7290015968782,true,מארז פדים להסרת איפו,הדקלאים אגודת שיתופי,CN,מארז שלישיה פדים להסרת איפור 3*80,Unknown,0.00,Unknown,false,1,16.90,0.0000,true,1,134828
7290015979665,false,חסה עגולה,חקלאי,IL,חסה עגולה,יחידה,1.00,יחידה,false,1,7.90,7.9000,true,1,26045
7290016006025,false,סודה שוופס בקבוק 500,יפאורה תבורי בעמ,IL,שוופס מי סודה 0.5 ליטר,מיליליטרים,500.00,"100 מ""ל",false,1,3.90,0.7800,true,1,129041
7290016006292,true,קר ספרינג מנגו בננה,"יפאורה תבורי בע""מ",IL,ספרינג קרטוניות מנגו בננה מלון 1 ל',Unknown,0.00,Unknown,false,1,8.90,0.0000,true,1,134855
7290016006322,false,מים מינרליים מי עדן,מופק ממקור בזלתי עדן,IL,מי עדן בקבוק 1 ליטר,ליטרים,1.00,ליטר,false,1,5.90,5.9000,true,1,129029
7290016006339,false,מים מינרלים - מארז רביעייה,מופק ממקור בזלתי עדן,IL,רביעיית מים 1 ליטר,ליטרים,4.00,ליטר,false,1,11.90,2.9750,true,1,129020
7290016006346,false,שוופס סודה מארז שישייה * 0.5 ל',יפאורה תבורי בעמ,IL,שוופס סודה 0.5 ליטר שישייה,ליטרים,3.00,ליטר,false,1,16.20,5.4000,true,1,129027
7290016028010,true,קינוחי קרם בורלה,,,קינוחי קרם בורלה,Unknown,0.00,Unknown,false,1,9.90,0.0000,true,1,134861
7290016028027,true,קינוחי מוס,,,קינוחי מוס,Unknown,0.00,Unknown,false,1,9.90,0.0000,true,1,134862
7290016028423,true,קינוחי פנקוטה עם מכס,,,קינוחי פנקוטה עם מכס,Unknown,0.00,Unknown,false,1,9.90,0.0000,true,1,134863
7290016028447,true,נר נשמה,,,נר נשמה,לא מנהל יחידת מידה,0.00,לא מנהל יחידת מידה,false,1,2.00,0.0000,true,1,8399
7290016028560,true,נר 48 שעות,,,נר 48 שעות,Unknown,0.00,Unknown,false,1,3.90,0.0000,true,1,134864
7290016028850,true,להבונים מוארים (50),,,להבונים מוארים (50),Unknown,0.00,Unknown,false,1,11.90,0.0000,true,1,134867
7290016047301,true,קמח רב תכליתי 500 גר,מנדלז סי.אר. פרודקשן,IL,קמח רב תכליתי 500 גר,גרמים,500.00,100 גרם,false,1,23.90,4.7800,true,1,134874
7290016047318,true,קמח לבצק דק 500 גרם,,,קמח לבצק דק 500 גרם,גרמים,500.00,100 גרם,false,1,23.90,4.7800,true,1,134875
7290016077759,true,רוטב ברביקיו קלאסי,,NL,היינץ רוטב ברביקיו קלאסי 480 גרם,יחידה,1.00,יחידה,false,1,17.90,17.9000,true,1,20376
7290016080551,true,מתבל עגבניות אורגני,היינץ צפון אמריקה מק,NL,היינץ מתבל עגבניות אורגני 580 גרם,Unknown,0.00,Unknown,false,1,17.90,0.0000,true,1,134879
7290016081619,false,RETRACTABLE - שלט BT,,,RETRACTABLE - שלט BT עם אוזניה - צבע שחו,יחידה,1.00,יחידה,false,1,109.00,109.0000,true,1,21488
7290016081626,false,RETRACTABLE - שלט BT,,,RETRACTABLE - שלט BT עם אוזניה - צבע לב,יחידה,1.00,יחידה,false,1,109.00,109.0000,true,1,21487
7290016087192,false,עגבניות מרוסקות 230 ג' פריניר,פריניר ( הדס 1987) ב,IL,פריניר מרוסקות 230 ג,גרמים,230.00,100 גרם,false,1,5.90,2.5652,true,1,11123
7290016087215,false,עגבניות מרוסקות שום 240 ג' פריניר,פריניר ( הדס 1987) ב,IL,עגבניות מרוסקות מרוכזות בתוספת שום,גרמים,230.00,100 גרם,false,1,5.90,2.5652,true,1,37596
7290016087222,false,רוטב עגבניות לשקשוקה 230 ג' פריניר,פריניר ( הדס 1987) ב,IL,פריניר רוטב עגבניות מרוכז לשקשוקה 230 גרם,גרמים,230.00,100 גרם,false,1,5.90,2.5652,true,1,11125
7290016094039,false,"ד""ר פישר - אולטרסול ספריי שקוף קידס 200 מ""ל 50SPF",פישר מעבדות פרמצבטיו,IL,ספריי שקוף לילדים 50 SPF,מיליליטרים,200.00,"100 מ""ל",false,1,44.90,22.4500,true,1,13399
7290016094817,false,"ד""ר פישר - אולטרסול ספריי שמן גזר 200 מ""ל 20SPF",פישר מעבדות פרמצבטיו,IL,"ספריי שמן, שמן גזר",מיליליטרים,200.00,"100 מ""ל",false,1,39.90,19.9500,true,1,13398
7290016137316,true,עוגיות ריבה ללא תוספ,לה פרינה,IL,עוגיות ריבה ללא תוספת סוכר La Farina,Unknown,0.00,Unknown,false,1,38.90,0.0000,true,1,19869
7290016137323,true,עוגיות טוויל שומשום,לה פרינה,IL,עוגיות טוויל שומשום La Farina,Unknown,0.00,Unknown,false,1,38.90,0.0000,true,1,19870
7290016137330,true,עוגיות טחינה ללא תוס,לה פרינה,IL,עוגיות טחינה ללא תוספת סוכר La Farina,Unknown,0.00,Unknown,false,1,38.90,0.0000,true,1,19871
7290016144000,false,"קמח חיטה מלאה נפלאות 80% 1 ק""ג","קמח מלכים בע""מ",IL,"קמח חיטה 80 נפלאות 1 ק""ג",קילוגרמים,1.00,"ק""ג",false,1,8.90,8.9000,true,1,34285
7290016144017,false,"קמח חיטה מלאה נפלאות 100% 1 ק""ג",קמח מלכים,IL,"קמח חיטה 100 נפלאות 1 ק""ג",קילוגרמים,1.00,"ק""ג",false,1,8.90,8.9000,true,1,34286
7290016144024,false,"קמח כוסמין מלא נפלאות 100% 1 ק""ג","קמח מלכים בע""מ",IL,"קמח נפלאות כוסמין 100% 1 ק""ג",קילוגרמים,1.00,"ק""ג",false,1,14.90,14.9000,true,1,30631
7290016144031,false,"קמח חיטה לבן נפלאות 1 ק""ג",קמח מלכים,IL,"קמח נפלאות חיטה לבן 1 ק""ג",קילוגרמים,1.00,"ק""ג",false,1,6.90,6.9000,true,1,30630
7290016144048,false,"קמח כוסמין לבן נפלאות 1 ק""ג","קמח מלכים בע""מ",IL,"קמח נפלאות כוסמין לבן 1 ק""ג",קילוגרמים,1.00,"ק""ג",false,1,16.90,16.9000,true,1,30632
7290016146004,true,קמח שקד מולבן 300,"שקד תבור בע""מ",IL,שקד תבור קמח שקד קלוף 300 גרם,גרמים,300.00,100 גרם,false,1,24.90,8.3000,true,1,12538
7290016146110,true,סירופ חרובים לחיץ 50,שקד תבור,IL,סירופ חרובים לחיץ 500 גרם שקד תבור,גרמים,500.00,100 גרם,false,1,22.90,4.5800,true,1,34870
7290016146141,true,סירופ מייפל 100% אור,שקד תבור,CA,סירופ מייפל 100% אורגני 330 שקד תבור,גרמים,330.00,100 גרם,false,1,29.90,9.0606,true,1,7783
7290016146400,true,שוקולד תבור 60% 1,שקד תבור בעמ,IL,שוקולד תבור 60% 100 גרם,Unknown,0.00,Unknown,false,1,15.90,0.0000,true,1,12547
7290016146424,true,שוקולד תבור 100%BIO,שקד תבור בעמ,IL,שוקולד תבור 100%BIO 100גרם,Unknown,0.00,Unknown,false,1,15.90,0.0000,true,1,12548
7290016146431,true,שוקולד תבור 72% 100ג,שקד תבור בעמ,IL,שוקולד תבור 72% 100גרם,Unknown,0.00,Unknown,false,1,15.90,0.0000,true,1,12549
7290016146448,true,שוקולד תבור 85% 100,שקד תבור,IL,שוקולד תבור 85% 100גרם,גרמים,100.00,100 גרם,false,1,15.90,15.9000,true,1,12550
7290016146455,true,שוקולד תבור 100% BIO,שקד תבור,IL,שוקולד תבור 100% BIO100גרם,Unknown,0.00,Unknown,false,1,15.90,0.0000,true,1,12551
7290016146462,true,שוקולד תבור BIO88%,שקד תבור,IL,שוקולד תבור BIO88% 100גרם,Unknown,0.00,Unknown,false,1,15.90,0.0000,true,1,12552
7290016146523,true,גרנולת הבית 500,שקד תבור,IL,גרנולת הבית 500 גרם,גרמים,500.00,100 גרם,false,1,18.90,3.7800,true,1,12554
7290016150117,false,סלק אדום מבושל 500 ג' בוואקום,חקלאי,IL,סלק מקולף בוואקום 500 גרם,גרמים,500.00,100 גרם,false,1,7.90,1.5800,true,1,8638
7290016150391,false,סלק בואקום,חקלאי,IL,סלק בואקום,Unknown,0.00,Unknown,false,1,9.90,0.0000,true,1,134903
7290016162264,false,עוגת גבינה רנססנס 450 גר',קפולסקי שיווק וקמעונ,IL,עוגת גבינה רנסנס 450 גרם,גרמים,450.00,100 גרם,false,1,39.90,8.8667,true,1,128198
7290016188592,false,"יין למברוסקו אדום חצי יבש 750 מ""ל","כד בני דרום בע""מ",IT,למברוסקו גקובזי אדום,יחידה,1.00,יחידה,false,1,36.90,36.9000,true,1,21459
7290016188608,false,"יין למברוסקו לבן חצי יבש 750מ""ל",יקב גאקובזי,IT,למברוסקו אמיליה יין מבעבע לבן חצי יבש 750 מל,יחידה,1.00,יחידה,false,1,36.90,36.9000,true,1,21458
7290016197488,false,מטליות מיקרופייבר למשטחים ניקול 3יח',UFO INC,CN,מטליות מיקרופייבר משטחים,לא מנהל יחידת מידה,0.00,לא מנהל יחידת מידה,false,1,14.90,0.0000,true,1,128413
7290016197495,false,מטלית קסם מיקרופייבר לרצפה ניקול 2יח',חוגלה קימברלי,CN,מטליות מיקרופייבר רצפה,לא מנהל יחידת מידה,0.00,לא מנהל יחידת מידה,false,1,21.90,0.0000,true,1,128414
7290016197600,false,דיפנד - תחבושת לנשים נורמל 12 יח',kimberly clark,,תחבושת דיפנד לנשים נורמל,לא מנהל יחידת מידה,0.00,לא מנהל יחידת מידה,false,1,21.90,0.0000,true,1,128795
7290016197617,false,דיפנד - תחבושות לנשים אקסטרה 10 יח',kimberly clark,,תחבושת דיפנד לנשים אקסטרה,לא מנהל יחידת מידה,0.00,לא מנהל יחידת מידה,false,1,21.90,0.0000,true,1,128800
7290016197624,false,דיפנד - תחבושת לנשים סופר 8 יח',kimberly clark,,תחבושת דיפנד לנשים סופר,לא מנהל יחידת מידה,0.00,לא מנהל יחידת מידה,false,1,21.90,0.0000,true,1,128801
7290016197839,false,ניקול השקית החזקה 20 יח' XL,אשפלסט תעשיות בעמ,IL,זוג שקיות אשפה ניקול,לא מנהל יחידת מידה,0.00,לא מנהל יחידת מידה,false,1,24.90,0.0000,true,1,1852
7290016217735,false,חציל על האש סלטי שמי,"סלטי שמיר 2006 בע""מ",IL,חציל אש 200,גרמים,200.00,100 גרם,false,1,12.90,6.4500,true,1,4757
7290016217742,false,חציל בטחינה שמיר 200 ג',"סלטי שמיר 2006 בע""מ",IL,חציל אש +טחינה 200,גרמים,200.00,100 גרם,false,1,12.90,6.4500,true,1,4771
7290016217759,false,חצילים בסגנון מרוקאי,"סלטי שמיר 2006 בע""מ",IL,חציל מורוקאי -גורמה,גרמים,200.00,100 גרם,false,1,13.90,6.9500,true,1,1814
7290016217988,false,גרבדלקס סלמון כבוש 100 גרם,"סלטי שמיר 2006 בע""מ",,גרבדלקס סלמון 100 גרם,גרמים,100.00,100 גרם,false,1,26.90,26.9000,true,1,19328
7290016230888,false,סוללה 3V (5 יחידות),,,סוללה 3V 5 יחידות,יחידה,1.00,יחידה,false,1,19.90,19.9000,true,1,12338
7290016233384,true,גפילטע פיש 7 קציצות,,,גפילטע פיש 7 קציצות,לא מנהל יחידת מידה,0.00,לא מנהל יחידת מידה,false,1,14.90,0.0000,true,1,4431
7290016245653,false,לחם סנדוויץ חצי משפח,מאפיית טעמי הכפר 201,,לחם שיפון מלא חצי קסטן,גרמים,600.00,100 גרם,false,1,17.90,2.9833,true,1,126314
7290016245769,true,לחם כוסמין מחמצת בתו,,,לחם כוסמין מחמצת בתוספת פשתן,לא מנהל יחידת מידה,0.00,לא מנהל יחידת מידה,false,1,17.90,0.0000,true,1,5802
7290016245806,false,מארז לחמניות המבורגר,ביכורים,,מארז לחמניות המבורגר,יחידה,1.00,יחידה,false,1,15.90,15.9000,true,1,21308
7290016246018,false,בארכה מיקס פינוקיות חלווה 10*20ג,רושדי תעשיות מזון בע,IL,פינוקיות חלבה בארכה מיקס 10*200גרם,גרמים,200.00,100 גרם,false,1,13.90,6.9500,true,1,134926
7290016246025,false,בארכה מיקס פינוקיות חלווה ללא סוכר 10*20ג,רושדי תעשיות מזון בע,IL,חלבה ללס פנוקיות בארכה*10 200גרם,גרמים,200.00,100 גרם,false,1,13.90,6.9500,true,1,134927
7290016246445,true,טחינה גולמית מעודנ,רושדי תעשיות מזון בע,IL,בארכה טחנ.גולמית מעודנת שמשם.מלא12*310ג,גרמים,310.00,100 גרם,false,1,13.90,4.4839,true,1,11729
7290016246452,true,טחינה .גולמית מעוד,רושדי תעשיות מזון בע,IL,בארכה טחנ.גולמית מעודנת לימון שום12*310ג,גרמים,310.00,100 גרם,false,1,13.90,4.4839,true,1,11730
7290016246773,false,טחינה גולמית מתובלת מעודנת בארכה 310 גר',רושדי תעשיות מזון בע,IL,בארכה טחינה גולמית מעודנת זעתר310גרם,גרמים,310.00,100 גרם,false,1,13.90,4.4839,true,1,28203
7290016270709,false,שרי קלמר ארוז יח,חקלאי,IL,שרי קלמר ארוז יח,גרמים,460.00,100 גרם,false,1,11.90,2.5870,true,1,1781
7290016270877,true,פלפל ביס טינקלברג,חקלאי,IL,פלפל ביס טינקלברג,Unknown,0.00,Unknown,false,1,9.90,0.0000,true,1,134961
7290016277654,false,פיסטוק קלוף טבעי 150,דין שיווק,IL,פיסטוק קלוף טבעי 150 גרם,גרמים,150.00,100 גרם,false,1,39.80,26.5333,true,1,34036
7290016304404,false,לחם קוביות 100% כוסמין 600 ג',מאפיית דוידוביץ ובני,IL,לחם קוביות 100% כוסמין 600גרם,גרמים,600.00,100 גרם,false,1,11.90,1.9833,true,1,25390
7290016304596,false,מארז 10 לחמניות בשקית,מאפית דוידוביץ ובניו,IL,לחמניות לסנדויץ 10 יח במארז,גרמים,750.00,100 גרם,false,1,13.90,1.8533,true,1,25860
7290016319118,false,מגע הדבש שעווה מתקלפת לפנים 100גרם,המאפיה של הרמן,ES,מגע הדבש שעווה מתקלפת לפנים 100גרם,גרמים,100.00,100 גרם,false,1,27.90,27.9000,true,1,29811
7290016319309,false,פמלי פרלי 1ליטר מאסק קלאסי+משאבה,הנסיך- מפעל לייצור ט,TR,אל סבון מאסק קלאסי,ליטרים,1.00,ליטר,false,1,14.90,14.9000,true,1,128713
7290016321531,false,רצועות שעווה מגע המש,שוורצקוף& הנקל דיסלד,ES,מגע הדבש רצועות שעווה 12+3 אלוורה,יחידה,1.00,יחידה,false,1,26.90,26.9000,true,1,25735
7290016321548,false,רצועות שעווה מגע המש,VIOKOX,ES,מגע הדבש רצועות שעווה 12+3 קמומיל,יחידה,1.00,יחידה,false,1,26.90,26.9000,true,1,25737
7290016321555,false,רצועות שעווה מוכנות,VIOKOX,ES,מגע הדבש רצועות שעווה 16+4 ביקיני ובית שחי,יחידה,1.00,יחידה,false,1,26.90,26.9000,true,1,25736
7290016321661,false,מגבונים פרש וואנס סנסיטיב קר רביעיה,עלבד משואות יצחק,IL,פרש וואנס רביעייה סנסטיב SENSITIVE קייר,לא מנהל יחידת מידה,0.00,לא מנהל יחידת מידה,false,4,18.90,0.0000,true,1,14278
7290016321678,false,מגבונים לחים בניחוח מרענן עם תמציות קמומיל ואלוורה,עלבד משואות יצחק,IL,פרש וואנס רביעייה נטורל NATURAL קייר,לא מנהל יחידת מידה,0.00,לא מנהל יחידת מידה,false,4,18.90,0.0000,true,1,18684
7290016321777,false,רצועות שעווה לפנים מ,שוורצקוף& הנקל דיסלד,ES,מגע הדבש רצועות שעווה לפנים 20+5,יחידה,1.00,יחידה,false,1,26.90,26.9000,true,1,25738
7290016321883,false,פ.ו נייר טואלט מתכלה ילדים 40יח- שלישייה,עלבד משואות יצחק בעמ,IL,פרשוואנס נייר טואלט מתכלה לילדים -מארז שלישייה,יחידה,1.00,יחידה,false,1,15.90,15.9000,true,1,14723
7290016321890,false,פ.ו נייר טואלט מתכלה מבוגרים 40יח- שלישייה,עלבד משואות יצחק בעמ,IL,פרשוואנס נייר טואלט מתכלה לילדים -מארז שלישייה,יחידה,1.00,יחידה,false,1,15.90,15.9000,true,1,14722
7290016370959,false,חציל קלוי פירה בצנצנת ‏580‏ ג' יבנה,תאי פרזידנט פוד פאבל,IL,קבוצת יבנה חציל קלוי על האש 530 גרם,גרמים,530.00,100 גרם,false,1,12.90,2.4340,true,1,128689
7290016370973,false,פלפל קלוי גמביה בצנצנת 580 ג' ‏יבנה,קדבורי,IL,"קבוצת יבנה, פלפל אדום קלוי על האש במי מלח, 540 גרם",גרמים,390.00,100 גרם,false,1,12.90,3.3077,true,1,128690
7290016372342,true,עגבניות קוביות שלישי,שוורצקוף& הנקל דיסלד,IT,בלה איטליה עגבניות חתוכות לקוביות במיץ 1.2 קג,Unknown,0.00,Unknown,false,1,16.90,0.0000,true,1,135050
7290016372373,true,רסק עגבניות בלה איטל,שוורצקוף& הנקל דיסלד,IT,בלה איטליה רסק עגבניות 280 גרם,גרמים,280.00,100 גרם,false,1,7.90,2.8214,true,1,135052
7290016372397,false,"תה ויסוצקי ירוק תפוז,ג'ינגר וכורכום 25 יח'",ויסוצקי ירוק,IL,תה ירוק תפוז גינגר וכורכום 25 שקיקים,גרמים,48.00,100 גרם,false,1,25.90,53.9583,true,1,129621
7290016372458,true,גן קסום לימונית ולוא,HIQ FOOD PRODUCTS,IL,גן קסום לימונית ולוא,Unknown,0.00,Unknown,false,1,33.90,0.0000,true,1,135053
7290016408119,false,טרליני כעכים בטעם קלאסי 225 גר' - בדץ,אפוליה,IL,"טרליני פניני, מיני כעכים בטעם קלאסי 225 גרם",גרמים,225.00,100 גרם,false,1,8.90,3.9556,true,1,128436
7290016408133,false,טרליני כעכים בטעם בצל וזיתים 225 גר' - בדץ,אפוליה,IL,"טרליני פניני, מיני כעכים בתוספת בצל וזיתים 225 גרם",גרמים,225.00,100 גרם,false,1,8.90,3.9556,true,1,128437
7290016408157,false,טרליני כעכים עם קמח מלא 225 גר',אפוליה,IL,"טרליני פניני, מיני כעכים עם קמח מלא 225 גרם",גרמים,225.00,100 גרם,false,1,8.90,3.9556,true,1,128422
7290016408294,false,"מרשמלו ורוד לבן וסטהיים 150 ג', 26 בקרטון",מנדלז סי.אר. פרודקשן,IL,"מרשמלו ורוד לבן וסטהיים 150 ג', 26 בקרטון",גרמים,150.00,100 גרם,false,1,5.90,3.9333,true,1,128789
7290016408423,false,קרקר עם זיתים שחורים,תות תעשיות מזון (201,LT,קרקר דגנים עם זיתים שחורים ושום,גרמים,130.00,100 גרם,false,1,6.90,5.3077,true,1,128671
7290016408447,false,קרקר עם עגבניות ובזי,דנוויטה ג'יי. אס. סי,LT,קרקר דגנים עם עגבניות,לא מנהל יחידת מידה,0.00,לא מנהל יחידת מידה,false,1,6.90,0.0000,true,1,128667
7290016408980,false,"מטבעות שוקולד חלב 36 ג' כשל""פ בד""ץ",כרמית,IL,מטבעות שוקולד חלב 36 גרם,גרמים,36.00,100 גרם,false,1,3.90,10.8333,true,1,20146
7290016416022,false,כדורי שוקולד כשלפ,קפולסקי שיווק וקמעונ,,"כדורי שוקולד 280 גרם כשל""פ",גרמים,280.00,100 גרם,false,1,29.90,10.6786,true,1,4952
7290016437614,false,"תחתוני חיתולים פרידום דריי מידה 3 6-11 ק""ג",האגיס Huggies,CZ,האגיס פרידום דריי פנטס מידה 3,לא מנהל יחידת מידה,0.00,לא מנהל יחידת מידה,false,1,46.90,0.0000,true,1,129963
7290016437621,false,"תחתוני חיתולים פרידום דריי מידה 4 9-11 ק""ג",האגיס Huggies,CZ,האגיס פרידום דריי פנטס מידה 4,לא מנהל יחידת מידה,0.00,לא מנהל יחידת מידה,false,1,46.90,0.0000,true,1,4821
7290016437645,false,האגיס פרידום דריי פנטס מידה 5 34 יח',קימברלי,CZ,האגיס פרידום דריי פנטס מידה 5,לא מנהל יחידת מידה,0.00,לא מנהל יחידת מידה,false,1,46.90,0.0000,true,1,4804
7290016437652,false,האגיס פרידום דריי פנטס מידה 6 30 יח',קימברלי,CZ,האגיס פרידום דריי פנטס מידה 6,לא מנהל יחידת מידה,0.00,לא מנהל יחידת מידה,false,1,46.90,0.0000,true,1,8716
7290016505009,false,שוקולד פנדה טבעי קר,"מדשא תעשיות מזון בע""",IL,שוקולד פנדה טבעי קרם בוטנים 100 גרם,גרמים,100.00,100 גרם,false,1,20.90,20.9000,true,1,10031
7290016505016,false,שוקולד פנדה טבעי קל,"מדשא תעשיות מזון בע""",IL,שוקולד פנדה טבעי קלאסי 100 גרם,גרמים,100.00,100 גרם,false,1,20.90,20.9000,true,1,10034
7290016505023,false,שוקולד פנדה טבעי נו,"מדשא תעשיות מזון בע""",IL,שוקולד פנדה טבעי נוגט 100 גרם,גרמים,100.00,100 גרם,false,1,20.90,20.9000,true,1,10032
7290016505047,false,שוקולד פנדה טבעי קר,"מדשא תעשיות מזון בע""",IL,שוקולד פנדה טבעי קרמלח 100 גרם,גרמים,100.00,100 גרם,false,1,20.90,20.9000,true,1,10033
7290016505085,false,חטיף פנדה נוגט פצפוצ,"מדשא תעשיות מזון בע""",,חטיף פנדה נוגט פצפוצי אורז,גרמים,45.00,100 גרם,false,1,8.90,19.7778,true,1,10412
7290016505146,false,חטיף חלבה ופיסטוק 45,פנדה מוצרים טבעוניים,IL,חטיף חלבה ופיסטוק 45גרם פנדה,גרמים,45.00,100 גרם,false,1,9.90,22.0000,true,1,25365
7290016508246,false,פרמייר שימורים לכלב,מונג,IT,פרמייר שימורים לכלב בקר 415גר,גרמים,415.00,100 גרם,false,1,4.00,0.9639,true,1,37228
7290016509786,true,פרסיל גל ירוק 2.5 לי,"הנקל סוד בע""מ",IL,ג'ל מרוכז לכביסה במכונה - לבנה וצבעונית,ליטרים,2.50,ליטר,false,1,34.90,13.9600,true,1,10424
7290016509823,true,פרסיל גל בלו 2.5 ליט,"הנקל סוד בע""מ",IL,ג'ל מרוכז לכביסה במכונה - לבנה וצבעונית,ליטרים,2.50,ליטר,false,1,34.90,13.9600,true,1,10426
7290016509830,true,פרסיל גל בייבי 2.5 ל,"הנקל סוד בע""מ",IL,פרסיל ג'ל כביסה לבגדי תינוקות ולבעלי עור רגיש,ליטרים,2.50,ליטר,false,1,34.90,13.9600,true,1,10427
7290016545036,false,בירה בירבזאר בלאק גק,מבשלת הארץ (בירבזאר),IL,"בירה בירבזאר בלאק גק בקבוק 330 מ""ל",מיליליטרים,330.00,"100 מ""ל",false,1,15.90,4.8182,true,1,35489
7290016545067,false,בירה בירבזאר וויטני,מבשלת הארץ (בירבזאר),IL,"בירה בירבזאר וויטני בקבוק 330 מ""ל",מיליליטרים,330.00,"100 מ""ל",false,1,15.90,4.8182,true,1,35488
7290016564006,true,מבריקל הפלא 3 יח,מבריקל,CN,מבריקל הפלא 3 יח,יחידה,3.00,יחידה,false,1,9.90,3.3000,true,1,38138
7290016564266,false,מבריקל כיסוי פלא 30 יח,מבריקל,CN,כיסוי הפלא 30 יח,יחידה,30.00,יחידה,false,1,9.90,0.3300,true,1,38142
7290016567007,false,מחית אסאי ריבאר קפוא,בלהאיסה,BR,מחית אסאי ריבר 100גרם,גרמים,100.00,100 גרם,false,1,10.90,10.9000,true,1,16426
7290016580228,false,תבנית אפייה נייר אינ,,,תבנית אפייה נייר אינגלייש,לא מנהל יחידת מידה,0.00,לא מנהל יחידת מידה,false,1,10.90,0.0000,true,1,13565
7290016580235,true,תבנית אפייה נייר בינ,,,תבנית אפייה נייר בינ,Unknown,0.00,Unknown,false,1,9.90,0.0000,true,1,135138
7290016584011,false,חטיפוני גזר 350 גרם,"מרינה פטריות הגליל בע""מ",IL,חטיפוני גזר 350 גרם,גרמים,350.00,100 גרם,false,1,10.90,3.1143,true,1,8633
7290016584219,false,שעועית ירוקה שלמה טר,חקלאי,IL,שעועית ירוקה שלמה טרייה בשקית,גרמים,600.00,100 גרם,false,1,15.90,2.6500,true,1,30570
7290016607772,false,יין רוזה גליל דלתון,"איי, בי, אינבוו",IL,דלתון יין גליל רוזה יבש 2020 12.5% כהל 750 מל,מיליליטרים,750.00,"100 מ""ל",false,1,64.90,8.6533,true,1,26848
7290016621358,true,קמיל אל סבון ידיים ו,"ד""ר פישר",IL,קמיל אל סבון ידיים ורוד 1 ליטר,ליטרים,1.00,ליטר,false,1,15.90,15.9000,true,1,135143
7290016663174,false,עוגיות גרעינים בוטני,מורנינג פוד,IL,עוגיות גרעינים בוטנים חמוציות 200 גר,גרמים,200.00,100 גרם,false,1,22.90,11.4500,true,1,35832
7290016663426,false,עוגיות שומשום שוקולד,מורנינג פוד,IL,עוגיות שומשום שוקולד 200 גר - פסח,גרמים,200.00,100 גרם,false,1,22.90,11.4500,true,1,35834
7290016682038,false,"מיץ תפוזים סחוט 100% טבעי. מפוסטר, מקורר",פריניב,IL,"מיץ תפוזים פריניב 400 מ""ל",מיליליטרים,400.00,"100 מ""ל",false,1,8.50,2.1250,true,1,8954
7290016682199,false,פריניב שייק תות בננה מופחת סוכר 1 ליטר,פריניב בעמ,IL,פריניב שייק תות בננה מופחת סוכר 1 ליטר,ליטרים,1.00,ליטר,false,1,17.50,17.5000,true,1,8958
7290016682243,false,פריניב מיץ אשכולית אדומה סחוט 1 ליטר,פריניב,IL,מיץ אשכולית אדומה 1 ליטר סחוט 100%,ליטרים,1.00,ליטר,false,1,17.50,17.5000,true,1,18643
7290016682335,false,מיץ תפוזים 100% סחוט טבעי,פריניב,IL,מיץ תפוזים פריניב 2 ליטר,ליטרים,2.00,ליטר,false,1,21.50,10.7500,true,1,34318
7290016682342,false,מיץ תפוזים ולנסיה 2 ליטר,פריניב,IL,תפוז וולנסיה סחוט 100% 2 ליטר,ליטרים,2.00,ליטר,false,1,29.90,14.9500,true,1,34319
7290016682359,false,מיץ תפוזים שמוטי 2 ליטר,פריניב,IL,תפוז שמוטי סחוט 100% 2 ליטר,ליטרים,2.00,ליטר,false,1,29.90,14.9500,true,1,34320
7290016682366,false,מיץ תפוח צלול 2 ליטר,פריניב,IL,מיץ תפוח צלול 2 ליטר,ליטרים,2.00,ליטר,false,1,21.50,10.7500,true,1,34321
7290016682380,false,מיץ לימונדה לואיזה 2 ליטר,פריניב,IL,מיץ לימונדה לואיזה ולימון פריניב 2 ליטר,ליטרים,2.00,ליטר,false,1,21.50,10.7500,true,1,34322
7290016682397,false,נקטר פריניב חמוציות,פריניב,IL,מיץ חמוציות 2 ליטר,ליטרים,2.00,ליטר,false,1,21.50,10.7500,true,1,34323
7290016717099,false,"יין כרמל סלקטד אדום חצי יבש, 750 מ""ל",יקבי כרמל Carmel Winery,IL,כרמל סלקטד אדום חצי יבש 2018 750 מל,מיליליטרים,750.00,"100 מ""ל",false,1,29.90,3.9867,true,1,21461
7290016717631,false,יין מוסקטו בעל חוזק אלכוהול נמוך פרייבט קולקשן,אגודת הכורמים הקואופ,IL,יקבי כרמל פרייבט קולקשן מוסקטו 2017 750 מל,מיליליטרים,750.00,"100 מ""ל",false,1,39.90,5.3200,true,1,21462
7290016717754,false,"יין ישן נושן היובל 750 מ""ל",אגודת הכורמים הקואופ,IL,כרמל יין ישן נושן יין אדום ממותק 750 מל,מיליליטרים,750.00,"100 מ""ל",false,1,22.90,3.0533,true,1,8800
7290016829785,false,רביעיית קליפסים חום/,,,רביעיית קליפסים חום/,יחידה,1.00,יחידה,false,1,9.90,9.9000,true,1,33148
7290016866643,false,משחת שיניים פרודונטקס אקסטרה פרש,פרודונטקס Parodontax,SK,"פרודונטקס משחת שיניים אקסטרה פרש 75 מ""ל",מיליליטרים,75.00,"100 מ""ל",false,1,29.90,39.8667,true,1,10471
7290016866650,false,"פרודונטקס - משחת שיניים אוריג'ינל 75 מ""ל",פרודונטקס Parodontax,SK,"פרודונטקס משחת שיניים אוריג'ינל 75 מ""ל",מיליליטרים,75.00,"100 מ""ל",false,1,29.90,39.8667,true,1,10472
7290016866667,false,"פרודונטקס - משחת שיניים ללא פלאוריד 75 מ""ל",פרודונטקס Parodontax,SK,"פרודונטקס משחת שיניים ללא פלאוריד 75 מ""ל",מיליליטרים,75.00,"100 מ""ל",false,1,29.90,39.8667,true,1,10473
7290016866674,false,"פרודונטקס - משחת שיניים מלבינה 75 מ""ל",פרודונטקס Parodontax,SK,"פרודונטקס משחת שיניים מלבינה 75 מ""ל",מיליליטרים,75.00,"100 מ""ל",false,1,29.90,39.8667,true,1,10474
7290016967074,false,לחם אנג'ל 100 חיטה מלאה 750 גר',מאפיית שלמה א. אנג'ל,IL,לחם אנגל חיטה מלאה 750 גרם,גרמים,750.00,100 גרם,false,1,14.90,1.9867,true,1,128943
7290016995008,true,פופקורן אורגני,תבואות,IL,פופקורן אורגני,גרמים,500.00,100 גרם,false,1,9.60,1.9200,true,1,135158
7290016995077,true,קוסקוס כוסמין אורגני,תבואות,IT,קוסקוס כוסמין אורגני,גרמים,400.00,100 גרם,false,1,16.90,4.2250,true,1,135159
7290016995220,true,דבש אורגני,חקלאות עין חרוד מאוח,AR,דבש אורגני,לא מנהל יחידת מידה,0.00,לא מנהל יחידת מידה,false,1,38.90,0.0000,true,1,135166
7290016995282,true,מנגו מיובש אורגני,תבואות,MX,תבואות מנגו מיובש אורגני 150 גרם,גרמים,150.00,100 גרם,false,1,22.90,15.2667,true,1,135169
7290016995329,false,מלחיה הימליה גס תבוא,תבואות,PK,מלחיה הימליה גס,ליטרים,250.00,ליטר,false,1,10.90,0.0436,true,1,28982
7290016995398,false,חומץ תפוח אורגני 1 ל,תבואות,ES,חומץ תפוח אורגני 1 ליטר מסונן תבואות,ליטרים,1.00,ליטר,false,1,22.90,22.9000,true,1,26437
7290016995503,false,חמאת בוטנים קראנצי א,ריזאו שנגקנג,CN,חמאת בוטנים קראנצי אורגנית תבואות510 גר,גרמים,510.00,100 גרם,false,1,19.90,3.9020,true,1,26438
7290016995510,false,חמאת בוטנים אורגנית,ריזאו שנגקנג,CN,חמאת בוטנים אורגנית חלקה 510 גרם,גרמים,510.00,100 גרם,false,1,19.90,3.9020,true,1,26439
7290016995695,false,צייה לבנה אורגנית ת,תבואות,AR,תבואות זרעי צ'יה לבנה אורגניים 300 גרם,גרמים,300.00,100 גרם,false,1,19.90,6.6333,true,1,28976
7290016995770,false,קמח כוסמין לבן ללא צ,תבואות מוצרי מזון או,IL,קמח כוסמין לבן מנופה תבואות 1קג,קילוגרמים,1.00,"ק""ג",false,1,17.90,17.9000,true,1,21323
7290016995800,false,זיתים שחור קלמטה אור,תבואות,IL,זיתים שחור קלמטה אורגני תבואות370גר,גרמים,370.00,100 גרם,false,1,15.90,4.2973,true,1,26442
7290016995824,false,זית ירוק ללא גרעין,תבואות,GR,זית ירוק ללא גרעין אורגני תבואות 370,גרמים,370.00,100 גרם,false,1,15.90,4.2973,true,1,26444
7290016995848,false,שום כתוש אורגני 185,תבואות,CN,שום כתוש אורגני 185 תבואות 185 גרם,גרמים,185.00,100 גרם,false,1,15.90,8.5946,true,1,26445
7290016995855,false,גינגר כתוש אורגני תב,תבואות,CN,גינגר כתוש אורגני תבואות 185 גרם,גרמים,185.00,100 גרם,false,1,15.90,8.5946,true,1,26446
7290016995886,false,פלפל צילי כתוש אורגנ,תבואות,CN,פלפל צילי כתוש אורגני 185 תבואות גרם,גרמים,185.00,100 גרם,false,1,15.90,8.5946,true,1,26447
7290016995930,false,אבקת קקאו אורגנית תב,תבואות,PE,אבקת קקאו אורגנית תבואות 200 גרם,גרמים,200.00,100 גרם,false,1,21.90,10.9500,true,1,26448
7290016995992,false,סודה לשתיה ללא אלומי,תבואות,IL,סודה לשתיה ללא אלומיניום 700תבואות גר,גרמים,700.00,100 גרם,false,1,19.90,2.8429,true,1,26449
7290017023212,true,רבעיית שוופס תפוח,יפאורה תבורי בעמ,IL,"שוופס מוגז פירות תפוח 330 מ""ל פחית רביעייה",Unknown,0.00,Unknown,false,1,16.90,0.0000,true,1,2288
7290017023229,true,רבעיית שוופס תות ליי,יפאורה תבורי בעמ,IL,"שוופס מוגז פירות תות ליים 330 מ""ל פחית רביעייה",Unknown,0.00,Unknown,false,1,16.90,0.0000,true,1,2289
7290017023236,true,רבעיית שוופס ענבים,יפאורה תבורי בעמ,IL,"שוופס מוגז פירות ענבים 330 מ""ל פחית רביעייה",Unknown,0.00,Unknown,false,1,16.90,0.0000,true,1,2290
7290017023854,false,מי סודה בקבוקים אישיים - מארז 4 יח',יפאורה תבורי בעמ,IL,שוופס סודה 250 מל רביעיה,ליטרים,1.00,ליטר,false,1,14.60,14.6000,true,1,12898
7290017023861,false,סודה בטעם לימון בקבוקים אישיים - מארז 4 יח',יפאורה תבורי בעמ,IL,שוופס סודה לימון 250 מל רביעיה,ליטרים,1.00,ליטר,false,1,14.60,14.6000,true,1,12899
7290017023878,false,סודה בטעם נענע ליים בקבוקים אישיים - מארז 4 יח',יפאורה תבורי בעמ,IL,שוופס סודה בטעם נענע ליים 250 מל רביעיה,ליטרים,1.00,ליטר,false,1,14.60,14.6000,true,1,12900
7290017031705,false,"סנסודיין - משחת שיניים קלין&פרש 75 מ""ל",DE MICLEN,SK,"סנסודיין משחת שיניים ניקיון ורעננות, 75 מל",מיליליטרים,75.00,"100 מ""ל",false,1,21.90,29.2000,true,1,20954
7290017031859,false,"פרודונטקס - משחת שיניים אולטרא קלין 75 מ""ל",סמיתקליין ביצ'ם בעמ,SK,"סנסודיין משחת שיניים אולטרה קלין, 75 מל",מיליליטרים,75.00,"100 מ""ל",false,1,29.90,39.8667,true,1,20956
7290017065007,false,פרוסות גבינה מוצרלה חצי קשה 22% שומן 200 ג' גד,מחלבות גד בעמ,IL,גבינה מוצרלה פרוסה גד 150 גרם,גרמים,150.00,100 גרם,false,1,18.90,12.6000,true,1,129184
7290017065137,false,ריקוטה למריחה 5% טבעית 200 גרם - רובין,האי נאם סי או אל.טי.,IL,גד ריקוטה למריחה 5% שומן 200 גרם,גרמים,200.00,100 גרם,false,1,10.90,5.4500,true,1,129776
7290017065144,false,גבינת ריקוטה למריחה 5% בזיליקום 200ג' גד,האי נאם סי או אל.טי.,IL,"גד ריקוטה למריחה, בזיליקום 5% שומן 200 גרם",גרמים,200.00,100 גרם,false,1,10.90,5.4500,true,1,129778
7290017065168,false,גבינה כחלוה 100 גרם בית יוסף,מחלבות גד,DK,גבינה כחולה 30% שומן,גרמים,100.00,100 גרם,false,1,18.90,18.9000,true,1,4977
7290017065175,false,גבינה מנציגו פרוסה 150ג',הנסיך- מפעל לייצור ט,ES,מנצגו פרוס150 גרם גד,גרמים,150.00,100 גרם,false,1,21.90,14.6000,true,1,4978
7290017065212,false,גבינת קרם מסקרפונה מחלבות גד 250 גר,מיוצר עי קוד יצרן ED,IL,גבינת קרם מסקרפונה 250 גרם גד,גרמים,250.00,100 גרם,false,1,21.90,8.7600,true,1,1248
7290017065236,false,גבינה בולגרית מעודנת 24% גד 250 ג',הנסיך- מפעל לייצור ט,IL,בולגרית מעודנת 24%,גרמים,250.00,100 גרם,false,1,26.90,10.7600,true,1,9922
7290017065311,false,פרוסות גבינה מוצרלה מעושנת 200 ג',מחלבות גד בעמ,IL,גבינת מוצרלה מעושנת פרוסות 200 גרם,גרמים,200.00,100 גרם,false,1,18.90,9.4500,true,1,1807
7290017065380,false,גבינת גרנה פדנו שבבים 29%,מחלבות גד,IT,גרנה פדנו שבבים 100 גרם גד,גרמים,100.00,100 גרם,false,1,15.90,15.9000,true,1,13509
7290017065441,false,גבינה גאודה עיזים פרוסה הולנדית 200 גר',מחלבות גד,NL,פרוסות גאודה עיזים 200 גרם,גרמים,200.00,100 גרם,false,1,32.90,16.4500,true,1,13765
7290017065526,false,קוואטרו פורמאג'י 4 גבינות מגוררות 26%,מחלבות גד בעמ,IL,גד קוואטרו פורמאג'י 300 גרם,גרמים,300.00,100 גרם,false,1,29.90,9.9667,true,1,13772
7290017065588,false,יוגורט יווני 10% שומן 600 ג' גד,"מיוצר ע""י קוד יצרן M",IL,גד יוגורט יווני 10% שומן,גרמים,600.00,100 גרם,false,1,17.90,2.9833,true,1,23404
7290017065618,false,גבינת פקורינו פרוס מחלב כבשים,הנסיך- מפעל לייצור ט,ES,גבינה חצי קשה פרוסה מחלב כבשים 36% שומן,גרמים,150.00,100 גרם,false,1,22.90,15.2667,true,1,23403
7290017065649,false,קרם פטיסייר מחלבות ג,מיוצר עי קוד יצרן ED,IL,קרם מסקרפונה 38%,גרמים,250.00,100 גרם,false,1,21.90,8.7600,true,1,23401
7290017065663,false,פטה עיזים מעודנת 16% 250 ג',ג'נרל מילס סאן אדריא,IL,גד בולגרית עיזים מעודנת 16% שומן,גרמים,250.00,100 גרם,false,1,31.90,12.7600,true,1,26819
7290017065731,false,גבינת שמנת 30% ניו יורק +כמהין 200 גרם רבנות,פ.פ.ח. שאביט,IL,גבינת שמנת עם כמהין 30% גד 200גרם,גרמים,200.00,100 גרם,false,1,13.90,6.9500,true,1,29825
7290017065762,false,גבינה יוונית מאנורי 30% שומן 100 ג' גד,מחלבות גד,IL,גבינה בסגנון יווני מאנורי 30% 100גרם,גרמים,100.00,100 גרם,false,1,14.90,14.9000,true,1,34890
7290017065786,false,גבינת צ'דר אנגלית גד 210 ג',מחלבות גד,IL,גבינת צדר גד 210 גרם,גרמים,210.00,100 גרם,false,1,21.90,10.4286,true,1,33706
7290017065861,false,קאצ'יו אה פפה - רוטב פקורינו ופלפל שחור 200 גרם בית יוסף,מחלבות גד,IL,רוטב פקורינו ופלפל שחור גד 200גרם,גרמים,200.00,100 גרם,false,1,18.90,9.4500,true,1,35806
7290017065878,false,מק אנד צ'יז 200 גרם בית יוסף,מחלבות גד,IL,מק אנד ציז גד 200גרם,גרמים,200.00,100 גרם,false,1,18.90,9.4500,true,1,35807
7290017065960,false,"רוטב פורצ`יני גד, 200 גרם",מחלבות גד,IL,רוטב פורציני גד 200גרם,גרמים,200.00,100 גרם,false,1,16.90,8.4500,true,1,38423
7290017068350,false,עדשים שחורות בלוגה מיה 500 גר',מיה,IL,עדשים שחורות בלוגה מיה 500 גרם,גרמים,500.00,100 גרם,false,1,8.90,1.7800,true,1,37679
7290017068367,false,שמרים בוואקום 125 גר',מיה,IL,שמרים יבשים 125 גרם,גרמים,125.00,100 גרם,false,1,4.90,3.9200,true,1,37680
7290017068374,false,שמרים בוואקום 500 גר',angle yeast co ltd,CN,שמרים יבשים מיה 500 גרם,גרמים,500.00,100 גרם,false,1,11.90,2.3800,true,1,37681
7290017068848,false,סוכריות קישוט לעוגה ציבעוני 200 גר',מיה,IL,קישוט לעוגה צבעוני מיה 200 גרם,גרמים,200.00,100 גרם,false,1,8.90,4.4500,true,1,37682
7290017088105,false,טיטולי בייביסיטר מידה 3 38 יח,די.פי.אל תעשיות מוצר,IL,חיתול דק מידה 3,יחידה,38.00,יחידה,false,1,34.90,0.9184,true,1,9923
7290017088129,false,טיטולי בייביסיטר מידה 4+ 34 יח,די.פי.אל תעשיות מוצר,IL,חיתול דק מידה 4+,יחידה,34.00,יחידה,false,1,34.90,1.0265,true,1,9925
7290017088242,false,מגבונים בייבי בייסיק.,,,מגבונים בייבי בייסיק,לא מנהל יחידת מידה,0.00,לא מנהל יחידת מידה,false,1,3.90,0.0000,true,1,14321
7290017105062,false,חומוס OZ6 יכין 200 ג,היינץ צפון אמריקה מק,IL,יכין הקטניה הטובה חומוס שלם 200 גרם,גרמים,200.00,100 גרם,false,1,4.50,2.2500,true,1,8742
7290017105079,false,שעועית אפויה OZ6 יכי,היינץ צפון אמריקה מק,IL,יכין שעועית לבנה ברוטב עגבניות 200 גרם,גרמים,200.00,100 גרם,false,1,4.50,2.2500,true,1,22483
7290017105468,false,שלישיית אפונה קטן -,קשקמט קונסרב הונגריה,HU,יכין אפונת גינה עדינה 200*3,גרמים,50.00,100 גרם,false,1,13.90,27.8000,true,1,22636
7290017105550,false,רסק עגבניות מארז 100X4גר',היינץ צפון אמריקה מק,IL,רסק 100% עגבניה יכין *4 400גרם,גרמים,400.00,100 גרם,false,1,11.90,2.9750,true,1,22112
7290017105895,false,גרגרי חומוס להכנת חומוס 550 גרם יכין,זנלכל,IL,גרגרי חומוס להכנת חומוס משובח,גרמים,550.00,100 גרם,false,1,9.50,1.7273,true,1,26857
7290017106069,false,יכין קוביות סלק 550 ג',היינץ צפון אמריקה מק,IL,סלק קוביות 2A יכין 550גרם,גרמים,550.00,100 גרם,false,1,8.90,1.6182,true,1,22942
7290017121048,false,פלפל צ'ומה 250 גרם עללחם,"מדשא תעשיות מזון בע""",IL,פלפל צומה 250ג עללחם,גרמים,250.00,100 גרם,false,1,14.90,5.9600,true,1,20643
7290017121086,false,"אריסה ביתית מתוקה עללחם, 250 גרם","מדשא תעשיות מזון בע""",IL,אריסה מתוקה עללחם 250גרם,גרמים,250.00,100 גרם,false,1,14.90,5.9600,true,1,34836
7290017121093,false,אריסה חריפה 250 גרם עללחם,"מדשא תעשיות מזון בע""",IL,עללחם בפיתה אריסה חריפה 250 גרם,גרמים,250.00,100 גרם,false,1,14.90,5.9600,true,1,11645
7290017129754,false,"שוקולד מריר מעולה 70% מוצקי קקאו 100 גר בד""ץ","כד בני דרום בע""מ",IL,שוקולד פרימיום 70% קלאסי 100ג*12בדיס*2בקרט,גרמים,100.00,100 גרם,false,1,8.90,8.9000,true,1,12253
7290017129761,false,"שוקולד פרימיום 70% בטעם תפוז בד""ץ 100 גר'",כרמית תעשיות ממתקים,IL,שוקולד מריר אגו 70% בטעם תפוז 100 גרם,גרמים,100.00,100 גרם,false,1,8.90,8.9000,true,1,12256
7290017129778,false,"שוקולד פרימיום 70% בטעם קפה בד""ץ 100 גר'",כרמית תעשיות ממתקים,IL,שוקולד מריר אגו 70% בטעם קפה 100 גרם,גרמים,100.00,100 גרם,false,1,8.90,8.9000,true,1,12254
7290017129839,false,"שוקולד פרימיום 70% בטעם פטל בד""ץ 100 גר'.",כרמית תעשיות ממתקים,IL,שוקולד פרימיום 70% בטעם פטל 100גר,גרמים,100.00,100 גרם,false,1,8.90,8.9000,true,1,12255
7290017129846,false,מיני קוקיס בטעם קרמל 600 גר',קריות זול,IL,מיני קוקיס טעם קרמל 600 גר,גרמים,600.00,100 גרם,false,1,23.90,3.9833,true,1,12259
7290017129877,false,מיקס לקקנים שטוחים פירות 40*7.5 גר' * 24 בקר',דורקן סקרלמה סאן. וי,TR,סוכריות על מקל שטוחות בטעמי פירות 40 יח'*7.5 גרם,לא מנהל יחידת מידה,0.00,לא מנהל יחידת מידה,false,1,14.90,0.0000,true,1,12269
7290017140025,true,קמח טף שחור,,,קמח טף שחור,Unknown,0.00,Unknown,false,1,26.00,0.0000,true,1,135189
7290017140032,true,קמח דוחן,,,קמח דוחן,Unknown,0.00,Unknown,false,1,11.90,0.0000,true,1,135190
7290017140049,true,קמח סורגום,מנדלז סי.אר. פרודקשן,IL,קמח סורגום,לא מנהל יחידת מידה,0.00,לא מנהל יחידת מידה,false,1,13.90,0.0000,true,1,4998
7290017140063,true,קמח עדשים אדומות,מנדלז סי.אר. פרודקשן,IL,קמח עדשים אדומות,Unknown,0.00,Unknown,false,1,16.90,0.0000,true,1,135191
7290017140254,true,קמח כוסמת ירוקה,מנדלז סי.אר. פרודקשן,IL,קמח כוסמת ירוקה,Unknown,0.00,Unknown,false,1,13.90,0.0000,true,1,135192
7290017142159,false,מארז נתחי טונה בהירה בשמן זית 3*80 ג' עץ הזית,הנסיך- מפעל לייצור ט,TH,נתחי טונה בהירה בשמן זית 80*3 גרם עץ-הזית,גרמים,240.00,100 גרם,false,1,22.90,9.5417,true,1,139035
7290017142166,false,פילה טונה בשמן זית עץ הזית 120 גר',"יוניקורד ח.צ בע""מ",TH,עץ הזית פילה פרוס עם שמן זית 120 גרם,גרמים,120.00,100 גרם,false,1,14.90,12.4167,true,1,21665
7290017142401,false,קינואה לבנה ואדומה עם טונה בשמן זית 160 גרם,ג'נרל מילס סאן אדריא,TH,קינואה לבנה ואדומה עם טונה 160 גרם,גרמים,160.00,100 גרם,false,1,13.90,8.6875,true,1,28523
7290017142418,false,ארוחה אורז עם עדשים טונה בשמן זית 160 גר',יוניקורד ח.צ בעמ,TH,אורז ועדשים עם טונה בשמן זית,גרמים,160.00,100 גרם,false,1,13.90,8.6875,true,1,28524
7290017142500,false,תרסיס שמן זית כתית מעולה בטעם שום 150מל,קומטמפ קומפניה פורטו,IT,"תרסיס שמן זית בטעם שום עץ הזית 150מ""ל",מיליליטרים,150.00,"100 מ""ל",false,1,19.90,13.2667,true,1,36717
7290017146010,true,פטריות שמפניון ארוז,חקלאי,IL,פטריות שמפניון ארוז,יחידה,1.00,יחידה,false,1,12.90,12.9000,true,1,26037
7290017189130,false,WOOPSפנקייקים אמריקא,מנדלז סי.אר. פרודקשן,BE,WOOPSפנקייקים אמריקאיים אפויים 240גרם,גרמים,240.00,100 גרם,false,1,19.90,8.2917,true,1,34272
7290017189192,false,אדממה פולי סויה 1 קג,משק ויילר,CN,אדממה פולי סויה שף הטבע 1קג,קילוגרמים,1.00,"ק""ג",false,1,16.90,16.9000,true,1,37502
7290017189253,false,קרפ אפוי וופס קפוא 6,מנדלז סי.אר. פרודקשן,BE,WOOPSקרפ אפוי קפוא 600 גרם,גרמים,600.00,100 גרם,false,1,21.90,3.6500,true,1,20700
7290017189413,false,טבעות בצל גולד רינג,משק ויילר,ES,טבעות בצל גולד רינג 600גרם,גרמים,600.00,100 גרם,false,1,15.90,2.6500,true,1,28302
7290017217796,false,אטב מקושט עם אחיזה רכה 24 יחידות,LTD,CN,אטב כביסה מקושט 24 יח,יחידה,1.00,יחידה,false,1,12.90,12.9000,true,1,20881
7290017266053,false,"וופל עלמה לל""ס במילוי קרם טעם לימון 175 גר",גילרו,IL,"ופל קראנצ מילוי טעם לימון לת""ס 175 גרם עלמה",גרמים,175.00,100 גרם,false,1,7.50,4.2857,true,1,20279
7290017266060,false,וופל קראנץ' שוקו ללא סוכר 175 ג' עלמה,עלמה,,"וופלים קראנצ לל""ס בטעם שוקולד עלמה 175 ג",גרמים,175.00,100 גרם,false,1,6.90,3.9429,true,1,8751
7290017289779,false,יין איספייר מלבק מרס,יקב טפרברג,IL,"INSPIRE DEVOTAGE מלבק מרסלן 750 מ""ל",מיליליטרים,750.00,"100 מ""ל",false,1,79.90,10.6533,true,1,30036
7290017291338,false,שום סולו 200 גרם,חקלאי,,שום סולו 200 גרם,גרמים,200.00,100 גרם,false,1,12.90,6.4500,true,1,33886
7290017304885,true,לחם שיפון מלא 750 ג,מאפיית שלמה א. אנג'ל,IL,לחם שיפון מלא 750 גרם,גרמים,750.00,100 גרם,false,1,15.90,2.1200,true,1,14374
7290017308227,false,טרופי פסיפלורה אננס,פרימיקס,IL,טרופי פסיפלורה אננס מנגו 3*150 גרם,גרמים,450.00,100 גרם,false,1,29.90,6.6444,true,1,34983
7290017308326,false,מנגו פרי מיקס 300גר,פרימיקס,IL,מנגו פרי מיקס 300גרם,גרמים,300.00,100 גרם,false,1,15.90,5.3000,true,1,34984
7290017308333,false,דובדבן פרי מיקס 300,פרימיקס,IL,דובדבן פרי מיקס 300גרם,גרמים,300.00,100 גרם,false,1,15.90,5.3000,true,1,34985
7290017308364,false,תות פרי מיקס 300גרם,פרימיקס,IL,תות פרי מיקס 300גרם,גרמים,300.00,100 גרם,false,1,15.90,5.3000,true,1,34986
7290017308371,false,אננס פרי מיקס 300גר,פרימיקס,IL,אננס פרי מיקס 300גרם,גרמים,300.00,100 גרם,false,1,15.90,5.3000,true,1,34987
7290017308388,false,פירות יער פרי מיקס,פרימיקס,IL,פירות יער פרי מיקס 300גרם,גרמים,300.00,100 גרם,false,1,15.90,5.3000,true,1,34988
7290017308395,false,אוכמניות כחולות פרי,פרימיקס,IL,אוכמניות כחולות פרי מיקס 300גרם,גרמים,600.00,100 גרם,false,1,15.90,2.6500,true,1,34989
7290017308838,false,ספורטיבי אגס תפוח אב,פרימיקס,IL,ספורטיבי אגס תפוח אבוקדו 3*150 גרם,גרמים,450.00,100 גרם,false,1,29.90,6.6444,true,1,34990
7290017308852,false,ישראלי מלון בננה תמר,פרימיקס,IL,ישראלי מלון בננה תמר 3*150 גרם,גרמים,450.00,100 גרם,false,1,29.90,6.6444,true,1,34992
7290017308883,false,בורקס טורקי גבינה 60,עומר בר מאפים,IL,בורקס טורקי גבינה 600גרם,גרמים,600.00,100 גרם,false,1,36.90,6.1500,true,1,34993
7290017308890,false,בורקס טורקיתפוא 600,עומר בר מאפים,IL,בורקס טורקיתפוא 600גרם,גרמים,600.00,100 גרם,false,1,36.90,6.1500,true,1,34994
7290017308906,false,בורקס טורקי גבינה ות,עומר בר מאפים,IL,בורקס טורקי גבינה ותרד 600גרם,גרמים,600.00,100 גרם,false,1,36.90,6.1500,true,1,34995
7290017308913,false,בורקס טורקיתרד 600גר,עומר בר מאפים,IL,בורקס טורקיתרד 600גרם,גרמים,600.00,100 גרם,false,1,36.90,6.1500,true,1,34996
7290017308920,false,בורקס טורקיפטריות 6,עומר בר מאפים,IL,בורקס טורקיפטריות 600גרם,גרמים,600.00,100 גרם,false,1,36.90,6.1500,true,1,34997
7290017325316,false,מיקס אורז מ.אפונה וע,לה בונטה,IT,מיקס אורז מ.אפונה ועדשים אורגני250גרםהרד,גרמים,250.00,100 גרם,false,1,14.90,5.9600,true,1,26334
7290017325323,true,מיקס כוסמת אורז מלא,לה בונטה,IT,מיקס כוסמת אורז מלא ואורז אדום אורגני 2,גרמים,250.00,100 גרם,false,1,14.90,5.9600,true,1,11397
7290017325330,false,מיקס דגנים ועדשים או,לה בונטה,IT,מיקס דגנים ועדשים אורגני 250 גרם הרדוף,גרמים,250.00,100 גרם,false,1,14.90,5.9600,true,1,26333
7290017325361,false,מיקס בורגול וקינואה,לה בונטה,IT,מיקס בורגול וקינואה אורגני 250גרם הרדוף,גרמים,250.00,100 גרם,false,1,14.90,5.9600,true,1,26332
7290017325422,false,פריכיות אורז מלא ללא תוספת מלח,פרח תעשיות,IL,"פריכיות דקות, מאורז חום מלא אורגני ללא תוספת מלח",גרמים,100.00,100 גרם,false,1,13.90,13.9000,true,1,14375
7290017325453,false,משקדה שקדים אורגני 1,ליקואטס,ES,משקדה שקדים אורגני 1 ליטר ללס ללג הרדוף,ליטרים,1.00,ליטר,false,1,15.90,15.9000,true,1,23259
7290017325460,false,משקדה שקדים אורגני 1,ליקואטס,ES,משקדה שקדים אורגני 1 ליטר ללג הרדוף,ליטרים,1.00,ליטר,false,1,15.90,15.9000,true,1,23258
7290017325477,false,רסק עגבניות אורגני 1,פריניר (הדס 1987) בע,IL,רסק עגבניות אורגני 22BX הרדוף 100גרם,גרמים,100.00,100 גרם,false,1,3.90,3.9000,true,1,28944
7290017325613,false,משקה שיבולת שועל הרד,סוי מג'יק,ES,משקה שיבולת שועל אורגני1 ליטר הרדוף,ליטרים,1.00,ליטר,false,1,13.90,13.9000,true,1,26779
7290017325620,false,משקה אורז ושקדים אור,ליקואטס,ES,משקה אורז ושקדים אורגני1 ליטר הרדוף,ליטרים,1.00,ליטר,false,1,13.90,13.9000,true,1,26777
7290017325644,false,אורז שחור אורגני 500,הרדוף,IT,אורז שחור אורגני 500גרם הרדוף,גרמים,500.00,100 גרם,false,1,25.90,5.1800,true,1,26331
7290017325705,false,קמח שיבולת שועל אורג,טחנת קמח דגן לישראל,IL,קמח שיבולת שועל אורגני 500 גרם הרדוף ללא גלוטן,גרמים,500.00,100 גרם,false,1,18.90,3.7800,true,1,34935
7290017325729,false,קמח כוסמת ירוקה אור,טחנת קמח דגן לישראל,IL,קמח כוסמת ירוקה אורגני 500 גרם הרדוף ללא גלוטן,גרמים,500.00,100 גרם,false,1,20.90,4.1800,true,1,34934
7290017325743,false,קמח עדשים אדומות אור,טחנת קמח דגן לישראל,IL,קמח עדשים אדומות אורגני 500 גרם הרדוף לל,גרמים,500.00,100 גרם,false,1,18.90,3.7800,true,1,34932
7290017325774,false,ספגטי מחיטת כוסמין א,פסטיפיסוי פליצ'טי,IT,ספגטי טריקולור אורגני,גרמים,400.00,100 גרם,false,1,20.90,5.2250,true,1,34930
7290017325781,false,רגיטיני מחיטת כוסמין,פסטיפיסוי פליצ'טי,IT,פנה אורגני מקמח כוסמין מלא,גרמים,400.00,100 גרם,false,1,20.90,5.2250,true,1,34931
7290017325798,false,קוואקר אורגני 500 גר,אול אורגני,IL,קוואקר אורגני 500 גרם הרדוף ללא גלוטן,גרמים,500.00,100 גרם,false,1,17.90,3.5800,true,1,34924
7290017325804,false,קוואקר עדין אורגני 5,אול אורגני,IL,קוואקר עדין אורגני 500 גרם הרדוף ללא גלוטן,גרמים,500.00,100 גרם,false,1,17.90,3.5800,true,1,34925
7290017325828,false,קוסקוס חומוס אורגני,ביה,IT,קוסקוס אורגני,גרמים,350.00,100 גרם,false,1,19.90,5.6857,true,1,34927
7290017325835,false,קוסקוס אפונה אורגני,ביה,IT,קוסקוס אורגני,גרמים,350.00,100 גרם,false,1,19.90,5.6857,true,1,34926
7290017325859,false,דפי אורז מלא אורגני,"בטר אנד דיפרנט בע""מ",VN,דפי אורז מלא אורגני 200 גרם הרדוף ללא גלוטן,גרמים,200.00,100 גרם,false,1,19.90,9.9500,true,1,35440
7290017325866,false,דפי אורז לבן אורגני,"בטר אנד דיפרנט בע""מ",VN,דפי אורז לבן אורגני 200 גרם הרדוף ללג,גרמים,200.00,100 גרם,false,1,19.90,9.9500,true,1,35439
7290017325873,false,קרקר מקמח שיפון מלא,"ל.ב. סחר ושיווק בע""מ",IL,קרקר מקמח שיפון מלא אורגני 125 גרם הרדוף,גרמים,125.00,100 גרם,false,1,18.90,15.1200,true,1,34929
7290017325897,false,משקה סויה במתיקות מע,ליקואטס,ES,משקה סויה במתיקות מעודנת הרדוף 1 ליטר,גרמים,375.00,100 גרם,false,1,13.90,3.7067,true,1,37550
7290017325903,false,קרקר מקמח כוסמין מלא,"ל.ב סחר ושיווק בע""מ",IL,קרקר מקמח כוסמין מלא אורגני 125 גרם הרדוף,גרמים,125.00,100 גרם,false,1,18.90,15.1200,true,1,34928
7290017325927,false,ברנפלקס אורגני ללס,לאמרי,IT,הרדוף ברנפלקס אורגני 375 גרם,גרמים,375.00,100 גרם,false,1,19.90,5.3067,true,1,37549
7290017325934,false,טחינה מלאה משומשום מ,אחדות,IL,טחינה 100% שומשום מלא אורגני,גרמים,450.00,100 גרם,false,1,19.90,4.4222,true,1,38061
7290017325941,false,טחינה אורגנית 450 גר,אחדות,IL,טחינה 100% שומשום מלא אורגני,גרמים,450.00,100 גרם,false,1,19.90,4.4222,true,1,38062
7290017334448,false,שמן קנולה מזוכך OLEO,א.ד.מ . אנטוורפן,BE,שמן קנולה מזוכך OLEO 1 ליטר,ליטרים,1.00,ליטר,false,1,11.90,11.9000,true,1,28545
7290017334455,false,"אורז פרסי זיפר 1ק""ג",,TH,"אורז פרסי זיפר 1ק""ג",קילוגרמים,1.00,"ק""ג",false,1,9.90,9.9000,true,1,34252
7290017334462,false,אורז יסמין זיפר 1,,TH,"אורז יסמין זיפר 1 ק""ג",קילוגרמים,1.00,"ק""ג",false,1,11.90,11.9000,true,1,34253
7290017406794,false,אורז בסמטי קינג קראו,פונט סלאם וולנסיה,IN,"אורז בסמטי קינג קראוון 1 ק""ג",קילוגרמים,1.00,"ק""ג",false,1,10.90,10.9000,true,1,35056
7290017440279,false,"ד""ר פישר - קידס אל סבון ויטמינים 750 מ""ל",,IL,"ד""ר פישר אל סבון קידס750",מיליליטרים,750.00,"100 מ""ל",false,1,16.90,2.2533,true,1,23768
7290017457611,false,ג'ל כביסה ורוד 2.5 ל' סוד,הנקל סוד,IL,סוד גל כביסה ורוד 2.5 ליטר,ליטרים,2.50,ליטר,false,1,24.90,9.9600,true,1,37600
7290017457727,false,"סוד - מרכך כביסה מרוכז פרש סקיי 900 מ""ל",הנקל סוד,IL,סוד מרכך מרוכז Fresh Sky,מיליליטרים,900.00,"100 מ""ל",false,1,11.90,1.3222,true,1,14443
7290017457734,false,"סוד - מרכך כביסה מרוכז ווילד רוז 900 מ""ל",הנקל סוד,IL,סוד מרכך מרוכז Wild Rose,מיליליטרים,900.00,"100 מ""ל",false,1,11.90,1.3222,true,1,14444
7290017470641,false,"מרקיות לבן ח""פ 10 יח' קלאסיק",,CN,מרקיות קלאסיק 10 יח,Unknown,0.00,Unknown,false,1,11.90,0.0000,true,1,27081
7290017477596,false,תמר מגהול ענק פרמיום,דין שיווק,IL,תמר מגהול ענק פרמיום 400ג שקדיה,גרמים,400.00,100 גרם,false,1,19.90,4.9750,true,1,33817
7290017478005,false,מלבי שמנת מתוקינוחים,,,מלבי שמנת מתוקינוחים 100 גרם,גרמים,100.00,100 גרם,false,1,9.90,9.9000,true,1,29990
7290017478012,false,בוואריה חלבי מתוקינ,,,בוואריה חלבי מתוקינוחים 100 גרם,גרמים,100.00,100 גרם,false,1,9.90,9.9000,true,1,29991
7290017478043,false,מוס שוקולד מתוקינוחי,,,מוס שוקולד מתוקינוחים 100 גרם,גרמים,100.00,100 גרם,false,1,9.90,9.9000,true,1,29993
7290017513393,false,תה ירוק סופר גרין 25 שקיקים,קריות זול,IL,תה ירוק סופר גרין,יחידה,1.00,יחידה,false,1,25.90,25.9000,true,1,20610
7290017513409,false,תה ירוק סופר פיורפל 25 שקיקים,HIQ FOOD PRODUCTS,IL,תה ירוק עם צמחים סגולים בטעם אוכמניות ואסאי,יחידה,1.00,יחידה,false,1,25.90,25.9000,true,1,21309
7290017513485,false,מחית עגבניות רוסטיקה בלה איטליה 680 ג',היצרן: ס.פ. פודנצנו,IT,מחית עגבניות רוסטיקה בלה איטליה 680 גר,גרמים,680.00,100 גרם,false,1,11.90,1.7500,true,1,21725
7290017513775,false,פליפז בייגלה מצופה שוקולד חלב 140 גרם,שוורצקוף& הנקל דיסלד,TR,"Flipz, חטיף בייגלה אפוי בציפוי שוקולד חלב, 140 גרם",גרמים,140.00,100 גרם,false,1,8.90,6.3571,true,1,22583
7290017513782,false,פליפז בייגלה מצופה שוקולד מריר 140 גרם,שוורצקוף& הנקל דיסלד,TR,פליפז בייגלה מצופה שוקולד מריר 140 ג,גרמים,140.00,100 גרם,false,1,8.90,6.3571,true,1,22582
7290017513829,false,תה ירוק לימונית ג'ינג'ר 25 שקיקים בתוספת ויטמין Cּּ+D,ויסוצקי ירוק,IL,תה ירוק לימונית וגינגר ויטמין D+C,גרמים,38.00,100 גרם,false,1,25.90,68.1579,true,1,26960
7290017516424,false,שוקלד + פנגיאה שוקולד קוקוס ואגוזי לוז 300 גרם,ש.ר רגע בטבע,IL,פנגיאה שוקולד קוקוס ואגוזי לוז 300גרם,גרמים,300.00,100 גרם,false,1,29.90,9.9667,true,1,30567
7290017516431,false,שוקלד + פנגיאה שוקולד קוקוס שקדים וקפה 300 גרם,ש.ר רגע בטבע,IL,פנגיאה שוקולד קוקוס שקדים וקפה 300גרם,גרמים,300.00,100 גרם,false,1,29.90,9.9667,true,1,32826
7290017516561,false,שלשיית חטיפי חלבון פנגיאה אגוזי לוז 3*60 גרם,ש.ר רגע בטבע,IL,שלישיית חטיפי חלבון פנגיאה אגוזי לוז,לא מנהל יחידת מידה,0.00,לא מנהל יחידת מידה,false,1,29.90,0.0000,true,1,30563
7290017516578,false,שלשיית חטיפי חלבון פנגיאה שוקלד 3*60 גרם,ש.ר רגע בטבע,IL,שלישיית חטיפי חלבון פנגיאה שוקולד,לא מנהל יחידת מידה,0.00,לא מנהל יחידת מידה,false,1,29.90,0.0000,true,1,30564
7290017555461,false,חטיף בוטנים בייק פרו,אשבל,IL,חטיף בוטנים בייק פרו 21 גרם חלבון 80גרם,גרמים,80.00,100 גרם,false,1,12.90,16.1250,true,1,30281
7290017589633,false,יין רזרב קברנה סוביניון Gold Edition,יקבי ברקן Barkan,IL,"קברנה סוביניון מהדורת רזרב גולד 750 מ""ל",מיליליטרים,750.00,"100 מ""ל",false,1,52.90,7.0533,true,1,36048
7290017599229,false,ממתיק סוכרלוז 200 טבליות סוכרזית,"סוכרזית בע""מ",IL,סוכרזית סוכרלוז 200 טבליות,גרמים,0.00,100 גרם,false,1,24.90,0.0000,true,1,33708
7290017599236,false,סוכרזית סטיוויה 200 טבליות,סנו מפעלי ברונוס.,IL,סוכרזית סטיוויה 200 טבליות,גרמים,0.00,100 גרם,false,1,25.90,0.0000,true,1,33709
7290017599250,false,סוכרזית קלאסי 120 שקיות,ביסקול בע''מ,IL,סוכרזית קלאסי 120 שקיות,גרמים,120.00,100 גרם,false,1,18.90,15.7500,true,1,38183
7290017599267,false,סוכרלוז 120 שקיות ממתיק שולחני,סוכרזית Sucrazit,IL,סוכרזית סוכרלוז 120 שקיות 100גרם,גרמים,100.00,100 גרם,false,1,29.90,29.9000,true,1,38181
7290017599274,false,סוכרזית סטיוויה 120 שקיות,ביסקול בע''מ,IL,סוכרזית סטיוויה 120 שקיות 120גרם,גרמים,120.00,100 גרם,false,1,39.90,33.2500,true,1,38182
7290017617084,false,סטארקיסט מיקס טוגו טונה עם שעועית 185 גר',דרדנל אוננטאס גידה,TR,סטארקיסט מיקס טוגו טונה עם שעועית 185גרם,גרמים,185.00,100 גרם,false,1,12.90,6.9730,true,1,29401
7290017617091,false,סטארקיסט מיקס טוגו טונה עם פתיתים 185 גר',דרדנל אוננטאס גידה,TR,סטארקיסט מיקס טוגו טונה עם פתיתים 185גר,גרמים,185.00,100 גרם,false,1,12.90,6.9730,true,1,29402
7290017617107,false,סארקיסט מיקס טוגו טונה עם 4 דגנים 185 גר',"איטיליאן פוד, אס.פי.",TR,סטארקיסט מיקס טוגו טונה עם דגנים 185גרם,גרמים,185.00,100 גרם,false,1,12.90,6.9730,true,1,29403
7290017617411,false,מיקס סלמון עם אורז מלא וירקות 160 ג' סטארקיסט,סטארקיסט Starkist,PL,מיקס סלמון עם אורז מלא סטארקיסט 160גרם,גרמים,160.00,100 גרם,false,1,14.90,9.3125,true,1,37710
7290017617435,false,מיקס סלמון עם עדשים קינואה וירק 160 ג' סטארקיסט,סטארקיסט Starkist,PL,מיקס סלמון עם עדשים וקינואה סטארקיסט 16,גרמים,160.00,100 גרם,false,1,14.90,9.3125,true,1,37711
7290017617459,false,רביעיית טונה בשמן צמחי 120 ג' סטארקיסט,dalmore distilleries,TH,רביעיית טונה סטארקיסט בשמן צמחי 480גרם,גרמים,480.00,100 גרם,false,1,21.90,4.5625,true,1,36351
7290017617466,false,רביעיית טונה במים 120 ג' סטארקיסט,dalmore distilleries,TH,רביעיית טונה סטארקיסט במים 480גרם,גרמים,480.00,100 גרם,false,1,21.90,4.5625,true,1,36352
7290017628073,false,ביצים XL חופש 20 יח,גליקסמן שיווק ביצים,IL,ביצי חופש 1/20 XL,יחידה,1.00,יחידה,false,1,34.90,34.9000,true,1,26500
7290017641096,false,"שוקולד פרימיום 70% לל""ס 100גרם בדצ *12יח*2 בדיס",כרמית תעשיות ממתקים,IL,שוקולד מריר אגו 70% ללא תוספת סוכר 100 גרם,גרמים,100.00,100 גרם,false,1,9.90,9.9000,true,1,13218
7290017641102,false,שוקולד פרימיום 70% ללא סוכר בטעם תפוז 100 גרם,כרמית תעשיות ממתקים,IL,"שוקולד אגו 70% קקאו תפוז לל""ס 100גרם",גרמים,100.00,100 גרם,false,1,9.90,9.9000,true,1,13219
7290017641119,false,שוקולד פרימיום 85% בדצ 100 גר,אף.סי תבליני בגליל ב,IL,שוקולד אגו 85% קקאו 100גרם,גרמים,100.00,100 גרם,false,1,8.90,8.9000,true,1,20877
7290017641188,false,קרקר עם שיפון מלא וס,דנוויטה ג'יי. אס. סי,LT,קרקר דגנים עם שיפון מלא וסלק 130 גר',גרמים,130.00,100 גרם,false,1,6.90,5.3077,true,1,13525
7290017641720,false,טבלת שוקולד דק 70% שברי שקד 100 גר',"כד בני דרום בע""מ",IL,טבלאות שוקולד אגו 70% שברי שקד כשלפ 100,גרמים,100.00,100 גרם,false,1,8.90,8.9000,true,1,22901
7290017641997,false,"שוקולד פרימיום 70% לל""ס שברי אגוז לוז 100 גר' וסטהיים",כרמית,IL,שוקולד מריר מעולה עם שברי אגוז לוז 70%,גרמים,100.00,100 גרם,false,1,9.90,9.9000,true,1,35614
7290017647425,false,יין גמלא קברנה סוביניון 2018 750 מל,יקב רמת הגולן,IL,גמלא קברנה סוביניון - בציר 2018,מיליליטרים,750.00,"100 מ""ל",false,1,65.90,8.7867,true,1,26186
7290017647708,false,"גמלא גוורצטרמינר 750 מ""ל",יקב רמת הגולן,IL,יין גמלא גוורצטרמינר 750 מל,מיליליטרים,750.00,"100 מ""ל",false,1,64.90,8.6533,true,1,33925
7290017647722,false,גמלא בלאנקו לבן יבש 750מל,יקב רמת הגולן,IL,יין גמלא בלאנקו 750 מל,מיליליטרים,750.00,"100 מ""ל",false,1,64.90,8.6533,true,1,33926
7290017668017,false,T.A סושי צמחוני 220,"ק.נ תעשיות בע""מ",IL,T.A סושי צמחוני 220גרם,גרמים,220.00,100 גרם,false,1,23.90,10.8636,true,1,33743
7290017668024,false,T.A סושי קומבינציה 2,"ק.נ תעשיות בע""מ",IL,T.A סושי קומבינציה 220גרם,גרמים,220.00,100 גרם,false,1,24.90,11.3182,true,1,33742
7290017677811,false,"רוטב סויה קיקומן ללא חומרים משמרים 296 מ""ל",קיקומן פודז אינק,NL,"רוטב קיקומן סויה ללא תוספת חומרים משמרים 296 מ""ל",מיליליטרים,296.00,"100 מ""ל",false,1,18.90,6.3851,true,1,19322
7290017712192,false,פרמיו נתחי פילה עוף לחתול,פרמיו Premio,FR,פרמיו שימורי מזון מלא עם נתחי פילה עוף,גרמים,100.00,100 גרם,false,1,4.90,4.9000,true,1,37252
7290017712208,false,פרמיו נתחי פילה ברוו,סאטורן,DE,פרמיו נתחי פילה עוף וברווז ברוטב לחתול,גרמים,85.00,100 גרם,false,1,4.90,5.7647,true,1,37253
7290017712239,false,פרמיו פטה עוף לכלב 150ג',פרמיו Premio,DE,פרמיו שימורי מזון מלא עם עוף לכלב במרק,גרמים,150.00,100 גרם,false,1,5.90,3.9333,true,1,37256
7290017712246,false,פרמיו בקר ולבבות לכלב,פרמיו Premio,FR,פרמיו שימורי מזון מלא עם בקר ולבבות לכ,גרמים,150.00,100 גרם,false,1,5.90,3.9333,true,1,37257
7290017712260,false,פרמיו פטה סלמון לכלב 150ג',פרמיו Premio,DE,פרמיו פטה סלמון לכלב 150 ג,גרמים,150.00,100 גרם,false,1,5.90,3.9333,true,1,37258
7290017712277,false,פרמיו פטה כבש לכלב 150ג',פרמיו Premio,DE,פרמיו שימורי מזון מלא עם כבש במרקם פטה,גרמים,150.00,100 גרם,false,1,5.90,3.9333,true,1,37259
7290017712284,false,חטיף פרמיו 150ג בקבי,לנגי,CN,חטיף פרמיו 150ג בקביקיו,גרמים,150.00,100 גרם,false,1,12.90,8.6000,true,1,37260
7290017712468,false,פרמיו מיקס 9 קג לחתו,סאטורן,DE,פרמיו מיקס 9 קג לחתול,קילוגרמים,9.00,"ק""ג",false,1,139.90,15.5444,true,1,37266
7290017712680,false,הורייזן עוף לכלב ננסי,הורייזן Horizon,DE,הוריזן עוף לכלב ננסי 100 ג,גרמים,100.00,100 גרם,false,1,4.90,4.9000,true,1,37278
7290017791142,false,קרקר כוסמין מלא אורג,פת במלח,IL,קרקר כוסמין מלא אורגינל 225 גרם,גרמים,225.00,100 גרם,false,1,22.90,10.1778,true,1,14616
7290017791203,false,קרקר כוסמין מלא סלק,פת במלח,IL,קרקר כוסמין מלא סלק 225 גרם,גרמים,225.00,100 גרם,false,1,22.90,10.1778,true,1,25931
7290017812052,false,יין שיראז קברנה סוביניון אקסלנס Excellence,יקבי כרמל Carmel Winery,IL,אקסלנס שיראז/קברנה - יין אדום יבש,מיליליטרים,750.00,"100 מ""ל",false,1,29.90,3.9867,true,1,21463
7290017812069,false,יין אמרלד ריזלינג שרדונה אקסלנס Excellence,יקבי כרמל Carmel Winery,IL,אקסלנס ריזלינג-שרדונה - יין לבן חצי יבש,מיליליטרים,750.00,"100 מ""ל",false,1,29.90,3.9867,true,1,21464
7290017812342,false,ספארקלינג מוג'ו אדום,"כד בני דרום בע""מ",IL,יין מוגו ספארקלינג אדום 750 מל,מיליליטרים,750.00,"100 מ""ל",false,1,39.90,5.3200,true,1,22655
7290017812571,false,מיץ ענבים אדום 100% טבעי 1 ליטר,יקבי כרמל Carmel Winery,IL,תירוש ליטר אדום 100% טבעי,ליטרים,1.00,ליטר,false,1,19.90,19.9000,true,1,23254
7290017812588,false,מיץ ענבים לבן 100% טבעי 1 ליטר,יקבי כרמל Carmel Winery,IL,תירוש כרמל המקורי מיץ ענבים לבן 1 ליטר,ליטרים,1.00,ליטר,false,1,19.90,19.9000,true,1,23255
7290017812656,false,תירוש מבעבע מיץ ענבים מבעבע אדום,מנדלז סי.אר. פרודקשן,IL,תירוש מבעבע אדום,מיליליטרים,750.00,"100 מ""ל",false,1,21.90,2.9200,true,1,33417
7290017812830,false,"יין רוזה פרייבט קולקשיין 750 מ""ל","כד בני דרום בע""מ",IL,"יין רוזה P.C 750 מ""ל",מיליליטרים,750.00,"100 מ""ל",false,1,39.90,5.3200,true,1,28922
7290017812847,false,יין סלקטד פרנץ גוורצטרמינר 750 מל,"כד בני דרום בע""מ",IL,יין פרנץ גוורצטרמינר סלקטד יקבי כרמל,מיליליטרים,750.00,"100 מ""ל",false,1,29.90,3.9867,true,1,28923
7290017812885,false,יין קברנה סוביניון בלאן גוורצטרמינר,אגודת הכורמים א.ת אל,IL,כרמל יין גוורצטרמינר לבן חצי יבש 2020 750 מל,מיליליטרים,750.00,"100 מ""ל",false,1,39.90,5.3200,true,1,33312
7290017870670,false,"ליפתנית 5"" מתכלה מעץ",HINDUSTAN ARECA PROD,IN,ליפתנית 5 מתכלה עץ דקל 10 יח,יחידה,1.00,יחידה,false,1,8.90,8.9000,true,1,32781
7290017870687,false,מרקייה 7 מתכלה עץ דק,HINDUSTAN ARECA PROD,IN,מרקייה 7 מתכלה עץ דקל 10 יח,יחידה,1.00,יחידה,false,1,11.90,11.9000,true,1,30405
7290017870694,false,"צלחת 6"" מרובעת מתכלה מעץ דקל 10 יח' דנטס",HINDUSTAN ARECA PROD,IN,צלחת 6 מרובעת מתכלה עץ דקל 10 יח,יחידה,1.00,יחידה,false,1,10.90,10.9000,true,1,32782
7290017870700,false,צלחת 7 מרובעת מתכלה מעץ דקל 10 יח',HINDUSTAN ARECA PROD,IN,צלחת 7 מרובעת מתכלה עץ דקל 10 יח,יחידה,1.00,יחידה,false,1,11.90,11.9000,true,1,30407
7290017870717,false,"צלחת 8"" מרובעת מתכלה",HINDUSTAN ARECA PROD,IN,צלחת 8 מרובעת מתכלה עץ דקל 10 יח,יחידה,1.00,יחידה,false,1,12.90,12.9000,true,1,32783
7290017870724,false,צלחת 10 מרובעת מתכלה מעץ דקל 10 יח',HINDUSTAN ARECA PROD,IN,צלחת 10 מרובעת מתכלה עץ דקל 10 יח,יחידה,1.00,יחידה,false,1,13.90,13.9000,true,1,32784
7290017870731,false,צלחת 7 מתכלה מעץ דקל 10 יח',HINDUSTAN ARECA PROD,IN,צלחת 7 מתכלה עץ דקל 10 יח,יחידה,1.00,יחידה,false,1,10.90,10.9000,true,1,30410
7290017870748,false,"צלחת 9"" מתכלה מעץ דקל 10 יח' דנטס",HINDUSTAN ARECA PROD,IN,צלחת 9 מתכלה עץ דקל 10 יח,יחידה,1.00,יחידה,false,1,11.90,11.9000,true,1,30411
7290017870755,false,צלחת 10 מתכלה מעץ דקל 10 יח',HINDUSTAN ARECA PROD,IN,צלחת 10 מתכלה עץ דקל עגולה 10 יח,יחידה,1.00,יחידה,false,1,13.90,13.9000,true,1,32785
7290017870762,false,מגש מלבני מתכלה מעץ דקל 10 יח',HINDUSTAN ARECA PROD,IN,מגש מלבני מתכלה עץ דקל 10 יח,יחידה,1.00,יחידה,false,1,12.90,12.9000,true,1,32786
7290017871363,false,"סבון ידיים מועשר בשמן מקדמיה פמלי 500 מ""ל יהלום",המאפיה של הרמן,TR,תחליב רחצה לידיים מועשר בשמן מקדמיה,מיליליטרים,500.00,"100 מ""ל",false,1,10.90,2.1800,true,1,23970
7290017871370,false,"סבון ידיים מועשר בשמן אבוקדו פמלי 500 מ""ל יהלום",המאפיה של הרמן,TR,תחליב רחצה לידיים מועשר בשמן אבוקדו,מיליליטרים,500.00,"100 מ""ל",false,1,10.90,2.1800,true,1,23971
7290017872049,false,"פמלי אל סבון בניחוח לוונדר ארומטי- שלישייה 500 מ""ל",אברנסל קוסמטיקס,TR,"פמילי אלסבון שלישייה לבנדר ארומטי 500 מ""",מיליליטרים,500.00,"100 מ""ל",false,1,15.90,3.1800,true,1,25739
7290017872056,false,"פמלי אל סבון סדרה לבנה- שלישייה 500 מ""ל",אברנסל קוסמטיקס,TR,"פמלי אל סבון סדרה לבנה- מארז שלישייה 500 מ""ל",מיליליטרים,500.00,"100 מ""ל",false,1,15.90,3.1800,true,1,25740
7290017872063,false,"פמלי אל סבון ארומתרפי- שלישייה 500 מ""ל",אברנסל קוסמטיקס,TR,"פמלי אל סבון בניחוח ארומתרפי- מארז שלישייה 500 מ""ל",מיליליטרים,500.00,"100 מ""ל",false,1,15.90,3.1800,true,1,25741
7290017872070,false,מארז מגבונים לחים בניחוח מרענן פרש וואנס שלישייה,ווטנאפס,IL,פרש וואנס מגבונים נטורל קר שלישייה,יחידה,1.00,יחידה,false,1,9.90,9.9000,true,1,32751
7290017872162,false,טוסו עוגיות אגוזי לוז 200 ג',היינץ צפון אמריקה מק,IL,"טוסו עוגיות אגוזי לוז לל""ס 200 גרם",גרמים,200.00,100 גרם,false,1,17.90,8.9500,true,1,25695
7290017872179,false,עוגיות טחינה ללא תוספת סוכר,היינץ צפון אמריקה מק,IL,"טוסו עוגיות טחינה לל""ס 200 גרם",גרמים,200.00,100 גרם,false,1,17.90,8.9500,true,1,25694
7290017872186,false,עוגיות פקאן ללא תוספת סוכר,היינץ צפון אמריקה מק,IL,"טוסו עוגיות פקאן לל""ס 200 גרם",גרמים,200.00,100 גרם,false,1,17.90,8.9500,true,1,25693
7290017872193,false,עוגיות שקדים וקינמון ללא תוספת סוכר,היינץ צפון אמריקה מק,IL,"טוסו עוגיות שקדים וקינמון לל""ס 200 גרם",גרמים,200.00,100 גרם,false,1,17.90,8.9500,true,1,25696
7290017872650,false,"פמלי יהלום-סבון ידיים 500מ""ל עם שמן לבנדר",המאפיה של הרמן,TR,תחליב רחצה לידיים מועשר בשמן לוונדר,מיליליטרים,500.00,"100 מ""ל",false,1,10.90,2.1800,true,1,26620
7290017872667,false,פמלי יהלום סבון ידיי,המאפיה של הרמן,TR,תחליב רחצה לידיים מועשר בשמן קמומיל,מיליליטרים,500.00,"100 מ""ל",false,1,10.90,2.1800,true,1,26621
7290017888019,false,"משקה תפוח רימון סלק גינגיר פרות &ווג 350 מ""ל",פרוט אנד וג' Fruit & Veg,IL,"FRUIT&VEG תפוח סלק רימון ג'ינג'ר 350 מ""ל",מיליליטרים,350.00,"100 מ""ל",false,1,9.50,2.7143,true,1,14236
7290017888026,false,"משקה אננס תפוח גזר פרות & ווג 350 מ""ל",פרוט אנד וג' Fruit & Veg,IL,"FRUIT&VEG אננס תפוח גזר 350 מ""ל",מיליליטרים,350.00,"100 מ""ל",false,1,9.50,2.7143,true,1,14142
7290017888033,false,"משקה בננה מלון נענע פרות &ווג 350 מ""ל",פרוט אנד וג' Fruit & Veg,IL,"FRUIT&VEG בננה מלון נענע 350 מ""ל",מיליליטרים,350.00,"100 מ""ל",false,1,9.50,2.7143,true,1,14143
7290017888644,false,"משקה אננס בננה כורכום פרות & ווג 350 מ""ל",פרוט אנד וג' Fruit & Veg,IL,"FRUIT&VEG אננס בננה כורכום 350 מ""ל",לא מנהל יחידת מידה,3.30,לא מנהל יחידת מידה,false,1,9.50,2.8788,true,1,25231
7290017888729,false,שוופס סודה בקבוק 1 ל',"יפאורה תבורי בע""מ",IL,שוופס סודה 1 ל' גיזוז חזק,ליטרים,1.00,ליטר,false,1,4.90,4.9000,true,1,25232
7290017888972,false,מי עדן 1 ליטר פקק ספורט בודד,מופק ממקור בזלתי עדן,IL,מי עדן פקק ספורט 1 ליטר,ליטרים,1.00,ליטר,false,1,5.50,5.5000,true,1,25919
7290017894034,false,דגש - פתיתי שיבולת ש,אף.סי תבליני בגליל ב,IL,פתיתי שיבולת שועל מלאה עבה,גרמים,400.00,100 גרם,false,1,19.90,4.9750,true,1,21114
7290017894058,false,דגש תערובת להכנת לחם,"אף סי, תבליני הגליל",IL,תערובת להכנת לחם ומאפים ללא גלוטן,גרמים,500.00,100 גרם,false,1,17.90,3.5800,true,1,21116
7290017894065,false,דגש - תערובת רב תכלי,"אף, סי תבליני הגליל",IL,דגש - תערובת רב תכליתית ללא גלוטן 500גר,גרמים,500.00,100 גרם,false,1,17.90,3.5800,true,1,21115
7290017894072,false,אל-אקונומיקה אבקה אק,אקופרנד,IL,אל-אקונומיקה אבקה אקופרנד,גרמים,500.00,100 גרם,false,1,19.90,3.9800,true,1,24057
7290017894089,false,קמח שיבולת שועל דגש,אף. סי תבליני הגליל,IL,דוכן גן שמואל קמח שיבולת שועל 500 גרם,גרמים,400.00,100 גרם,false,1,23.90,5.9750,true,1,25950
7290017894096,false,ממרח בטעם מיונז טבעו,אף.סי תבליני בגליל ב,DE,ממרח בטעם מיונז טבעוני אורגני נטורפוד350,גרמים,350.00,100 גרם,false,1,24.90,7.1143,true,1,27509
7290017894102,false,דגש פנה אורז תירס לל,אנדריאני,IT,אטריות על בסיס אורז תירס ללא גלוטן 400 גרם,גרמים,400.00,100 גרם,false,1,10.90,2.7250,true,1,30439
7290017894119,false,פוזילי אורז תירס דגש,אנדריאני,IT,אטריות על בסיס אורז תירס ללא גלוטן 400 גרם,גרמים,400.00,100 גרם,false,1,10.90,2.7250,true,1,30440
7290017894126,false,דגש פוזלי טריקולור ל,אנדריאני,IT,אטריות טריקולור פוזילי ללא גלוטן 400 גרם,גרמים,400.00,100 גרם,false,1,10.90,2.7250,true,1,30441
7290017894171,false,קרם קוקוס אורגני גר,גרין קוקו,CN,קרם קוקוס אורגני גרין קוקו 250מל,מיליליטרים,250.00,"100 מ""ל",false,1,10.90,4.3600,true,1,38270
7290017894218,false,גרנולה שיבולת שועל,דגש,IL,גרנולה שיבולת שועל מלאה עם פירות ואגוזי,גרמים,250.00,100 גרם,false,1,21.90,8.7600,true,1,38271
7290017894225,false,גרנולה שיבולת שועל מ,דגש,IL,גרנולה שיבולת שועל מלאה עם אגוזים וזרעים,גרמים,250.00,100 גרם,false,1,21.90,8.7600,true,1,38272
7290017894256,false,פריכיות אורז מלא ללא,דגש,IL,פריכיות אורז מלא ללא גלוטן דגש 230גרם,גרמים,230.00,100 גרם,false,1,13.90,6.0435,true,1,38273
7290017894263,false,קטשופ אורגני נטורפוד,נטורפוד,LV,קטשופ אורגני נטורפוד 500גרם,גרמים,500.00,100 גרם,false,1,12.90,2.5800,true,1,38274
7290017894300,false,עוגיות כוסמין עם גי,גנדולה,IT,עוגיות כוסמין עם גינגר גנדולה 250גרם,גרמים,250.00,100 גרם,false,1,14.90,5.9600,true,1,38275
7290017894317,false,עוגיות כוסמין עם שוק,גנדולה,IT,עוגיות כוסמין עם שוקולד ציפס גנדולה 250ג,גרמים,250.00,100 גרם,false,1,14.90,5.9600,true,1,38276
7290017894348,false,חמאת אגוזי נמר שקדים,,IT,"חמאת אגוזי נמר, שקדים ופיסטוק הולי נאטס",גרמים,350.00,100 גרם,false,1,34.90,9.9714,true,1,38277
7290017907208,false,תערובת קמח רב תכליתי לנמנעים מגלוטן,מנדלז סי.אר. פרודקשן,IL,קמח תמי רב תכליתי ללג 500גרם,גרמים,500.00,100 גרם,false,1,18.90,3.7800,true,1,29774
7290017907215,false,קמח תמי למאפי שמרים ללא גלוטן 500 גרם,פוראטוס ישראל,IL,קמח תמי למאפי שמרים ללג 500גרם,גרמים,500.00,100 גרם,false,1,18.90,3.7800,true,1,29776
7290017907222,false,תערובת קמח תופח לנמנעים מגלוטן,פוראטוס ישראל,IL,קמח תמי תופח ללג 500גרם,גרמים,500.00,100 גרם,false,1,18.90,3.7800,true,1,29775
7290017907260,false,תערובת להכנת כדורי פלאפל לנמנעים מגלוטן,פוראטוס ישראל,IL,תמי פלאפל ללג 300גרם,גרמים,300.00,100 גרם,false,1,15.90,5.3000,true,1,29778
7290017918143,false,לבבות קיסר,ביכורי שדה דרום,IL,חסה לבבות,גרמים,300.00,100 גרם,false,1,12.90,4.3000,true,1,37534
7290017925417,false,בקבוק בירה בקס ללא א,Beck and Co,DE,"בקבוק בירה בקס ללא אלכוהול 275מ""ל",מיליליטרים,275.00,"100 מ""ל",false,1,5.90,2.1455,true,1,28985
7290017928036,true,מקלות גריסיני שומשום,מאיר בייגל,IL,מאיר בייגל מקלות גריסיני שומשום 175 גרם,גרמים,175.00,100 גרם,false,1,11.90,6.8000,true,1,22284
7290017928043,true,גריסיני קראנץ מלח 17,מאיר בייגל,IL,מאיר בייגל גריסיני קראנץ' עם מלח 175 גרם,יחידה,0.00,יחידה,false,1,11.90,0.0000,true,1,22285
7290017928098,false,מאיר בייגל שטוחלה מלח 330 גר',מאיר בייגל,IL,שטוחלה מלח מאיר בייגל 330 גרם,גרמים,330.00,100 גרם,false,1,11.90,3.6061,true,1,33613
7290017928210,true,בייגלה גדול שומשום 2,מאיר בייגל,IL,בייגלה גדול שומשום 250 גרם מאיר בייגל,גרמים,250.00,100 גרם,false,1,11.90,4.7600,true,1,22287
7290017928227,true,שטוחלה פינוקים 300 ג,מאיר בייגל,IL,שטוחלה פינוקים,גרמים,300.00,100 גרם,false,1,11.90,3.9667,true,1,22288
7290017928432,true,גריסיני קראנץ פרג 17,HIQ FOOD PRODUCTS,IL,מאיר בייגל גריסיני קראנץ' עם פרג 175 גרם,גרמים,175.00,100 גרם,false,1,11.90,6.8000,true,1,22293
7290017928524,false,בייגלה שטוח ניגובים מלח 330 ג' מאיר בייגל,מאיר בייגל,IL,מאיר בייגל שטוח ניגובים מלח 330 גרם,גרמים,330.00,100 גרם,false,1,11.90,3.6061,true,1,33614
7290017928609,true,טבעות שומשום 300 גרם,מאיר בייגל,IL,מאיר בייגל טבעות שומשום 300 גרם,גרמים,300.00,100 גרם,false,1,11.90,3.9667,true,1,22295
7290017928616,true,שטוחלה שומשום 300 גר,מאיר בייגל,IL,שטוחלה שומשום 300 גרם מאיר בייגל,גרמים,300.00,100 גרם,false,1,11.90,3.9667,true,1,22296
7290017928685,false,בייגלה שמיניות עם מלח 400גרם -חדש,מאיר בייגל,IL,מאיר בייגל בייגלה עם מלח 400 גרם,גרמים,400.00,100 גרם,false,1,11.90,2.9750,true,1,33615
7290017928722,false,בייגלה שטוח ניגובים שומשום 300 ג' מאיר בייגל,מאיר בייגל,IL,מאיר בייגל שטוח ניגובים שומשום 300 גרם,גרמים,330.00,100 גרם,false,1,11.90,3.6061,true,1,33616
7290017928807,true,אצבעות שומשום 300 גר,מאיר בייגל,IL,אצבעות שומשום 300 גרם מאיר בייגל,גרמים,300.00,100 גרם,false,1,11.90,3.9667,true,1,22299
7290017928821,true,מקלות גריסיני קלאסי,מאיר בייגל,IL,מקלות גריסיני קלאסי 200 גרם מאיר בייגל,גרמים,200.00,100 גרם,false,1,11.90,5.9500,true,1,22301
7290017947105,false,לחם בסגנון אמריקה 500 גר',מאפיית שלמה א. אנג'ל,IL,לחם אנגל בסגנון אמריקה 500 גרם,גרמים,500.00,100 גרם,false,1,14.90,2.9800,true,1,22842
7290017947464,false,מארז 8 פיתות מקמח כוסמין מלא 400ג',"איטיליאן פוד, אס.פי.",IL,מאפיית אנג'ל פיתות כוסמין 400 גרם,יחידה,1.00,יחידה,false,1,15.90,15.9000,true,1,26978
7290017947495,false,לחמניות כוסמין 450 ג' אנג'ל,"איטיליאן פוד, אס.פי.",IL,אנג'ל לחמניות 100% כוסמין 450 גרם,גרמים,450.00,100 גרם,false,1,16.90,3.7556,true,1,27605
7290017947891,false,לחם כוסמין וחיטה מלאה 750 ג' אנג'ל,מאפיית שלמה א. אנג'ל,IL,"אנג'ל כוסמין וחיטה מלאה במרקם חלק, 750 גרם",גרמים,750.00,100 גרם,false,1,15.90,2.1200,true,1,22841
7290017947921,false,לחמניות המבורגר בסגנון אמריקאי מארז 6 יח',מאפיית שלמה א. אנג'ל,IL,אנג'ל לחמניות המבורגר בסגנון אמריקה 6 יח',גרמים,450.00,100 גרם,false,1,14.90,3.3111,true,1,22840
7290017947938,false,מיני לחמניות המבורגר בסגנון אמריקה 400 ג' אנג'ל,מאפיית שלמה א. אנג'ל,IL,לחמניות מיני המבורגר אמריקה 8 יח,גרמים,400.00,100 גרם,false,1,14.90,3.7250,true,1,27604
7290017962009,false,גרנולה ונילה אגוזים,דני וגלית בעמ,IL,דני וגלית גרנולה חמוציות וקשיו 300 גרם,גרמים,330.00,100 גרם,false,1,21.90,6.6364,true,1,14376
7290017962023,false,גרנולה מייפל תמר פקא,דני וגלית בעמ,IL,דני וגלית גרנולה מייפל פקאן תמר' 330 גרם,גרמים,330.00,100 גרם,false,1,21.90,6.6364,true,1,14378
7290017962030,false,גרנולה סופר בריס דני,דני וגלית בעמ,IL,דני וגלית גרנולה סופר בריס 330 גרם,גרמים,330.00,100 גרם,false,1,21.90,6.6364,true,1,14379
7290018012093,false,תאורת חירום מודל xl,,,תאורת חירום מודל xl,לא מנהל יחידת מידה,0.00,לא מנהל יחידת מידה,false,1,119.00,0.0000,true,1,22278
7290018012116,false,תאורת חירום מודל L,,,תאורת חירום מודל L,יחידה,1.00,יחידה,false,1,79.00,79.0000,true,1,22279
7290018043110,false,אול אין אקסטרא קרם ק,הרת'סייד פוד סולושיי,NL,אול אין אקסטרא קרם קשיו קרמל,גרמים,60.00,100 גרם,false,1,13.90,23.1667,true,1,33628
7290018043134,false,אול אין אקסטרא קרם ש,הרת'סייד פוד סולושיי,NL,אול אין אקסטרא קרם ש לבן,גרמים,60.00,100 גרם,false,1,13.90,23.1667,true,1,33627
7290018043301,false,חטיף חלבון בטעם וניל,הרת'סייד פוד סולושיי,NL,חטיף חלבון בטעם ונילה קראנץ- 60 גרם,גרמים,60.00,100 גרם,false,1,13.90,23.1667,true,1,34762
7290018043592,false,מי חלבון אול אין אפר,שטיינרייזר גטראנקה,AT,מי חלבון אול אין אפרסק 500 מל,מיליליטרים,500.00,"100 מ""ל",false,1,18.90,3.7800,true,1,34162
7290018043608,false,מי חלבון אול אין פ.,שטיינרייזר גטראנקה,AT,מי חלבון אול אין פ.יער 500 מל,מיליליטרים,500.00,"100 מ""ל",false,1,18.90,3.7800,true,1,34163
7290018043899,false,חטיף חלבון בטעם בוטנ,הרת'סייד פוד סולושיי,NL,חטיף חלבון בטעם בוטנים קרמל- 60 גרם,גרמים,60.00,100 גרם,false,1,13.90,23.1667,true,1,34764
7290018045084,false,דגנים במילוי קרם בטעם בראוניז 480 ג' BON & BON,,DE,דגנים BON&BONבמילוי קרם בטעם בראוניז 480,גרמים,480.00,100 גרם,false,1,21.90,4.5625,true,1,34891
7290018045695,false,דגנים במילוי קרם קרמל מלוח 480 ג' BON & BON,,DE,דגנים BON&BONבמילוי קרם קרמל מלוח 480גרם,גרמים,480.00,100 גרם,false,1,21.90,4.5625,true,1,34892
7290018045893,false,דגנים במילוי קרם נוגט 480ג' BON & BON,,DE,דגנים BON&BONבמילוי קרם נוגט 480גרם,גרמים,480.00,100 גרם,false,1,21.90,4.5625,true,1,34893
7290018071137,false,"צלחות מתכלות מקנה סוכר טבעי 17 ס""מ- 25 יחי",,CN,צלחות מתכלות קנה סוכר 17 סמ 25 יח,יחידה,1.00,יחידה,false,1,9.90,9.9000,true,1,29740
7290018071144,false,"צלחות מתכלות מקנה סוכר טבעי 23 ס""מ - 25 יחי",,CN,צלחות מתכלות קנה סוכר 23 סמ 25 יח,יחידה,1.00,יחידה,false,1,19.90,19.9000,true,1,29741
7290018071151,false,"צלחות מתכלות מקנה סוכר טבעי 26ס""מ - 25 יחי",,CN,צלחות מתכלות קנה סוכר 26 סמ 25 יח,יחידה,1.00,יחידה,false,1,22.90,22.9000,true,1,29742
7290018071205,false,כפפות ניטרו כחולות אלסטיות S 100יח',איזיטאצ,CN,כפפות נטרו V ללא אבקה S כחול 100 יח,יחידה,1.00,יחידה,false,1,29.90,29.9000,true,1,30175
7290018071229,false,כפפות ניטרו כחולות אלסטיות L ללא אבקה 100יח',איזיטאצ,CN,כפפות נטרו V ללא אבקה L כחול 100 יח,יחידה,1.00,יחידה,false,1,29.90,29.9000,true,1,30177
7290018071236,false,כפפות ניטרו כחולות אלסטיות XL ללא אבקה 100יח',איזיטאצ,CN,כפפות נטרו V ללא אבקה XL כחול 100 יח,יחידה,1.00,יחידה,false,1,29.90,29.9000,true,1,30178
7290018091029,false,מקלות פילו תפוחי אדמה מעדנות 450 ג',"מעדנות בע""מ",IL,מקלות פילו תפוחי אדמה מעדנות 450גרם,גרמים,450.00,100 גרם,false,1,21.90,4.8667,true,1,23344
7290018091234,false,פיצה מקסיקנית מעדנות 260 ג',מעדנות בעמ,IL,פיצה מקסיקנית מעדנות 260גרם,גרמים,260.00,100 גרם,false,1,17.90,6.8846,true,1,27352
7290018091265,false,פיצה נפוליטנה 330 ג' מעדנות,קריות זול,IL,פיצה נפוליטנה מעדנות 330 גרם,גרמים,330.00,100 גרם,false,1,21.90,6.6364,true,1,34785
7290018091272,false,בצק עוגיות קקאו טריפל שוקולד צ'יפס 300ג',מעדנות,TR,בצק עוגיות קקאו טריפל שוקולד ציפס300 ג,גרמים,300.00,100 גרם,false,1,19.90,6.6333,true,1,35674
7290018091470,false,גלילת ביסקוויטים בטעם שוקולד 300ג',מעדנות,IL,גלילת ביסקוויטים בטעם שוקולד מעדנות300,גרמים,300.00,100 גרם,false,1,19.90,6.6333,true,1,36697
7290018091616,false,מקלות פילו גבינה מעדנות 450 ג',מיוצר עי קונדיטוריית,IL,מקלות פילו גבינה מעדנות 450גרם,גרמים,450.00,100 גרם,false,1,21.90,4.8667,true,1,23346
7290018091661,false,פיצה ירקות שוק 380 ג' מעדנות,"מעדנות בע""מ",IL,פיצה שוק מעדנות 380 גרם,גרמים,380.00,100 גרם,false,1,21.90,5.7632,true,1,34786
7290018091821,false,פיצה נפוליטנה מעדנות 200 ג',מעדנות בעמ,IL,פיצה נפוליטנה מעדנות 200גרם,גרמים,200.00,100 גרם,false,1,17.90,8.9500,true,1,27351
7290018091876,false,"מאפה פילו גבינה, 320 גרם מעדנות","מעדנות בע""מ",IL,מאפה פילו גבינה 320 גרם מעדנות,גרמים,320.00,100 גרם,false,1,22.90,7.1562,true,1,35675
7290018098240,false,מרק ירקות+חלבון ירוק,פרוטלנד,IL,מרק ירקות ירוק תוספת חלבון 500 גרם,גרמים,500.00,100 גרם,false,1,16.90,3.3800,true,1,38428
7290018098257,false,מרק שעועית+חלבון ירו,פרוטלנד,IL,מרק שעועית ירוק תוספת חלבון 500 גרם,גרמים,500.00,100 גרם,false,1,16.90,3.3800,true,1,38429
7290018098486,false,פיצה טבעונית משפחתית מרגריטה 350 גרם MILK FREE,נטורל קייקס,IL,פיצה מרגריטה כוסמין טבעונית 350 גרם G FR,גרמים,350.00,100 גרם,false,1,21.90,6.2571,true,1,38431
7290018098493,false,פיצה טבעונית משפחתית זיתים 350 גרם MILK FREE,נטורל קייקס,IL,פיצה זיתים כוסמין טבעונית 350 גרם G FREE,גרמים,350.00,100 גרם,false,1,21.90,6.2571,true,1,38432
7290018131053,false,קרחוני לימון אננס וולנס מאגדת 10 יח'*70 ג',גלידות נסטלה (נגה גל,IL,נסטלה מאגדת קרחוני לימון אננס וולנס 70*1,לא מנהל יחידת מידה,0.00,לא מנהל יחידת מידה,false,1,24.90,0.0000,true,1,22857
7290018131312,false,לה קרמריה וניל שוקו.,המאפיה של הרמן,IL,לה קרמריה שוקו וניל פרווה כשלפ 1.4 ליטר,ליטרים,1.40,ליטר,false,1,21.90,15.6429,true,1,23241
7290018131756,false,נסטלה מאגדת שלגון וניל תות 8*55 גר',גלידות נסטלה,IL,מאגדת 1/8 שלגונים וניל מצופה תות 440 גרם,גרמים,440.00,100 גרם,false,8,29.90,6.7955,true,1,28929
7290018131855,false,אקסטרים טילון בראוניז בדצ 6*72ג,גלידות נסטלה (נגה גל,IL,מאג אקסטרים טילון בראוניז 432גרם,גרמים,432.00,100 גרם,false,1,32.90,7.6157,true,1,29434
7290018131879,false,אקסטרים טילון ריבת חלב בדצ 6*72 גר',גלידות נסטלה (נגה גל,IL,מאג אקסטרים טילון ריבת חלב 432גרם,גרמים,432.00,100 גרם,false,1,32.90,7.6157,true,1,29433
7290018131954,false,קרחון שרבט פרווה לה פרוטה תות שדה ושוקולד מריר,גלידות נסטלה Nestle,IL,מאגדת ל.פרוטה מצופה תות שוקולד 350 גרם,גרמים,350.00,100 גרם,false,5,29.90,8.5429,true,1,28927
7290018140499,false,שניצל מן הצומח 200 ג,,NL,שניצל מן הצומח 200 גרם הקצב הכחול,גרמים,200.00,100 גרם,false,1,25.90,12.9500,true,1,38433
7290018140697,false,שניצלונים מן הצומח 2,,NL,שניצלונים מן הצומח 200 גרם הקצב הכחול,גרמים,200.00,100 גרם,false,1,25.90,12.9500,true,1,38434
7290018140833,false,עראיס טבעוני מחנה יה,חמים וטעים,IL,עראיס טבעוני מחנה יהודה 300 גרם 4 יחידות,גרמים,300.00,100 גרם,false,1,29.90,9.9667,true,1,38435
7290018165010,false,"יין ברקן רזרב גולד גוורצטרמינר 750 מ""ל",יקבי ברקן שיווק והפצ,IL,"גוורצטרמינר רזרב גולד 750 מ""ל",מיליליטרים,750.00,"100 מ""ל",false,1,52.90,7.0533,true,1,36050
7290018165027,false,יין רזרב ברקן גולד ר,יקבי ברקן שיווק והפצ,IL,"רזרב גולד רוזה 750 מ""ל",מיליליטרים,750.00,"100 מ""ל",false,1,52.90,7.0533,true,1,36051
7290018165447,false,"יין רזרב גולד מרלו 750 מ""ל",יקבי ברקן שיווק והפצ,IL,"רזרב גולד מרלו 750 מ""ל",מיליליטרים,750.00,"100 מ""ל",false,1,52.90,7.0533,true,1,36052
7290018192023,false,מקלות סלרי יחידה,"מרינה פטריות הגליל בע""מ",IL,מקלות סלרי יחידה,גרמים,500.00,100 גרם,false,1,4.90,0.9800,true,1,22220
7290018192658,false,מארז זוג פטריות פורטובלה ושמפיניון מרינה,"מרינה פטריות הגליל בע""מ",IL,פטריות שמפניון צמד חמד איטלקי מארז זוג,גרמים,500.00,100 גרם,false,1,18.90,3.7800,true,1,31981
7290018194454,false,ערק סאפי לימונארק 7,סאן אויל,IL,"לימונארק סאפי 700 מ""ל",מיליליטרים,700.00,"100 מ""ל",false,1,59.90,8.5571,true,1,26849
7290018194928,false,"וודקה טראפ כשל""פ 700",א.ת.באר טוביה,IL,"וודקה טראפ כשל""פ 700 מ""ל",מיליליטרים,700.00,"100 מ""ל",false,1,89.90,12.8429,true,1,35597
7290018198209,false,תפוגן ציפס בטטה קראנ,"תעשיות תפוגן בע""מ",IL,תפוגן ציפס בטטה קראנצי 500גרם,גרמים,500.00,100 גרם,false,1,19.90,3.9800,true,1,34226
7290018236635,false,צ'ונגו פופקורן מצופה עוף טוב 600 גר',מוצרי עוף טוב (2001),IL,עוף טוב צונגו פופקורן מצופה 12*600גרם,גרמים,600.00,100 גרם,false,1,36.90,6.1500,true,1,28297
7290018237304,false,פסטרמה מקסיקנית גוש,מולינו ניקולי s.p.a,IL,פסטרמה מקסיקנית גוש עוף טוב 200גרם,גרמים,200.00,100 גרם,false,1,19.90,9.9500,true,1,33543
7290018237335,false,פסטרמה מהגריל עוף טו,מולינו ניקולי s.p.a,IL,פסטרמה מהגריל עוף טוב 200גרם,גרמים,200.00,100 גרם,false,1,19.90,9.9500,true,1,33545
7290018237373,false,עוף טוב פסטרמה צרובה על הגריל נתח שלם 300 גר',עיצובים 2020 (4.9),IL,פסטרמה צרובה על הגריל פרוס עוף טוב 300גר,גרמים,300.00,100 גרם,false,1,26.90,8.9667,true,1,33542
7290018237397,false,עוף טוב פסטרמה מקורמלת נתח שלם 300 גר',מולינו ניקולי s.p.a,IL,פסטרמה מקורמלת נתח שלם פרוס עוף טוב 300ג,גרמים,300.00,100 גרם,false,1,26.90,8.9667,true,1,33541
7290018237410,false,עוף טוב פסטרמה במעשנה נתח שלם 300 גר',מולינו ניקולי s.p.a,IL,פסטרמה במעשנה מנתח שלם פרוס עוף טוב 300ג,גרמים,300.00,100 גרם,false,1,26.90,8.9667,true,1,33540
7290018237489,false,פסטרמה ברביקיו דק-דק 220 גרם,עוף טוב,IL,פסטרמה ברביקיו דק-דק עוף טוב 220 גרם,גרמים,220.00,100 גרם,false,1,22.90,10.4091,true,1,34675
7290018237496,false,פסטרמה בדבש דקדק 220 גר,עיצובים 2020 (4.9),IL,פסטרמה בדבש דק-דק עוף טוב220 גרם,גרמים,220.00,100 גרם,false,1,22.90,10.4091,true,1,34676
7290018237502,false,עוף טוב דק דק כתף בקר 200 גר',עיצובים 2020 (4.9),IL,כתף בקר דק-דק עוף טוב 200 גרם,גרמים,200.00,100 גרם,false,1,22.90,11.4500,true,1,34677
7290018237731,false,פסטרמות ברביקיו ומעושנת 2*300גרם,עוף טוב,IL,פסטרמה ברביקיו+מעושנת עוף טוב במארז 600ג,גרמים,600.00,100 גרם,false,1,26.90,4.4833,true,1,34678
7290018237908,false,עוף טוב נקניקיות עסיסיות למנגל 400 גרם,עוף טוב,IL,נקניקיות עסיסיות למנגל ללג עוף טוב 40,גרמים,400.00,100 גרם,false,1,14.90,3.7250,true,1,36341
7290018249123,false,אינסטנט פודינג סוויטאנגו בטעם וניל,מתבל תעשיות מזון,IL,אינסטנט פודינג וניל סוויטאנגו ללס 50גרם,גרמים,50.00,100 גרם,false,1,12.90,25.8000,true,1,27658
7290018249444,false,אבקת שוקו סוויטאנגו 400 ג',קרלו,EG,סוויטאנגו אבקת שוקו 400 גרם,גרמים,400.00,100 גרם,false,1,39.90,9.9750,true,1,33547
7290018249550,false,אינסטנט פודינג בטעם שוקולד 55 ג',מתבל תעשיות מזון,IL,סווטיאנגו אינסטנד פודינג שוקלד 50 גרם,גרמים,50.00,100 גרם,false,1,12.90,25.8000,true,1,28289
7290018249802,false,ממתיק סוויטאנגו צנצנת 280 גרם,סוויטאנגו Sweetango,IL,ממתיק סויטאנגו 280גרם,גרמים,280.00,100 גרם,false,1,29.90,10.6786,true,1,28916
7290018249994,false,סוויטאנגו תחליף סוכר ממתיק 700 גר',מתבל תעשיות מזון,IL,סוויטאנגו ממתיק בצנצנת 700 גרם,גרמים,700.00,100 גרם,false,1,59.90,8.5571,true,1,26529
7290018294208,false,"סלקטד אדום יין ישראלי, 750 מ""ל","כד בני דרום בע""מ",IL,יין אדום ישראלי יבש סלקטד יקבי הכרמל 2020 750 מל,מיליליטרים,750.00,"100 מ""ל",false,1,29.90,3.9867,true,1,33311
7290018294901,false,מונלייט אדום יבש 750 מל',יקבי כרמל Carmel Winery,IL,"מונלייט אדום 750 מ""ל",מיליליטרים,750.00,"100 מ""ל",false,1,39.90,5.3200,true,1,36726
7290018294918,false,מונלייט מוסקטו רוזה מתוק מבעבע 750מל,יקבי כרמל Carmel Winery,IL,"מונלייט סמוק מבעבע 750 מ""ל",מיליליטרים,750.00,"100 מ""ל",false,1,39.90,5.3200,true,1,36728
7290018296042,false,לחם טוסט אמריקה 500ג,מאפיית אגמי,IL,לחם טוסט אמריקה 500גרם,גרמים,500.00,100 גרם,false,1,12.90,2.5800,true,1,33509
7290018296202,false,לחם אחיד פלוס כוסמין,מאפיית אגמי,IL,לחם אחיד פלוס כוסמין,גרמים,650.00,100 גרם,false,1,13.90,2.1385,true,1,25978
7290018296257,false,לחם בריאות ושובע שיב,מאפיית אגמי,IL,לחם בריאות ושובע שיבולת שועל,גרמים,550.00,100 גרם,false,1,16.90,3.0727,true,1,33511
7290018296400,false,לחם בריאות ושובע 60,"מאפיית אגמי בע""מ",,לחם בריאות ושובע,גרמים,600.00,100 גרם,false,1,13.90,2.3167,true,1,23858
7290018296462,false,6 לחמניות מזונות,מאפיית אגמי,IL,6 לחמניות,גרמים,510.00,100 גרם,false,1,16.90,3.3137,true,1,36366
7290018296608,false,לחם בריאות ושובע 9 ד,מאפיית אגמי,IL,לחם בריאות ושובע 9 דגנים,גרמים,600.00,100 גרם,false,1,13.90,2.3167,true,1,23875
7290018296615,false,עשיריית פיתות ביס כו,"מאפיית אגמי בע""מ",,פיתה כוסמין ביס,גרמים,500.00,100 גרם,false,1,16.90,3.3800,true,1,23859
7290018296806,false,לחם בריאות ושובע מוע,מאפיית אגמי,IL,לחם בריאות מעושר,גרמים,600.00,100 גרם,false,1,13.90,2.3167,true,1,23839
7290018296813,false,פיתה ביס קלה 10 יח 4,"מאפיית אגמי בע""מ",,פיתה קלה ביס,גרמים,500.00,100 גרם,false,1,13.90,2.7800,true,1,23840
7290018333686,false,גרנולה רפאלס פרו פקא,רפאלס,IL,גרנולה רפאלס פרו 250 גרם פקאן חמוציות *10 בקר',גרמים,250.00,100 גרם,false,1,15.90,6.3600,true,1,28525
7290018333693,false,גרנולה פרו עם קשיו ופירות יבשים 600 גר',רפאלס,IL,גרנולה רפאלס פרו 600 גר קשיו ופירות יבשים*6 בקר',גרמים,600.00,100 גרם,false,1,28.90,4.8167,true,1,28526
7290018333945,false,חטיף אגוזים רפאלס שקד ווניל בדצ 150 גר *12יח,רפאלס,IL,מאגדת אגוזים רפאלס שקד ווניל *5 150גרם,גרמים,150.00,100 גרם,false,1,15.90,10.6000,true,1,33033
7290018333952,false,חטיף אגוזים רפאלס וחמוציות בדצ 150 גר *12יח,רפאלס,IL,מאגדת אגוזים רפאלס וחמוציות *5 150 גרם,גרמים,150.00,100 גרם,false,1,15.90,10.6000,true,1,33034
7290018333969,false,חטיף גרנולה רפאלס שקדים וטחינה בדצ 150 גר *12יח,רפאלס,IL,מאגדת גרנולה רפאלס שקדים וטחינה*5 150 גרם,גרמים,150.00,100 גרם,false,1,15.90,10.6000,true,1,33035
7290018338049,false,שמן אבוקדו תבואות 25,פולאן פולסקו,ES,שמן אבוקדו תבואות 250 מל,מיליליטרים,250.00,"100 מ""ל",false,1,23.90,9.5600,true,1,28979
7290018338070,false,חיטת פריקי תבואות 5,תבואות,IL,חיטת פריקי תבואות 500 גרם,גרמים,500.00,100 גרם,false,1,11.90,2.3800,true,1,28974
7290018338346,false,שמן שומשום אורגני תב,גו אנד קו,IT,שמן שומשום אורגני תבואות 250 מל,מיליליטרים,250.00,"100 מ""ל",false,1,21.90,8.7600,true,1,28980
7290018338353,false,שמן פשתן אורגנית תבו,גו אנד קו,IT,שמן פשתן אורגנית תבואות 250 מלה,מיליליטרים,250.00,"100 מ""ל",false,1,18.90,7.5600,true,1,28981
7290018338544,false,פוסילי מקמח כוסמין ל,פוד סרויס,IT,פוסילי מקמח כוסמין לבן אורגני 500 גרם,גרמים,500.00,100 גרם,false,1,14.90,2.9800,true,1,34191
7290018338551,false,פנה מקמח כוסמין לבן,פוד סרויס,IT,פנה מקמח כוסמין לבן אורגני 500 גרם,גרמים,500.00,100 גרם,false,1,14.90,2.9800,true,1,34192
7290018338568,false,ספגטי מקמח כוסמין לב,פוד סרויס,IT,ספגטי מקמח כוסמין לבן אורגני 500 גרם,גרמים,500.00,100 גרם,false,1,14.90,2.9800,true,1,34193
7290018338803,false,קמח שקד קלוף תבואות,תבואות,US,קמח שקד קלוף תבואות 250 גר,גרמים,250.00,100 גרם,false,1,19.90,7.9600,true,1,28975
7290018344095,false,חטיף חלבון בטעם בוטנים מלח 50 ג' VEG PROTEIN,טבע ירוק,IL,חטיף חלבון VEG PROTEIN בוטנים מלח 50 גרם,גרמים,50.00,100 גרם,false,1,10.90,21.8000,true,1,38090
7290018344101,false,חטיף חלבון בטעם קקאו וקפה 50 ג' VEG PROTEIN,טבע ירוק,IL,חטיף חלבון VEG PROTEIN קקאו וקפה 50 גרם,גרמים,50.00,100 גרם,false,1,10.90,21.8000,true,1,38091
7290018344125,false,חטיף חלבון אגוזי לוז,טבע ירוק,IL,חטיף חלבון VEG PROTEIN אגוזי לוז וקקאו,גרמים,50.00,100 גרם,false,1,10.90,21.8000,true,1,38092
7290018359495,false,תירס מהשדה בלי תוספת סוכר יכין 550 גר',היינץ צפון אמריקה מק,IL,יכין תירס לייט מופחת קלוריות 550 גרם,גרמים,550.00,100 גרם,false,1,8.90,1.6182,true,1,27503
7290018359716,false,רוטב פיצה טוסקנה יכין 240 גר',"זנלכל בע""מ",IL,רוטב פיצה טוסקנה יכין 240 ג,גרמים,240.00,100 גרם,false,1,5.50,2.2917,true,1,30063
7290018359853,false,עדשים שחורות יכין 40,"זנלכל בע""מ",IL,עדשים שחורות יכין 400גרם,גרמים,400.00,100 גרם,false,1,6.90,1.7250,true,1,33845
7290018371008,false,חטיף טורטייה אורגני,קואקספרה,PE,חטיף טורטייה אורגני תירס סגול צילי השדה,גרמים,70.00,100 גרם,false,1,14.90,21.2857,true,1,34907
7290018371015,false,חטיף טורטייה אורגנ,קואקספרה,PE,חטיף טורטייה צ'יפס אורגניים עם תירס סגול וקינואה,גרמים,70.00,100 גרם,false,1,14.90,21.2857,true,1,34908
7290018371091,false,בייגלה אורגני כוסמין,מאיר בייגל,IL,בייגלה כוסמין אורגני עם שומשום ללא תוספת מלח,גרמים,200.00,100 גרם,false,1,18.90,9.4500,true,1,28945
7290018371220,false,חמאת בוטנים אורגנית,סנקי,IL,צ'יקי מאנקי חמאת בוטנים אורגנית,גרמים,400.00,100 גרם,false,1,25.90,6.4750,true,1,27134
7290018371299,false,אובלטים אורגניים מקמ,אם החיטה,IL,אובלטים אורגניים מקמח חומוס בתוספת שומשום,גרמים,100.00,100 גרם,false,1,12.90,12.9000,true,1,34909
7290018371305,false,אובלטים אורגניים מקמ,אם החיטה,IL,אובלטים אורגניים מקמח עדשים כתומות בתוספת שומשום,גרמים,100.00,100 גרם,false,1,12.90,12.9000,true,1,34910
7290018371312,false,אובלטים אורגניים מקמ,אם החיטה,IL,אובלטים אורגניים מקמח כוסמת בתוספת שומשום,גרמים,100.00,100 גרם,false,1,12.90,12.9000,true,1,34911
7290018371428,false,חומוס אורגני עם שמן,איי אנד סי,GR,חומוס אורגני עם שמן זית כתית מעולה,גרמים,226.00,100 גרם,false,1,19.90,8.8053,true,1,34912
7290018371442,false,חומוס אורגני עם שמן,איי אנד סי,GR,חומוס אורגני עם שמן זית כתית מעולה ופלפל צ'ילי,גרמים,226.00,100 גרם,false,1,19.90,8.8053,true,1,34913
7290018371527,false,וופל קוביות קמח מלא,"רוקחמן בע""מ",IL,וופל קוביות קמח מלא חרובים 200 גרם,גרמים,200.00,100 גרם,false,1,15.90,7.9500,true,1,34918
7290018371534,false,וופל קוביות קמח כוסמ,"רוקחמן בע""מ",IL,וופל קוביות קמח כוסמין חרובים 200 גרם,גרמים,200.00,100 גרם,false,1,16.90,8.4500,true,1,34919
7290018394021,false,פטריות מלך היער תקוע,חוות פטריות תקוע,IL,פטריות מלך היער,גרמים,200.00,100 גרם,false,1,16.90,8.4500,true,1,30637
7290018394038,false,פטריות שיטאקי מיובשו,חקלאי,IL,פטריות שיטאקי,גרמים,1.00,100 גרם,false,1,10.90,1090.0000,true,1,28406
7290018400661,false,לקט פאייה בסגנון ספרדי סנפרוסט 800 ג',"סנפרוסט בע""מ",IL,לקט פאייה בסגנון ספרדי 800גרם,גרמים,800.00,100 גרם,false,1,25.90,3.2375,true,1,33515
7290018440070,false,תרכיז עגבניות בשפורפרת 28BX בלה איטליה 200 ג',בלה איטליה Bella Italia,IT,תרכיז עגבניות בשפורפרת 28 BX 200 גר,גרמים,200.00,100 גרם,false,1,8.90,4.4500,true,1,27481
7290018440193,false,בייגלה בציפוי קרם בטעם חמאת בוטנים פליפז 140 גר',שוורצקוף& הנקל דיסלד,TR,פליפז בייגלה מצופה חמאת בוטנים 140 ג,גרמים,140.00,100 גרם,false,1,8.90,6.3571,true,1,28543
7290018440209,false,בייגלה בציפוי פאדג' לבן פליפז 140 גר',שוורצקוף& הנקל דיסלד,TR,"Flipz, חטיף בייגלה אפוי בציפוי שוקולד חלב, 140 גרם",גרמים,140.00,100 גרם,false,1,8.90,6.3571,true,1,28544
7290018440223,false,חווית הצ'אי- מסאלה עוצמתי,קריות זול,IL,צאי מסאלה עוצמתי 25 גרם,גרמים,25.00,100 גרם,false,1,19.90,79.6000,true,1,33690
7290018440230,false,צ'אי ורדים 25 שק' ויסוצקי,קריות זול,IL,צאי ורדים 25 גרם,לא מנהל יחידת מידה,0.00,לא מנהל יחידת מידה,false,1,19.90,0.0000,true,1,33692
7290018440247,false,צ'אי שקדים 25 שק' ויסוצקי,קריות זול,IL,צאי שקדים 25 גרם,לא מנהל יחידת מידה,0.00,לא מנהל יחידת מידה,false,1,19.90,0.0000,true,1,33691
7290018440254,false,צ'אי קרמל מלוח 25 שק' ויסוצקי,קריות זול,IL,צאי קרמל מלוח 25 גרם,לא מנהל יחידת מידה,0.00,לא מנהל יחידת מידה,false,1,19.90,0.0000,true,1,33693
7290018440384,false,תה ירוק מאטה לימון נענע 25 שק' ויסוצקי,ויסוצקי,IL,תה ירוק מאטה לימון נענע 25 שקיקים,גרמים,25.00,100 גרם,false,1,25.90,103.6000,true,1,33688
7290018440391,false,תה ירוק מאטה נענע גוארנה 25 שק' ויסוצקי,ויסוצקי,IL,תה ירוק מאטה נענע גוארנה 25 שקיקים,גרמים,25.00,100 גרם,false,1,25.90,103.6000,true,1,33689
7290018440407,false,תה ירוק מאטה קקאו לוז 25 שק' ויסוצקי,ויסוצקי,IL,תה ירוק מאטה קקאו לוז 25 שקיקים,גרמים,25.00,100 גרם,false,1,25.90,103.6000,true,1,33687
7290018440476,false,בייגלה מצופה קרם עוגת גבינה ותותים פליפז 140 גר',אולקר מקבוצת פלאדיס,TR,פליפז בייגלה מצופה בקרם עוגת גבינה 140 ג,גרמים,140.00,100 גרם,false,1,8.90,6.3571,true,1,34104
7290018440483,false,בייגלה מצופה קרמל מלוח ושוקולד פליפז 140 גר',שוורצקוף& הנקל דיסלד,TR,פליפז בייגלה מצופה בקרמל מלוח ושוקולד 14,גרמים,140.00,100 גרם,false,1,8.90,6.3571,true,1,31801
7290018440896,false,חליטת צמחים ג'ינג'ר וכורכום - אפקט הג'ינג'ר,ויסוצקי,IL,חליטת הגן הקסום גינגר וכורכום 25 שקיקי,גרמים,25.00,100 גרם,false,1,19.90,79.6000,true,1,34749
7290018441626,false,גלידת פיינטים מנטה עוגיות 430 ג' בן וג'ירי,מוצרי איכות אמריקאיי,IL,פיינט בן&גריס מנטה עוגיות 430גרם,גרמים,430.00,100 גרם,false,1,23.90,5.5581,true,1,34757
7290018441817,true,ציפס בטטה 1.135 גרם,,CA,ציפס בטטה 1.135 גרם,גרמים,1.00,100 גרם,false,1,39.90,3990.0000,true,1,27279
7290018468418,false,"פסטרמה צמחונית בטעם מפולפל, 120 גרם",טיב טירת צבי 2000,IL,פסטרמה צמחונית בטעם מפולפל טירת צבי 120,גרמים,120.00,100 גרם,false,1,20.90,17.4167,true,1,37713
7290018471029,false,"סודה בטעם לימון - מארז 6 בקבוקים 500 מ""ל",יפאורה תבורי בעמ,IL,שוופס סודה לימון 0.5 ליטר שישייה,ליטרים,3.00,ליטר,false,1,16.20,5.4000,true,1,28124
7290018471036,false,"שוופס סודה לימון 500 מ""ל","יפאורה תבורי בע""מ",IL,שוופס סודה לימון 500מל,מיליליטרים,500.00,"100 מ""ל",false,1,3.90,0.7800,true,1,28125
7290018471043,false,"ספרינג פירות טרופיים פחית 330מ""ל",יפאורה תבורי בעמ,IL,"ספרינג פירות טרופיים פחית 330 מ""ל",מיליליטרים,330.00,"100 מ""ל",false,1,5.50,1.6667,true,1,30182
7290018471050,false,"ספרינג אגס תפוח סברס פחית 330מ""ל",יפאורה תבורי בעמ,IL,"ספרינג אגס תפוח סברס פחית 330 מ""ל",מיליליטרים,330.00,"100 מ""ל",false,1,5.50,1.6667,true,1,30202
7290018471111,false,"שוויפס מוחיטו ליים נענע 330 מ""ל",יפאורה שותפות מובגלת,IL,שוופס ליים מוחיטו 330 מל,ליטרים,1.50,ליטר,false,1,6.90,4.6000,true,1,29430
7290018471128,false,"ספרינג שייק אננס מנגו פסיפלורה זכוכית 330 מ""ל","יפאורה תבורי בע""מ",IL,"ספרינג שייק אננס מנגו פסיפלורה 330 מ""ל",מיליליטרים,330.00,"100 מ""ל",false,1,9.50,2.8788,true,1,30718
7290018471135,false,"ספרינג שייק בננה תמר תפוז זכוכית 330 מ""ל","יפאורה תבורי בע""מ",IL,"ספרינג שייק בננה תמר תפוז 330 מ""ל",מיליליטרים,330.00,"100 מ""ל",false,1,9.50,2.8788,true,1,30719
7290018471142,false,"ספרינג שייק בננה אננס קוקוס פירות יער זכוכית 330 מ""ל","יפאורה תבורי בע""מ",IL,ספרינג שייק בננה אננס קוקוס פירות יער 330 מל,מיליליטרים,330.00,"100 מ""ל",false,1,9.50,2.8788,true,1,30720
7290018471180,false,פרוט&ווג אננס תפוח גזר 1 ליטר,פרוט אנד וג' Fruit & Veg,IL,FRUIT&VEG אננס תפוח גזר 1 ליטר,ליטרים,1.00,ליטר,false,1,14.90,14.9000,true,1,30183
7290018471197,false,פרוט&ווג' תפוח בננה מלון נענע 1 ליטר,פרוט אנד וג' Fruit & Veg,IL,FRUIT&VEG תפוח בננה מלון נענע 1 ליטר,ליטרים,1.00,ליטר,false,1,14.90,14.9000,true,1,30184
7290018471302,false,"מארז רביעייה שוויפס טוניק 250מ""ל",יפאורה תבורי בעמ,IL,שוופס מי טוניק 250 מל רביעיה,ליטרים,1.00,ליטר,false,1,23.90,23.9000,true,1,28920
7290018471319,false,"מארז רביעייה שוויפס ביטר למון 250מ""ל",יפאורה תבורי בעמ,IL,שוופס ביטר למון 250 מל רביעיה,ליטרים,1.00,ליטר,false,1,23.90,23.9000,true,1,28919
7290018471395,false,פרוט&ווג' תפוח רימון סלק ג'ינג'ר 1 ליטר,פרוט אנד וג' Fruit & Veg,IL,FRUIT&VEG תפוח סלק רימון ג'ינג'ר 1 ליטר,ליטרים,1.00,ליטר,false,1,14.90,14.9000,true,1,30186
7290018471401,false,פרוט&ווג' אננס בננה כורכום 1 ליטר,פרוט אנד וג' Fruit & Veg,IL,FRUIT&VEG אננס בננה כורכום 1 ליטר,ליטרים,1.00,ליטר,false,1,14.90,14.9000,true,1,30187
7290018471449,false,ספרינג שייק בננה תמר תפוז קרטונית 1 ליטר,"יפאורה תבורי בע""מ",IL,ספרינג שייק קרטונית בננה תמר תפוז 1 ל',ליטרים,1.00,ליטר,false,1,14.60,14.6000,true,1,30721
7290018471456,false,ספרינג שייק אננס מנגו פסיפלורה קרטונית 1 ל',"יפאורה תבורי בע""מ",IL,ספרינג שייק קרטונית אננס מנגו פסיפלורה 1 ל',ליטרים,1.00,ליטר,false,1,14.60,14.6000,true,1,30722
7290018471463,false,תפוזינה נקטר תפוז מנגו קרטונית 1 ליטר,"יפאורה תבורי בע""מ",IL,תפוזינה קרטונית תפוז מנגו 1 ל',ליטרים,1.00,ליטר,false,1,8.60,8.6000,true,1,30188
7290018471470,false,תפוזינה נקטר תפוז פסיפלורה קרטונית 1 ליטר,"יפאורה תבורי בע""מ",IL,תפוזינה קרטוניות תפוז-פסיפלורה 1 ל',ליטרים,1.00,ליטר,false,1,8.60,8.6000,true,1,30189
7290018471487,false,תפוזינה נקטר תפוז אננס קרטונית 1 ליטר,"יפאורה תבורי בע""מ",IL,תפוזינה קרטוניות תפוז-אננס 1 ל',ליטרים,1.00,ליטר,false,1,8.60,8.6000,true,1,30190
7290018471494,false,תפוזינה משקה תפוז גזר קרטונית 1 ליטר,"יפאורה תבורי בע""מ",IL,תפוזינה קרטוניות תפוז-גזר 1 ל',ליטרים,1.00,ליטר,false,1,8.60,8.6000,true,1,30191
7290018471616,false,שוופס אינדיאן טוניק 1 ל',"יפאורה תבורי בע""מ",IL,שוופס מי טוניק 1 ליטר,ליטרים,1.00,ליטר,false,1,10.90,10.9000,true,1,33562
7290018471623,false,שוופס טוניק אשכוליות ליצ`י 1 ל',"יפאורה תבורי בע""מ",IL,שוופס טוניק אשכולית וליצ'י 1 ליטר,ליטרים,1.00,ליטר,false,1,10.90,10.9000,true,1,33563
7290018471630,false,שוופס טוניק מלפפון ליים 1 ל',"יפאורה תבורי בע""מ",IL,שוופס טוניק מלפפון וליים 1 ליטר,ליטרים,1.00,ליטר,false,1,10.90,10.9000,true,1,33564
7290018471692,false,ספרינג שייק בננה אננס קוקוס פירות יער קרטונית 1 ליטר,"יפאורה תבורי בע""מ",IL,ספרינג שייק קרטונית בננה אננס קוקוס פירות יער 1 ל',ליטרים,1.00,ליטר,false,1,14.60,14.6000,true,1,30723
7290018471739,false,משקה אלוורה קינג פטל 1 ליטר,"טרופיקל דגיל בע""מ אז",KR,Aloe Vera King - משקה אלוורה בטעם פטל,ליטרים,1.00,ליטר,false,1,13.90,13.9000,true,1,33593
7290018471906,false,שוופס מוגז פירות לימונדה ורודה 1.5 ליטר פיקדון,"יפאורה תבורי בע""מ",IL,שוופס מוגז פירות לימונדה ורודה 1.5 ל',ליטרים,1.50,ליטר,false,1,10.50,7.0000,true,1,34324
7290018471913,false,שוופס מוגז פירות תפוחים 1.5 ל',"יפאורה תבורי בע""מ",IL,שוופס משקה תפוחים מוגז 1.5 ליטר,ליטרים,1.50,ליטר,false,1,10.50,7.0000,true,1,34325
7290018471920,false,שוופס מוגז פירות ענבים 1.5 ליטר פיקדון,"יפאורה תבורי בע""מ",IL,שוופס מוגז פירות ענבים 1.5 ל',ליטרים,1.50,ליטר,false,1,10.50,7.0000,true,1,34326
7290018471937,false,שוופס מוגז פירות תות ליים 1.5 ליטר פיקדון,"יפאורה תבורי בע""מ",IL,שוופס מוגז פירות תות ליים 1.5 ליטר,ליטרים,1.50,ליטר,false,1,10.50,7.0000,true,1,34327
7290018471944,false,שוופס מוגז פירות לימונייד 1.5 ליטר פיקדון,"יפאורה תבורי בע""מ",IL,שוופס מוגז פירות לימונייד 1.5 ליטר,ליטרים,1.50,ליטר,false,1,10.50,7.0000,true,1,34328
7290018471951,false,שוופס מוגז פירות אשכולית אדומה 1.5 ליטר פיקדון,"יפאורה תבורי בע""מ",IL,שוופס מוגז פירות אשכולית אדומה 1.5 ל',ליטרים,1.50,ליטר,false,1,10.50,7.0000,true,1,34329
7290018500361,false,לחם אנג'ל אחיד פרוס 900 גר',מאפיית שלמה א. אנג'ל,IL,לחם אחיד פרוס אנגל 900 גרם,גרמים,900.00,100 גרם,false,1,9.49,1.0544,true,1,36292
7290018500385,false,חלה רגילה מוגדלת 650גר אנג'ל,מאפיית שלמה א. אנגל,IL,חלה רגילה אנגל 650 גרם,גרמים,650.00,100 גרם,false,1,8.14,1.2523,true,1,36293
7290018500392,false,חלה קלועה מוגדלת 650גר אנג'ל,מאפיית שלמה א. אנגל,IL,חלה קלועה אנגל 650 גרם,גרמים,650.00,100 גרם,false,1,8.14,1.2523,true,1,36294
7290018516072,false,פרמיו דליקט טונה וצדפות לחתול,פרמיו Premio,DE,פרמיו דליקט טונה וצדפות 56 ג,גרמים,56.00,100 גרם,false,1,9.90,17.6786,true,1,37290
7290018516393,false,פרמיו סופרים מיקס לחתול,פרמיו Premio,DE,פרמיו מיקס לחתול 3 קג,קילוגרמים,3.00,"ק""ג",false,1,59.90,19.9667,true,1,37294
7290018516553,false,פרמיו דליקט טונה וסר,סאטורן,DE,פרמיו דליקט טונה וסרטנים 56 גר,גרמים,56.00,100 גרם,false,1,9.90,17.6786,true,1,37296
7290018516560,false,פרמיו דליקט עוף וסרט,סאטורן,DE,פרמיו דליקט עוף וסרטנים 56 גר,גרמים,56.00,100 גרם,false,1,9.90,17.6786,true,1,37297
7290018516577,false,פרמיו דליקט עוף לחתל,סאטורן,DE,פרמיו דליקט עוף לחתלתול 56 גר,גרמים,56.00,100 גרם,false,1,9.90,17.6786,true,1,37298
7290018516584,false,פרמיו דליקט טונה לחת,סאטורן,DE,פרמיו דליקט טונה לחתלתול 56 גר,גרמים,56.00,100 גרם,false,1,9.90,17.6786,true,1,37299
7290018516591,false,הורייזן מחית בשר עוף,סאטורן,DE,הורייזן מחית בשר עוף 90 גרם,גרמים,90.00,100 גרם,false,1,9.90,11.0000,true,1,37300
7290018516751,false,פרמיו סופרים עוף לחת,,,פרמיו סופרים עוף לחתלתול 3קג,קילוגרמים,3.00,"ק""ג",false,1,59.90,19.9667,true,1,37985
7290018516942,false,"פרמיו סופרים עופות לכלב בוגר 3 ק""ג",פרמיו Premio,,פרמיו סופרים מועשר בעוף לכלב בוגר 3קג,קילוגרמים,3.00,"ק""ג",false,1,49.90,16.6333,true,1,37986
7290018516959,false,"פרמיו סופרים עופות לכלב מגזע ננסי 3 ק""ג",פרמיו Premio,,פרמיו סופרים מועשר בעוף לכלב מגזע ננסי 3,קילוגרמים,3.00,"ק""ג",false,1,49.90,16.6333,true,1,37987
7290018540329,false,שקית פיתה פיתה בלדי 800 ג' אנג'ל,מאפיית שלמה א. אנג'ל,IL,פיתה פיתה אנגל בלדי 8 יח 880 גרם,גרמים,880.00,100 גרם,false,1,12.90,1.4659,true,1,28800
7290018550014,false,לחמניה שבלול מארז חמ,מאפיית המכבים,IL,לחמניה שבלול מארז חמישייה,לא מנהל יחידת מידה,0.00,לא מנהל יחידת מידה,false,1,10.90,0.0000,true,1,36150
7290018550151,false,לחמניה אצבע מארז שי,מאפיית המכבים,IL,לחמניה אצבע מארז שישייה,לא מנהל יחידת מידה,0.00,לא מנהל יחידת מידה,false,1,8.90,0.0000,true,1,29886
7290018564592,false,שף הטבע שום כתוש בצנ,בני דרום,IL,שף הטבע שום כתוש בצנצנת 200גרם,גרמים,200.00,100 גרם,false,1,14.90,7.4500,true,1,37503
7290018564622,false,שף הטבע שום כתוש טבל,בני דרום,IL,שף הטבע שום כתוש טבליות 80גרם,גרמים,80.00,100 גרם,false,1,10.90,13.6250,true,1,37504
7290018564639,false,שף הטבע כוסברה קצוצה,בני דרום,IL,שף הטבע כוסברה קצוצה טבליות 80גרם,גרמים,80.00,100 גרם,false,1,9.90,12.3750,true,1,37505
7290018564646,false,שף הטבע בזיליקום טבל,בני דרום,IL,שף הטבע בזיליקום טבליות 80גרם,גרמים,80.00,100 גרם,false,1,9.90,12.3750,true,1,37506
7290018564653,false,שף הטבע פטרוזיליה קצ,בני דרום,IL,שף הטבע פטרוזיליה קצוצה טבליות 80גרם,גרמים,80.00,100 גרם,false,1,9.90,12.3750,true,1,37507
7290018564660,false,שף הטבע צילי חריף טב,בני דרום,IL,שף הטבע צילי חריף טבליות 80גרם,גרמים,80.00,100 גרם,false,1,9.90,12.3750,true,1,37508
7290018571149,false,שקד מולבן פרוס 200 גר' בנספק,מיה,IL,שקדים מולבנים פרוסים מיה 200 גרם,גרמים,200.00,100 גרם,false,1,19.90,9.9500,true,1,37683
7290018571156,false,שקד מולבן שבבים 200 גר' בנספק,מיה,IL,שקדים מולבנים שבבים מיה 200 גרם,גרמים,200.00,100 גרם,false,1,19.90,9.9500,true,1,37684
7290018571569,false,תמצית וניל טהורה 30 מ''ל,מיה,IL,תמצית וניל טהורה מיה30 מל,מיליליטרים,30.00,"100 מ""ל",false,1,27.90,93.0000,true,1,37685
7290018593004,false,פטה שקדים טבעי פלנטי,פלנטי,IL,פטה שקדים טבעי פלנטי 200 גרם,גרמים,200.00,100 גרם,false,1,29.90,14.9500,true,1,34194
7290018593011,false,פטה שקדים עשבי תיבול,פלנטי,IL,פטה שקדים עשבי תיבול פלנטי 200 גרם,גרמים,200.00,100 גרם,false,1,29.90,14.9500,true,1,34195
7290018593035,false,כמוצרלה קשיו פלנטי,פלנטי,IL,כמוצרלה קשיו פלנטי 200 גרם,גרמים,200.00,100 גרם,false,1,26.90,13.4500,true,1,34196
7290018593080,false,קשיו צדר פלנטי 200,פלנטי,IL,קשיו צדר פלנטי 200 גרם,גרמים,200.00,100 גרם,false,1,26.90,13.4500,true,1,34197
7290018593110,false,רביולי גבינות שקדים,פלנטי,IL,רביולי גבינות שקדים וקשיו פלנטי400גרם,גרמים,400.00,100 גרם,false,1,38.90,9.7250,true,1,38436
7290018593127,false,רביולי תרד גבינות שק,פלנטי,IL,רביולי תרד גבינות שקדים וקשיו פלנטי400גר,גרמים,400.00,100 גרם,false,1,38.90,9.7250,true,1,38437
7290018593202,false,שיוגורט מעדן שקדים 1,פלנטי,IL,שיוגורט מעדן שקדים 160 גרם פלנטי,גרמים,160.00,100 גרם,false,1,10.90,6.8125,true,1,38438
7290018593233,false,גבינאטס טבעי ממרח שק,פלנטי,IL,גבינאטס טבעי ממרח שקדים בסגנון גבינה 240,גרמים,240.00,100 גרם,false,1,18.90,7.8750,true,1,38439
7290018593240,false,גבינאטס זיתים ממרח ש,פלנטי,IL,גבינאטס זיתים ממרח שקדים בסגנון גבינה 24,גרמים,240.00,100 גרם,false,1,18.90,7.8750,true,1,38440
7290018593257,false,גבינאטס שום שמיר ממר,פלנטי,IL,גבינאטס שום שמיר ממרח שקדים בסגנון גבינה,גרמים,240.00,100 גרם,false,1,18.90,7.8750,true,1,38441
7290018593301,false,קשיו כמהין חצי קשה 2,פלנטי,IL,קשיו כמהין חצי קשה 200 גרם פלנטי,גרמים,200.00,100 גרם,false,1,29.90,14.9500,true,1,38443
7290018593325,false,לאבנה שקדים 220 גרם,פלנטי,IL,לאבנה שקדים 220 גרם פלנטי,גרמים,220.00,100 גרם,false,1,18.90,8.5909,true,1,38444
7290018641439,false,ערק פלוס אשכוליות 33,,IL,ערק פלוס אשכוליות 330 מל,מיליליטרים,330.00,"100 מ""ל",false,1,12.90,3.9091,true,1,33927
7290018641446,false,ערק פלוס לימודה 330,,IL,ערק פלוס לימודה 330 מל,מיליליטרים,330.00,"100 מ""ל",false,1,12.90,3.9091,true,1,33928
7290018652039,false,לה קרמריה קרמל מלוח ונוגט בדצ 1.4 ליטר,גלידות נסטלה,IL,לה קרמריה קרמל מלוח ונוגט 1.4 ליטר,ליטרים,1.40,ליטר,false,1,21.90,15.6429,true,1,30310
7290018652657,false,שלגוני לייט נסטלה מנ,גלידות נסטלה,IL,מאגדת מניוגו לייט 312גרם,גרמים,312.00,100 גרם,false,1,27.90,8.9423,true,1,35190
7290018652671,false,גלידה קרמריה שוקולד ווניל 1.4 ליטר,נסטלה,IL,לה קרמריה שוקו וניל תות 700גרם,גרמים,700.00,100 גרם,false,1,21.90,3.1286,true,1,35191
7290018652688,false,לה קרמריה טרופי ופירות אדומים 1.4 ל' נסטלה,גלידות נסטלה,IL,לה קרמריה פירות טרופיים ויער 700גרם,גרמים,700.00,100 גרם,false,1,21.90,3.1286,true,1,35192
7290018652886,false,מאגדת מצופים שוקו בננה 8 יח-476 ג',גלידות נסטלה,IL,מאגדת מצופים שוקו בננה כלפ 8 יחידות,גרמים,440.00,100 גרם,false,1,29.90,6.7955,true,1,35071
7290018652909,false,מאגדת מאגנום קפה שוקולד ופקאן 5 *43 ג' נסטלה,גלידות נסטלה,IL,מאגדת קפה שוקולד פקאן 225גרם,גרמים,225.00,100 גרם,false,1,27.90,12.4000,true,1,35188
7290018652923,false,מאגדת תות עוגת גבינה שוקולד 5 *43 ג' נסטלה,גלידות נסטלה,IL,מאגדת תות שוקולד עוגיות 225גרם,גרמים,225.00,100 גרם,false,1,27.90,12.4000,true,1,35189
7290018652947,false,שלגון קראנץ פיסטוק 100ג',גלידות נסטלה,IL,שלגון קראנץ פיסטוק 100 גרם,גרמים,100.00,100 גרם,false,1,10.50,10.5000,true,1,35848
7290018677070,false,קרם קוקוס 18% אורגני,בראנץ' אוף בן טרה אי,IL,קרם קוקוס 18%אורגני טטרה פק 330מל,מיליליטרים,330.00,"100 מ""ל",false,1,11.90,3.6061,true,1,30569
7290018677124,false,גרנולה קראנצ'י חמוציות ודובדבנים ללא גלוטן וללא תוספת סוכר נוטרה זן-300 גרם,נוטרה זון,CZ,גרנולה קראנצי חמוציות ודובדבנים ללא גלוטן וללא תו,גרמים,300.00,100 גרם,false,1,22.90,7.6333,true,1,34284
7290018677131,false,גרנולה קראנצ'י אגוזים ושקדים ללא גלוטן וללא תוספת סוכר נוטרה זן-300 גרם,נוטרה זון,CZ,גרנולה קראנצי אגוזים ושקדים ללג וללס נ,גרמים,300.00,100 גרם,false,1,22.90,7.6333,true,1,34283
7290018677155,false,תערובת קמחים רב תכלי,נוטרה זון,IT,PANERIA תערובת קמחים רב תכליתי ללג 500גר,גרמים,500.00,100 גרם,false,1,23.90,4.7800,true,1,30565
7290018677162,false,תערובת רב תכליתית לל,נוטרה זון,IT,PANERIA תערובת רב תכליתית ללג בסיס עמילן,גרמים,500.00,100 גרם,false,1,24.90,4.9800,true,1,30566
7290018703076,false,חטיף חלבון בטעם דאבל,הרת'סייד פוד סולושיי,NL,חטיף חלבון בטעם דאבל שוקולד- 60 גרם,גרמים,60.00,100 גרם,false,1,13.90,23.1667,true,1,34763
7290018703304,false,אול אין חטיף חלבון ק,,,אול אין חטיף חלבון קרם עוגיות,גרמים,60.00,100 גרם,false,1,13.90,23.1667,true,1,35716
7290018703489,false,אול אין חטיף חלבון,,,אול אין חטיף חלבון בננה טופי אקסטרה 60,גרמים,60.00,100 גרם,false,1,13.90,23.1667,true,1,35717
7290018704042,false,חציל במיונז על האש מ,קלאס פוד,IL,חציל במיונז על האש משקל,קילוגרמים,1.00,"ק""ג",true,,63.00,63.0000,true,1,28174
7290018704066,false,חציל יווני סלוניקי ע,קלאס פוד,IL,חציל יווני סלוניקי על האש משקל,קילוגרמים,1.00,"ק""ג",true,,63.00,63.0000,true,1,28177
7290018704233,false,חציל תאילנדי משקל,קלאס פוד,IL,חציל תאילנדי משקל,קילוגרמים,1.00,"ק""ג",true,,63.00,63.0000,true,1,28180
7290018704264,false,חומוס ירושלמי משקל,קלאס פוד,IL,חומוס ירושלמי משקל,קילוגרמים,1.00,"ק""ג",true,,35.00,35.0000,true,1,28173
7290018704325,false,טחינה לבנה זהב משקל,קלאס פוד,IL,טחינה לבנה זהב משקל,קילוגרמים,1.00,"ק""ג",true,,35.00,35.0000,true,1,28183
7290018704806,false,סלט ביצים משקל,קלאס פוד,IL,סלט ביצים משקל,קילוגרמים,1.00,"ק""ג",true,,79.00,79.0000,true,1,28186
7290018708125,false,חלבה מסולסלת וניל 250 גר' בארכה,רושדי תעשיות מזון,IL,בארכה חלבה מסולסלת וניל 250גרם,גרמים,250.00,100 גרם,false,1,17.90,7.1600,true,1,34734
7290018708132,false,בארכה חלבה מסולסלת שוקו וניל 50גרם,בארכה,IL,בארכה חלבה מסולסלת שוקו וניל 250גרם,גרמים,250.00,100 גרם,false,1,17.90,7.1600,true,1,34735
7290018720004,false,עוגיות סנדוויץ תות 150ג מעדני מלך,סנו מפעלי ברונוס.,IL,מעדני מלך סנדוויץ תות 150ג,גרמים,150.00,100 גרם,false,1,4.50,3.0000,true,1,33565
7290018720011,false,ביסקוויט קרנבל חיות בטעם וניל 250 ג' מעדני מלך,הגביע מוצרי וופלים,IL,ביסקוויט קרנבל חיות 250 גרם,גרמים,250.00,100 גרם,false,1,5.90,2.3600,true,1,30742
7290018720028,false,קרנבל אותיות ביסקוויט בטעם חמאה 250 ג' מעדני מלך,הגביע מוצרי וופלים,IL,ביסקוויט קרנבל אותיות 250 גרם,גרמים,250.00,100 גרם,false,1,5.90,2.3600,true,1,30744
7290018724408,false,דגני בוקר נוגט נטורל,"נטורלה גטרנק בע""מ",IL,דגני בוקר נוגט ללג נטורלה 375 גרם,גרמים,375.00,100 גרם,false,1,19.90,5.3067,true,1,38178
7290018724415,false,דגני בוקר בראוניז נט,"נטורלה גטרנק בע""מ",IL,"דגני בוקר בראוניז ללג ""נטורלה"" 375 גרם",גרמים,375.00,100 גרם,false,1,19.90,5.3067,true,1,38179
7290018724422,false,דגני בוקר קינמון נטו,"נטורלה גטרנק בע""מ",IL,"דגני בוקר קינמון ללג ""נטורלה"" 375 גרם",גרמים,375.00,100 גרם,false,1,19.90,5.3067,true,1,38180
7290018724552,false,קמח שקדים ללא גלוטן 250 גר',השקד אומנות ומסחר,IL,קמח שקדים נטורלה ללא גלוטן 250 גרם,גרמים,250.00,100 גרם,false,1,23.90,9.5600,true,1,33906
7290018724613,false,מאפה טבעוני משה בתיב,הטבעונית של סבתא מזל,IL,מאפה טבעוני משה בתיבה נטורלה 400 גרם,גרמים,400.00,100 גרם,false,1,39.90,9.9750,true,1,37717
7290018724620,false,זוג מאפי פאי סויה טב,הטבעונית של סבתא מזל,IL,מאפי פאי סויה טבעוני נטורלה זוג 460 ג,גרמים,460.00,100 גרם,false,1,49.90,10.8478,true,1,37718
7290018724637,false,זוג מאפי פאי שווארמה,הטבעונית של סבתא מזל,IL,מאפי פאי שווארמה טבעוני נטורלה זוג 460,גרמים,460.00,100 גרם,false,1,49.90,10.8478,true,1,37719
7290018724668,false,שווארמה טבעונית על ב,הטבעונית של סבתא מזל,IL,שווארמה טבעונית על בסיס סויה נטורלה 400,גרמים,400.00,100 גרם,false,1,26.90,6.7250,true,1,37722
7290018732601,false,אבוקדו ארוז -גרנות,חקלאי,IL,מארז אבוקדו 500 גרם,גרמים,500.00,100 גרם,false,1,10.90,2.1800,true,1,38405
7290018777268,false,חטיף חלבון בננה קקאו 50 ג'VEG PROTEIN,טבע ירוק,IL,חטיף חלבון VEG PROTEIN בננה קקאו 50 גרם,גרמים,50.00,100 גרם,false,1,10.90,21.8000,true,1,38093
7290018777275,false,חטיף חלבון בטעם עוגיות וניל 50 ג' VEG PROTEIN,טבע ירוק,IL,חטיף חלבון VEG PROTEINעוגיות וניל 50 גרם,גרמים,50.00,100 גרם,false,1,10.90,21.8000,true,1,38094
7290018809044,false,סמבוסק מיקס בולגרית,מפגש השייח,IL,סמבוסק מיקס בולגרית ופיצה 500גרם,גרמים,500.00,100 גרם,false,1,39.90,7.9800,true,1,34998
7290018809051,false,סמבוסק פיצה 500גרם,מפגש השייח,IL,סמבוסק פיצה 500גרם,גרמים,500.00,100 גרם,false,1,39.90,7.9800,true,1,34999
7290018809068,false,סמבוסק בולגרית 500ג,מפגש השייח,IL,סמבוסק בולגרית 500גרם,גרמים,500.00,100 גרם,false,1,39.90,7.9800,true,1,35000
7290018889244,false,עוגת פס רד וולוט חלב,בן עמי פלסט,IL,עוגת פס רד וולוט חלבי בן עמי,יחידה,1.00,יחידה,false,1,62.90,62.9000,true,1,35042
7290018889275,false,סברינה תותים 300 גרם,נטלי,IL,סברינה תותים 300 גרם,גרמים,300.00,100 גרם,false,1,19.90,6.6333,true,1,35308
7290018893456,false,צ'וקטה מארז עוגות אישיות במילוי קרם ובציפוי שוקולד 10*30ג,פרדי קונדטוריה אס.פי,IT,צוקטה עוגות אישיות חלב 300 ג,גרמים,300.00,100 גרם,false,1,16.90,5.6333,true,1,33502
7290018893814,false,שוקולד מריר 48% חמישיה* 100 גרם,הדקלאים אגודת שיתופי,ES,טבלאת שוקולד צוקטה מריר 500 גרם חמישייה,גרמים,500.00,100 גרם,false,1,19.90,3.9800,true,1,33497
7290018894002,false,בלקוני וופל קוביות קקאו 250 גרם חלבי OU,בלקוני Balconi,IT,בלקוני וופל קוביות קקאו 250 ג,גרמים,250.00,100 גרם,false,1,12.90,5.1600,true,1,35577
7290018894019,false,עוגות אישיות במילוי קרם חלבי ובציפוי קרם קקאו,בלקוני Balconi,IT,בלקוני עוגות מיקס מקס חלב 350 ג,גרמים,350.00,100 גרם,false,1,14.90,4.2571,true,1,35582
7290018894040,false,שוקולד חלב צוקטה 5,נטרה,FR,שוקולד חלב צוקטה 5 100 גרם,גרמים,500.00,100 גרם,false,1,21.90,4.3800,true,1,37740
7290018894071,false,צ'וקטה מארז סביבון לחנוכה,צ'וקטה Chocketa,IL,צוקטה מארז סביבון לחנוכה 225 ג,גרמים,225.00,100 גרם,false,1,17.90,7.9556,true,1,38250
7290018894200,false,בלקוני וופל קוביות ויל 250 גרם חלבי OU,בלקוני Balconi,IT,בלקוני וופל קוביות וניל 250 ג,גרמים,250.00,100 גרם,false,1,12.90,5.1600,true,1,35578
7290018894217,false,עוגות אישיות במילוי קרם קקאו ובציפוי קרם קקאו,בלקוני Balconi,IT,בלקוני עוגות מיקס מקס קקאו 350 ג,גרמים,350.00,100 גרם,false,1,14.90,4.2571,true,1,35583
7290018894248,false,צ'וקטה - שוקולד חלב שלישייה 3 * 100 גרם,צ'וקטה Chocketa,FR,שוקולד חלב צוקטה 3 100 גרם,גרמים,300.00,100 גרם,false,1,14.90,4.9667,true,1,37741
7290018894408,false,קוביות וופל במילוי קרם אגוזי לוז - חלבי,בלקוני Balconi,IT,בלקוני וופל קוביות אגוזי לוז 250 ג,גרמים,250.00,100 גרם,false,1,12.90,5.1600,true,1,35579
7290018894606,false,בלקוני וופל קקאו 175 גרם חלבי OU,בלקוני Balconi,IT,בלקוני וופל קקאו 175 ג,גרמים,175.00,100 גרם,false,1,8.90,5.0857,true,1,35580
7290018894804,false,וופלים במילוי קרם אגוזי לוז - חלבי,בלקוני Balconi,IT,בלקוני וופל אגוזי לוז 175 ג,גרמים,175.00,100 גרם,false,1,8.90,5.0857,true,1,35581
7290018925003,false,מיץ סחוט תפוח דובדבן,גניר,IL,מיץ תפוח ודובדבן,מיליליטרים,750.00,"100 מ""ל",false,1,13.90,1.8533,true,1,36043
7290018925058,false,מיץ תפוח וחמוציות פר,גניר,IL,מיץ תפוח וחמוציות,מיליליטרים,750.00,"100 מ""ל",false,1,13.90,1.8533,true,1,36044
7290018925065,false,פרימור מיץ תפוזים סחוט 2 ליטר,פרימור,IL,פרימור סחוט מיץ תפוזים 100% 2 ליטר,ליטרים,2.00,ליטר,false,1,28.50,14.2500,true,1,34548
7290018925096,false,משקה קל תפוזים 1.5 ל' פרימור,פרימור,IL,פרימור משקה קל תפוזים ‏5‏.‏1‏ ליטר,ליטרים,1.50,ליטר,false,1,9.50,6.3333,true,1,34332
7290018925102,false,משקה קל ענבים 1.5 ל' פרימור,פרימור,IL,פרימור משקה קל ענבים ‏5‏.‏1‏ ליטר,ליטרים,1.50,ליטר,false,1,9.50,6.3333,true,1,34333
7290018925119,false,משקה קל דיאט אשכוליות 1.5ל' פרימור,פרימור,IL,פרימור משקה קל דיאט אשכוליות 1.5 ליטר,ליטרים,1.50,ליטר,false,1,9.50,6.3333,true,1,34334
7290018925126,false,משקה קל תפוחי עץ 1.5ל' פרימור,פרימור,IL,פרימור משקה קל תפוחי עץ ‏5‏.‏1‏ ליטר,ליטרים,1.50,ליטר,false,1,9.50,6.3333,true,1,34335
7290018925133,false,משקה קל מנגו 1.5ל' פרימור,פרימור,IL,פרימור משקה קל מנגו ‏5‏.‏1‏ ליטר,ליטרים,1.50,ליטר,false,1,9.50,6.3333,true,1,34336
7290018925140,false,משקה קל אשכוליות 1.5ל' פרימור,פרימור,IL,פרימור משקה קל אשכולית ‏5‏.‏1‏ ליטר,ליטרים,1.50,ליטר,false,1,9.50,6.3333,true,1,34337
7290018925157,false,משקה קל לימונים 1.5ל' פרימור,פרימור,IL,פרימור משקה קל לימונים 1.5 ליטר,ליטרים,1.50,ליטר,false,1,9.50,6.3333,true,1,34338
7290018925164,false,משקה קל תות-בננה 1.5ל' פרימור,פרימור,IL,פרימור משקה קל תות בננה ‏5‏.‏1‏ ליטר,ליטרים,1.50,ליטר,false,1,9.50,6.3333,true,1,34339
7290018925409,false,"מיץ לימון ואננס 400 מ""ל פרימור",קריות זול,IL,מיץ לימון ואננס פרימור 400 מל,מיליליטרים,400.00,"100 מ""ל",false,1,8.50,2.1250,true,1,37023
7290018925416,false,"מיץ לימון ופסיפלורה 400 מ""ל פרימור",קריות זול,IL,מיץ לימון ופסיפלורה פרימור 400 מל,מיליליטרים,400.00,"100 מ""ל",false,1,8.50,2.1250,true,1,37022
7290018949009,false,משקה קל מוגז גרופר ת,,IL,משקה קל מוגז גרופר תפוזזה 330 מל,מיליליטרים,330.00,"100 מ""ל",false,1,7.90,2.3939,true,1,33929
7290018949016,false,משקה קל מוגז גרופר ת,,IL,משקה קל מוגז גרופר תפוחחה 330 מל,מיליליטרים,330.00,"100 מ""ל",false,1,7.90,2.3939,true,1,33930
7290018949023,false,משקה קל מוגז גרופר ל,,IL,משקה קל מוגז גרופר לימוננדה 330 מל,מיליליטרים,330.00,"100 מ""ל",false,1,7.90,2.3939,true,1,33931
7290018989005,false,יכין פולפה טבעית 400*3 גר,זנלכל,IL,עגבניות פולפה טבעית יכין שלישיה400גרם,גרמים,1200.00,100 גרם,false,1,15.90,1.3250,true,1,34822
7290019056027,false,שוופס מוגז פירות תפוחים ללא סוכר 1.5 ליטר פיקדון,"יפאורה תבורי בע""מ",IL,שוופס מוגז פירות NO SUGAR תפוח 1.5 ל',ליטרים,1.50,ליטר,false,1,10.50,7.0000,true,1,34340
7290019056034,false,שוופס מוגז פירות אננס ללא סוכר 1.5 ליטר פיקדון,"יפאורה תבורי בע""מ",IL,שוופס מוגז פירות NO SUGAR אננס 1.5 ל',ליטרים,1.50,ליטר,false,1,10.50,7.0000,true,1,34341
7290019056041,false,שוופס מוגז פירות לימונייד ללא סוכר 1.5 ליטר פיקדון,"יפאורה תבורי בע""מ",IL,שוופס ללא סוכר לימונייד 1.5 ליטר,ליטרים,1.50,ליטר,false,1,10.50,7.0000,true,1,34342
7290019056058,false,שוופס מוגז עדין תפוח ליים 1.5 ליטר פיקדון,"יפאורה תבורי בע""מ",IL,שוופס מוגז עדין תפוח ליים 1.5 ל',ליטרים,1.50,ליטר,false,1,10.50,7.0000,true,1,34343
7290019056065,false,שוופס מוגז עדין פירות יער 1.5 ליטר פיקדון,"יפאורה תבורי בע""מ",IL,שוופס מוגז עדין פירות יער 1.5 ל',ליטרים,1.50,ליטר,false,1,10.00,6.6667,true,1,34344
7290019056072,false,שוופס מוגז עדין אננס 1.5 ליטר פיקדון,"יפאורה תבורי בע""מ",IL,שוופס מוגז עדין אננס 1.5 ל',ליטרים,1.50,ליטר,false,1,10.50,7.0000,true,1,34345
7290019056089,false,שוופס מוגז עדין ענבי ריזלינג 1.5 ליטר פיקדון,"יפאורה תבורי בע""מ",IL,שוופס מוגז עדין ריזלינג 1.5 ל',ליטרים,1.50,ליטר,false,1,10.50,7.0000,true,1,34346
7290019056096,false,שוופס מוגז עדין אפרסק 1.5 ליטר פיקדון,"יפאורה תבורי בע""מ",IL,שוופס מוגז עדין אפרסק 1.5 ל',ליטרים,1.50,ליטר,false,1,10.50,7.0000,true,1,34347
7290019056119,false,שוופס סודה 1.5 ליטר פיקדון,"יפאורה תבורי בע""מ",IL,שוופס סודה 1.5 ל',ליטרים,1.50,ליטר,false,1,4.20,2.8000,true,1,34348
7290019056126,false,שוופס סודה לימון 1.5 ליטר בק' בודד פיקדון,"יפאורה תבורי בע""מ",IL,שוופס סודה לימון 1.5 ל',ליטרים,1.50,ליטר,false,1,4.20,2.8000,true,1,34349
7290019056133,false,שוופס סודה נענע ליים 1.5 ליטר בק' בודד,"יפאורה תבורי בע""מ",IL,שוופס סודה נענע ליים 1.5 ל',ליטרים,1.50,ליטר,false,1,4.20,2.8000,true,1,34350
7290019056164,false,שוופס סודה 1.5 ליטר רביעייה פיקדון,"יפאורה תבורי בע""מ",IL,שוופס רביעיה מי סודה 6 ליטר,ליטרים,6.00,ליטר,false,4,11.10,1.8500,true,1,34352
7290019056171,false,שוופס סודה לימון 1.5 ליטר רביעייה פיקדון,"יפאורה תבורי בע""מ",IL,שוופס רביעיה מי סודה בטעם לימון 6 ליטר,ליטרים,6.00,ליטר,false,4,12.20,2.0333,true,1,34353
7290019056188,false,שוופס סודה נענע ליים 1.5 ליטר רביעייה פיקדון,"יפאורה תבורי בע""מ",IL,שוופס סודה נענע ליים 1.5 ל' רביעייה (4 ב - 11 ₪),ליטרים,6.00,ליטר,false,4,12.20,2.0333,true,1,34354
7290019056201,false,שוופס סודה פירות יער 1.5 ליטר רביעייה פיקדון,"יפאורה תבורי בע""מ",IL,שוופס רביעיה סודה בטעם פירות יער 6 ליטר,ליטרים,1.50,ליטר,false,4,12.20,8.1333,true,1,34356
7290019056232,false,משקה מוגז בטעם ליים מוחיטו 1.5 ל' שוופס,"יפאורה תבורי בע""מ",IL,שוופס מוחיטו 1.5 ל',ליטרים,1.50,ליטר,false,1,10.50,7.0000,true,1,34357
7290019056249,false,שוופס מים בטעמים ענבים 1.5 ליטר פיקדון,"יפאורה תבורי בע""מ",IL,שוופס water ענבים 1.5 ל',ליטרים,1.50,ליטר,false,1,9.90,6.6000,true,1,34358
7290019056256,false,שוופס מים בטעמים תפוחים 1.5 ליטר פיקדון,"יפאורה תבורי בע""מ",IL,שוופס water תפוח 1.5 ל',ליטרים,1.50,ליטר,false,1,9.90,6.6000,true,1,34359
7290019056263,false,שוופס מים בטעמים אפרסק 1.5 ליטר פיקדון,"יפאורה תבורי בע""מ",IL,שוופס water אפרסק 1.5 ל',ליטרים,1.50,ליטר,false,1,9.90,6.6000,true,1,34360
7290019056270,false,שוופס מים בטעמים פירות יער 1.5 ליטר פיקדון,"יפאורה תבורי בע""מ",IL,שוופס water פירות יער 1.5 ל',ליטרים,1.50,ליטר,false,1,9.90,6.6000,true,1,34361
7290019056287,false,שוופס מים בטעמים אפרסק ללא סוכר 1.5 ליטר פיקדון,"יפאורה תבורי בע""מ",IL,שוופס Water 0 קלוריות אפרסק 1.5 ל',ליטרים,1.50,ליטר,false,1,9.90,6.6000,true,1,34362
7290019056294,false,שוופס ג'ינג'ר אייל 1.5 ליטר פיקדון,"יפאורה תבורי בע""מ",IL,שוופס ג'ינג'ר אייל 1.5 ל',ליטרים,1.50,ליטר,false,1,15.90,10.6000,true,1,34363
7290019056300,false,משקה בטעם ביטר לימון 1.5 ל' שוויפס,"יפאורה תבורי בע""מ",IL,שוופס ביטר למון 1.5 ל',ליטרים,1.50,ליטר,false,1,15.90,10.6000,true,1,34364
7290019056317,false,שוופס ראשן 1.5 ליטר פיקדון,"יפאורה תבורי בע""מ",IL,שוופס ראשן 1.5 ל',ליטרים,1.50,ליטר,false,1,15.90,10.6000,true,1,34365
7290019056324,false,שוופס טוניק 1.5 ליטר פיקדון,"יפאורה תבורי בע""מ",IL,שוופס טוניק 1.5 ל',ליטרים,1.50,ליטר,false,1,15.90,10.6000,true,1,34366
7290019056331,false,שוופס טוניק ללא סוכר 1.5 ליטר פיקדון,"יפאורה תבורי בע""מ",IL,שוופס מי טוניק ללא סוכר 1.5 ליטר,ליטרים,1.50,ליטר,false,1,15.90,10.6000,true,1,34367
7290019056355,false,משקה בטעם לימונענע עם חתיכות פרי,"יפאורה תבורי בע""מ",IL,תפוזינה לימונענע 1.5 ל',ליטרים,1.50,ליטר,false,1,11.50,7.6667,true,1,34368
7290019056362,false,תפוזינה ענבים 1.5 ליטר פיקדון,"יפאורה תבורי בע""מ",IL,תפוזינה ענבים 1.5 ל',ליטרים,1.50,ליטר,false,1,11.50,7.6667,true,1,34369
7290019056379,false,תפוזינה תפוזים 1.5 ליטר פיקדון,"יפאורה תבורי בע""מ",IL,תפוזינה תפוזים 1.5 ל',ליטרים,1.50,ליטר,false,1,11.50,7.6667,true,1,34370
7290019056386,false,פתוזינה אשכולית 1.5 ליטר פיקדון,"יפאורה תבורי בע""מ",IL,תפוזינה אשכוליות 1.5 ל',ליטרים,1.50,ליטר,false,1,11.50,7.6667,true,1,34371
7290019056393,false,תפוזינה תות בננה 1.5 ליטר פיקדון,"יפאורה תבורי בע""מ",IL,תפוזינה תות בננה 1.5 ל',ליטרים,1.50,ליטר,false,1,11.50,7.6667,true,1,34372
7290019056409,false,תפוזינה מנגו 1.5 ליטר פיקדון,"יפאורה תבורי בע""מ",IL,תפוזינה מנגו 1.5 ל',ליטרים,1.50,ליטר,false,1,11.50,7.6667,true,1,34373
7290019056416,false,מיץ בטעם לימונדה ורודה 1.5 ל' תפוזינה,"יפאורה תבורי בע""מ",IL,תפוזינה לימונדה ורודה 1.5 ל',ליטרים,1.50,ליטר,false,1,11.50,7.6667,true,1,34374
7290019056423,false,מיץ בטעם תפוח רענן 1.5ל' תפוזינה,"יפאורה תבורי בע""מ",IL,תפוזינה תפוחים 1.5 ל',ליטרים,1.50,ליטר,false,1,11.50,7.6667,true,1,34375
7290019056478,false,ספרינג טי קר אפרסק 1.5ליטר פיקדון,"יפאורה תבורי בע""מ",IL,ספרינג tea אפרסק 1.5 ל',ליטרים,1.50,ליטר,false,1,9.90,6.6000,true,1,34380
7290019056485,false,ספריג תה ירוק לימון לואיזה 1.5 ליטר פיקדון,"יפאורה תבורי בע""מ",IL,ספרינג tea תה ירוק לימון לואיזה 1.5 ל',ליטרים,1.50,ליטר,false,1,9.90,6.6000,true,1,34381
7290019056508,false,פרוט ווטר ענבים 1.5 ליטר פיקדון,"יפאורה תבורי בע""מ",IL,Fruit Water ענבים 1.5 ל',ליטרים,1.50,ליטר,false,1,10.90,7.2667,true,1,34382
7290019056515,false,פרוט ווטר אננס 1.5 ליטר פיקדון,"יפאורה תבורי בע""מ",IL,Fruit Water אננס 1.5 ל',ליטרים,1.50,ליטר,false,1,10.90,7.2667,true,1,34383
7290019056522,false,פרוט ווטר תות 1.5 ליטר פיקדון,"יפאורה תבורי בע""מ",IL,Fruit Water תות 1.5 ל',ליטרים,1.50,ליטר,false,1,10.90,7.2667,true,1,34384
7290019056539,false,פרוט ווטר אפרסק 1.5 ליטר פיקדון,"יפאורה תבורי בע""מ",IL,Fruit Water אפרסק 1.5 ל',ליטרים,1.50,ליטר,false,1,10.90,7.2667,true,1,34385
7290019056546,false,פרוט ווטר אבטיח 1.5 ליטר פיקדון,"יפאורה תבורי בע""מ",IL,Fruit Water אבטיח 1.5 ל',ליטרים,1.50,ליטר,false,1,10.90,7.2667,true,1,34386
7290019056553,false,עין גדי מים מינרלים 2 ליטר*6 יח',עין גדי מים מינרליים,IL,מים מינרליים עין גדי 2 ל' שישייה,ליטרים,12.00,ליטר,false,6,13.80,1.1500,true,1,34387
7290019056560,false,עין גדי 2 ליטר בק' בודד פיקדון,יפאורה תבורי,IL,מים עין גדי בקבוק 2 ליטר,ליטרים,2.00,ליטר,false,1,4.20,2.1000,true,1,34388
7290019056577,false,ספרינג מנגו 1.5 ליטר פיקדון,"יפאורה תבורי בע""מ",IL,ספרינג מנגו 1.5 ל',ליטרים,1.50,ליטר,false,1,11.50,7.6667,true,1,34389
7290019056584,false,ספרינג תפוזים 1.5 ליטר פיקדון,"יפאורה תבורי בע""מ",IL,ספרינג תפוזים 1.5 ל',ליטרים,1.50,ליטר,false,1,11.50,7.6667,true,1,34390
7290019056591,false,ספרינג ענבים 1.5 ליטר פיקדון,"יפאורה תבורי בע""מ",IL,ספרינג ענבים 1.5 ל',ליטרים,1.50,ליטר,false,1,11.50,7.6667,true,1,34391
7290019056607,false,ספרינג תפוחים 1.5 ליטר פיקדון,"יפאורה תבורי בע""מ",IL,ספרינג תפוחים 1.5 ל',ליטרים,1.50,ליטר,false,1,11.50,7.6667,true,1,34392
7290019056614,false,ספרינג אפרסק 1.5 ליטר פיקדון,"יפאורה תבורי בע""מ",IL,ספרינג אפרסקים 1.5 ל',ליטרים,1.50,ליטר,false,1,11.50,7.6667,true,1,34393
7290019056621,false,ספרינג פירות טרופיים 1.5 ליטר פיקדון,"יפאורה תבורי בע""מ",IL,ספרינג פירות טרופיים 1.5 ל',ליטרים,1.50,ליטר,false,1,11.50,7.6667,true,1,34394
7290019056638,false,ספרינג תות בננה 1.5 ליטר פיקדון,"יפאורה תבורי בע""מ",IL,ספרינג תות בננה 1.5 ל',ליטרים,1.50,ליטר,false,1,11.50,7.6667,true,1,34395
7290019056645,false,ספרחנג אגס תפוח סברס 1.5 ליטר פיקדון,"יפאורה תבורי בע""מ",IL,ספרינג תפוח אגס סברס 1.5 ל',ליטרים,1.50,ליטר,false,1,11.50,7.6667,true,1,34396
7290019056652,false,ספרינג אננס בננה 1.5 ליטר פיקדון,"יפאורה תבורי בע""מ",IL,ספרינג אננס בננה 1.5 ל',ליטרים,1.50,ליטר,false,1,11.50,7.6667,true,1,34397
7290019056669,false,ספרינג תפוחים גיאט 1.5 ליטר פיקדון,"יפאורה תבורי בע""מ",IL,ספרינג תפוחים לייט 1.5 ל',ליטרים,1.50,ליטר,false,1,11.50,7.6667,true,1,34398
7290019056676,false,מיץ דיאט בטעם אשכוליות ואננס 1.5ל' ספרינג,"יפאורה תבורי בע""מ",IL,ספרינג לייט אשכוליות אננס 1.5 ל',ליטרים,1.50,ליטר,false,1,11.50,7.6667,true,1,34399
7290019056850,false,ספרינג תה אפרסק דיאט 1.5 ליטר פיקדון,"יפאורה תבורי בע""מ",IL,ספרינג tea דיאט אפרסק 1.5 ל',ליטרים,1.50,ליטר,false,1,9.90,6.6000,true,1,34400
7290019056881,false,מי סודה שוויפס 1.5ל',"יפאורה תבורי בע""מ",IL,סודה שוופס 1.5 ליטר,ליטרים,1.50,ליטר,false,1,4.20,2.8000,true,1,34585
7290019056942,false,מים מינרליים טבעיים,יפאורה,IL,מים עין גדי בקבוק 2 ליטר,ליטרים,2.00,ליטר,false,1,4.20,2.1000,true,1,34556
7290019056959,false,מי עדן 1.5 ל' בק' בודד,מופק ממקור בזלתי עדן,IL,מי עדן בקבוק 1.5 ליטר,ליטרים,1.50,ליטר,false,1,3.20,2.1333,true,1,34401
7290019056966,false,מי עדן בקבוק פיקדון 1.5 ליטר,"מי עדן בע""מ",IL,מי עדן בקבוק 1.5 ליטר,ליטרים,1.50,ליטר,false,1,3.20,2.1333,true,1,34590
7290019056973,false,מי עדן 1.5 ליטר שישייה פיקדון,מופק ממקור בזלתי עדן,IL,מי עדן שישייה בקבוק 1.5 ליטר,ליטרים,9.00,ליטר,false,6,14.90,1.6556,true,1,34402
7290019137092,false,סירופ מייפל קנדי אור,NOVOFRUCHT SK S.R.O,CA,"סירופ מייפל קנדי אורגני תבואות 250 מ""ל",מיליליטרים,250.00,"100 מ""ל",false,1,22.90,9.1600,true,1,37692
7290019152248,false,פחזניות במילוי מוס ש,לה פרינה,IL,פחזניות במילוי מוס שוקולד 300 גרם,גרמים,300.00,100 גרם,false,1,29.00,9.6667,true,1,38596
7290019153313,false,"משקהתפוח חמוציות אוכמניות 350 מ""ל פרות & ווג",יפאורה תבורי בעמ,IL,"FRUIT&VEG תפוח חמוציות אוכמניות 350 מ""ל",מיליליטרים,350.00,"100 מ""ל",false,1,8.90,2.5429,true,1,36017
7290019153344,false,מיץ בטעם סנגרייה 1.5 ל' תפוזינה,"יפאורה תבורי בע""מ",IL,תפוזינה סנגריה 1.5 ל',ליטרים,1.50,ליטר,false,1,11.50,7.6667,true,1,36286
7290019153351,false,מיץ בטעם פינק אוזו 1.5 ל' תפוזינה,"יפאורה תבורי בע""מ",IL,תפוזינה פינק אוזו 1.5 ל',ליטרים,1.50,ליטר,false,1,11.50,7.6667,true,1,36287
7290019153368,false,"מיץ בטעם מוחיטו 330 מ""ל תפוזינה",יפאורה תבורי בעמ,IL,"תפוזינה מוחיטו 330 מ""ל זכוכית",מיליליטרים,330.00,"100 מ""ל",false,1,5.90,1.7879,true,1,36291
7290019153375,false,מיץ בטעם מוחיטו 1.5 ל' תפוזינה,"יפאורה תבורי בע""מ",IL,תפוזינה מוחיטו 1.5 ל',ליטרים,1.50,ליטר,false,1,11.50,7.6667,true,1,36288
7290019153382,false,"מיץ בטעם סנגרייה 330 מ""ל תפוזינה",יפאורה תבורי בעמ,IL,"תפוזינה סנגריה 330 מ""ל זכוכית",מיליליטרים,330.00,"100 מ""ל",false,1,5.90,1.7879,true,1,36289
7290019153399,false,"מיץ בטעם פינק אוזו 330 מ""ל תפוזינה",יפאורה תבורי בעמ,IL,"תפוזינה פינק אוזו 330 מ""ל זכוכית",מיליליטרים,330.00,"100 מ""ל",false,1,5.90,1.7879,true,1,36290
7290019232179,false,תה ירוק נענע STAY WELL שקיקים 25 ויסוצקי,ויסוצקי,IL,ויסוצקי STEY WELL נענע 25 שקיקים,גרמים,25.00,100 גרם,false,1,25.90,103.6000,true,1,37967
7290019232186,false,תה ירוק לימונית לואיזהSTAY WELL 25 שקיקים ויסוצקי,ויסוצקי,IL,ויסוצקי STEY WELL לימונית לואיזה 25 שקיקים,גרמים,25.00,100 גרם,false,1,25.90,103.6000,true,1,37968
7290019232193,false,תה ירוק לימונית ג'ינג'ר STAY WELL שקיקים 25 ויסוצקי,ויסוצקי,IL,ויסוצקי STEY WELL לימונית גינגר 25 שקיקים,גרמים,25.00,100 גרם,false,1,25.90,103.6000,true,1,37969
7290019232834,false,בייגלה מצופה קרם עוגיות ושוקולד 140 גרם פליפז - רבנות,אולקר מקבוצת פלאדיס,TR,בייגלה מצופה קרם עוגיות ושוקולד 140 גרם,גרמים,140.00,100 גרם,false,1,8.90,6.3571,true,1,36013
7290019233008,false,רוטב עגבניות עם קוביות ארטישוק ושמן זית 420ג ויסוצקי,זיתא,IT,שקשוקה ארטישוק רוטב עגבניות עם קוביות 420 גרם,גרמים,420.00,100 גרם,false,1,12.90,3.0714,true,1,36722
7290019233015,false,רוטב שקשוקה תבשיל ירקות עם שמן זית כתית מעולה 420ג זיתא,זיתא,IT,שקשוקה ירוקה תבשיל ירקות 420 גרם,גרמים,420.00,100 גרם,false,1,12.90,3.0714,true,1,36720
7290019233022,false,שקשוקה חצילים רוטב עגבניות עם קוביות חצילים צלויים,זיתא,IT,שקשוקה חצילים רוטב עגבניות עם קוביות צלויים 420 גר,גרמים,420.00,100 גרם,false,1,12.90,3.0714,true,1,36721
7290019233039,false,שקשוקה קלאסית- רוטב עגבניות עם קוביות פלפלים צלויים,זיתא,IT,שקשוקה קלאסית רוטב עגבניות עם קוביות פלפלים צלויים,גרמים,420.00,100 גרם,false,1,12.90,3.0714,true,1,36723
7290019233046,false,זיתא זית קלמטה בלונד 215 גר',זיתא,IL,זית קלמטה בלונד קלמטה מרינד זיתא 215 גרם,גרמים,215.00,100 גרם,false,1,13.90,6.4651,true,1,34817
7290019297239,false,צימוק חום 330גר קופס,"דין שיווק וקליה בע""מ",,צימוק כהה 330 גרם,גרמים,330.00,100 גרם,false,1,12.90,3.9091,true,1,34206
7290019297451,false,מי ורדים שקדיה 500 מ,אף.סי תבליני בגליל ב,BE,שקדיה מי ורדים 500 מל,מיליליטרים,500.00,"100 מ""ל",false,1,15.90,3.1800,true,1,18388
7290019297550,false,בוטנים מטוגנים בקופסא 185 גרם,קריניציה ויטמינה אס,IL,בוטנים מטוגנים,גרמים,185.00,100 גרם,false,1,7.90,4.2703,true,1,15629
7290019297628,false,שקד טבעי 150 גרם ששון הקולה שקית,דין שיווק,IL,שקד טבעי 150 גרם,גרמים,150.00,100 גרם,false,1,15.90,10.6000,true,1,33398
7290019297635,false,שקדים קלויים ששון הק,"דין שיווק וקליה בע""מ",IL,שקדים קלויים ששון הקולה 150 גרם,גרמים,150.00,100 גרם,false,1,17.90,11.9333,true,1,33399
7290019297642,false,גרעין שחור קלוי ללא מלח ששון הקולה 150 ג',דין שיווק,IL,גרעין שחור קלוי ללא מלח 150 גר ששון,גרמים,150.00,100 גרם,false,1,5.90,3.9333,true,1,33455
7290019303008,false,שמפו קיק מועשר בתמצי,ש.שוורץ,IL,שמפו קיק מועשר בתמצית ספירולינה 450 מל,מיליליטרים,450.00,"100 מ""ל",false,1,27.90,6.2000,true,1,38143
7290019303053,false,מרכך קיק מועשר בספיר,ש.שוורץ,IL,מרכך קיק מועשר בספירולינה 450 מל,מיליליטרים,450.00,"100 מ""ל",false,1,27.90,6.2000,true,1,38144
7290019303657,false,פינוקיות שומשום מיקס אנרג'י 220 גרם,טבע ירוק,IL,פינוקיות שומשום - מיקס בריאות 250 גרם,גרמים,250.00,100 גרם,false,1,17.90,7.1600,true,1,38095
7290019303701,false,פינוקיות שומשום מיקס ישראלי 250 ג',טבע ירוק,IL,פינוקיות שומשום - מיקס ישראלי 250 גרם,גרמים,250.00,100 גרם,false,1,17.90,7.1600,true,1,38096
7290019303756,false,פינוקיות שומשום וגרעינים 250 ג',טבע ירוק,IL,פינוקיות שומשום וגרעינים 250 גרם,גרמים,250.00,100 גרם,false,1,17.90,7.1600,true,1,38097
7290019393016,false,"קמח חיטה לבן ללא צורך בניפוי 1 ק""ג האופה",טבע ירוק,IL,קמח חיטה לבן ללא צורך בניפוי האופה1 קג,קילוגרמים,1.00,"ק""ג",false,1,6.90,6.9000,true,1,38099
7290019393054,false,"קמח כוסמין 80% ללא צורך בניפוי 1 ק""ג האופה",טבע ירוק,IL,קמח כוסמין 80% ללא צורך בניפוי האופה 1,קילוגרמים,1.00,"ק""ג",false,1,14.90,14.9000,true,1,38100
7290019443124,false,בירה נגב אואזיס 330,הכרם משקאות חריפים ב,IL,"נגב, אואזיס, בירה, 330 מל",מיליליטרים,330.00,"100 מ""ל",false,1,14.90,4.5152,true,1,36915
7290024481678,true,פרמיו ביף טנדר 750 ג,סאטורן,DE,פרמיו ביף טנדר 750 גרם,גרמים,750.00,100 גרם,false,1,25.90,3.4533,true,1,37462
7290055090801,false,שוקולד לבן ללא סוכר כרמית 85ג',כרמית תעשיות ממתקים,IL,"שוקולד לבן לל""ס 85ג*12בדיס*2בקרט",גרמים,85.00,100 גרם,false,1,6.90,8.1176,true,1,9427
7290067642005,false,גולדסטאר סלואו בריאו,טמפו,IL,גולדסטאר 10% בירה לאגר חזקה מאוד,מיליליטרים,330.00,"100 מ""ל",false,1,9.50,2.8788,true,1,555
7290100240137,false,"תרסיס למייבש כביסה כחול 500 מ""ל בדין","זוהר דליה, קיבוץ דלי",IL,בדין תרסיס ריחני למייבש הכביסה כחול 500 מל,מיליליטרים,500.00,"100 מ""ל",false,1,19.90,3.9800,true,1,123068
7290100240144,false,"תרסיס למייבש כביסה ורוד 500 מ""ל בדין","זוהר דליה, קיבוץ דלי",IL,בדין תרסיס ריחני למייבש כביסה ורוד 500 מל,מיליליטרים,500.00,"100 מ""ל",false,1,19.90,3.9800,true,1,123069
7290100240656,false,"פתית שיפון תלמה 300ג' בד""צ",יוניליוור ישראל מזון,IL,פתית שיפון קרקר פריך משיפון ללא תוספת מלח וסוכר,גרמים,300.00,100 גרם,false,1,18.20,6.0667,true,1,123962
7290100243671,false,מרכך כביסה אקסטרא בניחוח יסמין מרענן,יוניליוור סנאיי וי ט,TR,בדין מרכך כביסה מרוכז בדין אקסטרה כחול 960 מל,מיליליטרים,960.00,"100 מ""ל",false,1,19.90,2.0729,true,1,123454
7290100245231,false,נמס בכוס מרק בטעם עוף עם אטריות ושקדי מרק-2 שקיות,יוניליוור ישראל מזון,IL,קנור נמס בכוס טעם עוף עם שקדי מרק ואטריות 50 גרם,גרמים,50.00,100 גרם,false,1,7.50,15.0000,true,1,123743
7290100249086,false,שוקולד קליק אוקיי שו,"דרך השוקולד 1, צפת 1",IL,קליק חטיף נוגט מצופה שוקולד לבן כשר לפסח 35 גרם,גרמים,35.00,100 גרם,false,1,4.90,14.0000,true,1,124865
7290100249598,false,"רוטב לבישול שום ודבש קנור 320ג' בד""צ",יוניליוור ישראל מזון,IL,רוטב לעוף שום ודבש קנור,גרמים,320.00,100 גרם,false,1,13.90,4.3438,true,1,124373
7290100653586,false,"דאו' ליידי ספיד סטיק 24/7 ג'ל ורוד 50מ""ל",ליידי ספיד סטיק Lady Speed Stick,US,דאודורנט ליידי ספיד סטיק 24/7 גל פרש פיוזן 65 גרם,גרמים,65.00,100 גרם,false,1,19.90,30.6154,true,1,122312
7290100658338,false,נוזל כלים אוקסי פלוס עם נוסחת החמצן הפעיל,הנסיך- מפעל לייצור ט,GR,"פלמוליב נוזל כלים אוקסי פלוס 750 מ""ל",מיליליטרים,750.00,"100 מ""ל",false,1,11.90,1.5867,true,1,122371
7290100659090,false,פרי חטיפים ללא סוכר מארז 5 תמרים וקינמו,טבעית מוצרים מן הטבע,IL,FRמאגדת חטיף דגנים תמרים וקינמון 100גרם,גרמים,100.00,100 גרם,false,1,16.90,16.9000,true,1,122465
7290100680650,false,מנה חמה נודלס-אטריות ירקות טעם תאילנדי אסם 76 ג',THAI PRESIDENT FOODS,TH,מנה חמה נודל.+ירקות תאילנדי6 6*76גרם,גרמים,76.00,100 גרם,false,1,6.90,9.0789,true,1,122272
7290100680667,false,מנה חמה נודלס-אטריות+ירקות טעם סצ'ואן,THAI PRESIDENT FOODS,TH,מנה חמה נודלס+ירקות ט.סצ'ואן6 6*76גרם,גרמים,76.00,100 גרם,false,1,6.90,9.0789,true,1,122273
7290100680711,false,פירורית זהב אסם זהב 350ג',עינת תעשיות מזון,IL,אסם פירורית זהב 12*350גרם,גרמים,350.00,100 גרם,false,1,8.90,2.5429,true,1,122422
7290100680728,false,פירורית רגילה שקית 350 גרם,מיוצר עי קונדיטוריית,IL,אסם פירורית 20*350גרם,גרמים,350.00,100 גרם,false,1,7.60,2.1714,true,1,122423
7290100681015,false,פודינג אינסטנט ריבת חלב 84 ג' אסם,מיוצר עי קונדיטוריית,IL,פודינג ריבת חלב 84 גרם,גרמים,84.00,100 גרם,false,1,5.90,7.0238,true,1,122346
7290100681138,false,מארז אפרופו חטיף תירס 3 יחידות,"אסם השקעות בע""מ",IL,אפרופו מאח.10 3*50גרם,גרמים,150.00,100 גרם,false,1,12.90,8.6000,true,1,122132
7290100681503,false,עסיס סירופ לימונענע דיאטטי 1 ליטר,בית-השיטה עסיס תעשיו,IL,עסיס לימונענע דיאט 12*1ליטר,ליטרים,1.00,ליטר,false,1,21.90,21.9000,true,1,122254
7290100681510,false,עסיס סירופ אשכולית אדומה דיאטטי 1 ליטר,בית-השיטה עסיס תעשיו,IL,עסיס אשכולית אדומה דיאטטי 12*1ליטר,ליטרים,1.00,ליטר,false,1,21.90,21.9000,true,1,122255
7290100683880,false,אבקה להכנת פירה 260 ג' אסם,"אסם השקעות בע""מ",IL,אסם פירה 6*260גרם,גרמים,260.00,100 גרם,false,1,15.20,5.8462,true,1,122492
7290100684139,false,פסטה מיני מקרוני 500 ג' אסם,פסטה זארה,IT,אסם מיני מקרוני 12*500גרם,גרמים,500.00,100 גרם,false,1,6.90,1.3800,true,1,122426
7290100684306,false,"רוטב צ'ילי מתוק 600מ""ל אסם","אסם השקעות בע""מ",IL,אסם רוטב צ'ילי מתוק 6*600מל,מיליליטרים,600.00,"100 מ""ל",false,1,19.80,3.3000,true,1,123592
7290100685136,false,"מרק בטעם עוף 1 ק""ג אסם","אסם השקעות בע""מ",IL,אסם מרק טעם עוף 8*1קג,קילוגרמים,1.00,"ק""ג",false,1,16.20,16.2000,true,1,122555
7290100685334,false,אבקת מרק עוף אמיתי ר.טבעיים 400ג' אסם,"אסם השקעות בע""מ",IL,אסם מרק עוף רכיבים טבעיים בדצ6*400גרם,גרמים,400.00,100 גרם,false,1,27.90,6.9750,true,1,122966
7290100685341,false,מרק בטעם עוף זך רכיבים טבעיים 400 ג' אסם,"אסם השקעות בע""מ",IL,אסם מרק זך טעם עוף רכיבים טבעים 6*400ג,גרמים,400.00,100 גרם,false,1,19.90,4.9750,true,1,122592
7290100685563,false,פירורית זהב אסם מארז 200X2ג',קריות זול,IL,אסם פירורית זהב מאח.6 2*200גרם,גרמים,400.00,100 גרם,false,1,10.90,2.7250,true,1,19310
7290100685600,false,פירורית זהב אסם זהב חיטה מלאה 200ג',עינת תעשיות מזון,IL,אסם פירורית זהב חיטה מלאה 12*200גרם,גרמים,200.00,100 גרם,false,1,7.50,3.7500,true,1,122668
7290100685938,false,עוגת דבש ותפוח עץ עם פירורים 400גר,"אסם השקעות בע""מ",IL,הבית עוגת דבש ותפוח עץ 8*400גרם,גרמים,400.00,100 גרם,false,1,19.90,4.9750,true,1,122591
7290100687109,false,במבה במילוי קרם נוגט 60ג' אסם,"אסם השקעות בע""מ",IL,במבה במילוי נוגט 60 גרם,גרמים,60.00,100 גרם,false,1,4.90,8.1667,true,1,123211
7290100689301,false,אבקת מרק עוף זך עדיף אסם 400 גר',"אסם השקעות בע""מ",IL,אסם עדיף זך טעם עוף 6*400גרם,גרמים,400.00,100 גרם,false,1,18.70,4.6750,true,1,123118
7290100700020,false,סוגת גריסי פנינה 500גרם,האי נאם סי או אל.טי.,IL,גריסי פנינה 500 גרם,גרמים,500.00,100 גרם,false,1,5.90,1.1800,true,1,122266
7290100700075,false,פירורי לחם מוזהבים 200 ג' סוגת,"סוגת תעשיות בע""מ",IL,פירורי לחם מוזהבים סוגת 200 גרם,גרמים,200.00,100 גרם,false,1,4.20,2.1000,true,1,126231
7290100700242,false,"אורז מלא עגול סוגת 1 ק""ג","סוגת תעשיות בע""מ",IL,"אורז עגול מלא 1 ק""ג",קילוגרמים,1.00,"ק""ג",false,1,12.90,12.9000,true,1,125097
7290100700266,false,פירורי לחם לבן סוגת 200ג',"סוגת תעשיות בע""מ",IL,פירורי לחם לבנים סוגת 200 גר,יחידה,0.00,יחידה,false,1,5.60,0.0000,true,1,127350
7290100700273,false,קינואה סוגת 500 גרם,האי נאם סי או אל.טי.,IL,קינואה 500 גרם,גרמים,500.00,100 גרם,false,1,15.90,3.1800,true,1,123744
7290100700334,false,קינואה לבנה סוגת 1,"סוגת תעשיות בע""מ",IL,"קינואה לבנה סוגת 1 ק""ג",קילוגרמים,1.00,"ק""ג",false,1,25.90,25.9000,true,1,31793
7290100700372,false,"סוגת אורז בסמטי מלא 1 ק""ג",האי נאם סי או אל.טי.,IL,אורז בסמטי מלא 1 קג,קילוגרמים,1.00,"ק""ג",false,1,16.90,16.9000,true,1,123533
7290100700396,false,"סוגת אורז יסמין קלאסי 1 ק""ג",האי נאם סי או אל.טי.,IL,אורז יסמין קלאסי,קילוגרמים,1.00,"ק""ג",false,1,13.90,13.9000,true,1,125094
7290100700587,false,סוגת בורגול 500 גרם,האי נאם סי או אל.טי.,IL,בורגול 500 גרם,גרמים,500.00,100 גרם,false,1,5.90,1.1800,true,1,124016
7290100701126,false,שעועית מש סוגת 500גר,סוגת,IL,שעועית מש 500 גרם סוגת,גרמים,500.00,100 גרם,false,1,9.90,1.9800,true,1,127867
7290100701140,false,"אורז ריזוטו 1 ק""ג סוגת","סוגת תעשיות בע""מ",IL,אורז ריזוטו ארבוריו סוגת 1 קג,קילוגרמים,1.00,"ק""ג",false,1,14.90,14.9000,true,1,123943
7290100701331,false,קמח רב תכליתי שטיבל קמח חיטה לבן בהיר,"שטיבל בע""מ - טחנות ק",IL,קמח רב תכליתי +1,קילוגרמים,1.00,"ק""ג",false,1,7.90,7.9000,true,1,124869
7290100701386,false,קמח לחלה קמח חיטה לבן שטיבל,"שטיבל בע""מ - טחנות ק",IL,"קמח חלה סוגת 1 ק""ג",קילוגרמים,1.00,"ק""ג",false,1,6.50,6.5000,true,1,20276
7290100701454,false,גרישה - בורגול דק,"סוגת תעשיות בע""מ",IL,גרישה 500 גרם,גרמים,500.00,100 גרם,false,1,5.90,1.1800,true,1,124426
7290100701577,false,קמח לחם קמח חיטה לבן שטיבל,שטיבל טחנות קמח,IL,"קמח לחם סוגת 1 ק""ג",קילוגרמים,1.00,"ק""ג",false,1,6.90,6.9000,true,1,124831
7290100701874,false,"קמח כוסמין 1 ק""ג סוגת",טחנות קמח שטיבל באר,IL,קמח כוסמין מלא + 14,קילוגרמים,1.00,"ק""ג",false,1,17.90,17.9000,true,1,128919
7290100701881,false,קמח פיצה ופוקצ'ה- קמח חיטה לבן בהיר שטיבל,"שטיבל בע""מ - טחנת קמ",IL,"קמח פיצה 1 ק""ג - סוגת",קילוגרמים,1.00,"ק""ג",false,1,7.90,7.9000,true,1,124841
7290100702260,false,קוסקוס דק סוגת 350 גר',סוגת,IL,קוסקוס דק 350 גרם,גרמים,350.00,100 גרם,false,1,4.90,1.4000,true,1,127654
7290100702987,false,פתיתי שיבולת שועל דק סוגת 500ג',סוגת תעשיות,,פתיתי שיבולת שועל-סוגת,גרמים,500.00,100 גרם,false,1,5.90,1.1800,true,1,127995
7290100702994,false,סוגת סוכר דמררה קלאסי בשקית 500 גרם,"סוגת תעשיות בע""מ",IL,סוכר דמררה 500 גרם,גרמים,500.00,100 גרם,false,1,6.90,1.3800,true,1,128438
7290100703007,false,עדשים שחורות בלוגה סוגת 500 גר',האי נאם סי או אל.טי.,IL,עדשים שחורות בלוגה,גרמים,500.00,100 גרם,false,1,8.90,1.7800,true,1,12659
7290100703533,false,קמח קסם תערובת קמח עם שמרים,"שטיבל בע""מ",IL,"קמח קסם שמרים סוגת 1 ק""ג",קילוגרמים,1.00,"ק""ג",false,1,9.90,9.9000,true,1,129074
7290100703861,false,"קמח תערובת קסם לחלה 1 ק""ג סוגת",סוגת,IL,"קמח קסם לחלה סוגת 1 ק""ג",קילוגרמים,1.00,"ק""ג",false,1,9.90,9.9000,true,1,6112
7290100704141,false,סודה לשתייה 100 ג' סוגת,א.ל. ייצור ושיווק תב,IL,סודה לשתיה 100 גרם,גרמים,100.00,100 גרם,false,1,3.30,3.3000,true,1,12376
7290100704493,false,"קמח שמרים פיצה ללא ניפוי סוגת 1 ק""ג","שטיבל בע""מ - טחנת קמ",IL,קמח שמרים פיצה,קילוגרמים,1.00,"ק""ג",false,1,9.90,9.9000,true,1,30765
7290100704660,false,קינואה מיקס סוגת 500 ג',"סוגת תעשיות בע""מ",IL,קינואה מיקס סוגת 500גרם,גרמים,500.00,100 גרם,false,1,15.90,3.1800,true,1,32827
7290100704691,false,אורז אדום סוגת 500,סוגת,IL,אורז אדום סוגת 500 גרם,גרמים,500.00,100 גרם,false,1,9.90,1.9800,true,1,38445
7290100704707,false,אורז מיקס סוגת 500,סוגת,IL,אורז מיקס סוגת 500 גרם,גרמים,500.00,100 גרם,false,1,9.90,1.9800,true,1,38446
7290100850909,false,דוריטוס בטעם נאצ'ו מקסיקני,שטראוס פריטו ליי בע,IL,דוריטוס נאצו 70 גרם,גרמים,70.00,100 גרם,false,1,3.90,5.5714,true,1,122172
7290100850916,false,דוריטוס בטעם חמוץ חריף,"שטראוס פריטו ליי בע""",IL,דוריטוס חמוץ חריף 70 גר 48 יח,גרמים,70.00,100 גרם,false,1,3.90,5.5714,true,1,122173
7290100850923,false,דוריטוס גריל 70 גרם,שטראוס פריטו ליי בע,IL,דוריטוס גריל 70 גר 48 יח,גרמים,70.00,100 גרם,false,1,3.90,5.5714,true,1,122174
7290100850930,false,דוריטוס דיפ טבעי 70ג,שטראוס פריטו ליי בע,IL,דוריטוס טבעי 70 גר 48 יח,גרמים,70.00,100 גרם,false,1,3.90,5.5714,true,1,122175
7290100858592,false,אבקת קקאו עלית שקית 150 ג',הנסיך- מפעל לייצור ט,IL,שקית קקאו 150גרם/20שק/150גר,גרמים,150.00,100 גרם,false,1,11.80,7.8667,true,1,122766
7290100858608,false,אבקת קקאו עלית שקית 500 ג',שטראוס גרופ,IL,אבקת קקאו 500 גרם,גרמים,500.00,100 גרם,false,1,26.90,5.3800,true,1,122767
7290100921593,false,מנקה אסלה סוד 4 כדוריות לאסלה לימון נתלה 50 ג',"הנקל סוד בע""מ",HU,כדוריות אסלה בריח לימון 50 גר,גרמים,50.00,100 גרם,false,1,7.90,15.8000,true,1,126032
7290100921616,false,סוד סבון לאסלה 4 כדוריות בניחוח אורנים 50 ג',הנקל סוד,HU,סוד מאת ברף סבון אסלה בניחוח אורנים 50 גרם,גרמים,50.00,100 גרם,false,1,7.90,15.8000,true,1,127534
7290100921623,false,מנקה אסלה סוד 4 כדוריות נתלה אקונומיקה נתלה 50 ג',"הנקל סוד בע""מ",HU,סוד מאת ברף כדוריות לאסלה אקונומיקה,גרמים,50.00,100 גרם,false,1,7.90,15.8000,true,1,126033
7290100924631,false,מרכך כביסה מרוכז לבגדי תינוקות ובעלי עור רגיש,"הנקל סוד בע""מ",IL,סוד מרוכז בייבי 900 מל,מיליליטרים,900.00,"100 מ""ל",false,1,11.90,1.3222,true,1,4025
7290100926147,false,אבקת כביסה פרסיל קולור שקית 2.5 קג,"הנקל סוד בע""מ",IL,פרסיל אבקה לכביסה צבעונית 2.5 קג,קילוגרמים,2.50,"ק""ג",false,1,29.90,11.9600,true,1,17895
7290101110149,false,גלידה בלסימו וניל עם פליק 1.3 ל' פלדמן,גלידות פלדמן,IL,בליסימו וניל עם פליק 650 גרם,גרמים,650.00,100 גרם,false,1,21.90,3.3692,true,1,122536
7290101110279,false,גלידת בליסימו בטעם שוקולד פאדג' פקאן,גלידות פלדמן,IL,בליסימו שוקולד פאדג פקאן 650 גרם,גרמים,650.00,100 גרם,false,1,21.90,3.3692,true,1,122538
7290101110460,false,גלידה בליסימו וניל צרפתי 1.3 ל' פלדמן,גלידות פלדמן,IL,1.3 בליסימו וניל צרפתי,ליטרים,1.30,ליטר,false,1,21.90,16.8462,true,1,122424
7290101110477,true,בקלאווה 900 גרם,פלדמן,IL,בקלאווה 900 גרם,גרמים,900.00,100 גרם,false,1,29.90,3.3222,true,1,38210
7290101110811,false,גלידל שלגון בטעם וניל מצופה סורבה פסיפלורה - 8 יח',הגלידות של פלדמן,IL,גלידל פסיפלורה 8,גרמים,600.00,100 גרם,false,1,36.90,6.1500,true,1,123193
7290101112112,true,טירמיסו 900 גרם,פלדמן,IL,טירמיסו 900 גרם,גרמים,900.00,100 גרם,false,1,29.90,3.3222,true,1,38206
7290101112228,true,גלידל פרי אננס 8 640,פלדמן,IL,גלידל פרי אננס 8 640 גרם,גרמים,640.00,100 גרם,false,1,25.90,4.0469,true,1,127185
7290101112518,true,גרניטה חלבי אייס קפ,פלדמן,IL,גרניטה חלבי אייס קפוצינו 6 480 גרם,גרמים,480.00,100 גרם,false,1,22.90,4.7708,true,1,127233
7290101112600,true,בליסימו שייק וניל מו,פלדמן,IL,בליסימו שייק וניל מוקה 650 גרם,גרמים,650.00,100 גרם,false,1,21.90,3.3692,true,1,1847
7290101112921,true,גלידל פרי פירות טרופ,פלדמן,IL,גלידל פרי פירות טרופי 8 640 גרם,גרמים,640.00,100 גרם,false,1,25.90,4.0469,true,1,11128
7290101113157,false,גלידל וניל עוגיות מאגדת שישייה 312 ג',הגלידות של פלדמן,IL,גלידל וניל עוגיות 6 312 גרם,גרמים,312.00,100 גרם,false,1,27.90,8.9423,true,1,25419
7290101113362,false,מאגדת יופלה יוגורט ו,הגלידות של פלדמן,IL,מאגדת 1/5גלידה יופלה פריזי סורבה אננס400,גרמים,400.00,100 גרם,false,1,22.90,5.7250,true,1,25242
7290101113454,false,גלידל יוגורט אפרסק 400 ג',הגלידות של פלדמן,IL,גלידל יוגורט אפרסק,לא מנהל יחידת מידה,0.00,לא מנהל יחידת מידה,false,1,36.90,0.0000,true,1,25428
7290101453871,false,נר מספר 0,סודי,,נר מספר 0,Unknown,0.00,Unknown,false,1,4.50,0.0000,true,1,126919
7290101453895,false,נר מספר - 2,סודי,,נר מספר 2,Unknown,0.00,Unknown,false,1,4.50,0.0000,true,1,126921
7290101453901,false,נר מספר 3,סודי,,נר מספר 3,Unknown,0.00,Unknown,false,1,4.50,0.0000,true,1,126922
7290101453918,false,נר מספר 4,סודי,,נר מספר 4,Unknown,0.00,Unknown,false,1,4.50,0.0000,true,1,126923
7290101453925,false,נר מספר 5,סודי,,נר מספר 5,Unknown,0.00,Unknown,false,1,4.50,0.0000,true,1,126924
7290101453932,false,נר מספר 6,סודי,,נר מספר 6,Unknown,0.00,Unknown,false,1,4.50,0.0000,true,1,126925
7290101453949,false,נר מספר 7,סודי,,נר מספר 7,Unknown,0.00,Unknown,false,1,4.50,0.0000,true,1,126926
7290101453956,false,נר מספר 8,סודי,,נר מספר 8,Unknown,0.00,Unknown,false,1,4.50,0.0000,true,1,126927
7290101453963,false,נר מספר 9,סודי,,נר מספר 9,Unknown,0.00,Unknown,false,1,4.50,0.0000,true,1,126928
7290101486688,false,פרי חטיפי בריאות מארז 5 דגנים עם שוקולד,טבעית מוצרים מן הטבע,IL,FREEמאגדת חטיף דגנים עם שוקולד 100 גרם,גרמים,100.00,100 גרם,false,1,16.90,16.9000,true,1,123015
7290101488316,false,ליידי ספיד סטיק - דאודורנט סטיק לאישה ללא סימן ורוד סטיק 65 גרם,ליידי ספיד סטיק Lady Speed Stick,US,דאודורנט ליידי ספיד סטיק ללא סימן שאוור פרש 65 גרם,מיליליטרים,65.00,"100 מ""ל",false,1,19.90,30.6154,true,1,123233
7290101488323,false,ליידי ספיד סטיק - דאודורנט סטיק לאישה ללא סימן ירוק סטיק 65 גרם,ליידי ספיד סטיק Lady Speed Stick,BY,דאודורנט ליידי ספיד סטיק ללא סימן פאודר פרש 65 גרם,גרמים,65.00,100 גרם,false,1,19.90,30.6154,true,1,123234
7290101500193,false,מיקס חסה - נספק 200,חקלאי,IL,מיקס חסה - נספק 200,גרמים,200.00,100 גרם,false,1,10.90,5.4500,true,1,122581
7290101500247,false,עלי חסה צעירים שטופי,חקלאי,IL,לקט עלים פינוקט 170 גרם,גרמים,170.00,100 גרם,false,1,9.90,5.8235,true,1,122582
7290101500551,false,סלרי אמריקאי ארוז,חקלאי,IL,סלרי אמריקאי ארוז,לא מנהל יחידת מידה,0.00,לא מנהל יחידת מידה,false,1,5.90,0.0000,true,1,20470
7290101500568,false,סלרי ראש ארוז,חקלאי,IL,סלרי ראש ארוז,לא מנהל יחידת מידה,0.00,לא מנהל יחידת מידה,false,1,5.90,0.0000,true,1,20471
7290101500926,false,תרד 270 גר',יושלם,IL,תרד ארוז,Unknown,0.00,Unknown,false,1,12.90,0.0000,true,1,123032
7290101501138,false,כרובית ארוזה יח,אראל תוצרת חקלאית בע,IL,כרובית ארוזה יח,קילוגרמים,1.50,"ק""ג",false,1,13.90,9.2667,true,1,2588
7290101501176,false,פלפל פינקרבל,מ.ע יזמות,IL,פלפל פינקרבל,יחידה,1.00,יחידה,false,1,9.90,9.9000,true,1,12970
7290101501183,false,פלפל צילי חריף,חקלאי,IL,פלפל צילי,לא מנהל יחידת מידה,0.00,לא מנהל יחידת מידה,false,1,7.90,0.0000,true,1,2575
7290101501237,false,עגבניה מגי,חקלאי,IL,עגבניה מגי,קילוגרמים,1.00,"ק""ג",true,,16.90,16.9000,true,1,28622
7290101501305,false,מלפפון מיני בייבי אורגני ארוז,חקלאי,IL,מלפפון טעם,גרמים,230.00,100 גרם,false,1,9.90,4.3043,true,1,2574
7290101503507,false,מיני בטטה (בייבי בטט,חקלאי,IL,מיני בטטה (בייבי בטטה),יחידה,1.00,יחידה,false,1,12.90,12.9000,true,1,22683
7290101551027,false,קפסולות קפה אספרסו חזק במיוחד 14 עלית 10 יח',הנסיך- מפעל לייצור ט,IL,קפסולות קפה אספרסו 14,גרמים,50.00,100 גרם,false,1,16.90,33.8000,true,1,13280
7290101551263,false,סילאן טבעי ללא תוספת סוכר,"פוליבה בע""מ",IL,סילאן טבעי יד מרדכי 700 גרם,גרמים,700.00,100 גרם,false,1,21.90,3.1286,true,1,12822
7290101551300,false,סילאן טבעי ללא תוספת סוכר בקבוק לחיץ,"פוליבה בע""מ",IL,סילאן טבעי לחיץ 380 גרם,גרמים,380.00,100 גרם,false,1,16.90,4.4474,true,1,12819
7290101551539,true,דנונה פרו 20 גרם בטע,"שטראוס בריאות בע""מ",IL,דנונה פרו 20 גר אפרסק 0% שומן,גרמים,200.00,100 גרם,false,1,6.50,3.2500,true,1,11735
7290101551584,false,תפוצ'יפס קידס מארז 10 יח' * 20 ג',"שטראוס פריטו ליי בע""",IL,מ. תפו קידס 10*20 גר 9 יח,גרמים,200.00,100 גרם,false,1,14.90,7.4500,true,1,11898
7290101551614,false,חטיף צ'יטוס קראנץ בטעם גבינה - מארז 8 יח',הנסיך- מפעל לייצור ט,IL,מ. ציטוס גבינה 8*30 גר 15 יח רבנות,גרמים,240.00,100 גרם,false,1,14.90,6.2083,true,1,11900
7290101551638,false,חטיף צ'יטוס כאפה בטעם קטשופ - מארז 10 יח',"שטראוס פריטו ליי בע""",IL,מ. ציטוס כאפה 10*20 גר 9 יח,גרמים,200.00,100 גרם,false,1,13.90,6.9500,true,1,11896
7290101551645,false,צ'יטוס איקס עיגול עלית מארז 10 יח' *20ג',הנסיך- מפעל לייצור ט,IL,מ. ציטוס איקס עיגול 10*20 גר 9 יח,גרמים,200.00,100 גרם,false,1,13.90,6.9500,true,1,11897
7290101582373,false,ייו רוזה גרנאש המושבה,בנימינה Binyamina,IL,"יין המושבה גרנאש בלאש רוזה 750 מ""ל",מיליליטרים,750.00,"100 מ""ל",false,1,34.90,4.6533,true,1,26256
7290101863410,false,"סיליט ניקוי עוצמתי מכיל אקונומיקה 750 מ""ל",סיליט באנג Cillit Bang,PL,"סיליט באנג אקונומיקה 750 מ""ל",מיליליטרים,750.00,"100 מ""ל",false,1,14.90,1.9867,true,1,123475
7290101864127,false,"ספריי להסרת כתמים 750 מ""ל וניש קליה",קליה וניש Kalia Vanish,IL,"ספריי מסיר כתמים וניש קליה 750 מ""ל",מיליליטרים,750.00,"100 מ""ל",false,1,17.90,2.3867,true,1,123680
7290101865261,false,"פיניש נוזל הברקה 800 מ""ל",רקיט בנקיזר,PL,"פיניש נוזל הברקה למדיח 800 מ""ל",מיליליטרים,800.00,"100 מ""ל",false,1,22.90,2.8625,true,1,125482
7290101866633,false,ווניש קליה ג`ל להסרת כתמים 3 ל',קליה וניש Kalia Vanish,IL,"ג""ל להסרת כתמים קליה וניש 3 ליטר",ליטרים,3.00,ליטר,false,1,26.90,8.9667,true,1,124606
7290101866787,false,מסיר כתמים ומלבין לכביסה לבנה 3 ל וניש קליה,קליה וניש Kalia Vanish,PL,"קליה וניש לכביסה לבנה ג""ל 3 לי",ליטרים,3.00,ליטר,false,1,26.90,8.9667,true,1,124789
7290101869702,true,גל למדיח,רקיט בנקיזר,PL,"פיניש AIO ג""ל 600 מל",מיליליטרים,600.00,"100 מ""ל",false,1,29.90,4.9833,true,1,127234
7290101869719,false,ג'ל מרוכז למדיח פיניש all in one max בניחוח לימון,פיניש רקיט בנקיזר,PL,"פיניש AIO ג""ל 600 מל לימון",מיליליטרים,600.00,"100 מ""ל",false,1,29.90,4.9833,true,1,127235
7290101980919,false,שלישיית ביצי שוקולד פיניאס ופרב ***לא פעיל***,זאיני,,ביצי שוקולד מארז שלישייה 60 גרם,גרמים,60.00,100 גרם,false,1,12.90,21.5000,true,1,123138
7290101984412,false,זיקוק מספר,Unknown,,זיקוק מספר,Unknown,0.00,Unknown,false,1,4.90,0.0000,true,1,126241
7290101985433,false,הפתעות לימי הולדת,NOVELTY,,הפתעות לימי הולדת,Unknown,0.00,Unknown,false,1,6.70,0.0000,true,1,125767
7290101987598,false,חרב בועות סבון דורה,סודי,,חרב בועות סבון דורה,Unknown,0.00,Unknown,false,1,9.90,0.0000,true,1,125583
7290101999638,false,נרות מטה כוכבים הלו,סודי,,נרות מטה כוכבים הלו קיטי,Unknown,0.00,Unknown,false,1,6.90,0.0000,true,1,127019
7290101999652,false,נרות מטה כוכבים מיקי,סודי,,נרות מטה כוכבים מיקי,Unknown,0.00,Unknown,false,1,6.90,0.0000,true,1,127020
7290102003853,false,נרות מטה כוכבים מיני מאוס,סודי,,נרות מטה כוכבים מיני,Unknown,0.00,Unknown,false,1,6.90,0.0000,true,1,127022
7290102003884,false,נרות מטה לבבות מיקי,יושלם,,נרות מטה לבבות - מיקי,Unknown,0.00,Unknown,false,1,6.90,0.0000,true,1,126938
7290102030330,false,תפוצ'יפס קראנצ' בטעם מקסיקני,"שטראוס פריטו ליי בע""",IL,תפו קראנצ מקסיקני 200 גר 12 יח - שמיטה,גרמים,200.00,100 גרם,false,1,9.90,4.9500,true,1,122975
7290102035151,false,יוגורט אקטיביה 1.5%,שטראוס גרופ,IL,יוגורט אקטיביה 1.5% החזרות,גרמים,150.00,100 גרם,false,1,3.90,2.6000,true,1,125081
7290102060764,false,מארז זוג מברשות שיניים מרידול,יבואן ומשווק: ש. שסט,CH,מרידול זוג מברשות שיניים עדין 2 יחידות,Unknown,0.00,Unknown,false,1,33.90,0.0000,true,1,123184
7290102060979,false,"אלמקס משחת שיניים משפחתי 100 מ""ל",יבואן ומשווק: ש. שסט,PL,אלמקס משחת שיניים להגנה מפני עששת 100 מל,מיליליטרים,100.00,"100 מ""ל",false,1,18.90,18.9000,true,1,123346
7290102062195,false,"אלמקס משחת שיניים אלמקס גוניור 75 מ""ל",יבואן ומשווק: ש. שסט,PE,אלמקס משחת שיניים לילדים לגילאי 6-12 75 מל,מיליליטרים,75.00,"100 מ""ל",false,1,15.90,21.2000,true,1,123741
7290102300815,false,גבינת צדר כתומה פרוס,שבינגטון,GB,צדר כתום פרוס 200גרם,גרמים,200.00,100 גרם,false,1,29.90,14.9500,true,1,34541
7290102300822,false,גבינה צ'דר אנגלית כתומה 200 ג',דאולי צ'יסמייקרס,GB,גבינת צדר אנגלית כתומה 200 גרם נני,גרמים,200.00,100 גרם,false,1,24.90,12.4500,true,1,124880
7290102300853,false,גבינת צדר לבן פרוס,מיוצר עי קונדיטוריית,,"גבינת צ""דר לבן פרוס 200 גר נני",גרמים,200.00,100 גרם,false,1,32.90,16.4500,true,1,13996
7290102300860,false,גבינת צ'דר אנגלי לבן 35%,דאוליי צ'יסמייקרס,GB,גבינת צדר אנגלית 200 גרם נני,גרמים,200.00,100 גרם,false,1,24.90,12.4500,true,1,124883
7290102300877,false,גבינת צדר אנגלית מעד,כושר דייארי,,גבינת צדר אנגלית מעדנייה,קילוגרמים,1.00,"ק""ג",true,,149.00,149.0000,true,1,13569
7290102300884,false,גבינת צדר אנגלית,,,גבינת צדר אנגלית כתומה מעדנייה,קילוגרמים,1.00,"ק""ג",true,,149.00,149.0000,true,1,13568
7290102302246,false,גבינת גאודה 200 גרם,מיוצר עי קונדיטוריית,NL,גבינת גאודה נני 200 גרם,גרמים,200.00,100 גרם,false,1,27.90,13.9500,true,1,9897
7290102302253,false,גבינת גאודה עיזים 2,מיוצר עי קונדיטוריית,NL,גבינת גאודה עיזים נני 200 גרם,גרמים,200.00,100 גרם,false,1,32.90,16.4500,true,1,129811
7290102302840,false,גבינת עיזים הולנדית פרוסה 34%,מיוצר עי קונדיטוריית,NL,גבינת גאודה עיזים פרוסה של נני 150 גרם,גרמים,150.00,100 גרם,false,1,31.90,21.2667,true,1,23631
7290102302864,false,גבינה הולנדית עם פסטו ירוק 34%,הנרי ויליך Henri Willig,NL,גאודה פסטו ירוק 200 גרם,גרמים,200.00,100 גרם,false,1,34.90,17.4500,true,1,23633
7290102302888,false,גבינה הולנדית עם כמו,מיוצר עי קונדיטוריית,NL,גאודה כמון 200 גרם,גרמים,200.00,100 גרם,false,1,33.90,16.9500,true,1,23635
7290102302932,false,גבינה טבעונית קלאסית,קריניציה ויטמינה אס,DE,גאיה גבינה טבעונית קלאסית בפרוסות 150 גרם,גרמים,150.00,100 גרם,false,1,22.90,15.2667,true,1,28152
7290102302949,false,גאיה בסגנון עיזים פר,קריניציה ויטמינה אס,DE,גאיה גבינה טבעונית בסגנון עיזים בפרוסות 150 גרם,גרמים,150.00,100 גרם,false,1,22.90,15.2667,true,1,28153
7290102302994,false,טבעונית בסגנון פטה ב,ZIEGLER,GR,גאיה גבינה טבעונית בסגנון פטה 200 גרם,גרמים,200.00,100 גרם,false,1,29.90,14.9500,true,1,28157
7290102303878,false,חמאת נורמנדי קלאסית,אלוויר,FR,אלוויר חמאת נורמנדי 200 גרם,גרמים,200.00,100 גרם,false,1,16.90,8.4500,true,1,35676
7290102304714,false,גבינת גלוריוס עיזים,הנרי ויליך,NL,גבינת גלוריוס עיזים 180 גרם,גרמים,180.00,100 גרם,false,1,46.90,26.0556,true,1,35677
7290102304721,false,גבינת טרמנדס כמהין 1,הנרי ויליך,NL,גבינת טרמנדס כמהין 180 גרם,גרמים,180.00,100 גרם,false,1,46.90,26.0556,true,1,35678
7290102304745,false,גבינת פיור גולד 180,הנרי ויליך,NL,גבינת פיור גולד 180 גרם,גרמים,180.00,100 גרם,false,1,45.90,25.5000,true,1,35680
7290102390427,false,יוגורט ביו עם קציפת תות 3% שומן 150 ג' מולר,מולר Muller,IL,יוגורט מולר פרופ תות 150 גרם,גרמים,150.00,100 גרם,false,1,5.50,3.6667,true,1,123147
7290102390465,false,יוגורט ביו עם קציפת אפרסק ופסיפלורה 3% שומן 150 ג' מולר,מולר Muller,IL,יוגורט מולר פרופ אפרסק פסיפלורה 150 גרם,גרמים,150.00,100 גרם,false,1,5.50,3.6667,true,1,123148
7290102390489,false,יוגורט ביו עם קציפת לימון 3% שומן 150 ג' מולר,מולר Muller,IL,יוגורט מולר פרופ לימון 150 גרם,גרמים,150.00,100 גרם,false,1,5.50,3.6667,true,1,123149
7290102391844,false,יוגורט ביו עם קציפת פירות יער3% שומן 150 ג' מולר,מולר Muller,IL,יוגורט מולר פרופ פירות יער 150 גרם,גרמים,150.00,100 גרם,false,1,5.50,3.6667,true,1,123368
7290102392049,false,גבינה תבור לאפייה 5% 500 ג' צוריאל,מחלבת משק צוריאל,IL,משק צוריאל תבור 5% שומן גבינה מחלב בקר 500 גרם,גרמים,500.00,100 גרם,false,1,27.50,5.5000,true,1,123501
7290102392094,false,חלב עיזים 4.1% צוריאל 1 ל' קרטון,מילקו תעשיות בעמ,IL,חלב עיזים בקרטון 1 ליטר,ליטרים,1.00,ליטר,false,1,17.90,17.9000,true,1,123502
7290102392728,false,"יוגורט מולר ביו 2.8% נטורל 150מ""ל","טרה, פארק תעשיות בע""",IL,"מולייר, יוגורט bio 2.8% שומן",גרמים,200.00,100 גרם,false,1,4.20,2.1000,true,1,123777
7290102393039,false,מולר מיקס יוגורט קרמי בתוספת פצפוצי שוקולד 170 ג',קריות זול,IL,יוגורט מולר מיקס פצפוצי שוקולד 170 גרם,גרמים,170.00,100 גרם,false,1,6.50,3.8235,true,1,123950
7290102393060,false,מיקס יוגורט גליליות וופל קרם אגוזים 170 ג' מולר,קריות זול,IL,Muller mix גליליות קרם אגוזים,גרמים,170.00,100 גרם,false,1,6.50,3.8235,true,1,123951
7290102393169,false,סימפלי פרוט יוגורט תות 3% שומן 150 ג' מולר,מולר Muller,IL,מולר יוגורט ביו עם תות שדה 3% שומן 150 גרם,גרמים,150.00,100 גרם,false,1,5.50,3.6667,true,1,124327
7290102393176,false,סימפלי פרוט יוגורט אפרסק 3% שומן 150 ג' מולר,מילקו תעשיות בעמ,IL,יוגורט מולר סימפלי פרוט אפרסק 3% 150 גרם,גרמים,150.00,100 גרם,false,1,5.50,3.6667,true,1,124328
7290102393190,false,סימפלי פרוט פירות היער 3% שומן 150 ג' מולר,מילקו תעשיות בעמ,IL,Muller Simply fruit יוגורט BIO פירות יער,גרמים,150.00,100 גרם,false,1,5.50,3.6667,true,1,124329
7290102393299,false,יוגורט עיזים לשתייה 3% שומן 500 ג' צוריאל,מיוצר עי קוד יצרן HG,IL,יוגורט עיזים לשתייה 3% שומן - 500 גרם,מיליליטרים,500.00,"100 מ""ל",false,1,13.90,2.7800,true,1,124160
7290102393848,false,יוגורט עיזים ביו 2.4% תות צוריאל 150ג',משק צוריאל,IL,יוגורט עיזים עם תות,גרמים,150.00,100 גרם,false,1,6.90,4.6000,true,1,124505
7290102393855,false,יוגורט עיזים 2.5% אפרסק צוריאל 150ג',מחלבת משק צוריאל,IL,יוגורט עיזים אפרסק 150 גרם צוריאל,גרמים,150.00,100 גרם,false,1,6.90,4.6000,true,1,124506
7290102393947,false,סימפלי פרוט יוגורט בטעם קיווי 3% שומן 150 ג' מולר,מילקו תעשיות בעמ,IL,יוגורט מולר סימפלי פרוט קיווי 3% 150 גרם,גרמים,150.00,100 גרם,false,1,5.50,3.6667,true,1,124535
7290102394081,false,מולר מיקס יוגורט קרמי עם קורנפלקס מצופה שוקולד,מילקו תעשייה בעמ,IL,Muller mix קורנפלקס מצופה,גרמים,170.00,100 גרם,false,1,6.50,3.8235,true,1,124536
7290102394258,false,גבינת מה עז 9% שומן צוריאל 180 ג',מחלבת משק צוריאל,IL,משק צוריאל מה-עז מחלב עיזים 9% שומן 180 גרם,גרמים,180.00,100 גרם,false,1,24.90,13.8333,true,1,124729
7290102394463,false,נעם גבינה צהובה וואקום 28% 500גרם,Unknown,IL,"גבנצ 28% ואקום 500 ג' בד""צ",גרמים,500.00,100 גרם,false,1,31.90,6.3800,true,1,125433
7290102394821,false,נעם גבינה צהובה דק דק פ.ח 28% 200גר,מילקו תעשיות בעמ,IL,גבנצ 28% דק דק 200 ג',גרמים,200.00,100 גרם,false,1,17.90,8.9500,true,1,124886
7290102394845,false,פרוסות גבינת נעם מופחתת שומן 9%,מילקו תעשיות בעמ,IL,גבינה צהובה דק דק 9% נעם 200 גרם,גרמים,200.00,100 גרם,false,1,17.90,8.9500,true,1,124887
7290102395217,false,מאגדת שמיניה מולר במתיקות מעודנת 1.2% 8*150 ג',מולר Muller,IL,מאגדת ביאנקו במתיקות 2%שמיניה,קילוגרמים,1.20,"ק""ג",false,1,21.50,17.9167,true,1,125434
7290102395224,false,מארז 8 גביעים יוגורט ביו בטעם טבעי 1.7%,מולר Muller,IL,מאגדת 1/8 ביאנקו 1.7% נטורל,קילוגרמים,1.20,"ק""ג",false,1,19.90,16.5833,true,1,125375
7290102395231,false,מולר נטורל 2.8% ביאנקו מאגדת 8 יח' * 150 ג',מולר Muller,IL,מאגדת 1/8 ביאנקו 2.8% נטורל,קילוגרמים,1.20,"ק""ג",false,1,19.90,16.5833,true,1,125376
7290102395262,false,מארז 8 גביעים יוגורט בטעם תות שדה ואפרסק 3% Simply Fruit,מולר Muller,IL,מארז 1\8 סימפלי פרוט תות אפרסק,קילוגרמים,1.20,"ק""ג",false,1,32.90,27.4167,true,1,125478
7290102395422,false,נעם 22% שמנה גלבוע,,,נעם 22% שמנה גלבוע למעדניה,קילוגרמים,1.00,"ק""ג",true,,42.58,42.5800,true,1,3310
7290102395439,false,מארז 8 גביעים יוגורט בטעם פירות יער וקיווי 3% Simply Fruit,מילקו תעשיות בעמ,IL,מארז 1\8 סימפלי פרוט יער וקיוי,קילוגרמים,1.20,"ק""ג",false,1,32.90,27.4167,true,1,125479
7290102395446,false,מעדן חלב בטעם וניל עם קצפת 123 ג' טרה,טרה,IL,מעדן בטעם וניל קצפת,גרמים,123.00,100 גרם,false,1,3.30,2.6829,true,1,125436
7290102395477,false,מעדן חלב בטעם שוקולד עם קצפת 123 ג' טרה,Unknown,IL,מעדן בטעם שוקולד קצפת,גרמים,123.00,100 גרם,false,1,3.30,2.6829,true,1,125438
7290102395521,false,"שמנת לבישול 15% שומן 500 מ""ל טרה",מילקו תעשיות בעמ,IL,שמנת לבישול טרה 15% 500גרם,גרמים,500.00,100 גרם,false,1,16.90,3.3800,true,1,126302
7290102396580,false,מעדן שוקולד ומוס שוקולד 123 ג' טרה,טרה,IL,מעדן חלב ומוס בטעם שוקולד 118 גרם,גרמים,123.00,100 גרם,false,1,3.30,2.6829,true,1,126525
7290102396665,false,פרוסות גבינת נעם מופחתת שומן 15%,מילקו תעשיות בעמ,IL,גבנצ 15% דק דק 200 ג',גרמים,200.00,100 גרם,false,1,17.90,8.9500,true,1,127633
7290102396672,true,נעם דק דק 9% פתח סגו,מילקו תעשיות בעמ,IL,גבנצ 9% דק דק 360 ג',Unknown,0.00,Unknown,false,1,32.90,0.0000,true,1,135439
7290102396733,false,יוגורט מולר סימפלי פ,מילקו תעשיות בעמ,IL,יוגורט BIO עם פירות יער 0% שומן,גרמים,150.00,100 גרם,false,1,5.50,3.6667,true,1,35062
7290102396740,false,מארז 8 גביעים יוגורט בטעם תות שדה ואפרסק 0% Simply Fruit,מילקו תעשיות בעמ,IL,מארז 1/8 סימפלי פרוט 0% תות,קילוגרמים,1.20,"ק""ג",false,1,32.90,27.4167,true,1,126786
7290102397204,false,פרוסות גבינה 22% שומן 200 ג' נעם,מילקו תעשיות בעמ,IL,גבנצ 22% דק דק 200 ג',גרמים,200.00,100 גרם,false,1,17.90,8.9500,true,1,127634
7290102397334,false,גבינה בולגרית 5% צוריאל גליל 250ג',מחלבת משק צוריאל,IL,בולגרית 5% 250 גרם,גרמים,250.00,100 גרם,false,1,23.90,9.5600,true,1,128244
7290102397464,false,יוגורט ביו בתוספת גרעינים אגוזים וחמוציות 170 ג' מולר,מולר Muller,IL,מולר ביאנקו פלוס + פקאן וגרעינים,גרמים,168.00,100 גרם,false,1,6.50,3.8690,true,1,129194
7290102397600,false,מיקס יוגורט בתוספת שקדים ובוטנים מקורמלים 170 ג' מולר,מילקו תעשייה בעמ,IL,Muller mix שקדים ובוטנים בקרמל,גרמים,168.00,100 גרם,false,1,6.50,3.8690,true,1,128371
7290102397617,false,יוגורט ביו קרמי עם כדורים מצופים שוקולד חום לבן,מולר Muller,IL,Muller mix כדורי דגנים בציפוי שוקולד,גרמים,168.00,100 גרם,false,1,6.50,3.8690,true,1,128372
7290102397730,false,פרוסות גבינה אמנטל חצי קשה 30% שומן 200 ג' נעם,Unknown,IL,טרה נועם אמנטל פרוסות גבינה חצי קשה 30% 200 גרם,גרמים,200.00,100 גרם,false,1,18.90,9.4500,true,1,129356
7290102397747,false,פרוסות גבינת מוצרלה נעם מחלב בקר 22%,טרה,IL,"מוצרלה נעם 22% שומן, 200 גרם",גרמים,200.00,100 גרם,false,1,20.90,10.4500,true,1,129838
7290102397891,false,גבינת מותכת 18% צוריאל 100ג',משק צוריאל,IL,גבינה מותכת 100 גרם צוריאל,גרמים,100.00,100 גרם,false,1,7.90,7.9000,true,1,129197
7290102398058,false,חלב 3% שקית מהדרין פ,טרה,IL,חלב שקית 3%-1 ליטר מהדרין,ליטרים,1.00,ליטר,false,1,5.43,5.4300,true,1,129674
7290102398065,false,**חלב בקרטון 2 ליטר 3% מהדרין - טרה,Unknown,IL,טרה חלב בקרטון 2 ליטר 3% שומן,ליטרים,2.00,ליטר,false,1,12.46,6.2300,true,1,129495
7290102398072,false,**חלב בקרטון 1 ליטר 3% מהדרין,Unknown,IL,חלב בקרטון 1 ליטר 3% שומן,ליטרים,1.00,ליטר,false,1,6.23,6.2300,true,1,129494
7290102398294,false,יוגורט מולר פרופ מנג,טרה,IL,מנגו 0.9% 150 גרם Muller Froop,גרמים,150.00,100 גרם,false,1,5.50,3.6667,true,1,129820
7290102398331,false,חלב דל לקטוז 2% מועשר בויטמין D,טרה,IL,"טרה חלב מועשר דל לקטוז 2% שומן, 1 ליטר",ליטרים,1.00,ליטר,false,1,8.50,8.5000,true,1,129840
7290102398553,false,משקה חלב בטעם שוקו 2% XL אריזה משפחתית,מילקו תעשיות בעמ,IL,שוקו 1.5 ליטר בקבוק,ליטרים,1.50,ליטר,false,1,17.90,11.9333,true,1,33548
7290102398560,false,שוקו מעושר בבקבוק 1ל' טרה,מילקו תעשיות בעמ,IL,שוקו טרה מועשר בקבוק 1ליטר,ליטרים,1.00,ליטר,false,1,13.90,13.9000,true,1,11252
7290102398577,false,משקה חלב בטעם שוקו 2% בבקבוק אישי,מילקו תעשיות בעמ,IL,"שוקו250 מ""ל בקבוק",מיליליטרים,250.00,"100 מ""ל",false,1,6.50,2.6000,true,1,11255
7290102398614,false,משקה חלב בטעם בננה 1 ליטר טרה,מילקו תעשיות בעמ,IL,משקה חלב בטעם בננה 1 ליטר,ליטרים,1.00,ליטר,false,1,13.90,13.9000,true,1,11254
7290102398638,false,משקה חלב בטעם מוקה 1 ליטר טרה,מילקו תעשיות בעמ,IL,משקה חלב בטעם מוקה 1 ליטר,ליטרים,1.00,ליטר,false,1,13.90,13.9000,true,1,11253
7290102398669,false,משקה חלב עם קפה אייס קפוצ'ינו 1.5%,מילקו תעשיות בעמ,IL,"אייס קפוצ'ינו 1 ליטר בד""צ",ליטרים,1.00,ליטר,false,1,13.90,13.9000,true,1,23997
7290102398782,false,משקה סויה קלאסי צוריאל 1 ל',משק צוריאל,IT,משקה סויה קלאסי משק צוריאל,ליטרים,1.00,ליטר,false,1,12.50,12.5000,true,1,22979
7290102398799,false,משקה סויה במתיקות מופחתת 1 ליטר משק צוריאל,משק צוריאל,IT,משקה סויה במתיקות מופחתת,ליטרים,1.00,ליטר,false,1,12.50,12.5000,true,1,22981
7290102399048,false,פרוסות גבינת קשקבל נעם 200 ג' טרה,טרה,IL,קשקבל נעם פתיחה חוזרת - 200 גרם,גרמים,200.00,100 גרם,false,1,26.90,13.4500,true,1,13995
7290102399635,false,"מולר פרופ יוגורט ביו עם קציפת קוקוס ואננס 150 מ""ל",מולר Muller,IL,מולר פרופ TROPICAL קוקוס ואננס 3.9% שומן,גרמים,150.00,100 גרם,false,1,5.50,3.6667,true,1,23991
7290102399772,false,ממרח חמאת מולר ושמן לפתית במליחות עדינה,Molkerei Weihensteph,DE,ממרח חמאת Muller במליחות עדינה 250 גרם,גרמים,250.00,100 גרם,false,1,16.50,6.6000,true,1,27563
7290102399789,false,ממרח חמאת מולר ושמן לפתית ללא תוספת מלח,Molkerei Weihensteph,DE,ממרח חמאת Muller ללא מלח 250 גרם,גרמים,250.00,100 גרם,false,1,16.50,6.6000,true,1,27564
7290102399796,false,מעדן יוגורט לבן מועשר בחלבון 200 ג' מולר אקטיב,מולר Muller,IL,Muller Active יוגורט BIO מועשר חלבון,גרמים,200.00,100 גרם,false,1,6.50,3.2500,true,1,23987
7290102399802,false,יוגורט עם תות מולר אקטיב מועשר בחלבון 200 גר',מולר Muller,IL,Muller Active יוגורט תות מועשר חלבון 20 גרם,גרמים,200.00,100 גרם,false,1,6.50,3.2500,true,1,23990
7290102399819,false,יוגורט עם פירות יער מולר אקטיב מועשר בחלבון 200 גר',מולר Muller,IL,Muller Active יוגורט פירות יער מועשר חלבון 20 גרם,גרמים,200.00,100 גרם,false,1,6.50,3.2500,true,1,23989
7290102611836,false,להבונים 50 יח,,,נרות חימום,יחידה,1.00,יחידה,false,1,9.90,9.9000,true,1,123730
7290103120658,false,דאודורנט סטיק ג'ל לגבר Cool Night 24/7,הנסיך- מפעל לייצור ט,US,"ספיד סטיק 24/7 ג""ל שחור 85 גרם",גרמים,85.00,100 גרם,false,1,21.90,25.7647,true,1,123425
7290103124588,false,פלמוליב סבון נוזלי סגול משאבה 750 מל,הנסיך- מפעל לייצור ט,TR,"פלמוליב סבון נוזלי סגול משאבה 750 מ""ל",מיליליטרים,750.00,"100 מ""ל",false,1,21.90,2.9200,true,1,126864
7290103124601,false,"תחליב רחצה נוזל חלב ודבש משאבה 750מ""ל פלמוליב",הנסיך- מפעל לייצור ט,TR,"פלמוליב סבון נוזלי חלב ודבש 750 מ""ל",מיליליטרים,750.00,"100 מ""ל",false,1,21.90,2.9200,true,1,126198
7290103126797,false,משחת שיניים סנסיטיב פרו רליף Sensitive Pro - Reliefe,הנסיך- מפעל לייצור ט,BR,משחת שיניים סנסטיב פרו ריליף קולגייט 75 מל,מיליליטרים,75.00,"100 מ""ל",false,1,25.90,34.5333,true,1,124424
7290103128739,false,בלונס צימרוני אוזניים לתינוק 50 יח',הנסיך- מפעל לייצור ט,GR,בייבי בלונס מקלוני כותנה לתינוק 50 יח',מיליליטרים,0.00,"100 מ""ל",false,1,6.80,0.0000,true,1,125098
7290103129378,false,ספיד סטיק - דאודורנט ג'ל לגבר איקס 5 85 גרם,הנסיך- מפעל לייצור ט,BY,דאודורנט גל ספיד סטיק X5 85 גרם,גרמים,0.00,100 גרם,false,1,21.90,0.0000,true,1,125317
7290103129392,false,ליידי ספיד סטיק פרש פרח אינפיוזן,ליידי ספיד סטיק Lady Speed Stick,BY,ליידי ספיד סטיק פרש אינפיוזן 65 גר,גרמים,65.00,100 גרם,false,1,19.90,30.6154,true,1,125420
7290103129408,false,ליידי ספיד סטיק - דאודורנט סטיק לאישה פרש אסנס פריחת הפרדס 65 גרם,ליידי ספיד סטיק Lady Speed Stick,BY,ליידי ספיד סטיק פרש אינפיוזן 65 גר,גרמים,65.00,100 גרם,false,1,19.90,30.6154,true,1,125421
7290103129637,false,פדים קוסמטיים אובליים להסרת איפור,הנסיך- מפעל לייצור ט,GR,בלונס פדים אובליים להסרת איפור 40 יחידות,מיליליטרים,0.00,"100 מ""ל",false,1,8.90,0.0000,true,1,125727
7290103400194,false,כרוב לבן חתוך טעם הט,"טרופיקל דגיל בע""מ אז",IL,כרוב לבן 400 גרם בדצ שטופים שטראוס,גרמים,400.00,100 גרם,false,1,9.90,2.4750,true,1,123988
7290103400231,false,גזר גוליאן בדצ שטראו,"טרופיקל דגיל בע""מ אז",IL,גזר שטראוס טעם הטבע בדצ 400 גרם,גרמים,400.00,100 גרם,false,1,9.90,2.4750,true,1,123989
7290103400255,false,לקט לסלט קולסלאו בשקית,"טרופיקל דגיל בע""מ אז",IL,לקט לסלט קולסלאו 400 גר בדצ שטראוס,גרמים,400.00,100 גרם,false,1,12.90,3.2250,true,1,123990
7290103401429,false,עלית אוריגינס קצב ברזילאי 200ג,הנסיך- מפעל לייצור ט,IL,פלטינום ברזילאי 200 גרם,גרמים,200.00,100 גרם,false,1,27.90,13.9500,true,1,123626
7290103404758,false,כרוב אדום במיונז אחל,מיוצר עי קונדיטוריית,IL,כרוב 120,גרמים,120.00,100 גרם,false,1,5.50,4.5833,true,1,123526
7290103408206,false,עלי חסה ערבית שטופים,שטראוס בריאות ירקות,IL,עלי חסה בקופסא250 גר שטופים שטראוס,גרמים,250.00,100 גרם,false,1,10.90,4.3600,true,1,123934
7290103681173,false,"יין תבור הר קברנה סוביניון 750 מ""ל",מיוצר על ידי יקב תבו,IL,הר קברנה סוביניון יין אדום יבש 2016 מל,מיליליטרים,750.00,"100 מ""ל",false,1,46.90,6.2533,true,1,12992
7290103681180,false,"יין תבור הר מרלו 750 מ""ל",מיוצר על ידי יקב תבו,IL,הר מרלו 750 מל,מיליליטרים,750.00,"100 מ""ל",false,1,46.90,6.2533,true,1,12991
7290103681197,false,"יין תבור הר שיראז 750 מ""ל",מיוצר על ידי יקב תבו,IL,"יין שיראז  750 מ""ל סדרת הר",מיליליטרים,750.00,"100 מ""ל",false,1,46.90,6.2533,true,1,12990
7290103681210,false,"יין תבור הר יין שרדונה 2018 750 מ""ל",מיוצר על ידי יקב תבו,IL,תבור הר שרדונה 750 מל,מיליליטרים,750.00,"100 מ""ל",false,1,46.90,6.2533,true,1,12989
7290103681227,false,"יין תבור הר גיוורצטרמינר 750 מ""ל",מיוצר על ידי יקב תבו,IL,"יין גוורצטרמינר חצי מתוק 750 מ""ל סדרת הר",מיליליטרים,750.00,"100 מ""ל",false,1,46.90,6.2533,true,1,12993
7290103681241,false,יין תבור הר מוסקטו 7,תבור TABOR,IL,"תבור הר מוסקטו 750 מ""ל",מיליליטרים,750.00,"100 מ""ל",false,1,46.90,6.2533,true,1,14281
7290103681364,false,יין תבור קברנה סובינ,מיוצר על ידי יקב תבו,IL,תבור קברנה סוביניון 750 מל,מיליליטרים,750.00,"100 מ""ל",false,1,59.90,7.9867,true,1,12987
7290103681371,false,"יין מרלו 750 מ""ל סדר",מיוצר על ידי יקב תבו,IL,תבור מרלו 750 מל,מיליליטרים,750.00,"100 מ""ל",false,1,59.90,7.9867,true,1,12988
7290104061417,false,חומוס טחינה אחלה 400 ג',"שטראוס גרופ בע""מ",IL,סלט חומוס וטחינה 400 גרם,גרמים,400.00,100 גרם,false,1,12.20,3.0500,true,1,123770
7290104061431,false,חומוס אחלה עם צנובר 400 ג',"שטראוס גרופ בע""מ",IL,סלט חומוס וצנובר 400 גרם,גרמים,400.00,100 גרם,false,1,12.20,3.0500,true,1,123772
7290104061448,false,חומוס עם חריף 400 ג' אחלה,מיוצר עי קונדיטוריית,IL,חומוס חריף 400 גרם,גרמים,400.00,100 גרם,false,1,12.20,3.0500,true,1,123773
7290104065934,false,שטראוס עלי רוקט 150ג,שטראוס בריאות ירקות,IL,עלי רוקט 150 גרם שטופים שטראוס,גרמים,150.00,100 גרם,false,1,10.90,7.2667,true,1,339
7290104066566,false,טחינה שומשום מלא אחלה 500 גר',מיוצר עי קונדיטוריית,IL,טחינה 500 גרם,גרמים,500.00,100 גרם,false,1,15.60,3.1200,true,1,13992
7290104067679,false,טחינה אחלה 400 גרם,מיוצר עי קונדיטוריית,IL,טחינה 400,גרמים,400.00,100 גרם,false,1,10.90,2.7250,true,1,127673
7290104067693,false,אחלה חומוס עם חריף 150 גרם,מיוצר עי קונדיטוריית,IL,חומוס עם חריף 150 גרם,גרמים,150.00,100 גרם,false,1,5.90,3.9333,true,1,126052
7290104260940,false,שלישיית כובעי ניילון,,,שלישיית כובעי ניילון,יחידה,1.00,יחידה,false,1,14.90,14.9000,true,1,33149
7290104500572,false,אפרופו חטיף איטליאנו 50 ג' אסם,מיוצר עי קונדיטוריית,IL,אפרופו איטלקי 36*50גרם,גרמים,50.00,100 גרם,false,1,5.20,10.4000,true,1,124511
7290104503184,false,עוגת הבית שבת בראוניס שוק' ריבת חלב 380ג',מיוצר עי קונדיטוריית,IL,הבית עוגת שבת בראוניס ט.שקלד.ר.חלב8*380ג,גרמים,380.00,100 גרם,false,1,19.90,5.2368,true,1,3190
7290104504228,false,מארז אריזות מיני חטיף דובונים - 5 יח',"אסם השקעות בע""מ",IL,מארז מיני דובונים 20X5 גרם,גרמים,100.00,100 גרם,false,1,13.90,13.9000,true,1,124622
7290104508189,false,גביעי וופל ממותקים לגלידה 24 יח',בטר אנד דיפרנט,IL,אסם 24 גביעי גלידה ממותקים 12*95גרם,Unknown,0.00,Unknown,false,1,12.90,0.0000,true,1,124625
7290104508943,false,במבה אריזת חסכון 200 גרם,"אסם השקעות בע""מ",IL,במבה קלאסי 200 גרם,גרמים,200.00,100 גרם,false,1,9.90,4.9500,true,1,124752
7290104570513,false,תמר מג'הול 1 ק'ג בד',פרי וירק טמרה ושותפי,IL,"תמר מג""הול 1 ק""ג",קילוגרמים,1.00,"ק""ג",false,1,14.90,14.9000,true,1,36816
7290104720499,false,מארז 8 יחידות מעדן דני בטעם וניל 1.5%,מיוצר עי קונדיטוריית,IL,מארז 8 דני וניל,קילוגרמים,1.00,"ק""ג",false,1,16.90,16.9000,true,1,124108
7290104721533,false,רצועות פלפלים קלויים אחלה 400 ג',מיוצר עי קונדיטוריית,IL,פלפלים קלויים 400 גרם,גרמים,400.00,100 גרם,false,1,16.90,4.2250,true,1,124372
7290104721953,false,לקט סלט מסולסלים 7 סוגי עלים,תות תעשיות מזון (201,IL,לקט מסולסלים 350 גרם,גרמים,350.00,100 גרם,false,1,13.90,3.9714,true,1,124204
7290104722530,false,תפוצ'יפס בטעם שמנת ובצל,"שטראוס פריטו ליי בע""",IL,תפו שמנת בצל 200 גר 12 יח - שמיטה,גרמים,200.00,100 גרם,false,1,9.90,4.9500,true,1,124235
7290104726262,false,מארז 4 יחידות דני לשתייה בטעם שוקולד + קשים,מיוצר עי קונדיטוריית,IL,דני שלוק שוקולד רביעייה,גרמים,500.00,100 גרם,false,1,11.90,2.3800,true,1,124409
7290104726712,false,מארז 8 יחידות מעדן מילקי בטעם שוקולד עם קצפת,"שטראוס גרופ בע""מ",IL,מארז 8 מילקי בטעם שוקולד,קילוגרמים,1.06,"ק""ג",false,1,22.90,21.6038,true,1,124792
7290104728310,false,"שמנת עמידה לקצפת 38% שומן 250 מ""ל יוטבתה",מחלבת יטבתה,IL,שמנת להקצפה 38% מהדרין,מיליליטרים,250.00,"100 מ""ל",false,1,6.47,2.5880,true,1,124525
7290104729003,false,"יד מרדכי - שמן זית כתית מעולה 2 קלאסי 750 מ""ל",מכוורת יד מרדכי שטרא,IL,שמן זית כתית מעולה יד מרדכי,מיליליטרים,750.00,"100 מ""ל",false,1,34.90,4.6533,true,1,135531
7290104960970,false,דאודורנט ספריי טיטניום מטאל Titanium Metal,אמיליה קוסמטיקס בעמ,IL,"טיטניום דאודורנט ספריי מטאל 180 מ""ל",מיליליטרים,180.00,"100 מ""ל",false,1,18.90,10.5000,true,1,9706
7290104961205,false,"נקה 7 תחליב רחצה מגע קטיפה מ""לפפון קיווי 750 מ""ל",טרופיקל דגיל תעשיות,IL,"נקה 7 תחליב רחצה מלפפון וליים 750 מ""ל",מיליליטרים,750.00,"100 מ""ל",false,1,11.90,1.5867,true,1,124822
7290104961243,false,"נקה 7 תחליב רחצה מגע קטיפה קוקוס ליים 750 מ""ל",ג'נרל מילס סאן אדריא,IL,"נקה 7 תחליב רחצה קוקוס ויסמין 750 מ""ל",מיליליטרים,750.00,"100 מ""ל",false,1,11.90,1.5867,true,1,124823
7290104961250,false,"נקה 7 תחליב רחצה מגע קטיפה וניל מאסק 750 מ""ל",טרופיקל דגיל תעשיות,IL,"נקה 7 תחליב רחצה וניל ומאסק 750 מ""ל",מיליליטרים,750.00,"100 מ""ל",false,1,11.90,1.5867,true,1,124824
7290104961878,false,"שמפו לשיער קרטין אינטנס פורמולה 400 מ""ל נטורל",נטורל פורמולה Natural Formula,IL,קרטין אינטנס- שמפו לשיער,מיליליטרים,400.00,"100 מ""ל",false,1,29.90,7.4750,true,1,125410
7290104961885,false,מרכך קרטין טהור לשיער שעבר החלקה או עיצוב בחום,נטורל פורמולה Natural Formula,IL,קרטין אינטנס- מרכך לשיער,מיליליטרים,400.00,"100 מ""ל",false,1,29.90,7.4750,true,1,125411
7290104962073,false,דאודורנט ספריי גוף טיטניום גולד Titanium Gold,אמיליה קוסמטיקס בעמ,IL,"טיטניום דאודורנט ספריי גולד 180 מ""ל",מיליליטרים,180.00,"100 מ""ל",false,1,18.90,10.5000,true,1,9763
7290104962745,false,"סקינגארד - ספריי שקוף לעור בהיר מאוד 300 מ""ל SPF30",מיוצר עי : אמיליה קו,IL,"סקין גארד ספריי שקוף SPF30 300 מ""ל",מיליליטרים,300.00,"100 מ""ל",false,1,39.90,13.3000,true,1,3704
7290104963001,true,סופטקר מגבונים עדין,מיוצר עי טרופיקל דגי,IL,"סופט קייר מגבונים לחים בניחוח עדין, 4 יחידות במארז",יחידה,1.00,יחידה,false,1,19.90,19.9000,true,1,127250
7290104963018,true,סופטקר מגבונים ללא ב,מיוצר עי טרופיקל דגי,IL,סופטקר מגבונים לחים ללא בישום,Unknown,0.00,Unknown,false,1,19.90,0.0000,true,1,127251
7290104963216,false,סופטקר - אל סבון עדין לתינוק לעור רגיש 1 ליטר,קוסמופארם בע''מ,IL,סופטקר אל סבון עדין לתינוק 1 ליטר,ליטרים,1.00,ליטר,false,1,20.90,20.9000,true,1,128345
7290104963667,false,סופטקר 2 ב1 אלסבון ושמפו אלדמע 1ל',קוסמופארם בע''מ,IL,סופטקר 2 ב1 אל סבון ושמפו אלדמע,ליטרים,1.00,ליטר,false,1,20.90,20.9000,true,1,128346
7290104963711,false,"סופטקר שמפו אל דמע 770 מ""ל",גוד פוד פרודקטס S.p,IL,סופטקר שמפו אל דמע לעור רגיש 770 מל,לא מנהל יחידת מידה,0.00,לא מנהל יחידת מידה,false,1,18.90,0.0000,true,1,9276
7290104964701,false,קרם הגנה לגולשים SPF 50 עמיד במים לאורך זמן,מולינו ניקולי s.p.a,IL,סקין גארד קרם הגנה לגולשים SPF50,מיליליטרים,60.00,"100 מ""ל",false,1,39.90,66.5000,true,1,13652
7290104965647,false,קרליין דיאודורנט בנות רולאון סוויט קיס,מיוצר עי : אמיליה קו,IL,דאודורנט רול און בנות קרליין SWEET KISS,מיליליטרים,75.00,"100 מ""ל",false,1,13.90,18.5333,true,1,30414
7290105108272,true,מטריה מבוגרים,,,מטריה מבוגרים,יחידה,1.00,יחידה,false,1,39.90,39.9000,true,1,17300
7290105360250,false,קפסולות 09 עשיר וארומטי למכונת נספרסו עלית 10יח',הנסיך- מפעל לייצור ט,IL,קפסולות 09 למכונות NESPRESSO,גרמים,50.00,100 גרם,false,1,16.90,33.8000,true,1,125499
7290105360328,false,קפסולות אספרסו חזק למכונות נספרסו 10 יח',הנסיך- מפעל לייצור ט,IL,קפסולות 10 למכונות NESPRESSO,גרמים,50.00,100 גרם,false,1,16.90,33.8000,true,1,125487
7290105360335,false,קפסולות קפה אספרסו עדין וקטיפתי,הנסיך- מפעל לייצור ט,IL,קפסולות 07 למכונות NESPRESSO,גרמים,50.00,100 גרם,false,1,16.90,33.8000,true,1,125488
7290105360878,false,תפוצ'יפס מארז 4 יח' *50ג',"שטראוס פריטו ליי בע""",IL,מארז תפוציפס 50*4 גרם,גרמים,200.00,100 גרם,false,1,12.90,6.4500,true,1,8869
7290105362339,false,"שמנת לבישול 15% 250 מ""ל יטבתה מהדרין",מחלבת יטבתה,IL,"שמנת לבישול 15% מהדרין 250 מ""ל",מיליליטרים,250.00,"100 מ""ל",false,1,8.60,3.4400,true,1,125011
7290105363602,false,כיף כף - מקלות קלאסי 40 גרם,"איי, בי, אינבוו",TR,כיף כף מקלות קלאסי,גרמים,40.00,100 גרם,false,1,5.90,14.7500,true,1,125342
7290105364289,false,כיף כף - מקלות פצפוצים 40 גרם,"איי, בי, אינבוו",TR,כיף כף מקלות פצפוצים,גרמים,40.00,100 גרם,false,1,5.90,14.7500,true,1,125343
7290105364302,false,"עלית חטיף שוקולד כיף כף מקלות אגוזים, 40 גרם","איי, בי, אינבוו",TR,כיף כף מקלות אגוזים,גרמים,40.00,100 גרם,false,1,5.90,14.7500,true,1,125344
7290105364678,false,משקה אקטיביה בטעם אפרסק 1.3% שומן 265 ג' דנונה,מיוצר עי קונדיטוריית,IL,משקה אקטיביה אפרסק 1.2% בודד,מיליליטרים,250.00,"100 מ""ל",false,1,5.90,2.3600,true,1,124590
7290105366023,false,חציל אחלה בטעם כבד 400 גר' אחלה,מיוצר עי קונדיטוריית,IL,חציל בטעם כבד 400 גרם,גרמים,400.00,100 גרם,false,1,15.90,3.9750,true,1,124684
7290105366047,false,טחינה אחלה לבנה 400 גר',מיוצר עי קונדיטוריית,IL,טחינה לבנה 400 גר,גרמים,400.00,100 גרם,false,1,16.90,4.2250,true,1,124690
7290105366993,false,סימפוניה גבינה במרקם שמנת פלפל שיפקה חריף 5%,"שטראוס בריאות בע""מ",IL,סימפוניה פילפל שיפקה חריף,גרמים,200.00,100 גרם,false,1,11.90,5.9500,true,1,126047
7290105368331,false,מעדן מילקי בטעם תות עם קצפת,מחלבת אחיהוד,IL,מילקי בטעם תות,גרמים,133.00,100 גרם,false,1,3.00,2.2556,true,1,125084
7290105368904,false,"שמנת מתוקה להקצפה 32% שומן 250 מ""ל יוטבתה",מחלבת יטבתה,IL,שמנת מתוקה להקצפה 32% מהדרין-ח,מיליליטרים,250.00,"100 מ""ל",false,1,7.80,3.1200,true,1,125249
7290105368928,false,"שמנת 9% שומן 200 מ""ל יוטבתה",מחלבת יטבתה,IL,שמנת 9% 200 גר-מהדרין,גרמים,200.00,100 גרם,false,1,3.20,1.6000,true,1,125013
7290105369130,false,סימפוניה גבינה במרקם שמנת בצל ירוק 5%,"שטראוס בריאות בע""מ",IL,סימפוניה בצל ירוק 2022,גרמים,200.00,100 גרם,false,1,11.90,5.9500,true,1,125439
7290105430458,false,תחליב רחצה מועשר בשקדים וקרם לחות Naturals משאבה,הנסיך- מפעל לייצור ט,TR,"פלמוליב נטורלס תחליב רחצה חלב שקדים, 750 מל",מיליליטרים,750.00,"100 מ""ל",false,1,21.90,2.9200,true,1,125543
7290105431516,false,פרי חטיפי בריאות מארז 5 תמרים בוטנים,טבעית מוצרים מן הטבע,IL,"FREE חטיף תמרים ובוטנים, 5 חטיפים, 125 גרם",גרמים,125.00,100 גרם,false,1,16.90,13.5200,true,1,125544
7290105431868,false,"פלמוליב ספא קוקוס גרגרים 500 מ""ל",הנסיך- מפעל לייצור ט,TR,500 מל סבון נוזלי פלמוליב חלב קוקוס,מיליליטרים,500.00,"100 מ""ל",false,1,19.90,3.9800,true,1,3438
7290105433985,false,דאודורנט ספריי בריח פריחת הדובדבן 48h Fresh&essence,ליידי ספיד סטיק Lady Speed Stick,US,ליידיפרש אסנס סטיק דובדובן 65 גר,גרמים,65.00,100 גרם,false,1,19.90,30.6154,true,1,126235
7290105434050,true,ספיד סטיק ירוק רגולר,הנסיך- מפעל לייצור ט,US,דאודורנט ספיד סטיק רגולר 85 גרם,Unknown,0.00,Unknown,false,1,31.90,0.0000,true,1,135548
7290105434067,true,ספיד סטיק כחול אושיי,הנסיך- מפעל לייצור ט,US,דאודורנט ספיד סטיק אושן סרף 85 גרם,Unknown,0.00,Unknown,false,1,31.90,0.0000,true,1,135549
7290105436382,false,פריי חטיף תמרים וקשיו מארז 125ג',טבעית מוצרים מן הטבע,IL,מאגדת חטיף תמרים קשיו,גרמים,125.00,100 גרם,false,1,16.90,13.5200,true,1,126611
7290105438539,true,קוקי נייר אפיה 40 יח,אופל אריזות אלומיניו,IL,קוקי נייר אפייה 40 יחידות,Unknown,0.00,Unknown,false,1,8.90,0.0000,true,1,135551
7290105438546,true,נייר אפייה מתכלה קוק,סטודיו קוק,IL,קוקי נייר אפייה פרימיום 40 יחידות,Unknown,0.00,Unknown,false,1,9.90,0.0000,true,1,135552
7290105439581,false,חרדל דיז'ון צרפתי 370ג' מ.שף,סאס קווינור,FR,חרדל דיזיון צרפתי מאסטר שף 370 גרם,גרמים,370.00,100 גרם,false,1,11.90,3.2162,true,1,127990
7290105473950,false,יורוקיטי קופסה 5 קג,ביופט,IL,יורוקיטי מתגבש 5 קג בקרטון,קילוגרמים,5.00,"ק""ג",false,1,35.90,7.1800,true,1,832
7290105474018,false,לה קט פטה עוף 100 גר,,,לה קט פטה עוף 100 גרם,גרמים,100.00,100 גרם,false,1,4.90,4.9000,true,1,37990
7290105474025,false,לה קט פטה סלמון 100,,,לה קט פטה סלמון 100 גרם,גרמים,100.00,100 גרם,false,1,4.90,4.9000,true,1,37991
7290105500151,false,וודקה פינלנדיה בקבוק,"אלטיה קורפ, הלסינקי,",FI,"פינלנדיה 700 מ""ל",מיליליטרים,700.00,"100 מ""ל",false,1,74.90,10.7000,true,1,125177
7290105500236,false,וויסקי ג'ק דניאלס מס' 7 Brand No,ג'ק דניאלס Jack Daniel's,US,טנסי וויסקי,מיליליטרים,700.00,"100 מ""ל",false,1,124.90,17.8429,true,1,126503
7290105500953,false,"וויסקי ג'ק דניאלס דבש 700 מ""ל",ג'ק דניאל'ס,BE,ליקר טנסי דבש על בסיס ג'ק דניאל'ס,מיליליטרים,700.00,"100 מ""ל",false,1,124.90,17.8429,true,1,485
7290105501547,false,מארז וודקה גריי גוס,בקרדי מרטיני,FR,מארז גריי גוס 700 פלוס כוס,מיליליטרים,700.00,"100 מ""ל",false,1,139.90,19.9857,true,1,34150
7290105691224,false,פריכונים חטיפי טורטיה שום בצל 60 ג' אוסם,"מיוצר ע""י PT, משווק",IL,אסם חטיפי פריכונים טורטיה שום בצל 12*60ג,גרמים,60.00,100 גרם,false,1,7.90,13.1667,true,1,124793
7290105691248,false,פריכונים חטיפי טורטיה תירס 60 ג' אוסם,"מיוצר ע""י PT, משווק",IL,אסם חטיפי פריכונים טורטיה תירס 12*60גרם,גרמים,60.00,100 גרם,false,1,7.90,13.1667,true,1,124794
7290105691712,false,עוגיות הפסקת קפה חיטה מלאה אסם 230 גר',היינץ צפון אמריקה מק,IL,עוגיות הפסקת קפה דגנים מלאים 2,גרמים,230.00,100 גרם,false,1,11.90,5.1739,true,1,17935
7290105691897,false,קוסקוס פלוס עם קמח חיטה מלא,"מיוצר ע""י קוד יצרן K",IL,אסם קוסקוס עם חיטה מלאה 12*350גרם,גרמים,350.00,100 גרם,false,1,10.90,3.1143,true,1,17934
7290105691934,false,"קמח שמרים 1ק""ג אוסם",תאי פרזידנט פוד פאבל,IL,"קמח שמרים 1 ק""ג אסם",קילוגרמים,1.00,"ק""ג",false,1,10.80,10.8000,true,1,125261
7290105693341,false,במבה מארז 10 יח' * 25 ג' אסם,"אסם השקעות בע""מ",IL,מארז במבה 25*10 גרם,גרמים,250.00,100 גרם,false,1,15.90,6.3600,true,1,126066
7290105693457,false,עוגת הבית דמקה שוקו וניל 320 ג' אסם,מיוצר עי קונדיטוריית,IL,הבית עוגת דמקה שוקו וניל 8*320גרם,גרמים,320.00,100 גרם,false,1,15.90,4.9688,true,1,125015
7290105693952,false,פירורית זהב אסם זהב שומשום 200 ג',מיוצר עי קונדיטוריית,IL,פירורית זהב שומשום 200 גרם,גרמים,200.00,100 גרם,false,1,6.90,3.4500,true,1,125016
7290105695024,false,אסם פתיתים אפויים אורז עם אטריות 500 גר,"אסם השקעות בע""מ",IL,אסם פתיתים אפויים אורז עם אטריות 12*500ג,גרמים,500.00,100 גרם,false,1,6.90,1.3800,true,1,125360
7290105695321,false,עוגת שוקולד בראוניז פאדג' 380 ג',מיוצר עי קונדיטוריית,IL,הבית עוגת בראוניס פאדג' 8*380גרם,גרמים,380.00,100 גרם,false,1,19.90,5.2368,true,1,125110
7290105695895,false,עוגת הבית דמקה דבש 320ג',"אסם השקעות בע""מ",IL,הבית עוגת דמקה דבש 8*320גרם,גרמים,320.00,100 גרם,false,1,14.90,4.6563,true,1,125157
7290105856500,false,שמפו צמחי למניעת קשק,,,שמפו צמחי למניעת קשק,לא מנהל יחידת מידה,0.00,לא מנהל יחידת מידה,false,1,22.90,0.0000,true,1,10690
7290105857996,true,מרכך צמחי זרעי ענבים,,,מרכך צמחי זרעי ענבים,Unknown,0.00,Unknown,false,1,22.90,0.0000,true,1,9420
7290105858009,true,שמפו קלנדולה,,,שמפו קלנדולה,Unknown,0.00,Unknown,false,1,22.90,0.0000,true,1,9418
7290105858016,true,שמפו סירפד רוזמרין,,,שמפו סירפד רוזמרין,Unknown,0.00,Unknown,false,1,22.90,0.0000,true,1,9417
7290105962331,false,זחוק אדום תימני מקורי חריף מאוד,קריניסה ויטמין אס אי,IL,זחוק תימני חריף,גרמים,220.00,100 גרם,false,1,13.90,6.3182,true,1,125125
7290105962980,false,כרוב אדום במיונז 400 ג' אחלה,מיוצר עי קונדיטוריית,IL,כרוב אדום 400,גרמים,400.00,100 גרם,false,1,10.90,2.7250,true,1,127672
7290105962997,false,חצילים אחלה במיונז 400 גר',"שטראוס גרופ בע""מ",IL,חציל במיונז 400 גרם,גרמים,400.00,100 גרם,false,1,10.90,2.7250,true,1,127671
7290105963000,false,מטבוחה אחלה 400 גרם,מיוצר עי קונדיטוריית,IL,מטבוחה 400,גרמים,400.00,100 גרם,false,1,10.90,2.7250,true,1,127143
7290105964564,false,אחלה חומוס אחלה 400ג,מיוצר עי קונדיטוריית,IL,סלט חומוס אחלה 400 גרם,גרמים,400.00,100 גרם,false,1,8.90,2.2250,true,1,127936
7290105965738,false,יוגורט לשתיה בטעם תות בננה267 ג' דנונה,מיוצר עי קונדיטוריית,IL,"משקה יוגורט דנונה תות בננה 267מ""ל",מיליליטרים,267.00,"100 מ""ל",false,1,5.30,1.9850,true,1,126225
7290105966469,false,"חומץ בלסמי יד מרדכי 250מ""ל",אצטייה ג'וזפה קרמוני,IT,חומץ בלסמי יד מרדכי,מיליליטרים,250.00,"100 מ""ל",false,1,15.90,6.3600,true,1,125517
7290105968654,false,רביולי בטטה פרווה פסטה נונה 400 ג',מיוצר עי קונדיטוריית,IL,רביולי בטטה פרווה 400 EAT GOOD,גרמים,400.00,100 גרם,false,1,19.90,4.9750,true,1,125250
7290105968777,false,פריכיות עם תחתית שוקולד מריר 70 ג' אנרגי,"טחנת האבן תעשיות בע""",IL,פריכיות אנרגי תחתית ש.מריר OS,גרמים,70.00,100 גרם,false,1,8.90,12.7143,true,1,125610
7290106520066,false,רבע לשבע במילוי קרם אגוזים ובציפוי שוקולד חלב,הגביע מוצרי וופלים ב,IL,רבע לשבע (ירוק) 160 גר',גרמים,160.00,100 גרם,false,1,12.90,8.0625,true,1,125381
7290106520288,false,יוגורט פרו חלבון עם תות 2.4% שומן 150 ג' דנונה,"שטראוס בריאות בע""מ",IL,WOW יוגורט דנונה תות 150 גרם,גרמים,150.00,100 גרם,false,1,4.90,3.2667,true,1,127929
7290106520912,false,"שמנת לבישול 9% 250 מ""ל יטבתה",מחלבת יטבתה,IL,"שמנת לבישול 250 9% מ""ל",מיליליטרים,250.00,"100 מ""ל",false,1,8.60,3.4400,true,1,125636
7290106521049,false,קוביות סלק אחלה 400 גר',מיוצר עי קונדיטוריית,IL,קוביות סלק 400,גרמים,400.00,100 גרם,false,1,15.90,3.9750,true,1,125944
7290106524439,false,תפוצ'יפס טבעי פופס 60גר',"שטראוס פריטו ליי בע""",IL,תפו פופס 60 גר 40 יח,גרמים,60.00,100 גרם,false,1,3.90,6.5000,true,1,129764
7290106525320,false,אבקת שוקולית לאפייה קופסא 500ג' עלית,הנסיך- מפעל לייצור ט,IL,שוקולית לאפיה,גרמים,500.00,100 גרם,false,1,17.70,3.5400,true,1,126639
7290106526822,false,פריכיות אורז עם תחתית שוקולד חלב 80 ג' אנרגי,"טחנת האבן תעשיות בע""",IL,פריכיות אנרגי תחתית שוקולד 80 גרם,גרמים,80.00,100 גרם,false,1,8.90,11.1250,true,1,126067
7290106528567,false,דוריטוס גריל עלית 185 ג',הנסיך- מפעל לייצור ט,IL,דוריטוס גריל 185 גר 12 יח,גרמים,185.00,100 גרם,false,1,8.00,4.3243,true,1,128117
7290106528628,false,דוריטוס טבעי עלית 185 ג',"שטראוס פריטו ליי בע""",IL,דוריטוס טבעי 185 גרם,גרמים,185.00,100 גרם,false,1,8.00,4.3243,true,1,128118
7290106528949,false,סלט ערוגות טעם הטבע,שטראוס בריאות ירקות,IL,לקט ערוגות 450 גרם שטופים שטראוס,גרמים,450.00,100 גרם,false,1,13.90,3.0889,true,1,126408
7290106571921,false,עוגיות פיטנס עוגיות חמוציות 180 גר',מיוצר עי קונדיטוריית,IL,פיטנס עוגיות חמוציות 12*180גרם,גרמים,180.00,100 גרם,false,1,12.80,7.1111,true,1,126371
7290106572027,false,אוסם - לחמית חמישה דגנים 190 גרם,"אסם השקעות בע""מ",IL,לחמית חמישה דגנים 12*190גרם,גרמים,190.00,100 גרם,false,1,10.90,5.7368,true,1,125378
7290106572065,false,אוסם - חטיפי טורטיה תירס חמוץ מתוק 60ג,"מיוצר ע""י PT, משווק",IL,אסם חטיפי פרכ.טורטיה תר.חמוץ מתוק 12*60ג,גרמים,60.00,100 גרם,false,1,7.90,13.1667,true,1,125373
7290106573086,false,קוסקוס בינוני אמיתי 350X2ג' אסם,"מיוצר ע""י קוד יצרן K",IL,אסם קוסקוס אמיתי קדמ.מארז זוגות12 2*350ג,גרמים,700.00,100 גרם,false,1,10.90,1.5571,true,1,125871
7290106573314,false,אוסם - קריספי טאפאס כפרי 150 גרם,מיוצר עי קונדיטוריית,IL,אסם קריספי טאפאס כפרי 8*150גרם,גרמים,150.00,100 גרם,false,1,12.90,8.6000,true,1,125995
7290106573598,false,צבר חומוס לבנוני 400גרם,סלטי צבר,IL,צבר חומוס לבנוני 12*400גרם,גרמים,400.00,100 גרם,false,1,12.90,3.2250,true,1,125688
7290106573642,false,צבר חומוס צנובר 400גרם,סלטי צבר,IL,צבר חומוס צנובר 12*400גרם,גרמים,400.00,100 גרם,false,1,12.90,3.2250,true,1,125690
7290106574793,false,עוגת הבית שוקו שוקוצ''יפס 350 ג' אסם,מיוצר עי קונדיטוריית,IL,הבית עוגת שוקו שוקוציפס 8*350גרם,גרמים,350.00,100 גרם,false,1,15.90,4.5429,true,1,125822
7290106574953,false,בייגלה שטוחים כעכים שטוחים עם שומשום,מיוצר עי קונדיטוריית,IL,אסם בייגלה שטוחים שומשום 9*300גרם,גרמים,300.00,100 גרם,false,1,11.90,3.9667,true,1,125823
7290106574977,false,בייגלה שטוחים כעכים שטוחים עם מלח,מיוצר עי קונדיטוריית,IL,אסם בייגלה שטוחים עם מלח 9*300גרם,גרמים,300.00,100 גרם,false,1,11.90,3.9667,true,1,125824
7290106575257,false,עוגת הבית סופלה בטעם שוקולד 340 ג' אסם,מיוצר עי קונדיטוריית,IL,הבית עוגת סופלה בטעם שוקולד 8*340גרם,גרמים,340.00,100 גרם,false,1,15.90,4.6765,true,1,125946
7290106575431,false,עוגת הבית סופלה בטעם שוקוניל 340 ג' אסם,מיוצר עי קונדיטוריית,IL,הבית עוגת סופלה בטעם שוקו וניל 8*340גרם,גרמים,340.00,100 גרם,false,1,15.90,4.6765,true,1,125947
7290106576223,false,אפרופו מצופה שוקולד 40 ג',מיוצר עי קונדיטוריית,IL,אפרופו שוקולד 36*40גרם,גרמים,40.00,100 גרם,false,1,5.20,13.0000,true,1,128614
7290106576513,false,סלט חומוס צבר 400 גר,סלטי צבר,IL,סלט חומוס צבר 400 גרם,גרמים,400.00,100 גרם,false,1,11.90,2.9750,true,1,125960
7290106576797,false,"לה קרמריה גלידת וניל איטלקי כשל""פ 1.4ל'",תות תעשיות מזון (201,IL,לה קרמריה וניל איטלקי בדצ 6*1.4ליטר,ליטרים,1.40,ליטר,false,1,21.90,15.6429,true,1,126094
7290106576810,false,גלידה לה קרמריה ריבת חלב 1.4 ל' נסטלה,המאפיה של הרמן,IL,לה קרמריה ריבת חלב חתס.כלפ.6*1.4ל,ליטרים,1.40,ליטר,false,1,21.90,15.6429,true,1,126095
7290106576834,false,גלידה לה קרמריה פונטש בננה1.4 ל' נסטלה,תות תעשיות מזון (201,IL,גלידה לה קרמריה פונטש בננה 1.4 ליטר,ליטרים,1.40,ליטר,false,1,21.90,15.6429,true,1,126100
7290106576858,false,גלידה לה קרמריה תותים בשמנת 1.4 ל' נסטלה,המאפיה של הרמן,IL,לה קרמריה תותים בשמנת כלפ.6*1.4ליטר,ליטרים,1.40,ליטר,false,1,21.90,15.6429,true,1,126097
7290106576957,false,"לה קרמריה גלידת שוקו וניל פליק פרווה כשל""פ 1.4",תות תעשיות מזון (201,IL,לה קרמריה שוקו וניל פליק פרווה בדצ6*1.4ל,לא מנהל יחידת מידה,0.00,לא מנהל יחידת מידה,false,1,21.90,0.0000,true,1,126104
7290106576971,false,גלידה לה קרמריה שוקולד בלגי 1.4 ל' נסטלה,תות תעשיות מזון (201,IL,לה קרמריה גלידת שוקולד 6*1.4ל,ליטרים,1.40,ליטר,false,1,21.90,15.6429,true,1,126096
7290106576995,false,גלידה סורבה לה קרמריה תות מנגו לייט 1.4 ל' נסטלה,המאפיה של הרמן,IL,לה קרמריה סורבה לייט תות מנגו 6*1.4ליטר,ליטרים,1.40,ליטר,false,1,21.90,15.6429,true,1,126101
7290106577039,false,גלידה לה קרמריה שוקו וניל פליק 1.4 ל' נסטלה,תות תעשיות מזון (201,IL,לה קרמריה שוקו וניל פליק חלבי בדצ 6*1.4ל,לא מנהל יחידת מידה,0.00,לא מנהל יחידת מידה,false,1,21.90,0.0000,true,1,126098
7290106577503,false,צבר חציל במיונז 400ג,סלטי צבר,IL,צבר חציל במיונז מרובע 6*400גרם,גרמים,400.00,100 גרם,false,1,13.90,3.4750,true,1,125988
7290106577527,false,סלט קולסלאו כרוב לבן וגזר 400 ג' צבר,סלטי צבר,IL,צבר קולסלו מרובע 6*400גרם,גרמים,400.00,100 גרם,false,1,13.90,3.4750,true,1,125989
7290106577541,false,כרוב אדום מרובע 400 ג' צבר,סלטי צבר,IL,צבר כרוב אדום מרובע 6*400גרם,גרמים,400.00,100 גרם,false,1,13.90,3.4750,true,1,125990
7290106577572,false,צבר מטבוחה מרובע 400גרם,סלטי צבר,IL,צבר מטבוחה מרובע 6*400גרם,גרמים,400.00,100 גרם,false,1,13.90,3.4750,true,1,125991
7290106578692,false,אוסם - במבה ביסלי מיקס 80 גרם,פרו מן יו פתרונות אר,IL,במבה ביסלי מיקס 36*80גרם,גרמים,80.00,100 גרם,false,1,5.90,7.3750,true,1,126311
7290106578821,false,הבית עוגת שמרים קלאסית בטעם שוקולד 350גר.,מיוצר עי קונדיטוריית,IL,הבית עוגת שמרים שוקולד קלאסית 8*350ג,גרמים,350.00,100 גרם,false,1,19.90,5.6857,true,1,126326
7290106653689,false,לקט לסלט בסגנון אסייתי,שטראוס בריאות ירקות,IL,לקט לסלט אסייתי 350 שטראוס גרם,גרמים,350.00,100 גרם,false,1,13.90,3.9714,true,1,129292
7290106658479,false,עלית וופל בטעם טורטית אגוזים 360גר,"שטראוס גרופ בע""מ",IL,טורטית מגדים 40 גרם,גרמים,40.00,100 גרם,false,1,4.50,11.2500,true,1,128382
7290106662025,false,תפוצ'יפס טבעי מלח פלפל 50 ג',"שטראוס פריטו ליי בע""",IL,תפו מלח פלפל 50 גר 48 יח - שמיטה,גרמים,50.00,100 גרם,false,1,3.90,7.8000,true,1,129150
7290106663091,false,לאבנה טבעי 9% שטראוס 500ג',הדקלאים אגודת שיתופי,IL,לאבנה 9% 500 גרם,גרמים,500.00,100 גרם,false,1,17.90,3.5800,true,1,127802
7290106663121,false,מילקי cake עוגה אישית 34 גרם,בובארד איטליה אס.פי.,IT,עוגת מילקי CAKE אישית 34 גרם,גרמים,34.00,100 גרם,false,1,3.90,11.4706,true,1,127441
7290106664067,false,לאבנה עם שמן זית וזעתר 10% שטראוס 400 ג',הדקלאים אגודת שיתופי,IL,גבינת לאבנה 10% שמן זית וזעתר 400 גרם,גרמים,400.00,100 גרם,false,1,17.90,4.4750,true,1,127801
7290106664562,false,רוטב שמנת עם פטריות 9% שומן 258 ג' יוטבתה,מחלבת יטבתה,IL,רוטב שמנת 9% עם פטריות 250 מל,מיליליטרים,250.00,"100 מ""ל",false,1,11.90,4.7600,true,1,127141
7290106667266,false,דוריטוס חמוץ חריף עלית 185 ג',הנסיך- מפעל לייצור ט,IL,דוריטוס חמוץ חריף 185 גרם,גרמים,185.00,100 גרם,false,1,8.00,4.3243,true,1,128115
7290106668577,false,"מיץ לימון טבעי יד מרדכי 250 מ""ל",האי נאם סי או אל.טי.,IT,"מיץ לימון טבעי 250 מ""ל",מיליליטרים,250.00,"100 מ""ל",false,1,8.90,3.5600,true,1,127380
7290106668713,false,יוגורט עם פירות יער 3% שומן 150 ג' דנונה,מיוצר עי קונדיטוריית,IL,דנונה פירות יער 3%,גרמים,150.00,100 גרם,false,1,3.90,2.6000,true,1,127629
7290106669857,false,קפסולות 06 אספרסו בטעם וניל עלית 10יח',הנסיך- מפעל לייצור ט,IL,קפסולות אספרסו וניל 50 גרם,גרמים,50.00,100 גרם,false,1,16.90,33.8000,true,1,129078
7290106720626,false,צ'יטוס קראנצ' בטעם גבינה - חלבי,"שטראוס פריטו ליי בע""",IL,ציטוס גבינה 80 גר 48 יח רבנות,גרמים,80.00,100 גרם,false,1,4.90,6.1250,true,1,129268
7290106721913,false,מסטיק מאסט MUST ללא סוכר בטעם מנטה מרעננת,"שטראוס גרופ בע""מ",IL,"צנצנת מאסט מנטה מרעננת לל""ס 66 גרם",גרמים,66.00,100 גרם,false,1,9.90,15.0000,true,1,127293
7290106721920,false,צנצנת מסטיק מאסט בטעם ספירמינט עדין 66 ג' עלית,"שטראוס גרופ בע""מ.",IL,"צנצנת ספירמינט לל""ס 66 גרם",גרמים,66.00,100 גרם,false,1,9.90,15.0000,true,1,127294
7290106723689,false,עלי תרד בייבי שטראוס,שטראוס בריאות ירקות,IL,עלי תרד בייבי שטראוס 200 גרם,גרמים,200.00,100 גרם,false,1,12.90,6.4500,true,1,491
7290106725867,false,"סירופ מייפל טהור 189 מ""ל יד מרדכי",קוסלסי פוד,CA,"סירופ מייפל טבעי 189 מ""ל",מיליליטרים,189.00,"100 מ""ל",false,1,32.90,17.4074,true,1,127795
7290106726178,false,יוגורט PRO עם פירות יער 2.4% 10 גרם חלבון בגביע,מיוצר עי קונדיטוריית,IL,WOW יוגורט דנונה פירות יער 150 גרם,גרמים,150.00,100 גרם,false,1,4.90,3.2667,true,1,127798
7290106727984,false,כיף כף פצפוצים ושוקולד 135 ג',שולן צ'יקולטה גידה ס,TR,גביע פצפצים 135 ג' 2016,גרמים,135.00,100 גרם,false,1,13.90,10.2963,true,1,128655
7290106772472,false,ממרח שוקולד בלגה 350 גר',"אלמנדוס בע""מ",IL,BELGA ממרח פרווה בדצ 350 גרם בצנצנת,גרמים,350.00,100 גרם,false,1,13.90,3.9714,true,1,34864
7290106775053,false,מחית נוגט פרווה אלמנ,"אלמנדוס בע""מ",IL,מחית נוגט פרווה אלמנדוס 400 גרם,גרמים,400.00,100 גרם,false,1,24.90,6.2250,true,1,34865
7290107280020,false,מטליות לחות סנו סושי לניקוי כללי שלישיה *50 יח',טרופיקל דגיל- תעשיות,IL,שלישיה מטליות לחות לניקוי כללי,לא מנהל יחידת מידה,0.00,לא מנהל יחידת מידה,false,1,25.60,0.0000,true,1,125762
7290107280075,true,תבניות אלומיניום לאפ,מיוצר עי קונדיטוריית,CN,"סנו סושי, תבניות אלומיניום מידה L, 130 גרם",Unknown,0.00,Unknown,false,1,9.80,0.0000,true,1,10365
7290107280099,false,מגבוני טואלט לחים סנו סופט שלישייה * 48 יח',טרופיקל דגיל- תעשיות,IL,"סנו סופט מגבוני טואלט לחים, מארז שלישייה",Unknown,0.00,Unknown,false,1,19.90,0.0000,true,1,9782
7290107280341,false,ריצפז מטליות לחות לניקוי הרצפה בניחוח מלון מפנק,"סנו מפעלי ברונוס סע""",IL,ריצפז מטליות לחות מלון מפנק,יחידה,1.00,יחידה,false,1,14.90,14.9000,true,1,21888
7290107280563,false,אוקסיג'ן ג'ל לכביסה בייבי 3ל',"איי, בי, אינבוו",IL,אוקסיג'ן ביי,ליטרים,3.00,ליטר,false,1,34.60,11.5333,true,1,126709
7290107280570,false,סנו - מקסימה ג'ל כביסה מרוכז לכביסה צבעונית 3 ליטר,מיוצר עי קונדיטוריית,IL,ג'ל כביסה 3 ל' MIX&WASH לכביסה צבעונית,ליטרים,3.00,ליטר,false,1,29.90,9.9667,true,1,126710
7290107280600,false,טבליות למדיח סנו ספארק 100 טבליות במארז,גרופה אינקו,PL,"סנו ספארק, טבליות למדיח, 2000 גרם",לא מנהל יחידת מידה,1.50,לא מנהל יחידת מידה,false,1,56.90,37.9333,true,1,129904
7290107280709,false,"סנו ספארק נוזל הברקה למדיח 700 מ""ל","סנו מפעלי ברונוס בע""",IL,נוזל להברקה 700 מל SPARK,מיליליטרים,900.00,"100 מ""ל",false,1,16.90,1.8778,true,1,9796
7290107280716,true,מלח למדיח,"מלח הארץ אילת בע""מ",IL,סנו ספארק מלח למדיח 2 קג,קילוגרמים,2.00,"ק""ג",false,1,12.90,6.4500,true,1,10362
7290107280723,false,נוזל לניקוי כלים סנו ספארק Spark בניחוח לימון רענן,סנו כימיקלים,IL,סנו ספארק נוזל לניקוי כלים בניחוח לימון רענן,מיליליטרים,700.00,"100 מ""ל",false,1,9.90,1.4143,true,1,126898
7290107280730,false,נוזל לניקוי כלים סנו ספארק Spark בניחוח לבנדר,מיוצר עי קונדיטוריית,IL,סנו נוזל לניקוי כלים בניחוח לבנדר עדין 700 מל,מיליליטרים,700.00,"100 מ""ל",false,1,9.90,1.4143,true,1,126899
7290107280747,false,נוזל לניקוי כלים סנו ספארק Spark קלאסי,סנו כימיקלים,IL,סנו ספארק נוזל לניקוי כלים קלאסי,מיליליטרים,700.00,"100 מ""ל",false,1,9.90,1.4143,true,1,126900
7290107280754,false,נוזל כלים סנו ספארק Spark היפואלרגני פריחת השקד,סנו,IL,נוזל כלים ספארק שקד 700 מל,מיליליטרים,700.00,"100 מ""ל",false,1,9.90,1.4143,true,1,126901
7290107280761,false,נוזל לניקוי כלים בניחוח לימון רענן סנו ספארק Spark,מיוצר עי קונדיטוריית,IL,ספארק משאבה לימון 1ל,ליטרים,1.00,ליטר,false,1,11.90,11.9000,true,1,126913
7290107602099,false,כובע סרוג צבעים,אודס,,כובע סרוג צבעים,יחידה,1.00,יחידה,false,1,24.90,24.9000,true,1,126593
7290107645584,false,אבקת מרק עוף אמיתי רכיבים טבעיים 400 גרם - רבנות,יוניליוור ישראל מזון,IL,קנור מרק עוף אמיתי 100% רכיבים טבעיים 400 גרם,גרמים,400.00,100 גרם,false,1,21.90,5.4750,true,1,10639
7290107645591,false,אבקת מרק בטעם עוף 100% רכיבים טבעיים 400 גרם,יוניליוור ישראל מזון,IL,קנור מרק טעם עוף 100% רכיבים טבעיים 400 גרם,גרמים,400.00,100 גרם,false,1,16.90,4.2250,true,1,10170
7290107646154,false,חטיף דגנים קוקומן פצפוצים טעם שוקו שישיה* 21 ג',יוניליוור ישראל מזון,IL,"קוקומן חטיף פצפוצי דגנים בטעם שוקולד, 126 גרם",גרמים,126.00,100 גרם,false,1,15.90,12.6190,true,1,8839
7290107646383,false,מטליות לחות לרצפות לימון סיף מארז 10יח',עלבד משואות יצחק בעמ,IL,מטליות לחות לניקוי רצפה לימון סיף,גרמים,676.00,100 גרם,false,1,13.90,2.0562,true,1,129489
7290107646833,false,חטיף שוגי שוקולד לבן וחלב מארז 6 יח' * 23 ג',יוניליוור ישראל מזון,IL,חטיף שוגי שוקולד לבן וחלב שישייה 138 גרם,גרמים,138.00,100 גרם,false,1,15.90,11.5217,true,1,8841
7290107646895,false,קנור - רוטב פסטה נפוליטנה 415 גרם חתם סופר,קונסורזיו קאסאלאסקו,IT,נפוליטנה - רוטב עגבניות לפסטה,גרמים,415.00,100 גרם,false,1,14.90,3.5904,true,1,129630
7290107646918,false,רוטב עגבניות ופלפלים לשקשוקה 415 ג' קנור,קונסורזיו קאסאלאסקו,IT,שקשוקה- רוטב עגבניות מרוכז ומתובל,גרמים,415.00,100 גרם,false,1,14.90,3.5904,true,1,129629
7290107647359,false,דומסטוס סבון אסלה 5 הפועלות בניחות אוקיינוס 3 יח' * 55 ג',יוניליוור פולין,PL,סבון לאסלה 5 פעולות דומסטוס שלישייה,גרמים,0.00,100 גרם,false,1,24.90,0.0000,true,1,129871
7290107647366,false,דומסטוס סבון אסלה 5 הפועלות בניחות ליים 3 יח' * 55 ג',יוניליוור פולין,PL,סבון לאסלה 5 פעולות דומסטוס שלישייה,גרמים,0.00,100 גרם,false,1,24.90,0.0000,true,1,129869
7290107647823,false,תלמה ברנפלקס 500 גרם,יוניליוור ישראל מזון,IL,ברנפלקס בדצ500 גרם,גרמים,500.00,100 גרם,false,1,25.90,5.1800,true,1,129580
7290107648943,false,ברנפלקס קרנצים מייפל 375 ג' תלמה,יוניליוור שפע ישראל,IL,תלמה דגני בוקר ברנפלקס קרנצ'ים בטעם מייפל 375 גרם,גרמים,375.00,100 גרם,false,1,25.90,6.9067,true,1,9203
7290107648974,true,רוטב עגבניות עם בזיל,קונסורזיו קאסאלאסקו,IL,רוטב עגבניות עם בזיליקום לפסטה 415 גרם,גרמים,415.00,100 גרם,false,1,14.90,3.5904,true,1,12110
7290107648981,false,רוטב עגבניות קלאסי פומודורו 415 ג' קנור,מיוצר עי קונסורזייו,IT,רוטב פומדורו קנור 415 גרם,גרמים,415.00,100 גרם,false,1,14.90,3.5904,true,1,9921
7290107871297,false,אוסם - מיני פריכונים עשבי תיבול 25 גרם,"מיוצר ע""י PT, משווק",IL,אסם פריכונים מיני עשבי תיבול 16*23גרם,גרמים,25.00,100 גרם,false,1,4.50,18.0000,true,1,126915
7290107871532,false,מאגדת קרחונים דובדבן מלון 10 יח' נסטלה,גלידות נסטלה (נגה גל,IL,נסטלה מאגדת קרח דובדבן מלון 7 10*75גרם,גרמים,750.00,100 גרם,false,1,16.90,2.2533,true,1,126992
7290107871990,false,פסטה צינורות 500 ג' אסם,פסטה זארה,IT,אסם פסטה צינורות איטלקי 12*500גרם,גרמים,500.00,100 גרם,false,1,6.90,1.3800,true,1,126669
7290107874441,false,פריכונים מיני בצל מקורמל אסם 25ג',"מיוצר ע""י PT, משווק",IL,אסם פריכונים מיני בצל מקורמל 16*23גרם,גרמים,25.00,100 גרם,false,1,4.50,18.0000,true,1,126916
7290107874502,false,ביסלי גריל מארז 4 יח' * 55 ג' אסם,מיוצר עי קונדיטוריית,IL,ביסלי גריל קדמ. מארז אחיד 10 4*55גרם,גרמים,22000.00,100 גרם,false,1,12.90,0.0586,true,1,127333
7290107875158,false,במבה קלאסי מארז 4 יח' *60ג' אסם,מיוצר עי קונדיטוריית,IL,במבה קלאסי מארז 4 יח 60 גרם,גרמים,240.00,100 גרם,false,1,13.90,5.7917,true,1,126998
7290107875271,true,מארז ביסלי ברביקיו,מיוצר עי קונדיטוריית,IL,ביסלי ברביקיו קדמ.מארז אחיד 10 4*55גרם,גרמים,220.00,100 גרם,false,1,12.90,5.8636,true,1,135813
7290107875400,false,גלידה לה קרמריה פיסטוק מוקה 1.4 ל' נסטלה,המאפיה של הרמן,IL,לה קרמריה פיסטוק מוקה פרווה בדצ6*1.4ליטר,ליטרים,1.40,ליטר,false,1,21.90,15.6429,true,1,126874
7290107875820,false,קרוטונים אפויים בתיבול ביתי אוסם 180 ג',עינת תעשיות מזון,IL,אסם קרוטונים אפויים בתיבול ביתי 12*180ג,גרמים,180.00,100 גרם,false,1,12.90,7.1667,true,1,127087
7290107879132,false,פריכיות פיטנס מיני פריכיות שוקולד חלב 22 ג',CA,IL,פיטנס מיני פריכיות שוקולד חלב 40*22גרם,גרמים,22.00,100 גרם,false,1,5.40,24.5455,true,1,128826
7290107879521,false,קרחוני לה פרוטה La Frutta תות שדה - 5 יח',גלידות נסטלה Nestle,IL,לה פרוטה מאגדת תות 8 5*70גרם,גרמים,350.00,100 גרם,false,1,24.90,7.1143,true,1,128097
7290107879569,false,קרחון לה פרוטה שרבט מנגו מאגדת 5יח',גלידות נסטלה Nestle,IL,לה פרוטה מאגדת מנגו 8 5*70גרם,גרמים,350.00,100 גרם,false,1,24.90,7.1143,true,1,128098
7290107931397,false,כיף כף פצפוצים ביסקוויט 40ג',שולן צ'יקולטה גידה ס,TR,כיף כף פצפצים,גרמים,40.00,100 גרם,false,1,5.90,14.7500,true,1,128222
7290107932080,false,חלב בבקבוק 3% שומן 1 ל' יוטבתה,מחלבת יטבתה,IL,חלב בקבוק 3% מועשר 1 ליטר,ליטרים,1.00,ליטר,false,1,7.90,7.9000,true,1,127761
7290107932134,false,חלב בבקבוק 1% שומן 1 ל' יוטבתה,מחלבת יטבתה,IL,חלב בקבוק 1% מועשר 1 ליטר,ליטרים,1.00,ליטר,false,1,7.90,7.9000,true,1,127762
7290107933155,false,לקט סלנובה טעם הטבע,שטראוס בריאות ירקות,IL,לקט סלנובה ירקות 200גר שטופים שטראוס,גרמים,200.00,100 גרם,false,1,12.90,6.4500,true,1,128052
7290107933315,false,יטבתה חלב בבקבוק ד.ל,מחלבת יטבתה,IL,חלב בבקבוק דל לקטוז 2%- מהדרין,ליטרים,1.00,ליטר,false,1,7.90,7.9000,true,1,127764
7290107933643,false,"משקה יטבתה חלב ודגנים ובננה 250מ""ל",מחלבת יטבתה,IL,"ארוחה קטנה בבקבוק בננה לל""ג",מיליליטרים,250.00,"100 מ""ל",false,1,5.00,2.0000,true,1,128109
7290107934473,true,מארז אקטיביה 1.5%,מיוצר עי קונדיטוריית,IL,מארז 8 אקטיביה 1.5%,Unknown,0.00,Unknown,false,1,19.90,0.0000,true,1,135826
7290107936309,false,דנונה יוגורט 7% יווני לבן 130 ג',"שטראוס בריאות בע""מ",IL,דנונה יוגורט יווני לבן,גרמים,130.00,100 גרם,false,1,3.40,2.6154,true,1,128774
7290107936460,false,מארז 8 יח' דנכול משקה יוגורט בטעם מעודן,מיוצר עי קונדיטוריית,IL,מארז 8 דנכול בטעם מעודן,גרמים,800.00,100 גרם,false,1,32.90,4.1125,true,1,128132
7290107936958,false,עד חצות ביסקוויט אצבעות שוקולד 125 גרם,הדקלאים אגודת שיתופי,FR,ביסקוויט עד חצות אצבעות 125 גרם,גרמים,125.00,100 גרם,false,1,14.90,11.9200,true,1,129667
7290107936965,false,עד חצות עוגיות עיגולים 225 גר',ביסקווטרי עוגיות סנט,FR,עד חצות עיגולים,גרמים,225.00,100 גרם,false,1,14.90,6.6222,true,1,129666
7290107937542,false,משקה יוגורט אקטיביה עם תות 1.2% שומן,מיוצר עי קונדיטוריית,IL,משקה אקטיביה תות 1.2% 250 גרם,גרמים,250.00,100 גרם,false,1,5.90,2.3600,true,1,128287
7290107937627,false,מסטיק מאסט Must קוביות ללא סוכר בטעם מנטה עדינה,אסקום קונפקשיין,DE,צנצנת קוביות מנטה עדינה 58 גרם,גרמים,58.00,100 גרם,false,1,9.90,17.0690,true,1,128753
7290107937634,false,צנצנית מסטיק מאסט קוביות פפירמינט 58 ג' עלית,אסקום קונפקשיין,DE,צנצנת קוביות מנטה 58 גרם,גרמים,58.00,100 גרם,false,1,9.90,17.0690,true,1,128758
7290107937641,false,מסטיק בצנצנת קוביות בזוקה 58 ג',אסקום קונפקשיין,DE,צנצנת קוביות בזוקה 58 גרם,גרמים,58.00,100 גרם,false,1,9.90,17.0690,true,1,128755
7290107937856,false,קפסולות 11חזק למכונות נספרסו עלית 10יח',הנסיך- מפעל לייצור ט,IL,קפסולות 11 גואטמלה למכונות NESPRESSO,גרמים,50.00,100 גרם,false,1,16.90,33.8000,true,1,128726
7290107939027,false,גזר דק דק ירקות שטרא,שטראוס בריאות ירקות,IL,גזר דק דק 250 גרם שטופים שטראוס,גרמים,250.00,100 גרם,false,1,9.90,3.9600,true,1,128813
7290107940467,false,אקטיביה יוגורט 1.5% שומן 200 ג' דנונה,מיוצר עי קונדיטוריית,IL,אקטיביה 200 גרם 1.5%,גרמים,200.00,100 גרם,false,1,4.20,2.1000,true,1,128363
7290107941259,false,עדשים ירוקות מבושלות,הורקסה לס לגונס דה ס,IL,עדשים ירוקות מבושלות 475 גרם,גרמים,475.00,100 גרם,false,1,13.90,2.9263,true,1,128863
7290107941266,false,שעועית אדומה שטראוס,הורקסה לס לגונס דה ס,IL,שעועית אדומה שטראוס מבושלת 475 גרם,גרמים,475.00,100 גרם,false,1,13.90,2.9263,true,1,128865
7290107941273,false,חומוס מבושל טעם הטבע,הורקסה לס לגונס דה ס,IL,חומוס מבושל שטראוס 475 גרם,גרמים,475.00,100 גרם,false,1,13.90,2.9263,true,1,128864
7290107942355,false,מקלות בטעם טבעי 60 ג' תפוצ'יפס,"שטראוס פריטו ליי בע""",IL,תפו מקלות טבעי 60 גר 56 יח,גרמים,60.00,100 גרם,false,1,3.90,6.5000,true,1,128852
7290107943369,false,קוואקר שיבולת שועל ללא גלוטן 511 גר'.,היידי שוקולד בירונטי,US,קוואקר שיבולת שועל ללא גלוטן 511 גרם,גרמים,511.00,100 גרם,false,1,19.90,3.8943,true,1,129596
7290107944472,false,סימפוניה גבינה במרקם שמנת 5% שום שמיר,"שטראוס בריאות בע""מ",IL,סימפוניה שום שמיר 5%,גרמים,200.00,100 גרם,false,1,11.90,5.9500,true,1,128862
7290107945165,false,קונפיטורה משמש יד מרדכי 340 ג',אף.סי תבליני בגליל ב,IL,קונפיטורה משמש 340 גרם יד מרדכי,גרמים,340.00,100 גרם,false,1,14.90,4.3824,true,1,129122
7290107945769,false,סלט חצילים קלויים וט,שטראוס,,סלט חצילים קלויים וטחינה 400 גרם,גרמים,400.00,100 גרם,false,1,8.90,2.2250,true,1,129313
7290107950190,false,מעדן חלב דל קלוריות בטעם שוקולד מריר 0.5% שומן,מיוצר עי קונדיטוריית,IL,מעדן שטראוס דיאט מריר,גרמים,130.00,100 גרם,false,1,3.50,2.6923,true,1,128771
7290107950206,false,מעדן חלב דל קלוריות בטעם שוקולד 0% שומן,מיוצר עי קונדיטוריית,IL,מעדן שטראוס דיאט שוקולד,גרמים,130.00,100 גרם,false,1,3.50,2.6923,true,1,128769
7290107951104,false,בפלות ופלים ארוכים בטעם שוקולד,"א.ג. גילרו בע""מ",IL,בפלות שוקולד 200 גרם,גרמים,200.00,100 גרם,false,1,5.10,2.5500,true,1,128883
7290107951715,false,צנצנת מסטיק מאסט קוביות בטעם ענבים 58 ג' עלית,אסקום קונפקשיין,IL,צנצנת קוביות ענבים 58 גרם,גרמים,58.00,100 גרם,false,1,9.90,17.0690,true,1,129116
7290107953559,false,קפה טורקי עלית לדרך שקיות 24X7ג',הנסיך- מפעל לייצור ט,IL,מארז טורקי לדרך 168 גר,גרמים,200.00,100 גרם,false,1,19.90,9.9500,true,1,129931
7290107954976,false,"משקה יטבתה חלבון פרו קפה 350מ""ל",מחלבת יטבתה,DE,יטבתה פרו קפה 350,מיליליטרים,350.00,"100 מ""ל",false,1,6.50,1.8571,true,1,129491
7290107956642,false,"תרסיס שמן זית יד מרדכי 150 מ""ל",פארייפאבה אגרואינדוס,ES,"תרסיס שמן זית 150 מ""ל",מיליליטרים,150.00,"100 מ""ל",false,1,19.90,13.2667,true,1,129831
7290107956901,true,קפסולות אגוזי לוז למ,שטראוס קפה בי.וי.,IL,קפסולות אגוזי לוז למכונות NESPRESSO,לא מנהל יחידת מידה,0.00,לא מנהל יחידת מידה,false,1,16.90,0.0000,true,1,135870
7290107956925,true,קפסולות קפה אספרסו 1,הנסיך- מפעל לייצור ט,IL,קפסולות 13 אוגנדה למכונות NESPRESSO,לא מנהל יחידת מידה,0.00,לא מנהל יחידת מידה,false,1,16.90,0.0000,true,1,11302
7290107956932,true,קפסולות אינדונזיה,הנסיך- מפעל לייצור ט,IL,קפסולות 12 אינדונזיה למכונות NESPRESSO,Unknown,0.00,Unknown,false,1,16.90,0.0000,true,1,135871
7290107957069,false,צנצנת מסטיק בטעם אוכמניות 66 ג' עלמה,"שטראוס גרופ בע""מ",IL,"צנצנת עלמה בטעם אוכמניות לל""ס 66 גרם",גרמים,66.00,100 גרם,false,1,9.90,15.0000,true,1,129662
7290107957076,false,צנצנת מסטיק בטעם ספירמינט 66 ג' עלמה,"שטראוס גרופ בע""מ",IL,מסטיק עלמה בצנצנת בטעם ספירמינט 66 גרם,גרמים,66.00,100 גרם,false,1,9.90,15.0000,true,1,129663
7290107957991,false,מילקי CAKE מיניס קרם חלב בציפוי שוקולד חלב שקית 16X9ג',בובארד איטליה אס.פי.,IT,מילקי מינייס,גרמים,144.00,100 גרם,false,1,14.90,10.3472,true,1,10541
7290107958035,true,מארז דנונה במתיקות מ,מיוצר עי קונדיטוריית,IL,מארז 8 דנונה מתיקות מעודנת ללא סוכר וממת,Unknown,0.00,Unknown,false,1,18.90,0.0000,true,1,135875
7290107958639,false,מטבוחה אחלה מרוקאית חריפה 400 גר',מיוצר עי קונדיטוריית,IL,מטבוחה מרוקאית חריפה 400 גרם,גרמים,400.00,100 גרם,false,1,15.90,3.9750,true,1,129775
7290107971751,false,מי פה קולגייט טוטל ללא אלכוהול פפרמינט,יבואן ומשווק: ש. שסט,PL,קולגייט מי פה טוטל כחול 500 מל,מיליליטרים,500.00,"100 מ""ל",false,1,31.90,6.3800,true,1,128230
7290107973014,false,פלמוליב סבון ידיים חלב ודבש 300 מ'ל,הנסיך- מפעל לייצור ט,TR,"פלמוליב סבון ידיים חלב ודבש 300 מ""ל",מיליליטרים,300.00,"100 מ""ל",false,1,9.90,3.3000,true,1,129485
7290107973038,false,"פלמוליב סבון ידיים אקווריום 300 מ""ל",הנסיך- מפעל לייצור ט,IT,פלמוליב סבון ידיים אקווריום 300 מל,מיליליטרים,300.00,"100 מ""ל",false,1,9.90,3.3000,true,1,129484
7290107973311,false,קולגייט מברשת שיניים 360 פחם זהב זוג,הנסיך- מפעל לייצור ט,,קולגייט 360 מברשת שיניים גולד 2 יח',לא מנהל יחידת מידה,0.00,לא מנהל יחידת מידה,false,1,33.90,0.0000,true,1,128247
7290107973809,false,שימורי עגבניות קוביות 400 ג' מאסטר שף,פראנו אריקו ופיגלי ס,IT,מאסטר שף קוביות עגבניות איטלקיות 400 גרם,גרמים,400.00,100 גרם,false,1,6.20,1.5500,true,1,128552
7290107973861,false,מאסטר שף - עגבניות קצוצות דק שלישיה 400 גרם * 3,קונסרזיו קאסאלאסקו ד,IT,מאסטר שף עגבניות קצוצות דק מארז שלישייה,גרמים,400.00,100 גרם,false,1,15.90,3.9750,true,1,128644
7290107974066,false,"עלי טורטיה קמח מלא 20ס""מ 8יח' מאסטר שף 320ג'",אלקטי קורביישיסי,DE,עלי טורטיה קמח מלא 320 גרם,גרמים,320.00,100 גרם,false,1,10.90,3.4063,true,1,128294
7290107974073,false,עלי טורטיה קמח לבן מאסטר שף 320ג',הנסיך- מפעל לייצור ט,DE,מאסטר שף עלי טורטיה קמח לבן 320 גר,גרמים,320.00,100 גרם,false,1,10.90,3.4063,true,1,128292
7290107974080,false,טורטיות קמח לבן מנה 840 ג',הדקלאים אגודת שיתופי,DE,מאסטר שף עלי טורטייה קמח חיטה 756 גרם,גרמים,840.00,100 גרם,false,1,19.90,2.3690,true,1,128293
7290107974301,true,ספיד סטיק ליידי גל א,הנסיך- מפעל לייצור ט,US,ליידי ספיד סטיק דאודורנט אלוורה ג'ל 65 גרם,Unknown,0.00,Unknown,false,1,19.90,0.0000,true,1,135893
7290107974646,false,מרידול הליטוזיס שטיפת פה 400מל,הנסיך- מפעל לייצור ט,PL,מרידול מי פה נשימה רעננה 400 מל,מיליליטרים,400.00,"100 מ""ל",false,1,36.90,9.2250,true,1,128638
7290107975360,true,ליידי גל פיור,הנסיך- מפעל לייצור ט,US,ליידי גל פיור,Unknown,0.00,Unknown,false,1,19.90,0.0000,true,1,135902
7290107977456,false,"פלמוליב - ג'ל רחצה ושמפו ספורט לגבר 750 מ""ל",קולגייט פלמוליב,TR,"פלמוליב סבון נוזלי ספורט לגבר 750 מ""ל",מיליליטרים,750.00,"100 מ""ל",false,1,21.90,2.9200,true,1,21241
7290107978323,false,מאסטר שף אטריות דקיקות 400 ג',הדקלאים אגודת שיתופי,PL,"מאסטר שף, אטריות דקיקות, 400 גרם",גרמים,400.00,100 גרם,false,1,6.50,1.6250,true,1,129431
7290107978330,false,מאסטר שף אטריות דקות 400 ג',הדקלאים אגודת שיתופי,PL,מאסטר שף אטריות דקות 400 גרם,גרמים,400.00,100 גרם,false,1,6.50,1.6250,true,1,129432
7290107978347,false,מאסטר שף אטריות ביניניות 400 ג',הדקלאים אגודת שיתופי,PL,מאסטר שף אטריות בינוניות 400 גרם,גרמים,400.00,100 גרם,false,1,6.50,1.6250,true,1,129433
7290107979191,false,"תבניות אלומיניום פלוס נייר אפיה 40/34 ס""מ XL",HAI PLASTIC,CN,קוקי תבנית אלומיניום עם נייר אפייה ענק,יחידה,1.00,יחידה,false,1,13.90,13.9000,true,1,129527
7290108350128,false,סנו סושי שקיות אשפה חזקות במיוחד 40 יח',מיוצר עי קונדיטוריית,IL,שקית אשפה חזקה סנו סושי 40 יח,Unknown,0.00,Unknown,false,1,25.90,0.0000,true,1,9797
7290108350210,false,סנו סושי שקיות אשפה חזקות 30 יח' XL,מיוצר עי קונדיטוריית,IL,סנו סושי 30 שקיות אשפה XL חזקות במיוחד,לא מנהל יחידת מידה,0.00,לא מנהל יחידת מידה,false,1,26.90,0.0000,true,1,9838
7290108350531,false,סנו ספארק נוזל כלים בניחוח קלאסי עם משאבה 1 ל',מיוצר עי קונדיטוריית,IL,ספארק משאבה קלאסי 1ל,ליטרים,1.00,ליטר,false,1,11.90,11.9000,true,1,127571
7290108350548,false,סנו ספארק נוזל כלים בניחוח לבנדר עם משאבה 1 ל',מיוצר עי קונדיטוריית,IL,סנו נוזל לניקוי כלים בניחוח לבנדר עדין 1 ליטר,ליטרים,1.00,ליטר,false,1,11.90,11.9000,true,1,9822
7290108350555,false,נוזל כלים סנו ספארק Spark היפואלרגני פריחת השקד,סנו,IL,נוזל כלים סנו ספארק עור רגיש 1ליטר משאבה,ליטרים,1.00,ליטר,false,1,11.90,11.9000,true,1,9823
7290108350616,false,סנו - מקסימה מרכך כביסה מרוכז פריחה כחולה 1 ליטר,"סנו מפעלי ברונוס בע""",IL,מרכך מרוכז בלו בלוסום 1ליטר,ליטרים,1.00,ליטר,false,1,18.90,18.9000,true,1,128401
7290108350623,false,מרכך כביסה סופר מרוכז סופט סילק מקסימה 1 ל' סנו,"סנו מפעלי ברונוס בע""",IL,מרכך מרוכז סופט סילק 1ליטר,ליטרים,1.00,ליטר,false,1,18.90,18.9000,true,1,128395
7290108350654,false,"כיף פיות תרסיס להתרת קשרים 350 מ""ל",קוסמופארם בע''מ,IL,כיף תרסיס להתרת קשרים 350 מל,מיליליטרים,350.00,"100 מ""ל",false,1,23.90,6.8286,true,1,128295
7290108350722,false,אורביטול - משחת שיניים 6+ בוב ספוג 70 גרם,טרופיקל דגיל תעשיות,IL,אורביטול קידס 6+ בוב ספוג 70גרם,גרמים,70.00,100 גרם,false,1,9.90,14.1429,true,1,28474
7290108350739,false,משחת שיניים לילדים בטעם סוכריות ג'לי גילאי 2-6,טרופיקל דגיל תעשיות,IL,משחת שיניים אורביטול ילדים סוכריות גלי,לא מנהל יחידת מידה,0.00,לא מנהל יחידת מידה,false,1,9.90,0.0000,true,1,12885
7290108351118,false,"קוטל מעופפים 750 מ""ל K4000",סנו מפעלי ברונוס בעמ,IL,K-4000,מיליליטרים,750.00,"100 מ""ל",false,1,34.60,4.6133,true,1,128478
7290108351149,false,סנו - ג'ט לניקוי כללי ורצפות בתוספת אבקת סודה 1.5 ליטר,"סנו מפעלי ברונוס בע""",IL,ג'ט פלוס סודה 1.5 ליטר,ליטרים,1.50,ליטר,false,1,15.90,10.6000,true,1,129005
7290108351156,false,סנו - ג'ט לניקוי כללי ורצפות בתוספת חומץ 1.5 ליטר,"סנו מפעלי ברונוס בע""",IL,ג'ט פלוס חומץ 1.5 ליטר,ליטרים,1.50,ליטר,false,1,15.90,10.6000,true,1,129004
7290108351507,false,מרכך כביסה מקסימה סופט סילק 4 ל' סנו,סנו מקסימה,IL,מרכך כביסה מקסימה 4ליטר SOFT SILK,ליטרים,4.00,ליטר,false,1,22.90,5.7250,true,1,128928
7290108351514,false,מרכך כביסה בבישום עוצמתי פריחה כחולה,סנו מקסימה,IL,מרכך כביסה מקסימה BLUE BLOSSOM,ליטרים,4.00,ליטר,false,1,22.90,5.7250,true,1,128927
7290108351545,false,"סנו פרש הום מבשם אוויר יבש 200 מ""ל",מיוצר עי קונדיטוריית,IL,מבשם לבית - בניחוח מרכך כביסה soft silk,לא מנהל יחידת מידה,0.00,לא מנהל יחידת מידה,false,1,11.90,0.0000,true,1,9263
7290108351552,false,"סנו - ג'ט לניקוי כללי בתוספת חומץ בניחוח לבנדר 750 מ""ל","סנו מפעלי ברונוס בע""",IL,גט לניקוי כללי - בתוספת חומץ לניקוי והברקה בקלות,מיליליטרים,750.00,"100 מ""ל",false,1,13.90,1.8533,true,1,10386
7290108351569,false,מבשם ומרכך למייבש כביסה Baby לתינוקות ולעור רגיש,"איי, בי, אינבוו",IL,"מקסימה למייבש הכביסה בייבי 750 מ""ל",Unknown,0.00,Unknown,false,1,18.90,0.0000,true,1,129512
7290108351583,false,"סנו - ג'ט פלוס חומץ ג'ל לניקוי אסלות לבנדר 750 מ""ל",טרופיקל דגיל תעשיות,IL,גט לניקוי אסלות,לא מנהל יחידת מידה,0.00,לא מנהל יחידת מידה,false,1,11.90,0.0000,true,1,9267
7290108351590,false,"סנופרש הום בלו בלוסון בניחוח מרכך כביסה 350 מ""ל",סנו פרש Fresh,IL,פרש הום בלו,מיליליטרים,350.00,"100 מ""ל",false,1,15.90,4.5429,true,1,129517
7290108351613,false,סנו ריצפז פרש הום 2 ליטר בניחוח מלון חלומי,"סנו מפעלי ברונוס בע""",IL,'רצפז פ.הום מלון חלומי 2 ליטר,ליטרים,0.00,ליטר,false,1,21.90,0.0000,true,1,129515
7290108351699,false,סנו - ג'ט מטליות לחות לניקוי כללי בתוספת חומץ לבנדר שלישיה,סנו מפעלי ברונוס על,IL,מגבונים גט + חומץ מא,לא מנהל יחידת מידה,0.00,לא מנהל יחידת מידה,false,1,22.90,0.0000,true,1,10740
7290108351705,false,פניני בישום -275 ג' FRESH LINEN,value smart prodacts,US,פניני בישום לכביסה fresh linen,יחידה,1.00,יחידה,false,1,30.90,30.9000,true,1,20949
7290108351712,false,פניני בישום לכביסה 275 ג' מקסימה,value smart prodacts,US,פניני בישום לכביסה lovely,יחידה,1.00,יחידה,false,1,30.90,30.9000,true,1,20950
7290108351804,false,סנו - מקסימה מרכך כביסה מרוכז ג'נטל בריז 1 ליטר,מיוצר עי קונדיטוריית,IL,מרכך בבישום עוצמתי gentel breeze,ליטרים,1.00,ליטר,false,1,18.90,18.9000,true,1,20328
7290108351811,false,מקסימה מרכך כביסה סופר מרוכז פלור טאצ' 1 ליטר,מיוצר עי קונדיטוריית,IL,מרכך כביסה בבישום עוצמתי floral touch,ליטרים,1.00,ליטר,false,1,18.90,18.9000,true,1,20327
7290108351835,false,מרכך כביסה בבישום עוצמתי פלורל טאצ',מיוצר עי קונדיטוריית,IL,מרכך כביסה מקסימה 4 ליטר FLORAL TOUCH,ליטרים,4.00,ליטר,false,1,22.90,5.7250,true,1,21157
7290108351910,false,סנו ספארק טבליות למדיח 30 יח',גרופה אינקו,PL,טבליות למדיח 30 יחידות,לא מנהל יחידת מידה,0.00,לא מנהל יחידת מידה,false,1,25.90,0.0000,true,1,12886
7290108351934,false,סנובון סבון אסלה מוצק RINGS בניחוח לימון שלישיה,DRAMERSSA SWARZEDZ,PL,סבון אסלה ריחני בניחוח לימון,לא מנהל יחידת מידה,0.00,לא מנהל יחידת מידה,false,1,14.90,0.0000,true,1,14716
7290108352009,false,סנו ספארק קפסולות למדיח כלים 50 יח',טרופיקל דגיל תעשיות,PL,סנו ספארק 50 קפסולות למדיח,לא מנהל יחידת מידה,0.00,לא מנהל יחידת מידה,false,1,39.90,0.0000,true,1,23390
7290108352061,false,משחת שיניים 145ג 'אורביטול Charcoal Go White,טרופיקל דגיל תעשיות,IL,אורביטול משחת שיניים פחם פעיל 145 גרם,גרמים,145.00,100 גרם,false,1,15.90,10.9655,true,1,37759
7290108352078,false,"שטיפת פה protective salt אורביטול 500 מ""ל",טרופיקל דגיל תעשיות,IL,"אורביטול שטיפת פה בתוספת מלח 500 מ""ל",מיליליטרים,500.00,"100 מ""ל",false,1,26.90,5.3800,true,1,26361
7290108352085,false,"אורביטול - מי פה שוקינג פרש 500 מ""ל",טרופיקל דגיל תעשיות,IL,"אורביטול שטיפת פה טעם מנטה 500 מ""ל",מיליליטרים,500.00,"100 מ""ל",false,1,21.90,4.3800,true,1,26362
7290108352092,false,משחת שיניים אורביטול פרוטקטיב סולט בטעם מנטה,ג'נרל מילס סאן אדריא,IL,אורביטול משחת שיניים מלח 145 גרם,גרמים,145.00,100 גרם,false,1,18.90,13.0345,true,1,26358
7290108352108,false,משחת שיניים shocking fresh אורביטול 145 גר',ג'נרל מילס סאן אדריא,IL,אורביטול SHOCKING FRESH חריפה ועוצמתית 145 גרם,גרמים,145.00,100 גרם,false,1,15.90,10.9655,true,1,26360
7290108352139,false,ג'ל כביסה גרין פוויר אקולוגי 3 ל' סנו,סנו מפעלי ברונוס בעמ,IL,סנו גרין פאוור ג'ל כביסה מרוכז אקולוגי 3 ליטר.,ליטרים,3.00,ליטר,false,1,31.90,10.6333,true,1,25495
7290108352153,false,"סנובון נוזלי בניחוח לוטוס וסחלב 750 מ""ל",מיוצר עי קונדיטוריית,IL,99.9% סנו בון נוזל לניקוי אסלות 750 מל,מיליליטרים,750.00,"100 מ""ל",false,1,11.90,1.5867,true,1,25443
7290108352207,false,קפסולות כביסה מקסימה פלורל 40 יח' סנו,טרופיקל דגיל תעשיות,IL,סנו מקסימה קפסולות לכביסה 40 יח,יחידה,1.00,יחידה,false,1,39.90,39.9000,true,1,25718
7290108352214,false,סנו - מקסימה קפסולות כביסה בניחוח בריזה מרעננת 40 יח',טרופיקל דגיל תעשיות,IL,סנו מקסימה קפסולות לכביסה 40 יח,יחידה,1.00,יחידה,false,1,39.90,39.9000,true,1,25717
7290108352252,false,נוזל לניקוי כלים מתאים לניקוי ירקות ופירות סנו ספארק,"סנו מפעלי ברונוס בע""",IL,נוזל כלים ספארק 1 ליטר משאבה ללא בישום,ליטרים,1.00,ליטר,false,1,11.90,11.9000,true,1,26357
7290108352269,false,דלי מטליות לחיטוי ולניקוי 99.9 % 400 יח' סנו,הורביץ סחר,IL,דלי מטליות לחיטוי וניקוי 99.9%,יחידה,1.00,יחידה,false,1,31.90,31.9000,true,1,23922
7290108352276,false,מטליות לחיטוי ולניקוי רצפות 70*40 + פתח למגב,"סנו מפעלי ברונס בע""מ",IL,99.9% מטליות לחיטוי ולניקוי רצפות 10 יח,לא מנהל יחידת מידה,0.00,לא מנהל יחידת מידה,false,1,16.90,0.0000,true,1,23386
7290108352283,false,סנו נוזל לחיטוי וניקוי רצפות- 99.9% 2ל',"סנו מפעלי ברונוס בע""",IL,99.9% נוזל לחיטוי וניקוי רצפות 2 ליטר,ליטרים,2.00,ליטר,false,1,23.90,11.9500,true,1,23387
7290108352337,false,"סנו - פרש מילוי למטהר אוויר מלון מפנק 250 מ""ל",מיוצר עי קונדיטוריית,IL,מבשם לבית בניחוח מלון מפנק 250 מל,מיליליטרים,250.00,"100 מ""ל",false,1,17.90,7.1600,true,1,25923
7290108352351,false,"סנו תרסיס לחיטוי משטחים 99.9% - 400 מ""ל","סנו מפעלי ברונוס בע""",IL,99.9% תרסיס לחיטוי 400 מל,מיליליטרים,400.00,"100 מ""ל",false,1,21.90,5.4750,true,1,25442
7290108352399,false,ריצפז פרש הום בניחוח מרכך כביסה פלורל טאצ',"סנו מפעלי ברונוס בע""",IL,ריצפז פרש הום מרכך כביסה מקסימה פלורל 2,ליטרים,2.00,ליטר,false,1,21.90,10.9500,true,1,35548
7290108352412,false,"סנו - פרש הום מבשם לבית ולטקסטיל ורד אנגלי ועלים 300 מ""ל",מיוצר עי קונדיטוריית,IL,מטהר אוויר ארומטי ורוד,Unknown,0.00,Unknown,false,1,13.90,0.0000,true,1,26884
7290108352450,false,ריצפז פרש הום בניחוח מרכך כביסה בלו בלוסום,סנו מפעלי ברונוס בעמ,IL,רצפז פרש הום 2ל מרכך כביסה,ליטרים,2.00,ליטר,false,1,21.90,10.9500,true,1,28468
7290108352474,false,"סנו מוד ליידי קוקו 150מ""ל","סנו מפעלי ברונוס בע""",IL,"ליידי קוקו בושם לבית 150 מ""ל",מיליליטרים,150.00,"100 מ""ל",false,1,11.90,7.9333,true,1,34058
7290108352498,false,מכשיר אוטומטי מעוצב ואלגנטי עם מילוי מלון בוטיק סנו פרש,"יצרן מכשיר: זובלה,",IL,סנו פרש מכשיר אוטומטי + מילוי מלון בוטיק,לא מנהל יחידת מידה,0.00,לא מנהל יחידת מידה,false,1,44.90,0.0000,true,1,33005
7290108352511,false,ניקוי וחיטוי מכונת הכביסה בתוספת חומץ סנו מקסימה,"איי, בי, אינבוו",IL,"מקסימה לניקוי וחיטוי למכונת כביסה, 500 מ""ל",מיליליטרים,500.00,"100 מ""ל",false,1,12.90,2.5800,true,1,33007
7290108352535,false,סנו - מקסימה דפי בישום לחים למייבש הכביסה בניחוח מרכך כביסה,סנו מקסימה,IL,מקסימה דפי בישום לחים למייבש 20 יחידות,לא מנהל יחידת מידה,0.00,לא מנהל יחידת מידה,false,1,12.90,0.0000,true,1,34943
7290108352566,false,מרכך כביסה בבישום עוצמתי 4 ל' סנו מקסינה,"סנו מפעלי ברונוס בע""",IL,מרכך כביסה גוי מקסימה 4 ליטר,ליטרים,4.00,ליטר,false,1,22.90,5.7250,true,1,34059
7290108352573,false,מרכך כביסה מקסימה בבישום עוצמתי 4 ל' סנו,סנו,IL,מקסימה מרכך כביסה 4 ליטר CALM,ליטרים,4.00,ליטר,false,1,22.90,5.7250,true,1,35549
7290108352597,false,מגבונים לניקוי כללי בדלי 400 יח' סנו,סנו,,מגבונים לחים לניקוי בדלי 400 יח,לא מנהל יחידת מידה,0.00,לא מנהל יחידת מידה,false,1,29.90,0.0000,true,1,128550
7290108352641,false,סנו סושי מטלית הפלא לניקוי כללי במארז שלישייה,סנו מפעלי ברונוס.,CN,מארז שלישיית מטליות הפלא לניקוי כללי,לא מנהל יחידת מידה,0.00,לא מנהל יחידת מידה,false,1,14.90,0.0000,true,1,129510
7290108352672,false,מטלית הפלא לריצפה זוג סנו סושי,סנו מפעלי ברונוס.,CN,זוג מטליות פלא לריצפה,Unknown,0.00,Unknown,false,1,21.90,0.0000,true,1,4823
7290108352689,false,סנו סושי כריות קרצוף ללכלוך קשה 9 יח',טרופיקל דגיל תעשיות,US,"סנו סושי - 9 כריות קרצוף ללכלוך קשה (24X9 ס""מ)",לא מנהל יחידת מידה,0.00,לא מנהל יחידת מידה,false,1,9.90,0.0000,true,1,10380
7290108352801,false,"שקיות אשפה S לפחים קטנים 56*45 ס""מ בניחוח עדין","סנו מפעלי ברונוס בע""",IL,שקיות אשפה לפחים קטנים,לא מנהל יחידת מידה,0.00,לא מנהל יחידת מידה,false,1,21.90,0.0000,true,1,9275
7290108352818,false,מטלית במבוק לניקוי דוחה ריחות רעים,טרופיקל דגיל תעשיות,CN,סנו סושי מטלית במבוק לניקוי,לא מנהל יחידת מידה,0.00,לא מנהל יחידת מידה,false,1,7.90,0.0000,true,1,12879
7290108352825,false,ספוג הפלא נירוסטה סנו סושי 3יח',s.k.a.t ltdסנו מפעלי,CN,ספוג הפלא נירוסטה,גרמים,44.00,100 גרם,false,1,10.90,24.7727,true,1,10739
7290108352849,false,שלישיית מטליות הפלא לניקוי כללי דקור סנו סושי,טרופיקל דגיל תעשיות,CN,סנו סושי- מטלית הפלא 3 יח,יחידה,1.00,יחידה,false,1,14.90,14.9000,true,1,28496
7290108352863,false,סנו סושי שקיות צלייה 20יח' מידה L,מיוצר עי קונדיטוריית,TR,"סנו סושי- שקיות צלייה, 20 יחידות",יחידה,0.00,יחידה,false,1,9.90,0.0000,true,1,11695
7290108352870,false,סנו סושי שקיות צלייה 10יח' מידה XL,מיוצר עי קונדיטוריית,TR,"סנו סושי- שקיות צלייה, 10 יחידות",יחידה,0.00,יחידה,false,1,9.90,0.0000,true,1,11694
7290108352887,false,"זוג מפות שולחן עשויות מבד בלתי ארוג 180*120 ס""מ",מיוצר עי קונדיטוריית,CN,סנו סושי זוג מפות שולחן עשויות מבד בלתי ארוג 2 יח',לא מנהל יחידת מידה,7.50,לא מנהל יחידת מידה,false,1,8.90,1.1867,true,1,12349
7290108352900,false,סנו סושי מגבות הפלא גליל כפול 6 גלילים,סנו מפעלי ברונוס בעמ,IL,"מגבות הפלא גליל כפול- מגבות עבות, חזקות וסופגות",לא מנהל יחידת מידה,0.00,לא מנהל יחידת מידה,false,1,21.90,0.0000,true,1,14713
7290108353037,false,"תבניות אפיה עגולות מנייר קוטר 21 ס""מ",מיוצר עי קונדיטוריית,CN,סנו סושי- תבניות אפייה מנייר,יחידה,1.00,יחידה,false,1,11.90,11.9000,true,1,20334
7290108353044,false,תבנית אפייה מנייר L סנו,מיוצר עי קונדיטוריית,CN,תבניות אפייה מנייר L,יחידה,1.00,יחידה,false,1,10.90,10.9000,true,1,20335
7290108353068,false,ספוג הפלא נירוסטה עם סיבי קירצוף סנו סושי 2 יח',מיוצר עי קונדיטוריית,CN,כרית קרצוף עם סיבי נירוסטה,יחידה,1.00,יחידה,false,1,10.90,10.9000,true,1,22099
7290108353099,false,ממחטות אף במארז ניילון סנו סופט 5 יח' * 100 דף,טרופיקל דגיל תעשיות,CN,סנו סופט - 500 ממחטות אף דו שכבתיות נשלפות אחת אחת,יחידה,1.00,יחידה,false,1,15.90,15.9000,true,1,20348
7290108353372,false,צמד מברשות שיניים 12 אלף סיבי פחם,סנו,IL,מברשות 12000 סיבים פחם 2 יחידות,יחידה,2.00,יחידה,false,1,29.90,14.9500,true,1,37760
7290108353402,false,צמד מברשות שיניים עם סיבי פחם דקים במיוחד,יבואן ומשווק: ש. שסט,CN,מברשת שיניים אורביטול צארקול זוג,יחידה,1.00,יחידה,false,1,19.90,19.9000,true,1,22209
7290108353433,false,שטיפת פה לרעננות מתמשכת מנטה עדין Protect & Fresh,"קוסמופארם בע""מ",IL,שטיפת מי פה אורביטול,מיליליטרים,500.00,"100 מ""ל",false,1,24.70,4.9400,true,1,12350
7290108353440,false,"אורביטול - מברשת שיניים 12,000 סיבים","ב.א מזון בע""מ",CN,"מברשת שיניים אורביטול 12,000 סיבים זוג",יחידה,1.00,יחידה,false,1,29.90,29.9000,true,1,34061
7290108353501,false,סנו סושי שקיות אשפה עם ידיות 25 יח' XXL,טרופיקל דגיל תעשיות,TR,שקיות אשפה סנו סושי עם ידית - 25 יח,יחידה,1.00,יחידה,false,1,19.90,19.9000,true,1,22097
7290108353518,false,"תבניות אלומיניום עם ידיות אחיזה 34*29 ס""מ",קריניסה ויטמין אס אי,CN,סנו סושי תבניות אלומיניום XL עם ידית - 2,יחידה,1.00,יחידה,false,1,11.90,11.9000,true,1,22101
7290108353525,false,תבניות אלומיניום עם ידיות אחיזה 25*20,קריניסה ויטמין אס אי,CN,סנו סושי תבניות אלומיניום L עם ידית - 4,יחידה,1.00,יחידה,false,1,11.90,11.9000,true,1,22102
7290108353532,false,"שקיות אשפה נשלפות עם שרוך 65*54 ס""מ L",סנו סושי,IL,שקיות אשפה סנו סושי עם שרוך - 100 יח,יחידה,1.00,יחידה,false,1,29.90,29.9000,true,1,22098
7290108353549,false,נייר אפיה סנו סושי 100 יח',"טופ פלסט 2002 בע""מ",IL,"סנו סושי נייר אפייה, 100 יחידות, 38X42 סמ",יחידה,1.00,יחידה,false,1,19.90,19.9000,true,1,22103
7290108353648,false,סנו סושי - שקיות אוכל מנייר 70 יחידות,סנו מפעלי ברונוס.,TR,סנו סושי 70 שקיות אוכל מנייר + מדבקות במ,יחידה,1.00,יחידה,false,1,11.90,11.9000,true,1,26770
7290108353679,false,סנו סושי – ניילון שקופות 10 מפות,מיוצר עי קונדיטוריית,IL,סנו סושי - מפות ניילון שקופות נפתחות בקלות 10 יח,לא מנהל יחידת מידה,1.00,לא מנהל יחידת מידה,false,1,14.90,14.9000,true,1,23389
7290108353686,false,מטלית חלומית לריצפה מיקרופייבר,נינגבו סנבנג,CN,סנו סושי- מטלית חלומית לריצפה 1 יח,יחידה,1.00,יחידה,false,1,11.90,11.9000,true,1,30416
7290108353891,false,"קרמה - דאודורנט רול און לאישה קרמה מאסק 75 מ""ל","קוסמופארם בע""מ",IL,קרמה דאו' רול און מאסק 75 מל,מיליליטרים,75.00,"100 מ""ל",false,1,13.90,18.5333,true,1,28472
7290108353907,false,"קרמה - דאודורנט רול און לאישה קרמה קלאסי 75 מ""ל","קוסמופארם בע""מ",IL,קרמה דאו' רול און קלאסי 75 מל,מיליליטרים,75.00,"100 מ""ל",false,1,13.90,18.5333,true,1,28471
7290108353921,false,"דאודורנט סטיק מאסק קרמה 70 מ""ל",בטר אנד דיפרנט,IL,"דאודורנט סטיק קרמה מאסק 70 מ""ל",מיליליטרים,70.00,"100 מ""ל",false,1,19.90,28.4286,true,1,33009
7290108353952,false,"קרמה - דאודורנט ספריי לאישה קרמה קלאסי 150 מ""ל",קרמה Crema,IL,"דאו ספריי קרמה קלאסי 150 מ""ל",מיליליטרים,150.00,"100 מ""ל",false,1,17.90,11.9333,true,1,33012
7290108353983,false,"קרמה - קרם גוף קרמה קלאסי 500 מ""ל",טרופיקל דגיל תעשיות,IL,קרמה קרם גוף קלאסי 500 מל,מיליליטרים,500.00,"100 מ""ל",false,1,24.90,4.9800,true,1,28470
7290108353990,false,"קרמה - קרם גוף קרמה מאסק 500 מ""ל",טרופיקל דגיל תעשיות,IL,קרמה קרם גוף מאסק 500 מל,מיליליטרים,500.00,"100 מ""ל",false,1,24.90,4.9800,true,1,28469
7290108354034,false,"סבון ידיים חמאת שיאה וקוקוי 300 מ""ל קרמה",טרופיקל דגיל תעשיות,IL,קרמה סבון ידיים שיאה וקוקוי 300 מל,Unknown,0.00,Unknown,false,1,10.00,0.0000,true,1,26886
7290108354065,false,"קרמה - מן ג'ל רחצה פילינג 700 מ""ל",קוסמופארם בע''מ,IL,קרמה מן גל רחצה פילינג 700 מל,מיליליטרים,700.00,"100 מ""ל",false,1,18.90,2.7000,true,1,35550
7290108354164,false,אל סבון כיף מועשר בשמנים מארז שלישייה,טרופיקל דגיל תעשיות,IL,כיף שלישיית אל סבון קטיפתי מועשר בשמנים עם משאבה.,ליטרים,1.50,ליטר,false,1,18.90,12.6000,true,1,28502
7290108354263,false,אורביטול - משחת שיניים 6+ חד קרן 70 גרם,טרופיקל דגיל תעשיות,IL,אורביטול קידס 6+ חד קרן 70גרם,גרמים,70.00,100 גרם,false,1,9.90,14.1429,true,1,28473
7290108354270,false,מרכך כביסה מרוכז בבישום עוצמתי 1 ל' סנו מקסימה,מיוצר עי קונדיטוריית,IL,מרכך כביסה מקסימה CALM מרוכז 1 ליטר,ליטרים,1.00,ליטר,false,1,18.90,18.9000,true,1,34060
7290108354430,false,"שמפו כיף לשיקום והזנה שמן קוקוס וקרטין 700 מ""ל",קוסמופארם בעמ,IL,שמפו כיף שמן קוקוס וקרטין 700מל,מיליליטרים,700.00,"100 מ""ל",false,1,12.90,1.8429,true,1,28466
7290108354447,false,"מרכך כיף לשיקום והזנה שמן קוקוס וקרטין 700 מ""ל",גוד פוד פרודקטס S.p,IL,מרכך כיף שמן קוקוס וקרטין 700מל,מיליליטרים,700.00,"100 מ""ל",false,1,12.90,1.8429,true,1,28467
7290108354485,false,"קרליין - מרכך 10 שמן ארגן 700 מ""ל",סנו,IL,קרליין מרכך 10 לשיערשמן ארגן 700 מל,מיליליטרים,700.00,"100 מ""ל",false,1,13.90,1.9857,true,1,35551
7290108354492,false,"קרליין - שמפו 10 שמן ארגן 700 מ""ל",קרליין Careline,IL,קרליין שמפו 10 לשיער שמן ארגן 700 מל,מיליליטרים,700.00,"100 מ""ל",false,1,13.90,1.9857,true,1,35552
7290108354591,false,"תחליב רחצה בניחוח מי קקטוס ושמן באבאסו 750 מ""ל נקה 7",סנו,IL,נקה 7 תחליב ביו מי קקטוס 750 מל,מיליליטרים,750.00,"100 מ""ל",false,1,11.90,1.5867,true,1,37763
7290108354607,false,"שמפו בניחוח מי קקטוס ושמן באבאסו 750 מ""ל נקה 7",אמיליה קוסמטיקס,IL,נקה 7 שמפו ביו מי קקטוס 750 מל,מיליליטרים,750.00,"100 מ""ל",false,1,11.90,1.5867,true,1,37764
7290108354614,false,"מרכך בניחוח מי קקטוס ושמן באבאסו 750 מ""ל נקה 7",אמיליה קוסמטיקס,IL,נקה 7 מרכך ביו מי קקטוס 750 מל,מיליליטרים,750.00,"100 מ""ל",false,1,11.90,1.5867,true,1,37765
7290108354621,false,"מסיכה לשיער לחות מוגברת עם אפרסק וחמאת מורומורו 500 מ""ל כיף",סנו,IL,כיף מסכה לשיער אפרסק וחמאה 500 מל,מיליליטרים,500.00,"100 מ""ל",false,1,25.90,5.1800,true,1,37766
7290108354768,false,קרמה קרם גוף דבש 500,מיוצר בסין.יבוא ושיו,IL,"קרם גוף קרמה דבש 500 מ""ל",מיליליטרים,500.00,"100 מ""ל",false,1,24.90,4.9800,true,1,34062
7290108354829,false,"קרמה - קרם ידיים ורד הוניל 100 מ""ל",קוסמופארם,IL,קרמה קרם ידיים 100 מל ורד ווניל,מיליליטרים,100.00,"100 מ""ל",false,1,9.90,9.9000,true,1,26887
7290108354911,false,"שמפו, ג'ל רחצה וגילוח מועשר בתמצית אלוורה",טרופיקל דגיל תעשיות,IL,"קרמה מן שמפו, ג'ל רחצה וגילוח 700 מל",מיליליטרים,700.00,"100 מ""ל",false,1,18.90,2.7000,true,1,24046
7290108354973,false,"סבון ידיים ורד ווניל קרמה 300 מ""ל",טרופיקל דגיל תעשיות,IL,קרמה סבון ידיים ורד ווניל 300 מל,Unknown,0.00,Unknown,false,1,10.00,0.0000,true,1,26889
7290108355024,false,"שמפו ומרכך מיניונים קידס נקה 7 750 מ""ל",קוסמופארם בע''מ,IL,נקה 7 שמפו ומרכך kids,מיליליטרים,750.00,"100 מ""ל",false,1,14.90,1.9867,true,1,32468
7290108355178,false,"קרמה - קרם ידיים חמאת שיאה וקוקוי 100 מ""ל",קוסמופארם,IL,קרמה קרם ידיים 100 מל חמאת שיאה,Unknown,0.00,Unknown,false,1,9.90,0.0000,true,1,26891
7290108355192,false,"נטורל מרכך קרטין אינטנס למניעת קשקשים 400 מ""ל",נטורל פורמולה Natural Formula,IL,נטורל פורמולה מרכך קרטין טהור מונע קשקשים 400 מל,מיליליטרים,400.00,"100 מ""ל",false,1,29.90,7.4750,true,1,18532
7290108355208,false,"שמפו קרטין אינטנס למניעת קשקשים נטורל 400 מ""ל",נטורל פורמולה Natural Formula,IL,שמפו קרטין אינטנס למניעת קשקשים,מיליליטרים,400.00,"100 מ""ל",false,1,29.90,7.4750,true,1,11642
7290108355307,false,"נקה 7 - שמפו סירוק קל רוזמרין 750 מ""ל",גוד פוד פרודקטס S.p,IL,נקה 7 סירוק קל שמפו 750 מל,מיליליטרים,750.00,"100 מ""ל",false,1,12.90,1.7200,true,1,14718
7290108355314,false,מרכך לסירוק קל בתוספת רוזמרין,גוד פוד פרודקטס S.p,IL,מרכך סירוק קל 750 מל,מיליליטרים,750.00,"100 מ""ל",false,1,12.90,1.7200,true,1,14719
7290108355499,false,"דאודורנט רול און ורד ווניל קרמה 70 מ""ל",סנו,IL,"דאודורנט סטיק קרמה ורד ווניל, 70 מ""ל",מיליליטרים,70.00,"100 מ""ל",false,1,19.90,28.4286,true,1,33010
7290108355543,false,דאודורנט ספריי קרמה בניחוח נרולי ומגנוליה,קרמה Crema,IL,"דאו ספריי קרמה נרולי מגנוליה 150 מ""ל",מיליליטרים,150.00,"100 מ""ל",false,1,17.90,11.9333,true,1,33013
7290108355802,false,"תחליב רחצה קרמה ורד ווניל 700 מ""ל",גוד פוד פרודקטס S.p,IL,קרמה תחליב רחצה ורד ווניל 700 מל,מיליליטרים,700.00,"100 מ""ל",false,1,18.90,2.7000,true,1,26892
7290108355949,false,"תחליב רחצה קרמה נרולי ומגנוליה 700 מ""ל",קוסמופארם בעמ,IL,קרמה תחליב רחצה נרולי ומגנוליה 700 מל,Unknown,0.00,Unknown,false,1,18.90,0.0000,true,1,26893
7290108356113,false,"כיף תחליב רחצה דבש 700 מ""ל-מרכז",קוסמופארם בעמ,IL,"כיף תחליב רחצה חלב ודבש, 700 מל",מיליליטרים,700.00,"100 מ""ל",false,1,12.90,1.8429,true,1,12363
7290108356151,false,"תחליב רחצה כיף מאסק יסמין 700 מ""ל",גוד פוד פרודקטס S.p,IL,"כיף תחליב רחצה מאסק ויסמין, 700 מל",מיליליטרים,700.00,"100 מ""ל",false,1,12.90,1.8429,true,1,12368
7290108356168,false,"כיף - תחליב רחצה אוקיינוס 700 מ""ל",גוד פוד פרודקטס S.p,IL,"כיף תחליב רחצה אוקיינוס, 700 מל",מיליליטרים,700.00,"100 מ""ל",false,1,12.90,1.8429,true,1,12366
7290108356175,false,כיף אל סבון אבטיח ומנטה 1 ליטר,טרופיקל דגיל תעשיות,IL,כיף אל סבון קטיפתי בניחוח אבטיח 1 ליטר,ליטרים,1.00,ליטר,false,1,15.90,15.9000,true,1,26775
7290108356199,false,כיף אל סבון אפרסק ופלפל שחור 1 ליטר,טרופיקל דגיל תעשיות,IL,כיף אל סבון אפרסק ופלפל שחור 1 ליטר,ליטרים,1.00,ליטר,false,1,15.90,15.9000,true,1,26774
7290108356229,false,ג'ל גילוח לכל סוגי העור מועשר בפחם פעיל,טרופיקל דגיל תעשיות,TR,קרמה מן ג'ל גילוח קרבון 200 מל,מיליליטרים,200.00,"100 מ""ל",false,1,11.90,5.9500,true,1,24045
7290108356489,false,"כיף - תחליב רחצה אפרסק וחמאת מורומורו 700 מ""ל",קוסמופארם,IL,כיף תחליב רחצה אפרסק 700 מל,מיליליטרים,700.00,"100 מ""ל",false,1,12.90,1.8429,true,1,35553
7290108356519,false,קרליין שמפו 10למניעת קשקשים 700מל,קרליין Careline,IL,קרליין שמפו 10 לשיער רגיל 700 מל,מיליליטרים,700.00,"100 מ""ל",false,1,13.90,1.9857,true,1,35554
7290108356526,false,"קרליין - שמפו 10 לשיער יבש 700 מ""ל",קרליין Careline,IL,קרליין שמפו 10 לשיער יבש 700 מל,מיליליטרים,700.00,"100 מ""ל",false,1,13.90,1.9857,true,1,35555
7290108356564,false,"קרליין - מרכך 10 לשיער רגיל 700 מ""ל",קרליין Careline,IL,קרליי מרכך 10 לשיער רגיל 700 מל,מיליליטרים,700.00,"100 מ""ל",false,1,13.90,1.9857,true,1,35556
7290108356571,false,"קרליין - מרכך 10 לשיער יבש 700 מ""ל",קרליין Careline,IL,קרליין מרכך 10 לשיער יבש 700 מל,מיליליטרים,700.00,"100 מ""ל",false,1,13.90,1.9857,true,1,35557
7290108356809,false,סבון בוטני ורד ומרווה לניקוי וטיפוח הידיים טבעוני 1 ל' כיף,"קוסופארם בע""מ",IL,כיף סבון בוטני ורד ומרווה ידיים 1 ליטר,ליטרים,1.00,ליטר,false,1,15.90,15.9000,true,1,37769
7290108356816,false,"סבון בוטני גרניום ופטצ'ולי לניקוי וטיפוח הידיים, טבעוני 1 ל' כיף","קוסופארם בע""מ",IL,כיף סבון בוטני גרניום 1 ליטר,ליטרים,1.00,ליטר,false,1,15.90,15.9000,true,1,37770
7290108357004,false,"שמפו כיף ורד ושמן קוקוי 700 מ""ל",טרופיקל דגיל תעשיות,IL,"כיף שמפו ורד ושמן קוקוי לרכות וברק 700 מ""ל",מיליליטרים,700.00,"100 מ""ל",false,1,12.90,1.8429,true,1,21890
7290108357011,false,"מרכך כיף ורד ושמן קוקוי 700 מ""ל",טרופיקל דגיל תעשיות,IL,"כיף מרכך ורד ושמן קוקוי לרכות וברק 700 מ""ל",מיליליטרים,700.00,"100 מ""ל",false,1,12.90,1.8429,true,1,21891
7290108357028,false,"כיף תחליב רחצה ורד ושמן קוקוי 700 מ""ל",קוסמופארם בעמ,IL,"תחליב רחצה כיף ורד ושמן קוקוי 700 מ""ל",מיליליטרים,700.00,"100 מ""ל",false,1,12.90,1.8429,true,1,21892
7290108357042,false,"קרליין - נושם ביו דאודורנט רול און 75 מ""ל Citrus Blossoms לאישה",קרליין Careline,IL,קרליין דאודורנט רול און ביו סיטריס 75 מל,מיליליטרים,75.00,"100 מ""ל",false,1,13.90,18.5333,true,1,35558
7290108357059,false,"קרליין - נושם ביו דאודורנט רול און 75 מ""ל Secret Garden לאישה",קרליין Careline,IL,קרליין דאודורנט רול און ביו גן קסום 75 מ,מיליליטרים,75.00,"100 מ""ל",false,1,13.90,18.5333,true,1,35559
7290108357073,false,"קרליין - נושם ביו דאודורנט ספריי 150 מ""ל Blossoms Citrus לאישה",קרליין Careline,IL,נושם BIO דיאודורנט ספריי Citrus Blossom,מיליליטרים,150.00,"100 מ""ל",false,1,13.90,9.2667,true,1,35560
7290108357080,false,"קרליין - נושם ביו דאודורנט ספריי 150 מ""ל Secret Garden לאישה",קרליין Careline,IL,נושם BIO דיאודורנט ספריי Secret Garden 1,מיליליטרים,150.00,"100 מ""ל",false,1,13.90,9.2667,true,1,35561
7290108357189,false,"מבשם ומרכך למייבש הכביסה מקסימה פלורל 750 מ""ל סנו","סנו מפעלי ברונוס בע""",IL,מבשם מקסימה למייבש FLORAL TOUCH,יחידה,1.00,יחידה,false,1,18.90,18.9000,true,1,22107
7290108357196,false,"ג'ט פלוס לניקוי כללי בתוספת תמצית עץ התה 750 מ""ל סנו",מיוצר עי קונדיטוריית,IL,"מתז לניקוי סנו גט תמצית עץ, 750 מ""ל",מיליליטרים,750.00,"100 מ""ל",false,1,13.90,1.8533,true,1,33006
7290108357202,false,מתס קליר סנו בניחוח בלו בלוסם 1 ליטר,"סנו מפעלי ברונוס בע""",IL,סנוקליר בניחוח בלו 1 ליטר,ליטרים,1.00,ליטר,false,1,11.90,11.9000,true,1,29798
7290108357233,false,סנוקליר מטליות לחות לניקוי והברקה 50יח,סנו קליר,IL,מגבונים לחים לניקוי חלונות סנו קליר 50 ד,יחידה,1.00,יחידה,false,1,11.90,11.9000,true,1,35562
7290108357240,false,"אוקסיג'ן פאוור תוסף להסרת כתמים קשים 1.4 ק""ג",סנו,IL,סנו אוקסיגן אבקת להסרת כתמים 1.4 קג,קילוגרמים,1.40,"ק""ג",false,1,29.90,21.3571,true,1,35563
7290108357264,false,"פרש אוטומטי מילוי בניחוח מרכך הכביסה אולטרה 375 מ""ל סנו",סנו,IL,סנו פרש מילוי אוטומטי בניחוח מרכך 250 מל,מיליליטרים,250.00,"100 מ""ל",false,1,17.90,7.1600,true,1,37772
7290108357288,false,אקונומיקה ז'אוול בניחוח פריחה לבנה 4 ל' סנו,סנו ז'אוול Javel,IL,זאוול אקונומיקה בניחוח פריחה לבנה 4 ליטר,ליטרים,4.00,ליטר,false,1,15.90,3.9750,true,1,35564
7290108357295,false,"סנו - אוקסיג'ן פאוור מרסס להסרת כתמים 750 מ""ל",סנו,IL,"סנו אוקסיגן פאואר 750 מ""ל",מיליליטרים,750.00,"100 מ""ל",false,1,18.90,2.5200,true,1,36570
7290108357707,false,"כיף שמפו לשיער רגיל-תפוח זרעי צ'יה 700 מ""ל",גוד פוד פרודקטס S.p,IL,כיף שמפו לשיער רגיל תפוח זרעי ציה 700 מ,מיליליטרים,700.00,"100 מ""ל",false,1,12.90,1.8429,true,1,13113
7290108357714,false,"כיף שמפו לשיער יבש -רימונים ושמן ארגן 700 מ""ל",גוד פוד פרודקטס S.p,IL,כיף שמפו לשיער יבש רימונים ושמן ארג700 מ,מיליליטרים,700.00,"100 מ""ל",false,1,12.90,1.8429,true,1,13115
7290108357745,false,שמפו ומרכך 2 ב-1 תאנה ומנטה לכל סוגי השיער,גוד פוד פרודקטס S.p,IL,כיף שמפו ומרכך 2+1 תאנה ומנטה700 מ,מיליליטרים,700.00,"100 מ""ל",false,1,12.90,1.8429,true,1,13117
7290108357769,false,"מרכך לשיער רגיל תפוח וזרעי צ'יה 700 מ""ל כיף",גוד פוד פרודקטס S.p,IL,כיף מרכך לשיער רגיל תפוח זרעי ציה 700 מ,מיליליטרים,700.00,"100 מ""ל",false,1,12.90,1.8429,true,1,13114
7290108357776,false,"כיף מרכך לשיער יבש -רימונים ושמן ארגן 700 מ""ל",גוד פוד פרודקטס S.p,IL,כיף מרכך לשיער יבש רימונים ושמן ארג700 מ,מיליליטרים,700.00,"100 מ""ל",false,1,12.90,1.8429,true,1,13116
7290108357844,false,שקית מילוי אל סבון בניחוח גינסנג 1 ל' כיף,סנו,IL,"כיף אל סבון שקית מילוי + פקק, 1 ליטר",ליטרים,1.00,ליטר,false,1,9.90,9.9000,true,1,35796
7290108357851,false,"כיף - ג'ל רחצה אליקסיר אוילס מועשר בשמן קוקוס 700 מ""ל","קוסמופארם בע""מ",IL,כיף גל רחצה מעושר בשמן קוקוס 700 מל,מיליליטרים,700.00,"100 מ""ל",false,1,12.90,1.8429,true,1,35566
7290108357868,false,"כיף - ג'ל רחצה אליקסיר אויל מועשר בשמן מקדמיה 700 מ""ל",קוסמופארם,IL,כיף גל רחצה מעושר בשמן מקדמיה 700 מל,מיליליטרים,700.00,"100 מ""ל",false,1,12.90,1.8429,true,1,35567
7290108357875,false,"כיף - שמפו לחות מוגברת עם אפרסק וחמאת מורומורו 700 מ""ל",קוסמופארם,IL,כיף שמפו לחות מוגברת אפרסק 700 מל,מיליליטרים,700.00,"100 מ""ל",false,1,12.90,1.8429,true,1,35568
7290108357882,false,"כיף - מרכך לחות מוגברת עם אפרסק וחמאת מורומורו 700 מ""ל",קוסמופארם,IL,כיף מרכך לחות מוגברת אפרסק 700 מל,מיליליטרים,700.00,"100 מ""ל",false,1,12.90,1.8429,true,1,35569
7290108358070,false,"תחליב רחצה קרמה קלאסי 700 מ""ל",גוד פוד פרודקטס S.p,IL,קרמה תחליב רחצה קלאסי 700 מל,מיליליטרים,700.00,"100 מ""ל",false,1,18.90,2.7000,true,1,27377
7290108358087,false,"תחליב רחצה קרמה מאסק 700 מ""ל",גוד פוד פרודקטס S.p,IL,קרמה תחליב רחצה מאסק 700 מל,מיליליטרים,700.00,"100 מ""ל",false,1,18.90,2.7000,true,1,27376
7290108359039,false,שקיות אשפה עם ידיות סנו סושי לפחים 30 יחידות,סנאט גרופ,IL,שקיות אשפה ידיות סנו סושי לפחים גבוהים 3,יחידה,1.00,יחידה,false,1,19.90,19.9000,true,1,30417
7290108359077,false,סנו - סופט לושן ממחטות אף בקופסא 3 שכבות 120 יח',סנו סופט Soft,EG,סופט לושן ממחטות אף 120 יחידות,יחידה,1.00,יחידה,false,1,13.90,13.9000,true,1,35570
7290108359084,false,כיסוי ניילון עם גומי 30 יח' M סנו סושי,סנו,IL,סנו סושי כיסוי ניילון עם גומי M,יחידה,1.00,יחידה,false,1,10.90,10.9000,true,1,37773
7290108359091,false,כיסוי ניילון עם גומי 30 יח' L סנו סושי,סנו,IL,סנו סושי כיסוי ניילון עם גומי L,יחידה,1.00,יחידה,false,1,10.90,10.9000,true,1,37774
7290108359145,false,סושי דפי ספוג הפלא 12יח',קריות זול,IL,סנו סושי דפי ספוג הפלא 12 יח,יחידה,12.00,יחידה,false,1,12.90,1.0750,true,1,37775
7290108359824,false,"כיף - בייבי כיף קרם 500 מ""ל",קוסמופארם בעמ,IL,"לעור רגיש, 500 מל",מיליליטרים,500.00,"100 מ""ל",false,1,25.90,5.1800,true,1,12361
7290108359831,false,"כיף - בייבי כיף שמן 500 מ""ל","מיוצר ומשווק ע""י קוס",IL,בייבי כיף שמן גוף עם לחות מועשרת 500 מל,מיליליטרים,500.00,"100 מ""ל",false,1,25.90,5.1800,true,1,12360
7290108359855,false,"בייבי כיף שמפו אל דמע 750 מ""ל",גוד פוד פרודקטס S.p,IL,"בייבי כיף שמפו אל דמע, 750 מל",מיליליטרים,750.00,"100 מ""ל",false,1,18.90,2.5200,true,1,12358
7290108359879,false,"כיף - בייבי אלסבון 750 מ""ל",קוסמופארם בעמ,IL,"בייבי כיף אל סבון 24 שעות לחות, 750 מל",מיליליטרים,750.00,"100 מ""ל",false,1,18.90,2.5200,true,1,12354
7290108359893,false,"בייבי כיף תחליב רחצה 750 מ""ל",גוד פוד פרודקטס S.p,IL,"בייבי כיף תחליב רחצה לעור רגיש, 750 מל",מיליליטרים,750.00,"100 מ""ל",false,1,18.90,2.5200,true,1,12356
7290108359961,false,אורביטול משחת שיניים פרוטקט פרש 145 ג' שלישיה,טרופיקל דגיל תעשיות,IL,אורביטול משחת שיניים פרוטק 145 באריזת שלישיה,גרמים,145.00,100 גרם,false,1,21.90,15.1034,true,1,22100
7290108359985,false,סנו - ז'אוול מרסס קצף לניקוי וחינו בניחוח פריחה לבנה 1 ליטר,סנו ז'אוול Javel,IL,סנו JAVEL מרסס פריחה לבנה 1 ליטר,ליטרים,1.00,ליטר,false,1,16.90,16.9000,true,1,35571
7290108501346,false,גבינה מגורדת גאודה 500 גר',Euro יורו מחלבות אירופה,IL,גבינת גאודה מגורדת 500גרם 28%,גרמים,500.00,100 גרם,false,1,24.90,4.9800,true,1,25189
7290108501360,true,גבינת צדר בשלה 200 ג,וויקה פארמס אל.טי.די,GB,גבינת צדר בשלה 200 גרם MATURED ORANGE,גרמים,200.00,100 גרם,false,1,22.90,11.4500,true,1,11060
7290108501490,true,גבינת מוצרלה חצי קשה,ג.וילי פוד אינטרנשיו,IL,"Euro cheese גבינת מוצרלה 24% שומן, 150 גרם",גרמים,150.00,100 גרם,false,1,15.90,10.6000,true,1,11053
7290108501827,false,קדאיף שערות בצק 450 גר',הנסיך- מפעל לייצור ט,GR,קדאיף שערות בצק 450 גרם,גרמים,450.00,100 גרם,false,1,24.90,5.5333,true,1,14189
7290108502305,false,גבינת גרדה פדנו משולש 150 גר`וילי פוד,וילי פוד,IT,גבינת גרנה פדנו משולש 150 גרם,גרמים,200.00,100 גרם,false,1,22.90,11.4500,true,1,21645
7290108502329,true,נתחי טונה בשמן זית 6,ארזינא,TH,נתחי טונה בשמן זית 640 גרם ויליפוד 1/4,גרמים,640.00,100 גרם,false,1,30.90,4.8281,true,1,11748
7290108502381,false,בסיסים להכנת פיצה קוטר 26 וילי פוד 480ג',מוטלוקל גידה סאנאי ט,TR,מנת השף בסיסים להכנת פיצה 480 גרם,גרמים,480.00,100 גרם,false,1,13.90,2.8958,true,1,25882
7290108502541,false,גבינת שמנת טבעי 200ג' EURO CHEESE,קסוס אל פסטור,TR,גבינת שמנת טבעי 200 גרם EURO,גרמים,200.00,100 גרם,false,1,13.90,6.9500,true,1,12158
7290108502558,false,גבינת שמנת לייט טבעי 200ג' EURO CHEESE,קסוס אל פסטור,TW,גבינת שמנת לייט טבעי200 גרם EURO,גרמים,200.00,100 גרם,false,1,13.90,6.9500,true,1,12165
7290108502589,false,גבינת שמנת שום 200גרם - EURO CHEESE,קסוס אל פסטור,DE,גבינת שמנת שום 200 גרם EURO,גרמים,200.00,100 גרם,false,1,13.90,6.9500,true,1,12162
7290108502763,true,גבינת קממבר יורו 200,סאסו פטוראגס קומטויס,FR,גבינת קממבר יורו 200גרם,גרמים,200.00,100 גרם,false,1,23.90,11.9500,true,1,11066
7290108503043,false,תפוחונים חטיף פלחים מיובשים מארז 22X4ג',ינטאי זונגקאן פוד קו,CN,תפוחונים מיובשים מארז 3+1 88 גרם,גרמים,88.00,100 גרם,false,1,14.90,16.9318,true,1,13252
7290108503159,false,גבינה כחולה עם עובש 100 גר,קסוס אל פסטור,ES,גבינה כחולה עם עובש 100 גרם EURO,גרמים,100.00,100 גרם,false,1,15.90,15.9000,true,1,12180
7290108503692,false,פיצה מרגריטה ויליפוד,Euro יורו מחלבות אירופה,IT,פיצה מרגריטה ויליפוד 380גרם,גרמים,380.00,100 גרם,false,1,13.90,3.6579,true,1,16910
7290108503708,false,פיצה פטריות ויליפוד,מוטלוקל גידה סאנאי ט,IT,פיצה עם פטריות ויליפוד 390גרם,גרמים,390.00,100 גרם,false,1,13.90,3.5641,true,1,16911
7290108503715,false,פיצה עם זיתים 385 ג' וילי פוד,מוטלוקל גידה סאנאי ט,IT,פיצה עם זיתים ויליפוד 385גרם,גרמים,385.00,100 גרם,false,1,13.90,3.6104,true,1,16912
7290108503746,false,חמאה מלוחה מבלגיה 20,ואליו אל.טי.די,FI,חמאה מלוחה מבלגיה 200 גרם,גרמים,200.00,100 גרם,false,1,13.90,6.9500,true,1,16868
7290108503975,false,קנלוני פסטה איטליאנה,ויליפוד,IT,קנלוני 250 גרם PASTA ITALIANA,גרמים,250.00,100 גרם,false,1,11.90,4.7600,true,1,13635
7290108503982,false,פרוסות גבינה בטעם צ''דר לכריכים וטוסטים 150 ג',,ES,פרוסות גבינה בטעם צדר לכריכים וטוסטים יו,גרמים,150.00,100 גרם,false,1,11.90,7.9333,true,1,28025
7290108504279,false,קשקבל צ'אנק יורו ציז,ג.וילי פוד אינטרנשיו,ES,קשקבל צאנק 150גרם,גרמים,150.00,100 גרם,false,1,18.90,12.6000,true,1,25885
7290108504286,false,גבינה איבריקו צ'אנק 150 גר',ג.וילי פוד אינטרנשיו,ES,איבריקו צאנק 150גרם,גרמים,150.00,100 גרם,false,1,18.90,12.6000,true,1,25886
7290108504293,false,גבינה מנצ'גו צ'אנק 150 גר',ג.וילי פוד אינטרנשיו,ES,מנצגו צאנק 150גרם,גרמים,150.00,100 גרם,false,1,18.90,12.6000,true,1,25887
7290108505177,false,יוגורט עם אננס 0% שומן 150 ג',Euro יורו מחלבות אירופה,GR,דלתא יוגורט עם אננס 0% 150גרם,גרמים,150.00,100 גרם,false,1,5.50,3.6667,true,1,25889
7290108505726,false,גבינה חצי קשה-אצבעות,סאסו פטוראגס קומטויס,TR,אצבעות גבינה חצי קשה 25% 200גרם,גרמים,200.00,100 גרם,false,1,13.90,6.9500,true,1,25894
7290108506495,false,"כנאפה מאפה בצק ""שערות"" קדאיף וגבינה",ארמה גרופ,TR,כנאפה קפוא 192.5גרם,גרמים,193.00,100 גרם,false,1,14.90,7.7202,true,1,25141
7290108506709,false,גבינת פרמג'יאנו רג'יאנו 150 גר' רבנות,וילי פוד,IT,גבינת פרמגאנו רגיאנו 150 גרם,גרמים,150.00,100 גרם,false,1,28.90,19.2667,true,1,24029
7290108506969,false,מאפה בורקס מים תורכי - גבינה 300 ג',וילי פוד,TR,מאפה בורקס מים תורכי- גבינה ויליפוד 300,גרמים,300.00,100 גרם,false,1,14.90,4.9667,true,1,25900
7290108507010,false,מאפה בורקס מים תורכי - תרד וגבינה 300 ג',וילי פוד,TR,מאפה בורקס מים תורכי תרד וגבינה ויליפוד,גרמים,300.00,100 גרם,false,1,14.90,4.9667,true,1,25901
7290108507065,false,גבינת פרמגיאנו רגיאנ,זנאתי,IT,גבינת פרמגיאנו רגיאנו מגורדת 100 גרם,גרמים,100.00,100 גרם,false,1,14.90,14.9000,true,1,29234
7290108507072,false,שבבי גבינת גרנה פדנו,זנאתי,IT,שבבי גבינת גרנה פדנו 100 גרם,גרמים,100.00,100 גרם,false,1,13.90,13.9000,true,1,29233
7290108507188,false,כנאפה משפחתית 657.5 גר',ארמה גרופ,TR,כנאפה אריזה משפחתית 657.5גרם,גרמים,658.00,100 גרם,false,1,32.90,5.0000,true,1,27711
7290108508703,false,טורטיה ללא גלוטן 270 גר',מוטלוקל גידה סאנאי ט,TR,טורטיה ללא גלוטן 270 ג 6 יחידות,גרמים,270.00,100 גרם,false,1,9.90,3.6667,true,1,29859
7290108509113,false,"גבינה בולגרית מעודנת 18% שומן 250 גרם חת""ס פ""ת",Euro יורו מחלבות אירופה,TR,גבינה בולגרית מעודנת יורו 18% 250 גרם,גרמים,250.00,100 גרם,false,1,11.90,4.7600,true,1,35682
7290108509137,false,גבינה בולגרית מעודנת 5% שומן יורו 250 ג',,TR,גבינה בולגרית מעודנת יורו 5% 250 גרם,גרמים,250.00,100 גרם,false,1,11.90,4.7600,true,1,35683
7290108509267,false,ארוחת פסטה עם רוטב גבינה,הנסיך- מפעל לייצור ט,UA,פסטה עם רוטב גבינה 206 גרם,גרמים,206.00,100 גרם,false,1,9.90,4.8058,true,1,34513
7290108509571,false,גבינה מלוחה עם צ'ילי ופפריקה 24% 153גרם,,GR,גבינה פטה עם צילי ופפריקה 24% 153גרם,גרמים,153.00,100 גרם,false,1,18.90,12.3529,true,1,38447
7290108509588,false,גבינה מלוחה עם עשבי תיבול 24% 153גרם,,GR,גבינת פטה עם עשבי תיבול 24% 153גרם,גרמים,153.00,100 גרם,false,1,18.90,12.3529,true,1,38448
7290108509595,false,גבינה מלוחה עם ריחן 24% 153גרם,,GR,גבינת פטה עם עגבניות מיובשות וריחן 24%,גרמים,153.00,100 גרם,false,1,18.90,12.3529,true,1,38449
7290108509700,false,אורז פרסי דאווט 1 קג,אל טי פוד,IN,"אורז פרסי 1 ק""ג DAAWAT",קילוגרמים,1.00,"ק""ג",false,1,10.90,10.9000,true,1,37799
7290108509755,false,גבינת חלומי 23% 250גרם,,קפריסין,גבינת חלומי יורו 23% 250 גרם,גרמים,250.00,100 גרם,false,1,24.90,9.9600,true,1,38450
7290108890402,false,כובע סרוג לונג,אודס,,כובע סרוג לונג,יחידה,1.00,יחידה,false,1,29.90,29.9000,true,1,127598
7290108896350,false,כובע שחור לגבר,IMPOFIX,,כובע שחור לגבר,יחידה,1.00,יחידה,false,1,29.90,29.9000,true,1,128563
7290109351957,false,פריכיות אורז מלא פיטנס עם שכבת שוקולד חלב,סנורייס בלגיום אן. ו,BE,פיטנס פריכיות גדולות שקלד.חלב 12*100גרם,גרמים,100.00,100 גרם,false,1,8.90,8.9000,true,1,128827
7290109351971,false,פריכיות דגנים פיטנס מצופות שוקולד חלב,נסטלה Nestle,IL,פיטנס בר פריכיות שוקולד חלב 12*84גרם,גרמים,84.00,100 גרם,false,1,13.90,16.5476,true,1,128462
7290109352916,false,פריכיות דגנים פיטנס מצופות שוקולד לבן,נסטלה Nestle,IL,פיטנס בר פריכיות שוקולד לבן 12*84גרם,גרמים,84.00,100 גרם,false,1,13.90,16.5476,true,1,128463
7290109353494,false,פסטה פרפקטו פארפאלה 500ג' אסם,אסם פרפקטו Perfecto,IT,פרפקטו פסטה פארפלה 12*500גרם,גרמים,500.00,100 גרם,false,1,7.90,1.5800,true,1,128471
7290109354057,false,קרחוני לה פרוטה La Frutta בטעמי אננס תפוז- 5 יח',תות תעשיות מזון (201,IL,לה פרוטה מאגדת אננס תפוז 8 5*70גרם,גרמים,350.00,100 גרם,false,1,24.90,7.1143,true,1,128338
7290109354101,false,לחמית ללא גלוטן 200 ג' אסם,אסם,IL,לחמית ללא גלוטן 12*200גרם,גרמים,200.00,100 גרם,false,1,10.50,5.2500,true,1,13269
7290109354972,false,אוסם - פתי בר וניל חלבי ללא גלוטן 200 גרם,מיוצר עי קונדיטוריית,IL,אסם פתי בר ללא גלוטן קלאסי 12*200גרם,גרמים,200.00,100 גרם,false,1,11.90,5.9500,true,1,128757
7290109354996,false,פתי בר ללא גלוטן שוקו אוסם 200 ג',מיוצר עי קונדיטוריית,IL,אסם פתי בר ללא גלוטן שוקו 12*200גרם,גרמים,200.00,100 גרם,false,1,11.90,5.9500,true,1,128756
7290109358260,false,טבעול נקניקיות עם חלבון 664 גר',עיצובים 2020 (4.8),IL,נקניקיות עם חלבון טבעול 600 גרם,גרמים,600.00,100 גרם,false,1,32.90,5.4833,true,1,129413
7290109358284,false,שניצל תירס עם 50% תוספת חלבון,עיצובים 2020 (4.8),IL,טבעול שניצל תירס עם חלבון 6*664גרם,גרמים,664.00,100 גרם,false,1,32.90,4.9548,true,1,129412
7290109358482,false,עוגיות קרמוגית במילוי קרם בטעם חלבה,היינץ צפון אמריקה מק,IL,אסם קרמוגית במילוי חלבה 12*200גרם,גרמים,200.00,100 גרם,false,1,11.90,5.9500,true,1,12912
7290109358765,false,דגני בוקר רולס 450 ג' קראנץ',"אסם השקעות בע""מ",IL,דגני קראנץ רולס 450 גרם,גרמים,450.00,100 גרם,false,1,19.90,4.4222,true,1,129281
7290109580050,false,נקניקיות צ'וריסוס וונדרס 0% בשר טבעוני ללא גלוטן,זוגלובק וונדרס Wonders,IL,צוריסו וונדרס 226 גרם,גרמים,226.00,100 גרם,false,1,34.90,15.4425,true,1,29904
7290109580098,false,קבנוס בטעם סרירצ'ה 135 ג' זוגלובק,זוגלובק,IL,קבנוס בטעם סרירצה 135 גרם,גרמים,135.00,100 גרם,false,1,12.50,9.2593,true,1,35254
7290109580104,false,פסטרמה פרימיום רוסטביף 150 גר',זוגלובק,IL,רוסטביף זוגלובק פרימיום 150 גרם,גרמים,150.00,100 גרם,false,1,25.90,17.2667,true,1,29419
7290109580111,false,"צלעות אסאדו מעושנות פרימיום, 120 גרם",זוגלובק,IL,צלעות אסאדו מעושנות פרימיום 120 גרם,גרמים,120.00,100 גרם,false,1,23.90,19.9167,true,1,35253
7290109580135,false,פרימיום קורנדביף זוגלובק 180 ג',זוגלובק,IL,קורנדביף זוגלובק פרימיום 180 גרם,גרמים,180.00,100 גרם,false,1,25.90,14.3889,true,1,29421
7290109580166,false,פרימיום סרוולד קלאסי זוגלובק 150 ג',זוגלובק,IL,סרוולד קלאסי זוגלובק פרימיום 150 גרם,גרמים,150.00,100 גרם,false,1,25.90,17.2667,true,1,29422
7290109580210,false,נקנקיות ריינהולד'ס הצרפתיה זוגלובק 300 ג',זוגלובק,IL,נקניקיות ריינהולדס הצרפתיה 300 גרם,גרמים,300.00,100 גרם,false,1,18.90,6.3000,true,1,33712
7290109580227,false,נקניקיות עוף ובקר בסגנון ברלינאי קאריוורסט,זוגלובק,IL,נקניקיות ריינהולדס קאריוורסט 300 גרם,גרמים,300.00,100 גרם,false,1,18.90,6.3000,true,1,33713
7290109580234,false,"נקניקיות מרגז חריפות וונדרס 0% בשר, טבעוני",זוגלובק וונדרס Wonders,IL,נקניקיות מרגז וונדרס 226 גרם,גרמים,226.00,100 גרם,false,1,34.90,15.4425,true,1,34510
7290109580241,false,נאגטס מן הצומח 500 ג' זוגלובק,זוגלובק טבע,IL,נאגטס מן הצומח זוגלובק 500 גרם,גרמים,500.00,100 גרם,false,1,24.90,4.9800,true,1,37545
7290109580319,false,"בורגר וונדרס 0% בשר , טבעוני",זוגלובק וונדרס Wonders,IL,בורגר וונדרס 280 גרם,גרמים,280.00,100 גרם,false,1,34.90,12.4643,true,1,34511
7290109580432,false,פסטרמה חזה הודו מעושן 120 גר' זוגלובק,זוגלובק,IL,פסטרמה חזה הודו מעושן 120 גר דק דק,גרמים,120.00,100 גרם,false,1,14.90,12.4167,true,1,36244
7290109580449,false,סלמי בטעם כמהין פרימיום 180 ג' זוגלובק,זוגלובק,IL,סלמי בטעם כמהין פרימיום 180 גרם,גרמים,180.00,100 גרם,false,1,25.90,14.3889,true,1,36245
7290109640020,false,גוש טבעוני בטעם מוצרלה 18%,ויגרדן,,משו משו גוש טבעוני בטעם מוצרלה 300 גרם,גרמים,300.00,100 גרם,false,1,19.90,6.6333,true,1,129174
7290109640198,true,מגורדת לפיצה ולאפיה,"טרופיקל דגיל בע""מ אז",IL,מגורדת לפיצה ואפייה 200 גרם,Unknown,0.00,Unknown,false,1,19.90,0.0000,true,1,136389
7290109640204,true,גוש בסגנון חלומי 18%,דגש,IL,גוש בסגנון חלומי 18% 250 גרם משומשו,גרמים,250.00,100 גרם,false,1,20.90,8.3600,true,1,38413
7290109640372,true,ממרח טבעוני 9% זיתים,"טרופיקל דגיל בע""מ אז",IL,ממרח טבעוני 9% זיתים משו משו 200גרם,גרמים,200.00,100 גרם,false,1,16.90,8.4500,true,1,12503
7290109640396,true,ממרח טבעוני 9% בשום,"טרופיקל דגיל בע""מ אז",IL,ממרח טבעוני 9% בשום שמיר משו משו 200גרם,גרמים,200.00,100 גרם,false,1,16.90,8.4500,true,1,12505
7290109640402,true,ממרח טבעוני 9% טבעי,משו משו,IL,ממרח טבעוני 9% טבעי משו משו 200גרם,גרמים,200.00,100 גרם,false,1,16.90,8.4500,true,1,12506
7290109640464,false,פתיתים טבעוניים בסגנ,"טרופיקל דגיל בע""מ אז",IL,פתיתים טבעוניים בסגנון פרמזן משו משו 15,גרמים,150.00,100 גרם,false,1,19.90,13.2667,true,1,22143
7290109640631,false,לאבנה טבעונית 9% שומן 200 גר' משומשו,"טרופיקל דגיל בע""מ אז",IL,לאבנה בסיס קוקוס משו משו %9 שומן 200 גר,גרמים,200.00,100 גרם,false,1,16.90,8.4500,true,1,26822
7290109640648,false,ממרח בטעם חמאה משו מ,"טרופיקל דגיל בע""מ אז",IL,ממרח בטעם חמאה משו משו 150גרם,גרמים,150.00,100 גרם,false,1,14.90,9.9333,true,1,28296
7290109640761,false,מאפה בצק פילאס במילוי פטה טבעונית,סנו מפעלי ברונוס.,IL,מאפה פילאס במילוי פטה טבעונית משו משו 60,גרמים,600.00,100 גרם,false,1,27.90,4.6500,true,1,29836
7290109640778,false,מאפה בצק פילאס טבעוני במילוי טעם בשר 600 גר',סנו מפעלי ברונוס.,IL,מאפה פילאס במילוי בסגנון בשר משו משו 600,גרמים,600.00,100 גרם,false,1,27.90,4.6500,true,1,29837
7290109640785,false,מאפה פילאס טבעוני במילוי בסגנון פיצה,סנו מפעלי ברונוס.,IL,מאפה פילאס במילוי בסגנון פיצהמשו משו 600,גרמים,600.00,100 גרם,false,1,27.90,4.6500,true,1,29838
7290109920146,false,"דורגול מסיר אבנית מקומקומים 750 מ""ל",דורינג,,יעקבי דורגול מסיר אבן ללא הרתחה 750 מל,מיליליטרים,750.00,"100 מ""ל",false,1,20.90,2.7867,true,1,128918
7290109920313,true,אסטוניש מרסס שמשות,פרח,,אסטוניש מבריק שמשות 750 מל,Unknown,0.00,Unknown,false,1,15.90,0.0000,true,1,129942
7290109920597,true,אסטוניש מרסס למקלחון,פרח,,אסטוניש תרסיס למקלחון 750 מל,Unknown,0.00,Unknown,false,1,15.90,0.0000,true,1,136392
7290109920627,true,אסטוניש קרם אמבט,פרח,,יעקבי אסטוניש לחדר האמבט 500 מל,Unknown,0.00,Unknown,false,1,11.90,0.0000,true,1,129939
7290109920672,true,הפי- אבקה למדיח 56,,,הפי- אבקה למדיח 56,Unknown,0.00,Unknown,false,1,24.90,0.0000,true,1,136395
7290109920757,true,הפי מרוכז ורדים,קרלו,BE,"hepi יעקבי, מרכך כביסה סופר מרוכז, ורדים, 1 ליטר",Unknown,0.00,Unknown,false,1,12.90,0.0000,true,1,136398
7290109920825,false,צמד-דורגול אספרסו + דורגול מקציף חלב מתנה,מרקה,CH,אספרסו מנקה ומסיר אבנית 500 מל,מיליליטרים,500.00,"100 מ""ל",false,1,31.90,6.3800,true,1,12755
7290109920832,false,דורגול לניקוי מקציף חלב 500מ'ל,מרקה,CH,דורגול ניקוי וחיטוי יסודי למתקן הקצפת החלב 500 מל,מיליליטרים,500.00,"100 מ""ל",false,1,31.90,6.3800,true,1,12756
7290109920849,true,אסטוניש מרסס רב תכלי,פרח,,אסטוניש מרסס רב תכלי,Unknown,0.00,Unknown,false,1,15.90,0.0000,true,1,136399
7290109921303,false,טורבול סופג לחות 2 מגשיות,טורבול,SE,טורבול SLIM ספוג לחות 2 מגשיות,מיליליטרים,100.00,"100 מ""ל",false,1,31.90,31.9000,true,1,14759
7290109921334,false,יעקבי דפי כביסה אידא,מרקה,ES,"אידיאל דפי בד לכביסה 15 יח """,לא מנהל יחידת מידה,0.00,לא מנהל יחידת מידה,false,1,12.90,0.0000,true,1,13268
7290109921372,false,אסטוניש משחה לניקוי תנורים ספוג 250 ג',אסטוניש,GB,אסטוניש משחה לניקוי תנור וגריל +ספוג,גרמים,250.00,100 גרם,false,1,19.90,7.9600,true,1,14757
7290109921488,false,"דורגול לניקוי וחיטוי מכונת הכביסה 500 מ""ל",דורינג,DE,"דורגול מנקה מכונות כביסה 500 מ""ל",מיליליטרים,500.00,"100 מ""ל",false,1,33.90,6.7800,true,1,21252
7290109921563,false,יעקבי רצפות שיש 1.25 ליטר,וונדפוט,BE,יעקבי לרצפות שיש 1.25 ליטר,ליטרים,1.25,ליטר,false,1,17.90,14.3200,true,1,21254
7290109921570,false,יעקבי רצפות לניקוי פרקט 1.25 ליטר,וונדפוט,BE,יעקבי לניקוי פרקט 1.25 ליטר,ליטרים,1.25,ליטר,false,1,17.90,14.3200,true,1,21255
7290110110277,false,סיידר תפוחים מוגז - מארז רביעייה,"קרלסברג קרואטיה , יב",HR,סומרסבי סיידר 4 בק 330,ליטרים,1.32,ליטר,false,1,35.90,27.1970,true,1,18574
7290110110352,false,בירה קרלסברג ללא אלכ,קרלסברג רומניהיבואן:,RO,"קרלסברג 0.0 בק 330 מ""ל ייבוא",מיליליטרים,330.00,"100 מ""ל",false,1,4.90,1.4848,true,1,22578
7290110110369,false,בירה קרלסברג לומה LUMA שישייה,מבשלות בירה בינלאומי,IL,"קרלסברג LUMA שישייה 330 מ""ל",ליטרים,1.98,ליטר,false,6,49.90,25.2020,true,1,25908
7290110110574,false,"קוקה קולה זירו לימון פחית 330 מ""ל",החברה המרכזית לייצור,IL,"סליק קולה ZERO לימון 330 מ""ל מבצע",מיליליטרים,330.00,"100 מ""ל",false,1,5.90,1.7879,true,1,8848
7290110110635,false,ספרייט בטעם למון ליים,החברה המרכזית לייצור,IL,"ספרייט בקבוק 500 מ""ל",מיליליטרים,500.00,"100 מ""ל",false,1,7.50,1.5000,true,1,10388
7290110113421,false,בירה קרלסברג לומה 33,מבשלות בירה בינלאומי,IL,קרלסברג LUMA בק 330 בודד,מיליליטרים,330.00,"100 מ""ל",false,1,9.90,3.0000,true,1,25909
7290110113902,false,בירה טובורג פחית סלי,מבשלות בירה בינלאומי,IL,"טובורג רד פחית 330 מ""ל",מיליליטרים,330.00,"100 מ""ל",false,1,7.90,2.3939,true,1,33589
7290110114183,false,פריגת יוניקורן אננס,גת,IL,פריגת יוניקורן אננס אגס קווי תרד וספירול,מיליליטרים,400.00,"100 מ""ל",false,1,10.00,2.5000,true,1,36047
7290110114190,false,פריגת יוניקורן תפוח,גת,IL,"סחוט UNICORN תפוח ענבים אגס 400 מ""ל",מיליליטרים,400.00,"100 מ""ל",false,1,10.00,2.5000,true,1,36046
7290110114572,false,נביעות+רכיבי פרי תפו,"נביעות טבע הגליל בע""",IL,נביעות+רכיבי פרי תפוח פירות יער 1.5 ליטר,ליטרים,1.50,ליטר,false,1,10.60,7.0667,true,1,30740
7290110114602,false,נביעות+ רכיבי פרי תפ,"נביעות טבע הגליל בע""",IL,נביעות + רכיבי פרי תפוח אגס 0.5 ליטר,ליטרים,0.50,ליטר,false,1,7.00,14.0000,true,1,30738
7290110114787,false,נביעות + תפוח 1.5 ליטר פיקדון,נביעות טבע הגליל בעמ,IL,נביעות+ בטעם תפוח 1.5 ליטר,ליטרים,1.50,ליטר,false,1,9.90,6.6000,true,1,34403
7290110114794,false,נביעות + אפרסק 1.5 ליטר פיקדון,"נביעות טבע הגליל בע""",IL,נביעות + בטעם אפרסק 1.5 ליטר,ליטרים,1.50,ליטר,false,1,9.90,6.6000,true,1,34404
7290110114800,false,נביעות + ענבים 1.5 ליטר פיקדון,"נביעות טבע הגליל בע""",IL,נביעות + בטעם ענבים 1.5 ליטר,ליטרים,1.50,ליטר,false,1,9.90,6.6000,true,1,34405
7290110114824,false,נביעות+רכיבי פרי אבטיח 1.5 ליטר פיקדון,"נביעות טבע הגליל בע""",IL,נביעות + פרי בטעם אבטיח 1.5 ליטר,ליטרים,1.50,ליטר,false,1,10.90,7.2667,true,1,34407
7290110114855,false,"נביעות מים מינרליים, שישיה 6 * 1.5 ליטר פקדון",נביעות טבע הגליל בעמ,IL,6 נביעות 1.5 ליטר,ליטרים,9.00,ליטר,false,6,13.90,1.5444,true,1,34410
7290110114886,false,מיץ סחוט קלמנטינה 2 ל' פריגת,גת,IL,סחוט קלמנטינה,ליטרים,2.00,ליטר,false,1,26.90,13.4500,true,1,34412
7290110114893,false,מיץ סחוט תפוז 2 ל' פריגת,פריגת,IL,סחוט תפוזים קלאסי 2 ליטר,ליטרים,2.00,ליטר,false,1,26.90,13.4500,true,1,34413
7290110114916,false,מיץ סחוט לימונענע 2 ל' פריגת,פריגת,IL,סחוט לימונענע 2 ליטר,ליטרים,2.00,ליטר,false,1,26.90,13.4500,true,1,34415
7290110114961,false,מיץ בטעם תפוזים 1.5ל' פריגת,מבשלות בירה בינלאומי,IL,"פריגת תפוזים, 1.5 ליטר",ליטרים,1.50,ליטר,false,1,9.90,6.6000,true,1,34417
7290110114985,false,פריגת אשכולית 1.5 ליטר פיקדון,מבשלות בירה בינלאומי,IL,פריגת בטעם אשכוליות 1.5 ליטר,ליטרים,1.50,ליטר,false,1,9.90,6.6000,true,1,34419
7290110114992,false,פריגת light אשכולית 1.5 ליטר פיקדון,מבשלות בירה בינלאומי,IL,פריגת טעם אשכוליות דל קלוריות 1.5 ליטר,ליטרים,1.50,ליטר,false,1,9.90,6.6000,true,1,34420
7290110115005,false,פריגת ענבים 1.5 ליטר פיקדון,מבשלות בירה בינלאומי,IL,משקה קל פירות ענבים תפוחים,ליטרים,1.50,ליטר,false,1,9.90,6.6000,true,1,34421
7290110115029,false,"פריגת משק""ל תפוח 1.5 ליטר פיקדון",מבשלות בירה בינלאומי,IL,פריגת בטעם תפוחים 1.5 ליטר,ליטרים,1.50,ליטר,false,1,9.90,6.6000,true,1,34423
7290110115036,false,פריגת מנגו 1.5 ליטר פיקדון,מבשלות בירה בינלאומי,IL,"משק""ל מנגו 1.5 ליטר",ליטרים,1.50,ליטר,false,1,9.90,6.6000,true,1,34424
7290110115043,false,פריגת לימונענע 1.5 ליטר פיקדון,מבשלות בירה בינלאומי,IL,משקה קל פירות לימונענע,ליטרים,1.50,ליטר,false,1,9.90,6.6000,true,1,34425
7290110115050,false,פריגת מיקס תות בננה 1.5 ליטר פיקדון,מבשלות בירה בינלאומי,IL,פריגת טעם תות בננה 1.5 ליטר,ליטרים,1.50,ליטר,false,1,9.90,6.6000,true,1,34426
7290110115067,false,פריגת אפרסק 1.5 ליטר פיקדון,מבשלות בירה בינלאומי,IL,פריגת בטעם אפרסק 1.5 ליטר,ליטרים,1.50,ליטר,false,1,9.90,6.6000,true,1,34427
7290110115074,false,פריגת תפוח דובדבן 1.5 ליטר פיקדון,מבשלות בירה בינלאומי,IL,פריגת דובדבן תפוח 1.5 ליטר,ליטרים,1.50,ליטר,false,1,9.90,6.6000,true,1,34656
7290110115081,false,פריגת צלול ענבים 1.5 ליטר פיקדון,מבשלות בירה לישראל ב,IL,פריגת צלול משקה קל ענבים תפוחים,ליטרים,1.50,ליטר,false,1,9.90,6.6000,true,1,34428
7290110115111,false,פריגת צלול אננס 1.5 ליטר פיקדון,מבשלות בירה לישראל ב,IL,פריגת צלול משקה קל אננס,ליטרים,1.50,ליטר,false,1,9.90,6.6000,true,1,34431
7290110115128,false,פריגת צלול בטעם לימונענע 1.5 ליטר פיקדון,מבשלות בירה לישראל ב,IL,פריגת צלול משקה קל לימונענע,ליטרים,1.50,ליטר,false,1,9.90,6.6000,true,1,34432
7290110115234,false,קולה ZERO נטול 1.5 ליטר פיקדון,החברה המרכזית לייצור,IL,קוקה קולה ZERO נטול 1.5 ליטר,ליטרים,1.50,ליטר,false,1,8.90,5.9333,true,1,34441
7290110115241,false,קוקה קולה זירו לימון 1.5 ליטר,החברה המרכזית לייצור,IL,קוקה קולה ZERO לימון 1.5 ליטר,ליטרים,1.50,ליטר,false,1,8.90,5.9333,true,1,34442
7290110115258,false,קולה ZERO מנגו 1.5 ליטר פיקדון,החברה המרכזית לייצור,IL,קולה ZERO מנגו 1.5 ליטר,ליטרים,1.50,ליטר,false,1,8.90,5.9333,true,1,34443
7290110115289,false,ספרייט 19 קל' לימון-נענע 1.5 ליטר פיקדון,החברה המרכזית לייצור,IL,ספרייט 19 קל' לימון-נענע 1.5 ליטר,ליטרים,1.50,ליטר,false,1,8.90,5.9333,true,1,34446
7290110115296,false,פאנטה אורנג' 1.5 ליטר פיקדון,החברה המרכזית לייצור,IL,פאנטה אורנג' 1.5 ליטר,ליטרים,1.50,ליטר,false,1,8.90,5.9333,true,1,34447
7290110115302,false,פאנטה ZERO אורנג' 1.5 ליטר פיקדון,החברה המרכזית לייצור,IL,פאנטה ZERO אורנג' 1.5 ליטר,ליטרים,1.50,ליטר,false,1,8.90,5.9333,true,1,34448
7290110115319,false,פאנטה אקזוטיק 1.5 ליטר פיקדון,החברה המרכזית לייצור,IL,פאנטה אקזוטיק 1.5 ליטר,ליטרים,1.50,ליטר,false,1,8.90,5.9333,true,1,34449
7290110115333,false,פאנטה תות 1.5 ליטר פיקדון,החברה המרכזית לייצור,IL,פאנטה גזוז בטעם תות 1.5 ליטר,ליטרים,1.50,ליטר,false,1,8.90,5.9333,true,1,34451
7290110115364,false,קוקה קולה שישיות 1.5 ליטר פיקדון,החברה המרכזית לייצור,IL,קוקה קולה שישיות 1.5 ליטר,ליטרים,9.00,ליטר,false,6,49.90,5.5444,true,1,34453
7290110115371,false,דיאט קוקה קולה שישיות 1.5 ליטר פיקדון,החברה המרכזית לייצור,IL,דיאט קוקה קולה שישיות 1.5 ליטר,ליטרים,9.00,ליטר,false,6,47.90,5.3222,true,1,34454
7290110115395,false,ZERO ספרייט שישיות 1.5 ליטר פיקדון,החברה המרכזית לייצור,IL,ZERO ספרייט שישיות 1.5 ליטר,ליטרים,9.00,ליטר,false,6,47.90,5.3222,true,1,34456
7290110115401,false,קינלי סודה שישייה 1.5 ליטר פיקדון,החברה המרכזית לייצור,IL,קינלי סודה שישייה 1.5 ליטר,ליטרים,9.00,ליטר,false,6,22.90,2.5444,true,1,34457
7290110115418,false,מארז שישייה קוקה קולה זירו 1.5 ל',החברה המרכזית לייצור,IL,קולה ZERO שישיות 1.5 ליטר,ליטרים,9.00,ליטר,false,6,47.90,5.3222,true,1,34458
7290110115425,false,FUZE TEA גרין לימונענע -נענע 1.5 ליטר פיקדון,מבשלות בירה בינלאומי,IL,פיוזטי גרין לימון נענע 1.5 ליטר,ליטרים,1.50,ליטר,false,1,9.90,6.6000,true,1,34459
7290110115449,false,אייס תה בטעם מנגו אננס 1.5ל' FUZE TEA,מבשלות בירה בינלאומי,IL,פיוזטי מנגו אננס 1.5 ליטר,ליטרים,1.50,ליטר,false,1,9.90,6.6000,true,1,34461
7290110115456,false,"תה קר בטעם אפרסק 19 קלוריות ב- 100 מ""ל",מבשלות בירה בינלאומי,IL,FUZE tea אפרסק 19 קל' 1.5 ליטר,ליטרים,1.50,ליטר,false,1,9.90,6.6000,true,1,34462
7290110115463,false,אייס תה בטעם אפרסק 1.5ל' FUZE TEA,מבשלות בירה בינלאומי,IL,פיוזטי אפרסק 1.5 ליטר,ליטרים,1.50,ליטר,false,1,9.90,6.6000,true,1,34463
7290110115494,false,אייס תה בטעם ענבים 1.5ל' FUZE TEA,מבשלות בירה בינלאומי,IL,פיוזטי ענבים 1.5 ליטר,ליטרים,1.50,ליטר,false,1,9.90,6.6000,true,1,34466
7290110115586,false,פריגת תפוזים 40% פחות סוכר 1.5 ליטר פיקדון,מבשלות בירה בינלאומי,IL,"פריגת משק""ל תפוזים 40% פחות סוכר 1.5 ליטר",ליטרים,1.50,ליטר,false,1,9.90,6.6000,true,1,34470
7290110115593,false,פריגת אשכוליות 40% פחות סוכר 1.5 ליטר פיקדון,מבשלות בירה בינלאומי,IL,"פריגת משק""ל אשכוליות 40% פחות סוכר 1.5 ליטר",ליטרים,1.50,ליטר,false,1,9.90,6.6000,true,1,34471
7290110115609,false,פריגת ענבים 40% פחות סוכר 1.5 ליטר פיקדון,מבשלות בירה בינלאומי,IL,"פריגת משק""ל ענבים 40% פחות סוכר 1.5 ליטר",ליטרים,1.50,ליטר,false,1,9.90,6.6000,true,1,34472
7290110115616,false,FUZE tea zero גרין אננס 1.5 ליטר פיקדון,מבשלות בירה בינלאומי,IL,פיוזטי ZERO גרין אננס 1.5 ליטר,ליטרים,1.50,ליטר,false,1,9.90,6.6000,true,1,34537
7290110115623,false,משקה פיוז טי זירו ZERO בטעם אפרסק,מבשלות בירה בינלאומי,IL,פיוזטי ZERO אפרסק 1.5 ליטר,ליטרים,1.50,ליטר,false,1,9.90,6.6000,true,1,34538
7290110115777,false,מים מינרלים נביעות 1.5 ל,נביעות,,מים נביעות בקבוק 1.5 ליטר,ליטרים,1.50,ליטר,false,1,4.20,2.8000,true,1,34558
7290110115821,false,"ספרייט לימון, 1.5 ליטר פקדון",כלורוקס אוקלנד,IL,ספרייט בקבוק 1.5 ליטר,ליטרים,1.50,ליטר,false,1,8.90,5.9333,true,1,34444
7290110115838,false,"ספרייט זירו, 1.5 ליטר פקדון","אינסטנטה בע""מ",IL,ספרייט זירו בקבוק 1.5 ליטר,ליטרים,1.50,ליטר,false,1,8.90,5.9333,true,1,34445
7290110115845,false,קוקה קולה 1.5 ליטר פיקדון,"אינסטנטה בע""מ",IL,קוקה קולה בקבוק 1.5 ליטר,ליטרים,1.50,ליטר,false,1,8.90,5.9333,true,1,34438
7290110115852,false,קוקה קולה דיאט בקבוק,תות תעשיות מזון (201,IL,קוקה קולה דיאט בקבוק 1.5 ליטר,ליטרים,1.50,ליטר,false,1,8.90,5.9333,true,1,34439
7290110115869,false,קוקה קולה זירו 1.5 ליטר פיקדון,תות תעשיות מזון (201,IL,קוקה קולה זירו בקבוק 1.5 ליטר,ליטרים,1.50,ליטר,false,1,8.90,5.9333,true,1,34440
7290110115876,false,סודה קינלי 1.5 ליטר,"אינסטנטה בע""מ",IL,סודה קינלי 1.5 ליטר,ליטרים,1.50,ליטר,false,1,5.20,3.4667,true,1,34452
7290110115913,false,"משקה ספורט איזוטוני זירו בטעם אננס 500 מ""ל פאוורייד",Caslino al Piano pla,IT,"פאוורייד ZERO בטעם אננס 500 מ""ל",מיליליטרים,500.00,"100 מ""ל",false,1,9.90,1.9800,true,1,35431
7290110116064,false,פאנטה ZERO פירות ירוק 1.5 ליטר פיקדון,החברה המרכזית לייצור,IL,פאנטה זירו ירוק 1.5 ליטר,ליטרים,1.50,ליטר,false,1,8.90,5.9333,true,1,36193
7290110116125,false,סירופ בטעם פטל במתיק,סירופ גבעת חיים,IL,סירופ בטעם פטל 750 מל,מיליליטרים,750.00,"100 מ""ל",false,1,24.90,3.3200,true,1,38063
7290110116132,false,"מיץ לימון 750 מ""ל פריגת",סירופ גבעת חיים,IL,סירופ בטעם לימון 750 מל,מיליליטרים,750.00,"100 מ""ל",false,1,24.90,3.3200,true,1,38064
7290110116149,false,"מיץ ענבים 750 מ""ל פריגת",סירופ גבעת חיים,IL,סירופ בטעם ענבים 750 מל,מיליליטרים,750.00,"100 מ""ל",false,1,24.90,3.3200,true,1,38065
7290110116194,false,"מים לימון ליים 0 קלוריות, 1.5 ל נביעות","נביעות טבע הגליל בע""",IL,נביעות+ 0 קלוריות לימון ליים 1.5 ליטר,ליטרים,1.50,ליטר,false,1,9.90,6.6000,true,1,37696
7290110116200,false,מים 0 קלוריות בטעם לימון-ליים 0.5 ל נביעות,"נביעות טבע הגליל בע""",IL,נביעות+ 0 קלוריות לימון ליים 0.5 ליטר,מיליליטרים,500.00,"100 מ""ל",false,1,7.00,1.4000,true,1,37698
7290110116217,false,נביעות+ אשכוליות 0קלוריות 1.5 ליטר,"נביעות טבע הגליל בע""",IL,נביעות+ 0 קלוריות בטעם אשכולית 1.5 ליטר,ליטרים,1.50,ליטר,false,1,9.90,6.6000,true,1,37695
7290110116224,false,מים 0 קלוריות בטעם אשכולית 0.5 ל נביעות,"נביעות טבע הגליל בע""",IL,נביעות+ 0 קלוריות אשכולית 0.5 ליטר,מיליליטרים,500.00,"100 מ""ל",false,1,7.00,1.4000,true,1,37697
7290110116385,false,"קולה זירו בטעם אבטיח תות, 330 מ""ל",החברה המרכזית למשקאו,IL,קולה קולה זירו סטאפני 330 מל,מיליליטרים,330.00,"100 מ""ל",false,1,7.50,2.2727,true,1,36719
7290110116392,false,מיץ תפוזים 750 מל פריגת,סירופ גבעת חיים,IL,סירופ בטעם תפוזים 750 מל,מיליליטרים,750.00,"100 מ""ל",false,1,24.90,3.3200,true,1,38066
7290110116484,false,מיץ סחוט תות בננה 1 ל' פריגת,Unknown,IL,פריגת MIX תות בננה 1 ליטר,ליטרים,1.00,ליטר,false,1,16.50,16.5000,true,1,38255
7290110320591,false,גבינה בולגרית מעודנת 16%,פיראוס,IL,פיראוס בולגרית 16% שומן במרקם מעודן,גרמים,250.00,100 גרם,false,1,24.90,9.9600,true,1,129330
7290110320850,false,פתיתים גבינה חצי קשה מגורדת 28% שומן,תנובה מרכז שיתופי לש,IL,עמק פתיתים 28% שומן 200 גרם,גרמים,200.00,100 גרם,false,1,16.90,8.4500,true,1,129669
7290110320867,false,פתיתים גבינה חצי קשה מגורדת 28% שומן,תנובה מרכז שיתופי לש,IL,עמק פתיתים 28% שומן 500 גרם,גרמים,500.00,100 גרם,false,1,36.90,7.3800,true,1,129609
7290110320935,false,גבינת מוצרלה תנובה 150ג' פרוסות,תנובה מרכז שיתופי לש,IL,פרוסות מוצרלה קולקשיין 150 גרם,גרמים,150.00,100 גרם,false,1,17.90,11.9333,true,1,129610
7290110321031,false,מעדן חלב GO יוגורט מועשר בחלבון טבעי 200 ג' יופלה,"תנובה, מחלבת אלון תב",IL,GO יוגורט יופלה שומן 20 וחלבון 200 גרם,גרמים,200.00,100 גרם,false,1,6.30,3.1500,true,1,129605
7290110321048,false,יוגורט גו במתיקות מע,תנובה,IL,יוגורט יופלה GO במתיקות מעודנת 200 גרם,גרמים,200.00,100 גרם,false,1,6.30,3.1500,true,1,129606
7290110321277,false,קוטג' בקטנה % 5 100 ג' תנובה,פארייפאבה אגרואינדוס,IL,תנובה קוטג' 5% בקטנה 100 גרם,גרמים,100.00,100 גרם,false,1,2.70,2.7000,true,1,129815
7290110321284,false,קוטג' בקטנה 9% 100 ג' תנובה,פארייפאבה אגרואינדוס,IL,תנובה קוטג' 9% בקטנה 100 גרם,גרמים,100.00,100 גרם,false,1,2.70,2.7000,true,1,129816
7290110321680,false,יוגורט GO בטעם תות 20 גרם חלבון בגביע,מיוצר עי קונדיטוריית,IL,יוגורט עם תות בתוספת חלבוני חלב,גרמים,200.00,100 גרם,false,1,6.30,3.1500,true,1,129936
7290110321697,false,יוגורט GO בטעם אפרסק 20 גרם חלבון בגביע,מיוצר עי קונדיטוריית,IL,יוגורט עם אפרסק בתוספת חלבוני חלב,גרמים,200.00,100 גרם,false,1,6.30,3.1500,true,1,129937
7290110321703,false,יוגורט GO בטעם פירות יער 20 גרם חלבון בגביע,מיוצר עי קונדיטוריית,IL,יוגורט עם פירות יער מועשר בחלבון,גרמים,200.00,100 גרם,false,1,6.30,3.1500,true,1,9009
7290110321789,false,גבינת מסקרפונה 38% השף הלבן 250 ג',תנובה,IL,קרם מסקרפונה250גרם,גרמים,250.00,100 גרם,false,1,22.90,9.1600,true,1,4994
7290110322014,false,טופו בטעם טבעי תנובה ALTERNATIVE,שוורצקוף& הנקל דיסלד,IL,טופו טבעי 300 גרם,גרמים,300.00,100 גרם,false,1,13.90,4.6333,true,1,9978
7290110322021,false,טופו עם בזיליקום תנובה ALTERNATIVE,שוורצקוף& הנקל דיסלד,IL,טופו בטעם בזיליקום,גרמים,300.00,100 גרם,false,1,13.90,4.6333,true,1,9977
7290110322038,false,טופו פיקנטי תנובה ALTERNATIVE,תנובה Alternative,IL,טופו פקנטי 300 גרם,גרמים,300.00,100 גרם,false,1,13.90,4.6333,true,1,9976
7290110322946,true,יופלה טיוב יוגורט במ,תנובה בעמ,IL,יופלה טיוב יוגורט במרקם חלק בטעם תות בננ,גרמים,350.00,100 גרם,false,1,13.50,3.8571,true,1,12120
7290110323073,false,משקה יוגורט GO מועשר בחלבון תות ופטל,מיוצר עי קונדיטוריית,IL,משקה יוגורט יופלה GO 20 מועשר בחלבון תו,מיליליטרים,236.00,"100 מ""ל",false,1,6.90,2.9237,true,1,12123
7290110323301,false,טל העמק בסגנון אמנטל 32% שומן 200 גרם,עמק - תנובה,IL,גבינה צהובה טל העמק 32% שומן 200 גרם,גרמים,200.00,100 גרם,false,1,19.90,9.9500,true,1,12864
7290110323585,true,יוגורט עם דובדבן מופ,תנובה בעמ,IL,יוגורט עם דובדבן מופחת קולוריות GO200גרם,גרמים,200.00,100 גרם,false,1,6.30,3.1500,true,1,12508
7290110323592,true,יוגורט עם אפרסק מופח,מיוצר עי קונדיטוריית,IL,יוגורט עם אפרסק מופחת קולוריות GO200גרם,גרמים,200.00,100 גרם,false,1,6.30,3.1500,true,1,12509
7290110323714,false,משקה קוקוס שקדים תנובה E אלטרנטיב,מיוצר עי קונדיטוריית,IL,משקה קוקוס שקדים תנובה 1 ליטר,ליטרים,1.00,ליטר,false,1,13.90,13.9000,true,1,13129
7290110324070,false,גבינת חלומי מחלב בקר 22%שומן 200גר,"תנובה בע""מ",IL,גבינת חלומי מחלב בקר 22% שומן 200 גרם,גרמים,200.00,100 גרם,false,1,21.90,10.9500,true,1,14700
7290110324711,false,ממרח סויה בטעם טבעי 9% שומן אלטרנטיב,מיוצר עי קונדיטוריית,IL,ממרח סויה 9% בטעם טבעי,גרמים,250.00,100 גרם,false,1,9.90,3.9600,true,1,14398
7290110324728,false,ממרח סויה עם שום שמיר 9% שומן אלטרנטיב,מיוצר עי קונדיטוריית,IL,ממרח סויה 9% עם שום שמיר,גרמים,250.00,100 גרם,false,1,9.90,3.9600,true,1,14399
7290110324841,false,מעדן שקדים עם שוקולד מריר אלטרנטיב,מיוצר עי קונדיטוריית,IL,מעדן שקדים עם שוקולד מריר אלטרנטיב 125גר,גרמים,125.00,100 גרם,false,1,4.50,3.6000,true,1,21672
7290110324858,false,מעדן שקדים בטעם אגוזי לוז אלטרנטיב,מיוצר עי קונדיטוריית,IL,מעדן שקדים בטעם אגוזי לוז אלטרנטיב 125 ג,גרמים,125.00,100 גרם,false,1,4.50,3.6000,true,1,21673
7290110324872,false,גבינה צהובה גלבוע 5% שומן 200 גרם,גלבוע - תנובה,IL,גבינת גלבוע 5% שומן 200 גרם,גרמים,200.00,100 גרם,false,1,19.90,9.9500,true,1,22048
7290110324926,false,משקה סויה ללא תוספת סוכר E אלטרנטיב,תנובה מרכז שיתופי לש,IL,משקה סויה ללא תוספת סוכר 1 ליטר,ליטרים,1.00,ליטר,false,1,12.50,12.5000,true,1,21682
7290110325114,false,"משקה יוגורט יופלה גו לייט תות בננה 250 מ""ל - רבנות",מיוצר עי קונדיטוריית,IL,משקה יוגורטGO לייט תות בננה 250 מל,מיליליטרים,250.00,"100 מ""ל",false,1,6.90,2.7600,true,1,19666
7290110325121,false,משקה יוגורט יופלה גו לייט מנגו אננס,"תנובה בע""מ",IL,משקה יוגורטGO לייט מנגו אננס 250מל,מיליליטרים,250.00,"100 מ""ל",false,1,6.90,2.7600,true,1,19665
7290110325169,false,פרוסות גבינת גאודה 30%,תנובה,IL,פרוסות גאודה קולקשיין 170 גרם,גרמים,170.00,100 גרם,false,1,22.90,13.4706,true,1,23421
7290110325305,false,מעדן סויה GO מועשר בחלבון במתיקות מעודנת,מיוצר עי קונדיטוריית,IL,מעדן סויהGO 20 גרם חלבון במתיקות מעודנת 200גרם,גרמים,200.00,100 גרם,false,1,6.20,3.1000,true,1,21676
7290110325312,false,מעדן סויה GO מועשר בחלבון בטעם תות,"תנובה בע""מ",IL,מעדן סויה GO 20 גרם חלבון בטעם תות 200גרם,גרמים,200.00,100 גרם,false,1,6.20,3.1000,true,1,21675
7290110325510,false,יופלה טיוב יוגורט במרקם חלק בטעם וניל - 348 ג',"תנובה בע""מ",IL,יופלה טיוב יוגורט בטעם וניל - יוניקור 34,גרמים,348.00,100 גרם,false,1,13.50,3.8793,true,1,22046
7290110325619,false,משקה שיבולת שועל תנובה E אלטרנטיב,מיוצר עי קונדיטוריית,IL,משקה שיבולת שועל 1ליטר,ליטרים,1.00,ליטר,false,1,13.90,13.9000,true,1,22606
7290110325626,false,משקה שקדים ללא תוספת,תנובה,IL,"משקה שקדים לל""ס 1ליטר",ליטרים,1.00,ליטר,false,1,13.90,13.9000,true,1,25983
7290110325701,false,פיראוס צזיקי יווני 9% שומן על בסיס יוגורט,גוד פוד פרודקטס S.p,IL,צזיקי יווני פיראוס 9% על בסיס יוגורט,גרמים,250.00,100 גרם,false,1,13.30,5.3200,true,1,22944
7290110325879,false,פתיתי גאודה 200 ג' תנובה,תנובה- השף הלבן,IL,פתיתי גאודה 200 גרם,גרמים,200.00,100 גרם,false,1,19.90,9.9500,true,1,23422
7290110325893,false,משקה חלב GO מועשר בחלבון בטעם אייס קפה,מיוצר עי קונדיטוריית,IL,תנובה GO אייס קפה 340 מל,מיליליטרים,340.00,"100 מ""ל",false,1,8.90,2.6176,true,1,22611
7290110326173,false,יולו COOKIES שוקולדלבן בטעם קרם עוגיות+עוגיות ונטיפי שוקולד 120 ג',תנובה,IL,יולו קוקיס שוקולד לבן בטעם קרם עוגיות ב,גרמים,120.00,100 גרם,false,1,5.50,4.5833,true,1,23350
7290110326180,false,יולו COOKIES שוקולד חלב נוגט+עוגיות ונטיפי שוקולד 120 ג'.,תנובה,IL,יולו קוקיס שוקולד חלב בטעם קרם נוגט בתו,גרמים,120.00,100 גרם,false,1,5.50,4.5833,true,1,23351
7290110326210,false,יופלה און טופ פצפוצים 157 גרם.,מיוצר עי קונדיטוריית,IL,יופלה און טופ פצפוצים 157 גרם,גרמים,157.00,100 גרם,false,1,5.20,3.3121,true,1,23423
7290110326227,false,יוגורט און טופ קורנפלקס 157 ג' יופלה,מיוצר עי קונדיטוריית,IL,יופלה און טופ קורנפלקס 157 גרם,גרמים,157.00,100 גרם,false,1,5.20,3.3121,true,1,23425
7290110326234,false,יוגורט און טופ כוכבים 157 ג' יופלה,מיוצר עי קונדיטוריית,IL,יופלה און טופ כוכבים 157 גרם,גרמים,157.00,100 גרם,false,1,5.20,3.3121,true,1,23424
7290110326241,false,יופלה און טופ גרנולה 157 גרם.,מיוצר עי קונדיטוריית,IL,יופלה און טופ גרנולה 157 גרם,גרמים,157.00,100 גרם,false,1,5.20,3.3121,true,1,23426
7290110326333,false,פרוסות גבינה בסגנון סקנדינבי 31%,פ.פ.ח. שאביט,IL,פרוסות גבינה סקנדינבית קולקשיין 170 גרם,גרמים,200.00,100 גרם,false,1,19.90,9.9500,true,1,27123
7290110326906,false,חלב נטול לקטוז 3% 1 ליטר,מיוצר עי קונדיטוריית,IL,חלב נטול לקטוז 3% 1 ליטר,ליטרים,1.00,ליטר,false,1,7.50,7.5000,true,1,27120
7290110326982,false,משקה YOLO חלב עם שוקולד קלאסי 1 ליטר,תנובה,IL,YOLO משקה חלב עם שוקולד קלאסי 1 ליטר,ליטרים,1.00,ליטר,false,1,13.90,13.9000,true,1,26305
7290110326999,false,"משקאות חלב+שוקולד קלאסי 340 מ""ל YOLO בקבוק.",תנובה,IL,"YOLO משקה חלב עם שוקולד קלאסי 340מ""ל",מיליליטרים,340.00,"100 מ""ל",false,1,7.50,2.2059,true,1,26302
7290110327033,false,משקה סויה גו מועשר בחלבון במתיקות מופחתת 1 ליטר,מיוצר עי קונדיטוריית,IL,משקהמועשר בחלבון במתיקות מופחתת GO,לא מנהל יחידת מידה,0.00,לא מנהל יחידת מידה,false,1,13.90,0.0000,true,1,26826
7290110327064,false,משקה קפה שיבולת שועל,תנובה,IL,משקה קפה שיבולת שועל בטעם קרמל 1 ליטר,ליטרים,1.00,ליטר,false,1,12.60,12.6000,true,1,26320
7290110327125,false,פטה 21% מחלב צאן במי מלח-200ג',תנובה בעמ,GR,פיראוס פטה 21% מחלב צאן 200 גרם,גרמים,200.00,100 גרם,false,1,22.90,11.4500,true,1,28619
7290110327316,false,גבינה לבנה + פריכיות,תנובה בעמ,IL,גבינה לבנה 5% בתוספת פריכיות 139 גרם,גרמים,139.00,100 גרם,false,1,5.90,4.2446,true,1,30316
7290110327514,false,משקה שיבולת שועל בטעם אגוזי לוז 1 ליטר אלטרנטיב,תנובה מרכז שיתופי לש,IL,משקה שיבולת שועל אלטרנטיב אגוזי לוז 1 ל,ליטרים,1.00,ליטר,false,1,13.90,13.9000,true,1,34110
7290110327545,false,מעדן און טופ תות פצפוצים מצופים שוקולד 157ג' יופלה,מיוצר עי קונדיטוריית,IL,יופלה אוןטופ תות תוספת פצפוצים מצופים157,גרמים,157.00,100 גרם,false,1,4.90,3.1210,true,1,34815
7290110327798,false,חטיף חלבון GO - שוקולד 60 ג' חלב נוכרי - רבנות,"בלמונט קונפקציות בע""",US,חטיף חלבון גו בטעם שוקולד 20גרם חלבון 60,גרמים,60.00,100 גרם,false,1,12.90,21.5000,true,1,30287
7290110327804,false,חטיף חלבון GO - עוגיות 60 ג' חלב נוכרי - רבנות,"בלמונט קונפקציות בע""",US,חטיף חלבון גו בצק עוגיות 20גרם חלבון 60,גרמים,60.00,100 גרם,false,1,12.90,21.5000,true,1,30288
7290110327811,false,חטיף חלבון GO - קוקוס 60 ג' חלב נוכרי - רבנות,"בלמונט קונפקציות בע""",US,חטיף חלבון גו קוקוס 20גרם חלבון 60,גרמים,60.00,100 גרם,false,1,12.90,21.5000,true,1,30289
7290110327828,false,חטיף חלבון GO - חמאת בוטנים 60 ג' חלב נוכרי - רבנות,"בלמונט קונפקציות בע""",US,חטיף חלבון גו חמאת בוטנים 20גרם חלבון 60,גרמים,60.00,100 גרם,false,1,12.90,21.5000,true,1,30290
7290110328016,false,משקה סויה מועשר בחלבון בטעם אגוזי לוז 250 גרם,תנובה מרכז שיתופי לש,IL,"משקה סויה מועשר בחלבון בטעם אגוזי לוז 250 מ""ל",מיליליטרים,250.00,"100 מ""ל",false,1,6.90,2.7600,true,1,29249
7290110328023,false,משקה סויה מועשר בחלבון בטעם קפה 250 גרם,תנובה מרכז שיתופי לש,IL,"משקה סויה מועשר בחלבון בטעם קפה 250 מ""ל",מיליליטרים,250.00,"100 מ""ל",false,1,6.90,2.7600,true,1,29248
7290110328221,false,יוגורט תנובה נטול לק,מיוצר עי קונדיטוריית,IL,יוגורט תנובה נטול לקטוז 3% 200 גרם,גרמים,200.00,100 גרם,false,1,3.90,1.9500,true,1,29171
7290110328474,false,גבינת פרמג'יאנו רג'יאנו 30% מחלב בקר,מנדלז סי.אר. פרודקשן,IT,פלח פרמגיאנו רגיאנו קולקשיין 150 גרם,גרמים,150.00,100 גרם,false,1,30.90,20.6000,true,1,29846
7290110328481,false,פתיתי פרמג'יאנו רג'יאנו מחלב בקר 30%,ברטינלי גיאני א.,IT,פתיתי פרמגאנו רגיאנו קולקשיין 100 גרם,גרמים,100.00,100 גרם,false,1,16.90,16.9000,true,1,29847
7290110328504,false,טריו - מיקס גבינות מוצרלה סקנדינבית וגאודה 300 גרם,מיוצר עי קונדיטוריית,IL,מיקס גבינות מוצרלה סקנדינבית וגאודה השף,גרמים,300.00,100 גרם,false,1,28.90,9.6333,true,1,29848
7290110328580,false,יוגורט ביו 5% 200 ג' תנובה,מיוצר עי קונדיטוריית,IL,יוגורט תנובה 5% 200 גרם,גרמים,200.00,100 גרם,false,1,3.20,1.6000,true,1,34111
7290110328627,false,יוגורט יופלה GO במרקם סמיך בטעם בננה קרמל 0%,מיוצר עי קונדיטוריית,IL,יוגורט GO סמיך 0% בננה קרמל 200 גרם,גרמים,200.00,100 גרם,false,1,6.30,3.1500,true,1,30321
7290110328764,false,יוגורט יופלה GO במרקם סמיך עם תות 0%,מיוצר עי קונדיטוריית,IL,יוגורט GO סמיך 0% תות 200 גרם,גרמים,200.00,100 גרם,false,1,6.30,3.1500,true,1,30320
7290110328771,false,יוגורט יופלה GO במרקם סמיך עם פירות יער 0%,מיוצר עי קונדיטוריית,IL,יוגורט GO סמיך 0% פ. יער 200 גרם,גרמים,200.00,100 גרם,false,1,6.30,3.1500,true,1,30319
7290110328788,false,יוגורט יופלה GO במרקם סמיך בטעם אפרסק 0%,תנובה מרכז שיתופי לש,IL,יוגורט GO סמיך 0% אפרסק 200 גרם,גרמים,200.00,100 גרם,false,1,6.30,3.1500,true,1,30318
7290110328955,false,קוביות גבינת עזים בשמן מתובל 350 גרם,דודוני תעשיית החלב ה,GR,קוביות גבינת עזים בשמן פיראוס 350 גרם,גרמים,350.00,100 גרם,false,1,28.90,8.2571,true,1,35605
7290110329136,false,מעדן חלב מעושר בחלבון בטעם שוקולד 120 ג' GO,תנובה מרכז שיתופי לש,IL,מעדן חלב גו בטעם שוקולד 12 חלבון 120גרם,גרמים,120.00,100 גרם,false,1,5.00,4.1667,true,1,34112
7290110329143,false,מעדן חלב מעושר בחלבון בטעם וניל גביע 120 ג' GO,תנובה מרכז שיתופי לש,IL,מעדן חלב גו בטעם וניל 12 חלבון 120גרם,גרמים,120.00,100 גרם,false,1,5.00,4.1667,true,1,34113
7290110329266,false,יוגורט תנובה מחלב עיזים מלא תנובה 140 ג',קריות זול,IL,יוגורט תנובה מחלב עיזים 140 גרם,גרמים,140.00,100 גרם,false,1,6.20,4.4286,true,1,33505
7290110329273,false,יוגורט מחלב עיזים מלא תנובה 750 ג',תנובה,IL,יוגורט תנובה מחלב עיזים 750 גרם,גרמים,750.00,100 גרם,false,1,21.90,2.9200,true,1,33506
7290110329303,false,פרוסות צהובה 200 גרם אלטרנטיב אלטרנטיב,תנובה Alternative,IL,פרוסות בטעם צהובה קלאסית אלטרנטיב 200 גר,גרמים,200.00,100 גרם,false,1,22.90,11.4500,true,1,34116
7290110329631,false,יוגורט יופלה וניל שכ,"תנובה בע""מ",IL,OLALAיופלה וניל תות 150 גרם,גרמים,150.00,100 גרם,false,1,4.90,3.2667,true,1,34575
7290110329686,false,"משקה חלב בטעם עוגיות 340 מ""ל GO",מיוצר עי קונדיטוריית,IL,משקה חלב GO בטעם עוגיות 340 מל,מיליליטרים,340.00,"100 מ""ל",false,1,8.90,2.6176,true,1,34117
7290110329709,false,יוגורט תנובה 0% שומן,מיוצר עי קונדיטוריית,IL,יוגורט תנובה 0% 200 גרם,גרמים,200.00,100 גרם,false,1,3.20,1.6000,true,1,34119
7290110329716,false,משקה קפה קר בטעם קפוצ'ינו 230 ג' תנובה,תנובה מרכז שיתופי לש,IL,"משקה חלב עם קפה קפוצינו 230 מ""ל",מיליליטרים,230.00,"100 מ""ל",false,1,7.90,3.4348,true,1,35991
7290110329723,false,משקה קפה קר בטעם לאטה 230 ג' תנובה,תנובה מרכז שיתופי לש,IL,"משקה חלב עם קפה לאטה 230 מ""ל",מיליליטרים,230.00,"100 מ""ל",false,1,7.90,3.4348,true,1,35992
7290110329730,false,"משקה חלב עם שוקולד וקפה בסגנון לאטה 2.7%  230 מ""ל תנובה",תנובה מרכז שיתופי לש,IL,"משקה חלב עם קפה שוקולד 230 מ""ל",מיליליטרים,230.00,"100 מ""ל",false,1,7.90,3.4348,true,1,35993
7290110329792,false,יוגורט סויה BIO Alternative אפרסק 150 ג' תנובה,מיוצר עי קונדיטוריית,IL,סויה אלטרנטיב ביו אפרסק150 גרם,גרמים,150.00,100 גרם,false,1,4.70,3.1333,true,1,34600
7290110329808,false,יוגורט סויה BIO Alternative תות 150 ג' תנובה,מיוצר עי קונדיטוריית,IL,סויה אלטרנטיב ביו תות 150 גרם,גרמים,150.00,100 גרם,false,1,4.70,3.1333,true,1,34599
7290110329815,false,סויה BIO מתיקות מעודנת גביע 150 גרם אלטרנטיב,מיוצר עי קונדיטוריית,IL,סויה אלטרנטיב ביו מתיקות מעודנת150 גרם,גרמים,150.00,100 גרם,false,1,4.70,3.1333,true,1,34598
7290110329822,false,יוגורט סויה BIO Alternative פירות יער 150 ג' תנובה,מיוצר עי קונדיטוריית,IL,סויה אלטרנטיב ביו פירות יער 150 גרם,גרמים,150.00,100 גרם,false,1,4.70,3.1333,true,1,34712
7290110329846,false,יוגורט סויה BIO Alternative בטעם טבעי 150 ג' תנובה,תנובה Alternative,IL,סויה אלטרנטיב ביו טבעי150 גרם,גרמים,150.00,100 גרם,false,1,4.70,3.1333,true,1,34601
7290110329914,false,מאגדת משקה שיבולת שועל ושקדים 100 גרם*6 יח' ביו אלטרנטיב,תנובה מרכז שיתופי לש,IL,מאגדת משקה שיבולת שועל ושקדים ביו אלטרנט,גרמים,600.00,100 גרם,false,6,18.90,3.1500,true,1,34824
7290110421083,false,כובע ילדים דמויות,IMPOFIX,,כובע ילדים דמויות,לא מנהל יחידת מידה,0.00,לא מנהל יחידת מידה,false,1,19.90,0.0000,true,1,21050
7290110424619,false,צעיף נשים סגור,,,צעיף נשים סגור,יחידה,1.00,יחידה,false,1,29.90,29.9000,true,1,11179
7290110472016,false,כבל מטאלי 2 מטר,Unknown,,כבל 2 מטר - TYPE C,יחידה,1.00,יחידה,false,1,39.90,39.9000,true,1,21716
7290110472467,false,מתאם למצת TYPE C,Unknown,,מתאם למצת TYPE C,יחידה,0.00,יחידה,false,1,44.90,0.0000,true,1,21490
7290110472474,false,מתאם קיר TYPE C,Unknown,,מתאם קיר TYPE C,יחידה,1.00,יחידה,false,1,54.90,54.9000,true,1,21491
7290110472856,false,מטען רכב Qualcomm Du,Unknown,,מטען רכב Qualcomm Duet,יחידה,1.00,יחידה,false,1,49.90,49.9000,true,1,21482
7290110473433,false,אוזניות JUST BASS אפ,Unknown,,אוזניות JUST BASS אפור,יחידה,1.00,יחידה,false,1,49.90,49.9000,true,1,21499
7290110473501,false,ז.טלסקופית לרכב שחור,Unknown,,זרוע לרכב TECH GRIP BLACK,יחידה,1.00,יחידה,false,1,54.90,54.9000,true,1,21515
7290110473594,false,זרוע לרכב ROCKET GRI,Unknown,,זרוע לרכב ROCKET GRIP BLACK,יחידה,1.00,יחידה,false,1,49.90,49.9000,true,1,21504
7290110474256,false,כבל aux iron man,Unknown,,כבל aux iron man,יחידה,1.00,יחידה,false,1,49.90,49.9000,true,1,21486
7290110474430,false,מתאם לאוזניות מ אפל,Unknown,,מתאם AUX מאושר אפל,יחידה,1.00,יחידה,false,1,79.90,79.9000,true,1,21476
7290110474560,false,אוזניות מיקרופון NEW,Unknown,,אוזניות מיקרופון NEW AGE SOUND,יחידה,1.00,יחידה,false,1,49.90,49.9000,true,1,21494
7290110474577,false,אוזניות מיקרופון DOU,Unknown,,אוזניות מיקרופון DOUBLE OUT LOUD,יחידה,1.00,יחידה,false,1,79.90,79.9000,true,1,21493
7290110474690,false,כבל USB C לחיבור LI,Unknown,,כבל USB C לחיבור LIGHTNING מאושר אפל,יחידה,1.00,יחידה,false,1,69.90,69.9000,true,1,21485
7290110475116,false,מטען קיר SPEEDY,Unknown,,מטען קיר SPEEDY,יחידה,1.00,יחידה,false,1,79.90,79.9000,true,1,21484
7290110476267,false,מטען קיר מאושר אפל 2,Unknown,,מטען קיר מאושר אפל 2,יחידה,1.00,יחידה,false,1,119.00,119.0000,true,1,29159
7290110550394,false,שוקולד PERFECT BITE קרם אגוזים ושברי אגוזים 234 ג' עלית,"שטראוס גרופ בע""מ",IL,BITEחטיפי שוקולד קרם אגוזים ושב 234 גרם,גרמים,234.00,100 גרם,false,1,19.90,8.5043,true,1,34012
7290110552220,false,יוגורט PRO בטעם תות 0% סוכר לבן 20 גרם חלבון בגביע,"שטראוס בריאות בע""מ",IL,'דנונה פרו 20גר' ללא סוכר תות,גרמים,200.00,100 גרם,false,1,6.50,3.2500,true,1,34679
7290110552237,false,יוגורט פרו בטעם אפרסק מנגו ללא סוכר 200 ג' דנונה,"שטראוס בריאות בע""מ",IL,דנונה פרו 20גר' ללא סוכר אפרסק מנגו,גרמים,200.00,100 גרם,false,1,6.50,3.2500,true,1,34680
7290110553029,false,"אנרג'י קריספס-פריכיות חומוס, עדשים ואפונה עם קייל וסלק","פרח תעשיו מזון בע""מ",IL,אנרגי פריכיות חלבון קייל חומוס ומלח 60,גרמים,60.00,100 גרם,false,1,10.90,18.1667,true,1,34944
7290110553036,false,קריספס-פריכיות עם אפונה ובטטה סגולה בטעם בצל מקורמל,"פרח תעשיו מזון בע""מ",IL,אנרגי פריכיות חלבון בטטה סגולה ואפונה 60 גרם,גרמים,60.00,100 גרם,false,1,10.90,18.1667,true,1,34945
7290110553173,false,אנרג'י - פריכיות בטעם קרמל 40 גרם,סאנורייס בלגיום,IL,אנרג`י פריכיות בטעם קרמל 40 גרם,מיליליטרים,40.00,"100 מ""ל",false,1,7.90,19.7500,true,1,36740
7290110553180,false,אנרג'י - פריכיות בטעם תפוח קינמון 40 גרם,סאנורייס בלגיום,IL,אנרג`י פריכיות בטעם תפוח קינמון 40 גרם,מיליליטרים,40.00,"100 מ""ל",false,1,7.90,19.7500,true,1,36741
7290110553210,false,סבבה בוטנים הוט באפלו ווינגס 50 גרם,STRAUSS-ISRAEL,IL,סבבה בוטנים הוט באפלו ווינגס 50 גרם,גרמים,50.00,100 גרם,false,1,2.90,5.8000,true,1,36568
7290110553449,false,מילקי קייק סנאק *6,בווארד טור ד'אלבון,FR,מילקי סנאק 6 יחידות,גרמים,1.00,100 גרם,false,6,14.90,1490.0000,true,1,34828
7290110553623,false,צ'יטוס קראנצ'י בטעם צ'דר חלפיניו - חלבי,"שטראוס פריטו ליי בע""",IL,ציטוס קראנץ צדר חלפיניו 80 גרם,גרמים,80.00,100 גרם,false,1,4.90,6.1250,true,1,36898
7290110553876,false,סלט גזר דליקטס 250 ג,שטראוס,IL,סלט גזר דליקטס 250 גרם,גרמים,250.00,100 גרם,false,1,11.90,4.7600,true,1,35664
7290110554118,false,נודלס מלזי חריף עם טופו וירקות ברוטב קארי ירוק,"טרופיקל דגיל בע""מ אז",IL,נודלס מלזי חריף דלישס 350גרם,גרמים,350.00,100 גרם,false,1,26.90,7.6857,true,1,33749
7290110554125,false,נודלס סצ'ואן חריף 350 ג' דלישס,אוכל ביתי ניר עציון,IL,נודלס סצואן חריף דלישס 350גרם,גרמים,350.00,100 גרם,false,1,26.90,7.6857,true,1,35054
7290110554507,false,עלית - קפה טורקי תימני 100 גרם,שטראוס קפה בי.וי.,IL,קפה טורקי תימני 100 גרם,גרמים,100.00,100 גרם,false,1,8.90,8.9000,true,1,36154
7290110554514,false,עלית - קפה טורקי אתיופי 100 גרם,שטראוס קפה בי.וי,IL,קפה טורקי אתיופי 100 גרם,גרמים,100.00,100 גרם,false,1,8.90,8.9000,true,1,36153
7290110554699,false,"קפה עולה קפסולות אספרסו קלייה איטית וכהה מאוד, 10 * 50 ג'",שטראוס קפה בי.וי.,IL,קפסולות קפה אספרסו עולה 50 גרם,גרמים,50.00,100 גרם,false,1,16.90,33.8000,true,1,36725
7290110554705,false,"קפסולות קפה יונילקו אספרסו קלוי וטחון, 10 * 50 ג'",שטראוס קפה בי.וי.,IL,קפסולות קפה אספרסו יוניקו 50 גרם,גרמים,50.00,100 גרם,false,1,16.90,33.8000,true,1,36724
7290110555078,false,לאבנה עם שמן זית ועשבי תיבול 250 גר',"מחלבות בר בכפר בע""מ",IL,לאבנה עם שמן זית ועשבי תיבול 250 גרם,גרמים,250.00,100 גרם,false,1,10.90,4.3600,true,1,35689
7290110555306,false,רבע לשבע טבעוני סינמון באן 25ג' עלית,הגביע מוצרי וופלים ב,IL,רבע לשבע טבעוני סינמון באן 125 גרם,גרמים,125.00,100 גרם,false,1,12.90,10.3200,true,1,37785
7290110555603,false,ספלנדיד אבקה להכנת משקה בטעם שוקולטה,"ג'אלוסיס י. בע""מ",GR,שוקולוטה ספלנדיד 360 גרם,גרמים,360.00,100 גרם,false,1,21.90,6.0833,true,1,38339
7290110555788,false,נסקפה קפוצ'ינו פחית וניל 200 ג' עלית,שטראוס,IL,קפוצינו פחית וניל 200 גרם,גרמים,200.00,100 גרם,false,1,23.90,11.9500,true,1,38338
7290110555795,false,נסקפה קפוצ'ינו פחית קלאסי 200 ג' עלית,שטראוס,IL,קפוצינו פחית קלאסי 200 גרם,גרמים,200.00,100 גרם,false,1,23.90,11.9500,true,1,38337
7290110556242,false,"שוקולד מריר פרווה 100 גר' בד""ץ תוצרת חוץ","שטראוס גרופ בע""מ.",IL,שוקולד פרה מריר 100 גרם,גרמים,100.00,100 גרם,false,1,5.90,5.9000,true,1,37599
7290110557027,false,חומוס עשיר 50% טחינה גולמית 400 ג' אחלה,מיוצר עי קונדיטוריית,IL,חומוס הסדרה 50% טחינה 400גרם,גרמים,400.00,100 גרם,false,1,14.90,3.7250,true,1,34234
7290110557102,false,מעדן חלב עם שוקולד מועשר בחלבון 150 ג' שטראוס,מיוצר עי קונדיטוריית,IL,מעדן חלב עם שוקולד פרו 11 חלבון 150גרם,גרמים,150.00,100 גרם,false,1,5.00,3.3333,true,1,33474
7290110557133,false,מעדן הגולן וניל 125 ג' שטראוס,מיוצר עי קונדיטוריית,IL,מעדן הגולן וניל 125 גרם,גרמים,125.00,100 גרם,false,1,3.20,2.5600,true,1,33717
7290110558130,false,אקטיביה עם שיבולת שועל ודבש 150 ג' דנונה,"שטראוס בריאות בע""מ",IL,אקטיביה עם שיבולת שועל ודבש 150 גרם,גרמים,150.00,100 גרם,false,1,5.00,3.3333,true,1,36029
7290110558154,false,דנונה לייט אנד פרי עוגת תפוחים 150ג דנונה,"שטראוס בריאות בע""מ",IL,דנונה לייט אנד פרי עוגת תפוחים 150גרם,גרמים,150.00,100 גרם,false,1,4.90,3.2667,true,1,36701
7290110558215,false,"דנונה קראנצ`פיסטוק עם פיצפוץ לבן קראנצי פיסטוק, 173 גרם","שטראוס בריאות בע""מ",IL,דנונה בר קראנצ פיסטוק פצפוץ לבן 173 ג,גרמים,173.00,100 גרם,false,1,4.80,2.7746,true,1,38034
7290110558222,false,"וואו יוגורט עם שכבה בטעם בנופי פאי 5.4%, 150ג דנונה","שטראוס בריאות בע""מ",IL,WOW דנונה בנופי 150 גרם,גרמים,150.00,100 גרם,false,1,4.90,3.2667,true,1,36354
7290110558239,false,"וואו יוגורט עם שכבה בטעם קראק פאי 5.4%, 150 ג דנונה","שטראוס בריאות בע""מ",IL,WOW דנונה קראק פאי 150גרם,גרמים,150.00,100 גרם,false,1,4.90,3.2667,true,1,36700
7290110558253,false,"דנונה ריפרש בננה אננס וצ`יה, 250 גרם","שטראוס בריאות בע""מ",IL,"דנונה ריפרש בננה אננס וציה 250מ""ל",מיליליטרים,250.00,"100 מ""ל",false,1,5.90,2.3600,true,1,36030
7290110558284,false,יוגורט ביו מולטי 200 ג' דנונה,"שטראוס בריאות בע""מ",IL,דנונה ביו מולטי 200 גרם,מיליליטרים,200.00,"100 מ""ל",false,1,4.50,2.2500,true,1,36349
7290110558307,false,יוגורט דנונה PRO עם שיבולת שועל במתיקות מעודנת,"שטראוס בריאות בע""מ",IL,דנונה פרו 20 גר עם שיבולת שועל 200גרם,גרמים,200.00,100 גרם,false,1,6.50,3.2500,true,1,35691
7290110558314,false,דנונה פרו 20 ג' חלבון ללא סוכר פיסטוק 200 גרם,"שטראוס בריאות בע""מ",IL,דנונה פרו 20 גרםללא סוכר בטעם פיסטוק,גרמים,200.00,100 גרם,false,1,6.50,3.2500,true,1,36355
7290110558338,false,יוגורט PRO בטעם מתיקות מעודנת 1.5% שומן,"שטראוס בריאות בע""מ",IL,יוגורט פרו 25 גר חלבון 200 גרם,גרמים,200.00,100 גרם,false,1,5.90,2.9500,true,1,35692
7290110558666,false,מעדן גבינה בטעם תפוח 88 ג' דניאלה,"שטראוס בריאות בע""מ",IL,דניאלה בטעם תפוח 88גרם,גרמים,88.00,100 גרם,false,1,4.40,5.0000,true,1,37961
7290110559045,false,מילקשייק וניל עם סיר,מחלבת יטבתה,IL,מילקשייק וניל עם סירופ שוקולד 300 מיל',מיליליטרים,300.00,"100 מ""ל",false,1,7.90,2.6333,true,1,36348
7290110559939,false,שווארמה מנתחי סויה ו,אוכל ביתי ניר עציון,IL,נתחי סויה בסגנון שווארמה ומגדרה דלישס 3,גרמים,350.00,100 גרם,false,1,26.90,7.6857,true,1,35695
7290110560300,false,"הפריכיות הטעימות חומוס, עדשים שחורות, קינואה ופלפל שחור",אנרג'י Energy - שטראוס,IL,פריכיות משולשות- פלפל שחור,גרמים,30.00,100 גרם,false,1,5.90,19.6667,true,1,12198
7290110560317,false,"הפריכיות הטעימות חומוס, עדשים שחורות, קינואה ומלח ים","פרח תעשיו מזון בע""מ",IL,פריכיות משולשות- מלח ים,גרמים,30.00,100 גרם,false,1,5.90,19.6667,true,1,12199
7290110560324,false,"הפריכיות הטעימות תפו""א, אורז, אפונה ומלח ים","פרח תעשיו מזון בע""מ",IL,פריכיות משולשות- אפונה ירוקה,גרמים,30.00,100 גרם,false,1,5.90,19.6667,true,1,12200
7290110561352,false,דנונה יוגורט ביו פרוביוטי 3% דל לקטוז 150ג',"שטראוס בריאות בע""מ",IL,דנונה דל לקטוז בתוספת סידן,גרמים,200.00,100 גרם,false,1,3.70,1.8500,true,1,139041
7290110563431,false,"משקה קפה קר בסגנון קלאסי 230 מ""ל 1.6% יוטבתה",האי נאם סי או אל.טי.,AT,משקה קפה קר בסגנון קלאסי 1.6%,מיליליטרים,230.00,"100 מ""ל",false,1,7.90,3.4348,true,1,13221
7290110563448,false,"משקה קפה קר בסגנון מעודן 230 מ""ל 1.6% יוטבתה",האי נאם סי או אל.טי.,AT,"משקה קפה קר בסגנון מעודן 230 מ""ל",מיליליטרים,230.00,"100 מ""ל",false,1,7.90,3.4348,true,1,13222
7290110563462,false,חלב בבקבוק נטול לקטוז 2% יטבתה 1 ל',מחלבת יטבתה,IL,חלב בבקבוק נטול לקטוז 2%,ליטרים,1.00,ליטר,false,1,8.20,8.2000,true,1,13512
7290110564339,false,חומוס אחלה הסידרה המובחר 30% טחינה 400 גר',מיוצר עי קונדיטוריית,IL,חומוס עשיר ב30% טחינה הסדרה המובחרת400,גרמים,400.00,100 גרם,false,1,14.90,3.7250,true,1,129885
7290110564360,false,חומוס אחלה הסידרה המובחר 40% טחינה 400 גר',מיוצר עי קונדיטוריית,IL,חומוס עשיר ב40% טחינה הסדרה המובחרת400 d,גרמים,400.00,100 גרם,false,1,14.90,3.7250,true,1,129886
7290110564414,false,חומוס אחלה הסידרה המובחר 30% טחינה 600 גר',מיוצר עי קונדיטוריית,IL,חומוס הסדרה המובחרת 30% טחינה 600 גרם,גרמים,600.00,100 גרם,false,1,16.90,2.8167,true,1,129884
7290110564742,false,"משקה קפה קר בסגנון חזק 230 מ""ל 1.2% יוטבתה",האי נאם סי או אל.טי.,AT,משקה קפה קר בסגנון חזק -חדש,מיליליטרים,230.00,"100 מ""ל",false,1,7.90,3.4348,true,1,13223
7290110565527,false,יוגורט PRO פרו 1.5% 20 גרם חלבון בגביע,"שטראוס בריאות בע""מ",IL,דנונה פרו 20 גר 1.5% שומן,גרמים,200.00,100 גרם,false,1,6.50,3.2500,true,1,129817
7290110566579,false,דבש לחיץ יד מרדכי 200 גר,מכוורת יד מרדכי שטרא,IL,דבש בקבוק לחיץ 200 גרם,גרמים,200.00,100 גרם,false,1,12.90,6.4500,true,1,18818
7290110566975,false,דנונה פרו יוגורט 0% תות עשיר בחלבון 200ג',"שטראוס בריאות בע""מ",IL,דנונה פרו 20 גר תות 0% שומן,גרמים,200.00,100 גרם,false,1,6.50,3.2500,true,1,8817
7290110568238,false,"קצפת צמחית 21% שומן 250 מ""ל יוטבתה",מחלבת יטבתה,IL,קצפת צמחית 21% 250 גרם,גרמים,250.00,100 גרם,false,1,8.50,3.4000,true,1,10022
7290110568276,false,משקה וניל פרו Pro מועשר בחלבון 1.5%,מילקוורק,IL,"משקה יטבתה פרו וניל 350 מ""ל",מיליליטרים,350.00,"100 מ""ל",false,1,6.50,1.8571,true,1,9004
7290110568559,false,דוריטוס עלית מארז חמוץ חריף 10 יח' *25 ג',שטראוס פריטוליי,IL,מארז דוריטוס 10 25 גר חמוץ חריף,גרמים,250.00,100 גרם,false,1,14.90,5.9600,true,1,36206
7290110570224,false,משקה קפה קר בטעם עוגיות 230ג' יוטבתה,אנסטל מילק kg,AT,משקה קפה קר בטעם עוגיות 230מל,מיליליטרים,230.00,"100 מ""ל",false,1,7.90,3.4348,true,1,36345
7290110571382,false,מעדן חלב בטעם וניל מעושר בחלבון 150 ג' שטראוס,"שטראוס בריאות בע""מ",IL,מעדן חלב בטעם וניל מועשר בחלבון,גרמים,150.00,100 גרם,false,1,5.00,3.3333,true,1,35696
7290110572884,false,"קפסולות קפה מספר 20 למכונת אספרס אספרסו, 50 גרם",שטראוס קפה בי.וי.,IL,קפסולות אספרסו 20 שטראוס 50 גרם,גרמים,50.00,100 גרם,false,1,16.90,33.8000,true,1,38336
7290110576318,false,מאגדת שלישיית שוקולד אגוז לבן 300 ג' עלית,עלית,FR,מארז שלישיית אגוז לבן (100*3),גרמים,300.00,100 גרם,false,3,27.90,9.3000,true,1,37827
7290110576356,false,"שוקולד ספלנדיד מריר 64% - חלבי , מפולי קקאו מפרו",קימ'ס גריפלנן,BE,ספלנדיד שוקולד מריר פרו 64%,גרמים,100.00,100 גרם,false,1,8.90,8.9000,true,1,37951
7290110576363,false,"שוקולד ספלנדיד מריר 80% חלבי ,פולי קקאו מאוגנדה",קימ'ס גריפלנן,BE,ספלנדיד שוקולד מריר אוגנדה 80%,גרמים,100.00,100 גרם,false,1,8.90,8.9000,true,1,37950
7290110576370,false,מארז שלישייה שוקולד מריר חלבי עם אגוזי לוז,עלית,FR,מארז שלישיית אגוז מריר(3*100),גרמים,300.00,100 גרם,false,3,27.90,9.3000,true,1,37828
7290110576387,false,מאגדת שלישיית שוקולד אגוז חלב 300 ג' עלית,שטראוס,IL,מארז שלישיית שוקולד אגוז חלב 100 גרם,גרמים,300.00,100 גרם,false,3,27.90,9.3000,true,1,37826
7290110576752,false,טבלאות שוקולד ספלנדיד מריר 70% 100 ג' עלית,קימ'ס גריפלנן,BE,ספלנדיד מריר 70% 100 גרם,גרמים,100.00,100 גרם,false,1,9.90,9.9000,true,1,38190
7290110576776,false,טבלאות שוקולד ספלנדיד מריר 85% 100 ג' עלית,קימ'ס גריפלנן,BE,ספלנדיד מריר 85% 100 גרם,גרמים,100.00,100 גרם,false,1,9.90,9.9000,true,1,38191
7290110576790,false,סקי בטעם מוקה 125 ג' שטראוס,"שטראוס בריאות בע""מ",IL,סקי בטעם מוקה 125 גרם,גרמים,125.00,100 גרם,false,1,3.90,3.1200,true,1,38036
7290110576851,false,"גמדים לשתיה סלט פירות 8 יח' *100מ""ל",קריות זול,IL,גמדים לשתיה סלט פירות שמיניה 864 מל,מיליליטרים,864.00,"100 מ""ל",false,1,21.90,2.5347,true,1,38037
7290110576868,false,רבעיית גמדים סלט פירוט * 100 ג' שטראוס,קריות זול,IL,גמדים רביעיית סלט פירות 400גרם,גרמים,400.00,100 גרם,false,1,11.90,2.9750,true,1,38038
7290110577230,false,משקה חלב בטעם פיסטוק יטבתה 1 ליטר,מחלבת יטבתה,IL,משקה חלב בטעם פיסטוק 1 ליטר,ליטרים,1.00,ליטר,false,1,12.90,12.9000,true,1,38039
7290110577247,false,"יטבתה משקה חלב-פיסטוק בבקבוק 350 מ""ל",מחלבת יטבתה,IL,משקה חלב בטעם פיסטוק 350 מל,מיליליטרים,350.00,"100 מ""ל",false,1,6.50,1.8571,true,1,38040
7290110577728,false,"משקה שייק חלבון מי גבינה עם פירות יער 350מ""ל יטבתה",מחלבת יטבתה,IL,שייק חלבון מי גבינה פירות יער 350 מל,מיליליטרים,350.00,"100 מ""ל",false,1,7.50,2.1429,true,1,38455
7290111340178,true,מטליות לניקוי כללי ב,עלבד משואות יצחק בעמ,IL,מטליות לניקוי כללי ב,Unknown,0.00,Unknown,false,1,13.90,0.0000,true,1,136764
7290111340185,true,מטליות לניקוי רצפה ב,עלבד משואות יצחק בעמ,IL,ניקול מטליות לחות לניקוי הרצפה 10 יחידות,Unknown,0.00,Unknown,false,1,13.90,0.0000,true,1,136765
7290111341557,false,טמפונים קוטקס אקטיב סופר 32 יחידות,קימברלי,IL,טמפונים קוטקס אקטיב סופר 32 יחידות,לא מנהל יחידת מידה,0.00,לא מנהל יחידת מידה,false,1,25.90,0.0000,true,1,14711
7290111341816,false,נייר אפייה סליידר 25מטר ניקול,אופל,IL,נייר אפייה בגליל עם,לא מנהל יחידת מידה,0.00,לא מנהל יחידת מידה,false,1,21.90,0.0000,true,1,13384
7290111341984,false,לילי - מגבוני נייר טואלט לח פיור רביעייה,קימברלי,GB,לילי לח רביעייה,יחידה,1.00,יחידה,false,1,23.90,23.9000,true,1,21638
7290111342042,false,כריות יפניות לניקוי וקרצוף אנטיבקטריאלי,פלסטו פוליש,IL,ניקול כריות יפניות אנטיבקטריאלי,גרמים,280.00,100 גרם,false,1,12.90,4.6071,true,1,23016
7290111342059,false,מטליות לחות לניקוי משטחים אנטיבקטריאלי,ניקול,IL,מטליות לחות לניקוי וחיטוי משטחים אנטיבקטריאלי,לא מנהל יחידת מידה,0.00,לא מנהל יחידת מידה,false,1,13.90,0.0000,true,1,23015
7290111342073,false,מטליות מקרופייבר למשטחים אנטיבקטריאלי ניקול,סנו,CN,ניקול מטליות מיקרופייבר למשטחים אנטיבקטר,לא מנהל יחידת מידה,0.00,לא מנהל יחידת מידה,false,1,15.90,0.0000,true,1,23017
7290111343117,false,זוג ממחטות לושן סופט קלינקס -140 דף,קימברלי,IL,קלינקס טישו לושן סופט פק זוגות - 140 דף,לא מנהל יחידת מידה,0.00,לא מנהל יחידת מידה,false,1,14.90,0.0000,true,1,27849
7290111343797,false,מטליות לחות לניקוי חלונות 48 יח' ניקול,עלבד,IL,מטליות לחות לניקוי חלונות,יחידה,1.00,יחידה,false,1,11.90,11.9000,true,1,27349
7290111343827,false,ניקול מטליות רב שימו,UFO,IL,"ניקול מטליות קרצוף רב""ש 6 יחידות",יחידה,1.00,יחידה,false,1,11.90,11.9000,true,1,27381
7290111343841,false,ספוגית הקסם נירוסטה - מארז 3 יחידות,ניקול,CN,ניקול ספוגית הקסם נירוסטה 3 יח,יחידה,1.00,יחידה,false,1,11.90,11.9000,true,1,27382
7290111343858,false,מטליות לחות לרצפה אנטיבקטריאלי 10 יחי',עלבד משואות יצחק,IL,ניקול מטליות לחות לרצפה אנטיבקטריאלי 10,לא מנהל יחידת מידה,0.00,לא מנהל יחידת מידה,false,1,13.90,0.0000,true,1,26375
7290111344138,false,שישיית מטליות רב שימושיות,עלבד,IL,ניקול מטליות רב שימושיות אנטיבטריאליות 6,יחידה,1.00,יחידה,false,1,11.90,11.9000,true,1,25727
7290111344206,false,האגיס נטורל קר מגבונים לחים בבישום עדין רביעייה,חוגלה קימברלי,IL,מגבוני האגיס נטורל קייר מבושם 4*64,לא מנהל יחידת מידה,0.00,לא מנהל יחידת מידה,false,1,23.90,0.0000,true,1,34176
7290111344732,false,קלינקס - טיישו אלרג'י קומפורט ניילון זוגות 140 דף,קימברלי,IL,קלינקס אלרגי קומפורט זוג 2 * 70 יחידות,יחידה,1.00,יחידה,false,1,14.90,14.9000,true,1,34101
7290111344824,false,קוטקס - מגן תחתון אנטיבקטראלי לארג' 52 יח',,CN,קוטקס מגן תחתון אנטיבקטרי 52 יחידות,יחידה,1.00,יחידה,false,1,19.90,19.9000,true,1,34641
7290111344831,false,קוטקס - מגיני יום אקסטרא פרוטקט נורמל ביג 60 יח',חוגלה קימברלי,CN,מגן תחתון קוטקס נורמל 60 יחידות,יחידה,1.00,יחידה,false,1,19.90,19.9000,true,1,34642
7290111344879,false,קוטקס - מגן תחתון 2 ב-1 לארג' 44 יח',,CN,מגן תחתון קוטקס 2ב1 44 יחידות,יחידה,1.00,יחידה,false,1,19.90,19.9000,true,1,34643
7290111345753,false,תחבושות נטורל דואו נורמל 24 יח' קוטקס,קריות זול,CN,תחבושת קוטקס כותנה נורמל 24 יחידות,לא מנהל יחידת מידה,0.00,לא מנהל יחידת מידה,false,1,19.90,0.0000,true,1,35496
7290111345760,false,תחבושות נטורל דואו סופר 18 יח' קוטקס,קריות זול,CN,תחבושת קוטקס כותנה סופר 18 יחידות,לא מנהל יחידת מידה,0.00,לא מנהל יחידת מידה,false,1,19.90,0.0000,true,1,35497
7290111345777,false,תחבושת קוטקס כותנה לילה 16 יח' קוטקס,קריות זול,CN,תחבושת קוטקס כותנה לילה 16 יחידות,לא מנהל יחידת מידה,0.00,לא מנהל יחידת מידה,false,1,19.90,0.0000,true,1,35498
7290111346088,false,נייר טואלט מולט דו שכבתי 30 גל,חוגלה קימברלי,IL,נייר טואלט מולט 30 גלילים,יחידה,1.00,יחידה,false,1,29.90,29.9000,true,1,36657
7290111346293,false,מגבת נייר ניקול שישייה מהדורת חג,קימברלי קלארק,IL,מגבת נייר ניקול שישייה מהדורה,יחידה,6.00,יחידה,false,1,12.90,2.1500,true,1,36104
7290111346347,false,מגבוני אף אוריגינל סופט חמישיה קלינקס,קימברלי,IL,קלינקס אוריגנל חמישייה,יחידה,1.00,יחידה,false,1,16.90,16.9000,true,1,38468
7290111350030,false,רסק תפוחי עץ טבעי 670 גרם,טעמי הגליל,IL,רסק תפוחי עץ טבעי 670 גרם,גרמים,670.00,100 גרם,false,1,13.30,1.9851,true,1,128971
7290111350047,false,תמרים ללא חרצנים 500 גר',טעמי הגליל,IL,תמרים מגולענים קלית גת 500 גרם,גרמים,500.00,100 גרם,false,1,13.90,2.7800,true,1,12743
7290111350665,false,דבש טהור לחיץ קליית,חקלאות עין חרוד מאוח,IL,קליית גת דבש לחיץ טהור מפרחי בר 350 גרם,גרמים,350.00,100 גרם,false,1,27.90,7.9714,true,1,12746
7290111350672,false,דבש טהור קליית גת 700ג',חקלאות עין חרוד מאוח,IL,קליית גת דבש טהור מפרחי בר 700 גרם,גרמים,700.00,100 גרם,false,1,36.90,5.2714,true,1,12747
7290111350719,false,נאצוס הופופ בטעם מסעדות 322ג',הוט פופ Hot pop,US,נאצוס הוטפופ מסעדות 332 גרם,גרמים,332.00,100 גרם,false,1,15.90,4.7892,true,1,13824
7290111350726,false,נאצוס הופופ בטעם מקסיקני 322ג',הוט פופ Hot pop,US,נאצוס הוטפופ מקסיקני 332 גרם,גרמים,332.00,100 גרם,false,1,15.90,4.7892,true,1,13823
7290111350740,false,הוט פופ קידס טבעי+מלח 500 ג' +5 גביעים,פופז בעמ,US,שקיות הוטפופ + 5 גביעים מדליקים,גרמים,500.00,100 גרם,false,1,15.90,3.1800,true,1,12932
7290111351280,false,תערובת אגוזים קלויים,קליית גת,IL,תערובת אגוזים קלויים ללא מלח 150 ג,גרמים,150.00,100 גרם,false,1,19.90,13.2667,true,1,13428
7290111351334,false,קלית גת תמר מגהול650,הדקלאים אגודת שיתופי,IL,קליית גת תמר מג'הול טבעי 650 גרם,גרמים,650.00,100 גרם,false,1,26.90,4.1385,true,1,18802
7290111352430,false,ממרח תמרים טבעי 440 גר',"כד בני דרום בע""מ",IL,ממרח תמרים טבעי קלייית גת 440 גרם,גרמים,440.00,100 גרם,false,1,14.90,3.3864,true,1,23354
7290111352935,false,יוגטה סוכריות טופי ממולאות 600 גרם 3 טעמים,מוטקה החולב,TR,טופי יוגטה ממולא 600 גרם,גרמים,600.00,100 גרם,false,1,14.90,2.4833,true,1,26140
7290111352973,false,יוגוטה קוביות חמוצות ממולאות בטעם פירות,יוגטה yogueta,TR,קוביות חמוצות ממולאות בטעם פירות,גרמים,220.00,100 גרם,false,1,8.90,4.0455,true,1,26139
7290111354083,false,תערובת אגוזים מקורמל,קליית גת,IL,תערובת אגוזים מקורמלים וצימוקים 150 גרם,גרמים,150.00,100 גרם,false,1,19.90,13.2667,true,1,34858
7290111354182,false,פריכיות אורז צילי 70,קליית גת,IL,פריכיות אורז צילי 70 גרם,גרמים,100.00,100 גרם,false,1,11.90,11.9000,true,1,34861
7290111534010,false,פס גבינה שמנת ופירורים 400 ג',קריניציה ויטמינה אס,IL,מוס גבינה שמנת ופירורים 400גרם,גרמים,400.00,100 גרם,false,1,39.90,9.9750,true,1,16477
7290111563492,false,סלט מטבוחה חריפה מרובע 400 ג' צבר,סלטי צבר,IL,סלטי צבר מטבוחה חריפה מרובע 6*400גרם,גרמים,400.00,100 גרם,false,1,13.90,3.4750,true,1,10681
7290111564239,false,שלגוני קראנץ' Crunch בטעם וניל - 5 יח',גלידות נסטלה (נגה גל,IL,קראנץ מאגדת מיני וניל 6 5*55גרם,גרמים,275.00,100 גרם,false,1,33.90,12.3273,true,1,8866
7290111564277,false,פריכיות דקות ונימוחות 3 דגנים פיטנס Fitness,פרח תעשיות,IL,פיטנס פריכיות 3 דגנים דקות 12*120גרם,גרמים,120.00,100 גרם,false,1,10.90,9.0833,true,1,129476
7290111564291,false,פריכיות דקות ונימוחות 3 דגנים וקינואה פיטנס Fitness,פרח תעשיות,IL,פיטנס פריכיות דקות עם קינואה 12*120גרם,גרמים,120.00,100 גרם,false,1,10.90,9.0833,true,1,129477
7290111564666,false,כדורי בשר צמחוניים עם המון חלבון,עיצובים 2020 (4.8),IL,כדורי בשר טבעול מן הצומח 500 גרם,גרמים,500.00,100 גרם,false,1,32.90,6.5800,true,1,129910
7290111564956,false,ביסלי במבה מיקס 200 ג' אסם,פרו מן יו פתרונות אר,IL,ביסלי במבה מיקס 18*200גרם,גרמים,200.00,100 גרם,false,1,9.90,4.9500,true,1,9880
7290111565038,false,"לה קרמריה וניל קוקילידה בד""צ 1.4 ל'",המאפיה של הרמן,IL,לה קרמריה וניל קוקילידה בדצ6*1.4ליטר חדש,ליטרים,1.40,ליטר,false,1,21.90,15.6429,true,1,623
7290111566103,false,טבעול פלאפל מרכיבים ביתיים בלבד 590 ג',עיצובים 2020 (4.8),IL,פלאפל טבעול מרכיבים ביתיים בלבד 590 גרם,גרמים,590.00,100 גרם,false,1,32.90,5.5763,true,1,129913
7290111566127,false,מעדן אוראו קפוא בטעם וניל עם עוגיות בטעם שוקולד,ג'נרל מילס סאן אדריא,IT,אוראו מאגדת סנדביץ 8 6*33ג 12364441,גרמים,198.00,100 גרם,false,1,27.60,13.9394,true,1,11805
7290111566240,false,טבעול שניצל דק בטעם צילי חריף 564 ג',עיצובים 2020 (4.8),IL,טבעול שניצל דק בטעם צילי חריף 8*564גרם,גרמים,564.00,100 גרם,false,1,32.90,5.8333,true,1,129916
7290111566271,false,טבעול חטיפי תירס 657 גר',עיצובים 2020 (4.8),IL,טבעול חטיפי תירס 6*657גרם,גרמים,657.00,100 גרם,false,1,32.90,5.0076,true,1,129909
7290111566318,false,טבעול שניצל דק מן הצומח 564 גר',עיצובים 2020 (4.8),IL,טבעול שניצל דק מן הצומח 8*564גרם,גרמים,564.00,100 גרם,false,1,32.90,5.8333,true,1,8759
7290111566332,false,טבעול נקניקיות וינר צמחוניות 680 גר',עיצובים 2020 (4.8),IL,נקניקיות וינר טבעול צמחוניות 680 גרם,גרמים,680.00,100 גרם,false,1,32.90,4.8382,true,1,129911
7290111566547,false,טבעול חזה בגריל צמחוני 99 קלוריות 560ג',עיצובים 2020 (4.8),IL,טבעול חזה בגריל צמחוני 6*560גרם,גרמים,560.00,100 גרם,false,1,32.90,5.8750,true,1,129908
7290111566561,false,טבעול שניצל ברוקולי 99 קלוריות 560גר',עיצובים 2020 (4.8),IL,טבעול שניצל ברוקולי 99 קלוריות 6*560ג,גרמים,560.00,100 גרם,false,1,31.90,5.6964,true,1,129915
7290111566585,false,טבעול שניצל צמחוני 99 קלוריות 650 גר',עיצובים 2020 (4.8),IL,טבעול שניצל צמחוני 99 קלוריות 6*650גרם,גרמים,650.00,100 גרם,false,1,32.90,5.0615,true,1,129917
7290111566660,false,טבעול קציצות עדשים כתומות 530 גר',עיצובים 2020 (4.8),IL,טבעול קציצות עדשים כתומות 6*530גרם,גרמים,530.00,100 גרם,false,1,32.90,6.2075,true,1,4947
7290111566714,false,טבעול המבורגר צמחוני 99 קלוריות 600 גר',עיצובים 2020 (4.8),IL,טבעול המבורגר צמחוני 99,גרמים,600.00,100 גרם,false,1,32.90,5.4833,true,1,4945
7290111566752,false,טבעול שניצל תירס 99 קלוריות 693 גר',עיצובים 2020 (4.8),IL,טבעול שניצל תירס 99 קלוריות 6*693גרם,גרמים,693.00,100 גרם,false,1,32.90,4.7475,true,1,129918
7290111566776,false,טבעול נקניקיות קוקטייל צמחוניות 680 גר',עיצובים 2020 (4.8),IL,טבעול נקניקיות קוקטייל צמחוניות6*680גרם,גרמים,680.00,100 גרם,false,1,32.90,4.8382,true,1,129912
7290111568206,false,"מיקס ביסלי, אפרופו ופיצוחים מתובלים",פרו מן יו פתרונות אר,IL,ביסלי פארטי מיקס 150 גרם,גרמים,150.00,100 גרם,false,1,8.90,5.9333,true,1,13005
7290111568251,false,אטריות נודלס להקפצה אסם אסייתי 350 גר',תאי פרזידנטפוד,TH,אסם נודלס אטריות להקפצה 10*350גרם,גרמים,350.00,100 גרם,false,1,9.90,2.8286,true,1,8981
7290111568275,false,אטריות נודלס אורז רחבות אסם אסייתי 300גרם,תאי פרזידנט,TH,אסם נודלס אטריות אורז רחבות 16*300גרם,גרמים,300.00,100 גרם,false,1,9.90,3.3000,true,1,8980
7290111568466,false,רוטב אסייתי למוקפץ הסדרה האסייתית,אסיף תעשיות מזון בעמ,IL,אסם רוטב אסיאתי למוקפץ 9*290 מל,מיליליטרים,290.00,"100 מ""ל",false,1,13.90,4.7931,true,1,8984
7290111930911,false,פוף חטיף לבבות קלאסי 40 ג',פוף POOF,IL,מנה חטיף פוף קלאסי לבבות 40 גרם,גרמים,40.00,100 גרם,false,1,3.50,8.7500,true,1,129680
7290111930928,false,פוף חטיף לבבות גריל 40 ג',פוף POOF,IL,מנה חטיף פוף גריל לבבות 40 גרם,גרמים,40.00,100 גרם,false,1,3.50,8.7500,true,1,129681
7290111932502,false,"קולגייט משחת שיניים אופטיק וייט אקספרט 75 מ""ל",קולגייט Colgate,MX,"קולגייט אופטיק וויט אקספרט 75 מ""ל",מיליליטרים,75.00,"100 מ""ל",false,1,27.90,37.2000,true,1,11704
7290111933554,true,מאסטר שף עגבניות קוב,פראנו אנריקו ופיגלי,IT,מאסטר שף עגבניות קוביות שלשות 400גר*3,קילוגרמים,1.20,"ק""ג",false,1,15.90,13.2500,true,1,11760
7290111933561,false,תערובת ציפוי נגטס 250 ג' מאסטר שף,טסט וסנט קו.לטד,TH,תערובת ציפוי נאגטס מסטרשף 250,גרמים,250.00,100 גרם,false,1,7.90,3.1600,true,1,33607
7290111935824,false,ליידי ספיד סטיק אומגה 3 דרמה סטיק 45 ג',CP UK,US,ליידי ספיד סטיק דרמה אומגה 3 - 45 גר,מיליליטרים,45.00,"100 מ""ל",false,1,19.90,44.2222,true,1,21240
7290111936296,true,פלמוליב ארומה סנסייש,COLGATE ($) -PALMOLI,TR,פלמוליב ארומה סנסיישן מסאז 750,Unknown,0.00,Unknown,false,1,21.90,0.0000,true,1,14217
7290111939143,false,קוקי נייר אפייה עגול קוטר 28,,IL,קוקי נייר אפייה עגול קוטר 28,יחידה,1.00,יחידה,false,1,7.90,7.9000,true,1,22704
7290112002099,false,ג'ל כביסה מרוכז קולון 101 קלאסי,רקיט בנקיזר,IL,ג'ל כביסה קולון קלאסי 2.5 ליטר,ליטרים,2.50,ליטר,false,1,28.90,11.5600,true,1,21801
7290112002112,false,ג'ל כביסה מרוכז קולון 101 בניחוח ורדים,רקיט בנקיזר,IL,ג'ל כביסה קולון בניחוח מאסק 2.5 ליטר,ליטרים,2.50,ליטר,false,1,28.90,11.5600,true,1,21800
7290112004963,false,"פיניש אולטימייט קפסולות לניקוי כלים במדיח, 25 יחידות",רקיט בנקיזר,PL,פיניש אולטימייט קפסולות למדיח 25 יח,יחידה,25.00,יחידה,false,1,39.90,1.5960,true,1,37964
7290112005045,false,וניש תוסף כביסה רב תכליתי לבגדים לבנים,קליה וניש Kalia Vanish,IT,וניש אבקה חדש לבן 480 גרם,גרמים,480.00,100 גרם,false,1,17.90,3.7292,true,1,37959
7290112005076,false,וניש תוסף כביסה רב תכליתי לכביסה צבעונית,קליה וניש Kalia Vanish,IT,וניש אבקה חדש ורוד 480 גרם,גרמים,480.00,100 גרם,false,1,17.90,3.7292,true,1,37958
7290112330352,false,"יוגורט PRO בטעם וניל 0% , 20 גרם חלבון בגביע","שטראוס בריאות בע""מ",IL,דנונה פרו 20 גר וניל 0% שומן,גרמים,200.00,100 גרם,false,1,6.50,3.2500,true,1,14160
7290112330390,false,יוגורט PRO בטעם פירות יער 0% 20 גרם חלבון בגביע,"שטראוס בריאות בע""מ",IL,דנונה פרו 20 גר פירות יער 0% שומן,גרמים,200.00,100 גרם,false,1,6.50,3.2500,true,1,14161
7290112330420,false,דנונה פרו לבן 2.9% שומן 150 ג',מיוצר עי קונדיטוריית,IL,דנונה 2.9% שומן 12 גרם חלבון,גרמים,150.00,100 גרם,false,1,4.80,3.2000,true,1,13121
7290112330987,false,"שייק חלבון מי גבינה+אפרסק ומנגו 350 מ""ל",מחלבת יטבתה,IL,שייק חלבון מי גבינה עם אפרסק ומנגו 350 מ,מיליליטרים,350.00,"100 מ""ל",false,1,7.50,2.1429,true,1,13125
7290112332585,false,"פריכיות תפו""א, אורז בתיבול סלק ומלח חי 30 גר'","פרח תעשיו מזון בע""מ",IL,פריכיות משולשות-סלק,גרמים,30.00,100 גרם,false,1,5.90,19.6667,true,1,14402
7290112332691,false,עוגיות קרם אגוזים פסק זמן 200 ג' עלית,הגביע מוצרי ופלים בע,IL,.עוגיית קרם פסק זמן אגוזים,גרמים,200.00,100 גרם,false,1,11.90,5.9500,true,1,14457
7290112332899,false,עלית - צנצנת בזוקה פופים קלאסי 58 גרם,רוג'ר אנד רוג'ר,DE,בזוקה פופים קלאסי 58 ג,גרמים,58.00,100 גרם,false,1,9.90,17.0690,true,1,14459
7290112334749,false,קפה טורקי שקית 10% תוספת 200 ג' עלית,שטראוס קפה בי.וי,IL,עלית טורקי שקית 200 ג 10% תוספת,גרמים,200.00,100 גרם,false,1,15.90,7.9500,true,1,19982
7290112335043,false,כשלפ מרשמלו בזוקה ווסטהיים 150 ג',תות תעשיות מזון (201,IL,מרשמלו בזוקה 150גר וועסטהיים,גרמים,150.00,100 גרם,false,1,7.90,5.2667,true,1,14271
7290112335487,false,פריכיות טעימות קצח ודגנים 135 ג' שטראוס,אנרג'י Energy - שטראוס,IL,פריכיות טעימות קצח ודגנים 135 גרם,גרמים,135.00,100 גרם,false,1,13.90,10.2963,true,1,14155
7290112335494,false,הפריכיות הטעימות תפוחי אדמה בטעם פוטטוס,"פרח תעשיות מזון בע""מ",IL,פריכיות טעימות פוטטוס 19,גרמים,135.00,100 גרם,false,1,13.90,10.2963,true,1,14156
7290112335500,false,"הפריכיות הטעימות חומוס, אורז, עדשים שחורות וקינואה",אנרג'י Energy - שטראוס,IL,פריכיות טעימות חלבון 19,גרמים,135.00,100 גרם,false,1,13.90,10.2963,true,1,14157
7290112336637,false,סוכריות מאסט Must ללא סוכר יוגורט תות ואוכניות,MIESZKO S.A - MS. JO,PL,סוכריות ללס יוגורט תות אוכמניות,גרמים,80.00,100 גרם,false,1,8.90,11.1250,true,1,22556
7290112336644,false,סוכריות מאסט ללא סוכר לימון 80 ג' עלית,MIESZKO S.A - MS. JO,PL,סוכריות ללס לימון 80 ג חדש,גרמים,80.00,100 גרם,false,1,8.90,11.1250,true,1,22557
7290112336651,false,סוכריות מאסט ללא סוכר ריבת חלב 80 ג' עלית,MIESZKO S.A - MS. JO,PL,סוכריות ללס ריבת חלב 80 ג חדש,גרמים,80.00,100 גרם,false,1,8.90,11.1250,true,1,22558
7290112336712,false,יוגורט PRO לבן 0% 21 גרם חלבון בגביע,"שטראוס בריאות בע""מ",IL,דנונה פרו 21 גר 0% שומן,גרמים,200.00,100 גרם,false,1,6.50,3.2500,true,1,13521
7290112337474,false,סוכריות מאסט ללא סוכר פטל לימון 80 ג' עלית,MIESZKO S.A - MS. JO,PL,סוכריות ללס פטל לימון 80 גר,גרמים,80.00,100 גרם,false,1,8.90,11.1250,true,1,22559
7290112337481,false,סוכריות מאסט ללא סוכר קפצ''ינו 80 ג' עלית,MIESZKO S.A - MS. JO,PL,סוכריות ללס קפוצ'ינו 80 גר' אריזה חדשה,גרמים,80.00,100 גרם,false,1,8.90,11.1250,true,1,22560
7290112338877,false,מעדן גבינה בטעם תות 3% 125ג' סקי,"שטראוס בריאות בע""מ",IL,סקי תות 125 גרם,גרמים,125.00,100 גרם,false,1,3.90,3.1200,true,1,12867
7290112339171,false,מעדן מילקי מוס שוקול,מיוצר עי קונדיטוריית,IL,מילקי מוס,גרמים,81.00,100 גרם,false,1,3.50,4.3210,true,1,12870
7290112339362,false,דנונה לייט אנד פריי בטעם קפוצינו 150 גר',דנונה - שטראוס,IL,דנונה לייט אנד פריי בטעם קפוצינו 150גרם,גרמים,150.00,100 גרם,false,1,4.90,3.2667,true,1,29409
7290112339867,true,גמדים סקוויז תות 10,שטראוס,IL,גמדים סקוויז תות 100 גרם,גרמים,100.00,100 גרם,false,1,5.70,5.7000,true,1,26835
7290112339874,true,גמדים סקוויז תות בננ,שטראוס,IL,גמדים סקוויז תות בננה 100,גרמים,100.00,100 גרם,false,1,5.70,5.7000,true,1,26836
7290112340122,false,הפריכיות הטעימות 3 דגנים 135 גרם.,אנרג'י Energy - שטראוס,IL,פריכיות טעימות 3 דגנים 135 גרם,גרמים,135.00,100 גרם,false,1,13.90,10.2963,true,1,14158
7290112340245,false,צנצנת מסטיק מאסט בטעם דובדבן 66 ג' עלית,"שטראוס גרופ בע""מ",IL,צנצנת MUST דובדבן 66 גר,גרמים,66.00,100 גרם,false,1,9.90,15.0000,true,1,13849
7290112340252,false,צנצנת מסטיק מאסט בטעם אבטיח מלון 66 ג' עלית,"שטראוס גרופ בע""מ",IL,מסטיק מאסט צנצנת אבטיח מלון 66 גרם,גרמים,66.00,100 גרם,false,1,9.90,15.0000,true,1,13848
7290112340276,false,עוגיות קרם קפה נמס 200 ג' עלית,הגביע מוצרי ופלים בע,IL,פינוקיות קרם קפה נמס,גרמים,200.00,100 גרם,false,1,11.90,5.9500,true,1,14466
7290112340900,false,קפה טורקי נטול קפאין,הנסיך- מפעל לייצור ט,IL,קפה טורקי האג 200 גרם,גרמים,200.00,100 גרם,false,1,29.90,14.9500,true,1,26765
7290112341006,false,מארז מילקי קצפת כפיו,"שטראוס גרופ בע""מ",IL,מארז מילקי קצפת + כפיות,גרמים,172.00,100 גרם,false,1,8.60,5.0000,true,1,14118
7290112341679,false,אקטיביה 3% שומן 200 ג' דנונה,מיוצר עי קונדיטוריית,IL,אקטיביה 3% 200ג',גרמים,200.00,100 גרם,false,1,4.20,2.1000,true,1,20857
7290112341686,false,מארז שמיניה אקטיביה 3% 150 ג',מיוצר עי קונדיטוריית,IL,מארז אקטיביה 3% שמיניה 1200גרם,גרמים,1200.00,100 גרם,false,1,19.90,1.6583,true,1,20858
7290112342102,false,סימפוניה גבינה במרקם שמנת בצל מקורמל 5%,"שטראוס בריאות בע""מ",IL,סימפוניה בצל מקורמל,גרמים,200.00,100 גרם,false,1,11.90,5.9500,true,1,22613
7290112342508,false,דוריטוס קול ראנץ Cool Ranch,STRAUSS-ISRAEL,IL,דוריטוס קול ראנצ 70 גרם,גרמים,70.00,100 גרם,false,1,3.90,5.5714,true,1,37735
7290112343420,false,"משקה חלב עם דגנים מלאים ובננה פרו יטבתה 350מ""ל",מחלבת יטבתה,IL,יטבתה פרו ארוחת בוקר 350 מל,מיליליטרים,350.00,"100 מ""ל",false,1,7.50,2.1429,true,1,21883
7290112343499,false,חטיף צ'יטוס פאפס אפוי בטעם גבינה,"שטראוס פריטו ליי בע""",IL,צ'יטוס PUFFS בטעם גבינה 55 ג 48 יח,גרמים,55.00,100 גרם,false,1,4.90,8.9091,true,1,33656
7290112343512,false,חטיף ציטוס פאפס בטעם,"שטראוס פריטו ליי בע""",IL,צ'יטוס PUFFS בטעם גבינה 160 ג 9 יח,גרמים,160.00,100 גרם,false,1,9.90,6.1875,true,1,33657
7290112344564,false,רביולי גבינה קלאסי שטראוס 400 ג',מיוצר עי קונדיטוריית,IL,רביולי גבינה 400 גר KIDS,גרמים,400.00,100 גרם,false,1,19.90,4.9750,true,1,20872
7290112344724,false,מעדן בטעם שוקולד בלונדי 170 ג' מילקי,מיוצר עי קונדיטוריית,IL,מילקי בטעם שוקולד בלונדי 170גרם,גרמים,170.00,100 גרם,false,1,3.50,2.0588,true,1,21880
7290112344755,false,מילקי שוקולד 26% פחות סוכר 135 גרם,מיוצר עי קונדיטוריית,IL,מילקי עם 26% פחות סוכר,גרמים,135.00,100 גרם,false,1,3.00,2.2222,true,1,28512
7290112344786,false,קפה פלטינום קלאסיק 200 ג' עלית,שטראוס קפה בי.וי.,IL,קפה פלטינום קלאסיק 200 גרם,גרמים,200.00,100 גרם,false,1,27.90,13.9500,true,1,22946
7290112344953,false,סימפוניה חציל קלוי גבינה במקרם שמנת 5%,"שטראוס בריאות בע""מ",IL,סימפוניה חציל קלוי,גרמים,200.00,100 גרם,false,1,11.90,5.9500,true,1,27712
7290112346360,false,בפלות אחת אחת ופל בטעם שוקולד מצופה שוקולד,הגביע מוצרי וופלים ב,GR,בפלות אחת אחת בציפוי שוקולד חלב,גרמים,180.00,100 גרם,false,1,15.90,8.8333,true,1,22564
7290112346773,false,יוגורט בטעם וניל 0% לייט אנד פרי 10 גרם חלבון בגביע,מיוצר עי קונדיטוריית,IL,דנונה לייט אנד פרי וניל עם חלבון,גרמים,150.00,100 גרם,false,1,4.90,3.2667,true,1,28666
7290112346797,false,יוגורט אקטיביה עם שיבולת שועל ושזיף 2.5%,מיוצר עי קונדיטוריית,IL,אקטיביה עם שיבולת שועל ושזיף,Unknown,0.00,Unknown,false,1,5.00,0.0000,true,1,23645
7290112346827,false,"אקטימל ויטמין C פטל 8*100 מ""ל",קריות זול,IL,אקטימל ויטמין C פטל שמינייה 864 מל,מיליליטרים,864.00,"100 מ""ל",false,1,20.90,2.4190,true,1,27716
7290112347008,false,גמדים לדרך גבינה לבנה עם מחית תות ושיבולת שועל,מיוצר עי קונדיטוריית,IL,גמדים ארוחת בוקר תות סקוויז,גרמים,100.00,100 גרם,false,1,5.70,5.7000,true,1,21875
7290112347473,false,דנונה לייט אנד פריי תות ואפרסק מאגדת 8 יח' * 150 ג',מיוצר עי קונדיטוריית,IL,מארז לייט אנד פריי תות ואפרסק,יחידה,1.00,יחידה,false,1,29.90,29.9000,true,1,21292
7290112348043,false,סלט חציל במיונז דליק,שטראוס,IL,סלט חציל במיונז דליקטס 250 גרם,גרמים,250.00,100 גרם,false,1,11.90,4.7600,true,1,29700
7290112348999,false,פריכיות טעימות תירס דקות 135 גר',Unknown,IL,פריכיות טעימות תירס דקות 135 ג,גרמים,135.00,100 גרם,false,1,13.90,10.2963,true,1,28644
7290112349316,false,מסטיק בזוקה פופים ממולא בטעם תות ללא סוכר,רוג'ר אנד רוג'ר,DE,בזוקה ביג פופים בטעם תות 86 גר,גרמים,86.00,100 גרם,false,1,15.90,18.4884,true,1,23741
7290112349606,false,מעדן גבינה ויוגורט תות בננה 88 ג' דניאלה,"שטראוס בריאות בע""מ",IL,דניאלה תות בננה,גרמים,88.00,100 גרם,false,1,4.40,5.0000,true,1,34683
7290112349705,false,פומודורו רוטב עגבניות קלאסי לפסטה 350 גר' יד מרדכי,אמיליאנה קונסרב סוסי,IT,רוטב עגבניות קלאסי פומודורו יד מרדכי350ג,גרמים,350.00,100 גרם,false,1,12.90,3.6857,true,1,22835
7290112349736,false,בזיליקום רוטב עגבניות לפסטה 350 גר' יד מרדכי,אמיליאנה קונסרב סוסי,IT,רוטב עגבניות לפסטה בזיליקום יד מרדכי350ג,גרמים,350.00,100 גרם,false,1,12.90,3.6857,true,1,22836
7290112349750,false,פיצה רוטב עגבניות לפיצה 350 גר' יד מרדכי,אימילאנה,IT,רוטב עגבניות לפיצה 350 גרם,גרמים,350.00,100 גרם,false,1,12.90,3.6857,true,1,33970
7290112349897,false,מסטיק מאסט Must קוביות בטעם מנטה ללא סוכר,רוג'ר אנד רוג'ר,DE,מאסט קוביות מנטה 86 ג וועסטהיים,גרמים,86.00,100 גרם,false,1,15.90,18.4884,true,1,23743
7290112350312,false,קפסולות 15 קפה יותר למכונות נספרסו עלית 10יח',הנסיך- מפעל לייצור ט,IL,קפסולות 15 למכונות NESPRESSO,גרמים,50.00,100 גרם,false,1,16.90,33.8000,true,1,26767
7290112351104,false,שוקולד פרה ממולא פיצפוצי אורז 100 ג' עלית,STRAUSS-ISRAEL,IL,שוקולד פרה פצפוצי אורז 100גרם,גרמים,100.00,100 גרם,false,1,5.90,5.9000,true,1,25236
7290112351128,false,שוקולד פרה סוכריות קופצות 100 ג' עלית,"שטראוס גרופ בע""מ",IL,טבלאות שוקולד פרה סוכריות קופצות 90 גרם,גרמים,90.00,100 גרם,false,1,5.90,6.5556,true,1,26262
7290112353542,false,סלט מטבוחה דליקטס 25,שטראוס,IL,סלט מטבוחה דליקטס 250 גרם,גרמים,250.00,100 גרם,false,1,11.90,4.7600,true,1,29701
7290112353566,false,סלט טחינה דליקטס 250,שטראוס,IL,סלט טחינה דליקטס 250 גרם,גרמים,250.00,100 גרם,false,1,11.90,4.7600,true,1,29702
7290112353887,false,"משקה קפה קר בטעם אגוזים יטבתה 230 מ""ל",האי נאם סי או אל.טי.,AT,"משקה קפה קר בטעם אגוזים 230 מ""ל",מיליליטרים,230.00,"100 מ""ל",false,1,7.90,3.4348,true,1,25699
7290112354174,false,פסטה רוזה שטראוס דלי,גסטרונומיה פרוסט אס.,IT,פסטה רוזה דלישס 280גרם,גרמים,280.00,100 גרם,false,1,24.90,8.8929,true,1,33750
7290112354204,false,ארוחה אישית ספגטי עגבניות,גסטרונומיה פרוסט אס.,IT,ספגטי עגבניות דלישס 280 גרם,גרמים,280.00,100 גרם,false,1,24.90,8.8929,true,1,33752
7290112354235,false,ברקטה פיצה - 2 יחידות במארז,סקרלינפיצה אס. אר. א,IT,ברקטה פיצה דלישס 300 גרם,גרמים,300.00,100 גרם,false,1,26.90,8.9667,true,1,33754
7290112354747,false,דנונה בר עם קורנפלקס,"שטראוס בריאות בע""מ",IL,דנונה בר בננה עם קורנפלקס,גרמים,172.00,100 גרם,false,1,4.80,2.7907,true,1,27126
7290112354945,false,חטיף תפוצ'יפס WAVY בטעם טבעי,שטראוס פריטו ליי בע”,IL,תפוציפס טבעי 50 גרם wavy,גרמים,50.00,100 גרם,false,1,3.90,7.8000,true,1,38120
7290112354952,false,"תפוציפס WAVY בטעם פפריקה , 50 גרם",שטראוס פריטו ליי בע”,IL,תפוציפס פפריקה 50 גרם wavy,גרמים,50.00,100 גרם,false,1,3.90,7.8000,true,1,38121
7290112354969,false,"תפוציפס WAVY טבעי , 200 גרם",שטראוס פריטו ליי בע”,IL,תפוציפס טבעי 200 גרם wavy,גרמים,200.00,100 גרם,false,1,9.90,4.9500,true,1,38118
7290112355027,false,יוגורט פרו בטעם קרמל מלוח 200 ג' דנונה,"שטראוס בריאות בע""מ",IL,דנונה פרו 20 גרם בטעם קרמל מלוח,גרמים,200.00,100 גרם,false,1,6.50,3.2500,true,1,28510
7290112355102,false,גמדים פאוץ סלט פירות 100 ג' שטראוס,"שטראוס בריאות בע""מ",IL,סקוויז גמדים לדרך סלט פירות 100 גרם,גרמים,100.00,100 גרם,false,1,5.70,5.7000,true,1,28670
7290112355393,false,"יטבתה רוטב שמנת+בטטה 9% שומן 250 מ""ל",מחלבת יטבתה,IL,רוטב שמנת עם בטטה 257 מל,מיליליטרים,257.00,"100 מ""ל",false,1,11.90,4.6304,true,1,38041
7290112355775,false,גבינת סימפוניה עירית,"שטראוס בריאות בע""מ",IL,גבינת סימפוניה עירית 200 גרם,גרמים,200.00,100 גרם,false,1,11.90,5.9500,true,1,36702
7290112355812,false,מעדן מילקי עם טופ קורנפלקס מצופה שוקולד,"שטראוס גרופ בע""מ",IL,מילקי טופ קורנפלקס מעורב,גרמים,141.00,100 גרם,false,1,4.90,3.4752,true,1,36241
7290112355867,false,מילקי קצפת טופ פיצפוץ 86 גרם,"שטראוס גרופ בע""מ",IL,מילקי קצפת טופ פיצפוץ 86גרם,גרמים,86.00,100 גרם,false,1,4.20,4.8837,true,1,33719
7290112355881,false,יוגורט דנונה לייט אנ,"שטראוס בריאות בע""מ",IL,דנונה לייט תות עם חלבון 150 גרם,גרמים,150.00,100 גרם,false,1,4.90,3.2667,true,1,28667
7290112357069,false,מחית עגבניות איטלקיות בקופסה 500 גר' טעם הטבע,שטראוס טעם הטבע,IT,מחית עגבניות איטלקיות 500גרם טעם הטבע,גרמים,500.00,100 גרם,false,1,7.90,1.5800,true,1,25713
7290112358004,false,חטיף שוקולד פסק זמן,שולן צ'יקולטה גידה ס,TR,פסק זמן קראנץ' 32 גר,גרמים,32.00,100 גרם,false,1,5.90,18.4375,true,1,28130
7290112358127,false,דנונה פרו חלבון+מגנזיום- וניל ועוגיות 200 גרם,מיוצר עי קונדיטוריית,IL,דנונה פרו 20 גר עם מגנזיום,גרמים,200.00,100 גרם,false,1,6.50,3.2500,true,1,27714
7290112358219,false,יד מרדכי רוטב צ'ילי מתוק 300 גרם,אף.סי תבליני בגליל ב,IL,רוטב צילי מתוק 300 גר יד מרדכי,גרמים,300.00,100 גרם,false,1,14.90,4.9667,true,1,26616
7290112358431,false,עד חצות דאבל ביסקוויט עם שוקולד חלב -8 אריזות אישיות,הדקלאים אגודת שיתופי,FR,עד חצות דאבל 200 גרם,גרמים,200.00,100 גרם,false,1,14.90,7.4500,true,1,30195
7290112359353,false,קפה טורקי קלוי וטחון אלדין,STRAUSS-ISRAEL,IL,קפה טורקי אלדין 200 גרם,גרמים,200.00,100 גרם,false,1,22.90,11.4500,true,1,34845
7290112490032,true,מרק נמס בכוס תירס 43,יוניליוור ישראל מזון,IL,קנור נמס בכוס מרק תירס 45 גרם,גרמים,43.00,100 גרם,false,1,7.50,17.4419,true,1,11217
7290112490117,false,טבלת קליק XL אגוז וופל 85 ג' ורד הגליל,יוניליוור ישראל מזון,IL,קליק שוקולד חלב עם וופל ואגוזים 85 גרם,גרמים,85.00,100 גרם,false,1,6.70,7.8824,true,1,18584
7290112490209,true,נמס בכוס עגבניות קרו,יוניליוור ישראל מזון,IL,נמס בכוס עגבניות קרוטונים ר.טבעי 64 גרם,גרמים,64.00,100 גרם,false,1,7.50,11.7188,true,1,11220
7290112490230,true,נמס בכוס אפונה ר.טבע,יוניליוור ישראל מזון,IL,נמס בכוס מרק אפונה - 100% רכיבים טבעיים,גרמים,50.00,100 גרם,false,1,7.50,15.0000,true,1,11221
7290112490650,false,# 778 קונפיטורת תות כשלפ 340גר,קונפיטורות לה-ארדניי,BE,778 קונפיטורת תות שדה 340 גרם,גרמים,340.00,100 גרם,false,1,13.90,4.0882,true,1,10994
7290112490667,false,קונפיטורה 778 משמש 340 גר,אתר חיפה 778,BE,778 קונפיטורת משמש 340 גרם,גרמים,340.00,100 גרם,false,1,15.90,4.6765,true,1,10997
7290112490674,false,קונפיטורה 778 דובדבנים 340 ג',אתר חיפה 778,BE,778 קונפיטורת דובדבנים 340 גרם,גרמים,340.00,100 גרם,false,1,13.90,4.0882,true,1,10995
7290112490698,false,קונפיטורה 778 תות שדה לייט 260ג',אתר חיפה 778,BE,קונפיטורה תות שדה לייט 300 גרם,גרמים,300.00,100 גרם,false,1,14.90,4.9667,true,1,11166
7290112490728,false,מרק עשיר ירקות עם בורגול רכיבים טבעיים 95 ג' קנור,יוניליוור ישראל מזון,IL,מרק עשיר ירקות עם בורגול100%רכיבים טבעיי,גרמים,104.00,100 גרם,false,1,12.90,12.4038,true,1,12294
7290112490742,true,מרק עשיר פטריות עם ג,יוניליוור ישראל מזון,IL,מרק עשיר פטריות עם גריסים – 100% רכיבים,גרמים,104.00,100 גרם,false,1,12.90,12.4038,true,1,12440
7290112490759,true,מרק עשיר עוף עם אטרי,יוניליוור ישראל מזון,IL,מרק עשיר עוף עם אטריות – 100% רכיבים טבע,גרמים,74.00,100 גרם,false,1,12.90,17.4324,true,1,12441
7290112490896,true,קנור רוטב צילי חריף,יניליוור ישראל מזון,IL,קנור רוטב צילי חריף 370 גרם,גרמים,370.00,100 גרם,false,1,12.90,3.4865,true,1,12127
7290112491701,false,ברנפלקס בטעם וניל מעודן 20% חלבון Extra Protein,יוניליוור ישראל מזון,IL,ברנפלקס חיטה מלאה ושיבולת שועל מלאה375,גרמים,375.00,100 גרם,false,1,25.90,6.9067,true,1,13946
7290112491770,false,בייגלה דקים דקים מלח ב.בייגל 300 גר',בייגל את בייגל מזון,IL,בייגלה דקים עם מלח ים,גרמים,0.00,100 גרם,false,1,11.90,0.0000,true,1,12934
7290112492449,false,"פינוק - שמפו לשיער רגיל 700 מ""ל",יוניליוור ישראל טיפו,IL,PINUK שמפו 2IN1 700 ML,מיליליטרים,700.00,"100 מ""ל",false,1,12.90,1.8429,true,1,25180
7290112492456,false,"פינוק - פינוק לשיער יבש 700 מ""ל",יוניליוור ישראל טיפו,IL,PINUK שמפו 2IN1 700 ML,מיליליטרים,700.00,"100 מ""ל",false,1,12.90,1.8429,true,1,25181
7290112492463,false,"שמפו ומרכך לשיער רגיל 700 מ""ל פינוק",יוניליוור ישראל טיפו,IL,PINUK שמפו 2IN1 700 ML,מיליליטרים,700.00,"100 מ""ל",false,1,12.90,1.8429,true,1,25182
7290112492500,false,"פינוק - שמפו שמן קוקוס 700 מ""ל","יוניליור ישראל, טיפו",IL,PINUK שמפו 2IN1 700 ML,מיליליטרים,700.00,"100 מ""ל",false,1,12.90,1.8429,true,1,25184
7290112492531,true,פינוק מרכך שיער רגיל,יוניליוור ישראל טיפו,IL,PINUK מרכך 700 ML,מיליליטרים,700.00,"100 מ""ל",false,1,12.90,1.8429,true,1,22200
7290112492548,true,פינוק מרכך שיער יבש,יוניליוור ישראל טיפו,IL,PINUK מרכך שיער 700 ML,מיליליטרים,700.00,"100 מ""ל",false,1,12.90,1.8429,true,1,22201
7290112492579,true,פינוק מרכך שמן קוקוס,יוניליוור ישראל טיפו,IL,PINUK מרכך שיער 700 ML,מיליליטרים,700.00,"100 מ""ל",false,1,12.90,1.8429,true,1,25185
7290112492593,true,פינוק תחליב רחצה בני,יוניליוור ישראל טיפו,IL,PINUK סבון נוזלי 700 ML,גרמים,700.00,100 גרם,false,1,12.90,1.8429,true,1,22203
7290112492609,true,פינוק תחליב רחצה לבנ,יוניליוור ישראל טיפו,IL,PINUK סבון נוזלי 700 ML,מיליליטרים,700.00,"100 מ""ל",false,1,12.90,1.8429,true,1,22204
7290112492630,true,פינוק שמפו 3 ב-1 לגב,יוניליוור ישראל טיפו,IL,PINUK סבון נוזלי 700 ML,מיליליטרים,700.00,"100 מ""ל",false,1,12.90,1.8429,true,1,22206
7290112492982,false,"אבקת מרק פטריות כשל""פ 100% רכיבים טבעיים 400 גרם",יוניליוור ישראל מזון,IL,קנור מרק פטריות רכיבים טבעיים 400 גרם,גרמים,400.00,100 גרם,false,1,21.90,5.4750,true,1,22137
7290112492999,false,מרק בטעם עוף קנור 400 ג' צנצנת,יוניליוור ישראל מזון,IL,קנור מרק טעם עוף 400 גרם,גרמים,400.00,100 גרם,false,1,17.50,4.3750,true,1,22136
7290112493095,true,קנור מרק נמס בכוס עג,יוניליוור ישראל מזון,IL,קנור מרק נמס בכוס עגבניות חריף 48 גרם -,גרמים,48.00,100 גרם,false,1,7.50,15.6250,true,1,19703
7290112493293,true,קנור מרק נמס בכוס יר,יוניליוור ישראל מזון,IL,קנור מרק נמס בכוס ירקות 44גרם - 100% רכי,גרמים,44.00,100 גרם,false,1,7.50,17.0455,true,1,19704
7290112493873,false,בייגל בייגל דג דג 400 גר',בייגל את בייגל מזון,IL,דג דג - חטיף אפוי עם מלח 400 גרם,גרמים,400.00,100 גרם,false,1,14.60,3.6500,true,1,22407
7290112493927,false,גלידה בטעם ריבת חלב 1.33ל' קרמיסימו,"גלידת שטראוס בע""מ, ר",IL,גלידה קרמיסימו ריבת חלב 1.33 ליטר,ליטרים,1.33,ליטר,false,1,26.90,20.2256,true,1,22452
7290112493934,false,גלידה וניל צרפתי 1.33ל' קרמיסימו,"גלידת שטראוס בע""מ, ר",IL,גלידה קרמיסימו וניל צרפתי 1.33 ליטר,ליטרים,1.33,ליטר,false,1,26.90,20.2256,true,1,22451
7290112493965,false,גלידה מסטיגם 1.33ל'קרמיסימו,"גלידת שטראוס בע""מ, ר",IL,גלידה קרמיסימו מסטיגם 1.33 ליטר,ליטרים,1.33,ליטר,false,1,26.90,20.2256,true,1,22453
7290112494153,false,תיבולית בטעם צלי קנור 72 ג',יוניליוור ישראל מזון,IL,קנור תיבוליות ניחוח צלי 72 גרם,גרמים,72.00,100 גרם,false,1,10.30,14.3056,true,1,22439
7290112494221,false,קליק - ביסקויט תפזורת 65 גרם,יוניליוור ישראל מזון,IL,קליק ביסקוויט 65 גרם,גרמים,65.00,100 גרם,false,1,7.90,12.1538,true,1,21126
7290112494238,false,קליק - כדורים חלב תפזורת 65 גרם,יוניליוור ישראל מזון,IL,קליק קליק כדורים 65 גרם,גרמים,65.00,100 גרם,false,1,7.90,12.1538,true,1,21129
7290112494276,false,קליק - כריות תפזורת 65 גרם,יוניליוור ישראל מזון,IL,קליק קליק כריות 65 גרם,גרמים,65.00,100 גרם,false,1,7.90,12.1538,true,1,21130
7290112494283,false,קליק - מעורב חום לבן תפזורת 65 גרם,יוניליוור ישראל מזון,IL,קליק חום לבן 65 גרם,גרמים,65.00,100 גרם,false,1,7.90,12.1538,true,1,21128
7290112494313,false,קליק - קורנפלקס תפזורת 65 גרם,יוניליוור ישראל מזון,IL,קליק קליק קורנפלקס 65 גרם,גרמים,65.00,100 גרם,false,1,7.90,12.1538,true,1,21133
7290112494351,false,תלמה קורנפלקס של אלופים 850 ג',יוניליוור שפע ישראל,IL,תלמה קורנפלקס של אלופים 850 גרם,גרמים,850.00,100 גרם,false,1,21.90,2.5765,true,1,23243
7290112494382,false,פירה בטעם ביתי - מוכן ברגע,יוניליוור ישראל מזון,IL,פירה בטעם ביתי מוכן ברגע קנור,גרמים,260.00,100 גרם,false,1,14.90,5.7308,true,1,21918
7290112494610,false,קנור רוטב פיקנטי לדג 415 ג',קונסורזיו קאסאלאסקו,IT,KNORR רטבים לפסטה 415 GR,גרמים,415.00,100 גרם,false,1,14.90,3.5904,true,1,21700
7290112494795,false,"ג'ל לכביסה לבנה וצבעונית בניחוח בדין כחול 2.5 ק""ג","זוהר דליה, קיבוץ דלי",IL,בדין ג'ל כביסה כחול 2.5 ליטר,ליטרים,2.50,ליטר,false,1,27.90,11.1600,true,1,21272
7290112494801,false,ג'ל לכביסה לבנה וצבעונית ורוד 2.5 ל' בדין,זוהר דליה,IL,בדין גל לכביסה לבנה וצבעונית בניחוח בדי,ליטרים,2.50,ליטר,false,1,27.90,11.1600,true,1,21271
7290112495006,false,כריות - כריות נוגט 686 גרם,יוניליוור שפע ישראל,IL,תלמה דגני בוקר כריות נוגט 686 גרם,גרמים,686.00,100 גרם,false,1,29.90,4.3586,true,1,21231
7290112495037,false,דגני בוקר בטעם שוקולד כדורים 375 ג' קוקומן,יוניליוור שפע ישראל,IL,קוקומן כדורים 375 גרם,גרמים,375.00,100 גרם,false,1,22.90,6.1067,true,1,21233
7290112495044,false,קוקומן פצפוצים בטעם שוקולד,יוניליור שפע ישראל ב,IL,קוקומן פיצפוצים 375 גרם,גרמים,375.00,100 גרם,false,1,22.90,6.1067,true,1,21234
7290112495105,false,נשנושים חטיף בטעם שמנת בצל,בייגל את בייגל מזון,IL,נשנושים חטיף אפוי בטעם שמנת בצל 260 גרם,גרמים,260.00,100 גרם,false,1,14.90,5.7308,true,1,21377
7290112495112,false,נשנושים זעתר ב.בייגל 260ג',בייגל את בייגל מזון,IL,נשנושים חטיף אפוי בטעם זעתר 260 גרם,גרמים,260.00,100 גרם,false,1,14.90,5.7308,true,1,21376
7290112495150,false,נשנושי קרקר עיגולים מלוחים 300 גר',בייגל את בייגל מזון,IL,נשנושי קרקר עיגולים מלוחים 300 גרם,גרמים,300.00,100 גרם,false,1,15.50,5.1667,true,1,21378
7290112495167,false,נשנושים משולש שומשום 300ג' ב.בייגל,בייגל את בייגל מזון,IL,נשנושי קרקר משולשי שומשום 300 גרם,גרמים,300.00,100 גרם,false,1,15.50,5.1667,true,1,21373
7290112495174,false,נשנושים קוקטייל שומשום 300ג' ב.בייגל,בייגל את בייגל מזון,IL,נשנושי קרקר קוקטייל שומשום 300 גרם,גרמים,300.00,100 גרם,false,1,15.50,5.1667,true,1,21375
7290112495488,false,תלמה קורנפלקס ללא גלוטן 500 ג',"מולינו ניקולי S.p.A,",IT,תלמה קורנפלקס ללא גלוטן 500 גרם,גרמים,500.00,100 גרם,false,1,22.90,4.5800,true,1,29152
7290112495754,false,רוטב לסלט אלף האיים הלמנס 305 גר',יוניליוור ישראל מזון,IL,הלמנ'ס רוטב אלף האיים 305 גרם,גרמים,305.00,100 גרם,false,1,12.90,4.2295,true,1,22468
7290112495761,false,רוטב אלף האיים לייט חמץ הלמנס 305 ג',יוניליוור ישראל מזון,IL,הלמנ'ס רוטב אלף האיים לייט 305 גרם,גרמים,305.00,100 גרם,false,1,12.90,4.2295,true,1,22469
7290112495785,false,רוטב לסלט שום הלמנס 300ג,יוניליוור ישראל מזון,IL,הלמנ'ס רוטב שום 300 גרם,גרמים,300.00,100 גרם,false,1,12.90,4.3000,true,1,22470
7290112495815,false,רוטב סלט חרדל דבש לייט הלמנס 305ג',יוניליוור ישראל מזון,IL,הלמנ'ס רוטב חרדל ודבש לייט 305 גרם,גרמים,305.00,100 גרם,false,1,12.90,4.2295,true,1,24005
7290112495822,false,כריות BLAK שוקולד וניל 686 גר',יוניליוור שפע ישראל,IL,תלמה דגני בוקר כריות בלאק 686 גרם,גרמים,686.00,100 גרם,false,1,29.90,4.3586,true,1,22622
7290112495976,false,פרכיות פתיתבציפוי שוקולד חלב 35 גר',גוד פוד פרודקטס Sp.z,PL,פריכיות אורז מצופות שוקולד חלב מעולה35,גרמים,35.00,100 גרם,false,1,5.90,16.8571,true,1,24015
7290112496027,false,"סירופ שוקולד 580 מ""ל אפיכל",יוניליוור ישראל מזון,IL,EFICOL קינוחים שונים 580 GR,גרמים,580.00,100 גרם,false,1,15.50,2.6724,true,1,22514
7290112496034,false,סירופ מייפל אפיכל 580 גרם,יוניליוור ישראל מזון,IL,EFICOL קינוחים שונים 580 GR,גרמים,580.00,100 גרם,false,1,15.50,2.6724,true,1,22513
7290112496270,false,"פתית צ'יפס תפו""א עם עגבניות ועשבי תיבול 22 גר'",JLM גלובל פודס37 דרך,GB,פתית ציפס עם תפוחי אדמה עגבניות 22 גרם,גרמים,0.00,100 גרם,false,1,4.90,0.0000,true,1,26585
7290112496287,false,פתית - צ'יפס בטטה בטעם טבעי 21 גרם,JLM גלובל פודס37 דרך,GB,פתית פתית צ'יפס בטטה בטעם טבעי 21 גר',גרמים,0.00,100 גרם,false,1,4.90,0.0000,true,1,26584
7290112496294,false,חטיף פתית צ'יפס עם אפונה ירוקה צהובה וצ'ילי,JLM גלובל פודס37 דרך,GB,פתית ציפס עם אפונה ירוקה וצהובה 22 גרם,גרמים,0.00,100 גרם,false,1,4.90,0.0000,true,1,26583
7290112496430,false,קנור נמס בכוס אקסטרה עגבניות+אטריות 37 גרם - רבנות,יוניליוור ישראל מזון,IL,נמס בכוס אקסטרה מרק עגבניות 37 גרם,גרמים,37.00,100 גרם,false,1,4.50,12.1622,true,1,33830
7290112496584,false,כריות בלאק לבן 65 ג' קליק,"דרך השוקולד 1, צפת 1",IL,קליק קליק כריות בלאק ושוקולד לבן 65 גרם,גרמים,65.00,100 גרם,false,1,6.90,10.6154,true,1,26253
7290112497000,false,סיף - פנטסטיק ניקוי רב תכליתי 1 ליטר,"זוהר דליה, קיבוץ דלי",IL,סיף פנטסטיק ניקוי כללי בניחוח לימון 1 ליטר,ליטרים,1.00,ליטר,false,1,13.90,13.9000,true,1,25169
7290112498052,false,מאגדת פתית צ'יפס בטטה 21 גרם*4 יח',JLM גלובל פודס37 דרך,GB,"פתית פתית צ'יפס עם בטטה מארז 4 יחידות, 84 גרם",גרמים,0.00,100 גרם,false,1,15.90,0.0000,true,1,32882
7290112498267,false,"אל סבון ידיים נוזלי קלאסי פינוק 950 מ""ל",קוסטר אירוסול ולף סנ,IL,פינוק אל סבון לידיים בניחוח פינוק קלאסי 950 מל,מיליליטרים,950.00,"100 מ""ל",false,1,12.90,1.3579,true,1,33655
7290112498274,false,"אל סבון לידיים לבנדר ווניל פינוק 950 מ""ל",יוניליוור ישראל טיפו,IL,פינוק אל סבון לידיים בניחוח לבנדר ווניל 950 מל,מיליליטרים,950.00,"100 מ""ל",false,1,12.90,1.3579,true,1,33652
7290112498281,false,"אל סבון לידיים בתוספת שמן קוקוס פינוק 950 מ""ל",יוניליוור ישראל טיפו,IL,פינוק אל סבון לידיים בתוספת שמן קוקוס 950 מל,מיליליטרים,950.00,"100 מ""ל",false,1,12.90,1.3579,true,1,33654
7290112498298,false,"אל סבון ליידים בתוספת שמן מרוקאי פינוק 950 מ""ל",קוסטר אירוסול ולף סנ,TR,פינוק אל סבון לידיים בתוספת שמן מרוקאי 950 מל,מיליליטרים,950.00,"100 מ""ל",false,1,12.90,1.3579,true,1,33653
7290112498526,false,פתית צ'יפס עם בטטה סגולה בטעם שמנת ובצל,JLM גלובל פודס37 דרך,GB,פתית ציפס בטטה סגולה 22 גרם,גרמים,22.00,100 גרם,false,1,4.90,22.2727,true,1,33914
7290112498533,false,פתית ציפס חומוס שעוע,JLM גלובל פודס37 דרך,GB,"פתית פתית צ'יפס עם חומוס,אפונה ושעועית 21 גרם",גרמים,21.00,100 גרם,false,1,4.90,23.3333,true,1,33915
7290112498649,false,פיינט פסק זמן קוקוס,"מיוצר ע""י גלידת שטרא",IL,שטראוס גלידת פסק זמן קוקוס 520 מל,מיליליטרים,520.00,"100 מ""ל",false,1,23.90,4.5962,true,1,26732
7290112498748,false,מאגדת מיני סולרו ותות 350ג',"מיוצר ע""י גלידת שטרא",IL,מאגדת סולרו מיני תות,גרמים,350.00,100 גרם,false,5,26.90,7.6857,true,1,28931
7290112498885,false,מאגדת גודי'ז תותים ושוקולד לבן 235ג',מנדלז סי.אר. פרודקשן,IL,מאגד גודיז תותים ושוקלד לבן 235גרם,גרמים,235.00,100 גרם,false,1,26.90,11.4468,true,1,29443
7290112498915,false,מאגדת מיני מגנום שקדים מובחרים 250 ג',"מיוצר ע""י גלידת שטרא",IL,מגנום מאגדת מיני מגנום שקדים מובחרים 5 יחידות,גרמים,250.00,100 גרם,false,1,32.90,13.1600,true,1,30467
7290112498922,false,מאגדת מיני מגנום שוקולד לבן 250 ג',"מיוצר ע""י גלידת שטרא",IL,מגנום מאגדת מיני מגנום לבן 5 יחידות,גרמים,250.00,100 גרם,false,1,32.90,13.1600,true,1,30468
7290112499189,false,"גלידת קרמיסימו חד קרן וניל תות, 1.33 ליטר","גלידת שטראוס בע""מ, ר",IL,קרמיסימו חד קרן בטעמי וניל תות ובננה 1.3,ליטרים,1.33,ליטר,false,1,26.90,20.2256,true,1,36384
7290112499196,false,גלידה בטעם החלב של הקורנפלקס 1.33 ל' קרמיסימו,"גלידת שטראוס בע""מ, ר",IL,קרמיסימו החלב של הקורנפלקס 1.33 ליטר,ליטרים,1.33,ליטר,false,1,26.90,20.2256,true,1,36385
7290112499219,false,מאגדת מיני גודיז פיסטוק ושוקולד 235 ג' שטראוס,"גלידת שטראוס בע""מ, ר",IL,גודיז מאגדת גלידה בטעמי פיסטוק ושוקולד 5 יחידות,גרמים,235.00,100 גרם,false,1,26.90,11.4468,true,1,35531
7290112499226,false,קרמיסימו גלידונית מונדיאל,שטראוס גרופ גלידות,IL,גלידונית כמה כמה בטעמי פיסטוק ובננה 950,מיליליטרים,950.00,"100 מ""ל",false,1,41.90,4.4105,true,1,38122
7290112499448,false,"פינוק מרכך שיער שמן מרוקאי 700 מ""ל",יוניליוור ישראל טיפו,IL,פינוק מרכך בתוספת שמן מרוקאי 700 מל,מיליליטרים,700.00,"100 מ""ל",false,1,12.90,1.8429,true,1,32994
7290112499455,false,"תחליב רחצה שמן מרוקאי פינוק 700 מ""ל",יוניליוור ישראל טיפו,IL,פינוק תחליב רחצה בתוספת שמן מרוקאי 700 מל,מיליליטרים,700.00,"100 מ""ל",false,1,12.90,1.8429,true,1,32995
7290112499462,false,תחליב רחצה פינוק בתוספת שמן קוקוס,יוניליוור ישראל טיפו,IL,פינוק תחליב רחצה בתוספת שמן קוקוס 700 מל,מיליליטרים,700.00,"100 מ""ל",false,1,12.90,1.8429,true,1,32996
7290112499776,false,מאגדת גלידת גודיז שלגון אישי  240 ג',"גלידת שטראוס בע""מ, ר",IL,GOODIZ חבילות בית 350 ML,גרמים,297.00,100 גרם,false,1,26.90,9.0572,true,1,23688
7290112499844,false,מאגדת מיני מגנום דואט שוקולד עם נוגט 5 יח' שטראוס,"מיוצר ע""י גלידת שטרא",IL,מגנום מאגדת מיני מגנום דואט שוקולד נוגט 5 יחידות,גרמים,310.00,100 גרם,false,1,32.90,10.6129,true,1,22456
7290112499943,false,מאגדת מיני מגנום קלאסיק שוקולד 5 יח' שטראוס,"מיוצר ע""י גלידת שטרא",IL,מיני מגנום קלאסיק שוקולד 250 גרם,גרמים,250.00,100 גרם,false,1,32.90,13.1600,true,1,22455
7290112960115,true,שקדי מרק 30% קמח חיט,אסם,IL,אסם שקדי מרק 30% קמח חיטה מלא 12*350גרם,גרמים,350.00,100 גרם,false,1,14.90,4.2571,true,1,11764
7290112961266,false,בייגלה כפיות פיזור איטלקי 300 ג' אסם,Unknown,IL,אסם בייגלה כפיות פיזור איטלקי 12*300גרם,גרמים,300.00,100 גרם,false,1,11.90,3.9667,true,1,14291
7290112961372,false,פיטנס חטיפי פריכיות דגנים עם קינמון,"פרח תעשיות מזון בע""מ",IL,פיטנס חטיפי פריכיות דקות קינמון12*60ג,גרמים,60.00,100 גרם,false,1,8.90,14.8333,true,1,12826
7290112961440,false,פיטנס בר פריכיות שוקולד מריר 84 גר',כרמית,IL,פיטנס בר פריכיות שוקולד מריר 84 גרם,גרמים,84.00,100 גרם,false,1,13.90,16.5476,true,1,26228
7290112961464,false,פיטנס חטיפי פריכיות דגנים וחומוס מתובלות,"פרח תעשיות מזון בע""מ",IL,פיטנס חטיפי פריכיות דקות מתובלות 12*60ג,גרמים,60.00,100 גרם,false,1,8.90,14.8333,true,1,12825
7290112961754,false,עוגיות שוקולד ציפס עם קרם בטעם אגוזים,מיוצר עי קונדיטוריית,IL,אסם עוגיות שוקוצ'יפס קרם אגוזים 12*220ג,גרמים,220.00,100 גרם,false,1,11.90,5.4091,true,1,12913
7290112962287,false,טבעול שווארמה טבעונית 6*450 גרם,מיוצר עי קונדיטוריית,IL,שווארמה טבעונית טבעול כשלפ 450גרם,גרמים,450.00,100 גרם,false,1,32.90,7.3111,true,1,22623
7290112963321,false,בייגלה שטוח ללא גלוטן 300 גר',מיוצר עי קונדיטוריית,IL,"גרטיפי בייגלה שטוח הכל לל""ג 300גרם",גרמים,300.00,100 גרם,false,1,15.90,5.3000,true,1,25758
7290112963918,false,חטיפי קרקר דק רוזמרין 140 ג' פיטנס,נסטלה Nestle,IL,פיטנס קרקר דק רוזמרין 12*140גרם,גרמים,140.00,100 גרם,false,1,12.90,9.2143,true,1,14658
7290112964410,false,רוטב אוסם אלף האיים לסלט 290 ג' אסם,Unknown,IL,אסם רוטב אלף האיים חדש לסלט 9*290גרם,גרמים,290.00,100 גרם,false,1,11.90,4.1034,true,1,14413
7290112964434,false,רוטב לסלט קיסר 295 ג' אוסם,אסם,IL,אסם רוטב קיסר חדש לסלט 9*295גרם,גרמים,295.00,100 גרם,false,1,11.90,4.0339,true,1,14414
7290112964472,false,רוטב שום לסלט 290 ג' אסם,Unknown,IL,אסם רוטב שום חדש לסלט 9*290גרם,גרמים,290.00,100 גרם,false,1,11.90,4.1034,true,1,14416
7290112964564,false,רוטב אלף האיים לייט לסלט 310 ג' אסם,אסם,IL,אסם רוטב אלף האיים לייט לסלט חדש 9*310ג,גרמים,295.00,100 גרם,false,1,11.90,4.0339,true,1,14418
7290112964601,false,רוטב בנוסח סצ'ואן הסדרה האסייתית,"אסם השקעות בע""מ",IL,אסם רוטב בנוסח סצואן 9*290מל,מיליליטרים,290.00,"100 מ""ל",false,1,13.90,4.7931,true,1,14185
7290112964625,false,רוטב שום לייט לסלט 310 ג' אסם,אסם,IL,אסם רוטב שום לייט חדש לסלט 9*310גרם,גרמים,310.00,100 גרם,false,1,11.90,3.8387,true,1,14419
7290112964724,false,טבעול המבורגרטבעוני 580 גר',מיוצר עי קונדיטוריית,IL,טבעול המבורגר טבעוני 6*580גרם,גרמים,580.00,100 גרם,false,1,32.90,5.6724,true,1,14661
7290112965141,false,תבשיל פתיתים אפויים עם ירקות 130 גר',אסם,IL,אסם פתיתים אפויים עם ירקות 7*130ג,גרמים,130.00,100 גרם,false,1,11.90,9.1538,true,1,22723
7290112965165,true,מרק נמס פטריות 34,אסם,IL,אסם זוג מרק נמס פטריות בדצ14*48גרם,גרמים,34.00,100 גרם,false,1,5.90,17.3529,true,1,19712
7290112965240,true,מרק נמס עגבניות *,אסם,IL,אסם זוג מרק נמס עגבניות בדצ 12*60גרם,גרמים,88.00,100 גרם,false,1,5.90,6.7045,true,1,19715
7290112965264,true,מרק נמס אפונה *30,אסם,IL,אסם זוג מרק נמס אפונה בדצ 14*30גרם,גרמים,60.00,100 גרם,false,1,5.90,9.8333,true,1,19716
7290112965301,true,מרק טעם עוף 38גר,אסם,IL,אסם זוג מרק נמס טעם עוף בדצ 10*52גרם,גרמים,38.00,100 גרם,false,1,5.90,15.5263,true,1,19718
7290112965325,false,תבשיל אורז ספרדי אוסם 140 גרם,אסם,IL,אסם אורז ספרדי 6*140ג,גרמים,140.00,100 גרם,false,1,11.90,8.5000,true,1,22722
7290112965363,false,קציצות קינואה וברוקולי,מיוצר עי קונדיטוריית,IL,טבעול קציצת קינואה וברוקולי 2019 6*525ג,גרמים,525.00,100 גרם,false,1,32.90,6.2667,true,1,21692
7290112965660,false,פיטנס - חטיף מולטיגריין מלח פלפל 25 גרם,מיוצר עי קונדיטוריית,IL,פיטנס חטיף מולטיגריין מלח פלפל 25גרם,גרמים,25.00,100 גרם,false,1,5.50,22.0000,true,1,28210
7290112965684,false,פיטנס - חטיף מולטיגריין עשבי תיבול 25 גרם,מיוצר עי קונדיטוריית,IL,פיטנס חטיף מולטיגריין עשבי תיבול 25גרם,גרמים,25.00,100 גרם,false,1,5.50,22.0000,true,1,28211
7290112965745,false,אוסם - ביסלי פריסטייל בצל מעושן 60 גרם,"אסם השקעות בע""מ",IL,ביסלי פריסטייל בצל מעושן 60 גרם,גרמים,60.00,100 גרם,false,1,4.00,6.6667,true,1,30473
7290112965783,false,אוסם - ביסלי פריסטייל על האש 60 גרם,"אסם השקעות בע""מ",IL,ביסלי פריסטייל על האש 60 גרם,גרמים,60.00,100 גרם,false,1,4.00,6.6667,true,1,30474
7290112965806,false,אוסם - ביסלי פריסטייל חמוץ חריף 60 גרם,Unknown,IL,ביסלי פריסטייל חמוץ חריף 60 גרם,גרמים,60.00,100 גרם,false,1,4.00,6.6667,true,1,30475
7290112965905,false,בייגלה שמיניות במליחות מעודנת אסם 400 גר',מיוצר עי קונדיטוריית,IL,אסם בייגלה שמיניות במליחות מעודנת12*400ג,גרמים,400.00,100 גרם,false,1,11.90,2.9750,true,1,22032
7290112965943,false,טבעול נאגטס ירקות ירוקים 500 גר',טבעול תעשיות מזון בע,IL,טבעול נאגטס ירקות ירוקים 6*500גרם,ליטרים,500.00,ליטר,false,1,31.90,0.0638,true,1,28165
7290112965967,false,טבעול נאגטס ירקות כתומים 500 גר',טבעול תעשיות מזון בע,IL,טבעול נאגטס ירקות כתומים 6*500גרם,ליטרים,500.00,ליטר,false,1,32.90,0.0658,true,1,28163
7290112965981,false,טבעול גורמה ארוחת דגנים 450 גר',טבעול (מקבוצת אסם הש,IL,טבעול גורמה ארוחת דגנים 450 גרם,גרמים,450.00,100 גרם,false,1,33.90,7.5333,true,1,34894
7290112966001,false,טבעול גורמה ארוחת ירוקים,טבעול (מקבוצת אסם הש,IL,טבעול גורמה ארוחת ירוקים 450 גרם,גרמים,450.00,100 גרם,false,1,33.90,7.5333,true,1,34895
7290112966025,false,בייגלה אוסם כפיות כפרי טוגו 60 גר',,IL,אסם בייגלה כפיות כפרי טוגו 24*60גרם,גרמים,60.00,100 גרם,false,1,3.70,6.1667,true,1,22025
7290112966094,false,עוגת הבית בטעם תפוז - פחות סוכר,מיוצר עי קונדיטוריית,IL,עוגת הבית תפוז מופחתת סוכר 400 גרם,גרמים,400.00,100 גרם,false,1,15.90,3.9750,true,1,22740
7290112966124,false,אסם פתי בר מופחת סוכר 500 גר' אסם.,מיוצר עי קונדיטוריית,IL,אסם פתי בר פחות סוכר 12*500גרם,גרמים,500.00,100 גרם,false,1,9.90,1.9800,true,1,22739
7290112966247,false,לחמית כוסמין 200 ג' אסם,אסם יקנעם,IL,לחמית כוסמין 200 גרם,גרמים,200.00,100 גרם,false,1,10.90,5.4500,true,1,26233
7290112966445,false,במבה מתוקה אריזה גדולה 100 ג' אסם,"אסם השקעות בע""מ",IL,במבה מתוקה 100 גרם,גרמים,100.00,100 גרם,false,1,8.90,8.9000,true,1,20981
7290112966728,false,צבר טחינה בלאדי פלפלים חריפים 350 גר',שוורצקוף& הנקל דיסלד,IL,צבר טחינה בלאדי פלפלים חריפים 6*350גרם,גרמים,350.00,100 גרם,false,1,16.90,4.8286,true,1,20842
7290112966766,false,טחינה בלאדי חציל עגבניות ושום צבר 350 גר',שוורצקוף& הנקל דיסלד,IL,צבר טחינה בלאדי חציל עגבניות ושום6*350ג,גרמים,350.00,100 גרם,false,1,16.90,4.8286,true,1,20840
7290112966780,false,טחינה באלדי עם חציל קלוי צבר 350 גר',שוורצקוף& הנקל דיסלד,IL,צבר טחינה בלאדי עם חציל קלוי 6*350גרם,גרמים,350.00,100 גרם,false,1,16.90,4.8286,true,1,20838
7290112966803,false,פודינג אינסטנט שוקולד 88 ג' אסם,"אסם השקעות בע""מ",IL,אסם פודינג אינסטנט שוקולד 88 גרם,גרמים,88.00,100 גרם,false,1,5.90,6.7045,true,1,22065
7290112967114,false,חטיפי פריכיות פיטנס קטניות ופלפל 60 גר',"פרח תעשיות מזון בע""מ",IL,פיטנס חטיפי פריכיות קטניות ופלפל 60 גר,גרמים,60.00,100 גרם,false,1,8.90,14.8333,true,1,26227
7290112967138,false,בייגלה שמיניות ללא גלוטן 250 גר' אסם,מיוצר עי קונדיטוריית,IL,אסם בייגלה שמיניות ללא גלוטן חדש 6*250ג,גרמים,250.00,100 גרם,false,1,14.90,5.9600,true,1,22034
7290112967381,false,פיטנס חטיפי פריכיות קטניות ומלח ים 60 גר',"פרח תעשיות מזון בע""מ",IL,פיטנס חטיפי פריכיות קטניות ומלח ים 60 ג,גרמים,60.00,100 גרם,false,1,8.90,14.8333,true,1,26226
7290112967572,false,"אסם רוטב ברביקיו 290 מ""ל אסם",אסם,IL,אסם רוטב ברביקיו 9*290מל חדש,מיליליטרים,290.00,"100 מ""ל",false,1,12.90,4.4483,true,1,22064
7290112967848,false,ג'לי תות שדה מופחת סוכר 90 גר אסם,מיוצר עי קונדיטוריית,IL,אסם גלי תות שדה מופחת סוכר68גרם,גרמים,68.00,100 גרם,false,1,6.90,10.1471,true,1,22081
7290112968203,false,סלט טחינה בלאדי צבר 250 גרם,שוורצקוף& הנקל דיסלד,IL,סלט טחינה בלאדי צבר 250גרם,גרמים,250.00,100 גרם,false,1,10.90,4.3600,true,1,22956
7290112968340,false,חומוס תבלינים צבר 400 גרם,שוורצקוף& הנקל דיסלד,IL,צבר חומוס גרוס גס גס 400גרם,גרמים,400.00,100 גרם,false,1,14.90,3.7250,true,1,23209
7290112968449,false,סלט כרוב אדום צבר 250 גר',שוורצקוף& הנקל דיסלד,IL,סלט כרוב אדום צבר 250גרם,גרמים,250.00,100 גרם,false,1,10.90,4.3600,true,1,22957
7290112968524,false,סלט חומוס גרגירים רכים צבר 250 גרם,שוורצקוף& הנקל דיסלד,IL,סלט חומוס סמיר צבר 250גרם,גרמים,250.00,100 גרם,false,1,10.90,4.3600,true,1,22959
7290112968685,false,חומוס גרגרים בתטבילה צבר 400 גרם,שוורצקוף& הנקל דיסלד,IL,צבר חומוס גרגרים בתטבילה 400גרם,גרמים,400.00,100 גרם,false,1,14.90,3.7250,true,1,23212
7290112968784,false,טבעול חטיפי כרובית 450 ג',עיצובים 2020 (4.8),IL,טבעול חטיפי כרובית 450גרם,גרמים,450.00,100 גרם,false,1,32.90,7.3111,true,1,23651
7290112968807,false,פיטנס - קרקר דק סלק 140 גרם,מפעל אסם יקנעם,IL,פיטנס קרקר דק סלק 12*140גרם,גרמים,140.00,100 גרם,false,1,12.90,9.2143,true,1,26880
7290112968821,false,פיטנס - קרקר דק בטטה 140 גרם,מפעל אסם יקנעם,IL,פיטנס קרקר דק בטטה 12*140גרם,גרמים,140.00,100 גרם,false,1,12.90,9.2143,true,1,26881
7290112969002,false,אסם אינסטנט פודינג פיסטוק 80 גר',מיוצר עי קונדיטוריית,IL,אסם אינסטנט פודינג פיסטוק 80גרם,גרמים,80.00,100 גרם,false,1,5.90,7.3750,true,1,23652
7290112969286,false,אסם בישולים רוטב חרדל ודבש 330 גר'.,"אסם השקעות בע""מ",IL,רוטב חרדל ודבש אסם בישולים 330גרם,גרמים,330.00,100 גרם,false,1,16.90,5.1212,true,1,28204
7290113156753,false,קוצץ ירקות,,,קוצץ ירקות,יחידה,1.00,יחידה,false,1,59.90,59.9000,true,1,23091
7290113158672,false,כוס זכוכית כפולה 350,,,כוס זכוכית כפולה 350,יחידה,1.00,יחידה,false,1,39.90,39.9000,true,1,27763
7290113192171,false,מיקס אגוזים שקדים וחמוציות 150 גר',דין שיווק,IL,מיקס אגוזים שקדים וחמוציות 150 גרם,גרמים,150.00,100 גרם,false,1,14.90,9.9333,true,1,33400
7290113192300,true,חרוזית מושחר בית הש,בית השיטה,IL,חרוזית מושחר בית השיטה 275גר,יחידה,0.00,יחידה,false,1,10.90,0.0000,true,1,22242
7290113192317,true,טבעות זיתים מושחרים,בית השיטה,IL,טבעות זיתים מושחרים בית השיטה 280גר,גרמים,280.00,100 גרם,false,1,12.90,4.6071,true,1,22243
7290113192324,true,זית ירוק בית השיטה,בית-השיטה עסיס תעשיו,IL,זית ירוק בית השיטה 340גר,גרמים,340.00,100 גרם,false,1,9.80,2.8824,true,1,22244
7290113192331,true,זית ירוק גדול בית ה,בית-השיטה עסיס תעשיו,IL,זית ירוק גדול בית השיטה 340גר,גרמים,0.00,100 גרם,false,1,11.90,0.0000,true,1,22245
7290113192348,true,זית ירוק ט.שום בית ה,בית-השיטה עסיס תעשיו,IL,זית ירוק ט.שום בית השיטה 340גר,Unknown,0.00,Unknown,false,1,10.90,0.0000,true,1,22246
7290113192355,true,חרוזית ירוק בית השיט,בית-השיטה עסיס תעשיו,IL,חרוזית ירוק בית השיטה 275גר,גרמים,275.00,100 גרם,false,1,12.90,4.6909,true,1,22247
7290113192362,true,טבעות זיתים ירק בית,בית-השיטה עסיס תעשיו,IL,טבעות זיתים ירק בית השיטה 280גר,גרמים,280.00,100 גרם,false,1,12.90,4.6071,true,1,22248
7290113192379,true,זיתים ירוקים מבוקעים,שוורצקוף& הנקל דיסלד,IL,זיתים ירוקים מבוקעים בית השיטה 340גר,גרמים,340.00,100 גרם,false,1,9.90,2.9118,true,1,22249
7290113192393,true,קוקטייל זיתים בית ה,בית-השיטה עסיס תעשיו,IL,קוקטייל זיתים בית השיטה 336גר,גרמים,336.00,100 גרם,false,1,12.90,3.8393,true,1,22251
7290113192478,true,מלפפונים במלח 10-12,בית-השיטה עסיס תעשיו,IL,מלפפונים במלח 10-12 בית השיטה 320גר,גרמים,320.00,100 גרם,false,1,10.50,3.2813,true,1,22259
7290113192485,true,מלפפונים בחומץ 10-12,בית-השיטה עסיס תעשיו,IL,מלפפונים בחומץ 10-12בית השיטה 290גר,גרמים,290.00,100 גרם,false,1,10.50,3.6207,true,1,22260
7290113192492,true,מלפפונים בחומץ 17-13,בית-השיטה עסיס תעשיו,IL,מלפפונים בחומץ 17-13בית השיטה 290גר,גרמים,290.00,100 גרם,false,1,11.90,4.1034,true,1,22261
7290113192508,true,מלפפונים במלח 17-13ב,בית-השיטה עסיס תעשיו,IL,מלפפונים במלח 17-13בית השיטה 320גר,גרמים,320.00,100 גרם,false,1,11.90,3.7188,true,1,22262
7290113192515,true,מלפפונים במלח 18 -25,בית-השיטה עסיס תעשיו,IL,מלפפונים במלח 18 -25בית השיטה 320גר,גרמים,0.00,100 גרם,false,1,12.90,0.0000,true,1,22263
7290113192522,true,מלפפונים בחומץ בית ה,בית-השיטה עסיס תעשיו,IL,מלפפונים בחומץ בית השיטה 18-25 290גר,גרמים,290.00,100 גרם,false,1,12.90,4.4483,true,1,22264
7290113192539,true,מלפפונים במלח 7-9 ב,בית-השיטה עסיס תעשיו,IL,מלפפונים במלח 7-9 בית השיטה 320גר,לא מנהל יחידת מידה,0.00,לא מנהל יחידת מידה,false,1,7.90,0.0000,true,1,22265
7290113192546,true,מלפפונים בחומץ 7-9 ב,בית-השיטה עסיס תעשיו,IL,מלפפונים בחומץ 7-9 בית השיטה 290גר,גרמים,290.00,100 גרם,false,1,7.90,2.7241,true,1,22266
7290113192560,true,פלפל שיפקה בית השיטה,בית-השיטה עסיס תעשיו,IL,פלפל שיפקה בית השיטה 230גר,גרמים,230.00,100 גרם,false,1,7.50,3.2609,true,1,22268
7290113192577,true,כרוב כבוש בית השיטה,שוורצקוף& הנקל דיסלד,IL,כרוב כבוש בית השיטה 430גר,גרמים,430.00,100 גרם,false,1,8.50,1.9767,true,1,22269
7290113192881,false,"טורטיה חיטה מופחת קלוריות, קוטר 20 ס""מ - 6 יח'",דין שיווק,IL,טורטיה חיטה מופחתת קלוריות 270 גרם,גרמים,270.00,100 גרם,false,1,9.90,3.6667,true,1,34038
7290113193000,false,בית השיטהפלפל שיפקונית 230 גר',שוורצקוף& הנקל דיסלד,IL,פלפל שיפקונית בית השיטה 230 גרם,גרמים,230.00,100 גרם,false,1,11.90,5.1739,true,1,23506
7290113193031,false,חרוזית קלמטה - זיתים שחורים ללא גלעין קלמטה,שוורצקוף& הנקל דיסלד,IL,זית חרוזית קלמטה בית השיטה 275גרם,גרמים,275.00,100 גרם,false,1,14.90,5.4182,true,1,25730
7290113193888,false,חצילים מוחמצים בית השיטה 320 גר',שוורצקוף& הנקל דיסלד,IL,חצילים מוחמצים בית השיטה 320גרם,גרמים,320.00,100 גרם,false,1,11.90,3.7188,true,1,28166
7290113196490,false,פריכיות כוסמת בתוספת זרעי ציה שקדיה 150 ג',דין שיווק,IL,פריכיות כוסמת ציה 150 גרם במליחות עדינה,גרמים,150.00,100 גרם,false,1,11.90,7.9333,true,1,34224
7290113196506,false,פריכיות כוסמת ללא מלח שקדיה 150 ג',דין שיווק,IL,פריכיות כוסמת 150 גרם ללא מלח,גרמים,150.00,100 גרם,false,1,11.90,7.9333,true,1,34222
7290113196513,false,פריכיות כוסמת בתוספת שקדים שקדיה 150 ג',דין שיווק,IL,פריכיות כוסמת שקדים 150 גרם במליחות עדינה,גרמים,150.00,100 גרם,false,1,11.90,7.9333,true,1,34225
7290113196520,false,פריכיות כוסמין ללא מלח שקדיה 150 ג',דין שיווק,IL,פריכיות כוסמין 150 גרם ללא מלח,גרמים,150.00,100 גרם,false,1,11.90,7.9333,true,1,34223
7290113198579,false,סוכריות גומי דובונים בטעמי פירות 200 ג' שקדיה,טופ גלוב,IL,סוכריות גומי דובונים 200 גרם,גרמים,200.00,100 גרם,false,1,9.90,4.9500,true,1,33609
7290113198586,false,סוכריות גומי מסוכרות בטעם אפרסק 200 ג' שקדיה,טופ גלוב,IL,סוכריות גומי מצופות סוכר בטעם אפרסק 200 גרם,גרמים,200.00,100 גרם,false,1,9.90,4.9500,true,1,33610
7290113198593,false,סוכריות גומי מסוכרות בטעם בננה 200 ג' שקדיה,טופ גלוב,IL,סוכריות גומי מצופות סוכר בטעם בננה 200 גרם,גרמים,200.00,100 גרם,false,1,9.90,4.9500,true,1,33611
7290113198609,false,סוכריות גומי נחשים בטעמי פירות 200 ג' שקדיה,טופ גלוב,IL,סוכריות גומי נחשים 200 גרם,גרמים,200.00,100 גרם,false,1,9.90,4.9500,true,1,33612
7290113199842,false,מגש אירוח סוכריות גומי 700 ג' שקדיה,דין שיווק,IL,מגש אירוח סוכריות גומי 700 גרם,גרמים,700.00,100 גרם,false,1,32.90,4.7000,true,1,35327
7290113199859,false,מגש אירוח סוכריות גומי 350 ג' שקדיה,דין שיווק,IL,מגש אירוח סוכריות גומי 350 גרם,גרמים,350.00,100 גרם,false,1,16.90,4.8286,true,1,35326
7290113199897,false,סוכריות חמצוצים בטעם תות שדה 180 ג' שקדיה,דין שיווק,IL,סוכריות חמצוצים בטעם תות שדה 180 גרם,גרמים,180.00,100 גרם,false,1,9.90,5.5000,true,1,35324
7290113199927,false,סוכריות חמצוצים בטעם פירות 180 ג' שקדיה,דין שיווק,IL,סוכריות חמצוצים בטעמי פירות 180 גרם,גרמים,180.00,100 גרם,false,1,9.90,5.5000,true,1,35325
7290113300354,false,חטיף מקלות לחתול לה,,,לה קט סטיק עוף 30 גרם,גרמים,30.00,100 גרם,false,1,9.90,33.0000,true,1,37992
7290113302259,false,חטיף בונזו נאגטס בקר,שינייה פט פוד,CN,חטיף בונזו נאגטס בקר ודג 80 גר,גרמים,80.00,100 גרם,false,1,12.90,16.1250,true,1,37328
7290113302273,false,חטיף עוף קלציום כתום בונזו 80 ג',שינייה פט פוד,CN,חטיף בונזו עצם קלציום עוף 80 גר,גרמים,80.00,100 גרם,false,1,12.90,16.1250,true,1,37330
7290113302280,false,חטיף נקניקיות אדום בונזו 80 ג',שינייה פט פוד,CN,חטיף בונזו צורת נקניקייה 80 גר,גרמים,80.00,100 גרם,false,1,12.90,16.1250,true,1,37331
7290113302303,false,חטיף בונזו סטיקים תר,שינייה פט פוד,CN,חטיף בונזו סטיקים תרד ותרד 80 גר,גרמים,80.00,100 גרם,false,1,12.90,16.1250,true,1,37333
7290113302310,false,בונזו בטטה רול 80 גר,שינייה פט פוד,CN,בונזו בטטה רול 80 גרם,גרמים,80.00,100 גרם,false,1,12.90,16.1250,true,1,37334
7290113302358,false,חטיפי בנוזו עוף צורת,לנגי,CN,חטיפי בנוזו עוף צורת סושי 80 גר,גרמים,80.00,100 גרם,false,1,12.90,16.1250,true,1,37338
7290113302389,false,שיפוד סלמון ודג בקלה,שינייה פט פוד,CN,שיפוד סלמון ודג בקלה 80 גר,גרמים,80.00,100 גרם,false,1,12.90,16.1250,true,1,37341
7290113302396,false,שיפוד כבש ודג בקלה 8,שינייה פט פוד,CN,שיפוד כבש ודג בקלה 80 גר,גרמים,80.00,100 גרם,false,1,12.90,16.1250,true,1,37342
7290113303607,false,חטיף בונזו חטיפי עוף,שינייה פט פוד,CN,חטיף בונזו חטיפי עוף 80 גר,גרמים,80.00,100 גרם,false,1,12.90,16.1250,true,1,37344
7290114151566,false,שמפו לכל סוגי השיער,אף.סי תבליני בגליל ב,IL,שמפו לכל סוגי השיער בוטני 500 מל,מיליליטרים,500.00,"100 מ""ל",false,1,23.90,4.7800,true,1,32787
7290114151597,false,בוטני שמפו לשיער רגי,אף.סי תבליני בגליל ב,IL,שמפו לשיער רגיל - יבש 500 מל,מיליליטרים,500.00,"100 מ""ל",false,1,23.90,4.7800,true,1,26923
7290114151603,false,מרכך לכל סוגי השיער,אף.סי תבליני בגליל ב,IL,מרכך לכל סוגי השיער בוטני 500 מל,מיליליטרים,500.00,"100 מ""ל",false,1,23.90,4.7800,true,1,32788
7290114151641,false,בוטני סבון גוף קוקוס,אף.סי תבליני בגליל ב,IL,"סבון גוף משפחתי 500 מ""ל",מיליליטרים,500.00,"100 מ""ל",false,1,23.90,4.7800,true,1,26927
7290114151665,false,בוטני סבון ידיים קוק,אף.סי תבליני בגליל ב,IL,סבון ידיים 500 מל,מיליליטרים,500.00,"100 מ""ל",false,1,19.90,3.9800,true,1,26930
7290114152181,false,בוטני סבון גוף תפוז,אף.סי תבליני בגליל ב,IL,"סבון גוף משפחתי 500 מ""ל",מיליליטרים,500.00,"100 מ""ל",false,1,23.90,4.7800,true,1,26929
7290114310215,false,"**טרה שמנת מתוקה 38% 250 מ""ל בקבוק.",מילקו תעשיות בעמ,IL,"שמנת מתוקה 38% 250 מ""ל בבקבוק - בד""צ",מיליליטרים,250.00,"100 מ""ל",false,1,6.47,2.5880,true,1,24059
7290114310222,false,חלב 1.5 ליטר 3% מועשר בסידן וויטמין D.,מילקו תעשיות בעמ,IL,חלב מועשר בסידן וויטמין D טרה 3% 1.5 ל',ליטרים,1.50,ליטר,false,1,12.90,8.6000,true,1,27565
7290114310239,false,חלב טרה נטול לקטוז מועשר בוויטמין D 2% 1.5 ל',מילקו תעשיות בעמ,IL,חלב נטול לקטוז מועשר בויטמיןD טרה 2% 1.5,ליטרים,1.50,ליטר,false,1,12.90,8.6000,true,1,27566
7290114310338,false,צפתית מעודנת 5% 225 גר' משק צוריאל,מחלבת משק צוריאל,IL,צפתית מעודנת 5% 225 גרם,גרמים,225.00,100 גרם,false,1,18.90,8.4000,true,1,29620
7290114310352,false,יוגורט מולר תפוח ופט,מילקו,IL,Muller HEAVEN תפוח פטל,גרמים,120.00,100 גרם,false,1,5.90,4.9167,true,1,33046
7290114310376,false,מולר עם מנגו פסיפלור,מילקו,IL,Muller HEAVEN מנגו פסיפלורה,גרמים,120.00,100 גרם,false,1,5.90,4.9167,true,1,33047
7290114310550,false,פטה עיזים מעודנת בגביע 5% 200 ג',משק צוריאל,IL,בולגרית עיזים מעודנת 16% בגביע - 200 גר',גרמים,200.00,100 גרם,false,1,26.90,13.4500,true,1,30491
7290114310567,false,לאבנה עיזים 5% שומן 200 גרם,משק צוריאל,IL,לאבנה עיזים 5% צוריאל250 גרם,גרמים,200.00,100 גרם,false,1,16.90,8.4500,true,1,32794
7290114310574,false,גבינת קרם שמנת עיזים 5% 200 גרם צוריאל,משק צוריאל,IL,גבינת קרם שמנת עיזים 5% 200 גרם,גרמים,200.00,100 גרם,false,1,16.90,8.4500,true,1,30437
7290114310628,false,משקה חלב בטעם וניל עוגיות 1.5% שומן,מילקו תעשיות בעמ,IL,משקה חלב וניל עוגיות 1 ליטר,ליטרים,1.00,ליטר,false,1,13.90,13.9000,true,1,30633
7290114310673,false,גבינת לאבנה 9% 250 גרם,טרה,IL,לאבנה 9% 250 גרם,גרמים,250.00,100 גרם,false,1,13.90,5.5600,true,1,29853
7290114310895,false,סימפלי מולר מאגדת שמינייה מנגו תות 1.5% 150X8 גר',מולר Muller,IL,מאגדת שמינייה סימפלי 1.5% שומן מנגו ותות,גרמים,1200.00,100 גרם,false,1,32.90,2.7417,true,1,33720
7290114310963,false,יוגורט מחלב עיזים מלא כ3.8% שומן מועשר 500 גר',משק צוריאל,IL,יוגורט עיזים בדלי 3.7% 500 גרם,גרמים,500.00,100 גרם,false,1,16.90,3.3800,true,1,34198
7290114311069,false,יוגורט לבן מועשר בחלבון 0% שומן 200 גרם muller active,מולר Muller,IL,Muller Active יוגורט BIO מועשר חלבון,גרמים,200.00,100 גרם,false,1,6.50,3.2500,true,1,28913
7290114311076,false,"חמאת מולר צהובה עם שום, 200 גרם",מולר Muller,IL,חמאת מולר צהובה עם שום 200 גרם,גרמים,200.00,100 גרם,false,1,12.50,6.2500,true,1,36185
7290114311106,false,מולר גרנולה וסילאן,Unknown,IL,מולר נטורל + 1.7% שומן בתוספת גרנולה וסירופ סילאן,גרמים,177.00,100 גרם,false,1,7.50,4.2373,true,1,34737
7290114311144,false,גבינת עיזים שום שמיר,משק צוריאל,IL,מה עז גבינת עיזים עם שום ושמיר 9% צורי,גרמים,150.00,100 גרם,false,1,26.90,17.9333,true,1,35697
7290114311175,false,גבינת נועם עם זיתים,מילקו תעשיות בעמ,IL,נעם בטעמים-זיתים 200 גרם,גרמים,200.00,100 גרם,false,1,21.90,10.9500,true,1,35700
7290114311328,false,חלב נטול לקטוז 2% שומן מועשר בויטמין D,ג'י.אר.אמ.גרופו אלימ,IL,חלב נטול לקטוז 2%טרה 1ליטר,ליטרים,1.00,ליטר,false,1,8.50,8.5000,true,1,37787
7290114311434,false,"מולר אקטיב בטעם קרמל מלוח 0% שומן, 200 גרם",מולר Muller,IL,מולר אקטיב 20 גרם חלבון קרמל מלוח 200 ג,גרמים,200.00,100 גרם,false,1,6.50,3.2500,true,1,38168
7290114311441,false,"מולר אקטיב בטעם עוגיות חמאה 0% שומן, 200 גרם",מולר Muller,IL,מולר אקטיב 20 גרם חלבון עוגיות חמאה 200,גרמים,200.00,100 גרם,false,1,6.50,3.2500,true,1,38169
7290114311458,false,"חלב מועשר 3% וויטמין קרטון, 1 ל טרה",Unknown,IL,D,ליטרים,1.00,ליטר,false,1,7.90,7.9000,true,1,37831
7290114311496,false,"חלב מועשר 1% שומן קרטון, 1 ל טרה",Unknown,IL,חלב מועשר 1% טרה1 ליטר,ליטרים,1.00,ליטר,false,1,7.90,7.9000,true,1,37830
7290114311502,false,"משקה חלב בקבוק בטעם סחלב, 1 ליטר",מילקו תעשיות בעמ,IL,משקה חלב טרה בטעם סחלב 1 ליטר,ליטרים,1.00,ליטר,false,1,14.90,14.9000,true,1,38170
7290114600941,false,מיונז מאסטר שף מיונז לחיץ 435 ג',קפה לנדוור,NL,מאסטר שף מיונז לחיץ 435 גרם,גרמים,435.00,100 גרם,false,1,14.90,3.4253,true,1,38472
7290114603034,false,"פרי גרנולה אגוזים צימוקים וחמוציות, 300 ג'","אפקט טבעי בע""מ",IL,גרנולה פרי אגוזים צימוקים וחמוציות 300גר,גרמים,300.00,100 גרם,false,1,14.90,4.9667,true,1,28527
7290114603041,false,"פרי גרנולה בוטנים אגוזים וקוקוס, 300 ג'","אפקט טבעי בע""מ",IL,גרנולה פרי אגוזים בוטנים קוקוס חלבון300ג,גרמים,300.00,100 גרם,false,1,14.90,4.9667,true,1,28528
7290114603515,false,רוטב קארי אדום מאסטר שף 340 ג',תאי סופרים,TH,מאסטר שף רוטב קארי אדום 340 גרם,גרמים,340.00,100 גרם,false,1,14.90,4.3824,true,1,27846
7290114603522,false,רוטב קארי ירוק מאסטר שף 340 ג',תאי סופרים,TH,מאסטר שף רוטב קארי ירוק 340 גרם,גרמים,340.00,100 גרם,false,1,14.90,4.3824,true,1,27847
7290114604864,false,קוסקוס דק מאסטר שף 350 ג',דוידוביץ,IL,מאסטר שף קוסקוס דק 350 גרם,גרמים,350.00,100 גרם,false,1,6.90,1.9714,true,1,28605
7290114604871,false,קוסקוס בינוני מאסטר שף 350 ג',דוידוביץ,IL,מאסטר שף קוסקוס בינוני 350 גרם,גרמים,350.00,100 גרם,false,1,6.90,1.9714,true,1,28606
7290114604895,false,ממרח ספייסי לחיץ 446 גר' מאסטר שף,מאסטר שף,NL,מאסטר שף ממרח ספייסי לחיץ 446 גר,גרמים,446.00,100 גרם,false,1,13.90,3.1166,true,1,30305
7290114604901,false,ממרח שום לחיץ מאסטר שף444 ג',מאסטר שף,NL,מאסטר שף ממרח שום לחיץ 444 גרם,גרמים,444.00,100 גרם,false,1,13.90,3.1306,true,1,30306
7290114604925,false,"מאסטר שף אסייאתי קרם קוקוס לייט 400 מ""ל","תאי קוקונאט חברה בע""",TH,קרם קוקוס לייט מאסטר שף 400 מל,מיליליטרים,400.00,"100 מ""ל",false,1,9.90,2.4750,true,1,33844
7290114606530,false,רוטב בטעם מיונז וקטשופ מאסטר שף 515 ג',מאסטר שף,NL,מאסטר שף רוטב מיונז וקטשופ 515 גר,גרמים,515.00,100 גרם,false,1,13.90,2.6990,true,1,30308
7290114606547,false,מיונז עם פטריות כמהין מאסטר שף 242 ג',מאסטר שף,NL,מאסטר שף מיונז פטריות כמהין 242 גרם,גרמים,242.00,100 גרם,false,1,13.90,5.7438,true,1,30307
7290114606554,false,מיונז מופחת קלוריות בקבוק לחיץ,מאסטר שף,NL,מאסטר שף מיונז לייט לחיץ 470 גרם,גרמים,470.00,100 גרם,false,1,13.90,2.9574,true,1,30309
7290114606592,false,רוטב סויה מסורתית 46% פולי סויה מאסטר שף 620 ג',קריניציה ויטמינה אס,TH,"מאסטר שף סויה מסורתית 620 מ""ל",מיליליטרים,620.00,"100 מ""ל",false,1,15.90,2.5645,true,1,32776
7290114606608,false,מאסטר שף סויה מסורתית דל נתרן,קריניציה ויטמינה אס,TH,"מאסטר שף סויה דל נתרן 620 מ""ל",מיליליטרים,620.00,"100 מ""ל",false,1,15.90,2.5645,true,1,32775
7290114607391,false,"קולגייט משחת לילדים ברבי 2-5 שנים, 75 מ""ל",CP UK,MX,"משחת שיניים לילדים בטעם פירות ברבי, 75 מ""ל",מיליליטרים,75.00,"100 מ""ל",false,1,15.90,21.2000,true,1,33650
7290114608695,false,מיונז עם ווסאבי 241 ג' מאסטר שף,רמיה סי.וי,NL,מיונז עם וואסבי מאסטר שף 241 גרם,גרמים,241.00,100 גרם,false,1,13.90,5.7676,true,1,33843
7290114720250,false,פוג'יקום מטען סוללות USB אוניברסלי,Unknown,,מטען סוללות USB אוני,יחידה,1.00,יחידה,false,1,69.90,69.9000,true,1,25504
7290114720625,false,מטען נייד למוצרי USB,,,מטען נייד למוצרי USB,יחידה,1.00,יחידה,false,1,79.90,79.9000,true,1,27018
7290114720878,false,פוג'יקום מארז זוג נורות 75W אור לבן,,,75w מארז זוג נורות לבן,יחידה,1.00,יחידה,false,1,29.90,29.9000,true,1,29956
7290115073676,false,מסכות כירוגית שחורות 50 יח',שמחה זה אנחנו,CN,מסכות מנתח שחורות 50 יח שמחה זה אנחנו,יחידה,1.00,יחידה,false,1,9.90,9.9000,true,1,26744
7290115190014,false,סיגריות מרלבורו רד קצר בוקס,פיליפ מוריס,,סיגריות PPמרלבורו רד חפיסה,יחידה,1.00,יחידה,false,1,36.70,36.7000,false,1,27472
7290115190076,false,סיגריות מרלבורו גולד ארוך 100 בוקס,פיליפ מוריס,,סיגריות מרלבורו גולד 100בודד,יחידה,1.00,יחידה,false,1,36.70,36.7000,false,1,28243
7290115190083,false,סיגריות מרלבורו גולד,פיליפ מוריס,,סיגריות מרלבורו גולדPP פאקט,יחידה,1.00,יחידה,false,10,342.00,342.0000,false,1,27446
7290115190090,false,סיגריות מרלבורו גולד קצר בוקס,פיליפ מוריס,,סיגריות מרלבורו גולדPP חפיסה,יחידה,1.00,יחידה,false,1,36.70,36.7000,false,1,27445
7290115190151,false,סיגריות מרלבורו טאץP,פיליפ מוריס,,סיגריות מרלבורו טאץPP חפיסה,יחידה,1.00,יחידה,false,1,32.90,32.9000,false,1,27460
7290115190182,false,פרלמנט נייט ארוך פאק,פיליפ מוריס,,פרלמנט נייט 100PP פאקט,יחידה,1.00,יחידה,false,10,382.00,382.0000,false,1,30059
7290115190199,false,סיגריות פרלמנט (חפיס,פיליפ מוריס,,פרלמנט נייט 100PP חפיסה,יחידה,1.00,יחידה,false,1,41.70,41.7000,false,1,30058
7290115190212,false,סיגריות פרלמנט בלו ארוך,פיליפ מוריס,,סיגריות פרלמנט בלו 100PPחפיסה,יחידה,1.00,יחידה,false,1,41.70,41.7000,false,1,27450
7290115190236,false,סיגריות פרלמנט קצר בלו,פיליפ מוריס,,סיגריות פרלמנט בלוPP חפיסה,יחידה,1.00,יחידה,false,1,41.70,41.7000,false,1,27447
7290115190250,false,סיגריות פרלמנט נייטP,פיליפ מוריס,,סיגריות פרלמנט נייטPP חפיסה בודד,יחידה,1.00,יחידה,false,1,41.70,41.7000,false,1,27175
7290115190274,false,סיגריות פרלמנט סילבר,פיליפ מוריס,,סיגריות פרלמנט סילברPP חפיסה,יחידה,1.00,יחידה,false,1,41.70,41.7000,false,1,27462
7290115190328,false,אל אם בלו 100 פאקט 1,פיליפ מוריס,,ל.מ בלו 100PP פאקט,יחידה,1.00,יחידה,false,10,302.00,302.0000,false,1,30159
7290115190335,false,ל.מ כחול לייבל ארוך,פיליפ מוריס,,ל.מ בלו 100PP חפיסה,יחידה,1.00,יחידה,false,1,32.20,32.2000,false,1,30158
7290115190342,false,אל אם כחול קצר לייבל,פיליפ מוריס,,סיגריות ל.מ בלוPP פאקט,יחידה,1.00,יחידה,false,10,302.00,302.0000,false,1,27170
7290115190359,false,סיגריות ל.מ בלוPP חפ,פיליפ מוריס,,סיגריות ל.מ בלוPP חפיסה בודד,יחידה,1.00,יחידה,false,1,32.20,32.2000,false,1,27171
7290115190397,false,סיגריות LM רד לייבל קצר,פיליפ מוריס,,ל.מ רדPP חפיסה בודד סיגריות,יחידה,1.00,יחידה,false,1,32.20,32.2000,false,1,27166
7290115190496,false,סיגריות נקסט פיין 10,פיליפ מוריס,IL,סיגריות נקסט פיין 100PP חפיסה,יחידה,1.00,יחידה,false,1,31.20,31.2000,false,1,29228
7290115190502,false,נקסט פיין קצר פאקט 1,פיליפ מוריס,,סיגריות נקסט פייןPP פאקט,יחידה,1.00,יחידה,false,10,282.00,282.0000,false,1,27455
7290115190519,false,סיגריות נקסט פיין חפ,פיליפ מוריס,,סיגריות נקסט פיין חפיסה,יחידה,1.00,יחידה,false,1,31.20,31.2000,false,1,27454
7290115190557,false,סיגריות נקסט כחול קצר,פיליפ מוריס,,סיגריות נקסט ריסס קצרPP חפיסה,יחידה,1.00,יחידה,false,1,26.00,26.0000,false,1,27456
7290115190564,false,סיגריות נקסט לילךPP,פיליפ מוריס,,סיגריות נקסט לילךPP פאקט,יחידה,1.00,יחידה,false,10,282.00,282.0000,false,1,27167
7290115190571,false,סיגריות נקסט לילךPP,פיליפ מוריס,,סיגריות נקסט לילךPP חפיסה בודד,יחידה,1.00,יחידה,false,1,31.20,31.2000,false,1,27168
7290115190595,false,סיגריות נקסט אוריגינ,פיליפ מוריס,,סיגריות נקסט אוריגינלPP חפיסה,יחידה,1.00,יחידה,false,1,31.20,31.2000,false,1,27443
7290115190892,false,סיגריות מרלבורו פיוז,פיליפ מוריס,IL,סיגריות מרלבורו פיוזן קפסולה בודד,יחידה,1.00,יחידה,false,1,27.00,27.0000,false,1,30579
7290115191035,false,מרלבורו סאמר ספלאש ח,פיליפ מוריס,RS,מרלבורו סאמר ספלאש חפיסה בודד,יחידה,1.00,יחידה,false,1,29.00,29.0000,false,1,35950
7290115191073,false,סיגריות נקסט(בודד) ר,פיליפ מוריס,RS,נקסט ריץ ריסס חפיסה,יחידה,1.00,יחידה,false,1,26.00,26.0000,true,1,38193
7290115200003,false,פתי בר פינוקי וניל 220 גר' אסם,תאי פרזידנט פוד פאבל,PL,אסם פתי בר פינוקי וניל 220 גרם,גרמים,220.00,100 גרם,false,1,11.90,5.4091,true,1,26598
7290115200676,false,עוגיות קרמוגית במילוי קרם בטעם קרמל מלוח,היינץ צפון אמריקה מק,IL,קרמוגית קרמל מלוח200 גרם,גרמים,200.00,100 גרם,false,1,11.90,5.9500,true,1,29173
7290115201451,false,טבעול גורמה לביבות בטטה 455 גר',טבעול (מקבוצת אסם הש,IL,טבעול גורמה לביבות בטטה קארי 455גרם,גרמים,455.00,100 גרם,false,1,33.90,7.4505,true,1,36658
7290115201475,false,טבעול גורמה לביבות כרישה 434 גר',טבעול (מקבוצת אסם הש,IL,טבעול גורמה לביבות כרישה 434גרם,גרמים,455.00,100 גרם,false,1,33.90,7.4505,true,1,36659
7290115201550,false,ביסלי קרנבל מיקס 150 ג' אסם,פרו מן יו פתרונות אר,IL,ביסלי קרנבל מיקס 24*150גרם,גרמים,150.00,100 גרם,false,1,8.90,5.9333,true,1,27178
7290115201703,false,ביסלי בטעם ברביקיו 200 ג' אסם,מיוצר עי קונדיטוריית,IL,בסלי ברביקיו 200גרם,גרמים,200.00,100 גרם,false,1,7.90,3.9500,true,1,28063
7290115201727,false,ביסלי בטעם בצל 200 ג' אסם,מיוצר עי קונדיטוריית,IL,בסלי בצל 200גרם,גרמים,200.00,100 גרם,false,1,7.90,3.9500,true,1,28062
7290115202236,false,טבעול טופו קראנצים 470 גר',עיצובים 2020 (4.8),IL,טבעול טופו קרנצים 470גרם,גרמים,470.00,100 גרם,false,1,32.90,7.0000,true,1,32855
7290115202434,false,חומוס עם זעתר צבר 375 ג',ג'נרל מילס סאן אדריא,IL,צבר חומוס עם זעתר 375 גרם,גרמים,375.00,100 גרם,false,1,12.90,3.4400,true,1,29407
7290115202939,false,מנה חמה רייס נודלס עוף פטריות 50 ג' אסם,מיוצר עי קונדיטוריית,TH,מנה חמה רייס נודלס עוף פטריות 50 גרם,גרמים,50.00,100 גרם,false,1,8.90,17.8000,true,1,34177
7290115202953,false,אוסם - מנה חמה רייס נודלס קארי צהוב 55 גרם,מיוצר עי קונדיטוריית,TH,מנה חמה רייס נודלס קארי צהוב 55 גרם,גרמים,50.00,100 גרם,false,1,8.90,17.8000,true,1,34179
7290115203134,false,פופקו פופקורן במבה - פופקורן בציפוי קרמל ובוטנים,"אסם השקעות בע""מ",IL,פופקו פופקורן במבה 80 גרם,גרמים,80.00,100 גרם,false,1,5.90,7.3750,true,1,30477
7290115203172,false,במבה PRO מכיל 18 גרם חלבון בשקית,"אסם השקעות בע""מ",IL,במבה פרו 80גרם,גרמים,80.00,100 גרם,false,1,5.90,7.3750,true,1,36899
7290115203295,false,פרפקטו פסטה ריציאולי מהדורה 12*500גרם,אסם פרפקטו Perfecto,IT,פרפקטו פסטה ריציאולי מהדורה 500 גרם,גרמים,500.00,100 גרם,false,1,11.90,2.3800,true,1,30079
7290115203486,false,פירורית בטעם ביסלי גריל אסם 200 גר',קיבוץ עינת,IL,פירורית בטעם ביסלי גריל אסם 200 גרם,גרמים,200.00,100 גרם,false,1,5.90,2.9500,true,1,32696
7290115203806,false,"רוטב בסיס לבישול אסם 290 מ""ל","אסם השקעות בע""מ",IL,אסם רוטב בסיס לבישול 290 גרם,גרמים,290.00,100 גרם,false,1,13.90,4.7931,true,1,33618
7290115204018,false,מנה חמה איטלקי פסטה בסגנון אלפרדו 60 ג' אסם,נסטלה,IL,מנה חמה פסטה בסגנון אלפרדו 60 גרם,גרמים,60.00,100 גרם,false,1,6.90,11.5000,true,1,30081
7290115204056,false,אסם קטשופ מופחת סוכר 690 גר',קריות זול,IL,אסם קטשופ פחות 56% סוכר 690 גרם,גרמים,690.00,100 גרם,false,1,11.90,1.7246,true,1,29180
7290115205022,false,אוסם - שקדי מרק מקלונים 350 גרם,אסם,IL,שקדי מרק מקלונים אסם 350 גרם,גרמים,350.00,100 גרם,false,1,12.90,3.6857,true,1,33620
7290115205176,false,פיטנס - קרקר דק כפרי פיטנס 140 גרם,נסטלה Nestle,IL,פיטנס קרקר דק כפרי 150 גרם,גרמים,150.00,100 גרם,false,1,12.90,8.6000,true,1,34784
7290115205312,false,קרקר פיטנס דק עם זיתי קלמטה ועשבי תיבול,"אסם השקעות בע""מ",IL,קרקר דק פיטנס זיתים 140 גרם,גרמים,140.00,100 גרם,false,1,12.90,9.2143,true,1,35652
7290115205527,false,פיטנס חטיף מולטגריין עם עדשים 25גר,פיטנס,IL,פיטנס חטיף מולטגריין עם עדשים 25 גרם,גרמים,25.00,100 גרם,false,1,5.50,22.0000,true,1,36177
7290115205541,false,חטיף מולטיגריין עם חומוס 25 ג' פיטנס,"אסם השקעות בע""מ",IL,פיטנס חטיף מולטיגריין עם חומוס 25 גרם,גרמים,25.00,100 גרם,false,1,5.50,22.0000,true,1,36178
7290115205695,false,בצק מצונן לפיצה 460 גר' בונז'ור,נסטלה סוויס (שוויץ),IL,בצק לפיצה מצונן ומוכן בונזור 460גרם,גרמים,460.00,100 גרם,false,1,17.90,3.8913,true,1,35705
7290115205718,false,אסם בונזור בצק מצונן עלים 230 גר',נסטלה סוויס (שוויץ),IL,בצק עלים מצונן ומוכן בונזור 230גרם,גרמים,230.00,100 גרם,false,1,13.90,6.0435,true,1,35706
7290115205978,false,פתיבר ואצבעות שוקולד 180 גרם - רבנות,"ד""ר ג'רארד בע""מ",PL,אסם פתי בר אצבעות שוקולד 180גרם,גרמים,180.00,100 גרם,false,1,11.90,6.6111,true,1,35053
7290115206135,false,"טבעול גורמה ארוחת קינואה, 450 גרם",טבעול (מקבוצת אסם הש,IL,טבעול גורמה ארוחת קינואה 450 גרם,גרמים,450.00,100 גרם,false,1,33.90,7.5333,true,1,34896
7290115206531,false,אסם קרמוגית במילוי קרם בייגלה 12*200 גרם,אסם-נסטלה,IL,אסם קרמוגית בייגלה 200 גרם,גרמים,200.00,100 גרם,false,1,11.90,5.9500,true,1,33932
7290115207460,false,צבר חציל פיקנטי 360,מפעל צבר,IL,צבר חציל פיקנטי 360גרם,גרמים,360.00,100 גרם,false,1,17.90,4.9722,true,1,34739
7290115207484,false,צבר חציל על האש היתר 6*400גרם.,ג'נרל מילס סאן אדריא,IL,צבר חציל על האש 400גרם,גרמים,360.00,100 גרם,false,1,17.90,4.9722,true,1,34740
7290115207507,false,צבר סלט טורקי 6*360גרם,ג'נרל מילס סאן אדריא,IL,צבר סלט טורקי 360גרם,גרמים,360.00,100 גרם,false,1,17.90,4.9722,true,1,34738
7290115207941,false,סירופ אננס 1 ל' ויטמינצ'יק,בית-השיטה עסיס תעשיו,IL,סירופ ויטמינציק אננס 1 ליטר,ליטרים,1.00,ליטר,false,1,23.90,23.9000,true,1,34852
7290115207989,false,סירופ לימון 1 ל' ויטמינצ'יק,בית-השיטה עסיס תעשיו,IL,סירופ ויטמינציק לימון 1 ליטר,ליטרים,1.00,ליטר,false,1,23.90,23.9000,true,1,34854
7290115208009,false,סירופ ענבים 1ל' ויטמינצ'יק,בית-השיטה עסיס תעשיו,IL,סירופ ויטמינציק ענבים 1 ליטר,ליטרים,1.00,ליטר,false,1,23.90,23.9000,true,1,34855
7290115208047,false,סירופ פטל 1 ל' ויטמינצ'יק,בית-השיטה עסיס תעשיו,IL,סירופ ויטמינציק פטל 1 ליטר,ליטרים,1.00,ליטר,false,1,23.90,23.9000,true,1,34853
7290115208061,false,סירופ תפוח 1ל' ויטמינצ'יק,בית השיטה עסיס תעשיו,IL,ויטמינציק תפוח 1 ליטר,ליטרים,1.00,ליטר,false,1,23.90,23.9000,true,1,34856
7290115208320,false,אפרופו חטיף בטעם ביסלי בצל 50 גרם,"אסם השקעות בע""מ",IL,אפרופו בטעם ביסלי בצל 50גרם,גרמים,50.00,100 גרם,false,1,4.90,9.8000,true,1,38127
7290115208597,false,אסם קרמוגית מיניס קרמל מלוח 200 גרם,"אסם השקעות בע""מ",IL,אסם קרמוגית מיניס קרמל מלוח 200 גרם,גרמים,200.00,100 גרם,false,1,11.90,5.9500,true,1,36691
7290115208801,false,לחמית דבש ואגוזים 190ג אסם,Unknown,IL,לחמית דבש ואגוזים 190 גרם,גרמים,190.00,100 גרם,false,1,10.90,5.7368,true,1,38046
7290115208849,false,"מנה חמה פסטה מוקרמת ט.עוף בד""צ 55גר",קריות זול,IL,מנה חמה פירה עם בטטה 51 גרם,גרמים,51.00,100 גרם,false,1,6.90,13.5294,true,1,38067
7290115209174,false,במבה אורירית קלאסי 60 גר',אסם השקעות בעמ,IL,במבה אורירית 60גרם,גרמים,60.00,100 גרם,false,1,4.90,8.1667,true,1,36900
7290115209358,false,במבה במילוי קרם בטעם בראוניז,"אסם השקעות בע""מ",IL,במבה במילוי בראוניז 60גרם,גרמים,60.00,100 גרם,false,1,4.90,8.1667,true,1,38124
7290115405057,false,פס מוס גבינה אוכמניו,קפולסקי,IL,פס מוס גבינה אוכמניות 300גרם,גרמים,300.00,100 גרם,false,1,24.90,8.3000,true,1,29997
7290115670240,false,פריכיות טעימות אורז מלא דקות 135 ג' שטראוס,פרח,IL,כשלפ פריכיות אורז מלא דקות,גרמים,110.00,100 גרם,false,1,13.90,12.6364,true,1,29177
7290115670691,false,גרנולה שיבולת שועל עם פירות יער,אנרג'י Energy - שטראוס,CZ,גרנולה אנרגי פירות יער 400 גרם,גרמים,400.00,100 גרם,false,1,15.90,3.9750,true,1,34768
7290115670707,false,גרנולה שיבולת שועל עם שוקולד ואגוזי לוז,אנרג'י Energy - שטראוס,CZ,גרנולה אנרגי שוקולד ואגוזים 400 גרם,גרמים,400.00,100 גרם,false,1,15.90,3.9750,true,1,34767
7290115670752,false,מארז נמס וכוס לדרך פ,הנסיך- מפעל לייצור ט,IL,מארז נמס וכוס לדרך פסח 2021,גרמים,200.00,100 גרם,false,1,19.90,9.9500,true,1,29621
7290115671339,false,מיני פינוקיות בראוניז בייגל בוטן עלית 180 ג' עלית,הגביע מוצרי ופלים בע,IL,מיני פינוקיות בראוניז בייגל בוטן 180 ג,גרמים,180.00,100 גרם,false,1,11.90,6.6111,true,1,33183
7290115671346,false,מיני פינוקיות טופי קרמל מלוח 180 ג' עלית,הגביע מוצרי ופלים בע,IL,מיני פינוקיות טופי קרמל מלוח 180 ג,גרמים,180.00,100 גרם,false,1,11.90,6.6111,true,1,33184
7290115674712,false,קרקר סריראצה ברידס 1,"אלאדין בייקרס בע""מ",US,BREADZ קרקר סריראצה 170 גרם,גרמים,170.00,100 גרם,false,1,13.90,8.1765,true,1,34482
7290115674774,false,קרקר אפוי עם זרעי צ'יה וקינואה 170 ג' BREADZ,"אלאדין בייקרס בע""מ",US,BREADZ קרקר קינואה וציה 170 גרם,גרמים,170.00,100 גרם,false,1,13.90,8.1765,true,1,34481
7290115675696,false,דגני בוקר קראנצ'ים שיבולת שועל עם אגוזים ושקדים,גלידות שטראוס,IL,קוואקר אגוזים 375 גרם Cruesli,גרמים,375.00,100 גרם,false,1,20.90,5.5733,true,1,33038
7290115675702,false,דגני בוקר קראנצ'ים שיבולת שועל עם פירות מיובשים,גלידות שטראוס,IL,קוואקר פירות 375 גרם Cruesli,גרמים,375.00,100 גרם,false,1,20.90,5.5733,true,1,33039
7290115675719,false,דגני בוקר קראנצ'ים שיבולת שועל וחתיכות שוקולד מריר,קוואקר Quaker,IL,קוואקר שוקולד 375 גרם Cruesli,גרמים,375.00,100 גרם,false,1,20.90,5.5733,true,1,33040
7290115675986,false,יוגורט עם אגוזי לוז ושקדים בקרמל מלוח 4.5%,"שטראוס בריאות בע""מ",IL,דנונה בר עם אגוזים מקורמלים,גרמים,173.00,100 גרם,false,1,4.80,2.7746,true,1,28665
7290115676037,false,דנונה ריפרש יוגורט עם תות ודומדמניות 1.6% שומן,מיוצר עי קונדיטוריית,IL,"דנונה ריפרש תות דומדמניות 250 מ""ל",מיליליטרים,250.00,"100 מ""ל",false,1,5.90,2.3600,true,1,30330
7290115676051,false,"אקטיביה משקה+שיבולת שועל במתיקות מעודנת 250 מ""ל",מיוצר עי קונדיטוריית,IL,משקה אקטיביה עם שש מתיקות מעודנת 265 מל,מיליליטרים,265.00,"100 מ""ל",false,1,5.90,2.2264,true,1,33723
7290115676082,false,משקה דנונה פרו 20 יוגורט תות 255 ג' רבנות,"שטראוס בריאות בע""מ.",IL,משקה דנונה פרו 20 תות,מיליליטרים,255.00,"100 מ""ל",false,1,6.90,2.7059,true,1,30332
7290115676099,false,משקה דנונה פרו 20 יוגורט וניל 255 ג' רבנות,"שטראוס בריאות בע""מ.",IL,משקה דנונה פרו 20 וניל,מיליליטרים,255.00,"100 מ""ל",false,1,6.90,2.7059,true,1,30331
7290115676273,false,קקאו 500גר' +10% תוספת,שטראוס גרופ,IL,אבקת קקאו 500 גרם +10% תוספת כשלפ,גרמים,500.00,100 גרם,false,1,26.90,5.3800,true,1,35544
7290115676693,false,תפוציפס מלח חומץ 50ג,"שטראוס פריטו ליי בע""",IL,תפוציפס מלח חומץ 50 גרם,גרמים,50.00,100 גרם,false,1,3.90,7.8000,true,1,36270
7290115677089,false,קונפיטורה תפוח וקינמון יד מרדכי 340 ג',"ב.א מזון בע""מ",IL,קונפיטורה יד מרדכי תפוח וקינמון 340 גר,גרמים,340.00,100 גרם,false,1,14.90,4.3824,true,1,33048
7290115677140,false,"תפוצ'יפס WAVY פפריקה, 200 ג'",שטראוס פריטו ליי בע”,IL,תפוציפס פפריקה 200 גרם wavy,גרמים,200.00,100 גרם,false,1,9.90,4.9500,true,1,38119
7290115677171,false,קפה פלטינום קלאסיק ע,הנסיך- מפעל לייצור ט,IL,מארז קלאסיק וספל שחור פסח כשלפ 2021,גרמים,200.00,100 גרם,false,1,36.50,18.2500,true,1,29343
7290115677362,false,נודלס טריאקי 350 ג' דלישס,"טרופיקל דגיל בע""מ אז",IL,נודלס טריאקי דלישס 350גרם,גרמים,350.00,100 גרם,false,1,26.90,7.6857,true,1,33756
7290115677409,false,אורז קארי צהוב עם ירקות ברוטב קארי וקרם קוקוס,אוכל ביתי ניר עציון,IL,אורז קארי צהוב דלישס 350גרם,גרמים,350.00,100 גרם,false,1,26.90,7.6857,true,1,35055
7290115677423,false,אורז קארי ירוק חריף 350 ג' דלישס,"טרופיקל דגיל בע""מ אז",IL,אורז קארי ירוק חריף,גרמים,350.00,100 גרם,false,1,26.90,7.6857,true,1,33759
7290115678222,false,מארז 8 גביעים יוגורט Greek בסגנון יווני 6.5% שומן,דנונה - שטראוס,IL,דנונה יווני 1.040 שמינייה,קילוגרמים,1.04,"ק""ג",false,1,26.90,25.8654,true,1,34782
7290115678376,false,מעדן הגולן שוקולד 125 גרם,מיוצר עי קונדיטוריית,IL,מעדן הגולן שוקולד 125גרם,גרמים,125.00,100 גרם,false,1,3.20,2.5600,true,1,31780
7290115678383,false,מעדן הגולן שוקולד מריר 125 גר,מיוצר עי קונדיטוריית,IL,מעדן הגולן שוקולד מריר 125גרם,גרמים,125.00,100 גרם,false,1,3.20,2.5600,true,1,31779
7290115678635,false,נשנושי גבינה -גבינת שמנת 16%+כעכים שטוחים עם מלח,"מחלבת טבע עז בע""מ",IL,נשנושי גבינה 25% עם כעכים שטוחים,גרמים,67.00,100 גרם,false,1,10.90,16.2687,true,1,34834
7290115678642,false,נשנושי גבינה 16% עם חטיף אפוי עם זיתים 67 ג' שטראוס,"מחלבת טבע עז בע""מ",IL,נשנושי גבינה 25% עם חטיף אפוי וזיתים 67,גרמים,67.00,100 גרם,false,1,10.90,16.2687,true,1,34833
7290115678888,false,שוקולית טופי קרמל 500 ג' עלית,שטראוס גרופ,IL,שוקולית טופי קרמל 500 גרם,גרמים,500.00,100 גרם,false,1,15.90,3.1800,true,1,34478
7290115679519,false,שייק פירות ורוד דליש,סיבהפרוסט,BE,דלישס שייק פירות ורוד 150גרם,גרמים,150.00,100 גרם,false,1,21.90,14.6000,true,1,36002
7290115679731,false,שייק פירות ירוק דליש,סיבהפרוסט,BE,דלישס שייק פירות ירוק 150 ג*2,גרמים,150.00,100 גרם,false,1,21.90,14.6000,true,1,36000
7290115679762,false,שייק פירות צהוב דליש,סיבהפרוסט,BE,דלישס שייק פירות צהוב 150 גרם,גרמים,150.00,100 גרם,false,1,21.90,14.6000,true,1,36001
7290115679779,false,שייק פירות אדום דליש,סיבהפרוסט,BE,דלישס שייק פירות אדום 150 גר*2,גרמים,150.00,100 גרם,false,1,21.90,14.6000,true,1,35999
7290115679878,false,פיצה מבצק עם סלק שטר,גסטרונומיה פרוסט אס.,IT,פיצה מבצק עם סלק דלישס 320 גרם,גרמים,320.00,100 גרם,false,1,29.90,9.3437,true,1,33762
7290115679885,false,פיצה מבצק עם כרובית עם רוטב עגבניות ומוצרלה,גסטרונומיה פרוסט אס.,IT,פיצה מבצק עם כרובית 320 גרם,גרמים,320.00,100 גרם,false,1,29.90,9.3437,true,1,33763
7290116530109,false,חטיף פריך ממולא נוגט 35 ג' קליק,"טחנת האבן תעשיות בע""",IL,קליק חטיף נוגט מצופה שוקולד לבן 35 גרם,גרמים,35.00,100 גרם,false,1,5.90,16.8571,true,1,32976
7290116530161,false,"תחליב רחצה שייק אננס , מלון וחלב פינוק 700 מ""ל",יוניליוור ישראל טיפו,IL,תחליב רחצה פינוק שייק אננס 700 מל,מיליליטרים,700.00,"100 מ""ל",false,1,12.90,1.8429,true,1,33403
7290116530185,false,דגני בוקר דלישקד קרמל מלוח 400 ג' תלמה,יוניליוור שפע ישראל,IL,תלמה דגני בוקר דלישקד קרמל מלוח 400 גרם,גרמים,400.00,100 גרם,false,1,25.90,6.4750,true,1,33538
7290116530482,false,מארז קורנפלקס של אלופים 5*30 ג' תלמה,פרו מן-יו פתרנות ארי,IL,תלמה מארז קורנפלקס של אלופים 5*30 גרם,גרמים,150.00,100 גרם,false,1,11.90,7.9333,true,1,33539
7290116530895,false,"תרסיס ריחני למייבש כביסה פינוק כחול בדין 500 מ""ל","זוהר דליה, קיבוץ דלי",IL,"בדין תרסיס למייבש כביסה פינוק 500 מ""ל",מיליליטרים,500.00,"100 מ""ל",false,1,19.90,3.9800,true,1,33022
7290116531069,false,מרק בצל רכיבים טבעיים קטן 225 ג' קנור,יוניליוור ישראל מזון,IL,קנור מרק בצל 100% רכיבים טבעיים 225 גרם,גרמים,235.00,100 גרם,false,1,18.90,8.0426,true,1,34647
7290116531076,false,מרק פטריות רכיבים טבעיים קטן 225 ג' קנור,יוניליוור ישראל מזון,IL,קנור מרק פטריות 100% רכיבים טבעיים 225 גרם,גרמים,235.00,100 גרם,false,1,18.90,8.0426,true,1,34648
7290116531083,false,ברנפלקס קוקומן שוקו בננה 375ג' תלמה,יוניליוור שפע ישראל,IL,ברנפלקס טעם דבש עם שקדים 400גרם,גרמים,400.00,100 גרם,false,1,25.90,6.4750,true,1,34289
7290116531281,false,קליק מיקס 65 גרם,יוניליוור ישראל מזון,IL,קליק קליק מיקס 65 גרם,גרמים,65.00,100 גרם,false,1,7.90,12.1538,true,1,34153
7290116531311,false,קליק - חטיף אוקי בלאק שוקולד לבן 35 גרם,יוניליוור ישראל מזון,IL,קליק חטיף קליק בלאק&וויט בציפוי שוקולד לבן 35 גרם,גרמים,35.00,100 גרם,false,1,5.90,16.8571,true,1,36065
7290116531328,false,קליק - חטיף אוקי בלאק שוקולד חלב 35 גרם,יוניליוור ישראל מזון,IL,קליק חטיף קליק בלאק&וויט בציפוי שוקולד חלב 35 גרם,גרמים,35.00,100 גרם,false,1,5.90,16.8571,true,1,36064
7290116531496,false,דגני בוקר קינמונים 375 ג' תלמה,נאוג'אזיס נווזיס UAB,LT,תלמה קינמונים דגני בוקר 375 גרם,גרמים,375.00,100 גרם,false,1,22.90,6.1067,true,1,37839
7290116531656,false,פינוק מרכך בניחוח תפוח - מהדורה,יוניליוור ישראל טיפו,IL,פינוק מרכך בניחוח תפוח 700 מל,מיליליטרים,700.00,"100 מ""ל",false,1,12.90,1.8429,true,1,33920
7290116531663,false,"תחליב רחצה בניחוח תפוח 700 מ""ל פינוק",יוניליוור ישראל טיפו,IL,פינוק תחליב רחצה בניחוח תפוח 700 מל,מיליליטרים,700.00,"100 מ""ל",false,1,12.90,1.8429,true,1,33921
7290116531762,false,בדין - דפים למייבש כביסה ורוד 40 יחידות,קריות זול,US,בדין דפי מרכך למייבש כביסה ורוד 40 יחידות,יחידה,1.00,יחידה,false,1,18.90,18.9000,true,1,35931
7290116531793,false,הלמנס רוטב לסלט קיסר 295 גרם,יוניליוור ישראל מזון,IL,הלמנס רוטב לסלט קיסר 295 גרם,גרמים,295.00,100 גרם,false,1,12.90,4.3729,true,1,34650
7290116531854,false,"תחליב רחצה שייק קיווי פסיפלורה ואשכולית אדומה 700 מ""ל פינוק",יוניליוור ישראל טיפו,IL,פינוק תחליב רחצה שייק קיווי 700 מל,מיליליטרים,700.00,"100 מ""ל",false,1,12.90,1.8429,true,1,35933
7290116531861,false,"תחליב רחצה שייק תפוז בננה ואפרסק 700 מ""ל פינוק",יוניליוור ישראל טיפו,IL,פינוק תחליב רחצה שייק תפוז 700 מל,מיליליטרים,700.00,"100 מ""ל",false,1,12.90,1.8429,true,1,35934
7290116531939,false,"גלידונית תות שדה 955 מ""ל שטראוס","גלידת שטראוס בע""מ, ר",IL,קרמיסימו גלידונית גלידה בטעם תות שדה 60 יחידות,גרמים,638.00,100 גרם,false,1,41.90,6.5674,true,1,35526
7290116532011,false,קליק - חטיף נוגט שוקולד חלב 35 גרם,אזור התעשייה רמת גבר,IL,קליק חטיף נוגט 35 גרם,גרמים,35.00,100 גרם,false,1,5.90,16.8571,true,1,35202
7290116532028,false,"קליק חטיף נוגט שוקולד חלב כשלפ, 35 גרם","דרך השוקולד 1, צפת 1",IL,קליק חטיף נוגט כשר לפסח 35 גרם,גרמים,35.00,100 גרם,false,1,4.90,14.0000,true,1,34954
7290116532264,false,מאגדת גודיז פרי אפרסק יוגורט בציפוי 300 ג' שטראוס,"גלידת שטראוס בע""מ, ר",IL,גודיז פרי אפרסק 300 גרם,גרמים,300.00,100 גרם,false,1,26.90,8.9667,true,1,35532
7290116532271,false,סנדוויץ לייט גודיז שוקולד וניל 270 ג' שטראוס,"גלידת שטראוס בע""מ, ר",IL,גודיז סנדוויץ 270 גרם,גרמים,270.00,100 גרם,false,1,32.90,12.1852,true,1,35533
7290116532462,false,גלידת שמנת קליק בטעמי שוקולד בננה 384 ג' שטראוס,"גלידת שטראוס בע""מ, ר",IL,פיינט קליק שוקולד בננה,מיליליטרים,520.00,"100 מ""ל",false,1,24.90,4.7885,true,1,35909
7290116532479,false,קליק גלידת שמנת בטעמי שוקולד לבן עוגיות 384 ג' שטראוס,"גלידת שטראוס בע""מ, ר",IL,"פיינט קליק שוקולד לבן קרם עוגיות 520 מ""ל",מיליליטרים,520.00,"100 מ""ל",false,1,24.90,4.7885,true,1,35908
7290116532486,false,גלידת שמנת קליק בטעמי וניל קרמל מלוח 384 ג' שטראוס,"גלידת שטראוס בע""מ, ר",IL,פיינט קליק וניל קרמל מלוח,מיליליטרים,520.00,"100 מ""ל",false,1,24.90,4.7885,true,1,35910
7290116532585,false,דגני בוקר ברנפלקס קרנצ'ים בטעם דבש וקינמון,יוניליוור שפע ישראל,IL,ברנפלקס קרנצים דבש וקינמון 375גרם,גרמים,375.00,100 גרם,false,1,24.90,6.6400,true,1,37838
7290116914527,false,מארז סוכריות על מקל,,CN,מארז סוכריות על מקל 600 גרם,גרמים,600.00,100 גרם,false,1,22.90,3.8167,true,1,36358
7290116930015,false,חטיף חלבון GO קרמל ח.בוטנים קריספי 20 גרם חלבון,תנובה,IL,GO חטיף חלבון קרמל מלוח חמאת בוטנים 60ג,גרמים,60.00,100 גרם,false,1,12.90,21.5000,true,1,35989
7290116930022,false,חטיף חלבון GO קרם עוגיות ציפוי קריספי 20 גרם,תנובה,IL,GO חטיף חלבון בטעם קרם עוגיות 60גרם,גרמים,60.00,100 גרם,false,1,12.90,21.5000,true,1,35990
7290116930282,false,ארוחה בקטנה לאבנה עם קרקרים 150ג' תנובה,תנובה,IL,ארוחה בקטנה לאבנה עם קרקרים 150 גרם,גרמים,150.00,100 גרם,false,1,7.50,5.0000,true,1,36710
7290116930435,false,יוגורט יופלה GO במרקם סמיך עם דובדבן 0%,תנובה מרכז שיתופי לש,IL,יוגורט גו סמיך 0% דובדבן,גרמים,150.00,100 גרם,false,1,6.30,4.2000,true,1,35709
7290116930442,false,יופלה שייק בננה מנג,תנובה בעמ,IL,SHAKE יופלה בננה מנגו תפוז גזר וציה 230,מיליליטרים,230.00,"100 מ""ל",false,1,8.90,3.8696,true,1,36334
7290116930459,false,"משקה SHAKE בננה אננס וקוקוס 230 מ""ל יופלה",יופלה Yoplait,IL,SHAKE יופלה בננה אננס וקוקוס 230 מל,מיליליטרים,230.00,"100 מ""ל",false,1,8.90,3.8696,true,1,36337
7290116930466,false,"משקה SHAKE בננה מנגן פסיפלורה והל 230 מ""ל יופלה",יופלה Yoplait,IL,SHAKE יופלה מנגו בננה פסיפלורה והל 230 מ,מיליליטרים,230.00,"100 מ""ל",false,1,8.90,3.8696,true,1,36336
7290116930480,false,"משקה SHAKE בננה קיווי תפוח 230 מ""ל יופלה",יופלה Yoplait,IL,SHAKE יופלה בננה קיווי תפוח 230 מל,מיליליטרים,230.00,"100 מ""ל",false,1,8.90,3.8696,true,1,36335
7290116930572,false,משקה תה קר עם חלב בט,תנובה בעמ,IL,משקה תה קר עם חלב בטעם צאי ורדים 230מל,מיליליטרים,230.00,"100 מ""ל",false,1,6.90,3.0000,true,1,36344
7290116930626,false,ארוחה בקטנה ציזיקי עם קרקרים 150ג' תנובה,תנובה,IL,ארוחה בקטנה ציזיקי עם קרקרים 150 גרם,גרמים,150.00,100 גרם,false,1,7.50,5.0000,true,1,36711
7290116930633,false,מעדן יולו שוקולד בלו,תנובה בעמ,IL,יולו שוקולד בלונדי עם שברי בייגלה 120 גרם,גרמים,120.00,100 גרם,false,1,5.50,4.5833,true,1,36340
7290116930657,false,"משקה חלב GO בננה תמר שיבולת שועל 340 מ""ל",תנובה מרכז שיתופי לש,IL,"GO משקה בננה תמר שיבולת שועל 340 מ""ל",מיליליטרים,340.00,"100 מ""ל",false,1,8.50,2.5000,true,1,38177
7290116930701,false,מעדן חלב GO מועשר בחלבון בטעם קרמל מלוח,תנובה מרכז שיתופי לש,IL,GOמעדן חלב בטעם קרמל מלוח 120גרם,גרמים,120.00,100 גרם,false,1,5.00,4.1667,true,1,36338
7290116930725,false,סויה BIO קוקוס גביע 150 גרם אלטרנטיב,תנובה בעמ,IL,מעדן סויה BIO קוקוס אלטרנטיב 150 גרם,גרמים,150.00,100 גרם,false,1,4.90,3.2667,true,1,37055
7290116930954,false,יוגורט טעם פאי תפוחים 3% 150 ג' יופלה,"תנובה בע""מ",IL,יוגורט יופלה פאי תפוחים 3% 150 גרם,גרמים,150.00,100 גרם,false,1,4.90,3.2667,true,1,38174
7290116931012,false,יופלה דיאט 0% שומן תפוח וקינמון 150 גרם,תנובה מרכז שיתופי לש,IL,יופלה דיאט 0% תפוח וקינמון 150 גרם,גרמים,150.00,100 גרם,false,1,4.90,3.2667,true,1,38175
7290116931074,false,פרוסות טל העמק 32% 300 גרם,"תנובה בע""מ",IL,גבינה צהובה טל העמק 32% 300 גרם,גרמים,300.00,100 גרם,false,1,25.90,8.6333,true,1,37547
7290116931081,false,מעדן סויה - טופי קרמל 125 גרם אלטרנטיב,תנובה מרכז שיתופי לש,IL,מעדן סויה בטעם טופי קרמל 125 גרם,גרמים,125.00,100 גרם,false,1,3.90,3.1200,true,1,37054
7290116931104,false,יופלה גו במרקם סמיך עם אננס 0% שומן 200ג',תנובה בעמ,IL,יופלה גו במרקם סמיך עם אננס 0% 200גרם,גרמים,200.00,100 גרם,false,1,5.90,2.9500,true,1,37056
7290116931159,false,יופלה דיאט 0% שומן תות בננה 150 גרם,תנובה מרכז שיתופי לש,IL,יופלה דיאט 0% תות בננה 150 גרם,גרמים,150.00,100 גרם,false,1,4.90,3.2667,true,1,38176
7290117261354,false,גבינת ריקוטה 200ג5%שומן,באלבן גידה סנאי,TR,גבינת ריקוטה יורו 200 גרם 5%שומן,גרמים,200.00,100 גרם,false,1,10.90,5.4500,true,1,36146
7290117261378,false,גבינת קשקבל לייט 250 גר 8% שומן,סאסו פטוראגס קומטויס,TR,גבינת קשקבל לייט 8% יורו 250גרם,גרמים,250.00,100 גרם,false,1,15.90,6.3600,true,1,36147
7290117261385,false,גבינת פטה לייט 500ג' 8%שומן,באלבן גידה סנאי,TR,גבינת פטה לייט 8% יורו 500גרם,גרמים,500.00,100 גרם,false,1,27.90,5.5800,true,1,36148
7290117261415,false,יוגורט פרוביוטי 2.7% 125גרם,Euro יורו מחלבות אירופה,TR,יוגורט פרוביוטי 2.7% יורו 125גרם,גרמים,125.00,100 גרם,false,1,3.50,2.8000,true,1,38460
7290117261422,false,יוגורט פרוביוטי עם תות שדה 2% 125גרם,Euro יורו מחלבות אירופה,TR,יוגורט פרוביוטי תות שדה 2% יורו 125גרם,גרמים,125.00,100 גרם,false,1,3.50,2.8000,true,1,38461
7290117261439,false,יוגורט פרוביוטי עם פירות יער 2% 125גרם,Euro יורו מחלבות אירופה,TR,יוגורט פרוביוטי עם פירות יער 2% יורו 12,גרמים,125.00,100 גרם,false,1,3.50,2.8000,true,1,38462
7290117261446,false,יוגורט פרוביוטי עם אפרסק ומשמש 2% 125גרם,Euro יורו מחלבות אירופה,TR,יוגורט פרוביוטי עם אפרסק ומשמש 2% יורו 1,גרמים,125.00,100 גרם,false,1,3.50,2.8000,true,1,38463
7290117261705,false,חמאת עיזים 200 גר' וילי פוד,באלבן גידה סנאי,TR,חמאת עיזים יורו 200 גרם,גרמים,200.00,100 גרם,false,1,13.90,6.9500,true,1,36145
7290117262290,false,פרלינים אגוזים במילוי פצפוצי דגנים פריכים מצופים שוקולד חלב 50 גרם,מודרן צוקולטה,TR,פרלינים אגוזים במילוי פצפוצי דגנים מצופי,גרמים,50.00,100 גרם,false,1,6.90,13.8000,true,1,38194
7290117380178,false,"סוויט פוף שוקולד חלב, 50 גרם","טחנת האבן תעשיות בע""",IL,סוויט פוף שוקולד חלב 50 גרם,גרמים,50.00,100 גרם,false,1,5.90,11.8000,true,1,38198
7290117380185,false,סוויט פוף שוקולד חלב,"טחנת האבן תעשיות בע""",IL,סוויט פוף שוקולד חלב ולבן 50 גרם,גרמים,50.00,100 גרם,false,1,5.90,11.8000,true,1,38199
7290117380192,false,פוף קראנצ' בטעם גריל 60 גר',מנה,IL,פוף חטיף קראנץ גריל 60 גרם,גרמים,60.00,100 גרם,false,1,3.50,5.8333,true,1,34754
7290117380208,false,פוף קראנצ' בטעם חמוץ חריף 60 גר',מנה,IL,פוף חטיף קראנץ חמוץ חריף 60 גרם,גרמים,60.00,100 גרם,false,1,3.50,5.8333,true,1,34755
7290117380215,false,פוף קראנצ' בטעם טאקו 60 גר',מנה,IL,פוף חטיף קראנץ טאקו 60 גרם,גרמים,60.00,100 גרם,false,1,3.50,5.8333,true,1,34756
7290117380864,false,עוגות בראוניס אישיות בטעם שוקולד 120 ג' סלים דליס פייבר,הלמה הלום,NL,סלים דליס עוגות בראוניס אישיות שוקולד 1,גרמים,120.00,100 גרם,false,1,13.90,11.5833,true,1,36026
7290117380871,false,עוגות אישיות בטעם אוכמניות 120 ג' סלים דליס פייבר,הלמה הלום,NL,סלים דליס עוגות בראוניס אישיות אוכמניות 120גרם,גרמים,120.00,100 גרם,false,1,13.90,11.5833,true,1,36027
7290117382318,false,סלים דליס - חטיף חלבון מצופה שוקולד מריר 60 גרם,"י. מרבה ישראל בע""מ",IT,חטיף סלים דליס פרו מצופה שוקולד מריר 6,גרמים,60.00,100 גרם,false,1,12.90,21.5000,true,1,36714
7290117382325,false,סלים דליס - פרו 33 חטיף חלבון מצופה שוקולד חלב 60 גרם,"י. מרבה ישראל בע""מ",IT,חטיף סלים דליס פרו מצופה שוקולד חלב 6,גרמים,60.00,100 גרם,false,1,12.90,21.5000,true,1,36713
7290117382332,false,סלים דליס - חטיף חלבון מצופה שוקולד בטעם עוגיות 60 גרם,"י. מרבה ישראל בע""מ",IT,חטיף סלים דליס פרו מצופה שוקולד עוגיות,גרמים,60.00,100 גרם,false,1,12.90,21.5000,true,1,36715
7290118420378,false,פתיבר פינוקים בטעם תותים בשמנת - חלבי,קריות זול,IL,אסם פתי בר פינוקים תותים בשמנת 220 גרם,גרמים,220.00,100 גרם,false,1,11.90,5.4091,true,1,38123
7290118420477,false,בייגלה שטוחים בטעם ביסלי בצל 300ג' אסם,אסם,IL,אסם בייגלה שטוחים בטעם ביסלי בצל 300ג,גרמים,300.00,100 גרם,false,1,11.90,3.9667,true,1,38128
7290118420514,false,אינסטנט פודינג נוגט 75ג' אסם,"אסם השקעות בע""מ",IL,אינסטנט פודינג נוגט 75גרם,גרמים,75.00,100 גרם,false,1,5.90,7.8667,true,1,38042
7290118873082,false,בדיקת קורונה שפעת מ,,IL,בדיקת קורונה שפעת מארז חמישייה,יחידה,1.00,יחידה,false,1,59.90,59.9000,true,1,38263
7291008092286,true,דקל נור יחידה 400 גר,,,דקל נור יחידה 400 גרם,גרמים,400.00,100 גרם,false,1,12.90,3.2250,true,1,26594
7296021004711,false,שקית זילוף 30סמ לעוג,,,שקית זילוף 30סמ לעוגה,יחידה,1.00,יחידה,false,1,10.90,10.9000,true,1,20926
7296021121517,false,"תבנית פאי גבוהה 24.5*5 ס""מ Patisserie",נעמן,,תבנית פאי גבוהה תחתית מתפרקת,יחידה,1.00,יחידה,false,1,34.90,34.9000,true,1,15837
7296021121548,false,"תבנית פאי 2.5*26 ס""מ תחתית מתפרקת",נעמן,,תבנית פאי תחתית מתפרקת,יחידה,1.00,יחידה,false,1,31.90,31.9000,true,1,16356
7296021121562,false,"תבנית אינגליש קייק 2.5*10.8*35 ס""מ Patisserie",נעמן,,תבנית אינגליש,יחידה,1.00,יחידה,false,1,31.90,31.9000,true,1,4735
7296021131394,false,סכין מולטי משוננת מ,,,"סכין מולטי 1.5 ס""מ",יחידה,1.00,יחידה,false,1,19.90,19.9000,true,1,16436
7296021133541,false,מצקת נירוסטה ידית שח,KIS CHINA,CN,מצקת נירוסטה ידית שחורה נעמן בייסיק ידי,יחידה,1.00,יחידה,false,1,23.90,23.9000,true,1,16079
7296021133558,false,כף מסננת ידית שחורה,KIS CHINA,CN,כף מסננת ידית שחורה נעמן בייסיק ידית שח,יחידה,1.00,יחידה,false,1,21.90,21.9000,true,1,16067
7296021133565,false,תרווד מחורץ ידית שחו,KIS CHINA,CN,תרווד מחורץ ידית שחורה נעמן בייסיק ידית,יחידה,1.00,יחידה,false,1,16.90,16.9000,true,1,16214
7296021133572,false,כף ספגטי ידית שחורה,,,כף ספגטי ידית שחורה נעמן בייסיק ידית שח,יחידה,1.00,יחידה,false,1,16.90,16.9000,true,1,16354
7296021133589,false,כף מחורצת ידית שחורה,KIS CHINA,CN,כף מחורצת ידית שחורה נעמן בייסיק ידית ש,יחידה,1.00,יחידה,false,1,16.90,16.9000,true,1,16070
7296021133596,false,כף בישול ידית שחורה,KIS CHINA,CN,כף בישול ידית שחורה נעמן בייסיק ידית שח,יחידה,1.00,יחידה,false,1,16.90,16.9000,true,1,16084
7296021133602,false,מועך תפוחי אדמה ידית שחורה,KIS CHINA,CN,"מועך תפו""א ידית שחורה נעמן בייסיק ידית",יחידה,1.00,יחידה,false,1,16.90,16.9000,true,1,16110
7296021133619,true,כף הגשה קטנה ידית שח,,,כף הגשה קטנה ידית שחורה נעמן בייסיק ידי,יחידה,1.00,יחידה,false,1,16.90,16.9000,true,1,16995
7296021133633,false,כף פריזיאן ידית שחור,KIS CHINA,CN,כף פריזיאן ידית שחורה נעמן בייסיק ידית,יחידה,1.00,יחידה,false,1,9.90,9.9000,true,1,4526
7296021133640,false,גלגלת פיצה ידית שחור,KIS CHINA,CN,גלגלת פיצה גדולה ידית שחורה נעמן בייסיק,יחידה,1.00,יחידה,false,1,14.90,14.9000,true,1,4283
7296021133664,false,קולפן Y ידית שחורה נ,KIS CHINA,CN,קולפן Y ידית שחורה נעמן בייסיק ידית שחו,יחידה,1.00,יחידה,false,1,10.90,10.9000,true,1,15982
7296021133671,false,סכין מריחה ידית שחור,KIS CHINA,CN,סכין למריחה ידית שחורה נעמן בייסיק ידית,יחידה,1.00,יחידה,false,1,10.90,10.9000,true,1,4662
7296021133695,false,מגרדת ידית שחורה נעמ,,,מגרדת ידית שחורה נעמן בייסיק ידית שחורה,יחידה,1.00,יחידה,false,1,10.90,10.9000,true,1,20945
7296021133701,false,קישואן זוקיני ידית ש,KIS CHINA,CN,קישואן זוקיני ידית שחורה נעמן בייסיק יד,יחידה,1.00,יחידה,false,1,10.90,10.9000,true,1,16245
7296021133718,false,מטרפה ידית שחורה נעמ,KIS CHINA,CN,מטרפה ידית שחורה נעמן בייסיק ידית שחורה,יחידה,1.00,יחידה,false,1,12.90,12.9000,true,1,16024
7296021133725,false,סקין גבינות ידית שחו,KIS CHINA,CN,סכין גבינות ידית שחורה נעמן בייסיק ידית,יחידה,1.00,יחידה,false,1,10.90,10.9000,true,1,16407
7296021133732,false,כף עוגה ידית שחורה נ,KIS CHINA,CN,כף עוגה ידית שחורה נעמן בייסיק ידית שחו,יחידה,1.00,יחידה,false,1,11.90,11.9000,true,1,16032
7296021137075,false,"סכין שף 20 ס""מ",,,"סכין שף 20 ס""מ",יחידה,1.00,יחידה,false,1,59.90,59.9000,true,1,16491
7296021137860,false,קולפן רחב חותך לרצועות כרוב,נעמן,,חותך רצועות כרוב קולפנים,יחידה,1.00,יחידה,false,1,18.90,18.9000,true,1,20947
7296021146442,false,תבנית CS לאפיה קפיץ,,,"תבנית קפיץ 28 ס""מ לאפיה",יחידה,1.00,יחידה,false,1,49.90,49.9000,true,1,16400
7296021146497,false,תבנית לאפיה מלבן 4*2,,,"תבנית לאפיה מלבן 4*24*34 ס""מ",יחידה,1.00,יחידה,false,1,22.90,22.9000,true,1,23747
7296021146572,false,תבנית לאפיה לפיצה 3*,,,"תבנית לאפיה לפיצה 3*30 ס""מ",יחידה,1.00,יחידה,false,1,24.90,24.9000,true,1,16642
7296021148453,true,פעמון עוגה 14.5*34 ס,,,פעמון עוגה פלסטיק,יחידה,1.00,יחידה,false,1,29.90,29.9000,true,1,17072
7296021152221,true,סוחט לימון ידני פלסט,,,סוחט לימון ידני פלסטיק,יחידה,1.00,יחידה,false,1,8.90,8.9000,true,1,17325
7296021160875,false,מספריים למטבח עם מגנ,,,מספריים למטבח עם מגנט דיספליי 12 מספריים,יחידה,1.00,יחידה,false,1,21.90,21.9000,true,1,21144
7296021166273,false,"קערה אובלית 25*31 ס""",,,"קערה אובלית 25*31 ס""מ פלסטיק",יחידה,1.00,יחידה,false,1,18.90,18.9000,true,1,25975
7296021169359,false,משקל מטבח אלקטרוני,,,משקל מטבח אלקטרוני לבן EKS-006 עד 5 קג Patisser,יחידה,1.00,יחידה,false,1,59.90,59.9000,true,1,21141
7296021170645,true,פותחן יין מלצרים תו,,,פותחן יין מלצרים תוכי אביזרי מטבח,יחידה,1.00,יחידה,false,1,15.90,15.9000,true,1,17327
7296021170676,false,פותחן שימורים פרפר י,KIS CHINA,CN,פותחן שימורים פרפר ידית שחורה אביזרי מטבח,יחידה,1.00,יחידה,false,1,31.90,31.9000,true,1,21189
7296021170775,false,- מגרדת שטוחה 12*30,נעמן,,- מגרדת שטוחה 12*30 STAINLESS STEEL אביזרי מטבח,יחידה,1.00,יחידה,false,1,11.90,11.9000,true,1,21149
7296021170805,false,סוחט הדרים ידני גדול,נעמן,,מסחטת תפוז 23*9 אלומניום אביזרי מטבח,יחידה,1.00,יחידה,false,1,39.90,39.9000,true,1,21191
7296021170836,false,מערוך עץ 30*50 אביז,,,מערוך עץ 30*50 אביזרי מטבח,יחידה,1.00,יחידה,false,1,29.90,29.9000,true,1,16873
7296021179044,false,מגרדת זסטר ידית שחור,,,מגרדת זסטר ידית שחורה מגרדות זסטר,יחידה,1.00,יחידה,false,1,29.90,29.9000,true,1,21140
7296021180224,false,תבנית סיליקון למאפינ,,,תבנית סיליקון למאפינס 12 שקעים,יחידה,1.00,יחידה,false,1,51.90,51.9000,true,1,23748
7296021183881,false,מאג זכוכית ידית אפור,,,"מאג זכוכית חסינת חום 400 מ""ל",יחידה,1.00,יחידה,false,1,14.90,14.9000,true,1,20409
7296021183904,false,מאג זכוכית ידית כתומ,,,"מאג זכוכית חסינת חום 400 מ""ל",יחידה,1.00,יחידה,false,1,14.90,14.9000,true,1,20411
7296021191367,false,קרחון עם מכסה (עיגול,,,קרחון עם מכסה,יחידה,1.00,יחידה,false,1,12.90,12.9000,true,1,20940
7296021273162,false,סט שישיית סכינים לחי,,,סט שישיית סכינים לחיתוך ירקות אדום,יחידה,1.00,יחידה,false,1,14.90,14.9000,true,1,34703
7296021273254,false,מארז מגבות 40/60 סמ,,,מארז מגבות 40/60 סמ תכלת כותנה 100%,יחידה,1.00,יחידה,false,1,28.90,28.9000,true,1,36189
7296021273261,false,מארז מגבות 40/60 סמ,,,מארז מגבות 40/60 סמ סגול כותנה 100%,יחידה,1.00,יחידה,false,1,28.90,28.9000,true,1,36180
7296021273650,false,סט שישיית סכינים לחי,,,סט שישיית סכינים לחיתוך ירקות שחור,יחידה,1.00,יחידה,false,1,14.90,14.9000,true,1,34704
7296021669514,false,מגרדת מרובעת,נעמן,,מגרדת מרובעת עומדת 4 צדדים נעמן אביזרי,יחידה,1.00,יחידה,false,1,26.90,26.9000,true,1,3955
7296079000482,false,עדשים שחורים 500 גר-,אחים שפירא,,עדשים שחורים 500 גר-בראל,גרמים,500.00,100 גרם,false,1,17.00,3.4000,true,1,124594
7296150000028,false,עלי גפן ממולאים באור,אקמר,,עלי גפן ממולאים באורז 425 גרם,גרמים,425.00,100 גרם,false,1,10.90,2.5647,true,1,121995
7297028137433,true,קרסוליות גבר FILA,,,קרסוליות גבר FILA,Unknown,0.00,Unknown,false,1,12.87,0.0000,true,1,11855
7297488097995,false,גרנולה דבש ללא גלוטן,תות תעשיות מזון (201,IL,בריאות וטבע גרנולה דבש 250 גרם,גרמים,250.00,100 גרם,false,1,15.90,6.3600,true,1,125161
7297488098015,false,גרנולה קרנץ' עם שוקולד צ'יפס מריר,תות תעשיות מזון (201,IL,גרנולה קרנצי שוקו דגש 250 גרם,גרמים,250.00,100 גרם,false,1,15.90,6.3600,true,1,125163
7297488098152,false,דגש קמח חומוס ללא גל,אף.סי תבליני בגליל ב,IL,דוכן גן שמואל קמח חומוס 500 גרם,גרמים,500.00,100 גרם,false,1,16.90,3.3800,true,1,124666
7297488098169,false,דגש קמח תירס ללא גלו,תבליני העליון 2007 ב,IL,קמח תירס ללא גלוטן 500 גרם,גרמים,500.00,100 גרם,false,1,9.80,1.9600,true,1,124554
7297488098176,false,קמח סויה ללא גלוטן ד,אף.סי. תבליני הגליל,IL,דוכן גן שמואל קמח סויה 500 גרם,גרמים,500.00,100 גרם,false,1,10.50,2.1000,true,1,139026
7297488098183,false,קמח אורז לבן ללא גלו,תבליני העליון 2007 ב,IL,דוכן גן שמואל קמח אורז 500 גרם,גרמים,500.00,100 גרם,false,1,11.90,2.3800,true,1,125070
7297488098190,false,קמח אורז מלא ללא גלוטן,אף.סי תבליני בגליל ב,IL,דוכן גן שמואל קמח אורז מלא 500 גרם,גרמים,500.00,100 גרם,false,1,14.90,2.9800,true,1,139027
7297488098213,false,קמח קינואה ללא גלוטן,תבליני העליון 2007 ב,IL,דוכן גן שמואל קמח קינואה 500 גרם,גרמים,500.00,100 גרם,false,1,27.90,5.5800,true,1,139028
7297488098220,false,קמח תפוח אדמה ללא גלוטן,תות תעשיות מזון (201,IL,דוכן גן שמואל קמח תפוחי אדמה 500 גרם,גרמים,500.00,100 גרם,false,1,11.90,2.3800,true,1,139029
7297488098282,false,דגש אבקת מרק בטעם עו,אף.סי. תבליני הגליל,IL,בריאות וטבע אבקת מרק בטעם עוף 500 גרם,גרמים,500.00,100 גרם,false,1,21.90,4.3800,true,1,125071
7297488098299,false,קמח טפיוקה ללא גלוטן,אף סי תבליני הגליל ב,IL,דוכן גן שמואל קמח טפיוקה 500 גרם,גרמים,500.00,100 גרם,false,1,10.90,2.1800,true,1,125072
7297488098305,false,קמח שקדים ללא גלוטן,תות תעשיות מזון (201,IL,דוכן גן שמואל קמח שקדים 500 גרם,גרמים,250.00,100 גרם,false,1,27.90,11.1600,true,1,125111
7297488098398,true,קסנטאן - גן 300 גרם,אף.סי תבליני הגליל ב,IL,קסנטאן - גן 300 גרם,גרמים,300.00,100 גרם,false,1,35.90,11.9667,true,1,137325
7297488098688,true,פצפוצי אורז מלא ללא,תירפז בעמ,IL,פצפוצי אורז מלא ללא תוספת סוכר ומלח,גרמים,450.00,100 גרם,false,1,23.90,5.3111,true,1,137326
7297488099753,false,עוגיות עם שוקולד וקוקוס,תות תעשיות מזון (201,IL,עוגיות בטעם שוקולד וקוקוס 250 גרם,גרמים,250.00,100 גרם,false,1,27.90,11.1600,true,1,129875
7297488099760,true,עוגיות בטעם חלבה 250,תות תעשיות מזון (201,IL,בריאות וטבע עוגיות מובחרות עם חלווה 250 גרם,גרמים,250.00,100 גרם,false,1,27.90,11.1600,true,1,137327
7297488099777,true,עוגיות בטעם קאשיו 25,תות תעשיות מזון (201,IL,בריאות וטבע עוגיות מובחרות עם קשיו 250 גרם,גרמים,250.00,100 גרם,false,1,27.90,11.1600,true,1,137328
7297488099784,false,עוגיות דגש בטעם קינמ,תות תעשיות מזון (201,IL,בריאות וטבע עוגיות מובחרות עם קינמון 250 גרם,גרמים,250.00,100 גרם,false,1,27.90,11.1600,true,1,129876
7297488099821,false,גרנולה ללא תוספת סוכר לנמנעים מגלוטן,תות תעשיות מזון (201,IL,בריאות וטבע גרנולה 250 גרם,גרמים,250.00,100 גרם,false,1,16.90,6.7600,true,1,129877
7297488099890,false,פרוסות בסגנון קלאסי 9% שומן טבעוני,"טרופיקל דגיל בע""מ אז",IL,משו משו פרוסות בסגנון קלאסי 9% 200 גרם,גרמים,200.00,100 גרם,false,1,19.90,9.9500,true,1,129169
7297488099906,false,פרוסות בסגנון קלאסי 18% שומן טבעוני,"טרופיקל דגיל בע""מ אז",IL,משו משו פרוסות בסגנון קלאסי 18% 200 גרם,גרמים,200.00,100 גרם,false,1,19.90,9.9500,true,1,129171
7297488099951,false,משו משו מלוחה 5% 250,"טרופיקל דגיל בע""מ אז",IL,משו משו מלוחה 5% 250 גרם,גרמים,250.00,100 גרם,false,1,19.90,7.9600,true,1,129170
7297488099968,false,גבינה טבעונית מלוחה,"טרופיקל דגיל בע""מ אז",IL,משו משו מלוחה 16% 250 גרם,גרמים,250.00,100 גרם,false,1,19.90,7.9600,true,1,129172
7297488199590,false,פצפוצי אורז לבן תפוח ללא גלוטן,דגש- דוכן גן שמואל,IL,פצפוצי אורז לבן תפוח,גרמים,450.00,100 גרם,false,1,23.90,5.3111,true,1,129872
7297488199606,false,פצפוצי אורז תפוח ללא תוספת סוכר ומלח ללא גלוטן,דגש- דוכן גן שמואל,IL,פצפוצי אורז לבן תפוח,גרמים,450.00,100 גרם,false,1,23.90,5.3111,true,1,129873
7297488199620,false,פצפוצי אורז מלא תפוח ללא גלוטן,דגש- דוכן גן שמואל,IL,פצפוצי אורז מלא דגש 450 גרם,גרמים,450.00,100 גרם,false,1,22.90,5.0889,true,1,126345
7297488199682,false,קמח כוסמת ללא גלוטן,תות תעשיות מזון (201,IL,דוכן גן שמואל קמח קינואה 500 גרם,גרמים,500.00,100 גרם,false,1,15.90,3.1800,true,1,128676
7297488199781,true,קניידלך דגש,דולפין ספא,IL,קניידלMIX תערובת להכנת קניידלך מקמח תפוחי אדמה,Unknown,0.00,Unknown,false,1,19.90,0.0000,true,1,137334
7297603010328,false,בקבוק אקרילי 500 מל,,,בקבוק אקרילי 500 מל,יחידה,1.00,יחידה,false,1,39.90,39.9000,true,1,37843
7297603013473,false,משטח עגול להגשה מעץ,,,משטח עגול להגשה מעץ,יחידה,1.00,יחידה,false,1,37.90,37.9000,true,1,37855
7297603015576,false,קרש חיתוך עץ אקשיה ע,,,קרש חיתוך עץ אקשיה ע,יחידה,1.00,יחידה,false,1,29.90,29.9000,true,1,33978
7297603016252,false,קרש אקשיה להגשה מלבנ,,,קרש אקשיה להגשה מלבנ,יחידה,1.00,יחידה,false,1,34.90,34.9000,true,1,35746
7297603017228,false,קנקן זכוכית מעוצב 15,,,קנקן זכוכית מעוצב 15,יחידה,1.00,יחידה,false,1,59.90,59.9000,true,1,37863
7297603017235,false,קנקן זכוכית מעוצב 18,,,קנקן זכוכית מעוצב 18,יחידה,1.00,יחידה,false,1,64.90,64.9000,true,1,37864
7297603017242,false,קנקן זכוכית מעוצב 15,,,קנקן זכוכית מעוצב 15,יחידה,1.00,יחידה,false,1,49.90,49.9000,true,1,37865
7297603017396,false,בול סבתא רגע של פינו,,,בול סבתא רגע של פינו,יחידה,1.00,יחידה,false,1,14.90,14.9000,true,1,34670
7297603018072,false,קנקן זכוכית עגול מעו,,,קנקן זכוכית עגול מעו,יחידה,1.00,יחידה,false,1,59.90,59.9000,true,1,37866
7297603018089,false,קנקן זכוכית עגול מעו,,,קנקן זכוכית עגול מעו,יחידה,1.00,יחידה,false,1,79.90,79.9000,true,1,37867
7297603027500,false,מלחיה זכוכית נירוסט,,,מלחיה זכוכית נירוסט,יחידה,1.00,יחידה,false,1,11.90,11.9000,true,1,35366
7297603028019,false,מרית סיליקון 27 סמ א,,,מרית סיליקון 27 סמ א,יחידה,1.00,יחידה,false,1,11.90,11.9000,true,1,34811
7297603028033,false,מיני מרית סיליקון 20,,,מיני מרית סיליקון 20,יחידה,1.00,יחידה,false,1,7.90,7.9000,true,1,34812
7297603028057,false,מברשת סיליקון 27 סמ,,,מברשת סיליקון 27 סמ,יחידה,1.00,יחידה,false,1,14.90,14.9000,true,1,37870
7297603028071,false,כף סיליקון 27 סמ אדו,,,כף סיליקון 27 סמ אדו,יחידה,1.00,יחידה,false,1,13.90,13.9000,true,1,37871
7297603028095,false,כף מחוררת סיליקון 27,,,כף מחוררת סיליקון 27,יחידה,1.00,יחידה,false,1,14.90,14.9000,true,1,34809
7297603028125,false,מועך תפוח אדמה ידית,,,מועך תפוח אדמה ידית,יחידה,1.00,יחידה,false,1,22.90,22.9000,true,1,37872
7297603028835,false,בקבוק אקריל ‎ION ENE,,,בקבוק אקריל ‎ION ENE,יחידה,1.00,יחידה,false,1,39.90,39.9000,true,1,37875
7297603030029,false,בקבוק אקרילי ‎ION EN,,,בקבוק אקרילי ‎ION EN,יחידה,1.00,יחידה,false,1,49.90,49.9000,true,1,37881
7297603030326,false,מאג סבתא רטרו שחור ל,,,מאג סבתא רטרו שחור ל,יחידה,1.00,יחידה,false,1,12.90,12.9000,true,1,37888
7297603030333,false,בול סבתא שחור לבן,,,בול סבתא שחור לבן,יחידה,1.00,יחידה,false,1,15.90,15.9000,true,1,37889
7297603030340,false,מאג סבתא 350 מל,,,מאג סבתא 350 מל,יחידה,1.00,יחידה,false,1,11.90,11.9000,true,1,37890
7297603030357,false,מאג סבתא 4 גווני חו,,,מאג סבתא 4 גווני חו,יחידה,1.00,יחידה,false,1,12.90,12.9000,true,1,37891
7297603030364,false,בול סבתא 4 גווני חו,,,בול סבתא 4 גווני חו,יחידה,1.00,יחידה,false,1,16.90,16.9000,true,1,37892
7297603030524,false,מעמד פלסטיק לסכום אפ,,,מעמד פלסטיק לסכום אפ,יחידה,1.00,יחידה,false,1,37.90,37.9000,true,1,35389
7297603031804,false,משקל מטבח דיגטלי מעו,,,משקל מטבח דיגטלי מעו,יחידה,1.00,יחידה,false,1,49.90,49.9000,true,1,37896
7297603031828,false,משקל מטבח דיגטלי מעו,,,משקל מטבח דיגטלי מעו,יחידה,1.00,יחידה,false,1,49.90,49.9000,true,1,37898
7297603032313,false,דיספנסר חלק אובלי למ,,,דיספנסר חלק אובלי למ,יחידה,1.00,יחידה,false,1,59.90,59.9000,true,1,37901
7297603032337,false,דיספנסר חלק מרובע למ,,,דיספנסר חלק מרובע למ,יחידה,1.00,יחידה,false,1,59.90,59.9000,true,1,37903
7297603032344,false,דיספנסר חלק מרובע למ,,,דיספנסר חלק מרובע למ,יחידה,1.00,יחידה,false,1,59.90,59.9000,true,1,37904
7297603032351,false,דיספנסר חלק מרובע למ,,,דיספנסר חלק מרובע למ,יחידה,1.00,יחידה,false,1,59.90,59.9000,true,1,37905
7297603034027,false,קרמיקה יפנית מגש מל,,,קרמיקה יפנית מגש מלבן 28X16 סמ,יחידה,1.00,יחידה,false,1,29.90,29.9000,true,1,37907
7297603034034,false,קרמיקה וינטג צלחת ק,,,קרמיקה וינטג צלחת ק,יחידה,1.00,יחידה,false,1,29.90,29.9000,true,1,37908
7297603034058,false,קרמיקה יפנית קערית,,,קרמיקה יפנית קערית,יחידה,1.00,יחידה,false,1,6.90,6.9000,true,1,37910
7297603034072,false,קרמיקה יפנית צלחת,,,קרמיקה יפנית צלחת,יחידה,1.00,יחידה,false,1,17.90,17.9000,true,1,37912
7297603034089,false,קרמיקה יפנית צלוחית,,,קרמיקה יפנית צלוחית,יחידה,1.00,יחידה,false,1,12.90,12.9000,true,1,37913
7297603034102,false,קרמיקה וינטג צלחת ע,,,קרמיקה וינטג צלחת ע,יחידה,1.00,יחידה,false,1,19.90,19.9000,true,1,37915
7297603034126,false,קרמיקה וינטג בול קו,,,קרמיקה וינטג בול קו,יחידה,1.00,יחידה,false,1,19.90,19.9000,true,1,37917
7297603034171,false,מאג פורצלן על רגל,,,מאג פורצלן על רגל,יחידה,1.00,יחידה,false,1,22.90,22.9000,true,1,37918
7297603034188,false,מאג פורצלן על רגל,,,מאג פורצלן על רגל,יחידה,1.00,יחידה,false,1,24.90,24.9000,true,1,37919
7297603034195,false,מאג פורצלן על רגל co,,,מאג פורצלן על רגל co,יחידה,1.00,יחידה,false,1,24.90,24.9000,true,1,37920
7297603034201,false,מאג פורצלן,,,מאג פורצלן,יחידה,1.00,יחידה,false,1,19.90,19.9000,true,1,37921
7297603034218,false,מאג פורצלן,,,מאג פורצלן,יחידה,1.00,יחידה,false,1,19.90,19.9000,true,1,37922
7297603034225,false,מאג פורצלן על רגל,,,מאג פורצלן על רגל,יחידה,1.00,יחידה,false,1,19.90,19.9000,true,1,37923
7298074501018,false,שפתון בליסטקס קלאסיק,,US,שפתון בליסטקס קלאסיק,יחידה,1.00,יחידה,false,1,9.90,9.9000,true,1,32676
7312040017683,false,וודקה אבסולוט בקבוק,חברת אבסולוט,SE,"אבסולוט וודקה, 700 מ''ל",מיליליטרים,700.00,"100 מ""ל",false,1,69.90,9.9857,true,1,445
7394376123337,false,"משקה שיבולת שועל אורגני אוטלי , 1 ל'",טרנסומס פוד איי.בי,SE,משקה שיבולת שועל אורגני אוטלי 1 ליטר,ליטרים,1.00,ליטר,false,1,14.90,14.9000,true,1,26219
7394376615825,false,"אוטלי משקה שיבולת שועל בתוספת סידן וויטמינים , 1 ל'",אוטלי OATLY,SE,אוטלי משקה שבולת שועל מועשר 1 ליטר,ליטרים,1.00,ליטר,false,1,14.90,14.9000,true,1,26218
7394376615832,false,אוטלי משקה שיבולת שועל בטעם שוקולד 1 ליטר,אוטלי OATLY,SE,משקה שיבולת שועל בטעם שוקולד אוטלי 1 לי,ליטרים,1.00,ליטר,false,1,15.90,15.9000,true,1,26217
7394376616778,false,אוטלי משקה שיבולת שועל להקצפה בריסטה 1 ליטר,אוטלי OATLY,SE,משקה שיבולת שועל  להקצפה בריסטה אוטלי 1,ליטרים,1.00,ליטר,false,1,15.90,15.9000,true,1,26216
7394376620294,false,משקה שיבולת שועל וני,איי אם פי אס איי תעש,NL,משקה שיבולת שועל וניל אוטלי 1 ליטר,ליטרים,1.00,ליטר,false,1,15.90,15.9000,true,1,37840
7441000720605,false,לבבות דקל בצנצנת 410,אינקופלמיטו אס. אי,EC,לה קימה שימורי לבבות דקל שלמים 410 גרם,גרמים,410.00,100 גרם,false,1,18.90,4.6098,true,1,18362
7500162900000,false,"בירה סול 330 מ""ל - בודד",היינקן,NL,"סול ח""פ 330 בקבוק בודד",מיליליטרים,330.00,"100 מ""ל",false,1,9.90,3.0000,true,1,24063
7501013101348,false,"נקטר 100% JUMEX מנגו 473 מ""ל",חומקס קומר קומרסאליז,MX,"ג'ומקס מנגו בקבוק 473 מ""ל תריסר",מיליליטרים,473.00,"100 מ""ל",false,1,8.50,1.7970,true,1,20356
7501013101355,false,"נקטר אפרסק ג'ומקס 473 מ""ל",חומקס קומר קומרסאליז,MX,"ג'ומקס אפרסק בקבוק 473 מ""ל תריסר",מיליליטרים,473.00,"100 מ""ל",false,1,8.50,1.7970,true,1,20355
7501013101362,false,"משקה קוקוס אננס ג'ומקס 473 מ""ל",חומקס קומר קומרסאליז,MX,"ג'ומקס קוקוס אננס בקבוק 473 מ""ל תריסר",מיליליטרים,473.00,"100 מ""ל",false,1,8.50,1.7970,true,1,20357
7501013101393,false,"נקטר 100% JUMEX אננס 473 מ""ל",חומקס קומר קומרסאליז,MX,"ג'ומקס אננס  בקבוק 473 מ""ל תריסר",מיליליטרים,473.00,"100 מ""ל",false,1,8.50,1.7970,true,1,20354
7501013122039,false,ג'ומקס מיץ מנגו קרטונית ליטר תריסר,חומקס קומר קומרסאליז,MX,ג'ומקס מנגו קרטונית ליטר תריסר,ליטרים,1.00,ליטר,false,1,9.90,9.9000,true,1,20351
7501013122053,false,ג'ומקס מיץ אפרסק קרטונית ליטר תריסר,חומקס קומר קומרסאליז,MX,ג'ומקס אפרסק קרטונית ליטר תריסר,ליטרים,1.00,ליטר,false,1,9.90,9.9000,true,1,20350
7501013122190,false,ג'ומקס מיץ תפוחים קרטונית ליטר תריסר,חומקס קומר קומרסאליז,MX,ג'ומקס תפוחים קרטונית ליטר תריסר,ליטרים,1.00,ליטר,false,1,9.90,9.9000,true,1,20353
7501013122992,false,ג'ומקס מיץ קוקוס אננס קרטונית ליטר תריסר,חומקס קומר קומרסאליז,MX,ג'ומקס קוקוס אננס קרטונית ליטר תריסר,ליטרים,1.00,ליטר,false,1,9.90,9.9000,true,1,20352
7501013138184,false,יוניקו פרסקו משקה חמוציות קרטונית 1 ל',חומקס קומר קומרסאליז,MX,ג'ומקס פרסקו חמוציות קרטונית ליטר תריסר,ליטרים,1.00,ליטר,false,1,12.60,12.6000,true,1,30745
7501049936945,false,"שישיית בירה סול 330 מ""ל",היינקן,NL,"בירה סול שישייה (6X330 מ""ל)",ליטרים,1.98,ליטר,false,1,36.90,18.6364,true,1,24062
7501064191398,false,שישיית בירה קורונה אקסטרא *355 מל,קריניציה ויטמינה אס,MX,בשישיית בירה קורונה אקסטרה 2.13 ל',ליטרים,2.13,ליטר,false,6,39.90,18.7324,true,1,14124
7503012779306,false,סירופ אגבה כחולה אורגני,נוטריגבאס דה מקסיקו,MX,נטור פוד סירופ אגבה כחולה אורגני 330 גרם,גרמים,330.00,100 גרם,false,1,21.90,6.6364,true,1,125086
7503012779405,false,סירופ אגבה כחולה נטו,נוטריאגבס דה מקסיקו,MX,סירופ אגבה כחולה אורגני 660 גרם,גרמים,660.00,100 גרם,false,1,32.90,4.9848,true,1,129319
7509546061160,false,"משחת שיניים לילדים מיניונים 2-5 75 מ""ל קולגייט",CP UK,MX,"משחת שיניים לילדים מיניונים 75 מ""ל",מיליליטרים,75.00,"100 מ""ל",false,1,15.90,21.2000,true,1,33649
7509546061672,false,דאודורנט סטיק אקסטרים אינטנס,קולגייט פלמוליב,BY,ספיד סטיק אקסטרים 50 גרם,גרמים,50.00,100 גרם,false,1,21.90,43.8000,true,1,37777
7509546663135,false,"קולגייט משחת שיניים זירו מנטה , 98 מ""ל",CP UK,MX,"קולגייט זירו משחת שיניים מנטה 98 מ""ל",מיליליטרים,98.00,"100 מ""ל",false,1,33.90,34.5918,true,1,28962
7509546663265,false,קולגייט זירו משחת שיניים מנטה עדינה 98 מ,CP UK,MX,"קולגייט זירו משחת שיניים נענע 98 מ""ל",מיליליטרים,98.00,"100 מ""ל",false,1,33.90,34.5918,true,1,28961
7509546666846,false,"קולגייט טוטאל משחת שיניים פחם 75 מ""ל",קולגייט פלמוליב,MX,קולגייט טוטל משחת שיניים פחם 75 מל,מיליליטרים,75.00,"100 מ""ל",false,1,19.90,26.5333,true,1,30424
7509546678702,false,קולגייט משחת שיניים טוטל אנטי טרטר 100 מ,קולגייט-פלמוליב,BR,קולגייט משחת שיניים טוטאל אנטי טרטר 100,מיליליטרים,100.00,"100 מ""ל",false,1,17.90,17.9000,true,1,36742
7610100034084,false,מיונז טומי בשפורפרת,נסטלה שוויץ ס.א,US,טומי מיונז אמיתי מביצי חופש 265 גרם,גרמים,265.00,100 גרם,false,1,16.90,6.3774,true,1,129072
7610113000175,false,"בקרדי מוחיטו 700 מ""ל",בקרדי מרטיני,DE,בקרדי מוחיטו 700מל,מיליליטרים,700.00,"100 מ""ל",false,1,79.90,11.4143,true,1,28085
7610113011652,false,"בקרדי בריזר תפוח 275 מ""ל בקבוק",בקרדי בריזר Bacardi Breezer,BE,"בריזר - משקה כוהלי מוגז בטעם תפוח 275 מ""ל",מיליליטרים,275.00,"100 מ""ל",false,1,14.90,5.4182,true,1,26063
7610113015780,false,בריזר סלצזר לימון לי,"בקרדי בע""מ",BE,בריזר סלצזר לימון ליים 250 מל פחית,מיליליטרים,250.00,"100 מ""ל",false,1,14.90,5.9600,true,1,34155
7610243004463,false,"דורגול - מרסס להסרת אבנית במקלחון 600 מ""ל",יעקבי- דורגול Durgol,CH,"מסיר אבן דורגול מרסס 500 מ""ל",מיליליטרים,500.00,"100 מ""ל",false,1,24.90,4.9800,true,1,123244
7610400014649,false,שוקולד חלב במילוי קרם רך,לינדט ושפרונגלי,CH,שוקולד לינדור חלב 100 גרם,גרמים,100.00,100 גרם,false,1,17.50,17.5000,true,1,121250
7610400066037,false,בונבוניירות לינדור ס,"לינדט ושפרונגלי, קלי",,בונבוניירה לינדור סטרטצלה 200 גרם,גרמים,200.00,100 גרם,false,1,34.90,17.4500,true,1,126088
7610400068369,false,שוקולד חלב במילוי קרם אגוזים,לינדט ושפרונגלי,CH,לינדט לינדור שוקולד חלב שוויצרי ואגוזים 100 גר',גרמים,100.00,100 גרם,false,1,17.50,17.5000,true,1,123637
7610400068505,false,בונבוניירת לינדור Lindor שוקולד חלב,לינדט ושפרונגלי,CH,בונבוניירה לינדור מילק 200 גרם,גרמים,200.00,100 גרם,false,1,34.90,17.4500,true,1,123714
7610400068529,false,בונבוניירת לינדור Lindor מעורבב,לינדט ושפרונגלי,CH,בונבוניירה לינדור קורנה 200 גרם,גרמים,200.00,100 גרם,false,1,34.90,17.4500,true,1,122982
7610400074155,false,שוקולד מריר במילוי קרם,"לינדט ושפרונגלי, CH-",CH,שוקולד לינדור מריר 60% 100 גרם,גרמים,100.00,100 גרם,false,1,17.50,17.5000,true,1,123638
7610400075770,false,שוקולד מריר עם אגוזי לוז שלמים,לינדט ושפרונגלי,CH,לינדט לגרנד דארק הזלנט 150 גרם,גרמים,150.00,100 גרם,false,1,24.90,16.6000,true,1,37835
7610400075787,false,שוקולד חלב עם אגוזי לוז שלמים,"לינדט ושפרונגלי, קיל",CH,לינדט לה גרנד - שוקולד חלב עם אגוזי לוז 150 גר',גרמים,150.00,100 גרם,false,1,24.90,16.6000,true,1,37836
7610400091060,false,שוקולד מריר לינדט אקסלנס בתוספת תפוז ושקדים,לינדט ושפרונגלי,,שוקולד לינדט אקסלנס תפוז 100 גרם,גרמים,100.00,100 גרם,false,1,14.90,14.9000,true,1,25401
7613030979647,false,דגני בוקר טריקס פירות עולם היורה 480 ג',ג'נרל מילס סאן אדריא,IL,טריקס 12*480גרם 2018,גרמים,480.00,100 גרם,false,1,26.90,5.6042,true,1,10679
7613032045753,false,פיטנס - דגני בוקר שוקולד 375 גרם,נסטלה צרפת איטנקורט,FR,פיטנס שוקולד 16*375גרם 2017,גרמים,375.00,100 גרם,false,1,21.90,5.8400,true,1,123286
7613033548192,false,פיטנס - דגני בוקר שוקולד מריר 375 גרם,נסטלה צרפת איטנקורט,FR,פיטנס שוקולד מריר 16*375גרם 2017,גרמים,375.00,100 גרם,false,1,21.90,5.8400,true,1,124710
7613034146656,false,מזון לכלבים קטנים בטעם בקר פורינה ONE,פורינה Purina,US,ONE מיני אקטיב בקר 1.5קג,קילוגרמים,1.50,"ק""ג",false,1,51.90,34.6000,true,1,21103
7613035378643,false,דנטלייף חטיף דנטלי לכלבים מגזע גדול - 4 יחידות,פורינה Purina,US,דנטלייף גזע גדול142גרם,גרמים,142.00,100 גרם,false,1,14.90,10.4930,true,1,33820
7613035622623,false,פיטנס - גרנולה שקדים ודבש 300 גרם,שוורצקוף& הנקל דיסלד,LT,פיטנס גרנולה שקדים ודבש 300 גרם,גרמים,300.00,100 גרם,false,1,15.90,5.3000,true,1,128103
7613035635845,false,פיטנס גרנולה שוקולד 14*300 גרם,שוורצקוף& הנקל דיסלד,LT,גרנולה פיטנס שוקולד 300 גרם,גרמים,300.00,100 גרם,false,1,15.90,5.3000,true,1,128104
7613035758834,false,גרנולה חומציות 300 ג' פיטנס,שוורצקוף& הנקל דיסלד,LT,פיטנס גרנולה חמוציות 14*300גרם,גרמים,300.00,100 גרם,false,1,15.90,5.3000,true,1,24962
7613035807778,false,פרפקטו רוטב עגבניות לבולונז 400 ג' אסם,אסם פרפקטו Perfecto,ES,פרפקטו רוטב עגבניות לבולונז 6*400גרם,גרמים,400.00,100 גרם,false,1,10.90,2.7250,true,1,128618
7613035809109,false,פרפקטו רוטב עגבניות ובזיליקום 400 ג'אסם,אסם פרפקטו Perfecto,ES,פרפקטו רוטב עגבניות ובזיליקום 6*400גרם,גרמים,400.00,100 גרם,false,1,10.90,2.7250,true,1,128621
7613035809123,false,פרפקטו רוטב עגבניות עם פלפלים 400 ג' אסם,אסם פרפקטו Perfecto,ES,פרפקטו רוטב עגבניות עם פלפלים 6*400גרם,גרמים,400.00,100 גרם,false,1,10.90,2.7250,true,1,128620
7613035809857,false,פרפקטו רוטב עגבניות לפסטה ולבישול 400 ג' אסם,אסם פרפקטו Perfecto,ES,פרפקטו רוטב עגבניות לפסטה ולבישול 6*400ג,גרמים,400.00,100 גרם,false,1,10.90,2.7250,true,1,128619
7613036280327,false,פחית פרייה גוס א דוב,נסטלה ווטרס ספלאי,FR,פרייה אנד ג'וס אפרסק דובדבן פחית,מיליליטרים,250.00,"100 מ""ל",false,1,8.50,3.4000,true,1,28135
7613036286008,false,פחית פרייה גוס א מנג,נסטלה ווטרס ספלאי,FR,"משקה אננס מנגו מוגז - פחית 250 מ""ל",מיליליטרים,250.00,"100 מ""ל",false,1,8.50,3.4000,true,1,28134
7613036288026,false,"דוגלי גורים אקטיב 4*3 ק""ג",פורינה,HU,דוגלי גורים 3 קג,קילוגרמים,3.00,"ק""ג",false,1,49.90,16.6333,true,1,1702
7613036520492,false,פרפקטו רוטב עגבניות לפיצה 400 ג',אסם פרפקטו Perfecto,ES,פרפקטו רוטב עגבניות לפיצה 6*400גרם,גרמים,400.00,100 גרם,false,1,10.90,2.7250,true,1,28410
7613036725286,false,דנטלייף חטיף דנטלי לחתול בטעם סלמון,פורינה Purina,US,דנטלייף חתול סלמון 40 גרם,גרמים,40.00,100 גרם,false,1,9.90,24.7500,true,1,33822
7613036725309,false,דנטלייף חטיף דנטלי לחתול בטעם עוף,פורינה Purina,US,דנטלייף חתול עוף 40 גרם,גרמים,40.00,100 גרם,false,1,9.90,24.7500,true,1,33821
7613036880534,false,גרבר מחית ירקות מעורבים מטרנה 190 גר',נסטלה פולסקה אס.איי,PL,גרבר מחית מרק ירקות מעורבים 12*190גרם,גרמים,190.00,100 גרם,false,1,6.90,3.6316,true,1,22731
7613036976657,false,מזון לחתולים פריסקיז פאוצ' הודו,נסטלה פורינה,HU,פאוץ פריסקיז הודו 85גר,גרמים,85.00,100 גרם,false,1,4.90,5.7647,true,1,37363
7613036976671,false,פריסקיז - פאוץ עוף ברוטב 85 גרם,יו פי אף,FR,פאוץ פריסקיז עוף 85 גר,גרמים,85.00,100 גרם,false,1,4.90,5.7647,true,1,37364
7613036976695,false,פריסקיז - פאוץ בקר ברוטב 85 גרם,נסטלה פורינה הונגריה,HU,פאוץ פריסקיז בקר 85 גר,גרמים,85.00,100 גרם,false,1,4.90,5.7647,true,1,37365
7613036976718,false,פריסקיז - פאוץ ברווז ברוטב 85 גרם,יו פי אף,FR,פאוץ פריסקיז ברווז 85 גר,גרמים,85.00,100 גרם,false,1,4.90,5.7647,true,1,37366
7613037012200,false,גרבר - מחית תפוח מנגו גזר פאוץ 90 גרם,כלורוקס אוקלנד,ES,גרבר מחית תפוח מנגו גזר פאוץ 16*90גרם,גרמים,90.00,100 גרם,false,1,6.90,7.6667,true,1,28214
7613037276091,false,נסטלה מיקס מיני אריזות דגני בוקר 200 ג',נסטלה Nestle,FR,נסטלה מיקס מיני אריזות דגני בוקר *200גרם,גרמים,200.00,100 גרם,false,1,19.90,9.9500,true,1,14422
7613037686906,false,פיטנס - דגני בוקר שקדים ודבש 355 גרם,נסטלה צרפת איטנקורט,FR,פיטנס שקדים ודבש 14*355גרם,גרמים,355.00,100 גרם,false,1,21.90,6.1690,true,1,22834
7613037811629,false,דגני בוקר קורנפלקס גו פרי 500 גר',שוורצקוף& הנקל דיסלד,IL,גו פרי קורנפלקס 7*500גרם,גרמים,500.00,100 גרם,false,1,13.90,2.7800,true,1,27109
7613038268262,false,דגני בוקר צ'יריוס דבש ושקדים במתיקות מעודנת,נסטלה פולין דגני בוק,FR,דגני האני נאט ציריוס מופחת סוכר 410ג N9L,גרמים,410.00,100 גרם,false,1,21.90,5.3415,true,1,22628
7613038451954,false,דגני בוקר שוקולד מופחת סוכר 410 ג' קראנץ',סי. פי. צרפת,FR,דגני קראנץ שוקולד מופחת סוכר 410ג N9LEM,גרמים,410.00,100 גרם,false,1,21.90,5.3415,true,1,22629
7613039547731,false,גרבר - מחית תפוח משמש פאוץ 90 גרם,כלורוקס אוקלנד,IL,"גרבר מחית תפוח משמש פאוץ, 90 גרם",גרמים,90.00,100 גרם,false,1,6.90,7.6667,true,1,33211
7613039770450,false,סנסשיונל בורגר טבעול 226 ג',ג'נרל מילס סאן אדריא,IL,בורגר טבעול סנסשיונל 226גרם,גרמים,226.00,100 גרם,false,1,34.90,15.4425,true,1,27569
7613039771174,false,טחון צמחוני סנסשיונל מינס,ג'נרל מילס סאן אדריא,IL,טבעול סנשיונל טחון צמחוני 400גרם,גרמים,400.00,100 גרם,false,1,34.90,8.7250,true,1,27570
7613039880807,false,גרבר מחית תפוח גזר 190 גר',נסטלה פולסקה אס.איי,PL,גרבר מחית תפוח גזר כשלפ 190 גרם,גרמים,190.00,100 גרם,false,1,6.90,3.6316,true,1,35436
7613039881965,false,גרבר מחית גזר תפוח ומנגו 190 גר',נסטלה פולסקה אס.איי,PL,גרבר מחית גזר תפוח מנגו כשלפ 190 גרם,גרמים,190.00,100 גרם,false,1,6.90,3.6316,true,1,35437
7613287155832,false,מטרנה מחית תפוח פאוץ' 90 גר',כלורוקס אוקלנד,IL,גרבר מחית תפוח פאוץ 90 גרם,גרמים,90.00,100 גרם,false,1,6.90,7.6667,true,1,33209
7613287162281,false,קפסולות קפה אספרסו גרנדה אינטנסו דולצ'ה גוסטו 144 ג',נסטלה UK,GB,נסקפה דולצה גוסטו אינטנסו קפסולות 144 גר,גרמים,144.00,100 גרם,false,1,27.90,19.3750,true,1,30481
7613287181411,false,מחית סלט פירות ויטמינצ'יק 110 ג',"טרופיקל דגיל בע""מ אז",IL,"ויטמינציק סלט פירות, 110 גרם",גרמים,110.00,100 גרם,false,1,5.90,5.3636,true,1,33204
7613287182326,false,מחית בננה תפוח ויטמינצ'יק 110 ג',"נסטלה ספרד ס.א, מפעל",ES,ויטמינציק פאוץ בננה תפוח כשלפ 110 גרם,גרמים,110.00,100 גרם,false,1,5.90,5.3636,true,1,33201
7613287182425,false,מחית בננה תפוח ותות ויטמינצ'יק 110 ג',"טרופיקל דגיל בע""מ אז",IL,"ויטמינציק תפוח בננה ותות, 110 גרם",גרמים,110.00,100 גרם,false,1,5.90,5.3636,true,1,33202
7613287182456,false,מחית אגס תפוח בננה ויטמינצ'יק 110 ג',"נסטלה ספרד ס.א, מפעל",ES,ויטמינציק פאוץ אגס תפוח ובננה כשלפ 110 ג,גרמים,110.00,100 גרם,false,1,5.90,5.3636,true,1,33203
7613287325808,false,אוסם - דיפ אנד ספרד מטבל איולי שום 295 גרם,נסטלה פולין,PL,רוטב איולי שום לחיץ אסם 295 גרם,גרמים,295.00,100 גרם,false,1,14.90,5.0508,true,1,33837
7613287325822,false,אוסם - דיפ אנד ספרד מטבל מיקס 295 גרם,אסם,PL,רוטב מיקס לחיץ 295 גרם,גרמים,295.00,100 גרם,false,1,14.90,5.0508,true,1,33839
7613287325853,false,אוסם - דיפ אנד ספרד מטבל איולי ספייסי 295 גרם,נסטלה פולין,PL,רוטב ספייסי איולי לחיץ 295 גרם,גרמים,295.00,100 גרם,false,1,14.90,5.0508,true,1,33838
7613287325952,false,אוסם - דיפ אנד ספרד מטבל ברבקיו 345 גרם,דפטונה פולין,PL,רוטב ברביקיו אסם לחיץ 295 גרם,גרמים,295.00,100 גרם,false,1,14.90,5.0508,true,1,33842
7613287325983,false,אוסם - דיפ אנד ספרד מטבל סלסה 335 גרם,דפטונה פולין,PL,רוטב סלסה אסם לחיץ 295 גרם,גרמים,295.00,100 גרם,false,1,14.90,5.0508,true,1,33841
7613287394323,false,אסם מולטי צ'יריוס 14*600 גרם 2021,פרומבראפ - אנגליה,GB,דגני מולטי צירייס נסטלה 600גרם,גרמים,600.00,100 גרם,false,1,26.90,4.4833,true,1,29856
7613287476494,false,אוסם - דיפ אנד ספרד מיונז בסגנון צרפתי 280 גרם,נסטלה פולין,PL,מיונז אסם לחיץ 295 גרם,גרמים,295.00,100 גרם,false,1,14.90,5.0508,true,1,33840
7613287476678,false,דגני בוקר סינימיניס צ'ורוס נסטלה 360 ג',נסטלה אוונקה,PT,סינימיניס צורוס 360גרם,גרמים,360.00,100 גרם,false,1,26.90,7.4722,true,1,33068
7613287821348,false,נתחוני עוף טבעוני סנסשיונל טבעול 350 ג',ג'נרל מילס סאן אדריא,CZ,נתחוני עוף טבעוני סנסשיונל 350גרם,גרמים,350.00,100 גרם,false,1,34.90,9.9714,true,1,33529
7616500553484,false,שוקולד פריי מהודר מריר 78% 100גר,פריי,CH,פריי שוקולד מריר 78% 100 גרם,גרמים,100.00,100 גרם,false,1,9.90,9.9000,true,1,123109
7616500630161,false,פריי שוקולד מריר 85% קקאו 100גר,פריי,CH,פריי שוקולד מריר 85% 100 גרם,גרמים,100.00,100 גרם,false,1,9.90,9.9000,true,1,124510
7616500646087,false,שוקולד פריי חלב עם שבבי אגוזים 100ג,פריי,CH,פריי שוקולד עם שברי אגוזים 100 גרם,גרמים,100.00,100 גרם,false,1,9.90,9.9000,true,1,126445
7616500647251,false,פריי 180 ג אגוזים,פריי,CH,פריי שוקולד חלב אגוז 180 גרם,גרמים,180.00,100 גרם,false,1,14.90,8.2778,true,1,137463
7622010001858,false,עוגיות אוראו ממולאות קרם וניל 176 ג',פי אר ג'יי אס אי מנד,UA,עוגיות אוראו ממולאות קרם וניל 176 גרם,גרמים,176.00,100 גרם,false,1,9.90,5.6250,true,1,128058
7622201127398,false,מילקה מיני אוראו חלב,פי.אר.ג'יי.אס.סי מונ,UA,מילקה אוריאו מיניס אורגינל 153 גרם,גרמים,153.00,100 גרם,false,1,16.90,11.0458,true,1,29628
7622201137052,false,אוראו מיני קוקיס - עוגיות שוקולד צ'יפס ותחתית מצופה שוקולד חלב,מונדלז אספנה גלטאס פ,ES,מילקה מיני קוקיז 110 גרם,גרמים,110.00,100 גרם,false,1,8.90,8.0909,true,1,29426
7622201400972,false,מילקה ממרח שוקולד ואגוזים 600 ג',מונדלייז,AT,ממרח שוקולד מילקה 600גרם,גרמים,600.00,100 גרם,false,1,24.90,4.1500,true,1,30596
7622201401900,false,עוגיות מילקה סנסיישן אוראו 156 גר',מונדלז פולסקה פרודקש,PL,עוגיות מילקה סנסיישן אוראו 156 גרם,גרמים,156.00,100 גרם,false,1,13.90,8.9103,true,1,27963
7622201502515,false,מילקה - עוגיות קוקי לופ 132 גרם,גיורי קייקס קייאפטי,HU,מילקה קוקי לופ 132 גרם,גרמים,132.00,100 גרם,false,1,13.90,10.5303,true,1,34157
7622201801809,false,מילקה- שוק' חלב עם אגוזים 100 גר' חדש,מנדלז דויצ'לנד סנקס,DE,שוקולד חלב אגוזים מילקה 100 גרם,גרמים,100.00,100 גרם,false,1,6.90,6.9000,true,1,33000
7622201802363,false,שוקולד מילקה טבלה חלב צימוקים ואגוזים 100ג',מנדלז דויצ'לנד סנקס,DE,מילקה שוקולד חלב עם צימוקים ואגוזים 100 גר',גרמים,100.00,100 גרם,false,1,6.90,6.9000,true,1,32999
7622201802394,false,שוקולד מילקה טבלה חלב 100 ג',מנדלז דויצ'לנד סנקס,DE,שוקולד חלב מילקה 100 גרם,גרמים,100.00,100 גרם,false,1,6.90,6.9000,true,1,32998
7622201808631,false,מיני עוגיות אוראו במילוי קרם בטעם וניל,פי.טי. מונדלז אינדונ,ID,אוראו מיני כוסות בטעם וניל 67 גרם,גרמים,67.00,100 גרם,false,1,6.90,10.2985,true,1,33002
7622201809188,false,עוגיות מילקה ביסקווי,מונדלז פרנס ביסקוויט,FR,מילקה ביסקויט 150 גרם,גרמים,150.00,100 גרם,false,1,14.90,9.9333,true,1,32608
7622201813390,false,וופל במילוי קרם קקאו בציפוי שוקולד חלב,מונדליז סי.אר. ביסקו,,מילקה וואפל במילוי קרם קקאו 150 גרם,גרמים,150.00,100 גרם,false,1,16.90,11.2667,true,1,29380
7622201819170,false,שוקולד מילקה דארק שק,מונדלז דויטשלנד סנאק,DE,מילקה דארק שקדים 85 גרם חדש,גרמים,85.00,100 גרם,false,1,8.50,10.0000,true,1,34158
7622210078131,false,מילקה שוקולד חלב במילוי קרם שמנת 100 ג',מנדלז דויצ'לנד סנקס,DE,מילקה שוקולד חלב עם דיים 100 גר',גרמים,100.00,100 גרם,false,1,6.90,6.9000,true,1,1848
7622210163899,false,שוקולד חלב במילוי סוכריות עדשים,מונדלז דויצ'לנד סנקס,DE,מילקה שוקולד חלב עם עדשים 100 גרם,גרמים,100.00,100 גרם,false,1,6.90,6.9000,true,1,12754
7622210453327,false,עוגיות שוקוצ'יפס במילוי שוקולד סנסיישן,מנדלז פולסקה פרודקשן,PL,עוגיות מילקה סנסיישן 156 גרם,גרמים,156.00,100 גרם,false,1,13.90,8.9103,true,1,19302
7622210597915,false,פרלינים לבבות שוקולד חלב ממולא קרם נוגט,מונדלז בולגריה פרודק,BG,מילקה לבבות פרלינים 110 גרם,גרמים,110.00,100 גרם,false,1,11.90,10.8182,true,1,26259
7622210635105,false,"עוגיות אוראו תות, 154 גרם",מונדלז אספנה גאלטס פ,ES,אוראו תות 154 גרם,גרמים,154.00,100 גרם,false,1,7.90,5.1299,true,1,22000
7622210637994,false,מיני עוגיות אוראו קראנצ'י בייטס אורגינל,מונדלז אספניה ג'לאטס,ES,אוראו קראנצי בייטס 110 גרם,גרמים,110.00,100 גרם,false,1,8.90,8.0909,true,1,28767
7622210638021,false,מיני עוגיות אוראו קראנצ'י בייטס מצופים,מונדלז אספניה ג'לאטס,ES,אוראו קראנצ'י בייטס מצופים 110 גרם,גרמים,110.00,100 גרם,false,1,8.90,8.0909,true,1,28768
7622210640062,false,גבינת עם פלפל חלפיניו למריחה פילדלפיה 175 ג',מונדלייז,DE,גבינת פילדלפיה עם פלפל חלפיניו וירוק 17,גרמים,175.00,100 גרם,false,1,14.90,8.5143,true,1,29415
7622210693266,false,מילקה אגוזים שלמים 2,מונדלז אוסטרייך פרוד,AT,שוקולד חלב מילקה עם אגוזי לוז שלמים 270 גרם,גרמים,270.00,100 גרם,false,1,17.90,6.6296,true,1,19303
7622210826053,false,שוקולד מילקה אוראו סנדוויץ 92 גר',גיאורי קאקסז קייאףטי,HU,שוקולד מילקה אוראו סנדביץ 92 גרם,גרמים,92.00,100 גרם,false,1,6.90,7.5000,true,1,28454
7622210835338,false,עוגיות אוראו בטעם בראוניז,מנדלז אספנה גאלטס פר,ES,עוגיות אוראו בראוניז 176 גרם,גרמים,176.00,100 גרם,false,1,9.90,5.6250,true,1,9949
7622300200237,false,מילקה שוקולד חלב 250 גרם,מונדליז אוסטרייך פרו,AT,מילקה שוקולד חלב 250 גר',גרמים,250.00,100 גרם,false,1,12.90,5.1600,true,1,124906
7622300270506,false,מילקה גריינס - עוגיות שיבולת שועל מצופות שוקולד 168 ג',מונדלז פולסקה פרודקש,PL,עוגיות שיבולת שועל מצופות 168 גרם,גרמים,168.00,100 גרם,false,1,13.90,8.2738,true,1,124693
7622300315283,false,"עוגיות אוראו וניל, כשרות בד""ץ, 154 גרם","מונדלז CR פרודקשיין,",UA,"אוראו וניל בד""צ 154 גרם",גרמים,154.00,100 גרם,false,1,7.90,5.1299,true,1,33001
7622300340285,false,גבינת שמנת 22% שומן 175 ג' פילדלפיה,מונדלז דויצ'לנד פרוד,DE,גבינת שמנת 21% שומן,גרמים,175.00,100 גרם,false,1,14.90,8.5143,true,1,1733
7622300340292,false,גבינת שמנת 11% שומן 175 ג' פילדלפיה,מונדלז דויצ'לנד פרוד,DE,גבינת שמנת מופחתת שומן 11% שומן,גרמים,175.00,100 גרם,false,1,14.90,8.5143,true,1,1734
7622300356767,false,עוגיות מילקה עם גרנולה ושוקו צ''יפס 168 ג',מונדלז פולסקה פרודקש,PL,מילקה עוגיות שוקולד ציפס 168 גרם,גרמים,168.00,100 גרם,false,1,13.90,8.2738,true,1,124271
7622300489427,false,עוגיות אוראו בציפוי שוקולד לבן 246 גרם,מנדלז אספנה גאלטס פר,ES,עוגיות אוראו בציפוי בטעם שוקולד לבן 246 גר',גרמים,246.00,100 גרם,false,1,17.90,7.2764,true,1,9826
7622300489434,false,"עוגיות אוראו פאדג' בציפוי שוקולד חלב, 246 גרם",מנדלז אספנה גאלטס פר,ES,עוגיות אוראו פאדג שוקולד חלב 246 גרם,גרמים,246.00,100 גרם,false,1,17.90,7.2764,true,1,9859
7622300495046,false,מילקה אקסטרא קקאו 100 ג',מנדלז דויצ'לנד סנקס,DE,מילקה שוקולד חלב עם אקסטרה קקאו 100 גרם,גרמים,100.00,100 גרם,false,1,7.50,7.5000,true,1,125465
7622300503079,false,"מילקה, עוגיות ביסקוויט מצופות שוקולד - 200 גרם",מונדלז פולסקה פרודקש,PL,מילקה מו עוגיות ביסקוויט בציפוי שוקולד 200 גר',גרמים,200.00,100 גרם,false,1,13.90,6.9500,true,1,124645
7622300617820,false,שוקלד מילקה טבלת חלב אוראו 100ג',מנדלז דויצ'לנד סנקס,DE,שוקולד חלב אוראו מילקה 100 גרם,גרמים,100.00,100 גרם,false,1,6.90,6.9000,true,1,125414
7622300756383,false,ממרח גבינת עם שוקולד מילקה פילדלפיה 175 ג',מונדלייז,DE,ממרח גבינה פילדלפיה עם ממרח שוקולד מילקה,גרמים,175.00,100 גרם,false,1,14.90,8.5143,true,1,29414
7622300756413,false,גבינת פילדלפיה 20% שומן עם תבלינים 175 ג',מונדלז דויצ'לנד פרוד,DE,פילדלפיה גבינת שמנת עם עשבי תיבול 20% שומן 175 גרם,גרמים,175.00,100 גרם,false,1,14.90,8.5143,true,1,1735
7622300761363,false,עוגיות אוראו מיני כוסות בטעם שוקו 67 ג',פי.טי. מונדלז אינדונ,ID,אוראו מיני כוסות בטעם שוקולד 61.3 גרם,גרמים,67.00,100 גרם,false,1,6.90,10.2985,true,1,22968
7622400005190,false,שוקולד חלב ושוקולד לבן Happy Cow,מנדלז דויצ'לנד סנקס,DE,שוקולד חלב חום לבן מילקה 100 גרם,גרמים,100.00,100 גרם,false,1,6.90,6.9000,true,1,19281
7630477891592,false,קפסולות האוס בלנד לונגו עוצמה 8 - 10 יח',נסטלה שוויץ - קפה,CH,סטארבקס קפסולות האוס בלנד 57 גרם,גרמים,57.00,100 גרם,false,1,21.90,38.4211,true,1,33025
7630477891639,false,קפסולות קפה ורונה עוצמה 10 - 10 יח',נסטלה שוויץ - קפה,CH,סטארבקס קפסולות ורונה 55 גרם,גרמים,55.00,100 גרם,false,1,21.90,39.8182,true,1,33027
7630477891714,false,סטארבקס - קפסולות אספרסו 57 גרם * 10,נסטלה שוויץ - קפה,CH,סטארבקס קפסולות אספרסו 57 גרם,גרמים,57.00,100 גרם,false,1,21.90,38.4211,true,1,33026
7630477891738,false,סטארבקס - קפסולות אספרסו בלונד 53 גרם * 10,נסטלה שוויץ - קפה,CH,סטארבקס קפסולות אספרסו בלונד 53 גרם,גרמים,53.00,100 גרם,false,1,21.90,41.3208,true,1,33024
7640175743451,false,"פחית ג'ין בומביי ספייר וטוניק 250מ""ל",בקרדי מרטיני,BE,פחית גין בומביי טוניק 250 מל,מיליליטרים,250.00,"100 מ""ל",false,1,14.90,5.9600,true,1,32977
7702018271788,false,דאודורנט ג'ל לגבר Pro Sport,פרוקטר אנד גמבל,PL,Gillette Clear Gel AP Deo Stick Triumph,ליטרים,70.00,ליטר,false,1,16.90,0.2414,true,1,19970
7702018462032,false,מאך 3 סטארט רביעייה גילט,פרוקטור אנד גמבל,DE,גילט מאך 3 רביעיות סטארט,יחידה,1.00,יחידה,false,1,29.90,29.9000,true,1,25263
7702018471423,false,פיוזן רביעיות- סטארט גילט,פרןקטר אנד גמבל ברלי,PL,גילט פיוזן רביעיות סטארט,יחידה,1.00,יחידה,false,1,39.90,39.9000,true,1,25264
7702018484522,false,גילט ונוס פלטינום יד,פרוקטר & גמבל,PL,גילט ונוס פלטינום ידית גילוח +סכין,יחידה,1.00,יחידה,false,1,46.90,46.9000,true,1,23973
7702018978106,false,"ג'ילט - דאודורנט ג'ל לגבר ארטיק אייס 70 מ""ל",פרוקטר אנד גמבל,PL,Gillette Clear Gel AP Deo Stick Arctic I,ליטרים,70.00,ליטר,false,1,16.90,0.2414,true,1,123565
7702018978120,false,"ג'ילט - דאודורנט ג'ל לגבר קול וייב 70 מ""ל",פרוקטר אנד גמבל,PL,Gillette Clear Gel AP Deo Stick Cool Wav,מיליליטרים,70.00,"100 מ""ל",false,1,16.90,24.1429,true,1,123566
7702018980925,false,"קצף גילוח לעור רגיל 200 מ""ל ג'ילט",קימברלי,GB,"קצף גילוח גילט לעור רגיל 200 מ""ל",מיליליטרים,200.00,"100 מ""ל",false,1,9.90,4.9500,true,1,37705
7702018980932,false,"קצף גילוח לעור רגיש 200 מ""ל ג'ילט",קימברלי,GB,"קצף גילוח גילט לעור רגיש 200 מ""ל",מיליליטרים,200.00,"100 מ""ל",false,1,9.90,4.9500,true,1,37706
7702024258322,false,"חטיפי קרקר עם חיטה מלאה, צ'יה וזרעי פשתן פיטנס",נסטלה Nestle,CO,פיטנס חטיפי קרקר ציה ופישתן 234 גרם,גרמים,234.00,100 גרם,false,1,12.90,5.5128,true,1,26229
7702174066631,false,לקקן פין פופ 10 יח' 170 גר' וסטהיים,הדקלאים אגודת שיתופי,CO,לקקן פיןפופ 10 יח'180 גר',גרמים,180.00,100 גרם,false,1,10.90,6.0556,true,1,124401
7702174068826,false,סוכריות לקקן במילוי טופי בטעמי יוגורט פירות,הדקלאים אגודת שיתופי,CO,"לקקן יוגטה בטעם פירות 12 יח """,גרמים,216.00,100 גרם,false,1,10.90,5.0463,true,1,125276
7702174068833,false,סוכריות לקקן במילוי טופי בטעמי גלידת פירות,הדקלאים אגודת שיתופי,CO,לקקן יוגטה אייס קרים 12 יח,גרמים,216.00,100 גרם,false,1,10.90,5.0463,true,1,125192
7702174070201,false,סוכריות לקקן במילוי טופי בטעם מסטיק,הדקלאים אגודת שיתופי,CO,לקקן בטעם מסטיק ממולא טופי בטעם תות 216 גרם,גרמים,216.00,100 גרם,false,1,10.90,5.0463,true,1,125422
7702174073783,false,סוכריות על מקל בטעם קולה במילוי גומי לעיסה,הדקלאים אגודת שיתופי,CO,לקקן פין פופ קולה 10 יח' 180 גר',גרמים,180.00,100 גרם,false,1,10.90,6.0556,true,1,127843
7702174073844,false,לקקן פין פופ בטעם פירות 48 יח',הדקלאים אגודת שיתופי,CO,לקקן פיןפופ פירות 14 גר48X יח',גרמים,672.00,100 גרם,false,1,21.90,3.2589,true,1,129457
7750526001786,false,צ'יפס ירקות שורש אוריגינל 142 ג' אינקה,קרופס אס. א,US,אינקה ציפס ירקות שורש אוריגינל 142גרם,גרמים,142.00,100 גרם,false,1,19.90,14.0141,true,1,28299
7790480000166,false,תה גרבה la tranquera,,,תה גרבה la tranquera 500 ג סוס ירוק,גרמים,500.00,100 גרם,false,1,23.90,4.7800,true,1,22801
7790480089734,false,תה גרבה LA T 500 גרם,,AR,תה גרבה LA T 500 גרם,גרמים,500.00,100 גרם,false,1,23.90,4.7800,true,1,38047
7792860006218,false,סוכריות לקקנים בייבי דול Baby Doll לריטר,גוד פוד פרודקטס S.p,AR,"סוכריות בייבי דול, 24 גרם",גרמים,20.00,100 גרם,false,1,2.60,13.0000,true,1,121259
7793046004059,true,קינוח חבושים מתוק 70,,,קינוח חבושים מתוק 70,גרמים,700.00,100 גרם,false,1,24.90,3.5571,true,1,137500
7798141877836,false,גאטו נגרו סוביניון ב,,AR,גאטו נגרו סוביניון בלאן 750 מל,מיליליטרים,750.00,"100 מ""ל",false,1,36.90,4.9200,true,1,33934
7804414000860,false,יין דון חוליו קברנה סוביניון,לואיס פליפה אדוארדס,,דון חוליו יין 13.5% אדום יבש קברנה סובניון 2016,מיליליטרים,750.00,"100 מ""ל",false,1,32.90,4.3867,true,1,270
7804414000877,false,יין דון חוליו צרלו 7,לואיס פליפה אדוארדס,,דון חוליו יין אדום יבש מרלו 2019,מיליליטרים,750.00,"100 מ""ל",false,1,32.90,4.3867,true,1,271
7804414000884,false,יין שרדונה דון חוליו,לואיס פליפה אדוארדס,,דון חוליו יין 12% לבן יבש שרדונה 2017,מיליליטרים,750.00,"100 מ""ל",false,1,32.90,4.3867,true,1,272
7804414001614,false,יין דון חוליו שיראז,לואיס פליפה אדוארדס,,דון חוליו יין 13% אדום חצי יבש שיראז 2017,מיליליטרים,750.00,"100 מ""ל",false,1,32.90,4.3867,true,1,309
7804414001621,false,יין שיראז קאזה דה לואיג'י,קאסה די לואיג'י Casa di luigi,,"יין קאזה די לואיגי שיראז 750 מ""ל",מיליליטרים,750.00,"100 מ""ל",false,1,31.90,4.2533,true,1,122452
7804414012344,false,יין סוביניון בלאן דו,לואיס פליפה אדוארדס,,דון חוליו סוביניון בלאן 750 מל,מיליליטרים,750.00,"100 מ""ל",false,1,32.90,4.3867,true,1,563
7804414012351,false,יין דון חולין מלבק 7,לואיס פליפה אדוארדס,,דון חוליו מלבק 750 מל,מיליליטרים,750.00,"100 מ""ל",false,1,32.90,4.3867,true,1,564
7804414012368,false,יין דון חולין רוזה 7,לואיס פליפה אדוארדס,,"דון חוליו, יין רוזה חצי יבש",מיליליטרים,750.00,"100 מ""ל",false,1,32.90,4.3867,true,1,609
7804414014263,false,קזה די לואיגי מאלבק,לואיס פליפה אדוארדס,צ'ילה (AACR),"קזה די לואיגי מאלבק 750 מ""ל",מיליליטרים,750.00,"100 מ""ל",false,1,31.90,4.2533,true,1,36280
7804414014270,false,קזה די לואיגי רוזה 7,לואיס פליפה אדוארדס,צ'ילה (AACR),"קזה די לואיגי רוזה 750 מ""ל",מיליליטרים,750.00,"100 מ""ל",false,1,31.90,4.2533,true,1,36281
7804414017127,false,יין שרדונה מונטסאנו,מונטסאו,צ'ילה (TDE),יין מונטסאו שרדונה 750 מל,מיליליטרים,750.00,"100 מ""ל",false,1,34.90,4.6533,true,1,28138
7804414017134,false,יין קברנה סוביניון מ,מונטסאו,צ'ילה (TDE),יין מונטסאו קברנה סוביניון 750 מל,מיליליטרים,750.00,"100 מ""ל",false,1,34.90,4.6533,true,1,28137
7804414017141,false,יין מרלו מונטסאו 750,מונטסאו,צ'ילה (TDE),יין מרלו מונטסאו 750 מל,מיליליטרים,750.00,"100 מ""ל",false,1,34.90,4.6533,true,1,28136
7860001951366,false,מקלף כרוב,פורטונה,,מקלף כרוב,יחידה,1.00,יחידה,false,1,16.90,16.9000,true,1,125755
7890732316493,false,כפכפי הווייאנס סלים,אלפרגאטאס,,כפכפי הוויאנס סלים שחור חלק 39-4,יחידה,1.00,יחידה,false,1,49.90,49.9000,true,1,13013
7891024030974,false,"קולגייט משחת שיניים טריפל אקשן 75 מ""ל",הנסיך- מפעל לייצור ט,BR,קולגייט משחת שיניים טריפל אקשן 75 מל,לא מנהל יחידת מידה,0.00,לא מנהל יחידת מידה,false,1,6.90,0.0000,true,1,128306
7896002100441,false,קסאשה 51 700 מל,קומפני לה פרוניה,BR,"רום קשאסה 51 700 מ""ל",מיליליטרים,700.00,"100 מ""ל",false,1,109.90,15.7000,true,1,17271
8000020000365,false,ורמוט צינזאנו ביאנקו,דויד קמפרי,IT,צינזנו ורמוט לבן מתוק ביאנקו 750 מל,מיליליטרים,700.00,"100 מ""ל",false,1,44.90,6.4143,true,1,126580
8000040001106,false,"קאמפרי ביטר אפרטיף 700 מ""ל",קמפרי,,"קמפרי 700 מ""ל",מיליליטרים,700.00,"100 מ""ל",false,1,109.90,15.7000,true,1,489
8000040500012,false,ויסקי ווילד טרקי בור,אוסטין ניקולס,,"וויילד טרקי 81 בורבון 700 מ""ל",מיליליטרים,700.00,"100 מ""ל",false,1,134.90,19.2714,true,1,8876
8000070019911,false,קפה לווצה אורו זהב 2,לוואצה,,קפה לווצה אורו זהב 250 גרם,גרמים,250.00,100 גרם,false,1,32.90,13.1600,true,1,22667
8000070053465,false,קפסולות קפה אספרסו אורו דרגת חוזק 8,לוואצה Lavazza,IT,אורו קפסולות קפה אספרסו 10 55 גרם,גרמים,55.00,100 גרם,false,1,19.90,36.1818,true,1,38408
8000070053472,false,קפסולות קרמה גוסטו קלאסיקו חוזק 12 57 ג' לוואצה,לוואצה Lavazza,IT,קרמה גוסטו קלאסי קפסולות קפה אספרסו 10 57 גרם,גרמים,57.00,100 גרם,false,1,19.90,34.9123,true,1,38410
8000070053502,false,קפסולות קפה אספרסו ריקו נטול קפאין דרגת חוזק 7,לוואצה Lavazza,IT,קפסולות קפה אספרסו נטול קפאין 10 58 גר,גרמים,58.00,100 גרם,false,1,19.90,34.3103,true,1,38407
8000070053526,false,קפסולות קפה אספרסו רוסה דרגת חוזק 10,לוואצה Lavazza,IT,קואליטה רוסה קפסולות קפה אספרסו 10 57 גרם,גרמים,57.00,100 גרם,false,1,19.90,34.9123,true,1,38409
8000070081000,false,קפסולות קפה לוואצה הרמניקו 50 ג' 8,לאוג'י לוואצה אס.פי.,IT,קפסולות קפה הרמוניקו 50 גרם,גרמים,50.00,100 גרם,false,1,16.90,33.8000,true,1,36390
8000070081017,false,קפסולות קפה לוואצה דיצ'ו NCC 10,לאוג'י לוואצה אס.פי.,IT,קפסולות דיצו 50 גרם,גרמים,50.00,100 גרם,false,1,16.90,33.8000,true,1,36391
8000193000452,false,"אורז ריזוטו ארבוריו 1 ק""ג (10)",,,אורז ריזוטו קמפיני 1 קג,קילוגרמים,1.00,"ק""ג",false,1,22.90,22.9000,true,1,137538
8000215202406,false,מעדן אורז אורגני ויט,בטר אנד דיפרנט,IT,מעדן אורז אורגני ויטריז שוקו 400 גרם,גרמים,400.00,100 גרם,false,1,16.90,4.2250,true,1,12424
8000215202413,false,מעדן אורז אורגני וני,אלינור,IT,מעדן אורז אורגני ויטריז וניל 400 גרם,גרמים,400.00,100 גרם,false,1,16.90,4.2250,true,1,12423
8000215204219,false,משקה ואורז אורגני וי,בטר אנד דיפרנט,IT,משקה אורז אורגני 1 ליטר,ליטרים,1.00,ליטר,false,1,14.90,14.9000,true,1,124272
8000215204240,false,משקה אורז עם שקדים אורגני,בטר אנד דיפרנט,IT,משקה שקדים ואורז אורגני 1 ליטר,ליטרים,1.00,ליטר,false,1,14.90,14.9000,true,1,124273
8000215204264,false,משקה אורז אורגני ויט,בטר אנד דיפרנט,IT,ויטריז משקה אורז אישי 200 מל,מיליליטרים,200.00,"100 מ""ל",false,1,4.90,2.4500,true,1,128656
8000215204271,false,משקה שקדים ואורז איש,"נטורפוד בע""מ",IT,"משקה אורז ושקדים ויטריז 200 מ""ל",מיליליטרים,200.00,"100 מ""ל",false,1,4.90,2.4500,true,1,126803
8000215204363,false,VITASIמשקה קוקוס אור,אלינור,IT,VITASIמשקה קוקוס אורגני 1 ליטר,ליטרים,1.00,ליטר,false,1,14.90,14.9000,true,1,30446
8000215204370,false,תחליף שמנת צמחי לביש,ויטריז,IT,תחליף שמנת צמחי לבישול אורגני ויטריז 200,מיליליטרים,200.00,"100 מ""ל",false,1,6.90,3.4500,true,1,128788
8000215204387,true,רוטב בשמל צמחי לבישו,כפרי בריא,IT,רוטב בשמל צמחי אורגני,מיליליטרים,500.00,"100 מ""ל",false,1,14.50,2.9000,true,1,137540
8000215204394,false,משקה אורז ואגוזי לוז אורגני,בטר אנד דיפרנט,US,משקה אגוזי לוז ואורז אורגני 1 ליטר,ליטרים,1.00,ליטר,false,1,18.90,18.9000,true,1,126508
8000215204554,true,משקה אורז קוקוס אורג,בטר אנד דיפרנט,IT,ויטאריז אורז עם קוקוס אורגני 1 ליטר,ליטרים,1.00,ליטר,false,1,14.90,14.9000,true,1,128594
8000215204561,false,משקה שקדים אורגני VI,בטר אנד דיפרנט,IT,ויטאסי משקה שקדים אורגני 1 ליטר,ליטרים,1.00,ליטר,false,1,18.90,18.9000,true,1,12431
8000215204653,false,ויטסי - משקה סויה או,בטר אנד דיפרנט,IT,ויטסי - משקה סויה אורגני 1 ליטר,ליטרים,1.00,ליטר,false,1,12.90,12.9000,true,1,21119
8000215204677,false,משקה שיבולת שועל ויט,בטר אנד דיפרנט,IT,ויטריז משקה שיבולת שועל בריסטה אורגני 1ל,ליטרים,1.00,ליטר,false,1,14.90,14.9000,true,1,34748
8000215204714,false,משקה שיבולת שועל אור,בטר אנד דיפרנט,IT,פרימאבנה משקה שיבולת שועל אורגני 1 ליטר,ליטרים,1.00,ליטר,false,1,14.90,14.9000,true,1,126509
8000350001186,false,וישנזי מבחר עוגיות ב,Vicenzi S.p.A.,IT,וישנזי מבחר עוגיות במילואים וטעמים שונים 300 ג VIC,גרמים,300.00,100 גרם,false,1,19.90,6.6333,true,1,36652
8000350004491,false,עוגיות ביס פריכות קר,Vicenzi S.p.A.,IT,וישנזי עוגיות ביס פריכות עם קרם חלבי 125 ג VICENZI,גרמים,125.00,100 גרם,false,1,10.90,8.7200,true,1,36645
8000350004781,false,עוגיות ביס קרם שוקול,Vicenzi S.p.A.,IT,וישנזי עוגיות ביס פריכות עם קרם שוקולד 125 ג VICEN,גרמים,125.00,100 גרם,false,1,10.90,8.7200,true,1,36646
8000350007393,false,עוגיות וישנזי במילוי,קריות זול,IT,וישנזי עוגיות במילוי קרם וניל 150 ג VICENZI,גרמים,150.00,100 גרם,false,1,11.90,7.9333,true,1,36648
8000380001446,false,שוקולד חלב לואקיני ל,"כד בני דרום בע""מ",IT,שוקולד לואקיני חלב 100 גרם,גרמים,100.00,100 גרם,false,1,14.90,14.9000,true,1,129780
8000380003723,false,גרנד פטיסרי עוגיות וופל אגוזים 100ג',קריניציה ויטמינה אס,IT,ופל גרנד פטיסרי אגוזים 100 גרם,גרמים,100.00,100 גרם,false,1,12.90,12.9000,true,1,121265
8000380003754,false,עוגיות וופל קפה קפוצ'ינו 100 גרם לואקר,"כד בני דרום בע""מ",IT,גרנד פטיסרי קפוצינו 100 גרם,גרמים,100.00,100 גרם,false,1,12.90,12.9000,true,1,12735
8000380003761,false,וופל גרנדה פטיסרי קוקוס שוקולד 100ג',קריניציה ויטמינה אס,IT,לואקר גרנד פטיסרי קוקוס 100 גרם,גרמים,100.00,100 גרם,false,1,12.90,12.9000,true,1,121266
8000380004669,false,וופל לואקר סנדוויץ קוביות ושוקולד 200ג',"א. לואקר, קונפקט ג'י",AT,ופל סנדויץ קקאו לואקר 200 גרם,גרמים,200.00,100 גרם,false,1,14.90,7.4500,true,1,123719
8000380004676,false,קוביות וופל סנדוויץ Sandwich עם וניל וחלב,"א. לואקר, קונפקט ג'י",AT,ופל סנדויץ קרם וניל לואקר 200 גרם,גרמים,200.00,100 גרם,false,1,14.90,7.4500,true,1,121267
8000380004881,false,וופל קוארדטיני לואקר קוביות טרמיסו 220ג',קריניציה ויטמינה אס,IT,ופל קואדרטיני טירמיסו 220 גרם,גרמים,220.00,100 גרם,false,1,14.90,6.7727,true,1,20082
8000380004911,false,קוביות וופל קואדרטיני Quadratini קרם אגוזים,קריניציה ויטמינה אס,AT,קוארדטיני אגוז 250 גר',גרמים,250.00,100 גרם,false,1,14.90,5.9600,true,1,121268
8000380004966,false,וופל קוארדטיני לואקר קוביות שוקולד 250ג',קריניציה ויטמינה אס,AT,קוארדטיני שוקולד 250 גר',גרמים,250.00,100 גרם,false,1,14.90,5.9600,true,1,121269
8000380007257,false,וופל גרנדה מצופה שוקולד 200ג',קריניציה ויטמינה אס,IT,לואקר גרנדה אגוז 200 גר',גרמים,200.00,100 גרם,false,1,14.90,7.4500,true,1,121271
8000380007264,false,וופל עם קרם בטעם קקאו,קריניציה ויטמינה אס,AT,לואקר קלאסיק קקאו 175 גרם,גרמים,175.00,100 גרם,false,1,11.90,6.8000,true,1,121545
8000380106028,false,טורטינה לואקר וופל שוקולד ואגוזים שישיה 125ג',קריניציה ויטמינה אס,IT,טורטינה 1/6 חדש,גרמים,125.00,100 גרם,false,1,22.90,18.3200,true,1,123065
8000380144044,false,וופל גרדנה לואקר שוקולד 200ג',"א. לואקר , AG/SpA, ו",IT,וופל במילוי קרם שוקולד מצופה שוקולד חלב,גרמים,200.00,100 גרם,false,1,14.90,7.4500,true,1,123066
8000380148035,false,וופל אגוזי לוג שוקולד מריר גראן פטיסרי Gran Pasticceria,קריניציה ויטמינה אס,IT,לואקר גרנד פטיסרי מריר 100 גרם,גרמים,100.00,100 גרם,false,1,12.90,12.9000,true,1,124057
8000380152704,false,וופל אצבעות גרדנה חטיפי אגוז שוקו' 125גר,"אינסטנטה בע""מ",IT,לואקר אצבעות גרדנה בשקית-אגוז 125 גרם,גרמים,125.00,100 גרם,false,1,18.90,15.1200,true,1,125145
8000380152728,false,וופל גרדנה אצבעות שוקו 125ג',"אינסטנטה בע""מ",IT,לואקר אצבעות גרדנה בשקית-שוקולד 125 גרם,גרמים,125.00,100 גרם,false,1,18.90,15.1200,true,1,125175
8000380153442,false,ופל לואקר קרם אגוזים,לואקר,IT,ופל אגוז לואקר 90 גרם,גרמים,90.00,100 גרם,false,1,7.90,8.7778,true,1,17975
8000380153466,false,וופל לואקר שוקולד 90,קריניציה ויטמינה אס,IT,ופל שוקולד לואקר 90 גרם,גרמים,90.00,100 גרם,false,1,7.90,8.7778,true,1,17973
8000380154791,false,טורטינה אורגינל שליש,קריניציה ויטמינה אס,IT,טורטינה אורגינל 21גר,גרמים,63.00,100 גרם,false,1,12.90,20.4762,true,1,125763
8000380154814,false,טורטינה מריר שלישיה,קריניציה ויטמינה אס,IT,טורטינה 1/3 מריר,גרמים,63.00,100 גרם,false,1,12.90,20.4762,true,1,125764
8000380155699,false,טורטינה 63ג' שוקולד לבן,קריניציה ויטמינה אס,IT,טורטינה 1/3 לבן,גרמים,63.00,100 גרם,false,1,12.90,20.4762,true,1,126731
8000380156009,false,לואקר ורד הדולמיטים שוקולד חלב 150 גר',קריניציה ויטמינה אס,IT,בונבוניירה ורד דולומיטים חלב 150 גרם,גרמים,150.00,100 גרם,false,1,23.90,15.9333,true,1,25013
8000380156573,false,"פרלין שוקולד חלב, מריר ולבן Rose",קריניציה ויטמינה אס,IT,דולומיטים חלב 100ג,גרמים,150.00,100 גרם,false,1,23.90,15.9333,true,1,3996
8000380157440,false,שוקולד לואקר ממולא אגוזי לוז 85ג',"אינסטנטה בע""מ",IT,שוקולד חלב אגוזים לואקר 80 גרם,גרמים,80.00,100 גרם,false,1,7.90,9.8750,true,1,128759
8000380158546,false,פרלינים וופל ושוקולד מריר לואקיני Loackini,"כד בני דרום בע""מ",IT,שוקולד לואקיני מריר 100 גרם,גרמים,100.00,100 גרם,false,1,14.90,14.9000,true,1,129781
8000380180721,false,וופל לואקר קקאו וקרם חלב 175ג',קריניציה ויטמינה אס,AT,לואקר קלאסיק שוקו-חלב 175 גרם,גרמים,175.00,100 גרם,false,1,11.90,6.8000,true,1,128094
8000380180745,false,קוביות וופל קואדרטיני קקאו במילוי קר חלב,"א. לואקר, קונפקט ג'י",AT,ופל קואדרטיני שושו לבן 250 גרם,גרמים,250.00,100 גרם,false,1,14.90,5.9600,true,1,128095
8000380180837,false,וופל שוקולד לבן וקוקוס גראן פטיסרי Gran Pasticceria,"אינסטנטה בע""מ",IT,גרנד פטיסרי במילוי קרם קוקוס ובציפוי שוק,גרמים,100.00,100 גרם,false,1,12.90,12.9000,true,1,128562
8000380181032,false,"לואקר גרדנה חטיפי אצבעות אגוזים ושוקולד לבן, 125 גרם","אינסטנטה בע""מ",IT,לואקר אצבעות גרדנה בשקית-אגוז לבן 125 גר,גרמים,125.00,100 גרם,false,1,18.90,15.1200,true,1,137552
8000380187119,false,עוגיות אגוזי לוז 100 ג'-לואקר,לואקר Loacker,AT,עוגיות לואקר אגוזי לוז,גרמים,100.00,100 גרם,false,1,15.90,15.9000,true,1,27584
8000380187249,false,עוגיות עם מילוי קרם שקדים ושוקולד חלב,לואקר Loacker,AT,עוגיות לואקר שקדים 100גרם,גרמים,100.00,100 גרם,false,1,15.90,15.9000,true,1,27585
8000380187300,false,עוגיות פתיתי שוקולד 120 ג'-לואקר,לואקר Loacker,AT,עוגיות לואקר פתיתי שלג 120גרם,גרמים,120.00,100 גרם,false,1,15.90,13.2500,true,1,27586
8000380189281,false,וופל מיני מיקס לואקר בשקית 210 גרם,לואקר,IT,לואקר מארז מיני מיקס 210 גרם,גרמים,210.00,100 גרם,false,1,24.90,11.8571,true,1,12733
8000380192588,false,קוביות וופל קואדרטיני דאבל שוקולד,קריניציה ויטמינה אס,AT,קוארדטיני אגוז 250 גר',גרמים,250.00,100 גרם,false,1,14.90,5.9600,true,1,14147
8000380201525,false,חטיפי גרנד פטיסרי שישיה בטעם אגוזי לוז 126 ג' לואקר,לואקר,IT,לואקר פטיסרי אגוז 1/6 126,גרמים,126.00,100 גרם,false,1,21.90,17.3810,true,1,33187
8000380205400,false,קוביות וופל קואדרטיני בטעם חמאת בוטנים,לואקר Loacker,AT,קוואדרטיני חמאת בוטנים 250 גרם,גרמים,250.00,100 גרם,false,1,14.90,5.9600,true,1,36383
8000380205523,false,וופל קלאסיק בטעם חמאת בוטנים,לואקר Loacker,AT,לואקר חמאת בוטנים 175 גרם,גרמים,175.00,100 גרם,false,1,11.90,6.8000,true,1,36382
8000500009673,false,בונבוניירה פררו רושה 300ג',קריות זול,IT,בונבוניירה רושר 300 גרם,גרמים,300.00,100 גרם,false,1,49.90,16.6333,true,1,122330
8000500018828,false,שוקולד חצי מטר 300 ג' קינדר,קינדר Kinder,IT,שוקולד קינדר חצי מטר 300 גרם T(8X3)X12,גרמים,300.00,100 גרם,false,1,25.90,8.6333,true,1,22919
8000500023624,false,חטיפי הפי היפו Happy Hippo במילוי קרם חלב וקקאו,קינדר Kinder,DE,קינדר הפי היפו קקאו 105 גר,גרמים,102.00,100 גרם,false,1,14.90,14.6078,true,1,123082
8000500023976,false,בונבוניירת רפאלו Raffaello,קריות זול,PL,כדור וופל בציפוי קוקוס פריך במילוי קרם ושקד שלם,גרמים,150.00,100 גרם,false,1,19.90,13.2667,true,1,121272
8000500026731,false,שוקולד ביצי הפתעה קינדר שלישייה,קריות זול,IT,ביצת הפתעה קינדר שלישייה,גרמים,64.00,100 גרם,false,1,15.90,24.8438,true,1,121273
8000500029350,false,מארז וופל מצופה 3יח' *43 גרם קינדר בואנו,קינדר Kinder,PL,קינדר בואנו קלאסי שלישייה 129 גרם,גרמים,129.00,100 גרם,false,1,13.50,10.4651,true,1,121274
8000500032237,false,בונבוניירה פררו רושר 375ג',פררו Ferrero,IT,פררו רושה 375 גרי,גרמים,375.00,100 גרם,false,1,46.90,12.5067,true,1,122136
8000500037874,false,בונבוניירה פררו רושה 200ג',קריות זול,IT,בונבוניירה רושר אריזה דקורטיבית 200 גרם,גרמים,200.00,100 גרם,false,1,29.90,14.9500,true,1,121275
8000500071083,false,אצבעות שוקולד קינדר Kinder שש עשרה יחידות,קינדר Kinder,IT,אצבעות שוקולד קינדר 200 גר,גרמים,200.00,100 גרם,false,1,12.90,6.4500,true,1,121276
8000500075708,false,ביצי שוקולד הפתעה קינדר ג'וי כחול בנים שלישיה,קריות זול,ZA,שלישיית קינדר גוי כחול 60 גרםT3X32,גרמים,60.00,100 גרם,false,1,15.90,26.5000,true,1,126409
8000500094976,false,"בונבוניירה פררו רושר רושה קונוס, 212 גרם T17X4",פררו,IT,בונב.רושה קונוס 212 גרם,גרמים,212.00,100 גרם,false,1,39.90,18.8208,true,1,10735
8000500121436,false,מארז קינדר בואנו Kinder Bueno לבן שלוש יחידות,קינדר Kinder,PL,קינדר בואנו לבן שלישייה,גרמים,129.00,100 גרם,false,1,13.50,10.4651,true,1,124514
8000500126325,false,ביצי שוקולד הפתעה קינדר ג'וי ורוד בנות שלישיה,קריות זול,ZA,קינדר ג'וי ורוד שלישייה,גרמים,60.00,100 גרם,false,1,15.90,26.5000,true,1,126410
8000500127728,false,קנדר מילק סלייס עוגת,קינדר,TR,קנדר מילק סלייס עוגת ספוג במילוי קרם65%,גרמים,112.00,100 גרם,false,1,13.90,12.4107,true,1,30560
8000500160466,false,פררו רושר קובייה 75 גרם,גוד פוד פרודקטס S.p,IT,פררו רושה מארז חג,גרמים,75.00,100 גרם,false,1,15.90,21.2000,true,1,16513
8000500164242,false,רפאלו 70 גרם קופסא עם פרח,קדבורי,PL,רפאלו 70 גרם,גרמים,70.00,100 גרם,false,1,12.90,18.4286,true,1,22890
8000500227848,true,נוטלה בי רדי שישיה 1,קדבורי,IT,נוטלה בי רדי שישיה 132 גרם,גרמים,132.00,100 גרם,false,1,13.90,10.5303,true,1,12214
8000500249352,false,קינדר בואנו מיני מיקס שקית 205 ג',קינדר Kinder,PL,קינדר בואנו מיני מיקס,גרמים,205.00,100 גרם,false,1,21.90,10.6829,true,1,11949
8000500256213,false,קינדר שוקולד מיני בשקית.,קדבורי,IT,קינדר שוקולד מיני 120 גרם,גרמים,120.00,100 גרם,false,1,12.90,10.7500,true,1,22920
8000500267103,true,קינדר דליס עשיריה,קדבורי,IT,קינדר דליס עוגת ספוג קקאו במילוי חלבי 390 גרם,גרמים,390.00,100 גרם,false,1,20.90,5.3590,true,1,12213
8000500269169,false,קינדר קארדס Kinder Cards - חמישייה,קריות זול,IT,קינדר קארדס חמישיה 128 גרם,גרמים,128.00,100 גרם,false,1,13.90,10.8594,true,1,37743
8000500386941,false,"ממרח קקאו עם אגוזי לוז, 900 גרם",קדבורי,IT,ממרח אגוזי לוז עם קקאו נוטלה 900גרם,גרמים,900.00,100 גרם,false,1,33.90,3.7667,true,1,35921
8000698307575,false,בונ גואיל 235 ג FELE,SORINI-Holding Dolci,IT,בונ גואיל 235 ג FELETTI,גרמים,235.00,100 גרם,false,1,54.90,23.3617,true,1,33315
8000698463295,false,בונבוניירה אלודי פיל,H.D.I,IT,בונ אלודי 250 ג FELETTI,גרמים,250.00,100 גרם,false,1,64.90,25.9600,true,1,29377
8000700000050,false,דאב סבון מוצק אורגינל רביעייה,יוניליוור גרמניה (מנ,DE,סבון מוצק לבן דאב רביעייה,גרמים,400.00,100 גרם,false,1,13.90,3.4750,true,1,121277
8000786100408,false,"פולנטה מסורתית 1 ק""ג LA GRANDE ROUTA",לה גרנדה רוטה,IT,"פולנטה מסורתית 1 ק""ג LA GRANDE ROUTA",קילוגרמים,1.00,"ק""ג",false,1,16.90,16.9000,true,1,20242
8001003100218,false,סוכריות יוגטה ג'לי פירות 800 גר',תות ממתקי איכות,TR,"יוגטה סוכריות ג'לי בטעמי פירות, 800 גרם",גרמים,800.00,100 גרם,false,1,21.90,2.7375,true,1,9353
8001010033721,false,רוטב פסטו חדש 135 ג' PONTI,,,רוטב פסטו חדש 135 גרם PONTI,גרמים,135.00,100 גרם,false,1,13.90,10.2963,true,1,13544
8001090016003,true,פיירי טב למדיח 84 יח,קדבורי,BE,פיירי אוריגינל קפסולות למדיח כלים 84 יחידות,Unknown,0.00,Unknown,false,1,59.90,0.0000,true,1,137567
8001090222428,true,הרבל אסנסס שמפו חלב,פרוקטר אנד גמבל,FR,הרבל אסנסס שמפו חלב קוקוס,Unknown,0.00,Unknown,false,1,19.90,0.0000,true,1,19946
8001090222756,true,הרבל אסנסס מרכך שמן,פרוקטר אנד גמבל,FR,הרבל אסנסס מרכך שמן מורינגה,Unknown,0.00,Unknown,false,1,19.90,0.0000,true,1,19949
8001090222848,true,הרבל אסנסס שמפו שיקו,פרוקטר אנד גמבל,FR,"הרבל אסנסס שמפו שיקום שמן ארגן 400 מ""ל",Unknown,0.00,Unknown,false,1,19.90,0.0000,true,1,19950
8001090222879,true,הרבל אסנסס מרכך שיקו,פרוקטר אנד גמבל,FR,הרבל אסנסס מרכך שיקום שמן ארגן,Unknown,0.00,Unknown,false,1,19.90,0.0000,true,1,19951
8001090336354,false,טיטולי פמפרס בייבי דריי מידה 2 46 יח',פרוקטר אנד גמבל,DE,פמפרס בייבי דריי מידה 2 46 יחידות,לא מנהל יחידת מידה,0.00,לא מנהל יחידת מידה,false,1,35.90,0.0000,true,1,22227
8001090336408,false,חיתולים בייבי דריי מידה 3 38 יח' פמפרס,פרוקטר אנד גמבל,DE,פמפרס בייבי דריי מידה 3 38 יחידות,לא מנהל יחידת מידה,0.00,לא מנהל יחידת מידה,false,1,35.90,0.0000,true,1,22228
8001090336446,false,טיטולי פמפרס בייבי דריי מידה 4 34 יח',פרוקטר אנד גמבל,DE,פמפרס בייבי דריי מידה 4 34 יחידות,לא מנהל יחידת מידה,0.00,לא מנהל יחידת מידה,false,1,35.90,0.0000,true,1,22229
8001090336491,false,טיטולי פמפרס בייבי דריי מידה 4+ 31 יח',פרוקטר אנד גמבל,DE,פמפרס בייבי דריי מידה 4+ 31 יחידות,לא מנהל יחידת מידה,0.00,לא מנהל יחידת מידה,false,1,35.90,0.0000,true,1,22230
8001090336521,false,טיטולי פמפרס בייבי דריי מידה 5 30 יח',פרוקטר אנד גמבל,DE,פמפרס בייבי דריי מידה 5 30 יחידות,לא מנהל יחידת מידה,0.00,לא מנהל יחידת מידה,false,1,35.90,0.0000,true,1,22231
8001090336606,false,טיטולי פמפרס בייבי דריי מידה 6 26 יח',פרוקטר אנד גמבל,DE,פמפרס בייבי דריי מידה 6 26 יחידות,לא מנהל יחידת מידה,0.00,לא מנהל יחידת מידה,false,1,35.90,0.0000,true,1,22232
8001090375186,true,פנטן מרכך 200 לצבע מ,קדבורי,FR,"פנטן מרכך הקסם 200 מ""ל לצבע מלא חיים",Unknown,0.00,Unknown,false,1,21.90,0.0000,true,1,137569
8001090705600,false,טמפקס קומפאק רגולר 1,פרוקטל אנד גמבל,HU,טמפקס קומפאק רגולר 18 יח,יחידה,18.00,יחידה,false,1,25.90,1.4389,true,1,38154
8001090705662,false,טמפקס קומפאק סופר 18,פרוקטל אנד גמבל,HU,טמפקס קומפאק סופר 18 יח,יחידה,18.00,יחידה,false,1,25.90,1.4389,true,1,38155
8001090705723,false,טמפקס קומפאק סופר פל,פרוקטל אנד גמבל,HU,טמפקס קומפאק סופר פלוס 18 יח,יחידה,18.00,יחידה,false,1,25.90,1.4389,true,1,38156
8001090721099,false,טבליות ג'ל לכביסה 3 ב-1 בניחוח אביב הרים,פרוקטר אנד גמבל,FR,אריאל קפסולות 27 יח,יחידה,1.00,יחידה,false,1,39.90,39.9000,true,1,16818
8001090721129,false,אריאל קפסולות לכביסה קולור 27 יח,פרוקטר אנד גמבל,FR,אריאל קפסולות לכביסה צבעונית,יחידה,1.00,יחידה,false,1,39.90,39.9000,true,1,16793
8001090810083,false,"מרכך פנטן נוסחה קלאסית 500 מ""ל",פרוקטר אנד גמבל,RO,"פנטן קונדישנר נוסחה קלאסית 500 מ""ל",מיליליטרים,500.00,"100 מ""ל",false,1,18.90,3.7800,true,1,10951
8001090810120,false,פנטן קונדישנר מרוקאי,פרוקטר אנד גמבל,RO,"פנטן קונדישנר מרוקאי משקם 500 מ""ל",מיליליטרים,500.00,"100 מ""ל",false,1,18.90,3.7800,true,1,10957
8001090810205,false,"שמפו נוסחה קלאסית פנטן 500 מ""ל",פרוקטר אנד גמבל,RO,"פנטן שמפו נוסחה קלאסית 500 מ""ל",מיליליטרים,500.00,"100 מ""ל",false,1,18.90,3.7800,true,1,10950
8001090810281,false,פנטן שמפו שמן מרוקאי.,פרוקטר אנד גמבל,RO,"פנטן שמפו שמן מרוקאי משקם 500 מ""ל",מיליליטרים,500.00,"100 מ""ל",false,1,18.90,3.7800,true,1,10956
8001090810403,false,שמפו למגע רך כמשי פנ,פרוקטר אנד גמבל,RO,"פנטן שמפו למגע רך כמשי 500 מ""ל",מיליליטרים,500.00,"100 מ""ל",false,1,18.90,3.7800,true,1,10948
8001090833167,false,אריאל ג'ל כביסה ניחוח הרים 2.365 ליטר,פרוקטור אנד גמבל,FR,אריאל גל כביסה ניחוח הרים 2.365 ליטר,ליטרים,2.37,ליטר,false,1,36.90,15.5696,true,1,12291
8001090833198,false,אריאל ג'ל כביסה ניחוח מרענן 2.365 ליטר,פרוקטור אנד גמבל,FR,אריאל ג'ל כביסה ניחוח מרענן 2.365 ליטר,ליטרים,2.37,ליטר,false,1,36.90,15.5696,true,1,12292
8001090891273,false,לנור כדוריות הבושם בניחוח סחלב 210 ג',פרוקטר אנד גמבל,US,לנור כדוריות הבושם בניחוח סחלב 210 גרם,גרמים,210.00,100 גרם,false,1,29.90,14.2381,true,1,26998
8001090988362,false,"שמפו לחות מוגברת פנטן 500 מ""ל","פרוקטר אנד גמבל, רומ",RO,"פנטן שמפו לחות מוגברת 500 מ""ל",מיליליטרים,500.00,"100 מ""ל",false,1,18.90,3.7800,true,1,10946
8001090988768,false,שמפו הזנת קרטין פנטן,פרוקטר אנד גמבל,,"פנטן שמפו הזנת קרטין 500 מ""ל",מיליליטרים,500.00,"100 מ""ל",false,1,18.90,3.7800,true,1,10958
8001090988843,false,"פנטן קונדישנר לחות מרכך מוגברת 500 מ""ל",פרוקטר אנד גמבל,,"פנטן קונדישנר לחות מוגברת 500 מ""ל",מיליליטרים,500.00,"100 מ""ל",false,1,18.90,3.7800,true,1,10947
8001090988881,false,מרכך פנטן קונדישנר למגע רך כמשי 500 מל,פרוקטר אנד גמבל,,"פנטן קונדישנר למגע רך כמשי 500 מ""ל",מיליליטרים,500.00,"100 מ""ל",false,1,18.90,3.7800,true,1,10949
8001090989000,false,פנטן מרכך הזנת קרטין,פרוקטר אנד גמבל,,"פנטן מרכך הזנת קרטין 500 מ""ל",מיליליטרים,500.00,"100 מ""ל",false,1,18.90,3.7800,true,1,10959
8001160001786,false,"משקה אנרגיה גטורייד ספורט כחול 500מ""ל",סאן בנדטו אס פי איי,IT,"משקה גטורייד בטעם פטל ,מופחת קלוריות.",מיליליטרים,500.00,"100 מ""ל",false,1,10.90,2.1800,true,1,125304
8001160001892,false,"משקה אנרגיה גטורייד ספורט תפוז אדום 500מ""ל",פפסיקו בוואדג' איטלי,IT,גטורייד ספורט תפוז אדום בקבוק 500 תריסר,מיליליטרים,500.00,"100 מ""ל",false,1,10.90,2.1800,true,1,125305
8001250009999,true,ניוקי DE CECCO,,,ניוקי DE CECCO,Unknown,0.00,Unknown,false,1,9.90,0.0000,true,1,6601
8001505000160,true,מעדן דובדבנים אורגני,אף.סי תבליני בגליל ב,IT,פיור די פרוטה מעדן דובדבנים 250 גרם,גרמים,250.00,100 גרם,false,1,20.90,8.3600,true,1,137581
8001505000177,true,מעדן משמש אורגני ללא,אף.סי תבליני בגליל ב,IT,אורגניכ פארמינג מעדן משמש 250 גרם,גרמים,250.00,100 גרם,false,1,20.90,8.3600,true,1,137582
8001505000184,false,מעדן אוכמניות אורגני,אף.סי תבליני בגליל ב,IT,אורגניכ פארמינג מעדן אוכמניות 260 גרם,גרמים,250.00,100 גרם,false,1,20.90,8.3600,true,1,9776
8001505000283,false,מעדן פטל אורגני ללא,אף.סי תבליני בגליל ב,IT,מעדן פטל אורגני 250 גרם,גרמים,250.00,100 גרם,false,1,20.90,8.3600,true,1,126350
8001505000306,true,מעדן פירות יער אורגנ,אף.סי תבליני בגליל ב,IT,אורגניכ פארמינג מעדן פירות יער 250 גרם,גרמים,250.00,100 גרם,false,1,20.90,8.3600,true,1,137583
8001505000313,false,ממרח אגוזי לוז אורגנ,ריג'וני דה אסינו,IT,ממרח אגוזי לוז אורגני 270 גרם ניקולטה,גרמים,270.00,100 גרם,false,1,22.90,8.4815,true,1,126352
8001505000320,false,מעדן תותים ותותי בר אורגני,אף.סי תבליני בגליל ב,IT,מעדן תותים ותותי בר אורגני ללא סוכר 250,גרמים,250.00,100 גרם,false,1,21.90,8.7600,true,1,126351
8001505000498,true,מעדן לימון אורגני,ריג'וני דה אסיאגו,IT,מעדן לימון אורגני 250 גרם,גרמים,250.00,100 גרם,false,1,21.90,8.7600,true,1,137584
8001505000573,true,מעדן דומדמניות אורגנ,ריג'וני דה אסיאגו,IT,מעדן דומדמניות אורגני 270 גרם,גרמים,270.00,100 גרם,false,1,21.90,8.1111,true,1,137585
8001505000580,true,מעדן אפרסק אורגני,ריג'וני דה אסיאגו,IT,מעדן אפרסק אורגני 250 גרם,גרמים,250.00,100 גרם,false,1,21.90,8.7600,true,1,137586
8001505001105,true,ממרח אגוזי לוז אורגנ,אף.סי תבליני בגליל ב,IT,ממרח אגוזי לוז אורגני לא חלבי 270 גרם ני,גרמים,270.00,100 גרם,false,1,22.90,8.4815,true,1,137587
8001505001785,false,נוציולטה ביאנקה ממרח,אף.סי תבליני בגליל ב,IT,ממרח 30% אגוזי לוז,גרמים,270.00,100 גרם,false,1,21.90,8.1111,true,1,21090
8001505002041,true,מעדן חושחש אורגני 25,אף.סי תבליני בגליל ב,IT,מעדן חושחש אורגני 260 גרם,גרמים,250.00,100 גרם,false,1,21.90,8.7600,true,1,14645
8001505003963,false,ממרח אגוזי לוז קראנצ,,IT,ממרח אגוזי לוז קראנצי ניקולטה אורגני270,גרמים,280.00,100 גרם,false,1,22.90,8.1786,true,1,38279
8001620011935,false,מים מינרלים מוגזים שישייה בקבוק אישי,אקווה מינרלה סאן בנד,IT,סן בנדטו מוגז 500 מל שישייה,ליטרים,3.00,ליטר,false,1,15.90,5.3000,true,1,124627
8001620015636,false,"משקה פירות פרוטה-מיקס פירות 400 מ""ל סאן בנדטו",אקווה מינרלה סאן בנד,IT,משקה פירות פרוטה בטעם מיקס פירות,מיליליטרים,400.00,"100 מ""ל",false,1,8.50,2.1250,true,1,29867
8001620019160,false,"סן בנדטו אפרסק 400 מ""ל 12 יח'",אקווה מינרלה סאן בנד,IT,"סן בנדטו אפרסק 400 מ""ל",מיליליטרים,400.00,"100 מ""ל",false,1,8.50,2.1250,true,1,37517
8001620019177,false,"סן בנדטו ענבים 400 מ""ל 12 יח'",אקווה מינרלה סאן בנד,IT,סן בנדטו ענבים 400,מיליליטרים,400.00,"100 מ""ל",false,1,8.50,2.1250,true,1,37518
8001780499307,false,דובדבני אמרנה בסירופ,פאברי Fabbri,IT,דובדבני אמרנה 230 גרם FABBRI,גרמים,230.00,100 גרם,false,1,23.90,10.3913,true,1,21711
8001841019291,false,אריאל קפסולות לכביסה בניחוח לנור 16 יחיד,פרוקטר אנד גמבל,FR,קפסולות גל לכביסה 3 ב 1 אריאל,לא מנהל יחידת מידה,0.00,לא מנהל יחידת מידה,false,1,19.90,0.0000,true,1,13735
8001841062624,false,מארז מגבוני פמפרס ללא בישום - רביעייה,פרוקטר אנד גמבל.,DE,פמפרס מגבונים רביעייה ללא בישום,יחידה,4.00,יחידה,false,4,17.90,4.4750,true,1,38282
8001841077949,false,מארז מגבוני פמפרס בניחוח מרענן - רביעייה,פרוקטר אנד גמבל,DE,פמפרס מגבונים רביעייה עם בישום,יחידה,4.00,יחידה,false,4,17.90,4.4750,true,1,38281
8001841137179,false,"ה&ש קונדישנר-הנוסחה הקלאסית 275 מ""ל",פרוקטר אנד גמבל,RO,"הד אנד שולדרס מרכך קלאסי 275 מ""ל",מיליליטרים,275.00,"100 מ""ל",false,1,16.90,6.1455,true,1,23139
8001841237657,false,מגן תחתון אולוויז פר,פרוקטר & גמבל,DE,מגן תחתון אולוויז פרש נורמל 72 יח,יחידה,72.00,יחידה,false,1,18.90,0.2625,true,1,36913
8001841669465,false,אריאל קפסולות לכביסהבניחוח לנור 24 יח',פרוקטר אנד גמבל,FR,אריאל קפסולות 24 יח בניחוח לנור,יחידה,1.00,יחידה,false,1,39.90,39.9000,true,1,30580
8001841715957,false,"הד&שולדרס - ג'ל רחצה ושמפו ניקוי אינטנסיבי 360 מ""ל","נארז ע""י : א.ג. גילר",FR,שולדרס גל רחצה ושמפו ניקוי אינטנסיבי 3,מיליליטרים,360.00,"100 מ""ל",false,1,19.90,5.5278,true,1,33076
8001841716312,false,הד אנד שולדרס ג'ל רחצה ושמפו ספורט 360מל,"פרוקטר אנד גמבל, צרפ",FR,"שולדרס גל רחצה ושמפו ספורט, 360 מ""ל",מיליליטרים,360.00,"100 מ""ל",false,1,19.90,5.5278,true,1,33077
8001841716435,false,"הד אנד שולדרס ג'ל רחצה ושמפו לעור רגיש 360 מ""ל","נארז ע""י : א.ג. גילר",FR,"שולדרס גל רחצה ושמפו לעור רגיש, 360 מ""ל",מיליליטרים,360.00,"100 מ""ל",false,1,19.90,5.5278,true,1,33078
8001841716596,false,"הד אנד שולדרס ג'ל רחצה ושמפו מרענן 360 מ""ל","נארז ע""י : א.ג. גילר",FR,"הד שולדרס גל רחצה ושמפו מרענן 360 מ""ל",מיליליטרים,360.00,"100 מ""ל",false,1,19.90,5.5278,true,1,33079
8001841722481,false,אולוויז מגן תחתון פלקסי סטייל נורמל 54 יח',פרוקטר & גמבל,DE,מגן תחתון אולוויז פרש נורמל 54 יח,יחידה,54.00,יחידה,false,1,14.90,0.2759,true,1,36914
8001841958460,false,פיירי טבליות למדיח אורגינל הכל באחד - מארז 48 יח',פרוקטר אנד גמבל,BE,פיירי טבליות למדיח 48 יחידות,לא מנהל יחידת מידה,0.00,לא מנהל יחידת מידה,false,1,44.90,0.0000,true,1,31798
8001841960081,false,פיירי טבליות למדיח פלטינום הכל באחד - מארז 37 יח',פרוקטר אנד גמבל,BE,פיירי טבליות למדיח פלטינום 37 יחידות,לא מנהל יחידת מידה,0.00,לא מנהל יחידת מידה,false,1,44.90,0.0000,true,1,31799
8001943549122,true,מטבעות צוקטה חלב,ואל קור קורסניני אס,IT,מטבעות צוקטה חלב,לא מנהל יחידת מידה,0.00,לא מנהל יחידת מידה,false,1,4.90,0.0000,true,1,4871
8002230000012,false,מארז משקה קוקטייל אפ,אלכוהול (איי.בי.בי),,ליקר אפרול בקבוק 1 ליטר,ליטרים,1.00,ליטר,false,1,114.90,114.9000,true,1,129410
8002267014662,true,צוקטה ביצי שוקולד הו,ואל קור קורסניני אס,IT,צ'וקטה מארז 3 יח' ביצת שוקולד חלב ברבי 60 גרם,גרמים,60.00,100 גרם,false,1,12.90,21.5000,true,1,137641
8002267014945,true,צוקטה ביצי שוקולד בר,ואל קור קורסניני אס,IT,צ'וקטה מארז 3 יח' ביצת שוקולד חלב מכוניות 60 גרם,גרמים,60.00,100 גרם,false,1,12.90,21.5000,true,1,2441
8002267016475,false,צ'וקטה ביצת הפתעה בוב הבנאי מארז 3,מולינו ניקולי s.p.a,IT,צוקטה 3 ביצי שוקולד חלב עם הפתעות 60 גרם,גרמים,60.00,100 גרם,false,1,12.90,21.5000,true,1,22910
8002270436581,true,סן פלגרינו פלסטיק מו,סן פלגרינו,IT,"סן פלגרינו מוגז פלסטיק 500 מ""ל 24 יחידות",ליטרים,3.00,ליטר,false,1,32.90,10.9667,true,1,8122
8002270846472,false,סן פלגרינו פלאסטיק ב,סן פלגרינו,IT,"סן פלגרינו מוגז פלסטיק 500 מ""ל 24 יחידות",מיליליטרים,500.00,"100 מ""ל",false,1,6.20,1.2400,true,1,3313
8002270866524,false,סאן פלנגרינו מים מינ,סן פלגרינו San Pellegrino,IT,סן פלגרינו 1 ליטר בקבוק פלסטיק,ליטרים,1.00,ליטר,false,1,9.60,9.6000,true,1,125565
8002450006559,false,יין קאסה די לואיג'י שרדונה,קאסה די לואיג'י Casa di luigi,,"יין קאזה די לואיגי שרדונה 750 מ""ל",מיליליטרים,750.00,"100 מ""ל",false,1,31.90,4.2533,true,1,273
8002450206508,false,יין קברנה קאזה דה לו,קאסה די לואיג'י Casa di luigi,,"יין קאזה די לואיגי ק.סוביניון 750 מ""ל",מיליליטרים,750.00,"100 מ""ל",false,1,31.90,4.2533,true,1,274
8002450206522,false,יין קאזה די לואיגי מ,קאסה די לואיג'י Casa di luigi,,"יין קאזה די לואיגי מרלו 750 מ""ל",מיליליטרים,750.00,"100 מ""ל",false,1,31.90,4.2533,true,1,275
8002450409206,false,ורדי משקה כהלי מוגז,בוקסה קאנלי,IT,ורדי ספרקלטיני אפרסק 750 מל,מיליליטרים,750.00,"100 מ""ל",false,1,29.90,3.9867,true,1,23245
8002450609200,false,ורדי רימונים כשר לפס,"איי, בי, אינבוו",IT,"ורדי רימונים כשר לפסח 750 מ""ל",מיליליטרים,750.00,"100 מ""ל",false,1,29.90,3.9867,true,1,23244
8002920016903,false,LADORIA עגבניות מרוס,,IT,LADORIA עגבניות מרוסקות שלישיה 400גרם,גרמים,400.00,100 גרם,false,3,15.90,3.9750,true,1,35525
8003007800484,false,פתיתים צוקה 4 טעמים,,IT,פסטה צוקה טעמים 500 גרם,גרמים,500.00,100 גרם,false,1,14.90,2.9800,true,1,123276
8003007800712,false,פתיתים פיורי 4 טעמים,,IT,פסטה פיורי פרחים 4 טעמים 500 גרם,גרמים,500.00,100 גרם,false,1,14.90,2.9800,true,1,123277
8003007800842,false,פסטה קונקיליוני צבעו,,IT,פסטה קונקיליוני צבעוני 500 גרם,גרמים,500.00,100 גרם,false,1,14.90,2.9800,true,1,123278
8003007810001,false,פתיתים פנטה 4 טעמים,,IT,פסטה פנטה 4 טעמים 500 גרם,גרמים,500.00,100 גרם,false,1,14.90,2.9800,true,1,24531
8003007816683,false,פסטה ארמוניקה לבבות,,IT,פסטה ארמוניקה 4 טעמים 500 גרם,גרמים,500.00,100 גרם,false,1,14.90,2.9800,true,1,18320
8003007817918,false,פסטה לומקוני 4 טעמים,,IT,פסטה לומקוני 4 טעמים 500 גרם,גרמים,500.00,100 גרם,false,1,14.90,2.9800,true,1,24867
8003007825661,false,פסטה פנטזיה חצי מטר,,IT,פסטה פנטזיה חצי מטר 1 קג,קילוגרמים,1.00,"ק""ג",false,1,39.90,39.9000,true,1,35935
8003115851705,false,פנתוני סוויט איטלי 5,BISCOTTIFICIO PRIMAV,IT,פינטא פנתוני קלאסיק 500 ג PINETA,גרמים,500.00,100 גרם,false,1,37.90,7.5800,true,1,28088
8003115852047,false,פנתוני סוויט איטלי 9,BISCOTTIFICIO PRIMAV,IT,פינטא פנתוני קלאסיק 908 גרם,גרמים,908.00,100 גרם,false,1,59.90,6.5969,true,1,38382
8003115852344,false,פינטא פנתוני קרם שוק,DECO,IT,פינטא פנתוני עם קרם שוקולד ומקושטת בשברי,גרמים,750.00,100 גרם,false,1,64.90,8.6533,true,1,38383
8003115852603,false,פנדורו סוויט איטלי 7,PINETA,IT,פינטא פנדורו קלאסיק 750 ג PINETA,גרמים,750.00,100 גרם,false,1,54.90,7.3200,true,1,28089
8003340091280,false,בונבוניירת לינדור Lindor שוקולד מריר,לינדוט ושופרונגלי אי,IT,לינדט לינדור כדורי שוקולד מריר 200 ג',גרמים,200.00,100 גרם,false,1,34.90,17.4500,true,1,123715
8003445000880,false,סבון שמן זית ארגן טב,נסטי דנטה,IT,סבון שמן זית ארגן טבעי-נסטי 100גרם,גרמים,100.00,100 גרם,false,1,9.90,9.9000,true,1,137648
8003753158556,false,אילי קפסולות אספרסו קלאסיקו 10 יח' 57 גרם,ג'ייקובס דאו אגרבטס,FR,קפסולות אספרסו קלאסיקו ILLY 10יח 57גרם,גרמים,57.00,100 גרם,false,1,19.90,34.9123,true,1,23223
8004030022010,false,ירקות גינה עם טונה ריו מרה אינסלטיסימי 160 ג',"בולטון אלימנטרי בע""מ",IT,ריו מר ירקות גינה עם טונה 160 גרם,גרמים,160.00,100 גרם,false,1,18.50,11.5625,true,1,127855
8004030026018,false,"מקסיקני עם טונה ריו מרה אינסלטיסימי, 160 ג'","בולטון אלימנטרי בע""מ",IT,ריו מרה ירקות בנוסח מקסיקני עם טונה 160 גרם,גרמים,160.00,100 גרם,false,1,18.50,11.5625,true,1,127854
8004030044005,false,נתחי טונה בשמן זית ריו מרה 160 ג',"בולטון אלימנטרי בע""מ",IT,ריו מרה טונה בשמן זית 160 ג,גרמים,160.00,100 גרם,false,1,18.50,11.5625,true,1,121282
8004030081024,false,נתחי טונה עם שום ופלפל אדום ריו מרה 160 ג',"בולטון אלימנטרי בע""מ",IT,ריו מר נתחי טונה בהירה בשמן זית ופלפל 160 גרם,גרמים,160.00,100 גרם,false,1,18.50,11.5625,true,1,121283
8004030102033,false,טונה בשמן זית עם מיץ לימון ופלפל שחור - מארז 3 יח',בולטון אלימנטרי,IT,ריו מרה טונה בשמן עם לימון ופלפל 80*3 ג,גרמים,240.00,100 גרם,false,3,27.90,11.6250,true,1,13233
8004030180000,false,ריו מרה טונה בשמן זי,בולטון אלימנטרי,IT,טונה בשמן זית ריו מרה שלישיה 240גרם,גרמים,240.00,100 גרם,false,3,27.90,11.6250,true,1,37841
8004030344938,false,טונה בשמן זית ריו מרה שלישיה * 80 ג',"בולטון אלימנטרי בע""מ",IT,ריו מרה נתחי טונה בהירה בשמן זית 240 גרם,גרמים,240.00,100 גרם,false,1,27.90,11.6250,true,1,128787
8004030845046,false,טונה עם ירקות בתוספת עם אורז ריו מרה אינסלטיסימי 160 ג',בולטון אלימנטרי,IT,טונה ריו מרה ירקות ו אינסלטיסימי 160 גרם,גרמים,160.00,100 גרם,false,1,18.50,11.5625,true,1,14315
8004030860001,false,ירקות עם קוקוס וטונה ריו מרה אינסלטיסימי 160 ג',"בולטון אלימנטרי בע""מ",IT,ריו מר ירקות עם קוסקוס וטונה 160 גרם,גרמים,160.00,100 גרם,false,1,18.50,11.5625,true,1,128720
8004123004893,true,Basso-שמן מתובל בטעם,באסו,IT,Basso-שמן מתובל בטעם פטריות כמהין 250 מל,מיליליטרים,250.00,"100 מ""ל",false,1,29.90,11.9600,true,1,19728
8004160660304,false,ליקר פרנגליקו 700 מל,דויד קמפרי,IT,פרנג'ליקו ליקר אגוזים 700 מל,מיליליטרים,700.00,"100 מ""ל",false,1,114.90,16.4143,true,1,8873
8004690052044,false,פסטה לאמוליזנה פנה ז,למוליזנה,IT,פסטה איטלקית פנה זיטי ריגטה 500 גרם LM,גרמים,500.00,100 גרם,false,1,8.90,1.7800,true,1,20245
8004690052846,false,פסטה פוסילי למוליזנה,למוליזנה,IT,פסטה איטלקית פוזילי 500 גרם LM,גרמים,500.00,100 גרם,false,1,8.90,1.7800,true,1,20246
8004690053195,false,פסטה לאמוליזנה ריגטו,למוליזנה,IT,פסטה איטלקית ריגטוני 500 גרם LM,גרמים,500.00,100 גרם,false,1,8.90,1.7800,true,1,20247
8004690053225,false,פסטה איטלקית מזי ריג,למוליזנה,IT,פסטה איטלקית מזי ריגטוני 500 גרם LM,גרמים,500.00,100 גרם,false,1,8.90,1.7800,true,1,20233
8004690055601,false,פסטה לאמוליזנה צ'ינס,למוליזנה,IT,פסטה איטלקית צינסי 500 גרם LM,גרמים,500.00,100 גרם,false,1,7.90,1.5800,true,1,20239
8004690057308,false,פסטה לאמוליזנה רדיאט,למוליזנה,IT,פסטה איטלקית רדיאטורי 500 גרם LM,גרמים,500.00,100 גרם,false,1,8.90,1.7800,true,1,20237
8004690058008,false,פסטה לאמוליזנה גמלי,למוליזנה,IT,פסטה איטלקית גמלי 500 גרם LM,גרמים,500.00,100 גרם,false,1,8.90,1.7800,true,1,20230
8004690106600,false,פסטה לאמוליזנה פארפא,למוליזנה,IT,פסטה איטלקית פרפאלה 500 גרם LM,גרמים,500.00,100 גרם,false,1,8.90,1.7800,true,1,20248
8004690203002,false,פסטה איטלקית ניוקי ת,למוליזנה,IT,פסטה איטלקית ניוקי תפוחי אדמה 500 גרם,גרמים,500.00,100 גרם,false,1,6.90,1.3800,true,1,20229
8004690470039,false,פסטה פנה ללג LM גרם,למוליזנה,IT,פסטה פנה ללג LM גרם400,גרמים,400.00,100 גרם,false,1,12.90,3.2250,true,1,27347
8004708018987,false,מלח ורוד הימלאיה במטחנה,דרוגריה ואלימנטרי אס,IT,מלח ורוד הימלאיה מטחנה 90 גרם,Unknown,0.00,Unknown,false,1,11.90,0.0000,true,1,124178
8004800000064,false,לאגו פלאסיר- גלילי ופל קרם קקאו בציפוי ש.חלב - 100 ג',לאגו,IT,לאגו גלילי ופל במילוי קרם קקאו בציפוי שו,גרמים,100.00,100 גרם,false,1,12.90,12.9000,true,1,37744
8004800000071,false,לאגו פלאסיר- גלילי ופל במילוי קרם אגוזי לוז שוקולד חלב - 100 ג',לאגו,IT,לאגו גלילי ופל במילוי קרם אגוזי לוז בציפ,גרמים,100.00,100 גרם,false,1,12.90,12.9000,true,1,37745
8004800004802,false,"גלילי וופל קרם דומדמניות, 100 גרם",לאגו,IT,לאגו גלילי ופל מילוי קרם דומדמניות ציפוי,גרמים,100.00,100 גרם,false,1,12.90,12.9000,true,1,37746
8004800004819,false,"וופלים במילוי ק.פסיפלורה, 110 גרם",לאגו,IT,לאגו וופל מצופה שוקו חלב קרם פסיפלורה וא,גרמים,110.00,100 גרם,false,1,12.90,11.7273,true,1,37747
8004800004826,false,לאגו פלאסיר - וופלים במילוי קרם קוקוס שוקולד מריר - 98ג,לאגו,IT,לאגו פלאסיר וופלים במילוי קרם קוקוס בציפ,גרמים,98.00,100 גרם,false,1,12.90,13.1633,true,1,37748
8004800005502,false,וופל מיני רול גלילי ופל במילוי קרם קקאו- 125 ג' לאגו,לגו גרופ ס.פ.א.,IT,לאגו מיני רול גלילי ופל במילוי קרם קקאו,גרמים,125.00,100 גרם,false,1,11.90,9.5200,true,1,37749
8004800005519,false,וופל רול גלילי במילוי קרם אגוזי לוז- 125 ג' לאגו,לגו גרופ ס.פ.א.,IT,לאגו מיני רול גלילי ופל במילוי קרם אגוזי,גרמים,125.00,100 גרם,false,1,11.90,9.5200,true,1,37750
8004800005526,false,וופל מיני רול גלילי ופל במילוי קרם קוקוס- 125 ג' לאגו,לגו גרופ ס.פ.א.,IT,לאגו מיני רול גלילי ופל במילוי קרם קוקוס,גרמים,125.00,100 גרם,false,1,11.90,9.5200,true,1,37751
8005110001413,false,מארז זוג רסק עגבניות 140 ג' MUTTI,"איי, בי, אינבוו",IT,MUTTI רסק עגבניות מארז זוג 140X2 גרם,גרמים,280.00,100 גרם,false,1,8.90,3.1786,true,1,21710
8005110002243,false,רכז עגבניות Doppio Concentr בשפופרת 185 ג' MUTTI,"איי, בי, אינבוו",IT,רכז עגבניות בשפורפרת Doppio MUTTI 185,גרמים,185.00,100 גרם,false,1,7.50,4.0541,true,1,26993
8005110060007,true,עגבניות מקולפות MUT,לני אנד לארי,IT,עגבניות מקולפות 100% איטלקיות 400 גרם MUTTI,Unknown,0.00,Unknown,false,1,7.90,0.0000,true,1,137697
8005110060106,false,מארז זוג עגבניות מקולפות 400X2 ג' MUTTI,"איי, בי, אינבוו",IT,עגבניות מקולפות MUTT,גרמים,800.00,100 גרם,false,1,14.90,1.8625,true,1,1805
8005110170300,false,עגבניות מרוסקות חתוכות מוטי MUTTI שלישיה *400,מוטי Mutti,IT,שלישיית עגבניות מרוסקות 400 גר MUTTI,גרמים,400.00,100 גרם,false,1,17.90,4.4750,true,1,128510
8005110171215,false,עגבניות חתוכות 690 POLPAPEZZI ג' (כחול) MUTTI,"איי, בי, אינבוו",IT,קוביות עגבניות מקולפות במיץ,גרמים,690.00,100 גרם,false,1,14.90,2.1594,true,1,1792
8005110191015,false,רסק עגבניות ובזיליקום 700 ג' (ירוק) MUTTI,"איי, בי, אינבוו",IT,מחית עגבניות קלה עם בזיליקום בתוספת מלח,גרמים,700.00,100 גרם,false,1,14.90,2.1286,true,1,16692
8005110200014,false,רסק עגבניות בתוספת מלח,"איי, בי, אינבוו",IT,רסק עגבניות בתוספת מלח 22Bx ללא תוספת סוכר,גרמים,210.00,100 גרם,false,1,7.90,3.7619,true,1,128610
8005110550508,true,שימורי עגבניות שרי,,,שימורי עגבניות שרי,Unknown,0.00,Unknown,false,1,9.90,0.0000,true,1,137699
8005110551253,false,רוטב עגבניות לפיצה MUTTI,"איי, בי, אינבוו",IT,רוטב לפיצה 400 גרם MUTTI,גרמים,400.00,100 גרם,false,1,8.90,2.2250,true,1,25447
8005200256587,false,משקה תה בטעם אפרסק 1.5ל' NESTEA,מפעל סאנפלגרינו S.P.,IT,נסטי אפרסק 1.5 ליטר,ליטרים,1.50,ליטר,false,1,11.50,7.6667,true,1,34473
8005200286584,false,משקה תה בטעם מנגו אננס 1.5 ל' NESTEA,מפעל סאנפלגרינו S.P.,IT,נסטי מנגו אננס 1.5 ליטר,ליטרים,1.50,ליטר,false,1,11.50,7.6667,true,1,34474
8005200316588,false,משקה תה דיאט בטעם אפרסק 1.5ל' NESTEA,מפעל סאנפלגרינו s.p.,IT,נסטי דיאט אפרסק 1.5 ליטר,ליטרים,1.50,ליטר,false,1,11.50,7.6667,true,1,34475
8005200486526,false,"נסטי אפרסק 500 מ""ל",מפעל סאנפלגרינו S.p.,IT,"נסטי, תה קר בטעם אפרסק 500 מל",מיליליטרים,500.00,"100 מ""ל",false,1,6.90,1.3800,true,1,125277
8005360002185,false,רוטב עגבניות בזיליקו,אף.סי תבליני בגליל ב,IT,רוטב עגבניות אורגני עם בזיליקום 350 גרם,גרמים,350.00,100 גרם,false,1,12.90,3.6857,true,1,12438
8005360004622,false,רוטב עגבניות אורגני,אף.סי תבליני בגליל ב,IT,רוטב עגבניות אורגני 350 גרם,גרמים,350.00,100 גרם,false,1,12.90,3.6857,true,1,13532
8005360004639,false,רוטב עגבניות אורגני,אף.סי תבליני בגליל ב,IT,רוטב עגבניות אורגני עם פלפלים 350 גרם,גרמים,350.00,100 גרם,false,1,12.90,3.6857,true,1,12442
8005469981602,false,פילה אנשובי איטלקי ש,,,פילה אנשובי איטלקי שמן חמניות 75 גרם,גרמים,75.00,100 גרם,false,1,15.90,21.2000,true,1,18220
8005803010357,false,אמור די פאן - קלאסי 125 גרם,"אינסטנטה בע""מ",IT,גריסיני קלאסי 125 גרם,גרמים,125.00,100 גרם,false,1,8.90,7.1200,true,1,128831
8005803010371,false,מקלות גריסיני עם רוזמרין,"אינסטנטה בע""מ",IT,גריסיני רוזמרין 125 גרם,גרמים,125.00,100 גרם,false,1,8.90,7.1200,true,1,128834
8005803010586,false,מקלות גריסיני בטעם פיצה,"הוסטה איטליה, ס.ר.ל.",IT,מקלות אפויים בטעם פיצה,גרמים,125.00,100 גרם,false,1,8.90,7.1200,true,1,128832
8005803010661,false,אמור די פאן - שומשום 125 גרם,"הוסטה איטליה, ס.ר.ל.",IT,גריסיני שומשום 125 גרם,גרמים,125.00,100 גרם,false,1,8.90,7.1200,true,1,128833
8006227001372,false,סמנצאטו לחם מחמצת לב,רו. מאר ס.ר.ל,IT,סמנצאטו לחם מחמצת לבן משמן זית 400 גרם ל,גרמים,250.00,100 גרם,false,1,18.90,7.5600,true,1,33812
8006227001389,false,סמנצאטו לחם מחמצת קמ,רו. מאר ס.ר.ל,IT,סמנצאטו לחם מחמצת קמח לבן משמן זית 400 ג,גרמים,250.00,100 גרם,false,1,18.90,7.5600,true,1,33813
8006423310339,false,סוריני חלב 1 קג,הולדינג דולסיירה,IT,סוריני חלב 1 קג,קילוגרמים,1.00,"ק""ג",false,1,59.90,59.9000,true,1,6673
8006423460034,false,בונבוניירה סוריני קר,הולדינג דולסיירה,IT,בונבונירה קרימי SORINI,גרמים,184.00,100 גרם,false,1,59.90,32.5543,true,1,137742
8006423461055,false,בקבוק שוקולד סורינטה,SORINI-Holding Dolci,IT,בקבוק שוקולד סורינטה 280 גרם,גרמים,280.00,100 גרם,false,1,41.90,14.9643,true,1,11997
8006423461789,false,בונבונירה כדור בונבו,SORINI-Holding Dolci,IT,בונבונירה כדור בונבון 450גרם,גרמים,450.00,100 גרם,false,1,64.90,14.4222,true,1,12000
8006423461987,false,בונבוניירות סילין סו,הולדינג דולסיירה,IT,בונבונירה סילין SORIN,גרמים,300.00,100 גרם,false,1,42.90,14.3000,true,1,137743
8006423464889,true,בונ פח מניפה 400ג,,,בונ פח מניפה 400ג,Unknown,0.00,Unknown,false,1,69.90,0.0000,true,1,137744
8006423468382,false,בונ קריסמס סנטה עם פ,H.D.I,IT,בונ קריסמס סנטה עם פפיון 300 גרם,גרמים,300.00,100 גרם,false,1,54.90,18.3000,true,1,38388
8006423468801,true,SORINI TIFFI,,,SORINI TIFFI,Unknown,0.00,Unknown,false,1,34.90,0.0000,true,1,6676
8006540019672,false,נוזל כלים פיירי פלטי,פרוקטר & גמבל,GB,נוזל כלים פיירי פלטינום 700 מל,מיליליטרים,700.00,"100 מ""ל",false,1,11.90,1.7000,true,1,37700
8006540112823,false,"לנור מרכך כביסה מרוכז בניחוח האוקיינוס 900 מ""ל",פרוקטר אנד גמבל,FR,לנור מרכך מרוכז אוקיינוס 900מל,מיליליטרים,900.00,"100 מ""ל",false,1,16.90,1.8778,true,1,30583
8006540425930,false,קפסולות לכתמים קשים 24 יח' אריאל,פרוקטר אנד גמבל,FR,אריאל קפסולות לכביסה לכמים קשים 24 יחיד,לא מנהל יחידת מידה,0.00,לא מנהל יחידת מידה,false,1,39.90,0.0000,true,1,34476
8006540592434,true,תחבושות אולוויז נורמ,פרוקטר,DE,תחבושות אולוויז נורמל פלוס 28 יח,יחידה,28.00,יחידה,false,1,19.90,0.7107,true,1,36233
8007178120310,false,חומץ בלסמי ד'מודנה Giacobazzi,פטורייה ג'יאקובאזי ס,IT,"חומץ בלסמי ממודנה 500 מ""ל",מיליליטרים,500.00,"100 מ""ל",false,1,21.90,4.3800,true,1,121288
8007178223547,false,קרם מצומצם עם חומץ בלסמי ממודנה,פארייפאבה אגרואינדוס,IT,קרם בלסמי מצומצם ממודנה 250 מל,מיליליטרים,250.00,"100 מ""ל",false,1,24.90,9.9600,true,1,127237
8007270999012,false,שמן גרעיני ענבים 1 ל,קוסטה דיאורו,IT,שמן גרעיני ענבים 1 ליטר קוסטה דאורו,ליטרים,1.00,ליטר,false,1,46.90,46.9000,true,1,129355
8008245004847,false,ממרח אגוזי לוז וקקאו,נאטקו,IT,מובנפיק ממרח שוקולד ואגוזי לוז 300 גרם,גרמים,300.00,100 גרם,false,1,15.90,5.3000,true,1,29600
8008245004861,false,ממרח חלב עם אגוזי לוז 300ג M?venpick,יבואן ומשווק: ש. שסט,IT,מובנפיק ממרח חלב עם אגוזי לוז 300 גרם,גרמים,300.00,100 גרם,false,1,15.90,5.3000,true,1,29601
8008440222008,false,בירה פרוני בירה בקבו,מבשל שיכר פרוני,IT,"בירה פרוני בקבוק 330 מ""ל",מיליליטרים,330.00,"100 מ""ל",false,1,11.90,3.6061,true,1,20924
8008440249425,false,בירה אסהי בקבוק 330,פרונרי,IT,"בירה אסהי בקבוק 330 מ""ל",מיליליטרים,330.00,"100 מ""ל",false,1,9.90,3.0000,true,1,20918
8008440522016,false,בירה פרוני מארז שישי,פרונרי,IT,"בירה פרוני מארז שישייה 330/6 מ""ל",ליטרים,1.98,ליטר,false,6,49.90,25.2020,true,1,26060
8008660210014,false,מעדן פרי משמש 100% רכיבי פרי,קריניציה ויטמינה אס,IT,מעדן משמש מנז אנד גאסר,גרמים,300.00,100 גרם,false,1,15.90,5.3000,true,1,128173
8008660210021,false,מעדן פרי דובדבן 100% רכיבי פרי,שוורצקוף& הנקל דיסלד,IT,מנז אנד גאסר מעדן דובדבן 320 גרם,גרמים,300.00,100 גרם,false,1,15.90,5.3000,true,1,128174
8008660210038,false,מעדן פרי תות שדה 100% רכיבי פרי,קריניציה ויטמינה אס,IT,מאנס גאסר מעדן ריבה תות שדה 300 גרם,גרמים,300.00,100 גרם,false,1,15.90,5.3000,true,1,128171
8008660210045,false,מעדן פרי פירות יער 100% רכיבי פרי,שוורצקוף& הנקל דיסלד,IT,"מנז אנד גאסר, מעדן פירות יער 300 גרם",גרמים,300.00,100 גרם,false,1,15.90,5.3000,true,1,128172
8008698002049,false,קרקרים עגולים ללא גלוטן,ס.ר.ל פוסטל,IT,קרקר ללא גלוטן ללא לקטוז,גרמים,175.00,100 גרם,false,1,23.90,13.6571,true,1,126358
8008698003503,false,קרקרים מלבנים ללא גלוטן,"דר שר ס.ר.ל פוסטל, א",IT,"ליב, קרקר ללא גלוטן",גרמים,210.00,100 גרם,false,1,25.90,12.3333,true,1,125102
8008698004630,false,עוגיות ממולאות קרם קקאו ללא גלוטן,ס.ר.ל פוסטל,DE,עוגיות ממולאות קקאו 250 גרםschar,גרמים,250.00,100 גרם,false,1,29.90,11.9600,true,1,125103
8008698004807,false,תערובת קמחים לאפיית,ס.ר.ל פוסטל,AT,"קמח MIX B לאפיית לחמים 1 ק""ג",קילוגרמים,1.00,"ק""ג",false,1,31.90,31.9000,true,1,125112
8008698005231,false,עוגיות סנדוויץ בטעם שוקולד ממולאות קרם חלב ללא גלוט,שר Schar,IT,עוגיות שוקולד שר ללג 165גרם,גרמים,165.00,100 גרם,false,1,22.90,13.8788,true,1,25715
8008698005347,false,ביסקוטי עם שוקולד מריר ללא גלוטן,שר Schar,IT,ביסקוטי שוקולד שר ללג 150גרם,גרמים,150.00,100 גרם,false,1,17.90,11.9333,true,1,25716
8008698008157,false,שר עוגיות שוקולד במילוי קרם שמנת ללא גלוטן 100 גר',דר שר ס.ר.ל פוסטל,IT,עוגיות ממולאות קרם וניל ללא גלוטן 100 גר,גרמים,100.00,100 גרם,false,1,13.90,13.9000,true,1,125104
8008698010358,false,תערובת על בסיס קמח אורז,שר Schar,IT,תערובת על בסיס קמח אורז להכנת מאפה 500 גרם,גרמים,500.00,100 גרם,false,1,17.90,3.5800,true,1,128914
8008698012857,false,פתי בר חמאה ללא גלוט,שר Schar,IT,ביסקוויט ללא גלוטן 165 גרם,גרמים,165.00,100 גרם,false,1,18.90,11.4545,true,1,128880
8008698013021,false,שר עוגיות שוקולד ציפס מריר ללא גלוטן 100 ג',דר שר פוסטל,IT,עוגיות ללא גלוטן עם שבבי שוקולד מריר,גרמים,100.00,100 גרם,false,1,13.90,13.9000,true,1,128881
8008698024065,false,"פאן בלנקו לחם לל""ג 2",schar,IT,"פאן בלנקו לחם לל""ג 250 גרם שר",גרמים,250.00,100 גרם,false,1,18.90,7.5600,true,1,12846
8008698024140,false,פאן מולטי גראנו 250,schar,IT,פאן מולטי גראנו 250 גרם שר,גרמים,250.00,100 גרם,false,1,18.90,7.5600,true,1,12847
8008920114069,false,יין וילה גובני מוסקט,,,"יין וילה גובאני מוסקטו 750 מ""ל",מיליליטרים,750.00,"100 מ""ל",false,1,39.90,5.3200,true,1,8845
8008920150104,false,למברוסקו אמראדורי אד,דונלי גאטטיקו,,"למברוסקו אמראדורי אדום חצי יבש 750 מ""ל",מיליליטרים,750.00,"100 מ""ל",false,1,26.90,3.5867,true,1,1715
8008920150111,false,למברוסקו אמראדורי רו,דונלי,IT,אמרדורי למברוסקו רוזה 750 מל,מיליליטרים,750.00,"100 מ""ל",false,1,26.90,3.5867,true,1,343
8008920150128,false,למברוסקו אמראדורי לב,דונלי גאטטיקו,,"למברוסקו אמראדורי לבן חצי יבש 750 מ""ל",מיליליטרים,750.00,"100 מ""ל",false,1,26.90,3.5867,true,1,344
8009470009041,false,"סימבה מזון לחתולים 2 ק""ג בקר",אמ.או.אן.ג'י.אי.אמונ,IT,סימבה בקר לחתול 2 קג,קילוגרמים,2.00,"ק""ג",false,1,34.90,17.4500,true,1,37435
8009470009164,true,סימבה לכלב כבש 415,מונג,IT,סימבה לכלב כבש 415 גרם,גרמים,415.00,100 גרם,false,1,4.00,0.9639,true,1,24522
8009470009171,false,סימבה שימורים לכלבים צייד 415 ג',אמ.או.אן.ג'י.אי.אמונ,IT,סימבה לכלב צייד 415 גרם,גרמים,415.00,100 גרם,false,1,4.00,0.9639,true,1,14970
8009470009560,false,"סימבה מזון לכלבים 4 ק""ג בטעם בקר",אמ.או.אן.ג'י.אי.אמונ,IT,סימבה בקר לכלב 4 קג,קילוגרמים,4.00,"ק""ג",false,1,49.90,12.4750,true,1,37376
8009915004150,false,ביסקוויט קמח תירס שו,מולינו דה פירו,IT,ביסקוויט מקמח תירס שוקולד ואגוזים250 גרם,גרמים,250.00,100 גרם,false,1,17.90,7.1600,true,1,137816
8009915004167,false,ביסקוויט מקמח תירס ק,מולים די פיירו ס.פ.א,IT,ביסקוויט מקמח תירס בטעם קוקוס250 גרם,גרמים,250.00,100 גרם,false,1,17.90,7.1600,true,1,137817
8009915004204,false,ביסקוויט מקמח תירס ק,מולינו דה פירו,IT,ביסקוויט מקמח תירס קלאסי250 גרם,גרמים,250.00,100 גרם,false,1,17.90,7.1600,true,1,137818
8009915004211,false,ביסקוויט מקמח תירס ע,מולינו דה פירו,IT,ביסקוויט מקמח תירס עם שוקולד ציפס 250,גרמים,250.00,100 גרם,false,1,17.90,7.1600,true,1,37520
8009915008905,false,מיני גריסיני ללא גלו,מולינו דה פירו,,מיני גריסיני ללג שמן זית 250 גרם,גרמים,250.00,100 גרם,false,1,17.90,7.1600,true,1,128696
8009915008912,false,מיני גריסיני ללג זרע,מולינו דה פירו,,מיני גריסיני ללג זרעי ציה ושומשום 250 ג,גרמים,250.00,100 גרם,false,1,17.90,7.1600,true,1,128518
8009915008950,false,מיני גריסיני ללא גלו,מולינו דה פירו,,מיני גריסני ללג עם רוזמרין 250 גרם,גרמים,250.00,100 גרם,false,1,17.90,7.1600,true,1,128493
8010024006010,false,חמאת שקדים השקד 100%,תות תעשיות מזון (201,IT,חמאת שקדים,גרמים,350.00,100 גרם,false,1,42.90,12.2571,true,1,128946
8013108003509,false,בונ כרית מיקס שוקולד,CAFFAREL,IT,בונ כרית מיקס שוקולדים 160 ג CAFFAREL,גרמים,160.00,100 גרם,false,1,28.90,18.0625,true,1,29368
8013108003523,false,בונ קורנט אגוזי פיימ,CAFFAREL,IT,בונ קורנט אגוזי פיימונטה 165 ג CAFFAREL,גרמים,165.00,100 גרם,false,1,28.90,17.5152,true,1,29370
8013108003530,false,בונ קורנט קרמיני 165,CAFFAREL,IT,בונ קורנט קרמיני 165 ג CAFFAREL,גרמים,165.00,100 גרם,false,1,28.90,17.5152,true,1,29371
8013108003547,false,בונ קורנט נוציולאטו,CAFFAREL,IT,בונ קורנט נוציולאטו 165 ג CAFFAREL,גרמים,165.00,100 גרם,false,1,28.90,17.5152,true,1,29369
8013108005312,false,בונ קורנט קרמיני מרי,Lindt & Spr?ngli AG,IT,בונ קורנט קרמינו מריר 165 ג CAFFAREL,גרמים,165.00,100 גרם,false,1,29.90,18.1212,true,1,36644
8013108005329,false,בונ קורנט פיימונטה מ,Lindt & Spr?ngli AG,IT,בונ קורנט פיימונטה מריר 165 ג CAFFAREL,גרמים,165.00,100 גרם,false,1,29.90,18.1212,true,1,36643
8016867002646,true,מגן תחתון ארוך במיוח,corman,IT,מגן תחתון ארוך במיוחד,Unknown,0.00,Unknown,false,1,19.90,0.0000,true,1,137840
8016867007023,false,אורגניק זון - צמרוני,CMC Gmbh,TR,"צימרונים מכותנה אורגנית, 200 יחידות",Unknown,0.00,Unknown,false,1,14.90,0.0000,true,1,124546
8016867007030,false,פדיות קוסמטיות,CMC Gmbh,TR,פדיות קוסמטיות - אורגניק ביוטי,לא מנהל יחידת מידה,0.00,לא מנהל יחידת מידה,false,1,14.90,0.0000,true,1,124547
8016867008945,false,מגן תחתון 24 באריזת,corman,IT,מגן תחתון 24 באריזת תפזורת,לא מנהל יחידת מידה,0.00,לא מנהל יחידת מידה,false,1,19.90,0.0000,true,1,124214
8016867008969,false,טמפונים עם מוליך סופ,ontex,DE,טמפון עם מוליך סופר 100% כותנה אורגנית,לא מנהל יחידת מידה,0.00,לא מנהל יחידת מידה,false,1,32.90,0.0000,true,1,124218
8016867008976,false,טמפונים עם מוליך רגו,ontex,DE,טמפון עם מוליך רוגלר 100% כותנה אורגנית,לא מנהל יחידת מידה,0.00,לא מנהל יחידת מידה,false,1,32.90,0.0000,true,1,124217
8016867009904,true,טמפון אורגניק סופר+,ontex,DE,"טמפונים ללא מוליך, סופר פלוס",לא מנהל יחידת מידה,0.00,לא מנהל יחידת מידה,false,1,29.90,0.0000,true,1,137842
8016867009911,false,טמפונים ללא מוליך סו,ontex,DE,טמפונים ללא מוליך סופר,לא מנהל יחידת מידה,0.00,לא מנהל יחידת מידה,false,1,29.90,0.0000,true,1,124216
8016867009928,false,טמפונים ללא מוליך רג,ontex,DE,"טמפונים ללא מוליך, רגולר",לא מנהל יחידת מידה,0.00,לא מנהל יחידת מידה,false,1,29.90,0.0000,true,1,124215
8016867009935,false,תחבושות דקות לזרימה,corman,IT,תחבושות דקות עם כנפיים לספיגה מוגברת.,לא מנהל יחידת מידה,0.00,לא מנהל יחידת מידה,false,1,29.90,0.0000,true,1,124220
8016867009942,false,תחבושות דקות לזרימה,corman,IT,תחבושות דקות עם כנפיים,לא מנהל יחידת מידה,0.00,לא מנהל יחידת מידה,false,1,29.90,0.0000,true,1,124219
8016867009959,true,תחתוניות אורגניות מק,corman,IT,מגן תחון 100% כותנה אורגנית,Unknown,0.00,Unknown,false,1,25.90,0.0000,true,1,137843
8017938005122,false,חומץ תפוחים אורגני 7,מריה לוצ'יה מלצ'יורי,IT,חומץ תפוחים אורגני 750 מל,מיליליטרים,750.00,"100 מ""ל",false,1,19.90,2.6533,true,1,126357
8017938005764,false,מיץ תפוחים אורגני 100% טבעי,לוצ'ה מריה,IT,נטור פוד מיץ תפוחים אורגני 100% טבעי 1 ליטר,ליטרים,1.00,ליטר,false,1,22.20,22.2000,true,1,127742
8019428009085,false,מעדן אורז אורגני שוק,The Bridge S.R.L,IT,זוג מעדן אורז אורגני שוקולד 130גרם,גרמים,260.00,100 גרם,false,1,10.90,4.1923,true,1,36730
8019428009108,false,מעדן שיבולת שועל אור,דה ברידג' ס.ר.ל,IT,מעדן שיבולת שועל אורגני -וניל 130*2 ג,גרמים,260.00,100 גרם,false,1,10.90,4.1923,true,1,36733
8019428009122,false,מעדן שיבולת שועל אור,דה ברידג' ס.ר.ל,IT,מעדן שיבולת שועל אורגני - שוקולד 130*2 ג,גרמים,260.00,100 גרם,false,1,10.90,4.1923,true,1,36732
8022470213386,true,דרגה שקד חלב 500 ג,,,דרגה שקד חלב 500 ג,Unknown,0.00,Unknown,false,1,35.90,0.0000,true,1,137882
8022470213393,true,דרגה שקד מריר 500 ג,,,דרגה שקד מריר 500 ג,Unknown,0.00,Unknown,false,1,35.90,0.0000,true,1,137883
8022470213416,true,דרגה לוז חלב 500 ג,,,דרגה לוז חלב 500 ג,Unknown,0.00,Unknown,false,1,35.90,0.0000,true,1,137884
8022470213423,true,דרג לוז מריר 500ג,,,דרג לוז מריר 500ג,Unknown,0.00,Unknown,false,1,35.90,0.0000,true,1,137885
8022470213478,true,דרגה דודבן חלב 500ג,,,דרגה דודבן חלב 500ג,Unknown,0.00,Unknown,false,1,35.90,0.0000,true,1,137886
8022470213515,true,דרגה צימוק מריר 500ג,,,דרגה צימוק מריר 500ג,Unknown,0.00,Unknown,false,1,29.90,0.0000,true,1,137888
8022470213522,true,דרזה לבן צימוקים,,,דרזה לבן צימוקים,Unknown,0.00,Unknown,false,1,29.90,0.0000,true,1,6688
8022470213546,true,דרגה בוטן מריר 500ג,,,דרגה בוטן מריר 500ג,Unknown,0.00,Unknown,false,1,29.90,0.0000,true,1,6689
8022470226348,false,MAX דרגה פקאן מריר 5,ITALIANA CONFETTI,BE,MAX דרגה פקאן מריר 500 ג PRISCO,גרמים,500.00,100 גרם,false,1,39.90,7.9800,true,1,29376
8022470226379,false,דרזה מקסטרים קשיו מר,ITALIANA CONFETTI-PR,BE,MAX דרגה קשיו מריר 500 ג PRISCO,גרמים,500.00,100 גרם,false,1,35.90,7.1800,true,1,29374
8022470226386,false,דרזה מקסטרים קשיו לב,ITALIANA CONFETTI-PR,BE,MAX דרגה קשיו לבן 500 ג PRISCO,גרמים,500.00,100 גרם,false,1,35.90,7.1800,true,1,29375
8022470245493,false,MAX PRISCOדרגה קוקוס,ITALIANA CONFETTI,IT,MAX PRISCOדרגה קוקוס בשוקולד חלב500גר,גרמים,500.00,100 גרם,false,1,29.90,5.9800,true,1,33295
8022470245561,false,MAX PRISCOדרגה גינגר,ITALIANA CONFETTI,IT,MAX PRISCOדרגה גינגר בשוקולד מריר 500גר,גרמים,500.00,100 גרם,false,1,29.90,5.9800,true,1,33294
8022470253122,false,MAX PRIדרגה אגוז מלך,ITALIANA CONFETTI,IT,MAX PRIדרגה אגוז מלך שוקולד מריר 500גרם,גרמים,500.00,100 גרם,false,1,35.90,7.1800,true,1,33297
8022470253139,false,MAX PRIדרגה אגוז מלך,ITALIANA CONFETTI,IT,MAX PRIדרגה אגוז מלך שוקולד לבן500גרם,גרמים,500.00,100 גרם,false,1,35.90,7.1800,true,1,33299
8023492000091,true,סטיק גנדויה חלב אגוז,,,סטיק גנדויה חלב אגוז,Unknown,0.00,Unknown,false,1,15.90,0.0000,true,1,137897
8023492000237,false,סטיק נוגט טורונה עם,Dg3 dolciaria,IT,סטיק נוגט טורונה עם שקדים ופיסטוקים 150 ג DG3,גרמים,150.00,100 גרם,false,1,15.90,10.6000,true,1,36623
8023492000336,true,סטיק שוקולד מריר אגו,,,סטיק שוקולד מריר אגו,Unknown,0.00,Unknown,false,1,15.90,0.0000,true,1,137898
8023492000695,false,סטיק שוקולד גנדויה ע,Dg3 dolciaria,IT,סטיק שוקולד גנדויה עם אגוזים ופולי קפה 150 ג DG3,גרמים,150.00,100 גרם,false,1,15.90,10.6000,true,1,36624
8023492003665,false,סטיק שוקולד גנדויה ע,Dg3 dolciaria,IT,סטיק שוקולד גנדויה עם אגוזים וצימוקים 150 ג DG3,גרמים,150.00,100 גרם,false,1,15.90,10.6000,true,1,36625
8023492004327,false,סטיק נוגט טורונה עם,Dg3 dolciaria,IT,סטיק נוגט טורונה עם אגוזי לוז 150 ג DG3,גרמים,150.00,100 גרם,false,1,15.90,10.6000,true,1,36622
8023492004341,false,סטיק גיאנדויה חלב עם,Dg3 dolciaria,IT,סטיק גיאנדויה חלב עם פיסטוקים ושקדים 150 ג DG3,גרמים,150.00,100 גרם,false,1,15.90,10.6000,true,1,36627
8023492004495,false,טבלאות שוקולד חלב עם,Dg3 dolciaria,IT,טב שוק חלב עם אגוזי לוז 225 ג DG3,גרמים,225.00,100 גרם,false,1,13.90,6.1778,true,1,36618
8023492004501,false,שוקולד מריר אגוזי לו,Dg3 dolciaria,IT,טב שוק מריר עם אגוזי לוז 225 ג DG3,גרמים,225.00,100 גרם,false,1,13.90,6.1778,true,1,36619
8023492004518,false,שוקולד מריר עם שקדים,Dg3 dolciaria,IT,טב שוק מריר עם שקדים 225 ג DG3,גרמים,225.00,100 גרם,false,1,13.90,6.1778,true,1,36621
8023492004525,false,שוקולד מריר עם חמוצי,Dg3 dolciaria,IT,טב שוק מריר עם חמוציות 225 ג DG3,גרמים,225.00,100 גרם,false,1,13.90,6.1778,true,1,36620
8024985002783,true,מחית סמוזי גזר דלעת,נטורה נובה,IT,מחית סמוזי גזר דלעת 100 גרם,גרמים,100.00,100 גרם,false,1,6.50,6.5000,true,1,139031
8024985002912,false,סמוזי נטורה נובה תפו,נטורה נובה,IT,סמוזי תפוח אגס בטטה אורגני נטורה 100 גרם,גרמים,100.00,100 גרם,false,1,6.50,6.5000,true,1,12434
8024985002943,false,סמוזי נטורה נובה תפו,נטורה נובה,IT,סמוצ'י תפוח אננס קוקוס אורגניים,גרמים,100.00,100 גרם,false,1,6.50,6.5000,true,1,14669
8024985002950,false,נטורה נובה סמוזי שזי,נטורה נובה,IT,סמוצ'י תפוח בננה תרד אורגניים,גרמים,100.00,100 גרם,false,1,6.50,6.5000,true,1,14668
8024985002967,false,סמוזי נטורה בננה תרד,נטורה נובה,IT,נטורה נובה סמוזי בננה תרד 100 גרם,גרמים,100.00,100 גרם,false,1,6.50,6.5000,true,1,14670
8024985003988,false,סמוצ'י בטעם תפוח בננה אורגני,נטורה נובה Natura Nuova,IT,סמוצ'י תפוח בננה אורגניים 100 גרם,גרמים,100.00,100 גרם,false,1,6.50,6.5000,true,1,127580
8024985004282,true,סמוזי אגס - רביעייה,נטורה נובה,IT,נטורה נובה מארז סמוצ'י אגסים אורגניים 400 גרם,גרמים,400.00,100 גרם,false,1,21.90,5.4750,true,1,137899
8024985004305,false,סמוזי נטורה נובה תפו,נטורה נובה,IT,נטורה נובה מארז סמוצ'י תפוחים אורגניים 400 גרם,גרמים,400.00,100 גרם,false,1,21.90,5.4750,true,1,137901
8024985004695,false,סמוזי נטורה נובה בננ,נטורה נובה,IT,מארז סמוצ'י תפוח בננה אורגניים,גרמים,400.00,100 גרם,false,1,21.90,5.4750,true,1,137902
8024985005234,false,סמוזי תפוח אפרסק מנג,נטורה נובה,IT,סמוצ'י תפוח אפרסק מנגו אורגניים 100 גרם,גרמים,100.00,100 גרם,false,1,6.50,6.5000,true,1,128599
8024985005296,true,מחית סמוזי אגס בננה,נטורה נובה,IT,סמוצ'י אגס בננה תפוח וקינואה 120 גרם,גרמים,120.00,100 גרם,false,1,6.90,5.7500,true,1,137903
8024985005302,true,נטורה נובה סמוזי תפ,נטורה נובה,IT,סמוצ'י תפוח רימון פטל אוכמניות ואסאי 120 גרם,גרמים,120.00,100 גרם,false,1,6.90,5.7500,true,1,137904
8024985008037,false,סמוזי נטורה נובה תפו,"נטורפוד בע""מ",IT,סמוצ'י תפוחים אורגניים 100 גרם,גרמים,100.00,100 גרם,false,1,6.50,6.5000,true,1,126838
8024985008044,false,סמוזי נטורה נובה אגס,"נטורפוד בע""מ",IT,סמוצ'י אגסים אורגניים 100 גרם,גרמים,100.00,100 גרם,false,1,6.50,6.5000,true,1,126837
8024985008051,false,סמוצ'י בטעם פירות אדומים,נטורה נובה Natura Nuova,IT,סמוצ'י פירות אדומים אורגניים 100 גרם,גרמים,100.00,100 גרם,false,1,6.50,6.5000,true,1,126836
8024985011204,false,נטורה נובה סמוזי תפ,נטורה נובה,IL,נטורה נובה - סמוזי תפוח תות בננה 100 גרם,גרמים,350.00,100 גרם,false,1,5.90,1.6857,true,1,35446
8032685196800,false,עגבניות אורגניות מרוסקות Solania,פתח תקווה,IT,עגבניות אורגניות מרוסקות סולוניה 720 גרם,גרמים,720.00,100 גרם,false,1,12.90,1.7917,true,1,125075
8032804430440,false,אטריות כוסמת אורגניות ללא גלוטן,אף.סי תבליני בגליל ב,IT,פליסיה קופסא – ספגטי כוסמת אורגני 400גר,גרמים,400.00,100 גרם,false,1,19.90,4.9750,true,1,137914
8032804430471,false,פסטה פליסיה סדניני ע,אף.סי תבליני בגליל ב,IT,פסטה מקמח עדשים אדומות פליסיה 250 גרם,גרמים,250.00,100 גרם,false,1,14.90,5.9600,true,1,129318
8032804430501,false,אטריות פוזילי אפונה ירוקה ללא גלוטן,אף.סי תבליני בגליל ב,IT,פסטה מקמח אפונה ירוקה פליסיה 250 גרם,גרמים,250.00,100 גרם,false,1,14.90,5.9600,true,1,129317
8032804430761,false,לזניה עדשים צהובות ללא גלוטן,אף.סי תבליני בגליל ב,IT,לזניה עדשים צהובות אורגני פליסיה 250גרם,גרמים,250.00,100 גרם,false,1,18.90,7.5600,true,1,12422
8032804430785,false,ספגטי פליסיה עדשים צ,אף.סי תבליני בגליל ב,IT,ספגטי עדשים צהובות אורגני פליסיה 250גרם,גרמים,250.00,100 גרם,false,1,16.90,6.7600,true,1,12421
8032804430846,false,חומוס אורגני בצורת א,אנדריאני,IT,100% חומוס אורגני בצורת אטריות 250 גרם,גרמים,250.00,100 גרם,false,1,15.90,6.3600,true,1,14678
8032804430914,false,פליסיה - פנה שיבולת,אף.סי תבליני בגליל ב,IT,פליסיה - פנה שיבולת שועל ללא גלוטן 340ג,גרמים,340.00,100 גרם,false,1,17.90,5.2647,true,1,21120
8032804430976,false,פליסיה ריגטוני שיבול,מולינו אנדריאני,IT,אטריות אורגניות על בסיס שיבולת שועל,גרמים,340.00,100 גרם,false,1,17.90,5.2647,true,1,21121
8032804431287,true,ספגטי אורז מלא-פליסי,אף.סי תבליני בגליל ב,IT,ספגטי אורז מלא-פליסי,Unknown,0.00,Unknown,false,1,15.90,0.0000,true,1,137919
8032804432024,true,לזניה אורז תירס אורג,אף.סי תבליני בגליל ב,IT,לזניה אורז תירס אורגני 250 גרם,גרמים,250.00,100 גרם,false,1,19.90,7.9600,true,1,137923
8032804432031,true,פסטה פנה אורז מלא או,אף.סי תבליני בגליל ב,IT,אטריות אורז מלא אורגניות ללא גלוטן 340 גרם,גרמים,340.00,100 גרם,false,1,13.90,4.0882,true,1,139032
8032804435636,true,פסטה פוזילי 4 דגנים,מולינו אנדריאני,IT,פסטה פוזילי 4 דגנים ללא גלוטן 340 גרם,גרמים,340.00,100 גרם,false,1,13.90,4.0882,true,1,139033
8032880800243,false,פיקניק הפתעה 50 גרם-איגוד רבנים,"הוסטה איטליה, ס.ר.ל.",IT,פיקניק הפתעה - אגוזי לוז ומקלות אפויים,גרמים,50.00,100 גרם,false,1,10.50,21.0000,true,1,123054
8033020445973,false,קמח 00 Antigrumi לכל,פיווטי Pivetti,IT,"קמח\ Antigrumi 1 ק""ג PIVETTI",קילוגרמים,1.00,"ק""ג",false,1,7.90,7.9000,true,1,21712
8033020445980,false,"קמח לפסטה 1 pasta fresca ק""ג 00 PIVETTI",PIVETTI,IT,"קמח לפסטה 1 pasta fresca ק""ג 00 PIVETTI",קילוגרמים,1.00,"ק""ג",false,1,12.90,12.9000,true,1,21715
8033020445997,false,"קמח איטלקי ללחמים 1 ק""ג 0 PIVETTI",PIVETTI,IT,"קמח איטלקי ללחמים 1 ק""ג 0 PIVETTI",קילוגרמים,1.00,"ק""ג",false,1,11.50,11.5000,true,1,21714
8033020446000,false,"קמח איטלקי לפיצה ופוקצה 1 ק""ג 00 PIVETTI",פיווטי Pivetti,IT,"קמח איטלקי לפיצה ופוקצה 1 ק""ג 00 PIVETTI",קילוגרמים,1.00,"ק""ג",false,1,10.90,10.9000,true,1,21713
8033102690062,false,עוגיות וישנזי במילוי,קריות זול,IT,וישנזי עוגיות במילוי קרם שוקולד 150 ג VICENZI,גרמים,150.00,100 גרם,false,1,11.90,7.9333,true,1,36649
8033102690079,false,עוגיות וישנזי במילוי,קריות זול,IT,וישנזי עוגיות במילוי קרם אגוזי לוז 150 ג VICENZI,גרמים,150.00,100 גרם,false,1,11.90,7.9333,true,1,36647
8033102690086,false,וישנזי עוגיות במילוי,Vicenzi S.p.A.,IT,וישנזי עוגיות במילוי קרם לימון 150 ג VICENZI GRIS,גרמים,150.00,100 גרם,false,1,11.90,7.9333,true,1,36650
8033275522368,false,יין מונטרו קיאנטי כש,סרסטר,IT,קיאנטי,מיליליטרים,750.00,"100 מ""ל",false,1,49.90,6.6533,true,1,21730
8034097876325,false,פנדורו קלאסיק 700 גר,BAULI,IT,פנדורו קלאסיק 700 גרם,גרמים,700.00,100 גרם,false,1,59.90,8.5571,true,1,38390
8034097876424,false,פנתוני קלאסיק 700 גר,BAULI,IT,פנתוני קלאסיק 700 גרם,גרמים,700.00,100 גרם,false,1,59.90,8.5571,true,1,38392
8052440756216,false,שמן חמניות אורגני נט,תות תעשיות מזון (201,IT,נטורפוד שמן חמניות אורגני בכבישה קרה 1 ליטר,ליטרים,1.00,ליטר,false,1,34.90,34.9000,true,1,126366
8052440756315,false,שמן קנולה אורגני נטו,תות תעשיות מזון (201,IT,נטור פוד שמן קנולה אורגני בכבישה קרה 1 ליטר,ליטרים,1.00,ליטר,false,1,34.90,34.9000,true,1,126365
8076800195019,false,ברילה - צ.א ספגטי מס1 קפליני 500 גרם,ברילה גי.אי.אר פרטלי,IT,ברילה קפליני ספגטי מס' 1 500 גרם,גרמים,500.00,100 גרם,false,1,6.90,1.3800,true,1,122126
8076800195033,false,ברילה - צ.א ספגטיני מס3 חדש 500 גרם,ברילה גי.אי.אר פרטלי,IT,ברילה ספגטי מספר 3 500 גרם,גרמים,500.00,100 גרם,false,1,6.90,1.3800,true,1,121331
8076800195057,false,ברילה - צ.א ספגטי מס5 חדש 500 גרם,ברילה גי.אי.אר פרטלי,IT,ברילה ספגטי מס' 5 500 גרם,גרמים,500.00,100 גרם,false,1,6.90,1.3800,true,1,121332
8076800195132,false,ברילה - צ.א בבטה מס13 500 גרם,ברילה גי.אי.אר פרטלי,IT,ברילה ספגטי בבטה מספר 13,גרמים,500.00,100 גרם,false,1,6.90,1.3800,true,1,121333
8076802085738,false,ברילה - צ.ק פנה רגטה חדש 500 גרם,ברילה גי.אי.אר פרטלי,IT,ברילה פנה רגטה מס 73 500 גרם,גרמים,500.00,100 גרם,false,1,6.90,1.3800,true,1,121334
8076802085837,false,ברילה - צ.ק טורטליוני מס83 500 גרם,הנסיך- מפעל לייצור ט,IT,פסטה ברילה טורטיליוני מס 83 500 גרם,גרמים,500.00,100 גרם,false,1,6.90,1.3800,true,1,121335
8076802085936,false,ברילה פסטה צ.ק. קונצילה ריגטה חדש,ברילה גי.אי.אר פרטלי,IT,ברילה פסטה פתיתים - קונצילה ריגטה 500 גרם,גרמים,500.00,100 גרם,false,1,6.90,1.3800,true,1,121336
8076802085981,false,ברילה - צ.ק פוזילי חדש 500 גרם,ברילה גי.אי.אר פרטלי,IT,ברילה פסטה פתיתים פוזילי 500 גרם,גרמים,500.00,100 גרם,false,1,6.90,1.3800,true,1,121337
8076808050440,true,ברילה מקרוני 44,גי. אי. אר. פרטלי ס.,IT,פסטה מקרוני 500 גרם,Unknown,0.00,Unknown,false,1,6.90,0.0000,true,1,2450
8076808060654,false,ברילה - צ.ק פרפלה חדש 500 גרם,ברילה גי.אי.אר פרטלי,IT,ברילה פסטה פתיתים פרפלה 500 גרם,גרמים,500.00,100 גרם,false,1,6.90,1.3800,true,1,121338
8076808070882,false,ברילה פסטה קנלוני 500ג',פאסטיפיקו ריגו אס.אר,IT,פסטה ברילה קנלוני מס 88 250 גרם,גרמים,250.00,100 גרם,false,1,14.90,5.9600,true,1,121339
8076808150072,false,ברילה - צ.א ספגטוני מס7 חדש 500 גרם,ברילה גי.אי.אר פרטלי,IT,ברילה ספגטי מספר 7 500 גרם,גרמים,500.00,100 גרם,false,1,6.90,1.3800,true,1,121340
8076809512268,false,ברילה - צ.ק גירנדולה חדש 500 גרם,ברילה גי.אי.אר פרטלי,IT,ברילה פסטה פתיתים- גירנדולה 500 גרם,גרמים,500.00,100 גרם,false,1,6.90,1.3800,true,1,121341
8076809513395,false,רוטב פסטה ברילה פורמודרו 400ג',ברילה גי.אי.אר פרטלי,IT,ברילה רוטב עגבניות קלאסי 400 גרם,גרמים,400.00,100 גרם,false,1,13.90,3.4750,true,1,121343
8076809513654,false,בסיס רוטב עגבניות לבולונז 400 ג' ברילה,ברילה גי.אי.אר פרטלי,IT,ברילה רוטב בסיס לפסטה בולונז 400 גרם,גרמים,400.00,100 גרם,false,1,13.90,3.4750,true,1,122127
8076809513692,false,רוטב פסטה ברילה נפוליטנה 400ג',ברילה גי.אי.אר פרטלי,IT,ברילה רוטב עגבניות עם ירקות שורש לפסטה 400 גרם,גרמים,400.00,100 גרם,false,1,13.90,3.4750,true,1,121344
8076809513739,false,רוטב פסטה ברילה בזיליקום 400 ג',ברילה גי.אי.אר פרטלי,IT,ברילה רוטב עגבניות עם בזיליקום לפסטה 400 גרם,גרמים,400.00,100 גרם,false,1,13.90,3.4750,true,1,122603
8076809514774,false,ברילה איטריות ביצים פפרדלה 250ג',ברילה גי.אי.אר פרטלי,IT,"פסטה ברילה פרפנדלה 250 גר """,גרמים,250.00,100 גרם,false,1,17.90,7.1600,true,1,121345
8076809523561,false,רוטב עגבניות עם עשבי תיבול 400 ג' ברילה,ברילה גי.אי.אר פרטלי,IT,ברילה רוטב טוסקנה לפסטה 400 גרם,גרמים,400.00,100 גרם,false,1,13.90,3.4750,true,1,123576
8076809523714,false,"פסטה ברילה טליאטלה, 500 ג'","ש. שסטוביץ בע""מ",IT,פסטה ברילה טליאטלה 500 גרם,גרמים,500.00,100 גרם,false,1,24.90,4.9800,true,1,122156
8076809523738,false,פסטה ברילה לזניה 500ג',ברילה גי.אי.אר פרטלי,IT,לזניה ברילה 500 גרם,גרמים,500.00,100 גרם,false,1,23.90,4.7800,true,1,121651
8076809529419,false,ספגטי מחיטה מלאה מס' 5 500 ג' ברילה,ברילה גי. אי. אר פרט,IT,ספגטי מחיטה מלאה 500 גרם,גרמים,500.00,100 גרם,false,1,13.90,2.7800,true,1,122640
8076809529433,false,ברילה פנטה רגטה מחיטה מלאה 500ג',"ש. שסטוביץ בע""מ",IT,פסטה ברילה פנה רגטה מחיטה מלאה 500 גרם,גרמים,500.00,100 גרם,false,1,13.90,2.7800,true,1,122641
8076809545440,false,אטריות ללא גלוטין ברילה 400ג',ברילה ג'.אי.אר פרטלי,IT,"ברילה אטריות על בסיס קמח תירס ללא גלוטן, 400 גרם",גרמים,400.00,100 גרם,false,1,14.90,3.7250,true,1,127689
8076809545464,false,פסטה ספירלי ללא גלוטין ברילה 400ג',מולינו אנדריאני אס.א,IT,ברילה פוזילי על בסיס קמח תירס ללא גלוטן 400 גרם,גרמים,400.00,100 גרם,false,1,14.90,3.7250,true,1,127691
8076809547956,false,ברילה - צ.ק קיפרי 500 גרם,ברילה ג'.אי.אר פרטלי,IT,פסטה ברילה קיפרי 500 גרם,גרמים,500.00,100 גרם,false,1,6.90,1.3800,true,1,23523
8076809576352,false,ברילה לזניה ללא גלוטן 250 ג',ברילה גי.אי.אר פרטלי,IT,ברילה לזניה ללא גלוטן 250 גרם,גרמים,250.00,100 גרם,false,1,22.90,9.1600,true,1,29906
8358110076302,false,כוסות לחיים 40 יחידות,"איטיליאן פוד, אס.פי.",IL,הנמל כוס לחיים 40 יח' 1oz,גרמים,0.00,100 גרם,false,1,9.90,0.0000,true,1,122241
8410076600622,false,חטיפי גרנולה Crunchy שיבולת שועל מלאה ושבבי שוקולד מריר,ג'נרל מילס סאן אדריא,ES,קראנצי שבבי שוקולד מריר 210 גר,גרמים,210.00,100 גרם,false,1,14.90,7.0952,true,1,126240
8410076601865,false,מארז חטיפי נייטצר וא,סאן אדריאן,ES,מארז חטיפי נייטצר ואלי דבש 420גרם 20,גרמים,420.00,100 גרם,false,20,24.90,5.9286,true,1,36750
8410076601872,false,מארז חטיפי נייטצר וא,סאן אדריאן,ES,מארז חטיפי נייטצר ואלי שוקולד 420 גרם,גרמים,420.00,100 גרם,false,20,24.90,5.9286,true,1,36751
8410076610379,false,נייטשר ואלי פרוטאין בוטנים ושבבי שוקולד 160 ג',סריילטו ספיין פודס,ES,מאג חטיף פרוטאין בוטנים ושבבי שוקולד120,גרמים,120.00,100 גרם,false,1,17.90,14.9167,true,1,128311
8410076610386,false,נייטשר ואלי פרוטאין בוטנים עם ציפוי בטעם קרמל מלוח 160 ג',סריילטו ספיין פודס,ES,נייטשר ואלי פרוטאין בוטנים בטעם קרמל מלוח,גרמים,120.00,100 גרם,false,1,17.90,14.9167,true,1,128407
8410076610492,false,סוויט אנד סולטי שוקולד מריר בציפוי חמאת בוטנים,יבואן ומשווק: ש. שסט,,נייטשר ואלי צ'ואי בוטנים בציפוי עם חמאת בטנים,גרמים,150.00,100 גרם,false,1,14.90,9.9333,true,1,128744
8410076610508,false,"נייטשר וואלי צ'ואי שוקולד מריר בוטנים ושקדים, חמישיה 5 * 30 גרם",נייצ'ר ואלי Nature Valley,,חטיף סוויט&סולטי שוקולד מריר בוטנים 150,גרמים,150.00,100 גרם,false,1,14.90,9.9333,true,1,128743
8410076620354,false,נייטשר וואלי חטיף נאט קרים ח.בוטנים 152ג',סרלטו סינטרה מזון בע,PT,"נאטור וואלי - שיבולת שועל וחמאת בוטנים, 152 גרם",גרמים,152.00,100 גרם,false,1,14.90,9.8026,true,1,129756
8410076621009,false,עוגות אישיות בטעם קרמל עם חתיכות בטעם קרמל מלוח,"גלאטס סירו בע""מ",ES,עוגות אישיות בטעם קרמל עם חתיכות בטעם קרמל מלוח,גרמים,120.00,100 גרם,false,1,14.90,12.4167,true,1,28079
8410076801067,false,חטיף נייטצר ואלי דבש,סאן אדריאן,ES,חטיף נייטצר ואלי דבש 21 גרם,גרמים,21.00,100 גרם,false,1,2.90,13.8095,true,1,36752
8410076801074,false,חטיף נייטצר ואלי שוק,סאן אדריאן,ES,חטיף נייטצר ואלי שוקולד 21 גרם,גרמים,21.00,100 גרם,false,1,2.90,13.8095,true,1,36753
8410104039134,false,"פיניש מנקה ומחדש מדיח 250מ""ל",הדקלאים אגודת שיתופי,PL,"מנקה מדיח כלים פיניש 250 מ""ל",מיליליטרים,250.00,"100 מ""ל",false,1,14.90,5.9600,true,1,121382
8410104045111,false,"פיניש מלח למדיח כלים 2ק""ג",פ.פ.ח. שאביט,IL,פיניש מלח למדיח כלים 2 קג,קילוגרמים,2.00,"ק""ג",false,1,14.90,7.4500,true,1,23963
8410109003208,false,VALORשוקולד חלב ללס,VALOR,ES,VALORשוקולד חלב ללס עם שקדים 150גרם,גרמים,150.00,100 גרם,false,1,19.90,13.2667,true,1,33287
8410109050882,false,VALOR שוקולד מריר 70,LAVDAS,GR,VALOR שוקולד מריר 70% קקאו ללס 100גרם,גרמים,100.00,100 גרם,false,1,13.90,13.9000,true,1,33277
8410109056532,false,VALOR שוקולד מריר מי,LAVDAS,ES,VALOR שוקולד מריר מילוי טרפלס ללס 100גרם,גרמים,100.00,100 גרם,false,1,13.90,13.9000,true,1,33278
8410109109825,false,שוקולד מריר עם חתיכו,LAVDAS,GR,שוקולד מריר עם חתיכות תפוז ללס 100גרם,גרמים,100.00,100 גרם,false,1,13.90,13.9000,true,1,33275
8410109109832,false,VALOR שוקולד מריר 85,LAVDAS,GR,VALOR שוקולד מריר 85% קקאו ללס 100גרם,גרמים,100.00,100 גרם,false,1,13.90,13.9000,true,1,33276
8410179100043,false,BORGES שמן זית כתית,בורחס אגריקולטורל וא,ES,"BORGES שמן זית כתית מעולה 750 מ""ל",מיליליטרים,750.00,"100 מ""ל",false,1,36.90,4.9200,true,1,137979
8410182420114,false,בצלצלי פנינה בחומץ ד,דליסיאס,,בצלצלי פנינה בחומץ 370 גרם,גרמים,370.00,100 גרם,false,1,11.90,3.2162,true,1,124119
8410342004796,false,שוקולד מריר 85% ללא סוכר טוראס 100ג',צ'יקולטס טוארס,ES,שוקולד מריר 85% ללא סוכר100 גרם,גרמים,100.00,100 גרם,false,1,17.90,17.9000,true,1,22324
8410342004994,false,"טוראס-שוקולד מריר שבבי קקאו חמוציות ללת""ס125ג",צ'יקולטס טוארס,ES,"שוקולד מריר שבבי חמוציות לל""ס",גרמים,100.00,100 גרם,false,1,17.90,17.9000,true,1,22990
8410376009392,false,ביסקוויט חיטה מלאה ל,גאלטס גלון סא,ES,ביסקוויט חיטה מלאה ללא סוכר 170 גרם,גרמים,170.00,100 גרם,false,1,12.70,7.4706,true,1,123470
8410376010701,false,גולון ביסקוויט מרי ללא סוכר 400 ג',תות תעשיות מזון (201,ES,גולון מריה בסקוויט ללא תוספת סוכר 400גרם,גרמים,400.00,100 גרם,false,1,16.90,4.2250,true,1,124305
8410376037784,false,גולון סנדוויץ שוקולד ללא סוכר 250 ג',תות תעשיות מזון (201,ES,ביסקוויט שוקו ללא סוכר גולון 250 גרם,גרמים,250.00,100 גרם,false,1,16.00,6.4000,true,1,125614
8410376042481,false,ביסקוויט קרם יוגורט 220ג',גלטס גולון,,ביסקוויט קרם יוגורט ל.סוכר,גרמים,220.00,100 גרם,false,1,21.90,9.9545,true,1,18139
8410743700303,false,קאווה פרלד החצי יבש,PERGALE,ES,"קאווה פרלד החצי יבש 750 מ""ל",מיליליטרים,750.00,"100 מ""ל",false,1,39.90,5.3200,true,1,34490
8410793262936,false,בירה ללא גלוטן אסטרי,"סי סי דאם, אס.אל, בר",ES,"דאורה דאם ללא גלוטן בקבוק בודד 330 מ""ל",מיליליטרים,330.00,"100 מ""ל",false,1,13.90,4.2121,true,1,125170
8410793263834,false,שישיית בירה דאורה דא,"סי סי דאם, אס.אל, בר",ES,"6 דאורה דאם ללא גלוטן 330 מ""ל",מיליליטרים,330.00,"100 מ""ל",false,6,69.90,21.1818,true,1,28758
8411277063049,false,קאווה גום סרה ברוט מ,ג'אום סרה,,"קאווה גום סרה ברוט מבעבע 750 מ""ל",מיליליטרים,750.00,"100 מ""ל",false,1,29.90,3.9867,true,1,1716
8411277205654,false,קאווה גום סרה זהב 75,ג'אום סרה,,"קאווה גום סרה זהב 750 מ""ל",מיליליטרים,750.00,"100 מ""ל",false,1,29.90,3.9867,true,1,1719
8411277350118,false,קאווה גום סרה חצי יב,ג'אום סרה,,"קאווה גום סרה חצי יבש 750 מ""ל",מיליליטרים,750.00,"100 מ""ל",false,1,29.90,3.9867,true,1,1717
8411320105108,false,פילה אנשובי בשמן זית,אורטיז,ES,פילה אנשובי בשמן זית צנצנת 95 גרם ORTI,גרמים,95.00,100 גרם,false,1,47.90,50.4211,true,1,20241
8412168002529,false,מחייה 13 משקה כוהלי בטעם לימונים,מנדלז סי.אר. פרודקשן,ES,מחייה 13 משקה אלכוהולי בטעם לימונים 700 מל,מיליליטרים,700.00,"100 מ""ל",false,1,54.90,7.8429,true,1,29449
8412168008903,false,מחייה 13 משקה כוהלי בטעם אשכולית אדומה,מנדלז סי.אר. פרודקשן,ES,מחייה 13 משקה כוהלי בטעם אשכולית אדומה 700 מל,מיליליטרים,700.00,"100 מ""ל",false,1,54.90,7.8429,true,1,29423
8413376022965,true,גבינת עיזים רכה 110,היחוס דה סאלבאדור אס,ES,"וילי פוד גבינת עיזים רכה 29% שומן, 110 גרם",גרמים,110.00,100 גרם,false,1,18.90,17.1818,true,1,11061
8420708012822,false,קשקבל צאן ספרדי בשלה,מיוצר עי קונדיטוריית,ES,קשקבל צאן בשלה 200 גר נני,גרמים,200.00,100 גרם,false,1,27.90,13.9500,true,1,126877
8423207206488,false,מרבה סלים דליס שוקולד חלב 120 גרם,אף.סי תבליני בגליל ב,ES,חטיף דגנים סלים דליס שוקולד חלב 120 גרם,גרמים,120.00,100 גרם,false,1,13.90,11.5833,true,1,126735
8423207206495,false,מרבה סלים דליס שוקולד מריר 120 גרם,אף.סי תבליני בגליל ב,ES,חטיף דגנים סלים דליס שוקולד מריר 120 גרם,גרמים,120.00,100 גרם,false,1,13.90,11.5833,true,1,126736
8423207207362,false,סלים דליס חטיף דגנים שוקולד לבן 120 ג',ביסנצ'ורי אס.אל.יו,ES,סלים דליס שוקולד לבן 120 גרם,גרמים,120.00,100 גרם,false,1,13.90,11.5833,true,1,126738
8423207208680,false,מרבה סלים דליס לילדים עם שוקולד חלב חדש,ביסנצ'ורי אס.אל.יו,ES,סלים דליס קידס חטיף דגנים מצופה שוקולד חלב 120 גר',גרמים,182.00,100 גרם,false,1,13.90,7.6374,true,1,127943
8423207208703,false,חטיף דגנים מצופה אקסטרה שוקולד מריר,ביסנצ'ורי אס.אל.יו,ES,סלים דליס חטיף דגנים שוקולד מריר 120 גרם,גרמים,182.00,100 גרם,false,1,13.90,7.6374,true,1,4125
8423371002312,false,סאליסול פיצוחים בפחי,סאליסול,ES,סאליסול פיצוחים בפחית בוטנים צילי 150 ג,גרמים,150.00,100 גרם,false,1,9.90,6.6000,true,1,34138
8423371002725,false,משפחתי קוקטייל מיקס,Unknown,ES,פיצוחים בפחית וקטייל מיקס 100גרם,גרמים,100.00,100 גרם,false,1,9.90,9.9000,true,1,25599
8423371002749,false,פיצוחים בפחית בוטנים,סאליסול,ES,סאליסול משפחתי בוטנים ושקדים מקורמלים,גרמים,135.00,100 גרם,false,1,9.90,7.3333,true,1,25826
8423371005085,false,משפחתי מיקס פיקנטי ס,Unknown,ES,פיצוחים בפחית מיקס פקנטי 100 גרם,גרמים,100.00,100 גרם,false,1,9.90,9.9000,true,1,25601
8423371007089,false,משפחתי בוטנים מלוחים,Unknown,ES,פיצוחים בפחית בוטנים בדבש 150 גרם,גרמים,150.00,100 גרם,false,1,9.90,6.6000,true,1,25602
8423453905739,false,מארז בירה ווילדר לאג,פונט סאלם וולנסיה ספ,ES,בירה ווילדר לאגר 4.5%,מיליליטרים,0.00,"100 מ""ל",false,1,33.90,0.0000,true,1,22145
8435495805168,false,"תינוקלין לכביסה לעור רגיש אולימפיק 1.25ק""ג",מולינו ניקולי s.p.a,TR,תינוקלין אבקת כביסה 1.25 קג,ליטרים,1.25,ליטר,false,1,26.90,21.5200,true,1,22661
8435495805199,false,"תינוקלין אבקת כביסה 3 ק""ג",מולינו ניקולי s.p.a,TR,תינוקלין אבקת כביסה 3 קג,Unknown,0.00,Unknown,false,1,49.90,0.0000,true,1,22658
8435495807605,false,תינוקלין - מרכך כביסה היפואלרגני 1 ליטר,מולינו ניקולי s.p.a,TR,תינוקלין מרכך כביסה מרוכז 1 ליטר,ליטרים,1.00,ליטר,false,1,19.90,19.9000,true,1,22657
8435495807636,false,ג'ל כביסה היפואלרגני 2 ל' תינוקלין,תינוקלין,TR,תינוקלין גל כביסה היפואלרגני 2 ליטר,ליטרים,2.00,ליטר,false,1,34.90,17.4500,true,1,22660
8436575292205,false,ארטיק חמשושים מאגדת 15*12 גר',שוורצקוף& הנקל דיסלד,IL,נסטלה חמשושים מאגדת חדש 6 15*12גרם,לא מנהל יחידת מידה,0.00,לא מנהל יחידת מידה,false,1,22.90,0.0000,true,1,13439
8593868006014,false,בירה בלו מון פחית 50,"איי, בי, אינבוו",CZ,"בירה בלומון 5.4% כוהל בפחית 500 מ""ל",מיליליטרים,500.00,"100 מ""ל",false,1,12.90,2.5800,true,1,28918
8594404005096,false,בירה קוזל פרימיום בק,פלזנסקי,CZ,"בירה קוזל פרימיום בקבוק 500 מ""ל",מיליליטרים,500.00,"100 מ""ל",false,1,12.90,2.5800,true,1,16755
8594404115115,false,בירה פילזנר אורקוול,פילזן,CZ,"בירה פילזנר אורקוול פחית 500 מ""ל",מיליליטרים,500.00,"100 מ""ל",false,1,11.90,2.3800,true,1,21452
8606018615827,false,גלידת וניל עם שברי עוגיות אוראו 480 ג',נסטלה,IL,פיינט אוראו 480גרם,גרמים,480.00,100 גרם,false,1,22.90,4.7708,true,1,35193
8606018615841,false,גלידת וניל עם ליבת שוקולד חלב 480 ג' מילקה,נסטלה,IL,פיינט מילקה וניל ליבת שוקולד 480גרם,גרמים,480.00,100 גרם,false,1,22.90,4.7708,true,1,35194
8606018615865,false,גלידת קרמל ליבת שוקולד 480 ג' מילקה,נסטלה,IL,פיינט מילקה קרמל ליבת שוקולד 480גרם,גרמים,480.00,100 גרם,false,1,22.90,4.7708,true,1,35195
8606109023593,false,מיץ פרוויטה תפוע ואג,,IL,מיץ פרוויטה תפוחי עץ ואגסים 750 מל,מיליליטרים,750.00,"100 מ""ל",false,1,11.90,1.5867,true,1,26274
8606109023609,false,מיץ פרוויטה תפוע ודו,,IL,מיץ פרוויטה תפוחי עץ ודובדבנים 750 מל,מיליליטרים,750.00,"100 מ""ל",false,1,11.90,1.5867,true,1,26275
8606109023623,false,מיץ פרוויטה תפוע ולי,,IL,מיץ פרוויטה תפוחי עץ ולימון ליים 750 מל,מיליליטרים,750.00,"100 מ""ל",false,1,11.90,1.5867,true,1,26277
8606109023647,false,מיץ פרוויטה תפוע וסל,,IL,מיץ פרוויטה סלק ותפוחי עץ 750 מל,מיליליטרים,750.00,"100 מ""ל",false,1,13.90,1.8533,true,1,26278
8681692200033,false,מייפוד לחתול בקר 1 ק,רקסי,TR,מייפוד לחתול בקר 1 קג,קילוגרמים,1.00,"ק""ג",false,1,22.90,22.9000,true,1,37404
8681692200040,false,רקסי בוגר לחתול 1 קג,,,רקסי בוגר לחתול 1 קג,קילוגרמים,1.00,"ק""ג",false,1,19.90,19.9000,true,1,38025
8681692200071,false,מייפוד כבש 15 קג לכל,רקסי,TR,מייפוד כבש 15 קג לכלבים,קילוגרמים,15.00,"ק""ג",false,1,129.90,8.6600,true,1,37406
8681692200095,false,מייפוד גורי חתול 1 ק,רקסי,TR,מייפוד גורי חתול 1 קג,קילוגרמים,1.00,"ק""ג",false,1,22.90,22.9000,true,1,37407
8682151530081,false,בונ מבחר שוקולדים יר,EGK GIDA ITHALAT IH,TR,בונ מבחר שוקולדים ירקרקה 405 ג FOREVA,גרמים,405.00,100 גרם,false,1,69.90,17.2593,true,1,36655
8682151530159,false,בונ לבנה עם מבחר שוק,EGK GIDA ITHALAT IH,TR,בונ לבנה עם מבחר שוקולדים 401 ג FOREVA,גרמים,401.00,100 גרם,false,1,69.90,17.4314,true,1,36653
8682151530241,false,בונ אדומה נפוליטנים,EGK GIDA ITHALAT IH,TR,בונ אדומה נפוליטנים שוקולדים חלב ומריר 465 ג FOREV,גרמים,465.00,100 גרם,false,1,64.90,13.9570,true,1,36656
8682151530326,false,בונ מבחר שוקולדים שי,SORINI-Holding Dolci,IT,בונ מבחר שוקולדים שיש לבנה 323 ג FOREVA,גרמים,323.00,100 גרם,false,1,54.90,16.9969,true,1,33316
8682151531637,false,בונ שחורה עם מבחר שו,EGK GIDA ITHALAT IH,TR,בונ שחורה עם מבחר שוקולדים 401 ג FOREVA,גרמים,401.00,100 גרם,false,1,69.90,17.4314,true,1,36654
8683130008355,false,מיונז הלמנס שום לחיץ 400*8 גר',יוניליוור ישראל שיוו,TR,הלמנס מיונז עם שום 400 גרם,גרמים,400.00,100 גרם,false,1,15.90,3.9750,true,1,33923
8683130008935,false,ממרח קטשיונז הלמנס ל,יוניליוור ישראל שיוו,TR,הלמנס ממרח קטשיונז 425 גרם,גרמים,425.00,100 גרם,false,1,15.90,3.7412,true,1,34751
8683323063024,false,ממתק בטעם תותי פרוטי בצורת שטיח,מוטקה החולב,TR,יוגוטה ממתק בטעם תותי פרוטי בצורת שטיח 220 גרם,גרמים,220.00,100 גרם,false,1,8.90,4.0455,true,1,128948
8690504081913,false,ביסקוויטים חיטה מלאה מצופה.,"אולקר ביסקווי סנאי,",TR,עוגיות טינס מצופה שוקולד חלב 150 גרם,גרמים,150.00,100 גרם,false,1,10.90,7.2667,true,1,1796
8690504081920,false,טינס מצופה שוקולד מריר 150ג',"אולקר ביסקווי סנאי,",TR,טינס מצופה שוקולד מריר 150 גרם,גרמים,150.00,100 גרם,false,1,10.90,7.2667,true,1,4967
8690504081937,false,טינס מצופה חלב וקפוצינו 150ג',"אולקר ביסקווי סנאי,",TR,טינס חלב וקפוצינו,גרמים,150.00,100 גרם,false,1,10.90,7.2667,true,1,4968
8690504153740,false,שוקולד מריר במילוי קרם בטעם שוקולד מריר,ביסקוט ביסקווי סילבר,TR,שוקולד מריר במילוי קרם בטעם גנאש שוקולד מריר,גרמים,86.00,100 גרם,false,1,13.90,16.1628,true,1,22714
8690504153849,false,שוקולד חלב במילוי קרם בטעם פרלין אגוזים,"אולקר מקבוצת פלאדיס,",TR,שוקולד חלב במילוי קרם בטעם פרלין אגוזים,גרמים,86.00,100 גרם,false,1,13.90,16.1628,true,1,22720
8690504156543,false,טבלת שוקלד חלב ממולא בקרם גנאש שוקולד חלב 88 גר',ביסקוט ביסקווי סילבר,TR,טבלת שוקולד חלב מעולה,גרמים,86.00,100 גרם,false,1,13.90,16.1628,true,1,23796
8690530015043,false,סלפאק מגבות מטבח שישיה 3 שכבות,איפק,,סלפאק נייר מגבת 6 גלילים,יחידה,6.00,יחידה,false,1,14.90,2.4833,true,1,37833
8690637073373,false,תה ארל גריי בטעם ברגמוט ליפטון 25 שקיקים,יונילוור - תורכיה,TR,"תה ליפטון תה שחור ארל גריי 2 גרם, 25 יחידות",גרמים,50.00,100 גרם,false,1,8.80,17.6000,true,1,9028
8690637505607,false,בדין אקסטרה מרכך כביסה בניחוח פינוק כחול,יוניליוור סנאיי וי ט,TR,"מרכך בדין אקסטרה פינוק קלאסי960 מ""ל",מיליליטרים,960.00,"100 מ""ל",false,1,19.90,2.0729,true,1,33019
8690637505614,false,"מרכך כביסה אקסטרא פינוק קוקוס 960 מ""ל בדין",יוניליוור סנאיי וי ט,TR,"בדין אקסטרא מרכך פינוק קוקוס 960 מ""ל",מיליליטרים,960.00,"100 מ""ל",false,1,19.90,2.0729,true,1,33020
8690637555084,false,"בדין - מרכך כביסה אקסטרה לבן 960 מ""ל",יוניליוור סנאיי וי ט,TR,בדין מרכך כביסה אקסטרה פריחת התפוז,מיליליטרים,960.00,"100 מ""ל",false,1,19.90,2.0729,true,1,123893
8690637704291,false,שמפו לשיקום אינטנסיבי לשיער פגום,יוניליוור טורקיה. אז,TR,דאב שמפו שיקום אינטנסיבי 600 מל,מיליליטרים,600.00,"100 מ""ל",false,1,21.90,3.6500,true,1,126825
8690637704376,false,שמפו יום יומי לשיער רגיל,יוניליוור טורקיה. אז,TR,דאב שמפו טיפוח יום יומי 600 מל,מיליליטרים,600.00,"100 מ""ל",false,1,21.90,3.6500,true,1,126826
8690637704390,false,"מרכך לשיער רגיל 600 מ""ל דאב",יוניליוור טורקיה. אז,TR,דאב מרכך שיער טיפוח יום יומי 600 מל,מיליליטרים,600.00,"100 מ""ל",false,1,21.90,3.6500,true,1,126827
8690637704413,false,מרכך לשיקום אינטנסיבי לשיער פגום,יוניליוור טורקיה. אז,TR,דאב מרכך לשיקום אינטנסיבי 600 מל,מיליליטרים,600.00,"100 מ""ל",false,1,21.90,3.6500,true,1,126828
8690637704437,false,שמפו עם שמני הזנה לטיפוח לשיער יבש,יוניליוור טורקיה. אז,TR,דאב שמפו בתוספת שמני הזנה 600 מל,מיליליטרים,600.00,"100 מ""ל",false,1,21.90,3.6500,true,1,126829
8690637704451,false,מרכך עם שמני הזנה לטיפוח לשיער יבש,יוניליוור טורקיה. אז,TR,דאב מרכך שיער בתוספת שמני הזנה 600 מל,מיליליטרים,600.00,"100 מ""ל",false,1,21.90,3.6500,true,1,126830
8690637799594,false,תה ירוק ליפטון נענע בסגנון מרוקאי 20יח',בסן בסין סנאיי וי טי,TR,תה ירוק בטעם מנטה בתוספת עלי נענע,גרמים,30.00,100 גרם,false,1,16.90,56.3333,true,1,128378
8690637835643,false,תה ליפטון ירוק לואיזה לימונית 20יח',יונילוור - תורכיה,TR,תה ליפטון תה ירוק לואיזה ולימונית 30 גרם,גרמים,30.00,100 גרם,false,1,16.90,56.3333,true,1,129627
8690637842399,false,מאגדת מגנום מיני דאבל פרי יער שוקולד 6 יח' נסטלה,יוניליוור סנאי וי סי,TR,מאגדת מיני מגנום 1/6 329 גרם דאבל פרי יע,גרמים,379.00,100 גרם,false,1,32.90,8.6807,true,1,1861
8690637858734,false,"סיף - ג'ל אקונומיקה לימון 750 מ""ל",יונילוור טורקיה,TR,"אקונומיקה פנטסטיק ג""ל 750 מ""ל",מיליליטרים,750.00,"100 מ""ל",false,1,10.90,1.4533,true,1,11227
8690637871245,true,הלמנס מיונז אמיתי לח,יוניליוור גידה סאנ.,TR,הלמנס מיונז אמיתי לחיץ 395 גר,גרמים,395.00,100 גרם,false,1,13.90,3.5190,true,1,19725
8690637890666,false,מאגדת מגנום מיני דאבל פיסטוק 6 יח' שטראוס,יוניליוור סנאיי וי ט,TR,מאגדת מיני מגנום 1/6 329 גרם דאבל פיסטוק,גרמים,282.00,100 גרם,false,1,32.90,11.6667,true,1,13829
8690637935701,false,"בדין אקסטרה פריחת הדובדבן ושקדים 960 מ""ל",יוניליוור סנאיי וי ט,TR,Badin מרכך כביסה 960 ML,מיליליטרים,960.00,"100 מ""ל",false,1,19.90,2.0729,true,1,22736
8690637946301,false,"בדין - מרכך כביסה אקסטרא בייביי כחול 960 מ""ל",יוניליוור סנאיי וי ט,TR,Badin מרכך כביסה 960 ML,מיליליטרים,960.00,"100 מ""ל",false,1,19.90,2.0729,true,1,25177
8690637946318,false,"בדין מרכך כביסה אקסטרא בייבי צהוב 960מ""ל",יוניליוור סנאיי וי ט,TR,Badin מרכך כביסה 960 ML,מיליליטרים,960.00,"100 מ""ל",false,1,19.90,2.0729,true,1,25178
8690637971310,false,"מרכך כביסה אקסטרה בניחוח יערת הדבש 960 מ""ל בדין",יוניליוור סנאיי וי ט,TR,בדין אקסטרה מרכך כביסה יערת הדבש 960 מל,מיליליטרים,960.00,"100 מ""ל",false,1,19.90,2.0729,true,1,28500
8690637989612,false,מאגדת מגנום מיני דאבל דולצ'ה גולד 246 ג',יונילוור סנאיי וי טי,TR,מגנום מיני דאבל דולצה גולד 246גרם,גרמים,246.00,100 גרם,false,1,32.90,13.3740,true,1,29895
8690766156367,false,שוקולד גודייבה חלב מעולה 90 גר,"אולקר מקבוצת פלאדיס,",TR,טבלת שוקולד חלב מעולה,גרמים,90.00,100 גרם,false,1,14.90,16.5556,true,1,23413
8690766156374,false,שוקולד גודייבה מריר 72% מוצרי קקאו 90 גר,"אולקר מקבוצת פלאדיס,",TR,טבלת שוקולד מריר מעולה 72% מוצקי קקאו,גרמים,90.00,100 גרם,false,1,14.90,16.5556,true,1,23416
8690766156381,false,שוקולד גודייבה מריר מעולה 90% קקאו 90 גר,"אולקר מקבוצת פלאדיס,",TR,טבלת שוקולד מריר מעולה 90% מוצקי קקאו,גרמים,90.00,100 גרם,false,1,14.90,16.5556,true,1,23414
8690766156398,false,שוקולד חלב מעולה בתוספת שברי שקדים קלויים דבש ומלח 90ג',"אולקר מקבוצת פלאדיס,",TR,שוקולד חלב מעולה בתוספת שברי שקדים קלויי,גרמים,90.00,100 גרם,false,1,14.90,16.5556,true,1,26582
8690766156404,false,שוקולד מריר מעולה גודייבה תפוז אדום 90 גרם,גודייבה,TR,שוקולד מריר מעולה בטעם תפוז אדום,גרמים,90.00,100 גרם,false,1,14.90,16.5556,true,1,26581
8690766156411,false,שוקולד מריר מעולה בטעם פלפל ורוד עם חתיכות תות מסוכר 90ג',"אולקר מקבוצת פלאדיס,",TR,טבלאת שוקולד גודאייבה מריר בטעם פלפל 90,גרמים,90.00,100 גרם,false,1,14.90,16.5556,true,1,23415
8690777203012,false,פלפל ירוק כבוש לא חריף סארה 600ג',יוליניבר,TR,פלפל ירוק כבוש לא חריף 600 גרם,גרמים,600.00,100 גרם,false,1,12.90,2.1500,true,1,10079
8690777204071,false,פלפלים כבושים - חריפים,יוליניבר,TR,פלפל חריף 640גרם SERA,גרמים,640.00,100 גרם,false,1,12.90,2.0156,true,1,123834
8690777206051,false,חצילים קלויים על האש סארה 650 גר',קוראהן פזלרמה וי דיס,TR,סרה חציל קלוי על האש 650 גרם,גרמים,650.00,100 גרם,false,1,12.90,1.9846,true,1,123359
8690777221405,false,פלפל אדום קלוי על האש סארה 650גרם,קוראהן פזלרמה וי דיס,TR,סרה פלפלים אדומים קלויים על האש 650 גרם,גרמים,650.00,100 גרם,false,1,12.90,1.9846,true,1,123835
8690784516662,false,גל לניקוי דאק עם אקו,אס.סי.גונסון,NL,דאק גל עם אקונומיקה,לא מנהל יחידת מידה,0.00,לא מנהל יחידת מידה,false,1,12.90,0.0000,true,1,9283
8690784611442,false,סבון מוצק לניקוי אסלה בניחוח הדרים בתוספת אקונומיקה,טואלט דאק Toilet Duck,PL,דאק מוצק אקטיבי עם אקונומיקה בניחוח הדרים,יחידה,1.00,יחידה,false,1,10.90,10.9000,true,1,21998
8690784614665,false,סבון דאק לניקוי אסלה בניחוח ים נתלה,טואלט דאק Toilet Duck,PL,דאק סבון מוצק לניקוי אסלה בניחוח ים 38.6 גרם,לא מנהל יחידת מידה,0.00,לא מנהל יחידת מידה,false,1,10.90,0.0000,true,1,9286
8690784614771,false,סבון דאק לניקוי אסלה בניחוח רענן נתלה,טואלט דאק Toilet Duck,PL,דאק סבון ניקוי אסלה בניחוח אורן,לא מנהל יחידת מידה,0.00,לא מנהל יחידת מידה,false,1,10.90,0.0000,true,1,9287
8691530924670,false,סירופ רימונים נטורסא,נטורסן,TR,סירופ רימונים נטורסאן 345 גרם,גרמים,345.00,100 גרם,false,1,19.90,5.7681,true,1,17945
8693323099107,true,מרשמלו לבבות,"אינסטנטה בע""מ",TR,יוגאוטה - מרשמלו בלבבות,Unknown,0.00,Unknown,false,1,8.90,0.0000,true,1,2463
8693357293991,false,מארז 6 יח כוס מים לו,,,מארז 6 יח כוס מים לונג 290 מל,יחידה,1.00,יחידה,false,1,29.90,29.9000,true,1,4694
8693495052931,false,זוג מברשות שיניים אדוונסט 360 לניקוי כל חלל הפה,קולגייט פלמוליב,CN,קולגייט זוג מברשות 360 אדוונס,מטרים,1.00,מטר,false,1,33.90,33.9000,true,1,20274
8694686405857,false,מיטו מזון לחתול 1 קג,,TR,מיטו מזון לחתול 1 קג,קילוגרמים,1.00,"ק""ג",false,1,22.00,22.0000,true,1,37487
8697418280111,false,"עלי טורטייה 25 ס""מ 8",רמירז,,"עלי טורטייה 25 ס""מ 840 גרם",גרמים,840.00,100 גרם,false,1,27.60,3.2857,true,1,19307
8697418280128,false,עלי טורטייה 12יח 540,מרום את קונפינו,,"עלי טורטייה 20 ס""מ 540 גרם",גרמים,540.00,100 גרם,false,1,22.70,4.2037,true,1,19308
8697418280180,false,"עלי טורטייה 15 ס""מ 3",פרינסס,,"עלי טורטייה 15 ס""מ 360 גרם",גרמים,360.00,100 גרם,false,1,18.60,5.1667,true,1,19305
8697418280333,false,שערות קדאיף מיובשות,פרנסס און וה,TR,שערות קדאיף 500 גרם,גרמים,500.00,100 גרם,false,1,22.90,4.5800,true,1,126787
8697418280487,false,עלי טורטייה עם קמח ת,פצקה אזורו,TR,עלי טורטייה עם קמח תירס,גרמים,540.00,100 גרם,false,1,21.90,4.0556,true,1,23886
8697480070177,false,פסטה מחיטת דורום ספגטי 400 ג' האופה Spaghetti,בסאן מקרנה,TR,פסטה ספגטי האופה 400 גרם,גרמים,400.00,100 גרם,false,1,4.50,1.1250,true,1,38148
8697480070207,false,פסטה מחיטת דורום מסולסלת 400 ג' האופה Fusilli,בסאן מקרנה,TR,פסטה מסולסלת האופה 400 גרם,גרמים,400.00,100 גרם,false,1,4.50,1.1250,true,1,38150
8697480070214,false,פסטה מחיטת דורום פנה Penne 400 ג' האופה,בסאן מקרנה,TR,פסטה פנה האופה 400 גרם,גרמים,400.00,100 גרם,false,1,4.50,1.1250,true,1,38151
8697530910743,false,סיגריות פאל מאל כחול קצר מטאליק,Unknown,,סיגריות פאל מל כחול חפיסה בודד,יחידה,1.00,יחידה,false,1,31.40,31.4000,false,1,123127
8697530910750,false,סיגריות פאל מאל כחול ארוך האוס,Unknown,,סיגריות פאל מל כחול ארוך חפיסה בודד,יחידה,0.00,יחידה,false,1,31.40,0.0000,false,1,123129
8697530910781,false,סיגריות פאל מאל אדום מטאליק,גלוברנדס,,סיגריות פאל מל אדום חפיסה בודד,יחידה,1.00,יחידה,false,1,31.40,31.4000,false,1,123131
8697659232733,false,"מבשם אריגים -פרש כותנה 425מ""ל",ATAK,TR,"מבשם אריגים פרש כותנה 425 מ""ל",מיליליטרים,425.00,"100 מ""ל",false,1,14.90,3.5059,true,1,21251
8697826469092,false,טורטיה קטנה 540 גר' 12יח,דין שיווק,TR,עלי טורטייה 540 גרם,גרמים,540.00,100 גרם,false,1,9.90,1.8333,true,1,34031
8710447224311,false,מרכך בוטניק בתוספת שמן קוקוס ואלוורה,יוניליוור פולין,PL,טרזמה בוטניק מרכך להזנה ולשיקום השיער,מיליליטרים,500.00,"100 מ""ל",false,1,23.00,4.6000,true,1,13281
8710447275306,true,קרם ידיים עם שמן אבו,"יוניליוור פולין, רחו",PL,דאב קרם ידיים אבוקדו ותמצית קלנדולה 75 מל,Unknown,0.00,Unknown,false,1,10.90,0.0000,true,1,14219
8710447275313,true,קרם ידיים עם שמן קוק,"יוניליוור פולין, רחו",PL,דאב קרם ידיים שמן קוקוס וחלב שקדים 75 מל,לא מנהל יחידת מידה,0.00,לא מנהל יחידת מידה,false,1,10.90,0.0000,true,1,14220
8710447320662,false,דאודורנט ספריי בניחוח אפרסק ולימון ללא אלומיניום,"פרמול איטליה, קומון",IT,DOVE דאו ספריי 50 ML,מיליליטרים,150.00,"100 מ""ל",false,1,17.90,11.9333,true,1,25171
8710502060021,false,עוגיות מאפין רכות 210 ג' מרבה פטיסרי,מרבה,NL,מרבה פטיסרי עוגיות מאפין רכות 200 גרם,גרמים,200.00,100 גרם,false,1,11.90,5.9500,true,1,36907
8710502064814,false,עוגיות שוקולד ציפס במרקם רך 175 ג',בנקטבקריי מרבה בי.וי,NL,מרבה עוגיות שוקולד צ'יפס במרקם רך 175 גרם,גרמים,225.00,100 גרם,false,1,9.90,4.4000,true,1,26761
8710502100864,false,עוגיות דאבל שוקולד 200 ג' מרבה פטיסרי,מרבה,NL,מרבה פטיסרי עוגיות דאבל שוקולד 200 גרם,גרמים,200.00,100 גרם,false,1,11.90,5.9500,true,1,36906
8710502139017,false,עוגיות מרבה טריפל שוקולד שוקוצ'יפס 180ג',בנקטבקריי מרבה בי.וי,NL,מרבה עוגיות טריפל שוקולד ציפס,גרמים,180.00,100 גרם,false,1,9.90,5.5000,true,1,124267
8710502194801,false,עוגיות שוקולד צ'יפס במרקם רך עם פירות יער,בנקטבקריי מרבה בי.וי,NL,מרבה עוגיות שוקולד צ'יפס במרקם רך עם פירות יער,גרמים,175.00,100 גרם,false,1,9.90,5.6571,true,1,128392
8710502231018,false,מרבה עוגיות שוקולד צ'יפס מיני 175 ג',"מרבה בע""מ",NL,מיני עוגיות מרבה ש ציפס 175 גרם,גרמים,175.00,100 גרם,false,1,9.90,5.6571,true,1,29425
8710502279010,false,מרבה עוגיות שוקולד צ'יפס מצופות שוקולד 175 ג',"מרבה בע""מ",NL,מרבה עוגיות שוקולד ציפס מצופות שוקולד,גרמים,175.00,100 גרם,false,1,9.90,5.6571,true,1,28575
8710502285509,false,מרבה - עוגיות לימון ושוקולד צ'יפס במרקם רך 175 גרם,בנקטבקריי מרבה בי.וי,NL,עוגיות מרבה לימון ושוקולד ציפס רך 175 גר,גרמים,175.00,100 גרם,false,1,9.90,5.6571,true,1,33948
8710502405204,false,מרבה עוגיות שוקוציפס ממולא קרם שוקולד 175ג',קריניציה ויטמינה אס,NL,מרבה עוגיות ממולאות קרם שוקולד,גרמים,175.00,100 גרם,false,1,9.90,5.6571,true,1,125022
8710502470028,false,עוגיות שוקולד צ'יפס ממולאות בקרם נוגט,קריניציה ויטמינה אס,NL,עוגיות שוקולד ציפס נוגטלי מרבה 160 גרם,גרמים,160.00,100 גרם,false,1,9.90,6.1875,true,1,124268
8710625282164,false,קוקטייל פור טו פינה,team products,NL,פינה קולדה קוקטייל פור 1 ליטר,ליטרים,1.00,ליטר,false,1,57.90,57.9000,true,1,20921
8710800027573,false,סוכריות מיני מנטוס פירות שקית 178ג',מנטוס Mentos,NL,מיני מנטוס שקית,גרמים,178.00,100 גרם,false,1,16.90,9.4944,true,1,18799
8710800961310,false,סוכריות מנטוס תות מארז 37.5X4ג',פרפטי ואן מלה ברדה,NL,מנטוס תות 1/4,גרמים,150.00,100 גרם,false,1,11.90,7.9333,true,1,121512
8710847962592,false,אקס ספריי פרש ברגמוט,ארנסט. רחוב קומבינצק,RU,אקס דאודורנט ספריי פינק פפר150 מל,מיליליטרים,150.00,"100 מ""ל",false,1,13.90,9.2667,true,1,25174
8710908326691,false,"דאב תחליב רחצה פיסטוק 750 מ""ל","יוניליוור גרמניה, gm",DE,דאב תחליב רחצה פרח האדמונית,מיליליטרים,750.00,"100 מ""ל",false,1,22.90,3.0533,true,1,128236
8710908404184,false,"דאב ספריי 0% אלומיניום אורגינל 150 מ""ל","פרמול איטליה, קומון",IT,DOVE דאו ספריי 150 ML,מיליליטרים,150.00,"100 מ""ל",false,1,17.90,11.9333,true,1,25170
8711200425990,false,חמאת בוטנים קאלווה ל,יוניקורן פיקלס,NL,חמאת בוטנים קאלווה ללא גלוטן חום,גרמים,350.00,100 גרם,false,1,19.90,5.6857,true,1,20761
8711200426034,false,חמאת בוטנים קאלווה ק,יוניקורן פיקלס,NL,חמאת בוטנים קאלווה קראנצי ללא גלוטן,גרמים,350.00,100 גרם,false,1,19.90,5.6857,true,1,20762
8711327475618,false,פיינט וניל קלאסיק 260 ג' מגנום,"מפעל גלידות בווספרם,",HU,מגנום גלידת שמנת בטעם וניל 440 מל,גרמים,260.00,100 גרם,false,1,25.90,9.9615,true,1,28646
8711327475663,false,מגנום פיינט וניל שוקולד לבן 440X8מל,"מפעל גלידות בווספרם,",HU,גלידת שמנת בטעם וניל עם שוקולד לבן,גרמים,260.00,100 גרם,false,1,25.90,9.9615,true,1,28645
8711327475717,false,מגנום פיינט וניל שקדים 440X8מל,"מפעל גלידות בווספרם,",HU,מגנום גלידת שמנת בטעם וניל עם שקדים 440 מל,גרמים,260.00,100 גרם,false,1,25.90,9.9615,true,1,28647
8711327475762,false,מגנום פיינט שוקולד לבן עוגיות 440X8מל,"מפעל גלידות בווספרם,",HU,מגנום גלידת שמנת שוקולד לבן ועוגיות 440 מל,גרמים,260.00,100 גרם,false,1,25.90,9.9615,true,1,28648
8711528211138,false,גבינה עזים הולנדית ה,הנרי ויליך,NL,גבינה עזים הולנדית הנרי ויליך 1קג,קילוגרמים,1.00,"ק""ג",true,,169.00,169.0000,true,1,9386
8711528211145,false,גבינה גאודה גלגל הנר,מולינו ניקולי s.p.a,NL,גבינה גאודה גלגל הנרי ויליך 1 קג,קילוגרמים,1.00,"ק""ג",true,,109.00,109.0000,true,1,35718
8712000050146,false,"בירה הייניקן 0% אלכהול 330 מ""ל -בודד","מבשלת היינקן, ריטבלד",NL,"בירה הייניקן ללא אלכוהול בקבוק 330 מ""ל",מיליליטרים,330.00,"100 מ""ל",false,1,6.90,2.0909,true,1,14269
8712000051099,false,"בירה הייניקן 0% אלכהול 330 מ""ל*6 יח'",פארייפאבה אגרואינדוס,NL,היינקן בירה לאגר ללא אלכוהול מארז שישייה,ליטרים,1.98,ליטר,false,1,34.90,17.6263,true,1,14268
8712400802499,false,תרכובת מזון המשך לפעוטות על בסיס חלב שלב 1,פרוטרופיק סיה.,NL,נוטרילון 1 800 גרם,גרמים,800.00,100 גרם,false,1,62.90,7.8625,true,1,124780
8712400802512,false,תרכובת מזון המשך לפעוטות על בסיס חלב שלב 2,פרוטרופיק סיה.,NL,נוטרילון שלב 800 2 גרם,גרמים,800.00,100 גרם,false,1,62.90,7.8625,true,1,124781
8712400802536,false,תרכובת מזון המשך לפעוטות על בסיס חלב שלב 3,פרוטרופיק סיה.,NL,נוטרילון 3- 800 גרם,גרמים,800.00,100 גרם,false,1,62.90,7.8625,true,1,124782
8712561594240,false,"דאב תחליב רחצה להזנה עמוקה500 מ""ל-מרכז","יוניליוור גרמניה, Gm",DE,"תחליב רחצה דאב להזנה עמוקה 500 מ""ל",מיליליטרים,500.00,"100 מ""ל",false,1,17.90,3.5800,true,1,9030
8712561594608,false,"דאב תחליב רחיצה להזנה עמוקה 750 מ""ל","יוניליוור גרמניה, Gm",DE,דאב תחליב רחצה להזנה עמוקה 750 מל,מיליליטרים,750.00,"100 מ""ל",false,1,22.90,3.0533,true,1,127460
8712561600026,false,סיף תרסיס לניקוי רב,יוניליוור,GB,סיף תרסיס לניקוי רב תכליתי עם אקונומיקה,ליטרים,450.00,ליטר,false,1,12.90,0.0287,true,1,36227
8712561611183,false,"דאב - תחליב רחצה תה ירוק ומלפפון 500 מ""ל","יוניליוור גרמניה, Gm",DE,"תחליב רחצה דאב מלפפונים 500 מ""ל",מיליליטרים,500.00,"100 מ""ל",false,1,17.90,3.5800,true,1,9820
8712561611411,false,תחליב רחצה מזין בניחוח מלפפון ותה ירוק,"יוניליוור גרמניה, Gm",DE,דאב תחליב רחצה מלפפון ותה ירוק 750 מל,מיליליטרים,750.00,"100 מ""ל",false,1,22.90,3.0533,true,1,127520
8714443620030,false,מרק ירקות אורגני 200,תות תעשיות מזון (201,NL,מרק ירקות,גרמים,200.00,100 גרם,false,1,31.90,15.9500,true,1,138261
8714599512159,false,קפה נמס ג'ייקובס 190 גר',"אל.אל.סי ""גייקובס דא",RU,גייקובס מגורען 190 גרם,גרמים,190.00,100 גרם,false,1,28.90,15.2105,true,1,34846
8714599513835,true,גייקובס נטול קופאין,אל.אל.סי גייקובס דאו,DE,גייקובס נטול קופאין,לא מנהל יחידת מידה,0.00,לא מנהל יחידת מידה,false,1,28.90,0.0000,true,1,138263
8714599513866,false,"ג'ייקובס קרוננג מיובש בהקפאה כשל""פ 200 ג'",אל.אל.סי גייקובס דאו,UA,"קפה גיקובס קרונונג נמס כשל""פ 200 גרם",גרמים,200.00,100 גרם,false,1,28.90,14.4500,true,1,127926
8714789177229,false,מברשת שיניים אקסטרה קלין מדיום - מארז רביעיה,הנסיך- מפעל לייצור ט,CN,מברשת שיניים אקסטרא קלין 4 יח,יחידה,1.00,יחידה,false,1,14.90,14.9000,true,1,122102
8714789218465,false,קולגייט מברשת שיניים 360 סופט זוג,הנסיך- מפעל לייצור ט,CN,זוג מברשות שיניים קולגייט 360 סופט,לא מנהל יחידת מידה,0.00,לא מנהל יחידת מידה,false,1,33.90,0.0000,true,1,122560
8714789303925,false,מברשת שיניים 360 Sensitive אקסטרא סופט - מארז זוג,קולגייט- פלמוליב,CH,קולגייט מב.שיניים 360 סנסטיב ז,Unknown,0.00,Unknown,false,1,33.90,0.0000,true,1,123195
8714789402918,false,נוזל לניקוי כללי ולרצפה בניחוח פרחי בר,הנסיך- מפעל לייצור ט,GR,"אג""קס חגיגת הפרחים אדום 1.5 ל """,ליטרים,1.50,ליטר,false,1,19.90,13.2667,true,1,123529
8714789450315,false,נוזל כלים בניחוח פריחת הלימון,הנסיך- מפעל לייצור ט,GR,פלמוליב נוזל לניקוי כלים בניחוח לימון 1.5 ליטר,ליטרים,1.50,ליטר,false,1,17.70,11.8000,true,1,127001
8714789582764,false,אג'קס ספריי לניקוי חלונות ומשטחים,"ש. שסטוביץ בע""מ",GR,"אגקס לניקוי חלונות טריגר 750 מ""ל",מיליליטרים,750.00,"100 מ""ל",false,1,15.90,2.1200,true,1,124885
8714789740058,false,קולגייט מברשת שיניים טוויסטר סופט זוג,הנסיך- מפעל לייצור ט,CN,קולגייט מברשת טוויסטר זוג סופט,יחידה,1.00,יחידה,false,1,18.90,18.9000,true,1,125310
8714789797786,false,נוזל כלים 4 ב- 1 מסיר כתמי אוכל,יבואן ומשווק: ש. שסט,GR,פלמוליב כלים גריס בלסטר 750 מל,מיליליטרים,750.00,"100 מ""ל",false,1,11.90,1.5867,true,1,125267
8714789930848,false,"משחת שיניים אופטיק וויט אינסטנט 75 מ""ל קולגייט",הנסיך- מפעל לייצור ט,PL,קולגייט משחת שיניים אופטיק הלבנה מיידית 75 מל,מיליליטרים,75.00,"100 מ""ל",false,1,23.90,31.8667,true,1,126413
8715035150300,false,"רוטב סויה קיקומן ללא גלוטן 250 מ""ל",קיקומן פודז יורופ בי,NL,רוטב סויה קיקומן ללא גלוטן 250 מל,מיליליטרים,250.00,"100 מ""ל",false,1,19.90,7.9600,true,1,13234
8715035520301,false,פונזו רוטב יפני מסורתי מבוסס על רוטב סויה ולימון,קיקומן פודז יורופ בי,NL,קיקומן פונזו רוטב יפני על בסיס סויה ולימן,מיליליטרים,250.00,"100 מ""ל",false,1,19.90,7.9600,true,1,14166
8715300238306,false,חמאה הולנדית פריקו,מחלבת אחיהוד,IL,חמאה הולנדית פריקו 200גרם,גרמים,200.00,100 גרם,false,1,13.90,6.9500,true,1,37953
8715700110141,false,מיונז קרמי היינץ צנצנת 460ג',ה.י.היינץ הולדינג בי,NL,SG היינץ מיונז צנצנת 460 גרם,גרמים,460.00,100 גרם,false,1,11.90,2.5870,true,1,129751
8715700110158,false,מיונז לייט היינץ צנצנת 490 גר',ה.י.היינץ הולדינג בי,NL,SG היינץ מיונז לייט צנצנת 490,גרמים,490.00,100 גרם,false,1,11.90,2.4286,true,1,129752
8715700419695,true,רוטב ברביקיו מתוק,ה.י.היינץ הולדינג בי,NL,היינץ רוטב ברביקיו מתוק 500 גרם,גרמים,500.00,100 גרם,false,1,17.90,3.5800,true,1,20378
8715700419732,false,מתבל עגבניות היינץ 7,ה.י. היינץ,NL,היינץ מתבל עגבניות 700 גרם,גרמים,700.00,100 גרם,false,1,9.90,1.4143,true,1,126384
8715700421322,true,רוטב ברביקיו צילי,ה.י היינץ הולדינג בי,NL,היינץ רוטב ברביקיו צ'ילי 490 גרם,יחידה,1.00,יחידה,false,1,17.90,17.9000,true,1,20377
8715700422473,false,ממרח מיונז ללא חומרים משמרים 395 ג' היינץ,היינץ Heinz,NL,היינץ ממרח לחיץ ללא חומרים משמרים,גרמים,395.00,100 גרם,false,1,15.90,4.0253,true,1,13140
8715700423906,false,קטשופ מתובל עגבניות 50% פחות סוכר 555ג' היינץ,היינץ צפון אמריקה מק,NL,היינץ מתבל עגבניות 50/50 550 גרם,גרמים,555.00,100 גרם,false,1,9.90,1.7838,true,1,129951
8715800321607,false,חם צוואר צבעוני פרוו,IMPOFIX,,חם צוואר צבעוני פרווה,לא מנהל יחידת מידה,0.00,לא מנהל יחידת מידה,false,1,19.90,0.0000,true,1,21054
8717038900579,false,וודקה מידנייט מלון ב,מפעל משקאות,,"וודקה מידנייט מלון בקבוק 750 מ""ל",מיליליטרים,750.00,"100 מ""ל",false,1,89.90,11.9867,true,1,501
8717038900586,false,וודקה מידנייט אסאי ב,מפעל משקאות,,"וודקה מידנייט אסאי בקבוק 750 מ""ל",מיליליטרים,750.00,"100 מ""ל",false,1,89.90,11.9867,true,1,499
8717163607305,false,סבון מוצק גרגירים 4 *100 ג' דאב,יוניליוור גרמניה (בו,DE,"דאב סבון מוצק עם גרגרים 400 גרם, 4 יחידות",גרמים,400.00,100 גרם,false,1,18.70,4.6750,true,1,121430
8717163655764,true,רקסונה דאודורנט ספרי,"קוסטר אירוסול, גבזה",TR,אקס דאודורנט ספריי שאוור פרש 150 מל,מיליליטרים,150.00,"100 מ""ל",false,1,18.90,12.6000,true,1,22214
8717163655825,true,רקסונה דאודורנט ספרי,"קוסטר אירוסול, גבזה",TR,אקס דאודורנט ספריי כותנה 150 מל,ליטרים,150.00,ליטר,false,1,18.90,0.1260,true,1,22215
8717163658314,true,תחליב רחצה דאב sensi,יוניליוור גרמניה Gmb,DE,תחליב רחצה דאב sensitive skin עם מים מיס,Unknown,0.00,Unknown,false,1,17.90,0.0000,true,1,14223
8717163842669,false,"דאב - תחליב רחצה חימר ירוק 500 מ""ל",יוניליוור גרמניה,DE,DOVE ג'ל רחצה 500 ML,מיליליטרים,500.00,"100 מ""ל",false,1,17.90,3.5800,true,1,22644
8717163842676,false,"דאב - תחליב רחצה חימר ורוד 500 מ""ל",יוניליוור גרמניה Gmb,DE,DOVE ג'ל רחצה 500 ML,מיליליטרים,500.00,"100 מ""ל",false,1,17.90,3.5800,true,1,22400
8717163947692,false,"אקס ג'ל רחצה לגבר פרש ברגמוט ופינק פפר 400 מ""ל","יוניליוור גרמניה, רח",DE,AXE ג'ל רחצה 400 ML,מיליליטרים,400.00,"100 מ""ל",false,1,14.90,3.7250,true,1,25176
8717677336616,false,טוניס שוקולד מריר+שקדים ומלח 180 גרם רבנות - נוכרי,אלפרד ריטר,NL,שוקולד מריר עם שקדים ומלח טוניס,גרמים,180.00,100 גרם,false,1,19.90,11.0556,true,1,34775
8717677336630,false,שוקולד חלב מעולה שקדים ודבש 180 גרם,אלפרד ריטר,NL,שוקולד חלב עם שקדים ודבש טוניס,גרמים,180.00,100 גרם,false,1,19.90,11.0556,true,1,34773
8717677336654,false,טוניס - שוקולד חלב מעולה עם שברי קרמל מלוח,קימס שוקולאטס,NL,שוקולד חלב מעולה עם שברי קרמל מלוח 180 ג,גרמים,180.00,100 גרם,false,1,19.90,11.0556,true,1,37753
8717677336661,false,טוניס שוקולד מריר מעולה 70% 180 גרם רבנות - נוכרי,אלפרד ריטר,NL,טוניס' שוקולונלי - שוקולד מריר מעולה 70%,גרמים,180.00,100 גרם,false,1,19.90,11.0556,true,1,34774
8717677338436,false,טוניס שוקולד חלב+אגוזי לוז 180 גרם רבנות - נוכרי,אלפרד ריטר,NL,שוקולד חלב עם אגוזי לוז קצוצים טוניס,גרמים,180.00,100 גרם,false,1,19.90,11.0556,true,1,34772
8718114724485,false,מיונז לחיץ הלמנס 705,יוניליוור,GB,מיונז הלמנס לחיץ 750 גרם,גרמים,750.00,100 גרם,false,1,23.90,3.1867,true,1,38335
8718158933584,false,קערת הגשה עץ 40X7 סמ,,,קערת הגשה עץ 40X7 סמ,יחידה,2.00,יחידה,false,1,99.00,49.5000,true,1,37932
8718692610828,false,בקבוקים צבעוניים סודה סטרים 1 ל' * 3 יח',סודהסטרים sodastream,,שלישיית בקבוקים 1 ליטר,לא מנהל יחידת מידה,0.00,לא מנהל יחידת מידה,false,1,59.90,0.0000,true,1,126122
8718951001602,false,"אגקס ספריי רב פעולות 600 מ""ל",הנסיך- מפעל לייצור ט,GR,אג'קס מסיר לכלוך ניקוי אבנית לניקוי כללי 600 מל,מיליליטרים,600.00,"100 מ""ל",false,1,12.90,2.1500,true,1,127395
8718951079205,true,מ.שיניים קולגייט סנס,הנסיך- מפעל לייצור ט,PL,קולגייט סנסיטיב פרו רליף ר.א.פ 75 מל,Unknown,0.00,Unknown,false,1,25.90,0.0000,true,1,138286
8718951093331,true,2 מבר.מרידול אקסטרה,קולגייט פלמוליב,,2 מבר.מרידול אקסטרה,Unknown,0.00,Unknown,false,1,33.90,0.0000,true,1,138287
8718951144064,true,מרידול פרדונט זוג,"ש. שסטוביץ בע""מ",,מרידול מברשת שיניים פרודונט אקספרט זוג,Unknown,0.00,Unknown,false,1,33.90,0.0000,true,1,138289
8718951159808,true,קולגייט 360 שלישיה,קולגייט - פלמוליב,CN,3 מברשות שיניים,Unknown,0.00,Unknown,false,1,33.90,0.0000,true,1,8316
8718951160897,false,תרסיס ניקוי אופטימל 7 מכיל אקונומיקה,קולגייט פלמוליב,GR,אג'קס ספריי אקנומיקה מנקה מחטא 500 מל,מיליליטרים,500.00,"100 מ""ל",false,1,12.90,2.5800,true,1,129444
8718951166288,false,משחת שיניים Max White קריסטלים לבנים,הנסיך- מפעל לייצור ט,PL,קולגייט משחת שיניים מקס וייט 125 מל,מיליליטרים,100.00,"100 מ""ל",false,1,15.90,15.9000,true,1,11701
8718951166561,false,משחת שיניים לרעננות מוגברת max fresh cooling crystals,הנסיך- מפעל לייצור ט,PL,קולגייט משחת שיניים מקס פרש COOL MINT 125 מל,מיליליטרים,125.00,"100 מ""ל",false,1,15.90,12.7200,true,1,11702
8718951167094,false,פלמוליב ציליאר תפוז וליים 1 ל',יבואן ומשווק: ש. שסט,GR,פלמוליב נוזל לניקוי כלים תפוז ליים 1 ליטר,ליטרים,1.00,ליטר,false,1,13.90,13.9000,true,1,129867
8718951170445,false,"קולגייט משחת שיניים סמיילס לילדים מגיל 2-5 50 מ""ל",קולגייט פלמוליב,PL,קולגייט סמיילס מ. שיניים לילדים 2-5 50 מ,מיליליטרים,50.00,"100 מ""ל",false,1,12.90,25.8000,true,1,10792
8718951176874,false,"קולגייט מי פה מיניון 250 מ""ל",קולגייט-פלמוליב,PL,"קולגייט מי פה מיניון 250 מ""ל",מיליליטרים,250.00,"100 מ""ל",false,1,15.90,6.3600,true,1,33075
8718951222779,false,"מרידול פור משחה לשיניים וחניכיים בריאות 75 מ""ל",קולגייט פלמוליב,PL,"מרידול פור משחת שיניים וחניכיים 75 מ""ל",יחידה,1.00,יחידה,false,1,24.90,24.9000,true,1,21635
8718951236790,false,"קולגייט טוטאל משחת שיניים קלין מינט לפה בריא 100 מ""ל",קולגייט Colgate,PL,"משחת שיניים קולגייט טוטל משפחתי 100 מ""ל",מיליליטרים,100.00,"100 מ""ל",false,1,17.90,17.9000,true,1,13990
8718951236806,false,"קולגייט טוטאל הלבנה להסרת כתמים מהשן 100 מ""ל",קולגייט Colgate,PL,משחת שיניים קולגייט,מיליליטרים,100.00,"100 מ""ל",false,1,17.90,17.9000,true,1,13989
8718951254527,false,משחת שיניים רגישות פרו רליף חוזק מוגבר,קולגייט Colgate,PL,קולגייט סנסיטיב פרו רליף חוזק מוגבר להקל,מיליליטרים,75.00,"100 מ""ל",false,1,25.90,34.5333,true,1,20266
8718951264618,false,"קולגייט אופטיק וייט פחם צ'רקול משחת שיניים, 75 מ""ל",קולגייט-פלמוליב,PL,"קולגייט אופטיק וייט פחם פעיל 75 מ""ל",מיליליטרים,75.00,"100 מ""ל",false,1,27.90,37.2000,true,1,23980
8718951289833,false,פלמוליב סבון מוצק לומינוס 4*90 ג',קולגייט פלמוליב,TR,פלמוליב סבון מוצק לומינוס 4*90 גרם,יחידה,1.00,יחידה,false,1,12.90,12.9000,true,1,22177
8718951296794,false,פלמוליב גל רחצה נורד,CP UK,IT,פלמוליב גל רחצה נורדיק האג 500מל,מיליליטרים,500.00,"100 מ""ל",false,1,19.90,3.9800,true,1,30594
8718951301139,false,תחליב רחצה פלמוליב ו,פלמוליב,TR,"פלמוליב ויטמין B ורימון 750 מ""ל",מיליליטרים,750.00,"100 מ""ל",false,1,21.90,2.9200,true,1,25743
8718951313927,false,"פלמוליב סבון ידיים חימר ואקליפטוס 300 מ""ל",פלמוליב Palmolive,TR,"פלמוליב סבון ידיים חימר טונוס 300 מ""ל",מיליליטרים,300.00,"100 מ""ל",false,1,9.90,3.3000,true,1,27183
8718951319806,false,פלמוליב לגבר ג'ל רחצה ושמפו מרענן 750 מל,פלמוליב Palmolive,TR,פלמוליב לגבר גל רחצה ושמפו פיור ארקטיק,מיליליטרים,750.00,"100 מ""ל",false,1,21.90,2.9200,true,1,22709
8718951333048,false,"פלמוליב סבון לידיים למטבח, 300 מ""ל",הנסיך- מפעל לייצור ט,IT,פלמוליב סבון ידיים למנרטל ריחות למטבח 300 מל,מיליליטרים,300.00,"100 מ""ל",false,1,9.90,3.3000,true,1,29812
8718951345119,false,"אג'קס לניקוי כללי עוצמת 7 היביסקוס, 2 ל'",הנסיך- מפעל לייצור ט,GR,נוזל לניקוי כללי ורצפות אג'קס 2 ליטר,ליטרים,2.00,ליטר,false,1,22.90,11.4500,true,1,28959
8718951381292,false,"משחת שיניים מקס דיטוקס פואם קולגייט 125 מ""ל",קולגייט Colgate,PL,"קולגייט מקס דיטוקס פואם 125 מ""ל",מיליליטרים,125.00,"100 מ""ל",false,1,15.90,12.7200,true,1,28958
8718951382640,false,פלמוליב גל רחצה חימר,קולגייט פלמוליב,TR,"פלמוליב גל רחצה חימר דיטוקס 750 מ""ל",מיליליטרים,750.00,"100 מ""ל",false,1,21.90,2.9200,true,1,27184
8718951382718,false,"פלמוליב ג'ל רחצה חימר התחדשות 750 מ""ל",קולגייט פלמוליב,TR,"פלמוליב גל רחצה חימר התחדשות 750 מ""ל",מיליליטרים,750.00,"100 מ""ל",false,1,21.90,2.9200,true,1,27185
8718951385290,false,אגקס לניקוי כללי כחול 2 ל',קולגייט פלמוליב,GR,נוזל לניקוי כללי ורצפות אג'קס 2 ליטר,ליטרים,2.00,ליטר,false,1,22.90,11.4500,true,1,28960
8718951391314,false,"טריגר אנטי בקטריאלי אגקס , 500 מ""ל",אג'קס Ajax,GR,אגקס טריגר אנטי בקטריאלי 500מל,מיליליטרים,500.00,"100 מ""ל",false,1,12.90,2.5800,true,1,32630
8718951409798,false,זוג מברשות שיניים מקס וויט פחם קולגייט,הנסיך- מפעל לייצור ט,CN,קולגייט מברשת מקס וויט פחם זוג,יחידה,1.00,יחידה,false,1,24.90,24.9000,true,1,30425
8718951415836,false,"מי פה פלאקס פחם קולגייט 500 מ""ל",קולגייט Colgate,PL,קולגייט מי פה פלאקס פחם 500 מל,מיליליטרים,500.00,"100 מ""ל",false,1,31.90,6.3800,true,1,30420
8718951433120,false,"קולגייט טוטאל ג'וניור 7-12 50 מ""ל",קולגייט פלמוליב,PL,מש.קולגייט טוטל לילד7-12 50 מל,מיליליטרים,50.00,"100 מ""ל",false,1,16.90,33.8000,true,1,37778
8718951443358,false,"סבון ידיים הגיינה פלמוליב מארז 3*300 מ""ל",CP UK,TR,פלמוליב סבון ידיים היגיינה שלישייה,יחידה,1.00,יחידה,false,1,24.90,24.9000,true,1,30483
8718951443396,false,"סבון ידיים חלב ודבש פלמוליב מארז 3*300 מ""ל",CP UK,TR,פלמוליב סבון ידיים חלב ודבש שלישייה,יחידה,1.00,יחידה,false,1,24.90,24.9000,true,1,30484
8718951466371,false,משחת שיניים מרידול 7,קריות זול,PL,מרידול משחת שיניים 75 מל,מיליליטרים,75.00,"100 מ""ל",false,1,19.90,26.5333,true,1,38049
8719128117232,false,סירופ פפסי סודה סטרי,סודה סטרים,IL,סירופ פפסי 440מל,מיליליטרים,440.00,"100 מ""ל",false,1,22.90,5.2045,true,1,30108
8719128117249,false,"סירופ פפסי מקס – 440 מ""ל",סודה סטרים,IL,סירופ פפסי מקס 440מל,מיליליטרים,440.00,"100 מ""ל",false,1,22.90,5.2045,true,1,30107
8719128117256,false,סירופ סבן אפ סודה סט,סודה סטרים,IL,סירופ סבן אפ 440מל,מיליליטרים,440.00,"100 מ""ל",false,1,22.90,5.2045,true,1,30109
8719128117263,false,"סירופ מירינדה – 440 מ""ל",סודה סטרים,IL,סירופ מירנדה 440מל,מיליליטרים,440.00,"100 מ""ל",false,1,22.90,5.2045,true,1,30111
8719128117294,false,"דיאט – 440 מ""ל 7UPסירופ",סודה סטרים,IL,סירופ דיאט סבן אפ 440מל,מיליליטרים,440.00,"100 מ""ל",false,1,22.90,5.2045,true,1,30110
8719200997998,false,מרגרינה למריחה בישול וטיגון 200 ג' בלו בנד,יוניליוור,IL,בלו בנד מרגרינה למריחה בישול וטיגון 200,גרמים,0.00,100 גרם,false,1,4.70,0.0000,true,1,22440
8719200998001,false,מרגרינה לאפיה ובישול בלי מלח 200 ג' בלו בנד,מיוצר עי קונדיטוריית,IL,בלו בנד עם מלח 200 גרם,גרמים,200.00,100 גרם,false,1,4.70,2.3500,true,1,22446
8719200998094,false,מרגרינה מזולה בטעם טבעי ללא תוספת מלח,"מיוצר ע""י יוניליוור",IL,מזולה מרגרינה בטעם טבעי ללא מלח לאפייה,גרמים,200.00,100 גרם,false,1,6.60,3.3000,true,1,22449
8719200998100,false,מרגרינה בטעם חמאה לאפייה 200 ג' מזולה,פארייפאבה אגרואינדוס,IL,מזולה מרגרינה בטעם חמאה לאפייה ובישול 20,יחידה,1.00,יחידה,false,1,6.60,6.6000,true,1,22450
8719987148675,false,כלי הגשה עגול קוטר 9,,,כלי הגשה עגול קוטר 9,יחידה,1.00,יחידה,false,1,11.90,11.9000,true,1,37933
8719987814266,false,סט תה קפה סוכר,,,סט תה קפה סוכר,יחידה,1.00,יחידה,false,1,59.90,59.9000,true,1,37940
8719987835339,false,סט 3 נרות זכוכית עיט,,,סט 3 נרות זכוכית עיט,יחידה,1.00,יחידה,false,1,21.90,21.9000,true,1,37941
8720181114489,false,"אקס - דאודורנט ספריי לגבר בלק 150 מ""ל",יוניליוור,GB,"ספריי אקס שחור 150 מ""ל",מיליליטרים,150.00,"100 מ""ל",false,1,13.90,9.2667,true,1,36356
8720182990396,false,תה ליפטון שחור קלאסי,ליפטון,GB,"תה ליפטון שחור קלאסיק, 180 גרם",גרמים,180.00,100 גרם,false,1,12.90,7.1667,true,1,38153
8721200060107,false,בקרסלנד סטרופ וופל ה,דה בנקט גרופ,,ופל בקרסלנד סטרופ 100 גרם,גרמים,100.00,100 גרם,false,1,12.90,12.9000,true,1,124148
8723400782520,false,מנטוס סוכריות לעיסה בתפזורת בטעם פירות 160 ג',קדבורי,NL,מנטוס סוכריות לעיסה בטעמי פירות 160 גרם,לא מנהל יחידת מידה,0.00,לא מנהל יחידת מידה,false,1,12.90,0.0000,true,1,12742
8723400782544,false,מנטוס סוכריות לעיסה בתפזורת בטעם מנטה 160 ג',פרפטי ואן מלה,NL,מנטוס תפזורת בשקית מנטה,לא מנהל יחידת מידה,0.00,לא מנהל יחידת מידה,false,1,12.90,0.0000,true,1,12745
8801055707966,false,קפה טייסטר צו'יס נס קפה בריסטה 180ג',נסטלה קוריאה - קפה,IL,נסקפה טייסטר צויס בריסטה 180 גרם,גרמים,180.00,100 גרם,false,1,32.90,18.2778,true,1,128322
8801055708772,false,קפה טייסטר צ'ויס 200גר+50גר' מארז,נסטלה קוריאה - קפה,IL,טייסטרס צויס מארז 8*200ג'+50ג',גרמים,250.00,100 גרם,false,1,31.90,12.7600,true,1,22541
8801055709427,false,נסקפה טייסטרס צ'ויס אלטה ריקה 100 ג',לוטה נסטלה קוריאה,KR,"קפה נמס טסטר צוייס אלטה ריקה, 100 גרם",גרמים,100.00,100 גרם,false,1,25.90,25.9000,true,1,33206
8801055709434,false,קפה נמס טייסטר צ'ויס קולומביה 100 גר',לוטה נסטלה קוריאה,KR,קפה נמס טסטר צוייס קולומביה100 גרם,גרמים,100.00,100 גרם,false,1,25.90,25.9000,true,1,33205
8802241131664,true,חטיף אצות ים,,,חטיף אצות ים,גרמים,195.00,100 גרם,false,1,22.90,11.7436,true,1,4758
8802241132821,false,חטיף אצות קלויות עם מלח 3 * 13.5 ג',"מאן גו'ן פוד בע""מ",,חטיף אצות 3 יח,גרמים,14.00,100 גרם,false,1,9.90,70.7143,true,1,4920
8809221350602,true,אקו-כרית למדיח כלים,,,אקו-כרית למדיח כלים,Unknown,0.00,Unknown,false,1,1.90,0.0000,true,1,138338
8815810002043,false,מחמם אוזניים ילדים,IMPOFIX,,מחמם אוזניים ילדים,לא מנהל יחידת מידה,0.00,לא מנהל יחידת מידה,false,1,19.90,0.0000,true,1,21053
8850161160851,false,מי קוקוס קוקו מקס 35,טויו סייקאן קו.אל.טי,TH,"קוקו מקס 100% מי קוקוס 350 מ""ל",מיליליטרים,350.00,"100 מ""ל",false,1,9.50,2.7143,true,1,21631
8850161167041,false,חלק קוקוס קוקו וואי,טויו טייקאן קו.אל.טי,TH,"קוקו וואי משקה קוקוס 270 מ""ל",מיליליטרים,270.00,"100 מ""ל",false,1,9.50,3.5185,true,1,21632
8850372000380,false,מקלוני שעועית תאילנדים 10 יח',,,מקלוני שעועית מארז עשריה,גרמים,400.00,100 גרם,false,1,19.90,4.9750,true,1,126190
8850389103111,false,"סאפה אלוורה ענבים 300מ""ל",סאפה פובליק קומפני ל,TH,"סאפה אלוורה ענבים בקבוק 300 מ""ל",מיליליטרים,300.00,"100 מ""ל",false,1,8.50,2.8333,true,1,13642
8850389103128,false,"סאפה אלוורה תפוח 300מ""ל",סאפה פובליק קומפני ל,TH,"סאפה תפוח בקבוק 300 מ""ל 24 יח",מיליליטרים,300.00,"100 מ""ל",false,1,8.50,2.8333,true,1,13643
8850389103159,false,"משקה ליצ'י עם חתיכות גלי קוקוס 320 מ""ל מוגו מוגו",סאפה פובליק קומפני ל,TH,מוגו מוגו ליצ'י עם חתיכות ג'לי קוקוס,מיליליטרים,320.00,"100 מ""ל",false,1,8.50,2.6563,true,1,34939
8850389104637,false,"סאפה אלוורה בטעם אפרסק 300 מ""ל",סאפה פובליק קומפני ל,TH,"סאפה אלוורה אפרסק בקבוק 300 מ""ל",מיליליטרים,300.00,"100 מ""ל",false,1,8.50,2.8333,true,1,13644
8850389105832,false,משקה אלוורה בטעם תפוחים,סאפה פובליק קומפני ל,TH,סאפה תפוח אלוורה בקבוק ליטר,ליטרים,1.00,ליטר,false,1,13.50,13.5000,true,1,124391
8850389105849,false,משקה אלוורה בטעם אפרסק,סאפה פובליק קומפני ל,TH,סאפה אפרסק אלוורה בקבוק ליטר,ליטרים,1.00,ליטר,false,1,13.50,13.5000,true,1,124261
8850389111352,false,"משקה מלון עם חתיכות גלי קוקוס 320 מ""ל מוגו מוגו",סאפה פובליק קומפני ל,TH,מוגו מוגו מלון עם חתיכות ג'לי קוקוס,מיליליטרים,320.00,"100 מ""ל",false,1,8.50,2.6563,true,1,34940
8850389115312,false,"סאפה אלוורה מלון 300 מ""ל",סאפה פובליק קומפני ל,TH,"סאפה אלוורה מלון בקבוק 300 מ""ל",מיליליטרים,330.00,"100 מ""ל",false,1,8.50,2.5758,true,1,13645
8850389115336,false,סאפה מלון בקבוק תריסר 1ל',סאפה פובליק קומפני ל,TH,סאפה משקה אלוורה בטעם מלון,ליטרים,1.00,ליטר,false,1,13.50,13.5000,true,1,18561
8850632604259,false,חיספוסים ממתק בטעם תות שדה בצורת מקלות,ג'נרל קנדי בעמ,TH,ממתק תות שדה בצורת מקלות יוגטה 50 גרם,גרמים,50.00,100 גרם,false,1,4.90,9.8000,true,1,124058
8850632604266,false,יוגטה מקלות חמוצות בטעם קולה 50 גרם 24 יח',ג'נרל קנדי בעמ,TH,"יוגטה, ממתק חמוץ בצורת מקלות בטעם קולה, 50 גרם",גרמים,50.00,100 גרם,false,1,4.90,9.8000,true,1,124059
8850632604372,false,יוגטה מקלות חמוצות שטיח - תות שדה 50 גרם,ג'נרל קנדי בעמ,TH,ממתק תות שדה בצורת שטיח יוגטה 50 גרם,גרמים,50.00,100 גרם,false,1,4.90,9.8000,true,1,124060
8850632604402,false,יוגטה מקלות חמוצות שטיח בטעם מעורב24 יח',"ג'נרל קנדי בע""מ",TH,ממתק תות ענבים בצורת שטיח יוגטה 50 גרם,גרמים,50.00,100 גרם,false,1,4.90,9.8000,true,1,124061
8850632605201,false,חיספוסים ממתק בטעמי פירות בצורת שטיח,הדקלאים אגודת שיתופי,TH,יוגטה חיספוסים בטעם מעורב תות,גרמים,50.00,100 גרם,false,1,4.90,9.8000,true,1,124381
8850632606390,false,חיספוסים ממתק חמוץ בטעם אבטיח בצורת שטיח,ג'נרל קנדי בעמ,TH,יוגטה חיספוסים בטעם אבטיח,גרמים,50.00,100 גרם,false,1,4.90,9.8000,true,1,125835
8851613101378,false,משקה קוקוס ארוי-די,כלורוקס אוקלנד,TH,"חלב קוקוס 250 מ""ל",מיליליטרים,250.00,"100 מ""ל",false,1,9.90,3.9600,true,1,125655
8852633119039,false,אסיה רוטב דגים 300 מ,טעמי אסיה Taste of Asia,,"אסיה רוטב דגים 300 מ""ל",מיליליטרים,300.00,"100 מ""ל",false,1,7.50,2.5000,true,1,16181
8857101301008,false,רוטב צילי מתוק 700 מ,פאן אינטר,TH,רוטב צ'ילי מתוק 700 מל,גרמים,80.00,100 גרם,false,1,11.90,14.8750,true,1,10098
8858744800019,false,ממרח קארי ירוק 50 גר,קנוקוואן פוד פרודקטס,TH,ממרח קארי ירוק 50 גר,גרמים,50.00,100 גרם,false,1,4.90,9.8000,true,1,22174
8858744800057,false,ממרח טום יאם 30 גר,קנוקוואן פוד פרודקטס,,ממרח טום יאם 30 גר,גרמים,30.00,100 גרם,false,1,4.90,16.3333,true,1,22186
8858744800064,false,ממרח קארי אדום 50 גר,קנוקוואן פוד פרודקטס,TH,ממרח קארי אדום 50 גר,גרמים,50.00,100 גרם,false,1,4.90,9.8000,true,1,22183
8888021200256,false,סוללות אנרגייזר שמינ,יצרן: אנרג'ייזר סינג,SG,סוללת אנרג'ייזר AA,Unknown,0.00,Unknown,false,1,28.90,0.0000,true,1,122276
8888021200720,false,סוללת אנרגייזר שמיני,יצרן: אנרג'ייזר סינג,SG,סוללת אנרג'ייזר AAA,Unknown,0.00,Unknown,false,1,28.90,0.0000,true,1,121639
8901537024014,false,"אורז בסמטי מובחר 1 ק""ג - דוואט) יורה דיעה",הנסיך- מפעל לייצור ט,IN,אורז בסמטי 1 DAAWAT קג,קילוגרמים,1.00,"ק""ג",false,1,13.90,13.9000,true,1,10080
8901537076679,false,"אורז בסמטי חום מלא 1 ק""ג דאוואט",האי נאם סי או אל.טי.,IN,"אורז בסמטי חום מלא דאווט 1 ק""ג",קילוגרמים,1.00,"ק""ג",false,1,16.90,16.9000,true,1,10270
8901571011018,false,סנסודיין שלישייה מב.שיניים סנסטיב סופט,הנקל,DE,מברשת שיניים סנסודיין שלישייה,יחידה,3.00,יחידה,false,1,12.90,4.3000,true,1,36676
8997206332016,true,סוכר קוקוס אורגני 45,קוקו שוגאר,ID,סוכר קוקוס אורגני 454 גרם,גרמים,454.00,100 גרם,false,1,25.90,5.7048,true,1,138393
9000101372878,false,קפסולות דיסקס לניקוי כביסה לבנה וצבעונית Deep Clean,פרסיל Persil,HU,פרסיל דיסקס לכביסה לבנה וצבעונית 22 יח',לא מנהל יחידת מידה,0.00,לא מנהל יחידת מידה,false,1,34.90,0.0000,true,1,33686
9000101511635,false,קפסולות ג'ל לכביסה פרסיל דיסקס לעור רגיש,פרסיל Persil,HU,פרסיל דיסקס סנסטיב תינוק 22 יח,יחידה,22.00,יחידה,false,1,34.90,1.5864,true,1,37603
9000101537550,false,פרסיל קאפסולות לכביסה לבנה וצבעונית 52 יח',הנקל סוד,HU,פרסיל קאפס 52 יח,יחידה,52.00,יחידה,false,1,59.90,1.1519,true,1,37604
9000101537581,false,פרסיל קאפסולות לכביסה צבעונית 52 יחידו,הנקל סוד,HU,פרסיל קאפס קולור 52 יח,יחידה,52.00,יחידה,false,1,59.90,1.1519,true,1,37605
9001148803103,false,שיני שום קלופות,חקלאי,IL,שיני שום קלופות,לא מנהל יחידת מידה,0.00,לא מנהל יחידת מידה,false,1,12.90,0.0000,true,1,545
9002975393836,false,סוכריות הריבו האפי ק,"האריבו , ג'י.אם.בי.א",AT,סוכריות גומי בטעם קולה 70 גרם,גרמים,70.00,100 גרם,false,1,6.90,9.8571,true,1,30197
9002975393843,false,סוכריות הריבו גולדבר,"האריבו , ג'י.אם.בי.א",AT,סוכריות גומי בטעמי פירות דובונים 70 גרם,גרמים,70.00,100 גרם,false,1,6.90,9.8571,true,1,30198
9002975393850,false,סוכריות גומי בטעמי פ,"האריבו , ג'י.אם.בי.א",AT,סוכריות גומי בטעמי פירות נחשים 70 גרם,גרמים,70.00,100 גרם,false,1,6.90,9.8571,true,1,30199
9003400304939,true,בירה שטיגל חיטה בק,שטיגל,LV,בירה שטיגל וייס 500 מל,מיליליטרים,500.00,"100 מ""ל",false,1,11.90,2.3800,true,1,12240
9003402660088,false,פחית בירה שטיגל גולדברו Goldbrau,שטיגל Stiegl,LV,בירה שטיגל גולדברו 500 מל,מיליליטרים,500.00,"100 מ""ל",false,1,8.90,1.7800,true,1,12241
9004998900848,false,חטיף גרעיני דלעת אור,לנדגרטן,AT,חטיף גרעיני דלעת אורגני בציפוי שוקולד מר,גרמים,50.00,100 גרם,false,1,13.90,27.8000,true,1,13692
9005835312626,false,קלרו טבליות למדיח כלים 50 יח' CLARO,קלרו,AT,קלרו טבליות למדיח ללא פוספטים 50 יח,מיליליטרים,1.00,"100 מ""ל",false,1,52.00,5200.0000,true,1,21257
9005835312640,false,קלרו טבליות למדיח לל,קלרו,AT,קלרו טבליות למדיח ללא פוספטים 80 יח,מיליליטרים,1.00,"100 מ""ל",false,1,73.00,7300.0000,true,1,21258
9005835312732,false,"קלרו נוזל הברקה למדיח כלים 500 מ""ל CLARO",יעקבי,AT,קלרו נוזל הברקה ומזרז ייבוש למדיח,מיליליטרים,1.00,"100 מ""ל",false,1,15.90,1590.0000,true,1,21260
9005835312756,false,"קלרו ניקוי יסודי למדיח כלים 250 מ""ל CLARO",יעקבי,AT,קלרו נוזל לניקוי יסודי למדיח,מיליליטרים,1.00,"100 מ""ל",false,1,15.90,1590.0000,true,1,21261
9044400841000,false,סוכריות פז+3 מילויים,Unknown,HU,סוכריות פז בובה,גרמים,26.00,100 גרם,false,1,12.90,49.6154,true,1,121472
9044400851672,false,סוכריות פז סוגים שונים + 3 מילויים,פז פרודוקשיין,HU,סוכריות פז בובה,גרמים,26.00,100 גרם,false,1,12.90,49.6154,true,1,35903
9120025834723,false,חטיף אוראו מצונן 120 גרם רבנות,בובארד איטליה אס.פי.,IT,חטיפי אוראו מצונן 120גרם מאגדת,גרמים,120.00,100 גרם,false,1,14.90,12.4167,true,1,37730
9120025839896,false,חטיף מילקה מצונן 128ג',בובארד איטליה אס.פי.,IT,חטיפי מילקה מצונן 128גרם מאגדת,גרמים,128.00,100 גרם,false,1,14.90,11.6406,true,1,37731
9120097310583,false,חטיף שוקו בננה מיניונים מצונן 108 גרם רבנות,בובארד איטליה אס.פי.,IT,חטיפי שוקו בננה מיניונים מצונן 108גרם מ,גרמים,108.00,100 גרם,false,1,14.90,13.7963,true,1,37732
9310072028743,false,טים טם Tim Tam וופל שוקולד קלאסי,"ארנוטס ביסקוויטס בע""",AU,טים טם אורגינל 200 גר,גרמים,200.00,100 גרם,false,1,19.90,9.9500,true,1,128078
9310088007015,false,דיפנד תחבושות אוברנייט בלילה,KC Vietnam,,דיפנד תחבושות לילה 8 יח,Unknown,0.00,Unknown,false,1,21.90,0.0000,true,1,125518
9322969000015,false,פריכיות תירס בטעם אורגינל ריל פודס 150 ג',אף.סי תבליני בגליל ב,AU,רילפוד- פריכיות תירס בטעם טבעי 150 גר',גרמים,150.00,100 גרם,false,1,13.90,9.2667,true,1,121736
9322969000022,false,פריכיות תירס עם סויה וזרעי פשתן ללא גלוטן,אף.סי תבליני בגליל ב,AU,פריכיות תירס עם סויה וזרעי פשת 150 גרם,גרמים,150.00,100 גרם,false,1,13.90,9.2667,true,1,124237
9322969000039,true,פריכיות תירס עם 4 דג,אף.סי תבליני בגליל ב,AU,פריכיות תירס עם 4 דגנים מלאים,גרמים,150.00,100 גרם,false,1,13.90,9.2667,true,1,11103
9322969000046,false,פריכיות תירס שומשום אורגני ריל פודס 150 ג',אף.סי תבליני בגליל ב,AU,ריל פוד פריכיות תירס עם שומשום 150 גרם,גרמים,150.00,100 גרם,false,1,13.90,9.2667,true,1,124238
9322969000053,false,פריכיות אורז מלא 150 ג' RICE THINS,סנו מפעלי ברונוס.,IT,פריכיות אורז מלא 150 גרם,גרמים,150.00,100 גרם,false,1,13.90,9.2667,true,1,34509
9421018071508,false,יין מאד האוס סוביניו,קוואליטי ווין,NZ,מאד האוס כשר סוביניון בלאן כשר,מיליליטרים,750.00,"100 מ""ל",false,1,54.90,7.3200,true,1,21731
9720188050109,false,טופוטי ממרח טופו בטעם גבינה 227 ג`,טופוטי ברנדס אינק.ג',IL,טופוטי - ממרח טופו בטעם גבינה - 225 גר,גרמים,225.00,100 גרם,false,1,22.90,10.1778,true,1,121473
9720188060108,false,טופוטי ממרח על בסיס סויה בסגנון שמנת 340ג',טופוטי ברנדס אינק.ג',IL,טופוטי - ממרח טופו בטעם שמנת - 340 גר',גרמים,360.00,100 גרם,false,1,22.90,6.3611,true,1,121474
