code,internal_code,name,manufacturer_name,manufacture_country,manufacturer_item_description,unit_qty,quantity,unit_of_measure,weighted,qty_in_package,price,unit_of_measure_price,allow_discount,status,item_id
1,true,אבוקדו,ביכורי השדה הצפון בעמ` 1964,,,"ק""ג",1,,true,1,12.90,12.90,false,1,
2,true,לוף,ביכורי השדה הצפון בעמ` 1964,,,"ק""ג",1,,true,1,14.90,14.90,false,1,
3,true,קישוא זוקיני,ביכורי השדה הצפון בעמ` 1964,,,"ק""ג",1,,true,1,9.90,9.90,false,1,
5,true,אבטיח,ביכורי השדה הצפון בעמ` 1964,,,"ק""ג",0,"ל-100 מ""ל",true,1,7.90,7.90,false,1,
6,true,קישואים,ביכורי השדה הצפון בעמ` 1964,,,"ק""ג",1,,true,1,9.90,9.90,false,1,
7,true,תירס ארוז,ביכורי השדה הצפון בעמ` 1964,,,"ק""ג",3.50,ל-100 גרם,true,1,9.90,2.83,false,1,
8,true,שעועית ירוקה,ביכורי השדה הצפון בעמ` 1964,,,"ק""ג",0,"ק""ג",true,1,14.90,14.90,false,1,
9,true,אשכולית אדומה,ביכורי השדה הצפון בעמ` 1964,,,"ק""ג",1,,true,1,7.90,7.90,false,1,
10,true,אגס,ביכורי השדה הצפון בעמ` 1964,,,"ק""ג",7.50,ל-100 גרם,true,1,12.90,1.72,false,1,
11,true,מנגו,ביכורי השדה הצפון בעמ` 1964,,,"ק""ג",1,,true,1,12.90,12.90,false,1,
12,true,פגויה,ביכורי השדה הצפון בעמ` 1964,,,'יח,1,,true,1,19.90,19.90,false,1,
13,true,"קסביה\תפו""א ירושלמי",ביכורי השדה הצפון בעמ` 1964,,,'יח,1,,true,1,14.90,14.90,false,1,
14,true,אנונה,ביכורי השדה הצפון בעמ` 1964,,,"ק""ג",1,,true,1,19.90,19.90,false,1,
15,true,אבטיח אישי,ביכורי השדה הצפון בעמ` 1964,,,"ק""ג",1,,true,1,6.90,6.90,false,1,
17,true,תו זיכוי,,,,'יח,1,,false,1,4.90,4.90,false,1,
20,true,אננס,ביכורי השדה הצפון בעמ` 1964,,,'יח,1,,false,1,34.90,34.90,false,1,
21,true,פיטיה,ביכורי השדה הצפון בעמ` 1964,,,"ק""ג",1,,true,1,29.90,29.90,false,1,
22,true,גינגר,ביכורי השדה הצפון בעמ` 1964,,,'יח,1,,true,1,29.90,29.90,false,1,
25,true,צנון,ביכורי השדה הצפון בעמ` 1964,,,"ק""ג",1,,true,1,6.90,6.90,false,1,
30,true,אפרסמון,ביכורי השדה הצפון בעמ` 1964,,,"ק""ג",1,,true,1,14.90,14.90,false,1,
33,true,שקית,רזפול בע`מ,,,'יח,1,,false,1,0.10,0.10,false,1,
35,true,ארטישוק,ביכורי השדה הצפון בעמ` 1964,,,"ק""ג",1,,true,1,19.90,19.90,false,1,
40,true,אשכולית צהובה,ביכורי השדה הצפון בעמ` 1964,,,"ק""ג",1,,true,1,6.90,6.90,false,1,
55,true,בננה,ביכורי השדה הצפון בעמ` 1964,,,"ק""ג",1,,true,1,6.90,6.90,false,1,
60,true,בצל יבש,ביכורי השדה הצפון בעמ` 1964,,,"ק""ג",1,,true,1,4.90,4.90,false,1,
61,true,בצל יבש סגול,ביכורי השדה הצפון בעמ` 1964,,,"ק""ג",1,,true,1,6.90,6.90,false,1,
62,true,ערמונים,ביכורי השדה הצפון בעמ` 1964,,,"ק""ג",1,,true,1,17.90,17.90,false,1,
75,true,בטטה,ביכורי השדה הצפון בעמ` 1964,,,"ק""ג",1,,true,1,8.90,8.90,false,1,
85,true,גזר ארוז,ביכורי השדה הצפון בעמ` 1964,,,"ק""ג",1,,true,1,4.90,4.90,false,1,
95,true,דלעת,ביכורי השדה הצפון בעמ` 1964,,,"ק""ג",1,,true,1,10.90,10.90,false,1,
99,true,סופגניה,אסול אוכל איכותי בעמ,,,'יח,1,,false,1,3.90,3.90,false,1,
100,true,דלורית,ביכורי השדה הצפון בעמ` 1964,,,"ק""ג",1,,true,1,5.90,5.90,false,1,
111,true,פקדון בקבוק חוזר,טמפו משקאות בע`מ,,,'יח,1,,false,1,1.20,1.20,false,1,
112,true,חצילים,ביכורי השדה הצפון בעמ` 1964,,,"ק""ג",1,,true,1,6.90,6.90,false,1,
115,true,חסה ערבית,ביכורי השדה הצפון בעמ` 1964,,,'יח,1,,false,1,5.90,5.90,false,1,
117,true,חסה עגולה,ביכורי השדה הצפון בעמ` 1964,,,'יח,1,,false,1,6.90,6.90,false,1,
120,true,כרוב אדום,ביכורי השדה הצפון בעמ` 1964,,,"ק""ג",1,,true,1,4.90,4.90,false,1,
121,true,כרוב לבן,ביכורי השדה הצפון בעמ` 1964,,,"ק""ג",1,,true,1,4.90,4.90,false,1,
130,true,כרובית,ביכורי השדה הצפון בעמ` 1964,,,"ק""ג",1,,true,1,9.90,9.90,false,1,
135,true,לימון,ביכורי השדה הצפון בעמ` 1964,,,"ק""ג",1,,true,1,7.90,7.90,false,1,
138,true,ברוקולי ארוז,ביכורי השדה הצפון בעמ` 1964,,,'יח,1,,false,1,9.90,9.90,false,1,
150,true,מלון,ביכורי השדה הצפון בעמ` 1964,,,"ק""ג",1,,true,1,7.90,7.90,false,1,
155,true,מלפפון,ביכורי השדה הצפון בעמ` 1964,,,"ק""ג",1,,true,1,6.90,6.90,false,1,
185,true,נקטרינה,ביכורי השדה הצפון בעמ` 1964,,,"ק""ג",1,,true,1,12.90,12.90,false,1,
205,true,סלק אדום,ביכורי השדה הצפון בעמ` 1964,,,"ק""ג",1,,true,1,5.90,5.90,false,1,
215,true,עגבניות,ביכורי השדה הצפון בעמ` 1964,,,"ק""ג",0,"ק""ג",true,1,5.90,5.90,false,1,
222,true,פקדון בקבוק,החברה המרכזית להפצת משקאות בע`,,,'יח,1,,false,1,0.30,0.30,false,1,
230,true,פלפל שושקה,ביכורי השדה הצפון בעמ` 1964,,,"ק""ג",1,,true,1,15.90,15.90,false,1,
231,true,ענב שחור,ביכורי השדה הצפון בעמ` 1964,,,"ק""ג",10,ל-100 גרם,true,1,19.90,1.99,false,1,
234,true,סל רב פעמי סופר ברקת,סימה,,,'יח,10,ל-100 גרם,false,1,3.90,0.39,true,1,
245,true,פומלית,ביכורי השדה הצפון בעמ` 1964,,,"ק""ג",10,ל-100 גרם,true,1,7.90,0.79,false,1,
250,true,פומלה,ביכורי השדה הצפון בעמ` 1964,,,"ק""ג",1,,true,1,7.90,7.90,false,1,
285,true,פלפל אדום,ביכורי השדה הצפון בעמ` 1964,,,"ק""ג",1,,true,1,9.90,9.90,false,1,
290,true,פלפל ירוק כהה,ביכורי השדה הצפון בעמ` 1964,,,"ק""ג",1,,true,1,7.90,7.90,false,1,
295,true,פלפל צהוב,ביכורי השדה הצפון בעמ` 1964,,,"ק""ג",1,,true,1,9.90,9.90,false,1,
300,true,פלפל כתום,ביכורי השדה הצפון בעמ` 1964,,,"ק""ג",1,,true,1,9.90,9.90,false,1,
305,true,פלפל בהיר,ביכורי השדה הצפון בעמ` 1964,,,"ק""ג",1,,true,1,8.90,8.90,false,1,
310,true,פלפל חריף ירוק,ביכורי השדה הצפון בעמ` 1964,,,"ק""ג",1,,true,1,9.90,9.90,false,1,
315,true,פול טרי,ביכורי השדה הצפון בעמ` 1964,,,"ק""ג",1,,true,1,9.90,9.90,false,1,
333,true,פיקדון שישייה,יפאורה - שותפות מוגבלת לשיווק,,,'יח,0,'יח,false,1,1.80,1.80,false,1,
335,true,קולורבי,ביכורי השדה הצפון בעמ` 1964,,,"ק""ג",1,,true,1,7.90,7.90,false,1,
345,true,קיווי,ביכורי השדה הצפון בעמ` 1964,,,"ק""ג",1,,true,1,13.90,13.90,false,1,
360,true,קלמנטינה,ביכורי השדה הצפון בעמ` 1964,,,"ק""ג",1,,true,1,7.90,7.90,false,1,
365,true,רימון,ביכורי השדה הצפון בעמ` 1964,,,"ק""ג",1,,true,1,10.90,10.90,false,1,
374,true,פטריות שמפניון,ביכורי השדה הצפון בעמ` 1964,,,'יח,1,,false,1,9.90,9.90,false,1,
375,true,שום יבש,ביכורי השדה הצפון בעמ` 1964,,,'יח,1,,false,1,5.90,5.90,false,1,
380,true,שומר,ביכורי השדה הצפון בעמ` 1964,,,"ק""ג",1,,true,1,7.90,7.90,false,1,
396,true,אוכמניות,ביכורי השדה הצפון בעמ` 1964,,,"ק""ג",1,,false,1,13.90,13.90,true,1,
402,true,חציל בלדי,ביכורי השדה הצפון בעמ` 1964,,,"ק""ג",1,,true,1,8.90,8.90,false,1,
415,true,שזיף אדום,ביכורי השדה הצפון בעמ` 1964,,,"ק""ג",1,,true,1,19.90,19.90,false,1,
416,true,ארגז,החברה המרכזית להפצת משקאות בע`,,,'יח,1,,false,1,19.90,19.90,false,1,
420,true,לוביה,ביכורי השדה הצפון בעמ` 1964,,,"ק""ג",1,,true,1,29.90,29.90,false,1,
430,true,עגבניה שרי תפזורת מנומר,ביכורי השדה הצפון בעמ` 1964,,,"ק""ג",1,,true,1,19.90,19.90,false,1,
431,true,עגבניות שרי תמר תפזורת,ביכורי השדה הצפון בעמ` 1964,,,"ק""ג",1,,true,1,19.90,19.90,false,1,
435,true,סלרי עלים,ביכורי השדה הצפון בעמ` 1964,,,'יח,1,,false,1,4.90,4.90,false,1,
443,true,תפוח עץ גלה,ביכורי השדה הצפון בעמ` 1964,,,"ק""ג",1,,true,1,10.90,10.90,false,1,
444,true,פיקדון שישייה חוזר,,,,'יח,10,ל-100 גרם,false,1,7.20,0.72,false,1,
450,true,תפוזים,ביכורי השדה הצפון בעמ` 1964,,,"ק""ג",1,,true,1,6.90,6.90,false,1,
451,true,ת. עץ פינק קריספי,ביכורי השדה הצפון בעמ` 1964,,,"ק""ג",1,,true,1,16.90,16.90,false,1,
454,true,תפוז ברשת,ביכורי השדה הצפון בעמ` 1964,,,"ק""ג",1,,true,1,4.90,4.90,false,1,
455,true,תות שדה,ביכורי השדה הצפון בעמ` 1964,,,'יח,1,,false,1,9.90,9.90,false,1,
467,true,סלרי ראש,ביכורי השדה הצפון בעמ` 1964,,,'יח,1,,false,1,4.90,4.90,false,1,
471,true,תפוח אדמה אדום ארוז,ביכורי השדה הצפון בעמ` 1964,,,"ק""ג",1,,true,1,5.90,5.90,false,1,
472,true,תפוח אדמה לבן,ביכורי השדה הצפון בעמ` 1964,,,"ק""ג",1,,true,1,3.90,3.90,false,1,
490,true,ת.עץ סמיט,ביכורי השדה הצפון בעמ` 1964,,,"ק""ג",1,,true,1,10.90,10.90,false,1,
491,true,ת.עץ זהוב,ביכורי השדה הצפון בעמ` 1964,,,"ק""ג",1,,true,1,10.90,10.90,false,1,
492,true,ת.עץ חרמון,ביכורי השדה הצפון בעמ` 1964,,,"ק""ג",1,,true,1,10.90,10.90,false,1,
503,true,אפרסמון קרמבו,ביכורי השדה הצפון בעמ` 1964,,,"ק""ג",10,ל-100 גרם,true,1,14.90,1.49,false,1,
511,true,כוסברה /שמיר/נענע/פטרוזליה,ביכורי השדה הצפון בעמ` 1964,,,'יח,1,,false,1,3.90,3.90,false,1,
526,true,תפוח אדמה קטן ברשת,ביכורי השדה הצפון בעמ` 1964,,,"ק""ג",1,,true,1,4.90,4.90,false,1,
555,true,פיקדון רביעייה,ברקת,,,'יח,1,,false,1,1.20,1.20,false,1,
572,true,מיני דלעת,ביכורי השדה הצפון בעמ` 1964,,,"ק""ג",0,"ק""ג",true,1,12.90,12.90,false,1,
580,true,חלה רגילה,מאפיית י.את א. ברמן בעמ,,,'יח,5,ל-100 גרם,false,1,4.90,0.98,false,1,
588,true,חלה מתוקה,אסול אוכל איכותי בעמ,,,'יח,5,ל-100 גרם,false,1,14.40,2.88,false,1,
666,true,פקדון 12 יח`,ארגמן מיחזור בקבוקים בעמ`,,,'יח,1,,false,1,3.60,3.60,false,1,
695,true,אספרגוס,ביכורי השדה הצפון בעמ` 1964,,,'יח,1,,false,1,24.90,24.90,false,1,
777,true,זיכוי אריזה,ברקת,,,'יח,1,,true,1,0.01,0.01,false,1,
888,true,פיקדון 30 אג` 12 יח`,ברקת,,,'יח,1,,false,1,3.60,3.60,false,1,
1010,true,פיקדון 30 אג`זיכוי לקוח,ברקת,,,'יח,1,,false,1,0.30,0.30,false,1,
1020,true,פיקדון 1.2 זיכוי לקוח,ברקת,,,'יח,1,,false,1,1.20,1.20,false,1,
1104,true,פטריות חורש,ביכורי השדה הצפון בעמ` 1964,,,'יח,1,,false,1,8.90,8.90,false,1,
3343,true,משלוח,ברקת,,,'יח,1,,false,1,30,30,true,1,
6767,true,חלות מאפית ברקת,אסול אוכל איכותי בעמ,,,'יח,1,,false,1,11.10,11.10,true,1,
7958,true,בולגרית%5 מעודנת,החברה המרכזית להפצה,,,"ק""ג",1,,true,1,59.90,59.90,false,1,
7993,true,מארז 5 לחמניות,אסול אוכל איכותי בעמ,,,'יח,1,,false,1,14.40,14.40,false,1,
8888,true,זיכוי אריזה דגים,ב.ס דוקטור דג בעמ,,,'יח,1,,true,1,0.01,0.01,false,1,
10013,true,בגט לבן ארוך,אסול אוכל איכותי בעמ,,,'יח,1,,false,1,6.20,6.20,true,1,
23809,true,יין קלאסיק קברנה סובניון,טמפו משקאות בע`מ,,,'יח,7.50,"ל-100 מ""ל",false,1,31.90,4.21,true,1,
24523,true,מיץ ענבים תירוש של סגל 1 ליטר,טמפו משקאות בע`מ,,,'יח,10,"ל-100 מ""ל",false,1,14.90,1.46,false,1,
24530,true,יין אדום מתוק לקידוש[סגל],טמפו משקאות בע`מ,,,'יח,7.50,"ל-100 מ""ל",false,1,15.90,2.08,false,1,
35485,true,רבע כבש טרי,באסם דבאח בעמ,,,"ק""ג",1,,true,1,99.90,99.90,false,1,
40974,true,חלב מפוסטר דל לקטוז 2%,תנובה חלב,,,'יח,10,"ל-100 מ""ל",false,1,6.90,0.69,false,1,
42367,true,חלב בבקבוק 1 ליטר 3%,תנובה חלב,,,'יח,10,"ל-100 מ""ל",false,1,6.23,0.62,false,1,
43012,true,שוקו עמיד בקרטון תנובה 250 מל`,תנובה חלב,,,'יח,2.50,"ל-100 מ""ל",false,1,4.90,1.96,false,1,
46327,true,גבינה צהובה גלבוע פרוס 200 גר`,תנובה חלב,,,'יח,2,ל-100 גרם,false,1,12.90,6.45,false,1,
55893,true,חמאה משמנת מפוסטרת 200 גרם,תנובה חלב,,,'יח,2,ל-100 גרם,false,1,7.90,3.95,false,1,
60781,true,פסטה מסולסלים 500 גרם,קבוצת אסם סחר,,,'יח,5,ל-100 גרם,false,1,5.90,1.18,true,1,
60880,true,פסטה ספגטי 8 500 גרם,קבוצת אסם סחר,,,'יח,5,ל-100 גרם,false,1,5.90,1.18,true,1,
60958,true,איטריות בינוניות 400 גר`,קבוצת אסם סחר,,,'יח,4,ל-100 גרם,false,1,6.90,1.73,true,1,
61764,true,נסקפה רד מאג 200 גרם,קבוצת אסם סחר,,,'יח,2,ל-100 גרם,false,1,19.90,9.95,true,1,
65557,true,מנה חמה קוסקוס 84 גרם,קבוצת אסם סחר,,,'יח,8.40,ל-100 גרם,false,1,6.90,0.82,true,1,
66431,true,פופקו חטיף תירס 80 גרם,קבוצת אסם סחר,,,'יח,0.80,ל-100 גרם,false,1,3.90,4.88,true,1,
68343,true,פרכיות אורז,קבוצת אסם סחר,,,'יח,1.40,ל-100 גרם,false,1,7.90,5.64,false,1,
69364,true,פירכונים אורז,קבוצת אסם סחר,,,'יח,1.40,ל-100 גרם,false,1,7.90,5.64,false,1,
69609,true,חטיפי קרקר זעתר,קבוצת אסם סחר,,,'יח,3,ל-100 גרם,false,1,11.90,3.97,true,1,
69715,true,חטיפי קרקר מלוח,קבוצת אסם סחר,,,'יח,3,ל-100 גרם,false,1,11.90,3.97,true,1,
70919,true,בייגלה רשתות מלח 400 גרם,קבוצת אסם סחר,,,'יח,4,ל-100 גרם,false,1,12.90,3.23,true,1,
72623,true,"קטשופ אסם 750 מ""ל",קבוצת אסם סחר,,,'יח,7.50,ל-100 גרם,false,1,11.90,1.59,true,1,
72753,true,טסטר ציויס 200 גרם,קבוצת אסם סחר,,,'יח,2,ל-100 גרם,false,1,29.90,14.95,false,1,
72968,true,סיני מיניס מפלצות 500 גר`,קבוצת אסם סחר,,,'יח,5,ל-100 גרם,false,1,19.90,3.98,true,1,
78762,true,חטיפי פרכונים מאורז מלא דבש,קבוצת אסם סחר,,,'יח,1,ל-100 גרם,false,1,6.90,6.90,false,1,
85166,true,גטניו פתי בר וניל 400 גר`,מ.ד אטיאס סוכנויות מזון בע`מ,,,'יח,4,ל-100 גרם,false,1,7.90,1.98,false,1,
85173,true,גטניו בר שוקו 400 גר`,מ.ד אטיאס סוכנויות מזון בע`מ,,,'יח,4,ל-100 גרם,false,1,7.90,1.98,false,1,
100128,true,מיקס פירות קפואים,תנובה מרכז שיתופי לשיווק תוצרת,,,'יח,3,ל-100 גרם,false,1,16.90,5.63,true,1,
100135,true,מיקס פירות קפואים דובדבן 300 גר`,תנובה מרכז שיתופי לשיווק תוצרת,,,'יח,3,ל-100 גרם,false,1,17.90,5.97,true,1,
100296,true,סמוטיז שייק תות בננה SMOOTHIE,תנובה מרכז שיתופי לשיווק תוצרת,,,'יח,3,ל-100 גרם,false,1,16.90,5.63,true,1,
101927,true,אוכמניות כחולות מוקפא,תנובה מרכז שיתופי לשיווק תוצרת,,,'יח,3,ל-100 גרם,false,1,16.90,5.63,true,1,
101934,true,לקט פירות יער קפוא 300 גר`,תנובה מרכז שיתופי לשיווק תוצרת,,,'יח,3,ל-100 גרם,false,1,16.90,5.63,true,1,
101941,true,אננס מוקפא,תנובה מרכז שיתופי לשיווק תוצרת,,,'יח,3,ל-100 גרם,false,1,16.90,5.63,true,1,
104201,true,אפונה עדינה קפואה 600 גרם,תנובה מרכז שיתופי לשיווק תוצרת,,,'יח,6,ל-100 גרם,false,1,17.90,2.98,true,1,
107615,true,מנה אסייטיית צבעונית ועשירה 800 גר`,תנובה מרכז שיתופי לשיווק תוצרת,,,'יח,8,ל-100 גרם,false,1,24.50,3.06,true,1,
111186,true,מיונז אמיתי תלמה 500 גרם,יוניליוור ישראל שיווק בע`מ,,,'יח,5,ל-100 גרם,false,1,9.90,1.98,false,1,
111353,true,מיונז צנצנת 1 קג`,יוניליוור ישראל שיווק בע`מ,,,'יח,10,ל-100 גרם,false,1,16.90,1.69,false,1,
112220,true,בארכה טחינה שומשום טהור 100% 500 גרם,קבוצת אסם סחר,,,'יח,5,ל-100 גרם,false,1,14.90,2.98,false,1,
116204,true,קנור מרק דגש זך בשקית 1 קג,יוניליוור ישראל שיווק בע`מ,,,'יח,10,ל-100 גרם,false,1,19.90,1.99,false,1,
118277,true,קניידל אבקה להכנת כופתאות מצה 130גר כש,יוניליוור ישראל שיווק בע`מ,,,'יח,1.30,ל-100 גרם,false,1,11.90,9.15,false,1,
120836,true,מיונז הלמנס אמיתי צנצנת 394 גרם,יוניליוור ישראל שיווק בע`מ,,,'יח,3.94,ל-100 גרם,false,1,11.90,3.02,false,1,
120874,true,מיונז הלמנס מופחת קלוריות 424 גרם,יוניליוור ישראל שיווק בע`מ,,,'יח,4.24,ל-100 גרם,false,1,11.90,2.81,false,1,
121031,true,גבינת החתול המחייך 14% 8יח 120 גרם,נטו מלינדה סחר בע`מ,,,'יח,1.20,ל-100 גרם,false,12,12.90,10.75,true,1,
124841,true,שוקולד חלב חלבי בד`צ 3*100 גר כשלפ,יוניליוור ישראל שיווק בע`מ,,,'יח,3,ל-100 גרם,false,1,14.90,4.97,false,1,
134352,true,קינמון טחון,תבליני טעם וריח,,,'יח,1,,false,1,9.90,9.90,true,1,
134376,true,פפריקה בשמן,תבליני טעם וריח,,,'יח,1,,false,1,9.90,9.90,true,1,
134680,true,קימל שלם,תבליני טעם וריח,,,'יח,1,,false,1,6.90,6.90,false,1,
134833,true,כמון טחון,תבליני טעם וריח,,,'יח,1,,false,1,9.90,9.90,true,1,
134840,true,כורכום טחון,תבליני טעם וריח,,,'יח,1,,false,1,9.90,9.90,true,1,
134864,true,פפריקה חריפה,תבליני טעם וריח,,,'יח,1,,false,1,9.90,9.90,true,1,
134871,true,פלפל שחור טחון,תבליני טעם וריח,,,'יח,1,,false,1,12.90,12.90,true,1,
134987,true,פלפל שחור גרוס,תבליני טעם וריח,,,'יח,1,,false,1,12.90,12.90,true,1,
135113,true,משקה אנרגיה XL מוגז פחית 250 מל נענע ל,טמפו משקאות בע`מ,,,'יח,2.50,"ל-100 מ""ל",false,24,4.90,1.84,true,1,
135342,true,"סודה טמפו 500 מ""ל",טמפו משקאות בע`מ,,,'יח,5,"ל-100 מ""ל",false,1,2.90,0.52,false,1,
135465,true,"מי סודה 500 מ""ל טמפו 12 יח`",טמפו משקאות בע`מ,,,'יח,52,"ל-100 מ""ל",false,1,33.20,0.57,true,1,
143217,true,הוואי שמפו לשיער יבש ומסולסל 700 מ`ל,הנקל סוד בע`מ,,,'יח,7,"ל-100 מ""ל",false,12,9.90,1.41,false,1,
143279,true,הוואי שמפו נגד קשקשים 700 מ`ל,הנקל סוד בע`מ,,,'יח,7,"ל-100 מ""ל",false,12,9.90,1.41,false,1,
143293,true,הוואי מרכך שיער לילדים 700 מ`ל,הנקל סוד בע`מ,,,'יח,7,"ל-100 מ""ל",false,12,9.90,1.41,false,1,
144160,true,שמן זית כתית מעולה 750 מל עץ הזית מודג,סוגת,,,'יח,7.50,"ל-100 מ""ל",false,1,32.90,4.39,true,1,
144474,true,שמן קנולה בריאות 1 ליטר,סוגת,,,'יח,10,"ל-100 מ""ל",false,1,16.90,1.69,false,1,
161358,true,מיונז אמיתי משמן קנולה 500 גרם,יוניליוור ישראל שיווק בע`מ,,,'יח,5,ל-100 גרם,false,1,12.90,2.58,false,1,
168173,true,ברנפלקס 375 גרם,יוניליוור ישראל שיווק בע`מ,,,'יח,3.75,ל-100 גרם,false,1,22.90,6.11,false,1,
185224,true,סילאן לחיץ 650 גר`,תה ויסוצקי בע`מ,,,'יח,6.50,ל-100 גרם,false,1,15.90,2.45,true,1,
185330,true,סילאן טבעי 900 גר`,תה ויסוצקי בע`מ,,,'יח,9,ל-100 גרם,false,1,23.90,2.66,true,1,
187921,true,לילי נייר טואלט לבן קלאסי 32 גלילים,חוגלה קימברלי שיווק בע`מ,,,'יח,19.69,ל-100 גרם,false,1,39.90,2.03,false,1,
187938,true,לילי נייר טואלט פסטל 32 גלילים,חוגלה קימברלי שיווק בע`מ,,,'יח,19.69,ל-100 גרם,false,1,39.90,2.03,false,1,
189598,true,ניקול מטליות רב שימושיות 50 יח`,חוגלה קימברלי שיווק בע`מ,,,'יח,1,,false,12,10.90,10.90,true,1,
189659,true,ניקול מטליות לחות לרצפה,חוגלה קימברלי שיווק בע`מ,,,'יח,1,,false,12,10.90,10.90,true,1,
189734,true,מטליות לחות לניקוי פרקטים ניקול,חוגלה קימברלי שיווק בע`מ,,,'יח,1,,false,12,11.90,11.90,false,1,
191546,true,מגבונים צבעוני לילי שלישיות,חוגלה קימברלי שיווק בע`מ,,,'יח,4.20,ל-100 גרם,false,24,10.90,2.60,false,1,
197326,true,רדיד אלומיניום 30 סמ*7.5מ*2,חוגלה קימברלי שיווק בע`מ,,,'יח,1,,false,12,10.90,10.90,false,1,
197753,true,ניקול ניילון נצמד אנטיבקט.30מ זוג,חוגלה קימברלי שיווק בע`מ,,,'יח,1,,false,12,10.90,10.90,false,1,
204086,true,כריות קירצוף ארוך 3 יח,חוגלה קימברלי שיווק בע`מ,,,'יח,1,,false,24,10.90,10.90,true,1,
204215,true,ניקול כרית יפנית אריזת 6יח,חוגלה קימברלי שיווק בע`מ,,,'יח,1,,false,24,10.90,10.90,true,1,
204253,true,מטליות ניקול יבש 9 יח`,חוגלה קימברלי שיווק בע`מ,,,'יח,1,,false,24,10.90,10.90,true,1,
204307,true,מטלית רב שימושית בגליל 40 יח,חוגלה קימברלי שיווק בע`מ,,,'יח,1,,false,12,20.90,20.90,false,1,
204512,true,ניקול מטליות לחות לרצפה ריח לימון,חוגלה קימברלי שיווק בע`מ,,,'יח,1,,false,12,10.90,10.90,true,1,
208312,true,גרעיני תירס מתוק בואקום 325 גרם,זנלכול יכין,,,'יח,3.25,ל-100 גרם,false,1,6.50,2,true,1,
208336,true,רסק עגבניות טרי 240 גרם,זנלכול יכין,,,'יח,2.60,ל-100 גרם,false,1,4.90,1.88,true,1,
209012,true,חומץ טבעי 1 ליטר,זנלכול יכין,,,'יח,10,"ל-100 מ""ל",false,1,6.90,0.69,true,1,
209043,true,מיץ לימון משומר 1 ליטר,זנלכול יכין,,,'יח,10,"ל-100 מ""ל",false,1,6.90,0.69,true,1,
209579,true,סירופ דיאט אננס 1 ליטר,זנלכול יכין,,,'יח,1,,false,1,18.90,18.90,false,1,
209722,true,רסק עגבניות פריכוז 580 גרם,זנלכול יכין,,,'יח,5.80,ל-100 גרם,false,1,10.90,1.88,false,1,
209913,true,קוביות עגבניות 260 גרם,זנלכול יכין,,,'יח,2.60,ל-100 גרם,false,1,5.90,2.27,false,1,
209944,true,רוטב עגבניות לשקשוקה 240 גרם,זנלכול יכין,,,'יח,2.60,ל-100 גרם,false,1,5.90,2.27,true,1,
209951,true,רוטב עגבניות לפיצה 240 גרם,זנלכול יכין,,,'יח,2.60,ל-100 גרם,false,1,5.90,2.27,true,1,
211169,true,אורז תאילנדי אחד אחד 1 קג,סוגת,,,'יח,10,ל-100 גרם,false,1,6.90,0.69,true,1,
211503,true,סוכר סוגת לבן 1 ק`ג בשקית,סוגת,,,'יח,10,ל-100 גרם,false,1,4.90,0.49,false,1,
238173,true,בורקס גבינה 800 גרם קפוא,תנובה מרכז שיתופי לשיווק תוצרת,,,'יח,8,ל-100 גרם,false,14,19.90,2.49,false,1,
238180,true,בורקס תפו`א 800 גרם קפוא,תנובה מרכז שיתופי לשיווק תוצרת,,,'יח,8,ל-100 גרם,false,12,19.90,2.49,false,1,
244082,true,הוואי אל סבון נוזלי כחול *3,הנקל סוד בע`מ,,,'יח,1.50,לליטר,false,8,18.90,12.60,true,1,
245089,true,מרכך כביסה סוד סגול 4 ליטר,גורי שיווק,,,'יח,40,"ל-100 מ""ל",false,6,17.90,0.45,false,1,
245157,true,מרכך כביסה סוד סנסיישין 4 ליטר,גורי שיווק,,,'יח,40,"ל-100 מ""ל",false,1,17.90,0.45,false,1,
245294,true,פרסיל א.כביסה שקית 2.5קג,גורי שיווק,,,'יח,25,ל-100 גרם,false,6,27.90,1.12,true,1,
245782,true,מרכך כביסה סוד ורוד 4 ליטר,גורי שיווק,,,'יח,40,"ל-100 מ""ל",false,6,17.90,0.45,false,1,
245799,true,מרכך כביסה סוד תכלת 4 ליטר,גורי שיווק,,,'יח,40,"ל-100 מ""ל",false,6,17.90,0.45,false,1,
253459,true,נטיפי שוקולד צ`יפס בטעם קרמל,תה ויסוצקי בע`מ,,,'יח,3,ל-100 גרם,false,1,12.90,4.30,false,1,
272726,true,חומץ טבעי 1 ליטר עסיס 5% כל`פ,קבוצת אסם סחר,,,'יח,10,"ל-100 מ""ל",false,1,6.90,0.69,false,1,
283802,true,חזה עגל עם עצם טרי,עוף ירושלים מהדרין בע`מ,,,"ק""ג",1,,true,1,49.90,49.90,true,1,
283854,true,פילה מדומה טרי,בלדי בע`מ,,,"ק""ג",1,,true,1,59.90,59.90,true,1,
288017,true,סנו JAVEL אקונומיקה בריח לימון 1 ליט,החב. הדרומית לשיווק,,,'יח,10,"ל-100 מ""ל",false,12,8.90,0.89,false,1,
288048,true,סנו Javel קצף ניקוי מונטבלאן 1 ליטר,החב. הדרומית לשיווק,,,'יח,10,"ל-100 מ""ל",false,12,18.90,1.89,true,1,
288352,true,קוטל חרקים K300 סנו מיכל 630 סמ`ק,החב. הדרומית לשיווק,,,'יח,6.30,"ל-100 מ""ל",false,12,21.90,3.48,false,1,
288642,true,מרכך כביסה סנו מקסימה סנסיטיב ורוד 4 ל,החב. הדרומית לשיווק,,,'יח,40,"ל-100 מ""ל",false,6,21.90,0.55,false,1,
288840,true,מים מזוקקים,החב. הדרומית לשיווק,,,'יח,2,"ל-100 מ""ל",false,1,15.90,7.95,false,1,
289069,true,סנו Javel קצף ניקוי לימון 1 ליטר,החב. הדרומית לשיווק,,,'יח,10,"ל-100 מ""ל",false,12,18.90,1.89,true,1,
289380,true,סנו גאוול ג`ל לימון 750 מל`,החב. הדרומית לשיווק,,,'יח,7.50,"ל-100 מ""ל",false,12,10.90,1.45,false,1,
289748,true,סנו פורטה פלוס לתנורים 750 מ``ל,החב. הדרומית לשיווק,,,'יח,7.50,"ל-100 מ""ל",false,12,14.90,1.99,true,1,
292007,true,K3 פיתיון ג`ל קוטל נמלים 12 גר,החב. הדרומית לשיווק,,,'יח,0.12,ל-100 גרם,false,1,49.90,415.83,false,1,
292564,true,אינסקטל K2000 סנו נגד חרקים 750 סמ``,החב. הדרומית לשיווק,,,'יח,7.50,"ל-100 מ""ל",false,12,29.90,3.99,false,1,
293073,true,מרכך כביסה סנו מקסימה ביו לבן 4 ליטר,החב. הדרומית לשיווק,,,'יח,40,"ל-100 מ""ל",false,6,21.90,0.55,false,1,
295367,true,סנו מקסימה אפקט 2.5,החב. הדרומית לשיווק,,,'יח,25,ל-100 גרם,false,6,24.90,1,false,1,
295404,true,רב שקית סושי אשפה בנילון 60 יח 50*70,החב. הדרומית לשיווק,,,'יח,1,,false,12,24.90,24.90,false,1,
295503,true,סנו סושי צמד שקיות אוכל קרטון2*150,החב. הדרומית לשיווק,,,'יח,1,,false,15,14.90,14.90,false,1,
295558,true,סנו סושי רדיד אלומיניום צמד 0.30*7.5,החב. הדרומית לשיווק,,,'יח,1,,false,12,11.90,11.90,false,1,
295565,true,סנו רדידי אלומיניום צמד 0.45*7.5,החב. הדרומית לשיווק,,,'יח,1,,false,12,16.90,16.90,false,1,
307220,true,גרעיני תירס מתוק גלילי 340 גרם בדץ,ויטה פרי גליל (החדשה) בע`מ,,,'יח,3.40,ל-100 גרם,false,1,5.90,1.74,true,1,
318011,true,נקניקיות ענקניקיה 1קג`,מעדני יחיעם ( 1993 ) בע`מ,,,'יח,10,ל-100 גרם,false,10,19.90,1.99,false,1,
318127,true,נקניקיות ביס 380 גרם שקית,מעדני יחיעם ( 1993 ) בע`מ,,,'יח,3.80,ל-100 גרם,false,1,11.70,3.08,false,1,
318349,true,פסטרמה מעדן הודו מעדניה,מעדני יחיעם ( 1993 ) בע`מ,,,"ק""ג",10,ל-100 גרם,true,1,79,7.90,true,1,
318677,true,סלמי סרוולט 150 גרם,מעדני יחיעם ( 1993 ) בע`מ,,,'יח,1.50,ל-100 גרם,false,1,24.90,16.60,true,1,
319063,true,כתף בקר מפולפל 150 גרם,מעדני יחיעם ( 1993 ) בע`מ,,,'יח,1.50,ל-100 גרם,false,1,24.90,16.60,true,1,
319131,true,נקניקיות עוף 400 גרם,מעדני יחיעם ( 1993 ) בע`מ,,,'יח,4,ל-100 גרם,false,1,11.70,2.93,true,1,
319292,true,נקנקיות ווינר פלוס 1 קג,מעדני יחיעם ( 1993 ) בע`מ,,,'יח,10,ל-100 גרם,false,10,19.90,1.99,false,1,
319520,true,סלמי צרפתי 100 גרם,מעדני יחיעם ( 1993 ) בע`מ,,,'יח,1,ל-100 גרם,false,1,21.90,21.90,false,1,
341071,true,מרכך כביסה בייבי בדין 2 ליטר,יוניליוור ישראל שיווק בע`מ,,,'יח,20,"ל-100 מ""ל",false,1,18.90,0.95,false,1,
355481,true,רסק עגבניות 570 גרם,ויטה פרי גליל (החדשה) בע`מ,,,'יח,5.70,ל-100 גרם,false,1,5.90,1.04,false,1,
355498,true,רכז עגבניות %28 TOMATO פחית 580 גרם,ויטה פרי גליל (החדשה) בע`מ,,,'יח,5.80,ל-100 גרם,false,1,6.90,1.19,false,1,
364872,true,נקניקיות עוף 400 גרם,תנובה מרכז שיתופי לשיווק תוצרת,,,'יח,4,ל-100 גרם,false,1,12.90,3.23,false,1,
408316,true,דנונה טבעי 3%,שטראוס גרופ בע`מ,,,'יח,2,"ל-100 מ""ל",false,24,3.70,1.85,false,1,
416021,true,ממרח שוקולד השחר 500 גרם,השחר העולה בעמ,,,'יח,5,ל-100 גרם,false,1,13.90,2.78,false,1,
416045,true,"ממרח שוקולד השחר דלי 1 ק""ג",השחר העולה בעמ,,,'יח,1,,false,1,24.90,24.90,false,1,
416618,true,ממרח שוקולד 400 גרם פרווה השחר,השחר העולה בעמ,,,'יח,4,ל-100 גרם,false,1,11.90,2.98,false,1,
416632,true,ממרח שוקולד 1 קג פרווה השחר,השחר העולה בעמ,,,'יח,1,,false,1,24.90,24.90,false,1,
419220,true,קפה לנדוור טורקי 3*100 גרם,ש. שסטוביץ בע`מ,,,'יח,3,ל-100 גרם,false,1,19.90,6.63,false,1,
419374,true,קפה לנדוור טורקי 3*100 גרם בד`צ,ש. שסטוביץ בע`מ,,,'יח,3,למארז,false,1,19.90,6.63,false,1,
436616,true,דובשניות ברמן 180 גר`,ח.כהן סוכנות מזון ומשקאות,,,'יח,4,ל-100 גרם,false,1,6.90,1.73,true,1,
446523,true,חמאת בוטנים 350 גר`,מ.ד אטיאס סוכנויות מזון בע`מ,,,'יח,3.50,ל-100 גרם,false,1,13.90,3.97,false,1,
446547,true,חמאת בוטנים טבעית 350 גרם,מ.ד אטיאס סוכנויות מזון בע`מ,,,'יח,3.50,ל-100 גרם,false,1,13.90,3.97,false,1,
450759,true,גולש עגל טרי,באסם דבאח בעמ,,,"ק""ג",1,,true,1,59.90,59.90,false,1,
453408,true,בצק פיצה דק ומצונן מוכן לאפייה שמרית,שטראוס גרופ בע`מ,,,'יח,3,ל-100 גרם,false,1,15.90,5.30,false,1,
453415,true,בצק עלים מצונן ומוכן לאפייה שמרית300ג,שטראוס גרופ בע`מ,,,'יח,3,ל-100 גרם,false,1,14.90,4.97,false,1,
453422,true,בצק פילו מוכן לאפייה שמרית 300 גרם,שטראוס גרופ בע`מ,,,'יח,3,ל-100 גרם,false,1,14.90,4.97,false,1,
453781,true,שמרים יבשים 125 גרם שמרית,שטראוס גרופ בע`מ,,,'יח,1.25,ל-100 גרם,false,12,5.90,4.72,false,1,
453866,true,נטורינה קוקוס 200 לאפייה ובישול גר`,שטראוס גרופ בע`מ,,,'יח,2,ל-100 גרם,false,40,7.90,3.95,false,1,
461724,true,בייגלה שמיניות גדולות עם שומשום 400,יוניליוור ישראל שיווק בע`מ,,,'יח,4,ל-100 גרם,false,1,14.90,3.73,false,1,
462981,true,זחוק חריף אש 150 גרם,שטראוס גרופ בע`מ,,,'יח,1.50,ל-100 גרם,false,1,8.90,5.93,false,1,
467153,true,חומוס סמיר הגדול צבר 400 גרם,קבוצת אסם סחר,,,'יח,4,ל-100 גרם,false,1,14.90,3.73,false,1,
467320,true,חומוס אבו מרוואן צבר 400 גרם,קבוצת אסם סחר,,,'יח,4,ל-100 גרם,false,1,14.90,3.73,false,1,
467511,true,"ביסלי ברביקיו 55 גרם כשל""פ",קבוצת אסם סחר,,,'יח,0.55,ל-100 גרם,false,1,3.90,7.09,true,1,
468747,true,ביסלי גריל 55 גר`,קבוצת אסם סחר,,,'יח,0.55,ל-100 גרם,false,1,3.90,7.09,true,1,
468877,true,ביסלי בצל 55 גר`,קבוצת אסם סחר,,,'יח,0.55,ל-100 גרם,false,1,3.90,7.09,true,1,
474502,true,גבינה לבנה 5% 250 גרם,החברה המרכזית להפצה,,,'יח,2.50,ל-100 גרם,false,1,4.98,1.99,false,1,
480107,true,קוואקר ש.שועל פחית 500 גרם,שטראוס פריטו ליי בע`מ,,,'יח,5,ל-100 גרם,false,1,13.90,2.78,false,1,
484747,true,ארק עלית 40% 700 מ`ל עם פקק ייחודי,מ.ד אטיאס סוכנויות מזון בע`מ,,,'יח,7,"ל-100 מ""ל",false,1,59.90,8.51,false,1,
490762,true,גלידל שוקו 8 יח`,פלקו בעמ חברה ישראלית,,,'יח,1,ל-100 גרם,false,1,29.90,29.90,false,1,
493183,true,רוטב פטריות שקית 30 גרם כשלפ,קבוצת אסם סחר,,,'יח,0.30,ל-100 גרם,false,1,4.20,14,false,1,
497044,true,לחם ברמן אקטיב 750 גר`,מאפיית י.את א. ברמן בעמ,,,'יח,7.50,ל-100 גרם,false,1,16.90,2.25,true,1,
497112,true,לחם אחיד פרוס ברמן 750 גר`,מאפיית י.את א. ברמן בעמ,,,'יח,7.50,ל-100 גרם,false,1,7.11,0.95,false,1,
497198,true,ברמן פיתות אסלי 10יח`,מאפיית י.את א. ברמן בעמ,,,'יח,1,ל-100 גרם,false,1,11.90,11.90,false,1,
497204,true,ברמן פיתות אסלי 5יח`,מאפיית י.את א. ברמן בעמ,,,'יח,1,ל-100 גרם,false,1,6.90,6.90,false,1,
497228,true,לחמניות 6 בשקית,מאפיית י.את א. ברמן בעמ,,,'יח,1,ל-100 גרם,false,1,10.90,10.90,false,1,
497303,true,לחמניות מקמח מלא 6 בשקית,מאפיית י.את א. ברמן בעמ,,,'יח,1,ל-100 גרם,false,1,12.90,12.90,false,1,
497426,true,ברמן לענין פלוס 500 גר`,מאפיית י.את א. ברמן בעמ,,,'יח,5,ל-100 גרם,false,1,15.90,3.18,false,1,
497532,true,ברמן לעניין 750 גר`,מאפיית י.את א. ברמן בעמ,,,'יח,7.50,ל-100 גרם,false,1,15.90,2.12,false,1,
497570,true,לחם דגנים פלוס ברמן 500 גר`,מאפיית י.את א. ברמן בעמ,,,'יח,5,ל-100 גרם,false,1,15.90,3.18,false,1,
498003,true,לחם מקמח מלא E-FREE,מאפיית י.את א. ברמן בעמ,,,'יח,1,ל-100 גרם,false,1,16.90,16.90,false,1,
498034,true,לחם מקמח כוסמין E-FREE,מאפיית י.את א. ברמן בעמ,,,'יח,1,ל-100 גרם,false,1,16.90,16.90,false,1,
498256,true,לחמניות מדברות 10 בשקית,מאפיית י.את א. ברמן בעמ,,,'יח,1,ל-100 גרם,false,1,12.90,12.90,false,1,
518220,true,סוכרה דיאט 100 שקיות 80 גרם,מתוק וקל בע`מ,,,'יח,1,,false,1,26.90,26.90,false,1,
518879,true,סוכרה דיאט 250 שק`,מתוק וקל בע`מ,,,'יח,1,,false,1,59.90,59.90,false,1,
523125,true,מלח הארץ יבש 250 גרם,סוגת,,,'יח,2.50,ל-100 גרם,false,1,5.50,2.20,false,1,
523224,true,מלח הארץ שולחן מעולה 500 גרם,סוגת,,,'יח,5,ל-100 גרם,false,1,7.90,1.58,false,1,
530598,true,נקניקיות עוף ויינר טרי 500 גרם,נקניק זוגלובק נהריה,,,'יח,5,ל-100 גרם,false,1,14.90,2.98,true,1,
537566,true,נקניקיות עוף טרי 400 גר`,נקניק זוגלובק נהריה,,,'יח,4,ל-100 גרם,false,1,13.90,3.48,true,1,
554402,true,מעדן מלבי חלבי 160 גרם,מחלבות גד בעמ`,,,'יח,1.60,"ל-100 מ""ל",false,1,5.90,3.69,true,1,
554532,true,גבינה צפתית מעודנת 5% 200 גרם,מחלבות גד בעמ`,,,'יח,2,ל-100 גרם,false,1,14.90,7.45,false,1,
554600,true,גבינת מוצרלה מגורדת 22% 300 גרם,מחלבות גד בעמ`,,,'יח,3,ל-100 גרם,false,1,24.90,8.30,false,1,
554624,true,מעדן ירח מתוק %3 150 מל,מחלבות גד בעמ`,,,'יח,1.50,"ל-100 מ""ל",false,1,5.90,3.93,true,1,
554686,true,גבינה לאבנה עם זעתר ושמן זית 250 גרם,מחלבות גד בעמ`,,,'יח,2.50,ל-100 גרם,false,1,13.90,5.56,false,1,
554822,true,גבינת ריקוטה 5% 250 גרם,מחלבות גד בעמ`,,,'יח,2.50,ל-100 גרם,false,1,13.90,5.56,true,1,
554839,true,גבינה מוקצפת מסקרפונה %38 250 גרם,מחלבות גד בעמ`,,,'יח,2.50,ל-100 גרם,false,1,19.90,7.96,false,1,
561097,true,תערובת פיצוחים מובחרת 150 גרם,בוטנת בעמ חברה לקלייה ואריזת פ,,,'יח,1.50,ל-100 גרם,false,1,14.90,9.93,false,1,
561158,true,תערובת אגוזים וחמוציות 150 גרם,בוטנת בעמ חברה לקלייה ואריזת פ,,,'יח,1.50,ל-100 גרם,false,1,11.90,7.93,true,1,
561189,true,חמוציות 200 גר` שקית,בוטנת בעמ חברה לקלייה ואריזת פ,,,'יח,2,ל-100 גרם,false,1,12.90,6.45,false,1,
561332,true,אגוזי מלך קלופים 150 גר`,בוטנת בעמ חברה לקלייה ואריזת פ,,,'יח,1.50,ל-100 גרם,false,1,11.90,7.93,true,1,
561905,true,חמוציות 200 גר`,בוטנת בעמ חברה לקלייה ואריזת פ,,,'יח,2.50,ל-100 גרם,false,1,11.70,4.68,false,1,
572055,true,חלווה ללא תוספת סוכר עם סיבים ואגוזים,אחדות ביתחרושת לטחינה חלבה,,,'יח,4,ל-100 גרם,false,1,14.90,3.73,false,1,
572086,true,טחינה אורגנית 500 גר`,אחדות ביתחרושת לטחינה חלבה,,,'יח,5,ל-100 גרם,false,1,11.90,2.38,false,1,
572208,true,חלבה וניל 100 גרם בד``צ,אחדות ביתחרושת לטחינה חלבה,,,'יח,1,ל-100 גרם,false,1,2.90,2.90,false,1,
572222,true,חלבה בלוק וניל 500 גרם בד``צ,אחדות ביתחרושת לטחינה חלבה,,,'יח,5,ל-100 גרם,false,1,10.90,2.18,false,1,
572628,true,חלבה שומשום לייט 11*25 גרם בד`,אחדות ביתחרושת לטחינה חלבה,,,'יח,2.75,ל-100 גרם,false,1,11.90,4.33,false,1,
572673,true,חלבה וניל קקאו ואגוזים 12*25 ג`בד``,אחדות ביתחרושת לטחינה חלבה,,,'יח,3,ל-100 גרם,false,1,11.90,3.97,false,1,
572819,true,"טחינה שומשום טהור 100% 1 ק""ג",אחדות ביתחרושת לטחינה חלבה,,,'יח,10,ל-100 גרם,false,1,20.90,2.09,true,1,
599847,true,סופר מגבת 400 גרם,מ.א. יצור ויבוא מטליות בעמ`,,,'יח,1,,false,1,9.90,9.90,false,1,
599977,true,9 כריות יפניות שייני,מ.א. יצור ויבוא מטליות בעמ`,,,'יח,1,,false,1,9.90,9.90,false,1,
644783,true,סלמון מנות קפוא,תנובה מרכז שיתופי לשיווק תוצרת,,,"ק""ג",1,ל-100 גרם,true,1,84.90,84.90,false,1,
659312,true,פילה סלמון קפוא,תנובה מרכז שיתופי לשיווק תוצרת,,,"ק""ג",1,ל-100 גרם,true,1,74.90,74.90,false,1,
663166,true,פילה בקלה דרום אפריקאית קפוא,תנובה מרכז שיתופי לשיווק תוצרת,,,"ק""ג",1,ל-100 גרם,true,1,44.90,44.90,false,1,
688381,true,מי עדן שקט 0.5 ליטר *6 יח`להחזרה,יפאורה - שותפות מוגבלת לשיווק,,,'יח,30,"ל-100 מ""ל",false,1,12.90,0.37,true,1,
688503,true,מי עדן GYM בקבוק 6*750 מל פיקדון,יפאורה - שותפות מוגבלת לשיווק,,,'יח,45,"ל-100 מ""ל",false,1,16.70,0.33,true,1,
692203,true,אגקס נוזל לניקוי כללי לימון 2 ליטר,ש. שסטוביץ בע`מ,,,'יח,2,לליטר,false,1,23.90,11.95,false,1,
820026,true,כתף כבש טרי,באסם דבאח בעמ,,,"ק""ג",1,,true,1,89.90,89.90,false,1,
820040,true,צוואר כבש טרי,באסם דבאח בעמ,,,"ק""ג",1,,true,1,69.90,69.90,false,1,
830049,true,צלעות עגל עם עצם טרי,עוף ירושלים מהדרין בע`מ,,,"ק""ג",1,,true,1,49.90,49.90,true,1,
830050,true,צלעות עגל טרי בלי עצם,עוף ירושלים מהדרין בע`מ,,,"ק""ג",1,,true,1,59.90,59.90,true,1,
830061,true,שריר עגל טרי,בלדי בע`מ,,,"ק""ג",1,,true,1,59.90,59.90,false,1,
830063,true,אסאדו עגל טרי,עוף ירושלים מהדרין בע`מ,,,"ק""ג",1,,true,1,59.90,59.90,true,1,
830064,true,כתף עגל טרי,באסם דבאח בעמ,,,"ק""ג",1,,true,1,59.90,59.90,true,1,
830065,true,צלי כתף טרי,עוף ירושלים מהדרין בע`מ,,,"ק""ג",1,,true,1,89.90,89.90,false,1,
830087,true,אוסובוקו טרי,באסם דבאח בעמ,,,"ק""ג",1,,true,1,54.90,54.90,false,1,
830094,true,סטייק אנגוס טרי,באסם דבאח בעמ,,,"ק""ג",1,,true,1,139.90,139.90,true,1,
830100,true,סטייק אנטריקוט עם עצם טרי,באסם דבאח בעמ,,,"ק""ג",1,,true,1,99.90,99.90,false,1,
830124,true,עצם ברך טרי,באסם דבאח בעמ,,,"ק""ג",1,,true,1,24.90,24.90,false,1,
830148,true,סינטה בקר טרי,עוף ירושלים מהדרין בע`מ,,,"ק""ג",1,,true,1,119.90,119.90,false,1,
830150,true,שייטל טרי,באסם דבאח בעמ,,,"ק""ג",10,ל-100 גרם,true,1,89.90,8.99,true,1,
830179,true,בשר ראש עגל טרי,באסם דבאח בעמ,,,"ק""ג",1,,true,1,49.90,49.90,false,1,
830209,true,רגל בקר טרי,באסם דבאח בעמ,,,"ק""ג",1,,true,1,39.90,39.90,false,1,
830261,true,בשר טחון פרמיום טרי,באסם דבאח בעמ,,,"ק""ג",1,,true,1,45.90,45.90,true,1,
860015,true,עוף מוכשר שלם,קורניש חן (1987) בעמ,,,"ק""ג",1,,true,1,19.90,19.90,false,1,
860016,true,פילה עוף מוכשר,עוף טוב ( שאן) בעמ,,,"ק""ג",1,,true,1,39.90,39.90,true,1,
860022,true,עוף מוכשר מפורק,טל הל יסכה בעמ,,,"ק""ג",1,,true,1,25.90,25.90,false,1,
860039,true,כרעיים עוף מוכשר,קורניש חן (1987) בעמ,,,"ק""ג",1,,true,1,28.90,28.90,true,1,
860046,true,ירכיים עוף מוכשר,טל הל יסכה בעמ,,,"ק""ג",1,,true,1,27.90,27.90,false,1,
860053,true,שוקיים עוף מוכשר,קורניש חן (1987) בעמ,,,"ק""ג",1,,true,1,29.90,29.90,true,1,
860060,true,כנף עוף מוכשר,קורניש חן (1987) בעמ,,,"ק""ג",1,"ק""ג",true,1,9.90,9.90,true,1,
860077,true,פרגית עוף מוכשר,קורניש חן (1987) בעמ,,,"ק""ג",1,,true,1,79.90,79.90,false,1,
860084,true,סטייק פרגית מוכשר,קורניש חן (1987) בעמ,,,"ק""ג",7.50,ל-100 גרם,true,1,59.90,7.99,true,1,
860107,true,חזה עוף שלם מוכשר,טל הל יסכה בעמ,,,"ק""ג",1,,true,1,34.90,34.90,true,1,
860114,true,שניצל עוף פרוס מוכשר,קורניש חן (1987) בעמ,,,"ק""ג",1,"ק""ג",true,1,42.90,42.90,true,1,
860116,true,שניצל פרימיום,קורניש חן (1987) בעמ,,,"ק""ג",1,,true,1,42.90,42.90,false,1,
860121,true,טחון עוף,טל הל יסכה בעמ,,,"ק""ג",1,,true,1,35.90,35.90,false,1,
860138,true,כבד עוף טרי[לצליה בלבד לאחר הבישול},קורניש חן (1987) בעמ,,,"ק""ג",7,"ל-100 מ""ל",true,1,16.90,2.41,true,1,
860145,true,לב עוף טרי[לצליה בלבד],קורניש חן (1987) בעמ,,,"ק""ג",7,"ל-100 מ""ל",true,1,27.90,3.99,false,1,
860176,true,קורקבן עוף,קורניש חן (1987) בעמ,,,"ק""ג",1,,true,1,9.90,9.90,false,1,
860179,true,נתח קצבים(רוטפלש}טרי,בקר תנובה-שותפות מוגבלת,,,"ק""ג",1,,true,1,109.90,109.90,false,1,
862149,true,ירך הודו זכר,עוף טוב ( שאן) בעמ,,,"ק""ג",1,,true,1,51.90,51.90,false,1,
870014,true,חזה הודו נקבה.,קורניש חן (1987) בעמ,,,"ק""ג",1,,true,1,28.90,28.90,false,1,
870021,true,שניצל הודו פרוס,טל הל יסכה בעמ,,,"ק""ג",1,,true,1,34.90,34.90,false,1,
870038,true,שווארמה הודו,קורניש חן (1987) בעמ,,,"ק""ג",1,,true,1,69.90,69.90,false,1,
870069,true,שוקיים הודו,קורניש חן (1987) בעמ,,,"ק""ג",1,,true,1,27.90,27.90,false,1,
870076,true,כנף הודו,קורניש חן (1987) בעמ,,,"ק""ג",1,,true,1,14.90,14.90,false,1,
870083,true,נתחי הודו,קורניש חן (1987) בעמ,,,"ק""ג",1,,true,1,24.90,24.90,false,1,
870151,true,גרון הודו נקבה,טל הל יסכה בעמ,,,"ק""ג",1,,true,1,21.90,21.90,false,1,
870168,true,גרון הודו זכר,קורניש חן (1987) בעמ,,,"ק""ג",1,,true,1,29.90,29.90,false,1,
870175,true,ישבן הודו,קורניש חן (1987) בעמ,,,"ק""ג",1,,true,1,6.90,6.90,false,1,
870199,true,חזה הודו טחון,טל הל יסכה בעמ,,,"ק""ג",1,,true,1,31.90,31.90,false,1,
880012,true,דג אמנון בינוני טרי,ב.ס דוקטור דג בעמ,,,"ק""ג",1,,true,1,29.90,29.90,true,1,
880013,true,דג אמנון רמבו טרי,ב.ס דוקטור דג בעמ,,,"ק""ג",1,,true,1,33.90,33.90,true,1,
880014,true,דג בורי ג`מבו טרי,ב.ס דוקטור דג בעמ,,,"ק""ג",1,,true,1,51.90,51.90,true,1,
880015,true,דג ברמונדי טרי,ב.ס דוקטור דג בעמ,,,"ק""ג",1,,true,1,49.90,49.90,true,1,
880016,true,דג בס טרי,ב.ס דוקטור דג בעמ,,,"ק""ג",1,,true,1,49,49,true,1,
880017,true,דג דניס מדיום טרי,ב.ס דוקטור דג בעמ,,,"ק""ג",1,,true,1,49.90,49.90,false,1,
880021,true,דג פילה סלמון טרי,ב.ס דוקטור דג בעמ,,,"ק""ג",1,,true,1,99.90,99.90,false,1,
880022,true,דג קרפיון טרי,ב.ס דוקטור דג בעמ,,,"ק""ג",1,,true,1,29.90,29.90,true,1,
880024,true,דג לברק XL טרי,ב.ס דוקטור דג בעמ,,,"ק""ג",1,,true,1,69.90,69.90,true,1,
880035,true,סלמון שלם טרי,ב.ס דוקטור דג בעמ,,,"ק""ג",1,,true,1,64.90,64.90,true,1,
880039,true,דג במבצע,ב.ס דוקטור דג בעמ,,,"ק""ג",1,,true,1,25,25,false,1,
880044,true,דניס שלם XL,ב.ס דוקטור דג בעמ,,,"ק""ג",1,,true,1,64.90,64.90,true,1,
986708,true,ענבים שחורים,ביכורי השדה הצפון בעמ` 1964,,,"ק""ג",1,,true,1,19.90,19.90,false,1,
993461,true,עגבניה שרי פרימיום,ביכורי השדה הצפון בעמ` 1964,,,'יח,1,,false,1,10.90,10.90,false,1,
993560,true,עגבניה שרי ליקופן,ביכורי השדה הצפון בעמ` 1964,,,'יח,1,,false,1,10.90,10.90,false,1,
995410,true,נבטים סינים,ביכורי השדה הצפון בעמ` 1964,,,'יח,1,,false,1,6.90,6.90,false,1,
1001578,true,חזה עוף ארוז קפוא,עוף ירושלים מהדרין בע`מ,,,"ק""ג",0,"ק""ג",true,1,29.90,29.90,false,1,
1001608,true,שוקיים עוף ארוז קפוא,עוף ירושלים מהדרין בע`מ,,,"ק""ג",0,"ק""ג",true,1,27.90,27.90,false,1,
1121672,true,פסטרמה מעודנת בפפריקה 300 גרם,מעדני יחיעם ( 1993 ) בע`מ,,,'יח,0.30,ל-100 גרם,false,1,26.90,89.67,true,1,
1136287,true,נקה 7 שמפו לשיער רגיל 750 מל,החב. הדרומית לשיווק,,,'יח,7.50,"ל-100 מ""ל",false,1,11.90,1.59,true,1,
1136294,true,נקה 7 שמפו לשיער יבש 750 מל,החב. הדרומית לשיווק,,,'יח,7.50,"ל-100 מ""ל",false,1,11.90,1.59,true,1,
1136300,true,נקה 7 שמפו לסירוק קל 750מל,החב. הדרומית לשיווק,,,'יח,7.50,"ל-100 מ""ל",false,12,11.90,1.59,true,1,
1136683,true,נקה 7 מרכך לכל סוגי השיער 750 מל,החב. הדרומית לשיווק,,,'יח,7.50,"ל-100 מ""ל",false,1,11.90,1.59,true,1,
1136799,true,נקה תחליב רחצה ורוד יסמין 1 ל`,החב. הדרומית לשיווק,,,'יח,10,לליטר,false,12,13.90,1.39,false,1,
1136973,true,נקה תחליב רחצה לבן קמומיל 1 ל`,החב. הדרומית לשיווק,,,'יח,1,,false,12,13.90,13.90,false,1,
1247068,true,ספרינג נקטר תות בננה 1 ליטר קרטון,יפאורה - שותפות מוגבלת לשיווק,,,'יח,10,"ל-100 מ""ל",false,1,6.90,0.69,false,1,
1247082,true,ספרינג מיץ עגבניות קרטון 1 ליטר,יפאורה - שותפות מוגבלת לשיווק,,,'יח,10,"ל-100 מ""ל",false,1,6.90,0.69,false,1,
1247105,true,ספרינג נקטר אפרסקים קרטון 1 ליטר,יפאורה - שותפות מוגבלת לשיווק,,,'יח,10,"ל-100 מ""ל",false,1,6.90,0.69,false,1,
1247129,true,ספרינג נקטר תפוזים 1 ליטר קרטון,יפאורה - שותפות מוגבלת לשיווק,,,'יח,10,"ל-100 מ""ל",false,1,6.90,0.69,false,1,
1274934,true,מאגדת גלידל פרי לימון 8 יח`,פלקו בעמ חברה ישראלית,,,'יח,1,ל-100 גרם,false,1,21.90,21.90,false,1,
1302194,true,ביסלי פלאפל 55 גר`,קבוצת אסם סחר,,,'יח,0.55,ל-100 גרם,false,1,3.90,7.09,true,1,
1302279,true,במבה קלאסי *60,קבוצת אסם סחר,,,'יח,0.60,ל-100 גרם,false,1,3.90,6.50,true,1,
1305188,true,פלמוליב נוזל כלים צהוב לימון 750 מ``,ש. שסטוביץ בע`מ,,,'יח,7.50,"ל-100 מ""ל",false,1,11.90,1.59,true,1,
1322031,true,כתף קפוא מס`4,בלדי בע`מ,,,"ק""ג",1,,true,1,34.90,34.90,false,1,
1419779,true,וופל קלאסי 200 גר`,מ.ד אטיאס סוכנויות מזון בע`מ,,,'יח,2,ל-100 גרם,false,1,3.90,1.95,true,1,
1436790,true,מרגז מיני אקסטרה חריף 500 גר`קפוא,בלדי בע`מ,,,'יח,5,ל-100 גרם,false,8,27.90,5.58,true,1,
1455418,true,סטייק טונה בוואקום,בלדי בע`מ,,,"ק""ג",1,ל-100 גרם,true,10,39.90,39.90,false,1,
1455456,true,נסיכת הנילוס פרוס,בלדי בע`מ,,,"ק""ג",1,ל-100 גרם,true,1,69.90,69.90,true,1,
1459928,true,גזר גמדי 800 גר`,בלדי בע`מ,,,'יח,8,ל-100 גרם,false,12,9.90,1.24,false,1,
1459935,true,אפונה 800 גרם,בלדי בע`מ,,,'יח,8,ל-100 גרם,false,12,9.90,1.24,false,1,
1459942,true,אפונה וגזר שלמה 800 גר`,בלדי בע`מ,,,'יח,8,ל-100 גרם,false,12,9.90,1.24,false,1,
1482186,true,חתיכות אננס בסירופ קל 565 גרם,ג. וילי-פוד אינטרנשיונל בע`מ,,,'יח,5.65,ל-100 גרם,false,1,6.90,1.22,false,1,
1484739,true,אצבעות אנטריקוט אסאדו קפוא,בלדי בע`מ,,,'יח,10,ל-100 גרם,true,1,59.90,5.99,false,1,
1567555,true,פסטרמה מעודנת עם דבש 300 גר`,מעדני יחיעם ( 1993 ) בע`מ,,,'יח,3,ל-100 גרם,false,1,26.90,8.97,true,1,
1567906,true,פסטרמה מעודנת 200 גרם,מעדני יחיעם ( 1993 ) בע`מ,,,'יח,2,ל-100 גרם,false,1,12.90,6.45,false,1,
1567937,true,נקניק איטלקי מפולפל 200 גר`,מעדני יחיעם ( 1993 ) בע`מ,,,'יח,2,ל-100 גרם,false,1,12.90,6.45,false,1,
1594117,true,פחית פאנטה ענבים 330 מל`,החברה המרכזית להפצת משקאות בע`,,,'יח,3.30,"ל-100 מ""ל",false,24,5.20,1.48,true,1,
1594568,true,בירה קרלסברג פחית להחזרה 500 מל,החברה המרכזית להפצת משקאות בע`,,,'יח,5,"ל-100 מ""ל",false,24,9.20,1.78,false,1,
1594575,true,בירה טובורג פחית להחזרה 500 מל,החברה המרכזית להפצת משקאות בע`,,,'יח,5,"ל-100 מ""ל",false,24,8.90,1.72,true,1,
1594810,true,בירה שחורה מאלטי בקבוק 6*330מל,החברה המרכזית להפצת משקאות בע`,,,'יח,15,"ל-100 מ""ל",false,4,29.90,1.87,false,1,
1594858,true,בירה טובורג בקבוק להחזרה 6*330 מל,החברה המרכזית להפצת משקאות בע`,,,'יח,19.80,"ל-100 מ""ל",false,4,34.90,1.67,true,1,
1594865,true,בירה קרלסברג בקבוק 6*330 מ``,החברה המרכזית להפצת משקאות בע`,,,'יח,19.80,"ל-100 מ""ל",false,4,34.90,1.67,true,1,
1670224,true,מלית פרג למילוי דברי מאפה 400 גרם,הנמל אריזות ושיווק 1984 בע`מ,,,'יח,4,ל-100 גרם,false,6,12.90,3.23,true,1,
1670255,true,כוסות חד פעמי שתיה חמה,הנמל אריזות ושיווק 1984 בע`מ,,,'יח,1,,false,1,13.90,13.90,false,1,
1670651,true,גריל חד פעמי קטן,הנמל אריזות ושיווק 1984 בע`מ,,,'יח,1,'יח,false,1,11.90,11.90,false,1,
1696019,true,צימוק בהיר 200 גר`,בוטנת בעמ חברה לקלייה ואריזת פ,,,'יח,2,ל-100 גרם,false,1,10.60,5.30,false,1,
1713167,true,מתז קצף ניקוי 1 ליטר,קומפלקס כימקלים בעמ`,,,'יח,1,,false,1,9.90,9.90,true,1,
1713884,true,מיקופייבר מטליות רצפה שלישייה,קומפלקס כימקלים בעמ`,,,'יח,1,,false,1,14.90,14.90,true,1,
1713891,true,מיקופייבר חמישייה לניקוי שיש,קומפלקס כימקלים בעמ`,,,'יח,1,,false,1,7.90,7.90,true,1,
1713921,true,אקונומיקה ריחנית 4 ליטר,קומפלקס כימקלים בעמ`,,,'יח,4,לליטר,false,1,9.90,2.48,true,1,
1813478,true,עוגיות חיוכים וניל 6 יח `900גרם,שטראוס גרופ בע`מ,,,'יח,9,ל-100 גרם,false,6,21.90,2.43,true,1,
1835388,true,פרמיו חטיף סטריפס לכלב 85גר,שחורי אריה ואנסטסיה,,,'יח,0.85,ל-100 גרם,false,1,14.90,17.53,false,1,
1901656,true,קפילטפיש 7 קציצות-היימיש,מ.ד אטיאס סוכנויות מזון בע`מ,,,'יח,5.40,ל-100 גרם,false,1,12.90,2.39,false,1,
1990261,true,חומוס 1 קג`,סוגת,,,'יח,10,ל-100 גרם,false,1,13.90,1.39,false,1,
1990278,true,שעועית לבנה 1קג`,סוגת,,,'יח,10,ל-100 גרם,false,1,16.90,1.69,true,1,
2007302,true,סוכריות אחיד 100 גרם,הנמל אריזות ושיווק 1984 בע`מ,,,'יח,1,ל-100 גרם,false,1,4.90,4.90,false,1,
2008828,true,סוכריות צבעוניות לקישוט,הנמל אריזות ושיווק 1984 בע`מ,,,'יח,2,ל-100 גרם,false,1,7.90,3.95,false,1,
2008934,true,סוכריות צבעוניות לקישוט,הנמל אריזות ושיווק 1984 בע`מ,,,'יח,2,ל-100 גרם,false,15,7.90,3.95,false,1,
2008989,true,קישקשים 225 יח`,הנמל אריזות ושיווק 1984 בע`מ,,,'יח,1,,false,24,6.90,6.90,false,1,
2019763,true,עגבניות מרוסקות 800 גרם פרי ניר,אבאל יזמות בעמ,,,'יח,8,ל-100 גרם,false,1,6.40,0.80,false,1,
2019787,true,רסק עגבניות טבע טרי %22 260 גרם פרי ני,מ.ד אטיאס סוכנויות מזון בע`מ,,,'יח,2.60,ל-100 גרם,false,1,3.90,1.50,true,1,
2019794,true,רסק עגבניות טבע טרי %100 100 גרם פרי,מ.ד אטיאס סוכנויות מזון בע`מ,,,'יח,1,ל-100 גרם,false,1,1.90,1.90,true,1,
2026358,true,ציפס בטטה קרינקל,מוצרי איכות אמריקאים,,,'יח,10,ל-100 גרם,false,1,16.90,1.69,false,1,
2026365,true,טבעות בצל,מוצרי איכות אמריקאים,,,'יח,8,ל-100 גרם,false,1,11.90,1.49,false,1,
2026587,true,וופל בלגי פרווה,מוצרי איכות אמריקאים,,,'יח,7,ל-100 גרם,false,1,14.90,2.13,true,1,
2026976,true,גלידת בן & ג`ריס 500 מל` שוקולד מילק&ק,מוצרי איכות אמריקאים,,,'יח,5,"ל-100 מ""ל",false,1,19.90,3.98,true,1,
2037057,true,לחם לבן פרוס 500 גרם,מאפיית י.את א. ברמן בעמ,,,'יח,5,ל-100 גרם,false,1,6.10,1.22,false,1,
2037194,true,לחם שחור מקמח מלא ברמן 750 גר`,מאפיית י.את א. ברמן בעמ,,,'יח,7.50,ל-100 גרם,false,1,12.90,1.72,false,1,
2037309,true,לחמניות המבורגר 8בשקית ברמן,מאפיית י.את א. ברמן בעמ,,,'יח,1,ל-100 גרם,false,1,12.90,12.90,false,1,
2037637,true,חליה מתוקה 4 בשקית ברמן,מאפיית י.את א. ברמן בעמ,,,'יח,1,ל-100 גרם,false,1,12.90,12.90,false,1,
2040095,true,קוסקוס מארז שלישייה,הנמל אריזות ושיווק 1984 בע`מ,,,'יח,3.50,ל-100 גרם,false,8,15.90,4.54,false,1,
2043225,true,ציפס אורז חום פפריקה 60 גר`,א.ל. ייצור ושיווק תבלינים בע`מ,,,'יח,0.60,ל-100 גרם,false,1,6.90,11.50,true,1,
2043782,true,ציפס אורז חום טקסס ברביקיו 60 גר`,א.ל. ייצור ושיווק תבלינים בע`מ,,,'יח,0.60,ל-100 גרם,false,1,6.90,11.50,true,1,
2057017,true,זיתים נובו ענק A-2 יבנה 540 גר`,קבוצת יבנה,,,'יח,5.40,ל-100 גרם,false,1,9.90,1.83,false,1,
2057031,true,זיתים מבוקע פיקנטי A-2 יבנה 540 גר`,קבוצת יבנה,,,'יח,5.60,ל-100 גרם,false,1,9.90,1.77,false,1,
2057086,true,זיתים מנזלינו גדול 43 או`יבנה,קבוצת יבנה,,,'יח,5.40,ל-100 גרם,false,1,19.90,3.69,false,1,
2057093,true,זיתים מנזלינו ירוק גדול A-2 יבנה 540 ג,קבוצת יבנה,,,'יח,5.40,ל-100 גרם,false,1,8.90,1.65,false,1,
2057109,true,זיתים מנזלינו ירוק גדול A-2 יבנה 540 ג,קבוצת יבנה,,,'יח,5.40,ל-100 גרם,false,1,9.90,1.83,false,1,
2057123,true,זיתים חרוזית A-2 יבנה 540 גר`,קבוצת יבנה,,,'יח,5.40,ל-100 גרם,false,1,9.90,1.83,true,1,
2057130,true,זיתים חרוזית 43 או`יבנה,קבוצת יבנה,,,'יח,5.40,ל-100 גרם,false,1,22.90,4.24,false,1,
2057161,true,זיתים מרינט ביין גדול מאוד יבנה 540 גר,קבוצת יבנה,,,'יח,5.40,ל-100 גרם,false,1,10.90,2.02,false,1,
2057185,true,זיתים טבעות ירוקים A-2 יבנה 540 גר`,קבוצת יבנה,,,'יח,5.40,ל-100 גרם,false,1,9.90,1.83,false,1,
2057314,true,מלפפון במלח 15-20 יבנה 1.300 ק`ג,קבוצת יבנה,,,'יח,13,ל-100 גרם,false,1,14.90,1.15,false,1,
2057369,true,מלפפון במלח 10-12 A-2 ביבנה 540 גר`,קבוצת יבנה,,,'יח,5.40,ל-100 גרם,false,1,7.90,1.46,false,1,
2057376,true,מלפפון במלח 13-17 A-2 יבנה 540 גר`,קבוצת יבנה,,,'יח,5.40,ל-100 גרם,false,1,10.90,2.02,true,1,
2057383,true,מלפפון במלח 18-25 A-2 יבנה 540 גר`,קבוצת יבנה,,,'יח,5.40,ל-100 גרם,false,1,13.90,2.57,false,1,
2057437,true,שיפקונית קבוצת יבנה,קבוצת יבנה,,,'יח,5.40,ל-100 גרם,false,1,10.90,2.02,false,1,
2057475,true,מלפפון בחומץ 13-17 יבנה 540 גר`,קבוצת יבנה,,,'יח,5.40,ל-100 גרם,false,1,10.90,2.02,true,1,
2057604,true,שיפקה A-2 יבנה 540 גר`,קבוצת יבנה,,,'יח,5.40,ל-100 גרם,false,1,5.90,1.09,false,1,
2057628,true,זיתים טבעות מושחר A-2 יבנה 540 גר`,קבוצת יבנה,,,'יח,5.40,ל-100 גרם,false,1,9.90,1.83,false,1,
2057703,true,חצילים A-2 יבנה 540 גר`,קבוצת יבנה,,,'יח,5.40,ל-100 גרם,false,1,6.90,1.28,false,1,
2096009,true,דובשניות חפץ 450 גרם,מ.ד אטיאס סוכנויות מזון בע`מ,,,'יח,4.50,ל-100 גרם,false,1,10.90,2.42,false,1,
2107798,true,גבינה בולגרית בקר 5% בגביע 250 ג,החברה המרכזית להפצה,,,'יח,2.50,ל-100 גרם,false,1,22.90,9.16,false,1,
2118398,true,צימרונים ביוטי מרובע 200 יח`,הנמל אריזות ושיווק 1984 בע`מ,,,'יח,1,ל-100 גרם,false,12,3.90,3.90,false,1,
2129479,true,פיצה איטלקית דקה שלושת האופים,נטו מלינדה סחר בע`מ,,,'יח,3.20,ל-100 גרם,false,14,15.90,4.97,false,1,
2129486,true,פיצה איטלקית דקה שלושת האופים,נטו מלינדה סחר בע`מ,,,'יח,3.40,ל-100 גרם,false,14,15.90,4.68,false,1,
2130581,true,דבש טהור פרחי בר יד מרדכי 1 ק``ג,שטראוס גרופ בע`מ,,,'יח,10,"ק""ג",false,6,42.90,4.29,false,1,
2132011,true,עוגיות מזרחיות עבאדי 400 גרם,תה ויסוצקי בע`מ,,,'יח,4,ל-100 גרם,false,1,17.90,4.48,false,1,
2157960,true,טונה במים 140 גר`מארז רביעייה ויליגר,נטו מלינדה סחר בע`מ,,,'יח,1.40,ל-100 גרם,false,1,19.90,14.21,false,1,
2195054,true,המבורגר בלדי 400גר,בלדי בע`מ,,,'יח,4,ל-100 גרם,false,12,11.90,2.98,true,1,
2195078,true,קבב כבש בלדי 400גר,בלדי בע`מ,,,'יח,4,ל-100 גרם,false,12,11.90,2.98,true,1,
2195085,true,קבב מזרחי בלדי 400 גרם,בלדי בע`מ,,,'יח,4,ל-100 גרם,false,12,11.90,2.98,true,1,
2195092,true,קבב רומני בלדי 400גר,בלדי בע`מ,,,'יח,4,ל-100 גרם,false,12,11.90,2.98,true,1,
2253174,true,שמיר טרי קצוץ מוקפא 70 גרם,קבוצת אסם סחר,,,'יח,0.70,ל-100 גרם,false,1,10.90,15.57,false,1,
2259664,true,רדיד אלומיניום דיאמונד 0.60*60,גורי ע.ע.ע. בע`מ,,,'יח,1,'יח,false,1,54.90,54.90,false,1,
2260059,true,במבה יום הולדת *60,קבוצת אסם סחר,,,'יח,0.60,ל-100 גרם,false,1,3.90,6.50,true,1,
2278528,true,כרית שבת קלין 2 יח`,מ.א. יצור ויבוא מטליות בעמ`,,,'יח,2,'יח,false,1,7.90,3.95,false,1,
2327912,true,מיני בורקס גבינה 800 גרם,נטו מלינדה סחר בע`מ,,,'יח,7,ל-100 גרם,false,12,19.90,2.84,true,1,
2331018,true,נביעות מים מינרלים בקבוק להחזרה 0.5ל,החברה המרכזית להפצת משקאות בע`,,,'יח,5,"ל-100 מ""ל",false,24,3.40,0.62,false,1,
2331490,true,נביעות מים מינרלים 1 ליטר פיקדון,החברה המרכזית להפצת משקאות בע`,,,'יח,10,"ל-100 מ""ל",false,15,3.40,0.31,true,1,
2341499,true,לשון בקר מוכשר קפוא,עוף ירושלים מהדרין בע`מ,,,"ק""ג",0,"ק""ג",true,1,29.90,29.90,false,1,
2341505,true,ראש בקר מוכשר קפוא,עוף ירושלים מהדרין בע`מ,,,"ק""ג",0,"ק""ג",true,1,59.90,59.90,false,1,
2345015,true,סינטה דקדק 250 גר`,נטו מלינדה סחר בע`מ,,,'יח,2.50,ל-100 גרם,false,1,28.90,11.56,true,1,
2345022,true,אנטריקוט דקדק 250 גר`,נטו מלינדה סחר בע`מ,,,'יח,2.50,ל-100 גרם,false,10,21.90,8.76,true,1,
2345077,true,שניצל בקר דקדק אל גאוצ`ו,נטו מלינדה סחר בע`מ,,,'יח,2.50,ל-100 גרם,false,10,17.90,7.16,true,1,
2409076,true,ג`חנון בצק 800 גרם,ציפור השרון יהוד 1990 בעמ,,,'יח,8,ל-100 גרם,false,1,13.90,1.74,false,1,
2409274,true,מלווח 800 גרם,ציפור השרון יהוד 1990 בעמ,,,'יח,8,ל-100 גרם,false,1,14.90,1.86,false,1,
2453383,true,מרגז טלה 400 גרם,זהר עופות ובשר בעמ,,,'יח,4,ל-100 גרם,false,1,24.90,6.23,false,1,
2453529,true,אנטריקוט בורגר 400 גרם,זהר עופות ובשר בעמ,,,'יח,4,ל-100 גרם,false,1,21.90,5.48,false,1,
2453697,true,קבב אנטריקוט קצבים עם שומן כבש 400 גר,זהר עופות ובשר בעמ,,,'יח,4,ל-100 גרם,false,1,21.90,5.48,false,1,
2453802,true,"קבב אסלי 1 ק""ג",זהר עופות ובשר בעמ,,,'יח,8,ל-100 גרם,false,1,32.90,4.11,false,1,
2517337,true,אורגנו עלים,תבליני טעם וריח,,,'יח,1,,false,1,5.90,5.90,false,1,
2542780,true,"בירה סטלה ארטואה שישייה 330 מ""ל",תימקו בירה בעמ`,,,'יח,19.80,"ל-100 מ""ל",false,1,34.90,1.67,true,1,
2543046,true,קלוגס פרוסטיס 750 גר`,דיפלומט מפיצים (1968) בע`מ,,,'יח,7.50,ל-100 גרם,false,12,21.90,2.92,false,1,
2543237,true,קלוגס קורנפלקס 750 גרם,דיפלומט מפיצים (1968) בע`מ,,,'יח,7.50,ל-100 גרם,false,1,14.90,1.99,false,1,
2579731,true,נר נשמה שבועי,ח.כהן סוכנות מזון ומשקאות,,,'יח,1,,false,1,9.90,9.90,false,1,
2610175,true,כרעיים עוף ארוז קפוא חתם,עוף ירושלים מהדרין בע`מ,,,"ק""ג",0,"ק""ג",true,1,27.90,27.90,false,1,
2610182,true,חזה עוף ארוז קפוא חתם,עוף ירושלים מהדרין בע`מ,,,"ק""ג",0,"ק""ג",true,1,29.90,29.90,false,1,
2610199,true,כנפיים עוף ארוז קפוא חתם,עוף ירושלים מהדרין בע`מ,,,"ק""ג",0,"ק""ג",true,1,9.90,9.90,false,1,
2610205,true,שוקיים עוף ארוז קפוא חתם,עוף ירושלים מהדרין בע`מ,,,"ק""ג",0,"ק""ג",true,1,27.90,27.90,false,1,
2610212,true,ירכיים עוף ארוז קפוא חתם,עוף ירושלים מהדרין בע`מ,,,"ק""ג",0,"ק""ג",true,1,27.90,27.90,false,1,
2610236,true,שניצל עוף פרוס ארוז קפוא חתם,עוף ירושלים מהדרין בע`מ,,,"ק""ג",0,"ק""ג",true,1,31.90,31.90,false,1,
2610250,true,כבד עוף קפוא ארוז חתם סופר,עוף ירושלים מהדרין בע`מ,,,"ק""ג",0,"ק""ג",true,1,12.90,12.90,false,1,
2610267,true,לב עוף קפוא חתם סופר,עוף ירושלים מהדרין בע`מ,,,"ק""ג",0,"ק""ג",true,1,25.90,25.90,false,1,
2610274,true,כנף עוף חצוי ארוז קפוא חתם,עוף ירושלים מהדרין בע`מ,,,"ק""ג",1,,true,1,9.90,9.90,false,1,
2628064,true,טחון בקר בלדי קפוא 500 גרם,בלדי בע`מ,,,'יח,5,ל-100 גרם,false,12,16.90,3.38,true,1,
2661153,true,לחם דני קל ברמן 1 קג,מאפיית י.את א. ברמן בעמ,,,'יח,10,ל-100 גרם,false,1,17.90,1.79,true,1,
2661443,true,פירורי לחם זהוב עדין 200 גר`,מאפיית י.את א. ברמן בעמ,,,'יח,2,ל-100 גרם,false,1,3.90,1.95,true,1,
2661474,true,פירורי לחם זהוב עם שומשום 200 גר`,מאפיית י.את א. ברמן בעמ,,,'יח,2,ל-100 גרם,false,1,3.90,1.95,true,1,
2661900,true,שמיניות שומשום 6 בשקית,מאפיית י.את א. ברמן בעמ,,,'יח,1,ל-100 גרם,false,1,12.90,12.90,false,1,
2661948,true,לחמניות כפריות ארוכות 6 בשקית,מאפיית י.את א. ברמן בעמ,,,'יח,1,ל-100 גרם,false,1,12.90,12.90,false,1,
2692478,true,שמן זית כתית מעולה 750 מל מעודן,סוגת,,,'יח,7.50,"ל-100 מ""ל",false,1,32.90,4.39,true,1,
2715528,true,מג`יק ארוחת נודלס בטעם ירקות 70 גרם,נטו מלינדה סחר בע`מ,,,'יח,7,ל-100 גרם,false,12,4.90,0.70,false,1,
2715580,true,מגי`ק ארוחת נודלס בטעם סיני 70 גרם,נטו מלינדה סחר בע`מ,,,'יח,7,ל-100 גרם,false,12,4.90,0.70,false,1,
2748229,true,כרעיים עוף ארוז קפוא,עוף ירושלים מהדרין בע`מ,,,"ק""ג",0,"ק""ג",true,1,27.90,27.90,false,1,
2748250,true,חזה עוף ארוז קפוא,עוף ירושלים מהדרין בע`מ,,,"ק""ג",0,"ק""ג",true,1,29.90,29.90,false,1,
2748274,true,כנפיים עוף ארוז קפוא,עוף ירושלים מהדרין בע`מ,,,"ק""ג",1,,true,1,9.90,9.90,false,1,
2748281,true,שוקיים עוף ארוז קפוא,עוף ירושלים מהדרין בע`מ,,,"ק""ג",0,"ק""ג",true,1,27.90,27.90,false,1,
2748298,true,ירכיים עוף ארוז קפוא,עוף ירושלים מהדרין בע`מ,,,"ק""ג",0,"ק""ג",true,1,27.90,27.90,false,1,
2748328,true,כבד עוף קפוא,עוף ירושלים מהדרין בע`מ,,,"ק""ג",0,"ק""ג",true,1,12.90,12.90,false,1,
2748335,true,לב עוף קפוא,עוף ירושלים מהדרין בע`מ,,,"ק""ג",0,"ק""ג",true,1,25.90,25.90,false,1,
2748366,true,שניצל עוף פרוס ארוז קפוא,עוף ירושלים מהדרין בע`מ,,,"ק""ג",0,"ק""ג",true,1,31.90,31.90,false,1,
2752332,true,סוכריות מנטוס פירות 37 גרם,ליימן שליסל בע`מ,,,'יח,0.3750,ל-100 גרם,false,40,2.90,7.73,false,1,
2752349,true,סוכריות מנטוס מנטה 37 גרם,ליימן שליסל בע`מ,,,'יח,0.3750,ל-100 גרם,false,40,2.90,7.73,false,1,
2752493,true,סוכריות טיק טק רביעיה 4*16 גרם,פרימיום חברה לדברי מתיקה ולמסח,,,'יח,2.50,ל-100 גרם,false,1,9.90,3.96,false,1,
2753223,true,סוכריות טיק טק תפוז 4*16 גרם,פרימיום חברה לדברי מתיקה ולמסח,,,'יח,2.50,ל-100 גרם,false,1,9.90,3.96,false,1,
2766056,true,עגבניה שרי פרימיום,ביכורי השדה הצפון בעמ` 1964,,,'יח,1,,false,1,10.90,10.90,false,1,
2775010,true,מיני בורקס פילו- וגבינה 650גר קפוא,נטו מלינדה סחר בע`מ,,,'יח,6.50,ל-100 גרם,false,12,19.90,3.06,false,1,
2814054,true,מתז אנטרטיק 1 ליטר,קומפלקס כימקלים בעמ`,,,'יח,10,"ל-100 מ""ל",false,1,9.90,0.99,true,1,
2814078,true,אנטרטיק 1 ליטר,קומפלקס כימקלים בעמ`,,,'יח,10,"ל-100 מ""ל",false,1,8.90,0.89,true,1,
2814290,true,קצף מרוכז 1 ליטר בלנאקו לימון 99.9%,קומפלקס כימקלים בעמ`,,,'יח,1,"ל-100 מ""ל",false,1,11.90,11.90,true,1,
2814580,true,טורנדו גרגירים לפתיחת סתימות 200 גר`,קומפלקס כימקלים בעמ`,,,'יח,1,,false,1,12.90,12.90,true,1,
2814603,true,מסיר שומנים סנטמוריץ מבושם 750 סמ``ק,קומפלקס כימקלים בעמ`,,,'יח,1.50,לליטר,false,1,12.90,8.60,true,1,
2814870,true,מסיר שומנים סנטמוריץ לבנדר 750 סמ``ק,קומפלקס כימקלים בעמ`,,,'יח,7.50,"ל-100 מ""ל",false,1,12.90,1.72,true,1,
2814894,true,מתז אקונומיקה קצף לוונדר 1 ליטר,קומפלקס כימקלים בעמ`,,,'יח,1,,false,1,9.90,9.90,true,1,
2814917,true,נוזל ריצפה 4 ליטר לבנדר,קומפלקס כימקלים בעמ`,,,'יח,4,לליטר,false,1,12.90,3.23,true,1,
2814931,true,נוזל ריצפה 4 ליטר ירוק אורנים,קומפלקס כימקלים בעמ`,,,'יח,40,"ל-100 מ""ל",false,1,12.90,0.32,true,1,
2824183,true,גבינת סקי %5 500 גרם,שטראוס גרופ בע`מ,,,'יח,5,ל-100 גרם,false,12,9.90,1.98,false,1,
2842002,true,קווקר בפח 500 גרם,ליימן שליסל בע`מ,,,'יח,5,ל-100 גרם,false,1,12.90,2.58,false,1,
2871248,true,בירה טובורג בקבוק 500 מל,החברה המרכזית להפצת משקאות בע`,,,'יח,5,"ל-100 מ""ל",false,20,8.90,1.54,false,1,
2871361,true,1בירה קרלסברג בקבוק חוזר 500 מל,החברה המרכזית להפצת משקאות בע`,,,'יח,5,"ל-100 מ""ל",false,20,7.90,1.34,false,1,
2881612,true,לפתן דובדבנים חמוצים 700 גר`,תומר ייבוא ושיווק מוצרי מזון [,,,'יח,7.20,ל-100 גרם,false,12,8.90,1.24,false,1,
2909569,true,פילה ברבוניה,בלדי בע`מ,,,'יח,1,'יח,false,25,21.90,21.90,false,1,
2909804,true,פילה מרלוזה[בקלה] ללא עור ארגטיני,בלדי בע`מ,,,"ק""ג",1,ל-100 גרם,true,1,31.90,31.90,true,1,
2909835,true,שמן זית כתית 750 מל`,בלדי בע`מ,,,'יח,7.50,"ל-100 מ""ל",false,1,26.90,3.59,true,1,
2909880,true,פולי סויה אדממה 400 גר`,בלדי בע`מ,,,'יח,4,ל-100 גרם,false,24,8.90,2.23,false,1,
2909972,true,שעועית ירוקה שלמה 800 גר`,בלדי בע`מ,,,'יח,8,ל-100 גרם,false,12,9.90,1.24,false,1,
2909989,true,שעועית ירוקה חתוכה 800 גר`,בלדי בע`מ,,,'יח,8,ל-100 גרם,false,12,9.90,1.24,false,1,
2919179,true,פילה מושט ללא עור,בלדי בע`מ,,,"ק""ג",10,ל-100 גרם,true,1,29.90,2.99,false,1,
2922117,true,עוגיות פרימיום אקלר,אקלר,,,'יח,3,ל-100 גרם,false,1,22.90,7.63,false,1,
2927044,true,צלי כתף מס 5,זהר עופות ובשר בעמ,,,"ק""ג",1,"ק""ג",true,1,32.90,32.90,false,1,
2927105,true,צלי כתף ברשת קפוא,זהר עופות ובשר בעמ,,,"ק""ג",1,"ק""ג",true,1,32.90,32.90,false,1,
2927358,true,סטייק אנטריקוט 800 גרם,זהר עופות ובשר בעמ,,,'יח,8,ל-100 גרם,false,1,29.90,3.74,false,1,
2927464,true,גולש עגל,זהר עופות ובשר בעמ,,,"ק""ג",1,"ק""ג",true,1,29.90,29.90,false,1,
2927518,true,טבעות פילה עגל קפוא,זהר עופות ובשר בעמ,,,"ק""ג",1,"ק""ג",true,1,34.90,34.90,false,1,
2927655,true,שניצל עגל קפוא,זהר עופות ובשר בעמ,,,"ק""ג",1,"ק""ג",true,1,34.90,34.90,false,1,
2929642,true,טונה קנולה בשמן 4*140 גרם ויליגר,נטו מלינדה סחר בע`מ,,,'יח,5.60,ל-100 גרם,false,12,19.90,3.55,false,1,
2971191,true,"קמח חיטה 1 ק""ג",ח.כהן סוכנות מזון ומשקאות,,,'יח,10,ל-100 גרם,false,1,3.90,0.39,false,1,
2977001,true,סולת 1 קג`,הטחנות הגדולות של ארץ ישראל בע,,,'יח,10,ל-100 גרם,false,1,4.90,0.49,false,1,
2977032,true,סוכר 1 קג`,הטחנות הגדולות של ארץ ישראל בע,,,'יח,10,ל-100 גרם,false,1,4.90,0.49,false,1,
2977285,true,קמח לבן מלא 100% ללא צורך בניפוי 1 קג`,הטחנות הגדולות של ארץ ישראל בע,,,'יח,10,ל-100 גרם,false,1,5.50,0.55,false,1,
2977322,true,קמח ללא ניפוי 1 קג`,הטחנות הגדולות של ארץ ישראל בע,,,'יח,10,ל-100 גרם,false,1,6.90,0.69,true,1,
2996323,true,בשר מס 8 שריר הזרוע מוכשר,נטו מלינדה סחר בע`מ,,,"ק""ג",1,,true,1,38.90,38.90,true,1,
2996330,true,בשר מס 8 שריר הזרוע מוכשר,עוף ירושלים מהדרין בע`מ,,,"ק""ג",1,,true,1,24.90,24.90,true,1,
3069590,true,דג סול ארוז קפוא,נטו מלינדה סחר בע`מ,,,"ק""ג",1,ל-100 גרם,false,1,34.90,34.90,false,1,
3069705,true,פיצה בודד בד`ץ גבינה דקה קפוא,נטו מלינדה סחר בע`מ,,,'יח,2,ל-100 גרם,false,1,2.90,1.45,false,1,
3141159,true,יוגטה מרשמלו 180 גרם,ליימן שליסל בע`מ,,,'יח,1.80,ל-100 גרם,false,18,8.90,4.94,false,1,
3287215,true,גולש בקר קפוא ארוז 800גר,בלדי בע`מ,,,'יח,5.20,ל-100 גרם,false,1,34.90,6.71,false,1,
3287253,true,נקניקיות מרגז ארוז 500גר קפוא,בלדי בע`מ,,,'יח,5,ל-100 גרם,false,8,27.90,5.58,true,1,
3287956,true,פילה לברק בוואקום,בלדי בע`מ,,,"ק""ג",1,"ק""ג",true,1,44.90,44.90,false,1,
3329229,true,פילה מדומה מס`6,בלדי בע`מ,,,"ק""ג",1,,true,1,39.90,39.90,false,1,
3401376,true,קרם לחות ועיצוב לשיער אלוורה 400 מ``,החב. הדרומית לשיווק,,,'יח,4,"ל-100 מ""ל",false,12,19.90,4.98,false,1,
3401420,true,קרם לחות ועיצוב לשיער סיליקון 400 מל,החב. הדרומית לשיווק,,,'יח,4,"ל-100 מ""ל",false,1,19.90,4.98,false,1,
3411313,true,הנמל מפה מבד לא ארוג 180*120,הנמל אריזות ושיווק 1984 בע`מ,,,'יח,1,,false,30,6.90,6.90,true,1,
3411405,true,נר נשמה,הנמל אריזות ושיווק 1984 בע`מ,,,'יח,1,,false,1,1.90,1.90,false,1,
3414406,true,ריזס נטיפים לאפייה חמאת בוטנים,ליימן שליסל בע`מ,,,'יח,6.80,ל-100 גרם,false,12,17.90,2.63,false,1,
3423909,true,קוקיז אנד קרים חטיף שוקולד לבן עם שברי,ליימן שליסל בע`מ,,,'יח,0,ל-100 גרם,false,36,4.90,4.90,false,1,
3427154,true,שמן זית זיתא כתית מעולה 750 מ``ל,תה ויסוצקי בע`מ,,,'יח,7.50,"ל-100 מ""ל",false,1,34.90,4.65,false,1,
3427178,true,שמן זית כתית 500 מ`ל,תה ויסוצקי בע`מ,,,'יח,5,"ל-100 מ""ל",false,1,29.90,5.98,true,1,
3451531,true,פילה מדומה מס`6 מוכשר קפוא,בלדי בע`מ,,,"ק""ג",1,,true,1,39.90,39.90,false,1,
3514007,true,מנה שקדי מרק 400 גר`,ש. שסטוביץ בע`מ,,,'יח,4,ל-100 גרם,false,1,8.90,2.23,false,1,
3521074,true,מרכך שיער סרקל לילדים 1 ליטר,"פישר תעשיות פרמצבטיות בע""מ",,,'יח,10,"ל-100 מ""ל",false,1,27.90,2.79,false,1,
3550753,true,טונה פוסידון בשמן 110 מארז *4,נטו מלינדה סחר בע`מ,,,'יח,4.40,ל-100 גרם,false,16,19.90,4.52,false,1,
3570164,true,מינוט שווארמה פרגית 300 גר` בלדי,בלדי בע`מ,,,'יח,3,ל-100 גרם,false,20,29.90,9.97,false,1,
3570928,true,קבב בלדי קצביה ארוז 500 גר,בלדי בע`מ,,,'יח,5,ל-100 גרם,false,8,27.90,5.58,true,1,
3571550,true,פילה טונה בוואקום[אלבקור],בלדי בע`מ,,,"ק""ג",1,ל-100 גרם,true,10,44.90,44.90,false,1,
3578108,true,לפתן אננס חתוך בסירופ 850 גרם,ג. וילי-פוד אינטרנשיונל בע`מ,,,'יח,8.50,ל-100 גרם,false,24,8.90,1.05,false,1,
3598472,true,פילה סלמון מנות בד`ץ,בלדי בע`מ,,,"ק""ג",1,ל-100 גרם,true,1,89.90,89.90,false,1,
3608621,true,קולה RC שישיה 1.5 ליטר,יפאורה - שותפות מוגבלת לשיווק,,,'יח,90,"ל-100 מ""ל",false,1,38.10,0.42,false,1,
3632220,true,שריר הזרוע מס`8,בלדי בע`מ,,,"ק""ג",1,,true,1,29.90,29.90,true,1,
3643004,true,אורז בסמטי הודי אחד אחד 1 קג,סוגת,,,'יח,10,ל-100 גרם,false,1,13.90,1.39,false,1,
3643134,true,סוגת סוכר וניל 10 יח *10גרם,סוגת,,,'יח,1,ל-100 גרם,false,1,2.50,2.50,false,1,
3643769,true,עדשים אדומים 500 גרם,סוגת,,,'יח,5,ל-100 גרם,false,1,7.90,1.58,false,1,
3718610,true,במיה 400 גרם,בלדי בע`מ,,,'יח,4,ל-100 גרם,false,25,9.90,2.48,false,1,
3718627,true,פול ירוק 400 גרם,בלדי בע`מ,,,'יח,4,ל-100 גרם,false,30,9.90,2.48,false,1,
3726615,true,טופו ויילר 300 גרם,שטראוס גרופ בע`מ,,,'יח,3,"ל-100 מ""ל",false,1,12.90,4.30,true,1,
3781850,true,קשקבל פרוסות 200 גר`,ג. וילי-פוד אינטרנשיונל בע`מ,,,'יח,5,ל-100 גרם,false,1,19.90,3.98,false,1,
3864478,true,סרדינים בשמן צמחי 120 גרם,ג. וילי-פוד אינטרנשיונל בע`מ,,,'יח,1.20,ל-100 גרם,false,50,4.90,4.08,true,1,
4033705,true,הבורגריה לחמניות המבורגר ביס לוקס 6 בש,מאפיית י.את א. ברמן בעמ,,,'יח,6,ל-100 גרם,false,1,14.90,2.48,false,1,
4033712,true,לחם עננים מקמח מלא 750 גר`,מאפיית י.את א. ברמן בעמ,,,'יח,7.50,ל-100 גרם,false,1,16.90,2.25,true,1,
4033729,true,לחם עננים כוסמין 750 גר`,מאפיית י.את א. ברמן בעמ,,,'יח,7.50,ל-100 גרם,false,1,16.90,2.25,true,1,
4033736,true,לחם עננים בסגנון בריוש,מאפיית י.את א. ברמן בעמ,,,'יח,1,ל-100 גרם,false,1,15.90,15.90,true,1,
4034467,true,סינטה קפוא מוכשר,עוף ירושלים מהדרין בע`מ,,,'יח,1,,true,1,49.90,49.90,false,1,
4048679,true,קובה למרק 1 ק`ג קפוא,נטו מלינדה סחר בע`מ,,,'יח,10,ל-100 גרם,false,8,19.90,1.99,false,1,
4063016,true,.מלח שולחן מעולה 1 ק`ג,סוגת,,,'יח,10,ל-100 גרם,false,1,1.90,0.19,false,1,
4063115,true,מלח מטבח רגיל 1 ק``ג,סוגת,,,'יח,10,ל-100 גרם,false,1,1.90,0.19,false,1,
4064099,true,מטחנה מלח מהרי ההימלאיה,סוגת,,,'יח,10,ל-100 גרם,false,1,18.90,1.89,false,1,
4064174,true,"מלח צנצנת הימלאיה דק 1 ק""ג",סוגת,,,'יח,6,ל-100 גרם,false,1,16.90,2.82,false,1,
4064181,true,"מלח צנצנת הימלאיה גס 1 ק""ג",סוגת,,,'יח,6,ל-100 גרם,false,1,16.90,2.82,false,1,
4064297,true,"מלח מועשר ביוד בצנצנת 1 ק""ג",סוגת,,,'יח,10,ל-100 גרם,false,1,9.90,0.99,false,1,
4064389,true,מלח הימלאיה דק מלחייה 250 גר`,סוגת,,,'יח,2.50,ל-100 גרם,false,1,9.90,3.96,false,1,
4068028,true,צזיקי 500 מ`ל,מחלבות גד בעמ`,,,'יח,2,ל-100 גרם,false,1,9.90,4.95,false,1,
4120566,true,גבינה מלוחה %24 בולגרית 250 גרם,תנובה חלב,,,'יח,2.50,ל-100 גרם,false,1,22.90,9.16,false,1,
4120634,true,גבינה מלוחה בולגרית %5 250 גרם,תנובה חלב,,,'יח,2.50,ל-100 גרם,false,1,21.90,8.76,false,1,
4124878,true,יופלה אגס%,תנובה חלב,,,'יח,1.50,"ל-100 מ""ל",false,1,4.60,3.07,false,1,
4125400,true,אשל מהדרין %4.5 200 מ``ל גביע,תנובה חלב,,,'יח,2,"ל-100 מ""ל",false,1,1.69,0.85,false,1,
4125417,true,גיל מהדרין %3 200 מ``ל גביע,תנובה חלב,,,'יח,2,"ל-100 מ""ל",false,1,1.51,0.76,false,1,
4125578,true,משקה סויה טרי מועשר קרטון 1 ליטר,תנובה חלב,,,'יח,10,"ל-100 מ""ל",false,1,10.90,1.09,false,1,
4125585,true,משקה סויה בטעם וניל 1 קרטון 1 ליטר,תנובה חלב,,,'יח,10,"ל-100 מ""ל",false,1,10.90,1.09,false,1,
4125738,true,"שמנת מתוקה להקצפה 32% 250 מ""ל",תנובה חלב,,,'יח,2.50,"ל-100 מ""ל",false,1,6.40,2.56,false,1,
4130794,true,משקה סויה מועשר מופחת מתיקות 1 ליטר,תנובה חלב,,,'יח,10,"ל-100 מ""ל",false,1,10.90,1.09,false,1,
4131074,true,חלב שתייה טרי בקרטון מהדרין 3% 1ליטר,תנובה חלב,,,'יח,10,"ל-100 מ""ל",false,1,6.23,0.62,false,1,
4132552,true,משקה סויה דיאט בטעם טבעי 1 ל`קרטון,תנובה חלב,,,'יח,10,"ל-100 מ""ל",false,1,10.90,1.09,false,1,
4137311,true,גבינת עמק לייט 9% נוחה לפתיחה 400גרם,תנובה חלב,,,'יח,4,ל-100 גרם,false,1,31.90,7.98,false,1,
4146986,true,נקה 7 שמפו לשיער צבוע ומובהר 750 מל,החב. הדרומית לשיווק,,,'יח,7.50,"ל-100 מ""ל",false,12,11.90,1.59,true,1,
4146993,true,נקה 7 מרכך לשיער צבוע 750 מ``ל,החב. הדרומית לשיווק,,,'יח,7.50,"ל-100 מ""ל",false,12,11.90,1.59,true,1,
4256753,true,עלי בצק לסיגר[פסטליה],נטו מלינדה סחר בע`מ,,,'יח,9,ל-100 גרם,false,1,13.90,1.54,false,1,
4456351,true,שריר הזרוע קפוא אשפר,בלדי בע`מ,,,"ק""ג",1,,true,1,49.90,49.90,false,1,
4456375,true,פילה מדומה קפוא אשפר,בלדי בע`מ,,,'יח,1,,true,1,42.90,42.90,false,1,
4470630,true,פח שירותים 6 ליטר,ד.ג.ש ייבוא ושיווק בעמ,,,'יח,1,,false,1,19.90,19.90,false,1,
4685010,true,שיפון פלוס לחם הארץ 100% 500 גר`,מאפיית י.את א. ברמן בעמ,,,'יח,5,ל-100 גרם,false,1,16.90,3.38,false,1,
4685126,true,הארץ 5 דגנים ברמן 750 גר`,מאפיית י.את א. ברמן בעמ,,,'יח,7.50,ל-100 גרם,false,1,16.90,2.25,false,1,
4685157,true,הארץ שיפון 100% ברמן 750 גר`,מאפיית י.את א. ברמן בעמ,,,'יח,7.50,ל-100 גרם,false,1,16.90,2.25,false,1,
4685195,true,הארץ 10 דגנים ברמן 750 גר`,מאפיית י.את א. ברמן בעמ,,,'יח,7.50,ל-100 גרם,false,1,16.90,2.25,false,1,
4685201,true,הארץ שיפון אגוזים 500 גר`,מאפיית י.את א. ברמן בעמ,,,'יח,5,ל-100 גרם,false,1,16.90,3.38,false,1,
4685430,true,הארץ כוסמין 100% ברמן 750 גר`,מאפיית י.את א. ברמן בעמ,,,'יח,7.50,ל-100 גרם,false,1,16.90,2.25,false,1,
4685447,true,לחמניות כוסמין ברמן 6 יח`,מאפיית י.את א. ברמן בעמ,,,'יח,1,ל-100 גרם,false,1,13.90,13.90,false,1,
4685454,true,לחם שיבולת שועל 500 גר`,מאפיית י.את א. ברמן בעמ,,,'יח,5,ל-100 גרם,false,1,17.90,3.58,false,1,
4731557,true,מרכך ומבשם Musk לכביסה 750 מל,החב. הדרומית לשיווק,,,'יח,7.50,"ל-100 מ""ל",false,12,17.90,2.39,true,1,
4731564,true,מרכך ומבשם כביסה BLUE BLOSSOM פרש 750 מל,החב. הדרומית לשיווק,,,'יח,7.50,"ל-100 מ""ל",false,1,17.90,2.39,true,1,
4731670,true,מבשם אויר דואופרש אפרסק ומנדרינה300,החב. הדרומית לשיווק,,,'יח,3,"ל-100 מ""ל",false,12,11.90,3.97,false,1,
4768294,true,פילה מושט ללא עור,בלדי בע`מ,,,"ק""ג",1,ל-100 גרם,true,1,29.90,29.90,false,1,
4914912,true,מפיץ ריח style,ד.ג.ש ייבוא ושיווק בעמ,,,'יח,1,,false,1,19.90,19.90,false,1,
4923099,true,עין גדי מים מינרלים שישיה 2 ליטר,יפאורה - שותפות מוגבלת לשיווק,,,'יח,120,"ל-100 מ""ל",false,1,11.90,0.10,false,1,
5113222,true,מיקס זיתים+גמבה A-2,קבוצת יבנה,,,'יח,5.60,ל-100 גרם,false,1,10.90,1.95,false,1,
5201882,true,קפה טורקי שקית 200 גרם,שטראוס גרופ בע`מ,,,'יח,2.40,ל-100 גרם,false,24,14.90,6.21,false,1,
5271410,true,ביצים ארוזות L 12 יח`,גליקסמן שיווק ביצים [1994] בעמ,,,'יח,1,,false,1,12.05,12.05,false,1,
5271427,true,ביצים ארוזות M 12 יח`,גליקסמן שיווק ביצים [1994] בעמ,,,'יח,1,,false,1,11.15,11.15,false,1,
5358753,true,לשון בקר חלק,נטו מלינדה סחר בע`מ,,,"ק""ג",1,,true,1,34.90,34.90,false,1,
5384837,true,מיץ לימון מלימונים טריים 500 גרם,ג. וילי-פוד אינטרנשיונל בע`מ,,,'יח,5,"ל-100 מ""ל",false,12,7,1.40,false,1,
5384851,true,מיץ לימון משומר 200 מ`ל,ג. וילי-פוד אינטרנשיונל בע`מ,,,'יח,2,"ל-100 מ""ל",false,24,4.80,2.40,false,1,
5423253,true,מרכך ומבשם כביסה אולטרא פרש 750 מל,החב. הדרומית לשיווק,,,'יח,7.50,"ל-100 מ""ל",false,12,17.90,2.39,true,1,
5423567,true,סנו סושי מטלית בגליל צהוב 40 יח,החב. הדרומית לשיווק,,,'יח,1,,false,15,19.90,19.90,false,1,
5423635,true,ריצפז פלוס נוזל לרצפה דוחה חרקים 2 ל,החב. הדרומית לשיווק,,,'יח,20,"ל-100 מ""ל",false,8,22.90,1.15,false,1,
5423734,true,מרכך כביסה סנו מקסימה כחול אולטרא פרש,החב. הדרומית לשיווק,,,'יח,40,"ל-100 מ""ל",false,6,21.90,0.55,false,1,
5424847,true,סנו סופט מפיות 30*30 150 יח`,החב. הדרומית לשיווק,,,'יח,1,,false,1,8.90,8.90,false,1,
5425127,true,מתז לחיטוי משטחים 99.9% מנקה שומנים וא,החב. הדרומית לשיווק,,,'יח,10,ל-100 גרם,false,1,14.90,1.49,true,1,
5427107,true,סנו סושי מגבות נייר לבנות 6 יח`,החב. הדרומית לשיווק,,,'יח,5.70,ל-100 גרם,false,1,12.90,2.26,false,1,
5429279,true,סנו מקסימה אבקת כביסה אפקט ג`אוול 6גר,החב. הדרומית לשיווק,,,'יח,6,ל-100 גרם,false,3,49.90,8.32,false,1,
5429286,true,סנו מקסימה אבקת כביסה ביו 6גר שקית,החב. הדרומית לשיווק,,,'יח,6,ל-100 גרם,false,3,49.90,8.32,false,1,
5431883,true,מלבי חלבי 165 גר`,תנובה חלב,,,'יח,1.50,"ל-100 מ""ל",false,1,6.90,4.60,false,1,
5431913,true,עוגת גבינה פירורים 92 גר`,תנובה חלב,,,'יח,1.50,"ל-100 מ""ל",false,1,6.90,4.60,false,1,
5431920,true,עוגת גבינה פירורים לייט 78 גר`,תנובה חלב,,,'יח,1.50,"ל-100 מ""ל",false,1,6.90,4.60,false,1,
5431968,true,מלבי שמנת 150 גר`,תנובה חלב,,,'יח,1.50,ל-100 גרם,false,1,6.90,4.60,false,1,
5559709,true,בורקס פיצה 700 גרם קפוא,תנובה מרכז שיתופי לשיווק תוצרת,,,'יח,7,ל-100 גרם,false,12,25.90,3.70,false,1,
5610509,true,צנונית,ביכורי השדה הצפון בעמ` 1964,,,'יח,1,,false,1,6.90,6.90,false,1,
5617379,true,יעה גומי מולחם,ד.ג.ש ייבוא ושיווק בעמ,,,'יח,1,,false,1,4.90,4.90,false,1,
5678585,true,ענב שחור סקרלוטה,ביכורי השדה הצפון בעמ` 1964,,,"ק""ג",0,"ק""ג",true,1,24.90,24.90,false,1,
5678806,true,ענב שחור אדורה,ביכורי השדה הצפון בעמ` 1964,,,"ק""ג",0,"ק""ג",true,1,29.90,29.90,false,1,
5678974,true,עליי מנגולד,ביכורי השדה הצפון בעמ` 1964,,,'יח,1,,false,1,6.90,6.90,false,1,
5896415,true,פחית איגל ירוק 500 מל,טמפו משקאות בע`מ,,,'יח,5,"ל-100 מ""ל",false,24,6.90,1.32,true,1,
5896453,true,מכבי 7.9% חוזר 500 מל`,טמפו משקאות בע`מ,,,'יח,5,"ל-100 מ""ל",false,20,6.80,1.12,false,1,
5951022,true,דלעת חתוכה,ביכורי השדה הצפון בעמ` 1964,,,"ק""ג",1,,true,1,10.90,10.90,false,1,
5992735,true,גבינה לאבנה טבעי 250 גרם,מחלבות גד בעמ`,,,'יח,2.50,ל-100 גרם,false,1,11.90,4.76,false,1,
5996009,true,סלמי גלילי מעושן 400 גר`,מעדני יחיעם ( 1993 ) בע`מ,,,'יח,0.40,ל-100 גרם,false,1,19.90,49.75,false,1,
5996078,true,סרוולט הונגרי 125 גר`,מעדני יחיעם ( 1993 ) בע`מ,,,'יח,1.25,ל-100 גרם,false,1,24.90,19.92,false,1,
5996221,true,פסטרמה של פעם דק דק 120 גר`,מעדני יחיעם ( 1993 ) בע`מ,,,'יח,1.20,ל-100 גרם,false,1,14.90,12.42,true,1,
5996238,true,פסטרמה בדבש דק דק 120 גר`,מעדני יחיעם ( 1993 ) בע`מ,,,'יח,1.20,ל-100 גרם,false,1,14.90,12.42,true,1,
5996740,true,סלמי פפרוני 300 גר`,מעדני יחיעם ( 1993 ) בע`מ,,,'יח,3,ל-100 גרם,false,1,22.90,7.63,true,1,
6129345,true,אנטריקוט דק דק,אדום גרופ למזון שיווק והפצה בע,,,'יח,1,,false,1,24.90,24.90,true,1,
6265500,true,פטריות שמפניון ארוז,ביכורי השדה הצפון בעמ` 1964,,,'יח,1,,false,1,9.90,9.90,false,1,
6272072,true,חטיפי פיצה מרובעים אישי 24 יח 650 גר קפו,תנובה מרכז שיתופי לשיווק תוצרת,,,'יח,6.50,ל-100 גרם,false,8,29.90,4.60,false,1,
6306302,true,רביולי פרמזן ריקוטה 400 גרם,מחלבות גד בעמ`,,,'יח,4,ל-100 גרם,false,1,22.90,5.73,true,1,
6492432,true,בייבי מוצרלה %18 150 גרם,מחלבות גד בעמ`,,,'יח,1.50,ל-100 גרם,false,1,12.90,8.60,false,1,
6492616,true,גבינה בולגרית מעודנת בפרוסות 5% 250ג,מחלבות גד בעמ`,,,'יח,2.50,ל-100 גרם,false,1,25.90,10.36,false,1,
6492852,true,גבינת עזים למריחה 5% 250 גרם,מחלבות גד בעמ`,,,'יח,2.50,ל-100 גרם,false,1,17.90,7.16,true,1,
6511683,true,פולי סויה ירוקים קפואים 454 גרם,ג. וילי-פוד אינטרנשיונל בע`מ,,,'יח,4.54,ל-100 גרם,false,1,9.90,2.18,true,1,
6546302,true,צ`יפס קייטרינג 1.5 ק`ג,ויטה פרי גליל (החדשה) בע`מ,,,'יח,15,ל-100 גרם,false,8,17.90,1.19,false,1,
6546517,true,סטייק צ`פס 800 גרם,ויטה פרי גליל (החדשה) בע`מ,,,'יח,8,ל-100 גרם,false,1,9.90,1.24,false,1,
6546524,true,צ`פס מובחר 700 גר`,ויטה פרי גליל (החדשה) בע`מ,,,'יח,7,ל-100 גרם,false,15,9.90,1.41,false,1,
6546982,true,לקט סיני 800 גרם,ויטה פרי גליל (החדשה) בע`מ,,,'יח,8,ל-100 גרם,false,1,12.90,1.61,false,1,
6739346,true,נקניקיות פרגיות 400 גרם,נקניק זוגלובק נהריה,,,'יח,4,ל-100 גרם,false,1,13.90,3.48,true,1,
6739445,true,שניצל תירס קלאסי 750 גרם,נקניק זוגלובק נהריה,,,'יח,7.50,ל-100 גרם,false,1,26.90,3.59,true,1,
6764065,true,בירה נשר מאלט שחורה בקבוק 500 מל,טמפו משקאות בע`מ,,,'יח,5,"ל-100 מ""ל",false,20,5.80,0.92,false,1,
6764072,true,בירה גולדסטאר בקבוק 500 מל,טמפו משקאות בע`מ,,,'יח,5,"ל-100 מ""ל",false,20,6.80,1.12,false,1,
6764096,true,בירה איגל בקבוק חוזר 500 מל`,טמפו משקאות בע`מ,,,'יח,5,"ל-100 מ""ל",false,20,6.80,1.12,true,1,
6764157,true,בירה גולדסטאר בקבוק 500 מל,טמפו משקאות בע`מ,,,'יח,5,"ל-100 מ""ל",false,20,7.80,1.32,false,1,
6764164,true,שישייה בירה גולדסטאר לא מסונן בקבוק חו,טמפו משקאות בע`מ,,,'יח,19.80,"ל-100 מ""ל",false,4,47.10,2.02,false,1,
6764737,true,בירה נשר מאלט דיאט שחורה בקבוק 500מל,טמפו משקאות בע`מ,,,'יח,5,"ל-100 מ""ל",false,20,5.80,0.92,false,1,
6775894,true,אחוה עוגת שיש ללא סוכר 400 גר,אחדות ביתחרושת לטחינה חלבה,,,'יח,4,ל-100 גרם,false,1,11.90,2.98,false,1,
6784360,true,חלונית לניקוי חלונות 1 ל`,קומפלקס כימקלים בעמ`,,,'יח,10,"ל-100 מ""ל",false,1,8.90,0.89,true,1,
6784865,true,מתז 1 ליטר מטבחים תכשיר מרוכז ועוצמתי,קומפלקס כימקלים בעמ`,,,'יח,1,,false,1,9.90,9.90,true,1,
6822192,true,נקטר חמוציות דיאט 1 ליטר,החברה המרכזית להפצת משקאות בע`,,,'יח,10,"ל-100 מ""ל",false,12,12.20,1.19,false,1,
6908360,true,שקד קלוי 150 גרם,בוטנת בעמ חברה לקלייה ואריזת פ,,,'יח,1.50,ל-100 גרם,false,1,14.90,9.93,false,1,
6908377,true,שקד טבעי 150 גרם,בוטנת בעמ חברה לקלייה ואריזת פ,,,'יח,1.50,ל-100 גרם,false,1,15.90,10.60,true,1,
6908384,true,פיסטוק חלבי 150גר פיצוחי חממה,בוטנת בעמ חברה לקלייה ואריזת פ,,,'יח,1.50,ל-100 גרם,false,1,19.90,13.27,false,1,
6908391,true,קשיו קלוי 150 גרם פיצוחי חממה,בוטנת בעמ חברה לקלייה ואריזת פ,,,'יח,1.50,ל-100 גרם,false,1,14.90,9.93,true,1,
6941466,true,"שמן קנולה 1 ליטר""שווה""",ח.כהן סוכנות מזון ומשקאות,,,'יח,10,"ל-100 מ""ל",false,1,8.90,0.89,false,1,
8021043,true,שמפו פינוק לשיער רגיל 700 גרם,יוניליוור ישראל שיווק בע`מ,,,'יח,7,"ל-100 מ""ל",false,1,11.90,1.70,false,1,
8175173,true,חמאה מפינלנד 200 גר` ללא מלח,ג. וילי-פוד אינטרנשיונל בע`מ,,,'יח,2,ל-100 גרם,false,1,11.90,5.95,false,1,
8175814,true,פטריות שמפיניון חתוכות 400 גרם,ג. וילי-פוד אינטרנשיונל בע`מ,,,'יח,4,ל-100 גרם,false,24,4.90,1.23,false,1,
8343602,true,קובה במילוי בשר 1 ק``ג קפוא,נטו מלינדה סחר בע`מ,,,'יח,10,ל-100 גרם,false,8,19.90,1.99,false,1,
8409100,true,אצבעות שניצל בציפוי שומשום 700 גרם קפוא,תנובה מרכז שיתופי לשיווק תוצרת,,,'יח,7,ל-100 גרם,false,10,34.90,4.99,false,1,
8409407,true,שניצל דק בציפוי צ`יפס 700גר קפוא,תנובה מרכז שיתופי לשיווק תוצרת,,,'יח,7,ל-100 גרם,false,1,41.90,5.99,false,1,
8443616,true,נקה 7 מרכך לשיער יבש 750 מל,החב. הדרומית לשיווק,,,'יח,7.50,"ל-100 מ""ל",false,1,11.90,1.59,true,1,
8443630,true,נקה 7 שמפו לשיער מתולתל 750 מל,החב. הדרומית לשיווק,,,'יח,7.50,"ל-100 מ""ל",false,12,11.90,1.59,true,1,
8443647,true,נקה 7 מרכך לשיער מתולתל 750 מל,החב. הדרומית לשיווק,,,'יח,7.50,"ל-100 מ""ל",false,12,11.90,1.59,true,1,
8462204,true,חרדל דיז`ון מקורי 380 גר`,א.סיימן סחר בעמ,,,'יח,3.80,ל-100 גרם,false,1,15.90,4.18,true,1,
8464130,true,בירה UF גולדסטאר 330מ`ל*6יח,טמפו משקאות בע`מ,,,'יח,19.80,"ל-100 מ""ל",false,4,39.90,1.92,true,1,
8464222,true,בירה מכבי 7.9 פחית להחזרה 500 מל,טמפו משקאות בע`מ,,,'יח,5,"ל-100 מ""ל",false,24,7.90,1.52,false,1,
8464468,true,בירה גולדסטאר פחית להחזרה 500 מל,טמפו משקאות בע`מ,,,'יח,5,"ל-100 מ""ל",false,24,7.90,1.52,false,1,
8464697,true,בירה מכבי 7.9% אלכוהול 6יח*330מ`ל בק`,טמפו משקאות בע`מ,,,'יח,19.80,"ל-100 מ""ל",false,4,39.90,1.92,true,1,
8464703,true,בירה מכבי בקבוק 6*330 מל,טמפו משקאות בע`מ,,,'יח,19.80,"ל-100 מ""ל",false,4,34.90,1.67,true,1,
8464734,true,שישייה גולדסטאר SLOW BREW,טמפו משקאות בע`מ,,,'יח,19.80,"ל-100 מ""ל",false,4,39.90,1.92,true,1,
8464741,true,בירה גולדסטאר בקבוק 6*330 מ`ל,טמפו משקאות בע`מ,,,'יח,19.80,"ל-100 מ""ל",false,4,36.90,1.77,true,1,
8464796,true,.בירה היינקן בקבוק 6*330 מל,טמפו משקאות בע`מ,,,'יח,19.80,"ל-100 מ""ל",false,4,39.90,1.92,true,1,
8493710,true,פרורי גרסיני זהב 200 גרם,דנאגיס בעמ,,,'יח,2,ל-100 גרם,false,16,6.90,3.45,false,1,
8644235,true,ירקות צעירי הגן עלי בייבי 120 גר`,ביכורי השדה הצפון בעמ` 1964,,,'יח,1.20,ל-100 גרם,false,1,10.90,9.08,false,1,
8757980,true,ספרינג נקטר רימונים 1 ליטר קרטון,יפאורה - שותפות מוגבלת לשיווק,,,'יח,10,"ל-100 מ""ל",false,1,6.90,0.69,false,1,
8835121,true,שריר מס `8קפוא מוכשר,בלדי בע`מ,,,"ק""ג",1,,true,1,29.90,29.90,true,1,
8835954,true,פילה מושט קפוא,בלדי בע`מ,,,"ק""ג",1,ל-100 גרם,true,1,24.90,24.90,false,1,
8835961,true,פילה מושט קפוא,בלדי בע`מ,,,"ק""ג",1,ל-100 גרם,true,1,24.90,24.90,false,1,
8989473,true,ממרח חרובים בטעם שוקולד 350 גר`,מ.ד אטיאס סוכנויות מזון בע`מ,,,'יח,3.50,ל-100 גרם,false,1,13.90,3.97,false,1,
10003440,true,שבבי בצל מטוגן 200 גר`,א.ל. ייצור ושיווק תבלינים בע`מ,,,'יח,2,ל-100 גרם,false,1,11.90,5.95,false,1,
10004348,true,פפריקה מרוקאית מתוקה 250 גרם,א.ל. ייצור ושיווק תבלינים בע`מ,,,'יח,2.50,ל-100 גרם,false,1,21.90,8.76,false,1,
10118328,true,תפוצ`יפס בטעם טבעי 6*40 גרם,שטראוס פריטו ליי בע`מ,,,'יח,2.40,ל-100 גרם,false,1,11.90,4.96,false,1,
10124190,true,שניצל בקר מלינסה אל מטאדור 250 גר`,בלדי בע`מ,,,'יח,2.50,ל-100 גרם,false,20,14.90,5.96,false,1,
10124213,true,סינטה בקר דק דק אל מטאדור 250 גר`,בלדי בע`מ,,,'יח,2.50,ל-100 גרם,false,20,19.90,7.96,false,1,
10124473,true,אפונה עדינה 600 גר`,בלדי בע`מ,,,'יח,6,ל-100 גרם,false,1,11.90,1.98,false,1,
10154029,true,אריסה מתוקה 250 ג,נטו מלינדה סחר בע`מ,,,'יח,2.50,ל-100 גרם,false,12,12.90,5.16,false,1,
10154548,true,+ממרח שום טבעי 235 גר`,נטו מלינדה סחר בע`מ,,,'יח,2.35,ל-100 גרם,false,12,12.90,5.49,false,1,
10154678,true,אריסה ביתית 250 גרם,נטו מלינדה סחר בע`מ,,,'יח,2.50,ל-100 גרם,false,12,12.90,5.16,false,1,
10154685,true,שום כתוש 250 גרם,נטו מלינדה סחר בע`מ,,,'יח,2.50,ל-100 גרם,false,12,12.90,5.16,false,1,
10237685,true,בירה הייניקן צואר ארוך 330 מ`ל,טמפו משקאות בע`מ,,,'יח,3.30,"ל-100 מ""ל",false,1,7.90,2.30,false,1,
10237784,true,בירה מכבי שנדי בקבוק 6*330 מ``ל,טמפו משקאות בע`מ,,,'יח,19.80,"ל-100 מ""ל",false,4,34.90,1.67,true,1,
10259359,true,נודלס ביצים להקפצה 200 גרם,ג. וילי-פוד אינטרנשיונל בע`מ,,,'יח,2,ל-100 גרם,false,24,4.90,2.45,false,1,
10259977,true,שמן קנולה מזוכך 1 ליטר,ג. וילי-פוד אינטרנשיונל בע`מ,,,'יח,10,"ל-100 מ""ל",false,1,9.90,0.99,false,1,
10328093,true,ממרח חלבה 400 גרם,אחדות ביתחרושת לטחינה חלבה,,,'יח,4,"ל-100 מ""ל",false,1,10.90,2.73,false,1,
10328345,true,חלווה 50 גר` בקופסה,אחדות ביתחרושת לטחינה חלבה,,,'יח,0.50,ל-100 גרם,false,1,1.50,3,true,1,
10328505,true,חטיפי מיני חלווה ללא תוספת סוכר 15 יח,אחדות ביתחרושת לטחינה חלבה,,,'יח,1.50,'יח,false,1,10.90,7.27,true,1,
10328727,true,ממרח טחינה עם שוקולד 400 גר`,אחדות ביתחרושת לטחינה חלבה,,,'יח,4,"ל-100 מ""ל",false,1,11.90,2.98,false,1,
10328734,true,ממרח טחינה עם סילאן 400 גר`,אחדות ביתחרושת לטחינה חלבה,,,'יח,4,"ל-100 מ""ל",false,1,11.90,2.98,false,1,
10429684,true,מארז דבש 350 פרחי בר,שטראוס גרופ בע`מ,,,'יח,7,ל-100 גרם,false,1,31.90,4.56,false,1,
10546336,true,גרנולה בסילאן ללא תוספת סוכר,גורי מוצרי צריכה 1991 בע`מ,,,'יח,4,ל-100 גרם,false,6,19.90,4.98,false,1,
10609734,true,"אייס לי קרחונים להקפאה 8 יח` 800 מ""ל",דודו הדיל בעמ,,,'יח,1,,false,1,5.90,5.90,true,1,
10699094,true,חגיגת מכוניות,שמחה זה אנחנו בע`מ,,,'יח,1,,false,1,7.40,7.40,false,1,
10711123,true,כריות מתכת רביעייה,מ.א. יצור ויבוא מטליות בעמ`,,,'יח,1,,false,1,6.90,6.90,false,1,
10711932,true,מארז 9 מטליות SHINY,מ.א. יצור ויבוא מטליות בעמ`,,,'יח,1,,false,1,7.90,7.90,false,1,
10922871,true,"טחון בקר 1 ק""ג אשפר",בלדי בע`מ,,,'יח,10,ל-100 גרם,false,1,34.90,3.49,false,1,
10922895,true,המבורגר בקר 400 גר`אשפר,בלדי בע`מ,,,'יח,4,ל-100 גרם,false,1,13.90,3.48,false,1,
10922918,true,מינוט סטיק 250 גר`ארוז אשפר,בלדי בע`מ,,,'יח,2.50,ל-100 גרם,false,1,34.90,13.96,false,1,
11017866,true,פחית ק`ק סילק 330 מ`ל,החברה המרכזית להפצת משקאות בע`,,,'יח,3.30,"ל-100 מ""ל",false,24,4.90,1.39,true,1,
11017873,true,פחית זירו סליק 330 מ`ל,החברה המרכזית להפצת משקאות בע`,,,'יח,3.30,"ל-100 מ""ל",false,24,4.20,1.18,true,1,
11017880,true,פחית דיאט קוק סליק 330 מ`ל,החברה המרכזית להפצת משקאות בע`,,,'יח,3.30,"ל-100 מ""ל",false,24,4.90,1.39,true,1,
11018443,true,פחית פנטה אורנג` סילק 330 מ`ל,החברה המרכזית להפצת משקאות בע`,,,'יח,3.30,"ל-100 מ""ל",false,24,4.20,1.18,true,1,
11108021,true,נענע מהדרין,ביכורי השדה הצפון בעמ` 1964,,,'יח,0,'יח,false,1,5.90,5.90,false,1,
11108045,true,סלרי,ביכורי השדה הצפון בעמ` 1964,,,'יח,1,,false,1,6.90,6.90,false,1,
11115159,true,נקה 7 סבון מועשר בלחות 4*100 גרם,החב. הדרומית לשיווק,,,'יח,4,ל-100 גרם,false,12,10.90,2.73,false,1,
11115166,true,נקה תחליב ירוק אלוורה 1 ל`,החב. הדרומית לשיווק,,,'יח,10,לליטר,false,12,13.90,1.39,false,1,
11115173,true,נקה 7 ארומה סבון נוזלי וניל שקד 1ליט,החב. הדרומית לשיווק,,,'יח,10,לליטר,false,12,13.90,1.39,false,1,
11115203,true,סבון נקה 7 מוצק קלאסיק מבושם 4*100גר,החב. הדרומית לשיווק,,,'יח,4,ל-100 גרם,false,12,10.90,2.73,false,1,
11115241,true,סבון נקה 7 כחול מוצק 4*100 גרם,החב. הדרומית לשיווק,,,'יח,4,ל-100 גרם,false,1,10.90,2.73,false,1,
11115265,true,סבון נקה 7 לגבר מועשר 4*100 גרם,החב. הדרומית לשיווק,,,'יח,4,ל-100 גרם,false,12,10.90,2.73,false,1,
11128043,true,שורש פטרוזליה,ביכורי השדה הצפון בעמ` 1964,,,'יח,1,,false,1,4.90,4.90,false,1,
11133375,true,בירה מכבי שנדי אפרסק בקבוק 6*330מל,טמפו משקאות בע`מ,,,'יח,19.80,"ל-100 מ""ל",false,4,34.90,1.67,true,1,
11148898,true,ברוקלי יח`,ביכורי השדה הצפון בעמ` 1964,,,'יח,1,,false,1,9.90,9.90,false,1,
11148911,true,פלפל טינקרבל,ביכורי השדה הצפון בעמ` 1964,,,'יח,1,,false,1,8.90,8.90,false,1,
11148935,true,מלפפון מיני,ביכורי השדה הצפון בעמ` 1964,,,'יח,1,,false,1,9.90,9.90,false,1,
11174897,true,אפונה עדינה 600 גר`,ויטה פרי גליל (החדשה) בע`מ,,,'יח,8,ל-100 גרם,false,1,12.90,1.61,false,1,
11235024,true,רוזמרין,ביכורי השדה הצפון בעמ` 1964,,,'יח,1,,false,1,5.90,5.90,false,1,
11235031,true,רוקט,ביכורי השדה הצפון בעמ` 1964,,,'יח,1,,false,1,4.90,4.90,false,1,
11235055,true,בזיליקום,ביכורי השדה הצפון בעמ` 1964,,,'יח,1,,false,1,5.90,5.90,false,1,
11235062,true,עירית,ביכורי השדה הצפון בעמ` 1964,,,'יח,1,,false,1,5.90,5.90,false,1,
11235079,true,טימין,ביכורי השדה הצפון בעמ` 1964,,,'יח,1,,false,1,5.90,5.90,false,1,
11249755,true,רולים אגוז 100 גרם,מ.ד אטיאס סוכנויות מזון בע`מ,,,'יח,1,ל-100 גרם,false,1,3.90,3.90,false,1,
11378769,true,בארכה מאגדת 7 חטיפי חלבה וניל,קבוצת אסם סחר,,,'יח,1.26,ל-100 גרם,false,1,11.90,9.44,false,1,
11480509,true,פטרוזליה מהדרין הכפר,ביכורי השדה הצפון בעמ` 1964,,,'יח,1,,false,1,5.90,5.90,false,1,
11480516,true,שמיר מהדרין הכפר,ביכורי השדה הצפון בעמ` 1964,,,'יח,1,,false,1,5.90,5.90,false,1,
11480523,true,נענע מהדרין הכפר,ביכורי השדה הצפון בעמ` 1964,,,'יח,1,,false,1,5.90,5.90,false,1,
11480530,true,כוסברה מהדרין הכפר,ביכורי השדה הצפון בעמ` 1964,,,'יח,1,,false,1,5.90,5.90,false,1,
11480554,true,סלרי עלים גוש קטיף,ביכורי השדה הצפון בעמ` 1964,,,'יח,1,,false,1,5.90,5.90,false,1,
11480578,true,חסה,ביכורי השדה הצפון בעמ` 1964,,,'יח,1,,false,1,6.90,6.90,false,1,
11480585,true,כרוב לבן גוש קטיף,ביכורי השדה הצפון בעמ` 1964,,,"ק""ג",1,,true,1,15.90,15.90,false,1,
11499051,true,גבינת פטה כבשים 20% 250 גרם,מחלבות גד בעמ`,,,'יח,2.50,ל-100 גרם,false,1,25.90,10.36,false,1,
11499105,true,גבינה בולגרית 5% 250 גרם,מחלבות גד בעמ`,,,'יח,2.50,ל-100 גרם,false,1,21.90,8.76,false,1,
11499129,true,גבינה בולגרית קוביות מעודנת 5% 250גר,מחלבות גד בעמ`,,,'יח,2,ל-100 גרם,false,1,21.90,10.95,false,1,
11499327,true,גבינה בולגרית מעודנת 5% 250 גרם,מחלבות גד בעמ`,,,'יח,2.50,ל-100 גרם,false,1,21.90,8.76,false,1,
11499365,true,גבינת חלומי 200 גרם,מחלבות גד בעמ`,,,'יח,2,ל-100 גרם,false,1,21.90,10.95,false,1,
11501617,true,חמוציות ברכז תפוחים ללא סוכר 250 גרם,דין שיווק וקליה 2021 בעמ,,,'יח,2.50,ל-100 גרם,false,1,14.90,5.96,false,1,
11525712,true,קמיל בלו אל סבון לפני השינה 1 ליטר,"פישר תעשיות פרמצבטיות בע""מ",,,'יח,10,"ל-100 מ""ל",false,1,29.90,2.99,true,1,
11530488,true,שייק איט תכלת 3*150 גר`,בלדי בע`מ,,,'יח,4.50,ל-100 גרם,false,1,29.90,6.64,true,1,
11530730,true,שייק איט יום חמישי מארז שלישייה,בלדי בע`מ,,,'יח,4.50,ל-100 גרם,false,1,29.90,6.64,true,1,
11530747,true,שייק איט יום רביעי מארז שלישייה,בלדי בע`מ,,,'יח,4.50,ל-100 גרם,false,1,29.90,6.64,true,1,
11598211,true,אנטי קאלק רב שימושי 4ב1 700 מל,החב. הדרומית לשיווק,,,'יח,7,"ל-100 מ""ל",false,12,17.90,2.56,true,1,
11607197,true,"קולון 101 אבקת כביסה שקית 5 ק""ג",תה ויסוצקי בע`מ,,,'יח,50,ל-100 גרם,false,1,34.90,0.70,true,1,
11725136,true,דלעת חתוכה,ביכורי השדה הצפון בעמ` 1964,,,'יח,1,,true,1,10.90,10.90,false,1,
11877101,true,מבשם אויר סנומוד Musk נטול גז 150מ`,החב. הדרומית לשיווק,,,'יח,1.50,"ל-100 מ""ל",false,12,11.90,7.93,false,1,
11877866,true,סנו מקסימה אבקת כביסה מאסק 6גר שקית,החב. הדרומית לשיווק,,,'יח,6,ל-100 גרם,false,3,49.90,8.32,false,1,
11947743,true,מיקס זית ירוק וזית קלמטה 215 גר` זיתא,תה ויסוצקי בע`מ,,,'יח,2.17,ל-100 גרם,false,1,14.90,6.87,true,1,
11947798,true,זית קלמטה ללא גלעין עם שמן זית זיתא,תה ויסוצקי בע`מ,,,'יח,2.17,ל-100 גרם,false,1,14.90,6.87,true,1,
11947903,true,מיקס זיתים יווני 215 גר` זיתא,תה ויסוצקי בע`מ,,,'יח,2.17,ל-100 גרם,false,1,14.90,6.87,false,1,
11964566,true,גריל עוף 400 גר`,תבליני טעם וריח,,,'יח,4,ל-100 גרם,false,1,24.90,6.23,false,1,
11964597,true,כמון טחון 400 גר`,תבליני טעם וריח,,,'יח,4,ל-100 גרם,false,1,24.90,6.23,false,1,
11964627,true,פפריקה מתוקה בשמן 400 גר`,תבליני טעם וריח,,,'יח,4,ל-100 גרם,false,1,24.90,6.23,false,1,
11964689,true,תיבול על האש,תבליני טעם וריח,,,'יח,1,,false,1,9.90,9.90,true,1,
11964702,true,תיבול לשווארמה,תבליני טעם וריח,,,'יח,1,,false,1,9.90,9.90,true,1,
11996789,true,פנקו פירורי לחם 200 גר`,טחנת האבן קואופ בעמ,,,'יח,4,ל-100 גרם,false,1,8.90,2.23,false,1,
12022272,true,קליליות קידס,דילייט 2005 בע`מ,,,'יח,1,ל-100 גרם,false,1,11.50,11.50,false,1,
12116551,true,אנטי קלאק 4ב *12ליטר,החב. הדרומית לשיווק,,,'יח,20,"ל-100 מ""ל",false,8,19.90,1,false,1,
12116735,true,סופט ג`מבו פרש לבן 24 גלילים,החב. הדרומית לשיווק,,,'יח,25.50,ל-100 גרם,false,1,49.90,1.96,false,1,
12117275,true,סנוקליר שקית מילוי 750 מ`ל,החב. הדרומית לשיווק,,,'יח,7.50,"ל-100 מ""ל",false,12,5.90,0.79,false,1,
12117534,true,מרכך סופר מרוכז קול 1 ל`,החב. הדרומית לשיווק,,,'יח,10,"ל-100 מ""ל",false,12,18.90,1.89,true,1,
12117541,true,מרכך סופר מרוכז זן 1 ל`,החב. הדרומית לשיווק,,,'יח,10,"ל-100 מ""ל",false,1,18.90,1.89,true,1,
12117558,true,מרכך סופר מרוכז מאסק 1 ל`,החב. הדרומית לשיווק,,,'יח,10,"ל-100 מ""ל",false,12,18.90,1.89,true,1,
12117916,true,סנו אינסטלטור נוזלי,החב. הדרומית לשיווק,,,'יח,10,"ל-100 מ""ל",false,12,26.90,2.69,false,1,
12226014,true,נקניקיות וינר 800גר,נקניק זוגלובק נהריה,,,'יח,8,ל-100 גרם,false,1,21.90,2.74,false,1,
12226076,true,פסטרמה חרמון 200 גר`,נקניק זוגלובק נהריה,,,'יח,2,ל-100 גרם,false,1,15.70,7.85,false,1,
12226120,true,קבנוס זוגלובק טבעי 135 גרם,נקניק זוגלובק נהריה,,,'יח,1.35,ל-100 גרם,false,1,10.90,8.07,false,1,
12227325,true,סלמי מעושן איטלקי 120 גר` דק דק,נקניק זוגלובק נהריה,,,'יח,1.20,ל-100 גרם,false,1,14.90,12.42,true,1,
12227400,true,נקניקיות עוף 800 גר`,נקניק זוגלובק נהריה,,,'יח,8,ל-100 גרם,false,1,21.90,2.74,false,1,
12227974,true,פסטרמה בדבש 120 גר` דק דק,נקניק זוגלובק נהריה,,,'יח,1.20,ל-100 גרם,false,1,14.90,12.42,true,1,
12227981,true,פסטרמה ברביקיו 120 גר` דק דק,נקניק זוגלובק נהריה,,,'יח,1.20,ל-100 גרם,false,1,14.90,12.42,true,1,
12227998,true,חזה בקר 120 גר` דק דק,נקניק זוגלובק נהריה,,,'יח,1.20,ל-100 גרם,false,1,14.90,12.42,true,1,
12313141,true,מלפפון פרוס במלח,קבוצת יבנה,,,'יח,6,ל-100 גרם,false,1,6.90,1.15,true,1,
12367717,true,"אפקטיב קר קרם ידיים שיבולת שועל 150 מ""","פישר תעשיות פרמצבטיות בע""מ",,,'יח,1.50,"ל-100 מ""ל",false,1,16.90,11.27,false,1,
12642036,true,לה פסטה 5 ספגטי 400 גר`,תומר ייבוא ושיווק מוצרי מזון [,,,'יח,4,ל-100 גרם,false,1,3.90,0.98,true,1,
12823398,true,מטליות לחות לרצפה בניחוח מרכך כביסה,החב. הדרומית לשיווק,,,'יח,1,,false,12,12.90,12.90,false,1,
12823589,true,ריצפז פרש 2 ליטר,החב. הדרומית לשיווק,,,'יח,2,לליטר,false,8,17.90,8.95,true,1,
12888373,true,סיר מיקרוגל פסים איכותי 2 ליטר,ד.ג.ש ייבוא ושיווק בעמ,,,'יח,0,'יח,false,1,14.90,14.90,false,1,
12901355,true,דודלס ארוחת אטריות עם גבינה 206 גר`,מור ים מרקטינג בעמ,,,'יח,2.06,ל-100 גרם,false,1,10.90,5.29,false,1,
12975875,true,כוסות יהלום בנדע,ח.כהן סוכנות מזון ומשקאות,,,'יח,1,,false,1,9.90,9.90,true,1,
12982873,true,פילה אמנון מושט,ג.עופר יצור ושיווק בשר בעמ`,,,"ק""ג",1,,true,1,24.90,24.90,true,1,
12983153,true,סילאן 100% טבעי ללא תוספת סוכר,תה ויסוצקי בע`מ,,,'יח,4,ל-100 גרם,false,1,16.90,4.23,true,1,
12983320,true,ממרח/מלית תמרים 450 גר`,תה ויסוצקי בע`מ,,,'יח,4.50,ל-100 גרם,false,1,5.90,1.31,false,1,
13083661,true,מטרנה קייר שלב 1 700 גרם,קבוצת אסם סחר,,,'יח,7,ל-100 גרם,false,1,59.90,8.56,false,1,
13121165,true,שישיית לחמניות נקניקיה,גורי ע.ע.ע. בע`מ,,,'יח,4.60,ל-100 גרם,false,1,17.90,3.89,false,1,
13121752,true,לחם לבן ביתי גרין לייט,גורי ע.ע.ע. בע`מ,,,'יח,5,ל-100 גרם,false,1,19.90,3.98,false,1,
13144195,true,תערובת כדורי שוקולד 500 גרם,א.ל. ייצור ושיווק תבלינים בע`מ,,,'יח,5,ל-100 גרם,false,1,16.90,3.38,true,1,
13145277,true,עלים לקרמשניט מימונס 300 גרם,א.ל. ייצור ושיווק תבלינים בע`מ,,,'יח,3,ל-100 גרם,false,1,16.90,5.63,false,1,
13146304,true,קורנפלור 500 גרם,א.ל. ייצור ושיווק תבלינים בע`מ,,,'יח,5,ל-100 גרם,false,1,5.90,1.18,false,1,
13146762,true,"קצפת מעולה להקצפה 24% 200 מ""ל",קפוא זן תעשיות מזון בעמ,,,'יח,2,"ל-100 מ""ל",false,1,5.90,2.95,false,1,
13215024,true,פטריות פורטובלה,ביכורי השדה הצפון בעמ` 1964,,,'יח,1,,false,1,13.90,13.90,false,1,
13268020,true,מרכך סופר מרוכז אולטרא פרש 1 ל`,החב. הדרומית לשיווק,,,'יח,10,"ל-100 מ""ל",false,12,18.90,1.89,true,1,
13268037,true,מרכך סופר מרוכז פצולי לבנדר 1 ל`,החב. הדרומית לשיווק,,,'יח,10,"ל-100 מ""ל",false,12,18.90,1.89,true,1,
13268242,true,רצפז פרש הום בניחוח מלון מפנק 2 ל`,החב. הדרומית לשיווק,,,'יח,20,"ל-100 מ""ל",false,1,21.90,1.10,false,1,
13268990,true,מרכך סופר מרוכז ביו 1 ל`,החב. הדרומית לשיווק,,,'יח,10,"ל-100 מ""ל",false,12,18.90,1.89,true,1,
13269003,true,מרכך סופר מרוכז בייבי 1 ל`,החב. הדרומית לשיווק,,,'יח,10,"ל-100 מ""ל",false,12,18.90,1.89,true,1,
13269348,true,סנו K-3- תחנות פיתיון,החב. הדרומית לשיווק,,,'יח,2,לליטר,false,1,49.90,24.95,false,1,
13269621,true,סנו ריצפז פרש הום 2 ליטר,החב. הדרומית לשיווק,,,'יח,20,"ל-100 מ""ל",false,8,21.90,1.10,false,1,
13269669,true,סנו ריצפז ריח פנטזיה 3 ליטר,החב. הדרומית לשיווק,,,'יח,3,לליטר,false,6,12.90,4.30,false,1,
13269751,true,מטליות לחות לרצפה בניחוח מלון בוטיק,החב. הדרומית לשיווק,,,'יח,1,,false,12,12.90,12.90,false,1,
13284310,true,רוטב פסטה 240 גר`פריניר,מ.ד אטיאס סוכנויות מזון בע`מ,,,'יח,2.40,ל-100 גרם,false,1,5.50,2.29,true,1,
13284662,true,רוטב פיצה פסטה 240 גר`,מ.ד אטיאס סוכנויות מזון בע`מ,,,'יח,2.40,ל-100 גרם,false,1,5.50,2.29,true,1,
13366658,true,חסה סלנובה,ביכורי השדה הצפון בעמ` 1964,,,'יח,1,,false,1,9.90,9.90,false,1,
13472199,true,ערמונים קלופים וקלויים 100 גרם,ג. וילי-פוד אינטרנשיונל בע`מ,,,'יח,1.05,ל-100 גרם,false,1,5.90,5.62,true,1,
13531582,true,שלישייה זיתים חרוזית יכין,זנלכול יכין,,,'יח,5.60,ל-100 גרם,false,1,14.90,2.66,false,1,
13531629,true,רוטב פומדורו 240 גר`,זנלכול יכין,,,'יח,2.60,ל-100 גרם,false,1,5.90,2.27,true,1,
13579768,true,צלי כתף 5 קפוא מוכשר,בלדי בע`מ,,,"ק""ג",1,,true,1,64.90,64.90,true,1,
13579966,true,אצבעות אנטריקוט אסאדו קפוא,בלדי בע`מ,,,'יח,10,ל-100 גרם,true,1,59.90,5.99,false,1,
13579997,true,סטייק עין ורד הצלע,בלדי בע`מ,,,"ק""ג",1,,true,1,59.90,59.90,false,1,
13580535,true,בשר צוואר מספר 10 חלק קפוא,בלדי בע`מ,,,"ק""ג",1,,true,1,38.90,38.90,false,1,
13581648,true,מינוט סטייק 250 גר` אל מטאדור,בלדי בע`מ,,,'יח,2.50,ל-100 גרם,false,1,24.90,9.96,true,1,
13585394,true,קוקה קולה 1 ל` פיקדון,החברה המרכזית להפצת משקאות בע`,,,'יח,10,"ל-100 מ""ל",false,12,7.20,0.69,false,1,
13652164,true,שלישיית מגבונים להסרת איפור חמאה שיאה,"פישר תעשיות פרמצבטיות בע""מ",,,'יח,1,ל-100 גרם,false,1,25.90,25.90,false,1,
13675545,true,שניצל כלי תחבורה,תנובה מרכז שיתופי לשיווק תוצרת,,,'יח,7,ל-100 גרם,false,10,34.90,4.99,false,1,
13675828,true,חגיגה אסייאתית להקפצה,תנובה מרכז שיתופי לשיווק תוצרת,,,'יח,4.50,ל-100 גרם,false,1,19.90,4.42,false,1,
13675835,true,ירוק גלילי להקפצה 450 גר`,תנובה מרכז שיתופי לשיווק תוצרת,,,'יח,4.50,ל-100 גרם,false,1,19.90,4.42,false,1,
13847393,true,טונה סטארקיסט לייט 4% 140 גר`,דיפלומט מפיצים (1968) בע`מ,,,'יח,1.40,ל-100 גרם,false,24,8.90,6.36,false,1,
13847454,true,טונה סטארקיסט בשמן קנולה 4*160 גרם,דיפלומט מפיצים (1968) בע`מ,,,'יח,6.40,ל-100 גרם,false,12,24.90,3.89,false,1,
13847553,true,טונה סטארקיסט מארז רבעייה דל נטרן,דיפלומט מפיצים (1968) בע`מ,,,'יח,6.40,ל-100 גרם,false,1,25.90,4.05,false,1,
13848611,true,רדידי אלומיניום 61 מטר,החב. הדרומית לשיווק,,,'יח,1,,false,12,39.90,39.90,false,1,
13906601,true,צמד מהדרין ברביקיו ודבש 600 גר`,תנובה מרכז שיתופי לשיווק תוצרת,,,'יח,6,ל-100 גרם,false,1,29.90,4.98,false,1,
13927033,true,מעמול במילוי תמרים ואגוזים 600 גר`,אחדות ביתחרושת לטחינה חלבה,,,'יח,6,ל-100 גרם,false,1,9.90,1.65,true,1,
13927040,true,ממולאות בטעם שוקולד 600 גרם,אחדות ביתחרושת לטחינה חלבה,,,'יח,6,ל-100 גרם,false,1,9.90,1.65,true,1,
13927156,true,אחוה עוגה בטעם פירות יער ללא סוכר 450,אחדות ביתחרושת לטחינה חלבה,,,'יח,4.50,ל-100 גרם,false,1,12.90,2.87,false,1,
13927514,true,רוגעלך קינמון 400 גר`,אחדות ביתחרושת לטחינה חלבה,,,'יח,4,ל-100 גרם,false,1,10.90,2.73,false,1,
13927583,true,רוגעלך בטעם וניל שוקוציפס 400 גר`,אחדות ביתחרושת לטחינה חלבה,,,'יח,4,ל-100 גרם,false,1,10.90,2.73,false,1,
13927613,true,רוגעלך בטעם שוקו וניל 400 גר`,אחדות ביתחרושת לטחינה חלבה,,,'יח,4,ל-100 גרם,false,1,10.90,2.73,false,1,
13927637,true,"חלבה ללא תוספת סוכר בד""צ 400 גר`",אחדות ביתחרושת לטחינה חלבה,,,'יח,4,ל-100 גרם,false,1,12.90,3.23,false,1,
14079014,true,לבבות קיסר נספק,ביכורי השדה הצפון בעמ` 1964,,,'יח,1,,false,1,9.90,9.90,false,1,
14083479,true,גבינה גאודה פרוסות 150 גרם,ג. וילי-פוד אינטרנשיונל בע`מ,,,'יח,1.50,ל-100 גרם,false,1,11.90,7.93,true,1,
14094369,true,שקד טבעי 200 גרם בקופסא,דין שיווק וקליה 2021 בעמ,,,'יח,2,ל-100 גרם,false,1,19.90,9.95,false,1,
14094895,true,אגוזי מלך קלופים 150 גרם,דין שיווק וקליה 2021 בעמ,,,'יח,1.50,ל-100 גרם,false,1,14.90,9.93,true,1,
14205000,true,צלחת גדולה לבן 50 יח,ח.כהן סוכנות מזון ומשקאות,,,'יח,50,'יח,false,1,14.90,0.30,false,1,
14205017,true,צלחת קטנה לבן 50 יח,ח.כהן סוכנות מזון ומשקאות,,,'יח,50,'יח,false,1,9.90,0.20,false,1,
14205024,true,קערית אובלית לבן 25 יח,ח.כהן סוכנות מזון ומשקאות,,,'יח,25,'יח,false,1,4.90,0.20,false,1,
14205048,true,מרקיה לבן 25 יח`,ח.כהן סוכנות מזון ומשקאות,,,'יח,25,'יח,false,1,9.90,0.40,false,1,
14205055,true,צלחת עמוקה לבן 30 יח,ח.כהן סוכנות מזון ומשקאות,,,'יח,1,,false,1,14.90,14.90,false,1,
14205062,true,כוסות שקוף 100 יח,ח.כהן סוכנות מזון ומשקאות,,,'יח,1,,false,1,7.90,7.90,false,1,
14205147,true,צלחת קטן צבעוני 25 יח,ח.כהן סוכנות מזון ומשקאות,,,'יח,1,,false,1,7.90,7.90,false,1,
14205154,true,קערית אובלית צבעוני 25 יח,ח.כהן סוכנות מזון ומשקאות,,,'יח,1,,false,1,5.90,5.90,false,1,
14205161,true,לפתניה צבעוני 25 יח,ח.כהן סוכנות מזון ומשקאות,,,'יח,1,,false,1,4.90,4.90,false,1,
14205185,true,צלחות ענק צבעוני 25 יח`,ח.כהן סוכנות מזון ומשקאות,,,'יח,1,,false,1,16.90,16.90,false,1,
14205772,true,"מפת שולחן שמינייה עבה שקוף""שווה""",ח.כהן סוכנות מזון ומשקאות,,,'יח,1,,false,1,6.90,6.90,false,1,
14206250,true,"מפיות נייר 80 יח` ""שווה""",ח.כהן סוכנות מזון ומשקאות,,,'יח,80,'יח,false,1,5.90,0.07,true,1,
14206861,true,סרדינים בשמן זית 125 גרם,ח.כהן סוכנות מזון ומשקאות,,,'יח,1.25,ל-100 גרם,false,1,4.90,3.92,false,1,
14206946,true,צלחת קטנה שקוף 20 יח`,ח.כהן סוכנות מזון ומשקאות,,,'יח,1,'יח,false,1,9.90,9.90,false,1,
14217003,true,פפריקה מעושנת,תבליני טעם וריח,,,'יח,1,,false,1,9.90,9.90,true,1,
14217065,true,אורגנו עלים,תבליני טעם וריח,,,'יח,1,,false,1,9.90,9.90,true,1,
14217119,true,תיבול לצ`יפס,תבליני טעם וריח,,,'יח,1,,false,1,9.90,9.90,true,1,
14217140,true,ראס אל חנות 100 גרם,תבליני טעם וריח,,,'יח,1,,false,1,9.90,9.90,true,1,
14217157,true,תיבול טוסקנה,תבליני טעם וריח,,,'יח,1,,false,1,9.90,9.90,true,1,
14217164,true,פטרוזליה,תבליני טעם וריח,,,'יח,1,,false,1,9.90,9.90,true,1,
14217171,true,תיבול גריל דג,תבליני טעם וריח,,,'יח,1,,false,1,9.90,9.90,true,1,
14217225,true,גריל עוף,תבליני טעם וריח,,,'יח,1,,false,1,9.90,9.90,true,1,
14217263,true,תערובת תיבול לפרגיות,תבליני טעם וריח,,,'יח,1,,false,1,9.90,9.90,true,1,
14217485,true,מיכל תיבול קייג`ון,תבליני טעם וריח,,,'יח,1,,false,1,9.90,9.90,true,1,
14218338,true,בורקס יפו תפו`א 4*150גר,תנובה מרכז שיתופי לשיווק תוצרת,,,'יח,6,ל-100 גרם,false,12,18.90,3.15,false,1,
14218932,true,חטיפי פיצה בתוספת זיתים בשקית,תנובה מרכז שיתופי לשיווק תוצרת,,,'יח,7.10,ל-100 גרם,false,8,29.90,4.21,false,1,
14288058,true,להבונים 50 יחק שקית `שווה`,ח.כהן סוכנות מזון ומשקאות,,,'יח,50,'יח,false,1,9.90,0.20,true,1,
14288195,true,"מפת שולחן אל בד חלק ""שווה""",ח.כהן סוכנות מזון ומשקאות,,,'יח,1,'יח,false,1,6.90,6.90,true,1,
14288300,true,"טורטיה 8 יח` 320 גרם ""שווה""",ח.כהן סוכנות מזון ומשקאות,,,'יח,4.20,ל-100 גרם,false,1,9.90,2.36,true,1,
14288317,true,"טורטיה תירס 6 יח 420 גר` ""שווה""",ח.כהן סוכנות מזון ומשקאות,,,'יח,4.20,ל-100 גרם,false,1,9.90,2.36,true,1,
14288324,true,"טורטיה מקמח מלא 8 יח` 320 גר` ""שווה""",ח.כהן סוכנות מזון ומשקאות,,,'יח,4.20,ל-100 גרם,false,1,9.90,2.36,true,1,
14288461,true,נר נשמה פחית,ח.כהן סוכנות מזון ומשקאות,,,'יח,1,,false,1,1.90,1.90,true,1,
14288584,true,"נייר אפיה 50 יח` איכותי ""שווה""",ח.כהן סוכנות מזון ומשקאות,,,'יח,1,'יח,false,1,7.90,7.90,true,1,
14288720,true,כוסות וודקה 350CC,ח.כהן סוכנות מזון ומשקאות,,,'יח,1,,false,1,7.90,7.90,true,1,
14288843,true,נרות שבת מספרים,ח.כהן סוכנות מזון ומשקאות,,,'יח,1,,false,1,3.90,3.90,false,1,
14288980,true,מגבוני נייר טישו דו שכבתיים חמישיה,ח.כהן סוכנות מזון ומשקאות,,,'יח,1,ל-100 גרם,false,1,8.90,8.90,false,1,
14397163,true,סנו פרש אוטומטיק פלורל 250 מל,החב. הדרומית לשיווק,,,'יח,2.50,"ל-100 מ""ל",false,12,14.90,5.96,false,1,
14397873,true,מרכך כביסה סנו מקסימה gentle breeze 4,החב. הדרומית לשיווק,,,'יח,40,"ל-100 מ""ל",false,6,21.90,0.55,false,1,
14435704,true,סלמון מעושן 100 גר`,סלטי שמיר,,,'יח,1,ל-100 גרם,false,1,21.90,21.90,true,1,
14435803,true,מטיאס הולנדי[פרובנציאל]עם שמן,סלטי שמיר,,,'יח,2,ל-100 גרם,false,16,18.90,9.45,false,1,
14435810,true,הרינג כבוש עם בצל במרינת חמוץ מתוק,סלטי שמיר,,,'יח,2,ל-100 גרם,false,1,18.90,9.45,false,1,
14435834,true,מקרל מעושן פרוס בשמן,סלטי שמיר,,,'יח,1.90,ל-100 גרם,false,8,24.90,13.11,false,1,
14435841,true,פילה מטיאס ולנדי בשמן,סלטי שמיר,,,'יח,2,ל-100 גרם,false,8,18.90,9.45,false,1,
14435872,true,סלט הרינג עם מיונז,סלטי שמיר,,,'יח,2,ל-100 גרם,false,8,18.90,9.45,false,1,
14455245,true,גרנה פדנו משולש 200 גר`,מחלבות גד בעמ`,,,'יח,2,ל-100 גרם,false,1,24.90,12.45,false,1,
14455252,true,גרנה פדנו מגורד 100 גר`,מחלבות גד בעמ`,,,'יח,10,ל-100 גרם,false,1,12.90,1.29,false,1,
14459472,true,תפוגן צ`יפס קלאסי 2 קג`,קבוצת אסם סחר,,,'יח,20,ל-100 גרם,false,1,28.90,1.45,false,1,
14472235,true,פקאן סיני מסוכר 200 גרם בקופסא,דין שיווק וקליה 2021 בעמ,,,'יח,2.50,ל-100 גרם,false,1,22.90,9.16,false,1,
14525672,true,מרבה עוגיות על חלל עוגיות עם סוכריות,ש. שסטוביץ בע`מ,,,'יח,1.40,ל-100 גרם,false,1,9.90,7.07,false,1,
14547322,true,זוג מברשת שיניים סנסודיין,גורי ע.ע.ע. בע`מ,,,'יח,0.75,ל-100 גרם,false,1,29.90,39.87,false,1,
14547353,true,זוג מברשת שיניים סנסודיין דואל קר,גורי ע.ע.ע. בע`מ,,,'יח,0.75,ל-100 גרם,false,1,19.90,26.53,false,1,
14581036,true,פחם טבעי 2 ק`ג,פחמי הלהבה בעמ`,,,'יח,1,,false,1,11.90,11.90,false,1,
14673434,true,פלפל שחור טחון דק 80 גר`,א.ל. ייצור ושיווק תבלינים בע`מ,,,'יח,8,ל-100 גרם,false,1,8.90,1.11,false,1,
14692565,true,גרעיני תירס מתוק 320 גרם,ג. וילי-פוד אינטרנשיונל בע`מ,,,'יח,3.20,ל-100 גרם,false,24,5.90,1.84,false,1,
14748651,true,דג טוב פילה אמנון מצופה,קבוצת אסם סחר,,,'יח,3.60,ל-100 גרם,false,1,32.90,9.14,false,1,
14749887,true,ע.טוב שניצל דק קריספי ענק 720 גר`,קבוצת אסם סחר,,,'יח,7.20,ל-100 גרם,false,1,34.90,4.85,true,1,
14760141,true,משקה שקדים טרי 1 ליטר,תנובה חלב,,,'יח,10,"ל-100 מ""ל",false,1,11.90,1.19,false,1,
14761056,true,מעדן YOLO שוקולד חלב מעולה,תנובה חלב,,,'יח,1.23,ל-100 גרם,false,1,4.60,3.74,false,1,
14761063,true,מעדן YOLO שוקולד מריר מעולה,תנובה חלב,,,'יח,1.23,ל-100 גרם,false,1,4.60,3.74,false,1,
14761070,true,מעדן YOLO שוקולד לבן מעולה,תנובה חלב,,,'יח,1.23,ל-100 גרם,false,1,4.60,3.74,false,1,
14761414,true,מעדן YOLO שכבות שוקולד חלב ולבן,תנובה חלב,,,'יח,1.23,ל-100 גרם,false,1,4.60,3.74,false,1,
14761612,true,מעדן YOLO שוקולד מריר ולבן,תנובה חלב,,,'יח,1.23,ל-100 גרם,false,1,4.60,3.74,false,1,
14761810,true,מאגדת גבינת שמנת נפוליאון טבעי 25%,תנובה חלב,,,'יח,5,ל-100 גרם,false,1,24.90,4.98,false,1,
14762800,true,גביע מעדן סויה בטעם שוקולד,תנובה חלב,,,'יח,1.24,ל-100 גרם,false,1,3.90,3.15,false,1,
14762848,true,פתיתי גבינת גלבוע 22% 500 גר`,תנובה חלב,,,'יח,5,ל-100 גרם,false,1,34.90,6.98,false,1,
14785441,true,אטריות ביצים 450 גר`,טחנת האבן קואופ בעמ,,,'יח,4.50,ל-100 גרם,false,1,9.90,2.20,false,1,
14785564,true,אטריות אודון מוכנות 200 גר`,טחנת האבן קואופ בעמ,,,'יח,2,ל-100 גרם,false,1,3.90,1.95,false,1,
14785571,true,אטריות מוכנות להקפצה 200 גר`,טחנת האבן קואופ בעמ,,,'יח,2,ל-100 גרם,false,1,3.90,1.95,false,1,
14785588,true,אטריות ראמן מוכנות 180 גר`,טחנת האבן קואופ בעמ,,,'יח,1.80,ל-100 גרם,false,1,3.90,2.17,false,1,
14785991,true,רוטב סויה ללא גלוטן 500מ`ל,טחנת האבן קואופ בעמ,,,'יח,1,,false,1,9.90,9.90,false,1,
14974562,true,גביעי גלידה אמריקה 24 יח`גילרו,מ.ד אטיאס סוכנויות מזון בע`מ,,,'יח,24,ל-100 גרם,false,1,6.90,0.29,false,1,
15039246,true,רביעיית נתחי טונה בהירה בשמן 4*160 גרם,ג. וילי-פוד אינטרנשיונל בע`מ,,,'יח,6.40,ל-100 גרם,false,12,19.90,3.11,false,1,
15039338,true,רביעיית טונה במי מלח *4יח*160גר,ג. וילי-פוד אינטרנשיונל בע`מ,,,'יח,6.40,ל-100 גרם,false,12,19.90,3.11,false,1,
15039482,true,גבינת אדם 230 גרם,ג. וילי-פוד אינטרנשיונל בע`מ,,,'יח,5,ל-100 גרם,false,1,23.90,4.78,false,1,
15039499,true,עוגיות איטלקיות מובחרות 1 ק`ג,ג. וילי-פוד אינטרנשיונל בע`מ,,,'יח,10,ל-100 גרם,false,8,11.90,1.19,true,1,
15139526,true,אגו וופל בציפוי ומילוי שוקו 125 גר`,כרמית תעשיות ממתקים בעמ,,,'יח,1.25,ל-100 גרם,false,1,8.90,7.12,false,1,
15155830,true,פאוץ פרינוק תפוח בננה 120 גר`,גורי מוצרי צריכה 1991 בע`מ,,,'יח,1.20,ל-100 גרם,false,1,5.90,4.92,true,1,
15155847,true,פאוץ פרינוק סלט פירות 120 גר`,גורי מוצרי צריכה 1991 בע`מ,,,'יח,1.20,ל-100 גרם,false,1,5.90,4.92,true,1,
15156776,true,פאוץ פרינוק פירות טרופיים 120 גר`,גורי מוצרי צריכה 1991 בע`מ,,,'יח,1.20,ל-100 גרם,false,1,5.90,4.92,true,1,
15156790,true,פאוץ פרינוק לפתן פירות 120 גר`,גורי מוצרי צריכה 1991 בע`מ,,,'יח,1.20,ל-100 גרם,false,1,5.90,4.92,true,1,
15178235,true,זיתים מושחרים בעגבניות מיובשות 180 ג,תנובה חלב,,,'יח,8,"ל-100 מ""ל",false,6,12,1.50,false,1,
15282024,true,איקרה לבנה 200 גר`,סלטי שמיר,,,'יח,2,ל-100 גרם,false,8,13.90,6.95,false,1,
15324007,true,פלפל שחור גרוס,תבליני טעם וריח,,,'יח,1,,false,1,10.90,10.90,false,1,
15324014,true,פלפל שחור טחון,תבליני טעם וריח,,,'יח,1,,false,1,10.90,10.90,false,1,
15324038,true,פפריקה מתוקה בשמן,תבליני טעם וריח,,,'יח,1,,false,1,5.90,5.90,false,1,
15324045,true,פפריקה חריפה,תבליני טעם וריח,,,'יח,1,,false,1,5.90,5.90,false,1,
15324052,true,פפריקה מתוקה,תבליני טעם וריח,,,'יח,1,,false,1,5.90,5.90,false,1,
15324069,true,גריל עוף,תבליני טעם וריח,,,'יח,1,,false,1,5.90,5.90,false,1,
15324076,true,זעתר מעורב,תבליני טעם וריח,,,'יח,1,,false,1,5.90,5.90,false,1,
15324083,true,מלח לימון,תבליני טעם וריח,,,'יח,1,,false,1,5.90,5.90,false,1,
15324106,true,כורכום טחון,תבליני טעם וריח,,,'יח,1,,false,1,5.90,5.90,false,1,
15324120,true,שום גבישי בשקית 80 גר`,תבליני טעם וריח,,,'יח,1,,false,1,5.90,5.90,false,1,
15324151,true,חוואיג`למרק,תבליני טעם וריח,,,'יח,1,,false,1,5.90,5.90,false,1,
15324168,true,תיבול על האש,תבליני טעם וריח,,,'יח,1,,false,1,5.90,5.90,false,1,
15324175,true,תיבול לשווארמה,תבליני טעם וריח,,,'יח,1,,false,1,5.90,5.90,false,1,
15324519,true,תערובת לפיצה שקית 80 גר`,תבליני טעם וריח,,,'יח,1,,false,1,5.90,5.90,false,1,
15324540,true,טימין מיכל גדול 30 גר`,תבליני טעם וריח,,,'יח,1,,false,1,9.90,9.90,true,1,
15324557,true,בהרט לבישול מיכל גדול 80 גר`,תבליני טעם וריח,,,'יח,1,,false,1,9.90,9.90,true,1,
15324571,true,פפריקה מתוקה בשמן 400 גר`,תבליני טעם וריח,,,'יח,4,ל-100 גרם,false,1,19.90,4.98,true,1,
15324663,true,צילי גרוס חריף אש 70 גר`,תבליני טעם וריח,,,'יח,0.70,ל-100 גרם,false,1,9.90,14.14,true,1,
15348072,true,אמיליאנו למברוסקו אדום 750מ`ל,טמפו משקאות בע`מ,,,'יח,7.50,"ל-100 מ""ל",false,1,29.90,3.95,false,1,
15437882,true,טורטיה ספרד 30 סמ`,תומר ייבוא ושיווק מוצרי מזון [,,,'יח,1,ל-100 גרם,false,1,10.90,10.90,false,1,
15597210,true,מאגדת קורנטו וניל פרווה,שטראוס גלידות,,,'יח,1,ל-100 גרם,false,1,33.90,33.90,false,1,
15652261,true,בוטנים קלויים 300 גרם,דין שיווק וקליה 2021 בעמ,,,'יח,3,ל-100 גרם,false,1,10,3.33,false,1,
15733229,true,מטרנה אקסטרא קייר שלב 2 700 גרם,קבוצת אסם סחר,,,'יח,7,ל-100 גרם,false,1,64.10,9.16,false,1,
15804417,true,עגבניות מרוסקות עם שום 250 גרם,ויטה פרי גליל (החדשה) בע`מ,,,'יח,2.50,ל-100 גרם,false,1,3.90,1.56,true,1,
15858106,true,ממרח פסטו ביתי עללחם 180 גר`,שטראוס גרופ בע`מ,,,'יח,1.80,ל-100 גרם,false,1,17.90,9.94,false,1,
15858212,true,ממרח לימון כבוש עללחם 180 גר`,שטראוס גרופ בע`מ,,,'יח,1.80,ל-100 גרם,false,1,17.90,9.94,false,1,
15858243,true,ממרח צימיצורי עללחם 180 גר`,שטראוס גרופ בע`מ,,,'יח,1.80,ל-100 גרם,false,1,17.90,9.94,false,1,
15996983,true,סוכלוז 0 קלוריות 100 שק`,שטראוס גרופ בע`מ,,,'יח,0.13,"ל-100 מ""ל",false,12,25.90,199.23,false,1,
16006339,true,מי עדן 1 ל`רביעייה פיקדון,יפאורה - שותפות מוגבלת לשיווק,,,'יח,4,"ל-100 מ""ל",false,1,10.10,2.23,false,1,
16006346,true,שישיית שרינק ל`שוופס סודה 0.5*6,יפאורה - שותפות מוגבלת לשיווק,,,'יח,3,"ל-100 מ""ל",false,1,15.90,4.70,false,1,
16136739,true,פתיתים פוזילי ללא גלוטן 340 גר`,גורי מוצרי צריכה 1991 בע`מ,,,'יח,3.40,ל-100 גרם,false,12,13.90,4.09,false,1,
16144000,true,"קמח חיטה 80% נפלאות 1 ק""ג",תה ויסוצקי בע`מ,,,'יח,10,ל-100 גרם,false,1,8.90,0.89,false,1,
16144017,true,"קמח חיטה 100% נפלאות 1 ק""ג",תה ויסוצקי בע`מ,,,'יח,10,ל-100 גרם,false,1,8.90,0.89,false,1,
16144024,true,"קמח כוסמין 100% נפלאות 1 ק""ג",תה ויסוצקי בע`מ,,,'יח,10,ל-100 גרם,false,1,14.90,1.49,false,1,
16144031,true,"קמח חיטה לבן מנופה נפלאות 1 ק""ג",תה ויסוצקי בע`מ,,,'יח,10,ל-100 גרם,false,1,6.90,0.69,false,1,
16144055,true,קמח כוסמין 80% נפלאות 1 קג,תה ויסוצקי בע`מ,,,'יח,10,ל-100 גרם,false,1,14.90,1.49,false,1,
16150391,true,סלק בואקום,ביכורי השדה הצפון בעמ` 1964,,,'יח,1,,false,1,8.90,8.90,false,1,
16197488,true,מטלית קסם לשיש מארז שלישייה,חוגלה קימברלי שיווק בע`מ,,,'יח,1,,false,24,14.90,14.90,true,1,
16217971,true,נסיכת הנילוס מעושן 100 גר`,סלטי שמיר,,,'יח,1,ל-100 גרם,false,1,21.90,21.90,true,1,
16217988,true,גרבדלקס מעושן 100 גר`,סלטי שמיר,,,'יח,1,ל-100 גרם,false,1,21.90,21.90,true,1,
16233384,true,גפילטע פיש 7 קציצות,תומר ייבוא ושיווק מוצרי מזון [,,,'יח,5.60,ל-100 גרם,false,1,14.90,2.66,false,1,
16233711,true,לה פסטה לינגוויני 400 גר`,תומר ייבוא ושיווק מוצרי מזון [,,,'יח,4,ל-100 גרם,false,20,3.90,0.98,true,1,
16270709,true,שרי ארוז,ביכורי השדה הצפון בעמ` 1964,,,'יח,1,,false,1,9.90,9.90,false,1,
16276831,true,תבשיל איטריות בטעם בקר,דין שיווק וקליה 2021 בעמ,,,'יח,1,ל-100 גרם,false,1,5.90,5.90,false,1,
16276848,true,תבשיל איטריות בטעם עוף,דין שיווק וקליה 2021 בעמ,,,'יח,1,ל-100 גרם,false,1,5.90,5.90,false,1,
16276855,true,תבשיל איטריות בטעם ירקות,דין שיווק וקליה 2021 בעמ,,,'יח,1,ל-100 גרם,false,1,5.90,5.90,false,1,
16334616,true,בצל ירוק,ביכורי השדה הצפון בעמ` 1964,,,'יח,1,,false,1,5.90,5.90,false,1,
16372458,true,תה הגן הקסום לימונית 50 גר`,תה ויסוצקי בע`מ,,,'יח,0.75,ל-100 גרם,false,1,31.90,42.53,false,1,
16372496,true,חליטת ג`ינגיר ודבש סודות הצמחים,תה ויסוצקי בע`מ,,,'יח,6,ל-100 גרם,false,1,19.90,3.32,true,1,
16387698,true,כריות יפניות פנינה*3,מ.א. יצור ויבוא מטליות בעמ`,,,'יח,1,,false,36,6.90,6.90,false,1,
16400168,true,שקיות צליה 10 יח`,ח.כהן סוכנות מזון ומשקאות,,,'יח,10,'יח,false,1,4.90,0.49,false,1,
16400373,true,נר הבדלה דמוי פמוט דקורטיבי,ח.כהן סוכנות מזון ומשקאות,,,'יח,1,,false,1,14.90,14.90,false,1,
16400793,true,"מפיות נייר 100 יח ""שווה""",ח.כהן סוכנות מזון ומשקאות,,,'יח,1,,false,1,5.90,5.90,true,1,
16401141,true,"טורטיה תירס 8 יח 320 גר` ""שווה""",ח.כהן סוכנות מזון ומשקאות,,,'יח,3.20,ל-100 גרם,false,1,9.90,3.09,true,1,
16401592,true,"ניילון נצמד זוג ""שווה""",ח.כהן סוכנות מזון ומשקאות,,,'יח,1,'יח,false,1,10.90,10.90,true,1,
16408980,true,מטבעות שוקולד חלב 36 גר`,כרמית תעשיות ממתקים בעמ,,,'יח,0.36,ל-100 גרם,false,1,6.90,19.17,false,1,
16448900,true,סרדינים בשמן חמניות 240 גר`,רוסמן לוגיסטיקה בעמ`,,,'יח,2.40,ל-100 גרם,false,1,5.90,2.46,false,1,
16509304,true,סוד PA4 כדוריות נתלה לבנדר,גורי שיווק,,,'יח,1,,false,1,7.90,7.90,true,1,
16509342,true,מארז שלשות כדוריות אסלה,גורי שיווק,,,'יח,3,"ל-100 מ""ל",false,1,19.90,6.63,true,1,
16509786,true,פרסיל ג`ל לכביסה ירוק 2.5 ליטר,גורי שיווק,,,'יח,25,"ל-100 מ""ל",false,6,34.90,1.40,true,1,
16509793,true,פרסיל ג`ל לכביסה 4 ליטר ירוק,גורי שיווק,,,'יח,40,"ל-100 מ""ל",false,4,44.90,1.12,false,1,
16509809,true,פרסיל ג`ל לכביסה קולור 2.5 ליטר,גורי שיווק,,,'יח,25,"ל-100 מ""ל",false,6,34.90,1.40,true,1,
16509816,true,פרסיל ג`ל לכביסה 4 ליטר קולור,גורי שיווק,,,'יח,40,"ל-100 מ""ל",false,4,44.90,1.12,false,1,
16510348,true,"הוואי אל סבון בנים 700 מ""ל",הנקל סוד בע`מ,,,'יח,7,"ל-100 מ""ל",false,1,9.90,1.41,false,1,
16564006,true,מבריקל הפלא *3,אלבגינו שווק וסחר בעמ`,,,'יח,1,,false,1,9.90,9.90,false,1,
16564150,true,מטליות מיקרוייבר נשלפות *10,אלבגינו שווק וסחר בעמ`,,,'יח,1,,false,1,9.90,9.90,false,1,
16564235,true,זוג מטליות לרצפות גדולות,אלבגינו שווק וסחר בעמ`,,,'יח,1,,false,1,18.90,18.90,false,1,
16564266,true,כיסוי הפלא 30 יח`,אלבגינו שווק וסחר בעמ`,,,'יח,1,,false,1,9.90,9.90,false,1,
16564273,true,מארז 3 מטליות לרצפה,אלבגינו שווק וסחר בעמ`,,,'יח,1,,false,1,11.90,11.90,false,1,
16584219,true,שעועית ירוקה,ביכורי השדה הצפון בעמ` 1964,,,'יח,0,'יח,false,1,9.90,9.90,false,1,
16621358,true,קמיל אל סבון נקיון והזנה ורוד 1 ליטר,"פישר תעשיות פרמצבטיות בע""מ",,,'יח,5,"ל-100 מ""ל",false,1,15.90,3.18,true,1,
16717044,true,"ספארקלינג מנגו BUZZ 750 מ""ל",אגודת הכורמים,,,'יח,7.50,"ל-100 מ""ל",false,1,27.90,3.68,true,1,
16717099,true,סלקטד רדום חצי יבש 750 מל`,אגודת הכורמים,,,'יח,7.50,"ל-100 מ""ל",false,1,29.90,3.95,true,1,
16717754,true,יין היובל ישן נושן 750 מל`,אגודת הכורמים,,,'יח,7.50,"ל-100 מ""ל",false,1,19.90,2.61,false,1,
16865943,true,אטריות ביצים פטוצ`יני,גורי מוצרי צריכה 1991 בע`מ,,,'יח,4,ל-100 גרם,false,1,11.90,2.98,false,1,
16866650,true,משחת שיניים פרדונטקס אוריג`ינל 75 גרם,גורי ע.ע.ע. בע`מ,,,'יח,0.75,ל-100 גרם,false,12,30.90,41.20,true,1,
17023212,true,רביעיית פחיות שוופס מוגז פירות תפוח 33,יפאורה - שותפות מוגבלת לשיווק,,,'יח,13.20,"ל-100 מ""ל",false,1,13.90,0.96,false,1,
17023236,true,רביעיית פחיות שוופס מוגז פירות ענבים 3,יפאורה - שותפות מוגבלת לשיווק,,,'יח,13.20,"ל-100 מ""ל",false,1,13.90,0.96,false,1,
17023663,true,רביעיית פחיות שוופס מוגז פירות למונייד,יפאורה - שותפות מוגבלת לשיווק,,,'יח,13.20,"ל-100 מ""ל",false,1,13.90,0.96,false,1,
17023854,true,רביעיית שוופס סודה 250 מ`ל,יפאורה - שותפות מוגבלת לשיווק,,,'יח,10,"ל-100 מ""ל",false,1,10.90,0.97,false,1,
17023878,true,רביעיית שוופס סודה נענע ליים 250 מ`ל,יפאורה - שותפות מוגבלת לשיווק,,,'יח,10,"ל-100 מ""ל",false,1,10.90,0.97,false,1,
17031323,true,אטריות ביצים פפרדלה 400 גר`,גורי מוצרי צריכה 1991 בע`מ,,,'יח,4,ל-100 גרם,false,1,11.90,2.98,false,1,
17031811,true,זוג מברשות שיניים פרודנטקס בליסטר,גורי ע.ע.ע. בע`מ,,,'יח,0,'יח,false,1,19.90,19.90,true,1,
17058689,true,זית שחור טבעי 400 גר`,תומר ייבוא ושיווק מוצרי מזון [,,,'יח,4,ל-100 גרם,false,1,14.90,3.73,false,1,
17065137,true,גבינה ריקוטה למריחה 5% טבעית 200 גר`,מחלבות גד בעמ`,,,'יח,2,ל-100 גרם,false,1,9.90,4.95,false,1,
17065144,true,גבינה ריקוטה למריחה 5% עם בזילקום,מחלבות גד בעמ`,,,'יח,2,ל-100 גרם,false,1,9.90,4.95,false,1,
17088112,true,בייביסיטר פרפורמנס{36}מידה 4+,שקד תבל בע`מ,,,'יח,1,'יח,false,1,29.90,29.90,true,1,
17088143,true,בייביסיטר פרפורמנס{30}מידה 6,שקד תבל בע`מ,,,'יח,1,'יח,false,1,29.90,29.90,true,1,
17105048,true,שלישייה זיתים טבעות יכין 200 גר`,זנלכול יכין,,,'יח,2,ל-100 גרם,false,1,13.90,6.95,false,1,
17105383,true,תירס שלשות קידס 200 גר`,זנלכול יכין,,,'יח,2,ל-100 גרם,false,1,14.90,7.45,false,1,
17105468,true,אפונה גינה שלשות יכין,זנלכול יכין,,,'יח,6,ל-100 גרם,false,1,14.90,2.48,false,1,
17105895,true,גרגירי חומוס מסעדות יכין 550 גר`,זנלכול יכין,,,'יח,5.50,ל-100 גרם,false,1,9.90,1.80,false,1,
17106069,true,קוביות סלק 550 גר`יכין,זנלכול יכין,,,'יח,5.50,ל-100 גרם,false,1,9.90,1.80,false,1,
17121048,true,פלפל צ`ומה עללחם 250 גר`,שטראוס גרופ בע`מ,,,'יח,2.50,ל-100 גרם,false,1,14.90,5.96,false,1,
17121093,true,.אריסה חריפה עללחם 250 גר`,שטראוס גרופ בע`מ,,,'יח,2.50,ל-100 גרם,false,1,14.90,5.96,false,1,
17142128,true,"שמן זית קלאסי עץ הזית 750 מ""ל",סוגת,,,'יח,7.50,"ל-100 מ""ל",false,1,32.90,4.39,true,1,
17266053,true,וופל עלמה קראנצ`במילוי קרם לימון ללא,מ.ד אטיאס סוכנויות מזון בע`מ,,,'יח,1,ל-100 גרם,false,1,6.90,6.90,false,1,
17275154,true,עוגת שמרים אישית בטעם שוקולד 120 גר`,אחדות ביתחרושת לטחינה חלבה,,,'יח,1.20,ל-100 גרם,false,1,2.90,2.42,false,1,
17297194,true,לקט ירקות לתנור 800 גר`,ויטה פרי גליל (החדשה) בע`מ,,,'יח,8,ל-100 גרם,false,1,16.90,2.11,false,1,
17297224,true,שעועית אדומה 800 גר`,ויטה פרי גליל (החדשה) בע`מ,,,'יח,8,ל-100 גרם,false,1,12.90,1.61,false,1,
17303567,true,עוגיות תמר מלוחות עם קצח 500 גר`,מאפית אריאל שיווק והפצה,,,'יח,5,ל-100 גרם,false,1,12.90,2.58,true,1,
17303574,true,עוגיות תמר מלוחות עם שומשום 500 גר`,מאפית אריאל שיווק והפצה,,,'יח,5,ל-100 גרם,false,1,12.90,2.58,true,1,
17303659,true,עוגיות תמר מיני מרוקאיות 500 גר`,מאפית אריאל שיווק והפצה,,,'יח,5,ל-100 גרם,false,1,12.90,2.58,true,1,
17374512,true,שקיות אשפה 75*90,מ.א. יצור ויבוא מטליות בעמ`,,,'יח,1,,false,20,9.90,9.90,false,1,
17374932,true,שקיות אשפה גורילה 52*65,מ.א. יצור ויבוא מטליות בעמ`,,,'יח,1,,false,20,14.90,14.90,false,1,
17440965,true,קמיל אל סבון ניקיון ולחות לבן 1 ליטר,"פישר תעשיות פרמצבטיות בע""מ",,,'יח,5,"ל-100 מ""ל",false,1,15.90,3.18,true,1,
17457598,true,"מרכך כביסה סוד בניחוח ורוד 900 מ""ל",גורי שיווק,,,'יח,9,"ל-100 מ""ל",false,1,12.90,1.43,false,1,
17457611,true,סוד ג`ל כביסה 2.5 ל`ורוד,גורי שיווק,,,'יח,25,"ל-100 מ""ל",false,1,22.90,0.92,false,1,
17457727,true,מרכך כביסה מרוכז כחול,גורי שיווק,,,'יח,9,"ל-100 מ""ל",false,12,12.90,1.43,false,1,
17457871,true,סוד ג`ל כביסה 4 ל` ורוד,גורי שיווק,,,'יח,40,"ל-100 מ""ל",false,1,32.90,0.82,false,1,
17457888,true,סוד ג`ל כביסה כחול 4 ל` כחול,גורי שיווק,,,'יח,40,"ל-100 מ""ל",false,1,32.90,0.82,false,1,
17457932,true,"מרכך כביסה מרוכז FCCF 900 מ""ל",גורי שיווק,,,'יח,9,"ל-100 מ""ל",false,1,12.90,1.43,false,1,
17477169,true,קשיו קלוי 250 גר`,דין שיווק וקליה 2021 בעמ,,,'יח,2.50,ל-100 גרם,false,1,20,8,false,1,
17513485,true,מחית עגבניות רוסטיקה 680 גר`,תה ויסוצקי בע`מ,,,'יח,6.80,ל-100 גרם,false,1,13.90,2.04,true,1,
17513775,true,פליפז בייגלה מצופה שוקולד חלב 140 גר`,תה ויסוצקי בע`מ,,,'יח,1.40,ל-100 גרם,false,1,8.90,6.36,true,1,
17641102,true,"שוקולד פרמיום 70% לל""ס תפוז 100 גר`",כרמית תעשיות ממתקים בעמ,,,'יח,1,ל-100 גרם,false,1,7.90,7.90,false,1,
17675015,true,"טחינה היונה 500 מ""ל",מ.ד אטיאס סוכנויות מזון בע`מ,,,'יח,5,"ל-100 מ""ל",false,1,13.90,2.78,false,1,
17677804,true,רוטב סויה קיקומן 444 מל,דיפלומט מפיצים (1968) בע`מ,,,'יח,4.44,"ל-100 מ""ל",false,12,19.90,4.48,false,1,
17677811,true,רוטב סויה קיקומן 296 מל,דיפלומט מפיצים (1968) בע`מ,,,'יח,2.96,"ל-100 מ""ל",false,1,13.90,4.70,false,1,
17812052,true,"אקסלנס שיראז קברנה סובניון 750 מ""ל",אגודת הכורמים,,,'יח,7.50,"ל-100 מ""ל",false,1,24.90,3.28,false,1,
17812069,true,"אקסלנס ריזלינג שרדונה 750 מ""ל",אגודת הכורמים,,,'יח,7.50,"ל-100 מ""ל",false,1,24.90,3.28,false,1,
17812571,true,תירוש מיץ ענבים טבעי 1 ליטר 100%,אגודת הכורמים,,,'יח,10,"ל-100 מ""ל",false,1,19.90,1.96,false,1,
17812861,true,יין לבן יבש 750 מל-וינו,אגודת הכורמים,,,'יח,7.50,"ל-100 מ""ל",false,1,21.90,2.88,true,1,
17812977,true,"BUZZ אננס 750 מ""ל",אגודת הכורמים,,,'יח,7.50,"ל-100 מ""ל",false,1,27.90,3.68,true,1,
17888095,true,רביעיית פחיות שוופס מוגז עדין פ.יער 33,יפאורה - שותפות מוגבלת לשיווק,,,'יח,12,"ל-100 מ""ל",false,1,13.90,1.06,false,1,
17888101,true,רביעיית פחיות שוופס מוגז עדין אפרסק330,יפאורה - שותפות מוגבלת לשיווק,,,'יח,12,"ל-100 מ""ל",false,1,13.90,1.06,false,1,
17888347,true,"בקבוק מים קטן ספורט 500 מ""ל",יפאורה - שותפות מוגבלת לשיווק,,,'יח,5,"ל-100 מ""ל",false,1,4,0.74,false,1,
17888729,true,שוופס סודה בבקבוק 1 ליטר,יפאורה - שותפות מוגבלת לשיווק,,,'יח,10,"ל-100 מ""ל",false,1,3.90,0.36,true,1,
17888972,true,מי עדן 1 ליטר פקק ספורט פיקדון,יפאורה - שותפות מוגבלת לשיווק,,,'יח,10,"ל-100 מ""ל",false,1,3.90,0.36,false,1,
17917382,true,קמיל אל סבון נוזלי להרגעת עור התינוק 1,"פישר תעשיות פרמצבטיות בע""מ",,,'יח,10,"ל-100 מ""ל",false,1,15.90,1.59,true,1,
17928227,true,מאיר בייגל שטוחלה פינוקים 300 ג,דנאגיס בעמ,,,'יח,3,ל-100 גרם,false,1,11.90,3.97,true,1,
17928616,true,מאיר בייגל שטוחלה שומשום 300 גר`,דנאגיס בעמ,,,'יח,3,ל-100 גרם,false,1,11.90,3.97,true,1,
18091029,true,מקלות פילו תפוח אדמה 450 גר`,תנובה מרכז שיתופי לשיווק תוצרת,,,'יח,4.50,ל-100 גרם,false,1,16.90,3.76,false,1,
18091616,true,מקלות פילו גבינה 450 גר`,תנובה מרכז שיתופי לשיווק תוצרת,,,'יח,4.50,ל-100 גרם,false,1,16.90,3.76,false,1,
18115039,true,אבוקדו מוכן לאכילה,ביכורי השדה הצפון בעמ` 1964,,,'יח,1,,false,1,9.90,9.90,false,1,
18131039,true,מאגדת שוקו וניל עוגיות 45*6,נגה גלידות שותפות מוגבלת,,,'יח,0.45,ל-100 גרם,false,1,26.90,59.78,false,1,
18131756,true,מאגדת שלגונים וניל מצופה תות 8*55 גרם,נגה גלידות שותפות מוגבלת,,,'יח,0.55,ל-100 גרם,false,1,23.90,43.45,false,1,
18131831,true,מאגדת שלגוני מילקה 4*65 גר`,נגה גלידות שותפות מוגבלת,,,'יח,0.65,ל-100 גרם,false,1,29.90,46,false,1,
18131954,true,גלידה לה פרוטה מאגדת תות שוקולד 8 יח`,נגה גלידות שותפות מוגבלת,,,'יח,6.80,ל-100 גרם,false,1,26.90,3.96,false,1,
18156124,true,"אל סבון קמיל שלישייה צבעוני 500 מ""ל","פישר תעשיות פרמצבטיות בע""מ",,,'יח,3.25,"ל-100 מ""ל",false,1,19.90,6.12,false,1,
18165447,true,רזרב גולד מרלו gold edition 750 מ`,טמפו משקאות בע`מ,,,'יח,7.50,"ל-100 מ""ל",false,1,49.90,6.61,true,1,
18192023,true,מקלות סלרי,ביכורי השדה הצפון בעמ` 1964,,,'יח,1,,false,1,5.90,5.90,false,1,
18192658,true,פטריות זוג,ביכורי השדה הצפון בעמ` 1964,,,'יח,1,,false,1,16.90,16.90,false,1,
18198056,true,"תפוגן קוביות תפוח אדמה 1.5 ק""ג",קבוצת אסם סחר,,,'יח,15,ל-100 גרם,false,1,26.90,1.79,false,1,
18198148,true,"תפוגן קריספי ציפס קלאסי 1.25 ק""ג",קבוצת אסם סחר,,,'יח,12.50,ל-100 גרם,false,1,26.90,2.15,false,1,
18198209,true,תפוגן ציפס בטטה קראנצ`י 500 גר`,קבוצת אסם סחר,,,'יח,5,ל-100 גרם,false,1,19.90,3.98,false,1,
18198254,true,"תפוגן קריספי ציפס פוטטוס 1.25 ק""ג",קבוצת אסם סחר,,,'יח,12.50,ל-100 גרם,false,1,26.90,2.15,false,1,
18213124,true,דלי מטליות לחות לרצפה 50 יח`פוקוס,מ.א. יצור ויבוא מטליות בעמ`,,,'יח,0,'יח,false,1,29.90,29.90,false,1,
18213254,true,שלישיית מגבות מטבח עבות,מ.א. יצור ויבוא מטליות בעמ`,,,'יח,0,'יח,false,1,9.90,9.90,false,1,
18359358,true,שליישיה פריכוז יכין 200 גר`,זנלכול יכין,,,'יח,2,ל-100 גרם,false,1,14.90,7.45,false,1,
18359495,true,תירס מהשדה לל`ס יכין 550 גר`,זנלכול יכין,,,'יח,5.50,ל-100 גרם,false,1,9.90,1.80,false,1,
18359518,true,תירס מהשדה לל`ס 200 גר`שלישייה,זנלכול יכין,,,'יח,2,ל-100 גרם,false,1,14.90,7.45,false,1,
18359556,true,תירס מהשדה לל`ס יכין 400 גר`,זנלכול יכין,,,'יח,4,ל-100 גרם,false,1,6.50,1.63,false,1,
18359587,true,חומוס הקטניה הטובה שלישייה 200*3,זנלכול יכין,,,'יח,6,ל-100 גרם,false,1,14.90,2.48,true,1,
18440209,true,פליפז בייגלה בציפוי פאדג` לבן 140 גר,תה ויסוצקי בע`מ,,,'יח,1.40,ל-100 גרם,false,1,8.90,6.36,true,1,
18471029,true,שישיית שרינק 0.5 ל`שוופס סודה לימון,יפאורה - שותפות מוגבלת לשיווק,,,'יח,3,"ל-100 מ""ל",false,1,15.90,4.70,false,1,
18471470,true,תפוזינה נקטר תפוז פסיפלורה 1 ל`קרטוני,יפאורה - שותפות מוגבלת לשיווק,,,'יח,10,"ל-100 מ""ל",false,1,7.90,0.79,false,1,
18652039,true,לה קרמריה קרמל מלוח ונוגט כשל`פ 1.4 ל`,נגה גלידות שותפות מוגבלת,,,'יח,14,"ל-100 מ""ל",false,1,19.90,1.42,false,1,
19056539,true,פרוט ווטר אננס1.5 ל`,יפאורה - שותפות מוגבלת לשיווק,,,'יח,15,"ל-100 מ""ל",false,1,8.90,0.57,true,1,
40111216,true,חטיף באונטי 57 גרם,"מרס ריגלי ישראל בע""מ",,,'יח,0.57,ל-100 גרם,false,1,3.90,6.84,false,1,
54051157,true,אלפרו מעדן סויה בטעם שוק `4*125גרם,שטראוס גרופ בע`מ,,,'יח,1.25,ל-100 גרם,false,1,16.90,13.52,false,1,
72940754,true,מילקי מעדן חלב וניל עם קצפת %5 170מל,שטראוס גרופ בע`מ,,,'יח,1.30,"ל-100 מ""ל",false,24,2.80,2.15,false,1,
72940761,true,מילקי טעם שוקולד,שטראוס גרופ בע`מ,,,'יח,1.30,"ל-100 מ""ל",false,24,2.90,2.23,false,1,
72940952,true,מילקי קצפת 2p מעדן שוקולד %10 170 מ`,שטראוס גרופ בע`מ,,,'יח,1.70,"ל-100 מ""ל",false,24,3.90,2.29,false,1,
72941041,true,מיני מילקי שוקולד עם קצפת %6 90 מל,שטראוס גרופ בע`מ,,,'יח,1.30,"ל-100 מ""ל",false,24,2.30,1.77,false,1,
72945308,true,שמרית קוביות שמרים לאפייה 50 גרםכשלפ,שטראוס גרופ בע`מ,,,'יח,0.50,ל-100 גרם,false,10,3.50,7,false,1,
72961506,true,פרילי תות %1.5 125 מל גביע,תנובה חלב,,,'יח,1.25,"ל-100 מ""ל",false,1,3.70,2.96,false,1,
72961520,true,פרילי אננס %1.5 125 מל גביע,תנובה חלב,,,'יח,1.25,"ל-100 מ""ל",false,1,3.70,2.96,false,1,
72961544,true,באדי תות,תנובה חלב,,,'יח,1.25,"ל-100 מ""ל",false,1,3,2.40,false,1,
72964132,true,פרילי טבע עם גרנולה 200 מל גביע,תנובה חלב,,,'יח,2,"ל-100 מ""ל",false,1,5.20,2.60,false,1,
72964422,true,שלי יוגורט %4.5 200 מל גביע,תנובה חלב,,,'יח,2,"ל-100 מ""ל",false,1,2.90,1.45,false,1,
72986233,true,באדי וניל %3 125 מ``ל מהדרין,תנובה חלב,,,'יח,1.25,"ל-100 מ""ל",false,1,3,2.40,false,1,
72986424,true,גלידת בן & ג`ריס 500 מל` קרם עוגיות,מוצרי איכות אמריקאים,,,'יח,5,"ל-100 מ""ל",false,1,19.90,3.98,true,1,
72986448,true,גלידת בן & ג`ריס 500 מל` טופי קראנץ,מוצרי איכות אמריקאים,,,'יח,5,"ל-100 מ""ל",false,1,19.90,3.98,true,1,
72986455,true,גלידת בן & ג`ריס 500 מל` ניו יורק,מוצרי איכות אמריקאים,,,'יח,5,"ל-100 מ""ל",false,1,19.90,3.98,true,1,
72989425,true,גלידת בן & ג`ריס 500 מל` בראוניס,מוצרי איכות אמריקאים,,,'יח,5,"ל-100 מ""ל",false,1,19.90,3.98,true,1,
72991886,true,גלידת בן & ג`ריס 500 מל` דולצ`ה,מוצרי איכות אמריקאים,,,'יח,5,"ל-100 מ""ל",false,1,19.90,3.98,true,1,
72993637,true,דני שוקולד %1.5 שומן 125 גרם,שטראוס גרופ בע`מ,,,'יח,1.25,"ל-100 מ""ל",false,24,2.70,2.16,false,1,
72994061,true,פסק זמן GOOD,שטראוס גרופ בע`מ,,,'יח,0,ל-100 גרם,false,20,5.30,5.30,false,1,
80042563,true,רסק עגבניות 700 כר` מוטי,רסטרטו יבוא ושיווק בעמ,,,'יח,7,ל-100 גרם,false,1,11.90,1.70,false,1,
80052760,true,חטיף קינדר בואנו שוקולד 43 גרם,פרימיום חברה לדברי מתיקה ולמסח,,,'יח,0.43,ל-100 גרם,false,1,3.50,8.14,false,1,
80052883,true,טיק טק בטעם מנטה חזק 16 גר`,פרימיום חברה לדברי מתיקה ולמסח,,,'יח,0.16,ל-100 גרם,false,1,3.90,24.38,true,1,
80136194,true,קינדר Happy Hippo ופל במילוי קרם 5יח,פרימיום חברה לדברי מתיקה ולמסח,,,'יח,1.30,ל-100 גרם,false,1,12.90,9.92,false,1,
80176800,true,ממרח נוטלה קקאו אגוזים 750 גרם,פרימיום חברה לדברי מתיקה ולמסח,,,'יח,7.50,ל-100 גרם,false,1,25.90,3.45,false,1,
80177173,true,נוטלה קקאו ואגוזים 350 גרם,פרימיום חברה לדברי מתיקה ולמסח,,,'יח,3.50,ל-100 גרם,false,1,13.90,3.97,false,1,
80177616,true,אצבעות שוקולד קינדר 100 גרם,פרימיום חברה לדברי מתיקה ולמסח,,,'יח,1,ל-100 גרם,false,1,7.90,7.90,false,1,
80310167,true,קינד שוקולד מקסי מארז 6 יח`,פרימיום חברה לדברי מתיקה ולמסח,,,'יח,0,ל-100 גרם,false,1,9.90,9.90,false,1,
80773429,true,מסטיק מנטוס טעם תות,ליימן שליסל בע`מ,,,'יח,0.24,ל-100 גרם,false,24,9.90,41.25,true,1,
80773443,true,מסטיק מנטוס טעם פירות,ליימן שליסל בע`מ,,,'יח,0.24,ל-100 גרם,false,24,9.90,41.25,true,1,
80790990,true,מסטיק מנטוס טעם מנטה עדינה,ליימן שליסל בע`מ,,,'יח,0.24,ל-100 גרם,false,24,9.90,41.25,true,1,
80831402,true,סוכריות מנטוס מנטה ללא סוכר clean breath,ליימן שליסל בע`מ,,,'יח,0.21,ל-100 גרם,false,1,6.90,32.86,true,1,
80843184,true,מסטיק מנטוס טעם ענבים,ליימן שליסל בע`מ,,,'יח,0.24,ל-100 גרם,false,24,9.90,41.25,true,1,
80913467,true,מסטיק מנטוס טעם מנטה,ליימן שליסל בע`מ,,,'יח,0.24,ל-100 גרם,false,24,9.90,41.25,true,1,
80979128,true,מסטיק מנטוס טעם דובדבן,ליימן שליסל בע`מ,,,'יח,0.24,ל-100 גרם,false,1,9.90,41.25,true,1,
80995128,true,מסטיק מנטוס טעם הדרים,ליימן שליסל בע`מ,,,'יח,0.24,ל-100 גרם,false,24,9.90,41.25,true,1,
87108651,true,מנטוס רבעיות מנטה 4*37.5 גרם,ליימן שליסל בע`מ,,,'יח,1,,false,35,10.90,10.90,true,1,
87108712,true,מנטוס רביעיות פירות 4*37.5 גרם,ליימן שליסל בע`מ,,,'יח,1.50,ל-100 גרם,false,35,10.90,7.27,true,1,
90087974,true,חומץ טבעי מתפוחים 750 מ`ל,תומר ייבוא ושיווק מוצרי מזון [,,,'יח,1,,false,1,12.90,12.90,false,1,
90162602,true,משקה אנרגיה Red Bull מוגז 250 מל,דיפלומט מפיצים (1968) בע`מ,,,'יח,2.50,"ל-100 מ""ל",false,1,5.90,2.24,true,1,
90448867,true,משקה אנרגיה Red Bull מוגז 250 מל ללא פ,דיפלומט מפיצים (1968) בע`מ,,,'יח,2.50,"ל-100 מ""ל",false,1,5.90,2.24,true,1,
9800800056,true,ממרח נוטלה GO 52 גרם,פרימיום חברה לדברי מתיקה ולמסח,,,'יח,0.52,ל-100 גרם,false,1,5.50,10.58,false,1,
11210000094,true,רוטב טבסקו אדום 60 מל,מ.ד אטיאס סוכנויות מזון בע`מ,,,'יח,0.60,"ל-100 מ""ל",false,1,12.90,21.50,false,1,
11210009387,true,רוטב טבסקו ירוק 60 מל,מ.ד אטיאס סוכנויות מזון בע`מ,,,'יח,0.60,"ל-100 מ""ל",false,1,13.80,23,false,1,
16000423534,true,חטיף שיבולת שועל עם שוקולד מריר 5*42 גרם,ליימן שליסל בע`מ,,,'יח,2.10,ל-100 גרם,false,12,19.90,9.48,true,1,
16000548404,true,חטיף שיבולת שועל עם דבש 5*42 גרם,ליימן שליסל בע`מ,,,'יח,2.10,ל-100 גרם,false,12,19.90,9.48,true,1,
16000548503,true,חטיף שיבולת שועל עם מייפל קנדי 5*42גרם,ליימן שליסל בע`מ,,,'יח,2.10,ל-100 גרם,false,12,19.90,9.48,true,1,
18000701223,true,תערובת להכנת עוגת שוקולד 517 גרם,ליימן שליסל בע`מ,,,'יח,5,ל-100 גרם,false,1,17.90,3.58,false,1,
18000703494,true,תערובת לעוגת וניל 517 גרם,ליימן שליסל בע`מ,,,'יח,5,ל-100 גרם,false,12,17.90,3.58,false,1,
19548003107,true,צמקאו אופנהיימר חום,מ.ד אטיאס סוכנויות מזון בע`מ,,,'יח,3,ל-100 גרם,false,1,9.90,3.30,false,1,
22200956949,true,ספיד סטיק 24/7 Cool Fusion ג`ל 85גרם,ש. שסטוביץ בע`מ,,,'יח,0.85,ל-100 גרם,false,1,19.90,23.41,true,1,
34000148301,true,הרשי נטיפי אפיה שוקולד מריר,ליימן שליסל בע`מ,,,'יח,6.80,ל-100 גרם,false,12,18.90,2.78,false,1,
34000544028,true,ממתק טוויזלרס בטעם תות 198גר,ליימן שליסל בע`מ,,,'יח,1.50,ל-100 גרם,false,12,7.90,5.27,false,1,
37600207188,true,ממרח חמאת בוטנים קלאסי 462 גרם,דיפלומט מפיצים (1968) בע`מ,,,'יח,4.62,ל-100 גרם,false,1,19.90,4.31,false,1,
37600207287,true,ממרח חמאת בוטנים עם דבש 462 גרם,דיפלומט מפיצים (1968) בע`מ,,,'יח,4.62,ל-100 גרם,false,12,19.90,4.31,false,1,
38000138638,true,פרינגלס פיצה 158 גר`,דיפלומט מפיצים (1968) בע`מ,,,'יח,1.58,ל-100 גרם,false,14,9.90,6.27,true,1,
38000138720,true,פרינגלס ראנץ` 158 גר`,דיפלומט מפיצים (1968) בע`מ,,,'יח,1.58,ל-100 גרם,false,1,9.90,6.27,true,1,
38000183928,true,פרינגלס חרדל ודבש 158 גר`,דיפלומט מפיצים (1968) בע`מ,,,'יח,1.58,ל-100 גרם,false,14,9.90,6.27,true,1,
38000232152,true,פרינגלס ביג ברביקיו 158 גר`,דיפלומט מפיצים (1968) בע`מ,,,'יח,1.58,ל-100 גרם,false,14,9.90,6.27,true,1,
38000232176,true,פרינגלס ביג שמנת בצל 158 גר`,דיפלומט מפיצים (1968) בע`מ,,,'יח,1.58,ל-100 גרם,false,14,9.90,6.27,true,1,
38000232183,true,פרינגלס ביג אורגינל 149 גר`,דיפלומט מפיצים (1968) בע`מ,,,'יח,1.49,ל-100 גרם,false,14,9.90,6.64,true,1,
38527591053,true,קוואקר ריבועים קנמון,שטראוס פריטו ליי בע`מ,,,'יח,4.12,ל-100 גרם,false,1,22.40,5.44,false,1,
40000513568,true,אריזת שוקולד MM 156 גר`,"מרס ריגלי ישראל בע""מ",,,'יח,1.56,ל-100 גרם,false,1,11.90,7.63,false,1,
44600300580,true,"קלין אפ פרש 946 מ""ל",גורי מוצרי צריכה 1991 בע`מ,,,'יח,9.46,"ל-100 מ""ל",false,1,20.90,2.21,false,1,
46214372250,true,עוגיות מרבה שטרודל פריכות עם תפו``ע 22,ש. שסטוביץ בע`מ,,,'יח,2.25,ל-100 גרם,false,1,9.90,4.40,true,1,
46214382259,true,עוגיות מרבה בראוניס שוקולד פריכות 200,ש. שסטוביץ בע`מ,,,'יח,2.25,ל-100 גרם,false,1,9.90,4.40,true,1,
46214731552,true,עוגיות מרבה שוקולד צ`יפס 225 גרם,ש. שסטוביץ בע`מ,,,'יח,2.25,ל-100 גרם,false,1,9.90,4.40,true,1,
50000100347,true,פריסקיז מעדני החתול מועשר בחלב 1.4קג,שחורי אריה ואנסטסיה,,,'יח,14.20,ל-100 גרם,false,1,35.90,2.53,false,1,
50000170180,true,פריסקיז פריים פילה עוף ברוטב 156 גר,שחורי אריה ואנסטסיה,,,'יח,1.56,ל-100 גרם,false,1,6.90,4.42,false,1,
50000225224,true,פריסקיז פריים פילה הודו ברוטב 156 גר,שחורי אריה ואנסטסיה,,,'יח,1.56,ל-100 גרם,false,1,6.90,4.42,false,1,
50000292592,true,פנסי פיסט סלמון ברוטב עשיר,שחורי אריה ואנסטסיה,,,'יח,0.85,ל-100 גרם,false,1,5.90,6.94,false,1,
50000292615,true,פנסי פיסט לבבות עוף וכבד,שחורי אריה ואנסטסיה,,,'יח,0.85,ל-100 גרם,false,1,5.90,6.94,false,1,
50000434640,true,מזון חתולים לח נתחי עוף פנסי פיסט 85 גרם,שחורי אריה ואנסטסיה,,,'יח,0.85,ל-100 גרם,false,1,5.90,6.94,false,1,
52600751219,true,פלאפ ממרח מרשמלו וניל 213 גר`,מור ים מרקטינג בעמ,,,'יח,2.13,ל-100 גרם,false,1,14.90,7,false,1,
55500012046,true,מרסס כלורוקס קלין,גורי מוצרי צריכה 1991 בע`מ,,,'יח,9.46,"ל-100 מ""ל",false,1,20.90,2.21,false,1,
64144090020,true,תרסיס שמן זית להתזה בטעם מקורי 141גר,ליימן שליסל בע`מ,,,'יח,1,,false,12,18.90,18.90,false,1,
64144090051,true,תרסיס שמן קנולה קל להתזה אורגינל,ליימן שליסל בע`מ,,,'יח,1.48,"ל-100 מ""ל",false,12,18.90,12.77,false,1,
76840002542,true,גלידת בן ג`ריס 500 מל`פיינט נטפליקס צ,מוצרי איכות אמריקאים,,,'יח,5,"ל-100 מ""ל",false,1,19.90,3.98,false,1,
76840100125,true,גלידת בן & ג`ריס 500 מל`צאבי האבי,מוצרי איכות אמריקאים,,,'יח,5,ל-100 גרם,false,1,19.90,3.98,true,1,
76840100156,true,גלידת בן & ג`ריס 500 מל`פיינט גרסיה,מוצרי איכות אמריקאים,,,'יח,5,ל-100 גרם,false,1,19.90,3.98,true,1,
76840100583,true,גלידת בן & ג`ריס 500 מל`פיינט,מוצרי איכות אמריקאים,,,'יח,5,"ל-100 מ""ל",false,1,19.90,3.98,true,1,
76840400218,true,גלידת בן & ג`ריס 500 מל` עוגת גבינה ותות,מוצרי איכות אמריקאים,,,'יח,5,"ל-100 מ""ל",false,1,19.90,3.98,true,1,
76840620029,true,גלידת בן & ג`ריס 500 מל` פיינט תות שדה,מוצרי איכות אמריקאים,,,'יח,5,"ל-100 מ""ל",false,1,19.90,3.98,true,1,
77245110610,true,סוכריות Must ללא סוכר בטעם מנטה 80גר`,שטראוס גרופ בע`מ,,,'יח,0.80,ל-100 גרם,false,12,7.90,9.88,false,1,
77975094624,true,שברי בייגל במילוי חמאת בוטנים,ליימן שליסל בע`מ,,,'יח,3.40,ל-100 גרם,false,12,16.90,4.97,true,1,
77975094631,true,בייגלה סנדוויץ גבינה צ`דר 226.8 גר`,ליימן שליסל בע`מ,,,'יח,2.26,ל-100 גרם,false,12,16.90,7.48,true,1,
77975094761,true,שברי בייגל בטעם גבינת צ`אדר 340 גר`,ליימן שליסל בע`מ,,,'יח,3.40,ל-100 גרם,false,12,16.90,4.97,true,1,
77975094778,true,"שברי בייגל בטעם בצל,חרדל ודבש 340 גר`",ליימן שליסל בע`מ,,,'יח,3.40,ל-100 גרם,false,12,16.90,4.97,true,1,
78652971191,true,סלסלה ארוגה בינונית,ד.ג.ש ייבוא ושיווק בעמ,,,'יח,1,,false,1,14.90,14.90,false,1,
80432402931,true,וויסקי שיבאס 700מל,טמפו משקאות בע`מ,,,'יח,7,"ל-100 מ""ל",false,1,119.90,17.09,true,1,
80518532743,true,שקית 50 פסטל,שמחה זה אנחנו בע`מ,,,'יח,1,,false,1,13.90,13.90,false,1,
608614310463,true,אוכמניות,ביכורי השדה הצפון בעמ` 1964,,,"ק""ג",1,,false,1,13.90,13.90,false,1,
634065851149,true,כבל אוקוס IMX,איתן בטיטו,,,'יח,0,'יח,false,1,18.90,18.90,false,1,
645173911038,true,קורנישון מיני 720 גר`,תומר ייבוא ושיווק מוצרי מזון [,,,'יח,7.20,ל-100 גרם,false,1,9.90,1.38,false,1,
670087842314,true,פאקצוי,ביכורי השדה הצפון בעמ` 1964,,,'יח,1,,false,1,9.90,9.90,false,1,
693493102575,true,שרי ארוז,ביכורי השדה הצפון בעמ` 1964,,,'יח,1,,false,1,9.90,9.90,false,1,
724353783822,true,תמר מג`הול,ביכורי השדה הצפון בעמ` 1964,,,'יח,1,,false,1,19.90,19.90,false,1,
728229123590,true,חטיף טרה צ`יפס מיקס,משה סידס ובנו בעמ,,,'יח,1.10,ל-100 גרם,false,1,14.90,13.55,false,1,
728229130444,true,חטיף צ`יפס מירקות אקזוטיים כחולים עם מ,משה סידס ובנו בעמ,,,'יח,1.10,ל-100 גרם,false,1,14.90,13.55,false,1,
731299911981,true,כפפות שחורות ללא אבקה M וי טריל,,,,'יח,1,,false,1,21.90,21.90,false,1,
768404001640,true,גלידת בן & ג`ריס 500 מל`פיינט קפה,מוצרי איכות אמריקאים,,,'יח,5,"ל-100 מ""ל",false,1,19.90,3.98,true,1,
835811000396,true,נייר אפייה לתבנית מוארכת 30 יח`,הנמל אריזות ושיווק 1984 בע`מ,,,'יח,1,,false,1,9.90,9.90,false,1,
835811000433,true,סכינים50יח שקוף/קרם,הנמל אריזות ושיווק 1984 בע`מ,,,'יח,1,,false,1,15.90,15.90,false,1,
835811000440,true,צלחות קרם עבות במיוחד 66 יח`,הנמל אריזות ושיווק 1984 בע`מ,,,'יח,1,,false,1,43.90,43.90,false,1,
835811000471,true,תמצית בטעם וניל 250 מל`,הנמל אריזות ושיווק 1984 בע`מ,,,'יח,2.50,"ל-100 מ""ל",false,1,9.90,3.96,false,1,
835811000730,true,גליליות וופל למילוי 15 יח`,הנמל אריזות ושיווק 1984 בע`מ,,,'יח,1.50,ל-100 גרם,false,1,15.90,10.60,false,1,
835811001119,true,סוכריות לקישוט מיני עדשים 200 גרם,הנמל אריזות ושיווק 1984 בע`מ,,,'יח,2,ל-100 גרם,false,1,11.90,5.95,false,1,
835811001140,true,שומשום 400 גרם,הנמל אריזות ושיווק 1984 בע`מ,,,'יח,4,ל-100 גרם,false,1,10.90,2.73,false,1,
835811001522,true,כפיות לקפה 100 יח`,הנמל אריזות ושיווק 1984 בע`מ,,,'יח,1,,false,30,6.90,6.90,false,1,
835811001652,true,כוס לשתיה קרה לבירה,הנמל אריזות ושיווק 1984 בע`מ,,,'יח,6,למארז,false,1,10.90,1.82,false,1,
835811001713,true,נילון ניצמד 150 מ`,הנמל אריזות ושיווק 1984 בע`מ,,,'יח,1,,false,12,15.90,15.90,false,1,
835811001959,true,תבני אלומ`עבה רוסטר 3 יח`,הנמל אריזות ושיווק 1984 בע`מ,,,'יח,1,,false,15,9.90,9.90,false,1,
835811001966,true,תבני אלומ`עבה רוסטר 4 יח`,הנמל אריזות ושיווק 1984 בע`מ,,,'יח,1,,false,15,9.90,9.90,false,1,
835811001997,true,תבני אלומ`עבה לחלה 4 יח`,הנמל אריזות ושיווק 1984 בע`מ,,,'יח,1,,false,15,9.90,9.90,false,1,
835811002277,true,שיפודים במבוק עבים 50 יח`,הנמל אריזות ושיווק 1984 בע`מ,,,'יח,1,,false,25,5.90,5.90,false,1,
835811002734,true,סוכריות קונפטי ארוך בצנצנת 90 גרם,הנמל אריזות ושיווק 1984 בע`מ,,,'יח,0.90,ל-100 גרם,false,1,4.90,5.44,false,1,
835811003106,true,כפות להגשה 10 יח`שקוף,הנמל אריזות ושיווק 1984 בע`מ,,,'יח,1,,false,1,9.90,9.90,false,1,
835811003359,true,נר נשמה פלוס 24 שעות בפח כולל גפרור,הנמל אריזות ושיווק 1984 בע`מ,,,'יח,0,'יח,false,1,3.90,3.90,false,1,
835811003458,true,מזלגות אלגנט שקוף 50 יח`,הנמל אריזות ושיווק 1984 בע`מ,,,'יח,1,,false,1,7.90,7.90,true,1,
835811003465,true,סכינים אלגנט שקוף 50 יח`,הנמל אריזות ושיווק 1984 בע`מ,,,'יח,1,,false,1,7.90,7.90,true,1,
835811003472,true,כפות אלגנט שקוף 50 יח`,הנמל אריזות ושיווק 1984 בע`מ,,,'יח,1,,false,1,7.90,7.90,true,1,
835811003489,true,כפיות אלגנט שקוף 50 יח`,הנמל אריזות ושיווק 1984 בע`מ,,,'יח,1,,false,1,7.90,7.90,true,1,
835811003588,true,צלחות קלאסי גדול 65 יח`לבן,הנמל אריזות ושיווק 1984 בע`מ,,,'יח,1,,false,30,29.90,29.90,false,1,
835811003601,true,צימרונים לתינוק 90 יח`,הנמל אריזות ושיווק 1984 בע`מ,,,'יח,1,'יח,false,12,4.90,4.90,false,1,
835811003625,true,נרות צבעוניים 12 יח`,הנמל אריזות ושיווק 1984 בע`מ,,,'יח,1,,false,30,9.90,9.90,false,1,
835811003700,true,סודה לשתיה 250 גר`,הנמל אריזות ושיווק 1984 בע`מ,,,'יח,2.50,ל-100 גרם,false,1,5.90,2.36,false,1,
835811003878,true,שקיות אשפה עם ידיות 40 יח`,הנמל אריזות ושיווק 1984 בע`מ,,,'יח,1,,false,1,14.90,14.90,true,1,
835811004189,true,פירורי לחם מוזהבים 800 גר`,הנמל אריזות ושיווק 1984 בע`מ,,,'יח,8,ל-100 גרם,false,1,10.90,1.36,false,1,
835811004202,true,מפה שולחן בגליל עבה 6 יח`,הנמל אריזות ושיווק 1984 בע`מ,,,'יח,1,,false,1,9.90,9.90,false,1,
835811004219,true,מפה שולחן בגליל עבה 8 יח`,הנמל אריזות ושיווק 1984 בע`מ,,,'יח,1,,false,1,9.90,9.90,false,1,
835811004226,true,מפת ניילון בגליל 45 מ`,הנמל אריזות ושיווק 1984 בע`מ,,,'יח,0,'יח,false,1,26.90,26.90,false,1,
835811004431,true,מזוודה טישו 100*5,הנמל אריזות ושיווק 1984 בע`מ,,,'יח,1,'יח,false,1,9.90,9.90,true,1,
835811004448,true,קערת פסים לסלט בינונית עגולה 1.7 ל`,הנמל אריזות ושיווק 1984 בע`מ,,,'יח,1,,false,1,5.90,5.90,false,1,
835811004509,true,קערת פסים לסלט ענק 2.5 ל`,הנמל אריזות ושיווק 1984 בע`מ,,,'יח,1,,false,1,7.90,7.90,false,1,
835811004707,true,פרורי לחם מוזהב 440 גר`,הנמל אריזות ושיווק 1984 בע`מ,,,'יח,4.40,ל-100 גרם,false,12,6.90,1.57,false,1,
835811004813,true,מגש מאורך מחולק מעורב 4 תאים 1 יח`,הנמל אריזות ושיווק 1984 בע`מ,,,'יח,1,,false,1,6.90,6.90,false,1,
835811005018,true,כוס קריסטל יהולם 50 יח`,הנמל אריזות ושיווק 1984 בע`מ,,,'יח,1,,false,20,13.90,13.90,false,1,
835811005322,true,פחם דרום אמריקאי 2 ק`ג,הנמל אריזות ושיווק 1984 בע`מ,,,'יח,1,,false,7,14.90,14.90,false,1,
835811005339,true,זוג שקיות אוכל 150*2,הנמל אריזות ושיווק 1984 בע`מ,,,'יח,1,,false,15,8.90,8.90,true,1,
835811005407,true,כוסות קפה ענק+מכסה 12 יח`,הנמל אריזות ושיווק 1984 בע`מ,,,'יח,1,,false,1,16.90,16.90,true,1,
835811005728,true,עלים לקרמשניט 400 גר`,הנמל אריזות ושיווק 1984 בע`מ,,,'יח,4,ל-100 גרם,false,10,18.90,4.73,false,1,
835811005803,true,שקיות אשפה עם ידיות 25 יח`,הנמל אריזות ושיווק 1984 בע`מ,,,'יח,1,,false,1,13.90,13.90,true,1,
835811005810,true,מגש הכסף תבנית מרובע קטן+מכסה 10 יח`,הנמל אריזות ושיווק 1984 בע`מ,,,'יח,1,,false,24,9.90,9.90,false,1,
835811005933,true,מגש הכסף תבנית אלומיניום ענק 5 יח`,הנמל אריזות ושיווק 1984 בע`מ,,,'יח,1,,false,24,9.90,9.90,false,1,
835811005940,true,מגש הכסף תבנית אלומ`גדולה+מכסה 8 יח`,הנמל אריזות ושיווק 1984 בע`מ,,,'יח,1,,false,18,9.90,9.90,false,1,
835811005957,true,מגש הכסף תבנית אלומ+`90מכסה 8 יח`,הנמל אריזות ושיווק 1984 בע`מ,,,'יח,1,,false,24,9.90,9.90,false,1,
835811005964,true,מגש הכסף תבנית אלומיניום מאורך 20 יח`,הנמל אריזות ושיווק 1984 בע`מ,,,'יח,1,,false,24,9.90,9.90,false,1,
835811005971,true,מפת אל בד עם רנר מודפס,הנמל אריזות ושיווק 1984 בע`מ,,,'יח,0.45,ל-100 גרם,false,20,7.90,17.56,false,1,
835811006060,true,כוסות קרטון 50 יח`,הנמל אריזות ושיווק 1984 בע`מ,,,'יח,1,,false,1,5.90,5.90,false,1,
835811006206,true,כוסות מתכלה טבעי 25 יח`,הנמל אריזות ושיווק 1984 בע`מ,,,'יח,1,,false,1,14.90,14.90,false,1,
835811006534,true,כוסות קרטון 50 יח` 16OZ,הנמל אריזות ושיווק 1984 בע`מ,,,'יח,1,'יח,false,1,26.90,26.90,true,1,
835811006770,true,מגש עגול גדול 5 יח`,הנמל אריזות ושיווק 1984 בע`מ,,,'יח,1,,false,24,10.90,10.90,false,1,
835811007142,true,עדשים ירוקים 500 גר`,הנמל אריזות ושיווק 1984 בע`מ,,,'יח,5,ל-100 גרם,false,1,7.90,1.58,false,1,
835811007197,true,עדשים אדומים 500 גר`,הנמל אריזות ושיווק 1984 בע`מ,,,'יח,5,ל-100 גרם,false,1,6.90,1.38,false,1,
835811007203,true,קמח מצה 500 גרם,הנמל אריזות ושיווק 1984 בע`מ,,,'יח,5,ל-100 גרם,false,24,7.90,1.58,false,1,
835811007234,true,אפונה 500 גר`,הנמל אריזות ושיווק 1984 בע`מ,,,'יח,5,ל-100 גרם,false,1,5.90,1.18,false,1,
835811007258,true,שעועית 500 גר`,הנמל אריזות ושיווק 1984 בע`מ,,,'יח,5,ל-100 גרם,false,1,7.90,1.58,false,1,
835811007296,true,כפיות אלגנט קרם 50 יח`,הנמל אריזות ושיווק 1984 בע`מ,,,'יח,1,,false,1,7.90,7.90,true,1,
835811007319,true,מזלגות אלגנט קרם 50 יח`,הנמל אריזות ושיווק 1984 בע`מ,,,'יח,1,,false,1,7.90,7.90,true,1,
835811007357,true,.סלטינות 25 יח*לבן,הנמל אריזות ושיווק 1984 בע`מ,,,'יח,1,,false,56,5.90,5.90,false,1,
835811007494,true,אבקת ג`לטין טהור מדגים,הנמל אריזות ושיווק 1984 בע`מ,,,'יח,2,ל-100 גרם,false,24,9.90,4.95,false,1,
835811007562,true,תבנית קרטון אינגליש,הנמל אריזות ושיווק 1984 בע`מ,,,'יח,0,'יח,false,24,8.90,8.90,false,1,
835811008934,true,מזלגות 50יח שקוף/קרם,הנמל אריזות ושיווק 1984 בע`מ,,,'יח,4.50,ל-100 גרם,false,20,15.90,3.53,false,1,
835811008941,true,סכינים50יח שקוף/קרם,הנמל אריזות ושיווק 1984 בע`מ,,,'יח,1,,false,20,15.90,15.90,true,1,
835811008958,true,כפיות 50יח שקוף/קרם,הנמל אריזות ושיווק 1984 בע`מ,,,'יח,1,,false,20,7.90,7.90,true,1,
835811008996,true,כוסות קרטון 50 יח`OZ10,הנמל אריזות ושיווק 1984 בע`מ,,,'יח,1,,false,20,23.90,23.90,true,1,
835811009009,true,כוסות קרטון 50 יח`OZ6,הנמל אריזות ושיווק 1984 בע`מ,,,'יח,1,,false,20,15.90,15.90,true,1,
835811009016,true,כוסות קרטון 50 יח`OZ4,הנמל אריזות ושיווק 1984 בע`מ,,,'יח,1,,false,20,10.90,10.90,false,1,
835811009115,true,מגש לבנית 1 יח`,הנמל אריזות ושיווק 1984 בע`מ,,,'יח,1,,false,48,5.90,5.90,false,1,
835811009351,true,כוסות קריסטל חד פעמי שקופות18יח`,הנמל אריזות ושיווק 1984 בע`מ,,,'יח,1,,false,24,13.90,13.90,false,1,
835811009436,true,צלחות ענקיות צבעוניות חד פעמי25יח`,הנמל אריזות ושיווק 1984 בע`מ,,,'יח,1,,false,20,23.90,23.90,true,1,
839762000658,true,איילנד משקה גויאבה 1 ליטר פיקדון,טמפו משקאות בע`מ,,,'יח,10,"ל-100 מ""ל",false,6,13.20,1.29,false,1,
850006036028,true,מזרחיות מקלות בטעם סלק ובצל 400 גרם,תה ויסוצקי בע`מ,,,'יח,4,ל-100 גרם,false,1,17.90,4.48,false,1,
855958006662,true,צורו סלמון 56 גרם,שחורי אריה ואנסטסיה,,,'יח,0.56,ל-100 גרם,false,1,15.90,28.39,false,1,
856591000062,true,עוגיות מזרחיות עם מלח 400 גרם,תה ויסוצקי בע`מ,,,'יח,4,ל-100 גרם,false,1,17.90,4.48,false,1,
856591000109,true,עוגיות מקלות לניגוב 400 גרם,תה ויסוצקי בע`מ,,,'יח,4,ל-100 גרם,false,1,17.90,4.48,false,1,
856591000918,true,מארז עוגיות מזרחיות בטעם טבעי 8*40 גר`,תה ויסוצקי בע`מ,,,'יח,0,ל-100 גרם,false,1,18.90,18.90,false,1,
884912365200,true,דגני בוקר אוראו גולד,מ.ד אטיאס סוכנויות מזון בע`מ,,,'יח,3.11,ל-100 גרם,false,1,19.90,6.40,false,1,
893594002068,true,חטיף פופקורן צ`יפס עם מלח ים 32 גרם,שטראוס פריטו ליי בע`מ,,,'יח,3.20,ל-100 גרם,false,1,5.90,1.84,false,1,
3046920028363,false,לינדט אקסלנס 85% מוצקי קקאו 100 גרם,לינדט ושפרונגלי קילשברג,,,'יח,1,ל-100 גרם,false,1,14.90,14.90,false,1,
3046920029759,false,אקסלנס שוקולד מריר 90% לינדט (100 גרם),לינדט ושפרונגלי קילשברג,,,'יח,1,ל-100 גרם,false,1,14.90,14.90,false,1,
3059943015104,false,"אירוויק מבשם אויר נטול גז בניחוח פריסיה ויסמין 345 מ""ל",רקיט בנקיזר (ניר איסט) בעמ,,,'יח,3.45,ל-100 גרם,false,1,11.90,3.45,true,1,
3059943015128,false,מבשם אוויר נטול גז אקווה מיסט בניחוח לבנדר פראי ואוויר הרים,רקיט בנקיזר (ניר איסט) בעמ,,,'יח,3.45,ל-100 גרם,false,1,11.90,3.45,true,1,
3073781162790,false,גבינה מותכת בייבי בל 120 גרם,א. סיימן סחר בעמ,,,'יח,1.20,ל-100 גרם,false,12,20.90,17.42,true,1,
3161911229199,false,חמאה צרפתית רכה למריחה אל & ויר 250 גרם,א. סיימן סחר בעמ,,,'יח,2.50,ל-100 גרם,false,1,22.90,9.16,true,1,
3161911366429,false,חמאה צרפתית מלוחה רכה למריחה אלוויר 250 גר',א. סיימן סחר בעמ,,,'יח,2.50,ל-100 גרם,false,1,22.90,9.16,true,1,
3178530402353,false,עוגות מיני מדלן קלאסי סאן מישל 175 גרם,סאן מישל ביסוויט,,,'יח,1.75,ל-100 גרם,false,1,13.90,7.94,true,1,
3387390320244,false,פיטנס דגני בוקר מחיטה מלאה עם פירות נסטלה 375 גרם,קבוצת אוסם סחר שותפות מוגבלת,,,'יח,3.75,ל-100 גרם,false,1,19.90,5.31,true,1,
3387390525960,false,קראנץ' דגני בוקר עם שוקולד חלב נסטלה 500 גרם,קבוצת אוסם סחר שותפות מוגבלת,,,'יח,5,ל-100 גרם,false,1,19.90,3.98,true,1,
3387390730852,false,פיטנס דגנים מחיטה מלאה ואורז נסטלה 375 גרם,קבוצת אוסם סחר-שות.מוגבלת,,,'יח,3.75,ל-100 גרם,false,1,19.90,5.31,true,1,
3574660115154,false,או-בה טמפונים קלאסי סופר 32יח',ג'\ונסון אנד ג'\ונסון,,,'יח,0,ל-100 גרם,false,1,24.90,24.90,false,1,
3574661487328,false,קרפרי מגני תחתון אורגינל פלוס 56 יח',הדקלאים אגודת שיתופי,,,'יח,1,ל-100 גרם,false,1,16.90,16.90,true,1,
3574661487335,false,מגן תחתון קרפרי מקסי לונג ריחני 40 יחידות,ש. שסטוביץ בע`מ,,,'יח,1,ל-100 גרם,false,1,16.90,16.90,true,1,
3574661487618,false,קרפרי מגן תחתון מקסי לארג'' מבושם 48 יח'',ג'ויה מעבדות לקוסמטי,,,'יח,1,ל-100 גרם,false,1,16.90,16.90,true,1,
3574661552804,false,מגן תחתון קרפרי אלוורה 56 יחידות,הדקלאים אגודת שיתופי,,,'יח,1,ל-100 גרם,false,1,16.90,16.90,true,1,
3574661554877,false,מגן תחתון קרפרי כותון מבושם 56 יחידות,הנסיך- מפעל לייצור ט,,,'יח,1,ל-100 גרם,false,1,16.90,16.90,true,1,
3574661554884,false,קרפרי מגן תחתון רגיל טנגה מבושם 56 יח,הדקלאים אגודת שיתופי,,,'יח,1,ל-100 גרם,false,1,16.90,16.90,true,1,
3665468301723,false,אירוויק באז מבשם ומנטרל ריחות בניחוח לילות לבנים 237 מ'ל,רקיט בנקיזר (ניר איסט) בעמ,,,'יח,2.37,ל-100 גרם,false,1,11.90,5.02,true,1,
3800093101410,false,קרמלה דובשניות במילוי דובדבן 160 גר`,רוסמן לוגיסטיקה בעמ`,,,'יח,1.60,ל-100 גרם,false,1,4.90,3.06,false,1,
3921232100023,false,קולפן כפול בבליסטר,ד.ג.ש ייבוא ושיווק בעמ,,,'יח,0,'יח,false,1,14.90,14.90,false,1,
4000415004408,false,שוגטן שוקולד קקאו מריר אגוזים 100 גר,לודוויג שוקולד,,,'יח,1,ל-100 גרם,false,1,5.90,5.90,true,1,
4000415039707,false,שוקולד שוגטן עוגיות וניל טבעי 100ג,לודוויג שוקולד,,,'יח,1,ל-100 גרם,false,1,5.90,5.90,true,1,
4000415040109,false,שוקולד שוגטן קרמל בראוני טבעי100ג,לודוויג שוקולד,,,'יח,1,ל-100 גרם,false,1,5.90,5.90,true,1,
4000415065904,false,שוקולד סאלוט חלב/אגוזים 100 גרם,יעד ממתקים בעמ,,,'יח,1,ל-100 גרם,false,1,4.90,4.90,true,1,
4000415066000,false,מוקסיון שוקולד חלב 100גר,יעד ממתקים בעמ,,,'יח,1,ל-100 גרם,false,1,4.90,4.90,true,1,
4000415143800,false,שוקולד טרילוגיה טבעי שוגטן 100 גרם,לודוויג שוקולד,,,'יח,1,ל-100 גרם,false,1,5.90,5.90,true,1,
4000415358303,false,שוקו-פאן ביסקוויט חמישיות 210 גרם,יעד ממתקים בעמ,,,'יח,1.30,ל-100 גרם,false,1,8.90,6.85,true,1,
4000415358501,false,חטיפי שוקולד קוקוס שביעייה 175 גרם,יעד ממתקים בעמ,,,'יח,1.75,ל-100 גרם,false,1,8.90,5.09,true,1,
4000415440701,false,שוקו פאן בוטנים שישיה 6*216 גרם,יעד ממתקים בעמ,,,'יח,1.30,ל-100 גרם,false,1,8.90,6.85,true,1,
4000415440909,false,שוקו פאן קרמל שישיה *6 216 גרם,יעד ממתקים בעמ,,,'יח,1.30,ל-100 גרם,false,1,8.90,6.85,true,1,
4000415730109,false,שוקולד שוגטן מריר עם אגוזים קצוצים 100גר,לודוויג שוקולד,,,'יח,1,ל-100 גרם,false,1,5.90,5.90,true,1,
4000415749606,false,שוקולד שוגטן יום הולדת 100 גרם,לודוויג שוקולד,,,'יח,1,ל-100 גרם,false,1,5.90,5.90,true,1,
4000415851705,false,שוקולד נוגט טבעי שוגטן 100 גרם,"לודוויג שוקולד בע""\מ",,,'יח,1,ל-100 גרם,false,1,5.90,5.90,true,1,
4000415856601,false,שוקולד לבן טבעי שגוטן 100 גרם,"לודוויג שוקולד בע""\מ",,,'יח,1,ל-100 גרם,false,1,5.90,5.90,true,1,
4000417222008,false,שוקולד ריטר ספורט חלב+שברי אגוזים 100 גרם חלב נוכרי,ריטר ספורט Ritter sport,,,'יח,1,,false,12,8.90,8.90,true,1,
4000607850004,false,שוקולד חלב טבעי שוגטן 100 גרם,"לודוויג שוקולד בע""\מ",,,'יח,1,ל-100 גרם,false,1,5.90,5.90,true,1,
4000607851001,false,שוקולד חלב אגוזים טבעי שוגטן 100 גרם,"לודוויג שוקולד בע""\מ",,,'יח,1,ל-100 גרם,false,1,5.90,5.90,true,1,
4000607852008,false,שוקולד מריר טבעי שוגטן 100 גרם,"לודוויג שוקולד בע""\מ",,,'יח,1,,false,1,5.30,5.30,true,1,
4000607854705,false,שוקולד תות טבעי שוגטן 100 גרם,לודוויג שוקולד,,,'יח,1,ל-100 גרם,false,1,5.90,5.90,true,1,
4002448017684,false,"סיליט באנג ספריי ניקוי כללי מסיר אבנית 750 מ""ל",רקיט בנקיזר (ניר איסט) בעמ,,,'יח,7.50,"ל-100 מ""ל",false,1,10.90,1.45,true,1,
4008496884896,false,מארז 10 סוללות ורטה AA,ד.ש.ש אלקטרוניקה בעמ`,,,'יח,1,,false,1,19.90,19.90,false,1,
4008496927364,false,מארז 10 סוללות VARTA AAA -חדש,ד.ש.ש אלקטרוניקה בעמ`,,,'יח,1,'יח,false,1,19.90,19.90,false,1,
4009300525684,false,חליטת צמחים פומפדור ג'ינג'ר ולימון 20 יחידות,ש. שסטוביץ בע`מ,,,'יח,0.30,ל-100 גרם,false,1,15.90,53,true,1,
4009900403023,false,אורביט וויט בטעם מנטה בקבוקון 46 מלבניות,"מרס ריגלי ישראל בע""מ",,,'יח,0.64,ל-100 גרם,false,1,10.90,17.03,true,1,
4009900420129,false,מסטיק אורביט פרופשנל פפרמינט בקבוקון 64 גר',"מרס ריגלי ישראל בע""מ",,,ל-100 גרם,0.64,ל-100 גרם,false,1,10.90,17.03,true,1,
4009900426039,false,מסטיק מנטה אקליפטוס בקבוקון איירווייבס 64 גרם,"מרס ריגלי ישראל בע""מ",,,'יח,0.64,ל-100 גרם,false,1,10.90,17.03,false,1,
4009900479998,false,אורביט וויט אוכמניות בקבוקון 46 מלבניות,"מרס ריגלי ישראל בע""מ",,,'יח,0.64,ל-100 גרם,false,1,10.90,17.03,true,1,
4009900482417,false,מסטיק אורביט פירות מנטה בקבוקון באבל מינט 45יח,"מרס ריגלי ישראל בע""מ",,,'יח,0.30,ל-100 גרם,false,1,10.90,36.33,true,1,
4009900531122,false,"מסטיק בטעם מנטה ספירמינט, 64 ג' פרופשיונל אורפיט","מרס ריגלי ישראל בע""מ",,,'יח,0.64,ל-100 גרם,false,1,10.90,17.03,true,1,
4011800617615,false,1X24X50G קורני ביג שוקולד,משה סידס ובנו בעמ,,,'יח,0.50,ל-100 גרם,false,1,4.90,9.80,false,1,
4014400901191,false,בונבונריית מרסי מבחר ממתקי שוקולד 250 גרם,ליימן שליסל בע`מ,,,'יח,2.50,ל-100 גרם,false,1,28.90,11.56,false,1,
4014400920857,false,וורטר אורגינל ללא סוכר בטעם שוקולד-שקית 70 גרם,קריניציה ויטמינה אס,,,'יח,0.70,ל-100 גרם,false,18,9.90,14.14,true,1,
4014400923711,false,בונבוניירה שוקולד אגוזים טופיפי 125 גרם,ליימן שליסל בע`מ,,,'יח,1.25,ל-100 גרם,false,30,12.90,10.32,true,1,
4015400564034,false,מגן תחתון אולוויז מגה פק לונג פלוס 58 יחידות,דיפלומט מפיצים (1986) בע`מ,,,'יח,1,ל-100 גרם,false,1,19.90,19.90,true,1,
4015400564454,false,מגני תחתון אולוויז לארג' עם ניחוח מגה פק,דיפלומט מפיצים (1986) בע`מ,,,'יח,1,ל-100 גרם,false,1,19.90,19.90,true,1,
4015400681670,false,תחבושות אולוויז וליו פק לילה בטוח 18 יחידות,דיפלומט מפיצים (1986) בע`מ,,,'יח,1,ל-100 גרם,false,1,19.90,19.90,true,1,
4015400731719,false,תחבושות היגייניות אולוויז יום ולילה Day & Night,דיפלומט מפיצים (1986) בע`מ,,,'יח,1,ל-100 גרם,false,1,19.90,19.90,true,1,
4015400746812,false,מגני תחתון אולוויז נורמל עם ניחוח מגה פק,דיפלומט מפיצים (1986) בע`מ,,,'יח,1,ל-100 גרם,false,1,19.90,19.90,true,1,
4015400755241,false,תחבושות היגייניות אולוויז אולטרה נורמל - 28 יח',דיפלומט מפיצים (1986) בע`מ,,,'יח,1,ל-100 גרם,false,1,19.90,19.90,true,1,
4015400755487,false,תחבושות היגייניות אולוויז אולטרה לונג - 24 יח',דיפלומט מפיצים (1986) בע`מ,,,'יח,1,ל-100 גרם,false,1,19.90,19.90,true,1,
4015600762742,false,שמפו יומיומי למניעת קשקשים הנוסחה הקלאסית,דיפלומט מפיצים (1986) בע`מ,,,'יח,5,"ל-100 מ""ל",false,6,18.90,3.78,false,1,
4015600762780,false,שמפו וקונדישינר יומיומי למניעת קשקשים הנוסחה הקלאסית 2in1,דיפלומט מפיצים (1986) בע`מ,,,'יח,5,"ל-100 מ""ל",false,6,18.90,3.78,false,1,
4015600762902,false,"האד אנד שולדרס שמפו מנטול 500 מ""ל",דיפלומט מפיצים (1986) בע`מ,,,'יח,5,"ל-100 מ""ל",false,6,18.90,3.78,false,1,
4015600762940,false,שמפו יומיומי למניעת קשקשים בניחוח תפוח,דיפלומט מפיצים (1986) בע`מ,,,'יח,5,"ל-100 מ""ל",false,6,18.90,3.78,false,1,
4015600766900,false,"שמפו ומרכ ך נגד קשקשים 500 מ""ל הד אנד שולדרס",דיפלומט מפיצים (1986) בע`מ,,,'יח,5,"ל-100 מ""ל",false,6,18.90,3.78,false,1,
4017100364112,false,בלזן היט בסקוויט סנדביץ עם מלית קרם בטעם שוקולד קקאו (41%) 220 גרם,הדקלאים אגודת שיתופי,,,'יח,2.20,ל-100 גרם,false,1,9.90,4.50,true,1,
4025700001962,false,מילקה טבלה 100 גר' לבן 1/22 (4248023),דיפלומט מפיצים (1968) בעמ**,,,'יח,1,,false,24,5.90,5.90,false,1,
4050328191931,false,ענבים אדומים מארז.,ביכורי השדה צפון 1994 ג.ד. בעמ,,,"ק""ג",1,,true,1,19.90,19.90,false,1,
4056800778911,false,קולסטון קיט 7/1 בלונד אפרפר צבע שיער,דיפלומט מפיצים (1986) בע`מ,,,'יח,1,,false,1,34.90,34.90,false,1,
4056800943791,false,קרם חמצן וולוקסון Welloxon 9%,דיפלומט מפיצים (1986) בע`מ,,,'יח,1,,false,1,4.90,4.90,false,1,
4084500088917,false,נוזל לניקוי כלים לימון פיירי (650 מל),דיפלומט מפיצים (1986) בע`מ,,,'יח,6.50,"ל-100 מ""ל",false,16,10.90,1.68,false,1,
4084500149526,false,טייד גל כביסה 2.48 ליטר אלפים רענן,דיפלומט מפיצים (1986) בע`מ,,,'יח,24.80,"ל-100 מ""ל",false,4,29.90,1.21,false,1,
4084500853553,false,פיירי נוזל כלים קלאסי אורגינל 650 מל,דיפלומט מפיצים (1986) בע`מ,,,'יח,6.50,"ל-100 מ""ל",false,16,10.90,1.68,false,1,
4084500853836,false,"נוזל כלים פיירי ורדים ומשי 515 מ""ל בד""צ",דיפלומט מפיצים (1986) בע`מ,,,'יח,5.15,"ל-100 מ""ל",false,1,10.90,2.12,false,1,
4084500853898,false,"נוזל כלים פיירי אלוורה ומלפפונים 515 מ""ל בד""צ",דיפלומט מפיצים (1986) בע`מ,,,'יח,5.15,"ל-100 מ""ל",false,1,10.90,2.12,false,1,
4444777700323,false,מסנן כיור אמריקאי סיליקון,ד.ג.ש ייבוא ושיווק בעמ,,,'יח,1,,false,1,14.90,14.90,false,1,
4605561011975,false,חתיכות פילה דג הרינג בשמן מצונן 150 גרם,דילר בי.אם.די. פורמולה בעמ,,,'יח,1.50,ל-100 גרם,false,1,7.90,5.27,false,1,
4605561013009,false,פילה דג הרינג בשמן 400 גרם,דילר בי.אם.די. פורמולה בעמ,,,'יח,4,ל-100 גרם,false,1,15.90,3.98,true,1,
4640018993343,false,פיניש קוואנטום קפסולות ג'ל למדיח כלים 30 יח',רקיט בנקיזר (ניר איסט) בעמ,,,'יח,1,'יח,false,1,41.90,41.90,true,1,
4640018993350,false,פיניש קוואנטום קפסולות ג'ל למדיח כלים לימון 30 יח',רקיט בנקיזר (ניר איסט) בעמ,,,'יח,1,'יח,false,1,41.90,41.90,true,1,
4710068001692,false,מאסטר קפה בטעם לאטה בפחית 240מ`ל,תאיט מרקטינג אנד דיסטריב,,,'יח,2.40,"ל-100 מ""ל",false,24,6.90,2.88,true,1,
4710068001715,false,משקה בטעם טירמיסו מאסטר קפה (240 מל),יוני פרזינדנט אנטרפר,,,'יח,2.40,"ל-100 מ""ל",false,24,6.90,2.88,true,1,
4710068001739,false,מאסטר קפה בטעם קולומביאני בפחית 240מ`ל,יוני פרזינדנט אנטרפר,,,'יח,2.40,"ל-100 מ""ל",false,24,6.90,2.88,true,1,
4710068002798,false,מאסטר קפה בטעם וניל בפחית 240מ`ל,מאיטה פוד אינדוסטריאל קו,,,'יח,2.40,"ל-100 מ""ל",false,24,6.90,2.88,true,1,
4710068003313,false,מאסטר קפה אמריקאנו בפחית 240מ`ל,מאיטה פוד אינדוסטריא,,,'יח,2.40,"ל-100 מ""ל",false,24,6.90,2.88,false,1,
4800888190529,false,דאב - דאודורנט סטיק לאישה טאלק סופט 50 גרם,יוניליוור ישראל שיווק בע`מ,,,'יח,0.50,ל-100 גרם,false,1,15.90,31.80,false,1,
4810168000011,false,פילה דג הרינג מלוח מצונן 250 גרם,דילר בי.אם.די. פורמולה בעמ,,,'יח,1,,false,1,13.90,13.90,true,1,
4810168018795,false,חתיכות פילה דג הרינג מלוח מצונן 200גרם,דילר בי.אם.די. פורמולה בעמ,,,'יח,2,ל-100 גרם,false,1,13.90,6.95,true,1,
4810168055004,false,כיסונים במילוי אוכמניות כחולות מוקפאים 4,דילר בי.אם.די. פורמולה בעמ,,,'יח,0.45,ל-100 גרם,false,1,19.90,44.22,true,1,
4810168055875,false,חתיכות פילה דג הרינג מתובל ממולח בשמן 1200 גרם,דילר בי.אם.די. פורמולה בעמ,,,'יח,1,ל-100 גרם,false,1,39.90,39.90,false,1,
4810168055882,false,חתיכות פילה דג הרינג ממולח בשמן 1200 גרם,דילר בי.אם.די. פורמולה בעמ,,,'יח,1,ל-100 גרם,false,1,39.90,39.90,false,1,
4810168055905,false,פילה דג הרינג סקנדינבי ממולח בשמן 1200 גרם,דילר בי.אם.די. פורמולה בעמ,,,'יח,0,ל-100 גרם,false,1,39.90,39.90,false,1,
4810168057510,false,חתיכות פילה דג הרינג מתובל מלוח בשמן 400 גרם,דילר בי.אם.די. פורמולה בעמ,,,'יח,2,ל-100 גרם,false,1,27.90,13.95,true,1,
4810168058548,false,חתיכות פילה דג הרינג סקנדינבי ממולח 1200 גרם,דילר בי.אם.די. פורמולה בעמ,,,'יח,2,ל-100 גרם,false,1,39.90,19.95,false,1,
4820034925546,false,"בירה לאגר צאזז לייט בקבוק 500 מ""ל -בודד",בני פאוזי שמשום (2009) בעמ,,,'יח,5,"ל-100 מ""ל",false,1,4.90,0.92,true,1,
4820217240114,false,חמאה 82.5% פרמה 200 גר,דילר בי.אם.די. פורמולה בעמ,,,'יח,2.50,ל-100 גרם,false,1,7.90,3.16,false,1,
4860009000014,false,מיץ רימונים 100% סחוט ללא תוספת סוכר,תומר ייבוא ושיווק מוצרי מזון [,,,'יח,10,"ל-100 מ""ל",false,12,19.20,1.89,false,1,
4903001904192,false,"רוטב סויה יאמאסה פרימיום 500מ""ל",הדקלאים אגודת שיתופי,,,'יח,5,"ל-100 מ""ל",false,12,18.90,3.78,false,1,
5000054353300,false,פריסקיז פטה סלומון 156גר`,קבוצת אוסם סחר-שות.מוגבלת,,,'יח,1.56,ל-100 גרם,false,1,6.90,4.42,false,1,
5000157143365,false,מתבל בטעם מיונז וקטשופ היינץ 425 גרם,דיפלומט מפיצים (1968) בעמ**,,,'יח,1,,false,1,14.90,14.90,false,1,
5000159407236,false,מרס חטיף שוקולד עם קרמל 51 גרם,"מרס ריגלי ישראל בע""מ",,,'יח,0.51,ל-100 גרם,false,1,3.90,7.65,false,1,
5000159409179,false,מארז סניקרס/מיניס משפחתי 403 גר,"מרס ריגלי ישראל בע""מ",,,'יח,4.03,ל-100 גרם,false,1,22.90,5.68,false,1,
5000159442572,false,טויקס חטיף שוקולד מארז 403 גרם,"מרס ריגלי ישראל בע""מ",,,'יח,4.03,ל-100 גרם,false,1,22.90,5.68,false,1,
5000159461122,false,סניקרס חטיף שוקולד עם בוטנים 50 גרם,"מרס ריגלי ישראל בע""מ",,,'יח,0.50,ל-100 גרם,false,1,3.90,7.80,false,1,
5000159538626,false,טוויקס מארז חטיף 50 גרם חמישייה,"מרס ריגלי ישראל בע""מ",,,'יח,0.57,ל-100 גרם,false,1,12.90,22.63,false,1,
5000168199245,false,שוקולד חלב מעולה בתוספת קרמל מלוח פיור גודייבה 90 ג',"אולקר מקבוצת פלאדיס, ציק",,,'יח,0.90,ל-100 גרם,false,1,14.90,16.56,true,1,
5000267024233,false,"וויסקי ג'וני בלאק לייבל עם פורר 700מ""ל",החברה המרכזית להפצת משקאות בעמ,,,'יח,7,"ל-100 מ""ל",false,1,129.90,18.51,false,1,
5000394018075,false,סוללות מארז פרומו פלוס פאוור,דיפלומט מפיצים (1986) בע`מ,,,'יח,1,,false,1,19.90,19.90,false,1,
5010182998847,false,דאק נוזל לניקוי אסלות בניחוח ים 750 מל,מיוצר עי קונדיטוריית,,,'יח,7.50,"ל-100 מ""ל",false,1,8.90,1.19,false,1,
5010182998861,false,דאק נוזל לניקוי אסלות בניחוח רענן 750 מל,מיוצר עי קונדיטוריית,,,'יח,7.50,"ל-100 מ""ל",false,1,8.90,1.19,false,1,
5010677551281,false,בריזר לימון בבקבוק בקרדי (275 מל),בקרדי בריזר Bacardi Breezer,,,'יח,2.75,"ל-100 מ""ל",false,24,13.90,4.95,true,1,
5010677551397,false,"בקרדי בריזר בטעם לימון ליים 275 מ""ל",בקרדי בריזר Bacardi Breezer,,,'יח,2.75,"ל-100 מ""ל",false,24,13.90,4.95,true,1,
5010677552387,false,"בקרדי בריזר אננס 275 מ""ל בקבוק",בקרדי בריזר Bacardi Breezer,,,'יח,2.75,"ל-100 מ""ל",false,24,13.90,4.95,true,1,
5010677554398,false,בריזר אבטיח בבקבוק בקרדי (275 מל),בקרדי בריזר Bacardi Breezer,,,'יח,2.75,"ל-100 מ""ל",false,24,13.90,4.95,true,1,
5010677850100,false,"וודקה צרפתית גריי גוס 700מ""ל",בקרדי מרטיני,,,'יח,7,"ל-100 מ""ל",false,1,119.90,17.09,true,1,
5014271003979,false,מעדן פרי סופר פרוט אומניות ואסאי 170גרם,א. סיימן סחר בעמ,,,'יח,1.70,ל-100 גרם,false,1,15.90,9.35,false,1,
5014271003986,false,מעדן פרי סופר פרוט משמש וזרעי צ`יה170ג,א. סיימן סחר בעמ,,,'יח,1.70,ל-100 גרם,false,1,15.90,9.35,false,1,
5014271004228,false,מעדן פרי סופר פרוט דובדבן 170ג דלפור,א. סיימן סחר בעמ,,,'יח,1.70,ל-100 גרם,false,1,15.90,9.35,false,1,
5014271310428,false,מעדן דובדבנים שחורים ללא תוספת סוכר 284 גרם,סאן דלפור - שמבור,,,'יח,2.84,ל-100 גרם,false,6,20.90,7.36,true,1,
5029053510811,false,תחבושות נורמל פלוס עם כנפיים קוטקס 28 יחידות,קימברלי קלארק ישראל שיווק בעמ,,,'יח,0,ל-100 גרם,false,16,15.90,15.90,false,1,
5029053523446,false,קוטקס - תחבושות אולטרה נייט + כנפיים 20 יח',קימברלי קלארק ישראל שיווק בעמ,,,'יח,0,ל-100 גרם,false,16,15.90,15.90,false,1,
5053827215862,false,דגני בוקר קלוגס קוקו פופס בטעם שוקולד (,קלוגס מניופקטורינג אספנה,,,'יח,5,ל-100 גרם,false,16,19.90,3.98,false,1,
5060517886486,false,"משקה אנרגיה מונסטר אנרג'י בפחית 500 מ""ל",החברה המרכזית להפצת משקאות בעמ,,,'יח,5,"ל-100 מ""ל",false,1,6.90,1.32,true,1,
5060639128051,false,"משקה אנרגיה מונסטר אולטרה בפחית 500 מ""ל",החברה המרכזית להפצת משקאות בעמ,,,'יח,5,"ל-100 מ""ל",false,1,6.90,1.32,true,1,
5060639129102,false,"משקה אנרגיה מונסטר אנרג'י מנגו בפחית 500 מ""ל",החברה המרכזית להפצת משקאות בעמ,,,'יח,5,"ל-100 מ""ל",false,1,6.90,1.32,true,1,
5060751218173,false,"משקה אנרגיה מונסטר אנרג'י piplin punch בפחית 500 מ""ל",החברה המרכזית להפצת משקאות בעמ,,,'יח,5,"ל-100 מ""ל",false,1,6.90,1.32,true,1,
5201085540084,false,סוכריות ג'ילי מיקס שקית 800 גר',בני פאוזי שמשום (2009) בעמ,,,'יח,7,ל-100 גרם,false,1,14.90,2.13,false,1,
5201246002215,false,"בירה פילס היילס ויליפוד 500 מ""ל",ג. וילי-פוד אינטרנשיונל בע`מ,,,'יח,5,"ל-100 מ""ל",false,1,4.90,0.92,true,1,
5201940010011,false,זיתים שחורים טבעיים בפח ויליפוד 454 גרם,ג. וילי-פוד אינטרנשיונל בע`מ,,,'יח,4.54,ל-100 גרם,false,24,14.90,3.28,false,1,
5391523057936,false,סימילאק גולד שלב 2 תרכובת מזון על בסיס חלב,אבוט מעבדות רפואיות,,,'יח,7,ל-100 גרם,false,1,69.90,9.99,false,1,
5410076933129,false,אריאל אבקת כביסה שושן צחור 3 קג,דיפלומט מפיצים (1986) בע`מ,,,'יח,2.47,"ל-100 מ""ל",false,1,34.90,14.13,false,1,
5410126006087,false,ביסקויט ביסקפה לוטוס בטעם קרמל 700גר`ב,דיפלומט מפיצים (1968) בעמ**,,,'יח,7,ל-100 גרם,false,7,26.90,3.84,false,1,
5410126106022,false,לוטוס ביסקויט מארז חג 2*250ג.,דיפלומט מפיצים (1968) בעמ**,,,'יח,5,ל-100 גרם,false,1,15.90,3.18,false,1,
5410126116953,false,ממרח ביסקוויט קרמל לוטוס (400 גרם),דיפלומט מפיצים (1968) בעמ**,,,'יח,4,ל-100 גרם,false,12,21.90,5.48,false,1,
5410126666038,false,"ביסקוויט קרמל לוטוס 279 גרם בד""צ",דיפלומט מפיצים (1968) בעמ**,,,'יח,0.2790,ל-100 גרם,false,10,12.90,46.24,false,1,
5410126726947,false,ממרח ביסקוויט קרמל קראנץ' לוטוס 380 גרם,דיפלומט מפיצים (1968) בעמ**,,,'יח,3.80,ל-100 גרם,false,12,21.90,5.76,false,1,
5410291021991,false,ממרח אגוזי לוז עם קקאו צ`וקטה (700 גרם),ש. שסטוביץ בע`מ,,,'יח,7,ל-100 גרם,false,6,18.90,2.70,false,1,
5410291022011,false,ממרח אגוזי לוז עם קקאו צ`וקטה (350 גרם),ש. שסטוביץ בע`מ,,,'יח,3.50,ל-100 גרם,false,12,10.90,3.11,false,1,
5410291022738,false,צ'וקטה ממרח חלב ואגוזי לוז עם קקאוי 350ג',ש. שסטוביץ בע`מ,,,'יח,3.50,ל-100 גרם,false,12,10.90,3.11,false,1,
5410291022752,false,צ'וקטה ממרח אגוזי לוז עם קקאו פרווה 350 ג',ש. שסטוביץ בע`מ,,,'יח,3.50,ל-100 גרם,false,12,10.90,3.11,false,1,
5410291022776,false,צ`וקטה ממרח אגוזי לוז עם קקאו 700 גר`,ש. שסטוביץ בע`מ,,,'יח,7,ל-100 גרם,false,6,18.90,2.70,false,1,
5411188115366,false,משקה קוקוס אלפרו 1 ליטר משקה שיבולת שועל 1 ליטר,הנסיך- מפעל לייצור ט,,,'יח,10,"ל-100 מ""ל",false,1,14.90,1.49,false,1,
5411188115472,false,משקה סויה 1 ליטר אלפרו,הנסיך- מפעל לייצור ט,,,'יח,10,"ל-100 מ""ל",false,1,15.90,1.59,false,1,
5411188120742,false,משקה קוקוס אלפרו 1 ליטר שקדים וניל 1 ל',הנסיך- מפעל לייצור ט,,,'יח,10,"ל-100 מ""ל",false,1,14.90,1.49,false,1,
5411188121923,false,"משקה סויה מועשר סידן אלפרו 3*250 מ""ל",הנסיך- מפעל לייצור ט,,,'יח,10,"ל-100 מ""ל",false,1,14.90,1.49,false,1,
5411188124689,false,משקה אלפרו שיבולת שועל ללא סוכר 1 ליטר,שטראוס גרופ בע`מ,,,'יח,10,"ל-100 מ""ל",false,1,14.90,1.49,false,1,
5411188134985,false,אלפרו 3.5% NOT M*LK שיבולת שועל 1 ליטר בית יוסף,שטראוס גרופ בעמ/מצונן,,,'יח,10,"ל-100 מ""ל",false,1,13.90,1.39,false,1,
5411188135005,false,אלפרו 1.8% NOT M*LK שיבולת שועל 1 ליטר בית יוסף,שטראוס גרופ בעמ/מצונן,,,'יח,10,"ל-100 מ""ל",false,1,13.90,1.39,false,1,
5411718911154,false,סיידר תפוחים פירות יער סטרונגבאו ^^^,טמפו משקאות בע`מ,,,'יח,3.30,"ל-100 מ""ל",false,24,8.90,2.61,false,1,
5413149655522,false,"אבקת כביסה שושן צחור 1.25 ק""ג אריאל",דיפלומט מפיצים (1986) בע`מ,,,'יח,15,ל-100 גרם,false,10,17.90,1.19,false,1,
5449000133335,false,קוקה קולה זירו מארז 1.5X6ל',פוד מאסטר ניהול ומסחר בינלאומי,,,'יח,15,"ל-100 מ""ל",false,1,4.90,0.33,false,1,
5469874235904,false,שלישייה גרבי גבר,הום פרפקט ק.ד.מ בעמ,,,'יח,1,,false,1,14.90,14.90,true,1,
5489742354377,false,שלישייה גרבי גבר,הום פרפקט ק.ד.מ בעמ,,,'יח,1,,false,1,14.90,14.90,true,1,
5566774568870,false,"סיר מיני שף 14 ס""מ",ד.ג.ש ייבוא ושיווק בעמ,,,'יח,1,,false,1,39.90,39.90,false,1,
5566774570675,false,מיני ווק,ד.ג.ש ייבוא ושיווק בעמ,,,'יח,1,,false,1,29.90,29.90,false,1,
5566774570682,false,מחבת משובחת לפנקייק,ד.ג.ש ייבוא ושיווק בעמ,,,'יח,1,,false,1,39.90,39.90,false,1,
5566774571436,false,דלי מתקפל איכותי,ד.ג.ש ייבוא ושיווק בעמ,,,'יח,1,,false,1,29.90,29.90,false,1,
5566774571603,false,משחיז סכינים מקצועי,ד.ג.ש ייבוא ושיווק בעמ,,,'יח,1,,false,1,19.90,19.90,false,1,
5566774573461,false,מארז 4 צנצנות זכוכית,ד.ג.ש ייבוא ושיווק בעמ,,,'יח,1,,false,1,29.90,29.90,false,1,
5566774573737,false,רב שקע 4+מפסק+כבל עד,ד.ג.ש ייבוא ושיווק בעמ,,,'יח,1,,false,1,29.90,29.90,false,1,
5566774573898,false,מקציף חלב איכותי,ד.ג.ש ייבוא ושיווק בעמ,,,'יח,0,'יח,false,1,9.90,9.90,false,1,
5566774574116,false,אלמוגית רב שימושית קטנה,ד.ג.ש ייבוא ושיווק בעמ,,,'יח,0,'יח,false,1,14.90,14.90,false,1,
5601008200451,false,עוגיות גודיס טבעות מצופות שוקולד מריר מרבה 150 גרם,ש. שסטוביץ בע`מ,,,'יח,1.50,ל-100 גרם,false,1,7.90,5.27,true,1,
5601008200468,false,עוגיות גודיס טבעות מצופות שוקולד לבו מרבה 150 גרם,קריניציה ויטמינה אס,,,'יח,1.50,ל-100 גרם,false,1,7.90,5.27,true,1,
5701932026964,false,"הוטפופ גרעיני תירס להכנת פופקורן במיקרוגל בטעם טבעי, בתוספת מלח, 600 גרם",ליימן שליסל בע`מ,,,'יח,6,ל-100 גרם,false,12,14.90,2.48,true,1,
5701932026971,false,הוטפופ גרעיני תירס להכנת פופקורן במיקרוגל בטעם חמאה 600 גרם,ליימן שליסל בע`מ,,,'יח,6,ל-100 גרם,false,12,14.90,2.48,true,1,
5711953106583,false,גבינת שמנת בטעם טבעי 200 גרם ארלה,שטראוס גרופ בעמ/מצונן,,,'יח,2,ל-100 גרם,false,1,15.90,7.95,false,1,
5740900403215,false,ממרח חמאה דנית לורפק עם מלח 250 גרם,שטראוס גרופ בעמ/מצונן,,,'יח,2.50,ל-100 גרם,false,1,16.90,6.76,true,1,
5740900403222,false,ממרח לורפק חמאה עם מלח מופחת שומן 250 ג,שטראוס גרופ בעמ/מצונן,,,'יח,2.80,ל-100 גרם,false,1,16.90,6.04,true,1,
5740900403239,false,ממרח חמאה דנית לורפק ללא מלח 250 גרם,שטראוס גרופ בעמ/מצונן,,,'יח,2.50,ל-100 גרם,false,1,16.90,6.76,true,1,
5740900403260,false,ממרח מחמאת לורפק ללא מלח 27% פחות שומן,שטראוס גרופ בעמ/מצונן,,,'יח,2.50,ל-100 גרם,false,1,16.90,6.76,true,1,
5740900403864,false,חמאה +מלח 200 גרם לורפק כשרות או קיי,שטראוס גרופ בעמ/מצונן,,,'יח,2,ל-100 גרם,false,1,11.90,5.95,false,1,
5900020012814,false,דגנים תפוחים בטעם שוקולד נסקוויק נסטלה 500 גרם,קבוצת אוסם סחר שותפות מוגבלת,,,'יח,5,ל-100 גרם,false,1,19.90,3.98,true,1,
5900020026552,false,דגני בוקר האני נאט צ'יריוס בטעם דבש ושקדים,קבוצת אוסם סחר שותפות מוגבלת,,,'יח,6.25,ל-100 גרם,false,1,19.90,3.18,true,1,
5900020036407,false,ליון דגני בוקר שוקולד וקרמל נסטלה 480 גרם,קבוצת אוסם סחר שותפות מוגבלת,,,'יח,4.80,ל-100 גרם,false,1,19.90,4.15,true,1,
5900020037916,false,דגני בוקר שיבולת שועל צ'ריוס 375ג',קבוצת אוסם סחר שותפות מוגבלת,,,'יח,3.75,ל-100 גרם,false,1,16,4.27,false,1,
5900352002866,false,חטיף אליבי שוקולד וקרמל 49 גרם,אליבי מקס Alibi Max,,,'יח,4.90,ל-100 גרם,false,1,2.50,0.51,true,1,
5900352008509,false,עוגיות יזיקי אדווקט 140 גרם,יעד ממתקים בעמ,,,'יח,1.40,ל-100 גרם,false,1,6.90,4.93,true,1,
5900352012605,false,טייגר חטיף אליבי קוקוס 49 גרם,אליבי מקס Alibi Max,,,'יח,4.90,ל-100 גרם,false,1,2.50,0.51,true,1,
5900352014449,false,וופל בלגי וניל 130 גר` יעד ממתקים,יעד ממתקים בעמ,,,'יח,1.30,ל-100 גרם,false,1,3.90,3,true,1,
5900352014456,false,וופל בלגי שוקולד 130 גר` יעד ממתקים,יעד ממתקים בעמ,,,'יח,1.30,ל-100 גרם,false,1,3.90,3,true,1,
5900352014470,false,וופל בלגי קרמל 140 גר` יעד ממתקים,יעד ממתקים בעמ,,,'יח,1.40,ל-100 גרם,false,1,3.90,2.79,true,1,
5900352015576,false,וופל בלגי קרם קוקוס 130 גר` יעד ממתקים,יעד ממתקים בעמ,,,'יח,1.30,ל-100 גרם,false,1,3.90,3,true,1,
5901414200411,false,בלזן היט מיני ביסקוויט סנדוויץ' עם מילוי קרם בטעם שוקולד 130 גרם,ליימן שליסל בע`מ,,,'יח,1.30,ל-100 גרם,false,1,6.90,5.31,true,1,
5902198160403,false,XL משקה אנרגיה מוגז ללא סוכר עד 10 קלוריות לפחית 250 מל,"טמפו משקאות בע""\מ",,,'יח,2.50,"ל-100 מ""ל",false,24,4.90,1.84,true,1,
5904941750312,false,"משקה אנרגיה BLU מוחיטו בודד 250 מ""ל",בני פאוזי שמשום (2009) בעמ,,,'יח,2.50,"ל-100 מ""ל",false,1,3.90,1.44,true,1,
5904941751302,false,משקה אנרגיה בפחית בלו (250 מל),בני פאוזי שמשום (2009) בעמ,,,'יח,2.50,"ל-100 מ""ל",false,1,3.90,1.44,true,1,
5904941751920,false,בלו משקה אנרגיה דיי חצי מכמות הקלו250 מל,בני פאוזי שמשום (2009) בעמ,,,'יח,2.50,"ל-100 מ""ל",false,1,3.90,1.44,true,1,
5904941752262,false,משקה אנרגיה בטעם לימון ליים ללא תוספת סוכר,בני פאוזי שמשום (2009) בעמ,,,'יח,2.50,"ל-100 מ""ל",false,1,3.90,1.44,true,1,
5906485301012,false,משקה אנרגיה XL מוגז פחית 250 מל,"טמפו משקאות בע""מ",,,'יח,2.50,"ל-100 מ""ל",false,24,4.90,1.84,true,1,
5998623526739,false,יין גוורצטרמינר חצי מתוק סי גראס 750 מ,מ. אקרמן בעמ,,,'יח,7.50,"ל-100 מ""ל",false,1,39.90,5.28,true,1,
6009900363301,false,ענבים שחורים,ביכורי השדה הצפון בעמ` 1964,,,"ק""ג",1,,true,1,19.90,19.90,false,1,
6009900363325,false,ענבים ירוקים יחידה,ביכורי השדה הצפון בעמ` 1964,,,"ק""ג",1,,true,1,24.90,24.90,false,1,
6102017501939,false,מצת להבה לגז brico {במעמד},אוהב ציון בעמ (מבצעים),,,'יח,1,,false,1,9.90,9.90,true,1,
6111094000013,false,קוסקוס להכנה מהירה דארי (1 קג),תומר ייבוא ושיווק מוצרי מזון [,,,'יח,10,ל-100 גרם,false,12,17.90,1.79,false,1,
6111094000228,false,"קוסקוס דארי דק תומר 1 ק""ג",תומר ייבוא ושיווק מוצרי מזון [,,,'יח,10,ל-100 גרם,false,12,17.90,1.79,false,1,
6111094000259,false,קוסקוס דארי בינוני 500 גר`,תומר ייבוא ושיווק מוצרי מזון [,,,'יח,5,ל-100 גרם,false,18,9.90,1.98,false,1,
6111200000135,false,סרדין מרוקאי מאריה 125 גרם,בני פאוזי שמשום (2009) בעמ,,,'יח,1.25,ל-100 גרם,false,1,4.90,3.92,true,1,
6111200000142,false,סרדין מרוקאי מאריה חריף 125 גרם,בני פאוזי שמשום (2009) בעמ,,,'יח,1.25,ל-100 גרם,false,1,4.90,3.92,true,1,
6253501260686,false,קרמבו וניל 12 יח'-בובו,אריזונה,,,'יח,0,ל-100 גרם,false,1,11.90,11.90,false,1,
6253501262093,false,קרמבו מוקה 12 יח'-בובו,אריזונה,,,'יח,1,ל-100 גרם,false,1,11.90,11.90,false,1,
6315280312069,false,טוסטר 2 פרוסות נירוסטה BENATON BT-206,קונסיגנציה-ד.ש.ש. אלקטרוניקה ב,,,'יח,1,,false,1,89,89,false,1,
6921850620368,false,"לד 10W A60 אור יום- אריזת 3 י""ח קופסה OMEGA E27",עולם הבית שיווק והפצה בעמ,,,'יח,1,,false,1,31.90,31.90,false,1,
6935487561246,false,מסיכה כירורגית שחורה מארז 50 יח',ביג פוד,,,'יח,1,'יח,false,1,9.90,9.90,true,1,
6935673035612,false,כפפות אלוורה להקלה על עור יבש - קטן S,מ.א.ייצור ויבוא מטליות בעמ,,,'יח,1,,false,12,8.50,8.50,false,1,
6973840760035,false,בקבוק טרמי משובח,ד.ג.ש ייבוא ושיווק בעמ,,,'יח,1,,false,1,49.90,49.90,false,1,
7108329001111,false,סט מגבות למטבח 3 יחידות,הום פרפקט ק.ד.מ בעמ,,,'יח,1,,false,1,14.90,14.90,true,1,
7271730901261,false,ווקי מאק ארוחת אטריות עם גבינה 156 גרם,ניו וורלד פסטה קומפנ,,,'יח,1.56,ל-100 גרם,false,1,10.90,6.99,false,1,
7290000023083,false,ערק אשקלון בקבוק 700,טמפו משקאות בע`מ,,,'יח,7,"ל-100 מ""ל",false,1,54.90,7.80,false,1,
7290000023977,false,קלאסיק מרלו יקבי ברקן (750 מל),יקבי ברקן שיווק והפצה בע,,,'יח,7.50,"ל-100 מ""ל",false,1,31.90,4.21,true,1,
7290000024264,false,רזרב מרלו יקבי ברקן (750 מל),"כרמי צבי - אחים סגל בע""\",,,'יח,7.50,"ל-100 מ""ל",false,1,39.90,5.28,true,1,
7290000040042,false,יוגורט יופלה תות 3% שומן 150 גרם,"תנובה בע""מ ***",,,'יח,1.50,"ל-100 מ""ל",false,1,5.20,3.47,false,1,
7290000040066,false,יוגורט יופלה דובדבן 3% שומן 150 גרם,תנובה מרכז שיתופי לש,,,'יח,1.50,"ל-100 מ""ל",false,1,5.20,3.47,false,1,
7290000040080,false,יוגורט יופלה אפרסק 3% שומן 150 גרם,"תנובה בע""מ ***",,,'יח,1.50,"ל-100 מ""ל",false,1,5.20,3.47,false,1,
7290000041858,false,"שמנת חמוצה 15% מועשרת יטבתה 200 מ""ל",שטראוס גרופ בעמ/מצונן,,,'יח,2,"ל-100 מ""ל",false,20,2.40,1.20,false,1,
7290000041872,false,"לבן 3% יטבתה 200מ""ל מהדרין",שטראוס גרופ בעמ/מצונן,,,'יח,2,"ל-100 מ""ל",false,20,2.20,1.10,false,1,
7290000042435,false,חלב דל שומן 1% בקרטון תנובה (1 ליטר)פיק,תנובה מרכז שיתופי לש,,,'יח,10,"ל-100 מ""ל",false,1,5.86,0.59,false,1,
7290000042640,false,"חלב תנובה עמיד 3% קרטון 250 מ""ל",תנובה מרכז שיתופי לש,,,'יח,2.50,"ל-100 מ""ל",false,1,2.90,1.16,false,1,
7290000042855,false,"שוקו בשקית 250 מ""ל ""יטבתה""",שטראוס גרופ בעמ/מצונן,,,'יח,2.25,"ל-100 מ""ל",false,1,2.50,1.11,false,1,
7290000043814,false,השף הלבן שמנת להקצפה 38% שומן 250 מל - מוצר בפיקוח,תנובה מרכז שיתופי לש,,,'יח,2.50,"ל-100 מ""ל",false,1,6.47,2.59,false,1,
7290000043890,false,תנובה רויון לבן מחלב מפסוטר 1.5%,תנובה מרכז שיתופי לש,,,'יח,10,"ל-100 מ""ל",false,1,11.30,1.13,false,1,
7290000044712,false,יוגורט עם תות 1.5% שומן 500 ג' פרילי,מיוצר עי קונדיטוריית,,,'יח,5,"ל-100 מ""ל",false,1,11.10,2.22,false,1,
7290000044880,false,יוגורט בטעם תות שדה 3% באדי (500 גרם),מיוצר עי קונדיטוריית,,,'יח,5,"ל-100 מ""ל",false,1,9.50,1.90,false,1,
7290000045580,false,גבינה מותכת נעמה חורש תנובה 240 גרם,תנובה מרכז שיתופי לש,,,'יח,2.40,ל-100 גרם,false,1,17.60,7.33,false,1,
7290000047942,false,**תנובה גבינה לבנה מהדרין 9% 250ג,תנובה מרכז שיתופי לש,,,'יח,2.50,ל-100 גרם,false,1,4.80,1.92,false,1,
7290000048185,false,גבינה לבנה 5% תנובה 250 גרם מהדרין,מיוצר עי קונדיטוריית,,,'יח,2.50,ל-100 גרם,false,1,4.98,1.99,false,1,
7290000048192,false,גבינה לבנה 9% תנובה 250 גרם מהדרין,מחלבת אלון תבור,,,'יח,2.50,ל-100 גרם,false,1,5,2,false,1,
7290000048413,false,גבינה חמד (25016% גרם)פיראוס תנובה,תנובה מרכז שיתופי לש,,,'יח,2.50,ל-100 גרם,false,1,18.90,7.56,false,1,
7290000049458,false,גבינה בולגרית עיזים (25016% גרם)פיראוס,תנובה מרכז שיתופי לש,,,'יח,2.50,ל-100 גרם,false,1,29.90,11.96,false,1,
7290000050454,false,יוגורט ביו 3% אפרסק יופלה (500 גרם),מיוצר עי קונדיטוריית,,,'יח,5,"ל-100 מ""ל",false,1,13.70,2.74,false,1,
7290000051307,false,"מארז הפסקת אוכל עם דגני עוגי ומשקה חלב עמיד בטעם וניל 150 מ""ל",תנובה מרכז שיתופי לש,,,'יח,1.50,ל-100 גרם,false,1,9.10,6.07,false,1,
7290000051376,false,יוגורט יופלה דיאט אננס 0% שומן 150 גרם,תנובה מרכז שיתופי לש,,,'יח,1.50,"ל-100 מ""ל",false,1,5.20,3.47,false,1,
7290000052311,false,גבינה צהובה עמק לייט 15% שומן 200 גרם,תנובה מרכז שיתופי לש,,,'יח,2,ל-100 גרם,false,1,15.90,7.95,false,1,
7290000055336,false,"משקה יוגורט 1.5% בטעם בננה אפרסק יופלה 250 מ""ל",תנובה מרכז שיתופי לש,,,'יח,2.50,"ל-100 מ""ל",false,1,5.60,2.24,false,1,
7290000055343,false,משקה יוגורט יופלה פירות טרופיים 250 גרם,תנובה מרכז שיתופי לש,,,'יח,2.50,"ל-100 מ""ל",false,1,5.60,2.24,false,1,
7290000056890,false,שמיניית דיאט יופלה 0% טעמים שונים 150 גרם,מיוצר עי קונדיטוריית,,,'יח,1.20,"ל-100 מ""ל",false,1,31,25.83,false,1,
7290000056906,false,מאגדת לבן טבעי 1.5% שומן 8 יח' * 150 ג' יופלה,מחלבת אלון תבור,,,'יח,8,"ל-100 מ""ל",false,1,16.90,2.11,false,1,
7290000057088,false,עמק גבינה צהובה פרוסה דק דק 28% תנובה 200 גרם,תנובה מרכז שיתופי לש,,,'יח,2,ל-100 גרם,false,1,15.90,7.95,false,1,
7290000057118,false,גבינה צהובה עמק 28% שומן ואקום 400 גרם,תנובה מרכז שיתופי לש,,,'יח,4,ל-100 גרם,false,1,20.90,5.23,false,1,
7290000057132,false,יוגורט תנובה טבעי 1.5% גביע 200 גרם,מחלבת אלון תבור,,,'יח,2,"ל-100 מ""ל",false,1,3.10,1.55,false,1,
7290000057149,false,יוגורט תנובה טבעי 3% גביע 200 גרם,מיוצר עי קונדיטוריית,,,'יח,2,"ל-100 מ""ל",false,1,3.20,1.60,false,1,
7290000057552,false,יופלה דיאט עוגת גבינה ותות 0% גביע 150ג',תנובה - חלב,,,'יח,1.50,"ל-100 מ""ל",false,1,5.20,3.47,false,1,
7290000058030,false,"שמיניית יופלה שטוזים משקה יוגורט תות 100 מ""ל",מיוצר עי קונדיטוריית,,,'יח,8,"ל-100 מ""ל",false,1,21.40,2.68,false,1,
7290000060071,false,אוסם - חטיפי פריכונים מאורז מלא קלוי 80גר,קבוצת אוסם סחר שותפות מוגבלת,,,'יח,1,ל-100 גרם,false,1,6.90,6.90,false,1,
7290000060088,false,בייגלה מקלות עם מלח אסם (400 גרם),קבוצת אוסם סחר שותפות מוגבלת,,,'יח,4,ל-100 גרם,false,1,9.90,2.48,true,1,
7290000060163,false,פסטה אסם אטריות דקות 400גר,קבוצת אוסם סחר שותפות מוגבלת,,,'יח,4,ל-100 גרם,false,1,6.90,1.73,true,1,
7290000060200,false,פסטה אסם פתיתים אפויים קוסקוס 500גר,קבוצת אוסם סחר שותפות מוגבלת,,,'יח,5,ל-100 גרם,false,1,6.90,1.38,true,1,
7290000060217,false,פסטה מקרוני מספר 7 אסם (500 גרם),קבוצת אוסם סחר שותפות מוגבלת,,,'יח,5,ל-100 גרם,false,1,5.90,1.18,true,1,
7290000060248,false,פסטה אסם פתיתים תלתלים 500 גר',קבוצת אוסם סחר שותפות מוגבלת,,,'יח,5,ל-100 גרם,false,1,5.90,1.18,true,1,
7290000060316,false,פרפקטו ספגטי מס' 8 אסם 500 גרם,קבוצת אוסם סחר שותפות מוגבלת,,,'יח,5,ל-100 גרם,false,1,6.90,1.38,true,1,
7290000060330,false,פרפקטו פרפקטו ספיראלי גירף 500 גר,קבוצת אוסם סחר שותפות מוגבלת,,,'יח,5,ל-100 גרם,false,1,6.90,1.38,true,1,
7290000060408,false,פסטה אסם פתיתים אפויים טבעות 500 גר,קבוצת אוסם סחר שותפות מוגבלת,,,'יח,5,ל-100 גרם,false,1,6.90,1.38,true,1,
7290000060415,false,"פסטה פרפקטו לאזניה 500 ג' ""אסם""",קבוצת אוסם סחר שותפות מוגבלת,,,'יח,5,ל-100 גרם,false,1,14.90,2.98,true,1,
7290000060576,false,פתיתים אפויים כוכבים אסם (500 גרם),קבוצת אוסם סחר שותפות מוגבלת,,,'יח,5,ל-100 גרם,false,1,6.90,1.38,true,1,
7290000060828,false,פסטה קרניים בינוניות אסם (500 גרם),קבוצת אוסם סחר שותפות מוגבלת,,,'יח,5,ל-100 גרם,false,1,5.90,1.18,true,1,
7290000060903,false,פסטה אסם פתיתים אפויים אורז 500גר,קבוצת אוסם סחר שותפות מוגבלת,,,'יח,5,ל-100 גרם,false,1,6.90,1.38,true,1,
7290000060965,false,פסטה אסם אטריות רחבות 400גר,קבוצת אוסם סחר שותפות מוגבלת,,,'יח,4,ל-100 גרם,false,1,6.90,1.73,true,1,
7290000061061,false,קרקר חיטה עם בצל אסם,קבוצת אוסם סחר שותפות מוגבלת,,,'יח,2.50,ל-100 גרם,false,1,9.90,3.96,true,1,
7290000061450,false,פתיתים אפויים קוסקוס 3 צבעים אסם 500 גרם,קבוצת אסם סחר שות. מוגבלת,,,'יח,5,"ל-100 מ""ל",false,1,6.90,1.38,true,1,
7290000062129,false,אינסטנט פודינג בטעם וניל אסם (1 קג),קבוצת אוסם סחר שותפות מוגבלת,,,'יח,10,ל-100 גרם,false,1,29.90,2.99,false,1,
7290000062952,false,אוסם - מיני קרוטונים למרק ולסלט 250 גרם,קבוצת אוסם סחר שותפות מוגבלת,,,'יח,2.50,ל-100 גרם,false,1,14.90,5.96,false,1,
7290000063102,false,קמח עוגה תופח מאליו אסם 350 גרם,קבוצת אוסם סחר שותפות מוגבלת,,,'יח,3.50,ל-100 גרם,false,1,4.20,1.20,false,1,
7290000063133,false,אסם שקדי מרק רכיבים טבעיים 24*100גרם,קבוצת אוסם סחר שותפות מוגבלת,,,'יח,1,,false,1,4.50,4.50,false,1,
7290000063140,false,שקדי מרק רכיבים טבעיים בשקית 400 ג' אסם,קבוצת אוסם סחר שותפות מוגבלת,,,'יח,4,ל-100 גרם,false,1,11.90,2.98,true,1,
7290000063157,false,"קמח עוגה תופח מאליו אסם 1 ק""ג",קבוצת אוסם סחר שותפות מוגבלת,,,'יח,10,ל-100 גרם,false,1,9.90,0.99,true,1,
7290000064758,false,קוסקוס בינוני אמיתי אסם 350 ג',קבוצת אוסם סחר שותפות מוגבלת,,,'יח,3.50,ל-100 גרם,false,1,7.30,2.09,false,1,
7290000065335,false,אוסם - מנה חמה פירה עם ירקות 55 גרם,קבוצת אוסם סחר שותפות מוגבלת,,,'יח,5.50,ל-100 גרם,false,1,6.90,1.25,true,1,
7290000065540,false,אוסם - מנה חמה פסטה מוקרמת בטעם עוף 55 גרם,קבוצת אוסם סחר שותפות מוגבלת,,,'יח,5.50,ל-100 גרם,false,1,6.90,1.25,true,1,
7290000065977,false,אסם חטיפי פריכונים תירס שומשום 80 גרם,קבוצת אוסם סחר שותפות מוגבלת,,,'יח,1,ל-100 גרם,false,1,6.90,6.90,false,1,
7290000066189,false,ביסלי חטיף בטעם פלאפל אסם (200 גרם),קבוצת אוסם סחר שותפות מוגבלת,,,'יח,2,ל-100 גרם,false,1,7.90,3.95,true,1,
7290000066196,false,ביסלי חטיף בטעם גריל אסם (200 גרם),קבוצת אוסם סחר שותפות מוגבלת,,,'יח,2,ל-100 גרם,false,1,7.90,3.95,true,1,
7290000066226,false,ביסלי חטיף בטעם פיצה אסם (200 גרם),קבוצת אוסם סחר שותפות מוגבלת,,,'יח,2,ל-100 גרם,false,1,7.90,3.95,true,1,
7290000066295,false,אסם במבה תות מחומרים טבעיים 30גר,קבוצת אוסם סחר שותפות מוגבלת,,,'יח,0.30,ל-100 גרם,false,1,2.70,9,false,1,
7290000066332,false,אפרופו חטיף תירס אסם (50 גרם),קבוצת אוסם סחר שותפות מוגבלת,,,'יח,0.50,ל-100 גרם,false,1,3.90,7.80,true,1,
7290000066349,false,אפרופו חטיף תירס אסם (100 גרם),קבוצת אוסם סחר-שות.מוגבלת,,,'יח,1,ל-100 גרם,false,1,7.90,7.90,true,1,
7290000067407,false,פרורית מתובלת בשקית 200 גרם,קבוצת אוסם סחר שותפות מוגבלת,,,'יח,2,ל-100 גרם,false,1,5.90,2.95,false,1,
7290000067544,false,פירורית זהב פירורי לחם אסם 200 גרם,קבוצת אוסם סחר שותפות מוגבלת,,,'יח,2,ל-100 גרם,false,1,5.90,2.95,false,1,
7290000067599,false,מנה חמה ספגטי ברוטב בולונז אסם 65 גרם,קבוצת אוסם סחר שותפות מוגבלת,,,'יח,6.50,ל-100 גרם,false,1,6.90,1.06,true,1,
7290000068138,false,אינסטנט פודינג בטעם וניל אסם 80 גרם,קבוצת אוסם סחר שותפות מוגבלת,,,'יח,8,ל-100 גרם,false,1,5.90,0.74,true,1,
7290000068206,false,אסם ג'לי משמש צבעים טבעיים 85 גרם,קבוצת אוסם סחר שותפות מוגבלת,,,'יח,9,ל-100 גרם,false,1,6.90,0.77,false,1,
7290000068237,false,אבקה להכנת ג`לי בטעם פטל אסם (85 גרם),קבוצת אוסם סחר שותפות מוגבלת,,,'יח,9,ל-100 גרם,false,1,6.90,0.77,false,1,
7290000068251,false,אבקה להכנת ג'לי בטעם אננס אסם 85 גרם,קבוצת אוסם סחר שותפות מוגבלת,,,'יח,9,ל-100 גרם,false,1,6.90,0.77,true,1,
7290000070308,false,אבקת מרק עוף אמיתי בשרי אסם 400 גרם,קבוצת אוסם סחר שותפות מוגבלת,,,'יח,4,ל-100 גרם,false,1,19.90,4.98,false,1,
7290000070353,false,אבקת מרק בצל רכיבים טבעיים אסם 400 גרם,קבוצת אוסם סחר שותפות מוגבלת,,,'יח,4,ל-100 גרם,false,1,25.90,6.48,true,1,
7290000072067,false,במבה חטיף בוטנים במילוי קרם חלבה 60 גרם,קבוצת אסם סחר שות. מוגבלת,,,'יח,0.60,ל-100 גרם,false,1,3.90,6.50,true,1,
7290000072241,false,"רוטב פיצה 290 מ""ל-בקבוק",קבוצת אוסם סחר שותפות מוגבלת,,,'יח,2.90,"ל-100 מ""ל",false,1,12.90,4.45,true,1,
7290000072777,false,קפה נמס מגורען נטול קפאין טסטרס צ'ויס 200 גרם,קבוצת אוסם סחר שותפות מוגבלת,,,'יח,2,ל-100 גרם,false,1,39.90,19.95,false,1,
7290000073750,false,מנה חמה נודלס אטר+ירקות טעם עוף 70 גרם,קבוצת אוסם סחר שותפות מוגבלת,,,'יח,7,ל-100 גרם,false,1,6.90,0.99,true,1,
7290000073767,false,מנה חמה נודלס אטר.+ירקות טעם בקר 70 גרם,קבוצת אוסם סחר שותפות מוגבלת,,,'יח,7,ל-100 גרם,false,1,6.90,0.99,true,1,
7290000073774,false,מנה חמה נודלס אטר+ירקות טעם צילי 70 גרם,קבוצת אוסם סחר שותפות מוגבלת,,,'יח,7.10,ל-100 גרם,false,1,6.90,0.97,true,1,
7290000074153,false,ביסקוויט פתי בר שוקולד אסם (500 גרם),קבוצת אוסם סחר שותפות מוגבלת,,,'יח,5,ל-100 גרם,false,1,11.90,2.38,true,1,
7290000074184,false,ביסקוויט פתי בר אסם (500 גרם),קבוצת אוסם סחר שותפות מוגבלת,,,'יח,5,ל-100 גרם,false,1,10.90,2.18,true,1,
7290000074245,false,אוסם - קרם קרקר אסם 250 גרם,קבוצת אוסם סחר שותפות מוגבלת,,,'יח,2.50,ל-100 גרם,false,1,9.90,3.96,true,1,
7290000074276,false,קרקר פיקנטי טבעון 250 ג' אסם,קבוצת אוסם סחר שותפות מוגבלת,,,'יח,2.50,ל-100 גרם,false,1,9.90,3.96,true,1,
7290000074375,false,אוסם - קרקר זהב 150 גרם,קבוצת אוסם סחר שותפות מוגבלת,,,'יח,1.50,ל-100 גרם,false,1,9.90,6.60,true,1,
7290000074481,false,קרקר לחמית אגוזים אסם (160 גרם),קבוצת אסם סחר שות. מוגבלת,,,'יח,1.60,ל-100 גרם,false,1,9.90,6.19,true,1,
7290000074696,false,"קרם קרקר 1 ק""ג אוסם",קבוצת אוסם סחר שותפות מוגבלת,,,'יח,10,ל-100 גרם,false,1,24.90,2.49,true,1,
7290000074764,false,קרקר הזהב אסם 900 גרם,קבוצת אוסם סחר שותפות מוגבלת,,,'יח,9,ל-100 גרם,false,1,27.90,3.10,true,1,
7290000075204,false,קרקר לחמית חיטה מלאה אסם (250 גרם),קבוצת אוסם סחר שותפות מוגבלת,,,'יח,2.50,ל-100 גרם,false,1,9.90,3.96,true,1,
7290000075693,false,עוגת הבית שמרים בריוש שוקולד אסם 360 גרם,קבוצת אסם סחר שות. מוגבלת,,,'יח,3.60,ל-100 גרם,false,1,16.90,4.69,false,1,
7290000076126,false,אוסם - בייגלה שמיניות קטנות 80 גרם,קבוצת אוסם סחר שותפות מוגבלת,,,'יח,0.80,ל-100 גרם,false,1,2.90,3.63,false,1,
7290000076133,false,בייגלה שמיניות קטנות עם מלח אסם 400 גרם,קבוצת אוסם סחר שותפות מוגבלת,,,'יח,4,ל-100 גרם,false,1,9.90,2.48,true,1,
7290000076645,false,טוסטעים פת קלויה חיטה מלאה אסם 100 גרם,קבוצת אסם סחר שות. מוגבלת,,,'יח,1,ל-100 גרם,false,1,9.90,9.90,false,1,
7290000077017,false,עוגיות קרמוגית במילוי קרם שוקולד אסם 200 גרם,קבוצת אוסם סחר שותפות מוגבלת,,,'יח,2,ל-100 גרם,false,1,9.90,4.95,true,1,
7290000077253,false,אוסם - לחמית כפרית עם דגנים מלאים 190 גרם,קבוצת אסם סחר שות. מוגבלת,,,'יח,1.90,ל-100 גרם,false,1,9.90,5.21,true,1,
7290000078212,false,קרוטונים מתובלים למרק אסם (250 גרם),קבוצת אוסם סחר שותפות מוגבלת,,,'יח,2.50,ל-100 גרם,false,1,13.90,5.56,false,1,
7290000079233,false,קרם קרקר דיאטטי דל נתרן 250 גרם,קבוצת אוסם סחר שותפות מוגבלת,,,'יח,2.50,ל-100 גרם,false,1,9.90,3.96,true,1,
7290000080758,false,פת קלויה טוסטעים אסם (100 גרם),קבוצת אוסם סחר שותפות מוגבלת,,,'יח,1,ל-100 גרם,false,1,9.90,9.90,false,1,
7290000080765,false,פת קלויה טוסטעים עם שומשום אסם (100 גרם),קבוצת אוסם סחר שותפות מוגבלת,,,'יח,1,ל-100 גרם,false,1,9.90,9.90,false,1,
7290000081663,false,"בייגלה טבעות שומשום אסם 300 גרם בד""ץ",קבוצת אוסם סחר שותפות מוגבלת,,,'יח,3,ל-100 גרם,false,1,9.90,3.30,true,1,
7290000103365,false,מרק ירקות עשיר סנפרוסט (550 גרם),תנובה מרכז שיתופי לשיווק תוצרת,,,'יח,5.50,ל-100 גרם,false,1,17.90,3.25,false,1,
7290000103433,false,"לקט ירקות לתנור 800 גרם ""סנפרוסט""",תנובה מרכז שיתופי לשיווק תוצרת,,,'יח,8,ל-100 גרם,false,1,24.50,3.06,true,1,
7290000103488,false,"ארטישוק ירושלמי 400 גרם ""סנפרוסט""",תנובה מרכז שיתופי לשיווק תוצרת,,,'יח,4,ל-100 גרם,false,1,19.90,4.98,true,1,
7290000103815,false,לקט להקפצה בסגנון תאילנדי סנפרוסט 800 גרם,תנובה מרכז שיתופי לשיווק תוצרת,,,'יח,8,ל-100 גרם,false,1,21.90,2.74,true,1,
7290000103839,false,מרק כתום עשיר בירקות סנפרוסט (572 גרם),תנובה מרכז שיתופי לשיווק תוצרת,,,'יח,5.70,ל-100 גרם,false,1,17.90,3.14,false,1,
7290000103860,false,מרק עדשים עשיר בירקות סנפרוסט (572 גרם),תנובה מרכז שיתופי לשיווק תוצרת,,,'יח,5.70,ל-100 גרם,false,1,17.90,3.14,false,1,
7290000104072,false,עדשים ירוקות מבושלות מוקפאות 800 ג' סנפרוסט,תנובה מרכז שיתופי לשיווק תוצרת,,,'יח,8,ל-100 גרם,false,1,19.90,2.49,true,1,
7290000104188,false,שעועית אדומה מוקפאת מבושלת מוכנה לאכילה,תנובה מרכז שיתופי לשיווק תוצרת,,,'יח,8,ל-100 גרם,false,1,19.90,2.49,false,1,
7290000104218,false,סנפרוסט במיה 600 גרם,תנובה מרכז שיתופי לשיווק תוצרת,,,'יח,6,ל-100 גרם,false,1,15.90,2.65,true,1,
7290000104676,false,אפונה קפואה סנפרוסט 800 גרם,תנובה מרכז שיתופי לשיווק תוצרת,,,'יח,8,ל-100 גרם,false,1,16.90,2.11,true,1,
7290000104683,false,שעועית ירוקה שלמה סנפרוסט (800 גרם),תנובה מרכז שיתופי לשיווק תוצרת,,,'יח,8,ל-100 גרם,false,1,19.90,2.49,true,1,
7290000104690,false,גרעיני תירס מוקפאים סנפרוסט (800 גרם),תנובה מרכז שיתופי לשיווק תוצרת,,,'יח,8,ל-100 גרם,false,1,17.90,2.24,true,1,
7290000104706,false,גזר גמדי מוקפא סנפרוסט (800 גרם),תנובה מרכז שיתופי לשיווק תוצרת,,,'יח,8,ל-100 גרם,false,1,17.90,2.24,true,1,
7290000104713,false,פול ירוק קפוא סנפורסט 800 גרם,תנובה מרכז שיתופי לשיווק תוצרת,,,'יח,8,ל-100 גרם,false,1,24.90,3.11,true,1,
7290000104720,false,שעועית ירוקה חתוכה סנפרוסט (800 גרם),תנובה מרכז שיתופי לשיווק תוצרת,,,'יח,8,ל-100 גרם,false,1,18.90,2.36,true,1,
7290000104744,false,כרובית מוקפאת סנפרוסט (800 גרם),תנובה מרכז שיתופי לשיווק תוצרת,,,'יח,8,ל-100 גרם,false,1,24.90,3.11,true,1,
7290000104751,false,"כרוב ניצנים 800 גרם ""סנפרוסט""",תנובה מרכז שיתופי לשיווק תוצרת,,,'יח,8,ל-100 גרם,false,1,22.90,2.86,true,1,
7290000104768,false,עלי תרד סנפרוסט (800 גרם),תנובה מרכז שיתופי לשיווק תוצרת,,,'יח,8,ל-100 גרם,false,1,22.90,2.86,true,1,
7290000104799,false,שעועית לבנה מבושלת סנפרוסט (800 גרם),תנובה מרכז שיתופי לשיווק תוצרת,,,'יח,8,ל-100 גרם,false,1,19.90,2.49,true,1,
7290000104805,false,גרגירי חומוס מבושלים סנפרוסט 800 גרם,תנובה מרכז שיתופי לשיווק תוצרת,,,'יח,8,ל-100 גרם,false,1,19.90,2.49,true,1,
7290000104829,false,קלחי תירס חתוכים סנפרוסט 1 קילו,תנובה מרכז שיתופי לשיווק תוצרת,,,'יח,10,ל-100 גרם,false,1,22.40,2.24,true,1,
7290000104836,false,שעועית ירוקה עדינה שלמה סנפרוסט 600 גרם,תנובה מרכז שיתופי לשיווק תוצרת,,,'יח,6,ל-100 גרם,false,1,21.90,3.65,true,1,
7290000104874,false,לקט מוקפא לקוסקוס סנפרוסט (800 גרם),תנובה מרכז שיתופי לשיווק תוצרת,,,'יח,8,ל-100 גרם,false,1,23.50,2.94,true,1,
7290000104881,false,לקט אפונה וגזר מוקפאים סנפרוסט (800 גרם),תנובה מרכז שיתופי לשיווק תוצרת,,,'יח,8,ל-100 גרם,false,1,16.90,2.11,true,1,
7290000104904,false,לקט ירקות מעורבים סנפורסט 800 גרם,תנובה מרכז שיתופי לשיווק תוצרת,,,'יח,8,ל-100 גרם,false,1,23.50,2.94,true,1,
7290000104911,false,לקט נורמנדי מוקפא סנפרוסט (800 גרם),תנובה מרכז שיתופי לשיווק תוצרת,,,'יח,8,ל-100 גרם,false,1,23.50,2.94,true,1,
7290000107165,false,חטיף סויה אדממה סנפרוסט (400 גרם),תנובה מרכז שיתופי לשיווק תוצרת,,,'יח,4,ל-100 גרם,false,1,14.90,3.73,true,1,
7290000107189,false,תחתיות ארטישוק סנפרוסט (400 גרם),תנובה מרכז שיתופי לשיווק תוצרת,,,'יח,4,ל-100 גרם,false,1,20.90,5.23,true,1,
7290000107295,false,תפרחות ברוקולי סנפרוסט 800 גרם,תנובה מרכז שיתופי לשיווק תוצרת,,,'יח,8,ל-100 גרם,false,1,24.90,3.11,true,1,
7290000107677,false,שעועית צהובה עדינה שלמה 600 גר`סנפרוסט,תנובה מרכז שיתופי לשיווק תוצרת,,,'יח,6,ל-100 גרם,false,1,21.90,3.65,true,1,
7290000110844,false,כיפלי בטעם גריל בד`צ 70 גרם .,יוניליוור ישראל שיווק בע`מ,,,'יח,0.70,ל-100 גרם,false,1,5.30,7.57,false,1,
7290000110851,false,כיפלי חטיף בטעם בצל מהדרין תלמה (70 גרם),יוניליוור ישראל שיווק בע`מ,,,'יח,0.70,ל-100 גרם,false,1,5.30,7.57,false,1,
7290000111063,false,מיונז אמיתי תלמה (250 גרם),"יוניליוור ישראל שיווק בע""מ",,,'יח,2.50,ל-100 גרם,false,1,6.40,2.56,false,1,
7290000111117,false,מרכך כביסה לבן בדין (4 ליטר),"יוניליוור ישראל שיווק בע""מ",,,'יח,40,"ל-100 מ""ל",false,1,19.90,0.50,false,1,
7290000111360,false,חרדל אמיתי חריף 250 גרם בצנצנת כשלפ,יוניליוור ישראל שיווק בע`מ,,,'יח,2.50,ל-100 גרם,false,1,6.90,2.76,false,1,
7290000111384,false,חרדל אמיתי בצנצנת 550 ג' תלמה,יוניליוור ישראל שיווק בע`מ,,,'יח,5.50,ל-100 גרם,false,1,10.60,1.93,false,1,
7290000112497,false,מרק עשיר עוף אטריות קנור 75 גרם - שקיות,יוניליוור ישראל שיווק בע`מ,,,'יח,0.68,ל-100 גרם,false,1,10.90,16.03,true,1,
7290000112619,false,אבקת מרק עוף אמיתי קנור 400 ג' כשלפ,יוניליוור ישראל שיווק בע`מ,,,'יח,4,ל-100 גרם,false,1,21.90,5.48,false,1,
7290000113180,false,כיפלי צ`יפסים מהדרין תלמה (50 גרם),יוניליוור ישראל שיווק בע`מ,,,'יח,0.50,ל-100 גרם,false,1,5,10,false,1,
7290000114187,false,פנטסטיק תרכיז ניקוי כללי אורנים סיף 4 ליטר,יוניליוור ישראל שיווק בע`מ,,,'יח,4,לליטר,false,1,22.90,5.73,false,1,
7290000116884,false,"קנור רוטב ברביקיו 300 מ""ל כשלפ",יוניליוור ישראל שיווק בע`מ,,,'יח,3,"ל-100 מ""ל",false,1,12.90,4.30,true,1,
7290000116921,false,"קנור רוטב צילי מתוק 300 מ""ל כשלפ","יוניליוור ישראל שיווק בע""מ",,,'יח,3,"ל-100 מ""ל",false,1,12.90,4.30,true,1,
7290000116945,false,"רוטב סויה קלאסי קנור בד""צ 350 גרם",יוניליוור ישראל שיווק בע`מ,,,'יח,3,"ל-100 מ""ל",false,1,12.90,4.30,true,1,
7290000117720,false,נמס בכוס פטריות קנור 21.5 גרם מארז זוגי,"יוניליוור ישראל שיווק בע""מ",,,'יח,0.43,ל-100 גרם,false,1,6.90,16.05,true,1,
7290000118352,false,לטקס אבקה להכנת לביבות תפוא 170גר כשלפ,יוניליוור ישראל שיווק בע`מ,,,'יח,1.70,ל-100 גרם,false,1,13.90,8.18,false,1,
7290000121079,false,גבינה מותכת למריחה עם שום שמיר 9% מון בלאן 120 גרם,נטו מילנדה סחר בעמ*,,,'יח,1.20,ל-100 גרם,false,1,12.90,10.75,true,1,
7290000121093,false,גבינה מותכת לייט בטעם שוויצרי 7% מון בלאן 120 גר',האי נאם סי או אל.טי.,,,'יח,1.20,ל-100 גרם,false,1,12.90,10.75,true,1,
7290000122830,false,"רוטב מקסיקני סצ'ואן קנור 300 מ""ל",יוניליוור ישראל שיווק בע`מ,,,'יח,3,"ל-100 מ""ל",false,1,11.90,3.97,true,1,
7290000129785,false,מרכך כביסה ירוק בדין (4 ליטר),יוניליוור ישראל שיווק בע`מ,,,'יח,4,"ל-100 מ""ל",false,1,19.90,4.98,false,1,
7290000133645,false,שלישיית משחת שיניים סודה אורביטול 145 גרם,החברה הדרומית לשיווק בעמ,,,'יח,4.29,ל-100 גרם,false,8,17.90,4.17,false,1,
7290000134307,false,קינמון טחון 50 גרם טעם וריח,"תבליני טעם וריח בע""מ",,,'יח,1,,false,1,5.90,5.90,false,1,
7290000134338,false,אבקת שום בקופ' 90 גר' טעם וריח,"תבליני טעם וריח בע""מ",,,'יח,1,,false,1,9.90,9.90,true,1,
7290000134550,false,עלי דפנה 20 גר' טעם וריח,"תבליני טעם וריח בע""מ",,,'יח,1,,false,1,5.90,5.90,false,1,
7290000134857,false,פפריקה מתוקה בקופ' 100 גר' טעם וריח,"תבליני טעם וריח בע""מ",,,'יח,1,,false,1,9.90,9.90,true,1,
7290000136141,false,פפסי קולה 1.5 ליטר פיקדון,"טמפו משקאות בע""\מ",,,'יח,15,"ל-100 מ""ל",false,12,8.20,0.53,false,1,
7290000136165,false,מירינדה אורנג` 1.5 ליטר פיקדון,"טמפו משקאות בע""\מ",,,'יח,15,"ל-100 מ""ל",false,12,7.90,0.51,false,1,
7290000136189,false,משקה דיאט 7UP בקבוק 1.5 ליטר פיקדון,"טמפו משקאות בע""\ם.",,,'יח,15,"ל-100 מ""ל",false,12,7.20,0.46,false,1,
7290000136264,false,מי טוניק גזוז 1.5 ל' טמפו,"טמפו משקאות בע""\מ",,,'יח,15,"ל-100 מ""ל",false,12,9.90,0.64,false,1,
7290000136431,false,משקה בטעם אפרסק צלול תריסר 1.5 ל' ג'אמפ,"טמפו משקאות בע""\מ",,,'יח,15,"ל-100 מ""ל",false,12,7.20,0.48,false,1,
7290000136455,false,משקה בטעם אשכוליות תריסר 1.5 ל' ג'אמפ,"טמפו משקאות בע""\ם.",,,'יח,15,"ל-100 מ""ל",false,12,7.50,0.48,false,1,
7290000136516,false,משקה בטעם מנגו פסיפלורה תריסר 1.5 ל' ג'אמפ,טמפו משקאות בע`מ,,,'יח,15,"ל-100 מ""ל",false,12,7.50,0.48,false,1,
7290000136561,false,משקה בטעם תות בננה תריסר 1.5 ל' ג'אמפ,"טמפו משקאות בע""\מ",,,'יח,15,"ל-100 מ""ל",false,12,7.50,0.48,false,1,
7290000136585,false,משקה בטעם תפוזים תריסר 1.5 ל' ג'אמפ,"טמפו משקאות בע""\ם.",,,'יח,15,"ל-100 מ""ל",false,12,7.50,0.48,false,1,
7290000136646,false,בירה נשר מאלט ללא אלכוהול 1.5 ליטר,"טמפו משקאות בע""\מ",,,'יח,15,"ל-100 מ""ל",false,12,8.90,0.57,true,1,
7290000136653,false,בירה שחורה נשר מאלט דיאט בקבוק 1.5ל`,"טמפו משקאות בע""\מ",,,'יח,15,"ל-100 מ""ל",false,12,8.90,0.57,true,1,
7290000136684,false,פפסי מקס משקה מוגז דל קלוריות בטעם קולה,טמפו משקאות בע`מ,,,'יח,15,"ל-100 מ""ל",false,12,7.80,0.50,false,1,
7290000136776,false,שישיית פפסי מקס דל קלוריות 1.5 ליטר,טמפו משקאות בע`מ,,,'יח,90,"ל-100 מ""ל",false,1,39.90,0.42,false,1,
7290000136790,false,טמפו מי סודה 6*1.5 ליטר פיקדון,"טמפו משקאות בע""\מ",,,'יח,90,"ל-100 מ""ל",false,1,17.90,0.18,false,1,
7290000136806,false,סודה בטעם לימון ליים 1.5 רביעייה רביעייה,טמפו משקאות בע`מ,,,'יח,60,"ל-100 מ""ל",false,1,12.90,0.20,true,1,
7290000136837,false,רביעיית מי סודה נגיעות אפרסק טמפו 1.5 ליטר,טמפו משקאות בע''מn\,,,'יח,60,"ל-100 מ""ל",false,1,12.90,0.20,true,1,
7290000136844,false,מארז מים מזוככים אקווה נובה שישיית 2 ליטר,"טמפו משקאות בע""\מ",,,'יח,120,"ל-100 מ""ל",false,1,12.90,0.09,false,1,
7290000136868,false,סאן בנדטו - מים מינרלים - מארז שישיית 1.5 ליטר,אקווה מינרלה סאן בנדטו ב,,,'יח,90,"ל-100 מ""ל",false,1,18.90,0.19,false,1,
7290000136875,false,שישיית מים מינרליים מוגזים סן בנדטו 1.5 ליטר,סאן בנדטו San Benedetto,,,'יח,90,"ל-100 מ""ל",false,1,19.90,0.20,false,1,
7290000137513,false,גלידונית גלידה וניל בציפוי שוקולד 60 יח' קרמיסימו,"גלידת שטראוס בע""\מ, רחוב",,,'יח,7,ל-100 גרם,false,1,39.90,5.70,false,1,
7290000137643,false,שלגוני טעמקור בטעם שוקו וניל שטראוס 8*50 גרם,"גלידת שטראוס בע""\מ, רחוב",,,'יח,1,'יח,false,1,31.90,31.90,false,1,
7290000146997,false,משחת שיניים לילדים מסטיק טום וג'רי 50 מל,טרופיקל דגיל קוסמטיק,,,'יח,0.60,ל-100 גרם,false,24,8.90,14.83,false,1,
7290000166605,false,סיף פנטסטיק ניקיון כללי יסמין 4ליטר,יוניליוור ישראל שיווק בע`מ,,,'יח,4,לליטר,false,1,22.90,5.73,false,1,
7290000169798,false,"עוגי מופחת סוכר 20% פצפוצי שוקו' 500ג' בד""צ",יוניליוור ישראל שיווק בע`מ,,,'יח,5,ל-100 גרם,false,1,19.90,3.98,true,1,
7290000174723,false,שוקולית אבקה להכנת משקה שוקו 500 גרם,הנסיך- מפעל לייצור ט,,,'יח,5,ל-100 גרם,false,1,13.90,2.78,false,1,
7290000176079,false,קפה טורקי עם הל עלית (100 גרם),הנסיך- מפעל לייצור ט,,,'יח,1,,false,50,8.90,8.90,false,1,
7290000176116,false,קפה טורקי בוואקום עלית (1 קג),הנסיך- מפעל לייצור ט,,,'יח,10,"ק""ג",false,6,79.90,7.99,false,1,
7290000176420,false,קפה נמס פחית עלית 200 גרם,פיקסל אם.גי.אם בעמ,,,'יח,2,ל-100 גרם,false,12,19.90,9.95,false,1,
7290000176475,false,קפה נמס נטול קפאין האג עלית (200 גרם),שטראוס גרופ בע`מ,,,'יח,2,ל-100 גרם,false,1,34.90,17.45,false,1,
7290000178707,false,חטיף צ`יפס בטעם טבעי תפוצ`יפס (50 גרם),"שטראוס פריטו ליי בע""\מ )",,,'יח,0.50,ל-100 גרם,false,1,3.90,7.80,false,1,
7290000178721,false,חטיף צ`יפס בטעם טבעי תפוצ`יפס (200 גרם),"שטראוס פריטו ליי בע""\מ )",,,'יח,2,ל-100 גרם,false,1,10.90,5.45,true,1,
7290000187860,false,מגבוני טואלט לחים לילי דיספנסר 40יח',קימברלי קלארק ישראל שיווק בעמ,,,'יח,0.59,ל-100 גרם,false,16,7.90,13.39,false,1,
7290000188270,false,ממחטות אף אולטרה סופט קלינקס 2*80 יחידות,קימברלי קלארק ישראל שיווק בעמ,,,'יח,3.90,ל-100 גרם,false,12,14.90,3.82,false,1,
7290000191539,false,חמישיית ממחטות טישו צבועני לילי 100 יחידות,קימברלי קלארק ישראל שיווק בעמ,,,'יח,5.93,ל-100 גרם,false,1,12.90,2.18,false,1,
7290000193083,false,נובה-לי תחבושות היגייניות לילי 28 יחידות,קימברלי קלארק ישראל שיווק בעמ,,,'יח,0,ל-100 גרם,false,24,10.90,10.90,false,1,
7290000193540,false,מגן תחתון ארוך נטורל לילי 52 יחידות,קימברלי קלארק ישראל שיווק בעמ,,,'יח,0,ל-100 גרם,false,12,15.90,15.90,false,1,
7290000193656,false,תחבושות עם כנפיים סופר פלוס לילי 24 יחידות,קימברלי קלארק ישראל שיווק בעמ,,,'יח,0,ל-100 גרם,false,24,15.90,15.90,false,1,
7290000195537,false,האגיס - מגבוני האגיס דיילי קר לא מבושם 64 יח' * 4,קימברלי קלארק ישראל שיווק בעמ,,,'יח,1,'יח,false,6,19.90,19.90,false,1,
7290000195773,false,האגיס - מגבוני האגיס סנסטיב קר לא מבושם 64 יח' * 4,קימברלי קלארק ישראל שיווק בעמ,,,'יח,1,'יח,false,6,19.90,19.90,false,1,
7290000197340,false,"רדיד אלומניום ארוך 45 ס""מ רוחב ניקול 7.5 מטר",קימברלי קלארק ישראל שיווק בעמ,,,'יח,1,,false,12,14.90,14.90,false,1,
7290000197425,false,חיתולים פרידום דריי שלב 3 האגיס 52 יחידות,קימברלי קלארק ישראל שיווק בעמ,,,'יח,1,'יח,false,6,43.90,43.90,false,1,
7290000197432,false,שקיות אוכל סנדביצ'ון ניקול מארז 150X2יח',קימברלי קלארק ישראל שיווק בעמ,,,'יח,1,,false,18,12.90,12.90,false,1,
7290000197463,false,חיתולים פרידום דריי שלב +4 האגיס 40 יחידות,קימברלי קלארק ישראל שיווק בעמ,,,'יח,1,'יח,false,6,43.90,43.90,false,1,
7290000197470,false,שקיות רב שימושיות מתכלות ניקול 250 יחידות,קימברלי קלארק ישראל שיווק בעמ,,,'יח,1,,false,24,13.90,13.90,false,1,
7290000197548,false,חיתולים פרידום דריי שלב 5 האגיס 36 יחידות,קימברלי קלארק ישראל שיווק בעמ,,,'יח,1,'יח,false,6,43.90,43.90,false,1,
7290000197678,false,חיתולי האגיס פרידום דריי שלב 6 30 יחידות,קימברלי קלארק ישראל שיווק בעמ,,,'יח,1,'יח,false,6,43.90,43.90,false,1,
7290000197982,false,"רדיד אלומיניום עבה 45 ס""מ רוחב ניקול 2 יח' 7.5 מטר",קימברלי קלארק ישראל שיווק בעמ,,,'יח,1,,false,12,19.90,19.90,false,1,
7290000197999,false,רדיד אלומיניום עבה ניקול זוגי 30X7.5מ',קימברלי קלארק ישראל שיווק בעמ,,,'יח,1,,false,12,14.90,14.90,false,1,
7290000199313,false,תחבושות עם כנפיים נורמל פלוס קוטקס 30 יחידות,קימברלי קלארק ישראל שיווק בעמ,,,'יח,0,ל-100 גרם,false,16,15.90,15.90,false,1,
7290000204147,false,רביעיית כרית יפנית עבה ניקול 4 יחידות,קימברלי קלארק ישראל שיווק בעמ,,,'יח,1,,false,24,10.90,10.90,true,1,
7290000207063,false,רסק עגבניות פריכוז 28% 240 גרם יכין,היינץ צפון אמריקה מק,,,'יח,1,ל-100 גרם,false,1,4.90,4.90,false,1,
7290000207162,false,רוטב עגבניות מרכיב טבעי 100 ג' יכין,זנלכול יכין,,,'יח,1,ל-100 גרם,false,1,2.90,2.90,true,1,
7290000207438,false,עגבניות מקולפות חתוכות לקוביות,זנלכול יכין,,,'יח,8,ל-100 גרם,false,1,9.90,1.24,false,1,
7290000208022,false,עגבניות 2.5 A מרוסקות 850 גרם יכין,זנלכול יכין,,,'יח,8,ל-100 גרם,false,1,9.90,1.24,false,1,
7290000208077,false,אפונת גינה גדולה יכין (550 גרם),זנלכול יכין,,,'יח,5.60,ל-100 גרם,false,1,8.90,1.59,true,1,
7290000208114,false,"אפונה וגזר יכין A2 פ""ק בית יוסף",זנלכול יכין,,,'יח,5.50,ל-100 גרם,false,1,8.90,1.62,true,1,
7290000208138,false,סירופ דיאט בטעם ענבים יכין (1 ליטר),זנלכול יכין,,,'יח,1,,false,1,18.90,18.90,false,1,
7290000208213,false,שעועית לבנה אפויה A2 ברוטב עגבניות יכין 560ג',היינץ צפון אמריקה מק,,,'יח,5.80,ל-100 גרם,false,1,8.90,1.53,true,1,
7290000208220,false,שעועית צ`ילי מקסיקני חריף יכין (550 גרם),היינץ צפון אמריקה מק,,,'יח,5.50,ל-100 גרם,false,1,9.90,1.80,false,1,
7290000208329,false,גרעיני תירס מתוק יכין (550 גרם),זנלכול יכין,,,'יח,5.50,ל-100 גרם,false,1,8.90,1.62,true,1,
7290000208343,false,עגבניות מרוסקות שום יכין A2.5 בית יוסף,היינץ צפון אמריקה מק,,,'יח,8,ל-100 גרם,false,1,9.90,1.24,false,1,
7290000208350,false,עגבניות מרוסקות עם בצל יכין (800 גרם),זנלכול יכין,,,'יח,8,ל-100 גרם,false,1,9.90,1.24,false,1,
7290000208367,false,עגבניות מרוסקות בזיליקום יכין A2.5 בית יוסף,זנלכול יכין,,,'יח,8,ל-100 גרם,false,1,9.90,1.24,false,1,
7290000208428,false,גרגרי חומוס שלם 550 גרם יכין,היינץ צפון אמריקה מק,,,'יח,5.60,ל-100 גרם,false,1,8.90,1.59,true,1,
7290000208459,false,"לקט אפונה, תפוחי אדמה וגזר יכין 550 גרם",זנלכול יכין,,,'יח,5.50,ל-100 גרם,false,1,9.90,1.80,false,1,
7290000208800,false,תירס קיד גרעיני תירס מתוק יכין (400 גרם),זנלכול יכין,,,'יח,5.50,ל-100 גרם,false,1,6.50,1.18,true,1,
7290000208855,false,רוטב לפסטה קלאסי יכין (240 גרם),זנלכול יכין,,,'יח,2.60,ל-100 גרם,false,1,5.90,2.27,true,1,
7290000208893,false,גרעיני תירס מתוק לייט 400 גרם יכין,היינץ צפון אמריקה מק,,,'יח,3.40,ל-100 גרם,false,1,6.50,1.91,true,1,
7290000208930,false,עגבניות מרוסקות בתוספת שום 240 גרם יכין,זנלכול יכין,,,'יח,2.60,ל-100 גרם,false,1,5.90,2.27,true,1,
7290000208947,false,עגבניות מרוסקות יכין (240 גרם),היינץ צפון אמריקה מק,,,'יח,2.60,ל-100 גרם,false,1,5.90,2.27,false,1,
7290000208978,false,רוטב עגבניות (10028% גרם)פריכוז יכין,זנלכול יכין,,,'יח,1,ל-100 גרם,false,1,2.90,2.90,false,1,
7290000209371,false,מארז גרעיני תירס מתוק יכין (200x3 גרם),היינץ צפון אמריקה מק,,,'יח,1.65,ל-100 גרם,false,1,14.90,9.03,false,1,
7290000209388,false,תירס מתוק לייט יכין 200 גרם מארז 3 יח',זנלכול יכין,,,'יח,1.65,ל-100 גרם,false,1,14.90,9.03,false,1,
7290000209524,false,סירופ דיאט בטעם פטל יכין (1 ליטר),זנלכול יכין,,,'יח,1,,false,1,18.90,18.90,false,1,
7290000209708,false,עגבניות מרוסקות עם בזיליקום 240 גרם יכין,היינץ צפון אמריקה מק,,,'יח,2.60,ל-100 גרם,false,1,5.90,2.27,true,1,
7290000210469,false,עגבניות שלמות מקולפות יכין (800 גרם),זנלכול יכין,,,'יח,5.70,ל-100 גרם,false,1,9.90,1.74,false,1,
7290000210896,false,רוטב לפסטה בולונז 240 גרם יכין,זנלכול יכין,,,'יח,2.60,ל-100 גרם,false,1,5.90,2.27,true,1,
7290000211312,false,סוגת אורז מלא פרסי אחד אחד 1 קג,האי נאם סי או אל.טי.,,,'יח,10,ל-100 גרם,false,1,8.90,0.89,false,1,
7290000211442,false,אורז בסגנון פרסי קלאסי סוגת (1 קג),האי נאם סי או אל.טי.,,,'יח,10,ל-100 גרם,false,1,10.90,1.09,false,1,
7290000211626,false,חיש אורז אחד אחד 1 קג,"סוגת תעשיות בע""\מ",,,'יח,10,ל-100 גרם,false,1,8.90,0.89,false,1,
7290000211985,false,אורז עגול ריזוטו אחד אחד 1 קג,"סוגת תעשיות בע""\מ",,,'יח,10,ל-100 גרם,false,1,9.90,0.99,false,1,
7290000212579,false,וופלים מצופים מנעמים 800 גרם מארז 40 יחידות,ח.כהן סוכנות מזון ומשקאות,,,'יח,8,ל-100 גרם,false,1,17.90,2.24,false,1,
7290000238029,false,"בצק עלים צרפתי מרודד מעדנות 1 ק""ג",תנובה מרכז שיתופי לשיווק תוצרת,,,'יח,10,ל-100 גרם,false,9,21.90,2.19,false,1,
7290000238036,false,מלאווח מעדנות 6 יח`700 גרם קפוא,תנובה מרכז שיתופי לשיווק תוצרת,,,'יח,7,ל-100 גרם,false,16,16.90,2.41,false,1,
7290000244051,false,"הוואי שלישיית סבון נוזלי משב טרופי 500 מ""ל",הנקל סוד בע`מ,,,'יח,1.50,לליטר,false,8,18.90,12.60,true,1,
7290000244143,false,קרם הוואי לאחר גילוח+ לחות 120 מ``ל,טרופיקל דגיל קוסמטיק,,,'יח,1.20,ל-100 גרם,false,12,17.90,14.92,true,1,
7290000244761,false,"קרם ידיים ולווטה 100 מ""ל",טרופיקל דגיל קוסמטיק,,,'יח,0.80,ל-100 גרם,false,1,9.90,12.38,true,1,
7290000245072,false,סוד מרכך כביסה בייבי סנסטיב 4 ליטר,גורי שיווק בעמ,,,'יח,40,"ל-100 מ""ל",false,1,17.90,0.45,false,1,
7290000253220,false,שוקולדצ`יפס לאפייה 260 גר`אופנהיימר,תה ויסוצקי (ישראל) בעמ,,,'יח,2.60,ל-100 גרם,false,1,12.90,4.96,false,1,
7290000263359,false,חיתולים ליטל בייביז מידה 1 האגיס 40 יחידות,קימברלי קלארק ישראל שיווק בעמ,,,'יח,1,'יח,false,6,31.90,31.90,false,1,
7290000272696,false,מיץ לימון טבעי משומר 1 ליטר עסיס כלפ,קבוצת אוסם סחר שותפות מוגבלת,,,'יח,10,"ל-100 מ""ל",false,1,9.90,0.99,false,1,
7290000286228,false,ספוגיות לניקוי כללי סנו סושי 6 יחידות,החברה הדרומית לשיווק בעמ,,,'יח,1,,false,12,11.90,11.90,false,1,
7290000286525,false,סנו ספוג פרינה לרחצה 1 יח`,החב. הדרומית לשיווק,,,'יח,0,ל-100 גרם,false,12,10.90,10.90,false,1,
7290000286761,false,ניילון נצמד סנו סושי פלסטיק מארז 30X2 מ',החברה הדרומית לשיווק בעמ,,,'יח,1,,false,12,11.90,11.90,false,1,
7290000287195,false,"סנו רהיט ספריי עשיר בווקס להברקה 305 מ""ל",החברה הדרומית לשיווק בעמ,,,'יח,3.05,"ל-100 מ""ל",false,1,14.90,4.89,false,1,
7290000287430,false,סנובון צבעוני לאסלה בריח לימון שלישייה,החברה הדרומית לשיווק בעמ,,,'יח,1.65,ל-100 גרם,false,12,11.90,7.21,false,1,
7290000288024,false,סנו - ז'אוול אקונומיקה בריח לימון 4 ליטר,החברה הדרומית לשיווק בעמ,,,'יח,40,"ל-100 מ""ל",false,6,16.90,0.42,false,1,
7290000288031,false,"אקונומיקה תו תקן 4 ליטר ""סנו""",החברה הדרומית לשיווק בעמ,,,'יח,4,לליטר,false,6,10.90,2.73,false,1,
7290000288086,false,אבקת ניקוי עם אקונומיקה בריח לימון סנו ז'אוול 600 ג',החברה הדרומית לשיווק בעמ,,,'יח,6,ל-100 גרם,false,1,11.90,1.98,false,1,
7290000289472,false,סנו סושי רב שקית שקיות אשפה90*76 50י,החברה הדרומית לשיווק בעמ,,,'יח,1,,false,15,24.90,24.90,false,1,
7290000289496,false,"סנו - ז'אוול ג'ל קרם לניקוי כללי לימון 750 מ""ל",החברה הדרומית לשיווק בעמ,,,'יח,7.50,"ל-100 מ""ל",false,12,12.90,1.72,false,1,
7290000291932,false,"סנובון נוזל לניקוי אסלה בניחוח לבנדר סנו 750 מ""ל",החברה הדרומית לשיווק בעמ,,,'יח,7.50,"ל-100 מ""ל",false,12,10.90,1.45,true,1,
7290000292137,false,"נוזל לניקוי וטיפול מוצרי עור סנו 500 מ""ל",החברה הדרומית לשיווק בעמ,,,'יח,5,"ל-100 מ""ל",false,1,29.90,5.98,false,1,
7290000292687,false,סנובון מוצק לניקוי אסלה קלאסיק כחול סנו 3 יחידות,החברה הדרומית לשיווק בעמ,,,'יח,1.65,ל-100 גרם,false,12,14.90,9.03,false,1,
7290000293943,false,"מרסס לבן מסיר אבנית 1 ליטר אנטי קאלק ""סנו""",החברה הדרומית לשיווק בעמ,,,'יח,10,"ל-100 מ""ל",false,12,19.90,1.99,true,1,
7290000294773,false,אקונומיקה בריח לבנדר סנו ז'אוול 4 ליטר,החברה הדרומית לשיווק בעמ,,,'יח,4,לליטר,false,1,16.90,4.23,false,1,
7290000294780,false,אקונומיקה סמיכה בריח לימון סנו ז'אוול 4 ליטר,החברה הדרומית לשיווק בעמ,,,'יח,40,"ל-100 מ""ל",false,6,16.90,0.42,false,1,
7290000295121,false,מטליות זיגזג סנו סושי לניקוי רצפות 3יח',החברה הדרומית לשיווק בעמ,,,'יח,1,,false,1,11.90,11.90,false,1,
7290000295299,false,סנו סושי כריות הפלא רב תכלתיות רביעייה,החברה הדרומית לשיווק בעמ,,,'יח,1,,false,12,11.90,11.90,false,1,
7290000300900,false,שניצל תירס מרכיבים טבעיים טבעול 750 גרם,קבוצת אוסם סחר שותפות מוגבלת,,,'יח,7.50,ל-100 גרם,false,1,27.90,3.72,true,1,
7290000303581,false,פול מצרי פרי הגליל 560 גרם,ויטה -פרי גליל (החדשה) בעמ,,,'יח,3.40,ל-100 גרם,false,1,7.90,2.32,true,1,
7290000303598,false,שעועית לבנה ברוטב עגבניות פרי הגליל 570 גרם,ויטה -פרי גליל (החדשה) בעמ,,,'יח,5.70,ל-100 גרם,false,1,7.90,1.39,true,1,
7290000303604,false,חומוס גרגירים 560 ג' פרי הגליל,ויטה- פרי גליל (החדשה) בעמ,,,'יח,5.50,ל-100 גרם,false,1,7.90,1.44,true,1,
7290000307015,false,אפונת גינה בינונית פרי הגליל 550 גרם,ויטה פרי גליל (החדשה) בע`מ,,,'יח,5.50,ל-100 גרם,false,1,7.90,1.44,true,1,
7290000307046,false,אפונת גינה וגזר פרי הגליל 550 גרם,ויטה -פרי גליל (החדשה) בעמ,,,'יח,5.50,ל-100 גרם,false,1,7.90,1.44,true,1,
7290000307237,false,גרעיני תירס מתוק פרי הגליל 550 גרם,ויטה פרי גליל (החדשה) בע`מ,,,'יח,5.50,ל-100 גרם,false,1,7.90,1.44,true,1,
7290000307343,false,שעועית ירוקה חתוכה פרי הגליל 550 גרם,ויטה פרי גליל (החדשה) בע`מ,,,'יח,5.50,ל-100 גרם,false,1,6.90,1.25,false,1,
7290000307800,false,פול ירוק מוקפא פרי גליל 800ג',ויטה -פרי גליל (החדשה) בעמ,,,'יח,8,ל-100 גרם,false,20,10.90,1.36,false,1,
7290000311203,false,"וופלים בטעם שוקולד ""מן"" 200 גרם",רוקחמן בעמ מפעל לייצור ופלים ו,,,'יח,2,ל-100 גרם,false,1,4.90,2.45,false,1,
7290000311210,false,"וופלים בטעם לימון ""מן"" 200 גרם",רוקחמן בעמ מפעל לייצור ופלים ו,,,'יח,2,ל-100 גרם,false,1,4.90,2.45,false,1,
7290000311227,false,"וופלים במילוי קרם קפה ""מן"" 200 גרם",ח.כהן סוכנות מזון ומשקאות בע,,,'יח,2,ל-100 גרם,false,1,4.90,2.45,false,1,
7290000311272,false,מן-וופלים במילוי חלווה 180 ג,מ.ד אטיאס סוכנויות מזון בע`מ,,,'יח,1.80,ל-100 גרם,false,1,4.90,2.72,false,1,
7290000311500,false,וופלים מן שוקו ללא כולסטרול 500 גרם,רוקחמן בעמ מפעל לייצור ופלים ו,,,'יח,5,ל-100 גרם,false,1,10.90,2.18,false,1,
7290000313160,false,זהבה ושלושת הדובים עוגיות בטעם שוקולד אסם 350 גרם,קבוצת אוסם סחר שותפות מוגבלת,,,'יח,2.50,ל-100 גרם,false,12,7.90,3.16,true,1,
7290000313184,false,עוגיות חברים גן חיות וניל אסם 250 גר',קבוצת אוסם סחר שותפות מוגבלת,,,'יח,2.50,ל-100 גרם,false,1,7.90,3.16,false,1,
7290000315126,false,קנור ציר עוף משחתי 300 ג,יוניליוור ישראל שיווק בע`מ,,,'יח,3,ל-100 גרם,false,1,26.70,8.90,false,1,
7290000318103,false,פסטרמה ברביקיו מעדניה,מעדני יחיעם ( 1993 ) בע`מ,,,"ק""ג",10,ל-100 גרם,true,1,69,6.90,true,1,
7290000318165,false,פסטרמה אמיתית צלויה על גחלים מעדניה,מעדני יחיעם ( 1993 ) בע`מ,,,"ק""ג",10,ל-100 גרם,true,1,69,6.90,true,1,
7290000318707,false,נקניק סלמי מעושן יחיעם 500 גרם,מעדני יחיעם ( 1993 ) בע`מ,,,'יח,5,ל-100 גרם,false,1,34.90,6.98,true,1,
7290000318851,false,נקניק סלמי קוניאק מעדניה,מעדני יחיעם ( 1993 ) בע`מ,,,"ק""ג",1,,true,1,79,79,true,1,
7290000319124,false,סלמי סרוולט מאפ יחיעם 250 גרם,מעדני יחיעם ( 1993 ) בע`מ,,,'יח,2.50,ל-100 גרם,false,1,34.90,13.96,false,1,
7290000319728,false,נקניק איטלקי מפולפל מעדניה,מעדני יחיעם ( 1993 ) בע`מ,,,"ק""ג",10,ל-100 גרם,true,1,79,7.90,true,1,
7290000319803,false,קבנוס קלאסי יחיעם (125 גרם),מעדני יחיעם ( 1993 ) בע`מ,,,'יח,1.25,ל-100 גרם,false,1,14.90,11.92,true,1,
7290000319834,false,קבנוס פפרוני יחיעם (125 גרם),מעדני יחיעם ( 1993 ) בע`מ,,,'יח,1.25,ל-100 גרם,false,1,14.90,11.92,true,1,
7290000327075,false,סודה בטעם למון ליים 500 מל בקבוק שישייה,"טמפו משקאות בע""\מ",,,'יח,5,"ל-100 מ""ל",false,1,16.90,3.02,false,1,
7290000327778,false,טמפו סודה אבטיח 1.5 ליטר,טמפו משקאות בע`מ,,,'יח,15,"ל-100 מ""ל",false,1,4.90,0.31,false,1,
7290000339191,false,רן אבקת הלבנה לכביסה 350 גרם,יוניליוור ישראל שיווק בע`מ,,,'יח,3.50,ל-100 גרם,false,1,21.90,6.26,false,1,
7290000339566,false,מרכך כביסה ורוד בדין (4 ליטר),יוניליוור ישראל שיווק בע`מ,,,'יח,40,"ל-100 מ""ל",false,1,19.90,0.50,false,1,
7290000339887,false,"משחת כלים סיף קלין לימון 5 3 ק""ג",יוניליוור ישראל שיווק בע`מ,,,'יח,3.50,"ק""ג",false,1,31.90,9.11,false,1,
7290000345048,false,תה עלים 74 פחית 125 גרם,תה ויסוצקי (ישראל) בעמ,,,'יח,1.25,ל-100 גרם,false,1,13.90,11.12,false,1,
7290000345055,false,תה עלים ארל גריי ויסוצקי 100 גרם,תה ויסוצקי (ישראל) בעמ,,,'יח,1,,false,1,14.90,14.90,false,1,
7290000345116,false,תה ירוק עלים ויסוצקי (125 גרם),תה ויסוצקי (ישראל) בעמ,,,'יח,1.25,ל-100 גרם,false,1,14.90,11.92,false,1,
7290000345215,false,תה כחול קלאסיק ויסוצקי 100 יחידות,תה ויסוצקי (ישראל) בעמ,,,'יח,1,,false,1,16.90,16.90,false,1,
7290000345260,false,תה קלאסיק מעטפות ויסוצקי 25 יחידות,תה ויסוצקי (ישראל) בעמ,,,'יח,0.3750,ל-100 גרם,false,1,7.40,19.73,false,1,
7290000345284,false,תה ויסוצקי קלאסי אריזה ירוקה מרובעת (100 שקיקים),תה ויסוצקי (ישראל) בעמ,,,'יח,1.50,ל-100 גרם,false,1,16.90,11.27,false,1,
7290000345291,false,תה ארל גרי 1.5/ 25 שקיקים ויסוצקי,תה ויסוצקי (ישראל) בעמ,,,'יח,0.3750,ל-100 גרם,false,1,15.90,42.40,false,1,
7290000345307,false,תה ארל גרי 1.5/ 50 שקיקים ויסוצקי,תה ויסוצקי (ישראל) בעמ,,,'יח,0.75,ל-100 גרם,false,1,29.90,39.87,false,1,
7290000346120,false,חליטת קינמון הגן הקסום ויסוצקי 25 יחידות,תה ויסוצקי (ישראל) בעמ,,,'יח,0.6250,ל-100 גרם,false,1,19.90,31.84,true,1,
7290000346137,false,חליטת הילולי פירות הגן הקסום ויסוצקי 25 יחידות,תה ויסוצקי (ישראל) בעמ,,,'יח,0.6250,ל-100 גרם,false,1,19.90,31.84,true,1,
7290000346199,false,חליטת פירות יער הגן הקסום ויסוצקי 25 יחידות,תה ויסוצקי (ישראל) בעמ,,,'יח,0.6750,ל-100 גרם,false,1,19.90,29.48,true,1,
7290000346205,false,חליטת קמומיל הגן הקסום ויסוצקי 25 יחידות,תה ויסוצקי (ישראל) בעמ,,,'יח,0.3750,ל-100 גרם,false,1,19.90,53.07,true,1,
7290000347738,false,תה ירוק בתוספת עלי נענע 25 שקיקים,תה ויסוצקי (ישראל) בעמ,,,'יח,0.3750,ל-100 גרם,false,1,22.90,61.07,true,1,
7290000347752,false,תה ירוק לימונית ולואיזה 25 שקיקים *1.5 ג'' ויסוצקי,תה ויסוצקי (ישראל) בעמ,,,'יח,0.3750,ל-100 גרם,false,1,22.90,61.07,true,1,
7290000355399,false,רוטב עגבניות תיבול עדין טל 800 גרם,ויטה פרי גליל (החדשה) בע`מ,,,'יח,8,ל-100 גרם,false,12,7.90,0.99,true,1,
7290000355757,false,עגבניות מרוסקות טריות טל 800 גרם,ויטה -פרי גליל (החדשה) בעמ,,,'יח,8,ל-100 גרם,false,12,7.90,0.99,true,1,
7290000363363,false,קבנוס נקניק מעושן יבש 160 גרם,תנובה מרכז שיתופי לשיווק תוצרת,,,'יח,1.60,ל-100 גרם,false,1,17.10,10.69,false,1,
7290000364261,false,"דקניקים, סלסולי פסטרמה כתף בקר מעושנת 120 גרם",תנובה מרכז שיתופי לשיווק תוצרת,,,'יח,1.20,ל-100 גרם,false,1,15.90,13.25,true,1,
7290000364278,false,דקניקים סלסולי סלמי איטלקי משובח טירת צבי 120 גרם,תנובה מרכז שיתופי לשיווק תוצרת,,,'יח,1.20,ל-100 גרם,false,1,15.90,13.25,true,1,
7290000364285,false,דקניקים סלסולי פסטרמה הודו טירת צבי 120 גרם,תנובה מרכז שיתופי לשיווק תוצרת,,,'יח,1.20,ל-100 גרם,false,1,15.90,13.25,true,1,
7290000364292,false,דקניקים סלסולי פסטרמה הודו על גחלים 1% טירת צבי 120 גרם,תנובה מרכז שיתופי לשיווק תוצרת,,,'יח,1.20,ל-100 גרם,false,1,15.90,13.25,true,1,
7290000367590,false,פסטרמה כפרית וסלמי פריזר כפרי טירת צבי 2*400 גרם,תנובה מרכז שיתופי לשיווק תוצרת,,,'יח,8,ל-100 גרם,false,1,26.90,3.36,false,1,
7290000408354,false,יוגורט עם אורז מצופה שוקולד קקאו 175 ג' דנונה,שטראוס גרופ בעמ/מצונן,,,'יח,1.75,"ל-100 מ""ל",false,24,4.60,2.63,false,1,
7290000412481,false,נוזל לניקוי אסלות 00 סנו (1 ליטר),החברה הדרומית לשיווק בעמ,,,'יח,10,"ל-100 מ""ל",false,12,7.90,0.79,false,1,
7290000420325,false,"פופסטאר פופקורן למקירוגל בטעם טבעי 5 שקיות,500 גרם","דנשר (1963) בע,מ",,,'יח,5,ל-100 גרם,false,1,14.90,2.98,false,1,
7290000420417,false,גלילונית שקיות אשפה 52X65 עם שרוך 60 יחידות,"איטיליאן פוד, אס.פי.",,,'יח,1,,false,1,18.90,18.90,false,1,
7290000442044,false,פמינה תחליב רחצה אינטימי חמוציות 220 מל,גורי ע.ע.ע. בע`מ,,,'יח,0,ל-100 גרם,false,1,24.90,24.90,false,1,
7290000449128,false,סיף פנטסטיק לימון ניקוי רב תכליתי 4ל',יוניליוור ישראל שיווק בע`מ,,,'יח,40,"ל-100 מ""ל",false,1,22.90,0.57,false,1,
7290000453385,false,שמרים יבשים פארא אינסטנט 500 גרם עלית,שטראוס גרופ בע`מ,,,'יח,5,ל-100 גרם,false,20,11.90,2.38,false,1,
7290000453880,false,מרגרינה ללא מלח לאפיה ובישול שמרית 200גר,שטראוס גרופ בעמ (ח),,,'יח,2,ל-100 גרם,false,40,4.90,2.45,false,1,
7290000453897,false,מרגרינה בטעם חמאה שמרית 200 גרם,גרונבאנג- גרונדנסק א,,,'יח,2,ל-100 גרם,false,40,4.90,2.45,false,1,
7290000461625,false,בייגלה שמיניות מלח בייגל בייגל 400 ג',יוניליוור ישראל שיווק בע`מ,,,'יח,4,ל-100 גרם,false,1,9.90,2.48,false,1,
7290000461700,false,בייגלה שמיניות גדולות מלוחות 400 גרם,יוניליוור ישראל שיווק בע`מ,,,'יח,4,ל-100 גרם,false,1,13.90,3.48,false,1,
7290000474090,false,"חלב בקרטון 1%- 1 ליטר בד""צ - מוצר בפיקוח",*החברה המרכזית להפצת משקאותבעמ,,,'יח,10,"ל-100 מ""ל",false,1,5.86,0.59,false,1,
7290000474540,false,גבינה טוב טעם 3% טרה 250ג' מהדרין,החברה המרכזית טלהפצת משקאות בע,,,'יח,2.50,ל-100 גרם,false,1,11.90,4.76,false,1,
7290000480442,false,קוואקר שיבולת שועל בשקית 500 גרם,שטראוס פריטו ליי בע`מ,,,'יח,5,ל-100 גרם,false,1,12.90,2.58,false,1,
7290000493176,false,אסם אבקת רוטב צלי לבשר 22 ג',קבוצת אוסם סחר שותפות מוגבלת,,,'יח,0.22,ל-100 גרם,false,1,4.20,19.09,false,1,
7290000504049,false,סוכרזית קלאסי קנקן 1200 טבליות,אף.סי תבליני בגליל ב,,,'יח,9.84,ל-100 גרם,false,15,19.90,2.02,false,1,
7290000504278,false,ממתיק סוכרזית אריזת פטנט 700 טבליות,אף.סי תבליני בגליל ב,,,'יח,57.40,ל-100 גרם,false,15,14.90,0.26,false,1,
7290000518114,false,מתוק וקל אבקה ללא סודיום 200 גרם,מתוק וקל בע`מ,,,'יח,2,ל-100 גרם,false,1,7.90,3.95,false,1,
7290000518152,false,ממתיק זהב מתוק וקל 50 שקיות,מתוק וקל בע`מ,,,'יח,0.25,ל-100 גרם,false,1,7.40,29.60,false,1,
7290000521008,false,יין אדום יבש של סגל (750 מל),"כרמי צבי - אחים סגל בע""\",,,'יח,7.50,"ל-100 מ""ל",false,1,21.90,2.88,true,1,
7290000521015,false,יין לבן יבש של סגל (750 מל),פארייפאבה אגרואינדוס,,,'יח,7.50,"ל-100 מ""ל",false,1,21.90,2.88,true,1,
7290000521022,false,יין לבן חצי יבש של סגל (750 מל),פארייפאבה אגרואינדוס,,,'יח,7.50,"ל-100 מ""ל",false,1,21.90,2.88,true,1,
7290000521404,false,"יין מרום גליל קברנה סוביניון סינגל 750 מ""ל",תאי פרזידנט פוד פאבל,,,'יח,7.50,"ל-100 מ""ל",false,1,29.90,3.95,false,1,
7290000523514,false,מלח ים יבש מופחת נתרן מלח הארץ (250 גרם),"חברת מלח הארץ אילת בע""\מ",,,'יח,2.50,ל-100 גרם,false,1,10.90,4.36,false,1,
7290000523804,false,"מלח עדין צנצנת 1 ק""ג מלח הארץ","חברת מלח הארץ אילת בע""\מ",,,'יח,10,ל-100 גרם,false,1,7.50,0.75,false,1,
7290000525969,false,מיץ תפוזים סחוט רכיבים טבעיים פרימור 1 ליטר,שטראוס גרופ בעמ/מצונן,,,'יח,10,"ל-100 מ""ל",false,6,16.20,1.59,false,1,
7290000530086,false,נקניק סלמי מעושן 7000 זוגלובק (600 גרם),נקניק נהריה כשר זוגל,,,'יח,8,ל-100 גרם,false,1,29.90,3.74,false,1,
7290000530116,false,נקניק סלמי מעושן בשן 470 ג' זוגלובק,נקניק נהריה כשר זוגל,,,'יח,7,ל-100 גרם,false,1,27.80,3.97,false,1,
7290000530291,false,נקניק מבשר הודו קטן זוגלובק 750 גרם,נקניק נהריה כשר זוגל,,,'יח,8,ל-100 גרם,false,1,21.30,2.66,false,1,
7290000530413,false,המבורגר זהב זוגלובק 400 גרם,נקניק נהריה כשר זוגל,,,'יח,4,ל-100 גרם,false,1,21.90,5.48,true,1,
7290000530703,false,פסטרמה חרמון כפרית ונקניק תה מעושן זוגלובק 2*400 גרם,נקניק נהריה כשר זוגל,,,'יח,8,ל-100 גרם,false,1,29.90,3.74,false,1,
7290000531601,false,סטייק בורגר בקר זהב 400 גרם קפוא,נקניק נהריה כשר זוגל,,,'יח,4,ל-100 גרם,false,1,21.90,5.48,true,1,
7290000536743,false,שניצלונים קריספי ט. תירס 500 גר' זוגלובק,נקניק נהריה כשר זוגל,,,'יח,5,ל-100 גרם,false,12,14.90,2.98,true,1,
7290000538709,false,נקניק סלמי תה מעושן זוגלובק 200 גרם,נקניק זוגלובק נהריה,,,'יח,2,ל-100 גרם,false,1,14.90,7.45,false,1,
7290000552194,false,קישקע קפוא טיבון ויל (500 גרם),טיבון ויל אחזקות בעמ,,,'יח,5,ל-100 גרם,false,1,12.90,2.58,false,1,
7290000554471,false,נקניק מוצרלה 22 אחוז 180גרם גד מהדרין,מחלבות גד שיווק 1992 בעמ,,,'יח,1.80,ל-100 גרם,false,1,15.90,8.83,false,1,
7290000561202,false,גרעינים חמניה 200 גרם פיצוחי חממה,בוטנת בעמ חברה לקלייה ואריזת פ,,,'יח,2,ל-100 גרם,false,1,5.90,2.95,true,1,
7290000561233,false,בוטן קלוף קלוי פיצוחי חממה (200 גרם),בוטנת בעמ חברה לקלייה ואריזת פ,,,'יח,2,ל-100 גרם,false,1,7.90,3.95,true,1,
7290000561240,false,גרעיני דלעת 200 גרם פיצוחי חממה,בוטנת בעמ חברה לקלייה ואריזת פ,,,'יח,2,ל-100 גרם,false,1,9.60,4.80,false,1,
7290000561561,false,מנצ`יס פיצוחי חממה (200 גרם),בוטנת בעמ חברה לקלייה ואריזת פ,,,'יח,2,ל-100 גרם,false,1,8.90,4.45,true,1,
7290000561585,false,קבוקים 200 גרם פיצוחי חממה,בוטנת בעמ חברה לקלייה ואריזת פ,,,'יח,2,ל-100 גרם,false,1,5.30,2.65,false,1,
7290000561981,false,אגוז מלך קלוף פיצוחי חממה (200 גרם),בוטנת בעמ חברה לקלייה ואריזת פ,,,'יח,2,ל-100 גרם,false,1,14.90,7.45,false,1,
7290000572536,false,אחווה חלווה ווניל במגש 400 גר,אחדות ביתחרושת לטחינה חלבה,,,'יח,4,ל-100 גרם,false,1,11.90,2.98,false,1,
7290000572543,false,חלוה בטעם שוקו וניל אחווה 400 גרם,אחדות ביתחרושת לטחינה חלבה,,,'יח,4,ל-100 גרם,false,1,11.90,2.98,false,1,
7290000599946,false,ספוג הפלא שייני 6 יחידות,מ.א.ייצור ויבוא מטליות בעמ,,,'יח,1,,false,1,7.40,7.40,false,1,
7290000663036,false,פילה אמנון קפוא ללא עור 100% דג תנובה,תנובה מרכז שיתופי לשיווק תוצרת,,,"ק""ג",1,ל-100 גרם,true,1,34.90,34.90,false,1,
7290000692227,false,נוזל כלים פלמוליב צילינדר קלאסי 1 ליטר,יבואן ומשווק: ש. שסט,,,'יח,10,"ל-100 מ""ל",false,1,13.90,1.39,false,1,
7290001045633,false,פרימור מיץ לימון ונענע סחוט טרי 400מל,שטראוס גרופ בעמ/מצונן,,,'יח,4,"ל-100 מ""ל",false,8,8.20,1.98,false,1,
7290001045688,false,"מיץ תפוזים סחוט פרימור 400 מ""ל",שטראוס גרופ בעמ/מצונן,,,'יח,4,"ל-100 מ""ל",false,8,8.20,1.98,false,1,
7290001121054,false,צמד חמד פסטרמה וסלמי יחיעם 700 גרם,מעדני יחיעם ( 1993 ) בע`מ,,,'יח,8.50,ל-100 גרם,false,1,25.90,3.05,true,1,
7290001121238,false,קורנדביף 4% שומן יחיעם (180 גרם).,מעדני יחיעם ( 1993 ) בע`מ,,,'יח,1.80,ל-100 גרם,false,1,24.90,13.83,true,1,
7290001121795,false,נקניקיות עוף חריפות יחיעם 400 גרם,מעדני יחיעם ( 1993 ) בע`מ,,,'יח,4,ל-100 גרם,false,1,14.90,3.73,false,1,
7290001123775,false,שווארמה אמיתית פרגיות טיבון ויל 500 גרם,"טיבול ויל אחזקות בע""",,,'יח,5,ל-100 גרם,false,12,24.90,4.98,false,1,
7290001216040,false,טחינה גולמית שומשום טהור אל ארז 500 גרם,אגס ירוק מסחר ושירותים,,,'יח,1,'יח,false,1,15.90,15.90,false,1,
7290001327180,false,שטראוס קרמיסימו וניל ציפ 1.33 ליטר,"גלידת שטראוס בע""\מ, רחוב",,,'יח,13.30,"ל-100 מ""ל",false,1,19.90,1.50,false,1,
7290001343845,false,תערובת מיזלי עם פירות מיובשים 1 קג,דין שיווק וקליה 2021 בעמ,,,'יח,10,ל-100 גרם,false,1,21.90,2.19,false,1,
7290001407769,false,טחינה גולמית בארכה שומשום מלא 500 גרם,קבוצת אוסם סחר שותפות מוגבלת,,,'יח,5,ל-100 גרם,false,1,16.90,3.38,false,1,
7290001419793,false,גביעי גלידה מגולגל עלמה גילרו 30 יח',מ.ד אטיאס סוכנויות מזון בע`מ,,,'יח,12,ל-100 גרם,false,1,10.90,0.91,false,1,
7290001436059,false,אוסובוקו עם עצם פרוס ארוז,בלדי בע`מ,,,"ק""ג",1,"ק""ג",true,1,49.90,49.90,false,1,
7290001482094,false,גבינה פרמז'נו משולשים ויליפוד 200ג',ג.וילי-פוד אינטרנשיונל **גבינו,,,'יח,2,ל-100 גרם,false,1,19.90,9.95,false,1,
7290001491096,false,תה ירוק בתוספת לימונית ולואיזה 50 שקיקים ויסוצקי,תה ויסוצקי (ישראל) בעמ,,,'יח,0.75,'יח,false,1,41.90,55.87,true,1,
7290001532195,false,מקרל מעושן בואקום שקיל,ירין חזון שיווק ומזון,,,"ק""ג",2,ל-100 גרם,true,1,69.90,34.95,false,1,
7290001548110,false,סלט חצילים סלוניקי 250 גרם,ירין חזון שיווק ומזון,,,'יח,2.50,ל-100 גרם,false,1,14.90,5.96,false,1,
7290001548226,false,סלט פטריות ספרדי מונטה קרלו 250 גרם,ירין חזון שיווק ומזון,,,'יח,2.50,ל-100 גרם,false,1,17.90,7.16,false,1,
7290001548325,false,סלט טונה ירקות מונטה קרלו 250 גרם,ירין חזון שיווק ומזון,,,'יח,2.50,ל-100 גרם,false,1,19.90,7.96,false,1,
7290001548356,false,סלט חצילים במיונז בייתי 250 גרם,ירין חזון שיווק ומזון,,,'יח,2.50,ל-100 גרם,false,1,14.90,5.96,false,1,
7290001548400,false,חומוס זהב מונטה קרלו 250 גרם,ירין חזון שיווק ומזון,,,'יח,2.50,ל-100 גרם,false,1,9.90,3.96,false,1,
7290001548783,false,סלט פלפלים אש טוניסאי מונטה קרלו 250ג,ירין חזון שיווק ומזון,,,'יח,2.50,ל-100 גרם,false,1,17.90,7.16,false,1,
7290001567708,false,נקניקיות וינר 400 גר`ללא ח`מ,מעדני יחיעם ( 1993 ) בע`מ,,,'יח,4,ל-100 גרם,false,1,14.90,3.73,false,1,
7290001567760,false,פסטרמה של פעם יחיעם 300 גרם,מעדני יחיעם ( 1993 ) בע`מ,,,'יח,3,ל-100 גרם,false,1,29.90,9.97,true,1,
7290001567807,false,"כתף בקר מעושן לח""מ 250 גרם ""יחיעם""",מעדני יחיעם ( 1993 ) בע`מ,,,'יח,2.50,ל-100 גרם,false,1,29.90,11.96,true,1,
7290001567814,false,סלמי מעושן בסגנון איטלקי 300 ג' יחיעם,מעדני יחיעם ( 1993 ) בע`מ,,,'יח,3,ל-100 גרם,false,1,19.90,6.63,true,1,
7290001594230,false,קינלי סודה בבקבוק זכוכית,החברה המרכזית להפצת משקאות בעמ,,,'יח,2.50,"ל-100 מ""ל",false,24,3.40,1.24,false,1,
7290001670057,false,כפיות לבן 100 יח`הנמל,הנמל אריזות ושיווק (1984) בעמ,,,'יח,1,,false,30,10.90,10.90,true,1,
7290001670071,false,כפות חד פעמי לבן 100 יח',הנמל אריזות ושיווק (1984) בעמ,,,'יח,1,,false,30,12.90,12.90,true,1,
7290001670385,false,מפיות ארועים חד שכבתי 100 יחידות,הנמל אריזות ושיווק 1984 בע`מ,,,'יח,1,,false,1,5.90,5.90,false,1,
7290001670873,false,"צלחות גדולות לבנות קשיח ח""פ הנמל 66יח'",הנמל אריזות ושיווק (1984) בעמ,,,'יח,1,'יח,false,10,39.90,39.90,false,1,
7290001696729,false,פקאן טבעי פיצוחי חממה (100 גרם),בוטנת בעמ חברה לקלייה ואריזת פ,,,'יח,1,,false,1,16.90,16.90,false,1,
7290001696736,false,פקאן סיני פיצוחי חממה (100 גרם),בוטנת בעמ חברה לקלייה ואריזת פ,,,'יח,1,,false,1,18.90,18.90,true,1,
7290001696989,false,גרעינים בלי מלח 200 גרם פיצוחי חממה,בוטנת בעמ חברה לקלייה ואריזת פ,,,'יח,2,ל-100 גרם,false,1,7.40,3.70,false,1,
7290001713242,false,עלמה שקיות אשפה 25 יחידות 75*90 עם ידית,קומפלקס כימקלים בעמ`,,,'יח,1,,false,1,11.90,11.90,true,1,
7290001780428,false,מאגדת גלידת לייט שוקולד נסטלה 6יח' 312ג',נגה גלידות שותפות מוגבלת,,,'יח,0.50,ל-100 גרם,false,1,27.90,55.80,false,1,
7290001791349,false,אקונומיקה פיסגה ריחנית סנו (4 ליטר),החברה הדרומית לשיווק בעמ,,,'יח,4,לליטר,false,6,11.90,2.98,false,1,
7290001791356,false,"פרש מבשם אויר אוטומטי בניחוח לבנדר סנו 250 מ""ל",החברה הדרומית לשיווק בעמ,,,'יח,1.65,ל-100 גרם,false,1,14.90,9.03,false,1,
7290001813454,false,"עוגיות חיוכים שוקולד עלית 900 גרם מארז 6 יחידות בד""צ","אפיפית נצרת (1971) בע""\מ",,,'יח,9,ל-100 גרם,false,6,21.90,2.43,true,1,
7290001817728,false,צ'יטוס אפוי כאפה בטעם קטשופ 55 גרם,"שטראוס פריטו ליי בע""\מ )",,,'יח,0.55,ל-100 גרם,false,1,3.90,7.09,false,1,
7290001946121,false,פפריקה מרוקאית מתוקה תבליני ביטון 400 גרם,דין שיווק וקליה 2021 בעמ,,,'יח,4,ל-100 גרם,false,1,19.90,4.98,false,1,
7290001990094,false,"סוכר חום כהה צנצנת קלאסי סוגת 1ק""ג",האי נאם סי או אל.טי.,,,'יח,10,ל-100 גרם,false,1,14.90,1.49,false,1,
7290001990117,false,שומשום סוגת 100 גרם,האי נאם סי או אל.טי.,,,'יח,1,ל-100 גרם,false,1,3.90,3.90,false,1,
7290001990407,false,"עדשים ירוקות סוגת 1 ק""ג","סוגת תעשיות בע""\מ",,,'יח,10,ל-100 גרם,false,1,13.90,1.39,false,1,
7290001990414,false,"עדשים אדומות סוגת 1 ק""ג","סוגת תעשיות בע""\מ",,,'יח,10,ל-100 גרם,false,1,12.90,1.29,false,1,
7290002000143,false,"חדש -פנג'ל ק.ידיים קלאסיק 80מ""ל",מיוצר עי קונדיטוריית,,,'יח,0.80,ל-100 גרם,false,1,7.90,9.88,false,1,
7290002007180,false,קמח תירס 500גר' הנמל מרובע,הנמל אריזות ושיווק 1984 בע`מ,,,'יח,5,ל-100 גרם,false,1,4.90,0.98,false,1,
7290002007234,false,אבקת סוכר הנמל 100 גרם,הנמל אריזות ושיווק 1984 בע`מ,,,'יח,1,ל-100 גרם,false,24,1.70,1.70,true,1,
7290002007241,false,סודה לשתיה הנמל 50 גרם,הנמל אריזות ושיווק (1984) בעמ,,,'יח,0.50,ל-100 גרם,false,24,1.70,3.40,false,1,
7290002007357,false,שקיות צליה דליקטס מיקרוגל הנמל 10 יח',הנמל אריזות ושיווק (1984) בעמ,,,'יח,1,,false,40,3.90,3.90,true,1,
7290002007371,false,פירורי לחם הנמל 500 ג',הנמל אריזות ושיווק 1984 בע`מ,,,'יח,5,ל-100 גרם,false,24,5.90,1.18,false,1,
7290002007487,false,צמר פלדה הנמל 100 גרם,הנמל אריזות ושיווק (1984) בעמ,,,'יח,1,,false,50,3.90,3.90,false,1,
7290002007500,false,קיסמי שיניים הנמל במבוק 500 יחידות,הנמל אריזות ושיווק 1984 בע`מ,,,'יח,0,ל-100 גרם,false,30,2.90,2.90,false,1,
7290002007623,false,כוסות יין חד פעמיות 50 יח`,הנמל אריזות ושיווק (1984) בעמ,,,'יח,1,,false,54,4.90,4.90,false,1,
7290002007852,false,"תמצית אפייה בטעמים שונים 55 מ""ל הנמל",הנמל אריזות ושיווק 1984 בע`מ,,,'יח,0.55,"ל-100 מ""ל",false,24,3.90,7.09,false,1,
7290002007890,false,כוסות חד פעמיות מפלסטיק 100 יח`,הנמל אריזות ושיווק (1984) בעמ,,,'יח,1,,false,1,9.90,9.90,false,1,
7290002007975,false,צלחות פלסטיק קטנות חד פעמיות 50 יח,הנמל אריזות ושיווק (1984) בעמ,,,'יח,1,,false,1,10.90,10.90,false,1,
7290002008040,false,שיפודי במבוק הנמל 100 יחידות,הנמל אריזות ושיווק (1984) בעמ,,,'יח,1,,false,25,2.90,2.90,false,1,
7290002008224,false,סוכריות לקישוט צבעונית הנמל 100 ג',הנמל אריזות ושיווק 1984 בע`מ,,,'יח,1,ל-100 גרם,false,1,5.90,5.90,false,1,
7290002008347,false,קורנפלור 500 גרם הנמל,הנמל אריזות ושיווק (1984) בעמ,,,'יח,5,ל-100 גרם,false,20,5.90,1.18,false,1,
7290002008460,false,עטרות חום 1.5 מספר הנמל,הנמל אריזות ושיווק (1984) בעמ,,,'יח,1,,false,15,5.90,5.90,false,1,
7290002008507,false,נייר אפיה הנמל 50 יחידות,הנמל אריזות ושיווק (1984) בעמ,,,'יח,1,,false,24,9,9,true,1,
7290002008576,false,מפיון מפיות בדיספנסר,הנמל אריזות ושיווק 1984 בע`מ,,,'יח,1,,false,40,3.90,3.90,false,1,
7290002008668,false,צמרוני כותנה ביוטי הנמל עגול 200 יחידות,הנמל אריזות ושיווק 1984 בע`מ,,,'יח,1,ל-100 גרם,false,1,3.90,3.90,false,1,
7290002008743,false,סוכר וניל עשירייה הנמל 100 גרם,הנמל אריזות ושיווק 1984 בע`מ,,,'יח,1,ל-100 גרם,false,50,1.90,1.90,true,1,
7290002008750,false,אבקת אפיה עשירייה הנמל 100 גרם,הנמל אריזות ושיווק 1984 בע`מ,,,'יח,1,ל-100 גרם,false,50,1.90,1.90,true,1,
7290002040019,false,קוסקוס רגיל מזון קוסקוס (350 גרם),הנמל אריזות ושיווק (1984) בעמ,,,'יח,3.50,ל-100 גרם,false,24,5.90,1.69,false,1,
7290002040064,false,קוסקוס דק להכנה מהירה בשקית 350 גרם,הנמל אריזות ושיווק (1984) בעמ,,,'יח,3.50,ל-100 גרם,false,1,5.90,1.69,false,1,
7290002040088,false,קוסקוס מלא מזון קוסקוס (350 גרם),הנמל אריזות ושיווק (1984) בעמ,,,'יח,3.50,ל-100 גרם,false,24,6.90,1.97,false,1,
7290002075035,false,אובלטים מלוחים דקיקים בשקיות 500 גרם,מ.ד אטיאס סוכנויות מזון בע`מ,,,'יח,5,ל-100 גרם,false,1,17.90,3.58,false,1,
7290002102021,false,תחתוני בוקסר,הום פרפקט ק.ד.מ בעמ,,,'יח,1,,false,1,14.90,14.90,true,1,
7290002103103,false,בוקסר לגבר,הום פרפקט ק.ד.מ בעמ,,,'יח,1,,false,1,14.90,14.90,true,1,
7290002107071,false,גבינת פטה עיזים מעודנת 16% משק צוריאל 200 גרם,החברה המרכזית טלהפצת משקאות בע,,,'יח,2,ל-100 גרם,false,1,26.90,13.45,false,1,
7290002107385,false,גליל גבינת עיזים מה עז משק צוריאל 180 גרם,החברה המרכזית טלהפצת משקאות בע,,,'יח,1.80,ל-100 גרם,false,1,24.90,13.83,false,1,
7290002157953,false,מארז נתחי טונה בהירה בשמן קנולה - 4 יחידות,נטו מלינדה סחר בע`מ,,,'יח,1.40,ל-100 גרם,false,12,19.90,14.21,false,1,
7290002239185,false,אפונת גינה קפואה פרי גליל 800 גרם,ויטה -פרי גליל (החדשה) בעמ,,,'יח,8,ל-100 גרם,false,20,10.90,1.36,false,1,
7290002239338,false,שעועית ירוקה חתוכה800 גר`פרי גליל,ויטה- פרי גליל (החדשה) בעמ,,,'יח,8,ל-100 גרם,false,20,10.90,1.36,false,1,
7290002239369,false,שעועית ירוקה שלמה 800 גרם פרי הגליל,ויטה פרי גליל (החדשה) בע`מ,,,'יח,8,ל-100 גרם,false,16,10.90,1.36,false,1,
7290002239420,false,תירס גרעינים 800 ג ' פרי הגליל,ויטה- פרי גליל (החדשה) בעמ,,,'יח,8,ל-100 גרם,false,20,10.90,1.36,false,1,
7290002253006,false,שום טרי כתוש צנצנת דורות 200 גרם,קבוצת אוסם סחר-שות.מוגבלת,,,'יח,2,ל-100 גרם,false,1,16.90,8.45,false,1,
7290002253105,false,שום במגשית 20 שיניים כתושות קפוא 80,קבוצת אוסם סחר-שות.מוגבלת,,,'יח,0.80,ל-100 גרם,false,1,12.90,16.13,false,1,
7290002253235,false,דורות רוטב פסטו דורות,קבוצת אוסם סחר שותפות מוגבלת,,,'יח,1.60,ל-100 גרם,false,1,12.90,8.06,false,1,
7290002253259,false,דורות רוטב עגבניות בזיליקום 160 גרם,עיצובים 2020 (3.8),,,'יח,1.60,ל-100 גרם,false,1,12.90,8.06,false,1,
7290002291046,false,המבורגר מסעדות 480 גרם הקצביה בלדי,יוליניבר,,,'יח,4.80,ל-100 גרם,false,12,27.90,5.81,true,1,
7290002327059,false,"בצק עלים 1 ק""ג שלושת האופים קהילות",נטו מלינדה סחר בע`מ,,,'יח,10,ל-100 גרם,false,12,17.90,1.79,true,1,
7290002327066,false,קונכיות בצק למילוי 625 גרם שלושת האופים,נטו מלינדה סחר בע`מ,,,'יח,5,ל-100 גרם,false,12,21.90,4.38,true,1,
7290002327073,false,בורקס גבינה 800 גר' שלושת האופים קהילות,נטו מלינדה סחר בע`מ,,,'יח,8,ל-100 גרם,false,1,19.90,2.49,true,1,
7290002327929,false,מיני בורקס תפוח אדמה 700 גר שלושת האופים,נטו מלינדה סחר בע`מ,,,'יח,8,ל-100 גרם,false,1,19.90,2.49,true,1,
7290002331360,false,"נביעות מים מינרליים טו גו מארז 500X6מ""ל",החברה המרכזית להפצת משקאות בעמ,,,'יח,30,"ל-100 מ""ל",false,4,14.90,0.44,false,1,
7290002331483,false,נביעות מים מינרלים שישיה בייבי 330 מ`ל,החברה המרכזית להפצת משקאות בעמ,,,'יח,32,"ל-100 מ""ל",false,4,14.60,0.40,false,1,
7290002360155,false,חליטת תה פרחי שומר פומפדור 20 שקיקים,ש. שסטוביץ בע`מ,,,'יח,0.40,ל-100 גרם,false,1,15.90,39.75,true,1,
7290002371496,false,פרוסות שווארמה קצבים 120 גרם טירת צבי,תנובה מרכז שיתופי לשיווק תוצרת,,,'יח,1.20,ל-100 גרם,false,1,24.90,20.75,false,1,
7290002371526,false,דקניקים סלסולי פסטרמה שום וצילי פיקנטי טירת צבי 120 גרם,תנובה מרכז שיתופי לשיווק תוצרת,,,'יח,1.20,ל-100 גרם,false,1,16,13.33,true,1,
7290002371533,false,דקניקים סלסולי פסטרמה דבש טירת צבי 120 גרם,תנובה מרכז שיתופי לשיווק תוצרת,,,'יח,1.20,ל-100 גרם,false,1,15.90,13.25,true,1,
7290002371748,false,צלעות אסאדו 120 גרם טירת צבי,תנובה מרכז שיתופי לשיווק תוצרת,,,'יח,1.20,ל-100 גרם,false,1,28.90,24.08,false,1,
7290002374268,false,שמן חמניות מזוכך ללא כולסטרול 1 ליטר,סוגת תעשיות בעמ,,,'יח,1,,false,1,9.90,9.90,false,1,
7290002409014,false,ג`חנון אפוי מוכן להגשה 600 גרם קפוא,ציפור השרון יהוד 1990 בעמ,,,'יח,6,ל-100 גרם,false,1,16.90,2.82,false,1,
7290002409038,false,בורקס גבינה 800 גרם ציפור השרון,ציפור השרון יהוד 1990 בעמ,,,'יח,8,ל-100 גרם,false,1,17.90,2.24,false,1,
7290002409045,false,בורקס תפו``א 800 גרם ציפור השרון,ציפור השרון יהוד 1990 בעמ,,,'יח,8,ל-100 גרם,false,1,16.90,2.11,false,1,
7290002409175,false,"בצק עלים צרפתי צפ.השרון 1 ק""ג",ציפור השרון יהוד 1990 בעמ,,,'יח,10,ל-100 גרם,false,1,14.90,1.49,false,1,
7290002409281,false,מאפה זיוה סבבה 750 גרם קפוא,ציפור השרון יהוד 1990 בעמ,,,'יח,7.50,ל-100 גרם,false,1,17.90,2.39,false,1,
7290002487364,false,שלושת האופים ב. פילו גבינה זיתים 700 גר לנדא,שלושת האופים שגמור,,,'יח,5,ל-100 גרם,false,12,19.90,3.98,false,1,
7290002515371,false,"קמיל בלו אל סבון לתינוקות ד""ר פישר 1 ליטר","פישר תעשיות פרמצבטיות בע""מ",,,'יח,10,"ל-100 מ""ל",false,1,29.90,2.99,true,1,
7290002517276,false,פלפל אנגלי שלם 25 גר' טעם וריח,תבליני טעם וריח בעמ,,,'יח,1,,false,1,5.90,5.90,false,1,
7290002628088,false,טחון הודו 500גרם קפוא ארוז,בלדי בע`מ,,,'יח,5,ל-100 גרם,false,12,9.90,1.98,false,1,
7290002628194,false,שריר מס `8הזרוע קפוא חלק,בלדי בע`מ,,,"ק""ג",1,,true,1,29.90,29.90,true,1,
7290002628293,false,טחון עוף קפוא 500 גרם בלדי,בלדי בע`מ,,,'יח,5,ל-100 גרם,false,12,9.90,1.98,false,1,
7290002628941,false,"נסיכת הנילוס פרוס L בד""ץ העדה החרדית",בלדי בע`מ,,,"ק""ג",1,ל-100 גרם,true,1,49.90,49.90,false,1,
7290002657408,false,נתחי טונה בשמן 960 ג' פוסידון,נטו מלינדה סחר בע`מ,,,'יח,9.60,ל-100 גרם,false,1,32,3.33,false,1,
7290002692782,false,"תרסיס שמן זית כתית מעולה ללא תוספת גז עץ הזית 150 מ""ל",י.ב טכנולוגיות אריזה,,,'יח,1,,false,1,14.90,14.90,false,1,
7290002715504,false,ארוחת נודלס בטעם עוף מג`יק (70 גרם),נטו מלינדה סחר בע`מ,,,'יח,7,ל-100 גרם,false,12,4.90,0.70,false,1,
7290002715511,false,ארוחת נודלס בטעם בשר מג`יק (70 גרם),נטו מילנדה סחר בעמ*,,,'יח,7,ל-100 גרם,false,12,4.90,0.70,false,1,
7290002730262,false,נוזל לניקוי כלים קלאסי פלמוליב (750 מל),יבואן ומשווק: ש. שסט,,,'יח,7.50,"ל-100 מ""ל",false,1,11.90,1.59,true,1,
7290002757139,false,מלוואח 700 גר' שלושת האופים קהילות,נטו מלינדה סחר בע`מ,,,'יח,7,ל-100 גרם,false,12,16.90,2.41,false,1,
7290002757146,false,"קובה חמוסטה למרק שלושת האופים 1 ק""ג",נטו מלינדה סחר בע`מ,,,'יח,10,ל-100 גרם,false,8,19.90,1.99,false,1,
7290002757511,false,דלידג קציצות דג לבישול 750 גר קהילות,נטו מלינדה סחר בע`מ,,,'יח,7.50,ל-100 גרם,false,8,29.90,3.99,false,1,
7290002757757,false,מלוואח 700 ג' שלושת האופים,נטו מלינדה סחר בע`מ,,,'יח,7,ל-100 גרם,false,1,13.90,1.99,true,1,
7290002805151,false,סיף פנטסטיק לרצפות בניחוח סחלבים 4ל',"יוניליוור ישראל שיווק בע""מ",,,'יח,4,לליטר,false,1,19.90,4.98,false,1,
7290002814016,false,"מסיר שומנים מתז 750 מ""ל סנט מוריץ כשל""פ עד""ח",קומפלקס כימיקלסבעמ ~~~,,,'יח,7.50,"ל-100 מ""ל",false,1,12.90,1.72,false,1,
7290002814481,false,עלמה שקיות מזון בקופסא 150 יח' מארז שלישיה,קומפלקס כימיקלים בעמ,,,'יח,1,'יח,false,1,11.90,11.90,true,1,
7290002814504,false,סנט מוריץ מגבונים לרצפה 10 יח' עם חור בית מלון בוטיק,קומפלקס כימקלים בעמ`,,,'יח,1,'יח,false,1,9.90,9.90,false,1,
7290002814986,false,סנט מוריץ מגבונים לניקוי כללי בדלי 400 יחידות בריח לימון,קומפלקס כימקלים בעמ`,,,'יח,1,'יח,false,1,19.90,19.90,false,1,
7290002824466,false,יוגורט דנונה ביו לבן 0% שומן 200 גרם,שטראוס גרופ בעמ/מצונן,,,'יח,2,"ל-100 מ""ל",false,24,3.70,1.85,false,1,
7290002824640,false,"גבינת סקי 250 גרם 5% ""שטראוס"" -מוצר בפיקוח",שטראוס גרופ בעמ/מצונן,,,'יח,2.50,ל-100 גרם,false,12,4.98,1.99,false,1,
7290002868996,false,"קוטג' 5% שומן, רכיבים טבעיים, 250 גרם",*החברה המרכזית להפצת משקאותבעמ,,,'יח,2.50,ל-100 גרם,false,1,5.50,2.20,false,1,
7290002881216,false,רסק תפוחי עץ לא ממותק תומר 700 גרם,תומר ייבוא ושיווק מוצרי מזון [,,,'יח,7.20,ל-100 גרם,false,12,11.90,1.65,false,1,
7290002881940,false,סרדינים מרוקאי בשמן חמניות 125ג' תומר,תומר ייבוא ושיווק מוצרי מזון [,,,'יח,1.25,ל-100 גרם,false,25,4.90,3.92,false,1,
7290002881957,false,סרדינים מרוקאי חריף בשמן חמניות 125ג' תומר,תומר ייבוא ושיווק מוצרי מזון [,,,'יח,1.25,ל-100 גרם,false,25,4.90,3.92,false,1,
7290002881988,false,סרדינים בשמן חמניות ולימון תומר 125 גרם,תומר ייבוא ושיווק מוצרי מזון [,,,'יח,1.25,ל-100 גרם,false,25,4.90,3.92,false,1,
7290002919612,false,אסאדו מ'ס 99 צרכני איגוד האברכים פרגוואי,בלדי בע`מ,,,"ק""ג",1,,true,1,43.90,43.90,false,1,
7290002977155,false,"קמח מלא 100% ללא ניפוי 1 ק""ג",הטחנות הגדולות של ארץ ישראל בע,,,'יח,1,'יח,false,1,6.90,6.90,false,1,
7290002977377,false,"קמח כוסמין לבן ללא ניפוי 1 ק""ג",הטחנות הגדולות של ארץ ישראל בע,,,'יח,1,'יח,false,1,13.90,13.90,false,1,
7290002977407,false,"קמח חלה לבן מעושר ללא ניפוי 1 ק""ג",הטחנות הגדולות של ארץ ישראל בע,,,'יח,1,'יח,false,1,7.90,7.90,false,1,
7290002977421,false,"קמח כוסמין 70% ללא ניפוי 1 ק""ג",הטחנות הגדולות של ארץ ישראל בע,,,'יח,1,'יח,false,1,11.90,11.90,false,1,
7290002977438,false,"קמח חיטה 70% ללא ניפוי 1 ק""ג",הטחנות הגדולות של ארץ ישראל בע,,,'יח,1,'יח,false,1,6.90,6.90,false,1,
7290002977490,false,קמח פיצה נאפולי ללא צורך בניפוי,הטחנות הגדולות של ארץ ישראל בע,,,'יח,1,"ק""ג",false,1,11.90,11.90,false,1,
7290003009596,false,סירופ דיאט אשכוליות 750 מל פיקדון,החברה המרכזית להפצת משקאות בעמ,,,'יח,7.50,"ל-100 מ""ל",false,6,21.90,2.88,false,1,
7290003015627,false,"נוזל רצפות אפרסק 2 ליטר ""ריצפז פרש""",החברה הדרומית לשיווק בעמ,,,'יח,20,"ל-100 מ""ל",false,8,17.90,0.90,true,1,
7290003015634,false,"נוזל רצפות פסיפלורה 2 ליטר ""ריצפז פרש""",החברה הדרומית לשיווק בעמ,,,'יח,20,"ל-100 מ""ל",false,8,17.90,0.90,true,1,
7290003015641,false,"נוזל רצפות יסמין 2 ליטר ""ריצפז פרש""",החברה הדרומית לשיווק בעמ,,,'יח,20,"ל-100 מ""ל",false,8,17.90,0.90,true,1,
7290003029181,false,משקה יטבתה שוקו' בקבוק 1ל מהדרין,שטראוס גרופ בעמ/מצונן,,,'יח,10,"ל-100 מ""ל",false,12,11.90,1.19,false,1,
7290003029372,false,יטבתה משקה בטעם בננה %3 בקבוק 1 ליטר,שטראוס גרופ בעמ/מצונן,,,'יח,10,"ל-100 מ""ל",false,6,11.90,1.19,false,1,
7290003029389,false,"משקה חלב בננה פקק ספורט 250 מ""ל יוטבתה",שטראוס גרופ בעמ/מצונן,,,'יח,2.50,"ל-100 מ""ל",false,9,5.70,2.28,false,1,
7290003029433,false,"משקה יטבתה שוקו פקק 250 מ""ל מהדרין",שטראוס גרופ בעמ/מצונן,,,'יח,2.50,"ל-100 מ""ל",false,12,5.50,2.20,false,1,
7290003029532,false,מוקה בבקבוק יטבתה 1 ליטר מהדרין,שטראוס גרופ בעמ/מצונן,,,'יח,10,"ל-100 מ""ל",false,6,11.90,1.19,false,1,
7290003029792,false,"משקה יטבתה שוקו שקיות מהדרין מארז 225X8מ""ל",שטראוס גרופ בעמ/מצונן,,,'יח,2.25,ל-100 גרם,false,8,18.90,8.40,false,1,
7290003029815,false,חלב מועשר 3% בכד יטבתה 2 ליטר,שטראוס גרופ בעמ/מצונן,,,'יח,20,"ל-100 מ""ל",false,6,14.90,0.75,false,1,
7290003029907,false,משקה חלב אייס קפה 2% יטבתה (1 ליטר,שטראוס גרופ בעמ/מצונן,,,'יח,10,"ל-100 מ""ל",false,6,11.90,1.19,false,1,
7290003035632,false,פילה מושט 7-9 ללא עור ארוז,ג.ת שווק בן בקר בע`מ,,,"ק""ג",1,ל-100 גרם,true,1,29.90,29.90,false,1,
7290003054657,false,חרדל ריין דיז'ון אקסטרה פורטה 370 גרם,דיפלומט מפיצים (1968) בעמ**,,,'יח,3.70,ל-100 גרם,false,12,11.90,3.22,false,1,
7290003069682,false,בצק פילאס תורכי שלושת האופים (500 גרם),נטו מלינדה סחר בע`מ,,,'יח,5,ל-100 גרם,false,1,19.90,3.98,false,1,
7290003072996,false,נקנקיות כמהין ושמפניון 320 גרם,תנובה מרכז שיתופי לשיווק תוצרת,,,'יח,3.20,ל-100 גרם,false,1,25.90,8.09,false,1,
7290003120482,false,משטח קוקה קולה,החברה המרכזית להפצת משקאות בעמ,,,'יח,1,,false,1,200,200,false,1,
7290003126712,false,יוגורט עיזים מחלב מלא 3.7% משק צוריאל 150 גרם,*החברה המרכזית להפצת משקאותבעמ,,,'יח,1.40,"ל-100 מ""ל",false,1,6.90,4.93,false,1,
7290003229116,false,פסטרמה הודו בדבש שומן טירת צבי 400 גרם,תנובה מרכז שיתופי לשיווק תוצרת,,,'יח,4,ל-100 גרם,false,1,26.90,6.73,true,1,
7290003229123,false,פסטרמה הודו על גחלים 2% טירת צבי 400 גרם,תנובה מרכז שיתופי לשיווק תוצרת,,,'יח,4,ל-100 גרם,false,1,26.90,6.73,true,1,
7290003229147,false,נקניק סלמי איטלקי מעושן טירת צבי 300 גרם,תנובה מרכז שיתופי לשיווק תוצרת,,,'יח,3,ל-100 גרם,false,1,26.90,8.97,true,1,
7290003229154,false,נקניק סלמי קוניאק טירת צבי 300 גרם,תנובה מרכז שיתופי לשיווק תוצרת,,,'יח,3,ל-100 גרם,false,1,26.90,8.97,true,1,
7290003229192,false,נקניק כתף בקר מעושן 2% טירת צבי 400 גרם,תנובה מרכז שיתופי לשיווק תוצרת,,,'יח,4,ל-100 גרם,false,1,26.90,6.73,true,1,
7290003229215,false,פסטרמה איטלקית 3.5% טירת צבי 360 גרם,תנובה מרכז שיתופי לשיווק תוצרת,,,'יח,3.60,ל-100 גרם,false,1,26.90,7.47,true,1,
7290003229222,false,נקניק סלמי תה טירת צבי 300 גרם,תנובה מרכז שיתופי לשיווק תוצרת,,,'יח,3,ל-100 גרם,false,1,22.90,7.63,false,1,
7290003287260,false,צ'וריסוס הקצביה 600 גרם בלדי,בלדי בע`מ,,,'יח,6,ל-100 גרם,false,8,27.90,4.65,true,1,
7290003287284,false,קבב ביתי קצביה ארוז 600 גר`באלדי,בלדי בע`מ,,,'יח,6,ל-100 גרם,false,8,27.90,4.65,true,1,
7290003287291,false,קבב טלה וצנובר קצביה ארוז 600 ג' - 8 יח',בלדי בע`מ,,,'יח,6,ל-100 גרם,false,8,27.90,4.65,true,1,
7290003318100,false,וופל בטעם שוקולד מנעמים 200 ג',ח.כהן סוכנות מזון ומשקאות,,,'יח,2.50,ל-100 גרם,false,1,3.90,1.56,true,1,
7290003318131,false,ופל קלאסיק אגוז 200 גרם מנעמים,ח.כהן סוכנות מזון ומשקאות,,,'יח,2.50,ל-100 גרם,false,1,3.90,1.56,true,1,
7290003318155,false,וופל טעם לימון מנעמים 200 ג',ח.כהן סוכנות מזון ומשקאות בע,,,'יח,2.50,ל-100 גרם,false,1,3.90,1.56,true,1,
7290003321155,false,יוגורט בר עם פקאן מצופה שוקולד 183 ג' דנונה,שטראוס גרופ בעמ/מצונן,,,'יח,1.83,"ל-100 מ""ל",false,24,4.60,2.51,false,1,
7290003387410,false,בלונס פדים להסרת איפור שלישייה,ש. שסטוביץ בע`מ,,,'יח,2.40,ל-100 גרם,false,1,19.90,8.29,false,1,
7290003411054,false,שקיות צליה גדול דליקטס רוסטי הנמל 5יח`,הנמל אריזות ושיווק (1984) בעמ,,,'יח,1,,false,40,4.90,4.90,true,1,
7290003411276,false,עמבה הודית מובחרת הנמל 600ג',הנמל אריזות ושיווק (1984) בעמ,,,'יח,6,ל-100 גרם,false,15,10.90,1.82,false,1,
7290003411566,false,צמרוני עץ הנמל 200 יחידות,הנמל אריזות ושיווק (1984) בעמ,,,'יח,0,ל-100 גרם,false,1,2.90,2.90,false,1,
7290003411573,false,צלחות פלסטיק עמוקות חד פעמיות 30 יח,הנמל אריזות ושיווק (1984) בעמ,,,'יח,1,,false,17,18.90,18.90,false,1,
7290003411689,false,לפתניות פלסטיק חד פעמיות 25 יח`,הנמל אריזות ושיווק (1984) בעמ,,,'יח,1,,false,52,4.90,4.90,false,1,
7290003411696,false,מרקיות פלסטיק חד פעמיות 25 יח`,הנמל אריזות ושיווק (1984) בעמ,,,'יח,1,,false,48,8.90,8.90,false,1,
7290003411726,false,קיסמי שיניים מלחיה הנמל 300יח',הנמל אריזות ושיווק (1984) בעמ,,,'יח,0,ל-100 גרם,false,30,3.90,3.90,false,1,
7290003411832,false,גרנולה אגוזים הנמל (400 גרם),הנמל אריזות ושיווק (1984) בעמ,,,'יח,4,ל-100 גרם,false,12,9.90,2.48,false,1,
7290003411948,false,צמר גפן הנמל 100 יחידות,הנמל אריזות ושיווק 1984 בע`מ,,,'יח,1,ל-100 גרם,false,45,4.90,4.90,false,1,
7290003411993,false,גפרורים הנמל 10 יחידות,הנמל אריזות ושיווק (1984) בעמ,,,'יח,1,,false,100,2.90,2.90,false,1,
7290003438006,false,ממרח אולביה פסטו וצנובר איטלקי 190ג',תה ויסוצקי (ישראל) בעמ,,,'יח,1.80,ל-100 גרם,false,24,13.90,7.72,true,1,
7290003438020,false,אוליביה ממרח עגבניות מיובשות (190 גרם),תה ויסוצקי (ישראל) בעמ,,,'יח,1.90,ל-100 גרם,false,12,13.90,7.32,true,1,
7290003450602,false,חרדל אמיתי צהוב בקבוק לחיץ 255 גר,היינץ צפון אמריקה מקבוצת ה.י.היינץ,,,'יח,2.25,ל-100 גרם,false,1,9.90,4.40,false,1,
7290003457991,false,טילון קורנטו וניל עם וופל ואגוזי לוז מסוכרים,"גלידת שטראוס בע""\מ, רחוב",,,'יח,1,ל-100 גרם,false,1,33.90,33.90,false,1,
7290003578313,false,דובדבנים ללא חרצנים ויליפוד 680 גרם,ג. וילי-פוד אינטרנשיונל בע`מ,,,'יח,6.80,ל-100 גרם,false,12,9.90,1.46,false,1,
7290003643127,false,עשיריה אבקת אפיה 10*10 גרם סוגת,גוד פוד פרודקטס S.p,,,'יח,1,ל-100 גרם,false,1,2.50,2.50,false,1,
7290003643158,false,קורנפולר שקית 200 ג' סוגת,סוגת תעשיות בעמ,,,'יח,2,ל-100 גרם,false,1,3.90,1.95,false,1,
7290003643325,false,קוסקוס בינוני סוגת (350 גרם),"אסיף תעשיות מזון בע""\מ",,,'יח,3.50,ל-100 גרם,false,1,4.90,1.40,true,1,
7290003643387,false,"סוכר אריזת פלסטיק 1 ק""ג סוגת",האי נאם סי או אל.טי.,,,'יח,10,ל-100 גרם,false,1,7.90,0.79,false,1,
7290003643646,false,"סוכר דמררה קלאסי בצנצנת סוגת 1 ק""ג",האי נאם סי או אל.טי.,,,'יח,10,ל-100 גרם,false,1,12.90,1.29,false,1,
7290003643707,false,גריסים סוגת (500 גרם),"סוגת תעשיות בע""מ",,,'יח,5,ל-100 גרם,false,1,4.90,0.98,false,1,
7290003643714,false,חומוס גרגירים 500 גרם סוגת,האי נאם סי או אל.טי.,,,'יח,5,ל-100 גרם,false,1,7.90,1.58,false,1,
7290003643738,false,חיטה סוגת (500 גרם),האי נאם סי או אל.טי.,,,'יח,5,ל-100 גרם,false,1,4.90,0.98,false,1,
7290003643745,false,כוסמת סוגת (500 גרם),האי נאם סי או אל.טי.,,,'יח,5,ל-100 גרם,false,1,7.90,1.58,false,1,
7290003643752,false,עדשים ירוקים יבש סוגת 500 גר',האי נאם סי או אל.טי.,,,'יח,5,ל-100 גרם,false,1,7.90,1.58,false,1,
7290003643776,false,"פופקורן גרעינים סוגת 500 ג' כשל""פ",האי נאם סי או אל.טי.,,,'יח,5,ל-100 גרם,false,1,6.90,1.38,false,1,
7290003643783,false,קוקוס טחון סוגת 100 גרם,האי נאם סי או אל.טי.,,,'יח,1,ל-100 גרם,false,1,3.90,3.90,false,1,
7290003643806,false,שעועית לבנה יבשה סוגת (500 גרם),האי נאם סי או אל.טי.,,,'יח,5,ל-100 גרם,false,1,11.90,2.38,false,1,
7290003643813,false,שעועית אדומה יבשה סוגת 500 גר',האי נאם סי או אל.טי.,,,'יח,5,ל-100 גרם,false,1,10.90,2.18,false,1,
7290003643820,false,חומוס ענק יבש סוגת 500 גרם,"סוגת תעשיות בע""\מ",,,'יח,5,ל-100 גרם,false,1,12.90,2.58,false,1,
7290003672530,false,פילה סלמון קפוא,פאר הבשר והעוף בעמ,,,"ק""ג",1,"ק""ג",true,1,74.90,74.90,false,1,
7290003781065,false,מלפפונים בחומץ קטנים מאוד וילי פוד 370 גרם,ג. וילי-פוד אינטרנשיונל בע`מ,,,'יח,6.80,ל-100 גרם,false,1,10.90,1.60,false,1,
7290003781652,false,צלפים במי מלח וילי פוד 230 גרם,ג. וילי-פוד אינטרנשיונל בע`מ,,,'יח,3.50,ל-100 גרם,false,12,10.60,3.03,false,1,
7290003781904,false,ספגטי דונה רוזה 500 גר`וילי פוד,ג. וילי-פוד אינטרנשיונל בע`מ,,,'יח,5,ל-100 גרם,false,1,4.90,0.98,false,1,
7290003804252,false,תיבוליות לאורז בנוסח הודי קנור 80גרם,יוניליוור ישראל שיווק בע`מ,,,'יח,8,ל-100 גרם,false,1,8.90,1.11,false,1,
7290003805501,false,"פתית בסגנון שוודי תלמה בד""צ 300 גרם",יוניליוור ישראל שיווק בע`מ,,,'יח,3,ל-100 גרם,false,1,16.90,5.63,false,1,
7290003805587,false,"פתית חיטה מלאה בד""צ 250 גרם-קופסא",יוניליוור ישראל שיווק בע`מ,,,'יח,2.50,ל-100 גרם,false,1,16.90,6.76,false,1,
7290003807178,false,"רוטב קנור סויה בסגנון סיני 300 מ""ל","יוניליוור ישראל שיווק בע""מ",,,'יח,3,"ל-100 מ""ל",false,1,12.90,4.30,true,1,
7290003807482,false,קנור רוטב טריאקי מופחת נתרן 370 גרם,"יוניליוור ישראל שיווק בע""מ",,,'יח,3,"ל-100 מ""ל",false,1,11.90,3.97,true,1,
7290003864485,false,סרדינים ברוטב עגבנ יות ויליפוד 110ג' פתח קל,ג. וילי-פוד אינטרנשיונל בע`מ,,,'יח,1.20,ל-100 גרם,false,1,4.90,4.08,true,1,
7290003864492,false,סרדין בשמן צמחי חריף פתח קל ויליפוד 110 גרם,ג. וילי-פוד אינטרנשיונל בע`מ,,,'יח,1.20,ל-100 גרם,false,1,4.90,4.08,true,1,
7290003882922,false,עלי גפן ממולאים באורז וילי פוד 360 גרם,ג. וילי-פוד אינטרנשיונל בע`מ,,,'יח,4,ל-100 גרם,false,24,9.90,2.48,true,1,
7290003903788,false,אבקת קפוצ`ינו וניל עלית (200 גרם),שטראוס גרופ בע`מ,,,'יח,2,ל-100 גרם,false,6,24.90,12.45,false,1,
7290003989539,false,רביולי עם גבינה שטראוס (400 גרם),שטראוס גרופ בעמ/מצונן,,,'יח,4,ל-100 גרם,false,9,19.90,4.98,false,1,
7290004011284,false,בסיס להכנת קצפת צמחי ריץ` (212 מל),ריצ' פרודקטס קורפריי,,,'יח,2.12,"ל-100 מ""ל",false,24,9.90,4.67,true,1,
7290004011291,false,בסיס להכנת קצפת צמחי ריץ` (425 מל),נטו מלינדה סחר בע`מ,,,'יח,4.35,"ל-100 מ""ל",false,12,14.90,3.43,false,1,
7290004011338,false,קצפת מתוקה מוכנה ספריי ריץ` (250 מל),נטו מלינדה סחר בע`מ,,,'יח,2.50,"ל-100 מ""ל",false,12,16.90,6.76,true,1,
7290004033750,false,לחמניות עננים סגנון בריוש,מאפיית י.את א. ברמן בעמ,,,'יח,1,'יח,false,1,13.90,13.90,false,1,
7290004033903,false,חטיפי ברוסקטב אפויים בתיבול שום,מאפיית י.את א. ברמן בעמ,,,'יח,1.50,ל-100 גרם,false,1,13.90,9.27,false,1,
7290004033910,false,חטיפי ברוסקטב אפויים בתיבול עגבניות,מאפיית י.את א. ברמן בעמ,,,'יח,1.50,ל-100 גרם,false,1,13.90,9.27,false,1,
7290004033927,false,חטיפי פוקצה אפויים בתיבול שום,מאפיית י.את א. ברמן בעמ,,,'יח,2,ל-100 גרם,false,1,13.90,6.95,false,1,
7290004033934,false,חטיפי פוקצה אפויים בתיבול עגבניות,מאפיית י.את א. ברמן בעמ,,,'יח,2,ל-100 גרם,false,1,13.90,6.95,false,1,
7290004033972,false,חטיפי פוקצה אפויים בתיבול שום,מאפיית י.את א. ברמן בעמ,,,'יח,2,ל-100 גרם,false,1,13.90,6.95,false,1,
7290004078263,false,מקלות אוזניים פלסטיק 2* 200 יחידות,ש. שסטוביץ בע`מ,,,'יח,0,ל-100 גרם,false,1,11.40,11.40,false,1,
7290004078270,false,נוזל לניקוי כלים בריח לימון פלמוליב 1 ליטר,יבואן ומשווק: ש. שסט,,,'יח,10,"ל-100 מ""ל",false,1,13.90,1.39,false,1,
7290004078690,false,"אגקס נוזל לניקוי אסלות מרענן 750 מ""ל",הנסיך- מפעל לייצור ט,,,'יח,7.50,"ל-100 מ""ל",false,1,15.90,2.12,false,1,
7290004091248,false,וזלין פטרוליום אינטנסיב קאר ג'ל 106 גר',יוניליוור ישראל שיווק בע`מ,,,'יח,1,ל-100 גרם,false,1,13.90,13.90,false,1,
7290004119225,false,יוגורט יופלה אננס 3% שומן 150 גרם,תנובה מרכז שיתופי לש,,,'יח,1.50,"ל-100 מ""ל",false,1,5.20,3.47,false,1,
7290004119928,false,מעדן חלב בטעם וניל 2% קרלו תנובה 125 גרם,מחלבת אלון תבור,,,'יח,1.25,"ל-100 מ""ל",false,1,3,2.40,false,1,
7290004119973,false,קרלו מעדן שוקו רביעיה גביע 1.5% 125 גרם,תנובה מרכז שיתופי לש,,,'יח,1.25,"ל-100 מ""ל",false,1,3,2.40,false,1,
7290004120061,false,מעדן חלב בטעם שוקו וניל שוניל 2% קרלו 125 גרם,תנובה מרכז שיתופי לש,,,'יח,1.25,"ל-100 מ""ל",false,1,3,2.40,false,1,
7290004120108,false,יוגורט יופלה דיאט דובדבן 0% שומן 150גרם,תנובה מרכז שיתופי לש,,,'יח,1.50,"ל-100 מ""ל",false,1,5.20,3.47,false,1,
7290004121488,false,יוגורט ביו דיאט 0% אפרסק יופלה (150 גרם),תנובה מרכז שיתופי לש,,,'יח,1.50,"ל-100 מ""ל",false,1,5.20,3.47,false,1,
7290004121525,false,יופלה מאגדת פרי 4 תות 4 אפרסק 3% 8 יח'*150 ג',תנובה מרכז שיתופי לש,,,'יח,1.50,ל-100 גרם,false,1,31,20.67,false,1,
7290004121754,false,יוגורט ביו עוגת גבינה ותות 3% יופלה 150 גרם,תנובה בעמ ***,,,'יח,1.50,"ל-100 מ""ל",false,1,5.20,3.47,false,1,
7290004121853,false,גבינה בולגרית קוביות (2005% גרם)פיראוס,תנובה מרכז שיתופי לש,,,'יח,2,ל-100 גרם,false,1,21.30,10.65,false,1,
7290004122119,false,פתיתי פרמזן לפסטה 23% השף הלבן 100 גרם,"תנובה בע""מ ***",,,'יח,2.20,ל-100 גרם,false,1,11.90,5.41,false,1,
7290004122195,false,גוש חלב גבינה צהובה פרוסה 28% תנובה 200 גרם,"תנובה בע""מ ***",,,'יח,2,ל-100 גרם,false,1,13.70,6.85,false,1,
7290004122270,false,עמק קלאסית פרוסות גבינה חצי קשה 28% 200 גרם,תנובה מרכז שיתופי לש,,,'יח,2,ל-100 גרם,false,1,15.90,7.95,false,1,
7290004122348,false,גבינה צהובה מופחתת שומן 9% עמק (200 גרם),תנובה מרכז שיתופי לש,,,'יח,2,ל-100 גרם,false,1,16.80,8.40,false,1,
7290004122676,false,גבינה חמד לייט (2505% גרם)פיראוס תנובה,תנובה מרכז שיתופי לש,,,'יח,2.50,ל-100 גרם,false,1,18.90,7.56,false,1,
7290004124205,false,יופלה דיאט יוגורט תות %0 גביע 150 גרם,תנובה מרכז שיתופי לש,,,'יח,1.50,"ל-100 מ""ל",false,1,5.20,3.47,false,1,
7290004124847,false,"קצפת צמחית השף הלבן 500 מ""ל תנובה",תנובה מרכז שיתופי לש,,,'יח,5,ל-100 גרם,false,1,16.60,3.32,false,1,
7290004125370,false,"שמנת חמוצה 9% מופחתת שומן תנובה 200 מ""ל מהדרין",תנובה מרכז שיתופי לש,,,'יח,2,"ל-100 מ""ל",false,1,3.80,1.90,false,1,
7290004125455,false,"שמנת חמוצה 200 מ""ל 15% ""תנובה"" -מוצר בפיקוח",תנובה מרכז שיתופי לש,,,'יח,2,"ל-100 מ""ל",false,1,2.40,1.20,false,1,
7290004125509,false,"שמנת חמוצה 15% מועשרת תנובה 100 מ""ל",תנובה מרכז שיתופי לש,,,'יח,1,ל-100 גרם,false,1,1.80,1.80,false,1,
7290004125721,false,"השף הלבן שמנת עמידה לבישול 15% תנובה 250 מ""ל",תנובה מרכז שיתופי לש,,,'יח,2.50,"ל-100 מ""ל",false,1,8.30,3.32,false,1,
7290004125776,false,גבינה צהובה קלאסית 28% עמק (400 גרם),"תנובה בע""מ ***",,,'יח,4,ל-100 גרם,false,1,28.90,7.23,false,1,
7290004126674,false,טל העמק פרוסות גבינה חצי קשה לייט %9 200 גרם בקופסא,תנובה מרכז שיתופי לש,,,'יח,2,ל-100 גרם,false,1,18.90,9.45,false,1,
7290004126759,false,דאיט יופלה פירות יער טו יוג פרי 150גר.,"תנובה בע""מ ***",,,'יח,1.50,"ל-100 מ""ל",false,1,5.20,3.47,false,1,
7290004127077,false,קוטג תנובה 3% גביע 250 גרם מהדרין,מיוצר עי קונדיטוריית,,,'יח,2.50,ל-100 גרם,false,1,5.60,2.24,false,1,
7290004127329,false,קוטג תנובה גביע 250 גרם %5 ו.מהדרין,מיוצר עי קונדיטוריית,,,'יח,2.50,ל-100 גרם,false,1,5.60,2.24,false,1,
7290004127336,false,קוטג תנובה גביע 250 גרם %9 ו.מהדרין,מיוצר עי קונדיטוריית,,,'יח,2.50,ל-100 גרם,false,1,5.60,2.24,false,1,
7290004127800,false,"גבינה לבנה 500 גרם 5% ""תנובה"" -מוצר בפיקוח",מיוצר עי קונדיטוריית,,,'יח,5,ל-100 גרם,false,1,9.90,1.98,false,1,
7290004127817,false,גבינה לבנה 9% שומן 500 ג' תנובה,מיוצר עי קונדיטוריית,,,'יח,5,ל-100 גרם,false,1,9.50,1.90,false,1,
7290004127862,false,"גבינה לבנה 750 גרם 5% ""תנובה"" - מוצר בפיקוח",תנובה מרכז שיתופי לש,,,'יח,7.50,ל-100 גרם,false,1,14.90,1.99,false,1,
7290004128432,false,פתיתים מיוחדים לפיצה על בסיס גבינה 500 ג',תנובה - חלב,,,'יח,5,ל-100 גרם,false,1,23.50,4.70,false,1,
7290004129101,false,גבינת שמנת 25% בטעם טבעי 225 ג' נפוליאון,תנובה מרכז שיתופי לש,,,'יח,2.25,ל-100 גרם,false,1,12.90,5.73,false,1,
7290004129156,false,גבינת שמנת25% עם שום שמיר 225 ג' נפוליאון,תנובה מרכז שיתופי לש,,,'יח,2.25,ל-100 גרם,false,1,12.90,5.73,false,1,
7290004129767,false,"3% 'יופלה לבן מארז שמינייה 1.2 ק""ג",תנובה מרכז שיתופי לש,,,'יח,1.50,ל-100 גרם,false,1,16.90,11.27,false,1,
7290004130916,false,יוגורט יופלה פירות יער בשמנת 3% 150 גרם,תנובה מרכז שיתופי לש,,,'יח,1.50,"ל-100 מ""ל",false,1,5.20,3.47,false,1,
7290004131814,false,גבינת צפתית מעודנת (2005% גרם)פיראוס ת,פארייפאבה אגרואינדוס,,,'יח,2,ל-100 גרם,false,1,16,8,false,1,
7290004131845,false,לאבנה גביע 9% 750 גר`פיראוס תנובה,תנובה מרכז שיתופי לש,,,'יח,7.50,ל-100 גרם,false,1,24.90,3.32,false,1,
7290004132712,false,חטיף אצבעות גבינת מוצרלה 20% 172 ג' עמק,תנובה מרכז שיתופי לש,,,'יח,1.74,ל-100 גרם,false,1,17.10,9.83,false,1,
7290004133511,false,יופלה מאגדת לבן 1.5% מעודן 8 יח' * 150 ג',מיוצר עי קונדיטוריית,,,'יח,1.50,ל-100 גרם,false,1,20.40,13.60,false,1,
7290004135225,false,מעדן חלב דל קלוריות בטעם שוקולד 0.2שומ,תנובה מרכז שיתופי לש,,,'יח,1.50,"ל-100 מ""ל",false,1,4.20,2.80,false,1,
7290004135614,false,גבינה בולגרית מעודנת 5% פיראוס 250 גרם,"תנובה בע""מ ***",,,'יח,2.50,ל-100 גרם,false,1,21.90,8.76,false,1,
7290004136598,false,מארז הפסקת אוכל עם קורנפלקס ומשקה חלב עמיד בטעם וניל,פארייפאבה אגרואינדוס,,,'יח,1.50,"ל-100 מ""ל",false,1,9.10,6.07,false,1,
7290004136857,false,מעדן ג`לי בטעם פטל תנובה (125 גרם),תנובה מרכז שיתופי לש,,,'יח,1.25,"ל-100 מ""ל",false,1,2.80,2.24,false,1,
7290004136864,false,מעדן ג'לי בטעם אננס עם חתיכות תנובה 125 גרם,תנובה בעמ ***,,,'יח,1.25,"ל-100 מ""ל",false,1,2.80,2.24,false,1,
7290004136871,false,מעדן ג'לי בטעם אפרסק עם חתיכות תנובה 125 גרם,תנובה מרכז שיתופי לש,,,'יח,1.25,"ל-100 מ""ל",false,1,2.80,2.24,false,1,
7290004137021,false,"שמנת עמידה לבישול מופחת שומן 10% השף הלבן 250 מ""ל",תנובה מרכז שיתופי לש,,,'יח,2.50,"ל-100 מ""ל",false,1,8.50,3.40,false,1,
7290004137809,false,לאבנה אסלית 5% גביע (250 גרם)פיראוס תנו,"תנובה, מחלבת אלון תב",,,'יח,2.50,ל-100 גרם,false,1,12.80,5.12,false,1,
7290004200930,false,זיקוק זוג 15 סמ בשקית,שמחה זה אנחנו בע`מ,,,'יח,1,,false,1,7.90,7.90,false,1,
7290004219079,false,לבבות דקל פרוסות וילי פוד (400 גרם),ג. וילי-פוד אינטרנשיונל בע`מ,,,'יח,4,ל-100 גרם,false,1,10.90,2.73,false,1,
7290004219826,false,מלבין קפה הולנדי קומפלטה 400ג',ג. וילי-פוד אינטרנשיונל בע`מ,,,'יח,4,ל-100 גרם,false,12,17.90,4.48,false,1,
7290004230074,false,קציצות דג ברוטב עגבניות שגב קפוא,אף.סי תבליני בגליל ב,,,'יח,8,ל-100 גרם,false,8,27.90,3.49,true,1,
7290004230104,false,קציצות בקר ברוטב עגבניות 800 גר` קפוא,טיבון ויל אחזקות בעמ,,,'יח,8,ל-100 גרם,false,14,27.90,3.49,true,1,
7290004230357,false,שגב מקלות בורקס פילו גבינה ובטטה 600 גר,האי נאם סי או אל.טי.,,,'יח,6,ל-100 גרם,false,10,19.90,3.32,true,1,
7290004456108,false,"סלמון פילה נורבגי 1.0-1.4 ק""ג בד""ץ עדה חרדית",בלדי בע`מ,,,"ק""ג",1,ל-100 גרם,true,1,79.90,79.90,false,1,
7290004492274,false,בייגלה טבעות מלוחות בייגל בייגל 400 גרם,"יוניליוור ישראל שיווק בע""מ",,,'יח,4,ל-100 גרם,false,1,9.90,2.48,false,1,
7290004492762,false,"נשנושים תירס אפוי טעם טבעי בייגל בייגל 325 גרם בד""צ",יוניליוור ישראל שיווק בע`מ,,,'יח,3.25,ל-100 גרם,false,1,12.90,3.97,true,1,
7290004544539,false,לחמניות סנדביץ ללא גלוטן 6 יח`,מאפית אריאל שיווק והפצה,,,'יח,1,'יח,false,1,17.90,17.90,false,1,
7290004544546,false,שליש בגט ללא גלוטן 4 יח,מאפית אריאל שיווק והפצה,,,'יח,1,'יח,false,1,17.90,17.90,false,1,
7290004544553,false,לחמניה המבורגר ללא גלוטן 4 יח`,מאפית אריאל שיווק והפצה,,,'יח,1,'יח,false,1,17.90,17.90,false,1,
7290004544560,false,לחמניה מיני ללא גלוטן 10 יח`,מאפית אריאל שיווק והפצה,,,'יח,1,'יח,false,1,17.90,17.90,false,1,
7290004544577,false,"בסיס אפוי לפיצה 2 יח`לל""ג",מאפית אריאל שיווק והפצה,,,'יח,1,'יח,false,1,21.90,21.90,false,1,
7290004584351,false,גבינה לבנה סימפוניה עם תוספות 200 ג' חמישית 200,שטראוס גרופ בעמ/מצונן,,,'יח,2,ל-100 גרם,false,12,10.90,5.45,false,1,
7290004584528,false,יוגורט דנונה ביו לבן 1.7% שומן 200 גרם,שטראוס גרופ בעמ/מצונן,,,'יח,2,"ל-100 מ""ל",false,1,3.70,1.85,false,1,
7290004585907,false,דני ועדן וניל 1.5% 125ג' שטראוס,שטראוס גרופ בעמ/מצונן,,,'יח,1.30,"ל-100 מ""ל",false,24,2.70,2.08,false,1,
7290004685478,false,פיתות כוסמין 10 יח בשקית 550 גרם,מאפיית י.את א. ברמן בעמ,,,'יח,5.50,ל-100 גרם,false,1,16.90,3.07,true,1,
7290004731472,false,"אל סבון צבעוני כיף שלישיה* 500 מ""ל",החברה הדרומית לשיווק בעמ,,,'יח,1.50,לליטר,false,8,19.90,13.27,false,1,
7290004737900,false,חלב כחוש מרוכז וממותק בתוספת שמן צמחי ויליפוד 397 גרם,ג. וילי-פוד אינטרנשיונל בע`מ,,,'יח,3.97,ל-100 גרם,false,48,9.90,2.49,false,1,
7290004846558,false,אצבעות אנטריקוט לא מעובד קפוא 450 גר`,זהר עופות ובשר בעמ,,,'יח,4.50,ל-100 גרם,false,1,34.90,7.76,false,1,
7290004872250,false,שלגון שרבט אבטיח נסטלה 108 גרם,נגה גלידות שותפות מוגבלת,,,'יח,1.08,ל-100 גרם,false,1,6.90,6.39,false,1,
7290005068058,false,תירס קל מופחת קלוריות 550 ג' פרי הגליל,ויטה- פרי גליל (החדשה) בעמ,,,'יח,5.50,ל-100 גרם,false,1,7.90,1.44,true,1,
7290005068553,false,פרי גליל לקט בורגנדי מוקפא 700 גרם,ויטה פרי גליל (החדשה) בע`מ,,,'יח,7,ל-100 גרם,false,16,12.90,1.84,false,1,
7290005068621,false,ברוקולי פרי הגליל 800 גרם,ויטה -פרי גליל (החדשה) בעמ,,,'יח,8,ל-100 גרם,false,12,14.90,1.86,false,1,
7290005084355,false,סנסודין משחת שיניים דואל קר פלואוריד 75,גלקסו סמית קליין,,,'יח,0.75,ל-100 גרם,false,1,21.90,29.20,true,1,
7290005175428,false,"קמח תירס לל""ג ריבארה 500 ג'",ג. וילי-פוד אינטרנשיונל בע`מ,,,'יח,5,ל-100 גרם,false,20,6.40,1.28,false,1,
7290005197758,false,"עוגיות חיוכים שוקולד עלית 150 גרם בד""צ",אפיפית נצרת תעשיות ב,,,'יח,1.50,ל-100 גרם,false,12,4.90,3.27,false,1,
7290005199288,false,גומי מאסט בטעם פטל לימון 28 ג' עלית,שטראוס גרופ בע`מ,,,'יח,0.28,ל-100 גרם,false,16,4.40,15.71,false,1,
7290005199578,false,קפה נמס מיובש בהקפאה נטול קפאין 200ג,שטראוס קפה בי.וי.,,,'יח,2,ל-100 גרם,false,6,35.90,17.95,false,1,
7290005200786,false,תפוצ'יפס בטעם שמנת בצל עלית 50 גרם,"שטראוס פריטו ליי בע""\מ )",,,'יח,0.50,ל-100 גרם,false,1,3.90,7.80,false,1,
7290005271779,false,ביצה גדול 30 יח לארג,גליקסמן שיווק ביצים [1994] בעמ,,,'יח,1,,false,1,30.12,30.12,false,1,
7290005271786,false,ביצים ארוזות Mעטוף 3,גליקסמן שיווק ביצים [1994] בעמ,,,'יח,1,,false,1,27.87,27.87,false,1,
7290005287206,false,רביעיית טונה בשמן סטארקיסט 160 גרם,דיפלומט מפיצים (1968) בעמ**,,,'יח,6.40,ל-100 גרם,false,1,24.90,3.89,false,1,
7290005287251,false,רביעיית טונה במים סטארקיסט 160 גרם,דיפלומט מפיצים (1968) בעמ**,,,'יח,6.40,ל-100 גרם,false,12,24.90,3.89,false,1,
7290005326523,false,ממרח פסטו פטרוזיליה ונענע אוליביה 180 גרם,תה ויסוצקי (ישראל) בעמ,,,'יח,1.80,ל-100 גרם,false,1,13.90,7.72,true,1,
7290005423499,false,"תרסיס לניקוי משטחי נירוסטה אירוסל סנו 500 מ""ל",החברה הדרומית לשיווק בעמ,,,'יח,5,"ל-100 מ""ל",false,1,19.90,3.98,false,1,
7290005423833,false,פוליוויקס נוזל לניקוי פרקט סנו (2 ליטר).,החברה הדרומית לשיווק בעמ,,,'יח,20,"ל-100 מ""ל",false,1,21.90,1.10,false,1,
7290005423871,false,שלישיית משחת שיניים מנטול אורביטול 145 גרם,טרופיקל דגיל תעשיות קוסמ,,,'יח,4.29,ל-100 גרם,false,8,17.90,4.17,false,1,
7290005423918,false,סנו - מקסימה מרכך כביסה היפואלרגני אלוורה 4 ליטר,החברה הדרומית לשיווק בעמ,,,'יח,40,"ל-100 מ""ל",false,1,21.90,0.55,false,1,
7290005424762,false,ריצפז פלוס ווקס נוזל להברקת רצפות דוחה תיקנים סנו 2 ליטר,החברה הדרומית לשיווק בעמ,,,'יח,20,"ל-100 מ""ל",false,8,25.90,1.30,false,1,
7290005425646,false,קליר נוזל לניקוי חלונות רב תכליתי סנו 1 ליטר,החברה הדרומית לשיווק בעמ,,,'יח,10,"ל-100 מ""ל",false,12,10.90,1.09,false,1,
7290005426193,false,ספוגית הפלא סנו סושי 6 יחידות,החברה הדרומית לשיווק בעמ,,,'יח,1,,false,12,10.90,10.90,false,1,
7290005426230,false,מטלית הפלא לרצפה מיקרופייבר סנו 1יח',החברה הדרומית לשיווק בעמ,,,'יח,1,,false,12,11.90,11.90,false,1,
7290005426803,false,מקסימה מרכך כביסה פצ'ולי לבנדר סגול סנו 4 ליטר,החברה הדרומית לשיווק בעמ,,,'יח,40,"ל-100 מ""ל",false,6,21.90,0.55,false,1,
7290005427725,false,"חמישיית מגבונים מבושם ""ליטופים""",טרופיקל דגיל קוסמטיק,,,'יח,1,'יח,false,5,19.90,19.90,false,1,
7290005428852,false,ממחטות טישו צבעוניים סנו סופט 5 יח' *100דף,החברה הדרומית לשיווק בעמ,,,'יח,6.50,ל-100 גרם,false,1,14.90,2.29,false,1,
7290005430480,false,מטלית הפלא למשטחים מיקרופייבר סנו סושי 1 יחידה,החברה הדרומית לשיווק בעמ,,,'יח,1,,false,12,7.90,7.90,false,1,
7290005430602,false,"סנו אוקסיג'ן ספריי להסרת כתמים עם חמצן פעיל 750 מ""ל",החברה הדרומית לשיווק בעמ,,,'יח,7.50,"ל-100 מ""ל",false,12,17.90,2.39,true,1,
7290005559907,false,פיצה משפחתית 100% גבינה מעדנות 500 גרם,תנובה מרכז שיתופי לשיווק תוצרת,,,'יח,5,ל-100 גרם,false,10,19.90,3.98,false,1,
7290005559914,false,פיצה משפחתית עם 100% גבינה בתוספת זיתים מעדנות 550 גרם,תנובה מרכז שיתופי לשיווק תוצרת,,,'יח,5.50,ל-100 גרם,false,8,19.90,3.62,false,1,
7290005559990,false,בצק עלים פילאס תורכי 600 גרם קפוא,תנובה מרכז שיתופי לשיווק תוצרת,,,'יח,6,ל-100 גרם,false,16,22.90,3.82,false,1,
7290005591761,false,דבש טהור מפרחי בר בלחיץ 400 ג' יד מרדכי,מכוורת יד מרדכי שטרא,,,'יח,4,ל-100 גרם,false,12,23.90,5.98,false,1,
7290005678028,false,ענב סופריור ירוק,ביכורי השדה הצפון בעמ` 1964,,,"ק""ג",1,,true,1,19.90,19.90,false,1,
7290005678417,false,טלי ענב לבן בוטיק ווינטר קינג,"בכורי השדה צפון1994 ג.ד. בע""מ",,,"ק""ג",1,,true,1,24.90,24.90,false,1,
7290005680052,false,טמפונים סופר פלוס אובה 32 יחידות,גונסון אנד גונסון,,,'יח,0,ל-100 גרם,false,1,24.90,24.90,false,1,
7290005838002,false,מעדן גבינה ויוגורט בטעם וניל 88 ג' דניאלה,שטראוס גרופ בעמ/מצונן,,,'יח,1.50,"ל-100 מ""ל",false,24,4.30,2.87,false,1,
7290005838613,false,קרם גבינה 3% בטעם וניל סקי (125 גרם),שטראוס גרופ בעמ/מצונן,,,'יח,1.25,ל-100 גרם,false,24,3.90,3.12,true,1,
7290005839078,false,שמיניית יוגורט לבן 3% ביו דנונה 150 גרם,שטראוס גרופ בעמ/מצונן,,,'יח,1.50,ל-100 גרם,false,3,16.90,11.27,false,1,
7290005839108,false,גבינה לבנה סימפוניה עם תוספות 200 ג'+זיתים 5%,שטראוס גרופ בעמ/מצונן,,,'יח,2,ל-100 גרם,false,12,11.90,5.95,false,1,
7290005839313,false,מילקי Top עם שוקולדה מגולגלת 140 גרם,שטראוס גרופ בעמ/מצונן,,,'יח,1.30,"ל-100 מ""ל",false,20,4.90,3.77,false,1,
7290005938245,false,ממרח פסטו קלאסי פרסקו 220ג' מצונן,מיוצר עי פרסקו חצבה,,,'יח,2.20,ל-100 גרם,false,12,16.90,7.68,false,1,
7290005938603,false,ממרח זיתים שחורים 220 גרם,נטו מלינדה סחר בע`מ,,,'יח,2.20,ל-100 גרם,false,1,16.90,7.68,false,1,
7290005938610,false,ממרח זיתים ירוקים 220 גרם,נטו מלינדה סחר בע`מ,,,'יח,2.20,ל-100 גרם,false,1,16.90,7.68,false,1,
7290006229427,false,סן בנדטו - מים מינרלים - מארז שישיית 500 מל,טמפו משקאות בע`מ,,,'יח,30,"ל-100 מ""ל",false,4,13.90,0.40,true,1,
7290006241504,false,"משקה תפוזים קפוא פריגת 340 מ""ל",החברה המרכזית טלהפצת משקאות בע,,,'יח,3.40,ל-100 גרם,false,1,13.90,4.09,true,1,
7290006241511,false,"משקה לימונענע מרוכז קפוא פריגת 280 מ""ל",היינץ צפון אמריקה מק,,,'יח,3.40,ל-100 גרם,false,1,13.90,4.09,true,1,
7290006251107,false,תה מסאלה צ'אי ויסוצקי 25 יחידות,תה ויסוצקי (ישראל) בעמ,,,'יח,0.50,ל-100 גרם,false,1,19.90,39.80,false,1,
7290006251268,false,תה ירוק בטעם תפוח וקינמון ויסוצקי 25 יחידות,תה ויסוצקי (ישראל)בעמ,,,'יח,0.3750,ל-100 גרם,false,1,22.90,61.07,true,1,
7290006251275,false,תה ירוק סיני קלאסי ויסוצקי 25 יחידות,תה ויסוצקי (ישראל) בעמ,,,'יח,0.3750,ל-100 גרם,false,1,22.90,61.07,true,1,
7290006251282,false,חליטת חמוציות הגן הקסום ויסוצקי 25 יחידות,תה ויסוצקי (ישראל) בעמ,,,'יח,0.75,ל-100 גרם,false,1,19.90,26.53,true,1,
7290006251343,false,חליטת פסיפלורה מנגו הגן הקסום ויסוצקי 25 יחידות,תה ויסוצקי (ישראל) בעמ,,,'יח,0.6250,ל-100 גרם,false,1,19.90,31.84,true,1,
7290006251374,false,תה ירוק לימונית וג'ינג'ר ויסוצקי 25 יחידות,תה ויסוצקי (ישראל) בעמ,,,'יח,0.25,ל-100 גרם,false,1,22.90,91.60,true,1,
7290006251589,false,תה ירוק עם עלי נענע 50 שקיקים ויסוצקי,תה ויסוצקי (ישראל) בעמ,,,'יח,0.75,ל-100 גרם,false,1,41.90,55.87,true,1,
7290006271174,false,ג'חנון לאפיה בתנור מעדנות 700 גרם,תנובה מרכז שיתופי לשיווק תוצרת,,,'יח,7,ל-100 גרם,false,1,18.90,2.70,false,1,
7290006271181,false,ג'חנון אפוי למיקרוגל מעדנות 750 גרם,תנובה מרכז שיתופי לשיווק תוצרת,,,'יח,7.50,ל-100 גרם,false,10,22.90,3.05,false,1,
7290006271648,false,מיני בורקס תפוח אדמה מעדנות (800 גרם),תנובה מרכז שיתופי לשיווק תוצרת,,,'יח,8,ל-100 גרם,false,12,23.90,2.99,false,1,
7290006271655,false,מיני בורקס במילוי גבינה מעדנות (800 גרם),תנובה מרכז שיתופי לשיווק תוצרת,,,'יח,8,ל-100 גרם,false,12,24.90,3.11,false,1,
7290006342645,false,טורטיה גדולה שקדיה 840 גרם 12 יחידות,דין שיווק וקליה 2021 בעמ,,,'יח,8.40,ל-100 גרם,false,1,14.90,1.77,false,1,
7290006346643,false,חומוס זעתר 250 גרם ס,ירין חזון שיווק ומזון,,,'יח,2.50,ל-100 גרם,false,1,9.90,3.96,false,1,
7290006374738,false,קונפיטורה תות יד מרדכי בטעם תות,אף.סי תבליני בגליל ב,,,'יח,3.40,ל-100 גרם,false,6,14.90,4.38,true,1,
7290006492685,false,גבינת לאבנה עיזים 5% גד (250 גרם),מחלבות גד שיווק 1992 בעמ,,,'יח,2.50,ל-100 גרם,false,1,17.90,7.16,false,1,
7290006494924,false,טוסו וופל קלאסי במילוי קרם לימון 200 גרם,"דנשר (1963) בע,מ",,,'יח,1.80,ל-100 גרם,false,1,7.90,4.39,false,1,
7290006546012,false,שעועית בנוסח מקסיקני בטעם חריף 580 ג' פרי הגליל,ויטה פרי גליל (החדשה) בע`מ,,,'יח,5.80,ל-100 גרם,false,1,7.90,1.36,true,1,
7290006546371,false,במיה 600 ג' פרי הגליל,ויטה פרי גליל (החדשה) בע`מ,,,'יח,6,ל-100 גרם,false,20,10.90,1.82,false,1,
7290006546395,false,לקט העונה קפוא פרי הגליל 800ג',ויטה- פרי גליל (החדשה) בעמ,,,'יח,8,ל-100 גרם,false,18,9.90,1.24,false,1,
7290006546999,false,לקט למרק פרי הגליל 800 ג',ויטה פרי גליל (החדשה) בע`מ,,,'יח,8,ל-100 גרם,false,1,12.90,1.61,false,1,
7290006618085,false,"אסטוניש תרסיס ניקוי אמבטיה וכיורים יעקבי 750 מ""ל",יעקב יעקבי ובניו בע`מ,,,'יח,7.50,"ל-100 מ""ל",false,1,11.90,1.59,false,1,
7290006653765,false,פרפקטו פסטה פטוצ'יני אסם 500 גרם,קבוצת אוסם סחר שותפות מוגבלת,,,'יח,5,ל-100 גרם,false,1,6.90,1.38,true,1,
7290006664051,false,"אקטימל לבן 1.51 ק""ג מארז 14 יחידות",שטראוס גרופ בעמ/מצונן,,,'יח,1,ל-100 גרם,false,1,29.90,29.90,false,1,
7290006664402,false,גבינה לבנה סקי 5% שומן 750 גרם,שטראוס גרופ בעמ/מצונן,,,'יח,7.50,ל-100 גרם,false,6,14.90,1.99,false,1,
7290006664532,false,יוגורט עם תות 3% שומן 150 ג' דנונה,שטראוס גרופ בעמ/מצונן,,,'יח,1.50,"ל-100 מ""ל",false,24,3.90,2.60,false,1,
7290006664990,false,"יוגורט דנונה ביו לבן 1.7% שומן 8*150 מ""ל",שטראוס גרופ בעמ/מצונן,,,'יח,1.50,ל-100 גרם,false,3,16.90,11.27,false,1,
7290006666314,false,סלט טחינה משומשום טהור,כ.מ.מ שיווק סלטי משני בעמ,,,'יח,1.50,ל-100 גרם,false,1,12.90,8.60,false,1,
7290006666338,false,סלט טחינה ירוקה עם פטרוזיליה,כ.מ.מ שיווק סלטי משני בעמ,,,'יח,3,ל-100 גרם,false,1,13.90,4.63,false,1,
7290006666345,false,סלט חצילים במיונז על האש,כ.מ.מ שיווק סלטי משני בעמ,,,'יח,3,ל-100 גרם,false,1,19.90,6.63,false,1,
7290006666352,false,סלט חציל בטחינה 300 גרם,כ.מ.מ שיווק סלטי משני בעמ,,,'יח,3,ל-100 גרם,false,1,19.90,6.63,false,1,
7290006666413,false,סלט כרוב אדום במיונז,כ.מ.מ שיווק סלטי משני בעמ,,,'יח,3,ל-100 גרם,false,1,15.90,5.30,false,1,
7290006666437,false,סלט טורקי סלטי משני,כ.מ.מ שיווק סלטי משני בעמ,,,'יח,3,ל-100 גרם,false,1,15.90,5.30,false,1,
7290006681553,false,קרמבו בטעם וניל שטראוס 8 יחידות,"גלידות שטראוס בע""מ",,,'יח,19.20,ל-100 גרם,false,1,16.90,0.88,false,1,
7290006681560,false,קרמבו בטעם מוקה שטראוס 8 יחידות,"גלידות שטראוס בע""מ",,,'יח,19.20,ל-100 גרם,false,1,16.90,0.88,false,1,
7290006708137,false,קוקטייל עוף טרי ארוז,עוף טוב ( שאן) בעמ,,,"ק""ג",1,"ק""ג",true,1,29.90,29.90,true,1,
7290006712981,false,"משחת שיניים קולגייט ספיידרמן מגיל שש 50 מ""ל",הנסיך- מפעל לייצור ט,,,'יח,0.50,ל-100 גרם,false,1,11.90,23.80,false,1,
7290006739292,false,נקניק פסטרמה פרגיות ציפוי תירס,נקניק נהריה כשר זוגל,,,'יח,3.30,ל-100 גרם,false,1,26.90,8.15,true,1,
7290006739414,false,נקניק סלמי קוניאק זוגלובק 300 גרם,נקניק נהריה כשר זוגל,,,'יח,3,ל-100 גרם,false,1,26.90,8.97,true,1,
7290006739421,false,נקניק סלמי מעושן איטלקי זוגלובק 300 גרם,נקניק נהריה כשר זוגל,,,'יח,3,ל-100 גרם,false,1,26.90,8.97,true,1,
7290006742278,false,פסטרמה הודו צלויה על לבנים 330 ג' זוגלובק,נקניק נהריה כשר זוגל,,,'יח,3.30,ל-100 גרם,false,1,26.90,8.15,true,1,
7290006742292,false,פסטרמה הודו בדבש 330 ג' זוגלובק,נקניק נהריה כשר זוגל,,,'יח,3.30,ל-100 גרם,false,1,26.90,8.15,true,1,
7290006742315,false,פסטרמה חזה הודו ברביקיו 2% זוגלובק 330 גרם,נקניק נהריה כשר זוגל,,,'יח,3.30,ל-100 גרם,false,1,26.90,8.15,true,1,
7290006765000,false,טורטיה מקמח מלא שקדיה 540 גרם,דין שיווק וקליה 2021 בעמ,,,'יח,5.40,ל-100 גרם,false,1,9.90,1.83,false,1,
7290006775023,false,עוגה אנגלית אחוה (450 גרם)אחוה,אחדות ביתחרושת לטחינה חלבה,,,'יח,4.50,ל-100 גרם,false,1,9.90,2.20,true,1,
7290006775030,false,עוגת שוקו צ`יפס אחוה (450 גרם)אחוה,אחדות ביתחרושת לטחינה חלבה,,,'יח,4.50,ל-100 גרם,false,1,9.90,2.20,true,1,
7290006775047,false,עוגת שוקולד אחוה (450 גרם)אחוה,אחדות ביתחרושת לטחינה חלבה,,,'יח,4.50,ל-100 גרם,false,1,9.90,2.20,true,1,
7290006775054,false,עוגת שיש אחוה (450 גרם)אחוה,אחדות ביתחרושת לטחינה חלבה,,,'יח,4.50,ל-100 גרם,false,1,9.90,2.20,true,1,
7290006775085,false,עוגת שמרים במילוי שוקולד אחוה,אחדות ביתחרושת לטחינה חלבה,,,'יח,4,ל-100 גרם,false,1,11.90,2.98,false,1,
7290006775801,false,עוגיות רוגלך שוקולד 400 גר' אחדות,אחדות ביתחרושת לטחינה חלבה,,,'יח,4,ל-100 גרם,false,1,10.90,2.73,false,1,
7290006784032,false,עלמה כריות יפניות - ללא שריטות 6 יחידות,קומפלקס כימקלים בעמ`,,,'יח,1,'יח,false,1,6.90,6.90,true,1,
7290006855183,false,חטיף תמרים אגוזי מלך 4 יח`במארז ברבריא,טבעית מוצרים מן הטבע,,,'יח,1.20,ל-100 גרם,false,1,16.90,14.08,false,1,
7290006908414,false,גרעיני חמניה 400 גרם פיצוחי חממה,בוטנת בעמ חברה לקלייה ואריזת פ,,,'יח,2.50,ל-100 גרם,false,1,9.90,3.96,false,1,
7290006908667,false,שזיף מגולען 200 גרם,בוטנת בעמ חברה לקלייה ואריזת פ,,,'יח,2,ל-100 גרם,false,1,10.90,5.45,false,1,
7290006983152,false,קרוטונים מתובלים למרק אסם (400 גרם),קבוצת אוסם סחר שותפות מוגבלת,,,'יח,4,ל-100 גרם,false,1,17.90,4.48,false,1,
7290006983176,false,קרקר לחמית שיפון אסם (230 גרם),קבוצת אוסם סחר שותפות מוגבלת,,,'יח,2.30,ל-100 גרם,false,1,9.90,4.30,true,1,
7290006983206,false,אבקה להכנת פלאפל בקלי קלות 180 גרם,קבוצת אוסם סחר שותפות מוגבלת,,,'יח,1.80,ל-100 גרם,false,1,9.60,5.33,false,1,
7290006983763,false,עוגת הבית בטעם שוקולד אסם (400 גרם),קבוצת אוסם סחר שותפות מוגבלת,,,'יח,4,ל-100 גרם,false,1,12.90,3.23,false,1,
7290006983770,false,עוגת הבית שיש אסם (400 גרם),קבוצת אוסם סחר שותפות מוגבלת,,,'יח,4,ל-100 גרם,false,1,12.90,3.23,false,1,
7290006983787,false,עוגת הבית שוקולד צ'יפס אסם 400 גרם,קבוצת אוסם סחר שותפות מוגבלת,,,'יח,4,ל-100 גרם,false,1,12.90,3.23,false,1,
7290006983794,false,עוגת הבית בטעם תפוז אסם 400 גרם,קבוצת אוסם סחר שותפות מוגבלת,,,'יח,4,ל-100 גרם,false,1,12.90,3.23,false,1,
7290006992208,false,מטרנה - דייסת דגנים מעורבים 200 גרם,קבוצת אוסם סחר שותפות מוגבלת,,,'יח,2,ל-100 גרם,false,1,13.90,6.95,false,1,
7290006992390,false,"מטרנה - דייסת וניל פרוביוטי כשל""פ 200 גרם",קבוצת אוסם סחר שותפות מוגבלת,,,'יח,2,ל-100 גרם,false,1,13.90,6.95,false,1,
7290008000246,false,"פמינה - שטיפה אינטימית מועשר באלוורה 220 מ""ל",גורי ע.ע.ע. בע`מ,,,'יח,2.20,"ל-100 מ""ל",false,1,24.90,11.32,false,1,
7290008000826,false,"משחת שיניים לילדים בטעם פירות לגילאים 2-6 כצט 50 מ""ל",גורי ע.ע.ע. בע`מ,,,'יח,0.70,ל-100 גרם,false,36,10.90,15.57,false,1,
7290008154222,false,עוף טוב שניצלונים 700 גרם,קבוצת אוסם סחר-שות.מוגבלת,,,'יח,7,ל-100 גרם,false,1,16.90,2.41,true,1,
7290008175210,false,גבינת פרמזן מגורדת 90ג' ויליפוד,ג.וילי-פוד אינטרנשיונל **גבינו,,,'יח,9,ל-100 גרם,false,1,14.90,1.66,false,1,
7290008330107,false,מרכך כביסה סגול בדין (4 ליטר),יוניליוור ישראל שיווק בע`מ,,,'יח,40,"ל-100 מ""ל",false,1,19.90,0.50,false,1,
7290008335546,false,ורניקי במלית תפוא 600 גר` שלושת האופים,נטו מלינדה סחר בע`מ,,,'יח,6,ל-100 גרם,false,1,12.90,2.15,false,1,
7290008343466,false,בצק פילו שלושת האופים (500 גרם),שלושת האופים שגמור,,,'יח,5,ל-100 גרם,false,12,19.90,3.98,false,1,
7290008343558,false,סיגרים במילוי בשר פיקנטי 1 ק``ג קפוא,נטו מלינדה סחר בע`מ,,,'יח,10,ל-100 גרם,false,8,19.90,1.99,false,1,
7290008343572,false,אגרול סיני 1 קג -שלושת האופים,נטו מלינדה סחר בע`מ,,,'יח,10,ל-100 גרם,false,8,19.90,1.99,false,1,
7290008343619,false,"פסטלים תפו""א שלושת האופים 1 ק""ג",נטו מלינדה סחר בע`מ,,,'יח,10,ל-100 גרם,false,8,19.90,1.99,false,1,
7290008345583,false,סלט איקרה ביתית ורודה דלידג (300 גרם),נטו מלינדה סחר בע`מ,,,'יח,3,ל-100 גרם,false,6,19.90,6.63,false,1,
7290008407441,false,ריאות בקר,ג.ת שווק בן בקר בע`מ,,,"ק""ג",1,'יח,true,1,24.90,24.90,false,1,
7290008409049,false,שניצלונים בציפוי שומשום מיני מיני דק מאמא עוף 500 גרם,תנובה מרכז שיתופי לשיווק תוצרת,,,'יח,5,ל-100 גרם,false,14,25.90,5.18,false,1,
7290008409124,false,מאמא עוף קפוא שניצל ג'ונגל פריך 700 גרם,תנובה מרכז שיתופי לשיווק תוצרת,,,'יח,7,ל-100 גרם,false,10,34.90,4.99,false,1,
7290008409216,false,מאמא עוף קפוא שניצל דק פריך 700 גרם,תנובה מרכז שיתופי לשיווק תוצרת,,,'יח,7,ל-100 גרם,false,10,41.90,5.99,false,1,
7290008409223,false,שניצל דק דק מתובל מאמא עוף (700 גרם),תנובה מרכז שיתופי לשיווק תוצרת,,,'יח,7,ל-100 גרם,false,1,41.90,5.99,false,1,
7290008409315,false,שניצלונים בציפוי פריך מיני מיני דק מאמא עוף 500 גרם,תנובה מרכז שיתופי לשיווק תוצרת,,,'יח,5,ל-100 גרם,false,14,24.90,4.98,false,1,
7290008409551,false,שניצל עוף אמיתי בציפוי מעודן 700 ג' מאמא עוף,תנובה מרכז שיתופי לשיווק תוצרת,,,'יח,7,ל-100 גרם,false,10,41.90,5.99,false,1,
7290008496353,false,פילה סלמון קפוא נרווגי,עוף ירושלים מהדרין בע`מ,,,"ק""ג",1,ל-100 גרם,true,1,79.90,79.90,false,1,
7290008644839,false,ח.ערבית/איסברג-300שטראוס,ביכורי השדה הצפון בעמ` 1964,,,'יח,3,ל-100 גרם,false,1,9.90,3.30,false,1,
7290008644945,false,סלט המושבה שטראוס 450 גר`-טעם הטבע,שטראוס בריאות ירקות טריי,,,'יח,4.50,'יח,false,1,12.90,2.87,false,1,
7290008645935,false,אחלה חומוס לניגוב 750 גרם,שטראוס גרופ בעמ/מצונן,,,'יח,7.50,ל-100 גרם,false,6,10.90,1.45,true,1,
7290008693134,false,מעדן גבינה ויוגורט בטעם תות 5% שומן 88 ג' דניאלה,שטראוס גרופ בעמ/מצונן,,,'יח,1.50,"ל-100 מ""ל",false,24,4.30,2.87,false,1,
7290008745239,false,תפוצ'יפס קראנצ' בטעם טבעי עלית 50 גרם,"שטראוס פריטו ליי בע""\מ )",,,'יח,0.55,ל-100 גרם,false,1,3.90,7.09,false,1,
7290008747547,false,תפוצ'יפס קראנץ' בטעם טבעי עלית 200 גרם,"שטראוס פריטו ליי בע""\מ )",,,'יח,2,ל-100 גרם,false,1,10.90,5.45,true,1,
7290008750264,false,"מסטיק מאסט ציקלס דובדבן 28 גרם לל""ס מגדים",שטראוס גרופ בע`מ,,,'יח,0.28,ל-100 גרם,false,16,4.40,15.71,false,1,
7290008752244,false,תפוצ'יפס קראנץ' בטעם גריל עלית 50 גרם,"שטראוס פריטו ליי בע""\מ )",,,'יח,0.50,ל-100 גרם,false,1,3.90,7.80,false,1,
7290008753111,false,תפוצ'יפס קראנץ' בטעם מקסיקני עלית 50 גרם,"שטראוס פריטו ליי בע""\מ )",,,'יח,0.50,ל-100 גרם,false,1,3.90,7.80,false,1,
7290008754422,false,גומי מאסט בטעם פפרמינט קלאסי פליפטופ 28 ג' עלית,שטראוס גרופ בע`מ,,,'יח,0.28,ל-100 גרם,false,16,4.40,15.71,false,1,
7290008775816,false,ערגליות עוגיות במילוי שוקולד אסם 300 גרם,קבוצת אוסם סחר שותפות מוגבלת,,,'יח,3,ל-100 גרם,false,1,9.90,3.30,true,1,
7290008775823,false,ערגליות עוגיות תות שדה אסם 300 גרם,קבוצת אוסם סחר שותפות מוגבלת,,,'יח,3,ל-100 גרם,false,1,9.90,3.30,true,1,
7290008801478,false,יין טופז זהב אדום מתוק ייצוא 750 מל,אגודת הכורמים בעמ,,,'יח,7.50,"ל-100 מ""ל",false,1,19.90,2.61,false,1,
7290008801522,false,יין קינג דויד קונקורד אדום מתוק 750 מל,אגודת הכורמים הקואופרטיב,,,'יח,7.50,"ל-100 מ""ל",false,1,24.90,3.28,true,1,
7290008801539,false,כרמל 120 אדום מתוק 750 מל קינג דיוויד,אגודת הכורמים הקואופרטיב,,,'יח,7.50,"ל-100 מ""ל",false,1,24.90,3.28,true,1,
7290008801546,false,יין מוסקט מתוק קינג דיוויד יקבי כרמל,אגודת הכורמים הקואופרטיב,,,'יח,7.50,"ל-100 מ""ל",false,1,24.90,3.28,true,1,
7290008801843,false,סלקטד קברנה סובניון יקבי כרמל (750 מל),אגודת הכורמים בעמ,,,'יח,7.50,"ל-100 מ""ל",false,1,29.90,3.95,true,1,
7290008802512,false,"יין וינו אדום ""כרמל מזרחי""",אגודת הכורמים בעמ,,,'יח,7.50,"ל-100 מ""ל",false,1,21.90,2.88,true,1,
7290008802529,false,"יין לבן חצי יבש וינו 750 מ""ל",אגודת הכורמים בעמ,,,'יח,7.50,"ל-100 מ""ל",false,1,21.90,2.88,true,1,
7290008802895,false,יין קברנה סוביניון פרייבט קולקשן יקבי כרמל,אגודת הכורמים הקאופורטיב,,,'יח,7.50,"ל-100 מ""ל",false,1,39.90,5.28,true,1,
7290008803090,false,"יין מרלו קולקשיין הסדרה האזורית כרמל 750 מ""ל",אגודת הכורמים הקואופרטיב,,,'יח,7.50,"ל-100 מ""ל",false,1,59.90,7.95,true,1,
7290008806985,false,נישנושים גלידה שוקו וניל בציפוי שוקולד 60 יח' קרמיסימו,"גלידת שטראוס בע""\מ, רחוב",,,'יח,6.30,ל-100 גרם,false,1,39.90,6.33,false,1,
7290008975551,false,תחליף חלב מטרנה מהדרין שלב 3 חלבי 700 גרם,קבוצת אוסם סחר שותפות מוגבלת,,,'יח,7,ל-100 גרם,false,1,54.90,7.84,false,1,
7290010002078,false,פלפל שחור טחון תבליני מימון (100 גרם),א.ל. ייצור ושיווק תבלינים בע`מ,,,'יח,1,ל-100 גרם,false,1,14.90,14.90,false,1,
7290010002122,false,פפריקה הונגרית מתוקה תבליני מימון 100 גרם,א.ל. ייצור ושיווק תבלינים בע`מ,,,'יח,1,ל-100 גרם,false,1,11.90,11.90,true,1,
7290010002146,false,פפריקה מרוקאית מתוקה תבליני מימון 100 גרם,א.ל. ייצור ושיווק תבלינים בע`מ,,,'יח,1,ל-100 גרם,false,1,11.90,11.90,true,1,
7290010002290,false,תיבול לשווארמה תבליני מימון 100 גרם,א.ל. ייצור ושיווק תבלינים בע`מ,,,'יח,1,ל-100 גרם,false,1,11.90,11.90,false,1,
7290010002313,false,תבלין ראס אל חנות תבליני מימון 100 גרם,א.ל. ייצור ושיווק תבלינים בע`מ,,,'יח,1,ל-100 גרם,false,1,11.90,11.90,false,1,
7290010002368,false,תערובת חווויג' תבליני מימון 100 גרם,א.ל. ייצור ושיווק תבלינים בע`מ,,,'יח,1,ל-100 גרם,false,1,11.90,11.90,false,1,
7290010002375,false,תבלין מדראס קארי תבליני מימון (100 גרם),א.ל. ייצור ושיווק תבלינים בע`מ,,,'יח,1,ל-100 גרם,false,1,11.90,11.90,false,1,
7290010002382,false,תבלין אורגנו תבליני מימון 40 גרם,א.ל. ייצור ושיווק תבלינים בע`מ,,,'יח,0.40,ל-100 גרם,false,1,9.90,24.75,false,1,
7290010002726,false,תבלין לפרגיות תבליני מימון 100 גרם.,א.ל. ייצור ושיווק תבלינים בע`מ,,,'יח,1,ל-100 גרם,false,1,11.90,11.90,false,1,
7290010003051,false,פפריקה הונגרית מתוקה תבליני מימון 400 גרם,א.ל. ייצור ושיווק תבלינים בע`מ,,,'יח,4,ל-100 גרם,false,1,23.90,5.98,false,1,
7290010003686,false,עלי דפנה שקית תבליני מימון (20 גרם),א.ל. ייצור ושיווק תבלינים בע`מ,,,'יח,2,ל-100 גרם,false,1,5.90,2.95,false,1,
7290010003693,false,פפריקה מתוקה בשקית תבליני מימון 80 גרם,א.ל. ייצור ושיווק תבלינים בע`מ,,,'יח,8,ל-100 גרם,false,1,5.90,0.74,false,1,
7290010003709,false,פלפל שחור טחון בשקית תבליני מימון 50 גרם,א.ל. ייצור ושיווק תבלינים בע`מ,,,'יח,5,ל-100 גרם,false,1,8.90,1.78,false,1,
7290010003754,false,כמון טחון בשקית תבליני תבליני מימון 50 גרם,א.ל. ייצור ושיווק תבלינים בע`מ,,,'יח,5,ל-100 גרם,false,1,5.90,1.18,false,1,
7290010003761,false,כורכום טחון בשקית תבליני מימון 80 גרם,א.ל. ייצור ושיווק תבלינים בע`מ,,,'יח,8,ל-100 גרם,false,1,5.90,0.74,false,1,
7290010003822,false,פפריקה חריפה בשקית תבליני מימון (80 גרם),א.ל. ייצור ושיווק תבלינים בע`מ,,,'יח,8,ל-100 גרם,false,1,5.90,0.74,false,1,
7290010003846,false,אורגנו בשקית תבליני מימון 20 גרם,א.ל. ייצור ושיווק תבלינים בע`מ,,,'יח,2,ל-100 גרם,false,1,5.90,2.95,false,1,
7290010007042,false,לחם שיפון קלאסיק 650 גרם,מאפיית קלאסיק,,,'יח,6.50,ל-100 גרם,false,1,13.90,2.14,false,1,
7290010007073,false,לחם בריאות עם סובין קלאסיק 650 גרם,מאפיית קלאסיק,,,'יח,6.50,ל-100 גרם,false,1,13.90,2.14,false,1,
7290010007103,false,לחם ריז`סקי קלאסיק 650 גרם,מאפיית קלאסיק,,,'יח,6.50,ל-100 גרם,false,1,13.90,2.14,false,1,
7290010007202,false,לחם שיפון קל עם סובין קלאסיק 650 גרם,מאפיית קלאסיק,,,'יח,6.50,ל-100 גרם,false,1,13.90,2.14,false,1,
7290010007219,false,לחם דגנים קלאסיק 650 גרם,מאפיית קלאסיק,,,'יח,6.50,ל-100 גרם,false,1,13.90,2.14,false,1,
7290010065332,false,מחית תפוח עץ בננה ג'וניור פרינוק 190 גרם,גורי מוצרי צריכה (1991) בעמ,,,'יח,1.90,ל-100 גרם,false,1,6.90,3.63,true,1,
7290010065349,false,72900פרינוק מחית סלט פירות שלב 3 190 גרם,גורי מוצרי צריכה (1991) בעמ,,,'יח,1.90,ל-100 גרם,false,1,6.90,3.63,true,1,
7290010116980,false,שוקולית אבקה להכנת משקה שוקו שקית 850,הנסיך- מפעל לייצור ט,,,'יח,8.50,ל-100 גרם,false,6,17.90,2.11,false,1,
7290010117864,false,דוריטוס חטיף תירס בטעם חריף אש עלית 70 גרם,"שטראוס פריטו ליי בע""\מ )",,,'יח,0.70,ל-100 גרם,false,1,3.90,5.57,true,1,
7290010117970,false,סבבה בוטנים קלויים מצופים - אריזה אישית,"שטראוס פריטו ליי בע""מ",,,'יח,0.50,ל-100 גרם,false,1,1.90,3.80,false,1,
7290010124503,false,שומן כבש מעובד ארוז בלדי 200גר,בלדי בע`מ,,,'יח,2,ל-100 גרם,false,30,11.90,5.95,false,1,
7290010154005,false,סחוג תימני תבליני ביטון יוחאי (250 גרם),תבליני יוחאי ביטון,,,'יח,2.50,ל-100 גרם,false,12,12.90,5.16,false,1,
7290010154012,false,לימון בלאדי תבליני ביטון יוחאי (250 גרם),נטו מלינדה סחר בע`מ,,,'יח,2.50,ל-100 גרם,false,12,12.90,5.16,false,1,
7290010154050,false,ממרח שיפקה כבוש ביטון יוחאי (250 גרם),תבליני ביטון יוחאי,,,'יח,2.50,ל-100 גרם,false,12,12.90,5.16,false,1,
7290010154241,false,סלט חזרת ביתית תבליני ביטון יוחאי (250 ג,נטו מלינדה סחר בע`מ,,,'יח,2.50,ל-100 גרם,false,1,13.90,5.56,false,1,
7290010154425,false,סחוג ירוק תבליני ביטון 130 גרם,תבליני ביטון יוחאי,,,'יח,1.30,ל-100 גרם,false,12,7.90,6.08,false,1,
7290010163069,false,צנובר 100 גרם שקית שקדיה,דין שיווק וקליה 2021 בעמ,,,'יח,1,ל-100 גרם,false,1,19.90,19.90,false,1,
7290010237531,false,משקה מוגז בטעם קולה פפסי (500 מל),סנו מפעלי ברונוס.,,,'יח,5,"ל-100 מ""ל",false,24,4.80,0.90,false,1,
7290010237548,false,"פפסי מקס דל קלוריות 500 מ""ל בקבוק",טמפו משקאות בע`מ,,,'יח,5,"ל-100 מ""ל",false,24,4.80,0.90,false,1,
7290010237562,false,משקה מוגז בטעם תפוזים מירנדה (500 מל),טמפו משקאות בע`מ,,,'יח,5,"ל-100 מ""ל",false,24,4.80,0.90,false,1,
7290010237579,false,משקה מוגז בטעם ליים סבן אפ (500 מל),טמפו משקאות בע`מ,,,'יח,5,"ל-100 מ""ל",false,24,4.80,0.90,false,1,
7290010237586,false,פפסי קול סבן אפ דיאט 500 מל,טמפו משקאות בע`מ,,,'יח,5,"ל-100 מ""ל",false,24,4.80,0.90,false,1,
7290010259366,false,וילי פוד נודלס אטר.ביצים מסולסל בדץ 200ג,ג. וילי-פוד אינטרנשיונל בע`מ,,,'יח,2,ל-100 גרם,false,24,4.90,2.45,false,1,
7290010259830,false,מנת השף נודלס בסגנון סיני פיקנטי וילי פוד 70 גרם,ג. וילי-פוד אינטרנשיונל בע`מ,,,'יח,7,ל-100 גרם,false,1,4.90,0.70,false,1,
7290010259991,false,צנימים מיוחדים בטעם טבעי 250 ג',ג. וילי-פוד אינטרנשיונל בע`מ,,,'יח,2.50,ל-100 גרם,false,24,7.90,3.16,false,1,
7290010328246,false,טחינה גולמית משומשום מלא אחווה 500 גרם,אחדות ביתחרושת לטחינה חלבה,,,'יח,5,ל-100 גרם,false,1,10.90,2.18,true,1,
7290010328253,false,טחינה גולמית משומשום טבעי אחווה 500 גרם,אחדות ביתחרושת לטחינה חלבה,,,'יח,5,ל-100 גרם,false,1,10.90,2.18,true,1,
7290010471669,false,יוגורט תות עם קורנפלקס מצופה שוקולד ללא גלוטן 3.9%,שטראוס גרופ בעמ/מצונן,,,'יח,1.75,"ל-100 מ""ל",false,24,4.60,2.63,false,1,
7290010609727,false,פופס קידס משקה להקפאה בטעם פירות 70יח,דודו הדיל בעמ,,,'יח,1,,false,1,13.90,13.90,false,1,
7290010609871,false,קרטון טרופיות ענבים 18 יחידות,דודו הדיל בעמ,,,'יח,22.90,"ל-100 מ""ל",false,1,16.90,0.74,false,1,
7290010627004,false,טחינה גולמית מסורתית ירושלים 500 ג',תה ויסוצקי (ישראל) בעמ,,,'יח,5,ל-100 גרם,false,1,15.90,3.18,true,1,
7290010627011,false,טחינה ירושלים בראשית,תה ויסוצקי בע`מ,,,'יח,10,ל-100 גרם,false,1,29.90,2.99,false,1,
7290010650033,false,בצלצלי שלוט מגשית 350 גר,ביכורי השדה צפון 1994 ג.ד. בעמ,,,'יח,1,,false,1,12.90,12.90,false,1,
7290010650996,false,"פטריות שי מג'י חומות, 150 גרם חוות תקוע",ביכורי השדה צפון 1994 ג.ד. בעמ,,,'יח,1,,false,1,11.90,11.90,false,1,
7290010711109,false,מיקרופייבר מטלית לריצפה,מ.א. יצור ויבוא מטליות בעמ`,,,'יח,1,,false,1,8.50,8.50,false,1,
7290010711437,false,סרטי קירצוף לניקוי יסודי רביעייה,מ.א. יצור ויבוא מטליות בעמ`,,,'יח,1,,false,1,8.90,8.90,false,1,
7290010711543,false,כף אשפה + גומי SHINY,מ.א.ייצור ויבוא מטליות בעמ,,,'יח,1,,false,1,5.90,5.90,false,1,
7290010711901,false,מיקרופייבר שלישייה לרצפה שייני,מ.א. יצור ויבוא מטליות בעמ`,,,'יח,1,,false,1,13.90,13.90,false,1,
7290010711918,false,שייני מטליות מיקרופייבר לניקוי כללי חמישיה,מ.א. יצור ויבוא מטליות בעמ`,,,'יח,1,,false,1,7.90,7.90,false,1,
7290010757930,false,מלאווח ללא גלוטן פרווה - מוקפא,מאפית אריאל שיווק והפצה,,,'יח,5,ל-100 גרם,false,1,19.90,3.98,false,1,
7290010766956,false,ממרח פלפלים מתוקים אדומים אוליביה 180 גרם,תה ויסוצקי (ישראל)בעמ,,,'יח,1,,false,12,13.90,13.90,true,1,
7290010814701,false,שוקולד חלב ללא תוספת סוכר וסטהיים,"כרמית תעשיות ממתקים בע""\",,,'יח,0.85,ל-100 גרם,false,1,6.90,8.12,false,1,
7290010883042,false,"סנובון נוזלי אפקט קצף פעיל רענן תות 750 מ""ל",החברה הדרומית לשיווק בעמ,,,'יח,7.50,"ל-100 מ""ל",false,12,10.90,1.45,true,1,
7290010883356,false,כפפות אלוורה רב שימושיות גדולות L סנו סושי,החברה הדרומית לשיווק בעמ,,,'יח,1,,false,1,10.90,10.90,false,1,
7290010883370,false,כפפות אלוורה רב שימושיות בינוניות M סנו סושי,החברה הדרומית לשיווק בעמ,,,'יח,1,,false,12,10.90,10.90,false,1,
7290010922017,false,"אננס קפוא 250 גרם - Shake It - בד""ץ עדה חרדית","הבו-קדו בע""\מn\",,,'יח,2.50,ל-100 גרם,false,1,11.90,4.76,false,1,
7290010922024,false,"פסיפלורה קפואה 250 גרם- Shake It -בד""ץ עדה חרדית","הבו-קדו בע""\מn\",,,'יח,2.50,ל-100 גרם,false,1,11.90,4.76,true,1,
7290010922819,false,"מלון 250 גרם - Shake It - בד""ץ עדה חרדית","הבו-קדו בע""\מn\",,,'יח,2.50,ל-100 גרם,false,1,11.90,4.76,false,1,
7290010922857,false,"מנגו קפוא 250 גרם - Shake It - בד""ץ עדה חרדית","הבו-קדו בע""\מn\",,,'יח,2.50,ל-100 גרם,false,1,11.90,4.76,false,1,
7290010945146,false,קוטג' 3% מועשר בסידן טרה 250 ג' מהדרין,*החברה המרכזית להפצת משקאותבעמ,,,'יח,2.50,ל-100 גרם,false,1,5.60,2.24,false,1,
7290010945306,false,חלב טרה קרטון 2 ליטר מהדרין*%*3,החברה המרכזית טלהפצת משקאות בע,,,'יח,20,"ל-100 מ""ל",false,1,11,0.55,false,1,
7290010945450,false,גבינה לבנה 3% 250 גר מועשר בסידן וויטמין,*החברה המרכזית להפצת משקאותבעמ,,,'יח,2.50,ל-100 גרם,false,1,5,2,false,1,
7290011015862,false,סירופ דיאט 750 מל בטעם לימונענע פריגת,החברה המרכזית להפצת משקאות בעמ,,,'יח,7.50,"ל-100 מ""ל",false,6,21.90,2.88,false,1,
7290011026066,false,"ד""ר פישר - סרקל שמפו + מרכך לילדים 1 ליטר","פישר תעשיות פרמצבטיות בע""מ",,,'יח,10,"ל-100 מ""ל",false,1,27.90,2.79,false,1,
7290011081690,false,קרמיסימו פרווה שוקו ציפ+וניל ציפ 1.33ל,"גלידת שטראוס בע""\מ, רחוב",,,'יח,13.30,"ל-100 מ""ל",false,1,19.90,1.50,false,1,
7290011126452,false,הגן הקסום תה בטעם קמומיל ונענע ויסוצקי 25 יחידות,תה ויסוצקי (ישראל) בעמ,,,'יח,0.3750,ל-100 גרם,false,1,18.90,50.40,true,1,
7290011126469,false,חליטת צמחים וקמומיל הגן הקסום ויסוצקי 25 יחידות,תה ויסוצקי (ישראל) בעמ,,,'יח,0.3750,ל-100 גרם,false,1,18.90,50.40,true,1,
7290011126957,false,תה ירוק ארל גריי ויסוצקי 25 יחידות,תה ויסוצקי (ישראל) בעמ,,,'יח,0.3750,ל-100 גרם,false,1,22.90,61.07,true,1,
7290011133368,false,בירה שנדי בתוספת משקה תפוח - שישייה,"טמפו משקאות בע""מ",,,'יח,19.80,"ל-100 מ""ל",false,4,34.90,1.67,true,1,
7290011148362,false,כרוב אדום מהדרין ירוק מהכפר,ביכורי השדה צפון 1994 ג.ד. בעמ,,,'יח,1,,true,1,14.90,14.90,false,1,
7290011165727,false,עוגיות קוקוס במילוי תמרים 300 גרם,מאפית אריאל שיווק והפצה,,,'יח,3,ל-100 גרם,false,1,14.90,4.97,false,1,
7290011174903,false,שעועית ירוקה עדינה שלמה 600 גרם,ויטה פרי גליל (החדשה) בע`מ,,,'יח,6,ל-100 גרם,false,1,12.90,2.15,false,1,
7290011194215,false,מעדן גבינה ויוגורט בטעם בננה 5% שומן 88 ג' דניאלה,שטראוס גרופ בעמ/מצונן,,,'יח,1.50,"ל-100 מ""ל",false,24,4.30,2.87,false,1,
7290011194246,false,קוטג 5% 250 גרם עם סידן שטראוס,שטראוס גרופ בעמ/מצונן,,,'יח,2.50,ל-100 גרם,false,12,5.90,2.36,false,1,
7290011223038,false,בונומי עלים לקרמשניט שכבות אפויות מבצק עלים 300 גרם,דנשר (1963) בעמ,,,'יח,3,ל-100 גרם,false,1,17.90,5.97,false,1,
7290011249212,false,וופל עלמה בלגי לימון 200 גר' ללא סוכר,ח.כהן סוכנות מזון ומשקאות בע,,,'יח,2,ל-100 גרם,false,1,2.90,1.45,false,1,
7290011378516,false,טחינה גולמית 100% שומשום בארכה 450 ג',קבוצת אסם סחר,,,'יח,4.50,ל-100 גרם,false,1,12.90,2.87,true,1,
7290011435226,false,דבש מפרחי בר לחיץ 650 ג' יד מרדכי,מכוורת יד מרדכי שטראוס ב,,,'יח,6.50,ל-100 גרם,false,9,34.90,5.37,false,1,
7290011447304,false,מטרנה פרימיום חלבי שלב 3 700 גרם חיסכון,קבוצת אוסם סחר שותפות מוגבלת,,,'יח,7,ל-100 גרם,false,1,54.90,7.84,false,1,
7290011447359,false,תחליף חלב מטרנה מהדרין שלב 1 חלבי 700 גרם,קבוצת אוסם סחר שותפות מוגבלת,,,'יח,7,ל-100 גרם,false,1,54.90,7.84,false,1,
7290011447373,false,תחליף חלב מטרנה מהדרין שלב 2 חלבי 700 גרם,קבוצת אוסם סחר שותפות מוגבלת,,,'יח,7,ל-100 גרם,false,1,54.90,7.84,false,1,
7290011499112,false,בולגרית מסורתית 16% 250 גרם - רבנות,מחלבות גד שיווק 1992 בעמ,,,'יח,2.50,ל-100 גרם,false,1,24.70,9.88,false,1,
7290011499358,false,פטה עיזים מסורתית 20% בגביע 200 גרם - רובין,מחלבות גד שיווק 1992 בעמ,,,'יח,2,ל-100 גרם,false,1,27.90,13.95,false,1,
7290011499419,false,גבינה במרקם שמנת בטעם טבעי 5% ניו יורק,מחלבות גד שיווק 1992 בעמ,,,'יח,2,ל-100 גרם,false,1,11.90,5.95,false,1,
7290011518561,false,"אקטימל תות 1.51 ק""ג מארז 14 יחידות",שטראוס גרופ בעמ/מצונן,,,'יח,1,ל-100 גרם,false,3,29.90,29.90,false,1,
7290011524548,false,גרגרי חומוס מוקפאים 800 גר`פרי גליל,ויטה -פרי גליל (החדשה) בעמ,,,'יח,8,ל-100 גרם,false,20,12.90,1.61,false,1,
7290011524555,false,שעועית לבנה מבושלת קפוא 800 גר`פרי גליל,ויטה -פרי גליל (החדשה) בעמ,,,'יח,8,ל-100 גרם,false,20,12.90,1.61,false,1,
7290011570507,false,קמח נטול גלוטן-כרגיל קונדיטור,תומר ייבוא ושיווק מוצרי מזון [,,,'יח,4.50,ל-100 גרם,false,10,14.90,3.31,false,1,
7290011587079,false,חרדל דיז'ון גרגירים 370 ג' PICCATA,תומר ייבוא ושיווק מוצרי מזון [,,,'יח,3.70,ל-100 גרם,false,1,9.90,2.68,false,1,
7290011587611,false,מקרל מרוקאי בשמן 125 גר 25X,תומר ייבוא ושיווק מוצרי מזון [,,,'יח,1.25,ל-100 גרם,false,1,4.90,3.92,false,1,
7290011587833,false,חצאי עגבניות מיובשות מתובלות בשמן חמניות ועשבי תיבול,תומר ייבוא ושיווק מוצרי מזון [,,,'יח,1,,false,1,12.90,12.90,false,1,
7290011593087,false,"שמן זית כתית מעולה 750 מ""ל סבא חביב",בני פאוזי שמשום (2009) בעמ,,,'יח,7.50,"ל-100 מ""ל",false,1,29.90,3.99,true,1,
7290011593117,false,זית סורי ירוק מבוקע 800 ג' סבא חביב,בני פאוזי שמשום (2009) בעמ,,,'יח,8,ל-100 גרם,false,1,19.90,2.49,true,1,
7290011765095,false,קרמה מן גל גילוח אלוורה ירוק 200 מל,החברה הדרומית לשיווק בעמ,,,'יח,2,"ל-100 מ""ל",false,12,11.90,5.95,false,1,
7290011765415,false,בוב ספוג מרכך שיער לילדים כיף (750 מל).,החברה הדרומית לשיווק בעמ,,,'יח,7.50,"ל-100 מ""ל",false,12,11.90,1.59,false,1,
7290011765422,false,אל סבון מועשר בלחות ותמצית קמומיל - בוב ספוג,החברה הדרומית לשיווק בעמ,,,'יח,7.50,"ל-100 מ""ל",false,12,11.90,1.59,false,1,
7290011765446,false,משחת שיניים לילדים בוב ספוג בטעם מיץ ענבים עם פלואוריד למניעת עששת,טרופיקל דגיל תעשיות קוסמ,,,'יח,0.70,ל-100 גרם,false,24,9.90,14.14,false,1,
7290011800840,false,רפי כהן סלט טחינה בלאדי צבר 400 גרם,קבוצת אוסם סחר שותפות מוגבלת,,,'יח,4,ל-100 גרם,false,1,17.90,4.48,false,1,
7290011964344,false,שום גבישי בקופ' 120 גר' טעם וריח,"תבליני טעם וריח בע""מ",,,'יח,1,,false,1,9.90,9.90,true,1,
7290011964603,false,כורכום 400 גר' טעם וריח,"תבליני טעם וריח בע""מ",,,'יח,4,ל-100 גרם,false,1,24.90,6.23,false,1,
7290011996017,false,נודלס אטריות תרד טעמי אסיה (454 גרם),טחנת האבן קואופ בעמ,,,'יח,4.54,ל-100 גרם,false,1,9.90,2.18,false,1,
7290011996031,false,אטריות ביצים טעמי אסיה (454 גרם),טחנת האבן קואופ בעמ,,,'יח,4.54,ל-100 גרם,false,1,9.90,2.18,false,1,
7290011996086,false,"רוטב צ`ילי חריף אסיה 700 מ""ל",טחנת האבן קואופ בעמ,,,'יח,7,ל-100 גרם,false,1,9.90,1.41,false,1,
7290011996109,false,רוטב צ`ילי מתוק טעמי אסיה (700 מל),טחנת האבן קואופ בעמ,,,'יח,7,"ל-100 מ""ל",false,1,9.90,1.41,false,1,
7290011996123,false,אצות לסושי נורי גולד 10 יחידות,טחנת האבן קואופ בעמ,,,'יח,10,"ל-100 מ""ל",false,1,10.90,1.09,false,1,
7290011996178,false,"רוטב סויה בסגנון יפני 300 מ""ל",טחנת האבן קואופ בעמ,,,'יח,1.60,ל-100 גרם,false,1,10.20,6.38,false,1,
7290011996185,false,חומץ אורז לבן לסושי טעמי אסיה (250 מל),טחנת האבן קואופ בעמ,,,'יח,0.25,ל-100 גרם,false,1,8.90,35.60,false,1,
7290011996277,false,מחצלת עגולה לגלגול סושי,טחנת האבן קואופ בעמ,,,'יח,1,,false,1,4.90,4.90,false,1,
7290011996512,false,"טעם אסיה טעם אסיה אטריות אורז 3מ""מ 400ג'",טחנת האבן קואופ בעמ,,,'יח,4.54,ל-100 גרם,false,1,7.90,1.74,false,1,
7290011996529,false,אטריות אורז 5 סמ טעמי אסיה (400 גרם),טחנת האבן קואופ בעמ,,,'יח,4.54,ל-100 גרם,false,1,7.90,1.74,false,1,
7290011996581,false,"רוטב חמוץ מתוק 300 מ""ל ""אסיה""",טחנת האבן קואופ בעמ,,,'יח,3,ל-100 גרם,false,1,10.90,3.63,false,1,
7290011996819,false,"מקלוני אטריות שעועית 250 גרם ""אסיה""",טחנת האבן קואופ בעמ,,,'יח,2.50,ל-100 גרם,false,1,6.90,2.76,false,1,
7290012001994,false,חרדל דיז'ון גרעינים 350 ג' ריין דיזון,דיפלומט מפיצים (1968) בעמ**,,,'יח,3.50,ל-100 גרם,false,12,12.90,3.69,false,1,
7290012019265,false,"מחית תפו""ע ללא תוספת סוכר 4*113גר",תומר ייבוא ושיווק מוצרי מזון [,,,'יח,4.52,ל-100 גרם,false,12,10.90,2.41,false,1,
7290012022203,false,פריכיות חיטה מלאה 60 גרם,דילייט 2005 בע`מ,,,'יח,0.60,ל-100 גרם,false,1,13.90,23.17,false,1,
7290012022227,false,פריכיות חיטה טבעי 60 גרם,דילייט 2005 בע`מ,,,'יח,0.60,ל-100 גרם,false,1,12.90,21.50,false,1,
7290012116537,false,"מקסימה אבקת כביסה בניחוח מאסק סנו 2.5 ק""ג",החברה הדרומית לשיווק בעמ,,,'יח,25,ל-100 גרם,false,6,24.90,1,false,1,
7290012116612,false,אורביטול מברשת שיניים סופט 4 יח`,החברה הדרומית לשיווק בעמ,,,'יח,0,ל-100 גרם,false,24,10.90,10.90,false,1,
7290012117039,false,נוזל לניקוי אמבטיה 00 סנו 1 ליטר,החברה הדרומית לשיווק בעמ,,,'יח,10,"ל-100 מ""ל",false,12,7.90,0.79,false,1,
7290012117350,false,"נוזל רצפות לילך 2 ליטר ""ריצפז פרש""",החברה הדרומית לשיווק בעמ,,,'יח,20,"ל-100 מ""ל",false,8,17.90,0.90,true,1,
7290012117428,false,"ג'ל רחצה ושמפו מעיינות מנטה קרמה מן 700 מ""ל",החברה הדרומית לשיווק בעמ,,,'יח,7,"ל-100 מ""ל",false,12,19.90,2.84,false,1,
7290012117572,false,כפפות סנו סושי לטקס M אריזת 100יח',החב. הדרומית לשיווק,,,'יח,1,,false,10,29.90,29.90,false,1,
7290012117732,false,מקסימה מרכך כביסה ארומתרפי קול סנו 4 ליטר,החברה הדרומית לשיווק בעמ,,,'יח,40,"ל-100 מ""ל",false,6,21.90,0.55,false,1,
7290012139598,false,"חול מתגבש יורוקיטי 10 ק""ג",שחורי אריה ואנסטסיה,,,'יח,100,ל-100 גרם,false,1,54.90,0.55,false,1,
7290012226021,false,נקניק סלמי מעושן פראג זוגלובק (400 גרם),נקניק נהריה כשר זוגל,,,'יח,4,ל-100 גרם,false,1,22.40,5.60,false,1,
7290012226939,false,קבנוס עם צ'ילי חריף זוגלובק 135 גרם,נקניק נהריה כשר זוגל,,,'יח,1.35,ל-100 גרם,false,1,10.90,8.07,false,1,
7290012226991,false,"נקניקיות עוף באריזת ג''מבו 1.5 ק""ג זוגלובק",נקניק נהריה כשר זוגל,,,'יח,15,ל-100 גרם,false,1,29.90,1.99,false,1,
7290012227172,false,חרמן הודו בדבש וברביקיו זוג במארז 600 ג' זוגלובק,נקניק נהריה כשר זוגל,,,'יח,8,ל-100 גרם,false,1,29.90,3.74,false,1,
7290012245329,false,"גולד צ'יפס קלאסי 1.5 ק""ג קפוא זן",קפוא זן תעשיות מזון בעמ,,,'יח,15,ל-100 גרם,false,1,19.90,1.33,false,1,
7290012245336,false,"גולד צ'יפס סטייק 1.5 ק""ג גולד שארית",קפוא-זן תעשיות מזון בעמ - תפוג,,,'יח,15,ל-100 גרם,false,1,19.90,1.33,false,1,
7290012309939,false,חלווה מסולסלת בקופסא ששון הקולה 500 גרם,דין שיווק וקליה 2021 בעמ,,,'יח,5,'יח,false,1,16.90,3.38,false,1,
7290012413636,false,תה ירוק צ'אי מסאלה ויסוצקי 25 יחידות,תה ויסוצקי (ישראל) בעמ,,,'יח,0.3750,ל-100 גרם,false,1,22.90,61.07,true,1,
7290012522581,false,טבעול שניצל תירס ללא גלוטן טבעול 664 גרם,קבוצת אוסם סחר-שות.מוגבלת,,,'יח,6.64,ל-100 גרם,false,1,28.90,4.35,true,1,
7290012561405,false,בצל קצוץ ומטוגן דורות (180 גרם),קבוצת אוסם סחר שותפות מוגבלת,,,'יח,16,ל-100 גרם,false,1,10.90,0.68,false,1,
7290012576607,false,"יין קברנה סוביניון פרמייר מלבק אדום ברקן 750 מ""ל","ברקן שיווק והפצה בע""",,,'יח,7.50,"ל-100 מ""ל",false,1,26.90,3.55,true,1,
7290012576614,false,יין Premieur לבן חצי יבש אמרלד ריזלינג קולומברד,יקבי ברקן שיווק והפצה בע,,,'יח,7.50,"ל-100 מ""ל",false,1,26.90,3.55,true,1,
7290012642586,false,ערמונים קלופים 100 ג' תומר,תומר ייבוא ושיווק מוצרי מזון [,,,'יח,8,'יח,false,1,5.90,0.74,true,1,
7290012645020,false,"יוגורט עיזים טבעי בבקבוק חלב הארץ 500 מ""ל",שטראוס גרופ בעמ/מצונן,,,'יח,5,ל-100 גרם,false,1,12.90,2.58,true,1,
7290012645112,false,יוגורט עיזים 2.8% בדלי חלב הארץ 750 גרם,שטראוס גרופ בעמ/מצונן,,,'יח,7.50,ל-100 גרם,false,6,21.90,2.92,false,1,
7290012645129,false,יוגורט כבשים 5% בדלי חלב הארץ 750 גרם,שטראוס גרופ בעמ/מצונן,,,'יח,7.50,ל-100 גרם,false,6,19.90,2.65,false,1,
7290012645389,false,יוגורט עיזים טבעי 1 ליטר בבקבוק חלב האר,שטראוס גרופ בעמ/מצונן,,,'יח,10,ל-100 גרם,false,6,22.90,2.29,false,1,
7290012803796,false,טוסו שוקולד חלב עם אגוזים ללא תוספת סוכר 100 גר',אלטינמארקה גידה סאן,,,'יח,1,ל-100 גרם,false,1,10.90,10.90,false,1,
7290012823565,false,פוליויקס מטליות ענק לחות לפרקט סנו 10 יחידות,החב. הדרומית לשיווק,,,'יח,1,,false,12,14.90,14.90,false,1,
7290012823602,false,נייר טואלט סופט סילק לבן 32 גלילים סנו,החברה הדרומית לשיווק בעמ,,,'יח,25.50,ל-100 גרם,false,1,34.90,1.37,false,1,
7290012823916,false,גל כביסה סנו מקסימ מרוכז קריסטל נואר 5 ל,החברה הדרומית לשיווק בעמ,,,'יח,50,"ל-100 מ""ל",false,4,44.90,0.90,false,1,
7290012838366,false,סיר מיקרוגל פסים איכותי 3 ליטר,ד.ג.ש ייבוא ושיווק בעמ,,,'יח,0,'יח,false,1,16.90,16.90,false,1,
7290012850073,false,מחית בוליווד סלט פירות 190 גרם,שקד תבל בע`מ,,,'יח,1.90,ל-100 גרם,false,1,4.90,2.58,true,1,
7290012864001,false,נבטי חמנייה ארוז א.אדמה,ביכורי השדה צפון 1994 ג.ד. בעמ,,,'יח,1,,false,1,8.90,8.90,false,1,
7290012864025,false,נבטי אלפא אלפא ארוז א.אדמה,"בכורי השדה צפון1994 ג.ד. בע""מ",,,'יח,1,,false,1,6.90,6.90,false,1,
7290012864032,false,מיקס עדשים ונבטוטים,ביכורי השדה צפון 1994 ג.ד. בעמ,,,'יח,1,,false,1,8.90,8.90,false,1,
7290012911156,false,"רוטב טריאקי שומשום 300 מ""ל ""אסיה""",קיי.אר.אס.ספייסי פוד,,,'יח,3,ל-100 גרם,false,1,12.90,4.30,false,1,
7290012911293,false,דפי אורז 22 סמ טעמי אסיה (300 גרם)-ללא,טחנת האבן קואופ בעמ,,,'יח,5,ל-100 גרם,false,1,10.90,2.18,false,1,
7290012911477,false,קרם קוקוס טעמי אסיה (400 מל),אסיאטיק אגרו אינדסטר,,,'יח,4,"ל-100 מ""ל",false,1,7.90,1.98,false,1,
7290012911644,false,רוטב סריראצ'ה- רוטב צ'ילי חריף,טחנת האבן קואופ בעמ,,,'יח,4.35,"ל-100 מ""ל",false,1,19.90,4.57,false,1,
7290012911675,false,פטריות שטאקה טעמי אסיה (85 גרם),טחנת האבן קואופ בעמ,,,'יח,1,,false,1,16.90,16.90,false,1,
7290012911804,false,שמן שומשום טעמי אסיה (150 מל),גואנגדונג גוד טייסט,,,'יח,1,,false,1,9.90,9.90,false,1,
7290012911941,false,רוטב צ'ילי מתוק ללא תוספת סוכר,טחנת האבן קואופ בעמ,,,'יח,7,"ל-100 מ""ל",false,1,13.90,1.99,false,1,
7290012911965,false,ג'ינג'ר לסושי ללא צבע כשר 250ג',טחנת האבן קואופ בעמ,,,'יח,1,,false,1,7.90,7.90,false,1,
7290012936937,false,תבלינים בהרט בצנצנת 40 גרם,א.ל. ייצור ושיווק תבלינים בע`מ,,,'יח,4,ל-100 גרם,false,1,11.90,2.98,false,1,
7290012936944,false,אגוז מוסקט טחון תבליני מימון (40 גרם),א.ל. ייצור ושיווק תבלינים בע`מ,,,'יח,4,ל-100 גרם,false,1,14.90,3.73,false,1,
7290012938405,false,"רדיד אלומיניום עבה במיוחד לבישול,אפייה והקפאה.",גורי ע.ע.ע. בע`מ,,,'יח,1,,false,24,14.90,14.90,false,1,
7290012938580,false,"משחת שיניים סנסודיין להלבנה עדינה 75 מ""ל",גלקסוסמית'\קליין קונסיומ,,,'יח,0.75,"ל-100 מ""ל",false,1,21.90,29.20,true,1,
7290012938740,false,משחת שיניים סנסודיין פרש מינט מנטה 75 מל,גלקסו סמית קליין,,,'יח,0.75,"ל-100 מ""ל",false,1,21.90,29.20,true,1,
7290013117212,false,בורקס פילו במילוי גבינה 600 גר`מעדנות,תנובה מרכז שיתופי לשיווק תוצרת,,,'יח,6,ל-100 גרם,false,10,19.90,3.32,false,1,
7290013117229,false,"בורקס פילו במילוי תפו""א מעדנות 600 גר",תנובה מרכז שיתופי לשיווק תוצרת,,,'יח,6,ל-100 גרם,false,10,19.90,3.32,false,1,
7290013117236,false,בורקס פילו פיצה מעדנות 600 גרם,תנובה מרכז שיתופי לשיווק תוצרת,,,'יח,6,ל-100 גרם,false,10,21.90,3.65,false,1,
7290013117243,false,בורקס פילו בולגרית מעדנות 600 גרם,תנובה מרכז שיתופי לשיווק תוצרת,,,'יח,6,ל-100 גרם,false,10,21.90,3.65,false,1,
7290013117410,false,בצק פריך מרודד למאפים מתוקים 900 ג' מעדנות,תנובה מרכז שיתופי לשיווק תוצרת,,,'יח,9,ל-100 גרם,false,10,24.50,2.72,false,1,
7290013117427,false,בצק פריך מרודד למאפים מלוחים מעדנות 2*450 גרם,תנובה מרכז שיתופי לשיווק תוצרת,,,'יח,9,ל-100 גרם,false,10,24.50,2.72,false,1,
7290013117526,false,בצק שמרים מרודד למאפים מתוקים מעדנות 900 גרם,תנובה מרכז שיתופי לשיווק תוצרת,,,'יח,6,ל-100 גרם,false,9,21.90,3.65,false,1,
7290013144232,false,מיימונס פודינג בטעם וניל 80 גרם,א.ל. ייצור ושיווק תבלינים בע`מ,,,'יח,8,ל-100 גרם,false,1,4.90,0.61,true,1,
7290013144249,false,פודינג בטעם שוקולד 95 גר`מימונס,א.ל. ייצור ושיווק תבלינים בע`מ,,,'יח,9.50,ל-100 גרם,false,1,4.90,0.52,true,1,
7290013144393,false,תמצית אפיה בטעם וניל מימונס (50 מל),א.ל. ייצור ושיווק תבלינים בע`מ,,,'יח,5,ל-100 גרם,false,1,4.90,0.98,false,1,
7290013145109,false,שקד מולבון טחון מימונס 100 גרם,א.ל. ייצור ושיווק תבלינים בע`מ,,,'יח,1,ל-100 גרם,false,1,12.90,12.90,true,1,
7290013145123,false,מיימונס שקד מולבן פרוס 100 גרם,א.ל. ייצור ושיווק תבלינים בע`מ,,,'יח,1,ל-100 גרם,false,1,12.90,12.90,true,1,
7290013145178,false,קוקוס לבן טחון מימונס (100 גרם),א.ל. ייצור ושיווק תבלינים בע`מ,,,'יח,1,ל-100 גרם,false,1,3.90,3.90,false,1,
7290013145192,false,שומשום מיימונס 100 גרם,א.ל. ייצור ושיווק תבלינים בע`מ,,,'יח,1,ל-100 גרם,false,1,4.90,4.90,false,1,
7290013145451,false,קקאו 150 גר`שקית מימונס,א.ל. ייצור ושיווק תבלינים בע`מ,,,'יח,1.50,ל-100 גרם,false,1,7.90,5.27,false,1,
7290013145574,false,ערכת קישוט לעוגות מימונס (100 גרם),א.ל. ייצור ושיווק תבלינים בע`מ,,,'יח,1,ל-100 גרם,false,1,10.90,10.90,false,1,
7290013145840,false,סוכר וניל מימונס 10יח בצלופן,א.ל. ייצור ושיווק תבלינים בע`מ,,,'יח,1,ל-100 גרם,false,1,1.90,1.90,false,1,
7290013145857,false,אבקת אפיה מימונס 10יח בצלופן,א.ל. ייצור ושיווק תבלינים בע`מ,,,'יח,1,ל-100 גרם,false,1,1.90,1.90,false,1,
7290013145864,false,אבקת ג'לטין טהור מיימונס 28 גרם,א.ל. ייצור ושיווק תבלינים בע`מ,,,'יח,1,ל-100 גרם,false,1,9.90,9.90,false,1,
7290013145970,false,קורנפלור מימונס בשקית 200 ג',א.ל. ייצור ושיווק תבלינים בע`מ,,,'יח,2,ל-100 גרם,false,1,3.90,1.95,false,1,
7290013146298,false,טארטלטים תחתיות בצק פריך אפויות למילוי מימונס 120 ג',א.ל. ייצור ושיווק תבלינים בע`מ,,,'יח,1.20,ל-100 גרם,false,1,19.90,16.58,false,1,
7290013146724,false,אבקת אייס קפה 350 גרם מימונס,א.ל. ייצור ושיווק תבלינים בע`מ,,,'יח,3.50,ל-100 גרם,false,1,17.90,5.11,true,1,
7290013146854,false,קוקוס לבן טחון מימונס 400 ג',א.ל. ייצור ושיווק תבלינים בע`מ,,,'יח,4,ל-100 גרם,false,1,12.90,3.23,false,1,
7290013215017,false,פטריות זוגות חוות השמפניון,ביכורי השדה צפון 1994 ג.ד. בעמ,,,'יח,1,,false,1,16.90,16.90,false,1,
7290013268884,false,"נוזל רצפות מאסק 2 ליטר ""ריצפז פרש""",החברה הדרומית לשיווק בעמ,,,'יח,20,"ל-100 מ""ל",false,8,17.90,0.90,true,1,
7290013268891,false,אוקסיג'ן ג'ל ללא אקונומיקה עם חמצן פעיל סנו 3 ליטר,החברה הדרומית לשיווק בעמ,,,'יח,30,"ל-100 מ""ל",false,6,29.90,1,false,1,
7290013269263,false,ג'ל כביסה מרוכז מקסימה בבישום קריסטל נואר,החברה הדרומית לשיווק בעמ,,,'יח,3,"ל-100 מ""ל",false,1,29.90,9.97,false,1,
7290013269287,false,סנו - מקסימה ג'ל כביסה מרוכז מאסק 3 ליטר,החברה הדרומית לשיווק בעמ,,,'יח,30,"ל-100 מ""ל",false,6,29.90,1,false,1,
7290013269300,false,סושי ניילון נצמד פלוס סנו (150 מטר),החברה הדרומית לשיווק בעמ,,,'יח,1,,false,12,21.90,21.90,false,1,
7290013269638,false,ספוג הפלא אקסטרה Extra- מארז 6 יח',החברה הדרומית לשיווק בעמ,,,'יח,1,,false,12,11.90,11.90,false,1,
7290013269645,false,ריצפז פרש מטליות לחות לריצפה בניחוח מאסק 10 יחידות,החברה הדרומית לשיווק בעמ,,,'יח,1,,false,12,12.90,12.90,false,1,
7290013358356,false,פירורי לחם מוזהבים מאסטר שף (320גרם),ש. שסטוביץ בע`מ,,,'יח,3.20,ל-100 גרם,false,1,6.90,2.16,false,1,
7290013358363,false,מאסטר שף פרורי לחם פנקו עבים בסגנון יפני 300 גר,קריניציה ויטמינה אס,,,'יח,3,ל-100 גרם,false,1,10.90,3.63,false,1,
7290013358417,false,מאסטר שף אסייאתי רוטב טריאקי 300 מל כשלפ,קריניציה ויטמינה אס,,,'יח,3,"ל-100 מ""ל",false,1,11.90,3.97,false,1,
7290013358530,false,מאסטר שף אסייאתי רוטב צ'ילי מתוק 700 מל כשלפ,קריניציה ויטמינה אס,,,'יח,7,"ל-100 מ""ל",false,1,13.90,1.99,false,1,
7290013358547,false,מאסטר שף אסייאתי רוטב צ'ילי חריף 700 מל כשלפ,קי.אר.אס. ספייסי פוד,,,'יח,7,"ל-100 מ""ל",false,1,13.90,1.99,false,1,
7290013358806,false,מנה מאגדת פריכיות אורז עם מלח 264 גרם,ש. שסטוביץ בע`מ,,,'יח,2.64,ל-100 גרם,false,1,12.90,4.89,true,1,
7290013472892,false,בולגריה קוביות במי מלח - מרכיבי חלב ושומן צמחי,ג.וילי-פוד אינטרנשיונל **גבינו,,,'יח,2,ל-100 גרם,false,1,12.90,6.45,true,1,
7290013472908,false,הבולגריה בקוביות ויליפוד 400 גרם,ג.וילי-פוד אינטרנשיונל **גבינו,,,'יח,4,ל-100 גרם,false,1,19.90,4.98,true,1,
7290013492005,false,תפוח אדמה אדום למיקרו 600 ג',ביכורי השדה צפון 1994 ג.ד. בעמ,,,'יח,7,ל-100 גרם,false,1,7.90,1.13,false,1,
7290013531346,false,סירופ דיאט בטעם לימונענע יכין 1 ליטר,זנלכול יכין,,,'יח,1,,false,1,18.90,18.90,false,1,
7290013531490,false,שעועית לבנה אפויה יכין,זנלכול יכין,,,'יח,5.60,ל-100 גרם,false,1,9.90,1.77,false,1,
7290013531612,false,רוטב לפסטה נפוליטנה יכין 240 גרם,זנלכול יכין,,,'יח,2.60,ל-100 גרם,false,1,5.90,2.27,true,1,
7290013531759,false,שעועית לבנה מבושלת במים יכין (550 גרם),זנלכול יכין,,,'יח,5.80,ל-100 גרם,false,1,9.90,1.71,false,1,
7290013585233,false,"ספרייט זירו פחית סליק 330 מ""ל",החברה המרכזית להפצת משקאות בעמ,,,'יח,3.30,"ל-100 מ""ל",false,24,4.20,1.18,true,1,
7290013585387,false,בקבוק זירו קוקה-קולה (1 ליטר),החברה המרכזית להפצת משקאות בעמ,,,'יח,10,"ל-100 מ""ל",false,12,6.80,0.65,false,1,
7290013608260,false,מיץ רימונים 100%מיץ סחוט טרי מצונן 1ליט,שטראוס גרופ בעמ/מצונן,,,'יח,10,"ל-100 מ""ל",false,6,22.20,2.19,false,1,
7290013724939,false,משוקלדים חמוציות מריר 140 גר' קופסא,דין שיווק וקליה 2021 בעמ,,,'יח,1.40,ל-100 גרם,false,1,9.90,7.07,false,1,
7290013724991,false,אגוזי לוז בציפוי שוקולד בקופסא שקדיה 140 גרם,דין שיווק וקליה 2021 בעמ,,,'יח,1.40,ל-100 גרם,false,1,9.90,7.07,false,1,
7290013861061,false,בוטנים בשוקולד חלב בקופסא 160 גרם,דין שיווק וקליה 2021 בעמ,,,'יח,1.60,ל-100 גרם,false,1,9.90,6.19,false,1,
7290013883407,false,"דזיטול מרסס לחיטוי כללי יעקבי 750 מ""ל",יעקב יעקבי ובניו בע`מ,,,'יח,5,"ל-100 מ""ל",false,1,14.90,2.98,false,1,
7290013906052,false,נקניקיות פרגיות טירת צבי 300 גרם,תנובה מרכז שיתופי לשיווק תוצרת,,,'יח,3,ל-100 גרם,false,1,13.90,4.63,false,1,
7290013906205,false,פסטרמה עם שום וצילי טירת צבי 400 ג',תנובה מרכז שיתופי לשיווק תוצרת,,,'יח,4,ל-100 גרם,false,1,26.90,6.73,true,1,
7290013906212,false,"נקנקיות וינר טירת 1 ק""ג טירת צבי",תנובה מרכז שיתופי לשיווק תוצרת,,,'יח,10,ל-100 גרם,false,1,29.90,2.99,true,1,
7290013906441,false,קבנוס טירת צבי 120 גרם,תנובה מרכז שיתופי לשיווק תוצרת,,,'יח,1.20,ל-100 גרם,false,1,11.70,9.75,true,1,
7290013906489,false,חטיפי מיני קבנוס טירת צבי 120 גרם,תנובה מרכז שיתופי לשיווק תוצרת,,,'יח,1.20,ל-100 גרם,false,1,11.70,9.75,true,1,
7290013906687,false,פסט' צמד כפרית ברביקיו ודבש 300X2ג' טירת צבי,תנובה מרכז שיתופי לשיווק תוצרת,,,'יח,6,ל-100 גרם,false,1,26.90,4.48,false,1,
7290013906694,false,נקניקיות שקית קילו וחצי טירת צבי,תנובה מרכז שיתופי לשיווק תוצרת,,,'יח,15,ל-100 גרם,false,1,36.90,2.46,false,1,
7290013906700,false,"נקניקיות הודו טירת צבי כשרות הרב מחפוד 1.5 ק""ג",תנובה מרכז שיתופי לשיווק תוצרת,,,'יח,15,ל-100 גרם,false,1,38.90,2.59,false,1,
7290013927002,false,עוגיות דקליות בטעם שוקולד אחוה (400 גרם),אחדות ביתחרושת לטחינה חלבה,,,'יח,4,ל-100 גרם,false,1,9.90,2.48,true,1,
7290013927026,false,עוגיות דקליות וניל אחווה 400 ג',אחדות ביתחרושת לטחינה חלבה,,,'יח,4,ל-100 גרם,false,1,9.90,2.48,true,1,
7290014002128,false,תה ירוק לימונית ומנטה 25 שקיקים ויסוצקי,תה ויסוצקי (ישראל)בעמ,,,'יח,0.3750,ל-100 גרם,false,1,22.90,61.07,true,1,
7290014002197,false,חליטת קמומיל ולימונית הגן הקסום ויסוצקי 25 יחידות,תה ויסוצקי (ישראל) בעמ,,,'יח,0.75,ל-100 גרם,false,1,19.90,26.53,true,1,
7290014002203,false,חליטת לימונית ולואיזה הגן הקסום ויסוצקי 25 יחידות,תה ויסוצקי (ישראל) בעמ,,,'יח,0.75,ל-100 גרם,false,1,19.90,26.53,true,1,
7290014002944,false,גן קסום חליטת פירות וצמחים חמדת שקד 25 שקיקים,תה ויסוצקי (ישראל) בעמ,,,'יח,0.50,ל-100 גרם,false,1,19.90,39.80,true,1,
7290014046016,false,פסטרמה של פעם דל שומן 2% רכיבים טבעיים,מעדני יחיעם ( 1993 ) בע`מ,,,'יח,2.50,ל-100 גרם,false,1,29.90,11.96,true,1,
7290014046030,false,"מוס כבד עוף 140 גרם ""יחיעם""",מעדני יחיעם ( 1993 ) בע`מ,,,'יח,1.40,ל-100 גרם,false,1,17.10,12.21,false,1,
7290014046436,false,נשנושי קבנוס יחיעם (125 גרם),מעדני יחיעם ( 1993 ) בע`מ,,,'יח,1.25,ל-100 גרם,false,1,13.90,11.12,true,1,
7290014046474,false,"נקניקיות עוף 1.5 ק""ג יחיעם",מעדני יחיעם ( 1993 ) בע`מ,,,'יח,15,ל-100 גרם,false,1,26.90,1.79,true,1,
7290014059085,false,"משחת שיניים סנסודיין 75 מ""ל פרימיום לשיקום והגנה","סמית קליין ביצ'ם בע""",,,'יח,0.75,"ל-100 מ""ל",false,1,25.90,34.53,true,1,
7290014083165,false,ניוקי ויליפוד 500 גרם,ג. וילי-פוד אינטרנשיונל בע`מ,,,'יח,5,ל-100 גרם,false,12,9.60,1.92,false,1,
7290014083813,false,וילי פוד מריגה שפרוטים מעושנים בשמן 190ג,ג. וילי-פוד אינטרנשיונל בע`מ,,,'יח,1.90,ל-100 גרם,false,36,7.90,4.16,false,1,
7290014095861,false,שיבולת שועל דקה בשקית שקדיה 500 גרם,דין שיווק וקליה 2021 בעמ,,,'יח,5,ל-100 גרם,false,1,5.90,1.18,false,1,
7290014095946,false,משוקלדים פקאן בשוקולד מריר 140 גרם,דין שיווק וקליה 2021 בעמ,,,'יח,1.40,ל-100 גרם,false,1,9.90,7.07,false,1,
7290014095953,false,פקאן בציפוי שוקולד בקופסא שקדיה 140 גרם,דין שיווק וקליה 2021 בעמ,,,'יח,1.40,ל-100 גרם,false,1,9.90,7.07,false,1,
7290014095960,false,שיבולת שועל עבה בשקית שקדיה 500 גרם,דין שיווק וקליה 2021 בעמ,,,'יח,5,ל-100 גרם,false,1,5.90,1.18,false,1,
7290014206908,false,אננס שלם A2 שווה,ח.כהן סוכנות מזון ומשקאות בע,,,'יח,4,ל-100 גרם,false,1,7.90,1.98,false,1,
7290014218321,false,בורקס אישי יפו גבינה מעדנות 600 גרם,תנובה מרכז שיתופי לשיווק תוצרת,,,'יח,6,ל-100 גרם,false,12,18.90,3.15,false,1,
7290014258877,false,מטרנה מהדרין ספיישל 700 גרם,קבוצת אוסם סחר שותפות מוגבלת,,,'יח,7,ל-100 גרם,false,1,64.10,9.16,false,1,
7290014288379,false,"ערמונים 100 גר` ""שווה""",ח.כהן סוכנות מזון ומשקאות בע,,,'יח,5.65,ל-100 גרם,false,1,5.90,1.04,true,1,
7290014426061,false,משחת שיניים הלו קיטי בטעם ענבים לגיל 2-6,גורי ע.ע.ע. בע`מ,,,'יח,0.50,"ל-100 מ""ל",false,36,10.90,21.80,false,1,
7290014455320,false,גבינה כדורי מוצרלה פרסקה גד 100ג',מחלבות גד שיווק 1992 בעמ,,,'יח,2,ל-100 גרם,false,1,8.90,4.45,false,1,
7290014455467,false,ירח מתוק מעדן חלב 2% ושיבולת שועל גד 150ג',מחלבות גד שיווק 1992 בעמ,,,'יח,1.60,"ל-100 מ""ל",false,1,5.90,3.69,true,1,
7290014471412,false,"מוזלי בוטנים אגוזים ושקדים 1 ק""ג - 412 ירוק שקדיה",דין שיווק וקליה 2021 בעמ,,,'יח,10,ל-100 גרם,false,1,21.90,2.19,false,1,
7290014471436,false,"מוזלי צימוקים תפוח קינמון וגרעיני חמניה 1 ק""ג כחול שקדיה",דין שיווק וקליה 2021 בעמ,,,'יח,10,ל-100 גרם,false,1,21.90,2.19,false,1,
7290014471443,false,"גרנולה צימוקים אגוזים ושקדים1 ק""ג חדש - 443 כתום שקדיה (כתום)",דין שיווק וקליה 2021 בעמ,,,'יח,10,ל-100 גרם,false,1,21.90,2.19,false,1,
7290014525290,false,חטיפי סלים דליס קריספי תות מרבה 125 גרם,סלים דליס Slim Delis,,,'יח,1.25,ל-100 גרם,false,1,11.90,9.52,true,1,
7290014525306,false,חטיפי סלים דליס קריספי אוכמניות מרבה 125 גרם,סלים דליס Slim Delis,,,'יח,1.25,ל-100 גרם,false,1,11.90,9.52,true,1,
7290014534650,false,"פסטה ""לה פסטה"" 400 ג' צינור 400 ג'",תומר ייבוא ושיווק מוצרי מזון [,,,'יח,4,ל-100 גרם,false,1,3.90,0.98,true,1,
7290014534667,false,"פסטה ""לה פסטה"" 400 ג' קונכיה 400 ג'",תומר ייבוא ושיווק מוצרי מזון [,,,'יח,4,ל-100 גרם,false,1,3.90,0.98,true,1,
7290014534674,false,"פסטה ""לה פסטה"" 400 ג' פרפר 400 ג'",תומר ייבוא ושיווק מוצרי מזון [,,,'יח,4,ל-100 גרם,false,1,3.90,0.98,true,1,
7290014534681,false,"פסטה ""לה פסטה"" 400 ג' בורג 400 ג'",תומר ייבוא ושיווק מוצרי מזון [,,,'יח,4,ל-100 גרם,false,1,3.90,0.98,true,1,
7290014534698,false,"פסטה ""לה פסטה"" 400 ג' תלתל 400 ג'",תומר ייבוא ושיווק מוצרי מזון [,,,'יח,4,ל-100 גרם,false,1,3.90,0.98,true,1,
7290014534704,false,"פסטה ""לה פסטה"" 400 ג' אטריות מרק 400 ג'",תומר ייבוא ושיווק מוצרי מזון [,,,'יח,4,ל-100 גרם,false,1,3.90,0.98,true,1,
7290014673397,false,תיבול לגריל עוף תבליני מימון 250 גרם,א.ל. ייצור ושיווק תבלינים בע`מ,,,'יח,2.50,ל-100 גרם,false,1,21.90,8.76,false,1,
7290014673403,false,פלפל שחור טחון תבליני מימון (250 גרם),א.ל. ייצור ושיווק תבלינים בע`מ,,,'יח,2.50,ל-100 גרם,false,1,27.90,11.16,false,1,
7290014692299,false,גבינת ברי EURO CHEESE ויליפוד 125 גרם,ג.וילי-פוד אינטרנשיונל **גבינו,,,'יח,1.25,ל-100 גרם,false,1,14.90,11.92,false,1,
7290014692541,false,פתיתים מגורדת וילי פוד (500 גרם)GOLDEN,ג.וילי-פוד אינטרנשיונל **גבינו,,,'יח,5,ל-100 גרם,false,1,19.90,3.98,false,1,
7290014692749,false,"שמן זית כתית מעולה ויליפוד 750 מ""ל",ג. וילי-פוד אינטרנשיונל בע`מ,,,'יח,7.50,"ל-100 מ""ל",false,1,32,4.27,false,1,
7290014692817,false,גבינת מוצרלה מגורדתEURO CHEESE ויליפוד 200 גרם,ג.וילי-פוד אינטרנשיונל **גבינו,,,'יח,2,ל-100 גרם,false,1,10.90,5.45,false,1,
7290014758100,false,מאגדת יוגורט ביו 3% שומן 8 יח' *150ג' תנובה,מיוצר עי קונדיטוריית,,,'יח,10,ל-100 גרם,false,1,16.50,1.65,false,1,
7290014758117,false,מאגדת יוגורט ביו 1.5% שומן 8 יח' *150 ג' תנובה,מיוצר עי קונדיטוריית,,,'יח,10,ל-100 גרם,false,1,16.90,1.69,false,1,
7290014759084,false,גבינת שמנת נפוליאון 16% מופחת שומן תנובה 225 גרם,תנובה מרכז שיתופי לש,,,'יח,2.25,ל-100 גרם,false,1,12.90,5.73,false,1,
7290014759978,false,קצ`קאבל פלח גלעד 200 גר`קולקשיין תנובה,תנובה בעמ ***,,,'יח,2,ל-100 גרם,false,1,29.90,14.95,false,1,
7290014759985,false,פרמזן פלח גבע 23% 200 גר`קולקשיין תנובה,תנובה - חלב,,,'יח,2,ל-100 גרם,false,1,26.70,13.35,false,1,
7290014759992,false,פלח רוקפור גליל 26% 140 גר`קולקשיין תנו,"תנובה, מחלבת תל יוסף",,,'יח,1.40,ל-100 גרם,false,1,21.30,15.21,false,1,
7290014760912,false,גבינה צהובה 28% מהדרין גוש חלב (400 גרם),תנובה מרכז שיתופי לש,,,'יח,4,ל-100 גרם,false,1,25.90,6.48,false,1,
7290014762756,false,גבינת שמנת נפוליאון 16% עם בצל תנובה 225 גרם,תנובה - חלב,,,'יח,2.25,ל-100 גרם,false,1,12.90,5.73,false,1,
7290014762831,false,גבינת שמנת נפוליאון 16% עם פלפל חלפיניו תנובה 225 גרם,תנובה מרכז שיתופי לש,,,'יח,2.25,ל-100 גרם,false,1,12.90,5.73,false,1,
7290014762909,false,פתיתי מוצרלה השף הלבן 10% תוספת מתנה,"תנובה, מחלבת תל יוסף",,,'יח,2.20,ל-100 גרם,false,1,16.90,7.68,false,1,
7290014785076,false,"קרם קוקוס ללא תוספות חומר משמר 400 מ""ל",טחנת האבן קואופ בעמ,,,'יח,4.30,ל-100 גרם,false,1,7.90,1.84,false,1,
7290015039253,false,עלי גפן במי מלח ויליפוד 620 גרם,ג. וילי-פוד אינטרנשיונל בע`מ,,,'יח,6.20,ל-100 גרם,false,12,9.90,1.60,false,1,
7290015139250,false,"שוקולד מריר פצפוצי אורז כרמית 85 גרם לל""ס",כרמית תעשיות ממתקים בעמ,,,'יח,85,ל-100 גרם,false,1,5.90,0.07,false,1,
7290015150088,false,מחית עגבניות קלה גרנד איטליה 700 גרם,תה ויסוצקי (ישראל) בעמ,,,'יח,7,ל-100 גרם,false,1,13.80,1.97,false,1,
7290015150118,false,שלישיית עגבניות חתוכות דק גרנד איטליה 400 גרם,תה ויסוצקי (ישראל) בעמ,,,'יח,4,ל-100 גרם,false,1,16.90,4.23,true,1,
7290015150590,false,תה ירוק ג'ינג'ר חריף ויסוצקי 25 יחידות,תה ויסוצקי (ישראל) בעמ,,,'יח,0.3750,ל-100 גרם,false,1,22.90,61.07,true,1,
7290015156455,false,עוגיות פרמיו 500 גרם,שחורי אריה ואנסטסיה,,,'יח,5,ל-100 גרם,false,1,19.90,3.98,false,1,
7290015282581,false,חומוס אבו גוש עם חריף שמיר 200 גרם,"סלטי שמיר 2006 בע""מ",,,'יח,2,ל-100 גרם,false,1,10.90,5.45,true,1,
7290015282598,false,חומוס מסעדות גורמה שמיר 200 גרם,"סלטי שמיר 2006 בע""מ",,,'יח,2,ל-100 גרם,false,1,10.90,5.45,true,1,
7290015282604,false,טחינה מיוחדת גורמה שמיר 200 גרם,"סלטי שמיר 2006 בע""מ",,,'יח,2,ל-100 גרם,false,1,10.90,5.45,true,1,
7290015282635,false,חומוס מסבחה גורמה שמיר 200 גרם,"סלטי שמיר 2006 בע""מ",,,'יח,2,ל-100 גרם,false,1,10.90,5.45,true,1,
7290015282642,false,חומוס אבו גוש גורמה שמיר 200 גרם,"סלטי שמיר 2006 בע""מ",,,'יח,2,ל-100 גרם,false,1,10.90,5.45,true,1,
7290015282673,false,חציל במיונז ביתי גורמה שמיר 200 גרם,"סלטי שמיר 2006 בע""מ",,,'יח,2,ל-100 גרם,false,1,10.90,5.45,true,1,
7290015282697,false,כרוב אדום שמיר גורמה 200גר,"סלטי שמיר 2006 בע""מ",,,'יח,2,ל-100 גרם,false,1,10.90,5.45,true,1,
7290015320009,false,שלישיית שוקולד מריר השקדיה 100 גרם,דין שיווק וקליה 2021 בעמ,,,'יח,1,,false,1,10.90,10.90,false,1,
7290015320481,false,שוקולד מריר 60% קקאו שגוטן 100 גרם,יעד ממתקים בעמ,,,'יח,1,ל-100 גרם,false,1,4.90,4.90,true,1,
7290015324090,false,כמון טחון 80 גר' טעם וריח,"תבליני טעם וריח בע""מ",,,'יח,1,,false,1,5.90,5.90,false,1,
7290015324427,false,סודה לשתיה 80 גר' טעם וריח,"תבליני טעם וריח בע""מ",,,'יח,1,,false,1,4.90,4.90,false,1,
7290015324724,false,מחית צ`ילי חריף `טעם וריח' 230 גרם,ליני קאטייאמה פודסטאפס ב,,,'יח,2.30,ל-100 גרם,false,1,14.90,6.48,false,1,
7290015366663,false,"משחת שיניים מנטה עדין אקווה פרש 100 מ""ל",גלקסוסמיתקליין,,,'יח,1,"ל-100 מ""ל",false,1,7.90,7.90,false,1,
7290015366670,false,משחת שיניים בטעם מנטה אקוהפרש (100 מל),גלקסוסמיתקליין,,,'יח,1,"ל-100 מ""ל",false,1,6.90,6.90,false,1,
7290015597326,false,אסקימו מאגדת קלי קלות שטראוס 10 יחידות,"גלידת שטראוס בע""\מ, רחוב",,,'יח,1,ל-100 גרם,false,1,28.90,28.90,false,1,
7290015652254,false,גרעיני חמניה קלויים ששון הקולה (400 גרם),דין שיווק וקליה 2021 בעמ,,,'יח,4,ל-100 גרם,false,1,10,2.50,false,1,
7290015652278,false,תערובת פיצוחים 250 גרם ששון הקולה,דין שיווק וקליה 2021 בעמ,,,'יח,2.50,ל-100 גרם,false,1,20,8,false,1,
7290015652285,false,אגוזים קלופים ששון הקולה 250 גרם,דין שיווק וקליה 2021 בעמ,,,'יח,2.50,ל-100 גרם,false,1,20,8,false,1,
7290015652292,false,קבוקים עם שומשום ששון הקולה 400 גרם,דין שיווק וקליה 2021 בעמ,,,'יח,4,ל-100 גרם,false,1,10,2.50,false,1,
7290015652308,false,מנצ'ס ששון הקולה 400 גרם,דין שיווק וקליה 2021 בעמ,,,'יח,3,ל-100 גרם,false,1,10,3.33,false,1,
7290015652322,false,בוטנים אמריקאיים מצופים 400 גר ששון הקלה,דין שיווק וקליה 2021 בעמ,,,'יח,4,ל-100 גרם,false,1,10,2.50,false,1,
7290015804400,false,עגבניות מרוסקות טל 250 גרם,ויטה פרי גליל (החדשה) בע`מ,,,'יח,2.60,ל-100 גרם,false,1,3.90,1.50,true,1,
7290015858441,false,עללחם ממרח איולי פלפלים 295 גרם,"מדשא תעשיות מזון בע""\מ",,,'יח,2.95,ל-100 גרם,false,1,14.90,5.05,false,1,
7290015858687,false,עללחם ממרח איולי שום 295 גרם,"מדשא תעשיות מזון בע""\מ",,,'יח,2.95,ל-100 גרם,false,1,14.90,5.05,false,1,
7290015865722,false,ענבי ציון קונפיטורה לייט תות שדה 400 גר`,אבאל יזמות בעמ,,,'יח,4,ל-100 גרם,false,1,19.90,4.98,false,1,
7290016270877,false,פלפלונים צבעוני,ביכורי השדה הצפון בעמ` 1964,,,'יח,1,,false,1,8.90,8.90,false,1,
7290016296020,false,נפת קוסקוס,ד.ג.ש ייבוא ושיווק בעמ,,,'יח,1,,false,1,29.90,29.90,false,1,
7290016387339,false,מטליות מיקרופייבר ג'מבו לרצפה זוג,מ.א. יצור ויבוא מטליות בעמ`,,,'יח,1,,false,1,12.90,12.90,true,1,
7290016440911,false,מלפפונים ביתיים כבושים 500גר מעדני עופר,קפוא זן תעשיות מזון בעמ,,,'יח,0,ל-100 גרם,false,1,19.90,19.90,false,1,
7290016486735,false,רגל עגל פרוס ארוז מ,ג.ת שווק בן בקר בע`מ,,,"ק""ג",1,,true,1,39.90,39.90,false,1,
7290016867046,false,"מארז פיתות קלות כוסמין במתיקות מעודנת 6 יחידות ד""ר מרק",המאפה של דר מרק בריאות באפייה,,,'יח,3.30,ל-100 גרם,false,1,14.90,4.52,false,1,
7290016867053,false,לחם קל כוסמין בתוספת מחמצת 450 גרם,המאפה של דר מרק בריאות באפייה,,,'יח,4.50,ל-100 גרם,false,1,18.90,4.20,false,1,
7290016867114,false,לחם קל מכוסמין מלא 500 גר`דר מרק,המאפה של דר מרק בריאות באפייה,,,'יח,5,ל-100 גרם,false,1,18.90,3.78,false,1,
7290016867152,false,"מארז פיתות קלות כוסמין 5 יחידות ד""ר מרק",המאפה של דר מרק בריאות באפייה,,,'יח,2.92,ל-100 גרם,false,1,14.90,5.10,false,1,
7290016867176,false,"מארז לחמניות קלות כוסמין שומשום במתיקות מעודמת 5 יחידות ד""ר מרק",המאפה של דר מרק בריאות באפייה,,,'יח,3,ל-100 גרם,false,1,14.90,4.97,false,1,
7290016867237,false,לחם קל כוסמין במתיקות מעודנת 400 גר`דר,המאפה של דר מרק בריאות באפייה,,,'יח,4,ל-100 גרם,false,1,18.90,4.73,false,1,
7290016867244,false,שישיה לחמניות כוסמין בתוספת מחמצת 99 קלוריות,המאפה של דר מרק בריאות באפייה,,,'יח,3.21,ל-100 גרם,false,1,14.90,4.64,false,1,
7290017275338,false,טחינה גולמית 500 טורקיז אחווה*,אחדות ביתחרושת לטחינה חלבה,,,'יח,5,ל-100 גרם,false,1,13.90,2.78,true,1,
7290017275420,false,מיני קצפיות בטעם תות אחוה 140 גרם,אחדות ביתחרושת לטחינה חלבה,,,'יח,1.40,ל-100 גרם,false,1,8.90,6.36,false,1,
7290017275482,false,סירופ לשתיה בטעם ענבים 900 מל,אחדות ביתחרושת לטחינה חלבה,,,'יח,40,"ל-100 מ""ל",false,1,16.90,0.42,false,1,
7290017275499,false,סירופ לשתיה בטעם אננס 900 מל,אחדות ביתחרושת לטחינה חלבה,,,'יח,40,"ל-100 מ""ל",false,1,16.90,0.42,false,1,
7290017275505,false,"סירופ בטעם פטל 900 מ""ל אחוה*",אחדות ביתחרושת לטחינה חלבה,,,'יח,40,"ל-100 מ""ל",false,1,16.90,0.42,false,1,
7290017291338,false,שום סולו 200 גרם,איגל טרייטדינג שיווק חקלאי בעמ,,,'יח,1,,false,1,10.90,10.90,false,1,
7290017297323,false,רוטב עגבניות מרוכז 22% טל וטרי 100 גרם,ויטה- פרי גליל (החדשה) בעמ,,,'יח,1,ל-100 גרם,false,1,1.90,1.90,true,1,
7290017297330,false,"טל רוטב עגבניות מרוכז, 240 גרם",ויטה פרי גליל (החדשה) בע`מ,,,'יח,2.60,ל-100 גרם,false,1,3.90,1.50,false,1,
7290017297644,false,ברוקולי קפוא גרין אנד פרש 800 גר',ויטה פרי גליל (החדשה) בע`מ,,,'יח,8,ל-100 גרם,false,12,14.90,1.86,false,1,
7290017297682,false,כרובית מוקפאת גרין אנד פרש 800 גר',ויטה- פרי גליל (החדשה) בעמ,,,'יח,8,ל-100 גרם,false,12,10.90,1.36,false,1,
7290017599274,false,סוכרזית סטיוויה 120שקיות 100גרם,"שטראוס גרופ בע""מ",,,'יח,1,'יח,false,1,34.90,34.90,false,1,
7290017617282,false,נתחי טונה בהירה בשמן צמחי - מארז 4 יח',סטארקיסט דיפלומט היינץ,,,'יח,1.40,ל-100 גרם,false,1,21.90,15.64,true,1,
7290017659756,false,מגב יותם רוחמה,ד.ג.ש ייבוא ושיווק בעמ,,,'יח,0,'יח,false,1,9.90,9.90,false,1,
7290017724027,false,עוגיות אלפחורס 300 גרם,הלל בן הלל שיווק ומסחר בעמ,,,'יח,3,ל-100 גרם,false,1,22.90,7.63,false,1,
7290017724041,false,עוגיות תותי פרוטי 200גרם,הלל בן הלל שיווק ומסחר בעמ,,,'יח,3,ל-100 גרם,false,1,22.90,7.63,false,1,
7290017724058,false,עוגיות מעדן תמר אגוז אקלר,הלל בן הלל שיווק ומסחר בעמ,,,'יח,3,ל-100 גרם,false,1,22.90,7.63,false,1,
7290017724089,false,עוגיות ואן גוך אקלר 200 גרם,הלל בן הלל שיווק ומסחר בעמ,,,'יח,3,ל-100 גרם,false,1,22.90,7.63,false,1,
7290017724201,false,עוגיות ואן גוך ללא סוכר אקלר,הלל בן הלל שיווק ומסחר בעמ,,,'יח,3,ל-100 גרם,false,1,22.90,7.63,false,1,
7290017724218,false,עוגיות תמר אגוז ללא סוכר אקלר,הלל בן הלל שיווק ומסחר בעמ,,,'יח,3,ל-100 גרם,false,1,22.90,7.63,false,1,
7290017724256,false,עוגיות שומשיות ללא סוכר אקלר,הלל בן הלל שיווק ומסחר בעמ,,,'יח,3,ל-100 גרם,false,1,22.90,7.63,false,1,
7290017724287,false,עוגיות אצבעות פקאן ללא סוכר אקלר,הלל בן הלל שיווק ומסחר בעמ,,,'יח,3,ל-100 גרם,false,1,22.90,7.63,false,1,
7290017842615,false,צלחת קטנה אריזת ענק 50 יח` מתכלה שווה,ח.כהן סוכנות מזון ומשקאות בע,,,'יח,1,,false,1,14.90,14.90,true,1,
7290017842622,false,צלחת גדולה אריזת ענק 50 יח`מתכלה שווה,ח.כהן סוכנות מזון ומשקאות בע,,,'יח,1,,false,1,19.90,19.90,false,1,
7290017918143,false,לבבות קיסר,ביכורי השדה הצפון בעמ` 1964,,,'יח,1,,false,1,8.90,8.90,false,1,
7290017928098,false,בייגלה שטוח מלח 330 גר` מאיר בייגל,מאיר את בייגל,,,'יח,3,ל-100 גרם,false,1,11.90,3.97,true,1,
7290017946399,false,"מרכך כביסה מרוכז ארומתרפי אדום 900 מ""ל סוד",גורי שיווק בעמ,,,'יח,9,"ל-100 מ""ל",false,12,12.90,1.43,false,1,
7290018091104,false,מאמאמיה פיצה שוק דקה 440 גרם,תנובה מרכז שיתופי לשיווק תוצרת,,,'יח,4.40,ל-100 גרם,false,1,25.90,5.89,false,1,
7290018091111,false,מאמאמיה פיצה זיתים עבה 510 גרם,תנובה מרכז שיתופי לשיווק תוצרת,,,'יח,5.10,ל-100 גרם,false,1,25.90,5.08,false,1,
7290018091302,false,מאמאמיה פיצה בלקנית דקה 440 גרם,תנובה מרכז שיתופי לשיווק תוצרת,,,'יח,4.40,ל-100 גרם,false,1,25.90,5.89,false,1,
7290018091500,false,מאמאמיה פיצה חריפה דקה 410 גרם,תנובה מרכז שיתופי לשיווק תוצרת,,,'יח,4.10,ל-100 גרם,false,1,25.90,6.32,false,1,
7290018091708,false,מאמאמיה פיצה נפוליטנה דקה 470 גרם,תנובה מרכז שיתופי לשיווק תוצרת,,,'יח,4.70,ל-100 גרם,false,1,25.90,5.51,false,1,
7290018091906,false,מאמאמיה פיצה נפוליטנה דקה 470 גרם,תנובה מרכז שיתופי לשיווק תוצרת,,,'יח,4.70,ל-100 גרם,false,1,25.90,5.51,false,1,
7290018194065,false,אורז בסמטי 1 קילו PRIMO,בני פאוזי שמשום (2009) בעמ,,,'יח,10,ל-100 גרם,false,1,8.90,0.89,true,1,
7290018194089,false,"סודה בטעם לימון ספארק 12* 250 מ""ל",בני פאוזי שמשום (2009) בעמ,,,'יח,2.50,"ל-100 מ""ל",false,1,24.90,8.52,false,1,
7290018359952,false,רוטב עגבניות לפסטה יכין 400 גרם,זנלכול יכין,,,'יח,4,ל-100 גרם,false,1,11.90,2.98,false,1,
7290018380741,false,דפי בצק פילו עגולים תומר 500 גרם,תומר ייבוא ושיווק מוצרי מזון [,,,'יח,1,ל-100 גרם,false,1,14.90,14.90,true,1,
7290018440247,false,תה צ'אי שקדים0 25 שקיקים ויסוצקי,תה ויסוצקי (ישראל) בעמ,,,'יח,0.50,ל-100 גרם,false,1,19.90,39.80,true,1,
7290018440438,false,Calvo טונה בשמן זית פתיחה קלה 3 * 65 גרם,תה ויסוצקי (ישראל) בעמ,,,'יח,1.90,ל-100 גרם,false,1,26.90,14.16,false,1,
7290018440483,false,פליפז בייגלה מצופה בקרמל מלוח ושוקולד מקוויטיס 140 גרם,תה ויסוצקי (ישראל) בעמ,,,'יח,1.40,ל-100 גרם,false,1,8.90,6.36,true,1,
7290018440520,false,סלט טונה קאלוו מקסיקני 150 גר,"קאלוו קונסרבס ס.ל.יו. ,",,,'יח,1.50,ל-100 גרם,false,1,13.90,9.27,true,1,
7290018441626,false,גלידת פיינטים מנטה עוגיות 430 ג' בן וג'ירי,מוצרי איכות אמריקאיים בעמ,,,'יח,5,ל-100 גרם,false,1,19.90,3.98,true,1,
7290018471050,false,"ספרינג נקטר אגס תפוח סברס פחית 330 מ""ל",יפאורה - שותפות מוגבלת לשיווק,,,'יח,3.30,"ל-100 מ""ל",false,1,5.90,1.70,true,1,
7290018471906,false,שוופס מוגז פירות לימונדה ורודה 1.5 ליטר פיקדון,יפאורה - שותפות מוגבלת לשיווק,,,'יח,15,"ל-100 מ""ל",false,1,8.90,0.57,true,1,
7290018471913,false,משקה מוגז פירות תפוחים שוופס 1.5 ליטר,יפאורה - שותפות מוגבלת לשיווק,,,'יח,15,"ל-100 מ""ל",false,1,8.90,0.57,true,1,
7290018471920,false,שוופס מוגז פירות ענבים 1.5 ליטר פיקדון,יפאורה - שותפות מוגבלת לשיווק,,,'יח,15,"ל-100 מ""ל",false,1,8.90,0.57,true,1,
7290018471937,false,שוופס מוגז פירות תות ליים 1.5 ליטר פיקדון,יפאורה - שותפות מוגבלת לשיווק,,,'יח,15,"ל-100 מ""ל",false,1,8.90,0.57,true,1,
7290018471944,false,שוופס מוגז פירות לימונייד 1.5 ליטר פיקדון,יפאורה - שותפות מוגבלת לשיווק,,,'יח,15,"ל-100 מ""ל",false,1,8.90,0.57,true,1,
7290018652886,false,שלגונים בשומן צמחי בטעמי שוקו ובננה מצופים צימקאו,נגה גלידות שותפות מוגבלת,,,'יח,0.55,ל-100 גרם,false,1,23.90,43.45,false,1,
7290018652909,false,מאגדת מאגנום קפה שוקולד ופקאן 5 *43 ג' נסטלה,נגה גלידות שותפות מוגבלת,,,'יח,0.43,ל-100 גרם,false,1,29.90,69.53,false,1,
7290018652923,false,מאגדת תות עוגת גבינה שוקולד 5 *43 ג' נסטלה,נגה גלידות שותפות מוגבלת,,,'יח,0.43,ל-100 גרם,false,1,29.90,69.53,false,1,
7290018792841,false,אבקת קקאו טבעי 150 גר` גאנה,תה ויסוצקי (ישראל) בעמ,,,'יח,1.50,ל-100 גרם,false,1,10.90,7.27,true,1,
7290018825419,false,תפוח אדמה קטן אדום ברשת,תוצרת הנגב אגודה שיתופית חקלאי,,,"ק""ג",1,,true,1,4.90,4.90,false,1,
7290018835005,false,אקסטרה צ'יפס אורז חום מלא מלח פלפל שמן זית 60 גרם,א.ל. ייצור ושיווק תבלינים בע`מ,,,'יח,0.60,ל-100 גרם,false,1,6.90,11.50,false,1,
7290018893081,false,עוגות מגולגלות במילוי קרם חלבי וציפוי בטעם שוקולד,ש. שסטוביץ בע`מ,,,'יח,1,ל-100 גרם,false,20,8.90,8.90,true,1,
7290018893289,false,צ'וקטה עוגות מגולגלות בטעם קקאו במילוי קרם קקאו וציפוי בטעם שוקולד 6 יח' 222 גרם,ש. שסטוביץ בע`מ,,,'יח,1,ל-100 גרם,false,1,8.90,8.90,true,1,
7290018893456,false,צ'וקטה עוגות אישיות במילוי קרם ובציפוי בטעם שוקולד 300 גרם,"פרדי קונדיטוריה אס,פי.אי",,,'יח,3,ל-100 גרם,false,1,12.90,4.30,false,1,
7290018893616,false,מארז צוקטה שוקולד מריר 48% 6*100 גר,ש. שסטוביץ בע`מ,,,'יח,1,,false,4,19.90,19.90,false,1,
7290018893661,false,עוגות אישיות במילוי קרם קקאו ציפוי בטעם שוקולד מריר,"פרדי קונדיטוריה אס,פי.אי",,,'יח,2.40,ל-100 גרם,false,16,14.90,6.21,true,1,
7290018893807,false,צוקטה בטעם שוקולד מריר 60% 3 יח' 300 גרם,אייברקקאו אס אי. יו,,,'יח,1,'יח,false,1,14.90,14.90,false,1,
7290018893814,false,צ'וקטה חמישיית שוקולד מריר 48%,הדקלאים אגודת שיתופי,,,'יח,1,,false,4,19.90,19.90,true,1,
7290018893876,false,עוגות אישיות רכות עם מילוי קרם בטעם וניל,פרדי קונדיטוריה אס.פ,,,'יח,1,ל-100 גרם,false,16,14.90,14.90,true,1,
7290018893937,false,לוקיטוס סוכריות ג'לי בטעמי פירות 300 גרם,ש. שסטוביץ בע`מ,,,'יח,3,ל-100 גרם,false,1,9.90,3.30,false,1,
7290018894002,false,קוביות וופל במילוי קרם קקאו - חלבי,ש. שסטוביץ בע`מ,,,'יח,2.50,ל-100 גרם,false,1,11.90,4.76,true,1,
7290018894019,false,עוגות אישיות במילוי קרם חלבי ובציפוי קרם קקאו,ש. שסטוביץ בע`מ,,,'יח,3.50,ל-100 גרם,false,1,14.90,4.26,true,1,
7290018894040,false,צ'וקטה שוקולד שוקולד חלב 5*100 גרם,ש. שסטוביץ בע`מ,,,'יח,1,'יח,false,1,19.90,19.90,true,1,
7290018894248,false,צ'וקטה - שוקולד חלב שלישייה 3 * 100 גרם,ש. שסטוביץ בע`מ,,,'יח,1,'יח,false,1,12.90,12.90,false,1,
7290018894408,false,קוביות וופל במילוי קרם אגוזי לוז - חלבי,ש. שסטוביץ בע`מ,,,'יח,2.50,ל-100 גרם,false,1,11.90,4.76,true,1,
7290018894606,false,בלקוני וופל קקאו 175 גרם חלבי OU,ש. שסטוביץ בע`מ,,,'יח,1.75,ל-100 גרם,false,1,8.90,5.09,true,1,
7290018925065,false,מיץ תפוזים סחוט פרימור (2 ליטר),שטראוס גרופ בעמ/מצונן,,,'יח,20,"ל-100 מ""ל",false,4,26.80,1.33,false,1,
7290018925089,false,"מיץ פרימור תפו""ע צלול סחוט 2 ליטר-",שטראוס גרופ בעמ/מצונן,,,'יח,20,"ל-100 מ""ל",false,4,25.90,1.30,false,1,
7290018989128,false,סירופ בטעם ענבים יכין 1 ליטר,זנלכול יכין,,,'יח,1,,false,1,18.90,18.90,false,1,
7290019056027,false,שוופס מוגז פירות תפוחים ללא סוכר 1.5 ליטר פיקדון,יפאורה - שותפות מוגבלת לשיווק,,,'יח,15,"ל-100 מ""ל",false,1,8.90,0.57,true,1,
7290019056041,false,שוופס מוגז פירות לימונייד ללא סוכר 1.5 ליטר פיקדון,יפאורה - שותפות מוגבלת לשיווק,,,'יח,15,"ל-100 מ""ל",false,1,8.90,0.57,true,1,
7290019056058,false,שוופס מוגז עדין תפוח ליים 1.5 ליטר פיקדון,יפאורה - שותפות מוגבלת לשיווק,,,'יח,15,"ל-100 מ""ל",false,1,8.90,0.57,true,1,
7290019056065,false,שוופס מוגז עדין פירות יער 1.5 ליטר פיקדון,יפאורה - שותפות מוגבלת לשיווק,,,'יח,15,"ל-100 מ""ל",false,1,8.90,0.57,true,1,
7290019056072,false,שוופס מוגז עדין אננס 1.5 ליטר פיקדון,יפאורה - שותפות מוגבלת לשיווק,,,'יח,15,"ל-100 מ""ל",false,1,8.90,0.57,true,1,
7290019056089,false,שוופס מוגז עדין ענבי ריזלינג 1.5 ליטר פיקדון,יפאורה - שותפות מוגבלת לשיווק,,,'יח,15,"ל-100 מ""ל",false,1,8.90,0.57,true,1,
7290019056096,false,שוופס מוגז עדין אפרסק 1.5 ליטר פיקדון,יפאורה - שותפות מוגבלת לשיווק,,,'יח,15,"ל-100 מ""ל",false,1,8.90,0.57,true,1,
7290019056126,false,שוופס סודה לימון 1.5 ליטר בק' בודד פיקדון,יפאורה - שותפות מוגבלת לשיווק,,,'יח,15,"ל-100 מ""ל",false,12,3.60,0.22,false,1,
7290019056164,false,שוופס סודה 1.5 ליטר רביעייה פיקדון,יפאורה - שותפות מוגבלת לשיווק,,,'יח,60,"ל-100 מ""ל",false,1,12.90,0.20,false,1,
7290019056171,false,שוופס סודה לימון 1.5 ליטר רביעייה פיקדון,יפאורה - שותפות מוגבלת לשיווק,,,'יח,60,"ל-100 מ""ל",false,1,12.90,0.20,false,1,
7290019056188,false,מארז רביעיית סודה בטעם נענע ליים 1.5 ל' שוופס,יפאורה - שותפות מוגבלת לשיווק,,,'יח,60,"ל-100 מ""ל",false,1,12.90,0.20,false,1,
7290019056201,false,מארז רביעיית סודה בטעם פירות יער 1.5 ל' שוופס,יפאורה - שותפות מוגבלת לשיווק,,,'יח,60,"ל-100 מ""ל",false,1,12.90,0.20,false,1,
7290019056232,false,משקה מוגז בטעם ליים מוחיטו 1.5 ל' שוופס,יפאורה - שותפות מוגבלת לשיווק,,,'יח,15,"ל-100 מ""ל",false,1,8.90,0.57,true,1,
7290019056249,false,שוופס מים בטעמים ענבים 1.5 ליטר פיקדון,יפאורה - שותפות מוגבלת לשיווק,,,'יח,15,"ל-100 מ""ל",false,1,7.90,0.51,true,1,
7290019056256,false,שוופס מים בטעמים תפוחים 1.5 ליטר פיקדון,יפאורה - שותפות מוגבלת לשיווק,,,'יח,15,"ל-100 מ""ל",false,1,7.90,0.51,true,1,
7290019056263,false,שוופס מים בטעמים אפרסק 1.5 ליטר פיקדון,יפאורה - שותפות מוגבלת לשיווק,,,'יח,15,"ל-100 מ""ל",false,1,7.90,0.51,true,1,
7290019056287,false,שוופס מים בטעמים אפרסק ללא סוכר 1.5 ליטר פיקדון,יפאורה - שותפות מוגבלת לשיווק,,,'יח,15,"ל-100 מ""ל",false,1,7.90,0.51,true,1,
7290019056300,false,משקה בטעם ביטר לימון 1.5 ל' שוויפס,יפאורה - שותפות מוגבלת לשיווק,,,'יח,15,"ל-100 מ""ל",false,1,12.90,0.84,false,1,
7290019056317,false,משקה בטעם ראשן 1.5 ל' שוופס,יפאורה - שותפות מוגבלת לשיווק,,,'יח,15,"ל-100 מ""ל",false,1,12.90,0.84,false,1,
7290019056331,false,שוופס טוניק ללא סוכר 1.5 ליטר פיקדון,יפאורה - שותפות מוגבלת לשיווק,,,'יח,15,"ל-100 מ""ל",false,1,12.90,0.84,false,1,
7290019056355,false,תפוזינה לימונדה מיקס לימונענע 1.5 ליטר,יפאורה - שותפות מוגבלת לשיווק,,,'יח,15,"ל-100 מ""ל",false,1,8.90,0.57,true,1,
7290019056362,false,תפוזינה משקה קל ענבים 1.5 ליטר,יפאורה - שותפות מוגבלת לשיווק,,,'יח,15,"ל-100 מ""ל",false,1,8.90,0.57,true,1,
7290019056379,false,משקה קל תפוזינה 1.5 ליטר תפוזים,יפאורה - שותפות מוגבלת לשיווק,,,'יח,15,"ל-100 מ""ל",false,1,8.90,0.57,true,1,
7290019056386,false,משקה קל תפוזינה 1.5 ליטר אשכוליות,יפאורה - שותפות מוגבלת לשיווק,,,'יח,15,"ל-100 מ""ל",false,1,8.90,0.57,true,1,
7290019056393,false,משקה קל תפוזינה 1.5 ליטר תות בננה,יפאורה - שותפות מוגבלת לשיווק,,,'יח,15,"ל-100 מ""ל",false,1,8.90,0.57,true,1,
7290019056409,false,תפוזינה משקה קל מנגו עסיסי1.5ליטר,יפאורה - שותפות מוגבלת לשיווק,,,'יח,15,"ל-100 מ""ל",false,1,8.90,0.57,true,1,
7290019056416,false,מיץ בטעם לימונדה ורודה 1.5 ל' תפוזינה,יפאורה - שותפות מוגבלת לשיווק,,,'יח,15,"ל-100 מ""ל",false,1,8.90,0.57,true,1,
7290019056423,false,תפוזינה משקה קל תפוח רענן 1.5ליטר,יפאורה - שותפות מוגבלת לשיווק,,,'יח,15,"ל-100 מ""ל",false,1,8.90,0.57,true,1,
7290019056447,false,משקה קל תפוזינה 1.5 ליטר אשכוליות לייט,יפאורה - שותפות מוגבלת לשיווק,,,'יח,15,"ל-100 מ""ל",false,1,7.90,0.51,true,1,
7290019056478,false,ספרינג טי קר אפרסק 1.5ליטר פיקדון,יפאורה - שותפות מוגבלת לשיווק,,,'יח,15,"ל-100 מ""ל",false,1,7.90,0.51,true,1,
7290019056508,false,פרוט ווטר ענבים 1.5 ליטר פיקדון,יפאורה - שותפות מוגבלת לשיווק,,,'יח,15,"ל-100 מ""ל",false,1,8.90,0.57,true,1,
7290019056515,false,פרוט ווטר אננס 1.5 ליטר פיקדון,יפאורה - שותפות מוגבלת לשיווק,,,'יח,15,"ל-100 מ""ל",false,1,8.90,0.57,true,1,
7290019056522,false,מים בטעם תות 1.5 ל' פרוט וואטר,יפאורה - שותפות מוגבלת לשיווק,,,'יח,15,"ל-100 מ""ל",false,1,8.90,0.57,true,1,
7290019056546,false,fruit water פרוט ווטר אבטיח 1.5 ליטר-,יפאורה - שותפות מוגבלת לשיווק,,,'יח,15,"ל-100 מ""ל",false,1,8.90,0.57,true,1,
7290019056553,false,שישיית מים מינרלים עין גדי 2 ליטר,יפאורה - שותפות מוגבלת לשיווק,,,'יח,120,"ל-100 מ""ל",false,1,13.80,0.10,false,1,
7290019056560,false,עין גדי מים מינרלים בקבוק 2 ליטר,יפאורה שותפות מוגבלת לשיווק,,,'יח,20,"ל-100 מ""ל",false,1,3.40,0.16,false,1,
7290019056577,false,ספרינג קל מנגו 1.5 ליטר פיקדון,יפאורה - שותפות מוגבלת לשיווק,,,'יח,15,"ל-100 מ""ל",false,1,8.90,0.57,true,1,
7290019056584,false,משקה קל תפוזים ספרינג 1.5 ליטר,יפאורה - שותפות מוגבלת לשיווק,,,'יח,15,"ל-100 מ""ל",false,1,8.90,0.57,true,1,
7290019056591,false,משקה קל ענבים ספרינג 1.5 ליטר,יפאורה - שותפות מוגבלת לשיווק,,,'יח,15,"ל-100 מ""ל",false,1,8.90,0.57,true,1,
7290019056607,false,משקה קל תפוחים ספרינג 1.5 ליטר,יפאורה - שותפות מוגבלת לשיווק,,,'יח,15,"ל-100 מ""ל",false,1,8.90,0.57,true,1,
7290019056614,false,משקה קל אפרסק ספרינג 1.5 ליטר,יפאורה - שותפות מוגבלת לשיווק,,,'יח,15,"ל-100 מ""ל",false,1,8.90,0.57,true,1,
7290019056621,false,משקה קל פירות טרופיים ספרינג 1.5 ליטר,יפאורה - שותפות מוגבלת לשיווק,,,'יח,15,"ל-100 מ""ל",false,1,8.90,0.57,true,1,
7290019056638,false,משקה קל ספרינג 1.5 ליטר תות בננה,יפאורה - שותפות מוגבלת לשיווק,,,'יח,15,"ל-100 מ""ל",false,1,8.90,0.57,true,1,
7290019056645,false,משקה קל ספרינג 1.5 ליטר אגס תפוח סברס,יפאורה - שותפות מוגבלת לשיווק,,,'יח,15,"ל-100 מ""ל",false,1,8.90,0.57,true,1,
7290019056652,false,משקה קל ספרינג 1.5 ליטר אננס בננה,יפאורה - שותפות מוגבלת לשיווק,,,'יח,15,"ל-100 מ""ל",false,1,8.90,0.57,true,1,
7290019056720,false,קריסטל מיץ ענבים 2 ליטר פיקדון,יפאורה - שותפות מוגבלת לשיווק,,,'יח,20,"ל-100 מ""ל",false,1,7.90,0.38,true,1,
7290019056737,false,משקה קל קריסטל (2 ליטר)אשכוליות,יפאורה - שותפות מוגבלת לשיווק,,,'יח,20,"ל-100 מ""ל",false,1,7.90,0.38,false,1,
7290019056744,false,קריסטל מיץ תפוזים 2 ליטר פיקדון,יפאורה - שותפות מוגבלת לשיווק,,,'יח,20,"ל-100 מ""ל",false,1,7.90,0.38,true,1,
7290019056751,false,קריסטל מיץ אשכוליות דיאט 2 ליטר פיקדון,יפאורה - שותפות מוגבלת לשיווק,,,'יח,20,"ל-100 מ""ל",false,1,6.50,0.31,true,1,
7290019056768,false,קריסטל משקה קל מנגו 2 ליטר פיקדון,יפאורה - שותפות מוגבלת לשיווק,,,'יח,20,"ל-100 מ""ל",false,1,7.90,0.38,false,1,
7290019056775,false,משקה קל קריסטל (2 ליטר)מוגז ענבים,יפאורה - שותפות מוגבלת לשיווק,,,'יח,20,"ל-100 מ""ל",false,1,7.90,0.38,true,1,
7290019056799,false,משקה קל קריסטל (2 ליטר)מוגז אקזוטי,יפאורה - שותפות מוגבלת לשיווק,,,'יח,20,"ל-100 מ""ל",false,1,7.90,0.38,true,1,
7290019056805,false,משקה קל קריסטל (2 ליטר)מוגז תפוחים,יפאורה - שותפות מוגבלת לשיווק,,,'יח,20,"ל-100 מ""ל",false,1,7.90,0.38,true,1,
7290019056812,false,משקה קל קריסטל (2 ליטר)מוגז מנטה,יפאורה - שותפות מוגבלת לשיווק,,,'יח,20,"ל-100 מ""ל",false,1,7.90,0.38,true,1,
7290019056829,false,משקה קל קריסטל (2 ליטר)מוגז תפוזים,יפאורה - שותפות מוגבלת לשיווק,,,'יח,20,"ל-100 מ""ל",false,1,7.90,0.38,true,1,
7290019056836,false,משקה קל קריסטל (2 ליטר)מוגז תות,יפאורה - שותפות מוגבלת לשיווק,,,'יח,20,"ל-100 מ""ל",false,1,7.90,0.38,true,1,
7290019056973,false,מי עדן שישיה בק `1.5ליטר פיקדון,יפאורה - שותפות מוגבלת לשיווק,,,'יח,90,"ל-100 מ""ל",false,1,13.70,0.13,false,1,
7290019101833,false,כוסות קרטון שתיה חמה8-B שווה,ח.כהן סוכנות מזון ומשקאות בע,,,'יח,50,'יח,false,1,8.90,0.18,true,1,
7290019153078,false,שוופס ביטר למון 1.5 לייט ליטר פיקדון,יפאורה - שותפות מוגבלת לשיווק,,,'יח,15,"ל-100 מ""ל",false,1,12.90,0.84,false,1,
7290019153252,false,שוופס סודה תפוח 1.5 ליטר רביעייה פיקדון,יפאורה - שותפות מוגבלת לשיווק,,,'יח,60,"ל-100 מ""ל",false,1,12.90,0.20,false,1,
7290019153269,false,שוופס סודה אננס 1.5 ליטר רביעייה פיקדון,יפאורה - שותפות מוגבלת לשיווק,,,'יח,60,"ל-100 מ""ל",false,1,12.90,0.20,false,1,
7290019153375,false,משקה קל תפוזינה 1.5 ליטר מוחיטו,יפאורה - שותפות מוגבלת לשיווק,,,'יח,15,"ל-100 מ""ל",false,1,8.90,0.57,true,1,
7290019153566,false,משקה קל רימון אוכמניות דובדבן ספרינג 1.5 ליטר,יפאורה - שותפות מוגבלת לשיווק,,,'יח,15,"ל-100 מ""ל",false,1,8.90,0.57,false,1,
7290019167037,false,תותים בקצפת 82 גרם עדן קינוחים,תנובה בעמ ***,,,'יח,8.20,ל-100 גרם,false,1,6.90,0.84,false,1,
7290019167044,false,קצפת עם קרם בייגלה מתוק מלוח עדן קינוחים 82 גרם,תנובה בעמ ***,,,'יח,8.20,ל-100 גרם,false,1,6.90,0.84,false,1,
7290019226314,false,פילה אמנון 7-9 80% עם עור,תומר ייבוא ושיווק מוצרי מזון [,,,"ק""ג",0,"ק""ג",true,1,24.90,24.90,false,1,
7290019232186,false,תה ירוק לימונית לואיזהSTAY WELL 25 שקיקים ויסוצקי,תה ויסוצקי (ישראל) בעמ,,,'יח,1,'יח,false,1,27.90,27.90,false,1,
7290019232834,false,פליפז בייגלה מצופה קרם עוגיות ושוקולד מקוויטיס 140 גרם,תה ויסוצקי (ישראל) בעמ,,,'יח,1.44,ל-100 גרם,false,1,8.90,6.18,true,1,
7290019297161,false,טורטיה ראפ מקמח תירס שקדיה 450 גרם,דין שיווק וקליה 2021 בעמ,,,'יח,4.50,ל-100 גרם,false,1,9.90,2.20,false,1,
7290019297451,false,מי ורדים 500 מל דין שיווק,דין שיווק וקליה 2021 בעמ,,,'יח,5,"ל-100 מ""ל",false,1,13.90,2.78,false,1,
7290100240632,false,קרקר פתית 200-300ג' 6 דגנים 250 גרם,"יוניליוור ישראל שיווק בע""מ",,,'יח,2.50,ל-100 גרם,false,1,16.90,6.76,false,1,
7290100240656,false,"פתית שיפון בד""צ חדש 300X24 גר'",יוניליוור ישראל שיווק בע`מ,,,'יח,3,ל-100 גרם,false,1,16.90,5.63,false,1,
7290100243671,false,"מרכך כביסה מרוכז אקסטרה כחול בדין 960 מ""ל",יוניליוור ישראל שיווק בע`מ,,,'יח,96,"ל-100 מ""ל",false,1,15.90,0.17,false,1,
7290100245231,false,נמס בכוס מרק בטעם עוף עם אטריות ושקדי מרק-2 שקיות,יוניליוור ישראל שיווק בע`מ,,,'יח,0.50,ל-100 גרם,false,1,6.40,12.80,true,1,
7290100249598,false,רוטב לעוף בטעם שום ודבש קנור (320 גרם),יוניליוור ישראל שיווק בע`מ,,,'יח,3.20,ל-100 גרם,false,1,12.90,4.03,true,1,
7290100249659,false,"רוטב לעוף צ'ילי מתוק ושום קנור 320 גרם בד""צ","יוניליוור ישראל שיווק בע""מ",,,'יח,3.20,ל-100 גרם,false,1,12.90,4.03,true,1,
7290100335710,false,שישליק הודו טרי,קורניש חן (1987) בעמ,,,"ק""ג",1,,true,1,29.90,29.90,false,1,
7290100411254,false,מחית בוליווד תפוח ובננה 190 גרם ללא תוספ,שקד תבל בע`מ,,,'יח,1.90,ל-100 גרם,false,1,4.90,2.58,true,1,
7290100658338,false,"נוזל לניקוי כלים אוקסי פלוס פלמוליב 750 מ""ל",הנסיך- מפעל לייצור ט,,,'יח,7.50,"ל-100 מ""ל",false,1,11.90,1.59,true,1,
7290100680728,false,פירורית רגילה שקית 350 גרם,קבוצת אוסם סחר שותפות מוגבלת,,,'יח,3.50,ל-100 גרם,false,1,6.90,1.97,false,1,
7290100681138,false,מארז אפרופו חטיף תירס 3 יחידות,קבוצת אוסם סחר שותפות מוגבלת,,,'יח,1.50,ל-100 גרם,false,1,12.90,8.60,true,1,
7290100684139,false,פסטה מיני מקרוני אסם (500 גרם),קבוצת אוסם סחר שותפות מוגבלת,,,'יח,5,ל-100 גרם,false,1,5.90,1.18,true,1,
7290100684306,false,רוטב צ`ילי מתוק אסם (600 מל),קבוצת אוסם סחר-שות.מוגבלת,,,'יח,6,"ל-100 מ""ל",false,1,16.90,2.82,false,1,
7290100684764,false,במבה יום הולדת על סרט אסם 25 ג',קבוצת אוסם סחר שותפות מוגבלת,,,'יח,0.25,ל-100 גרם,false,1,2.40,9.60,false,1,
7290100685136,false,"אבקת מרק טעם עוף 1 ק""ג 1/8 אסם",קבוצת אוסם סחר שותפות מוגבלת,,,'יח,10,ל-100 גרם,false,1,14.90,1.49,true,1,
7290100685334,false,אבקת מרק עוף אמיתי בשרי רכיבים טבעיים אסם 400 גרם,קבוצת אוסם סחר שותפות מוגבלת,,,'יח,4,ל-100 גרם,false,1,23.90,5.98,true,1,
7290100685341,false,אבקת מרק טעם עוף זך רכיבים טבעיים אסם 400 גרם,קבוצת אוסם סחר שותפות מוגבלת,,,'יח,4,ל-100 גרם,false,6,16.90,4.23,true,1,
7290100689301,false,אבקת מרק בטעם עוף זך עדיף אסם 400 גרם,קבוצת אוסם סחר שותפות מוגבלת,,,'יח,4,ל-100 גרם,false,1,15.90,3.98,true,1,
7290100700020,false,גריסי פנינה סוגת (500 גרם),האי נאם סי או אל.טי.,,,'יח,5,ל-100 גרם,false,1,5.90,1.18,false,1,
7290100700068,false,סוגת שעועית צבעונית 500גרם,"סוגת תעשיות בע""מ",,,'יח,5,ל-100 גרם,false,1,10.90,2.18,false,1,
7290100700242,false,אורז מלא עגול סוגת (1 קג),"סוגת תעשיות בע""\מ",,,'יח,10,ל-100 גרם,false,1,9.90,0.99,false,1,
7290100700273,false,קינואה לבנה 500 ג סו,האי נאם סי או אל.טי.,,,'יח,5,ל-100 גרם,false,1,12.90,2.58,false,1,
7290100700297,false,עדשים שחורות מנומרות סוגת 500 גרם,"סוגת תעשיות בע""מ",,,'יח,5,ל-100 גרם,false,1,7.90,1.58,false,1,
7290100700310,false,"סוגת כוסמת סוגת 1ק""ג","סוגת תעשיות בע""מ",,,'יח,10,ל-100 גרם,false,1,12.90,1.29,false,1,
7290100700327,false,"גריסי פנינה סוגת 1 ק""ג","סוגת תעשיות בע""\מ",,,'יח,10,ל-100 גרם,false,1,7.90,0.79,false,1,
7290100700334,false,קינואה לבנה 1 קג סוג,"סוגת תעשיות בע""מ",,,'יח,10,ל-100 גרם,false,1,19.90,1.99,false,1,
7290100700365,false,"שעועית אדומה 1 ק""ג סוגת",סוגת תעשיות בעמ,,,'יח,10,ל-100 גרם,false,1,16.90,1.69,true,1,
7290100700372,false,"אורז בסגנון בסמטי מלא 1 ק""ג",האי נאם סי או אל.טי.,,,'יח,10,ל-100 גרם,false,1,14.90,1.49,false,1,
7290100700389,false,"אורז אדום סוגת 1 ק""ג","סוגת תעשיות בע""\מ",,,'יח,10,ל-100 גרם,false,1,14.90,1.49,false,1,
7290100700396,false,"אורז יסמין קלאסי סוגת 1 ק""ג",האי נאם סי או אל.טי.,,,'יח,10,ל-100 גרם,false,1,12.90,1.29,false,1,
7290100700402,false,"חומוס ענק סוגת 1 ק""ג",סוגת תעשיות בעמ,,,'יח,10,ל-100 גרם,false,1,19.90,1.99,true,1,
7290100700587,false,"בורגול ""סוגת"" 500 גרם",האי נאם סי או אל.טי.,,,'יח,5,ל-100 גרם,false,1,4.90,0.98,false,1,
7290100701126,false,סוגת שעועית מש סוגת 500 גרם,סוגת תעשיות בעמ,,,'יח,5,ל-100 גרם,false,1,10.90,2.18,false,1,
7290100701157,false,אורז להכנת סושי סוגת (1 קג),"סוגת תעשיות בע""\מ",,,'יח,10,ל-100 גרם,false,1,9.90,0.99,false,1,
7290100701348,false,"קמח שיפון מלא סוגת 1 ק""ג",שטיבל טחנות קמח,,,'יח,10,ל-100 גרם,false,1,6.90,0.69,false,1,
7290100701454,false,בורגול דק גרישה סוגת (500 גרם),"סוגת תעשיות בע""\מ",,,'יח,5,ל-100 גרם,false,1,4.90,0.98,false,1,
7290100702260,false,קוסקוס דק סוגת 350 גרם,"אסיף תעשיות מזון בע""\מ",,,'יח,3.50,ל-100 גרם,false,1,4.90,1.40,true,1,
7290100702277,false,סוגת קוסקוס עבה 350 גרם,"אסיף תעשיות מזון בע""",,,'יח,3.50,ל-100 גרם,false,1,4.90,1.40,true,1,
7290100702284,false,קוסקוס מלא סוגת (350 גרם),"אסיף תעשיות מזון בע""",,,'יח,3.50,ל-100 גרם,false,1,4.90,1.40,true,1,
7290100702314,false,סוגת שעועית שחורה 500 גרם,סוגת תעשיות בעמ,,,'יח,5,ל-100 גרם,false,1,10.90,2.18,false,1,
7290100702611,false,פתיתים אפויים אורז 500 גרם סוגת,"אסיף תעשיות מזון בע""\מ",,,'יח,5,ל-100 גרם,false,1,5.90,1.18,true,1,
7290100702628,false,פתיתים אפויים קוסקוס סוגת 500 גרם,"אסיף תעשיות מזון בע""\מ",,,'יח,5,ל-100 גרם,false,1,5.90,1.18,true,1,
7290100702635,false,פתיתים אפויים כוכבים סוגת 500 גרם,"אסיף תעשיות מזון בע""",,,'יח,5,ל-100 גרם,false,1,5.90,1.18,true,1,
7290100702642,false,פתיתים אפויים טבעות סוגת 500 גרם,"אסיף תעשיות מזון בע""",,,'יח,5,ל-100 גרם,false,1,5.90,1.18,true,1,
7290100702666,false,פתיתים אפויים עם בצל 400 גר גרם סוגת,"אסיף תעשיות מזון בע""",,,'יח,4,ל-100 גרם,false,1,5.90,1.48,true,1,
7290100702673,false,פתיתים אפויים 3 צבעים 400 גר גרם סוגת,"אסיף תעשיות מזון בע""",,,'יח,5,ל-100 גרם,false,1,5.90,1.18,true,1,
7290100702987,false,שיבולת שועל פתיתים סוגת 500 גרם,סוגת תעשיות בעמ,,,'יח,5,ל-100 גרם,false,1,5.90,1.18,true,1,
7290100703007,false,"עדשים שחורות בלוגה 500 גרם ""סוגת""",האי נאם סי או אל.טי.,,,'יח,5,ל-100 גרם,false,1,7.90,1.58,false,1,
7290100703533,false,קמח קסם תערובת קמח שמרים סוגת 1 קג,טחנות קמח שטיבל באר שבע,,,'יח,10,ל-100 גרם,false,1,7.90,0.79,false,1,
7290100703564,false,"פתיתי שיבולת שועל עבה 500 גרם ""סוגת""",סוגת תעשיות בעמ,,,'יח,5,ל-100 גרם,false,1,5.90,1.18,true,1,
7290100703632,false,קמח חיטה מלא ללא צורך בניפוי,סוגת תעשיות בעמ,,,'יח,10,ל-100 גרם,false,1,7.90,0.79,true,1,
7290100703861,false,"תערובת קסם לחלה ללא צורך בניפוי סוגת 1 ק""ג","שטיבל בע""\מ - טחנות קמח",,,'יח,10,ל-100 גרם,false,1,7.90,0.79,false,1,
7290100703953,false,קוקוס לבן סוגת 500 ג,סוגת תעשיות בעמ,,,'יח,5,ל-100 גרם,false,1,11.90,2.38,false,1,
7290100703960,false,שומשום 500 גרם סוגת,סוגת תעשיות בעמ,,,'יח,5,ל-100 גרם,false,1,11.90,2.38,false,1,
7290100704141,false,סוגת אבקת סודה לשתיה 100 גר`,א.ל. ייצור ושיווק תב,,,'יח,10,ל-100 גרם,false,1,2.90,0.29,false,1,
7290100704660,false,"קינואה מיקס סוגת, 500 גרם","סוגת תעשיות בע""\מ",,,'יח,5,ל-100 גרם,false,1,12.90,2.58,false,1,
7290100850909,false,חטיף תירס נאצ`ו מקסיקני דוריטוס (70 גרם),"שטראוס פריטו ליי בע""\מ",,,'יח,0.70,ל-100 גרם,false,1,3.90,5.57,true,1,
7290100850916,false,דוריטוס חמוץ חריף מעודן 70 גרם כשר לפסח,"שטראוס פריטו ליי בע""\מ )",,,'יח,0.70,ל-100 גרם,false,1,4.20,6,true,1,
7290100850923,false,חטיף תירס גריל דוריטוס (70 גרם),"שטראוס פריטו ליי בע""\מ )",,,'יח,0.70,ל-100 גרם,false,1,4.20,6,true,1,
7290100850930,false,חטיף תירס בטעם טבעי דוריטוס (70 גרם),"שטראוס פריטו ליי בע""\מ )",,,'יח,0.70,ל-100 גרם,false,1,4.20,6,true,1,
7290100858592,false,אבקת קקאו עלית שקית 150 ג',הנסיך- מפעל לייצור ט,,,'יח,1.50,ל-100 גרם,false,1,9.90,6.60,false,1,
7290100858608,false,עלית אבקת קקאו כשלפ 500 גרם,שטראוס קפה בי.ויn\.,,,'יח,5,ל-100 גרם,false,10,24.90,4.98,false,1,
7290100921524,false,הוואי מרכך חמאת שיאה וקוקוס 700מ`ל,הנקל סוד בע`מ,,,'יח,7,"ל-100 מ""ל",false,1,9.90,1.41,false,1,
7290100921609,false,סוד סבון לאסלה 4 כדוריות בניחוח אוקיינוס 50 ג',גורי שיווק בעמ,,,'יח,1,,false,1,7.90,7.90,true,1,
7290100922422,false,הוואי אל סבון מוצק נקטר מזין*4,הנקל סוד בע`מ,,,'יח,4,ל-100 גרם,false,1,13.80,3.45,false,1,
7290100922507,false,שמפו הוואי 700 מל,הנקל סוד בע`מ,,,'יח,7,"ל-100 מ""ל",false,1,10.60,1.51,false,1,
7290100922637,false,"הוואי שלישיית סבון נוזלי מי קוקוס 500 מ""ל",הנקל סוד בע`מ,,,'יח,1.50,לליטר,false,8,18.90,12.60,true,1,
7290100924457,false,שלישיית כדוריות סבון לאסלה לימון סוד 50 גרם,גורי שיווק בעמ,,,'יח,3,למארז,false,1,19.90,6.63,true,1,
7290100924464,false,כדוריות סבון נתלה לאסלה עם אקונומיקה - 3 יח',גורי שיווק בעמ,,,'יח,3,למארז,false,1,19.90,6.63,true,1,
7290100925669,false,דפים למניעת העברת צבע קולור קאצ`ר) (10,גורי שיווק בעמ,,,'יח,1,ל-100 גרם,false,1,9.90,9.90,true,1,
7290100926109,false,סוד לבן חלומי 4 ל מרכך כביסה,גורי שיווק בעמ,,,'יח,40,"ל-100 מ""ל",false,1,17.90,0.45,false,1,
7290100928837,false,מרכך הוואי לברק קורן 700,הנקל סוד בע`מ,,,'יח,7,"ל-100 מ""ל",false,1,10.60,1.51,false,1,
7290101113393,false,גלידה יופלה פריזי יוגורט פירות יער מאגדת 400 ג',פלקו בעמ חברה ישראלית,,,'יח,1,ל-100 גרם,false,1,21.90,21.90,true,1,
7290101113409,false,גלידה יופלה פריזי יוגורט תות מאגדת 400 ג',פלקו בעמ חברה ישראלית,,,'יח,1,ל-100 גרם,false,1,21.90,21.90,true,1,
7290101113676,false,מאגדת קרח רמזור 480ג' פלדמן,פלקו בעמ חברה ישראלית,,,'יח,1,ל-100 גרם,false,1,10.90,10.90,true,1,
7290101113805,false,מאגדת (5) יופלה שייק פרי תות 70 אחוז פרי 350 גרם,פלקו בעמ חברה ישראלית,,,'יח,1,ל-100 גרם,false,1,21.90,21.90,true,1,
7290101113829,false,מאגדת (5) יופלה שייק פרי מנגו 70 אחוז פרי 350 גרם,פלקו בעמ חברה ישראלית,,,'יח,1,ל-100 גרם,false,1,21.90,21.90,true,1,
7290101113904,false,מארז מנבו וניל 12 יח' פלדמן,פלקו בעמ חברה ישראלית,,,'יח,0,ל-100 גרם,false,1,22.90,22.90,false,1,
7290101453925,false,נר מספר - 5 (1X12X60),שמחה זה אנחנו בע`מ,,,'יח,1,,false,1,2.90,2.90,false,1,
7290101453949,false,נר מספר 7,שמחה זה אנחנו בע`מ,,,'יח,1,,false,1,2.90,2.90,false,1,
7290101488323,false,ליידי ספיד סטיק - דאודורנט סטיק לאישה ללא סימן ירוק סטיק 65 גרם,ליידי ספיד סטיק Lady Speed Stick,,,'יח,0.65,"ל-100 מ""ל",false,1,19.90,30.62,true,1,
7290101500025,false,בייבי מיקס 300 גרם,ביכורי השדה הצפון בעמ` 1964,,,'יח,1,,false,1,10.90,10.90,false,1,
7290101500193,false,מיקס חסה - נספק 200,ביכורי השדה הצפון בעמ` 1964,,,'יח,1,,false,1,8.90,8.90,false,1,
7290101500506,false,פטרוזיליה ארוזה,ביכורי השדה הצפון בעמ` 1964,,,'יח,1,'יח,false,1,3.90,3.90,false,1,
7290101500513,false,שמיר ארוז,ביכורי השדה צפון 1994 ג.ד. בעמ,,,'יח,1,,false,1,3.90,3.90,false,1,
7290101500520,false,כוסברה ארוזה,ביכורי השדה הצפון בעמ` 1964,,,'יח,1,,false,1,3.90,3.90,false,1,
7290101500537,false,נענע ארוזה,ביכורי השדה הצפון בעמ` 1964,,,'יח,1,,false,1,3.90,3.90,false,1,
7290101500551,false,סלרי אמריקאי ארוז,ביכורי השדה הצפון בעמ` 1964,,,'יח,1,,false,1,5.90,5.90,false,1,
7290101500568,false,שורש סלרי ארוז,ביכורי השדה הצפון בעמ` 1964,,,'יח,1,,false,1,5.90,5.90,false,1,
7290101500575,false,שורש פטרוזיליה,ביכורי השדה הצפון בעמ` 1964,,,'יח,1,,false,1,4.90,4.90,false,1,
7290101500926,false,תרד ארוז רכות,ביכורי השדה הצפון בעמ` 1964,,,'יח,1,,false,1,10.90,10.90,false,1,
7290101501015,false,זוג חסות ציבעוניות,ביכורי השדה הצפון בעמ` 1964,,,'יח,1,,false,1,8.90,8.90,false,1,
7290101501138,false,כרובית ארוזה יחידה,ביכורי השדה צפון 1994 ג.ד. בעמ,,,"ק""ג",1,,true,1,9.90,9.90,false,1,
7290101501176,false,פלפלונים רמי לוי,ביכורי השדה הצפון בעמ` 1964,,,'יח,1,,false,1,8.90,8.90,false,1,
7290101501183,false,פלפל צילי חריף,ביכורי השדה הצפון בעמ` 1964,,,'יח,1,,false,1,7.90,7.90,false,1,
7290101501305,false,מלפפונים קטנים ארוזי,ביכורי השדה הצפון בעמ` 1964,,,'יח,1,,false,1,9.90,9.90,false,1,
7290101551027,false,קפסולות קפה אספרסו חזק במיוחד 14 עלית 10 יח',הנסיך- מפעל לייצור ט,,,'יח,0.50,ל-100 גרם,false,12,16.90,33.80,true,1,
7290101551300,false,סילאן טבעי ללא תוספת סוכר בקבוק לחיץ,מכוורת יד מרדכי שטראוס ב,,,'יח,0.38,ל-100 גרם,false,12,14.90,39.21,false,1,
7290101551539,false,יוגורט PRO בטעם אפרסק 0% 20 גרם חלבון בגביע,שטראוס גרופ בעמ/מצונן,,,'יח,1.50,"ל-100 מ""ל",false,12,5.90,3.93,false,1,
7290101551584,false,תפוצ'יפס קידס מארז 10 יח' * 20 ג',"שטראוס פריטו ליי בע""מ )פ",,,'יח,2,ל-100 גרם,false,1,14.90,7.45,false,1,
7290101551614,false,חטיף צ'יטוס קראנץ בטעם גבינה - מארז 8 יח',"שטראוס פריטו ליי בע""מ )פ",,,'יח,2.40,ל-100 גרם,false,1,14.90,6.21,false,1,
7290101551638,false,חטיף צ'יטוס כאפה בטעם קטשופ - מארז 10 יח',"שטראוס פריטו ליי בע""מ )פ",,,'יח,2,ל-100 גרם,false,1,13.90,6.95,false,1,
7290101862598,false,קולון 5 קג`,מ.ד אטיאס סוכנויות מזון בע`מ,,,'יח,5,"ק""ג",false,1,39.50,7.90,false,1,
7290101863410,false,"סיליט באנג ספריי ניקוי עוצמתי מכיל אקונומיקה 750 מ""ל",רקיט בנקיזר (ניר איסט) בעמ,,,'יח,7.50,"ל-100 מ""ל",false,1,10.90,1.45,true,1,
7290101864127,false,ספריי להסרת כתמים וניש קליה (750 מל),רקיט בנקיזר (ניר איסט) בעמ,,,'יח,7.50,"ל-100 מ""ל",false,1,16.90,2.25,true,1,
7290101865261,false,נוזל הברקה למדיח כלים פיניש (800 מל),רקיט בנקיזר (ניר איסט) בעמ,,,'יח,8,"ל-100 מ""ל",false,1,21.90,2.74,true,1,
7290101866633,false,וניש קליה גל להסרת כתמים 3 ליטר אוקסיפרש,רקיט בנקיזר (ניר איסט) בעמ,,,'יח,30,"ל-100 מ""ל",false,1,29.90,1,true,1,
7290101866787,false,וניש קליה נוזל מסיר כתמים לכביסה לבנה 3 ליטר,רקיט בנקיזר (ניר איסט) בעמ,,,'יח,30,"ל-100 מ""ל",false,1,29.90,1,true,1,
7290101869726,false,ג'ל מרוכז למדיח הכל ב-1 פיניש 1 ליטר,רקיט בנקיזר (ניר איסט) בעמ,,,'יח,10,"ל-100 מ""ל",false,1,39.90,3.99,true,1,
7290101869733,false,פיניש ג'ל למדיח כלים בניחוח לימון 1 ליטר ALL IN 1,רקיט בנקיזר (ניר איסט) בעמ,,,'יח,10,"ל-100 מ""ל",false,1,39.90,3.99,true,1,
7290101869788,false,"אירוויק ספריי אוטומטי מילוי בניחוח אואזיס 250 מ""ל*",רקיט בנקיזר (ניר איסט) בעמ,,,'יח,2.50,"ל-100 מ""ל",false,1,14.90,5.96,true,1,
7290102030330,false,תפוצ`יפס אקסטרא מקסיקני 200 גרם +20 תו,"שטראוס פריטו ליי בע""\מ )",,,'יח,2,ל-100 גרם,false,1,10.90,5.45,true,1,
7290102031276,false,מארז 8 יחידות אקטימל משקה יוגורט בטעם תות בננה,שטראוס גרופ בעמ/מצונן,,,'יח,8,"ל-100 מ""ל",false,6,21.90,2.74,false,1,
7290102032334,false,אבקה להכנת משקה קפה בטעם וניל,"שטראוס גרופ בע""מ",,,'יח,2,ל-100 גרם,false,1,24.90,12.45,false,1,
7290102035007,false,מסטיק מאסט בזוקה ללא סוכר 28 גרם כשלפ,שטראוס גרופ בע`מ,,,'יח,0.28,ל-100 גרם,false,16,4.40,15.71,false,1,
7290102300822,false,גבינה צ'דר אנגלית כתומה 200 גרם,א. סיימן סחר בעמ,,,'יח,2,ל-100 גרם,false,1,23.90,11.95,true,1,
7290102300860,false,"גבינת צ'דר אנגלית לבן, 200 גרם",א. סיימן סחר בעמ,,,'יח,2,ל-100 גרם,false,1,23.90,11.95,true,1,
7290102390427,false,יוגורט ביו עם קציפת תות 3% שומן 150 ג' מולר,החברה המרכזית טלהפצת משקאות בע,,,'יח,1.50,"ל-100 מ""ל",false,1,5.50,3.67,false,1,
7290102390465,false,יוגורט ביו עם קציפת אפרסק ופסיפלורה 3% שומן 150 ג' מולר,החברה המרכזית טלהפצת משקאות בע,,,'יח,1.50,"ל-100 מ""ל",false,1,5.50,3.67,false,1,
7290102391844,false,יוגורט ביו עם קציפת פירות יער3% שומן 150 ג' מולר,החברה המרכזית טלהפצת משקאות בע,,,'יח,1.50,"ל-100 מ""ל",false,1,5.50,3.67,false,1,
7290102392049,false,גבינה לאפיה תבור ללא תוספת מלח 5% משק צוריאל 500 גרם,החברה המרכזית טלהפצת משקאות בע,,,'יח,5,ל-100 גרם,false,1,27.90,5.58,false,1,
7290102392094,false,חלב עיזים 3.7% בקרטון משק צוריאל 1 ליטר,החברה המרכזית טלהפצת משקאות בע,,,'יח,10,"ל-100 מ""ל",false,1,16.90,1.69,false,1,
7290102393039,false,"יוגורט ביו קרמי מיקס פצפוצי שוקולד 7.6% מולר 170 מ""ל",*החברה המרכזית להפצת משקאותבעמ,,,'יח,1.50,"ל-100 מ""ל",false,1,6,4,false,1,
7290102393169,false,"יוגורט סימפלי פרוט בטעם תות 3% מולר 150 מ""ל",*החברה המרכזית להפצת משקאותבעמ,,,'יח,1.50,ל-100 גרם,false,1,5.50,3.67,true,1,
7290102393176,false,סימפלי פרוט יוגורט אפרסק 3% שומן 150 ג' מולר,*החברה המרכזית להפצת משקאותבעמ,,,'יח,1.50,ל-100 גרם,false,1,5.50,3.67,true,1,
7290102393947,false,סימפלי פרוט יוגורט בטעם קיווי 3% שומן 150 ג' מולר,*החברה המרכזית להפצת משקאותבעמ,,,'יח,1.50,ל-100 גרם,false,1,5.50,3.67,true,1,
7290102394258,false,גליל גבינת עיזים מה עז 9% משק צוריאל 180 גרם,*החברה המרכזית להפצת משקאותבעמ,,,'יח,1.80,ל-100 גרם,false,1,25.90,14.39,false,1,
7290102394463,false,נעם גבינה צהובה פרוסה ואקום 28% טרה 500 גרם,החברה המרכזית טלהפצת משקאות בע,,,'יח,5,ל-100 גרם,false,1,29.90,5.98,false,1,
7290102394821,false,גבינה צהובה 28% דק דק לפתיחה חוזרת 200,החברה המרכזית טלהפצת משקאות בע,,,'יח,2,ל-100 גרם,false,1,15.90,7.95,true,1,
7290102394845,false,נעם גבינה צהובה לייט פרוסה דק דק 9% טרה 200 גרם,*החברה המרכזית להפצת משקאותבעמ,,,'יח,2,ל-100 גרם,false,1,17.90,8.95,true,1,
7290102395224,false,שמיניית יוגורט ביו ביאנקו 1.7% מולר 150 גרם,*החברה המרכזית להפצת משקאותבעמ,,,'יח,8,ל-100 גרם,false,1,18.90,2.36,false,1,
7290102395231,false,שמיניית יוגורט ביו ביאנקו 2.8% מולר 150 גרם,*החברה המרכזית להפצת משקאותבעמ,,,'יח,8,ל-100 גרם,false,1,18.90,2.36,false,1,
7290102395262,false,מארז 8 גביעים יוגורט בטעם תות שדה ואפרסק 3% Simply Fruit,החברה המרכזית טלהפצת משקאות בע,,,'יח,3.80,"ל-100 מ""ל",false,1,32.90,8.66,false,1,
7290102395378,false,נעם גבינה צהובה פרוסה ואקום 28% טרה 360 גרם,*החברה המרכזית להפצת משקאותבעמ,,,'יח,3.60,ל-100 גרם,false,1,20.90,5.81,false,1,
7290102395477,false,מעדן חלב בטעם שוקולד עם קצפת 123 ג' טרה,*החברה המרכזית להפצת משקאותבעמ,,,'יח,1.43,"ל-100 מ""ל",false,1,3,2.10,true,1,
7290102395521,false,"שמנת לבישול 15% שומן 500 מ""ל טרה",החברה המרכזית טלהפצת משקאות בע,,,'יח,5,"ל-100 מ""ל",false,1,16.90,3.38,false,1,
7290102396399,false,מארז 8 יחידות מעדן חלב בטעם שוקולד 1.5%,*החברה המרכזית להפצת משקאותבעמ,,,'יח,1,ל-100 גרם,false,1,14.90,14.90,false,1,
7290102396405,false,מארז 8 יחידות מעדן חלב בטעם וניל 1.5%,החברה המרכזית טלהפצת משקאות בע,,,'יח,8,ל-100 גרם,false,1,14.90,1.86,false,1,
7290102396597,false,מעדן מוו וניל ומוס שוקולד טרה 118 גרם,*החברה המרכזית להפצת משקאותבעמ,,,'יח,1.18,"ל-100 מ""ל",false,1,3,2.54,true,1,
7290102396665,false,צהובה פרוסות דקדק פתח סגור 15% 200 גר`,*החברה המרכזית להפצת משקאותבעמ,,,'יח,2,ל-100 גרם,false,1,17.90,8.95,true,1,
7290102396672,false,גבינה צהובה נעם דק דק 9% פתח סגור 360 ג,*החברה המרכזית להפצת משקאותבעמ,,,'יח,2.20,ל-100 גרם,false,1,26.90,12.23,false,1,
7290102396740,false,מארז 8 גביעים יוגורט בטעם תות שדה ואפרסק 0% Simply Fruit,החברה המרכזית טלהפצת משקאות בע,,,'יח,1.20,ל-100 גרם,false,1,32.90,27.42,false,1,
7290102397204,false,גבינה צהובה נעם דק דק פתח סגור 200 גר,*החברה המרכזית להפצת משקאותבעמ,,,'יח,2.20,ל-100 גרם,false,1,17.90,8.14,true,1,
7290102397310,false,מעדן מיני בטעם שוקולד קצפת מוו מאגדת 8 יח' * 70 ג',החברה המרכזית טלהפצת משקאות בע,,,'יח,8,ל-100 גרם,false,1,13.90,1.74,false,1,
7290102397334,false,גבינה בולגרית גלילית 5% משק צוריאל 250 גרם,החברה המרכזית טלהפצת משקאות בע,,,'יח,2.50,ל-100 גרם,false,1,22.90,9.16,false,1,
7290102397464,false,יוגורט ביו בתוספת גרעינים אגוזים וחמוציות 170 ג' מולר,החברה המרכזית טלהפצת משקאות בע,,,'יח,1.50,"ל-100 מ""ל",false,1,6,4,false,1,
7290102397600,false,מיקס יוגורט בתוספת שקדים ובוטנים מקורמלים 170 ג' מולר,החברה המרכזית טלהפצת משקאות בע,,,'יח,1.50,"ל-100 מ""ל",false,1,6,4,false,1,
7290102397679,false,קוטג' וחצי טרה 5% מרכיבים טבעיים,*החברה המרכזית להפצת משקאותבעמ,,,'יח,3.75,ל-100 גרם,false,1,7.90,2.11,false,1,
7290102397747,false,פרוסות גבינת מוצרלה נעם מחלב בקר 22%,*החברה המרכזית להפצת משקאותבעמ,,,'יח,2,ל-100 גרם,false,1,18.90,9.45,true,1,
7290102397891,false,גבינה ניו יורק מותכת %16 4*25 גרם,החברה המרכזית טלהפצת משקאות בע,,,'יח,0.25,ל-100 גרם,false,1,7.90,31.60,false,1,
7290102398065,false,חלב טרה בקרטון 2 ליטר מהדרין 3% - מוצר בפיקוח,*החברה המרכזית להפצת משקאותבעמ,,,'יח,2,"ל-100 מ""ל",false,1,11.90,5.95,false,1,
7290102398072,false,"חלב קרטון 3%-1 ליטר "" טרה"" -מוצר פיקוח",החברה המרכזית טלהפצת משקאות בע,,,'יח,10,"ל-100 מ""ל",false,1,6.23,0.62,false,1,
7290102398560,false,משקה שוקו מועשר בבקבוק 1 ליטר טרה,החברה המרכזית טלהפצת משקאות בע,,,'יח,10,"ל-100 מ""ל",false,1,11.90,1.19,false,1,
7290102398799,false,משקה סויה במתיקות מופחתת משק צוריאל 1 ליטר,החברה המרכזית טלהפצת משקאות בע,,,'יח,10,"ל-100 מ""ל",false,1,11.90,1.19,false,1,
7290102398836,false,משקה שקדים קלאסי 1 ליטר משק צוריאל,החברה המרכזית טלהפצת משקאות בע,,,'יח,10,"ל-100 מ""ל",false,1,12.90,1.29,false,1,
7290102399048,false,פרוסות גבינת קשקבל נעם 200 ג' טרה,*החברה המרכזית להפצת משקאותבעמ,,,'יח,2,ל-100 גרם,false,1,23.90,11.95,true,1,
7290102399789,false,מולר ספרדבל-ממרח חמאת מולר ללא מלח 250 גרם,החברה המרכזית טלהפצת משקאות בע,,,'יח,2.50,ל-100 גרם,false,1,18.90,7.56,false,1,
7290102399796,false,מעדן יוגורט לבן מועשר בחלבון 200 ג' מולר אקטיב,*החברה המרכזית להפצת משקאותבעמ,,,'יח,2,ל-100 גרם,false,1,5.90,2.95,true,1,
7290102399802,false,יוגורט עם תות מולר אקטיב מועשר בחלבון 200 גר',החברה המרכזית טלהפצת משקאות בע,,,'יח,2,ל-100 גרם,false,1,5.90,2.95,true,1,
7290102399819,false,יוגורט עם פירות יער מולר אקטיב מועשר בחלבון 200 גר',החברה המרכזית טלהפצת משקאות בע,,,'יח,2,ל-100 גרם,false,1,5.90,2.95,true,1,
7290102399857,false,מולר אקטיב לייט 20 גרם חלבון 0% שומן עם תות 200 גרם,החברה המרכזית טלהפצת משקאות בע,,,'יח,0.20,ל-100 גרם,false,1,5.90,29.50,true,1,
7290103124588,false,"סבון נוזלי ארומה בניחוח לבנדר פטצ'ולי פלמוליב 750 מ""ל",הנסיך- מפעל לייצור ט,,,'יח,7.50,"ל-100 מ""ל",false,1,19.90,2.65,true,1,
7290103124601,false,"תחליב רחצה נוזל חלב ודבש משאבה 750מ""ל פלמוליב",הנסיך- מפעל לייצור ט,,,'יח,7.50,"ל-100 מ""ל",false,1,19.90,2.65,true,1,
7290103400255,false,סלט קולסלאו 400 ג בדצ ירקות שטראוס טעם ה,שטראוס בריאות ירקות טריי,,,'יח,1,,false,1,9.90,9.90,false,1,
7290103401429,false,קפה קצב ברזילאי אוריגינס 200 גר,הנסיך- מפעל לייצור ט,,,'יח,2,ל-100 גרם,false,6,27.90,13.95,true,1,
7290103408206,false,עלי חסה ערבית שטופים 250 גר טעם הטבע,ביכורי השדה הצפון בעמ` 1964,,,'יח,1,,false,1,10.90,10.90,false,1,
7290103681173,false,"יין הר קברנה סובניון יקבי תבור 750 מ""ל.",*החברה המרכזית להפצת משקאותבעמ,,,'יח,7.50,"ל-100 מ""ל",false,1,37.70,4.99,false,1,
7290103681180,false,"יין הר מרלו מיתוג תנשמת 750 מ""ל",*החברה המרכזית להפצת משקאותבעמ,,,'יח,7.50,"ל-100 מ""ל",false,1,37.70,4.99,false,1,
7290104061417,false,סלט חומוס עם טחינה אחלה 400 גרם,שטראוס גרופ בעמ/מצונן,,,'יח,4,ל-100 גרם,false,6,10.90,2.73,false,1,
7290104061424,false,סלט חומוס עם זעתר אחלה 400 גרם,שטראוס גרופ בעמ/מצונן,,,'יח,4,ל-100 גרם,false,6,10.90,2.73,true,1,
7290104061431,false,סלט חומוס עם צנובר אחלה 400 גרם,שטראוס גרופ בעמ/מצונן,,,'יח,4,ל-100 גרם,false,6,10.90,2.73,true,1,
7290104061448,false,סלט חומוס עם חריף אחלה 400 גרם,שטראוס גרופ בעמ/מצונן,,,'יח,4,ל-100 גרם,false,6,10.90,2.73,true,1,
7290104062599,false,מארז 8 יחידות מעדן גמדים בטעמי תות ובננה,שטראוס גרופ בעמ/מצונן,,,'יח,5,ל-100 גרם,false,6,19.20,3.84,false,1,
7290104064012,false,חטיף פסק זמן GOOD שוקולד לבן גוד 36 גרם,שולן צ'יקולטה גידה ס,,,'יח,0.36,ל-100 גרם,false,1,4.90,13.61,false,1,
7290104065187,false,אבקה להכנת משקה קפה בטעם מוקה,"שטראוס גרופ בע""מ",,,'יח,2,ל-100 גרם,false,6,21.90,10.95,false,1,
7290104065934,false,עלי רוקט שטראוס 150 גר`-טעם הטבע,ביכורי השדה הצפון בעמ` 1964,,,'יח,1,,false,1,10.90,10.90,false,1,
7290104067679,false,סלט טחינה 400 ג' אחלה,שטראוס גרופ בעמ/מצונן,,,'יח,4,ל-100 גרם,false,6,10.90,2.73,true,1,
7290104068546,false,גומי מאסט בטעם לימון קולה ללא סוכר 28 ג' עלית,שטראוס גרופ בע`מ,,,'יח,0.28,ל-100 גרם,false,16,4.40,15.71,false,1,
7290104501661,false,אינסטנט פודינג בטעם וניל צרפתי אסם 80 גרם,קבוצת אוסם סחר-שות.מוגבלת,,,'יח,0.80,ל-100 גרם,false,1,5.90,7.38,true,1,
7290104508189,false,אסם 24 גביעי גלידה ממותקים 95 גרם,קבוצת אוסם סחר שותפות מוגבלת,,,'יח,0.95,ל-100 גרם,false,1,12.80,13.47,false,1,
7290104508202,false,גביעי גלידה אמריקאים אסם 120 גרם 24 יחידות,קבוצת אוסם סחר-שות.מוגבלת,,,'יח,1.20,ל-100 גרם,false,1,12.80,10.67,false,1,
7290104508943,false,במבה חטיף בוטנים אסם 200 גרם,קבוצת אוסם סחר-שות.מוגבלת,,,'יח,2,ל-100 גרם,false,1,9.90,4.95,true,1,
7290104570162,false,תמרים ללא חרצנים בואקום 500 גרם,מ.ד אטיאס סוכנויות מזון בע`מ,,,'יח,5,ל-100 גרם,false,1,14.90,2.98,false,1,
7290104570636,false,ממרח תמרים 450 גר`צמח שוקחה,מ.ד אטיאס סוכנויות מזון בע`מ,,,'יח,4.50,ל-100 גרם,false,1,6.40,1.42,false,1,
7290104722530,false,תפוצ'יפס בטעם שמנת בצל עלית 200 גרם,"שטראוס פריטו ליי בע""\מ )",,,'יח,2,ל-100 גרם,false,1,10.90,5.45,true,1,
7290104726262,false,רביעייה מעדן דני שוקולד דיסני לבנים 125 גרם,שטראוס גרופ בעמ/מצונן,,,'יח,5,ל-100 גרם,false,6,10.90,2.18,false,1,
7290104726712,false,מארז 8 יחידות מעדן מילקי בטעם שוקולד עם קצפת,שטראוס גרופ בעמ/מצונן,,,'יח,4,ל-100 גרם,false,3,19.90,4.98,false,1,
7290104728310,false,"שמנת מתוקה עמידה 38% שומן ""יטבתה"" -מוצר בפיקוח",שטראוס גרופ בעמ/מצונן,,,'יח,5,ל-100 גרם,false,24,6.47,1.29,false,1,
7290104729003,false,"יד מרדכי - שמן זית כתית מעולה 2 קלאסי 750 מ""ל",מכוורת יד מרדכי שטרא,,,'יח,7.50,"ל-100 מ""ל",false,1,34.90,4.65,true,1,
7290104960239,false,תחליב רחצה בניחוח קמומיל נקה (7507 מל),טרופיקל דגיל תעשיות קוסמ,,,'יח,7.50,לליטר,false,12,10.90,1.45,true,1,
7290104960253,false,נקה 7 ארומה תחליב רחצה לבנדר ענוג 750,החברה הדרומית לשיווק בעמ,,,'יח,7.50,ל-100 גרם,false,12,10.90,1.45,false,1,
7290104960352,false,"נקה 7 תחליב רחצה ארומה שקד וניל 750מ""ל",החברה הדרומית לשיווק בעמ,,,'יח,7.50,ל-100 גרם,false,12,10.90,1.45,false,1,
7290104961205,false,"נקה 7 תחליב רחצה מגע קטיפה מ""לפפון קיווי 750 מ""ל",טרופיקל דגיל תעשיות קוסמ,,,'יח,7.50,לליטר,false,12,10.90,1.45,true,1,
7290104961243,false,"נקה 7 תחליב רחצה מגע קטיפה קוקוס ליים 750 מ""ל",טרופיקל דגיל תעשיות קוסמ,,,'יח,7.50,לליטר,false,1,10.90,1.45,true,1,
7290104963216,false,סופטקר - אל סבון עדין לתינוק לעור רגיש 1 ליטר,החברה הדרומית לשיווק בעמ,,,'יח,10,"ל-100 מ""ל",false,12,14.90,1.49,false,1,
7290104965647,false,קרליין דאו רול און נושם סוויט קיס לנערות,החברה הדרומית לשיווק בעמ,,,'יח,0.75,ל-100 גרם,false,12,11.90,15.87,false,1,
7290105360328,false,קפסולות אספרסו חזק למכונות נספרסו 10 יח',הנסיך- מפעל לייצור ט,,,'יח,0.50,ל-100 גרם,false,12,16.90,33.80,true,1,
7290105362339,false,"שמנת לבישול 15% 250 מ""ל יטבתה מהדרין",שטראוס גרופ בעמ/מצונן,,,'יח,2.50,ל-100 גרם,false,18,7.90,3.16,true,1,
7290105363602,false,מקלות כיף כף קלאסי עלית (40 גרם),שולן צ'\יקולטה גידה סאן.,,,'יח,0.40,ל-100 גרם,false,8,4.90,12.25,true,1,
7290105364302,false,"עלית חטיף שוקולד כיף כף מקלות אגוזים, 40 גרם",שולן צ'\יקולטה גידה סאן.,,,'יח,0.42,ל-100 גרם,false,8,4.90,11.67,true,1,
7290105366023,false,סלט חצילים בטעם כבד אחלה 400 גרם,שטראוס גרופ בעמ/מצונן,,,'יח,4,ל-100 גרם,false,6,16.90,4.23,true,1,
7290105366993,false,סימפוניה גבינת שמנת פלפל שיפקה 5% שטראוס 200 גרם,שטראוס גרופ בעמ/מצונן,,,'יח,2,ל-100 גרם,false,12,11.90,5.95,false,1,
7290105368331,false,מעדן מילקי בטעם תות עם קצפת,שטראוס גרופ בעמ/מצונן,,,'יח,1.33,"ל-100 מ""ל",false,24,2.80,2.11,false,1,
7290105368904,false,"שמנת מתוקה להקצפה 32% שומן 250 מ""ל יוטבתה",שטראוס גרופ בעמ/מצונן,,,'יח,2.50,ל-100 גרם,false,1,8.20,3.28,false,1,
7290105368928,false,שמנת חמוצה יטבתה %9 200 מל גביע מהדרין,שטראוס גרופ בעמ/מצונן,,,'יח,2,"ל-100 מ""ל",false,20,3.40,1.70,false,1,
7290105369130,false,סימפוניה גבינת שמנת בצל ירוק 5% שטראוס 200 גרם,שטראוס גרופ בעמ/מצונן,,,'יח,2,ל-100 גרם,false,12,11.90,5.95,false,1,
7290105439499,false,מאסטר שף מאסטר שף מיונז 480 גר כשלפ,רמיה סי.וי. הולנד,,,'יח,4.81,ל-100 גרם,false,1,10.90,2.27,false,1,
7290105439505,false,מאסטר שף קרם בטעם מיונז לייט 479 גר כשלפ,רמיה סי.וי. הולנד,,,'יח,4.79,ל-100 גרם,false,1,10.90,2.28,false,1,
7290105439581,false,מנה מאסטר שף חרדל דיזיון צרפתי 370 גר,רמיה סי.וי.הולנד,,,'יח,3.70,ל-100 גרם,false,1,11.90,3.22,false,1,
7290105474179,false,מארז מען לה קט פטה מולטיפק 100 גר 4 יח,דיפלומט מפיצים (1968) בעמ**,,,'יח,4,ל-100 גרם,false,1,12.90,3.23,false,1,
7290105500151,false,וודקה פינלנדיה רגיל 700,"אלטיה קורפ, הלסינקי,",,,'יח,7,"ל-100 מ""ל",false,1,59.90,8.51,true,1,
7290105691224,false,אסם חטיפי פריכונים טורטייה שום בצל 60 גרם,קבוצת אוסם סחר-שות.מוגבלת,,,'יח,0.60,ל-100 גרם,false,1,6.90,11.50,false,1,
7290105691248,false,אסם חטיפי פריכונים טורטייה תירס 60 גרם,קבוצת אוסם סחר שותפות מוגבלת,,,'יח,0.60,ל-100 גרם,false,1,6.90,11.50,false,1,
7290105691934,false,קמח שמרים אסם 1 קילו,קבוצת אוסם סחר שותפות מוגבלת,,,'יח,10,ל-100 גרם,false,1,10.90,1.09,true,1,
7290105693341,false,מארז עשיריית במבה אסם 25*10 גרם,קבוצת אוסם סחר שותפות מוגבלת,,,'יח,2.50,ל-100 גרם,false,1,14.90,5.96,true,1,
7290105693952,false,פירורית זהב אסם זהב שומשום 200 ג',קבוצת אוסם סחר שותפות מוגבלת,,,'יח,2,ל-100 גרם,false,1,5.90,2.95,false,1,
7290105694614,false,פסטה אוסם ספגטי מהיר הכנה 500 גרם,קבוצת אוסם סחר שותפות מוגבלת,,,'יח,5,ל-100 גרם,false,1,5.90,1.18,true,1,
7290105694904,false,מרק פטריות רכיבים טבעיים אסם (220 גרם),קבוצת אסם סחר שות. מוגבלת,,,'יח,2.20,ל-100 גרם,false,1,14.90,6.77,false,1,
7290105695321,false,עוגת הבית בראוניז פאדג' אסם 380 גרם,קבוצת אוסם סחר שותפות מוגבלת,,,'יח,3.80,ל-100 גרם,false,1,17.10,4.50,false,1,
7290105695536,false,אבקת מרק ירקות שורש תיבול אסם 220 גר',קבוצת אוסם סחר שותפות מוגבלת,,,'יח,2.20,ל-100 גרם,false,1,14.90,6.77,false,1,
7290105962331,false,סחוג תימני אדום חריף מאוד זהבי הכרם 220 גרם,שטראוס גרופ בעמ/מצונן,,,'יח,2.20,ל-100 גרם,false,12,11.90,5.41,false,1,
7290105962980,false,כרוב אדום במיונז 400 ג' אחלה,מיוצר עי קונדיטוריית,,,'יח,4,ל-100 גרם,false,6,10.90,2.73,true,1,
7290105962997,false,חצילים אחלה במיונז 400 גר',"שטראוס גרופ ***בע""מ",,,'יח,4,ל-100 גרם,false,6,10.90,2.73,true,1,
7290105963000,false,סלט מטבוחה 400 ג' אחלה,מיוצר עי קונדיטוריית,,,'יח,4,ל-100 גרם,false,6,10.90,2.73,true,1,
7290105964564,false,חומוס אחלה 400 גרם. שטראוס,שטראוס גרופ בעמ/מצונן,,,'יח,4,ל-100 גרם,false,6,9.90,2.48,false,1,
7290105965738,false,יוגורט לשתיה בטעם תות בננה267 ג' דנונה,שטראוס גרופ בעמ/מצונן,,,'יח,2.67,"ל-100 מ""ל",false,12,4.90,1.84,false,1,
7290105966469,false,חומץ בלסמי ממודנה יד מרדכי (250 מל),אצטייה ג'וזפה קרמוני,,,'יח,2.50,"ל-100 מ""ל",false,12,14.90,5.96,false,1,
7290105968098,false,"סלט קולסלאו 500 גרם ""אחלה""",שטראוס גרופ בעמ/מצונן,,,'יח,5,ל-100 גרם,false,6,16.90,3.38,true,1,
7290105968654,false,רביולי עם בטטה פרווה שטראוס (400 גרם),שטראוס גרופ בעמ/מצונן,,,'יח,4,ל-100 גרם,false,9,19.90,4.98,false,1,
7290105968777,false,פריכיות 5 דגנים עם תחתית שוקולד מריר 70 גרם,"טחנת האבן תעשיות בע""",,,'יח,0.80,ל-100 גרם,false,16,7.90,9.88,false,1,
7290106520066,false,"רבע לשבע שוקולד חלב במילוי אגוזים עלית 160 גרם בד""צ","הגביע מוצרי וופלים בע""\מ",,,'יח,1.60,ל-100 גרם,false,1,11.90,7.44,true,1,
7290106520288,false,יוגורט פרו חלבון עם תות 2.4% שומן 150 ג' דנונה,שטראוס גרופ בעמ/מצונן,,,'יח,1.50,"ל-100 מ""ל",false,12,4.90,3.27,false,1,
7290106520905,false,סלט טורקי אחלה (400 גרם),שטראוס גרופ בעמ/מצונן,,,'יח,4,ל-100 גרם,false,6,16.90,4.23,true,1,
7290106520912,false,שמנת לבישול 9% שומן 258גר מהדרין יטבתה,שטראוס גרופ בעמ/מצונן,,,'יח,2.58,ל-100 גרם,false,18,7.90,3.06,true,1,
7290106521049,false,אחלה טעמי השוק קוביות סלק 400 גר,שטראוס גרופ בעמ/מצונן,,,'יח,4,ל-100 גרם,false,6,16.90,4.23,true,1,
7290106521926,false,קפה טורקי בצלופן עלית 150 גרם,שטראוס קפה בי.ויn\.,,,'יח,1.50,ל-100 גרם,false,1,11.90,7.93,true,1,
7290106525320,false,אבקת שוקולית לאפייה קופסא 500ג' עלית,הנסיך- מפעל לייצור ט,,,'יח,5,ל-100 גרם,false,1,14.90,2.98,false,1,
7290106525399,false,קפסולות 06 ברזיל למכונות נספרסו עלית 10יח',הנסיך- מפעל לייצור ט,,,'יח,0.50,ל-100 גרם,false,12,16.90,33.80,true,1,
7290106525405,false,קפסולות קפה עלית נטול קפאין אספרסו) (10,שטראוס קפה בי.וי.,,,'יח,3.90,ל-100 גרם,false,1,16.90,4.33,true,1,
7290106526822,false,פריכיות אורז חום מלא תחתית שוקולד חלב 80 גרם,"טחנת האבן תעשיות בע""",,,'יח,0.70,ל-100 גרם,false,16,7.90,11.29,false,1,
7290106528567,false,חטיף תירס גריל דוריטוס (185 גרם),"שטראוס פריטו ליי בע""\מ )",,,'יח,1.85,ל-100 גרם,false,1,8.50,4.59,false,1,
7290106528628,false,חטיף תירס בטעם טבעי דוריטוס (185 גרם),"שטראוס פריטו ליי בע""\מ )",,,'יח,1.85,ל-100 גרם,false,1,8.50,4.59,false,1,
7290106528949,false,סלט ערוגות שטראוס 450 גר`-טעם הטבע,ביכורי השדה הצפון בעמ` 1964,,,'יח,3,ל-100 גרם,false,1,12.90,4.30,false,1,
7290106571921,false,פיטנס עוגיות עם חמוציות נסטלה (180 גרם),קבוצת אוסם סחר שותפות מוגבלת,,,'יח,1.80,ל-100 גרם,false,1,10.90,6.06,true,1,
7290106572027,false,קרקר לחמית חמישה דגנים אסם (190 גרם),קבוצת אוסם סחר-שות.מוגבלת,,,'יח,1.90,ל-100 גרם,false,1,9.90,5.21,true,1,
7290106572959,false,אפרופו חטיף קלאסי 5חי*25גר,קבוצת אוסם סחר שותפות מוגבלת,,,'יח,1.25,ל-100 גרם,false,1,12.90,10.32,true,1,
7290106572997,false,"קמח שמרים לפיצה ופוקצ'ה אסם 1 ק""ג",קבוצת אוסם סחר שותפות מוגבלת,,,'יח,10,ל-100 גרם,false,1,10.90,1.09,true,1,
7290106573598,false,חומוס לבנוני צבר (400 גרם),קבוצת אוסם סחר שותפות מוגבלת,,,'יח,4,ל-100 גרם,false,1,12.90,3.23,false,1,
7290106574953,false,בייגלה שטוחים כעכים שטוחים עם שומשום,קבוצת אוסם סחר שותפות מוגבלת,,,'יח,3,ל-100 גרם,false,1,10.90,3.63,true,1,
7290106574977,false,בייגלה שטוחים טבעות עם מלח אסם (300 גרם),קבוצת אוסם סחר שותפות מוגבלת,,,'יח,3,ל-100 גרם,false,1,10.90,3.63,true,1,
7290106575011,false,פתיתים אפויים קוסקוס מחיטה מלאה אסם 400 גרם,קבוצת אוסם סחר שותפות מוגבלת,,,'יח,4,ל-100 גרם,false,1,6.90,1.73,false,1,
7290106575332,false,פתיתים אפויים פלוס בורגול 400 ג' אסם,קבוצת אוסם סחר שותפות מוגבלת,,,'יח,4,ל-100 גרם,false,1,6.90,1.73,true,1,
7290106575431,false,עוגת הבית סופלה בטעם שוקולד וניל 340 ג',קבוצת אוסם סחר-שות.מוגבלת,,,'יח,3.40,ל-100 גרם,false,1,12.90,3.79,false,1,
7290106576223,false,אפרופו מצופה שוקולד 40 ג'!,קבוצת אוסם סחר שותפות מוגבלת,,,'יח,0.40,ל-100 גרם,false,1,3.90,9.75,true,1,
7290106576513,false,סלט רק חומוס צבר 400 גרם,קבוצת אוסם סחר שותפות מוגבלת,,,'יח,4,ל-100 גרם,false,1,9.90,2.48,false,1,
7290106576537,false,חומוס מסעדה צבר (700 גרם),קבוצת אוסם סחר שותפות מוגבלת,,,'יח,7,ל-100 גרם,false,1,10.90,1.56,false,1,
7290106576797,false,"לה קרמריה גלידת וניל איטלקי כשל""פ 1.4ל'",נגה גלידות שותפות מוגבלת,,,'יח,14,"ל-100 מ""ל",false,1,19.90,1.42,false,1,
7290106576810,false,גלידה לה קרמריה ריבת חלב 1.4 ל' נסטלה,נגה גלידות שותפות מוגבלת,,,'יח,14,"ל-100 מ""ל",false,1,19.90,1.42,false,1,
7290106576834,false,גלידה לה קרמריה פונטש בננה1.4 ל' נסטלה,נגה גלידות שותפות מוגבלת,,,'יח,14,"ל-100 מ""ל",false,1,19.90,1.42,false,1,
7290106576971,false,גלידה לה קרמריה שוקולד בלגי 1.4 ל' נסטלה,נגה גלידות שותפות מוגבלת,,,'יח,14,"ל-100 מ""ל",false,1,19.90,1.42,false,1,
7290106576995,false,גלידה סורבה לה קרמריה תות מנגו לייט 1.4 ל' נסטלה,נגה גלידות שותפות מוגבלת,,,'יח,14,"ל-100 מ""ל",false,1,19.90,1.42,false,1,
7290106577039,false,גלידה לה קרמריה שוקו וניל פליק 1.4 ל' נסטלה,נגה גלידות שותפות מוגבלת,,,'יח,14,"ל-100 מ""ל",false,1,19.90,1.42,false,1,
7290106577541,false,צבר כרוב אדום מרובע 400גרם,קבוצת אוסם סחר-שות.מוגבלת,,,'יח,4,ל-100 גרם,false,1,12.90,3.23,false,1,
7290106577572,false,מטבוחה אמיתית מרובע 400 ג' צבר,קבוצת אוסם סחר-שות.מוגבלת,,,'יח,4,ל-100 גרם,false,1,12.90,3.23,false,1,
7290106578692,false,ביסלי במבה מיקס מהדורת אליפות אסם 80 גרם,קבוצת אוסם סחר שותפות מוגבלת,,,'יח,0.80,ל-100 גרם,false,1,3.90,4.88,true,1,
7290106578821,false,הבית עוגת שמרים קלאסית בטעם שוקולד 350גר.,קבוצת אוסם סחר שותפות מוגבלת,,,'יח,3.50,ל-100 גרם,false,1,15.90,4.54,false,1,
7290106652996,false,כיף כף מקלות קוקוס חלבי 40 גר',סולן בעבור שטראוס,,,'יח,0.40,ל-100 גרם,false,1,4.90,12.25,true,1,
7290106653689,false,לקט לסלט אסייתי 350 גר`-טעם הטבע,ביכורי השדה הצפון בעמ` 1964,,,'יח,2.50,ל-100 גרם,false,1,10.90,4.36,false,1,
7290106660410,false,"רביולי תרד וגבינה 400 גרם ""שטראוס""",שטראוס גרופ בעמ/מצונן,,,'יח,4,ל-100 גרם,false,9,20.30,5.08,false,1,
7290106663091,false,"לאבנה 9 % עם שמן זית 500 גר' ""שטראוס""",שטראוס גרופ בעמ/מצונן,,,'יח,5,ל-100 גרם,false,1,19.20,3.84,false,1,
7290106663121,false,"עוגה אישית במילוי קרם חלב ""מילקי קייק"" שטראוס",בובארד איטליה אס.פי.איי,,,'יח,1.30,"ל-100 מ""ל",false,24,3.10,2.38,false,1,
7290106663558,false,"רוטב טריאקי ורימון יד מרדכי 280מ""ל",אף.סי תבליני בגליל ב,,,'יח,2.80,"ל-100 מ""ל",false,9,12.90,4.61,false,1,
7290106664067,false,לאבנה עם שמן זית וזעתר 10% שטראוס 400 ג',שטראוס גרופ בעמ/מצונן,,,'יח,4,ל-100 גרם,false,12,13.90,3.48,false,1,
7290106667266,false,חטיף תירס חמוץ חריף דוריטוס (185 גרם),"שטראוס פריטו ליי בע""\מ )",,,'יח,1.85,ל-100 גרם,false,1,8.50,4.59,false,1,
7290106668577,false,"מיץ לימון טבעי 250 מ""ל ""יד מרדכי""",האי נאם סי או אל.טי.,,,'יח,2.50,"ל-100 מ""ל",false,12,7.90,3.16,true,1,
7290106668713,false,יוגורט עם פירות יער 3% שומן 150 ג' דנונה,שטראוס גרופ בעמ/מצונן,,,'יח,1.50,"ל-100 מ""ל",false,24,3.90,2.60,false,1,
7290106720626,false,חטיף תירס בטעם גבינה צ`יטוס (80 גרם),"שטראוס פריטו ליי בע""\מ )",,,'יח,0.80,ל-100 גרם,false,1,4.90,6.13,false,1,
7290106721807,false,אחלה סלט חציל פיקנטי מהדרין 400ג,מיוצר עי קונדיטוריית,,,'יח,4,ל-100 גרם,false,6,10.90,2.73,true,1,
7290106721913,false,מסטיק מאסט MUST ללא סוכר בטעם מנטה מרעננת,שטראוס גרופ בע`מ,,,'יח,0.66,ל-100 גרם,false,12,9.90,15,true,1,
7290106723689,false,עלי תרד בייבי 200 גר`שטראוס טעם הטבע,ביכורי השדה הצפון בעמ` 1964,,,'יח,2,ל-100 גרם,false,1,10.90,5.45,false,1,
7290106725867,false,סירופ מייפל טהור ללס יד מרדכי 189 גר,"שטראוס גרופ בע""מ",,,'יח,0.18,"ל-100 מ""ל",false,1,29.90,166.11,false,1,
7290106726178,false,יוגורט PRO עם פירות יער 2.4% 10 גרם חלבון בגביע,שטראוס גרופ בעמ/מצונן,,,'יח,1.50,"ל-100 מ""ל",false,12,4.90,3.27,false,1,
7290106727984,false,"כיף כף פצפצים בגביע 135 גרם ""עלית""",שולן צ'\יקולטה גידה סאן.,,,'יח,1.35,ל-100 גרם,false,24,9.90,7.33,true,1,
7290107280013,false,"חמישיית מגבונים ל.מבושם ""ליטופים""",החברה הדרומית לשיווק בעמ,,,'יח,1,'יח,false,1,19.90,19.90,false,1,
7290107280020,false,שלישיית מטליות לחות לניקוי כללי סנו סושי 50 יחידות,החברה הדרומית לשיווק בעמ,,,'יח,1,,false,8,19.90,19.90,false,1,
7290107280099,false,שלישיית מגובנים נשטפים באסלה סופט סוד 48 יחידות,החברה הדרומית לשיווק בעמ,,,'יח,1,ל-100 גרם,false,1,16.90,16.90,false,1,
7290107280396,false,"סנו - ג'ט מרסס לניקוי יסודי במטבח 750 מ""ל",החברה הדרומית לשיווק בעמ,,,'יח,1,,false,12,12.90,12.90,true,1,
7290107280549,false,"סנו - K400 קוטל זבובים ויתושים 300 מ""ל",החברה הדרומית לשיווק בעמ,,,'יח,1,,false,12,12.90,12.90,false,1,
7290107280563,false,סנו אוקסיג`ן ג`ל לכביסה בייבי 3 ל`,החברה הדרומית לשיווק בעמ,,,'יח,30,"ל-100 מ""ל",false,6,29.90,1,false,1,
7290107280709,false,ספארק נוזל הברקה למדיח סנו (700 מל),החברה הדרומית לשיווק בעמ,,,'יח,1,,false,12,14.90,14.90,false,1,
7290107280716,false,מלח למדיח להגנה מפני אבנית סנו ספארק Spark,החברה הדרומית לשיווק בעמ,,,'יח,20,"ל-100 מ""ל",false,6,11.90,0.60,false,1,
7290107280723,false,נוזל לניקוי כלים סנו ספארק Spark בניחוח לימון רענן,החברה הדרומית לשיווק בעמ,,,'יח,7,"ל-100 מ""ל",false,12,8.90,1.27,false,1,
7290107280730,false,נוזל לניקוי כלים סנו ספארק Spark בניחוח לבנדר,החברה הדרומית לשיווק בעמ,,,'יח,7,"ל-100 מ""ל",false,12,8.90,1.27,false,1,
7290107280747,false,נוזל לניקוי כלים סנו ספארק Spark קלאסי,החברה הדרומית לשיווק בעמ,,,'יח,7,"ל-100 מ""ל",false,12,8.90,1.27,false,1,
7290107280761,false,נוזל לניקוי כלים בניחוח לימון רענן סנו ספארק Spark,החברה הדרומית לשיווק בעמ,,,'יח,10,"ל-100 מ""ל",false,1,12.90,1.29,false,1,
7290107644488,false,בייגל בייגל בייגלה שמיניות עם מלח 255 ג,יוניליוור ישראל שיווק בע`מ,,,'יח,2.55,ל-100 גרם,false,1,5.90,2.31,false,1,
7290107645591,false,אבקת מרק בטעם עוף 100% רכיבים טבעיים 400 גרם,יוניליוור ישראל שיווק בע`מ,,,'יח,4,ל-100 גרם,false,1,15.90,3.98,false,1,
7290107646062,false,אבקת מרק בצל רכיבים טבעיים קנור 400 ג',יוניליוור ישראל שיווק בע`מ,,,'יח,4,ל-100 גרם,false,1,24.90,6.23,false,1,
7290107646147,false,"חטיף שוגי קורנפלקס תלמה 156 גרם מארז 6 יחידות בד""צ",יוניליוור ישראל שיווק בע`מ,,,'יח,1.56,ל-100 גרם,false,1,12.90,8.27,false,1,
7290107646154,false,"חטיף קוקומן פצפוצים תלמה 126 גרם מארז 6 יחידות בד""צ","יוניליוור ישראל שיווק בע""מ",,,'יח,1.56,ל-100 גרם,false,1,12.90,8.27,false,1,
7290107646826,false,"חטיף שוגי שוקו תלמה 156 גרם מארז 6 יחידות בד""צ","יוניליוור ישראל שיווק בע""מ",,,'יח,1.56,ל-100 גרם,false,1,12.90,8.27,false,1,
7290107646833,false,"חטיף שוגי פצפוצים תלמה 138 גרם מארז 6 יחידות בד""צ",יוניליוור ישראל שיווק בע`מ,,,'יח,1.56,ל-100 גרם,false,1,12.90,8.27,false,1,
7290107646895,false,קנור - רוטב פסטה נפוליטנה 415 גרם חתם סופר,יוניליוור ישראל שיווק בע`מ,,,'יח,4.15,ל-100 גרם,false,1,11.90,2.87,false,1,
7290107646925,false,ברנפלקס אקסטרה פייבר ללתס 410 גר`תלמה,יוניליוור ישראל שיווק בע`מ,,,'יח,4.10,ל-100 גרם,false,1,22.90,5.59,false,1,
7290107646970,false,"מיונז תלמה איולי שום 273 גר בד""ץ",יוניליוור ישראל שיווק בע`מ,,,'יח,2.50,ל-100 גרם,false,1,7.90,3.16,false,1,
7290107647656,false,סולרו פרוט בוסט - קוקוס אננס (פרווה),"מיוצר ע""\י גלידת שטראוס",,,'יח,2.90,ל-100 גרם,false,1,28.90,9.97,false,1,
7290107647731,false,קוקומן חום לבן 20% פחות סוכר 375 גרם ב,יוניליוור ישראל שיווק בע`מ,,,'יח,3.75,ל-100 גרם,false,1,19.90,5.31,true,1,
7290107647854,false,"שוגי מופחת סוכר תלמה 500 ג' בד""צ",יוניליוור ישראל שיווק בע`מ,,,'יח,5,ל-100 גרם,false,1,19.90,3.98,true,1,
7290107648974,false,קנור רוטב לפסטה עגבניות עם בזיליקום,יוניליוור ישראל שיווק בע`מ,,,'יח,4.15,ל-100 גרם,false,1,11.90,2.87,false,1,
7290107871297,false,אוסם - מיני פריכונים עשבי תיבול 25 גרם,קבוצת אוסם סחר שותפות מוגבלת,,,'יח,0.25,ל-100 גרם,false,1,3.80,15.20,false,1,
7290107871990,false,פסטה צינורות מהדרין אסם (500 גרם),קבוצת אוסם סחר שותפות מוגבלת,,,'יח,5,ל-100 גרם,false,1,5.90,1.18,true,1,
7290107874427,false,מיני פריכונים בטעם זעתר אסם (25 גרם),קבוצת אוסם סחר שותפות מוגבלת,,,'יח,0.25,ל-100 גרם,false,1,3.80,15.20,false,1,
7290107874502,false,ביסלי גריל קדמ. מארז אחיד 10 4*55 גרם,קבוצת אוסם סחר שותפות מוגבלת,,,'יח,2.01,ל-100 גרם,false,1,12.90,6.42,true,1,
7290107875158,false,במבה קלאסי מארז 4 יח' *60ג' אסם,קבוצת אוסם סחר-שות.מוגבלת,,,'יח,2.40,ל-100 גרם,false,1,11.90,4.96,true,1,
7290107875271,false,ביסלי ברביקיו קדמ. מארז אחיד10 4*55 גרם,קבוצת אוסם סחר שותפות מוגבלת,,,'יח,2.01,ל-100 גרם,false,1,12.90,6.42,true,1,
7290107875820,false,קרוטונים אפויים בתיבול ביתי אוסם 180 ג',קבוצת אוסם סחר שותפות מוגבלת,,,'יח,1.80,ל-100 גרם,false,1,11.70,6.50,false,1,
7290107876889,false,אוסם - במבה במילוי קרם נוגט 45 גרם,קבוצת אוסם סחר שותפות מוגבלת,,,'יח,0.45,ל-100 גרם,false,1,3.90,8.67,true,1,
7290107877619,false,מארז במבה במילוי קרם נוגט 5*30ג' אסם,קבוצת אוסם סחר שותפות מוגבלת,,,'יח,1.50,ל-100 גרם,false,1,12.90,8.60,true,1,
7290107879132,false,פריכיות פיטנס מיני פריכיות שוקולד חלב 22 ג',קבוצת אוסם סחר שותפות מוגבלת,,,'יח,0.22,ל-100 גרם,false,40,4.90,22.27,false,1,
7290107909006,false,סיר מיקרוגל אותנטי 2 ליטר,ד.ג.ש ייבוא ושיווק בעמ,,,'יח,1,,false,1,12.90,12.90,false,1,
7290107931397,false,כיף כף פצפוצים במילוי שוקולד 40 גרם,שולן צ'\יקולטה גידה סאן.,,,'יח,0.40,ל-100 גרם,false,12,4.90,12.25,true,1,
7290107932080,false,חלב 3% מועשר בבקבוק יטבתה (1 ליטר),שטראוס גרופ בעמ/מצונן,,,'יח,10,"ל-100 מ""ל",false,12,7.70,0.77,false,1,
7290107936309,false,דנונה יוגורט 7% יווני לבן 130 ג',שטראוס גרופ בעמ/מצונן,,,'יח,1.30,ל-100 גרם,false,24,3.60,2.77,false,1,
7290107936958,false,עד חצות ביסקוויט אצבעות שוקולד 125 גרם,ביסקוויטס טור ד'\אלבון,,,'יח,1.25,ל-100 גרם,false,12,9.90,7.92,false,1,
7290107936965,false,עיגולים עד חצות עם שוקולד חלב 225 גר,ביסקווטרי עוגיות סנט,,,'יח,2.25,ל-100 גרם,false,16,11.90,5.29,false,1,
7290107937542,false,משקה יוגורט אקטיביה עם תות 1.2% שומן,שטראוס גרופ בעמ/מצונן,,,'יח,1.20,"ל-100 מ""ל",false,12,5.20,4.33,false,1,
7290107937627,false,מסטיק מאסט Must קוביות ללא סוכר בטעם מנטה עדינה,שטראוס גרופ בע`מ,,,'יח,0.58,ל-100 גרם,false,12,9.90,17.07,true,1,
7290107937641,false,צנצנת קוביות בזוקה גומי לעיסה 58גר,אסקום קונפקשיין,,,'יח,1,,false,12,9.90,9.90,true,1,
7290107937856,false,קפסולות 11חזק למכונות נספרסו עלית 10יח',הנסיך- מפעל לייצור ט,,,'יח,0.50,ל-100 גרם,false,12,16.90,33.80,true,1,
7290107938396,false,שמיניית אקטימל תות דיסני בנים 108 גרם,שטראוס גרופ בעמ/מצונן,,,'יח,8,"ל-100 מ""ל",false,6,20.90,2.61,false,1,
7290107941259,false,עדשים ירוקות מבושלות 475 גר ירקות שטראוס,ביכורי השדה הצפון בעמ` 1964,,,'יח,1,,false,1,12.90,12.90,false,1,
7290107941266,false,שעועית אדומה מבושלת 475 גר ירקות שטראוס,ביכורי השדה הצפון בעמ` 1964,,,'יח,1,,false,1,12.90,12.90,false,1,
7290107941273,false,טעם הטבע חומוס מבושל שטראוס (475 גרם),ביכורי השדה הצפון בעמ` 1964,,,'יח,1,,false,1,12.90,12.90,false,1,
7290107944243,false,אפיפיות בטעם שוקולד 200 גרם כשר לפסח,"שטראוס גרופ בע""\מ",,,'יח,2,ל-100 גרם,false,1,7.90,3.95,false,1,
7290107944472,false,סימפוניה גבינה במרקם שמנת 5% שום שמיר,שטראוס גרופ בעמ/מצונן,,,'יח,2,ל-100 גרם,false,12,10.90,5.45,false,1,
7290107945165,false,קונפיטורת משמש יד מרדכי 340 גרם,אף.סי תבליני בגליל ב,,,'יח,3.40,ל-100 גרם,false,6,14.90,4.38,true,1,
7290107950190,false,מעדן חלב דל קלוריות בטעם שוקולד מריר 0.5% שומן,שטראוס גרופ בעמ/מצונן,,,'יח,1.30,ל-100 גרם,false,24,3.50,2.69,false,1,
7290107950206,false,מעדן דיאט שוקולד שטראוס 130 גרם,שטראוס גרופ בעמ/מצונן,,,'יח,1.30,ל-100 גרם,false,24,3.50,2.69,false,1,
7290107951104,false,בפלות ופלים ארוכים בטעם שוקולד,"שטראוס גרופ בע""\מ",,,'יח,2,ל-100 גרם,false,27,4.90,2.45,false,1,
7290107951111,false,בפלות ופלים ארוכים בטעם לימון,שטראוס גרופ בע`מ,,,'יח,2,ל-100 גרם,false,27,4.90,2.45,false,1,
7290107951715,false,צנצנת מסטיק מאסט קוביות בטעם ענבים 58 ג' עלית,"שטראוס גרופ בע""מ",,,'יח,0.58,ל-100 גרם,false,12,9.90,17.07,true,1,
7290107953559,false,"מארז קפה טורקי עלית לדרך כשל""פ 168 גרם",הנסיך- מפעל לייצור ט,,,'יח,1.40,ל-100 גרם,false,8,18.90,13.50,false,1,
7290107954709,false,"קונפיטורת פירות יער ""יד מרדכי"" 340 גר'",שטראוס גרופ בע`מ,,,'יח,3.40,ל-100 גרם,false,6,14.90,4.38,true,1,
7290107954976,false,משקה חלב PRO עם קפה 1.5% 25 גרם חלבון בבקבוק,שטראוס גרופ בעמ/מצונן,,,'יח,3.50,"ל-100 מ""ל",false,6,6.40,1.83,false,1,
7290107956642,false,"תרסיס שמן זית 150 מ""ל יד מרדכי כשלפ",פארייפאבה אגרואינדוס,,,'יח,1.50,"ל-100 מ""ל",false,12,17.90,11.93,false,1,
7290107956901,false,קפסולות בטעם אגוזים למכונת נספרסו עלית 10 יחידות,שטראוס קפה בי.וי.,,,'יח,0.50,ל-100 גרם,false,12,16.90,33.80,true,1,
7290107956925,false,קפסולות 13 אוגנדה למכונת נספרסו עלית 10יח',שטראוס קפה בי.וי.,,,'יח,0.50,ל-100 גרם,false,12,16.90,33.80,true,1,
7290107956932,false,קפסולות אינדונזיה מס 12 למכונת אספרסו,שטראוס קפה בי.וי.,,,'יח,0.50,ל-100 גרם,false,12,16.90,33.80,true,1,
7290107957069,false,"מסטיק ע""למה ""בטעם אוכניות 66 גרם צנצנת ""עלית""","שטראוס גרופ בע""\מ",,,'יח,1,,false,12,9.90,9.90,true,1,
7290107957076,false,"מסטיק ""עלמה"" בטעם ספירמנט 66 גרם צנצנת ""עלית""","שטראוס גרופ בע""\מ",,,'יח,1,,false,12,9.90,9.90,true,1,
7290107957991,false,מילקי CAKE מיניס קרם חלב בציפוי שוקולד חלב שקית 16X9ג',בובארד איטליה אס.פי.איי,,,'יח,1.44,ל-100 גרם,false,6,14.90,10.35,true,1,
7290107958035,false,יוגורט במתיקות מעודנת 2% ללא תוספת סוכר- מארז 8 יח,שטראוס גרופ בעמ/מצונן,,,'יח,1.20,ל-100 גרם,false,1,18.50,15.42,false,1,
7290107974066,false,"עלי טורטיה קמח מלא 20ס""מ 8יח' מאסטר שף 320ג'",אלקאטי קורביישיסי גי,,,'יח,3.20,ל-100 גרם,false,1,9.90,3.09,false,1,
7290107974073,false,מנה עלי טורטיה קמח לבן מ.שף 20 סמ 320 גר,אלקאטי קורביישיסי גי,,,'יח,3.20,ל-100 גרם,false,1,9.90,3.09,false,1,
7290107974080,false,עלי טורטיה קמח לבן 744 גר`מנה מאסטר שף,אלקאטי קורביישיסי גי,,,'יח,8.40,ל-100 גרם,false,1,15.90,1.89,false,1,
7290107974837,false,ממרח מתובל שום 253 גר מנה מאסטר שף,רמיה סי.וי.הולנד,,,'יח,2.53,ל-100 גרם,false,1,8.90,3.52,true,1,
7290107976848,false,פלמוליב סבון מוצק קמומיל רביעייה 360 ג,קולגייט-פלמוליב,,,'יח,3.60,ל-100 גרם,false,1,16.90,4.69,false,1,
7290107978330,false,איטריות דקות מאסטר שף 400 גרם,הדקלאים אגודת שיתופי,,,'יח,4,ל-100 גרם,false,1,6.90,1.73,true,1,
7290107978347,false,איטריות בינוניות מאסטר שף 400 גרם,הדקלאים אגודת שיתופי,,,'יח,4,ל-100 גרם,false,1,6.90,1.73,true,1,
7290108195101,false,מספריים גדולות וקטנות במארז,השלושה טריימארט בעמ,,,'יח,1,,false,1,11.90,11.90,false,1,
7290108196122,false,דבק מגע,השלושה טריימארט בעמ,,,'יח,1,,false,1,5.90,5.90,false,1,
7290108350128,false,סנו סושי שקיות אשפה חזקות במיוחד 40 יח',החברה הדרומית לשיווק בעמ,,,'יח,1,,false,12,23.90,23.90,false,1,
7290108350142,false,"שקיות רב שימושיות גדולות 25*35 ס""מ סנו סושי 270 יחידות",החברה הדרומית לשיווק בעמ,,,'יח,1,,false,24,13.90,13.90,false,1,
7290108350210,false,סנו סושי 30 שקיות אשפה XL חזקות במיוחד,החברה הדרומית לשיווק בעמ,,,'יח,30,ל-100 גרם,false,10,24.90,0.83,false,1,
7290108350531,false,סנו ספארק נוזל כלים בניחוח קלאסי עם משאבה 1 ל',מיוצר עי קונדיטוריית,,,'יח,10,"ל-100 מ""ל",false,12,12.90,1.29,false,1,
7290108350548,false,סנו ספארק נוזל כלים בניחוח לבנדר עם משאבה 1 ל',החברה הדרומית לשיווק בעמ,,,'יח,10,"ל-100 מ""ל",false,12,12.90,1.29,false,1,
7290108350555,false,נוזל כלים סנו ספארק Spark היפואלרגני פריחת השקד,החברה הדרומית לשיווק בעמ,,,'יח,10,"ל-100 מ""ל",false,1,12.90,1.29,false,1,
7290108350616,false,סנו - מקסימה מרכך כביסה מרוכז פריחה כחולה 1 ליטר,החברה הדרומית לשיווק בעמ,,,'יח,7.50,"ל-100 מ""ל",false,12,18.90,2.52,true,1,
7290108350623,false,מרכך כביסה סופר מרוכז סופט סילק מקסימה 1 ל' סנו,החברה הדרומית לשיווק בעמ,,,'יח,10,"ל-100 מ""ל",false,12,18.90,1.89,true,1,
7290108351156,false,ג'ל ניקוי כללי בתוספת חומץ בריח לבנדר סנו ג'ט 1.5 ליטר,החברה הדרומית לשיווק בעמ,,,'יח,1.50,לליטר,false,12,13.90,9.27,true,1,
7290108351507,false,מרכך כביסה אינספרישיין סנו מקסימה 4 ליטר,החברה הדרומית לשיווק בעמ,,,'יח,40,"ל-100 מ""ל",false,1,21.90,0.55,false,1,
7290108351514,false,מרכך כביסה בלו בלוסום סנו מקסימה 4 ליטר,החברה הדרומית לשיווק בעמ,,,'יח,40,"ל-100 מ""ל",false,1,21.90,0.55,false,1,
7290108351521,false,סנו מקסימה ג`ל כביסה מרוכז 5 ל`מאסק,החברה הדרומית לשיווק בעמ,,,'יח,50,"ל-100 מ""ל",false,4,44.90,0.90,false,1,
7290108351552,false,"סנו - ג'ט לניקוי כללי בתוספת חומץ בניחוח לבנדר 750 מ""ל",החברה הדרומית לשיווק בעמ,,,'יח,7.50,"ל-100 מ""ל",false,12,13.90,1.85,true,1,
7290108351675,false,סנו מקסימה ג`ל כביסה מרוכז 5 ל`צבעוני,החברה הדרומית לשיווק בעמ,,,'יח,50,"ל-100 מ""ל",false,4,44.90,0.90,false,1,
7290108351699,false,סנו - ג'ט מטליות לחות לניקוי כללי בתוספת חומץ לבנדר שלישיה,החברה הדרומית לשיווק בעמ,,,'יח,1,,false,8,19.90,19.90,false,1,
7290108351705,false,פניני בישום לכביסה275 גר` fresh linen,החברה הדרומית לשיווק בעמ,,,'יח,1,ל-100 גרם,false,1,19.90,19.90,false,1,
7290108351712,false,פניני בישום לכביסה 275 ג' מקסימה,החברה הדרומית לשיווק בעמ,,,'יח,5,ל-100 גרם,false,1,19.90,3.98,false,1,
7290108351804,false,מרכך כביסה סופר מרוכז Gentl Breeze סנו מקסימה 1 ליטר,החברה הדרומית לשיווק בעמ,,,'יח,10,"ל-100 מ""ל",false,12,18.90,1.89,true,1,
7290108351811,false,מרכך כביסה סופר מרוכז Floral touch סנו מקסימה 1 ליטר,החברה הדרומית לשיווק בעמ,,,'יח,10,"ל-100 מ""ל",false,12,18.90,1.89,true,1,
7290108351835,false,מרכך כביסה Pure Sensation סנו מקסימה 4 ליטר,החברה הדרומית לשיווק בעמ,,,'יח,40,"ל-100 מ""ל",false,6,21.90,0.55,false,1,
7290108351972,false,סנופרש הום מבשם לבית בניחוח מלון בוטיק,החברה הדרומית לשיווק בעמ,,,'יח,1,,false,1,11.90,11.90,false,1,
7290108352153,false,"סנובון נוזלי בניחוח לוטוס וסחלב סנו 750 מ""ל",החברה הדרומית לשיווק בעמ,,,'יח,7.50,"ל-100 מ""ל",false,12,10.90,1.45,false,1,
7290108352207,false,מקסימה 40 קפסולות לכביסה בניחוח fresh burst,החברה הדרומית לשיווק בעמ,,,'יח,12,ל-100 גרם,false,1,34.90,2.91,false,1,
7290108352290,false,שלישיית מטליות לחיטוי ולניקוי יסודי לחדר האמבטיה סדרת 99.9%,החברה הדרומית לשיווק בעמ,,,'יח,1,,false,1,19.90,19.90,false,1,
7290108352320,false,"מבשם אויר סנו פרש הום בניחוח כותנה מלטפת 350 מ""ל",החברה הדרומית לשיווק בעמ,,,'יח,3.50,ל-100 גרם,false,12,11.90,3.40,false,1,
7290108352337,false,"מטהר אויר פרש הום אוטומטיק מלון מפנק 250 מ""ל",החברה הדרומית לשיווק בעמ,,,'יח,2.50,"ל-100 מ""ל",false,1,14.90,5.96,false,1,
7290108352399,false,ריצפז פרש הום בניחוח מרכך כביסה פלורל טאצ',החברה הדרומית לשיווק בעמ,,,'יח,20,"ל-100 מ""ל",false,8,21.90,1.10,false,1,
7290108352450,false,ריצפז פרש הום בניחוח מרכך כביסה בלו בלוסום,החברה הדרומית לשיווק בעמ,,,'יח,1,,false,1,21.90,21.90,false,1,
7290108352481,false,מטהר אויר סנומוד נרסיסוס נטול גז 150,החברה הדרומית לשיווק בעמ,,,'יח,1.50,"ל-100 מ""ל",false,1,11.90,7.93,false,1,
7290108352535,false,דפי בישום לחים למייבש הכביסה בניחוח מרכך כביסה 20 יח' מקסימה,החברה הדרומית לשיווק בעמ,,,'יח,1,ל-100 גרם,false,1,12.90,12.90,false,1,
7290108352672,false,צמד מטליות הפלא לרצפה מיקרפייבר סנו סושי,החברה הדרומית לשיווק בעמ,,,'יח,1,,false,12,19.90,19.90,false,1,
7290108352801,false,"שקיות אשפה לפחים קטנים 45 * 56 ס""מ סנו סושי 100 יחידות",החברה הדרומית לשיווק בעמ,,,'יח,1.14,"ק""ג",false,12,18.90,16.58,false,1,
7290108353006,false,סנו סושי - שקיות אוכל נקשרות 250 יחידות XL,החברה הדרומית לשיווק בעמ,,,'יח,1,,false,24,11.90,11.90,false,1,
7290108353099,false,ממחטות אף במארז ניילון סנו סופט 5 יח' * 100 דף,החברה הדרומית לשיווק בעמ,,,'יח,1,ל-100 גרם,false,1,14.90,14.90,false,1,
7290108353532,false,"שקיות אשפה חזקות עם שרוך לארג' 54 * 65 ס""מ סנו סושי 100 יחידות",החברה הדרומית לשיווק בעמ,,,'יח,1,,false,1,29.90,29.90,false,1,
7290108353549,false,נייר אפיה 100 דפים סנו סושי,החברה הדרומית לשיווק בעמ,,,'יח,1,,false,1,22.90,22.90,false,1,
7290108353778,false,"נקה 7 - תחליב רחצה שוודיה בניחוח פיטנגו 750 מ""ל",החברה הדרומית לשיווק בעמ,,,'יח,7.50,לליטר,false,12,10.90,1.45,true,1,
7290108353792,false,"נקה 7 - תחליב רחצה יפן בניחוח פריחת הדובדבן 750 מ""ל",החברה הדרומית לשיווק בעמ,,,'יח,7.50,לליטר,false,12,10.90,1.45,true,1,
7290108353808,false,"תחליב רחצה מדגסקר נקה 7 בניחוח אמבר 750 מ""ל",החברה הדרומית לשיווק בעמ,,,'יח,7.50,לליטר,false,12,10.90,1.45,true,1,
7290108353846,false,סושי כפפות ניטריל שחורות 80 יחידות L,החברה הדרומית לשיווק בעמ,,,'יח,1,,false,1,24.90,24.90,false,1,
7290108354607,false,"שמפו בניחוח מי קקטוס ושמן באבאסו 750 מ""ל נקה 7",החברה הדרומית לשיווק בעמ,,,'יח,7.50,"ל-100 מ""ל",false,1,11.90,1.59,true,1,
7290108354614,false,"מרכך בניחוח מי קקטוס ושמן באבאסו 750 מ""ל נקה 7",החברה הדרומית לשיווק בעמ,,,'יח,7.50,"ל-100 מ""ל",false,1,11.90,1.59,false,1,
7290108355147,false,תחליב רחצה שמנהי הזנה נקה (7507 מל),טרופיקל דגיל תעשיות קוסמ,,,'יח,7.50,לליטר,false,12,10.90,1.45,true,1,
7290108355154,false,נקה 7 שמפו לשיער שמני הזנה 750 מל,החברה הדרומית לשיווק בעמ,,,'יח,7.50,"ל-100 מ""ל",false,12,11.90,1.59,true,1,
7290108355161,false,"מרכך שיער שמני הזנה 750 מ""ל נקה 7",החברה הדרומית לשיווק בעמ,,,'יח,7.50,"ל-100 מ""ל",false,12,11.90,1.59,true,1,
7290108356106,false,כיף תחליב רחצה חלב שקדים 700 מל,החברה הדרומית לשיווק בעמ,,,'יח,7,"ל-100 מ""ל",false,12,12.90,1.84,false,1,
7290108356113,false,תחליב רחצה כיף ניחוח דבש 700 מל,החברה הדרומית לשיווק בעמ,,,'יח,7,"ל-100 מ""ל",false,12,12.90,1.84,false,1,
7290108356137,false,תחליב רחצה כיף ניחוח לבנדר 700 מל,החברה הדרומית לשיווק בעמ,,,'יח,7,"ל-100 מ""ל",false,12,12.90,1.84,false,1,
7290108356410,false,כיף תחליב רחצה בניחוח פנקייק בננה 700מ,החב. הדרומית לשיווק,,,'יח,7,"ל-100 מ""ל",false,12,12.90,1.84,false,1,
7290108356489,false,"כיף - תחליב רחצה אפרסק וחמאת מורומורו 700 מ""ל",החברה הדרומית לשיווק בעמ,,,'יח,7,"ל-100 מ""ל",false,12,12.90,1.84,false,1,
7290108356519,false,קרליין שמפו 10למניעת קשקשים 700מל,החברה הדרומית לשיווק בעמ,,,'יח,7,"ל-100 מ""ל",false,1,12.90,1.84,true,1,
7290108356526,false,"קרליין - שמפו 10 לשיער יבש 700 מ""ל",החברה הדרומית לשיווק בעמ,,,'יח,7,"ל-100 מ""ל",false,1,12.90,1.84,true,1,
7290108356533,false,קרוליין 10 שמפו לשיער מתולתל 700 מל,החברה הדרומית לשיווק בעמ,,,'יח,7,"ל-100 מ""ל",false,1,12.90,1.84,true,1,
7290108356540,false,קרוליין 10 שמפו לשיער צבוע 700 מל,החברה הדרומית לשיווק בעמ,,,'יח,7,"ל-100 מ""ל",false,1,12.90,1.84,true,1,
7290108356564,false,"קרליין - מרכך 10 לשיער רגיל 700 מ""ל",החברה הדרומית לשיווק בעמ,,,'יח,7,"ל-100 מ""ל",false,1,12.90,1.84,true,1,
7290108356571,false,"קרליין - מרכך 10 לשיער יבש 700 מ""ל",החברה הדרומית לשיווק בעמ,,,'יח,7,"ל-100 מ""ל",false,1,12.90,1.84,true,1,
7290108356588,false,קרוליין 10 מרכך לשיער מתולתל 700 מל,החברה הדרומית לשיווק בעמ,,,'יח,7,"ל-100 מ""ל",false,1,12.90,1.84,true,1,
7290108356595,false,קרוליין 10 מרכך לשיער צבוע 700 מל,החברה הדרומית לשיווק בעמ,,,'יח,7,"ל-100 מ""ל",false,1,12.90,1.84,true,1,
7290108356809,false,סבון בוטני ורד ומרווה לניקוי וטיפוח הידיים טבעוני 1 ל' כיף,החברה הדרומית לשיווק בעמ,,,'יח,1,'יח,false,1,14.90,14.90,false,1,
7290108356816,false,"סבון בוטני גרניום ופטצ'ולי לניקוי וטיפוח הידיים, טבעוני 1 ל' כיף",החברה הדרומית לשיווק בעמ,,,'יח,1,'יח,false,1,14.90,14.90,false,1,
7290108356854,false,מגבונים לחים בניחוח עדין - 5 יחידות במארז,החברה הדרומית לשיווק בעמ,,,'יח,1,'יח,false,1,19.90,19.90,false,1,
7290108356861,false,מגבוני בייבי כיף ללא בישום מארז חמישייה,החברה הדרומית לשיווק בעמ,,,'יח,1,'יח,false,1,19.90,19.90,false,1,
7290108357011,false,כיף קונדישינר לשיער שמן קוקוי 700 מל,החברה הדרומית לשיווק בעמ,,,'יח,7,"ל-100 מ""ל",false,1,12.90,1.84,false,1,
7290108357028,false,"תחליב רחצה כיף ורד ושמן קוקוי 700 מ""ל",החברה הדרומית לשיווק בעמ,,,'יח,1,,false,1,12.90,12.90,false,1,
7290108357196,false,"ג'ט פלוס לניקוי כללי בתוספת תמצית עץ התה 750 מ""ל סנו",החברה הדרומית לשיווק בעמ,,,'יח,7.50,"ל-100 מ""ל",false,12,13.90,1.85,true,1,
7290108357202,false,סנוקליר לניקוי בניחוח בלו בלוסום 1 ליטר,החברה הדרומית לשיווק בעמ,,,'יח,10,"ל-100 מ""ל",false,12,10.90,1.09,false,1,
7290108357264,false,"פרש אוטומטי מילוי בניחוח מרכך הכביסה אולטרה 375 מ""ל סנו",החברה הדרומית לשיווק בעמ,,,'יח,1,,false,1,14.90,14.90,false,1,
7290108357288,false,אקונומיקה ז'אוול בניחוח פריחה לבנה 4 ל' סנו,החברה הדרומית לשיווק בעמ,,,'יח,40,"ל-100 מ""ל",false,6,16.90,0.42,false,1,
7290108357295,false,"מרסס אוקסיג'ן מסיר כתמים סנו לכביסה לבנה 750 מ""ל",החברה הדרומית לשיווק בעמ,,,'יח,7.50,"ל-100 מ""ל",false,12,17.90,2.39,true,1,
7290108357301,false,"סנו - K300 קוטל חרקים תיקנים ונמלים 300 מ""ל",החברה הדרומית לשיווק בעמ,,,'יח,3,"ל-100 מ""ל",false,12,14.90,4.97,false,1,
7290108357707,false,"כיף שמפו לשיער רגיל- תפוח זרעי צ'יה 700 מ""ל",החברה הדרומית לשיווק בעמ,,,'יח,7,"ל-100 מ""ל",false,1,12.90,1.84,false,1,
7290108357769,false,"מרכך לשיער רגיל תפוח וזרעי צ'יה 700 מ""ל כיף",החברה הדרומית לשיווק בעמ,,,'יח,7,"ל-100 מ""ל",false,1,12.90,1.84,false,1,
7290108357837,false,כיף אל סבון 1 ליטר ג'נסינג שקית מילוי + פקק,החברה הדרומית לשיווק בעמ,,,'יח,1,'יח,false,1,8.90,8.90,false,1,
7290108357844,false,כיף אל סבון 1 ליטר אצות ים שקית מילוי + פקק,החברה הדרומית לשיווק בעמ,,,'יח,1,'יח,false,1,8.90,8.90,false,1,
7290108359039,false,סנו סושי 30 שקיות אשפה עם ידיות לפחים גבוהים,החברה הדרומית לשיווק בעמ,,,'יח,30,ל-100 גרם,false,10,19.90,0.66,false,1,
7290108359046,false,שקיות אשפה EXTRA חזקאות במיוחד XXL סנו סושי 20 יח',החברה הדרומית לשיווק בעמ,,,'יח,1,'יח,false,1,24.90,24.90,false,1,
7290108359077,false,סנו - סופט לושן ממחטות אף בקופסא 3 שכבות 120 יח',החברה הדרומית לשיווק בעמ,,,'יח,1,ל-100 גרם,false,1,14.90,14.90,false,1,
7290108359831,false,בייבי שמן לתינוק לעור עדין כיף (500 מל),החברה הדרומית לשיווק בעמ,,,'יח,5,"ל-100 מ""ל",false,12,24.90,4.98,false,1,
7290108359985,false,סנו - ז'אוול מרסס קצף לניקוי וחינו בניחוח פריחה לבנה 1 ליטר,החברה הדרומית לשיווק בעמ,,,'יח,10,"ל-100 מ""ל",false,12,18.90,1.89,true,1,
7290108468977,false,שלישיית גרבי ספורט לגבר,הום פרפקט ק.ד.מ בעמ,,,'יח,1,,false,1,14.90,14.90,true,1,
7290108500677,false,כבד דג שיבוט בשמן דג וילי פוד 115 גרם,ג. וילי-פוד אינטרנשיונל בע`מ,,,'יח,1.15,ל-100 גרם,false,12,9.90,8.61,false,1,
7290108501346,false,גבינה מגורדת גאודה 28% שומן EURO CHEESE ויליפוד 500 גרם,ג.וילי-פוד אינטרנשיונל **גבינו,,,'יח,5,ל-100 גרם,false,1,24.90,4.98,false,1,
7290108501391,false,גבינת חצי קשה מחלב עיזים פרוסות 150 גר`,ג. וילי-פוד אינטרנשיונל בע`מ,,,'יח,1.50,ל-100 גרם,false,1,22.90,15.27,false,1,
7290108502268,false,קרקרים במליחות מעודנת ויליפוד 250 גרם,ג. וילי-פוד אינטרנשיונל בע`מ,,,'יח,0.25,ל-100 גרם,false,20,6.90,27.60,false,1,
7290108502305,false,גבינת גרדה פדנו משולש 150 גר` וילי פוד,ג.וילי-פוד אינטרנשיונל **גבינו,,,'יח,1.50,ל-100 גרם,false,1,19.90,13.27,false,1,
7290108502329,false,רביעיית טונה בשמן זית ויליפוד 4*160 גרם,ג. וילי-פוד אינטרנשיונל בע`מ,,,'יח,1.60,ל-100 גרם,false,12,29.90,18.69,false,1,
7290108502336,false,גבינה גורגונזולה איטלקית 150 גרם 29% שומן,ג. וילי-פוד אינטרנשיונל בע`מ,,,'יח,1.50,ל-100 גרם,false,1,23.90,15.93,true,1,
7290108502558,false,גבינת שמנת טעם טבעי לייט ויליפוד 200 גרם,ג.וילי-פוד אינטרנשיונל **גבינו,,,'יח,2,ל-100 גרם,false,1,11.90,5.95,false,1,
7290108502725,false,גבינת גאודה פרוסות ויליפוד 400 גרם,ג.וילי-פוד אינטרנשיונל **גבינו,,,'יח,4,ל-100 גרם,false,1,19.90,4.98,false,1,
7290108502763,false,גבינת קממבר ויליפוד 200 גרם,ג.וילי-פוד אינטרנשיונל **גבינו,,,'יח,2,ל-100 גרם,false,1,19.90,9.95,false,1,
7290108503043,false,תפוחונים חטיף פלחים מיובשים מארז 22X4ג',ג. וילי-פוד אינטרנשיונל בע`מ,,,'יח,0.35,ל-100 גרם,false,36,14.90,42.57,false,1,
7290108503159,false,גבינה כחולה עם עובש 31% ויליפוד 100 גרם,ג.וילי-פוד אינטרנשיונל **גבינו,,,'יח,1,ל-100 גרם,false,1,14.90,14.90,false,1,
7290108503708,false,פיצה עם פטריות ויליפוד 390 גרם,ג.וילי-פוד אינטרנשיונל **גבינו,,,'יח,0,ל-100 גרם,false,1,14.90,14.90,false,1,
7290108503791,false,ניוקי תפוח אדמה 3 צבעים 500 גרם (ללא גלוטן),ג. וילי-פוד אינטרנשיונל בע`מ,,,'יח,5,ל-100 גרם,false,1,9.90,1.98,false,1,
7290108503982,false,פרוסות גבינה בטעם צ'דר לכריכים וטוסטים ויליפוד 150 גרם,ג. וילי-פוד אינטרנשיונל בע`מ,,,'יח,1.50,ל-100 גרם,false,1,9.90,6.60,true,1,
7290108503999,false,פרוסות גבינה בטעם גאודה לכריכים וטוסטים ויליפוד 150 גרם,ג.וילי-פוד אינטרנשיונל **גבינו,,,'יח,1.50,ל-100 גרם,false,1,9.90,6.60,true,1,
7290108504385,false,גבינת שמנת עם חלפיניו ויליפוד 200 גרם,ג.וילי-פוד אינטרנשיונל **גבינו,,,'יח,2,ל-100 גרם,false,1,11.90,5.95,false,1,
7290108505160,false,יוגורט עם אגסים 4% שומן ויליפוד 150 גרם,ג.וילי-פוד אינטרנשיונל **גבינו,,,'יח,1.50,ל-100 גרם,false,1,5.90,3.93,true,1,
7290108505191,false,יוגורט עם פצפוצי שוקולד 5% שומן ויליפוד 150 גרם,ג.וילי-פוד אינטרנשיונל **גבינו,,,'יח,1.50,ל-100 גרם,false,1,5.90,3.93,true,1,
7290108505207,false,יוגורט עם אוכמניות 0% שומן ויליפוד 150 גרם,ג.וילי-פוד אינטרנשיונל **גבינו,,,'יח,1.50,ל-100 גרם,false,1,5.90,3.93,true,1,
7290108505214,false,יוגורט עם אפרסק 0% שומן ויליפוד 150 גרם,ג.וילי-פוד אינטרנשיונל **גבינו,,,'יח,1.50,ל-100 גרם,false,1,5.90,3.93,true,1,
7290108505719,false,גבינת מוצרלה מגורדת EURO CHEESE ויליפוד 200 גרם,ג.וילי-פוד אינטרנשיונל **גבינו,,,'יח,2,ל-100 גרם,false,1,13.90,6.95,false,1,
7290108505726,false,אצבעות גבינת חצי קשה EURO CHEESE ויליפוד 200 גרם,ג.וילי-פוד אינטרנשיונל **גבינו,,,'יח,2,ל-100 גרם,false,1,13.90,6.95,false,1,
7290108505740,false,קשקבל גבינה חצי קשה EURO CHEESE ויליפוד 200 גרם,ג.וילי-פוד אינטרנשיונל **גבינו,,,'יח,2,ל-100 גרם,false,1,13.90,6.95,false,1,
7290108506426,false,סימיט בייגלה קפוא 400 גר` פינוקים וילי פ,ג.וילי-פוד אינטרנשיונל **גבינו,,,'יח,4,ל-100 גרם,false,1,16.90,4.23,true,1,
7290108506488,false,סופלה שוקולד קפוא 200 גר` וילי פוד,ג.וילי-פוד אינטרנשיונל **גבינו,,,'יח,2,ל-100 גרם,false,1,14.90,7.45,true,1,
7290108506495,false,"כנאפה מאפה בצק ""שערות"" קדאיף וגבינה",ג.וילי-פוד אינטרנשיונל **גבינו,,,'יח,1.9250,ל-100 גרם,false,1,13.90,7.22,true,1,
7290108506518,false,אצבעות בצק פילו ממולאות גבינה ותרד 500 ג' ויליפוד,ג.וילי-פוד אינטרנשיונל **גבינו,,,'יח,5,ל-100 גרם,false,12,16.90,3.38,false,1,
7290108507058,false,ביסקויט פריך בשוקולד חלב 100 גרם -קהילות,ג. וילי-פוד אינטרנשיונל בע`מ,,,'יח,1,ל-100 גרם,false,1,6.90,6.90,true,1,
7290108507188,false,כנאפה קפוא אריזה משפחתית 657.5 גרם,ג.וילי-פוד אינטרנשיונל **גבינו,,,'יח,6.57,ל-100 גרם,false,1,29.90,4.55,true,1,
7290108507287,false,סלק מבושל בוואקום 500 גרם ויליפוד,ביכורי השדה הצפון בעמ` 1964,,,'יח,0.45,ל-100 גרם,false,1,9.90,22,false,1,
7290108507645,false,ביסקויט פריך בשוקולד מריר 100 גרם -קהילות,ג. וילי-פוד אינטרנשיונל בע`מ,,,'יח,1,ל-100 גרם,false,1,6.90,6.90,true,1,
7290108507652,false,ביסקויט פריך בשוקולד לבן 100 גרם -קהילות,ג. וילי-פוד אינטרנשיונל בע`מ,,,'יח,1,ל-100 גרם,false,1,6.90,6.90,true,1,
7290108508031,false,אננס שלם 830 גרם ויליפוד,ג. וילי-פוד אינטרנשיונל בע`מ,,,'יח,8.30,ל-100 גרם,false,1,10.90,1.31,false,1,
7290108508499,false,"איירן משקה יוגורט בסגנון טורקי יורו 293 מ""ל",ג.וילי-פוד אינטרנשיונל **גבינו,,,'יח,2.93,"ל-100 מ""ל",false,1,4.90,1.67,true,1,
7290108508963,false,גבינת מוצרלה מגורדת 25% שומן( 200 גר`)יו,ג.וילי-פוד אינטרנשיונל **גבינו,,,'יח,2,ל-100 גרם,false,1,13.90,6.95,false,1,
7290108509106,false,"גבינה בולגרית מעודנת בקוביות 13% שומן 200 ג' חת""ס פ""ת",ג.וילי-פוד אינטרנשיונל **גבינו,,,'יח,2,ל-100 גרם,false,1,10.90,5.45,false,1,
7290108509113,false,"גבינה בולגרית מעודנת 18% שומן 250 גרם חת""ס פ""ת",ג.וילי-פוד אינטרנשיונל **גבינו,,,'יח,2.50,ל-100 גרם,false,1,10.90,4.36,false,1,
7290108509137,false,"גבינה בולגרית מעודנת 5% שומן 250 גרם חת""ס פ""ת",ג.וילי-פוד אינטרנשיונל **גבינו,,,'יח,2.50,ל-100 גרם,false,1,10.90,4.36,false,1,
7290108509199,false,גבינת פטה 17% שומן יורו 500 ג',ג.וילי-פוד אינטרנשיונל **גבינו,,,'יח,2.50,ל-100 גרם,false,1,21.90,8.76,true,1,
7290108509212,false,ויליפוד חטיף אורז אפוי בטעם ירקות לתינוקות 50 גר',ג. וילי-פוד אינטרנשיונל בע`מ,,,'יח,0.50,ל-100 גרם,false,1,11.90,23.80,false,1,
7290108509229,false,חטיף אורז בטעם בננה לתינוקות ויליפוד 50 גרם,ג. וילי-פוד אינטרנשיונל בע`מ,,,'יח,0.50,ל-100 גרם,false,1,11.90,23.80,false,1,
7290108509250,false,"אנטיפסטי ארטישוק+עגבניות מיובשות וצלפים בשמן חמניות 380 מ""ל",ג. וילי-פוד אינטרנשיונל בע`מ,,,'יח,5.30,ל-100 גרם,false,1,21.90,4.13,false,1,
7290108509267,false,ארוחת פסטה עם רוטב גבינה ויליפוד 206 גרם,ג. וילי-פוד אינטרנשיונל בע`מ,,,'יח,2.06,ל-100 גרם,false,1,8.90,4.32,true,1,
7290108509359,false,פופקורן בציפוי בטעם קרמל ויליפוד 90 גרם,ג. וילי-פוד אינטרנשיונל בע`מ,,,'יח,0.90,ל-100 גרם,false,1,6.90,7.67,true,1,
7290108509397,false,עלי בצק פילו(משולשים )360גרם ויליפוד,ג.וילי-פוד אינטרנשיונל **גבינו,,,'יח,4,ל-100 גרם,false,1,9.90,2.48,false,1,
7290108509571,false,גבינה פטה 24% עם צ'ילי ופפריקה 153 גרם ויליפוד,ג.וילי-פוד אינטרנשיונל **גבינו,,,'יח,1.53,ל-100 גרם,false,1,15.90,10.39,false,1,
7290108509588,false,גבינה פטה 24% עם עשבי תיבול 153 גרם ויליפוד,ג.וילי-פוד אינטרנשיונל **גבינו,,,'יח,1.53,ל-100 גרם,false,1,15.90,10.39,false,1,
7290108509595,false,גבינה פטה 24% עגבניות מיובשות וריחן 153 גרם ויליפוד,ג.וילי-פוד אינטרנשיונל **גבינו,,,'יח,1.53,ל-100 גרם,false,1,15.90,10.39,false,1,
7290108509700,false,אורז פרסי 1 קג`DAAWAT וילי פוד,ג. וילי-פוד אינטרנשיונל בע`מ,,,'יח,10,ל-100 גרם,false,1,9.90,0.99,false,1,
7290108509755,false,EURO גבינת חלומי 23% שומן 250 גרם,ג.וילי-פוד אינטרנשיונל **גבינו,,,'יח,2.50,ל-100 גרם,false,1,23.90,9.56,false,1,
7290108509762,false,חמאת בוטנים 340 גרם בית יוסף,ג. וילי-פוד אינטרנשיונל בע`מ,,,'יח,3.40,ל-100 גרם,false,1,9.90,2.91,false,1,
7290108509793,false,גליליות וופל במילוי שוקולד מריר 400 גרם חלבי,ג. וילי-פוד אינטרנשיונל בע`מ,,,'יח,4,ל-100 גרם,false,1,13.90,3.48,false,1,
7290108509816,false,גבינת בייבי מוצרלה EURO CHEESE ויליפוד 200 גרם,ג.וילי-פוד אינטרנשיונל **גבינו,,,'יח,2,ל-100 גרם,false,1,13.90,6.95,false,1,
7290108509830,false,פופקורן למיקרוגל בטעם שמנת חמוצה ובצל ויליפוד 100 גרם,ג. וילי-פוד אינטרנשיונל בע`מ,,,'יח,1,ל-100 גרם,false,1,2.90,2.90,false,1,
7290108509908,false,"מנת השף בשקית-איטריות בטעם ירקות 85 ג' חתם סופר ב""ב",ג. וילי-פוד אינטרנשיונל בע`מ,,,'יח,8.50,ל-100 גרם,false,1,3.90,0.46,true,1,
7290108509915,false,"מנת השף בשקית-איטריות בטעם סיני פיקנטי 85 ג' חתם סופר ב""ב",ג. וילי-פוד אינטרנשיונל בע`מ,,,'יח,8.50,ל-100 גרם,false,1,3.90,0.46,true,1,
7290108509922,false,מנתהשף אטריות להכנה מהירה טעם עוף ויליפוד 85 גרם,ג. וילי-פוד אינטרנשיונל בע`מ,,,'יח,8.50,ל-100 גרם,false,1,3.90,0.46,true,1,
7290108837155,false,צנצנת תחרה מתכת קטנה,ד.ג.ש ייבוא ושיווק בעמ,,,'יח,1,,false,1,9.90,9.90,false,1,
7290109351025,false,מלך החומוס חומוסטחינה 40% טחינה גולמית,קבוצת אוסם סחר שותפות מוגבלת,,,'יח,4,ל-100 גרם,false,1,14.90,3.73,false,1,
7290109351971,false,פריכיות דגנים פיטנס מצופות שוקולד חלב,קבוצת אוסם סחר שותפות מוגבלת,,,'יח,0.84,ל-100 גרם,false,1,13.80,16.43,false,1,
7290109358130,false,מאגדת לה פרוטה יוגורט אננס פסיפלורה מנגו,נגה גלידות שותפות מוגבלת,,,'יח,0.60,ל-100 גרם,false,1,19.90,33.17,false,1,
7290109358260,false,"נקניקיות עם חלבון 600 גר' ""טבעול""",קבוצת אוסם סחר-שות.מוגבלת,,,'יח,6,ל-100 גרם,false,1,29.90,4.98,true,1,
7290109358284,false,"שניצל תירס עם חלבון 664 גר' ""טבעול""",קבוצת אוסם סחר שותפות מוגבלת,,,'יח,6.6440,ל-100 גרם,false,1,29.90,4.50,true,1,
7290109358482,false,עוגיות קרמוגית במילוי קרם בטעם חלבה,קבוצת אוסם סחר שותפות מוגבלת,,,'יח,2,ל-100 גרם,false,1,10.90,5.45,true,1,
7290109492414,false,סכיני מטבח שישייה שח,הום פרפקט ק.ד.מ בעמ,,,'יח,1,,false,1,14.90,14.90,true,1,
7290109580043,false,"שניצל תירס קלאסי זוגלובק 1.75 ק""ג",נקניק זוגלובק נהריה,,,'יח,17.50,ל-100 גרם,false,1,49.90,2.85,false,1,
7290109580241,false,נאגטס מן הצומח זוגלובק 500 גרם,נקניק זוגלובק נהריה,,,'יח,5,ל-100 גרם,false,1,23.90,4.78,false,1,
7290109580432,false,פסטרמה חזה הודו מעושן דק דק זוגלובק 120 גרם,נקניק זוגלובק נהריה,,,'יח,1.20,ל-100 גרם,false,1,14.90,12.42,true,1,
7290109640372,false,ממרח עם זיתים על בסיס רכיבי קוקוס 9%,קפוא זן תעשיות מזון בעמ,,,'יח,2,ל-100 גרם,false,1,15.90,7.95,false,1,
7290109920603,false,"אסטוניש קרם לניקוי המטבח 500 מ""ל",יעקב יעקבי ובניו בע`מ,,,'יח,5.50,"ל-100 מ""ל",false,1,11.90,2.16,false,1,
7290110110277,false,"סומרסבי סיידר תפוחים אלכוהולי 4*300 מ""ל",החברה המרכזית להפצת משקאות בעמ,,,'יח,10,"ל-100 מ""ל",false,1,29.90,2.87,false,1,
7290110110574,false,פחית קוקה קולה סליק זירו לימון 330 מל,החברה המרכזית להפצת משקאות בעמ,,,'יח,3.30,"ל-100 מ""ל",false,24,4.90,1.39,true,1,
7290110110659,false,"ספרייט לימון ליים פחית 330מ""ל",החברה המרכזית להפצת משקאות בעמ,,,'יח,3.30,"ל-100 מ""ל",false,24,4.90,1.39,true,1,
7290110114787,false,נביעות+ מים מינרליים בטעם תפוח 1.5 ליטר,החברה המרכזית להפצת משקאות בעמ,,,'יח,15,"ל-100 מ""ל",false,12,9.90,0.64,false,1,
7290110114794,false,נביעות+ מים מינרליים בטעם אפרסק 1.5 ליטר,החברה המרכזית להפצת משקאות בעמ,,,'יח,15,"ל-100 מ""ל",false,12,9.90,0.64,false,1,
7290110114800,false,נביעות+ מים מינרליים בטעם ענבים 1.5 ליטר,החברה המרכזית להפצת משקאות בעמ,,,'יח,15,"ל-100 מ""ל",false,12,9.90,0.64,false,1,
7290110114855,false,"נביעות מים מינרליים, שישיה 6 * 1.5 ליטר פקדון",החברה המרכזית להפצת משקאות בעמ,,,'יח,90,"ל-100 מ""ל",false,1,12.90,0.12,false,1,
7290110114893,false,מיץ תפוזים מפוסטר סחוט 2 ליטר,*החברה המרכזית להפצת משקאותבעמ,,,'יח,20,"ל-100 מ""ל",false,1,28.90,1.43,true,1,
7290110114954,false,מיץ תפוזים מתקתקים פריגת 2 ליטר,*החברה המרכזית להפצת משקאותבעמ,,,'יח,4,"ל-100 מ""ל",false,1,21.90,5.40,false,1,
7290110114961,false,משקה קל בטעם תפוזים פריגת (1.5 ליטר),החברה המרכזית להפצת משקאות בעמ,,,'יח,15,"ל-100 מ""ל",false,12,9.50,0.61,false,1,
7290110114985,false,משקה קל בטעם אשכוליות פריגת (1.5 ליטר),החברה המרכזית להפצת משקאות בעמ,,,'יח,15,"ל-100 מ""ל",false,12,9.50,0.61,false,1,
7290110114992,false,משקה קל בטעם אשכוליות לייט פריגת (1.5 לי,החברה המרכזית להפצת משקאות בעמ,,,'יח,15,"ל-100 מ""ל",false,12,8.90,0.57,false,1,
7290110115005,false,משקה קל בטעם ענבים פריגת (1.5 ליטר),החברה המרכזית להפצת משקאות בעמ,,,'יח,15,"ל-100 מ""ל",false,12,9.50,0.61,false,1,
7290110115036,false,משקה קל בטעם מנגו פריגת (1.5 ליטר),החברה המרכזית להפצת משקאות בעמ,,,'יח,15,"ל-100 מ""ל",false,12,9.50,0.61,false,1,
7290110115043,false,משקה קל בטעם לימונענע פריגת (1.5 ליטר),החברה המרכזית להפצת משקאות בעמ,,,'יח,15,"ל-100 מ""ל",false,12,9.50,0.61,false,1,
7290110115050,false,משקה קל בטעם תות בננה פריגת (1.5 ליטר),החברה המרכזית להפצת משקאות בעמ,,,'יח,15,"ל-100 מ""ל",false,12,9.50,0.61,false,1,
7290110115081,false,פריגת צלול ענבים 1.5 ליטר פיקדון,החברה המרכזית להפצת משקאות בעמ,,,'יח,15,"ל-100 מ""ל",false,1,7.90,0.51,false,1,
7290110115104,false,פריגת צלול אפרסק 1.5 ליטר פיקדון,החברה המרכזית להפצת משקאות בעמ,,,'יח,15,"ל-100 מ""ל",false,1,7.90,0.51,false,1,
7290110115111,false,פריגת צלול אננס 1.5 ליטר פיקדון,החברה המרכזית להפצת משקאות בעמ,,,'יח,15,"ל-100 מ""ל",false,12,7.90,0.51,false,1,
7290110115203,false,קוקה קולה 1.5 ליטר פיקדון,החברה המרכזית להפצת משקאות בעמ,,,'יח,15,"ל-100 מ""ל",false,12,8.90,0.57,false,1,
7290110115210,false,קוקה קולה דיאט 1.5 ליטר פיקדון,החברה המרכזית להפצת משקאות בעמ,,,'יח,10,"ל-100 מ""ל",false,12,8.40,0.81,false,1,
7290110115227,false,קוקה קולה Zero בקבוק 1.5 ליטר פיקדון,החברה המרכזית להפצת משקאות בעמ,,,'יח,15,"ל-100 מ""ל",false,1,8.40,0.54,false,1,
7290110115234,false,קוקה קולה דיאט זירו 1.5 ליטר פיקדון,החברה המרכזית להפצת משקאות בעמ,,,'יח,15,"ל-100 מ""ל",false,12,8.40,0.54,false,1,
7290110115265,false,ספרייט לימון ליים 1.5 ליטר-,החברה המרכזית להפצת משקאות בעמ,,,'יח,15,"ל-100 מ""ל",false,12,8.90,0.57,true,1,
7290110115272,false,ZERO ספרייט 1.5 ליטר פיקדון,החברה המרכזית להפצת משקאות בעמ,,,'יח,15,"ל-100 מ""ל",false,12,8.80,0.57,true,1,
7290110115289,false,ספרייט 19 קל' לימון-נענע 1.5 ליטר פיקדון,החברה המרכזית להפצת משקאות בעמ,,,'יח,15,"ל-100 מ""ל",false,12,8.90,0.57,true,1,
7290110115296,false,גזוז בטעם תפוז פאנטה 1.5 ליטר פיקדון,החברה המרכזית להפצת משקאות בעמ,,,'יח,15,"ל-100 מ""ל",false,12,8.90,0.57,false,1,
7290110115302,false,משקה מוגז אורנג' זירו פאנטה 1.5 ליטר,החברה המרכזית להפצת משקאות בעמ,,,'יח,15,"ל-100 מ""ל",false,12,8.40,0.54,false,1,
7290110115319,false,פאנטה אקזוטי פירות טרופיים 1.5ל פיקדון,החברה המרכזית להפצת משקאות בעמ,,,'יח,15,"ל-100 מ""ל",false,12,8.90,0.57,false,1,
7290110115333,false,גזוז בטעם תות פאנטה 1.5 ליטר פיקדון,החברה המרכזית להפצת משקאות בעמ,,,'יח,15,"ל-100 מ""ל",false,1,8.90,0.57,false,1,
7290110115357,false,קינלי סודה 1.5 ליטר פיקדון,החברה המרכזית להפצת משקאות בעמ,,,'יח,15,"ל-100 מ""ל",false,12,4.20,0.26,false,1,
7290110115364,false,קוקה קולה שישיות 1.5 ליטר פיקדון,החברה המרכזית להפצת משקאות בעמ,,,'יח,90,"ל-100 מ""ל",false,1,51.90,0.56,false,1,
7290110115388,false,ספרייט לימון ליים 1.5 ליטר מארז שישייה,החברה המרכזית להפצת משקאות בעמ,,,'יח,90,"ל-100 מ""ל",false,1,51.90,0.56,false,1,
7290110115395,false,ספרייט זירו שישיות 1.5 ליטר פיקדון,החברה המרכזית להפצת משקאות בעמ,,,'יח,90,"ל-100 מ""ל",false,1,49.90,0.53,false,1,
7290110115401,false,קינלי סודה שישייה 1.5 ליטר פיקדון,החברה המרכזית להפצת משקאות בעמ,,,'יח,90,"ל-100 מ""ל",false,1,15.90,0.16,false,1,
7290110115418,false,קוקה קולה זירו 1.5 ליטר מארז שישייה,החברה המרכזית להפצת משקאות בעמ,,,'יח,90,"ל-100 מ""ל",false,1,49.90,0.53,false,1,
7290110115449,false,פיוז-טי תה מנגו אננס 1.5 ליטר פיקדון,החברה המרכזית להפצת משקאות בעמ,,,'יח,15,"ל-100 מ""ל",false,12,9.20,0.59,false,1,
7290110115463,false,פיוז-טי תה אפרסק 1.5 ליטר פיקדון,החברה המרכזית להפצת משקאות בעמ,,,'יח,15,"ל-100 מ""ל",false,12,8.90,0.57,false,1,
7290110115494,false,תה קר בטעם ענבים פיוז טי 1.5 ליטר,החברה המרכזית להפצת משקאות בעמ,,,'יח,15,"ל-100 מ""ל",false,12,8.90,0.57,false,1,
7290110115623,false,פיוז-טי תה אפרסק זירו 1.5 ליטר פיקדון,החברה המרכזית להפצת משקאות בעמ,,,'יח,15,"ל-100 מ""ל",false,12,8.90,0.57,false,1,
7290110115968,false,משקה קוקה קולה 1 ליט,החברה המרכזית להפצת משקאות בע`,,,'יח,10,"ל-100 מ""ל",false,1,7.90,0.76,false,1,
7290110116064,false,פאנטה זירו בטעם פירות ירוק 1.5 ל פיקדון,החברה המרכזית להפצת משקאות בעמ,,,'יח,15,"ל-100 מ""ל",false,12,8.90,0.57,false,1,
7290110116194,false,נביעות+ סדרת 0 קלוריות לימון-ליים 1.5 ליטר,החברה המרכזית להפצת משקאות בעמ,,,'יח,15,"ל-100 מ""ל",false,12,9.90,0.64,false,1,
7290110116217,false,נביעות+ סדרת 0 קלוריות אשכוליות 1.5 ליטר,החברה המרכזית להפצת משקאות בעמ,,,'יח,15,"ל-100 מ""ל",false,12,9.90,0.64,false,1,
7290110116316,false,קוקה קולה 1.5 ליטר מארז שישייה חג שמח,החברה המרכזית להפצת משקאות בעמ,,,'יח,90,"ל-100 מ""ל",false,1,51.90,0.56,false,1,
7290110116323,false,קוקה קולה זירו 1.5 ליטר מארז שישייה חג ש,החברה המרכזית להפצת משקאות בעמ,,,'יח,90,"ל-100 מ""ל",false,1,49.90,0.53,false,1,
7290110116385,false,"פחיות סטפאני מרשמלו אבטיח תות זירו 330 מ""ל",החברה המרכזית להפצת משקאות בעמ,,,'יח,3.30,"ל-100 מ""ל",false,24,4.20,1.18,true,1,
7290110116507,false,פריגת סחוט מיקס אננס בננה אגס 1ליטר,*החברה המרכזית להפצת משקאותבעמ,,,'יח,1,לליטר,false,1,17.90,17.90,false,1,
7290110116552,false,ספרייט לימון היט 1.5 ליטר LIME פיקדון,החברה המרכזית להפצת משקאות בעמ,,,'יח,15,"ל-100 מ""ל",false,12,8.90,0.57,true,1,
7290110116569,false,ספרייט זירו 1.5 ליטר LEMON HIT פיקדון,החברה המרכזית להפצת משקאות בעמ,,,'יח,15,"ל-100 מ""ל",false,12,8.80,0.57,true,1,
7290110320591,false,גבינה בולגרית במרקם מעודן 16% פיראוס,"תנובה בע""מ ***",,,'יח,2.50,ל-100 גרם,false,1,22.90,9.16,false,1,
7290110320683,false,שמיניית משקה יוגורט 1.5% טעם תות יופלה 107 גרם,מיוצר עי קונדיטוריית,,,'יח,8,"ל-100 מ""ל",false,1,16.90,2.11,false,1,
7290110320850,false,פתיתים גבינה חצי קשה מגורדת 28% שומן,תנובה מרכז שיתופי לש,,,'יח,2,ל-100 גרם,false,1,15.20,7.60,false,1,
7290110320867,false,פתיתים גבינה חצי קשה מגורדת 28% שומן,תנובה מרכז שיתופי לש,,,'יח,2,ל-100 גרם,false,1,34.90,17.45,false,1,
7290110320935,false,פרוסות מוצרלה 150 גר`קולקשיין תנובה,תנובה מרכז שיתופי לש,,,'יח,1.50,ל-100 גרם,false,1,16.90,11.27,false,1,
7290110321277,false,קוטג בקטנה 5%. 100 גרם מהדרין תנובה,פארייפאבה אגרואינדוס,,,'יח,0.80,ל-100 גרם,false,1,2.50,3.13,false,1,
7290110321284,false,קוטג' בקטנה 9% תנובה 100 גרם מהדרין,פארייפאבה אגרואינדוס,,,'יח,0.80,ל-100 גרם,false,1,2.50,3.13,false,1,
7290110321604,false,קוביות פיראוס בולגרית מעודנת 5% 200 גרם - רבנות,"תנובה בע""מ ***",,,'יח,2,ל-100 גרם,false,1,21.90,10.95,false,1,
7290110321697,false,יוגורט GO בטעם אפרסק 20 גרם חלבון בגביע,מיוצר עי קונדיטוריית,,,'יח,2,ל-100 גרם,false,1,5.90,2.95,false,1,
7290110321703,false,יוגורט עם פירות יער בתוספת חלבוני חלב 2% שומן,מיוצר עי קונדיטוריית,,,'יח,1.50,ל-100 גרם,false,1,5.90,3.93,false,1,
7290110322014,false,טופו בטעם טבעי תנובה ALTERNATIVE,שוורצקוף& הנקל דיסלד,,,'יח,3,ל-100 גרם,false,1,12.90,4.30,false,1,
7290110322021,false,"תנובה טופו בזיליקום 300 גר' בד""צ",שוורצקוף& הנקל דיסלד,,,'יח,3,ל-100 גרם,false,1,12.90,4.30,false,1,
7290110322038,false,טופו בטעם פיקנטי 300 גר`תנובה,תנובה Alternative,,,'יח,3,ל-100 גרם,false,1,12.90,4.30,false,1,
7290110322946,false,יופלה טיוב יוגורט במרקם חלק בטעם תות בננה כשרות רבנות 348 ג',תנובה - חלב,,,'יח,3.48,ל-100 גרם,false,1,12.90,3.71,false,1,
7290110323073,false,"משקה יוגורט יופלה גו תות פטל 250 מ""ל - רבנות",מיוצר עי קונדיטוריית,,,'יח,2.50,"ל-100 מ""ל",false,1,6.50,2.60,false,1,
7290110323592,false,יוגורט GO לייט בטעם אפרסק 20 גרם חלבון בגביע,תנובה בעמ ***,,,'יח,2,ל-100 גרם,false,1,5.90,2.95,false,1,
7290110324353,false,יוגורט GO לייט בטעם אננס 20 גרם חלבון בגביע,מיוצר עי קונדיטוריית,,,'יח,1.70,ל-100 גרם,false,1,5.90,3.47,false,1,
7290110324551,false,יופלה טיוב יוגורט במרקם חלק תות כשרות מהדרין,"תנובה בע""מ ***",,,'יח,3.48,"ל-100 מ""ל",false,1,12.90,3.71,false,1,
7290110324872,false,גבינה צהובה גלבוע (5% 200 גר`)תנובה,גלבוע - תנובה,,,'יח,2,ל-100 גרם,false,1,17.90,8.95,false,1,
7290110324926,false,משקה סויה ללא תוספת סוכר E אלטרנטיב,תנובה מרכז שיתופי לש,,,'יח,10,"ל-100 מ""ל",false,1,10.90,1.09,false,1,
7290110325114,false,"משקה יוגורט יופלה גו לייט תות בננה 250 מ""ל - רבנות",מיוצר עי קונדיטוריית,,,'יח,2.50,"ל-100 מ""ל",false,1,6.50,2.60,false,1,
7290110325619,false,משקה שיבולת שועל תנובה E אלטרנטיב,מיוצר עי קונדיטוריית,,,'יח,10,"ל-100 מ""ל",false,1,11.90,1.19,false,1,
7290110325701,false,פיראוס צזיקי יווני 9% שומן בשיטת יצור מסורתית על בסיס יוגורט,גוד פוד פרודקטס S.p,,,'יח,2.50,ל-100 גרם,false,1,12.90,5.16,false,1,
7290110325893,false,משקה חלב GO מועשר בחלבון בטעם אייס קפה,מיוצר עי קונדיטוריית,,,'יח,3.50,"ל-100 מ""ל",false,1,7.90,2.26,false,1,
7290110326234,false,יופלה און טופ כוכבים תנובה 157 גרם,מיוצר עי קונדיטוריית,,,'יח,1.57,"ל-100 מ""ל",false,1,5.50,3.50,false,1,
7290110326333,false,פרוסות גבינה סקנדינבית 170 גר`קולקשיין,"תנובה בע""מ ***",,,'יח,2,ל-100 גרם,false,1,19.90,9.95,false,1,
7290110326876,false,לאבנה עיזים 250 גרם,תנובה בעמ ***,,,'יח,2.50,ל-100 גרם,false,1,16.90,6.76,false,1,
7290110327514,false,alternative משקה שיבולת שועל בטעם אגוזי לוז תנובה 1 ליטר,תנובה מרכז שיתופי לש,,,'יח,10,"ל-100 מ""ל",false,1,11.90,1.19,false,1,
7290110327798,false,חטיף חלבון GO - שוקולד 60 ג' חלב נוכרי - רבנות,"בלמונט קונפקציות בע""\מ.",,,'יח,1,ל-100 גרם,false,1,11.90,11.90,true,1,
7290110327811,false,חטיף חלבון GO בטעם בצק קוקוס 20 גר`חלבו,"בלמונט קונפקציות בע""\מ.",,,'יח,1,ל-100 גרם,false,1,11.90,11.90,true,1,
7290110327828,false,חטיף חלבון GO - חמאת בוטנים 60 ג' חלב נוכרי - רבנות,"בלמונט קונפקציות בע""\מ.",,,'יח,1,ל-100 גרם,false,1,11.90,11.90,true,1,
7290110328504,false,טריו - מיקס גבינות מוצרלה סקנדינבית וגאודה 300 גרם,מיוצר עי קונדיטוריית,,,'יח,3,ל-100 גרם,false,1,24.90,8.30,false,1,
7290110328627,false,יוגורט יופלה GO במרקם סמיך בטעם בננה קרמל 0%,מיוצר עי קונדיטוריית,,,'יח,2,ל-100 גרם,false,1,5.90,2.95,false,1,
7290110328771,false,יוגורט יופלה GO במרקם סמיך עם פירות יער 0%,מיוצר עי קונדיטוריית,,,'יח,2,ל-100 גרם,false,1,5.90,2.95,false,1,
7290110328788,false,יוגורט יופלה GO במרקם סמיך בטעם אפרסק 0%,תנובה מרכז שיתופי לש,,,'יח,2,ל-100 גרם,false,1,5.90,2.95,false,1,
7290110329136,false,מעדן חלב מעושר בחלבון בטעם שוקולד 120 ג' GO,תנובה מרכז שיתופי לש,,,'יח,1.50,ל-100 גרם,false,1,4.90,3.27,false,1,
7290110329143,false,מעדן חלב מעושר בחלבון בטעם וניל גביע 120 ג' GO,תנובה מרכז שיתופי לש,,,'יח,1.50,ל-100 גרם,false,1,4.90,3.27,false,1,
7290110329686,false,משקה GO חלב בטעם עוגיות 27 גר`חלבון,מיוצר עי קונדיטוריית,,,'יח,3.50,"ל-100 מ""ל",false,1,7.90,2.26,false,1,
7290110329716,false,משקה חלב קר בטעם קפוצ'ינו 230 גרם תנובה,תנובה מרכז שיתופי לש,,,'יח,2.30,ל-100 גרם,false,1,7.90,3.43,false,1,
7290110329723,false,משקה חלב קר בטעם לאטה 230 גרם תנובה,תנובה מרכז שיתופי לש,,,'יח,2.30,ל-100 גרם,false,1,7.90,3.43,false,1,
7290110329792,false,יוגורט סויה BIO Alternative אפרסק 150 ג' תנובה,מיוצר עי קונדיטוריית,,,'יח,1.50,ל-100 גרם,false,1,4.90,3.27,false,1,
7290110329815,false,סויה BIO מתיקות מעודנת גביע 150 גרם אלטרנטיב,מיוצר עי קונדיטוריית,,,'יח,1.50,ל-100 גרם,false,1,4.90,3.27,false,1,
7290110552220,false,יוגורט PRO בטעם תות 0% סוכר לבן 20 גרם חלבון בגביע,שטראוס גרופ בעמ/מצונן,,,'יח,1.55,"ל-100 מ""ל",false,12,5.90,3.81,false,1,
7290110552237,false,יוגורט פרו בטעם אפרסק מנגו ללא סוכר 200 ג' דנונה,שטראוס גרופ בעמ/מצונן,,,'יח,1.55,"ל-100 מ""ל",false,12,5.90,3.81,false,1,
7290110553340,false,נמס מילקשייק- אבקה להכנת משקה קר בטעם מלבי,"שטראוס גרופ בע""מ",,,'יח,2,ל-100 גרם,false,1,13.90,6.95,false,1,
7290110553623,false,צ'יטוס קראנצ'י בטעם צ'דר חלפיניו - חלבי,"שטראוס פריטו ליי בע""\מ )",,,'יח,0.80,ל-100 גרם,false,1,4.90,6.13,false,1,
7290110554101,false,"סירופ מייפל בפאוץ' יד מרדכי 125 מ""ל",שטראוס גרופ בע`מ,,,'יח,1.25,"ל-100 מ""ל",false,1,15.90,12.72,false,1,
7290110554422,false,פומודורו רוטב עגבניות ופלפלים לשקשוקה לפסטה יד מרדכי 350 גרם,אמיליאנה קונסרב סוסייטה,,,'יח,3.50,ל-100 גרם,false,1,10.90,3.11,true,1,
7290110554545,false,קפסולת אספרסו לאפוגטו טעם קוקוס 50 ג' עלית,שטראוס קפה בי.וי.,,,'יח,0.50,ל-100 גרם,false,12,16.90,33.80,false,1,
7290110554583,false,מארז חטיפי צ'יטוס פאפס בטעם גבינה - 10 יחידות,"שטראוס פריטו ליי בע""\מ )",,,'יח,2,ל-100 גרם,false,1,13.90,6.95,false,1,
7290110556242,false,"שוקולד מריר פרווה 100 גר' בד""ץ תוצרת חוץ","שטראוס גרופ בע""מ.",,,'יח,1,ל-100 גרם,false,1,5.90,5.90,true,1,
7290110557027,false,חומוס עשיר 50% טחינה גולמית 400 ג' אחלה,שטראוס גרופ בעמ/מצונן,,,'יח,4,ל-100 גרם,false,6,14.90,3.73,false,1,
7290110557102,false,מעדן חלב עם שוקולד מועשר בחלבון 150 ג' שטראוס,שטראוס גרופ בעמ/מצונן,,,'יח,1.50,ל-100 גרם,false,24,5.90,3.93,true,1,
7290110557133,false,מעדן הגולן וניל 125 ג' שטראוס,שטראוס גרופ בעמ/מצונן,,,'יח,1.25,ל-100 גרם,false,1,2.90,2.32,true,1,
7290110557478,false,חומוס גלילי במרקם מעודן 600 גרם,שטראוס גרופ בעמ/מצונן,,,'יח,6,ל-100 גרם,false,1,12.90,2.15,true,1,
7290110558222,false,"וואו יוגורט עם שכבה בטעם בנופי פאי 5.4%, 150ג דנונה",שטראוס גרופ בעמ/מצונן,,,'יח,1.50,"ל-100 מ""ל",false,12,4.90,3.27,false,1,
7290110558239,false,"וואו יוגורט עם שכבה בטעם קראק פאי 5.4%, 150 ג דנונה",שטראוס גרופ בעמ/מצונן,,,'יח,1.50,"ל-100 מ""ל",false,12,4.90,3.27,false,1,
7290110558284,false,דנונה ביו מולטי שטראוס 200 גרם,שטראוס גרופ בעמ/מצונן,,,'יח,2,ל-100 גרם,false,3,4.90,2.45,false,1,
7290110558307,false,יוגורט דנונה PRO עם שיבולת שועל במתיקות מעודנת,שטראוס גרופ בעמ/מצונן,,,'יח,2,ל-100 גרם,false,1,6.30,3.15,false,1,
7290110558314,false,דנונה פרו 20 גרם חלבון ללא סוכר פיסטוק 200 גרם,שטראוס גרופ בעמ/מצונן,,,'יח,1.50,"ל-100 מ""ל",false,12,5.90,3.93,false,1,
7290110558666,false,מעדן גבינה בטעם תפוח 88 ג' דניאלה,שטראוס גרופ בעמ/מצונן,,,'יח,1.50,"ל-100 מ""ל",false,24,4.30,2.87,false,1,
7290110559007,false,"שועועית חומה טעם הטבע קופסה, 380 גרם",שטראוס גרופ בע`מ,,,'יח,3.80,ל-100 גרם,false,1,6.90,1.82,true,1,
7290110559014,false,שעועית שחורה מבושלת טעם הטבע 380 גרם,שטראוס גרופ בע`מ,,,'יח,3.80,ל-100 גרם,false,1,6.90,1.82,false,1,
7290110559748,false,ריל מאגדת שקדים קוקוס ושוקולד מריר שטראוס 105 גרם,"ואמואליס פודס אס.איי,",,,'יח,1,ל-100 גרם,false,1,13.90,13.90,false,1,
7290110560300,false,"הפריכיות הטעימות חומוס, עדשים שחורות, קינואה ופלפל שחור",אנרג'י Energy - שטראוס,,,'יח,0.30,ל-100 גרם,false,24,4.90,16.33,false,1,
7290110560317,false,"הפריכיות הטעימות חומוס, עדשים שחורות, קינואה ומלח ים","פרח תעשיו מזון בע""מ",,,'יח,0.30,ל-100 גרם,false,24,4.90,16.33,false,1,
7290110560324,false,"הפריכיות הטעימות תפו""א, אורז, אפונה ומלח ים","פרח תעשיו מזון בע""מ",,,'יח,0.30,ל-100 גרם,false,24,4.90,16.33,false,1,
7290110561352,false,דנונה יוגורט ביו פרוביוטי 3% דל לקטוז 150ג',שטראוס גרופ בעמ/מצונן,,,'יח,2,"ל-100 מ""ל",false,24,3.70,1.85,false,1,
7290110561604,false,מארז 8 יחידות מעדן גמדים בטעם תות בננה,שטראוס גרופ בעמ/מצונן,,,'יח,8,ל-100 גרם,false,6,19.90,2.49,false,1,
7290110563462,false,חלב 2% דל לקטוז בבקבוק יטבתה 1 ליטר.,שטראוס גרופ בעמ/מצונן,,,'יח,10,"ל-100 מ""ל",false,12,7.90,0.79,false,1,
7290110564339,false,חומוס אחלה הסידרה המובחר 30% טחינה 400 גר',שטראוס גרופ בעמ/מצונן,,,'יח,4,ל-100 גרם,false,6,14.90,3.73,false,1,
7290110564360,false,חומוס אחלה הסידרה המובחר 40% טחינה 400 גר',שטראוס גרופ בעמ/מצונן,,,'יח,4,ל-100 גרם,false,6,14.90,3.73,false,1,
7290110565435,false,מעדן ג`לי בטעם פטל חלבי שטראוס (125 גרם,שטראוס גרופ בעמ/מצונן,,,'יח,1.25,ל-100 גרם,false,24,2.20,1.76,true,1,
7290110565527,false,יוגורט PRO פרו 1.5% 20 גרם חלבון בגביע,שטראוס גרופ בעמ/מצונן,,,'יח,1.50,"ל-100 מ""ל",false,12,5.90,3.93,false,1,
7290110566623,false,קפסולות קולומביה עלית 08 למכונת נספרסו מארז 5X10ג',שטראוס קפה בי.וי.,,,'יח,0.50,ל-100 גרם,false,12,16.90,33.80,true,1,
7290110566975,false,דנונה פרו יוגורט 0% תות עשיר בחלבון 200ג',שטראוס גרופ בעמ/מצונן,,,'יח,1.55,"ל-100 מ""ל",false,12,5.90,3.81,false,1,
7290110568276,false,משקה וניל פרו Pro מועשר בחלבון 1.5%,שטראוס גרופ בעמ/מצונן,,,'יח,3.50,"ל-100 מ""ל",false,6,6.40,1.83,false,1,
7290110570576,false,פולי אספרסו עשירים וארומטיים עוצמה 10 עלית 500 גרם,שטראוס גרופ בע`מ,,,'יח,5,ל-100 גרם,false,1,36.90,7.38,false,1,
7290110571184,false,עדשים חומות 380 גר` טעם הטבע שטראוס,"שטראוס גרופ בע""מ",,,'יח,3.80,ל-100 גרם,false,1,6.90,1.82,true,1,
7290110571382,false,מעדן חלב בטעם וניל מעושר בחלבון 150 ג' שטראוס,שטראוס גרופ בעמ/מצונן,,,'יח,1.50,ל-100 גרם,false,24,5.90,3.93,true,1,
7290110571405,false,עלית - מיני פינוקיות בגביע פסק זמן 180 גרם,שטראוס גרופ בע`מ,,,'יח,1.80,ל-100 גרם,false,1,9.90,5.50,false,1,
7290110572129,false,כיף כף מקלות שוקולד לבן 40 ג' עלית,סולן בעבור שטראוס,,,'יח,0.40,ל-100 גרם,false,8,4.90,12.25,true,1,
7290110572884,false,"קפסולות קפה מספר 20 למכונת אספרס אספרסו, 50 גרם",שטראוס קפה בי.וי.,,,'יח,3.90,ל-100 גרם,false,1,16.90,4.33,true,1,
7290110572969,false,כיף כף פצפצים עלית קרם לבן (40 גר`),שולן צ'\יקולטה גידה סאן.,,,'יח,0.40,ל-100 גרם,false,12,4.90,12.25,true,1,
7290110572976,false,כיף כף גביע פצפוצים קרם לבן 135 גרם,שולן צ'יקולטה גידה ס,,,'יח,1.35,ל-100 גרם,false,24,9.90,7.33,true,1,
7290110576318,false,מאגדת שלישיית שוקולד אגוז לבן 300 ג' עלית,"שטראוס גרופ בע""מ",,,'יח,3,ל-100 גרם,false,1,21.90,7.30,true,1,
7290110576356,false,"שוקולד ספלנדיד מריר 64% - חלבי , מפולי קקאו מפרו",שטראוס גרופ בע`מ,,,'יח,1,,false,1,8.90,8.90,true,1,
7290110576363,false,"שוקולד ספלנדיד מריר 80% חלבי ,פולי קקאו מאוגנדה",שטראוס גרופ בע`מ,,,'יח,1,,false,1,8.90,8.90,true,1,
7290110576370,false,מארז שלישייה שוקולד מריר חלבי עם אגוזי לוז,שטראוס גרופ בע`מ,,,'יח,3,ל-100 גרם,false,1,21.90,7.30,true,1,
7290110576387,false,מאגדת שלישיית שוקולד אגוז חלב 300 ג' עלית,שטראוס גרופ בע`מ,,,'יח,3,ל-100 גרם,false,1,21.90,7.30,true,1,
7290110576752,false,טבלאות שוקולד ספלנדיד מריר 70% 100 ג' עלית,"שטראוס גרופ בע""מ",,,'יח,1,,false,12,11.90,11.90,false,1,
7290110576776,false,טבלאות שוקולד ספלנדיד מריר 85% 100 ג' עלית,שטראוס גרופ בע`מ,,,'יח,1,,false,12,11.90,11.90,false,1,
7290110576790,false,סקי בטעם מוקה 3% (125 גר`) דנונה,שטראוס גרופ בעמ/מצונן,,,'יח,1.25,ל-100 גרם,false,24,3.90,3.12,false,1,
7290110576868,false,רבעיית גמדים סלט פירוט * 100 ג' שטראוס,שטראוס גרופ בעמ/מצונן,,,'יח,4,"ל-100 מ""ל",false,12,11.90,2.98,true,1,
7290111097041,false,מגבונים בייביסיטר מבושם שמינייה,קיבוץ עמיר dpl,,,'יח,1,'יח,false,1,19.90,19.90,false,1,
7290111285356,false,צלחת במבוק 23 סמ סמי הכבאי,שמחה זה אנחנו בע`מ,,,'יח,1,,false,1,10.90,10.90,false,1,
7290111285363,false,צלחת במבוק מיניונים '9,שמחה זה אנחנו בע`מ,,,'יח,1,,false,1,10.90,10.90,false,1,
7290111285547,false,כוס במבוק מיניונים,שמחה זה אנחנו בע`מ,,,'יח,1,,false,1,7.90,7.90,false,1,
7290111340185,false,מטליות לחות רצפה ניחוח מרכך כביסה ניקול 10 יחידות,קימברלי קלארק ישראל שיווק בעמ,,,'יח,1,,false,12,10.90,10.90,true,1,
7290111340956,false,ניקול מטליות לחות לרצפה בניחוח פריחה לבנה,קימברלי קלארק ישראל שיווק בעמ,,,'יח,1,,false,1,11.90,11.90,true,1,
7290111341984,false,לילי - מגבוני נייר טואלט לח פיור רביעייה,קימברלי קלארק ישראל שיווק בעמ,,,'יח,1,ל-100 גרם,false,1,19.90,19.90,false,1,
7290111342004,false,מגבוני נייר טואלט לחים 56 דף דיספנסר,קימברלי קלארק ישראל שיווק בעמ,,,'יח,0.59,ל-100 גרם,false,16,7.90,13.39,false,1,
7290111342738,false,לילי - מגבוני נייר טואלט לח קידס רביעייה,קימברלי קלארק ישראל שיווק בעמ,,,'יח,1,ל-100 גרם,false,1,19.90,19.90,false,1,
7290111343117,false,קלינקס ממחטות לושן סופט פק זוגות 140דף,קימברלי קלארק ישראל שיווק בעמ,,,'יח,1,ל-100 גרם,false,1,13.90,13.90,true,1,
7290111344206,false,האגיס נטורל קר מגבונים לחים בבישום עדין רביעייה,קימברלי קלארק ישראל שיווק בעמ,,,'יח,1,'יח,false,6,19.90,19.90,false,1,
7290111344701,false,ניקול שקיות אוכל סנדויצון מניונים 250 יחידות,קימברלי קלארק ישראל שיווק בעמ,,,'יח,1,'יח,false,1,12.90,12.90,false,1,
7290111344855,false,קוטקס - מגיני יום אקסטרא פרוטקט לארג' ביג 52 יח',קימברלי קלארק ישראל שיווק בעמ,,,'יח,0,ל-100 גרם,false,12,17.90,17.90,false,1,
7290111346088,false,נייר טואלט מולט דו שכבתי 30 גלילים,קימברלי קלארק ישראל שיווק בעמ,,,'יח,1,ל-100 גרם,false,1,29.90,29.90,true,1,
7290111346125,false,מארז שלישייה מגבוני דיילי קר ללא בישום *56 יח' האגיס,חוגלה קימברלי שיווק בע`מ,,,'יח,1,'יח,false,1,16.90,16.90,false,1,
7290111346293,false,מגבת נייר ניקול 6 יחידות מהדורה חגיגית,קימברלי קלארק ישראל שיווק בעמ,,,'יח,1,ל-100 גרם,false,1,11.90,11.90,true,1,
7290111350047,false,תמרים מזן מגהול ללא חרצנים 500 גרם,ליימן שליסל בע`מ,,,'יח,5,ל-100 גרם,false,1,14.90,2.98,false,1,
7290111350672,false,"דבש טהור מפרחי בר ""קליית גת"" 700 גרם",חקלאות עין חרוד מאוח,,,'יח,0.70,ל-100 גרם,false,1,34.90,49.86,false,1,
7290111352935,false,יוגטה סוכריות טופי ממולאות 600 גרם 3 טעמים,ליימן שליסל בע`מ,,,'יח,6,ל-100 גרם,false,1,14.90,2.48,false,1,
7290111353093,false,יוגטה סוכריות טופי בטעם פירות בצורת מקלות 600 ג',ליימן שליסל בע`מ,,,'יח,6,ל-100 גרם,false,1,14.90,2.48,false,1,
7290111353123,false,"גומי נחש מסוכר 200 גר' וסטהיים (כש""לפ בית יוסף)",טופגם תעשיות ממתקים,,,'יח,0.20,ל-100 גרם,false,18,8.90,44.50,false,1,
7290111353239,false,"גומי יין 200 גר' וסטהיים (כש""לפ בית יוסף)",טופגם תעשיות ממתקים,,,'יח,0.20,ל-100 גרם,false,18,8.90,44.50,false,1,
7290111353475,false,שטיחים חמוצים בטעם פירות 200 גר` יוגטה,ליימן שליסל בע`מ,,,'יח,2,ל-100 גרם,false,1,7.90,3.95,false,1,
7290111353482,false,מקלות חמוצים ממולאות בטעמי פירות יוגטה 200 גרם,ליימן שליסל בע`מ,,,'יח,2,ל-100 גרם,false,1,7.90,3.95,false,1,
7290111353567,false,ממרח שקדים טבעי קליית גת 300 גרם,ליימן שליסל בע`מ,,,'יח,3,ל-100 גרם,false,1,33.90,11.30,false,1,
7290111560910,false,אוסם וופל טעם שוקולד אקסרט מילוי 200 ג,קבוצת אוסם סחר-שות.מוגבלת,,,'יח,2,ל-100 גרם,false,1,4.40,2.20,true,1,
7290111563492,false,סלטי צבר מטבוחה חריפה מרובע 6*400גרם,קבוצת אוסם סחר-שות.מוגבלת,,,'יח,4,ל-100 גרם,false,1,12.90,3.23,false,1,
7290111564277,false,פריכיות דקות ונימוחות 3 דגנים פיטנס Fitness,קבוצת אוסם סחר שותפות מוגבלת,,,'יח,1.20,ל-100 גרם,false,1,9.90,8.25,false,1,
7290111564291,false,פריכיות דקות ונימוחות 3 דגנים וקינואה פיטנס Fitness,קבוצת אוסם סחר שותפות מוגבלת,,,'יח,1.20,ל-100 גרם,false,1,9.90,8.25,false,1,
7290111564727,false,עוגיות אסם קרמוגית וקרם אגוזים אסם 200ג',קבוצת אוסם סחר שותפות מוגבלת,,,'יח,2,ל-100 גרם,false,1,10.90,5.45,true,1,
7290111564956,false,"ביסלי במבה מיקס 200 גרם ""אסם""",קבוצת אוסם סחר שותפות מוגבלת,,,'יח,2,ל-100 גרם,false,1,9.90,4.95,true,1,
7290111565038,false,"לה קרמריה וניל קוקילידה בד""צ 1.4 ל'",נגה גלידות שותפות מוגבלת,,,'יח,14,"ל-100 מ""ל",false,1,19.90,1.42,false,1,
7290111566127,false,מאגדת אוראו מיני סנדוויץ' 6 יח' נסטלה,נגה גלידות שותפות מוגבלת,,,'יח,1,ל-100 גרם,false,1,21.90,21.90,false,1,
7290111566240,false,שניצל דק מן הצומח בטעם צ'ילי חריף 700 גרם,קבוצת אוסם סחר שותפות מוגבלת,,,'יח,5.64,ל-100 גרם,false,1,27.90,4.95,true,1,
7290111566318,false,שניצל דק מן הצומח בטעם ביתי 700 גרם,קבוצת אוסם סחר שותפות מוגבלת,,,'יח,5.64,ל-100 גרם,false,1,27.90,4.95,true,1,
7290111566417,false,טבעול טחון מן הצומח משופר 400 גרם,קבוצת אוסם סחר שותפות מוגבלת,,,'יח,5,ל-100 גרם,false,1,27.90,5.58,true,1,
7290111566547,false,טבעול חזה בגריל צמחוני 99 קלוריות 560ג',קבוצת אוסם סחר-שות.מוגבלת,,,'יח,5.60,ל-100 גרם,false,1,27.90,4.98,true,1,
7290111566585,false,"שניצל צמחוני 99 קלוריות 650 גר' ""טבעול""",קבוצת אוסם סחר שותפות מוגבלת,,,'יח,6.50,ל-100 גרם,false,1,27.90,4.29,true,1,
7290111566691,false,"שניצל תרד 99 קלוריות 560 גרם ""טבעול""",קבוצת אוסם סחר-שות.מוגבלת,,,'יח,6.93,ל-100 גרם,false,1,27.90,4.03,true,1,
7290111566752,false,טבעול שניצל תירס 99 קלוריות 693 גרם,קבוצת אוסם סחר שותפות מוגבלת,,,'יח,6.93,ל-100 גרם,false,1,27.90,4.03,true,1,
7290111566776,false,"נקניקיות קוקטייל מן הצומח 680 גרם ""טבעול""",קבוצת אוסם סחר שותפות מוגבלת,,,'יח,6.80,ל-100 גרם,false,1,27.90,4.10,true,1,
7290111568206,false,ביסלי פארטי מיקס אסם 150 גר',קבוצת אוסם סחר שותפות מוגבלת,,,'יח,1.50,ל-100 גרם,false,1,7.90,5.27,true,1,
7290111568299,false,אטריות נודלס עם תרד אסם אסייתי 300 גר',קבוצת אוסם סחר שותפות מוגבלת,,,'יח,3,ל-100 גרם,false,1,9.90,3.30,false,1,
7290111568466,false,רוטב אסייתי למוקפץ הסדרה האסייתית,קבוצת אוסם סחר שותפות מוגבלת,,,'יח,2.90,"ל-100 מ""ל",false,1,12.90,4.45,true,1,
7290111568961,false,אסם בייגלה טבעות מלוח 400 גר`,קבוצת אוסם סחר שותפות מוגבלת,,,'יח,4,ל-100 גרם,false,1,9.90,2.48,true,1,
7290111736889,false,סט שלישיית גרבי נשים,הום פרפקט ק.ד.מ בעמ,,,'יח,1,,false,1,14.90,14.90,true,1,
7290111873614,false,קערה במבוק כח פי ג'יי יח,שמחה זה אנחנו בע`מ,,,'יח,1,,false,1,10.90,10.90,false,1,
7290111930898,false,חטיף פוף כוכבים גריל אמריקאי 40 גרם,ש. שסטוביץ בע`מ,,,'יח,0.40,ל-100 גרם,false,1,3.90,9.75,true,1,
7290111930911,false,חטיף פוף לבבות קלאסי 40 גרם,ש. שסטוביץ בע`מ,,,'יח,0.40,ל-100 גרם,false,1,3.90,9.75,true,1,
7290111930928,false,חטיף פוף לבבות גריל 40 גרם,ש. שסטוביץ בע`מ,,,'יח,0.40,ל-100 גרם,false,1,3.90,9.75,true,1,
7290111933462,false,"רוטב צ'ילי מתוק מאסטר שף 300 מ""ל",ש. שסטוביץ בע`מ,,,'יח,0.30,ל-100 גרם,false,1,9.90,33,false,1,
7290111933554,false,שלישייה עגבניות קוביות מאסטר שף 400 גרם,קונסוריזיו קאסאלסקו,,,'יח,1.20,ל-100 גרם,false,1,16.90,14.08,true,1,
7290111933561,false,מאסטר שף תערובת ציפוי נגטס 250 גרם,טסט וסנט קו.לטד,,,'יח,2.50,ל-100 גרם,false,1,7.90,3.16,false,1,
7290111936296,false,"פלמוליב סבון נוזלי בניחוח סנסיישן מסאז' ,750 מ""ל",קולגייט פלמוליב,,,'יח,7.50,"ל-100 מ""ל",false,1,19.90,2.65,true,1,
7290111938498,false,"מנה אסייאתי רוטב סויה בהירה 700 מ""ל מ.שף",קי.אר.אס. ספייסי פוד,,,'יח,7,"ל-100 מ""ל",false,1,16,2.29,false,1,
7290112000736,false,פיניש טבליות AIO 80 יח` אריזת חיסכון,רקיט בנקיזר (ניר איסט) בעמ,,,'יח,1,,false,1,54.90,54.90,true,1,
7290112001122,false,פיניש 52 טבליות למדיח בקופסא AIO,תה ויסוצקי בע`מ,,,'יח,1,,false,1,34.90,34.90,true,1,
7290112002099,false,קולון גל כביסה מרוכז 2.5 ליטר קלאסי,רקיט בנקיזר (ניר איסט) בעמ,,,'יח,25,"ל-100 מ""ל",false,1,24.90,1,true,1,
7290112002112,false,ג'ל כביסה מרוכז קולון 101 בניחוח ורדים,רקיט בנקיזר (ניר איסט) בעמ,,,'יח,25,"ל-100 מ""ל",false,1,24.90,1,true,1,
7290112002136,false,ג'ל כביסה מרוכז קולון 101 קלאסי,רקיט בנקיזר (ניר איסט) בעמ,,,'יח,40,"ל-100 מ""ל",false,1,34.90,0.87,true,1,
7290112002150,false,ג'ל כביסה מרוכז קולון 101 בניחוח ורדים,רקיט בנקיזר (ניר איסט) בעמ,,,'יח,40,"ל-100 מ""ל",false,1,34.90,0.87,true,1,
7290112002167,false,קולון ג'ל כביסה בניחוח פריחה מרענן ירוק 4 ליטר,רקיט בנקיזר (ניר איסט) בעמ,,,'יח,40,"ל-100 מ""ל",false,1,34.90,0.87,true,1,
7290112003959,false,וניש מסיר כתמים אבקה לכביסה צבעונית 470 גרם,רקיט בנקיזר (ניר איסט) בעמ,,,'יח,4.70,ל-100 גרם,false,1,16.90,3.60,true,1,
7290112003966,false,"אבקה להסרת כתמים לכביסה לבנה ""וניש גולד""",רקיט בנקיזר (ניר איסט) בעמ,,,'יח,4.70,"ל-100 מ""ל",false,1,16.90,3.60,true,1,
7290112003973,false,"וניש אבקה ורודה מולטי פאואר 1.350 ק""ג א. חסכון חדש להלבנה",רקיט בנקיזר (ניר איסט) בעמ,,,'יח,1.35,ל-100 גרם,false,1,34.90,25.85,true,1,
7290112004161,false,"ספריי אוטמטי מילוי בניחוח סנטורל 250 מ""ל אירוויק",רקיט בנקיזר (ניר איסט) בעמ,,,'יח,2.50,"ל-100 מ""ל",false,1,14.90,5.96,true,1,
7290112004413,false,"ספריי וניש קליה להסרת כתמים לבגדים לבנים 750 מ""ל",רקיט בנקיזר (ניר איסט) בעמ,,,'יח,7.50,"ל-100 מ""ל",false,1,16.90,2.25,true,1,
7290112005052,false,וניש תוסף כביסה רב תכליתי לבגדים לבנים,רקיט בנקיזר (ניר איסט) בעמ,,,'יח,1,'יח,false,1,39.90,39.90,false,1,
7290112005083,false,וניש תוסף כביסה רב תכליתי לכביסה צבעונית,רקיט בנקיזר (ניר איסט) בעמ,,,'יח,1,'יח,false,1,39.90,39.90,false,1,
7290112197238,false,מיני קורנפלקס בציפוי שוקולד חלב מעולה,גורי מוצרי צריכה 1991 בע`מ,,,'יח,0.65,ל-100 גרם,false,1,7.90,12.15,true,1,
7290112330352,false,"יוגורט PRO בטעם וניל 0% , 20 גרם חלבון בגביע",שטראוס גרופ בעמ/מצונן,,,'יח,2,"ל-100 מ""ל",false,12,5.90,2.95,false,1,
7290112330390,false,דנונה פרו פירות יער 20 גרם חלבון 0% שומן 200 גרם,שטראוס גרופ בעמ/מצונן,,,'יח,2,"ל-100 מ""ל",false,12,5.90,2.95,false,1,
7290112332585,false,פריכיות משולש תפוא אורז בתיבול סלק ומלח ים אנרג'י 30 גרם,"פרח תעשיו מזון בע""מ",,,'יח,0.30,ל-100 גרם,false,24,4.90,16.33,false,1,
7290112332691,false,פינוקיות עוגיות קרם פסק זמן אגוזים 200 גרם,"הגביע מוצרי וופלים בע""\מ",,,'יח,2,ל-100 גרם,false,1,9.90,4.95,false,1,
7290112332899,false,עלית - צנצנת בזוקה פופים קלאסי 58 גרם,שטראוס גרופ בע`מ,,,'יח,0.66,ל-100 גרם,false,12,9.90,15,true,1,
7290112335111,false,מסטיק מאסט קוביות בזוקה ללא גלוטן 86 גר,אסקום קונפקשיין,,,'יח,0.86,ל-100 גרם,false,1,14.90,17.33,false,1,
7290112335487,false,הפריכיות הטעימות קצח ודגנים אנרג'י 135 גרם,אנרג'י Energy - שטראוס,,,'יח,1.35,ל-100 גרם,false,1,11.90,8.81,false,1,
7290112335494,false,הפריכיות הטעימות תפוחי אדמה בטעם פוטטוס,"פרח תעשיות מזון בע""\מ",,,'יח,1.35,ל-100 גרם,false,1,11.90,8.81,false,1,
7290112335500,false,"פרכיות אנרג'י חומוס,אורז,עדשים שחורות וקינואה 135 גרם","פרח תעשיות מזון בע""\מ",,,'יח,1.35,ל-100 גרם,false,1,11.90,8.81,false,1,
7290112336613,false,עד חצות עוגיות סנדוויץ במילוי שוקולד חלב,שטראוס גרופ בע`מ,,,'יח,2,ל-100 גרם,false,1,9.90,4.95,false,1,
7290112336644,false,סוכריות מאסט ללא סוכר לימון 80 ג' עלית,"שטראוס גרופ בע""מ",,,'יח,0.80,ל-100 גרם,false,1,7.90,9.88,false,1,
7290112336651,false,סוכריות מאסט ללא סוכר ריבת חלב 80 ג' עלית,"שטראוס גרופ בע""מ",,,'יח,0.80,ל-100 גרם,false,12,7.90,9.88,false,1,
7290112336712,false,יוגורט PRO לבן 0% 21 גרם חלבון בגביע,שטראוס גרופ בעמ/מצונן,,,'יח,2,"ל-100 מ""ל",false,12,5.90,2.95,false,1,
7290112337474,false,סוכריות מאסט ללא סוכר פטל לימון 80 ג' עלית,שטראוס גרופ בע`מ,,,'יח,0.80,ל-100 גרם,false,12,7.90,9.88,false,1,
7290112337481,false,סוכריות מאסט ללא סוכר קפצ''ינו 80 ג' עלית,שטראוס גרופ בע`מ,,,'יח,0.80,ל-100 גרם,false,12,7.90,9.88,false,1,
7290112338877,false,מעדן גבינה בטעם תות 3% 125ג' סקי,שטראוס גרופ בעמ/מצונן,,,'יח,1.25,ל-100 גרם,false,24,3.90,3.12,true,1,
7290112339171,false,מעדן מוס שוקולד 81 גר`מילקי,שטראוס גרופ בעמ/מצונן,,,'יח,0.81,"ל-100 מ""ל",false,24,4,4.94,false,1,
7290112339867,false,גמדים לדרך גבינה לבנה עם מחית תות,שטראוס גרופ בעמ/מצונן,,,'יח,1,ל-100 גרם,false,7,5.90,5.90,true,1,
7290112339874,false,גמדים לדרך גבינה לבנה עם מחיות תות ובננה,שטראוס גרופ בעמ/מצונן,,,'יח,2,ל-100 גרם,false,7,5.90,2.95,true,1,
7290112340122,false,הפריכיות הטעימות 3 דגנים אנרג'י 135 גרם,"פרח תעשיות מזון בע""\מ",,,'יח,1.35,ל-100 גרם,false,1,11.90,8.81,false,1,
7290112340252,false,צנצנת מסטיק מאסט בטעם אבטיח מלון 66 ג' עלית,"שטראוס גרופ בע""\מ",,,'יח,0.58,ל-100 גרם,false,1,9.90,17.07,true,1,
7290112341686,false,שמינייה יוגורט לבן אקטיביה 3% דנונה 150 גרם.,שטראוס גרופ בעמ/מצונן,,,'יח,1.50,ל-100 גרם,false,3,23.50,15.67,false,1,
7290112342102,false,סימפוניה גבינה במרקם שמנת בצל מקורמל 5%,שטראוס גרופ בעמ/מצונן,,,'יח,2,ל-100 גרם,false,12,10.90,5.45,false,1,
7290112343260,false,"יטבתה רוטב שמנת קלאסי 9% שומן 260 מ""ל",שטראוס גרופ בעמ/מצונן,,,'יח,2.50,"ל-100 מ""ל",false,18,10.90,4.36,true,1,
7290112343420,false,"משקה חלב עם דגנים מלאים ובננה פרו יטבתה 350מ""ל",שטראוס גרופ בעמ/מצונן,,,'יח,3.50,"ל-100 מ""ל",false,6,6.90,1.97,false,1,
7290112343499,false,חטיף צ'יטוס פאפס אפוי בטעם גבינה,"שטראוס פריטו ליי בע""\מ )",,,'יח,0.55,ל-100 גרם,false,1,3.90,7.09,false,1,
7290112343512,false,צ'יטוס puffs בטעם גבינה 180 גרם,"שטראוס פריטו ליי בע""\מ )",,,'יח,1.60,ל-100 גרם,false,1,7.90,4.94,false,1,
7290112344724,false,מילקי בטעם שוקולד בלונדי עם קצפת 133גר,שטראוס גרופ בעמ/מצונן,,,'יח,1.35,ל-100 גרם,false,1,4,2.96,false,1,
7290112344755,false,מילקי עם 26% פחות סוכר 135 גר}שטראוס{,שטראוס גרופ בעמ/מצונן,,,'יח,1.30,"ל-100 מ""ל",false,24,2.90,2.23,false,1,
7290112344786,false,קפה פלטינום קלאסיק עלית 200 גרם,הנסיך- מפעל לייצור ט,,,'יח,2,ל-100 גרם,false,6,27.90,13.95,true,1,
7290112344953,false,סימפוניה חציל קלוי גבינה במקרם שמנת 5%,שטראוס גרופ בעמ/מצונן,,,'יח,2,ל-100 גרם,false,12,10.90,5.45,false,1,
7290112346360,false,בפלות אחת אחת בציפוי שוקולד חלב עלית 180 גרם,הגביע מוצרי וופלים ב,,,'יח,1.25,ל-100 גרם,false,1,11.90,9.52,false,1,
7290112346827,false,אקטימל ויטמין c פטל שמינייה 864 גרם,שטראוס גרופ בעמ/מצונן,,,'יח,8,"ל-100 מ""ל",false,6,21.90,2.74,false,1,
7290112347008,false,גמדים לדרך גבינה לבנה עם מחית תות ושיבולת שועל,שטראוס גרופ בעמ/מצונן,,,'יח,5,ל-100 גרם,false,7,5.90,1.18,true,1,
7290112347473,false,מארז דנונה לייט אנד פריי תות ואפרסק 150 גרם 8 יחידות,שטראוס גרופ בעמ/מצונן,,,'יח,2,ל-100 גרם,false,3,27.90,13.95,false,1,
7290112348142,false,שעועית לבנה 380 גר' בקופסה טעם הטבע,שטראוס גרופ בע`מ,,,'יח,3.80,ל-100 גרם,false,1,6.90,1.82,true,1,
7290112348616,false,עלית - קפה נמס אגוזי לוז 100 גרם,שטראוס גרופ בע`מ,,,'יח,1,ל-100 גרם,false,1,14.90,14.90,true,1,
7290112348999,false,הפריכיות הטעימות תירס דקות אנרג'י 135 גרם,שטראוס גרופ בע`מ,,,'יח,1.35,ל-100 גרם,false,1,11.90,8.81,false,1,
7290112349316,false,מסטיק בזוקה פופים ממולא בטעם תות ללא סוכר,"שטראוס גרופ בע""מ",,,'יח,0.86,ל-100 גרם,false,1,14.90,17.33,false,1,
7290112349606,false,מעדן גבינה ויוגורט תות בננה 88 ג' דניאלה,שטראוס גרופ בעמ/מצונן,,,'יח,0.88,"ל-100 מ""ל",false,1,4.30,4.89,false,1,
7290112349705,false,פומודורו רוטב עגבניות קלאסי לפסטה יד מרדכי 350 גרם,אמיליאנה קונסרב סוסייטה,,,'יח,3.50,ל-100 גרם,false,1,10.90,3.11,true,1,
7290112349750,false,פיצה רוטב עגבניות לפיצה יד מרדכי 350 גרם,אמיליאנה קונסרב סוסייטה,,,'יח,3.50,ל-100 גרם,false,1,10.90,3.11,true,1,
7290112350275,false,קפסולות LUNGO למכונת נספרסו עלית 10 יחידות,שטראוס קפה בי.וי,,,'יח,0.50,ל-100 גרם,false,1,16.90,33.80,true,1,
7290112350312,false,קפסולות 15 קפה יותר למכונות נספרסו עלית 10יח',הנסיך- מפעל לייצור ט,,,'יח,0.50,ל-100 גרם,false,12,16.90,33.80,true,1,
7290112351067,false,סילאן טבעי 100% תמר מג'הול ללא תוספת סוכר,שטראוס גרופ בע`מ,,,'יח,6.30,ל-100 גרם,false,1,21.90,3.48,false,1,
7290112351258,false,עוגיית קקאו פינוקיות שחור לבן 200 גר,"הגביע מוצרי ופלים בע""\מ",,,'יח,2,ל-100 גרם,false,1,9.90,4.95,false,1,
7290112351470,false,סוכריות ללא סוכר בטעם תות רימון מאסט פרש,"הליקון גידה בע""\מ",,,'יח,0.45,ל-100 גרם,false,1,7.90,17.56,false,1,
7290112353412,false,"פריכיות תפו""א, אורז, תירס, אפונה ירוקה, סלק, מלח ים","פרח תעשיו מזון בע""מ",,,'יח,0.30,ל-100 גרם,false,24,4.90,16.33,false,1,
7290112354235,false,ברקטה פיצה - 2 יחידות במארז,קפוא-זן תעשיות מזון בעמ - תפוג,,,'יח,3,ל-100 גרם,false,1,25.90,8.63,false,1,
7290112354945,false,תפוצ'יפס WAVY בטעם טבעי 50 גרם,שטראוס פריטו ליי בע`מ,,,'יח,5,ל-100 גרם,false,1,3.90,0.78,false,1,
7290112355027,false,דנונה פרו 20 גרם חלבון בטעם קרמל מלוח 200 גרם,שטראוס גרופ בעמ/מצונן,,,'יח,2,"ל-100 מ""ל",false,12,5.90,2.95,false,1,
7290112355102,false,גמדים סקוויז 100 גרם פאוץ סלט פירות 100 גרם,שטראוס גרופ בעמ/מצונן,,,'יח,2,ל-100 גרם,false,7,5.90,2.95,true,1,
7290112355393,false,"יטבתה רוטב שמנת+בטטה 9% שומן 250 מ""ל",שטראוס גרופ בעמ/מצונן,,,'יח,2.50,"ל-100 מ""ל",false,18,10.90,4.36,false,1,
7290112355812,false,מילקי טופ קורנפלקס 141 ג' שטראוס,שטראוס גרופ בעמ/מצונן,,,'יח,1.08,"ל-100 מ""ל",false,1,4.90,4.54,false,1,
7290112357083,false,טעם הטבע אפונה ירוקה 380 גרם קופסה,הדקלאים אגודת שיתופי,,,'יח,3.80,ל-100 גרם,false,1,6.90,1.82,true,1,
7290112357106,false,שעועית אדומה 380 גר' בקופסה טעם הטבע,"שטראוס גרופ בע""מ",,,'יח,3.80,ל-100 גרם,false,1,6.90,1.82,true,1,
7290112357113,false,גרגרי חומוס בקופסה 380 גר' טעם הטבע,"שטראוס גרופ בע""מ",,,'יח,3.80,ל-100 גרם,false,1,6.90,1.82,true,1,
7290112357892,false,שלישיית סוכריות מאסט FRESH מנטה 45 גרם,"הליקון גידה בע""\מ",,,'יח,0.45,ל-100 גרם,false,1,7.90,17.56,false,1,
7290112358004,false,פסק זמן חטיף קראנץ עלית( 32 גר`),שולן צ'\יקולטה גידה סאן.,,,'יח,0.32,ל-100 גרם,false,24,5.30,16.56,false,1,
7290112358127,false,דנונה פרו חלבון+מגנזיום- וניל ועוגיות 200 גרם,שטראוס גרופ בעמ/מצונן,,,'יח,2,"ל-100 מ""ל",false,1,6.30,3.15,false,1,
7290112358219,false,רוטב צ`ילי מתוק יד מרדכי (300 גר`),אף.סי תבליני בגליל ב,,,'יח,3,"ל-100 מ""ל",false,1,12.90,4.30,false,1,
7290112358431,false,עד חצות דאבל ביסקוויט עם שוקולד חלב -8 אריזות אישיות,ביסקוויטס טור ד'\אלבון,,,'יח,2,ל-100 גרם,false,1,11.90,5.95,false,1,
7290112359353,false,קפה טורקי אלדין ( 200 גר`) עלית,"שטראוס גרופ בע""מ",,,'יח,2,ל-100 גרם,false,1,20.90,10.45,false,1,
7290112359384,false,עלית - קפה נמס אלפחורס ריבת חלב 100 גרם,שטראוס גרופ בע`מ,,,'יח,1,ל-100 גרם,false,1,12.90,12.90,true,1,
7290112490032,false,"נמס בכוס טעם תירס קנור 31 גרם מארז זוגי בד""צ",יוניליוור ישראל שיווק בע`מ,,,'יח,0.64,ל-100 גרם,false,1,6.40,10,true,1,
7290112490209,false,נמס בכוס מרק עגבניות עם קרוטונים רכיבים טבעיים,"יוניליוור ישראל שיווק בע""מ",,,'יח,0.64,ל-100 גרם,false,1,6.40,10,true,1,
7290112490216,false,מרק נמס בכוס בטעם עוף קנור 100% רכיבים טבעיים,"יוניליוור ישראל שיווק בע""מ",,,'יח,0.64,ל-100 גרם,false,1,6.40,10,true,1,
7290112490230,false,מרק נמס בכוס אפונה קנור 100% רכיבים טבעיים,"יוניליוור ישראל שיווק בע""מ",,,'יח,0.64,ל-100 גרם,false,1,6.40,10,true,1,
7290112490650,false,קונפיטורה תות שדה 340 גרם-צנצנת,"יוניליוור ישראל שיווק בע""מ",,,'יח,3.40,ל-100 גרם,false,1,13.90,4.09,false,1,
7290112490759,false,מרק עשיר עוף עם אטריות רכיבים טבעיים 74 ג' קנור,"יוניליוור ישראל שיווק בע""מ",,,'יח,10,ל-100 גרם,false,1,12.90,1.29,true,1,
7290112490896,false,"קנור רוטב צ'ילי חריף 370 מ""ל PAL","יוניליוור ישראל שיווק בע""מ",,,'יח,3.70,ל-100 גרם,false,1,12.90,3.49,true,1,
7290112491701,false,ברנפלקס בטעם וניל מעודן 20% חלבון Extra Protein,"יוניליוור ישראל שיווק בע""מ",,,'יח,3.75,ל-100 גרם,false,1,22.90,6.11,false,1,
7290112491787,false,בייגלה דקים דקים עם שומשום בייגל בייגל 300 גרם,יוניליוור ישראל שיווק בע`מ,,,'יח,3,ל-100 גרם,false,1,9.90,3.30,false,1,
7290112492456,false,"שמפו פינוק לשיער יבש/פגום 700 מ""ל",יוניליוור ישראל שיווק בע`מ,,,'יח,7,"ל-100 מ""ל",false,1,11.90,1.70,false,1,
7290112492463,false,"שמפו ומרכך 2 ב-1 לשיער רגיל פינוק 700 מ""ל.",יוניליוור ישראל שיווק בע`מ,,,'יח,7,"ל-100 מ""ל",false,1,11.90,1.70,false,1,
7290112492470,false,"שמפו ומרכך 2 ב-1 לשיער יבש פינוק 700 מ""ל.",יוניליוור ישראל שיווק בע`מ,,,'יח,7,"ל-100 מ""ל",false,1,11.90,1.70,false,1,
7290112492487,false,פינוק שמפו לשיער עם שמן מרוקאי 700 מל,"יוניליוור ישראל שיווק בע""מ",,,'יח,7,"ל-100 מ""ל",false,1,11.90,1.70,false,1,
7290112492500,false,פינוק שמפו לשיער עם שמן קוקוס 700 מל,"יוניליוור ישראל שיווק בע""מ",,,'יח,7,"ל-100 מ""ל",false,1,11.90,1.70,false,1,
7290112492531,false,"פינוק קונדישנר לשיער רגיל 700מ""ל","יוניליוור ישראל שיווק בע""מ",,,'יח,7,"ל-100 מ""ל",false,1,11.90,1.70,false,1,
7290112492548,false,"מרכך פינוק עם שמן חוחובה 700 מ""ל","יוניליוור ישראל שיווק בע""מ",,,'יח,7,"ל-100 מ""ל",false,1,11.90,1.70,false,1,
7290112492579,false,פינוק מרכך בתוספת שמן קוקוס 700 מל-חדש,יוניליוור ישראל שיווק בע`מ,,,'יח,7,"ל-100 מ""ל",false,1,11.90,1.70,false,1,
7290112492593,false,תחליב רחצה פינוק בניחוח פינוק קלאסי 700,יוניליוור ישראל שיווק בע`מ,,,'יח,7,"ל-100 מ""ל",false,1,10.90,1.56,false,1,
7290112492609,false,"פינוק סבון נוזלי לבנדר ווניל 700 מ""ל","יוניליוור ישראל שיווק בע""מ",,,'יח,7,"ל-100 מ""ל",false,1,10.90,1.56,false,1,
7290112492630,false,"שמפו ג'ל רחצה וסבון פנים 3 ב-1 לגבר פינוק 700 מ""ל",יוניליוור ישראל שיווק בע`מ,,,'יח,7,"ל-100 מ""ל",false,1,11.90,1.70,false,1,
7290112492722,false,"2ב-1 שמפו ומרכך פינוק אל דמע לסירוק קל לילדים 700 מ""ל",יוניליוור ישראל שיווק בע`מ,,,'יח,7,"ל-100 מ""ל",false,1,13.90,1.99,false,1,
7290112492753,false,"פינוק לילדים אל סבון לרחצה 700 מ""ל","יוניליוור ישראל שיווק בע""מ",,,'יח,7,ל-100 גרם,false,1,13.90,1.99,false,1,
7290112492982,false,"אבקת מרק פטריות כשל""פ 100% רכיבים טבעיים 400 גרם",יוניליוור ישראל שיווק בע`מ,,,'יח,4,ל-100 גרם,false,1,24.90,6.23,false,1,
7290112492999,false,קנור מרק עוף אמיתי 400 גרם פרווה,יוניליוור ישראל שיווק בע`מ,,,'יח,4,ל-100 גרם,false,1,11.90,2.98,false,1,
7290112493064,false,"רוטב שזיפים להקפצה, לבישול ולאפיה","יוניליוור ישראל שיווק בע""מ",,,'יח,3.20,ל-100 גרם,false,1,12.90,4.03,true,1,
7290112493088,false,נמס בכוס עדשים מרק רכיבים טבעיים קנור 54 ג',יוניליוור ישראל שיווק בע`מ,,,'יח,0.64,ל-100 גרם,false,1,6.40,10,true,1,
7290112493095,false,נמס בכוס מרק עגבניות חריף רכיבים טבעיים קנור 48 ג',יוניליוור ישראל שיווק בע`מ,,,'יח,0.64,ל-100 גרם,false,1,6.40,10,true,1,
7290112493927,false,גלידה בטעם ריבת חלב 1.33ל' קרמיסימו,"גלידת שטראוס בע""\מ, רחוב",,,'יח,13.30,"ל-100 מ""ל",false,1,19.90,1.50,false,1,
7290112493934,false,גלידה קרמיסימו וניל צרפתי 1.33 ליטר,"גלידת שטראוס בע""\מ, רחוב",,,'יח,13.30,"ל-100 מ""ל",false,1,19.90,1.50,false,1,
7290112494016,false,"מיונז אמיתי מופחת שומן תלמה 500 גרם בד""צ",יוניליוור ישראל שיווק בע`מ,,,'יח,5,ל-100 גרם,false,1,11.90,2.38,false,1,
7290112494153,false,תיבוליות ניחוח צלי קנור( 72 גרם),יוניליוור ישראל שיווק בע`מ,,,'יח,1,,false,1,8.90,8.90,false,1,
7290112494276,false,קליק כריות בתפזורת כשר לפסח,יוניליוור ישראל שיווק בע`מ,,,'יח,0.65,ל-100 גרם,false,1,5.90,9.08,true,1,
7290112494283,false,חטיף כדורים מעורב חום לבו 65 גר`קליק,יוניליוור ישראל שיווק בע`מ,,,'יח,0.65,ל-100 גרם,false,1,5.90,9.08,true,1,
7290112494313,false,קליק - קורנפלקס תפזורת 65 גרם,"יוניליוור ישראל שיווק בע""מ",,,'יח,0.65,ל-100 גרם,false,1,5.90,9.08,true,1,
7290112494351,false,קורנפלקס של אלופים תלמה (850 גרם).בדצ,יוניליוור ישראל שיווק בע`מ,,,'יח,8.50,ל-100 גרם,false,1,18.90,2.22,false,1,
7290112494993,false,כריות דגנים במילוי וניל בדצ 686 גרם,"יוניליוור ישראל שיווק בע""מ",,,'יח,6.86,ל-100 גרם,false,1,24.90,3.63,false,1,
7290112495020,false,כריות צוקולדה בדצ מאוחד 750 גר,יוניליוור ישראל שיווק בע`מ,,,'יח,6.86,ל-100 גרם,false,1,24.90,3.63,false,1,
7290112495037,false,דגני בוקר בטעם שוקולד כדורים 375 ג' קוקומן,יוניליוור ישראל שיווק בע`מ,,,'יח,3.75,ל-100 גרם,false,1,19.90,5.31,true,1,
7290112495044,false,דגני קוקומן פצפוצים תלמה (375 גרם),יוניליוור ישראל שיווק בע`מ,,,'יח,3.75,ל-100 גרם,false,1,19.90,5.31,true,1,
7290112495112,false,נשנושים טעם זעתר בייגל בייגל 260 גרם,"יוניליוור ישראל שיווק בע""מ",,,'יח,2.60,ל-100 גרם,false,1,12.90,4.96,true,1,
7290112495150,false,נשנושי קרקר עיגולים מלח בייגל בייגל 300 גרם,"יוניליוור ישראל שיווק בע""מ",,,'יח,3,ל-100 גרם,false,1,12.90,4.30,true,1,
7290112495167,false,נשנושי קרקר שומשום בייגל בייגל 350 גרם,יוניליוור ישראל שיווק בע`מ,,,'יח,3,ל-100 גרם,false,1,12.90,4.30,true,1,
7290112495228,false,קורנפלקס דבש תלמה אלופים 448 גרם,"יוניליוור ישראל שיווק בע""מ",,,'יח,4.48,ל-100 גרם,false,1,17.90,4,true,1,
7290112495280,false,ברנפלקס ריבועי קינמון תלמה (400 גרם),יוניליוור ישראל שיווק בע`מ,,,'יח,4,ל-100 גרם,false,1,23.50,5.88,false,1,
7290112495433,false,דגני דליפקאן תוספת אגוזי פקאן ושקדים 400 גר,יוניליוור ישראל שיווק בע`מ,,,'יח,4,ל-100 גרם,false,1,21.90,5.48,false,1,
7290112495747,false,רוטב צ''ילי מתוק כ 70% פחות סוכר 340 ג' קנור,"יוניליוור ישראל שיווק בע""מ",,,'יח,3,"ל-100 מ""ל",false,1,11.90,3.97,true,1,
7290112495754,false,רוטב לסלט אלף האיים הלמנס (305 מל),יוניליוור ישראל שיווק בע`מ,,,'יח,3,"ל-100 מ""ל",false,1,10.90,3.63,false,1,
7290112495785,false,רוטב לסלט שום (300 גרם)הלמנס,"יוניליוור ישראל שיווק בע""מ",,,'יח,3,ל-100 גרם,false,1,10.90,3.63,false,1,
7290112495815,false,רוטב לסלט חרדל ודבש לייט (305 גרם)הלמנס,יוניליוור ישראל שיווק בע`מ,,,'יח,3.05,ל-100 גרם,false,1,11.90,3.90,false,1,
7290112495822,false,כריות BLACK בטעם שוקולד וניל תלמה 686 גרם,"יוניליוור ישראל שיווק בע""מ",,,'יח,6.86,ל-100 גרם,false,1,24.90,3.63,false,1,
7290112496034,false,"סירופ מייפל לחיץ 580 מ""ל כשל""פ אפיכל",יוניליוור ישראל שיווק בע`מ,,,'יח,6,"ל-100 מ""ל",false,1,15.90,2.65,false,1,
7290112496218,false,קנור רוטב טריאקי הפחתה של מעל 50% סוכר ונתרן 310 ג',"יוניליוור ישראל שיווק בע""מ",,,'יח,3.40,ל-100 גרם,false,1,11.90,3.50,true,1,
7290112496270,false,"פתית צ'יפס תפו""א בתוספת עגבניות ועשבי תיבול 22 גרם",יוניליוור ישראל שיווק בע`מ,,,'יח,1,ל-100 גרם,false,1,4.90,4.90,false,1,
7290112496287,false,פתית - צ'יפס בטטה בטעם טבעי 21 גרם,יוניליוור ישראל שיווק בע`מ,,,'יח,1,ל-100 גרם,false,1,4.90,4.90,false,1,
7290112496294,false,חטיף פתית צ'יפס עם אפונה ירוקה צהובה וצ'ילי,יוניליוור ישראל שיווק בע`מ,,,'יח,1,ל-100 גרם,false,1,4.90,4.90,false,1,
7290112496430,false,קנור נמס בכוס אקסטרה עגבניות+איטריות 37 גרם - רבנות,יוניליוור ישראל שיווק בע`מ,,,'יח,0.37,ל-100 גרם,false,1,4.20,11.35,false,1,
7290112496447,false,נמס בכוס אקסטרה טעם עוף עם המון אטריות 27ג',"יוניליוור ישראל שיווק בע""מ",,,'יח,0.39,ל-100 גרם,false,1,4.20,10.77,false,1,
7290112496461,false,נמס בכוס אקסטרה מרק ירקות עם המון אטריות,"יוניליוור ישראל שיווק בע""מ",,,'יח,0.39,ל-100 גרם,false,1,4.20,10.77,false,1,
7290112497000,false,פנטסטיק תרכיז ניקוי רב תכליתי בניחוח לימון,יוניליוור ישראל שיווק בע`מ,,,'יח,10,"ל-100 מ""ל",false,1,11.90,1.19,false,1,
7290112497994,false,"גרנולה תלמה פרוטאין בתוספת חלבון ואגוזים, 300 גרם",יוניליוור ישראל שיווק בע`מ,,,'יח,3,ל-100 גרם,false,1,15.90,5.30,false,1,
7290112498298,false,"אל סבון ליידים בתוספת שמן מרוקאי פינוק 950 מ""ל","יוניליוור ישראל שיווק בע""מ",,,'יח,1,'יח,false,1,11.90,11.90,false,1,
7290112498441,false,"קנור רוטב אסיאתי למוקפץ 300 מ""ל בד""ץ",יוניליוור ישראל שיווק בע`מ,,,'יח,3,"ל-100 מ""ל",false,1,11.90,3.97,true,1,
7290112498526,false,"פתית צ'יפס עם בטטה סגולה בטעם שמנת ובצל, 22 גרם",יוניליוור ישראל שיווק בע`מ,,,'יח,0.21,ל-100 גרם,false,1,4.90,23.33,false,1,
7290112498915,false,מאגדת מיני מגנום שקדים מובחר שטראוס 250 גרם,"מיוצר ע""\י גלידת שטראוס",,,'יח,1,ל-100 גרם,false,1,26.90,26.90,false,1,
7290112499097,false,מאגדת מיני מגנום מריר Intense Dark! 240 גרם,"מיוצר ע""\י גלידת שטראוס",,,'יח,1,ל-100 גרם,false,1,26.90,26.90,false,1,
7290112499226,false,גלידונית פיסטוק ובננהבקלקר 60 יח 700 גרם,"גלידת שטראוס בע""\מ, רחוב",,,'יח,7,ל-100 גרם,false,1,39.90,5.70,false,1,
7290112499455,false,פינוק תחליב רחצה 700 בתוספת שמן מרוקאי,"יוניליוור ישראל שיווק בע""מ",,,'יח,7,"ל-100 מ""ל",false,1,10.90,1.56,false,1,
7290112499462,false,פינוק תחליב רחצה 700 בתוספת שמן קוקוס,יוניליוור ישראל שיווק בע`מ,,,'יח,7,"ל-100 מ""ל",false,1,10.90,1.56,false,1,
7290112499479,false,"פינוק - שמפו בתוספת קרטין 700 מ""ל",יוניליוור ישראל שיווק בע`מ,,,'יח,7,"ל-100 מ""ל",false,1,11.90,1.70,false,1,
7290112499844,false,מאגדת מיני מגנום דואט שוקולד עם נוגט שטראוס 310 גרם,"מיוצר ע""\י גלידת שטראוס",,,'יח,1,ל-100 גרם,false,1,26.90,26.90,false,1,
7290112705426,false,צלחת במבוק 23 חד קרן,שמחה זה אנחנו בע`מ,,,'יח,1,,false,1,10.90,10.90,false,1,
7290112705457,false,קערה במבוק חג קרן יח,שמחה זה אנחנו בע`מ,,,'יח,1,,false,1,10.90,10.90,false,1,
7290112961266,false,בייגלה כפיות פיזור איטלקי 300 גרם אסם,קבוצת אוסם סחר שותפות מוגבלת,,,'יח,3,ל-100 גרם,false,1,9.90,3.30,true,1,
7290112961327,false,בייגלה כפיות פיזור כפרי אסם 300 גרם,קבוצת אוסם סחר-שות.מוגבלת,,,'יח,3,ל-100 גרם,false,1,9.90,3.30,true,1,
7290112961372,false,פיטנס חטיפי פריכיות דקות קינמון 60 גרם,קבוצת אוסם סחר שותפות מוגבלת,,,'יח,0.60,ל-100 גרם,false,1,7.90,13.17,false,1,
7290112961440,false,פיטנס חטיפי פריכיות שוקולד מריר 84 גרם,קבוצת אוסם סחר שותפות מוגבלת,,,'יח,0.84,ל-100 גרם,false,1,13.80,16.43,false,1,
7290112962287,false,טבעול שווארמה טבעונית 6*450 גרם,קבוצת אוסם סחר שותפות מוגבלת,,,'יח,4.50,ל-100 גרם,false,1,27.90,6.20,false,1,
7290112963918,false,פיטנס חטיפי קרקר דק רוזמרין 140 גרם,קבוצת אוסם סחר שותפות מוגבלת,,,'יח,1.40,ל-100 גרם,false,1,11.90,8.50,true,1,
7290112964052,false,פסטה וזוביוטו 500 גר`פרפקטו אסם,קבוצת אוסם סחר שותפות מוגבלת,,,'יח,5,ל-100 גרם,false,1,10,2,false,1,
7290112964410,false,אסם רוטב אלף האיים חדש לסלט 290 גרם,קבוצת אוסם סחר שותפות מוגבלת,,,'יח,2.90,"ל-100 מ""ל",false,1,10.90,3.76,true,1,
7290112964434,false,אסם רוטב קיסר חדש לסלט 295 גרם,קבוצת אוסם סחר שותפות מוגבלת,,,'יח,2.90,"ל-100 מ""ל",false,1,12.90,4.45,true,1,
7290112964472,false,אסם רוטב שום חדש לסלט 290 גרם,קבוצת אוסם סחר שותפות מוגבלת,,,'יח,2.90,"ל-100 מ""ל",false,1,10.90,3.76,true,1,
7290112964564,false,רוטב אלף האיים לייט לסלט אסם (295 מל),קבוצת אוסם סחר שותפות מוגבלת,,,'יח,2.90,"ל-100 מ""ל",false,1,10.90,3.76,true,1,
7290112964601,false,רוטב בנוסח סצ'ואן הסדרה האסייתית,קבוצת אוסם סחר שותפות מוגבלת,,,'יח,2.90,"ל-100 מ""ל",false,1,12.90,4.45,true,1,
7290112964625,false,רוטב שום לייט לסלט 310 גרם אסם,קבוצת אוסם סחר שותפות מוגבלת,,,'יח,2.90,"ל-100 מ""ל",false,1,10.90,3.76,true,1,
7290112964724,false,המבורגר צמחוני עם המון חלבון 580 גר,קבוצת אוסם סחר שותפות מוגבלת,,,'יח,5.80,ל-100 גרם,false,1,27.90,4.81,true,1,
7290112965103,false,תבשיל קוסקוס עם ירקות 146 גרם אסם,קבוצת אוסם סחר שותפות מוגבלת,,,'יח,1.40,ל-100 גרם,false,1,10.90,7.79,true,1,
7290112965165,false,מרק נמס פטריות אסם בדצ 48 גרם מארז זוגי,קבוצת אוסם סחר שותפות מוגבלת,,,'יח,1.20,ל-100 גרם,false,1,5.90,4.92,true,1,
7290112965240,false,מרק נמס בטעם עגבניות זוג * 44 ג' אסם,קבוצת אוסם סחר שותפות מוגבלת,,,'יח,1.20,ל-100 גרם,false,1,5.90,4.92,true,1,
7290112965264,false,אבקת מרק נמס אפונה אסם בדצ 52 גרם מארז זוגי,קבוצת אוסם סחר שותפות מוגבלת,,,'יח,1.20,ל-100 גרם,false,1,5.90,4.92,true,1,
7290112965288,false,מרק נמס ירקות אסם בדצ 56 גרם מארז זוגי,קבוצת אוסם סחר שותפות מוגבלת,,,'יח,1.20,ל-100 גרם,false,1,5.90,4.92,true,1,
7290112965301,false,זוג מרק נמס בטעם עוף עם שקדי מרק רגע חם,קבוצת אוסם סחר שותפות מוגבלת,,,'יח,1.20,ל-100 גרם,false,1,5.90,4.92,true,1,
7290112965585,false,פרפקטו פסטה קסרצה אסם 500 גרם,קבוצת אוסם סחר שותפות מוגבלת,,,'יח,5,ל-100 גרם,false,1,6.90,1.38,true,1,
7290112965660,false,חטיף מולטיגריין מלח פלפל ( 25 גר`) פיטנס,קבוצת אוסם סחר שותפות מוגבלת,,,'יח,0.25,ל-100 גרם,false,1,4.90,19.60,false,1,
7290112965745,false,אוסם - ביסלי פריסטייל בצל מעושן 60 גרם,קבוצת אוסם סחר שותפות מוגבלת,,,'יח,0.60,ל-100 גרם,false,1,3.90,6.50,true,1,
7290112965783,false,אוסם - ביסלי פריסטייל על האש 60 גרם,קבוצת אוסם סחר שותפות מוגבלת,,,'יח,0.60,ל-100 גרם,false,1,3.90,6.50,true,1,
7290112965868,false,קרם קרקר במליחות מעודנת 250 גרם אסם,קבוצת אוסם סחר שותפות מוגבלת,,,'יח,2.50,ל-100 גרם,false,1,9.90,3.96,true,1,
7290112966094,false,עוגת הבית בטעם תפוז מופחת סוכראסם (400 ג,קבוצת אוסם סחר שותפות מוגבלת,,,'יח,4,ל-100 גרם,false,1,12.90,3.23,false,1,
7290112966247,false,לחמית כוסמין 200 גרם אסם,קבוצת אוסם סחר שותפות מוגבלת,,,'יח,2,ל-100 גרם,false,1,9.90,4.95,true,1,
7290112966445,false,במבה מתוקה אריזה גדולה 100 גר`אסם,קבוצת אוסם סחר שותפות מוגבלת,,,'יח,1,ל-100 גרם,false,1,7.90,7.90,true,1,
7290112966766,false,טחינה בלאדי חציל עגבניות ושום צבר 350 גרם,קבוצת אוסם סחר שותפות מוגבלת,,,'יח,3.50,ל-100 גרם,false,1,16.90,4.83,false,1,
7290112966803,false,אינסטנט פודינג בטעם שוקולד אסם (88 גרם),קבוצת אוסם סחר שותפות מוגבלת,,,'יח,0.95,ל-100 גרם,false,1,5.90,6.21,true,1,
7290112967114,false,פיטנס חטיפי פריכיות קטניות ופלפל 60 גרם,קבוצת אוסם סחר שותפות מוגבלת,,,'יח,0.60,ל-100 גרם,false,1,7.90,13.17,false,1,
7290112967381,false,פיטנס חטיפי פריכיות קטניות ומלח ים 60 גרם,קבוצת אוסם סחר שותפות מוגבלת,,,'יח,0.60,ל-100 גרם,false,1,7.90,13.17,false,1,
7290112967572,false,"אסם רוטב ברביקיו 290 מ""ל אסם",קבוצת אוסם סחר שותפות מוגבלת,,,'יח,2.90,ל-100 גרם,false,1,12.90,4.45,true,1,
7290112968203,false,צבר סלט טחינה בלאדי 6*250גרם,קבוצת אוסם סחר שותפות מוגבלת,,,'יח,2.50,ל-100 גרם,false,1,12.90,5.16,false,1,
7290112968449,false,סלט טחינה כרוב אדום 250 גרם,קבוצת אוסם סחר שותפות מוגבלת,,,'יח,2.50,ל-100 גרם,false,1,12.90,5.16,false,1,
7290112968784,false,טבעול חטיפי כרובית 450 גרם,קבוצת אוסם סחר שותפות מוגבלת,,,'יח,4.50,ל-100 גרם,false,1,32,7.11,true,1,
7290112968807,false,80018416694פיטנס חטיפי קרקר דק סלק 150גר,קבוצת אוסם סחר שותפות מוגבלת,,,'יח,1.40,ל-100 גרם,false,1,11.90,8.50,true,1,
7290112968821,false,חטיפי קרקר דק בטטה 140 גר` פיטנס,קבוצת אוסם סחר שותפות מוגבלת,,,'יח,1.40,ל-100 גרם,false,1,11.90,8.50,true,1,
7290112969071,false,פרפקטו פסטה רדיאטורי 12*500גרם,קבוצת אוסם סחר-שות.מוגבלת,,,'יח,5,ל-100 גרם,false,1,10,2,false,1,
7290112969286,false,בישולים רוטב חרדל ודבש ( 330 גר`) אסם,קבוצת אוסם סחר שותפות מוגבלת,,,'יח,3.30,ל-100 גרם,false,1,12.90,3.91,true,1,
7290113178175,false,קנקן תה 1500 מל,הום פרפקט ק.ד.מ בעמ,,,'יח,1,,false,1,44.90,44.90,false,1,
7290113190450,false,ממרח תמרים 450 גרם שקדיה,דין שיווק וקליה 2021 בעמ,,,'יח,4.50,ל-100 גרם,false,1,5.90,1.31,false,1,
7290113191921,false,"תרכיז מלבי 750 מ""ל שקדיה",דין שיווק וקליה 2021 בעמ,,,'יח,7.50,"ל-100 מ""ל",false,1,14.90,1.99,false,1,
7290113192300,false,זיתים חרוזית מושחרים בית השיטה 275 גרם,קבוצת אוסם סחר שותפות מוגבלת,,,'יח,5.60,ל-100 גרם,false,1,10.90,1.95,false,1,
7290113192317,false,זיתים מושחרים טבעות בית השיטה (280 גרם),קבוצת אוסם סחר שותפות מוגבלת,,,'יח,5.60,ל-100 גרם,false,1,11.90,2.13,false,1,
7290113192348,false,בית השיטה זיתים ירוקים גדול מאודבטעם שום,קבוצת אוסם סחר-שות.מוגבלת,,,'יח,5.60,ל-100 גרם,false,1,9.90,1.77,false,1,
7290113192355,false,חרוזית זיתים ירוקים ללא גלעין 275 ג' בית השיטה,קבוצת אוסם סחר שותפות מוגבלת,,,'יח,5.50,ל-100 גרם,false,1,10.90,1.98,false,1,
7290113192362,false,בית השיטה טבעות זיתים ירק.א2 12*280ג חדש,קבוצת אוסם סחר שותפות מוגבלת,,,'יח,5.60,ל-100 גרם,false,1,11.90,2.13,false,1,
7290113192379,false,בית השיטה זיתים ירוקים מבוקעים א2 340גר',קבוצת אוסם סחר-שות.מוגבלת,,,'יח,3.40,ל-100 גרם,false,1,10.90,3.21,false,1,
7290113192386,false,בית השיטה זיתים ירוקים סורי מבוקע 340גרם,קבוצת אוסם סחר שותפות מוגבלת,,,'יח,5.60,ל-100 גרם,false,1,11.90,2.13,false,1,
7290113192478,false,בית השיטה מלפפונים במלח בינוני 10-12 320 גרם,קבוצת אוסם סחר שותפות מוגבלת,,,'יח,5.60,ל-100 גרם,false,1,8.90,1.59,false,1,
7290113192485,false,בית השיטה מלפפונים בחומץ בינוני 10-12 290 גרם,קבוצת אוסם סחר שותפות מוגבלת,,,'יח,5.60,ל-100 גרם,false,1,8.90,1.59,false,1,
7290113192508,false,ב.השיטה מלפפון במלח ר.טבע א2 17-13 320 גרם,קבוצת אוסם סחר שותפות מוגבלת,,,'יח,3.20,ל-100 גרם,false,1,11.90,3.72,false,1,
7290113192515,false,בית השיטה מלפפונים במלח קטן מאוד 1825 320 גרם,קבוצת אוסם סחר שותפות מוגבלת,,,'יח,5.60,ל-100 גרם,false,1,12.90,2.30,false,1,
7290113192522,false,בית השיטה מלפפונים בחומץ קטן מאוד 1825 290 גרם,קבוצת אוסם סחר שותפות מוגבלת,,,'יח,5.60,ל-100 גרם,false,1,12.90,2.30,false,1,
7290113192539,false,בית השיטה מלפפונים במלח גדול 79 320 גרם,קבוצת אוסם סחר שותפות מוגבלת,,,'יח,5.60,ל-100 גרם,false,1,6.90,1.23,true,1,
7290113192546,false,"מלפפונים בחומץ רכיבים טבעיים 7-9 ""בית השיטה""",קבוצת אוסם סחר שותפות מוגבלת,,,'יח,5.60,ל-100 גרם,false,1,6.90,1.23,true,1,
7290113192577,false,בית השיטה כרוב כבוש א2 12*430גרם חדש,קבוצת אוסם סחר שותפות מוגבלת,,,'יח,5.60,ל-100 גרם,false,1,8.90,1.59,false,1,
7290113192881,false,"טורטיה חיטה מופחת קלוריות, קוטר 20 ס""מ - 6 יח'",דין שיווק וקליה 2021 בעמ,,,'יח,1,ל-100 גרם,false,1,9.90,9.90,false,1,
7290113192997,false,בית השיטה זית מרוקאי 340 גרם*,קבוצת אוסם סחר שותפות מוגבלת,,,'יח,3.40,ל-100 גרם,false,1,14.90,4.38,false,1,
7290113193000,false,בית השיטה פלפל שיפקונית 230 גרם*,קבוצת אוסם סחר שותפות מוגבלת,,,'יח,2.30,ל-100 גרם,false,1,11.90,5.17,false,1,
7290113193017,false,בית השיטה חרוזית קוקטייל זיתים 275 גרם,קבוצת אוסם סחר שותפות מוגבלת,,,'יח,2.75,ל-100 גרם,false,1,14.90,5.42,false,1,
7290113193031,false,חרוזית קלמטה - זיתים שחורים ללא גלעין קלמטה,קבוצת אוסם סחר שותפות מוגבלת,,,'יח,2.75,ל-100 גרם,false,1,11.90,4.33,false,1,
7290113193321,false,שמן זית כתית מעולה בית השיטה 750 מייל,קבוצת אוסם סחר שותפות מוגבלת,,,'יח,7.50,"ל-100 מ""ל",false,1,29.90,3.99,false,1,
7290113193406,false,"קוקטייל טבעות זיתים - זיתים ירוקים, שחורים מרינד",קבוצת אוסם סחר שותפות מוגבלת,,,'יח,2.80,ל-100 גרם,false,1,12.90,4.61,false,1,
7290113193888,false,בית השיטה חצילים מוחמצים 320 גרם,קבוצת אוסם סחר שותפות מוגבלת,,,'יח,3.20,ל-100 גרם,false,1,10.90,3.41,false,1,
7290113194090,false,בית השיטה טבעות זיתים קלמטה 280 גרם,קבוצת אוסם סחר שותפות מוגבלת,,,'יח,2.80,ל-100 גרם,false,1,14.90,5.32,false,1,
7290113194649,false,בית השיטה מלפפונים במלח קוביות 320 גרם,קבוצת אוסם סחר שותפות מוגבלת,,,'יח,3.20,ל-100 גרם,false,1,10.90,3.41,false,1,
7290113196414,false,"אורז בסמטי 1 ק""ג - שקדיה כחול מטאלי",דין שיווק וקליה 2021 בעמ,,,'יח,10,ל-100 גרם,false,1,10.90,1.09,false,1,
7290113196490,false,פריכיות כוסמת בתוספת זרעי ציה שקדיה 150 גרם,דין שיווק וקליה 2021 בעמ,,,'יח,1.50,ל-100 גרם,false,1,9.90,6.60,false,1,
7290113196506,false,פריכיות כוסמת ללא מלח שקדיה 150 גרם,דין שיווק וקליה 2021 בעמ,,,'יח,1.50,ל-100 גרם,false,1,10.90,7.27,false,1,
7290113196513,false,פריכיות כוסמת בתוספת שקדים שקדיה 150 גרם,דין שיווק וקליה 2021 בעמ,,,'יח,1.50,ל-100 גרם,false,1,9.90,6.60,false,1,
7290113196520,false,פריכיות כוסמין ללא מלח שקדיה 150 גרם,דין שיווק וקליה 2021 בעמ,,,'יח,1.50,ל-100 גרם,false,1,10.90,7.27,false,1,
7290113197855,false,תירס גמדי 230 גרם בית השיטה,קבוצת אוסם סחר-שות.מוגבלת,,,'יח,2.30,ל-100 גרם,false,1,9.90,4.30,false,1,
7290113198579,false,סוכריות גומי דובונים בטעמי פירות 200 ג' שקדיה,דין שיווק וקליה 2021 בעמ,,,'יח,2,ל-100 גרם,false,1,9.90,4.95,false,1,
7290113198586,false,סוכריות גומי מסוכרות בטעם אפרסק 200 ג' שקדיה,דין שיווק וקליה 2021 בעמ,,,'יח,2,ל-100 גרם,false,1,9.90,4.95,false,1,
7290113199323,false,עלי טורטילוס בוריטו150גר,אלקטי קוראבייכיסיגידה טו,,,'יח,1.50,ל-100 גרם,false,1,4.90,3.27,false,1,
7290113199842,false,מגש אירוח סוכריות גומי 700 ג' שקדיה,דין שיווק וקליה 2021 בעמ,,,'יח,7,ל-100 גרם,false,1,30.90,4.41,true,1,
7290113199866,false,מגש אירוח אגוזים קלויים וחטיפים מלוחים מקל 450 ג',****דין שיווק וקליה 2021 בעמ,,,'יח,1,'יח,false,1,29.90,29.90,false,1,
7290113199903,false,סוכריות חמצוצים בטעם תות בננה 180 ג' שקדיה,דין שיווק וקליה 2021 בעמ,,,'יח,1.80,ל-100 גרם,false,1,9.90,5.50,false,1,
7290113199910,false,סוכריות חמצוצים בטעם קולה 180 ג' שקדיה,דין שיווק וקליה 2021 בעמ,,,'יח,1.80,ל-100 גרם,false,1,9.90,5.50,false,1,
7290113199934,false,סוכריות חמצוצים בטעם אוכמניות 180 ג' שקדיה,דין שיווק וקליה 2021 בעמ,,,'יח,1.80,ל-100 גרם,false,1,9.90,5.50,false,1,
7290113305816,false,סופרים סלמון לכלב 400 גרם,שחורי אריה ואנסטסיה,,,'יח,4,ל-100 גרם,false,1,4,1,false,1,
7290113305854,false,סופרים בקר לחתול 400 גרם,שחורי אריה ואנסטסיה,,,'יח,4,ל-100 גרם,false,1,4,1,false,1,
7290113463646,false,גבינה צהובה גאודה 28% פרוסה 400 גרם,אדום גרופ למזון שיווק והפצה בע,,,'יח,4,ל-100 גרם,false,1,13.60,3.40,false,1,
7290113469952,false,גבינה צהובה גאודה 28% מגורדת 300 גרם,אדום גרופ למזון שיווק והפצה בע,,,'יח,3,ל-100 גרם,false,1,12.90,4.30,false,1,
7290114310215,false,"שמנת מתוקה 38% רמת הגולן 250 מ""ל ווסטהיים - מוצר בפיקוח",החברה המרכזית טלהפצת משקאות בע,,,'יח,2.50,"ל-100 מ""ל",false,1,6.40,2.56,false,1,
7290114310239,false,חלב נטול לקטוז מועשר בוויטמין D י 2% 1.5 ל' טרה,החברה המרכזית טלהפצת משקאות בע,,,'יח,15,"ל-100 מ""ל",false,1,12.90,0.86,false,1,
7290114310338,false,צפתית מעודנת 5% בגביע 225 גרם משק צוריאל,החברה המרכזית טלהפצת משקאות בע,,,'יח,2.50,ל-100 גרם,false,1,18.90,7.56,false,1,
7290114310536,false,יוגורט לייט מעושר חלבון 25 גרם חלבון וניל MULLER ACTIVE,*החברה המרכזית להפצת משקאותבעמ,,,'יח,2,ל-100 גרם,false,1,5.90,2.95,true,1,
7290114310550,false,גבינת פטה עיזים מעודנת 5% משק צוריאל 200 גרם,החברה המרכזית טלהפצת משקאות בע,,,'יח,2,ל-100 גרם,false,1,26.90,13.45,false,1,
7290114310628,false,משקה חלב וניל ועוגיות בקבוק 1 ליטר,החברה המרכזית טלהפצת משקאות בע,,,'יח,10,"ל-100 מ""ל",false,1,11.90,1.19,false,1,
7290114311069,false,יוגורט לבן מועשר בחלבון 0% שומן 200 גרם muller active,החברה המרכזית טלהפצת משקאות בע,,,'יח,2,ל-100 גרם,false,1,5.90,2.95,true,1,
7290114311205,false,תום עיזים ביין צוריאל 160 גר`,החברה המרכזית להפצה,,,'יח,1.60,ל-100 גרם,false,1,28.90,18.06,false,1,
7290114311298,false,יוגורט מולר פרופ בטעם תות בננה מלון 150,החברה המרכזית טלהפצת משקאות בע,,,'יח,1.50,"ל-100 מ""ל",false,1,5.20,3.47,false,1,
7290114311304,false,יוגורט קציפת מנגו פסיפלורה בננה 150 ג' מולר,החברה המרכזית טלהפצת משקאות בע,,,'יח,1.50,"ל-100 מ""ל",false,1,5.20,3.47,false,1,
7290114311328,false,חלב מועשר דל לקטוז מעושר בויטמין Dי 2% שומן טרה 1 ליטר,*החברה המרכזית להפצת משקאותבעמ,,,'יח,10,ל-100 גרם,false,1,7.90,0.79,false,1,
7290114311359,false,יוגורט עם קציפת מנגו 3% שומן פרופ 150 ג' מולר,החברה המרכזית טלהפצת משקאות בע,,,'יח,1.50,"ל-100 מ""ל",false,1,5.20,3.47,false,1,
7290114311434,false,מולר אקטיב יוגורט חלבון קרמל מלוח 200 גרם,החברה המרכזית טלהפצת משקאות בע,,,'יח,2,ל-100 גרם,false,1,5.90,2.95,true,1,
7290114311441,false,מולר אקטיב יוגורט חלבון עוגיות חמאה 200 גרם,החברה המרכזית טלהפצת משקאות בע,,,'יח,2,ל-100 גרם,false,1,5.90,2.95,true,1,
7290114311496,false,קרטון חלב מועשר 1% שומן 1 ליטר טרה,החברה המרכזית טלהפצת משקאות בע,,,'יח,10,ל-100 גרם,false,1,7.90,0.79,false,1,
7290114600941,false,מאסטר שף מיונז הולנדי לחיץ 435 גרם,ש. שסטוביץ בע`מ,,,'יח,4.35,ל-100 גרם,false,1,13.90,3.20,false,1,
7290114600996,false,מאסטר שף רוטב שום 256 גרם,ש. שסטוביץ בע`מ,,,'יח,2.50,ל-100 גרם,false,1,9.90,3.96,false,1,
7290114604895,false,מאסטר שף מיונז ספייסי לחיץ 446 גרם,ש. שסטוביץ בע`מ,,,'יח,4.35,ל-100 גרם,false,1,13.90,3.20,false,1,
7290114604932,false,מאסטר שף רוטב ברביקיו דבש 520 גרם,רמיה סי.וי. הולנד,,,'יח,5.24,ל-100 גרם,false,1,12.90,2.46,true,1,
7290114604949,false,מאסטר שף רוטב ברביקיו 524 גרם,רמיה סי.וי. הולנד,,,'יח,5.24,ל-100 גרם,false,1,12.90,2.46,true,1,
7290114604963,false,מאסטר שף פירורי לחם מתובלים 230 גרם,ש. שסטוביץ בע`מ,,,'יח,2.30,ל-100 גרם,false,1,6.90,3,false,1,
7290114606530,false,רוטב בטעם מיונז וקטשופ 515 גרם מאסטר שף,ש. שסטוביץ בע`מ,,,'יח,4.35,ל-100 גרם,false,1,13.90,3.20,false,1,
7290114606547,false,מיונז פטריות כמהין לחיץ מאסטר שף 242 גרם,ש. שסטוביץ בע`מ,,,'יח,4.35,ל-100 גרם,false,1,13.90,3.20,false,1,
7290114606554,false,מיונז מופחת קלוריות בקבוק לחיץ,ש. שסטוביץ בע`מ,,,'יח,4.35,ל-100 גרם,false,1,13.90,3.20,false,1,
7290114606561,false,מאסטר שף אטריות אורז דקות ורמיצ'לי 400 ג,לינג טונג רייס ורמיצ'ילי,,,'יח,4,"ל-100 מ""ל",false,1,8.90,2.23,false,1,
7290114606578,false,מאסטר שף שקדי מרק 400 גרם,ש. שסטוביץ בע`מ,,,'יח,4,ל-100 גרם,false,1,9.90,2.48,false,1,
7290114608695,false,מיונז עם ווסאבי לחיץ מאסטר שף 241 גרם,ש. שסטוביץ בע`מ,,,'יח,2.41,ל-100 גרם,false,1,13.90,5.77,false,1,
7290115200003,false,אסם פתי בר פינוקי וניל 16*220 ג',קבוצת אוסם סחר שותפות מוגבלת,,,'יח,2.20,ל-100 גרם,false,1,10.90,4.95,true,1,
7290115200027,false,אסם פתי בר פינוקים שוקו 220 גרם,קבוצת אוסם סחר שותפות מוגבלת,,,'יח,2.20,ל-100 גרם,false,1,10.90,4.95,true,1,
7290115200676,false,עוגיות קרמוגית במילוי קרם בטעם קרמל מלוח,קבוצת אוסם סחר שותפות מוגבלת,,,'יח,2,ל-100 גרם,false,1,10.90,5.45,true,1,
7290115200713,false,במבה קלאסי מארז אחיד 5*50 גר` אסם,קבוצת אוסם סחר שותפות מוגבלת,,,'יח,2.50,ל-100 גרם,false,1,11.90,4.76,true,1,
7290115201031,false,פתי בר פינוקי דובי שוקולד 175גר.,קבוצת אוסם סחר שותפות מוגבלת,,,'יח,2.20,ל-100 גרם,false,1,10.90,4.95,true,1,
7290115201550,false,חטיף ביסלי קרנבל מיקס 150 גר אסם,קבוצת אוסם סחר שותפות מוגבלת,,,'יח,1.50,ל-100 גרם,false,1,7.90,5.27,true,1,
7290115201680,false,ביסלי חטיף בטעם ברביקין אסם (70 גרם),קבוצת אוסם סחר שותפות מוגבלת,,,'יח,0.70,ל-100 גרם,false,1,3.90,5.57,true,1,
7290115201703,false,ביסלי חטיף בטעם ברביקין אסם (200 גרם),קבוצת אוסם סחר שותפות מוגבלת,,,'יח,2,ל-100 גרם,false,1,7.90,3.95,true,1,
7290115202236,false,טופו קראנצי`ם 470 גרם טבעול,קבוצת אוסם סחר שותפות מוגבלת,,,'יח,4.70,ל-100 גרם,false,1,31.90,6.79,true,1,
7290115202434,false,צבר סלט חומוס עם זעתר 375 גרם,קבוצת אוסם סחר שותפות מוגבלת,,,'יח,3.75,ל-100 גרם,false,1,12.90,3.44,false,1,
7290115202816,false,מנה חמה פאוץ נודלס אטריות טעם עוף 70 גרם,קבוצת אוסם סחר שותפות מוגבלת,,,'יח,7,ל-100 גרם,false,1,4.90,0.70,false,1,
7290115202847,false,מנה חמה פאוצ' נדלס ספייסי אסם 70 ג',קבוצת אוסם סחר שותפות מוגבלת,,,'יח,7,ל-100 גרם,false,1,4.90,0.70,false,1,
7290115203134,false,חטיף פופקו פופקורן במבה אסם (80 גרם),קבוצת אוסם סחר שותפות מוגבלת,,,'יח,0.80,ל-100 גרם,false,1,3.90,4.88,true,1,
7290115203295,false,פרפקטו פסטה ריציאולי מהדורה 12*500גרם,קבוצת אוסם סחר-שות.מוגבלת,,,'יח,5,ל-100 גרם,false,1,10,2,false,1,
7290115203486,false,פירורית בטעם ביסלי גריל אסם 200 גרם,קבוצת אוסם סחר שותפות מוגבלת,,,'יח,2,ל-100 גרם,false,1,5.90,2.95,false,1,
7290115204056,false,"קטשופ מופחת סוכר אסם 690 גרם כשל""פ",קבוצת אוסם סחר שותפות מוגבלת,,,'יח,7.50,ל-100 גרם,false,1,11.90,1.59,true,1,
7290115204155,false,סחוג אדום המעדנייה ש,קבוצת אוסם סחר שותפות מוגבלת,,,'יח,1.90,ל-100 גרם,false,1,13.90,7.32,false,1,
7290115205251,false,פיטנס בר פירכיות קרמל מלוח 84 גרם,קבוצת אוסם סחר שותפות מוגבלת,,,'יח,0.84,ל-100 גרם,false,1,13.80,16.43,false,1,
7290115205312,false,קרקר פיטנס דק עם זיתי קלמטה ועשבי תיבול,קבוצת אוסם סחר שותפות מוגבלת,,,'יח,1.40,ל-100 גרם,false,1,11.90,8.50,true,1,
7290115205527,false,חטיף מולטיגריין עם עדשים ( 25 גר`) פיטנס,קבוצת אוסם סחר שותפות מוגבלת,,,'יח,0.25,ל-100 גרם,false,1,4.90,19.60,false,1,
7290115205541,false,חטיף מולטיגריין עם חומוס ( 25 גר`) פיטנס,קבוצת אוסם סחר שותפות מוגבלת,,,'יח,0.25,ל-100 גרם,false,1,4.90,19.60,false,1,
7290115205978,false,פתיבר ואצבעות שוקולד 180 גרם - רבנות,קבוצת אוסם סחר שותפות מוגבלת,,,'יח,1.80,ל-100 גרם,false,1,10.90,6.06,true,1,
7290115206173,false,אסם פתי בר קרמל 12*500 גרם חדש,קבוצת אוסם סחר שותפות מוגבלת,,,'יח,5,ל-100 גרם,false,1,11.90,2.38,true,1,
7290115207361,false,ביסקוויט פתיבר בטעם פיסטוק,קבוצת אוסם סחר שותפות מוגבלת,,,'יח,5,ל-100 גרם,false,1,11.90,2.38,true,1,
7290115207484,false,צבר סלט חציל על האש היתר 360 גרם,קבוצת אוסם סחר שותפות מוגבלת,,,'יח,4,ל-100 גרם,false,1,16.90,4.23,false,1,
7290115207620,false,"אסם רוטב בסגנון סויה קלאסי 290 מ""ל",קבוצת אוסם סחר שותפות מוגבלת,,,'יח,2.90,"ל-100 מ""ל",false,1,12.90,4.45,true,1,
7290115207682,false,אסם רוטב בסגנון סויה סיני 9*290מל חדש,קבוצת אוסם סחר שותפות מוגבלת,,,'יח,2.90,"ל-100 מ""ל",false,1,10.90,3.76,true,1,
7290115207880,false,סירופ ויטמינציק פטל 2 ליטר,קבוצת אוסם סחר שותפות מוגבלת,,,'יח,1,,false,1,39.90,39.90,true,1,
7290115207941,false,ויטמינצ'יק אננס סירופ 1 ליטר,קבוצת אוסם סחר שותפות מוגבלת,,,'יח,10,"ל-100 מ""ל",false,1,20.90,2.09,true,1,
7290115207965,false,ויטמינצ'יק תרכיז מנגו אפרסק 1 ליטר,קבוצת אוסם סחר שותפות מוגבלת,,,'יח,10,"ל-100 מ""ל",false,1,20.90,2.09,true,1,
7290115207989,false,ויטמינצ'יק תרכיז לימון 1 ליטר,קבוצת אוסם סחר שותפות מוגבלת,,,'יח,10,"ל-100 מ""ל",false,1,20.90,2.09,true,1,
7290115208009,false,ויטמינצ'יק ענבים סירופ 1 ליטר,קבוצת אוסם סחר שותפות מוגבלת,,,'יח,10,"ל-100 מ""ל",false,1,20.90,2.09,true,1,
7290115208047,false,סירופ פטל ויטמינצ`יק (1 ליטר),קבוצת אוסם סחר שותפות מוגבלת,,,'יח,10,"ל-100 מ""ל",false,1,20.90,2.09,true,1,
7290115208061,false,ויטמינצ'יק תפוח סירופ 1 ליטר,קבוצת אוסם סחר שותפות מוגבלת,,,'יח,10,"ל-100 מ""ל",false,1,20.90,2.09,true,1,
7290115208597,false,אסם קרמוגית מיניס קרמל מלוח 200 גרם,קבוצת אוסם סחר שותפות מוגבלת,,,'יח,2,ל-100 גרם,false,1,10.90,5.45,false,1,
7290115209174,false,במבה אורירית קלאסי 60 גר',קבוצת אוסם סחר-שות.מוגבלת,,,'יח,6,ל-100 גרם,false,1,3.90,0.65,true,1,
7290115209235,false,ביסקוויט פתי בר קפה אסם (500 גרם),קבוצת אוסם סחר שותפות מוגבלת,,,'יח,5,ל-100 גרם,false,1,11.90,2.38,true,1,
7290115480009,false,"מרכך כביסה מרוכז פרש קונטרול ירוק 900 מ""ל סוד",גורי שיווק בעמ,,,'יח,9,"ל-100 מ""ל",false,12,12.90,1.43,false,1,
7290115620719,false,"סכין חיתוך משוננת 14 ס""מ FOOD APPEAL",ד.ג.ש ייבוא ושיווק בעמ,,,'יח,1,,false,1,14.90,14.90,false,1,
7290115670684,false,גרנולה שיבולת שועל עם אגוזי לוז,אנרג'י Energy - שטראוס,,,'יח,4,ל-100 גרם,false,1,11.90,2.98,false,1,
7290115670691,false,גרנולה שיבולת שועל עם פירות יער,אמקו ספול אס. אר.או,,,'יח,4,ל-100 גרם,false,1,11.90,2.98,false,1,
7290115671155,false,שלישיית סוכריות מאסט FRESH ענבים 45 גרם,"שטראוס גרופ בע""מ",,,'יח,0.45,ל-100 גרם,false,1,7.90,17.56,false,1,
7290115671223,false,מסטיק מאסט פאן אבטיח מנגו צנצנת 58 גרם,שטראוס גרופ בע`מ,,,'יח,1,,false,12,9.90,9.90,true,1,
7290115671308,false,מסטיק מאסט פאן בצנצנת תות דובדבן,"שטראוס גרופ בע""מ",,,'יח,1,,false,12,9.90,9.90,false,1,
7290115671339,false,מיני פינוקיות בראוניז בייגל בוטן עלית 180 ג' עלית,"הגביע מוצרי ופלים בע""\מ",,,'יח,2,ל-100 גרם,false,1,9.90,4.95,false,1,
7290115676082,false,משקה דנונה פרו 20 יוגורט תות 255 ג' רבנות,שטראוס גרופ בעמ/מצונן,,,'יח,2.25,ל-100 גרם,false,1,6.90,3.07,false,1,
7290115676099,false,משקה דנונה פרו 20 יוגורט וניל 255 ג' רבנות,שטראוס גרופ בעמ/מצונן,,,'יח,2.25,ל-100 גרם,false,1,6.90,3.07,false,1,
7290115676341,false,אריזות דבש אישיות טו גו 18 * 162 ג' יד מרדכי,מכוורת יד מרדכי שטראוס ב,,,'יח,1,'יח,false,1,19.90,19.90,false,1,
7290115677089,false,קונפיטורת יד מרדכי תפוח וקינמון 340 גרם,שטראוס גרופ בע`מ,,,'יח,3.40,ל-100 גרם,false,1,14.90,4.38,true,1,
7290115677966,false,ממרח אבוקדו טעם הטבע 200 גרם,שטראוס גרופ בעמ/מצונן,,,'יח,2,ל-100 גרם,false,1,14.90,7.45,false,1,
7290115678376,false,מעדן הגולן שוקולד 125 גרם,שטראוס גרופ בעמ/מצונן,,,'יח,1.25,ל-100 גרם,false,1,2.90,2.32,true,1,
7290115678383,false,מעדן הגולן שוקולד מריר בודד 125גר,שטראוס גרופ בעמ/מצונן,,,'יח,1.25,ל-100 גרם,false,1,2.90,2.32,true,1,
7290116053165,false,אטבי כביסה סופר מילניום,ד.ג.ש ייבוא ושיווק בעמ,,,'יח,0,'יח,false,1,19.90,19.90,false,1,
7290116053868,false,רשת צלייה XL,ד.ג.ש ייבוא ושיווק בעמ,,,'יח,1,,false,1,19.90,19.90,false,1,
7290116278014,false,ריאות בקר,ג.ת שווק בן בקר בע`מ,,,"ק""ג",1,'יח,true,1,24.90,24.90,false,1,
7290116530000,false,"דאב - תרחיץ פנים מרענן בניחוח מלפפון ותה ירוק 180 מ""ל",יוניליוור ישראל שיווק בע`מ,,,'יח,1.80,"ל-100 מ""ל",false,1,17.90,9.94,false,1,
7290116530161,false,"תחליב רחצה בניחוח שייק אננס, מלון וחלב שיבולת שועל",יוניליוור ישראל שיווק בע`מ,,,'יח,7,"ל-100 מ""ל",false,1,10.90,1.56,false,1,
7290116530482,false,תלמה מארז קורנפלקס אלופים 30 גרם*5 יחידו,יוניליוור ישראל שיווק בע`מ,,,'יח,1.50,ל-100 גרם,false,1,11.90,7.93,false,1,
7290116531083,false,"ברנפלקס ללא ת.סוכר בטעם דבש בתוספת שקדים, 400 גרם",יוניליוור ישראל שיווק בע`מ,,,'יח,3.75,ל-100 גרם,false,1,23.50,6.27,false,1,
7290116531557,false,"פריכיות פתית תירס עם מלח 150 גרם כשל""פ",יוניליוור ישראל שיווק בע`מ,,,'יח,1.50,ל-100 גרם,false,1,10.90,7.27,false,1,
7290116531656,false,מרכך פינוק לשיער בניחוח תפוח 700 גרם,"יוניליוור ישראל שיווק בע""מ",,,'יח,7,"ל-100 מ""ל",false,1,11.90,1.70,false,1,
7290116531663,false,"תחליב רחצה בניחוח תפוח 700 מ""ל פינוק",יוניליוור ישראל שיווק בע`מ,,,'יח,7,"ל-100 מ""ל",false,1,10.90,1.56,false,1,
7290116531779,false,דפים ריחניים למייבש כביסה בדין כחול 40 יחידות,"יוניליוור ישראל שיווק בע""מ",,,'יח,1,ל-100 גרם,false,1,18.90,18.90,false,1,
7290116531793,false,הלמנ'ס רוטב לסלט קיסר 295 גרם,"יוניליוור ישראל שיווק בע""מ",,,'יח,2.95,ל-100 גרם,false,1,10.90,3.69,false,1,
7290116532011,false,קליק אוקיי נוגט בציפוי שוקולד חלב 35 גרם,יוניליוור ישראל שיווק בע`מ,,,'יח,0.35,ל-100 גרם,false,1,4.80,13.71,false,1,
7290116532387,false,"אל סבון ידיים נוזלי חמאת שיאה 950 מ""ל פינוק",יוניליוור ישראל שיווק בע`מ,,,'יח,1,'יח,false,1,11.90,11.90,false,1,
7290116532769,false,גרנולה פרוטאין גרנולה חלבון תפוח וקינמון תלמה 300 גרם,יוניליוור ישראל שיווק בע`מ,,,'יח,3,ל-100 גרם,false,1,15.90,5.30,false,1,
7290116532868,false,פינוק בייבי שמפו אל דמע לתינוקות 900 מל,יוניליוור ישראל שיווק בע`מ,,,'יח,9,"ל-100 מ""ל",false,1,19.90,2.21,false,1,
7290116532875,false,פינוק בייבי אל סבון לתינוקות 970 מל-משאבה,יוניליוור ישראל שיווק בע`מ,,,'יח,9,"ל-100 מ""ל",false,1,19.90,2.21,false,1,
7290116532882,false,נישנושים איירביס טעם בצל 155 גר`,יוניליוור ישראל שיווק בע`מ,,,'יח,1.55,ל-100 גרם,false,1,12.90,8.32,true,1,
7290116532899,false,נישנושים איירביס טעם פלאפל 155 גר`,"יוניליוור ישראל שיווק בע""מ",,,'יח,1.55,ל-100 גרם,false,1,12.90,8.32,true,1,
7290116532905,false,נישנושים איירביס טעם ברביקיו 155 גר`,יוניליוור ישראל שיווק בע`מ,,,'יח,1.55,ל-100 גרם,false,1,12.90,8.32,true,1,
7290116533063,false,דגני בוקר שוגי קרטיב ענבים 400 גרם,יוניליוור ישראל שיווק בע`מ,,,'יח,4,ל-100 גרם,false,1,19.90,4.98,true,1,
7290116533094,false,"פינוק שמפו שיער בניחוח ורדים לבנים 700 מ""ל",יוניליוור ישראל שיווק בע`מ,,,'יח,7,"ל-100 מ""ל",false,1,12.90,1.84,false,1,
7290116533117,false,"פינוק - תחליב רחצה בניחוח ורדים לבנים 700 מ""ל",יוניליוור ישראל שיווק בע`מ,,,'יח,7,"ל-100 מ""ל",false,1,10.90,1.56,false,1,
7290116533230,false,דליאגוז 400ג אגוזי לוז שלמים,יוניליוור ישראל שיווק בע`מ,,,'יח,4,ל-100 גרם,false,1,21.90,5.48,false,1,
7290116930015,false,GO חטיף חלבון חטיף בוטנים קריספי 20 גרם חלבון,"בלמונט קונפקציות בע""\מ.",,,'יח,1,ל-100 גרם,false,1,11.90,11.90,true,1,
7290116930435,false,יופלה גו במרקם סמיך עם דובדבן 0% 200מל,תנובה מרכז שיתופי לש,,,'יח,2,ל-100 גרם,false,1,5.90,2.95,false,1,
7290116930459,false,"יופלה שייק מנגו בננה אננס וקוקוס 230 מ""ל",קבוצת המזון אקטשלאר,,,'יח,1.20,ל-100 גרם,false,1,7.90,6.58,false,1,
7290116930466,false,"משקה SHAKE בננה מנגן פסיפלורה והל 230 מ""ל יופלה",קבוצת המזון אקטשלאר,,,'יח,1.20,ל-100 גרם,false,1,7.90,6.58,false,1,
7290116930480,false,"משקה SHAKE בננה קיווי תפוח 230 מ""ל יופלה",קבוצת המזון אקטשלאר,,,'יח,1.20,ל-100 גרם,false,1,7.90,6.58,false,1,
7290116930701,false,מעדן חלב GO מועשר בחלבון בטעם קרמל מלוח,תנובה מרכז שיתופי לש,,,'יח,1.20,ל-100 גרם,false,1,4.90,4.08,false,1,
7290116931074,false,פרוסות טל העמק 32% שומן 300 גרם,"תנובה בע""מ ***",,,'יח,3,ל-100 גרם,false,1,25.90,8.63,false,1,
7290116931104,false,יופלה GO במרקם סמיך עם אננס 0% תנובה 200 גרם,תנובה בעמ ***,,,'יח,2,ל-100 גרם,false,1,5.90,2.95,false,1,
7290116931241,false,קוטג תנובה 12% שומן,תנובה -חלב,,,'יח,2.50,ל-100 גרם,false,1,6.90,2.76,false,1,
7290116931289,false,יוגורט גו סמיך 0% אלפחורס 200 גרם,תנובה בעמ ***,,,'יח,2,ל-100 גרם,false,1,5.90,2.95,false,1,
7290116931463,false,מאגדת צפתית 2* 200 גרק,תנובה בעמ ***,,,'יח,4,ל-100 גרם,false,1,26.90,6.73,false,1,
7290116931517,false,מאגדת גבינת לבנה 5%,תנובה חלב,,,'יח,5,ל-100 גרם,false,1,14.90,2.98,false,1,
7290117030363,false,"כוסות מעוטרות ""האומן"" 40 יח ""שווה""",ח.כהן סוכנות מזון ומשקאות בע,,,'יח,1,'יח,false,1,11.90,11.90,true,1,
7290117030554,false,10 תבניות זהב ומכסים מרובע אישי ALU23,ח.כהן סוכנות מזון ומשקאות בע,,,'יח,1,'יח,false,1,12.90,12.90,true,1,
7290117030752,false,תבניות ארוז *7 (R31/105) מרובעות שווה,ח.כהן סוכנות מזון ומשקאות בע,,,'יח,1,'יח,false,1,8.90,8.90,true,1,
7290117030769,false,תבניות ארוז (R2/90)*7 מלבן ארוך שווה ח,ח.כהן סוכנות מזון ומשקאות בע,,,'יח,1,'יח,false,1,8.90,8.90,true,1,
7290117030776,false,תבניות ארוז מלבן עמוק *7 (R64/80A) שוו,ח.כהן סוכנות מזון ומשקאות בע,,,'יח,1,'יח,false,1,8.90,8.90,true,1,
7290117030783,false,תבניות ארוז *4 (R99/210) ענקיות חדש ש,ח.כהן סוכנות מזון ומשקאות בע,,,'יח,1,'יח,false,1,8.90,8.90,true,1,
7290117030790,false,תבניות ארוז *10 R88 אינגליש שווה חדש,ח.כהן סוכנות מזון ומשקאות בע,,,'יח,1,'יח,false,1,8.90,8.90,true,1,
7290117030806,false,תבניות ארוז *10 טוסטר (R29 B8) שווה חד,ח.כהן סוכנות מזון ומשקאות בע,,,'יח,1,'יח,false,1,8.90,8.90,true,1,
7290117030813,false,תבניות ארוז *4 C60 עגול עמוק שווה חדש,ח.כהן סוכנות מזון ומשקאות בע,,,'יח,1,'יח,false,1,8.90,8.90,true,1,
7290117031506,false,כוסות נייר 40 יחי` 8B שרול שקוף (25בק,ח.כהן סוכנות מזון ומשקאות בע,,,'יח,1,,false,1,8.90,8.90,true,1,
7290117032008,false,מזלגונים איכותי 40יח קרם שווה,ח.כהן סוכנות מזון ומשקאות בע,,,'יח,1,'יח,false,1,5.90,5.90,true,1,
7290117032015,false,מזלגות איכותים 40יח שקוף שווה *,ח.כהן סוכנות מזון ומשקאות בע,,,'יח,1,'יח,false,1,5.90,5.90,true,1,
7290117032060,false,כפות איכותיות 40יח קרם שווה*,ח.כהן סוכנות מזון ומשקאות בע,,,'יח,1,'יח,false,1,5.90,5.90,true,1,
7290117032077,false,כפות איכותיות 40יח שקוף שווה*,ח.כהן סוכנות מזון ומשקאות בע,,,'יח,1,'יח,false,1,5.90,5.90,true,1,
7290117032091,false,כפיות איכותיות 40יח קרם שווה*,ח.כהן סוכנות מזון ומשקאות בע,,,'יח,1,'יח,false,1,5.90,5.90,true,1,
7290117032541,false,צלחת קטנה אריזה משפחתית 75יח שווה,ח.כהן סוכנות מזון ומשקאות בע,,,'יח,1,,false,1,24.90,24.90,true,1,
7290117032589,false,צלחת גדולה אריזה משפחתית 60יח שווה,ח.כהן סוכנות מזון ומשקאות בע,,,'יח,1,'יח,false,1,24.90,24.90,true,1,
7290117032596,false,"צלחות גדולות 60 יח אריזה משפחתית ""שווה",ח.כהן סוכנות מזון ומשקאות בע,,,'יח,1,'יח,false,1,24.90,24.90,true,1,
7290117032602,false,צלחת ענקית אריזה משפחתית 35יח שווה,ח.כהן סוכנות מזון ומשקאות בע,,,'יח,1,,false,1,24.90,24.90,false,1,
7290117033005,false,מארז פופקורן למיקרו מלח 5*100 ג`שווה*,ח.כהן סוכנות מזון ומשקאות בע,,,'יח,5,ל-100 גרם,false,1,10.90,2.18,true,1,
7290117033012,false,מארז פופקורן למיקרו חמאה 5*100 ג`שווה*,ח.כהן סוכנות מזון ומשקאות בע,,,'יח,5,ל-100 גרם,false,1,10.90,2.18,true,1,
7290117132685,false,כבל טייפ-סי MOMA,הום פרפקט ק.ד.מ בעמ,,,'יח,1,,false,1,14.90,14.90,true,1,
7290117132715,false,כבל לאיפון MOMA,הום פרפקט ק.ד.מ בעמ,,,'יח,1,,false,1,14.90,14.90,true,1,
7290117260050,false,קונפיטורה חבושים ויליפוד 380 גרם,ג. וילי-פוד אינטרנשיונל בע`מ,,,'יח,1,,false,1,8.90,8.90,false,1,
7290117260074,false,שעועית ירוקה חתוכה ויליפוד 800 גרם,ג. וילי-פוד אינטרנשיונל בע`מ,,,'יח,8,ל-100 גרם,false,1,6.90,0.86,false,1,
7290117260449,false,גבינה בולגרית מעודנת למריחה בטעם טבעי 5% שומן 200 ג' יורו,ג.וילי-פוד אינטרנשיונל **גבינו,,,'יח,2,ל-100 גרם,false,1,10.90,5.45,false,1,
7290117260456,false,גבינה בולגרית מעודנת למריחה עם זיתים 5% שומן 200 ג' יורו,ג.וילי-פוד אינטרנשיונל **גבינו,,,'יח,2,ל-100 גרם,false,1,10.90,5.45,false,1,
7290117260470,false,גבינה בולגרית מעודנת למריחה עם שום 5% שומן 200 ג' יורו,ג.וילי-פוד אינטרנשיונל **גבינו,,,'יח,2,ל-100 גרם,false,1,10.90,5.45,false,1,
7290117260494,false,"ניוקי תפו""א מצונן 3 צבעים 500 גרם ויליפוד",ג.וילי-פוד אינטרנשיונל **גבינו,,,'יח,5,ל-100 גרם,false,1,9.90,1.98,false,1,
7290117260562,false,חמאה כפרית מסורתית בגביע,ג.וילי-פוד אינטרנשיונל **גבינו,,,'יח,2.25,ל-100 גרם,false,1,16.90,7.51,false,1,
7290117260890,false,פופקורן בציפוי בטעם קוקוס 90 גרם,ג. וילי-פוד אינטרנשיונל בע`מ,,,'יח,0.90,ל-100 גרם,false,1,6.90,7.67,true,1,
7290117260906,false,פופקורן בציפוי בטעם פירות 90 גרם,ג. וילי-פוד אינטרנשיונל בע`מ,,,'יח,0.90,ל-100 גרם,false,1,6.90,7.67,true,1,
7290117260913,false,פופקורן בציפוי בטעם שוקולד 90 גרם,ג. וילי-פוד אינטרנשיונל בע`מ,,,'יח,0.90,ל-100 גרם,false,1,6.90,7.67,true,1,
7290117260951,false,ביסקוויטים ללא גלוטן ופירות הדר ויליפוד 125 גרם,ג. וילי-פוד אינטרנשיונל בע`מ,,,'יח,1.25,ל-100 גרם,false,1,9.90,7.92,false,1,
7290117260975,false,זיתי קלמטה מגולענים במי מלח 300 גרם ויליפוד,ג. וילי-פוד אינטרנשיונל בע`מ,,,'יח,3,ל-100 גרם,false,1,8.90,2.97,false,1,
7290117261002,false,זיתי קלמטה במי מלח 350 גרם ויליפוד,ג. וילי-פוד אינטרנשיונל בע`מ,,,'יח,3.50,ל-100 גרם,false,1,8.90,2.54,false,1,
7290117261019,false,זיתים ירוקים ממולאים מחית פלפלים אדומים במי מלח 300 גרם,ג. וילי-פוד אינטרנשיונל בע`מ,,,'יח,3,ל-100 גרם,false,1,8.90,2.97,true,1,
7290117261088,false,בוראטה גבינת מוצרלה רכה 18% שומן 125 גר`,ג.וילי-פוד אינטרנשיונל **גבינו,,,'יח,1.25,ל-100 גרם,false,1,19.90,15.92,false,1,
7290117261415,false,euro cheese יוגורט פרוביוטי 2.7% שומן 125 גרם,ג.וילי-פוד אינטרנשיונל **גבינו,,,'יח,1.25,ל-100 גרם,false,1,2.90,2.32,true,1,
7290117261439,false,euro cheese יוגורט פרוביוטי פירות יער 2% שומן 125 גרם,ג.וילי-פוד אינטרנשיונל **גבינו,,,'יח,1.25,ל-100 גרם,false,1,2.90,2.32,true,1,
7290117261583,false,סרדינים בריסלינג מעושנים בשמן קנולה 129 גרם (צנצנת),ג. וילי-פוד אינטרנשיונל בע`מ,,,'יח,1,ל-100 גרם,false,1,13.90,13.90,false,1,
7290117261712,false,מלבי קינוח על בסיס חלב 154 גרם,ג. וילי-פוד אינטרנשיונל בע`מ,,,'יח,1,,false,1,5.90,5.90,false,1,
7290117261774,false,כדורי גבינת בייבי מוצרלה 14% שומן 150 גרםeuro cheese,ג.וילי-פוד אינטרנשיונל **גבינו,,,'יח,1.50,ל-100 גרם,false,1,15.90,10.60,false,1,
7290117261989,false,גבינת מנורי רכה מחלב צאן 43% שומן 170 גרם,ג.וילי-פוד אינטרנשיונל **גבינו,,,'יח,1.70,ל-100 גרם,false,1,17.90,10.53,false,1,
7290117262221,false,"משקה יוגורט פרוביוטי עם אננס 200מ""ל 2.3%שומן יורו",ג.וילי-פוד אינטרנשיונל **גבינו,,,'יח,1.50,ל-100 גרם,false,1,4.90,3.27,true,1,
7290117262238,false,"משקה יוגורט פרוביוטי עם תות שדה 200מ""ל 2.3%שומן יורו",ג.וילי-פוד אינטרנשיונל **גבינו,,,'יח,1.50,ל-100 גרם,false,1,4.90,3.27,true,1,
7290117262245,false,"משקה יוגורט פרוביוטי עם אפרסק ומשמש 200מ""ל 2.3%שומן יורו",ג.וילי-פוד אינטרנשיונל **גבינו,,,'יח,1.50,ל-100 גרם,false,1,4.90,3.27,true,1,
7290117262290,false,פרלינים אגוזים במילוי פצפוצי דגנים פריכים מצופים שוקולד חלב 50 גרם,ג. וילי-פוד אינטרנשיונל בע`מ,,,'יח,5,ל-100 גרם,false,1,4.90,0.98,true,1,
7290117262559,false,מאפה דונאטס מצופה סוכר 50ג פרווה,ג. וילי-פוד אינטרנשיונל בע`מ,,,'יח,5,ל-100 גרם,false,1,5.90,1.18,false,1,
7290117262597,false,מאפה דונאטס בציפוי עוגיות קרמל פרווה,ג.וילי-פוד אינטרנשיונל **גבינו,,,'יח,5.70,ל-100 גרם,false,1,5.90,1.04,false,1,
7290117262719,false,מאפה דונאטס בציפוי סוכר קינמון ותפוחים,ג. וילי-פוד אינטרנשיונל בע`מ,,,'יח,6.50,ל-100 גרם,false,1,5.90,0.91,false,1,
7290117263020,false,"משקה יוגורט פרוביוטי פירות יער 2.3% 200 מ""ל",ג.וילי-פוד אינטרנשיונל **גבינו,,,'יח,1.50,ל-100 גרם,false,1,4.90,3.27,true,1,
7290117381922,false,"קולגייט משחת שיניים טריפל אקשן, 75 מ""ל מארז 4 יח'",ש. שסטוביץ בע`מ,,,'יח,7.50,ל-100 גרם,false,1,26.90,3.59,true,1,
7290117382318,false,סלים דליס פרו 33 חטיף חלבון שוקולד מריר 60 גרם,"י. מרבה ישראל בע""\מ",,,'יח,1,ל-100 גרם,false,1,12.90,12.90,true,1,
7290117382325,false,חטיף חלבון מצופה שוקולד חלב פרו 33 סלים דליס 60 ג,"י. מרבה ישראל בע""\מ",,,'יח,1,ל-100 גרם,false,1,12.90,12.90,true,1,
7290117383711,false,"מארז זוג תחליב רחצה חלב ודבש *750 מ""ל פלמוליב",קולגייט פלמוליב,,,'יח,7.50,ל-100 גרם,false,1,34.90,4.65,true,1,
7290117383742,false,"מארז זוג ג'ל רחצה לגבר 750 מ""ל פלמוליב",קולגייט פלמוליב,,,'יח,7.50,ל-100 גרם,false,1,34.90,4.65,true,1,
7290117900932,false,גרעיני אבטיח קלויים 130 גרם,דין שיווק וקליה 2021 בעמ,,,'יח,2.50,ל-100 גרם,false,1,10,4,false,1,
7290117900949,false,בוטנים מצופים אמריקאים 250 גרם,דין שיווק וקליה 2021 בעמ,,,'יח,2.50,ל-100 גרם,false,1,10,4,false,1,
7290117900963,false,בוטנים קלויים 270גר ששון הקולה,דין שיווק וקליה 2021 בעמ,,,'יח,2.70,ל-100 גרם,false,1,10,3.70,false,1,
7290117900970,false,שקדים קלויים ששון הקולה 180 גם,דין שיווק וקליה 2021 בעמ,,,'יח,1.80,ל-100 גרם,false,1,15,8.33,false,1,
7290117900994,false,פקאן סיני מסוכר ששון הקולה 140 גרם,דין שיווק וקליה 2021 בעמ,,,'יח,1.40,ל-100 גרם,false,1,15,10.71,false,1,
7290117901007,false,פיסטוקים קלויים ששון הקולה 130 גרם,דין שיווק וקליה 2021 בעמ,,,'יח,1.50,ל-100 גרם,false,1,15,10,false,1,
7290117901014,false,אגוזי קשיו קלויים 160 גר ששון הקולה,דין שיווק וקליה 2021 בעמ,,,'יח,1.60,ל-100 גרם,false,1,15,9.38,false,1,
7290117901038,false,אגוזי מלך קלופים ששון הקולה 190 גרם,דין שיווק וקליה 2021 בעמ,,,'יח,8.30,ל-100 גרם,false,1,15,1.81,false,1,
7290117901045,false,בוטן רביולי ששון הקולה 200 גרם,דין שיווק וקליה 2021 בעמ,,,'יח,2,ל-100 גרם,false,1,15,7.50,false,1,
7290117901168,false,מיקס אגוזים וחמוציות 250 גרם ששון הקולה,דין שיווק וקליה 2021 בעמ,,,'יח,2.50,ל-100 גרם,false,1,20,8,false,1,
7290117901175,false,שקדים קלופים 250 גרם ששון הקולה,דין שיווק וקליה 2021 בעמ,,,'יח,2.50,ל-100 גרם,false,1,20,8,false,1,
7290117901205,false,טורטיה דגנים בתוספת שומשום ופשתן שקדיה 420 גרם,דין שיווק וקליה 2021 בעמ,,,'יח,3.60,ל-100 גרם,false,1,10.90,3.03,false,1,
7290118070221,false,אטבי כביסה בשקית,ד.ג.ש ייבוא ושיווק בעמ,,,'יח,0,'יח,false,1,9.90,9.90,false,1,
7290118072959,false,חנוכייה ציון,ד.ג.ש ייבוא ושיווק בעמ,,,'יח,1,,false,1,69.90,69.90,false,1,
7290118072966,false,חנוכייה אורות,ד.ג.ש ייבוא ושיווק בעמ,,,'יח,1,,false,1,99.90,99.90,false,1,
7290118073802,false,חגורה נמתחת,ד.ג.ש ייבוא ושיווק בעמ,,,'יח,1,,false,1,24.90,24.90,false,1,
7290118074281,false,רשת צלייה M,ד.ג.ש ייבוא ושיווק בעמ,,,'יח,1,,false,1,19.90,19.90,false,1,
7290118074625,false,צינור אמבט מתכת 2 מטר,ד.ג.ש ייבוא ושיווק בעמ,,,'יח,1,,false,1,29.90,29.90,false,1,
7290118430452,false,מאג זכוכית דגם פריז,ד.ג.ש ייבוא ושיווק בעמ,,,'יח,1,,false,1,5.90,5.90,false,1,
7290118430490,false,כוס מאג מילאנו,ד.ג.ש ייבוא ושיווק בעמ,,,'יח,1,,false,1,5.90,5.90,false,1,
7290128600067,false,ענב אדום ארוז,ביכורי השדה צפון 1994 ג.ד. בעמ,,,"ק""ג",1,,true,1,19.90,19.90,false,1,
7291044081244,false,נורת LED איכותית,ד.ג.ש ייבוא ושיווק בעמ,,,'יח,1,,false,1,9.90,9.90,false,1,
7291988011284,false,סוחט לימון מתכת איכותי,ד.ג.ש ייבוא ושיווק בעמ,,,'יח,1,,false,1,24.90,24.90,false,1,
7291988016555,false,בקבוק לחיץ טחינה/קטשופ,ד.ג.ש ייבוא ושיווק בעמ,,,'יח,1,,false,1,9.90,9.90,false,1,
7291988022020,false,אלמוגית אקרילית רחבת סירה,ד.ג.ש ייבוא ושיווק בעמ,,,'יח,1,,false,1,9.90,9.90,false,1,
7291988023812,false,ראש דוש 4 מצבים,ד.ג.ש ייבוא ושיווק בעמ,,,'יח,1,,false,1,29.90,29.90,false,1,
7291988045470,false,תחתית סיר חרסינה צבעונית,ד.ג.ש ייבוא ושיווק בעמ,,,'יח,1,,false,1,19.90,19.90,false,1,
7295682698567,false,גרביי אלגנט,הום פרפקט ק.ד.מ בעמ,,,'יח,1,,false,1,12.90,12.90,true,1,
7296021133732,false,כף עוגה ידית שחורה נ,ד.ג.ש ייבוא ושיווק בעמ,,,'יח,0,'יח,false,1,19.90,19.90,false,1,
7296058110010,false,"פריכיות אורז פרח כשל""פ 110 גר'",מ.ד אטיאס סוכנויות מזון בע`מ,,,'יח,1.10,ל-100 גרם,false,1,4.90,4.45,false,1,
7296073397373,false,פומפה יחידה,ד.ג.ש ייבוא ושיווק בעמ,,,'יח,1,,false,1,10,10,false,1,
7296073397403,false,מקל מחוזק אפור/אדום יחיד,ד.ג.ש ייבוא ושיווק בעמ,,,'יח,1,'יח,false,1,6.90,6.90,false,1,
7296073398912,false,דלי פייה יחידה,ד.ג.ש ייבוא ושיווק בעמ,,,'יח,1,,false,1,11.90,11.90,false,1,
7296073413363,false,מברשת לשירותים יסמין יחי,ד.ג.ש ייבוא ושיווק בעמ,,,'יח,1,'יח,false,1,14.90,14.90,false,1,
7296102107577,false,סט 3 קופסאות 1.4L מרובע EveryDay,הום פרפקט ק.ד.מ בעמ,,,'יח,1,,false,1,9.90,9.90,false,1,
7296102108260,false,מתקן כביסה מתכת,הום פרפקט ק.ד.מ בעמ,,,'יח,1,,false,1,59.90,59.90,false,1,
7296102210703,false,סט קופסאות מלבן 4 יח`,הום פרפקט ק.ד.מ בעמ,,,'יח,1,,false,1,12.90,12.90,true,1,
7296102256121,false,מתלה כביסה פלסטיק,הום פרפקט ק.ד.מ בעמ,,,'יח,1,,false,1,119,119,false,1,
7296102521748,false,סט קופסאות ריבוע 4 יח`,הום פרפקט ק.ד.מ בעמ,,,'יח,1,,false,1,12.90,12.90,false,1,
7297029069191,false,גרביי אלגנט,הום פרפקט ק.ד.מ בעמ,,,'יח,1,,false,1,12.90,12.90,true,1,
7297029070012,false,גרביי עקביות לגבר,הום פרפקט ק.ד.מ בעמ,,,'יח,1,,false,1,12.90,12.90,true,1,
7297461004408,false,שמיכה פליז כרבולית,הום פרפקט ק.ד.מ בעמ,,,'יח,1,,false,1,14.90,14.90,true,1,
7297478008857,false,שלישייה גרבי בובה ארוך לבנות,הום פרפקט ק.ד.מ בעמ,,,'יח,1,,false,1,14.90,14.90,false,1,
7298484166119,false,תאנים 300 גרם,פיצוחי ויטורי,,,'יח,2,ל-100 גרם,false,1,17.90,8.95,false,1,
7298484166144,false,שומשום 250 גרם,פיצוחי ויטורי,,,'יח,2.50,ל-100 גרם,false,1,8.90,3.56,false,1,
7298484166148,false,תערובת בריאות 250 גרם,פיצוחי ויטורי,,,'יח,2.50,ל-100 גרם,false,1,19.90,7.96,false,1,
7298484166175,false,ירקות מטוגנים 200 גר`,פיצוחי ויטורי,,,'יח,2,ל-100 גרם,false,1,24.90,12.45,false,1,
7298484166177,false,צנוברים 150 גרם,פיצוחי ויטורי,,,'יח,1.50,ל-100 גרם,false,1,34.90,23.27,false,1,
7298484166178,false,קוקוס טבעי 200 גר`,פיצוחי ויטורי,,,'יח,2,ל-100 גרם,false,1,15.90,7.95,false,1,
7298484166182,false,תמר מג`הול 500 גרם,פיצוחי ויטורי,,,'יח,2,ל-100 גרם,false,1,24.90,12.45,false,1,
7298484166192,false,בננה צ`יפס 200 גרם,פיצוחי ויטורי,,,'יח,2,ל-100 גרם,false,1,9.90,4.95,false,1,
7298484166337,false,גרעיני חמניה מקולף 200 גרם,פיצוחי ויטורי,,,'יח,2,ל-100 גרם,false,1,9.90,4.95,false,1,
7298484166558,false,גרעיני דלעת מקולף 200 גרם,פיצוחי ויטורי,,,'יח,2,ל-100 גרם,false,1,11.90,5.95,false,1,
7298484166784,false,מקדמיה טבעי 150 גרם,פיצוחי ויטורי,,,'יח,2,ל-100 גרם,false,1,26.90,13.45,false,1,
7298484166992,false,מקדמיה קלוי 200 גרם,פיצוחי ויטורי,,,'יח,0,'יח,false,1,34.90,34.90,false,1,
7298484167257,false,שקד מולבן פרוס 150 גרם,פיצוחי ויטורי,,,'יח,1.50,ל-100 גרם,false,1,17.90,11.93,false,1,
7298484167549,false,שקד מולבן משובב 200 גרם,פיצוחי ויטורי,,,'יח,2,ל-100 גרם,false,1,18.90,9.45,false,1,
7298484208149,false,חמוציות ברכז טבעי 200 גרם,פיצוחי ויטורי,,,'יח,2,ל-100 גרם,false,1,11.90,5.95,false,1,
7298484482117,false,משמש אוזבקי 300 גרם,פיצוחי ויטורי,,,'יח,2,ל-100 גרם,false,1,17.90,8.95,false,1,
7298484601649,false,אפונה וואסבי 180 גרם,פיצוחי ויטורי,,,'יח,2,ל-100 גרם,false,1,13.90,6.95,false,1,
7298484603361,false,בוטן אסיאתי 200 גרם,פיצוחי ויטורי,,,'יח,2,ל-100 גרם,false,1,13.90,6.95,false,1,
7298484603568,false,מיקס טקסס שקד פקאן מתובל 200 גרם,פיצוחי ויטורי,,,'יח,0,'יח,false,1,24.90,24.90,false,1,
7298484603772,false,קרנצ`י צ`ילי 180 גרם,פיצוחי ויטורי,,,'יח,1.80,ל-100 גרם,false,1,17.90,9.94,false,1,
7298484603846,false,תמר אגוז 250 גרם,פיצוחי ויטורי,,,'יח,2.50,ל-100 גרם,false,1,24.90,9.96,false,1,
7298484604178,false,פפריקס טוויסט 150 גרם,פיצוחי ויטורי,,,'יח,1.80,ל-100 גרם,false,1,13.90,7.72,false,1,
7298484604427,false,בוטנים מטוגנים 300 גרם,פיצוחי ויטורי,,,'יח,3,ל-100 גרם,false,1,16.90,5.63,false,1,
7298484605179,false,חטיף אורז פלפל שחור 120 גרם,פיצוחי ויטורי,,,'יח,1.20,ל-100 גרם,false,1,11.90,9.92,false,1,
7298484607027,false,פקאן סיני מסוכר 200 גר`,פיצוחי ויטורי,,,'יח,2,ל-100 גרם,false,1,19.90,9.95,false,1,
7298484607033,false,בוטנים קלויים 250 גר`,פיצוחי ויטורי,,,'יח,2.50,ל-100 גרם,false,1,13.90,5.56,false,1,
7298484607034,false,בונדוק אגוזי לוז 200 גר`,פיצוחי ויטורי,,,'יח,2,ל-100 גרם,false,1,17.90,8.95,false,1,
7298484607045,false,קבוקים 200 גרם,פיצוחי ויטורי,,,'יח,2,ל-100 גרם,false,1,7.90,3.95,false,1,
7298484607047,false,חומוס קלוי 200 גר`,פיצוחי ויטורי,,,'יח,2,ל-100 גרם,false,1,10.90,5.45,false,1,
7298484607049,false,גרעינים לבנים דלעת 180 גר`,פיצוחי ויטורי,,,'יח,1.80,ל-100 גרם,false,1,13.90,7.72,false,1,
7298484607055,false,אפונה ירוקה קלוי 200 גר`,פיצוחי ויטורי,,,'יח,2,ל-100 גרם,false,1,11.90,5.95,false,1,
7298484607056,false,גרעיני אבטיח מחבת 250 גר`,פיצוחי ויטורי,,,'יח,2.50,ל-100 גרם,false,1,16.90,6.76,false,1,
7298484607059,false,מיאסי תירס 200 גר`,פיצוחי ויטורי,,,'יח,2,ל-100 גרם,false,1,13.90,6.95,false,1,
7298484607063,false,מאנצ`ס אורז עגול 120 גר`,פיצוחי ויטורי,,,'יח,1.20,ל-100 גרם,false,1,11.90,9.92,false,1,
7298484607065,false,פיסטוק אפגני 180 גרם,פיצוחי ויטורי,,,'יח,1.80,ל-100 גרם,false,1,19.90,11.06,false,1,
7298484607067,false,רביולי 200 גרם,פיצוחי ויטורי,,,'יח,2,ל-100 גרם,false,1,17.90,8.95,false,1,
7298484607071,false,קשיו קלוי 200 גר`,פיצוחי ויטורי,,,'יח,2,ל-100 גרם,false,1,19.90,9.95,false,1,
7298484607072,false,בוטנים אמריקאים 300 גר`,פיצוחי ויטורי,,,'יח,3,ל-100 גרם,false,1,11.90,3.97,false,1,
7298484607082,false,מאנצ`ס 200 גר`,פיצוחי ויטורי,,,'יח,2,ל-100 גרם,false,1,13.90,6.95,false,1,
7298484607097,false,פול קלוי 200 גרם,פיצוחי ויטורי,,,'יח,2,ל-100 גרם,false,1,13.90,6.95,false,1,
7298484607117,false,חטיף סויה קריספי 180 גרם,פיצוחי ויטורי,,,'יח,1.80,ל-100 גרם,false,1,17.90,9.94,false,1,
7298484607122,false,צימוק בהיר 200 גרם,פיצוחי ויטורי,,,'יח,2,ל-100 גרם,false,1,10.90,5.45,false,1,
7298484607144,false,פיסטוק טבעי 200 גרם,פיצוחי ויטורי,,,'יח,2,ל-100 גרם,false,1,17.90,8.95,false,1,
7298484607149,false,משמש מיובש 200 גרם,פיצוחי ויטורי,,,'יח,2,ל-100 גרם,false,1,19.90,9.95,false,1,
7298484607172,false,צימוק כהה 200 גרם,פיצוחי ויטורי,,,'יח,2,ל-100 גרם,false,1,9.90,4.95,false,1,
7298484607197,false,שקד טבעי 200 גר`,פיצוחי ויטורי,,,'יח,2,ל-100 גרם,false,1,18.90,9.45,false,1,
7298484607265,false,גרעינים שחורים מלח 300 גר`בשקית,פיצוחי ויטורי,,,'יח,3,ל-100 גרם,false,1,11.90,3.97,false,1,
7298484607289,false,בוטן בקליפה שקית 200 גרם,פיצוחי ויטורי,,,'יח,2,ל-100 גרם,false,1,11.90,5.95,false,1,
7298484607489,false,פיסטוק מקולף 200 גר`,פיצוחי ויטורי,,,'יח,2,ל-100 גרם,false,1,27.90,13.95,false,1,
7298484607757,false,שזיף מגולען אמריקאי 300 גרם,פיצוחי ויטורי,,,'יח,2.50,ל-100 גרם,false,1,17.90,7.16,false,1,
7298484607898,false,מאנצ`ס ריזוטו 120 גרם,פיצוחי ויטורי,,,'יח,1.20,ל-100 גרם,false,1,11.90,9.92,false,1,
7298484978274,false,אגוזי ברזיל 250 גרם,פיצוחי ויטורי,,,'יח,2.50,ל-100 גרם,false,1,29.90,11.96,false,1,
7501013138047,false,משקה רימונים יוניקו פרסקו ג'ומקס בקרטונית 1 ליטר,חומקס קומר קומרסאליזדורה,,,'יח,10,"ל-100 מ""ל",false,1,11.90,1.19,false,1,
7501013138184,false,משקה חמוציות יוניקו פרסקו ג'ומקס קרטונית 1 ליטר,חומקס קומר קומרסאליזדורה,,,'יח,10,"ל-100 מ""ל",false,1,11.90,1.19,false,1,
7501049936945,false,"בירה סול שישייה בקבוק 330 מ""ל",פארייפאבה אגרואינדוס,,,'יח,19.80,"ל-100 מ""ל",false,1,34.90,1.67,false,1,
7501064191398,false,שישיית בירה קורונה אקסטרא *355 מל,קריניציה ויטמינה אס,,,'יח,19.80,"ל-100 מ""ל",false,1,34.90,1.67,true,1,
7509546666846,false,"משחת שיניים פחם טוטאל 75 מ""ל קולגייט",קולגייט פלמוליב,,,'יח,0.75,"ל-100 מ""ל",false,1,19.90,26.53,false,1,
7610113000175,false,"רום בקרדי מוחיטו 700 מ""ל",בקרדי מרטיני,,,'יח,7,"ל-100 מ""ל",false,1,79.90,11.37,true,1,
7610113011652,false,בריזר - משקה כוהלי מוגז בטעם תפוח,בקרדי בריזר Bacardi Breezer,,,'יח,2.75,"ל-100 מ""ל",false,24,13.90,4.95,true,1,
7613032045753,false,פיטנס דגנים מחיטה מלאה שוקולד 375גרם,קבוצת אוסם סחר שותפות מוגבלת,,,'יח,3.75,ל-100 גרם,false,1,19.90,5.31,true,1,
7613033548192,false,פיטנס - דגני בוקר שוקולד מריר 375 גרם,קבוצת אוסם סחר שותפות מוגבלת,,,'יח,3.75,ל-100 גרם,false,1,19.90,5.31,true,1,
7613035807778,false,פרפקטו רוטב עגבניות לבולונז אסם 400 גרם,קבוצת אוסם סחר שותפות מוגבלת,,,'יח,4,ל-100 גרם,false,1,8.90,2.23,false,1,
7613036286015,false,משקה אננס מנגו מוגז פרייה אנד ג'וס - רביעייה,נסטלה ווטרס ספלאי,,,'יח,10,"ל-100 מ""ל",false,1,24.90,2.37,false,1,
7613036737623,false,דגני בוקר קראנץ מיקס 410גר,קבוצת אוסם סחר שותפות מוגבלת,,,'יח,4.10,ל-100 גרם,false,1,19.90,4.85,true,1,
7613036976695,false,פריסקיז - פאוץ בקר ברוטב 85 גרם,קבוצת אוסם סחר-שות.מוגבלת,,,'יח,0.85,ל-100 גרם,false,1,4.90,5.76,false,1,
7613037686906,false,פיטנס - דגני בוקר שקדים ודבש 355 גרם,קבוצת אוסם סחר שותפות מוגבלת,,,'יח,3.55,ל-100 גרם,false,1,19.90,5.61,true,1,
7613037811629,false,קורנפלקס גו פרי ללא גלוטן 500 גר`,קבוצת אוסם סחר שותפות מוגבלת,,,'יח,5,ל-100 גרם,false,1,16,3.20,false,1,
7613039880807,false,גרבר מחית תפוח וגזר 190 גרם,קבוצת אוסם סחר שותפות מוגבלת,,,'יח,1.90,ל-100 גרם,false,1,6.90,3.63,true,1,
7613287325853,false,אוסם - דיפ אנד ספרד מטבל איולי ספייסי 295 גרם,קבוצת אוסם סחר שותפות מוגבלת,,,'יח,2.95,ל-100 גרם,false,1,12.90,4.37,true,1,
7613287476678,false,דגני בוקר סינימיניס צ'ורוס נסטלה 360 ג',קבוצת אוסם סחר שותפות מוגבלת,,,'יח,3.60,ל-100 גרם,false,1,19.90,5.53,true,1,
7622010001858,false,עוגיות אוראו ממולאות קרם וניל 176 גרם.,דיפלומט מפיצים (1968) בעמ**,,,'יח,1.76,ל-100 גרם,false,1,8.90,5.06,true,1,
7622201050757,false,מילקה שוקולד חלב במילוי קרם קרמל 100 ג,דיפלומט מפיצים (1968) בעמ**,,,'יח,1,,false,23,5.90,5.90,false,1,
7622201139278,false,גבינת פילדלפיה שמנת 150 גר`% (27 שומן),מיודלז אספניה פרודוק,,,'יח,1.50,ל-100 גרם,false,1,13.90,9.27,true,1,
7622201401900,false,עוגיות מילקה סנסיישן אוראו 156 גרם,דיפלומט מפיצים (1968) בעמ**,,,'יח,2,ל-100 גרם,false,16,10.90,5.45,false,1,
7622201802363,false,מילקה טבלת שוקולד חלב וצימוקים ואגוזים 100ג',דיפלומט מפיצים (1968) בעמ**,,,'יח,1,,false,22,5.90,5.90,false,1,
7622201802394,false,שוקולד מילקה חלב מסרונים 100 גרם,מנדלז דויצ'\לנד סנקס פרו,,,'יח,1,,false,24,5.90,5.90,false,1,
7622201809188,false,מילקה ביסקויט מצופה שוקולד 150 גר`,מונדלז פרנס ביסקוויט פרו,,,'יח,1.50,ל-100 גרם,false,14,11.90,7.93,false,1,
7622201813390,false,וופל במילוי קרם קקאו בציפוי שוקולד חלב,דיפלומט מפיצים (1968) בעמ**,,,'יח,2,ל-100 גרם,false,14,10.90,5.45,false,1,
7622210163899,false,שוקולד חלב במילוי סוכריות עדשים,דיפלומט מפיצים (1968) בעמ**,,,'יח,1,,false,22,5.90,5.90,false,1,
7622210453327,false,עוגיות שוקוצ'יפס במילוי שוקולד סנסיישן,דיפלומט מפיצים (1968) בעמ**,,,'יח,1.56,ל-100 גרם,false,1,10.90,6.99,false,1,
7622210826053,false,מילקה שוקולד אוראו סנדוויץ 100 גרם,דיפלומט מפיצים (1968) בעמ**,,,'יח,1,,false,22,5.90,5.90,false,1,
7622300489427,false,עוגיות אוראו בציפוי בטעם שוקולד לבן 246 גרם,דיפלומט מפיצים (1968) בעמ**,,,'יח,0.2460,ל-100 גרם,false,10,17.90,72.76,true,1,
7622300489434,false,"עוגיות אוראו פאדג' בציפוי שוקולד חלב, 246 גרם",דיפלומט מפיצים (1968) בעמ**,,,'יח,0.2460,ל-100 גרם,false,10,17.90,72.76,true,1,
7622300617820,false,מילקה שוקולד חלב במילוי קרם חלב ווניל ושבבי עוגיות אוראו 100 גרם,מנדלז דויצ'\לנד סנקס פרו,,,'יח,1,,false,22,5.90,5.90,false,1,
7630477891738,false,סטארבקס קפסולות קפה אספרסו בלונד 10 יחיד,קבוצת אוסם סחר שותפות מוגבלת,,,'יח,0.57,ל-100 גרם,false,1,21.90,38.42,true,1,
7638900248357,false,סוללות אנרג`ייזר ליתיום 2032 זוג ריפרש,דנאגיס בעמ,,,'יח,1,,false,1,17.90,17.90,false,1,
7638900426663,false,9 V סוללות אנרג`יזר ריפרש,דנשר (1963) בעמ,,,'יח,1,,false,1,26.90,26.90,false,1,
7702018458110,false,מכשיר גילוח פיוזן ידני +2 סכינים,דיפלומט מפיצים (1986) בע`מ,,,'יח,0,'יח,false,1,49.90,49.90,false,1,
7702024258322,false,"חטיפי קרקר עם חיטה מלאה, צ'יה וזרעי פשתן פיטנס",קבוצת אוסם סחר שותפות מוגבלת,,,'יח,0.2340,ל-100 גרם,false,1,11.90,50.85,false,1,
7702174066631,false,לקקן יוגטה פין פופ במילוי מסטיק 170 גר,קומסטיבלס לה רוזה אס.איי,,,'יח,1.80,ל-100 גרם,false,20,7.90,4.39,false,1,
7702174068826,false,יוגטה מבחר סוכריות לקקן קשות ממולאות טופי בטעמי יוגורט ופירות 204 גרם,הדקלאים אגודת שיתופי,,,'יח,2.16,ל-100 גרם,false,16,10.90,5.05,false,1,
7702174068833,false,יוגטה סוכריות קשות על מקל ממולאות טופי בטעמי גלידת פירות 12 יח' 204 גרם,הדקלאים אגודת שיתופי,,,'יח,2.16,ל-100 גרם,false,1,10.90,5.05,false,1,
7702174073783,false,סוכריות על מקל בטעם קולה במילוי גומי לעיסה,הדקלאים אגודת שיתופי,,,'יח,1,,false,20,7.90,7.90,false,1,
7777555502077,false,תרווד נירוסטה איכותית,ד.ג.ש ייבוא ושיווק בעמ,,,'יח,1,,false,1,15,15,false,1,
7777555507843,false,"מסננת ידית ברזל 20 ס""מ",ד.ג.ש ייבוא ושיווק בעמ,,,'יח,1,,false,1,16,16,false,1,
7777555508406,false,מברשת לניקוי מגהץ,ד.ג.ש ייבוא ושיווק בעמ,,,'יח,1,,false,1,6,6,false,1,
7777555511017,false,פינג`אן מצופה איכותי,ד.ג.ש ייבוא ושיווק בעמ,,,'יח,1,,false,1,29.90,29.90,false,1,
7777555511864,false,מנגל גריל איכותי מתקפל,ד.ג.ש ייבוא ושיווק בעמ,,,'יח,1,,false,1,39.90,39.90,false,1,
7777555512977,false,.פותחן ליין מלצר,ד.ג.ש ייבוא ושיווק בעמ,,,'יח,1,,false,1,14.90,14.90,false,1,
7777555515091,false,מברשת הפלא להתרקת קשרים,ד.ג.ש ייבוא ושיווק בעמ,,,'יח,1,,false,1,11.90,11.90,false,1,
7777555515190,false,מצקת,ד.ג.ש ייבוא ושיווק בעמ,,,'יח,1,,false,1,14.90,14.90,false,1,
7777555515268,false,אוזנייה עם דיבורית,ד.ג.ש ייבוא ושיווק בעמ,,,'יח,1,,false,1,9.90,9.90,false,1,
7777555515282,false,כבל טעינה מיקרו USB,ד.ג.ש ייבוא ושיווק בעמ,,,'יח,1,,false,1,9.90,9.90,false,1,
7777555515602,false,רשת טיגון,ד.ג.ש ייבוא ושיווק בעמ,,,'יח,1,,false,1,24.90,24.90,false,1,
7777886600084,false,שישיית מזלגות,ד.ג.ש ייבוא ושיווק בעמ,,,'יח,1,,false,1,9.90,9.90,false,1,
7777886600091,false,שישיית כפיות,ד.ג.ש ייבוא ושיווק בעמ,,,'יח,1,,false,1,7.90,7.90,false,1,
7777886600107,false,שישיית כפות,ד.ג.ש ייבוא ושיווק בעמ,,,'יח,1,,false,1,5.90,5.90,false,1,
7777886600695,false,מברשת שירותים,ד.ג.ש ייבוא ושיווק בעמ,,,'יח,1,,false,1,9.90,9.90,false,1,
7777886602330,false,מטאטא רומנה,ד.ג.ש ייבוא ושיווק בעמ,,,'יח,1,,false,1,19.90,19.90,false,1,
7777886602958,false,סט סכום 24 חלקים,ד.ג.ש ייבוא ושיווק בעמ,,,'יח,1,,false,1,39.90,39.90,false,1,
7777886603832,false,קרש חיתוך מעוצב פלסטיק,ד.ג.ש ייבוא ושיווק בעמ,,,'יח,1,,false,1,19.90,19.90,false,1,
7777886605485,false,סט 5 קופסאות מלבניות בבושקה,ד.ג.ש ייבוא ושיווק בעמ,,,'יח,0,'יח,false,1,14.90,14.90,false,1,
7777886605942,false,שלישית ווים ניצמדים MOCONA,ד.ג.ש ייבוא ושיווק בעמ,,,'יח,1,,false,1,5.90,5.90,false,1,
7777886606185,false,סביבון COOL,ד.ג.ש ייבוא ושיווק בעמ,,,'יח,1,,false,1,9.90,9.90,false,1,
7777886606192,false,סביבון קשת,ד.ג.ש ייבוא ושיווק בעמ,,,'יח,1,,false,1,14.90,14.90,false,1,
7777886700197,false,סט 12 כפיות פסטל,ד.ג.ש ייבוא ושיווק בעמ,,,'יח,1,,false,1,9.90,9.90,false,1,
7777886700296,false,סט קערות קש פסטל,ד.ג.ש ייבוא ושיווק בעמ,,,'יח,1,'יח,false,1,9.90,9.90,false,1,
7777999911374,false,סבוניה וואקום,ד.ג.ש ייבוא ושיווק בעמ,,,'יח,1,,false,1,9.90,9.90,false,1,
7792860006218,false,סוכריות לקקן בייבי דול לריטייר (24 גרם),גוד פוד פרודקטס S.p,,,'יח,1,'יח,false,1,2,2,false,1,
7891024030974,false,"קולגייט משחת שיניים טריפל אקשן 75 מ""ל",הנסיך- מפעל לייצור ט,,,'יח,0.75,"ל-100 מ""ל",false,1,26.90,35.87,false,1,
8000070053465,false,קפסולות לוואצה למכונת אספרסו חוזק 8,לאוג'י לוואצה אס.פי.אי,,,'יח,7,ל-100 גרם,false,1,19.90,2.84,false,1,
8000070053472,false,לוואצה קרמה גוסטו קלאסיקו מס' 12 קפסולות לקפה 55 גרם,לאוג'י לוואצה אס.פי.אי,,,'יח,7,ל-100 גרם,false,1,19.90,2.84,false,1,
8000070053526,false,קפסולות לוואצה למכונת אספרסו חוזק 10,לאוג'י לוואצה אס.פי.אי,,,'יח,7,ל-100 גרם,false,1,19.90,2.84,false,1,
8000070055254,false,לוואצה קרמה גוסטו פורטה מס' 13 קפסולות לקפה 55 גרם,ליימן שליסל בע`מ,,,'יח,7,ל-100 גרם,false,1,19.90,2.84,false,1,
8000380003723,false,וופלים גרנד פטיסרי במילוי קרם אגוזים 100,קריניציה ויטמינה אס,,,'יח,1,ל-100 גרם,false,18,12.90,12.90,true,1,
8000380003761,false,וופל גרנד פטיסרי שוקולד וקוקוס לואקר 100 גרם,קריניציה ויטמינה אס,,,'יח,1,ל-100 גרם,false,18,12.90,12.90,true,1,
8000380004669,false,וופל לואקר סנדוויץ קוביות ושוקולד 200ג',"א. לואקר, קונפקט ג'י",,,'יח,2,ל-100 גרם,false,18,12.90,6.45,true,1,
8000380004676,false,קוביות וופל סנדוויץ Sandwich עם וניל וחלב,"א. לואקר, קונפקט ג'י",,,'יח,2,ל-100 גרם,false,18,12.90,6.45,true,1,
8000380004911,false,קוביות וופל קואדרטיני Quadratini קרם אגוזים,קריניציה ויטמינה אס,,,'יח,2.50,ל-100 גרם,false,18,14.90,5.96,false,1,
8000380004966,false,וופל קוארדטיני לואקר קוביות שוקולד 250ג',קריניציה ויטמינה אס,,,'יח,2.50,ל-100 גרם,false,1,14.90,5.96,false,1,
8000380005598,false,מארז וופל שוקולד טורטינה Tortina שוקולד מריר,א. לואקר אס. פי. אי-אי.,,,'יח,1.25,ל-100 גרם,false,24,16.90,13.52,false,1,
8000380007219,false,וופל לואקר ממולא קרם אגוזים 175 גרם,ליימן שליסל בע`מ,,,'יח,1.75,ל-100 גרם,false,18,10.90,6.23,false,1,
8000380007257,false,וופל גרדנה במילוי קרם אגוזים מצופה,קריניציה ויטמינה אס,,,'יח,2,ל-100 גרם,false,10,14.90,7.45,true,1,
8000380007264,false,וופל לואקר ממולא קרם קקאו 175 גרם,קריניציה ויטמינה אס,,,'יח,1.75,ל-100 גרם,false,18,10.90,6.23,false,1,
8000380153534,false,מארז וופל שוקולד טורטינה Tortina שוקולד לבן,א. לואקר אס. פי. אי-אי.,,,'יח,1.25,ל-100 גרם,false,24,16.90,13.52,false,1,
8000380157570,false,וופלים לואקר קלאסיק אגוז 262.5 גר,ליימן שליסל בע`מ,,,'יח,2.62,ל-100 גרם,false,1,13.90,5.31,true,1,
8000380157587,false,וופלים לואקר קלאסיק קקאו 262.5 גר,ליימן שליסל בע`מ,,,'יח,2.62,ל-100 גרם,false,1,13.90,5.31,true,1,
8000380192243,false,וופלים מלבנים פריכיים בטעם אגוז 200 גר`,ליימן שליסל בע`מ,,,'יח,2,ל-100 גרם,false,1,13.90,6.95,false,1,
8000380192250,false,וופלים מלבנים פריכיים בטעם שוקולד 200 גר,ליימן שליסל בע`מ,,,'יח,2,ל-100 גרם,false,1,13.90,6.95,false,1,
8000392050074,false,כרית קרצוף מהפכנית מסיליקון,ד.ג.ש ייבוא ושיווק בעמ,,,'יח,1,,false,1,19.90,19.90,false,1,
8000500023624,false,חטיפי הפי היפו Happy Hippo במילוי קרם חלב וקקאו,פרימיום-חברה לדברי מתיקה ולמסח,,,'יח,1.30,ל-100 גרם,false,1,12.90,9.92,false,1,
8000500026731,false,ביצי שוקולד קינדר מארז 3 יח סופרייז,פרימיום-חברה לדברי מתיקה ולמסח,,,'יח,0.60,ל-100 גרם,false,1,14.90,24.83,false,1,
8000500029350,false,מארז וופל מצופה 3יח' *43 גרם קינדר בואנו,פרימיום-חברה לדברי מתיקה ולמסח,,,'יח,0.43,ל-100 גרם,false,1,10.90,25.35,true,1,
8000500038819,false,קינדר בואנו שלישיה,ליימן שליסל בע`מ,,,'יח,1.20,ל-100 גרם,false,1,11.90,9.92,false,1,
8000500071083,false,אצבעות שוקולד קינדר Kinder שש עשרה יחידות,פרימיום-חברה לדברי מתיקה ולמסח,,,'יח,2,ל-100 גרם,false,1,11.90,5.95,false,1,
8000500075708,false,ביצי שוקולד הפתעה קינדר ג'וי כחול בנים שלישיה,פרימיום-חברה לדברי מתיקה ולמסח,,,'יח,0.60,ל-100 גרם,false,1,14.90,24.83,false,1,
8000500121436,false,מארז קינדר בואנו Kinder Bueno לבן שלוש יחידות,פרימיום חברה לדברי מתיקה ולמסח,,,'יח,1.29,ל-100 גרם,false,1,10.90,8.45,true,1,
8000500126325,false,ביצי שוקולד הפתעה קינדר ג'וי ורוד בנות שלישיה,פרימיום-חברה לדברי מתיקה ולמסח,,,'יח,0.60,ל-100 גרם,false,1,14.90,24.83,false,1,
8000500227848,false,נוטלה - בי רדי אצבעות ביסקוויט במילוי שוקולד 6 יח' * 22 גרם,פרימיום-חברה לדברי מתיקה ולמסח,,,'יח,1.32,ל-100 גרם,false,1,11.90,9.02,true,1,
8000500267103,false,קינדר דליס עוגת ספוג קקאו במילוי חלבי*10,פרימיום חברה לדברי מתיקה ולמסח,,,'יח,0.35,ל-100 גרם,false,1,19.90,56.86,true,1,
8000500269169,false,קינדר קארדס Kinder Cards - חמישייה,פרימיום-חברה לדברי מתיקה ולמסח,,,'יח,12.80,ל-100 גרם,false,1,12.90,1.01,false,1,
8000500386941,false,נוטלה ממרח קקאו עם אגוזי לוז 900 גר`,פרימיום חברה לדברי מתיקה ולמסח,,,'יח,10,ל-100 גרם,false,1,30.90,3.09,false,1,
8001003100218,false,סוכריות יוגטה ג'לי פירות 800 גר',ליימן שליסל בע`מ,,,'יח,8,ל-100 גרם,false,12,21.90,2.74,false,1,
8001090336446,false,חיתולי ביביי דריי מידה 4 ( 34 יח) פמפרס,דיפלומט מפיצים (1986) בע`מ,,,'יח,1,'יח,false,1,34.90,34.90,true,1,
8001090364319,false,טייד קפסולות כביסה אפקט פיירי 37 יחידות,דיפלומט מפיצים (1986) בע`מ,,,'יח,1,'יח,false,1,54.90,54.90,false,1,
8001090375186,false,"מרכך מרוכז 200 מ""ל לצבע מלא חיים ""פנטן""",דיפלומט מפיצים (1986) בע`מ,,,'יח,0.20,"ל-100 מ""ל",false,1,18.90,94.50,false,1,
8001090458353,false,סבון כלים פעולה אנטי-בקטריאלית אקליפטוס,דיפלומט מפיצים (1986) בע`מ,,,'יח,5.15,"ל-100 מ""ל",false,1,10.90,2.12,false,1,
8001090493637,false,"הד אנד שולדרס שמפו אולטרא טוטאל קר 450 מ""ל",דיפלומט מפיצים (1986) בע`מ,,,'יח,4.50,"ל-100 מ""ל",false,6,18.90,4.20,false,1,
8001090580122,false,"הד אנד שולדרס שמפו סופרים משקם 400 מ""ל",דיפלומט מפיצים (1986) בע`מ,,,'יח,4,"ל-100 מ""ל",false,6,18.90,4.73,false,1,
8001090721099,false,טבליות ג'ל לכביסה 3 ב-1 בניחוח אביב הרים,דיפלומט מפיצים (1986) בע`מ,,,'יח,1,ל-100 גרם,false,1,34.90,34.90,false,1,
8001090721129,false,אריאל קפסולות גל לכביסה 3ב1 קולור 27 יח,דיפלומט מפיצים (1986) בע`מ,,,'יח,1,ל-100 גרם,false,1,34.90,34.90,false,1,
8001090734044,false,אולוויז מגן תחתון גיגה פק לארג' אקסטרה פרוטקט 64 יח',דיפלומט מפיצים (1986) בע`מ,,,'יח,1,ל-100 גרם,false,1,19.90,19.90,true,1,
8001090740717,false,מגני תחתון אולוויז נורמל עם ניחוח רענן Fresh Scent,פרוקטר אנד גמבל )ראה קוד,,,'יח,1,ל-100 גרם,false,1,19.90,19.90,true,1,
8001090745903,false,אבקת כביסה טייד פרש אלפיין 4 קג,דיפלומט מפיצים (1986) בע`מ,,,'יח,40,"ל-100 מ""ל",false,3,29.90,0.75,false,1,
8001090802385,false,קפסולות גל לכביסה טייד בניחוח לנור 26 יח,דיפלומט מפיצים (1986) בע`מ,,,'יח,4.50,ל-100 גרם,false,3,29.90,6.64,false,1,
8001090832450,false,"שמפו פנטן הנוסחה הקלאסית 660 מ""ל",דיפלומט מפיצים (1986) בע`מ,,,'יח,6.60,"ל-100 מ""ל",false,6,18.90,2.86,false,1,
8001090832535,false,"שמפו פנטן שמן מרוקאי משקם 660 מ""ל",דיפלומט מפיצים (1986) בע`מ,,,'יח,6.60,"ל-100 מ""ל",false,6,18.90,2.86,false,1,
8001090832610,false,שמפו שמן למגע רך כמשי 660 מל פנטן,דיפלומט מפיצים (1986) בע`מ,,,'יח,6.60,"ל-100 מ""ל",false,6,18.90,2.86,false,1,
8001090832771,false,"פנטן שמפו להזנת קרטין 660 מ""ל",דיפלומט מפיצים (1986) בע`מ,,,'יח,6.60,"ל-100 מ""ל",false,6,18.90,2.86,false,1,
8001090832818,false,מרכך פנטן הנוסחה הקלאסית לשיער רגיל ומעורב,דיפלומט מפיצים (1986) בע`מ,,,'יח,6.60,"ל-100 מ""ל",false,6,18.90,2.86,false,1,
8001090832856,false,"פנטן 660 מ""ל קונדישינר מרוקאי משקם",דיפלומט מפיצים (1986) בע`מ,,,'יח,6.60,"ל-100 מ""ל",false,6,18.90,2.86,false,1,
8001090833136,false,אריאל ג`ל כביסה 2.255 ליטר בייבי,דיפלומט מפיצים (1986) בע`מ,,,'יח,2.2250,"ל-100 מ""ל",false,4,29.90,13.44,false,1,
8001090833228,false,אריאל ג'ל כביסה קולור 2.365 ליטר,דיפלומט מפיצים (1986) בע`מ,,,'יח,2.3650,"ל-100 מ""ל",false,4,29.90,12.64,false,1,
8001090899194,false,תחבושות אולוויז פלטינום נורמל 24 יחידות,דיפלומט מפיצים (1986) בע`מ,,,'יח,0,ל-100 גרם,false,1,19.90,19.90,false,1,
8001090899286,false,אולוויז תחבושות פלטינום לילה בטוח 14 יח',דיפלומט מפיצים (1986) בע`מ,,,'יח,0,ל-100 גרם,false,1,19.90,19.90,false,1,
8001244002555,false,מייבש כביסה מלניום איכותי,הום פרפקט ק.ד.מ בעמ,,,'יח,1,,false,1,59.90,59.90,false,1,
8001620011935,false,"סן בנדטו- מים מינרלים מוגז - מארז שישיית 500 מ""ל",אקווה מינרלה סאן בנד,,,'יח,30,"ל-100 מ""ל",false,4,13.90,0.40,true,1,
8001620015629,false,"משקה פירות בטעם תפוז ותפוז אדום 400 מ""ל פרוטה",אקווה מינרלה סאן בנדטו ב,,,'יח,4,"ל-100 מ""ל",false,1,5.90,1.40,false,1,
8001620015636,false,"משקה פירות פרוטה-מיקס פירות 400 מ""ל סאן בנדטו",אקווה מינרלה סאן בנדטו ב,,,'יח,4,"ל-100 מ""ל",false,1,5.90,1.40,false,1,
8001620017456,false,"סן בנדטו ספורט, מים מינרלים טבעיים 500 מ""ל שישייה",אקווה מינרלה סאן בנדטו ב,,,'יח,30,"ל-100 מ""ל",false,4,13.40,0.44,false,1,
8001620018408,false,"משקה פירות בטעם מנגו תפוח 400 מ""ל פרוטה",אקווה מינרלה סאן בנדטו ב,,,'יח,4,"ל-100 מ""ל",false,1,5.90,1.40,false,1,
8001841137179,false,קונדישינר הד&שולדרס הנוסחה הקלאסית 275מל,דיפלומט מפיצים (1986) בע`מ,,,'יח,2.75,"ל-100 מ""ל",false,6,14.90,5.42,false,1,
8001841376042,false,לנור מרכך כביסה מרוכז שחור-750,איינשטיין צור-יבוא-יצוא וסחר ב,,,'יח,7.50,"ל-100 מ""ל",false,1,12.90,1.72,true,1,
8001841625461,false,סבון כלים פלטינום X3 פעולות להסרת שומנים,דיפלומט מפיצים (1986) בע`מ,,,'יח,5.15,"ל-100 מ""ל",false,1,10.90,2.12,false,1,
8001841669465,false,קפסולות לכביסה אריאל בניחוח לנור 24 יחידות,דיפלומט מפיצים (1986) בע`מ,,,'יח,1,ל-100 גרם,false,3,34.90,34.90,false,1,
8001841893990,false,פיירי טבליות למדיח פלטינום פלוס - מארז 30 יח',דיפלומט מפיצים (1986) בע`מ,,,'יח,1,,false,1,34.90,34.90,false,1,
8001841941929,false,אולוויז וליו פק לילה בטוח אקסטרא 16 יחידות,דיפלומט מפיצים (1986) בע`מ,,,'יח,1,ל-100 גרם,false,1,19.90,19.90,true,1,
8001841958460,false,פיירי טבליות למדיח אורגינל הכל באחד - מארז 48 יח',דיפלומט מפיצים (1986) בע`מ,,,'יח,1,,false,1,34.90,34.90,false,1,
8001841960081,false,פיירי טבליות למדיח פלטינום הכל באחד - מארז 37 יח',דיפלומט מפיצים (1986) בע`מ,,,'יח,1,,false,1,34.90,34.90,false,1,
8002270866524,false,סן פלגרינו מים מינרליים טבעיים מוגזים,פארייפאבה אגרואינדוס,,,'יח,10,"ל-100 מ""ל",false,6,8.90,0.86,false,1,
8004030026018,false,"מקסיקני עם טונה ריו מרה אינסלטיסימי, 160 ג'","בולטון אלימנטרי בע""\מ",,,'יח,1.60,ל-100 גרם,false,1,17.90,11.19,false,1,
8004030180000,false,ריו מרה טונה בשמן זית כתית מעולה 3*80 גרם,"בולטון אלימנטרי בע""\מ",,,'יח,2.40,ל-100 גרם,false,1,25.90,10.79,false,1,
8004030344938,false,"ריו מרה טונה בשמן זית 3X80 גרם מתכון חדש כשל""פ","בולטון אלימנטרי בע""\מ",,,'יח,2.40,ל-100 גרם,false,1,25.90,10.79,false,1,
8004030381681,false,ריו מרה נתחי טונה בהירה בשמן זית זוג 160 גר,ש. שסטוביץ בע`מ,,,'יח,3.20,ל-100 גרם,false,1,32.90,10.28,false,1,
8004030845046,false,טונה עם ירקות בתוספת עם אורז ריו מרה אינסלטיסימי 160 ג',בולטון אלימנטרי,,,'יח,1.60,ל-100 גרם,false,1,17.90,11.19,false,1,
8005110002243,false,רכז עגבניות Doppio Concentr בשפופרת 185 ג' MUTTI,רסטרטו יבוא ושיווק בעמ*אין החז,,,'יח,1.85,ל-100 גרם,false,1,7.90,4.27,false,1,
8005110170300,false,עגבניות מרוסקות חתוכות מוטי MUTTI שלישיה *400,רסטרטו יבוא ושיווק בעמ*אין החז,,,'יח,4,ל-100 גרם,false,1,17.90,4.48,true,1,
8005110171215,false,עגבניות חתוכות 690 POLPAPEZZI ג' (כחול) MUTTI,רסטרטו יבוא ושיווק בעמ,,,'יח,6.90,ל-100 גרם,false,1,13.90,2.01,false,1,
8005110191015,false,רסק עגבניות ובזיליקום MUTTI{ירוק } 700 גרם,רסטרטו יבוא ושיווק בעמ,,,'יח,7,ל-100 גרם,false,1,11.90,1.70,false,1,
8005110550508,false,עגבניות שרי MUTTI 400 גרם,רסטרטו יבוא ושיווק בעמ,,,'יח,4,ל-100 גרם,false,1,9.90,2.48,false,1,
8006540091906,false,לנור כדוריות הבושם בניחוח אריאל 140 גרם,פטר קרמר עבור פרוקטור אנ,,,'יח,1.40,ל-100 גרם,false,1,24.90,17.79,false,1,
8006540112854,false,"מרכך כביסה מרוכז בניחוח סחלב לנור 900 מ""ל",דיפלומט מפיצים (1986) בע`מ,,,'יח,9,"ל-100 מ""ל",false,1,16.90,1.88,false,1,
8006540353004,false,טמפקס פרל סופר 18 יחידות חדש,דיפלומט מפיצים (1986) בע`מ,,,'יח,0,ל-100 גרם,false,1,27.80,27.80,false,1,
8006540383018,false,טבליות למדיח פלטינום דיפ קלין 23 יח פיירי,דיפלומט מפיצים (1986) בע`מ,,,'יח,1,,false,1,34.90,34.90,false,1,
8006540425930,false,אריאל קפסולות לכביסה ג'ל 24 יח' לכתמים קשים,דיפלומט מפיצים (1986) בע`מ,,,'יח,1,ל-100 גרם,false,3,34.90,34.90,false,1,
8006540495186,false,לנור מרכך כביסה מרוכז רגיש בייבי 900 מל,דיפלומט מפיצים (1986) בע`מ,,,'יח,9,"ל-100 מ""ל",false,1,16.90,1.88,false,1,
8006540620403,false,"טייד אבקת כביסה אפקט פיירי 7 ק""ג",דיפלומט מפיצים (1986) בע`מ,,,'יח,1,'יח,false,1,54.90,54.90,false,1,
8007178120310,false,"חומץ בלסמי 500 מ""ל (דיפלומט)",דיפלומט מפיצים (1968) בעמ**,,,'יח,5,"ל-100 מ""ל",false,12,21.90,4.38,false,1,
8007520024426,false,מור. יוניקו מונופרוטאין עגל לכלב 150 גרם,שחורי אריה ואנסטסיה,,,'יח,1.50,ל-100 גרם,false,1,5.90,3.93,false,1,
8009470016063,false,"סימבה מזון לחתולים עוף 2 ק""ג",שחורי אריה ואנסטסיה,,,'יח,20,ל-100 גרם,false,1,35.90,1.80,false,1,
8021886312935,false,בלונים מודפס יום הולדת,שמחה זה אנחנו בע`מ,,,'יח,1,,false,1,10.90,10.90,false,1,
8076800195033,false,ברילה - צ.א ספגטיני מס3 חדש 500 גרם,ברילה גי.אי.אר פרטלי ס.פ,,,'יח,5,ל-100 גרם,false,1,7.90,1.58,true,1,
8076800195057,false,ברילה - צ.א ספגטי מס5 חדש 500 גרם,ברילה גי.אי.אר פרטלי ס.פ,,,'יח,5,ל-100 גרם,false,1,7.90,1.58,true,1,
8076800315097,false,פסטה מקרוני בוקטיני מספר 9 ברילה 500 גרם,ברילה גי.אי.אר פרטלי ס.פ,,,'יח,5,ל-100 גרם,false,1,7.90,1.58,true,1,
8076802085738,false,ברילה - צ.ק פנה רגטה חדש 500 גרם,ברילה גי.אי.אר פרטלי ס.פ,,,'יח,5,ל-100 גרם,false,1,7.90,1.58,true,1,
8076802085837,false,ברילה - צ.ק טורטליוני מס83 500 גרם,הנסיך- מפעל לייצור ט,,,'יח,5,ל-100 גרם,false,1,7.90,1.58,true,1,
8076802085981,false,ברילה - צ.ק פוזילי חדש 500 גרם,ברילה גי.אי.אר פרטלי ס.פ,,,'יח,5,ל-100 גרם,false,1,7.90,1.58,true,1,
8076808050440,false,פסטה מקרוני מספר 44 ברילה 500 גרם,ש. שסטוביץ בע`מ,,,'יח,5,ל-100 גרם,false,1,7.90,1.58,true,1,
8076808060654,false,פסטה פרפלה מספר 65 ברילה 500 גרם,ברילה גי.אי.אר פרטלי ס.פ,,,'יח,5,ל-100 גרם,false,1,7.90,1.58,true,1,
8076808150072,false,ברילה - צ.א ספגטוני מס7 חדש 500 גרם,ברילה גי.אי.אר פרטלי ס.פ,,,'יח,5,ל-100 גרם,false,1,7.90,1.58,true,1,
8076809512268,false,פסטה גירנדולה טורסדס מספר 34 ברילה 500 גרם,ברילה גי.אי.אר פרטלי ס.פ,,,'יח,5,ל-100 גרם,false,1,7.90,1.58,true,1,
8076809513388,false,ברילה רוטב אראביאטה צילי לפסטה 400 ג,ברילה גי.אי.אר פרטלי ס.פ,,,'יח,4,ל-100 גרם,false,1,14.90,3.73,false,1,
8076809513739,false,ברילה רוטב עגבניות עם בזיליקום 400 גרם,ברילה גי.אי.אר פרטלי ס.פ,,,'יח,4,ל-100 גרם,false,1,14.90,3.73,false,1,
8076809523561,false,ברילה - רוטב פסטה בטעם טוסקנה 400 גרם,ברילה גי.אי.אר פרטלי ס.פ,,,'יח,4,ל-100 גרם,false,1,14.90,3.73,false,1,
8076809523738,false,דפי לזניה ברילה 500 גרם,ברילה גי.אי.אר פרטלי ס.פ,,,'יח,5,'יח,false,1,24.90,4.98,false,1,
8076809529433,false,פסטה פנה ריגטה חיטה מלאה ברילה (500 גרם),"ש. שסטוביץ בע""\מ",,,'יח,5,ל-100 גרם,false,1,14.90,2.98,false,1,
8076809571302,false,"פסטה ברילה פוזילי 1 ק""ג",ש. שסטוביץ בע`מ,,,'יח,10,ל-100 גרם,false,1,11.90,1.19,false,1,
8121300207004,false,טרוביה - סטיביה ממתיק בצנצנת 270 גרם,קספרס פאקאגעהג,,,'יח,1,,false,1,34.90,34.90,false,1,
8333734827356,false,קוצץ מזון 4 סכינים BENATON BT-356,ד.ש.ש אלקטרוניקה בעמ`,,,'יח,1,'יח,false,1,149,149,false,1,
8367383380467,false,קומקום נירוסטה צבעוני BT-8046 BENATON,ד.ש.ש אלקטרוניקה בעמ`,,,'יח,1,'יח,false,1,79,79,false,1,
8377373138848,false,מסחטת הדרים BENATON BT-3500,ד.ש.ש אלקטרוניקה בעמ`,,,'יח,1,,false,1,89.90,89.90,true,1,
8410076621047,false,עוגות אישיות בטעם שוקולד עם חתיכות בטעם שוקולד,ליימן שליסל בע`מ,,,'יח,1.20,ל-100 גרם,false,12,15.90,13.25,true,1,
8410104039134,false,"מנקה ומחדש מדיח כלים פיניש 250 מ""ל",רקיט בנקיזר (ניר איסט) בעמ,,,'יח,2.50,"ל-100 מ""ל",false,1,14.90,5.96,true,1,
8410104045111,false,"פיניש מלח למדיח כלים 2ק""ג",רקיט בנקיזר (ניר איסט) בעמ,,,'יח,0,ל-100 גרם,false,1,14.90,14.90,true,1,
8413376022965,false,גבינת עיזים רכה 29% ויליפוד 110 גרם,ג.וילי-פוד אינטרנשיונל **גבינו,,,'יח,1.10,ל-100 גרם,false,1,14.90,13.55,false,1,
8413376024839,false,גבינת עיזים רכה עם עשבי תיבול 29% ויליפוד 110 גרם,ג.וילי-פוד אינטרנשיונל **גבינו,,,'יח,1.10,ל-100 גרם,false,1,14.90,13.55,false,1,
8423207206488,false,סלים דליס חטיף דגנים מצופה שוקולד חלב מרבה 6*20 גרם,אף.סי תבליני בגליל ב,,,'יח,1.20,ל-100 גרם,false,1,11.90,9.92,true,1,
8423207206495,false,סלים דליס חטיף דגנים מצופה שוקולד מריר מרבה 6*20 גרם,אף.סי תבליני בגליל ב,,,'יח,1.20,ל-100 גרם,false,1,11.90,9.92,true,1,
8423207207362,false,חטיפי סלים דליס שוקולד לבן מרבה 6 יחידות,ביסנצ'ורי אס.אל.יו,,,'יח,1.20,ל-100 גרם,false,1,11.90,9.92,true,1,
8423207208680,false,חטיף דגנים שוקולד סלים דליס לילדים מרבה 6 יחידות,ביסנצ'ורי אס.אל.יו,,,'יח,1.10,ל-100 גרם,false,1,11.90,10.82,true,1,
8423207208697,false,חטיפי סלים דליס לילדים שוקולד לבן מרבה 6 יחידות,ביסנצ'ורי אס.אל.יו,,,'יח,1.10,ל-100 גרם,false,1,11.90,10.82,true,1,
8423207208871,false,פריכיות תירס בטעם טבעי סלים דליס 130 גרם,גורי מוצרי צריכה (1991) בעמ,,,'יח,1.30,ל-100 גרם,false,1,9.90,7.62,false,1,
8423207208895,false,פריכיות תירס בטעם זיתים ועירית סלים דליס 123 ג',גורי מוצרי צריכה (1991) בעמ,,,'יח,1.30,ל-100 גרם,false,1,9.90,7.62,false,1,
8423207209885,false,מרבה חטיפי סלים דליס מהדורה מיוחדת שוקולד חלב,סלים דליס Slim Delis,,,'יח,1.10,ל-100 גרם,false,1,11.90,10.82,true,1,
8423207210287,false,חטיפי סלים דליס שוקולד לבן יוגורט 6 יחידות,סלים דליס Slim Delis,,,'יח,1.20,ל-100 גרם,false,1,11.90,9.92,true,1,
8423207210928,false,חטיף דגנים מצופה שוקולד חלב ואגוזי לוז - 5 במארז,נוטרישן אנד סנטה קוב,,,'יח,1.10,ל-100 גרם,false,1,11.90,10.82,false,1,
8423207210942,false,חטיף דגנים מצופה שוקולד לבן ופירות יער,נוטרישן אנד סנטה קוב,,,'יח,1.10,ל-100 גרם,false,1,11.90,10.82,true,1,
8423207210966,false,חטיף רב דגנים מצופה שוקולד לבן קוקוס ולימון,נוטרישן אנד סנטה קוב,,,'יח,1.10,ל-100 גרם,false,1,11.90,10.82,false,1,
8423207210980,false,סלים דליס טופינג קליפת תפוז 90 גרם,נוטרישן אנד סנטה קוב,,,'יח,1.10,ל-100 גרם,false,1,11.90,10.82,true,1,
8425206000081,false,ריבת חלב מרדל 450 גרם,גורי מוצרי צריכה (1991) בעמ,,,'יח,4.50,ל-100 גרם,false,1,19.90,4.42,false,1,
8435495805199,false,אבקת כביסה תינוקלין- 66 כביסות (3 קג),מולינו ניקולי s.p.a,,,'יח,30,ל-100 גרם,false,6,39.90,1.33,false,1,
8435495807605,false,תינוקלין מרכך כביסה היפואלרגני מרוכז 1 ליטר,מולינו ניקולי s.p.a,,,'יח,10,"ל-100 מ""ל",false,15,19.90,1.99,false,1,
8435495807636,false,תינוקלין ג`ל כביסה בייבי סנסטיב היפואל,ליימן שליסל בע`מ,,,'יח,20,"ל-100 מ""ל",false,1,34.90,1.75,false,1,
8436575292205,false,ארטיק חמשושים מאגדת 15*12 גר',נגה גלידות שותפות מוגבלת,,,'יח,1.80,ל-100 גרם,false,1,19.90,11.06,false,1,
8606018615841,false,גלידה וניל עם ליבת שוקולד חלב מעולה 480 גרם,נגה גלידות שותפות מוגבלת,,,'יח,1,ל-100 גרם,false,1,16.90,16.90,false,1,
8681863065287,false,saltbae מלח הימלאיה 350 גרם ויליפוד,ג. וילי-פוד אינטרנשיונל בע`מ,,,'יח,3.50,ל-100 גרם,false,1,24.90,7.11,false,1,
8681863065362,false,saltbae מלח ים עם פלפל שחור 350 גרם ויליפוד,ג. וילי-פוד אינטרנשיונל בע`מ,,,'יח,3.50,ל-100 גרם,false,1,24.90,7.11,false,1,
8683130008355,false,מיונז שום לחיץ אמיתי הלמנס 400 גרם,יוניליוור ישראל שיווק בע`מ,,,'יח,4,ל-100 גרם,false,1,11.90,2.98,false,1,
8683130025581,false,"מרכך כביסה מרוכז אקסטרה ענבר בדין 960 מ""ל",יוניליוור ישראל שיווק בע`מ,,,'יח,96,"ל-100 מ""ל",false,1,15.90,0.17,false,1,
8690120060170,false,וופל נאמבר 1 שוקולד חלב 35 גרם,רויאל קנדיס בעמ,,,'יח,3.50,ל-100 גרם,false,1,2.90,0.83,true,1,
8690120060408,false,וופל נאמבר 1 שוקולד אגוזים 35 גרם,רויאל קנדיס בעמ,,,'יח,3.50,ל-100 גרם,false,1,2.90,0.83,true,1,
8690120139968,false,וופל נאמבר 1 שוקולד מריר 35 גרם,רויאל קנדיס בעמ,,,'יח,3.50,ל-100 גרם,false,1,2.90,0.83,true,1,
8690120160177,false,וופל נאמבר 1 שוקולד חלב 24*35,רויאל קנדיס בעמ,,,'יח,3.50,ל-100 גרם,false,1,34.90,9.97,false,1,
8690120160405,false,וופל נאמבר 1 שוקולד אגוזים 24*35,רויאל קנדיס בעמ,,,'יח,3.50,ל-100 גרם,false,1,34.90,9.97,false,1,
8690120566139,false,וופל נאמבר 1 שוקולד מריר 24*35,רויאל קנדיס בעמ,,,'יח,3.50,ל-100 גרם,false,1,34.90,9.97,false,1,
8690572799505,false,סאיוס מרכך לחיזוק שורשי סיב השערה 500 מל,"הובי קוסמטיק, אנקרה, תור",,,'יח,5,"ל-100 מ""ל",false,1,12.90,2.58,false,1,
8690572799529,false,"סאיוס - שמפו קרטין 500 מ""ל","הובי קוסמטיק, אנקרה, תור",,,'יח,5,"ל-100 מ""ל",false,1,12.90,2.58,false,1,
8690637073373,false,תה ארל גריי בטעם ברגמוט ליפטון 25 שקיקים,יוניליוור ישראל שיווק בע`מ,,,'יח,0.50,ל-100 גרם,false,1,7.40,14.80,false,1,
8690637073434,false,תה ארל גריי בטעם ברגמוט ללא שקית100ש,"יוניליוור ישראל שיווק בע""מ",,,'יח,2,ל-100 גרם,false,1,23.90,11.95,false,1,
8690637503856,false,ממרח הלמנס כ- 40% פחות שומן לעומת מיונז,יוניליוור ישראל שיווק בע`מ,,,'יח,3.85,ל-100 גרם,false,1,13.90,3.61,false,1,
8690637504426,false,"קרם ניקוי סיף בניחוח לימון 500 מ""ל",יוניליוור ישראל שיווק בע`מ,,,'יח,5,"ל-100 מ""ל",false,1,10.90,2.18,false,1,
8690637505607,false,מרכך כביסה מרוכז בדין אקסטרה בניחוח פינוק כחול,יוניליוור ישראל שיווק בע`מ,,,'יח,96,"ל-100 מ""ל",false,1,15.90,0.17,false,1,
8690637505614,false,"מרכך כביסה אקסטרא פינוק קוקוס 960 מ""ל בדין",יוניליוור ישראל שיווק בע`מ,,,'יח,96,"ל-100 מ""ל",false,1,15.90,0.17,false,1,
8690637835643,false,"תה ירוק לימונית ולאויזה 30 גרם ""ליפטון""","יוניליוור ישראל שיווק בע""מ",,,'יח,32,ל-100 גרם,false,1,15.90,0.50,false,1,
8690637842399,false,מאגדת מגנום מיני דאבל פרי יער שוקולד 6 יח' נסטלה,יוניליוור סנאי וי סי,,,'יח,1,ל-100 גרם,false,1,31.90,31.90,false,1,
8690637871245,false,הלמנס מיונז אמיתי 395 גר' בקבוק לחיץ.,יוניליוור ישראל שיווק בע`מ,,,'יח,3.85,ל-100 גרם,false,1,13.90,3.61,false,1,
8690637890666,false,מאגדת מגנום מיני דאבל פיסטוק 6 יח' שטראוס,יוניליוור סנאיי וי ט,,,'יח,1,ל-100 גרם,false,1,31.90,31.90,false,1,
8690637946301,false,"בדין - מרכך כביסה אקסטרא בייביי כחול 960 מ""ל","יוניליוור ישראל שיווק בע""מ",,,'יח,96,"ל-100 מ""ל",false,1,15.90,0.17,false,1,
8690637946318,false,"מרכך כביסה בדין מרוכז אקסטרה בייבי טלק 960 מ""ל",יוניליוור ישראל שיווק בע`מ,,,'יח,96,"ל-100 מ""ל",false,1,15.90,0.17,false,1,
8690637976995,false,"מרכך כביסה מרוכז אקסטרה ורוד סחלבים פראי בדין 960 מ""ל","יוניליוור ישראל שיווק בע""מ",,,'יח,96,"ל-100 מ""ל",false,1,15.90,0.17,false,1,
8690637989612,false,שלגון שמנת בטעם וניל עם ריפל בטעם שוקולד 246 גרם,יונילוור סנאיי וי טיג'\,,,'יח,1,ל-100 גרם,false,1,31.90,31.90,false,1,
8690766156367,false,טבלת שוקולד חלב מעולה 90 גר` גודייבה,תה ויסוצקי (ישראל) בעמ,,,'יח,0.90,ל-100 גרם,false,1,14.90,16.56,true,1,
8690766156374,false,גודייבה שוקולד מריר מעולה 72% מוצקי קקאו 72גרם,תה ויסוצקי (ישראל) בעמ,,,'יח,0.90,ל-100 גרם,false,1,14.90,16.56,true,1,
8690766156381,false,גודייבה שוקולד מריר 90% מוצקי קקאו 90 גרם,תה ויסוצקי (ישראל) בעמ,,,'יח,0.90,ל-100 גרם,false,1,14.90,16.56,true,1,
8690766156404,false,שוקולד מריר מעולה גודייבה תפוז אדום 90 גרם,תה ויסוצקי (ישראל) בעמ,,,'יח,0.90,ל-100 גרם,false,1,14.90,16.56,true,1,
8690770322598,false,שמרים יבשים פוליבה הנמל 125 גרם,הנמל אריזות ושיווק (1984) בעמ,,,'יח,1,ל-100 גרם,false,24,4.90,4.90,true,1,
8690777203012,false,פלפלים ירוקים כבושים לא חריפים סרה ויליפוד 600 גרם,ג. וילי-פוד אינטרנשיונל בע`מ,,,'יח,6,ל-100 גרם,false,1,12.90,2.15,false,1,
8690777206051,false,חציל קלוי על האש סרה ויליפוד 650 גרם,ג. וילי-פוד אינטרנשיונל בע`מ,,,'יח,6.50,ל-100 גרם,false,12,12.90,1.98,false,1,
8690777221405,false,פלפל אדום קלוי על האש 650 גר` ויליפוד,ג. וילי-פוד אינטרנשיונל בע`מ,,,'יח,6.20,ל-100 גרם,false,12,12.90,2.08,false,1,
8692255778838,false,משקפי ראיה מעוצבות,ד.ג.ש ייבוא ושיווק בעמ,,,'יח,1,,false,1,14.90,14.90,false,1,
8693495052177,false,פלמוליב נטורלס תחליב רחצה זיתים 750 מל,קולגייט פלמוליב,,,'יח,7.50,"ל-100 מ""ל",false,1,19.90,2.65,true,1,
8697826469092,false,טורטיה קטנה שקדיה 540 גרם 12 יחידות,דין שיווק וקליה 2021 בעמ,,,'יח,5.40,ל-100 גרם,false,1,9.90,1.83,false,1,
8698782712567,false,"מגב חד להב 45 ס""מ יח",ד.ג.ש ייבוא ושיווק בעמ,,,'יח,1,,false,1,24.90,24.90,false,1,
8698996000900,false,מגבות מטבח 12 יח ULTRA BERRAK,ח.כהן סוכנות מזון ומשקאות,,,'יח,1,'יח,false,1,20.90,20.90,true,1,
8699947920797,false,סט 3 קופסאות סוגרים,הום פרפקט ק.ד.מ בעמ,,,'יח,1,,false,1,14.90,14.90,true,1,
8710502231018,false,מרבה מיני עוגיות שוקולד צ'יפס 175 גרם,ש. שסטוביץ בע`מ,,,'יח,1.75,ל-100 גרם,false,1,9.90,5.66,false,1,
8710502470028,false,עוגיות שוקולד צ'יפס ממולאות בקרם נוגט,קריניציה ויטמינה אס,,,'יח,1.60,ל-100 גרם,false,1,9.90,6.19,true,1,
8710800961310,false,סוכריות בטעם תות מנטוס 4*375 גרם,פרפטי ואן מלה ברדה,,,'יח,1.50,ל-100 גרם,false,1,10.90,7.27,true,1,
8712000051099,false,"שישיית בירה היינקן 0% אלכוהל בקבוק 330 מ""ל","מבשלת היינקן, ריטבלדנברג",,,'יח,3.30,"ל-100 מ""ל",false,4,34.90,10.03,true,1,
8712400802499,false,תרכובת מזון המשך לפעוטות על בסיס חלב שלב 1,דיפלומט מפיצים (1968) בעמ**,,,'יח,8,ל-100 גרם,false,12,59.90,7.49,false,1,
8712400802512,false,תרכובת מזון המשך לפעוטות על בסיס חלב שלב 2,דיפלומט מפיצים (1968) בעמ**,,,'יח,8,ל-100 גרם,false,12,59.90,7.49,false,1,
8714599410530,false,קפה ג`ייקובס קרוננג מיובש בהקפאה 200 ג,דיפלומט מפיצים (1968) בעמ**,,,'יח,0.75,ל-100 גרם,false,10,21.90,29.20,false,1,
8714599513781,false,"קפה נמס מיובש בהקפאה זהב צנצנת ג'ייקובס 200 גרם לל""ס",דיפלומט מפיצים (1968) בעמ**,,,'יח,2,ל-100 גרם,false,6,29.90,14.95,false,1,
8714599513835,false,גי'קובס קרונונג נייט אנד דיי - נטול קופיאין,דיפלומט מפיצים (1968) בעמ**,,,'יח,2,ל-100 גרם,false,6,34.90,17.45,false,1,
8714599513866,false,"קפה נמס מיובש בהקפאה קרונג צנצנת ג'ייקובס 200 גרם לל""ס",דיפלומט מפיצים (1968) בעמ**,,,'יח,2,ל-100 גרם,false,6,29.90,14.95,false,1,
8714789177229,false,רבעיית מברשות שיניים קולגייט אקסטרה קלין 1 יחידה,הנסיך- מפעל לייצור ט,,,'יח,0,ל-100 גרם,false,1,9.90,9.90,false,1,
8714789402918,false,נוזל לניקוי כללי ורצפות בניחוח פרחי בר אג'קס 1.5 ליטר,הנסיך- מפעל לייצור ט,,,'יח,15,"ל-100 מ""ל",false,1,19.90,1.33,false,1,
8714789402970,false,נוזל לניקוי כללי ורצפות בניחוח פרחי אביב אגק'ס 1.5 ליטר,הנסיך- מפעל לייצור ט,,,'יח,1.50,לליטר,false,1,19.90,13.27,false,1,
8714789797786,false,"פלמוליב נוזל לניקוי כלים גריז בלסטר 750 מ""ל",יבואן ומשווק: ש. שסט,,,'יח,7.50,"ל-100 מ""ל",false,1,11.90,1.59,true,1,
8714789930848,false,"משחת שיניים אופטיק וייט הלבנה מיידית קולגייט 75 מ""ל",איינשטיין-צור יבוא-יצוא וסחר ב,,,'יח,0.75,ל-100 גרם,false,1,19.90,26.53,false,1,
8715700110158,false,היינץ ממרח במרקם קרמי צנצנת 490 גרם,דיפלומט מפיצים (1968) בעמ**,,,'יח,4.60,ל-100 גרם,false,8,12.90,2.80,true,1,
8715700117805,false,"קטשופ היינץ מתבל עגבניות ללא תוספת סוכר ומלח 425 מ""ל",דיפלומט מפיצים (1968) בעמ**,,,'יח,4.25,ל-100 גרם,false,1,11.90,2.80,true,1,
8715700118789,false,מיונז היינץ לחיץ טבעוני 390 גרם,דיפלומט מפיצים (1968) בעמ**,,,'יח,1,'יח,false,1,18.90,18.90,false,1,
8715700118925,false,היינץ מתבל עגבניות חריף 460 גר`,דיפלומט מפיצים (1968) בע`מ,,,'יח,1,,false,1,12.90,12.90,false,1,
8715700419732,false,מתבל עגבניות היינץ (700 גרם),דיפלומט מפיצים (1968) בעמ**,,,'יח,7,ל-100 גרם,false,10,11.90,1.70,true,1,
8715700422473,false,ממרח לכריכים וסלטים ללא ח. משמרים היינץ 395 גרם,דיפלומט מפיצים (1968) בעמ**,,,'יח,3.95,ל-100 גרם,false,1,16.90,4.28,false,1,
8715700423906,false,היינץ מתבל עגבניות מופחת סוכר ומלח 50/50 550 גרם,דיפלומט מפיצים (1968) בעמ**,,,'יח,0.55,ל-100 גרם,false,10,11.90,21.64,true,1,
8717163647196,false,אקס דאודורנט בודי ספריי אנרכי לאשה,יוניליוור ישראל שיווק בע`מ,,,'יח,1,"ל-100 מ""ל",false,1,14.90,14.90,false,1,
8717163647226,false,"אקס דאודורנט ספריי גוף בלאק 150 מ""ל","יוניליוור ישראל שיווק בע""מ",,,'יח,1.50,"ל-100 מ""ל",false,1,14.90,9.93,false,1,
8717163647233,false,"אקס דאודורנט ספריי גוף בלאק נייט 150 מ""ל",יוניליוור ישראל שיווק בע`מ,,,'יח,1,"ל-100 מ""ל",false,1,14.90,14.90,false,1,
8717163647240,false,"אקס דאודורנט ספריי גוף לגבר שוקולד 150 מ""ל",יוניליוור ישראל שיווק בע`מ,,,'יח,1.50,"ל-100 מ""ל",false,1,14.90,9.93,false,1,
8717163647264,false,"אקס דאודורנט ספריי גוף אייס צ'יל 150 מ""ל",יוניליוור ישראל שיווק בע`מ,,,'יח,1.50,"ל-100 מ""ל",false,1,14.90,9.93,false,1,
8717677336616,false,שוקולד מריר עם שקדים ומלח טוניס' שוקולונלי 180 גרם,טוניס/שוקולונלי,,,'יח,1.80,ל-100 גרם,false,1,18.90,10.50,false,1,
8717677336654,false,טוניס - שוקולד חלב מעולה עם שברי קרמל מלוח,ליימן שליסל בע`מ,,,'יח,1.80,ל-100 גרם,false,1,18.90,10.50,false,1,
8718114734484,false,ממרח מיוני מיילי 320 גרם,א. סיימן סחר בעמ,,,'יח,3.20,ל-100 גרם,false,1,15.90,4.97,true,1,
8718951159808,false,מברשות שיניים 360 מדיום- מארז שלישייה,קולגייט-פלמוליב,,,'יח,0.75,ל-100 גרם,false,1,29.90,39.87,false,1,
8718951166561,false,משחת שיניים לרעננות מוגברת max fresh cooling crystals,הנסיך- מפעל לייצור ט,,,'יח,1.25,"ל-100 מ""ל",false,1,19.90,15.92,false,1,
8718951170445,false,"קולגייט סמיילס משחת שיניים ילדים גילאי 2-5 50 מ""ל",קולגייט פלמוליב,,,'יח,0.50,ל-100 גרם,false,1,11.90,23.80,false,1,
8718951236790,false,"קולגייט טוטאל משחת שיניים קלין מינט לפה בריא 100 מ""ל",קולגייט פלמוליב,,,'יח,1,"ל-100 מ""ל",false,1,16.90,16.90,true,1,
8718951236806,false,"קולגייט טוטאל הלבנה משחת שיניים המסייעת בהסרת כתמים 100 מ""ל",ש. שסטוביץ בע`מ,,,'יח,1,ל-100 גרם,false,1,16.90,16.90,true,1,
8718951236813,false,"קולגייט טוטאל משחת שיניים ניקוי מתקדם לפה בריא יותר 100 מ""ל",קולגייט פלמוליב,,,'יח,1,ל-100 גרם,false,1,16.90,16.90,true,1,
8718951240742,false,"קולגייט טוטאל משחת שיניים פסים מרעננים 100 מ""ל",איינשטיין-צור יבוא-יצוא וסחר ב,,,'יח,1,ל-100 גרם,false,1,16.90,16.90,true,1,
8718951264618,false,"קולגייט אופטיק וייט פחם צ'רקול משחת שיניים, 75 מ""ל",איינשטיין-צור יבוא-יצוא וסחר ב,,,'יח,0.75,ל-100 גרם,false,1,29.90,39.87,false,1,
8718951315303,false,"קולגייט אדומה משחת שיניים להגנה מפני עששת 2*100 מ""ל",קולגייט-פלמוליב,,,'יח,2,"ל-100 מ""ל",false,1,19.90,9.95,false,1,
8718951333048,false,"פלמוליב סבון לידיים למטבח, 300 מ""ל",הנסיך- מפעל לייצור ט,,,'יח,3,ל-100 גרם,false,1,10.90,3.63,false,1,
8718951345119,false,אג'קס ניקוי כללי עוצמת ה-7 היביסקוס 2 ליטר,הנסיך- מפעל לייצור ט,,,'יח,20,"ל-100 מ""ל",false,1,23.90,1.20,false,1,
8718951370135,false,"סבון נוזלי ארומה סנסיישן גלואו 750 מ""ל פלמוליב",קולגייט פלמוליב,,,'יח,7.50,"ל-100 מ""ל",false,1,19.90,2.65,true,1,
8718951385290,false,אג`קס ניקוי כללי עוצמת ב -7כחול 2 ליטר,קולגייט פלמוליב,,,'יח,20,"ל-100 מ""ל",false,1,23.90,1.20,false,1,
8718951431614,false,"סבון רחצה פלמוליב סו פירם מינרלים משאבה 750 מ""ל",קולגייט פלמוליב,,,'יח,7.50,"ל-100 מ""ל",false,1,19.90,2.65,true,1,
8718951509627,false,"קולגייט אופטיק וייט לאוהבי קפה ותה משחת שיניים 75 מ""ל",קולגייט פלמוליב,,,'יח,0.75,ל-100 גרם,false,1,26.90,35.87,false,1,
8719200997998,false,מרגרינה למריחה בישול וטיגון 200 ג' בלו בנד,דיפלומט מפיצים (1968) בעמ**,,,'יח,2,ל-100 גרם,false,1,4.90,2.45,false,1,
8719200998001,false,מרגרינה לאפיה ובישול בלי מלח 200 ג' בלו בנד,יוניליוור ישראל מזון בע\,,,'יח,2,ל-100 גרם,false,1,4.50,2.25,false,1,
8719200998018,false,מחמאה מרגרינה בטעם חמאה בלובנד 200 גרם,"מיוצר ע""\י יוניליוור ישר",,,'יח,2,ל-100 גרם,false,1,4.90,2.45,false,1,
8719200998032,false,"מרגרינה מזולה גלורי טעם חמאה 250גר 8 יחידות - כשל""פ","מיוצר ע""\י יוניליוור ישר",,,'יח,2.50,ל-100 גרם,false,1,10.70,4.28,false,1,
8719200998049,false,"מרגרינה מזולה גלורי רגיל 250גר 8 יחידות -כשל""פ","מיוצר ע""\י יוניליוור ישר",,,'יח,2.50,ל-100 גרם,false,1,10.70,4.28,false,1,
8719200998094,false,"מרגרינה מזולה לאפיה ללא תוספת מלח 200גר - 40 יח' -כשל""פ","מיוצר ע""\י יוניליוור ישר",,,'יח,2,ל-100 גרם,false,1,6.60,3.30,false,1,
8719200998100,false,מרגרינה מזולה לאפיה טעם חמאה 200גר - 40 יח',דיפלומט מפיצים (1968) בעמ**,,,'יח,2,ל-100 גרם,false,1,6.60,3.30,false,1,
8720181045912,false,"אקס דאודורנט ספריי גוף אפריקה 150 מ""ל",יוניליוור ישראל שיווק בע`מ,,,'יח,1.50,"ל-100 מ""ל",false,1,14.90,9.93,false,1,
8720181046605,false,דאב - דאודורנט ספריי לאישה אורגינל כחול 150מל,"יוניליוור ישראל שיווק בע""מ",,,'יח,1.50,"ל-100 מ""ל",false,1,15.90,10.60,false,1,
8720182256850,false,דאב אל סבון מוצק קלאסי 90 גרם רביעייה,יוניליוור ישראל שיווק בע`מ,,,'יח,4,ל-100 גרם,false,1,17.90,4.48,false,1,
8801055707966,false,קפה טייסטרס צ`ויס בריסטה נסקפה (180 גרם),קבוצת אוסם סחר שותפות מוגבלת,,,'יח,1.25,ל-100 גרם,false,1,30.90,24.72,false,1,
8801055709434,false,קפה נמס טסטר'ס צ'ויס קולומביה 100 גרם,קבוצת אוסם סחר-שות.מוגבלת,,,'יח,1,,false,1,24.90,24.90,false,1,
8801055709458,false,אבקה להכנת משקה קפה בטעם קפוצ'ינו קרמל,קבוצת אוסם סחר שותפות מוגבלת,,,'יח,1.70,ל-100 גרם,false,1,17.90,10.53,false,1,
8801055709465,false,אבקה להכנת משקה קפה בטעם קפוצ'ינו וניל,קבוצת אוסם סחר שותפות מוגבלת,,,'יח,1.70,ל-100 גרם,false,1,17.90,10.53,false,1,
8801055709472,false,נסטלה - נסקפה קפוצ'ינו קלאסי 12.50 גרם * 10,קבוצת אוסם סחר שותפות מוגבלת,,,'יח,1.70,ל-100 גרם,false,1,17.90,10.53,false,1,
8801055709489,false,אבקה להכנת משקה קפה בטעם קפוצ'ינו אגוזים,קבוצת אוסם סחר שותפות מוגבלת,,,'יח,1.70,ל-100 גרם,false,1,17.90,10.53,false,1,
8802241131664,false,חטיף אצות קלויות עם מלח ים Laverland Crunch,טחנת האבן קואופ בעמ,,,'יח,2,ל-100 גרם,false,1,22.90,11.45,false,1,
8850389103111,false,סאפי משקה אלוורה בטעם ענבים 300מל,פארייפאבה אגרואינדוס,,,'יח,3,"ל-100 מ""ל",false,24,9.20,2.97,true,1,
8850389103128,false,"משקה קל סאפה בטעם תפוח 300 מ""ל",פארייפאבה אגרואינדוס,,,'יח,3,"ל-100 מ""ל",false,24,7.90,2.53,true,1,
8850389104637,false,"משקה קל סאפה אלוורה אפרסק 300 מ""ל",פארייפאבה אגרואינדוס,,,'יח,3,"ל-100 מ""ל",false,24,7.90,2.53,true,1,
8850389105825,false,משקה אלוורה בטעם ענבים סאפה 1 ליטר,סאפה פובליק קומפני לימיט,,,'יח,10,"ל-100 מ""ל",false,12,12.90,1.26,false,1,
8850389105832,false,סאפה משקה אלוורה בטעם תפוח עם קוביות אלוורה 1 ליטר,סאפה פובליק קומפני לימיט,,,'יח,10,"ל-100 מ""ל",false,12,12.90,1.26,false,1,
8850389105849,false,סאפה משקה אלוורה מופחת קלוריות בטעם אפרסק 1 ליטר,סאפה פובליק קומפני לימיט,,,'יח,10,"ל-100 מ""ל",false,12,12.90,1.26,false,1,
8850632604259,false,"יוגטה, חיספוסים, ממתק חמוץ בצורת מקלות בטעם תות שדה,50 גרם",ליימן שליסל בע`מ,,,'יח,1,,false,1,4.90,4.90,false,1,
8850632604266,false,"יוגטה, ממתק חמוץ בצורת מקלות בטעם קולה, 50 גרם",ליימן שליסל בע`מ,,,'יח,1,,false,1,4.90,4.90,false,1,
8850632604372,false,"יוגטה, חיספוסים בצורת שטיח בטעם תות שדה 50 גרם",ליימן שליסל בע`מ,,,'יח,1,,false,1,4.90,4.90,false,1,
8850632605201,false,"יוגטה, חיספוסים, ממתק חמוץ בצורת שטיח, בטעם מעורב- תות בננה, תפוח, תפוז, 50 גרם",הדקלאים אגודת שיתופי,,,'יח,1,,false,1,4.90,4.90,false,1,
8851613101378,false,"נוזל קוקוס ארוי די 250 מ""ל",גורי מוצרי צריכה (1991) בעמ,,,'יח,2.50,ל-100 גרם,false,36,9.90,3.96,false,1,
8851613101385,false,"חלב קוקוס ארוי-די קרטון 500מ""ל",גורי מוצרי צריכה (1991) בעמ,,,'יח,5,"ל-100 מ""ל",false,1,12.90,2.58,false,1,
8852361411603,false,מסחטת מיץ ידני BENATON,ד.ש.ש אלקטרוניקה בעמ`,,,'יח,1,'יח,false,1,199,199,true,1,
8900052762005,false,מכשיר לבישול ואפייה,ד.ש.ש אלקטרוניקה בעמ`,,,'יח,1,'יח,false,1,199,199,false,1,
8901314308436,false,מברשת שיניים קולגייט זיג זג מדיום שישייה,פארמה דיל (פ.א.ב.) שיווק והפצה,,,'יח,1,ל-100 גרם,false,1,14.90,14.90,true,1,
8901537024014,false,"אורז בסמטי מובחר 1 ק""ג - דוואט) יורה דיעה",ג. וילי-פוד אינטרנשיונל בע`מ,,,'יח,10,ל-100 גרם,false,1,12.90,1.29,true,1,
9001148803103,false,שיני שום קלופות 170,ביכורי השדה הצפון בעמ` 1964,,,'יח,1,,false,1,9.90,9.90,false,1,
9001395807015,false,שוקולד בננית בטעם שוקו בננה 300 גרם,פרנס הואו סווירט,,,'יח,3,ל-100 גרם,false,1,10.90,3.63,false,1,
9002975393836,false,סוכריות גילי הריבו האפי קולה 70 גרם,"האריבו , ג'\י.אם.בי.אייץ",,,'יח,1,'יח,false,1,6.90,6.90,false,1,
9002975393843,false,סוכריות גילי הריבו גולדברס 70 גרם,"האריבו , ג'\י.אם.בי.אייץ",,,'יח,1,'יח,false,1,6.90,6.90,false,1,
9002975393850,false,סוכריות גילי הריבו וורמס 70 גרם,"האריבו , ג'\י.אם.בי.אייץ",,,'יח,1,'יח,false,1,6.90,6.90,false,1,
9272345678065,false,מגן ארונות TONY,ד.ג.ש ייבוא ושיווק בעמ,,,'יח,1,,false,1,9.90,9.90,false,1,
9272345678072,false,מצע גמיש רב שימושי,ד.ג.ש ייבוא ושיווק בעמ,,,'יח,1,,false,1,14.90,14.90,false,1,
9771565025005,false,עיתון מעריב סוף השבוע,ג רוזלם פוסט בעמ,,,'יח,1,,false,1,6,6,false,1,
9771565051066,false,עיתון ידיעות אחרונות,ידיעות אחרונות בעמ,,,'יח,1,,false,1,18,18,false,1,
72901108071952,true,חנוכייה מעוצבת חגיגית,ד.ג.ש ייבוא ושיווק בעמ,,,'יח,1,,false,1,59.90,59.90,false,1,
80010903641319,true,טייד קפסולות פיירי 37 יח`,דיפלומט מפיצים (1986) בע`מ,,,'יח,1,'יח,false,1,54.90,54.90,false,1,
