code,internal_code,name,manufacturer_name,manufacture_country,manufacturer_item_description,unit_qty,quantity,unit_of_measure,weighted,qty_in_package,price,unit_of_measure_price,allow_discount,status,item_id
4,true,עגבנייה ארוזה שמיטה,חקלאי,,עגבניה ארוזה שמיטה,קילוגרמים,1.00,"ק""ג",true,,8.90,8.9000,true,1,98632
914,true,עגבניה רון שרי ליקופ,ביכורי שדה דרום,IL,עגבניה רון שרי ליקופן יחידה,לא מנהל יחידת מידה,0.00,לא מנהל יחידת מידה,false,1,9.90,0.0000,true,1,110505
917,true,עגבניה,חקלאי,IL,עגבניה,קילוגרמים,1.00,"ק""ג",true,,9.90,9.9000,true,1,81025
920,true,מלפפון,חקלאי,IL,מלפפון,קילוגרמים,1.00,"ק""ג",true,,8.90,8.9000,true,1,129971
941,true,סלק,חקלאי,IL,סלק,קילוגרמים,1.00,"ק""ג",true,,6.90,6.9000,true,1,129970
942,true,ענבים לבנים,חקלאי,IL,ענבים לבנים,קילוגרמים,1.00,"ק""ג",true,,29.90,29.9000,true,1,129943
943,true,ענב שחור,חקלאי,IL,ענב שחור,קילוגרמים,1.00,"ק""ג",true,,25.90,25.9000,true,1,129982
945,true,כרוב לבן,חקלאי,IL,כרוב לבן,קילוגרמים,1.00,"ק""ג",true,,6.90,6.9000,true,1,129973
990,true,בצל יבש,חקלאי,IL,בצל יבש,קילוגרמים,1.00,"ק""ג",true,,5.90,5.9000,true,1,81035
995,true,בצל ירוק ארוז,חקלאי,IL,בצל ירוק ארוז,לא מנהל יחידת מידה,0.00,לא מנהל יחידת מידה,false,1,5.90,0.0000,true,1,80960
997,true,בצל  אדום,חקלאי,IL,בצל  אדום,קילוגרמים,1.00,"ק""ג",true,,8.90,8.9000,true,1,129928
5485,true,מאפה במשקל גדרון,גדרון,IL,מאפה במשקל גדרון,קילוגרמים,1.00,"ק""ג",true,,37.90,37.9000,true,1,110232
8216,true,בלון בודד קטן -גומי,גמר,,בלון בודד קטן -גומי מטאלי +הליום,יחידה,1.00,יחידה,false,1,5.90,5.9000,true,1,113966
9110,true,בטטה,חקלאי,IL,בטטה,קילוגרמים,1.00,"ק""ג",true,,7.90,7.9000,true,1,129927
9113,true,כוסברה ארוזה,חקלאי,IL,כוסברה ארוזה,Unknown,0.00,Unknown,false,1,4.90,0.0000,true,1,80956
9131,true,דלעת ארוזה,חקלאי,IL,דלעת ארוזה,קילוגרמים,1.00,"ק""ג",true,,14.90,14.9000,true,1,129975
9140,true,חצילים,חקלאי,IL,חצילים,קילוגרמים,1.00,"ק""ג",true,,8.90,8.9000,true,1,129974
9147,true,אפרסמון,חקלאי,IL,אפרסמון,קילוגרמים,1.00,"ק""ג",true,,18.90,18.9000,true,1,129956
9158,true,פלפל חריף ירוק,חקלאי,IL,פלפל חריף ירוק,קילוגרמים,1.00,"ק""ג",true,,10.90,10.9000,true,1,129965
9160,true,פלפל אדום,חקלאי,IL,פלפל אדום,קילוגרמים,1.00,"ק""ג",true,,9.90,9.9000,true,1,129969
9163,true,פלפל צהוב,חקלאי,IL,פלפל צהוב,קילוגרמים,1.00,"ק""ג",true,,9.90,9.9000,true,1,129966
9167,true,פלפל כתום,חקלאי,IL,פלפל כתום,קילוגרמים,1.00,"ק""ג",true,,9.90,9.9000,true,1,129967
9170,true,קולורבי,חקלאי,IL,קולורבי,קילוגרמים,1.00,"ק""ג",true,,10.90,10.9000,true,1,129964
9180,true,קשואים,חקלאי,IL,קשואים,קילוגרמים,1.00,"ק""ג",true,,11.90,11.9000,true,1,129962
9236,true,לבבות חסה,חקלאי,IL,לבבות חסה,לא מנהל יחידת מידה,0.01,לא מנהל יחידת מידה,false,1,9.90,990.0000,true,1,130008
9250,true,חסה עגולה ארוזה,חקלאי,IL,חסה עגולה ארוזה,לא מנהל יחידת מידה,0.00,לא מנהל יחידת מידה,false,1,8.90,0.0000,true,1,80942
9260,true,חסה ערבית ארוזה,חקלאי,IL,חסה ערבית ארוזה,יחידה,1.00,יחידה,false,1,6.90,6.9000,true,1,129933
9290,true,תפוח אדמה אדום,חקלאי,IL,תפוח אדמה אדום,קילוגרמים,1.00,"ק""ג",true,,6.90,6.9000,true,1,81007
9295,true,תפוח אדמה לבן,חקלאי,IL,תפוח אדמה לבן,קילוגרמים,1.00,"ק""ג",true,,5.90,5.9000,true,1,81006
9297,true,פטרוזליה ארוזה,חקלאי,IL,פטרוזליה ארוזה,לא מנהל יחידת מידה,0.00,לא מנהל יחידת מידה,false,1,4.90,0.0000,true,1,80959
9306,true,סלרי עלים,חקלאי,IL,סלרי עלים,לא מנהל יחידת מידה,0.00,לא מנהל יחידת מידה,false,1,6.90,0.0000,true,1,80951
9307,true,גינגר ארוז,חקלאי,IL,גינגר ארוז,יחידה,0.00,יחידה,false,1,15.90,0.0000,true,1,80925
9311,true,גזר ארוז,חקלאי,IL,גזר ארוז,קילוגרמים,1.00,"ק""ג",true,,5.90,5.9000,true,1,81034
9312,true,מלון גליה,חקלאי,IL,מלון גליה,קילוגרמים,1.00,"ק""ג",true,,6.90,6.9000,true,1,129958
9323,true,פטריות פורטובלו,חקלאי,IL,פטריות פורטובלו,יחידה,1.00,יחידה,false,1,10.90,10.9000,true,1,80932
9324,true,פטריות שמפניון,חקלאי,IL,פטריות שמפניון,לא מנהל יחידת מידה,0.00,לא מנהל יחידת מידה,false,1,10.90,0.0000,true,1,80933
9345,true,שום שיני קלופות,חקלאי,IL,שום שיני קלופות יח,יחידה,1.00,יחידה,false,1,13.90,13.9000,true,1,89038
9348,true,שום בתפזורת,חקלאי,IL,שום בתפזורת,קילוגרמים,1.00,"ק""ג",true,,19.90,19.9000,true,1,129961
9486,true,לימון,חקלאי,IL,לימון,קילוגרמים,1.00,"ק""ג",true,,11.90,11.9000,true,1,80983
9500,true,תפוז מובחר,חקלאי,IL,תפוז מובחר,קילוגרמים,1.00,"ק""ג",true,,7.90,7.9000,true,1,129946
9510,true,מנדרינה,חקלאי,IL,מנדרינה,קילוגרמים,1.00,"ק""ג",true,,9.90,9.9000,true,1,129948
9555,true,בננות,חקלאי,IL,בננות,קילוגרמים,1.00,"ק""ג",true,,8.90,8.9000,true,1,129955
9560,true,אבוקדו,חקלאי,IL,אבוקדו,קילוגרמים,1.00,"ק""ג",true,,18.90,18.9000,true,1,81003
9604,true,אגס ספדונה,חקלאי,IL,אגס ספדונה,קילוגרמים,1.00,"ק""ג",true,,13.90,13.9000,true,1,129957
9626,true,מנגו,חקלאי,IL,מנגו,קילוגרמים,1.00,"ק""ג",true,,20.90,20.9000,true,1,129939
9637,true,קיווי מובחר,חקלאי,IL,קיווי מובחר,קילוגרמים,1.00,"ק""ג",true,,19.90,19.9000,true,1,80993
9658,true,תפוח עץ סמיט,חקלאי,IL,תפוח עץ סמיט,קילוגרמים,1.00,"ק""ג",true,,11.90,11.9000,true,1,80989
9684,true,תפוח עץ זהוב,חקלאי,IL,תפוח עץ זהוב,קילוגרמים,1.00,"ק""ג",true,,11.90,11.9000,true,1,80991
9697,true,תפוח עץ סטארקינג,חקלאי,IL,תפוח עץ סטארקינג,קילוגרמים,1.00,"ק""ג",true,,11.90,11.9000,true,1,80990
9756,true,שזיף אדום,חקלאי,IL,שזיף אדום,קילוגרמים,1.00,"ק""ג",true,,19.90,19.9000,true,1,129940
9928,true,שמיר,חקלאי,IL,שמיר,לא מנהל יחידת מידה,0.00,לא מנהל יחידת מידה,false,1,4.90,0.0000,true,1,98984
9965,true,תפוח עץ פינק,חקלאי,IL,תפוח עץ פינק,קילוגרמים,1.00,"ק""ג",true,,19.90,19.9000,true,1,80988
92614,true,בורקס טורקי פיטריות,"גידרון תעשיות בע""מ",,בורקס טורקי פיטריות מחיר לקג-גדרון,קילוגרמים,1.00,"ק""ג",true,,39.90,39.9000,true,1,12231
94274,true,חצי בגט גדרון א.ק,גדרון,IL,חצי בגט גדרון א.ק,לא מנהל יחידת מידה,0.00,לא מנהל יחידת מידה,false,1,3.90,0.0000,true,1,14404
97237,true,באגט 45 סמ -גדרון,"גידרון תעשיות בע""מ",,באגט 45 סמ -גדרון,גרמים,330.00,100 גרם,false,1,4.90,1.4848,true,1,12237
98289,true,בייגלה 127גר-ג.דגון,"גידרון תעשיות בע""מ",,בייגלה 127גר-ג.דגון,גרמים,150.00,100 גרם,false,1,0.01,0.0067,true,1,13169
99248,true,בורקס גבינה,"גידרון תעשיות בע""מ",,בורקס גבינה            מחיר לקג גידרון,קילוגרמים,1.00,"ק""ג",true,,39.90,39.9000,true,1,12240
99255,true,בורקס תפוא,"גידרון תעשיות בע""מ",,בורקס תפוא              מחיר לקג -גידרון,קילוגרמים,1.00,"ק""ג",true,,39.90,39.9000,true,1,12241
99385,true,גביניות,"גידרון תעשיות בע""מ",,גביניות               מחיר לקג-גידרון,קילוגרמים,1.00,"ק""ג",true,,39.90,39.9000,true,1,12243
99415,true,רוגלך,"גידרון תעשיות בע""מ",,רוגלך                    מחיר לקג-גידרון,קילוגרמים,1.00,"ק""ג",true,,39.90,39.9000,true,1,12245
99477,true,ק.ביס שוקולד,"גידרון תעשיות בע""מ",,ק.ביס שוקולד             מחיר לקג-גידרון,קילוגרמים,1.00,"ק""ג",true,,39.90,39.9000,true,1,12247
99927,true,בורקס בולגרי,"גידרון תעשיות בע""מ",,בורקס בולגרי            מחיר לקג-גידרון,קילוגרמים,1.00,"ק""ג",true,,39.90,39.9000,true,1,12249
453781,true,שמרים יבשים 125 גרם,ללמנ איבריה,PT,שמרית שמרים יבשים 125 גרם,גרמים,125.00,100 גרם,false,1,6.90,5.5200,true,1,118476
2814436,true,סנט מוריץ נוזל כלים,ארבה כימיקלים,TR,סנט מוריץ נוזל כלים לימון 1.6 ליטר 18%,ליטרים,1.60,ליטר,false,1,11.90,7.4375,true,1,139362
3072811,true,נקניקיות בראטוורסט ל,הנסיך- מפעל לייצור ט,IL,"נקניקיות בראטוורסט לל""ג 320 גרם",גרמים,320.00,100 גרם,false,1,22.90,7.1562,true,1,122840
30107014,false,נייר גלגול גדול +פיל,,,נייר גלגול גדול +פילטר בודד,יחידה,1.00,יחידה,false,1,10.00,10.0000,true,1,98491
30112902,false,נייר גלגול קטן+פילטר,,,נייר גלגול קטן+פילטר בודד,יחידה,1.00,יחידה,false,1,8.90,8.9000,false,1,101824
30112919,false,נ.ג. בינוני+פילטר בו,,,נ.ג. בינוני+פילטר בודד,Unknown,0.00,Unknown,false,1,10.00,0.0000,false,1,98495
40084077,false,קינדר מקסי,קדבורי,DE,קינדר מקסי,יחידה,1.00,יחידה,false,1,3.50,3.5000,true,1,108725
40084107,false,ביצת הפתעה קינדר בוד,פררו,IT,ביצת הפתעה - עשיר בחלב,גרמים,20.00,100 גרם,false,1,6.00,30.0000,true,1,13333
40099705,false,מסטיק אורביט סטיקס פ,ריגלי צרפת,FR,מסטיק אורביט פפרמינט סטיקס בודד,לא מנהל יחידת מידה,0.00,לא מנהל יחידת מידה,false,1,2.90,0.0000,true,1,13280
40111216,false,חטיף שוקולד באונטי 5,"נארז ע""י : א.ג. גילר",NL,חטיף שוקולד באונטי 57 גרם,גרמים,57.00,100 גרם,false,1,4.90,8.5965,true,1,4113
42138105,false,סיגריות וינסטון סלימ,גיי טי אינטרנשיונל,,סיגריות וינסטון סלימס כחול חפיסה בודד,לא מנהל יחידת מידה,0.00,לא מנהל יחידת מידה,false,1,34.30,0.0000,false,1,56813
42138129,false,סיגריות וינסטון סלימ,JTI,,סיגריות וינסטון סלימס מנטול חפיסה בודד,לא מנהל יחידת מידה,0.00,לא מנהל יחידת מידה,false,1,34.30,0.0000,false,1,56814
42139430,false,סיגריות כאמל שחור חפ,JTI,,סיגריות כאמל שחור חפיסה בודד,לא מנהל יחידת מידה,0.00,לא מנהל יחידת מידה,false,1,32.00,0.0000,false,1,97786
42154662,false,מסטיק אורביט באריזת,ריגלי,,מסטיק אורביט באריזת מעטפה ספירמינט,לא מנהל יחידת מידה,0.00,לא מנהל יחידת מידה,false,1,7.90,0.0000,true,1,46007
42182108,false,מסטיק פייב פפרמינט ס,מרס נדרלנד,,מסטיק פייב פפרמינט סטיקס,לא מנהל יחידת מידה,0.00,לא מנהל יחידת מידה,false,1,6.90,0.0000,true,1,63925
42182115,false,מסטיק פייב ספירמינט,מרס נדרלנד,,מסטיק פייב ספירמינט סטיקס,Unknown,0.00,Unknown,false,1,7.50,0.0000,true,1,63926
42188889,false,מסטיק פייב אבטיח סטי,מרס נדרלנד,,מסטיק פייב אבטיח סטיקס,גרמים,31.00,100 גרם,false,1,7.50,24.1935,true,1,71595
42212119,false,מסטיק אורביט באריזת,ריגלי,,מסטיק אורביט באריזת מעטפה פפרמינט,לא מנהל יחידת מידה,0.00,לא מנהל יחידת מידה,false,1,7.90,0.0000,true,1,108922
46026491,false,פרלמנט סופר סלימסPP,פיליפ מוריס,,פרלמנט סופר סלימסPP חפיסה,יחידה,1.00,יחידה,false,1,40.50,40.5000,false,1,29877
59039549,false,סיגריות ווג פריזון מ,BAT,,סיגריות ווג פריזון מנטול חפיסה בודד,Unknown,0.00,Unknown,false,1,40.00,0.0000,false,1,71881
59068914,false,סיגריות פאל מאל סילב,,,סיגריות פאל מאל סילבר דמני סלימס בודד,לא מנהל יחידת מידה,0.00,לא מנהל יחידת מידה,false,1,27.30,0.0000,false,1,116949
59455233,false,סיגריות ווג ליידי כח,BAT,,סיגריות ווג ליידי כחול חפיסה בודד,לא מנהל יחידת מידה,0.00,לא מנהל יחידת מידה,false,1,40.00,0.0000,false,1,76976
72940761,false,מילקי שוקולד 133 גרם,מיוצר עי קונדיטוריית,IL,מילקי בטעם שוקולד,גרמים,133.00,100 גרם,false,1,3.00,2.2556,true,1,8027
72961506,false,פרילי תות בגביע 125,מיוצר עי קונדיטוריית,IL,פרילי תות בגביע 125 גרם,מיליליטרים,125.00,"100 מ""ל",false,1,3.50,2.8000,true,1,8327
72963753,false,שמנת של פעם 27% תנוב,תנובה,IL,תנובה שמנת של פעם אורגינל 27% שומן,מיליליטרים,200.00,"100 מ""ל",false,1,4.20,2.1000,true,1,8370
72991374,false,סיגריות טיים רד חפיס,דובק,,סיגריות טיים רד חפיסה בודד,Unknown,0.00,Unknown,false,1,30.60,0.0000,false,1,9163
72993637,false,דני שוקולד מהדרין,מחלבת אחיהוד,IL,דני שוקולד,גרמים,125.00,100 גרם,false,1,2.90,2.3200,true,1,47757
72994061,false,חטיף פסק זמן 2GOOD מ,אף.סי תבליני בגליל ב,TR,פסק זמן 2GOOD,גרמים,36.00,100 גרם,false,1,5.90,16.3889,true,1,69904
78009226,false,סטיק אורגינל לאשה,ג'נרל מילס סאן אדריא,,דאודורנט אנטי-פרספירנט סטיק לאשה אורגינל,מיליליטרים,50.00,"100 מ""ל",false,1,24.90,49.8000,true,1,104586
80001027,false,חטיף טורטינה חלב,לואקר,IT,וופל בציפוי שוקולד חלב וממלוא בקרם אגוזים,גרמים,21.00,100 גרם,false,1,4.60,21.9048,true,1,13329
80001287,false,חטיף גרדנה אגוז,לואקר,AT,חטיף גרדנה אגוז 38 גרם,גרמים,38.00,100 גרם,false,1,4.50,11.8421,true,1,9501
80001461,false,חטיף גרדנה שוקולד,"א. לואקר קונפקט בע""מ",AT,חטיף גרדנה שוקולד 38 גרם,גרמים,38.00,100 גרם,false,1,4.50,11.8421,true,1,43065
80001485,false,גרדנה קוקוס,א. לואקר,IT,לואקר גרדנה קוקוס,גרמים,38.00,100 גרם,false,1,4.50,11.8421,true,1,43066
80001799,false,חטיף טורטינה לבן 21,לואקר,IT,וופל בציפוי שוקולד חלב וממלוא בקרם אגוזים,גרמים,21.00,100 גרם,false,1,4.50,21.4286,true,1,104664
80001911,false,חטיף גרדנה לבן 38 גר,א. לואקר,AT,חטיף גרדנה לבן 38 גרם,גרמים,38.00,100 גרם,false,1,4.50,11.8421,true,1,111058
80044062,true,ציפורן אורגני,בנומנולי,IT,סנומאלה ציפורן אורגני 32 גרם,גרמים,32.00,100 גרם,false,1,14.90,46.5625,true,1,115912
80050124,false,סוכריות טיק טק מנטה,פררו,ZA,טיק טק מנטה,גרמים,16.00,100 גרם,false,1,4.50,28.1250,true,1,9701
80052760,false,חטיף וופל קינדר בואנ,פררו,PL,קינדר בואנו,גרמים,43.00,100 גרם,false,1,5.00,11.6279,true,1,9705
80083665,false,עוגיות שוקולד ציפס א,תות תעשיות מזון (201,IT,עוגיות אורגניות עם שוקולד צ'יפס 250 גרם,גרמים,350.00,100 גרם,false,1,16.90,4.8286,true,1,133984
80136194,false,קינדר הפי היפו אגוזי,פררו,DE,"הפי היפו קקאו, וופל במילוי קרם חלבי וקרם אגוזי לוז",לא מנהל יחידת מידה,0.21,לא מנהל יחידת מידה,false,1,14.90,70.9524,true,1,130162
80176732,false,קינדר הפי היפו,פררו,DE,"הפי היפו קקאו, וופל במילוי קרם חלבי וקרם קקאו",גרמים,21.00,100 גרם,false,1,3.50,16.6667,true,1,47113
80177173,false,ממרח שוקולד נוטלה,פררו,IT,ממרח שוקולד נוטלה אגוזים 350 גרם,גרמים,350.00,100 גרם,false,1,15.90,4.5429,true,1,9768
80177180,false,שוקולד קינדר קאנטרי,פררו,IT,שוקולד קינדר קאנטרי 23.5 גרם,גרמים,24.00,100 גרם,false,1,3.50,14.5833,true,1,72478
80177609,false,שוקולד קינדר אצבעות,פררו,IT,שוקולד חלב עם תכולת חלב גבוהה במילוי קרם חלבי,גרמים,50.00,100 גרם,false,1,5.90,11.8000,true,1,9769
80177616,false,שוקולד חלב ממולא קינ,פררו,IT,שוקולד חלב עם תכולת חלב גבוהה במילוי קרם חלבי,גרמים,100.00,100 גרם,false,1,9.50,9.5000,true,1,9770
80273561,false,פלפל שחור במטחנה 45,DROGHERIA E ALIMENTA,,פלפל שחור במטחנה 45 גרם,גרמים,45.00,100 גרם,false,1,12.90,28.6667,true,1,9808
80310549,false,הפי היפו אגוזים בודד,פררו,DE,"הפי היפו קקאו, וופל במילוי קרם חלבי וקרם אגוזי לוז",לא מנהל יחידת מידה,0.00,לא מנהל יחידת מידה,false,1,3.00,0.0000,true,1,118742
80310891,false,"ביצת קינדר ג""וי",פררו,ZA,"ביצת קינדר ג""וי 20 גרם",גרמים,20.00,100 גרם,false,1,6.00,30.0000,true,1,140523
80473206,true,פפריקה מתוקה קנהמלה,קנהמלה,IT,פפריקה מתוקה אורגנית,גרמים,50.00,100 גרם,false,1,14.90,29.8000,true,1,115924
80541776,false,אורגנו אורגני,האי נאם סי או אל.טי.,IT,אורגנו אורגני,גרמים,14.00,100 גרם,false,1,14.90,106.4286,true,1,123002
80655404,true,שום גבישי אורגני,בנומנולי,IT,סנומאלה שום גבישי אורגני 70 גרם,גרמים,70.00,100 גרם,false,1,14.90,21.2857,true,1,115927
80761761,false,חטיף וופל קינדר בואנ,פררו,PL,חטיף וופל קינדר בואנו שוקולד לבן 39 גרם,גרמים,39.00,100 גרם,false,1,5.00,12.8205,true,1,73768
80769699,false,מסטיק מנטוס וויט פיר,הדקלאים אגודת שיתופי,TR,מנטוס וויט תותי פרוטי 6 צנצנות,גרמים,60.00,100 גרם,false,1,9.90,16.5000,true,1,99543
80773429,false,מסטיק מנטוס פיור פרש,פרפטי ואן מלה ברדה,TR,מסטיק מנטוס פיור פרש בטעם תות מעוגל,גרמים,60.00,100 גרם,false,1,9.90,16.5000,true,1,115324
80773443,false,מסטיק מנטוס מנטה פיר,פרפטי ואן מלה ברדה,TR,מנטוס גומי לעיסה ללא סוכר בטעם מנטה,גרמים,60.00,100 גרם,false,1,9.90,16.5000,true,1,113592
80790990,false,מסטיק מנטוס מנטה עדי,פרפטי ואן מלה ברדה,TR,מסטיק מנטוס מנטה עדינה בקבוק מעוגל 60 גר,גרמים,60.00,100 גרם,false,1,9.90,16.5000,true,1,113591
80843184,false,מסטיק בקבוקון פיור ע,פרפטי ואן מלה,TR,מסטיק בקבוקון פיור ענבים 60 גרם,גרמים,60.00,100 גרם,false,1,9.90,16.5000,true,1,136042
80850885,false,מסטיק מנטוס וויט מנט,"אינסטנטה בע""מ",TR,גומי לעיסה מנטוס וויט בטעם מנטה עדינה,גרמים,60.00,100 גרם,false,1,9.90,16.5000,true,1,99545
80874652,false,קינדר קארדס 25.6 גרם,פררו,IT,קינדר קארדס 25.6 גרם,גרמים,26.00,100 גרם,false,1,4.90,18.8462,true,1,140225
80896081,false,מסטיק מנטוס פיור פרש,פרפטי ואן מלה ברדה,TR,מנטוס גומי לעיסה ללא סוכר בטעם אבטיח,גרמים,60.00,100 גרם,false,1,9.90,16.5000,true,1,115325
80913467,false,מסטיק מנטוס מנטה בקב,"אינסטנטה בע""מ",TR,mentos - pure fresh,גרמים,60.00,100 גרם,false,1,9.90,16.5000,true,1,113593
80945468,false,מסטיק בקבקון מ.מתוקה,פרפטי ואן מלה,TR,מסטיק בקבקון מ.מתוקה pure white 60 גרם,גרמים,60.00,100 גרם,false,1,9.90,16.5000,true,1,136411
80974482,false,ביצת קינדר גוי כחול,פררו,ZA,קינדר ג'וי כחול,גרמים,20.00,100 גרם,false,1,6.00,30.0000,true,1,96509
80982470,false,מסטיק מנטוס פיור מנט,פרפטי ואן מלה ברדה,TR,מסטיק מנטוס פיור מנטה חזקה 60 ג,גרמים,60.00,100 גרם,false,1,9.90,16.5000,true,1,128810
80986348,false,מסטיק בקבקון מנטה pu,פרפטי ואן מלה,TR,מסטיק בקבקון מנטה pure white 60 גרם,גרמים,60.00,100 גרם,false,1,9.90,16.5000,true,1,136412
85939868,false,נייר קצר ללא פילטר,,,נייר קצר ללא פילטר,יחידה,0.00,יחידה,false,1,3.00,0.0000,true,1,91865
85942677,false,נייר קצר כולל פילטר,,,נייר קצר כולל פילטר,Unknown,0.00,Unknown,false,1,6.00,0.0000,false,1,84238
85942707,false,נייר קצר עבה,,,נייר קצר עבה,Unknown,0.00,Unknown,false,1,3.00,0.0000,false,1,101380
85951730,false,120 פילטרים SLIM PAR,,,120 פילטרים SLIM PARTY,Unknown,0.00,Unknown,false,1,6.50,0.0000,false,1,78120
85954137,false,פילטרים 7 ארוך,,,פילטרים 7 ארוך,Unknown,0.00,Unknown,false,1,6.00,0.0000,true,1,108957
85966611,false,נייר גלגול גדול כולל,,,נייר גלגול גדול כולל פילטר PIH,יחידה,1.00,יחידה,false,1,7.50,7.5000,false,1,124103
85967069,false,נייר גלגול גדול כולל,,,נייר גלגול גדול כולל פילטר חום,יחידה,1.00,יחידה,false,1,8.00,8.0000,false,1,122126
85967076,false,נייר בינוני כולל פיל,,,נייר בינוני כולל פיל,יחידה,1.00,יחידה,false,1,7.00,7.0000,true,1,124102
87108538,false,סוכריות מנטוס תות גל,הדקלאים אגודת שיתופי,NL,מנטוס תות 40 גלילים,גרמים,38.00,100 גרם,false,1,3.90,10.2632,true,1,41854
87311396,false,סוכריות מנטוס ריינבא,קדבורי,NL,מנטוס  ריינבאוו סוכריות לעיסה בטעמי פירות 37.5 גרם,גרמים,38.00,100 גרם,false,1,3.90,10.2632,true,1,84685
90162602,false,משקה אנרגיה רד בול,רד בול ג'י.אם.בי. אץ,AT,"משקה אנרגיה רד בול 250 מ""ל",מיליליטרים,250.00,"100 מ""ל",false,1,8.00,3.2000,true,1,42148
90162800,false,משקה אנרגיה רד בול,רד בול ג'י.אם.בי. אץ,AT,רד בול,מיליליטרים,250.00,"100 מ""ל",false,1,8.00,3.2000,true,1,42149
90448867,false,רד בול ללא פחמימות פ,רד בול,AT,רד בול ללא פחמימות פחית 250 מל,מיליליטרים,250.00,"100 מ""ל",false,1,8.00,3.2000,true,1,138414
11210007253,false,רוטב טבסקו שום ופלפל,מקאילהייני אייבורי,,"רוטב טבסקו שום ופלפל 60 מ""ל",מיליליטרים,60.00,"100 מ""ל",false,1,11.90,19.8333,true,1,118
12300253864,false,סיגריות וינסטון אפור,JTI,,סיגריות וינסטון אפור חפיסה בודד,Unknown,0.00,Unknown,false,1,33.00,0.0000,false,1,14594
16000548503,false,חטיפי גרנולה קראנצי,ג'נרל מילס סאן אדריא,ES,חטיפי גרנולה קראנצי מייפל וסוכר חום 210,גרמים,210.00,100 גרם,false,1,14.90,7.0952,true,1,804
16000548909,false,חטיפי גרנולה קראנצי,ג'נרל מילס סאן אדריא,ES,חטיפי גרנולה קראנצי מגוון טעמים 210 גרם,גרמים,210.00,100 גרם,false,1,14.90,7.0952,true,1,806
18000701223,false,תערובת להכנת עוגת שו,הדקלאים אגודת שיתופי,IL,תערובת להכנת עוגת שוקולד פילסברי 500 גרם,גרמים,500.00,100 גרם,false,1,17.90,3.5800,true,1,920
19548003107,false,בלוק צימקאו לבן 300,אופנהיימר,IL,בלוק צימקאו לבן 300 גרם,גרמים,300.00,100 גרם,false,1,8.90,2.9667,true,1,120346
22200956932,false,"ג""ל כחול ספיד סטיק 2",קולגייט פלמוליב,US,דאודורנט 24/7 ג'ל כחול ספיד סטיק,מיליליטרים,85.00,"100 מ""ל",false,1,21.90,25.7647,true,1,1612
25700005698,false,זיפלוק שקיות אחסון ב,אס.סי גונוסון,US,זיפלוק שקיות אחסון בינוניות 24יח,יחידה,1.00,יחידה,false,1,13.90,13.9000,true,1,127431
30100487197,false,קיבלר קרקר גבינת צדר,"מאכלי עולם ר.ז. בע""מ",,קיבלר קרקר גבינת צדר לבן 39 גרם,גרמים,39.00,100 גרם,false,1,4.00,10.2564,true,1,99183
33617322616,false,פת פריכה ואזה מקמח ש,כלורוקס אוקלנד,DE,ווזה פת פריכה קלה מקמח שיפון 270 גרם,גרמים,270.00,100 גרם,false,1,13.90,5.1481,true,1,78446
36000183399,false,חיתולי האגיס שחיה מי,KC Czech,,חיתולי האגיס שחיה מידה S/M,לא מנהל יחידת מידה,0.00,לא מנהל יחידת מידה,false,1,42.90,0.0000,true,1,3432
36000516876,false,קלינקס לושן 75 - 3 ש,קימברלי,GB,קלינקס לושן 75 - 3 שכבות,יחידה,27.00,יחידה,false,1,12.90,0.4778,true,1,124027
36000516890,false,קלינקס לושן אלוורה 1,קימברלי,GB,קלינקס לושן אלוורה 120 - 3 שכבות,יחידה,24.00,יחידה,false,1,17.90,0.7458,true,1,124026
37600207256,false,חמאת בוטנים סקיפי בו,פלזנסקי,US,חמאת בוטנים סקיפי עם שברי בוטנים 462 גרם,גרמים,462.00,100 גרם,false,1,24.90,5.3896,true,1,98837
37600207287,false,חמאת בוטנים עם דבש ס,כלורוקס אוקלנד,US,חמאת בוטנים סקיפי עם דבש 462 גרם,גרמים,462.00,100 גרם,false,1,25.60,5.5411,true,1,98838
38000138607,false,פרינגלס חומץ מלח 158,מנופקצורי קטמפני,US,פרינגלס חומץ מלח 158 גרם,גרמים,158.00,100 גרם,false,1,9.90,6.2658,true,1,121856
38000138638,false,פרינגלס פיצה 158 גרם,לני אנד לארי,US,פרינגלס פיצה 158 גרם,גרמים,158.00,100 גרם,false,1,9.90,6.2658,true,1,111123
38000138720,false,פרינגלס ראנץ 158 גרם,פרינגלס מניופקצ'ורינ,US,פרינגלס ראנץ 158 גרם,גרמים,158.00,100 גרם,false,1,9.90,6.2658,true,1,118014
38000183690,true,פרינגלס ברביקיו מידי,פרינגלס מניופקצ'ורינ,US,פרינגלס ברביקיו מידי חלבי 74 גרם,גרמים,74.00,100 גרם,false,1,5.90,7.9730,true,1,118991
38000183928,false,פרינגלס חרדל ודבש 15,פרינגלס מניופקצ'ורינ,US,פרינגלס חרדל ודבש 158 גרם,גרמים,158.00,100 גרם,false,1,9.90,6.2658,true,1,126920
38000232169,false,פרינגלס מידי אורגינל,פרינגלס מניופקצ'ורינ,US,פרינגלס מידי אורגינל 67גרם,גרמים,67.00,100 גרם,false,1,5.90,8.8060,true,1,124396
38000232176,false,פרינגלס שמנת בצל 158,פרינגלס מניופקצ'ורינ,US,פרינגלס שמנת בצל 158גרם,גרמים,158.00,100 גרם,false,1,9.90,6.2658,true,1,124394
38000232183,false,פרינגלס אורגינל 149,פרינגלס מניופקצ'ורינ,US,פרינגלס אורגינל 149 גרם,גרמים,149.00,100 גרם,false,1,9.90,6.6443,true,1,124393
38527591053,false,דגני קוואקר מרובעים,BEVERAGES FOODS & SE,,דגני קוואקר מרובעים קינמון 411 גרם,גרמים,411.00,100 גרם,false,1,21.90,5.3285,true,1,79889
38527591060,false,דגני קוואקר מרובעים,BEVERAGES FOODS & SE,,דגני קוואקר מרובעים סוכר חום 411 גרם,גרמים,411.00,100 גרם,false,1,21.90,5.3285,true,1,80503
41390000010,false,רוטב סויה קיקומן 148,קיקומן פודז אינק,,"רוטב סויה קיקומן 148 מ""ל",מיליליטרים,148.00,"100 מ""ל",false,1,10.90,7.3649,true,1,105478
41390000058,false,רוטב טריאקי קיקומן 2,קדבורי,US,"רוטב טריאקי קיקומן 296 מ""ל",מיליליטרים,296.00,"100 מ""ל",false,1,23.90,8.0743,true,1,4340
46214731552,false,עוגיות שוקולד ציפס מ,קריניציה ויטמינה אס,NL,מרבה עוגיות  37% שוקולד ציפס,גרמים,225.00,100 גרם,false,1,9.90,4.4000,true,1,4797
50000293339,false,פריסקיז גרייבי 156 ג,פורינה,US,פריסקיז גרייבי 156 ג,גרמים,156.00,100 גרם,false,1,6.90,4.4231,true,1,139576
50000445691,false,פריסקיז חתולים נתחי,פורינה,US,פריסקיז חתולים נתחי עוף וסלמון ברוטב,גרמים,156.00,100 גרם,false,1,5.90,3.7821,true,1,83597
64144090020,false,PAM תרסיס שמן זית 14,קונאגרה פודס,,"PAM תרסיס שמן זית 148 מ""ל",מיליליטרים,148.00,"100 מ""ל",false,1,18.90,12.7703,true,1,82318
64144090051,false,PAM תרסיס שמן קנולה,קונאגרה פודס,,"PAM תרסיס שמן קנולה 148 מ""ל",מיליליטרים,148.00,"100 מ""ל",false,1,18.90,12.7703,true,1,101964
77245110610,false,סוכריות מאסט מנטה לל,MIESZKO S.A - MS. JO,,סוכריות מאסט מנטה ללא סוכר 80 גרם,גרמים,80.00,100 גרם,false,1,8.90,11.1250,true,1,14248
77343000233,false,נרות חימום אורה 50,מנורה,IL,נרות חימום אורה 50,יחידה,1.00,יחידה,false,1,12.90,12.9000,true,1,109684
77975036983,false,מטבל עגבניות חריף 43,סניידרס,,מטבל עגבניות חריף 439 גרם,גרמים,439.00,100 גרם,false,1,16.90,3.8497,true,1,118783
77975094761,false,סניידרס בטעם צדר 340,סניידרס,US,סניידרס בטעם צדר 340 גרם,גרמים,340.00,100 גרם,false,1,17.90,5.2647,true,1,128736
77975094778,false,סניידרס דבש חרדל ובצ,סניידרס,US,סניידרס דבש חרדל ובצל 340 גרם,גרמים,340.00,100 גרם,false,1,17.90,5.2647,true,1,129060
80432402931,false,וויסקי שיבאס ריגאל,"איי, בי, אינבוו",GB,"וויסקי סקוטי, שיבאס ריגאל 12 שנה, 700 מ''ל",מיליליטרים,700.00,"100 מ""ל",false,1,139.90,19.9857,true,1,99452
80480280048,false,וודקה גריי גוס 200 מ,בקרדי מרטיני,FR,"וודקה גריי גוס 200 מ""ל",מיליליטרים,200.00,"100 מ""ל",false,1,49.90,24.9500,true,1,117273
80518532743,false,שקית בלון 50 בלונים,NORTHERN,,שקית בלון 50 בלונים,מיליליטרים,0.00,"100 מ""ל",false,1,15.90,0.0000,true,1,9830
195480030088,false,בלוק צמקאו חום אופנה,אופנהיימר,IL,בלוק צמקאו חום אופנהיימר 300 גרם,גרמים,300.00,100 גרם,false,1,8.90,2.9667,true,1,120343
413900010558,false,רוטב סויה קיקומן ליי,קיקומן פודז אינק,,"רוטב סויה קיקומן לייט 296 מ""ל",מיליליטרים,296.00,"100 מ""ל",false,1,22.90,7.7365,true,1,4341
613008742348,false,אריזונה גנסנג ודבש ב,"נטורלה גטרנק בע""מ",DE,אריזונה גנסנג ודבש בקבוק 1 ליטר,ליטרים,1.00,ליטר,false,1,12.90,12.9000,true,1,125627
613008742409,false,אריזונה אפרסק בקבוק,"נטורלה גטרנק בע""מ",DE,אריזונה אפרסק בקבוק 1 ליטר,ליטרים,1.00,ליטר,false,1,12.90,12.9000,true,1,125626
613008753290,false,אריזונה אפרסק 450 מל,לני אנד לארי,BG,אריזונה אפרסק 450 מל,מיליליטרים,450.00,"100 מ""ל",false,1,8.50,1.8889,true,1,120710
613008753320,false,אריזונה גינסנג ודבש,לני אנד לארי,BG,אריזונה גינסנג ודבש 450 מל,מיליליטרים,450.00,"100 מ""ל",false,1,8.50,1.8889,true,1,120711
633824111838,false,וודקה ואן גוך אננס ב,מזקקת דירקזוואכר סכי,,"וודקה ואן גוך אננס בקבוק 750 מ""ל",מיליליטרים,750.00,"100 מ""ל",false,1,149.90,19.9867,true,1,111605
633824913432,false,וודקה ואן גוך אסאי ב,מזקקת דירקזוואכר סכי,,"וודקה ואן גוך אסאי בלוברי בקבוק 750 מ""ל",מיליליטרים,750.00,"100 מ""ל",false,1,149.90,19.9867,true,1,91559
651080647519,false,קיסמים לשיניים פלאקר,המאפיה של הרמן,US,פלאקרס פלוסר חוט דנטלי ירוק -מנטה,יחידה,1.00,יחידה,false,1,11.90,11.9000,true,1,112639
693493102575,true,שרי ארוז יחידות 450,חקלאי,IL,שרי ארוז יחידות 450 גרם,גרמים,450.00,100 גרם,false,1,9.90,2.2000,true,1,126846
693493104722,false,רצועת התנגדות פונקצי,,,רצועת התנגדות פונקצי,יחידה,1.00,יחידה,false,1,149.90,149.9000,true,1,127004
782588945422,false,ערק קורדו לימונים 75,שי חזן 7 ח.ש,IL,"ערק קורדו לימונים 750 מ""ל",מיליליטרים,750.00,"100 מ""ל",false,1,69.90,9.3200,true,1,135132
835811005421,false,שיפודים עבים 25 סמ,שוורצקוף& הנקל דיסלד,IL,הנמל שיפודי במבוק עבים 25 סמ 75 יח',Unknown,0.00,Unknown,false,1,4.50,0.0000,true,1,75655
835811005957,false,מגש הכסף תבנית אלומ`,כלורוקס אוקלנד,IL,"הנמל תבנית אלומניום מלבנית, 8 יחידות",לא מנהל יחידת מידה,0.00,לא מנהל יחידת מידה,false,1,11.90,0.0000,true,1,86271
835811005964,false,תבנית אלומיניום אינג,ווינפאק,,תבנית אלומיניום אינגליש 20 יחידות,לא מנהל יחידת מידה,0.00,לא מנהל יחידת מידה,false,1,12.90,0.0000,true,1,85918
835811007562,false,תבנית קרטון אינגליש,"תעשיות רישתון בע""מ",,תבנית קרטון אינגליש קייק 6 יחידות,לא מנהל יחידת מידה,0.00,לא מנהל יחידת מידה,false,1,10.90,0.0000,true,1,23228
835811009023,false,כוסות קרטון,אכיף,,כוסות קרטון,יחידה,0.50,יחידה,false,1,12.90,25.8000,true,1,61030
835811009030,false,כפיות  לבן,,,כפיות  לבן 100 יח,Unknown,0.00,Unknown,false,1,11.90,0.0000,true,1,94952
839762000641,false,נקטר איילנד מנגו 1 ל,פארייפאבה אגרואינדוס,EG,איילנד מנגו 1 ליטר,ליטרים,1.00,ליטר,false,1,11.50,11.5000,true,1,21076
839762000658,false,נקטר איילנד גויאבה 1,The Egyptian Co. for,EG,איילנד גויאבה המשקה של חופי סיני 1 ליטר,ליטרים,1.00,ליטר,false,1,11.50,11.5000,true,1,20560
842387000736,false,מטען רכב לגלקסי פרמי,,,מטען רכב לגלקסי פרמיום 2A,יחידה,1.00,יחידה,false,1,39.90,39.9000,true,1,123504
856591000055,true,עוגיות עבאדי קריספי,קריניציה ויטמינה אס,IL,"עבאדי עוגיות מזרחיות קריספי, 400 גרם",Unknown,0.00,Unknown,false,1,19.90,0.0000,true,1,120797
856591000062,false,עוגיות מזרחיות עבאדי,מאפיית יוסף ושמחה עב,IL,מזרח. מלח 400ג 856591000062,גרמים,400.00,100 גרם,false,1,19.90,4.9750,true,1,22258
898193001252,false,בונומלי - חליטת קמומ,בונומלי,IT,"""בונומלי"" תה קמומיל (בבונג) 28 גרם",גרמים,28.00,100 גרם,false,1,17.90,63.9286,true,1,125396
3014260214692,false,גל גילוח גילט סירייס,ג'ילט,GB,גל גילוח גילט סירייס לעור רגיש ירוק 200,מיליליטרים,20000.00,"100 מ""ל",false,1,13.90,0.0695,true,1,38346
3014260243531,false,סכיני גילוח מאך 3,פרוקטר אנד גמבל,,סכיני גילוח מאך 3   4 יחידות,לא מנהל יחידת מידה,0.00,לא מנהל יחידת מידה,false,1,52.40,0.0000,true,1,2648
3014260287030,false,סכיני גילוח חד פעמי,פרוטקר אנד גמבל,MD,סכיני גילוח חד פעמי גילט 5 יחידות,לא מנהל יחידת מידה,0.00,לא מנהל יחידת מידה,false,1,7.90,0.0000,true,1,38073
3228022910023,false,פרזידנט חמאה 200 גרם,גוד פוד פרודקטס S.p,FR,פרזידנט חמאה 200 גרם,גרמים,200.00,100 גרם,false,1,15.50,7.7500,true,1,3001
3387390320244,false,דגני פיטנס פירות 375,סי. פי. צרפת,FR,דגני פיטנס פירות 375 גרם,גרמים,375.00,100 גרם,false,1,21.90,5.8400,true,1,28301
3387390525960,false,דגני קראנץ נסטלה 500,הנסיך- מפעל לייצור ט,FR,דגני קראנץ נסטלה 500 גרם,גרמים,500.00,100 גרם,false,1,26.90,5.3800,true,1,50545
3574660089547,false,טמפוני O.B קלאסי נור,ג'ונסון אנד ג'ונסון,GR,טמפוני O.B קלאסי נורמל 32 יח,יחידה,1.00,יחידה,false,1,24.90,24.9000,true,1,43078
3574660115154,false,טמפוני O.B סופר 32 י,CILAG GMBH INTERNATI,,טמפוני O.B סופר 32 יח,יחידה,1.00,יחידה,false,1,24.90,24.9000,true,1,43080
3574660239829,false,ניטרוגינה קרם ידיים,CILAG GMBH INTERNATI,,"ניטרוגינה קרם ידיים 75 מ""ל",מיליליטרים,75.00,"100 מ""ל",false,1,25.90,34.5333,true,1,59136
3574660676105,false,ניטרוגינה קרם רב שימ,CILAG GMBH INTERNATI,,ניטרוגינה קרם רב שימושי300 מל,מיליליטרים,300.00,"100 מ""ל",false,1,36.50,12.1667,true,1,98534
3574661487328,false,קרפרי מגן תחתון רגיל,ג'ויה מעבדות לקוסמטי,IT,קרפרי מגן תחתון רגיל 56 יח,יחידה,1.00,יחידה,false,1,19.90,19.9000,true,1,123344
3574661487625,false,קרפרי מגן תחתון מקסי,ג'ויה מעבדות לקוסמטי,IT,קרפרי מגן תחתון מקסי לארג 48 יח,יחידה,1.00,יחידה,false,1,19.90,19.9000,true,1,123345
3574661552804,false,קרפרי מגן תחתון אלוו,הדקלאים אגודת שיתופי,GR,קרפרי מגן תחתון אלוורה קרפרי 58 יחידות,יחידה,1.00,יחידה,false,1,19.90,19.9000,true,1,126624
3574669908665,false,גונסון בייבי אל סבון,גונסון,IT,גונסון בייבי אל סבון לפני שינה 750 חדש,מיליליטרים,750.00,"100 מ""ל",false,1,19.90,2.6533,true,1,121142
3574669909204,false,גונסונס בייבי שמן 30,גונסון,IT,גונסונס בייבי שמן 300 מל חדש,מיליליטרים,300.00,"100 מ""ל",false,1,19.90,6.6333,true,1,120924
3661163991146,false,ספרי נשים דריי מקס פ,מיוצר עי קונדיטוריית,PT,אדידס דאודורנט ספריי לאישה פרש 150 מל,מיליליטרים,200.00,"100 מ""ל",false,1,19.90,9.9500,true,1,65897
4000417101211,false,אמיצלי גלילי וופל 15,קימס,AT,אמיצלי גלילי וופל 150 גרם,גרמים,150.00,100 גרם,false,1,17.90,11.9333,true,1,137412
4002590000046,false,סוכריות מרעננות,קדבורי,DE,קלפני מנטה מרענן 150 גר',גרמים,150.00,100 גרם,false,1,12.00,8.0000,true,1,12183
4005808262168,false,ניוואה ספריי הגנה,טרופיקל דגיל תעשיות,DE,"תרסיס מקדם הגנה מרענן, SPF20 עמיד במים",מיליליטרים,200.00,"100 מ""ל",false,1,64.90,32.4500,true,1,95129
4005808650712,false,לבלו שפתון דובדבן,ביסיצורי,,לבלו שפתון דובדבן,גרמים,5.00,100 גרם,false,1,14.90,298.0000,true,1,49897
4005808670611,false,ניוואה קרם לחות לעור,ביירסדורף,,ניוואה קרם לחות לעור יבש 50 מל,מיליליטרים,50.00,"100 מ""ל",false,1,39.90,79.8000,true,1,94078
4005808813063,false,תחליב לחות לגבר,בטר אנד דיפרנט,DE,תחליב לחות לעור רגיש ניוואה,גרמים,260.00,100 גרם,false,1,34.90,13.4231,true,1,4017
4005808890507,false,קרם ניוואה סופט 200,ביירסדורף,IT,קרם ניוואה סופט 200 מל,מיליליטרים,200.00,"100 מ""ל",false,1,16.90,8.4500,true,1,4027
4009300522935,false,תה ירוק לימונית ולוא,"איטיליאן פוד, אס.פי.",DE,פומפדור תה ירוק לימונית ולואיזה 30 גר',גרמים,30.00,100 גרם,false,1,19.90,66.3333,true,1,49995
4009300522966,false,תה ירוק עם נענע,"איטיליאן פוד, אס.פי.",DE,pompadour תה ירוק עם נענע 30 גרם,גרמים,30.00,100 גרם,false,1,18.90,63.0000,true,1,49996
4009300524588,false,תה פומפדור חליטה,"איטיליאן פוד, אס.פי.",DE,פומפדור חליטת פירות וצמחים בטעם פירות יער 60 גר',גרמים,60.00,100 גרם,false,1,16.90,28.1667,true,1,59405
4009300525684,false,חליטת לימון גינגר,"איטיליאן פוד, אס.פי.",DE,פומפדור חליטת צמחים גינג'ר לימון 35 גר',גרמים,35.00,100 גרם,false,1,16.90,48.2857,true,1,85713
4009300526438,false,תה ירוק קלאסי פומפדו,"איטיליאן פוד, אס.פי.",DE,פומפדור תה ירוק קלאסי 30 גרם,גרמים,30.00,100 גרם,false,1,18.90,63.0000,true,1,99419
4009300527909,true,פומפדור גינגר כורכום,,DE,פומפדור גינגר כורכום,Unknown,0.00,Unknown,false,1,16.90,0.0000,true,1,131371
4009309022399,true,כרוב כבוש אורגני 670,נטורפוד,DE,כרוב כבוש אורגני 670 גרם,גרמים,670.00,100 גרם,false,1,16.90,2.5224,true,1,115881
4009309114407,true,נטורפוד מלפפון כבוש,נטורפוד,DE,מלפפון כבוש אורגני,גרמים,670.00,100 גרם,false,1,24.90,3.7164,true,1,115883
4009309456453,true,סלק אדום אורגני 670,נטורפוד,DE,סלק אדום אורגני,גרמים,670.00,100 גרם,false,1,15.90,2.3731,true,1,115884
4009309742426,true,רסק תפוח מנגו אורגני,נטורפוד,DE,רסק תפוח מנגו אורגני,גרמים,700.00,100 גרם,false,1,18.90,2.7000,true,1,115886
4009900420129,false,אורביט פרופשיונל פפר,מרס נדרלנד,PL,אורביט פרופשיונל פפרמינט בקבוקון,לא מנהל יחידת מידה,0.00,לא מנהל יחידת מידה,false,1,9.90,0.0000,true,1,119425
4009900426039,false,מסטיק איירווייבס מנט,ריגלי,,מסטיק איירווייבס מנטה אקליפטוס בקבוקון,גרמים,64.00,100 גרם,false,1,9.90,15.4688,true,1,110452
4009900479998,false,מסטיק אורביט אוכמניו,ריגלי,,מסטיק אורביט אוכמניות בקבוקון,Unknown,0.00,Unknown,false,1,9.90,0.0000,true,1,99516
4009900531122,false,אורביט פרופשיונל ספי,מרס נדרלנד,PL,אורביט פרופשיונל ספירמינט בקבוקון,לא מנהל יחידת מידה,0.00,לא מנהל יחידת מידה,false,1,9.90,0.0000,true,1,119426
4009900536257,false,מסטיק אורביט רפרשרס,מרס ריגלי קונפקשונרי,PL,מסטיק אורביט רפרשרס ספירמנט 67 ג,גרמים,67.00,100 גרם,false,1,10.90,16.2687,true,1,128811
4009900536288,false,מסטיק אורביט רפרשרס,מרס ריגלי קונפקשונרי,PL,מסטיק אורביט רפרשרס פפרמ 67 ג,גרמים,67.00,100 גרם,false,1,10.90,16.2687,true,1,128812
4009900536486,false,מסטיק אורביט רפרשרס,מרס ריגלי קונפקשונרי,PL,מסטיק אורביט רפרשרס באבלמ 67 ג,גרמים,67.00,100 גרם,false,1,10.90,16.2687,true,1,128813
4009900539685,false,מסטיק פייב מנטה בקבו,מרס נדרלנד,PL,מסטיק פייב מנטה בקבוקון 61.8גרם,גרמים,62.00,100 גרם,false,1,11.90,19.1935,true,1,137802
4009900539746,false,מסטיק פייב אבטיח בקב,מרס נדרלנד,PL,מסטיק פייב אבטיח בקבוקון 61.8גרם,גרמים,62.00,100 גרם,false,1,11.90,19.1935,true,1,137803
4014400901191,false,בונבוניירה מרסי 250,אוגוסט שטורק,DE,בונבוניירה מרסי 250 גרם,גרמים,250.00,100 גרם,false,1,29.90,11.9600,true,1,4131
4014400914696,false,סוכריות חמאה וורטר ל,אוגוסט שטורק,DE,סוכריות חמאה וורטר ללא סוכר 80 גרם,גרמים,80.00,100 גרם,false,1,10.90,13.6250,true,1,71136
4014400914924,false,סוכריות קפה וורטר לל,אוגוסט שטורק,DE,סוכריות חמאה וורטרס ללא סוכר בטעם קפוצ'ינו,גרמים,80.00,100 גרם,false,1,11.90,14.8750,true,1,71137
4014400923711,false,בונבוניירה טופיפי שו,אוגוסט שטורק,DE,בונבוניירה טופיפי שוקולד 125 גרם,גרמים,125.00,100 גרם,false,1,13.90,11.1200,true,1,110763
4015400681670,false,תחבושות אולוויז לילה,פרוקטר אנד גמבל,UA,תחבושות אולוויז לילה בטוח 18 יחידות,לא מנהל יחידת מידה,0.00,לא מנהל יחידת מידה,false,1,18.90,0.0000,true,1,108006
4015600766900,false,שמפו הד אנד שולדרס 2,קדבורי,RO,"הד אנד שולדרס שמפו 2 ב1 מנטול 500 מ""ל",מיליליטרים,500.00,"100 מ""ל",false,1,24.90,4.9800,true,1,111606
4015600810849,false,Gillette Clear Gel A,פרוקטר אנד גמבל,PL,Gillette Clear Gel AP Deo Stick Power Ru,מיליליטרים,70.00,"100 מ""ל",false,1,16.90,24.1429,true,1,98930
4017100210105,false,וופלטן וופל מגולגל מ,באלסן,DE,וופלטן וופל מגולגל מריר 100 גרם,גרמים,100.00,100 גרם,false,1,13.90,13.9000,true,1,107204
4017100219900,false,ופל ופלטן מגולגל מצו,חברת באלסן,DE,ופל ופלטן מגולגל מצופה שוקולד 100 גרם,גרמים,100.00,100 גרם,false,1,13.90,13.9000,true,1,4164
4017100290008,false,ביסקוויט בלזן מצופה,הדקלאים אגודת שיתופי,DE,ביסקוויט בלזן מצופה שוקולד חלב 125 גרם,גרמים,125.00,100 גרם,false,1,13.90,11.1200,true,1,4166
4018722100157,false,פסטה פוזילי כוסמין מ,האחים פלם הגפן,DE,פסטה פוזילי כוסמין מלא 250 גרם,גרמים,250.00,100 גרם,false,1,13.90,5.5600,true,1,115948
4018722102632,true,ספגטי כוסמין מלא אור,אלב גולד,DE,כוסמין פסטה אורגנית,גרמים,500.00,100 גרם,false,1,17.90,3.5800,true,1,115949
4018722303459,true,מקרוני כוסמין אורגני,אלב גולד,DE,אלב גולד - מקרוני כוסמין אורגני,גרמים,250.00,100 גרם,false,1,13.90,5.5600,true,1,115951
4022025002254,false,24K יין בלו נאן רוזה,בלו נאן,DE,"24K יין בלו נאן רוזה כשר 200 מ""ל",מיליליטרים,200.00,"100 מ""ל",false,1,25.90,12.9500,true,1,137421
4032900104508,false,סיגריות אל די סופרסל,,,סיגריות אל די סופרסל,לא מנהל יחידת מידה,0.00,לא מנהל יחידת מידה,false,1,28.40,0.0000,false,1,120281
4032900112879,false,סיגריות כאמל קומפקט,,,סיגריות כאמל קומפקט כחול בודד,יחידה,1.00,יחידה,false,1,27.60,27.6000,false,1,121064
4033100024146,false,סיגריות וינסטון קוד,JTI,,סיגריות וינסטון קוד חפיסה בודד,לא מנהל יחידת מידה,0.00,לא מנהל יחידת מידה,false,1,32.00,0.0000,false,1,85470
4033100024153,false,סיגריות וינסטון קוד,JTI,,סיגריות וינסטון קוד פקט 10 יח,Unknown,0.00,Unknown,false,1,320.00,0.0000,false,1,85469
4033100024252,false,סיגריות וינסטון אקוו,JTI,,סיגריות וינסטון אקווה חפיסה בודד,יחידה,0.00,יחידה,false,1,32.00,0.0000,false,1,85472
4033100038914,false,טבק לגלגול קאמל צהוב,JTI,,טבק לגלגול קאמל צהוב חפיסה30 גרם,גרמים,30.00,100 גרם,false,1,81.20,270.6667,false,1,94008
4033100047350,false,טבק לגלגול קאמל כחול,JTI,,טבק לגלגול קאמל כחול חפיסה30 גרם,גרמים,30.00,100 גרם,false,1,81.20,270.6667,false,1,94009
4033100064036,false,טבק לגלגול וינסטון כ,JTI,,טבק לגלגול וינסטון כחול חפיסה30 גרם,גרמים,30.00,100 גרם,false,1,81.20,270.6667,false,1,106400
4043058008778,false,טבק לגלגול אמריקן ספ,jti,,טבק לגלגול אמריקן ספיריט כחול חבילה30גר,גרמים,30.00,100 גרם,false,1,88.20,294.0000,false,1,103830
4043058010412,false,טבק לגלגול אמריקן ספ,jti,,טבק לגלגול אמריקן ספיריט צהוב חבילה30גר,גרמים,30.00,100 גרם,false,1,88.20,294.0000,false,1,105281
4053700292455,false,רצועות שעווה לעור רג,ויט,,רצועות שעווה לעור רגיל תמצית צמחים ויט,לא מנהל יחידת מידה,0.00,לא מנהל יחידת מידה,false,1,34.90,0.0000,true,1,55134
4066600999614,false,בירה פאולנר בקבוק 50,"איי, בי, אינבוו",DE,"בירה פאולנר, בירת חיטה מעוננת, בקבוק 500 מ""ל",מיליליטרים,500.00,"100 מ""ל",false,1,12.90,2.5800,true,1,111437
4084500876019,false,נוזל כלים פיירי לימו,פרוקטר אנד גמבל,GB,נוזל כלים פיירי לימון 500 מל,מיליליטרים,500.00,"100 מ""ל",false,1,8.90,1.7800,true,1,138686
4100470106700,true,חומץ תפוחים טבעי ואו,ברוקהרט,DE,נטורפוד חומץ תפוחים טבעי ואורגני,מיליליטרים,750.00,"100 מ""ל",false,1,25.90,3.4533,true,1,115888
4210201262183,false,אורל בי מברשת חשמלית,בראון,DE,אורל בי מברשת חשמלית נטענת D100,לא מנהל יחידת מידה,0.00,לא מנהל יחידת מידה,false,1,99.90,0.0000,true,1,137974
4210201360742,false,אורל בי ראש חשמלי לנ,בראון,IE,אורל בי ראש חשמלי לניקוי יסודי 4 יח',לא מנהל יחידת מידה,0.00,לא מנהל יחידת מידה,false,1,99.90,0.0000,true,1,137975
4603928000976,false,"וודקה בלוגה 700 מ""ל",מרינסקי ליקרו-וודאצ',RU,"וודקה בלוגה 700 מ""ל",מיליליטרים,700.00,"100 מ""ל",false,1,139.90,19.9857,true,1,91008
4640018993343,false,פיניש קוואנטום 30 יח,רקיט בנקיזר,PL,פיניש קוואנטום קפסולות למדיח 30 טבליות,גרמים,375.00,100 גרם,false,1,39.90,10.6400,true,1,127688
4710068001692,false,מאסטר קפה לאטה 240 מ,תאיט מרקטינג אנד דיס,,מאסטר קפה לאטה פחית,מיליליטרים,240.00,"100 מ""ל",false,1,7.50,3.1250,true,1,97404
4710068001715,false,מאסטר קפה טירמיסו 24,"איי, בי, אינבוו",,מאסטר קפה טרמיסו פחית 240 מל,מיליליטרים,240.00,"100 מ""ל",false,1,7.50,3.1250,true,1,97466
4710068001739,false,מאסטר קפה קולומביאני,"איי, בי, אינבוו",,מאסטר קפה משקה קפה קר קלאסיקו 240 מל,מיליליטרים,240.00,"100 מ""ל",false,1,7.50,3.1250,true,1,97405
4710068002798,false,מאסטר קפה וונילה פחי,מאיטה פוד אינדוסטריא,,מאסטר קפה לאטה פחית,מיליליטרים,240.00,"100 מ""ל",false,1,7.50,3.1250,true,1,121914
4796019790013,false,שמן קוקוס אורגני גרי,גרין קוקו,,שמן קוקוס אורגני,מיליליטרים,300.00,"100 מ""ל",false,1,23.90,7.9667,true,1,111996
4800888148957,false,דאודורנט רקסונה רול,,,דאודורנט רול און  לאשה 48 שעות  טלק,מיליליטרים,50.00,"100 מ""ל",false,1,19.90,39.8000,true,1,66103
4891228430047,false,שיק אקזקטה 2ירוק 10י,השחר,CN,שיק אקזקטה סכיני גילוח חד פעמי לעור רגיש 10 יחידות,לא מנהל יחידת מידה,0.00,לא מנהל יחידת מידה,false,1,31.60,0.0000,true,1,31193
4891228430061,false,סכיני גילוח 10 יח,הנסיך- מפעל לייצור ט,CN,שיק אקזקטה2 סכיני גילוח לנשים 10 יח',לא מנהל יחידת מידה,0.00,לא מנהל יחידת מידה,false,1,29.90,0.0000,true,1,42139
4891228430092,false,סכיני גילוח שייק אקס,השחר,CN,שיק אקסטרים 3 סכיני גילוח לאישה לעור רגיש,לא מנהל יחידת מידה,0.00,לא מנהל יחידת מידה,false,1,19.90,0.0000,true,1,41815
4895149077596,false,נורת לד 12W 75W הברג,J&P,,נורת לד 12W 75W הברגה E27 אור לבן,יחידה,1.00,יחידה,false,1,24.90,24.9000,true,1,113137
4902430751483,false,מכשיר גילוח גילט מאך,פרוקטר אנד גמבל,PL,מכשיר גילוח גילט מאך 3 סכין,יחידה,1.00,יחידה,false,1,19.90,19.9000,true,1,122086
5000054355700,false,פריסקיז פטה הודו 156,פורינה,US,פריסקיז פטה הודו 156גרם,גרמים,156.00,100 גרם,false,1,6.90,4.4231,true,1,139578
5000157143365,true,מתבל בטעם מיונז וקטש,תאי פרזידנט פוד פאבל,PL,מתבל בטעם מיונז וקטשופ היינץ 425 מל,מיליליטרים,425.00,"100 מ""ל",false,1,15.90,3.7412,true,1,124648
5000159407236,false,חטיף מרס,מרס נדרלנד,,חטיף מרס 51 גרם,גרמים,51.00,100 גרם,false,1,4.90,9.6078,true,1,49581
5000159459228,false,חטיף טויקס שוקולד,"נארז ע""י : א.ג. גילר",NL,חטיף טויקס 50 גרם,גרמים,50.00,100 גרם,false,1,4.90,9.8000,true,1,89484
5000159461122,false,חטיף סניקרס שוקולד,"נארז ע""י : א.ג. גילר",NL,חטיף סניקרס שוקולד 50 גרם,גרמים,50.00,100 גרם,false,1,4.90,9.8000,true,1,89485
5000159472760,false,שקית שוקולד טוויקס 1,מרסי,NL,שקית שוקולד טוויקס 170גרם,גרמים,170.00,100 גרם,false,1,11.90,7.0000,true,1,127146
5000159473866,false,שקית שוקולד סניקרס 1,מרסי,NL,שקית שוקולד סניקרס 170גרם,גרמים,170.00,100 גרם,false,1,11.90,7.0000,true,1,127147
5000159474771,false,שקית שוקולד מרס 170ג,מרסי,NL,שקית שוקולד מרס 170גרם,גרמים,170.00,100 גרם,false,1,11.90,7.0000,true,1,127145
5000159500845,true,סלבריישן מארז מתנה 1,מארס,NL,סלבריישן מארז מתנה 196 גרם,גרמים,196.00,100 גרם,false,1,22.90,11.6837,true,1,140206
5000159528320,false,בי קיינד אגוזים קלוי,שטראוס,,בי קיינד אגוזים קלויים 40 גרם,גרמים,40.00,100 גרם,false,1,7.90,19.7500,true,1,127737
5000159528481,false,חטיף בי קיינד שוקולד,שטראוס,,חטיף בי קיינד שוקולד מריר אגוז ומלח ים40,גרמים,40.00,100 גרם,false,1,7.90,19.7500,true,1,128761
5000186735012,false,סיף קרם רב תכליתי בנ,יוניליוור,GB,סיף קרם רב תכליתי בניחוח לימון 500 מל,ליטרים,500.00,ליטר,false,1,11.90,0.0238,true,1,138687
5000329002193,false,גין,"איי, בי, אינבוו",,"ג'ין ביפאיטר, 700 מ''ל",מיליליטרים,1.00,"100 מ""ל",false,1,119.90,11990.0000,true,1,106842
5000394019089,false,סוללות דורסל C פלוס,יוליניבר,US,סוללות דורסל C פלוס פאור זוג,יחידה,1.00,יחידה,false,1,28.90,28.9000,true,1,113227
5000394019171,false,סוללות דורסל D פלוס,יוליניבר,US,דורסל סוללות D|2,יחידה,1.00,יחידה,false,1,28.90,28.9000,true,1,113228
5000394098886,false,סוללות דורסל פלוס פא,יוליניבר,BE,סוללות דורסל פלוס פאור AAA שישייה,יחידה,1.00,יחידה,false,1,19.90,19.9000,true,1,116100
5000396037531,true,מקוויטיס ביסקויט מצו,קריניציה ויטמינה אס,,מקוויטיס ביסקויט מצו,Unknown,0.00,Unknown,false,1,10.90,0.0000,true,1,123460
5010182997680,false,תרסיס רייד קוטל נמלי,אס.סי.ג'ונסון מידרכט,NL,"תרסיס רייד קוטל נמלים אדום 300 מ""ל",מיליליטרים,300.00,"100 מ""ל",false,1,19.90,6.6333,true,1,5310
5010182997918,false,טואלט דאק בניחוח ים,"איטיליאן פוד, אס.פי.",IT,דאק ג'ל לאסלה בניחוח ים 55 מל,מיליליטרים,55.00,"100 מ""ל",false,1,11.90,21.6364,true,1,5312
5010232964211,false,קונדומים דורקס אקסטר,תאילנד,TH,קונדומים דורקס אקסטרא סייף 12 יחידות,לא מנהל יחידת מידה,0.00,לא מנהל יחידת מידה,false,1,47.90,0.0000,true,1,19194
5010232964228,false,קונדומים דקים דורקס,תאילנד,TH,"קונדמים קצר ולעניין, דק 12 יחידות",לא מנהל יחידת מידה,0.00,לא מנהל יחידת מידה,false,1,47.90,0.0000,true,1,19195
5010677551281,false,בקרדי בריזר לימון בק,"בקרדי בע""מ",BE,"בריזר - משקה כוהלי מוגז בטעם לימון 275 מ""ל",מיליליטרים,275.00,"100 מ""ל",false,1,14.90,5.4182,true,1,5322
5010677552387,false,בקרדי בריזר אננס בקב,בקרדי בעמ,BE,"בריזר - משקה כוהלי מוגז בטעם אננס 275 מ""ל",מיליליטרים,275.00,"100 מ""ל",false,1,14.90,5.4182,true,1,5323
5010677554398,false,בקרדי בריזר אבטיח בק,בקרדי בעמ,BE,"בריזר - משקה כוהלי מוגז בטעם אבטיח 275 מ""ל",מיליליטרים,275.00,"100 מ""ל",false,1,14.90,5.4182,true,1,5325
5010677850100,false,וודקה גריי גוס בקבוק,גריי גוס,FR,"וודקה גריי גוס 750 מ""ל",מיליליטרים,700.00,"100 מ""ל",false,1,139.90,19.9857,true,1,120449
5014271002675,false,מעדן תפוח וקינמון 28,סנדלפור,FR,מעדן פרי תפוח וקינמון סנדלפור 284 גרם,גרמים,284.00,100 גרם,false,1,21.90,7.7113,true,1,123413
5014271300429,false,מעדן משמש,פלזנסקי,FR,"מעדן משמש 284 גר                       """,גרמים,284.00,100 גרם,false,1,21.90,7.7113,true,1,5341
5014271310428,false,מעדן דובדבנים שחורים,המאפיה של הרמן,FR,מעדן דובדבנים שחורים סן דלפור 284 גרם,גרמים,284.00,100 גרם,false,1,21.90,7.7113,true,1,5342
5014271330426,false,מעדן אוכמניות כחולות,פלזנסקי,FR,מעדן אוכמניות כחולות סן דלפור 284 גרם,גרמים,284.00,100 גרם,false,1,21.90,7.7113,true,1,5343
5014271350424,false,מעדן ארבע פירות סן ד,המאפיה של הרמן,FR,מעדן ארבע פירות סן דלפור 284 גרם,גרמים,284.00,100 גרם,false,1,21.90,7.7113,true,1,14217
5014271360423,false,מעדן תפוז,המאפיה של הרמן,FR,מעדן סנדלפור תפוז 284 גרם,גרמים,284.00,100 גרם,false,1,21.90,7.7113,true,1,5344
5014271370422,false,מעדן אפרסק סן דלפור,סנט דלפור,FR,מעדן אפרסק סן דלפור 284 גרם,גרמים,284.00,100 גרם,false,1,21.90,7.7113,true,1,5345
5014271400426,false,מעדן תות שדה סן דלפו,המאפיה של הרמן,FR,מעדן תות שדה סן דלפור 284 גרם,גרמים,284.00,100 גרם,false,1,21.90,7.7113,true,1,5347
5014271560427,false,מעדן תפוז גינגר    .,סנט דלפור,FR,מעדן סנדלפור תפוז ג'ינגר 284 גרם,גרמים,284.00,100 גרם,false,1,21.90,7.7113,true,1,14219
5014271795980,false,מעדן חמוציות אוכמניו,סנדלפור,FR,סנדלפור מעדן חמוציות ואוכמניות 284 גרם,גרמים,284.00,100 גרם,false,1,21.90,7.7113,true,1,22216
5029053523446,false,קוטקס תחבושות נייט 2,קימברלי קלארק,,קוטקס תחבושות עם כנפיים נייט 20 יחידות,לא מנהל יחידת מידה,0.00,לא מנהל יחידת מידה,false,1,19.90,0.0000,true,1,5381
5029053534602,false,קוטקס טמפוני סופר,KC Czech,,קוטקס טמפוני סופר 32 יח,לא מנהל יחידת מידה,0.00,לא מנהל יחידת מידה,false,1,29.90,0.0000,true,1,63226
5029053538426,false,חיתולי האגיס שחיה L,KC Czech,,ח.האגיס שחיה 11 L יח,לא מנהל יחידת מידה,0.00,לא מנהל יחידת מידה,false,1,42.90,0.0000,true,1,95815
5035766044673,false,סיידר תפוחים 5% אלכו,האי נאם סי או אל.טי.,BE,סיידר תפוחים 5% אלכוהול סטרונגבאו 330 מל,מיליליטרים,330.00,"100 מ""ל",false,1,9.00,2.7273,true,1,101837
5038483207949,false,קונדומים דורקס אינימ,תאילנד,TH,קונדומים דורקס אינימט פיל סיכה 12 יחידות,לא מנהל יחידת מידה,0.00,לא מנהל יחידת מידה,false,1,47.90,0.0000,true,1,41512
5038483574386,false,קונדומים דורקס פדרלי,רקיט בנקיזר הלת'קר,,קונדומים דורקס פדרלייט 3 * 12 יח,לא מנהל יחידת מידה,0.00,לא מנהל יחידת מידה,false,1,19.90,0.0000,true,1,56639
5038483574416,false,קונדומים דורקס אקסטר,רקיט בנקיזר הלת'קר,,קונדומים דורקס אקסטרא 3 יחידות,לא מנהל יחידת מידה,0.00,לא מנהל יחידת מידה,false,1,19.90,0.0000,true,1,85718
5050895245463,false,גלי בלי מטהר אוויר ד,יוניליוור,GB,גלי בלי מטהר אוויר דובדבן 300 מל,ליטרים,300.00,ליטר,false,1,11.90,0.0397,true,1,138689
5050895246606,false,גלי בלי מטהר אוויר מ,יוניליוור,GB,גלי בלי מטהר אוויר מוחיטו 300 מל,ליטרים,300.00,ליטר,false,1,11.90,0.0397,true,1,138690
5050895246620,false,גלי בלי מטהר אוויר א,יוניליוור,GB,גלי בלי מטהר אוויר אוכמניות 300 מל,ליטרים,300.00,ליטר,false,1,11.90,0.0397,true,1,138691
5050895246835,false,גלי בלי מפיץ ריח מוח,יוניליוור,CN,גלי בלי מפיץ ריח מוחיטו מקלות 30 מל,ליטרים,30.00,ליטר,false,1,13.90,0.4633,true,1,138692
5050895247351,false,גלי בלי מפיץ ריח דוב,יוניליוור,CN,גלי בלי מפיץ ריח דובדבן מקלות 30 מל,ליטרים,30.00,ליטר,false,1,13.90,0.4633,true,1,138693
5056357901427,false,חטיף חלבון m&m בטעם,מארס,GB,חטיף חלבון m&m בטעם שוקולד,גרמים,51.00,100 גרם,false,1,16.90,33.1373,true,1,136617
5056357901441,false,חטיף חלבון בוטנים 15,מארס,GB,חטיף חלבון בוטנים 15 חלבון 51 גרם m&m,גרמים,51.00,100 גרם,false,1,16.90,33.1373,true,1,136618
5056357903834,false,חטיף  באונטי 18גרם ח,מארס יורק אנגליה,GB,חטיף  באונטי 18גרם חלבון  52גרם,גרמים,52.00,100 גרם,false,1,16.90,32.5000,true,1,137221
5060221201575,false,חטיף חלבון גרנייד קר,,GB,חטיף חלבון גרנייד קרם עוגיות 23 חלבון 60,גרמים,60.00,100 גרם,false,1,16.90,28.1667,true,1,136744
5060221201810,false,גרנייד  שוקולד לבן ע,גרנייה,NL,גרנייד  שוקולד לבן עוגיות 60גרם,גרמים,60.00,100 גרם,false,1,16.90,28.1667,true,1,137987
5060221203937,false,גרנייד  שוקוציפס בצק,גרנייה,NL,גרנייד  שוקוציפס בצק עוגיות 60גרם,גרמים,60.00,100 גרם,false,1,16.90,28.1667,true,1,137986
5060221206860,false,חטיף חלבון גרנייד  ק,,GB,חטיף חלבון גרנייד  קרמל מלוח 20 חלבון 60,גרמים,60.00,100 גרם,false,1,16.90,28.1667,true,1,136745
5060319120078,true,תה הייר ליבינג סוויט,אף.סי תבליני בגליל ב,GB,תה הייר ליבינג סוויט דרימס 15 שקיקים,גרמים,40.00,100 גרם,false,1,18.90,47.2500,true,1,115893
5060319120115,true,תה ירוק אורגני-הייר,אונלי נטורל פרודקטס,GB,הייר ליווינג תה ירוק אורגני 40 גרם,גרמים,50.00,100 גרם,false,1,18.90,37.8000,true,1,115895
5060319120153,true,תה קמומיל וניל-הייר,אף.סי תבליני בגליל ב,IL,תה קמומיל וניל-הייר ליבינג,גרמים,30.00,100 גרם,false,1,18.90,63.0000,true,1,115870
5060319129286,true,תה לבן אורגני-הייר ל,אונלי נטורל פרודקטס,GB,הייר ליווינג תה לבן אורגני 35 גרם,גרמים,35.00,100 גרם,false,1,18.90,54.0000,true,1,115897
5060319129491,true,תה הייר ליבינג כורכו,אונלי נטורל פרודקטס,GB,הייר ליווינג חליטת כורכום אורגני 30 גרם,גרמים,30.00,100 גרם,false,1,18.90,63.0000,true,1,115898
5060402908248,false,סניקרס פרוטאין 55 גר,מרס נדרלנד,US,סניקרס פרוטאין 55 גרם,גרמים,59.00,100 גרם,false,1,16.90,28.6441,true,1,127809
5060402908286,false,מארס פרוטאין 59 גרם,מרס נדרלנד,US,מארס פרוטאין 59 גרם,גרמים,59.00,100 גרם,false,1,16.90,28.6441,true,1,127806
5060402909542,false,מארס קרמל מלוח 59 גר,מרס נדרלנד,US,מארס קרמל מלוח 59 גרם,גרמים,59.00,100 גרם,false,1,16.90,28.6441,true,1,127807
5060639128051,false,מונסטר ULTRA פח 500,Monster energy סרביה,RS,"מונסטר ULTRA פח 500 מ""ל",מיליליטרים,500.00,"100 מ""ל",false,1,8.90,1.7800,true,1,125639
5060639129102,false,משקה אנרגיה מונסטר M,Monster energy סרביה,RS,"מונסטר Mango Loco פח 500 מ""ל",מיליליטרים,500.00,"100 מ""ל",false,1,8.90,1.7800,true,1,127719
5060751218173,false,משקה אנרגיה מונסטר פ,Monster energy סרביה,IE,"מונסטר פייפליין פאנץ' פח 500 מ""ל",מיליליטרים,500.00,"100 מ""ל",false,1,8.90,1.7800,true,1,138400
5200133120476,false,גליליות וופלים 400 ג,יוניליוור גרמניה  Gm,GR,גליליות וופלים 400 גרם אגוזים וקקאו,גרמים,400.00,100 גרם,false,1,18.90,4.7250,true,1,125702
5200133120483,false,גליליות וופלים 400 ג,יוניליוור גרמניה  Gm,GR,"גליליות וופלים ממולאות קרם בטעם וניל, 400 גרם",גרמים,400.00,100 גרם,false,1,18.90,4.7250,true,1,123076
5201184011775,false,זר י.ה. לראש פרחים,H.PARTY,,זר יומהולדת פרחים,Unknown,0.00,Unknown,false,1,10.90,0.0000,true,1,76482
5208049001452,false,גולדן ירוק 30 ג+ ניי,BAT,,גולדן ירוק 30 ג+ נייר PP פקט חפיסה,יחידה,1.00,יחידה,false,1,70.00,70.0000,false,1,123474
5208049002473,false,סיגריות קנט ארוך חפי,BAT,,סיגריות קנט ארוך חפיסה בודד PP,יחידה,1.00,יחידה,false,1,38.40,38.4000,false,1,123300
5391523058063,false,סימילאק אדבנס פלוס 7,טרופיקל דגיל תעשיות,IE,סימילאק אדבנס פלוס 700 שלב1,גרמים,700.00,100 גרם,false,1,69.90,9.9857,true,1,118077
5391523058070,false,סימילאק אדבנס פלוס 7,טרופיקל דגיל תעשיות,IE,סימילאק אדבנס פלוס 700 שלב3,גרמים,700.00,100 גרם,false,1,69.90,9.9857,true,1,118106
5410126006087,false,ביסקוויט לוטוס,כלורוקס אוקלנד,BE,ביסקוויט לוטוס בטעם קרמל700 גר,גרמים,700.00,100 גרם,false,1,29.90,4.2714,true,1,95798
5410126006360,false,לוטוס עוגיות סנדוויץ,מונדלייז,BE,לוטוס עוגיות סנדוויץ במילוי לוטוס 150 גר,גרמים,150.00,100 גרם,false,1,9.90,6.6000,true,1,136623
5410126006377,false,לוטוס עוגיות סנדוויץ,מונדלייז,BE,לוטוס עוגיות סנדוויץ במילוי וניל 150 גרם,גרמים,150.00,100 גרם,false,1,9.90,6.6000,true,1,136624
5410126106022,false,מארז חגים לוטוס 2 25,לוטוס בייקרי,BE,מארז חגים לוטוס 2 250 גרם,גרמים,250.00,100 גרם,false,1,23.90,9.5600,true,1,139995
5410126106183,false,ביסקוויט קרמל לוטוס,כלורוקס אוקלנד,BE,"ביסקויט קרמל 312 גרם בד""צ 50 יח ארוז בנפ",גרמים,312.00,100 גרם,false,1,19.90,6.3782,true,1,14377
5410126116953,false,ממרח לוטוס עוגיות קר,כלורוקס אוקלנד,BE,לוטוס ממרח עוגיות קרמל 400 גרם,גרמים,400.00,100 גרם,false,1,22.90,5.7250,true,1,87056
5410228146162,false,בירה לף ברון בקבוק 3,אינבב,BE,"בירה לף ברון בקבוק 330 מ""ל",מיליליטרים,330.00,"100 מ""ל",false,1,9.90,3.0000,true,1,53685
5410228217732,false,סטלה ארטואה - פחית 4,מנדלז סי.אר. פרודקשן,BE,בירה סטלה ארטואה בפחית 440 מל,מיליליטרים,440.00,"100 מ""ל",false,1,12.90,2.9318,true,1,127720
5411188081852,false,משקה סויה אלפרו וניל,הנסיך- מפעל לייצור ט,BE,משקה סויה אלפרו וניל 1 ליטר,ליטרים,1.00,ליטר,false,1,14.90,14.9000,true,1,97360
5411188110835,false,משקה אלפרו חלב שקדים,הנסיך- מפעל לייצור ט,BE,אלפרו משקה שקדים 1ל,ליטרים,1.00,ליטר,false,1,14.90,14.9000,true,1,89459
5411188112549,false,משקה אלפרו אורז 1 לי,הנסיך- מפעל לייצור ט,BE,אלפרו משקה אורז 1ל,ליטרים,1.00,ליטר,false,1,14.90,14.9000,true,1,96382
5411188112709,false,אלפרו משקה שקדים ללא,הנסיך- מפעל לייצור ט,BE,אלפרו משקה שקדים ללס 1ל,ליטרים,1.00,ליטר,false,1,14.90,14.9000,true,1,100038
5411188115472,false,משקה סויה אלפרו 1ל,אלפרו C.V.A,BE,אלפרו משקה סויה  1ל,ליטרים,1.00,ליטר,false,1,14.90,14.9000,true,1,125974
5411188127697,false,משקה בריסטה שיבולת ש,הנסיך- מפעל לייצור ט,BE,אלפרו בריסטה שיבולת שועל 1ל,ליטרים,1.00,ליטר,false,1,14.90,14.9000,true,1,125976
5411188129899,false,משקה בריסטה שקדים א,הנסיך- מפעל לייצור ט,BE,אלפרו בריסטה שקדים 1ל,ליטרים,1.00,ליטר,false,1,14.90,14.9000,true,1,125977
5411188133476,false,אלפרו משקה סויה שוקו,אלפרו,BE,"אלפרו משקה סויה שוקו עם חלבון 250 מ""ל",מיליליטרים,250.00,"100 מ""ל",false,1,7.50,3.0000,true,1,129724
5411188133490,false,אלפרו משקה סויה קפה,אלפרו,BE,"אלפרו משקה סויה קפה קרמל עם חלבון 250 מ""",מיליליטרים,250.00,"100 מ""ל",false,1,7.50,3.0000,true,1,129723
5411188134985,false,3.5%שומן  NOT MILK א,הנסיך- מפעל לייצור ט,BE,3.5%שומן  NOT MILK אלפרו שבולת שועל 1 לי,ליטרים,1.00,ליטר,false,1,13.90,13.9000,true,1,129726
5411188135005,false,1.8%שומן  NOT MILK א,הנסיך- מפעל לייצור ט,BE,1.8%שומן  NOT MILK אלפרו שבולת שועל 1 לי,ליטרים,1.00,ליטר,false,1,13.90,13.9000,true,1,129725
5411188513483,false,אלפרו סויה לבישול 14,אלפרו,BE,אלפרו סויה לבישול 14% שומן 250מל,מיליליטרים,250.00,"100 מ""ל",false,1,9.90,3.9600,true,1,137309
5411188543398,false,משקה סויה  אלפרו ללא,הנסיך- מפעל לייצור ט,BE,אלפרו משקה סויה ללא סוכר 1 ליטר,ליטרים,1.00,ליטר,false,1,14.90,14.9000,true,1,125978
5413548040479,false,רפאלו T24,פררו,PL,כדור וופל בציפוי קוקוס פריך במילוי קרם ושקד שלם,גרמים,240.00,100 גרם,false,1,25.90,10.7917,true,1,76587
5604912415058,false,סרדינים בשמן חמניה ח,,PT,סרדינים בשמן חמניה חריף פורטוס 125 גרם,גרמים,125.00,100 גרם,false,1,6.90,5.5200,true,1,132259
5701932026964,false,פופקורן עם מלח הוטפו,פופז בעמ,US,פופקורן עם מלח הוטפופ  600 גרם,גרמים,600.00,100 גרם,false,1,15.90,2.6500,true,1,6232
5701932026971,false,פופקורן עם חמאה הוטפ,"פופז בע""מ",US,הוט חמאה 600 ג') ב(12,גרמים,600.00,100 גרם,false,1,15.90,2.6500,true,1,6233
5711953106590,false,ארלה גבינת שמנת שום,ארזינא,DK,ארלה גבינת שמנת שום,גרמים,200.00,100 גרם,false,1,16.90,8.4500,true,1,123194
5740900403215,true,ממרח לורפק עם מלח 25,ארזינא,DK,ממרח לורפק עם מלח 250,גרמים,250.00,100 גרם,false,1,18.90,7.5600,true,1,118477
5740900403222,true,ממרח לורפק עם מלח מו,ארזינא,DK,ממרח לורפק עם מלח מופחת שומן,גרמים,250.00,100 גרם,false,1,19.90,7.9600,true,1,118478
5740900403239,true,ממרח לורפק ללא מלח 2,ארזינא,DK,ממרח לורפק בלי מלח 250,גרמים,250.00,100 גרם,false,1,19.90,7.9600,true,1,118479
5740900403284,false,ממרח לורפק 200 גר לל,ארלה דודס,DK,ממרח לורפק 200 גר ללא מלח,גרמים,200.00,100 גרם,false,1,11.90,5.9500,true,1,125812
5900020026552,false,דגני האני נאט ציריוס,סי. פי. צרפת,FR,דגני האני נאט ציריוס  625 גרם,גרמים,625.00,100 גרם,false,1,26.90,4.3040,true,1,109634
5900627063233,false,פיניש טבליות AIO 50,רקיט בנקיזר,PL,פיניש טבליות AIO 50 יחידות,יחידה,1.00,יחידה,false,1,37.90,37.9000,true,1,121377
5900951283963,false,dro סניקרס קרימי ח.ב,סנו מפעלי ברונוס.,PL,dro סניקרס קרימי ח.בוטנים 36.5,גרמים,37.00,100 גרם,false,1,4.90,13.2432,true,1,137352
5901414200411,false,עוגיות היט מיני קקאו,בלזן,PL,עוגיות היט מיני קקאו 130 גרם,גרמים,130.00,100 גרם,false,1,6.90,5.3077,true,1,23822
5902198160403,false,משקה אנרגיה XL TEN,"טמפו משקאות בע""מ",IL,"משקה אנרגיה XL TEN  פחית 250 מ""ל",מיליליטרים,250.00,"100 מ""ל",false,1,4.50,1.8000,true,1,112140
5904941750312,false,משקה אנרגיה BLU דיי,אקו - ביט,PL,בלו משקה אנרגיה מוגז 250 מל,מיליליטרים,250.00,"100 מ""ל",false,1,5.00,2.0000,true,1,89029
5904941751302,false,משקה אנרגיה BLU  פחי,אקו - ביט,PL,בלו משקה אנרגיה מוגז 250 מל,מיליליטרים,250.00,"100 מ""ל",false,1,5.00,2.0000,true,1,49876
5904941751524,false,משקה אנרגיה BLU דיי,אקו - ביט,PL,בלו משקה אנרגיה מוגז 250 מל,מיליליטרים,250.00,"100 מ""ל",false,1,5.00,2.0000,true,1,89030
5904941751920,false,משקה אנרגיה BLU דיי,אקו - ביט,PL,בלו משקה אנרגיה מוגז 250 מל,מיליליטרים,250.00,"100 מ""ל",false,1,5.00,2.0000,true,1,83195
5906485301012,false,משקה אנרגיה XL פחית,"טמפו משקאות בע""מ",IL,אקס אל אנרג'י דרינק משקה אנרגיה מוגז,מיליליטרים,250.00,"100 מ""ל",false,1,4.50,1.8000,true,1,25560
5998623526739,false,יין גוורצטרמינר סי ג,דנוביאנה,HU,"יין גוורצטרמינר סי גראס 750 מ""ל",מיליליטרים,750.00,"100 מ""ל",false,1,44.90,5.9867,true,1,124424
6001067001485,false,מברשת שיניים קולגייט,קולגייט פלמוליב,CN,מברשת שיניים קולגייט 360,יחידה,1.00,יחידה,false,1,9.90,9.9000,true,1,138695
6001067017530,false,מברשת שיניים גוניור,קולגייט- פלמוליב,CN,מברשת שיניים קולגייט גוניור,יחידה,1.00,יחידה,false,1,13.90,13.9000,true,1,89150
6001067022558,false,מברשת שיניים קולגייט,קולגייט פלמוליב,CN,מברשת שיניים קולגייט אקסטרה קלין,יחידה,1.00,יחידה,false,1,3.90,3.9000,true,1,138681
6008165003984,false,סיגריות פאל מל כחול,אמריקן גרדן,,סיגריות פאל מל כחול סטרים חפיסה בודד,לא מנהל יחידת מידה,0.00,לא מנהל יחידת מידה,false,1,31.40,0.0000,false,1,92467
6008165271192,false,סיגריות פאל מל ארוך,אמריקן גרדן,,סיגריות פאל מל ארוך אדום חפיסה בודד,לא מנהל יחידת מידה,0.00,לא מנהל יחידת מידה,false,1,31.40,0.0000,false,1,90841
6008165274629,false,סיגריות פאל מאל כחול,יושלם,,סיגריות פאל מאל כחול ארוך סטרים חפיסה בו,לא מנהל יחידת מידה,0.00,לא מנהל יחידת מידה,false,1,31.40,0.0000,false,1,107276
6253341100029,false,טחינה עאייש 100% שומ,עומר עאייש שכם,PS,טחינה עאייש 100% שומשום 450 גרם,גרמים,450.00,100 גרם,false,1,15.90,3.5333,true,1,122881
6937266703045,false,סכיני גילוח שיק הייד,ENERGIZER SINGAPORE,,סכיני גילוח שיק היידרו 5 יחידות,לא מנהל יחידת מידה,0.00,לא מנהל יחידת מידה,false,1,64.30,0.0000,true,1,83267
6971060682557,false,ס.אלקטרונית ק.פרו בנ,shenzhen hot technol,CN,ס.אלקטרונית ק.פרו בנ.אייס 2000 שאיפות,יחידה,1.00,יחידה,false,1,59.90,59.9000,false,1,129435
6971060682625,false,ס. אלקטרונית ק. פרו,shenzhen hot technol,CN,ס. אלקטרונית ק. פרו פטל 2000 שאיפות,יחידה,1.00,יחידה,false,1,59.90,59.9000,false,1,137266
6971060682656,false,ס. אלקטרונית ק. פרו,shenzhen hot technol,CN,ס. אלקטרונית ק. פרו תות לימון 2000 שאיפו,יחידה,1.00,יחידה,false,1,59.90,59.9000,false,1,137269
6971060683189,false,ס. אלקטרונית ק. פרו,shenzhen hot technol,CN,ס. אלקטרונית ק. פרו אבטיח קיווי 2000 שאי,יחידה,1.00,יחידה,false,1,59.90,59.9000,false,1,137268
6971060683561,false,ס. אלקטרונית ק. פרו,shenzhen hot technol,CN,ס. אלקטרונית ק. פרו אבטיח סוכריה 2000 שא,יחידה,1.00,יחידה,false,1,59.90,59.9000,false,1,137267
7038513829002,false,חוט דנטלי גורדן,JORDAN,,חוט דנטלי גורדן 50 מטר,Unknown,0.00,Unknown,false,1,16.30,0.0000,true,1,86529
7290000008384,false,דונאטס במגוון טעמים,פילסברי,IL,דונאטס במגוון טעמים,יחידה,1.00,יחידה,false,1,6.90,6.9000,true,1,125934
7290000023007,false,ברנדי שטוק 84  750 מ,"יקבי ברקן בע""ם",IL,"ברנדי שטוק 84  750 מ""ל",מיליליטרים,750.00,"100 מ""ל",false,1,79.90,10.6533,true,1,1759
7290000023083,false,ערק אשקלון 40% בקבוק,"איי, בי, אינבוו",IL,"ערק אשקלון 700 מ""ל",מיליליטרים,700.00,"100 מ""ל",false,1,69.90,9.9857,true,1,99595
7290000023809,false,יין ברקן קלאסיק קברנ,"איי, בי, אינבוו",IL,ברקן קלאסיק קברנה סוביניון יין אדום יבש 2015,מיליליטרים,750.00,"100 מ""ל",false,1,32.90,4.3867,true,1,1942
7290000023816,false,יין ברקן קלאסיק אמרל,"איי, בי, אינבוו",IL,ברקן קלאסיק אמרלד ריזלינג יין לבן חצי יבש 2016,מיליליטרים,750.00,"100 מ""ל",false,1,32.90,4.3867,true,1,1943
7290000023823,false,יין סוביניון בלאן,ברקן סגל,,יין קלאסיק סוביניון בלאן750 מל,Unknown,0.00,Unknown,false,1,32.90,0.0000,true,1,1946
7290000023977,false,יין ברקן קלאסיק מרלו,"איי, בי, אינבוו",IL,ברקן קלאסיק מרלו יין אדום יבש 2015 750 מל,מיליליטרים,750.00,"100 מ""ל",false,1,32.90,4.3867,true,1,1953
7290000024202,false,יין ברקן רזרב קברנה,ברקן שיווק והפצה בעמ,IL,"יין ברקן רזרב קברנה סובניון 750 מ""ל",מיליליטרים,750.00,"100 מ""ל",false,1,49.90,6.6533,true,1,1985
7290000024264,false,יין ברקן רזרב מרלו 7,כרמי צבי - אחים סגל,IL,ברקן רזרב מרלו,מיליליטרים,750.00,"100 מ""ל",false,1,49.90,6.6533,true,1,1990
7290000024530,false,"יין מתוק סגל 750 מ""ל",יקב סגל,,"יין מתוק סגל 750 מ""ל",מיליליטרים,750.00,"100 מ""ל",false,1,16.30,2.1733,true,1,66747
7290000024912,false,וודקה קגלביץ לימון 7,"יקבי ברקן בע""מ",IL,קגלביץ משקה כוהלי בטעם לימון 700 מל,מיליליטרים,700.00,"100 מ""ל",false,1,70.60,10.0857,true,1,48355
7290000040042,false,יוגורט יופלה תות 3%,תנובה בעמ,IL,יופלה יוגורט תות %3 גביע 150 גרם,גרמים,150.00,100 גרם,false,1,4.90,3.2667,true,1,3997
7290000040066,false,יוגורט יופלה דובדבן,תנובה בעמ,IL,יופלה יוגורט דובדבן %3 גביע 150 גרם,גרמים,150.00,100 גרם,false,1,4.90,3.2667,true,1,4047
7290000040080,false,יוגורט יופלה אפרסק 3,תנובה בעמ,IL,יופלה יוגורט אפרסק %3 גביע 150 גרם,גרמים,150.00,100 גרם,false,1,4.90,3.2667,true,1,4052
7290000040301,false,גבינה קולאז קממבר 12,תנובה,IL,קממבר 24%,גרמים,125.00,100 גרם,false,1,20.50,16.4000,true,1,4179
7290000040974,false,חלב דל לקטוז 2% בקרט,"תנובה, מחלבת רחובות",IL,חלב תנובה דל לקטוז 2% שומן 1 ליטר,ליטרים,1.00,ליטר,false,1,7.20,7.2000,true,1,73275
7290000042435,false,חלב 1% קרטון פיקוח 1,תנובה,IL,תנובה חלב טרי 1% שומן,ליטרים,1.00,ליטר,false,1,5.86,5.8600,true,1,4451
7290000043814,false,שמנת מתוקה עמידה 38%,תנובה,IL,השף הלבן שמנת להקצפה 38% שומן 250 מל,מיליליטרים,250.00,"100 מ""ל",false,1,6.47,2.5880,true,1,4635
7290000043890,false,רויון בקרטון 1 ליטר,תנובה,IL,תנובה רויון לבן מחלב מפסוטר 1.5% 1 ליטר,ליטרים,1.00,ליטר,false,1,10.90,10.9000,true,1,4657
7290000045917,false,גבינה צאן פרומעז גלי,תנובה,IL,תנובה פרומעז גבינה מותכת מחלב עיזים 23% שומן,גרמים,200.00,100 גרם,false,1,26.60,13.3000,true,1,4770
7290000046327,false,גבינה צהובה גלבוע פר,"תנובה, מחלבת תל יוסף",IL,גלבוע גבינה צהובה חצי קשה פרוס 22% שומן,גרמים,200.00,100 גרם,false,1,13.20,6.6000,true,1,4804
7290000047621,false,גבינה למריחה 5% תנוב,מחלבת אלון תבור,IL,גבינה לבנה 5% 250 גרם בדצ,גרמים,250.00,100 גרם,false,1,4.98,1.9920,true,1,14515
7290000048192,false,גבינה למריחה 9% תנוב,מחלבת אלון תבור,IL,גבינה למריחה 9% תנובה 250 גרם,גרמים,250.00,100 גרם,false,1,4.80,1.9200,true,1,4965
7290000049458,false,גבינת פטה עזים 16% פ,תנובה,IL,פיראוס פטה עיזים 16% שומן,גרמים,250.00,100 גרם,false,1,27.90,11.1600,true,1,5125
7290000051710,false,גבינת לאבנה שמן זית,"תנובה, מחלבת אלון תב",IL,פיראוס לאבנה אסלית עם שמן זית וזעתר על בסיס יוגורט,גרמים,263.00,100 גרם,false,1,14.20,5.3992,true,1,59917
7290000052649,false,פיראוס לאבנה     %5,פ.פ.ח. שאביט,IL,פיראוס לאבנה אסלית 5% שומן,גרמים,500.00,100 גרם,false,1,19.90,3.9800,true,1,66399
7290000055015,false,גבינה פטה כבשים 5% פ,תנובה מחלבת טנא נוגה,IL,פיראוס פטה כבשים גבינה מלוחה 5% שומן,גרמים,250.00,100 גרם,false,1,27.90,11.1600,true,1,73605
7290000055336,false,משקה יוגורט יופלה בנ,תנובה בעמ,IL,"משקה יוגורט יופלה בננה אפרסק 250 מ""ל",מיליליטרים,250.00,"100 מ""ל",false,1,5.90,2.3600,true,1,75571
7290000057088,false,גבינה עמק 28% דק 200,פ.פ.ח. שאביט,IL,גבינה עמק 28% דק 200 גרם,גרמים,200.00,100 גרם,false,1,15.90,7.9500,true,1,80202
7290000057118,false,גבינה צהובה עמק קלאס,פ.פ.ח. שאביט,IL,גבינת עמק קלאסית חצי קשה פרוסות 28% שומן,גרמים,400.00,100 גרם,false,1,22.90,5.7250,true,1,80314
7290000057149,false,יוגורט ביו  3% תנובה,מחלבת אלון תבור,IL,יוגורט ביו  3% תנובה 200 גרם,גרמים,200.00,100 גרם,false,1,3.20,1.6000,true,1,80204
7290000058580,false,קוקילידה 80 גרם,תות תעשיות מזון (201,IL,נסטלה קוקילידה 28*80גרם,גרמים,80.00,100 גרם,false,1,10.50,13.1250,true,1,13203
7290000060071,false,חטיפי פריכונים טבעי,"מיוצר ע""י PT, משווק",IL,אסם חטיפי פריכונים טבעי 12*80גרם,גרמים,80.00,100 גרם,false,1,7.90,9.8750,true,1,6651
7290000060200,false,פתיתים אפויים קוסקוס,"אסם השקעות בע""מ",IL,פתיתים אפויים קוסקוס 500 גרם,גרמים,500.00,100 גרם,false,1,6.90,1.3800,true,1,6675
7290000060248,false,פסטה תלתלים,פסטה זארה,IT,אסם פסטה תלתלים 12*500גרם,גרמים,500.00,100 גרם,false,1,6.90,1.3800,true,1,6679
7290000060408,false,פתיתים אפויים טבעות,"אסם השקעות בע""מ",IL,אסם פתיתים אפויים טבעות 12*500גרם,גרמים,500.00,100 גרם,false,1,6.90,1.3800,true,1,6689
7290000060415,false,לזניה פרפקטו 500 גרם,פסטה לנסי,IT,פרפקטו לזניה 12*500גרם 2016,גרמים,500.00,100 גרם,false,1,14.90,2.9800,true,1,6690
7290000060576,false,פתיתים אפויים כוכבים,"אסם השקעות בע""מ",IL,אסם פתיתים אפויים כוכבים 12*500גרם,גרמים,500.00,100 גרם,false,1,6.90,1.3800,true,1,6699
7290000060781,false,פסטה מסולסלים אסם 50,פסטה זארה,IT,אסם פסטה מסולסלים לאחר הפסח 12*500גרם,גרמים,500.00,100 גרם,false,1,6.90,1.3800,true,1,6709
7290000060828,false,פסטה קרניים בינוניות,פסטה זארה,IT,אסם פסטה קרניים בינוניות 12*500גרם,גרמים,500.00,100 גרם,false,1,6.90,1.3800,true,1,6711
7290000060880,false,ספגטי אסם 500 גרם,פסטה זארה,IT,ספגטי אסם 500 גרם,גרמים,500.00,100 גרם,false,1,6.90,1.3800,true,1,6717
7290000060903,false,פתיתים אפויים אורז 5,"אסם השקעות בע""מ",IL,אסם פתיתים אפויים אורז 12*500גרם,גרמים,500.00,100 גרם,false,1,6.90,1.3800,true,1,6718
7290000060958,false,אטריות בינוניות 400,"אסם השקעות בע""מ",IL,אסם אטריות בינוניות 12*400גרם,גרמים,400.00,100 גרם,false,1,7.90,1.9750,true,1,6722
7290000060965,false,אטריות רחבות 400 גרם,"אסם השקעות בע""מ",IL,אסם אטריות רחבות 12*400גרם,גרמים,400.00,100 גרם,false,1,7.90,1.9750,true,1,6723
7290000060972,false,אטריות דקיקות 400 גר,פסטה זארה,IT,אסם אטריות דקיקות 12*400גרם,גרמים,400.00,100 גרם,false,1,7.90,1.9750,true,1,6724
7290000061450,false,פתיתים קוסקוס3 צבעים,"אסם השקעות בע""מ",IL,אסם פתיתים קוסקוס 3 צבעים 12*500גרם,גרמים,500.00,100 גרם,false,1,6.90,1.3800,true,1,55683
7290000061764,false,קפה נמס רד מאג 200 ג,נסטלה ספרד,ES,נסקפה רד מאג טעם חדש 6*200גרם2017,גרמים,200.00,100 גרם,false,1,24.90,12.4500,true,1,6813
7290000063140,false,שקדי מרק אסם בשקית 4,"אסם השקעות בע""מ",IL,אסם שקדי מרק רכיבים טבעיים 12*400גרם,גרמים,400.00,100 גרם,false,1,12.90,3.2250,true,1,7008
7290000063157,false,"קמח תופח מאליו 1 ק""ג","אסם השקעות בע""מ",IL,"קמח תופח מאליו 1 ק""ג אסם",קילוגרמים,1.00,"ק""ג",false,1,9.70,9.7000,true,1,7010
7290000064758,false,קוסקוס אמיתי אסם 350,"מיוצר ע""י קוד יצרן K",IL,אסם קוסקוס אמיתי 12*350גרם,גרמים,350.00,100 גרם,false,1,7.90,2.2571,true,1,15300
7290000064871,false,מנה חמה פירה עם בצל,"אסם השקעות בע""מ",IL,מנה חמה פירה תפוא.ובצל 12*56גרם,גרמים,56.00,100 גרם,false,1,6.90,12.3214,true,1,7125
7290000065557,false,מנה חמה קוסקוס עם יר,"אסם תעשיות מזון בע""מ",IL,מנה חמה קוסקוס וירקות בדצ 12*84גרם,גרמים,84.00,100 גרם,false,1,6.90,8.2143,true,1,7182
7290000066196,false,ביסלי גריל 200 גרם,מיוצר עי קונדיטוריית,IL,ביסלי גריל 25*200גרם,גרמים,200.00,100 גרם,false,1,7.90,3.9500,true,1,7285
7290000066295,false,במבה תות 30 גרם,מיוצר עי קונדיטוריית,IL,במבה מתוקה מחומרים טבעיים 40*30גרם,גרמים,30.00,100 גרם,false,1,3.00,10.0000,true,1,7333
7290000066332,false,אפרופו 50 גרם,"אסם השקעות בע""מ",IL,אפרופו 36*50גרם,גרמים,50.00,100 גרם,false,1,5.20,10.4000,true,1,7336
7290000066431,false,חטיף פופקו תירס חמאה,מיוצר עי קונדיטוריית,IL,פופקו חמאה ודבש 40*80גרם,גרמים,80.00,100 גרם,false,1,5.20,6.5000,true,1,7339
7290000067544,false,פירורית זהב 200 גרם,לחמנו,IL,אסם פירורית פירורי לחם זהב 12*200גרם,גרמים,200.00,100 גרם,false,1,6.90,3.4500,true,1,7464
7290000067599,false,מנה חמה ספגטי בולונז,"אסם השקעות בע""מ",IL,מנה חמה ספגטי בולונז 12*65גרם,גרמים,65.00,100 גרם,false,1,6.90,10.6154,true,1,7470
7290000068138,false,פודינג אינסטנט וניל,מיוצר עי קונדיטוריית,IL,אסם פודינג אינסטנט וניל 12*80גרם,גרמים,80.00,100 גרם,false,1,5.90,7.3750,true,1,7556
7290000068190,false,"ג""לי בזק טעם תות שדה",מיוצר עי קונדיטוריית,IL,אסם ג'לי תות שדה צבעים טבעיים 12*90גרם,גרמים,90.00,100 גרם,false,1,6.90,7.6667,true,1,7568
7290000068237,false,"ג""לי בזק טעם פטל 85",מיוצר עי קונדיטוריית,IL,אסם ג'לי פטל צבעים טבעיים 12*85גרם,גרמים,85.00,100 גרם,false,1,6.90,8.1176,true,1,7572
7290000068251,false,גלי  בזק טעם אננס,מיוצר עי קונדיטוריית,IL,אסם גלי אננס צבעים טבעיים 12*85גרם,גרמים,85.00,100 גרם,false,1,6.90,8.1176,true,1,7581
7290000068343,false,אסם פריכונים מאורז מ,"מיוצר ע""י PT, משווק",IL,אסם פריכונים מאורז מלא 12*140גרם,גרמים,140.00,100 גרם,false,1,8.90,6.3571,true,1,7587
7290000069364,false,"פריכונים 140 גר ""דל","מיוצר ע""י PT, משווק",IL,אסם פריכונים עגול אורז דל נת.12*140ג,גרמים,140.00,100 גרם,false,1,8.90,6.3571,true,1,16202
7290000070308,false,מרק עוף אמיתי 400 גר,"אסם השקעות בע""מ",IL,אסם מרק עוף אמיתי חתם סופר כלפ.6*400גרם,גרמים,400.00,100 גרם,false,1,21.90,5.4750,true,1,7801
7290000071008,false,בייגלה שטוחים עם מלח,"אסם השקעות בע""מ",IL,אסם בייגלה שטוחים מלח 24*60גרם,גרמים,60.00,100 גרם,false,1,3.70,6.1667,true,1,70748
7290000072067,false,במבה במילוי קרם חלבה,מיוצר עי קונדיטוריית,IL,במבה במילוי קרם חלבה כשלפ 60 גרם,גרמים,60.00,100 גרם,false,1,4.90,8.1667,true,1,61782
7290000072623,false,קטשופ לחיץ רגיל,"אסם השקעות בע""מ",IL,אסם קטשופ בקבוק לחיץ 9*750גרם-חדש,גרמים,750.00,100 גרם,false,1,11.90,1.5867,true,1,7858
7290000072753,false,קפה טסטרצויס 200 גרם,לוטה נסטלה קוריאה,,טייסטרס צ'וייס 12*200גרם,גרמים,200.00,100 גרם,false,1,31.90,15.9500,true,1,7862
7290000072968,false,דגני סיני מיניס קינמ,סי. פי. פולין,PL,דגני סיני מיניס קינמון 500 גרם,גרמים,500.00,100 גרם,false,1,26.90,5.3800,true,1,8376
7290000074153,false,ביסקוויט פתיבר שוקו,מיוצר עי קונדיטוריית,IL,אסם פתי בר שוקו 12*500גרם,גרמים,500.00,100 גרם,false,1,14.10,2.8200,true,1,9271
7290000074184,false,ביסקוויט פתיבר 500 ג,"אסם השקעות בע""מ",IL,ביסקוויט פתיבר 500 גרם,גרמים,500.00,100 גרם,false,1,9.90,1.9800,true,1,9275
7290000074245,false,קרם קרקר 250 גרם,"אסם השקעות בע""מ",IL,אסם קרם קרקר 12*250גרם,גרמים,250.00,100 גרם,false,1,10.90,4.3600,true,1,9277
7290000074276,false,קרקר פיקנטי 250 גרם,"אסם השקעות בע""מ",IL,אסם קרקר פיקנטי 12*250גרם,גרמים,250.00,100 גרם,false,1,10.90,4.3600,true,1,9279
7290000074375,false,קרקר זהב,"אסם השקעות בע""מ",IL,אסם קרקר זהב 12*150גרם,גרמים,150.00,100 גרם,false,1,6.90,4.6000,true,1,9283
7290000074481,false,לחמית אגוזים,"אסם השקעות בע""מ",IL,לחמית אגוזים 12*160גרם,גרמים,160.00,100 גרם,false,1,10.90,6.8125,true,1,78866
7290000075204,false,לחמית קרקר חיטה מלאה,"אסם השקעות בע""מ",IL,לחמית חיטה מלאה 10*250גרם חדש,גרמים,250.00,100 גרם,false,1,10.90,4.3600,true,1,9305
7290000075693,false,עוגת הבית שמרים בריו,מיוצר עי קונדיטוריית,IL,הבית עוגת שמרים בריוש שוקולד 8*360גרם,גרמים,360.00,100 גרם,false,1,19.90,5.5278,true,1,60472
7290000077017,false,עוגיות משהו קרמוגית,מיוצר עי קונדיטוריית,IL,אסם קרמוגית במילוי שוקולד 12*200גרם,גרמים,200.00,100 גרם,false,1,11.90,5.9500,true,1,9358
7290000080758,false,פת טוסטעים קלויה 100,ון דר מולן האלום,NL,אסם טוסטעים 14*100גרם,גרמים,100.00,100 גרם,false,1,11.30,11.3000,true,1,9872
7290000080765,false,פת טוסטעים עם שומשום,ון דר מולן האלום,NL,אסם טוסטעים עם שומשום 14*100גרם,גרמים,100.00,100 גרם,false,1,11.30,11.3000,true,1,9873
7290000081663,false,בייגלה טבעות שומשום,מיוצר עי קונדיטוריית,IL,אסם בייגלה טבעות שומשום 12*300גרם,גרמים,300.00,100 גרם,false,1,11.90,3.9667,true,1,9942
7290000085159,false,פירורי ביסקויט וניל,מגדנית הדר,,פירורי ביסקויט וניל 300 גר,גרמים,300.00,100 גרם,false,1,5.80,1.9333,true,1,129034
7290000085180,false,ביסקוויט פתיבר וניל,"אחים גטניו בע""מ",,ביסקוויט פתיבר וניל גטניו 470 גרם,גרמים,470.00,100 גרם,false,1,9.90,2.1064,true,1,34771
7290000100128,false,פירות קפואים תות,סנפרוסט בעמ,IL,פירות קפואים תות,גרמים,300.00,100 גרם,false,1,19.90,6.6333,true,1,117313
7290000101934,false,תערובת פירות יער  30,"סנפרוסט בע""מ",IL,תערובת פירות יער  300 גרם,גרמים,300.00,100 גרם,false,1,19.90,6.6333,true,1,112209
7290000101941,false,אננס מוקפא 300 גרם,"סנפרוסט בע""מ",IL,אננס מוקפא 300 גרם,גרמים,300.00,100 גרם,false,1,19.90,6.6333,true,1,112272
7290000101958,false,מנגו מוקפא 300 גרם,"סנפרוסט בע""מ",IL,מנגו מוקפא 300 גרם,גרמים,300.00,100 גרם,false,1,19.90,6.6333,true,1,112265
7290000103433,false,לקט ירקות לתנור 800,"איי, בי, אינבוו",IL,פסטיבל ירקות לתנור 800 גרם סנפרוסט,גרמים,800.00,100 גרם,false,1,24.90,3.1125,true,1,110197
7290000103488,false,ארטישוק ירושלמי 400,"סנפרוסט בע""מ",IL,ארטישוק ירושלמי 400 גרם,גרמים,400.00,100 גרם,false,1,24.90,6.2250,true,1,109788
7290000104072,false,עדשים ירוקות מבושלות,"איי, בי, אינבוו",IL,עדשים ירוקות מבושלות 800 גרם,גרמים,800.00,100 גרם,false,1,22.50,2.8125,true,1,70861
7290000104201,false,אפונה עדינה סנפרוסט,"סנפרוסט בע""מ",IL,אפונה עדינה סנפרוסט 600 גרם,גרמים,600.00,100 גרם,false,1,19.90,3.3167,true,1,17
7290000104676,false,אפונת גינה 800 גרם ס,"איי, בי, אינבוו",IL,אפונת גינה 800 גרם סנפרוסט,גרמים,800.00,100 גרם,false,1,19.90,2.4875,true,1,36
7290000104683,false,שעועית ירוקה שלמה סנ,"סנפרוסט בע""מ",IL,שעועית ירוקה שלמה סנפרוסט 800גרם,גרמים,800.00,100 גרם,false,1,21.90,2.7375,true,1,37
7290000104690,false,תירס גרעינים סנפרוסט,"סנפרוסט בע""מ",IL,תירס גרעינים סנפרוסט 800גרם,גרמים,800.00,100 גרם,false,1,19.90,2.4875,true,1,38
7290000104713,false,פול ירוק 800 גרם,"איי, בי, אינבוו",IL,פול ירוק 800 גרם,גרמים,800.00,100 גרם,false,1,26.90,3.3625,true,1,40
7290000104799,false,שעועית לבנה מבושלת ק,"סנפרוסט בע""מ",IL,שעועית לבנה מבושלת קפואה 800 גרם,גרמים,800.00,100 גרם,false,1,21.90,2.7375,true,1,47
7290000104805,false,גרגרי חומוס מבושלים,"סנפרוסט בע""מ",IL,גרגרי חומוס מבושלים קפואים 800 גרם,גרמים,800.00,100 גרם,false,1,21.90,2.7375,true,1,48
7290000107189,false,תחתיות ארטישוק 400 ג,"איי, בי, אינבוו",IL,תחתיות ארטישוק 400 גרם סנפרוסט,גרמים,400.00,100 גרם,false,1,24.90,6.2250,true,1,60
7290000107295,false,ברוקולי מוקפא 800 גר,"איי, בי, אינבוו",IL,ברוקולי מוקפא 800 גרם סנפרוסט,גרמים,800.00,100 גרם,false,1,27.90,3.4875,true,1,63
7290000110844,false,חטיף כיפלי גריל 70 ג,יוניליור ישראל מזון,IL,כיפלי חטיף בטעם גריל,גרמים,70.00,100 גרם,false,1,6.50,9.2857,true,1,16216
7290000111186,false,מיונז אמיתי תלמה 500,יוניליוור ישראל מזון,IL,תלמה  מיונז אמיתי 500 גרם,גרמים,500.00,100 גרם,false,1,10.90,2.1800,true,1,82
7290000112619,false,מרק עוף אמיתי לתיבול,יוניליוור ישראל מזון,IL,קנור מרק עוף אמיתי 400 גרם,גרמים,400.00,100 גרם,false,1,22.90,5.7250,true,1,160
7290000117720,false,מרק נמס בכוס פטריות,יוניליוור ישראל מזון,IL,קנור נמס בכוס פטריות 43 גרם,גרמים,43.00,100 גרם,false,1,7.50,17.4419,true,1,276
7290000118352,false,"לביבות לטקס כשל""פ 17",יוניליוור ישראל מזון,IL,KNORR 170 GR,גרמים,170.00,100 גרם,false,1,14.90,8.7647,true,1,286
7290000134116,false,פפריקה מתוקה 40 גרם,תות ממתקי איכות,IL,תבליני טעם וריח פפריקה מתוקה 40 גרם,גרמים,40.00,100 גרם,false,1,6.90,17.2500,true,1,16280
7290000134147,false,מוסקט טחון 40 גרם,תות ממתקי איכות,IL,"תבליני טעם וריח, מוסקט טחון 100%, 40 גרם",גרמים,40.00,100 גרם,false,1,14.90,37.2500,true,1,16909
7290000134314,false,תיבול לפיצה,תות ממתקי איכות,IL,תבליני טעם וריח תערובת תיבול לפיצה 120 גרם,גרמים,120.00,100 גרם,false,1,9.90,8.2500,true,1,21589
7290000134338,false,תב.אבקת שום 90 גר מי,תבליני טעם וריח,IL,תבליני טעם וריח אבקת שום 90 גרם,גרמים,90.00,100 גרם,false,1,9.90,11.0000,true,1,16238
7290000134352,false,תבלין קינמון טחון,תות ממתקי איכות,IL,"תבליני טעם וריח, 100% קינמון טחון, 90 גרם",גרמים,80.00,100 גרם,false,1,9.90,12.3750,true,1,16023
7290000134376,false,תב.פפריקה מתוקה בשמן,תות ממתקי איכות,IL,תבלין פפריקה מתוקה בשמן 90 מיכ,גרמים,90.00,100 גרם,false,1,9.90,11.0000,true,1,17908
7290000134550,false,עלי דפנה בשקית 20 גר,תות ממתקי איכות,IL,"תבליני טעם וריח, 100% עלי דפנה, 20 גרם",גרמים,20.00,100 גרם,false,1,5.90,29.5000,true,1,16024
7290000134666,false,רוזמרין 15 גרם,תות ממתקי איכות,IL,"תבליני טעם וריח, 100% רוזמרין, 15 גרם",גרמים,15.00,100 גרם,false,1,6.90,46.0000,true,1,42101
7290000134673,false,זנגביל 30 גרם,תות ממתקי איכות,IL,"תבליני טעם וריח, 100% זנגביל טחון, 30 גרם",גרמים,30.00,100 גרם,false,1,6.90,23.0000,true,1,42102
7290000134826,false,תבלין זעתר 100 גרם,תות ממתקי איכות,IL,"תבליני טעם וריח, תערובת תיבול זעתר , 100 גרם",גרמים,100.00,100 גרם,false,1,9.90,9.9000,true,1,16170
7290000134833,false,תבלין כמון 100  גר,תות ממתקי איכות,IL,"תבליני טעם וריח, 100% כמון מזרחי",גרמים,100.00,100 גרם,false,1,9.90,9.9000,true,1,16171
7290000134857,false,תבלין פפריקה מתוקה 1,תות ממתקי איכות,IL,"תבליני טעם וריח, פפריקה מתוקה 100%, 100 גרם",גרמים,100.00,100 גרם,false,1,9.90,9.9000,true,1,16313
7290000134864,false,תבלין פפריקה חריפה,יוליניבר,IL,תבליני טעם וריח פפריקה חריפה 100% 100 גרם,גרמים,100.00,100 גרם,false,1,9.90,9.9000,true,1,16172
7290000134871,false,פלפל שחור טחון 100 ג,תות ממתקי איכות,IL,"תבליני טעם וריח, 100% פלפל שחור טחון, 100 גרם",גרמים,100.00,100 גרם,false,1,12.90,12.9000,true,1,16352
7290000134970,false,תבלין חאוויגי מיכל,תות ממתקי איכות,IL,"תבליני טעם וריח, חוויאג' למרק, 100 גרם",גרמים,100.00,100 גרם,false,1,9.90,9.9000,true,1,16282
7290000134994,false,טימין 20 גרם,תות ממתקי איכות,IL,"תבליני טעם וריח, 100% טימין, 20 גרם",גרמים,20.00,100 גרם,false,1,6.90,34.5000,true,1,42105
7290000135045,false,XL TEN משקה אנרגיה ב,"טמפו משקאות בע""מ",IL,XL TEN משקה אנרגיה בטעם תפוח250מל,מיליליטרים,250.00,"100 מ""ל",false,1,4.50,1.8000,true,1,94609
7290000135052,false,משקה אנרגיה XL TEN מ,"טמפו משקאות בע""מ",IL,משקה אנרגיה XL TEN מנגו פחית 250 מל,מיליליטרים,250.00,"100 מ""ל",false,1,4.50,1.8000,true,1,120678
7290000136141,false,פפסי קולה בקבוק 1.5,טמפו,IL,פפסי קולה בקבוק 1.5 ליטר,ליטרים,1.50,ליטר,false,1,8.50,5.6667,true,1,136767
7290000136158,false,פפסי קולה מקס ללא סו,טמפו,IL,פפסי קולה מקס ללא סוכר בקבוק 1.5 ליטר,ליטרים,1.50,ליטר,false,1,8.50,5.6667,true,1,136768
7290000136172,false,סבן אפ בקבוק 1.5 ליט,טמפו,IL,סבן אפ בקבוק 1.5 ליטר,ליטרים,1.50,ליטר,false,1,8.50,5.6667,true,1,136770
7290000136646,false,בירה נשר מאלט בקבוק,טמפו,IL,בירה נשר מאלט בקבוק 1.5 ליטר,ליטרים,1.50,ליטר,false,1,8.90,5.9333,true,1,136782
7290000136660,false,מי סודה 1.5 ליטר,טמפו,IL,מי סודה 1.5 ליטר,ליטרים,1.50,ליטר,false,1,3.80,2.5333,true,1,137066
7290000136790,false,מי סודה שישייה בקבוק,טמפו,IL,מי סודה שישייה בקבוק 1.5 ליטר,ליטרים,9.00,ליטר,false,6,17.90,1.9889,true,1,136788
7290000136844,false,מים אקווה נובה שישיי,טמפו,IL,מים אקווה נובה שישייה בקבוק 2 ליטר,ליטרים,12.00,ליטר,false,6,13.90,1.1583,true,1,136791
7290000136868,false,מים סן בנדטו שישייה,טמפו,IL,מים סן בנדטו שישייה בקבוק 1.5 ליטר,ליטרים,9.00,ליטר,false,6,19.90,2.2111,true,1,136792
7290000136875,false,שישיית סןבנדטו מוגז,טמפו,IL,שישיית סןבנדטו מוגז בקבוק 1.5 ליטר,ליטרים,9.00,ליטר,false,6,19.90,2.2111,true,1,137165
7290000137513,false,גלידונית קרמיסימו  1,"גלידת שטראוס בע""מ, ר",IL,גלידונית קרמיסימו  1/60  630 גרם,גרמים,630.00,100 גרם,false,1,41.90,6.6508,true,1,518
7290000137643,false,גלידה טעמקור משפחתי,,IL,"שטראוס טעמקור 880 מ""ל",גרמים,500.00,100 גרם,false,1,42.90,8.5800,true,1,519
7290000139104,false,חיטה תפוחה מתוקה,"אשב""ל בע""מ",,.חיטה תפוחה מתוקה 250 גרם,גרמים,250.00,100 גרם,false,1,9.90,3.9600,true,1,50849
7290000144474,false,שמן קנולה מועשר בנוג,סקנולה,EE,שמן קנולה מועשר בנוגדי חמצון 1 ליטר,ליטרים,1.00,ליטר,false,1,15.90,15.9000,true,1,576
7290000148380,false,פיסטוקים קלויים קליי,קרלו,IL,קליית גת פיסטוק קלויים 200 גרם,גרמים,200.00,100 גרם,false,1,21.90,10.9500,true,1,12250
7290000148489,false,גרעיני דלעת קליית גת,קרלו,IL,"קליית גת גרעיני דלעת קלויים,200 גרם",גרמים,200.00,100 גרם,false,1,10.30,5.1500,true,1,14557
7290000148618,false,אגוזי קשיו מטוגנים ק,קרלו,IL,קליית גת קשיו מטוגן 200 גרם,גרמים,200.00,100 גרם,false,1,19.90,9.9500,true,1,12251
7290000148748,false,גרעיני חמנייה קליית,קרלו,IL,"קליית גת חמנייה קלויים, 200 גרם",גרמים,200.00,100 גרם,false,1,6.90,3.4500,true,1,12170
7290000148939,false,שקדים קלויים קליית ג,קרלו,IL,שקד קלוי 200 גר' שקית,גרמים,200.00,100 גרם,false,1,21.90,10.9500,true,1,12252
7290000169798,false,דגני עוגי מופחת 20%,יוניליוור שפע ישראל,IL,תלמה דגני בוקר עוגי  500 גרם,גרמים,500.00,100 גרם,false,1,24.90,4.9800,true,1,92424
7290000174723,false,שוקולית עלית 500 גרם,הנסיך- מפעל לייצור ט,IL,שוקולית קופסא 500  / 12 קופ'/ 500ג',גרמים,500.00,100 גרם,false,1,13.90,2.7800,true,1,862
7290000176062,false,קפה טורקי בצלופן 100,שטראוס קפה בי.וי.,IL,עלית טורקי שקית 100ג/1שק'/100גר',גרמים,100.00,100 גרם,false,1,8.90,8.9000,true,1,872
7290000176079,false,קפה עם הל 100 גרם,שטראוס קפה בי.וי.,IL,עלית טורקי עם הל 00/1שק'/100גר',גרמים,100.00,100 גרם,false,1,10.20,10.2000,true,1,873
7290000176413,false,קפה נמס עלית 50 גרם,הנסיך- מפעל לייצור ט,IL,קפה נמס עלית 50 גרם,גרמים,50.00,100 גרם,false,1,10.80,21.6000,true,1,878
7290000176420,false,קפה נמס עלית פחית 20,שטראוס קפה בי.וי,IL,קפה נמס עלית פחית 200 גרם,גרמים,200.00,100 גרם,false,1,19.90,9.9500,true,1,879
7290000176468,false,קפה נמס האג עלית 50,"איי, בי, אינבוו",,האג נמס אבקתי פחית 50 גר חדש,גרמים,50.00,100 גרם,false,1,13.10,26.2000,true,1,880
7290000178707,false,תפוציפס מלוח 50 גרם,"שטראוס פריטו ליי בע""",IL,תפו טבעי 50 גר 48 יח - שמיטה,גרמים,50.00,100 גרם,false,1,3.90,7.8000,true,1,916
7290000178721,false,תפוציפס מלוח 200 גרם,"שטראוס פריטו ליי בע""",IL,תפו טבעי 200 גר 12 יח,גרמים,200.00,100 גרם,false,1,9.90,4.9500,true,1,918
7290000187938,false,נייר טואלט לילי פסטל,חוגלה קימברלי,,נייר טואלט לילי פסטל 32 גלילים,מטרים,58880.00,מטר,false,1,38.90,0.0007,true,1,48943
7290000187952,false,נייר טואלט לילי טריו,חוגלה קימברלי,,נייר טואלט לילי טריו 32 גלילים,מטרים,53470.00,מטר,false,1,45.90,0.0009,true,1,48945
7290000189192,false,סופר מטלית ניקול,קימברלי קלארק,CO,ניקול מטלית חכמה יומית 64 יחידות,מטרים,6520.00,מטר,false,1,19.90,0.0031,true,1,31674
7290000189260,false,תבניות מלבניות עבות,בראבו,,תבניות מלבניות עבות וחזקות 5 יחידות,לא מנהל יחידת מידה,0.00,לא מנהל יחידת מידה,false,1,12.90,0.0000,true,1,101280
7290000189598,false,מטליות לחות לניקוי כ,עלבד משואות יצחק בעמ,IL,מטליות לחות לניקוי כללי 50 יח ניקול,Unknown,0.00,Unknown,false,1,11.90,0.0000,true,1,54667
7290000189871,false,שקיות אשפה עם שרוך נ,אשפלסט,IL,שקיות אשפה עם שרוך ניקול 60 יחידות,לא מנהל יחידת מידה,0.00,לא מנהל יחידת מידה,false,1,22.90,0.0000,true,1,50138
7290000190068,false,מפיות נייר ניקול 100,חוגלה קימברלי,IL,"מפיות ניקול חלקות לאירוח חד שכבתי, 100 יחידות",Unknown,0.00,Unknown,false,1,7.90,0.0000,true,1,52072
7290000191225,false,האגיס ליטל בייביס מי,קימברלי קלארק שיווק,IL,האגיס ליטל בייביס מידה 2,יחידה,1.00,יחידה,false,1,39.90,39.9000,true,1,107135
7290000191546,false,ממחטות טישיו לילי צב,חוגלה קימברלי,,ממחטות טישיו לילי צבעוני בניילון שלישייה,Unknown,0.00,Unknown,false,1,11.90,0.0000,true,1,1038
7290000191645,false,חיתולי האגיס 36 NB י,קימברלי קלארק ארהב,US,חיתולי האגיס 36 NB יח,לא מנהל יחידת מידה,0.00,לא מנהל יחידת מידה,false,1,39.90,0.0000,true,1,87364
7290000193205,false,תחבושות לילי נטורל,Ontex,,"תחב.לילי נטורל לילה 20 יח              """,Unknown,0.00,Unknown,false,1,16.90,0.0000,true,1,1074
7290000193649,false,תח.לילי נטורל נורמל,Ontex,,תחב.לילי נטורל נורמל פלוס           24,Unknown,0.00,Unknown,false,1,16.90,0.0000,true,1,1080
7290000195537,false,מגבונים לחים האגיס ל,ווטנפס בעמ,IL,האגיס מגבונים לחים לתינוק ללא בישום מארז רביעייה,יחידה,1.00,יחידה,false,1,23.90,23.9000,true,1,15303
7290000196039,false,מפות שולחן ניקול זוג,דיספובד,,"מפות שולחן ניקול זוג  180*110 ס""מ",לא מנהל יחידת מידה,0.00,לא מנהל יחידת מידה,false,1,12.90,0.0000,true,1,1103
7290000196763,false,שקיות אשפה השקית החז,אשפלסט,IL,שקיות אשפה השקית החזקה ניקול 40 יח,Unknown,0.00,Unknown,false,1,24.90,0.0000,true,1,78042
7290000197432,false,שקיות סנדוויצון 19*2,אשלפסט תעשיות בעמ,IL,סנדוויצון זוגות,לא מנהל יחידת מידה,0.00,לא מנהל יחידת מידה,false,1,14.90,0.0000,true,1,1116
7290000197678,false,חיתולים פרידום דריי,קימברלי קלארק ישראל,IL,חיתולים פרידום דריי שלב 6,יחידה,1.00,יחידה,false,1,45.90,45.9000,true,1,100909
7290000197951,false,תבנית אלומיניום ענק,פאלאס,,תבנית אלומיניום ענק 2 יחידות,לא מנהל יחידת מידה,0.00,לא מנהל יחידת מידה,false,1,9.90,0.0000,true,1,16176
7290000204086,false,כרית קירצוף ניקול,UFO INC,US,"ניקול, כריות קרצוף גדולות וחזקות במיוחד, 3 יחידות",יחידה,0.00,יחידה,false,1,11.90,0.0000,true,1,12962
7290000204147,false,כריות יפניות דו צדדי,פלסטופוליש,IL,כריות יפניות דו צדדיות ניקול רביעייה,גרמים,280.00,100 גרם,false,1,11.90,4.2500,true,1,36192
7290000204239,false,מטליות רצפה ניקול 4,עופרטקס,,מטליות רצפה ניקול 4 יח,לא מנהל יחידת מידה,0.00,לא מנהל יחידת מידה,false,1,12.90,0.0000,true,1,24101
7290000204253,false,מטליות ניקוי רב שימו,נועם אורים-קיבוץ אור,IL,"ניקול, מטליות ניקוי רב שימושיות, 9 יחידות",לא מנהל יחידת מידה,0.00,לא מנהל יחידת מידה,false,1,11.90,0.0000,true,1,1312
7290000207162,false,רסק עגבניות 22% 100,"זנלכל בע""מ",IL,יכין רוטב עגבניות מרוכז 100 גרם,גרמים,100.00,100 גרם,false,1,2.50,2.5000,true,1,1386
7290000208022,false,עגבניות מרוסקות יכין,"זנלכל בע""מ",IL,עגבניות מרוסקות יכין 800 גרם,גרמים,800.00,100 גרם,false,1,8.90,1.1125,true,1,40770
7290000208114,false,אפונה וגזר,"זנלכל בע""מ",IL,יכין אפונת גינה וגזר 550 גרם,גרמים,550.00,100 גרם,false,1,7.90,1.4364,true,1,1430
7290000208213,false,שעועית לבנה ברוטב עג,היינץ צפון אמריקה מק,IL,יכין שעועית לבנה ברוטב עגבניות 580 גרם,גרמים,580.00,100 גרם,false,1,7.90,1.3621,true,1,102731
7290000208329,false,תירס גרעינים מתוק יכ,"זנלכל בע""מ",IL,תירס גרעינים מתוק יכין 560 גרם,גרמים,560.00,100 גרם,false,1,7.90,1.4107,true,1,12174
7290000208336,false,רסק עגבניות 240 גרם,"זנלכל בע""מ",IL,יכין רוטב עגבניות מרוכז 240 גרם,גרמים,240.00,100 גרם,false,1,4.50,1.8750,true,1,37787
7290000208428,false,חומוס שלם יכין 560 ג,"זנלכל בע""מ",IL,יכין חומוס שלם 550 גרם,גרמים,560.00,100 גרם,false,1,7.90,1.4107,true,1,16032
7290000209012,false,חומץ 1 ליטר יכין,"זנלכל בע""מ",IL,חומץ 1 ליטר יכין,ליטרים,1.00,ליטר,false,1,5.50,5.5000,true,1,16447
7290000209371,false,שלישיית תירס קטן יכי,"זנלכל בע""מ",IL,יכין גרעיני תירס מתוק שלישייה 3*165,גרמים,165.00,100 גרם,false,1,13.90,8.4242,true,1,102406
7290000209722,false,תרכיז עגבניות פריכוז,"זנלכל בע""מ",IL,רסק עגבניות פריכוז 580 יכין,גרמים,580.00,100 גרם,false,1,9.90,1.7069,true,1,12175
7290000209944,false,רוטב עגבניות לשקשוקה,"זנלכל בע""מ",IL,רוטב עגבניות לשקשוקה יכין 240גרם,גרמים,240.00,100 גרם,false,1,5.50,2.2917,true,1,110180
7290000209951,false,רוטב פיצה,"זנלכל בע""מ",IL,רוטב פיצה 240גרם יכין,גרמים,240.00,100 גרם,false,1,5.50,2.2917,true,1,47767
7290000211169,false,"אורז תאילנדי 1 ק""ג","סוגת תעשיות בע""מ",IL,"אורז תאילנדי 1 ק""ג",קילוגרמים,1.00,"ק""ג",false,1,7.90,7.9000,true,1,16122
7290000211374,false,"קמח מלא 1 ק""ג סוגת",תחנות קמח דגן 2006 ב,IL,"קמח מלא 1 ק""ג סוגת",קילוגרמים,1.00,"ק""ג",false,1,7.90,7.9000,true,1,1472
7290000211442,false,אורז פרסי אחד אחד סו,האי נאם סי או אל.טי.,IL,"אורז פרסי 1 ק""ג",קילוגרמים,1.00,"ק""ג",false,1,12.90,12.9000,true,1,1475
7290000211503,false,סוכר לבן ארוז בשקית,"סוגת תעשיות בע""מ",IL,"סוכר לבן ארוז בשקית סוגת 1 ק""ג",קילוגרמים,1.00,"ק""ג",false,1,5.30,5.3000,true,1,1476
7290000211985,false,אורז ריזוטו עגול סוג,"סוגת תעשיות בע""מ",IL,"אורז עגול 1 ק""ג",קילוגרמים,1.00,"ק""ג",false,1,12.90,12.9000,true,1,1485
7290000238029,false,"בצק עלים 1 ק""ג","מעדנות בע""מ",IL,"בצק עלים 1 ק""ג",קילוגרמים,1.00,"ק""ג",false,1,25.90,25.9000,true,1,1940
7290000238036,false,מלווח 700 גרם,מיוצר עי קונדיטוריית,IL,מלווח 700 גרם מעדנות,גרמים,700.00,100 גרם,false,1,19.90,2.8429,true,1,1941
7290000238173,false,בורקס גבינה מעדנות 8,"מעדנות בע""מ",IL,בורקס גבינה מעדנות 800 גרם,גרמים,800.00,100 גרם,false,1,24.90,3.1125,true,1,1944
7290000238180,false,"בורקס תפו""א מעדנות 8","מעדנות בע""מ",IL,"בורקס תפו""א מעדנות 800 גרם",גרמים,800.00,100 גרם,false,1,24.90,3.1125,true,1,1945
7290000240541,false,ריבועי בצק עלים800ג.,מיוצר עי קונדיטוריית,IL,ריבועי בצק עלים800 גר                  .,גרמים,800.00,100 גרם,false,1,26.40,3.3000,true,1,1964
7290000253220,false,שוקולד ציפס חום אופנ,אופנהיימר,IL,שוקולד ציפס חום אופנהיימר 260גרם,גרמים,260.00,100 גרם,false,1,12.90,4.9615,true,1,2102
7290000253251,false,שוקולד ציפס אופנהיימ,אופנהיימר,IL,שוקולד ציפס אופנהיימר לבן260גר,גרמים,260.00,100 גרם,false,1,12.90,4.9615,true,1,2103
7290000253374,false,שוקולד ציפס 66%מוצקי,אופנהיימר,IL,שוקולד ציפס 66%מוצקי קקאו 250גרם,גרמים,250.00,100 גרם,false,1,14.90,5.9600,true,1,129003
7290000253459,false,שוקולד ציפס קרמל 250,אופנהיימר,IL,שוקולד ציפס קרמל 250גרם אופנהיימר,גרמים,250.00,100 גרם,false,1,12.90,5.1600,true,1,125682
7290000254197,false,קפה אספרסו זהב,פרח,IL,אספרסו טחון 200 גרם,גרמים,200.00,100 גרם,false,1,28.60,14.3000,true,1,2115
7290000263359,false,חיתולים האגיס מידה 1,קימברלי קלארק שיווק,IL,חיתולים האגיס מידה 1 ליטל בייביז,יחידה,1.00,יחידה,false,1,39.90,39.9000,true,1,67519
7290000267050,false,שקדים טחונים 100 גרם,,IL,שקדים טחונים 100 גרם שקדיה,גרמים,100.00,100 גרם,false,1,11.90,11.9000,false,1,2212
7290000267548,false,אגוז גרוס 100 גרם,,IL,אגוז גרוס 100 גרם שקדיה,גרמים,100.00,100 גרם,false,1,10.70,10.7000,true,1,136107
7290000272696,false,מיץ לימון משומר 1 לי,בית-השיטה עסיס תעשיו,IL,עסיס מיץ לימון משומר 12*1ליטר,ליטרים,1.00,ליטר,false,1,12.90,12.9000,true,1,2274
7290000286471,false,סנו מדיק אלכו גל דמו,nantong health & bey,CN,סנו מדיק אלכו גל דמות סיליקון לתליה 30,מיליליטרים,30.00,"100 מ""ל",false,1,9.90,33.0000,true,1,122941
7290000286761,false,ניילון נצמד סנו זוג,"מיוצר בהונג קונג, סי",CN,סנו סושי - צמד ניילון נצמד+,מטרים,3000.00,מטר,false,1,11.90,0.0040,true,1,2416
7290000286877,false,לניקוי סנו רב מתכת,סנו,,לניקוי סנו רב מתכת,מיליליטרים,300.00,"100 מ""ל",false,1,23.90,7.9667,true,1,2421
7290000286945,false,סנו רהיט מרסס,"סנו מפעלי ברונוס בע""",IL,סנו רהיט נוזל מנקה ומבריק רהיטים 500 מל,מיליליטרים,500.00,"100 מ""ל",false,1,26.90,5.3800,true,1,2428
7290000287492,false,סנובון נוזלי לימון 7,"איי, בי, אינבוו",IL,"סנובון נוזלי לימון 750 מ""ל",מיליליטרים,750.00,"100 מ""ל",false,1,11.90,1.5867,true,1,2442
7290000288017,false,אקונומיקה סנו JAVEL,"סנו מפעלי ברונוס בע""",IL,אקונומיקה סנו JAVEL לימון 1 ליטר,ליטרים,1.00,ליטר,false,1,8.90,8.9000,true,1,2450
7290000288024,false,אקונומיקה סנו JAVEL,"סנו מפעלי ברונוס בע""",IL,אקונומיקה סנו JAVEL לימון 4 ליטר,ליטרים,4.00,ליטר,false,1,16.90,4.2250,true,1,2451
7290000288291,false,סנומט טבליות 30 מילו,TRENTO,IT,סנומט לוחיות אידוי למכשיר חשמלי דוחה יתושים,Unknown,0.00,Unknown,false,1,13.90,0.0000,true,1,2457
7290000288352,false,משמיד חרקים K300 סנו,"סנו מפעלי ברונוס בע""",IL,K-300,מיליליטרים,630.00,"100 מ""ל",false,1,23.90,3.7937,true,1,2460
7290000288727,false,אבק.כביסה מקסימהMUS,סנו,,אבק.כביסה מקסימה MUSK קג            1.25,קילוגרמים,1.25,"ק""ג",false,1,14.90,11.9200,true,1,2471
7290000289069,false,קצף ניקוי JAVEL מרסס,"סנו מפעלי ברונוס בע""",IL,קצף ניקוי JAVEL מרסס בריח לימון סנו 1 ל,ליטרים,1.00,ליטר,false,1,16.90,16.9000,true,1,2476
7290000289236,false,סנו K3 פתיון נמלים ג,"סנו מפעלי ברונוס בע""",IL,סנו K3 קוטל נמלים פיתיון ג'ל 12 גרם,יחידה,1.00,יחידה,false,1,49.90,49.9000,true,1,124919
7290000289748,false,מסיר שומנים פורטה פל,"סנו מפעלי ברונוס בע""",IL,סנו פורטה פלוס 750 מ''ל,מיליליטרים,750.00,"100 מ""ל",false,1,15.90,2.1200,true,1,2481
7290000291963,false,אקונומיקה סנו JAVEL,סנו,,אקונומיקה סנו JAVEL סמיכה 1 ליטר,ליטרים,1.00,ליטר,false,1,8.90,8.9000,true,1,2499
7290000292007,false,פיתיון גל קוטל תיקני,סנו מפעלי ברונוס בעמ,IL,סנו K3 פיתיון ג'ל קוטל תיקנים,גרמים,0.00,100 גרם,false,1,49.90,0.0000,true,1,120833
7290000292915,false,רסס ונגב לניקוי כללי,"סנו מפעלי ברונוס בע""",IL,"רסס ונגב לניקוי כללי 750 מ""ל",מיליליטרים,750.00,"100 מ""ל",false,1,13.90,1.8533,true,1,2519
7290000294780,false,אקונומיקה סנו JAVEL,"סנו מפעלי ברונוס בע""",IL,אקונומיקה סנו JAVEL סמיכה 4 ליטר,ליטרים,4.00,ליטר,false,1,16.90,4.2250,true,1,2537
7290000295336,false,אבק.כביסה מקסימה,סנו,,אבק.כביסה מקסימה סנסטיב1.25 קג,קילוגרמים,1.25,"ק""ג",false,1,14.90,11.9200,true,1,2540
7290000295367,false,אבקת כביסה מקסימה זא,סנו,IL,"אבקת כביסה, אפקט JAVEL",קילוגרמים,2.50,"ק""ג",false,1,28.90,11.5600,true,1,2542
7290000295503,false,שקיות אוכל 19*25 סנו,הורביץ סחר,CN,שקיות אוכל 19*25 סנו סושי 150 שקיות,לא מנהל יחידת מידה,0.00,לא מנהל יחידת מידה,false,1,14.90,0.0000,true,1,2545
7290000295589,false,בייבי כיף טלק,מייצר :אשבל בע''מ .,IL,טלק בייבי כיף לתנוק,גרמים,200.00,100 גרם,false,1,13.90,6.9500,true,1,33457
7290000295794,false,ספוגיות מתכת,,,ספוגיות מתכת,יחידה,1.00,יחידה,false,1,11.90,11.9000,true,1,113963
7290000295817,false,ניילון נצמד חסכון300,FV.HK,,ניילון נצמד חסכוני300 מ   .ס,מטרים,30000.00,מטר,false,1,72.00,0.0024,true,1,12979
7290000305882,false,דגים ברוטב עגבניות פ,לחמנו,TR,קוליאס 120 גרם בדצ עדה חרדית,גרמים,120.00,100 גרם,false,1,5.90,4.9167,true,1,2784
7290000311203,false,ופלים מן בטעם שוקולד,תות ממתקי איכות,IL,ופלים מן בטעם שוקולד 200 גרם,גרמים,200.00,100 גרם,false,1,5.50,2.7500,true,1,2824
7290000311708,false,עוג.מובחרות חיטה מלא,תות ממתקי איכות,IL,"מן, עוגיות חיטה מלאה עם סיבים תזונתיים 300 גרם",גרמים,300.00,100 גרם,false,1,8.50,2.8333,true,1,2826
7290000311715,false,עוג.מובחרות שוקולד,תות ממתקי איכות,IL,"מן, עוגיות כוכבים בטעם שוקולד 300 גרם",גרמים,300.00,100 גרם,false,1,8.50,2.8333,true,1,2827
7290000311869,false,ופל מן ללא סוכר 180,תות ממתקי איכות,IL,ופל מן ללא סוכר 180 גרם,גרמים,180.00,100 גרם,false,1,9.90,5.5000,true,1,88308
7290000313184,false,עוגיות גן חיות,הגביע מוצרי וופלים ב,IL,אסם עוגיות גן חיות וניל 12*250גרם חדש,גרמים,250.00,100 גרם,false,1,10.90,4.3600,true,1,16334
7290000327020,false,פפסי פחית צרה 330 שי,פפסיקו ניורק,IL,פפסי פחית צרה 330 שישייה,ליטרים,1.98,ליטר,false,6,22.90,11.5657,true,1,138360
7290000327044,false,סבן אפ פחית צרה 330,פפסיקו ניורק,IL,סבן אפ פחית צרה 330 שיישיה,ליטרים,1.98,ליטר,false,6,22.90,11.5657,true,1,138361
7290000336282,false,סיידר הגליל תפוח צלו,טמפו משקאות בעמ,IL,סיידר תפוח צלול 330 בקבוק,מיליליטרים,330.00,"100 מ""ל",false,1,8.50,2.5758,true,1,13322
7290000339566,false,מרכך כביסה בדין ורוד,יוניליור ישראל טיפוח,IL,מרכך כביסה בדין ורוד,ליטרים,4.00,ליטר,false,1,24.90,6.2250,true,1,3180
7290000342856,false,מרכך כביסה בדין כחול,יוניליור ישראל טיפוח,IL,מרכך כביסה בדין כחול,ליטרים,4.00,ליטר,false,1,24.90,6.2250,true,1,3217
7290000345260,false,תה קלאסיק 1.5 גרם,מולינו ניקולי s.p.a,IL,תה קלאסיק 1.5 גרם 25 שקיקים,גרמים,37.00,100 גרם,false,1,8.10,21.8919,true,1,3261
7290000346120,false,חליטת תה צמחים קינמו,HIQ FOOD PRODUCTS,IL,קסם הקינמון-הגן הקסום,גרמים,62.00,100 גרם,false,1,19.90,32.0968,true,1,3287
7290000346205,false,חליטת תה צמחים קמומי,HIQ FOOD PRODUCTS,IL,"קמומיל-""הגן הקסוםC24 ?",גרמים,37.00,100 גרם,false,1,19.90,53.7838,true,1,3292
7290000347738,false,תה ירוק נענע 25 שקיק,HIQ FOOD PRODUCTS,IL,תה ירוק עם נענע T.T,גרמים,37.00,100 גרם,false,1,25.90,70.0000,true,1,3319
7290000347752,false,תה ירוק לימונית ולוא,ויסוצקי,IL,תה ירוק עם לימונית/לואיזה T.T,גרמים,37.00,100 גרם,false,1,25.90,70.0000,true,1,3321
7290000363363,false,קבנוס מיוחד 160 גרם,הנסיך- מפעל לייצור ט,IL,טירת צבי קבנוס נקניק מעושן יבש 160 גרם,גרמים,160.00,100 גרם,false,1,15.90,9.9375,true,1,3458
7290000364261,false,דקניקים סלסולי כתף ב,הנסיך- מפעל לייצור ט,IL,דקניקים סלסולי כתף בקר 120 גרם,גרמים,120.00,100 גרם,false,1,15.90,13.2500,true,1,65785
7290000364285,false,דקניקים סלסולי פסטרמ,הנסיך- מפעל לייצור ט,IL,דקניקים סלסולי פסטרמה הודו 120 גרם,גרמים,120.00,100 גרם,false,1,15.90,13.2500,true,1,65787
7290000364292,false,דקניקים סלסולי פסטרמ,הנסיך- מפעל לייצור ט,IL,דקניקים סלסולי פסטרמה גחלים 120 גרם,גרמים,120.00,100 גרם,false,1,15.90,13.2500,true,1,70957
7290000364858,false,נקניקיות עוף       .,הנסיך- מפעל לייצור ט,IL,"טירת צבי - נקניקיות עוף 1 ק""ג",קילוגרמים,1.00,"ק""ג",false,1,28.90,28.9000,true,1,3510
7290000364872,false,נקניקיות עוף 400 גרם,טיב טירת צבי 2000,IL,נקניקיות עוף 400 גרם,גרמים,400.00,100 גרם,false,1,13.90,3.4750,true,1,3512
7290000367590,false,צמד כפרי פסטרמה סלמי,טיב טירת צבי 2000,IL,צמד כפרי פסטרמה סלמי טירת צבי 800 גרם,גרמים,800.00,100 גרם,false,1,30.90,3.8625,true,1,3537
7290000377209,false,בוטנים מטוגנים קליית,"ג'י אנד ג'י  בע""מ",IL,בוטנים מטוגנים קליית גת 200 גרם,גרמים,200.00,100 גרם,false,1,7.90,3.9500,true,1,15187
7290000377445,false,"חטיפי נשצ""אנס קליית",קרלו,IL,נש צ'אנס 200 גר' ב 12,גרמים,200.00,100 גרם,false,1,8.90,4.4500,true,1,15188
7290000377452,false,גרעיני אבטיח קליית ג,הדקלאים אגודת שיתופי,IL,גרעיני אבטיח שק'200 גר',גרמים,200.00,100 גרם,false,1,11.50,5.7500,true,1,12267
7290000379258,false,חלה קונדיטוריה ארוזה,מאפיית שלמה א. אנג'ל,IL,אנג'ל חלת קונדיטוריה 500 גרם,גרמים,500.00,100 גרם,false,1,14.90,2.9800,true,1,3615
7290000379432,false,לחמניה 75 גרם,מאפיית אנג'ל,IL,לחמניה 75 גרם,גרמים,75.00,100 גרם,false,1,1.90,2.5333,true,1,3620
7290000408316,false,יוגורט דנונה 3% 200,מיוצר עי קונדיטוריית,IL,דנונה ביו  3% 200 גרם,גרמים,200.00,100 גרם,false,1,3.70,1.8500,true,1,4215
7290000408354,false,דנונה בר דגנים שוקול,"שטראוס בריאות בע""מ",IL,בר דנונה פצפוצים,גרמים,175.00,100 גרם,false,1,4.80,2.7429,true,1,4216
7290000416021,false,ממרח שוקולד השחר 500,השחר העולה,IL,ממרח השחר העולה חלבי 500 גרם,גרמים,500.00,100 גרם,false,1,13.90,2.7800,true,1,4369
7290000416618,false,ממרח שוקולד השחר 400,השחר העולה בעמ,IL,ממרח שוקולד השחר 400 גרם,גרמים,400.00,100 גרם,false,1,13.50,3.3750,true,1,4375
7290000449111,false,פנטסטיק לניקוי כללי,יוניליוור ישראל טיפו,IL,cif  פנטסטיק תרכיז ניקוי רב תכליתי בניחוח לימון,ליטרים,1.00,ליטר,false,1,13.90,13.9000,true,1,4698
7290000450209,false,טונה בשמן פוסידון 10,"מיוצר עי וליגר בעמ,",IL,פוסידון נתחי טונה בהירה בשמן 108 גרם,גרמים,108.00,100 גרם,false,1,5.90,5.4630,true,1,4719
7290000453798,false,שמרים אקטביים 500 גר,"גי' בי' רכיבים בע""מ",,שמרים אקטביים 500 גרם,גרמים,500.00,100 גרם,false,1,15.90,3.1800,true,1,109264
7290000461656,false,בייגלה מקלות מלוחים,בייגל את בייגל מזון,IL,כעכים בצורת מקלות עם מלח בייגל בייגל,גרמים,400.00,100 גרם,false,1,11.90,2.9750,true,1,4785
7290000461724,false,בייגלה גדול שומשום,אתר בייגל - Food,IL,כעכים גדולים עם שומשום בייגל בייגל -,גרמים,400.00,100 גרם,false,1,15.20,3.8000,true,1,4788
7290000468747,false,ביסלי גריל,אסם,,ביסלי גריל 55 גרם,גרמים,55.00,100 גרם,false,1,4.00,7.2727,true,1,98091
7290000468877,false,ביסלי בצל,אסם,,ביסלי בצל 55 גרם,גרמים,55.00,100 גרם,false,1,4.00,7.2727,true,1,98092
7290000469638,false,לגיהוץ מריטו ספריי,BOLTON MANITOBA S.P.,,לגיהוץ מריטו ספריי 500 סמק,מיליליטרים,500.00,"100 מ""ל",false,1,22.70,4.5400,true,1,4873
7290000480107,false,שיבולת שועל קוואקר פ,וולקרס סנקס לימיטד,,שיבולת שועל קוואקר פחית 500 גרם,גרמים,500.00,100 גרם,false,1,15.00,3.0000,true,1,4946
7290000480442,false,שיבולת שועל קוואקר ש,שטראוס גרופ,IL,שיבולת שועל קוואקר שקית 500 גרם,גרמים,500.00,100 גרם,false,1,12.90,2.5800,true,1,4951
7290000484747,false,עלית הארק 40% בקבוק,יקבי הגליל יוסף,,"עלית הארק 40% בקבוק 700 מ""ל",מיליליטרים,700.00,"100 מ""ל",false,1,59.90,8.5571,true,1,109715
7290000504025,false,ממתיק סוכרזית פיטריה,אף.סי תבליני בגליל ב,IL,סוכרזית קלאסי 300,גרמים,25.00,100 גרם,false,1,9.80,39.2000,true,1,5385
7290000521008,false,יין של סגל אדום יבש,פארייפאבה אגרואינדוס,IL,יין אדום יבש של סגל 750 מל,מיליליטרים,750.00,"100 מ""ל",false,1,21.90,2.9200,true,1,5549
7290000523125,false,מלח ים יבש 250 גרם,מולינו ניקולי s.p.a,IL,מלח הארץ מהים האדום מלח ים דק 250 גרם,גרמים,250.00,100 גרם,false,1,5.90,2.3600,true,1,5623
7290000523224,false,מלח ים יבש 500 גרם,מולינו ניקולי s.p.a,IL,מלח הארץ מהים האדום מלח ים דק,גרמים,500.00,100 גרם,false,1,7.90,1.5800,true,1,5628
7290000523514,false,מלח ים יבש מופחת נתר,חברת מלח הארץ אילת ב,IL,מלח הארץ 50% מכמות נתרן 250 גרם,גרמים,250.00,100 גרם,false,1,10.90,4.3600,true,1,5631
7290000523521,false,מלח ים הארץ מועשר בי,חברת מלח הארץ אילת ב,IL,מלח מועשר ביוד מלחיה 250 גרם,גרמים,250.00,100 גרם,false,1,5.90,2.3600,true,1,5632
7290000525969,false,מיץ תפוזים סחוט פרימ,השחר,IL,פרימור מיץ תפוזים 1 ליטר,ליטרים,1.00,ליטר,false,1,16.00,16.0000,true,1,5645
7290000560021,false,אדג גל נגד חתכים,המאפיה של הרמן,US,200 מל גל גילוח נגד חתכים אדג,מיליליטרים,200.00,"100 מ""ל",false,1,20.90,10.4500,true,1,16544
7290000560533,false,"ג""ל גילוח אדג רגיל 2",המאפיה של הרמן,US,200 מל גל גילוח אדג בתוספת אלוורה,מיליליטרים,200.00,"100 מ""ל",false,1,17.90,8.9500,true,1,6182
7290000644783,false,נתחי פילה סלמון בואק,X MAK,,"נתחי פילה סלמון בואקום לק""ג",קילוגרמים,1.00,"ק""ג",true,,105.00,105.0000,true,1,68594
7290000652542,false,פילה אמנון קפוא 5-7,,CN,פילה אמנון קפוא 5-7  100% דג לקג,קילוגרמים,1.00,"ק""ג",true,,38.00,38.0000,true,1,124443
7290000659312,false,פילה סלמון בואקום לק,PEQUERA DEL,,"פילה סלמון בואקום לק""ג",קילוגרמים,1.00,"ק""ג",true,,95.00,95.0000,true,1,24595
7290000679440,false,קמיל בלו משחה לתינוק,הדקלאים אגודת שיתופי,IL,קמיל בלו משחה לתינוק 100 מל,גרמים,100.00,100 גרם,false,1,13.90,13.9000,true,1,7508
7290000692210,false,נוזל לניקוי כללי ורצ,הנסיך- מפעל לייצור ט,GR,אג'קס נוזל לניקוי כללי ורצפות בניחוח לבנדר 2 ליטר,ליטרים,2.00,ליטר,false,1,22.90,11.4500,true,1,7705
7290000692227,false,סבון כלים פלמוליב 1,יבואן ומשווק: ש. שסט,GR,פלמוליב נוזל לניקוי כלים קלאסי 1 ליטר,ליטרים,1.00,ליטר,false,1,13.90,13.9000,true,1,7707
7290001041123,false,שקדים מולבנים פרוסים,מיה,IL,שקדים מולבנים פרוסים  מיה 100 גרם,גרמים,100.00,100 גרם,false,1,11.90,11.9000,true,1,140135
7290001045633,false,לימון עם נענע,השחר,IL,פרימור משקה קל לימונים ונענע 400 מל,מיליליטרים,400.00,"100 מ""ל",false,1,8.50,2.1250,true,1,13335
7290001045657,false,מיץ תפוחים צלול פרימ,השחר,IL,פרימור מיץ תפוחים 100% מיץ צלול מיוצר מרכז 400 מל,מיליליטרים,400.00,"100 מ""ל",false,1,8.50,2.1250,true,1,12167
7290001045688,false,מיץ תפוזים סחוט פרימ,השחר,IL,פרימור מיץ תפוזים סחוט 400 מל,מיליליטרים,400.00,"100 מ""ל",false,1,8.50,2.1250,true,1,13332
7290001124536,false,תבשילמגיק אטריותבכוס,טאט הוי פוד בעמ,SG,מג'יק ארוחת נודלס בטעם תירס 70 גרם,גרמים,70.00,100 גרם,false,1,4.60,6.5714,true,1,116875
7290001201589,false,ביצים ארוזות      L,,,ביצים ארוזות12 יח                     L,לא מנהל יחידת מידה,0.00,לא מנהל יחידת מידה,false,1,12.05,0.0000,true,1,128870
7290001201596,false,ביצים ארוזות12 יח M,,,ביצים ארוזות12 יח                     M,לא מנהל יחידת מידה,0.00,לא מנהל יחידת מידה,false,1,11.15,0.0000,true,1,128871
7290001230331,false,סיגריות כאמל בוקס חפ,JTI,,סיגריות כאמל בוקס חפיסה בודד,יחידה,0.00,יחידה,false,1,32.00,0.0000,false,1,14556
7290001230739,false,סיגריות קאמל כחול,JTI,,סיגריות כאמל כחול חפיסה בודד,יחידה,0.00,יחידה,false,1,32.00,0.0000,false,1,20118
7290001231932,false,סיגריות וינסטון כחול,JTI,,סיגריות וינסטון כחול בוקס חפיסה בודד,לא מנהל יחידת מידה,0.00,לא מנהל יחידת מידה,false,1,34.30,0.0000,false,1,14545
7290001235938,false,סיגריות וינסטון כחול,JTI,,סיגריות וינסטון כחול 100 חפיסה בודד,לא מנהל יחידת מידה,0.00,לא מנהל יחידת מידה,false,1,34.30,0.0000,false,1,48072
7290001302279,false,במבה קלאסי,מיוצר עי קונדיטוריית,IL,במבה קלאסי כלפ.48*60גרם,גרמים,60.00,100 גרם,false,1,4.90,8.1667,true,1,98087
7290001305188,false,סבון כלים פלמוליב לי,יבואן ומשווק: ש. שסט,GR,פלמוליב נוזל לניקוי כלים בריח לימון (כתום) 750 מל,מיליליטרים,750.00,"100 מ""ל",false,1,11.90,1.5867,true,1,441
7290001419618,false,ופלים בלגי שוקולד על,גילרו,,ופלים בלגי שוקולד עלמה 200 גרם,גרמים,200.00,100 גרם,false,1,3.90,1.9500,true,1,65813
7290001419779,false,ופלים שוקולד עלמה 20,"גילרו בע""מ",,ופלים שוקולד עלמה 200 גרם,גרמים,200.00,100 גרם,false,1,3.90,1.9500,true,1,36902
7290001594155,false,קוקה קולה בקבוק 500,"אינסטנטה בע""מ",IL,"קוקה קולה 500 מ""ל",מיליליטרים,500.00,"100 מ""ל",false,1,7.50,1.5000,true,1,783
7290001594186,false,קוקה קולה דיאט בקבוק,תות תעשיות מזון (201,IL,"דיאט קוקה קולה 500 מ""ל",מיליליטרים,500.00,"100 מ""ל",false,1,7.50,1.5000,true,1,786
7290001594230,false,"סודה קינלי 250 מ""ל",החברה המרכזית לייצור,IL,"קינלי סודה 250 מ""ל",מיליליטרים,250.00,"100 מ""ל",false,1,5.90,2.3600,true,1,788
7290001594377,false,משקל פריגת תפוזים 50,מולינו ניקולי s.p.a,IL,פריגת משקה קל תפוזים 500 מל,מיליליטרים,500.00,"100 מ""ל",false,1,7.90,1.5800,true,1,789
7290001594391,false,משקל פריגת ענבים 500,מבשלות בירה בינלאומי,IL,"משקל פריגת ענבים 500 מ""ל",מיליליטרים,500.00,"100 מ""ל",false,1,7.90,1.5800,true,1,791
7290001594520,false,בירה טובורג 330 מל,מולינו ניקולי s.p.a,IL,"טובורג בק 330 מ""ל פקדון",מיליליטרים,330.00,"100 מ""ל",false,1,9.50,2.8788,true,1,12253
7290001594568,false,בירה קרלסברג פחית 50,מולינו ניקולי s.p.a,IL,קלסברג בירה 500 מל,מיליליטרים,500.00,"100 מ""ל",false,1,9.90,1.9800,true,1,794
7290001594575,false,בירה טובורג פחית 500,מולינו ניקולי s.p.a,IL,"טובורג רד פחית 500 מ""ל",מיליליטרים,500.00,"100 מ""ל",false,1,9.90,1.9800,true,1,795
7290001594865,false,בירה קרלסברג מארז שי,קרלסברג ישראל,,"בירה קרלסברג מארז שישייה בקבוק 330 מ""ל",ליטרים,1.98,ליטר,false,1,36.90,18.6364,true,1,802
7290001670057,false,כפיות חד פעמי 100 יח,"איטיליאן פוד, אס.פי.",IL,הנמל כפיות לבן  100 יחידות,Unknown,0.00,Unknown,false,1,12.90,0.0000,true,1,17838
7290001670071,false,כפות חד פעמי 100 יחי,"איטיליאן פוד, אס.פי.",IL,הנמל כפות לבן 100 יחידות,Unknown,0.00,Unknown,false,1,15.90,0.0000,true,1,12949
7290001670408,false,להבונים בשקית 50 יחי,לחמנו,CN,נרות במעטפת מתכתית 50 יח`,Unknown,0.00,Unknown,false,1,12.90,0.0000,true,1,16027
7290001710548,false,כנפיים עוף קפוא לקג,לאטי עזרא,,כנפיים עוף קפוא לקג,קילוגרמים,1.00,"ק""ג",true,,12.90,12.9000,true,1,80795
7290001710661,false,חזה עוף קפוא,מעדני הטלה והעגל,,חזה עוף קפוא קג,קילוגרמים,1.00,"ק""ג",true,,34.90,34.9000,true,1,80796
7290001710869,false,"שניצל עוף קפוא לק""ג",לאטי עזרא,,"שניצל עוף קפוא לק""ג",קילוגרמים,1.00,"ק""ג",true,,47.00,47.0000,true,1,83162
7290001713242,false,עלמה שקיות אשפה 25 י,אסיר פלסט,TR,עלמה שקיות אשפה 25 יחידות 75 90 עם ידית,יחידה,25.00,יחידה,false,1,12.90,0.5160,true,1,139301
7290001713501,false,עלמה רדיד אלומיניום,קומפלקס כימיקלים,IL,עלמה רדיד אלומיניום עלמה עבה 45 סמ 50 מ,יחידה,1.00,יחידה,false,1,38.90,38.9000,true,1,139512
7290001713662,false,מרכך כביסה מרוכז בני,טרסאן,TR,מרכך כביסה מרוכז בניחוח בית מלון רויאל 1,ליטרים,1.00,ליטר,false,1,11.90,11.9000,true,1,139305
7290001713860,false,מרכך כביסה מרוכז בני,טרסאן,TR,מרכך כביסה מרוכז בניחוח בית מלון ספא 1 ל,ליטרים,1.00,ליטר,false,1,11.90,11.9000,true,1,139308
7290001713891,false,עלמה מיקרופייבר לניק,קומפלקס כימיקלים,CN,עלמה מיקרופייבר לניקוי שיש חמישייה,יחידה,5.00,יחידה,false,1,9.90,1.9800,true,1,139310
7290001713921,false,אקונומיקה מבושמת סנט,קומפלקס כימיקלים,IL,אקונומיקה מבושמת סנט מוריץ 4 ליטר,ליטרים,4.00,ליטר,false,1,11.90,2.9750,true,1,139312
7290001713938,false,עלמה ניילון נצמד 150,קומפלקס כימיקלים,IL,עלמה ניילון נצמד 150 מטר,מטרים,150.00,מטר,false,1,18.90,0.1260,true,1,139513
7290001780800,false,שלגון קראנץ ליבת נוג,נגה גלידות,,שלגון קראנץ ליבת נוגט,Unknown,0.00,Unknown,false,1,10.50,0.0000,true,1,22340
7290001791776,false,סנו די רולאון+אלוורה,קוסמופארם בעמ,IL,סנו די פלוס אלוורה כדורית 50 מל,מיליליטרים,50.00,"100 מ""ל",false,1,19.90,39.8000,true,1,41791
7290001817377,false,"חטיף צ""יטוס איקס עיג",הנסיך- מפעל לייצור ט,IL,ציטוס איקס עיגול 60 גר 40 יח,גרמים,60.00,100 גרם,false,1,3.50,5.8333,true,1,956
7290001817728,false,חטיף ציטוס כאפה,"שטראוס פריטו ליי בע""",IL,"חטיף צ""יטוס כאפה 55 גר",גרמים,55.00,100 גרם,false,1,3.50,6.3636,true,1,957
7290001873458,false,סטייק בורגר,מולינו ניקולי s.p.a,IL,סטייק בורגר black angus 320 גרם,גרמים,320.00,100 גרם,false,1,29.90,9.3437,true,1,124927
7290001902301,false,חלה מתוקה קלועה,"גידרון תעשיות בע""מ",,חלה מתוקה קלועה,גרמים,560.00,100 גרם,false,1,11.90,2.1250,true,1,15103
7290001990094,false,סוכר חום בצנצנת סוגת,האי נאם סי או אל.טי.,IL,"סוכר חום בצנצנת סוגת 1 ק""ג",קילוגרמים,1.00,"ק""ג",false,1,15.90,15.9000,true,1,16316
7290001990148,false,סוכר גולדן קלאסי סוג,האי נאם סי או אל.טי.,IL,סוכר גולדן קלאסי צנצנת 1 קג,קילוגרמים,1.00,"ק""ג",false,1,11.50,11.5000,true,1,16443
7290002007500,false,קסמים חבית 500 יחידו,"איטיליאן פוד, אס.פי.",IL,קסמים חבית 500 יחידות,לא מנהל יחידת מידה,0.00,לא מנהל יחידת מידה,false,1,4.90,0.0000,true,1,1188
7290002007852,false,תמצית אפיה וניל 55 מ,ממתקי עלה יצור ושיוו,IL,הנמל תמצית בטעם וניל 55 מל,מיליליטרים,55.00,"100 מ""ל",false,1,3.50,6.3636,true,1,1190
7290002007890,false,כוסות חד פעמי 100 יח,,IL,כוס שתיה קרה 100 יח,יחידה,100.00,יחידה,false,1,11.90,0.1190,true,1,1192
7290002007982,false,מזלגות חד פעמי 100 י,"איטיליאן פוד, אס.פי.",IL,"הנמל מזלגות, 100 יחידות",Unknown,0.00,Unknown,false,1,15.90,0.0000,true,1,12959
7290002008019,false,סוכריות לעוגה גמבו ש,ממתקי עלה יצור ושיוו,IL,הנמל סוכריות לקישוט שוקולד 200 גרם,גרמים,200.00,100 גרם,false,1,9.50,4.7500,true,1,28248
7290002008040,false,"שיפודי עץ 30 ס""מ",הנמל אריזות ושיווק ב,IL,הנמל שיפודי במבוק 100 יחידות,Unknown,0.00,Unknown,false,1,4.50,0.0000,true,1,1194
7290002008057,false,"תמצית אפיה רום 55 מ""",ממתקי עלה יצור שיווק,IL,הנמל תמצית אפייה בטעם רום 55 מל,מיליליטרים,55.00,"100 מ""ל",false,1,3.90,7.0909,true,1,1195
7290002008071,false,גביעי נייר מס 1.5 הנ,הנמל אריזות ושיווק ב,IL,הנמל עטרות נייר אפייה מספר 2 130 יחידות,לא מנהל יחידת מידה,0.00,לא מנהל יחידת מידה,false,1,4.90,0.0000,true,1,1196
7290002008187,false,קשים מתקפלים לשתיה 4,"איטיליאן פוד, אס.פי.",CN,קשים מתקפלים לשתיה 40 יח,לא מנהל יחידת מידה,0.00,לא מנהל יחידת מידה,false,1,1.90,0.0000,true,1,1199
7290002008224,false,סוכריות לקישוט צבעונ,ממתקי עלה בעמ,IL,הנמל סוכריות לקישוט צבעוני 100 גרם,גרמים,100.00,100 גרם,false,1,5.50,5.5000,true,1,1201
7290002008309,false,גביעי נייר מס 4 הנמל,"איטיליאן פוד, אס.פי.",IL,"הנמל עטרות נייר אפייה מספר 4 , 130 יח'",לא מנהל יחידת מידה,0.00,לא מנהל יחידת מידה,false,1,5.90,0.0000,true,1,1203
7290002008507,false,נייר אפיה הנמל 50 יח,"איטיליאן פוד, אס.פי.",IL,הנמל נייר אפייה 50 יח,לא מנהל יחידת מידה,0.00,לא מנהל יחידת מידה,false,1,10.90,0.0000,true,1,16445
7290002008743,false,סוכר וניל הנמל 1/10,"מיוצר וארוז ע""י: ר.ס",IL,הנמל סוכר וניל 10 יחידות,גרמים,100.00,100 גרם,false,1,3.00,3.0000,true,1,1210
7290002008750,false,אבקת אפיה הנמל  1/10,"מיוצר ע""י:ר.ס. חברה",IL,הנמל אבקת אפיה 10 יחידות,גרמים,100.00,100 גרם,false,1,2.90,2.9000,true,1,1211
7290002008774,false,שומשום הנמל 200 גרם,הנמל אריזות ושיווק ב,IL,הנמל שומשום 200 גרם,גרמים,200.00,100 גרם,false,1,6.50,3.2500,true,1,72304
7290002020189,false,מיני סופגניה עם מילו,"גידרון תעשיות בע""מ",,מיני סופגניה עם מילוי ריבה 40 גרם,גרמים,40.00,100 גרם,false,1,2.90,7.2500,true,1,49594
7290002020981,false,סופגניה מיני ללא ריב,"גידרון תעשיות בע""מ",,מיני סופגניה ללא ריבה כ 40 גר,גרמים,40.00,100 גרם,false,1,2.90,7.2500,true,1,59888
7290002057123,false,זיתים ירוקים מנזנילו,קדבורי,IL,זיתים ירוקים מנזנילו ללא גלעין 540 יבנה,גרמים,540.00,100 גרם,false,1,9.50,1.7593,true,1,1336
7290002057185,false,טבעות זיתים ירוקים 5,קדבורי,IL,טבעות זיתים ירוקים 540 גרם יבנה,גרמים,540.00,100 גרם,false,1,9.90,1.8333,true,1,1339
7290002057352,false,מלפפונים במלח גדול 7,קבוצת יבנה מוצרי מזו,IL,קבוצת יבנה מלפפונים גדולים במלח 560 גרם,גרמים,540.00,100 גרם,false,1,6.80,1.2593,true,1,1343
7290002057383,false,מלפפונים במלח קטן 18,קדבורי,IL,מלפפונים במלח קטן 18-25 540 גרם,גרמים,540.00,100 גרם,false,1,12.30,2.2778,true,1,1346
7290002057451,false,מלפפונים בחומץ גדול,אף.סי תבליני בגליל ב,IL,קבוצת יבנה מלפפונים גדולים בחומץ 7-9 גדול 560 גרם,גרמים,540.00,100 גרם,false,1,6.80,1.2593,true,1,1348
7290002057482,false,מלפפון בחומץA2 18-2,קדבורי,IL,מלפפון קטן בחומץ 18-25 יבנה 540גרם,גרמים,540.00,100 גרם,false,1,11.90,2.2037,true,1,15475
7290002057628,false,זיתים מושחרים טבעות,קדבורי,IL,"קבוצת יבנה, זיתים מושחרים טבעות",גרמים,540.00,100 גרם,false,1,9.90,1.8333,true,1,1350
7290002065555,false,לחמניות ארוכות 6 יח,"איטיליאן פוד, אס.פי.",IL,אנג'ל הלחמניה -450 גרם,גרמים,450.00,100 גרם,false,1,10.90,2.4222,true,1,1376
7290002065616,false,לחם שיפון גרעינים,מאפיית שלמה א. אנג'ל,IL,לחם שיפון גרעינים 750 גרם,גרמים,750.00,100 גרם,false,1,14.90,1.9867,true,1,56845
7290002128083,false,נרות חנוכה בקופסא 44,,,נרות חנוכה בקופסא 44 יחידות,יחידה,1.00,יחידה,false,1,5.90,5.9000,true,1,116093
7290002128205,false,נרות חנוכה לוקס,,,נרות חנוכה לוקס,יחידה,1.00,יחידה,false,1,11.90,11.9000,true,1,21029
7290002128335,false,כוסות שתייה חמה50 יח,טיי פרידה,CN,כוסות שתייה חמה50 יח OZ8,יחידה,1.00,יחידה,false,1,13.90,13.9000,true,1,125536
7290002128403,false,נרות שבת אורה מספר 4,מנורה,IL,נרות שבת אורה מספר 4,יחידה,1.00,יחידה,false,1,3.90,3.9000,true,1,109683
7290002128434,false,נרות שבת אורה מספר 1,מנורה,IL,נרות שבת אורה מספר 10,יחידה,1.00,יחידה,false,1,3.90,3.9000,true,1,66093
7290002130567,false,דבש דבורים טהור יד מ,תות תעשיות מזון (201,IL,דבש דבורים טהור יד מרדכי 350 גרם,גרמים,350.00,100 גרם,false,1,19.90,5.6857,true,1,1514
7290002130574,false,דבש דבורים טהור 500,תות תעשיות מזון (201,IL,דבש דבורים טהור 500 גרם,גרמים,500.00,100 גרם,false,1,26.60,5.3200,true,1,1515
7290002132011,false,עוגיות מזרחיות עבאדי,קריניציה ויטמינה אס,IL,"עבאדי עוגיות מזרחיות שומשום, 400 גרם",גרמים,400.00,100 גרם,false,1,19.90,4.9750,true,1,1518
7290002157953,false,נתחי טונה בהירה בשמן,דיאמנט פוד פרודקט,TH,ויליגר נתחי טונה בהירה בשמן קנולה 560 גרם,לא מנהל יחידת מידה,0.00,לא מנהל יחידת מידה,false,1,21.90,0.0000,true,1,124912
7290002253006,false,שום כתוש דורות בצנצנ,,IL,דורות שום כתוש טרי2 12*200גרם,גרמים,200.00,100 גרם,false,1,19.90,9.9500,true,1,1693
7290002253105,false,שום כתוש מגשית 80 גר,דורות,IL,שום כתוש מגשית 80 גרם,גרמים,80.00,100 גרם,false,1,12.90,16.1250,true,1,1694
7290002319061,false,קוקוס טחון מיה 100,מיה,IL,קוקוס טחון מיה 100  גרם,גרמים,100.00,100 גרם,false,1,3.90,3.9000,true,1,95013
7290002319375,false,קורנפלור מיה  200 גר,מיה,IL,קורנפלור מיה  200 גרם,גרמים,200.00,100 גרם,false,1,3.90,1.9500,true,1,140082
7290002319610,false,שקדים טחונים מיה 100,מיה,IL,שקדים טחונים מיה 100 גרם,גרמים,100.00,100 גרם,false,1,11.90,11.9000,true,1,140137
7290002319825,false,אבקת סוכר  מיה 100 ג,מיה,IL,אבקת סוכר  מיה 100 גרם,גרמים,100.00,100 גרם,false,1,2.50,2.5000,true,1,140140
7290002320487,false,מעדן משמש 100% פרי ל,בית יצחק,,בית יצחק מעדן משמש 100% ללס 284 גרם,גרמים,284.00,100 גרם,false,1,16.90,5.9507,true,1,16287
7290002331018,false,מים נביעות פקק רגיל,תות תעשיות מזון (201,IL,נביעות 500 פ.שטוח פיקדון,מיליליטרים,500.00,"100 מ""ל",false,1,3.90,0.7800,true,1,14375
7290002331025,false,מים נביעות ספורט בקב,נביעות טבע הגליל בעמ,IL,נביעות 500 TO GO פקדון,מיליליטרים,500.00,"100 מ""ל",false,1,3.90,0.7800,true,1,1841
7290002331155,false,מי נביעות + בטעם אפר,תות תעשיות מזון (201,IL,"נביעות + בטעם אפרסק 500 מ""ל",מיליליטרים,500.00,"100 מ""ל",false,1,8.90,1.7800,true,1,33900
7290002331360,false,מים נביעות TO GO  שי,נביעות,,"מים נביעות TO GO  שישייה בקבוק 500 מ""ל",ליטרים,3.00,ליטר,false,1,15.90,5.3000,true,1,1847
7290002331490,false,מים נביעות בקבוק 1 ל,תות תעשיות מזון (201,IL,נביעות 1 ליטר,ליטרים,1.00,ליטר,false,1,4.90,4.9000,true,1,95627
7290002331711,false,מי נביעות +בטעם ענבי,תות תעשיות מזון (201,IL,"נביעות + בטעם ענבים 500 מ""ל",מיליליטרים,500.00,"100 מ""ל",false,1,8.90,1.7800,true,1,43071
7290002345022,false,אנטריקוט דקדק,קרלו,IL,אל גאוצ'ו מינוט סטייק אנטריקוטדקדק 250 גרם,גרמים,250.00,100 גרם,false,1,26.90,10.7600,true,1,113863
7290002348061,false,פטריות חתוכות הודו ו,גריניארד פריפרד,NL,פטריות חתוכות ויליגר400גר,גרמים,400.00,100 גרם,false,1,5.90,1.4750,true,1,1879
7290002348139,false,ארטישוק תחתיות,האי נאם סי או אל.טי.,EG,ויליגר תחתיות ארטישוק במי מלח 390 גרם,גרמים,400.00,100 גרם,false,1,9.90,2.4750,true,1,1880
7290002348238,false,לפתן אננס חתוך850 גר,טיפקו,,לפתן אננס חתוך850 גר                   .,גרמים,850.00,100 גרם,false,1,8.70,1.0235,true,1,18674
7290002348245,false,לבבות דקל שלמים 400,האי נאם סי או אל.טי.,PE,ויליגר לבבות דקל שלמים 400 גרם,גרמים,400.00,100 גרם,false,1,10.90,2.7250,true,1,18675
7290002360285,false,תה פומפדור צמחים קמו,"איטיליאן פוד, אס.פי.",DE,פומפדור חליטת צמחים קמומיל 20 יחידות,גרמים,30.00,100 גרם,false,1,16.90,56.3333,true,1,1923
7290002371533,false,סלסולי פסטרמה דבש 12,הנסיך- מפעל לייצור ט,IL,סלסולי פסטרמה דבש 120 גרם,גרמים,120.00,100 גרם,false,1,15.90,13.2500,true,1,93275
7290002371939,false,סרוולד צרפתי 120 גרם,הנסיך- מפעל לייצור ט,IL,סרוולד צרפתי 120 גרם,גרמים,120.00,100 גרם,false,1,26.90,22.4167,true,1,47964
7290002410874,false,פרגיות ממולאות,לאטי עזרא גלם ודגים,,"פרגיות ממולאות לק""ג",קילוגרמים,1.00,"ק""ג",true,,54.90,54.9000,true,1,67968
7290002461180,false,כרעיים עוף ארוז,מעדני הטלה והעגל,,כרעיים עוף ארוז קג,קילוגרמים,1.00,"ק""ג",true,,32.90,32.9000,true,1,80797
7290002517269,false,פלפל שחור שלם 35 גרם,תות ממתקי איכות,IL,תבליני טעם וריח פלפל שחור שלם 35 גרם,גרמים,35.00,100 גרם,false,1,9.90,28.2857,true,1,42112
7290002517276,false,פלפל אנגלי שלם 25 גר,תות ממתקי איכות,IL,תבליני טעם וריח מיכל קטן פלפל אנגלי שלם 25 גרם,גרמים,25.00,100 גרם,false,1,6.90,27.6000,true,1,41758
7290002517337,false,תבלין אורגנו בשקית 2,תות ממתקי איכות,IL,תבליני טעם וריח 100% אורגנו 20 גרם,גרמים,20.00,100 גרם,false,1,5.90,29.5000,true,1,40205
7290002517375,false,תיבול בזילקום שקית,תות ממתקי איכות,IL,"תבליני טעם וריח, 100% בזיליקום (ריחן), 30 גרם",גרמים,30.00,100 גרם,false,1,5.90,19.6667,true,1,42114
7290002517726,false,מקלות קינמון 15 גרם,תות ממתקי איכות,IL,תבליני טעם וריח מקלות קינמון 100%,גרמים,15.00,100 גרם,false,1,6.90,46.0000,true,1,40785
7290002517825,false,פלפל לבן טחון 40 גרם,תות ממתקי איכות,IL,"תבליני טעם וריח, 100% פלפל לבן טחון, 40 גרם",גרמים,40.00,100 גרם,false,1,9.90,24.7500,true,1,40795
7290002517849,false,שום גבישי 50 גרם,תות ממתקי איכות,IL,תבליני טעם וריח מיכל קטן שום גבישי 50 גרם,גרמים,50.00,100 גרם,false,1,6.90,13.8000,true,1,40797
7290002517863,false,ציפורן טחון 40 גרם,תות ממתקי איכות,IL,"תבליני טעם וריח, ציפורן טחון 100%, 40 גרם",גרמים,40.00,100 גרם,false,1,9.90,24.7500,true,1,40799
7290002542506,false,בירה קורונה בקבוק 35,קריניציה ויטמינה אס,MX,בירה קורונה אקסטרה 355 מל,מיליליטרים,355.00,"100 מ""ל",false,1,10.90,3.0704,true,1,66881
7290002542513,false,מכשיר איוד עם מטען,קילו אי-לקווידס,CN,מכשיר איוד עם מטען,יחידה,5.00,יחידה,false,1,90.00,18.0000,true,1,121192
7290002542773,false,סטלה ארטואה - בק 330,סטלה,BE,סטלה ארטואה בק 330 מל,מיליליטרים,330.00,"100 מ""ל",false,1,9.90,3.0000,true,1,127721
7290002542780,false,סטלה ארטואה - שישיה,סטלה,BE,סטלה ארטואה שישיה  6 בק*330 מל,ליטרים,1.32,ליטר,false,1,39.90,30.2273,true,1,127722
7290002692478,false,שמן זית כתית מעולה מ,"מרקאולאו, ספרד.אבסה,",IT,"שמן זית כתית מעולה מעודן עץ הזית 750 מ""ל",מיליליטרים,750.00,"100 מ""ל",false,1,36.90,4.9200,true,1,32835
7290002692768,false,תרסיס שמן קנולה 200,קומפניה,IT,"תרסיס שמן קנולה 200 מ""ל עץ הזית",מיליליטרים,200.00,"100 מ""ל",false,1,15.90,7.9500,true,1,65816
7290002692782,false,תרסיס שמן זית 148 מל,קומפניה,IT,תרסיס שמן זית כ.מעולה,מיליליטרים,148.00,"100 מ""ל",false,1,15.90,10.7432,true,1,65817
7290002715528,false,תבשיל מגיק ירקות כוס,טאט הוי פוד בעמ,SG,ארוחת ירקות - בטעם ירקות,גרמים,70.00,100 גרם,false,1,5.00,7.1429,true,1,2246
7290002730354,false,תחבושות מקסי,CILAG GMBH INTERNATI,,תחבושות וניה מקסי 15 יחידות,Unknown,0.00,Unknown,false,1,23.70,0.0000,true,1,2282
7290002730538,false,פדים להסרת איפור,הנסיך- מפעל לייצור ט,GR,בלונס פדיות להסרת איפור 80 יחידות,לא מנהל יחידת מידה,0.00,לא מנהל יחידת מידה,false,1,10.80,0.0000,true,1,2284
7290002730668,false,משחת שיניים קולגייט,הנסיך- מפעל לייצור ט,BE,קולגייט טוטאל משחת שיניים קלין מינט  100 מל,מיליליטרים,100.00,"100 מ""ל",false,1,12.90,12.9000,true,1,2285
7290002730675,false,משחת שיניים קולגייט,קולגייט פלמוליב,PL,"משחת שיניים קולגייט אדומה 100 מ""ל",מיליליטרים,100.00,"100 מ""ל",false,1,9.90,9.9000,true,1,2286
7290002730941,false,צמר גפן פרוס,הנסיך- מפעל לייצור ט,GR,בלונס פסי צמר גפן 100 גרם,גרמים,100.00,100 גרם,false,1,5.80,5.8000,true,1,12264
7290002752349,false,סוכריות מנטוס מנטה ג,קדבורי,NL,גליל מנטוס סוכריות לעיסה בטעם מנטה,גרמים,38.00,100 גרם,false,1,3.90,10.2632,true,1,12176
7290002766056,false,עגבניות שרי תמר לב 5,רון שרי,IL,עגבניות שרי תמר לב 500 גרם,גרמים,500.00,100 גרם,false,1,7.90,1.5800,true,1,117928
7290002793311,false,שרות החלפה גז    60,סודה סטרים,,שרות החלפה מילוי גז                  60,יחידה,0.00,יחידה,false,1,59.00,0.0000,true,1,67402
7290002814016,false,מסיר שומנים 750 מל,קומפלקס כימיקלים,IL,מסיר שומנים 750 מל,מיליליטרים,750.00,"100 מ""ל",false,1,16.90,2.2533,true,1,2348
7290002814290,false,בלאנקו קצף אקונומיקה,קומפלקס כימיקלים,IL,בלאנקו קצף אקונומיקה מרוכז 7% חומר פעיל,ליטרים,1.00,ליטר,false,1,12.90,12.9000,true,1,139318
7290002814481,false,עלמה שקיות מזון 150,קומפלקס כימיקלים,IL,עלמה שקיות מזון 150 3,יחידה,1.00,יחידה,false,1,11.90,11.9000,true,1,139320
7290002814504,false,סנט מוריץ מגבונים לר,קומפלקס כימיקלים,IL,סנט מוריץ מגבונים לרצפה 10 יחידות  מלון,יחידה,1.00,יחידה,false,1,10.90,10.9000,true,1,139514
7290002814528,false,נוזל לניקוי אסלות 1,קומפלקס כימיקלים,IL,נוזל לניקוי אסלות 1 ליטר,ליטרים,1.00,ליטר,false,1,6.90,6.9000,true,1,2350
7290002814948,false,סנט מוריץ מגבוני דלי,קומפלקס כימיקלים,IL,סנט מוריץ מגבוני דלי לרצפה 50 יחידות,יחידה,50.00,יחידה,false,1,29.90,0.5980,true,1,139515
7290002814986,false,סנט מוריץ מגבונים לנ,קומפלקס כימיקלים,IL,סנט מוריץ מגבונים לניקוי כללי בדלי 400 י,יחידה,400.00,יחידה,false,1,21.90,0.0547,true,1,139516
7290002824183,false,גבינה סקי 5%  פיקוח,מיוצר עי קונדיטוריית,IL,סקי משפחתי 5%,גרמים,500.00,100 גרם,false,1,9.96,1.9920,true,1,2364
7290002824466,false,יוגורט דנונה 0% טבעי,"שטראוס בריאות בע""מ",IL,דנונה ביו  0% 200 גרם,גרמים,200.00,100 גרם,false,1,3.70,1.8500,true,1,2365
7290002824640,false,גבינה סקי 5% פיקוח 2,מיוצר עי קונדיטוריית,IL,סקי 5% 250 גרם,גרמים,250.00,100 גרם,false,1,4.98,1.9920,true,1,2367
7290002871248,false,בירה טובורג בקבוק חו,מולינו ניקולי s.p.a,IL,"טובורג מלא חוזר חדש 500 מ""ל",מיליליטרים,500.00,"100 מ""ל",false,1,9.50,1.9000,true,1,2431
7290002871361,false,בירה קרלסברג בקבוק ח,מבשלות בירה בינלאומי,IL,קלסברג בירה 500 מל,מיליליטרים,500.00,"100 מ""ל",false,1,9.50,1.9000,true,1,2432
7290002900566,false,פסטרמה ברביקיו דש,הנסיך- מפעל לייצור ט,IL,פסטרמה ברביקיו דל שומן טירת צבי 360 גרם,גרמים,360.00,100 גרם,false,1,30.90,8.5833,true,1,32843
7290002921349,false,דבק סופר גלו לוקטיט,הנקל,,דבק סופר גלו לוקטיט,גרמים,100.00,100 גרם,false,1,11.90,11.9000,true,1,2506
7290002929734,false,גפילטע פיש דלידג 570,דלידג,,"גפליטע פיש דלידג בד""ץ  560 גרם",גרמים,570.00,100 גרם,false,1,14.90,2.6140,true,1,109096
7290003009183,false,סירופ דיאט פריגת תפו,גת,IL,"סירופ דיאט פריגת תפוחים 750 מ""ל",מיליליטרים,750.00,"100 מ""ל",false,1,24.60,3.2800,true,1,31364
7290003009312,false,בוטנים קלויים קליית,הדקלאים אגודת שיתופי,IL,בוטן קלוי 200 גר' שק',גרמים,200.00,100 גרם,false,1,7.90,3.9500,true,1,12265
7290003009329,false,בוטנים אמריקאיים קלי,ששון ושות' (ש.ת. תעש,IL,בוטן אמריק'200 גר'שק (ב(24,גרמים,200.00,100 גרם,false,1,6.90,3.4500,true,1,12178
7290003009336,false,קבוקים מצופים קליית,קוד יצרן JG,IL,קבוקים 200 גר'שק'ב24,גרמים,200.00,100 גרם,false,1,6.90,3.4500,true,1,13873
7290003015474,false,מגבוני בייב כיף 1/4,מיוצר עי טרופיקל דגי,IL,בייבי כיף מארז 4 מגבוני בד בבישום עדין,Unknown,0.00,Unknown,false,1,22.70,0.0000,true,1,33776
7290003029181,false,שוקו יטבתה בקבוק 1 ל,מחלבת יטבתה,IL,שוקו 1 ליטר,ליטרים,1.00,ליטר,false,1,12.90,12.9000,true,1,2721
7290003029372,false,משקה חלב בננה יטבתה,מחלבת יטבתה,IL,בננה 1 ליטר,ליטרים,1.00,ליטר,false,1,12.90,12.9000,true,1,2725
7290003029389,false,משקה חלב בננה פקק ספ,,IL,"בננה פקק 250 מ""ל",מיליליטרים,250.00,"100 מ""ל",false,1,5.50,2.2000,true,1,2726
7290003029433,false,שוקו יטבתה פקק ספורט,,IL,"שוקו יטבתה פקק ספורטאים 250 מ""ל",מיליליטרים,250.00,"100 מ""ל",false,1,5.50,2.2000,true,1,2728
7290003029532,false,מוקה יטבתה בקבוק 1 ל,מחלבת יטבתה,IL,מוקה 1 ליטר,ליטרים,1.00,ליטר,false,1,12.90,12.9000,true,1,2730
7290003047642,false,תה ליפטון אנגלי 100,"יונילוור רוסייה בע""מ",RU,תה שחור יילו לייבל,גרמים,150.00,100 גרם,false,1,18.90,12.6000,true,1,2750
7290003055128,false,טישו פיור 100 יח,חיי נייר,IL,טישו פיור 100 יח,יחידה,1.00,יחידה,false,1,3.90,3.9000,true,1,123687
7290003060009,false,"קמח חיטה לבן 1 ק""ג ס",טחנות ישראל,,"קמח חיטה לבן 1 ק""ג סוגת",קילוגרמים,1.00,"ק""ג",false,1,5.90,5.9000,true,1,2794
7290003060023,false,"סולת חיטה 1 ק""ג טחנו",טחנות ישראל,,"סולת חיטה 1 ק""ג טחנות ישראליות",קילוגרמים,1.00,"ק""ג",false,1,5.70,5.7000,true,1,2795
7290003060047,false,קמח תופח טחנות ישראל,טחנות ישראליות,,"קמח תופח בשקית 1  ק""ג",קילוגרמים,1.00,"ק""ג",false,1,5.90,5.9000,true,1,24129
7290003060276,true,קמח בהיר מנופה,,,קמח בהיר מנופה,קילוגרמים,1.00,"ק""ג",false,1,8.90,8.9000,true,1,127900
7290003072859,false,רוסטביף 120 גרם,הנסיך- מפעל לייצור ט,IL,טירת צבי דלקטיב רוסטביף 120 גרם,מיליליטרים,120.00,"100 מ""ל",false,1,26.90,22.4167,true,1,123842
7290003143146,false,ממרח תמרים 450 קלית,הדקלאים אגודת שיתופי,IL,ממרח תמרים 450 קלית גת,גרמים,450.00,100 גרם,false,1,6.50,1.4444,true,1,91446
7290003144310,false,תערובת אגוזים וחמוצי,J&G PECANS,IL,תע'אגוזים וחמוציות 150 גר,גרמים,150.00,100 גרם,false,1,19.90,13.2667,true,1,114248
7290003145751,false,אגוזי קשיו קלויים קל,הדקלאים אגודת שיתופי,IL,"קליית גת אגוזי קלויים, 200 גרם",גרמים,200.00,100 גרם,false,1,19.90,9.9500,true,1,50461
7290003185726,false,קבב מזרחי 500 גרם  ט,טיבון ויל אחזקות בעמ,IL,קבב מזרחי 500 גרם,גרמים,500.00,100 גרם,false,1,19.90,3.9800,true,1,2917
7290003220533,false,רוטב WOK צילי מתוק 7,THAI COCONUT CO,,"רוטב WOK צילי מתוק 700 מ""ל",מיליליטרים,700.00,"100 מ""ל",false,1,13.90,1.9857,true,1,68447
7290003220700,false,מחצלת לסושי WOK,קוסומאי במבוק,,מחצלת לסושי WOK,לא מנהל יחידת מידה,0.00,לא מנהל יחידת מידה,false,1,6.90,0.0000,true,1,85730
7290003220717,false,אצות נורי סילוור 10,JAEWON GLOBAL NET,,אצות נורי סילוור 10 דפים 25 גרם,גרמים,25.00,100 גרם,false,1,11.90,47.6000,true,1,77592
7290003220724,false,צופ-סטיקס חד פעמי 20,קוסומאי במבוק,,צופ-סטיקס חד פעמי 20 זוגות,Unknown,0.00,Unknown,false,1,6.90,0.0000,true,1,85731
7290003229109,false,פסטרמה בפפריקה,הנסיך- מפעל לייצור ט,IL,פסטרמה בפפריקה טירת צבי 400 גרם,גרמים,400.00,100 גרם,false,1,30.90,7.7250,true,1,3006
7290003229116,false,פסטרמה בדבש 400 גרם,הנסיך- מפעל לייצור ט,IL,פסטרמה בדבש טירת צבי 400 גרם,גרמים,400.00,100 גרם,false,1,30.90,7.7250,true,1,3007
7290003229123,false,פסטרמה על גחלים 400,הנסיך- מפעל לייצור ט,IL,פסטרמה על גחלים טירת צבי 400 גרם,גרמים,400.00,100 גרם,false,1,30.90,7.7250,true,1,3008
7290003229154,false,נקניק סלמי קוניאק מו,הנסיך- מפעל לייצור ט,IL,נקניק סלמי קוניאק מובחר טירת צבי 300 גרם,גרמים,300.00,100 גרם,false,1,31.90,10.6333,true,1,3010
7290003229192,false,כתף בקר מעושן טירת צ,טיב טירת צבי 2000,IL,"טירת צבי, פסטרמה כתף בקר מעושנת  400 גרם",גרמים,400.00,100 גרם,false,1,34.90,8.7250,true,1,3011
7290003260102,false,נייר טואלט משי,שניר תעשיות,,נייר טואלט משי קומפקט 12 יח,מטרים,70700.00,מטר,false,1,37.90,0.0005,true,1,49633
7290003321155,false,דנונה בר דגנים פקאן,"שטראוס בריאות בע""מ",IL,דנונה בר פקאן,גרמים,175.00,100 גרם,false,1,4.80,2.7429,true,1,3115
7290003387205,false,דאודורנט ספיד סטיק י,קולגייט פלמוליב,US,דאודורנט ספיד סטיק רגולר 56.6 גרם,גרמים,70.00,100 גרם,false,1,21.90,31.2857,true,1,3171
7290003400500,false,שוקולד ריזס קרמל עם,הרשי,,שוקולד ריזס קרמל עם בוטנים 47 גרם,גרמים,47.00,100 גרם,false,1,4.90,10.4255,true,1,93669
7290003401369,false,קרם לחות לשיער חוחוב,מיוצר עי אמיליה קוסמ,IL,קרם לחות קלאסי חוחובה,מיליליטרים,400.00,"100 מ""ל",false,1,21.70,5.4250,true,1,3186
7290003402809,false,שוקולד ריזס לבן 39 ג,,,שוקולד ריזס לבן 39 ג,גרמים,39.00,100 גרם,false,1,4.90,12.5641,true,1,126839
7290003411313,false,מפת שולחן רב פעמית 1,שיווק: הנמל אריזות ו,IL,הנמל מפת שולחן אל בד 180X120 סמ,Unknown,0.00,Unknown,false,1,5.90,0.0000,true,1,18770
7290003411689,false,ליפתניות חד פעמי  25,"איטיליאן פוד, אס.פי.",IL,הנמל ליפתניות  25 יחידות,יחידה,1.00,יחידה,false,1,4.90,4.9000,true,1,12987
7290003411696,false,מרקיות חד פעמי הנמל,,IL,הנמל מרקיות לבן 25 יחידות,יחידה,0.00,יחידה,false,1,10.90,0.0000,true,1,12988
7290003411726,false,קסמים מלחיה 300 יחיד,"איטיליאן פוד, אס.פי.",IL,קסמים מלחיה 300 יחידות,לא מנהל יחידת מידה,0.00,לא מנהל יחידת מידה,false,1,4.90,0.0000,true,1,16614
7290003411993,false,גפרורים הנמל 10 יחיד,"איטיליאן פוד, אס.פי.",SE,הנמל גפרורים 10 יחידות,לא מנהל יחידת מידה,0.00,לא מנהל יחידת מידה,false,1,3.90,0.0000,true,1,24228
7290003414406,false,הרשי שבבי אפיה בוטני,,,הרשי שבבי אפיה בוטנים,גרמים,283.00,100 גרם,false,1,17.90,6.3251,true,1,104667
7290003423909,false,שוקולד הרשיז קוקיז א,הרשי,,שוקולד הרשיז קוקיז אנד קרים 43 גרם,גרמים,43.00,100 גרם,false,1,4.90,11.3953,true,1,110383
7290003427154,false,שמן זית זיתא כתית מע,זיתא,IL,"זיתא שמן זית כתית מעולה, טעם מעודן 750 מל",מיליליטרים,750.00,"100 מ""ל",false,1,34.90,4.6533,true,1,16224
7290003438006,false,ממרח פסטו וצנובר אול,אוליביה גורמה (1996),IL,ממרח פסטו וצנובר אוליביה 180 גרם,גרמים,180.00,100 גרם,false,1,13.90,7.7222,true,1,3225
7290003438020,false,ממרח עגבניות מיובשות,מיוצר עי קונדיטוריית,IL,ממרח עגבניות מיובשות אוליביה 190 גרם,גרמים,190.00,100 גרם,false,1,13.90,7.3158,true,1,3227
7290003444009,false,שוקולד ריזס חלב 42 ג,הרשי,,שוקולד ריזס חלב 42 גרם,גרמים,42.00,100 גרם,false,1,4.90,11.6667,true,1,110384
7290003457991,false,טילון קורנטו קלאסיקו,,IL,טילון קורנטו קלאסיקו משפחתי 6 יחידות,גרמים,418.00,100 גרם,false,1,42.90,10.2632,true,1,3286
7290003514007,false,שקדי מרק מנה 400 גרם,מנה,IL,מנה שקדי מרק 400 גרם,גרמים,400.00,100 גרם,false,1,10.80,2.7000,true,1,87823
7290003521760,false,"אפטרסול ג""ל אלוורה 2",הדקלאים אגודת שיתופי,IL,"אפטרסול ג""ל אלוורה 200 מ""ל",מיליליטרים,200.00,"100 מ""ל",false,1,19.90,9.9500,true,1,13681
7290003550753,false,טונה בשמן פוסידון מא,ויליגר,IL,טונה בשמן פוסידון מארז רביעייה 432 גרם,גרמים,432.00,100 גרם,false,1,23.90,5.5324,true,1,99513
7290003578153,false,טונה בשמן צמחי וילי,גולדן פרייז קאנינג א,TH,וילי פוד נתחי טונה בשמן צמחי 160 גרם,גרמים,160.00,100 גרם,false,1,5.90,3.6875,true,1,3404
7290003643004,false,אורז בסמטי קלאסי סוג,"סוגת תעשיות בע""מ",IL,"אורז בסמטי קלאסי 1 ק""ג",קילוגרמים,1.00,"ק""ג",false,1,14.90,14.9000,true,1,3478
7290003643127,false,אבקת אפיה סוגת 1/10,גוד פוד פרודקטס S.p,IL,אבקת אפיה סוגת 10 גרם,Unknown,0.00,Unknown,false,1,3.00,0.0000,true,1,104857
7290003643158,false,קורנפלור סוגת,המאפיה של הרמן,IL,סוגת קורנפלור 200 גרם,גרמים,200.00,100 גרם,false,1,4.50,2.2500,true,1,3479
7290003643387,false,סוכר לבן בצנצנת פלסט,"סוגת תעשיות בע""מ",IL,"סוכר 1 ק""ג בצנצנת",קילוגרמים,1.00,"ק""ג",false,1,10.50,10.5000,true,1,3482
7290003643707,false,גריסים 500 גרם סוגת,סוגת,IL,גריסים 500 גרם סוגת,גרמים,500.00,100 גרם,false,1,5.90,1.1800,true,1,118654
7290003643714,false,חומוס סוגת 500 גרם,"סוגת תעשיות בע""מ",IL,חומוס 500 גרם,גרמים,500.00,100 גרם,false,1,8.90,1.7800,true,1,41841
7290003643745,false,כוסמת סוגת 500 גרם,"סוגת תעשיות בע""מ",IL,כוסמת 500 גרם,גרמים,500.00,100 גרם,false,1,8.90,1.7800,true,1,73051
7290003643776,false,פופקורן סוגת 500 גרם,"סוגת תעשיות בע""מ",IL,פופקורן 500 גרם,גרמים,500.00,100 גרם,false,1,6.50,1.3000,true,1,41840
7290003643783,false,קוקוס סוגת 100 גרם,"סוגת תעשיות בע""מ",IL,קוקוס 100 גרם,גרמים,100.00,100 גרם,false,1,4.20,4.2000,true,1,30068
7290003643806,false,שעועית לבנה סוגת 500,"סוגת תעשיות בע""מ",IL,שעועית לבנה 500 גרם,גרמים,500.00,100 גרם,false,1,12.90,2.5800,true,1,38757
7290003643813,false,שעועית אדומה סוגת 50,"סוגת תעשיות בע""מ",IL,שעועית אדומה סוגת 500 גרם,גרמים,500.00,100 גרם,false,1,12.90,2.5800,true,1,41843
7290003681532,false,דובדבנים מסוכרים מיה,מיה,IL,דובדבנים מסוכרים מיה 80 גרם,גרמים,80.00,100 גרם,false,1,7.90,9.8750,true,1,140143
7290003775012,false,משקפי שמש GREEN,,,משקפי שמש GREEN,יחידה,1.00,יחידה,false,1,59.90,59.9000,true,1,120763
7290003775040,false,משקפי שמש BLACK,,,משקפי שמש BLACK,יחידה,1.00,יחידה,false,1,59.90,59.9000,true,1,114955
7290003805587,false,פתית חיטה מלאה 250 ג,יוניליוור ישראל מזון,IL,פתיתי חיטה מלאה קרקר פריך עם חיטה מלאה,גרמים,250.00,100 גרם,false,1,18.20,7.2800,true,1,68242
7290003806591,false,דאודורנט ספריי דאב מ,ארנסט. רחוב קומבינצק,RU,דאב דאודורנט ספריי מלפפון ותה ירוק 150 מל,מיליליטרים,150.00,"100 מ""ל",false,1,17.90,11.9333,true,1,109363
7290004011284,false,בסיס להכנת קצפת,האי נאם סי או אל.טי.,US,בסיס להכנת קצפת על בסיס צמחי ללא כולסטרול,מיליליטרים,212.00,"100 מ""ל",false,1,9.20,4.3396,true,1,61935
7290004011338,false,קצפת ריץ חלבי במיכל,האי נאם סי או אל.טי.,IT,קצפת ריץ חלבי במיכל 250 גרם,גרמים,250.00,100 גרם,false,1,14.90,5.9600,true,1,64747
7290004011345,false,קצפת ריץ פרווה במיכל,האי נאם סי או אל.טי.,IT,קצפת ריץ פרווה במיכל 250 גרם,גרמים,250.00,100 גרם,false,1,14.90,5.9600,true,1,78334
7290004011796,false,"קבבונים אל גאוצ""ו",קרלו,IL,אל גאוצו קבבונים  400 גרם,גרמים,400.00,100 גרם,false,1,23.90,5.9750,true,1,67524
7290004011819,false,המבורגר ריב אנטריקוט,האי נאם סי או אל.טי.,IL,אל גאוצו המבורגר ריב אנטריקוט 360 גרם,גרמים,360.00,100 גרם,false,1,23.90,6.6389,true,1,81058
7290004063016,false,מלח שולחן מעולה דק 1,האי נאם סי או אל.טי.,IL,מלח שולחן,קילוגרמים,1.00,"ק""ג",false,1,2.07,2.0700,true,1,4199
7290004063115,false,"מלח בישול 1 ק""ג פיקו",האי נאם סי או אל.טי.,IL,מלח מטבח,קילוגרמים,1.00,"ק""ג",false,1,2.07,2.0700,true,1,4200
7290004064082,false,מטחנה מלח ים טבעי  2,חברת מלח הארץ אילת ב,IL,מטחנת מלח ים 250 גרם,גרמים,250.00,100 גרם,false,1,13.90,5.5600,true,1,109519
7290004078225,false,מי פה פלאקס ירוק,קולגייט- פלמוליב,PL,"מי פה פלאקס ירוק 500 מ""ל",מיליליטרים,500.00,"100 מ""ל",false,1,31.90,6.3800,true,1,4205
7290004091255,false,וזלין פטרוליום גל,"יוניליוור ארה""ב, ג'ו",US,וזלין  ג'ל פטרוליום 100% טהור 212 גרם,מיליליטרים,212.00,"100 מ""ל",false,1,22.90,10.8019,true,1,58743
7290004120566,false,גבינה בולגרית פיראוס,תנובה,IL,פיראוס בולגרית 24% שומן 250 גרם,גרמים,250.00,100 גרם,false,1,23.90,9.5600,true,1,4238
7290004120573,false,גבינה בולגרית פיראוס,תנובה,IL,גבינה בולגרית מלוחה 16% שומן,גרמים,250.00,100 גרם,false,1,23.90,9.5600,true,1,4239
7290004120634,false,גבינה בולגרית פיראוס,פ.פ.ח. שאביט,IL,פיראוס גבינה בולגרית 5% שומן,גרמים,250.00,100 גרם,false,1,23.90,9.5600,true,1,4240
7290004121754,false,יוגורט יופלה 3% עוגת,תנובה בעמ,IL,יופלה יוגורט עוגת גבינה ותות %3 150 גרם,גרמים,150.00,100 גרם,false,1,4.90,3.2667,true,1,4251
7290004121853,false,גבינה בולגרית קוביות,תנובה,IL,פירוס בולגרית קוביות 5% 200 גרם,גרמים,200.00,100 גרם,false,1,21.90,10.9500,true,1,4253
7290004122119,false,השף הלבן פתיתי גבע פ,תנובה,IL,תנובה השף הלבן פתיתי גבע פרמזן 23% שומן,גרמים,100.00,100 גרם,false,1,12.90,12.9000,true,1,16046
7290004122195,false,גבינה קשה גוש חלב פר,תנובה,IL,גוש חלב פרוסות גבינה צהובה חצי קשה 28% שומן מהדרין,גרמים,200.00,100 גרם,false,1,14.50,7.2500,true,1,15601
7290004122270,false,גבינה עמק פרוס פתיחה,תנובה,IL,עמק קלאסית פרוסות גבינה חצי קשה 28% 200 גרם,גרמים,200.00,100 גרם,false,1,15.90,7.9500,true,1,4254
7290004122348,false,גבינה קשה עמק לייט 9,תנובה,IL,עמק גבינה צהובה חצי קשה 9% מופחתת שומן,גרמים,200.00,100 גרם,false,1,16.80,8.4000,true,1,4256
7290004125370,false,שמנת 9%  תנובה 200 מ,פ.פ.ח. שאביט,IL,תנובה שמנת חמוצה מופחתת שומן,מיליליטרים,200.00,"100 מ""ל",false,1,3.70,1.8500,true,1,4275
7290004125400,false,"שלי אשל פיקוח 200 מ""",פארייפאבה אגרואינדוס,IL,תנובה אשל לבן 4.5% שומן,מיליליטרים,200.00,"100 מ""ל",false,1,1.69,0.8450,true,1,4276
7290004125417,false,"שלי גיל פיקוח 200 מ""",פ.פ.ח. שאביט,IL,תנובה גיל לבן 3% 206 גרם,מיליליטרים,200.00,"100 מ""ל",false,1,1.51,0.7550,true,1,4277
7290004125455,false,שמנת 15% תנובה פיקוח,תנובה,IL,שמנת אורגינל 15% שומן 200 מל,מיליליטרים,200.00,"100 מ""ל",false,1,2.40,1.2000,true,1,4278
7290004125509,false,שמנת תנובה 15% חצי מ,תנובה,IL,תנובה שמנת 15% חצי מנה 100 מל,מיליליטרים,100.00,"100 מ""ל",false,1,1.70,1.7000,true,1,4279
7290004125578,false,משקה סויה מועשר בסיד,סוי מג'יק,IL,משקה סויה מועשר בסידן 1 ליטר,ליטרים,1.00,ליטר,false,1,11.50,11.5000,true,1,4280
7290004125585,false,משקה סויה על הבוקר ו,סוי מג'יק,IL,משקה סויה על הבוקר וניל 1 ליטר,ליטרים,1.00,ליטר,false,1,10.90,10.9000,true,1,4281
7290004125721,false,שמנת לבישול 15%  250,תנובה,IL,"השף הלבן שמנת לבישול ,שמנת עמידה לבישול 15% 250 מל",מיליליטרים,250.00,"100 מ""ל",false,1,8.30,3.3200,true,1,4283
7290004125738,false,שמנת להקצפה 32%  250,תנובה,IL,"שמנת להקצפה 32%  250 מ""ל",מיליליטרים,250.00,"100 מ""ל",false,1,6.90,2.7600,true,1,4284
7290004125776,false,גבינה קשה עמק 28% פר,כצט,IL,עמק פרוס 28% 400 גרם בקופסא,גרמים,400.00,100 גרם,false,1,29.90,7.4750,true,1,33293
7290004126872,false,שוקו תנובה בקבוק 250,תנובה,IL,"שוקו תנובה בקבוק 250 מ""ל",מיליליטרים,250.00,"100 מ""ל",false,1,5.90,2.3600,true,1,35041
7290004127329,false,קוטג 5% תנובה 250 גר,מחלבת אלון תבור,IL,קוטג 5% תנובה 250 גרם,גרמים,250.00,100 גרם,false,1,5.70,2.2800,true,1,4296
7290004127336,false,קוטג 9% תנובה 250 גר,מחלבת אלון תבור,IL,קוטג 9% תנובה 250 גרם,גרמים,250.00,100 גרם,false,1,5.70,2.2800,true,1,4297
7290004127800,false,גבינה למריחה 5% פיקו,מחלבת אלון תבור,IL,גבינה למריחה 5% פיקוח 500 גרם,גרמים,500.00,100 גרם,false,1,9.96,1.9920,true,1,4306
7290004127817,false,גבינה למריחה     9%,מחלבת אלון תבור,IL,גבינה למריחה 500 9% גרם,גרמים,500.00,100 גרם,false,1,9.50,1.9000,true,1,4307
7290004127862,false,גבינה למריחה     5%,מחלבת אלון תבור,IL,גבינה למריחה 750 5% גרם,גרמים,750.00,100 גרם,false,1,14.94,1.9920,true,1,4308
7290004128333,false,גבינת לאבנה,תנובה,IL,פיראוס גבינת לאבנה אסלית 9% שומן,גרמים,500.00,100 גרם,false,1,19.90,3.9800,true,1,14567
7290004129156,false,גבינת שמנת נפוליאון,מחלבת אלון תבור,IL,גבינת שמנת נפוליאון שום שמיר 225 גרם,גרמים,225.00,100 גרם,false,1,13.90,6.1778,true,1,4323
7290004129545,false,גבינה לבנה 3% תנובה,מחלבת אלון תבור,IL,גבינה לבנה 3% תנובה 250 גרם,גרמים,250.00,100 גרם,false,1,4.80,1.9200,true,1,4325
7290004130794,false,משקה סויה מועשר מופח,סוי מג'יק,IL,משקה סויה מועשר מופחת מתיקות 1 ליטר,ליטרים,1.00,ליטר,false,1,11.50,11.5000,true,1,14143
7290004131074,false,חלב 3% קרטון מהדרין,תנובה,IL,חלב 3% קרטון מהדרין פיקוח 1 ליטר,ליטרים,1.00,ליטר,false,1,6.23,6.2300,true,1,4336
7290004131456,false,יוגורט יופלה 1.5% לב,מחלבת אלון תבור,IL,יופלה לבן 1.5% גביע 200 גרם,גרמים,200.00,100 גרם,false,1,3.80,1.9000,true,1,20842
7290004132552,false,משקה סויה דיאט 1 ליט,סוי מג'יק,IL,משקה סויה דיאט 1 ליטר,ליטרים,1.00,ליטר,false,1,10.90,10.9000,true,1,25059
7290004136154,false,משקה אייס קפה תנובה,מחלבת רחובות,IL,"משקה אייס קפה תנובה בקבוק 340 מ""ל",מיליליטרים,340.00,"100 מ""ל",false,1,6.90,2.0294,true,1,47377
7290004136598,false,מארז הפסקת אוכל חלב,"תנובה, מחלבת טנא נוג",IL,מארז הפסקת אוכל חלב+דגנים,לא מנהל יחידת מידה,0.00,לא מנהל יחידת מידה,false,1,9.30,0.0000,true,1,45074
7290004137311,false,גבינה עמק 9% לייט 40,תנובה,IL,עמק גבינה צהובה חצי קשה 9% שומן,גרמים,400.00,100 גרם,false,1,30.50,7.6250,true,1,47588
7290004137809,false,גבינת לאבנה פיראוס 5,"תנובה, מחלבת אלון תב",IL,פיראוס לאבנה אסלית 5% שומן 250 גרם,גרמים,250.00,100 גרם,false,1,13.20,5.2800,true,1,48173
7290004200930,false,"זיקוק זוג 15 ס""מ בשק",F.T.I,,זיקוק זוג 15 סמ בשקית,יחידה,1.00,יחידה,false,1,6.80,6.8000,true,1,90131
7290004255428,false,נר נשמה מנורה בפחית,מנורה,IL,נר נשמה מנורה בפחית  24 שעות,יחידה,1.00,יחידה,false,1,2.50,2.5000,true,1,124899
7290004256371,false,גבינת ריץ פרוסה 400,כלורוקס אוקלנד,PL,גבינה צהובה פרוסה על בסיס חלב,גרמים,400.00,100 גרם,false,1,18.90,4.7250,true,1,121652
7290004532574,false,גרעיני חמניה הטיב 20,"גיי אנג גי פקאנס בע""",IL,גרעיני חמניה הטיב 200 גרם,גרמים,200.00,100 גרם,false,1,6.50,3.2500,true,1,12191
7290004584351,false,גבינה במרקם שמנת סימ,"שטראוס בריאות בע""מ",IL,סימפוניה החמישית,גרמים,200.00,100 גרם,false,1,11.90,5.9500,true,1,4761
7290004584528,false,יוגורט דנונה ביו 1.7,מיוצר עי קונדיטוריית,IL,דנונה ביו  1.7% 200 גרם,גרמים,200.00,100 גרם,false,1,3.70,1.8500,true,1,4762
7290004731083,false,אלסבון כיף גנסנג,קוסמופארם בע''מ,IL,כיף 1 ליטר ג'נסינג,ליטרים,1.00,ליטר,false,1,15.90,15.9000,true,1,23965
7290004731120,false,קרם ידיים קרמה לעור,קוסמופארם,IL,קרמה קרם ידיים מזין לעור רגיל,מיליליטרים,100.00,"100 מ""ל",false,1,9.90,9.9000,true,1,28268
7290004731410,false,כרית קרצוף סנו סושי,סנו,,כרית קרצוף סנו סושי ירוק שלישייה,יחידה,0.00,יחידה,false,1,9.90,0.0000,true,1,24104
7290004872069,false,קרחון לימון,המאפיה של הרמן,IL,שלגון קרח לימון,Unknown,0.00,Unknown,false,1,2.90,0.0000,true,1,12284
7290004872229,false,שלגון שוקו מצופה,תות תעשיות מזון (201,IL,שלגון שוקו מצופה,Unknown,0.00,Unknown,false,1,5.90,0.0000,true,1,13214
7290004872243,false,שלגון בננה מצופה,תות תעשיות מזון (201,IL,שלגון בננה מצופה,Unknown,0.00,Unknown,false,1,5.90,0.0000,true,1,12196
7290004872250,false,שלגון אבטיח קיץ,תות תעשיות מזון (201,IL,שלגון אבטיח קיץ,Unknown,0.00,Unknown,false,1,6.90,0.0000,true,1,12197
7290004872359,false,קרחון דובדבן,המאפיה של הרמן,IL,שלגון קרח דובדבן,Unknown,0.00,Unknown,false,1,2.90,0.0000,true,1,12198
7290004914479,false,מפיץ ריח  לבית סאנרי,סאנרייז,,מפיץ ריח  לבית סאנרייז,Unknown,0.00,Unknown,false,1,9.00,0.0000,true,1,106469
7290005020162,false,ויסקי בלנטיין בקבוק,פרנו,,וויסקי סקוטי בלנטייס פיינסט,מיליליטרים,700.00,"100 מ""ל",false,1,99.90,14.2714,true,1,41161
7290005095382,false,מוצרי שנטי,"ייוו יופין קנדל בע""מ",,מוצרי שנטי,Unknown,0.00,Unknown,false,1,13.70,0.0000,true,1,47455
7290005174575,false,סלט טחינה יום יום 12,מיוצר עי קונדיטוריית,IL,סלט טחינה יום יום 125 גרם,גרמים,125.00,100 גרם,false,1,4.90,3.9200,true,1,5450
7290005200786,false,תפוציפס טעם שמנת ובצ,"שטראוס פריטו ליי בע""",IL,תפו שמנת בצל 50 גר 48 יח - שמיטה,גרמים,50.00,100 גרם,false,1,3.90,7.8000,true,1,5486
7290005201882,false,קפה טורקי 200 גרם,הנסיך- מפעל לייצור ט,IL,קפה טורקי 200 גרם,גרמים,200.00,100 גרם,false,1,15.90,7.9500,true,1,5525
7290005287510,false,טונה סטארקיסט פלפל ח,כלורוקס אוקלנד,TH,ס.ק עם פלפל חריף 160 גרם,גרמים,160.00,100 גרם,false,1,8.90,5.5625,true,1,46267
7290005287534,false,טונה בשמן בעישון סטא,כלורוקס אוקלנד,TH,סטארקיסט טונה בשמן בטעם מעושן,גרמים,160.00,100 גרם,false,1,8.90,5.5625,true,1,46269
7290005381027,false,פלסטר און F 100 שקוף,פארמה פלסט,EG,פלסטר און F 100 שקוף,לא מנהל יחידת מידה,0.00,לא מנהל יחידת מידה,false,1,9.90,0.0000,true,1,136648
7290005384851,false,"מיץ לימון 200 מ""ל",יורופוד,IT,"מיץ לימון 200 מ""ל",מיליליטרים,200.00,"100 מ""ל",false,1,5.90,2.9500,true,1,20737
7290005418709,false,פרו בוט.ק.לחות+הזנה,מיוצר עי אמיליה קוסמ,IL,"קרם לחות במרקם ג""ל לקיבוע          GO C",מיליליטרים,400.00,"100 מ""ל",false,1,22.90,5.7250,true,1,5884
7290005418716,false,לחות לבניית תלתלים,מיוצר עי אמיליה קוסמ,IL,נטורל לחות מעצבת לבניית תלתלים עגולים 400 מל,מיליליטרים,400.00,"100 מ""ל",false,1,22.90,5.7250,true,1,5885
7290005423086,false,מטהר אוויר סנו מוד פ,סנו מפעלי ברונוס בעמ,IL,סנו מוד פרדייס בושם לבית 150 מל,מיליליטרים,150.00,"100 מ""ל",false,1,12.90,8.6000,true,1,114746
7290005423253,false,מרסס למייבש כביסה מק,"סנו מפעלי ברונוס בע""",IL,"מרסס למייבש כביסה מקסימה כחול 750 מ""ל",מיליליטרים,750.00,"100 מ""ל",false,1,18.90,2.5200,true,1,5897
7290005423369,false,סנו די קידס תחליב דו,טרופיקל דגיל תעשיות,IL,סנו די תחליב דוחה יתושים 100 מל,מיליליטרים,100.00,"100 מ""ל",false,1,19.90,19.9000,true,1,124665
7290005423499,false,ספריי לניקוי משטחי נ,סנו מפעלי ברונוס בעמ,IL,נירוסטה - לניקוי והברקה של משטחי נירוסטה,מיליליטרים,500.00,"100 מ""ל",false,1,21.70,4.3400,true,1,5902
7290005423734,false,מרכך כביסה מקסימה או,סאנו,IL,מרכך 4 ליטר,ליטרים,4.00,ליטר,false,1,22.90,5.7250,true,1,5909
7290005423918,false,מ.כביסה מקסימה בייבי,סאנו,IL,מרכך 4 ליטר,ליטרים,4.00,ליטר,false,1,22.90,5.7250,true,1,13019
7290005425646,false,סנוקליר חלונות 1 ליט,"סנו מפעלי ברונוס בע""",IL,סנוקליר חלונות 1 ליטר,ליטרים,1.00,ליטר,false,1,11.90,11.9000,true,1,5934
7290005427107,false,מגבת נייר סנו סושי 6,סנו מפעלי ברונוס בעמ,IL,"סנו סושי 6 מגבות הפלא, 700 גרם",מטרים,6350.00,מטר,false,1,12.90,0.0020,true,1,16841
7290005427565,false,שמפו כיף לשיער רגיל,קוסמופארם,,"שמפו כיף לשיער רגיל 750 מ""ל",מיליליטרים,750.00,"100 מ""ל",false,1,12.90,1.7200,true,1,13889
7290005428845,false,סנו סופט מפיות 100 י,,,סנו סופט מפיות 100 יח צבעוני,מיליליטרים,750.00,"100 מ""ל",false,1,9.90,1.3200,true,1,107010
7290005428982,false,בייבי כיף קרם גוף לת,קוסמופארם,,בייבי כיף קרם גוף לתינוק500 מל,מיליליטרים,500.00,"100 מ""ל",false,1,24.70,4.9400,true,1,5973
7290005430602,false,"מסיר כתמים אוקסיג""ן",סנו,IL,"מסיר כתמים אוקסיג""ן מרסס 750 מ""ל",מיליליטרים,750.00,"100 מ""ל",false,1,18.90,2.5200,true,1,5979
7290005431883,false,מלבי חלבי 165 גרם,לחמנו,IL,עדן מלבי 165 גרם,גרמים,165.00,100 גרם,false,1,6.90,4.1818,true,1,123831
7290005559907,false,פיצה משפחתית גבינה מ,מיוצר עי קונדיטוריית,IL,פיצה משפחתית גבינה מעדנות 500גרם,גרמים,500.00,100 גרם,false,1,25.90,5.1800,true,1,6145
7290005559914,false,פיצה משפחתית זיתים,"מעדנות בע""מ",IL,פיצה משפחתית זיתים 550 גרם,גרמים,550.00,100 גרם,false,1,25.90,4.7091,true,1,6146
7290005559990,false,בצק פילאס תורכי 600,"מעדנות בע""מ",IL,בצק פילאס תורכי 600 גרם,גרמים,600.00,100 גרם,false,1,22.90,3.8167,true,1,6150
7290005591761,false,דבש פרחי בר בקבוק לח,תות תעשיות מזון (201,IL,דבש טהור לחיץ 400 גרם,גרמים,400.00,100 גרם,false,1,24.90,6.2250,true,1,6164
7290005719998,false,תערובת להכנת מאפינס,פילסברי,IL,תערובת להכנת מאפינס פלסברי 335גרם,גרמים,335.00,100 גרם,false,1,17.90,5.3433,true,1,136002
7290005803628,false,קרחון מלון - צבע מאכ,המאפיה של הרמן,IL,נסטלה קרחון מלון בדצ 48*80גרם,Unknown,0.00,Unknown,false,1,2.90,0.0000,true,1,12287
7290005838002,false,מעדן דניאלה גבינה ונ,"שטראוס בריאות בע""מ",IL,דניאלה וניל,גרמים,88.00,100 גרם,false,1,4.40,5.0000,true,1,6451
7290005839078,false,מארז דנונה ביו 1.200,מיוצר עי קונדיטוריית,IL,מארז 8 חסכון - ביו 3% 150 גרם,קילוגרמים,1.20,"ק""ג",false,1,17.60,14.6667,true,1,6459
7290005839108,false,גבינה במרקם שמנת סימ,"שטראוס בריאות בע""מ",IL,סימפוניה 5% עם זתים,גרמים,200.00,100 גרם,false,1,11.90,5.9500,true,1,6461
7290005839313,false,מילקי טופ מגולגלת 14,מיוצר עי קונדיטוריית,IL,מילקי טופ מגולגלת 140 גרם,גרמים,140.00,100 גרם,false,1,4.90,3.5000,true,1,6463
7290005896439,false,בירה מכבי בקבוק חוזר,"איי, בי, אינבוו",IL,"בירה מכבי, בקבוק חוזר 500 מ''ל",מיליליטרים,500.00,"100 מ""ל",false,1,6.90,1.3800,true,1,83662
7290005896453,false,בירה מכבי 7.9% בקבוק,פארייפאבה אגרואינדוס,IL,"בירה מכבי 7.9%, בירה חזקה, בקבוק חוזר 500 מ''ל",מיליליטרים,500.00,"100 מ""ל",false,1,7.90,1.5800,true,1,110601
7290005938238,false,"צ""ימצ""ורי 220 גרם",כלורוקס אוקלנד,IL,פרסקו צ'ימיצ'ורי ממרח בסגנון ארגנטינאי 220 גרם,גרמים,220.00,100 גרם,false,1,17.50,7.9545,true,1,25259
7290005938627,false,פרסקו ממרח עגבניות,כלורוקס אוקלנד,IL,פרסקו ממרח עגבניות מיובשות 220 גרם,גרמים,220.00,100 גרם,false,1,19.90,9.0455,true,1,68359
7290005951022,false,דלעת ארוזה,חקלאי,IL,דלעת ארוזה,לא מנהל יחידת מידה,0.00,לא מנהל יחידת מידה,false,1,17.90,0.0000,true,1,128145
7290006251275,false,תה ירוק סיני קלאסי 2,HIQ FOOD PRODUCTS,IL,תה ירוק סיני T.T,גרמים,37.00,100 גרם,false,1,25.90,70.0000,true,1,6944
7290006251343,false,חליטת תה פסיפלורה מנ,HIQ FOOD PRODUCTS,IL,"מנגו-פסיפלורה ""הגן הקסום""",גרמים,62.00,100 גרם,false,1,19.90,32.0968,true,1,6947
7290006251374,false,תה ירוק לימונית וגינ,HIQ FOOD PRODUCTS,IL,תה ירוק לימונית וג'ינג'ר T.T,גרמים,37.00,100 גרם,false,1,25.90,70.0000,true,1,14199
7290006271174,false,גחנון לאפיה מעדנות 7,מיוצר עי קונדיטוריית,IL,גחנון לאפיה מעדנות 700 גרם,גרמים,700.00,100 גרם,false,1,19.90,2.8429,true,1,6966
7290006271181,false,גחנון אפוי 750 גרם,"מעדנות בע""מ",IL,"ג""חנון אפוי 750 גרם מעדנות",גרמים,750.00,100 גרם,false,1,26.90,3.5867,true,1,6967
7290006272072,false,חטיפי פיצה מעדנות 65,"מעדנות בע""מ",IL,חטיפי פיצה מעדנות 650 גרם,גרמים,650.00,100 גרם,false,1,34.90,5.3692,true,1,117297
7290006342072,false,גרעין שחור קלוי 150ג,דין שיווק,IL,גרעין לבן 200גרם,גרמים,200.00,100 גרם,false,1,10.90,5.4500,true,1,135915
7290006374738,false,קונפיטורה תות 340 גר,אף.סי תבליני בגליל ב,IL,קונפיטורה תות 340 גרם יד מרדכי,גרמים,340.00,100 גרם,false,1,14.90,4.3824,true,1,15269
7290006451170,false,שנייק פיצה מחיר לקג-,"גידרון תעשיות בע""מ",IL,שנייק פיצה מחיר לקג-גידרון,קילוגרמים,1.00,"ק""ג",true,,39.90,39.9000,true,1,135957
7290006498052,false,יוגורט  3% מהדרין,שטראוס גרופ,,יוגורט 150 3% גרם מהדרין,גרמים,150.00,100 גרם,false,1,3.10,2.0667,true,1,7145
7290006567048,false,פתיתי קוסקוס 350 גרם,"מיוצר ע""י קוד יצרן K",IL,אסם פתיתי קוסקוס ישראלי 12*350גרם,גרמים,350.00,100 גרם,false,1,7.90,2.2571,true,1,20696
7290006653819,false,קוסקוס דק בשקית 350,"מיוצר ע""י קוד יצרן K",IL,אסם קוסקוס דק 12*350גרם,גרמים,350.00,100 גרם,false,1,7.90,2.2571,true,1,16064
7290006660596,false,קמח עדשים אדומות דגש,אף.סי תבליני בגליל ב,IL,דוכן גן שמואל קמח אורז מלא 500 גרם,גרמים,500.00,100 גרם,false,1,20.90,4.1800,true,1,119123
7290006664655,false,משקה יוגורט אקטימל מ,מיוצר עי קונדיטוריית,IL,אקטימל לבן שמינייה,מיליליטרים,864.00,"100 מ""ל",false,1,20.90,2.4190,true,1,20423
7290006681003,false,גלידה סורבה תות לימו,,IL,גלידה קרמיסימו סורבה שרבט תות לימון 1.33 ל',ליטרים,1.33,ליטר,false,1,26.90,20.2256,true,1,7403
7290006681065,false,שלגון טעמקור  XL,שטראוס גלידות,,שלגון טעמקור  XL,גרמים,75.00,100 גרם,false,1,9.90,13.2000,true,1,15275
7290006681553,false,קרמבו וניל מארז 8 יח,"גלידת שטראוס בע""מ",IL,"שטראוס קרמבו 80 מ""ל",גרמים,200.00,100 גרם,false,1,15.90,7.9500,true,1,20687
7290006703323,false,שוקיים עוף קפוא,מעדני הטלה,,שוקיים עוף קפוא,קילוגרמים,1.00,"ק""ג",true,,34.90,34.9000,true,1,80812
7290006764072,false,בירה גולדסטאר בקבוק,"טמפו משקאות בע""מ",IL,"בירה גולדסטאר בקבוק חוזר 500 מ""ל",מיליליטרים,500.00,"100 מ""ל",false,1,7.90,1.5800,true,1,7475
7290006764157,false,גולדסטאר לא מסונן בק,פארייפאבה אגרואינדוס,IL,"בירה גולדסטאר Unfiltered, בקבוק חוזר 500 מ""ל",מיליליטרים,500.00,"100 מ""ל",false,1,8.50,1.7000,true,1,120479
7290006764478,false,בירה שחורה מאלט בקבו,"איי, בי, אינבוו",IL,"בירה נשר מאלט, בקבוק זכוכית 330 מל",Unknown,0.00,Unknown,false,1,4.90,0.0000,true,1,15961
7290006765765,false,פפאיה מסוכרת,"דין שיווק וקליה בע""מ",,פפאיה מסוכרת 200 גרם,גרמים,200.00,100 גרם,false,1,12.90,6.4500,false,1,7487
7290006775016,false,עוגת תפוז 450גרם,אחדות ביחר לטחינה חל,IL,אחוה עוגה בטעם תפוז 450 גרם,גרמים,450.00,100 גרם,false,1,10.90,2.4222,true,1,108432
7290006775030,false,עוגת שוקולד ציפס 450,אחדות בעמ,IL,אחווה עוגת שוקולד צ'יפס 450 גרם,גרמים,450.00,100 גרם,false,1,10.90,2.4222,true,1,64231
7290006775344,false,עוגת שמרים קינמון 40,אחדות בעמ,IL,עוגת שמרים קינמון 400 גרם,גרמים,400.00,100 גרם,false,1,10.90,2.7250,true,1,58915
7290006775764,false,עוגת שוקולד ציפס,אחדות ביחר לטחינה חל,IL,עוגת שוקולד ציפס ללא סוכר          400,גרמים,400.00,100 גרם,false,1,13.90,3.4750,true,1,58916
7290006784032,false,עלמה כרית יפנית  ללא,קומפלקס כימיקלים,IL,עלמה כרית יפנית  ללא שריטות 6 יחידות,יחידה,6.00,יחידה,false,1,7.90,1.3167,true,1,139339
7290006784186,false,עלמה כפפות ניטריל שח,קומפלקס כימיקלים,CN,עלמה כפפות ניטריל שחור ללא אבקה L,יחידה,1.00,יחידה,false,1,21.90,21.9000,true,1,139342
7290006784360,false,חלונית נוזל רב תכלתי,קומפלקס כימיקלים,IL,חלונית נוזל רב תכלתי 1 ליטר,ליטרים,1.00,ליטר,false,1,6.90,6.9000,true,1,112482
7290006784407,false,מבשם כביסה בניחוח בי,טרסאן,TR,מבשם כביסה בניחוח בית מלון בוטיק 500 מל,מיליליטרים,500.00,"100 מ""ל",false,1,13.90,2.7800,true,1,139346
7290006784438,false,מרכך כביסה פיור מרוכ,טרסאן,TR,מרכך כביסה פיור מרוכז לבן 1 ליטר,ליטרים,1.00,ליטר,false,1,11.90,11.9000,true,1,139349
7290006784575,false,fashion loouy מילוי,סורה קוסמטיקס,TR,fashion loouy מילוי מכשיר אוויר 250 מל,מיליליטרים,250.00,"100 מ""ל",false,1,13.90,5.5600,true,1,139353
7290006788009,false,שמפו 10 לשיער רגיל,מיוצר עי : אמיליה קו,IL,קרליין  10 שמפו  קלאסי לשיער רגיל  700 מל,מיליליטרים,700.00,"100 מ""ל",false,1,12.90,1.8429,true,1,7496
7290006788061,false,מרכך 10 לשיער רגיל,מיוצר עי : אמיליה קו,IL,קרליין 10 - מרכך לשיער רגיל 700 מל,מיליליטרים,700.00,"100 מ""ל",false,1,12.90,1.8429,true,1,7502
7290006788436,false,דאו.רול און ורוד מס5,משווק: קוסמופארם בעמ,IL,קרליין דיאודורנט נושם+ רול און וורוד PURE 75 מל,גרמים,119.00,100 גרם,false,1,13.90,11.6807,true,1,16817
7290006788450,false,דאו תרסיס סנסטיב,מיוצר עי : אמיליה קו,IL,דאו תרסיס סנסטיב,מיליליטרים,200.00,"100 מ""ל",false,1,13.90,6.9500,true,1,16819
7290006789617,false,קרליין 10 קרם לחות,מיוצר עי : אמיליה קו,IL,"קרליין 10 -קרם לחות לשיער גלי עד מתולתל 400 מ""ל",מיליליטרים,400.00,"100 מ""ל",false,1,17.70,4.4250,true,1,14638
7290006895387,false,שניצל אמיתי כשר לפסח,תנובה גליל שותפות מו,IL,"שניצל אמיתי ביתי כשל""פ 700 גרם מאמא עוף",גרמים,700.00,100 גרם,false,1,43.90,6.2714,true,1,51953
7290006983176,false,לחמית עם שיפון,"אסם השקעות בע""מ",IL,לחמית שיפון 10*230גרם,גרמים,230.00,100 גרם,false,1,10.90,4.7391,true,1,7743
7290006983763,false,עוגת הבית שוקולד 400,מיוצר עי קונדיטוריית,IL,הבית עוגת שוקולד 8*400גרם,גרמים,400.00,100 גרם,false,1,15.90,3.9750,true,1,12601
7290006983770,false,עוגת הבית שיש,מיוצר עי קונדיטוריית,IL,הבית עוגת שיש 8*400גרם,גרמים,400.00,100 גרם,false,1,15.90,3.9750,true,1,12771
7290007144729,false,בגט שלם גדרון א.ק,"גידרון תעשיות בע""מ",,בגט שלם גדרון א.ק,גרמים,330.00,100 גרם,false,1,5.90,1.7879,true,1,12206
7290008104050,false,לקטופיל פמינה לשטיפה,כצט נוביס סעמ,IL,פמינה תחליב רחצה אינטימי קלאסיק 220 מל,מיליליטרים,220.00,"100 מ""ל",false,1,21.90,9.9545,true,1,9925
7290008333115,false,גלטין טהור 28 גרם,יוליניבר,,ויליגר אבקת ג'לטין טהור 28 גרם,גרמים,28.00,100 גרם,false,1,10.90,38.9286,true,1,10138
7290008409124,false,שניצל גונגל מאמא עוף,תנובה גליל שותפות מו,IL,שניצל גונגל מאמא עוף 700 גרם,גרמים,700.00,100 גרם,false,1,38.90,5.5571,true,1,25193
7290008409216,false,שניצל דק דק פריך,תנובה גליל,IL,מאמא עוף שניצל דק פריך 700 גרם,גרמים,700.00,100 גרם,false,1,44.90,6.4143,true,1,55546
7290008409223,false,שניצל דק דק מתובל,תנובה גליל שותפות מו,IL,שניצל דק דק מתובל 700 גרם,גרמים,700.00,100 גרם,false,1,44.90,6.4143,true,1,58366
7290008409407,false,"שניצל דק בציפוי צ""יפ",תנובה גליל שותפות מו,IL,"שניצל דק בציפוי צ""יפס 700 גרם",גרמים,700.00,100 גרם,false,1,44.90,6.4143,true,1,69590
7290008409582,false,שניצל אמיתי ביתי מאמ,תנובה גליל שותפות מו,IL,שניצל אמיתי ביתי מאמא עוף  700 גרם,גרמים,700.00,100 גרם,false,1,44.90,6.4143,true,1,10202
7290008462204,false,חרדל דיזון מיילי מקו,יוליניבר,FR,חרדל דיזון מיילי מקורי 380 גרם,גרמים,380.00,100 גרם,false,1,15.90,4.1842,true,1,16305
7290008462259,false,חרדל דיזון חריף מייל,כצט,FR,חרדל דיזון חריף מיילי גרגירים 380 גר,גרמים,380.00,100 גרם,false,1,16.90,4.4474,true,1,70509
7290008464024,false,בירה גולדסטאר לא מסו,"איי, בי, אינבוו",IL,"בירה גולדסטאר לא מסונן פחית 500 מ""ל",מיליליטרים,500.00,"100 מ""ל",false,1,9.90,1.9800,true,1,94791
7290008464130,false,בירה גולדסטאר ל.מסונ,טמפו,,בירה גולדסטאר ל.מסונן שישייה בקבוק 330 מ,ליטרים,1.98,ליטר,false,1,39.90,20.1515,true,1,88147
7290008464208,false,בירה מכבי 7.9% בקבוק,פארייפאבה אגרואינדוס,IL,"בירה מכבי 7.9%, בירה חזקה, בקבוק 330 מ''ל",מיליליטרים,330.00,"100 מ""ל",false,1,8.90,2.6970,true,1,99605
7290008464338,false,בירה מכבי בקבוק 330,בירה מכבי,IL,בירה מכבי בקבוק 330 מל לאגר בהירה,מיליליטרים,330.00,"100 מ""ל",false,1,7.90,2.3939,true,1,10326
7290008464345,false,בירה גולדסטאר בקבוק,פארייפאבה אגרואינדוס,IL,"בירה גולדסטאר, בקבוק 330 מ''ל",מיליליטרים,330.00,"100 מ""ל",false,1,7.90,2.3939,true,1,10327
7290008464468,false,בירה גולדסטאר פחית 5,פארייפאבה אגרואינדוס,IL,"בירה גולדסטאר, פחית 500 מ""ל",מיליליטרים,500.00,"100 מ""ל",false,1,8.90,1.7800,true,1,10330
7290008464475,false,בירה מכבי פחית 500 מ,"איי, בי, אינבוו",IL,"בירה מכבי, פחית 500 מ""ל",מיליליטרים,500.00,"100 מ""ל",false,1,8.90,1.7800,true,1,10331
7290008464505,false,מים מינרלים סן בנדטו,פארייפאבה אגרואינדוס,IT,"מים מינרלים סן בנדטו  500 מ""ל",מיליליטרים,500.00,"100 מ""ל",false,1,4.20,0.8400,true,1,12294
7290008464604,false,בירה הייניקן פחית 50,טמפו משקאות בע''מ,NL,"בירה היינקן, פחית 500 מ""ל",מיליליטרים,500.00,"100 מ""ל",false,1,13.90,2.7800,true,1,12217
7290008464611,false,"מי סודה טמפו 275 מ""ל","איי, בי, אינבוו",IL,"הסודה של טמפו, מי סודה בגיזוז חזק, 275 מל",מיליליטרים,275.00,"100 מ""ל",false,1,3.90,1.4182,true,1,117513
7290008464741,false,בירה גולדסטאר שישייה,טמפו,,"בירה גולדסטאר שישייה בקבוק 330 מ""ל",ליטרים,1.98,ליטר,false,1,36.90,18.6364,true,1,10335
7290008500005,false,תערובת להכנת בראוניז,פילסברי,IL,תערובת להכנת בראוניז פלסברי ללג 415גרם,גרמים,415.00,100 גרם,false,1,20.90,5.0361,true,1,136004
7290008634045,false,פלסטר לילדים סאני 30,,,פלסטר לילדים סאני 30 יחידות,יחידה,1.00,יחידה,false,1,6.90,6.9000,true,1,90356
7290008636933,false,אגוזי מלך גרוסים מיה,מיה,IL,אגוזי מלך גרוסים מיה 100  גרם,גרמים,100.00,100 גרם,false,1,11.90,11.9000,true,1,140159
7290008644112,false,סלט מטבוחה יום יום 1,"שטראוס גרופ בע""מ",IL,סלט מטבוחה יום יום 125 גרם,גרמים,125.00,100 גרם,false,1,5.50,4.4000,true,1,10400
7290008645935,false,חומוס אחלה 750 גרם,"שטראוס גרופ בע""מ",IL,חומוס 750 אחלה,גרמים,750.00,100 גרם,false,1,10.90,1.4533,true,1,24225
7290008693134,false,מעדן דניאלה גבינה תו,"שטראוס בריאות בע""מ",IL,דניאלה תות,גרמים,88.00,100 גרם,false,1,4.40,5.0000,true,1,10495
7290008745239,false,תפוציפס קראנץ,"שטראוס פריטו ליי בע""",IL,תפו קראנצ טבעי 50 גר 48 יח - שמיטה,גרמים,50.00,100 גרם,false,1,3.90,7.8000,true,1,10590
7290008753111,false,תפוציפס קראנץ מקסיקנ,"שטראוס פריטו ליי בע""",IL,תפו קראנצ מקסיקני 50 גר 48 יח- שמיטה,גרמים,50.00,100 גרם,false,1,3.90,7.8000,true,1,10655
7290008775816,false,ערגליות שוקו 300 גרם,מיוצר עי קונדיטוריית,IL,ערגליות שוקולד 6*300גרם,גרמים,300.00,100 גרם,false,1,10.90,3.6333,true,1,10704
7290008775823,false,ערגליות תות 300 גרם,מיוצר עי קונדיטוריית,IL,ערגליות תות שדה 6*300גרם,גרמים,300.00,100 גרם,false,1,10.90,3.6333,true,1,10705
7290008806305,false,שלגון פצפצים,"מיוצר ע"" גלידת שטראו",IL,שלגון פצפצים תות בננה עם סוכרי,גרמים,97.00,100 גרם,false,1,6.90,7.1134,true,1,10796
7290008806985,false,גלידונית קרמיסימו 1/,שטראוס גלידות,,גלידונית קרמיסימו 1/60  630 גרם פרווה,גרמים,630.00,100 גרם,false,1,41.90,6.6508,true,1,10803
7290008909761,false,בירה קרלסברג בקבוק,מולינו ניקולי s.p.a,IL,"קרלסברג בק 330 מ""ל פקדון",מיליליטרים,330.00,"100 מ""ל",false,1,9.50,2.8788,true,1,46697
7290008909853,false,קוקה קולה זירו,פארייפאבה אגרואינדוס,IL,"קולה ZERO בקבוק 500 מ""ל",מיליליטרים,500.00,"100 מ""ל",false,1,7.50,1.5000,true,1,47188
7290008945172,false,גלילונית אשפה,"קינג באג בע""מ",TH,שקיות אשפה עם שרוך,Unknown,0.00,Unknown,false,1,16.90,0.0000,true,1,10960
7290009398113,false,חלה מתוקה,"גידרון תעשיות בע""מ",,חלה מתוקה                            ח א,גרמים,560.00,100 גרם,false,1,11.90,2.1250,true,1,25103
7290010116980,false,שוקולית שקית,הנסיך- מפעל לייצור ט,IL,שוקולית 850 גרם 6 יח,גרמים,850.00,100 גרם,false,1,19.70,2.3176,true,1,15635
7290010117864,false,דוריטוס חריף אש 70 ג,שטראוס פריטו ליי  בע,IL,דוריטוס חריף אש 70 גרם,גרמים,70.00,100 גרם,false,1,3.90,5.5714,true,1,93755
7290010117970,false,בוטנים אמריקאים סבבה,"שטראוס פריטו ליי בע""",IL,בוטנים אמריקאים סבבה 50 גרם,גרמים,50.00,100 גרם,false,1,2.90,5.8000,true,1,48912
7290010154012,false,לימון כבוש בלאדי 250,המאפיה של הרמן,IL,לימון כבוש בלאדי 250 גרם,גרמים,250.00,100 גרם,false,1,16.00,6.4000,true,1,7940
7290010154036,false,עמבה 250 גרם,המאפיה של הרמן,IL,ביטון יוחאי המקורי עמבה סלט מנגו וחילבה 250 גרם,גרמים,250.00,100 גרם,false,1,14.90,5.9600,true,1,23950
7290010154265,false,"פלפל צ""ומה 250 גרם",המאפיה של הרמן,IL,"פלפל צ""ומה 250 גרם",גרמים,250.00,100 גרם,false,1,14.90,5.9600,true,1,35501
7290010154678,false,אריסה מרוקאית 250 גר,המאפיה של הרמן,IL,אריסה מרוקאית 250 גרם,גרמים,250.00,100 גרם,false,1,14.90,5.9600,true,1,117034
7290010154685,false,שום כתוש 250 גרם,המאפיה של הרמן,IL,ביטון יוחאי המקורי סלט שום כתוש 250 גרם,גרמים,250.00,100 גרם,false,1,14.90,5.9600,true,1,117035
7290010163069,false,צנובר 100 גרם,אף.סי תבליני בגליל ב,IL,צנובר 100 גרם,גרמים,100.00,100 גרם,false,1,24.90,24.9000,true,1,37980
7290010199891,false,סטייל אלסבון תה אדום,דולפין ספא,TR,"תה אדום, סבון ארומטי",מיליליטרים,500.00,"100 מ""ל",false,1,7.90,1.5800,true,1,67151
7290010237531,false,פפסי קולה בקבוק 500,סנו מפעלי ברונוס.,IL,פפסי 500 מל בקבוק,מיליליטרים,500.00,"100 מ""ל",false,1,5.50,1.1000,true,1,24616
7290010237562,false,"מירינדה בקבוק 500 מ""","טמפו משקאות בע""מ",IL,מירינדה 500 בקבוק 24 יח',מיליליטרים,500.00,"100 מ""ל",false,1,5.50,1.1000,true,1,56241
7290010237579,false,סבן אפ          500,"איי, בי, אינבוו",IL,סבן אפ 500 בקבוק,מיליליטרים,500.00,"100 מ""ל",false,1,5.50,1.1000,true,1,24618
7290010237685,false,בירה הייניקן בקבוק,טמפו משקאות בע''מ,IL,"בירה היינקן, בקבוק 330 מ''ל",מיליליטרים,330.00,"100 מ""ל",false,1,9.90,3.0000,true,1,24300
7290010237890,false,בירה הייניקן בקבוק ח,טמפו משקאות בע''מ,IL,"בירה היינקן, בקבוק חוזר 500 מ""ל",מיליליטרים,500.00,"100 מ""ל",false,1,8.90,1.7800,true,1,24339
7290010328093,false,ממרח חלבה  אחווה,אחדות בית חרושת לטחי,IL,אחוה ממרח חלוה  400 גרם,גרמים,400.00,100 גרם,false,1,12.90,3.2250,true,1,39004
7290010328253,false,טחינה גולמית אחווה,"אחדות ביח""ר בעמ",IL,אחוה טחינה גולמית 500 גרם בפלסטיק,גרמים,500.00,100 גרם,false,1,14.90,2.9800,true,1,71883
7290010378500,false,נקה 7 סופטקר שמפו,אמיליה קוסמטיקס,,נקה 7 סופטקר שמפו אל דמע,ליטרים,1.00,ליטר,false,1,16.90,16.9000,true,1,24646
7290010471669,false,דנונה בר תות קורנפלק,"שטראוס בריאות בע""מ",IL,דנונה בר תות קורנפלקס,גרמים,175.00,100 גרם,false,1,4.80,2.7429,true,1,21942
7290010627004,false,טחינה ירושלים 500 גר,"בראשית ירושלים בע""מ",IL,טחינה ירושלים 500 גרם,גרמים,500.00,100 גרם,false,1,15.90,3.1800,true,1,113329
7290010791545,false,מזון חתולים דליקטס פ,"הייקיו, תאילנד",TH,לה קט דליקטס פטה כבד עוף 85גרם,גרמים,85.00,100 גרם,false,1,5.90,6.9412,true,1,38962
7290010791552,false,מזון חתולים דליקטס נ,"הייקיו, תאילנד",TH,לה קט דליקטס טונה ברוטב 85 גרם,גרמים,85.00,100 גרם,false,1,5.90,6.9412,true,1,38963
7290010814251,false,שוקולד חלב,כרמית תעשיות ממתקים,IL,שלשות שוקולד חלב 85 גר*3 בלמינט * 18 בקרט בדצ,גרמים,225.00,100 גרם,false,1,13.90,6.1778,true,1,89487
7290010839865,false,רוטב רימונים,יושלם,TR,רוטב רימונים 320 גרם,מיליליטרים,320.00,"100 מ""ל",false,1,12.90,4.0313,true,1,61219
7290011017866,false,קוקה קולה פחית סליק,תות תעשיות מזון (201,IL,"סליק קוקה קולה 330 מ""ל מבצע",מיליליטרים,330.00,"100 מ""ל",false,1,5.90,1.7879,true,1,83631
7290011017873,false,קוקה קולה זירו פחית,תות תעשיות מזון (201,IL,"סליק קולה ZERO 330 מ""ל מבצע",מיליליטרים,330.00,"100 מ""ל",false,1,5.90,1.7879,true,1,83632
7290011018184,false,תה קר FUZE TEA אפרסק,מולינו ניקולי s.p.a,IL,FUZE tea אפרסק 0.5 ליטר,מיליליטרים,500.00,"100 מ""ל",false,1,8.50,1.7000,true,1,83283
7290011074173,false,מגבוני קליה TO GO רב,רקיט בנקיזר,IL,מגבונים להסרת כתמים וניש קליה 20 יחידות,Unknown,0.00,Unknown,false,1,22.40,0.0000,true,1,33666
7290011126452,false,חליטת תה צמחים קמומי,HIQ FOOD PRODUCTS,IL,"קמומיל ונענע ""הגן הקסוםC24 ?",גרמים,37.00,100 גרם,false,1,19.90,53.7838,true,1,46098
7290011126469,false,חליטת תה צמחים קמומי,HIQ FOOD PRODUCTS,IL,"קמומיל ודבש ""הגן הקסוםC24 ?",גרמים,37.00,100 גרם,false,1,19.90,53.7838,true,1,46099
7290011132019,false,גולדסטאר בלאק רוסט ב,טמפו,IL,"גולדסטאר בלאק רוסט בקבוק 330 מ""ל",מיליליטרים,330.00,"100 מ""ל",false,1,7.90,2.3939,true,1,138632
7290011133634,false,פפסי מקס פחית צרה 33,"טמפו משקאות בע""מ",IL,פפסי מקס פחית צרה 330 שישייה,ליטרים,1.98,ליטר,false,1,22.90,11.5657,true,1,126975
7290011148898,false,ברוקולי ארוז במגשית,חקלאי,IL,ברוקולי ארוז במגשית,לא מנהל יחידת מידה,0.00,לא מנהל יחידת מידה,false,1,9.90,0.0000,true,1,128078
7290011148935,false,מלפפון מיני ארוז,חקלאי,IL,מלפפון טעם ארוז,לא מנהל יחידת מידה,0.00,לא מנהל יחידת מידה,false,1,9.90,0.0000,true,1,103625
7290011153885,false,נייר אכיל ממותג,גילרוי,,נייר אכיל ממותג                       .,Unknown,0.00,Unknown,false,1,22.60,0.0000,true,1,38044
7290011194246,false,קוטג 5% סקי 250 גרם,מיוצר עי קונדיטוריית,IL,קוטג' 5% 250 גרם,גרמים,250.00,100 גרם,false,1,5.90,2.3600,true,1,32203
7290011215934,false,תערובת עוגת שוקולד,ג'נרל מילס,IL,"תערובת עוגת שוקולד  500 כשל""פ",גרמים,500.00,100 גרם,false,1,16.90,3.3800,true,1,138119
7290011223205,false,ריבת חלב ארגנטינאית,אשבל מזון פונקציונלי,IL,ריבת חלב ארגנטינאית דולקור 454 גרם,גרמים,454.00,100 גרם,false,1,17.90,3.9427,true,1,69556
7290011235055,false,בזיליקום,חקלאי,IL,בזיליקום,לא מנהל יחידת מידה,0.00,לא מנהל יחידת מידה,false,1,5.90,0.0000,true,1,55963
7290011378233,false,מאגדת חטיף חלבה וניל,רושדי תעשיות מזון בע,IL,בארכה בקטנה מגדת.ונל.לא סוכר כלפ12 7*18ג,גרמים,120.00,100 גרם,false,1,13.90,11.5833,true,1,91564
7290011435226,false,דבש מפרחי בר לחיץ 65,תות תעשיות מזון (201,IL,דבש לחיץ 650 גרם,גרמים,650.00,100 גרם,false,1,38.90,5.9846,true,1,57245
7290011438142,false,משקה אייס קפה יטבתה,,IL,"אייס קפה 350 מ""ל",מיליליטרים,350.00,"100 מ""ל",false,1,6.50,1.8571,true,1,41209
7290011501617,false,חמוציות ברכז תפוחים,אף.סי תבליני בגליל ב,IL,חמוציות ברכז תפוחים ללא סוכר 250 גרם,גרמים,250.00,100 גרם,false,1,16.90,6.7600,true,1,136680
7290011598211,false,מנקה כללי אנטיקאלק,סנו מפעלי ברונוס בעמ,IL,אנטי קאלק מרסס כללי רב שימושי  4 ב 1 700 מל,מיליליטרים,700.00,"100 מ""ל",false,1,19.90,2.8429,true,1,45724
7290011598372,false,מטלית רצפה מיקרופייב,N.S.,,מטלית רצפה מיקרופייבר,Unknown,0.00,Unknown,false,1,12.90,0.0000,true,1,42144
7290011723200,false,טחינת הר ברכה 500גרם,הר ברכה תעשיות,,טחינת הר ברכה 500גרם,גרמים,500.00,100 גרם,false,1,18.90,3.7800,true,1,92877
7290011765217,false,"ג""ל לניקוי ידיים100",גוד פוד פרודקטס S.p,IL,"סנו מדיק ג""ל לניקוי ידיים 100",מיליליטרים,100.00,"100 מ""ל",false,1,9.90,9.9000,true,1,46500
7290011765255,false,גל לניקוי ידיים,קוסמופארם,,"ג""ל לניקוי ידיים סנו מדיק           100",מיליליטרים,100.00,"100 מ""ל",false,1,9.90,9.9000,true,1,46552
7290011765446,false,משחת שיניים אורביטול,טרופיקל דגיל תעשיות,IL,משחת שיניים אורביטול בוב ספוג 70 גרם,גרמים,70.00,100 גרם,false,1,9.90,14.1429,true,1,42654
7290011765453,false,מברשת שיניים אורביטו,z.h. plastic,,מברשת שיניים אורביטול בוב ספוג,Unknown,0.00,Unknown,false,1,16.90,0.0000,true,1,71192
7290011870225,false,סוללות פוזיקום  4AAA,פוג'יקום,,סוללות פוזיקום  4AAA,יחידה,1.00,יחידה,false,1,9.90,9.9000,true,1,112095
7290011870249,false,סוללות פוזיקום 12AAA,פוג'יקום,,סוללות פוזיקום 12AAA,לא מנהל יחידת מידה,0.00,לא מנהל יחידת מידה,false,1,19.90,0.0000,true,1,112108
7290011870256,false,מארז 4 פוגיקום AA,פוג'יקום,,מארז 4 פוגיקום AA,יחידה,1.00,יחידה,false,1,9.90,9.9000,true,1,112094
7290011870720,false,סוללות פוזיקום  D,פוג'יקום,,סוללות פוזיקום  D,יחידה,1.00,יחידה,false,1,23.90,23.9000,true,1,66561
7290011870737,false,סוללות פוזיקום  C,פוג'יקום,,סוללות פוזיקום  C,יחידה,1.00,יחידה,false,1,21.90,21.9000,true,1,112104
7290011876609,false,שניצל דק כשלפ,תנובה גליל שותפות מו,IL,שניצל דק כשלפ,גרמים,700.00,100 גרם,false,1,43.90,6.2714,true,1,79778
7290011877842,false,אריזות ואקום לאחסון,יושלם,,"אריזות ואקום לאחסון 2 יח               """,לא מנהל יחידת מידה,0.00,לא מנהל יחידת מידה,false,1,25.90,0.0000,true,1,71998
7290011931162,false,סוכרלייט נוזלי 220גר,אף.סי תבליני בגליל ב,IL,ממתיק נוזלי על בסיס סוכרלוז,מיליליטרים,220.00,"100 מ""ל",false,1,32.90,14.9545,true,1,46591
7290011947781,false,זית ירוק קלמטה ללא ג,זיתא,IL,זית ירוק קלמטה ללא גלעין מיקס זיתא190גרם,גרמים,190.00,100 גרם,false,1,13.90,7.3158,true,1,127114
7290011964658,false,מלח לימון,תות ממתקי איכות,IL,תבליני טעם וריח מלח לימון 100% 170 גרם,גרמים,170.00,100 גרם,false,1,9.90,5.8235,true,1,56984
7290011996222,false,חלב קוקוס אסיה 400 מ,פוקולוקו,,"חלב קוקוס אסיה 400 מ""ל",מיליליטרים,400.00,"100 מ""ל",false,1,5.90,1.4750,true,1,55870
7290012019258,false,מחית תפוחי עץ רביעיי,Cherry growers inc,,מחית תפוחי עץ רביעייה 452 גרם,גרמים,452.00,100 גרם,false,1,12.90,2.8540,true,1,83639
7290012019265,false,מחית תפוחי עץ דיאט ר,Cherry growers inc,,מחית תפוחי עץ דיאט רביעייה 452 גרם,גרמים,452.00,100 גרם,false,1,12.90,2.8540,true,1,83640
7290012031137,false,סיגריות L.M מושן ניי,פיליפ מוריס,,סיגריות L.M מושן נייט 7.0 חפיסה,יחידה,1.00,יחידה,false,1,26.80,26.8000,false,1,121603
7290012031151,false,ל.מ בלו מושייןPP חפי,פיליפ מוריס,,ל.מ בלו מושייןPP חפיסה,יחידה,0.00,יחידה,false,1,26.80,0.0000,false,1,121605
7290012040474,false,טבק מרלבורו רדPP חפי,,,טבק מרלבורו רדPP חפיסה,יחידה,1.00,יחידה,false,1,79.90,79.9000,true,1,123619
7290012040559,false,יחידות טבק לחימום טו,פיליפ מוריס,,יחידות טבק לחימום טורקיז PP חפיסה,יחידה,1.00,יחידה,false,1,31.30,31.3000,false,1,123537
7290012040573,false,יחידות טבק לחימום סי,פיליפ מוריס,,יחידות טבק לחימום סיינה PP חפיסה,יחידה,1.00,יחידה,false,1,31.30,31.3000,false,1,123541
7290012116629,false,סנו די תינוקות/ילדים,סנו מפעלי ברונוס בעמ,IL,סנו די תחליב דוחה יתושים לתינוקות ולילדים 50 מל,מיליליטרים,50.00,"100 מ""ל",false,1,19.90,39.8000,true,1,56337
7290012116735,false,נ ט סופט גליל גמבו 2,סנו מפעלי ברונוס בעמ,IL,נ ט סופט גליל גמבו 24 יחידות,מטרים,90000.00,מטר,false,1,42.90,0.0005,true,1,76413
7290012139567,false,"מזון כלבים בונזו ג""ו",Ping Yang,,"מזון כלבים בונזו ג""וי ביסקוויט עוף 90 גר",גרמים,90.00,100 גרם,false,1,17.90,19.8889,true,1,81759
7290012245329,false,גולד ציפס קלאסיק 1.5,יוליניבר,BE,ציפס בחיתוך קלאסי 1.5 קג,קילוגרמים,1.50,"ק""ג",false,1,20.90,13.9333,true,1,114700
7290012263453,false,מד חום גמיש מהיר,גזיאנג,CN,מד חום גמיש מהיר,יחידה,1.00,יחידה,false,1,17.90,17.9000,true,1,126824
7290012576607,false,יין פרמייר קברנה מלב,"ברקן שיווק והפצה בע""",IL,ברקן פרימייר קברנה סובניון אדום 750 מ,מיליליטרים,750.00,"100 מ""ל",false,1,25.90,3.4533,true,1,103842
7290012803215,false,ופל בלגי בטעם שוקולד,בטר אנד דיפרנט,IL,ופל בלגי בטעם שוקולד 200 גרם,גרמים,200.00,100 גרם,false,1,10.80,5.4000,true,1,82194
7290012803352,false,תרסיס רייד קוטל חרקי,אס.סי.ג'ונסון מידרכט,NL,"תרסיס רייד קוטל חרקים מעופפים 300 מ""ל",מיליליטרים,300.00,"100 מ""ל",false,1,19.90,6.6333,true,1,67791
7290012823602,false,נייר טואלט סופט 32 ג,טרופיקל דגיל תעשיות,IL,נייר טואלט סופט 32 גלילים,מטרים,58800.00,מטר,false,1,33.90,0.0006,true,1,72036
7290012911293,false,"דפי אורז 22 ס""מ 300",אסיה,,"דפי אורז 22 ס""מ 300  גרם",גרמים,300.00,100 גרם,false,1,11.90,3.9667,true,1,66850
7290012938740,false,סנסודיין מנטה,DE MICLEN,,סנסודיין משחת שיניים מנטה מרענן 75 מל,מיליליטרים,75.00,"100 מ""ל",false,1,21.90,29.2000,true,1,83102
7290012983153,false,סילאן טבעי לחיץ 400,מנדלז סי.אר. פרודקשן,IL,סילאן טבעי 400 לחיץ,גרמים,400.00,100 גרם,false,1,16.90,4.2250,true,1,93395
7290012983610,true,תמר כבוש,מנדלז סי.אר. פרודקשן,IL,תמר כבוש 500 גר',גרמים,500.00,100 גרם,false,1,15.90,3.1800,true,1,116736
7290013027399,false,לחם 100% קמח מלא קל,"איטיליאן פוד, אס.פי.",IL,לחם 100% קמח מלא קל בתוספת שיפון,גרמים,750.00,100 גרם,false,1,16.90,2.2533,true,1,71693
7290013068361,false,שמן זית אליעד כתית מ,קרלו,IL,שמן זית אליעד כתית מעולה 750 מל,מיליליטרים,750.00,"100 מ""ל",false,1,36.90,4.9200,true,1,122752
7290013068699,false,שמן זית כתית מעולה ע,קרלו,IL,"שמן זית כתית מעולה עשיר אליעד 750מ""ל",מיליליטרים,750.00,"100 מ""ל",false,1,36.90,4.9200,true,1,124964
7290013068705,false,שמן זית כתית מעולה ק,קרלו,IL,שמן זית כתית מעולה קטיפתי אליעד750 מל,מיליליטרים,750.00,"100 מ""ל",false,1,36.90,4.9200,true,1,124963
7290013117410,false,מארז בצק פריך מתוק,"מעדנות בע""מ",IL,מארז בצק פריך מתוק 450 גר            2*,גרמים,900.00,100 גרם,false,1,25.40,2.8222,true,1,72964
7290013145161,true,פקאן מסוכר,מיוצר עי קונדיטוריית,IL,פקאן מסוכר,גרמים,100.00,100 גרם,false,1,17.90,17.9000,true,1,65289
7290013145277,true,עלים לקרמשניט מיימונ,דולפין ספא,IT,עלים לקרמשניט 300 גרם,גרמים,300.00,100 גרם,false,1,16.90,5.6333,true,1,117506
7290013145710,false,דובדבנים מסוכרים,מיוצר עי קונדיטוריית,IL,דובדבנים מסוכרים לקישוט ואפייה,גרמים,100.00,100 גרם,false,1,8.90,8.9000,true,1,65539
7290013145840,false,סוכר וניל,מיוצר עי קונדיטוריית,IL,סוכר וניל 10 יח' בצלופן,גרמים,100.00,100 גרם,false,1,2.50,2.5000,true,1,75064
7290013145857,false,אבקת אפיה,מולינו ניקולי s.p.a,IL,מימונס מארז אבקת אפייה 10 יחידות,גרמים,100.00,100 גרם,false,1,2.50,2.5000,true,1,75065
7290013145963,true,שמרים בואקום 125 ג,המאפיה של הרמן,CN,מימונס שמרים יבשים בואקום 125 גרם,גרמים,125.00,100 גרם,false,1,6.90,5.5200,true,1,96138
7290013267665,false,מיני סולרו פירות טרו,שטראוס גלידות,,מיני סולרו פירות טרופים מאגדת 325 גרם,גרמים,408.00,100 גרם,false,1,26.90,6.5931,true,1,79757
7290013268204,false,סנובון- מגבונים לניק,טרופיקל דגיל- תעשיות,IL,"סנובון מגבונים לניקוי וחיטוי מושב האסלה, 20 יחידות",לא מנהל יחידת מידה,0.00,לא מנהל יחידת מידה,false,1,10.90,0.0000,true,1,117178
7290013268891,false,"סנו אוקסיג""ן ג""ל 3 ל",סנו,IL,אוקסיג'ן גל,ליטרים,3.00,ליטר,false,1,34.60,11.5333,true,1,73037
7290013268990,false,מרכך כביסה ביו מרוכז,"איי, בי, אינבוו",IL,מרכך מרוכז ביו 1ליטר 40 כביסות,ליטרים,1.00,ליטר,false,1,18.90,18.9000,true,1,73040
7290013269096,false,מטליות לניקוי 20 יח,מיוצר עי קונדיטוריית,IL,מטליות לניקוי עור,Unknown,0.00,Unknown,false,1,18.90,0.0000,true,1,93364
7290013269287,false,"ג""ל כביסה מקסימה בני",סנו,IL,"ג""ל כביסה מקסימה בניחוח מאסק 3 ליטר",ליטרים,3.00,ליטר,false,1,29.90,9.9667,true,1,80322
7290013269348,false,תחנות K 300,טרופיקל דגיל תעשיות,IL,K3 תחנת פיתיון- קוטל תיקנים (ג'וקים) בבית ובחצר,לא מנהל יחידת מידה,0.00,לא מנהל יחידת מידה,false,1,49.90,0.0000,true,1,122735
7290013269621,false,ריצפז פרש הום מלון ב,סנו מפעלי ברונוס בעמ,IL,"סנו ריצפז, תרכיז ריחני לניקוי כל סוגי הרצפות",ליטרים,2.00,ליטר,false,1,21.90,10.9500,true,1,119427
7290013269751,false,מטליות לחות לרצפה בנ,"סנו, ח.צ 520032988",IL,"סנו רצפז, מטליות לחות לניקוי הרצפה.",לא מנהל יחידת מידה,7.50,לא מנהל יחידת מידה,false,1,14.90,1.9867,true,1,119080
7290013269850,false,נייר אפיה אקלוגי סנו,סנו סושי,IL,סושי אפיה אק - עשוי מהצומח,לא מנהל יחידת מידה,0.00,לא מנהל יחידת מידה,false,1,16.70,0.0000,true,1,77108
7290013284310,false,רוטב פסטה לילדים,פריניר ( הדס 1987) ב,IL,פריניר רוטב פסטה טעים לילדים 240 גרם,גרמים,240.00,100 גרם,false,1,5.90,2.4583,true,1,87849
7290013358363,false,פירורי לחם יפנים פנק,קריניציה ויטמינה אס,IL,פירורי לחם יפנים פנקו 300 גרם,גרמים,300.00,100 גרם,false,1,9.90,3.3000,true,1,79289
7290013358462,false,מיני קרוטונים למרק ב,"איי, בי, אינבוו",IL,"מאסטר שף, מיני קרוטונים למרק, 350 גרם",גרמים,350.00,100 גרם,false,1,18.90,5.4000,true,1,92736
7290013358493,false,קרם קוקוס מאסטר שף פ,קריניציה ויטמינה אס,TH,מאסטר שף קרם קוקוס 400 מל,מיליליטרים,400.00,"100 מ""ל",false,1,9.90,2.4750,true,1,107141
7290013472199,false,ערמונים קלופים 105 ג,בייג'גג פוינונג,CN,ערמונים קלופים 105 גרם,גרמים,105.00,100 גרם,false,1,5.90,5.6190,true,1,75409
7290013520067,false,10 לחמניות אצבע אגמי,מאפיית אגמי,,10 לחמניות אצבע אגמי,גרמים,750.00,100 גרם,false,1,13.90,1.8533,true,1,98913
7290013520111,false,לחמניית המבורגר,מאפיית אגמי,IL,לחמניית המבורגר אמריקאי 6 יח,גרמים,600.00,100 גרם,false,1,14.90,2.4833,true,1,121006
7290013520463,true,כוסמין לחם בריאות,,,כוסמין לחם בריאות,גרמים,600.00,100 גרם,false,1,16.90,2.8167,true,1,120603
7290013520500,true,8 לחמניות מקמח כוסמי,,,8 לחמניות מקמח כוסמי,גרמים,400.00,100 גרם,false,1,17.90,4.4750,true,1,116749
7290013531759,false,שעועית אפויה במים יכ,"זנלכל בע""מ",IL,שעועית אפויה במים יכין 310 גרם,גרמים,310.00,100 גרם,false,1,8.90,2.8710,true,1,104595
7290013585233,false,ספרייט זירו פחית סלי,גוד פוד פרודקטס S.p,IL,"גזוז בטעם לימון ליים דל קלוריות 330 מ""ל",מיליליטרים,330.00,"100 מ""ל",false,1,5.90,1.7879,true,1,104277
7290013585387,false,קוקה קולה זירו בקבוק,פארייפאבה אגרואינדוס,IL,ZERO תריסר 1 ליטר,ליטרים,1.00,ליטר,false,1,8.00,8.0000,true,1,102741
7290013585394,false,קוקה קולה 1 ליטר,פארייפאבה אגרואינדוס,IL,קוקה קולה 1 ליטר תריסר,ליטרים,1.00,ליטר,false,1,8.00,8.0000,true,1,102740
7290013585899,false,וויסוצקי אייס לימוני,מבשלות בירה בינלאומי,IL,"ויסוצקי ICE חליטת לימונית לואיזה 350 מ""ל",מיליליטרים,350.00,"100 מ""ל",false,1,8.50,2.4286,true,1,109313
7290013608260,false,מיץ רימונים פרימור ס,השחר,IL,7290068700001,ליטרים,1.00,ליטר,false,1,26.00,26.0000,true,1,97757
7290013675804,false,שניצלונים בטעם טבעות,תות תעשיות מזון (201,IL,שניצלונים בטעם טבעות בצל מאמא עוף 500גרם,גרמים,500.00,100 גרם,false,1,32.90,6.5800,true,1,127110
7290013702418,false,שוופס מוגז עדין אפרס,יפאורה תבורי בעמ,IL,"שוופס מוגז עדין אפרסק 330 מ""ל זכוכית",מיליליטרים,330.00,"100 מ""ל",false,1,6.90,2.0909,true,1,110961
7290013847386,true,טונה סטרקיסט ליי,"סטארקיסט פודור בע""מ",TH,140 גרם טונה 4% טבעי לייט,גרמים,140.00,100 גרם,false,1,8.50,6.0714,true,1,118871
7290013847393,true,לייט טונה סטריקיסט,"סטארקיסט פודור בע""מ",TH,140 גרם טונה 4% עשבי תיבול לייט,גרמים,140.00,100 גרם,false,1,8.50,6.0714,true,1,118872
7290013847645,false,סטארקיסט טונה בשמן ז,סטארקיסט,TR,סטארקיסט טונה בשמן זית 3 יח 80 גרם,גרמים,240.00,100 גרם,false,1,16.90,7.0417,true,1,122038
7290013906052,false,נקניקיות פרגיות 300,הנסיך- מפעל לייצור ט,IL,נקניקיות פרגיות 300 גרם,גרמים,300.00,100 גרם,false,1,13.90,4.6333,true,1,81823
7290013906441,false,קבנוס 120 גרם,הנסיך- מפעל לייצור ט,IL,קבנוס נקניק מעושן יבש 120 גרם,גרמים,120.00,100 גרם,false,1,11.90,9.9167,true,1,91856
7290013906458,false,קבנוס בטעם פיקנטי 12,הנסיך- מפעל לייצור ט,IL,טירת צבי קבנוס פיקנטי נקניק מעושן יבש 120 גרם,גרמים,120.00,100 גרם,false,1,11.90,9.9167,true,1,95383
7290013906519,false,פרושוטו בקר 100 גרם,הנסיך- מפעל לייצור ט,IL,פרושוטו בקר 100 גרם,גרמים,100.00,100 גרם,false,1,26.90,26.9000,true,1,99710
7290013971555,false,מארז פוגיקום 8+4,פוג'יקום,,מארז פוגיקום 8+4,לא מנהל יחידת מידה,0.00,לא מנהל יחידת מידה,false,1,19.90,0.0000,true,1,94441
7290014002203,false,חליטת צמחים לימונית,HIQ FOOD PRODUCTS,IL,חליטת לימונית לואיזה - הגן הקסום,גרמים,37.00,100 גרם,false,1,19.90,53.7838,true,1,85339
7290014066366,false,קפסולות אספרסו לנדוו,לנדוור,IL,קפסולות לנדוור,גרמים,50.00,100 גרם,false,1,17.90,35.8000,true,1,117016
7290014066441,false,לנדוור-קפסולות אספרס,לנדוור,IL,לנדוור-קפסולות אספרסו נטול קפאין 10 יח,יחידה,10.00,יחידה,false,1,17.90,1.7900,true,1,123146
7290014066526,false,לנדוור-קפסולות אספרס,לנדוור,IL,לנדוור-קפסולות אספרסו תערובת הבית,יחידה,10.00,יחידה,false,1,17.90,1.7900,true,1,123144
7290014079014,false,חסה לבבות קיסר,אליהו חדד,IL,חסה לבבות קיסר,גרמים,300.00,100 גרם,false,1,9.90,3.3000,true,1,92826
7290014094390,false,חמוציות בקופסא  330,"דין שיווק וקליה בע""מ",,חמוציות בקופסא  250 גרם,גרמים,250.00,100 גרם,false,1,13.90,5.5600,true,1,95465
7290014094895,true,אגוזים קלופים 150 גר,דין שיווק,IL,אגוזים קלופים 150 גרם,גרמים,150.00,100 גרם,false,1,11.90,7.9333,true,1,135876
7290014095861,false,שיבולת שועל דקה,"דין שיווק וקליה בע""מ",,שיבולת שועל דקה 500 גרם שקדיה,גרמים,500.00,100 גרם,false,1,6.90,1.3800,true,1,99190
7290014095960,false,שיבולת שועל עבה,"דין שיווק וקליה בע""מ",,שיבולת שועל עבה 500 גרם שקדיה,גרמים,500.00,100 גרם,false,1,6.90,1.3800,true,1,99527
7290014138988,true,כוסיות עם שמן ופתיל,,,כוסיות עם שמן ופתיל,יחידה,1.00,יחידה,false,1,64.90,64.9000,true,1,126994
7290014217003,false,פפריקה מעושנת מיכל,תות ממתקי איכות,IL,"תבליני טעם וריח, פפריקה בטעם מעושן,  90 גרם",גרמים,90.00,100 גרם,false,1,9.90,11.0000,true,1,84582
7290014217010,false,תיבול לדגים,תבליני טעם וריח,IL,"תבליני טעם וריח T-BUL תערובת תיבול לדגים, 90 גרם",גרמים,90.00,100 גרם,false,1,13.90,15.4444,true,1,84153
7290014217027,false,תיבול עוף 120 גרם,תות ממתקי איכות,IL,"תבליני טעם וריח T-BUL תערובת תיבול לעוף, 120 גרם",גרמים,120.00,100 גרם,false,1,13.90,11.5833,true,1,85620
7290014217065,false,אורגנו 30 גרם,תות ממתקי איכות,IL,תבליני טעם וריח אורגנו 100% 30 גרם,Unknown,0.00,Unknown,false,1,9.90,0.0000,true,1,84035
7290014217119,false,ציפס מיכל 100 גר,תות ממתקי איכות,IL,"תבליני טעם וריח תערובת תיבול לצ'יפס, 100 גרם",Unknown,0.00,Unknown,false,1,9.90,0.0000,true,1,100958
7290014217140,false,ראס אל חנות מיכל100,תות ממתקי איכות,IL,תבליני טעם וריח ראס אל חנות 100 גרם,גרמים,100.00,100 גרם,false,1,9.90,9.9000,true,1,100961
7290014217157,false,טוסקנה 120 גר,תות ממתקי איכות,IL,תבליני טעם וריח תערובת תיבול טוסקנה 120 גרם,גרמים,120.00,100 גרם,false,1,9.90,8.2500,true,1,100962
7290014217201,false,תערובת תיבול סומק מי,תות ממתקי איכות,IL,תבליני טעם וריח מיכל קטן סומק 45 גרם,גרמים,45.00,100 גרם,false,1,6.90,15.3333,true,1,118546
7290014217348,false,צילי כתוש במיכל,תות ממתקי איכות,IL,תבליני טעם וריח צ'ילי גרוס חריף 70 גרם,גרמים,0.00,100 גרם,false,1,9.90,0.0000,true,1,97335
7290014217478,false,עשבי תיבול איטלקי ים,תות ממתקי איכות,IL,עשבי תיבול איטלקי ים תיכוני 30 גרם,גרמים,30.00,100 גרם,false,1,9.90,33.0000,true,1,109571
7290014217492,false,תיבול פילדלפיה 100 ג,תות ממתקי איכות,IL,תבליני טעם וריח תערובת תיבול פילדלפיה 100 גרם,גרמים,100.00,100 גרם,false,1,9.90,9.9000,true,1,120617
7290014217522,false,לחם שום תערובת מיכל,תות ממתקי איכות,IL,לחם שום תערובת מיכל 100 גרם,גרמים,100.00,100 גרם,false,1,11.90,11.9000,true,1,117584
7290014218932,false,חטיפי פיצה בתוספת זי,מיוצר עי קונדיטוריית,IL,חטיפי פיצה בתוספת זיתים בשקית 710 גרם,גרמים,710.00,100 גרם,false,1,34.90,4.9155,true,1,120810
7290014256897,false,יין BUZZ  קריניאנו 7,יקבי כרמל,,"יין BUZZ  קריניאנו 750 מ""ל",מיליליטרים,750.00,"100 מ""ל",false,1,30.30,4.0400,true,1,107857
7290014397170,false,סנו פרש מיכל מילוי ב,סנו מפעלי ברונוס בעמ,IL,סנו פרש מיכל מילוי בניחוח SOFT BALANCE,מיליליטרים,165.00,"100 מ""ל",false,1,17.90,10.8485,true,1,113902
7290014397835,false,סמארט מכשיר+מילוי45,ZOBELE,IT,סמארט מכשיר+מילוי 45 לילות,לא מנהל יחידת מידה,0.00,לא מנהל יחידת מידה,false,1,39.90,0.0000,true,1,101880
7290014472228,false,תאנים בקופסא  330 גר,"דין שיווק וקליה בע""מ",,תאנים בקופסא  330 גרם,גרמים,330.00,100 גרם,false,1,22.90,6.9394,true,1,135933
7290014472235,false,פקאן סיני 200 גרם,שקרצי,,פקאן סיני 200 גרם,גרמים,200.00,100 גרם,false,1,27.90,13.9500,true,1,112451
7290014525672,false,עוגיות על חלל עם סוכ,"מרבה בע""מ",NL,מרבה עוגיות עם סוכריות שוקולד חלב צבעוניות,גרמים,140.00,100 גרם,false,1,9.90,7.0714,true,1,128872
7290014581036,false,פחמים,,,"פחם להבה 2 ק""ג",קילוגרמים,2.00,"ק""ג",false,1,14.90,7.4500,true,1,114608
7290014725294,false,סוכרלוז מותר לשבת,ביסקול בע''מ,IL,סוכרזית סוכרלוז 100 שקיות,לא מנהל יחידת מידה,0.00,לא מנהל יחידת מידה,false,1,18.90,0.0000,true,1,99481
7290014758100,false,מאגדת יוגורט     3%,מחלבת אלון תבור,IL,מאגדת יוגורט ביו 3% תנובה 8*150 גרם,קילוגרמים,1.20,"ק""ג",false,1,16.90,14.0833,true,1,87369
7290014758117,false,מאגדת יוגורט   1.5%,מחלבת אלון תבור,IL,מאגדת יוגורט ביו  1.5% תנובה 8*150 גרם,קילוגרמים,1.20,"ק""ג",false,1,16.90,14.0833,true,1,87370
7290014759534,false,גבינה בולגרית 5% למר,"תנובה, מחלבת תל יוסף",IL,גבינה בולגרית 5% למריחה 200 גרם,גרמים,200.00,100 גרם,false,1,14.50,7.2500,true,1,93310
7290014759909,false,פטה עיזים 5% פיראוס,"תנובה, מחלבת טנא נוג",IL,פטה עיזים 5% גבינה מלוחה מחלב עיזים במי מלח,גרמים,250.00,100 גרם,false,1,29.90,11.9600,true,1,95238
7290014759978,false,קצקבל פלח 200 גר,תנובה,IL,"קצ""קבל פלח 200 גרם קולקשיין",גרמים,200.00,100 גרם,false,1,27.40,13.7000,true,1,93701
7290014759985,false,פרמזן פלח 200 גר,תנובה,IL,פרמזן פלח 200 גרם קולקשיין,גרמים,200.00,100 גרם,false,1,26.40,13.2000,true,1,93702
7290014760134,false,מעדן סויה ביו בטעם ו,תנובה,IL,מעדן סויה ביו בטעם וניל  125 גרם,גרמים,125.00,100 גרם,false,1,3.90,3.1200,true,1,115434
7290014760141,true,משקה שקדים טרי 1 ליט,סוי מג'יק,IL,משקה שקדים טרי 1 ליטר,ליטרים,1.00,ליטר,false,1,12.90,12.9000,true,1,106483
7290014761056,false,YOLO מעדן שוקולד חלב,מחלבת אלון תבור,IL,YOLO מעדן שוקולד חלב מעולה 123 גרם,גרמים,123.00,100 גרם,false,1,4.50,3.6585,true,1,100691
7290014761070,false,YOLO מעדן שוקולד לבן,מחלבת אלון תבור,IL,YOLO מעדן שוקולד לבן מעולה 123 גרם,גרמים,123.00,100 גרם,false,1,4.50,3.6585,true,1,100693
7290014761193,true,יוגורט פירות יער,מיוצר עי קונדיטוריית,IL,פרילי פירות יער,גרמים,125.00,100 גרם,false,1,3.50,2.8000,true,1,112266
7290014762800,false,מעדן סויה בטעם שוקול,סוי מג'יק,IL,תנובה מעדן סויה שוקולד 2% שומן 125 גרם,גרמים,125.00,100 גרם,false,1,3.90,3.1200,true,1,112844
7290014762831,false,גבינת נפוליאון 24% ח,הרדוף חלב,IL,גבינת נפוליאון 24% חלפיניו 225 גרם,גרמים,225.00,100 גרם,false,1,13.90,6.1778,true,1,112853
7290014762909,false,פתיתי מוצרלה 10% תוס,"תנובה, מחלבת תל יוסף",IL,פתיתי מוצרלה 10% תוספת  השף הלבן,גרמים,200.00,100 גרם,false,1,17.90,8.9500,true,1,109299
7290014821057,false,כבל AUX - אלומניום,,,כבל AUX - אלומניום,לא מנהל יחידת מידה,0.00,לא מנהל יחידת מידה,false,1,29.90,0.0000,true,1,123485
7290014821064,false,כבל גלקסי 2 מטר,,,כבל גלקסי 2 מטר,יחידה,1.00,יחידה,false,1,29.90,29.9000,true,1,123521
7290014821095,false,מטען רכב אייפון מאוש,,,מטען רכב אייפון מאושר אפל 2.1,יחידה,1.00,יחידה,false,1,79.90,79.9000,true,1,123513
7290014821101,false,מעמד אופנתי לסלולר ל,,,מעמד אופנתי לסלולר לבן,יחידה,1.00,יחידה,false,1,99.90,99.9000,true,1,123516
7290014821507,false,מטען קיר אייפון מאוש,,,מטען קיר אייפון מאושר אפל 2.1,יחידה,1.00,יחידה,false,1,79.90,79.9000,true,1,123514
7290014821569,false,כבל אייפון  2 מטר,,,כבל אייפון  2 מטר,יחידה,1.00,יחידה,false,1,39.90,39.9000,true,1,123506
7290014855434,false,מגבוני בייביסיטר רבי,די פי אל,,מגבוני בייביסיטר רביעייה מבושם,יחידה,0.00,יחידה,false,1,19.70,0.0000,true,1,106560
7290014855458,false,מגבונים בייביסיטר רב,די פי אל,,מגבונים בייביסיטר רביעייה לא בישום,לא מנהל יחידת מידה,0.00,לא מנהל יחידת מידה,false,1,19.70,0.0000,true,1,106559
7290014905733,false,נוזל לניקוי חלונות ה,יוליניבר,TR,יעקבי ברק קריסטלי ניקוי שמשות 750 מל,מיליליטרים,750.00,"100 מ""ל",false,1,8.90,1.1867,true,1,99435
7290014940901,true,לחם פשוט מלא 750 גרם,מאפיית שלמה א. אנג'ל,IL,לחם פשוט מלא 750 גרם,גרמים,750.00,100 גרם,false,1,14.90,1.9867,true,1,102830
7290015009010,false,חומץ בן יין אדום 500,מנדלז סי.אר. פרודקשן,ES,חומץ בן יין אדום 5%,מיליליטרים,500.00,"100 מ""ל",false,1,14.90,2.9800,true,1,95322
7290015039246,true,נתחי טונה בשמן ויליפ,גולדן פרייז קאנינג א,TH,נתחי טונה בשמן ויליפוד רביעייה 640 גרם,גרמים,640.00,100 גרם,false,1,21.90,3.4219,true,1,107508
7290015129121,false,סקיני פסטה נודלס270,סצ'ואן סנטאיואן,CN,סקיני פסטה- בצורת אטריות פטוצ'יני 200 גרם,גרמים,270.00,100 גרם,false,1,12.90,4.7778,true,1,97779
7290015129251,false,סקיני פסטה אטריות פט,סצ'ואן סנטאיואן,CN,סקיני פסטה- בצורת אטריות פטוצ'יני 200 גרם,גרמים,270.00,100 גרם,false,1,12.90,4.7778,true,1,105917
7290015129312,false,תבשיל מרק בטעם עוף ס,סצ'ואן סנטאיואן,CN,תבשיל מרק בטעם עוף סקיני סופ 234גרם,גרמים,234.00,100 גרם,false,1,19.90,8.5043,true,1,135220
7290015176361,false,מברשת שיניים חשמלים,פוג'יקום,,מברשת שיניים חשמלית פוגיקום כחול,יחידה,1.00,יחידה,false,1,39.90,39.9000,true,1,111154
7290015193832,false,קרקר עם שומשום ארומה,פפושדו,IL,קרקר עם שומשום ארומה 300 גרם,גרמים,300.00,100 גרם,false,1,7.50,2.5000,true,1,121128
7290015324014,false,פלפל שחור טחון 80 גר,תות ממתקי איכות,IL,"תבליני טעם וריח, 100% פלפל שחור טחון, 80 גרם",גרמים,80.00,100 גרם,false,1,9.90,12.3750,true,1,95596
7290015324038,false,פפריקה בשמן 80 גרם,תות ממתקי איכות,IL,פפריקה בשמן 80 גרם,גרמים,80.00,100 גרם,false,1,5.90,7.3750,true,1,95597
7290015324045,false,פפריקה חריפה 80 גרם,תות ממתקי איכות,IL,"תבליני טעם וריח, 100% פפריקה חריפה, 80 גרם",גרמים,80.00,100 גרם,false,1,5.90,7.3750,true,1,95598
7290015324052,false,פפריקה מתוקה 80 גרם,תות ממתקי איכות,IL,"תבליני טעם וריח, 100% פפריקה מתוקה, 80 גרם",גרמים,80.00,100 גרם,false,1,5.90,7.3750,true,1,95599
7290015324069,false,גריל עוף טעם וריח 80,תות ממתקי איכות,IL,"תבליני טעם וריח, תערובת תיבול גריל עוף, 80 גרם",גרמים,80.00,100 גרם,false,1,5.90,7.3750,true,1,95600
7290015324083,false,מלח לימון טעם וריח 8,תות ממתקי איכות,IL,"תבליני טעם וריח, 100% מלח לימון, 80 גרם",גרמים,80.00,100 גרם,false,1,5.90,7.3750,true,1,95601
7290015324090,false,כמון 80 גרם,תות ממתקי איכות,IL,"תבליני טעם וריח, 100% כמון מזרחי, 80 גרם",גרמים,80.00,100 גרם,false,1,5.90,7.3750,true,1,95602
7290015324106,false,כורכום 80 גרם,תות ממתקי איכות,IL,"תבליני טעם וריח, 100% כורכום, 80 גרם",גרמים,80.00,100 גרם,false,1,5.90,7.3750,true,1,95603
7290015324113,false,בהרט,תות ממתקי איכות,IL,"תבליני טעם וריח, תערובת תיבול בהרט לבישול, 80 גרם",גרמים,80.00,100 גרם,false,1,5.90,7.3750,true,1,95604
7290015324120,false,שום גבישי,תות ממתקי איכות,IL,תבליני טעם וריח שום גבישי 80 גרם,גרמים,80.00,100 גרם,false,1,5.90,7.3750,true,1,95605
7290015324151,false,חוויאג למרק 80 גרם,תות ממתקי איכות,IL,חוויאג למרק 80 גרם,גרמים,80.00,100 גרם,false,1,5.90,7.3750,true,1,95606
7290015324175,false,תבלין שווארמה,יוליניבר,IL,תבליני טעם וריח תערובת תיבול לשווארמה 80 גרם,גרמים,0.00,100 גרם,false,1,5.90,0.0000,true,1,95608
7290015324427,false,סודה לשתייה שקית 80,תבליני טעם וריח,IL,סודה לשתייה שקית 80 גרם,גרמים,80.00,100 גרם,false,1,4.50,5.6250,true,1,118549
7290015324533,false,רוזמרין מיכל גדול 55,יוליניבר,IL,תבליני טעם וריח רוזמרין 55 גרם,גרמים,55.00,100 גרם,false,1,9.90,18.0000,true,1,123111
7290015324540,false,טימין  מיכל גדול 30,יוליניבר,IL,תבליני טעם וריח טימין (קורנית) 30 גרם,גרמים,30.00,100 גרם,false,1,9.90,33.0000,true,1,123113
7290015324557,false,בהרט לבישול מיכל גדו,,,בהרט לבישול מיכל גדו,גרמים,0.00,100 גרם,false,1,9.90,0.0000,true,1,123114
7290015324588,false,פלפל לבן 100 גר,תות ממתקי איכות,IL,"תבליני טעם וריח מיכל פלפל לבן טחון 100% , 100 גרם",גרמים,100.00,100 גרם,false,1,12.90,12.9000,true,1,125144
7290015446242,false,אול אין חטיף חלבון ק,,,אול אין חטיף חלבון קרם עוגיות,גרמים,50.00,100 גרם,false,1,13.90,27.8000,true,1,120101
7290015446341,false,אול אין חטיף חלבון ב,,,אול אין חטיף חלבון בננה טופי,גרמים,60.00,100 גרם,false,1,13.90,23.1667,true,1,120102
7290015519144,false,מטען קיר לגלקסי פרימ,,,מטען קיר לגלקסי פרימיום 2A,יחידה,1.00,יחידה,false,1,49.90,49.9000,true,1,123505
7290015519205,false,מעמד מגנט EASY GRIP,,,מעמד מגנט EASY GRIP,יחידה,1.00,יחידה,false,1,29.90,29.9000,true,1,123476
7290015652070,false,קשיו קלוי 150 גרם,דין שיווק,IL,קשיו קלוי 150 גרם,גרמים,150.00,100 גרם,false,1,13.90,9.2667,true,1,135866
7290015833127,false,טונה סקיפגק - רביעיי,,VN,טונה סקיפגק - רביעייה,גרמים,140.00,100 גרם,false,1,19.90,14.2143,true,1,129278
7290015848909,false,אולטרסול תחליב קידס,הדקלאים אגודת שיתופי,IL,אולטרסול תחליב קידס 30/250,לא מנהל יחידת מידה,0.00,לא מנהל יחידת מידה,false,1,44.90,0.0000,true,1,120218
7290015848923,false,אולטרסול 30 למבוגרים,הדקלאים אגודת שיתופי,IL,אולטרסול תחליב הגנה מבוגרים 30/250,מיליליטרים,250.00,"100 מ""ל",false,1,44.90,17.9600,true,1,112559
7290015848978,false,אולטרסול 35 קרם פנים,הדקלאים אגודת שיתופי,IL,"אולטרסול 35 קרם פנים מבוגרים 75 מ""ל",מיליליטרים,75.00,"100 מ""ל",false,1,39.90,53.2000,true,1,112548
7290015848992,false,אולטרסול פנים ילדים,הדקלאים אגודת שיתופי,IL,אולטרסול קרם פנים ילדים 75/50,לא מנהל יחידת מידה,0.00,לא מנהל יחידת מידה,false,1,32.90,0.0000,true,1,118709
7290015858113,false,ממרח עגבניות מיובשות,רוג'ר אנד רוג'ר,IL,"עללחם ממרח עגבניות מיובשות, 180 גרם",גרמים,180.00,100 גרם,false,1,19.90,11.0556,true,1,113972
7290015858144,false,ממרח ארטישוק 180 גרם,זאביק יצור ושיווק מז,,ממרח ארטישוק 180 גרם עללחם,גרמים,180.00,100 גרם,false,1,19.90,11.0556,true,1,113806
7290015858229,false,טפנד זיתי קלמטה 180ג,רוג'ר אנד רוג'ר,IL,עללחם טפנד זיתי קלמטה 180 גרם,גרמים,180.00,100 גרם,false,1,19.90,11.0556,true,1,123091
7290015858243,false,ממרח צימיצורי 180 גר,זאביק יצור ושיווק מז,,ממרח צימיצורי 180 גרם,גרמים,180.00,100 גרם,false,1,19.90,11.0556,true,1,113824
7290015858700,false,אלקולגל 70% אלכוהול,"מדשא תעשיות מזון בע""",IL,"אלקולגל 70% אלכוהול חוף ים  100 מ""ל",מיליליטרים,100.00,"100 מ""ל",false,1,9.90,9.9000,true,1,125910
7290015968317,false,"סינרים ח""פ לתינוק",F.H.P CO LT,CN,"סינרים ח""פ לתינוק",לא מנהל יחידת מידה,0.00,לא מנהל יחידת מידה,false,1,23.90,0.0000,true,1,117541
7290015968676,false,כוס יין מהודרת עם רג,J.E&W.Inc,,כוס יין מהודרת עם רגל 6 יח,לא מנהל יחידת מידה,0.00,לא מנהל יחידת מידה,false,1,11.90,0.0000,true,1,112885
7290015968829,false,מפיות מודפסות 33*33,W.W.P.Co.Ltd,,"מפיות מודפסות 33*33 ס""מ 20 יח דגם W-19",לא מנהל יחידת מידה,0.00,לא מנהל יחידת מידה,false,1,5.90,0.0000,true,1,112890
7290016077766,false,שעועית לבנה אפויה בר,הייבורי קנקו,CA,היינץ שעועית אפויה 453 גרם,גרמים,410.00,100 גרם,false,1,10.90,2.6585,true,1,118308
7290016081619,false,RETRACTABLE - שלט BT,,,RETRACTABLE - שלט BT עם אוזניה - צבע שחו,יחידה,1.00,יחידה,false,1,109.00,109.0000,true,1,123495
7290016081626,false,RETRACTABLE - שלט BT,,,RETRACTABLE - שלט BT עם אוזניה -  צבע לב,יחידה,1.00,יחידה,false,1,109.00,109.0000,true,1,123494
7290016094008,false,אולטרסול קרם פנים 50,הדקלאים אגודת שיתופי,IL,אולטרסול קרם פנים 50/75,לא מנהל יחידת מידה,0.00,לא מנהל יחידת מידה,false,1,32.90,0.0000,true,1,120214
7290016094039,false,אולטרסול 50/200 200,הדקלאים אגודת שיתופי,IL,ספריי שקוף לילדים 50 SPF,מיליליטרים,200.00,"100 מ""ל",false,1,44.90,22.4500,true,1,111735
7290016094817,false,אולטרסול ספריי שמן ג,הדקלאים אגודת שיתופי,IL,"ספריי שמן, שמן גזר",מיליליטרים,200.00,"100 מ""ל",false,1,39.90,19.9500,true,1,120223
7290016150391,false,סלק בואקום,חקלאי,IL,סלק בואקום,Unknown,0.00,Unknown,false,1,7.90,0.0000,true,1,123408
7290016197488,false,מטלית קסם לשיש מארז,UFO INC,CN,מטליות מיקרופייבר משטחים,לא מנהל יחידת מידה,0.00,לא מנהל יחידת מידה,false,1,14.90,0.0000,true,1,109850
7290016230888,false,סוללה 3V 5 יחידות,,,סוללה 3V 5 יחידות,יחידה,1.00,יחידה,false,1,19.90,19.9000,true,1,116060
7290016246025,false,חלבה ללס  פנוקיות בא,HIQ FOOD PRODUCTS,IL,חלבה ללס  פנוקיות בארכה*10   200גרם,גרמים,200.00,100 גרם,false,1,13.90,6.9500,true,1,129277
7290016277654,false,פיסטוק קלוף טבעי 150,דין שיווק,IL,פיסטוק קלוף טבעי 150 גרם,גרמים,150.00,100 גרם,false,1,39.80,26.5333,true,1,136511
7290016408294,false,מרשמלו ורוד לבן 150,"כרמית מזון בע""מ",IL,"מרשמלו ורוד לבן וסטהיים 150 ג', 26 בקרטון",גרמים,150.00,100 גרם,false,1,5.90,3.9333,true,1,111467
7290016509830,true,פרסיל גל בייבי 2.5 ל,"הנקל סוד בע""מ",IL,פרסיל ג'ל כביסה לבגדי תינוקות ולבעלי עור רגיש,ליטרים,2.50,ליטר,false,1,34.90,13.9600,true,1,117600
7290016967074,false,לחם אנגל חיטה מלאה 7,"איטיליאן פוד, אס.פי.",IL,לחם אנגל חיטה מלאה 750 גרם,גרמים,750.00,100 גרם,false,1,14.90,1.9867,true,1,110591
7290017068367,false,שמרים יבשים 125 גרם,מיה,IL,שמרים יבשים 125 גרם,גרמים,125.00,100 גרם,false,1,4.90,3.9200,true,1,140153
7290017088242,false,מגבונים בייבי בייסיק,,,מגבונים בייבי בייסיק,לא מנהל יחידת מידה,0.00,לא מנהל יחידת מידה,false,1,3.90,0.0000,true,1,121606
7290017266060,false,"וופלים קראנצ לל""ס בט",עלמה,,"וופלים קראנצ לל""ס בטעם שוקולד עלמה 175 ג",גרמים,175.00,100 גרם,false,1,6.90,3.9429,true,1,114613
7290017334448,false,שמן קנולה מזוכך OLEO,א.ד.מ . אנטוורפן,BE,שמן קנולה מזוכך OLEO 1   ליטר,ליטרים,1.00,ליטר,false,1,11.90,11.9000,true,1,127718
7290017334455,false,"אורז פרסי  זיפר 1ק""ג",,TH,"אורז פרסי  זיפר 1ק""ג",קילוגרמים,1.00,"ק""ג",false,1,9.90,9.9000,true,1,136727
7290017334462,false,אורז יסמין  זיפר  1,,TH,"אורז יסמין  זיפר  1 ק""ג",קילוגרמים,1.00,"ק""ג",false,1,11.90,11.9000,true,1,136728
7290017406794,false,אורז בסמטי קינג קראו,פונט סלאם וולנסיה,IN,"אורז בסמטי קינג קראוון 1 ק""ג",קילוגרמים,1.00,"ק""ג",false,1,10.90,10.9000,true,1,137530
7290017457703,false,סוד מרכך כביסה מרוכז,הנקל סוד,IL,סוד מרכך מרוכז ארומתרפי זהב,מיליליטרים,900.00,"100 מ""ל",false,1,16.90,1.8778,true,1,121820
7290017513775,false,פליפז בייגלה מצופה ש,אולקר מקבוצת פלאדיס,TR,"Flipz, חטיף בייגלה אפוי בציפוי שוקולד חלב, 140 גרם",גרמים,140.00,100 גרם,false,1,8.90,6.3571,true,1,124206
7290017555461,false,חטיף בוטנים בייק פרו,אשבל,IL,חטיף בוטנים בייק פרו 21 גרם חלבון  80גרם,גרמים,80.00,100 גרם,false,1,12.90,16.1250,true,1,125683
7290017589633,false,קברנה סוביניון מהדור,,IL,"קברנה סוביניון מהדורת רזרב גולד 750 מ""ל",מיליליטרים,750.00,"100 מ""ל",false,1,52.90,7.0533,true,1,138522
7290017599229,false,סוכרזית סוכרלוז 200,,IL,סוכרזית סוכרלוז 200 טבליות,גרמים,0.00,100 גרם,false,1,24.90,0.0000,true,1,136180
7290017599236,false,סוכרזית סטיוויה 200,,IL,סוכרזית סטיוויה 200 טבליות,גרמים,0.00,100 גרם,false,1,25.90,0.0000,true,1,136181
7290017617008,false,טונה  סטרקיסט בשמן 3,. יצרן: טונה ויאטנם,,טונה  סטרקיסט בשמן 3*140גרם,גרמים,420.00,100 גרם,false,1,18.90,4.5000,true,1,136287
7290017617459,false,רביעיית טונה סטארקיס,dalmore distilleries,TH,רביעיית טונה סטארקיסט בשמן צמחי 480גרם,גרמים,480.00,100 גרם,false,1,21.90,4.5625,true,1,138825
7290017617466,false,רביעיית טונה סטארקיס,dalmore distilleries,TH,רביעיית טונה סטארקיסט במים  480גרם,גרמים,480.00,100 גרם,false,1,21.90,4.5625,true,1,138826
7290017712239,false,פרמיו שימורי מזון מל,סאטורן,DE,פרמיו שימורי מזון מלא עם   עוף לכלב במרק,גרמים,150.00,100 גרם,false,1,5.90,3.9333,true,1,139729
7290017724034,false,עוגיות סנדוויץ ריבה,אקלר,IL,עוגיות סנדוויץ ריבה 250 גרם,גרמים,250.00,100 גרם,false,1,23.90,9.5600,true,1,136202
7290017724119,false,עוגיות אוזניים200 גר,אקלר,IL,עוגיות אוזניים200 גרם,גרמים,200.00,100 גרם,false,1,23.90,11.9500,true,1,136205
7290017724355,false,עוגיות אצבעות שקדים,אקלר,IL,עוגיות אצבעות שקדים 250 גרם,גרמים,250.00,100 גרם,false,1,23.90,9.5600,true,1,136209
7290017724683,false,עוגיות חמאה שקדים 20,אקלר,IL,עוגיות חמאה שקדים 200 גרם,גרמים,200.00,100 גרם,false,1,23.90,11.9500,true,1,136211
7290017812571,false,תירוש ליטר אדום 100%,"כד בני דרום בע""מ",IL,תירוש ליטר אדום 100% טבעי,ליטרים,1.00,ליטר,false,1,19.90,19.9000,true,1,124555
7290017871363,false,פמילי יהלום שמן מקדמ,טאהא קימיה,TR,תחליב רחצה לידיים מועשר בשמן מקדמיה,מיליליטרים,500.00,"100 מ""ל",false,1,10.90,2.1800,true,1,124939
7290017894041,false,דגש - פתיתי שיבולת ש,"נארז על ידי אפ, סי ת",IL,פתיתי שיבולת שועל מלאה דק,גרמים,400.00,100 גרם,false,1,19.90,4.9750,true,1,124525
7290017894065,false,דגש - תערובת רב תכלי,"אף, סי תבליני הגליל",IL,דגש - תערובת רב תכליתית ללא גלוטן  500גר,גרמים,500.00,100 גרם,false,1,17.90,3.5800,true,1,132413
7290017894089,false,קמח שיבולת שועל דגש,אף. סי תבליני הגליל,IL,דוכן גן שמואל קמח שיבולת שועל 500 גרם,גרמים,400.00,100 גרם,false,1,23.90,5.9750,true,1,125389
7290017947105,false,לחם אנגל בסגנון אמרי,"איטיליאן פוד, אס.פי.",IL,לחם אנגל בסגנון אמריקה 500 גרם,גרמים,500.00,100 גרם,false,1,13.90,2.7800,true,1,124390
7290017947464,false,פיתות כוסמין אנגל שמ,"איטיליאן פוד, אס.פי.",IL,מאפיית אנג'ל פיתות כוסמין 400 גרם,יחידה,1.00,יחידה,false,1,15.90,15.9000,true,1,126682
7290017947495,false,לחמניות כוסמין 6 יח,"איטיליאן פוד, אס.פי.",IL,אנג'ל לחמניות 100% כוסמין 450 גרם,גרמים,450.00,100 גרם,false,1,16.90,3.7556,true,1,127167
7290017947891,false,אנגל כוסמין וחיטה מל,"איטיליאן פוד, אס.פי.",IL,"אנג'ל כוסמין וחיטה מלאה במרקם חלק, 750 גרם",גרמים,750.00,100 גרם,false,1,15.90,2.1200,true,1,124389
7290017947938,false,לחמניות מיני המבורגר,"איטיליאן פוד, אס.פי.",IL,לחמניות מיני המבורגר אמריקה 8 יח,גרמים,400.00,100 גרם,false,1,14.90,3.7250,true,1,127166
7290018012116,false,תאורת חירום מודל L,,,תאורת חירום מודל L,יחידה,1.00,יחידה,false,1,79.00,79.0000,true,1,123995
7290018043189,false,PROUD קרמל קשיו 60 ג,מרס נדרלנד,NL,PROUD קרמל קשיו 60 גרם,גרמים,60.00,100 גרם,false,1,13.90,23.1667,true,1,127810
7290018043592,false,מי חלבון אול אין אפר,שטיינרייזר גטראנקה,AT,מי חלבון אול אין אפרסק 500 מל,מיליליטרים,500.00,"100 מ""ל",false,1,18.90,3.7800,true,1,136637
7290018071205,false,כפפות נטרו V ללא אבק,איזיטאצ,CN,כפפות נטרו V ללא אבקה S כחול 100 יח,יחידה,1.00,יחידה,false,1,29.90,29.9000,true,1,129093
7290018071229,false,כפפות נטרו V ללא אבק,איזיטאצ,CN,כפפות נטרו V ללא אבקה L כחול 100 יח,יחידה,1.00,יחידה,false,1,29.90,29.9000,true,1,129132
7290018077597,false,בייגל רומני אפוי קפו,גדרון,IL,בייגל רומני אפוי קפוא עם שומשום,יחידה,1.00,יחידה,false,1,5.90,5.9000,true,1,124506
7290018077603,false,בייגל רומני עם זעתר,גדרון,IL,בייגל רומני עם זעתר א.ק,יחידה,1.00,יחידה,false,1,5.90,5.9000,true,1,124429
7290018077665,false,בייגל רומני גדרון א.,גדרון,IL,בייגל רומני גדרון א.ק,יחידה,1.00,יחידה,false,1,5.90,5.9000,true,1,124507
7290018091029,false,מקלות פילו תפוחי אדמ,"מעדנות בע""מ",IL,מקלות פילו תפוחי אדמה מעדנות 450גרם,גרמים,450.00,100 גרם,false,1,21.90,4.8667,true,1,124635
7290018091272,false,בצק עוגיות קקאו טר,מעדנות,IL,בצק עוגיות קקאו טריפל שוקולד ציפס300 ג,גרמים,300.00,100 גרם,false,1,19.90,6.6333,true,1,138148
7290018091616,false,מקלות פילו גבינה מעד,מיוצר עי קונדיטוריית,IL,מקלות פילו גבינה מעדנות 450גרם,גרמים,450.00,100 גרם,false,1,21.90,4.8667,true,1,124637
7290018131077,false,שלגון מילקה עם ריפל,פרונרי פולין,PL,שלגון מילקה עם ריפל שוקולד 71 גרם,גרמים,71.00,100 גרם,false,1,11.50,16.1972,true,1,128441
7290018131336,false,שלגון ליון קרמל 66גר,פרונרי פולין,PL,שלגון ליון קרמל 66גרם,גרמים,66.00,100 גרם,false,1,11.50,17.4242,true,1,128442
7290018131534,false,מאגדץ מיני בייטס מיל,שוורצקוף& הנקל דיסלד,PL,מאגדץ מיני בייטס מילקה 250 גרם,גרמים,250.00,100 גרם,false,1,21.90,8.7600,true,1,124414
7290018194683,false,עוגיות בטעם חמאה בפח,"אס. אף. אס מאפים בע""",IL,עוגיות בטעם חמאה בפח עוגלה 170 גרם,גרמים,170.00,100 גרם,false,1,6.90,4.0588,true,1,127731
7290018296615,false,פיתה כוסמין ביס,"מאפיית אגמי בע""מ",,פיתה כוסמין ביס,גרמים,500.00,100 גרם,false,1,17.90,3.5800,true,1,125433
7290018296646,false,חלת כוסמין תחתית קרט,מאפיית אגמי,IL,חלת כוסמין תחתית קרטון,יחידה,1.00,יחידה,false,1,19.90,19.9000,true,1,127396
7290018296806,false,לחם בריאות מעושר,מאפיית אגמי,IL,לחם בריאות מעושר,גרמים,600.00,100 גרם,false,1,14.90,2.4833,true,1,125432
7290018296813,false,פיתה קלה ביס,"מאפיית אגמי בע""מ",,פיתה קלה ביס,גרמים,500.00,100 גרם,false,1,14.90,2.9800,true,1,125434
7290018440070,false,תרכיז עגבניות בשפורפ,בלה איטליה,IT,תרכיז עגבניות בשפורפרת 28  BX 200 גר,גרמים,200.00,100 גרם,false,1,8.90,4.4500,true,1,127101
7290018440209,false,פליפז בייגלה מצופה פ,אולקר מקבוצת פלאדיס,TR,"Flipz, חטיף בייגלה אפוי בציפוי שוקולד חלב, 140 גרם",גרמים,140.00,100 גרם,false,1,8.90,6.3571,true,1,127717
7290018468326,false,נקניקיה צמחית בסגנון,טירת צבי,IL,נקניקיה צמחית בסגנון  ניו יורק טירת צבי  400 גרם,גרמים,400.00,100 גרם,false,1,39.90,9.9750,true,1,139169
7290018471920,false,שוופס מוגז פירות ענב,"יפאורה תבורי בע""מ",IL,שוופס מוגז פירות ענבים 1.5 ל',ליטרים,1.50,ליטר,false,1,10.50,7.0000,true,1,136801
7290018500361,false,לחם אחיד פרוס אנגל 9,מאפיית שלמה א. אנגל,IL,לחם אחיד פרוס אנגל 900 גרם,גרמים,900.00,100 גרם,false,1,9.49,1.0544,true,1,138766
7290018500385,false,חלה רגילה אנגל 650 ג,מאפיית שלמה א. אנגל,IL,חלה רגילה אנגל 650 גרם,גרמים,650.00,100 גרם,false,1,8.14,1.2523,true,1,138767
7290018500392,false,חלה קלועה אנגל 650 ג,מאפיית שלמה א. אנגל,IL,חלה קלועה אנגל 650 גרם,גרמים,650.00,100 גרם,false,1,8.14,1.2523,true,1,138768
7290018540329,false,פיתה פיתה אנגל בלדי,מאפיית שלמה א. אנג'ל,IL,פיתה פיתה אנגל בלדי 8 יח 880 גרם,גרמים,880.00,100 גרם,false,1,12.90,1.4659,true,1,127904
7290018652053,false,ביסקולידה קסטרה 95 ג,נגה גלידות,IL,ביסקולידה קסטרה 95 גרם,גרמים,95.00,100 גרם,false,1,5.90,6.2105,true,1,128439
7290018652190,false,קראנץ בר אימפלס 60גר,גלידות נסטלה,IT,קראנץ בר אימפלס 60גרם,גרמים,60.00,100 גרם,false,1,6.90,11.5000,true,1,137655
7290018652770,false,טילון גולדה 115גרם,גלידות נסטלה,IL,טילון גולדה 115גרם,גרמים,115.00,100 גרם,false,1,10.50,9.1304,true,1,137656
7290018652947,false,שלגון קראנץ פיסטוק 1,גלידות נסטלה,IL,שלגון קראנץ פיסטוק 100 גרם,גרמים,100.00,100 גרם,false,1,10.50,10.5000,true,1,138322
7290018708125,false,בארכה חלבה מסולסלת ו,בארכה,IL,בארכה חלבה מסולסלת וניל 250גרם,גרמים,250.00,100 גרם,false,1,17.90,7.1600,true,1,137208
7290018848012,false,יין לבן בפחית  250 מ,דונלי ויני,IT,"יין לבן בפחית  250 מ""ל",מיליליטרים,250.00,"100 מ""ל",false,1,14.90,5.9600,true,1,137415
7290018893449,false,צוקטה סטרופוופל במיל,ארלוי אס.אל.יו.,NL,צוקטה סטרופוופל במילוי קרמל 175 גר,גרמים,175.00,100 גרם,false,1,9.90,5.6571,true,1,136213
7290018893814,false,טבלאת שוקולד צוקטה מ,איברקקאו,ES,טבלאת שוקולד צוקטה מריר 500 גרם חמישייה,גרמים,500.00,100 גרם,false,1,19.90,3.9800,true,1,135969
7290018894019,false,בלקוני עוגות מיקס מק,בלקוני,IT,בלקוני עוגות מיקס מקס חלב 350 ג,גרמים,350.00,100 גרם,false,1,14.90,4.2571,true,1,138056
7290018894248,false,שוקולד חלב צוקטה 3,נטרה,FR,שוקולד חלב צוקטה 3   100 גרם,גרמים,300.00,100 גרם,false,1,14.90,4.9667,true,1,140214
7290018894606,false,בלקוני וופל קקאו 175,בלקוני,IT,בלקוני וופל קקאו 175 ג,גרמים,175.00,100 גרם,false,1,8.90,5.0857,true,1,138054
7290018925065,false,מיץ תפוזים סחוט פרימ,השחר,IL,פרימור סחוט מיץ תפוזים 100% 2 ליטר,ליטרים,2.00,ליטר,false,1,28.50,14.2500,true,1,137023
7290018925072,false,מיץ לימון עם נענע סח,השחר,IL,פרימור משקה קל לימונים ונענע 2 ליטר,ליטרים,2.00,ליטר,false,1,28.50,14.2500,true,1,136805
7290019056119,false,סודה שוופס 1.5 ליטר,"יפאורה תבורי בע""מ",IL,סודה שוופס 1.5 ליטר,ליטרים,1.50,ליטר,false,1,4.20,2.8000,true,1,136823
7290019056126,false,סודה שוופס לימון 1.5,"כד בני דרום בע""מ",IL,שוופס סודה לימון 1.5 ל',ליטרים,1.50,ליטר,false,1,4.20,2.8000,true,1,136824
7290019056171,false,סודה שוופס לימון מאר,"יפאורה תבורי בע""מ",IL,סודה שוופס לימון מארז רביעייה 1.5 ליטר,ליטרים,6.00,ליטר,false,4,12.20,2.0333,true,1,136828
7290019056324,false,שוופס מי טוניק בקבוק,"כד בני דרום בע""מ",IL,שוופס טוניק 1.5 ל',ליטרים,1.50,ליטר,false,1,15.90,10.6000,true,1,136841
7290019196204,false,רביעיית טונה הספן בש,תעשיות פילטונה,IL,רביעיית טונה הספן בשמן קנולה   540גרם,גרמים,540.00,100 גרם,false,4,19.90,3.6852,true,1,138090
7290019297451,false,"מי ורדים 500 מ""ל",אף.סי תבליני בגליל ב,BE,שקדיה מי ורדים 500 מל,מיליליטרים,500.00,"100 מ""ל",false,1,15.90,3.1800,true,1,111681
7290019297635,false,שקדים קלויים ששון הק,דין שיווק,IL,שקדים קלויים ששון הקולה 150 גרם,גרמים,150.00,100 גרם,false,1,17.90,11.9333,true,1,135869
7290067642005,false,בירה גולדסטאר SLOW B,טמפו,IL,גולדסטאר 10% בירה לאגר חזקה מאוד,מיליליטרים,330.00,"100 מ""ל",false,1,9.50,2.8788,true,1,111618
7290100240137,false,למייבש כביסה בדין,"זוהר דליה, קיבוץ דלי",IL,בדין  תרסיס ריחני למייבש הכביסה כחול 500 מל,מיליליטרים,500.00,"100 מ""ל",false,1,19.90,3.9800,true,1,74706
7290100240144,false,למייבש כביסה בדין,"זוהר דליה, קיבוץ דלי",IL,בדין  תרסיס ריחני למייבש כביסה ורוד 500 מל,מיליליטרים,500.00,"100 מ""ל",false,1,19.90,3.9800,true,1,78688
7290100240632,false,פתית 6 דגנים 250 גרם,יוניליוור ישראל מזון,IL,פתיתי 6 דגנים קרקר פריך מ6 דגנים,גרמים,250.00,100 גרם,false,1,18.20,7.2800,true,1,70381
7290100412701,false,דר עור קרם גוף קלאסי,אמיליה קוסמטיקס בעמ,IL,"DOCTOR OR, תחליב גוף קלאסי בניחוח מאסק, 400 מל",לא מנהל יחידת מידה,0.00,לא מנהל יחידת מידה,false,1,31.90,0.0000,true,1,120055
7290100412749,false,דר עור תרחיץ פנים לע,אמיליה קוסמטיקס בעמ,IL,דר עור תרחיץ פנים לעור יבש פרחי בר,לא מנהל יחידת מידה,0.00,לא מנהל יחידת מידה,false,1,24.50,0.0000,true,1,120058
7290100653586,false,דאודורנט ליידי ספיד,קולגייט פלמוליב,US,דאודורנט ליידי ספיד סטיק 24/7 גל פרש פיוזן 65 גרם,גרמים,65.00,100 גרם,false,1,19.90,30.6154,true,1,25066
7290100680667,false,מנה חמה נודלס סצואן,THAI PRESIDENT FOODS,TH,מנה חמה נודלס+ירקות ט.סצ'ואן6 6*76גרם,גרמים,76.00,100 גרם,false,1,6.90,9.0789,true,1,24267
7290100681015,false,פודינג ריבת חלב,מיוצר עי קונדיטוריית,IL,פודינג ריבת חלב 84 גרם,גרמים,84.00,100 גרם,false,1,5.90,7.0238,true,1,58022
7290100684764,false,במבה יום הולדת על סר,"אסם השקעות בע""מ",IL,במבה יום הולדת סרט6 8*25גרם,גרמים,25.00,100 גרם,false,1,2.50,10.0000,true,1,32787
7290100685341,false,אבקת מרק טעם עוף 400,"אסם השקעות בע""מ",IL,אסם מרק זך טעם עוף רכיבים טבעים 6*400ג,גרמים,400.00,100 גרם,false,1,19.90,4.9750,true,1,34988
7290100687109,false,במבה במילוי נוגט,"אסם השקעות בע""מ",IL,במבה במילוי נוגט 60 גרם,גרמים,60.00,100 גרם,false,1,4.90,8.1667,true,1,47717
7290100700020,false,גריסי פנינה 500 גרם,"סוגת תעשיות בע""מ",IL,גריסי פנינה 500 גרם,גרמים,500.00,100 גרם,false,1,5.90,1.1800,true,1,24144
7290100700075,false,פירורי לחם מוזהבים ס,"סוגת תעשיות בע""מ",IL,פירורי לחם מוזהבים סוגת 200 גרם,גרמים,200.00,100 גרם,false,1,4.20,2.1000,true,1,95231
7290100700273,false,קינואה סוגת 500 גרם,"סוגת תעשיות בע""מ",IL,קינואה 500 גרם,גרמים,500.00,100 גרם,false,1,15.90,3.1800,true,1,59192
7290100700372,false,אורז בסמטי מלא סוגת,"סוגת תעשיות בע""מ",IL,אורז בסמטי מלא 1 קג,קילוגרמים,1.00,"ק""ג",false,1,16.90,16.9000,true,1,68800
7290100700587,false,בורגול סוגת 500 גרם,"סוגת תעשיות בע""מ",IL,בורגול 500 גרם,גרמים,500.00,100 גרם,false,1,5.90,1.1800,true,1,66842
7290100701348,false,קמח שיפון מלא סוגת 1,שטיבל,IL,"קמח שיפון מלא סוגת 1 ק""ג",קילוגרמים,1.00,"ק""ג",false,1,7.90,7.9000,true,1,80214
7290100701874,false,"קמח כוסמין מלא 1ק""ג",טחנות קמח שטיבל באר,IL,קמח כוסמין מלא + 14,קילוגרמים,1.00,"ק""ג",false,1,17.90,17.9000,true,1,110551
7290100703533,false,קמח קסם שמרים סוגת 1,"שטיבל בע""מ",IL,"קמח קסם שמרים סוגת 1 ק""ג",קילוגרמים,1.00,"ק""ג",false,1,9.90,9.9000,true,1,115360
7290100703854,true,קוביות סוכר דמררה,,,קוביות סוכר דמררה,Unknown,0.00,Unknown,false,1,10.90,0.0000,true,1,119398
7290100703861,false,קמח קסם לחלה סוגת 1,סוגת,IL,"קמח קסם לחלה סוגת 1 ק""ג",קילוגרמים,1.00,"ק""ג",false,1,9.90,9.9000,true,1,119400
7290100704066,false,עדשים צהובות 500 גרם,"סוגת תעשיות בע""מ",IL,עדשים צהובות 500 גרם,גרמים,500.00,100 גרם,false,1,8.90,1.7800,true,1,117591
7290100704141,false,סודה לשתייה 100 גרם,א.ל. ייצור ושיווק תב,IL,סודה לשתיה 100 גרם,גרמים,100.00,100 גרם,false,1,3.30,3.3000,true,1,119097
7290100704493,false,קמח שמרים פיצה  סוגת,"שטיבל בע""מ - טחנת קמ",IL,קמח שמרים פיצה,קילוגרמים,1.00,"ק""ג",false,1,9.90,9.9000,true,1,129520
7290100850916,false,דוריטוס חמוץ חריף 70,"שטראוס פריטו ליי בע""",IL,דוריטוס חמוץ חריף 70 גר 48 יח,גרמים,70.00,100 גרם,false,1,3.90,5.5714,true,1,22398
7290100850930,false,דוריטוס טבעי 70 גרם,שטראוס פריטו ליי  בע,IL,דוריטוס טבעי 70 גר 48 יח,גרמים,70.00,100 גרם,false,1,3.90,5.5714,true,1,22400
7290100858592,false,אבקת קקאו עלית 150 ג,הנסיך- מפעל לייצור ט,IL,שקית קקאו 150גרם/20שק/150גר,גרמים,150.00,100 גרם,false,1,11.80,7.8667,true,1,38972
7290101453871,false,נר מספר   0,סודי,,נר מספר   0,Unknown,0.00,Unknown,false,1,4.50,0.0000,true,1,101323
7290101453888,false,נר מספר  1,סודי,,נר מספר  1,Unknown,0.00,Unknown,false,1,4.50,0.0000,true,1,101324
7290101453895,false,נר מספר  2,סודי,,נר מספר  2,Unknown,0.00,Unknown,false,1,4.50,0.0000,true,1,101325
7290101453901,false,נר מספר  3,סודי,,נר מספר  3,Unknown,0.00,Unknown,false,1,4.50,0.0000,true,1,101326
7290101453918,false,נר מספר  4,סודי,,נר מספר  4,Unknown,0.00,Unknown,false,1,4.50,0.0000,true,1,101327
7290101453925,false,נר מספר     5,סודי,,נר מספר     5,Unknown,0.00,Unknown,false,1,4.50,0.0000,true,1,101328
7290101453932,false,נר מספר 6,סודי,,נר מספר 6,Unknown,0.00,Unknown,false,1,4.50,0.0000,true,1,101329
7290101453949,false,נר מספר  7,סודי,,נר מספר  7,Unknown,0.00,Unknown,false,1,4.50,0.0000,true,1,101330
7290101453956,false,נר מספר  8,סודי,,נר מספר  8,Unknown,0.00,Unknown,false,1,4.50,0.0000,true,1,101331
7290101453963,false,נר מספר  9,סודי,,נר מספר  9,Unknown,0.00,Unknown,false,1,4.50,0.0000,true,1,101332
7290101488286,false,דאודורנט ספרי ליידי,קולגייט פלמוליב,RU,דאודורנט ספרי ל.ספיד ורוד פרש פיוזן150 מ,מיליליטרים,150.00,"100 מ""ל",false,1,23.90,15.9333,true,1,55935
7290101500551,false,סלרי אמריקאי ארוז,חקלאי,IL,סלרי אמריקאי ארוז,לא מנהל יחידת מידה,0.00,לא מנהל יחידת מידה,false,1,5.90,0.0000,true,1,123071
7290101500568,false,סלרי ראש ארוז,חקלאי,IL,סלרי ראש ארוז,לא מנהל יחידת מידה,0.00,לא מנהל יחידת מידה,false,1,5.90,0.0000,true,1,123072
7290101500926,false,תרד ארוז,חקלאי,IL,תרד ארוז,Unknown,0.00,Unknown,false,1,12.90,0.0000,true,1,52181
7290101501138,false,כרובית ארוזה יח,חקלאי,IL,כרובית ארוזה יח,קילוגרמים,1.50,"ק""ג",false,1,13.90,9.2667,true,1,130156
7290101501305,false,מלפפון טעם,חקלאי,IL,מלפפון טעם,גרמים,230.00,100 גרם,false,1,9.90,4.3043,true,1,128092
7290101501589,false,גינגר יחידה 200 גרם,יוליניבר,IL,גינגר,גרמים,200.00,100 גרם,false,1,10.90,5.4500,true,1,138187
7290101551300,false,סילאן לחיץ יד מרדכי,"פוליבה בע""מ",IL,סילאן טבעי לחיץ 380 גרם,גרמים,380.00,100 גרם,false,1,16.90,4.4474,true,1,119624
7290101551539,true,דנונה פרו 20 גרם בטע,"שטראוס בריאות בע""מ",IL,דנונה פרו 20 גר אפרסק 0% שומן,גרמים,200.00,100 גרם,false,1,5.90,2.9500,true,1,118494
7290101865261,false,נוזל הברקה למדיח,פיניש,,"פיניש נוזל הברקה למדיח 800 מ""ל",מיליליטרים,800.00,"100 מ""ל",false,1,22.90,2.8625,true,1,87361
7290101866633,false,"ג""ל להסרת כתמים קליה",קליה,,"ג""ל להסרת כתמים קליה וניש 3 ליטר",ליטרים,3.00,ליטר,false,1,26.90,8.9667,true,1,78267
7290101984412,false,זיקוק מספר,F.T.I,,זיקוק מספר,Unknown,0.00,Unknown,false,1,4.90,0.0000,true,1,95211
7290101986799,false,שושנת שוקולד חלב,יושלם,,שושנת שוקולד חלב,לא מנהל יחידת מידה,0.00,לא מנהל יחידת מידה,false,1,12.80,0.0000,true,1,100198
7290101999638,false,נרות מטה כוכבים הלו,סודי,,נרות מטה כוכבים הלו קיטי,Unknown,0.00,Unknown,false,1,6.90,0.0000,true,1,102111
7290102003853,false,נרות מטה כוכבים מיני,סודי,,נרות מטה כוכבים מיני,Unknown,0.00,Unknown,false,1,6.90,0.0000,true,1,102114
7290103124601,false,פלמוליב סבון נוזלי ח,הנסיך- מפעל לייצור ט,TR,"פלמוליב סבון נוזלי חלב ודבש 750 מ""ל",מיליליטרים,750.00,"100 מ""ל",false,1,21.90,2.9200,true,1,94923
7290103401429,false,קפה פלטינום קצב ברזי,שטראוס קפה בי.וי,IL,פלטינום ברזילאי 200 גרם,גרמים,200.00,100 גרם,false,1,27.90,13.9500,true,1,56518
7290103404758,false,סלט כרוב אדום יום יו,מיוצר עי קונדיטוריית,IL,כרוב 120,גרמים,120.00,100 גרם,false,1,5.50,4.5833,true,1,54625
7290103681173,false,"יין קברנה 750 מ""ל סד",מיוצר על ידי יקב תבו,IL,הר קברנה סוביניון יין אדום יבש 2016 מל,מיליליטרים,750.00,"100 מ""ל",false,1,46.90,6.2533,true,1,119866
7290103681180,false,"יין מרלו 750 מ""ל סדר",מיוצר על ידי יקב תבו,IL,הר מרלו 750 מל,מיליליטרים,750.00,"100 מ""ל",false,1,46.90,6.2533,true,1,119865
7290103681197,false,יין תבור סדרת הר שיר,מיוצר על ידי יקב תבו,IL,"הר שיראז יין אדום יבש, 750 מל",מיליליטרים,750.00,"100 מ""ל",false,1,46.90,6.2533,true,1,119864
7290103681364,false,"יין קברנה 750 מ""ל סד",מיוצר על ידי יקב תבו,IL,תבור קברנה סוביניון  750 מל,מיליליטרים,750.00,"100 מ""ל",false,1,59.90,7.9867,true,1,119861
7290103681371,false,"יין מרלו 750 מ""ל סדר",מיוצר על ידי יקב תבו,IL,"יין מרלו 750 מ""ל סדרת תבור",מיליליטרים,750.00,"100 מ""ל",false,1,59.90,7.9867,true,1,119862
7290104061417,false,סלט חומוס וטחינה,"שטראוס גרופ בע""מ",IL,סלט חומוס וטחינה 400 גרם,גרמים,400.00,100 גרם,false,1,12.20,3.0500,true,1,59925
7290104061431,false,סלט חומוס וצנובר,"שטראוס גרופ בע""מ",IL,סלט חומוס וצנובר 400 גרם,גרמים,400.00,100 גרם,false,1,12.20,3.0500,true,1,59927
7290104061448,false,סלט חומוס וחריף,מיוצר עי קונדיטוריית,IL,חומוס חריף 400 גרם,גרמים,400.00,100 גרם,false,1,12.20,3.0500,true,1,59928
7290104067679,false,טחינה אחלה 400 גרם,מיוצר עי קונדיטוריית,IL,טחינה 400,גרמים,400.00,100 גרם,false,1,10.90,2.7250,true,1,107537
7290104500572,false,אפרופו איטליאנו,"אסם השקעות בע""מ",IL,אפרופו איטלקי 36*50גרם,גרמים,50.00,100 גרם,false,1,5.20,10.4000,true,1,73950
7290104508202,false,גביעי גלידה 24 יח 12,"גילרו בע""מ",IL,אסם 24 גביעי גלידה אמריקאים 12*120גרם,גרמים,120.00,100 גרם,false,1,13.90,11.5833,true,1,75694
7290104570513,false,"תמר מג""הול 1 ק""ג",חקלאי,IL,"תמר מג""הול 1 ק""ג",קילוגרמים,1.00,"ק""ג",false,1,14.90,14.9000,true,1,139289
7290104722530,false,תפוציפס שמנת בצל200,"שטראוס פריטו ליי בע""",IL,תפו שמנת בצל 200 גר 12 יח - שמיטה,גרמים,200.00,100 גרם,false,1,9.90,4.9500,true,1,68499
7290104726712,false,מארז מילקי שמיניה,"שטראוס גרופ בע""מ",IL,מארז 8 מילקי בטעם שוקולד,קילוגרמים,1.06,"ק""ג",false,1,22.90,21.6038,true,1,78923
7290104728310,false,שמנת עמידה לקצפת 38%,מחלבת יטבתה,IL,שמנת להקצפה 38% מהדרין,מיליליטרים,250.00,"100 מ""ל",false,1,6.47,2.5880,true,1,74441
7290104729003,false,שמן זית כתית מעולה י,תות תעשיות מזון (201,IL,שמן זית כתית מעולה יד מרדכי,מיליליטרים,750.00,"100 מ""ל",false,1,34.90,4.6533,true,1,118813
7290104961878,false,קרטין אינטנס שמפו,קוסמופארם בע''מ,IL,קרטין אינטנס- שמפו לשיער,מיליליטרים,400.00,"100 מ""ל",false,1,29.90,7.4750,true,1,86227
7290104961892,false,קרטין אינטנס מסיכה,טרופיקל דגיל תעשיות,IL,קרטין אינטנס- מסכה לשיער,מיליליטרים,350.00,"100 מ""ל",false,1,29.90,8.5429,true,1,86229
7290104964015,false,סקין גארד סטיק הגנה,מיוצר עי : אמיליה קו,US,סקין גארד סטיק הגנה לפנים 50 מל,מיליליטרים,50.00,"100 מ""ל",false,1,41.90,83.8000,true,1,111449
7290105360250,false,קפסולות מקיאטו 10 יח,שטראוס קפה בי.וי.,IL,קפסולות 09 למכונות NESPRESSO,גרמים,50.00,100 גרם,false,1,16.90,33.8000,true,1,87435
7290105360328,false,קפסולות קפה אספרסו 1,שטראוס קפה בי.וי.,IL,קפסולות 10 למכונות NESPRESSO,גרמים,50.00,100 גרם,false,1,16.90,33.8000,true,1,87465
7290105360335,false,קפסולות אספרסו 10 יח,שטראוס קפה בי.וי.,IL,קפסולות 07 למכונות NESPRESSO,גרמים,50.00,100 גרם,false,1,16.90,33.8000,true,1,87466
7290105360878,false,מארז תפוציפס,"שטראוס פריטו ליי בע""",IL,מארז תפוציפס 50*4 גרם,גרמים,200.00,100 גרם,false,1,12.90,6.4500,true,1,98738
7290105362339,false,שמנת לבישול     15%,מחלבת יטבתה,IL,"שמנת לבישול 15% מהדרין 250 מ""ל",מיליליטרים,250.00,"100 מ""ל",false,1,8.60,3.4400,true,1,81512
7290105363602,false,מקלות כיף כף קלאסי,"איי, בי, אינבוו",TR,כיף כף מקלות קלאסי,גרמים,40.00,100 גרם,false,1,5.90,14.7500,true,1,85387
7290105364289,false,מקלות כיף כף פצפוצים,"איי, בי, אינבוו",TR,כיף כף מקלות פצפוצים,גרמים,40.00,100 גרם,false,1,5.90,14.7500,true,1,85388
7290105366993,false,גבינת סימפוניה פלפל,"שטראוס בריאות בע""מ",IL,סימפוניה פילפל שיפקה חריף,גרמים,200.00,100 גרם,false,1,11.90,5.9500,true,1,93246
7290105430458,false,פלמוליב סבון נוזלי,הנסיך- מפעל לייצור ט,TR,"פלמוליב נטורלס תחליב רחצה חלב שקדים,  750 מל",מיליליטרים,750.00,"100 מ""ל",false,1,21.90,2.9200,true,1,87927
7290105438546,true,נייר אפייה מתכלה קוק,סטודיו קוק,IL,קוקי נייר אפייה פרימיום 40 יחידות,Unknown,0.00,Unknown,false,1,9.90,0.0000,true,1,130769
7290105439581,false,חרדל דיזיון צרפתי מא,סאם קווינור,FR,חרדל דיזיון צרפתי מאסטר שף 370 גרם,גרמים,370.00,100 גרם,false,1,11.90,3.2162,true,1,108875
7290105439598,false,חרדל דיזיון גרגרים מ,סאם קווינור,FR,חרדל דיזיון גרגרים מאסטר שף 370 גרם,גרמים,370.00,100 גרם,false,1,11.90,3.2162,true,1,108876
7290105691224,false,טורטייה שום בצל 60 ג,,IL,אסם חטיפי פריכונים טורטיה שום בצל 12*60ג,גרמים,60.00,100 גרם,false,1,7.90,13.1667,true,1,78924
7290105691248,false,טורטייה תירס 60 גרם,,IL,אסם חטיפי פריכונים טורטיה תירס 12*60גרם,גרמים,60.00,100 גרם,false,1,7.90,13.1667,true,1,78925
7290105692498,false,הבית עוגת בראוניס כש,אסם,IL,הבית עוגת בראוניס כשלפ  430 גרם,גרמים,430.00,100 גרם,false,1,19.90,4.6279,true,1,80339
7290105695895,false,עוגת הבית דמקה דבש 3,"אסם השקעות בע""מ",IL,הבית עוגת דמקה דבש 8*320גרם,גרמים,320.00,100 גרם,false,1,14.90,4.6563,true,1,82966
7290105962980,false,כרוב אדום 400 גרם,מיוצר עי קונדיטוריית,IL,כרוב אדום 400,גרמים,400.00,100 גרם,false,1,10.90,2.7250,true,1,107536
7290105963000,false,מטבוחה  400 גרם,מיוצר עי קונדיטוריית,IL,מטבוחה 400,גרמים,400.00,100 גרם,false,1,10.90,2.7250,true,1,107531
7290105965738,false,משקה יוגורט דנונה תו,מיוצר עי קונדיטוריית,IL,"משקה יוגורט דנונה תות בננה 267מ""ל",מיליליטרים,267.00,"100 מ""ל",false,1,5.30,1.9850,true,1,95118
7290105968777,false,פריכיות 5 דגנים עם ש,"טחנת האבן תעשיות בע""",IL,פריכיות אנרגי תחתית ש.מריר OS,גרמים,70.00,100 גרם,false,1,8.80,12.5714,true,1,88628
7290106520066,false,רבע לשבע אגוזים  160,הגביע מוצרי וופלים ב,IL,רבע לשבע (ירוק) 160 גר',גרמים,160.00,100 גרם,false,1,12.90,8.0625,true,1,85799
7290106524439,false,תפוציפס פופס 60 גרם,"שטראוס פריטו ליי בע""",IL,תפו פופס 60 גר 40 יח,גרמים,60.00,100 גרם,false,1,3.90,6.5000,true,1,114171
7290106528567,false,דוריטוס גריל 185 גרם,הנסיך- מפעל לייצור ט,IL,דוריטוס גריל 185 גר 12 יח,גרמים,185.00,100 גרם,false,1,8.00,4.3243,true,1,109248
7290106528628,false,דוריטוס טבעי 185 גרם,הנסיך- מפעל לייצור ט,IL,דוריטוס טבעי 185 גרם,גרמים,185.00,100 גרם,false,1,8.00,4.3243,true,1,109249
7290106571037,false,גומיגם מארז 5 יחידות,המאפיה של הרמן,IL,גומיגם מאגדת כלפ.7 5*90גרם,גרמים,450.00,100 גרם,false,1,26.90,5.9778,true,1,86966
7290106571792,false,ויטמינציק ענבים,המאפיה של הרמן,IL,ויטמינצ'יק קרחון ענבים 48*80גרם,גרמים,80.00,100 גרם,false,1,2.90,3.6250,true,1,87043
7290106572027,false,לחמית חמישה דגנים,"אסם השקעות בע""מ",IL,לחמית חמישה דגנים 12*190גרם,גרמים,190.00,100 גרם,false,1,10.90,5.7368,true,1,85744
7290106572065,false,חטיפי טורטיה תירס,,IL,אסם חטיפי פרכ.טורטיה תר.חמוץ מתוק 12*60ג,גרמים,60.00,100 גרם,false,1,7.90,13.1667,true,1,85689
7290106572997,false,קמח שמרים לפיצה,,IL,"קמח שמרים לפיצה 1 ק""ג אסם",קילוגרמים,1.00,"ק""ג",false,1,9.90,9.9000,true,1,87865
7290106574120,false,שלגון גומיגם,המאפיה של הרמן,IL,גומיגם קרחון שרבט עם סוכריות בפנים42*90ג,גרמים,90.00,100 גרם,false,1,7.00,7.7778,true,1,93854
7290106574953,false,בייגלה שטוחים עם שומ,מיוצר עי קונדיטוריית,IL,אסם בייגלה שטוחים שומשום 9*300גרם,גרמים,300.00,100 גרם,false,1,11.90,3.9667,true,1,90975
7290106575257,false,עוגת הבית סופלה בטעם,מיוצר עי קונדיטוריית,IL,הבית עוגת סופלה בטעם שוקולד 8*340גרם,גרמים,340.00,100 גרם,false,1,15.90,4.6765,true,1,92167
7290106578692,false,במבה ביסלי מיקס 80 ג,אסם,IL,במבה ביסלי מיקס 36*80גרם,גרמים,80.00,100 גרם,false,1,5.90,7.3750,true,1,95565
7290106578821,false,עוגת הבית שמרים שוקו,מיוצר עי קונדיטוריית,IL,הבית עוגת שמרים שוקולד קלאסית 8*350ג,גרמים,350.00,100 גרם,false,1,19.90,5.6857,true,1,95792
7290106653504,false,בוטנים אמריקאים סבבה,"שטראוס פריטו ליי בע""",IL,בוטנים אמריקאים סבבה בטעם ברביקיו 50 גרם,גרמים,50.00,100 גרם,false,1,2.90,5.8000,true,1,93081
7290106662025,false,תפוציפס מלח פלפל 50,"שטראוס פריטו ליי בע""",IL,תפו מלח פלפל 50 גר 48 יח - שמיטה,גרמים,50.00,100 גרם,false,1,3.90,7.8000,true,1,111391
7290106663121,false,עוגת מילקי CAKE אישי,בובארד איטליה אס.פי.,IT,עוגת מילקי CAKE אישית 34 גרם,גרמים,34.00,100 גרם,false,1,3.90,11.4706,true,1,106082
7290106663503,false,קונפיטורה לייט תות ש,אף.סי תבליני בגליל ב,IL,קונפיטורת תות שדה לייט,גרמים,230.00,100 גרם,false,1,15.70,6.8261,true,1,99822
7290106663558,false,רוטב טריאקי רימון 28,אף.סי תבליני בגליל ב,IL,רוטב טריאקי 320 גרם,מיליליטרים,280.00,"100 מ""ל",false,1,14.90,5.3214,true,1,105328
7290106667266,false,דוריטוס חמוץ חריף 18,הנסיך- מפעל לייצור ט,IL,דוריטוס חמוץ חריף 185 גרם,גרמים,185.00,100 גרם,false,1,8.00,4.3243,true,1,109246
7290106668577,false,מיץ לימון טבעי יד מר,יורופוד ס.ר.ל,IT,"מיץ לימון טבעי 250 מ""ל",מיליליטרים,250.00,"100 מ""ל",false,1,8.90,3.5600,true,1,105329
7290106720626,false,חטיף ציטוס גבינה 80,"שטראוס פריטו ליי בע""",IL,ציטוס גבינה 80 גר 48 יח רבנות,גרמים,80.00,100 גרם,false,1,4.90,6.1250,true,1,111702
7290106721913,false,מסטיק מאסט ריח פה צי,"שטראוס גרופ בע""מ",IL,"צנצנת מאסט מנטה מרעננת לל""ס 66 גרם",גרמים,66.00,100 גרם,false,1,9.90,15.0000,true,1,105310
7290106721920,false,מסטיק מאסט ספירמינט,"שטראוס גרופ בע""מ.",IL,"צנצנת ספירמינט לל""ס 66 גרם",גרמים,66.00,100 גרם,false,1,9.90,15.0000,true,1,105311
7290106724419,false,עוגיות חיוכים וניל0,תות תעשיות מזון (201,IL,חיוכים וניל 150 בדצ,גרמים,150.00,100 גרם,false,1,5.90,3.9333,true,1,102674
7290107280020,false,שלישיה מטליות לחות ל,טרופיקל דגיל- תעשיות,IL,שלישיה מטליות לחות לניקוי כללי,לא מנהל יחידת מידה,0.00,לא מנהל יחידת מידה,false,1,25.60,0.0000,true,1,90178
7290107280570,false,גל כביסה מקסימה,סנו מפעלי ברונוס בעמ,IL,ג'ל כביסה 3 ל' MIX&WASH לכביסה צבעונית,ליטרים,3.00,ליטר,false,1,29.90,9.9667,true,1,99448
7290107280709,false,נוזל להברקה 700 מל,,IL,נוזל להברקה 700 מל                SPARK,מיליליטרים,900.00,"100 מ""ל",false,1,16.90,1.8778,true,1,101888
7290107280716,true,מלח למדיח,"מלח הארץ אילת בע""מ",IL,סנו ספארק מלח למדיח 2 קג,קילוגרמים,2.00,"ק""ג",false,1,12.90,6.4500,true,1,105148
7290107280761,false,נוזל כלים לימון,סנו מפעלי ברונוס בעמ,IL,ספארק משאבה לימון 1ל,ליטרים,1.00,ליטר,false,1,11.90,11.9000,true,1,101232
7290107280815,false,משמיד תיקנים   K301,"סנו מפעלי ברונוס בע""",IL,צהוב  סנו K301 300 מל,מיליליטרים,300.00,"100 מ""ל",false,1,12.90,4.3000,true,1,102529
7290107646147,false,חטיף שוגי קורנפלקס ש,יוניליוור ישראל מזון,IL,"שוגי חטיף פתיתי תירס קלויים, 156 גרם",גרמים,156.00,100 גרם,false,1,15.90,10.1923,true,1,115443
7290107646154,false,חטיף קוקומן פצפוצים,יוניליוור ישראל מזון,IL,"קוקומן חטיף פצפוצי דגנים בטעם שוקולד, 126 גרם",גרמים,126.00,100 גרם,false,1,15.90,12.6190,true,1,115444
7290107647632,false,קורנטו כשלפ וניל,יוניליוור,IL,קורנטו כשלפ וניל,לא מנהל יחידת מידה,0.00,לא מנהל יחידת מידה,false,1,9.90,0.0000,true,1,120237
7290107647823,false,ברנפלקס בדצ500 גרם,יוניליוור ישראל מזון,IL,ברנפלקס בדצ500 גרם,גרמים,500.00,100 גרם,false,1,25.90,5.1800,true,1,113210
7290107647854,false,דגני בוקר שוגי בדצ 5,יוניליוור ישראל מזון,IL,דגני בוקר שוגי בדצ 500 גרם,גרמים,500.00,100 גרם,false,1,24.90,4.9800,true,1,113208
7290107649681,false,קורנטו פסק זמן 64 גר,יוניליוור גרמניה  Gm,IL,קורנטו פסק זמן 64 גרם,גרמים,64.00,100 גרם,false,1,9.90,15.4688,true,1,120687
7290107649780,false,שוקובו שוקו 85 גרם,"מיוצר ע""י גלידת שטרא",IL,שוקובו שוקו 85 גרם,גרמים,85.00,100 גרם,false,1,10.90,12.8235,true,1,120690
7290107649858,false,טילון מגנום לבן גליד,"מיוצר ע""י גלידת שטרא",IL,מגנום  טילון שוקולד לבן 100 גרם,גרמים,100.00,100 גרם,false,1,10.90,10.9000,true,1,121327
7290107871297,false,פריכונים מיני עשבי ת,"מיוצר ע""י PT, משווק",IL,אסם פריכונים מיני עשבי תיבול 16*23גרם,גרמים,25.00,100 גרם,false,1,4.50,18.0000,true,1,101234
7290107871990,false,פסטה צינורות אסם 500,פסטה זארה,IT,אסם פסטה צינורות איטלקי 12*500גרם,גרמים,500.00,100 גרם,false,1,6.90,1.3800,true,1,102067
7290107874441,false,פריכונים מיני בצל מק,"מיוצר ע""י PT, משווק",IL,אסם פריכונים מיני בצל מקורמל 16*23גרם,גרמים,25.00,100 גרם,false,1,4.50,18.0000,true,1,101235
7290107875820,false,קרוטונים אפויים בתיב,עינת תעשיות,IL,אסם קרוטונים אפויים בתיבול ביתי 12*180ג,גרמים,180.00,100 גרם,false,1,12.90,7.1667,true,1,102619
7290107876889,false,במבה במילוי קרם נוגט,"אסם השקעות בע""מ",IL,במבה במילוי קרם נוגט 48*45גרם,גרמים,45.00,100 גרם,false,1,4.90,10.8889,true,1,107915
7290107879668,false,קרחון שרבט לה פרוטה,המאפיה של הרמן,IL,לה פרוטה תות 36*70גרם,גרמים,70.00,100 גרם,false,1,6.90,9.8571,true,1,108683
7290107879699,false,קרחון שרבט לה פרוטה,המאפיה של הרמן,IL,לה פרוטה מנגו 36*70גרם,גרמים,70.00,100 גרם,false,1,6.90,9.8571,true,1,108684
7290107932080,false,חלב בקבוק 3% מועשר 1,,IL,חלב בקבוק 3% מועשר 1 ליטר,ליטרים,1.00,ליטר,false,1,7.90,7.9000,true,1,107903
7290107932134,false,חלב בקבוק 1% מועשר 1,,IL,חלב בקבוק 1% מועשר 1 ליטר,ליטרים,1.00,ליטר,false,1,7.90,7.9000,true,1,107904
7290107933315,false,חלב דל לקטוז 2% בקבו,מחלבת יטבתה,IL,חלב בבקבוק דל לקטוז 2%- מהדרין,ליטרים,1.00,ליטר,false,1,7.90,7.9000,true,1,107906
7290107933643,false,משקה חלב עם דגנים וב,מחלבת יטבתה,IL,"ארוחה קטנה בבקבוק בננה לל""ג",מיליליטרים,250.00,"100 מ""ל",false,1,5.00,2.0000,true,1,109237
7290107936309,false,יוגורט דנונה יווני ל,"שטראוס בריאות בע""מ",IL,דנונה יוגורט יווני לבן,גרמים,130.00,100 גרם,false,1,3.40,2.6154,true,1,110337
7290107936958,false,ביסקוויט עד חצות אצב,הדקלאים אגודת שיתופי,FR,ביסקוויט עד חצות אצבעות 125 גרם,גרמים,125.00,100 גרם,false,1,14.90,11.9200,true,1,113443
7290107936965,false,ביסקוויט עיגולים עד,"איי, בי, אינבוו",FR,עד חצות עיגולים,גרמים,225.00,100 גרם,false,1,14.90,6.6222,true,1,113442
7290107937634,false,מסטיק מאסט קוביות פפ,רוג'ר אנד רוג'ר,DE,צנצנת קוביות מנטה 58 גרם,גרמים,58.00,100 גרם,false,1,9.90,17.0690,true,1,110302
7290107937641,false,מסטיק מאסט קוביות בז,רוג'ר אנד רוג'ר,DE,צנצנת קוביות בזוקה 58 גרם,גרמים,58.00,100 גרם,false,1,9.90,17.0690,true,1,110323
7290107937856,false,קפסולות קפה מספר 11,שטראוס קפה בי.וי,IL,קפסולות 11 גואטמלה למכונות NESPRESSO,גרמים,50.00,100 גרם,false,1,16.90,33.8000,true,1,110286
7290107938396,false,משקה יוגורט אקטימל ת,"שטראוס בריאות בע""מ",IL,אקטימל שמיניה תות,מיליליטרים,864.00,"100 מ""ל",false,1,20.90,2.4190,true,1,109774
7290107943369,false,קוואקר שיבולת שועל ל,היידי שוקולד בירונטי,US,קוואקר שיבולת שועל ללא גלוטן 511 גרם,גרמים,511.00,100 גרם,false,1,19.90,3.8943,true,1,113271
7290107944472,false,גבינת סימפוניה שום ש,"שטראוס בריאות בע""מ",IL,סימפוניה שום שמיר 5%,גרמים,200.00,100 גרם,false,1,11.90,5.9500,true,1,110486
7290107945165,false,קונפיטורה משמש 340 ג,"ב.א. מזון בע""מ",IL,קונפיטורה משמש 340 גרם יד מרדכי,גרמים,340.00,100 גרם,false,1,14.90,4.3824,true,1,111144
7290107951111,false,בפלות לימון 200 גרם,"א.ג. גילרו בע""מ",IL,בפלות לימון 200 גרם,גרמים,200.00,100 גרם,false,1,5.10,2.5500,true,1,110538
7290107956901,true,קפסולות אגוזי לוז למ,שטראוס קפה בי.וי.,IL,קפסולות אגוזי לוז למכונות NESPRESSO,לא מנהל יחידת מידה,0.00,לא מנהל יחידת מידה,false,1,16.90,0.0000,true,1,116082
7290107957991,false,מילקי מינייס 144 גרם,בובארד איטליה אס.פי.,IT,מילקי מינייס,גרמים,144.00,100 גרם,false,1,14.90,10.3472,true,1,117710
7290107973038,false,פלמוליב סבון ידיים א,קולגייט פלמוליב,IT,פלמוליב סבון ידיים אקווריום 300 מל,מיליליטרים,300.00,"100 מ""ל",false,1,9.90,3.3000,true,1,112583
7290107973861,false,עגבניות קצוצות דק 1/,קונסורזיו קאסאלאסקו,IT,מאסטר שף עגבניות קצוצות דק מארז שלישייה,גרמים,400.00,100 גרם,false,1,15.90,3.9750,true,1,110176
7290107974073,false,עלי טורטיה קמח לבן 3,הנסיך- מפעל לייצור ט,DE,מאסטר שף עלי טורטיה קמח לבן 320 גר,גרמים,320.00,100 גרם,false,1,10.90,3.4063,true,1,109716
7290107974080,false,עלי טורטיה קמח לבן 8,הדקלאים אגודת שיתופי,DE,מאסטר שף עלי טורטייה קמח חיטה 756 גרם,גרמים,840.00,100 גרם,false,1,19.90,2.3690,true,1,109717
7290107978323,false,איטריות דקיקות מאסטר,הדקלאים אגודת שיתופי,PL,"מאסטר שף, אטריות דקיקות, 400 גרם",גרמים,400.00,100 גרם,false,1,6.50,1.6250,true,1,112337
7290107978330,false,איטריות דקות מאסטר ש,הדקלאים אגודת שיתופי,PL,מאסטר שף אטריות דקות 400 גרם,גרמים,400.00,100 גרם,false,1,6.50,1.6250,true,1,112338
7290107978637,true,משחת שיניים מרידול ח,קולגייט פלמוליב,PL,מרידול משחת שיניים למניעת בעיות חנייכים 75 מל,מיליליטרים,1.00,"100 מ""ל",false,1,19.90,1990.0000,true,1,119148
7290108350548,false,נוזל כלים סנו ספארק,סנו מפעלי ברונוס בעמ,IL,סנו נוזל לניקוי כלים בניחוח לבנדר עדין 1 ליטר,ליטרים,1.00,ליטר,false,1,11.90,11.9000,true,1,107008
7290108350654,false,תרסיס להתרת קשרים כי,קוסמופארם בע''מ,IL,כיף תרסיס להתרת קשרים 350 מל,מיליליטרים,350.00,"100 מ""ל",false,1,23.90,6.8286,true,1,109728
7290108351507,false,מרכך כביסה מקסימה 4ל,הורביץ סחר,IL,מרכך כביסה מקסימה 4ליטר SOFT SILK,ליטרים,4.00,ליטר,false,1,22.90,5.7250,true,1,110571
7290108351514,false,מרכך כביסה מקסימה BL,סנו,IL,מרכך כביסה מקסימה BLUE BLOSSOM,ליטרים,4.00,ליטר,false,1,22.90,5.7250,true,1,110570
7290108351569,false,מבשם ומרכך כביסה למי,"איי, בי, אינבוו",IL,"מקסימה למייבש הכביסה בייבי 750 מ""ל",Unknown,0.00,Unknown,false,1,18.90,0.0000,true,1,112833
7290108351620,false,סנו פרש- NO.2 לוכד ר,"סנו מפעלי ברונוס בע""",IL,"סנו פרש- NO.2 לוכד ריחות רעים 60 מ""ל",מיליליטרים,60.00,"100 מ""ל",false,1,15.90,26.5000,true,1,113363
7290108351767,false,מטהר אוויר חשמלי + מ,"יצרן מכשיר: זובלה, ש",CN,"סנו פרש, מכשיר אוטומטי לבישום אויר",לא מנהל יחידת מידה,0.00,לא מנהל יחידת מידה,false,1,39.90,0.0000,true,1,119077
7290108351965,false,גט סבון אסלה+חומץ ומ,סנו מפעלי ברונוס בעמ,IL,סנו +jet סבון אסלה בניחוח לבנדר,גרמים,0.00,100 גרם,false,1,13.90,0.0000,true,1,120834
7290108352207,false,מקסימה 40קפסולות גל,"גליל כימיקלים, א.ת.",IL,סנו מקסימה קפסולות לכביסה 40 יח,יחידה,1.00,יחידה,false,1,39.90,39.9000,true,1,133404
7290108352320,false,סנו פרש הום מלון בוט,סנו מפעלי ברונוס בעמ,IL,"סנו פרש הום מלון בוטיק 350 מ""ל",מיליליטרים,350.00,"100 מ""ל",false,1,15.90,4.5429,true,1,125367
7290108352337,false,סנו פרש אוטומטיק מלו,סנו מפעלי ברונוס בעמ,IL,מבשם לבית בניחוח מלון מפנק 250 מל,מיליליטרים,250.00,"100 מ""ל",false,1,17.90,7.1600,true,1,125369
7290108352344,false,סנו פרש אוטומטיק מלו,סנו מפעלי ברונוס בעמ,IL,מבשם לבית בניחוח מלון בוטיק 250 מל,מיליליטרים,250.00,"100 מ""ל",false,1,17.90,7.1600,true,1,125368
7290108352351,false,סנו תרסיס לחיטוי 99.,"סנו מפעלי ברונוס בע""",IL,99.9% תרסיס לחיטוי 400 מל,מיליליטרים,400.00,"100 מ""ל",false,1,21.90,5.4750,true,1,125103
7290108352429,false,מטהר אוויר ארומטי כח,סנו מפעלי ברונוס בעמ,IL,מטהר אוויר ארומטי כחול,Unknown,0.00,Unknown,false,1,13.90,0.0000,true,1,126039
7290108352450,false,ריצפז פרש הום בלו בל,סנו מפעלי ברונוס בעמ,IL,רצפז פרש הום 2ל מרכך כביסה,ליטרים,2.00,ליטר,false,1,21.90,10.9500,true,1,127604
7290108352627,false,מפת ניילון שקופה סנו,,,מפת ניילון שקופה סנו,לא מנהל יחידת מידה,0.00,לא מנהל יחידת מידה,false,1,14.90,0.0000,true,1,117785
7290108352900,false,מגבות הפלא גליל כפול,סנו מפעלי ברונוס בעמ,IL,"מגבות הפלא גליל כפול- מגבות עבות, חזקות וסופגות",לא מנהל יחידת מידה,0.00,לא מנהל יחידת מידה,false,1,21.90,0.0000,true,1,122115
7290108353082,false,סנו סופט ממחטות אף ב,סנו מפעלי ברונוס בעמ,IL,סנו סופט 120 ממחטות אף דו שכבתיות,יחידה,1.00,יחידה,false,1,9.90,9.9000,true,1,123045
7290108353396,false,מברשת שיניים אורביטו,Z.H.T PLASTICs China,CN,מברשת שיניים אורביטול 980 זוג,יחידה,1.00,יחידה,false,1,19.90,19.9000,true,1,123937
7290108353433,false,שטיפת מי פה אורביטול,"קוסמופארם בע""מ",IL,שטיפת מי פה אורביטול,מיליליטרים,500.00,"100 מ""ל",false,1,24.70,4.9400,true,1,119082
7290108353488,false,סנובון מוצק דיזיין ב,סנו מפעלי ברונוס בעמ,IL,סבון אסלה בניחוח סחלב פראי,יחידה,1.00,יחידה,false,1,6.90,6.9000,true,1,122117
7290108353518,false,סנו סושי תבניות אלומ,יויו טינואט,CN,סנו סושי תבניות אלומיניום XL עם ידית - 2,יחידה,1.00,יחידה,false,1,11.90,11.9000,true,1,123877
7290108353549,false,נייר אפייה סנו סושי,"טופ פלסט 2002 בע""מ",IL,"סנו סושי נייר אפייה, 100 יחידות, 38X42 סמ",יחידה,1.00,יחידה,false,1,19.90,19.9000,true,1,123879
7290108353563,false,סנו סושי קנה סוכר צל,"שנדונג , סין",CN,סנו סושי- 25 צלחות מקנה סוכר XL,יחידה,1.00,יחידה,false,1,16.90,16.9000,true,1,125264
7290108353587,false,סנו סושי קנה סוכר קע,"שנדונג , סין",CN,סנו סושי -25 קעריות קנה סוכר,יחידה,1.00,יחידה,false,1,13.90,13.9000,true,1,125267
7290108353648,false,סנו סושי 70 שקיות או,איי טי אריזות,TR,סנו סושי 70 שקיות אוכל מנייר + מדבקות במ,יחידה,1.00,יחידה,false,1,11.90,11.9000,true,1,125949
7290108353655,false,מפיות  גדולות לבנות,האנק טישו,PL,מפיות  גדולות לבנות 3שכבות סנו סושי 50,לא מנהל יחידת מידה,0.00,לא מנהל יחידת מידה,false,1,10.90,0.0000,true,1,124669
7290108353679,false,מפות ניילון שקופות ע,"טופ פלסט 2002 בע""מ",IL,סנו סושי - מפות ניילון שקופות נפתחות בקלות 10 יח,לא מנהל יחידת מידה,1.00,לא מנהל יחידת מידה,false,1,14.90,14.9000,true,1,124666
7290108354034,false,סבון ידיים קרמה חמאת,"קוסמופארם בע""מ",IL,קרמה סבון ידיים שיאה וקוקוי  300 מל,Unknown,0.00,Unknown,false,1,10.00,0.0000,true,1,126040
7290108354225,false,סנו מדיק אלוורה 100,nantong health& beyo,CN,"סנו מדיק אלוורה 100 מ""ל",מיליליטרים,100.00,"100 מ""ל",false,1,9.90,9.9000,true,1,127008
7290108354768,false,קרם גוף קרמה דבש 500,קוסמופארם,IL,"קרם גוף קרמה דבש 500 מ""ל",מיליליטרים,500.00,"100 מ""ל",false,1,24.90,4.9800,true,1,136537
7290108354829,false,קרמה קרם ידיים 100 מ,קוסמופארם,IL,קרמה קרם ידיים 100 מל ורד ווניל,מיליליטרים,100.00,"100 מ""ל",false,1,9.90,9.9000,true,1,126041
7290108354836,false,קרם ידיים מרוכז קרמה,קוסמופארם,IL,קרם ידיים מרוכז קרמה בישום עדין 50 מל,מיליליטרים,50.00,"100 מ""ל",false,1,14.90,29.8000,true,1,126042
7290108356021,false,כיף תחליב רחצה גלידה,גוד פוד פרודקטס S.p,IL,כיף תחליב רחצה בניחוח גלידת קרם עוגיות 700 מל,מיליליטרים,700.00,"100 מ""ל",false,1,12.90,1.8429,true,1,119094
7290108356229,false,גל גילוח קרמה מן קרב,אביאפ,TR,גל גילוח קרמה מן קרבון פאוור 200מל,מיליליטרים,200.00,"100 מ""ל",false,1,11.90,5.9500,true,1,124991
7290108356281,false,כיף תחליב רחצה קופיפ,גוד פוד פרודקטס S.p,IL,"כיף תחליב רחצה קופיפי 700 מ""ל",מיליליטרים,700.00,"100 מ""ל",false,1,12.90,1.8429,true,1,124989
7290108356489,false,כיף תחליב רחצה אפרסק,קוסמופארם,IL,כיף תחליב רחצה אפרסק 700 מל,מיליליטרים,700.00,"100 מ""ל",false,1,12.90,1.8429,true,1,138027
7290108357080,false,נושם BIO דיאודורנט ס,קוסמופארם,IL,נושם BIO דיאודורנט ספריי Secret Garden 1,מיליליטרים,150.00,"100 מ""ל",false,1,13.90,9.2667,true,1,138035
7290108357189,false,מבשם מקסימה למייבש F,"איי, בי, אינבוו",IL,מבשם מקסימה למייבש FLORAL TOUCH,יחידה,1.00,יחידה,false,1,18.90,18.9000,true,1,123880
7290108357202,false,סנוקליר בניחוח בלו 1,"סנו מפעלי ברונוס בע""",IL,סנוקליר בניחוח בלו 1 ליטר,ליטרים,1.00,ליטר,false,1,11.90,11.9000,true,1,128770
7290108357271,false,סנובון נוזלי עם חמצן,סנו,IL,"סנובון נוזלי עם חמצן 750 מ""ל",מיליליטרים,750.00,"100 מ""ל",false,1,11.90,1.5867,true,1,138269
7290108357417,false,קרם גוף קרמה ורד וונ,טרופיקל דגיל תעשיות,IL,קרמה קרם גוף ורד ווניל 500 מל,מיליליטרים,500.00,"100 מ""ל",false,1,24.90,4.9800,true,1,126049
7290108357769,false,כיף מרכך לשיער רגיל,גוד פוד פרודקטס S.p,IL,כיף מרכך לשיער רגיל תפוח זרעי ציה 700 מ,מיליליטרים,700.00,"100 מ""ל",false,1,12.90,1.8429,true,1,119951
7290108358070,false,תחליב רחצה קרמה קלאס,קוסמופארם בעמ,IL,קרמה  תחליב רחצה קלאסי 700 מל,מיליליטרים,700.00,"100 מ""ל",false,1,18.90,2.7000,true,1,133955
7290108359831,false,שמן גוף  בייבי כיף 5,"מיוצר ומשווק ע""י קוס",IL,בייבי כיף שמן גוף עם לחות מועשרת 500 מל,מיליליטרים,500.00,"100 מ""ל",false,1,25.90,5.1800,true,1,119087
7290108500264,false,נתחי טונה בהירה בשמן,גולדן פרייז,TH,נתחי טונה בהירה בשמן 95/65 גרם,לא מנהל יחידת מידה,0.00,לא מנהל יחידת מידה,false,1,3.90,0.0000,true,1,117371
7290108502329,true,נתחי טונה בשמן זית 6,ארזינא,TH,נתחי טונה בשמן זית 640 גרם ויליפוד 1/4,גרמים,640.00,100 גרם,false,1,30.90,4.8281,true,1,118506
7290109351209,false,קרחון שרבט לה פרוטה,תות תעשיות מזון (201,IL,קרחון שרבט לה פרוטה אננס תפוז 70 גרם,גרמים,70.00,100 גרם,false,1,6.90,9.8571,true,1,108688
7290109354101,false,לחמית ללא גלוטן 200,אסם,IL,לחמית ללא גלוטן 12*200גרם,גרמים,200.00,100 גרם,false,1,10.50,5.2500,true,1,112018
7290109355504,false,שלגון קראנץ וניל נוג,נטו מלינדה-בשר,IL,נסטלה קראנץ ונל.ליבת נגט.שקלד.לבן28*100ג,גרמים,100.00,100 גרם,false,1,10.50,10.5000,true,1,110564
7290109358482,false,קרמוגית אסם במילוי ח,היינץ צפון אמריקה מק,IL,אסם קרמוגית במילוי חלבה 12*200גרם,גרמים,200.00,100 גרם,false,1,11.90,5.9500,true,1,119721
7290109358765,false,דגני קראנץ רולס 450,"אסם השקעות בע""מ",IL,דגני קראנץ רולס 450 גרם,גרמים,450.00,100 גרם,false,1,19.90,4.4222,true,1,111718
7290109920146,false,מסיר אבן דורגול לקומ,פרח,,יעקבי דורגול מסיר אבן ללא הרתחה 750 מל,מיליליטרים,750.00,"100 מ""ל",false,1,20.90,2.7867,true,1,112092
7290110059712,false,רחפן משיכה עם סוכריו,,,רחפן משיכה עם סוכריות קשות מניונים  יחיד,לא מנהל יחידת מידה,0.00,לא מנהל יחידת מידה,false,1,5.90,0.0000,true,1,113188
7290110110635,false,"ספרייט בקבוק 500 מ""ל",כלורוקס אוקלנד,IL,"ספרייט בקבוק 500 מ""ל",מיליליטרים,500.00,"100 מ""ל",false,1,7.50,1.5000,true,1,115322
7290110110659,false,ספרייט פחית סליק 330,תות תעשיות מזון (201,IL,"סליק ספרייט LIME 330 מ""ל מבצע",מיליליטרים,330.00,"100 מ""ל",false,1,5.90,1.7879,true,1,115321
7290110111557,false,פאוורייד ספורט500מל,Caslino al Piano pla,IT,פאוורייד ספורט500מל בטעם פירות,מיליליטרים,500.00,"100 מ""ל",false,1,9.90,1.9800,true,1,119002
7290110111564,false,פאוורייד ספורט 500מל,Caslino al Piano pla,IT,פאוורייד ספורט 500מל איזוטוני בטעם הדרים,מיליליטרים,500.00,"100 מ""ל",false,1,9.90,1.9800,true,1,119003
7290110114787,false,מי נביעות +בטעם תפוח,תות תעשיות מזון (201,IL,נביעות+ בטעם תפוח 1.5 ליטר,ליטרים,1.50,ליטר,false,1,9.90,6.6000,true,1,136878
7290110114794,false,מי נביעות +בטעם אפרס,"איטיליאן פוד, אס.פי.",IL,מי נביעות +בטעם אפרסק 1.5 ליטר,ליטרים,1.50,ליטר,false,1,9.90,6.6000,true,1,136879
7290110114800,false,מי נביעות +בטעם ענבי,פארייפאבה אגרואינדוס,IL,נביעות + בטעם ענבים 1.5 ליטר,ליטרים,1.50,ליטר,false,1,9.90,6.6000,true,1,136880
7290110114855,false,מים נביעות שישייה בק,תות תעשיות מזון (201,IL,מים נביעות שישייה בקבוק 1.5 ליטר,ליטרים,9.00,ליטר,false,6,13.90,1.5444,true,1,136885
7290110114961,false,משקל פריגת תפוזים 1.,מולינו ניקולי s.p.a,IL,"פריגת תפוזים, 1.5 ליטר",ליטרים,1.50,ליטר,false,1,9.90,6.6000,true,1,136892
7290110114985,false,משקל פריגת אשכוליות,מולינו ניקולי s.p.a,IL,פריגת בטעם אשכוליות 1.5 ליטר,ליטרים,1.50,ליטר,false,1,9.90,6.6000,true,1,136894
7290110115005,false,משקל פריגת ענבים 1.5,מולינו ניקולי s.p.a,IL,משקה קל פירות ענבים תפוחים,ליטרים,1.50,ליטר,false,1,9.90,6.6000,true,1,136896
7290110115043,false,משקל פריגת לימונענע,מולינו ניקולי s.p.a,IL,משקה קל פירות לימונענע,ליטרים,1.50,ליטר,false,1,9.90,6.6000,true,1,136900
7290110115180,false,מים נביעות בקבוק 1.5,נביעות,,מים נביעות בקבוק 1.5 ליטר,ליטרים,1.50,ליטר,false,1,4.20,2.8000,true,1,137032
7290110115234,false,קולה ZERO נטול 1.5 ל,תות תעשיות מזון (201,IL,קוקה קולה ZERO נטול 1.5 ליטר,ליטרים,1.50,ליטר,false,1,8.90,5.9333,true,1,136916
7290110115296,false,פאנטה אורנג בקבוק 1.,תות תעשיות מזון (201,IL,פאנטה אורנג' 1.5 ליטר,ליטרים,1.50,ליטר,false,1,8.90,5.9333,true,1,136922
7290110115395,false,ספרייט זירו שישייה ב,"אינסטנטה בע""מ",IL,ZERO ספרייט שישיות 1.5 ליטר,ליטרים,9.00,ליטר,false,6,47.90,5.3222,true,1,136931
7290110115401,false,סודה קינלי שישייה  ב,החברה המרכזית לייצור,IL,סודה קינלי שישייה  בקבוק 1.5 ליטר,ליטרים,9.00,ליטר,false,6,22.90,2.5444,true,1,136932
7290110115418,false,קוקה קולה זירו שישיי,תות תעשיות מזון (201,IL,קולה ZERO שישיות 1.5 ליטר,ליטרים,9.00,ליטר,false,6,47.90,5.3222,true,1,136933
7290110115449,false,תה קר FUZE TEA מנגו,מולינו ניקולי s.p.a,IL,פיוזטי מנגו אננס 1.5 ליטר,ליטרים,1.50,ליטר,false,1,9.90,6.6000,true,1,136936
7290110115463,false,תה קר FUZE TEA אפרסק,מולינו ניקולי s.p.a,IL,פיוזטי אפרסק 1.5 ליטר,ליטרים,1.50,ליטר,false,1,9.90,6.6000,true,1,136938
7290110115623,false,ZERO פיוז טי אפרסק 1,מולינו ניקולי s.p.a,IL,פיוזטי ZERO אפרסק 1.5 ליטר,ליטרים,1.50,ליטר,false,1,9.90,6.6000,true,1,137013
7290110115777,false,מים נביעות בקבוק 1.5,נביעות,,מים נביעות בקבוק 1.5 ליטר,ליטרים,1.50,ליטר,false,1,4.20,2.8000,true,1,137033
7290110115821,false,ספרייט בקבוק 1.5 ליט,כלורוקס אוקלנד,IL,ספרייט בקבוק 1.5 ליטר,ליטרים,1.50,ליטר,false,1,8.90,5.9333,true,1,136919
7290110115838,false,ספרייט זירו בקבוק 1.,"אינסטנטה בע""מ",IL,ספרייט זירו בקבוק 1.5 ליטר,ליטרים,1.50,ליטר,false,1,8.90,5.9333,true,1,136920
7290110115845,false,קוקה קולה בקבוק  1.5,"אינסטנטה בע""מ",IL,קוקה קולה בקבוק  1.5 ליטר,ליטרים,1.50,ליטר,false,1,8.90,5.9333,true,1,136913
7290110116071,false,ZERO  פאנטה פירות יר,החברה המרכזית למשקאו,IL,ZERO  פאנטה פירות ירוק 500מל,מיליליטרים,500.00,"100 מ""ל",false,1,7.50,1.5000,true,1,138669
7290110116200,false,נביעות + לימון ליים,החברה המרכזית למשקאו,IL,"נביעות + לימון ליים 0 קלוריות 500 מ""ל",מיליליטרים,500.00,"100 מ""ל",false,1,7.00,1.4000,true,1,140171
7290110116385,false,קולה קולה  זירו סטאפ,החברה המרכזית למשקאו,IL,קולה קולה  זירו סטאפני 330 מל,מיליליטרים,330.00,"100 מ""ל",false,1,7.50,2.2727,true,1,139192
7290110320591,false,גבינה בולגרית 16% במ,תנובה,IL,פיראוס בולגרית 16% שומן במרקם מעודן,גרמים,250.00,100 גרם,false,1,22.70,9.0800,true,1,112007
7290110320850,false,פתיתי עמק בשקית 200,מולינו ניקולי s.p.a,IL,עמק פתיתים 28% שומן 200 גרם,גרמים,200.00,100 גרם,false,1,15.50,7.7500,true,1,113454
7290110320935,false,פרוסות מוצרלה 150 גר,תנובה מחלבת תל יוסף,IL,פרוסות מוצרלה קולקשיין 150 גרם,גרמים,150.00,100 גרם,false,1,17.40,11.6000,true,1,113338
7290110321680,false,יוגורט יופלה GO תות,מחלבת אלון תבור,IL,יוגורט עם תות בתוספת חלבוני חלב,גרמים,200.00,100 גרם,false,1,5.90,2.9500,true,1,115436
7290110321697,false,יוגורט יופלה GO אפרס,מחלבת אלון תבור,IL,יוגורט עם אפרסק בתוספת חלבוני חלב,גרמים,200.00,100 גרם,false,1,5.90,2.9500,true,1,115437
7290110321703,false,יוגורט יופלה GO פירו,"תנובה בע""מ",IL,יוגורט עם פירות יער מועשר בחלבון,גרמים,200.00,100 גרם,false,1,5.90,2.9500,true,1,117000
7290110322014,false,טופו טבעי 300 גרם,סוי מג'ק,IL,טופו טבעי 300 גרם,גרמים,300.00,100 גרם,false,1,12.50,4.1667,true,1,117307
7290110322021,false,טופו בזיליקום 300 גר,סוי מג'ק,IL,טופו בטעם בזיליקום,גרמים,300.00,100 גרם,false,1,12.50,4.1667,true,1,117306
7290110323714,false,משקה קוקוס שקדים תנו,תנובה בעמ,IL,משקה קוקוס שקדים תנובה 1 ליטר,ליטרים,1.00,ליטר,false,1,12.90,12.9000,true,1,119965
7290110324711,false,ממרח סויה 9% בטעם טב,"תנובה בע""מ",IL,ממרח סויה 9% בטעם טבעי,גרמים,250.00,100 גרם,false,1,9.50,3.8000,true,1,121699
7290110324728,false,ממרח סויה 9% עם שום,"תנובה בע""מ",IL,ממרח סויה 9% עם שום שמיר,גרמים,250.00,100 גרם,false,1,9.50,3.8000,true,1,121700
7290110324926,false,משקה סויה ללא תוספת,"תנובה בע""מ",IL,משקה סויה ללא תוספת סוכר  1 ליטר,ליטרים,1.00,ליטר,false,1,11.50,11.5000,true,1,123644
7290110325114,false,משקה יוגורטGO לייט ת,מיוצר עי קונדיטוריית,IL,משקה יוגורטGO לייט תות בננה 250 מל,מיליליטרים,250.00,"100 מ""ל",false,1,6.50,2.6000,true,1,122832
7290110325619,false,משקה שיבולת שועל  1ל,"תנובה בע""מ",IL,משקה שיבולת שועל  1ליטר,ליטרים,1.00,ליטר,false,1,12.90,12.9000,true,1,124225
7290110325893,false,תנובה GO אייס קפה 34,"תנובה בע""מ",IL,תנובה GO אייס קפה 340 מל,מיליליטרים,340.00,"100 מ""ל",false,1,8.50,2.5000,true,1,124230
7290110326227,false,יופלה און טופ קורנפל,מחלבת אלון תבור,IL,יופלה און טופ קורנפלקס  157 גרם,גרמים,157.00,100 גרם,false,1,4.90,3.1210,true,1,124694
7290110326234,false,יופלה און טופ כוכבים,מחלבת אלון תבור,IL,יופלה און טופ כוכבים 157 גרם,גרמים,157.00,100 גרם,false,1,4.90,3.1210,true,1,124693
7290110326241,false,יופלה און טופ גרנולה,מחלבת אלון תבור,IL,יופלה און טופ גרנולה 157 גרם,גרמים,157.00,100 גרם,false,1,4.90,3.1210,true,1,124695
7290110326333,false,פרוסות גבינה סקנדינב,פ.פ.ח. שאביט,IL,פרוסות גבינה סקנדינבית קולקשיין 170 גרם,גרמים,200.00,100 גרם,false,1,18.90,9.4500,true,1,126805
7290110327804,false,חטיף חלבון גו בצק עו,"בלמונט קונפקציות בע""",US,חטיף חלבון גו בצק עוגיות 20גרם חלבון 60,גרמים,60.00,100 גרם,false,1,12.90,21.5000,true,1,129178
7290110327811,false,חטיף חלבון גו קוקוס,"בלמונט קונפקציות בע""",US,חטיף חלבון גו קוקוס 20גרם חלבון 60,גרמים,60.00,100 גרם,false,1,12.90,21.5000,true,1,129179
7290110327828,false,חטיף חלבון גו חמאת ב,"בלמונט קונפקציות בע""",US,חטיף חלבון גו חמאת בוטנים 20גרם חלבון 60,גרמים,60.00,100 גרם,false,1,12.90,21.5000,true,1,129180
7290110328016,false,משקה סויה מועשר בחלב,סוי מג'ק,IL,"משקה סויה מועשר בחלבון בטעם אגוזי לוז 250 מ""ל",מיליליטרים,250.00,"100 מ""ל",false,1,6.50,2.6000,true,1,128294
7290110328610,false,משקה אורז ושקדים ברי,תנובה בעמ,IL,משקה אורז ושקדים בריסטה אלטרנטיב 1 ליטר,ליטרים,1.00,ליטר,false,1,12.90,12.9000,true,1,135201
7290110328627,false,יוגורט GO סמיך 0% בנ,תנובה בעמ,IL,יוגורט GO סמיך 0% בננה קרמל 200 גרם,גרמים,200.00,100 גרם,false,1,5.90,2.9500,true,1,129208
7290110328764,false,יוגורט GO סמיך 0% תו,תנובה בעמ,IL,יוגורט GO סמיך 0% תות 200 גרם,גרמים,200.00,100 גרם,false,1,5.90,2.9500,true,1,129207
7290110328771,false,יוגורט GO סמיך 0% פ.,מיוצר עי קונדיטוריית,IL,יוגורט GO סמיך 0% פ. יער 200 גרם,גרמים,200.00,100 גרם,false,1,5.90,2.9500,true,1,129206
7290110328788,false,יוגורט GO סמיך 0% אפ,תנובה בעמ,IL,יוגורט GO סמיך 0% אפרסק 200 גרם,גרמים,200.00,100 גרם,false,1,5.90,2.9500,true,1,129205
7290110329136,false,מעדן חלב גו בטעם שוק,"תנובה בע""מ",IL,מעדן חלב גו בטעם שוקולד 12 חלבון 120גרם,גרמים,120.00,100 גרם,false,1,4.80,4.0000,true,1,136587
7290110329143,false,מעדן חלב גו בטעם וני,"תנובה בע""מ",IL,מעדן חלב גו בטעם וניל  12 חלבון  120גרם,גרמים,120.00,100 גרם,false,1,4.80,4.0000,true,1,136588
7290110329266,false,יוגורט תנובה מחלב עי,תנובה,IL,יוגורט תנובה מחלב עיזים  140 גרם,גרמים,140.00,100 גרם,false,1,5.90,4.2143,true,1,135977
7290110329273,false,יוגורט תנובה מחלב עי,תנובה,IL,יוגורט תנובה מחלב עיזים   750 גרם,גרמים,750.00,100 גרם,false,1,20.90,2.7867,true,1,135978
7290110329303,false,פרוסות בטעם צהובה קל,תנובה,IL,פרוסות בטעם צהובה קלאסית אלטרנטיב 200 גר,גרמים,200.00,100 גרם,false,1,21.90,10.9500,true,1,136591
7290110329686,false,משקה חלב GO בטעם עוג,תנובה,IL,משקה חלב GO בטעם עוגיות 340 מל,מיליליטרים,340.00,"100 מ""ל",false,1,8.50,2.5000,true,1,136592
7290110329730,false,משקה חלב עם קפה  שוק,"תנובה בע""מ",IL,"משקה חלב עם קפה  שוקולד  230 מ""ל",מיליליטרים,230.00,"100 מ""ל",false,1,7.90,3.4348,true,1,138467
7290110329792,false,סויה אלטרנטיב  ביו א,תנובה,IL,סויה אלטרנטיב  ביו אפרסק150 גרם,גרמים,150.00,100 גרם,false,1,4.50,3.0000,true,1,137075
7290110329808,false,סויה אלטרנטיב  ביו ת,תנובה,IL,סויה אלטרנטיב  ביו תות 150 גרם,גרמים,150.00,100 גרם,false,1,4.90,3.2667,true,1,137074
7290110329822,false,סויה אלטרנטיב  ביו פ,מיוצר עי קונדיטוריית,IL,סויה אלטרנטיב  ביו פירות יער   150 גרם,גרמים,150.00,100 גרם,false,1,4.90,3.2667,true,1,137186
7290110329846,false,סויה אלטרנטיב  ביו ט,תנובה,IL,סויה אלטרנטיב  ביו טבעי150 גרם,גרמים,150.00,100 גרם,false,1,4.90,3.2667,true,1,137076
7290110472016,false,כבל 2 מטר - TYPE C,,,כבל 2 מטר - TYPE C,יחידה,1.00,יחידה,false,1,39.90,39.9000,true,1,123658
7290110472467,false,מתאם למצת TYPE C,,,מתאם למצת TYPE C,יחידה,0.00,יחידה,false,1,44.90,0.0000,true,1,123497
7290110472474,false,מתאם קיר TYPE C,,,מתאם קיר TYPE C,יחידה,1.00,יחידה,false,1,54.90,54.9000,true,1,123498
7290110472856,false,מטען רכב Qualcomm Du,,,מטען רכב Qualcomm Duet,יחידה,1.00,יחידה,false,1,49.90,49.9000,true,1,123489
7290110473501,false,זרוע לרכב TECH GRIP,,,זרוע לרכב TECH GRIP BLACK,יחידה,1.00,יחידה,false,1,54.90,54.9000,true,1,123523
7290110473594,false,זרוע לרכב ROCKET GRI,,,זרוע לרכב ROCKET GRIP BLACK,יחידה,1.00,יחידה,false,1,49.90,49.9000,true,1,123512
7290110474256,false,כבל aux iron man,,,כבל aux iron man,יחידה,1.00,יחידה,false,1,49.90,49.9000,true,1,123493
7290110474430,false,מתאם AUX מאושר אפל,,,מתאם AUX מאושר אפל,יחידה,1.00,יחידה,false,1,79.90,79.9000,true,1,123483
7290110474560,false,אוזניות מיקרופון NEW,,,אוזניות מיקרופון NEW AGE SOUND,יחידה,1.00,יחידה,false,1,49.90,49.9000,true,1,123501
7290110474706,false,מעמד מגנטי למזגן POW,,,מעמד מגנטי למזגן POWER VENT,יחידה,1.00,יחידה,false,1,49.90,49.9000,true,1,123502
7290110474713,false,מעמד למזגן OPEN WIDE,,,מעמד למזגן OPEN WIDE VENT,לא מנהל יחידת מידה,0.00,לא מנהל יחידת מידה,false,1,49.90,0.0000,true,1,123496
7290110474911,false,סוללת גיבוי 20000MAH,,,סוללת גיבוי 20000MAH SOLID POWER,יחידה,1.00,יחידה,false,1,99.90,99.9000,true,1,123527
7290110475116,false,מטען קיר SPEEDY,,,מטען קיר SPEEDY,יחידה,1.00,יחידה,false,1,79.90,79.9000,true,1,123491
7290110476267,false,מטען קיר מאושר אפל 2,,,מטען קיר מאושר אפל 2,יחידה,1.00,יחידה,false,1,119.00,119.0000,true,1,127996
7290110553036,false,אנרגי פריכיות חלבון,שטראוס,IL,אנרגי פריכיות חלבון בטטה סגולה ואפונה 60 גרם,גרמים,60.00,100 גרם,false,1,10.90,18.1667,true,1,137419
7290110553623,false,ציטוס קראנץ צדר חלפי,שטראוס,IL,ציטוס קראנץ צדר חלפיניו 80 גרם,גרמים,80.00,100 גרם,false,1,4.90,6.1250,true,1,139371
7290110554477,false,קפסולות לאפוגטו מייפ,שטראוס,IL,קפסולות לאפוגטו מייפל 50 גרם,גרמים,50.00,100 גרם,false,1,16.90,33.8000,true,1,138629
7290110554699,false,קפסולות קפה אספרסו ע,שטראוס קפה בי.וי.,IL,קפסולות קפה אספרסו עולה 50 גרם,גרמים,50.00,100 גרם,false,1,16.90,33.8000,true,1,139198
7290110554705,false,קפסולות קפה אספרסו י,שטראוס קפה בי.וי.,IL,קפסולות קפה אספרסו יוניקו 50 גרם,גרמים,50.00,100 גרם,false,1,16.90,33.8000,true,1,139197
7290110555603,false,שוקולוטה ספלנדיד 360,גאלטס גולון,GR,שוקולוטה ספלנדיד 360 גרם,גרמים,360.00,100 גרם,false,1,21.90,6.0833,true,1,140813
7290110556242,false,שוקולד פרה מריר 100,"שטראוס גרופ בע""מ.",IL,שוקולד פרה מריר 100 גרם,גרמים,100.00,100 גרם,false,1,5.90,5.9000,true,1,140072
7290110557102,false,מעדן חלב עם שוקולד פ,מיוצר עי קונדיטוריית,IL,מעדן חלב עם שוקולד פרו 11 חלבון 150גרם,גרמים,150.00,100 גרם,false,1,5.00,3.3333,true,1,135946
7290110558253,false,דנונה ריפרש בננה אננ,שטראוס,IL,"דנונה ריפרש בננה אננס וציה 250מ""ל",מיליליטרים,250.00,"100 מ""ל",false,1,5.90,2.3600,true,1,138504
7290110558666,false,דניאלה בטעם תפוח 88ג,שטראוס,IL,דניאלה בטעם תפוח 88גרם,גרמים,88.00,100 גרם,false,1,4.40,5.0000,true,1,140434
7290110558918,false,עלי חסה קראנץ שטופים,שטראוס בריאות ירקות,IL,עלי חסה קראנץ שטופים 150 ג שטראוס,גרמים,150.00,100 גרם,false,1,12.90,8.6000,true,1,140008
7290110560300,false,פריכיות משולשות-פלפל,פרח,IL,פריכיות משולשות- פלפל שחור,גרמים,30.00,100 גרם,false,1,5.90,19.6667,true,1,118971
7290110561352,false,יוגורט דנונה דל לקטו,"שטראוס בריאות בע""מ",IL,דנונה דל לקטוז בתוספת סידן,גרמים,200.00,100 גרם,false,1,3.70,1.8500,true,1,115966
7290110563431,false,משקה קפה קר   קלאסי,האי נאם סי או אל.טי.,AT,משקה קפה קר בסגנון קלאסי 1.6%,מיליליטרים,230.00,"100 מ""ל",false,1,7.90,3.4348,true,1,120164
7290110563448,false,משקה קפה קר  מעודן 1,האי נאם סי או אל.טי.,AT,"משקה קפה קר בסגנון מעודן  230 מ""ל",מיליליטרים,230.00,"100 מ""ל",false,1,7.90,3.4348,true,1,120165
7290110563462,false,חלב בבקבוק נטול לקטו,מחלבת יטבתה,IL,חלב בבקבוק נטול לקטוז 2%,ליטרים,1.00,ליטר,false,1,8.20,8.2000,true,1,120323
7290110564742,false,משקה קפה קר   חזק 1.,האי נאם סי או אל.טי.,AT,משקה קפה קר בסגנון חזק -חדש,מיליליטרים,230.00,"100 מ""ל",false,1,7.90,3.4348,true,1,120166
7290110565527,false,דנונה פרו 20 גרם חלב,"שטראוס בריאות בע""מ",IL,דנונה פרו 20 גר 1.5% שומן,גרמים,200.00,100 גרם,false,1,5.90,2.9500,true,1,113975
7290110566579,false,דבש לחיץ יד מרדכי  2,מכוורת יד מרדכי שטרא,IL,דבש בקבוק לחיץ 200 גרם,גרמים,200.00,100 גרם,false,1,12.90,6.4500,true,1,122709
7290110566975,false,דנונה פרו 20גרם תות,"שטראוס בריאות בע""מ",IL,דנונה פרו 20 גר תות 0% שומן,גרמים,200.00,100 גרם,false,1,5.90,2.9500,true,1,115697
7290110568511,false,קונפיטורת פירות יער,בייר,FR,קונפיטורת פירות יער במתיקות מעודנת 265 ג,גרמים,265.00,100 גרם,false,1,14.90,5.6226,true,1,120636
7290110571382,false,מעדן חלב בטעם וניל פ,"שטראוס בריאות בע""מ",IL,מעדן חלב בטעם וניל מועשר בחלבון,גרמים,150.00,100 גרם,false,1,5.00,3.3333,true,1,138170
7290110576318,false,מארז שלישיית שוקולד,שטראוס,IL,מארז שלישיית אגוז לבן 3*100 גרם,גרמים,300.00,100 גרם,false,3,27.90,9.3000,true,1,140300
7290110576370,false,מארז שלישיית שוקולד,שטראוס,IL,מארז שלישיית שוקולד  אגוז מריר 100 גרם,גרמים,300.00,100 גרם,false,3,27.90,9.3000,true,1,140301
7290110576387,false,מארז שלישיית שוקולד,שטראוס,IL,מארז שלישיית שוקולד אגוז חלב 100 גרם,גרמים,300.00,100 גרם,false,3,27.90,9.3000,true,1,140299
7290110576752,false,ספלנדיד מריר 70% 100,קימ'ס גריפלנן,BE,ספלנדיד מריר 70% 100 גרם,גרמים,100.00,100 גרם,false,1,9.90,9.9000,true,1,140663
7290110576776,false,ספלנדיד מריר 85% 100,קימ'ס גריפלנן,BE,ספלנדיד מריר 85% 100 גרם,גרמים,100.00,100 גרם,false,1,9.90,9.9000,true,1,140664
7290111170041,false,רמקול בלוטות קומפקטי,,,רמקול בלוטות קומפקטי עוצמתי,יחידה,1.00,יחידה,false,1,99.90,99.9000,true,1,114639
7290111170782,false,סוללה  A23 לשלט הרכב,פוג'יקום,,סוללה  A23 לשלט הרכב,יחידה,1.00,יחידה,false,1,15.90,15.9000,true,1,125155
7290111340185,true,מטליות לניקוי רצפה ב,עלבד משואות יצחק בעמ,IL,ניקול מטליות לחות לניקוי הרצפה 10 יחידות,Unknown,0.00,Unknown,false,1,13.90,0.0000,true,1,123676
7290111341984,false,לילי לח רביעייה,קימברלי,GB,לילי לח רביעייה,יחידה,1.00,יחידה,false,1,22.90,22.9000,true,1,123578
7290111342547,false,מגן תחתון  קוטקס יאנ,קימברלי,CN,מגן תחתון  קוטקס יאנג - 76 יח,לא מנהל יחידת מידה,0.00,לא מנהל יחידת מידה,false,1,24.90,0.0000,true,1,124298
7290111344206,false,האגיס מגבונים לחים מ,קימברלי,IL,מגבוני האגיס נטורל קייר מבושם 4*64,לא מנהל יחידת מידה,0.00,לא מנהל יחידת מידה,false,1,23.90,0.0000,true,1,136651
7290111346293,false,מגבת נייר ניקול שישי,חוגלה,IL,מגבת נייר ניקול שישייה מהדורה,יחידה,6.00,יחידה,false,1,12.90,2.1500,true,1,138578
7290111350665,false,דבש לחיץ 350 גרם,דולפין ספא,IL,קליית גת דבש לחיץ טהור מפרחי בר 350 גרם,גרמים,350.00,100 גרם,false,1,27.90,7.9714,true,1,118805
7290111564277,false,פיטנס פריכיות 3 דגני,PT,IL,פיטנס פריכיות 3 דגנים דקות 12*120גרם,גרמים,120.00,100 גרם,false,1,10.90,9.0833,true,1,112594
7290111564291,false,פריכיות דקות עם קינו,PT,IL,פיטנס פריכיות דקות עם קינואה 12*120גרם,גרמים,120.00,100 גרם,false,1,10.90,9.0833,true,1,112595
7290111565502,false,גלידה סנדויץ אוריאו,ג'נרל מילס סאן אדריא,IT,גלידה סנדויץ אוריאו 80 גרם,גרמים,80.00,100 גרם,false,1,10.50,13.1250,true,1,114525
7290111566561,false,שניצל ברוקולי טבעול,כצט,IL,טבעול שניצל ברוקולי 99 קלוריות 6*560ג,גרמים,560.00,100 גרם,false,1,31.90,5.6964,true,1,114945
7290111936265,false,ספיד סטיק ספריי גוף,CP UK,MX,ספיד סטיק ספריי גוף קול לייף,מיליליטרים,140.00,"100 מ""ל",false,1,22.90,16.3571,true,1,121139
7290111936296,true,פלמוליב ארומה סנסייש,COLGATE ($) -PALMOLI,TR,פלמוליב ארומה סנסיישן מסאז 750,Unknown,0.00,Unknown,false,1,21.90,0.0000,true,1,121165
7290111939136,false,קוקי נייר אפייה עגול,קוקי,IL,קוקי נייר אפייה עגול קוטר 26,יחידה,1.00,יחידה,false,1,7.90,7.9000,true,1,124289
7290111939143,false,קוקי נייר אפייה עגול,,IL,קוקי נייר אפייה עגול קוטר 28,יחידה,1.00,יחידה,false,1,7.90,7.9000,true,1,124290
7290112003966,false,וניש אבקה אוקסי אקשן,רקיט בנקיזר,IT,וניש אבקה אוקסי אקשן לבן בוהק 470 גרם,גרמים,470.00,100 גרם,false,1,17.90,3.8085,true,1,137120
7290112330352,false,דנונה פרו 20גרם וניל,"שטראוס בריאות בע""מ",IL,דנונה פרו 20 גר וניל 0% שומן,גרמים,200.00,100 גרם,false,1,5.90,2.9500,true,1,121108
7290112330390,false,דנונה פרו 20גרם פירו,"שטראוס בריאות בע""מ",IL,דנונה פרו 20 גר פירות יער 0% שומן,גרמים,200.00,100 גרם,false,1,5.90,2.9500,true,1,121109
7290112332691,false,עוגיית קרם פסק זמן א,תות תעשיות מזון (201,IL,.עוגיית קרם פסק זמן אגוזים,גרמים,200.00,100 גרם,false,1,11.90,5.9500,true,1,121843
7290112332899,false,בזוקה פופים קלאסי 58,רוג'ר אנד רוג'ר,DE,בזוקה פופים קלאסי 58 ג,גרמים,58.00,100 גרם,false,1,9.90,17.0690,true,1,121845
7290112334749,false,קפה טורקי עלית 200גר,שטראוס קפה בי.וי,IL,עלית טורקי שקית 200 ג 10% תוספת,גרמים,200.00,100 גרם,false,1,15.90,7.9500,true,1,122889
7290112335487,false,פריכיות טעימות קצח ו,פרח תעשיות,IL,פריכיות טעימות קצח ודגנים 135 גרם,גרמים,135.00,100 גרם,false,1,13.90,10.2963,true,1,121103
7290112335500,false,פריכיות טעימות חלבון,פרח,IL,פריכיות טעימות חלבון 19,גרמים,135.00,100 גרם,false,1,13.90,10.2963,true,1,121105
7290112336712,false,דנונה פרו 21   0%  2,"שטראוס בריאות בע""מ",IL,דנונה פרו 21 גר 0% שומן,גרמים,200.00,100 גרם,false,1,5.90,2.9500,true,1,120330
7290112337481,false,סוכריות ללס קפוצינו,פלזנסקי,PL,סוכריות ללס קפוצ'ינו 80 גר' אריזה חדשה,גרמים,80.00,100 גרם,false,1,8.90,11.1250,true,1,124185
7290112339867,true,גמדים סקוויז  תות 10,שטראוס,IL,גמדים סקוויז  תות 100 גרם,גרמים,100.00,100 גרם,false,1,5.70,5.7000,true,1,125999
7290112339874,true,גמדים סקוויז תות בננ,שטראוס,IL,גמדים סקוויז תות בננה 100,גרמים,100.00,100 גרם,false,1,5.70,5.7000,true,1,126000
7290112340122,false,פריכיות טעימות 3 דגנ,פרח תעשיות,IL,פריכיות טעימות 3 דגנים 135 גרם,גרמים,135.00,100 גרם,false,1,13.90,10.2963,true,1,121106
7290112340276,false,עוגיית קרם קפה נמס,הגביע מוצרי ופלים בע,IL,פינוקיות קרם קפה נמס,גרמים,200.00,100 גרם,false,1,11.90,5.9500,true,1,121852
7290112343420,false,יטבתה פרו ארוחת בוקר,מחלבת יטבתה,IL,יטבתה פרו ארוחת בוקר 350 מל,מיליליטרים,350.00,"100 מ""ל",false,1,7.40,2.1143,true,1,123720
7290112343499,false,ציטוס פאף 55 גרם,"שטראוס פריטו ליי בע""",IL,צ'יטוס PUFFS בטעם גבינה 55 ג 48 יח,גרמים,55.00,100 גרם,false,1,4.90,8.9091,true,1,136128
7290112344786,false,קפה פלטינום קלאסיק 2,הנסיך- מפעל לייצור ט,IL,קפה פלטינום קלאסיק 200 גרם,גרמים,200.00,100 גרם,false,1,27.90,13.9500,true,1,128700
7290112347275,false,מארז קפה פלטינום קלא,שטראוס קפה בי.וי.,IL,מארז נמס וספל ראהש 2021,גרמים,200.00,100 גרם,false,1,19.90,9.9500,true,1,126611
7290112348043,false,סלט חציל במיונז דליק,שטראוס,IL,סלט חציל במיונז דליקטס 250 גרם,גרמים,250.00,100 גרם,false,1,11.90,4.7600,true,1,127977
7290112349750,false,רוטב עגבניות לפיצה 3,יד מרדכי,IL,רוטב עגבניות לפיצה 350 גרם,גרמים,350.00,100 גרם,false,1,12.90,3.6857,true,1,136445
7290112353412,false,פריכיות משולשות-תפוא,פרח,IL,"פריכיות משולשות-תפוא,תירס,אפונה,סלק ומלח",גרמים,30.00,100 גרם,false,1,5.90,19.6667,true,1,126036
7290112353566,false,סלט טחינה דליקטס 250,שטראוס,IL,סלט טחינה דליקטס 250 גרם,גרמים,250.00,100 גרם,false,1,11.90,4.7600,true,1,127979
7290112353887,false,משקה קפה קר בטעם אגו,האי נאם סי או אל.טי.,AT,"משקה קפה קר בטעם אגוזים 230 מ""ל",מיליליטרים,230.00,"100 מ""ל",false,1,7.90,3.4348,true,1,125252
7290112354945,false,תפוציפס טבעי 50 גרם,שטראוס,IL,תפוציפס טבעי 50 גרם wavy,גרמים,50.00,100 גרם,false,1,3.90,7.8000,true,1,140593
7290112354952,false,תפוציפס פפריקה 50 גר,שטראוס,IL,תפוציפס פפריקה 50 גרם wavy,גרמים,50.00,100 גרם,false,1,3.90,7.8000,true,1,140594
7290112355027,false,דנונה פרו20 גרם חלבו,"שטראוס בריאות בע""מ",IL,דנונה פרו 20 גרם בטעם קרמל מלוח,גרמים,200.00,100 גרם,false,1,5.90,2.9500,true,1,127700
7290112355102,false,גמדים פאוץ סלט פירות,"שטראוס בריאות בע""מ",IL,סקוויז גמדים לדרך סלט פירות 100 גרם,גרמים,100.00,100 גרם,false,1,5.70,5.7000,true,1,127793
7290112356536,false,קקאו 150גרם + 10%,הנסיך- מפעל לייצור ט,IL,קקאו 150גרם + 10%,גרמים,150.00,100 גרם,false,1,11.80,7.8667,true,1,125680
7290112357069,false,מחית עגבניות איטלקיו,קונסרברס,IT,מחית עגבניות איטלקיות 500גרם טעם הטבע,גרמים,500.00,100 גרם,false,1,7.90,1.5800,true,1,133401
7290112358219,false,רוטב צילי מתוק 300 ג,אף.סי תבליני בגליל ב,IL,רוטב צילי מתוק 300 גר יד מרדכי,גרמים,300.00,100 גרם,false,1,14.90,4.9667,true,1,125862
7290112490032,true,מרק נמס בכוס תירס 43,יוניליוור ישראל מזון,IL,קנור נמס בכוס מרק תירס 45 גרם,גרמים,43.00,100 גרם,false,1,7.50,17.4419,true,1,118285
7290112492449,false,פינוק שמפו לשיער רגי,יוניליוור ישראל טיפו,IL,PINUK שמפו 2IN1 700 ML,מיליליטרים,700.00,"100 מ""ל",false,1,12.90,1.8429,true,1,125038
7290112492456,false,פינוק שמפו לשיער יבש,יוניליוור ישראל טיפו,IL,PINUK שמפו 2IN1 700 ML,מיליליטרים,700.00,"100 מ""ל",false,1,12.90,1.8429,true,1,125039
7290112492463,false,פינוק שמפו ומרכך 2ב1,יוניליוור ישראל טיפו,IL,PINUK שמפו 2IN1 700 ML,מיליליטרים,700.00,"100 מ""ל",false,1,12.90,1.8429,true,1,125040
7290112492531,true,פינוק מרכך שיער רגיל,יוניליוור ישראל טיפו,IL,PINUK מרכך 700 ML,מיליליטרים,700.00,"100 מ""ל",false,1,12.90,1.8429,true,1,123930
7290112492593,true,פינוק תחליב רחצה בני,יוניליוור ישראל טיפו,IL,PINUK סבון נוזלי 700 ML,גרמים,700.00,100 גרם,false,1,12.90,1.8429,true,1,123933
7290112492982,false,קנור מרק פטריות רכיב,יוניליוור ישראל מזון,IL,קנור מרק פטריות 100% רכיבים טבעיים 400 גרם,גרמים,400.00,100 גרם,false,1,21.90,5.4750,true,1,123905
7290112492999,false,קנור מרק טעם עוף 400,יוניליוור ישראל מזון,IL,קנור מרק טעם עוף 400 גרם,גרמים,400.00,100 גרם,false,1,17.50,4.3750,true,1,123904
7290112493927,false,גלידה קרמיסימו ריבת,,IL,גלידה קרמיסימו ריבת חלב 1.33 ליטר,ליטרים,1.33,ליטר,false,1,26.90,20.2256,true,1,124127
7290112494221,false,קליק שקית ביסקוויט 6,יוניליוור ישראל מזון,IL,קליק   ביסקוויט 65 גרם,גרמים,65.00,100 גרם,false,1,7.90,12.1538,true,1,123336
7290112494238,false,קליק שקית  כדורים חל,יוניליוור ישראל מזון,IL,קליק  קליק כדורים 65 גרם,גרמים,65.00,100 גרם,false,1,7.90,12.1538,true,1,123339
7290112494283,false,קליק שקית  מעורב חום,יוניליוור ישראל מזון,IL,קליק   חום לבן 65 גרם,גרמים,65.00,100 גרם,false,1,7.90,12.1538,true,1,123338
7290112494313,false,קליק שקית קורנפלקס 6,יוניליוור ישראל מזון,IL,קליק  קליק קורנפלקס 65 גרם,גרמים,65.00,100 גרם,false,1,7.90,12.1538,true,1,123343
7290112494351,false,קורנפלקס תלמה 850 גר,יוניליוור שפע ישראל,IL,תלמה  קורנפלקס של אלופים 850 גרם,גרמים,850.00,100 גרם,false,1,21.90,2.5765,true,1,124549
7290112494801,false,בדין גל לכביסה לבנה,זוהר דליה,IL,בדין גל לכביסה לבנה וצבעונית בניחוח בדי,ליטרים,2.50,ליטר,false,1,27.90,11.1600,true,1,123384
7290112495006,false,כריות נוגט 686 גרם,יוניליוור שפע ישראל,IL,תלמה דגני בוקר כריות נוגט 686 גרם,גרמים,686.00,100 גרם,false,1,29.90,4.3586,true,1,123357
7290112495037,false,קוקומן כדורים 375 גר,יוניליוור שפע ישראל,IL,קוקומן כדורים 375 גרם,גרמים,375.00,100 גרם,false,1,22.90,6.1067,true,1,123359
7290112495105,false,נשנושים חטיף אפוי בט,בייגל את בייגל מזון,IL,נשנושים חטיף אפוי בטעם שמנת בצל 260 גרם,גרמים,260.00,100 גרם,false,1,14.90,5.7308,true,1,123451
7290112495112,false,נשנושים חטיף אפוי בט,בייגל את בייגל מזון,IL,נשנושים חטיף אפוי בטעם זעתר 260 גרם,גרמים,260.00,100 גרם,false,1,14.90,5.7308,true,1,123450
7290112495433,false,תלמה דליפקאן 400 גרם,יוניליור שפע ישראל ב,IL,TELMA דגני מבוגרים 400 GR,גרמים,400.00,100 גרם,false,1,25.90,6.4750,true,1,122826
7290112495938,false,קרקר 6 דגנים בייגל ב,"מיוצר ע""י קוד יצרן A",IL,B&B חטיפים שונים 250 GR,גרמים,250.00,100 גרם,false,1,9.90,3.9600,true,1,133242
7290112496027,false,אפיכל סירופ בטעם שוק,יוניליוור ישראל מזון,IL,EFICOL קינוחים שונים 580 GR,גרמים,580.00,100 גרם,false,1,15.50,2.6724,true,1,124169
7290112496034,false,אפיכל סירופ בטעם מיי,יוניליוור ישראל מזון,IL,EFICOL קינוחים שונים 580 GR,גרמים,580.00,100 גרם,false,1,15.50,2.6724,true,1,124168
7290112496584,false,קליק כריות בלאק לבן,"דרך השוקולד 1, צפת 1",IL,קליק קליק כריות בלאק ושוקולד לבן 65 גרם,גרמים,65.00,100 גרם,false,1,6.90,10.6154,true,1,125631
7290112497123,false,סחלב להכנה 2 שקיות ב,יוניליוור ישראל מזון,IL,קנור סחלב 112 גרם,גרמים,112.00,100 גרם,false,1,12.90,11.5179,true,1,127553
7290112498748,false,מאגדת 1/5 מיני סולרו,יוניליוור,IL,מאגדת סולרו מיני תות,גרמים,350.00,100 גרם,false,5,26.90,7.6857,true,1,127949
7290112498786,false,מגנום קריספי קר.בננה,יוניליוור,IL,מגנום שלגון מגנום קריספי קרמל בננה 76 גרם,גרמים,76.00,100 גרם,false,1,10.90,14.3421,true,1,127951
7290112498885,false,מאגד גודיז תותים ושו,"גלידת שטראוס בע""מ, ר",IL,מאגד גודיז תותים ושוקלד לבן 235גרם,גרמים,235.00,100 גרם,false,1,26.90,11.4468,true,1,128771
7290112498915,false,מאגדת מגנום שוקולד ש,"מיוצר ע""י גלידת שטרא",IL,מגנום מאגדת מיני מגנום שקדים מובחרים 5 יחידות,גרמים,250.00,100 גרם,false,1,32.90,13.1600,true,1,129286
7290112498922,false,מאגדת מגנום שוקולד ל,"מיוצר ע""י גלידת שטרא",IL,מגנום מאגדת מיני מגנום לבן 5 יחידות,גרמים,250.00,100 גרם,false,1,32.90,13.1600,true,1,129287
7290112499066,false,קרמיסימו שוקולד לבן,"גלידת שטראוס בע""מ, ר",IL,קרמיסימו שוקולד לבן פיסטוק 1.33 ליטר,ליטרים,1.33,ליטר,false,1,26.90,20.2256,true,1,137232
7290112499110,false,קורנטו קליק שוקולד ח,שטראוס גרופ גלידות,IL,קורנטו קליק שוקולד חזק 72 גרם,גרמים,72.00,100 גרם,false,1,9.90,13.7500,true,1,138004
7290112499141,false,סולרו וניל ותפוח ירו,שטראוס גרופ גלידות,IL,סולרו וניל ותפוח ירוק 76 גרם,גרמים,74.00,100 גרם,false,1,10.90,14.7297,true,1,138002
7290112499189,false,קרמיסימו חד קרן בטעמ,שטראוס גרופ גלידות,IL,קרמיסימו חד קרן בטעמי וניל תות ובננה 1.3,ליטרים,1.33,ליטר,false,1,23.90,17.9699,true,1,138858
7290112499639,false,טילון סופר מגנום וני,"מיוצר ע""י גלידת שטרא",IL,קורנטו מגנום טילון וניל צ'יפ שוקולד 110 גרם,גרמים,110.00,100 גרם,false,1,10.90,9.9091,true,1,124138
7290112499646,false,קורנטו סופר פקאן 108,"מיוצר ע""י גלידת שטרא",IL,קורנטו טילון קורנטו סופר פקאן 108 גרם,גרמים,108.00,100 גרם,false,1,10.90,10.0926,true,1,124840
7290112499677,false,מגנום שוקולד לבן 85,"מיוצר ע""י גלידת שטרא",IL,מגנום  שלגון שוקולד לבן 85 גרם,גרמים,85.00,100 גרם,false,1,11.90,14.0000,true,1,124132
7290112499738,false,שלגון מלון 90 גרם,"מיוצר ע""י גלידת שטרא",IL,מקס  שלגון מלון  90 גרם,גרמים,90.00,100 גרם,false,1,6.90,7.6667,true,1,124192
7290112499837,false,מגנום דואט שוקולד עם,"גלידות שטראוס בע""מ,",IL,Magnum יחידתיות 134 ML,גרמים,90.00,100 גרם,false,1,11.90,13.2222,true,1,124133
7290112499844,false,מיני מגנום דואט שוקו,"רחוב החרושת 1, עכו",IL,מגנום מאגדת מיני מגנום דואט שוקולד נוגט 5 יחידות,גרמים,310.00,100 גרם,false,1,32.90,10.6129,true,1,124131
7290112499929,false,מגנום שוקולד 85 גרם,"מיוצר ע""י גלידת שטרא",IL,מגנום  שלגון מגנום שוקולד 85 גרם,גרמים,85.00,100 גרם,false,1,11.90,14.0000,true,1,124134
7290112499936,false,מגנום שקדים 85 גרם,"מיוצר ע""י גלידת שטרא",IL,מגנום  שלגון מגנום שקדים 85 גרם,גרמים,85.00,100 גרם,false,1,11.90,14.0000,true,1,124135
7290112499943,false,מיני מגנום קלאסיק שו,"גלידות שטראוס בע""מ,",IL,מיני מגנום קלאסיק שוקולד  250 גרם,גרמים,250.00,100 גרם,false,1,32.90,13.1600,true,1,124130
7290112960856,false,טילון אקסטרים מטבע ש,שוורצקוף& הנקל דיסלד,IL,נסטל.אקסטרים ליבת ריבת חלב ומטבע 18*115ג,גרמים,128.00,100 גרם,false,1,10.50,8.2031,true,1,120249
7290112961372,false,פיטנס חטיפי פריכיות,"פרח תעשיות מזון בע""מ",IL,פיטנס חטיפי פריכיות דקות קינמון12*60ג,גרמים,60.00,100 גרם,false,1,8.90,14.8333,true,1,119629
7290112961464,false,פיטנס חטיפי פריכיות,"פרח תעשיות מזון בע""מ",IL,פיטנס חטיפי פריכיות דקות מתובלות 12*60ג,גרמים,60.00,100 גרם,false,1,8.90,14.8333,true,1,119628
7290112962003,false,שלגון בשומן צמחי טעם,שוורצקוף& הנקל דיסלד,IL,שלגון בשומן צמחי טעם וניל עוגיות,לא מנהל יחידת מידה,0.00,לא מנהל יחידת מידה,false,1,10.50,0.0000,true,1,119730
7290112962096,false,פתיתים אסם לבבות 400,"אסם השקעות בע""מ",IL,אסם פתיתים לבבות מהדורה 12*400ג,גרמים,400.00,100 גרם,false,1,6.90,1.7250,true,1,119154
7290112962751,false,אוראו שלגון אימפלס 6,שוורצקוף& הנקל דיסלד,IL,אוראו שלגון אימפלס 20*65גרם,גרמים,65.00,100 גרם,false,1,11.50,17.6923,true,1,120254
7290112963918,false,פיטנס קרקר דק רוזמרי,אסם,IL,פיטנס קרקר דק רוזמרין 12*140גרם,גרמים,140.00,100 גרם,false,1,12.90,9.2143,true,1,122014
7290112965165,true,מרק נמס פטריות   34,אסם,IL,אסם זוג מרק נמס פטריות בדצ14*48גרם,גרמים,34.00,100 גרם,false,1,5.90,17.3529,true,1,122862
7290112965240,true,מרק נמס עגבניות   *,אסם,IL,אסם זוג מרק נמס עגבניות בדצ 12*60גרם,גרמים,88.00,100 גרם,false,1,5.90,6.7045,true,1,122865
7290112965301,true,מרק טעם עוף    38גר,אסם,IL,אסם זוג מרק נמס טעם עוף בדצ 10*52גרם,גרמים,38.00,100 גרם,false,1,5.90,15.5263,true,1,122868
7290112966094,false,עוגת  הבית תפוז מופח,מיוצר עי קונדיטוריית,IL,עוגת  הבית תפוז מופחתת סוכר 400 גרם,גרמים,400.00,100 גרם,false,1,15.90,3.9750,true,1,129321
7290112966803,false,אסם פודינג אינסטנט ש,"אסם השקעות בע""מ",IL,אסם פודינג אינסטנט שוקולד  88 גרם,גרמים,88.00,100 גרם,false,1,5.90,6.7045,true,1,123854
7290112966827,false,פודינג אינטסטנט  שוק,מיוצר עי קונדיטוריית,IL,"פודינג אינטסטנט  שוקולד כשל""פ  95 גרם",גרמים,95.00,100 גרם,false,1,5.60,5.8947,true,1,124557
7290112967114,false,פיטנס חטיפי פריכיות,"פרח תעשיות מזון בע""מ",IL,פיטנס חטיפי פריכיות קטניות ופלפל 60 גר,גרמים,60.00,100 גרם,false,1,8.90,14.8333,true,1,125610
7290112967381,false,פיטנס חטיפי פריכיות,"פרח תעשיות מזון בע""מ",IL,פיטנס חטיפי פריכיות קטניות ומלח ים 60 ג,גרמים,60.00,100 גרם,false,1,8.90,14.8333,true,1,125609
7290112968821,false,פיטנס קרקר דק בטטה 1,מפעל אסם יקנעם,IL,פיטנס קרקר דק בטטה 12*140גרם,גרמים,140.00,100 גרם,false,1,12.90,9.2143,true,1,126035
7290113192300,true,חרוזית מושחר בית הש,בית השיטה,IL,חרוזית מושחר בית השיטה   275גר,יחידה,0.00,יחידה,false,1,10.90,0.0000,true,1,123964
7290113192317,true,טבעות זיתים מושחרים,בית השיטה,IL,טבעות זיתים מושחרים בית השיטה   280גר,גרמים,280.00,100 גרם,false,1,12.90,4.6071,true,1,123965
7290113192355,true,חרוזית ירוק בית השיט,בית-השיטה עסיס תעשיו,IL,חרוזית ירוק בית השיטה   275גר,גרמים,275.00,100 גרם,false,1,11.90,4.3273,true,1,123969
7290113192362,true,טבעות זיתים ירק בית,הנסיך- מפעל לייצור ט,IL,טבעות זיתים ירק בית השיטה 280גר,גרמים,280.00,100 גרם,false,1,11.90,4.2500,true,1,123970
7290113192478,true,מלפפונים במלח 10-12,בית-השיטה עסיס תעשיו,IL,מלפפונים במלח 10-12 בית השיטה 320גר,גרמים,320.00,100 גרם,false,1,9.50,2.9688,true,1,123981
7290113192515,true,מלפפונים במלח 18 -25,הנסיך- מפעל לייצור ט,IL,מלפפונים במלח 18 -25בית השיטה  320גר,גרמים,0.00,100 גרם,false,1,12.90,0.0000,true,1,123985
7290113192522,true,מלפפונים בחומץ בית ה,הנסיך- מפעל לייצור ט,IL,מלפפונים בחומץ בית השיטה 18-25 290גר,גרמים,290.00,100 גרם,false,1,12.90,4.4483,true,1,123986
7290113192539,true,מלפפונים במלח  7-9 ב,הנסיך- מפעל לייצור ט,IL,מלפפונים במלח  7-9 בית השיטה 320גר,לא מנהל יחידת מידה,0.00,לא מנהל יחידת מידה,false,1,6.90,0.0000,true,1,123987
7290113192546,true,מלפפונים בחומץ 7-9 ב,הנסיך- מפעל לייצור ט,IL,מלפפונים בחומץ 7-9 בית השיטה 290גר,גרמים,290.00,100 גרם,false,1,6.90,2.3793,true,1,123988
7290113192560,true,פלפל שיפקה בית השיטה,הנסיך- מפעל לייצור ט,IL,פלפל שיפקה בית השיטה  230גר,גרמים,230.00,100 גרם,false,1,7.50,3.2609,true,1,123990
7290113192577,true,כרוב כבוש בית השיטה,שוורצקוף& הנקל דיסלד,IL,כרוב כבוש בית השיטה 430גר,גרמים,430.00,100 גרם,false,1,8.50,1.9767,true,1,123991
7290113193000,false,פלפל שיפקונית בית הש,שוורצקוף& הנקל דיסלד,IL,פלפל שיפקונית בית השיטה 230  גרם,גרמים,230.00,100 גרם,false,1,11.90,5.1739,true,1,124742
7290113194076,false,זית מרוקאי מגולען ב,בית השיטה תעשיות בעמ,IL,זית מרוקאי מגולען בית השיטה 195גרם,גרמים,195.00,100 גרם,false,1,13.90,7.1282,true,1,125998
7290113196513,false,פריכיות כוסמת שקדים,זן - בר,IL,פריכיות כוסמת שקדים 150 גרם במליחות עדינה,גרמים,150.00,100 גרם,false,1,11.90,7.9333,true,1,136700
7290113452886,false,סוכריות גומי נחש חמו,טופגם,IL,סוכריות גומי נחש חמוץ ארוז 200 גרם,גרמים,200.00,100 גרם,false,1,10.90,5.4500,true,1,136518
7290114152020,false,גל ניקוי ידיים 500 מ,א.ל.ארמן יצור תמרוקי,IL,"גל ניקוי ידיים 500 מ""ל",מיליליטרים,500.00,"100 מ""ל",false,1,1.00,0.2000,true,1,124814
7290114603041,false,גרנולה פרי אגוזים בו,"אפקט טבעי בע""מ",IL,גרנולה פרי אגוזים בוטנים קוקוס חלבון300ג,גרמים,300.00,100 גרם,false,1,14.90,4.9667,true,1,127710
7290114603515,false,רוטב קארי אדום מאסטר,תאי סופרים,TH,מאסטר שף רוטב קארי אדום 340 גרם,גרמים,340.00,100 גרם,false,1,14.90,4.3824,true,1,134096
7290114603522,false,רוטב קארי ירוק מאסטר,תאי סופרים,TH,מאסטר שף רוטב קארי ירוק 340 גרם,גרמים,340.00,100 גרם,false,1,14.90,4.3824,true,1,134097
7290114604925,false,קרם קוקוס לייט מאסטר,"תאי קוקונאט חברה בע""",TH,קרם קוקוס לייט מאסטר שף 400 מל,מיליליטרים,400.00,"100 מ""ל",false,1,9.90,2.4750,true,1,136319
7290114605557,false,קוקי נייר עטיפה לסנד,כרמל,CN,קוקי- נייר עטיפה לסנדוויץ 80 דף,לא מנהל יחידת מידה,0.00,לא מנהל יחידת מידה,false,1,12.90,0.0000,true,1,135012
7290114606530,false,מאסטר שף רוטב מיונז,Remia,NL,מאסטר שף רוטב מיונז וקטשופ 515 גר,גרמים,515.00,100 גרם,false,1,13.90,2.6990,true,1,134985
7290114606547,false,מאסטר שף מיונז פטריו,Remia,NL,מאסטר שף מיונז פטריות כמהין 242 גרם,גרמים,242.00,100 גרם,false,1,13.90,5.7438,true,1,134984
7290114720250,false,מטען סוללות USB אוני,,,מטען סוללות USB אוני,יחידה,1.00,יחידה,false,1,69.90,69.9000,true,1,125142
7290114720625,false,מטען נייד למוצרי USB,,,מטען נייד למוצרי USB,יחידה,1.00,יחידה,false,1,79.90,79.9000,true,1,126713
7290114720878,false,75w מארז זוג נורות ל,,,75w מארז זוג נורות לבן,יחידה,1.00,יחידה,false,1,29.90,29.9000,true,1,128893
7290115073676,false,מסכות מנתח שחורות 50,מ.פאנג,CN,מסכות מנתח שחורות 50 יח שמחה זה אנחנו,יחידה,1.00,יחידה,false,1,9.90,9.9000,true,1,125906
7290115180251,false,יחידות טבק לחימום אמ,פיליפ מוריס,,יחידות טבק לחימום אמבר PP חפיסה,יחידה,1.00,יחידה,false,1,27.90,27.9000,false,1,127799
7290115180275,false,יחידות טבק לחימום טו,פיליפ מוריס,IL,יחידות טבק לחימום טורקיז PP בודד,יחידה,1.00,יחידה,false,1,27.90,27.9000,true,1,127439
7290115180688,false,יחידות טבק לחימום סג,,,יחידות טבק לחימום סגול PPבודד,יחידה,1.00,יחידה,false,1,27.90,27.9000,false,1,127327
7290115190014,false,סיגריות PPמרלבורו רד,פיליפ מוריס,,סיגריות PPמרלבורו רד חפיסה,יחידה,1.00,יחידה,false,1,36.70,36.7000,false,1,127097
7290115190038,false,סיגריות PPמרלבורו רד,פיליפ מוריס,,סיגריות PPמרלבורו רד סופט חפיסה,יחידה,1.00,יחידה,false,1,34.50,34.5000,false,1,127083
7290115190052,false,סיגריות מרלבורו פליי,פיליפ מוריס,,סיגריות מרלבורו פלייבור מיקסPP חפיסה בוד,יחידה,1.00,יחידה,false,1,36.70,36.7000,false,1,126855
7290115190076,false,סיגריות מרלבורו גולד,פיליפ מוריס,,סיגריות מרלבורו גולד  100בודד,יחידה,1.00,יחידה,false,1,36.70,36.7000,false,1,127449
7290115190090,false,סיגריות מרלבורו גולד,פיליפ מוריס,,סיגריות מרלבורו גולדPP חפיסה,יחידה,1.00,יחידה,false,1,36.70,36.7000,false,1,127069
7290115190137,false,סיגריות מרלבורו פיין,פיליפ מוריס,,סיגריות מרלבורו פיין טאץPP חפיסה,יחידה,1.00,יחידה,false,1,32.90,32.9000,false,1,127093
7290115190151,false,סיגריות מרלבורו טאץP,פיליפ מוריס,,סיגריות מרלבורו טאץPP חפיסה,יחידה,1.00,יחידה,false,1,32.90,32.9000,false,1,127085
7290115190175,false,סיגריות פרלמנט סופר,פיליפ מוריס,,סיגריות פרלמנט סופר סלימסPP חפיסה בודד,יחידה,1.00,יחידה,false,1,41.70,41.7000,false,1,126851
7290115190199,false,פרלמנט נייט 100PP חפ,פיליפ מוריס,,פרלמנט נייט 100PP חפיסה,יחידה,1.00,יחידה,false,1,41.70,41.7000,false,1,128947
7290115190212,false,סיגריות פרלמנט בלו 1,פיליפ מוריס,,סיגריות פרלמנט בלו 100PPחפיסה,יחידה,1.00,יחידה,false,1,41.70,41.7000,false,1,127075
7290115190236,false,סיגריות פרלמנט בלוPP,פיליפ מוריס,,סיגריות פרלמנט בלוPP חפיסה,יחידה,1.00,יחידה,false,1,41.70,41.7000,false,1,127071
7290115190250,false,סיגריות פרלמנט נייטP,פיליפ מוריס,,סיגריות פרלמנט נייטPP חפיסה בודד,יחידה,1.00,יחידה,false,1,41.70,41.7000,false,1,126857
7290115190274,false,סיגריות פרלמנט סילבר,פיליפ מוריס,,סיגריות פרלמנט סילברPP חפיסה,יחידה,1.00,יחידה,false,1,41.70,41.7000,false,1,127087
7290115190335,false,ל.מ בלו 100PP חפיסה,פיליפ מוריס,,ל.מ בלו 100PP חפיסה,יחידה,1.00,יחידה,false,1,32.20,32.2000,false,1,129044
7290115190359,false,סיגריות ל.מ בלוPP חפ,פיליפ מוריס,,סיגריות ל.מ בלוPP חפיסה בודד,יחידה,1.00,יחידה,false,1,32.20,32.2000,false,1,126853
7290115190366,false,סיגריות ל.מ. קפסולהP,פיליפ מוריס,,סיגריות ל.מ. קפסולהPP פאקט,יחידה,1.00,יחידה,false,10,302.00,302.0000,false,1,127090
7290115190397,false,ל.מ רדPP חפיסה בודד,פיליפ מוריס,,ל.מ רדPP חפיסה בודד סיגריות,יחידה,1.00,יחידה,false,1,32.20,32.2000,false,1,126848
7290115190410,false,סיגריות ל.מ סילברPP,פיליפ מוריס,,סיגריות ל.מ סילברPP חפיסה,יחידה,1.00,יחידה,false,1,32.20,32.2000,false,1,127077
7290115190434,false,סיגריות ל.מ וייבPP ח,פיליפ מוריס,IL,סיגריות ל.מ וייבPP חפיסה בודד,יחידה,1.00,יחידה,false,1,32.20,32.2000,false,1,126859
7290115190458,false,סיגריות נקסט אדג בוד,פיליפ מוריס,,סיגריות נקסט אדג בודד,יחידה,1.00,יחידה,false,1,25.00,25.0000,false,1,127417
7290115190472,false,סיגריות נקסט פיין אד,פיליפ מוריס,,סיגריות נקסט פיין אדגPP חפיסה,יחידה,1.00,יחידה,false,1,25.00,25.0000,false,1,127733
7290115190496,false,סיגריות נקסט פיין 10,פיליפ מוריס,IL,סיגריות נקסט פיין 100PP חפיסה,יחידה,1.00,יחידה,false,1,31.20,31.2000,false,1,128280
7290115190519,false,סיגריות נקסט פיין חפ,פיליפ מוריס,,סיגריות נקסט פיין חפיסה,יחידה,1.00,יחידה,false,1,31.20,31.2000,false,1,127079
7290115190557,false,סיגריות נקסט ריסס קצ,פיליפ מוריס,,סיגריות נקסט ריסס קצרPP חפיסה,יחידה,1.00,יחידה,false,1,26.00,26.0000,false,1,127081
7290115190571,false,סיגריות נקסט לילךPP,פיליפ מוריס,,סיגריות נקסט לילךPP חפיסה בודד,יחידה,1.00,יחידה,false,1,31.20,31.2000,false,1,126850
7290115190595,false,סיגריות נקסט אוריגינ,פיליפ מוריס,,סיגריות נקסט אוריגינלPP חפיסה,יחידה,1.00,יחידה,false,1,31.20,31.2000,false,1,127067
7290115190618,false,טבק מרלבורו רדPP חפי,,,טבק מרלבורו רדPP חפיסה,יחידה,1.00,יחידה,false,1,82.40,82.4000,true,1,127794
7290115190632,false,טבק  מרלבורו גולד חפ,פיליפ מוריס,,טבק  מרלבורו גולד חפיסה 30 גרם,גרמים,30.00,100 גרם,false,1,82.40,274.6667,false,1,127735
7290115190656,false,טבק נקסט פייןPP  חפי,פיליפ מוריס,,טבק נקסט פייןPP  חפיסה,יחידה,1.00,יחידה,false,1,87.30,87.3000,true,1,127583
7290115190670,false,טבק נקסט אוריגינל בו,פיליפ מוריס,,טבק נקסט אוריגינל בודד,יחידה,1.00,יחידה,false,1,87.30,87.3000,true,1,127451
7290115190694,false,טבק צסטרפילד פיין וי,פיליפ מוריס,,טבק צסטרפילד פיין וירגינה בודד,יחידה,1.00,יחידה,false,1,69.00,69.0000,true,1,127444
7290115190717,false,"טבק צ""סטרפילד פרימיו",,,"טבק צ""סטרפילד פרימיום הלצוורה 30PP חפיסה",יחידה,1.00,יחידה,false,1,69.00,69.0000,true,1,127796
7290115190731,false,טבק צסטרפילד אוריגינ,,,טבק צסטרפילד אוריגינל 30PP חפיסה,יחידה,1.00,יחידה,false,1,69.00,69.0000,true,1,127095
7290115190892,false,סיגריות מרלבורו פיוז,פיליפ מוריס,IL,סיגריות מרלבורו פיוזן קפסולה בודד,יחידה,1.00,יחידה,false,1,27.00,27.0000,false,1,129352
7290115190939,false,סיגריות ל.מ קליק קפס,פיליפ מוריס,,סיגריות ל.מ קליק קפסולה בודד,יחידה,1.00,יחידה,false,1,25.00,25.0000,false,1,136531
7290115190960,false,מרלבורו טאץ אדום פאק,פיליפ מוריס,TR,מרלבורו טאץ אדום פאקט,יחידה,10.00,יחידה,false,10,290.00,29.0000,false,1,139074
7290115190977,false,מרלבורו טאץ אדום חפי,פיליפ מוריס,TR,מרלבורו טאץ אדום חפיסה,יחידה,20.00,יחידה,false,1,29.00,1.4500,false,1,139073
7290115191035,false,מרלבורו סאמר ספלאש ח,פיליפ מוריס,RS,מרלבורו סאמר ספלאש חפיסה בודד,יחידה,1.00,יחידה,false,1,29.00,29.0000,false,1,138424
7290115191073,false,נקסט ריץ ריסס חפיסה,פיליפ מוריס,RS,נקסט ריץ ריסס חפיסה,יחידה,1.00,יחידה,false,1,26.00,26.0000,true,1,140666
7290115201703,false,בסלי ברביקיו 200גרם,מיוצר עי קונדיטוריית,IL,בסלי ברביקיו 200גרם,גרמים,200.00,100 גרם,false,1,7.90,3.9500,true,1,127374
7290115205176,false,פיטנס קרקר דק כפרי 1,אסם יקנעם,IL,פיטנס קרקר דק כפרי 150 גרם,גרמים,150.00,100 גרם,false,1,12.90,8.6000,true,1,137258
7290115205312,false,קרקר דק פיטנס זיתים,"אסם השקעות בע""מ",IL,קרקר דק פיטנס זיתים 140 גרם,גרמים,140.00,100 גרם,false,1,12.90,9.2143,true,1,138126
7290115205541,false,פיטנס חטיף מולטיגריי,פיטנס,IL,פיטנס חטיף מולטיגריין עם חומוס 25 גרם,גרמים,25.00,100 גרם,false,1,5.50,22.0000,true,1,138652
7290115207965,false,ויטמינציק מנגו אפרסק,בית-השיטה עסיס תעשיו,IL,ויטמינציק מנגו אפרסק 1 ליטר,ליטרים,1.00,ליטר,false,1,23.90,23.9000,true,1,138072
7290115208009,false,סירופ ויטמינציק ענבי,בית-השיטה עסיס תעשיו,IL,סירופ ויטמינציק ענבים 1 ליטר,ליטרים,1.00,ליטר,false,1,23.90,23.9000,true,1,137329
7290115208047,false,סירופ ויטמינציק פטל,בית-השיטה עסיס תעשיו,IL,סירופ ויטמינציק פטל 1 ליטר,ליטרים,1.00,ליטר,false,1,23.90,23.9000,true,1,137327
7290115209174,false,במבה אורירית 60גרם,אסם,IL,במבה אורירית 60גרם,גרמים,60.00,100 גרם,false,1,4.90,8.1667,true,1,139373
7290115209358,false,במבה במילוי בראוניז,אסם,IL,במבה במילוי בראוניז 60גרם,גרמים,60.00,100 גרם,false,1,4.90,8.1667,true,1,140597
7290115670691,false,גרנולה  אנרגי פירות,אמקו ספול אס. אר.או,CZ,גרנולה  אנרגי פירות יער 400 גרם,גרמים,400.00,100 גרם,false,1,15.90,3.9750,true,1,137242
7290115671346,false,מיני פינוקיות טופי ק,תות תעשיות מזון (201,IL,מיני פינוקיות טופי קרמל מלוח 180 ג,גרמים,180.00,100 גרם,false,1,11.90,6.6111,true,1,135654
7290115673203,false,ריל חטיף שקדים ושוקו,ואמואליס פודס אס.,GR,ריל חטיף שקדים ושוקולד מריר,גרמים,35.00,100 גרם,false,1,6.90,19.7143,true,1,129304
7290115674712,false,BREADZ קרקר סריראצה,סנו מפעלי ברונוס.,US,BREADZ קרקר סריראצה 170 גרם,גרמים,170.00,100 גרם,false,1,13.90,8.1765,true,1,136957
7290115675580,false,חטיף קוואקר ובוטנים,"שטראוס פריטו ליי בע""",IL,חטיף קוואקר ובוטנים 50 ג 48 יח,גרמים,50.00,100 גרם,false,1,3.90,7.8000,true,1,136573
7290115676082,false,משקה דנונה פרו 20 תו,"שטראוס בריאות בע""מ.",IL,משקה דנונה פרו 20 תות,מיליליטרים,255.00,"100 מ""ל",false,1,6.90,2.7059,true,1,129218
7290115676099,false,משקה דנונה פרו 20 ונ,"שטראוס בריאות בע""מ.",IL,משקה דנונה פרו 20 וניל,מיליליטרים,255.00,"100 מ""ל",false,1,6.90,2.7059,true,1,129217
7290115676389,false,חרוסת  יד מרדכי 250,פוליבה,IL,חרוסת  יד מרדכי 250 גרם,גרמים,250.00,100 גרם,false,1,16.90,6.7600,true,1,128665
7290115677089,false,קונפיטורה יד מרדכי ת,"ב.א מזון בע""מ",IL,קונפיטורה יד מרדכי תפוח וקינמון 340 גר,גרמים,340.00,100 גרם,false,1,14.90,4.3824,true,1,135320
7290116531281,false,קליק מיקס 65 גרם,יוניליוור ישראל מזון,IL,קליק  קליק מיקס 65 גרם,גרמים,65.00,100 גרם,false,1,7.90,12.1538,true,1,136628
7290116531328,false,חטיף קליק בלאק&וויט,יוניליוור ישראל מזון,IL,קליק  חטיף קליק בלאק&וויט בציפוי שוקולד חלב 35 גרם,גרמים,35.00,100 גרם,false,1,5.90,16.8571,true,1,138538
7290116531519,false,קוקומן שוקו בננה 375,יוניליוור שפע ישראל,IL,קוקומן שוקו בננה 375גרם,גרמים,375.00,100 גרם,false,1,19.90,5.3067,true,1,136765
7290116531656,false,פינוק מרכך בניחוח תפ,יוניליוור ישראל טיפו,IL,פינוק  מרכך בניחוח תפוח 700 מל,מיליליטרים,700.00,"100 מ""ל",false,1,12.90,1.8429,true,1,136395
7290116531663,false,פינוק תחליב רחצה תפו,יוניליוור ישראל טיפו,IL,פינוק  תחליב רחצה בניחוח תפוח 700 מל,מיליליטרים,700.00,"100 מ""ל",false,1,12.90,1.8429,true,1,136396
7290116531915,false,דגדג בטעם פתי בר דג,"דרך השוקולד 1, צפת 1",IL,דגדג בטעם פתי בר דג דג 235 גרם,גרמים,235.00,100 גרם,false,1,10.90,4.6383,true,1,137128
7290116930015,false,GO  חטיף חלבון קרמל,תנובה,IL,GO  חטיף חלבון קרמל מלוח חמאת בוטנים 60ג,גרמים,60.00,100 גרם,false,1,12.90,21.5000,true,1,138463
7290116930022,false,GO חטיף חלבון בטעם ק,תנובה,IL,GO חטיף חלבון בטעם קרם עוגיות 60גרם,גרמים,60.00,100 גרם,false,1,12.90,21.5000,true,1,138464
7290116930435,false,יוגורט גו סמיך 0% דו,תנובה,IL,יוגורט גו סמיך 0% דובדבן,גרמים,150.00,100 גרם,false,1,5.90,3.9333,true,1,138183
7290116930459,false,SHAKE יופלה בננה אננ,תנובה,IL,SHAKE יופלה בננה אננס וקוקוס 230 מל,מיליליטרים,230.00,"100 מ""ל",false,1,8.90,3.8696,true,1,138811
7290116930466,false,SHAKE יופלה מנגו בננ,תנובה,IL,SHAKE יופלה מנגו בננה פסיפלורה והל 230 מ,מיליליטרים,230.00,"100 מ""ל",false,1,8.90,3.8696,true,1,138810
7290116930480,false,SHAKE יופלה בננה קיו,תנובה,IL,SHAKE יופלה בננה קיווי תפוח 230 מל,מיליליטרים,230.00,"100 מ""ל",false,1,8.90,3.8696,true,1,138809
7290116930725,false,BIO מעדן  סויה קוקוס,תנובה,IL,מעדן  סויה BIO קוקוס אלטרנטיב   150 גרם,גרמים,150.00,100 גרם,false,1,4.90,3.2667,true,1,139528
7290116931074,false,גבינה צהובה טל העמק,תנובה,IL,גבינה צהובה טל העמק 32% 300 גרם,גרמים,300.00,100 גרם,false,1,25.90,8.6333,true,1,140020
7290116931081,false,מעדן סויה בטעם טופי,תנובה,IL,מעדן סויה בטעם טופי קרמל 125 גרם,גרמים,125.00,100 גרם,false,1,3.90,3.1200,true,1,139527
7290117380192,false,פוף חטיף קראנץ גריל,מנה,IL,פוף חטיף קראנץ גריל 60 גרם,גרמים,60.00,100 גרם,false,1,3.50,5.8333,true,1,137228
7290117380215,false,פוף חטיף קראנץ טאקו,מנה,IL,פוף חטיף קראנץ טאקו 60 גרם,גרמים,60.00,100 גרם,false,1,3.50,5.8333,true,1,137230
7297488097995,false,גרנולה דבש דגש 250 ג,תגלית הטעם,IL,בריאות וטבע גרנולה דבש 250 גרם,גרמים,250.00,100 גרם,false,1,15.90,6.3600,true,1,82972
7297488098152,false,קמח חומוס דגש 500 גר,אף. סי תבליני הגליל,IL,דוכן גן שמואל קמח חומוס 500 גרם,גרמים,500.00,100 גרם,false,1,16.90,3.3800,true,1,77116
7297488098169,false,קמח תירס ללא גלוטן 5,תבליני העליון 2007 ב,IL,קמח תירס ללא גלוטן 500 גרם,גרמים,500.00,100 גרם,false,1,9.80,1.9600,true,1,75037
7297488098183,false,קמח אורז ללא גלוטן 5,תבליני העליון 2007 ב,IL,דוכן גן שמואל קמח אורז 500 גרם,גרמים,500.00,100 גרם,false,1,11.90,2.3800,true,1,81963
7297488098299,false,קמח טפיוקה ללא גלוטן,אף סי תבליני הגליל ב,IL,דוכן גן שמואל קמח טפיוקה 500 גרם,גרמים,500.00,100 גרם,false,1,10.90,2.1800,true,1,81971
7297488098305,false,קמח שקדים דגש 250 גר,תבליני העליון 2007 ב,IL,דוכן גן שמואל קמח שקדים 500 גרם,גרמים,250.00,100 גרם,false,1,27.90,11.1600,true,1,82362
7297488098688,true,פצפוצי אורז מלא ללא,תירפז בעמ,IL,פצפוצי אורז מלא ללא תוספת סוכר ומלח,גרמים,450.00,100 גרם,false,1,23.90,5.3111,true,1,115902
7297488199682,false,קמח כוסמת דגש,תות תעשיות מזון (201,IL,דוכן גן שמואל קמח קינואה 500 גרם,גרמים,500.00,100 גרם,false,1,15.90,3.1800,true,1,115871
7298074501995,false,בליסטקס הגנה מוגברת,,,בליסטקס הגנה מוגברת spf50,יחידה,1.00,יחידה,false,1,9.90,9.9000,true,1,123363
7312040017683,false,וודקה אבסולוט בקבוק,"איי, בי, אינבוו",SE,"אבסולוט וודקה, 700 מ''ל",מיליליטרים,700.00,"100 מ""ל",false,1,69.90,9.9857,true,1,89109
7330578306017,false,ס.אלקטרונית סמארט אב,shenzhen shengsi,CN,ס.אלקטרונית סמארט אבטיח 1200 שאיפות,יחידה,1.00,יחידה,false,1,59.90,59.9000,false,1,136686
7394376123337,false,משקה שיבולת שועל אור,טרנסומס פוד איי.בי,SE,משקה שיבולת שועל אורגני אוטלי  1 ליטר,ליטרים,1.00,ליטר,false,1,14.90,14.9000,true,1,125604
7394376615825,false,אוטלי משקה שבולת שוע,,SE,אוטלי משקה שבולת שועל מועשר 1 ליטר,ליטרים,1.00,ליטר,false,1,14.90,14.9000,true,1,125603
7394376616778,false,משקה שיבולת שועל  לה,,SE,משקה שיבולת שועל  להקצפה בריסטה  אוטלי 1,ליטרים,1.00,ליטר,false,1,15.90,15.9000,true,1,125601
7500162900000,false,בירה סול בודד בקבוק,פארייפאבה אגרואינדוס,NL,"סול ח""פ 330 בקבוק בודד",מיליליטרים,330.00,"100 מ""ל",false,1,9.90,3.0000,true,1,124997
7501013101348,false,גומקס מנגו בקבוק 473,חומקס קומר קומרסאליז,MX,"גומקס מנגו בקבוק 473 מ""ל",מיליליטרים,473.00,"100 מ""ל",false,1,8.50,1.7970,true,1,123054
7501013101355,false,גומקס אפרסק בקבוק 47,פארייפאבה אגרואינדוס,MX,"ג'ומקס אפרסק בקבוק 473 מ""ל תריסר",מיליליטרים,473.00,"100 מ""ל",false,1,8.50,1.7970,true,1,123053
7501013101362,false,גומקס קוקוס אננס בקב,פארייפאבה אגרואינדוס,MX,"ג'ומקס קוקוס אננס בקבוק 473 מ""ל תריסר",מיליליטרים,473.00,"100 מ""ל",false,1,8.50,1.7970,true,1,123055
7501013101393,false,גומקס אננס בקבוק 473,פארייפאבה אגרואינדוס,MX,"ג'ומקס אננס  בקבוק 473 מ""ל תריסר",מיליליטרים,473.00,"100 מ""ל",false,1,8.50,1.7970,true,1,123052
7501013122039,false,גומקס מיץ מנגו קרטונ,חומקס קומר קומרסאליז,MX,ג'ומקס מנגו קרטונית  ליטר תריסר,ליטרים,1.00,ליטר,false,1,9.90,9.9000,true,1,123049
7501013122053,false,גומקס מיץ אפרסק קרטו,חומקס קומר קומרסאליז,MX,ג'ומקס אפרסק קרטונית  ליטר תריסר,ליטרים,1.00,ליטר,false,1,9.90,9.9000,true,1,123048
7501013122114,false,גומקס מיץ אננס קרטונ,חומקס קומר קומרסאליז,MX,ג'ומקס אננס קרטונית  ליטר תריסר,ליטרים,1.00,ליטר,false,1,9.90,9.9000,true,1,123047
7501064191398,false,שישיית בירה קורונה ב,קריניציה ויטמינה אס,MX,בשישיית בירה קורונה אקסטרה 2.13 ל',ליטרים,2.13,ליטר,false,6,39.90,18.7324,true,1,120986
7503012779306,false,סירופ אגבה כחולה – נ,נוטריגבאס דה מקסיקו,MX,נטור פוד סירופ אגבה כחולה אורגני 330 גרם,גרמים,330.00,100 גרם,false,1,21.90,6.6364,true,1,82740
7610046000808,false,וופל קאגי מצופה שוק,קאגי,CH,וופל קאגי מצופה שוק חלב 50 גרם,גרמים,50.00,100 גרם,false,1,4.90,9.8000,true,1,127599
7610113000175,false,בקרדי מוחיטו 700מל,בקרדי מרטיני,DE,בקרדי מוחיטו 700מל,מיליליטרים,700.00,"100 מ""ל",false,1,79.90,11.4143,true,1,127040
7610113011652,false,בקרדי בריזר תפוח 275,בקרדי בעמ,BE,"בריזר - משקה כוהלי מוגז בטעם תפוח 275 מ""ל",מיליליטרים,275.00,"100 מ""ל",false,1,14.90,5.4182,true,1,125485
7610113015780,false,בריזר סלצזר לימון לי,"איי, בי, אינבוו",BE,בריזר סלצזר לימון ליים 250 מל פחית,מיליליטרים,250.00,"100 מ""ל",false,1,14.90,5.9600,true,1,136630
7610113015797,false,בריזר סלצזר פטל ליים,"איי, בי, אינבוו",BE,בריזר סלצזר פטל ליים 250 מל פחית,מיליליטרים,250.00,"100 מ""ל",false,1,14.90,5.9600,true,1,136631
7613030979647,false,דגני בוקר טריקס 480,ג'נרל מילס סאן אדריא,IL,טריקס 12*480גרם 2018,גרמים,480.00,100 גרם,false,1,26.90,5.6042,true,1,115412
7613032045753,false,דגני פיטנס שוקולד 37,הנסיך- מפעל לייצור ט,FR,פיטנס שוקולד 16*375גרם 2017,גרמים,375.00,100 גרם,false,1,21.90,5.8400,true,1,48657
7613036105545,false,דוגלי גזע קטן 3 קג,פורינה,HU,דוגלי גזע קטן 3 קג,קילוגרמים,3.00,"ק""ג",false,1,49.90,16.6333,true,1,113350
7613036576734,false,חמישייה קרחוני שרבט,פרונרי איבריה ס.ל,ES,נסטלה חמשושים חדש 18*60גרם,גרמים,60.00,100 גרם,false,1,7.90,13.1667,true,1,117992
7613037276091,false,נסטלה מיקס מיני אריז,SPI SAS,FR,נסטלה מיקס מיני אריזות דגני בוקר *200גרם,גרמים,200.00,100 גרם,false,1,19.90,9.9500,true,1,121723
7613287325983,false,רוטב סלסה אסם לחיץ 2,דפטונה פולין,PL,רוטב סלסה אסם לחיץ 295 גרם,גרמים,295.00,100 גרם,false,1,14.90,5.0508,true,1,136316
7614300122206,false,נוזל לניקוי כלים פלמ,קולגייט פלמוליב,GR,נוזל לניקוי כלים פלמוליב ירוק 750,ליטרים,750.00,ליטר,false,1,9.90,0.0132,true,1,138697
7616500553460,false,פריי שוקולד מריר תפו,פריי,CH,פריי שוקולד מריר תפוז 100 גרם,גרמים,100.00,100 גרם,false,1,9.90,9.9000,true,1,46535
7616500646087,false,פריי שוקולד עם שברי,פריי,CH,פריי שוקולד עם שברי אגוזים 100 גרם,גרמים,100.00,100 גרם,false,1,9.90,9.9000,true,1,97033
7622010001858,false,עוגיות אוראו ממולאות,פי אר ג'יי אס אי מנד,UA,עוגיות אוראו ממולאות קרם וניל 176 גר',גרמים,176.00,100 גרם,false,1,9.90,5.6250,true,1,109070
7622201127367,false,מילקה אוריאו מיניס ל,"נארז ע""י : א.ג. גילר",UA,מילקה אוריאו מיניס לבן 153 גרם,גרמים,153.00,100 גרם,false,1,16.90,11.0458,true,1,128930
7622201127398,false,מילקה אוריאו מיניס א,מונדלייז,ES,מילקה אוריאו מיניס אורגינל 153 גרם,גרמים,153.00,100 גרם,false,1,16.90,11.0458,true,1,128685
7622201401900,false,עוגיות מילקה סנסיישן,גוד פוד פרודקטס S.p,PL,עוגיות מילקה סנסיישן אוראו 156 גרם,גרמים,156.00,100 גרם,false,1,13.90,8.9103,true,1,127318
7622201502515,false,מילקה קוקי לופ 132 ג,מונדלייז,,מילקה קוקי לופ 132 גרם,גרמים,132.00,100 גרם,false,1,13.90,10.5303,true,1,136632
7622201802363,false,שוקולד חלב אגוז וצימ,תאי פרזידנט פוד פאבל,DE,שוקולד חלב אגוז וצימוק מילקה 100 גרם,גרמים,100.00,100 גרם,false,1,6.90,6.9000,true,1,135295
7622201802394,false,שוקולד חלב מילקה 100,מונדלייז,DE,שוקולד חלב מילקה 100 גרם,גרמים,100.00,100 גרם,false,1,6.90,6.9000,true,1,135294
7622201808631,false,אוראו מיני כוסות בטע,"איטיליאן פוד, אס.פי.",ID,אוראו מיני כוסות בטעם וניל 67 גרם,גרמים,67.00,100 גרם,false,1,6.90,10.2985,true,1,135330
7622201813390,false,מילקה וואפל במילוי ק,מונדליז סי.אר. ביסקו,,מילקה וואפל במילוי קרם קקאו 150 גרם,גרמים,150.00,100 גרם,false,1,16.90,11.2667,true,1,128417
7622201819170,false,מילקה דארק שקדים 85,מונדלייז,DE,מילקה דארק שקדים 85 גרם חדש,גרמים,85.00,100 גרם,false,1,8.50,10.0000,true,1,136633
7622210453327,false,עוגיות מילקה סנסיישן,מנדלז פולסקה פרודקשן,PL,עוגיות מילקה סנסיישן 156 גרם,גרמים,156.00,100 גרם,false,1,13.90,8.9103,true,1,125706
7622210635105,false,אוראו תות 154 גרם,מונדלז אספנה גאלטס פ,ES,אוראו תות 154 גרם,גרמים,154.00,100 גרם,false,1,7.90,5.1299,true,1,123798
7622210638021,false,אוראו ביס קראנצי בצי,"איטיליאן פוד, אס.פי.",ES,אוראו קראנצ'י בייטס מצופים 110 גרם,גרמים,110.00,100 גרם,false,1,8.90,8.0909,true,1,127881
7622210826053,false,ט שוקולד מילקה אוראו,גיאורי קאקסז קייאףטי,HU,שוקולד מילקה אוראו סנדביץ 92 גרם,גרמים,92.00,100 גרם,false,1,6.90,7.5000,true,1,127598
7622210835338,false,עוגיות אוראו בראוניז,"איטיליאן פוד, אס.פי.",ES,עוגיות אוראו בראוניז 176 גרם,גרמים,176.00,100 גרם,false,1,9.90,5.6250,true,1,120194
7622300270506,false,עוגיות שיבולת שועל מ,"איטיליאן פוד, אס.פי.",PL,עוגיות שיבולת שועל מצופות 168 גרם,גרמים,168.00,100 גרם,false,1,13.90,8.2738,true,1,77758
7622300315283,false,"אוראו וניל בד""צ 154","מונדלז CR פרודקשיין,",UA,"אוראו וניל בד""צ 154 גרם",גרמים,154.00,100 גרם,false,1,7.90,5.1299,true,1,135153
7622300489427,false,עוגיות אוראו פאדג שו,"איטיליאן פוד, אס.פי.",ES,עוגיות אוראו בציפוי בטעם שוקולד לבן 246 גר',גרמים,246.00,100 גרם,false,1,17.90,7.2764,true,1,115516
7622300489434,false,עוגיות אוראו פאדג שו,"איטיליאן פוד, אס.פי.",ES,עוגיות אוראו פאדג שוקולד חלב 246 גרם,גרמים,246.00,100 גרם,false,1,17.90,7.2764,true,1,115517
7622300503079,false,ביסקוויט מצופה שוקול,"איטיליאן פוד, אס.פי.",PL,מילקה מו עוגיות ביסקוויט בציפוי שוקולד 200 גר',גרמים,200.00,100 גרם,false,1,13.90,6.9500,true,1,77846
7622300617820,false,שוקולד חלב אוראו מיל,מונדלייז,DE,שוקולד חלב אוראו מילקה 100 גרם,גרמים,100.00,100 גרם,false,1,6.90,6.9000,true,1,86260
7622300761363,false,עוגיות אוראו מיני קר,"איטיליאן פוד, אס.פי.",ID,אוראו מיני כוסות בטעם שוקולד 61.3 גרם,גרמים,67.00,100 גרם,false,1,6.90,10.2985,true,1,102278
7702018366286,false,סכין סימפלי ונוס איש,פרוקטל אנד גמבל,MD,סכין סימפלי ונוס אישה,לא מנהל יחידת מידה,0.00,לא מנהל יחידת מידה,false,1,22.90,0.0000,true,1,123329
7702018462032,false,גילט מאך 3 רביעיות ס,פרוקטור אנד גמבל,DE,גילט מאך 3 רביעיות סטארט,יחידה,1.00,יחידה,false,1,29.90,29.9000,true,1,125759
7702018978120,false,Gillette Clear Gel A,פרוקטר אנד גמבל,PL,Gillette Clear Gel AP Deo Stick Cool Wav,מיליליטרים,70.00,"100 מ""ל",false,1,16.90,24.1429,true,1,55258
7702018980932,false,קצף גילוח גילט לעור,קימברלי,GB,"קצף גילוח גילט לעור רגיש 200 מ""ל",מיליליטרים,200.00,"100 מ""ל",false,1,9.90,4.9500,true,1,140179
7702174066631,false,לקקן פיפופ,הדקלאים אגודת שיתופי,CO,לקקן פיןפופ 10 יח'180  גר',גרמים,180.00,100 גרם,false,1,10.90,6.0556,true,1,71713
7702174073783,false,לקקן פינפופ קולה 10,הדקלאים אגודת שיתופי,CO,לקקן פין פופ קולה 10 יח' 180  גר',גרמים,180.00,100 גרם,false,1,10.90,6.0556,true,1,116105
7792860006218,false,סוכריות לקקן בייבי ד,לריטייר,AR,"סוכריות בייבי דול, 24 גרם",גרמים,20.00,100 גרם,false,1,2.60,13.0000,true,1,9397
7890557432361,false,43/44 כפכפי הווייאנ,אלפרגאטאס,,43/44 כפכפי הווייאנס ברזיל לוגו נייבי,יחידה,1.00,יחידה,false,1,69.90,69.9000,true,1,115247
7891224766390,false,הווייאנס טופ מיקס ש,,,כפכפי הווייאנס ברזיל מיקס 41/42,יחידה,1.00,יחידה,false,1,69.90,69.9000,true,1,114839
8000113003402,false,קמח תירס בוואקום 1 ק,"כד בני דרום בע""מ",IT,קמח תירס בוואקום 1 קג,קילוגרמים,1.00,"ק""ג",false,1,14.90,14.9000,true,1,79670
8000215204240,false,משקה שקדים ואורז אור,אלינור,IT,משקה שקדים ואורז אורגני 1 ליטר,ליטרים,1.00,ליטר,false,1,13.90,13.9000,true,1,68964
8000215204363,false,VITASIמשקה קוקוס אור,אלינור,IT,VITASIמשקה קוקוס אורגני 1 ליטר,ליטרים,1.00,ליטר,false,1,16.90,16.9000,true,1,135039
8000215204554,true,משקה אורז קוקוס אורג,אלינור,IT,ויטאריז אורז עם קוקוס אורגני 1 ליטר,ליטרים,1.00,ליטר,false,1,13.90,13.9000,true,1,115942
8000215204561,false,משקה שקדים אורגני VI,אלינור,IT,ויטאסי משקה שקדים אורגני 1 ליטר,ליטרים,1.00,ליטר,false,1,16.90,16.9000,true,1,119129
8000215204653,false,ויטסי - משקה סויה או,אלינור,IT,ויטסי - משקה סויה אורגני 1 ליטר,ליטרים,1.00,ליטר,false,1,11.90,11.9000,true,1,123696
8000380003723,false,ופל גרנד פטיסרי אגוז,קריניציה ויטמינה אס,IT,ופל גרנד פטיסרי אגוזים 100 גרם,גרמים,100.00,100 גרם,false,1,12.90,12.9000,true,1,9510
8000380003761,false,ופל גרנד פטיסרי קוקו,קריניציה ויטמינה אס,IT,לואקר גרנד פטיסרי קוקוס 100 גרם,גרמים,100.00,100 גרם,false,1,12.90,12.9000,true,1,9511
8000380004676,false,ופל סנדויץ קרם וניל,"א. לואקר, קונפקט ג'י",AT,ופל סנדויץ קרם וניל לואקר 200 גרם,גרמים,200.00,100 גרם,false,1,14.90,7.4500,true,1,9512
8000380004911,false,ופל קואדרטיני אגוז 2,א. לואקר,AT,קוארדטיני אגוז 250 גר',גרמים,250.00,100 גרם,false,1,14.90,5.9600,true,1,9513
8000380004966,false,ופל קואדרטיני קקאו 2,קריניציה ויטמינה אס,AT,קוארדטיני שוקולד 250 גר',גרמים,250.00,100 גרם,false,1,14.90,5.9600,true,1,9514
8000380152728,false,לואקר אצבעות גרדנה ב,"אינסטנטה בע""מ",IT,לואקר אצבעות גרדנה בשקית-שוקולד 125 גרם,גרמים,125.00,100 גרם,false,1,18.90,15.1200,true,1,83118
8000380153442,false,ופל אגוז לואקר 90 גר,לואקר,,ופל אגוז לואקר 90 גרם,גרמים,90.00,100 גרם,false,1,7.90,8.7778,true,1,87506
8000380153466,false,ופל שוקולד לואקר 90,קריניציה ויטמינה אס,IT,ופל שוקולד לואקר 90 גרם,גרמים,90.00,100 גרם,false,1,7.90,8.7778,true,1,87500
8000380180745,false,ופל קואדרטיני שושו ל,"א. לואקר, קונפקט ג'י",AT,ופל קואדרטיני שושו לבן 250 גרם,גרמים,250.00,100 גרם,false,1,14.90,5.9600,true,1,109991
8000500023624,false,קינדר הפי היפו קקאו,קדבורי,DE,קינדר הפי היפו קקאו 105 גר,גרמים,102.00,100 גרם,false,1,14.90,14.6078,true,1,46138
8000500023976,false,בונבוניירה רפאלו 150,פררו,PL,כדור וופל בציפוי קוקוס פריך במילוי קרם ושקד שלם,גרמים,150.00,100 גרם,false,1,19.90,13.2667,true,1,9517
8000500026731,false,ביצי הפתעה מצופה שוק,פררו,IT,ביצת הפתעה  קינדר שלישייה,גרמים,64.00,100 גרם,false,1,15.90,24.8438,true,1,9518
8000500032237,false,פררו רושה  375 גרי,קדבורי,IT,פררו רושה  375 גרי,גרמים,375.00,100 גרם,false,1,46.90,12.5067,true,1,22066
8000500071083,false,שוקולד קינדר אריזה ד,קדבורי,IT,אצבעות שוקולד קינדר 200 גר,גרמים,200.00,100 גרם,false,1,12.90,6.4500,true,1,9522
8000500227848,true,נוטלה בי רדי שישיה 1,קדבורי,IT,נוטלה בי רדי שישיה 132 גרם,גרמים,132.00,100 גרם,false,1,13.90,10.5303,true,1,118984
8000500249352,false,חטיפי בואנו מיני מיק,פררו,PL,קינדר בואנו מיני מיקס,גרמים,205.00,100 גרם,false,1,21.90,10.6829,true,1,118990
8000500256213,false,שוקולד קינדר מיני 12,פררו,IT,קינדר שוקולד מיני 120 גרם,גרמים,120.00,100 גרם,false,1,12.90,10.7500,true,1,124430
8000500267103,true,קינדר דליס עשיריה,פררו,IT,קינדר דליס עוגת ספוג קקאו במילוי חלבי 390 גרם,גרמים,390.00,100 גרם,false,1,20.90,5.3590,true,1,118983
8001090705600,false,טמפקס קומפאק רגולר 1,פרוקטל אנד גמבל,HU,טמפקס קומפאק רגולר 18 יח,יחידה,18.00,יחידה,false,1,25.90,1.4389,true,1,140627
8001090705662,false,טמפקס קומפאק סופר 18,פרוקטל אנד גמבל,HU,טמפקס קומפאק סופר 18 יח,יחידה,18.00,יחידה,false,1,25.90,1.4389,true,1,140628
8001090833167,false,אריאל גל כביסה ניחוח,פרוקטור אנד גמבל,FR,אריאל גל כביסה ניחוח הרים 2.365 ליטר,ליטרים,2.37,ליטר,false,1,36.90,15.5696,true,1,119068
8001090899194,true,תחבושות אולוויז פלטי,פרוקטר אנד גמבל,DE,תחבושות אולוויז פלטינום רגולר 24 יח',יחידה,1.00,יחידה,false,1,18.90,18.9000,true,1,123317
8001090899224,true,תחבושות אולוויז פלטי,פרוקטר אנד גמבל,DE,תחבושות אולוויז פלטינום לונג 20 יח'',יחידה,1.00,יחידה,false,1,18.90,18.9000,true,1,123318
8001090899286,true,תחבושות אולוויז פלטי,פרוקטר אנד גמבל,UA,תחבושות אולוויז פלטינום לילה בטוח 14 יח',Unknown,0.00,Unknown,false,1,18.90,0.0000,true,1,123320
8001160001786,false,משקה גטורייד ספורט כ,פארייפאבה אגרואינדוס,IT,"משקה גטורייד ספורט כחול 500 מ""ל",מיליליטרים,500.00,"100 מ""ל",false,1,10.90,2.1800,true,1,85621
8001160001892,false,משקה גטורייד ספורט ת,פארייפאבה אגרואינדוס,IT,גטורייד ספורט תפוז אדום בקבוק 500 תריסר,מיליליטרים,500.00,"100 מ""ל",false,1,10.90,2.1800,true,1,86863
8001505000306,true,מעדן פירות יער אורגנ,אף.סי תבליני בגליל ב,IT,אורגניכ פארמינג מעדן פירות יער 250 גרם,גרמים,250.00,100 גרם,false,1,20.90,8.3600,true,1,121997
8001505000313,false,ממרח אגוזי לוז אורגנ,ריג'וני דה אסינו,IT,ממרח אגוזי לוז אורגני 270 גרם ניקולטה,גרמים,270.00,100 גרם,false,1,22.90,8.4815,true,1,95966
8001505000580,true,מעדן אפרסק אורגני,ריג'וני דה אסיאגו,IT,מעדן אפרסק אורגני 250 גרם,גרמים,250.00,100 גרם,false,1,21.90,8.7600,true,1,122000
8001505001105,true,ממרח אגוזי לוז אורגנ,אף.סי תבליני בגליל ב,IT,ממרח אגוזי לוז אורגני לא חלבי 270 גרם ני,גרמים,270.00,100 גרם,false,1,22.90,8.4815,true,1,115867
8001505001785,false,נוציולטה ביאנקה ממרח,אף.סי תבליני בגליל ב,IT,ממרח 30% אגוזי לוז,גרמים,270.00,100 גרם,false,1,21.90,8.1111,true,1,125118
8001620019160,false,סן בנדטו אפרסק 400 מ,טמפו,IL,"סן בנדטו אפרסק 400 מ""ל",מיליליטרים,400.00,"100 מ""ל",false,1,8.50,2.1250,true,1,139990
8001620019177,false,סן בנדטו ענבים 400 מ,טמפו,IL,"סן בנדטו ענבים 400 מ""ל",מיליליטרים,400.00,"100 מ""ל",false,1,8.50,2.1250,true,1,139991
8001841137179,false,הד אנד שולדרס מרכך ק,קדבורי,RO,"הד אנד שולדרס מרכך קלאסי 275  מ""ל",מיליליטרים,275.00,"100 מ""ל",false,1,16.90,6.1455,true,1,124515
8001841722221,false,מגן תחתון אולוויז לא,פרוקטר & גמבל,DE,מגן תחתון אולוויז לארג 48יחידות,לא מנהל יחידת מידה,0.00,לא מנהל יחידת מידה,false,1,19.90,0.0000,true,1,127261
8002920016903,false,LADORIA עגבניות מרוס,,IT,LADORIA עגבניות מרוסקות  שלישיה 400גרם,גרמים,400.00,100 גרם,false,3,15.90,3.9750,true,1,137999
8003385312104,false,עגבניות קוביות אנטונ,אנטונלה,IT,עגבניות קוביות אנטונלה שלישייה   400גרם,גרמים,400.00,100 גרם,false,3,14.90,3.7250,true,1,136726
8003385401501,false,אנטונלה עגבניות טחון,אנטונלה,IT,אנטונלה עגבניות טחון דק 680 גרם,גרמים,680.00,100 גרם,false,1,12.90,1.8971,true,1,136720
8003753158648,false,קפסולות אספרסו אינטנ,ג'ייקובס דאו אגרבטס,FR,קפסולות קפה אינטנסו,גרמים,57.00,100 גרם,false,1,19.90,34.9123,true,1,124539
8004030026018,false,טונה אינסלטיסימי מקס,"בולטון אלימנטרי בע""מ",IT,ריו מרה ירקות בנוסח מקסיקני עם טונה 160 גרם,גרמים,160.00,100 גרם,false,1,18.50,11.5625,true,1,108247
8004030044005,false,טונה בשמן זית ריו מר,"איטיליאן פוד, אס.פי.",IT,ריו מרה טונה בשמן זית 160 ג,גרמים,160.00,100 גרם,false,1,18.50,11.5625,true,1,9652
8004030180000,false,טונה בשמן זית ריו מר,בולטון אלימנטרי,IT,טונה בשמן זית ריו מרה שלישיה 240גרם,גרמים,240.00,100 גרם,false,3,27.90,11.6250,true,1,140314
8005200256587,false,נסטי אפרסק 1.5 ליטר,פארייפאבה אגרואינדוס,IT,נסטי אפרסק 1.5 ליטר,ליטרים,1.50,ליטר,false,1,11.50,7.6667,true,1,136948
8005200286584,false,נסטי מנגו אננס 1.5 ל,פארייפאבה אגרואינדוס,IT,נסטי מנגו אננס 1.5 ליטר,ליטרים,1.50,ליטר,false,1,11.50,7.6667,true,1,136949
8006050090239,false,חומץ בלסמי ממודנה מא,יבואן ומשווק: ש. שסט,IT,מאצטי אורגינל חומץ בלסמי ממודנה 500 מל,מיליליטרים,500.00,"100 מ""ל",false,1,27.90,5.5800,true,1,115955
8006227001372,false,סמנצאטו לחם מחמצת לב,רו. מאר ס.ר.ל,IT,סמנצאטו לחם מחמצת לבן משמן זית 400 גרם ל,גרמים,250.00,100 גרם,false,1,18.90,7.5600,true,1,136284
8006227001389,false,סמנצאטו לחם מחמצת קמ,רו. מאר ס.ר.ל,IT,סמנצאטו לחם מחמצת קמח לבן משמן זית 400 ג,גרמים,250.00,100 גרם,false,1,18.90,7.5600,true,1,136285
8006540019672,false,נוזל כלים פיירי פלטי,פרוקטר & גמבל,GB,נוזל כלים פיירי פלטינום 700 מל,מיליליטרים,700.00,"100 מ""ל",false,1,11.90,1.7000,true,1,140173
8006540592434,true,תחבושות אולוויז נורמ,פרוקטר,DE,תחבושות אולוויז נורמל פלוס 28 יח,יחידה,28.00,יחידה,false,1,18.90,0.6750,true,1,138707
8006540592465,false,תחבושות אולוייז כפול,פרוקטר,DE,תחבושות אולוייז כפול לונג פלוס 24 יח,יחידה,24.00,יחידה,false,1,18.90,0.7875,true,1,138682
8006540592496,false,תחבושות אולוייז כפול,פרוקטר,DE,תחבושות אולוייז כפול לילה 20,יחידה,20.00,יחידה,false,1,18.90,0.9450,true,1,138683
8007178120310,false,"חומץ בלסמי ג""קובזי 5",פארייפאבה אגרואינדוס,IT,"חומץ בלסמי ממודנה 500 מ""ל",מיליליטרים,500.00,"100 מ""ל",false,1,21.90,4.3800,true,1,9708
8007270999012,false,שמן גרעיני ענבים 1 ל,קרלו,IT,שמן גרעיני ענבים 1 ליטר קוסטה דאורו,ליטרים,1.00,ליטר,false,1,46.90,46.9000,true,1,112035
8007520096027,false,מור פרופ כ קרוקט בקר,מורנדו,IT,מור פרופ כ קרוקט בקר 4 קג,קילוגרמים,4.00,"ק""ג",false,1,49.90,12.4750,true,1,139845
8008660210021,false,מאנז גאסר מעדן ריבה,שוורצקוף& הנקל דיסלד,IT,מנז אנד גאסר מעדן דובדבן 320 גרם,גרמים,300.00,100 גרם,false,1,15.90,5.3000,true,1,109342
8017938005122,false,חומץ תפוחים אורגני,מריה לוצ'יה מלצ'יורי,IT,חומץ תפוחים אורגני 750 מל,מיליליטרים,750.00,"100 מ""ל",false,1,19.90,2.6533,true,1,95973
8017938005764,false,מיץ תפוחים אורגני נט,יבואן ומשווק: ש. שסט,IT,מיץ תפוחים אורגני נטרופוד 1 ליטר,ליטרים,1.00,ליטר,false,1,22.20,22.2000,true,1,107862
8024985000086,false,מחית תפוח בננה אורגנ,כפרי בריא,IT,נטורה נובה מחית תפוח בננה 100% אורגני 200 גרם,גרמים,200.00,100 גרם,false,1,10.90,5.4500,true,1,95983
8024985000116,false,מחית אגס אורגני זוג,כפרי בריא,IT,נטורה נובה מחית תפוח אוכמניות 100% אורגני 200 גרם,גרמים,200.00,100 גרם,false,1,10.90,5.4500,true,1,95985
8024985002783,true,מחית סמוזי גזר דלעת,נטורה נובה,IT,מחית סמוזי גזר דלעת 100 גרם,גרמים,100.00,100 גרם,false,1,5.90,5.9000,true,1,115956
8024985002912,false,סמוזי תפוח אגס בטטה,נטורה נובה,IT,סמוזי תפוח אגס בטטה אורגני נטורה 100 גרם,גרמים,100.00,100 גרם,false,1,5.90,5.9000,true,1,119133
8024985002943,false,נטורה נובה סמוזי תפו,כפרי בריא,IT,סמוצ'י תפוח אננס קוקוס אורגניים,גרמים,100.00,100 גרם,false,1,5.90,5.9000,true,1,122025
8024985002950,false,נטורה נובה סמוזי שזי,כפרי בריא,IT,סמוצ'י תפוח בננה תרד אורגניים,גרמים,100.00,100 גרם,false,1,5.90,5.9000,true,1,122024
8024985003988,false,מחית סמוזי תפוח בננה,כפרי בריא,IT,סמוצ'י תפוח בננה אורגניים 100 גרם,גרמים,100.00,100 גרם,false,1,5.90,5.9000,true,1,111995
8024985005234,false,מחית סמוזי תפוח אפרס,נטורה נובה,IT,סמוצ'י תפוח אפרסק מנגו אורגניים 100 גרם,גרמים,100.00,100 גרם,false,1,5.90,5.9000,true,1,112000
8024985005302,true,נטורה נובה  סמוזי תפ,נטורה נובה,IT,סמוצ'י תפוח רימון פטל אוכמניות ואסאי 120 גרם,גרמים,120.00,100 גרם,false,1,6.90,5.7500,true,1,115921
8024985008037,false,מחית סמוזי תפוח נטור,כפרי בריא,IT,סמוצ'י תפוחים אורגניים 100 גרם,גרמים,100.00,100 גרם,false,1,6.20,6.2000,true,1,100482
8024985008044,false,מחית סמוזי אגס נטורה,כפרי בריא,IT,סמוצ'י אגסים אורגניים 100 גרם,גרמים,100.00,100 גרם,false,1,6.20,6.2000,true,1,100481
8024985008051,false,מחית סמוזי פירות אדו,נטורה נובה,IT,סמוצ'י פירות אדומים אורגניים 100 גרם,גרמים,100.00,100 גרם,false,1,6.20,6.2000,true,1,100480
8032804430976,false,פליסיה ריגטוני שיבול,מולינו אנדריאני,IT,אטריות אורגניות על בסיס שיבולת שועל,גרמים,340.00,100 גרם,false,1,17.90,5.2647,true,1,132416
8032804432031,true,פסטה פנה אורז מלא או,מולינו אנדריאני,IT,אטריות אורז מלא אורגניות ללא גלוטן 340 גרם,גרמים,340.00,100 גרם,false,1,13.90,4.0882,true,1,115957
8032880800243,false,פיקניק הפתעה 50 גרם,"אינסטנטה בע""מ",IT,פיקניק הפתעה - אגוזי לוז ומקלות אפויים,גרמים,50.00,100 גרם,false,1,10.50,21.0000,true,1,45925
8076800195057,false,פסטה ברילה ספגטיני מ,"איטיליאן פוד, אס.פי.",IT,ברילה ספגטי מס' 5 500 גרם,גרמים,500.00,100 גרם,false,1,6.90,1.3800,true,1,9875
8076802085738,false,פסטה ברילה פנה רגטה,"איטיליאן פוד, אס.פי.",IT,ברילה פנה רגטה מס 73 500 גרם,גרמים,500.00,100 גרם,false,1,6.90,1.3800,true,1,9881
8076802085936,false,פסטה ברילה קונציליה,ברילה גי.אי.אר פרטלי,IT,ברילה פסטה פתיתים - קונצילה ריגטה 500 גרם,גרמים,500.00,100 גרם,false,1,6.90,1.3800,true,1,9884
8076802085981,false,פסטה ברילה פוזילי מס,"איטיליאן פוד, אס.פי.",IT,ברילה פסטה פתיתים פוזילי 500 גרם,גרמים,500.00,100 גרם,false,1,6.90,1.3800,true,1,9885
8076808060654,false,פסטה ברילה פרפלה מס,"איטיליאן פוד, אס.פי.",IL,ברילה פסטה פתיתים פרפלה 500 גרם,גרמים,500.00,100 גרם,false,1,6.90,1.3800,true,1,9888
8076808150072,false,ספגטי ברילה מס 7 500,"איטיליאן פוד, אס.פי.",IT,ברילה ספגטי מספר 7 500 גרם,גרמים,500.00,100 גרם,false,1,6.90,1.3800,true,1,9890
8076809513395,false,רוטב פסטה ברילה פומו,BARILLA G.E.R.,IT,ברילה רוטב עגבניות קלאסי 400 גרם,גרמים,400.00,100 גרם,false,1,13.90,3.4750,true,1,9895
8076809513654,false,בסיס רוטב ברילה עגבנ,ברילה גי.אי.אר פרטלי,IT,ברילה רוטב בסיס לפסטה בולונז 400 גרם,גרמים,400.00,100 גרם,false,1,13.90,3.4750,true,1,21997
8076809513739,false,רוטב פסטה ברילה בזיל,ברילה גי.אי.אר פרטלי,IT,ברילה רוטב עגבניות עם בזיליקום לפסטה 400 גרם,גרמים,400.00,100 גרם,false,1,13.90,3.4750,true,1,35110
8076809523561,false,רוטב פסטה ברילה בטעם,"איטיליאן פוד, אס.פי.",IT,ברילה רוטב טוסקנה לפסטה 400 גרם,גרמים,400.00,100 גרם,false,1,13.90,3.4750,true,1,55390
8076809523714,false,פסטה ברילה טליאטלה 5,"ש. שסטוביץ בע""מ",IT,פסטה ברילה טליאטלה 500 גרם,גרמים,500.00,100 גרם,false,1,24.90,4.9800,true,1,22293
8076809523738,false,לזניה ברילה,ברילה גי.אי.אר פרטלי,IT,לזניה ברילה 500 גרם,גרמים,500.00,100 גרם,false,1,23.90,4.7800,true,1,14482
8076809529433,false,פסטה ברילה פנה רגטה,"ש. שסטוביץ בע""מ",IT,פסטה ברילה פנה רגטה מחיטה מלאה 500 גרם,גרמים,500.00,100 גרם,false,1,13.90,2.7800,true,1,36533
8076809545440,false,אטריות ללא גלוטן ברי,"ש. שסטוביץ בע""מ",IT,"ברילה אטריות על בסיס קמח תירס ללא גלוטן, 400 גרם",גרמים,400.00,100 גרם,false,1,14.90,3.7250,true,1,107639
8076809545457,false,פסטה צינורות ללא גלו,"ש. שסטוביץ בע""מ",IT,ללא גלוטן - אריזה חדשה,גרמים,400.00,100 גרם,false,1,14.90,3.7250,true,1,107640
8410076600622,false,קראנצי שבבי שוקולד,ג'נרל מילס סאן אדריא,ES,קראנצי שבבי שוקולד מריר 210 גר,גרמים,210.00,100 גרם,false,1,14.90,7.0952,true,1,95210
8410076601865,false,מארז חטיפי נייטצר וא,סאן אדריאן,ES,מארז חטיפי נייטצר ואלי דבש 420גרם  20,גרמים,420.00,100 גרם,false,20,24.90,5.9286,true,1,139223
8410076800633,false,קראנצי שיבולת שועל ו,ג'נרל מילס,,קראנצי שיבולת שועל ושוקולד מריר,גרמים,42.00,100 גרם,false,1,4.90,11.6667,true,1,104461
8410076801067,false,חטיף נייטצר ואלי דבש,סאן אדריאן,ES,חטיף נייטצר ואלי דבש 21 גרם,גרמים,21.00,100 גרם,false,1,2.90,13.8095,true,1,139225
8410076801074,false,חטיף נייטצר ואלי שוק,סאן אדריאן,ES,חטיף נייטצר ואלי שוקולד  21 גרם,גרמים,21.00,100 גרם,false,1,2.90,13.8095,true,1,139226
8410104039134,false,פיניש ניקוי וחידוש,רקיט בנקיזר,PL,"מנקה מדיח כלים פיניש 250 מ""ל",מיליליטרים,250.00,"100 מ""ל",false,1,14.90,5.9600,true,1,10220
8410104045111,false,פיניש מלח למדיח,מלח הארץ,IL,פיניש מלח למדיח כלים 2 קג,קילוגרמים,2.00,"ק""ג",false,1,14.90,7.4500,true,1,10222
8410179200811,false,BORGES  שמן זית כתית,BORGES,ES,BORGES  שמן זית כתית מעולה לייט  750מל,מיליליטרים,750.00,"100 מ""ל",false,1,36.90,4.9200,true,1,129319
8410179300818,false,BORGES  שמן זית כתית,BORGES,ES,BORGES  שמן זית כתית 750מל מעולה מעודן,מיליליטרים,750.00,"100 מ""ל",false,1,36.90,4.9200,true,1,129318
8410376010701,false,ביסקוויט מרי ללא סוכ,תות תעשיות מזון (201,ES,גולון מריה בסקוויט ללא תוספת סוכר 400גרם,גרמים,400.00,100 גרם,false,1,16.90,4.2250,true,1,69591
8423207206488,false,חטיף דגנים סלים דליס,אף.סי תבליני בגליל ב,ES,חטיף דגנים סלים דליס שוקולד חלב 120  גרם,גרמים,120.00,100 גרם,false,1,13.90,11.5833,true,1,99546
8423207206495,false,חטיף דגנים סלים דליס,אף.סי תבליני בגליל ב,ES,חטיף דגנים סלים דליס שוקולד מריר 120 גרם,גרמים,120.00,100 גרם,false,1,13.90,11.5833,true,1,99547
8423207207362,false,סלים דליס,ביסנצ'ורי אס.אל.יו,ES,סלים דליס שוקולד לבן 120  גרם,גרמים,120.00,100 גרם,false,1,13.90,11.5833,true,1,99549
8423207208680,false,חטיף דגנים סלים דליס,ביסנצ'ורי אס.אל.יו,ES,סלים דליס קידס חטיף דגנים מצופה שוקולד חלב 120 גר',גרמים,182.00,100 גרם,false,1,13.90,7.6374,true,1,108755
8423371000462,false,פיצוחים בפחית טו גו,SALTS OK,ES,סאליסול טו גו קוקטיל מיקס,גרמים,50.00,100 גרם,false,1,5.90,11.8000,true,1,122922
8423371000516,false,פיצוחים בפחית טו גו,,ES,פיצוחים בפחית טו גו בוטנים ושקדים מקורמל,גרמים,50.00,100 גרם,false,1,5.90,11.8000,true,1,125014
8423371000523,false,פיצוחים בפחית טו גו,,ES,סאליסול טו גו תירס בטעם ברביקיו,גרמים,30.00,100 גרם,false,1,5.90,19.6667,true,1,125015
8423371000530,false,פיצוחים בפחית טו גו,SALTS OK,ES,סאליסול טו גו בוטנים עם מלח,גרמים,60.00,100 גרם,false,1,5.90,9.8333,true,1,122923
8423371002725,false,בוטנים  קוקטייל מיקס,,ES,סאליסול משפחתי קוקטיל מיקס,גרמים,100.00,100 גרם,false,1,9.90,9.9000,true,1,133375
8423371002749,false,פיצוחים בפחית בוטנים,סאליסול,ES,סאליסול משפחתי בוטנים ושקדים מקורמלים,גרמים,135.00,100 גרם,false,1,9.90,7.3333,true,1,133465
8423371005078,false,פיצוחים בפחית טו גו,SALTS OK,ES,סאליסול טו גו מיקס פיקנטי,גרמים,50.00,100 גרם,false,1,5.90,11.8000,true,1,122924
8423371005795,false,פיצוחים בפחית טו גו,SALTS OK,ES,סאליסול טו גו קאנטרי מיקס,גרמים,45.00,100 גרם,false,1,5.90,13.1111,true,1,122921
8595134503302,false,פילטר 6 ארוך,,,פילטר 6 ארוך,Unknown,0.00,Unknown,false,1,6.50,0.0000,false,1,119463
8595134503487,false,פילטר 5.3 ארוך,,,פילטר 5.3 ארוך,יחידה,1.00,יחידה,false,1,7.50,7.5000,true,1,121814
8595134503975,false,נייר בינוני כולל פיל,,,נייר בינוני כולל פילטר,לא מנהל יחידת מידה,0.00,לא מנהל יחידת מידה,false,1,6.00,0.0000,false,1,124104
8683130012666,false,מגנום דאבל לבן עוגיו,שטראוס גרופ גלידות,IL,מגנום דאבל לבן עוגיות 74 גרם,גרמים,74.00,100 גרם,false,1,11.90,16.0811,true,1,138001
8690504081920,false,טינס מצופה שוקולד מר,שוורצקוף& הנקל דיסלד,TR,טינס מצופה שוקולד מריר 150 גרם,גרמים,150.00,100 גרם,false,1,13.90,9.2667,true,1,115301
8690526009193,false,וופל ETI אגוזים 29גר,מולינו ניקולי s.p.a,TR,וופל ETI אגוזים 29גרם,גרמים,29.00,100 גרם,false,1,3.90,13.4483,true,1,127358
8690637007705,false,שלגון מסטיגם 80 גרם,"מיוצר ע""י יוניליוור",TR,שלגון מסטיגם 80 גרם,גרמים,80.00,100 גרם,false,1,6.90,8.6250,true,1,119210
8690637688195,false,תה ירוק קלאסי ליפטון,,TR,"תה ליפטון תה ירוק קלאסי 30 גרם, 20 יחידות",גרמים,30.00,100 גרם,false,1,16.90,56.3333,true,1,97294
8690637704376,false,דאב שמפו יום יום,יוניליוור טורקיה. אז,TR,דאב  שמפו טיפוח יום יומי 600 מל,מיליליטרים,600.00,"100 מ""ל",false,1,21.90,3.6500,true,1,100533
8690637799594,false,תה ירוק נענע בסגנון,בסן בסין סנאיי וי טי,TR,תה ירוק בטעם מנטה בתוספת עלי נענע,גרמים,30.00,100 גרם,false,1,16.90,56.3333,true,1,109791
8690637842382,false,מגנום וניל פירות יער,שטראוס גרופ גלידות,,מגנום וניל פירות יער,גרמים,85.00,100 גרם,false,1,11.90,14.0000,true,1,114722
8690637871245,true,הלמנס מיונז אמיתי לח,יוניליוור גידה סאנ.,TR,הלמנס מיונז אמיתי לחיץ 395 גר,גרמים,395.00,100 גרם,false,1,13.90,3.5190,true,1,122871
8690637879395,false,מגנום דאבל פיסטוק 72,יוניליוור סנאי ןי טי,TR,מגנום דאבל פיסטוק 72 גרם,גרמים,72.00,100 גרם,false,1,10.90,15.1389,true,1,120685
8690637989612,false,מגנום מיני דאבל דולצ,יוניליוור,TR,מגנום מיני דאבל דולצה גולד 246גרם,גרמים,246.00,100 גרם,false,1,32.90,13.3740,true,1,128831
8690637997914,false,מגנום כוס אישי שמנת,יונילוור,IL,מגנום כוס אישי שמנת ונ.שקדים 76גרם,גרמים,76.00,100 גרם,false,1,7.90,10.3947,true,1,135662
8690637997921,false,מגנום כוס אישי שמנת,יונילוור,IL,מגנום כוס אישי שמנת וניל 81 גרם,גרמים,81.00,100 גרם,false,1,7.90,9.7531,true,1,135663
8691530924670,false,סירופ רימונים נטורסא,רמירז,,סירופ רימונים נטורסאן 345 גרם,גרמים,345.00,100 גרם,false,1,19.90,5.7681,true,1,83096
8691900172854,false,תחבושות קוטקס סופר 2,קימברלי,GB,תחבושות קוטקס סופר 20 יח,יחידה,20.00,יחידה,false,1,15.90,0.7950,true,1,140177
8697530910743,false,סיגריות פאל מל כחול,BAT,,סיגריות פאל מל כחול חפיסה בודד,יחידה,1.00,יחידה,false,1,31.40,31.4000,false,1,46641
8697530910750,false,סיגריות פאל מל כחול,BAT,,סיגריות פאל מל כחול ארוך חפיסה בודד,יחידה,0.00,יחידה,false,1,31.40,0.0000,false,1,46642
8697530910781,false,סיגריות פאל מל אדום,BAT,,סיגריות פאל מל אדום חפיסה בודד,יחידה,1.00,יחידה,false,1,31.40,31.4000,false,1,46643
8697659232733,false,מבשם אריגים פרש כותנ,ATAK,TR,"מבשם אריגים פרש כותנה 425 מ""ל",מיליליטרים,425.00,"100 מ""ל",false,1,14.90,3.5059,true,1,123366
8710502064814,false,עוגיות שוקו ציפס רך,קרלו,NL,מרבה עוגיות שוקולד צ'יפס במרקם רך 175 גרם,גרמים,225.00,100 גרם,false,1,9.90,4.4000,true,1,104674
8710502139017,false,עוגיות שוקולד ציפס ט,קרלו,NL,מרבה עוגיות  טריפל שוקולד ציפס,גרמים,180.00,100 גרם,false,1,9.90,5.5000,true,1,70089
8710502231018,false,מיני עוגיות מרבה ש צ,"מרבה בע""מ",NL,מיני עוגיות מרבה ש ציפס 175 גרם,גרמים,175.00,100 גרם,false,1,9.90,5.6571,true,1,128430
8710502470028,false,עוגיות שוקולד ציפס נ,קריניציה ויטמינה אס,NL,עוגיות שוקולד ציפס נוגטלי מרבה 160 גרם,גרמים,160.00,100 גרם,false,1,9.90,6.1875,true,1,70091
8711000362679,false,לור קפסולות קפה אספר,ג'ייקובס דאו אגרבטס,FR,לור קפסולות אספרסו קולומביה (8) 10יח' 52ג',גרמים,52.00,100 גרם,false,1,21.90,42.1154,true,1,132265
8711000362693,false,לור קפסולות קפה אספר,כלורוקס אוקלנד,FR,לור קפסולות אספרסו פפואה (7) 10יח' 52ג',גרמים,52.00,100 גרם,false,1,21.90,42.1154,true,1,132266
8712000050146,false,בירה הייניקן בקבוק 3,טמפו,IL,"בירה הייניקן ללא אלכוהול בקבוק 330 מ""ל",מיליליטרים,330.00,"100 מ""ל",false,1,6.90,2.0909,true,1,121329
8712561599337,false,סיף תרסיס לניקוי חדר,יוניליוור,GB,סיף תרסיס לניקוי חדרי אמבט 450 מל,ליטרים,450.00,ליטר,false,1,12.90,0.0287,true,1,138700
8712561600026,false,סיף תרסיס לניקוי רב,יוניליוור,GB,סיף תרסיס לניקוי רב תכליתי עם אקונומיקה,ליטרים,450.00,ליטר,false,1,12.90,0.0287,true,1,138701
8714599412336,false,גייקובס קפה בריסטה א,ג'ייקובס דאו אגברטס,RU,ג'ייקובס בריסטה אמריקנו קפה נמס עם קלוי וטחון,גרמים,160.00,100 גרם,false,1,28.90,18.0625,true,1,136379
8714599512159,false,גייקובס מגורען 190 ג,"אל.אל.סי ""גייקובס דא",RU,גייקובס מגורען 190 גרם,גרמים,190.00,100 גרם,false,1,28.90,15.2105,true,1,137320
8714599513835,true,גייקובס נטול קופאין,אל.אל.סי גייקובס דאו,DE,גייקובס נטול קופאין,לא מנהל יחידת מידה,0.00,לא מנהל יחידת מידה,false,1,28.90,0.0000,true,1,131015
8714789218465,false,מברשת שיניים קולגייט,קולגייט פלמוליב,CN,זוג מברשות שיניים קולגייט 360 סופט,לא מנהל יחידת מידה,0.00,לא מנהל יחידת מידה,false,1,33.90,0.0000,true,1,34029
8714789303925,false,מברשת שיניים 360 זוג,קולגייט- פלמוליב,,קולגייט מב.שיניים 360 סנסטיב ז,Unknown,0.00,Unknown,false,1,33.90,0.0000,true,1,47499
8714789402918,false,אגקס חגיגת הפרחים,הנסיך- מפעל לייצור ט,GR,"אג""קס חגיגת הפרחים אדום 1.5 ל          """,ליטרים,1.50,ליטר,false,1,19.90,13.2667,true,1,54659
8714789582764,false,אגקס לניקוי חלונות ט,הנסיך- מפעל לייצור ט,GR,"אגקס לניקוי חלונות טריגר 750 מ""ל",מיליליטרים,750.00,"100 מ""ל",false,1,15.90,2.1200,true,1,98189
8714789930848,false,משחת שיניים אופטיק,קולגייט פלמוליב,PL,קולגייט משחת שיניים אופטיק הלבנה מיידית 75 מל,מיליליטרים,75.00,"100 מ""ל",false,1,23.90,31.8667,true,1,96510
8715035520301,false,רוטב סויה ולימון פונ,קיקומן פודז יורופ בי,NL,קיקומן פונזו רוטב יפני על בסיס סויה ולימן,מיליליטרים,250.00,"100 מ""ל",false,1,19.90,7.9600,true,1,121114
8715300238306,false,חמאה הולנדית  פריקו,מחלבת אחיהוד,IL,חמאה הולנדית  פריקו  200גרם,גרמים,200.00,100 גרם,false,1,13.90,6.9500,true,1,140426
8715700110141,false,מיונז אמיתי היינץ 43,ה.י.היינץ הולדינג בי,NL,SG היינץ מיונז צנצנת 460 גרם,גרמים,460.00,100 גרם,false,1,11.90,2.5870,true,1,113848
8715700110158,false,מיונז לייט היינץ 430,ה.י.היינץ הולדינג בי,NL,SG היינץ מיונז לייט צנצנת 490,גרמים,490.00,100 גרם,false,1,11.90,2.4286,true,1,113849
8715700419695,true,רוטב ברביקיו מתוק,יוניליוור גרמניה  Gm,NL,היינץ רוטב ברביקיו מתוק 500 גרם,גרמים,500.00,100 גרם,false,1,17.90,3.5800,true,1,131742
8715700419732,false,מתבל עגבניות היינץ 7,ה.י. היינץ,NL,היינץ מתבל עגבניות 700 גרם,גרמים,700.00,100 גרם,false,1,9.90,1.4143,true,1,96206
8715700422473,false,מיונז היינץ ללא חומר,ה.י.היינץ,NL,היינץ ממרח לחיץ ללא חומרים משמרים,גרמים,395.00,100 גרם,false,1,15.90,4.0253,true,1,130145
8717163647226,false,אקס ספריי גוף בלאק 1,ארנסט. רחוב קומבינצק,RU,אקס דאודורנט ספריי גוף בלאק 150 מל,מיליליטרים,150.00,"100 מ""ל",false,1,13.90,9.2667,true,1,121572
8717163647240,false,דאודורנט ספריי AXE ש,ארנסט. רחוב קומבינצק,TR,אקס  דאודורנט ספריי גוף שוקולד 150 מל,מיליליטרים,150.00,"100 מ""ל",false,1,13.90,9.2667,true,1,121574
8717677336616,false,שוקולד מריר עם שקדים,אלפרד ריטר,NL,שוקולד מריר עם שקדים ומלח טוניס,גרמים,180.00,100 גרם,false,1,19.90,11.0556,true,1,137249
8717677336630,false,שוקולד חלב עם שקדים,אלפרד ריטר,NL,שוקולד חלב עם שקדים ודבש טוניס,גרמים,180.00,100 גרם,false,1,19.90,11.0556,true,1,137247
8717677338436,false,שוקולד חלב עם אגוזי,אלפרד ריטר,NL,שוקולד חלב עם אגוזי לוז קצוצים טוניס,גרמים,180.00,100 גרם,false,1,19.90,11.0556,true,1,137246
8718692610828,false,שלישיית בקבוקים 1 ל,סודהסטרים,,שלישיית בקבוקים 1 ליטר,לא מנהל יחידת מידה,0.00,לא מנהל יחידת מידה,false,1,59.90,0.0000,true,1,94101
8718692611979,false,תרכיז דיאט פירות יער,,,תרכיז דיאט פירות יער,לא מנהל יחידת מידה,0.00,לא מנהל יחידת מידה,false,1,22.90,0.0000,true,1,117221
8718951001596,false,אגקס ספריי אמבטיה 60,הנסיך- מפעל לייצור ט,GR,אג'קט מסיר אבנית וחלודה לאמבטיה 600 מל,מיליליטרים,600.00,"100 מ""ל",false,1,12.90,2.1500,true,1,105380
8718951189881,false,אגקס טריגר בוסט תפוח,הדקלאים אגודת שיתופי,GR,אג'קס טריגר בוסט תפוח וחומץ 500 מל,מיליליטרים,500.00,"100 מ""ל",false,1,12.90,2.5800,true,1,126588
8718951190160,false,אגקס ניקוי כללי בוסט,קולגייט פלמוליב,GR,אג'קס ניקוי כללי בוסט לימון וסודה 1 ליטר,ליטרים,1.00,ליטר,false,1,12.90,12.9000,true,1,121813
8718951190191,false,אגקס טריגר בוסט לימו,הדקלאים אגודת שיתופי,GR,אג'קס טריגר בוסט לימון וסודה 500 מל,מיליליטרים,500.00,"100 מ""ל",false,1,12.90,2.5800,true,1,126587
8718951194144,false,מברשת שיניים+ ערכת ה,Colgate (Euro)-Palmo,PL,מברשת שיניים+ ערכת הלבנה קולגייט אופטיק,מיליליטרים,125.00,"100 מ""ל",false,1,69.90,55.9200,true,1,118467
8718951247871,false,אגקס טריגר שירותים 5,CP UK,GR,"אגקס טריגר שירותים 500 מ""ל",מיליליטרים,500.00,"100 מ""ל",false,1,12.90,2.5800,true,1,124294
8718951248656,false,פלמוליב פרוטאין 500מ,CP UK,IT,פלמוליב פרוטאין 500מל,מיליליטרים,500.00,"100 מ""ל",false,1,19.90,3.9800,true,1,127259
8718951301139,false,פלמוליב ויטמין B ורי,פלמוליב,TR,"פלמוליב ויטמין B ורימון 750 מ""ל",מיליליטרים,750.00,"100 מ""ל",false,1,21.90,2.9200,true,1,125280
8718951313576,false,משחת שיניים קולגייט,קולגייט פלמוליב,PL,משחת שיניים קולגייט מקס פרש כחול 100 מל,מיליליטרים,100.00,"100 מ""ל",false,1,11.90,11.9000,true,1,138705
8718951334274,false,סופלין מרכך כביסה מר,CP UK,GR,סופלין מרכך כביסה מרוכז וניל 1.3 ליטר,ליטרים,1.30,ליטר,false,1,17.90,13.7692,true,1,125017
8719128110332,true,תרכיז אנרגייה חדש,,,תרכיז אנרגייה חדש,Unknown,0.00,Unknown,false,1,22.90,0.0000,true,1,121299
8719128117232,false,סירופ פפסי 440מל,סודה סטרים,IL,סירופ פפסי 440מל,מיליליטרים,440.00,"100 מ""ל",false,1,22.90,5.2045,true,1,129005
8719128117256,false,סירופ סבן אפ 440מל,סודה סטרים,IL,סירופ סבן אפ 440מל,מיליליטרים,440.00,"100 מ""ל",false,1,22.90,5.2045,true,1,129006
8719128117294,false,סירופ דיאט סבן אפ 44,סודה סטרים,IL,סירופ דיאט סבן אפ 440מל,מיליליטרים,440.00,"100 מ""ל",false,1,22.90,5.2045,true,1,129007
8719200998001,false,בלו בנד עם מלח 200 ג,מיוצר עי קונדיטוריית,IL,בלו בנד עם מלח 200 גרם,גרמים,200.00,100 גרם,false,1,4.70,2.3500,true,1,124121
8719200998018,false,מרגרינה בטעם חמאה מח,פארייפאבה אגרואינדוס,IL,מרגרינה בטעם חמאה מחמאה 200 גרם,גרמים,200.00,100 גרם,false,1,4.90,2.4500,true,1,72
8720181114489,false,ספריי אקס שחור 150 מ,יוניליוור,GB,"ספריי אקס שחור 150 מ""ל",מיליליטרים,150.00,"100 מ""ל",false,1,13.90,9.2667,true,1,138830
8720181114496,false,ספרי גוף אקס שוקולד,יוניליוור,GB,"ספרי גוף אקס שוקולד 150 מ""ל",מיליליטרים,150.00,"100 מ""ל",false,1,13.90,9.2667,true,1,138831
8720182050137,false,סיף תרסיס לניקוי מטב,יוניליוור,GB,סיף תרסיס לניקוי מטבח 450 מל,ליטרים,450.00,ליטר,false,1,12.90,0.0287,true,1,138706
8720182990396,false,תה ליפטון שחור קלאסי,ליפטון,GB,"תה ליפטון שחור קלאסיק, 180 גרם",גרמים,180.00,100 גרם,false,1,12.90,7.1667,true,1,140626
8801055708772,false,נסקפה טייסטרס צויס מ,לוטה נסטלה קוריאה,IL,טייסטרס צויס מארז 8*200ג'+50ג',גרמים,250.00,100 גרם,false,1,31.90,12.7600,true,1,132769
8850161160851,false,מי קוקוס קוקו מקס 35,פארייפאבה אגרואינדוס,TH,"קוקו מקס 100% מי  קוקוס 350 מ""ל",מיליליטרים,350.00,"100 מ""ל",false,1,9.50,2.7143,true,1,123442
8850161167041,false,חלב  קוקוס קוקו וואי,פארייפאבה אגרואינדוס,TH,"קוקו וואי משקה קוקוס 270 מ""ל",מיליליטרים,270.00,"100 מ""ל",false,1,9.50,3.5185,true,1,123443
8850389103111,false,משקה סאפה אלוורה ענב,פארייפאבה אגרואינדוס,TH,"סאפה אלוורה ענבים בקבוק 300 מ""ל",מיליליטרים,300.00,"100 מ""ל",false,1,8.50,2.8333,true,1,43289
8850389103128,false,משקה סאפה אלוורה תפו,פארייפאבה אגרואינדוס,TH,"סאפה תפוח בקבוק 300 מ""ל 24 יח",מיליליטרים,300.00,"100 מ""ל",false,1,8.50,2.8333,true,1,43290
8850389104637,false,משקה סאפה אלוורה אפר,פארייפאבה אגרואינדוס,TH,"סאפה אלוורה אפרסק בקבוק 300 מ""ל",מיליליטרים,300.00,"100 מ""ל",false,1,8.50,2.8333,true,1,59890
8850389105825,false,משקה סאפה אלוורה ענב,פארייפאבה אגרואינדוס,TH,סאפה משקה אלוורה בטעם ענבים,ליטרים,1.00,ליטר,false,1,13.50,13.5000,true,1,68786
8850389105832,false,משקה סאפה אלוורה תפו,פארייפאבה אגרואינדוס,TH,סאפה תפוח אלוורה בקבוק ליטר,ליטרים,1.00,ליטר,false,1,13.50,13.5000,true,1,71432
8850389105849,false,משקה סאפה אלוורה אפר,פארייפאבה אגרואינדוס,TH,סאפה אפרסק אלוורה בקבוק ליטר,ליטרים,1.00,ליטר,false,1,13.50,13.5000,true,1,68787
8850389115336,false,משקה סאפה אלוורה מלו,פארייפאבה אגרואינדוס,TH,סאפה משקה אלוורה בטעם מלון,ליטרים,1.00,ליטר,false,1,13.50,13.5000,true,1,115296
8850632604259,false,ממתק תות שדה בצורת מ,ג'נרל קנדי בעמ,TH,ממתק תות שדה בצורת מקלות יוגטה 50 גרם,גרמים,50.00,100 גרם,false,1,4.90,9.8000,true,1,65402
8850632604266,false,ממתק קולה בצורת מקלו,ג'נרל קנדי בעמ,TH,"יוגטה, ממתק חמוץ בצורת מקלות בטעם קולה, 50 גרם",גרמים,50.00,100 גרם,false,1,4.90,9.8000,true,1,65403
8850632604372,false,ממתק תות שדה בצורת ש,ג'נרל קנדי בעמ,TH,ממתק תות שדה בצורת שטיח יוגטה 50 גרם,גרמים,50.00,100 גרם,false,1,4.90,9.8000,true,1,65404
8850632604402,false,ממתק תות ענבים בצורת,"ג'נרל קנדי בע""מ",TH,ממתק תות ענבים בצורת שטיח יוגטה 50 גרם,גרמים,50.00,100 גרם,false,1,4.90,9.8000,true,1,65405
8888021200126,false,סוללות AA רביעיה,אנרג'ייזר,SG,אנרג'ייזר סוללות מקס AA*4,Unknown,0.00,Unknown,false,1,16.90,0.0000,true,1,10886
8888021200164,false,סוללות AAA רביעיה,,,סוללות אנרגייזר AAA רביעיה,Unknown,0.00,Unknown,false,1,18.70,0.0000,true,1,10887
8994692541038,false,קונוס לגלגול 3 יחידו,,,קונוס לגלגול 3 יחידות,Unknown,0.00,Unknown,false,1,8.90,0.0000,false,1,75961
9044400841000,false,סוכריות פז בליסטר,פז,HU,סוכריות פז בובה,גרמים,26.00,100 גרם,false,1,12.90,49.6154,true,1,11553
9044400851672,false,סוכריות פז בובה,פז,HU,סוכריות פז בובה,גרמים,26.00,100 גרם,false,1,12.90,49.6154,true,1,138377
9310072028743,false,טים טם מצופה שוקולד,"ארנוטס ביסקוויטס בע""",AU,טים טם אורגינל 200 גר,גרמים,200.00,100 גרם,false,1,19.90,9.9500,true,1,109141
9310072028750,false,טים טם מצופה שוקולד,"ארנוטס ביסקוויטס בע""",AU,טים טם דאבל 200 גר,גרמים,200.00,100 גרם,false,1,19.90,9.9500,true,1,108774
9556006060834,false,שמפו לתינוק עם משאבה,גונסון,,"ג""ונסונס בייבי שמפו 800 מ""ל עם",מיליליטרים,800.00,"100 מ""ל",false,1,31.20,3.9000,true,1,68726
