code,internal_code,name,manufacturer_name,manufacture_country,manufacturer_item_description,unit_qty,quantity,unit_of_measure,weighted,qty_in_package,price,unit_of_measure_price,allow_discount,status,item_id
17,true,עגבניה,חקלאי,IL,עגבניה,קילוגרמים,1.00,"ק""ג",true,,9.90,9.9000,true,1,12951
20,true,מלפפון,חקלאי,IL,מלפפון,קילוגרמים,1.00,"ק""ג",true,,9.90,9.9000,true,1,12259
31,true,גזר ארוז,חקלאי,IL,גזר ארוז,קילוגרמים,1.00,"ק""ג",true,,5.90,5.9000,true,1,12417
40,true,סלק,חקלאי,IL,סלק,קילוגרמים,1.00,"ק""ג",true,,7.90,7.9000,true,1,12448
45,true,כרוב לבן,חקלאי,IL,כרוב לבן,קילוגרמים,1.00,"ק""ג",true,,5.90,5.9000,true,1,12455
50,true,כרוב אדום,חקלאי,IL,כרוב אדום,קילוגרמים,1.00,"ק""ג",true,,8.90,8.9000,true,1,12469
60,true,כרובית,חקלאי,IL,כרובית,Unknown,0.00,Unknown,false,,14.90,0.0000,true,1,12501
80,true,צנונית ארוזה יח,חקלאי,IL,צנונית ארוזה יח,Unknown,0.00,Unknown,false,1,7.90,0.0000,true,1,12533
90,true,בצל יבש,חקלאי,IL,בצל יבש,קילוגרמים,1.00,"ק""ג",true,,5.90,5.9000,true,1,12536
95,true,בצל ירוק ארוז,חקלאי,IL,בצל ירוק ארוז,Unknown,0.00,Unknown,false,1,5.90,0.0000,true,1,12538
97,true,בצל  אדום,חקלאי,IL,בצל  אדום,קילוגרמים,1.00,"ק""ג",true,,6.90,6.9000,true,1,12539
110,true,בטטה,חקלאי,IL,בטטה,קילוגרמים,1.00,"ק""ג",true,,9.90,9.9000,true,1,12314
113,true,ירק כוסברה ארוזה,חקלאי,IL,ירק כוסברה ארוזה,לא מנהל יחידת מידה,0.00,לא מנהל יחידת מידה,false,1,3.90,0.0000,true,1,12316
114,true,ירק נענע ארוזה,חקלאי,IL,ירק נענע ארוזה,Unknown,0.00,Unknown,false,1,3.90,0.0000,true,1,12317
125,true,בצלצלי שאלוט מקולפים,יוליניבר,IL,בצלצלי שאלוט מקולפים,יחידה,1.00,יחידה,false,1,17.90,17.9000,true,1,41301
135,true,דלורית,חקלאי,IL,דלורית,קילוגרמים,1.00,"ק""ג",true,,8.90,8.9000,true,1,12322
138,true,דלעת ערמונים,חקלאי,IL,דלעת ערמונים,קילוגרמים,1.00,"ק""ג",true,,19.90,19.9000,true,1,41304
140,true,חצילים,חקלאי,IL,חצילים,קילוגרמים,1.00,"ק""ג",true,,7.90,7.9000,true,1,12323
148,true,פלפל רמירו,חקלאי,IL,פלפל רמירו,קילוגרמים,1.00,"ק""ג",true,,19.90,19.9000,true,1,20107
150,true,פלפל בהיר,חקלאי,IL,פלפל בהיר,קילוגרמים,1.00,"ק""ג",true,,9.90,9.9000,true,1,12326
155,true,פלפל כהה,חקלאי,IL,פלפל כהה,קילוגרמים,1.00,"ק""ג",true,,9.90,9.9000,true,1,12328
158,true,פלפל חריף ירוק,חקלאי,IL,פלפל חריף ירוק,קילוגרמים,1.00,"ק""ג",true,,9.90,9.9000,true,1,12330
160,true,פלפל אדום,חקלאי,IL,פלפל אדום,קילוגרמים,1.00,"ק""ג",true,,11.90,11.9000,true,1,12332
163,true,פלפל צהוב,חקלאי,IL,פלפל צהוב,קילוגרמים,1.00,"ק""ג",true,,12.90,12.9000,true,1,12333
167,true,פלפל כתום,חקלאי,IL,פלפל כתום,קילוגרמים,1.00,"ק""ג",true,,12.90,12.9000,true,1,12335
170,true,קולורבי,חקלאי,IL,קולורבי,קילוגרמים,1.00,"ק""ג",true,,9.90,9.9000,true,1,12336
180,true,קשואים,חקלאי,IL,קשואים,קילוגרמים,1.00,"ק""ג",true,,9.90,9.9000,true,1,12338
184,true,קישוא כדורי,חקלאי,IL,קישוא כדורי,קילוגרמים,1.00,"ק""ג",true,,11.90,11.9000,true,1,12339
185,true,קישוא זוקיני,חקלאי,IL,קישוא זוקיני,קילוגרמים,1.00,"ק""ג",true,,10.90,10.9000,true,1,12340
199,true,אפונת שלג,חקלאי,,אפונת שלג,Unknown,0.00,Unknown,false,1,12.90,0.0000,true,1,12346
201,true,תירס ארוז,חקלאי,IL,תירס ארוז,קילוגרמים,1.00,"ק""ג",true,,14.90,14.9000,true,1,12347
245,true,מנגולד,חקלאי,IL,מנגולד,Unknown,0.00,Unknown,false,1,6.90,0.0000,true,1,12371
250,true,חסה עגולה ארוזה,חקלאי,IL,חסה עגולה ארוזה,לא מנהל יחידת מידה,0.00,לא מנהל יחידת מידה,false,1,6.90,0.0000,true,1,12378
287,true,שום ארוז חבילה,חקלאי,IL,שום ארוז חבילה,Unknown,0.00,Unknown,false,1,9.90,0.0000,true,1,12398
290,true,תפוח אדמה אדום,חקלאי,IL,תפוח אדמה אדום,קילוגרמים,1.00,"ק""ג",true,,6.90,6.9000,true,1,12399
295,true,תפוח אדמה לבן,חקלאי,IL,תפוח אדמה לבן,קילוגרמים,1.00,"ק""ג",true,,5.90,5.9000,true,1,12403
296,true,ירק שורש ארוז,חקלאי,IL,ירק שורש ארוז,Unknown,0.00,Unknown,false,1,5.90,0.0000,true,1,12404
297,true,ירק פטרוזליה ארוזה,חקלאי,IL,ירק פטרוזליה ארוזה,לא מנהל יחידת מידה,0.00,לא מנהל יחידת מידה,false,1,3.90,0.0000,true,1,12405
298,true,ירק שמיר ארוז,חקלאי,IL,ירק שמיר ארוז,Unknown,0.00,Unknown,false,1,3.90,0.0000,true,1,12406
299,true,ירק סלרי ראש ארוז,חקלאי,IL,ירק סלרי ראש ארוז,גרמים,500.00,100 גרם,false,1,5.90,1.1800,true,1,12407
305,true,חזרת,חקלאי,IL,חזרת,קילוגרמים,1.00,"ק""ג",true,,59.90,59.9000,true,1,50908
306,true,ירק סלרי אמריקאי,חקלאי,IL,ירק סלרי אמריקאי,יחידה,1.00,יחידה,false,1,5.90,5.9000,true,1,12413
309,true,נבטי אלפלפא) קטן,חקלאי,IL,נבטי אלפלפא קטן,יחידה,1.00,יחידה,false,1,7.90,7.9000,true,1,12416
312,true,מלון גליה,חקלאי,IL,מלון גליה,קילוגרמים,1.00,"ק""ג",true,,9.90,9.9000,true,1,12419
348,true,שום בתפזורת,חקלאי,IL,שום טרי בתפזורת,קילוגרמים,1.00,"ק""ג",true,,36.90,36.9000,true,1,12430
352,true,זנגביל במשקל,חקלאי,IL,זנגביל במשקל,קילוגרמים,1.00,"ק""ג",true,,39.00,39.0000,true,1,52866
370,true,שומר,חקלאי,IL,שומר,קילוגרמים,1.00,"ק""ג",true,,9.90,9.9000,true,1,12434
376,true,ארטישוק,חקלאי,IL,ארטישוק,קילוגרמים,1.00,"ק""ג",true,,13.90,13.9000,true,1,12436
411,true,שום ארוז,חקלאי,IL,פומלה מקולפת 220 ג,גרמים,220.00,100 גרם,false,1,9.90,4.5000,true,1,16151
480,true,תפוזים ארוזים,חקלאי,IL,תפוזים ארוזים,קילוגרמים,1.00,"ק""ג",true,,7.90,7.9000,true,1,12463
486,true,לימון,חקלאי,IL,לימון,קילוגרמים,1.00,"ק""ג",true,,10.90,10.9000,true,1,12468
500,true,תפוז מובחר,חקלאי,IL,תפוז מובחר,קילוגרמים,1.00,"ק""ג",true,,7.90,7.9000,true,1,12470
510,true,קלמנטינה,חקלאי,IL,קלמנטינה,קילוגרמים,1.00,"ק""ג",true,,8.90,8.9000,true,1,15544
521,true,פומלית,חקלאי,IL,פומלית,קילוגרמים,1.00,"ק""ג",true,1,9.90,9.9000,true,1,17957
522,true,אשכולית אדומה,חקלאי,IL,אשכולית אדומה,קילוגרמים,1.00,"ק""ג",true,,7.90,7.9000,true,1,12475
525,true,פומלה,חקלאי,IL,פומילה,קילוגרמים,1.00,"ק""ג",true,,9.90,9.9000,true,1,12476
555,true,בננות,חקלאי,IL,בננות,קילוגרמים,1.00,"ק""ג",true,,9.90,9.9000,true,1,12482
560,true,אבוקדו,חקלאי,IL,אבוקדו,קילוגרמים,1.00,"ק""ג",true,,14.90,14.9000,true,1,12484
568,true,רימון,חקלאי,IL,רימון,קילוגרמים,1.00,"ק""ג",true,,12.90,12.9000,true,1,16092
570,true,תאנים,חקלאי,IL,תאנים,קילוגרמים,1.00,"ק""ג",true,,39.90,39.9000,true,1,13112
600,true,אגס נאשי/אדום,חקלאי,IL,אגס נאשי,קילוגרמים,1.00,"ק""ג",true,,19.90,19.9000,true,1,15565
603,true,אגסים,חקלאי,IL,אגס                                 5.5,קילוגרמים,1.00,"ק""ג",true,,14.90,14.9000,true,1,59487
604,true,אגס,חקלאי,IL,אגס                                   6,קילוגרמים,1.00,"ק""ג",true,,14.90,14.9000,true,1,12502
607,true,אגס חום,חקלאי,IL,אגס בוסק חום,קילוגרמים,1.00,"ק""ג",true,,19.90,19.9000,true,1,12504
612,true,גויאבה,חקלאי,IL,גויאבה,קילוגרמים,1.00,"ק""ג",true,,19.90,19.9000,true,1,17746
615,true,שסק,חקלאי,IL,שסק,קילוגרמים,1.00,"ק""ג",true,1,24.90,24.9000,true,1,12506
624,true,אפרסמון,חקלאי,IL,אפרסמון                               7,קילוגרמים,1.00,"ק""ג",true,,13.90,13.9000,true,1,60643
626,true,מנגו,חקלאי,IL,מנגו,קילוגרמים,1.00,"ק""ג",true,,16.90,16.9000,true,1,50954
632,true,אנונה,חקלאי,IL,אנונה,קילוגרמים,1.00,"ק""ג",true,,29.90,29.9000,true,1,18311
634,true,אננס,חקלאי,IL,אננס,Unknown,0.00,Unknown,false,,29.90,0.0000,true,1,12511
636,true,קיווי,חקלאי,IL,קיווי,קילוגרמים,1.00,"ק""ג",true,,21.90,21.9000,true,1,12515
658,true,תפוח עץ סמית,חקלאי,IL,תפוח עץ סמית,קילוגרמים,1.00,"ק""ג",true,,13.90,13.9000,true,1,12519
661,true,"ת""ע גאלה",חקלאי,IL,תע גאלה                            6.5,קילוגרמים,1.00,"ק""ג",true,,14.90,14.9000,true,1,16512
665,true,תפוח עץ קריפס פינק,חקלאי,IL,תע קריפס פינק                        7,קילוגרמים,1.00,"ק""ג",true,,14.90,14.9000,true,1,22962
684,true,תפוח עץ מוזהב,חקלאי,IL,תע מוזהב                           6.5,קילוגרמים,1.00,"ק""ג",true,,12.90,12.9000,true,1,12521
697,true,תפוח עץ סטארקינג,חקלאי,IL,תע סטארקינג                        6.5,קילוגרמים,1.00,"ק""ג",true,,12.90,12.9000,true,1,19874
700,true,תפוח עץ סטארקינג,חקלאי,IL,תפוח עץ סטארקינג,קילוגרמים,1.00,"ק""ג",true,,12.90,12.9000,true,1,13042
714,true,תפוח עץ יונתן,חקלאי,IL,"ת""ע יונתן                           6.5",קילוגרמים,1.00,"ק""ג",true,,15.90,15.9000,true,1,12525
723,true,תפוח עץ ענה,חקלאי,IL,תע ענה                               6,קילוגרמים,1.00,"ק""ג",true,,10.90,10.9000,true,1,58348
756,true,שזיף,חקלאי,IL,שזיף,קילוגרמים,1.00,"ק""ג",true,,19.90,19.9000,true,1,13117
990,true,בצל יבש,חקלאי,IL,בצל יבש,קילוגרמים,1.00,"ק""ג",true,,5.90,5.9000,true,1,83462
1104,true,פטריות פורטובלה ארוז,חקלאי,IL,פטריות פורטובלה ארוז ליח,גרמים,200.00,100 גרם,false,1,9.90,4.9500,true,1,50705
1314,true,עגבניות שרי,חקלאי,IL,עגבניות שרי,קילוגרמים,1.00,"ק""ג",true,,19.90,19.9000,true,1,102350
4266,true,שדות בר מגוון עלים ט,שדות בר,IL,שדות בר מגוון עלים טריים,קילוגרמים,1.00,"ק""ג",true,,30.00,30.0000,true,1,88806
8216,true,בלון בודד קטן -גומי,גמר,,בלון בודד קטן -גומי מטאלי +הליום,יחידה,1.00,יחידה,false,1,5.90,5.9000,true,1,122676
9167,true,פלפל כתום,חקלאי,IL,פלפל כתום,קילוגרמים,1.00,"ק""ג",true,,10.90,10.9000,true,1,154657
9236,true,לבבות חסה,חקלאי,IL,לבבות חסה,לא מנהל יחידת מידה,0.01,לא מנהל יחידת מידה,false,1,9.90,990.0000,true,1,97821
9296,true,שורש ארוז,חקלאי,IL,שורש ארוז,לא מנהל יחידת מידה,0.00,לא מנהל יחידת מידה,false,1,5.90,0.0000,true,1,83376
11417,true,תערובת גבינות קשות,,,תערובת גבינות קשות,קילוגרמים,1.00,"ק""ג",true,,50.00,50.0000,true,1,56181
32634,true,חומוס שלם,,,חומוס שלם,,0.00,,false,,7.90,0.0000,true,1,160637
37554,true,כרעים עוף נקי וחצוי,קצביית פרימיום,IL,כרעים עוף נקי וחצוי,קילוגרמים,1.00,"ק""ג",true,,39.90,39.9000,true,1,151583
37561,true,שוקיים ללא עור,קצביית פרימיום,IL,שוקיים ללא עור,קילוגרמים,1.00,"ק""ג",true,,39.90,39.9000,true,1,151584
37578,true,פרגית לתנור,קצביית פרימיום,IL,פרגית לתנור,קילוגרמים,1.00,"ק""ג",true,,49.90,49.9000,true,1,151585
37585,true,יריכיים עוף,קצביית פרימיום,IL,יריכיים עוף,קילוגרמים,1.00,"ק""ג",true,,39.90,39.9000,true,1,151586
37608,true,עוף טחון,קצביית פרימיום,IL,עוף טחון,קילוגרמים,1.00,"ק""ג",true,,39.90,39.9000,true,1,151588
37622,true,פרגיות קוביות,קצביית פרימיום,IL,פרגיות קוביות,קילוגרמים,1.00,"ק""ג",true,,69.90,69.9000,true,1,151590
37646,true,טחון עוף+ הודו,קצביית פרימיום,IL,טחון עוף+ הודו,קילוגרמים,1.00,"ק""ג",true,,54.90,54.9000,true,1,151593
37677,true,סטיק דנוור אנגוס,קצביית פרימיום,IL,סטיק דנוור,קילוגרמים,1.00,"ק""ג",true,,169.90,169.9000,true,1,151596
37707,true,מח עצם,קצביית פרימיום,IL,מח עצם,קילוגרמים,1.00,"ק""ג",true,,39.90,39.9000,true,1,151599
37714,true,ליה טלה,קצביית פרימיום,IL,ליה טלה,קילוגרמים,1.00,"ק""ג",true,,129.90,129.9000,true,1,151600
38865,true,שניצל עגל,קצביית פרימיום,IL,שניצל עגל,קילוגרמים,1.00,"ק""ג",true,,99.90,99.9000,true,1,151950
38872,true,פקניה,קצביית פרימיום,IL,פקניה,קילוגרמים,1.00,"ק""ג",true,,149.90,149.9000,true,1,151951
38896,true,גולש טרי עגל,קצביית פרימיום,IL,גולש טרי עגל,קילוגרמים,1.00,"ק""ג",true,,79.90,79.9000,true,1,152664
39976,true,מנצגו שום שחור,,,מנצגו שום שחור,קילוגרמים,1.00,"ק""ג",true,,250.00,250.0000,true,1,159939
90030,true,"באגט נפוליאון 1 ק""ג","גידרון תעשיות בע""מ",,"באגט נפוליאון 1 ק""ג גידרון",קילוגרמים,1.00,"ק""ג",true,,39.90,39.9000,true,1,12226
90627,true,לחמניה מתוקה,"גידרון תעשיות בע""מ",,לחמניה מתוקה,גרמים,80.00,100 גרם,false,1,2.00,2.5000,true,1,14573
90832,true,בייגל רגיל 85גר,"גידרון תעשיות בע""מ",,בייגל רגיל 85גר,גרמים,150.00,100 גרם,false,1,2.90,1.9333,true,1,13173
91808,true,בייגל שמיניה פרצל,"גידרון תעשיות בע""מ",,בייגל שמיניה פרצל,גרמים,150.00,100 גרם,false,1,2.90,1.9333,true,1,15062
92201,true,מאפה כיס גבינה,"גידרון תעשיות בע""מ",,מאפה כיס גבינה,קילוגרמים,1.00,"ק""ג",true,,39.90,39.9000,true,1,14806
92218,true,מאפה ביס תפוע,"גידרון תעשיות בע""מ",,מאפה ביס תפוע       מחיר לקג-גידרון,קילוגרמים,1.00,"ק""ג",true,,39.90,39.9000,true,1,12229
92614,true,בורקס טורקי פיטריות,"גידרון תעשיות בע""מ",,בורקס טורקי פיטריות מחיר לקג-גדרון,קילוגרמים,1.00,"ק""ג",true,,49.90,49.9000,true,1,12231
93031,true,לחם גבטה -ג.דגון,"גידרון תעשיות בע""מ",,לחם גבטה -ג.דגון,גרמים,300.00,100 גרם,false,1,6.00,2.0000,true,1,12232
94083,true,לחמנית גידרון 150גר-,"גידרון תעשיות בע""מ",,לחמנית גידרון 150גר-ג.דגון,גרמים,150.00,100 גרם,false,1,3.90,2.6000,true,1,13170
94168,true,בייגל כפרי -ג.דגון,"גידרון תעשיות בע""מ",,בייגל כפרי -ג.דגון,גרמים,150.00,100 גרם,false,1,2.90,1.9333,true,1,13176
94199,true,חצי גאבטה-ג.דגון,"גידרון תעשיות בע""מ",,חצי גאבטה-ג.דגון,גרמים,150.00,100 גרם,false,1,3.90,2.6000,true,1,13166
94373,true,לחם חצי גבטה,"גידרון תעשיות בע""מ",,לחם חצי גבטה,גרמים,150.00,100 גרם,false,1,3.90,2.6000,true,1,15072
94663,true,לחמניה כפרית,"גידרון תעשיות בע""מ",,לחמניה כפרית,גרמים,150.00,100 גרם,false,1,3.90,2.6000,true,1,13171
96018,true,שנייק קינמון מחיר לק,"גידרון תעשיות בע""מ",,שנייק קינמון מחיר לקג-גדרון,קילוגרמים,1.00,"ק""ג",true,,39.90,39.9000,true,1,12234
96032,true,חצי בגט,"גידרון תעשיות בע""מ",,חצי בגט,גרמים,165.00,100 גרם,false,1,2.90,1.7576,true,1,14574
96926,true,שנייק פיצה,"גידרון תעשיות בע""מ",,שנייק פיצה           מחיר לקג-גידרון,קילוגרמים,1.00,"ק""ג",true,,39.90,39.9000,true,1,12235
97237,true,באגט 45 סמ -גדרון,"גידרון תעשיות בע""מ",,באגט 45 סמ -גדרון,גרמים,330.00,100 גרם,false,1,4.90,1.4848,true,1,12237
97282,true,קוראסון שוקולד ענק 1,"גידרון תעשיות בע""מ",,קוראסון שוקולד ענק 1 יח-גדרון,יחידה,1.00,יחידה,false,1,5.90,5.9000,true,1,13144
97633,true,לחמנית קשר עם פרג 85,"גידרון תעשיות בע""מ",,לחמנית קשר עם פרג 85גר,גרמים,85.00,100 גרם,false,1,2.90,3.4118,true,1,13167
97657,true,לחמנית חלה 125גר קפו,"גידרון תעשיות בע""מ",,לחמנית חלה 125גר קפוא-ג.דגון,גרמים,150.00,100 גרם,false,1,3.90,2.6000,true,1,12238
98296,true,לחמנית אצבע,"גידרון תעשיות בע""מ",,לחמנית אצבע,גרמים,70.00,100 גרם,false,1,1.50,2.1429,true,1,14326
99248,true,בורקס גבינה,"גידרון תעשיות בע""מ",,בורקס גבינה            מחיר לקג גידרון,קילוגרמים,1.00,"ק""ג",true,,39.90,39.9000,true,1,12240
99255,true,בורקס תפוא,"גידרון תעשיות בע""מ",,בורקס תפוא              מחיר לקג -גידרון,קילוגרמים,1.00,"ק""ג",true,,39.90,39.9000,true,1,12241
99385,true,גביניות,"גידרון תעשיות בע""מ",,גביניות               מחיר לקג-גידרון,קילוגרמים,1.00,"ק""ג",true,,39.90,39.9000,true,1,12243
99415,true,רוגלך,"גידרון תעשיות בע""מ",,רוגלך                    מחיר לקג-גידרון,קילוגרמים,1.00,"ק""ג",true,,39.90,39.9000,true,1,12245
99439,true,"קוראסון קטן מחיר לק""","גידרון תעשיות בע""מ",,קוראסון קטן מחיר לקג-גידרון,קילוגרמים,1.00,"ק""ג",true,,39.90,39.9000,true,1,12246
99460,true,קוראסון חמאה ענק 1 י,"גידרון תעשיות בע""מ",,קוראסון חמאה ענק 1 יח-גדרון,יחידה,1.00,יחידה,false,1,5.90,5.9000,true,1,13143
99477,true,ק.ביס שוקולד,"גידרון תעשיות בע""מ",,ק.ביס שוקולד             מחיר לקג-גידרון,קילוגרמים,1.00,"ק""ג",true,,39.90,39.9000,true,1,12247
99545,true,מאפה גבינת בוקר,"גידרון תעשיות בע""מ",,מאפה גבינת בוקר,יחידה,1.00,יחידה,false,1,5.90,5.9000,true,1,155662
99927,true,בורקס בולגרי,"גידרון תעשיות בע""מ",,בורקס בולגרי            מחיר לקג-גידרון,קילוגרמים,1.00,"ק""ג",true,,39.90,39.9000,true,1,12249
130248,true,קמח מצה חמץ,מצות אביב,IL,קמח מצה חמץ,גרמים,500.00,100 גרם,false,1,6.50,1.3000,true,1,113760
176147,true,מוקה מס 1,פרוטרופיק סיה.,PL,מוקה 1 פילטר בריק,Unknown,0.00,Unknown,false,1,59.90,0.0000,true,1,876
192581,true,מגבת ניקול 6=12,קימברלי-קלארק,IL,מגבת ניקול כפול 6=12,Unknown,0.00,Unknown,false,1,19.90,0.0000,true,1,130248
201818,true,טיטולים פרימיום שלב2,,,"טיטולים פרימיום שלב 64  2 יח           """,Unknown,0.00,Unknown,false,1,38.50,0.0000,true,1,105561
201832,true,טיטולים פרימיום שלב3,,,"טיטולים פרימיום שלב 52  3 יח           """,Unknown,0.00,Unknown,false,1,38.50,0.0000,true,1,105562
201849,true,טיטולים פרימיום שלב4,,,"טיטולים פרימיום שלב 42  4 יח           """,Unknown,0.00,Unknown,false,1,38.50,0.0000,true,1,105550
209173,true,חומץ סינטטי 1 ליטר,,,חומץ סינטטי 1 ליטר,ליטרים,1.00,ליטר,false,1,4.90,4.9000,true,1,120083
209524,true,סירופ דיאט פטל יכין,"זנלכל בע""מ",IL,יכין סירופ דיאט בטעם פטל 1 ליטר,ליטרים,1.00,ליטר,false,1,15.90,15.9000,true,1,105671
209531,true,סירופ דיאט אשכוליות,"זנלכל בע""מ",IL,סירופ דיאט אשכוליות 1 ליטר,ליטרים,1.00,ליטר,false,1,15.90,15.9000,true,1,105774
264752,true,רדיד אלומניום זוג,,,רדיד אלומניום זוג,Unknown,0.00,Unknown,false,1,11.90,0.0000,true,1,130807
453781,true,שמרים יבשים 125 גרם,ללמנ איבריה,PT,שמרית שמרים יבשים 125 גרם,גרמים,125.00,100 גרם,false,1,6.90,5.5200,true,1,126792
490625,true,מצופה שוקו 8 560 גר,פלדמן,IL,מצופה שוקו 8 560 גרם,גרמים,560.00,100 גרם,false,1,27.90,4.9821,true,1,114506
522180,true,שוקו חלב הרים 250 מל,,,שוקו חלב הרים 250 מל,Unknown,0.00,Unknown,false,1,4.90,0.0000,true,1,140425
522272,true,שמנת עמידה 10% לקפה,,,שמנת עמידה 10% לקפה,Unknown,0.00,Unknown,false,1,10.00,0.0000,true,1,103664
662213,true,נתח פילה סלמון קפוא,תנובה,IL,נתח פילה סלמון קפוא בוואקום לקג,קילוגרמים,1.00,"ק""ג",true,,114.00,114.0000,true,1,126643
940229,true,גאודה עזים הולנדית,,,גאודה עזים הולנדית,קילוגרמים,1.00,"ק""ג",true,,145.00,145.0000,true,1,114827
940304,true,מעושנת הולנדית,,,מעושנת הולנדית לקג,קילוגרמים,1.00,"ק""ג",true,,135.00,135.0000,true,1,114828
940960,true,גאודה הולנדית 31%,,,גאודה הולנדית 31%,קילוגרמים,1.00,"ק""ג",true,,99.00,99.0000,true,1,139664
940977,true,גבינת אמנטל,,,גבינת אמנטל,קילוגרמים,1.00,"ק""ג",true,1,95.00,95.0000,true,1,120193
1002803,true,גביע חומוס מי ומי 25,,,גביע חומוס מי ומי 25,,0.00,,false,,12.90,0.0000,true,1,160646
1006917,true,גביע טחינה מי ומי 25,,,גביע טחינה מי ומי 25,,0.00,,false,,12.90,0.0000,true,1,160645
1164464,true,געלה קילו אפקט טבעי,,,געלה קילו אפקט טבעי,,0.00,,false,,54.90,0.0000,true,1,160225
1200636,true,שעועית ירוקה דקיקה ש,,,שעועית ירוקה דקיקה ש,,0.00,,false,,17.90,0.0000,true,1,160199
1246979,true,אקופרנד-נוזל כלים 1,פ.פ.ח. שאביט,IL,אקופרינד נוזל לניקוי כלים אקולוגי 1 ליטר,ליטרים,1.00,ליטר,false,1,15.90,15.9000,true,1,146690
1361023,true,פס מולטקה שוקולד 520,נטלי פלוס בעמ,IL,פס מולטקה שוקולד 520 גר,גרמים,520.00,100 גרם,false,1,42.90,8.2500,true,1,156249
1361047,true,אקלרים במילוי קרם רי,נטלי פלוס בעמ,IL,אקלרים במילוי קרם ריבת חלב 400 גר,גרמים,400.00,100 גרם,false,1,35.90,8.9750,true,1,156251
1400388,true,מאפה קשקבל,,,מאפה קשקבל,קילוגרמים,1.00,"ק""ג",true,,39.90,39.9000,true,1,118407
1507339,true,פתיתים כוסמין,חטיפים מן הטבע,IL,פתיתים מקמח כוסמין מלא,גרמים,400.00,100 גרם,false,1,18.90,4.7250,true,1,46127
1548301,true,סלט סלק קוביות עם שו,,,סלט סלק קוביות עם שו,,0.00,,false,,14.90,0.0000,true,1,161015
1713648,true,מרכך כביסה פיור ביי,טרסאן,TR,מרכך כביסה פיור בייבי ורוד 1 ליטר,ליטרים,1.00,ליטר,false,1,11.90,11.9000,true,1,159269
1865460,true,פמילי משאבה ליים,המאפיה של הרמן,TR,אלסבון פמילי לקשרי קוקוס 1 ליטר + משאבה,ליטרים,1.00,ליטר,false,1,14.90,14.9000,true,1,18556
1922231,true,כדורי פלאפל טופ שף,משק ויילר,IL,כדורי פלאפל טופ שף  700גרם,גרמים,700.00,100 גרם,false,1,16.90,2.4143,true,1,159904
1946015,true,אריסה מתוקה,תבליני ביטון,IL,אריסה מתוקה,גרמים,250.00,100 גרם,false,1,13.90,5.5600,true,1,112954
1946046,true,עמבה,תבליני ביטון,IL,עמבה,גרמים,250.00,100 גרם,false,1,13.90,5.5600,true,1,112957
1946077,true,אריסה חריפה,תבליני ביטון,IL,אריסה חריפה,גרמים,250.00,100 גרם,false,1,13.90,5.5600,true,1,112953
1946237,true,פלפל צומה,תבליני ביטון,IL,פלפל צומה,גרמים,250.00,100 גרם,false,1,13.90,5.5600,true,1,112952
1946503,true,שום כתוש ביטון,תבליני ביטון,IL,שום כתוש ביטון,גרמים,250.00,100 גרם,false,1,13.90,5.5600,true,1,112951
1946725,true,לימון כבוש בלדי,תבליני ביטון,IL,לימון כבוש בלדי,גרמים,250.00,100 גרם,false,1,13.90,5.5600,true,1,112956
1989272,true,איקרה במשקל,,,איקרה במשקל,קילוגרמים,1.00,"ק""ג",true,1,65.00,65.0000,true,1,113647
1989388,true,מעדן מטיאס ובצל,,,מעדן מטיאס ובצל,קילוגרמים,1.00,"ק""ג",true,,79.00,79.0000,true,1,130455
1989500,true,"טונה עם ירקות 2 ק""ג",,,"טונה עם ירקות 2 ק""ג",קילוגרמים,1.00,"ק""ג",true,,89.00,89.0000,true,1,105573
2018940,true,מארז מיני סופגניה 10,גדרון,IL,מארז מיני סופגניה 10 יחידות,יחידה,1.00,יחידה,false,1,27.00,27.0000,true,1,156268
2075035,true,אובלטים 500 גר,,,אובלטים 500 גר,גרמים,500.00,100 גרם,false,1,16.90,3.3800,true,1,129655
2075219,true,אייסקונפקט 500,,,אייסקונפקט 500,Unknown,0.00,Unknown,false,1,29.90,0.0000,true,1,56493
2075271,true,ריקולה שקית בטעם צמח,,,ריקולה שקית בטעם צמחים 70גרם,גרמים,70.00,100 גרם,false,1,12.90,18.4286,true,1,140318
2128410,true,נרות שבת אורה מספר 6,מנורה,IL,נרות שבת אורה מספר 6,יחידה,1.00,יחידה,false,1,3.90,3.9000,true,1,160603
2304210,true,קונפ לייט משמש 600 ג,,,קונפ לייט משמש 600 ג,Unknown,0.00,Unknown,false,1,24.90,0.0000,true,1,129324
2304227,true,קונפ לייט דובדבן/חמו,,,קונפ לייט דובדבן/חמו,Unknown,0.00,Unknown,false,1,24.90,0.0000,true,1,21313
2304234,true,קונפ לייט אוכמניות 6,,,קונפ לייט אוכמניות 6,Unknown,0.00,Unknown,false,1,24.90,0.0000,true,1,140712
2304241,true,קונפ לייט פרי יער 60,,,קונפ לייט פרי יער 60,Unknown,0.00,Unknown,false,1,24.90,0.0000,true,1,129325
2304616,true,"קונפיטורה ביתי ""ענבי",,,"קונפיטורה ביתי ""ענבי",גרמים,600.00,100 גרם,false,1,19.90,3.3167,true,1,129328
2304630,true,"קונפיטורה ביתי ""ענבי",,,"קונפיטורה ביתי ""ענבי",גרמים,600.00,100 גרם,false,1,19.90,3.3167,true,1,129326
2304654,true,קונפ שזיף 600 גרם,,,קונפ שזיף 600 גרם,Unknown,0.00,Unknown,false,1,19.90,0.0000,true,1,140713
2304661,true,"קונפיטורה ביתי ""ענבי",,,"קונפיטורה ביתי ""ענבי",גרמים,600.00,100 גרם,false,1,19.90,3.3167,true,1,134534
2317326,true,זיתים מנזולינו 12-15,מוטולה,IL,זיתים מנזולינו 12-15 +20% A2 מוטולה  408,גרמים,408.00,100 גרם,false,1,8.90,2.1814,true,1,160553
2317357,true,פלפל חריף שיפקה מוטו,מוטולה,IL,פלפל חריף שיפקה מוטולה  275גרם  צנצנת,גרמים,275.00,100 גרם,false,1,8.90,3.2364,true,1,160554
2317616,true,זיתים מרינט 17-19 A2,מוטולה,IL,זיתים מרינט 17-19 A2  מוטולה 340גרם,גרמים,340.00,100 גרם,false,1,10.90,3.2059,true,1,160549
2317678,true,זיתים נטולי גלעין מו,מוטולה,IL,זיתים נטולי גלעין מוטולה 265גרם  צנצנת,גרמים,265.00,100 גרם,false,1,9.90,3.7358,true,1,160552
2317753,true,זיתים טבעות ירוק  מו,מוטולה,IL,זיתים טבעות ירוק  מוטולה 300 גרם צנצנת,גרמים,300.00,100 גרם,false,1,9.90,3.3000,true,1,160551
2370055,true,גבינת גאודה עיזים 30,,ES,גבינת גאודה עיזים 30%,קילוגרמים,1.00,"ק""ג",true,1,118.00,118.0000,true,1,117717
2472267,true,פרסבורג/קראנץ אכותי,המתוקים של זיו בעמ,IL,פרסבורג/קראנץ אכותי זיו,גרמים,500.00,100 גרם,false,1,31.90,6.3800,true,1,117319
2478157,true,רבעי פרגיות מתוק,,,רבעי פרגיות מתוק,קילוגרמים,1.00,"ק""ג",true,1,54.90,54.9000,true,1,129623
2603504,true,פיצת השף שגב עגבניות,,,פיצת השף שגב עגבניות,Unknown,0.00,Unknown,false,1,14.90,0.0000,true,1,126231
2706960,true,ברבוניה 400 גרם,,,ברבוניה 400 גרם,,0.00,,false,,28.90,0.0000,true,1,160224
2814160,true,סנט מוריץ 1 ליטר מסי,,,סנט מוריץ 1 ליטר מסי,Unknown,0.00,Unknown,false,1,16.90,0.0000,true,1,129023
2814412,true,סנט מוריץ נוזל כלים,ארבה כימיקלים,TR,סנט מוריץ נוזל כלים לימון ליים 1.6 ליטר,ליטרים,1.60,ליטר,false,1,11.90,7.4375,true,1,159267
2814436,true,סנט מוריץ נוזל כלים,ארבה כימיקלים,TR,סנט מוריץ נוזל כלים לימון 1.6 ליטר 18%,ליטרים,1.60,ליטר,false,1,11.90,7.4375,true,1,159266
2814597,true,טורנדו נוזל לפתיחת ס,קומפלקס כימיקלים,IL,טורנדו נוזל לפתיחת סתימות 1 ליטר,ליטרים,1.00,ליטר,false,1,18.90,18.9000,true,1,124815
2814603,true,מסיר שומנים מבושם 75,קומפלקס כימיקלים,IL,מסיר שומנים מבושם 750 מל,מיליליטרים,750.00,"100 מ""ל",false,1,13.90,1.8533,true,1,159272
2881032,true,מעדן אוכמניות כחולות,,,מעדן אוכמניות כחולות,Unknown,0.00,Unknown,false,1,12.50,0.0000,true,1,134583
2881469,true,עג מיובשות בשמן עם ז,,,עג מיובשות בשמן עם ז,Unknown,0.00,Unknown,false,1,12.90,0.0000,true,1,134590
2881575,true,עלי גפן 430 גר בצנצנ,,,עלי גפן 430 גר בצנצנ,,0.00,,false,,12.90,0.0000,true,1,159934
2909804,true,מרלוזה ללא עור-בלדי,"בלדי בע""מ",IL,מרלוזה ללא עור-בלדי,קילוגרמים,1.00,"ק""ג",true,,43.90,43.9000,true,1,128307
2929130,true,דנאבלו גבינה,מאמן מגירי,DK,דנאבלו גבינה,קילוגרמים,1.00,"ק""ג",true,,115.00,115.0000,true,1,98270
3026319,true,קרם החתלה ורוד,,,קרם החתלה ורוד,,0.00,,false,,15.90,0.0000,true,1,160198
3072804,true,פסטרמה של פעם  200גר,הנסיך- מפעל לייצור ט,IL,"טירת צבי, פסטרמה של פעם, 200 גרם, ללא גלוטן",Unknown,0.00,Unknown,false,1,26.90,0.0000,true,1,144891
3072811,true,נקניקיות בראטוורסט ל,הנסיך- מפעל לייצור ט,IL,"נקניקיות בראטוורסט לל""ג 320 גרם",גרמים,320.00,100 גרם,false,1,22.90,7.1562,true,1,144892
3093571,true,סוכר חום בר מן,,,סוכר חום בר מן,לא מנהל יחידת מידה,0.00,לא מנהל יחידת מידה,false,1,10.90,0.0000,true,1,122293
3102280,true,צמרוני שסתום לתינוק,F.H.P CO LT,CN,צמרוני שסתום לתינוק טוליפס,לא מנהל יחידת מידה,0.00,לא מנהל יחידת מידה,false,1,4.90,0.0000,true,1,125660
3143337,true,סילאן לחיץ טבעי 350,"טעמי הגליל בע""מ",IL,קליית גת סילאן טבעי לחיץ 350 גרם,גרמים,350.00,100 גרם,false,1,16.90,4.8286,true,1,127162
3210817,true,מארז טרופיות,,,מארז טרופיות,,0.00,,false,,49.90,0.0000,true,1,159935
3287314,true,קבב על מקל קינמון קצ,יוליניבר,IL,הקצביה קבב על מקל קינמון 520 גרם,גרמים,520.00,100 גרם,false,1,29.90,5.7500,true,1,119618
3462407,true,לחמניות באנס 240 גרם,,,לחמניות באנס 240 גרם,,0.00,,false,,24.90,0.0000,true,1,160647
3462698,true,ספרינגרול מטעמי ישרא,,,ספרינגרול מטעמי ישראל,גרמים,340.00,100 גרם,false,1,32.90,9.6765,true,1,152704
3462728,true,דים סאם ירקות 340 גר,מטעמי ישראל,IL,דים סאם ירקות 340 גרם,גרמים,340.00,100 גרם,false,1,32.90,9.6765,true,1,153230
3462841,true,גיוזה עוף,מטעמי ישראל,IL,גיוזה עוף,גרמים,340.00,100 גרם,false,1,32.90,9.6765,true,1,152592
3462858,true,גיוזה בקר 340 גרם,מטעמי ישראל,IL,גיוזה בקר 340 גרם,גרמים,340.00,100 גרם,false,1,32.90,9.6765,true,1,153229
3462865,true,גיוזה בטטה 340 גרם,מטעמי ישראל,IL,גיוזה בטטה 340 גרם,גרמים,340.00,100 גרם,false,1,32.90,9.6765,true,1,153109
3462872,true,גיוזה ירקות 340 גרם,מטעמי ישראל,IL,גיוזה ירקות 340 גרם,גרמים,340.00,100 גרם,false,1,32.90,9.6765,true,1,153110
3470280,true,בורגול 500 גרם,,,בורגול 500 גרם,,0.00,,false,,4.90,0.0000,true,1,160573
3521180,true,סרקל שמפו + מרכך500,הדקלאים אגודת שיתופי,IL,סרקל שמפו+מעצב 500 מל,מיליליטרים,500.00,"100 מ""ל",false,1,15.90,3.1800,true,1,127774
3582914,true,סלסלה גדולה ג מבו 43,,,סלסלה גדולה ג מבו 43,,0.00,,false,,14.90,0.0000,true,1,160673
3955046,true,דובדבן מסוכר 100 גרם,,,דובדבן מסוכר 100 גרם,,0.00,,false,,8.90,0.0000,true,1,160196
4199074,true,פלסטרים 50 יח,הדקלאים אגודת שיתופי,CN,סאני פלסטר 50 פלסטרים בגדלים שונים סטריליים,Unknown,0.00,Unknown,false,1,5.90,0.0000,true,1,140390
4343354,true,מספריים גרמניה לעור,,,מספריים אל חלד לעור,יחידה,1.00,יחידה,false,1,39.90,39.9000,true,1,154691
4452292,true,תיק טבעות כחול,,,תיק טבעות כחול,,0.00,,false,,9.90,0.0000,true,1,159296
4479305,true,עוגיות מזל 135 גרם,,,עוגיות מזל 135 גרם,Unknown,0.00,Unknown,false,1,17.90,0.0000,true,1,134673
4828110,true,לאבנה כדורים 18%,,IL,לאבנה כדורים 18%,גרמים,320.00,100 גרם,false,1,25.90,8.0937,true,1,149911
4828745,true,גבינה גאודה כמהין בת,,IL,גבינה גאודה כמהין בת הרים,גרמים,150.00,100 גרם,false,1,24.90,16.6000,true,1,149912
4982355,true,צדר טריפל,,,צדר טריפל,קילוגרמים,1.00,"ק""ג",true,1,149.00,149.0000,true,1,115039
5011405,true,עמבה 500 גרם מעדני ע,,,עמבה 500 גרם מעדני ע,,0.00,,false,,16.90,0.0000,true,1,160572
5486302,true,עוגיות דולצה קרסה,,IL,עוגיות דולצה קרסה,גרמים,250.00,100 גרם,false,1,26.90,10.7600,true,1,147649
5588983,true,גביע חומוס מי ומי 50,קלאס פוד,IL,גביע חומוס מי ומי,גרמים,500.00,100 גרם,false,1,21.90,4.3800,true,1,127198
5589768,true,דגן פצפוצי אורז,,,דגן פצפוצי אורז,גרמים,130.00,100 גרם,false,1,6.90,5.3077,true,1,88537
5826245,true,גאודה עיזים כמהין,,,גאודה עיזים כמהין,קילוגרמים,1.00,"ק""ג",true,,199.00,199.0000,true,1,159940
5826351,true,טריקולור,,,טריקולור,קילוגרמים,1.00,"ק""ג",true,,199.00,199.0000,true,1,159941
5869631,true,קרם לחות רימונים,,,קרם לחות רימונים,Unknown,0.00,Unknown,false,1,50.10,0.0000,true,1,111976
6190765,true,גרוייר קלאסי שוויצרי,,,גרוייר קלאסי שוויצרי,קילוגרמים,1.00,"ק""ג",true,1,190.00,190.0000,true,1,124371
6256775,true,יין גאטו נגרו מלבק 7,פינקל פודס,AR,יין גאטו נגרו מלבק 750 מל,מיליליטרים,750.00,"100 מ""ל",false,1,36.90,4.9200,true,1,32005
6437341,true,קרנמיקס MAX כשר ( 40,,,קרנמיקס MAX כשר ( 40,Unknown,0.00,Unknown,false,1,139.90,0.0000,true,1,134771
6463006,true,טורט פרווה,,,טורט פרווה,יחידה,1.00,יחידה,false,1,105.00,105.0000,true,1,110720
6463050,true,עוגת שוקולד איתנס,איתנס,IL,עוגת שוקולד איתנס,גרמים,900.00,100 גרם,false,1,69.90,7.7667,true,1,148950
6496126,true,גרנולה פרימיום ללא ס,,,גרנולה פרימיום ללא ס,,0.00,,false,,29.90,0.0000,true,1,159410
6587121,true,חזרת מי ומי,,,חזרת מי ומי,,0.00,,false,,21.90,0.0000,true,1,160566
6660411,true,מגבונים טבעיים ואקול,אקופרנד,IL,מגבונים טבעיים ואקולוגיים,לא מנהל יחידת מידה,0.00,לא מנהל יחידת מידה,false,1,9.90,0.0000,true,1,124689
6784322,true,תרסיס לניקוי נירוסטה,קומפלקס כימיקלים,IL,תרסיס לניקוי נירוסטה 400 מל,מיליליטרים,400.00,"100 מ""ל",false,1,18.90,4.7250,true,1,159273
6899088,true,תה סרמוני ירוק נענע,,IL,תה סרמוני ירוק נענע מרוקאית 20 שקיקים,יחידה,1.00,יחידה,false,1,19.90,19.9000,true,1,158185
8403191,true,"גבינת קשקבל בשלה לק""",,,"גבינת קשקבל בשלה לק""ג",קילוגרמים,1.00,"ק""ג",true,,119.00,119.0000,true,1,103265
8403238,true,ברי איסיני לקגג,,,ברי איסיני לקגג,קילוגרמים,1.00,"ק""ג",true,1,149.00,149.0000,true,1,115036
8403443,true,גבינת קברה עיזים,סאן ויסנטה,ES,גבינת קברה עיזים,קילוגרמים,1.00,"ק""ג",true,,169.00,169.0000,true,1,125064
8425186,true,זיתים אורגניים סורי4,,,זיתים אורגניים סורי4,Unknown,0.00,Unknown,false,1,21.90,0.0000,true,1,134843
8425193,true,זיתים נאבלי,,,זיתים נאבלי,גרמים,400.00,100 גרם,false,1,21.90,5.4750,true,1,134844
8425209,true,זיתים אורגניים פיקוא,,,זיתים אורגניים פיקוא,Unknown,0.00,Unknown,false,1,21.90,0.0000,true,1,134845
8804455,true,יין ס.א רוזה,אגודת הכורמים הקואופ,IL,כרמל הסדרה האזורית רוזה יין יבש 2016 750 מל,לא מנהל יחידת מידה,0.00,לא מנהל יחידת מידה,false,1,59.90,0.0000,true,1,118908
8940153,true,פילדלפיה21%,,,פילדלפיה21%,קילוגרמים,1.00,"ק""ג",true,,79.00,79.0000,true,1,159938
9403756,true,עזים הולנדי 34 %,,,עזים הולנדי 34 %,קילוגרמים,1.00,"ק""ג",true,1,189.00,189.0000,true,1,128827
9870411,true,קערה/מגש דקור 510/55,,,קערה/מגש דקור 510/55,,0.00,,false,,19.90,0.0000,true,1,160226
9870428,true,צלחת/קערית דקור 702/,,,צלחת/קערית דקור 702/,,0.00,,false,,32.90,0.0000,true,1,160228
9870435,true,צלחת/קערית דקור672/4,,,צלחת/קערית דקור672/4,,0.00,,false,,7.90,0.0000,true,1,160230
9870442,true,צלחת/קערית דקור757/6,,,צלחת/קערית דקור757/6,,0.00,,false,,8.90,0.0000,true,1,160231
9870459,true,צלחת/קערה עגולה 589/,,,צלחת/קערה עגולה 589/,,0.00,,false,,29.90,0.0000,true,1,160571
10163069,false,צנובר  100 גר,"דין שיווק וקליה בע""מ",,צנובר  100 גר,גרמים,150.00,100 גרם,false,1,24.90,16.6000,false,1,155698
32147230,false,מיץ לימון משומר לימו,ג'נרל מילס סאן אדריא,,סיצילה מיץ לימון משומר לימונית 200 מל,מיליליטרים,200.00,"100 מ""ל",false,1,8.50,4.2500,true,1,48947
40084077,false,קינדר מקסי,קדבורי,DE,קינדר מקסי,יחידה,1.00,יחידה,false,1,3.50,3.5000,true,1,112856
40084107,false,ביצת הפתעה קינדר בוד,פררו,IT,ביצת הפתעה - עשיר בחלב,גרמים,20.00,100 גרם,false,1,6.00,30.0000,true,1,13333
40099583,false,מסטיק סטיקס        .,ריגלי צרפת,FR,מסטיק אורביט ילדים קלאסי סטיקס בודד,Unknown,0.00,Unknown,false,1,2.90,0.0000,true,1,13284
40099606,false,מסטיק אורביט סטיקס ס,ריגלי צרפת,FR,מסטיק אורביט ספרמינט סטיקס בודד,לא מנהל יחידת מידה,0.00,לא מנהל יחידת מידה,false,1,2.90,0.0000,true,1,13285
40099705,false,מסטיק אורביט סטיקס פ,ריגלי צרפת,FR,מסטיק אורביט פפרמינט סטיקס בודד,לא מנהל יחידת מידה,0.00,לא מנהל יחידת מידה,false,1,2.90,0.0000,true,1,13280
40111216,false,חטיף שוקולד באונטי 5,"נארז ע""י : א.ג. גילר",NL,חטיף שוקולד באונטי 57 גרם,גרמים,57.00,100 גרם,false,1,4.90,8.5965,true,1,4113
40144016,false,סוכריות חמאה וורטר 5,קריניציה ויטמינה אס,DE,וורטר 24 גליל'(ב-(3,גרמים,50.00,100 גרם,false,1,4.90,9.8000,true,1,12184
40677804,false,"יגרמייסטר  200מ""ל",ייגרמיסטר,LV,"יגרמייסטר  200מ""ל",מיליליטרים,200.00,"100 מ""ל",false,1,31.90,15.9500,true,1,145204
41001356,false,"בירה בקס פחית 500 מ""",יבואן ומשווק: ש. שסט,DE,בירה בק'ס בפחית 500 מל,מיליליטרים,500.00,"100 מ""ל",false,1,11.90,2.3800,true,1,56153
42000921,false,הזמנות גמדים,יושלם,,הזמנות גמדים,מיליליטרים,0.00,"100 מ""ל",false,1,5.50,0.0000,true,1,4397
42061939,false,בירה בקס בקבוק 500 מ,"איי, בי, אינבוו",DE,בירה בקס 500 מל,מיליליטרים,500.00,"100 מ""ל",false,1,8.90,1.7800,true,1,125677
42113263,false,מסטיק אורביט סטיקס ת,ריגלי צרפת,FR,מסטיק אורביט תות סטיקס בודד,לא מנהל יחידת מידה,0.00,לא מנהל יחידת מידה,false,1,2.90,0.0000,true,1,45758
42134978,false,סרגל מרציפן סנטה 100,Erasmi & Carstens Gm,DE,סרגל מרציפן סנטה 100גרם ERASMI CAESTENS,גרמים,100.00,100 גרם,false,1,11.90,11.9000,true,1,144149
42149996,false,בירה בקס בקבוק 275 מ,"איי, בי, אינבוו",DE,בירה בקס 275 מל,מיליליטרים,275.00,"100 מ""ל",false,1,8.90,3.2364,true,1,109930
42154662,false,מסטיק אורביט באריזת,ריגלי,,מסטיק אורביט באריזת מעטפה ספירמינט,לא מנהל יחידת מידה,0.00,לא מנהל יחידת מידה,false,1,7.90,0.0000,true,1,46007
42174479,false,מסטיק אורביט באריזת,ריגלי,,מסטיק אורביט באריזת מעטפה תות,גרמים,27.00,100 גרם,false,1,7.90,29.2593,true,1,110562
42182108,false,מסטיק פייב פפרמינט ס,מרס נדרלנד,,מסטיק פייב פפרמינט סטיקס,לא מנהל יחידת מידה,0.00,לא מנהל יחידת מידה,false,1,6.90,0.0000,true,1,66146
42182115,false,מסטיק פייב ספירמינט,מרס נדרלנד,,מסטיק פייב ספירמינט סטיקס,Unknown,0.00,Unknown,false,1,7.50,0.0000,true,1,66147
42188889,false,מסטיק פייב אבטיח סטי,מרס נדרלנד,,מסטיק פייב אבטיח סטיקס,גרמים,31.00,100 גרם,false,1,7.50,24.1935,true,1,73705
42212119,false,מסטיק אורביט באריזת,ריגלי,,מסטיק אורביט באריזת מעטפה פפרמינט,לא מנהל יחידת מידה,0.00,לא מנהל יחידת מידה,false,1,7.90,0.0000,true,1,113274
50204830,false,אוטן אקטיב נגד יתוש,SC Jonson,,אוטן אקטיב נגד יתושים ללא גז,מיליליטרים,100.00,"100 מ""ל",false,1,17.90,17.9000,true,1,22919
54051140,false,מעדן סויה וניל אלפרו,הנסיך- מפעל לייצור ט,BE,מעדן סויה וניל אלפרו רביעייה 500 גרם,גרמים,500.00,100 גרם,false,1,17.90,3.5800,true,1,42740
54051157,false,מעדן סויה שוקו אלפרו,אלפרו C.V.A,BE,מעדן סויה שוקו אלפרו רביעייה 500 גרם,גרמים,500.00,100 גרם,false,1,17.90,3.5800,true,1,42741
72940754,false,מילקי וניל 133 גרם,"שטראוס גרופ בע""מ",IL,מילקי בטעם וניל,גרמים,133.00,100 גרם,false,1,3.00,2.2556,true,1,8026
72940761,false,מילקי שוקולד 133 גרם,מיוצר עי קונדיטוריית,IL,מילקי בטעם שוקולד,גרמים,133.00,100 גרם,false,1,3.00,2.2556,true,1,8027
72940952,false,מילקי פי 2 קצפת 107,"שטראוס גרופ בע""מ",IL,מילקי אקסטרה קצפת,גרמים,107.00,100 גרם,false,1,3.90,3.6449,true,1,8029
72940976,false,סלט כרוב אדום 250 גר,מיוצר עי קונדיטוריית,IL,סלט כרוב אדום במיונז 250 גרם,גרמים,250.00,100 גרם,false,1,9.30,3.7200,true,1,13484
72941041,false,מילקי מיני שוקולד,"שטראוס גרופ בע""מ",IL,מילקי מיני שוקולד,מיליליטרים,90.00,"100 מ""ל",false,1,2.20,2.4444,true,1,8032
72945308,false,שמרים טריים לאפייה ש,קדבורי,IL,שמרית שמרים טריים לאפייה 50 גרם,גרמים,50.00,100 גרם,false,1,4.50,9.0000,true,1,8124
72961506,false,פרילי תות בגביע 125,מיוצר עי קונדיטוריית,IL,פרילי תות בגביע 125 גרם,מיליליטרים,125.00,"100 מ""ל",false,1,3.50,2.8000,true,1,8327
72961520,false,פרילי אננס בגביע 125,מיוצר עי קונדיטוריית,IL,פרילי אננס בגביע 125 גרם,מיליליטרים,125.00,"100 מ""ל",false,1,3.50,2.8000,true,1,8328
72961544,false,באדי תות 125 גרם,מחלבת אלון תבור,IL,באדי תות 125 גרם,גרמים,125.00,100 גרם,false,1,3.40,2.7200,true,1,8334
72963753,false,שמנת של פעם 27% תנוב,תנובה,IL,תנובה שמנת של פעם אורגינל 27% שומן,מיליליטרים,200.00,"100 מ""ל",false,1,4.20,2.1000,true,1,8370
72964132,false,טבעגורט יוגורט עם גר,מיוצר עי קונדיטוריית,IL,טבעגורט יוגורט עם גרנולה 200 גרם,גרמים,200.00,100 גרם,false,1,4.90,2.4500,true,1,8372
72964422,false,יוגורט תנובה 4% 200,מחלבת תנובה,IL,תנובה יוגורט 4.5% שומן 200 מל,גרמים,200.00,100 גרם,false,1,2.90,1.4500,true,1,8373
72983454,false,סיגריות גולף סופר סל,דובק,,סיגריות גולף סופר סלימס חפיסה בודד,לא מנהל יחידת מידה,0.00,לא מנהל יחידת מידה,false,1,32.00,0.0000,false,1,31865
72986233,false,באדי וניל בדצ,מחלבת אלון תבור,IL,באדי מעדן וניל גביע 125גרם 2% בדצ,מיליליטרים,125.00,"100 מ""ל",false,1,3.20,2.5600,true,1,19426
72986240,false,באדי שוקו בדצ,מחלבת אלון תבור,IL,"באדי שוקו 125 מל מהדרין בד""צ",מיליליטרים,125.00,"100 מ""ל",false,1,3.20,2.5600,true,1,13044
72986370,false,"גלידה וניל 500 מ""ל",המאפיה של הרמן,IL,פיינט וניל FT,מיליליטרים,500.00,"100 מ""ל",false,1,23.90,4.7800,true,1,9156
72986424,false,גלידה קרם עוגיות 500,המאפיה של הרמן,IL,"פיינט קרם עוגיות בד""ץ",מיליליטרים,500.00,"100 מ""ל",false,1,23.90,4.7800,true,1,9157
72986448,false,גלידה טופי קראנץ 500,המאפיה של הרמן,IL,גלידת  וניל עם חתיכות טופי  מצופות שוקולד,מיליליטרים,500.00,"100 מ""ל",false,1,23.90,4.7800,true,1,9158
72986455,false,גלידה ניו יורק סופר,המאפיה של הרמן,IL,פיינט ניו-יורק סופר FT,מיליליטרים,500.00,"100 מ""ל",false,1,23.90,4.7800,true,1,9159
72986479,false,גלידה צינקי מונקי 50,המאפיה של הרמן,IL,פיינט צאנקי מנקי FT,מיליליטרים,500.00,"100 מ""ל",false,1,23.90,4.7800,true,1,9160
72989395,false,טילון קרם עוגיות 100,מוצרי איכות אמריקאיי,IL,טילון קרם עוגיות,גרמים,100.00,100 גרם,false,1,8.90,8.9000,true,1,12212
72989425,false,גלידה שוקולד בראוניס,המאפיה של הרמן,IL,"גלידה שוקולד בראוניס 500 מ""ל",מיליליטרים,500.00,"100 מ""ל",false,1,23.90,4.7800,true,1,21394
72991374,false,סיגריות טיים רד חפיס,דובק,,סיגריות טיים רד חפיסה בודד,Unknown,0.00,Unknown,false,1,30.60,0.0000,false,1,9163
72991497,false,סיגריות נובלס פילטר,דובק,,סיגריות נובלס פילטר חפיסה בודד,יחידה,0.00,יחידה,false,1,30.60,0.0000,false,1,9174
72991527,false,סיגריות מוסטנג,דובק,,סיגריות מוסטנג                      RED,לא מנהל יחידת מידה,0.00,לא מנהל יחידת מידה,false,1,27.00,0.0000,false,1,9177
72991886,false,גלידה דולצה דה לצה 5,המאפיה של הרמן,IL,פיינט דולצ'ה דה לצ'ה,מיליליטרים,500.00,"100 מ""ל",false,1,23.90,4.7800,true,1,9180
72993637,false,דני שוקולד מהדרין,מחלבת אחיהוד,IL,דני שוקולד,גרמים,125.00,100 גרם,false,1,2.90,2.3200,true,1,47757
72994061,false,חטיף פסק זמן 2GOOD מ,אף.סי תבליני בגליל ב,TR,פסק זמן 2GOOD,גרמים,36.00,100 גרם,false,1,5.90,16.3889,true,1,72176
80001027,false,חטיף טורטינה חלב,לואקר,IT,וופל בציפוי שוקולד חלב וממלוא בקרם אגוזים,גרמים,21.00,100 גרם,false,1,4.60,21.9048,true,1,13329
80001287,false,חטיף גרדנה אגוז,לואקר,AT,חטיף גרדנה אגוז 38 גרם,גרמים,38.00,100 גרם,false,1,4.50,11.8421,true,1,9501
80001461,false,חטיף גרדנה שוקולד,"א. לואקר קונפקט בע""מ",AT,חטיף גרדנה שוקולד 38 גרם,גרמים,38.00,100 גרם,false,1,4.50,11.8421,true,1,43065
80001485,false,גרדנה קוקוס,א. לואקר,IT,לואקר גרדנה קוקוס,גרמים,38.00,100 גרם,false,1,4.50,11.8421,true,1,43066
80001799,false,חטיף טורטינה לבן 21,לואקר,IT,וופל בציפוי שוקולד חלב וממלוא בקרם אגוזים,גרמים,21.00,100 גרם,false,1,4.50,21.4286,true,1,107383
80007128,false,קפה לווצה רוסו,לוואצה,IT,קפה לווצה רוסו אדום 250 גר,גרמים,250.00,100 גרם,false,1,29.90,11.9600,true,1,13645
80007340,false,קרמה גוסטו - לוואצה,לוואצה,IT,קפה לווצה קרמה גוסטו 250 גרם,גרמים,250.00,100 גרם,false,1,27.90,11.1600,true,1,35550
80042556,false,עגבניות מרוסקות MUTT,"איי, בי, אינבוו",IT,עגבניות מרוסקות POLPA MUTTI,גרמים,400.00,100 גרם,false,1,6.90,1.7250,true,1,146375
80042563,false,מחית רסק עגבניות  פא,"איי, בי, אינבוו",IT,רסק עגבניות 700 גרם (צהוב) MUTTI,גרמים,700.00,100 גרם,false,1,11.90,1.7000,true,1,116419
80043638,true,כורכום טחון אורגני 4,בנומנולי,IT,סנומאלה כורכום טחון אורגני 47 גרם,גרמים,47.00,100 גרם,false,1,14.90,31.7021,true,1,124442
80043645,true,קארי טחון אורגני,בנומנולי,IT,סנומאלה קארי טחון אורגני 52 גרם,גרמים,32.00,100 גרם,false,1,14.90,46.5625,true,1,124443
80043775,true,צלי טחון אורגני,האי נאם סי או אל.טי.,IT,סנומאלה צ'ילי טחון אורגני 50 גרם,גרמים,50.00,100 גרם,false,1,14.90,29.8000,true,1,124444
80043874,true,פלפל שחור במטחנה,בונומלי,IT,פלפל שחור אורגני במטחנה 28 גרם,גרמים,32.00,100 גרם,false,1,14.90,46.5625,true,1,124445
80044062,true,ציפורן אורגני,בנומנולי,IT,סנומאלה ציפורן אורגני 32 גרם,גרמים,32.00,100 גרם,false,1,14.90,46.5625,true,1,124446
80044079,true,קינמון טחון אורגני,בנומנולי,IT,סנומאלה קינמון טחון אורגני 42 גרם,גרמים,42.00,100 גרם,false,1,14.90,35.4762,true,1,124447
80050025,false,סוכריות טיק טק תפוז,פררו,ZA,דחוסות בטעם תפוז,גרמים,16.00,100 גרם,false,1,4.50,28.1250,true,1,9700
80050124,false,סוכריות טיק טק מנטה,פררו,ZA,טיק טק מנטה,גרמים,16.00,100 גרם,false,1,4.50,28.1250,true,1,9701
80050278,false,פררו רושה שלישייה,פררו,IT,פררו רושה שלישייה,גרמים,38.00,100 גרם,false,1,6.50,17.1053,true,1,15380
80052487,false,רפאלו  30 גרי שלישיי,פררו,PL,רפאלו  30 גרי שלישייה,גרמים,30.00,100 גרם,false,1,4.50,15.0000,true,1,73349
80052760,false,חטיף וופל קינדר בואנ,פררו,PL,קינדר בואנו,גרמים,43.00,100 גרם,false,1,5.00,11.6279,true,1,9705
80136194,false,קינדר הפי היפו אגוזי,פררו,DE,"הפי היפו קקאו, וופל במילוי קרם חלבי וקרם אגוזי לוז",לא מנהל יחידת מידה,0.21,לא מנהל יחידת מידה,false,1,14.90,70.9524,true,1,119995
80176732,false,קינדר הפי היפו,פררו,DE,"הפי היפו קקאו, וופל במילוי קרם חלבי וקרם קקאו",גרמים,21.00,100 גרם,false,1,3.50,16.6667,true,1,47113
80176800,false,ממרח שוקולד נוטלה 75,פררו תעשיות איטליה ס,IT,ממרח שוקולד נוטלה 750 גרם,גרמים,750.00,100 גרם,false,1,27.90,3.7200,true,1,9767
80177173,false,ממרח שוקולד נוטלה,פררו,IT,ממרח שוקולד נוטלה אגוזים 350 גרם,גרמים,350.00,100 גרם,false,1,15.90,4.5429,true,1,9768
80177180,false,שוקולד קינדר קאנטרי,פררו,IT,שוקולד קינדר קאנטרי 23.5 גרם,גרמים,24.00,100 גרם,false,1,3.50,14.5833,true,1,74587
80177609,false,שוקולד קינדר אצבעות,פררו,IT,שוקולד חלב עם תכולת חלב גבוהה במילוי קרם חלבי,גרמים,50.00,100 גרם,false,1,5.90,11.8000,true,1,9769
80177616,false,שוקולד חלב ממולא קינ,פררו,IT,שוקולד חלב עם תכולת חלב גבוהה במילוי קרם חלבי,גרמים,100.00,100 גרם,false,1,9.50,9.5000,true,1,9770
80273561,false,פלפל שחור במטחנה 45,DROGHERIA E ALIMENTA,,פלפל שחור במטחנה 45 גרם,גרמים,45.00,100 גרם,false,1,12.90,28.6667,true,1,9808
80273592,false,פלפל 4 העונות במטחנה,DROGHERIA E ALIMENTA,,פלפל 4 העונות במטחנה 35 גרם,גרמים,35.00,100 גרם,false,1,12.90,36.8571,true,1,9810
80273639,false,מלח ים במטחנה 90 גרם,DROGHERIA E ALIMENTA,,מלח ים במטחנה 90 גרם,גרמים,90.00,100 גרם,false,1,12.90,14.3333,true,1,9812
80273660,false,שום במטחנה 50 גרם,DROGHERIA E ALIMENTA,,שום במטחנה 50 גרם,גרמים,50.00,100 גרם,false,1,12.90,25.8000,true,1,9815
80273677,false,"צ""ילי במטחנה 20 גרם",DROGHERIA E ALIMENTA,,"צ""ילי במטחנה 20 גרם",גרמים,20.00,100 גרם,false,1,12.90,64.5000,true,1,9816
80273684,false,תערובת עשבי פרובנס,ארומה דה טוסקנה,,תערובת עשבי פרובנס במטחנה20 גר,גרמים,45.00,100 גרם,false,1,14.90,33.1111,true,1,9817
80310549,false,הפי היפו אגוזים בודד,פררו,DE,"הפי היפו קקאו, וופל במילוי קרם חלבי וקרם אגוזי לוז",לא מנהל יחידת מידה,0.00,לא מנהל יחידת מידה,false,1,3.00,0.0000,true,1,127112
80310891,false,"ביצת קינדר ג""וי",פררו,ZA,"ביצת קינדר ג""וי 20 גרם",גרמים,20.00,100 גרם,false,1,6.00,30.0000,true,1,160491
80473206,true,פפריקה מתוקה קנהמלה,קנהמלה,IT,פפריקה מתוקה אורגנית,גרמים,50.00,100 גרם,false,1,14.90,29.8000,true,1,124458
80473213,true,כמון אורגני קנהמלה 3,קנהמלה,IT,כמון טחון אורגני,גרמים,32.00,100 גרם,false,1,14.90,46.5625,true,1,124459
80473336,true,פלפל שחור טחון אורגנ,בונומלי,IT,פלפל שחור טחון אורגני 50 גרם,גרמים,50.00,100 גרם,false,1,14.90,29.8000,true,1,124460
80541776,false,אורגנו אורגני,האי נאם סי או אל.טי.,IT,אורגנו אורגני,גרמים,14.00,100 גרם,false,1,14.90,106.4286,true,1,145290
80650874,false,תיבול גורמה שום,דרוגריה ואלימנטרי אס,,תיבול גורמה שום ופטרוזיליה,מיליליטרים,80.00,"100 מ""ל",false,1,12.90,16.1250,true,1,9860
80651000,false,"שום וצ""ילי במטחנה 30",DROGHERIA E ALIMENTA,,"שום וצ""ילי במטחנה 30 גרם",גרמים,30.00,100 גרם,false,1,12.90,43.0000,true,1,9865
80651017,false,תערובת עשבי טוסקנה,ארומה דה טוסקנה,,תערובת עשבי טוסקנה במטחנה16 גר,גרמים,16.00,100 גרם,false,1,11.90,74.3750,true,1,9866
80655404,true,שום גבישי אורגני,בנומנולי,IT,סנומאלה שום גבישי אורגני 70 גרם,גרמים,70.00,100 גרם,false,1,14.90,21.2857,true,1,124461
80655428,true,בזיליקום אורגני קנהמ,בנומנולי,IT,סנומאלה בזיליקום אורגני 15 גרם,גרמים,15.00,100 גרם,false,1,14.90,99.3333,true,1,124462
80718758,false,טונה בשמן זית בצנצנת,קליפו קונסרב,IT,גושי טונה בהירה בשמן זית,גרמים,160.00,100 גרם,false,1,21.90,13.6875,true,1,56747
80724353,false,ארטישוק מתובל 280 ג,מודנצטי ויה פראדה,IT,ארטישוק מתובל 280 גרם PONTI,גרמים,280.00,100 גרם,false,1,29.90,10.6786,true,1,129013
80761761,false,חטיף וופל קינדר בואנ,פררו,PL,חטיף וופל קינדר בואנו שוקולד לבן 39 גרם,גרמים,39.00,100 גרם,false,1,5.00,12.8205,true,1,75895
80762362,false,מנטה מנטוס אקליפטוס,"אינסטנטה בע""מ",TR,גומי לעיסה ללא סוכר בטעם מנטה אקליפטוס 40 יח,לא מנהל יחידת מידה,0.00,לא מנהל יחידת מידה,false,1,9.90,0.0000,true,1,119412
80773429,false,מסטיק מנטוס פיור פרש,פרפטי ואן מלה ברדה,TR,מסטיק מנטוס פיור פרש בטעם תות מעוגל,גרמים,60.00,100 גרם,false,1,9.90,16.5000,true,1,123971
80773443,false,מסטיק מנטוס מנטה פיר,פרפטי ואן מלה ברדה,TR,מנטוס גומי לעיסה ללא סוכר בטעם מנטה,גרמים,60.00,100 גרם,false,1,9.90,16.5000,true,1,120979
80790990,false,מסטיק מנטוס מנטה עדי,פרפטי ואן מלה ברדה,TR,מסטיק מנטוס מנטה עדינה בקבוק מעוגל 60 גר,גרמים,60.00,100 גרם,false,1,9.90,16.5000,true,1,120978
80820956,false,לואקר חטיף פטיסרי אג,לואקר,IT,לואקר חטיף פטיסרי אגוז 21 גרם,גרמים,21.00,100 גרם,false,1,4.50,21.4286,true,1,155231
80828174,false,מסטיק מנטוס וויט מנט,פרפטי ואן מלה,TR,מנטוס גומי לעיסה ללא סוכר בטעם מנטה מתוקה 40 יח,גרמים,60.00,100 גרם,false,1,9.90,16.5000,true,1,102278
80831402,false,סוכרית מנטוס מנטה עד,קדבורי,NL,סוכרית מנטוס מנטה עדינה ללא סוכר,לא מנהל יחידת מידה,0.00,לא מנהל יחידת מידה,false,1,6.90,0.0000,true,1,149361
80843184,false,מסטיק בקבוקון פיור ע,פרפטי ואן מלה,TR,מסטיק בקבוקון פיור ענבים 60 גרם,גרמים,60.00,100 גרם,false,1,9.90,16.5000,true,1,155630
80854753,false,סוכרית מנטוס מנטה לל,קדבורי,NL,סוכרית מנטוס מנטה ללא סוכר,לא מנהל יחידת מידה,0.00,לא מנהל יחידת מידה,false,1,6.90,0.0000,true,1,149362
80864059,false,גרדנה חמאת בוטנים 38,לואקר,IT,גרדנה חמאת בוטנים 38 גרם,גרמים,38.00,100 גרם,false,1,4.50,11.8421,true,1,158947
80864295,false,מסטיק בקבקון מ.עדינה,פרפטי ואן מלה,TR,מסטיק בקבקון מ.עדינה pure white 60 גרם,גרמים,60.00,100 גרם,false,1,9.90,16.5000,true,1,156065
80874652,false,קינדר קארדס 25.6 גרם,פררו,IT,קינדר קארדס 25.6 גרם,גרמים,26.00,100 גרם,false,1,4.90,18.8462,true,1,160163
80896081,false,מסטיק מנטוס פיור פרש,פרפטי ואן מלה ברדה,TR,מנטוס גומי לעיסה ללא סוכר בטעם אבטיח,גרמים,60.00,100 גרם,false,1,9.90,16.5000,true,1,123972
80913467,false,מסטיק מנטוס מנטה בקב,"אינסטנטה בע""מ",TR,mentos - pure fresh,גרמים,60.00,100 גרם,false,1,9.90,16.5000,true,1,120980
80936848,false,סוכריות טיק טק תות 1,פררו,ZA,טיק טק תות,גרמים,16.00,100 גרם,false,1,4.50,28.1250,true,1,98441
80945468,false,מסטיק בקבקון מ.מתוקה,פרפטי ואן מלה,TR,מסטיק בקבקון מ.מתוקה pure white 60 גרם,גרמים,60.00,100 גרם,false,1,9.90,16.5000,true,1,156066
80974482,false,ביצת קינדר גוי כחול,פררו,ZA,קינדר ג'וי כחול,גרמים,20.00,100 גרם,false,1,6.00,30.0000,true,1,99171
80979128,false,מסטיק בקבוקון פיור ד,פרפטי ואן מלה,TR,מסטיק בקבוקון פיור דובדובן 60 גרם,גרמים,60.00,100 גרם,false,1,9.90,16.5000,true,1,155631
80982470,false,מסטיק מנטוס פיור מנט,פרפטי ואן מלה ברדה,TR,מסטיק מנטוס פיור מנטה חזקה 60 ג,גרמים,60.00,100 גרם,false,1,9.90,16.5000,true,1,153172
80986348,false,מסטיק בקבקון מנטה pu,פרפטי ואן מלה,TR,מסטיק בקבקון מנטה pure white 60 גרם,גרמים,60.00,100 גרם,false,1,9.90,16.5000,true,1,156067
87108538,false,סוכריות מנטוס תות גל,הדקלאים אגודת שיתופי,NL,מנטוס תות 40 גלילים,גרמים,38.00,100 גרם,false,1,3.90,10.2632,true,1,41854
87108651,false,סוכריות מנטה,הדקלאים אגודת שיתופי,NL,מנטוס מנטה  1/4,גרמים,150.00,100 גרם,false,1,11.90,7.9333,true,1,10562
87108712,false,סוכריות פירות,קדבורי,NL,מארז 4 גלילי מנטוס בטעם פירות,גרמים,150.00,100 גרם,false,1,11.90,7.9333,true,1,10563
87248272,false,מרלבורו גולד סופטPP,פיליפ מוריס,,מרלבורו גולד סופטPP חפיסה,יחידה,1.00,יחידה,false,1,35.50,35.5000,false,1,63143
87311396,false,סוכריות מנטוס ריינבא,קדבורי,NL,מנטוס  ריינבאוו סוכריות לעיסה בטעמי פירות 37.5 גרם,גרמים,38.00,100 גרם,false,1,3.90,10.2632,true,1,87253
90087066,true,HAPPY DAY תפוזים,,,HAPPY DAY תפוזים,Unknown,0.00,Unknown,false,1,11.60,0.0000,true,1,142336
90087271,false,נקטר אוכמניות ראוך .,יושלם,,נקטר אוכמניות ראוך בקרטון,ליטרים,1.00,ליטר,false,1,11.60,11.6000,true,1,11133
90087806,true,HAPPY DAY אשכוליות,,,HAPPY DAY אשכוליות,Unknown,0.00,Unknown,false,1,11.60,0.0000,true,1,140694
90162602,false,משקה אנרגיה רד בול,רד בול ג'י.אם.בי. אץ,AT,"משקה אנרגיה רד בול 250 מ""ל",מיליליטרים,250.00,"100 מ""ל",false,1,8.00,3.2000,true,1,42148
90162800,false,משקה אנרגיה רד בול,רד בול ג'י.אם.בי. אץ,AT,רד בול,מיליליטרים,250.00,"100 מ""ל",false,1,8.00,3.2000,true,1,42149
90446269,false,רד בול אבטיח 250 מל,ראון פרוכטסאפה,AT,רד בול אבטיח 250 מל,מיליליטרים,250.00,"100 מ""ל",false,1,8.00,3.2000,true,1,153533
90448867,false,רד בול ללא פחמימות פ,רד בול,AT,רד בול ללא פחמימות פחית 250 מל,מיליליטרים,250.00,"100 מ""ל",false,1,8.00,3.2000,true,1,158184
8421361472,false,בובת TY עיניים גדולו,TY,,בובת TY עיניים גדולות הזהבה,Unknown,0.00,Unknown,false,1,29.90,0.0000,true,1,109638
8421370405,false,בובת עיניים גדולה,TY,,בובת עיניים גדולה,יחידה,1.00,יחידה,false,1,59.90,59.9000,true,1,110236
9800800056,false,נוטלה גו בייגלה מלוח,פררו,DE,נוטלה גו בייגלה מלוח,גרמים,52.00,100 גרם,false,1,6.90,13.2692,true,1,117348
11182700923,false,קינג קול שעועית אדומ,קינג קול,,קינג קול שעועית אדומה,יחידה,1.00,יחידה,false,1,10.90,10.9000,true,1,87058
11182700954,false,שעועית שחורה קינג קו,קינג קול,,שעועית שחורה קינג קול 436 גרם,גרמים,436.00,100 גרם,false,1,10.90,2.5000,true,1,76655
11210000094,false,"רוטב טבסקו 60 מ""ל",מקאילהייני אייבורי,,"רוטב טבסקו 60 מ""ל",מיליליטרים,60.00,"100 מ""ל",false,1,12.90,21.5000,true,1,117
11210002500,false,רוטב טבסקו בפאלו,"ניצן מותגי מזון בע""מ",,"רוטב טבסקו בפאלו 150 מ""ל",מיליליטרים,150.00,"100 מ""ל",false,1,24.90,16.6000,true,1,91380
11210007048,true,טבסקו שום ופלפל 59 מ,,,טבסקו שום ופלפל 59 מ,,0.00,,false,,14.90,0.0000,true,1,159936
11210007253,false,רוטב טבסקו שום ופלפל,מקאילהייני אייבורי,,"רוטב טבסקו שום ופלפל 60 מ""ל",מיליליטרים,60.00,"100 מ""ל",false,1,11.90,19.8333,true,1,118
11210009387,false,רוטב טבסקו פלפל ירוק,מקאילהייני אייבורי,,"רוטב טבסקו פלפל ירוק 60 מ""ל",מיליליטרים,60.00,"100 מ""ל",false,1,11.90,19.8333,true,1,119
16000185517,false,דגני פייבר 1 555גרם,בטר אנד דיפרנט,US,דגני פייבר 1 555גרם,גרמים,555.00,100 גרם,false,1,29.90,5.3874,true,1,156412
16000281684,false,חטיפי גרנולה קראנצי,ג'נרל מילס,,חטיפי גרנולה קראנצי פקאן 210 גרם,גרמים,210.00,100 גרם,false,1,14.90,7.0952,true,1,48645
16000423534,false,חטיפי גרנולה קראנצי,ג'נרל מילס סאן אדריא,ES,חטיפי גרנולה קראנצי שיבולת שועל מריר 210,גרמים,210.00,100 גרם,false,1,14.90,7.0952,true,1,76586
16000548404,false,חטיפי גרנולה קראנצי,ג'נרל מילס סאן אדריא,ES,"נייטשר וואלי, קראנצ'י שיבולת שועל עם דבש",גרמים,210.00,100 גרם,false,1,14.90,7.0952,true,1,803
16000548503,false,חטיפי גרנולה קראנצי,ג'נרל מילס סאן אדריא,ES,חטיפי גרנולה קראנצי מייפל וסוכר חום 210,גרמים,210.00,100 גרם,false,1,14.90,7.0952,true,1,804
16000548602,false,חטיפי גרנולה קראנצי,ג'נרל מילס סאן אדריא,ES,חטיפי גרנולה קראנצי קינמון 210 גרם,גרמים,210.00,100 גרם,false,1,14.90,7.0952,true,1,805
16000548909,false,חטיפי גרנולה קראנצי,ג'נרל מילס סאן אדריא,ES,חטיפי גרנולה קראנצי מגוון טעמים 210 גרם,גרמים,210.00,100 גרם,false,1,14.90,7.0952,true,1,806
16229924263,true,קרם קוקוס 250 מל,,,קרם קוקוס 250 מל,Unknown,0.00,Unknown,false,1,9.90,0.0000,true,1,122716
18000701223,false,תערובת להכנת עוגת שו,הדקלאים אגודת שיתופי,IL,תערובת להכנת עוגת שוקולד פילסברי 500 גרם,גרמים,500.00,100 גרם,false,1,17.90,3.5800,true,1,920
18000703494,false,תערובת לעוגת וניל,הדקלאים אגודת שיתופי,IL,תערובת לעוגה וניל פילסברי,גרמים,524.00,100 גרם,false,1,17.90,3.4160,true,1,921
18000766413,false,תערובת לעוגת בראוניס,הדקלאים אגודת שיתופי,IL,תערובת לעוגת בראוניס פלסברי 550 גרם,גרמים,550.00,100 גרם,false,1,17.90,3.2545,true,1,924
18787111116,true,תרסיס אורגני להגיינת,,,תרסיס אורגני להגיינת הידיים לבנדר,לא מנהל יחידת מידה,4.72,לא מנהל יחידת מידה,false,1,29.90,6.3347,true,1,125981
18787764169,true,ס.נוזלי לבנדר דר ברו,דר ברונר,US,ס.נוזלי לבנדר דר ברונר 472מל,מיליליטרים,472.00,"100 מ""ל",false,1,49.90,10.5720,true,1,125920
18787765166,true,ס.נוזלי מנטה מעוררת,דר ברונר,US,ס.נוזלי מנטה מעוררת  דר ברונר 472מל,מיליליטרים,472.00,"100 מ""ל",false,1,49.90,10.5720,true,1,125979
18787767160,true,ס. נוזלי ברונר פריחת,,,ס. נוזלי ברונר פריחת,מיליליטרים,472.00,"100 מ""ל",false,1,49.90,10.5720,true,1,125921
18787778166,true,ס.נוזלי ורד הבר  דר,דר ברונר,US,ס.נוזלי ורד הבר  דר ברונר 472מל,מיליליטרים,472.00,"100 מ""ל",false,1,49.90,10.5720,true,1,125977
18787779163,true,ס. נוזלי ברונר תה יר,,,ס. נוזלי ברונר תה ירוק,מיליליטרים,472.00,"100 מ""ל",false,1,49.90,10.5720,true,1,125980
18787780169,true,ס. נוזלי ברונר יסמין,דר ברונר,US,ס. נוזלי ברונר יסמין,מיליליטרים,472.00,"100 מ""ל",false,1,49.90,10.5720,true,1,125922
18787782057,true,ס.מוצק לתינוקות דר ב,דר ברונר,US,ס.מוצק לתינוקות דר ברונר 140גר,גרמים,140.00,100 גרם,false,1,22.90,16.3571,true,1,125923
18787784051,true,ס.מוצק לבנדר דר ברונ,דר ברונר,US,ס.מוצק לבנדר דר ברונר 140גר,גרמים,140.00,100 גרם,false,1,22.90,16.3571,true,1,125924
18787785058,true,ס.מוצק מנטה מעורר דר,"ד""ר ברונר",US,סבון אמיתי מנטה,גרמים,140.00,100 גרם,false,1,22.90,16.3571,true,1,125925
18787788059,true,ס.מוצק ורד הבר דר בר,דר ברונר,US,ס.מוצק ורד הבר דר ברונר 140גר,גרמים,140.00,100 גרם,false,1,22.90,16.3571,true,1,125926
18787791059,true,סבון מוצק פריחת הדוב,דר ברונר,US,סבון מוצק פריחת הדובדבן 140 גרם,גרמים,140.00,100 גרם,false,1,22.90,16.3571,true,1,125976
18787792056,true,סבון מוצק יסמין סנדל,דר ברונר,US,סבון מוצק יסמין סנדלווד 140 גרם,גרמים,140.00,100 גרם,false,1,22.90,16.3571,true,1,125975
19548003107,false,בלוק צימקאו לבן 300,אופנהיימר,IL,בלוק צימקאו לבן 300 גרם,גרמים,300.00,100 גרם,false,1,8.90,2.9667,true,1,129011
22014004607,false,רסק תפוחי עץ אורגני,MANISCHEWITZ,US,רסק תפוחי עץ אורגני רביעיה 452 גרם,גרמים,452.00,100 גרם,false,1,15.90,3.5177,true,1,159103
22014031023,false,רסק תפוחי עץ אורגני,MANISCHEWITZ,US,רסק תפוחי עץ אורגני בפאוץ רביעיה 360 גר,גרמים,360.00,100 גרם,false,1,15.90,4.4167,true,1,159102
22014051021,false,רסק תפוחי עץ בטטה מש,MANISCHEWITZ,US,רסק תפוחי עץ בטטה משמש ומנגו בפאוץ רביעיה 360  גרם,גרמים,360.00,100 גרם,false,1,22.90,6.3611,true,1,159105
22014240623,false,רסק תפוחי עץ אורגני,MANISCHEWITZ,US,רסק תפוחי עץ אורגני בצנצנת 680 גרם,גרמים,680.00,100 גרם,false,1,16.90,2.4853,true,1,159104
22200956949,false,דאודורנט ספיד סטיק ג,COLGATE ($) -PALMOLI,,"דאודורנט ספיד סטיק ג""ל כחול 85 גרם",מיליליטרים,85.00,"100 מ""ל",false,1,21.90,25.7647,true,1,1613
24463061095,false,"סריראצה-רוטב פלפל צ""",הוי פונג פודס,,"סריראצה-רוטב פלפל צ""ילי חריף 435 גר",מיליליטרים,435.00,"100 מ""ל",false,1,28.90,6.6437,true,1,73620
25675120006,false,מקלות מגוון טעמים 10,,,מקלות מגוון טעמים 100 גרם,גרמים,100.00,100 גרם,false,1,9.90,9.9000,true,1,69364
25675120037,false,מקלות תות 100 גרם,,,מקלות תות 100 גרם,גרמים,100.00,100 גרם,false,1,9.90,9.9000,true,1,25026
25675120068,false,מקלות קולה 100 גרם,,,מקלות קולה 100 גרם,גרמים,100.00,100 גרם,false,1,9.90,9.9000,true,1,25028
25675301108,false,מקלות חמוצים פשקס תו,פאסין,,מקלות חמוצים פשקס תות 50 גרם,גרמים,50.00,100 גרם,false,1,7.00,14.0000,true,1,25029
25675301184,false,מקלות חמוצים קולה 50,יושלם,,מקלות חמוצים קולה 50 גרם,גרמים,50.00,100 גרם,false,1,7.00,14.0000,true,1,25030
25700005650,false,זיפלוק שקיות הקפאה ג,אס.סי גונוסון,US,זיפלוק שקיות הקפאה גדולות 14 יח,יחידה,1.00,יחידה,false,1,13.90,13.9000,true,1,151536
25700005681,false,זיפלוק סליידר בינוני,אס.סי גונוסון,US,יפלוק סליידר בינוניות 20יח,יחידה,1.00,יחידה,false,1,16.90,16.9000,true,1,151537
27379005634,false,פנדורו מיני 100גרם S,BALCONI SPA INDUSTRI,IT,פנדורו מיני 100גרם SWEET ITALY,גרמים,100.00,100 גרם,false,1,13.90,13.9000,true,1,144154
27379005658,false,פנתוני מיני 100 גרם,BALCONI SPA INDUSTRI,IT,פנתוני מיני 100 גרם SWEET ITALY,גרמים,100.00,100 גרם,false,1,13.90,13.9000,true,1,156369
27379005740,false,פנתוני מיני 100פצפוצ,BALCONI SPA INDUSTRI,IT,פנתוני מיני 100פצפוצי שו גרם SWEET ITALY,גרמים,100.00,100 גרם,false,1,13.90,13.9000,true,1,144153
30000315958,false,קוואקר פרוטאין בננה,קוואקר אוטס קומפני,US,קוואקר פרוטאין בננה אגוזים 366 גרם,גרמים,366.00,100 גרם,false,1,26.90,7.3497,true,1,130160
30000315989,false,קוואקר פרוטאין חמוצי,קוואקר אוטס קומפני,US,קוואקר פרוטאין חמוציות ושקדים 372 גרם,גרמים,372.00,100 גרם,false,1,26.90,7.2312,true,1,130161
30100487197,false,קיבלר קרקר גבינת צדר,"מאכלי עולם ר.ז. בע""מ",,קיבלר קרקר גבינת צדר לבן 39 גרם,גרמים,39.00,100 גרם,false,1,4.00,10.2564,true,1,101906
30100545101,false,קיבלר קרקר קלאב צדר,"מאכלי עולם ר.ז. בע""מ",,קיבלר קרקר קלאב צדר כתום 39 גרם,גרמים,39.00,100 גרם,false,1,4.00,10.2564,true,1,98815
31200001597,false,חמוציות מומתקים  גת,,,חמוציות מומתקים ומיובשים170 גר,גרמים,170.00,100 גרם,false,1,13.90,8.1765,true,1,15478
31290140107,false,טבלת שוקולד גודייבה,פלאדיס,TR,טבלת שוקולד גודייבה סטיק 72% 90גרם,גרמים,90.00,100 גרם,false,1,14.90,16.5556,true,1,149886
31290140176,false,טבלת שוקולד סטיקס מר,פלאדיס,TR,טבלת שוקולד סטיקס מריר 90גרם,גרמים,90.00,100 גרם,false,1,14.90,16.5556,true,1,149887
31290140190,false,טבלת שוקולד גודייבה,פלאדיס,TR,טבלת שוקולד גודייבה סטיק 90 גרם מריר מלח,גרמים,90.00,100 גרם,false,1,14.90,16.5556,true,1,149888
31290140237,false,טבלת שוקולד חלב גודי,פלאדיס,TR,טבלת שוקולד חלב גודייבה סטיקס חלב 90גרם,גרמים,90.00,100 גרם,false,1,14.90,16.5556,true,1,149890
34000148301,true,נשיקות הרשי לאפייה,,,נשיקות הרשי לאפייה,Unknown,0.00,Unknown,false,1,21.90,0.0000,true,1,121482
34000196173,false,שוקולד קוקיס אנד קרי,הרשי,,שוקולד קוקיס אנד קרים 120 גרם,גרמים,120.00,100 גרם,false,1,9.90,8.2500,true,1,110990
34000312177,false,סירופ שוקולד למאפים,הרשי,,סירופ שוקולד למאפים  קינוחים,גרמים,680.00,100 גרם,false,1,20.90,3.0735,true,1,96713
34000442652,false,שוקולד ממולא קרם בוט,הרשי,,שוקולד ממולא קרם בוטנים 121 גרם,גרמים,121.00,100 גרם,false,1,9.90,8.1818,true,1,110991
34000446001,false,חטיפי שוקולד חלב,הרשי,,חטיפי שוקולד חלב במילוי 150 גר,גרמים,150.00,100 גרם,false,1,10.90,7.2667,true,1,96753
34000470228,false,שוקולד חלב מיני ריזס,הרשי,,שוקולד חלב מיני ריזס 70 גרם,גרמים,70.00,100 גרם,false,1,6.90,9.8571,true,1,96314
34000544028,false,טוויזלרס  ממתק בטעם,הרשי,,טוויזלרס  ממתק בטעם תות 198 גרם,גרמים,198.00,100 גרם,false,1,8.90,4.4949,true,1,22270
36000183399,false,חיתולי האגיס שחיה מי,KC Czech,,חיתולי האגיס שחיה מידה S/M,לא מנהל יחידת מידה,0.00,לא מנהל יחידת מידה,false,1,40.90,0.0000,true,1,3432
37600207188,false,חמאת בוטנים סקיפי קל,פלזנסקי,US,חמאת בוטנים סקיפי קלאסיק 462 גרם,גרמים,462.00,100 גרם,false,1,20.90,4.5238,true,1,101425
37600207256,false,חמאת בוטנים סקיפי בו,פלזנסקי,US,חמאת בוטנים סקיפי עם שברי בוטנים 462 גרם,גרמים,462.00,100 גרם,false,1,24.90,5.3896,true,1,101551
37600207287,false,חמאת בוטנים עם דבש ס,כלורוקס אוקלנד,US,חמאת בוטנים סקיפי עם דבש 462 גרם,גרמים,462.00,100 גרם,false,1,25.60,5.5411,true,1,101552
37600297943,false,439גרם  CHI-CHISמטבל,,US,439גרם  CHI-CHISמטבל סלסה חריף,גרמים,439.00,100 גרם,false,1,16.90,3.8497,true,1,160383
37600297967,false,CHI-CHIS מטבל סלסה ב,,US,CHI-CHIS מטבל סלסה בחריפות עדינה 439 גרם,גרמים,439.00,100 גרם,false,1,16.90,3.8497,true,1,160382
38000138607,false,פרינגלס חומץ מלח 158,מנופקצורי קטמפני,US,פרינגלס חומץ מלח 158 גרם,גרמים,158.00,100 גרם,false,1,9.90,6.2658,true,1,130336
38000138638,false,פרינגלס פיצה 158 גרם,לני אנד לארי,US,פרינגלס פיצה 158 גרם,גרמים,158.00,100 גרם,false,1,9.90,6.2658,true,1,119851
38000138720,false,פרינגלס ראנץ 158 גרם,פרינגלס מניופקצ'ורינ,US,פרינגלס ראנץ 158 גרם,גרמים,158.00,100 גרם,false,1,9.90,6.2658,true,1,125740
38000183690,true,פרינגלס ברביקיו מידי,פרינגלס מניופקצ'ורינ,US,פרינגלס ברביקיו מידי חלבי 74 גרם,גרמים,74.00,100 גרם,false,1,5.90,7.9730,true,1,127381
38000183928,false,פרינגלס חרדל ודבש 15,פרינגלס מניופקצ'ורינ,US,פרינגלס חרדל ודבש 158 גרם,גרמים,158.00,100 גרם,false,1,9.90,6.2658,true,1,150788
38000197840,false,פרינגלס גלי חריף מתו,פרינגלס מניופקצ'ורינ,US,פרינגלס גלי חריף מתוק 137 גרם,גרמים,137.00,100 גרם,false,1,9.90,7.2263,true,1,150787
38000202278,false,פרינגלס גלי  אורגינל,פרינגלס מניופקצ'ורינ,US,פרינגלס גלי  אורגינל 130 גרם,גרמים,130.00,100 גרם,false,1,9.90,7.6154,true,1,150786
38000232152,false,פרינגלס ברביקיו 158ג,פרינגלס מניופקצ'ורינ,US,פרינגלס ברביקיו 158גרם,גרמים,158.00,100 גרם,false,1,9.90,6.2658,true,1,147456
38000232169,false,פרינגלס מידי אורגינל,פרינגלס מניופקצ'ורינ,US,פרינגלס מידי אורגינל 67גרם,גרמים,67.00,100 גרם,false,1,5.90,8.8060,true,1,147457
38000232176,false,פרינגלס שמנת בצל 158,פרינגלס מניופקצ'ורינ,US,פרינגלס שמנת בצל 158גרם,גרמים,158.00,100 גרם,false,1,9.90,6.2658,true,1,147455
38000232183,false,פרינגלס אורגינל 149,פרינגלס מניופקצ'ורינ,US,פרינגלס אורגינל 149 גרם,גרמים,149.00,100 גרם,false,1,9.90,6.6443,true,1,147454
38000845253,false,פרינגלס מידי שמנת בצ,פרינגלס מנופקצורינג,US,פרינגלס מידי שמנת בצל 71 גרם,גרמים,71.00,100 גרם,false,1,5.90,8.3099,true,1,115828
38527591053,false,דגני קוואקר מרובעים,BEVERAGES FOODS & SE,,דגני קוואקר מרובעים קינמון 411 גרם,גרמים,411.00,100 גרם,false,1,21.90,5.3285,true,1,82180
38527591060,false,דגני קוואקר מרובעים,BEVERAGES FOODS & SE,,דגני קוואקר מרובעים סוכר חום 411 גרם,גרמים,411.00,100 גרם,false,1,21.90,5.3285,true,1,82896
39000008006,false,אורטגה טאקו מקסיקני,בי אנד גי,US,אורטגה טאקו מקסיקני 12 יחידות 164 גרם,גרמים,164.00,100 גרם,false,1,22.90,13.9634,true,1,62266
39000008051,false,אורטגה קיט ארוחת טאק,בי אנד גי,US,אורטגה קיט ארוחת טאקו 283 גרם,גרמים,283.00,100 גרם,false,1,29.90,10.5654,true,1,66856
39000008907,false,אורטגה רוטב טאקו מיי,בי אנד גי,US,אורטגה רוטב טאקו מיילד 226 גרם,גרמים,226.00,100 גרם,false,1,16.90,7.4779,true,1,130164
39000008914,false,אורטגה רוטב טאקו חרי,בי אנד גי,US,אורטגה רוטב טאקו חריף 226 גרם,גרמים,226.00,100 גרם,false,1,16.90,7.4779,true,1,130165
39000010351,true,חלפיניו פרוס בצנצנת1,,,חלפיניו פרוס בצנצנת1,גרמים,168.00,100 גרם,false,1,17.90,10.6548,true,1,129646
39600004767,false,אטלס כבישים מהדורת 2,,,אטלס כבישים מהדורת 2018 גדול,יחידה,1.00,יחידה,false,1,79.00,79.0000,true,1,124132
40000123415,false,כרזה    1X,ארסלן,,כרזה    1X,Unknown,0.00,Unknown,false,1,6.90,0.0000,true,1,3987
40000513568,false,m&m שוקולד 156 גרם,מארס,US,m&m שוקולד 156 גרם,גרמים,156.00,100 גרם,false,1,12.90,8.2692,true,1,124188
40000513582,false,m&m בוטנים 156 גרם,מארס,US,m&m בוטנים 156 גרם,גרמים,156.00,100 גרם,false,1,12.90,8.2692,true,1,124187
40000513629,false,m&m חמאת בוטנים 142,מארס,US,m&m חמאת בוטנים 142 גרם,גרמים,142.00,100 גרם,false,1,12.90,9.0845,true,1,124186
40000514480,false,סוכריות M&M בטעם שוק,מרס נדרלנד,,סוכריות M&M בטעם שוקולד 48 גרם,גרמים,48.00,100 גרם,false,1,5.80,12.0833,true,1,117647
40000514510,false,סוכריות שוקולד M&M,מרס נדרלנד,,סוכריות שוקולד M&M  בוטנים 49 גרם,גרמים,49.00,100 גרם,false,1,5.80,11.8367,true,1,116535
40000555391,false,M&Ms  בראוניז 40 גרם,מרס ריגלי קונפקשונרי,US,M&Ms  בראוניז 40 גרם,גרמים,40.00,100 גרם,false,1,5.80,14.5000,true,1,157048
41224468108,false,עגבניות מיובשות בשמן,סיגס גיטה,,עגבניות מיובשות בשמן זית 283 גרם,גרמים,283.00,100 גרם,false,1,22.90,8.0919,true,1,58684
41390000058,false,רוטב טריאקי קיקומן 2,קדבורי,US,"רוטב טריאקי קיקומן 296 מ""ל",מיליליטרים,296.00,"100 מ""ל",false,1,23.90,8.0743,true,1,4340
41421177452,false,רייטס רוטב היקורי מע,בי אנד גי,US,רייטס רוטב היקורי מעושן מרוכז 103 מל,מיליליטרים,103.00,"100 מ""ל",false,1,13.90,13.4951,true,1,90767
41500013107,false,רוטב וורצסטר פרנצס29,רקיט בנקיזר,US,"רוטב וורצסטר פרנצס296 מ""ל",גרמים,295.00,100 גרם,false,1,19.90,6.7458,true,1,148015
41570113103,true,בלו דיאמנד משקה שקדי,קלובר ס.א,ZA,בלו דיאמנד משקה שקדים בריסטה להקצפה 1 לי,ליטרים,1.00,ליטר,false,1,19.90,19.9000,true,1,126791
41740000806,false,בורשט 710 מל גולד כש,,US,בורשט 710 מל גולד כשלפ,מיליליטרים,710.00,"100 מ""ל",false,1,19.90,2.8028,true,1,132107
44600320717,false,פחם קינגספורד אורגינ,כלורוקס אוקלנד,US,"פחם קינגספורד אורגינל 3.6 ק""ג",קילוגרמים,3.60,"ק""ג",false,1,49.90,13.8611,true,1,157810
44600320977,false,פחם קינגספורד מצלייט,כלורוקס אוקלנד,US,"פחם קינגספורד מצלייט 3.6 ק""ג",קילוגרמים,3.60,"ק""ג",false,1,54.90,15.2500,true,1,158063
46214382259,false,עוגיות בראוניס,בנקטבקריי מרבה בי.וי,NL,"עוגיות בראוניס 225 גר                  """,גרמים,225.00,100 גרם,false,1,9.90,4.4000,true,1,4796
46214731552,false,עוגיות שוקולד ציפס מ,קריניציה ויטמינה אס,NL,מרבה עוגיות  37% שוקולד ציפס,גרמים,225.00,100 גרם,false,1,9.90,4.4000,true,1,4797
47800175477,false,רייטס רוטב מסקיט מעו,בי אנד גי,US,רייטס רוטב מסקיט מעושן מרוכז 103 מל,מיליליטרים,103.00,"100 מ""ל",false,1,13.90,13.4951,true,1,96012
47997130204,false,תערובת תיבול לסלמון,מגיק סיזנינג בלנד,US,תערובת תיבול לסלמון 198 גר,גרמים,198.00,100 גרם,false,1,22.90,11.5657,true,1,113154
49568010342,false,מיונז טבעוני 340 גרם,אריויה,,מיונז טבעוני 340 גרם,גרמים,340.00,100 גרם,false,1,23.90,7.0294,true,1,117228
50000100347,false,פריסקיז מעדני החתול,פורינה,US,פריסקיז מעדני החתול מועשר בחלב 1.4קג,קילוגרמים,1.40,"ק""ג",false,1,35.90,25.6429,true,1,30365
50000225224,false,פריסקיז פריים פילה ה,פורינה,US,פריסקיז פריים פילה הודו ברוטב 156 גר,גרמים,156.00,100 גרם,false,1,5.90,3.7821,true,1,140266
50000238910,false,פריסקיז פארטי מיקס א,פורינה,US,פריסקיז פארטי מיקס אוריגינל קראנץ10 60ג,גרמים,60.00,100 גרם,false,1,11.90,19.8333,true,1,158757
50000292592,true,פנסי פיסט סלמון ברוט,פורינה,US,פנסי פיסט סלמון ברוטב עשיר,גרמים,85.00,100 גרם,false,1,5.90,6.9412,true,1,124344
50000429042,false,מזון חתולים כבד מעוד,פורינה,US,מזון חתולים כבד מעודן ועוף פנסי פיסט 85,גרמים,85.00,100 גרם,false,1,5.90,6.9412,true,1,58598
50000429448,false,פנסי פיסט מוס סלמון,פורינה,US,פנסי פיסט מוס סלמון 85 גר,גרמים,85.00,100 גרם,false,1,5.90,6.9412,true,1,5206
50000434640,false,מזון חתולים לח נתחי,פורינה,US,מזון חתולים לח נתחי עוף פנסי פיסט 85 גרם,גרמים,85.00,100 גרם,false,1,5.90,6.9412,true,1,5208
50000445691,false,פריסקיז חתולים נתחי,פורינה,US,פריסקיז חתולים נתחי עוף וסלמון ברוטב,גרמים,156.00,100 גרם,false,1,5.90,3.7821,true,1,86107
50000574414,false,פריסקיז פארטי מיקס פ,פורינה,US,פריסקיז פארטי מיקס פיקניק קרנץ 59.500ג,גרמים,60.00,100 גרם,false,1,11.90,19.8333,true,1,158760
50000574438,false,פריסקיז פארטי מיקס מ,פורינה,US,פריסקיז פארטי מיקס מעדני ים קראנץ 60ג,גרמים,60.00,100 גרם,false,1,11.90,19.8333,true,1,158759
50000578238,false,פריסקיז פארטי מיקס ק,פורינה,US,פריסקיז פארטי מיקס קרייזי ציז 59.500ג,גרמים,60.00,100 גרם,false,1,11.90,19.8333,true,1,158761
50000578450,true,פנסי פיסט עוף ברוטב,פורינה,US,פנסי פיסט עוף ברוטב עשיר,גרמים,85.00,100 גרם,false,1,5.90,6.9412,true,1,132464
51500255162,false,JIF חמאת בוטנים 454,ג'י.אס.קיי קונסיומר,US,JIF חמאת בוטנים 454 גרם,גרמים,454.00,100 גרם,false,1,17.90,3.9427,true,1,155591
52100004488,false,פפריקה 60 גרם,מקרומיק,US,פפריקה 60 גרם,גרמים,60.00,100 גרם,false,1,21.90,36.5000,true,1,127304
52100005966,false,גבישי שום 85 גרם,מקרומיק,US,גבישי שום 85 גרם,גרמים,85.00,100 גרם,false,1,26.90,31.6471,true,1,127306
52100006260,false,אבקת שום 88 גרם,מקרומיק,US,אבקת שום 88 גרם,גרמים,88.00,100 גרם,false,1,26.90,30.5682,true,1,127307
52100029924,false,מקורמיק פלפל שחור טח,מקורמיק,US,מקורמיק פלפל שחור טחון טהור 43 גרם,גרמים,43.00,100 גרם,false,1,19.90,46.2791,true,1,158007
52100030043,false,פלפל שחור טחון גס 42,מקרומיק,US,פלפל שחור טחון גס 42 גרם,גרמים,42.00,100 גרם,false,1,19.90,47.3810,true,1,127303
52100030234,false,פלפל שחור 53 גרם,מקרומיק,US,פלפל שחור 53 גרם,גרמים,53.00,100 גרם,false,1,26.90,50.7547,true,1,127305
52100034898,false,תמצית ליים טהורה 29,מקורמיק,US,"תמצית ליים טהורה 29 מ""ל",מיליליטרים,29.00,"100 מ""ל",false,1,16.90,58.2759,true,1,149836
52100040806,false,מקורמיק תערובת שום ב,מקורמיק,US,"מקורמיק תערובת שום בצל פלפל שחור ומלח ים, 120 גרם",גרמים,120.00,100 גרם,false,1,25.90,21.5833,true,1,158009
52100041155,false,מקורמיק תערובת מלח ה,מקורמיק,US,"מקורמיק תערובת מלח הימלאיה ורוד פלפל שחור ושום, 18",גרמים,184.00,100 גרם,false,1,25.90,14.0761,true,1,158008
52100070780,false,תמצית תפוז טהורה 29,מקורמיק,US,"תמצית תפוז טהורה 29 מ""ל",מיליליטרים,29.00,"100 מ""ל",false,1,16.90,58.2759,true,1,149837
52100070827,false,תמצית בטעם רום 29 מל,יושלם,US,תמצית טעם רום,מיליליטרים,29.00,"100 מ""ל",false,1,10.90,37.5862,true,1,62130
52100070865,false,תמצית וניל טהור מקור,מקורמיק,US,תמצית וניל טהור מקורמיק 28 גרם,גרמים,28.00,100 גרם,false,1,29.90,106.7857,true,1,5536
52100136387,false,פלפל שום במטחנה,מקורמיק,FR,פלפל שום במטחנה 34 גרם,גרמים,34.00,100 גרם,false,1,19.90,58.5294,true,1,72998
52100746043,false,תערובת פלפלים במטחנה,מקורמיק,FR,תערובת פלפלים במטחנה 24 גרם,גרמים,24.00,100 גרם,false,1,17.90,74.5833,true,1,73004
55369901673,false,מחית אפרסק ללא סוכר,ליייהי אורצ'רדס,,מחית אפרסק ללא סוכר אפלסנקס רביעייה,גרמים,113.00,100 גרם,false,1,14.90,13.1858,true,1,63554
55369901703,false,מחית תות שדה ללא סוכ,ליייהי אורצ'רדס,,מחית תות שדה ללא סוכר אפלסנקס רביעייה,גרמים,113.00,100 גרם,false,1,14.90,13.1858,true,1,61704
55369902342,false,רסק תפוחי עץ אפלסנק,לייהי אורצרדס,CA,רסק תפוחי עץ אפלסנקס    680 גרם,גרמים,680.00,100 גרם,false,1,14.90,2.1912,true,1,93577
55369902557,false,מחית תפוחי עץ טבעי א,ליייהי אורצ'רדס,,מחית תפוחי עץ טבעי אפלסנקס רביעייה,גרמים,113.00,100 גרם,false,1,14.90,13.1858,true,1,60192
55369902564,false,מחית תפוחי עץ ללא סו,ליייהי אורצ'רדס,,מחית תפוחי עץ ללא סוכר אפלסנקס רביעייה,גרמים,113.00,100 גרם,false,1,14.90,13.1858,true,1,60193
55369903295,false,רסק תפוחי עץ ללא תוס,לייהי אורצרדס,CA,רסק תפוחי עץ ללא תוספת סוכר אפלסנקס 652,גרמים,452.00,100 גרם,false,1,14.90,3.2965,true,1,114280
57000009403,false,רוטב HP חום בקבוק 40,,,"רוטב HP חום בקבוק 400 מ""ל",מיליליטרים,400.00,"100 מ""ל",false,1,17.90,4.4750,true,1,60393
58449185048,false,טבעות מדגנים ואורז מ,ניישר פאט',US,טבעות מדגנים ואורז מלא ציטה צומפס אורגני,גרמים,284.00,100 גרם,false,1,28.90,10.1761,true,1,127574
58449450030,true,NATURS PATHדייסת מיי,נייצרס פת,US,NATURS PATHדייסת מייפל ואגוז לוז,גרמים,400.00,100 גרם,false,1,33.90,8.4750,true,1,32387
58449450047,false,NATURS PATHדייסת שיב,נייצר וואלי,,NATURS PATHדייסת שיבולת שועל תפוח קינמון,גרמים,400.00,100 גרם,false,1,33.90,8.4750,true,1,34131
58449602187,false,קורנפלקס דבש אורגני,,,קורנפלקס דבש אורגני 300 גרם,גרמים,300.00,100 גרם,false,1,28.90,9.6333,true,1,72876
58449620013,false,פצפוצי אורז מלא אורג,ויגרדן,US,פצפוצי אורז מלא אורגני ללס נייטצר פאט 170 גרם,גרמים,170.00,100 גרם,false,1,19.90,11.7059,true,1,152279
58449620044,false,פצפוצי חיטת קמוט אור,ויגרדן,US,פצפוצי חיטת קמוט אורגנית ללס נייטצר פאט 170 גרם,גרמים,170.00,100 גרם,false,1,19.90,11.7059,true,1,152280
58449770206,true,דגני הריטאג מולטיגרי,נייצרס פת,US,דגני הריטאג מולטיגריין 375גר,גרמים,375.00,100 גרם,false,1,28.90,7.7067,true,1,125927
58449771531,true,קרנצי מייפל לג,נייטשר פאת',US,קרנצי מייפל לג,גרמים,300.00,100 גרם,false,1,33.90,11.3000,true,1,125918
58449779032,true,טבעות תירס ואורז מלא,נייצרס פת,US,טבעות תירס ואורז מלא,גרמים,325.00,100 גרם,false,1,28.90,8.8923,true,1,72692
58449860013,false,דגני בוקר אמאזון אור,נייצר וואלי,,דגני בוקר אמאזון אורגני 400 גרם,גרמים,400.00,100 גרם,false,1,28.90,7.2250,true,1,25728
58449860020,false,דגני גורילה מאנצ אור,נייצר וואלי,,דגני גורילה מאנצ אורגני 284 גרם,גרמים,284.00,100 גרם,false,1,28.90,10.1761,true,1,34134
58449860037,false,דגני קואלה קריספ,נייטשר פאת',US,פצפוצי אורז מלא בטעם שוקולד 325 גרם,גרמים,325.00,100 גרם,false,1,28.90,8.8923,true,1,34135
58449860075,true,לאמור דגני שוקולד וח,נייצרס פת,US,לאמור דגני שוקולד וחמאת בוטנים 284גר,גרמים,284.00,100 גרם,false,1,28.90,10.1761,true,1,125919
58449870241,false,דגני  שוקו שימפס כדו,ניישר פאט',US,דגני  שוקו שימפס כדורוני תירס  קקאו ללג,גרמים,284.00,100 גרם,false,1,28.90,10.1761,true,1,152277
63517877145,false,פרנקיז חטיף אורגני ג,,CA,פרנקיז חטיף אורגני גבינת צדר עם אורז מלא,גרמים,113.00,100 גרם,false,1,19.90,17.6106,true,1,157055
63517877169,false,פרנקיז חטיף אורגני ב,,CA,פרנקיז חטיף אורגני ברביקיו עם אורז מלא ו,גרמים,113.00,100 גרם,false,1,19.90,17.6106,true,1,157057
64144090013,false,תרסיס PAM שמן חמאה 1,קונאגרה פודס,,"תרסיס PAM שמן חמאה 148 מ""ל",מיליליטרים,148.00,"100 מ""ל",false,1,18.90,12.7703,true,1,84810
64144090020,false,PAM תרסיס שמן זית 14,קונאגרה פודס,,"PAM תרסיס שמן זית 148 מ""ל",מיליליטרים,148.00,"100 מ""ל",false,1,18.90,12.7703,true,1,84815
64144090051,false,PAM תרסיס שמן קנולה,קונאגרה פודס,,"PAM תרסיס שמן קנולה 148 מ""ל",מיליליטרים,148.00,"100 מ""ל",false,1,18.90,12.7703,true,1,104725
70177077563,false,תה טווינינג ארל גריי,אר. טווינינגס אנד קו,PL,תה טווינינג ארל גריי 50 גרם,גרמים,50.00,100 גרם,false,1,18.90,37.8000,true,1,109861
70177077693,false,תה אינגליש טוונינג 5,אר. טווינינגס אנד קו,PL,1X12X50G אינגליש ברקפסט,גרמים,50.00,100 גרם,false,1,18.90,37.8000,true,1,110861
70177078775,true,תה ליידי,אר. טווינינגס אנד קו,PL,תה שחור בטעם הדרים,גרמים,50.00,100 גרם,false,1,18.90,37.8000,true,1,105567
70177086664,false,תה ירוק טהור 25 שק,טוינינג,GB,טווינינג תה ירוק טהור 25 שק,גרמים,50.00,100 גרם,false,1,21.90,43.8000,true,1,54572
70177173159,false,תה ירוק לימון 25 שקי,אר. טווינינגס אנד קו,PL,טווינינג תה ירוק לימון 25 שקיקים,גרמים,50.00,100 גרם,false,1,21.90,43.8000,true,1,125434
70177173203,false,תה ירוק מנטה 50 גרם,טוינינג,GB,טווינינג תה ירוק מנטה 25 שקיקים,גרמים,50.00,100 גרם,false,1,21.90,43.8000,true,1,125433
71570001667,false,גלי בלי סוכריות גלי,ג'לי בלי קינדי,TH,גלי בלי סוכריות גלי 20טעמים 70 גרם,גרמים,70.00,100 גרם,false,1,11.90,17.0000,true,1,145538
71570001841,false,גלי בלי סוכריות גליב,ג'לי בלי קינדי,TH,גלי בלי סוכריות גליבטעם חמוצים 70 גרם,גרמים,70.00,100 גרם,false,1,11.90,17.0000,true,1,145540
71570001858,false,גלי בלי סוכריות גליב,ג'לי בלי קינדי,TH,גלי בלי סוכריות גליבטעם פירות 70 גרם,גרמים,70.00,100 גרם,false,1,11.90,17.0000,true,1,145539
71570009762,false,גלי בלי בטעם מיקס טר,ג'לי בלי קינדי,TH,גלי בלי בטעם מיקס טרופי 70  גרם,גרמים,70.00,100 גרם,false,1,11.90,17.0000,true,1,159402
71570010119,false,גלי בלי בטעם דובדבן,ג'לי בלי קינדי,TH,גלי בלי בטעם דובדבן 70 גרם,גרמים,70.00,100 גרם,false,1,11.90,17.0000,true,1,159398
72600062290,false,חטיף בטעם מגבינה 198,הר פודס,US,חטיף גבינה חלפניו חריף 198 גרם,גרמים,198.00,100 גרם,false,1,26.90,13.5859,true,1,110837
72600062306,false,חטיף גבינה הר 198 גר,הר פודס,,חטיף גבינה הר 198 גרם,גרמים,198.00,100 גרם,false,1,26.90,13.5859,true,1,103398
72600062320,false,חטיף גבינה בטעם פיצה,הר פודס,,חטיף גבינה בטעם פיצה הר  198 גרם,גרמים,198.00,100 גרם,false,1,26.90,13.5859,true,1,110838
74261110334,false,רוטב סויה תמרי 1 ל,תמרי,,רוטב סויה תמרי 1 ל,ליטרים,1.00,ליטר,false,1,33.90,33.9000,true,1,15981
74299018060,true,הוט ויילס חמישיה,,,הוט ויילס חמישיה,יחידה,1.00,יחידה,false,1,59.90,59.9000,true,1,85599
74570024001,false,גלידת שמנת תות שדה 4,האגן דאז,,"גלידת שמנת תות שדה 473 מ""ל",מיליליטרים,473.00,"100 מ""ל",false,1,22.90,4.8414,true,1,9285
74570703890,false,גלידת שמנת פרלינים 4,האגן דאז,,"גלידת שמנת פרלינים 473 מ""ל",מיליליטרים,473.00,"100 מ""ל",false,1,22.90,4.8414,true,1,9290
75039007979,false,רוטב פסטה מריה בזילי,"מאכלי עולם ר.ז. בע""מ",,רוטב פסטה מריה בזיליקום 680 גרם,גרמים,680.00,100 גרם,false,1,19.90,2.9265,true,1,125876
75039008013,false,רוטב מריה לספגטי איט,גיוהבי פודס,,רוטב מריה לספגטי איטלקי 680  גרם,גרמים,680.00,100 גרם,false,1,19.90,2.9265,true,1,125875
75810001257,true,תמרי רוטב סויה אורגנ,,,תמרי רוטב סויה אורגנ,Unknown,0.00,Unknown,false,1,32.90,0.0000,true,1,127366
75810001356,true,תמרי רוטב סויה אורגנ,,,תמרי רוטב סויה אורגנ,Unknown,0.00,Unknown,false,1,54.90,0.0000,true,1,127367
75810021255,false,רוטב תמרי ללא גלוטן,סאן גיי אינטרנשיונל,,"רוטב תמרי ללא גלוטן סאן גיי 296 מ""ל",מיליליטרים,296.00,"100 מ""ל",false,1,29.90,10.1014,true,1,127368
75810021354,true,סאן גיי תמרי 1/12 59,,,סאן גיי תמרי 1/12 59,Unknown,0.00,Unknown,false,1,38.90,0.0000,true,1,127369
76840001767,false,גלידה בן&גרי wake &,מוצרי איכות אמריקאים,IL,"גלידה בן&גרי wake & no bake core 500 מ""ל",גרמים,500.00,100 גרם,false,1,23.90,4.7800,true,1,148495
76840001774,false,בצק עוגות שוקולד ציפ,מוצרי איכות אמריקאים,IL,"גלידה בן&גרי שוקולד צפס קור 500מ""ל",גרמים,500.00,100 גרם,false,1,23.90,4.7800,true,1,148494
76840002306,false,חטיף בצק עוגיות בן א,בן אנד גריס,US,חטיף בצק עוגיות בן אנד גריס 170גרם,גרמים,170.00,100 גרם,false,1,19.90,11.7059,true,1,154861
76840002351,false,"פיינט בן &גרי 500 מ""",בן & ג'ריס,IL,"פיינט בן &גרי 500 מ""לGimme smore",מיליליטרים,500.00,"100 מ""ל",false,1,23.90,4.7800,true,1,153938
76840002542,false,פיינט נטפליקס וצילד,מוצרי איכות אמריקאים,IL,פיינט נטפליקס וצילד,גרמים,500.00,100 גרם,false,1,23.90,4.7800,true,1,149485
76840100156,false,גלידה צרי גרסיה 500,מוצרי איכות אמריקאיי,,"גלידה צרי גרסיה 500 מ""ל",מיליליטרים,500.00,"100 מ""ל",false,1,23.90,4.7800,true,1,103866
76840100583,false,גלידה בצק עוגיות 473,מוצרי איכות אמריקאיי,,"גלידה בצק עוגיות 473 מ""ל",מיליליטרים,473.00,"100 מ""ל",false,1,23.90,5.0529,true,1,69005
76840100811,false,גלידה חמאת בוטנים 47,מוצרי איכות אמריקאיי,,"גלידה חמאת בוטנים 473 מ""ל",מיליליטרים,473.00,"100 מ""ל",false,1,23.90,5.0529,true,1,90559
76840100989,false,גלידת שוקולד עם מרשמ,בן & ג'ריס,IL,גלידת שוקולד עם מרשמלו קרמל וחתיכות פאדג,מיליליטרים,473.00,"100 מ""ל",false,1,23.90,5.0529,true,1,64272
76840400027,false,"גלידה שוקולד 500 מ""ל",מוצרי איכות אמריקאיי,,"גלידה שוקולד 500 מ""ל",מיליליטרים,500.00,"100 מ""ל",false,1,23.90,4.7800,true,1,9345
76840400218,false,גלידה עוגת גבינה ותו,מוצרי איכות אמריקאיי,,"גלידה עוגת גבינה ותות שדה 473 מ""ל",מיליליטרים,473.00,"100 מ""ל",false,1,23.90,5.0529,true,1,97318
76840620029,false,"גלידה תות שדה 500 מ""",מוצרי איכות אמריקאיי,,"גלידה תות שדה 500 מ""ל",מיליליטרים,500.00,"100 מ""ל",false,1,23.90,4.7800,true,1,9347
76840620036,false,גלידה שוקולד ציפס וב,מוצרי איכות אמריקאים,,גלידה שוקולד ציפס ובראוניס עם בצק 500 מל,גרמים,500.00,100 גרם,false,1,23.90,4.7800,true,1,122447
77245110610,false,סוכריות מאסט מנטה לל,MIESZKO S.A - MS. JO,,סוכריות מאסט מנטה ללא סוכר 80 גרם,גרמים,80.00,100 גרם,false,1,8.90,11.1250,true,1,14248
77343000233,false,נרות חימום אורה 50,מנורה,IL,נרות חימום אורה 50,יחידה,1.00,יחידה,false,1,12.90,12.9000,true,1,115280
77975022757,false,סנידרס בייגל אמריקאי,סניידרס,,סנידרס בייגל אמריקאי,גרמים,382.00,100 גרם,false,1,18.90,4.9476,true,1,54725
77975036976,false,מטבל עגבניות בחריפות,סניידרס,,מטבל עגבניות בחריפות מעודנת 439 גרם,גרמים,439.00,100 גרם,false,1,16.90,3.8497,true,1,115420
77975091975,false,סניידרס סנדוויץ בייג,סניידרס,US,סניידרס סנדוויץ בייגלה במילוי קרם בטעם,יחידה,1.00,יחידה,false,1,17.90,17.9000,true,1,146033
77975094624,false,שברי בייגלה סניידרס,סניידרס,US,שברי בייגלה סניידרס חמאת בוטנים 283 גרם,גרמים,284.00,100 גרם,false,1,17.90,6.3028,true,1,150548
77975094631,false,בייגלה סניידרס סנדבי,סיינדרס,,"בייגלה סניידרס סנדביץ גבינה צ""דר 226 גרם",גרמים,226.00,100 גרם,false,1,17.90,7.9204,true,1,150547
77975094761,false,סניידרס בטעם צדר 340,סניידרס,US,סניידרס בטעם צדר 340 גרם,גרמים,340.00,100 גרם,false,1,17.90,5.2647,true,1,153054
77975094778,false,סניידרס דבש חרדל ובצ,סניידרס,US,סניידרס דבש חרדל ובצל 340 גרם,גרמים,340.00,100 גרם,false,1,17.90,5.2647,true,1,153512
77975095133,false,סניידרס שברי בייגלה,סניידרס,US,סניידרס שברי בייגלה בטעם פיקנטי 319 גרם,גרמים,319.00,100 גרם,false,1,17.90,5.6113,true,1,160514
77975095157,false,בייגלה סניידרס חלפינ,סניידרס,,בייגלה סניידרס חלפיניו 318גרם,גרמים,318.00,100 גרם,false,1,17.90,5.6289,true,1,158109
77975095164,false,סניידרס שברי בייגלה,סניידרס,US,סניידרס שברי בייגלה בטעם פרמזן שום 318,גרמים,318.00,100 גרם,false,1,19.90,6.2579,true,1,160513
79927110116,false,יוניק פרצל בייגלה ספ,יוניק פרצל בייקרי,US,יוניק פרצל בייגלה ספליטס אוריגינל 312גרם,גרמים,312.00,100 גרם,false,1,22.90,7.3397,true,1,127114
80432402931,false,וויסקי שיבאס ריגאל,"איי, בי, אינבוו",GB,"וויסקי סקוטי, שיבאס ריגאל 12 שנה, 700 מ''ל",מיליליטרים,700.00,"100 מ""ל",false,1,139.90,19.9857,true,1,102181
80518532743,false,שקית בלון 50 בלונים,NORTHERN,,שקית בלון 50 בלונים,מיליליטרים,0.00,"100 מ""ל",false,1,15.90,0.0000,true,1,9830
80518532897,false,10 בלונים נקניק,יושלם,,בלוני דיסני                        10 X,Unknown,0.00,Unknown,false,1,5.90,0.0000,true,1,9833
84213017420,false,מיסלי אורגני אגוזים,מסטמכר,DE,מיסלי אורגני אגוזים וצימוקים 500 גרם,גרמים,500.00,100 גרם,false,1,19.90,3.9800,true,1,10274
84213017475,false,מיסלי אורגני עם פירו,מסטמכר,,מיסלי אורגני עם פירות יבשים 500 גרם,גרמים,500.00,100 גרם,false,1,20.90,4.1800,true,1,10275
84380422133,false,וודקה פרבדה ליטר,jobert polska,PL,וודקה פרבדה  1 ליטר,ליטרים,1.00,ליטר,false,1,139.90,139.9000,true,1,93201
85156515417,false,וודקה קטל וואן בקבוק,DIAGEO,,"וודקה קטל וואן בקבוק 750 מ""ל",מיליליטרים,750.00,"100 מ""ל",false,1,124.90,16.6533,true,1,101123
85696607207,false,טופו מרינו 340 גר,פסיפיק נוטרישונל פוד,,טופו מרינו 340 גרם,גרמים,340.00,100 גרם,false,1,12.90,3.7941,true,1,102355
85696608044,false,טופו ללא גלוטן 349 ג,Morinaga NUTRITIONAL,US,טופו ללא גלוטן מרינו 340  גרם,גרמים,340.00,100 גרם,false,1,12.90,3.7941,true,1,102378
87000006928,false,"קפטן מורגן 700 מ""ל ש",DIAGEO,,"קפטן מורגן 700 מ""ל שחור",מיליליטרים,700.00,"100 מ""ל",false,1,114.90,16.4143,true,1,123471
93133675030,true,רוטב בוטנים בסגנון ת,,,רוטב בוטנים בסגנון תאילנדי 566 גרם,גרמים,566.00,100 גרם,false,1,39.90,7.0495,true,1,128756
93133737325,false,מייקי רוטב טריאקי שו,קיוטה קיצ'ן,US,מייקי רוטב טריאקי שומשום 566 גרם,מיליליטרים,566.00,"100 מ""ל",false,1,37.90,6.6961,true,1,76347
96086000003,true,קיטו מיני גריסיני 20,מצות אביב,IL,קיטו מיני גריסיני 200גרם,גרמים,200.00,100 גרם,false,1,22.90,11.4500,true,1,156179
96086000218,true,אגוזי לוז מצופים שוק,,,אגוזי לוז מצופים שוק,,0.00,,false,,24.90,0.0000,true,1,159445
96086000409,true,צימיצורי קיטו 185 גר,,,צימיצורי קיטו 185 גר,,0.00,,false,,32.90,0.0000,true,1,159196
96086000416,true,ממרח ארטישוק קיטו 18,,,ממרח ארטישוק קיטו 18,,0.00,,false,,32.90,0.0000,true,1,159122
96086000423,true,טפנד זיתים שחורים קי,,,טפנד זיתים שחורים קי,,0.00,,false,,32.90,0.0000,true,1,159121
96086000546,false,עוגיות גרנולה אורגני,מצות אביב,IL,עוגיות גרנולה אורגניות מקמח כוסמין מלא,גרמים,200.00,100 גרם,false,1,11.90,5.9500,true,1,84941
96086000560,false,קרקר חמישה דגנים אור,מצות אביב,IL,קרקר חמישה דגנים אורגני,גרמים,200.00,100 גרם,false,1,12.90,6.4500,true,1,81197
96086000584,false,קרקר שיפון אורגני,מצות אביב,IL,קרקר שיפון אורגני,גרמים,200.00,100 גרם,false,1,12.90,6.4500,true,1,81196
96086000720,true,קרקר כוסמין ושומשום,מצות אביב,IL,קרקר כוסמין ושומשום אורגני ללא מלח,גרמים,200.00,100 גרם,false,1,12.90,6.4500,true,1,11989
96086000829,false,קיטו שף נודלס מלבבות,אנדוסטריה,EC,קיטו שף נודלס מלבבות דקל 255גרם,גרמים,255.00,100 גרם,false,1,23.90,9.3725,true,1,157740
96086000898,true,ממרח קיטושף קקאו אגו,פון בק,IL,ממרח קיטושף קקאו אגוזים 200גרם,גרמים,200.00,100 גרם,false,1,36.90,18.4500,true,1,156180
96086000966,false,קרקר כוסמין מלא ושומ,מצות אביב,IL,קרקר כוסמין מלא ושומשום,גרמים,1.00,100 גרם,false,1,12.90,1290.0000,true,1,109117
96086001048,true,עוגיות קיטו שף  קקאו,מצות אביב,IL,עוגיות קיטו שף  קקאו אגוזים200גרם,גרמים,200.00,100 גרם,false,1,25.90,12.9500,true,1,156194
96086001079,false,עוגיות קיטו שף שקדים,מצות אביב,IL,עוגיות קיטו שף שקדים ואגוזי לוז 200גרם,גרמים,200.00,100 גרם,false,1,26.90,13.4500,true,1,156182
96086001512,false,עוגיות קלות אביבה לל,מצות אביב,IL,עוגיות קלות אביבה ללא סוכר בטעם לימון,גרמים,200.00,100 גרם,false,1,14.90,7.4500,true,1,74639
96086001529,false,עוגיות קלות אביבה לל,מצות אביב,IL,עוגיות קלות אביבה ללא סוכר בטעם קפוצינו,גרמים,200.00,100 גרם,false,1,14.90,7.4500,true,1,74640
96086001789,true,קרקר ביס כוסמין מלא,מצות אביב,IL,קרקר ביס כוסמין מלא אורגני,גרמים,150.00,100 גרם,false,1,12.90,8.6000,true,1,126933
96086001796,true,קרקר ביס כוסמין מלא,מצות אביב,IL,קרקר ביס כוסמין מלא ושומשום אורגני,גרמים,150.00,100 גרם,false,1,12.90,8.6000,true,1,126934
305210256712,false,וזלין מיני לשפתיים א,"יוניליוור ג'ונסבורו,",US,וזלין  מיני לשפתיים אורגינל 7 גרם,יחידה,1.00,יחידה,false,1,14.90,14.9000,true,1,152223
305210416383,true,וזלין קרם גוף לגבר 6,"יוניליוור, ג'פרסון ס",US,VASELINE עור הידיים והגוף 600 ML,מיליליטרים,600.00,"100 מ""ל",false,1,27.90,4.6500,true,1,126264
305213079004,true,וזלין תחליב גוף צהוב,"יוניליוור, ג'פרסון ס",US,וזלין תחליב גוף להזנה עמוקה 600 מל,מיליליטרים,600.00,"100 מ""ל",false,1,29.90,4.9833,true,1,126275
400685659147,true,גומיות משרדי גודל 30,,,גומיות משרדי גודל 30,,0.00,,false,,7.90,0.0000,true,1,160622
413900010558,false,רוטב סויה קיקומן ליי,קיקומן פודז אינק,,"רוטב סויה קיקומן לייט 296 מ""ל",מיליליטרים,296.00,"100 מ""ל",false,1,22.90,7.7365,true,1,4341
608614327836,false,פריכיות כוסמת בתוספת,זן,IL,פריכיות כוסמת בתוספת כורכום,גרמים,135.00,100 גרם,false,1,10.90,8.0741,true,1,128644
611745301514,false,פריכיות כוסמת ספירול,זן בר המכללה לטבעונו,IL,פריכיות כוסמת ספירולינה,גרמים,135.00,100 גרם,false,1,10.90,8.0741,true,1,128479
613008742348,false,אריזונה גנסנג ודבש ב,"נטורלה גטרנק בע""מ",DE,אריזונה גנסנג ודבש בקבוק 1 ליטר,ליטרים,1.00,ליטר,false,1,12.90,12.9000,true,1,149745
613008742409,false,אריזונה אפרסק בקבוק,"נטורלה גטרנק בע""מ",DE,אריזונה אפרסק בקבוק 1 ליטר,ליטרים,1.00,ליטר,false,1,12.90,12.9000,true,1,149744
613008753290,false,אריזונה אפרסק 450 מל,לני אנד לארי,BG,אריזונה אפרסק 450 מל,מיליליטרים,450.00,"100 מ""ל",false,1,8.50,1.8889,true,1,129447
613008753320,false,אריזונה גינסנג ודבש,לני אנד לארי,BG,אריזונה גינסנג ודבש 450 מל,מיליליטרים,450.00,"100 מ""ל",false,1,8.50,1.8889,true,1,129448
613008753382,false,אריזונה אוכמניות 450,לני אנד לארי,BG,אריזונה אוכמניות 450 מל,מיליליטרים,450.00,"100 מ""ל",false,1,8.50,1.8889,true,1,129446
613008755461,false,אריזונה אוכמניות בקב,"נטורלה גטרנק בע""מ",DE,אריזונה אוכמניות בקבוק 1 ליטר,ליטרים,1.00,ליטר,false,1,12.90,12.9000,true,1,149743
628154383659,false,POST דגני פרוטי פבלס,PO קוד יצרן,PL,POST דגני פרוטי פבלס  בטעם פירות 311 גרם,גרמים,311.00,100 גרם,false,1,23.90,7.6849,true,1,158955
633824111838,false,וודקה ואן גוך אננס ב,מזקקת דירקזוואכר סכי,,"וודקה ואן גוך אננס בקבוק 750 מ""ל",מיליליטרים,750.00,"100 מ""ל",false,1,149.90,19.9867,true,1,120250
633824913432,false,וודקה ואן גוך אסאי ב,מזקקת דירקזוואכר סכי,,"וודקה ואן גוך אסאי בלוברי בקבוק 750 מ""ל",מיליליטרים,750.00,"100 מ""ל",false,1,149.90,19.9867,true,1,94138
638102201010,false,חטיף זון קלאסיק שוקו,"אבוט נוטרישן, מעבדות",US,חטיף זון קלאסיק שוקולד חמאת בוטנים,גרמים,50.00,100 גרם,false,1,12.90,25.8000,true,1,118804
638102203090,false,זון פאדג,"אבוט נוטרישן, מעבדות",US,זון פאדג,Unknown,0.00,Unknown,false,1,12.90,0.0000,true,1,24681
638102532817,false,חטיף זון דאבל שוקולד,"אבוט נוטרישן, מעבדות",US,חטיף זון דאבל שוקולד,גרמים,50.00,100 גרם,false,1,12.90,25.8000,true,1,118802
638102582737,false,חטיף זון קלאסיק רול,"אבוט נוטרישן, מעבדות",US,חטיף זון קלאסיק רול קינמון,גרמים,50.00,100 גרם,false,1,12.90,25.8000,true,1,120406
639138513238,false,פילה הרינג מעושן  19,רוג'ין פיש,,פילה הרינג מעושן  190 גרם,גרמים,190.00,100 גרם,false,1,14.90,7.8421,true,1,41024
644209405923,false,דנקן היינס ציפוי מוק,רוזקםבייקינג קומפני,US,דנקן היינס ציפוי מוקצף וניל 397 גרם,גרמים,397.00,100 גרם,false,1,19.90,5.0126,true,1,128100
644209405930,false,דנקן היינס ציפוי מוק,רוזקםבייקינג קומפני,US,דנקן היינס ציפוי מוקצף שוקולד 397 גרם,גרמים,397.00,100 גרם,false,1,19.90,5.0126,true,1,128101
645173911038,false,מלפפון קורנישון תומר,קלמן אינדיה,,מלפפון קורנישון תומר 670 גרם,גרמים,670.00,100 גרם,false,1,9.90,1.4776,true,1,119709
645692556017,false,עוגיות יין מצופה 300,מולינו ניקולי s.p.a,IL,עוגיות יין מצופה 300 גר,גרמים,300.00,100 גרם,false,1,8.90,2.9667,true,1,53437
649660432020,false,שזיפים מיובשים מגולע,"היל ויו בע""מ",,שזיפים מיובשים מגולענים 567 גרם,גרמים,567.00,100 גרם,false,1,31.90,5.6261,true,1,113227
651080153515,false,פלקרס פלוסר חוט דנטל,JORDAN,,פלקרס פלוסר חוט דנטלי לילדים,לא מנהל יחידת מידה,0.00,לא מנהל יחידת מידה,false,1,12.80,0.0000,true,1,122422
651080161510,false,קיסמים לשיניים פלאקר,מיוצר עי קונדיטוריית,CN,"פלקרס קיסם עם חוט, 35 יחידות",יחידה,1.00,יחידה,false,1,11.90,11.9000,true,1,121244
651080647519,false,קיסמים לשיניים פלאקר,המאפיה של הרמן,US,פלאקרס פלוסר חוט דנטלי ירוק -מנטה,יחידה,1.00,יחידה,false,1,11.90,11.9000,true,1,121245
653694000117,false,רוטב AH חזרת 454 גרם,GALLO,US,רוטב AH חזרת 454 גרם,גרמים,454.00,100 גרם,false,1,21.90,4.8238,true,1,150222
675684915126,false,סירופ מייפל טהור תבו,,,סירופ מייפל טהור תבואות,יחידה,1.00,יחידה,false,1,33.90,33.9000,true,1,73172
675684915133,false,סירופ מייפל טהור,,,סירופ מייפל טהור,יחידה,1.00,יחידה,false,1,33.90,33.9000,true,1,76923
686412282984,false,טונה לבנה בשמן זית (,אורטיז,ES,טונה לבנה בשמן זית (צנצנת)220 גרם ORTIZ,גרמים,220.00,100 גרם,false,1,41.90,19.0455,true,1,150677
693493010788,false,נאצוס בטעם ברביקיו 2,או. קיי סניקס,DK,נאצוס בטעם ברביקיו 200 גרם,גרמים,200.00,100 גרם,false,1,13.90,6.9500,true,1,159288
693493010818,false,נאצוס בטעם טבעי 200,או. קיי סניקס,DK,נאצוס בטעם טבעי 200 גרם,גרמים,200.00,100 גרם,false,1,13.90,6.9500,true,1,159289
693493054997,false,עוגיות מקרון מארז 9,נטלי פלוס בעמ,IL,עוגיות מקרון מארז 9 יח מעורב חלבי 144 גר,גרמים,144.00,100 גרם,false,1,50.00,34.7222,true,1,156239
693493055680,false,גליליות גוני במילוי,"נטלי פלוס בע""מ",IL,גליליות גוני במילוי קרם וניל אישי חלבי,גרמים,0.00,100 גרם,false,1,25.00,0.0000,true,1,156240
693493075350,false,עוגיות זיו מרטה 250ג,זיו,IL,עוגיות זיו מרטה 250גרם,גרמים,250.00,100 גרם,false,1,34.90,13.9600,true,1,158081
693493075411,false,עוגיות זיו צנים פירו,זיו,IL,עוגיות זיו צנים פירות ללס 200גרם,גרמים,200.00,100 גרם,false,1,34.90,17.4500,true,1,158087
693493075442,false,עוגיות זיו שוקוציפס,זיו,IL,עוגיות זיו שוקוציפס ללס 220גרם,גרמים,220.00,100 גרם,false,1,34.90,15.8636,true,1,158088
693493075459,false,עוגיות זיו אלפחורס ל,זיו,IL,עוגיות זיו אלפחורס ללס 320 גרם,גרמים,320.00,100 גרם,false,1,34.90,10.9062,true,1,158089
693493075466,false,עוגיות זיו נשנושיות,זיו,IL,עוגיות זיו נשנושיות ללס 220 גרם,גרמים,220.00,100 גרם,false,1,34.90,15.8636,true,1,158090
693493075497,false,עוגיות זיו דיסקיות צ,זיו,IL,עוגיות זיו דיסקיות צומה 250גרם,גרמים,250.00,100 גרם,false,1,34.90,13.9600,true,1,158092
693493075510,false,עוגיות זיו שילגיות 2,זיו,IL,עוגיות זיו שילגיות 250גרם,גרמים,250.00,100 גרם,false,1,34.90,13.9600,true,1,158093
693493075534,false,עוגיות זיו אצבעות שק,זיו,IL,עוגיות זיו אצבעות שקדים 270גרם,גרמים,270.00,100 גרם,false,1,34.90,12.9259,true,1,158095
693493075541,false,עוגיות זיו דיקליות 2,זיו,IL,עוגיות זיו דיקליות 250גרם,גרמים,250.00,100 גרם,false,1,34.90,13.9600,true,1,158096
693493075602,false,עוגיות זיו חטיף שוקו,זיו,IL,עוגיות זיו חטיף שוקולד טבעוני 220גרם,גרמים,220.00,100 גרם,false,1,34.90,15.8636,true,1,158100
693493075619,false,עוגיות זיו כדורי תמר,זיו,IL,עוגיות זיו כדורי תמרים טבעוני 350גרם,גרמים,350.00,100 גרם,false,1,34.90,9.9714,true,1,158101
693493075640,false,עוגיות זיו בראוניז 3,זיו,IL,עוגיות זיו בראוניז 300גרם,גרמים,300.00,100 גרם,false,1,34.90,11.6333,true,1,153985
693493075695,false,עוגיות זיו אלפחורס 3,זיו,IL,עוגיות זיו אלפחורס 320גרם,גרמים,320.00,100 גרם,false,1,34.90,10.9062,true,1,158105
693493075701,false,עוגיות זיו פרחי ריבה,זיו,IL,עוגיות זיו פרחי ריבה 270גרם,גרמים,270.00,100 גרם,false,1,34.90,12.9259,true,1,158106
693493075725,false,עוגיות זיו שושנים 22,זיו,IL,עוגיות זיו שושנים 220גרם,גרמים,220.00,100 גרם,false,1,34.90,15.8636,true,1,158107
698929000395,false,גין מרטין מילרס קלאס,,GB,"גין מרטין מילרס קלאסיק   700 מ""ל",מיליליטרים,700.00,"100 מ""ל",false,1,159.90,22.8429,true,1,145713
720516010712,false,תערובת להכנת פנקייק,אורגרן,AU,תערובת להכנת פנקייק כוסמת 375 גרם אורגרן,גרמים,375.00,100 גרם,false,1,24.90,6.6400,true,1,156353
728229123590,false,טרה ירקות בטעם טבעי,הונדורס צ'יפס יצור א,HN,טרה חטיף על בסיס ירקות שורש בטעם טבעי 110 גרם,גרמים,110.00,100 גרם,false,1,14.90,13.5455,true,1,36817
728229123613,false,טרה תפוא כחול טבעי 1,היין סלסטיאל גרופ,US,טרה חטיף על בסיס תפוח אדמה כחול בטעם טבעי 110 גרם,גרמים,110.00,100 גרם,false,1,14.90,13.5455,true,1,36818
728229123811,false,טרה ירקות ים תיכוני,הונדורס צ'יפס יצור א,HN,טרה ירקות ים תיכוני 110 גרם,גרמים,110.00,100 גרם,false,1,14.90,13.5455,true,1,36819
728229124771,false,טרה בטטה טעם ברביקיו,היין פיוצ'ור נטורל פ,IN,טרה חטיף על בסיס בטטה בטעם ברביקיו 110 גרם,גרמים,110.00,100 גרם,false,1,14.90,13.5455,true,1,115159
728229130154,false,טרה בטטה וסלק טבעי 1,הונדורס צ'יפס יצור א,HN,טרה חטיף על בסיס בטטה וסלק בטעם טבעי 110 גרם,גרמים,110.00,100 גרם,false,1,14.90,13.5455,true,1,62434
728229130444,false,טרה ירק תפוא כחול סל,היין סלסטיאל גרופ,US,טרה ירק תפוא כחול סלק  110 גרם,גרמים,110.00,100 גרם,false,1,14.90,13.5455,true,1,69871
729005302090,false,קישקע הונגרי,קצביית פרימיום,IL,קישקע הונגרי,גרמים,500.00,100 גרם,false,1,24.90,4.9800,true,1,156791
729612380033,false,וופל גלילית בולירו,יושלם,,וופל גלילית בולירו,גרמים,400.00,100 גרם,false,1,20.90,5.2250,true,1,76781
729612383034,true,וופל גלילית בולירו ל,,,וופל גלילית בולירו לימון,גרמים,400.00,100 גרם,false,1,20.90,5.2250,true,1,80291
732494003099,false,קרטורס פופקורן נטיפי,carlsberg supply com,US,קרטורס פופקורן נטיפי שוקולד,גרמים,156.00,100 גרם,false,1,26.90,17.2436,true,1,158459
737655708613,true,תמר במילוי אגוזים 25,,,תמר במילוי אגוזים 25,,0.00,,false,,19.90,0.0000,true,1,160017
737655708615,true,תמר במילוי אגוזים 25,,,תמר במילוי אגוזים 25,,0.00,,false,,19.90,0.0000,true,1,160103
753182231761,false,משקה אנרגיה BLU ללא,אקו - ביט,PL,בלו משקה אנרגיה מוגז 250 מל,מיליליטרים,250.00,"100 מ""ל",false,1,5.00,2.0000,true,1,69245
753656701271,false,תינק בטעם בראוניס 60,תינק,US,תינק בטעם בראוניס 60 גרם,גרמים,60.00,100 גרם,false,1,17.90,29.8333,true,1,152009
761720051108,false,סירופ תירס בהיר,קארו,,סירופ תירס בהיר,Unknown,0.00,Unknown,false,1,34.90,0.0000,true,1,73457
768404001640,false,"גלידה קפה 500 מ""ל",מוצרי איכות אמריקאיי,,"פיינט בטעם קפה בן אנד גרי 500 מ""ל",מיליליטרים,500.00,"100 מ""ל",false,1,23.90,4.7800,true,1,58790
769904000997,false,שקדי מרק ללא גלוטן 2,משובח תעשיות בעמ,IL,שקדי מרק,גרמים,200.00,100 גרם,false,1,15.90,7.9500,true,1,74561
769904001208,false,ציפוי לשניצל,,,ציפוי לשניצל 150 גרם כשלפ,גרמים,150.00,100 גרם,false,1,14.90,9.9333,true,1,119372
770009011924,false,ניירות אפיה מנייר100,Source Atlantique,IL,"ניירות אפיה מנייר, 100% טבעי",לא מנהל יחידת מידה,0.00,לא מנהל יחידת מידה,false,1,22.90,0.0000,true,1,147362
770009250262,false,שקיות אוכל מנייר 100,Source Atlantic,IL,שקיות אוכל מנייר,לא מנהל יחידת מידה,0.00,לא מנהל יחידת מידה,false,1,22.90,0.0000,true,1,147648
770009260018,false,אורגניק זון -רדיד אל,Source Atlantique,US,אורגניק זון -רדיד אלומיניום ממוחזר,לא מנהל יחידת מידה,0.00,לא מנהל יחידת מידה,false,1,22.90,0.0000,true,1,147363
777034009681,false,ליקריץ אולסורס,,,ליקריץ אולסורס,גרמים,250.00,100 גרם,false,1,14.90,5.9600,true,1,109872
807259411027,false,שבלונות ומערוך לבצק,,,שבלונות ומערוך לבצק,יחידה,1.00,יחידה,false,1,19.90,19.9000,true,1,150817
818570007066,false,תמצית וניל טהור וטקי,"ג'יי אר ווטקינס בע""מ",US,סידס תמצית מוניל טהור עם פולי וניל ממדגסקר 29 מל,מיליליטרים,29.00,"100 מ""ל",false,1,30.90,106.5517,true,1,121308
819046000086,false,אינקה ציפס בטטה ללא,אינקה קורפ אס.אי.אל,PE,אינקה ציפס בטטה ללא גלוטן 142 גרם,גרמים,142.00,100 גרם,false,1,19.90,14.0141,true,1,116782
833949000264,false,סירופ מייפל אורגני 3,כפרי בריא,CA,סירופ מייפל אורגני 330 גרם,גרמים,330.00,100 גרם,false,1,34.90,10.5758,true,1,84654
835811000297,false,כוסות שתייה חמה קרטו,אכיף,IL,כוסות שתייה חמה קרטון הנמל 50 יח,יחידה,1.00,יחידה,false,1,16.90,16.9000,true,1,147847
835811001232,false,הנמל נייר אפייה עגול,האנג טונג,CN,הנמל נייר אפייה עגול קוטר 26 10יח,יחידה,1.00,יחידה,false,1,11.90,11.9000,true,1,151791
835811001652,false,כוס לשתיה קרה 330 סמ,,TR,כוס לשתיה קרה 330 סמק 40 יח,מיליליטרים,330.00,"100 מ""ל",false,1,9.90,3.0000,true,1,111889
835811001676,false,מגש הכסף תבנית מלבן,,IL,מגש הכסף תבנית מלבן  גדול 9 יח`,יחידה,1.00,יחידה,false,1,11.90,11.9000,true,1,112864
835811001829,true,מגש מרובע שקוף ונציה,בי רייט,CN,מגש מרובע שקוף ונציה 30.5X30.5,לא מנהל יחידת מידה,0.01,לא מנהל יחידת מידה,false,1,11.90,1190.0000,true,1,105531
835811001843,true,מגש אינגליש קייק שקו,בי רייט,CN,מגש אינגליש קייק שקוף  ונציה  37X17 סמ 1,לא מנהל יחידת מידה,0.01,לא מנהל יחידת מידה,false,1,6.90,690.0000,true,1,105530
835811002413,false,מפת רנר גליל כסף,"איטיליאן פוד, אס.פי.",IL,מפת שולחן אלבד עם רנר כסף מודפס  בגליל 16 מ`,יחידה,1.00,יחידה,false,1,37.90,37.9000,true,1,113803
835811003700,false,סודה לשתיה 250 גר,"פוליבה בע""מ",IL,הנמל סודה לשתיה 250 גר`,גרמים,250.00,100 גרם,false,1,6.90,2.7600,true,1,149357
835811004226,false,מפת ניילון  בגליל  4,,IL,מפת ניילון  בגליל  45 מ`,יחידה,1.00,יחידה,false,1,37.90,37.9000,true,1,125550
835811004424,false,חלב מרוכז,פוליבה בעמ,IL,הנמל חלב מרוכז 340 גרם,גרמים,340.00,100 גרם,false,1,13.90,4.0882,true,1,146095
835811004455,false,קישקשים מנייר  125,הנג טונג,CN,קישקשים מנייר  125  יח` צבעוני פי.וי.סי,לא מנהל יחידת מידה,0.00,לא מנהל יחידת מידה,false,1,8.90,0.0000,true,1,146578
835811004509,false,קערה  פסים גדולה לסל,,CN,קערה  פסים גדולה לסלט ענק 2500,יחידה,1.00,יחידה,false,1,8.90,8.9000,true,1,126867
835811004516,false,קערה  פסים לסלט קטנה,,CN,קערה  פסים לסלט קטנה עגולה 950 מל 1 יח`,יחידה,1.00,יחידה,false,1,5.90,5.9000,true,1,126868
835811005018,false,כוס קריסטל יהלום 50,,TR,כוס קריסטל יהלום 50 יח`,Unknown,0.00,Unknown,false,1,15.90,0.0000,true,1,68143
835811005049,false,נייר אפיה 40  יח` מת,"איטיליאן פוד, אס.פי.",IL,נייר אפיה 40  יח` מתכלה ירוק  נשלף אחד א,Unknown,0.00,Unknown,false,1,12.90,0.0000,true,1,69209
835811005193,false,מגש עגול פסים 14 אינ,הנג טונג,CN,מגש עגול פסים 14 אינג 1 יח`,יחידה,1.00,יחידה,false,1,11.90,11.9000,true,1,83571
835811005209,false,מגש עגול פסים 12 אינ,הנג טונג,CN,מגש עגול פסים 12 אינג 1 יח`,יחידה,1.00,יחידה,false,1,5.90,5.9000,true,1,83324
835811005407,false,קפה לדרך ענק 12יח  +,הנג טונג,CN,קפה לדרך ענק 12יח  + מכסה  12 או,יחידה,1.00,יחידה,false,1,17.90,17.9000,true,1,81687
835811005810,false,מגש הכסף תבנית מרובע,,IL,מגש הכסף תבנית מרובע קטן +מכסה,לא מנהל יחידת מידה,0.00,לא מנהל יחידת מידה,false,1,11.90,0.0000,true,1,90989
835811005933,false,תבנית אלומיניום ענק,ווינפאק,,תבנית אלומיניום ענק 5 יחידות,לא מנהל יחידת מידה,0.00,לא מנהל יחידת מידה,false,1,12.90,0.0000,true,1,90438
835811005940,false,מגש הכסף תבנית אלומ`,,IL,מגש הכסף תבנית אלומ` גדולה + מכסה 8 יח`,יחידה,1.00,יחידה,false,1,11.90,11.9000,true,1,87879
835811005957,false,מגש הכסף תבנית אלומ`,כלורוקס אוקלנד,IL,"הנמל תבנית אלומניום מלבנית, 8 יחידות",לא מנהל יחידת מידה,0.00,לא מנהל יחידת מידה,false,1,11.90,0.0000,true,1,88796
835811005964,false,תבנית אלומיניום אינג,ווינפאק,,תבנית אלומיניום אינגליש 20 יחידות,לא מנהל יחידת מידה,0.00,לא מנהל יחידת מידה,false,1,12.90,0.0000,true,1,88452
835811006435,false,תבנית אלומיניום מלבנ,,IL,תבנית אלומיניום מלבנית עמוקה,Unknown,0.00,Unknown,false,1,11.90,0.0000,true,1,97365
835811006497,false,אבקת סוכר הנמל 500 ג,ר.ס. חברה ליבוא וייצ,IL,הנמל אבקת סוכר 500 גרם,גרמים,500.00,100 גרם,false,1,7.90,1.5800,true,1,111023
835811006503,false,צלחת זהב + תחרה,,IL,צלחת זהב + תחרה,Unknown,0.00,Unknown,false,1,14.90,0.0000,true,1,94887
835811006527,false,קשיות שתיה למילקשייק,שיווק: הנמל אריזות ו,IL,הנמל קשיות שתיה למילקשייק 125 יח',Unknown,0.00,Unknown,false,1,9.90,0.0000,true,1,95579
835811006596,false,ליפתן הגשה + 6 OZ מכ,,TR,ליפתן הגשה + 6 OZ מכסה  12 יח,Unknown,0.00,Unknown,false,1,14.90,0.0000,true,1,94301
835811006701,false,קוקטים לאפייה  24 יח,שוורצקוף& הנקל דיסלד,IL,הנמל קוקוטים לאפייה 24 יח' 3 OZ,Unknown,0.00,Unknown,false,1,11.90,0.0000,true,1,95576
835811006770,false,תבנית עגול 5 יחידות,,,"תבנית אלומיניום עגול 5 יח              """,Unknown,0.00,Unknown,false,1,12.90,0.0000,true,1,91700
835811007166,false,כוסות לקפה לדרך+מכסה,,,כוסות לקפה לדרך+מכסה 16 יחידות,Unknown,0.00,Unknown,false,1,17.90,0.0000,true,1,32363
835811007180,false,פופקורן הנמל 500 גר,יבוא ושיווק: הנמל אר,IL,הנמל גרעיני תירס פופקורן מקור לחלבון 500 גרם,גרמים,500.00,100 גרם,false,1,6.90,1.3800,true,1,53669
835811007210,false,לקט חומוס 500 גר,יבוא ושיווק: הנמל אר,IL,הנמל חומוס מקור לחלבון 500 גרם,גרמים,500.00,100 גרם,false,1,6.90,1.3800,true,1,108833
835811007258,false,שעועית לבנה הנמל 500,נארז על ידי: הנמל אר,IL,הנמל שעועית לבנה מקור לחלבון 500 גרם,גרמים,500.00,100 גרם,false,1,8.90,1.7800,true,1,53900
835811007357,false,סלטינות אובלי 25 יח,,TR,סלטינות אובלי 25 יח,Unknown,0.00,Unknown,false,1,6.90,0.0000,true,1,53344
835811007494,false,גלטין טהור הנמל 28 ג,ג'ליס פיוניר,,"הנמל ג'לטין טהור מדגים 28 גרם, 2 יח'",גרמים,28.00,100 גרם,false,1,11.90,42.5000,true,1,23772
835811007562,false,תבנית קרטון אינגליש,"תעשיות רישתון בע""מ",,תבנית קרטון אינגליש קייק 6 יחידות,לא מנהל יחידת מידה,0.00,לא מנהל יחידת מידה,false,1,10.90,0.0000,true,1,23228
835811008347,false,גפרור ארוך מאוד להבי,הנמל,,גפרור ארוך מאוד להבית,לא מנהל יחידת מידה,0.00,לא מנהל יחידת מידה,false,1,7.90,0.0000,true,1,40996
835811008699,false,כפות עבות במיוחד,,,"כפות עבות במיוחד 50 יח                 """,Unknown,0.00,Unknown,false,1,16.90,0.0000,true,1,81294
835811008927,false,כוס ויסקי גבוהה 10 י,בי רייט,CN,כוס ויסקי גבוהה 10 יח`,יחידה,1.00,יחידה,false,1,12.90,12.9000,true,1,59781
835811008934,false,מזלגות עבה,,,"מזלגות עבה במיוחד 50 יח                """,Unknown,0.00,Unknown,false,1,16.90,0.0000,true,1,49463
835811008941,false,סכינים עבה,"איטיליאן פוד, אס.פי.",IL,הנמל סכינים 50 יחידות,יחידה,1.00,יחידה,false,1,16.90,16.9000,true,1,49464
835811008958,false,כפיות עבה,הנמל אריזות.,,"כפיות עבה במיוחד 50 יח                 """,יחידה,1.00,יחידה,false,1,16.90,16.9000,true,1,49465
835811008996,false,כוסות נייר שתיה חמה,אכיף,,כוסות נייר שתיה חמה 10 אונז 50 יח,יחידה,1.00,יחידה,false,1,23.90,23.9000,true,1,54565
835811009016,false,כוסות מקרטון,,,"כוסות מקרטון 50 יח                     """,Unknown,0.00,Unknown,false,1,10.90,0.0000,true,1,54554
835811009795,false,כוס מרובעת 20יח  10,בי רייט,CN,כוס מרובעת 20יח  10 OZ פס כסף זהב,Unknown,0.00,Unknown,false,1,19.90,0.0000,true,1,49192
839762000641,false,נקטר איילנד מנגו 1 ל,פארייפאבה אגרואינדוס,EG,איילנד מנגו 1 ליטר,ליטרים,1.00,ליטר,false,1,11.50,11.5000,true,1,21076
839762000658,false,נקטר איילנד גויאבה 1,The Egyptian Co. for,EG,איילנד גויאבה המשקה של חופי סיני 1 ליטר,ליטרים,1.00,ליטר,false,1,11.50,11.5000,true,1,20560
839762002379,false,נקטר איילנד מנגו 350,פארייפאבה אגרואינדוס,EG,"איילנד מנגו  350 מ""ל",מיליליטרים,350.00,"100 מ""ל",false,1,6.90,1.9714,true,1,68544
839762002386,false,נקטר איילנד גויאבה 3,פארייפאבה אגרואינדוס,EG,"איילנד גויאבה 350 מ""ל",מיליליטרים,350.00,"100 מ""ל",false,1,6.90,1.9714,true,1,68545
842387000736,false,מטען רכב לגלקסי פרמי,,,מטען רכב לגלקסי פרמיום 2A,יחידה,1.00,יחידה,false,1,39.90,39.9000,true,1,146163
850004207789,false,מיטבולס ביונד מיט 29,תאי פרזידנט פוד פאבל,US,מיטבולס ביונד מיט 290 גרם,גרמים,290.00,100 גרם,false,1,39.90,13.7586,true,1,155523
851621000043,true,בירה,,,בירה,,0.00,,false,,9.90,0.0000,true,1,159955
851621000050,false,שישיית בירה 1664 Bla,קרלסברג ספליי קומפאנ,PL,"שישיית 1664 Blanc בק 330 מ""ל",ליטרים,1.98,ליטר,false,1,59.90,30.2525,true,1,149774
852629004774,false,רביעיית נקניקיות ביו,תאי פרזידנט פוד פאבל,US,רביעיית נקניקיות ביונד מיט4000 גרם,גרמים,400.00,100 גרם,false,1,44.90,11.2250,true,1,155521
853152120344,false,פרו בר בטעם שוקולד,פרובאר,US,פרו בר בטעם שוקולד  70 גרם,גרמים,70.00,100 גרם,false,1,17.90,25.5714,true,1,152012
856591000055,true,עוגיות עבאדי קריספי,קריניציה ויטמינה אס,IL,"עבאדי עוגיות מזרחיות קריספי, 400 גרם",Unknown,0.00,Unknown,false,1,19.90,0.0000,true,1,129536
856591000062,false,עוגיות מזרחיות עבאדי,מאפיית יוסף ושמחה עב,IL,מזרח. מלח 400ג 856591000062,גרמים,400.00,100 גרם,false,1,19.90,4.9750,true,1,22258
856591000512,false,עוגיות מזרחיות,קריניציה ויטמינה אס,IL,עבאדי עוגיות מזרחיות מקלונים פריכים 400 גרם,גרמים,400.00,100 גרם,false,1,19.90,4.9750,true,1,67037
857532000271,false,וודקה טראמפ סופר פרי,,,"וודקה טראמפ סופר פרימיום 700מ""ל",מיליליטרים,700.00,"100 מ""ל",false,1,89.90,12.8429,true,1,72537
859547004329,false,ספוג סקראב דדי,סקארקיסט,US,ספוג סקראב דדי,יחידה,1.00,יחידה,false,1,16.90,16.9000,true,1,158407
859547004466,false,סקראב מאמי ספוג ניקו,סקארקיסט,US,סקראב מאמי ספוג ניקוי דו צדדי,יחידה,1.00,יחידה,false,1,16.90,16.9000,true,1,158408
884912002372,false,דגני פוסט סלקט קרנבר,post consumer brands,US,דגני פוסט סלקט קרנברי 396 גרם,גרמים,396.00,100 גרם,false,1,27.90,7.0455,true,1,103840
884912102102,false,דגני גרייט גריינס או,הנסיך- מפעל לייצור ט,US,דגני בוקר עם שקדים ואוכמניות,גרמים,382.00,100 גרם,false,1,27.90,7.3037,true,1,130977
884912116505,false,דגני פוסט גרייט גריי,post consumer brands,US,דגני פוסט גרייט גריינס בננה נאט 439 גרם,גרמים,439.00,100 גרם,false,1,27.90,6.3554,true,1,116491
884912117625,false,דגני פוסט גולדן קריס,הנסיך- מפעל לייצור ט,US,חטיף חיטה ממותק,גרמים,418.00,100 גרם,false,1,22.90,5.4785,true,1,149835
884912126115,false,דגני פוסט גרייט גריי,הנסיך- מפעל לייצור ט,US,דגני פוסט גרייט גריינס צימוקים 453 גרם,גרמים,453.00,100 גרם,false,1,27.90,6.1589,true,1,71521
884912342737,false,וופל קריספ 325 גרם,הנסיך- מפעל לייצור ט,US,תערובת דגנים בטעם וואפל אמריקאי,גרמים,325.00,100 גרם,false,1,24.90,7.6615,true,1,147848
884912359155,false,האני באנצ רוסטד,post consumer brands,US,POST האני באנצ רוסטד 340 גרם,גרמים,411.00,100 גרם,false,1,22.90,5.5718,true,1,158287
884912359162,false,האני באנצ אלמונד,post consumer brands,US,POST האני באנצ אלמונד 340 גרם,גרמים,411.00,100 גרם,false,1,22.90,5.5718,true,1,158286
884912359421,false,דגני פוסט האני באנצ,post consumer brands,US,דגני פוסט האני באנצ פקאן 411 גרם,גרמים,411.00,100 גרם,false,1,22.90,5.5718,true,1,158288
884912365200,false,דגני בוקר אוראו 311ג,פוסט,US,דגני בוקר אוראו 311גרם,גרמים,311.00,100 גרם,false,1,22.90,7.3633,true,1,160393
897581000365,false,מרשמלו טבעוני  ווגה,גוד פוד פרודקטס S.p,US,מרשמלו טבעוני דנדיס 283גרם,גרמים,283.00,100 גרם,false,1,23.90,8.4452,true,1,152278
898193001252,false,בונומלי - חליטת קמומ,בונומלי,IT,"""בונומלי"" תה קמומיל (בבונג) 28 גרם",גרמים,28.00,100 גרם,false,1,17.90,63.9286,true,1,145849
960860015432,false,עוגיות קלות אביבה לל,הנסיך- מפעל לייצור ט,IL,אביבה עוגיותחיטה מלאה ללא תוספת סוכר 200 גרם,גרמים,200.00,100 גרם,false,1,14.90,7.4500,true,1,70679
1230000068314,false,בשר טחון ביונד מיט 3,זנברגן וורלד פינסט מ,NL,בשר טחון ביונד מיט 300 גרם,גרמים,300.00,100 גרם,false,1,34.90,11.6333,true,1,155520
1230000116022,false,המבורגר ביונד מיט  ז,ביונד מיט קליפורניה,US,המבורגר ביונד מיט  זוג  226גרם,גרמים,226.00,100 גרם,false,1,34.90,15.4425,true,1,158317
1724826114510,false,יין סטון וואלי זינפנ,יקב,US,יין סטון וואלי זינפנדל  750מל,מיליליטרים,750.00,"100 מ""ל",false,1,59.90,7.9867,true,1,153124
3010470155299,false,מזון חתולים פריסקיז,ניו פטפוד איטליה,IT,פריסקיז פטה בקר וירקות 24*400גרם,גרמים,400.00,100 גרם,false,1,9.90,2.4750,true,1,130960
3010470158221,false,מזון חתולים פריסקיז,ניו פטפוד איטליה,IT,פריסקיז פטה עוף וירקות 24*400גרם,גרמים,400.00,100 גרם,false,1,9.90,2.4750,true,1,130959
3014260201753,false,סכיני גילוח גילט בלו,קדבורי,PL,ג'ילט  סכיני בלו 2 חמישייה,קילוגרמים,100.00,"ק""ג",false,1,11.90,0.1190,true,1,12981
3014260262693,false,מכשיר ונוס,קדבורי,PL,מכשיר גילוח ונוס+ 2 סכינים,קילוגרמים,0.00,"ק""ג",false,1,33.90,0.0000,true,1,61637
3014260262709,false,סכיני גילוח ונוס לאש,קדבורי,DE,סכיני גילוח ג'ילט ונוס לנשים 4 יחידות,יחידה,1.00,יחידה,false,1,44.90,44.9000,true,1,2656
3014260289287,false,סכיני גילוח בלו 2 לנ,קדבורי,RU,ג'ילט  סכיני בלו 2 לנשים חמישייה,יחידה,1.00,יחידה,false,1,14.90,14.9000,true,1,78761
3045206312257,false,דזיטול-מגבון מחטא ומ,יוליניבר,ES,דזיטול מגבונים מחטא ומשמיד חיידקים לכל משטח,יחידה,1.00,יחידה,false,1,12.90,12.9000,true,1,111897
3046920010801,false,שוקולד לינדט אקסלנס,לינדט ושפרונגלי אס.א,FR,שוקולד לינדט אקסלנס הזלנט 100 גרם,גרמים,100.00,100 גרם,false,1,14.90,14.9000,true,1,120934
3046920027281,false,שוקולד לינדט אקסלנס,לינדט ושפרונגלי,FR,שוקולד לינדט אקסלנס קרמלסולט 100 גרם,גרמים,100.00,100 גרם,false,1,14.90,14.9000,true,1,109240
3046920028004,false,שוקולד לינדט אקסלנס,לינדט ושפרונגלי,FR,לינדט אקסלנס 70% שוקולד מריר 100 גר,גרמים,100.00,100 גרם,false,1,14.90,14.9000,true,1,2741
3046920028363,false,שוקולד לינדט אקסלנס,לינדט ושפרונגלי,FR,שוקולד לינדט אקסלנס 85%  100 גרם,גרמים,100.00,100 גרם,false,1,14.90,14.9000,true,1,24795
3046920028721,false,שוקולד לינדט אקסלנס,לינדט ושפרונגלי,FR,שוקולד לינדט אקסלנס 99%  50 גרם,גרמים,50.00,100 גרם,false,1,14.90,29.8000,true,1,120072
3046920028752,false,שוקולד לינדט אקסלנס,לינדט ושפרונגלי,FR,לינדט אקסלנס שוקולד מריר שוויצרי עם מלח ים 100 גרם,גרמים,100.00,100 גרם,false,1,14.90,14.9000,true,1,45931
3046920029674,false,שוקולד לינדט אקסלנס,לינדט ושפרונגלי,DE,לינדט אקסלנס שוקולד מריר עם נגיעות מלח ים 100 גרם,גרמים,100.00,100 גרם,false,1,14.90,14.9000,true,1,58768
3046920029759,false,שוקולד לינדט אקסלנס,לינדט ושפרונגלי ג'י.,DE,שוקולד לינדט אקסלנס 90% 100 גרם,גרמים,100.00,100 גרם,false,1,14.90,14.9000,true,1,109238
3067140243114,true,תחליף קפה לרו קרמל,מוטקה החולב,FR,תחליף קפה ציקוריה על בסיס עולש קרמל 100 גרם,Unknown,0.00,Unknown,false,1,26.90,0.0000,true,1,140336
3068320014067,false,מים מינרליים אוויאן,קריניציה ויטמינה אס,FR,"מים מינרליים אוויאן ספורט 750 מ""ל",מיליליטרים,750.00,"100 מ""ל",false,1,12.20,1.6267,true,1,159447
3068320017846,false,מים מינרלים אוויאן 1,קריניציה ויטמינה אס,FR,מים מינרלים אוויאן 1 ליטר,ליטרים,1.00,ליטר,false,1,13.20,13.2000,true,1,159449
3068320055008,false,מים מינרלים אוויאן,קריניציה ויטמינה אס,FR,"מים מינרלים אוויאן  500 מ""ל",מיליליטרים,500.00,"100 מ""ל",false,1,9.20,1.8400,true,1,159448
3073781161663,false,גבינת לבש קירי כשר12,בל,FR,גבינת לבש קירי כשר128 גר,גרמים,128.00,100 גרם,false,1,13.90,10.8594,true,1,154434
3073781161687,false,גבינת לבש קירי כשר 2,בל,FR,כשר גבינת לבש קירי כשר 256 גר,גרמים,256.00,100 גרם,false,1,25.90,10.1172,true,1,154435
3073781162790,false,גבינת בייבי בל אדום,מחלבות בל,FR,גבינת בייבי בל אדום 120 גרם,גרמים,120.00,100 גרם,false,1,22.90,19.0833,true,1,157807
3120581456267,false,יין שבלי מ.דה ליני ל,,FR,"יין שבלי מ.דה ליני לבן יבש 750 מ""ל",מיליליטרים,750.00,"100 מ""ל",false,1,99.90,13.3200,true,1,151385
3161911229199,false,חמאה רכה אלוויר 250,אלל אה וויר,FR,חמאה רכה אלוויר 250 גרם,גרמים,250.00,100 גרם,false,1,22.90,9.1600,true,1,2885
3161911366429,false,חמאה רכה מלוחה אלווי,ארזינא,FR,חמאה רכה מלוחה אלוויר 250 גרם,גרמים,250.00,100 גרם,false,1,22.90,9.1600,true,1,2887
3161911393210,false,חמאת אלוויר עם מלח,אלוויר,FR,חמאת אלוויר עם מלח   200גרם,גרמים,200.00,100 גרם,false,1,17.90,8.9500,true,1,157881
3175460000017,false,גבינה בורסאן שום,השחר,FR,גבינה בורסאן שום 150 גרם,גרמים,150.00,100 גרם,false,1,22.90,15.2667,true,1,46213
3175460000062,false,גבינה בורסאן פלפל,השחר,FR,גבינה בורסאן פלפל 150 גרם,גרמים,150.00,100 גרם,false,1,22.90,15.2667,true,1,32800
3175460000864,false,גבינה בורסאן טבעי,"בל,",FR,גבינה בורסאן טבעי 150 גרם,גרמים,150.00,100 גרם,false,1,22.90,15.2667,true,1,123384
3175460030083,false,גבינה בורסאן בצל עיר,השחר,FR,גבינה בורסאן בצל עירית 150 גרם,גרמים,150.00,100 גרם,false,1,22.90,15.2667,true,1,21791
3178530402353,false,מיני מדלן 175גרם,סאן מישל,FR,מיני מדלן 175גרם,גרמים,175.00,100 גרם,false,1,10.90,6.2286,true,1,158362
3178530407938,false,מיני מדלן עם פצפוצי,סאן מישל,FR,מיני מדלן עם פצפוצי שוקולד 175גרם,גרמים,175.00,100 גרם,false,1,10.90,6.2286,true,1,158364
3179732348913,false,מים פריה ירוק 1 ליטר,נסטלה ווטרס ספלאי,FR,פרייה מים מינרליים טבעיים מבעבעים 1 ליטר,ליטרים,100.00,ליטר,false,1,9.60,0.0960,true,1,58462
3228022910023,false,פרזידנט חמאה 200 גרם,גוד פוד פרודקטס S.p,FR,פרזידנט חמאה 200 גרם,גרמים,200.00,100 גרם,false,1,15.50,7.7500,true,1,3001
3272770003148,false,שברו טבעי 150 גרם,מיוצר עי קונדיטוריית,FR,שברו טבעי 150 גרם,גרמים,150.00,100 גרם,false,1,25.90,17.2667,true,1,3072
3278480396310,false,"קוניאק GODET V.S  מ""",קרלו,FR,גודט קוניאק גודה VS 700 מל,מיליליטרים,700.00,"100 מ""ל",false,1,104.90,14.9857,true,1,148576
3299790211018,false,ערק פניקס אניס 1 ליט,טייב,FR,ערק פניקס אניס 1 ליטר,ליטרים,1.00,ליטר,false,1,139.90,139.9000,true,1,54327
3299791003612,false,אליזה פאלאס קברנה סו,,FR,"אליזה פאלאס קברנה סוביניון 750 מ""ל",מיליליטרים,750.00,"100 מ""ל",false,1,64.90,8.6533,true,1,145718
3299791009669,false,אר דה רומי שרדונה קו,,FR,"אר דה רומי שרדונה קולקשן גורמה 750 מ""ל",מיליליטרים,750.00,"100 מ""ל",false,1,59.90,7.9867,true,1,145719
3328640121976,false,ויסקי היילנד קווין ב,פונט סלאם וולנסיה,ES,ויסקי היילנד קווין בלנדד  0.7,יחידה,1.00,יחידה,false,1,86.90,86.9000,true,1,146744
3379810116483,false,"יין שאבלי 750 מ""ל",houshiclean,FR,"יין שאבלי 750 מ""ל",מיליליטרים,750.00,"100 מ""ל",false,1,109.90,14.6533,true,1,146394
3387390320244,false,דגני פיטנס פירות 375,סי. פי. צרפת,FR,דגני פיטנס פירות 375 גרם,גרמים,375.00,100 גרם,false,1,21.90,5.8400,true,1,28301
3387390525960,false,דגני קראנץ נסטלה 500,הנסיך- מפעל לייצור ט,FR,דגני קראנץ נסטלה 500 גרם,גרמים,500.00,100 גרם,false,1,26.90,5.3800,true,1,50545
3387390730852,false,דגני פיטנס 375 גרם,האחים פלם הגפן,FR,דגני פיטנס 375 גרם,גרמים,375.00,100 גרם,false,1,21.90,5.8400,true,1,28302
3415581114126,false,גלידת שמנת קרמל מתוק,השחר,FR,"גלידת שמנת קרמל מתוק מלוח 500 מ""ל",מיליליטרים,500.00,"100 מ""ל",false,1,22.90,4.5800,true,1,96989
3415581187113,false,גלידת שמנת קרמל בראו,האגן דאז,FR,"גלידת שמנת קרמל בראוניס 473 מ""ל",מיליליטרים,473.00,"100 מ""ל",false,1,22.90,4.8414,true,1,3209
3491871011467,false,שאטו קסטלברוק מרגו 2,,FR,"שאטו קסטלברוק מרגו 2014 750 מ""ל",מיליליטרים,750.00,"100 מ""ל",false,1,199.90,26.6533,true,1,145711
3523230025638,false,גבינת עיזים בושה,השחר,FR,גבינת בושה עיזים טבעית 125 גרם,גרמים,125.00,100 גרם,false,1,24.90,19.9200,true,1,85428
3523230025652,true,בושה עיזים שום 125 ג,השחר,FR,בושה עיזים שום 125 גרם נני,גרמים,125.00,100 גרם,false,1,24.90,19.9200,true,1,129660
3523230026826,false,גבינת עיזים פרימדה ס,השחר,FR,גבינת עיזים פרימדה סואניון 140 גרם,גרמים,140.00,100 גרם,false,1,26.90,19.2143,true,1,129686
3523230026888,false,פירמידה עיזים  שום14,אוריאל,FR,גבינת עיזים  שום פרימדה סואניון 140 גרם,גרמים,140.00,100 גרם,false,1,26.90,19.2143,true,1,124807
3523230038959,false,בושה מפוחם של נני 12,השחר,FR,בושה מפוחם של נני 125 גרם,גרמים,125.00,100 גרם,false,1,25.90,20.7200,true,1,148341
3523230045827,false,סנט מור 160 גרם,השחר,FR,סנט מור 160 גרם,גרמים,160.00,100 גרם,false,1,27.90,17.4375,true,1,129684
3525490011109,false,יין לה זאמל מלבק 750,דולפין ספא,FR,לה ג'אמל מלבק יבש,מיליליטרים,750.00,"100 מ""ל",false,1,54.90,7.3200,true,1,146395
3525490011116,false,יין לה זאמל קברנה סו,דולפין ספא,FR,לה ג'אמל קברנה סוביניון יבש,מיליליטרים,750.00,"100 מ""ל",false,1,54.90,7.3200,true,1,146397
3525490011123,false,"יין לה זאמל  750 מ""ל",יקב,US,"יין לה זאמל  750 מ""ל",מיליליטרים,750.00,"100 מ""ל",false,1,64.90,8.6533,true,1,153125
3544760002449,true,מלח אטלנטי 1.1 קג,,,מלח אטלנטי 1.1 קג,Unknown,0.00,Unknown,false,1,17.90,0.0000,true,1,131211
3574660058857,false,גונסונס בייבי שמן 50,CILAG GMBH INTERNATI,IT,גונסונס בייבי שמן 500 מל,מיליליטרים,500.00,"100 מ""ל",false,1,30.90,6.1800,true,1,129694
3574660089547,false,טמפוני O.B קלאסי נור,ג'ונסון אנד ג'ונסון,GR,טמפוני O.B קלאסי נורמל 32 יח,יחידה,1.00,יחידה,false,1,24.90,24.9000,true,1,43078
3574660115154,false,טמפוני O.B סופר 32 י,CILAG GMBH INTERNATI,,טמפוני O.B סופר 32 יח,יחידה,1.00,יחידה,false,1,24.90,24.9000,true,1,43080
3574660239829,false,ניטרוגינה קרם ידיים,CILAG GMBH INTERNATI,,"ניטרוגינה קרם ידיים 75 מ""ל",מיליליטרים,75.00,"100 מ""ל",false,1,25.90,34.5333,true,1,61415
3574660333466,false,טמפוני O.B קומפורט מ,הנסיך- מפעל לייצור ט,DE,אובה מיני טמפונים ללא מוליך 32 יחידות,ליטרים,0.00,ליטר,false,1,24.90,0.0000,true,1,85494
3574660649895,false,ליסטרין מי פה זירו מ,גונסון אנד גונסון,,"ליסטרין מי פה זירו מעודן 500 מ""ל",מיליליטרים,500.00,"100 מ""ל",false,1,17.90,3.5800,true,1,115974
3574661419435,false,וניה מקסי לילה 12 יח,גונסון,BE,וניה מקסי לילה 12 יחידות,יחידה,12.00,יחידה,false,1,24.90,2.0750,true,1,160110
3574661425696,true,גונסונס בייבי תחליב,גונסון,IT,גונסונס בייבי תחליב 500 חדש,Unknown,0.00,Unknown,false,1,26.90,0.0000,true,1,129863
3574661487328,false,קרפרי מגן תחתון רגיל,ג'ויה מעבדות לקוסמטי,IT,קרפרי מגן תחתון רגיל 56 יח,יחידה,1.00,יחידה,false,1,19.90,19.9000,true,1,145900
3574661487618,false,קרפרי מגן תחתון מקסי,ג'ויה מעבדות לקוסמטי,IT,קרפרי מגן תחתון מקסי מבושם 48 יח,יחידה,1.00,יחידה,false,1,19.90,19.9000,true,1,145902
3574661487625,false,קרפרי מגן תחתון מקסי,ג'ויה מעבדות לקוסמטי,IT,קרפרי מגן תחתון מקסי לארג 48 יח,יחידה,1.00,יחידה,false,1,19.90,19.9000,true,1,145901
3574661500355,false,קרפרי מקסי לונג רגיל,ג'ויה מעבדות לקוסמטי,IT,קרפרי מקסי לונג רגיל 40 יח,יחידה,1.00,יחידה,false,1,19.90,19.9000,true,1,145903
3574661552576,false,קרפרי מגן תחתון רגיל,ג'ונסון אנד ג'ונסון,GR,קרפרי מגן תחתון אוורירי טנגה 58 יחידות,יחידה,1.00,יחידה,false,1,19.90,19.9000,true,1,148581
3574661552804,false,קרפרי מגן תחתון אלוו,ג'ונסון אנד ג'ונסון,GR,קרפרי מגן תחתון אלוורה קרפרי 58 יחידות,יחידה,1.00,יחידה,false,1,19.90,19.9000,true,1,150506
3574661552811,false,קרפרי כותון אוורירי,ג'ונסון אנד ג'ונסון,GR,קארפריי מגן תחתון כותנה 58 יח',יחידה,1.00,יחידה,false,1,19.90,19.9000,true,1,149346
3574661554877,false,קרפרי כותון מבושם 56,"ש. שסטוביץ בע""מ",GR,קרפרי מגן תחתון אוורירי מבושם 58 יח,יחידה,1.00,יחידה,false,1,19.90,19.9000,true,1,148580
3574661554884,false,קרפרי רגיל טנגה ריחנ,ג'ונסון אנד ג'ונסון,GR,מגן תחתון אוורירי מבושם טנגה 58 יחידות,לא מנהל יחידת מידה,7.50,לא מנהל יחידת מידה,false,1,19.90,2.6533,true,1,149866
3574669907767,true,גונסונס בייבי שמפו ק,גונסון,IT,גונסונס בייבי שמפו קמומיל 750 מל חדש,Unknown,0.00,Unknown,false,1,19.90,0.0000,true,1,129865
3574669907781,true,"שמפו אל דמע 750 מ""ל",,,"שמפו אל דמע 750 מ""ל",,0.00,,false,,14.90,0.0000,true,1,160994
3574669908245,true,גונסונס מרכך טיפות ש,גונסון,IT,גונסונס מרכך טיפות של ברק 500 מל חדש,Unknown,0.00,Unknown,false,1,19.90,0.0000,true,1,129866
3574669908481,true,גונסונס בייבי אל סבו,גונסון,IT,גונסונס בייבי אל סבון אמבט 750 מל חדש,Unknown,0.00,Unknown,false,1,19.90,0.0000,true,1,129867
3574669908665,false,גונסון בייבי אל סבון,גונסון,IT,גונסון בייבי אל סבון לפני שינה 750 חדש,מיליליטרים,750.00,"100 מ""ל",false,1,19.90,2.6533,true,1,129859
3574669909181,true,גונסונס בייבי שמן אל,גונסון,IT,גונסונס בייבי שמן אלוורה 300 מל חדש,מיליליטרים,300.00,"100 מ""ל",false,1,20.90,6.9667,true,1,129869
3574669909204,false,גונסונס בייבי שמן 30,גונסון,IT,גונסונס בייבי שמן 300 מל חדש,מיליליטרים,300.00,"100 מ""ל",false,1,19.90,6.6333,true,1,129695
3574669909822,true,גונסונס ספריי קשרים,CILAG GMBH INTERNATI,IT,גונסונס ספריי קשרים טיפות של ברק 200 חדש,Unknown,0.00,Unknown,false,1,16.90,0.0000,true,1,129870
3574669909914,true,גונסונס ספריי הקץ לק,גונסון,IT,גונסונס ספריי הקץ לקשרים 200 מל,Unknown,0.00,Unknown,false,1,16.90,0.0000,true,1,129871
3600010018278,false,גרנייה פיור מי פנים,,,גרנייה פיור מי פנים,יחידה,1.00,יחידה,false,1,32.90,32.9000,true,1,151212
3600522344070,false,אלביב מסיכה לשיער צב,פאפרוג'י,FR,אלביב מסיכה לשיער צבוע 300 מל,מיליליטרים,300.00,"100 מ""ל",false,1,25.90,8.6333,true,1,157618
3600522550129,false,אייג ספשיאליסט קרם י,לוריאל,DE,אייג ספשיאליסט קרם יום +45,לא מנהל יחידת מידה,0.00,לא מנהל יחידת מידה,false,1,59.90,0.0000,true,1,129585
3600522550204,false,קרם יום אייג ספשיאלי,פאפרוג'י,FR,קרם יום אייג ספשיאליסט 55+ 50 מל,מיליליטרים,100.00,"100 מ""ל",false,1,59.90,59.9000,true,1,157619
3600523642489,false,אלביב מסכה 300 מל 6,לוריאל,DE,אלביב מסכה 300 מל 6 שמנים,מיליליטרים,300.00,"100 מ""ל",false,1,25.90,8.6333,true,1,129767
3600523652259,false,לוריאל אלביב מרכך קו,לוריאל,TR,לוריאל אלביב מרכך קולור פרוטקט 550 מל,מיליליטרים,550.00,"100 מ""ל",false,1,16.90,3.0727,true,1,129589
3600523652297,false,אלביב מרכך 6 שמנים,,,אלביב מרכך 6 שמנים,יחידה,1.00,יחידה,false,1,17.90,17.9000,true,1,152080
3600523782567,false,אלביב שמפו דרים לום,,,אלביב שמפו דרים לום,יחידה,1.00,יחידה,false,1,17.90,17.9000,true,1,152075
3600523782574,false,אלביב דרים לונג מסכה,פאפרוג'י,FR,אלביב דרים לונג מסכה לשיער ארוך ופגום 30,מיליליטרים,300.00,"100 מ""ל",false,1,25.90,8.6333,true,1,157620
3600523782581,true,מרכך דרים לונג אלביב,,,מרכך דרים לונג אלביב,יחידה,1.00,יחידה,false,1,17.90,17.9000,true,1,152575
3600523816699,true,גל פרש פעולה.משולשת,,,גל פרש פעולה.משולשת,,0.00,,false,,41.90,0.0000,true,1,160745
3600541029323,false,גרנייר מסיר איפור עי,סופרוקוס סן קונטין,FR,גרנייר מסיר איפור עיניים ופנים,מיליליטרים,200.00,"100 מ""ל",false,1,24.90,12.4500,true,1,122413
3600541928169,false,גרנייה פיור אקטיב גי,,,גרנייה פיור אקטיב גיל ניקוי פחם במאשבה,יחידה,1.00,יחידה,false,1,29.90,29.9000,true,1,151213
3600541956223,true,סבון פנים גרנייה,,,סבון פנים גרנייה,לא מנהל יחידת מידה,0.00,לא מנהל יחידת מידה,false,1,29.90,0.0000,true,1,122414
3600542366113,true,קרם לחות לעור רגיל ג,,,קרם לחות לעור רגיל ג,,0.00,,false,,30.90,0.0000,true,1,160996
3600542366151,true,קרם לחות לעור יבש גר,,,קרם לחות לעור יבש גר,,0.00,,false,,30.90,0.0000,true,1,160995
3600542431835,true,צבע לשיער מספר 3 חום,,,צבע לשיער מספר 3 חום,,0.00,,false,,17.90,0.0000,true,1,160988
3600542431880,true,צבע לשיער מספר 8 בלו,,,צבע לשיער מספר 8 בלו,,0.00,,false,,17.90,0.0000,true,1,160990
3600542431934,true,צבע לשיער מספר 6.25,,,צבע לשיער מספר 6.25,,0.00,,false,,17.90,0.0000,true,1,160989
3600542432061,true,צבע לשיער מספר 7.1 ב,,,צבע לשיער מספר 7.1 ב,,0.00,,false,,17.90,0.0000,true,1,160991
3600542432962,true,גרנייה סרום אלוורה ו,,,גרנייה סרום אלוורה ו,,0.00,,false,,54.90,0.0000,true,1,160744
3607343817547,false,אדידס דאו ספריי לגבר,COLEPCCL,PT,"אדידס דאו ספריי לגבר קליימקול 150 מ""ל",מיליליטרים,150.00,"100 מ""ל",false,1,14.90,9.9333,true,1,150578
3607345264356,true,דאו לגבר פיוזן דינמי,מיוצר עי קונדיטוריית,PL,150 מל דאודורנט ספריי לגבר דינמיק פולס אדידס,Unknown,0.00,Unknown,false,1,19.90,0.0000,true,1,131254
3607345264912,false,"פיוז""ן ספריי אייס",המאפיה של הרמן,ES,אדידס בודי ספריי לגבר אייס דייב 96 גרם,מיליליטרים,150.00,"100 מ""ל",false,1,19.90,13.2667,true,1,74136
3607345265117,false,פיוזן טים פורס,מיוצר עי קונדיטוריית,PL,אדידס בודי ספריי לגבר טים פורס 150 מל,לא מנהל יחידת מידה,0.00,לא מנהל יחידת מידה,false,1,19.90,0.0000,true,1,140359
3614223736003,false,אדידס דאו ספריי לגבר,איגפק אס.איי,ES,"אדידס דאו ספריי לגבר אדיפיור 150 מ""ל",מיליליטרים,150.00,"100 מ""ל",false,1,14.90,9.9333,true,1,150579
3614224050986,false,אדידס דאו ספריי לגבר,COLEPCCL PORTUGAL,PT,"אדידס דאו ספריי לגבר אדיפאוור 150 מ""ל",מיליליטרים,150.00,"100 מ""ל",false,1,14.90,9.9333,true,1,150580
3661163970448,false,ספרי גברים דריי מקס,מיוצר עי קונדיטוריית,PT,200 מל דאודורנט ספריי דריי פאוור לגבר פרש,מיליליטרים,200.00,"100 מ""ל",false,1,19.90,9.9500,true,1,68109
3661163990545,false,ספריי גברים דריי מקס,מיוצר עי קונדיטוריית,PT,200 מל דאודורנט ספריי קליימקול לגבר אדידס,מיליליטרים,200.00,"100 מ""ל",false,1,19.90,9.9500,true,1,67347
3661163991146,false,ספרי נשים דריי מקס פ,מיוצר עי קונדיטוריית,PT,אדידס דאודורנט ספריי לאישה פרש 150 מל,מיליליטרים,200.00,"100 מ""ל",false,1,19.90,9.9500,true,1,68110
3661163991344,false,ספריי נשים דרי מקס פ,מיוצר עי קונדיטוריית,PT,"ספריי נשים דרי מקס פרו קליר 150 מ""ל",מיליליטרים,150.00,"100 מ""ל",false,1,19.90,13.2667,true,1,82616
3661163991580,false,ספרי נשים דריי מקס א,מיוצר עי קונדיטוריית,PT,אדידס דאודורנט ספריי לאישה 6 ב-1 150 מל,מיליליטרים,200.00,"100 מ""ל",false,1,19.90,9.9500,true,1,68426
3663559000135,false,שזיפים מיובשים אורגנ,היצרן: לה קומפני דה,FR,"שזיפים מיובשים אורגניים רכים, ללא גלעינים 250 גרם",גרמים,250.00,100 גרם,false,1,26.90,10.7600,true,1,127544
3700604201175,false,אריסה טוניסאית,מונה פוד,,אריסה טוניסאית,גרמים,190.00,100 גרם,false,1,18.90,9.9474,true,1,149570
3760125946719,false,רוזה אור פרובאנס 750,ג'נרל מילס סאן אדריא,FR,יין רוזה יבש 750 מל,מיליליטרים,750.00,"100 מ""ל",false,1,59.90,7.9867,true,1,152245
3830004111504,true,צלוחית קרמיקה,,,צלוחית קרמיקה,,0.00,,false,,5.90,0.0000,true,1,160675
3830004111542,true,קערת קרמיקה 15.5*7 ס,,,קערת קרמיקה 15.5*7 ס,,0.00,,false,,13.90,0.0000,true,1,160776
3830004111672,true,"קערה יפנית 18 ס""מ",,,"קערה יפנית 18 ס""מ",,0.00,,false,,30.90,0.0000,true,1,160982
3830004111931,true,קערית קרמיקה מרובעת,,,קערית קרמיקה מרובעת,,0.00,,false,,13.90,0.0000,true,1,160567
3830004111948,true,קערית קרמיקה מרובעת,,,קערית קרמיקה מרובעת,,0.00,,false,,18.90,0.0000,true,1,160568
3830004111993,true,תחתית לכף בישול,,,תחתית לכף בישול,,0.00,,false,,14.90,0.0000,true,1,160916
3830004112006,true,כף הנחה קרמיקה,,,כף הנחה קרמיקה,,0.00,,false,,16.90,0.0000,true,1,160569
3830006138608,true,נר ריחני בקופסא מהוד,,,נר ריחני בקופסא מהוד,,0.00,,false,,18.90,0.0000,true,1,160828
3830006138752,true,נר עששית ריחני,,,נר עששית ריחני,,0.00,,false,,9.90,0.0000,true,1,160829
3830006306298,true,אגרטל זכוכית ורוד18,,,אגרטל זכוכית ורוד18,,0.00,,false,,23.90,0.0000,true,1,159117
3830006306304,true,אגרטל זכוכית שחור 18,,,אגרטל זכוכית שחור 18,,0.00,,false,,23.90,0.0000,true,1,159118
3830006306311,true,אגרטל זכוכית כחול 18,,,אגרטל זכוכית כחול 18,,0.00,,false,,23.90,0.0000,true,1,159119
3830006306328,true,אגרטל זכוכית 18 סמ,,,אגרטל זכוכית 18 סמ,,0.00,,false,,23.90,0.0000,true,1,159120
3838824127149,true,פאלטה סמי קיט 1-1 שח,הנקל,DE,פאלטה סמי קיט 1-1 שחור כחול,יחידה,1.00,יחידה,false,1,22.90,22.9000,true,1,89508
3838824127163,false,פאלטה סמי קיט 10-1 ב,הנקל,DE,פאלטה סמי קיט 10-1 בלונד כסוף,יחידה,1.00,יחידה,false,1,22.90,22.9000,true,1,47292
3838824127200,true,פאלטה סמי קיט 3-0 חו,הנקל,DE,פאלטה סמי קיט 3-0 חום כהה,יחידה,1.00,יחידה,false,1,22.90,22.9000,true,1,47293
3838824127224,true,פאלטה סמי קיט חום בי,הנקל,DE,פאלטה סמי קיט חום בינוני 4-0 צבע שיער,יחידה,1.00,יחידה,false,1,22.90,22.9000,true,1,47294
3838824127309,true,פאלטה סמי קיט בלונד,הנקל,DE,פאלטה סמי קיט בלונד בהיר 8-0 צבע שיער,יחידה,1.00,יחידה,false,1,22.90,22.9000,true,1,125724
3838824193915,true,פאלטה סמי קיט 1-0 שח,הנקל,DE,פאלטה סמי קיט 1-0 שחור,יחידה,1.00,יחידה,false,1,22.90,22.9000,true,1,62600
4000415004408,true,שוקולד יעד מריר אגוז,,,שוקולד יעד מריר אגוז,,0.00,,false,,6.90,0.0000,true,1,159192
4000415039707,true,שוקולד בלק אנד וויט,,,שוקולד בלק אנד וויט,,0.00,,false,,6.90,0.0000,true,1,159382
4000415040109,true,שוקולד קרמל בראוני י,,,שוקולד קרמל בראוני י,,0.00,,false,,6.90,0.0000,true,1,159913
4000415851705,true,שוקולד פרלין יעד 100,,,שוקולד פרלין יעד 100,,0.00,,false,,6.90,0.0000,true,1,159381
4000417019004,false,שוקולד ריטר ספורט חל,מולינו ניקולי s.p.a,DE,ריטר ספורט שוקולד חלב עם אגוזי לוז שלמים,גרמים,100.00,100 גרם,false,1,11.20,11.2000,true,1,75715
4000417022004,false,שוקולד ריטר ספורט חל,מולינו ניקולי s.p.a,DE,שוקולד ריטר ספורט חלב צימוק אגוזים 100 ג,גרמים,100.00,100 גרם,false,1,11.20,11.2000,true,1,75716
4000417023001,false,שוקולד ריטר ספורט חל,מולינו ניקולי s.p.a,DE,ריטר ספורט שוקולד חלב מעולה עם שקדים שלמים,גרמים,100.00,100 גרם,false,1,11.90,11.9000,true,1,75717
4000417025005,false,שוקולד ריטר ספורט מר,מולינו ניקולי s.p.a,DE,ריטר ספורט שוקולד מריר ממולא מרציפן,גרמים,100.00,100 גרם,false,1,11.20,11.2000,true,1,75718
4000417026002,false,שוקולד ריטר ספורט נו,מולינו ניקולי s.p.a,DE,שוקולד ריטר ספורט נוגט פרלין 100 גרם,גרמים,100.00,100 גרם,false,1,11.20,11.2000,true,1,75719
4000417101211,false,אמיצלי גלילי וופל 15,קימס,AT,אמיצלי גלילי וופל 150 גרם,גרמים,150.00,100 גרם,false,1,17.90,11.9333,true,1,157109
4000417211002,false,שוקולד ריטר ספורט מו,מולינו ניקולי s.p.a,DE,שוקולד ריטר ספורט מוס קרמל ושברי שקדים,גרמים,100.00,100 גרם,false,1,11.20,11.2000,true,1,117268
4000417222008,false,שוקולד ריטר שברי אגו,מולינו ניקולי s.p.a,DE,שוקולד ריטר שברי אגוזים  100 גרם,גרמים,100.00,100 גרם,false,1,11.20,11.2000,true,1,116108
4000417224002,false,שוקולד ריטר ספורט מר,מולינו ניקולי s.p.a,DE,שוקולד ריטר ספורט מריר אגוזים 100 גרם,גרמים,100.00,100 גרם,false,1,11.90,11.9000,true,1,107817
4000417294005,false,שוקולד ריטר קרם קקאו,מולינו ניקולי s.p.a,DE,שוקולד ריטר קרם קקאו מוקצף 100 ג,גרמים,100.00,100 גרם,false,1,11.20,11.2000,true,1,107816
4000417298003,false,שוקולד רייטר קוקוס 1,מולינו ניקולי s.p.a,DE,שוקולד רייטר קוקוס 100 ג,גרמים,100.00,100 גרם,false,1,11.20,11.2000,true,1,107431
4000539280726,false,שוקולד לינדט אקסלנס,לינדט ושפרונגלי,DE,שוקולד לינדט אקסלנס 70% מילד 100 גרם,גרמים,100.00,100 גרם,false,1,14.90,14.9000,true,1,158976
4000539280740,true,לינדט אקסלנס 78% 100,לינדט ושפרונגלי אס.א,DE,לינדט אקסלנס 78% 100 גרם,גרמים,100.00,100 גרם,false,1,14.90,14.9000,true,1,159124
4000607852008,true,שוקולד מריר יעד 100,,,שוקולד מריר יעד 100,,0.00,,false,,6.90,0.0000,true,1,159295
4000799109416,false,מאונט האגן – קפה אור,מאונט האגן,DE,קפה אורגני קלוי וטחון,גרמים,250.00,100 גרם,false,1,34.90,13.9600,true,1,145869
4000799136887,false,קפה נמס נטול אורגני,,DE,קפה נמס נטול אורגני,לא מנהל יחידת מידה,0.00,לא מנהל יחידת מידה,false,1,39.90,0.0000,true,1,131918
4002103250487,false,בירה ארדינגר בהירה מ,ארדינגר,DE,"בירה ארדינגר בהירה מעוננת 500 מ""ל",מיליליטרים,500.00,"100 מ""ל",false,1,11.90,2.3800,true,1,67245
4002103289449,false,בירה ארדינגר ללא אלכ,Beck and Co,DE,"בירה ארדינגר ללא אלכוהול 330 מ""ל",מיליליטרים,330.00,"100 מ""ל",false,1,7.90,2.3939,true,1,116146
4002448017684,false,סיליט באנג ספריי,רקיט בנקיזר,PL,"ספריי לניקוי כללי והסרת אבנית סיליט באנג 750 מ""ל",מיליליטרים,750.00,"100 מ""ל",false,1,14.90,1.9867,true,1,20582
4002448019480,false,מסיר שומנים סיליט,רקיט בנקיזר,PL,"ספריי מסיר שומנים סיליט באנג 750 מ""ל",מיליליטרים,750.00,"100 מ""ל",false,1,14.90,1.9867,true,1,31394
4002575016253,false,מרציפן מצופה שוקולד,"זנטוס, ג'ולישר 177",DE,מרציפן מצופה שוקולד 100 גר             .,גרמים,100.00,100 גרם,false,1,9.90,9.9000,true,1,3994
4002590000022,false,סוכ.קלפני בפחית פירו,קדבורי,DE,קלפני פירות יער 150 גר',גרמים,150.00,100 גרם,false,1,12.00,8.0000,true,1,20999
4002590000046,false,סוכריות מרעננות,קדבורי,DE,קלפני מנטה מרענן 150 גר',גרמים,150.00,100 גרם,false,1,12.00,8.0000,true,1,12183
4002720005736,false,קפה פילטר מליטה,המאפיה של הרמן,DE,מליטה קפה לפילטר פרימיום 250 גרם,גרמים,250.00,100 גרם,false,1,24.70,9.8800,true,1,62484
4002720008300,true,פולי קפה מליטה 1 קג,,,פולי קפה מליטה 1 קג,Unknown,0.00,Unknown,false,1,120.00,0.0000,true,1,131922
4003006010208,true,דבורה שוקולד,,,דבורה שוקולד,,0.00,,false,,1.50,0.0000,true,1,160490
4003754021679,false,בונ עיגולי מרציפן עם,Erasmi & Carstens Gm,DE,בונ עיגולי מרציפן עם מחית דובדבן בשוקולד,גרמים,210.00,100 גרם,false,1,26.90,12.8095,true,1,160845
4003754021693,false,בונ עיגולי מרציפן עם,Erasmi & Carstens Gm,DE,בונ עיגולי מרציפן עם מחית תפוזים בשוקולד,גרמים,210.00,100 גרם,false,1,26.90,12.8095,true,1,160846
4003754081000,false,מרציפן חטיף 100 גרם,Erasmi & Carstens Gm,DE,מרציפן חטיף 100 גרם CARSTENS ERASMI,גרמים,100.00,100 גרם,false,1,7.90,7.9000,true,1,144146
4003754092006,true,סרגל מרציפן 125ג,,,סרגל מרציפן 125ג,Unknown,0.00,Unknown,false,1,11.90,0.0000,true,1,131923
4004666042004,false,משמיד עובש מרסס מלרו,פרח,DE,יעקבי מלרוד ספריי משמיד עובש 500 מל,מיליליטרים,500.00,"100 מ""ל",false,1,29.90,5.9800,true,1,22504
4004666107819,false,מלרוד מרסס לניקוי וט,פרח,DE,מלרוד ניקוי וטיהור מזגן 500 מל,מיליליטרים,500.00,"100 מ""ל",false,1,27.90,5.5800,true,1,130640
4004715020755,false,קישוטי עוגה פרינס,היינץ צפון אמריקה מק,DE,3 סוגי קישוט צבעוני לעוגה 75 גרם,גרמים,75.00,100 גרם,false,1,16.90,22.5333,true,1,60818
4005808128273,false,גל רחצה לגבר,טרופיקל דגיל תעשיות,DE,"ג'ל רחצה לגבר עם תמציות מנטה 500 מ""ל",מיליליטרים,500.00,"100 מ""ל",false,1,17.90,3.5800,true,1,91037
4005808293469,false,"ניוואה דאו ""ספריי יב",BEIERSDORF MANUFACTU,DE,ניוואה דאודורנט ספריי אנטי-פרספירנט לגבר 150 מל,מיליליטרים,150.00,"100 מ""ל",false,1,17.90,11.9333,true,1,156439
4005808366392,false,לבלו בליסטר כחול,טרופיקל דגיל תעשיות,DE,לבלו בליסטר כחול,גרמים,1.00,100 גרם,false,1,11.90,1190.0000,true,1,117664
4005808368280,false,לבלו בליסטר דובדבן,טרופיקל דגיל תעשיות,DE,לבלו בליסטר דובדבן,גרמים,1.00,100 גרם,false,1,11.90,1190.0000,true,1,117665
4005808670314,false,ניוואה קרם לחות לעור,ביירסדורף,,ניוואה קרם לחות לעור רגיל/מעורב 50 מל,מיליליטרים,50.00,"100 מ""ל",false,1,39.90,79.8000,true,1,96725
4005808670611,false,ניוואה קרם לחות לעור,ביירסדורף,,ניוואה קרם לחות לעור יבש 50 מל,מיליליטרים,50.00,"100 מ""ל",false,1,39.90,79.8000,true,1,96726
4005808698103,false,ניוואה תחליב גוף לעו,בטר אנד דיפרנט,ES,"ניוואה תחליב גוף לעור יבש 500 מ""ל",מיליליטרים,500.00,"100 מ""ל",false,1,28.90,5.7800,true,1,151548
4005808813063,false,תחליב לחות לגבר,בטר אנד דיפרנט,DE,תחליב לחות לעור רגיש ניוואה,גרמים,260.00,100 גרם,false,1,34.90,13.4231,true,1,4017
4005808817405,false,גיל גילוח ניוואה לעו,פרוטרופיק סיה.,PL,ניוואה ג'ל גילוח לגבר  רגיש,גרמים,264.00,100 גרם,false,1,25.90,9.8106,true,1,4020
4005808837359,false,דאודורנט רול און פרל,ביירסדורף AG,DE,דאודורנט רול און פרל ביוטי 50 מל,מיליליטרים,50.00,"100 מ""ל",false,1,16.90,33.8000,true,1,158577
4005808850723,false,לבלו פירות בטעם תות,טרופיקל דגיל תעשיות,DE,לבלו שפתון מגן תות,גרמים,5.00,100 גרם,false,1,12.90,258.0000,true,1,42274
4005900036476,false,ניוואה דאו. רול און,טרופיקל דגיל תעשיות,DE,ניוואה דאו. רול און לאישה בלק אנד וויט 5,מיליליטרים,50.00,"100 מ""ל",false,1,16.90,33.8000,true,1,110067
4005900036506,false,ניוואה דאודורנט רול,טרופיקל דגיל תעשיות,DE,ניוואה דאודורנט רול און בלק אנד וייט 50,מיליליטרים,50.00,"100 מ""ל",false,1,16.90,33.8000,true,1,110090
4005900274304,false,ניוואה דאו מן ספריי,פרוטרופיק סיה.,DE,ניוואה דאו מן ספריי פרש150מל,מיליליטרים,150.00,"100 מ""ל",false,1,17.90,11.9333,true,1,149354
4005900547316,false,ניוואה דאו ספריי לאי,בטר אנד דיפרנט,DE,דאודורנט ספריי אנטי פרסיפירנט שקוף לאישה,מיליליטרים,150.00,"100 מ""ל",false,1,17.90,11.9333,true,1,149355
4005900555915,false,ניוואה תחליב רחצה קו,ביירסדורף AG,DE,ניוואה תחליב רחצה קוקוס ושמן חוחובה 750,מיליליטרים,750.00,"100 מ""ל",false,1,15.90,2.1200,true,1,152083
4005900639554,false,דאודורנט רול און פרש,ביירסדורף AG,DE,דאודורנט רול און פרש נטורל 50 מל,מיליליטרים,50.00,"100 מ""ל",false,1,16.90,33.8000,true,1,158578
4005900816016,false,דאודורנט ספריי פרש 1,טרופיקל דגיל תעשיות,DE,דאודורנט ספריי פרש 150 מל,מיליליטרים,150.00,"100 מ""ל",false,1,17.90,11.9333,true,1,4031
4005900816108,false,ניוואה דאו. רול און,טרופיקל דגיל תעשיות,DE,דאודוראנט רול און אנטי פרספירנט יבש לגבר,מיליליטרים,50.00,"100 מ""ל",false,1,16.90,33.8000,true,1,4034
4005900828088,false,ניוואה דאו רול און פ,טרופיקל דגיל תעשיות,DE,דאודוראנט רול און אנטי פרספירנט פרש לגבר,מיליליטרים,50.00,"100 מ""ל",false,1,16.90,33.8000,true,1,4038
4006508122134,false,מליטה נייר פילטר,שוורצקוף& הנקל דיסלד,DE,"נייר פילטר לקפה מס' 4, 40 יחידות",יחידה,1.00,יחידה,false,1,12.90,12.9000,true,1,121736
4006814000720,false,סנטה קלנדר 75 גרם,WAWI GROUP,DE,סנטה קלנדר 75 גרם,גרמים,75.00,100 גרם,false,1,11.90,15.8667,true,1,160847
4006814000751,false,סנטה בודד עם כובע 80,WAWI GROUP,DE,סנטה בודד עם כובע 80 גרם,גרמים,80.00,100 גרם,false,1,13.90,17.3750,true,1,160848
4006814000874,false,סנטה בודד עם כובע וכ,WAWI GROUP,DE,סנטה בודד עם כובע וכיס 200 גרם,גרמים,200.00,100 גרם,false,1,29.90,14.9500,true,1,160850
4006814011061,false,סנטה בודד 60 גרם WAW,WAWI  Euro Gmbh,DE,סנטה בודד 60 גרם WAWI,גרמים,60.00,100 גרם,false,1,6.90,11.5000,true,1,144144
4006814031304,true,צילינדר אייסקונפקט ק,WAWI GROUP,DE,צילינדר אייסקונפקט קריסמס 500 גרם,גרמים,500.00,100 גרם,false,1,27.90,5.5800,true,1,160895
4006814072000,false,סנטה שקית 200 גרם WA,WAWI  Euro Gmbh,DE,סנטה שקית 200 גרם WAWI,גרמים,200.00,100 גרם,false,1,18.90,9.4500,true,1,144155
4006856591477,true,גומיות גודל 30,,,גומיות גודל 30,,0.00,,false,,7.90,0.0000,true,1,160644
4007745058804,false,מיונז אמיתי אורגני נ,הורלין,DE,נטורפוד מיונז אורגני 350 גרם,גרמים,340.00,100 גרם,false,1,24.90,7.3235,true,1,98632
4007745058811,false,חרדל אמיתי אורגני 20,הורלין,DE,נטורפוד חרדל אמיתי אורגני 200 גרם,גרמים,200.00,100 גרם,false,1,15.90,7.9500,true,1,124473
4007745058828,true,חרדל גרגירים אמיתי א,הורלין,DE,נטורפוד חרדל גרגרים אמיתי אורגני 200 גרם,גרמים,200.00,100 גרם,false,1,15.90,7.9500,true,1,124414
4007993014317,false,מיני טילונים מילקה,אר אנד אר אייס קרים,DE,מיני טילונים מילקה,גרמים,140.00,100 גרם,false,1,26.90,19.2143,true,1,121847
4007993020264,false,מאגדת גלידה טובלרון,R&R ICE,,מאגדת גלידה טובלרון 264 גרם,גרמים,264.00,100 גרם,false,1,34.90,13.2197,true,1,121447
4007993032533,true,מאגדת גלידה טובלרון,,,מאגדת גלידה טובלרון,,0.00,,false,,34.90,0.0000,true,1,160469
4008400290423,false,קנדר עוגת ספוג במילו,פררו טורקיה צ'יקולטה,TR,קנדר עוגת ספוג במילוי חלבי מצופה ש מריר,גרמים,120.00,100 גרם,false,1,14.90,12.4167,true,1,153912
4009300522935,false,תה ירוק לימונית ולוא,"איטיליאן פוד, אס.פי.",DE,פומפדור תה ירוק לימונית ולואיזה 30 גר',גרמים,30.00,100 גרם,false,1,19.90,66.3333,true,1,49995
4009300522966,false,תה ירוק עם נענע,"איטיליאן פוד, אס.פי.",DE,pompadour תה ירוק עם נענע 30 גרם,גרמים,30.00,100 גרם,false,1,18.90,63.0000,true,1,49996
4009300524588,false,תה פומפדור חליטה,"איטיליאן פוד, אס.פי.",DE,פומפדור חליטת פירות וצמחים בטעם פירות יער 60 גר',גרמים,60.00,100 גרם,false,1,16.90,28.1667,true,1,61684
4009300525011,false,"תה ירוק תפוז וג""ינגר","איטיליאן פוד, אס.פי.",DE,פומפדור תה ירוק ג'ינג'ר תפוז 30 גרם,גרמים,30.00,100 גרם,false,1,19.50,65.0000,true,1,80757
4009300525684,false,חליטת לימון גינגר,"איטיליאן פוד, אס.פי.",DE,פומפדור חליטת צמחים גינג'ר לימון 35 גר',גרמים,35.00,100 גרם,false,1,16.90,48.2857,true,1,88252
4009300526438,false,תה ירוק קלאסי פומפדו,"איטיליאן פוד, אס.פי.",DE,פומפדור תה ירוק קלאסי 30 גרם,גרמים,30.00,100 גרם,false,1,18.90,63.0000,true,1,102148
4009300527909,true,פומפדור גינגר כורכום,,DE,פומפדור גינגר כורכום,Unknown,0.00,Unknown,false,1,16.90,0.0000,true,1,142759
4009300529613,false,פומפדור חליטה אורגני,"איטיליאן פוד, אס.פי.",DE,פומפדור חליטת צמחים אורגנית,לא מנהל יחידת מידה,0.00,לא מנהל יחידת מידה,false,1,17.90,0.0000,true,1,150471
4009300529651,false,פומפדור חליטה אורגני,טיקנה,DE,פומפדור חליטת צמחים אורגנית,לא מנהל יחידת מידה,0.00,לא מנהל יחידת מידה,false,1,17.90,0.0000,true,1,150470
4009300529699,false,פומפדור חליטה אורגני,"איטיליאן פוד, אס.פי.",DE,פומפדור חליטת צמחים אורגנית,לא מנהל יחידת מידה,0.00,לא מנהל יחידת מידה,false,1,17.90,0.0000,true,1,150469
4009309022399,true,כרוב כבוש אורגני 670,נטורפוד,DE,כרוב כבוש אורגני 670 גרם,גרמים,670.00,100 גרם,false,1,16.90,2.5224,true,1,124415
4009309114346,true,מלפפונים אורגנים בחו,סטאר סנקס,DE,מלפפונים אורגנים בחומץ ללא סוכר 670 גרם,גרמים,670.00,100 גרם,false,1,24.90,3.7164,true,1,124416
4009309114407,true,נטורפוד מלפפון כבוש,נטורפוד,DE,מלפפון כבוש אורגני,גרמים,670.00,100 גרם,false,1,24.90,3.7164,true,1,124417
4009309456453,true,סלק אדום אורגני 670,נטורפוד,DE,סלק אדום אורגני,גרמים,670.00,100 גרם,false,1,15.90,2.3731,true,1,124418
4009309740422,true,רסק תפוחים אורגני,אלפרד פאולסן,DE,נטור פוד רסק תפוחים אורגני 700 גרם,גרמים,700.00,100 גרם,false,1,18.90,2.7000,true,1,124419
4009309742426,true,רסק תפוח מנגו אורגני,נטורפוד,DE,רסק תפוח מנגו אורגני,גרמים,700.00,100 גרם,false,1,18.90,2.7000,true,1,124420
4009900379564,false,הובה בובה טייפ פירות,ריגלי,,הובה בובה טייפ פירות,לא מנהל יחידת מידה,0.00,לא מנהל יחידת מידה,false,1,7.90,0.0000,true,1,35539
4009900402965,false,מסטיק אורביט וויט פי,ריגלי,,מסטיק אורביט וויט פירות בקבוקון,Unknown,0.00,Unknown,false,1,9.90,0.0000,true,1,88928
4009900403023,false,מסטיק אורביט וויט מנ,ריגלי,,מסטיק אורביט וויט מנטה בקבוקון,גרמים,64.00,100 גרם,false,1,9.90,15.4688,true,1,88929
4009900406918,false,הובה בובה טייפ טריפל,ריגלי,,הובה בובה טייפ טריפל מיקס,Unknown,0.00,Unknown,false,1,7.90,0.0000,true,1,42278
4009900420129,false,אורביט פרופשיונל פפר,מרס נדרלנד,PL,אורביט פרופשיונל פפרמינט בקבוקון,לא מנהל יחידת מידה,0.00,לא מנהל יחידת מידה,false,1,9.90,0.0000,true,1,127830
4009900426039,false,מסטיק איירווייבס מנט,ריגלי,,מסטיק איירווייבס מנטה אקליפטוס בקבוקון,גרמים,64.00,100 גרם,false,1,9.90,15.4688,true,1,118265
4009900426121,false,מסטיק איירווייבס אוכ,ריגלי פולין,PL,מסטיק איירווייבס אוכמניות בקבוקון,גרמים,64.00,100 גרם,false,1,9.90,15.4688,true,1,118266
4009900455299,false,סקיטלס פירות 174 גרם,ריגלי,CZ,סקיטלס פירות 174 גרם,גרמים,174.00,100 גרם,false,1,9.90,5.6897,true,1,102248
4009900465304,false,סקיטלס חמוץ 174 גרם,ריגלי,CZ,סקיטלס חמוץ 174 גרם,גרמים,174.00,100 גרם,false,1,9.90,5.6897,true,1,102249
4009900479998,false,מסטיק אורביט אוכמניו,ריגלי,,מסטיק אורביט אוכמניות בקבוקון,Unknown,0.00,Unknown,false,1,9.90,0.0000,true,1,102250
4009900482417,false,מסטיק אורביט בבאבל מ,ריגלי,,מסטיק אורביט בבאבל מינט בקבוקון,Unknown,0.00,Unknown,false,1,9.90,0.0000,true,1,93935
4009900500166,false,סוכריות סקיטלס פירות,מארס,,סוכריות סקיטלס פירות בקבוקון 125 גרם,גרמים,125.00,100 גרם,false,1,10.90,8.7200,true,1,119708
4009900521581,false,סוכריות אורביט מינטס,מרס נדרלנד,,סוכריות אורביט מינטס דובדבן בקבוקון,לא מנהל יחידת מידה,0.00,לא מנהל יחידת מידה,false,1,11.90,0.0000,true,1,121837
4009900525138,false,מסטיק אורביט  וויט ת,ריגלי,,מסטיק אורביט  וויט תות בקבוקון,יחידה,1.00,יחידה,false,1,9.90,9.9000,true,1,146549
4009900531122,false,אורביט פרופשיונל ספי,מרס נדרלנד,PL,אורביט פרופשיונל ספירמינט בקבוקון,לא מנהל יחידת מידה,0.00,לא מנהל יחידת מידה,false,1,9.90,0.0000,true,1,127831
4009900536257,false,מסטיק אורביט רפרשרס,מרס ריגלי קונפקשונרי,PL,מסטיק אורביט רפרשרס ספירמנט 67 ג,גרמים,67.00,100 גרם,false,1,10.90,16.2687,true,1,153173
4009900536288,false,מסטיק אורביט רפרשרס,מרס ריגלי קונפקשונרי,PL,מסטיק אורביט רפרשרס פפרמ 67 ג,גרמים,67.00,100 גרם,false,1,10.90,16.2687,true,1,153174
4009900536486,false,מסטיק אורביט רפרשרס,מרס ריגלי קונפקשונרי,PL,מסטיק אורביט רפרשרס באבלמ 67 ג,גרמים,67.00,100 גרם,false,1,10.90,16.2687,true,1,153175
4009900539340,false,סקיטלס גיינט סאוור 1,מרס ריגלי קונפקשונרי,PL,סקיטלס גיינט סאוור 141 גר,גרמים,141.00,100 גרם,false,1,9.90,7.0213,true,1,157046
4009900539685,false,מסטיק פייב מנטה בקבו,מרס נדרלנד,PL,מסטיק פייב מנטה בקבוקון 61.8גרם,גרמים,62.00,100 גרם,false,1,11.90,19.1935,true,1,157518
4009900539746,false,מסטיק פייב אבטיח בקב,מרס נדרלנד,PL,מסטיק פייב אבטיח בקבוקון 61.8גרם,גרמים,62.00,100 גרם,false,1,11.90,19.1935,true,1,157519
4009900540551,false,אורביט ריפרשרס טרופי,מרס פולין,PL,אורביט ריפרשרס טרופיקל,גרמים,67.00,100 גרם,false,1,10.90,16.2687,true,1,157513
4011100001220,false,חטיף מרס מיני,מרס הולנד בי.וי.,NL,חטיף מרס מיני 403 גרם,גרמים,403.00,100 גרם,false,1,24.90,6.1787,true,1,94546
4011100002227,false,חטיף באונטי מיני,מרס הולנד בי.וי.,NL,חטיף מיני קוקוס רך מצופה שוקולד חלב באונטי 403 גרם,גרמים,403.00,100 גרם,false,1,24.90,6.1787,true,1,97590
4011800567613,false,חטיף קורני סנדוויץ ש,שוורטאוור וורקה,DE,חטיף קורני סנדוויץ שחור לבן מארז 4 יח,גרמים,120.00,100 גרם,false,1,12.90,10.7500,true,1,101184
4011800628512,false,חטיף קורני שוקולד חל,שוורטאוור וורקה,DE,קורני חטיף דגנים עם שוקולד חלב 6 יחידות 150 גרם,גרמים,150.00,100 גרם,false,1,12.90,8.6000,true,1,98219
4011800630515,false,קורני בייס שוק בננה,שוורטאוור וורקה,DE,קורני חטיף דגנים עם שוקולד חלב ובננה 175 גרם,גרמים,150.00,100 גרם,false,1,12.90,8.6000,true,1,98221
4011800632519,false,חטיף קורני שוקולד חל,שוורטאוור וורקה,DE,חטיף קורני שוקולד חלב וקוקוס מארז 6 יח,גרמים,150.00,100 גרם,false,1,12.90,8.6000,true,1,98328
4011800633516,false,חטיף קורני שוקולד מר,שוורטאוור וורקה,DE,חטיף קורני שוקולד מריר מארז 6 יח,גרמים,138.00,100 גרם,false,1,12.90,9.3478,true,1,97627
4011800636517,false,חטיף קורני FREE שוקו,שוורטאוור וורקה,DE,חטיף קורני FREE שוקולד חלב מארז 6 יח,גרמים,120.00,100 גרם,false,1,12.90,10.7500,true,1,97629
4012273123009,false,נוטריגינה קרם ידיים,פ.פ.ח. שאביט,FR,נטרוגינה קרם ידיים מרוכז 50 מל,מיליליטרים,50.00,"100 מ""ל",false,1,29.90,59.8000,true,1,152092
4012839597596,false,כבד דג שיבוט רויגן,רוג'ין פיש,,כבד דג שיבוט רויגן  115 גרם,גרמים,115.00,100 גרם,false,1,13.90,12.0870,true,1,160827
4013044100007,false,אבקת אפייה אורגנית,ליקרס,DE,ליקרס אבקת אפיה אורגנית,גרמים,84.00,100 גרם,false,1,8.20,9.7619,true,1,132047
4013044100052,false,מייצב לקציפות אורגני,תות תעשיות מזון (201,DE,מייצב לקציפות אורגני,גרמים,32.00,100 גרם,false,1,7.20,22.5000,true,1,132048
4013044100106,true,שמרים יבשים אורגנים,תות תעשיות מזון (201,DE,שמרים אורגניים יבשים פעילים,גרמים,36.00,100 גרם,false,1,19.90,55.2778,true,1,132049
4013044100182,false,מקריש צמחי טבעי,ליקרס,DE,מקריש צמחי טבעי אורגני,גרמים,30.00,100 גרם,false,1,22.90,76.3333,true,1,132052
4013197767010,false,סוכריות פחיות,יושלם,,סוכריות פחיות,קילוגרמים,0.20,"ק""ג",false,1,11.00,55.0000,true,1,68121
4013197767027,false,סוכריות פחיות,יושלם,,סוכריות פחיות,קילוגרמים,0.20,"ק""ג",false,1,11.00,55.0000,true,1,68124
4013197767034,false,סוכריות פחיות,יושלם,,סוכריות פחיות,קילוגרמים,0.20,"ק""ג",false,1,11.00,55.0000,true,1,68122
4013197767119,false,סוכריות פחיות,יושלם,,סוכריות פחיות,קילוגרמים,0.20,"ק""ג",false,1,11.00,55.0000,true,1,68123
4014400901191,false,בונבוניירה מרסי 250,אוגוסט שטורק,DE,בונבוניירה מרסי 250 גרם,גרמים,250.00,100 גרם,false,1,29.90,11.9600,true,1,4131
4014400901405,false,בונבוניירה מרסי חלב,קריניציה ויטמינה אס,DE,"בונבוניירה מרסי חלב 250 גר             """,גרמים,250.00,100 גרם,false,1,29.90,11.9600,true,1,36173
4014400901412,false,בונבוניירה מרסי מריר,תות ממתקי איכות,,בונבוניירה מרסי מריר 250 גרם,גרמים,250.00,100 גרם,false,1,29.90,11.9600,true,1,78764
4014400903409,false,בונבונירה טופפי,קריניציה ויטמינה אס,DE,בונבונירה טופפי 250 גר,גרמים,250.00,100 גרם,false,1,30.90,12.3600,true,1,15786
4014400904277,false,סוכריות אייס פרש,תות ממתקי איכות,DE,אייספרש 425 גרם (15 בקרטון),גרמים,425.00,100 גרם,false,1,19.90,4.6824,true,1,16838
4014400904307,false,סוכריות קליפורניה 42,קריניציה ויטמינה אס,DE,קליפורניה שקית 425 גר',גרמים,425.00,100 גרם,false,1,19.90,4.6824,true,1,115411
4014400904376,false,סוכריות שוקולדן,קריניציה ויטמינה אס,DE,סוכ.שטורק שוקולדן 325 גר,גרמים,326.00,100 גרם,false,1,19.90,6.1043,true,1,4133
4014400904390,false,סוכריות שטורק וולמיל,קריניציה ויטמינה אס,DE,וולמילש 325 גר',גרמים,325.00,100 גרם,false,1,19.90,6.1231,true,1,4134
4014400907902,false,סוכריות ללא סוכר,שטורק,DE,ורטרס אורגינל 42 גרם,גרמים,42.00,100 גרם,false,1,6.90,16.4286,true,1,69169
4014400909692,false,סוכריות ורטר קפה,קריניציה ויטמינה אס,DE,סוכריות וורטר קפה ללא סוכר,גרמים,42.00,100 גרם,false,1,6.90,16.4286,true,1,83958
4014400910063,false,סוכריות חמאה וורטר1,אוגוסט שטורק,DE,וורטרס אורגינל סוכריות חמאה 135 גרם,גרמים,135.00,100 גרם,false,1,10.90,8.0741,true,1,70000
4014400913910,false,סוכריות וורטר קרימי,תות ממתקי איכות,DE,וורטר במילוי קרם 125 גרם,גרמים,125.00,100 גרם,false,1,11.90,9.5200,true,1,101554
4014400914696,false,סוכריות חמאה וורטר ל,אוגוסט שטורק,DE,סוכריות חמאה וורטר ללא סוכר 80 גרם,גרמים,80.00,100 גרם,false,1,10.90,13.6250,true,1,73268
4014400914924,false,סוכריות קפה וורטר לל,אוגוסט שטורק,DE,סוכריות חמאה וורטרס ללא סוכר בטעם קפוצ'ינו,גרמים,80.00,100 גרם,false,1,11.90,14.8750,true,1,73269
4014400920857,false,וורטר שוקולד ללא סוכ,קריניציה ויטמינה אס,DE,וורטרס סוכריות חמאה בטעם שוקולד ללא סוכר,Unknown,0.00,Unknown,false,1,11.90,0.0000,true,1,107688
4014400923711,false,בונבוניירה טופיפי שו,אוגוסט שטורק,DE,בונבוניירה טופיפי שוקולד 125 גרם,גרמים,125.00,100 גרם,false,1,13.90,11.1200,true,1,119147
4014400925319,false,וורטר פופקורן קרמל 1,שטורק,DE,חטיף פופקורן בציפוי קרמל,גרמים,140.00,100 גרם,false,1,14.90,10.6429,true,1,151519
4015000031394,false,מסיר כתמים ספטיל משח,הנקל,HU,ספטיל משחה להסרת כתמים,מיליליטרים,200.00,"100 מ""ל",false,1,16.90,8.4500,true,1,4137
4015400498124,false,תחבושות אולוויז אולט,פרוקטל אנד גמבל,DE,תחבושות אולוויז אולטרה לילה 18 יח,יחידה,18.00,יחידה,false,1,18.90,1.0500,true,1,160629
4015400755487,false,תחבושות אולווייז ולי,פרוקטר אנד גמבל,UA,תחבושות אולווייז וליו פק לונג 24 יחידות,לא מנהל יחידת מידה,0.00,לא מנהל יחידת מידה,false,1,18.90,0.0000,true,1,116450
4015600762742,false,שמפו הד אנד שולדרס ק,קדבורי,RO,"הד אנד שולדרס שמפו קלאסי  500 מ""ל",מיליליטרים,500.00,"100 מ""ל",false,1,24.90,4.9800,true,1,115395
4015600762780,false,שמפו הד אנד שולדרס 2,קדבורי,RO,"הד אנד שולדרס 2 ב 1 קלאסי 500  מ""ל",מיליליטרים,500.00,"100 מ""ל",false,1,24.90,4.9800,true,1,115396
4015600762902,false,שמפו הד אנד שולדרס מ,קדבורי,RO,"הד אנד שולדרס שמפו מנטול  500 מ""ל",מיליליטרים,500.00,"100 מ""ל",false,1,24.90,4.9800,true,1,115397
4015600762940,false,שמפו הד אנד שולדרס ת,קדבורי,RO,"הד אנד שולדרס שמפו תפוח 500 מ""ל",מיליליטרים,500.00,"100 מ""ל",false,1,24.90,4.9800,true,1,120256
4015600763022,false,שמפו הד אנד שולדרס ל,קדבורי,RO,"שמפו הד אנד שולדרס למניעת קשקשים 500 מ""ל",מיליליטרים,500.00,"100 מ""ל",false,1,24.90,4.9800,true,1,111101
4015600766900,false,שמפו הד אנד שולדרס 2,קדבורי,RO,"הד אנד שולדרס שמפו 2 ב1 מנטול 500 מ""ל",מיליליטרים,500.00,"100 מ""ל",false,1,24.90,4.9800,true,1,120251
4015600810849,false,Gillette Clear Gel A,פרוקטר אנד גמבל,PL,Gillette Clear Gel AP Deo Stick Power Ru,מיליליטרים,70.00,"100 מ""ל",false,1,16.90,24.1429,true,1,101644
4017100198151,false,בלזן היט וניל 220גרם,בלזן,PL,בלזן היט וניל 220גרם,גרמים,220.00,100 גרם,false,1,8.90,4.0455,true,1,110182
4017100210105,false,וופלטן וופל מגולגל מ,באלסן,DE,וופלטן וופל מגולגל מריר 100 גרם,גרמים,100.00,100 גרם,false,1,13.90,13.9000,true,1,110183
4017100216800,true,וופל מיניס מצופה שוק,בלזן,DE,בלזן וופל מצופה שוקולד חלב,גרמים,75.00,100 גרם,false,1,9.90,13.2000,true,1,118313
4017100219900,false,ופל ופלטן מגולגל מצו,חברת באלסן,DE,ופל ופלטן מגולגל מצופה שוקולד 100 גרם,גרמים,100.00,100 גרם,false,1,13.90,13.9000,true,1,4164
4017100290008,false,ביסקוויט בלזן מצופה,הדקלאים אגודת שיתופי,DE,ביסקוויט בלזן מצופה שוקולד חלב 125 גרם,גרמים,125.00,100 גרם,false,1,13.90,11.1200,true,1,4166
4017100291005,false,ביסקוויטבלזן מצופה ש,חברת באלסן,DE,בלזן לייבניז בסקויט חמאה מצופה שוקולד מריר,גרמים,125.00,100 גרם,false,1,13.90,11.1200,true,1,120547
4017100364112,false,עוגיות היט קקאו 220,הדקלאים אגודת שיתופי,PL,עוגיות היט קקאו 220 גרם,גרמים,220.00,100 גרם,false,1,8.90,4.0455,true,1,107055
4018722100133,false,אטריות כוסמין וביצים,אלב גולד,DE,אטריות כוסמין וביצים אורגניות,גרמים,250.00,100 גרם,false,1,16.90,6.7600,true,1,124477
4018722100157,false,פסטה פוזילי כוסמין מ,האחים פלם הגפן,DE,פסטה פוזילי כוסמין מלא 250 גרם,גרמים,250.00,100 גרם,false,1,13.90,5.5600,true,1,124478
4018722100188,true,אטריות כוסמין ביצים,אלב גולד,DE,אטריות כוסמין ביצים רחבות 250 גרם,גרמים,250.00,100 גרם,false,1,16.90,6.7600,true,1,124421
4018722102632,true,ספגטי כוסמין מלא אור,אלב גולד,DE,כוסמין פסטה אורגנית,גרמים,500.00,100 גרם,false,1,17.90,3.5800,true,1,124479
4018722102656,true,ספגטי כוסמין אורגני,אלב גולד,DE,אלב גולד - ספגטי כוסמין אורגני 500 גרם,גרמים,500.00,100 גרם,false,1,17.90,3.5800,true,1,124480
4018722303459,true,מקרוני כוסמין אורגני,אלב גולד,DE,אלב גולד - מקרוני כוסמין אורגני,גרמים,250.00,100 גרם,false,1,13.90,5.5600,true,1,124481
4022025001752,true,יין בלו נאן מבעבע כש,,,"יין בלו נאן מבעבע כשר 750 מ""ל",מיליליטרים,750.00,"100 מ""ל",false,1,54.90,7.3200,true,1,126755
4022025001790,false,יין בלו נאן 24K גולד,היי סישל סוהן טראבן,DE,"יין בלו נאן 24K גולד מבעבע כשר 750 מ""ל",מיליליטרים,750.00,"100 מ""ל",false,1,54.90,7.3200,true,1,126881
4022025002087,false,24K יין בלו נאן רוזה,בלו נאן,DE,"24K יין בלו נאן רוזה מבעבע כשר 750 מ""ל",מיליליטרים,750.00,"100 מ""ל",false,1,54.90,7.3200,true,1,156905
4022025002254,false,24K יין בלו נאן רוזה,בלו נאן,DE,"24K יין בלו נאן רוזה כשר 200 מ""ל",מיליליטרים,200.00,"100 מ""ל",false,1,25.90,12.9500,true,1,157119
4022025262009,false,יין בלו נאן גוורצטרמ,לנגוט טראבן,,"יין בלו נאן גוורצטרמינר כשר  750 מ""ל",מיליליטרים,750.00,"100 מ""ל",false,1,49.90,6.6533,true,1,119919
4022025290309,false,יין בלו נאן פינק רוז,בלו נאן,DE,"יין בלו נאן פינק רוזה כשר 750 מ""ל",מיליליטרים,750.00,"100 מ""ל",false,1,49.90,6.6533,true,1,156904
4022025290408,false,בלו ווין רוזה כשר 75,בלו נאן,DE,בלו ווין רוזה כשר 750 מל,מיליליטרים,750.00,"100 מ""ל",false,1,49.90,6.6533,true,1,127849
4023800531648,false,בונ מוצרט 200 ג CARS,Erasmi & Carstens Gm,DE,בונ מוצרט 200 ג CARSTENS,גרמים,200.00,100 גרם,false,1,19.90,9.9500,true,1,159001
4025700001962,false,שוקולד מילקה לבן,פי אר ג'יי אס סי מונ,UA,שוקולד מילקה לבן 100 גרם,גרמים,100.00,100 גרם,false,1,6.90,6.9000,true,1,64471
4033100024252,false,סיגריות וינסטון אקוו,JTI,,סיגריות וינסטון אקווה חפיסה בודד,יחידה,0.00,יחידה,false,1,32.00,0.0000,false,1,88051
4044889000610,false,שוקולד מריר אורגני ו,המאפיה של הרמן,DE,"ויואני שוקולד מריר אורגני 70%, 100 גרם",גרמים,100.00,100 גרם,false,1,19.90,19.9000,true,1,124010
4052197000017,false,בירה בנדיקטינר בקבוק,בנדיקטינר וויצבראו,DE,בנדיקטינר בירה 500 מל,מיליליטרים,500.00,"100 מ""ל",false,1,10.90,2.1800,true,1,93344
4052197000352,false,בירה בנדיקטינר חיטה,בנדקטינר,,"בירה בנדיקטינר חיטה בקבוק 330 מ""ל",מיליליטרים,330.00,"100 מ""ל",false,1,9.50,2.8788,true,1,124259
4052197000369,false,בירה בנדיקטינר שישיי,benediktiner,DE,"בירה בנדיקטינר שישייה בקבוק 330 מ""ל",ליטרים,1.98,ליטר,false,1,55.90,28.2323,true,1,124258
4052197001281,false,בירה בנדיקטינר פחית,בנדקטינר,,"בירה בנדיקטינר פחית 500 מ""ל",מיליליטרים,500.00,"100 מ""ל",false,1,9.50,1.9000,true,1,106858
4062400543125,false,טקילה סיירה זהב רפוס,Sierra Unidas,MX,סיארה טקילה רפוסאדו 700 מל,מיליליטרים,700.00,"100 מ""ל",false,1,94.90,13.5571,true,1,112885
4066600612049,false,פאולנר אוקטובר פייס,"איי, בי, אינבוו",DE,"בירה פאולנר אוקטוברפסט,  בקבוק 500 מ""ל",מיליליטרים,500.00,"100 מ""ל",false,1,12.90,2.5800,true,1,150584
4066600999614,false,בירה פאולנר בקבוק 50,"איי, בי, אינבוו",DE,"בירה פאולנר, בירת חיטה מעוננת, בקבוק 500 מ""ל",מיליליטרים,500.00,"100 מ""ל",false,1,12.90,2.5800,true,1,120045
4072700001188,false,בירה פרנסיסקאנר בהיר,"איי, בי, אינבוו",DE,בירה פרנסיסקאנר כהה 500 מל,מיליליטרים,500.00,"100 מ""ל",false,1,11.90,2.3800,true,1,57937
4072700001775,false,בירה פרנסיסקאנר בהיר,"איי, בי, אינבוו",DE,"בירה פרנסיסקאנר בהירה פחית 500 מ""ל",מיליליטרים,500.00,"100 מ""ל",false,1,11.90,2.3800,true,1,70763
4072700003649,false,בירה פרנסיסקאנר בקבו,"איי, בי, אינבוו",DE,בירה פרנסיסקאנר בהירה 500 מל,מיליליטרים,500.00,"100 מ""ל",false,1,11.90,2.3800,true,1,57161
4084500065536,false,קרם לחות פנטן,קדבורי,FR,קרם לחות פנטן,לא מנהל יחידת מידה,0.00,לא מנהל יחידת מידה,false,1,19.90,0.0000,true,1,112458
4084500371453,false,טייד אבקת כביסה אלפי,קדבורי,TR,"טייד אבקת כביסה אלפיין 8 ק""ג",קילוגרמים,8.00,"ק""ג",false,1,59.90,7.4875,true,1,102877
4084500876019,false,נוזל כלים פיירי לימו,פרוקטר אנד גמבל,GB,נוזל כלים פיירי לימון 500 מל,מיליליטרים,500.00,"100 מ""ל",false,1,8.90,1.7800,true,1,158538
4100130937163,false,בירה בקס 6 יחידות 1.,"איי, בי, אינבוו",DE,בירה בקס 6 יחידות 1.65 ליטר,מיליליטרים,275.00,"100 מ""ל",false,1,34.90,12.6909,true,1,109981
4100470106700,true,חומץ תפוחים טבעי ואו,ברוקהרט,DE,נטורפוד חומץ תפוחים טבעי ואורגני,מיליליטרים,750.00,"100 מ""ל",false,1,25.90,3.4533,true,1,124422
4105120623941,false,בירה וויינשטפן בקבוק,"ויינשטפן, ת.ד 1155 פ",DE,"ויינשטפן בק ח""פ 500 מ""ל",מיליליטרים,500.00,"100 מ""ל",false,1,12.90,2.5800,true,1,151297
4260334140049,true,שוקולד גנדויה  עם אג,איקאם ספא,IT,שוקולד ג'נדויה טבעוני בתוספת אגוזי לוז שלמים,גרמים,65.00,100 גרם,false,1,12.90,19.8462,true,1,125907
4260334140193,false,ממרח אגוזי לוז וקקאו,גוד פוד פרודקטס S.p,DE,ממרח אגוזי לוז קקאו אורגני 200 גרם עם כוס זכוכית,גרמים,200.00,100 גרם,false,1,26.90,13.4500,true,1,128687
4260334140308,false,וגו  מריר שקדים ופיר,איקאם ספא,IT,וגו  מריר שקדים ופירות יער אורגני  85  גרם,גרמים,85.00,100 גרם,false,1,24.90,29.2941,true,1,157092
4260334140605,false,שוקולד גנדויה טבעוני,האי נאם סי או אל.טי.,IT,שוקולד גנדויה טבעוני עם אגוזי לוז 150גרם,גרמים,150.00,100 גרם,false,1,20.90,13.9333,true,1,150422
4600659010854,false,וודקה סטולי בקבוק 70,פארייפאבה אגרואינדוס,LV,"וודקה סטולי בקבוק 700 מ""ל",מיליליטרים,700.00,"100 מ""ל",false,1,69.90,9.9857,true,1,16391
4602486002071,false,וודקה בלנקאיה גולד 7,מזקקת גאורגייבסקי קר,RU,וודקה בלנקאיה גולד 700 מל,מיליליטרים,770.00,"100 מ""ל",false,1,59.90,7.7792,true,1,146733
4603400000043,false,וודקה רוסקי סטנדרט ב,האי נאם סי או אל.טי.,RU,"וודקה רוסקי סטנדרט בקבוק 700 מ""ל",מיליליטרים,700.00,"100 מ""ל",false,1,69.90,9.9857,true,1,111586
4603514009390,false,גין באריסטר אולד טום,לדוגה,RU,גין באריסטר אולד טום סמול באטש 700מל,מיליליטרים,700.00,"100 מ""ל",false,1,119.90,17.1286,true,1,155965
4603514010976,false,גין באריסטר יבש עם כ,לדוגה,RU,גין באריסטר יבש עם כוס 0.7 ל,מיליליטרים,700.00,"100 מ""ל",false,1,99.90,14.2714,true,1,155967
4603514011027,false,גין באריסטר ראשין סמ,לדוגה,RU,גין באריסטר ראשין סמול באטש 700מל,מיליליטרים,700.00,"100 מ""ל",false,1,144.90,20.7000,true,1,155966
4603928000976,false,"וודקה בלוגה 700 מ""ל",מרינסקי ליקרו-וודאצ',RU,"וודקה בלוגה 700 מ""ל",מיליליטרים,700.00,"100 מ""ל",false,1,139.90,19.9857,true,1,93598
4607012351005,false,מרטין גרעיני חמניות,"נארז ע""י : א.ג. גילר",RU,גרעיני חמניה קלויים מרטין 200 גרם,גרמים,200.00,100 גרם,false,1,12.90,6.4500,true,1,126362
4607012351999,false,גרעיני חמניות מרטין,"נארז ע""י : א.ג. גילר",RU,גרעיני חמנייה במלח מרטין 200 גרם,גרמים,200.00,100 גרם,false,1,12.90,6.4500,true,1,126361
4607012352002,true,גרעיני דלעת מרטין,,,גרעיני דלעת מרטין,Unknown,0.00,Unknown,false,1,12.90,0.0000,true,1,132128
4610028130052,false,וודקה  לגנד אוף קרמל,מפעל משקאות,,וודקה  לגנד אוף קרמלין 0.70,יחידה,1.00,יחידה,false,1,119.90,119.9000,true,1,146745
4640018993343,false,פיניש קוואנטום 30 יח,רקיט בנקיזר,PL,פיניש קוואנטום קפסולות למדיח 30 טבליות,גרמים,375.00,100 גרם,false,1,39.90,10.6400,true,1,151734
4640018993350,false,פיניש קוואנטום 30 יח,רקיט בנקיזר,PL,פיניש קוואנטום 30 יח קפסולות גיל לימון,גרמים,375.00,100 גרם,false,1,39.90,10.6400,true,1,151735
4710068001692,false,מאסטר קפה לאטה 240 מ,תאיט מרקטינג אנד דיס,,מאסטר קפה לאטה פחית,מיליליטרים,240.00,"100 מ""ל",false,1,7.50,3.1250,true,1,100085
4710068001715,false,מאסטר קפה טירמיסו 24,"איי, בי, אינבוו",,מאסטר קפה טרמיסו פחית 240 מל,מיליליטרים,240.00,"100 מ""ל",false,1,7.50,3.1250,true,1,100147
4710068001739,false,מאסטר קפה קולומביאני,"איי, בי, אינבוו",,מאסטר קפה משקה קפה קר קלאסיקו 240 מל,מיליליטרים,240.00,"100 מ""ל",false,1,7.50,3.1250,true,1,100086
4710068002798,false,מאסטר קפה וונילה פחי,מאיטה פוד אינדוסטריא,,מאסטר קפה לאטה פחית,מיליליטרים,240.00,"100 מ""ל",false,1,7.50,3.1250,true,1,130408
4711476002813,false,קפה קר מוקצינו 240 מ,,CN,קפה קר מוקצינו 240 מל,מיליליטרים,240.00,"100 מ""ל",false,1,9.60,4.0000,true,1,160484
4750012000173,false,דיווה קוסמופוליטן פס,Amberbev Internation,LV,"דיווה קוסמופוליטן פסיפלורה 750 מ""ל",מיליליטרים,750.00,"100 מ""ל",false,1,19.90,2.6533,true,1,149624
4750012025855,false,דיווה מבעבע קוסמופול,Amberbev Internation,LV,"דיווה מבעבע קוסמופוליטן אפרסק 750 מ""ל",מיליליטרים,750.00,"100 מ""ל",false,1,19.90,2.6533,true,1,114494
4750021000782,false,וודקה סטולי Elit בקב,אס.פי.איי.גרופ,,"וודקה סטולי Elit בקבוק 500 מ""ל",מיליליטרים,500.00,"100 מ""ל",false,1,119.90,23.9800,true,1,122663
4750021003905,false,וודקה סטולי גולד בקב,"איי, בי, אינבוו",LV,וודקה סטולי גולד,מיליליטרים,700.00,"100 מ""ל",false,1,144.90,20.7000,true,1,122704
4750142016518,false,בירה צסו לא מסוננת,מנדלז סי.אר. פרודקשן,LV,צ'סו אלוס בירה צ'סו לא מסוננת 568 מל,מיליליטרים,568.00,"100 מ""ל",false,1,8.20,1.4437,true,1,126187
4750142021505,false,בירה פילזנר פחית 500,צסו אלוס,LV,צ'סו אלוס בירה פילזנר 500 מל,מיליליטרים,500.00,"100 מ""ל",false,1,6.20,1.2400,true,1,126186
4751007730938,false,שימורי שפרוטים מעושנ,,LV,שימורי שפרוטים מעושנים בשמן צמחי 240גרם,גרמים,240.00,100 גרם,false,1,9.90,4.1250,true,1,149687
4770179109991,false,PERGALבונבונירה שוקו,PERGALE,LT,PERGALבונבונירה שוקולד עם וודקה 190גרם,גרמים,190.00,100 גרם,false,1,17.90,9.4211,true,1,155332
4770179110126,false,PERGALEבונ שוק עם לי,BARILLA G.E.R.,BE,PERGALEבונ שוק עם ליקר שרי 190 ג,גרמים,190.00,100 גרם,false,1,17.90,9.4211,true,1,159395
4770179998090,false,PERGALE ROSבונ רוזס,BARILLA G.E.R.,BE,PERGALE ROS,גרמים,348.00,100 גרם,false,1,34.90,10.0287,true,1,159396
4770179998311,false,PERGALE GOLDבונ גולד,BARILLA G.E.R.,BE,PERGALE GOLDבונ גולד שוקולד חלב 348 ג,גרמים,348.00,100 גרם,false,1,34.90,10.0287,true,1,159397
4792032060454,true,מי קוקוס אורגני גרין,בן טרה ג'וינט סטוק,DE,GREEN COCO מי קוקוס אורגני 330 מל,מיליליטרים,330.00,"100 מ""ל",false,1,9.40,2.8485,true,1,116793
4793000637005,false,מקלות קינמון ציילון,אף.סי תבליני בגליל ב,DE,קינמון ציילוני אמיתי טחון אורגני,גרמים,50.00,100 גרם,false,1,19.90,39.8000,true,1,149421
4793000637012,false,קינמון ציילון אורגני,אף.סי תבליני בגליל ב,DE,קינמון ציילון אורגני טחון 70 גרם נטורפוד,גרמים,70.00,100 גרם,false,1,16.90,24.1429,true,1,149422
4793000637029,false,אבקת מורינגה אורגנית,תות תעשיות מזון (201,DE,אבקת מורינגה אורגנית  70 גרם נטורפוד,גרמים,70.00,100 גרם,false,1,16.90,24.1429,true,1,149423
4796012480133,false,קמח קוקוס 500 גרם,אופק מן הטבע,,קמח קוקוס 500 גרם,גרמים,500.00,100 גרם,false,1,23.90,4.7800,true,1,120976
4796019790013,false,שמן קוקוס אורגני גרי,גרין קוקו,,שמן קוקוס אורגני,מיליליטרים,300.00,"100 מ""ל",false,1,23.90,7.9667,true,1,115751
4796019790020,false,שמן קוקוס אורגני 500,גרין קוקו,LK,"שמן קוקוס אורגני 500 מ""ל",מיליליטרים,500.00,"100 מ""ל",false,1,33.90,6.7800,true,1,124476
4796019790037,false,שמן קוקוס אורגני גרי,כפרי בריא,,שמן קוקוס אורגני,ליטרים,1.00,ליטר,false,1,49.90,49.9000,true,1,120668
4800888219534,false,דאו סטיק אורגינל דאב,"חברת זולברג, גוברנור",IL,דאב דאורדורנט סטיק אוריגינל 50 גרם,גרמים,50.00,100 גרם,false,1,24.90,49.8000,true,1,155049
4801234159856,false,מטהר גלייד מיני גל,ג'ינסו ג'ונסון טונגד,CN,גלייד מיני-ג'ל מפיץ ריח בניחוח מרכך כביסה 70 גרם,גרמים,70.00,100 גרם,false,1,9.90,14.1429,true,1,92533
4801234159863,false,מטהר אוויר גלייד,המאפיה של הרמן,CN,מטהר אוויר גלייד מיני גל חבצלו,גרמים,70.00,100 גרם,false,1,9.90,14.1429,true,1,92534
4820163124124,false,וודקה חורטיצה גרין ל,אוקראיניאן דיסטרביוט,UA,וודקה חורטיצה גרין ליין 0.7 כשרה לפסח,מיליליטרים,700.00,"100 מ""ל",false,1,69.90,9.9857,true,1,157613
4820229031311,false,וודקה חורטיצה פלטינו,Global Gourmet Produ,UA,וודקה חורטיצה פלטינום 700 מל,מיליליטרים,700.00,"100 מ""ל",false,1,69.90,9.9857,true,1,158934
4820229032219,false,וודקה חורטיצה אייס 7,Global Gourmet Produ,UA,וודקה חורטיצה אייס 700 מל,מיליליטרים,700.00,"100 מ""ל",false,1,74.90,10.7000,true,1,158935
4860009000014,false,מיץ רימונים גרוזיני,יושלם,,מיץ רימונים גרוזיני                100%,ליטרים,1.00,ליטר,false,1,18.00,18.0000,true,1,46161
4860019001346,false,"מים מינרלים בורג""ומי",אי די אס בורגומי,,"מים מינרלים בורג""ומי 500 מ""ל",מיליליטרים,500.00,"100 מ""ל",false,1,7.90,1.5800,true,1,76159
4891228308032,false,שיק אינטואיישן ידית+,ארץ ייצור סכינים: אר,US,schick - Hydro 5 - sense,יחידה,1.00,יחידה,false,1,69.90,69.9000,true,1,148715
4891228308049,false,שיק היידרו 5 ידית+7,ארץ ייצור סכינים: אר,US,schick - Hydro 5 - sense,יחידה,1.00,יחידה,false,1,69.90,69.9000,true,1,148714
4891228430047,false,שיק אקזקטה 2ירוק 10י,שיק,CN,שיק אקזקטה סכיני גילוח חד פעמי לעור רגיש 10 יחידות,לא מנהל יחידת מידה,0.00,לא מנהל יחידת מידה,false,1,31.60,0.0000,true,1,31193
4891228430085,false,סכיני גילוח שייק אקס,שיק,CN,סכיני גילוח שייק אקסטרים 3 כחול רביעייה,לא מנהל יחידת מידה,0.00,לא מנהל יחידת מידה,false,1,19.90,0.0000,true,1,31830
4891228430092,false,סכיני גילוח שייק אקס,שיק,CN,שיק אקסטרים 3 סכיני גילוח לאישה לעור רגיש,לא מנהל יחידת מידה,0.00,לא מנהל יחידת מידה,false,1,19.90,0.0000,true,1,41815
4891228460242,false,סכין שיק קואטרו נשים,שיק,CN,שיק קוואטרו סכיני גילוח חד פעמיים לאישה 3 יחידות,לא מנהל יחידת מידה,0.00,לא מנהל יחידת מידה,false,1,31.60,0.0000,true,1,59102
4902430751483,false,מכשיר גילוח גילט מאך,פרוקטר אנד גמבל,PL,מכשיר גילוח גילט מאך 3 סכין,יחידה,1.00,יחידה,false,1,19.90,19.9000,true,1,130572
4902506070463,true,טוש סימון שחור-שימוש,,,טוש סימון שחור-שימוש,,0.00,,false,,9.90,0.0000,true,1,161000
4903001904192,false,רוטב סויה יאמסה פרמי,הדקלאים אגודת שיתופי,JP,סויה פרימיום 500 מ'ל ב 12,מיליליטרים,500.00,"100 מ""ל",false,1,18.90,3.7800,true,1,92784
4903001904208,false,רוטב סויה ימאסה 1 לי,הדקלאים אגודת שיתופי,JP,סויה פרימיום 1 ליטר,ליטרים,1.00,ליטר,false,1,34.90,34.9000,true,1,93574
4903001925784,false,סויה יאמאסה,הדקלאים אגודת שיתופי,JP,סויה דל מלח 500 מ'ל ב 12,גרמים,500.00,100 גרם,false,1,21.90,4.3800,true,1,101494
4903001930993,true,רוטב טריאקי ימאסה,הדקלאים אגודת שיתופי,JP,טריאקי יאמסה 500 מ'ל,Unknown,0.00,Unknown,false,1,21.90,0.0000,true,1,127161
5000111001007,false,"רוטב HP255 מ""ל",HP,,"רוטב HP255 מ""ל",גרמים,250.00,100 גרם,false,1,23.90,9.5600,true,1,90434
5000111041065,false,רוטב וויטרשייר 150 מ,תאי פרזידנט פוד פאבל,,היינץ ווורסטרשייר 150 מל,מיליליטרים,150.00,"100 מ""ל",false,1,12.90,8.6000,true,1,145870
5000111047364,true,HP ברביקיו דבש,יוניליוור גרמניה  Gm,NL,HP  ברביקיו דבש 465 גרם,גרמים,465.00,100 גרם,false,1,16.90,3.6344,true,1,132468
5000111047371,true,HP ברביקיו קלאסי,כלורוקס אוקלנד,NL,465 גרםHP  ברביקיו קלאסי,גרמים,465.00,100 גרם,false,1,16.90,3.6344,true,1,126600
5000157143365,true,מתבל בטעם מיונז וקטש,תאי פרזידנט פוד פאבל,PL,מתבל בטעם מיונז וקטשופ היינץ 425 מל,מיליליטרים,425.00,"100 מ""ל",false,1,15.90,3.7412,true,1,147761
5000159341335,true,מאגדת גלידה סניקרס,,,מאגדת גלידה סניקרס,,0.00,,false,,30.90,0.0000,true,1,160631
5000159344074,false,מאגדת גלידה סניקרס 6,פלדמן,IL,מאגדת גלידה סניקרס 6 יח  288 גר,גרמים,288.00,100 גרם,false,1,31.90,11.0764,true,1,121443
5000159376655,false,סוכריות סקיטלס פירות,ריגלי ממתקים,,סוכריות סקיטלס פירות 38 גרם,גרמים,38.00,100 גרם,false,1,4.50,11.8421,true,1,90309
5000159376792,false,סוכריות סקיטלס חמוץ,ריגלי ממתקים,,סוכריות סקיטלס חמוץ 38 גרם,גרמים,38.00,100 גרם,false,1,4.50,11.8421,true,1,90310
5000159407236,false,חטיף מרס,מרס נדרלנד,,חטיף מרס 51 גרם,גרמים,51.00,100 גרם,false,1,4.90,9.6078,true,1,49581
5000159414197,false,מלטיזרס 135גרם,מרס שוקולד צ.אמריקה,NL,מלטיזרס 135גרם,גרמים,135.00,100 גרם,false,1,15.90,11.7778,true,1,158730
5000159442572,false,חטיף טויקס מיני,מרס גי אם בי אייץ,DE,חטיף מיני אצבעות קרמל ושוקולד טוויקס 403 גרם,גרמים,403.00,100 גרם,false,1,24.90,6.1787,true,1,97631
5000159452977,false,חטיפי שוקולד מיקס מי,מרס הולנד בי.וי.,NL,חטיפי שוקולד מיקס מיני 400 גרם,גרמים,400.00,100 גרם,false,1,28.90,7.2250,true,1,97632
5000159459228,false,חטיף טויקס שוקולד,"נארז ע""י : א.ג. גילר",NL,חטיף טויקס 50 גרם,גרמים,50.00,100 גרם,false,1,4.90,9.8000,true,1,92080
5000159461122,false,חטיף סניקרס שוקולד,"נארז ע""י : א.ג. גילר",NL,חטיף סניקרס שוקולד 50 גרם,גרמים,50.00,100 גרם,false,1,4.90,9.8000,true,1,92081
5000159474771,false,שקית שוקולד מרס 170ג,מרסי,NL,שקית שוקולד מרס 170גרם,גרמים,170.00,100 גרם,false,1,11.90,7.0000,true,1,151034
5000159483063,false,מאגדת גלידה באונטי 6,פלדמן,IL,מאגדת גלידה באונטי 6 יח 234.6 גר,גרמים,235.00,100 גרם,false,1,31.90,13.5745,true,1,121441
5000159484695,false,מאגדת גלידה טוויקס 6,פלדמן,IL,מאגדת גלידה טוויקס 6 יח 205.2 גר,גרמים,205.00,100 גרם,false,1,31.90,15.5610,true,1,121442
5000159500692,false,בקבוק סלבריישן  312,מארס,NL,בקבוק סלבריישן  312 גרם,גרמים,312.00,100 גרם,false,1,34.90,11.1859,true,1,160149
5000159500845,true,סלבריישן מארז מתנה 1,מארס,NL,סלבריישן מארז מתנה 196 גרם,גרמים,196.00,100 גרם,false,1,22.90,11.6837,true,1,160144
5000159509633,false,מאגדת סניקרס לבן,מארס שוקולד,FR,מאגדת סניקרס לבן,גרמים,245.00,100 גרם,false,1,31.90,13.0204,true,1,125990
5000159541152,false,טוייקס לבן 46 גרם,מרס.גי אם. בי אייץ,DE,טוייקס לבן 46 גרם,גרמים,46.00,100 גרם,false,1,4.90,10.6522,true,1,155214
5000159541459,true,מאגדת גלידה מארס 6 י,,,מאגדת גלידה מארס 6 י,,0.00,,false,,31.90,0.0000,true,1,160385
5000186735012,false,סיף קרם רב תכליתי בנ,יוניליוור,GB,סיף קרם רב תכליתי בניחוח לימון 500 מל,ליטרים,500.00,ליטר,false,1,11.90,0.0238,true,1,158539
5000186735036,false,סיף קרם רב תכליתי 50,יוניליוור,GB,סיף קרם רב תכליתי 500 מל,ליטרים,500.00,ליטר,false,1,11.90,0.0238,true,1,158540
5000204048711,false,קיווי להגנת נעלי ספו,ג'ונסון אנד ג'ונסון,PL,"קיווי להגנת נעלי ספורט 200 מ""ל",מיליליטרים,200.00,"100 מ""ל",false,1,17.90,8.9500,true,1,156294
5000204048803,false,קיווי לניקוי נעלי ספ,ג'ונסון אנד ג'ונסון,PL,"קיווי לניקוי נעלי ספורט 75 מ""ל",מיליליטרים,75.00,"100 מ""ל",false,1,17.90,23.8667,true,1,156295
5000204114898,false,גלייד ארוסול בניחוח,אס.סי גונוסון,NL,"גלייד אירוסול מרכך כביסה 300 מ""ל 2020",מיליליטרים,300.00,"100 מ""ל",false,1,10.90,3.6333,true,1,146585
5000204114959,false,גלייד ארוסול בניחוח,"אס.סי ג'ונסון,מידרכט",NL,"גלייד אירוסול פריחה בלבן 300 מ""ל 2020",מיליליטרים,300.00,"100 מ""ל",false,1,10.90,3.6333,true,1,146587
5000204115048,false,גלייד ארוסול בניחוח,"אס.סי ג'ונסון,מידרכט",NL,"גלייד אירוסול לבנדר 300 מ""ל 2020",מיליליטרים,300.00,"100 מ""ל",false,1,10.90,3.6333,true,1,146584
5000204151053,false,פלדג אירוסול  לניקוי,יורופרייטס,NL,פלדג לניקוי רהיטי עץ טבעי,מיליליטרים,250.00,"100 מ""ל",false,1,14.90,5.9600,true,1,149227
5000204151381,false,פלדג אירוסול  לניקוי,"אס.סי ג'ונסון, אירופ",NL,פלדג לניקוי רהיטי עץ אמבר וארגן,מיליליטרים,250.00,"100 מ""ל",false,1,14.90,5.9600,true,1,149228
5000204153729,false,גלייד מילוי אוטומטי,המאפיה של הרמן,TR,ספריי אוטומטי בניחוח לבנדר וניל,מיליליטרים,269.00,"100 מ""ל",false,1,19.90,7.3978,true,1,150090
5000204153842,false,גלייד מילוי אוטומטי,המאפיה של הרמן,TR,"גלייד מילוי אוטומטי וניל 269 מ""ל",מיליליטרים,269.00,"100 מ""ל",false,1,19.90,7.3978,true,1,150092
5000204153903,false,גלייד מילוי אוטומטי,קוסטר אירוסול ואלף ס,TR,ספריי אוטומטי בניחוח מרכך כביסה,מיליליטרים,269.00,"100 מ""ל",false,1,19.90,7.3978,true,1,150091
5000204155723,false,גלייד מארז אוטומטי מ,המאפיה של הרמן,TR,גלייד מכשיר אוטומטי בניחוח מרכך כביסה 175 גרם,מיליליטרים,269.00,"100 מ""ל",false,1,49.90,18.5502,true,1,150089
5000204156218,false,גלייד מארז אוטומטי ל,יצרן אירוסול: קוסטור,TR,"גלייד מארז אוטומטי לבנדר וניל 269 מ""ל",מיליליטרים,269.00,"100 מ""ל",false,1,49.90,18.5502,true,1,150088
5000204196658,false,רייד נוזל מילוי 45 ל,Zobele Bulgaria,BG,רייד נוזל מילוי 45 לילות 36 מל,מיליליטרים,36.00,"100 מ""ל",false,1,19.90,55.2778,true,1,153951
5000204196689,false,רייד מכשיר + נוזל מי,Zobele Bulgaria,BG,רייד מכשיר + נוזל מילוי 90לילות 36 מל,מיליליטרים,72.00,"100 מ""ל",false,1,44.90,62.3611,true,1,154906
5000204196924,false,רייד נוזל מילוי זוג,Zobele Bulgaria,BG,רייד נוזל מילוי זוג 90 לילות 36 מל,מיליליטרים,72.00,"100 מ""ל",false,1,39.90,55.4167,true,1,154907
5000204657883,false,משחת נעליים קיוי חום,המאפיה של הרמן,ID,משחת נעליים בצבע חום,יחידה,0.00,יחידה,false,1,6.80,0.0000,true,1,89650
5000204657913,false,משחת נעליים קווי שחו,המאפיה של הרמן,ID,קיווי משחת נעליים בקופסא שחור 35 גרם,יחידה,1.00,יחידה,false,1,6.80,6.8000,true,1,89651
5000204658064,false,משחת נעליים קיוי אקס,המאפיה של הרמן,HN,קיווי ספוג ייחודי לצחצוח והברקת נעליים 6 מל,מיליליטרים,0.00,"100 מ""ל",false,1,16.20,0.0000,true,1,89652
5000204658125,false,משחת נעליים קיוי קרא,המאפיה של הרמן,PL,קיווי משחת נעליים נוזלית לנעלי עור-צבע חום 75 מל,מיליליטרים,75.00,"100 מ""ל",false,1,13.90,18.5333,true,1,89653
5000204658187,false,משחת נעליים קיווי קר,המאפיה של הרמן,PL,קיווי נוזל לניקוי נעליים שחור 75 מל,מיליליטרים,75.00,"100 מ""ל",false,1,13.90,18.5333,true,1,89654
5000204660159,false,משחת נעליים קיוי אקס,המאפיה של הרמן,HN,קיווי ספוג ייחודי לצחצוח והברקת נעליים,גרמים,750.00,100 גרם,false,1,16.20,2.1600,true,1,89655
5000204661392,false,משחת נעליים קיוי אקס,המאפיה של הרמן,ID,קיווי משחת נעליים שחור 65 גרם,יחידה,0.00,יחידה,false,1,10.90,0.0000,true,1,89656
5000204886566,true,פלדג שמן לרהיטים,"איטיליאן פוד, אס.פי.",US,"פלדג' שמן התפוז לניקוי רהיטי עץ 473 מ""ל",Unknown,0.00,Unknown,false,1,34.90,0.0000,true,1,140416
5000213014905,false,בירה גינס פחית 440 מ,פארייפאבה אגרואינדוס,IE,בירה גינס 330 מל,מיליליטרים,440.00,"100 מ""ל",false,1,15.90,3.6136,true,1,123729
5000267014234,false,ויסקי גוני ווקר אדום,ג'ון ווקר ובניו,,"גוני ווקר אדום 700 מ""ל",מיליליטרים,700.00,"100 מ""ל",false,1,99.90,14.2714,true,1,92951
5000267024233,false,"ויסקי ג""וני ווקר שחו",ג'וני ווקר ובניו,,"גוני ווקר שחור 700 מ""ל",מיליליטרים,700.00,"100 מ""ל",false,1,139.90,19.9857,true,1,53858
5000267171579,false,גוני ווקר אדום 200 מ,ג'וני ווקר ובניו,GB,"ג'וני אדום 200 מ""ל פוקט 40% כהל",מיליליטרים,200.00,"100 מ""ל",false,1,34.90,17.4500,true,1,149777
5000267171654,false,גוני ווקר שחור 200 מ,ג'ון ווקר ובניו,GB,"ג'וני שחור 200 מ""ל פוקט 40% כהל",מיליליטרים,200.00,"100 מ""ל",false,1,59.90,29.9500,true,1,149776
5000289925440,false,גין גורדון בקבוק 700,אלכסנדר גורדון ושות',,"ג'ין גורדון לונדון דריי ג'ין, 700 מל",מיליליטרים,700.00,"100 מ""ל",false,1,109.90,15.7000,true,1,109655
5000291020706,false,גין טנקרי 750מל,מנדלז סי.אר. פרודקשן,GB,טנקרי ג'ין יבש 750 מל,מיליליטרים,750.00,"100 מ""ל",false,1,149.90,19.9867,true,1,152744
5000299223031,false,רום קפטן מורגן ספייס,יבואן ומשווק: ש. שסט,,קפטן מורגן ספייסד גולד 750 מל,מיליליטרים,700.00,"100 מ""ל",false,1,114.90,16.4143,true,1,123468
5000329002193,false,גין,"איי, בי, אינבוו",,"ג'ין ביפאיטר, 700 מ''ל",מיליליטרים,1.00,"100 מ""ל",false,1,119.90,11990.0000,true,1,109654
5010029000252,true,וויטביקס מקורי 430 ג,ויטהביקס לימיטד,,וויטביקס מקורי 430 גרם,גרמים,430.00,100 גרם,false,1,22.90,5.3256,true,1,155786
5010029221701,false,וויטביקס פרוטאין 440,,,וויטביקס פרוטאין 440,גרמים,440.00,100 גרם,false,1,29.90,6.7955,true,1,125097
5010038454831,false,בירה בלו מון בקבוק 3,"איי, בי, אינבוו",,"בירה בלו מון 5.4% כוהל 330 מ""ל",מיליליטרים,330.00,"100 מ""ל",false,1,13.90,4.2121,true,1,146032
5010103800051,false,ויסקי J&B בקבוק 200,DIAGEO,,"ויסקי J&B בקבוק 200 מ""ל",מיליליטרים,200.00,"100 מ""ל",false,1,32.90,16.4500,true,1,29659
5010103800259,false,ויסקי J&B בקבוק 700,גסטוריני אנד ברוקס,,"ויסקי J&B בקבוק 700 מ""ל",מיליליטרים,700.00,"100 מ""ל",false,1,109.90,15.7000,true,1,41831
5010103943024,false,"גיי אנד בי 200 מ""ל פ",ג'וסטריני אנד ברוקס,GB,"ג'יי אנד בי 200 מ""ל פוקט 40% כהל",מיליליטרים,200.00,"100 מ""ל",false,1,34.90,17.4500,true,1,149775
5010182996799,false,טואלט דאק גל פרחי בר,"איטיליאן פוד, אס.פי.",,דאק ג'ל אסלה פרחי בר ורודים,מיליליטרים,55.00,"100 מ""ל",false,1,11.90,21.6364,true,1,5304
5010182997253,false,תרסיס רייד מקס קוטל,אס.סי.ג'ונסון מידרכט,NL,"תרסיס רייד מקס קוטל חרקים 300 מ""ל",מיליליטרים,300.00,"100 מ""ל",false,1,19.90,6.6333,true,1,5306
5010182997338,false,טואלט דאק ניחוח רענן,"איטיליאן פוד, אס.פי.",IT,ג'ל נוזלי לאסלה בניחוח רענן 55 מל,מיליליטרים,55.00,"100 מ""ל",false,1,11.90,21.6364,true,1,5307
5010182997680,false,תרסיס רייד קוטל נמלי,אס.סי.ג'ונסון מידרכט,NL,"תרסיס רייד קוטל נמלים אדום 300 מ""ל",מיליליטרים,300.00,"100 מ""ל",false,1,19.90,6.6333,true,1,5310
5010182997918,false,טואלט דאק בניחוח ים,"איטיליאן פוד, אס.פי.",IT,דאק ג'ל לאסלה בניחוח ים 55 מל,מיליליטרים,55.00,"100 מ""ל",false,1,11.90,21.6364,true,1,5312
5010182998847,false,נוזל לאסלה כחול ים,מיוצר עי קונדיטוריית,NL,ניקוי נוזל לאסלה,מיליליטרים,750.00,"100 מ""ל",false,1,12.90,1.7200,true,1,73421
5010182998861,false,נוזל לניקוי אסלה ירו,מיוצר עי קונדיטוריית,NL,דאק נוזל לניקוי אסלה ירוק בניחוח רענן- בודד  750 מ,מיליליטרים,750.00,"100 מ""ל",false,1,12.90,1.7200,true,1,73422
5010232964211,false,קונדומים דורקס אקסטר,תאילנד,TH,קונדומים דורקס אקסטרא סייף 12 יחידות,לא מנהל יחידת מידה,0.00,לא מנהל יחידת מידה,false,1,47.90,0.0000,true,1,19194
5010232964228,false,קונדומים דקים דורקס,תאילנד,TH,"קונדמים קצר ולעניין, דק 12 יחידות",לא מנהל יחידת מידה,0.00,לא מנהל יחידת מידה,false,1,47.90,0.0000,true,1,19195
5010265002836,true,רויטה פת פריכה שיפון,דה ג'ורנדסאנד ריוויט,AO,פת פריכה קמח שיפון מלא 250 גרם,גרמים,250.00,100 גרם,false,1,12.90,5.1600,true,1,124424
5010327000046,false,"ויסקי גרנטס 700 מ""ל","איי, בי, אינבוו",,"ויסקי גרנטס 700 מ""ל",מיליליטרים,700.00,"100 מ""ל",false,1,89.90,12.8429,true,1,5319
5010327399614,false,גלנפידיך 12 שנה 700,,GB,גלנפידיך 12 שנה 700 מל,מיליליטרים,700.00,"100 מ""ל",false,1,219.90,31.4143,true,1,158929
5010677551281,false,בקרדי בריזר לימון בק,"בקרדי בע""מ",BE,"בריזר - משקה כוהלי מוגז בטעם לימון 275 מ""ל",מיליליטרים,275.00,"100 מ""ל",false,1,14.90,5.4182,true,1,5322
5010677551397,false,בקרדי בריזר ליים בקב,"ברקדי בע""מ",BE,"בקרדי בריזר ליים בקבוק 275 מ""ל",מיליליטרים,275.00,"100 מ""ל",false,1,14.90,5.4182,true,1,105631
5010677552387,false,בקרדי בריזר אננס בקב,בקרדי בעמ,BE,"בריזר - משקה כוהלי מוגז בטעם אננס 275 מ""ל",מיליליטרים,275.00,"100 מ""ל",false,1,14.90,5.4182,true,1,5323
5010677554398,false,בקרדי בריזר אבטיח בק,בקרדי בעמ,BE,"בריזר - משקה כוהלי מוגז בטעם אבטיח 275 מ""ל",מיליליטרים,275.00,"100 מ""ל",false,1,14.90,5.4182,true,1,5325
5010677714006,false,גין בומביי ספייר 700,בומביי ספיריטס,ES,ג'ין בומביי ספייר,מיליליטרים,700.00,"100 מ""ל",false,1,129.90,18.5571,true,1,113596
5010677850100,false,וודקה גריי גוס בקבוק,גריי גוס,FR,"וודקה גריי גוס 750 מ""ל",מיליליטרים,700.00,"100 מ""ל",false,1,139.90,19.9857,true,1,129137
5011007003005,false,ויסקי גיימסון בקבוק,"איי, בי, אינבוו",IE,"וויסקי אירי, ג'יימסון, 700 מ''ל",מיליליטרים,700.00,"100 מ""ל",false,1,114.90,16.4143,true,1,58221
5011026108033,false,טולמור דיו וויסקי 70,פארייפאבה אגרואינדוס,IE,טולמור דיו וויסקי אירי 700 מל,מיליליטרים,700.00,"100 מ""ל",false,1,94.90,13.5571,true,1,151842
5011157630281,false,אורז טילדה בסמטי 1 ק,טילדה,,"אורז טילדה בסמטי 1 ק""ג",קילוגרמים,1.00,"ק""ג",false,1,24.90,24.9000,true,1,5328
5011311150709,false,ויסקי אולד קליפר 700,WM Maxwell,GB,"ויסקי אולד קליפר 700 מ""ל",מיליליטרים,700.00,"100 מ""ל",false,1,89.90,12.8429,true,1,5330
5011408228034,true,אלנט חזק מאוד לשיער,,,אלנט חזק מאוד לשיער,,0.00,,false,,37.90,0.0000,true,1,160746
5012909010863,false,אוונט פטמה AF מעבר א,יושלם,יושלם,אוונט פטמה AF מעבר איטי,Unknown,0.00,Unknown,false,1,34.60,0.0000,true,1,65445
5014271300429,false,מעדן משמש,פלזנסקי,FR,"מעדן משמש 284 גר                       """,גרמים,284.00,100 גרם,false,1,21.90,7.7113,true,1,5341
5014271310428,false,מעדן דובדבנים שחורים,המאפיה של הרמן,FR,מעדן דובדבנים שחורים סן דלפור 284 גרם,גרמים,284.00,100 גרם,false,1,21.90,7.7113,true,1,5342
5014271330426,false,מעדן אוכמניות כחולות,פלזנסקי,FR,מעדן אוכמניות כחולות סן דלפור 284 גרם,גרמים,284.00,100 גרם,false,1,21.90,7.7113,true,1,5343
5014271350424,false,מעדן ארבע פירות סן ד,המאפיה של הרמן,FR,מעדן ארבע פירות סן דלפור 284 גרם,גרמים,284.00,100 גרם,false,1,21.90,7.7113,true,1,14217
5014271400426,false,מעדן תות שדה סן דלפו,המאפיה של הרמן,FR,מעדן תות שדה סן דלפור 284 גרם,גרמים,284.00,100 גרם,false,1,21.90,7.7113,true,1,5347
5014271795980,false,מעדן חמוציות אוכמניו,סנדלפור,FR,סנדלפור מעדן חמוציות ואוכמניות 284 גרם,גרמים,284.00,100 גרם,false,1,21.90,7.7113,true,1,22216
5017534118205,true,נייר לבן A4,,,נייר לבן A4,,0.00,,false,,26.90,0.0000,true,1,159920
5018357006731,false,תערובת דגנים 40% פיר,דורסט סיריאלס,,תערובת דגנים 40% פירות ואגוזים 560 גרם,גרמים,560.00,100 גרם,false,1,30.90,5.5179,true,1,42082
5018357006755,false,גרנולה דורסט סיריאלס,דורסט סיריאלס,GB,גרנולה דורסט סיריאלס היי פייבר 540 גרם,גרמים,540.00,100 גרם,false,1,30.90,5.7222,true,1,42083
5018357006779,false,תערובת דגנים 50% חמו,דורסט סיריאלס,,תערובת דגנים 50% חמוציות ואגוזים 540 גרם,גרמים,540.00,100 גרם,false,1,30.90,5.7222,true,1,42084
5018357006816,false,גרנולה 30%,דורסט סיריאלס,,גרנולה דורסט 620 גרם,גרמים,620.00,100 גרם,false,1,25.90,4.1774,true,1,42085
5018357011896,false,גרנולה דורסט סיריאלס,דורסט סיריאליס,IL,גרנולה דורסט סיריאלס גרנולה דבש 550 גרם,גרמים,550.00,100 גרם,false,1,36.90,6.7091,true,1,124402
5024546366609,false,"ויסקי לאודרס 700 מ""ל",מקדוף אינטרנשנל דיסט,,לאודרס וויסקי סקוטי 700 מל,גרמים,700.00,100 גרם,false,1,89.90,12.8429,true,1,71953
5026489483955,false,חטיף חומוס סיסולט 45,קופרש סנק פודס,GB,חטיף חומוס סיסולט 45 גרם,גרמים,45.00,100 גרם,false,1,7.90,17.5556,true,1,125014
5026489483993,false,חטיף עדשים סיסולט 40,קופרש סנק פודס,GB,סידס חטיף על בסיס קמח עדשים בטעם מלח ים 40 גרם,גרמים,40.00,100 גרם,false,1,7.90,19.7500,true,1,153815
5026489484785,false,חטיף קינואה ס קרים 3,קופרש סנק פודס,GB,חטיף קינואה ס קרים 30 גרם,גרמים,30.00,100 גרם,false,1,7.90,26.3333,true,1,154874
5029053002408,false,נייר טואלט קלינקס לב,קימברלי קלארק ישראל,IL,"קלינקס נייר טואלט דו שכבתי לבן, 9 גלילים",מטרים,27500.00,מטר,false,1,34.90,0.0013,true,1,5361
5029053032658,false,ממחטות קלינקס א.ס  1,KC Italy,,ממחטות קלינקס א.ס  10 יחידות,לא מנהל יחידת מידה,0.00,לא מנהל יחידת מידה,false,1,9.90,0.0000,true,1,122430
5029053510811,false,קוטקס תחבושות נורמל+,קימברלי קלארק,,קוטקס תחבושות עם כנפיים נורמל פלוס 30 יחידות,Unknown,0.00,Unknown,false,1,15.90,0.0000,true,1,5370
5029053510828,false,קוטקס תחבושות סופר+כ,קימברלי קלארק,,קוטקס תחבושות  עם כנפיים סופר פלוס 22 יחידות,Unknown,0.00,Unknown,false,1,15.90,0.0000,true,1,5371
5029053523446,false,קוטקס תחבושות נייט 2,קימברלי קלארק,,קוטקס תחבושות עם כנפיים נייט 20 יחידות,לא מנהל יחידת מידה,0.00,לא מנהל יחידת מידה,false,1,15.90,0.0000,true,1,5381
5029053527574,false,ת.ספיגה דריי נייטס,KC Czech,,תחתון ספיגה דריי נייטס              4-7,Unknown,0.00,Unknown,false,1,34.90,0.0000,true,1,31835
5029053527581,false,ת.ספיגה דריי נייטס,KC Czech,,תחתון ספיגה דריי נייטס              4-7,Unknown,0.00,Unknown,false,1,34.90,0.0000,true,1,31642
5029053527598,false,ת.ספיגה דריי נייטס,KC Czech,,תחתון ספיגה דריי נייטס             15-8,Unknown,0.00,Unknown,false,1,34.90,0.0000,true,1,31643
5029053527604,false,ת.ספיגה דריי נייטס,KC Czech,,תחתון ספיגה דריי נייטס             15-8,Unknown,0.00,Unknown,false,1,34.90,0.0000,true,1,31682
5029053538426,false,חיתולי האגיס שחיה L,KC Czech,,ח.האגיס שחיה 11 L יח,לא מנהל יחידת מידה,0.00,לא מנהל יחידת מידה,false,1,40.90,0.0000,true,1,98473
5029053578309,false,קלינקס אולטרה סופט ק,קימברלי,IL,קלינקס אולטרה סופט קוביה 48 דף,יחידה,1.00,יחידה,false,1,9.90,9.9000,true,1,156259
5035766044673,false,סיידר תפוחים 5% אלכו,האי נאם סי או אל.טי.,BE,סיידר תפוחים 5% אלכוהול סטרונגבאו 330 מל,מיליליטרים,330.00,"100 מ""ל",false,1,9.00,2.7273,true,1,104600
5038342162419,false,וויסקי סקוטי מק-איוו,קמבל מאייר,GB,וויסקי סקוטי מק-איוור 700מל,מיליליטרים,700.00,"100 מ""ל",false,1,64.90,9.2714,true,1,148579
5038483207949,false,קונדומים דורקס אינימ,תאילנד,TH,קונדומים דורקס אינימט פיל סיכה 12 יחידות,לא מנהל יחידת מידה,0.00,לא מנהל יחידת מידה,false,1,47.90,0.0000,true,1,41512
5038483574386,false,קונדומים דורקס פדרלי,רקיט בנקיזר הלת'קר,,קונדומים דורקס פדרלייט 3 * 12 יח,לא מנהל יחידת מידה,0.00,לא מנהל יחידת מידה,false,1,19.90,0.0000,true,1,58913
5038483574416,false,קונדומים דורקס אקסטר,רקיט בנקיזר הלת'קר,,קונדומים דורקס אקסטרא 3 יחידות,לא מנהל יחידת מידה,0.00,לא מנהל יחידת מידה,false,1,19.90,0.0000,true,1,88257
5038483578780,false,קונדומים דורקס עלית,רקיט בנקיזר הלת'קר,,קונדומים דורקס עלית  3 יחידות,לא מנהל יחידת מידה,0.00,לא מנהל יחידת מידה,false,1,19.90,0.0000,true,1,59345
5050895246835,false,גלי בלי מפיץ ריח מוח,יוניליוור,CN,גלי בלי מפיץ ריח מוחיטו מקלות 30 מל,ליטרים,30.00,ליטר,false,1,13.90,0.4633,true,1,158544
5050895247351,false,גלי בלי מפיץ ריח דוב,יוניליוור,CN,גלי בלי מפיץ ריח דובדבן מקלות 30 מל,ליטרים,30.00,ליטר,false,1,13.90,0.4633,true,1,158545
5056357900925,false,סניקרס חמאת בוטנים 5,מרס נדרלנד,US,סניקרס חמאת בוטנים 57 גרם,גרמים,59.00,100 גרם,false,1,16.90,28.6441,true,1,152004
5056357901427,false,חטיף חלבון m&m בטעם,מארס,GB,חטיף חלבון m&m בטעם שוקולד,גרמים,51.00,100 גרם,false,1,16.90,33.1373,true,1,156307
5056357901441,false,חטיף חלבון בוטנים 15,מארס,GB,חטיף חלבון בוטנים 15 חלבון 51 גרם m&m,גרמים,51.00,100 גרם,false,1,16.90,33.1373,true,1,156308
5056357903834,false,חטיף  באונטי 18גרם ח,מארס יורק אנגליה,GB,חטיף  באונטי 18גרם חלבון  52גרם,גרמים,52.00,100 גרם,false,1,16.90,32.5000,true,1,156906
5060045582461,true,גים בים וויסקי ליטר,,,גים בים וויסקי ליטר,לא מנהל יחידת מידה,0.00,לא מנהל יחידת מידה,false,1,124.60,0.0000,true,1,127453
5060221201391,false,chaosגרנייד בטעם קרמ,גרנייה,NL,chaosגרנייד בטעם קרמל60  גרם,גרמים,60.00,100 גרם,false,1,16.90,28.1667,true,1,157707
5060221201575,false,חטיף חלבון גרנייד קר,,GB,חטיף חלבון גרנייד קרם עוגיות 23 חלבון 60,גרמים,60.00,100 גרם,false,1,16.90,28.1667,true,1,156464
5060221201605,false,חטיף חלבון גרנייד בא,,GB,חטיף חלבון גרנייד באוני פאדג  23 חלבון,גרמים,60.00,100 גרם,false,1,16.90,28.1667,true,1,156463
5060221201810,false,גרנייד  שוקולד לבן ע,גרנייה,NL,גרנייד  שוקולד לבן עוגיות 60גרם,גרמים,60.00,100 גרם,false,1,16.90,28.1667,true,1,157709
5060221203753,false,חטיף חלבון גרנייד  ח,,GB,חטיף חלבון גרנייד  חמאת בוטנים 21 חלבון,גרמים,60.00,100 גרם,false,1,16.90,28.1667,true,1,156462
5060221203937,false,גרנייד  שוקוציפס בצק,גרנייה,NL,גרנייד  שוקוציפס בצק עוגיות 60גרם,גרמים,60.00,100 גרם,false,1,16.90,28.1667,true,1,157708
5060221206860,false,חטיף חלבון גרנייד  ק,,GB,חטיף חלבון גרנייד  קרמל מלוח 20 חלבון 60,גרמים,60.00,100 גרם,false,1,16.90,28.1667,true,1,156465
5060305460195,false,חטיף קינואה שמנת חמו,איי אי בי פודס לימיט,,חטיף קינואה שמנת חמוצה סקראביס 80 גרם,גרמים,80.00,100 גרם,false,1,19.90,24.8750,true,1,127862
5060305460232,false,חטיף קינואה סקראביס,איי אי בי פודס לימיט,,חטיף קינואה סקראביס 80 גרם,גרמים,80.00,100 גרם,false,1,19.90,24.8750,true,1,127861
5060319120023,true,תה קנמון - הייר ליבי,הייר ליבינג,GB,תה קינמון אורגני 40 גרם,גרמים,40.00,100 גרם,false,1,18.90,47.2500,true,1,124425
5060319120047,true,תה וורי ברי - הייר ל,אונלי נטורל פרודקטס,GB,תה וורי ברי - הייר ליבינג,גרמים,40.00,100 גרם,false,1,18.90,47.2500,true,1,124426
5060319120078,true,תה הייר ליבינג סוויט,אף.סי תבליני בגליל ב,GB,תה הייר ליבינג סוויט דרימס 15 שקיקים,גרמים,40.00,100 גרם,false,1,18.90,47.2500,true,1,124427
5060319120092,false,תה הייר ליבינג אינגל,הייר ליבינג,GB,תה אינגליש ברקפסט אורגני,גרמים,45.00,100 גרם,false,1,18.90,42.0000,true,1,124483
5060319120115,true,תה ירוק אורגני-הייר,אונלי נטורל פרודקטס,GB,הייר ליווינג תה ירוק אורגני 40 גרם,גרמים,50.00,100 גרם,false,1,18.90,37.8000,true,1,124429
5060319120122,true,תה הייר ליבינג צאי י,אונלי נטורל פרודקטס,GB,הייר ליווינג צ'אי תה ירוק אורגני 40 גרם,גרמים,40.00,100 גרם,false,1,18.90,47.2500,true,1,124430
5060319120153,true,תה קמומיל וניל-הייר,אף.סי תבליני בגליל ב,IL,תה קמומיל וניל-הייר ליבינג,גרמים,30.00,100 גרם,false,1,18.90,63.0000,true,1,124404
5060319129286,true,תה לבן אורגני-הייר ל,אונלי נטורל פרודקטס,GB,הייר ליווינג תה לבן אורגני 35 גרם,גרמים,35.00,100 גרם,false,1,18.90,54.0000,true,1,124431
5060319129293,false,תה הייר ליבינג תה יר,,GB,תה ירוק קוקוס אורגני,גרמים,40.00,100 גרם,false,1,18.90,47.2500,true,1,124484
5060319129422,false,תה הייר ליבינג חליטת,אונלי נטורל פרודקטס,PT,חליטת צמחים אורגנית דיטוקס,גרמים,30.00,100 גרם,false,1,18.90,63.0000,true,1,149419
5060319129491,true,תה הייר ליבינג כורכו,אונלי נטורל פרודקטס,GB,הייר ליווינג חליטת כורכום אורגני 30 גרם,גרמים,30.00,100 גרם,false,1,18.90,63.0000,true,1,124432
5060402908248,false,סניקרס פרוטאין 55 גר,מרס נדרלנד,US,סניקרס פרוטאין 55 גרם,גרמים,59.00,100 גרם,false,1,16.90,28.6441,true,1,152005
5060402908286,false,מארס פרוטאין 59 גרם,מרס נדרלנד,US,מארס פרוטאין 59 גרם,גרמים,59.00,100 גרם,false,1,16.90,28.6441,true,1,152002
5060402909542,false,מארס קרמל מלוח 59 גר,מרס נדרלנד,US,מארס קרמל מלוח 59 גרם,גרמים,59.00,100 גרם,false,1,16.90,28.6441,true,1,152003
5060424705511,false,WARRIOR חטיף חלבון ק,תעשיות מזון בלאבאן,US,WARRIOR חטיף חלבון קראנץ שוקולד וקוקוס,גרמים,64.00,100 גרם,false,1,13.90,21.7188,true,1,160653
5060517886486,false,משקה אנרגיה מונסטר פ,Monster energy סרביה,RU,"מונסטר אנרג'י פח 500 מ""ל",מיליליטרים,500.00,"100 מ""ל",false,1,8.90,1.7800,true,1,146888
5060639128051,false,מונסטר ULTRA פח 500,Monster energy סרביה,RS,"מונסטר ULTRA פח 500 מ""ל",מיליליטרים,500.00,"100 מ""ל",false,1,8.90,1.7800,true,1,149765
5060639129102,false,משקה אנרגיה מונסטר M,Monster energy סרביה,RS,"מונסטר Mango Loco פח 500 מ""ל",מיליליטרים,500.00,"100 מ""ל",false,1,8.90,1.7800,true,1,151843
5060751218173,false,משקה אנרגיה מונסטר פ,Monster energy סרביה,IE,"מונסטר פייפליין פאנץ' פח 500 מ""ל",מיליליטרים,500.00,"100 מ""ל",false,1,8.90,1.7800,true,1,158170
5060751219033,false,משקה אנרגיה מונסטר א,Monster energy סרביה,IE,"מונסטר  ULTRA PARADISE פח 500 מ""ל",מיליליטרים,500.00,"100 מ""ל",false,1,8.90,1.7800,true,1,158171
5060756343702,false,WARRIORחטיף חלבון קר,תעשיות מזון בלאבאן,US,WARRIORחטיף חלבון קראנץ פטל שוקולד מריר,גרמים,64.00,100 גרם,false,1,13.90,21.7188,true,1,160654
5200100943725,false,עוגיות שוקולד ציפס מ,Violanta Cookies S.A,GR,עוגיות שוקולד ציפס ממולאות קרם חמאת בוטנ,גרמים,200.00,100 גרם,false,1,11.90,5.9500,true,1,158987
5200100943749,false,עוגיות סנדוויץ משיבו,Violanta Cookies S.A,GR,עוגיות סנדוויץ משיבולת שועל ממולאות קרם חמאת בוטני,גרמים,200.00,100 גרם,false,1,11.90,5.9500,true,1,158992
5200100943824,false,עוגיות סובין במילוי,Violanta Cookies S.A,GR,עוגיות סובין במילוי קרם טחינה 170 ג VIOLANTA,גרמים,200.00,100 גרם,false,1,11.90,5.9500,true,1,158990
5200133120476,false,גליליות וופלים 400 ג,יוניליוור גרמניה  Gm,GR,גליליות וופלים 400 גרם אגוזים וקקאו,גרמים,400.00,100 גרם,false,1,18.90,4.7250,true,1,143720
5200133120483,false,גליליות וופלים 400 ג,יוניליוור גרמניה  Gm,GR,"גליליות וופלים ממולאות קרם בטעם וניל, 400 גרם",גרמים,400.00,100 גרם,false,1,18.90,4.7250,true,1,145406
5201004020338,false,קפריס רולס קלאסיק 40,פפדופולוס,GR,קפריס רולס קלאסיק 400 גרם,גרמים,400.00,100 גרם,false,1,19.90,4.9750,true,1,144797
5201178801054,false,ניוואה קרם 250 מל,טרופיקל דגיל תעשיות,DE,"ניוואה קרם לחות רב שימושי 250 מ""ל",מיליליטרים,250.00,"100 מ""ל",false,1,29.90,11.9600,true,1,5495
5201184055625,false,שקית יום הולדת   6X,יושלם,,שקית יום הולדת                      6 X,Unknown,0.00,Unknown,false,1,5.00,0.0000,true,1,5511
5201184055656,false,משרוקית קטנה     6X,פרוקוס,,משרוקית קטנה  6X,Unknown,0.00,Unknown,false,1,9.00,0.0000,true,1,5512
5201347400545,false,רצועות שעווה לפנים ו,ויט,,רצועות שעווה לפנים ויט,יחידה,1.00,יחידה,false,1,34.90,34.9000,true,1,82666
5201484021009,false,אוזו סאן ריבל,san rival,GR,"אוזו סאן ריבל 700 מ""ל",מיליליטרים,700.00,"100 מ""ל",false,1,89.90,12.8429,true,1,97906
5201583042028,false,PALLASטופי פירות ללא,LAVDAS,GR,PALLAS,גרמים,175.00,100 גרם,false,1,11.90,6.8000,true,1,155320
5201583084035,false,PALLAS OLEIסוכריות,LAVDAS,GR,PALLAS OLEIסוכריות  ללס 4 טעמים  150ג,גרמים,150.00,100 גרם,false,1,11.90,7.9333,true,1,155319
5201583414221,false,שקית מידי גנינבה ללס,LAVDAS,GR,שקית מידי גנינבה ללס טעמים שונים 175 גרם,גרמים,175.00,100 גרם,false,1,23.90,13.6571,true,1,155337
5201940010110,false,זיתים שחורים טבעיים,סיוארס אס.איי,GR,זיתים שחורים טבעיים קלמטה 454 גרם,גרמים,454.00,100 גרם,false,1,14.90,3.2819,true,1,37694
5202302020020,true,ממרח זיתי קלמטה לילי,לילייה פודס,GR,ממרח זיתי קלמטה ליליה 200 גרם,גרמים,200.00,100 גרם,false,1,16.90,8.4500,true,1,124434
5202390014192,false,צהובה טבעונית עם זית,פרוטרופיק סיה.,GR,צהובה טבעונית עם זיתים200 גרם ויולייף,גרמים,200.00,100 גרם,false,1,23.90,11.9500,true,1,123820
5202390014222,false,צהובה עגבניות בזיל ט,פרוטרופיק סיה.,GR,צהובה עגבניות בזיל טבעוני 200 גרם ויוליף,גרמים,200.00,100 גרם,false,1,23.90,11.9500,true,1,123815
5202390014239,false,צהובה עשבי תיבול טבע,פרוטרופיק סיה.,GR,צהובה עשבי תיבול טבעוני 200 גרם ויולייף,גרמים,200.00,100 גרם,false,1,23.90,11.9500,true,1,123816
5202390015618,false,צהובה אורגינל טבעוני,פרוטרופיק סיה.,GR,צהובה אורגינל טבעוני 200 גרם ויולייף,גרמים,200.00,100 גרם,false,1,23.90,11.9500,true,1,99528
5202390016325,false,צהובה מעושנת טבעוני,"אריביה אס.אי., יוון",GR,צהובה מעושנת טבעוני 200 גרם ויולייף,גרמים,200.00,100 גרם,false,1,23.90,11.9500,true,1,113738
5202390020407,false,יוונית בסגנון פטה טב,פרוטרופיק סיה.,GR,יוונית בסגנון פטה טבעוני 200 גרם ויולייף,גרמים,200.00,100 גרם,false,1,27.90,13.9500,true,1,127554
5202390021121,false,קרמי אורגינל טבעוני,וויטרוס אס.אי.,GR,ויולייף קרמית טבעונית בסגנון אורגינלי 150 גרם,גרמים,150.00,100 גרם,false,1,20.90,13.9333,true,1,127553
5202413007019,false,"אוזו פלומארי 700 מ""ל",Plomari ouzo distill,GR,"אוזו פלומארי 700 מ""ל",מיליליטרים,700.00,"100 מ""ל",false,1,89.90,12.8429,true,1,149623
5208049006594,false,פאל מאל אקסטרה כחול,BAT,DE,פאל מאל אקסטרה כחול חפיסה,יחידה,1.00,יחידה,false,1,30.20,30.2000,true,1,159384
5208049006624,false,פאל מאל אקסטרה סילבר,BAT,DE,פאל מאל אקסטרה סילבר חפיסה,יחידה,1.00,יחידה,false,1,30.20,30.2000,true,1,159387
5410103161518,false,פלניטוד פ.משולשת,יושלם,,קרם לחות פ.משולשת רגיל,מיליליטרים,50.00,"100 מ""ל",false,1,41.90,83.8000,true,1,5848
5410126006087,false,ביסקוויט לוטוס,כלורוקס אוקלנד,BE,ביסקוויט לוטוס בטעם קרמל700 גר,גרמים,700.00,100 גרם,false,1,29.90,4.2714,true,1,98456
5410126006377,false,לוטוס עוגיות סנדוויץ,מונדלייז,BE,לוטוס עוגיות סנדוויץ במילוי וניל 150 גרם,גרמים,150.00,100 גרם,false,1,9.90,6.6000,true,1,156314
5410126037005,false,מאגדת גלידה לוטוס 28,לוטוס ביקרי נ.וי.,,מאגדת גלידה לוטוס 284 גרם,גרמים,284.00,100 גרם,false,1,52.90,18.6268,true,1,121448
5410126106022,false,מארז חגים לוטוס 2 25,לוטוס בייקרי,BE,מארז חגים לוטוס 2 250 גרם,גרמים,250.00,100 גרם,false,1,23.90,9.5600,true,1,159911
5410126106183,false,ביסקוויט קרמל לוטוס,כלורוקס אוקלנד,BE,"ביסקויט קרמל 312 גרם בד""צ 50 יח ארוז בנפ",גרמים,312.00,100 גרם,false,1,19.90,6.3782,true,1,14377
5410126116953,false,ממרח לוטוס עוגיות קר,כלורוקס אוקלנד,BE,לוטוס ממרח עוגיות קרמל 400 גרם,גרמים,400.00,100 גרם,false,1,22.90,5.7250,true,1,89594
5410126716016,false,ביסקוויט לוטוס טעם ק,לוטוס ביקרי בלגיה,BE,"ביסקויט בטעם קרמל לוטוס 250 גרם בד""צ",גרמים,250.00,100 גרם,false,1,12.90,5.1600,true,1,5851
5410126726947,false,ממרח לוטוס עוגיות קר,כלורוקס אוקלנד,BE,ממרח עוגיות לוטוס קראנץ',גרמים,380.00,100 גרם,false,1,22.90,6.0263,true,1,99991
5410173210055,false,רומבוסט קפה טחון וקל,קרלו,BE,רומבוטס קפה קלוי וטחון לפילטר 10 יח' 70 גרם,גרמים,70.00,100 גרם,false,1,23.90,34.1429,true,1,91648
5410228142089,false,בירה לף בלונד בקבוק,אינבב,,"בירה לף בלונד בקבוק 330 מ""ל",מיליליטרים,330.00,"100 מ""ל",false,1,9.90,3.0000,true,1,158709
5410228146162,false,בירה לף ברון בקבוק 3,אינבב,BE,"בירה לף ברון בקבוק 330 מ""ל",מיליליטרים,330.00,"100 מ""ל",false,1,9.90,3.0000,true,1,55076
5410228267508,false,בירה באדוויזר בקבוק,"איי, בי, אינבוו",,בירה באדוויזר,מיליליטרים,330.00,"100 מ""ל",false,1,8.90,2.6970,true,1,145387
5410228267515,false,בירה באדוויזר שישייה,"איי, בי, אינבוו",,בירה באדוויזר,ליטרים,1.98,ליטר,false,1,43.90,22.1717,true,1,145381
5410316233446,false,וודקה סמירנוף אדום 2,דיאג'ו סקוטלנד בעמ,,סמירנוף וודקה 200 מל,מיליליטרים,200.00,"100 מ""ל",false,1,24.90,12.4500,true,1,123466
5410316983693,false,סמירנוף אייס בקבוק .,דיאג'ו אופריישנס,IT,סמירנוף אייס בודד,מיליליטרים,275.00,"100 מ""ל",false,1,12.90,4.6909,true,1,13104
5410316994019,false,וודקה סמירנוף אדום ב,תאי פרזידנט פוד פאבל,US,סמירנוף וודקה 700 מל,מיליליטרים,700.00,"100 מ""ל",false,1,84.90,12.1286,true,1,102334
5410769100081,false,בירה לה שוף בקבוק 33,"איי, בי, אינבוו",BE,לה שוף בירה חזקה ומעוננת 330 מל,מיליליטרים,330.00,"100 מ""ל",false,1,15.90,4.8182,true,1,70568
5410769200088,false,בירה מק שוף בקבוק 33,פארייפאבה אגרואינדוס,BE,"בירה מק שוף בקבוק 330 מ""ל",מיליליטרים,330.00,"100 מ""ל",false,1,15.90,4.8182,true,1,70570
5410769800097,false,בירה צרי שוף 8% בקבו,פארייפאבה אגרואינדוס,BE,"בירה צרי שוף 8% בקבוק 330 מ""ל",מיליליטרים,330.00,"100 מ""ל",false,1,15.90,4.8182,true,1,123060
5410850413304,false,BARONI DE LUXEבונ צד,BARILLA G.E.R.,BE,BARONI DE LUXEבונ צדפות בלגיים  250 ג,גרמים,250.00,100 גרם,false,1,19.90,7.9600,true,1,159394
5411081003654,false,בירה קסטל רוזי 330,יושלם,,בירה קסטל רוזי                     330,מיליליטרים,330.00,"100 מ""ל",false,1,12.90,3.9091,true,1,113308
5411188080268,false,משקה סויהאלפרו אורגנ,הנסיך- מפעל לייצור ט,BE,משקה סויה אלפרו ביו אורגני 1 ליטר,ליטרים,1.00,ליטר,false,1,14.90,14.9000,true,1,99949
5411188081852,false,משקה סויה אלפרו וניל,הנסיך- מפעל לייצור ט,BE,משקה סויה אלפרו וניל 1 ליטר,ליטרים,1.00,ליטר,false,1,14.90,14.9000,true,1,100039
5411188094159,false,מעדן סויה שוקולד בלג,אלפרו C.V.A,BE,אלפרו מעדן סויה שוקולד מריר 4*125מל,גרמים,500.00,100 גרם,false,1,17.90,3.5800,true,1,42742
5411188096108,false,שמנת לבישול אלפרו 25,אלפרו C.V.A,BE,"שמנת לבישול אלפרו 250 מ""ל",מיליליטרים,250.00,"100 מ""ל",false,1,9.90,3.9600,true,1,66007
5411188106159,false,משקה סויה לייט,הנסיך- מפעל לייצור ט,BE,אלפרו משקה סויה מופחת שומן 1ל,ליטרים,1.00,ליטר,false,1,14.90,14.9000,true,1,100040
5411188110835,false,משקה אלפרו חלב שקדים,הנסיך- מפעל לייצור ט,BE,אלפרו משקה שקדים 1ל,ליטרים,1.00,ליטר,false,1,14.90,14.9000,true,1,92055
5411188112549,false,משקה אלפרו אורז 1 לי,הנסיך- מפעל לייצור ט,BE,אלפרו משקה אורז 1ל,ליטרים,1.00,ליטר,false,1,14.90,14.9000,true,1,99044
5411188112709,false,אלפרו משקה שקדים ללא,הנסיך- מפעל לייצור ט,BE,אלפרו משקה שקדים ללס 1ל,ליטרים,1.00,ליטר,false,1,14.90,14.9000,true,1,102744
5411188115366,false,אלפרו.משקה שיבולת שו,הנסיך- מפעל לייצור ט,BE,אלפרו משקה שיבולת שועל 1 ליטר,ליטרים,1.00,ליטר,false,1,14.90,14.9000,true,1,99045
5411188115472,false,משקה סויה אלפרו 1ל,אלפרו C.V.A,BE,אלפרו משקה סויה  1ל,ליטרים,1.00,ליטר,false,1,14.90,14.9000,true,1,150357
5411188116905,false,אלפרו משקה סויה בטעם,אלפרו C.V.A,BE,אלפרו משקה סויה בטעם בננה 1ליטר,ליטרים,1.00,ליטר,false,1,14.90,14.9000,true,1,157885
5411188118732,false,משקה אלפרו קוקוס שקד,אלפרו C.V.A,BE,אלפרו משקה שקדים קוקוס 1ל,ליטרים,1.00,ליטר,false,1,14.90,14.9000,true,1,112960
5411188120742,false,משקה אלפרו שקדים בטע,הנסיך- מפעל לייצור ט,BE,אלפרו משקה שקדים וניל 1ל,ליטרים,1.00,ליטר,false,1,14.90,14.9000,true,1,112959
5411188121923,false,משקה סויה אלפרו סידן,הנסיך- מפעל לייצור ט,BE,אלפרו משקה סויה 3*250מל,מיליליטרים,750.00,"100 מ""ל",false,1,14.90,1.9867,true,1,122761
5411188124726,false,משקה אלפרו שיבולת שו,הדקלאים אגודת שיתופי,BE,אלפרו משקה ש.שועל שקדים1ל,ליטרים,1.00,ליטר,false,1,14.90,14.9000,true,1,122493
5411188127697,false,משקה בריסטה שיבולת ש,הנסיך- מפעל לייצור ט,BE,אלפרו בריסטה שיבולת שועל 1ל,ליטרים,1.00,ליטר,false,1,14.90,14.9000,true,1,150359
5411188129899,false,משקה בריסטה שקדים א,הנסיך- מפעל לייצור ט,BE,אלפרו בריסטה שקדים 1ל,ליטרים,1.00,ליטר,false,1,14.90,14.9000,true,1,150360
5411188134985,false,3.5%שומן  NOT MILK א,הנסיך- מפעל לייצור ט,BE,3.5%שומן  NOT MILK אלפרו שבולת שועל 1 לי,ליטרים,1.00,ליטר,false,1,13.90,13.9000,true,1,154425
5411188135005,false,1.8%שומן  NOT MILK א,הנסיך- מפעל לייצור ט,BE,1.8%שומן  NOT MILK אלפרו שבולת שועל 1 לי,ליטרים,1.00,ליטר,false,1,13.90,13.9000,true,1,154424
5411188300328,false,משקה סויה שוקו,הנסיך- מפעל לייצור ט,BE,אלפרו משקה סויה שוקו 1ל,ליטרים,1.00,ליטר,false,1,14.90,14.9000,true,1,100042
5411188513483,false,אלפרו סויה לבישול 14,אלפרו,BE,אלפרו סויה לבישול 14% שומן 250מל,מיליליטרים,250.00,"100 מ""ל",false,1,9.90,3.9600,true,1,157000
5411188543398,false,משקה סויה  אלפרו ללא,הנסיך- מפעל לייצור ט,BE,אלפרו משקה סויה ללא סוכר 1 ליטר,ליטרים,1.00,ליטר,false,1,14.90,14.9000,true,1,150361
5411616002190,false,בירה מרטנס סטרונג 8.,שוורצקוף& הנקל דיסלד,BE,"בירה Strong מרטנס 500 מ""ל 8.5%",מיליליטרים,500.00,"100 מ""ל",false,1,6.90,1.3800,true,1,123470
5411616133245,false,בירה מרטנס לאגר פחית,שוורצקוף& הנקל דיסלד,BE,"בירה מרטנס ירוק פרימיום 500 מ""ל 5%",מיליליטרים,500.00,"100 מ""ל",false,1,6.90,1.3800,true,1,99601
5411616148546,false,בירה מרטנס גולד פחית,מיוצר בסין.יבוא ושיו,BE,בירה מרטנס גולד  500מל 6.5%,מיליליטרים,500.00,"100 מ""ל",false,1,6.90,1.3800,true,1,113218
5411681014005,false,בירה דובל בקבוק 330,פארייפאבה אגרואינדוס,IL,"בירה דובל בקבוק 330 מ""ל",מיליליטרים,330.00,"100 מ""ל",false,1,15.90,4.8182,true,1,5871
5411681038001,false,בירה מרדסו בקבוק 330,"איי, בי, אינבוו",BE,בירה מרדסו 10% כוהל 330 מל,מיליליטרים,330.00,"100 מ""ל",false,1,15.90,4.8182,true,1,113052
5411718911963,false,סיידר תפוחים סטרונגב,האי נאם סי או אל.טי.,BE,"סטרונגבואו רוזה 330 מ""ל",מיליליטרים,330.00,"100 מ""ל",false,1,9.00,2.7273,true,1,151029
5412514777746,false,קונכיות טאקו,,,קונכיות טאקו,יחידה,0.13,יחידה,false,1,19.90,153.0769,true,1,74504
5412956120711,false,בית של סנטה קריסמס 1,KIMS CHOCOLATES,BE,בית של סנטה קריסמס 100 גרם,גרמים,100.00,100 גרם,false,1,23.90,23.9000,true,1,160852
5412956214519,false,טב שוקולד מריר עם תפ,Kim's Chocolates NV,BE,טב שוקולד מריר עם תפוז ושקדים 100 ג CACHET,גרמים,100.00,100 גרם,false,1,9.90,9.9000,true,1,158998
5412956214526,false,טב שוקולד מריר עם אג,Kim's Chocolates NV,BE,טב שוקולד מריר עם אגס ושקדים 100 ג CACHET,גרמים,100.00,100 גרם,false,1,9.90,9.9000,true,1,158999
5412956214533,false,טב שוקולד מריר עם לי,Kim's Chocolates NV,BE,טב שוקולד מריר עם לימון ופלפל שחור 100 ג CACHET,גרמים,100.00,100 גרם,false,1,9.90,9.9000,true,1,158997
5412956214540,false,טב שוקולד מריר עם גי,Kim's Chocolates NV,BE,טב שוקולד מריר עם גינגר ואוכמניות 100 ג CACHET,גרמים,100.00,100 גרם,false,1,9.90,9.9000,true,1,159000
5412956214632,false,טב שוקולד מריר 90% ק,Kim's Chocolates NV,BE,טב שוקולד מריר 90% קקאו 100 ג CACHET,גרמים,100.00,100 גרם,false,1,9.90,9.9000,true,1,158994
5412956214649,false,טב שוקולד מריר 85% ק,Kim's Chocolates NV,BE,טב שוקולד מריר 85% קקאו 100 ג CACHET,גרמים,100.00,100 גרם,false,1,9.90,9.9000,true,1,158995
5412956214670,false,טב שוקולד מריר 70% ק,Kim's Chocolates NV,BE,טב שוקולד מריר 70% קקאו 100 ג CACHET,גרמים,100.00,100 גרם,false,1,9.90,9.9000,true,1,158996
5413149655522,false,אבקת כביסה אריאל שוש,פרוקטר אנד גמבל,,איראל אבקת כביסה שושן צחור 1.25 קג,קילוגרמים,1.25,"ק""ג",false,1,18.90,15.1200,true,1,50645
5413149922907,false,אריאל קולור וסטייל 5,קדבורי,,"אריאל אבקת כביסה קולור 5 ק""ג",קילוגרמים,6.00,"ק""ג",false,1,49.90,8.3167,true,1,111717
5413149922938,false,"אריאל שושן צחור 5 ק""",פרוקטר אנד גמבל,,"אריאל שושן צחור 5 ק""ג",קילוגרמים,6.00,"ק""ג",false,1,49.90,8.3167,true,1,111718
5413202171105,false,בונ פרלינים בלגיים 1,DELAFAILLE,BE,בונ פרלינים בלגיים 100 ג עטיפה לבבות DELAFAILLE,גרמים,100.00,100 גרם,false,1,21.90,21.9000,true,1,152683
5413202173109,false,בונ פרלינים בלגיים 1,DELAFAILLE,BE,בונ פרלינים בלגיים 100 ג 4 צבעים DELAF,גרמים,100.00,100 גרם,false,1,21.90,21.9000,true,1,152682
5413202178609,false,DELAFAILפרלינים בלגי,ITALIANA CONFETTI,IT,DELAFAILפרלינים בלגיים 200גרם  מלבן זהב,גרמים,200.00,100 גרם,false,1,29.90,14.9500,true,1,155342
5413216990242,true,צוקטה צדפי שוקולד 25,הדקלאים אגודת שיתופי,BE,צדפי שוקולד 250 גרם,לא מנהל יחידת מידה,0.00,לא מנהל יחידת מידה,false,1,19.90,0.0000,true,1,113441
5413548040479,false,רפאלו T24,פררו,PL,כדור וופל בציפוי קוקוס פריך במילוי קרם ושקד שלם,גרמים,240.00,100 גרם,false,1,25.90,10.7917,true,1,78766
5600213501018,true,תבואות מלח אטלנטי עב,,,תבואות מלח אטלנטי עב,Unknown,0.00,Unknown,false,1,16.90,0.0000,true,1,126027
5600213501261,true,תבואות מלח אטלנטי דק,,,תבואות מלח אטלנטי דק,לא מנהל יחידת מידה,0.00,לא מנהל יחידת מידה,false,1,16.90,0.0000,true,1,126025
5600286004089,false,תפוחונים אורגניים חמ,נטורפוד,PT,תפוחונים אורגניים חמצמץ 40 גרם נטורפוד,גרמים,40.00,100 גרם,false,1,8.90,22.2500,true,1,149418
5601010111035,false,סרדינים בשמן זית 125,רמירז קונסרב,PT,שימורי סרדינים בשמן זית,גרמים,125.00,100 גרם,false,1,12.80,10.2400,true,1,78070
5601010211070,false,סרדינים במים 125 גרם,רמירז קונסרב,PT,שימורי סרדינים במי מלח 100 גרם,גרמים,125.00,100 גרם,false,1,11.20,8.9600,true,1,76852
5601010211087,false,סרדינים פילה בשמן זי,רמירז קונסרב,PT,שימורי סרדינים(פילה)בשמן זית,גרמים,100.00,100 גרם,false,1,13.20,13.2000,true,1,73224
5601045300022,false,משקה גוארנה אנטרטיקה,"איי, בי, אינבוו",PT,"גוארנה אנטרטיקה פחית צרה  330 מ""ל",מיליליטרים,330.00,"100 מ""ל",false,1,7.00,2.1212,true,1,48255
5604912425057,false,מקרלים בשמן חמניה חר,תאי פרזידנט פוד פאבל,PT,מקרלים קטנים בשמן חמניות חריף 125 גרם,גרמים,125.00,100 גרם,false,1,6.90,5.5200,true,1,145364
5608933004369,false,בירה עלמה לאגר כהה ב,פונטסאלם,PT,בירה עלמה לאגר כהה בקבוק 330 מל,מיליליטרים,330.00,"100 מ""ל",false,1,6.90,2.0909,true,1,128495
5701932026964,false,פופקורן עם מלח הוטפו,פופז בעמ,US,פופקורן עם מלח הוטפופ  600 גרם,גרמים,600.00,100 גרם,false,1,15.90,2.6500,true,1,6232
5701932026971,false,פופקורן עם חמאה הוטפ,"פופז בע""מ",US,הוט חמאה 600 ג') ב(12,גרמים,600.00,100 גרם,false,1,15.90,2.6500,true,1,6233
5705550300963,true,ביצי דג שיבוט 200 גר,"אינסטנטה בע""מ",DK,ביצי דג שיבוט 200 גר,Unknown,0.00,Unknown,false,1,12.90,0.0000,true,1,129648
5706516031358,false,הוטפופ 100 קלוריות א,"פופז בע""מ",US,הוטפופ תירס להכנת פופקורן במיקרוגל 100 קל 5 שק',גרמים,160.00,100 גרם,false,1,15.90,9.9375,true,1,67361
5706516110039,false,הוטפופ טבעי מופחת שו,פופז,US,הוטפופ טבעי מופחת שומן ונתרן 540 גרם,גרמים,540.00,100 גרם,false,1,15.90,2.9444,true,1,150112
5711953103285,false,"פטינה לק""ג",ארלה פודס אמבא,DK,"פטינה לק""ג",קילוגרמים,1.00,"ק""ג",true,,39.00,39.0000,true,1,146660
5711953105807,false,"גבינת בלוז לק""ג",ארלה פודס אמבא,DK,"גבינת בלוז לק""ג",קילוגרמים,1.00,"ק""ג",true,,88.00,88.0000,true,1,146659
5711953106583,false,ארלה גבינת שמנת טבעי,ארזינא,DK,ארלה גבינת שמנת טבעי,גרמים,200.00,100 גרם,false,1,16.90,8.4500,true,1,145687
5711953106590,false,ארלה גבינת שמנת שום,ארזינא,DK,ארלה גבינת שמנת שום,גרמים,200.00,100 גרם,false,1,16.90,8.4500,true,1,145688
5711953106606,false,ארלה גבינת שמנת עשבי,ארזינא,DK,ארלה גבינת שמנת עשבי תיבול,גרמים,200.00,100 גרם,false,1,16.90,8.4500,true,1,145689
5740900403215,true,ממרח לורפק עם מלח 25,ארזינא,DK,ממרח לורפק עם מלח 250,גרמים,250.00,100 גרם,false,1,18.90,7.5600,true,1,126793
5740900403222,true,ממרח לורפק עם מלח מו,ארזינא,DK,ממרח לורפק עם מלח מופחת שומן,גרמים,250.00,100 גרם,false,1,19.90,7.9600,true,1,126794
5740900403239,true,ממרח לורפק ללא מלח 2,ארזינא,DK,ממרח לורפק בלי מלח 250,גרמים,250.00,100 גרם,false,1,19.90,7.9600,true,1,126795
5740900403253,true,ממרח לורפק עם מלח 50,ארזינא,DK,ממרח לורפק עם מלח 500גר,גרמים,500.00,100 גרם,false,1,29.80,5.9600,true,1,126797
5740900403260,false,ממרח לורפק ללא מלח מ,ארזינא,DK,ממרח לורפק ללא מלח מופחת שומן,גרמים,250.00,100 גרם,false,1,19.90,7.9600,true,1,126798
5740900403864,false,לורפק חמאה עם מלח 20,ארזינא,DK,לורפק חמאה עם מלח 200 גרם,גרמים,200.00,100 גרם,false,1,11.90,5.9500,true,1,154421
5900020012814,false,דגני בוקר נסקוויק 50,מיוצר עי קונדיטוריית,PL,דגני בוקר נסקוויק 500 גרם,גרמים,500.00,100 גרם,false,1,26.90,5.3800,true,1,63481
5900020025647,false,פיטנס בר דליס שוקולד,מיוצר עי קונדיטוריית,PL,פיטנס בר דליס שוקולד חלב מאח.9 6*22.5ג,גרמים,135.00,100 גרם,false,1,16.90,12.5185,true,1,109409
5900020026552,false,דגני האני נאט ציריוס,סי. פי. צרפת,FR,דגני האני נאט ציריוס  625 גרם,גרמים,625.00,100 גרם,false,1,26.90,4.3040,true,1,115019
5900020033314,false,חטיף דגנים ליון מאגד,סי.פי. פולין,PL,חטיף דגנים ליון מאגדת 8*25 גרם,גרמים,200.00,100 גרם,false,1,14.90,7.4500,true,1,127308
5900020034991,false,דגני קראנץ צדפים בטע,סי. פי. פולין,PL,דגני קראנץ צדפים בטעם שוקולד450גרםN9,גרמים,450.00,100 גרם,false,1,26.90,5.9778,true,1,147217
5900020036407,true,ליון דגני בוקר שוקול,סי.פי פולין,PL,ליון דגני בוקר שוקולד וקרמל 480גרם,גרמים,480.00,100 גרם,false,1,26.90,5.6042,true,1,149448
5900020037916,false,דגני ציריוס שיבולת ש,ג'נרל מילס סאן אדריא,PL,דגני ציריוס שיבולת שועל 375גרם,גרמים,375.00,100 גרם,false,1,18.90,5.0400,true,1,151479
5900353615683,false,בונבוניירה וויסקי בש,MIEZSKO,PL,בונבוניירה וויסקי בשוקולד מריר 180 גרם,גרמים,180.00,100 גרם,false,1,21.90,12.1667,true,1,160853
5900353615690,false,בונבוניירה ברנדי בשו,MIEZSKO,PL,בונבוניירה ברנדי בשוקולד מריר 180 גרם,גרמים,180.00,100 גרם,false,1,21.90,12.1667,true,1,160854
5900353618288,false,בונבוניירה שרי 285 ג,MIEZSKO,PL,בונבוניירה שרי 285 גרם,גרמים,285.00,100 גרם,false,1,36.90,12.9474,true,1,160856
5900353620007,false,בונבוניירה שרי טראפז,MIEZSKO,PL,בונבוניירה שרי טראפז 182 גרם,גרמים,182.00,100 גרם,false,1,17.90,9.8352,true,1,160857
5900353620533,false,בונבוניירה ויסקי + ו,MIEZSKO,PL,בונבוניירה ויסקי + וודקה 143 גרם,גרמים,143.00,100 גרם,false,1,24.90,17.4126,true,1,160858
5900353622469,false,טיוב שוקולד עם ויסקי,MIEZSKO,PL,טיוב שוקולד עם ויסקי 150 גרם,גרמים,150.00,100 גרם,false,1,24.90,16.6000,true,1,160860
5900353645895,false,בונ לב פח אמורטה 189,SORINI-Holding Dolci,IT,בונ לב פח אמורטה 189 ג MIESZKO AMORETTA,גרמים,189.00,100 גרם,false,1,41.90,22.1693,true,1,155360
5900353647035,false,בונבוניירה טו סיקרט,MIEZSKO,PL,בונבוניירה טו סיקרט קריסמס 139 גרם,גרמים,139.00,100 גרם,false,1,21.90,15.7554,true,1,160861
5900627063233,false,פיניש טבליות AIO 50,רקיט בנקיזר,PL,פיניש טבליות AIO 50 יחידות,יחידה,1.00,יחידה,false,1,37.90,37.9000,true,1,129731
5900907000118,false,סלט ירקות בתחמיץ 680,אורבנק,PL,סלט ירקות בתחמיץ 680 גרם,גרמים,680.00,100 גרם,false,1,11.90,1.7500,true,1,149691
5900907000217,false,פלפל אדום בחומץ 680,אורבנק,PL,פלפל אדום בחומץ 680 גרם,גרמים,680.00,100 גרם,false,1,16.90,2.4853,true,1,149688
5900907000347,false,פטריות בתחמיץ 500 גר,אורבנק,PL,פטריות בתחמיץ 500 גרם,גרמים,500.00,100 גרם,false,1,19.90,3.9800,true,1,53941
5900907000828,false,לטשו פטריות 680 גרם,אורבנק,PL,לטשו פטריות 680 גרם,גרמים,680.00,100 גרם,false,1,15.90,2.3382,true,1,149690
5900907000965,false,פטיסון בחומץ 910 גרם,אורבנק,PL,פטיסון בחומץ 910 גרם,גרמים,910.00,100 גרם,false,1,21.90,2.4066,true,1,149694
5900907001429,false,אסורטי 920 גרםURBAN,יושלם,,אסורטי 910גרם,גרמים,910.00,100 גרם,false,1,16.90,1.8571,true,1,46586
5900907001450,false,מלפפון במלח 910 גרם,אורבנק,PL,מלפפון במלח 910 גרם,גרמים,910.00,100 גרם,false,1,16.90,1.8571,true,1,149692
5900907001474,false,עגבניות אדומות בחומץ,,,עגבניות אדומות בחומץ 920 גרם,גרמים,920.00,100 גרם,false,1,16.90,1.8370,true,1,130792
5900907001597,false,כרוב כבוש עם גזר 900,אורבנק,PL,כרוב כבוש עם גזר 900 גרם,גרמים,900.00,100 גרם,false,1,16.90,1.8778,true,1,149695
5900907001719,false,תערובת מלפפונים ועגב,סגל דברים טובים,IL,תערובת מלפפונים ועגבניות,גרמים,910.00,100 גרם,false,1,16.90,1.8571,true,1,149681
5900951283963,false,dro סניקרס קרימי ח.ב,סנו מפעלי ברונוס.,PL,dro סניקרס קרימי ח.בוטנים 36.5,גרמים,37.00,100 גרם,false,1,4.90,13.2432,true,1,157047
5901177153665,false,סרגל בסט וישז שוק חל,VOBRO,PL,סרגל בסט וישז שוק חלב עם קרם אגוזים 75,גרמים,75.00,100 גרם,false,1,9.90,13.2000,true,1,155317
5901177155959,false,VOBRO בונבוניירה שרי,VOBRO,PL,VOBRO בונבוניירה שרי טראפז 210גרם,גרמים,210.00,100 גרם,false,1,21.90,10.4286,true,1,155335
5901414200411,false,עוגיות היט מיני קקאו,בלזן,PL,עוגיות היט מיני קקאו 130 גרם,גרמים,130.00,100 גרם,false,1,6.90,5.3077,true,1,23822
5901867802637,true,וודקה בלוודיר מרטיני,,,וודקה בלוודיר מרטיני,לא מנהל יחידת מידה,0.00,לא מנהל יחידת מידה,false,1,139.90,0.0000,true,1,129790
5902198160403,false,משקה אנרגיה XL TEN,"טמפו משקאות בע""מ",IL,"משקה אנרגיה XL TEN  פחית 250 מ""ל",מיליליטרים,250.00,"100 מ""ל",false,1,4.50,1.8000,true,1,120712
5904941750312,false,משקה אנרגיה BLU דיי,אקו - ביט,PL,בלו משקה אנרגיה מוגז 250 מל,מיליליטרים,250.00,"100 מ""ל",false,1,5.00,2.0000,true,1,91623
5904941751241,false,משקה אנרגיה בלו דיי,אקו - ביט,PL,בלו משקה אנרגיה מוגז 250 מל,מיליליטרים,250.00,"100 מ""ל",false,1,5.00,2.0000,true,1,149773
5904941751302,false,משקה אנרגיה BLU  פחי,אקו - ביט,PL,בלו משקה אנרגיה מוגז 250 מל,מיליליטרים,250.00,"100 מ""ל",false,1,5.00,2.0000,true,1,49876
5904941751920,false,משקה אנרגיה BLU דיי,אקו - ביט,PL,בלו משקה אנרגיה מוגז 250 מל,מיליליטרים,250.00,"100 מ""ל",false,1,5.00,2.0000,true,1,85702
5904941752262,false,משקה אנרגיה בלו 6 קל,הנסיך- מפעל לייצור ט,PL,בלו משקה אנרגיה מוגז 250 מל,מיליליטרים,250.00,"100 מ""ל",false,1,5.00,2.0000,true,1,149772
5905643030290,false,פטריות יער פולניות מ,אורבנק,PL,פטריות יער פולניות מיובשות 40 גרם,גרמים,40.00,100 גרם,false,1,25.90,64.7500,true,1,149704
5905643070845,false,חמוציות בסירופ קל 40,,PL,חמוציות בסירופ קל 400 גרם,גרמים,400.00,100 גרם,false,1,11.90,2.9750,true,1,118819
5905643070852,false,פטל בסירופ קל 400 גר,,PL,פטל בסירופ קל 400 גרם,גרמים,400.00,100 גרם,false,1,11.90,2.9750,true,1,118813
5905643070869,false,אוכ כחולות בסירופ קל,"קזברוק,ג'.א. קסול",PL,אוכ כחולות בסירופ קל 400 גרם,גרמים,400.00,100 גרם,false,1,11.90,2.9750,true,1,130436
5905643070876,false,פטל שחור בסירופ קל 4,,PL,פטל שחור בסירופ קל 400 גרם,גרמים,400.00,100 גרם,false,1,11.90,2.9750,true,1,118811
5905643070883,false,סירופ תות שדה,,PL,תות שדה בסירופ קל 400 גרם,גרמים,400.00,100 גרם,false,1,11.90,2.9750,true,1,118812
5905643070906,false,תערובת פירות בסירופ,העידן האורגני,,תערובת פירות בסירופ קל 400 גרם,גרמים,400.00,100 גרם,false,1,11.90,2.9750,true,1,118888
5905643071644,false,סירופ אוכמניות שחורו,,PL,אוכ שחורות בסירופ קל 400 גרם,גרמים,400.00,100 גרם,false,1,11.90,2.9750,true,1,118820
5906485301012,false,משקה אנרגיה XL פחית,"טמפו משקאות בע""מ",IL,אקס אל אנרג'י דרינק משקה אנרגיה מוגז,מיליליטרים,250.00,"100 מ""ל",false,1,4.50,1.8000,true,1,25560
5997010301010,false,מחית פפריקה מתוקה 70,UNLVER,HU,מחית פפריקה מתוקה 70 גרם,גרמים,70.00,100 גרם,false,1,10.00,14.2857,true,1,156911
5998623526739,false,יין גוורצטרמינר סי ג,דנוביאנה,HU,"יין גוורצטרמינר סי גראס 750 מ""ל",מיליליטרים,750.00,"100 מ""ל",false,1,44.90,5.9867,true,1,149081
5998623530637,false,אדלמה קברנה סובוניון,אדלמה,HU,אדלמה קברנה סובוניון יין אדום 750 מל,מיליליטרים,750.00,"100 מ""ל",false,1,49.90,6.6533,true,1,157622
5998623530644,false,יין רוזה יבש אדלמה פ,אדלמה,HU,יין רוזה יבש אדלמה פינו גרגיו סמוק 750 מ,מיליליטרים,750.00,"100 מ""ל",false,1,49.90,6.6533,true,1,157623
6001023641601,false,מילוי גז למצתים 250,,,"מילוי גז למצתים 250 מ""ל",מיליליטרים,250.00,"100 מ""ל",false,1,11.90,4.7600,true,1,127950
6001067001485,false,מברשת שיניים קולגייט,קולגייט פלמוליב,CN,מברשת שיניים קולגייט 360,יחידה,1.00,יחידה,false,1,9.90,9.9000,true,1,158547
6001067017523,false,מברשת שיניים ילדים,קולגייט- פלמוליב,CN,קולגייט מברשת שיניים ספידרמן-ברבי גילאי 5+,Unknown,0.00,Unknown,false,1,13.90,0.0000,true,1,91744
6001067017530,false,מברשת שיניים גוניור,קולגייט- פלמוליב,CN,מברשת שיניים קולגייט גוניור,יחידה,1.00,יחידה,false,1,13.90,13.9000,true,1,91745
6001067024446,false,מב.שיניים אקסטרה,COLGATE ($) -PALMOLI,,קולגייט מברשת שיניים אקסטרה קל,Unknown,0.00,Unknown,false,1,18.10,0.0000,true,1,81526
6001067027324,false,קולגייט מברשת שיניים,קולגייט - פלמוליב,CN,קולגייט מברשת ילדים בארבי-ספייד חשמלית,יחידה,1.00,יחידה,false,1,54.90,54.9000,true,1,153817
6086142556654,false,פטרוזיליה אורגני,מושב אחיטוב,IL,פטרוזיליה אורגני,גרמים,350.00,100 גרם,false,1,7.90,2.2571,true,1,150219
6086142556722,false,כוסברה אורגני,מושב אחיטוב,IL,כוסברה אורגני,גרמים,350.00,100 גרם,false,1,7.90,2.2571,true,1,150879
6086142556890,true,בזיליקום אורגני,מושב אחיטוב,IL,בזיליקום אורגני,יחידה,1.00,יחידה,false,1,7.90,7.9000,true,1,150218
6111094000228,false,"קוסקוס דארי דק 1 ק""ג",דרי קוספט,MA,"קוסקוס דארי דק 1 ק""ג",קילוגרמים,1.00,"ק""ג",false,1,15.90,15.9000,true,1,145843
6111094000242,false,קוסקוס דארי דק 500,דרי קוספט,MA,קוסקוס דארי דק 500  גרם,קילוגרמים,0.50,"ק""ג",false,1,8.90,17.8000,true,1,71203
6111094000259,true,קוסקוס דארי 500 ג,,,קוסקוס דארי בינוני  500 ג,קילוגרמים,0.50,"ק""ג",false,1,8.90,17.8000,true,1,140451
6111094000808,false,"קוסקוס דארי 1 ק""ג+10",דרי קוספט,MA,"קוסקוס דארי 1 ק""ג+10% תוספת",קילוגרמים,1.00,"ק""ג",false,1,15.90,15.9000,true,1,145844
6191546003823,false,אריסה טוניסאית,מונה פוד,,אריסה טוניסאית,גרמים,190.00,100 גרם,false,1,18.90,9.9474,true,1,146140
6253017300012,false,טחינה קראוון המקורית,אחדות ביחר לטחינה  ח,IL,טחינה קראוון המקורית 500 גרם,גרמים,500.00,100 גרם,false,1,15.90,3.1800,true,1,87282
6253017300029,false,טחינה קרואן,אלקרוון,,טחינה קרואן 950 גרם,גרמים,950.00,100 גרם,false,1,29.90,3.1474,true,1,85028
6253341100029,false,טחינה עאייש 100% שומ,עומר עאייש שכם,PS,טחינה עאייש 100% שומשום 450 גרם,גרמים,450.00,100 גרם,false,1,15.90,3.5333,true,1,144948
6281001510390,false,קולגייט מברשת שיניים,COLGATE SANXIAO COMP,CN,קולגייט מברשת שיניים אקסטרה סופט לגילאי 0-2,Unknown,0.00,Unknown,false,1,13.90,0.0000,true,1,24335
6430034140023,false,"וודקה פינטסיק כשל""פ",שמאן ספיריטס,,"וודקה פינטסיק כשל""פ",מיליליטרים,700.00,"100 מ""ל",false,1,99.60,14.2286,true,1,113889
6908235694404,false,אוזניות מיקרופון אונ,,,אוזניות מיקרופון אוניברסליות,יחידה,1.00,יחידה,false,1,29.90,29.9000,true,1,146138
6921583100533,true,דיו לחותמות שחור-שימ,,,דיו לחותמות שחור-שימ,,0.00,,false,,9.90,0.0000,true,1,160999
6921850654912,true,טוסטר פסים 2 פרוסות,,,טוסטר פסים 2 פרוסות,,0.00,,false,,92.90,0.0000,true,1,160775
6921850655056,true,מצנם 2 פרוסות שחור,,,מצנם 2 פרוסות שחור,,0.00,,false,,99.90,0.0000,true,1,159385
6926572510386,false,סוכריית לקקן גלי ממו,אחים מזרחי,,סוכריית לקקן גלי ממותג,לא מנהל יחידת מידה,0.00,לא מנהל יחידת מידה,false,1,4.50,0.0000,true,1,7718
6937893228089,true,סבוניה ואקום ניקל,,,סבוניה ואקום ניקל,,0.00,,false,,7.90,0.0000,true,1,160980
6951097100941,true,קערת פס בלינק 280 מל,,,קערת פס בלינק 280 מל,,0.00,,false,,4.90,0.0000,true,1,160557
6951097106707,true,קערת פס בלינק 450 מל,,,קערת פס בלינק 450 מל,,0.00,,false,,5.90,0.0000,true,1,160914
6952415521479,true,כבל מאריך חשמל 2 מ,,,כבל מאריך חשמל 2 מ,,0.00,,false,,19.90,0.0000,true,1,160986
6952415521493,true,כבל מאריך חשמל 4 מ,,,כבל מאריך חשמל 4 מ,,0.00,,false,,32.90,0.0000,true,1,160987
6952415521554,true,רב שקע חשמל 3שקעים +,,,רב שקע חשמל 3שקעים +,,0.00,,false,,19.90,0.0000,true,1,160984
6952415521592,true,רב שקע חשמל 4שקעים +,,,רב שקע חשמל 4שקעים +,,0.00,,false,,20.90,0.0000,true,1,160985
6952415521639,true,רב שקע חשמל 5 שקעים,,,רב שקע חשמל 5 שקעים,,0.00,,false,,22.90,0.0000,true,1,160983
6958211252876,false,שום ייבוא ליח,עטרה,,שום ייבוא ליח,יחידה,1.00,יחידה,false,1,7.90,7.9000,true,1,156790
6973826700918,false,HQD ס.אלקטרונית מנטה,shenzhen hot technol,CN,HQD ס.אלקטרונית מנטה אייס 2000 שאיפות 1/,יחידה,1.00,יחידה,false,1,104.90,104.9000,false,1,156390
7038513866304,false,מברשת שיניים    0-2,JORDAN,,מברשת שיניים לילדים 0-2 גורדן,Unknown,0.00,Unknown,false,1,11.90,0.0000,true,1,45980
7038513866311,false,מברשת שיניים    3-5,JORDAN,,מברשת שיניים לילדים-3-5 גורדן,Unknown,0.00,Unknown,false,1,11.90,0.0000,true,1,45981
7038513866328,false,מברשת שיניים    6-8,JORDAN,,מברשת שיניים לילדים-6-8 גורדן,Unknown,0.00,Unknown,false,1,11.90,0.0000,true,1,45982
7038513909018,false,קיסמי שיניים דקים,JORDAN,,"קיסמי שיניים דקים - ג""ורדן",Unknown,0.00,Unknown,false,1,19.90,0.0000,true,1,46018
7038513909117,false,קיסמי שיניים דקים,JORDAN,,קיסמי שיניים דקים במיוחד-גורדן,Unknown,0.00,Unknown,false,1,19.90,0.0000,true,1,45984
7245710548173,true,שקיות אשפה 85*75 שחו,,,שקיות אשפה 85*75 שחו,,0.00,,false,,7.90,0.0000,true,1,160826
7262626055168,false,חפיסת קלפי משחק,,,חפיסת קלפי משחק,יחידה,1.00,יחידה,false,1,19.90,19.9000,true,1,152589
7271730901261,false,פסטה עם גבינה 156 גר,נטו מלינדה-בשר,US,ארוחת אטריות עם רוטב גבינה,גרמים,156.00,100 גרם,false,1,11.90,7.6282,true,1,90809
7290000004596,false,לחמניה  לסנדויץ,מאפית דוידוביץ ובניו,IL,לחמניה  לסנדויץ,גרמים,75.00,100 גרם,false,1,1.60,2.1333,true,1,158762
7290000020303,false,חמוצים מרכז,יושלם,,חמוצים מרכז,קילוגרמים,1.00,"ק""ג",true,,55.00,55.0000,true,1,52911
7290000020310,false,זיתים מרכז,יושלם,,זיתים מרכז,קילוגרמים,1.00,"ק""ג",true,,55.00,55.0000,true,1,52912
7290000021073,false,"מיכל 2.5 + ק""ג",,,"מיכל 2.5 + ק""ג",קילוגרמים,2.50,"ק""ג",false,1,359.00,143.6000,true,1,147495
7290000021082,false,"מיכל 5 ק""ג + גז",,,"מיכל 5 ק""ג + גז",קילוגרמים,5.00,"ק""ג",false,1,495.00,99.0000,true,1,147494
7290000023007,false,ברנדי שטוק 84  750 מ,"יקבי ברקן בע""ם",IL,"ברנדי שטוק 84  750 מ""ל",מיליליטרים,750.00,"100 מ""ל",false,1,79.90,10.6533,true,1,1759
7290000023083,false,ערק אשקלון 40% בקבוק,"איי, בי, אינבוו",IL,"ערק אשקלון 700 מ""ל",מיליליטרים,700.00,"100 מ""ל",false,1,69.90,9.9857,true,1,102330
7290000023434,false,ליקר וישניאק,,,ליקר שטוק וישניאק 750 מל,מיליליטרים,750.00,"100 מ""ל",false,1,59.90,7.9867,true,1,1877
7290000023809,false,יין ברקן קלאסיק קברנ,"איי, בי, אינבוו",IL,ברקן קלאסיק קברנה סוביניון יין אדום יבש 2015,מיליליטרים,750.00,"100 מ""ל",false,1,32.90,4.3867,true,1,1942
7290000023816,false,יין ברקן קלאסיק אמרל,"איי, בי, אינבוו",IL,ברקן קלאסיק אמרלד ריזלינג יין לבן חצי יבש 2016,מיליליטרים,750.00,"100 מ""ל",false,1,32.90,4.3867,true,1,1943
7290000023823,false,יין סוביניון בלאן,ברקן סגל,,יין קלאסיק סוביניון בלאן750 מל,Unknown,0.00,Unknown,false,1,32.90,0.0000,true,1,1946
7290000023847,false,יין ברקן קלאסיק שרדו,יקבי ברקן שיווק והפצ,IL,"יין ברקן קלאסיק שרדונה 750 מ""ל",מיליליטרים,750.00,"100 מ""ל",false,1,32.90,4.3867,true,1,1948
7290000023977,false,יין ברקן קלאסיק מרלו,"איי, בי, אינבוו",IL,ברקן קלאסיק מרלו יין אדום יבש 2015 750 מל,מיליליטרים,750.00,"100 מ""ל",false,1,32.90,4.3867,true,1,1953
7290000024202,false,יין ברקן רזרב קברנה,ברקן שיווק והפצה בעמ,IL,"יין ברקן רזרב קברנה סובניון 750 מ""ל",מיליליטרים,750.00,"100 מ""ל",false,1,49.90,6.6533,true,1,1985
7290000024219,false,יין ברקן רזרב אמרד ר,יקבי ברקן,,"יין ברקן רזרב אמרד ריזלינג 750 מ""ל",מיליליטרים,750.00,"100 מ""ל",false,1,49.90,6.6533,true,1,1986
7290000024240,false,יין רזרב שרדונה 750,,,יין רזרב שרדונה 750 מל,מיליליטרים,750.00,"100 מ""ל",false,1,52.90,7.0533,true,1,1989
7290000024523,false,מיץ ענבים תירוש סגל,כרמי צבי - האחים סגל,IL,מיץ ענבים תירוש סגל 1 ליטר,ליטרים,1.00,ליטר,false,1,14.90,14.9000,true,1,103949
7290000024530,false,"יין מתוק סגל 750 מ""ל",יקב סגל,,"יין מתוק סגל 750 מ""ל",מיליליטרים,750.00,"100 מ""ל",false,1,16.30,2.1733,true,1,68955
7290000032955,false,טומהוק אנגוס נברסקה,קצביית פרימיום,IL,טומהוק פרימיום,קילוגרמים,1.00,"ק""ג",true,,199.90,199.9000,true,1,129952
7290000033372,false,גבינת צדר אנגלית כתו,,,גבינת צדר אנגלית כתומה מעדנייה,קילוגרמים,1.00,"ק""ג",true,,149.00,149.0000,true,1,144438
7290000033440,false,בגט מחמצת צרפתי,מאפה הבלקן,IL,בגט מחמצת צרפתי,יחידה,1.00,יחידה,false,1,11.90,11.9000,true,1,130281
7290000034836,false,שייטל,קצביית פרימיום,IL,שייטל,קילוגרמים,1.00,"ק""ג",true,,129.90,129.9000,true,1,148796
7290000034904,false,שפונדרה,קצביית פרימיום,IL,שפונדרה,קילוגרמים,1.00,"ק""ג",true,,69.90,69.9000,true,1,148797
7290000035130,false,כתף מרכזי,קצביית פרימיום,IL,כתף מרכזי,קילוגרמים,1.00,"ק""ג",true,,79.90,79.9000,true,1,148799
7290000035208,false,צלי כתף,קצביית פרימיום,IL,צלי כתף,קילוגרמים,1.00,"ק""ג",true,,99.90,99.9000,true,1,148800
7290000035376,false,פילה מדומה,קצביית פרימיום,IL,פילה מדומה,קילוגרמים,1.00,"ק""ג",true,,79.90,79.9000,true,1,148801
7290000035444,false,פילה עגל,קצביית פרימיום,IL,פילה עגל,קילוגרמים,1.00,"ק""ג",true,,249.90,249.9000,true,1,148802
7290000035512,false,סינטה,קצביית פרימיום,IL,סינטה,קילוגרמים,1.00,"ק""ג",true,,139.90,139.9000,true,1,148803
7290000035680,false,אצבעות אנטריקוט,קצביית פרימיום,IL,אצבעות אנטריקוט,קילוגרמים,1.00,"ק""ג",true,,89.90,89.9000,true,1,148804
7290000035758,false,נתח קצבים נברסקה,קצביית פרימיום,IL,נתח קצבים,קילוגרמים,1.00,"ק""ג",true,,159.90,159.9000,true,1,148805
7290000035826,false,מינוט סטייק,קצביית פרימיום,IL,מינוט סטייק,קילוגרמים,1.00,"ק""ג",true,,149.90,149.9000,true,1,148806
7290000036144,false,קורנפלור  שקית     .,קרלו,IL,קורנפלור בשקית200 גרם               X24,גרמים,200.00,100 גרם,false,1,3.50,1.7500,true,1,3449
7290000036311,false,נשנושי אסדו בלק אנגו,קצביית פרימיום,IL,חטיפי אסאדו,קילוגרמים,1.00,"ק""ג",true,,119.90,119.9000,true,1,148809
7290000036328,false,אנטריקוט עגלה,קצביית פרימיום,IL,אנטריקוט עגלה,קילוגרמים,1.00,"ק""ג",true,,169.90,169.9000,true,1,148810
7290000036335,false,טחון טרי,קצביית פרימיום,IL,טחון טרי,קילוגרמים,1.00,"ק""ג",true,,59.90,59.9000,true,1,148811
7290000036342,false,בריסקט עגל,קצביית פרימיום,IL,בריסקט עגל,קילוגרמים,1.00,"ק""ג",true,,69.90,69.9000,true,1,148812
7290000036359,false,אסאדו,קצביית פרימיום,IL,אסאדו,קילוגרמים,1.00,"ק""ג",true,,59.90,59.9000,true,1,148813
7290000036366,false,אנטריקוט עם עצם,קצביית פרימיום,IL,אנטריקוט עם עצם,קילוגרמים,1.00,"ק""ג",true,,79.90,79.9000,true,1,148814
7290000036373,false,אנטריקוט עגל,קצביית פרימיום,IL,אנטריקוט עגל,קילוגרמים,1.00,"ק""ג",true,,149.90,149.9000,true,1,148815
7290000036397,false,אוסובוקו עגל,קצביית פרימיום,IL,אוסובוקו עגל,קילוגרמים,1.00,"ק""ג",true,,69.90,69.9000,true,1,148817
7290000036403,false,אונטריב ארגנטינאי,קצביית פרימיום,IL,אונטריב,קילוגרמים,1.00,"ק""ג",true,,79.90,79.9000,true,1,148818
7290000036410,false,בלק אנגוס סינטה נברס,קצביית פרימיום,IL,בלק אנגוס סינטה נברסקו,קילוגרמים,1.00,"ק""ג",true,,189.90,189.9000,true,1,148819
7290000036533,false,חזה אווז מולרד,קצביית פרימיום,IL,חזה אווז מולרד,קילוגרמים,1.00,"ק""ג",true,,199.90,199.9000,true,1,148830
7290000036779,false,גרון עוף,קצביית פרימיום,IL,גרון עוף,קילוגרמים,1.00,"ק""ג",true,,9.90,9.9000,true,1,148865
7290000036786,false,גרונות הודו,קצביית פרימיום,IL,גרונות הודו,קילוגרמים,1.00,"ק""ג",true,,32.90,32.9000,true,1,148866
7290000036793,false,הודו אדום,קצביית פרימיום,IL,הודו אדום,קילוגרמים,1.00,"ק""ג",true,,54.90,54.9000,true,1,148867
7290000036854,false,חזה הודו,קצביית פרימיום,IL,חזה הודו,קילוגרמים,1.00,"ק""ג",true,,39.90,39.9000,true,1,148869
7290000036861,false,חזה עוף,קצביית פרימיום,IL,חזה עוף,קילוגרמים,1.00,"ק""ג",true,,39.90,39.9000,true,1,148870
7290000036885,false,כבד עוף,קצביית פרימיום,IL,כבד עוף,קילוגרמים,1.00,"ק""ג",true,,29.90,29.9000,true,1,148872
7290000036892,false,כנפיים הודו,קצביית פרימיום,IL,כנפיים הודו,קילוגרמים,1.00,"ק""ג",true,,19.90,19.9000,true,1,148873
7290000036908,false,כנפיים עוף חצוי,קצביית פרימיום,IL,כנפיים עוף חצוי,קילוגרמים,1.00,"ק""ג",true,,17.90,17.9000,true,1,148874
7290000036915,false,כנפיים עוף,קצביית פרימיום,IL,כנפיים עוף,קילוגרמים,1.00,"ק""ג",true,,14.90,14.9000,true,1,148875
7290000036939,false,כרעיים עוף ללא עור,קצביית פרימיום,IL,כרעיים עוף ללא עור,קילוגרמים,1.00,"ק""ג",true,,39.90,39.9000,true,1,148877
7290000036946,false,כרעיים עוף,קצביית פרימיום,IL,כרעיים עוף,קילוגרמים,1.00,"ק""ג",true,,29.90,29.9000,true,1,148878
7290000036953,false,לבבות עוף,קצביית פרימיום,IL,לבבות עוף,קילוגרמים,1.00,"ק""ג",true,,34.90,34.9000,true,1,148879
7290000036960,false,סטייק פרגית,קצביית פרימיום,IL,סטייק פרגית,קילוגרמים,1.00,"ק""ג",true,,69.90,69.9000,true,1,148880
7290000036977,false,עוף שלם,קצביית פרימיום,IL,עוף שלם,קילוגרמים,1.00,"ק""ג",true,,22.90,22.9000,true,1,148827
7290000036991,false,פילה עוף,קצביית פרימיום,IL,פילה עוף,קילוגרמים,1.00,"ק""ג",true,,39.90,39.9000,true,1,148882
7290000037004,false,פרגית עם עור,קצביית פרימיום,IL,פרגית עם עור,קילוגרמים,1.00,"ק""ג",true,,55.90,55.9000,true,1,148883
7290000037011,false,שווארמה הודו,קצביית פרימיום,IL,שווארמה הודו,קילוגרמים,1.00,"ק""ג",true,,79.90,79.9000,true,1,148884
7290000037035,false,שוקיים עוף,קצביית פרימיום,IL,שוקיים עוף,קילוגרמים,1.00,"ק""ג",true,,39.90,39.9000,true,1,148886
7290000037042,false,שיפודי פרגית טרי,קצביית פרימיום,IL,שיפודי פרגית טרי,קילוגרמים,1.00,"ק""ג",true,,79.90,79.9000,true,1,148887
7290000037073,false,שניצל עוף,קצביית פרימיום,IL,שניצל עוף,קילוגרמים,1.00,"ק""ג",true,,48.90,48.9000,true,1,148890
7290000037097,false,צוואר בלי עצם,קצביית פרימיום,IL,צוואר בלי עצם,קילוגרמים,1.00,"ק""ג",true,,69.90,69.9000,true,1,148855
7290000037141,false,רבע טלה,קצביית פרימיום,IL,רבע טלה,קילוגרמים,1.00,"ק""ג",true,,99.90,99.9000,true,1,148860
7290000037158,false,כתף טלה עם עצם,קצביית פרימיום,IL,כתף טלה עם עצם,קילוגרמים,1.00,"ק""ג",true,,119.90,119.9000,true,1,148861
7290000037165,false,צוואר טלה,קצביית פרימיום,IL,צוואר טלה,קילוגרמים,1.00,"ק""ג",true,,79.90,79.9000,true,1,148862
7290000037172,false,צלעות טלה,קצביית פרימיום,IL,צלעות טלה,קילוגרמים,1.00,"ק""ג",true,,189.90,189.9000,true,1,148864
7290000037189,false,שיפודי טלה טרי,קצביית פרימיום,IL,שיפודי טלה טרי,קילוגרמים,1.00,"ק""ג",true,,149.90,149.9000,true,1,148863
7290000037202,false,"גבינת בלוז לק""ג",ארלה פודס אמבא,DK,"גבינת בלוז לק""ג",קילוגרמים,1.00,"ק""ג",true,,88.00,88.0000,true,1,149175
7290000037271,false,שיפודי לבבות,קצביית פרימיום,IL,שיפודי לבבות,קילוגרמים,1.00,"ק""ג",true,,59.90,59.9000,true,1,149334
7290000037431,false,גבינה גאודה גלגל במש,נטו,,גבינה גאודה גלגל במשקל1 קג,קילוגרמים,1.00,"ק""ג",true,,129.00,129.0000,true,1,158160
7290000037455,false,גבינת צדר אנגלית מעד,כושר דייארי,,גבינת צדר אנגלית מעדנייה,קילוגרמים,1.00,"ק""ג",true,,149.00,149.0000,true,1,120103
7290000037769,false,אנטריקוט אנגוס פרימי,קצביית פרימיום,IL,אנטריקוט אנגוס פרימיום  איתן,קילוגרמים,1.00,"ק""ג",true,,229.90,229.9000,true,1,151427
7290000037776,false,טומהוק,קצביית פרימיום,IL,טומהוק,קילוגרמים,1.00,"ק""ג",true,,179.90,179.9000,true,1,151606
7290000038506,false,חומוס ירושלמי  משקל,קלאס פוד,IL,חומוס ירושלמי  משקל,קילוגרמים,1.00,"ק""ג",true,,35.00,35.0000,true,1,151888
7290000038520,false,חציל טבעי שרוף על הא,קלאס פוד,IL,חציל טבעי שרוף על האש משקל,קילוגרמים,1.00,"ק""ג",true,,63.00,63.0000,true,1,151901
7290000038544,false,חציל יווני סלוניקי ע,קלאס פוד,IL,חציל יווני סלוניקי על האש  משקל,קילוגרמים,1.00,"ק""ג",true,,63.00,63.0000,true,1,151903
7290000038551,false,חציל מרוקאי  משקל,קלאס פוד,IL,חציל מרוקאי  משקל,קילוגרמים,1.00,"ק""ג",true,,63.00,63.0000,true,1,151904
7290000038568,false,חציל פיקנטי   משקל,קלאס פוד,IL,חציל פיקנטי   משקל,קילוגרמים,1.00,"ק""ג",true,,63.00,63.0000,true,1,151905
7290000038575,false,חציל תאילנדי  משקל,קלאס פוד,IL,חציל תאילנדי  משקל,קילוגרמים,1.00,"ק""ג",true,,63.00,63.0000,true,1,151906
7290000038599,false,טחינה ירוקה משקל,קלאס פוד,IL,טחינה ירוקה משקל,קילוגרמים,1.00,"ק""ג",true,,33.00,33.0000,true,1,151908
7290000038636,false,נגיעות פלפל חריף משק,קלאס פוד,IL,נגיעות פלפל חריף משקל,קילוגרמים,1.00,"ק""ג",true,,55.00,55.0000,true,1,151921
7290000038643,false,סלט ביצים משקל,קלאס פוד,IL,סלט ביצים משקל,קילוגרמים,1.00,"ק""ג",true,,79.00,79.0000,true,1,151922
7290000038667,false,פלפל מרוקאי  משקל,קלאס פוד,IL,פלפל מרוקאי  משקל,קילוגרמים,1.00,"ק""ג",true,,79.00,79.0000,true,1,151924
7290000038674,false,פלפל רצועות משקל,קלאס פוד,IL,פלפל רצועות משקל,קילוגרמים,1.00,"ק""ג",true,,75.00,75.0000,true,1,151925
7290000038681,false,פסטו טרי משקל,קלאס פוד,IL,פסטו טרי משקל,קילוגרמים,1.00,"ק""ג",true,,80.00,80.0000,true,1,151926
7290000038704,false,צימצורי  משקל,קלאס פוד,IL,צימצורי  משקל,קילוגרמים,1.00,"ק""ג",true,,59.00,59.0000,true,1,151928
7290000040042,false,יוגורט יופלה תות 3%,תנובה בעמ,IL,יופלה יוגורט תות %3 גביע 150 גרם,גרמים,150.00,100 גרם,false,1,4.90,3.2667,true,1,3997
7290000040066,false,יוגורט יופלה דובדבן,תנובה בעמ,IL,יופלה יוגורט דובדבן %3 גביע 150 גרם,גרמים,150.00,100 גרם,false,1,4.90,3.2667,true,1,4047
7290000040080,false,יוגורט יופלה אפרסק 3,תנובה בעמ,IL,יופלה יוגורט אפרסק %3 גביע 150 גרם,גרמים,150.00,100 גרם,false,1,4.90,3.2667,true,1,4052
7290000040202,false,אצבעות אגוזים פילס,מאפה הבלקן,IL,אצבעות אגוזים פילס,קילוגרמים,1.00,"ק""ג",true,,39.90,39.9000,true,1,145551
7290000040301,false,גבינה קולאז קממבר 12,תנובה,IL,קממבר 24%,גרמים,125.00,100 גרם,false,1,20.50,16.4000,true,1,4179
7290000040318,false,גבינת ברי קולאז 125,תנובה,IL,גבינת ברי קולאז 125 גרם קולקשיין,גרמים,125.00,100 גרם,false,1,20.50,16.4000,true,1,4181
7290000040974,false,חלב דל לקטוז 2% בקרט,"תנובה, מחלבת רחובות",IL,חלב תנובה דל לקטוז 2% שומן 1 ליטר,ליטרים,1.00,ליטר,false,1,7.20,7.2000,true,1,75394
7290000041445,false,קוטג 5% תנובה 250 גר,מחלבת אלון תבור,IL,קוטג תנובה גביע 250 גרם 5% בדצ,גרמים,250.00,100 גרם,false,1,5.70,2.2800,true,1,4343
7290000041858,false,שמנת יטבתה מעושרת 20,,IL,שמנת חמוצה 15% מועשרת מהדרין,מיליליטרים,200.00,"100 מ""ל",false,1,2.40,1.2000,true,1,4390
7290000042008,false,חלב 3% שקית פיקוח 1,"תנובה, מחלבת רחובות",IL,חלב 3% שקית פיקוח 1 ליטר,ליטרים,1.00,ליטר,false,1,5.43,5.4300,true,1,4411
7290000042015,false,"חלב 3% שקית בד""ץ פיק",תנובה,IL,"חלב 3% שקית בד""ץ פיקוח 1 ליטר",ליטרים,1.00,ליטר,false,1,5.43,5.4300,true,1,4414
7290000042435,false,חלב 1% קרטון פיקוח 1,תנובה,IL,תנובה חלב טרי 1% שומן,ליטרים,1.00,ליטר,false,1,5.86,5.8600,true,1,4451
7290000042442,false,חלב 3% קרטון+פקק פיק,תנובה,IL,תנובה חלב טרי 3% שומן,ליטרים,1.00,ליטר,false,1,6.23,6.2300,true,1,4452
7290000042503,false,חלב עמיד3% קרטון 1 ל,פ.פ.ח. שאביט,IL,תנובה חלב עמיד 3% שומן 1 ליטר,ליטרים,1.00,ליטר,false,1,7.20,7.2000,true,1,4454
7290000042640,false,"חלב עמיד 250 מ""ל",תנובה,IL,תנובה חלב עמיד 3% שומן 250 מל,מיליליטרים,250.00,"100 מ""ל",false,1,2.90,1.1600,true,1,12185
7290000042855,false,שוקו יטבתה בשקית 225,שטראוס גרופ,,"שוקו יטבתה בשקית 225 מ""ל",מיליליטרים,225.00,"100 מ""ל",false,1,2.60,1.1556,true,1,4478
7290000043012,false,שוקו עמיד 2% בקרטון,תנובה,IL,תנובה שוקו עמיד 2% שומן 250 מל,מיליליטרים,250.00,"100 מ""ל",false,1,4.90,1.9600,true,1,4486
7290000043814,false,שמנת מתוקה עמידה 38%,תנובה,IL,השף הלבן שמנת להקצפה 38% שומן 250 מל,מיליליטרים,250.00,"100 מ""ל",false,1,6.47,2.5880,true,1,4635
7290000043890,false,רויון בקרטון 1 ליטר,תנובה,IL,תנובה רויון לבן מחלב מפסוטר 1.5% 1 ליטר,ליטרים,1.00,ליטר,false,1,10.90,10.9000,true,1,4657
7290000043944,false,יוגורט 4.5% בכד תנוב,מחלבת אלון תבור,IL,יוגורט 4.5% בכד תנובה 1.5 ליטר,ליטרים,1.50,ליטר,false,1,16.80,11.2000,true,1,4670
7290000044712,false,"פרילי תות 500 מ""ל",מיוצר עי קונדיטוריית,IL,"פרילי תות 500 מ""ל",מיליליטרים,500.00,"100 מ""ל",false,1,10.90,2.1800,true,1,4694
7290000044880,false,"באדי תות 3%  500 מ""ל",מחלבת אלון תבור,IL,"באדי תות 3%  500 מ""ל",מיליליטרים,500.00,"100 מ""ל",false,1,9.40,1.8800,true,1,4697
7290000045580,false,גבינה מותכת חורש 240,תנובה,IL,נעמה גבינה מותכת משולשים 25% שומן,גרמים,240.00,100 גרם,false,1,19.90,8.2917,true,1,4752
7290000045771,false,יוגורט בכד,מחלבת אלון תבור,IL,יוגורט 3 ל .בכד,ליטרים,3.00,ליטר,false,1,29.50,9.8333,true,1,16134
7290000045917,false,גבינה צאן פרומעז גלי,תנובה,IL,תנובה פרומעז גבינה מותכת מחלב עיזים 23% שומן,גרמים,200.00,100 גרם,false,1,26.60,13.3000,true,1,4770
7290000046006,false,גבינה עמק       28%,תנובה מרכז שיתופי לש,,"עמק חריץ ק""ג פיקוח                  28%",קילוגרמים,1.00,"ק""ג",true,,44.79,44.7900,true,1,4771
7290000046020,false,גבינה גלבוע     22%,תנובה מרכז שיתופי לש,,גלבוע חריץ פיקוח                    22%,קילוגרמים,1.00,"ק""ג",true,,42.58,42.5800,true,1,4773
7290000046327,false,גבינה צהובה גלבוע פר,"תנובה, מחלבת תל יוסף",IL,גלבוע גבינה צהובה חצי קשה פרוס 22% שומן,גרמים,200.00,100 גרם,false,1,13.20,6.6000,true,1,4804
7290000046563,false,גבינה קשה פרמזן 23%,תנובה מרכז שיתופי לש,,גבינה קשה פרמזן חריץ קג             23%.,קילוגרמים,1.00,"ק""ג",true,,119.00,119.0000,true,1,4826
7290000046662,false,עמק דליקטס חריץ 31%,תנובה מרכז שיתופי לש,,"עמק דליקטס חריץ ק""ג                 31%.",קילוגרמים,1.00,"ק""ג",true,,74.30,74.3000,true,1,4848
7290000047485,false,גבינה בולגרית   24%,תנובה מרכז שיתופי לש,,בולגרית-24% קג  מיכל3קג,קילוגרמים,1.00,"ק""ג",true,,59.90,59.9000,true,1,4922
7290000047546,false,גבינה כנען 5% שומן,תנובה,IL,גבינה כנען500 גרם 5% שומן,גרמים,500.00,100 גרם,false,1,24.90,4.9800,true,1,4930
7290000047621,false,גבינה למריחה 5% תנוב,מחלבת אלון תבור,IL,גבינה לבנה 5% 250 גרם בדצ,גרמים,250.00,100 גרם,false,1,4.98,1.9920,true,1,14515
7290000048185,false,גבינה למריחה 5% תנוב,מחלבת אלון תבור,IL,גבינה למריחה 5% תנובה פיקוח 250 גרם,גרמים,250.00,100 גרם,false,1,4.98,1.9920,true,1,4964
7290000048192,false,גבינה למריחה 9% תנוב,מחלבת אלון תבור,IL,גבינה למריחה 9% תנובה 250 גרם,גרמים,250.00,100 גרם,false,1,4.80,1.9200,true,1,4965
7290000048413,false,גבינת חמד פיראוס בשק,תנובה,IL,פיראוס חמד גבינה כפרית מלוחה 16% שומן,גרמים,250.00,100 גרם,false,1,18.90,7.5600,true,1,4986
7290000048437,false,גבינה צפתית 5% פיראו,פארייפאבה אגרואינדוס,IL,גבינה צפתית 5% שומן,גרמים,200.00,100 גרם,false,1,15.50,7.7500,true,1,4995
7290000049458,false,גבינת פטה עזים 16% פ,תנובה,IL,פיראוס פטה עיזים 16% שומן,גרמים,250.00,100 גרם,false,1,27.90,11.1600,true,1,5125
7290000050447,false,יופלה תות 500 גרם,מיוצר עי קונדיטוריית,IL,יופלה תות 3% גביע 500 גרם,גרמים,500.00,100 גרם,false,1,13.80,2.7600,true,1,56329
7290000050454,false,יופלה אפרסק 500 גרם,מיוצר עי קונדיטוריית,IL,יופלה אפרסק 3% גביע 500 גרם,גרמים,500.00,100 גרם,false,1,13.80,2.7600,true,1,56330
7290000051307,false,מארז הפסקת אוכל,"תנובה, מחלבת טנא נוג",IL,מארז הפסקת אוכל חלב+דגני עוגי,לא מנהל יחידת מידה,0.00,לא מנהל יחידת מידה,false,1,9.30,0.0000,true,1,59616
7290000051352,false,חלב של פעם 3.5% /3.8,הרדוף תוצרת מזון אור,IL,חלב מלא בטעם של פעם 3.8% שומן 1 ליטר,ליטרים,1.00,ליטר,false,1,7.50,7.5000,true,1,59617
7290000051376,false,יוגורט יופלה דיאט אנ,תנובה בעמ,IL,יופלה דיאט אננס גביע 150 גרם,גרמים,150.00,100 גרם,false,1,4.90,3.2667,true,1,62186
7290000051710,false,גבינת לאבנה שמן זית,"תנובה, מחלבת אלון תב",IL,פיראוס לאבנה אסלית עם שמן זית וזעתר על בסיס יוגורט,גרמים,263.00,100 גרם,false,1,14.20,5.3992,true,1,62189
7290000052304,false,משקה מוקה בקבוק 340,תנובה,IL,תנובה משקה על בסיס חלב בטעם מוקה,מיליליטרים,340.00,"100 מ""ל",false,1,6.90,2.0294,true,1,67927
7290000052311,false,גבינה עמק 15% פרוס 2,תנובה,IL,עמק פרוסות גבינה צהובה חצי קשה 15% מופחתת שומן,גרמים,200.00,100 גרם,false,1,15.90,7.9500,true,1,69381
7290000052649,false,פיראוס לאבנה     %5,פ.פ.ח. שאביט,IL,פיראוס לאבנה אסלית 5% שומן,גרמים,500.00,100 גרם,false,1,19.90,3.9800,true,1,68616
7290000053219,false,טל העמק 31%,תנובה מרכז שיתופי לש,,טל העמק 31%,קילוגרמים,1.00,"ק""ג",true,,65.00,65.0000,true,1,118005
7290000055015,false,גבינה פטה כבשים 5% פ,תנובה מחלבת טנא נוגה,IL,פיראוס פטה כבשים גבינה מלוחה 5% שומן,גרמים,250.00,100 גרם,false,1,27.90,11.1600,true,1,75728
7290000055206,false,גבינה לבנה 5% בצל מט,מחלבת אלון תבור,IL,גבינה לבנה 5% בצל מטוגן 250 גרם,גרמים,250.00,100 גרם,false,1,5.80,2.3200,true,1,81628
7290000055329,false,משקה יוגורט יופלה תו,תנובה בעמ,IL,"משקה יוגורט יופלה תות מלון 250 מ""ל",מיליליטרים,250.00,"100 מ""ל",false,1,5.90,2.3600,true,1,77705
7290000055336,false,משקה יוגורט יופלה בנ,תנובה בעמ,IL,"משקה יוגורט יופלה בננה אפרסק 250 מ""ל",מיליליטרים,250.00,"100 מ""ל",false,1,5.90,2.3600,true,1,77704
7290000055343,false,משקה יוגורט יופלה טר,תנובה בעמ,IL,"משקה יוגורט יופלה טרופי 250 מ""ל",מיליליטרים,250.00,"100 מ""ל",false,1,5.90,2.3600,true,1,77703
7290000055350,false,עמק 28%,תנובה מרכז שיתופי לש,,חריץ עמק 28%,קילוגרמים,1.00,"ק""ג",true,,44.79,44.7900,true,1,111355
7290000055893,false,חמאה תנובה 200 גרם,תנובה,IL,חמאה תנובה 200 גרם,גרמים,200.00,100 גרם,false,1,7.90,3.9500,true,1,93491
7290000056081,false,מאגדת יוגורט פרילי ט,מיוצר עי קונדיטוריית,IL,מאגדת יוגורט פרילי טבע          25% 1/6,קילוגרמים,1.20,"ק""ג",false,1,23.60,19.6667,true,1,78754
7290000056272,false,גבינה לבנה 5% זיתים,מחלבת אלון תבור,IL,גבינה לבנה 5% זיתים 250 גרם,גרמים,250.00,100 גרם,false,1,5.80,2.3200,true,1,81639
7290000056845,false,חלב 3% קרטון פיקוח 1,"תנובה, מחלבת רחובות",IL,תנובה חלב טרי 3% שומן אריזת נוחות,ליטרים,1.50,ליטר,false,1,9.34,6.2267,true,1,82852
7290000056883,false,מאגדת יופלה טעמים שו,תנובה בעמ,IL,מאגדת יופלה טעמים שונים שמיניי,קילוגרמים,1.20,"ק""ג",false,1,31.90,26.5833,true,1,80691
7290000056890,false,מאגדת יופלה דיאט,מיוצר עי קונדיטוריית,IL,מאגדת יופלה דיאט                    1/8,קילוגרמים,1.20,"ק""ג",false,1,31.90,26.5833,true,1,80884
7290000056906,false,מאגדת יופלה לבן 1.5%,מחלבת אלון תבור,IL,מאגדת יופלה לבן 1.5% שמינייה,קילוגרמים,1.20,"ק""ג",false,1,18.90,15.7500,true,1,80761
7290000056951,false,שמנת לבישול     15%,תנובה,IL,תנובה השף הלבן שמנת לבישול 15% שומן 500 מל,מיליליטרים,500.00,"100 מ""ל",false,1,16.50,3.3000,true,1,84273
7290000056968,false,שמנ מתוקה הקצפה  38%,תנובה,IL,השף הלבן שמנת להקפצה 38% שומן,מיליליטרים,500.00,"100 מ""ל",false,1,12.94,2.5880,true,1,84274
7290000057088,false,גבינה עמק 28% דק 200,פ.פ.ח. שאביט,IL,גבינה עמק 28% דק 200 גרם,גרמים,200.00,100 גרם,false,1,15.90,7.9500,true,1,82504
7290000057118,false,גבינה צהובה עמק קלאס,פ.פ.ח. שאביט,IL,גבינת עמק קלאסית חצי קשה פרוסות 28% שומן,גרמים,400.00,100 גרם,false,1,22.90,5.7250,true,1,82668
7290000057132,false,יוגורט ביו 1.5% תנוב,מחלבת אלון תבור,IL,יוגורט ביו 1.5% תנובה 200 גרם,גרמים,200.00,100 גרם,false,1,3.20,1.6000,true,1,82505
7290000057149,false,יוגורט ביו  3% תנובה,מחלבת אלון תבור,IL,יוגורט ביו  3% תנובה 200 גרם,גרמים,200.00,100 גרם,false,1,3.20,1.6000,true,1,82506
7290000057552,false,יוגורט יופלה דיאט ע.,תנובה בעמ,IL,יוגורט יופלה דיאט ע.גבינה ותות 150 גרם,גרמים,150.00,100 גרם,false,1,4.90,3.2667,true,1,88060
7290000058030,false,משקה יוגורט יופלה שט,מחלבת אלון תבור,IL,יופלה  משקה יוגורט תות 800 מל,מיליליטרים,800.00,"100 מ""ל",false,1,21.30,2.6625,true,1,85108
7290000058047,false,שמנת מתוקה,תנובה,IL,שמנת מתוקה להקצפה 500 38% גרם,מיליליטרים,500.00,"100 מ""ל",false,1,12.94,2.5880,true,1,86919
7290000058580,false,קוקילידה 80 גרם,תות תעשיות מזון (201,IL,נסטלה קוקילידה 28*80גרם,גרמים,80.00,100 גרם,false,1,10.50,13.1250,true,1,13203
7290000060071,false,חטיפי פריכונים טבעי,"מיוצר ע""י PT, משווק",IL,אסם חטיפי פריכונים טבעי 12*80גרם,גרמים,80.00,100 גרם,false,1,7.90,9.8750,true,1,6651
7290000060088,false,בייגלה מקלות מלוחים,מיוצר עי קונדיטוריית,IL,אסם בייגלה מקלות מלוחים 12*400גרם,גרמים,400.00,100 גרם,false,1,11.90,2.9750,true,1,56410
7290000060156,false,אטריות ביצים דקות 20,"אסם השקעות בע""מ",IL,אסם אטריות ביצים דקות 12*200גרם,גרמים,200.00,100 גרם,false,1,7.90,3.9500,true,1,6670
7290000060200,false,פתיתים אפויים קוסקוס,"אסם השקעות בע""מ",IL,פתיתים אפויים קוסקוס 500 גרם,גרמים,500.00,100 גרם,false,1,6.90,1.3800,true,1,6675
7290000060217,false,פסטה מקרוני מספר  7,פסטה זארה,IT,אסם פסטה מקרוני אטלקי 24*500גרם,גרמים,500.00,100 גרם,false,1,6.90,1.3800,true,1,23011
7290000060248,false,פסטה תלתלים,פסטה זארה,IT,אסם פסטה תלתלים 12*500גרם,גרמים,500.00,100 גרם,false,1,6.90,1.3800,true,1,6679
7290000060316,false,ספגטי פרפקטו 500 גרם,פסטה זארה,IT,פרפקטו פסטה ספגטי אטלקי 24*500גרם,גרמים,500.00,100 גרם,false,1,7.90,1.5800,true,1,6684
7290000060323,false,ספגטיני פרפקטו,פסטה זארה,UG,פרפקטו ספגטיני 2 20*500גרם-חדש,גרמים,500.00,100 גרם,false,1,7.90,1.5800,true,1,6685
7290000060330,false,פסטה פרפקטו ספירלי 5,פסטה זארה,IT,פרפקטו ספירלי 12*500גרם-חדש,גרמים,500.00,100 גרם,false,1,7.90,1.5800,true,1,6686
7290000060408,false,פתיתים אפויים טבעות,"אסם השקעות בע""מ",IL,אסם פתיתים אפויים טבעות 12*500גרם,גרמים,500.00,100 גרם,false,1,6.90,1.3800,true,1,6689
7290000060415,false,לזניה פרפקטו 500 גרם,פסטה לנסי,IT,פרפקטו לזניה 12*500גרם 2016,גרמים,500.00,100 גרם,false,1,14.90,2.9800,true,1,6690
7290000060576,false,פתיתים אפויים כוכבים,"אסם השקעות בע""מ",IL,אסם פתיתים אפויים כוכבים 12*500גרם,גרמים,500.00,100 גרם,false,1,6.90,1.3800,true,1,6699
7290000060781,false,פסטה מסולסלים אסם 50,פסטה זארה,IT,אסם פסטה מסולסלים לאחר הפסח 12*500גרם,גרמים,500.00,100 גרם,false,1,6.90,1.3800,true,1,6709
7290000060811,false,טילון אקסטרים ענק מט,תות תעשיות מזון (201,IL,אקסטרים ענק מטבע שוקולד 18*120גרם,גרמים,141.00,100 גרם,false,1,10.50,7.4468,true,1,89726
7290000060828,false,פסטה קרניים בינוניות,פסטה זארה,IT,אסם פסטה קרניים בינוניות 12*500גרם,גרמים,500.00,100 גרם,false,1,6.90,1.3800,true,1,6711
7290000060842,false,פסטה צדפים גדולים,פסטה זארה,IT,אסם פסטה צדפים גדולים 12*500גרם,גרמים,500.00,100 גרם,false,1,6.90,1.3800,true,1,6714
7290000060880,false,ספגטי אסם 500 גרם,פסטה זארה,IT,ספגטי אסם 500 גרם,גרמים,500.00,100 גרם,false,1,6.90,1.3800,true,1,6717
7290000060903,false,פתיתים אפויים אורז 5,"אסם השקעות בע""מ",IL,אסם פתיתים אפויים אורז 12*500גרם,גרמים,500.00,100 גרם,false,1,6.90,1.3800,true,1,6718
7290000060958,false,אטריות בינוניות 400,"אסם השקעות בע""מ",IL,אסם אטריות בינוניות 12*400גרם,גרמים,400.00,100 גרם,false,1,7.90,1.9750,true,1,6722
7290000060965,false,אטריות רחבות 400 גרם,"אסם השקעות בע""מ",IL,אסם אטריות רחבות 12*400גרם,גרמים,400.00,100 גרם,false,1,7.90,1.9750,true,1,6723
7290000061061,false,קרקר בצל 250 גרם,"אסם השקעות בע""מ",IL,אסם קרקר בצל 12*250גרם,גרמים,250.00,100 גרם,false,1,10.90,4.3600,true,1,6727
7290000061245,false,עוגיות שוקוציפס משהו,מיוצר עי קונדיטוריית,IL,אסם עוגיות שוקוצ'יפס ממולאות 12*220גרם,גרמים,220.00,100 גרם,false,1,11.90,5.4091,true,1,6788
7290000061450,false,פתיתים קוסקוס3 צבעים,"אסם השקעות בע""מ",IL,אסם פתיתים קוסקוס 3 צבעים 12*500גרם,גרמים,500.00,100 גרם,false,1,6.90,1.3800,true,1,58048
7290000061764,false,קפה נמס רד מאג 200 ג,נסטלה ספרד,ES,נסקפה רד מאג טעם חדש 6*200גרם2017,גרמים,200.00,100 גרם,false,1,24.90,12.4500,true,1,6813
7290000062952,false,קרוטונים מיני למרק ו,עינת תעשיות,IL,אסם מיני קרוטונים למרק וסלט 12*250גרם,גרמים,250.00,100 גרם,false,1,16.90,6.7600,true,1,49534
7290000063102,false,קמח תופח אסם 350 גרם,"אסם השקעות בע""מ",IL,קמח תופח אסם 350 גרם,גרמים,350.00,100 גרם,false,1,5.50,1.5714,true,1,7000
7290000063133,false,שקדי מרק אסם 100 גרם,"אסם השקעות בע""מ",IL,שקדי מרק אסם 100 גרם,גרמים,100.00,100 גרם,false,1,5.50,5.5000,true,1,7006
7290000063140,false,שקדי מרק אסם בשקית 4,"אסם השקעות בע""מ",IL,אסם שקדי מרק רכיבים טבעיים 12*400גרם,גרמים,400.00,100 גרם,false,1,12.90,3.2250,true,1,7008
7290000063157,false,"קמח תופח מאליו 1 ק""ג","אסם השקעות בע""מ",IL,"קמח תופח מאליו 1 ק""ג אסם",קילוגרמים,1.00,"ק""ג",false,1,9.70,9.7000,true,1,7010
7290000064758,false,קוסקוס אמיתי אסם 350,"מיוצר ע""י קוד יצרן K",IL,אסם קוסקוס אמיתי 12*350גרם,גרמים,350.00,100 גרם,false,1,7.90,2.2571,true,1,15300
7290000064871,false,מנה חמה פירה עם בצל,"אסם השקעות בע""מ",IL,מנה חמה פירה תפוא.ובצל 12*56גרם,גרמים,56.00,100 גרם,false,1,6.90,12.3214,true,1,7125
7290000065090,false,קרוטונים למרק ולסלט,עינת תעשיות,IL,אסם מיני קרוטונים למרק וסלט 12*400גרם,גרמים,400.00,100 גרם,false,1,25.90,6.4750,true,1,7160
7290000065540,false,מנה חמה פסטה מוקרמת,"אסם השקעות בע""מ",IL,מנה חמה פסטה מוקרמת בדץ 12*55גרם,גרמים,55.00,100 גרם,false,1,6.90,12.5455,true,1,7181
7290000065557,false,מנה חמה קוסקוס עם יר,"אסם תעשיות מזון בע""מ",IL,מנה חמה קוסקוס וירקות בדצ 12*84גרם,גרמים,84.00,100 גרם,false,1,6.90,8.2143,true,1,7182
7290000065977,false,אסם חטיפי פריכונים ת,"מיוצר ע""י פרח, משווק",IL,אסם חטיפי פריכונים תירס 12*80גרם,גרמים,80.00,100 גרם,false,1,7.90,9.8750,true,1,67977
7290000066189,false,ביסלי פלאפל 200 גרם,"אסם השקעות בע""מ",IL,ביסלי פלאפל 25*200גרם,גרמים,200.00,100 גרם,false,1,7.90,3.9500,true,1,7284
7290000066196,false,ביסלי גריל 200 גרם,מיוצר עי קונדיטוריית,IL,ביסלי גריל 25*200גרם,גרמים,200.00,100 גרם,false,1,7.90,3.9500,true,1,7285
7290000066226,false,ביסלי פיצה 200 גרם,מיוצר עי קונדיטוריית,IL,ביסלי פיצה 25*200גרם,גרמים,200.00,100 גרם,false,1,7.90,3.9500,true,1,7288
7290000066264,false,חטיף דובונים 40 גרם,"אסם השקעות בע""מ",IL,חטיף דובונים 40 גרם,גרמים,40.00,100 גרם,false,1,4.90,12.2500,true,1,7289
7290000066295,false,במבה תות 30 גרם,מיוצר עי קונדיטוריית,IL,במבה מתוקה מחומרים טבעיים 40*30גרם,גרמים,30.00,100 גרם,false,1,3.00,10.0000,true,1,7333
7290000066332,false,אפרופו 50 גרם,"אסם השקעות בע""מ",IL,אפרופו 36*50גרם,גרמים,50.00,100 גרם,false,1,5.20,10.4000,true,1,7336
7290000066349,false,אפרופו 100 גרם,מיוצר עי קונדיטוריית,IL,אפרופו 20*100גרם,גרמים,100.00,100 גרם,false,1,8.90,8.9000,true,1,7337
7290000066431,false,חטיף פופקו תירס חמאה,מיוצר עי קונדיטוריית,IL,פופקו חמאה ודבש 40*80גרם,גרמים,80.00,100 גרם,false,1,5.20,6.5000,true,1,7339
7290000067131,false,"ג""לי בטעם תות כשל""פ",מיוצר עי קונדיטוריית,IL,אסם גלי בזק תות צבע טבעי כלפ.12*88גרם,גרמים,88.00,100 גרם,false,1,6.90,7.8409,true,1,55285
7290000067544,false,פירורית זהב 200 גרם,לחמנו,IL,אסם פירורית פירורי לחם זהב 12*200גרם,גרמים,200.00,100 גרם,false,1,6.90,3.4500,true,1,7464
7290000067599,false,מנה חמה ספגטי בולונז,"אסם השקעות בע""מ",IL,מנה חמה ספגטי בולונז 12*65גרם,גרמים,65.00,100 גרם,false,1,6.90,10.6154,true,1,7470
7290000067735,false,ניוקי בצקיות מתפוח א,גרנדי פסטי,IT,ניוקי בצקיות מתפוח אדמה בואקום 500 גרם,גרמים,500.00,100 גרם,false,1,13.90,2.7800,true,1,7494
7290000068138,false,פודינג אינסטנט וניל,מיוצר עי קונדיטוריית,IL,אסם פודינג אינסטנט וניל 12*80גרם,גרמים,80.00,100 גרם,false,1,5.90,7.3750,true,1,7556
7290000068190,false,"ג""לי בזק טעם תות שדה",מיוצר עי קונדיטוריית,IL,אסם ג'לי תות שדה צבעים טבעיים 12*90גרם,גרמים,90.00,100 גרם,false,1,6.90,7.6667,true,1,7568
7290000068206,false,"ג""לי בזק טעם משמש 85",מיוצר עי קונדיטוריית,IL,אסם ג'לי משמש צבעים טבעיים 12*85גרם,גרמים,85.00,100 גרם,false,1,6.90,8.1176,true,1,7569
7290000068237,false,"ג""לי בזק טעם פטל 85",מיוצר עי קונדיטוריית,IL,אסם ג'לי פטל צבעים טבעיים 12*85גרם,גרמים,85.00,100 גרם,false,1,6.90,8.1176,true,1,7572
7290000068343,false,אסם פריכונים מאורז מ,"מיוצר ע""י PT, משווק",IL,אסם פריכונים מאורז מלא 12*140גרם,גרמים,140.00,100 גרם,false,1,8.90,6.3571,true,1,7587
7290000068701,false,שקדי מרק אסם במיכל 4,"אסם השקעות בע""מ",IL,אסם שקדי מרק רכיבים טבע.מיכל 10*400גרם,גרמים,400.00,100 גרם,false,1,18.30,4.5750,true,1,7606
7290000068787,false,במבה יום הולדת 25 גר,מיוצר עי קונדיטוריית,IL,במבה יום הולדת כלפ.108*25גרם,גרמים,25.00,100 גרם,false,1,2.50,10.0000,true,1,7612
7290000069258,false,פסטה פרפקטו פנה ריגא,פסטה זארה,IT,פרפקטו פנה ריגאטה 12*500גרם-חדש,גרמים,500.00,100 גרם,false,1,7.90,1.5800,true,1,7715
7290000069364,false,"פריכונים 140 גר ""דל","מיוצר ע""י PT, משווק",IL,אסם פריכונים עגול אורז דל נת.12*140ג,גרמים,140.00,100 גרם,false,1,8.90,6.3571,true,1,16202
7290000070308,false,מרק עוף אמיתי 400 גר,"אסם השקעות בע""מ",IL,אסם מרק עוף אמיתי חתם סופר כלפ.6*400גרם,גרמים,400.00,100 גרם,false,1,21.90,5.4750,true,1,7801
7290000070322,false,"אבקת מרק פטריות כשל""","אסם השקעות בע""מ",IL,"אבקת מרק פטריות כשל""פ 400 גרם",גרמים,400.00,100 גרם,false,1,28.90,7.2250,true,1,7802
7290000070353,false,"מרק בצל כשל""פ 400 גר","אסם השקעות בע""מ",IL,"מרק בצל כשל""פ 400 גרם",גרמים,400.00,100 גרם,false,1,28.90,7.2250,true,1,7803
7290000070919,false,"בייגלה רשתות בד    """,מיוצר עי קונדיטוריית,IL,אסם בייגלה רשתות מלח 9*400גרם,גרמים,400.00,100 גרם,false,1,14.50,3.6250,true,1,72879
7290000071008,false,בייגלה שטוחים עם מלח,"אסם השקעות בע""מ",IL,אסם בייגלה שטוחים מלח 24*60גרם,גרמים,60.00,100 גרם,false,1,3.70,6.1667,true,1,72880
7290000072067,false,במבה במילוי קרם חלבה,מיוצר עי קונדיטוריית,IL,במבה במילוי קרם חלבה כשלפ 60 גרם,גרמים,60.00,100 גרם,false,1,4.90,8.1667,true,1,63980
7290000072241,false,אסם רוטב לפיצה בקבוק,"אסם השקעות בע""מ",IL,אסם רוטב פיצה 9*290מל,מיליליטרים,290.00,"100 מ""ל",false,1,12.90,4.4483,true,1,7847
7290000072623,false,קטשופ לחיץ רגיל,"אסם השקעות בע""מ",IL,אסם קטשופ בקבוק לחיץ 9*750גרם-חדש,גרמים,750.00,100 גרם,false,1,11.90,1.5867,true,1,7858
7290000072630,false,קטשופ לחיץ חריף,"אסם השקעות בע""מ",IL,אסם קטשופ חריף כלפ.9*750גרם 2015,גרמים,750.00,100 גרם,false,1,15.80,2.1067,true,1,7859
7290000072753,false,קפה טסטרצויס 200 גרם,לוטה נסטלה קוריאה,,טייסטרס צ'וייס 12*200גרם,גרמים,200.00,100 גרם,false,1,31.90,15.9500,true,1,7862
7290000072777,false,קפה טסטרצויס נטול קפ,לוטה נסטלה קוריאה,,טייסטרס צוייס נטול קופאין 12*200גרם,גרמים,200.00,100 גרם,false,1,39.90,19.9500,true,1,7864
7290000072784,false,קפה טסטרצויס נטול קפ,לוטה נסטלה קוריאה,,טייסטרס צוייס נטול קופאין 12*100גרם,גרמים,100.00,100 גרם,false,1,27.90,27.9000,true,1,7865
7290000072968,false,דגני סיני מיניס קינמ,סי. פי. פולין,PL,דגני סיני מיניס קינמון 500 גרם,גרמים,500.00,100 גרם,false,1,26.90,5.3800,true,1,8376
7290000073125,false,מנה חמה פסטה ברוטב ע,"אסם השקעות בע""מ",IL,מנה חמה פסטה עם עגבניות ר.טבע. בדץ12*62ג,גרמים,62.00,100 גרם,false,1,6.90,11.1290,true,1,9200
7290000073699,false,סלט חומוס צבר 150 גר,לחמנו,IL,סלטי צבר חומוס חלק 6*150גרם,גרמים,150.00,100 גרם,false,1,4.90,3.2667,true,1,89393
7290000074153,false,ביסקוויט פתיבר שוקו,מיוצר עי קונדיטוריית,IL,אסם פתי בר שוקו 12*500גרם,גרמים,500.00,100 גרם,false,1,14.10,2.8200,true,1,9271
7290000074184,false,ביסקוויט פתיבר 500 ג,"אסם השקעות בע""מ",IL,ביסקוויט פתיבר 500 גרם,גרמים,500.00,100 גרם,false,1,9.90,1.9800,true,1,9275
7290000074245,false,קרם קרקר 250 גרם,"אסם השקעות בע""מ",IL,אסם קרם קרקר 12*250גרם,גרמים,250.00,100 גרם,false,1,10.90,4.3600,true,1,9277
7290000074252,false,קרקר שומשום 250 גרם,"אסם השקעות בע""מ",IL,אסם קרקר שומשום 12*250גרם,גרמים,250.00,100 גרם,false,1,10.90,4.3600,true,1,9278
7290000074276,false,קרקר פיקנטי 250 גרם,"אסם השקעות בע""מ",IL,אסם קרקר פיקנטי 12*250גרם,גרמים,250.00,100 גרם,false,1,10.90,4.3600,true,1,9279
7290000074375,false,קרקר זהב,"אסם השקעות בע""מ",IL,אסם קרקר זהב 12*150גרם,גרמים,150.00,100 גרם,false,1,6.90,4.6000,true,1,9283
7290000074481,false,לחמית אגוזים,"אסם השקעות בע""מ",IL,לחמית אגוזים 12*160גרם,גרמים,160.00,100 גרם,false,1,10.90,6.8125,true,1,81177
7290000074696,false,קרם קרקר,"אסם השקעות בע""מ",IL,אסם קרם קרקר 4*1קג חדש,קילוגרמים,1.00,"ק""ג",false,1,29.50,29.5000,true,1,9294
7290000075204,false,לחמית קרקר חיטה מלאה,"אסם השקעות בע""מ",IL,לחמית חיטה מלאה 10*250גרם חדש,גרמים,250.00,100 גרם,false,1,10.90,4.3600,true,1,9305
7290000075693,false,עוגת הבית שמרים בריו,מיוצר עי קונדיטוריית,IL,הבית עוגת שמרים בריוש שוקולד 8*360גרם,גרמים,360.00,100 גרם,false,1,19.90,5.5278,true,1,62639
7290000076126,false,בייגלה שמיניות קטנות,"אסם השקעות בע""מ",IL,אסם בייגלה שמיניות קטנות 24*80גרם,גרמים,80.00,100 גרם,false,1,3.70,4.6250,true,1,9330
7290000076133,false,בייגלה שמיניות קטנות,"אסם השקעות בע""מ",IL,אסם בייגלה שמיניות קטנות 12*400גרם,גרמים,400.00,100 גרם,false,1,11.90,2.9750,true,1,9331
7290000076645,false,טוסטעים חיטה מלאה,ון דר מולן האלום,NL,אסם טוסטעים חיטה מלאה 14*100גרם,גרמים,100.00,100 גרם,false,1,11.30,11.3000,true,1,66987
7290000077017,false,עוגיות משהו קרמוגית,מיוצר עי קונדיטוריית,IL,אסם קרמוגית במילוי שוקולד 12*200גרם,גרמים,200.00,100 גרם,false,1,11.90,5.9500,true,1,9358
7290000077253,false,לחמית כפרית,"אסם השקעות בע""מ",IL,לחמית כפרית 12*190גרם,גרמים,190.00,100 גרם,false,1,10.90,5.7368,true,1,68669
7290000077925,false,טוסטעים צנימים עגולי,ון דר מולן האלום,NL,אסם טוסטעים צנימים עגולים חטה.מלא12*125ג,גרמים,125.00,100 גרם,false,1,11.30,9.0400,true,1,67033
7290000078212,false,קרוטונים מתובלים 250,עינת תעשיות,IL,אסם קרוטונים מתובלים 12*250גרם,גרמים,250.00,100 גרם,false,1,15.90,6.3600,true,1,9404
7290000078762,false,אסם חטיפי פריכונים א,סנורייס בלגיום אן. ו,,אסם חטיפי פריכונים אורז ודבש 14*80גרם,גרמים,80.00,100 גרם,false,1,7.90,9.8750,true,1,9477
7290000080758,false,פת טוסטעים קלויה 100,ון דר מולן האלום,NL,אסם טוסטעים 14*100גרם,גרמים,100.00,100 גרם,false,1,11.30,11.3000,true,1,9872
7290000080765,false,פת טוסטעים עם שומשום,ון דר מולן האלום,NL,אסם טוסטעים עם שומשום 14*100גרם,גרמים,100.00,100 גרם,false,1,11.30,11.3000,true,1,9873
7290000081663,false,בייגלה טבעות שומשום,מיוצר עי קונדיטוריית,IL,אסם בייגלה טבעות שומשום 12*300גרם,גרמים,300.00,100 גרם,false,1,11.90,3.9667,true,1,9942
7290000085159,false,פירורי ביסקויט וניל,מגדנית הדר,,פירורי ביסקויט וניל 300 גר,גרמים,300.00,100 גרם,false,1,5.80,1.9333,true,1,153470
7290000085180,false,ביסקוויט פתיבר וניל,"אחים גטניו בע""מ",,ביסקוויט פתיבר וניל גטניו 470 גרם,גרמים,470.00,100 גרם,false,1,9.90,2.1064,true,1,34771
7290000100036,false,פתיתי ברוקולי,סנפרוסט בעמ,IL,פתיתי ברוקולי,גרמים,800.00,100 גרם,false,1,22.90,2.8625,true,1,125371
7290000100128,false,פירות קפואים תות,סנפרוסט בעמ,IL,פירות קפואים תות,גרמים,300.00,100 גרם,false,1,19.90,6.6333,true,1,125369
7290000100135,false,פירות קפואים דובדבן,סנפרוסט בעמ,IL,פירות קפואים דובדבן,גרמים,300.00,100 גרם,false,1,19.90,6.6333,true,1,125370
7290000100302,false,פול ירוק קלוף 600 גר,"סנפרוסט בע""מ",IL,פול ירוק קלוף 600 גרם סנפרוסט,גרמים,600.00,100 גרם,false,1,29.90,4.9833,true,1,128428
7290000101927,false,אוכמניות כחולות מוקפ,"סנפרוסט בע""מ",IL,אוכמניות כחולות מוקפאות 300 גרם,גרמים,300.00,100 גרם,false,1,19.90,6.6333,true,1,120775
7290000101941,false,אננס מוקפא 300 גרם,"סנפרוסט בע""מ",IL,אננס מוקפא 300 גרם,גרמים,300.00,100 גרם,false,1,19.90,6.6333,true,1,120856
7290000101958,false,מנגו מוקפא 300 גרם,"סנפרוסט בע""מ",IL,מנגו מוקפא 300 גרם,גרמים,300.00,100 גרם,false,1,19.90,6.6333,true,1,120836
7290000101989,false,דובדבן חמוץ  300גרם,"סנפרוסט בע""מ",IL,דובדבן חמוץ  300גרם,גרמים,300.00,100 גרם,false,1,19.90,6.6333,true,1,129559
7290000103365,false,מרק ירקות קפוא 560 ג,"סנפרוסט בע""מ",IL,מרק ירקות סנפרוסט 550 גרם,גרמים,550.00,100 גרם,false,1,19.90,3.6182,true,1,87472
7290000103433,false,לקט ירקות לתנור 800,"איי, בי, אינבוו",IL,פסטיבל ירקות לתנור 800 גרם סנפרוסט,גרמים,800.00,100 גרם,false,1,24.90,3.1125,true,1,117402
7290000103457,false,מיני כרובית 600 גרם,"סנפרוסט בע""מ",IL,מיני כרובית 600 גרם,גרמים,600.00,100 גרם,false,1,19.90,3.3167,true,1,114763
7290000103471,false,מיני ברוקולי 600 גרם,"סנפרוסט בע""מ",IL,מיני ברוקולי 600 גרם,גרמים,600.00,100 גרם,false,1,19.90,3.3167,true,1,112873
7290000103488,false,ארטישוק ירושלמי 400,"סנפרוסט בע""מ",IL,ארטישוק ירושלמי 400 גרם,גרמים,400.00,100 גרם,false,1,24.90,6.2250,true,1,115686
7290000103730,false,לקט להקפצה עם פסטה,"איי, בי, אינבוו",IL,לקט להקפצה עם פסטה פוזולי סנפרוסט,גרמים,800.00,100 גרם,false,1,24.90,3.1125,true,1,64225
7290000103815,false,לקט להקפצה תאילנדי 8,"סנפרוסט בע""מ",IL,לקט להקפצה תאילנדי 800 גרם סנפרוסט,גרמים,800.00,100 גרם,false,1,24.90,3.1125,true,1,81857
7290000103822,false,ללקט לעוף סנפרוסט 80,"סנפרוסט בע""מ",IL,ללקט לעוף סנפרוסט 800 גרם,גרמים,800.00,100 גרם,false,1,24.90,3.1125,true,1,80713
7290000103839,false,מרק כתום 570 גרם,"סנפרוסט בע""מ",IL,מרק כתום סנפרוסט 570 גרם,גרמים,570.00,100 גרם,false,1,19.90,3.4912,true,1,80473
7290000103846,false,מרק אפונה קפוא 572 ג,"סנפרוסט בע""מ",IL,מרק אפונה קפוא סנפרוסט 572 גרם,גרמים,572.00,100 גרם,false,1,19.90,3.4790,true,1,80546
7290000103860,false,מרק עדשים 570 גרם,"סנפרוסט בע""מ",IL,מרק עדשים סנפרוסט 570 גרם,גרמים,570.00,100 גרם,false,1,19.90,3.4912,true,1,80475
7290000104072,false,עדשים ירוקות מבושלות,"איי, בי, אינבוו",IL,עדשים ירוקות מבושלות 800 גרם,גרמים,800.00,100 גרם,false,1,22.50,2.8125,true,1,72989
7290000104188,false,שעועית אדומה מבושלת,"סנפרוסט בע""מ",IL,שעועית אדומה מבושלת 800 גרם,גרמים,800.00,100 גרם,false,1,22.90,2.8625,true,1,64227
7290000104201,false,אפונה עדינה סנפרוסט,"סנפרוסט בע""מ",IL,אפונה עדינה סנפרוסט 600 גרם,גרמים,600.00,100 גרם,false,1,19.90,3.3167,true,1,17
7290000104218,false,במיה 600 גרם,"איי, בי, אינבוו",IL,במיה 600 גרם,גרמים,600.00,100 גרם,false,1,19.90,3.3167,true,1,18
7290000104225,false,בצל קצוץ סנפרוסט 600,"סנפרוסט בע""מ",IL,בצל קצוץ סנפרוסט 600 גרם,גרמים,600.00,100 גרם,false,1,19.90,3.3167,true,1,19
7290000104676,false,אפונת גינה 800 גרם ס,"איי, בי, אינבוו",IL,אפונת גינה 800 גרם סנפרוסט,גרמים,800.00,100 גרם,false,1,19.90,2.4875,true,1,36
7290000104683,false,שעועית ירוקה שלמה סנ,"סנפרוסט בע""מ",IL,שעועית ירוקה שלמה סנפרוסט 800גרם,גרמים,800.00,100 גרם,false,1,21.90,2.7375,true,1,37
7290000104690,false,תירס גרעינים סנפרוסט,"סנפרוסט בע""מ",IL,תירס גרעינים סנפרוסט 800גרם,גרמים,800.00,100 גרם,false,1,19.90,2.4875,true,1,38
7290000104706,false,גזר גמדי 800 גרם,"סנפרוסט בע""מ",IL,גזר גמדי 800 גרם,גרמים,800.00,100 גרם,false,1,19.90,2.4875,true,1,39
7290000104713,false,פול ירוק 800 גרם,"איי, בי, אינבוו",IL,פול ירוק 800 גרם,גרמים,800.00,100 גרם,false,1,26.90,3.3625,true,1,40
7290000104720,false,שעועית ירוקה חתוכה ס,"סנפרוסט בע""מ",IL,שעועית ירוקה חתוכה סנפרוסט 800גרם,גרמים,800.00,100 גרם,false,1,20.90,2.6125,true,1,41
7290000104744,false,כרובית 800 גרם,"סנפרוסט בע""מ",IL,כרובית 800 גרם סנפרוסט,גרמים,800.00,100 גרם,false,1,26.90,3.3625,true,1,43
7290000104751,false,כרוב ניצנים 800-גר,"סנפרוסט בע""מ",IL,כרוב ניצנים 800-גר                     .,גרמים,800.00,100 גרם,false,1,26.90,3.3625,true,1,44
7290000104768,false,תרד עלים,"איי, בי, אינבוו",IL,תרד עלים 800-גר                        .,גרמים,800.00,100 גרם,false,1,27.90,3.4875,true,1,45
7290000104775,false,מדליוני תרד 800 גרם,"סנפרוסט בע""מ",IL,מדליוני תרד 800 גרם,גרמים,800.00,100 גרם,false,1,27.90,3.4875,true,1,46
7290000104799,false,שעועית לבנה מבושלת ק,"סנפרוסט בע""מ",IL,שעועית לבנה מבושלת קפואה 800 גרם,גרמים,800.00,100 גרם,false,1,21.90,2.7375,true,1,47
7290000104805,false,גרגרי חומוס מבושלים,"סנפרוסט בע""מ",IL,גרגרי חומוס מבושלים קפואים 800 גרם,גרמים,800.00,100 גרם,false,1,21.90,2.7375,true,1,48
7290000104829,false,"קלחוני תירס 1 ק""ג","סנפרוסט בע""מ",IL,"קלחוני תירס 1 ק""ג",קילוגרמים,1.00,"ק""ג",false,1,23.90,23.9000,true,1,50
7290000104836,false,שעועית עדינה שלמה,"סנפרוסט בע""מ",IL,שעועית עדינה שלמה 600 גרם סנפרוסט,גרמים,600.00,100 גרם,false,1,24.90,4.1500,true,1,20828
7290000104874,false,לקט לקוסקוס 800 גרם,"סנפרוסט בע""מ",IL,ירקות לקוסקוס של אמא 800 גרם סנפרוסט,גרמים,800.00,100 גרם,false,1,24.90,3.1125,true,1,51
7290000104881,false,לקט אפונה וגזר 800 ג,"סנפרוסט בע""מ",IL,לקט אפונה וגזר 800 גרם,גרמים,800.00,100 גרם,false,1,19.90,2.4875,true,1,52
7290000104911,false,לקט נורמנדי 800 גרם,"איי, בי, אינבוו",IL,לקט נורמנדי 800 גרם סנפרוסט,גרמים,800.00,100 גרם,false,1,24.90,3.1125,true,1,55
7290000106175,false,לקט כפרי,"סנפרוסט בע""מ",IL,לקט כפרי 2 קג                          .,קילוגרמים,2.00,"ק""ג",false,1,42.80,21.4000,true,1,58
7290000106526,false,ירקות להקפצה חגיגה,"סנפרוסט בע""מ",IL,ירקות להקפצה חגיגה ירוקה  800גרם,גרמים,800.00,100 גרם,false,1,26.90,3.3625,true,1,130156
7290000107165,false,חטיף פולי סויה אדממה,"סנפרוסט בע""מ",IL,חטיף פולי סויה אדממה 400 גרם סנפרוסט,גרמים,400.00,100 גרם,false,1,13.90,3.4750,true,1,33322
7290000107189,false,תחתיות ארטישוק 400 ג,"איי, בי, אינבוו",IL,תחתיות ארטישוק 400 גרם סנפרוסט,גרמים,400.00,100 גרם,false,1,24.90,6.2250,true,1,60
7290000107295,false,ברוקולי מוקפא 800 גר,"איי, בי, אינבוו",IL,ברוקולי מוקפא 800 גרם סנפרוסט,גרמים,800.00,100 גרם,false,1,27.90,3.4875,true,1,63
7290000107615,false,ירקות מנה אסייתית צב,"סנפרוסט בע""מ",IL,לקט מנה אסייתית צבעונית ועשירה 800גרם,גרמים,800.00,100 גרם,false,1,26.90,3.3625,true,1,130158
7290000107622,false,פסטה וירקות אלה איטל,"איי, בי, אינבוו",IL,לקט פסטה וירקות א-לה איטליה  800גרם,גרמים,800.00,100 גרם,false,1,26.90,3.3625,true,1,130159
7290000110844,false,חטיף כיפלי גריל 70 ג,יוניליור ישראל מזון,IL,כיפלי חטיף בטעם גריל,גרמים,70.00,100 גרם,false,1,6.50,9.2857,true,1,16216
7290000110851,false,חטיף כיפלי בצל 70 גר,אתר שפע - Food,IL,כיפלי חטיף בטעם בצל,גרמים,70.00,100 גרם,false,1,6.50,9.2857,true,1,16217
7290000111063,false,מיונז אמיתי תלמה 250,יוניליוור ישראל מזון,IL,תלמה  מיונז אמיתי 250 גרם,גרמים,250.00,100 גרם,false,1,7.80,3.1200,true,1,79
7290000111117,false,מרכך כביסה בדין לבן,יוניליור ישראל טיפוח,IL,מרכך כביסה בדין לבן,ליטרים,4.00,ליטר,false,1,24.90,6.2250,true,1,80
7290000111186,false,מיונז אמיתי תלמה 500,יוניליוור ישראל מזון,IL,תלמה  מיונז אמיתי 500 גרם,גרמים,500.00,100 גרם,false,1,10.90,2.1800,true,1,82
7290000111353,false,מיונז אמיתי תלמה 1 ק,יוניליוור ישראל מזון,IL,תלמה  מיונז  1 קג,קילוגרמים,1.00,"ק""ג",false,1,19.90,19.9000,true,1,85
7290000111384,false,חרדל אמיתי תלמה 550,יוניליוור  ישראל מזו,IL,חרדל אמיתי תלמה,גרמים,550.00,100 גרם,false,1,10.90,1.9818,true,1,87
7290000112220,false,טחינה קלאסית בארכה 5,רושדי תעשיות מזון בע,IL,בארכה טחינה 100% שומשום 12*500גרם,גרמים,500.00,100 גרם,false,1,14.90,2.9800,true,1,127
7290000112237,false,טחינה גולמית 1 קג,רושדי תעשיות מזון בע,IL,בארכה טחינה 100% שומשום 6*1קג,קילוגרמים,1.00,"ק""ג",false,1,27.90,27.9000,true,1,12934
7290000112497,false,מרק עשיר עוף עם אטרי,יוניליוור ישראל מזון,IL,מרק עוף עם אטריות,גרמים,68.00,100 גרם,false,1,12.90,18.9706,true,1,145
7290000112503,false,מרק עשיר ירקות קנור,יוניליוור ישראל מזון,IL,מרק עשיר ירקות קנור 61 גרם,גרמים,61.00,100 גרם,false,1,12.90,21.1475,true,1,146
7290000112619,false,מרק עוף אמיתי לתיבול,יוניליוור ישראל מזון,IL,קנור מרק עוף אמיתי 400 גרם,גרמים,400.00,100 גרם,false,1,22.90,5.7250,true,1,160
7290000113203,false,חטיף כיפלי ציפס קטשו,יוניליוור ישראל מזון,IL,"כיפלי על בסיס תפו""א בטעם קטשופ",גרמים,50.00,100 גרם,false,1,4.90,9.8000,true,1,86245
7290000116204,false,"מרק דגש שקית 1 ק""ג",יוניליוור ישראל מזון,IL,קנור מרק דגש זך בטעם עוף 1 קג,קילוגרמים,1.00,"ק""ג",false,1,19.70,19.7000,true,1,267
7290000116884,false,רוטב ברביקיו קנור 30,יוניליוור ישראל מזון,IL,רוטב ברביקיו קנור,מיליליטרים,300.00,"100 מ""ל",false,1,12.90,4.3000,true,1,13949
7290000117171,false,מרק נמס בכוס דל קלור,יוניליוור ישראל מזון,IL,קנור מרק נמס בכוס בטעם עוף 48 גרם,גרמים,48.00,100 גרם,false,1,8.60,17.9167,true,1,271
7290000117720,false,מרק נמס בכוס פטריות,יוניליוור ישראל מזון,IL,קנור נמס בכוס פטריות 43 גרם,גרמים,43.00,100 גרם,false,1,7.50,17.4419,true,1,276
7290000118277,false,קניידלך קנור 130 גרם,יוניליוור ישראל מזון,IL,קנור  קניידל  130 גרם,גרמים,130.00,100 גרם,false,1,12.90,9.9231,true,1,284
7290000118352,false,"לביבות לטקס כשל""פ 17",יוניליוור ישראל מזון,IL,KNORR 170 GR,גרמים,170.00,100 גרם,false,1,14.90,8.7647,true,1,286
7290000120836,false,מיונז הלמנס 394 גרם,קונפקו אינק' די.בי.א,CA,hellmanns real  מיונז אמיתי הלמנס,גרמים,394.00,100 גרם,false,1,12.90,3.2741,true,1,309
7290000120874,false,מיונז הלמנס לייט 424,"שד' קילבורן 2816, שי",US,hellmanns light ממרח מופחת קלוריות,גרמים,424.00,100 גרם,false,1,12.90,3.0425,true,1,310
7290000121093,false,גבינה מותכת מון בלאן,האי נאם סי או אל.טי.,IL,גבינה מותכת מון בלאן 7% לייט 120 גרם,גרמים,120.00,100 גרם,false,1,11.90,9.9167,true,1,314
7290000121109,false,גבינה מותכת 7% מון ב,האי נאם סי או אל.טי.,IL,גבינה מותכת 7% מון בלאן זיתים לייט 120 ג,גרמים,120.00,100 גרם,false,1,11.90,9.9167,true,1,315
7290000121154,false,גבינה מותכת 7% מון ב,האי נאם סי או אל.טי.,IL,גבינה מותכת 7% מון בלאן סלמון לייט 120 ג,גרמים,120.00,100 גרם,false,1,11.90,9.9167,true,1,316
7290000121239,false,מיוקל 5% מופחת שומן,יוניליוור ישראל מזון,IL,מיוקל ממרח 5% שומן תלמה,גרמים,500.00,100 גרם,false,1,13.90,2.7800,true,1,20189
7290000123363,false,צימקאו שוקולד אפיכל,"דרך השוקולד 1, צפת 1",IL,אפיכל צמקאו לציפוי ולאפייה 500 גרם,גרמים,500.00,100 גרם,false,1,15.50,3.1000,true,1,343
7290000125251,false,שמפו בדין לכביסה ביד,"זוהר דליה, קיבוץ דלי",IL,בדין  שמפו לכביסה עדינה 2 ליטר,ליטרים,2.00,ליטר,false,1,28.60,14.3000,true,1,22681
7290000129457,false,רוטב פטריות,יוניליוור ישראל מזון,IL,קנור רוטב פטריות 28 גרם,גרמים,28.00,100 גרם,false,1,5.00,17.8571,true,1,31462
7290000130064,false,פסטרמה מקסיקנית,זוגלובק,,פסטרמה מקסיקנית,קילוגרמים,1.00,"ק""ג",true,,89.00,89.0000,true,1,116213
7290000130378,false,פסטרמה פרגיות על לבנ,זוגלובק,,פסטרמה פרגיות על לבנים,קילוגרמים,1.00,"ק""ג",true,,89.00,89.0000,true,1,116203
7290000130606,false,קמח מצה חמץ,מצות אביב,IL,קמח מצה חמץ,גרמים,200.00,100 גרם,false,1,4.90,2.4500,true,1,443
7290000131009,false,פילו שחף,מאפית אריאל,,בצק פילו שחף 500 גרם,גרמים,500.00,100 גרם,false,1,15.90,3.1800,true,1,445
7290000131122,false,בצק עלים מרודד,יושלם,,בצק עלים מרודד 1.5 קג,קילוגרמים,1.50,"ק""ג",false,1,24.90,16.6000,true,1,446
7290000131740,false,"פסטרמה של פעם לק""ג",זוגלובק,,"פסטרמה של פעם לק""ג",קילוגרמים,1.00,"ק""ג",true,,89.00,89.0000,true,1,116214
7290000133645,false,אורביטול סודה   1/3,טרופיקל דגיל תעשיות,IL,אורביטול שלישיה סודה,גרמים,435.00,100 גרם,false,1,18.70,4.2989,true,1,24600
7290000134123,false,פלפל שחור טחון 40 גר,תות ממתקי איכות,IL,תבלין טעם וריח מיכל פלפל שחור טחון 40 גרם,גרמים,40.00,100 גרם,false,1,9.90,24.7500,true,1,20570
7290000134147,false,מוסקט טחון 40 גרם,תות ממתקי איכות,IL,"תבליני טעם וריח, מוסקט טחון 100%, 40 גרם",גרמים,40.00,100 גרם,false,1,14.90,37.2500,true,1,16909
7290000134307,false,קינמון טחון שקית 50,תות ממתקי איכות,IL,"תבליני טעם וריח, 100% קינמון טחון, 50 גרם",גרמים,50.00,100 גרם,false,1,5.90,11.8000,true,1,21541
7290000134314,false,תיבול לפיצה,תות ממתקי איכות,IL,תבליני טעם וריח תערובת תיבול לפיצה 120 גרם,גרמים,120.00,100 גרם,false,1,9.90,8.2500,true,1,21589
7290000134338,false,תב.אבקת שום 90 גר מי,תבליני טעם וריח,IL,תבליני טעם וריח אבקת שום 90 גרם,גרמים,90.00,100 גרם,false,1,9.90,11.0000,true,1,16238
7290000134352,false,תבלין קינמון טחון,תות ממתקי איכות,IL,"תבליני טעם וריח, 100% קינמון טחון, 90 גרם",גרמים,80.00,100 גרם,false,1,9.90,12.3750,true,1,16023
7290000134376,false,תב.פפריקה מתוקה בשמן,תות ממתקי איכות,IL,תבלין פפריקה מתוקה בשמן 90 מיכ,גרמים,90.00,100 גרם,false,1,9.90,11.0000,true,1,17908
7290000134550,false,עלי דפנה בשקית 20 גר,תות ממתקי איכות,IL,"תבליני טעם וריח, 100% עלי דפנה, 20 גרם",גרמים,20.00,100 גרם,false,1,5.90,29.5000,true,1,16024
7290000134666,false,רוזמרין 15 גרם,תות ממתקי איכות,IL,"תבליני טעם וריח, 100% רוזמרין, 15 גרם",גרמים,15.00,100 גרם,false,1,6.90,46.0000,true,1,42101
7290000134673,false,זנגביל 30 גרם,תות ממתקי איכות,IL,"תבליני טעם וריח, 100% זנגביל טחון, 30 גרם",גרמים,30.00,100 גרם,false,1,6.90,23.0000,true,1,42102
7290000134680,false,קימל שלם 40 מיכל קטן,תות ממתקי איכות,IL,"תבליני טעם וריח, 100% מקלות קינמון, 15 גרם",גרמים,40.00,100 גרם,false,1,6.90,17.2500,true,1,42103
7290000134758,false,תיבול לתפוא  מיכל,תות ממתקי איכות,IL,"תבליני טעם וריח, תערובת תיבול לתפוחי אדמה, 100 גרם",גרמים,100.00,100 גרם,false,1,9.90,9.9000,true,1,42104
7290000134826,false,תבלין זעתר 100 גרם,תות ממתקי איכות,IL,"תבליני טעם וריח, תערובת תיבול זעתר , 100 גרם",גרמים,100.00,100 גרם,false,1,9.90,9.9000,true,1,16170
7290000134833,false,תבלין כמון 100  גר,תות ממתקי איכות,IL,"תבליני טעם וריח, 100% כמון מזרחי",גרמים,100.00,100 גרם,false,1,9.90,9.9000,true,1,16171
7290000134840,false,תבלין כורכום   מיכל,תות ממתקי איכות,IL,"תבליני טעם וריח, 100% כורכום, 100 גרם",גרמים,100.00,100 גרם,false,1,9.90,9.9000,true,1,16312
7290000134857,false,תבלין פפריקה מתוקה 1,תות ממתקי איכות,IL,"תבליני טעם וריח, פפריקה מתוקה 100%, 100 גרם",גרמים,100.00,100 גרם,false,1,9.90,9.9000,true,1,16313
7290000134864,false,תבלין פפריקה חריפה,יוליניבר,IL,תבליני טעם וריח פפריקה חריפה 100% 100 גרם,גרמים,100.00,100 גרם,false,1,9.90,9.9000,true,1,16172
7290000134871,false,פלפל שחור טחון 100 ג,תות ממתקי איכות,IL,"תבליני טעם וריח, 100% פלפל שחור טחון, 100 גרם",גרמים,100.00,100 גרם,false,1,12.90,12.9000,true,1,16352
7290000134970,false,תבלין חאוויגי מיכל,תות ממתקי איכות,IL,"תבליני טעם וריח, חוויאג' למרק, 100 גרם",גרמים,100.00,100 גרם,false,1,9.90,9.9000,true,1,16282
7290000134987,false,פלפל שחור גרוס מיכל,תבליני טעם וריח,,"פלפל שחור גרוס 90 גר  ""מכיל",גרמים,90.00,100 גרם,false,1,12.90,14.3333,true,1,16025
7290000134994,false,טימין 20 גרם,תות ממתקי איכות,IL,"תבליני טעם וריח, 100% טימין, 20 גרם",גרמים,20.00,100 גרם,false,1,6.90,34.5000,true,1,42105
7290000135045,false,XL TEN משקה אנרגיה ב,"טמפו משקאות בע""מ",IL,XL TEN משקה אנרגיה בטעם תפוח250מל,מיליליטרים,250.00,"100 מ""ל",false,1,4.50,1.8000,true,1,97268
7290000135052,false,משקה אנרגיה XL TEN מ,"טמפו משקאות בע""מ",IL,משקה אנרגיה XL TEN מנגו פחית 250 מל,מיליליטרים,250.00,"100 מ""ל",false,1,4.50,1.8000,true,1,129416
7290000135151,false,סודה נגיעות לימון בק,טמפו משקאות בעמ,IL,"סודה נגיעות למון ליים 275 מ""ל",מיליליטרים,275.00,"100 מ""ל",false,1,3.90,1.4182,true,1,148951
7290000135182,false,דיאט סבן אפ  פחית צר,"טמפו משקאות בע""מ",IL,דיאט סבן אפ  פחית צרה 330 שישייה,ליטרים,1.98,ליטר,false,6,22.90,11.5657,true,1,159945
7290000136264,false,מי טוניק בקבוק 1.5 ל,טמפו,IL,מי טוניק בקבוק 1.5 ליטר,ליטרים,1.50,ליטר,false,1,11.00,7.3333,true,1,156500
7290000136455,false,משקל גאמפ אשכוליות 1,טמפו,IL,משקל גאמפ אשכוליות 1.5 ליטר,ליטרים,1.50,ליטר,false,1,8.90,5.9333,true,1,156502
7290000136486,false,משקל גאמפ אשכוליות ד,טמפו,IL,משקל גאמפ אשכוליות דיאט 1.5 ליטר,ליטרים,1.50,ליטר,false,1,8.90,5.9333,true,1,156503
7290000136516,false,משקל גאמפ מנגו פסיפל,טמפו,IL,משקל גאמפ מנגו פסיפלורה 1.5 ליטר,ליטרים,1.50,ליטר,false,1,8.90,5.9333,true,1,156504
7290000136523,false,משקל גאמפ ענבים 1.5,טמפו,IL,משקל גאמפ ענבים 1.5 ליטר,ליטרים,1.50,ליטר,false,1,8.90,5.9333,true,1,156505
7290000136561,false,משקל גאמפ תות בננה 1,טמפו,IL,משקל גאמפ תות בננה 1.5 ליטר,ליטרים,1.50,ליטר,false,1,8.90,5.9333,true,1,156506
7290000136585,false,משקל גאמפ תפוזים 1.5,טמפו,IL,משקל גאמפ תפוזים 1.5 ליטר,ליטרים,1.50,ליטר,false,1,8.90,5.9333,true,1,156507
7290000136608,false,משקל גאמפ תפוח 1.5 ל,טמפו,IL,משקל גאמפ תפוח 1.5 ליטר,ליטרים,1.50,ליטר,false,1,8.90,5.9333,true,1,156508
7290000136646,false,בירה נשר מאלט בקבוק,טמפו,IL,בירה נשר מאלט בקבוק 1.5 ליטר,ליטרים,1.50,ליטר,false,1,8.90,5.9333,true,1,156509
7290000136653,false,בירה נשר מאלט דיאט ב,טמפו,IL,בירה נשר מאלט דיאט בקבוק 1.5 ליטר,ליטרים,1.50,ליטר,false,1,8.90,5.9333,true,1,156510
7290000136660,false,מי סודה 1.5 ליטר,טמפו,IL,מי סודה 1.5 ליטר,ליטרים,1.50,ליטר,false,1,3.80,2.5333,true,1,156767
7290000136677,false,פפסי קולה בקבוק 1.5,טמפו,IL,פפסי קולה בקבוק 1.5 ליטר,ליטרים,1.50,ליטר,false,1,8.50,5.6667,true,1,156772
7290000136684,false,פפסי קולה מקס ללא סו,טמפו,IL,פפסי קולה מקס ללא סוכר בקבוק 1.5 ליטר,ליטרים,1.50,ליטר,false,1,8.50,5.6667,true,1,156773
7290000136691,false,סבן אפ שישייה בקבוק,טמפו,IL,סבן אפ שישייה בקבוק 1.5 ליטר,ליטרים,9.00,ליטר,false,6,49.90,5.5444,true,1,156511
7290000136707,false,מירינדה בקבוק 1.5 לי,טמפו,IL,מירינדה בקבוק 1.5 ליטר,ליטרים,1.50,ליטר,false,1,8.50,5.6667,true,1,156770
7290000136752,false,סבן אפ דיאט שישייה ב,"טמפו משקאות בע""מ",IL,סבן אפ דיאט שישייה בקבוק 1.5 ליטר,ליטרים,9.00,ליטר,false,6,45.90,5.1000,true,1,156845
7290000136776,false,פפסי מקס קולה שישייה,טמפו,IL,פפסי מקס קולה שישייה בקבוק 1.5 ליטר,ליטרים,9.00,ליטר,false,6,45.90,5.1000,true,1,156513
7290000136783,false,שישיית מירינדה,טמפו,IL,שישיית מירינדה,ליטרים,9.00,ליטר,false,6,49.90,5.5444,true,1,156514
7290000136790,false,מי סודה שישייה בקבוק,טמפו,IL,מי סודה שישייה בקבוק 1.5 ליטר,ליטרים,9.00,ליטר,false,6,17.90,1.9889,true,1,156515
7290000136806,false,סודה לימון ליים רביע,טמפו,IL,סודה לימון ליים רביעייה בקבוק 1.5 ליטר,ליטרים,6.00,ליטר,false,4,13.10,2.1833,true,1,156516
7290000136844,false,מים אקווה נובה שישיי,טמפו,IL,מים אקווה נובה שישייה בקבוק 2 ליטר,ליטרים,12.00,ליטר,false,6,13.90,1.1583,true,1,156518
7290000136851,false,סבן אפ בקבוק 1.5 ליט,טמפו,IL,סבן אפ בקבוק 1.5 ליטר,ליטרים,1.50,ליטר,false,1,8.50,5.6667,true,1,156771
7290000136868,false,מים סן בנדטו שישייה,טמפו,IL,מים סן בנדטו שישייה בקבוק 1.5 ליטר,ליטרים,9.00,ליטר,false,6,19.90,2.2111,true,1,156519
7290000136875,false,שישיית סןבנדטו מוגז,טמפו,IL,שישיית סןבנדטו מוגז בקבוק 1.5 ליטר,ליטרים,9.00,ליטר,false,6,19.90,2.2111,true,1,156844
7290000136936,false,סבן אפ דיאט בקבוק 1.,טמפו,IL,סבן אפ דיאט בקבוק 1.5 ליטר,ליטרים,1.50,ליטר,false,1,8.50,5.6667,true,1,156769
7290000137513,false,גלידונית קרמיסימו  1,"גלידת שטראוס בע""מ, ר",IL,גלידונית קרמיסימו  1/60  630 גרם,גרמים,630.00,100 גרם,false,1,41.90,6.6508,true,1,518
7290000137643,false,גלידה טעמקור משפחתי,,IL,"שטראוס טעמקור 880 מ""ל",גרמים,500.00,100 גרם,false,1,42.90,8.5800,true,1,519
7290000138206,false,סנדוויץ 20.00,,,סנדוויץ 20.00,Unknown,0.00,Unknown,false,1,20.00,0.0000,true,1,61941
7290000139104,false,חיטה תפוחה מתוקה,"אשב""ל בע""מ",,.חיטה תפוחה מתוקה 250 גרם,גרמים,250.00,100 גרם,false,1,9.90,3.9600,true,1,52901
7290000139227,false,דגן תפוח ממותק 150 ג,"אשב""ל בע""מ",,דגן תפוח ממותק 150 גרם,גרמים,150.00,100 גרם,false,1,9.90,6.6000,true,1,52935
7290000143200,false,מרכך הוואי לשיער יבש,שוורצקוף& הנקל דיסלד,IL,הוואי מרכך לשיער יבש,מיליליטרים,700.00,"100 מ""ל",false,1,12.90,1.8429,true,1,557
7290000143217,false,שמפו הוואי לשיער יבש,שוורצקוף& הנקל דיסלד,IL,"שמפו הוואי לשיער יבש 700 מ""ל",מיליליטרים,700.00,"100 מ""ל",false,1,12.90,1.8429,true,1,558
7290000144160,false,שמן זית כתית מעולה ב,"מרקאולאו, ספרד.אבסה,",IT,שמן זית ארומתי,מיליליטרים,750.00,"100 מ""ל",false,1,36.90,4.9200,true,1,68202
7290000144474,false,שמן קנולה מועשר בנוג,סקנולה,EE,שמן קנולה מועשר בנוגדי חמצון 1 ליטר,ליטרים,1.00,ליטר,false,1,15.90,15.9000,true,1,576
7290000146928,false,טום וגרי משחת שיניים,שוורצקוף& הנקל דיסלד,IL,טום וג'רי מ.שינים ענב,מיליליטרים,50.00,"100 מ""ל",false,1,9.90,19.8000,true,1,20513
7290000146997,false,טום וגרי מש.שינ.לילד,שוורצקוף& הנקל דיסלד,IL,טום וג'רי משחת שיניים בטעם מסטיק,מיליליטרים,50.00,"100 מ""ל",false,1,7.90,15.8000,true,1,12719
7290000148380,false,פיסטוקים קלויים קליי,קרלו,IL,קליית גת פיסטוק קלויים 200 גרם,גרמים,200.00,100 גרם,false,1,21.90,10.9500,true,1,12250
7290000148489,false,גרעיני דלעת קליית גת,קרלו,IL,"קליית גת גרעיני דלעת קלויים,200 גרם",גרמים,200.00,100 גרם,false,1,10.30,5.1500,true,1,14557
7290000148618,false,אגוזי קשיו מטוגנים ק,קרלו,IL,קליית גת קשיו מטוגן 200 גרם,גרמים,200.00,100 גרם,false,1,19.90,9.9500,true,1,12251
7290000148748,false,גרעיני חמנייה קליית,קרלו,IL,"קליית גת חמנייה קלויים, 200 גרם",גרמים,200.00,100 גרם,false,1,6.90,3.4500,true,1,12170
7290000148939,false,שקדים קלויים קליית ג,קרלו,IL,שקד קלוי 200 גר' שקית,גרמים,200.00,100 גרם,false,1,21.90,10.9500,true,1,12252
7290000149615,false,סבון מוצק  תינוק,גליל כימיקלים בעממשו,IL,נקה 7 סבון מוצק  תינוק              1/4,גרמים,400.00,100 גרם,false,1,12.90,3.2250,true,1,35427
7290000149844,false,סינטבון חתול,סנו,,סינטבון חתול 230 גר                    .,גרמים,230.00,100 גרם,false,1,7.90,3.4348,true,1,680
7290000149905,false,שמפו נוזלי לכביסה טק,מיוצר עי קונדיטוריית,IL,טקסטיל שמפו 1 ליטר,ליטרים,1.00,ליטר,false,1,14.90,14.9000,true,1,682
7290000150956,false,מקלוני קבנוס 160 גרם,מולינו ניקולי s.p.a,IL,עוף טוב מקלוני קבנוס 12*160גרם,גרמים,160.00,100 גרם,false,1,10.90,6.8125,true,1,75118
7290000151281,false,עוף טוב חזה הודו ברב,מולינו ניקולי s.p.a,IL,עוף טוב חזה הודו ברביקיו דל שומן8*300גרם,גרמים,300.00,100 גרם,false,1,24.90,8.3000,true,1,81982
7290000151601,false,פסטרמה בדבש טהור דל,מולינו ניקולי s.p.a,IL,עוף טוב פסטרמה בדבש טהור 8*300גרם,גרמים,300.00,100 גרם,false,1,24.90,8.3000,true,1,81983
7290000152288,false,נקניקיות עוף עוף טוב,מולינו ניקולי s.p.a,IL,עוף טוב נקניקיות עוף 12*400גרם-חדש,גרמים,400.00,100 גרם,false,1,13.90,3.4750,true,1,745
7290000152943,false,פסטרמה כפרית+סלמי כפ,מולינו ניקולי s.p.a,IL,מארז פסטרמה כפרית+סלמי כפרי 700 גרם,גרמים,700.00,100 גרם,false,1,26.90,3.8429,true,1,79999
7290000153469,false,קציצות עוף קלאסיות ע,מולינו ניקולי s.p.a,IL,עוף טוב קציצות עוף קלאסיות 14*600גרם,גרמים,600.00,100 גרם,false,1,29.90,4.9833,true,1,80965
7290000158105,false,שניצל עוף דינוזאור 7,מולינו ניקולי s.p.a,IL,ע.ט.שניצל עוף מיני דינוזאור ר.טבע12*700ג,גרמים,700.00,100 גרם,false,1,34.90,4.9857,true,1,86567
7290000161648,false,חטיף קליק במילוי קרם,יוניליוור ישראל מזון,IL,קליק  חטיף קליק אין קרם חלב 38 גרם,גרמים,38.00,100 גרם,false,1,5.90,15.5263,true,1,30105
7290000168173,false,ברנפלקס קרנצים 375 ג,יוניליור ישראל מזון,IL,ברנפלקס קרנצים 375 גרם,גרמים,375.00,100 גרם,false,1,25.90,6.9067,true,1,101028
7290000169538,false,מרק נמס בכוס עגבניות,יוניליוור ישראל מזון,IL,מרק נמס בכוס עגבניות קרוטונים קנור 62 גר,גרמים,62.00,100 גרם,false,1,7.50,12.0968,true,1,94800
7290000169798,false,דגני עוגי מופחת 20%,יוניליוור שפע ישראל,IL,תלמה דגני בוקר עוגי  500 גרם,גרמים,500.00,100 גרם,false,1,24.90,4.9800,true,1,95036
7290000174723,false,שוקולית עלית 500 גרם,הנסיך- מפעל לייצור ט,IL,שוקולית קופסא 500  / 12 קופ'/ 500ג',גרמים,500.00,100 גרם,false,1,13.90,2.7800,true,1,862
7290000176062,false,קפה טורקי בצלופן 100,שטראוס קפה בי.וי.,IL,עלית טורקי שקית 100ג/1שק'/100גר',גרמים,100.00,100 גרם,false,1,8.90,8.9000,true,1,872
7290000176079,false,קפה עם הל 100 גרם,שטראוס קפה בי.וי.,IL,עלית טורקי עם הל 00/1שק'/100גר',גרמים,100.00,100 גרם,false,1,10.20,10.2000,true,1,873
7290000176116,false,קפה טורקי וואקום,שטראוס קפה בי.וי.,IL,"עלית טורקי ואקום  1 ק""ג",קילוגרמים,1.00,"ק""ג",false,1,88.00,88.0000,true,1,12954
7290000176413,false,קפה נמס עלית 50 גרם,הנסיך- מפעל לייצור ט,IL,קפה נמס עלית 50 גרם,גרמים,50.00,100 גרם,false,1,10.80,21.6000,true,1,878
7290000176420,false,קפה נמס עלית פחית 20,שטראוס קפה בי.וי,IL,קפה נמס עלית פחית 200 גרם,גרמים,200.00,100 גרם,false,1,19.90,9.9500,true,1,879
7290000176468,false,קפה נמס האג עלית 50,"איי, בי, אינבוו",,האג נמס אבקתי פחית 50 גר חדש,גרמים,50.00,100 גרם,false,1,13.10,26.2000,true,1,880
7290000178707,false,תפוציפס מלוח 50 גרם,"שטראוס פריטו ליי בע""",IL,תפו טבעי 50 גר 48 יח - שמיטה,גרמים,50.00,100 גרם,false,1,3.90,7.8000,true,1,916
7290000178721,false,תפוציפס מלוח 200 גרם,"שטראוס פריטו ליי בע""",IL,תפו טבעי 200 גר 12 יח,גרמים,200.00,100 גרם,false,1,9.90,4.9500,true,1,918
7290000185460,false,חרוסת כנרת 250 גרם,חצר כנרת,,חרוסת כנרת 250 גרם,גרמים,250.00,100 גרם,false,1,9.90,3.9600,true,1,991
7290000186030,false,האגיס מגבוני בייבי ס,עלבד,IL,האגיס מגבוני בייבי ספא עם תחליב רביעייה,יחידה,1.00,יחידה,false,1,24.90,24.9000,true,1,148338
7290000187860,false,מגבוני טואלט לח לילי,עלבד משואות יצחק בעמ,IL,מגבוני טואלט לח לילי,לא מנהל יחידת מידה,0.00,לא מנהל יחידת מידה,false,1,7.90,0.0000,true,1,1004
7290000187938,false,נייר טואלט לילי פסטל,חוגלה קימברלי,,נייר טואלט לילי פסטל 32 גלילים,מטרים,58880.00,מטר,false,1,38.90,0.0007,true,1,48943
7290000187952,false,נייר טואלט לילי טריו,חוגלה קימברלי,,נייר טואלט לילי טריו 32 גלילים,מטרים,53470.00,מטר,false,1,44.90,0.0008,true,1,48945
7290000188270,false,ממחטות קלינקס א.סופט,פאפלינס,,ממחטות  קלינקס א.סופט80 יח.זוג,לא מנהל יחידת מידה,0.00,לא מנהל יחידת מידה,false,1,17.90,0.0000,true,1,1015
7290000189079,false,תבניות אינגליש ניקול,סין,CN,תבניות אינגליש ניקול 6 יחידות,לא מנהל יחידת מידה,0.00,לא מנהל יחידת מידה,false,1,10.90,0.0000,true,1,104030
7290000189116,false,תבניות עגולות ניקול,סין,CN,תבניות עגולות ניקול 6 יחידות,לא מנהל יחידת מידה,0.00,לא מנהל יחידת מידה,false,1,10.90,0.0000,true,1,104031
7290000189260,false,תבניות מלבניות עבות,בראבו,,תבניות מלבניות עבות וחזקות 5 יחידות,לא מנהל יחידת מידה,0.00,לא מנהל יחידת מידה,false,1,12.90,0.0000,true,1,104033
7290000189277,false,תבניות מלבניות עמוקו,בראבו,,תבניות מלבניות עמוקות וחזקות 3 יחידות,לא מנהל יחידת מידה,0.00,לא מנהל יחידת מידה,false,1,12.90,0.0000,true,1,104034
7290000189482,false,תבנית אפייה מלבן4 יח,"דוקארט בעמ, קיבוץ כפ",IL,תבנית אפייה קרטון מלבן 4 יח,לא מנהל יחידת מידה,0.00,לא מנהל יחידת מידה,false,1,11.90,0.0000,true,1,65021
7290000189499,false,תבנית אפייה עגולה,"דוקארט בעמ, קיבוץ כפ",IL,תבנית אפייה קרטון עגולה 3 יחיד,לא מנהל יחידת מידה,0.00,לא מנהל יחידת מידה,false,1,11.90,0.0000,true,1,67213
7290000189505,false,תבנית אפייה קרטון אי,"דוקארט בעמ, קיבוץ כפ",IL,תבנית אפייה מקרטון אינגלי,לא מנהל יחידת מידה,0.00,לא מנהל יחידת מידה,false,1,11.90,0.0000,true,1,65022
7290000189550,false,שקיות אשפה זוג 20 יח,אשפלסט,IL,שקיות אשפה זוג 20 יחידות,לא מנהל יחידת מידה,0.00,לא מנהל יחידת מידה,false,1,23.90,0.0000,true,1,30109
7290000189598,false,מטליות לחות לניקוי כ,עלבד משואות יצחק בעמ,IL,מטליות לחות לניקוי כללי 50 יח ניקול,Unknown,0.00,Unknown,false,1,11.90,0.0000,true,1,56263
7290000189659,false,מטליות לחות לרצפה,עלבד משואות יצחק בעמ,IL,ניקול מטליות לחות לניקוי הרצפה 10 יחידות,Unknown,0.00,Unknown,false,1,11.80,0.0000,true,1,62844
7290000189734,false,מטליות לחות לניקוי פ,עלבד משואות יצחק בעמ,IL,ניקול מטליות לחות לניקוי פרקט 10 יחידות,גרמים,0.00,100 גרם,false,1,14.90,0.0000,true,1,76927
7290000189871,false,שקיות אשפה עם שרוך נ,אשפלסט,IL,שקיות אשפה עם שרוך ניקול 60 יחידות,לא מנהל יחידת מידה,0.00,לא מנהל יחידת מידה,false,1,21.90,0.0000,true,1,50138
7290000190068,false,מפיות נייר ניקול 100,חוגלה קימברלי,IL,"מפיות ניקול חלקות לאירוח חד שכבתי, 100 יחידות",Unknown,0.00,Unknown,false,1,6.90,0.0000,true,1,56989
7290000190150,false,מפיות אירוח ניקול,PALOMA,SI,ניקול מפיות מעוצבות תלת שכבתי 20 יחידות,לא מנהל יחידת מידה,0.00,לא מנהל יחידת מידה,false,1,7.90,0.0000,true,1,1026
7290000190198,false,מטליות לניקוי וחיטוי,עלבד משואות יצחק בעמ,IL,מטליות לחות לניקוי חיטוי ניקול,יחידה,1.00,יחידה,false,1,11.90,11.9000,true,1,96708
7290000191225,false,האגיס ליטל בייביס מי,קימברלי קלארק שיווק,IL,האגיס ליטל בייביס מידה 2,יחידה,1.00,יחידה,false,1,38.50,38.5000,true,1,110054
7290000191450,false,חלה רגילה,מאפיות ברמן,,חלה רגילה500 גר                        .,גרמים,500.00,100 גרם,false,1,5.17,1.0340,true,1,1034
7290000191469,false,לחם אחיד,מאפיות ברמן,,לחם אחיד 750 גרם,גרמים,750.00,100 גרם,false,1,5.12,0.6827,true,1,1035
7290000191546,false,ממחטות טישיו לילי צב,חוגלה קימברלי,,ממחטות טישיו לילי צבעוני בניילון שלישייה,Unknown,0.00,Unknown,false,1,11.90,0.0000,true,1,1038
7290000191652,false,ממחטות טישיו קלינקס,חוגלה קימברלי,,ממחטות טישיו קלינקס ניילון מארז שלישייה,לא מנהל יחידת מידה,0.00,לא מנהל יחידת מידה,false,1,11.90,0.0000,true,1,45929
7290000193014,false,מגן תחתון לילי אינטר,Ontex,,מגן תחתון לילי אינטרלוד,לא מנהל יחידת מידה,0.00,לא מנהל יחידת מידה,false,1,10.90,0.0000,true,1,1069
7290000193083,false,תחבושות נובה לי בודד,Ontex,,תחבושות נובה לי בודד 28 יח,לא מנהל יחידת מידה,0.00,לא מנהל יחידת מידה,false,1,10.80,0.0000,true,1,45977
7290000193205,false,תחבושות לילי נטורל,Ontex,,"תחב.לילי נטורל לילה 20 יח              """,Unknown,0.00,Unknown,false,1,16.90,0.0000,true,1,1074
7290000193472,false,מגן תחתון לילי נטורל,Ontex,,מגן תחתון לילי נטורל נורמל,Unknown,0.00,Unknown,false,1,17.90,0.0000,true,1,1076
7290000193540,false,מגן תחתון לילי נטורל,Ontex,,מגן תחתון לילי נטורל               LONG,לא מנהל יחידת מידה,0.00,לא מנהל יחידת מידה,false,1,17.70,0.0000,true,1,1077
7290000193649,false,תח.לילי נטורל נורמל,Ontex,,תחב.לילי נטורל נורמל פלוס           24,Unknown,0.00,Unknown,false,1,16.90,0.0000,true,1,1080
7290000193656,false,תח לילי נטורל סופר +,Ontex,,תחב.לילי נטורל  סופר פלוס           24,Unknown,0.00,Unknown,false,1,16.70,0.0000,true,1,1081
7290000194288,false,משטח החתלה,Ontex,,"משטח החתלה 10 יח                       """,Unknown,0.00,Unknown,false,1,23.90,0.0000,true,1,47146
7290000195216,false,נייר אפיה 50 יח,אופל,,נייר אפיה ניקול 50 יח,לא מנהל יחידת מידה,0.00,לא מנהל יחידת מידה,false,1,10.90,0.0000,true,1,104486
7290000195537,false,מגבונים לחים האגיס ל,ווטנפס בעמ,IL,האגיס מגבונים לחים לתינוק ללא בישום מארז רביעייה,יחידה,1.00,יחידה,false,1,18.90,18.9000,true,1,15303
7290000195773,false,מגבוני האגיס אלוורה,חוגלה קימברלי,,מגבוני האגיס אלוורה רביעיה,לא מנהל יחידת מידה,0.00,לא מנהל יחידת מידה,false,1,18.90,0.0000,true,1,22393
7290000196039,false,מפות שולחן ניקול זוג,דיספובד,,"מפות שולחן ניקול זוג  180*110 ס""מ",לא מנהל יחידת מידה,0.00,לא מנהל יחידת מידה,false,1,12.90,0.0000,true,1,1103
7290000196343,false,מפת שולחן ניקול,דיספובד,IL,ניקול מפת שולחן מהודרת,מיליליטרים,0.00,"100 מ""ל",false,1,13.90,0.0000,true,1,1104
7290000196763,false,שקיות אשפה השקית החז,אשפלסט,IL,שקיות אשפה השקית החזקה ניקול 40 יח,Unknown,0.00,Unknown,false,1,22.90,0.0000,true,1,80340
7290000197012,false,שקיות ריצרץ 19*18 ני,סין,CN,שקיות ריצרץ 19*18 ניקול בקופסא 15 שקיות,לא מנהל יחידת מידה,0.00,לא מנהל יחידת מידה,false,1,14.90,0.0000,true,1,35327
7290000197029,false,שקיות ריצרץ 26*28 בק,קילת,,שקיות ריצרץ 26*28 בקופסא 12 שקיות,לא מנהל יחידת מידה,0.00,לא מנהל יחידת מידה,false,1,16.90,0.0000,true,1,35328
7290000197081,false,ניילונית חסכוני,אופל,IL,ניקול ניילון נצמד מתקן לחיתוך קל 150 מ' ללא PVC,מטרים,15000.00,מטר,false,1,29.90,0.0020,true,1,30110
7290000197326,false,רדיד אלומיניום זוג ק,אופל,IL,זוג רדיד אלומיניום קצר עובי משופר 15 מיקרון,מטרים,1500.00,מטר,false,1,11.90,0.0079,true,1,1109
7290000197340,false,רדיד אלומניום ז.ארוך,אופל,IL,זוג רדיד אלומיניום ארוך עובי משופר 16 מיקרון,מטרים,1500.00,מטר,false,1,19.90,0.0133,true,1,1111
7290000197425,false,חיתולים פרידום דריי,קימברלי קלארק ישראל,IL,חיתולים פרידום דריי שלב 3,יחידה,1.00,יחידה,false,1,42.90,42.9000,true,1,103656
7290000197432,false,שקיות סנדוויצון 19*2,אשלפסט תעשיות בעמ,IL,סנדוויצון זוגות,לא מנהל יחידת מידה,0.00,לא מנהל יחידת מידה,false,1,13.90,0.0000,true,1,1116
7290000197456,false,חיתולים פרידום דריי,קימברלי קלארק ישראל,IL,חיתולים פרידום דריי שלב 4,יחידה,1.00,יחידה,false,1,42.90,42.9000,true,1,103657
7290000197463,false,חיתולי פרידום דריי ש,קימברלי קלארק ישראל,IL,חיתולי פרידום דריי שלב  +4,יחידה,1.00,יחידה,false,1,42.90,42.9000,true,1,103913
7290000197548,false,חיתולי האגיס פרידום,קימברלי קלארק ישראל,IL,חיתולי האגיס פרידום דריי שלב 5,לא מנהל יחידת מידה,0.00,לא מנהל יחידת מידה,false,1,42.90,0.0000,true,1,103658
7290000197654,false,"אשפתון ענק 50 יח   """,אשפלסט,IL,אשפתון ענק 50 75*90 יחידות,Unknown,0.00,Unknown,false,1,22.90,0.0000,true,1,12958
7290000197678,false,חיתולים פרידום דריי,קימברלי קלארק ישראל,IL,חיתולים פרידום דריי שלב 6,יחידה,1.00,יחידה,false,1,42.90,42.9000,true,1,103659
7290000197753,false,ניילון נצמד זוג ניקו,GTC,,ניילון נצמד זוג ניקול,מטרים,3000.00,מטר,false,1,10.90,0.0036,true,1,1120
7290000197883,false,תבנית אלומיניום גדול,ארץ ייצור: סין,CN,תבנית אלומיניום גדול 4 יחידות,לא מנהל יחידת מידה,0.00,לא מנהל יחידת מידה,false,1,9.90,0.0000,true,1,16284
7290000197951,false,תבנית אלומיניום ענק,פאלאס,,תבנית אלומיניום ענק 2 יחידות,לא מנהל יחידת מידה,0.00,לא מנהל יחידת מידה,false,1,9.90,0.0000,true,1,16176
7290000197982,false,רדיד אלומיניום עבה 4,אופל,IL,רדיד אלומ.20 מיקרון 7.5*4,מטרים,1500.00,מטר,false,1,24.90,0.0166,true,1,1125
7290000197999,false,רדיד אלומיניום עבה 3,אופל,IL,רדיד אלומיניום עבה 30*7.50 זוג,מטרים,1500.00,מטר,false,1,18.90,0.0126,true,1,1126
7290000199313,false,קוטקס תחבושות לנערות,KC Turkey,,קוטקס תחבושות לנערות 28 יח,Unknown,0.00,Unknown,false,1,15.90,0.0000,true,1,41567
7290000201856,false,טיטולים פרימיום שלב,,,טיטולים פרימיום שלב 40  +4 יח,Unknown,0.00,Unknown,false,1,38.50,0.0000,true,1,105560
7290000201863,false,טיטולים פרימיום שלב,חוגלה קימברלי,,טיטולים פרימיום שלב 36  5 יח,Unknown,0.00,Unknown,false,1,38.50,0.0000,true,1,105549
7290000201870,false,טיטולים פרימיום שלב,חוגלה קימברלי,,טיטולים פרימיום שלב 34  6 יח,Unknown,0.00,Unknown,false,1,38.50,0.0000,true,1,105402
7290000204086,false,כרית קירצוף ניקול,UFO INC,US,"ניקול, כריות קרצוף גדולות וחזקות במיוחד, 3 יחידות",יחידה,0.00,יחידה,false,1,11.90,0.0000,true,1,12962
7290000204147,false,כריות יפניות דו צדדי,פלסטופוליש,IL,כריות יפניות דו צדדיות ניקול רביעייה,גרמים,280.00,100 גרם,false,1,11.90,4.2500,true,1,36192
7290000204215,false,כרית יפנית שישייה,פלסטופוליש,IL,"ניקול,כריות יפניות ,6 יחידות",גרמים,0.00,100 גרם,false,1,11.90,0.0000,true,1,1309
7290000204307,false,מטלית ניקול בגליל,נועם אורים-קיבוץ אור,IL,"מטליות ניקוי רב-שימושיות, 40 יחידות",לא מנהל יחידת מידה,0.00,לא מנהל יחידת מידה,false,1,22.90,0.0000,true,1,23503
7290000204512,false,מטליות לחות ניקול בר,עלבד משואות יצחק בעמ,IL,מטליות לחות ניקול בריח לימון,לא מנהל יחידת מידה,0.00,לא מנהל יחידת מידה,false,1,13.90,0.0000,true,1,133726
7290000204611,false,ספוגית הקסם ניקול 6,UFO INC,US,ספוגית הקסם ניקול 6 יחידות,לא מנהל יחידת מידה,0.00,לא מנהל יחידת מידה,false,1,11.90,0.0000,true,1,15390
7290000207063,false,רסק עגבניות פריכוז 2,היינץ צפון אמריקה מק,IL,רסק עגבניות פריכוז 260 גרם יכין,גרמים,260.00,100 גרם,false,1,4.90,1.8846,true,1,28950
7290000207162,false,רסק עגבניות 22% 100,"זנלכל בע""מ",IL,יכין רוטב עגבניות מרוכז 100 גרם,גרמים,100.00,100 גרם,false,1,2.50,2.5000,true,1,1386
7290000207438,false,קוביות עגבניות יכין,"זנלכל בע""מ",IL,קוביות עגבניות יכין A2.5 800 ג,גרמים,800.00,100 גרם,false,1,8.90,1.1125,true,1,40683
7290000208022,false,עגבניות מרוסקות יכין,"זנלכל בע""מ",IL,עגבניות מרוסקות יכין 800 גרם,גרמים,800.00,100 גרם,false,1,8.90,1.1125,true,1,40770
7290000208077,false,אפונה גדולה 550 גר .,"זנלכל בע""מ",IL,אפונה גדולה 550 גר .יכין,גרמים,550.00,100 גרם,false,1,7.90,1.4364,true,1,16030
7290000208091,false,אפונה קטנה,"זנלכל בע""מ",IL,אפונה קטנה 560 גרם יכין,גרמים,560.00,100 גרם,false,1,8.90,1.5893,true,1,25022
7290000208114,false,אפונה וגזר,"זנלכל בע""מ",IL,יכין אפונת גינה וגזר 550 גרם,גרמים,550.00,100 גרם,false,1,7.90,1.4364,true,1,1430
7290000208138,false,סירופ דיאט ענבים יכי,"זנלכל בע""מ",IL,יכין סירופ בטעם ענבים דיאט 1 ליטר,ליטרים,1.00,ליטר,false,1,15.90,15.9000,true,1,107306
7290000208145,false,תירס לייט גרעינים יכ,"זנלכל בע""מ",IL,תירס לייט גרעינים יכין 550  גרם,גרמים,550.00,100 גרם,false,1,8.90,1.6182,true,1,16031
7290000208213,false,שעועית לבנה ברוטב עג,היינץ צפון אמריקה מק,IL,יכין שעועית לבנה ברוטב עגבניות 580 גרם,גרמים,580.00,100 גרם,false,1,7.90,1.3621,true,1,105518
7290000208220,false,צילי שעועית יכין,היינץ צפון אמריקה מק,IL,יכין שעועית צ'ילי בנוסח מקסיקני חריף 580 גרם,גרמים,0.00,100 גרם,false,1,8.90,0.0000,true,1,107802
7290000208244,false,בסיס עגבניות לשקשוקה,"זנלכל בע""מ",IL,בסיס עגבניות לשקשוקה570ג,גרמים,570.00,100 גרם,false,1,8.90,1.5614,true,1,1432
7290000208329,false,תירס גרעינים מתוק יכ,"זנלכל בע""מ",IL,תירס גרעינים מתוק יכין 560 גרם,גרמים,560.00,100 גרם,false,1,7.90,1.4107,true,1,12174
7290000208336,false,רסק עגבניות 240 גרם,"זנלכל בע""מ",IL,יכין רוטב עגבניות מרוכז 240 גרם,גרמים,240.00,100 גרם,false,1,4.50,1.8750,true,1,37787
7290000208404,false,פול מצרי 560 גרם A2,"זנלכל בע""מ",IL,פול מצרי 560 גרם A2 יכין,גרמים,560.00,100 גרם,false,1,7.50,1.3393,true,1,15546
7290000208428,false,חומוס שלם יכין 560 ג,"זנלכל בע""מ",IL,יכין חומוס שלם 550 גרם,גרמים,560.00,100 גרם,false,1,7.90,1.4107,true,1,16032
7290000208534,false,תירס קיד עם ויטמינים,"זנלכל בע""מ",IL,יכין תירס קיד גרעיני תירס מתוק 550 גרם משקל נקי,גרמים,550.00,100 גרם,false,1,8.90,1.6182,true,1,16319
7290000208855,false,רוטב פסטה,"זנלכל בע""מ",IL,רוטב פסטה 240גר,גרמים,240.00,100 גרם,false,1,5.50,2.2917,true,1,37859
7290000208947,false,עגבניות מרוסקות יכין,"זנלכל בע""מ",IL,יכין עגבניות מרוסקות 260 גרם,גרמים,240.00,100 גרם,false,1,5.50,2.2917,true,1,37789
7290000209012,false,חומץ 1 ליטר יכין,"זנלכל בע""מ",IL,חומץ 1 ליטר יכין,ליטרים,1.00,ליטר,false,1,6.90,6.9000,true,1,16447
7290000209043,false,מיץ לימון,היינץ צפון אמריקה מק,IL,יכין רוטב לימון משומר לתיבול 1 ליטר,ליטרים,1.00,ליטר,false,1,6.50,6.5000,true,1,16244
7290000209371,false,שלישיית תירס קטן יכי,"זנלכל בע""מ",IL,יכין גרעיני תירס מתוק שלישייה 3*165,גרמים,165.00,100 גרם,false,1,13.90,8.4242,true,1,105192
7290000209517,false,סירופ דיאט לימון יכי,"זנלכל בע""מ",IL,יכין סירופ בטעם לימון דיאט 1 ליטר,ליטרים,1.00,ליטר,false,1,15.90,15.9000,true,1,105191
7290000209579,false,סירופ דיאט אננס יכין,"זנלכל בע""מ",IL,יכין סירופ בטעם אננס דיאט 1 ליטר,ליטרים,1.00,ליטר,false,1,15.90,15.9000,true,1,105187
7290000209708,false,עג.מרוסקות בזיליקום,היינץ צפון אמריקה מק,IL,יכין עגבניות מרוסקות ובזיליקום 240 גרם,גרמים,260.00,100 גרם,false,1,5.50,2.1154,true,1,37790
7290000209722,false,תרכיז עגבניות פריכוז,"זנלכל בע""מ",IL,רסק עגבניות פריכוז 580 יכין,גרמים,580.00,100 גרם,false,1,9.90,1.7069,true,1,12175
7290000209913,false,קוביות עגבניות,"זנלכל בע""מ",IL,קוביות עגבניות 240גרם,גרמים,240.00,100 גרם,false,1,5.50,2.2917,true,1,71746
7290000209944,false,רוטב עגבניות לשקשוקה,"זנלכל בע""מ",IL,רוטב עגבניות לשקשוקה יכין 240גרם,גרמים,240.00,100 גרם,false,1,5.50,2.2917,true,1,47766
7290000209951,false,רוטב פיצה,"זנלכל בע""מ",IL,רוטב פיצה 240גרם יכין,גרמים,240.00,100 גרם,false,1,5.50,2.2917,true,1,47767
7290000209968,false,רוטב לזניה,"זנלכל בע""מ",IL,רוטב לזניה 240גרם,גרמים,240.00,100 גרם,false,1,5.50,2.2917,true,1,47768
7290000211169,false,"אורז תאילנדי 1 ק""ג","סוגת תעשיות בע""מ",IL,"אורז תאילנדי 1 ק""ג",קילוגרמים,1.00,"ק""ג",false,1,7.90,7.9000,true,1,16122
7290000211312,false,אורז מלא אחד אחד סוג,"סוגת תעשיות בע""מ",IL,"אורז מלא ארוך 1 ק""ג",קילוגרמים,1.00,"ק""ג",false,1,10.90,10.9000,true,1,1470
7290000211374,false,"קמח מלא 1 ק""ג סוגת",תחנות קמח דגן 2006 ב,IL,"קמח מלא 1 ק""ג סוגת",קילוגרמים,1.00,"ק""ג",false,1,7.90,7.9000,true,1,1472
7290000211442,false,אורז פרסי אחד אחד סו,האי נאם סי או אל.טי.,IL,"אורז פרסי 1 ק""ג",קילוגרמים,1.00,"ק""ג",false,1,12.90,12.9000,true,1,1475
7290000211503,false,סוכר לבן ארוז בשקית,"סוגת תעשיות בע""מ",IL,"סוכר לבן ארוז בשקית סוגת 1 ק""ג",קילוגרמים,1.00,"ק""ג",false,1,5.30,5.3000,true,1,1476
7290000211985,false,אורז ריזוטו עגול סוג,"סוגת תעשיות בע""מ",IL,"אורז עגול 1 ק""ג",קילוגרמים,1.00,"ק""ג",false,1,12.90,12.9000,true,1,1485
7290000226514,false,עוגת דובוש ריבת חלב,קריניציה ויטמינה אס,IL,עוגת דובוש ריבת חלב 450 גרם,גרמים,450.00,100 גרם,false,1,34.90,7.7556,true,1,1717
7290000226545,false,עוגת טורט היער השחור,קפולסקי,IL,"עוגת טורט היער השחור 1 ק""ג",קילוגרמים,1.00,"ק""ג",false,1,59.90,59.9000,true,1,1719
7290000226552,false,עוגת טורט ריבת חלב ע,,IL,"עוגת טורט ריבת חלב עם קוקוס 1 ק""ג",קילוגרמים,1.00,"ק""ג",false,1,59.90,59.9000,true,1,1720
7290000226569,false,עוגת טורט קצפת שוקול,קריניציה ויטמינה אס,IL,"עוגת טורט קצפת שוקולד 1 ק""ג",קילוגרמים,1.00,"ק""ג",false,1,59.90,59.9000,true,1,1721
7290000226576,false,עוגת טורט מצופה שוקו,קריניציה ויטמינה אס,IL,"עוגת טורט מצופה שוקולד 1 ק""ג",קילוגרמים,1.00,"ק""ג",false,1,59.90,59.9000,true,1,1722
7290000233162,false,מים נביעות 1.5ל בקבו,יושלם,,מים נביעות 1.5ל בקבוק בודד,ליטרים,1.50,ליטר,false,1,3.90,2.6000,true,1,13705
7290000238029,false,"בצק עלים 1 ק""ג","מעדנות בע""מ",IL,"בצק עלים 1 ק""ג",קילוגרמים,1.00,"ק""ג",false,1,25.90,25.9000,true,1,1940
7290000238036,false,מלווח 700 גרם,מיוצר עי קונדיטוריית,IL,מלווח 700 גרם מעדנות,גרמים,700.00,100 גרם,false,1,19.90,2.8429,true,1,1941
7290000238173,false,בורקס גבינה מעדנות 8,"מעדנות בע""מ",IL,בורקס גבינה מעדנות 800 גרם,גרמים,800.00,100 גרם,false,1,24.90,3.1125,true,1,1944
7290000238180,false,"בורקס תפו""א מעדנות 8","מעדנות בע""מ",IL,"בורקס תפו""א מעדנות 800 גרם",גרמים,800.00,100 גרם,false,1,24.90,3.1125,true,1,1945
7290000240541,false,ריבועי בצק עלים800ג.,מיוצר עי קונדיטוריית,IL,ריבועי בצק עלים800 גר                  .,גרמים,800.00,100 גרם,false,1,26.40,3.3000,true,1,1964
7290000240947,false,גבינה ברי צרפתי lait,לייטרי דו ואל,,גבינה ברי צרפתי laita,קילוגרמים,1.00,"ק""ג",true,,169.00,169.0000,true,1,116206
7290000245072,false,מרכך כביסה סוד בייבי,"הנקל סוד בע""מ",IL,סוד מרכך כביסה בייבי,ליטרים,4.00,ליטר,false,1,21.90,5.4750,true,1,45930
7290000245089,false,מרכך כביסה סוד סגול,"הנקל סוד בע""מ",IL,מרכך כביסה - הסוד הוא בניחוח,ליטרים,4.00,ליטר,false,1,21.90,5.4750,true,1,2025
7290000245157,false,מ.כביסה סוד סנסיישן,"הנקל סוד בע""מ",IL,"מרכך כביסה סוד סנסיישן 4 ל             """,ליטרים,4.00,ליטר,false,1,21.90,5.4750,true,1,16412
7290000245270,false,אב.כביסה פרסיל סופרה,"הנקל סוד בע""מ",IL,"פרסיל אבקת כביסה 1.25 ק""ג",קילוגרמים,1.25,"ק""ג",false,1,14.90,11.9200,true,1,2028
7290000245287,false,אבקת כביסה פרסיל קול,"הנקל סוד בע""מ",IL,"פרסיל אבקה לכביסה צבעונית 1.25 ק""ג",קילוגרמים,1.25,"ק""ג",false,1,14.90,11.9200,true,1,2029
7290000245508,false,א.כביסה סוד פרפקט,"הנקל סוד בע""מ",IL,"סוד טוטאל אבקת כביסה 1.25 ק""ג",קילוגרמים,1.25,"ק""ג",false,1,14.90,11.9200,true,1,2035
7290000245515,false,א.כביסה סוד פרפיום,"הנקל סוד בע""מ",IL,"סוד אבקת כביסה בניחוח לבנדר 1.25 ק""ג",קילוגרמים,1.25,"ק""ג",false,1,14.90,11.9200,true,1,2036
7290000245539,false,א.כביסה סוד קולור,"הנקל סוד בע""מ",IL,"סוד אבקת כביסה לבגדים צבעוניים  1.25 ק""ג",קילוגרמים,1.25,"ק""ג",false,1,14.90,11.9200,true,1,2037
7290000245782,false,מרכך כביסה סוד סופט,"הנקל סוד בע""מ",IL,סוד מרכך כביסה ורד ורוד,ליטרים,4.00,ליטר,false,1,21.90,5.4750,true,1,2047
7290000245799,false,מרכך כביסה סוד סופט,"הנקל סוד בע""מ",IL,סוד מרכך כביסה כחול 4 ליטר,ליטרים,4.00,ליטר,false,1,21.90,5.4750,true,1,2048
7290000253244,false,מרציפן נקי אופנהיימר,אחים מזרחי,IL,מרציפן נקי אופנהיימר 86 גרם,גרמים,86.00,100 גרם,false,1,8.90,10.3488,true,1,94876
7290000253374,false,שוקולד ציפס 66%מוצקי,אופנהיימר,IL,שוקולד ציפס 66%מוצקי קקאו 250גרם,גרמים,250.00,100 גרם,false,1,14.90,5.9600,true,1,153434
7290000253503,false,מרציפן מצופה אופנהיי,אחים מזרחי,IL,מרציפן מצופה אופנהיימר 40 גרם,גרמים,40.00,100 גרם,false,1,4.50,11.2500,true,1,64046
7290000253558,false,חלת מרציפן אופנהיימר,אופנהיימר,IL,חלת מרציפן אופנהיימר 50 גרם,גרמים,50.00,100 גרם,false,1,4.90,9.8000,true,1,120065
7290000253732,false,מרציפן מצופה שוקולד,אופנהיימר,IL,מרציפן מצופה שוקולד אופנהיימר 86גרם,גרמים,86.00,100 גרם,false,1,8.90,10.3488,true,1,124247
7290000263359,false,חיתולים האגיס מידה 1,קימברלי קלארק שיווק,IL,חיתולים האגיס מידה 1 ליטל בייביז,יחידה,1.00,יחידה,false,1,38.50,38.5000,true,1,69733
7290000267012,false,שקד טבעי מולבן שלם 1,,IL,שקד טבעי מולבן שלם 100 גרם שקדיה,גרמים,100.00,100 גרם,false,1,11.90,11.9000,false,1,2208
7290000267029,false,שקד טבעי מולבן חצוי,,IL,שקד טבעי מולבן חצוי 100 גרם שקדיה,גרמים,100.00,100 גרם,false,1,11.90,11.9000,true,1,155841
7290000267036,false,שקד טבעי מולבן משובב,,IL,שקד טבעי מולבן משובב 100 גרם שקדיה,גרמים,100.00,100 גרם,false,1,11.90,11.9000,true,1,155842
7290000267043,false,שקד טבעי מולבן פרוס,,IL,שקד טבעי מולבן פרוס 100 גרם שקדיה,גרמים,100.00,100 גרם,false,1,11.90,11.9000,false,1,155843
7290000267050,false,שקדים טחונים 100 גרם,,IL,שקדים טחונים 100 גרם שקדיה,גרמים,100.00,100 גרם,false,1,11.90,11.9000,false,1,2212
7290000267104,false,שקד מולבן מרוסק 100,,IL,שקד מולבן מרוסק 100 גרם שקדיה,גרמים,100.00,100 גרם,false,1,11.90,11.9000,true,1,155701
7290000267548,false,אגוז גרוס 100 גרם,,IL,אגוז גרוס 100 גרם שקדיה,גרמים,100.00,100 גרם,false,1,10.70,10.7000,true,1,155702
7290000272467,false,סירופ עסיס דיאט פטל,בית-השיטה עסיס תעשיו,IL,עסיס סירופ פטל דיאט צבעים טב.12*1ליטר,ליטרים,1.00,ליטר,false,1,21.90,21.9000,true,1,2271
7290000272696,false,מיץ לימון משומר 1 לי,בית-השיטה עסיס תעשיו,IL,עסיס מיץ לימון משומר 12*1ליטר,ליטרים,1.00,ליטר,false,1,12.90,12.9000,true,1,2274
7290000286228,false,כרית יפנית סנו סושי,סנו מפעלי ברונו בעמ,IL,כרית יפנית סנו סושי                 1/6,גרמים,70.00,100 גרם,false,1,10.90,15.5714,true,1,2404
7290000286297,false,מסיר אבן מקומקום/פרק,סנו מפעלי ברונוס בעמ,IL,אנטי קלאק מסיר אבנית מקומקום 700 מל,מיליליטרים,700.00,"100 מ""ל",false,1,13.90,1.9857,true,1,2407
7290000286471,false,סנו מדיק אלכו גל דמו,nantong health & bey,CN,סנו מדיק אלכו גל דמות סיליקון לתליה 30,מיליליטרים,30.00,"100 מ""ל",false,1,9.90,33.0000,true,1,145220
7290000286488,false,ספוג כיף פיראט,קוסמופארם,,ספוג כיף פיראט,לא מנהל יחידת מידה,0.00,לא מנהל יחידת מידה,false,1,7.90,0.0000,true,1,2410
7290000286525,false,ספוג כיף פרינה,קוסמופארם,,ספוג כיף פרינה,לא מנהל יחידת מידה,0.00,לא מנהל יחידת מידה,false,1,8.90,0.0000,true,1,2412
7290000286549,false,מטליות לניקוי כללי ס,סנו מפעלי ברונו בעמ,IL,"סנו סושי מטליות לניקוי כללי, 9 יחידות",לא מנהל יחידת מידה,0.00,לא מנהל יחידת מידה,false,1,9.90,0.0000,true,1,2413
7290000286631,false,חול לניקוי סנו Xלימו,סנו,IL,חול לניקוי סנו Xלימון מילוי,גרמים,600.00,100 גרם,false,1,6.90,1.1500,true,1,2415
7290000286761,false,ניילון נצמד סנו זוג,"מיוצר בהונג קונג, סי",CN,סנו סושי - צמד ניילון נצמד+,מטרים,3000.00,מטר,false,1,11.90,0.0040,true,1,2416
7290000286877,false,לניקוי סנו רב מתכת,סנו,,לניקוי סנו רב מתכת,מיליליטרים,300.00,"100 מ""ל",false,1,23.90,7.9667,true,1,2421
7290000286891,false,לרצפה סנו מגן קריסטל,"סנו מפעלי ברונוס בע""",IL,סנו מגן קריסטל 1 ליטר,ליטרים,1.00,ליטר,false,1,26.90,26.9000,true,1,2425
7290000286921,false,סנוקל רסס וכבס,סנו מפעלי ברונוס בעמ,IL,סנו קל BIO,מיליליטרים,750.00,"100 מ""ל",false,1,15.90,2.1200,true,1,65029
7290000286945,false,סנו רהיט מרסס,"סנו מפעלי ברונוס בע""",IL,סנו רהיט נוזל מנקה ומבריק רהיטים 500 מל,מיליליטרים,500.00,"100 מ""ל",false,1,26.90,5.3800,true,1,2428
7290000287102,false,סנו ספריי לשטיחים 60,סנו מפעלי ברונוס בעמ,IL,"סנו ספריי לשטיחים 600 מ""ל",מיליליטרים,600.00,"100 מ""ל",false,1,22.40,3.7333,true,1,2430
7290000287195,false,סנורהיט ספריי  לרהיט,סנו מפעלי ברונוס בעמ,IL,"סנו רהיט אירוסול מנקה, מבריק, מגן ודוחה אבק 300 מל",מיליליטרים,305.00,"100 מ""ל",false,1,16.90,5.5410,true,1,2438
7290000287355,false,סנו סופר פוליש לרצפה,סנו,IL,"סנו סופר פוליש, מבריק רצפות מעצמו, ללא שפשוף.",ליטרים,1.00,ליטר,false,1,26.90,26.9000,true,1,2439
7290000287409,false,סנובון 3 תות 55 גר,סנו מפעלי ברונוס בעמ,IL,סנובון סבון אסלה בניחוח תות X3,גרמים,55.00,100 גרם,false,1,12.90,23.4545,true,1,2441
7290000287485,false,סנובון שלישיה לובר,סנו מפעלי ברונו בעמ,IL,סנובון סבון אסלה בניחוח לובר 3 יחידות,גרמים,165.00,100 גרם,false,1,12.90,7.8182,true,1,24103
7290000287492,false,סנובון נוזלי לימון 7,"איי, בי, אינבוו",IL,"סנובון נוזלי לימון 750 מ""ל",מיליליטרים,750.00,"100 מ""ל",false,1,11.90,1.5867,true,1,2442
7290000287621,false,מנקה אסלות אנטי קאלק,מיוצר עי קונדיטוריית,IL,"מנקה אסלות אנטי קאלק 750 מ""ל",מיליליטרים,750.00,"100 מ""ל",false,1,12.90,1.7200,true,1,17782
7290000288024,false,אקונומיקה סנו JAVEL,"סנו מפעלי ברונוס בע""",IL,אקונומיקה סנו JAVEL לימון 4 ליטר,ליטרים,4.00,ליטר,false,1,16.90,4.2250,true,1,2451
7290000288031,false,אקונומיקה כחולה 4 לי,"סנו מפעלי ברונוס בע""",IL,אקונומיקה כחולה 4 ליטר,ליטרים,4.00,ליטר,false,1,12.80,3.2000,true,1,30004
7290000288079,false,אקונומיקה JAVEL לימו,"סנו מפעלי ברונוס בע""",IL,אקונומיקה JAVEL לימון 2 ליטר,ליטרים,2.00,ליטר,false,1,12.80,6.4000,true,1,16252
7290000288109,false,אבקת כביסה קומפקט מק,סנו,,"אבקת כביסה קומפקט מקסימה 1.25 ק""ג",קילוגרמים,1.25,"ק""ג",false,1,14.90,11.9200,true,1,2454
7290000288253,false,משמיד מעופפים K400 ס,סנו,,"משמיד מעופפים K400 סמ""ק             630",מיליליטרים,630.00,"100 מ""ל",false,1,23.90,3.7937,true,1,2456
7290000288291,false,סנומט טבליות 30 מילו,TRENTO,IT,סנומט לוחיות אידוי למכשיר חשמלי דוחה יתושים,Unknown,0.00,Unknown,false,1,13.90,0.0000,true,1,2457
7290000288307,false,סנומט דוחה יתושים חש,ZOBELE,IT,סנומט דוחה יתושים חשמל+ טבליות,Unknown,0.00,Unknown,false,1,28.60,0.0000,true,1,2458
7290000288352,false,משמיד חרקים K300 סנו,"סנו מפעלי ברונוס בע""",IL,K-300,מיליליטרים,630.00,"100 מ""ל",false,1,23.90,3.7937,true,1,2460
7290000288383,false,משמיד זוחלים K500  ס,סנו מפעלי ברונוס בעמ,IL,"משמיד זוחלים K500  סנו 400 מ""ל",מיליליטרים,400.00,"100 מ""ל",false,1,23.90,5.9750,true,1,2461
7290000288413,false,סנו די דוחה יתושים כ,קוסמופארם בעמ,IL,"סנו די דוחה יתושים כדורי 50 מ""ל",מיליליטרים,50.00,"100 מ""ל",false,1,19.90,39.8000,true,1,2463
7290000288420,false,סנו די דוחה יתושיםספ,סנו מפעלי ברונוס בע',IL,סנו די דוחה יתושיםספריי 125 גרם,גרמים,125.00,100 גרם,false,1,19.90,15.9200,true,1,2464
7290000288642,false,מרכך כביסה מקסימה,טרופיקל דגיל תעשיות,IL,מרכך 4 ליטר,ליטרים,4.00,ליטר,false,1,22.90,5.7250,true,1,2467
7290000288727,false,אבק.כביסה מקסימהMUS,סנו,,אבק.כביסה מקסימה MUSK קג            1.25,קילוגרמים,1.25,"ק""ג",false,1,14.90,11.9200,true,1,2471
7290000288840,false,מים מזוקקים 2 ליטר,סנו,IL,מים מזוקקים 2 ליטר,ליטרים,2.00,ליטר,false,1,16.60,8.3000,true,1,2474
7290000289069,false,קצף ניקוי JAVEL מרסס,"סנו מפעלי ברונוס בע""",IL,קצף ניקוי JAVEL מרסס בריח לימון סנו 1 ל,ליטרים,1.00,ליטר,false,1,16.90,16.9000,true,1,2476
7290000289236,false,סנו K3 פתיון נמלים ג,"סנו מפעלי ברונוס בע""",IL,סנו K3 קוטל נמלים פיתיון ג'ל 12 גרם,יחידה,1.00,יחידה,false,1,49.90,49.9000,true,1,148560
7290000289472,false,שקיות אשפה 76*90 סנו,סנו מפעלי ברונוס בעמ,IL,סושי 50 ש.אשפה גדולות במיוחד,לא מנהל יחידת מידה,0.00,לא מנהל יחידת מידה,false,1,22.70,0.0000,true,1,12976
7290000289496,false,לניקוי כללי קרםJAVEL,הורביץ סחר,IL,לניקוי כללי קרםJAVELלימון           750,מיליליטרים,750.00,"100 מ""ל",false,1,12.90,1.7200,true,1,2480
7290000289595,false,אורביטול מש.שינ.קיד,טרופיקל דגיל תעשיות,IL,אורביטול משחת שיניים לילדים בטעם תות שדה,גרמים,145.00,100 גרם,false,1,9.90,6.8276,true,1,16554
7290000289748,false,מסיר שומנים פורטה פל,"סנו מפעלי ברונוס בע""",IL,סנו פורטה פלוס 750 מ''ל,מיליליטרים,750.00,"100 מ""ל",false,1,15.90,2.1200,true,1,2481
7290000292007,false,פיתיון גל קוטל תיקני,סנו מפעלי ברונוס בעמ,IL,סנו K3 פיתיון ג'ל קוטל תיקנים,גרמים,0.00,100 גרם,false,1,49.90,0.0000,true,1,129591
7290000292137,false,סנו לניקוי מוצרי עור,מיוצר עי קונדיטוריית,IL,תחליב לניקוי ולטיפול במוצרי עור,מיליליטרים,500.00,"100 מ""ל",false,1,31.90,6.3800,true,1,2507
7290000292311,false,נוזל לניקוי רצפות פו,סנו מפעלי ברונוס.,IL,פוליויקס מנקה ומבריק רצפות 2 ליטר שחלבים,ליטרים,2.00,ליטר,false,1,22.90,11.4500,true,1,2510
7290000292557,false,סנומט נוזל מילוי,trento,IT,"סנומט מילוי נוזלי למכשיר חשמלי, דוחה יתושים",Unknown,0.00,Unknown,false,1,17.90,0.0000,true,1,2515
7290000292564,false,משמיד חרקים K2000 לל,סנו מפעלי ברונוס בעמ,IL,תכשיר מיקרוקפסורי,מיליליטרים,750.00,"100 מ""ל",false,1,34.60,4.6133,true,1,2516
7290000292687,false,סנובון לאסלה כחול של,סנו מפעלי ברונו בעמ,IL,"סנובון סבון אסלה כחול קלאסיק, 3 יחידות",גרמים,165.00,100 גרם,false,1,19.90,12.0606,true,1,2518
7290000292915,false,רסס ונגב לניקוי כללי,"סנו מפעלי ברונוס בע""",IL,"רסס ונגב לניקוי כללי 750 מ""ל",מיליליטרים,750.00,"100 מ""ל",false,1,13.90,1.8533,true,1,2519
7290000293073,false,מרכך כביסה מקסימה בי,סאנו,IL,מרכך 4 ליטר,ליטרים,4.00,ליטר,false,1,22.90,5.7250,true,1,2521
7290000293516,false,סנו סופג לחות,"סנו מפעלי ברונוס בע""",IL,סנו פרש סופג לחות ומונע עובש 340 גרם,גרמים,340.00,100 גרם,false,1,29.90,8.7941,true,1,2523
7290000293561,false,סנו מסיר עובש,"סנו מפעלי ברונוס בע""",IL,סנו מסיר עובש,מיליליטרים,750.00,"100 מ""ל",false,1,19.90,2.6533,true,1,2525
7290000293820,false,קרמה מן - CARBON POW,גוד פוד פרודקטס S.p,IL,קרמה מן שמפו וג'ל רחצה 2in1 קרבון פאוור,לא מנהל יחידת מידה,0.00,לא מנהל יחידת מידה,false,1,18.90,0.0000,true,1,125186
7290000293837,false,קרמה מן דאודורנט גל,קוסמופארם בעמ,IL,קרמה מן דאודורנט ג'ל קרבון פאוור,לא מנהל יחידת מידה,0.00,לא מנהל יחידת מידה,false,,16.90,0.0000,true,1,125187
7290000293943,false,מסיר אבנית אנטיקאלק,סנו מפעלי ברונוס בעמ,IL,אנטי קאלק מסיר אבנית וחלודה לשימוש כללי 1 ליטר,ליטרים,1.00,ליטר,false,1,17.90,17.9000,true,1,2527
7290000294780,false,אקונומיקה סנו JAVEL,"סנו מפעלי ברונוס בע""",IL,אקונומיקה סנו JAVEL סמיכה 4 ליטר,ליטרים,4.00,ליטר,false,1,16.90,4.2250,true,1,2537
7290000295299,false,כרית הפלא סנו סושי 4,סנו מפעלי ברונו בעמ,IL,כרית הפלא סנו סושי 4 יחידות,יחידה,1.00,יחידה,false,1,11.80,11.8000,true,1,2539
7290000295336,false,אבק.כביסה מקסימה,סנו,,אבק.כביסה מקסימה סנסטיב1.25 קג,קילוגרמים,1.25,"ק""ג",false,1,14.90,11.9200,true,1,2540
7290000295343,false,אבק.כביסה קומ MAXIMA,סנו,,אבק.כביסה קומ MAXIMA ביו1.25קג,קילוגרמים,1.25,"ק""ג",false,1,14.90,11.9200,true,1,2541
7290000295367,false,אבקת כביסה מקסימה זא,סנו,IL,"אבקת כביסה, אפקט JAVEL",קילוגרמים,2.50,"ק""ג",false,1,28.90,11.5600,true,1,2542
7290000295404,false,שקיות אשפה 54*65 סנו,סנו מפעלי ברונוס בעמ,IL,שקיות אשפה 54*65 סנו סושי 60 שקיות,לא מנהל יחידת מידה,0.00,לא מנהל יחידת מידה,false,1,23.70,0.0000,true,1,2543
7290000295503,false,שקיות אוכל 19*25 סנו,הורביץ סחר,CN,שקיות אוכל 19*25 סנו סושי 150 שקיות,לא מנהל יחידת מידה,0.00,לא מנהל יחידת מידה,false,1,14.90,0.0000,true,1,2545
7290000295541,false,רב מגבת גמבו,סנו מפעלי ברונוס בעמ,IL,"סנו סושי, רב מגבת ג'מבו, 398 גרם",מטרים,2100.00,מטר,false,1,19.90,0.0095,true,1,2547
7290000295558,false,רדיד אלומיניום זוג 1,סנו סושי,CN,"רדיד אלומיניום זוג 15 מ רוחב 30 ס""מ",מטרים,1500.00,מטר,false,1,12.90,0.0086,true,1,16126
7290000295749,false,ספוג סאקי מסאז כיף,גוד פוד פרודקטס S.p,IL,כיף ספוג מסאג' לרענון ולהמרצת זרם הדם,לא מנהל יחידת מידה,0.00,לא מנהל יחידת מידה,false,1,8.90,0.0000,true,1,2549
7290000295794,false,ספוגיות מתכת,,,ספוגיות מתכת,יחידה,1.00,יחידה,false,1,11.90,11.9000,true,1,121829
7290000295824,false,רדיד אלומיניום,סנו סושי,TR,רדיד אלומיניום 100 מטר רוחב30ס,מטרים,10000.00,מטר,false,1,59.90,0.0060,true,1,12980
7290000300900,false,שניצל תירס טבעול 750,כצט,IL,שניצל תירס טבעול 750 גרם,גרמים,750.00,100 גרם,false,1,29.90,3.9867,true,1,2623
7290000302027,false,סיגריות טיים רד פקט,דובק,,סיגריות טיים רד פקט 10 יח,לא מנהל יחידת מידה,0.00,לא מנהל יחידת מידה,false,1,285.00,0.0000,false,1,2692
7290000305882,false,דגים ברוטב עגבניות פ,לחמנו,TR,קוליאס 120 גרם בדצ עדה חרדית,גרמים,120.00,100 גרם,false,1,5.90,4.9167,true,1,2784
7290000307237,false,תירס מתוק גרעינים פר,פרי הגליל בעמ,IL,תירס מתוק,גרמים,550.00,100 גרם,false,1,6.90,1.2545,true,1,2800
7290000311128,false,עוגיות בטעם חמאה,תות ממתקי איכות,IL,עוגיות מובחרות בטעם חמאה,גרמים,300.00,100 גרם,false,1,8.50,2.8333,true,1,60529
7290000311203,false,ופלים מן בטעם שוקולד,תות ממתקי איכות,IL,ופלים מן בטעם שוקולד 200 גרם,גרמים,200.00,100 גרם,false,1,5.50,2.7500,true,1,2824
7290000311425,false,וופל מצופה עשיריות מ,תות ממתקי איכות,IL,מאגדת ופל מצופה כחול-עשיריה,גרמים,220.00,100 גרם,false,1,9.90,4.5000,true,1,129800
7290000311708,false,עוג.מובחרות חיטה מלא,תות ממתקי איכות,IL,"מן, עוגיות חיטה מלאה עם סיבים תזונתיים 300 גרם",גרמים,300.00,100 גרם,false,1,8.50,2.8333,true,1,2826
7290000311715,false,עוג.מובחרות שוקולד,תות ממתקי איכות,IL,"מן, עוגיות כוכבים בטעם שוקולד 300 גרם",גרמים,300.00,100 גרם,false,1,8.50,2.8333,true,1,2827
7290000311722,false,עוג.מובחרות עםכוכבים,תות ממתקי איכות,IL,"מן,  עוגיות כוכבים בטעם וניל 300 גרם",גרמים,300.00,100 גרם,false,1,8.50,2.8333,true,1,2828
7290000311869,false,ופל מן ללא סוכר 180,תות ממתקי איכות,IL,ופל מן ללא סוכר 180 גרם,גרמים,180.00,100 גרם,false,1,9.90,5.5000,true,1,90877
7290000311890,false,וופל מן ללא סוכר לימ,"רוקחמן בע""מ",IL,וופל מן ללא סוכר לימון 180גרם,גרמים,180.00,100 גרם,false,1,9.90,5.5000,true,1,160119
7290000313160,false,עוגיות ביסקוויט זהבה,היינץ צפון אמריקה מק,IL,עוגיות ביסקוויט זהבה ו 3 הדובים 250 גרם,גרמים,250.00,100 גרם,false,1,9.70,3.8800,true,1,16127
7290000313290,false,נודלס אטריות מסולסלת,תאי פרזידנט פוד בנגק,TH,אסם נודלס אטריות מסולסלות 12*200גרם,גרמים,200.00,100 גרם,false,1,10.90,5.4500,true,1,2862
7290000315126,false,ציר עוף קנור 300 גרם,יוניליוור ישראל מזון,IL,קנור ציר עוף 300 גרם,גרמים,300.00,100 גרם,false,1,30.60,10.2000,true,1,33940
7290000315133,false,ציר בקר קנור 300 גרם,יוניליוור ישראל מזון,IL,קנור ציר בקר 300 גרם,גרמים,300.00,100 גרם,false,1,30.60,10.2000,true,1,33941
7290000315140,false,קורנפלקס מלא תלמה 50,יוניליוור שפע ישראל,IL,תלמה קורנפלקס  מלא דגני בוקר 500 גרם,גרמים,500.00,100 גרם,false,1,21.70,4.3400,true,1,95517
7290000318103,false,פסטרמה ברביקיו,יושלם,,פסטרמה ברביקיו,קילוגרמים,1.00,"ק""ג",true,,79.00,79.0000,true,1,2897
7290000318127,false,נקניקיות ביס 380 גרם,יחיעם,IL,יחיעם נקניקיות ביס 380 גרם,גרמים,380.00,100 גרם,false,1,12.90,3.3947,true,1,2898
7290000318165,false,פסטרמה אמיתית צלויה,מעדני יחיעם,IL,"פסטרמה אמיתית צלויה על גחלים לק""ג",קילוגרמים,1.00,"ק""ג",true,,79.00,79.0000,true,1,2899
7290000318288,false,פסטרמה בדבש,,,"פסטרמה בדבש לק""ג",קילוגרמים,1.00,"ק""ג",true,,78.00,78.0000,true,1,51560
7290000318363,false,פסטרמה ברביקיו לבגט,מעדני יחיעם,IL,"פסטרמה ברביקיו לבגט לק""ג",קילוגרמים,1.00,"ק""ג",true,,78.00,78.0000,true,1,121372
7290000318479,false,פרושוטו עגל   100 גר,מעדני יחיעם (1993) ב,IL,"יחיעם, פרושוטו , 100 גרם",גרמים,100.00,100 גרם,false,1,25.90,25.9000,true,1,24275
7290000318493,false,כתף בקר מפולפל,יושלם,,"כתף בקר מפולפל לק""ג",קילוגרמים,1.00,"ק""ג",true,,119.00,119.0000,true,1,42151
7290000318530,false,צלי בקר,יושלם,,"צלי בקר  רוסטביף  ק""ג",קילוגרמים,1.00,"ק""ג",true,,119.00,119.0000,true,1,2912
7290000318677,false,סלמי סרוולט 150 גרם,יחיעם,IL,סלמי סרוולט,גרמים,150.00,100 גרם,false,1,25.90,17.2667,true,1,43121
7290000318806,false,סלמי סרוולד,יושלם,,"סלמי סרוולד לק""ג",קילוגרמים,1.00,"ק""ג",true,,148.00,148.0000,true,1,2941
7290000318837,false,קורנדביף,מעדני יחיעם,IL,"קורנדביף פסטרמי בקר לק""ג",קילוגרמים,1.00,"ק""ג",true,,119.00,119.0000,true,1,116140
7290000318851,false,סלמי קוניאק לקג,מעדני יחיעם,IL,סלמי קוניאק לקג,קילוגרמים,1.00,"ק""ג",true,,59.00,59.0000,true,1,2943
7290000318868,false,סלמי פפרוני,מעדני יחיעם,IL,סלמי פפרוני לקג,קילוגרמים,1.00,"ק""ג",true,,59.00,59.0000,true,1,12421
7290000318882,false,מעושן איטלקי,מעדני יחיעם,IL,מעושן איטלקי לקג,קילוגרמים,1.00,"ק""ג",true,,59.00,59.0000,true,1,2944
7290000318929,false,סלמי צרפתי,יושלם,,סלמי צרפתי לקג,קילוגרמים,1.00,"ק""ג",true,,148.00,148.0000,true,1,2951
7290000318943,false,פסטרמה של פעם,מעדני יחיעם (1993) ב,IL,"יחיעם, פסטרמה של פעם, 200 גרם",גרמים,200.00,100 גרם,false,1,24.90,12.4500,true,1,43123
7290000319063,false,כתף בקר מעושן בציפוי,יחיעם,IL,כתף בקר מפולפל 150 גרם,גרמים,150.00,100 גרם,false,1,25.90,17.2667,true,1,124508
7290000319124,false,סלמי סרוולד יחיעם 25,פ.פ.ח. שאביט,IL,סלמי סרוולד יחיעם 250 גרם,גרמים,250.00,100 גרם,false,1,33.90,13.5600,true,1,100526
7290000319131,false,נקניקיות עוף,פ.פ.ח. שאביט,IL,נקניקיות עוף 400 גר יחיעם,גרמים,400.00,100 גרם,false,1,11.90,2.9750,true,1,2958
7290000319339,false,סלמי פרח,מעדני יחיעם,IL,סלמי פרח לקג,קילוגרמים,1.00,"ק""ג",true,,100.00,100.0000,true,1,88204
7290000319520,false,סלמי צרפתי,פ.פ.ח. שאביט,IL,סלמי צרפתי 100 גרם יחיעם,גרמים,100.00,100 גרם,false,1,22.90,22.9000,true,1,24276
7290000319704,false,כתף בקר מעושן,יושלם,,"כתף בקר מעושן לק""ג",קילוגרמים,1.00,"ק""ג",true,,119.00,119.0000,true,1,2963
7290000319728,false,"איטלקי מפולפל לק""ג",מעדני יחיעם,IL,"איטלקי מפולפל לק""ג",קילוגרמים,1.00,"ק""ג",true,,59.00,59.0000,true,1,101841
7290000319803,false,קבנוס קלאסי 125 גרם,מעדני יחיעם (1993) ב,IL,"יחיעם, קבנוס קלאסי 125 גרם",גרמים,125.00,100 גרם,false,1,12.90,10.3200,true,1,108867
7290000319834,false,קבנוס פפרוני קלאסי 1,מעדני יחיעם (1993) ב,IL,"יחיעם, קבנוס פפרוני , 125 גרם",גרמים,125.00,100 גרם,false,1,12.90,10.3200,true,1,108242
7290000319971,false,צלעות בקר על האש,יושלם,,"צלעות בקר על האש לק""ג",קילוגרמים,1.00,"ק""ג",true,,119.00,119.0000,true,1,92410
7290000327020,false,פפסי פחית צרה 330 שי,פפסיקו ניורק,IL,פפסי פחית צרה 330 שישייה,ליטרים,1.98,ליטר,false,6,22.90,11.5657,true,1,158113
7290000327037,false,מירינדה פחית צרה 330,פפסיקו ניורק,IL,מירינדה פחית צרה 330 שישייה,ליטרים,1.98,ליטר,false,6,22.90,11.5657,true,1,158112
7290000327044,false,סבן אפ פחית צרה 330,פפסיקו ניורק,IL,סבן אפ פחית צרה 330 שיישיה,ליטרים,1.98,ליטר,false,6,22.90,11.5657,true,1,158114
7290000334745,false,אמריקן ציפס,,IL,תפוגן אמריקן צ'יפס 6*1.5קג,קילוגרמים,1.50,"ק""ג",false,1,26.90,17.9333,true,1,16336
7290000336053,false,סיידר הגליל תרכיז טב,"טמפו משקאות בע""מ",IL,סיידר תרכיז 330 בקבוק,מיליליטרים,330.00,"100 מ""ל",false,1,13.60,4.1212,true,1,3150
7290000336282,false,סיידר הגליל תפוח צלו,טמפו משקאות בעמ,IL,סיידר תפוח צלול 330 בקבוק,מיליליטרים,330.00,"100 מ""ל",false,1,8.50,2.5758,true,1,13322
7290000339191,false,אבקת הלבנה רן,זהר דליה,IL,אבקת הלבנה רן מלבין ומחטא כביסה ללא כלור בדין,גרמים,350.00,100 גרם,false,1,22.70,6.4857,true,1,3177
7290000339566,false,מרכך כביסה בדין ורוד,יוניליור ישראל טיפוח,IL,מרכך כביסה בדין ורוד,ליטרים,4.00,ליטר,false,1,24.90,6.2250,true,1,3180
7290000341071,false,מרכך כביסה בייבי בדי,יוניליוור ישראל טיפו,IL,בדין  מרכך כביסה בייבי 2 ליטר,ליטרים,2.00,ליטר,false,1,20.70,10.3500,true,1,3199
7290000342856,false,מרכך כביסה בדין כחול,יוניליור ישראל טיפוח,IL,מרכך כביסה בדין כחול,ליטרים,4.00,ליטר,false,1,24.90,6.2250,true,1,3217
7290000345055,false,תה עלים ארל גריי קופ,מולינו ניקולי s.p.a,IL,ארל גריי 100גרם,גרמים,100.00,100 גרם,false,1,14.90,14.9000,true,1,3244
7290000345208,false,תה קלאסיק 1 גרם 25 ש,ויסוצקי,IL,-25/1תה מעודן,גרמים,25.00,100 גרם,false,1,8.40,33.6000,true,1,3259
7290000345215,false,תה קלאסיק כחול 1 גרם,תה ויסוצקי,IL,תה קלאסיק כחול 1 גרם 100 שקיקים,גרמים,100.00,100 גרם,false,1,22.90,22.9000,true,1,3260
7290000345260,false,תה קלאסיק 1.5 גרם,מולינו ניקולי s.p.a,IL,תה קלאסיק 1.5 גרם 25 שקיקים,גרמים,37.00,100 גרם,false,1,8.10,21.8919,true,1,3261
7290000345277,false,תה קלאסיק50 שקיקים,מולינו ניקולי s.p.a,IL,50/1.5במעטפה,גרמים,75.00,100 גרם,false,1,15.90,21.2000,true,1,3262
7290000345284,false,תה קלאסיק  100שקיקים,מולינו ניקולי s.p.a,IL,100/1.5במעטפה,יחידה,1.00,יחידה,false,1,17.90,17.9000,true,1,3263
7290000345291,false,תה ארל גריי 1.5 גרם,ויסוצקי,IL,ארל גריי TEAR TAPE - 25,גרמים,38.00,100 גרם,false,1,17.70,46.5789,true,1,3264
7290000345307,false,תה ארל גריי 1.5 גרם,תה ויסוצקי,IL,50/1.5א.ג - TEAR TAPE,גרמים,75.00,100 גרם,false,1,29.90,39.8667,true,1,3265
7290000345536,false,תה נענע ויסוצקי  25,מולינו ניקולי s.p.a,IL,תה נענע,גרמים,37.00,100 גרם,false,1,18.90,51.0811,true,1,3268
7290000346021,false,הגן הקסום חליטת קמומ,בית ויסוצקי,IL,הגן הקסום חליטת קמומיל בבונג 50  75 גר,גרמים,75.00,100 גרם,false,1,33.90,45.2000,true,1,18772
7290000346120,false,חליטת תה צמחים קינמו,HIQ FOOD PRODUCTS,IL,קסם הקינמון-הגן הקסום,גרמים,62.00,100 גרם,false,1,19.90,32.0968,true,1,3287
7290000346137,false,חליטת תה צמחים הילול,HIQ FOOD PRODUCTS,IL,"הילולי פירות-""הגן הקסום """,גרמים,62.00,100 גרם,false,1,19.90,32.0968,true,1,3288
7290000346144,false,חליטת עינוגי התפוח,HIQ FOOD PRODUCTS,IL,"עינוגי התפוח-""הגן הקסום """,גרמים,67.00,100 גרם,false,1,19.90,29.7015,true,1,3289
7290000346168,false,חליטת שומר גן הקסום,HIQ FOOD PRODUCTS,IL,חליטת שומר - הגן הקסום,גרמים,37.00,100 גרם,false,1,19.90,53.7838,true,1,24413
7290000346199,false,חליטת תה צמחים פירות,HIQ FOOD PRODUCTS,IL,"פירות היער-""הגן הקסום """,גרמים,67.00,100 גרם,false,1,19.90,29.7015,true,1,3291
7290000346205,false,חליטת תה צמחים קמומי,HIQ FOOD PRODUCTS,IL,"קמומיל-""הגן הקסוםC24 ?",גרמים,37.00,100 גרם,false,1,19.90,53.7838,true,1,3292
7290000346212,false,חליטת צמחים מנטה,HIQ FOOD PRODUCTS,IL,"מנטה-""הגן הקסום """,גרמים,50.00,100 גרם,false,1,19.90,39.8000,true,1,3293
7290000346236,false,חליטת צמחים לואיזה,ויסוצקי,IL,"לואיזה (ורבנה)""גן-קסום """,גרמים,50.00,100 גרם,false,1,19.90,39.8000,true,1,46992
7290000346960,false,תה נענע,ארזינא,IL,"ויסוצקי תה נענע , אריזה משפחתית 85 גרם",גרמים,75.00,100 גרם,false,1,31.90,42.5333,true,1,3315
7290000347738,false,תה ירוק נענע 25 שקיק,HIQ FOOD PRODUCTS,IL,תה ירוק עם נענע T.T,גרמים,37.00,100 גרם,false,1,25.90,70.0000,true,1,3319
7290000347752,false,תה ירוק לימונית ולוא,ויסוצקי,IL,תה ירוק עם לימונית/לואיזה T.T,גרמים,37.00,100 גרם,false,1,25.90,70.0000,true,1,3321
7290000363011,false,סלמי קוניאק מובחר,הנסיך- מפעל לייצור ט,IL,"טירת צבי, סלמי קוניאק ק""ג",קילוגרמים,1.00,"ק""ג",true,,87.00,87.0000,true,1,3455
7290000363202,false,נקניק גליל,הנסיך- מפעל לייצור ט,IL,סלמי גליל מעושן נקניק מעושן חצי יבש 600 גרם,גרמים,600.00,100 גרם,false,1,38.90,6.4833,true,1,3457
7290000363363,false,קבנוס מיוחד 160 גרם,הנסיך- מפעל לייצור ט,IL,טירת צבי קבנוס נקניק מעושן יבש 160 גרם,גרמים,160.00,100 גרם,false,1,15.90,9.9375,true,1,3458
7290000363400,false,פפרוני,הנסיך- מפעל לייצור ט,IL,"טירת צבי, סלמי פפרוני ק""ג",קילוגרמים,1.00,"ק""ג",true,,87.00,87.0000,true,1,90781
7290000363462,false,סלמי מעושן איטלקי,טירת צבי,,"סלמי מעושן איטלקי לק""ג",קילוגרמים,1.00,"ק""ג",true,,87.00,87.0000,true,1,3461
7290000363486,false,סלמי תה,טירת צבי,,"סלמי תה לק""ג",קילוגרמים,1.00,"ק""ג",true,,59.00,59.0000,true,1,3462
7290000364261,false,דקניקים סלסולי כתף ב,הנסיך- מפעל לייצור ט,IL,דקניקים סלסולי כתף בקר 120 גרם,גרמים,120.00,100 גרם,false,1,15.90,13.2500,true,1,68011
7290000364278,false,דקניקים סלסולי סלמי,הנסיך- מפעל לייצור ט,IL,דקניקים סלסולי סלמי איטלקי משובח 120 גרם,גרמים,120.00,100 גרם,false,1,15.90,13.2500,true,1,68012
7290000364285,false,דקניקים סלסולי פסטרמ,הנסיך- מפעל לייצור ט,IL,דקניקים סלסולי פסטרמה הודו 120 גרם,גרמים,120.00,100 גרם,false,1,15.90,13.2500,true,1,68013
7290000364292,false,דקניקים סלסולי פסטרמ,הנסיך- מפעל לייצור ט,IL,דקניקים סלסולי פסטרמה גחלים 120 גרם,גרמים,120.00,100 גרם,false,1,15.90,13.2500,true,1,73085
7290000364759,false,נקניקיות קרנץ הודו,הנסיך- מפעל לייצור ט,IL,נקניקיות וינר 500 גרם,גרמים,500.00,100 גרם,false,1,19.50,3.9000,true,1,3487
7290000364803,false,נקניקיות אמריקאיות,הנסיך- מפעל לייצור ט,IL,"טירת צבי, נקניקיות בקר בסגנון אמריקאי, 500 גרם",גרמים,500.00,100 גרם,false,1,29.90,5.9800,true,1,3492
7290000364810,false,נקניקיות עגל    500,הנסיך- מפעל לייצור ט,IL,נקניקיות עגל 500 גרם,גרמים,500.00,100 גרם,false,1,31.60,6.3200,true,1,16896
7290000364858,false,נקניקיות עוף       .,הנסיך- מפעל לייצור ט,IL,"טירת צבי - נקניקיות עוף 1 ק""ג",קילוגרמים,1.00,"ק""ג",false,1,28.90,28.9000,true,1,3510
7290000364872,false,נקניקיות עוף 400 גרם,טיב טירת צבי 2000,IL,נקניקיות עוף 400 גרם,גרמים,400.00,100 גרם,false,1,13.90,3.4750,true,1,3512
7290000364957,false,נקניקיות מיני מיני 7,הנסיך- מפעל לייצור ט,IL,נקניקיות מיני מיני 700 ג,גרמים,700.00,100 גרם,false,1,28.90,4.1286,true,1,3515
7290000365046,false,כתף בקר מעושן,טירת צבי,,"כתף בקר מעושן לק""ג",קילוגרמים,1.00,"ק""ג",true,,112.00,112.0000,true,1,37816
7290000365107,false,כתף בקר מפולפל במשקל,,,כתף בקר מפולפל במשקל,קילוגרמים,1.00,"ק""ג",true,,110.00,110.0000,true,1,49129
7290000365398,false,חזה הודו בדבש,טירת צבי,,"חזה הודו בדבש לק""ג",קילוגרמים,1.00,"ק""ג",true,,79.00,79.0000,true,1,3521
7290000365909,false,פסטרמה הודו מעושנת,טירת צבי,,"פסטרמה הודו מעושנת לק""ג",קילוגרמים,1.00,"ק""ג",true,,79.00,79.0000,true,1,3526
7290000365954,false,פסטרמה על גחלים,טירת צבי,,"פסטרמה על גחלים לק""ג",קילוגרמים,1.00,"ק""ג",true,,79.00,79.0000,true,1,3527
7290000367590,false,צמד כפרי פסטרמה סלמי,טיב טירת צבי 2000,IL,צמד כפרי פסטרמה סלמי טירת צבי 800 גרם,גרמים,800.00,100 גרם,false,1,30.90,3.8625,true,1,3537
7290000369037,false,סלט קוביות בולגרית 2,מחלבות ניצן,IL,סלט קוביות בולגרית 200 גרם,גרמים,200.00,100 גרם,false,1,17.90,8.9500,true,1,124278
7290000369341,false,לבנה אבו גוש ירוק,יושלם,,"לבנה אבו גוש ירוק 1 ק""ג",קילוגרמים,1.00,"ק""ג",true,,49.00,49.0000,true,1,45746
7290000369617,false,כדורי גבינת פטה,"ניצן מותגי מזון בע""מ",,כדורי גבינת פטה בשמן 150 גרם,גרמים,150.00,100 גרם,false,1,19.70,13.1333,true,1,40324
7290000369709,false,חמאה מתובלת 100 גרם,"ניצן מותגי מזון בע""מ",,חמאה מתובלת 100 גרם,גרמים,100.00,100 גרם,false,1,13.40,13.4000,true,1,40279
7290000377209,false,בוטנים מטוגנים קליית,"ג'י אנד ג'י  בע""מ",IL,בוטנים מטוגנים קליית גת 200 גרם,גרמים,200.00,100 גרם,false,1,7.90,3.9500,true,1,15187
7290000377445,false,"חטיפי נשצ""אנס קליית",קרלו,IL,נש צ'אנס 200 גר' ב 12,גרמים,200.00,100 גרם,false,1,8.90,4.4500,true,1,15188
7290000377452,false,גרעיני אבטיח קליית ג,הדקלאים אגודת שיתופי,IL,גרעיני אבטיח שק'200 גר',גרמים,200.00,100 גרם,false,1,11.50,5.7500,true,1,12267
7290000408316,false,יוגורט דנונה 3% 200,מיוצר עי קונדיטוריית,IL,דנונה ביו  3% 200 גרם,גרמים,200.00,100 גרם,false,1,3.70,1.8500,true,1,4215
7290000408354,false,דנונה בר דגנים שוקול,"שטראוס בריאות בע""מ",IL,בר דנונה פצפוצים,גרמים,175.00,100 גרם,false,1,4.80,2.7429,true,1,4216
7290000412481,false,מנקה אסלות 00 סנו 1,סנו מפעלי ברונוס בעמ,IL,מנקה אסלות 00 סנו 1 ליטר,ליטרים,1.00,ליטר,false,1,8.90,8.9000,true,1,4272
7290000416021,false,ממרח שוקולד השחר 500,השחר העולה,IL,ממרח השחר העולה חלבי 500 גרם,גרמים,500.00,100 גרם,false,1,13.90,2.7800,true,1,4369
7290000416045,false,ממרח שוקולד השחר דלי,השחר העולה,IL,ממרח שוקולד השחר דלי1 קג,קילוגרמים,1.00,"ק""ג",false,1,25.90,25.9000,true,1,107586
7290000416106,false,נוגט בלוק 1.5 קג במש,השחר העולה תעשיות ממ,,נוגט בלוק 1.5 קג במשקל,קילוגרמים,1.00,"ק""ג",true,,55.00,55.0000,true,1,4374
7290000416618,false,ממרח שוקולד השחר 400,השחר העולה בעמ,IL,ממרח שוקולד השחר 400 גרם,גרמים,400.00,100 גרם,false,1,13.50,3.3750,true,1,4375
7290000416854,false,קקאו השחר העולה,אף.סי תבליני בגליל ב,IL,"השחר העולה, קקאו, 150 גרם",גרמים,150.00,100 גרם,false,1,11.90,7.9333,true,1,25722
7290000419893,false,קפה לנדוור טחון לבוק,מולינו ניקולי s.p.a,IL,לנדוור לבוקר טחון טורקי 100גרם,גרמים,100.00,100 גרם,false,1,8.90,8.9000,true,1,49099
7290000419909,false,קפה לנדוור בטעם אספר,מולינו ניקולי s.p.a,IL,לנדוור חזק קפה טחון טורקי 100גרם,גרמים,100.00,100 גרם,false,1,8.90,8.9000,true,1,49100
7290000420325,false,פופקורן פופ סטאר טעם,TLV צ'יף,US,"פופסטאר פופקורן למקירוגל בטעם טבעי 5 שקיות,500 גרם",גרמים,500.00,100 גרם,false,1,13.90,2.7800,true,1,4419
7290000420332,false,פופקורן פופ סטאר חמא,TLV צ'יף,US,פופקורן פופ סטאר חמאה 500 גרם,גרמים,500.00,100 גרם,false,1,13.90,2.7800,true,1,4420
7290000420417,false,שקיות אשפה 52*65 גלי,"איטיליאן פוד, אס.פי.",TH,שקיות אשפה 52*65 גלילונית 60 שקיות,לא מנהל יחידת מידה,0.00,לא מנהל יחידת מידה,false,1,21.90,0.0000,true,1,4421
7290000430102,false,קוביות קרח בשקית,אייס קיוב,,קוביות קרח בשקית,יחידה,1.00,יחידה,false,1,14.90,14.9000,true,1,15230
7290000446547,false,B&D חמאת בוטנים טבעי,בטר אנד דיפרנט,IL,B&D חמאת בוטנים טבעית 350גרם,גרמים,350.00,100 גרם,false,1,14.90,4.2571,true,1,53005
7290000449128,false,פנטסטיק לניקוי כללי,יוניליוור ישראל טיפו,IL,פנטסטיק תרכיז ניקוי רב תכליתי בניחוח לימון 4 ליטר,ליטרים,4.00,ליטר,false,1,27.60,6.9000,true,1,4699
7290000450209,false,טונה בשמן פוסידון 10,"מיוצר עי וליגר בעמ,",IL,פוסידון נתחי טונה בהירה בשמן 108 גרם,גרמים,108.00,100 גרם,false,1,5.90,5.4630,true,1,4719
7290000453019,false,שמרים טריים לאפייה ש,קדבורי,IL,שמרית שמרים טריים לאפייה 50 גרם,גרמים,50.00,100 גרם,false,1,4.90,9.8000,true,1,4730
7290000453309,false,בצק פיצה תמי ללג 280,תמי,IL,בצק פיצה תמי ללג 230גרם,גרמים,230.00,100 גרם,false,1,21.90,9.5217,true,1,155535
7290000453316,false,בצק עלים תמי ללג 280,תמי,IL,בצק עלים תמי ללג 280גרם,גרמים,280.00,100 גרם,false,1,21.90,7.8214,true,1,155534
7290000453323,false,קמח תמי עמילן חיטה ל,תמי,IL,קמח תמי עמילן חיטה ללא גלוטן 500 גרם,גרמים,500.00,100 גרם,false,1,18.90,3.7800,true,1,158252
7290000453408,false,בצק פיצה דק מצונן ומ,"פאקא תעשיות בע""מ",GR,בצק פיצה דק מצונן ומוכן לאפייה - שמרית,גרמים,150.00,100 גרם,false,1,17.90,11.9333,true,1,145650
7290000453415,false,בצק עלים מצונן ומוכן,"פאקא תעשיות בע""מ",FR,בצק עלים מצונן ומוכן לאפייה - שמרית,גרמים,150.00,100 גרם,false,1,17.90,11.9333,true,1,145648
7290000453422,false,בצק פילו מוכן לאפייה,"פאקא תעשיות בע""מ",GR,בצק פילו מוכן לאפייה - שמרית,גרמים,150.00,100 גרם,false,1,17.90,11.9333,true,1,145649
7290000453439,false,בצק פריך מתוקמצונן ו,"פאקא תעשיות בע""מ",FR,בצק פריך מתוקמצונן ומוכן לאפייה- שמרית,גרמים,150.00,100 גרם,false,1,17.90,11.9333,true,1,145647
7290000453798,false,שמרים אקטביים 500 גר,"גי' בי' רכיבים בע""מ",,שמרים אקטביים 500 גרם,גרמים,500.00,100 גרם,false,1,15.90,3.1800,true,1,114162
7290000453866,false,נטורינה קוקוס,גרונבאנג- גרונדנסק א,DK,נטורינה קוקוס לאפייה ובישול 200 גרם,גרמים,200.00,100 גרם,false,1,8.90,4.4500,true,1,128064
7290000453897,false,מרגרינה בטעם חמאה 20,גרונבאנג- גרונדנסק א,DK,מרגרינה שמרית בטעם חמאה ללא שומן מוקשה 200 גרם,גרמים,200.00,100 גרם,false,1,5.90,2.9500,true,1,114169
7290000461625,false,בייגלה שמיניות 400 ג,בייגל את בייגל מזון,IL,כעכים עם מלח בייגל בייגל,גרמים,400.00,100 גרם,false,1,11.90,2.9750,true,1,4783
7290000461656,false,בייגלה מקלות מלוחים,בייגל את בייגל מזון,IL,כעכים בצורת מקלות עם מלח בייגל בייגל,גרמים,400.00,100 גרם,false,1,11.90,2.9750,true,1,4785
7290000461700,false,בייגלה גדול גדול 400,בייגל את בייגל מזון,IL,כעכים גדולים עם מלח בייגל בייגל,גרמים,400.00,100 גרם,false,1,15.20,3.8000,true,1,4787
7290000461724,false,בייגלה גדול שומשום,אתר בייגל - Food,IL,כעכים גדולים עם שומשום בייגל בייגל -,גרמים,400.00,100 גרם,false,1,15.20,3.8000,true,1,4788
7290000461793,false,בייגלה ארוך ארוך דל,בייגל את בייגל מזון,IL,כעכים בצורת מקלות עם מלח  בייגל בייגל,גרמים,150.00,100 גרם,false,1,7.90,5.2667,true,1,4790
7290000462141,false,סחוג אדום חריף,אף.סי תבליני בגליל ב,IL,"זהבי הכרם זחוק תמני חריף, 150 גרם",גרמים,150.00,100 גרם,false,1,9.90,6.6000,true,1,57171
7290000462172,false,סחוג ירוק בצנצנת 150,אף.סי תבליני בגליל ב,IL,זחוק זהבי ירוק חריף 150 גרם,גרמים,150.00,100 גרם,false,1,9.90,6.6000,true,1,4798
7290000467320,false,חומוס אבו מרוואן מלך,לחמנו,IL,צבר חומוס אבו מרוואן 6*400גרם,גרמים,400.00,100 גרם,false,1,14.90,3.7250,true,1,98195
7290000467511,false,ביסלי ברביקיו,אסם,,ביסלי ברביקיו 55 גרם,גרמים,55.00,100 גרם,false,1,4.00,7.2727,true,1,100780
7290000467887,false,ביסלי פיצה,אסם,,ביסלי פיצה 55 גרם,גרמים,55.00,100 גרם,false,1,4.00,7.2727,true,1,100781
7290000468747,false,ביסלי גריל,אסם,,ביסלי גריל 55 גרם,גרמים,55.00,100 גרם,false,1,4.00,7.2727,true,1,100782
7290000468877,false,ביסלי בצל,אסם,,ביסלי בצל 55 גרם,גרמים,55.00,100 גרם,false,1,4.00,7.2727,true,1,100783
7290000474090,false,חלב 1% קרטון פיקוח 1,מילקו תעשיות בעמ,IL,"חלב בקרטון 1%- 1 ליטר בד""צ",ליטרים,1.00,ליטר,false,1,5.86,5.8600,true,1,4908
7290000474373,false,שמנת חמוצה      200,טרה,IL,"שמנת חמוצה  200 מ""ל בד""צ",גרמים,200.00,100 גרם,false,1,2.40,1.2000,true,1,4914
7290000474502,false,גבינה לבנה 5% פיקוח,טרה,IL,גבינה לבנה 5% פיקוח 250 גרם,גרמים,250.00,100 גרם,false,1,4.98,1.9920,true,1,4917
7290000474540,false,גבינה טוב טעם 3% 250,טרה,IL,"טרה, טוב טעם, גבינה לבנה  3% ,  250 גרם",גרמים,250.00,100 גרם,false,1,11.90,4.7600,true,1,4919
7290000480107,false,שיבולת שועל קוואקר פ,וולקרס סנקס לימיטד,,שיבולת שועל קוואקר פחית 500 גרם,גרמים,500.00,100 גרם,false,1,15.00,3.0000,true,1,4946
7290000480442,false,שיבולת שועל קוואקר ש,שטראוס גרופ,IL,שיבולת שועל קוואקר שקית 500 גרם,גרמים,500.00,100 גרם,false,1,12.90,2.5800,true,1,4951
7290000481531,false,לחמניות אצבע חיטה מל,יוניליוור גרמניה  Gm,IL,לחמניות אצבע חיטה מלאה 10 יח,גרמים,750.00,100 גרם,false,1,14.90,1.9867,true,1,101926
7290000481883,false,לחמניות אצבע בשקית 1,יוניליוור גרמניה  Gm,IL,לחמניות אצבע בשקית 10 יח,גרמים,750.00,100 גרם,false,1,14.90,1.9867,true,1,101927
7290000483139,false,מרציפן לבן 100 גרם,"המרשלג פרלינס בע""מ",IL,המרשלג מרציפן  100 גרם טבעוני,גרמים,100.00,100 גרם,false,1,9.90,9.9000,true,1,4978
7290000483412,false,קישוטי עוגה טיפטופים,המרשלג פרלינס בעמ,IL,קישוטי עוגה טיפטופים 60 גר             .,גרמים,60.00,100 גרם,false,1,14.90,24.8333,true,1,4980
7290000484747,false,עלית הארק 40% בקבוק,יקבי הגליל יוסף,,"עלית הארק 40% בקבוק 700 מ""ל",מיליליטרים,700.00,"100 מ""ל",false,1,59.90,8.5571,true,1,115423
7290000490601,false,גלידל וניל (8),פלדמן,IL,גלידל וניל (8),גרמים,400.00,100 גרם,false,1,36.90,9.2250,true,1,5091
7290000490717,false,גלית תות 8 560 גרם,פלדמן,IL,גלית תות 8 560 גרם,גרמים,560.00,100 גרם,false,1,21.90,3.9107,true,1,31194
7290000490762,false,גלידל שוקו 8,פלדמן,IL,גלידל שוקו 8,גרמים,400.00,100 גרם,false,1,36.90,9.2250,true,1,5093
7290000493176,false,רוטב צלי בשר 22 גרם,"אסם השקעות בע""מ",IL,רוטב צלי בשר 22 גרם,גרמים,22.00,100 גרם,false,1,4.50,20.4545,true,1,5112
7290000493183,false,רוטב פטריות לבשר 30,"אסם השקעות בע""מ",IL,אסם אבקת רוטב פטריות 3 12*30גרם,גרמים,30.00,100 גרם,false,1,4.90,16.3333,true,1,5113
7290000504025,false,ממתיק סוכרזית פיטריה,אף.סי תבליני בגליל ב,IL,סוכרזית קלאסי 300,גרמים,25.00,100 גרם,false,1,9.80,39.2000,true,1,5385
7290000504278,false,ממתיק סוכרזית פטנט 7,אף.סי תבליני בגליל ב,IL,ממתיק סוכרזית פטנט 700 טבליות,גרמים,57.00,100 גרם,false,1,17.90,31.4035,true,1,5389
7290000518121,false,מתוק וקל 50 שקיות,פתח תקווה,IL,ממתיק אבקה דקסטרוזה וסכרין 50 גר,יחידה,1.00,יחידה,false,1,5.50,5.5000,true,1,5460
7290000518190,false,ממתיק סטיביה מתוק וק,מתוק וקל,,מתוק וקל סטיביה 100 שקיות,יחידה,1.00,יחידה,false,1,24.90,24.9000,true,1,120338
7290000518220,false,סוכרה דיאט 100 שקיות,פתח תקווה,IL,סוכרה להמתקה לבישול ואפייה 100 יח,גרמים,100.00,100 גרם,false,1,28.90,28.9000,true,1,120339
7290000518237,false,סוכרה דיאט  100גרם,מתוק וקל בעמ,IL,סוכרה דיאט  100גרם,גרמים,100.00,100 גרם,false,1,23.90,23.9000,true,1,147414
7290000518251,false,מתוקוקל זהב 100 שק .,פתח תקווה,IL,ממתיק על בסיס אספרטיים 100 יח,יחידה,1.00,יחידה,false,1,16.90,16.9000,true,1,5466
7290000518336,false,מוש  צמר גפן מתוק מס,מתוק וקל בעמ,IL,מוש  צמר גפן מתוק מסיבים תזונתיים 10 גרם,גרמים,10.00,100 גרם,false,1,4.90,49.0000,true,1,160150
7290000518398,false,סוכרה דיאט טיפות 150,פתח תקווה,IL,סוכרה דיאט ממתיק נוזלי 150 מל,מיליליטרים,150.00,"100 מ""ל",false,1,23.90,15.9333,true,1,145804
7290000518879,false,סוכרה דיאט 250 שקיות,מתוק וקל בעמ,IL,סוכרה דיאט 250 שקיות,גרמים,200.00,100 גרם,false,1,57.90,28.9500,true,1,130392
7290000521008,false,יין של סגל אדום יבש,פארייפאבה אגרואינדוס,IL,יין אדום יבש של סגל 750 מל,מיליליטרים,750.00,"100 מ""ל",false,1,21.90,2.9200,true,1,5549
7290000521015,false,יין של סגל לבן יבש 7,פארייפאבה אגרואינדוס,IL,סגל יין לבן יבש 2016  750 מל,מיליליטרים,750.00,"100 מ""ל",false,1,21.90,2.9200,true,1,5550
7290000521022,false,יין של סגל לבן חצי י,פארייפאבה אגרואינדוס,IL,סגל לבן חצי יבש 2015 750 מל,מיליליטרים,750.00,"100 מ""ל",false,1,21.90,2.9200,true,1,5551
7290000522159,false,חלב הרים טהור 1%  1,"מחלבות רמת הגולן בע""",,חלב הרים טהור 1%  1 ליטר,ליטרים,1.00,ליטר,false,1,9.40,9.4000,true,1,84669
7290000522166,false,חלב הרים טהור 3% נטו,"מחלבות רמת הגולן בע""",,חלב הרים טהור 3% נטול לקטוז 1 ליטר,ליטרים,1.00,ליטר,false,1,10.80,10.8000,true,1,88382
7290000523125,false,מלח ים יבש 250 גרם,מולינו ניקולי s.p.a,IL,מלח הארץ מהים האדום מלח ים דק 250 גרם,גרמים,250.00,100 גרם,false,1,5.90,2.3600,true,1,5623
7290000523224,false,מלח ים יבש 500 גרם,מולינו ניקולי s.p.a,IL,מלח הארץ מהים האדום מלח ים דק,גרמים,500.00,100 גרם,false,1,7.90,1.5800,true,1,5628
7290000523514,false,מלח ים יבש מופחת נתר,חברת מלח הארץ אילת ב,IL,מלח הארץ 50% מכמות נתרן 250 גרם,גרמים,250.00,100 גרם,false,1,10.90,4.3600,true,1,5631
7290000523521,false,מלח ים הארץ מועשר בי,חברת מלח הארץ אילת ב,IL,מלח מועשר ביוד מלחיה 250 גרם,גרמים,250.00,100 גרם,false,1,5.90,2.3600,true,1,5632
7290000523804,false,מלח הים האדום דק בצנ,חברת מלח הארץ אילת ב,IL,מלח הים האדום עדין צנצנת 1 קג,קילוגרמים,1.00,"ק""ג",false,1,7.20,7.2000,true,1,49174
7290000523811,false,מלח הים האדום גס בצנ,מולינו ניקולי s.p.a,IL,מלח הים האדום גס בצנצנת 1 קג,קילוגרמים,1.00,"ק""ג",false,1,7.20,7.2000,true,1,49175
7290000525969,false,מיץ תפוזים סחוט פרימ,השחר,IL,פרימור מיץ תפוזים 1 ליטר,ליטרים,1.00,ליטר,false,1,16.00,16.0000,true,1,5645
7290000529899,false,תה וחליתות,יושלם,,תה וחליתות,קילוגרמים,0.01,"ק""ג",false,1,24.90,2490.0000,true,1,89304
7290000530024,false,תה מעושן רחב,כצט,IL,תה מעושן רחב,קילוגרמים,1.00,"ק""ג",true,,59.40,59.4000,true,1,5663
7290000530048,false,סלמי פפרוני,כצט,IL,סלמי פפרוני,קילוגרמים,1.00,"ק""ג",true,,59.40,59.4000,true,1,46527
7290000530062,false,מעושן איטלקי,כצט,IL,סלמי מעושן איטלקי,קילוגרמים,1.00,"ק""ג",true,,86.10,86.1000,true,1,5665
7290000530178,false,סלמי קוניאק,כצט,IL,סלמי קוניאק,קילוגרמים,1.00,"ק""ג",true,,95.00,95.0000,true,1,5671
7290000530291,false,נקניק מבשר הודו קטן,כצט,IL,נקניק מבשר הודו קטן 750 גרם,גרמים,750.00,100 גרם,false,1,24.60,3.2800,true,1,5675
7290000530369,false,חזה הודו מעושן גולן,כצט,IL,גולן חזה מעושן עם עור,קילוגרמים,1.00,"ק""ג",true,,89.00,89.0000,true,1,5677
7290000530413,false,המבורגר זהב זוגלובק,זוגלובק,IL,זוגלובק המבורגר זהב 400 גרם,גרמים,400.00,100 גרם,false,1,21.90,5.4750,true,1,5678
7290000530444,false,כתף בקר מעושן חצוי ז,כצט,IL,"כתף בקר מעושן חצוי זוגלובק לק""ג",קילוגרמים,1.00,"ק""ג",true,,109.00,109.0000,true,1,5680
7290000530598,false,נקניקיות וינר זוגלוב,כצט,IL,נקניקיות וינר 500 גרם זוגלובק,גרמים,500.00,100 גרם,false,1,17.90,3.5800,true,1,5684
7290000530703,false,נקניק תה מעושן +פסטר,כצט,IL,זוגלובק זוג חרמון הודו ועוף 400+סלמי תה 400 גרם,גרמים,800.00,100 גרם,false,1,31.40,3.9250,true,1,5685
7290000531410,false,פסטרממיה בדבש טהור,כצט,IL,"פסטרממיה בדבש טהור לק""ג",קילוגרמים,1.00,"ק""ג",true,,89.00,89.0000,true,1,5698
7290000531601,false,סטייק בורגר,כצט,IL,זוגלובק סטייק בורגר זהב 400 גרם,גרמים,400.00,100 גרם,false,1,21.90,5.4750,true,1,5703
7290000531977,false,בורקס גבינה 800 גרם,מאפיית גידרון,IL,בורקס גבינה 800 גרם זוגלובק,גרמים,800.00,100 גרם,false,1,18.90,2.3625,true,1,12745
7290000532400,false,ברביקיו חזה הודו,כצט,IL,ברביקיו חזה הודו מעושן צלוי לק,קילוגרמים,1.00,"ק""ג",true,,89.00,89.0000,true,1,5716
7290000533353,false,"בצק עלים 1 ק""ג זוגלו",מאפיית אריאל וגידרון,IL,"בצק עלים 1 ק""ג זוגלובק",קילוגרמים,1.00,"ק""ג",false,1,16.90,16.9000,true,1,5727
7290000533681,false,פסטרממיה מעושנת,כצט,IL,"פסטרממיה מעושנת הבית ק""ג",קילוגרמים,1.00,"ק""ג",true,,89.00,89.0000,true,1,5730
7290000534718,false,התבור חזה הודו,כצט,IL,פסטרמה תבור,קילוגרמים,1.00,"ק""ג",true,,89.00,89.0000,true,1,5739
7290000537566,false,נקניקיות עוף זגלובק,זוגלובק,IL,נקניקיות עוף זגלובק 400 גרם,גרמים,400.00,100 גרם,false,1,15.90,3.9750,true,1,5766
7290000537603,false,נקניקיות עוף,זוגלובק,IL,זוגלובק נקניקיות עוף 1 קג,קילוגרמים,1.00,"ק""ג",false,1,29.60,29.6000,true,1,5767
7290000538099,false,פסטרמה כפרית,כצט,IL,"פסטרמה כפרית לק""ג",קילוגרמים,1.00,"ק""ג",true,,89.00,89.0000,true,1,62244
7290000538709,false,תה מעושן,זוגלובק,IL,זוגלובק סלמי תה מעושן 200 גרם,Unknown,0.00,Unknown,false,1,11.50,0.0000,true,1,54932
7290000551067,false,צלי כתף מס        5,פריגוג'י/לורסינל,,"צלי כתף מס 5 ""מוכשר לק""ג",קילוגרמים,1.00,"ק""ג",true,,85.00,85.0000,true,1,25367
7290000552118,false,נקניקיות מרגז גריל 4,מולינו ניקולי s.p.a,IL,נקניקיות מרגז גריל 400 גרם,גרמים,400.00,100 גרם,false,1,23.80,5.9500,true,1,6047
7290000552194,false,קישקע 500 גרם,מולינו ניקולי s.p.a,IL,טיבון ויל קישקע קפוא 500 גרם,גרמים,500.00,100 גרם,false,1,16.90,3.3800,true,1,6050
7290000552569,false,סטייק בורגר בקר 400,"טיבון ויל אחזקות בע""",IL,סטייק בורגר בקר 400 גרם,גרמים,400.00,100 גרם,false,1,19.90,4.9750,true,1,6052
7290000552934,false,טחון הודו 500 גרם,קרלו,IL,טחון הודו 500 גרם,גרמים,500.00,100 גרם,false,1,15.90,3.1800,true,1,6055
7290000552989,false,טחון בקר מובחר 500 ג,קרלו,IL,טיבון וויל בשר עגל טחון קפוא 500 גרם,גרמים,500.00,100 גרם,false,1,29.90,5.9800,true,1,6056
7290000554006,false,גבינה קשקבלו משולשים,מחלבות גד,,גבינה קשקבלו משולשים 26% במשקל גד,קילוגרמים,1.00,"ק""ג",true,,129.00,129.0000,true,1,6059
7290000554402,false,מלבי מעדן חלב גד 170,"מיוצר ע""י קוד יצרן E",IL,מלבי מעדן חלב גד 170 גרם,גרמים,170.00,100 גרם,false,1,6.20,3.6471,true,1,6106
7290000554457,false,גבינה צפתית 5% מיני,"מחלבות גד בע""מ",IL,גד צפתית גבינה מלוחה במליחות עדינה 5% 350 גרם,גרמים,350.00,100 גרם,false,1,22.90,6.5429,true,1,6107
7290000554471,false,גבינת מוצרלה 22% צמה,"מחלבות גד בע""מ",IL,גבינת מוצרלה 22% צמה 180 גרם,גרמים,180.00,100 גרם,false,1,18.90,10.5000,true,1,6108
7290000554532,false,גבינה צפתית 5% מעודנ,הנסיך- מפעל לייצור ט,IL,גד צפתית מעודנת 5% שומן,גרמים,200.00,100 גרם,false,1,15.90,7.9500,true,1,55356
7290000554600,false,גבינת מוצרלה מגורדת,מחלבות גד בעמ,IL,גד מוצרלה מגורדת מחלב בקר 22% 300 גרם,גרמים,300.00,100 גרם,false,1,25.90,8.6333,true,1,6109
7290000554624,false,מעדן חלב 3% עם אורז,"מיוצר ע""י קוד יצרן E",IL,"ירח מתוק ,מעדן חלב עם אורז 3% , 150 גרם",גרמים,150.00,100 גרם,false,1,6.20,4.1333,true,1,6110
7290000554686,false,גבינת לאבנה 5% בשמן,מחלבות גד בעמ,IL,גד לאבנה בתוספת שמן זית וזעתר 5%,גרמים,250.00,100 גרם,false,1,15.90,6.3600,true,1,6112
7290000554792,false,גבינה בולגרית    5%,יושלם,,בולגרית 5% במשקל פח                    X,קילוגרמים,1.00,"ק""ג",true,,64.00,64.0000,true,1,6116
7290000554815,false,גבינה מוצרלה נקניק,יושלם,,גב.מוצרלה נקניק צמה גד לקג,קילוגרמים,1.00,"ק""ג",true,,87.00,87.0000,true,1,6117
7290000554822,false,גבינה ריקוטה גד 250,מחלבות גד בעמ,IL,גבינה ריקוטה גד 250 גרם,גרמים,250.00,100 גרם,false,1,15.90,6.3600,true,1,6118
7290000554839,false,גבינה מוקצפת מסקרפונ,מחלבות גד בעמ,IL,גבינה מוקצפת מסקרפונה 250 גרם גד,גרמים,250.00,100 גרם,false,1,22.90,9.1600,true,1,6119
7290000554914,false,גבינה צפתית      5%,יושלם,,גבינה צפתית 5% במשקל,קילוגרמים,1.00,"ק""ג",true,,67.00,67.0000,true,1,6122
7290000554969,false,גבינת שמנת גד 30% לק,יושלם,,גבינת שמנת גד 30% לקג,קילוגרמים,1.00,"ק""ג",true,,49.00,49.0000,true,1,6126
7290000554976,false,גבינה שמנה זיתים30%,יושלם,,גבינה שמנת זיתים במשקל              30%,קילוגרמים,1.00,"ק""ג",true,,49.00,49.0000,true,1,6127
7290000560021,false,אדג גל נגד חתכים,המאפיה של הרמן,US,200 מל גל גילוח נגד חתכים אדג,מיליליטרים,200.00,"100 מ""ל",false,1,20.90,10.4500,true,1,16544
7290000560533,false,"ג""ל גילוח אדג רגיל 2",המאפיה של הרמן,US,200 מל גל גילוח אדג בתוספת אלוורה,מיליליטרים,200.00,"100 מ""ל",false,1,17.90,8.9500,true,1,6182
7290000560540,false,"ג""ל גילוח אדג לעור ר",המאפיה של הרמן,US,אדג ג'ל גילוח לעור רגיש עם אלוורה 200 מל,מיליליטרים,200.00,"100 מ""ל",false,1,17.90,8.9500,true,1,6183
7290000560557,false,"ג""ל גילוח אדג ריכוך",אס.סי ג'ונסון ובניו,US,"ג""ל גילוח אדג ריכוך עור 200 מ""ל",מיליליטרים,200.00,"100 מ""ל",false,1,17.90,8.9500,true,1,6184
7290000571119,false,גבינה גאודה טבעי,תנובה מרכז שיתופי לש,,גבינה גאודה טבעי במשקל המחלבה,קילוגרמים,1.00,"ק""ג",true,,119.00,119.0000,true,1,6244
7290000571188,false,גבינה גאודה עיזים,תנובה מרכז שיתופי לש,,"גבינה גאודה עיזים 1 28% ק""ג המחלבה",קילוגרמים,1.00,"ק""ג",true,,169.00,169.0000,true,1,31350
7290000571232,false,גבינה גאודה פרוס 150,גבינות משק אחים מאיר,IL,גבינה גאודה פרוס המחלבה 150 גרם,גרמים,150.00,100 גרם,false,1,25.90,17.2667,true,1,15600
7290000571294,false,גבינת גאודה מעושנת,,,גבינת גאודה מעושנת במשקל המחלבה,קילוגרמים,1.00,"ק""ג",true,,119.00,119.0000,true,1,94209
7290000571300,false,גבינה גאודה מעושנת 1,גבינות משק אחים מאיר,IL,גבינה גאודה מעושנת המחלבה 150 גרם,גרמים,150.00,100 גרם,false,1,25.90,17.2667,true,1,110802
7290000571386,false,יוגורט יוגורמה מחלב,קריניציה ויטמינה אס,IL,יוגורט יוגורמה מחלב כבשים 850גרם המחלבה,גרמים,850.00,100 גרם,false,1,28.90,3.4000,true,1,6246
7290000571393,false,יוגורט יוגורמה מחלב,גבינות משק אחים מאיר,IL,המחלבה יוגורמה יוגורט מחלב כבשים 5% 140 גרם,גרמים,140.00,100 גרם,false,1,6.90,4.9286,true,1,6247
7290000571478,false,גבינה עיזים תום פרוס,גבינות משק אחים מאיר,IL,גאודה-תום פרוסה 200 גרם,גרמים,150.00,100 גרם,false,1,38.90,25.9333,true,1,68450
7290000571843,false,יוגורט יוגורמה מחלב,גבינות משק אחים מאיר,IL,המחלבה יוגורמה גביע מחלב עזים 140 גרם,גרמים,140.00,100 גרם,false,1,6.90,4.9286,true,1,110062
7290000571928,false,יוגורמה כבשים אגוזים,תנובה,IL,יוגורמה כבשים אגוזים זרעים142גרם המחלבה,גרמים,142.00,100 גרם,false,1,6.90,4.8592,true,1,149808
7290000571935,false,יוגורמה כבשים גרנולה,תנובה,IL,יוגורמה כבשים גרנולה מתוקה142גרם המחלבה,גרמים,142.00,100 גרם,false,1,6.90,4.8592,true,1,149807
7290000572055,false,חלבה-סיבים תזונתיים,,,חלבה-סיבים תזונתיים ללא סוכר  400,גרמים,400.00,100 גרם,false,1,12.90,3.2250,true,1,6248
7290000572208,false,חלבה אחוה 100 גרם,שוורצקוף& הנקל דיסלד,IL,אחוה חלוה בטעם וניל 100 גרם,גרמים,100.00,100 גרם,false,1,2.90,2.9000,true,1,6249
7290000572222,false,חלבה בלוק,שוורצקוף& הנקל דיסלד,IL,אחווה חלוה בטעם וניל 500 גרם,גרמים,500.00,100 גרם,false,1,12.90,2.5800,true,1,6250
7290000572536,false,חלבה אחוה וניל במגש,אף.סי תבליני בגליל ב,IL,אחוה חלוה בטעם וניל 400 גרם,גרמים,400.00,100 גרם,false,1,12.90,3.2250,true,1,41506
7290000572628,false,חטיף חלוה לייט וניל,שוורצקוף& הנקל דיסלד,IL,אחוה חטיפי מעדן חלוה שומשום ללא תוספת סוכר 275 גרם,גרמים,275.00,100 גרם,false,1,15.90,5.7818,true,1,6253
7290000572673,false,חלבה וניל אגוזים 12,שוורצקוף& הנקל דיסלד,IL,חלווה אחווה בקופסא *12 350 גרם,גרמים,350.00,100 גרם,false,1,15.90,4.5429,true,1,6254
7290000574035,false,לחם אחיד פרוס 750 גר,יוניליוור גרמניה  Gm,IL,לחם אחיד פרוס -דגנית,גרמים,750.00,100 גרם,false,1,7.11,0.9480,true,1,6307
7290000574141,false,לחם חיטה מלא,דגנית עין בר תעשיות,IL,לחם חיטה מלא 750 גרם,גרמים,750.00,100 גרם,false,1,13.90,1.8533,true,1,41821
7290000574172,false,לחם קל מחיטה מלאה 75,יוניליוור גרמניה  Gm,IL,לחם קל מחיטה מלאה 750 גרם,גרמים,750.00,100 גרם,false,1,14.90,1.9867,true,1,57893
7290000574455,false,לחם חיטה מלאה פלוס כ,דגנית עין בר,IL,לחם חיטה מלאה פלוס כוסמין 750 גרם,גרמים,750.00,100 גרם,false,1,14.90,1.9867,true,1,107718
7290000591797,false,שוקומצה כשר לפסח 200,יושלם,,שוקומצה כשר לפסח 200 גרם,גרמים,200.00,100 גרם,false,1,13.90,6.9500,true,1,22751
7290000604039,false,ביצים ארוזות      M,יושלם,,ביצים ארוזות                     M 1/12,Unknown,0.00,Unknown,false,1,11.15,0.0000,true,1,49301
7290000644783,false,נתחי פילה סלמון בואק,X MAK,,"נתחי פילה סלמון בואקום לק""ג",קילוגרמים,1.00,"ק""ג",true,,105.00,105.0000,true,1,70843
7290000646299,false,פילה נסיכת הנילוס קפ,,ZA,פילה נסיכת הנילוס קפוא 100% דג לקג,קילוגרמים,1.00,"ק""ג",true,1,60.00,60.0000,true,1,147553
7290000652542,false,פילה אמנון קפוא 5-7,,CN,פילה אמנון קפוא 5-7  100% דג לקג,קילוגרמים,1.00,"ק""ג",true,,38.00,38.0000,true,1,147554
7290000652832,false,זוג נתחי פילה סלמון,,NO,זוג נתחי פילה סלמון קפוא ללא עור  לקג,קילוגרמים,1.00,"ק""ג",true,,110.00,110.0000,true,1,147555
7290000655376,false,פילה דניס קפוא 100%,,TR,פילה דניס קפוא 100% דג,קילוגרמים,1.00,"ק""ג",true,,89.00,89.0000,true,1,119971
7290000659312,false,פילה סלמון בואקום לק,PEQUERA DEL,,"פילה סלמון בואקום לק""ג",קילוגרמים,1.00,"ק""ג",true,,95.00,95.0000,true,1,24595
7290000662817,false,סלמון מעושן 100גרם,,צ'ילה (TDE),סלמון מעושן 100גרם,גרמים,100.00,100 גרם,false,1,21.90,21.9000,true,1,154778
7290000663036,false,פילה אמנון ללא עור 1,תנובה,IL,"פילה אמנון ללא עור 100% דג   לק""ג",קילוגרמים,1.00,"ק""ג",true,,38.00,38.0000,true,1,153205
7290000663104,false,שווארמה פרגית  300 ג,תנובה,IL,שווארמה פרגית  300 גרם,גרמים,300.00,100 גרם,false,1,37.90,12.6333,true,1,153100
7290000663128,false,רצועות ריב אנטריקוט,תנובה,IL,רצועות ריב אנטריקוט תיבול עדין 300 גרם,גרמים,300.00,100 גרם,false,1,37.90,12.6333,true,1,153099
7290000663135,false,קוביות סלמון קפוא  1,תנובה,IL,קוביות סלמון קפוא  100% דג 300גרם,גרמים,300.00,100 גרם,false,1,36.00,12.0000,true,1,155572
7290000683324,false,גבינת קממבר בקר משול,מחלבת גד,,גבינת קממבר בקר משולשים,קילוגרמים,1.00,"ק""ג",true,,118.00,118.0000,true,1,116251
7290000684246,false,גבינת גאודה משולשים,מחלבת גד,,גבינת גאודה משולשים,קילוגרמים,1.00,"ק""ג",true,,115.00,115.0000,true,1,116255
7290000684345,false,פילטר בריטה שלישיה,שלישיית פילטר בריטה,,פילטר בריטה שלישיה,Unknown,0.00,Unknown,false,1,119.00,0.0000,true,1,7593
7290000685854,false,גבינה גאודה עיזים מש,מחלבת גד,,גבינה גאודה עיזים משולשים,קילוגרמים,1.00,"ק""ג",true,,140.00,140.0000,true,1,116259
7290000688084,false,מי עדן בקבוק ספורט 5,מופק ממקור בזלתי עדן,IL,"מי עדן בקבוק ספורט 500 מ""ל",מיליליטרים,500.00,"100 מ""ל",false,1,3.90,0.7800,true,1,7613
7290000688381,false,מי עדן בקבוק אישי שי,"מי עדן בע""מ",,"מי עדן בקבוק אישי שישייה  500 מ""ל",ליטרים,3.00,ליטר,false,1,12.90,4.3000,true,1,7617
7290000688466,false,מי עדן GYM בקבוק ספו,מופק ממקור בזלתי עדן,IL,"מי עדן GYM בקבוק ספורט 750 מ""ל",מיליליטרים,750.00,"100 מ""ל",false,1,5.20,0.6933,true,1,7618
7290000688503,false,מי עדן ספורט שישייה,"מי עדן בע""מ",,"מי עדן ספורט שישייה בקבוק 750 מ""ל",ליטרים,4.50,ליטר,false,1,19.90,4.4222,true,1,14072
7290000692203,false,לניקוי כללי איגקס,הנסיך- מפעל לייצור ט,GR,אג'קס נוזל לניקוי כללי ורצפות בניחוח לימון 2 ליטר,ליטרים,2.00,ליטר,false,1,22.90,11.4500,true,1,7704
7290000692210,false,נוזל לניקוי כללי ורצ,הנסיך- מפעל לייצור ט,GR,אג'קס נוזל לניקוי כללי ורצפות בניחוח לבנדר 2 ליטר,ליטרים,2.00,ליטר,false,1,22.90,11.4500,true,1,7705
7290000692227,false,סבון כלים פלמוליב 1,יבואן ומשווק: ש. שסט,GR,פלמוליב נוזל לניקוי כלים קלאסי 1 ליטר,ליטרים,1.00,ליטר,false,1,13.90,13.9000,true,1,7707
7290000692456,false,לניקוי חלונות אגקס,הנסיך- מפעל לייצור ט,GR,לניקוי חלונות אגקס כחול זוג,ליטרים,1.50,ליטר,false,1,22.90,15.2667,true,1,7712
7290000753485,false,"לבנה למריחה 1 ק""ג",יושלם,,"לבנה למריחה 1 ק""ג",קילוגרמים,1.00,"ק""ג",true,,35.00,35.0000,true,1,116202
7290000801476,false,אקמול7 14  פליות,טבע,,אקמול 14  קפליות,לא מנהל יחידת מידה,0.00,לא מנהל יחידת מידה,false,1,15.50,0.0000,true,1,23836
7290000802886,false,אלרין תרסיס טיפות אף,פריגו,US,"אלרין תרסיס טיפות אף 30 מ""ל מבוגרים",מיליליטרים,30.00,"100 מ""ל",false,1,32.90,109.6667,true,1,155982
7290000803067,false,אלמקס מש.שינ.לילדים,הנסיך- מפעל לייצור ט,PL,אלמקס משחת שיניים ילדים 113 מל,מיליליטרים,113.00,"100 מ""ל",false,1,15.90,14.0708,true,1,9822
7290000805597,false,בונזו סניור 7+ 3 קג,ביופט בעמ,FR,בונזו סניור 3 קג,קילוגרמים,3.00,"ק""ג",false,1,47.90,15.9667,true,1,16069
7290000805900,false,לה קט 2.85 קג עוף,ביופט בעמ,FR,לה קט עוף 2.85 קג,קילוגרמים,2.85,"ק""ג",false,1,59.90,21.0175,true,1,9849
7290000805917,false,לה-קט 2.85 קג כבד,יו פי אף,FR,לה קט גריל 2.85 קג,קילוגרמים,2.85,"ק""ג",false,1,59.90,21.0175,true,1,9850
7290000805924,false,מזון חתולים לה קט דג,פורינה,FR,לה קט מזון יבש לחתול דגי אוקיינוס 2.85 קג,קילוגרמים,2.85,"ק""ג",false,1,59.90,21.0175,true,1,9851
7290000829791,false,חלת דגנים,"גידרון תעשיות בע""מ",,חלת דגנים,יחידה,1.00,יחידה,false,1,11.90,11.9000,true,1,116357
7290000849492,false,סרקל שמפו לילדים 500,הדקלאים אגודת שיתופי,IL,"סרקל שמפו לילדים 500 מ""ל",מיליליטרים,500.00,"100 מ""ל",false,1,15.90,3.1800,true,1,10354
7290000850160,false,נורופן לילדים תרחיף,רקיט בנקיזר,,"נורופן לילדים תרחיף בטעם תפוז 100 מ""ל",מיליליטרים,100.00,"100 מ""ל",false,1,24.90,24.9000,true,1,80004
7290000907772,false,בושה צרפתי,VERNUIL,,בושה צרפתי,קילוגרמים,1.00,"ק""ג",true,,145.00,145.0000,true,1,119170
7290000940571,false,סחוג תימני ירוק,"סלטי שמיר 2006 בע""מ",,סחוג תימני ירוק 3 קג,קילוגרמים,1.00,"ק""ג",true,,32.00,32.0000,true,1,53868
7290000961613,false,חסה צבעונית ארוזה,חקלאי,IL,חסה צבעונית ארוזה,גרמים,400.00,100 גרם,false,1,7.90,1.9750,true,1,28945
7290000989891,false,סלט בתוספת קוביות מע,גבינות ניצן,,סלט בתוספת קוביות מעדן פטה משק,קילוגרמים,1.00,"ק""ג",true,,72.90,72.9000,true,1,116209
7290000997124,false,גבינה מאסדם הולנדית,בל,,"גבינה מאסדם הולנדית 1 ק""ג",קילוגרמים,1.00,"ק""ג",true,,90.00,90.0000,true,1,116263
7290001019061,false,רוסטביף פרוס לה דליק,לה דליקטס ארט,IL,רוסטביף פרוס לה דליקטס 150 גרם,גרמים,150.00,100 גרם,false,1,34.90,23.2667,true,1,155154
7290001019078,false,סלמי קרקובר לה דליקס,לה דליקטס ארט,IL,סלמי קרקובר לה דליקסט  150 גרם,גרמים,150.00,100 גרם,false,1,26.90,17.9333,true,1,155156
7290001019368,false,שיפונד פרוס לה דליקט,לה דליקטס ארט,IL,שיפונד פרוס לה דליקטס 100 גרם,גרמים,100.00,100 גרם,false,1,37.90,37.9000,true,1,155153
7290001019757,false,מיקס נקניקים דליקטס,מונטה קרלו,IL,מיקס נקניקים דליקטס דליקטס 100 גרם,גרמים,100.00,100 גרם,false,1,36.90,36.9000,true,1,160256
7290001019917,false,אנטריקוט פרוס לה דלי,לה דליקטס ארט,IL,אנטריקוט פרוס לה דליקטס 100 גרם,גרמים,100.00,100 גרם,false,1,37.90,37.9000,true,1,155147
7290001019924,false,נקניק צרפתי לה דליקט,לה דליקטס ארט,IL,נקניק צרפתי לה דליקטס 100 גרם,גרמים,100.00,100 גרם,false,1,37.90,37.9000,true,1,155148
7290001019955,false,נקניק רוזט לה  דליקט,לה דליקטס ארט,IL,נקניק רוזט לה  דליקטס 100 גרם,גרמים,100.00,100 גרם,false,1,37.90,37.9000,true,1,155368
7290001019962,false,כופה איטלקית לה דליק,לה דליקטס ארט,IL,כופה איטלקית לה דליקטס 100 גרם,גרמים,100.00,100 גרם,false,1,37.90,37.9000,true,1,155151
7290001041123,false,שקדים מולבנים פרוסים,מיה,IL,שקדים מולבנים פרוסים  מיה 100 גרם,גרמים,100.00,100 גרם,false,1,11.90,11.9000,true,1,160073
7290001041147,false,חומוס גדול  מיה 1 קג,מיה,IL,חומוס גדול  מיה 1 קג,קילוגרמים,1.00,"ק""ג",false,1,11.90,11.9000,true,1,160060
7290001041161,false,שעועית לבנה  מיה 1 ק,מיה,IL,שעועית לבנה  מיה 1 קג,קילוגרמים,1.00,"ק""ג",false,1,17.90,17.9000,true,1,160061
7290001041178,false,אפונה ירוקה  מיה 1 ק,מיה,IL,אפונה ירוקה  מיה 1 קג,קילוגרמים,1.00,"ק""ג",false,1,7.90,7.9000,true,1,160062
7290001041192,false,עדשים אדומות  מיה 1,מיה,IL,עדשים אדומות  מיה 1 קג,קילוגרמים,1.00,"ק""ג",false,1,11.90,11.9000,true,1,160064
7290001041208,false,עדשים ירוקות  מיה  1,מיה,IL,עדשים ירוקות  מיה  1 קג,קילוגרמים,1.00,"ק""ג",false,1,11.90,11.9000,true,1,160065
7290001041215,false,חיטה מיה 1 קג,מיה,IL,חיטה מיה 1 קג,קילוגרמים,1.00,"ק""ג",false,1,6.90,6.9000,true,1,160028
7290001041260,false,שומשום מיה 400 גרם,מיה,IL,שומשום מיה 400 גרם,גרמים,400.00,100 גרם,false,1,11.90,2.9750,true,1,160025
7290001045169,false,מיץ תפוחים צלול פרימ,השחר,IL,פרימור מיץ תפוחים 100% 1 ליטר,ליטרים,1.00,ליטר,false,1,16.00,16.0000,true,1,13334
7290001045633,false,לימון עם נענע,השחר,IL,פרימור משקה קל לימונים ונענע 400 מל,מיליליטרים,400.00,"100 מ""ל",false,1,8.50,2.1250,true,1,13335
7290001045657,false,מיץ תפוחים צלול פרימ,השחר,IL,פרימור מיץ תפוחים 100% מיץ צלול מיוצר מרכז 400 מל,מיליליטרים,400.00,"100 מ""ל",false,1,8.50,2.1250,true,1,12167
7290001045688,false,מיץ תפוזים סחוט פרימ,השחר,IL,פרימור מיץ תפוזים סחוט 400 מל,מיליליטרים,400.00,"100 מ""ל",false,1,8.50,2.1250,true,1,13332
7290001050019,false,קמח תפוחי אדמה פירמי,,,קמח תפוחי אדמה פירמיום 500 גרם,גרמים,500.00,100 גרם,false,1,5.50,1.1000,true,1,113948
7290001121054,false,צמד חמד,מעדני יחיעם (1993) ב,IL,צמד חמד סלמי+פסטרמה 700 גר יחיעם,גרמים,700.00,100 גרם,false,1,26.90,3.8429,true,1,123
7290001121092,false,פסטרמה עוף בגריל,יושלם,,פסטרמה עוף בגריל דלת שומן,קילוגרמים,1.00,"ק""ג",true,,79.00,79.0000,true,1,124
7290001121146,false,פסטרמה הודו,יושלם,,פסטרמה הודו מעושנת קג,קילוגרמים,1.00,"ק""ג",true,,78.00,78.0000,true,1,29719
7290001121177,false,פסטרמה פרגיות על האש,יושלם,,פסטרמה עוף על האש,קילוגרמים,1.00,"ק""ג",true,,79.00,79.0000,true,1,125
7290001121238,false,קורנדביף,יחיעם,IL,יחיעם קורנד ביף 180 גרם,גרמים,180.00,100 גרם,false,1,25.90,14.3889,true,1,64229
7290001121672,false,פסטרמה מעודנת 300 גר,יחיעם,IL,פסטרמה מעודנת בפפריקה 300 גרם,גרמים,300.00,100 גרם,false,1,22.90,7.6333,true,1,100713
7290001121849,false,פסטרמה ברביקיו  יחיע,פ.פ.ח. שאביט,IL,פסטרמה ברביקיו  יחיעם 100% חומרים טבעיים,גרמים,250.00,100 גרם,false,1,25.90,10.3600,true,1,100714
7290001121979,false,סלמי הרץ 150 גרם,מעדני יחיעם (1993) ב,IL,"יחיעם, סלמי הרץ, 150 גרם",גרמים,150.00,100 גרם,false,1,25.90,17.2667,true,1,85420
7290001123775,false,שווארמה פרגיות,גוד פוד פרודקטס S.p,IL,טיבון ויל שווארמה פרגיות מוכן 500 גרם,גרמים,500.00,100 גרם,false,1,29.90,5.9800,true,1,134
7290001124536,false,תבשילמגיק אטריותבכוס,טאט הוי פוד בעמ,SG,מג'יק ארוחת נודלס בטעם תירס 70 גרם,גרמים,70.00,100 גרם,false,1,4.60,6.5714,true,1,117404
7290001133484,false,סלמון נורבגי פילה 1.,לאטי עזרא,IL,"סלמון נורבגי פילה 1.0-1.4 ק""ג - בד""ץ עדה",קילוגרמים,1.00,"ק""ג",true,,89.90,89.9000,true,1,150097
7290001136287,false,שמפו נקה 7לשיער רגיל,"קוסמופארם בעמ, ח.פ 5",IL,נקה 7 שמפו לשיער רגיל ירוק,מיליליטרים,750.00,"100 מ""ל",false,1,11.90,1.5867,true,1,208
7290001136294,false,שמפו נקה 7 יבש/צבוע,קוסמופארם בעמ,IL,נקה 7-שמפו לשיער יבש,מיליליטרים,750.00,"100 מ""ל",false,1,11.90,1.5867,true,1,209
7290001136300,false,נקה 7 שמפו לסירוק קל,אמיליה קוסמטיקס בעמ,IL,נקה 7 שמפו ומרכך 2IN1 לכל סוגי השיער 750 מל,מיליליטרים,750.00,"100 מ""ל",false,1,11.90,1.5867,true,1,210
7290001136362,false,אל סבון ארומה ירוק,מיוצר בסין.יבוא ושיו,IL,נקה 7 תחליב רחצה אלוורה ותה ירוק 1 ליטר,ליטרים,1.00,ליטר,false,1,14.90,14.9000,true,1,215
7290001136683,false,מרכך לשיער נקה    7,אמיליה קוסמטיקס בעמ,IL,"נקה 7 מרכך שיער רגיל ירוק 750 מ""ל",מיליליטרים,750.00,"100 מ""ל",false,1,11.90,1.5867,true,1,218
7290001136799,false,סבון נוזלי ארומה,"קוסמופאם בע""מ",IL,נקה תחליב 1ל' ורוד ורד יסמין,ליטרים,1.00,ליטר,false,1,14.90,14.9000,true,1,222
7290001136973,false,סבון נוזלי נקה 7 ארו,טרופיקל דגיל תעשיות,IL,נקה תחליב 1ל' לבן קמומיל,ליטרים,1.00,ליטר,false,1,14.90,14.9000,true,1,229
7290001201589,false,ביצים ארוזות      L,,,ביצים ארוזות12 יח                     L,לא מנהל יחידת מידה,0.00,לא מנהל יחידת מידה,false,1,12.05,0.0000,true,1,49295
7290001201596,false,ביצים ארוזות12 יח M,,,ביצים ארוזות12 יח                     M,לא מנהל יחידת מידה,0.00,לא מנהל יחידת מידה,false,1,11.15,0.0000,true,1,153261
7290001201824,false,אורגני L/12  ביצים,,,אורגני L/12  ביצים,יחידה,12.00,יחידה,false,1,20.90,1.7417,true,1,153263
7290001201855,false,אומגה L/12 ביצים,,,אומגה L/12 ביצים,לא מנהל יחידת מידה,0.00,לא מנהל יחידת מידה,false,1,18.90,0.0000,true,1,153265
7290001201862,false,חופש 12/L ביצים,,,חופש 12/L ביצים,לא מנהל יחידת מידה,0.00,לא מנהל יחידת מידה,false,1,19.90,0.0000,true,1,153264
7290001216040,false,טחינת אל ארז 500 גרם,דולפין ספא,IL,טחינת אל ארז 500 גרם,גרמים,500.00,100 גרם,false,1,16.90,3.3800,true,1,63601
7290001216057,false,"טחינת אל ארז 1 ק""ג",דולפין ספא,IL,טחינת אל ארז 1 קג,קילוגרמים,1.00,"ק""ג",false,1,32.90,32.9000,true,1,71633
7290001216231,false,טחינה מלאה אל ארז 50,דולפין ספא,IL,טחינה מלאה אל ארז 500 גרם,גרמים,500.00,100 גרם,false,1,17.90,3.5800,true,1,63600
7290001230331,false,סיגריות כאמל בוקס חפ,JTI,,סיגריות כאמל בוקס חפיסה בודד,יחידה,0.00,יחידה,false,1,32.00,0.0000,false,1,14556
7290001230739,false,סיגריות קאמל כחול,JTI,,סיגריות כאמל כחול חפיסה בודד,יחידה,0.00,יחידה,false,1,32.00,0.0000,false,1,20118
7290001231233,false,סיגריות וינסטון בוקס,JTI,,סיגריות וינסטון בוקס חפיסה בודד,Unknown,0.00,Unknown,false,1,34.30,0.0000,false,1,14544
7290001231932,false,סיגריות וינסטון כחול,JTI,,סיגריות וינסטון כחול בוקס חפיסה בודד,לא מנהל יחידת מידה,0.00,לא מנהל יחידת מידה,false,1,34.30,0.0000,false,1,14545
7290001246290,false,תרסיס רסס נגב טאצ 75,סאסאטק,IL,תרסיס רסס נגב טאצ 750 מל,מיליליטרים,750.00,"100 מ""ל",false,1,12.90,1.7200,true,1,53800
7290001246900,false,אקופרנד מסיר שומנים,אקופרנד,IL,אקופרנד מסיר שומנים 750 מל,מיליליטרים,750.00,"100 מ""ל",false,1,19.90,2.6533,true,1,54581
7290001246948,false,אקופרנד מלבין אל אקו,אקופרנד,IL,אקופרנד מלבין אל אקונומיקה 2 ליטר,ליטרים,2.00,ליטר,false,1,17.90,8.9500,true,1,154851
7290001246962,false,נוזל כלים 1 ליטר אקו,פ.פ.ח. שאביט,IL,אקופרינד נוזל לניקוי כלים אקולוגי 1 ליטר,ליטרים,1.00,ליטר,false,1,15.90,15.9000,true,1,146940
7290001246986,false,אקופרנד נוזל ניקוי ר,אקופרנד,IL,אקופרנד נוזל ניקוי רב תכליתי1 ליטר,ליטרים,1.00,ליטר,false,1,17.90,17.9000,true,1,150044
7290001246993,true,גל לכביסה אקופרנד 4,פ.פ.ח. שאביט,IL,אקופרינד נוזל רצפות אקולוגי 4 ליטר,ליטרים,4.00,ליטר,false,1,45.90,11.4750,true,1,124667
7290001247068,false,נקטר ספרינג תות בננה,"כד בני דרום בע""מ",IL,ספרינג קרטוניות תות בננה 1 ל',ליטרים,1.00,ליטר,false,1,8.60,8.6000,true,1,361
7290001247082,false,נקטר ספרינג עגבניות,"כד בני דרום בע""מ",IL,ספרינג קרטוניות עגבניות 1 ל',ליטרים,1.00,ליטר,false,1,8.20,8.2000,true,1,363
7290001247099,false,נקטר ספרינג מנגו קרט,"כד בני דרום בע""מ",IL,ספרינג קרטוניות מנגו 1 ל',ליטרים,1.00,ליטר,false,1,8.60,8.6000,true,1,364
7290001247112,false,נקטר ספרינג לימונענע,"כד בני דרום בע""מ",IL,ספרינג קרטוניות לימונענע 1 ל',ליטרים,1.00,ליטר,false,1,8.60,8.6000,true,1,366
7290001247129,false,נקטר ספרינג תפוזים ק,"כד בני דרום בע""מ",IL,ספרינג קרטוניות תפוזים 1 ל',ליטרים,1.00,ליטר,false,1,8.60,8.6000,true,1,367
7290001247143,false,נקטר ספרינג תפוחים ק,"כד בני דרום בע""מ",IL,ספרינג קרטוניות תפוחים 1 ל',ליטרים,1.00,ליטר,false,1,8.60,8.6000,true,1,369
7290001247723,false,נקטר ספרינג תות פחית,יפאורה תבורי בעמ,IL,"ספרינג נקטר תות בננה פחית 330 מ""ל",מיליליטרים,330.00,"100 מ""ל",false,1,5.50,1.6667,true,1,22853
7290001247730,false,נקטר ספרינג מנגו פחי,יפאורה תבורי בעמ,IL,"ספרינג נקטר מנגו פחית 330 מ""ל",מיליליטרים,330.00,"100 מ""ל",false,1,5.50,1.6667,true,1,22854
7290001258040,false,מארז רוקפור משק יעקו,משק יעקבס,IL,מארז רוקפור משק יעקובס,קילוגרמים,1.00,"ק""ג",true,,145.00,145.0000,true,1,129527
7290001258101,false,גאודה יעקבס טבעי,גבינות משק יעקבס,,גאודה יעקבס טבעי לקג,קילוגרמים,1.00,"ק""ג",true,,99.00,99.0000,true,1,52979
7290001258118,false,קממבר טבעי יעקבס לקג,גבינות משק יעקבס,,קממבר טבעי יעקבס לקג,קילוגרמים,1.00,"ק""ג",true,,99.00,99.0000,true,1,52933
7290001258217,false,לבנה עזים 1 קג,גבינות משק יעקבס,,לבנה עזים 1 קג,קילוגרמים,1.00,"ק""ג",true,,60.00,60.0000,true,1,16022
7290001258255,false,מארז גאודה משק יעקוב,משק יעקבס,IL,מארז גאודה משק יעקובס,קילוגרמים,1.00,"ק""ג",true,,105.00,105.0000,true,1,30129
7290001258262,false,מארז גאודה תיבול,משק יעקבס,IL,מארז גאודה תיבול,קילוגרמים,1.00,"ק""ג",true,,105.00,105.0000,true,1,129525
7290001258385,false,כדור מוצרלה במים,משק יעקבס,,כדור מוצרלה במים יעקבס לקג,קילוגרמים,1.00,"ק""ג",true,,89.00,89.0000,true,1,120007
7290001258415,false,גבינה רוקפור 180 גרם,בטר אנד דיפרנט,IL,גבינה רוקפור 180 גרם יעקבס,גרמים,180.00,100 גרם,false,1,26.90,14.9444,true,1,57156
7290001258446,false,משק יעקבס יוגורט כבש,גבינות משק יעקבס,IL,"משק יעקבס יוגורט כבשים 850 מ""ל",מיליליטרים,850.00,"100 מ""ל",false,1,22.90,2.6941,true,1,64507
7290001258552,false,משק יעקבס לבנה בקר 2,בטר אנד דיפרנט,IL,לאבנה 5% מחלב בקר,גרמים,250.00,100 גרם,false,1,11.90,4.7600,true,1,67482
7290001258576,false,משק יעקבס גבינה גאוד,בטר אנד דיפרנט,IL,גאודה 200 גרם,גרמים,200.00,100 גרם,false,1,23.90,11.9500,true,1,60394
7290001258583,false,מארז מנצגו משק יעקוב,פ.פ.ח. שאביט,IL,מארז מנצגו,קילוגרמים,1.00,"ק""ג",true,,149.00,149.0000,true,1,129529
7290001258590,false,מנצגו,משק יעקבס,,מנצגו,קילוגרמים,1.00,"ק""ג",true,,145.00,145.0000,true,1,110907
7290001258651,false,מארז גרוייר,משק יעקבס,IL,מארז גרוייר,קילוגרמים,1.00,"ק""ג",true,,107.00,107.0000,true,1,129532
7290001258668,false,גבינה עז מה 250 גרם,בטר אנד דיפרנט,IL,גבינה עז מה 250 גרם יעקבס,גרמים,250.00,100 גרם,false,1,15.80,6.3200,true,1,60673
7290001258682,false,"יוגורט עיזים 500 מ""ל",גבינות משק יעקבס,IL,"יוגורט עיזים 500 מ""ל יעקבס",מיליליטרים,500.00,"100 מ""ל",false,1,14.90,2.9800,true,1,50415
7290001258729,false,לאבנה עיזים יעקובס 2,בטר אנד דיפרנט,IL,לאבנה עיזים יעקובס 250גרם,גרמים,250.00,100 גרם,false,1,16.90,6.7600,true,1,60672
7290001258736,false,מארז קשקבל משק יעקוב,משק יעקבס,IL,מארז קשקבל משק יעקובס,קילוגרמים,1.00,"ק""ג",true,,145.00,145.0000,true,1,129528
7290001258774,false,מוצרלה בייבי 150 גרם,בטר אנד דיפרנט,IL,מוצרלה בייבי 150 גרם יעקבס,גרמים,150.00,100 גרם,false,1,14.50,9.6667,true,1,129522
7290001258798,false,גבינה פטה כבשים,בטר אנד דיפרנט,IL,גבינה פטה כבשים 250 גרם,גרמים,250.00,100 גרם,false,1,25.90,10.3600,true,1,83949
7290001258804,false,גבינה קשקבל צאן,גבינות משק יעקבס,IL,קשקבל 180 גרם,גרמים,180.00,100 גרם,false,1,23.90,13.2778,true,1,83950
7290001258811,false,כדורי מוצרלה בייבי,משק יעקבס,,כדורי מוצרלה בייבי לקג יעקבס,קילוגרמים,1.00,"ק""ג",true,,89.00,89.0000,true,1,88258
7290001258958,false,גבינה מוצרלה מגורדת,בטר אנד דיפרנט,IL,גבינה מוצרלה מגורדת 24% 200 גרם יעקבס,גרמים,200.00,100 גרם,false,1,24.90,12.4500,true,1,103593
7290001258972,false,משק יעקבס חלומי200 ג,בטר אנד דיפרנט,IL,חלומי 200 גרם,גרמים,200.00,100 גרם,false,1,22.90,11.4500,true,1,103594
7290001258989,false,קממבר בקר בייבי,משק יעקבס,,קממבר בקר בייבי,קילוגרמים,1.00,"ק""ג",true,,129.00,129.0000,true,1,114028
7290001265642,false,שלישיית מעדני לה קט,fidele sas,FR,לה קט מולטיפק מעדני פטה 3*400 גרם,גרמים,400.00,100 גרם,false,1,19.90,4.9750,true,1,23462
7290001274422,false,מצופה בננה 8 560 גר,פלדמן,IL,מצופה בננה 8 560 גרם,גרמים,560.00,100 גרם,false,1,27.90,4.9821,true,1,97846
7290001274934,false,גלדיל פרי לימון 8 64,פלדמן,IL,גלדיל פרי לימון 8 640 גרם,גרמים,640.00,100 גרם,false,1,25.90,4.0469,true,1,399
7290001274941,false,גלידל פרי פטל 8 640,פלדמן,IL,גלידל פרי פטל 8 640 גרם,גרמים,640.00,100 גרם,false,1,25.90,4.0469,true,1,400
7290001302194,false,ביסלי פלאפל 55 גרם,אסם,,ביסלי פלאפל 55 גרם,גרמים,55.00,100 גרם,false,1,4.00,7.2727,true,1,100776
7290001302279,false,במבה קלאסי,מיוצר עי קונדיטוריית,IL,במבה קלאסי כלפ.48*60גרם,גרמים,60.00,100 גרם,false,1,4.90,8.1667,true,1,100778
7290001305058,false,סבון נוזלי פלמוליב ח,קולגייט פלמוליב,TR,פלמוליב סבון נוזלי חלב ודבש 750 מל,מיליליטרים,500.00,"100 מ""ל",false,1,19.90,3.9800,true,1,438
7290001305188,false,סבון כלים פלמוליב לי,יבואן ומשווק: ש. שסט,GR,פלמוליב נוזל לניקוי כלים בריח לימון (כתום) 750 מל,מיליליטרים,750.00,"100 מ""ל",false,1,11.90,1.5867,true,1,441
7290001327180,false,גלידה קרמיסימו וניל,"גלידת שטראוס בע""מ",IL,גלידה קרמיסימו וניל צ'יפ 1.33 ל',ליטרים,1.33,ליטר,false,1,26.90,20.2256,true,1,456
7290001327791,false,קרמיסימו עוגיות,,IL,גלידה קרמיסימו וניל עוגיות 1.33 ל',ליטרים,1.33,ליטר,false,1,26.90,20.2256,true,1,460
7290001342183,false,סלמון אפוי על גחלים-,אלדג,IL,"סלמון אפוי על גחלים-אל דג לק""ג",קילוגרמים,1.00,"ק""ג",true,,220.00,220.0000,true,1,156220
7290001343845,false,גרנולה פירות,הנסיך- מפעל לייצור ט,MK,גרנולה פירות 1 קג,קילוגרמים,1.00,"ק""ג",false,1,32.00,32.0000,true,1,53110
7290001361009,false,עוגת טורט קייבסקי,האי נאם סי או אל.טי.,IL,עוגת טורט קייבסקי 700 גרם,גרמים,700.00,100 גרם,false,1,79.90,11.4143,true,1,505
7290001361016,false,עוגת גינגי שכבות בצק,GS עבור נטו מלינדה ס,IL,עוגת גינגי שכבות בצק דבש וקרם פטיסייר,גרמים,600.00,100 גרם,false,1,39.90,6.6500,true,1,506
7290001361054,false,פחזניות אקלרים 600 ג,אף.סי תבליני בגליל ב,IL,פחזניות אקלרים 600 גרם,גרמים,600.00,100 גרם,false,1,42.90,7.1500,true,1,508
7290001361061,false,אקלרים שוקולד 600 גר,"נטלי פלוס בע""מ",IL,אקלרים שוקולד 600 גר,גרמים,600.00,100 גרם,false,1,42.90,7.1500,true,1,156232
7290001361085,false,עוגת נפוליאון 600 גר,אף.סי תבליני בגליל ב,IL,נטלי קרם שניט נפוליאון 600 גרם,גרמים,600.00,100 גרם,false,1,42.90,7.1500,true,1,510
7290001361092,false,עוגה פיצוץ 400 גרם,יוליניבר,IL,נטלי עוגת פיצוץ 400 גרם,גרמים,400.00,100 גרם,false,1,42.90,10.7250,true,1,511
7290001361153,false,עוגה פיצוץ גדולה,,,"עוגה פיצוץ גדולה 1000 ק""ג",קילוגרמים,1.10,"ק""ג",false,1,110.00,100.0000,true,1,43329
7290001361177,false,עוגת דובדבנים,יושלם,,עוגת דובדבנים 650 ג,גרמים,650.00,100 גרם,false,1,49.90,7.6769,true,1,57100
7290001361207,false,עוגת אוכמניות,,,"עוגת אוכמניות 650 ג                    """,גרמים,650.00,100 גרם,false,1,49.90,7.6769,true,1,50471
7290001361269,false,פס קייבסקי ללא קמח 3,נטלי פלוס בעמ,IL,פס קייבסקי ללא קמח 350 גר,גרמים,350.00,100 גרם,false,1,42.90,12.2571,true,1,156233
7290001361276,false,כדורי שוקולד 400 ג,נטלי,,כדורי שוקולד 400 ג,גרמים,400.00,100 גרם,false,1,29.90,7.4750,true,1,130884
7290001361290,false,טורט מוצרט 1 קג,"נטלי פלוס בע""מ",IL,טורט מוצרט 1 קג,קילוגרמים,1.00,"ק""ג",false,1,119.00,119.0000,true,1,156248
7290001361344,false,פס מוזה 400 גר,"נטלי פלוס בע""מ",IL,פס מוזה 400 גר,גרמים,400.00,100 גרם,false,1,44.90,11.2250,true,1,156234
7290001361436,false,פס שמנת סמטניק 550 ג,נטלי פלוס בעמ,IL,פס שמנת סמטניק 550 גר,גרמים,550.00,100 גרם,false,1,44.90,8.1636,true,1,156235
7290001361450,false,עוגת מותק - ריבת חלב,,,עוגת מותק - ריבת חלב (650 גרם),גרמים,650.00,100 גרם,false,1,82.00,12.6154,true,1,59669
7290001361580,false,פס היער השחור נטלי 5,"נטלי פלוס בע""מ",IL,פס היער השחור נטלי 550 גר,גרמים,550.00,100 גרם,false,1,44.90,8.1636,true,1,156236
7290001361733,false,פס אלפחורס נטלי 550,נטלי פלוס בעמ,IL,פס אלפחורס נטלי 550 גר,גרמים,550.00,100 גרם,false,1,44.90,8.1636,true,1,156237
7290001361832,false,טורט מוזה 900 גר,"נטלי פלוס בע""מ",IL,טורט מוזה 900 גר,גרמים,900.00,100 גרם,false,1,119.00,13.2222,true,1,156238
7290001361894,false,פס טראפלס שוקולד (45,,,פס טראפלס שוקולד (450 גרם),גרמים,450.00,100 גרם,false,1,42.90,9.5333,true,1,146455
7290001361924,false,עוגת פס מוס גבינה 45,נטלי,,עוגת פס מוס גבינה 450 גרם,גרמים,450.00,100 גרם,false,1,39.90,8.8667,true,1,91319
7290001361931,false,פחזניות במילוי גבינה,האי נאם סי או אל.טי.,IL,פחזניות במילוי גבינה 350 גרם,גרמים,350.00,100 גרם,false,1,36.90,10.5429,true,1,113871
7290001361979,false,עוגת פס מוס גבינה לל,נטלי,,עוגת פס מוס גבינה ללא תוספת סוכר 450 גרם,גרמים,450.00,100 גרם,false,1,39.90,8.8667,true,1,91112
7290001407547,false,טחינה משומשום מלא פי,רושדי תעשיות מזון בע,IL,בארכה טחינה שומשום מלא פי 6 סידן 12*500ג,גרמים,500.00,100 גרם,false,1,17.90,3.5800,true,1,53709
7290001407769,false,טחינה משומשום מלא בא,רושדי תעשיות מזון בע,IL,בארכה טחינה עם שומשום מלא 12*500גרם,גרמים,500.00,100 גרם,false,1,17.90,3.5800,true,1,38205
7290001407813,false,בארכה חלבה שאמית פיס,HIQ FOOD PRODUCTS,IL,בארכה חלבה שאמית וניל עם פסטק.כלפ8*350ג,גרמים,350.00,100 גרם,false,1,15.90,4.5429,true,1,38297
7290001407820,false,בארכה חלבה שאמית קלא,רושדי תעשיות מזון בע,IL,בארכה חלבה שאמית קלאסית 350 גרם,גרמים,350.00,100 גרם,false,1,15.90,4.5429,true,1,38298
7290001407837,false,חלבה שאמית קקאו,HIQ FOOD PRODUCTS,IL,בארכה חלבה שאמית שוקו פולי קקאוכלפ8*350ג,גרמים,350.00,100 גרם,false,1,15.90,4.5429,true,1,130754
7290001407844,false,חלבה קלאסית וניל,HIQ FOOD PRODUCTS,IL,בארכה חלבה קלאסית וניל 350 גרם,גרמים,350.00,100 גרם,false,1,15.90,4.5429,true,1,38300
7290001419618,false,ופלים בלגי שוקולד על,גילרו,,ופלים בלגי שוקולד עלמה 200 גרם,גרמים,200.00,100 גרם,false,1,3.90,1.9500,true,1,68039
7290001419779,false,ופלים שוקולד עלמה 20,"גילרו בע""מ",,ופלים שוקולד עלמה 200 גרם,גרמים,200.00,100 גרם,false,1,3.90,1.9500,true,1,36902
7290001419793,false,גביעי גלידה מגולגלים,"גילרו בע""מ",,גביעי גלידה מגולגלים 12 יח,גרמים,132.00,100 גרם,false,1,11.90,9.0152,true,1,47927
7290001419892,false,ופלים לימון עלמה 200,"גילרו בע""מ",,ופלים לימון עלמה 200 גרם,גרמים,200.00,100 גרם,false,1,3.90,1.9500,true,1,49307
7290001425336,false,קרם ידיים זית   200,,,קרם ידיים זית 200,מיליליטרים,200.00,"100 מ""ל",false,1,20.90,10.4500,true,1,53088
7290001427064,false,מיץ פסיפלורה  0.5 ל,קשת מיצים טבעיים,IL,מיץ תפוחים ופסיפלורה,מיליליטרים,500.00,"100 מ""ל",false,1,16.90,3.3800,true,1,94381
7290001427095,false,מיץ סלק תפוח  0.5 ל,קשת מיצים טבעיים,IL,מיץ תפוח סלק,מיליליטרים,500.00,"100 מ""ל",false,1,16.90,3.3800,true,1,94380
7290001427118,false,מיץ תפוח  0.5 ל זכוכ,קשת מיצים טבעיים,IL,מיץ תפוחים טבעי,מיליליטרים,500.00,"100 מ""ל",false,1,16.60,3.3200,true,1,94378
7290001427132,false,מיץ רימון,קשת מיצים טבעיים,IL,רימונים טבעי,מיליליטרים,500.00,"100 מ""ל",false,1,22.90,4.5800,true,1,64678
7290001427255,false,מיץ תפוחים אורגני,"פריניב בע""מ",IL,מיץ תפוחים טבעי,ליטרים,1.00,ליטר,false,1,18.20,18.2000,true,1,95793
7290001436790,false,מרגז מיני אקסטרה חרי,יוליניבר,IL,מרגז מיני אקסטרה חריף 500 גרם,גרמים,500.00,100 גרם,false,1,29.90,5.9800,true,1,119770
7290001439029,false,נר ריחני 30,יושלם,,"מקלות ריחניים במבוק 100    מ""ל",יחידה,1.00,יחידה,false,1,30.00,30.0000,true,1,567
7290001439074,false,כדורי ליפה שלישיה,יושלם,,כדור ליפה שלישיה,יחידה,1.00,יחידה,false,1,11.90,11.9000,true,1,569
7290001439432,false,ספוג ליפה רכה,יושלם,,ספוג ליפה רכה,Unknown,0.00,Unknown,false,1,11.90,0.0000,true,1,21013
7290001439449,false,ספוג מגבת קרם,יושלם,,ספוג מגבת קרם,Unknown,0.00,Unknown,false,1,11.90,0.0000,true,1,21014
7290001461457,false,באגט רוסטיק קמח מלא,פילסברי,,באגט רוסטיק קמח מלא דגנים פילסברי,יחידה,1.00,יחידה,false,1,7.50,7.5000,true,1,130302
7290001461877,false,מאפה כיס פרלין,פילסברי,,מאפה כיס פרלין            פילסברי,קילוגרמים,1.00,"ק""ג",true,,59.90,59.9000,true,1,94915
7290001468753,false,קמח תפוח אדמה נאמן,תבליני ביטון,IL,קמח תפוח אדמה נאמן  כשלפ  500 גרם,גרמים,500.00,100 גרם,false,1,6.50,1.3000,true,1,157812
7290001476208,false,גבינה ברי משולש כבשי,יושלם,,"גבינה ברי משולש כבשים פקאן 1 ק""ג גד",קילוגרמים,1.00,"ק""ג",true,,150.00,150.0000,true,1,618
7290001482094,false,גבינת פרמזן משולשים,זנטי אס. אי לאלין,IT,גבינת פרמזן משולשים 200 גרם,גרמים,200.00,100 גרם,false,1,25.90,12.9500,true,1,70233
7290001482186,false,אננס חתוך567 גר    .,הנסיך- מפעל לייצור ט,TH,ויליפוד חתיכות אננס בסירופ קל 565 גרם,גרמים,567.00,100 גרם,false,1,5.90,1.0406,true,1,110539
7290001482384,false,לפתן אננס חתוך פתחקל,,TH,לפתן אננס חתוך פתח קל 227 גרם,גרמים,227.00,100 גרם,false,1,4.50,1.9824,true,1,55339
7290001482933,false,בסגנון גאודה מהולנד,יושלם,DE,בסגנון גאודה מהולנד אמה,קילוגרמים,1.00,"ק""ג",true,,99.90,99.9000,true,1,93771
7290001491010,false,תה ירוק יסמין 25 שקי,HIQ FOOD PRODUCTS,IL,תה ירוק עם יסמין T.T,גרמים,37.00,100 גרם,false,1,25.90,70.0000,true,1,658
7290001491096,false,תה ירוק לימונית ולוא,ויסוצקי,IL,תה ירוק לימונית ולואיזה ויסוצקי 50 יחידו,גרמים,75.00,100 גרם,false,1,46.90,62.5333,true,1,661
7290001498897,false,נר ריחני 15,מוסקו,,רימון גדול אדום,יחידה,1.00,יחידה,false,1,14.90,14.9000,true,1,16315
7290001507063,false,פתיבר אורגני,"הגביע מוצרי ופל בע""מ",IL,ביסקוויט פתי בר אורגני מקמח מלא,גרמים,200.00,100 גרם,false,1,9.90,4.9500,true,1,18495
7290001507070,false,פתיבר חרובים אורגני,"הגביע מוצרי ופל בע""מ",IL,ביסקוויט פתי בר חרובים אורגני מקמח מלא,גרמים,200.00,100 גרם,false,1,9.90,4.9500,true,1,18496
7290001507162,false,אובלטים שומשום אורגנ,אם החיטה,IL,אובלטים מקמח מלא בתוספת שומשום,גרמים,100.00,100 גרם,false,1,8.90,8.9000,true,1,18497
7290001507179,false,אובלטים קימל אורגניי,אם החיטה,IL,אובלטים מקמח מלא בתוספת קימל,גרמים,100.00,100 גרם,false,1,8.90,8.9000,true,1,18498
7290001507360,false,אובלטים כוסמין 100 ג,אם החיטה,IL,אובלטים כוסמין בתוספת שומשום,גרמים,100.00,100 גרם,false,1,12.90,12.9000,true,1,121001
7290001548011,false,טחינה ירוקה,מונטה קרלו,IL,טחינה ירוקה מונטה קרלו 250 גרם,גרמים,250.00,100 גרם,false,1,14.90,5.9600,true,1,90498
7290001548035,false,סלט טורקי  מונטה קרל,מונטה קרלו,IL,סלט טורקי  מונטה קרלו 250גרם,גרמים,250.00,100 גרם,false,1,14.90,5.9600,true,1,153312
7290001548042,false,סלט ביצים,יושלם,,סלט ביצים   מונטה קרלו 250 גרם,גרמים,250.00,100 גרם,false,,21.90,8.7600,true,1,80174
7290001548097,false,הרינג במיונז מונטה ק,מונטה קרלו,IL,הרינג במיונז מונטה קרלו 250גרם,גרמים,250.00,100 גרם,false,1,24.90,9.9600,true,1,153347
7290001548110,false,חציל סלוניקי 250גרם,יושלם,,חציל סלוניקי 250גרם,גרמים,250.00,100 גרם,false,1,16.90,6.7600,true,1,79024
7290001548134,false,כרוב לבן שום שמיר מו,מונטה קרלו,IL,כרוב לבן שום שמיר מונטה קרלו 250גרם,גרמים,250.00,100 גרם,false,1,14.90,5.9600,true,1,153304
7290001548141,false,גזר מרוקאי    250 גר,מונטה קרלו,IL,גזר מרוקאי    250 גרם,גרמים,250.00,100 גרם,false,1,14.90,5.9600,true,1,154681
7290001548202,false,סלק רצועות  מונטה קר,מונטה קרלו,IL,סלק רצועות  מונטה קרלו 250גרם,גרמים,250.00,100 גרם,false,1,14.90,5.9600,true,1,148549
7290001548226,false,סלט פטריות מקסיקני,מונטה קרלו,IL,פטריות ספרדי מונטה קרלו 250 גרם,גרמים,250.00,100 גרם,false,1,20.90,8.3600,true,1,114757
7290001548233,false,חציל מחנה יהודה  פיק,מונטה קרלו,IL,חציל מחנה יהודה  פיקנטי  250גרם,גרמים,250.00,100 גרם,false,1,16.90,6.7600,true,1,155158
7290001548271,false,כרוב לבן עם גזר  250,מונטה קרלו,IL,כרוב לבן עם גזר  250 גרם,גרמים,250.00,100 גרם,false,1,14.90,5.9600,true,1,155160
7290001548288,false,מסבחה פיקנטי מונטה ק,מונטה קרלו,IL,מסבחה פיקנטי מונטה קרלו 250גרם,גרמים,250.00,100 גרם,false,1,14.90,5.9600,true,1,153300
7290001548295,false,מטבוחה מונטה קרלו 25,מונטה קרלו,IL,מטבוחה מונטה קרלו 250גרם,גרמים,250.00,100 גרם,false,1,14.90,5.9600,true,1,153311
7290001548349,false,סלט תפוא במיונז,מונטה קרלו,IL,"תפו""א במיונז בייתי מונטה קרלו  250 גרם",גרמים,250.00,100 גרם,false,1,14.90,5.9600,true,1,81897
7290001548370,false,טבולה,מונטה קרלו,IL,טבולה  מונטה קרלו  250 גרם,גרמים,250.00,100 גרם,false,1,16.90,6.7600,true,1,78795
7290001548387,false,כרוב סיני  מונטה קרל,מונטה קרלו,IL,כרוב סיני  מונטה קרלו 250גרם,גרמים,250.00,100 גרם,false,1,14.90,5.9600,true,1,153306
7290001548400,false,חומוס זהב מונטה קרלו,מונטה קרלו,IL,חומוס זהב מונטה קרלו 250גרם,גרמים,250.00,100 גרם,false,1,14.90,5.9600,true,1,153301
7290001548431,false,סחוג ירוק מונטה קרלו,מונטה קרלו,IL,סחוג ירוק מונטה קרלו 250גרם,גרמים,250.00,100 גרם,false,1,14.90,5.9600,true,1,153316
7290001548462,false,פלפל רצועות חריף  25,מונטה קרלו,,פלפל רצועות חריף  250גרם,גרמים,250.00,100 גרם,false,1,20.90,8.3600,true,1,81070
7290001548523,false,חציל בתחמיץ  מונטה ק,,,חציל בתחמיץ  מונטה קרלו 250 גרם,גרמים,250.00,100 גרם,false,1,16.90,6.7600,true,1,153318
7290001548530,false,מסבחה פטרוזיליה מונט,מונטה קרלו,IL,מסבחה פטרוזיליה מונטה קרלו 250גרם,גרמים,250.00,100 גרם,false,1,14.90,5.9600,true,1,153302
7290001548561,false,גזר חריף בלימון מונט,מונטה קרלו,IL,גזר חריף בלימון מונטה קרלו 250 גרם,גרמים,250.00,100 גרם,false,1,14.90,5.9600,true,1,153310
7290001548592,false,טחינה עמבה  250 גרם,מונטה קרלו,IL,טחינה עמבה  250 גרם,גרמים,250.00,100 גרם,false,1,14.90,5.9600,true,1,155166
7290001548622,false,חציל טבעי פקנטי מונט,מונטה קרלו,IL,חציל טבעי פקנטי מונטה קרלו 250גרם,גרמים,250.00,100 גרם,false,1,16.90,6.7600,true,1,153298
7290001548639,false,חציל מונטה קרלו  מונ,מונטה קרלו,IL,חציל מונטה קרלו  מונטה קרלו 250גרם,גרמים,250.00,100 גרם,false,1,16.90,6.7600,true,1,81073
7290001548691,false,כרוב אדום במיונז מונ,מונטה קרלו,IL,כרוב אדום במיונז מונטה קרלו 250גרם,גרמים,250.00,100 גרם,false,1,14.90,5.9600,true,1,153305
7290001548714,false,איקרה ורודה מונטה קר,מונטה קרלו,IL,איקרה ורודה מונטה קרלו 250גרם,גרמים,250.00,100 גרם,false,1,21.90,8.7600,true,1,153349
7290001548738,false,חציל מרוקאי מונטה קר,מונטה קרלו,,חציל מרוקאי מונטה קרלו 250 גרם,גרמים,250.00,100 גרם,false,1,16.90,6.7600,true,1,82895
7290001548745,false,איקרה לבנה מונטה קרל,מונטה קרלו,IL,איקרה לבנה מונטה קרלו 250גרם,גרמים,250.00,100 גרם,false,1,21.90,8.7600,true,1,153348
7290001548752,false,טחינה לבנה מונטה קרל,מונטה קרלו,IL,טחינה לבנה מונטה קרלו 250גרם,גרמים,250.00,100 גרם,false,1,14.90,5.9600,true,1,153303
7290001548783,false,פלפל אש טוניסאי מונט,מונטה קרלו,IL,פלפל אש טוניסאי מונטה קרלו 250גרם,גרמים,250.00,100 גרם,false,1,20.90,8.3600,true,1,153313
7290001548875,false,חמוצים יפניים דלי מו,מונטה קרלו,IL,חמוצים יפניים דלי מונטה קרלו 450גרם,גרמים,450.00,100 גרם,false,1,23.90,5.3111,true,1,153308
7290001548967,false,חציל תאילנדי צילי 25,קלאס פוד,IL,חציל תאילנדי צילי 250גרם,גרמים,250.00,100 גרם,false,1,16.90,6.7600,true,1,117407
7290001548998,false,חומוס זהב  500 גרם,מונטה קרלו,IL,חומוס זהב  500 גרם,גרמים,500.00,100 גרם,false,1,20.90,4.1800,true,1,158309
7290001567760,false,פסטרמה של פעם ללא חו,יחיעם,IL,יחיעם פסטרמה של פעם 300 גרם,גרמים,300.00,100 גרם,false,1,25.90,8.6333,true,1,115076
7290001567807,false,כתף בקר מעושן יחיעם,פ.פ.ח. שאביט,IL,כתף בקר מעושן יחיעם 250 גרם,גרמים,250.00,100 גרם,false,1,28.90,11.5600,true,1,115740
7290001567814,false,סלמי מעושן איטלקי 30,יחיעם,IL,יחיעם סלמי מעושן בסגנון איטלקי 300 גרם,גרמים,300.00,100 גרם,false,1,22.90,7.6333,true,1,115080
7290001591673,false,"קניידלך מקמח תפו""א",שלושת האופים,IL,"קניידלך מקמח תפו""א  שלושת האופים 500  גר",גרמים,500.00,100 גרם,false,1,19.90,3.9800,true,1,157733
7290001591680,false,קניידלך מקמח מצה  של,שלושת האופים,IL,קניידלך מקמח מצה  שלושת האופים 500  גרם,גרמים,500.00,100 גרם,false,1,19.90,3.9800,true,1,157732
7290001594025,false,קוקה קולה קלאסי,החברה המרכזית לייצור,IL,"קוקה קולה קלאסי בקבוק 330 מ""ל",מיליליטרים,330.00,"100 מ""ל",false,1,7.00,2.1212,true,1,20502
7290001594155,false,קוקה קולה בקבוק 500,"אינסטנטה בע""מ",IL,"קוקה קולה 500 מ""ל",מיליליטרים,500.00,"100 מ""ל",false,1,7.50,1.5000,true,1,783
7290001594230,false,"סודה קינלי 250 מ""ל",החברה המרכזית לייצור,IL,"קינלי סודה 250 מ""ל",מיליליטרים,250.00,"100 מ""ל",false,1,5.90,2.3600,true,1,788
7290001594377,false,משקל פריגת תפוזים 50,מולינו ניקולי s.p.a,IL,פריגת משקה קל תפוזים 500 מל,מיליליטרים,500.00,"100 מ""ל",false,1,7.90,1.5800,true,1,789
7290001594384,false,משקל פריגת אשכוליות,מולינו ניקולי s.p.a,IL,"פריגת משק""ל אשכוליות 0.5 ליטר",מיליליטרים,500.00,"100 מ""ל",false,1,7.90,1.5800,true,1,790
7290001594391,false,משקל פריגת ענבים 500,מבשלות בירה בינלאומי,IL,"משקל פריגת ענבים 500 מ""ל",מיליליטרים,500.00,"100 מ""ל",false,1,7.90,1.5800,true,1,791
7290001594520,false,בירה טובורג 330 מל,מולינו ניקולי s.p.a,IL,"טובורג בק 330 מ""ל פקדון",מיליליטרים,330.00,"100 מ""ל",false,1,9.50,2.8788,true,1,12253
7290001594568,false,בירה קרלסברג פחית 50,מולינו ניקולי s.p.a,IL,קלסברג בירה 500 מל,מיליליטרים,500.00,"100 מ""ל",false,1,9.90,1.9800,true,1,794
7290001594575,false,בירה טובורג פחית 500,מולינו ניקולי s.p.a,IL,"טובורג רד פחית 500 מ""ל",מיליליטרים,500.00,"100 מ""ל",false,1,9.90,1.9800,true,1,795
7290001594858,false,בירה טובורג רד שישיי,קרלסברג ישראל,,"בירה טובורג רד שישייה בקבוק 330 מ""ל",ליטרים,1.98,ליטר,false,1,36.90,18.6364,true,1,801
7290001594865,false,בירה קרלסברג מארז שי,קרלסברג ישראל,,"בירה קרלסברג מארז שישייה בקבוק 330 מ""ל",ליטרים,1.98,ליטר,false,1,36.90,18.6364,true,1,802
7290001598085,false,לחם משפחתי עם דגנים,,,לחם משפחתי עם דגנים מקמח חיטה מלא,יחידה,1100.00,יחידה,false,1,13.90,0.0126,true,1,150456
7290001598276,false,לחם 7 דגנים קל קמח מ,,,לחם דגנים,יחידה,1100.00,יחידה,false,1,13.90,0.0126,true,1,150460
7290001598429,false,מארז פרנות,מאפיית יוסף ברון בעמ,IL,מארז פרנות,גרמים,520.00,100 גרם,false,1,13.90,2.6731,true,1,129944
7290001598528,false,לחם כוסמין 100% מלא,מאפיית יוסף ברון בעמ,,לחם כוסמין 100% מלא 450 גרם,גרמים,450.00,100 גרם,false,1,16.90,3.7556,true,1,122689
7290001598580,false,פיתות כוסמין 99 קלור,מאפיית יוסף ברון בעמ,,פיתות כוסמין 99 קלוריות 375 גרם,גרמים,375.00,100 גרם,false,1,16.90,4.5067,true,1,120772
7290001664407,false,שריר עגל טרי,יושלם,,שריר הזרוע מצונן,קילוגרמים,1.00,"ק""ג",true,,69.90,69.9000,true,1,54740
7290001670224,false,מלית פרג 400 גרם,"פוליבה בע""מ",IL,פוליבה מלית פרג 400 גרם,גרמים,400.00,100 גרם,false,1,13.90,3.4750,true,1,17843
7290001670408,false,להבונים בשקית 50 יחי,לחמנו,CN,נרות במעטפת מתכתית 50 יח`,Unknown,0.00,Unknown,false,1,12.90,0.0000,true,1,16027
7290001670668,false,קרחונית 12 יחידות,"איטיליאן פוד, אס.פי.",IL,הנמל שקיות להכנת קרח 12 יחידות,Unknown,0.00,Unknown,false,1,4.90,0.0000,true,1,23739
7290001670736,false,כפפות ניילון 100 יח,יבוא ושיווק: הנמל אר,IL,הנמל כפפות ניילון שקוף 100 יחידות,Unknown,0.00,Unknown,false,1,5.10,0.0000,true,1,825
7290001670873,false,צלחות עבות במיוחד 66,"איטיליאן פוד, אס.פי.",IL,צלחות עבות במיוחד 66 יחידות,קילוגרמים,1.00,"ק""ג",false,1,54.90,54.9000,true,1,12950
7290001690376,false,אמנון שלם נקי בוואקו,דלידג,IL,"אמנון שלם נקי בוואקום לק""ג",קילוגרמים,1.00,"ק""ג",true,,39.90,39.9000,true,1,156925
7290001696385,false,מיני רוגלך שוקולד,גדרון סהרון,IL,מיני רוגלך שוקולד,קילוגרמים,1.00,"ק""ג",true,,59.90,59.9000,true,1,114781
7290001696392,false,מיני חמאה,גדרון סהרון,IL,מיני חמאה,קילוגרמים,1.00,"ק""ג",true,,59.90,59.9000,true,1,114780
7290001710111,false,נקניקיות מרגז,לאטי עזרא גלם ודגים,,נקניקיות מרגז 500 גר,גרמים,500.00,100 גרם,false,1,26.90,5.3800,true,1,78461
7290001710135,false,סטייק עוף מעדני הטלה,מעדני הטלה,,"סטייק עוף מעדני הטלה לק""ג",קילוגרמים,1.00,"ק""ג",true,,29.90,29.9000,true,1,57289
7290001710159,false,"גולש עגל ארוז לק""ג",לאטי עזרא גלם ודגים,,"גולש עגל ארוז לק""ג",קילוגרמים,1.00,"ק""ג",true,,54.00,54.0000,true,1,63101
7290001710333,false,טבעות עגל ארוז ואקום,מעדני הטלה והעגל,,"טבעות עגל ארוז ואקום לק""ג",קילוגרמים,1.00,"ק""ג",true,,64.90,64.9000,true,1,85761
7290001710548,false,כנפיים עוף קפוא לקג,לאטי עזרא,,כנפיים עוף קפוא לקג,קילוגרמים,1.00,"ק""ג",true,,12.90,12.9000,true,1,83215
7290001710784,false,מיני צוריסוס 500 גר,מעדני הטלה,,"מיני צ""וריסוס 500 גר                   """,גרמים,500.00,100 גרם,false,1,29.90,5.9800,true,1,88376
7290001710814,false,טחון בקר 500 גר,מעדני הטלה,,"טחון בקר 500 גר                        """,גרמים,500.00,100 גרם,false,1,26.90,5.3800,true,1,77931
7290001710869,false,"שניצל עוף קפוא לק""ג",לאטי עזרא,,"שניצל עוף קפוא לק""ג",קילוגרמים,1.00,"ק""ג",true,,47.00,47.0000,true,1,85670
7290001713020,false,עלמה שקיות אשפה 25 י,אסיר פלסט,TR,עלמה שקיות אשפה 25 יחידות 75 85,יחידה,25.00,יחידה,false,1,7.90,0.3160,true,1,159198
7290001713105,false,עלמה נייר אפייה 50 י,קומפלקס כימיקלים,IL,עלמה נייר אפייה 50 יחידות,יחידה,50.00,יחידה,false,1,8.90,0.1780,true,1,159199
7290001713150,false,אקונומיקה קצף לניקוי,קומפלקס כימיקלים,IL,אקונומיקה קצף לניקוי לימון סנט מוריץ 1 ל,ליטרים,1.00,ליטר,false,1,12.90,12.9000,true,1,159200
7290001713167,false,קצף לניקוי 1 ליטר,קומפלקס כימיקלים,IL,קצף לניקוי 1 ליטר,ליטרים,1.00,ליטר,false,1,12.90,12.9000,true,1,159201
7290001713242,false,עלמה שקיות אשפה 25 י,אסיר פלסט,TR,עלמה שקיות אשפה 25 יחידות 75 90 עם ידית,יחידה,25.00,יחידה,false,1,12.90,0.5160,true,1,159205
7290001713358,false,עלמה שקיות אשפה עלמה,אסיר פלסט,TR,עלמה שקיות אשפה עלמה 40 יחידות 52 65 בני,יחידה,40.00,יחידה,false,1,13.90,0.3475,true,1,159207
7290001713464,false,עלמה שקיות אשפה 100,קומפלקס כימיקלים,IL,עלמה שקיות אשפה 100 יחידות 52 65 עם שרוך,יחידה,100.00,יחידה,false,1,21.90,0.2190,true,1,159908
7290001713501,false,עלמה רדיד אלומיניום,קומפלקס כימיקלים,IL,עלמה רדיד אלומיניום עלמה עבה 45 סמ 50 מ,יחידה,1.00,יחידה,false,1,38.90,38.9000,true,1,159426
7290001713662,false,מרכך כביסה מרוכז בני,טרסאן,TR,מרכך כביסה מרוכז בניחוח בית מלון רויאל 1,ליטרים,1.00,ליטר,false,1,11.90,11.9000,true,1,159209
7290001713785,false,מרכך כביסה פיור בייב,טרסאן,TR,מרכך כביסה פיור בייבי כחול  1 ליטר,ליטרים,1.00,ליטר,false,1,11.90,11.9000,true,1,159210
7290001713815,false,מרכך כביסה מרוכז בני,טרסאן,TR,מרכך כביסה מרוכז בניחוח בית מלון מפנק 1,ליטרים,1.00,ליטר,false,1,11.90,11.9000,true,1,159211
7290001713860,false,מרכך כביסה מרוכז בני,טרסאן,TR,מרכך כביסה מרוכז בניחוח בית מלון ספא 1 ל,ליטרים,1.00,ליטר,false,1,11.90,11.9000,true,1,159212
7290001713884,false,עלמה מיקרופייבר מטלי,קומפלקס כימיקלים,CN,עלמה מיקרופייבר מטליות רצפה שלישייה,יחידה,3.00,יחידה,false,1,14.90,4.9667,true,1,159213
7290001713891,false,עלמה מיקרופייבר לניק,קומפלקס כימיקלים,CN,עלמה מיקרופייבר לניקוי שיש חמישייה,יחידה,5.00,יחידה,false,1,9.90,1.9800,true,1,159214
7290001713907,false,בלנקו גל אקונומיקה ס,קומפלקס כימיקלים,IL,בלנקו גל אקונומיקה סמיכה בניחוח לימון 4,ליטרים,4.00,ליטר,false,1,13.90,3.4750,true,1,159215
7290001713921,false,אקונומיקה מבושמת סנט,קומפלקס כימיקלים,IL,אקונומיקה מבושמת סנט מוריץ 4 ליטר,ליטרים,4.00,ליטר,false,1,11.90,2.9750,true,1,159216
7290001713938,false,עלמה ניילון נצמד 150,קומפלקס כימיקלים,IL,עלמה ניילון נצמד 150 מטר,מטרים,150.00,מטר,false,1,18.90,0.1260,true,1,159427
7290001726037,false,קרואסון ביס בטעם נוג,בונזור,,"קרואסון ביס בטעם נוגט לק""ג",קילוגרמים,1.00,"ק""ג",true,,39.90,39.9000,true,1,114113
7290001778118,false,תריסר ביצים L,גליקסמן שיווק ביצים,,תריסר ביצים L12,יחידה,1.00,יחידה,false,1,12.05,12.0500,true,1,59267
7290001780428,false,גלידיאט שוקו עם סירו,המאפיה של הרמן,IL,נסטלה שלגון לייט שוקולד מאח בדצ.6 6*52ג,גרמים,312.00,100 גרם,false,1,27.90,8.9423,true,1,16723
7290001780800,false,שלגון קראנץ ליבת נוג,נגה גלידות,,שלגון קראנץ ליבת נוגט,Unknown,0.00,Unknown,false,1,10.50,0.0000,true,1,22340
7290001791349,false,אקונומיקה ריחנית פיס,"סנו מפעלי ברונוס בע""",IL,אקונומיקה ריחנית פיסגה 4 ליטר,ליטרים,4.00,ליטר,false,1,11.90,2.9750,true,1,42106
7290001791776,false,סנו די רולאון+אלוורה,קוסמופארם בעמ,IL,סנו די פלוס אלוורה כדורית 50 מל,מיליליטרים,50.00,"100 מ""ל",false,1,19.90,39.8000,true,1,41791
7290001805008,false,רביעיית פיתות,מאפיית גילי,,רביעיית פיתות,גרמים,425.00,100 גרם,false,1,11.90,2.8000,true,1,52910
7290001805039,false,רביעיית פיתות חיטה מ,מאפיית גילי,,רביעיית פיתות חיטה מלאה,גרמים,425.00,100 גרם,false,1,11.90,2.8000,true,1,53572
7290001817377,false,"חטיף צ""יטוס איקס עיג",הנסיך- מפעל לייצור ט,IL,ציטוס איקס עיגול 60 גר 40 יח,גרמים,60.00,100 גרם,false,1,3.50,5.8333,true,1,956
7290001817728,false,חטיף ציטוס כאפה,"שטראוס פריטו ליי בע""",IL,"חטיף צ""יטוס כאפה 55 גר",גרמים,55.00,100 גרם,false,1,3.50,6.3636,true,1,957
7290001865439,false,אל סבון נוזלי וניל,אף.סי תבליני בגליל ב,IL,פמילי אל סבון נוזלי בניחוח וניל טהור 1 ליטר,ליטרים,1.00,ליטר,false,1,14.90,14.9000,true,1,995
7290001865453,false,פמילי אלסבון נוזלי ל,מיוצר עי קונדיטוריית,TR,פמילי אל סבון נוזלי לבנדר ארומטי 1 ליטר,ליטרים,1.00,ליטר,false,1,14.90,14.9000,true,1,997
7290001873441,false,בלאק אנגוס בורגר,מולינו ניקולי s.p.a,IL,המבורגר BLACK ANGUS 320 גרם,גרמים,320.00,100 גרם,false,1,29.90,9.3437,true,1,148461
7290001873472,false,קבב BLACK ANGOS 320,מולינו ניקולי s.p.a,IL,קבב BLACK ANGOS 320 גרם,גרמים,320.00,100 גרם,false,1,29.90,9.3437,true,1,148573
7290001878989,false,קצוות פסטרמה,,,קצוות פסטרמה,קילוגרמים,1.00,"ק""ג",true,,45.00,45.0000,true,1,56158
7290001881224,false,אננס קפוא 300 גרם,מאמא מרי,IL,אננס קפוא 300 גרם,גרמים,300.00,100 גרם,false,1,14.90,4.9667,true,1,126213
7290001881231,false,מנגו  מאמא מרי  300,מאמא מרי,IL,מנגו  מאמא מרי  300 גרם,גרמים,300.00,100 גרם,false,1,15.90,5.3000,true,1,66942
7290001902042,false,לחם קימל,"גידרון תעשיות בע""מ",,לחם קימל,גרמים,550.00,100 גרם,false,1,10.90,1.9818,true,1,15090
7290001902059,false,לחם בצל,"גידרון תעשיות בע""מ",,לחם בצל,גרמים,550.00,100 גרם,false,1,10.90,1.9818,true,1,15091
7290001902103,false,לחם 100% קמח מלא,"גידרון תעשיות בע""מ",,לחם 100% קמח מלא,גרמים,550.00,100 גרם,false,1,10.90,1.9818,true,1,15096
7290001902110,false,לחם רוסי,"גידרון תעשיות בע""מ",,לחם רוסי,גרמים,550.00,100 גרם,false,1,10.90,1.9818,true,1,15097
7290001902301,false,חלה מתוקה קלועה,"גידרון תעשיות בע""מ",,חלה מתוקה קלועה,גרמים,560.00,100 גרם,false,1,11.90,2.1250,true,1,15103
7290001902318,false,חלה מתוקה קלועה צימו,"גידרון תעשיות בע""מ",,חלה מתוקה קלועה צימוקים-ג.דגון,גרמים,560.00,100 גרם,false,1,11.90,2.1250,true,1,13161
7290001902325,false,חלת גידרון טריה,"גידרון תעשיות בע""מ",,חלת גידרון טריה,גרמים,560.00,100 גרם,false,1,11.90,2.1250,true,1,13160
7290001902431,false,לחם שיפון,"גידרון תעשיות בע""מ",,לחם שיפון,לא מנהל יחידת מידה,0.00,לא מנהל יחידת מידה,false,1,10.90,0.0000,true,1,15107
7290001902776,false,לחמנית בריאות,"גידרון תעשיות בע""מ",,לחמנית בריאות,גרמים,150.00,100 גרם,false,1,3.90,2.6000,true,1,14575
7290001902783,false,לחמנית המבורגר,"גידרון תעשיות בע""מ",,לחמנית המבורגר,גרמים,100.00,100 גרם,false,1,2.50,2.5000,true,1,15114
7290001902912,false,לחם מרוקאי,"גידרון תעשיות בע""מ",,לחם מרוקאי,גרמים,500.00,100 גרם,false,1,12.90,2.5800,true,1,15117
7290001946879,false,חזרת 250 גר,,,חזרת 250 גר,גרמים,250.00,100 גרם,false,1,12.90,5.1600,true,1,90081
7290001989449,false,גזר מרוקאי-שמיר 3 קג,"סלטי שמיר 2006 בע""מ",IL,גזר מרוקאי-שמיר 3 קג,קילוגרמים,1.00,"ק""ג",true,,35.00,35.0000,true,1,113038
7290001990117,false,שומשום סוגת 100 גרם,"סוגת תעשיות בע""מ",IL,שומשום 100 גר',גרמים,100.00,100 גרם,false,1,4.20,4.2000,true,1,41844
7290001990148,false,סוכר גולדן קלאסי סוג,האי נאם סי או אל.טי.,IL,סוכר גולדן קלאסי צנצנת 1 קג,קילוגרמים,1.00,"ק""ג",false,1,11.50,11.5000,true,1,16443
7290002000136,false,שעווה למיקרו מגע משי,המאפיה של הרמן,IL,551שעווה למיקרו מגע משי הדבש 500 גרם,גרמים,500.00,100 גרם,false,1,21.70,4.3400,true,1,1146
7290002000143,false,"קרם ידיים פנג""ל קלאס",מיוצר עי קונדיטוריית,IL,פנג'ל קרם ידיים קלאסיק 80 מל,מיליליטרים,80.00,"100 מ""ל",false,1,8.80,11.0000,true,1,1147
7290002000266,false,שעווה למיקרו התפוח,המאפיה של הרמן,IL,מגע המשי התפוח- שעווה לחימום במיקרוגל 500 גרם,גרמים,500.00,100 גרם,false,1,21.70,4.3400,true,1,1148
7290002002635,false,שעווה מגע משי לפנים,"ש. שוורץ (ב""ש) בע""מ",IL,שעווה מגע משי הדבש -לפנים,גרמים,80.00,100 גרם,false,1,15.90,19.8750,true,1,1172
7290002002857,false,נייר להסרת שיער50 יח,"איטיליאן פוד, אס.פי.",IL,נייר מגע המשי להסרת שיער 50 יח,יחידה,1.00,יחידה,false,1,21.90,21.9000,true,1,1173
7290002007180,false,קמח תירס 500 ג הנמל,הנמל אריזות ושיווק ב,IL,הנמל קמח תירס 500 גר' - מרובע,גרמים,500.00,100 גרם,false,1,5.90,1.1800,true,1,54297
7290002007302,false,מזרה לעוגה צבע אחיד,הנמל,,סוכריות מזרה לעוגה אחיד,Unknown,0.00,Unknown,false,1,5.50,0.0000,true,1,1183
7290002007395,false,דובדבן מסוכר הנמל 10,פוליבה בעמ,IL,הנמל דובדבנים מסוכרים 100 גרם,גרמים,100.00,100 גרם,false,1,8.50,8.5000,true,1,1185
7290002007487,false,צמר פלדה 100 גרם,"איטיליאן פוד, אס.פי.",IL,הנמל צמר פלדה 100 גרם,יחידה,1.00,יחידה,false,1,4.90,4.9000,true,1,62818
7290002007500,false,קסמים חבית 500 יחידו,"איטיליאן פוד, אס.פי.",IL,קסמים חבית 500 יחידות,לא מנהל יחידת מידה,0.00,לא מנהל יחידת מידה,false,1,4.90,0.0000,true,1,1188
7290002007623,false,כוסות ליין 50 יחידות,"איטיליאן פוד, אס.פי.",IL,הנמל כוסות יין 50 יחידות,לא מנהל יחידת מידה,0.00,לא מנהל יחידת מידה,false,1,5.90,0.0000,true,1,16353
7290002007746,false,צבע מאכל כחול,הנמל אריזות ושיווק ב,IL,הנמל צבע מאכל כחול 55 מל,יחידה,1.00,יחידה,false,1,3.90,3.9000,true,1,59783
7290002007821,false,"צבע מאכל אדום 55 מ""ל",ממתקי עלה ייצור שיוו,IL,"צבע מאכל אדום 55 מ""ל",מיליליטרים,55.00,"100 מ""ל",false,1,3.90,7.0909,true,1,16241
7290002007852,false,תמצית אפיה וניל 55 מ,ממתקי עלה יצור ושיוו,IL,הנמל תמצית בטעם וניל 55 מל,מיליליטרים,55.00,"100 מ""ל",false,1,3.50,6.3636,true,1,1190
7290002007890,false,כוסות חד פעמי 100 יח,,IL,כוס שתיה קרה 100 יח,יחידה,100.00,יחידה,false,1,11.90,0.1190,true,1,1192
7290002008040,false,"שיפודי עץ 30 ס""מ",הנמל אריזות ושיווק ב,IL,הנמל שיפודי במבוק 100 יחידות,Unknown,0.00,Unknown,false,1,4.50,0.0000,true,1,1194
7290002008057,false,"תמצית אפיה רום 55 מ""",ממתקי עלה יצור שיווק,IL,הנמל תמצית אפייה בטעם רום 55 מל,מיליליטרים,55.00,"100 מ""ל",false,1,3.90,7.0909,true,1,1195
7290002008071,false,גביעי נייר מס 1.5 הנ,הנמל אריזות ושיווק ב,IL,הנמל עטרות נייר אפייה מספר 2 130 יחידות,לא מנהל יחידת מידה,0.00,לא מנהל יחידת מידה,false,1,4.90,0.0000,true,1,1196
7290002008088,false,צבע מאכל צהוב,הנמל אריזות ושיווק ב,IL,הנמל צבע מאכל צהוב 55 מל,Unknown,0.00,Unknown,false,1,3.90,0.0000,true,1,66425
7290002008149,false,מדליק פחם מוצק,"איטיליאן פוד, אס.פי.",,"הנמל מדליק פחם מוצק, 40 יחידות",Unknown,0.00,Unknown,false,1,7.90,0.0000,true,1,1198
7290002008187,false,קשים מתקפלים לשתיה 4,"איטיליאן פוד, אס.פי.",CN,קשים מתקפלים לשתיה 40 יח,לא מנהל יחידת מידה,0.00,לא מנהל יחידת מידה,false,1,1.90,0.0000,true,1,1199
7290002008231,false,אציטון 100 מל,מעבדות גרינפארם,IL,אציטון 100 מל,מיליליטרים,100.00,"100 מ""ל",false,1,4.90,4.9000,true,1,85731
7290002008262,false,מצע נושם לירקות,שיווק: הנמל אריזות ו,IL,"הנמל מצע נושם לירקות ולפירות, 1 יחידות",Unknown,0.00,Unknown,false,1,12.90,0.0000,true,1,97835
7290002008309,false,גביעי נייר מס 4 הנמל,"איטיליאן פוד, אס.פי.",IL,"הנמל עטרות נייר אפייה מספר 4 , 130 יח'",לא מנהל יחידת מידה,0.00,לא מנהל יחידת מידה,false,1,5.90,0.0000,true,1,1203
7290002008354,false,מפת מגן הנמל 8יח,"איטיליאן פוד, אס.פי.",IL,הנמל מפות שולחן בגליל 8 יח',Unknown,0.00,Unknown,false,1,9.90,0.0000,true,1,16317
7290002008507,false,נייר אפיה הנמל 50 יח,"איטיליאן פוד, אס.פי.",IL,הנמל נייר אפייה 50 יח,לא מנהל יחידת מידה,0.00,לא מנהל יחידת מידה,false,1,10.90,0.0000,true,1,16445
7290002008569,false,מלבין קפה 200 גר,הנמל אריזות ושיווק ב,IL,הנמל מלבין קפה 200 גרם,גרמים,200.00,100 גרם,false,1,13.90,6.9500,true,1,57759
7290002008620,false,צבע מאכל ירוק,ממתקי עלה יצור שיווק,IL,הנמל צבע מאכל ירוק 55 גרם,Unknown,0.00,Unknown,false,1,3.90,0.0000,true,1,66426
7290002008651,false,קמח תפוח אדמה 500 גר,ר.ס. חברה ליבוא וייצ,IL,הנמל קמח תפוח אדמה 500,גרמים,500.00,100 גרם,false,1,6.90,1.3800,true,1,76341
7290002008668,false,מקלוני כותנה 200 יח`,,TR,מקלוני כותנה 200 יח` קופסא עגולה,יחידה,1.00,יחידה,false,1,4.90,4.9000,true,1,1209
7290002008750,false,אבקת אפיה הנמל  1/10,"מיוצר ע""י:ר.ס. חברה",IL,הנמל אבקת אפיה 10 יחידות,גרמים,100.00,100 גרם,false,1,2.90,2.9000,true,1,1211
7290002008835,false,מגן כיריים,מיוצר בסין.יבוא ושיו,CN,הנמל מגן כיריים אלומיניום 4 יחידות,Unknown,0.00,Unknown,false,1,5.90,0.0000,true,1,1212
7290002008934,false,סוכריות לעוגה עגול,ממתקי עלה יצור שיווק,IL,הנמל סוכריות לקישוט צבעוניות 200 גרם,גרמים,200.00,100 גרם,false,1,9.50,4.7500,true,1,1213
7290002008989,false,קש שתיה קישקשים 225,"איטיליאן פוד, אס.פי.",CN,הנמל קישקשים 225 יחידות,לא מנהל יחידת מידה,0.00,לא מנהל יחידת מידה,false,1,10.90,0.0000,true,1,15297
7290002013006,false,פסטרמה מקסיקנית,כצט,IL,פסטרמה מקסיקנית,קילוגרמים,1.00,"ק""ג",true,,89.00,89.0000,true,1,64230
7290002013037,false,פסטרמה פרגיות,כצט,IL,פסטרמה פרגיות על לבנים,קילוגרמים,1.00,"ק""ג",true,,89.00,89.0000,true,1,64231
7290002013174,false,"פסטרמה של פעם לק""ג",כצט,IL,פסטרמה של פעם,קילוגרמים,1.00,"ק""ג",true,,89.00,89.0000,true,1,97288
7290002019787,false,רסק עגבניות 22% פרי,פריניר ( הדס 1987) ב,IL,רוטב עגבניות מרוכז,גרמים,260.00,100 גרם,false,1,4.90,1.8846,true,1,1246
7290002019794,false,רסק עגבניות 22% פרי,פריניר ( הדס 1987) ב,IL,רסק עגבניות 22% פרי ניר 100 גרם,גרמים,100.00,100 גרם,false,1,2.50,2.5000,true,1,1247
7290002020189,false,מיני סופגניה עם מילו,"גידרון תעשיות בע""מ",,מיני סופגניה עם מילוי ריבה 40 גרם,גרמים,40.00,100 גרם,false,1,27.00,67.5000,true,1,49594
7290002020493,false,שבלול פילו תרד,"גידרון תעשיות בע""מ",,שבלול פילו תרד,קילוגרמים,1.00,"ק""ג",true,,49.90,49.9000,true,1,61906
7290002020981,false,סופגניה מיני ללא ריב,"גידרון תעשיות בע""מ",,מיני סופגניה ללא ריבה כ 40 גר,גרמים,40.00,100 גרם,false,1,2.90,7.2500,true,1,62161
7290002022152,false,מרשמלו כרמית 100 גרם,"כרמית מזון בע""מ",IL,מרשמלו ורוד לבן וסטהיים 100ג36X שקיות בקרטון,גרמים,100.00,100 גרם,false,1,4.90,4.9000,true,1,118548
7290002022923,false,סוכריות לקקנים תות,דורקן סקרלמה סאן. וי,TR,סוכריות על מקל בטעם תות,גרמים,450.00,100 גרם,false,1,17.90,3.9778,true,1,17935
7290002026303,false,גלידה שורטי דולצה דה,מוצרי איכות אמריקאיי,IL,"דולצ'ה דה לצ'ה 150 מ""ל - שורטי",מיליליטרים,150.00,"100 מ""ל",false,1,10.90,7.2667,true,1,1254
7290002026341,false,ציפס בטטה אריסטו קרא,האי נאם סי או אל.טי.,CA,צ'יפס אריסטו רגיל שקיות רשת,גרמים,500.00,100 גרם,false,1,16.90,3.3800,true,1,106846
7290002026358,false,ציפס בטטה קרינקל ארי,האי נאם סי או אל.טי.,CA,צ'יפס אריסטו זיג זג שקיות רשת,גרמים,500.00,100 גרם,false,1,16.90,3.3800,true,1,106845
7290002026365,false,טבעות בצל אריסטו קרא,היידי שוקולד בירונטי,BE,טבעות בצל אריסטו קראנץ 500 גרם,גרמים,500.00,100 גרם,false,1,10.90,2.1800,true,1,106844
7290002026372,false,טילון בצק עוגיות בן,המאפיה של הרמן,IL,טילון בצק עוגיות בן & גריס 100 גרם,גרמים,100.00,100 גרם,false,1,11.90,11.9000,true,1,124396
7290002026402,false,בלינצס גבינה 350 גרם,המאפיה של הרמן,IL,בלינצס גבינה חם-בראנצ,גרמים,350.00,100 גרם,false,1,13.90,3.9714,true,1,92525
7290002026440,false,פרצלס בראנץ 280 גרם,המאפיה של הרמן,IL,פרצלס בראנץ 280 גרם,גרמים,280.00,100 גרם,false,1,13.90,4.9643,true,1,91091
7290002026587,false,וופל בלגי פרווה בראנ,ביסקוטר,BE,וופל בלגי פרווה בראנץ-מיני 280גרם,גרמים,280.00,100 גרם,false,1,13.90,4.9643,true,1,151551
7290002035138,false,מקרל מעושן בוואקום,אלדג,IL,"מקרל מעושן בוואקום- אל דג לק""ג",קילוגרמים,1.00,"ק""ג",true,,105.00,105.0000,true,1,81292
7290002035169,false,פילה מקרושקה בוואקום,אלדג,IL,"פילה מקרושקה בוואקום אל דג לק""ג",קילוגרמים,1.00,"ק""ג",true,,160.00,160.0000,true,1,156224
7290002035312,false,טונה מעושנת אל דג לק,אלדג,IL,"טונה מעושנת אל דג לק""ג",קילוגרמים,1.00,"ק""ג",true,,220.00,220.0000,true,1,124527
7290002040064,false,קוסקוס דק,טרופיקל דגיל תעשיות,IL,קוסקוס דק 350 גרם,גרמים,350.00,100 גרם,false,1,5.90,1.6857,true,1,1305
7290002040071,false,קוסקוס עבה,"קוסקוס מזון בע""מ",IL,קוסקוס עבה 350 גרם,גרמים,350.00,100 גרם,false,1,5.90,1.6857,true,1,1306
7290002043065,false,פריכוני אורז חום מלא,נוהלס,BG,פריכוני אורז חום מלא בציפוי שוקו מריר70ג,גרמים,70.00,100 גרם,false,1,7.90,11.2857,true,1,151768
7290002043072,false,פריכוני אורז חום מלא,נוהלס,BG,פריכוני אורז חום מלא בציפוי שוקו חלב70ג,גרמים,70.00,100 גרם,false,1,7.90,11.2857,true,1,151769
7290002043096,false,פריכוני אורז חום מלא,נוהלס,BG,פריכוני אורז חום מלא בציפוי שוקו לבן70ג,גרמים,70.00,100 גרם,false,1,7.90,11.2857,true,1,151770
7290002043188,false,ציפס אורז חום מלא צי,נוהלס,BG,ציפס אורז חום מלא צילי חריף60גרם,גרמים,60.00,100 גרם,false,1,5.90,9.8333,true,1,151767
7290002043218,false,ציפס אורז חום מלא מל,נוהלס,BG,ציפס אורז חום מלא מלח  60גרם,גרמים,60.00,100 גרם,false,1,5.90,9.8333,true,1,151766
7290002043782,false,ציפס אורז חום מלא טק,נוהלס,BG,ציפס אורז חום מלא טקסס ברביקיו 60גרם,גרמים,60.00,100 גרם,false,1,5.90,9.8333,true,1,151765
7290002043812,false,פריכוני אורז חום מלא,נוהלס,BG,פריכוני אורז חום מלא ציה וקינואה 24גרם,גרמים,24.00,100 גרם,false,1,4.90,20.4167,true,1,151771
7290002057017,false,זיתים נובו ענק 540ג,קדבורי,IL,"קבוצת יבנה, זיתים ירוקים נובו ענק",גרמים,540.00,100 גרם,false,1,10.90,2.0185,true,1,107715
7290002057031,false,זיתים מבוקעים פיקנטי,קדבורי,IL,קבוצת יבנה זיתים מבוקעים 540 גרם,גרמים,540.00,100 גרם,false,1,8.90,1.6481,true,1,1331
7290002057048,false,זית סורי מבוקע - A2י,קדבורי,IL,זית סורי מבוקע - A2יבנה ח,גרמים,540.00,100 גרם,false,1,11.50,2.1296,true,1,1332
7290002057093,false,זית מנסנילו גדול,קדבורי,IL,זיתים מנזנילו ירוק יבנה,גרמים,540.00,100 גרם,false,1,9.90,1.8333,true,1,1335
7290002057123,false,זיתים ירוקים מנזנילו,קדבורי,IL,זיתים ירוקים מנזנילו ללא גלעין 540 יבנה,גרמים,540.00,100 גרם,false,1,9.50,1.7593,true,1,1336
7290002057147,false,זית שחור מנסולינו קב,קדבורי,IL,זית שחור מנסולינו קבוצת יבנה 540 גרם,גרמים,540.00,100 גרם,false,1,8.90,1.6481,true,1,1337
7290002057185,false,טבעות זיתים ירוקים 5,קדבורי,IL,טבעות זיתים ירוקים 540 גרם יבנה,גרמים,540.00,100 גרם,false,1,9.90,1.8333,true,1,1339
7290002057352,false,מלפפונים במלח גדול 7,קבוצת יבנה מוצרי מזו,IL,קבוצת יבנה מלפפונים גדולים במלח 560 גרם,גרמים,540.00,100 גרם,false,1,6.80,1.2593,true,1,1343
7290002057369,false,מלפפונים במלח יבנה10,קדבורי,IL,מלפפונים במלח יבנה10-12 540 גרם,גרמים,540.00,100 גרם,false,1,8.50,1.5741,true,1,1344
7290002057376,false,מלפפונים במלח קטן 13,קדבורי,IL,13-17 מלפפונים במלח קטן,גרמים,540.00,100 גרם,false,1,10.90,2.0185,true,1,1345
7290002057383,false,מלפפונים במלח קטן 18,קדבורי,IL,מלפפונים במלח קטן 18-25 540 גרם,גרמים,540.00,100 גרם,false,1,12.30,2.2778,true,1,1346
7290002057451,false,מלפפונים בחומץ גדול,אף.סי תבליני בגליל ב,IL,קבוצת יבנה מלפפונים גדולים בחומץ 7-9 גדול 560 גרם,גרמים,540.00,100 גרם,false,1,6.80,1.2593,true,1,1348
7290002057468,false,מלפפונים בחומץ יבנה1,קדבורי,IL,מלפפונים בחומץ יבנה10-12 540 גרם,גרמים,540.00,100 גרם,false,1,8.50,1.5741,true,1,15288
7290002057475,false,מלפפון קטן בחומץ 13-,קדבורי,IL,מלפפון קטן בחומץ 13-17 540גרם יבנה,גרמים,540.00,100 גרם,false,1,10.90,2.0185,true,1,15298
7290002057482,false,מלפפון בחומץA2 18-2,קדבורי,IL,מלפפון קטן בחומץ 18-25 יבנה 540גרם,גרמים,540.00,100 גרם,false,1,11.90,2.2037,true,1,15475
7290002057604,false,פלפל חריף שיפקה 540,קדבורי,IL,קבוצת יבנה פלפל חריף שיפקה 560 גרם,גרמים,540.00,100 גרם,false,1,6.30,1.1667,true,1,1349
7290002057628,false,זיתים מושחרים טבעות,קדבורי,IL,"קבוצת יבנה, זיתים מושחרים טבעות",גרמים,540.00,100 גרם,false,1,9.90,1.8333,true,1,1350
7290002057703,false,חצילים במלח,קדבורי,IL,"קבוצת יבנה, חצילים במלח",גרמים,540.00,100 גרם,false,1,6.90,1.2778,true,1,1351
7290002057734,false,זיתים מושחרים ללא גל,קדבורי,IL,זיתים מושחרים ללא גלעין 540ג יבנה ח,גרמים,540.00,100 גרם,false,1,9.90,1.8333,true,1,1352
7290002065555,false,לחמניות ארוכות 6 יח,"איטיליאן פוד, אס.פי.",IL,אנג'ל הלחמניה -450 גרם,גרמים,450.00,100 גרם,false,1,10.90,2.4222,true,1,1376
7290002065616,false,לחם שיפון גרעינים,מאפיית שלמה א. אנג'ל,IL,לחם שיפון גרעינים 750 גרם,גרמים,750.00,100 גרם,false,1,14.90,1.9867,true,1,59121
7290002075233,false,איס קונפקט קטן צנצנת,יושלם,,איס קונפקט קטן צנצנת 250 גר,גרמים,250.00,100 גרם,false,1,17.90,7.1600,true,1,1390
7290002077268,false,מיני קציצות דג,האי נאם סי או אל.טי.,IL,דלידג מיני קציצות דג לבישול 500 גרם,גרמים,500.00,100 גרם,false,1,22.50,4.5000,true,1,86859
7290002079033,false,לחם דגנים לייט,הנסיך- מפעל לייצור ט,IL,לחם דגנים לייט,גרמים,500.00,100 גרם,false,1,13.90,2.7800,true,1,1421
7290002079590,false,חלה רגילה**,מאפיית דוידוביץ,,חלה רגילה**,גרמים,0.00,100 גרם,false,1,5.17,0.0000,true,1,15243
7290002079927,false,לחם דגנים מלא,מאפיית דוידוביץ,IL,לחם דגנים מלא,גרמים,750.00,100 גרם,false,1,13.90,1.8533,true,1,69166
7290002079996,false,לחם אחיד קל פרוס,הנסיך- מפעל לייצור ט,IL,מאפית דוידוביץ לחם אחיד קל 750 גרם,גרמים,750.00,100 גרם,false,1,12.90,1.7200,true,1,1425
7290002096009,false,דובשניות,חפץ,,דובשניות רגילות450 גר .ש.חפץ,גרמים,450.00,100 גרם,false,1,12.90,2.8667,true,1,1436
7290002107071,false,גבינת פטה עיזים 16%,מחלבת משק צוריאל,,בולגרית עיזים מעודנת צוריאל  16%   200גר,גרמים,200.00,100 גרם,false,1,26.90,13.4500,true,1,24561
7290002107385,false,גבינת עיזים גליל,משק צוריאל,IL,משק צוריאל מה-עז מחלב עיזים 20% שומן 180 גרם,גרמים,180.00,100 גרם,false,1,24.90,13.8333,true,1,48391
7290002107491,false,גבינת עיזים 5% למריח,משק צוריאל,IL,משק צוריאל גבינת עיזים 5% למריחה 250 גרם,גרמים,250.00,100 גרם,false,1,16.50,6.6000,true,1,1456
7290002107798,false,גבינה בולגרית צוריאל,משק צוריאל,IL,בולגרית מעודנת 5% שומן 250 גרם,גרמים,250.00,100 גרם,false,1,23.90,9.5600,true,1,22095
7290002107965,false,גבינה טבורוג     5%,משק צוריאל,IL,משק צוריאל טבורוג 5% שומן גבינה מחלב בקר 500 גרם,גרמים,500.00,100 גרם,false,1,27.50,5.5000,true,1,1465
7290002128083,false,נרות חנוכה בקופסא 44,,,נרות חנוכה בקופסא 44 יחידות,יחידה,1.00,יחידה,false,1,5.90,5.9000,true,1,117565
7290002128205,false,נרות חנוכה לוקס,,,נרות חנוכה לוקס,יחידה,1.00,יחידה,false,1,11.90,11.9000,true,1,21029
7290002128403,false,נרות שבת אורה מספר 4,מנורה,IL,נרות שבת אורה מספר 4,יחידה,1.00,יחידה,false,1,3.90,3.9000,true,1,115279
7290002128854,false,כוסות לשתיה חמה (12,טיי פרידה,IL,"כוסות לשתיה חמה (12 יח) 340 מ""ל",יחידה,1.00,יחידה,false,1,21.90,21.9000,true,1,150553
7290002129479,false,פיצה איטלקית דקה שלו,האי נאם סי או אל.טי.,IT,פיצה איטלקית דקה שלושת האופים 320 גרם,גרמים,320.00,100 גרם,false,1,16.90,5.2812,true,1,120172
7290002129486,false,פיצה איטלקית דקה זית,האי נאם סי או אל.טי.,IT,פיצה איטלקית דקה זיתים שלושת האופים 340ג,גרמים,340.00,100 גרם,false,1,16.90,4.9706,true,1,121566
7290002130567,false,דבש דבורים טהור יד מ,תות תעשיות מזון (201,IL,דבש דבורים טהור יד מרדכי 350 גרם,גרמים,350.00,100 גרם,false,1,19.90,5.6857,true,1,1514
7290002130574,false,דבש דבורים טהור 500,תות תעשיות מזון (201,IL,דבש דבורים טהור 500 גרם,גרמים,500.00,100 גרם,false,1,26.60,5.3200,true,1,1515
7290002132011,false,עוגיות מזרחיות עבאדי,קריניציה ויטמינה אס,IL,"עבאדי עוגיות מזרחיות שומשום, 400 גרם",גרמים,400.00,100 גרם,false,1,19.90,4.9750,true,1,1518
7290002133032,false,קשקבל טחון שומרון 30,מחלבת שומרון,IL,פתיתי קשקבל 29%,גרמים,300.00,100 גרם,false,1,31.90,10.6333,true,1,53055
7290002133070,false,קשקבל טורקי בלוק,מחלבת השומרון בעמ,,קשקבל טורקי בלוק,קילוגרמים,1.00,"ק""ג",true,,119.00,119.0000,true,1,52982
7290002133087,false,בולגרית צאן סופיה 3.,מחלבת השומרון בעמ,,"בולגרית צאן סופיה 3.5 ק""ג",קילוגרמים,1.00,"ק""ג",true,,88.00,88.0000,true,1,53136
7290002133094,false,ברינזה צאן בדלי,מחלבת השומרון בעמ,,ברינזה צאן בדלי שומרון,קילוגרמים,1.00,"ק""ג",true,,88.00,88.0000,true,1,52938
7290002133117,false,בולגרית מעודנת מחלבת,מחלבת השומרון בעמ,,"בולגרית מעודנת מחלבת שומרון  לק""ג",קילוגרמים,1.00,"ק""ג",true,,55.00,55.0000,true,1,64074
7290002133148,false,צפתית רכה במשקל,מחלבת השומרון בעמ,,צפתית רכה במשקל שומרון,קילוגרמים,1.00,"ק""ג",true,,62.00,62.0000,true,1,52939
7290002133162,false,בולגרית גביע 5%,מחלבת שומרון,IL,בולגרית של פעם 5%,גרמים,250.00,100 גרם,false,1,20.90,8.3600,true,1,52983
7290002133193,false,בולגרית 5%\16%,מחלבת השומרון בעמ,,בולגרית שומרון  5%\ 16%,קילוגרמים,1.00,"ק""ג",true,,62.00,62.0000,true,1,52900
7290002133247,false,לבנה עם שמן וזעתר 25,מחלבת שומרון,IL,לבנה עם שמן וזעתר 250 גרם שומרון,גרמים,250.00,100 גרם,false,1,13.90,5.5600,true,1,52913
7290002133506,false,יוגורט עיזים 400 גר,מחלבת שומרון,IL,גבינות השומרון יוגורט של פעם מחלב עיזים 400 גרם,גרמים,400.00,100 גרם,false,1,13.90,3.4750,true,1,87916
7290002133520,false,יוגורט של פעם 400 גר,מחלבת שומרון,IL,גבינות השומרון יוגורט של פעם מחלב בקר 400 גרם,גרמים,400.00,100 גרם,false,1,12.00,3.0000,true,1,53151
7290002133537,false,"יוגורט עיזים 180 גר""",מחלבת שומרון,IL,גבינות השומרון יוגורט של פעם מחלב עיזים 180 גרם,גרמים,180.00,100 גרם,false,1,6.90,3.8333,true,1,59685
7290002133612,false,יוגורט יווני אותנטי,מחלבת שומרון,IL,בלקן יוגורט יווני 7% 180 גרם,גרמים,180.00,100 גרם,false,1,6.50,3.6111,true,1,57223
7290002133643,false,גבינת פטה צאן,מחלבת שומרון,IL,פטה עם חלב צאן 21%,גרמים,200.00,100 גרם,false,1,21.00,10.5000,true,1,53065
7290002133858,false,גבינה בולגרית צאן,מחלבת שומרון,IL,בולגרית 21% עם חלב צאן,גרמים,250.00,100 גרם,false,1,23.90,9.5600,true,1,52956
7290002133889,false,בולגרית מעודנת 5%  2,מחלבת שומרון,IL,בולגרית מעודנת 5%  250 גרם שומרון,גרמים,250.00,100 גרם,false,1,20.90,8.3600,true,1,92594
7290002133940,false,יוגורט חלב כבשים180,מחלבת שומרון,IL,גבינות השומרון יוגורט של פעם מחלב כבשים 180 גרם,מיליליטרים,180.00,"100 מ""ל",false,1,6.90,3.8333,true,1,59023
7290002150077,false,פלאפל חמים וטעים  40,,,פלאפל חמים וטעים  400 גר,גרמים,400.00,100 גרם,false,1,16.90,4.2250,true,1,100829
7290002150671,false,קרפלך בשר,חמים וטעים,,קרפלך בשר,קילוגרמים,1.00,"ק""ג",false,1,42.90,42.9000,true,1,55572
7290002150718,false,קרפלך במילוי תפוא,,,"קרפלך במילוי תפו""א 400 גר",גרמים,400.00,100 גרם,false,1,15.90,3.9750,true,1,106088
7290002150794,false,סיגרים במילוי בשר,,,סיגרים במילוי בשר 400 גר,גרמים,400.00,100 גרם,false,1,17.90,4.4750,true,1,85632
7290002150817,false,סיגרים במילוי תפוא,יושלם,,סיגרים במילוי תפוא 400 גר,גרמים,400.00,100 גרם,false,1,16.90,4.2250,true,1,85633
7290002150848,false,אגרול סיני,,,אגרול סיני 400 גרם,גרמים,400.00,100 גרם,false,1,15.90,3.9750,true,1,42359
7290002150862,false,קובה במילוי בשר,,,קובה בורגול במילוי בשר,גרמים,400.00,100 גרם,false,1,17.90,4.4750,true,1,41371
7290002157830,false,קוביות גולש  100% בש,טיבון ויל - נטו,IL,קוביות גולש  100% בשר 800 גרם,גרמים,800.00,100 גרם,false,1,39.90,4.9875,true,1,122630
7290002157830,false,קוביות גולש  100% בש,טיבון ויל - נטו,,קוביות גולש  100% בשר 800 גרם,גרמים,800.00,100 גרם,false,1,46.90,5.8625,true,1,122270
7290002190141,false,ריבת חלב,קרלו,IL,ריבת חלב 450  גרם,גרמים,450.00,100 גרם,false,1,15.50,3.4444,true,1,16323
7290002190516,false,ממרח קומידה 500,קרלו,IL,"ממרח ריבת חלב קומידה 500 גר            """,גרמים,500.00,100 גרם,false,1,14.90,2.9800,true,1,1568
7290002195054,false,המבורגר בלדי 400 גרם,יוליניבר,IL,המבורגר בלדי 400 גרם,גרמים,400.00,100 גרם,false,1,16.90,4.2250,true,1,61480
7290002195085,false,קבב מזרחי,יוליניבר,IL,קבב מזרחי בלדי 400 גר,גרמים,400.00,100 גרם,false,1,16.90,4.2250,true,1,61221
7290002198031,false,"פסטרמה פרגיות לק""ג",זוגלובק,IL,"פסטרמה פרגיות לק""ג",קילוגרמים,1.00,"ק""ג",true,,89.00,89.0000,true,1,151837
7290002198048,false,פסטרמה הודו בתיבול ש,זוגלובק,IL,"פסטרמה הודו בתיבול שווארמה לק""ג",קילוגרמים,1.00,"ק""ג",true,,89.00,89.0000,true,1,151838
7290002198062,false,פסטרמה הודו אקסטרה מ,זוגלובק,IL,"פסטרמה הודו אקסטרה מעושנת לק""ג",קילוגרמים,1.00,"ק""ג",true,,89.00,89.0000,true,1,156460
7290002198079,false,סלמי כמהין זוגלובק ל,זוגלובק,IL,"סלמי כמהין זוגלובק לק""ג",קילוגרמים,1.00,"ק""ג",true,,149.00,149.0000,true,1,158571
7290002198109,false,צלעות אסאדו מעושנות,זוגלובק,IL,"צלעות אסאדו מעושנות לק""ג",קילוגרמים,1.00,"ק""ג",true,,149.00,149.0000,true,1,157125
7290002198116,false,פסטרמה ברזילאית זוגל,זוגלובק,IL,"פסטרמה ברזילאית זוגלובק לק""ג",קילוגרמים,1.00,"ק""ג",true,,109.00,109.0000,true,1,158572
7290002211044,false,"סולת - חום רוט 1 ק""ג",,,"סולת - חום רוט 1 ק""ג",יחידה,1.00,יחידה,false,1,6.90,6.9000,true,1,107113
7290002211112,false,קמח 1 קג רוט כחול,,,קמח 1 קג רוט כחול,קילוגרמים,0.00,"ק""ג",false,1,5.90,0.0000,true,1,107648
7290002232964,false,ציפוי פז ללא גלוטן 5,פ.פ.ח. שאביט,IL,בריאות וטבע ציפוי פז טחון דק לא מתובל 600 גרם,גרמים,600.00,100 גרם,false,1,27.90,4.6500,true,1,74539
7290002232995,false,ציפוי פז דגש 500 גרם,תירפז בעמ,IL,בריאות וטבע ציפוי פז מתובל 500 גרם,גרמים,500.00,100 גרם,false,1,27.90,5.5800,true,1,75831
7290002234586,false,פרמזנו ישרקו,קונסורזיו לטריה וירג,IT,4פרמזנו ישרקו,קילוגרמים,1.00,"ק""ג",true,,160.00,160.0000,true,1,144512
7290002234587,false,פרמזאנו רגאנו,קונסורזיו לטריה וירג,IT,פרמזאנו רגאנו,קילוגרמים,1.00,"ק""ג",true,,160.00,160.0000,true,1,125214
7290002239185,false,אפונת גינה בינונית מ,פרח,IL,פרי הגליל אפונת גינה בינונית מוקפאת 800 גרם,גרמים,800.00,100 גרם,false,1,12.90,1.6125,true,1,16124
7290002239215,false,אפונה וגזר,פרח,IL,פרי הגליל אפונת גינה וגזר 800 גרם,גרמים,800.00,100 גרם,false,1,10.90,1.3625,true,1,16177
7290002239277,false,גזר גמדי פרי גליל  8,פרח,IL,פרי הגליל גזר גמדי מוקפא 800 גרם,גרמים,800.00,100 גרם,false,1,13.90,1.7375,true,1,16410
7290002239338,false,שעועית ירוקה חתוכה פ,פרח,IL,פרי הגליל שעועית ירוקה חתוכה מוקפאת 800 גרם,גרמים,800.00,100 גרם,false,1,12.90,1.6125,true,1,16285
7290002239369,false,שעועית שלמה ירוקה פר,פרח,IL,פרי הגליל שעועית ירוקה שלמה 800 גרם,גרמים,800.00,100 גרם,false,1,12.90,1.6125,true,1,16178
7290002239420,false,תירס גרעינים פרי גלי,פרח,IL,פרי הגליל גרעיני תירס 800 גרם,גרמים,800.00,100 גרם,false,1,12.90,1.6125,true,1,20686
7290002253006,false,שום כתוש דורות בצנצנ,,IL,דורות שום כתוש טרי2 12*200גרם,גרמים,200.00,100 גרם,false,1,19.90,9.9500,true,1,1693
7290002253105,false,שום כתוש מגשית 80 גר,דורות,IL,שום כתוש מגשית 80 גרם,גרמים,80.00,100 גרם,false,1,12.90,16.1250,true,1,1694
7290002253150,false,בזיליקום קצוץ במגשית,,IL,בזיליקום קצוץ במגשית דורות 70 גרם,גרמים,70.00,100 גרם,false,1,9.90,14.1429,true,1,1695
7290002253167,false,פטרוזיליה טריה קצוץ,,IL,דורות פטרוזיליה קצוצה 32*70גרם,גרמים,70.00,100 גרם,false,1,9.90,14.1429,true,1,1696
7290002253174,false,שמיר קצוץ,דורות,IL,דורות שמיר קצוץ 32*70גרם,גרמים,70.00,100 גרם,false,1,11.10,15.8571,true,1,16538
7290002253181,false,כוסברה טריה קצוצה 70,,IL,דורות כוסברה קצוצה 32*70גרם,גרמים,70.00,100 גרם,false,1,11.10,15.8571,true,1,1697
7290002253198,false,"גינג""ר כתוש קפוא מגש",,IL,דורות ג'ינג'ר טרי כתוש2 16*70גרם,גרמים,70.00,100 גרם,false,1,12.40,17.7143,true,1,20732
7290002253259,false,רוטב עגבניות בזיליקו,דורות,IL,רוטב עגבניות בזיליקום קפוא דורות 160 גרם,גרמים,160.00,100 גרם,false,1,14.90,9.3125,true,1,107389
7290002253310,false,דורות שום צילי חריף,,IL,דורות שום צילי חריף קוביות תערובת 32*80ג,גרמים,80.00,100 גרם,false,1,13.90,17.3750,true,1,127558
7290002253495,false,דורות תבלינים לטחינה,,IL,דורות תבל.לטחינה ביתית תערב.קוביות32*70ג,גרמים,70.00,100 גרם,false,1,10.90,15.5714,true,1,127559
7290002259640,false,"דיימונד 084- 7.50 מ""",ריינולדס מוצרי צריכה,CN,"רדיד אלומיניום עבה במיוחד לבישול,אפייה והקפאה.",מטרים,760.00,מטר,false,1,9.90,0.0130,true,1,17808
7290002259664,false,רדיד אלומיניום,ריינולדס מוצרי צריכה,CN,"רדיד אלומיניום, מסורית לחיתוך נוח",מטרים,6000.00,מטר,false,1,47.90,0.0080,true,1,71035
7290002260059,false,במבה יום הולדת,"אסם השקעות בע""מ",IL,במבה יום הולדת 48*60גרם,גרמים,60.00,100 גרם,false,1,4.90,8.1667,true,1,100779
7290002281382,false,נתח פילה סלמון קפוא,דלידג,,נתח פילה סלמון קפוא 100% דג,קילוגרמים,1.00,"ק""ג",true,,89.90,89.9000,true,1,127151
7290002281498,false,ריץ מגורדת 500 ג בסי,האי נאם סי או אל.טי.,PL,"ריץ', צהובה מגורדת, לפיצה, אפייה ובישול ועוד",גרמים,500.00,100 גרם,false,1,24.90,4.9800,true,1,128697
7290002287681,false,לחם מחמצת כוסמין,מאפה הבלקן,IL,לחם מחמצת כוסמין,גרמים,600.00,100 גרם,false,1,19.90,3.3167,true,1,126607
7290002288503,false,לחם מחמצת דגנים,מאפה הבלקן,IL,לחם מחמצת דגנים,גרמים,600.00,100 גרם,false,1,19.90,3.3167,true,1,126606
7290002288671,false,לחם מחמצת בצל,מאפה הבלקן,IL,לחם מחמצת שיפון,יחידה,1.00,יחידה,false,1,19.90,19.9000,true,1,148518
7290002289111,false,לחם מחמצת צרפתי,מאפה הבלקן,IL,לחם מחמצת סלק,גרמים,600.00,100 גרם,false,1,19.90,3.3167,true,1,129930
7290002289289,false,לחם מחמצת אגוזים וצי,מאפה הבלקן,IL,לחם מחמצת אגוזים וצימוקים,גרמים,600.00,100 גרם,false,1,19.90,3.3167,true,1,126605
7290002289357,false,לחם מחמצת אגוזים,מאפה הבלקן,IL,לחם מחמצת אגוזים,גרמים,600.00,100 גרם,false,1,19.90,3.3167,true,1,126604
7290002289425,false,לחם מחמצת קלמטה,מאפה הבלקן,IL,לחם מחמצת קלמטה,גרמים,600.00,100 גרם,false,1,19.90,3.3167,true,1,126603
7290002289647,false,לחם מחמצת עגבניות,מאפה הבלקן,IL,לחם מחמצת עגבניות,גרמים,600.00,100 גרם,false,1,19.90,3.3167,true,1,126676
7290002291046,false,המבורגר מסעדות הקצבי,יוליניבר,IL,בלדי הקצביה המבורגר מסעדות 480 גרם,גרמים,480.00,100 גרם,false,1,26.90,5.6042,true,1,82223
7290002297215,false,גבינת עיזים ביין ספר,מוטטינו,,גבינת עיזים ביין ספרד,קילוגרמים,1.00,"ק""ג",true,,175.00,175.0000,true,1,119876
7290002304203,false,קונפיטורה לייט תות,ענבי ציון,,קונפיטורה לייט תות שדה 600 גר,גרמים,600.00,100 גרם,false,1,24.90,4.1500,true,1,125033
7290002304609,false,"קונפיטורה ביתי ""ענבי",,,"קונפיטורה ביתי ""ענבי ציון"" תות 600גר",גרמים,600.00,100 גרם,false,1,19.90,3.3167,true,1,125042
7290002317081,false,זיתים ירוקים נטולי ג,מוטולה,IL,זיתים ירוקים נטולי גלעין +20% A2 מוטולה,גרמים,330.00,100 גרם,false,1,9.90,3.0000,true,1,64091
7290002317128,false,מלפפון במלח 10-12 A2,מוטולה,IL,מלפפון במלח 10-12 A2  מוטולה 320 גרם,גרמים,320.00,100 גרם,false,1,9.90,3.0938,true,1,160545
7290002317135,false,מלפפון במלח 13-17 A2,מוטולה,IL,מלפפון במלח 13-17 A2 מוטולה  320  גרם,גרמים,320.00,100 גרם,false,1,9.90,3.0938,true,1,160544
7290002317173,false,מלפפון בחומץ 13-17 A,מוטולה,IL,מלפפון בחומץ 13-17 A2 מוטולה 290גרם,גרמים,290.00,100 גרם,false,1,9.90,3.4138,true,1,160546
7290002317265,false,מלפפון במלח +20%מוטו,מוטולה,IL,מלפפון במלח +20%מוטולה 7-9  380A2גרם,גרמים,380.00,100 גרם,false,1,7.90,2.0789,true,1,63965
7290002317289,false,חצילים כבושים  מוטול,מוטולה,IL,חצילים כבושים  מוטולה  320גרם,גרמים,320.00,100 גרם,false,1,8.90,2.7813,true,1,160548
7290002317319,false,מלפפון בחומץ +20% 7-,מוטולה,IL,מלפפון בחומץ +20% 7-9 A2 מוטולה 320 גרם,גרמים,320.00,100 גרם,false,1,7.90,2.4688,true,1,160543
7290002317371,false,זיתים מושחר נטול גלע,מוטולה,IL,זיתים מושחר נטול גלעין A2 מוטולה  560גרם,גרמים,560.00,100 גרם,false,1,9.90,1.7679,true,1,160547
7290002317579,false,זיתים טבעות ירוק A2,מוטולה,IL,זיתים טבעות ירוק A2 מוטולה 560גרם,גרמים,560.00,100 גרם,false,1,9.90,1.7679,true,1,160542
7290002317609,false,כרוב כבוש A2 מוטולה,מוטולה,IL,כרוב כבוש A2 מוטולה  560 גרם,גרמים,560.00,100 גרם,false,1,8.90,1.5893,true,1,160541
7290002317661,false,זיתים מנזולינו גדול,מוטולה,IL,זיתים מנזולינו גדול מוטולה 330  גרם צנצנ,גרמים,330.00,100 גרם,false,1,9.90,3.0000,true,1,160524
7290002317852,false,מלפפון ביתי 900 גרם,מוטולה,,מלפפון ביתי 900 גרם צנצנת,גרמים,900.00,100 גרם,false,1,32.90,3.6556,true,1,57412
7290002319016,false,אבקת אפיה מיה  עשירי,מיה,IL,אבקת אפיה מיה  עשיריות 100גרם,גרמים,100.00,100 גרם,false,1,2.90,2.9000,true,1,160029
7290002319023,false,סוכר וניל מיה עשיריו,מיה,IL,סוכר וניל מיה עשיריות 100גרם,גרמים,100.00,100 גרם,false,1,2.90,2.9000,true,1,160030
7290002319054,false,פרג טחון מיה 100 גרם,מיה,IL,פרג טחון מיה 100 גרם,גרמים,100.00,100 גרם,false,1,6.90,6.9000,true,1,160019
7290002319061,false,קוקוס טחון מיה 100,מיה,IL,קוקוס טחון מיה 100  גרם,גרמים,100.00,100 גרם,false,1,3.90,3.9000,true,1,97679
7290002319078,false,שומשום  מיה 100 גרם,מיה,IL,שומשום  מיה 100 גרם,גרמים,100.00,100 גרם,false,1,3.90,3.9000,true,1,160043
7290002319115,false,חומוס גדול מיה  500,מיה,IL,חומוס גדול מיה  500 גרם,גרמים,500.00,100 גרם,false,1,6.90,1.3800,true,1,160047
7290002319139,false,שעועית לבנה מיה  500,מיה,IL,שעועית לבנה מיה  500 גרם,גרמים,500.00,100 גרם,false,1,9.90,1.9800,true,1,160038
7290002319146,false,שעועית אדומה  מיה 50,מיה,IL,שעועית אדומה  מיה 500 גרם,גרמים,500.00,100 גרם,false,1,10.90,2.1800,true,1,160039
7290002319160,false,אפונה   מיה 500 גרם,מיה,IL,אפונה   מיה 500 גרם,גרמים,500.00,100 גרם,false,1,4.90,0.9800,true,1,160048
7290002319177,false,פופקורן  מיה  500 גר,מיה,IL,פופקורן  מיה  500 גרם,גרמים,500.00,100 גרם,false,1,4.90,0.9800,true,1,160049
7290002319184,false,עדשים אדומות מיה  50,מיה,IL,עדשים אדומות מיה  500 גרם,גרמים,500.00,100 גרם,false,1,6.90,1.3800,true,1,160023
7290002319191,false,עדשים ירוקות מיה  50,מיה,IL,עדשים ירוקות מיה  500 גרם,גרמים,500.00,100 גרם,false,1,6.90,1.3800,true,1,160050
7290002319207,false,כוסמת מיה  500 גרם,מיה,IL,כוסמת מיה  500 גרם,גרמים,500.00,100 גרם,false,1,7.90,1.5800,true,1,160051
7290002319221,false,חיטה  מיה 500 גרם,מיה,IL,חיטה  מיה 500 גרם,גרמים,500.00,100 גרם,false,1,4.90,0.9800,true,1,160057
7290002319375,false,קורנפלור מיה  200 גר,מיה,IL,קורנפלור מיה  200 גרם,גרמים,200.00,100 גרם,false,1,3.90,1.9500,true,1,160020
7290002319610,false,שקדים טחונים מיה 100,מיה,IL,שקדים טחונים מיה 100 גרם,גרמים,100.00,100 גרם,false,1,11.90,11.9000,true,1,160075
7290002319740,false,אגוזי מלך טחונים מיה,מיה,IL,אגוזי מלך טחונים מיה 100 גרם,גרמים,100.00,100 גרם,false,1,11.90,11.9000,true,1,160076
7290002319771,false,תמצית אפיה וניל מיה,מיה,IL,תמצית אפיה וניל מיה 50 מל,מיליליטרים,50.00,"100 מ""ל",false,1,3.90,7.8000,true,1,160021
7290002319788,false,תמצית אפיה רום מיה 5,מיה,IL,תמצית אפיה רום מיה 50מל,מיליליטרים,50.00,"100 מ""ל",false,1,3.90,7.8000,true,1,160022
7290002319795,false,תמצית אפיה שקדים מיה,מיה,IL,תמצית אפיה שקדים מיה  60גרם,גרמים,60.00,100 גרם,false,1,4.90,8.1667,true,1,160077
7290002319825,false,אבקת סוכר  מיה 100 ג,מיה,IL,אבקת סוכר  מיה 100 גרם,גרמים,100.00,100 גרם,false,1,2.50,2.5000,true,1,160078
7290002327028,false,גחנון              .,TLV צ'יף,IL,שלושת האופים ג'חנון תימני מקורי קפוא  650 גרם,גרמים,650.00,100 גרם,false,1,14.90,2.2923,true,1,1833
7290002327066,false,קונכיות            .,TLV צ'יף,IL,שלושת האופים קונכיות בצק למילוי 625 גרם,גרמים,625.00,100 גרם,false,1,23.90,3.8240,true,1,1836
7290002327073,false,בורקס גבינה        .,TLV צ'יף,IL,בורקס גבינה 800 גר                     .,גרמים,800.00,100 גרם,false,1,21.90,2.7375,true,1,1837
7290002327516,false,גחנון אפוי למיקרו או,אופרה,,גחנון אפוי למיקרו אופרה,גרמים,650.00,100 גרם,false,1,14.90,2.2923,true,1,108646
7290002327608,false,קונכיות ארוז,אופרה,,קונכיות ארוז 600 ג,Unknown,0.00,Unknown,false,1,18.90,0.0000,true,1,55577
7290002327615,false,גחנון 900 גר,חסון את לוי,,גחנון 900 גר,גרמים,900.00,100 גרם,false,1,14.90,1.6556,true,1,55565
7290002327622,false,גחנון 650 ג,אופרה,,גחנון 650 ג,גרמים,650.00,100 גרם,false,1,12.90,1.9846,true,1,55550
7290002327646,false,מלוואח אופרה 700 ג,אופרה,,מלוואח אופרה 700 ג,גרמים,700.00,100 גרם,false,1,14.90,2.1286,true,1,55582
7290002327660,false,בורקס תפוא,חסון את לוי,,בורקס תפוא,קילוגרמים,1.00,"ק""ג",false,1,14.90,14.9000,true,1,55557
7290002327677,false,בורקס גבינה,אופרה,,בורקס גבינה,גרמים,700.00,100 גרם,false,1,17.90,2.5571,true,1,55574
7290002327684,false,בצק עלים,אופרה,,בצק עלים 1 קג,קילוגרמים,1.00,"ק""ג",false,1,14.90,14.9000,true,1,55571
7290002327691,false,אופרה בורקס מיני תפו,אופרה,,מיני בורקס תפוא 800 ג,יחידה,700.00,יחידה,false,1,15.90,0.0227,true,1,56187
7290002327707,false,אופרה מיני בורקס גבי,אופרה,,בורקס מיני גבינה,גרמים,700.00,100 גרם,false,1,19.90,2.8429,true,1,55600
7290002327912,false,בורקס מיני קוקטייל ג,TLV צ'יף,IL,בורקס מיני קוקטייל גבינה 700 גרם,גרמים,700.00,100 גרם,false,1,23.90,3.4143,true,1,1838
7290002327929,false,מיני בורקס קוקטייל,TLV צ'יף,IL,"מיני בורקס קוקטייל תפו""א",גרמים,700.00,100 גרם,false,1,22.90,3.2714,true,1,1839
7290002331018,false,מים נביעות פקק רגיל,תות תעשיות מזון (201,IL,נביעות 500 פ.שטוח פיקדון,מיליליטרים,500.00,"100 מ""ל",false,1,3.90,0.7800,true,1,14375
7290002331025,false,מים נביעות ספורט בקב,נביעות טבע הגליל בעמ,IL,נביעות 500 TO GO פקדון,מיליליטרים,500.00,"100 מ""ל",false,1,3.90,0.7800,true,1,1841
7290002331094,false,מים נביעות TO-GO בקב,נביעות טבע הגליל בעמ,IL,"מים נביעות TO-GO בקבוק 755 מ""ל",מיליליטרים,755.00,"100 מ""ל",false,1,4.90,0.6490,true,1,1842
7290002331124,false,מי נביעות +בטעם תפוח,תות תעשיות מזון (201,IL,נביעות+ בטעם תפוח 500 מל,מיליליטרים,500.00,"100 מ""ל",false,1,8.90,1.7800,true,1,33899
7290002331360,false,מים נביעות TO GO  שי,נביעות,,"מים נביעות TO GO  שישייה בקבוק 500 מ""ל",ליטרים,3.00,ליטר,false,1,15.90,5.3000,true,1,1847
7290002331421,false,מים נביעות TO-GO שיש,נביעות,,"מים נביעות TO-GO שישייה בקבוק 755 מ""ל",ליטרים,4.53,ליטר,false,1,20.60,4.5475,true,1,1848
7290002331483,false,מים נביעות בייבי שיש,נביעות טבע הגליל בעמ,IL,נביעות בייבי מים מינרליים טבעיים 1.92 ליטר,ליטרים,1.92,ליטר,false,1,13.90,7.2396,true,1,95994
7290002331490,false,מים נביעות בקבוק 1 ל,תות תעשיות מזון (201,IL,נביעות 1 ליטר,ליטרים,1.00,ליטר,false,1,4.90,4.9000,true,1,98283
7290002331711,false,מי נביעות +בטעם ענבי,תות תעשיות מזון (201,IL,"נביעות + בטעם ענבים 500 מ""ל",מיליליטרים,500.00,"100 מ""ל",false,1,8.90,1.7800,true,1,43071
7290002332329,false,פילה סלמון טרי,,,"פילה סלמון טרי ארוז לק""ג",קילוגרמים,1.00,"ק""ג",true,,155.00,155.0000,true,1,98465
7290002332350,false,פילה אמנון טרי ארוז,,,"פילה אמנון טרי ארוז לק""ג",קילוגרמים,1.00,"ק""ג",true,,99.90,99.9000,true,1,99980
7290002332367,false,פילה בורי טרי ארוז,,,"פילה בורי טרי ארוז לק""ג",קילוגרמים,1.00,"ק""ג",true,,99.90,99.9000,true,1,99981
7290002332398,false,דניס שלם טרי ארוז,,,"דניס שלם טרי ארוז לק""ג",קילוגרמים,1.00,"ק""ג",true,,79.00,79.0000,true,1,99984
7290002333098,false,גרגירי חומוס אורגני,אול אורגני,IL,גרגרי חומוס,גרמים,500.00,100 גרם,false,1,12.90,2.5800,true,1,22343
7290002333104,false,בורגול אורגני הרדוף,אול אורגני,IL,בורגול אורגני 500 גרם - הרדוף,גרמים,500.00,100 גרם,false,1,8.90,1.7800,true,1,22344
7290002333463,false,שעועית מש אורגני הרד,אול אורגני,IL,שעועית מש אורגני,גרמים,500.00,100 גרם,false,1,15.90,3.1800,true,1,41642
7290002333500,false,עדשים אדומות אורגני,אול אורגני,IL,עדשים אדומות,גרמים,500.00,100 גרם,false,1,13.90,2.7800,true,1,22319
7290002333678,false,שומשום אורגני  300 ג,אול אורגני,IL,שומשום אורגני 300 גרם - הרדוף,גרמים,300.00,100 גרם,false,1,13.90,4.6333,true,1,22320
7290002333951,false,עדשים ירוקים אורגני,אול אורגני,IL,עדשים ירוקות,גרמים,500.00,100 גרם,false,1,13.90,2.7800,true,1,22325
7290002333999,false,גרעיני חמניות אורגני,אול אורגני,IL,גרעיני חמניה קלופים,גרמים,300.00,100 גרם,false,1,13.90,4.6333,true,1,22328
7290002345015,false,סינטה דק דק,קרלו,IL,סינטה דק דק אלגאוצו,גרמים,250.00,100 גרם,false,1,26.90,10.7600,true,1,122499
7290002345022,false,אנטריקוט דקדק,קרלו,IL,אל גאוצ'ו מינוט סטייק אנטריקוטדקדק 250 גרם,גרמים,250.00,100 גרם,false,1,26.90,10.7600,true,1,122500
7290002345121,false,אסאדו דקדק אל גאוצו,טיבון ויל - נטו,IL,אסאדו דקדק אל גאוצו 250גרם,גרמים,250.00,100 גרם,false,1,27.90,11.1600,true,1,152233
7290002345282,false,נתחי פילה סלמון נורו,דלידג,,נתחי פילה סלמון נורווגי קפוא 100% דג,קילוגרמים,1.00,"ק""ג",true,,89.90,89.9000,true,1,123006
7290002348061,false,פטריות חתוכות הודו ו,גריניארד פריפרד,NL,פטריות חתוכות ויליגר400גר,גרמים,400.00,100 גרם,false,1,5.90,1.4750,true,1,1879
7290002348139,false,ארטישוק תחתיות,האי נאם סי או אל.טי.,EG,ויליגר תחתיות ארטישוק במי מלח 390 גרם,גרמים,400.00,100 גרם,false,1,9.90,2.4750,true,1,1880
7290002348160,false,תירס גמדי שלם 425 גר,גואנגדונג יוזהו פודס,CN,ויליגר תירס גמדי שלם במי מלח 400 גרם,גרמים,425.00,100 גרם,false,1,7.90,1.8588,true,1,15959
7290002353249,false,ממרח דיזונז 345 גרם,מיוצר עי קונדיטוריית,FR,ממרח דיזונז 345 גרם,גרמים,345.00,100 גרם,false,1,21.90,6.3478,true,1,156309
7290002353836,false,סרדין רוברט בשמן זית,כצט,PT,סרדינים בשמן זית רוברט 115 גרם,גרמים,115.00,100 גרם,false,1,8.90,7.7391,true,1,1885
7290002360124,false,חליטה ורד הבר,"איטיליאן פוד, אס.פי.",DE,פומפדור חליטת צמחים ורד הבר והיביסקוס 20 יחידות,גרמים,70.00,100 גרם,false,1,16.90,24.1429,true,1,20942
7290002360155,false,תה פומפדור חליטה שומ,"איטיליאן פוד, אס.פי.",DE,פומפדור חליטת צמחים שומר 20 יחידות,גרמים,40.00,100 גרם,false,1,16.90,42.2500,true,1,18261
7290002360278,false,תה פומפדור חליטתמנטה,"איטיליאן פוד, אס.פי.",DE,פומפדור חליטת מנטה 20 יחידות,גרמים,45.00,100 גרם,false,1,16.90,37.5556,true,1,21918
7290002360285,false,תה פומפדור צמחים קמו,"איטיליאן פוד, אס.פי.",DE,פומפדור חליטת צמחים קמומיל 20 יחידות,גרמים,30.00,100 גרם,false,1,16.90,56.3333,true,1,1923
7290002370123,false,גבינת עיזים רכה 29%,היחוס דה סאלבאדור,ES,גבינת עיזים רכה 29%,קילוגרמים,1.00,"ק""ג",true,,92.90,92.9000,true,1,123353
7290002370154,false,גבינת צדר מיושנת VIN,וייקי,GB,גבינת צדר מיושנת VINTAGEבמשקל,קילוגרמים,1.00,"ק""ג",true,,119.00,119.0000,true,1,148650
7290002370420,false,גבינה גאודה מהולנד 3,איוויאן,NL,"גבינה גאודה מהולנד 30% שומן לק""ג",קילוגרמים,1.00,"ק""ג",true,,89.00,89.0000,true,1,147465
7290002370475,false,גבינה כחולה עם עובש,קסרייס,ES,גבינה כחולה עם עובש במשקל,קילוגרמים,1.00,"ק""ג",true,,119.00,119.0000,true,1,148649
7290002370994,false,גבינת גאודה עם פטריו,ויליפוד,IL,"גבינת גאודה עם פטריות כמהין לק""ג",קילוגרמים,1.00,"ק""ג",true,,169.00,169.0000,true,1,160650
7290002371526,false,סלסולי פסטרמה שום וצ,הנסיך- מפעל לייצור ט,IL,"דקניקים, סלסולי פסטרמה שום וצי'לי פיקנטי 120 גרם",גרמים,120.00,100 גרם,false,1,15.90,13.2500,true,1,95906
7290002371533,false,סלסולי פסטרמה דבש 12,הנסיך- מפעל לייצור ט,IL,סלסולי פסטרמה דבש 120 גרם,גרמים,120.00,100 גרם,false,1,15.90,13.2500,true,1,95907
7290002371540,false,קורנדביף 120 גרם,הנסיך- מפעל לייצור ט,IL,טירת צבי דקניקים קורנדביף 120 גרם,גרמים,120.00,100 גרם,false,1,15.90,13.2500,true,1,95829
7290002371571,false,פסטרמה פרגיות לבאגט,טירת צבי,,"פסטרמה פרגיות לבאגט לק""ג",קילוגרמים,1.00,"ק""ג",true,,79.00,79.0000,true,1,62390
7290002371854,false,נקניקיות חריפות,הנסיך- מפעל לייצור ט,IL,נקנקיות עוף חריפות1ק''ג,קילוגרמים,1.00,"ק""ג",false,1,33.90,33.9000,true,1,48228
7290002371939,false,סרוולד צרפתי 120 גרם,הנסיך- מפעל לייצור ט,IL,סרוולד צרפתי 120 גרם,גרמים,120.00,100 גרם,false,1,26.90,22.4167,true,1,47964
7290002385196,false,רוקפור דייניש בלו,קסטלו,,רוקפור דייניש בלו גד,קילוגרמים,1.00,"ק""ג",true,,149.00,149.0000,true,1,113609
7290002385738,false,משולשי מנצגו,יושלם,,"גבינה משולשי מנצגו לק""ג גד",קילוגרמים,1.00,"ק""ג",true,,165.00,165.0000,true,1,91038
7290002385745,false,משולשי פיקורינו,יושלם,,"גבינה משולשי פיקורינו לק""ג גד",קילוגרמים,1.00,"ק""ג",true,,165.00,165.0000,true,1,84481
7290002395409,false,גבינה צהובה 28% נועם,,,גבינה צהובה 28% נועם-טרה,קילוגרמים,1.00,"ק""ג",true,,44.79,44.7900,true,1,92600
7290002395423,false,גבינה צהובה 22% נועם,,,גבינה צהובה 22% נועם-טרה,קילוגרמים,1.00,"ק""ג",true,,42.58,42.5800,true,1,92598
7290002407034,false,"זית סורי מבוקע ג""השא",ג'השאן,IL,"זית סורי מבוקע ג""השאן 800 גר",גרמים,800.00,100 גרם,false,1,22.90,2.8625,true,1,57423
7290002407102,false,זיתים סנטה  גאשן 800,ג'השאן,IL,זיתים סנטה  גאשן 800גרם,גרמים,800.00,100 גרם,false,1,22.90,2.8625,true,1,57424
7290002409281,false,סבבה 5  מנות,פילסברי,,מאפה תימני במילוי גבינות 750גרם,גרמים,750.00,100 גרם,false,1,21.90,2.9200,true,1,115332
7290002410010,false,שניצל עגל וינאי בואק,מעדני הטלה,,"שניצל עגל וינאי בואקום לק""ג",קילוגרמים,1.00,"ק""ג",true,,60.00,60.0000,true,1,88310
7290002410072,false,בצק עלים חמסי,מעדני הטלה,,בצק עלים חמסי,לא מנהל יחידת מידה,0.00,לא מנהל יחידת מידה,false,1,16.90,0.0000,true,1,108181
7290002410348,false,רוסטביף עגל ואקום,לאטי עזרא,,"רוסטביף עגל ואקום מוכשר לק""ג",קילוגרמים,1.00,"ק""ג",true,,66.90,66.9000,true,1,106129
7290002410713,false,קישקע 500 גר,לאטי עזרא גלם ודגים,,קישקע 500 גר,גרמים,500.00,100 גרם,false,1,11.90,2.3800,true,1,55581
7290002410874,false,פרגיות ממולאות,לאטי עזרא גלם ודגים,,"פרגיות ממולאות לק""ג",קילוגרמים,1.00,"ק""ג",true,,54.90,54.9000,true,1,70186
7290002410881,false,לבבות עוף,לאטי עזרא,,לבבות עוף 500 גרם,גרמים,500.00,100 גרם,false,1,18.90,3.7800,true,1,104950
7290002439998,false,קלאסיקו קבב בקר וכבש,טיבון ויל - נטו,IL,קלאסיקו קבב בקר וכבש אל גאוצו 400גרם,גרמים,400.00,100 גרם,false,1,23.90,5.9750,true,1,134557
7290002453383,false,מרגז טלה קצביית פרימ,קצביית פרימיום,IL,מרגז טלה קצביית פרימיום,קילוגרמים,1.00,"ק""ג",true,,69.90,69.9000,true,1,151405
7290002453529,false,אנטריקוטבוגר קצביית,קצביית פרימיום,IL,אנטריקוטבוגר קצביית פרימיום,קילוגרמים,1.00,"ק""ג",true,,69.90,69.9000,true,1,151406
7290002453680,false,נקניקיות אסדו ארגנטנ,קצביית פרימיום,IL,נקניקיות אסדו ארגנטנאי קצביית פרימיום,קילוגרמים,1.00,"ק""ג",true,,69.90,69.9000,true,1,151404
7290002453697,false,קבב אנטריקוט קצבים,קצביית פרימיום,IL,קבב אנטריקוט קצבים,קילוגרמים,1.00,"ק""ג",true,,69.90,69.9000,true,1,151403
7290002453802,false,קבב אסלי,קצביית פרימיום,IL,קבב אסלי,קילוגרמים,1.00,"ק""ג",true,,69.90,69.9000,true,1,151970
7290002460060,false,"קמח 1 ק""ג",,,"קמח 1 ק""ג",קילוגרמים,1.00,"ק""ג",false,1,4.90,4.9000,true,1,61214
7290002461180,false,כרעיים עוף ארוז,מעדני הטלה והעגל,,כרעיים עוף ארוז קג,קילוגרמים,1.00,"ק""ג",true,,32.90,32.9000,true,1,83217
7290002461562,false,נקניקיות מיני מרגז 5,מעדני הטלה,,נקניקיות מיני מרגז 500 גרם,גרמים,500.00,100 גרם,false,1,29.90,5.9800,true,1,73173
7290002472186,false,מאפין שוקו ציפס 550ג,"גידרון תעשיות בע""מ",,מאפין שוקו ציפס 550גר-גדרון,גרמים,560.00,100 גרם,false,1,19.90,3.5536,true,1,13150
7290002472193,false,מאפין שוקו 550גר-גדר,"גידרון תעשיות בע""מ",,מאפין שוקו 550גר-גדרון,גרמים,560.00,100 גרם,false,1,19.90,3.5536,true,1,13151
7290002472209,false,מאפין שוקו וניל 550ג,"גידרון תעשיות בע""מ",,מאפין שוקו וניל 550גר-גדרון,גרמים,560.00,100 גרם,false,1,19.90,3.5536,true,1,13149
7290002472223,false,עוגת מאפין תפוז,"גידרון תעשיות בע""מ",,עוגת מאפין תפוז,גרמים,560.00,100 גרם,false,1,19.90,3.5536,true,1,14879
7290002472254,false,מאפין אגוזים 550גר-ג,"גידרון תעשיות בע""מ",,מאפין אגוזים 550גר-גדרון,גרמים,560.00,100 גרם,false,1,19.90,3.5536,true,1,13155
7290002472261,false,"מאפין תפו""ע 550גר-גד","גידרון תעשיות בע""מ",,מאפין תפוע 550גר-גדרון,גרמים,560.00,100 גרם,false,1,19.90,3.5536,true,1,13153
7290002472629,false,עוגת שמרים ושוקולד,"גידרון תעשיות בע""מ",,עוגת שמרים ושוקולד,גרמים,540.00,100 גרם,false,1,19.90,3.6852,true,1,14582
7290002472636,false,עוגת שמרים תפוח עץ,"גידרון תעשיות בע""מ",,עוגת שמרים תפוח עץ,גרמים,520.00,100 גרם,false,1,19.90,3.8269,true,1,14576
7290002472667,false,עוגת שמרים גבינה,"גידרון תעשיות בע""מ",,עוגת שמרים גבינה,גרמים,520.00,100 גרם,false,1,19.90,3.8269,true,1,14581
7290002472841,false,עוגת סבתא שוקולד-גדר,"גידרון תעשיות בע""מ",,עוגת סבתא שוקולד-גדרון,גרמים,820.00,100 גרם,false,1,19.90,2.4268,true,1,13146
7290002475101,false,גפילטע פיש ללא סוכר4,"דג טעים (משווק ע""י א",,גפילטע פיש ללא סוכר470 ג,גרמים,470.00,100 גרם,false,1,19.90,4.2340,true,1,2050
7290002475170,false,גפילטע פיש 6 קציצות6,"דג טעים (משווק ע""י א",,גפילטע פיש 6 קציצות670 גרם מיטל,גרמים,670.00,100 גרם,false,1,19.90,2.9701,true,1,2052
7290002485025,false,חומוס מסעדות 500 גרם,"סלטי שמיר 2006 בע""מ",,חומוס מסעדות 500 גרם,גרמים,500.00,100 גרם,false,1,16.90,3.3800,true,1,39931
7290002485049,false,חומוס מסבחה 500 גרם,"סלטי שמיר 2006 בע""מ",,חומוס מסבחה 500 גרם,גרמים,500.00,100 גרם,false,1,16.90,3.3800,true,1,38460
7290002485063,false,חומוס אבו גוש 500 גר,"סלטי שמיר 2006 בע""מ",,חומוס אבו גוש 500 גרם,גרמים,500.00,100 גרם,false,1,16.90,3.3800,true,1,38419
7290002507277,false,קציצות דג  700 גרם,אף.סי תבליני בגליל ב,IL,קציצות דג  700 גרם,גרמים,700.00,100 גרם,false,1,27.90,3.9857,true,1,121706
7290002507284,false,שניצל דג מצופה 700 ג,האי נאם סי או אל.טי.,IL,"דלידג - שניצל דג מצופה, מפילה מרלוזה וקרפיון",גרמים,700.00,100 גרם,false,1,27.90,3.9857,true,1,122980
7290002507604,false,פיצת השף שגב 320גרם,האי נאם סי או אל.טי.,IT,פיצת השף שגב 320גרם,יחידה,1.00,יחידה,false,1,16.90,16.9000,true,1,122979
7290002511137,false,פטה עזים 18%,מחלבת המושבה,IL,פטה עזים 18%,קילוגרמים,1.00,"ק""ג",true,,99.00,99.0000,true,1,115871
7290002511212,false,גבינה עירקית 24%,מחלבת המושבה,IL,גבינה עירקית 24%,קילוגרמים,1.00,"ק""ג",true,,90.00,90.0000,true,1,115915
7290002511328,false,גבינה קשקבל 30%,מחלבת המושבה,IL,גבינה קשקבל 30%,קילוגרמים,1.00,"ק""ג",true,,130.00,130.0000,true,1,115874
7290002511335,false,גבינה תום כבשים 34%,מחלבת המושבה,IL,גבינה תום כבשים 34%,קילוגרמים,1.00,"ק""ג",true,,130.00,130.0000,true,1,115877
7290002515371,false,קמיל בלו אל סבון 1 ל,הדקלאים אגודת שיתופי,IL,קמיל בלו קלאסיק ליטר,ליטרים,1.00,ליטר,false,1,24.90,24.9000,true,1,2099
7290002517269,false,פלפל שחור שלם 35 גרם,תות ממתקי איכות,IL,תבליני טעם וריח פלפל שחור שלם 35 גרם,גרמים,35.00,100 גרם,false,1,9.90,28.2857,true,1,42112
7290002517276,false,פלפל אנגלי שלם 25 גר,תות ממתקי איכות,IL,תבליני טעם וריח מיכל קטן פלפל אנגלי שלם 25 גרם,גרמים,25.00,100 גרם,false,1,6.90,27.6000,true,1,41758
7290002517283,false,פלפל שחור גרוס 40 גר,תות ממתקי איכות,IL,תבליני טעם וריח מיכל פלפל שחור גרוס 40 גרם,גרמים,40.00,100 גרם,false,1,9.90,24.7500,true,1,41835
7290002517337,false,תבלין אורגנו בשקית 2,תות ממתקי איכות,IL,תבליני טעם וריח 100% אורגנו 20 גרם,גרמים,20.00,100 גרם,false,1,5.90,29.5000,true,1,40205
7290002517375,false,תיבול בזילקום שקית,תות ממתקי איכות,IL,"תבליני טעם וריח, 100% בזיליקום (ריחן), 30 גרם",גרמים,30.00,100 גרם,false,1,5.90,19.6667,true,1,42114
7290002517566,false,תערובת תיבול לדג,תות ממתקי איכות,IL,תבליני טעם וריח דג תערובת תיבול 80 גרם,גרמים,80.00,100 גרם,false,1,9.90,12.3750,true,1,42124
7290002517580,false,תערובת תיבול לעוף,תות ממתקי איכות,IL,"תבליני טעם וריח, תערובת תיבול לעוף, 80 גרם",גרמים,80.00,100 גרם,false,1,9.90,12.3750,true,1,42126
7290002517634,false,כוסברה 30 גר,תות ממתקי איכות,IL,תבליני טעם וריח כוסברה 30 גרם,גרמים,30.00,100 גרם,false,1,6.90,23.0000,true,1,40776
7290002517689,false,אבקת קרי 40 גרם,תות ממתקי איכות,IL,תבליני טעם וריח אבקת קרי 40 גרם,גרמים,40.00,100 גרם,false,1,6.90,17.2500,true,1,40781
7290002517726,false,מקלות קינמון 15 גרם,תות ממתקי איכות,IL,תבליני טעם וריח מקלות קינמון 100%,גרמים,15.00,100 גרם,false,1,6.90,46.0000,true,1,40785
7290002517733,false,קצח,תות ממתקי איכות,IL,"תבליני טעם וריח, 100% קצח, 40 גרם",גרמים,40.00,100 גרם,false,1,6.90,17.2500,true,1,40786
7290002517801,false,"צ""ילי כתוש חריף 30 ג",תות ממתקי איכות,IL,"תבליני טעם וריח, 100% צ'ילי כתוש חריף, 30 גרם",גרמים,30.00,100 גרם,false,1,6.90,23.0000,true,1,40793
7290002517849,false,שום גבישי 50 גרם,תות ממתקי איכות,IL,תבליני טעם וריח מיכל קטן שום גבישי 50 גרם,גרמים,50.00,100 גרם,false,1,6.90,13.8000,true,1,40797
7290002517863,false,ציפורן טחון 40 גרם,תות ממתקי איכות,IL,"תבליני טעם וריח, ציפורן טחון 100%, 40 גרם",גרמים,40.00,100 גרם,false,1,9.90,24.7500,true,1,40799
7290002542506,false,בירה קורונה בקבוק 35,קריניציה ויטמינה אס,MX,בירה קורונה אקסטרה 355 מל,מיליליטרים,355.00,"100 מ""ל",false,1,10.90,3.0704,true,1,69085
7290002542773,false,סטלה ארטואה - בק 330,סטלה,BE,סטלה ארטואה בק 330 מל,מיליליטרים,330.00,"100 מ""ל",false,1,9.90,3.0000,true,1,151846
7290002542780,false,סטלה ארטואה - שישיה,סטלה,BE,סטלה ארטואה שישיה  6 בק*330 מל,ליטרים,1.32,ליטר,false,1,39.90,30.2273,true,1,151847
7290002543237,false,קורנפלקס קלוגס 750 ג,כלורוקס אוקלנד,,קלוגס קורנפלקס 750 גרם,גרמים,750.00,100 גרם,false,1,19.90,2.6533,true,1,2128
7290002551003,false,טונה בשמן סטארקיסט,סטארקיסט,,טונה בשמן סטארקיסט  160 גרם,גרמים,160.00,100 גרם,false,1,8.50,5.3125,true,1,2136
7290002551010,false,טונה במים סטארקיסט 1,"איטיליאן פוד, אס.פי.",TR,ס.ק  טונה במים 160גרם-בי,גרמים,160.00,100 גרם,false,1,8.50,5.3125,true,1,2137
7290002577492,false,פילה דג הרינג מלוח ב,דולפין ספא,IL,פילה דג הרינג מלוח בשמן דלידג 240 גרם,גרמים,240.00,100 גרם,false,1,25.90,10.7917,true,1,118479
7290002577508,false,פילה דג הרינג מלוח ב,דולפין ספא,IL,פילה דג הרינג מלוח בשמן ובצל דלידג 240גר,גרמים,240.00,100 גרם,false,1,25.90,10.7917,true,1,118478
7290002596448,false,חזה בקר כבוש,לאטי עזרא,,חזה בקר כבוש לקג,קילוגרמים,1.00,"ק""ג",true,,59.90,59.9000,true,1,67531
7290002596523,false,סטייק אנטריקוט,לאטי עזרא גלם ודגים,,"סטייק אנטריקוט בואקום לק""ג",קילוגרמים,1.00,"ק""ג",true,,99.90,99.9000,true,1,66862
7290002603474,false,פיצת השף פטריות בטעם,סוילה אס.אר.אל,IT,שגב פיצת השף רוטב פטריות בטעם כמהין 220 גרם,גרמים,220.00,100 גרם,false,1,14.90,6.7727,true,1,124008
7290002603498,false,פיצת השף שגב אנטיפסט,האי נאם סי או אל.טי.,IT,שגב פיצת השף אנטיפסטי 220 גרם,גרמים,220.00,100 גרם,false,1,14.90,6.7727,true,1,124007
7290002618263,false,טבעות בצל  שף הטבע,משק ויילר,IL,טבעות בצל  שף הטבע  600גרם,גרמים,600.00,100 גרם,false,1,24.90,4.1500,true,1,159905
7290002627616,false,פילה אמנון דלידג 7-9,מאומינג שינזו סאיפוד,CN,פילה אמנון דלידג 7-9 ארוז מהדרין,קילוגרמים,1.00,"ק""ג",true,,36.00,36.0000,true,1,150257
7290002628064,false,טחון בקר קפוא 500 גר,יוליניבר,IL,בשר בקר טחון בלדי ריאה חלק 500 גרם,גרמים,500.00,100 גרם,false,1,21.90,4.3800,true,1,56266
7290002631996,false,חזה אווז מעושן,הוד מעדן,,חזה אווז מעושן,קילוגרמים,1.00,"ק""ג",true,,130.00,130.0000,true,1,117879
7290002651116,false,גחנון חמסי,מעדני הטלה,,"ג""חנון חמסי צלחות 1 ק""ג",קילוגרמים,1.00,"ק""ג",false,1,16.90,16.9000,true,1,2177
7290002651123,false,חמסי מלווח 1 קילו,חמסי,,חמסי מלווח 1 קילו,קילוגרמים,1.00,"ק""ג",false,1,16.90,16.9000,true,1,2178
7290002651253,false,גחנון אפוי 600 גר,מעדני הטלה,,"ג""חנון אפוי 600 גר                     """,גרמים,600.00,100 גרם,false,1,16.90,2.8167,true,1,88057
7290002651260,false,קוסקוס חמסי,לאטי עזרא,,קוסקוס חמסי,גרמים,350.00,100 גרם,false,1,17.90,5.1143,true,1,108232
7290002657866,false,פילה אמנון דלידג,גואנדונג יוג'יה סיפו,,פילה אמנון דלידג,קילוגרמים,1.00,"ק""ג",true,,36.00,36.0000,true,1,94801
7290002687450,false,נקניקיות מנגליות הוד,הוד חפר,,נקניקיות מנגליות הוד חפר 1.5 קג,קילוגרמים,1.50,"ק""ג",false,1,29.90,19.9333,true,1,77932
7290002692478,false,שמן זית כתית מעולה מ,"מרקאולאו, ספרד.אבסה,",IT,"שמן זית כתית מעולה מעודן עץ הזית 750 מ""ל",מיליליטרים,750.00,"100 מ""ל",false,1,36.90,4.9200,true,1,32835
7290002692768,false,תרסיס שמן קנולה 200,קומפניה,IT,"תרסיס שמן קנולה 200 מ""ל עץ הזית",מיליליטרים,200.00,"100 מ""ל",false,1,15.90,7.9500,true,1,68042
7290002692782,false,תרסיס שמן זית 148 מל,קומפניה,IT,תרסיס שמן זית כ.מעולה,מיליליטרים,148.00,"100 מ""ל",false,1,15.90,10.7432,true,1,68043
7290002706731,false,רצועות פילה נילוס,דלידג ק.מלאכי,,רצועות פילה נילוס ואקום לקג,קילוגרמים,1.00,"ק""ג",true,,94.90,94.9000,true,1,94954
7290002710004,false,ביצים אורגניות 1/12,יושלם,,ביצים אורגניות                     1/12,לא מנהל יחידת מידה,0.00,לא מנהל יחידת מידה,false,1,27.90,0.0000,true,1,2225
7290002710110,false,ביצי חופש      1/12,יושלם,,ביצי חופש                          1/12,יחידה,1.00,יחידה,false,1,16.90,16.9000,true,1,2226
7290002715504,false,תבשיל מגיק בכוס עוף,טאט הוי פוד בעמ,SG,תבשיל מגיק בכוס עוף 70 גרם,גרמים,70.00,100 גרם,false,1,5.00,7.1429,true,1,2244
7290002715511,false,תבשיל מגיק בכוס בקר,טאט הוי פוד בעמ,SG,תבשיל מגיק בכוס בקר 70 גרם,גרמים,70.00,100 גרם,false,1,5.00,7.1429,true,1,2245
7290002715528,false,תבשיל מגיק ירקות כוס,טאט הוי פוד בעמ,SG,ארוחת ירקות - בטעם ירקות,גרמים,70.00,100 גרם,false,1,5.00,7.1429,true,1,2246
7290002715580,false,תבשיל מגיק בכוס ירקו,טאט הוי פוד בעמ,SG,תבשיל מגיק בכוס ירקות סיני 70 גרם,גרמים,70.00,100 גרם,false,1,5.00,7.1429,true,1,2248
7290002730262,false,סבון כלים פלמוליב קל,יבואן ומשווק: ש. שסט,GR,פלמוליב נוזל לניקוי כלים קלאסי 750 מל,מיליליטרים,750.00,"100 מ""ל",false,1,11.90,1.5867,true,1,2281
7290002730521,false,צמרוני אוזניים200 יח,ספטונה,GR,צמרוני אוזניים בלונס,גרמים,66.00,100 גרם,false,1,6.90,10.4545,true,1,2283
7290002730538,false,פדים להסרת איפור,הנסיך- מפעל לייצור ט,GR,בלונס פדיות להסרת איפור 80 יחידות,לא מנהל יחידת מידה,0.00,לא מנהל יחידת מידה,false,1,10.80,0.0000,true,1,2284
7290002730675,false,משחת שיניים קולגייט,קולגייט פלמוליב,PL,"משחת שיניים קולגייט אדומה 100 מ""ל",מיליליטרים,100.00,"100 מ""ל",false,1,9.90,9.9000,true,1,2286
7290002730811,false,משחת שניים קולגיט גל,קולגייט פלמוליב,PL,משחת שניים קולגיט גל משפחתי,מיליליטרים,100.00,"100 מ""ל",false,1,11.90,11.9000,true,1,2288
7290002730903,false,פלמוליב סבון מוצק,הנסיך- מפעל לייצור ט,TR,סבון מוצק בניחוח ורדים פלמוליב 4 יחידות,גרמים,400.00,100 גרם,false,1,12.90,3.2250,true,1,126083
7290002730958,false,סבון מוצק פלמוליב זי,"ש. שסטוביץ בע""מ",TR,סבון מוצק בניחוח זיתים ואלוורה פלמוליב 4 יחידות,גרמים,400.00,100 גרם,false,1,12.90,3.2250,true,1,2292
7290002732983,false,טרופית בודד,אבו שקרה,IL,טרופית בודד,מיליליטרים,200.00,"100 מ""ל",false,1,2.90,1.4500,true,1,98780
7290002735014,false,מלווח ינון  800 גר,ג'נרל מילס סאן אדריא,IL,מלווח ינון  800 גר,גרמים,800.00,100 גרם,false,1,14.90,1.8625,true,1,61129
7290002735021,false,גחנון 750 גר ינון,ג'נרל מילס סאן אדריא,IL,גחנון 700 גר ינון,גרמים,700.00,100 גרם,false,1,14.90,2.1286,true,1,61128
7290002735274,false,גחנון אפוי ינון 600ג,ג'נרל מילס סאן אדריא,IL,גחנון אפוי ינון 600גרם,גרמים,750.00,100 גרם,false,1,16.90,2.2533,true,1,61119
7290002750727,false,שבלול פילו תרד פילסב,פילסברי,,"שבלול פילו תרד פילסברי  1 ק""ג",קילוגרמים,1.00,"ק""ג",true,,40.00,40.0000,true,1,65511
7290002750963,false,באגט רוסטיק פילסברי,פילסברי,,באגט רוסטיק פילסברי,לא מנהל יחידת מידה,0.00,לא מנהל יחידת מידה,false,1,7.50,0.0000,true,1,72363
7290002752332,false,סוכריות מנטוס פירות,הדקלאים אגודת שיתופי,NL,מנטוס סוכריות לעיסה בטעם פירות 37.5 גרם,גרמים,38.00,100 גרם,false,1,3.90,10.2632,true,1,2296
7290002752349,false,סוכריות מנטוס מנטה ג,קדבורי,NL,גליל מנטוס סוכריות לעיסה בטעם מנטה,גרמים,38.00,100 גרם,false,1,3.90,10.2632,true,1,12176
7290002752493,false,סוכריות טיק טק מנטה,פררו,ZA,סוכריות טיק טק 64 1/4 גר.מנטה,גרמים,64.00,100 גרם,false,1,12.90,20.1563,true,1,2297
7290002753223,false,סוכריות טיק טק תפוז,פררו,ZA,טיק טק סוכריות דחוסות בטעם תפוז 64 גרם,גרמים,64.00,100 גרם,false,1,12.90,20.1563,true,1,2298
7290002753995,false,סוכריות דרזה צבעוני,היינץ צפון אמריקה מק,DE,6 סוגי דרז'ה צבעוני לקישוט 150 גרם,גרמים,150.00,100 גרם,false,1,19.90,13.2667,true,1,2299
7290002768043,false,מי פה תיא+פלאורד ענק,טרופיקל דגיל תעשיות,IL,תיאדנט מי פה עם פלואוריד ללא אלכוהול 150 מל,מיליליטרים,150.00,"100 מ""ל",false,1,15.90,10.6000,true,1,2303
7290002768074,false,דרמפון סבון נוזלי1 ל,קוסמופארם בע''מ,IL,דרמפון סבון ללא סבון 1 ליטר,ליטרים,1.00,ליטר,false,1,19.70,19.7000,true,1,2304
7290002768159,false,קצף אמבט בתאורן,פארק תעשיות עמק חפרמ,IL,בת אורן סבון אמבט נוזלי בניחוח אורנים 500מל,מיליליטרים,500.00,"100 מ""ל",false,1,20.70,4.1400,true,1,2305
7290002771104,false,קפה נחלה הל 500 גרם,מולינו ניקולי s.p.a,IL,אל נחל'ה קפה קלוי וטחון עם הל 500 גרם,גרמים,500.00,100 גרם,false,1,34.90,6.9800,true,1,15309
7290002771111,false,קפה נחלה הל 250 גרם,מולינו ניקולי s.p.a,IL,אל נחל'ה קפה קלוי וטחון עם הל 250 גרם,גרמים,250.00,100 גרם,false,1,17.90,7.1600,true,1,2306
7290002771128,false,קפה תורכי נחלה 250 ג,מולינו ניקולי s.p.a,IL,קפה תורכי נחלה 250 גרם,גרמים,250.00,100 גרם,false,1,17.90,7.1600,true,1,15310
7290002782131,false,"דאודורנט לאישה מס1 """,יושלם,,"פנינה דאודורנט לאישה מס          150 1 """,מיליליטרים,150.00,"100 מ""ל",false,1,29.90,19.9333,true,1,2309
7290002782759,false,קרם גוף פנינה מס 350,א.ל ארמן,,קרם גוף פנינה מס 350 2 גרם,מיליליטרים,350.00,"100 מ""ל",false,1,29.90,8.5429,true,1,2311
7290002793311,false,שרות החלפה גז    60,סודה סטרים,,שרות החלפה מילוי גז                  60,יחידה,0.00,יחידה,false,1,59.00,0.0000,true,1,69617
7290002800361,false,המבורגר מסעדות בואקו,מעדני הטלה,,המבורגר מסעדות בואקום 500 גר,גרמים,500.00,100 גרם,false,1,28.90,5.7800,true,1,73145
7290002805151,false,שמפו רצפות,יוניליוור ישראל טיפו,IL,cif  פנטסטיק שמפו רצפות בניחוח סחלבים,ליטרים,4.00,ליטר,false,1,21.90,5.4750,true,1,2341
7290002812532,false,גבינה גאודה פסטו,סיזאד ראובן קאספסיאל,,גבינה גאודה פסטו,קילוגרמים,1.00,"ק""ג",true,,130.00,130.0000,true,1,114758
7290002814016,false,מסיר שומנים 750 מל,קומפלקס כימיקלים,IL,מסיר שומנים 750 מל,מיליליטרים,750.00,"100 מ""ל",false,1,16.90,2.2533,true,1,2348
7290002814054,false,אנטרטיק ספריי מסיר א,קומפלקס כימיקלים,IL,אנטרטיק ספריי מסיר אבנית סנט מוריץ 1 ליט,ליטרים,1.00,ליטר,false,1,12.90,12.9000,true,1,159217
7290002814078,false,אנטרטיק תכשיר ניקוי,קומפלקס כימיקלים,IL,אנטרטיק תכשיר ניקוי 1 ליטר,ליטרים,1.00,ליטר,false,1,8.90,8.9000,true,1,2349
7290002814122,false,fashion no9 ספריי או,סורה קוסמטיקס,TR,fashion no9 ספריי אוויר 250 מל,מיליליטרים,250.00,"100 מ""ל",false,1,13.90,5.5600,true,1,159218
7290002814153,false,סבון אסלה מרוכז שליש,מיס פלורה,TR,סבון אסלה מרוכז שלישיה לימון,יחידה,3.00,יחידה,false,1,11.90,3.9667,true,1,159219
7290002814221,false,סבון אסלה מרוכז שליש,מיס פלורה,TR,סבון אסלה מרוכז שלישיה  לבנדר,יחידה,3.00,יחידה,false,1,11.90,3.9667,true,1,159220
7290002814290,false,בלאנקו קצף אקונומיקה,קומפלקס כימיקלים,IL,בלאנקו קצף אקונומיקה מרוכז 7% חומר פעיל,ליטרים,1.00,ליטר,false,1,12.90,12.9000,true,1,159222
7290002814351,false,fashion sweetie מילו,סורה קוסמטיקס,TR,fashion sweetie מילוי מכשיר אוויר 250 מל,מיליליטרים,250.00,"100 מ""ל",false,1,13.90,5.5600,true,1,159223
7290002814481,false,עלמה שקיות מזון 150,קומפלקס כימיקלים,IL,עלמה שקיות מזון 150 3,יחידה,1.00,יחידה,false,1,11.90,11.9000,true,1,159224
7290002814498,false,וזל לניקוי כללי בתוס,ארבה כימיקלים,TR,וזל לניקוי כללי בתוספת מתז חומץ 750 מל,מיליליטרים,750.00,"100 מ""ל",false,1,11.90,1.5867,true,1,159225
7290002814504,false,סנט מוריץ מגבונים לר,קומפלקס כימיקלים,IL,סנט מוריץ מגבונים לרצפה 10 יחידות  מלון,יחידה,1.00,יחידה,false,1,10.90,10.9000,true,1,159428
7290002814528,false,נוזל לניקוי אסלות 1,קומפלקס כימיקלים,IL,נוזל לניקוי אסלות 1 ליטר,ליטרים,1.00,ליטר,false,1,6.90,6.9000,true,1,2350
7290002814542,false,עלמה שקיות אשפה 25 י,אסיר פלסט,TR,עלמה שקיות אשפה 25 יחידות 75 90,יחידה,25.00,יחידה,false,1,10.90,0.4360,true,1,159226
7290002814580,false,טורנדו גרגירים לפתיח,קומפלקס כימיקלים,IL,טורנדו גרגירים לפתיחת סתימות גרם 200 מל,מיליליטרים,200.00,"100 מ""ל",false,1,14.90,7.4500,true,1,159227
7290002814634,false,עלמה כפפות לטקס ללא,קומפלקס כימיקלים,CN,עלמה כפפות לטקס ללא אבקה מידה S,יחידה,1.00,יחידה,false,1,23.90,23.9000,true,1,159228
7290002814641,false,עלמה כפפות לטקס ללא,קומפלקס כימיקלים,CN,עלמה כפפות לטקס ללא אבקה מידה M,יחידה,1.00,יחידה,false,1,23.90,23.9000,true,1,159229
7290002814658,false,עלמה כפפות לטקס ללא,קומפלקס כימיקלים,CN,עלמה כפפות לטקס ללא אבקה מידה L,יחידה,1.00,יחידה,false,1,23.90,23.9000,true,1,159230
7290002814665,false,מתז מסיר עובש 1 ליטר,קומפלקס כימיקלים,IL,מתז מסיר עובש 1 ליטר,ליטרים,1.00,ליטר,false,1,12.90,12.9000,true,1,159231
7290002814672,false,עלמה כפפות לטקס ללא,קומפלקס כימיקלים,CN,עלמה כפפות לטקס ללא אבקה מידה XL,יחידה,1.00,יחידה,false,1,23.90,23.9000,true,1,159232
7290002814719,false,נוזל רצפות מאסק סנט,קומפלקס כימיקלים,IL,נוזל רצפות מאסק סנט מוריץ לאסלות 4 ליטר,ליטרים,4.00,ליטר,false,1,15.90,3.9750,true,1,159233
7290002814825,false,כדוריות אסלה אוקיינו,גורקה,TR,כדוריות אסלה אוקיינוס 1 3 יחידות,יחידה,3.00,יחידה,false,1,11.90,3.9667,true,1,159235
7290002814832,false,כדורי סבון לאסלה לבנ,גורקה,TR,כדורי סבון לאסלה לבנדר 3 יחידות,יחידה,3.00,יחידה,false,1,11.90,3.9667,true,1,159236
7290002814887,false,סנט מוריץ מגבונים לח,,IL,סנט מוריץ מגבונים לחים לרצפה 10 יחידות,יחידה,10.00,יחידה,false,1,10.90,1.0900,true,1,159237
7290002814931,false,תכשיר מרוכז לניקוי ר,קומפלקס כימיקלים,IL,תכשיר מרוכז לניקוי רצפות בניחוח אורנים 4,ליטרים,4.00,ליטר,false,1,15.90,3.9750,true,1,159197
7290002814948,false,סנט מוריץ מגבוני דלי,קומפלקס כימיקלים,IL,סנט מוריץ מגבוני דלי לרצפה 50 יחידות,יחידה,50.00,יחידה,false,1,29.90,0.5980,true,1,159429
7290002814986,false,סנט מוריץ מגבונים לנ,קומפלקס כימיקלים,IL,סנט מוריץ מגבונים לניקוי כללי בדלי 400 י,יחידה,400.00,יחידה,false,1,21.90,0.0547,true,1,159430
7290002824183,false,גבינה סקי 5%  פיקוח,מיוצר עי קונדיטוריית,IL,סקי משפחתי 5%,גרמים,500.00,100 גרם,false,1,9.96,1.9920,true,1,2364
7290002824466,false,יוגורט דנונה 0% טבעי,"שטראוס בריאות בע""מ",IL,דנונה ביו  0% 200 גרם,גרמים,200.00,100 גרם,false,1,3.70,1.8500,true,1,2365
7290002824640,false,גבינה סקי 5% פיקוח 2,מיוצר עי קונדיטוריית,IL,סקי 5% 250 גרם,גרמים,250.00,100 גרם,false,1,4.98,1.9920,true,1,2367
7290002825722,false,סלט כרוב אדום אחלה,מיוצר עי קונדיטוריית,IL,כרוב אדום 500,גרמים,500.00,100 גרם,false,1,14.90,2.9800,true,1,2372
7290002830184,false,דג פילה לברק נטו,יושלם,,דג פילה לברק נטו,קילוגרמים,1.00,"ק""ג",true,,54.90,54.9000,true,1,95329
7290002830948,false,גבינה מון בלאן עיזים,האי נאם סי או אל.טי.,IL,מון בלאן גבינת עיזים מותכת 120 גרם,גרמים,120.00,100 גרם,false,1,11.90,9.9167,true,1,71136
7290002842699,false,מיץ שזיפים ללא סוכר,קליפסטאר קונפוריישן,US,"מיץ שזיפים ללא סוכר  946 מ""ל",מיליליטרים,946.00,"100 מ""ל",false,1,22.20,2.3467,true,1,150464
7290002868996,false,קוטג מועשר 5% טרה 25,טרה,,קוטג מועשר 5% טרה 250 גרם,גרמים,250.00,100 גרם,false,1,6.20,2.4800,true,1,31550
7290002871248,false,בירה טובורג בקבוק חו,מולינו ניקולי s.p.a,IL,"טובורג מלא חוזר חדש 500 מ""ל",מיליליטרים,500.00,"100 מ""ל",false,1,9.50,1.9000,true,1,2431
7290002871361,false,בירה קרלסברג בקבוק ח,מבשלות בירה בינלאומי,IL,קלסברג בירה 500 מל,מיליליטרים,500.00,"100 מ""ל",false,1,9.50,1.9000,true,1,2432
7290002879237,false,חטיף ציפס תירס ברביק,דדוש דניאל,,חטיף ציפס תירס ברביקיו 200 גרם,גרמים,200.00,100 גרם,false,1,12.90,6.4500,true,1,58506
7290002879282,false,חטיף ציפס תירס רגיל,פוקולוקו,,חטיף ציפס תירס רגיל 200 גרם,גרמים,200.00,100 גרם,false,1,12.90,6.4500,true,1,56484
7290002879299,false,מלפפונים גדולים בחומ,דדוש דניאל,,מלפפונים גדולים בחומץ 860 גרם,גרמים,860.00,100 גרם,false,1,19.90,2.3140,true,1,62222
7290002879305,false,מלפפונים קטנים בחומץ,דדוש דניאל,,מלפפונים קטנים בחומץ 860 גרם,גרמים,860.00,100 גרם,false,1,20.70,2.4070,true,1,58696
7290002879411,false,מלפפונים חמוץ מתוק 6,פולן,,מלפפונים חמוץ מתוק 680 גרם,גרמים,680.00,100 גרם,false,1,17.70,2.6029,true,1,58931
7290002879435,false,כרוב כבוש 900 גרם,פולן,,כרוב כבוש 900 גרם,גרמים,900.00,100 גרם,false,1,18.70,2.0778,true,1,54834
7290002879633,false,וופל בלגי 1/10 550 ג,הרטו בלגיה,BE,וופל בלגי 1/10 550 גרם,גרמים,550.00,100 גרם,false,1,24.90,4.5273,true,1,155213
7290002879886,false,מלפפונים רצועות בחומ,פולן,,מלפפונים רצועות בחומץ  680 גרם,גרמים,680.00,100 גרם,false,1,20.90,3.0735,true,1,59097
7290002881018,false,מעדן תות שדה 100%,,,מעדן תות שדה 100%,גרמים,284.00,100 גרם,false,1,12.50,4.4014,true,1,140327
7290002881094,false,מעדן פירות יער 284גר,,,מעדן פירות יער 284גר,גרמים,284.00,100 גרם,false,1,12.90,4.5423,true,1,134588
7290002881254,false,קוקטייל טרופי,סאנרייז,,קוקטייל טרופי 850 גרם,גרמים,850.00,100 גרם,false,1,13.90,1.6353,true,1,75916
7290002881261,false,ליצי שלם567 גרם,זהנגזהו אנגבה,,ליצי שלם567 גרם,גרמים,567.00,100 גרם,false,1,11.90,2.0988,true,1,75914
7290002881278,false,חצאי אפרסק,אלבס אס.א.גריק,,חצאי אפרסק 820 גרם,גרמים,820.00,100 גרם,false,1,12.90,1.5732,true,1,59764
7290002881407,false,איטריות נודלס,,,איטריות נודלס,יחידה,0.40,יחידה,false,1,5.90,14.7500,true,1,63820
7290002881414,false,נודלס עבה,,,נודלס עבה,יחידה,0.40,יחידה,false,1,5.90,14.7500,true,1,62214
7290002881506,false,חמאת בוטנים,,,חמאת בוטנים,יחידה,0.51,יחידה,false,1,12.90,25.2941,true,1,67807
7290002881513,false,חמאת בוטנים חתיכות,,,חמאת בוטנים חתיכות,גרמים,500.00,100 גרם,false,1,12.90,2.5800,true,1,70459
7290002881551,false,עלי גפן ממולאים באור,אסמא קונסרב,,עלי גפן ממולאים באורז תומר 400 גרם,גרמים,400.00,100 גרם,false,1,10.90,2.7250,true,1,110291
7290002881957,false,סרדינים בשמן חמניות,,,סרדינים בשמן חמניות חריף תומר 125 גרם,גרמים,125.00,100 גרם,false,1,4.90,3.9200,true,1,69698
7290002881988,false,סרדין מרוקאי,,,סרדין מרוקאי,יחידה,1.00,יחידה,false,1,5.40,5.4000,true,1,71024
7290002900566,false,פסטרמה ברביקיו דש,הנסיך- מפעל לייצור ט,IL,פסטרמה ברביקיו דל שומן טירת צבי 360 גרם,גרמים,360.00,100 גרם,false,1,30.90,8.5833,true,1,32843
7290002904694,false,"דאו ""ספריי לגבר",אמיליה קוסמטיקס בעמ,IL,"טיטניום דאודורנט ספריי קלאסי 180 מ""ל",מיליליטרים,180.00,"100 מ""ל",false,1,18.90,10.5000,true,1,2490
7290002909569,false,פילה ברבוניה 400 גרם,דולפין ספא,,פילה ברבוניה 400 גרם ארוז (נייזר),גרמים,400.00,100 גרם,false,1,29.90,7.4750,true,1,110210
7290002909576,false,בשר טחון לקציצות ולק,יוליניבר,IL,בשר בקר טחון לקציצות ולקבב 500 גרם,גרמים,500.00,100 גרם,false,1,21.90,4.3800,true,1,110211
7290002911029,false,דבש החורש צנצנת 350,,,דבש החורש צנצנת 350 גר,גרמים,350.00,100 גרם,false,1,18.90,5.4000,true,1,53091
7290002911036,false,דבש החורש צנצנת 500,,,דבש החורש צנצנת 500 גר פלסטיק,גרמים,500.00,100 גרם,false,1,24.90,4.9800,true,1,53077
7290002911043,false,צנצנת דבש החורש 1000,,,צנצנת דבש החורש 1000 ג,קילוגרמים,1.00,"ק""ג",false,1,42.90,42.9000,true,1,53073
7290002919179,false,אמנון פילה 5-9 פס עו,בלאדי,IL,אמנון פילה 5-9 פס עור בוואקום,קילוגרמים,1.00,"ק""ג",true,,36.00,36.0000,true,1,157699
7290002921165,false,ספריי הזלין למוצרי ע,יוליניבר,,יעקבי הזלין קונדישינר חלב שקוף לרהיטי עור 400 מל,מיליליטרים,400.00,"100 מ""ל",false,1,39.50,9.8750,true,1,2503
7290002921233,false,מסיר כתמים קרבונה ספ,מנדלז סי.אר. פרודקשן,ES,מסיר כתמים קרבונה ספריי             170,מיליליטרים,170.00,"100 מ""ל",false,1,23.90,14.0588,true,1,15806
7290002921240,false,שמפוזר לרפוד עם מברש,יוליניבר,MX,יעקבי קרבונה מסיר כתמים מריפוד ושטיחים 650 מל,מיליליטרים,650.00,"100 מ""ל",false,1,27.90,4.2923,true,1,2504
7290002921332,false,סבון הפלא אסטוניש,פרח,,יעקבי אסטוניש סבון הפלא מסיר כתמים 75 גרם,גרמים,75.00,100 גרם,false,1,18.90,25.2000,true,1,2505
7290002921349,false,דבק סופר גלו לוקטיט,הנקל,,דבק סופר גלו לוקטיט,גרמים,100.00,100 גרם,false,1,11.90,11.9000,true,1,2506
7290002922117,false,עוגיות פרימיום 200-3,אקלר,,עוגיות פרימיום 200-300 גרם,גרמים,300.00,100 גרם,false,1,23.90,7.9667,true,1,52917
7290002929536,false,קובה למרק,האי נאם סי או אל.טי.,IL,"קובה למרק 600 גר                       """,גרמים,600.00,100 גרם,false,1,17.90,2.9833,true,1,98322
7290002929642,false,טונה ויליגר בשמן140,יבואן ומשווק: ש. שסט,TH,טונה ויליגר בשמן 140 גרם 1\4,גרמים,560.00,100 גרם,false,1,21.90,3.9107,true,1,99958
7290002946700,false,מצית פחם נוזלי,"ויק ליין תעשיות בע""מ",IL,חומר מצית פחם ועץ נוזלי 200 מל,מיליליטרים,200.00,"100 מ""ל",false,1,10.90,5.4500,true,1,47480
7290002954460,false,אורז אוסטרלי עגול,"אינסטנטה בע""מ",AU,אורז אוסטרלי עגול 1 קג                 .,קילוגרמים,1.00,"ק""ג",false,1,13.90,13.9000,true,1,18151
7290002971016,false,סולת 1 קג,,,סולת 1 קג,קילוגרמים,1.00,"ק""ג",false,1,5.90,5.9000,true,1,73856
7290002971955,false,"קמח שטיבל 650  1 ק""ג",שטיבל,IL,"קמח שטיבל 650  1 ק""ג",קילוגרמים,1.00,"ק""ג",false,1,8.90,8.9000,true,1,134596
7290002986652,false,ביסקוויט פתיבר שוקו,"אחים גטניו בע""מ",,ביסקוויט פתיבר שוקו גטניו 470 גרם,גרמים,470.00,100 גרם,false,1,9.90,2.1064,true,1,34755
7290002987963,false,חומוס אחלה 1 קג,מיוצר עי קונדיטוריית,IL,חומוס אחלה 1 קג,קילוגרמים,1.00,"ק""ג",false,1,15.70,15.7000,true,1,2560
7290002994329,false,לחם אחיד פרוס,מאפיית אגמי,IL,לחם אחיד פרוס,גרמים,0.00,100 גרם,false,1,7.11,0.0000,true,1,55360
7290002994435,false,חלה רגילה שומשום,"מאפיית אגמי בע""מ",IL,חלה רגילה אגמי  שומשום,גרמים,500.00,100 גרם,false,1,5.17,1.0340,true,1,58486
7290002994602,false,לחם 9 דגנים קל,מאפיית אגמי,IL,לחם 9 דגנים קל,גרמים,500.00,100 גרם,false,1,17.90,3.5800,true,1,52891
7290002994619,false,לחם מקמח מלא קל,מאפיית אגמי,IL,לחם מקמח מלא קל,גרמים,500.00,100 גרם,false,1,15.90,3.1800,true,1,52892
7290002994794,false,חלה קלה ארוזה אגמי,מאפיית אגמי,,חלה קלה ארוזה אגמי,גרמים,500.00,100 גרם,false,1,12.90,2.5800,true,1,88413
7290002994947,false,לחם מלא מלא 100 %,מאפיית אגמי,,לחם מלא מלא 100 %,גרמים,750.00,100 גרם,false,1,15.90,2.1200,true,1,71261
7290003006021,false,סלט בסגנון פטה,גבינות ניצן,,סלט בסגנון פטה,קילוגרמים,1.00,"ק""ג",true,,85.00,85.0000,true,1,40484
7290003009183,false,סירופ דיאט פריגת תפו,גת,IL,"סירופ דיאט פריגת תפוחים 750 מ""ל",מיליליטרים,750.00,"100 מ""ל",false,1,24.60,3.2800,true,1,31364
7290003009312,false,בוטנים קלויים קליית,הדקלאים אגודת שיתופי,IL,בוטן קלוי 200 גר' שק',גרמים,200.00,100 גרם,false,1,7.90,3.9500,true,1,12265
7290003009329,false,בוטנים אמריקאיים קלי,ששון ושות' (ש.ת. תעש,IL,בוטן אמריק'200 גר'שק (ב(24,גרמים,200.00,100 גרם,false,1,6.90,3.4500,true,1,12178
7290003009336,false,קבוקים מצופים קליית,קוד יצרן JG,IL,קבוקים 200 גר'שק'ב24,גרמים,200.00,100 גרם,false,1,6.90,3.4500,true,1,13873
7290003009596,false,סירופ דיאט אשכוליות,גת,IL,"סירופ דיאט אשכוליות 750 מ""ל",מיליליטרים,750.00,"100 מ""ל",false,1,24.60,3.2800,true,1,31345
7290003009640,false,מיץ תפוזים סחוט פריג,גת,IL,סחוט תפוזים קלאסי 1 ליטר,ליטרים,1.00,ליטר,false,1,16.50,16.5000,true,1,2632
7290003015627,false,ריצפז סנופרש אפרסק 2,"סנו מפעלי ברונוס בע""",IL,ריצפז סנופרש אפרסק 2 ליטר,ליטרים,2.00,ליטר,false,1,18.90,9.4500,true,1,34788
7290003015641,false,ריצפז סנופרש יסמין 2,סנו,IL,ריצפז סנופרש יסמין 2 ליטר,ליטרים,2.00,ליטר,false,1,18.90,9.4500,true,1,34790
7290003026234,false,קמיל בלו תחליב לתינו,הדקלאים אגודת שיתופי,IL,קמיל בלו סנסיטיב תחליב לתינוק 500 גרם,מיליליטרים,500.00,"100 מ""ל",false,1,24.90,4.9800,true,1,18734
7290003029181,false,שוקו יטבתה בקבוק 1 ל,מחלבת יטבתה,IL,שוקו 1 ליטר,ליטרים,1.00,ליטר,false,1,12.90,12.9000,true,1,2721
7290003029372,false,משקה חלב בננה יטבתה,מחלבת יטבתה,IL,בננה 1 ליטר,ליטרים,1.00,ליטר,false,1,12.90,12.9000,true,1,2725
7290003029389,false,משקה חלב בננה פקק ספ,,IL,"בננה פקק 250 מ""ל",מיליליטרים,250.00,"100 מ""ל",false,1,5.50,2.2000,true,1,2726
7290003029433,false,שוקו יטבתה פקק ספורט,,IL,"שוקו יטבתה פקק ספורטאים 250 מ""ל",מיליליטרים,250.00,"100 מ""ל",false,1,5.50,2.2000,true,1,2728
7290003029532,false,מוקה יטבתה בקבוק 1 ל,מחלבת יטבתה,IL,מוקה 1 ליטר,ליטרים,1.00,ליטר,false,1,12.90,12.9000,true,1,2730
7290003029792,false,מארז שוקו יטבתה 8 שק,שטראוס גרופ,,מארז שוקו יטבתה 8 שקיות,ליטרים,1.80,ליטר,false,1,17.80,9.8889,true,1,31569
7290003029815,false,חלב מועשר 3% בכד יטב,מחלבת יטבתה,IL,חלב מועשר 3% בכד יטבתה 2 ליטר,ליטרים,2.00,ליטר,false,1,15.60,7.8000,true,1,31923
7290003029907,false,קפה יטבתה בקבוק 1 לי,מחלבת יטבתה,IL,אייס קפה 1 ליטר,ליטרים,1.00,ליטר,false,1,12.90,12.9000,true,1,34015
7290003047642,false,תה ליפטון אנגלי 100,"יונילוור רוסייה בע""מ",RU,תה שחור יילו לייבל,גרמים,150.00,100 גרם,false,1,18.90,12.6000,true,1,2750
7290003054220,false,לחם שיפון פומפרניקל,מסטמאכר ג'.אמ.בי.הי,DE,מסטמכר לחם שיפון פומפרניקל בנוסח ווסטפליה 500 גרם,גרמים,500.00,100 גרם,false,1,14.90,2.9800,true,1,2773
7290003054657,false,"חרדל דיז""ון אקסטרא פ",כלורוקס אוקלנד,FR,חרדל דיז'ון אקסטרא פורטה 370 גרם,גרמים,370.00,100 גרם,false,1,12.90,3.4865,true,1,2776
7290003055128,false,טישו פיור 100 יח,חיי נייר,IL,טישו פיור 100 יח,יחידה,1.00,יחידה,false,1,3.90,3.9000,true,1,146423
7290003060009,false,"קמח חיטה לבן 1 ק""ג ס",טחנות ישראל,,"קמח חיטה לבן 1 ק""ג סוגת",קילוגרמים,1.00,"ק""ג",false,1,5.90,5.9000,true,1,2794
7290003060023,false,"סולת חיטה 1 ק""ג טחנו",טחנות ישראל,,"סולת חיטה 1 ק""ג טחנות ישראליות",קילוגרמים,1.00,"ק""ג",false,1,5.70,5.7000,true,1,2795
7290003060047,false,קמח תופח טחנות ישראל,טחנות ישראליות,,"קמח תופח בשקית 1  ק""ג",קילוגרמים,1.00,"ק""ג",false,1,5.90,5.9000,true,1,24129
7290003060276,true,קמח בהיר מנופה,,,קמח בהיר מנופה,קילוגרמים,1.00,"ק""ג",false,1,8.90,8.9000,true,1,134606
7290003069590,false,"סול ואקום 1 ק""ג",דאליאן גואופו אקאטיק,CN,סול ואקום 1 קג,קילוגרמים,1.00,"ק""ג",false,1,36.90,36.9000,true,1,76559
7290003072606,false,נקניקיות עוף מיני 35,הנסיך- מפעל לייצור ט,IL,נקניקיות עוף מיני מיני 350 גרם,גרמים,350.00,100 גרם,false,1,13.90,3.9714,true,1,128424
7290003072828,false,נקניקיות פרנקפורטר 3,טירת צבי,IL,נקניקיות פרנקפורטר 320 גרם,גרמים,320.00,100 גרם,false,1,22.90,7.1562,true,1,152265
7290003072859,false,רוסטביף 120 גרם,הנסיך- מפעל לייצור ט,IL,טירת צבי דלקטיב רוסטביף 120 גרם,מיליליטרים,120.00,"100 מ""ל",false,1,26.90,22.4167,true,1,146648
7290003072972,false,קבנוס טירת צבי תיבול,טירת צבי,IL,קבנוס טירת צבי תיבול שום 120 גרם,גרמים,120.00,100 גרם,false,1,11.90,9.9167,true,1,152269
7290003075553,false,לבנה 500 גר        .,מחלבת רגב,,לבנה 500 גר                            .,גרמים,500.00,100 גרם,false,1,18.90,3.7800,true,1,15462
7290003075652,false,לבנה,מחלבת רגב,,לבנה 250 גרם,גרמים,250.00,100 גרם,false,1,11.90,4.7600,true,1,15513
7290003075850,false,לבנה בשמן וזעתר,מחלבת רגב,,לבנה בשמן וזעתר250 גר                  .,גרמים,250.00,100 גרם,false,1,12.90,5.1600,true,1,15463
7290003100361,false,דונטס,גדרון,IL,דונטס,יחידה,1.00,יחידה,false,1,4.90,4.9000,true,1,87154
7290003102068,false,צימרוני אוזניים מעץ,יושלם,,צימרוני אוזניים מעץ 100 יח,יחידה,1.00,יחידה,false,1,1.90,1.9000,true,1,79176
7290003102419,false,כפפות ניילון 100 יח,,CN,כפפות ניילון 100 יח בקופסא איזי טאצ,יחידה,1.00,יחידה,false,1,6.90,6.9000,true,1,146331
7290003102976,false,צימרוני אוזניים פלסט,הדקלאים אגודת שיתופי,CN,צימרוני פלסטיק צבעוניים 200 יחידות,יחידה,1.00,יחידה,false,1,4.90,4.9000,true,1,82973
7290003109265,false,אצבעות מתוקות,קונדיטורית יוסופוב י,,אצבעות מתוקות350,גרמים,350.00,100 גרם,false,1,15.90,4.5429,true,1,52920
7290003120475,false,בירה טובורג מאלט בקב,מבשלות בירה בינלאומי,IL,"מאלטי מלא חוזר 500 מ""ל",מיליליטרים,500.00,"100 מ""ל",false,1,5.80,1.1600,true,1,2839
7290003121083,false,תבשיל מגיק טעם בקר,טאט הוי פוד בעמ,SG,מג'יק ארוחת נודלס בטעם בשר 85 גרם,גרמים,85.00,100 גרם,false,1,3.20,3.7647,true,1,2841
7290003121090,false,תבשיל מרק בשקית ירק,זנטי אס. אי לאלין,SG,תבשילמגיק בשקית ירקות             X30,גרמים,85.00,100 גרם,false,1,3.20,3.7647,true,1,2842
7290003121106,false,תבשיל מרק בשקית עוף,כלורוקס אוקלנד,SG,תבשילמגיק בשקית עוף85 ג             X30,גרמים,85.00,100 גרם,false,1,3.20,3.7647,true,1,2843
7290003126712,false,יוגורט עיזים 3.9%  1,משק צוריאל,IL,יוגורט עיזים 3.9%  150 גרם צוריאל,גרמים,150.00,100 גרם,false,1,6.90,4.6000,true,1,35308
7290003126958,false,טופו גולמי וואקום 30,א.י.ן תעשיות מזון בע,IL,טופו גולמי וואקום 300 גרם צוריאל,גרמים,300.00,100 גרם,false,1,13.50,4.5000,true,1,2854
7290003141159,false,מרשמלו יוגטה 180 גרם,מוטקה החולב,TR,מרשמלו ממתק מוקצף בטעמי תות שדה ווניל 180 גרם,גרמים,180.00,100 גרם,false,1,8.90,4.9444,true,1,90376
7290003142477,false,ערמונים,הדקלאים אגודת שיתופי,IL,ערמונים קלויים 100 גרם,גרמים,100.00,100 גרם,false,1,7.90,7.9000,true,1,104382
7290003143139,false,סילאן קליית גת  900,"טעמי הגליל בע""מ",IL,סילאן קליית גת 900 גר,גרמים,900.00,100 גרם,false,1,14.90,1.6556,true,1,108073
7290003143146,false,ממרח תמרים 450 קלית,הדקלאים אגודת שיתופי,IL,ממרח תמרים 450 קלית גת,גרמים,450.00,100 גרם,false,1,6.50,1.4444,true,1,94006
7290003143276,false,יוגטה מרשמלו מגולגל,מוטקה החולב,TR,יוגטה מרשמלו ממתק מוקצף בטעם שדה 180 גרם,גרמים,180.00,100 גרם,false,1,8.90,4.9444,true,1,95657
7290003144075,false,עוגה אישית שוקולד ונ,פרדי קונדטוריה אס.פי,,עוגה אישית שוקולד וניל צוקטה 30 גרם,גרמים,30.00,100 גרם,false,1,1.90,6.3333,true,1,110188
7290003144105,false,צוקטה עוגה אישית שוק,קריניציה ויטמינה אס,IT,צוקטה עוגה אישית קרמל,גרמים,0.00,100 גרם,false,1,16.90,0.0000,true,1,107963
7290003144310,false,תערובת אגוזים וחמוצי,J&G PECANS,IL,תע'אגוזים וחמוציות 150 גר,גרמים,150.00,100 גרם,false,1,19.90,13.2667,true,1,123071
7290003145751,false,אגוזי קשיו קלויים קל,הדקלאים אגודת שיתופי,IL,"קליית גת אגוזי קלויים, 200 גרם",גרמים,200.00,100 גרם,false,1,19.90,9.9500,true,1,50461
7290003145768,false,בוטן אמריקאי 50 גרם,ששון ושות' (ש.ת. תעש,IL,בוטן אמריקאי 50X42 גר',גרמים,50.00,100 גרם,false,1,2.90,5.8000,true,1,48924
7290003145959,false,פקאן,קוד יצרן JG,IL,פקאן טבעי 150 גרם,יחידה,150.00,יחידה,false,1,23.90,0.1593,true,1,60888
7290003158164,false,בורקס ריקוטה,"גידרון תעשיות בע""מ",,בורקס ריקוטה,קילוגרמים,1.00,"ק""ג",true,,49.90,49.9000,true,1,80899
7290003163939,false,"נקניקיות גריל 1.5 ק""",יושלם,,"נקניקיות גריל 1.5 ק""ג",קילוגרמים,1.50,"ק""ג",false,1,33.90,22.6000,true,1,85953
7290003185719,false,קבב רומני 500 גרם,טיבון ויל אחזקות בעמ,IL,קבב רומני 500 גרם,גרמים,500.00,100 גרם,false,1,19.90,3.9800,true,1,2916
7290003185726,false,קבב מזרחי 500 גרם  ט,טיבון ויל אחזקות בעמ,IL,קבב מזרחי 500 גרם,גרמים,500.00,100 גרם,false,1,19.90,3.9800,true,1,2917
7290003187843,false,טחון עגל 500 גרם,מולינו ניקולי s.p.a,IL,טיבון ויל 100% עגל טחון 500 גרם,גרמים,500.00,100 גרם,false,1,27.90,5.5800,true,1,2939
7290003208586,false,מרטיני לבן בקבוק 750,מרטיני ורוסי,IT,"מרטיני ביאנקו וורמוט לבן מתוק 750 מ""ל",מיליליטרים,750.00,"100 מ""ל",false,1,54.90,7.3200,true,1,68675
7290003208609,false,מרטיני אדום 750 מל,מרטיני ורוסי,IT,"מרטיני רוסו וורמוט אדום מתוק 750 מ""ל",מיליליטרים,750.00,"100 מ""ל",false,1,54.90,7.3200,true,1,70543
7290003210114,false,טרופית בוסתן 200 מל,בוסתן,IL,טרופית בוסתן 200 מל,מיליליטרים,200.00,"100 מ""ל",false,1,2.90,1.4500,true,1,130602
7290003220380,false,מעדני מלך סנדוויץ שו,אחים פפושדו,IL,מעדני מלך סנדוויץ שוקו 150ג,גרמים,150.00,100 גרם,false,1,4.50,3.0000,true,1,155618
7290003220397,false,מעדני מלך סנדוויץ ונ,אחים פפושדו,IL,מעדני מלך סנדוויץ וניל 150ג,גרמים,150.00,100 גרם,false,1,4.50,3.0000,true,1,155619
7290003220526,false,רוטב WOK  צילי חריף,THAI PREEDA TRADING,,"רוטב WOK  צילי חריף 700 מ""ל",מיליליטרים,700.00,"100 מ""ל",false,1,13.90,1.9857,true,1,80036
7290003220533,false,רוטב WOK צילי מתוק 7,THAI COCONUT CO,,"רוטב WOK צילי מתוק 700 מ""ל",מיליליטרים,700.00,"100 מ""ל",false,1,13.90,1.9857,true,1,70669
7290003220588,false,רוטב צילי  מתוקWOK,תאי פרידה אינדסטרי ב,,"רוטב צילי  מתוק דיאט 700 מ""ל          W",מיליליטרים,700.00,"100 מ""ל",false,1,15.90,2.2714,true,1,77609
7290003220595,false,אורז לסושי WOK  שקית,"מיה תעשיות מזון בע""מ",,"אורז לסושי WOK  שקית 1 ק""ג",קילוגרמים,1.00,"ק""ג",false,1,13.90,13.9000,true,1,80328
7290003220649,false,שמן שומשום WOK טהור,או שין הינג,SG,"ווק שמן שומשום 100% 150 מ""ל",מיליליטרים,150.00,"100 מ""ל",false,1,13.90,9.2667,true,1,111433
7290003220700,false,מחצלת לסושי WOK,קוסומאי במבוק,,מחצלת לסושי WOK,לא מנהל יחידת מידה,0.00,לא מנהל יחידת מידה,false,1,6.90,0.0000,true,1,88269
7290003220717,false,אצות נורי סילוור 10,JAEWON GLOBAL NET,,אצות נורי סילוור 10 דפים 25 גרם,גרמים,25.00,100 גרם,false,1,11.90,47.6000,true,1,79860
7290003220724,false,צופ-סטיקס חד פעמי 20,קוסומאי במבוק,,צופ-סטיקס חד פעמי 20 זוגות,Unknown,0.00,Unknown,false,1,6.90,0.0000,true,1,88270
7290003220748,false,רוטב סויה בהירה 640,LINGHANG INDUSTRIA,,"רוטב סויה בהירה 640 מ""ל",מיליליטרים,640.00,"100 מ""ל",false,1,14.90,2.3281,true,1,84210
7290003220755,false,רוטב סויה כהה,ליאנג סאנג האנד הואד,,"רוטב סויה כהה 640 מ""ל",מיליליטרים,640.00,"100 מ""ל",false,1,14.90,2.3281,true,1,84211
7290003220779,false,ווק אטריות אורז עובי,THAI COCONUT CO,TH,"ווק אטריות אורז עובי 3 מ""מ 400 גרם",גרמים,400.00,100 גרם,false,1,9.90,2.4750,true,1,103689
7290003220786,false,מקלות אורז מס 5 400,ASIAN SUPERIOR FOODS,,מקלות אורז מס 5 400 גרם,גרמים,400.00,100 גרם,false,1,9.90,2.4750,true,1,99034
7290003220830,false,ווק חומץ אורז יסמין,דיאמונד פריזרוד פודס,TH,"ווק חומץ אורז יסמין 500מ""ל WOK",מיליליטרים,500.00,"100 מ""ל",false,1,15.90,3.1800,true,1,99012
7290003220939,false,מקלוני אורז דקים 400,אסיאן סופירה פודס חב,,מקלוני אורז דקים 400 גרם,גרמים,400.00,100 גרם,false,1,9.90,2.4750,true,1,103690
7290003220977,false,עוגיות מצופות מעדני,אפיפית,,עוגיות מצופות מעדני המלך 175 גר,גרמים,175.00,100 גרם,false,1,7.90,4.5143,true,1,153228
7290003222070,false,פיתה עבודת יד 13 יח,מ.מ רשיון 2115,IL,פיתה עבודת יד 13 יח,יחידה,1.00,יחידה,false,1,13.90,13.9000,true,1,117584
7290003222094,false,פיתה ביס עבודת יד 11,מאפיית טעמי הכפר,IL,פיתה ביס עבודת יד 11 יח,גרמים,600.00,100 גרם,false,1,12.90,2.1500,true,1,117586
7290003224036,false,אוכמניות כחולות 300,מאמא מרי,US,אוכמניות כחולות                     300,גרמים,300.00,100 גרם,false,1,19.90,6.6333,true,1,63118
7290003224128,false,כיסונים תפוחי אדמה 8,מאמא מרי,,כיסונים תפוחי אדמה 800 גרם,גרמים,800.00,100 גרם,false,1,17.90,2.2375,true,1,2981
7290003224135,false,כיסונים בשר 800 גרם,מאמא מרי,,כיסונים בשר 800 גרם,גרמים,800.00,100 גרם,false,1,22.90,2.8625,true,1,113324
7290003224142,false,בלינצס תפוח אדמה ופט,מאמא מרי,IL,בלינצס תפוח אדמה ופטריות 400 גרם,גרמים,400.00,100 גרם,false,1,16.90,4.2250,true,1,129676
7290003224173,false,בלינצס פטריות 400 גר,מאמא מרי,IL,בלינצס פטריות 400 גרם,גרמים,400.00,100 גרם,false,1,16.90,4.2250,true,1,129675
7290003224265,false,כיסונים בשר בקר מאמא,מאמא מרי,IL,כיסונים בשר בקר מאמא מרי 800 גם,גרמים,800.00,100 גרם,false,1,29.90,3.7375,true,1,156290
7290003224333,false,דובדבן חמוץ מאמאמרי,מאמא מרי,,דובדבן חמוץ מאמאמרי  300 גרם,גרמים,300.00,100 גרם,false,1,12.90,4.3000,true,1,52440
7290003224456,false,כיסונים בשר מאמאמרי,מאמא מרי,,"כיסונים בשר מאמאמרי  1 ק""ג",קילוגרמים,1.00,"ק""ג",false,1,29.90,29.9000,true,1,2990
7290003224463,false,כיסונים בשר מאמאמרי,מאמא מרי,,"כיסונים בשר מאמאמרי  1ק""ג",קילוגרמים,100.00,"ק""ג",false,1,29.90,0.2990,true,1,2991
7290003224654,false,מיקס פירות יער  מאמא,מאמא מרי,,מיקס פירות יער  מאמא מרי קפואים300 גרם,גרמים,300.00,100 גרם,false,1,14.90,4.9667,true,1,57418
7290003224746,false,דמדמניות שחורות  מאמ,מאמא מרי,,דמדמניות שחורות  מאמאמרי  300גרם,גרמים,300.00,100 גרם,false,1,13.00,4.3333,true,1,158006
7290003224784,false,בלינצס עם דובדבנים מ,מאמא מרי,IL,בלינצס עם דובדבנים מאמאמרי 400 גרם,גרמים,400.00,100 גרם,false,1,21.90,5.4750,true,1,158005
7290003224845,false,"כיסונים תפו""א ופטריו",מאמא מרי,IL,"כיסונים תפו""א ופטריות טבעוני  800 ג""ר",גרמים,800.00,100 גרם,false,1,22.90,2.8625,true,1,151402
7290003229109,false,פסטרמה בפפריקה,הנסיך- מפעל לייצור ט,IL,פסטרמה בפפריקה טירת צבי 400 גרם,גרמים,400.00,100 גרם,false,1,30.90,7.7250,true,1,3006
7290003229116,false,פסטרמה בדבש 400 גרם,הנסיך- מפעל לייצור ט,IL,פסטרמה בדבש טירת צבי 400 גרם,גרמים,400.00,100 גרם,false,1,30.90,7.7250,true,1,3007
7290003229123,false,פסטרמה על גחלים 400,הנסיך- מפעל לייצור ט,IL,פסטרמה על גחלים טירת צבי 400 גרם,גרמים,400.00,100 גרם,false,1,30.90,7.7250,true,1,3008
7290003229147,false,נקניק סלמי איטלקי 30,הנסיך- מפעל לייצור ט,IL,נקניק סלמי איטלקי טירת צבי 300 גרם,גרמים,300.00,100 גרם,false,1,31.90,10.6333,true,1,3009
7290003229154,false,נקניק סלמי קוניאק מו,הנסיך- מפעל לייצור ט,IL,נקניק סלמי קוניאק מובחר טירת צבי 300 גרם,גרמים,300.00,100 גרם,false,1,31.90,10.6333,true,1,3010
7290003229192,false,כתף בקר מעושן טירת צ,טיב טירת צבי 2000,IL,"טירת צבי, פסטרמה כתף בקר מעושנת  400 גרם",גרמים,400.00,100 גרם,false,1,34.90,8.7250,true,1,3011
7290003229222,false,סלמי תה 300גרם,הנסיך- מפעל לייצור ט,IL,סלמי תה 300גרם,גרמים,300.00,100 גרם,false,1,23.90,7.9667,true,1,76567
7290003251018,false,קרם ידיים רגליים סיל,ש.שוורץ,,קרם ידיים רגליים סיליקון 250,יחידה,1.00,יחידה,false,1,17.00,17.0000,true,1,54597
7290003251063,false,שעווה טבעית לגוף0.5,ש.שוורץ,,שעווה טבעית לגוף  500   פח,מיליליטרים,0.00,"100 מ""ל",false,1,13.90,0.0000,true,1,66285
7290003251070,false,שעווה טבעית,ש.שוורץ,,שעווה טבעית לגוף   500   מיקרוגל,מיליליטרים,500.00,"100 מ""ל",false,1,14.90,2.9800,true,1,52987
7290003251186,false,מסיר לק,ש.שוורץ,,מסיר לק 150 מל,מיליליטרים,150.00,"100 מ""ל",false,1,7.90,5.2667,true,1,53025
7290003251308,false,"אציטון 100 מ""ל",שוורץ,,"אציטון 100 מ""ל",מיליליטרים,100.00,"100 מ""ל",false,1,3.90,3.9000,true,1,53210
7290003251537,false,קרם ידיים אורגני זית,,,קרם ידיים אורגני זית שורץ,Unknown,0.00,Unknown,false,1,16.90,0.0000,true,1,112367
7290003251810,false,אלכוהול        70%,יושלם,,אלכוהול                            70%,מיליליטרים,100.00,"100 מ""ל",false,1,8.90,8.9000,true,1,102445
7290003251865,false,אבקת הבהרה לשיער בלו,ש.שוורץ,,אבקת הבהרה לשיער בלונדר 10,Unknown,0.00,Unknown,false,1,5.90,0.0000,true,1,53139
7290003258406,false,פנינה ווקס לשיער,יושלם,,פנינה ווקס לשיער100  מל                .,מיליליטרים,100.00,"100 מ""ל",false,1,19.90,19.9000,true,1,3029
7290003260102,false,נייר טואלט משי,שניר תעשיות,,נייר טואלט משי קומפקט 12 יח,מטרים,70700.00,מטר,false,1,37.90,0.0005,true,1,49633
7290003268252,false,לחם חיטה מלאה לילדים,יוניליוור גרמניה  Gm,IL,לחם ילדים,גרמים,750.00,100 גרם,false,1,14.90,1.9867,true,1,109550
7290003275021,false,עלי גפן,כרמל,,עלי גפן  2 קג,קילוגרמים,1.00,"ק""ג",true,,44.00,44.0000,true,1,81413
7290003275090,false,סלט טורקי,כרמל,,סלט טורקי 2 קג,קילוגרמים,1.00,"ק""ג",true,,33.00,33.0000,true,1,83567
7290003287253,false,נקניקיות מרגז  הקצבי,,,נקניקיות מרגז  הקצביה 500 גרם,גרמים,500.00,100 גרם,false,1,29.90,5.9800,true,1,82903
7290003287253,false,נקניקיות מרגז  הקצבי,קרלו,IL,בלדי הקצביה נקניקיות מרגז 500 גרם,גרמים,500.00,100 גרם,false,1,27.90,5.5800,true,1,150768
7290003287291,false,קבב טלה וצנובר קצביה,יוליניבר,IL,בלדי קבב טלה וצנובר 600 גרם,גרמים,600.00,100 גרם,false,1,29.90,4.9833,true,1,82161
7290003287956,false,פילה לברק 5-7 ואקום,בלדי פרטי,,פילה לברק 5-7 ואקום,קילוגרמים,1.00,"ק""ג",true,,47.90,47.9000,true,1,101671
7290003321155,false,דנונה בר דגנים פקאן,"שטראוס בריאות בע""מ",IL,דנונה בר פקאן,גרמים,175.00,100 גרם,false,1,4.80,2.7429,true,1,3115
7290003329229,false,פילה מדומה מס6 מוכשר,בלאדי,IL,"פילה מדומה מס6 מוכשר ברזיל לק""ג",קילוגרמים,1.00,"ק""ג",true,,39.00,39.0000,true,1,157701
7290003387205,false,דאודורנט ספיד סטיק י,קולגייט פלמוליב,US,דאודורנט ספיד סטיק רגולר 56.6 גרם,גרמים,70.00,100 גרם,false,1,21.90,31.2857,true,1,3171
7290003400500,false,שוקולד ריזס קרמל עם,הרשי,,שוקולד ריזס קרמל עם בוטנים 47 גרם,גרמים,47.00,100 גרם,false,1,4.90,10.4255,true,1,96315
7290003401635,false,לחות לפתיחת תלתלים,מיוצר עי אמיליה קוסמ,IL,נטורל לחות מעצבת לפתיחת תלתלים 400 מל,מיליליטרים,400.00,"100 מ""ל",false,1,26.00,6.5000,true,1,16128
7290003402809,false,שוקולד ריזס לבן 39 ג,,,שוקולד ריזס לבן 39 ג,גרמים,39.00,100 גרם,false,1,4.90,12.5641,true,1,148240
7290003411238,false,שמרים יבשים נמסים הנ,ברוגמאן גנט,BE,ברוגמאן שמרים יבשים מוכנים 500 גרם,גרמים,500.00,100 גרם,false,1,15.90,3.1800,true,1,50762
7290003411313,false,מפת שולחן רב פעמית 1,שיווק: הנמל אריזות ו,IL,הנמל מפת שולחן אל בד 180X120 סמ,Unknown,0.00,Unknown,false,1,5.90,0.0000,true,1,18770
7290003411405,false,נר נשמה 24 שעות,מיוצר בסין.יבוא ושיו,CN,הנמל נר נשמה פח 24 שעות,יחידה,1.00,יחידה,false,1,1.90,1.9000,true,1,107751
7290003411528,false,מלית קינמון,"פוליבה בע""מ",IL,פוליבה מלית קינמון 450 גרם,גרמים,450.00,100 גרם,false,1,13.90,3.0889,true,1,16388
7290003411566,false,צמרונים עץ  200 יחיד,שוורצקוף& הנקל דיסלד,CN,הנמל צימרוני עץ 200 יחידות,Unknown,0.00,Unknown,false,1,2.90,0.0000,true,1,53148
7290003411689,false,ליפתניות חד פעמי  25,"איטיליאן פוד, אס.פי.",IL,הנמל ליפתניות  25 יחידות,יחידה,1.00,יחידה,false,1,4.90,4.9000,true,1,12987
7290003411696,false,מרקיות חד פעמי הנמל,,IL,הנמל מרקיות לבן 25 יחידות,יחידה,0.00,יחידה,false,1,10.90,0.0000,true,1,12988
7290003411702,false,חומוס ענק 500 גר,יבוא ושיווק: הנמל אר,IL,הנמל חומוס ענק 500 גר` - מרובע,יחידה,0.50,יחידה,false,1,13.90,27.8000,true,1,82599
7290003411993,false,גפרורים הנמל 10 יחיד,"איטיליאן פוד, אס.פי.",SE,הנמל גפרורים 10 יחידות,לא מנהל יחידת מידה,0.00,לא מנהל יחידת מידה,false,1,3.90,0.0000,true,1,24228
7290003414406,false,הרשי שבבי אפיה בוטני,,,הרשי שבבי אפיה בוטנים,גרמים,283.00,100 גרם,false,1,17.90,6.3251,true,1,107392
7290003423909,false,שוקולד הרשיז קוקיז א,הרשי,,שוקולד הרשיז קוקיז אנד קרים 43 גרם,גרמים,43.00,100 גרם,false,1,4.90,11.3953,true,1,97013
7290003427154,false,שמן זית זיתא כתית מע,זיתא,IL,"זיתא שמן זית כתית מעולה, טעם מעודן 750 מל",מיליליטרים,750.00,"100 מ""ל",false,1,34.90,4.6533,true,1,16224
7290003438006,false,ממרח פסטו וצנובר אול,אוליביה גורמה (1996),IL,ממרח פסטו וצנובר אוליביה 180 גרם,גרמים,180.00,100 גרם,false,1,13.90,7.7222,true,1,3225
7290003438020,false,ממרח עגבניות מיובשות,מיוצר עי קונדיטוריית,IL,ממרח עגבניות מיובשות אוליביה 190 גרם,גרמים,190.00,100 גרם,false,1,13.90,7.3158,true,1,3227
7290003438082,false,חזרת אוליביה 180 גרם,אוליביה גורמה (1996),IL,חזרת אוליביה 180 גרם,גרמים,180.00,100 גרם,false,1,12.90,7.1667,true,1,96915
7290003438709,false,ממרח זיתים שחורים או,גוד פוד פרודקטס S.p,IL,ממרח זיתים שחורים אוליביה190 גרם,גרמים,190.00,100 גרם,false,1,13.90,7.3158,true,1,3232
7290003444009,false,שוקולד ריזס חלב 42 ג,הרשי,,שוקולד ריזס חלב 42 גרם,גרמים,42.00,100 גרם,false,1,4.90,11.6667,true,1,96939
7290003450602,false,חרדל היינץ לחיץ 255,כלורוקס אוקלנד,US,היינץ חרדל לחיץ 255 גרם,גרמים,255.00,100 גרם,false,1,10.90,4.2745,true,1,3245
7290003451531,false,פילה מדומה מס 6 מוכש,בלאדי,IL,"פילה מדומה מס 6 מוכשר פרגוואי לק""ג",קילוגרמים,1.00,"ק""ג",true,,39.00,39.0000,true,1,157700
7290003457861,false,שלגון סולרו טרופי,שטראוס גלידות,,שלגון סולרו פירות טרופיים,גרמים,85.00,100 גרם,false,1,10.90,12.8235,true,1,3283
7290003457991,false,טילון קורנטו קלאסיקו,,IL,טילון קורנטו קלאסיקו משפחתי 6 יחידות,גרמים,418.00,100 גרם,false,1,34.90,8.3493,true,1,3286
7290003461356,false,סלט סלק,,,סלט סלק,קילוגרמים,1.00,"ק""ג",true,,35.00,35.0000,true,1,91833
7290003462704,false,דים סאם עוף 340גרם,מטעמי ישראל,IL,דים סאם עוף 340גרם,גרמים,340.00,100 גרם,false,1,32.90,9.6765,true,1,154094
7290003462742,false,ספרינגרול ירקות 400,מטעמי ישראל,,ספרינגרול ירקות 400 גרם,גרמים,400.00,100 גרם,false,1,27.90,6.9750,true,1,110977
7290003495023,false,מאפה שקדים חלבי אישי,"גידרון תעשיות בע""מ",,מאפה שקדים חלבי אישי,יחידה,1.00,יחידה,false,1,5.90,5.9000,true,1,83496
7290003495030,false,מאפה שקדים פרווה,"גידרון תעשיות בע""מ",,מאפה שקדים פרווה,קילוגרמים,1.00,"ק""ג",true,,39.90,39.9000,true,1,83497
7290003514007,false,שקדי מרק מנה 400 גרם,מנה,IL,מנה שקדי מרק 400 גרם,גרמים,400.00,100 גרם,false,1,10.80,2.7000,true,1,90377
7290003520572,false,6 מטריות חרוב,תופינית,,מטריות חרובים  54גרם,גרמים,54.00,100 גרם,false,1,14.90,27.5926,true,1,53646
7290003521760,false,"אפטרסול ג""ל אלוורה 2",הדקלאים אגודת שיתופי,IL,"אפטרסול ג""ל אלוורה 200 מ""ל",מיליליטרים,200.00,"100 מ""ל",false,1,19.90,9.9500,true,1,13681
7290003525478,false,סלט טונה ויליגר 160,"ויליגר, תעשיות בע""מ",IL,סלט טונה ויליגר 160 גרם,גרמים,160.00,100 גרם,false,1,4.90,3.0625,true,1,14119
7290003550753,false,טונה בשמן פוסידון מא,ויליגר,IL,טונה בשמן פוסידון מארז רביעייה 432 גרם,גרמים,432.00,100 גרם,false,1,23.90,5.5324,true,1,102247
7290003570164,false,מינוט שווארמה  פרגית,"בלדי בע""מ",IL,סטייק מינוט שוורמה,גרמים,300.00,100 גרם,false,1,29.90,9.9667,true,1,125110
7290003570928,false,קבב בלדי 500 גרם ארו,בלאדי,IL,קבב בלדי 500 גרם ארוז הקצביה,גרמים,500.00,100 גרם,false,1,29.90,5.9800,true,1,125061
7290003571109,false,פילה סלמון פרימיום 1,לאטי עזרא,IL,"פילה סלמון פרימיום 1.0-1.4 ק""ג ממותג",קילוגרמים,1.00,"ק""ג",true,,89.90,89.9000,true,1,150098
7290003571123,false,סלמון פילה פרימיום 1,LEROY,NO,סלמון פילה פרימיום 1.8-2.2 לקג,קילוגרמים,1.00,"ק""ג",true,,89.90,89.9000,true,1,151461
7290003578177,false,תירס גמדי שלם,מגסטיק פוד אידסטרי ק,TH,תירס גמדי 410 גרם,גרמים,410.00,100 גרם,false,1,7.50,1.8293,true,1,3406
7290003578313,false,לפתן דודדבן ללא חרצן,דל מונטה היילס אס.אי,HU,דובדבנים חמוצים מגולענים בסירופ 680 ג,גרמים,680.00,100 גרם,false,1,10.90,1.6029,true,1,3410
7290003598311,false,סטייק מינוט 300גרם ב,בלדי,IL,"בלדי מינוט סטייק, נתח אנטריקוט פרוס דק, 300 גרם",גרמים,300.00,100 גרם,false,1,34.90,11.6333,true,1,122043
7290003598472,false,סלמון מנות נורבגי בו,לאטי עזרא,IL,"סלמון מנות נורבגי בוואקום - בד""ץ העדה הח",קילוגרמים,1.00,"ק""ג",true,,89.90,89.9000,true,1,150096
7290003632367,false,פילה ברבוניה 400 גרם,דולפין ספא,,פילה ברבוניה 400 גרם,גרמים,400.00,100 גרם,false,1,29.90,7.4750,true,1,156206
7290003643004,false,אורז בסמטי קלאסי סוג,"סוגת תעשיות בע""מ",IL,"אורז בסמטי קלאסי 1 ק""ג",קילוגרמים,1.00,"ק""ג",false,1,14.90,14.9000,true,1,3478
7290003643158,false,קורנפלור סוגת,המאפיה של הרמן,IL,סוגת קורנפלור 200 גרם,גרמים,200.00,100 גרם,false,1,4.50,2.2500,true,1,3479
7290003643172,false,אבקת סוכר סוגת 100 ג,TLV צ'יף,IL,אבקת סוכר 100 גרם,גרמים,100.00,100 גרם,false,1,2.50,2.5000,true,1,107591
7290003643325,false,קוסקוס בינוני 350 גר,סוגת,,קוסקוס בינוני 350 גרם,גרמים,350.00,100 גרם,false,1,4.90,1.4000,true,1,110354
7290003643387,false,סוכר לבן בצנצנת פלסט,"סוגת תעשיות בע""מ",IL,"סוכר 1 ק""ג בצנצנת",קילוגרמים,1.00,"ק""ג",false,1,10.50,10.5000,true,1,3482
7290003643646,false,סוכר דמררה צנצנת סוג,האי נאם סי או אל.טי.,IL,"סוכר דמררה צנצנת סוגת 1 ק""ג",קילוגרמים,1.00,"ק""ג",false,1,12.90,12.9000,true,1,3483
7290003643684,false,אפונה סוגת 500 גרם,"סוגת תעשיות בע""מ",IL,אפונה 500 גרם,גרמים,500.00,100 גרם,false,1,7.50,1.5000,true,1,36435
7290003643707,false,גריסים 500 גרם סוגת,סוגת,IL,גריסים 500 גרם סוגת,גרמים,500.00,100 גרם,false,1,5.90,1.1800,true,1,107321
7290003643714,false,חומוס סוגת 500 גרם,"סוגת תעשיות בע""מ",IL,חומוס 500 גרם,גרמים,500.00,100 גרם,false,1,8.90,1.7800,true,1,41841
7290003643738,false,חיטה סוגת 500 גרם,"סוגת תעשיות בע""מ",IL,חיטה 500 גרם,גרמים,500.00,100 גרם,false,1,5.90,1.1800,true,1,41842
7290003643745,false,כוסמת סוגת 500 גרם,"סוגת תעשיות בע""מ",IL,כוסמת 500 גרם,גרמים,500.00,100 גרם,false,1,8.90,1.7800,true,1,75166
7290003643752,false,עדשים ירוקות סוגת 50,"סוגת תעשיות בע""מ",IL,עדשים ירוקות 500 גר',גרמים,500.00,100 גרם,false,1,8.50,1.7000,true,1,42098
7290003643769,false,עדשים אדומות סוגת 50,"סוגת תעשיות בע""מ",IL,עדשים אדומות סוגת 500 גרם,גרמים,500.00,100 גרם,false,1,8.50,1.7000,true,1,21066
7290003643776,false,פופקורן סוגת 500 גרם,"סוגת תעשיות בע""מ",IL,פופקורן 500 גרם,גרמים,500.00,100 גרם,false,1,6.50,1.3000,true,1,41840
7290003643783,false,קוקוס סוגת 100 גרם,"סוגת תעשיות בע""מ",IL,קוקוס 100 גרם,גרמים,100.00,100 גרם,false,1,4.20,4.2000,true,1,30068
7290003643806,false,שעועית לבנה סוגת 500,"סוגת תעשיות בע""מ",IL,שעועית לבנה 500 גרם,גרמים,500.00,100 גרם,false,1,12.90,2.5800,true,1,38757
7290003643813,false,שעועית אדומה סוגת 50,"סוגת תעשיות בע""מ",IL,שעועית אדומה סוגת 500 גרם,גרמים,500.00,100 גרם,false,1,12.90,2.5800,true,1,41843
7290003681051,false,פקאן סיני מסוכר מיה,מיה,IL,פקאן סיני מסוכר מיה 100 גרם,גרמים,100.00,100 גרם,false,1,17.90,17.9000,true,1,160079
7290003681211,false,צנובר  מיה 80 גרם,מיה,IL,צנובר  מיה 80 גרם,גרמים,80.00,100 גרם,false,1,22.90,28.6250,true,1,160080
7290003681334,false,קוקוס מיה  400 גרם ב,מיה,IL,קוקוס מיה  400 גרם בדץ,גרמים,400.00,100 גרם,false,1,11.90,2.9750,true,1,160032
7290003681365,false,קישוט לעוגה צבעוני מ,מיה,IL,קישוט לעוגה צבעוני מיה 70גרם,גרמים,70.00,100 גרם,false,1,5.90,8.4286,true,1,160033
7290003681532,false,דובדבנים מסוכרים מיה,מיה,IL,דובדבנים מסוכרים מיה 80 גרם,גרמים,80.00,100 גרם,false,1,7.90,9.8750,true,1,160081
7290003681693,false,חומוס לבן ענק  מיה,מיה,IL,חומוס לבן ענק  מיה  500 גרם,גרמים,500.00,100 גרם,false,1,9.90,1.9800,true,1,160059
7290003681716,false,גריסי פנינה מיה 500,מיה,IL,גריסי פנינה מיה 500 גרם,גרמים,500.00,100 גרם,false,1,4.90,0.9800,true,1,160024
7290003713929,false,טרס פסוס סלסה פהיטה,,,טרס פסוס סלסה פהיטה 200גרם,גרמים,200.00,100 גרם,false,1,17.90,8.9500,true,1,153117
7290003713943,false,טרס פסוס מחית צפטולה,,,טרס פסוס מחית צפטולה 200גרם,גרמים,200.00,100 גרם,false,1,21.90,10.9500,true,1,153114
7290003713950,false,טרס פסוס סלסה מקסיקנ,,,טרס פסוס סלסה מקסיקנה 200גרם,גרמים,200.00,100 גרם,false,1,16.90,8.4500,true,1,153118
7290003718993,false,סלמון פילה נורבגי 1.,LEROY,NO,"סלמון פילה נורבגי 1.4-1.8 ק""ג - בד""ץ העדה החרדית",קילוגרמים,1.00,"ק""ג",true,,89.90,89.9000,true,1,160467
7290003726141,false,טופו משק גאיה 300גרם,כפרי בריא משק ויילר,IL,טופו הבית בשיטת הייצור המסורתית,גרמים,300.00,100 גרם,false,1,13.90,4.6333,true,1,3552
7290003726592,false,טופו בטעם פסטו 300 ג,משק וואיילר,US,טופו בטעם פסטו 300 גרם  - כפרי בריא,גרמים,300.00,100 גרם,false,1,12.90,4.3000,true,1,130162
7290003726615,false,טופו ויילר 300 גרם,הדקלאים אגודת שיתופי,IL,טופו ויילר 300 גרם,גרמים,300.00,100 גרם,false,1,12.90,4.3000,true,1,130311
7290003726622,false,טופו פיקנטי  ויילר 3,משק וואיילר,IL,טופו פיקנטי  ויילר 300גרם,גרמים,300.00,100 גרם,false,1,12.90,4.3000,true,1,157004
7290003726684,false,טופו חומוס בטעם טבעי,הנסיך- מפעל לייצור ט,IL,טופו חומוס בטעם טבעי ויילר   300 גרם,גרמים,300.00,100 גרם,false,1,13.90,4.6333,true,1,148017
7290003726776,false,טופו שניצל בטעם עוף,משק ויילר,IL,טופו שניצל בטעם עוף ויילר   420 גרם,גרמים,420.00,100 גרם,false,1,27.90,6.6429,true,1,159883
7290003726783,false,טופו שניצל בתוספת תי,משק ויילר,IL,טופו שניצל בתוספת תירס   420גרם,גרמים,420.00,100 גרם,false,1,27.90,6.6429,true,1,159884
7290003726790,false,טופו שניצל בטעם פיקנ,משק ויילר,IL,טופו שניצל בטעם פיקנטי  420 גרם,גרמים,420.00,100 גרם,false,1,27.90,6.6429,true,1,159885
7290003726806,false,טופו שניצל בתוספת בר,משק ויילר,IL,טופו שניצל בתוספת ברוקולי  420 גרם,גרמים,420.00,100 גרם,false,1,27.90,6.6429,true,1,159886
7290003726868,false,טופו חומוס בתוספת עג,משק וואיילר,IL,טופו חומוס בתוספת עגבניות מיובשות ויילר 300גרם,גרמים,300.00,100 גרם,false,1,13.90,4.6333,true,1,157002
7290003726875,false,טופו חומוס בתוספת פס,משק וואיילר,IL,טופו חומוס בתוספת פסטו  ויילר 300גרם,גרמים,300.00,100 גרם,false,1,13.90,4.6333,true,1,157003
7290003781652,false,צלפים במי מלח 350 גר,סוסיטס,TR,צלפים במי מלח 350 גרם,גרמים,350.00,100 גרם,false,1,9.90,2.8286,true,1,3589
7290003781850,false,גבינת קשקבל  יורו פר,,ES,גבינת קשקבל  יורו פרוסות 200גרם,גרמים,200.00,100 גרם,false,1,21.90,10.9500,true,1,155791
7290003804252,false,תיבולית קנור הודי,יוניליוור ישראל מזון,IL,קנור תיבוליות בסגנון הודי 72 גרם,גרמים,72.00,100 גרם,false,1,10.30,14.3056,true,1,3644
7290003804320,false,תיבולית קנור שום ופט,יוניליוור ישראל מזון,IL,קנור תיבוליות שום ופטרוזיליה 72 גרם,גרמים,72.00,100 גרם,false,1,10.30,14.3056,true,1,3645
7290003804368,false,תיבולית קנור בזיליקו,יוניליוור ישראל מזון,IL,קנור תיבוליות בזיליקום 72 גרם,גרמים,72.00,100 גרם,false,1,10.30,14.3056,true,1,3648
7290003804382,false,תיבולית קנור פטריות,יוניליוור ישראל מזון,IL,קנור תיבוליות בטעם פטריות 72 גרם,גרמים,72.00,100 גרם,false,1,10.30,14.3056,true,1,3650
7290003805501,false,פתית שוודי 300 גרם,יוניליוור ישראל מזון,IL,פתית שוודי קרקר דגנים פריך בסגנון שוודי,גרמים,300.00,100 גרם,false,1,18.20,6.0667,true,1,66422
7290003805587,false,פתית חיטה מלאה 250 ג,יוניליוור ישראל מזון,IL,פתיתי חיטה מלאה קרקר פריך עם חיטה מלאה,גרמים,250.00,100 גרם,false,1,18.20,7.2800,true,1,70462
7290003807482,false,רוטב טריאקי,יוניליוור ישראל מזון,IL,קנור  רוטב טריאקי 370 גרם,מיליליטרים,300.00,"100 מ""ל",false,1,12.90,4.3000,true,1,41923
7290003821754,false,סלמון מעושן,האי נאם סי או אל.טי.,IL,סלמון נורבגי בעישון טבעי 100 גרם,גרמים,100.00,100 גרם,false,1,15.90,15.9000,true,1,3692
7290003864492,false,סרדין בשמן צמחי חריף,גולדן פרייז קאנינג א,TH,סרדין בשמן צמחי חריף 110גרם,גרמים,110.00,100 גרם,false,1,4.90,4.4545,true,1,3776
7290003882922,false,עלי גפן ממולאים באור,הזה פלאקספו פוד קו ב,CN,ויליפוד עלי גפן ממולאים באורז 400 גרם,גרמים,400.00,100 גרם,false,1,9.90,2.4750,true,1,56749
7290003896141,false,אלמנדוס ספרדי קליית,קוד יצרן JG,IL,אלמנדוס 200 גרם (ב(12,גרמים,200.00,100 גרם,false,1,8.90,4.4500,true,1,93309
7290003955015,false,מזרה צבעוני,,,מזרה צבעוני,יחידה,1.00,יחידה,false,1,6.00,6.0000,true,1,60898
7290003955213,false,מזרה לבבות צורות שונ,מזון דני,IL,מזרה לבבות צורות שונות,גרמים,190.00,100 גרם,false,1,9.90,5.2105,true,1,146333
7290003976010,false,מרכך כביסה 4 ליטר אק,אקופרנד,IL,מרכך כביסה 4 ליטר אקופרנד,ליטרים,4.00,ליטר,false,1,33.90,8.4750,true,1,147922
7290003976027,false,מרכך כביסה 4 ליטר  פ,אקופרנד,IL,מרכך כביסה 4 ליטר  פריחת העמק אקופרנד,ליטרים,4.00,ליטר,false,1,34.90,8.7250,true,1,148676
7290003976089,true,גל לכביסה אקופרנד 4,תות תעשיות מזון (201,IL,אקופרנד ג'ל כביסה אקולוגי 4 ליטר,ליטרים,4.00,ליטר,false,1,45.90,11.4750,true,1,146665
7290003976119,false,נוזל כלים לבנדר ללא,אקופרנד,IL,נוזל כלים לבנדר ללא SLSאקופרנד,מיליליטרים,750.00,"100 מ""ל",false,1,15.90,2.1200,true,1,147119
7290003976126,false,אקופרנד-נוזל כלים לי,אקופרנד,IL,אקופרנד-נוזל כלים לימון אלוורה ללא SLS,מיליליטרים,750.00,"100 מ""ל",false,1,15.90,2.1200,true,1,147120
7290003976331,false,אקופרנד מחטא רב תכלי,אקופרנד,IL,אקופרנד מחטא רב תכליתי 750 מל,מיליליטרים,750.00,"100 מ""ל",false,1,15.90,2.1200,true,1,154852
7290003980215,false,ביס בגט לבן,יושלם,,ביס בגט לבן,יחידה,1.00,יחידה,false,1,9.90,9.9000,true,1,56914
7290003989096,false,סלט חציל פיקנטי אחלה,מיוצר עי קונדיטוריית,IL,חציל פיקנטי 500,גרמים,500.00,100 גרם,false,1,15.70,3.1400,true,1,3971
7290003989539,false,רביולי גבינה 400 EAT,מיוצר עי קונדיטוריית,IL,רביולי גבינה 400 EAT GOOD,גרמים,400.00,100 גרם,false,1,19.90,4.9750,true,1,3972
7290003989553,false,פסטה שטראוס טורטלוני,מיוצר עי קונדיטוריית,IL,טרטוליני פטריות 400 פרווה EAT GOOD,גרמים,400.00,100 גרם,false,1,19.90,4.9750,true,1,3973
7290003994311,false,עוגיות גרנולה,יושלם,,עוגיות גרנולה,קילוגרמים,1.00,"ק""ג",true,,32.00,32.0000,true,1,57869
7290004011284,false,בסיס להכנת קצפת,האי נאם סי או אל.טי.,US,בסיס להכנת קצפת על בסיס צמחי ללא כולסטרול,מיליליטרים,212.00,"100 מ""ל",false,1,9.20,4.3396,true,1,64148
7290004011338,false,קצפת ריץ חלבי במיכל,האי נאם סי או אל.טי.,IT,קצפת ריץ חלבי במיכל 250 גרם,גרמים,250.00,100 גרם,false,1,14.90,5.9600,true,1,66954
7290004011345,false,קצפת ריץ פרווה במיכל,האי נאם סי או אל.טי.,IT,קצפת ריץ פרווה במיכל 250 גרם,גרמים,250.00,100 גרם,false,1,14.90,5.9600,true,1,80638
7290004011796,false,"קבבונים אל גאוצ""ו",קרלו,IL,אל גאוצו קבבונים  400 גרם,גרמים,400.00,100 גרם,false,1,23.90,5.9750,true,1,69738
7290004011802,false,"צ""וריסוס אל גאוצ""ו",מולינו ניקולי s.p.a,IL,אל גאוצ'ו נקניות צ'וריסוס 400 גרם,גרמים,400.00,100 גרם,false,1,23.90,5.9750,true,1,69739
7290004011819,false,המבורגר ריב אנטריקוט,האי נאם סי או אל.טי.,IL,אל גאוצו המבורגר ריב אנטריקוט 360 גרם,גרמים,360.00,100 גרם,false,1,23.90,6.6389,true,1,83485
7290004011826,false,מיני המבורגר ריב אנט,מולינו ניקולי s.p.a,IL,אל גאוצ'ו מיני המבורגר ריב אנטריקוט 320 גרם,גרמים,320.00,100 גרם,false,1,23.90,7.4687,true,1,82497
7290004014407,false,סוכריות שוקולדM&M חמ,מרס נדרלנד,,סוכריות שוקולדM&M חמאת בוטנים 46 גרם,גרמים,46.00,100 גרם,false,1,5.80,12.6087,true,1,112085
7290004026394,false,חלת בריוש,פילסברי,,חלת מסעדות,גרמים,0.00,100 גרם,false,1,4.90,0.0000,true,1,130294
7290004030216,false,נקטר חמוציות פריניב,הנסיך- מפעל לייצור ט,IL,פריניב נקטר חמוציות 1 ליטר,ליטרים,1.00,ליטר,false,1,12.50,12.5000,true,1,89957
7290004030445,false,מיץ תפוזים פריניב 1,הנסיך- מפעל לייצור ט,IL,מיץ תפוזים פריניב 1 ליטר,ליטרים,1.00,ליטר,false,1,11.90,11.9000,true,1,66734
7290004030612,false,מיץ קיווי אגס ללא סו,הנסיך- מפעל לייצור ט,IL,"פריניב, מיץ קיווי אגס תפוח ללא תוספת סוכר 1 ליטר",ליטרים,1.00,ליטר,false,1,17.50,17.5000,true,1,110606
7290004030810,false,שייק 100% בננה פסיפל,הנסיך- מפעל לייצור ט,IL,"שייק 100% בננה פסיפלורה תפוז לל""ס 1ליטר",ליטרים,1.00,ליטר,false,1,18.90,18.9000,true,1,66743
7290004046002,false,עוגיות הקסטר,אקסטר,,עוגיות הקסטר,גרמים,250.00,100 גרם,false,1,24.90,9.9600,true,1,61972
7290004048525,false,פילה אמנון,,,"פילה אמנון 5-7 לק""ג",קילוגרמים,1.00,"ק""ג",true,,36.00,36.0000,true,1,55353
7290004063016,false,מלח שולחן מעולה דק 1,האי נאם סי או אל.טי.,IL,מלח שולחן,קילוגרמים,1.00,"ק""ג",false,1,2.07,2.0700,true,1,4199
7290004063115,false,"מלח בישול 1 ק""ג פיקו",האי נאם סי או אל.טי.,IL,מלח מטבח,קילוגרמים,1.00,"ק""ג",false,1,2.07,2.0700,true,1,4200
7290004064082,false,מטחנה מלח ים טבעי  2,חברת מלח הארץ אילת ב,IL,מטחנת מלח ים 250 גרם,גרמים,250.00,100 גרם,false,1,13.90,5.5600,true,1,114716
7290004064099,false,מטחנה מלח מהרי ההימל,מולינו ניקולי s.p.a,IL,מטחנה מלח מהרי ההימלאי 300 גרם,גרמים,250.00,100 גרם,false,1,15.90,6.3600,true,1,114714
7290004064181,false,מלח ההימלאיה גס בצנצ,חברת מלח הארץ אילת ב,,מלח הימלאיה גס בצנצנת,קילוגרמים,1.00,"ק""ג",false,1,17.90,17.9000,true,1,121779
7290004064280,false,מלח מופחת נתרן בצנצנ,חברת מלח הארץ אילת ב,IL,מופחת נתרן בצנצנת 600 גרם,גרמים,600.00,100 גרם,false,1,16.90,2.8167,true,1,129842
7290004067519,false,מעדן דובדבן ללא סוכר,בית יצחק,IL,בית יצחק מעדן דובדבן ללס 184 גרם,גרמים,284.00,100 גרם,false,1,17.90,6.3028,true,1,41158
7290004068011,false,יוגורט כבשים 5% בדלי,"מיוצר ע""י קוד יצרן M",IL,גד יוגורט מחלב כבשים מעודן בסגנון בלקני 5% שומן,גרמים,600.00,100 גרם,false,1,18.90,3.1500,true,1,88126
7290004068028,false,"משקה צזיקי 500 מ""ל",מיוצר על ידי קוד יצר,IL,"משקה צזיקי 500 מ""ל גד",מיליליטרים,500.00,"100 מ""ל",false,1,10.90,2.1800,true,1,90549
7290004068035,false,משקה יוגורט איירן בל,"מיוצר ע""י קוד יצרן M",IL,"משקה יוגורט איירן בלקני 500 מ""ל גד",מיליליטרים,500.00,"100 מ""ל",false,1,8.90,1.7800,true,1,90550
7290004068332,false,גבינת קממבר בקר משול,מחלבת גד,,"גבינת קממבר בקר משולשים לק""ג גד",קילוגרמים,1.00,"ק""ג",true,,126.00,126.0000,true,1,97177
7290004078225,false,מי פה פלאקס ירוק,קולגייט- פלמוליב,PL,"מי פה פלאקס ירוק 500 מ""ל",מיליליטרים,500.00,"100 מ""ל",false,1,31.90,6.3800,true,1,4205
7290004078270,false,פלמוליב לכלים לימון,יבואן ומשווק: ש. שסט,GR,פלמוליב נוזל לניקוי כלים בריח לימון 1 ליטר,ליטרים,1.00,ליטר,false,1,13.90,13.9000,true,1,4207
7290004078690,false,"ג""ל לניקוי אסלה אג""ק",הנסיך- מפעל לייצור ט,FR,אג'קס נוזל לניקוי אסלות ג'ל עם אקונומיקה  750 מל,מיליליטרים,750.00,"100 מ""ל",false,1,15.90,2.1200,true,1,4210
7290004078942,false,דאו  ליידי ספיד סטיק,קולגייט פלמוליב,US,"ליידי ספיד סטיק ג""ל כתום",גרמים,63.00,100 גרם,false,1,19.90,31.5873,true,1,4214
7290004091217,false,לניקוי כלי כסף,המאפיה של הרמן,PT,"גודרדס, חומר לניקוי והברקת כלי כסף  144 מל",מיליליטרים,125.00,"100 מ""ל",false,1,17.90,14.3200,true,1,4222
7290004091248,false,וזלין טהור 106 גרם,יבואן ומשווק: ש. שסט,US,וזלין טהור 106 גרם,גרמים,106.00,100 גרם,false,1,15.90,15.0000,true,1,4223
7290004119133,false,יוגורט 7% בכד   1.5,מחלבת אלון תבור,IL,יוגורט 7% בכד1.5 ליטר,ליטרים,1.50,ליטר,false,1,17.80,11.8667,true,1,16044
7290004119225,false,יוגורט יופלה אננס 3%,תנובה בעמ,IL,יופלה יוגורט אננס 3% גביע 150 גרם,גרמים,150.00,100 גרם,false,1,4.90,3.2667,true,1,4229
7290004119928,false,מעדן קרלו וניל 3%  1,מחלבת אלון תבור,IL,מעדן קרלו וניל 3%  125 גרם,גרמים,125.00,100 גרם,false,1,3.20,2.5600,true,1,4231
7290004119973,false,מעדן קרלו שוקו 3%  1,מחלבת אלון תבור,IL,קרלו מעדן שוקו רביעיה גביע 125 גרם 1.5%,גרמים,125.00,100 גרם,false,1,3.20,2.5600,true,1,4232
7290004120061,false,מעדן קרלו שוניל 1.5%,מחלבת אלון תבור,IL,קרלו שוניל 1.5% שומן 125 גרם,גרמים,125.00,100 גרם,false,1,3.20,2.5600,true,1,4233
7290004120108,false,יוגורט יופלה דיאט דו,תנובה בעמ,IL,יופלה דיאט יוגורט דובדבן %0 גביע 150גרם,גרמים,150.00,100 גרם,false,1,4.90,3.2667,true,1,4234
7290004120566,false,גבינה בולגרית פיראוס,תנובה,IL,פיראוס בולגרית 24% שומן 250 גרם,גרמים,250.00,100 גרם,false,1,23.90,9.5600,true,1,4238
7290004120573,false,גבינה בולגרית פיראוס,תנובה,IL,גבינה בולגרית מלוחה 16% שומן,גרמים,250.00,100 גרם,false,1,23.90,9.5600,true,1,4239
7290004120634,false,גבינה בולגרית פיראוס,פ.פ.ח. שאביט,IL,פיראוס גבינה בולגרית 5% שומן,גרמים,250.00,100 גרם,false,1,23.90,9.5600,true,1,4240
7290004120832,false,חלב 3% בכד,תנובה,IL,חלב 2 3% ליטר בכד מהדרין,ליטרים,2.00,ליטר,false,1,12.46,6.2300,true,1,74887
7290004121488,false,יוגורט יופלה דיאט אפ,תנובה בעמ,IL,יופלה יוגורט עם אפרסק 0% שומן 150 גרם,גרמים,150.00,100 גרם,false,1,4.90,3.2667,true,1,4247
7290004121525,false,מאגדת יופלה אפרסק,תנובה בעמ,IL,מאגדת יופלה אפרסק תות שמיניה,קילוגרמים,1.20,"ק""ג",false,1,31.90,26.5833,true,1,31570
7290004121754,false,יוגורט יופלה 3% עוגת,תנובה בעמ,IL,יופלה יוגורט עוגת גבינה ותות %3 150 גרם,גרמים,150.00,100 גרם,false,1,4.90,3.2667,true,1,4251
7290004121839,false,פטה פיראוס      20%,תנובה,IL,פיראוס פטה כבשים 20% שומן,גרמים,250.00,100 גרם,false,1,27.90,11.1600,true,1,4252
7290004121853,false,גבינה בולגרית קוביות,תנובה,IL,פירוס בולגרית קוביות 5% 200 גרם,גרמים,200.00,100 גרם,false,1,21.90,10.9500,true,1,4253
7290004122119,false,השף הלבן פתיתי גבע פ,תנובה,IL,תנובה השף הלבן פתיתי גבע פרמזן 23% שומן,גרמים,100.00,100 גרם,false,1,12.90,12.9000,true,1,16046
7290004122195,false,גבינה קשה גוש חלב פר,תנובה,IL,גוש חלב פרוסות גבינה צהובה חצי קשה 28% שומן מהדרין,גרמים,200.00,100 גרם,false,1,14.50,7.2500,true,1,15601
7290004122270,false,גבינה עמק פרוס פתיחה,תנובה,IL,עמק קלאסית פרוסות גבינה חצי קשה 28% 200 גרם,גרמים,200.00,100 גרם,false,1,15.90,7.9500,true,1,4254
7290004122348,false,גבינה קשה עמק לייט 9,תנובה,IL,עמק גבינה צהובה חצי קשה 9% מופחתת שומן,גרמים,200.00,100 גרם,false,1,16.80,8.4000,true,1,4256
7290004122607,false,גבינה עמק לייט   9%,תנובה מרכז שיתופי לש,,"גבינה עמק לייט9%- חריץ 1 ק""ג",קילוגרמים,1.00,"ק""ג",true,,72.40,72.4000,true,1,32762
7290004122676,false,גבינה חמד לייט   5%,גוד פוד פרודקטס S.p,IL,פיראוס לייט חמד גבינה כפרית מלוחה 5% שומן,גרמים,250.00,100 גרם,false,1,18.90,7.5600,true,1,38303
7290004122683,false,אצבעות גבינה עמק 172,תנובה,IL,עמק חטיף אצבעות גבינה חצי קשה 28% שומן,גרמים,172.00,100 גרם,false,1,16.90,9.8256,true,1,43308
7290004124205,false,יוגורט יופלה דיאט תו,תנובה בעמ,IL,יופלה דיאט יוגורט תות %0 גביע 150 גרם,גרמים,150.00,100 גרם,false,1,4.90,3.2667,true,1,4268
7290004124847,false,קצפת צמחית 500 מל,סוי מג'יק,IL,"קצפת צמחית השף הלבן 500מ""ל",מיליליטרים,500.00,"100 מ""ל",false,1,16.70,3.3400,true,1,33292
7290004125370,false,שמנת 9%  תנובה 200 מ,פ.פ.ח. שאביט,IL,תנובה שמנת חמוצה מופחתת שומן,מיליליטרים,200.00,"100 מ""ל",false,1,3.70,1.8500,true,1,4275
7290004125400,false,"שלי אשל פיקוח 200 מ""",פארייפאבה אגרואינדוס,IL,תנובה אשל לבן 4.5% שומן,מיליליטרים,200.00,"100 מ""ל",false,1,1.69,0.8450,true,1,4276
7290004125417,false,"שלי גיל פיקוח 200 מ""",פ.פ.ח. שאביט,IL,תנובה גיל לבן 3% 206 גרם,מיליליטרים,200.00,"100 מ""ל",false,1,1.51,0.7550,true,1,4277
7290004125455,false,שמנת 15% תנובה פיקוח,תנובה,IL,שמנת אורגינל 15% שומן 200 מל,מיליליטרים,200.00,"100 מ""ל",false,1,2.40,1.2000,true,1,4278
7290004125462,false,שמנת חמוצה      15%,תנובה,IL,תנובה אורגינל שמנת חמוצה 15% שומן 500 מל,גרמים,500.00,100 גרם,false,1,6.00,1.2000,true,1,13002
7290004125509,false,שמנת תנובה 15% חצי מ,תנובה,IL,תנובה שמנת 15% חצי מנה 100 מל,מיליליטרים,100.00,"100 מ""ל",false,1,1.70,1.7000,true,1,4279
7290004125578,false,משקה סויה מועשר בסיד,סוי מג'יק,IL,משקה סויה מועשר בסידן 1 ליטר,ליטרים,1.00,ליטר,false,1,11.50,11.5000,true,1,4280
7290004125585,false,משקה סויה על הבוקר ו,סוי מג'יק,IL,משקה סויה על הבוקר וניל 1 ליטר,ליטרים,1.00,ליטר,false,1,10.90,10.9000,true,1,4281
7290004125721,false,שמנת לבישול 15%  250,תנובה,IL,"השף הלבן שמנת לבישול ,שמנת עמידה לבישול 15% 250 מל",מיליליטרים,250.00,"100 מ""ל",false,1,8.30,3.3200,true,1,4283
7290004125738,false,שמנת להקצפה 32%  250,תנובה,IL,"שמנת להקצפה 32%  250 מ""ל",מיליליטרים,250.00,"100 מ""ל",false,1,6.90,2.7600,true,1,4284
7290004125776,false,גבינה קשה עמק 28% פר,כצט,IL,עמק פרוס 28% 400 גרם בקופסא,גרמים,400.00,100 גרם,false,1,29.90,7.4750,true,1,33293
7290004126674,false,גבינה צהובה טל העמק,כצט,IL,גבינה צהובה טל העמק 9% לייט 200 גרם,גרמים,200.00,100 גרם,false,1,18.90,9.4500,true,1,4288
7290004126759,false,יוגורט יופלה דיאט פי,תנובה בעמ,IL,יופלה דיאט פירות יער %0 גביע  150 גרם,גרמים,150.00,100 גרם,false,1,4.90,3.2667,true,1,4289
7290004126872,false,שוקו תנובה בקבוק 250,תנובה,IL,"שוקו תנובה בקבוק 250 מ""ל",מיליליטרים,250.00,"100 מ""ל",false,1,5.90,2.3600,true,1,35041
7290004127077,false,קוטג 3% תנובה 250 גר,מחלבת אלון תבור,IL,קוטג 3% תנובה 250 גרם,גרמים,250.00,100 גרם,false,1,5.60,2.2400,true,1,4291
7290004127329,false,קוטג 5% תנובה 250 גר,מחלבת אלון תבור,IL,קוטג 5% תנובה 250 גרם,גרמים,250.00,100 גרם,false,1,5.70,2.2800,true,1,4296
7290004127336,false,קוטג 9% תנובה 250 גר,מחלבת אלון תבור,IL,קוטג 9% תנובה 250 גרם,גרמים,250.00,100 גרם,false,1,5.70,2.2800,true,1,4297
7290004127800,false,גבינה למריחה 5% פיקו,מחלבת אלון תבור,IL,גבינה למריחה 5% פיקוח 500 גרם,גרמים,500.00,100 גרם,false,1,9.96,1.9920,true,1,4306
7290004127817,false,גבינה למריחה     9%,מחלבת אלון תבור,IL,גבינה למריחה 500 9% גרם,גרמים,500.00,100 גרם,false,1,9.50,1.9000,true,1,4307
7290004127862,false,גבינה למריחה     5%,מחלבת אלון תבור,IL,גבינה למריחה 750 5% גרם,גרמים,750.00,100 גרם,false,1,14.94,1.9920,true,1,4308
7290004128333,false,גבינת לאבנה,תנובה,IL,פיראוס גבינת לאבנה אסלית 9% שומן,גרמים,500.00,100 גרם,false,1,19.90,3.9800,true,1,14567
7290004128364,false,גבינת קרם שמנת 5% זי,"תנובה, מחלבת תל יוסף",IL,קרם גבינת שמנת 5% עם זיתים ירוקים 200 גרם,גרמים,200.00,100 גרם,false,1,11.90,5.9500,true,1,4314
7290004128432,false,פתיתים מיוחדים לפיצה,תנובה,IL,פתיתים מיוחדים לפיצה על בסיס גבינה,גרמים,500.00,100 גרם,false,1,22.20,4.4400,true,1,48325
7290004129101,false,גבינת שמנת נפוליאון,מחלבת אלון תבור,IL,גבינת שמנת נפוליאון טבעי 225 גרם,גרמים,225.00,100 גרם,false,1,13.90,6.1778,true,1,4320
7290004129118,false,גבינת שמנת נפוליאון,מחלבת אלון תבור,IL,גבינת שמנת נפוליאון זיתים 225 גרם,גרמים,225.00,100 גרם,false,1,13.90,6.1778,true,1,4321
7290004129156,false,גבינת שמנת נפוליאון,מחלבת אלון תבור,IL,גבינת שמנת נפוליאון שום שמיר 225 גרם,גרמים,225.00,100 גרם,false,1,13.90,6.1778,true,1,4323
7290004129736,false,יוגורט יופלה לבן 1.5,תנובה,IL,יוגורט,גרמים,200.00,100 גרם,false,1,4.30,2.1500,true,1,20839
7290004129767,false,מאגדת יופלה לבן  3%,מחלבת אלון תבור,IL,מאגדת יופלה לבן 3% שמינייה,קילוגרמים,1.20,"ק""ג",false,1,18.90,15.7500,true,1,20840
7290004130794,false,משקה סויה מועשר מופח,סוי מג'יק,IL,משקה סויה מועשר מופחת מתיקות 1 ליטר,ליטרים,1.00,ליטר,false,1,11.50,11.5000,true,1,14143
7290004130916,false,יוגורט יופלה פירות י,תנובה בעמ,IL,יוגורט יופלה פירות יער שמנת 150 גרם,גרמים,150.00,100 גרם,false,1,4.90,3.2667,true,1,32850
7290004131074,false,חלב 3% קרטון מהדרין,תנובה,IL,חלב 3% קרטון מהדרין פיקוח 1 ליטר,ליטרים,1.00,ליטר,false,1,6.23,6.2300,true,1,4336
7290004131227,false,גבינה למריחה,מחלבת אלון תבור,IL,גבינה למריחה 500 3% גרם,גרמים,500.00,100 גרם,false,1,9.50,1.9000,true,1,22818
7290004131432,false,יוגורט יופלה 3% לבן,מחלבת אלון תבור,IL,יופלה לבן 3% גביע 200 גרם,גרמים,200.00,100 גרם,false,1,3.80,1.9000,true,1,20841
7290004131456,false,יוגורט יופלה 1.5% לב,מחלבת אלון תבור,IL,יופלה לבן 1.5% גביע 200 גרם,גרמים,200.00,100 גרם,false,1,3.80,1.9000,true,1,20842
7290004131814,false,גבינה צפתית מעודנת 5,תנובה מחלבת טנא נוגה,IL,פיראוס צפתית 5% מעודנת 200 גרם,גרמים,200.00,100 גרם,false,1,15.30,7.6500,true,1,23583
7290004132552,false,משקה סויה דיאט 1 ליט,סוי מג'יק,IL,משקה סויה דיאט 1 ליטר,ליטרים,1.00,ליטר,false,1,10.90,10.9000,true,1,25059
7290004132712,false,אצבעות עמק 172 גרם,תנובה,IL,עמק חטיף אצבעות גבינת מוצרלה 172 גרם 20%,גרמים,172.00,100 גרם,false,1,16.90,9.8256,true,1,22624
7290004133511,false,מאג.יופלה לבן מעוד,מחלבת אלון תבור,IL,יופלה שמיניה לבן מעודן 1.5%,קילוגרמים,1.20,"ק""ג",false,1,20.50,17.0833,true,1,23231
7290004133917,false,מארז 1/3 קצפת צמחית,סוי מג'יק,IL,"מארז 1/3 קצפת צמחית 250 מ""ל",מיליליטרים,750.00,"100 מ""ל",false,1,20.90,2.7867,true,1,158496
7290004134945,false,יופלה מוקה       3%,תנובה בעמ,IL,יופלה מוקה 150 3% גרם,גרמים,150.00,100 גרם,false,1,4.90,3.2667,true,1,38081
7290004135058,false,מאג.קרלו מיני שוקו,מחלבת אלון תבור,IL,"מארז קרלו מיני בטעם  שוקולד, 8 יחידות, 800 גרם",גרמים,800.00,100 גרם,false,1,13.90,1.7375,true,1,46633
7290004135225,false,מעדן דיאט שוקולד 150,מחלבת אלון תבור,IL,מעדן דיאט שוקולד 150 גרם,גרמים,150.00,100 גרם,false,1,4.20,2.8000,true,1,39815
7290004135324,false,גבינה בולגרית מעודנת,תנובה מרכז שיתופי לש,,"בולגרית מעודנת 1 5% ק""ג",קילוגרמים,1.00,"ק""ג",true,,49.00,49.0000,true,1,37690
7290004135614,false,גבינה בולגרית מעודנת,תנובה,IL,פיראוס גבינה בולגרית מעודנת 5% שומן,גרמים,250.00,100 גרם,false,1,22.70,9.0800,true,1,46808
7290004136154,false,משקה אייס קפה תנובה,מחלבת רחובות,IL,"משקה אייס קפה תנובה בקבוק 340 מ""ל",מיליליטרים,340.00,"100 מ""ל",false,1,6.90,2.0294,true,1,47377
7290004136222,false,מארז שוקו מופחת סוכר,תנובה מרכז שיתופי לש,,מארז שוקו מופחת סוכר250*6 מל,ליטרים,1.50,ליטר,false,1,26.70,17.8000,true,1,47586
7290004136598,false,מארז הפסקת אוכל חלב,"תנובה, מחלבת טנא נוג",IL,מארז הפסקת אוכל חלב+דגנים,לא מנהל יחידת מידה,0.00,לא מנהל יחידת מידה,false,1,9.30,0.0000,true,1,45074
7290004136857,false,גלי בטעם פטל 125 גרם,סוי מג'יק,IL,גלי בטעם פטל 125 גרם,גרמים,125.00,100 גרם,false,1,2.30,1.8400,true,1,44292
7290004136864,false,גלי אננס וחתיכות פרי,סוי מג'יק,IL,גלי אננס וחתיכות פרי 125 גרם,גרמים,125.00,100 גרם,false,1,2.70,2.1600,true,1,44293
7290004136871,false,מעדן גלי אפרסק חתיכו,סוי מג'יק,IL,מעדן גלי אפרסק חתיכות פרי           125,גרמים,125.00,100 גרם,false,1,2.70,2.1600,true,1,44294
7290004137021,false,שמנת לבישול 10% מופח,תנובה,IL,תנובה השף הלבן שמנת לבישול עם סיבים 10% שומן,מיליליטרים,250.00,"100 מ""ל",false,1,8.30,3.3200,true,1,48254
7290004137311,false,גבינה עמק 9% לייט 40,תנובה,IL,עמק גבינה צהובה חצי קשה 9% שומן,גרמים,400.00,100 גרם,false,1,30.50,7.6250,true,1,47588
7290004137809,false,גבינת לאבנה פיראוס 5,"תנובה, מחלבת אלון תב",IL,פיראוס לאבנה אסלית 5% שומן 250 גרם,גרמים,250.00,100 גרם,false,1,13.20,5.2800,true,1,48173
7290004161019,false,סלמון  מונטה קרלו 10,מונטה קרלו,IL,סלמון  מונטה קרלו 100 גרם,גרמים,100.00,100 גרם,false,1,26.90,26.9000,true,1,153350
7290004170004,false,מאפה קרם שוקולד,גדרון,IL,מאפה  קרם שוקולד,קילוגרמים,1.00,"ק""ג",true,,34.00,34.0000,true,1,148565
7290004170028,false,מאפה דה לה קרם חלבה,גדרון,IL,מאפה דה לה קרם חלבה,קילוגרמים,1.00,"ק""ג",true,,39.90,39.9000,true,1,149415
7290004170080,false,קרנץ במילוי קינמון ד,גדרון,IL,קרנץ במילוי קינמון דה לה קרם,יחידה,1.00,יחידה,false,1,19.90,19.9000,true,1,146928
7290004170097,false,עוגת קרנץ במילוי דה,גדרון,IL,עוגת קרנץ במילוי דה לה קרם בטעם שוקולד,יחידה,1.00,יחידה,false,1,19.90,19.9000,true,1,146927
7290004170103,false,עוגת קרנץ במילוי נוג,גדרון,IL,עוגת קרנץ במילוי נוגט דה לה קרם,יחידה,1.00,יחידה,false,1,19.90,19.9000,true,1,146926
7290004170479,false,באגט אותנטי  כפרי גי,גדרון,IL,באגט אותנטי  כפרי גידרון  חצי אפוי,לא מנהל יחידת מידה,0.00,לא מנהל יחידת מידה,false,1,7.90,0.0000,true,1,124644
7290004199203,false,קיסמיי שיניים מבמבוק,הדקלאים אגודת שיתופי,CN,קיסמי שיניים מבמבוק מלחייה 300 יח',Unknown,0.00,Unknown,false,1,2.90,0.0000,true,1,65377
7290004199579,false,פלסטר SUNNY מעורב 10,הדקלאים אגודת שיתופי,CN,סאני פלסטר 100 פלסטרים בגדלים שונים סטריליים,גרמים,0.00,100 גרם,false,1,9.90,0.0000,true,1,92972
7290004200930,false,"זיקוק זוג 15 ס""מ בשק",F.T.I,,זיקוק זוג 15 סמ בשקית,יחידה,1.00,יחידה,false,1,6.80,6.8000,true,1,92733
7290004219284,false,אנשובי עגול 80 גרם,יושלם,IT,אנשובי עגול 80 גרם,גרמים,80.00,100 גרם,false,1,11.90,14.8750,true,1,4441
7290004219819,false,מלבין קפה קומפלטה 20,פריזלנד פודס קיוויט,NL,קומפלטה מלבין קפה הולנדי 200 גרם,גרמים,200.00,100 גרם,false,1,11.90,5.9500,true,1,4442
7290004221409,false,רוטב חזרת 453 גרם,וובר,,רוטב חזרת 453 גרם,גרמים,453.00,100 גרם,false,1,21.90,4.8344,true,1,20500
7290004224877,false,שקיות אשפה,אחים שפירא,IL,אשפתון עבה במיוחד 85*75,יחידה,1.00,יחידה,false,1,10.90,10.9000,true,1,80171
7290004225278,false,מסוג דנבלו,נטו מלינדה סיימן,,"מסוג דנבלו 3 ק""ג",קילוגרמים,1.00,"ק""ג",true,,79.00,79.0000,true,1,85729
7290004225285,false,דאנאבול דנית 100 ג,האי נאם סי או אל.טי.,DK,רכיבי חלב ושומן צמחי בסגנון דנאבלו 100 גרם,גרמים,100.00,100 גרם,false,1,12.40,12.4000,true,1,88579
7290004225872,false,"קרם קוקוס 400 מ""ל",האי נאם סי או אל.טי.,TH,"ויליגר קרם קוקוס 400 מ""ל",מיליליטרים,400.00,"100 מ""ל",false,1,6.50,1.6250,true,1,102348
7290004228415,false,פיצה עבה סיצליה שגב,האי נאם סי או אל.טי.,IT,פיצת שף סיציליאנית,גרמים,425.00,100 גרם,false,1,18.90,4.4471,true,1,146042
7290004230081,false,קציצות עוף ברוטב עגב,קרלו,IL,קציצות עוף ברוטב עגבניות שגב 800 גרם,גרמים,800.00,100 גרם,false,1,33.90,4.2375,true,1,89249
7290004230104,false,קציצות בקר שגב,טיבון וייל החזקות,IL,קציצות בקר שגב,גרמים,800.00,100 גרם,false,1,33.90,4.2375,true,1,128007
7290004230333,false,מקלות בורקס פילו תפו,האי נאם סי או אל.טי.,IL,"מקלות בורקס פילו תפו""א 600 גר          """,גרמים,600.00,100 גרם,false,1,19.90,3.3167,true,1,90675
7290004255428,false,נר נשמה מנורה בפחית,מנורה,IL,נר נשמה מנורה בפחית  24 שעות,יחידה,1.00,יחידה,false,1,2.50,2.5000,true,1,148526
7290004256371,false,גבינת ריץ פרוסה 400,כלורוקס אוקלנד,PL,גבינה צהובה פרוסה על בסיס חלב,גרמים,400.00,100 גרם,false,1,18.90,4.7250,true,1,130147
7290004324605,false,גבינה מון בלאן רוקפו,האי נאם סי או אל.טי.,IL,גבינה מון בלאן רוקפור 120 גרם,גרמים,120.00,100 גרם,false,1,11.90,9.9167,true,1,36592
7290004324858,false,קבב כבש500 גר     טי,"טיבון ויל אחזקות בע""",IL,טיבון ויל קבב בקר כבש 500 גרם,גרמים,500.00,100 גרם,false,1,19.90,3.9800,true,1,4512
7290004328818,false,טופו טבעי 400 גר,יושלם,,טופו טבעי 400 גר,גרמים,400.00,100 גרם,false,1,17.90,4.4750,true,1,52925
7290004339401,false,המבורגר אורז עדשים ט,טבע דלי,IL,"בורגר אורז, עדשים ושקדים 400 גרם טבע דלי",גרמים,400.00,100 גרם,false,1,25.90,6.4750,true,1,54319
7290004339425,false,שווארמה מהצומח סייטן,טבע דלי בעמ,IL,טבע דלי סייטן שווארמה 350 גרם,גרמים,350.00,100 גרם,false,1,25.90,7.4000,true,1,60930
7290004339432,false,סייטן קפוא טבעי טבע,טבע דלי בעמ,IL,סייטן קפוא טבעי טבע דלי 500 גרם,גרמים,500.00,100 גרם,false,1,15.90,3.1800,true,1,75132
7290004339630,false,סייטן טבעי טבע דלי 3,טבע דלי,IL,סייטן מקורי 350גרם טבע דלי,גרמים,350.00,100 גרם,false,1,20.90,5.9714,true,1,73836
7290004339692,false,סייטן קפוא ביתי טבע,טבע דלי,,סייטן קפוא ביתי טבע דלי 500 גרם,גרמים,500.00,100 גרם,false,1,15.90,3.1800,true,1,82754
7290004339777,false,סייטן טחון בולונז,טבע דלי,IL,סייטן  בולונז 350גרם טבע דלי,גרמים,350.00,100 גרם,false,1,25.90,7.4000,true,1,89994
7290004339784,false,בורגר על האש טבע דלי,טבע דלי,IL,בורגר על האש טבע דלי 400 גרם,גרמים,400.00,100 גרם,false,1,25.90,6.4750,true,1,97815
7290004339807,false,המבורגר כוסמת 400 גר,טבע דלי בעמ,IL,המבורגר כוסמת מש מונבט אורז מלא וציה 400,גרמים,400.00,100 גרם,false,1,25.90,6.4750,true,1,85556
7290004339999,false,סייטן אמרנט שניצלוני,טבע דלי,IL,סייטן אמרנט שניצלונים טבע דלי 400 גרם,גרמים,400.00,100 גרם,false,1,30.90,7.7250,true,1,108980
7290004343040,false,מבריק ציפורניים 7 של,,,מבריק ציפורניים 7 שלבים,Unknown,0.00,Unknown,false,1,13.00,0.0000,true,1,63443
7290004343460,false,צבת אל חלד לעור סולי,,,צבת אל חלד לעור סולינגן,יחידה,1.00,יחידה,false,1,59.90,59.9000,true,1,63424
7290004344603,false,צבת אל חלד לציפורניי,,,צבת אל חלד לצפורניים סולינגן,יחידה,1.00,יחידה,false,1,59.90,59.9000,true,1,63423
7290004344627,false,קשת פשוטה זוג טאצ,,,קשת פשוטה זוג טאצ,יחידה,1.00,יחידה,false,1,12.90,12.9000,true,1,155182
7290004353346,false,כפפת פינוק גיאנקי,יושלם,,כפפת פינוק גיאנקי סאן,Unknown,0.00,Unknown,false,1,14.90,0.0000,true,1,4553
7290004367053,false,חטיף ארוז 350גרם,בית העוגיות המרוקאיו,IL,חטיף ארוז 350גרם,גרמים,350.00,100 גרם,false,1,16.90,4.8286,true,1,151050
7290004470524,false,קרש חיתוך בינוני פלנ,עצמון פלסט,,קרש חיתוך בינוני פלנרו    35X24,יחידה,1.00,יחידה,false,1,21.90,21.9000,true,1,14150
7290004480332,false,גאודה בקר משולש גד ל,מחלבת גד,IL,"גאודה בקר משולש גד לק""ג",קילוגרמים,1.00,"ק""ג",true,,115.00,115.0000,true,1,157213
7290004480349,false,גאודה עיזים משולש גד,מחלבת גד,IL,"גאודה עיזים משולש גד לק""ג",קילוגרמים,1.00,"ק""ג",true,,140.00,140.0000,true,1,157214
7290004491406,false,נקניקיות צורי נסרין,י מרכז הבשר,IL,נקניקיות צורי נסרין טלה,קילוגרמים,1.00,"ק""ג",true,,79.00,79.0000,true,1,155741
7290004492274,false,בייגלה טבעות מלוחות,אתר בייגל - Food,IL,כעכים בצורת טבעות עם מלח בייגל בייגל,גרמים,400.00,100 גרם,false,1,11.90,2.9750,true,1,4700
7290004494049,false,יין דלתון פומה סובני,"איי, בי, אינבוו",IL,דלתון סוביניון בלאן יין לבן יבש גליל 2020 750 מל,מיליליטרים,750.00,"100 מ""ל",false,1,64.90,8.6533,true,1,52964
7290004494131,false,יין דלתון קברנה סובנ,"איי, בי, אינבוו",IL,דלתון קברנה סוביניון 2019 יין אדום יבש,מיליליטרים,750.00,"100 מ""ל",false,1,64.90,8.6533,true,1,53095
7290004494148,false,יין דלתון מרלו 750 מ,"איי, בי, אינבוו",IL,דלתון יין 15% אדום יבש מרלו 2014,מיליליטרים,750.00,"100 מ""ל",false,1,64.90,8.6533,true,1,53023
7290004494179,false,יין דלתון שרדונה 750,"איי, בי, אינבוו",IL,יין דלתון שרדונה 750 מל,מיליליטרים,750.00,"100 מ""ל",false,1,64.90,8.6533,true,1,155916
7290004494353,false,יין דלתון עלמה לבן 2,יקב דלתון בעמ,IL,יין דלתון עלמה אייבורי 750מל,מיליליטרים,750.00,"100 מ""ל",false,1,79.90,10.6533,true,1,93457
7290004494377,false,יין דלתון שיראז 750,"איי, בי, אינבוו",IL,יין דלתון אדום יבש שיראז 2020 13.5% 750 מל,מיליליטרים,750.00,"100 מ""ל",false,1,64.90,8.6533,true,1,53328
7290004494599,false,יין דלתון עלמה,,IL,עלמה קרימזון דלתון 750 מל 2018,מיליליטרים,750.00,"100 מ""ל",false,1,79.90,10.6533,true,1,53932
7290004504632,false,יווני תרד גבינה,גדרון,IL,מאפה יווני גבינה ותרד,קילוגרמים,1.00,"ק""ג",true,,49.90,49.9000,true,1,125376
7290004504649,false,בורקס גבינה יווני,גדרון סהרון,IL,בורקס גבינה יווני,קילוגרמים,1.00,"ק""ג",true,,49.90,49.9000,true,1,125375
7290004504731,false,לחם רוסי קפוא,גדרון,IL,לחם רוסי קפוא,יחידה,1.00,יחידה,false,1,10.90,10.9000,true,1,130005
7290004504748,false,לחם עם בצל קפוא,גדרון,IL,לחם עם בצל קפוא,לא מנהל יחידת מידה,0.00,לא מנהל יחידת מידה,false,1,10.90,0.0000,true,1,130026
7290004504755,false,לחם שיפון גדרון,גדרון,IL,לחם שיפון גדרון,יחידה,1.00,יחידה,false,1,10.90,10.9000,true,1,151255
7290004504762,false,לחם קמח מלא קפוא,גדרון,IL,לחם קמח מלא קפוא,יחידה,1.00,יחידה,false,1,9.90,9.9000,true,1,150500
7290004554330,false,שלגון אסקימו דובדבן,שטראוס גלידות,,שלגון אסקימו דובדבן,גרמים,84.00,100 גרם,false,1,3.90,4.6429,true,1,13197
7290004554354,false,גלידה פנטזיה שוקו ונ,,IL,גלידה פנטזיה שוקו וניל 1 ליטר,ליטרים,1.00,ליטר,false,1,23.90,23.9000,true,1,4747
7290004554798,false,שלגון מטרה,"מיוצר ע"" גלידת שטראו",IL,שטראוס מטרה שלגון בטעמי פטל ולימון 80 גרם,גרמים,90.00,100 גרם,false,1,6.90,7.6667,true,1,13198
7290004554903,false,פנטזיה פרווה שוקו ונ,,IL,גלידה פנטזיה פרווה 1 ל                 .,ליטרים,1.00,ליטר,false,1,23.90,23.9000,true,1,4750
7290004584351,false,גבינה במרקם שמנת סימ,"שטראוס בריאות בע""מ",IL,סימפוניה החמישית,גרמים,200.00,100 גרם,false,1,11.90,5.9500,true,1,4761
7290004584528,false,יוגורט דנונה ביו 1.7,מיוצר עי קונדיטוריית,IL,דנונה ביו  1.7% 200 גרם,גרמים,200.00,100 גרם,false,1,3.70,1.8500,true,1,4762
7290004585907,false,מעדן דני וניל 125 גר,"שטראוס בריאות בע""מ",IL,דני וניל,גרמים,125.00,100 גרם,false,1,2.90,2.3200,true,1,4767
7290004658953,false,יין סוביניון,"כד בני דרום בע""מ",IL,"יין P.C סוביניון בלאן 750 מ""ל",מיליליטרים,750.00,"100 מ""ל",false,1,39.90,5.3200,true,1,17757
7290004658960,false,יין P.C אמרלד ריזלינ,אגודת הכורמים הקואופ,IL,"יין P.C אמרלד ריזלינג 750 מ""ל",מיליליטרים,750.00,"100 מ""ל",false,1,39.90,5.3200,true,1,4839
7290004725600,false,גבינה סקנדינבית,,,גבינה סקנדינבית,קילוגרמים,1.00,"ק""ג",true,,81.90,81.9000,true,1,118254
7290004731076,false,אלסבון כיף אלוורה 1,קוסמופארם בע''מ,IL,כיף 1 ליטר אלוורה,ליטרים,1.00,ליטר,false,1,15.90,15.9000,true,1,23964
7290004731083,false,אלסבון כיף גנסנג,קוסמופארם בע''מ,IL,כיף 1 ליטר ג'נסינג,ליטרים,1.00,ליטר,false,1,15.90,15.9000,true,1,23965
7290004731410,false,כרית קרצוף סנו סושי,סנו,,כרית קרצוף סנו סושי ירוק שלישייה,יחידה,0.00,יחידה,false,1,9.90,0.0000,true,1,24104
7290004731472,false,מארז אלסבון כיף צבעו,קוסמופארם בע''מ,IL,כיף שלישיה צבעוני,ליטרים,1.50,ליטר,false,1,18.90,12.6000,true,1,23967
7290004731564,false,מבשם ומרכך כביסה למי,סנו,IL,מבשם ומרכך כביסה למייבש BLUE BLOSSOM,יחידה,1.00,יחידה,false,1,18.90,18.9000,true,1,121411
7290004737900,false,חלב מרוכז הולנדי ויל,יו.איי.בי מאריג'אמפו,LT,חלב מרוכז הולנדי ויליפוד 397 גרם,גרמים,397.00,100 גרם,false,1,10.90,2.7456,true,1,4896
7290004761486,false,5 יח מיכל עגול/מלבני,,,5 יח מיכל עגול/מלבני למיקרו,Unknown,0.00,Unknown,false,1,11.90,0.0000,true,1,72616
7290004828141,false,יוגורט תות בבקבוק,בת הרים,IL,יוגורט תות בבקבוק,מיליליטרים,500.00,"100 מ""ל",false,1,17.90,3.5800,true,1,150490
7290004828158,false,יוגורט אפרסק 500מל,בת הרים,IL,יוגורט אפרסק 500מל,מיליליטרים,500.00,"100 מ""ל",false,1,17.90,3.5800,true,1,149908
7290004828165,false,יוגורט פירות יער בבק,בת הרים,IL,יוגורט פירות יער בבקבוק,מיליליטרים,500.00,"100 מ""ל",false,1,17.90,3.5800,true,1,150220
7290004828691,false,יוגורט פירות יער צנצ,בת הרים,IL,יוגורט פירות יער צנצנת,מיליליטרים,275.00,"100 מ""ל",false,1,12.90,4.6909,true,1,149906
7290004828721,false,גבינת גאודה פסטו בת,בת הרים,IL,גבינת גאודה פסטו בת הרים,גרמים,150.00,100 גרם,false,1,24.90,16.6000,true,1,149913
7290004828790,false,גבינת פקאן בת הרים,בת הרים,IL,גבינת פקאן בת הרים,גרמים,150.00,100 גרם,false,1,24.90,16.6000,true,1,149910
7290004828912,false,צנצנת יוגורט אפרסק,בת הרים,IL,צנצנת יוגורט אפרסק,מיליליטרים,275.00,"100 מ""ל",false,1,12.90,4.6909,true,1,156178
7290004828967,false,"בקבוק 500 מ""ל יוגורט",בת הרים,IL,"בקבוק 500 מ""ל יוגורט פרג",מיליליטרים,500.00,"100 מ""ל",false,1,17.90,3.5800,true,1,149909
7290004850432,false,אגיסטן אלוורה 20 גרם,פריגו,,אגיסטן אלוורה 20 גרם,לא מנהל יחידת מידה,0.00,לא מנהל יחידת מידה,false,1,30.50,0.0000,true,1,25281
7290004861025,false,בולגרית מעודנת  5%,מחלבת המושבה,IL,בולגרית מעודנת  5%,קילוגרמים,1.00,"ק""ג",true,,62.00,62.0000,true,1,115862
7290004861063,false,גבינה קאש 9%,מחלבת המושבה,IL,גבינה קאש 9%,קילוגרמים,1.00,"ק""ג",true,,55.00,55.0000,true,1,115866
7290004861315,false,לאבנה 5%,מחלבת המושבה,IL,לאבנה 5%,קילוגרמים,1.00,"ק""ג",true,,43.00,43.0000,true,1,115869
7290004861421,false,חלומי 24%,מחלבת המושבה,IL,חלומי 24%,קילוגרמים,1.00,"ק""ג",true,,88.00,88.0000,true,1,115914
7290004872243,false,שלגון בננה מצופה,תות תעשיות מזון (201,IL,שלגון בננה מצופה,Unknown,0.00,Unknown,false,1,5.90,0.0000,true,1,12196
7290004872731,false,טילון אקסטרים וניל,נגה גלידות,,טילון אקסטרים וניל,Unknown,0.00,Unknown,false,1,9.50,0.0000,true,1,13217
7290004872786,false,טילון אקסטרים ענק פק,נגה גלידות,,טילון אקסטרים ענק פקאן 139 גרם,גרמים,139.00,100 גרם,false,1,9.90,7.1223,true,1,13219
7290004914219,false,מפיץ ריח לרכב סנרייז,סאנרייז,,מפיץ ריח לרכב סנרייז,Unknown,0.00,Unknown,false,1,9.00,0.0000,true,1,79528
7290004914479,false,מפיץ ריח  לבית סאנרי,סאנרייז,,מפיץ ריח  לבית סאנרייז,Unknown,0.00,Unknown,false,1,9.00,0.0000,true,1,109271
7290004914639,false,מפיץ ריח בריח תות,סאנרייז,,מפיץ ריח בריח תות,Unknown,0.00,Unknown,false,1,9.90,0.0000,true,1,114411
7290004914646,false,מפיץ ריח בריח בלאק א,סאנרייז,,מפיץ ריח בריח בלאק אייס,Unknown,0.00,Unknown,false,1,9.90,0.0000,true,1,114409
7290004914653,false,מפיץ ריח בריח קוקוס,סאנרייז,,מפיץ ריח בריח קוקוס,Unknown,0.00,Unknown,false,1,9.90,0.0000,true,1,114408
7290004914677,false,מפיץ ריח בריח וניל,סאנרייז,,מפיץ ריח בריח וניל,Unknown,0.00,Unknown,false,1,9.90,0.0000,true,1,114407
7290004943301,false,ברוקולי מילוטל  800,משק ויילר,IL,ברוקולי מילוטל  800גרם,גרמים,800.00,100 גרם,false,1,12.90,1.6125,true,1,159903
7290004943806,false,כרובית מילוטל  800ג,משק ויילר,IL,כרובית מילוטל  800גרם,גרמים,800.00,100 גרם,false,1,12.90,1.6125,true,1,159887
7290004944858,false,חציל במיונז,,,חציל במיונז,קילוגרמים,1.00,"ק""ג",true,,50.00,50.0000,true,1,89844
7290004952075,false,הרדוף חלבה משומשום א,אחדות,IL,חלבה משומשום מלא אורגני,גרמים,300.00,100 גרם,false,1,21.90,7.3000,true,1,45722
7290004952136,false,קמח כוסמין מלא אורגנ,טחנת קמח יפו,IL,קמח כוסמין מלא,קילוגרמים,1.00,"ק""ג",false,1,24.90,24.9000,true,1,86104
7290004952778,false,טופו אורגני,כפר בריא בעמ,IL,טופו אורגני 300 גרם הרדוף,גרמים,300.00,100 גרם,false,1,15.90,5.3000,true,1,21051
7290004952785,false,פריכיות כסמת דקות  .,פרח תעשיות,IL,"פריכיות דקות, מאורז חום מלא אורגני וכוסמת אורגנית",גרמים,100.00,100 גרם,false,1,13.90,13.9000,true,1,45899
7290004952792,false,פריכיות דקות מאורז ח,פרח תעשיות,IL,"פריכיות דקות, מאורז חום מלא אורגני",גרמים,100.00,100 גרם,false,1,13.90,13.9000,true,1,45900
7290004982393,false,גבינה ברס בלו במשקל1,ברס,,גבינה ברס בלו במשקל1 קג                .,קילוגרמים,1.00,"ק""ג",true,,175.00,175.0000,true,1,5180
7290005008184,false,סבון פלמוליב נוזלי ש,הנסיך- מפעל לייצור ט,TR,"סבון פלמוליב נוזלי שקדים 500 מ""ל",מיליליטרים,500.00,"100 מ""ל",false,1,19.90,3.9800,true,1,5287
7290005008191,false,סבון נוזלי פלמוליב א,קולגייט פלמוליב,TR,500 מל סבון נוזלי פלמוליב so relaxed,מיליליטרים,500.00,"100 מ""ל",false,1,19.90,3.9800,true,1,5288
7290005020162,false,ויסקי בלנטיין בקבוק,פרנו,,וויסקי סקוטי בלנטייס פיינסט,מיליליטרים,700.00,"100 מ""ל",false,1,99.90,14.2714,true,1,41161
7290005020346,false,בקרדי לבן 750,ג'נרל מילס סאן אדריא,US,"בקרדי לבן 750 מ""ל",מיליליטרים,750.00,"100 מ""ל",false,1,119.90,15.9867,true,1,22594
7290005041136,false,קבב גמבו רומני,מעדני הטלה,,"קבב ג""מבו רומני 1 ק""ג",לא מנהל יחידת מידה,0.00,לא מנהל יחידת מידה,false,1,49.90,0.0000,true,1,91776
7290005041198,false,קבב ביתי,לאטי עזרא גלם ודגים,,"קבב ביתי 1 ק""ג",לא מנהל יחידת מידה,0.00,לא מנהל יחידת מידה,false,1,49.90,0.0000,true,1,91775
7290005041402,false,שיפודי פרגיות מעדני,יושלם,,שיפודי פרגיות מעדני הטלה  600 גר,גרמים,600.00,100 גרם,false,1,59.90,9.9833,true,1,93049
7290005068621,false,תפרחות ברוקולי 800 פ,פרח,IL,פרי הגליל ברוקולי 800 גרם,גרמים,800.00,100 גרם,false,1,16.90,2.1125,true,1,18006
7290005082979,false,חלת דגנים,"גידרון תעשיות בע""מ",,חלת דגנים,יחידה,1.00,יחידה,false,1,14.90,14.9000,true,1,103434
7290005084355,false,סנסודין דואלקר משחה,DE MICLEN,,סנסודיין משחת שיניים הגנה כפולה 75 מל,מיליליטרים,75.00,"100 מ""ל",false,1,21.90,29.2000,true,1,5411
7290005111761,false,מזון לכלבים בונזו מז,united pet food,FR,"בונזו בשר 3 ק""ג",קילוגרמים,3.00,"ק""ג",false,1,47.90,15.9667,true,1,5419
7290005113222,false,מיקס זיתים A2יבנה ח,קדבורי,IL,קבוצת יבנה מיקס זיתים 560 גרם,גרמים,540.00,100 גרם,false,1,10.90,2.0185,true,1,49713
7290005158162,false,מקלוני כוסמין וכורכו,דגן,IL,מקלוני כוסמין וכורכום דגן  200 גרם,גרמים,200.00,100 גרם,false,1,26.90,13.4500,true,1,150588
7290005158407,false,עוגיות טחינה ואגוזים,פרוטרופיק סיה.,IL,עוגיות טחינה ואגוזים מכוסמין 300 גרם,גרמים,300.00,100 גרם,false,1,33.90,11.3000,true,1,153904
7290005174551,false,סלט חומוס יום יום 12,מיוצר עי קונדיטוריית,IL,סלט חומוס יום יום 125  גרם,גרמים,125.00,100 גרם,false,1,5.50,4.4000,true,1,5448
7290005174568,false,סלט חציל במיונז יום,מיוצר עי קונדיטוריית,IL,סלט חציל במיונז יום יום 125 גרם,גרמים,125.00,100 גרם,false,1,5.50,4.4000,true,1,5449
7290005174575,false,סלט טחינה יום יום 12,מיוצר עי קונדיטוריית,IL,סלט טחינה יום יום 125 גרם,גרמים,125.00,100 גרם,false,1,4.90,3.9200,true,1,5450
7290005175589,false,"קמח תירס 1 ק""ג",,,"קמח תירס 1 ק""ג",קילוגרמים,1.00,"ק""ג",false,1,9.90,9.9000,true,1,5456
7290005200786,false,תפוציפס טעם שמנת ובצ,"שטראוס פריטו ליי בע""",IL,תפו שמנת בצל 50 גר 48 יח - שמיטה,גרמים,50.00,100 גרם,false,1,3.90,7.8000,true,1,5486
7290005270000,false,עלי סיגר,חמים וטעים,,"עלים לסיגר 500 גר ""חמים וטעים",גרמים,500.00,100 גרם,false,1,16.90,3.3800,true,1,31900
7290005287510,false,טונה סטארקיסט פלפל ח,כלורוקס אוקלנד,TH,ס.ק עם פלפל חריף 160 גרם,גרמים,160.00,100 גרם,false,1,8.90,5.5625,true,1,46267
7290005287527,false,טונה סטארקיסט שמן עם,כלורוקס אוקלנד,TH,ס.ק  בטעם לימון 160גרם,גרמים,160.00,100 גרם,false,1,8.90,5.5625,true,1,46268
7290005287534,false,טונה בשמן בעישון סטא,כלורוקס אוקלנד,TH,סטארקיסט טונה בשמן בטעם מעושן,גרמים,160.00,100 גרם,false,1,8.90,5.5625,true,1,46269
7290005296246,false,לפתיחת סתימות אקסטרא,יוליניבר,US,יעקבי פותח סתימות בצנרת ניקוז 946 מל,מיליליטרים,946.00,"100 מ""ל",false,1,23.90,2.5264,true,1,49089
7290005296260,false,אסטוניש רסס נגב לניק,פרח,,יעקבי אסטוניש ספריי ניקוי נגב 750 מל,מיליליטרים,750.00,"100 מ""ל",false,1,15.90,2.1200,true,1,15419
7290005296857,false,ספריי פוליבוי לרהיטי,יוליניבר,DE,יעקבי הפי ספריי מנקה ומבריק רהיטים 300 מל,מיליליטרים,300.00,"100 מ""ל",false,1,19.90,6.6333,true,1,13014
7290005326585,false,פסטו בזיליקום  אוליב,גוד פוד פרודקטס S.p,IL,פסטו בזיליקום  אוליביה180גרם,גרמים,180.00,100 גרם,false,1,12.90,7.1667,true,1,125360
7290005380600,false,פד דבק סטרילי 5*7 סמ,פארמה פלסט,EG,פד דבק סטרילי 5*7 סמ 10יח,לא מנהל יחידת מידה,0.00,לא מנהל יחידת מידה,false,1,8.90,0.0000,true,1,156345
7290005384851,false,"מיץ לימון 200 מ""ל",יורופוד,IT,"מיץ לימון 200 מ""ל",מיליליטרים,200.00,"100 מ""ל",false,1,5.90,2.9500,true,1,20737
7290005384899,false,בסגנון פטה,יושלם,,בסגנון פטה 21% לקג ויליפוד,קילוגרמים,1.00,"ק""ג",true,,49.00,49.0000,true,1,5824
7290005423055,false,מתז פורטה פלוס 1 ליט,"סנו מפעלי ברונוס בע""",IL,סנו פורטה פלוס נוזל מרוכז XL ניחוח לימון 1 ליטר,לא מנהל יחידת מידה,0.00,לא מנהל יחידת מידה,false,1,17.90,0.0000,true,1,128676
7290005423253,false,מרסס למייבש כביסה מק,"סנו מפעלי ברונוס בע""",IL,"מרסס למייבש כביסה מקסימה כחול 750 מ""ל",מיליליטרים,750.00,"100 מ""ל",false,1,18.90,2.5200,true,1,5897
7290005423369,false,סנו די קידס תחליב דו,טרופיקל דגיל תעשיות,IL,סנו די תחליב דוחה יתושים 100 מל,מיליליטרים,100.00,"100 מ""ל",false,1,19.90,19.9000,true,1,148075
7290005423482,false,קרם לניקוי כיריים,סנו,,קרם לניקוי כיריים,מיליליטרים,300.00,"100 מ""ל",false,1,13.90,4.6333,true,1,22419
7290005423499,false,ספריי לניקוי משטחי נ,סנו מפעלי ברונוס בעמ,IL,נירוסטה - לניקוי והברקה של משטחי נירוסטה,מיליליטרים,500.00,"100 מ""ל",false,1,21.70,4.3400,true,1,5902
7290005423567,false,מטליות לניקוי כללי ב,סנו סושי,IL,סנו סושי - 40 מטליות לניקוי כללי בגליל,לא מנהל יחידת מידה,0.00,לא מנהל יחידת מידה,false,1,23.90,0.0000,true,1,5905
7290005423635,false,ריצפז דוחה תיקנים 2,סנו מפעלי ברונוס בעמ,IL,סנו ריצפז פלוס,ליטרים,2.00,ליטר,false,1,22.90,11.4500,true,1,5907
7290005423734,false,מרכך כביסה מקסימה או,סאנו,IL,מרכך 4 ליטר,ליטרים,4.00,ליטר,false,1,22.90,5.7250,true,1,5909
7290005423833,false,נוזל לרצפה פוליויקס,"סנו מפעלי ברונוס בע""",IL,סנו פוליויקס מנקה מבריק פרקט 2 ליטר,ליטרים,2.00,ליטר,false,1,22.90,11.4500,true,1,5910
7290005423918,false,מ.כביסה מקסימה בייבי,סאנו,IL,מרכך 4 ליטר,ליטרים,4.00,ליטר,false,1,22.90,5.7250,true,1,13019
7290005424113,false,מטלית רצפה,עופרטקס,,"מטלית רצפה סנו סושי 4 יח               """,Unknown,0.00,Unknown,false,1,13.10,0.0000,true,1,5913
7290005424311,false,משמיד חרקים סנו Kרב,סנו מפעלי ברונוס בעמ,IL,משמיד חרקים סנו Kרב קוטל500 מל,מיליליטרים,500.00,"100 מ""ל",false,1,23.90,4.7800,true,1,5916
7290005424403,false,אלסבון כיף אצות ים,קוסמופארם בע''מ,IL,כיף אל סבון קטיפתי מועשר בלחות 1 ליטר,ליטרים,1.00,ליטר,false,1,15.90,15.9000,true,1,5917
7290005424762,false,ריצפז דוחה חרקים+וקס,"סנו מפעלי ברונוס בע""",IL,סנו ריצפז פלוס ווקס 2 ליטר,ליטרים,2.00,ליטר,false,1,31.60,15.8000,true,1,22507
7290005424847,false,מפיות נייר סנו סושי,איפק,,מפיות נייר סנו סושי 150 יח,Unknown,0.00,Unknown,false,1,9.90,0.0000,true,1,5925
7290005425073,false,מטהר אוויר דואופרש י,"סנו מפעלי ברונוס בע""",IL,דואופרש אפרס,מיליליטרים,300.00,"100 מ""ל",false,1,11.90,3.9667,true,1,5929
7290005425127,false,מרסס שומנים 99% משמי,"סנו מפעלי ברונוס בע""",IL,סנו מחטא ומשמיד חיידקים עוצמתי 750 מל,לא מנהל יחידת מידה,0.00,לא מנהל יחידת מידה,false,1,16.90,0.0000,true,1,128678
7290005425196,false,אבקת כביסה מקסימה סנ,סנו מפעלי ברונוס בעמ,IL,אבקת כביסה מרוכזת SENSITIVE,קילוגרמים,2.50,"ק""ג",false,1,28.90,11.5600,true,1,5931
7290005425202,false,אבק.כביסה מקסימה ביו,"איי, בי, אינבוו",IL,2.5 מקסימה ביו,קילוגרמים,2.50,"ק""ג",false,1,28.90,11.5600,true,1,13020
7290005425646,false,סנוקליר חלונות 1 ליט,"סנו מפעלי ברונוס בע""",IL,סנוקליר חלונות 1 ליטר,ליטרים,1.00,ליטר,false,1,11.90,11.9000,true,1,5934
7290005425714,false,לשטיחים סנופלוס ספרי,סנו כימיקלים,IL,"סנו שמפו שטיחים פלוס, דוחה קרדית אבק הבית 500 גרם",מיליליטרים,600.00,"100 מ""ל",false,1,26.60,4.4333,true,1,5936
7290005426193,false,ספוג הפלא סנו סושי,סנו מפעלי ברונו בעמ,IL,סנו סושי ספוג הפלא,Unknown,0.00,Unknown,false,1,12.90,0.0000,true,1,14195
7290005426568,false,קרמה לחות לשיער רגיל,טרופיקל דגיל תעשיות,IL,קרמה לחות לשיער רגיל,מיליליטרים,400.00,"100 מ""ל",false,1,20.70,5.1750,true,1,5948
7290005426629,false,מטהר אויר דואופרש,סנו,,מ.אויר דואופרש לוטוס ופרחי מים,מיליליטרים,300.00,"100 מ""ל",false,1,11.90,3.9667,true,1,5951
7290005427107,false,מגבת נייר סנו סושי 6,סנו מפעלי ברונוס בעמ,IL,"סנו סושי 6 מגבות הפלא, 700 גרם",מטרים,6350.00,מטר,false,1,12.90,0.0020,true,1,16841
7290005427732,false,אל סבון כיף קמומיל,,IL,כיף 2 ליטר קמומיל,ליטרים,2.00,ליטר,false,1,21.90,10.9500,true,1,16562
7290005427749,false,אל סבון כיף אצות ים,טרופיקל דגיל תעשיות,IL,כיף 2 ליטר אצות ים,ליטרים,2.00,ליטר,false,1,21.90,10.9500,true,1,16563
7290005427763,false,אל סבון כיף ג ינסינג,,IL,כיף 2 ליטר ג'ינסינג,ליטרים,2.00,ליטר,false,1,21.90,10.9500,true,1,16565
7290005428845,false,סנו סופט מפיות 100 י,,,סנו סופט מפיות 100 יח צבעוני,מיליליטרים,750.00,"100 מ""ל",false,1,9.90,1.3200,true,1,109845
7290005429286,false,א.כביסה מקסימה ביו,סנו,,"אבק.כביסה מקסימה ביו 6 ק""ג",קילוגרמים,6.00,"ק""ג",false,1,49.90,8.3167,true,1,30390
7290005430480,false,מטלית הפלא,N.S.,,מטלית הפלא סנו סושי למשטח,Unknown,0.00,Unknown,false,1,9.90,0.0000,true,1,36264
7290005430602,false,"מסיר כתמים אוקסיג""ן",סנו,IL,"מסיר כתמים אוקסיג""ן מרסס 750 מ""ל",מיליליטרים,750.00,"100 מ""ל",false,1,18.90,2.5200,true,1,5979
7290005430671,false,פוליויקס קרמיקה,סנו מפעלי ברונו בעמ,IL,ניקוי רצפות קרמיקה,ליטרים,2.00,ליטר,false,1,22.90,11.4500,true,1,5981
7290005430961,false,בד גרד נוזל כביסה,יושלם,,בד-גרד נוזל לכביסה ביד 1 ליטר,ליטרים,1.00,ליטר,false,1,16.90,16.9000,true,1,5985
7290005431883,false,מלבי חלבי 165 גרם,לחמנו,IL,עדן מלבי 165 גרם,גרמים,165.00,100 גרם,false,1,6.90,4.1818,true,1,146634
7290005431890,false,בוואריה 95 גרם,לחמנו,IL,עדן בוואריה  95 גרם,גרמים,95.00,100 גרם,false,1,6.90,7.2632,true,1,146641
7290005431906,false,קדאיף 82 גרם,תנובה,IL,קדאיף 82 גרם,גרמים,82.00,100 גרם,false,1,6.90,8.4146,true,1,146640
7290005431913,false,עוגת גבינה פירורים 9,תנובה,IL,עוגת גבינה פירורים 92 גרם,גרמים,92.00,100 גרם,false,1,6.90,7.5000,true,1,146638
7290005431920,false,עוגת גבינה פירורים ל,תנובה,IL,עוגת גבינה פירורים לייט 78 גרם,גרמים,78.00,100 גרם,false,1,6.90,8.8462,true,1,146639
7290005431937,false,טירמיסו 82 גרם,תנובה,IL,טירמיסו 82 גרם,גרמים,82.00,100 גרם,false,1,6.90,8.4146,true,1,146633
7290005431968,false,מלבי שמנת 150גרם,תנובה,IL,מלבי שמנת 150גרם,גרמים,150.00,100 גרם,false,1,7.90,5.2667,true,1,149491
7290005477669,false,דרמפון ס.נוזלי+לחות,קוסמופארם בע''מ,IL,דרמפון-ס.נוזלי מועשר לחות,ליטרים,1.00,ליטר,false,1,19.70,19.7000,true,1,5996
7290005500688,false,מסיכה לשיער רגיל,א.ל ארמן,,"פנינה מסיכה לשיער רגיל 1 ק""ג",קילוגרמים,1.00,"ק""ג",false,1,39.90,39.9000,true,1,6032
7290005509445,false,עוג.מיני קוקיס חמאה,HIQ FOOD PRODUCTS,IL,עוג.מיני קוקיס חמאה 600 גרם,גרמים,600.00,100 גרם,false,1,23.90,3.9833,true,1,13027
7290005559587,false,מאפה נקניקיה 800 גרם,"מעדנות בע""מ",IL,מאפה נקניקיה 800 גרם,גרמים,800.00,100 גרם,false,1,33.60,4.2000,true,1,6137
7290005559709,false,בורקס פיצה,"מעדנות בע""מ",IL,בורקס פיצה מעדנות 700 גרם,גרמים,700.00,100 גרם,false,1,25.90,3.7000,true,1,6142
7290005559907,false,פיצה משפחתית גבינה מ,מיוצר עי קונדיטוריית,IL,פיצה משפחתית גבינה מעדנות 500גרם,גרמים,500.00,100 גרם,false,1,25.90,5.1800,true,1,6145
7290005559914,false,פיצה משפחתית זיתים,"מעדנות בע""מ",IL,פיצה משפחתית זיתים 550 גרם,גרמים,550.00,100 גרם,false,1,25.90,4.7091,true,1,6146
7290005559990,false,בצק פילאס תורכי 600,"מעדנות בע""מ",IL,בצק פילאס תורכי 600 גרם,גרמים,600.00,100 גרם,false,1,22.90,3.8167,true,1,6150
7290005589492,false,שלווה דבש 200 גרם,מפעלי דגן,,שלווה דבש 200 גרם,גרמים,200.00,100 גרם,false,1,6.90,3.4500,true,1,87457
7290005589744,true,דגן פיצפוצי אורז דבש,,,דגן פיצפוצי אורז דבש,Unknown,0.00,Unknown,false,1,8.90,0.0000,true,1,129649
7290005591761,false,דבש פרחי בר בקבוק לח,תות תעשיות מזון (201,IL,דבש טהור לחיץ 400 גרם,גרמים,400.00,100 גרם,false,1,24.90,6.2250,true,1,6164
7290005617355,false,מברשת עץ לנעליים,,,מברשת עץ לנעליים,יחידה,1.00,יחידה,false,1,7.90,7.9000,true,1,145745
7290005651069,false,לה-קט 2.85 קג מיקס,יו פי אף,FR,לה קט מיקס 2.85 קג,קילוגרמים,2.85,"ק""ג",false,1,59.90,21.0175,true,1,23419
7290005651366,false,בונזו כבד 3 קג,united pet food,FR,"בונזו בקר וכבד 3 ק""ג",קילוגרמים,3.00,"ק""ג",false,1,47.90,15.9667,true,1,6201
7290005651427,false,בונזו מולטיפק 3*400,FIDELE SAS,FR,בונזו מולטיפק 3*400 גר,גרמים,400.00,100 גרם,false,1,17.90,4.4750,true,1,6204
7290005680052,false,טמפוני O.B סופר פלוס,גונסון אנד גונסון,GR,טמפוני O.B סופר פלוס 32 יח,יחידה,32.00,יחידה,false,1,24.90,0.7781,true,1,6224
7290005684418,false,לחם כוסמין מלא אורגנ,המאפיה של הרמן,IL,לחם כוסמין מלא אורגני 700 גרם,גרמים,700.00,100 גרם,false,1,14.90,2.1286,true,1,102625
7290005684487,false,שישיית לחמניות כוסמי,המאפיה של הרמן,IL,"לחמניות כוסמין 6 יחידות, 420 גרם",גרמים,420.00,100 גרם,false,1,12.90,3.0714,true,1,126280
7290005684579,false,לחם מחמצת כוסמין,מאפית ברמן,IL,לחפ מחמצת כוסמין,גרמים,700.00,100 גרם,false,1,16.90,2.4143,true,1,153773
7290005686405,false,בננה ציפס מסוכרת 200,"דין שיווק וקליה בע""מ",,בננה ציפס מסוכרת 200 גרם,גרמים,200.00,100 גרם,false,1,7.90,3.9500,true,1,102924
7290005686436,false,תפוח עץ מיובש 200 גר,"דין שיווק וקליה בע""מ",,תפוח עץ מיובש 200 גרם,גרמים,200.00,100 גרם,false,1,11.90,5.9500,false,1,155512
7290005697272,false,גבינת תום מונפורט עי,גלילי,,גבינת תום מונפורט עיזים,קילוגרמים,1.00,"ק""ג",true,,199.00,199.0000,true,1,95978
7290005697289,false,גבינת מורבייה עיזים,גלילי,,גבינת מורבייה עיזים,קילוגרמים,1.00,"ק""ג",true,,199.00,199.0000,true,1,95979
7290005697296,false,גבינת תום בורדו עיזי,גלילי,,גבינת תום בורדו עיזים,קילוגרמים,1.00,"ק""ג",true,,219.00,219.0000,true,1,95980
7290005697326,false,גבינת פיקורינו,גלילי,,גבינת פיקורינו,קילוגרמים,1.00,"ק""ג",true,,197.90,197.9000,true,1,95983
7290005697333,false,גבינת קממבר עיזים,גלילי,,גבינת קממבר עיזים,קילוגרמים,1.00,"ק""ג",true,,175.00,175.0000,true,1,95984
7290005697340,false,גבינת ברי עיזים,גלילי,,גבינת ברי עיזים,קילוגרמים,1.00,"ק""ג",true,,175.00,175.0000,true,1,95985
7290005697364,false,גבינת פרובנס עיזים,גלילי,,גבינת פרובנס עיזים,קילוגרמים,1.00,"ק""ג",true,,199.00,199.0000,true,1,95987
7290005697371,false,גבינת קממבר כמהין,גלילי,,גבינת קממבר כמהין,קילוגרמים,1.00,"ק""ג",true,,199.00,199.0000,true,1,95988
7290005697388,false,גבינת קממבר גלילי,גלילי,,גבינת קממבר גלילי,קילוגרמים,1.00,"ק""ג",true,,140.00,140.0000,true,1,95989
7290005697395,false,גבינת ברי גלילי,גלילי,,גבינת ברי גלילי,קילוגרמים,1.00,"ק""ג",true,,136.90,136.9000,true,1,95990
7290005697524,false,יוגורט עיזים תמרים ב,גלילי,,"יוגורט עיזים תמרים ביו 500 מ""ל",מיליליטרים,500.00,"100 מ""ל",false,1,17.50,3.5000,true,1,111115
7290005697531,false,יוגורט עיזים תות ביו,גלילי,,"יוגורט עיזים תות ביו 500 מ""ל",מיליליטרים,500.00,"100 מ""ל",false,1,17.90,3.5800,true,1,114208
7290005697548,false,יוגורט עיזים פירות י,גלילי,,"יוגורט עיזים פירות יער ביו 500 מ""ל",מיליליטרים,500.00,"100 מ""ל",false,1,17.90,3.5800,true,1,114369
7290005697548,false,יוגורט עיזים פירות י,גלילי,,"יוגורט עיזים פירות יער ביו 500 מ""ל",מיליליטרים,500.00,"100 מ""ל",false,1,17.50,3.5000,true,1,111117
7290005697562,false,יוגורט עיזים אפרסק ב,גלילי,,"יוגורט עיזים אפרסק ביו 500 מ""ל",מיליליטרים,500.00,"100 מ""ל",false,1,17.50,3.5000,true,1,114036
7290005697630,false,יוגורט עיזים תאנים ב,גלילי,,"יוגורט עיזים תאנים ביו 500 מ""ל",מיליליטרים,500.00,"100 מ""ל",false,1,17.50,3.5000,true,1,114731
7290005718021,false,שטורדל גבינה,"גידרון תעשיות בע""מ",,שטורדל גבינה,גרמים,600.00,100 גרם,false,1,20.00,3.3333,true,1,14585
7290005718038,false,"שטרודל תפו""ע","גידרון תעשיות בע""מ",,שטרודל תפוע,גרמים,600.00,100 גרם,false,1,20.00,3.3333,true,1,14586
7290005811111,false,בייגלה מקמח כוסמין ע,"אם החיטה בע""מ",IL,בייגלה מקמח כוסמין עם מלח 300 גרם,גרמים,300.00,100 גרם,false,1,17.90,5.9667,true,1,146057
7290005811128,false,בייגלה מקמח כוסמין ע,"אם החיטה בע""מ",IL,הבייגלה מקמח כוסמין עם שומשום 300 גרם,גרמים,300.00,100 גרם,false,1,17.90,5.9667,true,1,146058
7290005838002,false,מעדן דניאלה גבינה ונ,"שטראוס בריאות בע""מ",IL,דניאלה וניל,גרמים,88.00,100 גרם,false,1,4.40,5.0000,true,1,6451
7290005838613,false,סקי וניל 125 גרם,"שטראוס בריאות בע""מ",IL,סקי וניל 125 גרם,גרמים,125.00,100 גרם,false,1,3.90,3.1200,true,1,6453
7290005838972,false,סקי יום יום      5%,מיוצר עי קונדיטוריית,IL,סקי יום יום 5%,גרמים,125.00,100 גרם,false,1,3.40,2.7200,true,1,6456
7290005839078,false,מארז דנונה ביו 1.200,מיוצר עי קונדיטוריית,IL,מארז 8 חסכון - ביו 3% 150 גרם,קילוגרמים,1.20,"ק""ג",false,1,17.60,14.6667,true,1,6459
7290005839108,false,גבינה במרקם שמנת סימ,"שטראוס בריאות בע""מ",IL,סימפוניה 5% עם זתים,גרמים,200.00,100 גרם,false,1,11.90,5.9500,true,1,6461
7290005839313,false,מילקי טופ מגולגלת 14,מיוצר עי קונדיטוריית,IL,מילקי טופ מגולגלת 140 גרם,גרמים,140.00,100 גרם,false,1,4.90,3.5000,true,1,6463
7290005854040,false,שלגון אסקימו משמש,יושלם,,שלגון אסקימו משמש,לא מנהל יחידת מידה,0.00,לא מנהל יחידת מידה,false,1,2.90,0.0000,true,1,57755
7290005869648,false,קרם רב שימושי רימון,ש.שוורץ,,קרם רב שימושי רימונים 500 סמק,מיליליטרים,500.00,"100 מ""ל",false,1,34.90,6.9800,true,1,53713
7290005869730,false,תרחיץ פילינג לפנים 2,ש.שוורץ,,תרחיץ פילינג לפנים 250 סמק,מיליליטרים,250.00,"100 מ""ל",false,1,33.90,13.5600,true,1,53882
7290005870422,false,"ג""ל אלוורה",ש.שוורץ,,גל אלוורה 100,מיליליטרים,100.00,"100 מ""ל",false,1,13.90,13.9000,true,1,53864
7290005870460,false,שמפו רימונים,ש.שוורץ,,שמפו רימונים לשיער רגיל 750 מ,מיליליטרים,750.00,"100 מ""ל",false,1,21.90,2.9200,true,1,53796
7290005870491,false,מרכך רימונים,ש.שוורץ,,מרכך רימונים 750 מל,מיליליטרים,750.00,"100 מ""ל",false,1,21.90,2.9200,true,1,53797
7290005870514,false,תחליב רחצה רימונים,ש.שוורץ,,תחליב רחצה  רימונים 750,מיליליטרים,750.00,"100 מ""ל",false,1,23.90,3.1867,true,1,53883
7290005871405,false,קרם לחות לשער יבש ופ,ש.שוורץ,,קרם לחות לשיער יבש ופגום 400,מיליליטרים,400.00,"100 מ""ל",false,1,39.90,9.9750,true,1,54269
7290005896439,false,בירה מכבי בקבוק חוזר,"איי, בי, אינבוו",IL,"בירה מכבי, בקבוק חוזר 500 מ''ל",מיליליטרים,500.00,"100 מ""ל",false,1,6.90,1.3800,true,1,86172
7290005896453,false,בירה מכבי 7.9% בקבוק,פארייפאבה אגרואינדוס,IL,"בירה מכבי 7.9%, בירה חזקה, בקבוק חוזר 500 מ''ל",מיליליטרים,500.00,"100 מ""ל",false,1,7.90,1.5800,true,1,118723
7290005896620,false,מים סן בנדטו מוגז בק,אקווה מינרלה סאן בנד,IT,סאן בנדטו מוגז עדין 1.5 ליטר,ליטרים,1.50,ליטר,false,1,3.90,2.6000,true,1,53114
7290005896637,false,מים סן בנדטו בקבוק,אקווה מינרלה סאן בנד,IT,סן בנדטו 1.5 ליטר,ליטרים,1.50,ליטר,false,1,3.90,2.6000,true,1,13030
7290005938238,false,"צ""ימצ""ורי 220 גרם",כלורוקס אוקלנד,IL,פרסקו צ'ימיצ'ורי ממרח בסגנון ארגנטינאי 220 גרם,גרמים,220.00,100 גרם,false,1,17.50,7.9545,true,1,25259
7290005938245,false,פסטו קלאסי 220 גרם,כלורוקס אוקלנד,IL,פרסקו פסטו קלאסי ממרח בזיליקום וצנובר 220 גרם,גרמים,220.00,100 גרם,false,1,19.90,9.0455,true,1,25162
7290005938627,false,פרסקו ממרח עגבניות,כלורוקס אוקלנד,IL,פרסקו ממרח עגבניות מיובשות 220 גרם,גרמים,220.00,100 גרם,false,1,19.90,9.0455,true,1,65987
7290005966033,false,יין הר חרמון לבן,דולפין ספא,IL,"הר חרמון יין לבן יבש 2020 750 מ""ל",מיליליטרים,750.00,"100 מ""ל",false,1,33.90,4.5200,true,1,6559
7290005966088,false,יין הר חרמון אדום 75,"כד בני דרום בע""מ",IL,הר חרמון אדום 2020 יבש,מיליליטרים,750.00,"100 מ""ל",false,1,33.90,4.5200,true,1,6561
7290005992018,false,"יוגורט עיזים 500 מ""ל","מיוצר ע""י קוד יצרן M",IL,"יוגורט עיזים 500 מ""ל גד",מיליליטרים,500.00,"100 מ""ל",false,1,13.90,2.7800,true,1,6615
7290005992575,false,גבינה בולגרית למריחה,יוליניבר,IL,גד גבינה בולגרית מלוחה למריחה 5% שומן,גרמים,250.00,100 גרם,false,1,18.90,7.5600,true,1,6622
7290005992735,false,גבינת לאבנה 5% 250 ג,הנסיך- מפעל לייצור ט,IL,גבינת לאבנה 5% 250 גרם גד,גרמים,250.00,100 גרם,false,1,12.90,5.1600,true,1,6629
7290005992858,false,פטה עזים מעודנת  5%,יושלם,,פטה עזים מעודנת  5% גד,קילוגרמים,1.00,"ק""ג",true,,125.00,125.0000,true,1,6632
7290005992872,false,גבינה צפתית 5% במים,יושלם,,גבינה צפתית 5% במים במשקל,קילוגרמים,1.00,"ק""ג",true,,67.00,67.0000,true,1,6634
7290005992889,false,גד גבינת שמנת שמיר 3,יושלם,,גבינה שמנת שום שמיר במשקל           30%,קילוגרמים,1.00,"ק""ג",true,,49.00,49.0000,true,1,6635
7290005992957,false,פטה עיזים מסורתית 20,,,פטה עיזים מסורתית 20% מהדרין גד,קילוגרמים,1.00,"ק""ג",true,,125.00,125.0000,true,1,6638
7290005992964,false,גבינה פטה כבשים,יושלם,,"גבינה פטה כבשים 1 ק""ג שקיל",קילוגרמים,1.00,"ק""ג",true,,110.00,110.0000,true,1,6639
7290005996054,false,סרוולט הונגרי לקג,מעדני יחיעם,IL,סרוולט הונגרי לקג,קילוגרמים,1.00,"ק""ג",true,,162.90,162.9000,true,1,148094
7290005996078,false,סלמי סרוולט הונגרי 1,יחיעם,IL,סלמי סרוולט הונגרי 125 ג',גרמים,125.00,100 גרם,false,1,29.90,23.9200,true,1,148093
7290005996153,false,נקניקיות צרפתיות  28,יחיעם,IL,נק' בסגנון צרפתי 280 גרם,גרמים,280.00,100 גרם,false,1,23.90,8.5357,true,1,147218
7290005996160,false,נקניקיות צוריסוס  יח,יחיעם,IL,נק' צ'וריסו 280 גרם,גרמים,280.00,100 גרם,false,1,23.90,8.5357,true,1,147219
7290005996221,false,פסטרמה של פעם דק דק,יחיעם,IL,פסט' של פעם דק דק 120 גרם,גרמים,120.00,100 גרם,false,1,10.90,9.0833,true,1,148979
7290005996238,false,פסטרמה בדבש דק דק 12,יחיעם,IL,פסט' בדבש דק דק 120 גרם,גרמים,120.00,100 גרם,false,1,10.90,9.0833,true,1,148978
7290005996276,false,פסטרמה ברביקיו דק דק,יחיעם,IL,פסט' ברבקיו דק דק 140גר',גרמים,120.00,100 גרם,false,1,10.90,9.0833,true,1,148980
7290005996740,false,סלמי פפרוני יחיעם 30,יחיעם,IL,סלמי פפרוני יחיעם 300 גרם,גרמים,300.00,100 גרם,false,1,25.90,8.6333,true,1,153833
7290005996825,false,נקניקיות בקר אמריקאי,מעדני יחיעם,IL,נקניקיות בקר אמריקאיות יחיעם 280גרם,גרמים,280.00,100 גרם,false,1,23.90,8.5357,true,1,153538
7290006120724,false,טאפס עירוני פלפל ממו,גבינות ניצן,,"טאפס עירוני פלפל ממולא 1 ק""ג",קילוגרמים,1.00,"ק""ג",true,,159.00,159.0000,true,1,116366
7290006199027,false,גלידל גלית תות 8,פלקו בעמ,IL,גלידל גלית תות 8,גרמים,600.00,100 גרם,false,1,36.90,6.1500,true,1,6823
7290006199218,false,גלידל אייס מוקה 8,פלדמן,IL,גלידל אייס מוקה 8,גרמים,400.00,100 גרם,false,1,36.90,9.2250,true,1,6824
7290006199942,false,גלידל פרי דובדבן 8 6,פלדמן,IL,גלידל פרי דובדבן 8 640 גרם,גרמים,640.00,100 גרם,false,1,25.90,4.0469,true,1,47458
7290006229427,false,מים סן בנדטו שישייה,טמפו,,"מים סן בנדטו שישייה בקבוק 500 מ""ל",ליטרים,3.00,ליטר,false,1,15.90,5.3000,true,1,12508
7290006229588,false,בירה איגל זהב,"איי, בי, אינבוו",IL,"איגל זהב 500 מ""ל פחית 24 יח'",מיליליטרים,500.00,"100 מ""ל",false,1,6.90,1.3800,true,1,105189
7290006241191,false,אגוזי מלך קליית גת 1,ששון ושות' (ש.ת. תעש,US,אגוז מלך שקית 150 גרם,גרמים,150.00,100 גרם,false,1,19.90,13.2667,true,1,61220
7290006241214,false,שקד טבעי 200 גרם,הדקלאים אגודת שיתופי,IL,שקד טבעי שקית 200 גרם,גרמים,200.00,100 גרם,false,1,21.90,10.9500,true,1,15192
7290006241504,false,פריגת תפוזים קפוא 34,גת,IL,"פריגת תפוזים קפוא 340 מ""ל",מיליליטרים,340.00,"100 מ""ל",false,1,14.90,4.3824,true,1,6920
7290006241511,false,פריגת לימונענע קפוא,היינץ צפון אמריקה מק,IL,פריגת לימונענע קפוא 340 מל             .,מיליליטרים,340.00,"100 מ""ל",false,1,14.90,4.3824,true,1,6921
7290006241535,false,פריגת מנגו קפוא 340,היינץ צפון אמריקה מק,IL,קפוא מנגו,מיליליטרים,340.00,"100 מ""ל",false,1,14.90,4.3824,true,1,6923
7290006241689,false,פריגת לימון קפוא,היינץ צפון אמריקה מק,IL,פריגת לימון קפוא 340 גרם,מיליליטרים,340.00,"100 מ""ל",false,1,14.90,4.3824,true,1,6929
7290006251107,false,"תה מסאלה צ""אי 25 שקי",מולינו ניקולי s.p.a,IL,מסאלה צ'אי,גרמים,50.00,100 גרם,false,1,19.90,39.8000,true,1,6942
7290006251275,false,תה ירוק סיני קלאסי 2,HIQ FOOD PRODUCTS,IL,תה ירוק סיני T.T,גרמים,37.00,100 גרם,false,1,25.90,70.0000,true,1,6944
7290006251343,false,חליטת תה פסיפלורה מנ,HIQ FOOD PRODUCTS,IL,"מנגו-פסיפלורה ""הגן הקסום""",גרמים,62.00,100 גרם,false,1,19.90,32.0968,true,1,6947
7290006251374,false,תה ירוק לימונית וגינ,HIQ FOOD PRODUCTS,IL,תה ירוק לימונית וג'ינג'ר T.T,גרמים,37.00,100 גרם,false,1,25.90,70.0000,true,1,14199
7290006251589,false,תה ירוק נענע 50 יח,ארזינא,IL,חדש תה ירוק 50נענע,גרמים,75.00,100 גרם,false,1,46.90,62.5333,true,1,6948
7290006256089,false,יין גאטו נגרו קברנה,יושלם,,יין גאטו נגרו קברנה סוביניון750מל,מיליליטרים,750.00,"100 מ""ל",false,1,36.90,4.9200,true,1,6956
7290006265500,false,פטריות שמפיניון  יחי,מרינה,IL,פטריות שמפיניון  יחידה,גרמים,250.00,100 גרם,false,1,9.90,3.9600,true,1,55392
7290006265548,false,נבטים סינים יח,מרינה,IL,נבטים סינים יח,גרמים,350.00,100 גרם,false,1,5.90,1.6857,true,1,69488
7290006271174,false,גחנון לאפיה מעדנות 7,מיוצר עי קונדיטוריית,IL,גחנון לאפיה מעדנות 700 גרם,גרמים,700.00,100 גרם,false,1,19.90,2.8429,true,1,6966
7290006271181,false,גחנון אפוי 750 גרם,"מעדנות בע""מ",IL,"ג""חנון אפוי 750 גרם מעדנות",גרמים,750.00,100 גרם,false,1,26.90,3.5867,true,1,6967
7290006271648,false,מיני בורקס תפוא,"מעדנות בע""מ",IL,מיני בורקס תפוא מעדנות 800גרם,גרמים,800.00,100 גרם,false,1,26.90,3.3625,true,1,55559
7290006271655,false,מיני בורקס גבינה,"מעדנות בע""מ",IL,מיני בורקס גבינה מעדנות 800גרם,גרמים,800.00,100 גרם,false,1,28.90,3.6125,true,1,55560
7290006272072,false,חטיפי פיצה מעדנות 65,"מעדנות בע""מ",IL,חטיפי פיצה מעדנות 650 גרם,גרמים,650.00,100 גרם,false,1,34.90,5.3692,true,1,86581
7290006272430,false,בצק עלים חמאה 600 גר,"מעדנות בע""מ",IL,בצק עלים חמאה 600 גרם,גרמים,600.00,100 גרם,false,1,27.90,4.6500,true,1,46062
7290006306296,false,רביולי גבינה לילדים,קרלו,IL,רביולי במילוי גבינה במיוחד לילדים,גרמים,400.00,100 גרם,false,1,29.90,7.4750,true,1,75958
7290006306302,false,רביולי במילוי פרמזן,קרלו,IL,רביולי במילוי גבינות פרמזן וריקוטה,גרמים,400.00,100 גרם,false,1,29.90,7.4750,true,1,31270
7290006306319,false,רביולי במילוי בטטה 4,קרלו,IL,רביולי במילוי בטטה,גרמים,400.00,100 גרם,false,1,29.90,7.4750,true,1,31271
7290006306326,false,רביולי פטריות ופרמזן,קרלו,IL,רביולי במילוי פטריות וגבינת פרמזן,גרמים,400.00,100 גרם,false,1,29.90,7.4750,true,1,31272
7290006306333,false,רביולי במילוי תרד ור,קרלו,IL,רביולי במילוי תרד וגבינת ריקוטה,גרמים,400.00,100 גרם,false,1,29.90,7.4750,true,1,31273
7290006306357,false,רביולי גבינת עיזים,קרלו,IL,רביולי במילוי גבינת עיזים 400 גרם,גרמים,400.00,100 גרם,false,1,30.90,7.7250,true,1,31506
7290006322104,false,לחם ריחיים,הנסיך- מפעל לייצור ט,IL,לחם ריחיים 500 גרם,גרמים,500.00,100 גרם,false,1,9.90,1.9800,true,1,7015
7290006322838,false,לחם 100% מלא,הנסיך- מפעל לייצור ט,IL,לחם 100% מלא 750  גרם,גרמים,750.00,100 גרם,false,1,10.90,1.4533,true,1,90196
7290006342065,false,בוטנים קלויים 200גרם,,,בוטנים קלויים 200גרם,גרמים,200.00,100 גרם,false,1,7.90,3.9500,true,1,155489
7290006342072,false,גרעין שחור קלוי 150ג,דין שיווק,IL,גרעין לבן 200גרם,גרמים,200.00,100 גרם,false,1,10.90,5.4500,true,1,155495
7290006342447,false,גרעין אבטיח,,,גרעין אבטיח 200גרם,גרמים,200.00,100 גרם,false,1,15.90,7.9500,true,1,155490
7290006342515,false,"מנצ""ס  200 גרם",יושלם,,"מנצ""ס  200 גרם",גרמים,200.00,100 גרם,false,1,7.90,3.9500,true,1,155491
7290006342553,false,קבוקים200 גר,יושלם,,קבוקים200 גר,גרמים,200.00,100 גרם,false,1,5.90,2.9500,true,1,155492
7290006342560,false,בוטן אמריקאי 200גרם,דין שיווק,IL,בוטן אמריקאי 200גרם,גרמים,200.00,100 גרם,false,1,5.90,2.9500,true,1,155470
7290006342645,false,עלי טורטייה גדולה 84,מוטלוקל,TR,עלי טורטייה גדולה 840 גרם,גרמים,840.00,100 גרם,false,1,16.90,2.0119,true,1,156165
7290006346025,false,ציזיקי יווני מונטה ק,קלאס פוד,IL,ציזיקי יווני מונטה קרלו  250גרם,גרמים,250.00,100 גרם,false,1,19.90,7.9600,true,1,78793
7290006346162,false,טורשי ירקות דלי מונט,מונטה קרלו,IL,טורשי ירקות דלי מונטה קרלו 330גרם,גרמים,330.00,100 גרם,false,1,23.90,7.2424,true,1,153307
7290006346315,false,משוויה חציל חריף 250,מונטה קרלו,IL,משוויה חציל חריף 250 גרם,גרמים,250.00,100 גרם,false,1,16.90,6.7600,true,1,155164
7290006346391,false,הרינג בצל ירוק מונטה,מונטה קרלו,IL,הרינג בצל ירוק מונטה קרלו 250גרם,גרמים,250.00,100 גרם,false,1,24.90,9.9600,true,1,153344
7290006346414,false,סלט אבוקדו 250גרם,קלאס פוד,IL,סלט אבוקדו 250גרם,גרמים,250.00,100 גרם,false,1,21.90,8.7600,true,1,118872
7290006346421,false,הרינג כבוש בבצל מונט,מונטה קרלו,IL,הרינג כבוש בבצל מונטה קרלו 250גרם,גרמים,250.00,100 גרם,false,1,24.90,9.9600,true,1,153346
7290006346834,false,פלפלית בלימון חריף מ,מונטה קרלו,IL,פלפלית בלימון חריף מונטה קרלו 250גרם,גרמים,250.00,100 גרם,false,1,14.90,5.9600,true,1,153314
7290006346858,false,בולגרית קוביות עם פס,מונטה קרלו,,בולגרית קוביות עם פסטו 2 קג,קילוגרמים,1.00,"ק""ג",true,,89.00,89.0000,true,1,94017
7290006346896,false,כרובית בטחינה    250,מונטה קרלו,IL,כרובית בטחינה    250 גרם,גרמים,250.00,100 גרם,false,1,29.90,11.9600,true,1,155161
7290006346971,false,חציל אפוי במיונז מונ,מונטה קרלו,IL,חציל אפוי במיונז מונטה קרלו 250גרם,גרמים,250.00,100 גרם,false,1,16.90,6.7600,true,1,148550
7290006346995,false,חציל בטעם כבד  מונטה,מונטה קרלו,IL,חציל בטעם כבד  מונטה קרלו 250גרם,גרמים,250.00,100 גרם,false,1,20.90,8.3600,true,1,153299
7290006374738,false,קונפיטורה תות 340 גר,אף.סי תבליני בגליל ב,IL,קונפיטורה תות 340 גרם יד מרדכי,גרמים,340.00,100 גרם,false,1,14.90,4.3824,true,1,15269
7290006376053,false,סוכר חום,יושלם,,סוכר חום,קילוגרמים,1.00,"ק""ג",false,1,15.00,15.0000,true,1,94007
7290006376695,false,אבקת אפיה,אחים שפירא,,אבקת אפיה עשיריות,Unknown,0.00,Unknown,false,1,2.90,0.0000,true,1,86801
7290006390745,false,לחמנית שבלול,"גידרון תעשיות בע""מ",,לחמנית שבלול,גרמים,150.00,100 גרם,false,1,3.90,2.6000,true,1,14588
7290006401571,false,אדויל ליקויי גל 16 כ,פייזר,,אדויל ליקויי גל 16 כמוסות,Unknown,0.00,Unknown,false,1,31.50,0.0000,true,1,23835
7290006422170,false,תירס במיונז,פרי הגליל בעמ,,תירס במיונז,קילוגרמים,1.00,"ק""ג",true,,39.00,39.0000,true,1,100433
7290006451187,false,שנייק פיצה תרד,"גידרון תעשיות בע""מ",IL,שנייק פיצה תרד,קילוגרמים,1.00,"ק""ג",true,,39.90,39.9000,true,1,155540
7290006451996,false,לחמנית כוסמין,גדרון,IL,לחמנית כוסמין,יחידה,1.00,יחידה,false,1,2.90,2.9000,true,1,157806
7290006461087,false,אנטריקוט אנגוס פיטום,קצביית פרימיום,IL,אנטריקוט אנגוס פיטוםרביעיות איתן,קילוגרמים,1.00,"ק""ג",true,,229.90,229.9000,true,1,151426
7290006461605,false,אסאדו אנגוס מפורק חצ,קצביית פרימיום,IL,אסאדו אנגוס מפורק חצוי בוואקום איתן,קילוגרמים,1.00,"ק""ג",true,,79.90,79.9000,true,1,151433
7290006461667,false,שפיץ צאך פיקניה אנגו,קצביית פרימיום,IL,שפיץ צאך פיקניה אנגוס איתן,קילוגרמים,1.00,"ק""ג",true,,179.90,179.9000,true,1,157253
7290006461940,false,דנוור סטייק אנגוס,קצביית פרימיום,IL,דנוור סטייק אנגוס,קילוגרמים,1.00,"ק""ג",true,,169.90,169.9000,true,1,151607
7290006461988,false,סטייק סינטה אנגוס אי,קצביית פרימיום,IL,סטייק סינטה אנגוס איתן,קילוגרמים,1.00,"ק""ג",true,,169.90,169.9000,true,1,151608
7290006463012,false,פס מוס,"איתנס' עוגות בע""מ",,פס מוס,Unknown,0.00,Unknown,false,1,59.90,0.0000,true,1,83475
7290006463043,false,עוגות במשקל,"איתנס' עוגות בע""מ",,עוגות במשקל-פסח,קילוגרמים,1.00,"ק""ג",true,,79.90,79.9000,true,1,83471
7290006463081,false,עוגת בייבי גבינה כשל,איתנס,,עוגת בייבי גבינה כשלפ,לא מנהל יחידת מידה,0.00,לא מנהל יחידת מידה,false,1,54.90,0.0000,true,1,83477
7290006492432,false,גבינה מוצרלה בייבי,מחלבות גד בעמ,IL,גבינה מוצרלה בייבי 150 גרם,גרמים,150.00,100 גרם,false,1,15.90,10.6000,true,1,7127
7290006492616,false,גבינה בולגרית 5% פרו,DSH עבור מחלבות גד ב,IL,פרוסות בולגרית מעודנת 5%,גרמים,250.00,100 גרם,false,1,28.90,11.5600,true,1,23909
7290006492630,false,גבינת עיזים גד עז גל,יוליניבר,IL,מחלבות גד גדעז גבינת שמנת מחלב עיזים 20%,גרמים,180.00,100 גרם,false,1,25.90,14.3889,true,1,25172
7290006492647,false,מטבעות עיזים 150ג,"מיוצר ע""י קוד יצרן t",IL,גד מטבעות גבינת עיזים 22% שומן,גרמים,150.00,100 גרם,false,1,26.90,17.9333,true,1,25173
7290006492685,false,גבינת לאבנה עיזים 5%,מחלבות גד בעמ,IL,גבינת לאבנה עיזים 5% 250 גרם גד,גרמים,250.00,100 גרם,false,1,18.90,7.5600,true,1,31622
7290006492852,false,גבינה לבנה עיזים 5%,מחלבות גד,IL,גבינה לבנה עיזים 5% 250 גרם גד,גרמים,250.00,100 גרם,false,1,18.90,7.5600,true,1,34999
7290006492913,false,ציזיקי למריחה 250 גר,מחלבות גד בעמ,IL,ציזיקי למריחה 250 גרם גד,גרמים,250.00,100 גרם,false,1,14.90,5.9600,true,1,35169
7290006494917,false,טוסו וופל קלאסי במיל,"איטיליאן פוד, אס.פי.",IL,וופל במילוי קרם בטעם שוקולד סוכר 200 גרם,גרמים,200.00,100 גרם,false,1,12.30,6.1500,true,1,7143
7290006511157,false,פטריות שמפניון שלמות,אוקצ'מפס אס.איי אויי,PL,ויליפוד פטריות שמפניון שלמות 400 גרם,גרמים,400.00,100 גרם,false,1,8.50,2.1250,true,1,16511
7290006511683,false,פולי סויה מאנצו בתרמ,זאיזנג קינגשיר פודס,CN,פולי סויה מאנצו בתרמילים 454 גרם,גרמים,454.00,100 גרם,false,1,8.90,1.9604,true,1,7167
7290006546302,false,"צ""יפס מובחר 1.5 ק""ג",פרח,IL,ציפס מובחר 1.5 קג,קילוגרמים,150.00,"ק""ג",false,1,22.90,0.1527,true,1,16198
7290006546388,false,תחתיות ארטישוק 400ג,פרח,IL,תחתיות ארטישוק 400ג פרי הגליל,גרמים,400.00,100 גרם,false,1,16.90,4.2250,true,1,62886
7290006546500,false,ציפס בזיג זג,יושלם,,ציפס בזיג זג800 גרם,גרמים,800.00,100 גרם,false,1,13.90,1.7375,true,1,22273
7290006546524,false,ציפס מובחר,יושלם,,ציפס מובחר 800 גרם,גרמים,800.00,100 גרם,false,1,13.90,1.7375,true,1,22275
7290006554017,false,עוגיות מרוקאיות 500,"ארקד מוצרי אפיה בע""מ",,עוגיות מרוקאיות 500 גרם,גרמים,500.00,100 גרם,false,1,18.90,3.7800,true,1,52902
7290006554024,false,עוגיות ממרח תמרים 40,"ארקד מוצרי אפיה בע""מ",,עוגיות ממרח תמרים 400 גרם,גרמים,400.00,100 גרם,false,1,18.90,4.7250,true,1,52928
7290006554031,false,עוגיות ממרח תמרים עם,"ארקד מוצרי אפיה בע""מ",,עוגיות ממרח תמרים עם אגוזים 400 גרם,גרמים,400.00,100 גרם,false,1,18.90,4.7250,true,1,52906
7290006554055,false,עוגיות בטעם טחינה 30,"ארקד מוצרי אפיה בע""מ",,עוגיות בטעם טחינה 300 גרם,גרמים,300.00,100 גרם,false,1,16.90,5.6333,true,1,53408
7290006554062,false,עוגיות גרנולה 250 גר,"ארקד מוצרי אפיה בע""מ",,עוגיות גרנולה 250 גרם,גרמים,250.00,100 גרם,false,1,18.90,7.5600,true,1,79997
7290006554079,false,עוגיות גרנולה ללא תו,"ארקד מוצרי אפיה בע""מ",,עוגיות גרנולה ללא תוספת סוכר 250 גרם,גרמים,250.00,100 גרם,false,1,19.00,7.6000,true,1,81885
7290006554093,false,עוגיות סהרונים 300 ג,"ארקד מוצרי אפיה בע""מ",,עוגיות סהרונים 300 גרם,גרמים,300.00,100 גרם,false,1,16.90,5.6333,true,1,53416
7290006554109,false,עוגיות רייף,"ארקד מוצרי אפיה בע""מ",,עוגיות רייף,גרמים,300.00,100 גרם,false,1,19.00,6.3333,true,1,71612
7290006554123,false,עוגיות פריכות עם שקד,"ארקד מוצרי אפיה בע""מ",,עוגיות פריכות עם שקדים 250 גרם,גרמים,250.00,100 גרם,false,1,18.00,7.2000,true,1,78644
7290006554154,false,נשיקות מרנג,"ארקד מוצרי אפיה בע""מ",,נשיקות מרנג,גרמים,100.00,100 גרם,false,1,16.90,16.9000,true,1,83939
7290006554161,false,עוגיות משקפיים עם קי,"ארקד מוצרי אפיה בע""מ",,עוגיות משקפיים עם קינמון 250 גרם,גרמים,250.00,100 גרם,false,1,18.90,7.5600,true,1,98131
7290006554246,false,עוגיות משקפיים סוכר,"ארקד מוצרי אפיה בע""מ",,עוגיות משקפיים סוכר חום 250 גרם,גרמים,250.00,100 גרם,false,1,18.90,7.5600,true,1,102329
7290006554307,false,עוגיות מרוקאיות ללא,"ארקד מוצרי אפיה בע""מ",,עוגיות מרוקאיות ללא תוספת סוכר 350,גרמים,350.00,100 גרם,false,1,16.90,4.8286,true,1,53502
7290006554314,false,שקידים ללא,"ארקד מוצרי אפיה בע""מ",,עוגיות שקדים ללא תוספת סוכר,גרמים,250.00,100 גרם,false,1,17.90,7.1600,true,1,102711
7290006554321,false,עוגיות עם אגוזי לוז,"ארקד מוצרי אפיה בע""מ",,עוגיות עם אגוזי לוז ללא תוספת סוכר 250 ג,גרמים,250.00,100 גרם,false,1,19.90,7.9600,true,1,102710
7290006554345,false,עוגיות ממרח תמרים לל,"ארקד מוצרי אפיה בע""מ",,עוגיות ממרח תמרים ללא תוספת סוכר 250 גרם,גרמים,250.00,100 גרם,false,1,17.90,7.1600,true,1,122566
7290006554413,false,עוגיות מרוקאיות ללא,"ארקד מוצרי אפיה בע""מ",,עוגיות מרוקאיות ללא תוספת סוכר מקמח מלא,גרמים,300.00,100 גרם,false,1,18.50,6.1667,true,1,58905
7290006554710,false,מקלות מלוחים שומשום,יצרן 794,,מקלות מלוחים שומשום,גרמים,400.00,100 גרם,false,1,14.90,3.7250,true,1,70049
7290006554727,false,מקלות מלוחים עם קצח,יצרן 794,,מקלות מלוחים עם קצח,גרמים,400.00,100 גרם,false,1,14.90,3.7250,true,1,70050
7290006554758,false,כעכים עם שומשום ללא,"ארקד מוצרי אפיה בע""מ",,כעכים עם שומשום ללא תוספת סוכר 270 גרם,גרמים,270.00,100 גרם,false,1,17.90,6.6296,true,1,122564
7290006560056,false,סברינה,"איתנס' עוגות בע""מ",,סברינה,Unknown,0.00,Unknown,false,1,16.90,0.0000,true,1,75063
7290006560079,false,מארז שי תישבי 6,יקבי תישבי,,מארז שי תישבי 5-6-7 1.5 ליטר,Unknown,0.00,Unknown,false,1,109.90,0.0000,true,1,93175
7290006567048,false,פתיתי קוסקוס 350 גרם,"מיוצר ע""י קוד יצרן K",IL,אסם פתיתי קוסקוס ישראלי 12*350גרם,גרמים,350.00,100 גרם,false,1,7.90,2.2571,true,1,20696
7290006582539,false,חמוציות 250גרם,דין שיווק,IL,חמוציות 250גרם,גרמים,250.00,100 גרם,false,1,10.90,4.3600,true,1,155474
7290006618078,false,אסטוניש לניקוי כללי,פרח,,יעקבי אסטוניש ספריי ניקוי למטבח 750 מל,מיליליטרים,750.00,"100 מ""ל",false,1,15.90,2.1200,true,1,18085
7290006618085,false,אסטוניש לניקוי אמבטי,פרח,,יעקבי אסטוניש ספריי ניקוי לחדר האמבטיה 750 מל,מיליליטרים,750.00,"100 מ""ל",false,1,15.90,2.1200,true,1,18086
7290006618146,false,הפי נוזל להדלקת פחמי,תות תעשיות מזון (201,NL,יעקבי הפי מדליק פחמים נוזלי 500 מל,מיליליטרים,500.00,"100 מ""ל",false,1,18.90,3.7800,true,1,22508
7290006644480,false,תפוזינה תפוזים 500 מ,"יפאורה תבורי בע""מ",IL,תפוזינה תפוזים 0.5 ל',מיליליטרים,500.00,"100 מ""ל",false,1,7.00,1.4000,true,1,119294
7290006644510,false,"תפוזינה ענבים 500 מ""","יפאורה תבורי בע""מ",IL,תפוזינה ענבים 0.5 ל',מיליליטרים,500.00,"100 מ""ל",false,1,7.00,1.4000,true,1,49411
7290006644527,false,תפוזינה תות בננה 500,"יפאורה תבורי בע""מ",IL,תפוזינה תות בננה 0.5 ל',מיליליטרים,500.00,"100 מ""ל",false,1,7.00,1.4000,true,1,119292
7290006652027,false,מארז במבה15X20  אסם,מיוצר עי קונדיטוריית,IL,במבה יום הולדת מאח.כלפ 12 20*15גרם,גרמים,300.00,100 גרם,false,1,21.90,7.3000,true,1,7347
7290006653765,false,פסטה פרפקטו פטוציני,פסטה זארה,IT,פרפקטו פסטה פטוציני איטלקי 24*500גרם,גרמים,500.00,100 גרם,false,1,7.90,1.5800,true,1,12575
7290006653819,false,קוסקוס דק בשקית 350,"מיוצר ע""י קוד יצרן K",IL,אסם קוסקוס דק 12*350גרם,גרמים,350.00,100 גרם,false,1,7.90,2.2571,true,1,16064
7290006660596,false,קמח עדשים אדומות דגש,אף.סי תבליני בגליל ב,IL,דוכן גן שמואל קמח אורז מלא 500 גרם,גרמים,500.00,100 גרם,false,1,20.90,4.1800,true,1,127533
7290006660602,false,מי קוקוס אורגני גרין,תות תעשיות מזון (201,PH,מי קוקוס אורגני גרין קוקו 1 ליטר,ליטרים,1.00,ליטר,false,1,19.90,19.9000,true,1,127542
7290006664037,false,גמדים ארוחת בוקר,"שטראוס בריאות בע""מ",IL,גמדים תפוח בננה רביעייה,גרמים,400.00,100 גרם,false,1,11.90,2.9750,true,1,20419
7290006664051,false,אקטימל14  יח,מיוצר עי קונדיטוריית,IL,אקטימל לבן 14,ליטרים,1.40,ליטר,false,1,32.60,23.2857,true,1,20420
7290006664310,false,גבינה סקי 3% 250 גרם,מיוצר עי קונדיטוריית,IL,סקי 3% 250 גרם,גרמים,250.00,100 גרם,false,1,4.90,1.9600,true,1,7396
7290006664402,false,גבינה סקי        5%,מיוצר עי קונדיטוריית,IL,סקי% 5 750 גרם,גרמים,750.00,100 גרם,false,1,14.94,1.9920,true,1,7400
7290006664532,false,יוגורט דנונה 3% תות,מיוצר עי קונדיטוריית,IL,דנונה תות 3%,גרמים,150.00,100 גרם,false,1,3.90,2.6000,true,1,13095
7290006664655,false,משקה יוגורט אקטימל מ,מיוצר עי קונדיטוריית,IL,אקטימל לבן שמינייה,מיליליטרים,864.00,"100 מ""ל",false,1,20.90,2.4190,true,1,20423
7290006664693,false,יוגורט דנונה 3% אפרס,מיוצר עי קונדיטוריית,IL,דנונה אפרסק  3%,גרמים,150.00,100 גרם,false,1,3.90,2.6000,true,1,14294
7290006664990,false,מארז דנונה ביו 1.7%,מיוצר עי קונדיטוריית,IL,מארז דנונה ביו 1.7% שמינייה,קילוגרמים,1.20,"ק""ג",false,1,17.60,14.6667,true,1,21677
7290006681003,false,גלידה סורבה תות לימו,,IL,גלידה קרמיסימו סורבה שרבט תות לימון 1.33 ל',ליטרים,1.33,ליטר,false,1,26.90,20.2256,true,1,7403
7290006681065,false,שלגון טעמקור  XL,שטראוס גלידות,,שלגון טעמקור  XL,גרמים,75.00,100 גרם,false,1,9.90,13.2000,true,1,15275
7290006681553,false,קרמבו וניל מארז 8 יח,"גלידת שטראוס בע""מ",IL,"שטראוס קרמבו 80 מ""ל",גרמים,200.00,100 גרם,false,1,15.90,7.9500,true,1,20687
7290006681560,false,קרמבו מוקה מארז 8 יח,"גלידת שטראוס בע""מ",IL,"שטראוס קרמבו 80 מ""ל",גרמים,200.00,100 גרם,false,1,15.90,7.9500,true,1,20688
7290006681577,false,קרחוני אסקימו לימון,"מיוצר ע""י גלידת שטרא",IL,קרחוני אסקימו לימון דובדבן  מארז  2+8,גרמים,700.00,100 גרם,false,1,24.90,3.5571,true,1,14474
7290006696717,false,מיץ ענבים תירוש לבן,יקב טפרברג,IL,תירוש מוסקט לבן ליטרטפרברג,ליטרים,1.00,ליטר,false,1,15.90,15.9000,true,1,111442
7290006703323,false,שוקיים עוף קפוא,מעדני הטלה,,שוקיים עוף קפוא,קילוגרמים,1.00,"ק""ג",true,,34.90,34.9000,true,1,83232
7290006703576,false,כבד עוף קפוא,מעדני הטלה והעגל,,כבד עוף קפוא500  גר,גרמים,500.00,100 גרם,false,1,11.90,2.3800,true,1,89240
7290006703903,false,טחון בקר1קג מ.הטלה,מעדני הטלה,,"טחון בקר חלק 1 ק""ג",קילוגרמים,1.00,"ק""ג",false,1,54.90,54.9000,true,1,70164
7290006704511,false,"תפו""א זעיר למיקרו יח",מ.ע יזמות,IL,תפוא זעיר למיקרו יח,לא מנהל יחידת מידה,0.00,לא מנהל יחידת מידה,false,1,7.90,0.0000,true,1,29860
7290006704542,false,תרד ארוז יח,עלי הגלבוע,IL,תרד ארוז יח,גרמים,200.00,100 גרם,false,1,9.90,4.9500,true,1,29512
7290006707352,false,חזה עוף פרוס טרי,עוף טוב,,"חזה עוף פרוס טרי לק""ג",קילוגרמים,1.00,"ק""ג",true,,52.90,52.9000,true,1,76950
7290006707369,false,כרעיים עוף טרי ארוז,עוף טוב,,כרעיים עוף טרי ארוז,קילוגרמים,1.00,"ק""ג",true,,39.90,39.9000,true,1,76951
7290006707376,false,ירכיים עוף טרי ארוז,עוף טוב,,ירכיים עוף טרי ארוז,קילוגרמים,1.00,"ק""ג",true,,39.90,39.9000,true,1,76952
7290006707383,false,שוקיים עוף טרי ארוז,עוף טוב,,שוקיים עוף טרי ארוז,קילוגרמים,1.00,"ק""ג",true,,44.90,44.9000,true,1,76953
7290006707390,false,שוארמה פרגית ארוז,עוף טוב,,שוארמה פרגית טרי ארוז,קילוגרמים,1.00,"ק""ג",true,,79.90,79.9000,true,1,76954
7290006707437,false,כנפיים עוף טרי ארוז,עוף טוב,,כנפיים עוף טרי ארוז,קילוגרמים,1.00,"ק""ג",true,,14.90,14.9000,true,1,76956
7290006707451,false,לב עוף טרי ארוז,עוף טוב,,לב עוף טרי ארוז,קילוגרמים,1.00,"ק""ג",true,,39.90,39.9000,true,1,76958
7290006707543,false,פילה עוף טרי ארוז,עוף טוב,,פילה עוף טרי ארוז,קילוגרמים,1.00,"ק""ג",true,,49.90,49.9000,true,1,93224
7290006707734,false,שניצל דק דק עוף טוב,"עוף טוב שאן בע""מ",IL,שניצל דק דק,קילוגרמים,1.00,"ק""ג",true,,55.00,55.0000,true,1,144501
7290006714381,false,טחון עוף 500 גר,מעדני הטלה והעגל,,"טחון עוף 500 גר                        """,גרמים,500.00,100 גרם,false,1,14.90,2.9800,true,1,61396
7290006714398,false,טחון הודו 500 גר,לאטי עזרא,,"טחון הודו 500 גר                       """,גרמים,500.00,100 גרם,false,1,14.90,2.9800,true,1,87484
7290006714411,false,סטייק פרגיות ארוז מו,מעדני הטלה,,סטייק פרגיות ארוז מוכשר מעדני הטלה  לקג,קילוגרמים,1.00,"ק""ג",true,,79.00,79.0000,true,1,108229
7290006714428,false,רגל עגל פרוס מגש,לאטי עזרא גלם ודגים,,"רגל עגל פרוס מגש ק""ג",קילוגרמים,1.00,"ק""ג",true,,39.90,39.9000,true,1,53181
7290006714824,false,עצמות מח ארוז,עוף עוז,,עצמות מח ארוז,קילוגרמים,1.00,"ק""ג",true,,27.90,27.9000,true,1,53928
7290006724199,false,ביצים אורגניות ליב 1,חוות גבעות עולם,IL,ביצים אורגניות ליב 12 יח,Unknown,0.00,Unknown,false,1,23.90,0.0000,true,1,87855
7290006739247,false,פסטרמה איטלקית,כצט,IL,פסטרמה איטלקית,קילוגרמים,1.00,"ק""ג",true,,89.00,89.0000,true,1,48098
7290006739414,false,סלמי קוניאק,כצט,IL,זוגלובק סלמי קוניאק 300 גרם א.מ.,גרמים,300.00,100 גרם,false,1,26.90,8.9667,true,1,52882
7290006739421,false,סלמי מעושן איטלקי 30,כצט,IL,זוגלובק סלמי מעושן איטלקי 300 גרם א.מ.,גרמים,300.00,100 גרם,false,1,28.90,9.6333,true,1,51050
7290006739445,false,שניצל תירס קלאסי 750,זוגלובק,IL,שניצל תירס קלאסי 750 גרם זוגלובק,גרמים,750.00,100 גרם,false,1,28.90,3.8533,true,1,57078
7290006739544,false,כתף בקר 300 גרם זוגל,כצט,IL,זוגלובק כתף בקר 300 גרם א.מ.,גרמים,300.00,100 גרם,false,1,31.90,10.6333,true,1,61743
7290006740212,false,נקניקיות עוף  גמבו,כצט,IL,זוגלובק נקניקיות ג'מבו שקיל,קילוגרמים,1.00,"ק""ג",true,,22.70,22.7000,true,1,47693
7290006742162,false,המבורגר מזרחי זוגלוב,כצט,IL,המבורגר מזרחי זוגלובק  400 גרם,גרמים,400.00,100 גרם,false,1,21.90,5.4750,true,1,43130
7290006742278,false,פסטרמה הודו צלויה על,כצט,IL,זוגלובק פסטרמה הודו בטעם צלייה על לבנים 330 גר,גרמים,330.00,100 גרם,false,1,30.90,9.3636,true,1,61747
7290006742292,false,פסטרמה הודו בדבש טהו,כצט,IL,זוגלובק פסטרמה הודו בדבש טהור 330 גר,גרמים,330.00,100 גרם,false,1,30.90,9.3636,true,1,61749
7290006764065,false,בירה נשר מאלט בקבוק,"איי, בי, אינבוו",IL,בירה מאלט ללא אלכוהול 500 מל,מיליליטרים,500.00,"100 מ""ל",false,1,5.80,1.1600,true,1,7474
7290006764072,false,בירה גולדסטאר בקבוק,"טמפו משקאות בע""מ",IL,"בירה גולדסטאר בקבוק חוזר 500 מ""ל",מיליליטרים,500.00,"100 מ""ל",false,1,7.90,1.5800,true,1,7475
7290006764096,false,בירה איגל 3.8% בקבוק,"איי, בי, אינבוו",IL,"בירה איגל, בקבוק חוזר 500 מ""ל",מיליליטרים,500.00,"100 מ""ל",false,1,7.00,1.4000,true,1,118599
7290006764157,false,גולדסטאר לא מסונן בק,פארייפאבה אגרואינדוס,IL,"בירה גולדסטאר Unfiltered, בקבוק חוזר 500 מ""ל",מיליליטרים,500.00,"100 מ""ל",false,1,8.50,1.7000,true,1,129192
7290006764478,false,בירה שחורה מאלט בקבו,"איי, בי, אינבוו",IL,"בירה נשר מאלט, בקבוק זכוכית 330 מל",Unknown,0.00,Unknown,false,1,4.90,0.0000,true,1,15961
7290006764485,false,בירה נשר מאלט . 1/6,טמפו,,בירה נשר מאלט בקבוק                 1/6,ליטרים,1.98,ליטר,false,1,31.90,16.1111,true,1,7482
7290006764737,false,בירה נשר דיאט מאלט ב,"איי, בי, אינבוו",IL,בירה מאלט דלת קלוריות ללא אלכוהול 500 מל,מיליליטרים,500.00,"100 מ""ל",false,1,5.80,1.1600,true,1,7485
7290006765000,false,טורטייה מקמח מלא 540,מוטלוקל,TR,טורטייה מקמח מלא 540 גרם,גרמים,540.00,100 גרם,false,1,11.90,2.2037,true,1,156163
7290006765895,false,בוטן קליפה קלוי 200,דין שיווק,IL,בוטן קליפה קלוי 200,גרמים,200.00,100 גרם,false,1,6.90,3.4500,true,1,155513
7290006775016,false,עוגת תפוז 450גרם,אחדות ביחר לטחינה חל,IL,אחוה עוגה בטעם תפוז 450 גרם,גרמים,450.00,100 גרם,false,1,10.90,2.4222,true,1,108887
7290006775023,false,עוגה אנגלית 450גרם,אחדות בעמ,IL,אחוה עוגה אנגלית 450 גרם,גרמים,450.00,100 גרם,false,1,10.90,2.4222,true,1,108888
7290006775030,false,עוגת שוקולד ציפס 450,אחדות בעמ,IL,אחווה עוגת שוקולד צ'יפס 450 גרם,גרמים,450.00,100 גרם,false,1,10.90,2.4222,true,1,66452
7290006775047,false,עוגת שוקולד 450גרם,"אחדות ביח""ר לטחינה",IL,אחווה עוגה בטעם שוקולד 450 גרם,גרמים,450.00,100 גרם,false,1,10.90,2.4222,true,1,66453
7290006775054,false,עוגת שיש 450גרם,אחווה,IL,עוגת שיש 450גרם,גרמים,450.00,100 גרם,false,1,10.90,2.4222,true,1,108116
7290006775085,false,עוגת שמרים שוקולד 40,אחדות בעמ,IL,אחוה עוגת שמרים בטעם שוקולד 400 גרם,גרמים,400.00,100 גרם,false,1,10.90,2.7250,true,1,66451
7290006775337,false,עוגת שמרים פרג 400גר,אחדות בעמ,IL,אחוה עוגת שמרים במילוי פרג 400 גרם,גרמים,400.00,100 גרם,false,1,10.90,2.7250,true,1,61772
7290006775344,false,עוגת שמרים קינמון 40,אחדות בעמ,IL,עוגת שמרים קינמון 400 גרם,גרמים,400.00,100 גרם,false,1,10.90,2.7250,true,1,61192
7290006775764,false,עוגת שוקולד ציפס,אחדות ביחר לטחינה חל,IL,עוגת שוקולד ציפס ללא סוכר          400,גרמים,400.00,100 גרם,false,1,13.90,3.4750,true,1,61193
7290006775801,false,רוגלך שוקולד 400גר,אחדות בעמ,IL,אחוה רוגעלך מאפה שמרים בטעם שוקולד 400 גרם,גרמים,400.00,100 גרם,false,1,12.90,3.2250,true,1,110891
7290006784032,false,עלמה כרית יפנית  ללא,קומפלקס כימיקלים,IL,עלמה כרית יפנית  ללא שריטות 6 יחידות,יחידה,6.00,יחידה,false,1,7.90,1.3167,true,1,159243
7290006784063,false,מרכך כביסה פיור נטור,טרסאן,TR,מרכך כביסה פיור נטור ורוד 1 ליטר,ליטרים,1.00,ליטר,false,1,11.90,11.9000,true,1,159244
7290006784070,false,עלמה כריות קרצוף 2+1,קומפלקס כימיקלים,IL,עלמה כריות קרצוף 2+1  יחידות,יחידה,3.00,יחידה,false,1,8.90,2.9667,true,1,159245
7290006784186,false,עלמה כפפות ניטריל שח,קומפלקס כימיקלים,CN,עלמה כפפות ניטריל שחור ללא אבקה L,יחידה,1.00,יחידה,false,1,21.90,21.9000,true,1,159246
7290006784193,false,עלמה כפפות ניטריל שח,קומפלקס כימיקלים,CN,עלמה כפפות ניטריל שחור ללא אבקה M,יחידה,1.00,יחידה,false,1,21.90,21.9000,true,1,159247
7290006784230,false,עלמה כפפות ניטריל שח,קומפלקס כימיקלים,CN,עלמה כפפות ניטריל שחור ללא אבקה S,יחידה,1.00,יחידה,false,1,21.90,21.9000,true,1,159248
7290006784339,false,תרסיס לניקוי רהיטים,קומפלקס כימיקלים,IL,תרסיס לניקוי רהיטים 300 מל,מיליליטרים,300.00,"100 מ""ל",false,1,11.90,3.9667,true,1,159270
7290006784360,false,חלונית נוזל רב תכלתי,קומפלקס כימיקלים,IL,חלונית נוזל רב תכלתי 1 ליטר,ליטרים,1.00,ליטר,false,1,6.90,6.9000,true,1,121091
7290006784407,false,מבשם כביסה בניחוח בי,טרסאן,TR,מבשם כביסה בניחוח בית מלון בוטיק 500 מל,מיליליטרים,500.00,"100 מ""ל",false,1,13.90,2.7800,true,1,159250
7290006784414,false,מבשם כביסה בניחוח בי,טרסאן,TR,מבשם כביסה בניחוח בית מלון ספא 500 מל,מיליליטרים,500.00,"100 מ""ל",false,1,13.90,2.7800,true,1,159251
7290006784421,false,עלמה כפפות ניטריל שח,קומפלקס כימיקלים,CN,עלמה כפפות ניטריל שחור ללא אבקה XL,יחידה,1.00,יחידה,false,1,21.90,21.9000,true,1,159252
7290006784438,false,מרכך כביסה פיור מרוכ,טרסאן,TR,מרכך כביסה פיור מרוכז לבן 1 ליטר,ליטרים,1.00,ליטר,false,1,11.90,11.9000,true,1,159253
7290006784452,false,פיור מבשם כביסה בניח,טרסאן,TR,פיור מבשם כביסה בניחוח בית מלון רויאל 50,מיליליטרים,500.00,"100 מ""ל",false,1,13.90,2.7800,true,1,159255
7290006784599,false,fashion yoyo boss מי,סורה קוסמטיקס,TR,fashion yoyo boss מילוי מכשיר אוויר 250,מיליליטרים,250.00,"100 מ""ל",false,1,13.90,5.5600,true,1,159259
7290006784780,false,fashion black  ספריי,סורה קוסמטיקס,TR,fashion black  ספריי אוויר 250 מל,מיליליטרים,250.00,"100 מ""ל",false,1,13.90,5.5600,true,1,159264
7290006784865,false,מטבחים ספריי לניקוי,קומפלקס כימיקלים,IL,מטבחים ספריי לניקוי של כל משטחי המטבח 1,ליטרים,1.00,ליטר,false,1,12.90,12.9000,true,1,159265
7290006788023,false,שמפו 10 לשיער צבוע,מיוצר עי : אמיליה קו,IL,קרליין  10 שמפו  לשיער צבוע  700 מל,מיליליטרים,700.00,"100 מ""ל",false,1,12.90,1.8429,true,1,7498
7290006788429,false,דאו.רול און כתום מס4,אמיליה קוסמטיקס בעמ,IL,"קרליין, דיאורדורנט נושם רול און כתום  SUNRISE75 מל",גרמים,119.00,100 גרם,false,1,13.90,11.6807,true,1,16343
7290006788450,false,דאו תרסיס סנסטיב,מיוצר עי : אמיליה קו,IL,דאו תרסיס סנסטיב,מיליליטרים,200.00,"100 מ""ל",false,1,13.90,6.9500,true,1,16819
7290006788481,false,דאודורנט לאישה כתום,מיוצר עי : אמיליה קו,IL,"קרליין דיאורדורנט נושם  ספריי כחום SUNRISE200 מ""ל",מיליליטרים,200.00,"100 מ""ל",false,1,13.90,6.9500,true,1,15655
7290006788498,false,דאו.תרסיס ורוד מס .5,מיוצר עי : אמיליה קו,IL,"קרליין דיאורדורנט נושם  ספריי  וורוד PURE200 מ""ל",מיליליטרים,200.00,"100 מ""ל",false,1,13.90,6.9500,true,1,15471
7290006788504,false,דאו.תרסיס סגול מס .6,מיוצר עי : אמיליה קו,IL,"קרליין דיאורדורנט נושם  ספריי  סגול OXYGEN200 מ""ל",מיליליטרים,200.00,"100 מ""ל",false,1,13.90,6.9500,true,1,16201
7290006789617,false,קרליין 10 קרם לחות,מיוצר עי : אמיליה קו,IL,"קרליין 10 -קרם לחות לשיער גלי עד מתולתל 400 מ""ל",מיליליטרים,400.00,"100 מ""ל",false,1,17.70,4.4250,true,1,14638
7290006789648,false,קרליין 10 ק.לחות יבש,אמיליה קוסמטיקס,IL,קרליין 10 קרם לחות לשיער יבש 400 מל,מיליליטרים,400.00,"100 מ""ל",false,1,17.90,4.4750,true,1,14640
7290006789655,false,קרליין 10 ק.לחות,מיוצר עי : אמיליה קו,IL,"קרליין 10 - קרם לחות לבניית תלתלים 400 מ""ל",מיליליטרים,400.00,"100 מ""ל",false,1,17.70,4.4250,true,1,14451
7290006805850,false,תערובת להכנת פנקייקס,הדקלאים אגודת שיתופי,IL,תערובת קלת הכנה לפנקייק ביתי וטעים 450 גרם,גרמים,500.00,100 גרם,false,1,17.90,3.5800,true,1,23239
7290006822192,false,נקטר אושן ספריי דיאט,מולינו ניקולי s.p.a,IL,פריגת דיאט אושן ספריי חמוציות 1 ליטר,ליטרים,1.00,ליטר,false,1,15.00,15.0000,true,1,12767
7290006866363,false,מיץ אשכוליות אדומות,השחר,IL,מיץ אשכולית אדומות סחוט טבעי 1 ליטר,ליטרים,1.00,ליטר,false,1,16.00,16.0000,true,1,37820
7290006875099,false,חציל המלח,,,חציל המלך,קילוגרמים,1.00,"ק""ג",true,,59.00,59.0000,true,1,74515
7290006875105,false,חציל איטלקי,פרי הגליל בעמ,,חציל איטלקי 2קג,קילוגרמים,1.00,"ק""ג",true,,59.00,59.0000,true,1,59767
7290006875242,false,כרוב שוודי,,,כרוב שוודי,קילוגרמים,1.00,"ק""ג",true,,33.00,33.0000,true,1,58794
7290006875419,false,חומוס מסעדות,פרי הגליל בעמ,,חומוס מסעדות,קילוגרמים,1.00,"ק""ג",true,,35.00,35.0000,true,1,58430
7290006875549,false,מטבוחה  2,יד המלך,,מטבוחה  2 קג,קילוגרמים,1.00,"ק""ג",true,,37.00,37.0000,true,1,58439
7290006875587,false,תפוא במיונז,פרי הגליל בעמ,,תפוא במיונז במשקל,קילוגרמים,1.00,"ק""ג",true,,38.00,38.0000,true,1,58440
7290006875877,false,חציל בטעם כבד,פרי הגליל בעמ,,חציל בטעם כבד,קילוגרמים,1.00,"ק""ג",true,,60.00,60.0000,true,1,59273
7290006899187,false,תה סרמוני לימונית ול,סרמוני תה בעמ,,תה סרמוני לימונית ולואיזה 14 שקיקים,גרמים,30.00,100 גרם,false,1,19.90,66.3333,true,1,158190
7290006899255,false,תה סרמוני ארל גריי ל,סרמוני תה בעמ,,תה סרמוני ארל גריי לבנדר 14 שקיקים,גרמים,44.00,100 גרם,false,1,19.90,45.2273,true,1,158187
7290006899361,false,תה סרמוני פירות היער,סרמוני תה בעמ,,תה סרמוני פירות יער 20 שקיקים,גרמים,50.00,100 גרם,false,1,19.90,39.8000,true,1,158189
7290006899705,false,תה סרמוני ירוק לימונ,,IL,תה סרמוני ירוק לימונית 20 שקיקים,יחידה,1.00,יחידה,false,1,19.90,19.9000,true,1,158173
7290006973764,false,נקניקיות צורי וונדי,י מרכז הבשר,IL,נקניקיות צורי וונדי 300גרם,גרמים,300.00,100 גרם,false,1,23.90,7.9667,true,1,155746
7290006973863,false,נקניקיות צורי סיבילי,י מרכז הבשר,IL,נקניקיות צורי סיביליה בקר,קילוגרמים,1.00,"ק""ג",true,,69.00,69.0000,true,1,155744
7290006983176,false,לחמית עם שיפון,"אסם השקעות בע""מ",IL,לחמית שיפון 10*230גרם,גרמים,230.00,100 גרם,false,1,10.90,4.7391,true,1,7743
7290006983206,false,תערובת להכנת פלאפל 1,"אסם השקעות בע""מ",IL,אסם פלאפל בקלי קלות 8*180גרם,גרמים,180.00,100 גרם,false,1,9.10,5.0556,true,1,20697
7290006983527,false,עוגת תפוחי עץ פירורי,מיוצר עי קונדיטוריית,IL,הבית עוגת תפוחי עץ עם פירורים 8*400גרם,גרמים,400.00,100 גרם,false,1,19.90,4.9750,true,1,7750
7290006983763,false,עוגת הבית שוקולד 400,מיוצר עי קונדיטוריית,IL,הבית עוגת שוקולד 8*400גרם,גרמים,400.00,100 גרם,false,1,15.90,3.9750,true,1,12601
7290006983770,false,עוגת הבית שיש,מיוצר עי קונדיטוריית,IL,הבית עוגת שיש 8*400גרם,גרמים,400.00,100 גרם,false,1,15.90,3.9750,true,1,12771
7290006983787,false,עוגת הבית שוקוציפס 4,מיוצר עי קונדיטוריית,IL,הבית עוגת שוקולד צ'יפס 8*400גרם,גרמים,400.00,100 גרם,false,1,15.90,3.9750,true,1,12602
7290006983794,false,עוגת הבית תפוז 400 ג,מיוצר עי קונדיטוריית,IL,הבית עוגת תפוז 8*400גרם,גרמים,400.00,100 גרם,false,1,15.90,3.9750,true,1,12603
7290006992161,false,דייסת קורנפלור,מולינו ניקולי s.p.a,IL,מטרנה דייסת קורנפלור פרוביוטי כלפ12*200ג,גרמים,200.00,100 גרם,false,1,15.90,7.9500,true,1,7759
7290006992185,false,דייסת אורז מטרנה 200,מולינו ניקולי s.p.a,IL,מטרנה דייסת אורז פרוביוטי כלפ 12*200גרם,גרמים,200.00,100 גרם,false,1,15.90,7.9500,true,1,7761
7290006992208,false,דייסת דגנים מעורבים,מטרנה תעשיות ש.מ,IL,מטרנה דייסת דגנים פרוביוטיקה 12*200גרם,גרמים,200.00,100 גרם,false,1,15.90,7.9500,true,1,7763
7290006992390,false,דייסת וניל מטרנה200,מולינו ניקולי s.p.a,IL,מטרנה דייסת וניל פרוביוטי. כשלפ 12*200ג,גרמים,200.00,100 גרם,false,1,15.90,7.9500,true,1,22330
7290006992864,false,לה קט חתלתולים,united pet food,FR,להקט חתלתולים 2.85 קג,קילוגרמים,2.85,"ק""ג",false,1,59.90,21.0175,true,1,85407
7290007326019,false,5 יח מיכל מחולק למיק,ניו ספרינג,,5 יח מיכל מחולק למיקרו,Unknown,0.00,Unknown,false,1,14.90,0.0000,true,1,73272
7290008000796,false,משחת שיניים סופרמן,כצט נוביס,,משחת שיניים לילדים-סופרמן50 גר,מיליליטרים,50.00,"100 מ""ל",false,1,10.90,21.8000,true,1,19998
7290008000826,false,משחת שיניים ברבי,כצט נוביס,,משחת שיניים ברבי50 מל                  .,מיליליטרים,50.00,"100 מ""ל",false,1,10.90,21.8000,true,1,19430
7290008086950,false,זובירקס משאבה,גלקסו,,זובירקס משאבה,לא מנהל יחידת מידה,0.00,לא מנהל יחידת מידה,false,1,39.90,0.0000,true,1,160588
7290008104050,false,לקטופיל פמינה לשטיפה,כצט נוביס סעמ,IL,פמינה תחליב רחצה אינטימי קלאסיק 220 מל,מיליליטרים,220.00,"100 מ""ל",false,1,21.90,9.9545,true,1,9925
7290008154222,false,שניצלונים ילדודס עוף,מולינו ניקולי s.p.a,IL,שניצלונים ילדודס עוף טוב 700גרם,גרמים,700.00,100 גרם,false,1,19.90,2.8429,true,1,21429
7290008175173,false,200  גרםvalio-חמאה,יוליניבר,FI,200  גרםvalio-חמאה  מלח,גרמים,200.00,100 גרם,false,1,15.90,7.9500,true,1,9950
7290008175760,false,"גבינה מנצ""גו",יושלם,ES,"גבינה מנצ""גו  מחלב כבשים 1 קג ויליפוד",קילוגרמים,1.00,"ק""ג",true,,119.00,119.0000,true,1,81491
7290008175777,false,גבינה איבריקו,יושלם,ES,גבינה איבריקו 1 קג ויליפוד,קילוגרמים,1.00,"ק""ג",true,,119.00,119.0000,true,1,81492
7290008175814,false,פטריות חתוכות שמפניו,"אוקצ'מפ אס, איי אויי",PL,פטריות חתוך 400גרם- בד'צ,גרמים,400.00,100 גרם,false,1,5.50,1.3750,true,1,55336
7290008175906,false,"גבינת עיזים לק""ג ויל",יושלם,NL,"גבינת עיזים לק""ג ויליפוד",קילוגרמים,1.00,"ק""ג",true,,130.00,130.0000,true,1,84161
7290008190909,false,מיני קוקיס שוקולד צי,כרמית,IL,מיני קוקיס שוקולד ציפס 600 גר,גרמים,600.00,100 גרם,false,1,23.90,3.9833,true,1,23490
7290008190985,false,סוכריות לקקנים,דורקן סקרלמה סאן. וי,TR,סוכריות על מקל בטעמי גלידה,גרמים,450.00,100 גרם,false,1,17.90,3.9778,true,1,41561
7290008263047,false,ספגטי אורגני הרדוף 5,פסטיפיסוי פליצ'טי,IT,ספגטי אורגני מחיטת דורום,גרמים,500.00,100 גרם,false,1,11.90,2.3800,true,1,10020
7290008263214,false,הרדוף ממרח חרובים או,ברינקס פוד,NL,ממרח חרובים אורגני,גרמים,350.00,100 גרם,false,1,25.90,7.4000,true,1,38478
7290008263481,false,פסטה פנה מקמח לבן הר,פסטיפיסוי פליצ'טי,IT,פסטה פנה אורגני,גרמים,500.00,100 גרם,false,1,11.90,2.3800,true,1,15431
7290008263498,false,פסטה פוסילי מקמח לבן,פסטיפיסוי פליצ'טי,IT,פסטה פוזילי מחיטת דורום,גרמים,500.00,100 גרם,false,1,11.90,2.3800,true,1,15432
7290008263597,false,קוואקר אורגני 500 גר,אול אורגני,IL,"קוואקר, שבבי שיבולת שועל אורגניים",גרמים,500.00,100 גרם,false,1,11.90,2.3800,true,1,41829
7290008263641,false,קוואקר עדין אורגני 5,אול אורגני,IL,קוואקר אורגני עדין,גרמים,500.00,100 גרם,false,1,11.90,2.3800,true,1,38579
7290008263658,false,משקה סויה ללא מלח,ליקואטס,ES,משקה סויה אורגני 1 ליטר הרדוף,ליטרים,1.00,ליטר,false,1,12.90,12.9000,true,1,38457
7290008310017,false,אמפנדס בשר חייקה700,חייקה,,אמפנדס בשר חייקה700 גרם,גרמים,700.00,100 גרם,false,1,44.90,6.4143,true,1,87511
7290008310086,false,בצק אמפנדס,חייקה,,בצק אמפנדס,גרמים,700.00,100 גרם,false,1,32.90,4.7000,true,1,69859
7290008330107,false,מרכך כביסה מרענן,יוניליור ישראל טיפוח,IL,"מרכך כביסה בדין מרענן 4 ל              """,ליטרים,4.00,ליטר,false,1,24.90,6.2250,true,1,10132
7290008333115,false,גלטין טהור 28 גרם,יוליניבר,,ויליגר אבקת ג'לטין טהור 28 גרם,גרמים,28.00,100 גרם,false,1,10.90,38.9286,true,1,10138
7290008335515,false,אגרול סיני+רוטב 600ג,כצט,IL,אגרול ברוטב חמוץ מתוק 600 גרם,גרמים,600.00,100 גרם,false,1,17.70,2.9500,true,1,10149
7290008335553,false,קובה במילוי בשר,האי נאם סי או אל.טי.,IL,קובה במילוי בשר וצנובר 600 גרם,גרמים,600.00,100 גרם,false,1,17.70,2.9500,true,1,10152
7290008335560,false,סיגרים במילוי בשר,האי נאם סי או אל.טי.,IL,סיגרים במילוי בשר 600 גרם,גרמים,600.00,100 גרם,false,1,15.90,2.6500,true,1,10153
7290008335577,false,פסטלים תפוא 600 גרם,האי נאם סי או אל.טי.,IL,"פסטלים תפו""א 600 גרם",גרמים,600.00,100 גרם,false,1,17.70,2.9500,true,1,10154
7290008335584,false,"סיגרים במילוי תפו""א",האי נאם סי או אל.טי.,IL,"סיגרים במילוי תפו""א 600 גרם",גרמים,600.00,100 גרם,false,1,15.90,2.6500,true,1,10155
7290008340618,false,סלמון מעושן מצונן 10,ויליגר תעשיות בעמ,IL,פרלינג סלומון מעושן 100 גרם,גרמים,100.00,100 גרם,false,1,21.90,21.9000,true,1,14249
7290008343466,false,בצק פילו שלושת האופי,כלורוקס אוקלנד,IL,בצק פילו,גרמים,500.00,100 גרם,false,1,19.90,3.9800,true,1,29746
7290008343503,false,גחנון אפוי 650 גרם,TLV צ'יף,IL,גחנון אפוי 650 גרם,גרמים,650.00,100 גרם,false,1,21.90,3.3692,true,1,17720
7290008344258,false,המבורגר מזרחי 400 גר,"טיבון ויל אחזקות בע""",IL,המבורגר מזרחי 400 גרם,גרמים,400.00,100 גרם,false,1,19.90,4.9750,true,1,10166
7290008344272,false,המבורגר 100% טיבון ו,מולינו ניקולי s.p.a,IL,המבורגר 100% טיבון ויל 400 גרם,גרמים,400.00,100 גרם,false,1,19.90,4.9750,true,1,10168
7290008345118,false,מקרל בשמן דלידג 240,דולפין ספא,IL,מקרל בשמן דלידג 240 גרם,גרמים,240.00,100 גרם,false,1,26.90,11.2083,true,1,10171
7290008345132,false,הרינג כבוש דלידג 240,כלורוקס אוקלנד,IL,הרינג כבוש דלידג 240,גרמים,240.00,100 גרם,false,1,25.90,10.7917,true,1,10173
7290008345156,false,פילה מקרוסקה ואקום ד,נטו מלינדה סיימן,,"פילה מקרוסקה ואקום דלידג 1 ק""ג",קילוגרמים,1.00,"ק""ג",true,,119.00,119.0000,true,1,10175
7290008345170,false,מקרל חצאים דלידג 1 ק,נטו מלינדה סיימן,,"מקרל חצאים דלידג 1 ק""ג",קילוגרמים,1.00,"ק""ג",true,,95.00,95.0000,true,1,10176
7290008345576,false,סלט איקרה לבנה דלידג,כלורוקס אוקלנד,IL,סלט איקרה לבנה דלידג 300 גרם,גרמים,300.00,100 גרם,false,1,21.90,7.3000,true,1,14315
7290008345583,false,סלט איקרה ורודה דליד,כלורוקס אוקלנד,IL,סלט איקרה ורודה דלידג 300 גרם,גרמים,300.00,100 גרם,false,1,21.90,7.3000,true,1,14316
7290008347211,false,אצבעות דג מצופות נטו,אף.סי תבליני בגליל ב,IL,דלידג אצבעות דג מצופות 700 גרם,גרמים,700.00,100 גרם,false,1,23.90,3.4143,true,1,21479
7290008347730,false,סלמון הילטון,דלידג ק.מלאכי,,"סלמון הילטון 1 ק""ג",קילוגרמים,1.00,"ק""ג",true,,199.00,199.0000,true,1,34592
7290008403849,false,אולד רוטרדם עיזים 4ק,הנרי ויליך,NL,אולד רוטרדם עיזים 4ק,קילוגרמים,1.00,"ק""ג",true,,180.00,180.0000,true,1,150058
7290008403900,false,גאודה עגבניות וזיתים,מיוצר עי קונדיטוריית,NL,גאודה עגבניות וזיתים לקג,קילוגרמים,1.00,"ק""ג",true,,129.00,129.0000,true,1,148383
7290008403917,false,גאודה פסטו ירוק לקג,הנרי ויליך,NL,גאודה פסטו ירוק לקג,קילוגרמים,1.00,"ק""ג",true,,159.00,159.0000,true,1,148384
7290008403931,false,גאודה כמון לקג,מיוצר עי קונדיטוריית,FR,גאודה כמון לקג,קילוגרמים,1.00,"ק""ג",true,,130.00,130.0000,true,1,146895
7290008408899,false,מוייסטר קרם לחות לפנ,ג'ויה מעבדות לקוסמטי,IL,מוייסטר קרם לחות לפנים,מיליליטרים,250.00,"100 מ""ל",false,1,29.90,11.9600,true,1,120368
7290008409049,false,מיני שניצלונים ציפוי,תנובה גליל שותפות מו,IL,מיני שניצלונים ציפוי שומשום 500 גרם מאמא,גרמים,500.00,100 גרם,false,1,29.90,5.9800,true,1,88485
7290008409100,false,אצבעות שניצל ציפוי ש,תנובה גליל שותפות מו,IL,אצבעות שניצל ציפוי שומשום מאמא ע 700 גרם,גרמים,700.00,100 גרם,false,1,38.90,5.5571,true,1,24625
7290008409124,false,שניצל גונגל מאמא עוף,תנובה גליל שותפות מו,IL,שניצל גונגל מאמא עוף 700 גרם,גרמים,700.00,100 גרם,false,1,38.90,5.5571,true,1,25193
7290008409216,false,שניצל דק דק פריך,תנובה גליל,IL,מאמא עוף שניצל דק פריך 700 גרם,גרמים,700.00,100 גרם,false,1,44.90,6.4143,true,1,57719
7290008409223,false,שניצל דק דק מתובל,תנובה גליל שותפות מו,IL,שניצל דק דק מתובל 700 גרם,גרמים,700.00,100 גרם,false,1,44.90,6.4143,true,1,60632
7290008409315,false,מיני שניצלונים ציפוי,תנובה גליל,IL,מיני שניצלונים ציפוי פריך 500 גרם,גרמים,500.00,100 גרם,false,1,29.90,5.9800,true,1,12840
7290008409407,false,"שניצל דק בציפוי צ""יפ",תנובה גליל שותפות מו,IL,"שניצל דק בציפוי צ""יפס 700 גרם",גרמים,700.00,100 גרם,false,1,44.90,6.4143,true,1,71830
7290008409551,false,שניצל עוף אמיתי בציפ,תנובה גליל שותפות מו,IL,שניצל אמיתי מעודן,גרמים,700.00,100 גרם,false,1,44.90,6.4143,true,1,10199
7290008409582,false,שניצל אמיתי ביתי מאמ,תנובה גליל שותפות מו,IL,שניצל אמיתי ביתי מאמא עוף  700 גרם,גרמים,700.00,100 גרם,false,1,44.90,6.4143,true,1,10202
7290008415071,false,סלט חומוס וטחינה 150,לחמנו,IL,סלטי צבר חומוס עם טחינה 12*150גרם,גרמים,150.00,100 גרם,false,1,5.90,3.9333,true,1,10255
7290008415514,false,סלט חומוס וחריף 150,לחמנו,IL,סלטי צבר חומוס עם חריף 12*150גרם,גרמים,150.00,100 גרם,false,1,5.90,3.9333,true,1,10260
7290008415576,false,חומוס צבר 850 גרם,צבר,,חומוס צבר 850 גרם,גרמים,850.00,100 גרם,false,1,15.90,1.8706,true,1,56113
7290008425575,true,נאות סמדר סילאן אורג,,,נאות סמדר סילאן אורג,גרמים,710.00,100 גרם,false,1,41.90,5.9014,true,1,134847
7290008425681,true,זיתים אורגנים ברנע,,,זיתים אורגנים ברנע,גרמים,400.00,100 גרם,false,1,21.90,5.4750,true,1,134848
7290008443616,false,נקה 7 מרכך שיער יבש,אמיליה קוסמטיקס בעמ,IL,נקה 7-מרכך לשיער יבש,מיליליטרים,750.00,"100 מ""ל",false,1,11.90,1.5867,true,1,10293
7290008443630,false,שמפו נקה 7מתולתל,אמיליה קוסמטיקס בע'',IL,נקה 7 שמפו שיער מתולתל צהוב          750,מיליליטרים,750.00,"100 מ""ל",false,1,11.90,1.5867,true,1,10295
7290008443647,false,נקה 7 מרכך שיער סגול,אמיליה קוסמטיקס בעמ,IL,נקה 7-מרכך לשיער מתולתל,מיליליטרים,750.00,"100 מ""ל",false,1,11.90,1.5867,true,1,10296
7290008461047,false,סיימן ברי לה רוסטיק,נטו מלינדה סיימן,,סיימן ברי לה רוסטיק לקג,קילוגרמים,1.00,"ק""ג",true,,169.00,169.0000,true,1,10299
7290008461221,false,סרדינים בשמן חמניות,יוליניבר,PT,סרדינים בשמן חמניות 115 גרם,גרמים,115.00,100 גרם,false,1,6.90,6.0000,true,1,10305
7290008461238,false,סרדינים בשמן חמניות,יוליניבר,PT,סרדינים בשמן חמניות חריף 115 גר,גרמים,115.00,100 גרם,false,1,6.90,6.0000,true,1,10306
7290008461283,false,גבינה טריפל צדר נני,יוליניבר,,גבינה טריפל צדר נני  200 גרם,גרמים,200.00,100 גרם,false,1,24.90,12.4500,true,1,122660
7290008462204,false,חרדל דיזון מיילי מקו,יוליניבר,FR,חרדל דיזון מיילי מקורי 380 גרם,גרמים,380.00,100 גרם,false,1,15.90,4.1842,true,1,16305
7290008462259,false,חרדל דיזון חריף מייל,כצט,FR,חרדל דיזון חריף מיילי גרגירים 380 גר,גרמים,380.00,100 גרם,false,1,16.90,4.4474,true,1,72641
7290008462310,false,סיימן סנט מור,,,סיימן סנט מור לקג,קילוגרמים,1.00,"ק""ג",true,,169.00,169.0000,true,1,24273
7290008464024,false,בירה גולדסטאר לא מסו,"איי, בי, אינבוו",IL,"בירה גולדסטאר לא מסונן פחית 500 מ""ל",מיליליטרים,500.00,"100 מ""ל",false,1,9.90,1.9800,true,1,97454
7290008464109,false,בירה גולדסטאר ל.מסונ,"איי, בי, אינבוו",IL,"בירה גולדסטאר ל.מסונן בקבוק 330 מ""ל",מיליליטרים,330.00,"100 מ""ל",false,1,7.90,2.3939,true,1,90766
7290008464130,false,בירה גולדסטאר ל.מסונ,טמפו,,בירה גולדסטאר ל.מסונן שישייה בקבוק 330 מ,ליטרים,1.98,ליטר,false,1,39.90,20.1515,true,1,90709
7290008464208,false,בירה מכבי 7.9% בקבוק,פארייפאבה אגרואינדוס,IL,"בירה מכבי 7.9%, בירה חזקה, בקבוק 330 מ''ל",מיליליטרים,330.00,"100 מ""ל",false,1,8.90,2.6970,true,1,102339
7290008464222,false,בירה מכבי 7.9%  פחית,"איי, בי, אינבוו",IL,"בירה מכבי 7.9%, בירה חזקה, פחית 500 מ""ל",מיליליטרים,500.00,"100 מ""ל",false,1,8.90,1.7800,true,1,107066
7290008464338,false,בירה מכבי בקבוק 330,בירה מכבי,IL,בירה מכבי בקבוק 330 מל לאגר בהירה,מיליליטרים,330.00,"100 מ""ל",false,1,7.90,2.3939,true,1,10326
7290008464345,false,בירה גולדסטאר בקבוק,פארייפאבה אגרואינדוס,IL,"בירה גולדסטאר, בקבוק 330 מ''ל",מיליליטרים,330.00,"100 מ""ל",false,1,7.90,2.3939,true,1,10327
7290008464468,false,בירה גולדסטאר פחית 5,פארייפאבה אגרואינדוס,IL,"בירה גולדסטאר, פחית 500 מ""ל",מיליליטרים,500.00,"100 מ""ל",false,1,8.90,1.7800,true,1,10330
7290008464475,false,בירה מכבי פחית 500 מ,"איי, בי, אינבוו",IL,"בירה מכבי, פחית 500 מ""ל",מיליליטרים,500.00,"100 מ""ל",false,1,8.90,1.7800,true,1,10331
7290008464505,false,מים מינרלים סן בנדטו,אקווה מינרלה סאן בנד,IT,סן בנדטו 500 מל שישייה,מיליליטרים,500.00,"100 מ""ל",false,1,4.20,0.8400,true,1,12294
7290008464604,false,בירה הייניקן פחית 50,טמפו משקאות בע''מ,NL,"בירה היינקן, פחית 500 מ""ל",מיליליטרים,500.00,"100 מ""ל",false,1,13.90,2.7800,true,1,12217
7290008464611,false,"מי סודה טמפו 275 מ""ל",טמפו משקאות בעמ,IL,"הסודה של טמפו, מי סודה בגיזוז חזק, 275 מל",מיליליטרים,275.00,"100 מ""ל",false,1,3.90,1.4182,true,1,125599
7290008464697,false,בירה מכבי 7.9% שישיי,טמפו,,"בירה מכבי 7.9% שישייה בקבוק 330 מ""ל",ליטרים,1.98,ליטר,false,1,32.90,16.6162,true,1,101824
7290008464734,false,בירה גולדסטאר SLOW B,טמפו משקאות בע''מ,IL,בירה גולדסטאר SLOW BREW שישייה בקבוק 330,ליטרים,1.98,ליטר,false,1,39.90,20.1515,true,1,99593
7290008464741,false,בירה גולדסטאר שישייה,טמפו,,"בירה גולדסטאר שישייה בקבוק 330 מ""ל",ליטרים,1.98,ליטר,false,1,36.90,18.6364,true,1,10335
7290008464796,false,בירה הייניקן שישייה,טמפו,,"בירה הייניקן שישייה בקבוק 330 מ""ל",ליטרים,1.98,ליטר,false,1,39.90,20.1515,true,1,10337
7290008466318,false,מיני רוגלך ירושלמי 3,דין שיווק,IL,מיני רוגלך ירושלמי 300 גר,גרמים,300.00,100 גרם,false,1,22.90,7.6333,true,1,156068
7290008466677,false,עוגיות פרימיום ללא ס,דין שיווק,IL,עוגיות פרימיום ללא סוכר 250גר,גרמים,250.00,100 גרם,false,1,22.90,9.1600,true,1,159282
7290008466707,false,עוגיות פרימיום 250 ג,דין שיווק,IL,עוגיות פרימיום 250 גרם,גרמים,250.00,100 גרם,false,1,22.90,9.1600,true,1,156077
7290008493413,false,פירורי גריסיני 200 ג,מאיר בייגל,IL,מאיר בייגל פירורי גריסיני 200 גרם,גרמים,200.00,100 גרם,false,1,6.90,3.4500,true,1,40601
7290008493710,false,פירורי גריסיני זהב,מאיר בייגל,,פירורי גריסיני זהב,גרמים,200.00,100 גרם,false,1,5.90,2.9500,true,1,118269
7290008499101,false,אוסובקו עגל פרוס אית,קצביית פרימיום,IL,אוסובקו עגל פרוס איתן,קילוגרמים,1.00,"ק""ג",true,,69.90,69.9000,true,1,151437
7290008500470,false,פיתה זעתר 110 גרם,פילסברי,IL,פיתה זעתר 110 גרם,גרמים,110.00,100 גרם,false,1,5.90,5.3636,true,1,158348
7290008500487,false,פיתה עם שבבי בצל מיו,פילסברי,IL,פיתה עם שבבי בצל מיובשים 110 גרם,גרמים,110.00,100 גרם,false,1,5.90,5.3636,true,1,158349
7290008500630,false,פרצעל בטעם שוקולד,פילסברי,IL,פרצעל בטעם שוקולד,קילוגרמים,1.00,"ק""ג",true,,59.90,59.9000,true,1,159195
7290008500654,false,רוגלך פיסטוק,פילסברי,IL,רוגלך בטעם פסיטוק חלבה,קילוגרמים,1.00,"ק""ג",true,,39.90,39.9000,true,1,158345
7290008590129,false,שעועית ירוקה שלמה שף,משק ויילר,BE,שעועית ירוקה שלמה שף הטבע 800גרם,גרמים,800.00,100 גרם,false,1,11.90,1.4875,true,1,159898
7290008590136,false,שעועית צהובה חתוכה,משק ויילר,BE,שעועית צהובה חתוכה  שף הטבע 800 גרם,גרמים,800.00,100 גרם,false,1,11.90,1.4875,true,1,159899
7290008590150,false,אפונת גינה קטנה שף,משק ויילר,BE,אפונת גינה קטנה שף הטבע   800גרם,גרמים,800.00,100 גרם,false,1,11.90,1.4875,true,1,159900
7290008590167,false,אפונה וגזר שף הטבע,משק ויילר,BE,אפונה וגזר שף הטבע   800 גרם,גרמים,800.00,100 גרם,false,1,11.90,1.4875,true,1,159901
7290008590198,false,שעועית ירוקה חתוכה ש,משק ויילר,BE,שעועית ירוקה חתוכה שף הטבע   800גרם,גרמים,800.00,100 גרם,false,1,11.90,1.4875,true,1,159902
7290008612074,false,"אגד מתמתח 5 ס""מ",פארמה פלסט,EG,"אגד מתמתח 5 ס""מ",לא מנהל יחידת מידה,0.00,לא מנהל יחידת מידה,false,1,7.90,0.0000,true,1,156351
7290008622752,false,סחוג אדום,"סלטי שמיר 2006 בע""מ",,סחוג אדום 3 קג,קילוגרמים,1.00,"ק""ג",true,,32.00,32.0000,true,1,53869
7290008622769,false,טחינה,"סלטי שמיר 2006 בע""מ",,טחינה 3 קג,קילוגרמים,1.00,"ק""ג",true,,35.00,35.0000,true,1,53195
7290008632010,false,כנפיים טרי מתובל,עוף הגליל,IL,כנפיים טרי מתובל,קילוגרמים,1.00,"ק""ג",true,,24.90,24.9000,true,1,147526
7290008632034,false,פרגיות מתובל,עוף הגליל,IL,פרגיות מתובל,קילוגרמים,1.00,"ק""ג",true,,79.90,79.9000,true,1,147528
7290008632454,false,מעורב ירושלמי,,,מעורב ירושלמי,קילוגרמים,1.00,"ק""ג",true,,69.90,69.9000,true,1,88892
7290008634045,false,פלסטר לילדים סאני 30,,,פלסטר לילדים סאני 30 יחידות,יחידה,1.00,יחידה,false,1,6.90,6.9000,true,1,92973
7290008636933,false,אגוזי מלך גרוסים מיה,מיה,IL,אגוזי מלך גרוסים מיה 100  גרם,גרמים,100.00,100 גרם,false,1,11.90,11.9000,true,1,160097
7290008636957,false,שקדים מולבנים גרוסים,מיה,IL,שקדים מולבנים גרוסים מיה  100 גרם,גרמים,100.00,100 גרם,false,1,11.90,11.9000,true,1,160098
7290008636964,false,שקדים מולבנים שבבים,מיה,IL,שקדים מולבנים שבבים מיה  100 גרם,גרמים,100.00,100 גרם,false,1,11.90,11.9000,true,1,160099
7290008636988,false,גרעיני חמניה קלופים,מיה,IL,גרעיני חמניה קלופים מיה 100 גרם,גרמים,100.00,100 גרם,false,1,4.90,4.9000,true,1,160100
7290008636995,false,גרעיני דלעת קלופים מ,מיה,IL,גרעיני דלעת קלופים מיה 100 גרם,גרמים,100.00,100 גרם,false,1,8.90,8.9000,true,1,160101
7290008644112,false,סלט מטבוחה יום יום 1,"שטראוס גרופ בע""מ",IL,סלט מטבוחה יום יום 125 גרם,גרמים,125.00,100 גרם,false,1,5.50,4.4000,true,1,10400
7290008644235,false,מבחר עלי בייבי 120 ג,שטראוס בריאות ירקות,IL,מבחר עלי בייבי 120 גרם שטופים שטראוס,גרמים,120.00,100 גרם,false,1,10.90,9.0833,true,1,10401
7290008644945,false,סלט המושבה שטופים שט,תות תעשיות מזון (201,IL,סלט המושבה שטופים שטראוס,גרמים,450.00,100 גרם,false,1,14.90,3.3111,true,1,10418
7290008645935,false,חומוס אחלה 750 גרם,"שטראוס גרופ בע""מ",IL,חומוס 750 אחלה,גרמים,750.00,100 גרם,false,1,10.90,1.4533,true,1,24225
7290008670012,false,יין רקנאטי קברנה סוב,תות ממתקי איכות,IL,רקנטי - קברנה סוביניון 2017 750 מל,מיליליטרים,750.00,"100 מ""ל",false,1,52.90,7.0533,true,1,10427
7290008670029,false,יין רקנאטי מרלו 750,תות ממתקי איכות,IL,רקנטי - מרלו 2017 750 מל,מיליליטרים,750.00,"100 מ""ל",false,1,52.90,7.0533,true,1,10428
7290008670142,false,יין יסמין אדום רקנאט,תות ממתקי איכות,IL,רקנטי - יסמין אדום 2017,מיליליטרים,750.00,"100 מ""ל",false,1,34.90,4.6533,true,1,16018
7290008670159,false,יין יסמין לבן רקנאטי,קריניציה ויטמינה אס,IL,"יין יסמין לבן רקנאטי 750 מ""ל",מיליליטרים,750.00,"100 מ""ל",false,1,34.90,4.6533,true,1,16019
7290008670210,false,יין רקנאטי שיראז 750,תות ממתקי איכות,IL,רקנטי - שיראז 2017 750 מל,מיליליטרים,750.00,"100 מ""ל",false,1,52.90,7.0533,true,1,25724
7290008690713,false,נקטר אושן ספריי חמוצ,מולינו ניקולי s.p.a,IL,פריגת אושן ספריי חמוציות 1 ליטר,ליטרים,1.00,ליטר,false,1,15.50,15.5000,true,1,10468
7290008693134,false,מעדן דניאלה גבינה תו,"שטראוס בריאות בע""מ",IL,דניאלה תות,גרמים,88.00,100 גרם,false,1,4.40,5.0000,true,1,10495
7290008713496,false,גאודה עיזים,סיזאד ראובן קאספסיאל,NL,גאודה עיזים,קילוגרמים,1.00,"ק""ג",true,,130.00,130.0000,true,1,121912
7290008713497,false,גאודה עשבי תיבול,סיזאד ראובן קאספסיאל,NL,גאודה עשבי תיבול,קילוגרמים,1.00,"ק""ג",true,,119.00,119.0000,true,1,124373
7290008713525,false,גבינה גאודה סמבל חרי,סיזאד ראובן קאספסיאל,NL,גבינה גאודה סמבל חריף,קילוגרמים,1.00,"ק""ג",true,,119.00,119.0000,true,1,124087
7290008713900,false,לחם שיפון עגול,מאפיית אנג'ל אורנים,IL,אנג'ל לחם שיפון עגול פרוס 750 גרם,גרמים,750.00,100 גרם,false,1,13.90,1.8533,true,1,50013
7290008739016,false,נר ריחני 20,יושלם,,נר פילר עתיק                        6*3,יחידה,1.00,יחידה,false,1,20.00,20.0000,true,1,16424
7290008739023,false,נר ריחני 25,מוסקו,,נר פילר עתיק   4*4,יחידה,1.00,יחידה,false,1,25.00,25.0000,true,1,16425
7290008745239,false,תפוציפס קראנץ,"שטראוס פריטו ליי בע""",IL,תפו קראנצ טבעי 50 גר 48 יח - שמיטה,גרמים,50.00,100 גרם,false,1,3.90,7.8000,true,1,10590
7290008747547,false,תפוציפס קראנץ טבעי 2,"שטראוס פריטו ליי בע""",IL,תפו קראנצ טבעי 200 גר 12 יח - שמיטה,גרמים,200.00,100 גרם,false,1,9.90,4.9500,true,1,10601
7290008752244,false,תפוציפס קראנץ גריל,"שטראוס פריטו ליי בע""",IL,תפו קראנצ גריל 50 גר 48 יח - שמיטה,גרמים,50.00,100 גרם,false,1,3.90,7.8000,true,1,10642
7290008752435,false,חטיף ציטוס גבינה30 ג,שטראוס גרופ,,חטיף ציטוס קראנצי גבינה 30 גרם,גרמים,30.00,100 גרם,false,1,2.50,8.3333,true,1,10645
7290008753111,false,תפוציפס קראנץ מקסיקנ,"שטראוס פריטו ליי בע""",IL,תפו קראנצ מקסיקני 50 גר 48 יח- שמיטה,גרמים,50.00,100 גרם,false,1,3.90,7.8000,true,1,10655
7290008757010,false,סודה שוופס ביטר לימו,מיוצר עי קונדיטוריית,IL,שוופס ביטר למון 250 מל,מיליליטרים,250.00,"100 מ""ל",false,1,7.50,3.0000,true,1,49450
7290008757027,false,שוופס טוניק בקבוק 25,מיוצר עי קונדיטוריית,IL,"שוופס טוניק 250 מ""ל זכוכית",מיליליטרים,250.00,"100 מ""ל",false,1,7.50,3.0000,true,1,10687
7290008757034,false,סודה שוופס בקבוק 250,יפאורה תבורי בעמ,IL,"שוופס סודה 250 מ""ל זכוכית",מיליליטרים,250.00,"100 מ""ל",false,1,4.50,1.8000,true,1,10688
7290008757980,false,נקטר ספרינג רימונים,"כד בני דרום בע""מ",IL,ספרינג קרטוניות רימונים 1 ל',ליטרים,1.00,ליטר,false,1,8.60,8.6000,true,1,25324
7290008775816,false,ערגליות שוקו 300 גרם,מיוצר עי קונדיטוריית,IL,ערגליות שוקולד 6*300גרם,גרמים,300.00,100 גרם,false,1,10.90,3.6333,true,1,10704
7290008775823,false,ערגליות תות 300 גרם,מיוצר עי קונדיטוריית,IL,ערגליות תות שדה 6*300גרם,גרמים,300.00,100 גרם,false,1,10.90,3.6333,true,1,10705
7290008801010,false,יין P.C קברנה מרלו,אגודת הכורמים הקאופו,IL,"יין P.C קברנה מרלו 750 מ""ל",מיליליטרים,750.00,"100 מ""ל",false,1,39.90,5.3200,true,1,10716
7290008801119,false,יין סלקטד סוביניון ב,אגודת הכורמים הקואופ,IL,כרמל סלקטד סוביניון בלאן יין לבן יבש  750 מל,מיליליטרים,750.00,"100 מ""ל",false,1,29.90,3.9867,true,1,10718
7290008801157,false,יין סלקטד מרלו 750 מ,יקבי כרמל,,"יין סלקטד מרלו 750 מ""ל",מיליליטרים,750.00,"100 מ""ל",false,1,29.90,3.9867,true,1,10722
7290008801522,false,יין קונקורד קינג דיו,אגודת הכורמים הקואופ,IL,כרמל קינג דיויד קונקורד- יין אדום ממותק 750 מל,מיליליטרים,750.00,"100 מ""ל",false,1,24.90,3.3200,true,1,12648
7290008801843,false,יין סלקטד קברנה סובנ,"כד בני דרום בע""מ",IL,כרמל סלקטד קברנה סוביניון יין אדום יבש 2017 750 מל,מיליליטרים,750.00,"100 מ""ל",false,1,29.90,3.9867,true,1,10732
7290008801850,false,יין סלקטד אמרלד ריזל,אגודת הכורמים הקואופ,IL,כרמל סלקטד אמרלד ריזלינג-קולומברד 2018,מיליליטרים,750.00,"100 מ""ל",false,1,29.90,3.9867,true,1,10733
7290008802291,false,"יין מרלו P.C 750 מ""ל",אגודת הכורמים הקואופ,IL,כרמל פרייבט קולקשן מרלו 2018 יין אדום יבש 750 מל,מיליליטרים,750.00,"100 מ""ל",false,1,39.90,5.3200,true,1,10739
7290008802895,false,יין קברנה סוביניון,אגודת הכורמים הקאופו,IL,"יין P.C קברנה סוביניון 750 מ""ל",מיליליטרים,750.00,"100 מ""ל",false,1,39.90,5.3200,true,1,10747
7290008803090,false,יין מרלו גליל עליון,אגודת הכורמים הקואופ,IL,"יין מרלו גליל עליון 750 מ""ל",מיליליטרים,750.00,"100 מ""ל",false,1,59.90,7.9867,true,1,71046
7290008804189,false,יין קברנה סוביניון ג,אגודת הכורמים הקואופ,IL,"יין קברנה סוביניון גליל עליון 750 מ""ל",מיליליטרים,750.00,"100 מ""ל",false,1,59.90,7.9867,true,1,71047
7290008804332,false,יין שיראז      P.C.,אגודת הכורמים הקואופ,IL,יין שיראז פרייבט קולקשן יקבי כרמל,מיליליטרים,750.00,"100 מ""ל",false,1,39.90,5.3200,true,1,35249
7290008804462,false,יין P.C מוסקט לבן 50,אגודת הכורמים הקואופ,IL,"יין P.C מוסקט לבן 500 מ""ל",מיליליטרים,500.00,"100 מ""ל",false,1,39.90,7.9800,true,1,40276
7290008804745,false,יין ס.א גוורצטרמינר,אגודת הכורמים הקואופ,IL,יין ס.א גוורצטרמינר,מיליליטרים,750.00,"100 מ""ל",false,1,59.90,7.9867,true,1,118909
7290008805384,false,יין סלקטד מוסקטו 750,אגודת הכורמים הקואופ,IL,כרמל סלקטד מוסקטו יין לבן מבעבע קלות,מיליליטרים,750.00,"100 מ""ל",false,1,29.90,3.9867,true,1,21402
7290008805520,false,יין קברנה מרלו סלקטד,"כד בני דרום בע""מ",IL,"יין קברנה מרלו סלקטד 750 מ""ל",מיליליטרים,750.00,"100 מ""ל",false,1,29.90,3.9867,true,1,31896
7290008805964,false,יין שיראז גליל עליון,אגודת הכורמים הקואופ,IL,"יין שיראז גליל עליון 750 מ""ל",מיליליטרים,750.00,"100 מ""ל",false,1,59.90,7.9867,true,1,71050
7290008806305,false,שלגון פצפצים,"מיוצר ע"" גלידת שטראו",IL,שלגון פצפצים תות בננה עם סוכרי,גרמים,97.00,100 גרם,false,1,6.90,7.1134,true,1,10796
7290008806961,false,גלידה קרמיסימו שוקול,"גלידת שטראוס בע""מ",IL,גלידה קרמיסימו שוקולד צ'יפ פרה 1.33 ל',ליטרים,1.33,ליטר,false,1,26.90,20.2256,true,1,10802
7290008806985,false,גלידונית קרמיסימו 1/,שטראוס גלידות,,גלידונית קרמיסימו 1/60  630 גרם פרווה,גרמים,630.00,100 גרם,false,1,41.90,6.6508,true,1,10803
7290008835466,false,שריר הזרוע 8 חלק ארג,בלאדי,IL,"שריר הזרוע 8 חלק ארגנטינה  לק""ג",קילוגרמים,1.00,"ק""ג",true,,29.90,29.9000,true,1,157703
7290008835954,false,אמנון פילה 5-7 בוואק,בלאדי,IL,אמנון פילה 5-7 בוואקום,קילוגרמים,1.00,"ק""ג",true,,29.90,29.9000,true,1,157704
7290008835961,false,אמנון פילה 7-9 בוואק,בלאדי,IL,אמנון פילה 7-9 בוואקום,קילוגרמים,1.00,"ק""ג",true,,29.90,29.9000,true,1,157720
7290008836494,false,מיץ ענבים תירוש אדום,יקב טפרברג 1870,,תירוש טבעי אדום ליטר טפרברג,ליטרים,1.00,ליטר,false,1,15.90,15.9000,true,1,16898
7290008849609,false,אוליביה רוטב לכרעיים,אוליביה גורמה (1996),IL,אוליביה רוטב שום דבש לעוף,גרמים,330.00,100 גרם,false,1,14.90,4.5152,true,1,158192
7290008849661,false,ממרח עגבניות מיובשות,"אוליביה גרומה בע""מ",IL,ממרח עגבניות מיובשות פקנטי אוליביה,גרמים,180.00,100 גרם,false,1,12.90,7.1667,true,1,125358
7290008849845,false,אריסה פקנטית  אוליבי,"אוליביה גרומה בע""מ",IL,אריסה פקנטית  אוליביה 185גרם,גרמים,185.00,100 גרם,false,1,12.90,6.9730,true,1,125359
7290008866019,false,ברי עיזים בייבי יעקו,משק יעקבס,IL,"ברי עיזים בייבי יעקובס לק""ג",קילוגרמים,1.00,"ק""ג",true,,149.00,149.0000,true,1,156306
7290008866033,false,גאודה עיזים יעקובס ל,משק יעקבס,IL,"גאודה עיזים יעקובס לק""ג",קילוגרמים,1.00,"ק""ג",true,,159.00,159.0000,true,1,156305
7290008866040,false,"ברי עיזים יעקובס לק""",משק יעקבס,IL,"ברי עיזים יעקובס לק""ג",קילוגרמים,1.00,"ק""ג",true,,149.00,149.0000,true,1,156304
7290008881005,false,שמן זית ארבקינה פח 2,קיבוץ מגל,IL,שמן זית ארבקינה פח 2 ליטר,ליטרים,2.00,ליטר,false,1,104.90,52.4500,true,1,149078
7290008881050,false,שמן זית קורינייקי פח,קיבוץ מגל,IL,שמן זית קורינייקי פח 2 ליטר,ליטרים,2.00,ליטר,false,1,104.90,52.4500,true,1,149077
7290008881203,false,שמן זית 2 ליטר מסיק,יושלם,,שמן זית 2 ליטר מסיק,ליטרים,2.00,ליטר,false,1,97.00,48.5000,true,1,68725
7290008881227,false,"שמן זית הבית750 מ""ל",עדן בריאות טבע מרקט,,שמן זית הבית750 מל,מיליליטרים,750.00,"100 מ""ל",false,1,49.90,6.6533,true,1,14115
7290008881265,false,שמן זית מסיק קורטינה,יושלם,,שמן זית מסיק קורטינה,ליטרים,0.00,ליטר,false,1,49.00,0.0000,true,1,90330
7290008881296,false,"שמן קורינייקי 750מ""ל",מסיק קיבוץ מגל,IL,"שמן קורינייקי 750מ""ל",מיליליטרים,750.00,"100 מ""ל",false,1,49.90,6.6533,true,1,64939
7290008881494,false,שמן ארבניקה 750 מל,מסיק קיבוץ מגל,,שמן ארבניקה 750 מל,מיליליטרים,750.00,"100 מ""ל",false,1,49.90,6.6533,true,1,118101
7290008899055,false,אוזני פילסברי,יושלם,,"אוזני פיל 1 ק""ג לאפיה",קילוגרמים,1.00,"ק""ג",true,,29.90,29.9000,true,1,10896
7290008909761,false,בירה קרלסברג בקבוק,מולינו ניקולי s.p.a,IL,"קרלסברג בק 330 מ""ל פקדון",מיליליטרים,330.00,"100 מ""ל",false,1,9.50,2.8788,true,1,46697
7290008909853,false,קוקה קולה זירו,פארייפאבה אגרואינדוס,IL,"קולה ZERO בקבוק 500 מ""ל",מיליליטרים,500.00,"100 מ""ל",false,1,7.50,1.5000,true,1,47188
7290008921015,false,יין קברנה פטיט סירא,"יקבי הבארון בע""מ",,"יין קברנה פטיט סירא 750 מ""ל",מיליליטרים,750.00,"100 מ""ל",false,1,34.90,4.6533,true,1,67314
7290008921022,false,יין פרנץ ריזלינג 750,"יקבי הבארון בע""מ",,"יין פרנץ ריזלינג 750 מ""ל",מיליליטרים,750.00,"100 מ""ל",false,1,34.90,4.6533,true,1,67315
7290008921053,false,"יין אדום סגול 750 מ""","יקבי הבארון בע""מ",,"יין אדום סגול 750 מ""ל",מיליליטרים,750.00,"100 מ""ל",false,1,34.90,4.6533,true,1,123847
7290008921121,false,יין סוביניון בלאן 75,יקבי הבארון – תשבי,IL,"יין סוביניון בלאן 750 מ""לתישבי",מיליליטרים,750.00,"100 מ""ל",false,1,48.90,6.5200,true,1,150245
7290008921138,false,"יין כחול לבן 750 מ""ל","יקבי הבארון בע""מ",,"יין כחול לבן 750 מ""ל",מיליליטרים,750.00,"100 מ""ל",false,1,34.90,4.6533,true,1,140275
7290008921152,false,יין תישבי אסטייט רוב,יקבי הבארון – תשבי,,"יין תישבי אסטייט רובי קברנה 750 מ""ל",מיליליטרים,750.00,"100 מ""ל",false,1,139.90,18.6533,true,1,99320
7290008921169,false,יין תשבי ויניארדס קב,"יקבי הבארון בע""מ",,"יין תשבי ויניארדס קברנה 750 מ""ל",מיליליטרים,750.00,"100 מ""ל",false,1,48.90,6.5200,true,1,67316
7290008921176,false,יין תשבי ויניארדס מר,"יקבי הבארון בע""מ",,"יין תשבי ויניארדס מרלו 750 מ""ל",מיליליטרים,750.00,"100 מ""ל",false,1,48.90,6.5200,true,1,67319
7290008921190,false,יין תשבי ויניארדס,יושלם,,יין תשבי ויניארדס ריזלינג           750,Unknown,0.00,Unknown,false,1,34.90,0.0000,true,1,67317
7290008921213,false,יין תשבי אסטייט ויונ,יקבי תישבי,IL,"יין תשבי אסטייט ויונייה 750 מ""ל",מיליליטרים,750.00,"100 מ""ל",false,1,56.90,7.5867,true,1,95484
7290008921251,false,יין קברנה פראנק 750,יושלם,,"יין קברנה פראנק 750 מ""ל תישבי",מיליליטרים,750.00,"100 מ""ל",false,1,48.90,6.5200,true,1,99911
7290008921268,false,יין תשבי אסטייט קברנ,יקבי הבארון – תשבי,,"יין תשבי אסטייט קברנה פרנק 750 מ""ל",מיליליטרים,750.00,"100 מ""ל",false,1,139.90,18.6533,true,1,106724
7290008921275,false,"יין שיראז 750 מ""ל תי",יושלם,,"יין שיראז 750 מ""ל תישבי",מיליליטרים,750.00,"100 מ""ל",false,1,48.90,6.5200,true,1,86554
7290008921312,false,יין קברנה סובניון אס,יקבי הבארון – תשבי,,יין קברנה סובניון אסטייט,מיליליטרים,750.00,"100 מ""ל",false,1,84.90,11.3200,true,1,86388
7290008921329,false,יין מרלו אסטייט,יקבי הבארון – תשבי,,יין מרלו אסטייט,מיליליטרים,750.00,"100 מ""ל",false,1,84.90,11.3200,true,1,86389
7290008921336,false,יין שרדונה  אסטייט 7,"יקבי הבארון בע""מ",,"יין שרדונה  אסטייט 750 מ""ל",מיליליטרים,750.00,"100 מ""ל",false,1,56.90,7.5867,true,1,67335
7290008921404,false,תישבי קריניאן אורגני,יקבי תישבי,,תישבי קריניאן אורגני 750 מל,מיליליטרים,750.00,"100 מ""ל",false,1,139.90,18.6533,true,1,93192
7290008921442,false,יין תישבי אסטייט מלב,יושלם,,"יין תישבי אסטייט מלבק 750 מ""ל",מיליליטרים,750.00,"100 מ""ל",false,1,139.90,18.6533,true,1,93190
7290008921473,false,יין תישבי אסטייט עמק,יקבי הבארון – תשבי,,"יין תישבי אסטייט עמק ברכה  750 מ""ל",מיליליטרים,750.00,"100 מ""ל",false,1,139.90,18.6533,true,1,102539
7290008921572,false,ויוניה גוורצטרמינר 7,יקבי תישבי,,"ויוניה גוורצטרמינר 750 מ""ל",מיליליטרים,750.00,"100 מ""ל",false,1,48.90,6.5200,true,1,124343
7290008921633,false,יין אסטיין פינק סובי,יקבי הבארון,IL,"יין אסטיין פינק סוביניון 750 מ""ל",מיליליטרים,750.00,"100 מ""ל",false,1,56.90,7.5867,true,1,158625
7290008921718,false,תישבי גוורצטרימנר,יושלם,,תישבי גוורצטרימנר,מיליליטרים,750.00,"100 מ""ל",false,1,56.90,7.5867,true,1,89585
7290008945172,false,גלילונית אשפה,"קינג באג בע""מ",TH,שקיות אשפה עם שרוך,Unknown,0.00,Unknown,false,1,16.90,0.0000,true,1,10960
7290008945202,false,גלילונית רב שימושית,"איטיליאן פוד, אס.פי.",TH,גלילונית שקיות רב שימושית לפח ענק 50 יח',Unknown,0.00,Unknown,false,1,16.70,0.0000,true,1,10961
7290008975551,false,מטרנה מהדרין שלב 3,מולינו ניקולי s.p.a,IL,מטרנה מהדרין שלב 3,גרמים,700.00,100 גרם,false,1,59.90,8.5571,true,1,56474
7290008975780,false,בונזו גזע קטן 3 קג,united pet food,FR,בונזו גזע קטן 3 קג,קילוגרמים,3.00,"ק""ג",false,1,47.90,15.9667,true,1,10975
7290009397642,false,מאפיין שוקולד - חמיש,"גידרון תעשיות בע""מ",,מאפיין שוקולד - חמישיה,גרמים,250.00,100 גרם,false,1,9.90,3.9600,true,1,20280
7290009397697,false,מאפין שוקולד ציפס- ח,"גידרון תעשיות בע""מ",,מאפין שוקולד ציפס- חמישיה,גרמים,250.00,100 גרם,false,1,9.90,3.9600,true,1,20617
7290009398021,false,ביס בגט לבן קפוא,"גידרון תעשיות בע""מ",,ביס בגט לבן קפוא,לא מנהל יחידת מידה,0.00,לא מנהל יחידת מידה,false,1,9.90,0.0000,true,1,37586
7290009398618,false,סופגניה גדולה עם ריב,"גידרון תעשיות בע""מ",,סופגניה גדולה עם ריבה כ 80 גר,גרמים,80.00,100 גרם,false,1,4.90,6.1250,true,1,30273
7290009398748,false,פס גבינה אוכמניות,"גידרון תעשיות בע""מ",,פס גבינה אוכמניות,גרמים,650.00,100 גרם,false,1,32.00,4.9231,true,1,33513
7290009398786,false,פיתות אסלית,יושלם,,פיתות אסלית,לא מנהל יחידת מידה,0.00,לא מנהל יחידת מידה,false,1,7.90,0.0000,true,1,47090
7290009398830,false,פיתה אסלית גדרון א.ק,יושלם,,פיתה אסלית גדרון א.ק,גרמים,100.00,100 גרם,false,1,7.50,7.5000,true,1,45712
7290009399165,false,לחמניה קלה קפואה,"גידרון תעשיות בע""מ",,לחמניה קלה קפואה,גרמים,100.00,100 גרם,false,1,2.90,2.9000,true,1,39993
7290010002023,false,כורכום  טחון,TLV צ'יף,IL,תבלין כורכום תבליני מימון 100 גרם,גרמים,100.00,100 גרם,false,1,11.50,11.5000,true,1,7870
7290010002030,false,כמון 100 גרם,TLV צ'יף,IL,תבלין כמון תבליני מימון 100 גרם,גרמים,100.00,100 גרם,false,1,11.50,11.5000,true,1,7871
7290010002047,false,מלח לימון 200 גרם,TLV צ'יף,IL,תבליני מימון מלח לימון בצנצנת 200 גרם,גרמים,200.00,100 גרם,false,1,10.90,5.4500,true,1,7872
7290010002061,true,פלפל לבן טחון 100גרם,א.ל ייצור ושיווק תבל,IL,תבליני מימון פלפל לבן טחון בצנצנת 100 גרם,Unknown,0.00,Unknown,false,1,17.90,0.0000,true,1,7874
7290010002078,false,פלפל שחור טחון,TLV צ'יף,IL,תבליני מימון פלפל שחור טחון בצנצנת 100 גרם,גרמים,120.00,100 גרם,false,1,13.90,11.5833,true,1,7875
7290010002108,false,פלפל שחור גרוס גס,TLV צ'יף,IL,תבליני מימון תבלין פלפל שחור גרוס גס  90 גרם,גרמים,900.00,100 גרם,false,1,13.90,1.5444,true,1,7878
7290010002122,false,פפריקה הונגרית מתוקה,TLV צ'יף,IL,תבליני מימון פפריקה הונגרית מתוקה בצנצנת 100 גרם,גרמים,100.00,100 גרם,false,1,11.50,11.5000,true,1,7880
7290010002146,false,פפריקה מרוקאית מתוקה,א.ל ייצור ושיווק תבל,IL,תבליני מימון פפריקה מרוקאית מתוקה בצנצנת 100 גרם,גרמים,100.00,100 גרם,false,1,11.50,11.5000,true,1,7882
7290010002153,false,פפריקה מרוקאית חריפה,TLV צ'יף,IL,תבליני מימון פפריקה מרוקאית חריפה בצנצנת 100 גרם,גרמים,100.00,100 גרם,false,1,11.50,11.5000,true,1,7883
7290010002177,false,פפריקה בטעם מעושן 90,א.ל. ייצור ושיווק תב,IL,פפריקה בטעם מעושן 90 גרם,גרמים,90.00,100 גרם,false,1,13.90,15.4444,true,1,156293
7290010002191,false,מקלות קינמון,TLV צ'יף,IL,תבליני מימון מקלות קינמון 50 גרם,גרמים,500.00,100 גרם,false,1,8.90,1.7800,true,1,7886
7290010002207,false,קינמון טחון,TLV צ'יף,IL,תבליני מימון קינמון טחון בצנצנת 100 גרם,גרמים,100.00,100 גרם,false,1,9.90,9.9000,true,1,7887
7290010002283,false,תבלין על האש,TLV צ'יף,IL,תבלין תיבול על האש תבליני מימון 100 גרם,גרמים,100.00,100 גרם,false,1,11.50,11.5000,true,1,7890
7290010002290,false,תערובת לשווארמה,TLV צ'יף,IL,תבלין תיבול לשווארמה תבליני מימון 100 גרם,גרמים,110.00,100 גרם,false,1,11.50,10.4545,true,1,7891
7290010002313,false,תבלין קציצות מרוקני,TLV צ'יף,IL,תבליני מימון תבלין ראס אל חנות 100 גרם,גרמים,120.00,100 גרם,false,1,11.50,9.5833,true,1,21684
7290010002320,false,תבלין גריל עוף,TLV צ'יף,IL,תערובת לתיבול גריל עוף תבליני מימון 100 גרם,גרמים,130.00,100 גרם,false,1,11.50,8.8462,true,1,7892
7290010002351,false,זעתר ושומשום בלדי,TLV צ'יף,IL,תבלין זעתר ושומשום תבליני מימון 100 גרם,גרמים,100.00,100 גרם,false,1,11.50,11.5000,true,1,7895
7290010002368,false,תערובת חווג למרק,א.ל ייצור ושיווק תבל,IL,תבליני מימון תערובת חוויאג' למרק 100 גרם,גרמים,100.00,100 גרם,false,1,11.50,11.5000,true,1,7896
7290010002375,false,מדרס קארי,TLV צ'יף,IL,תבלין קארי תבליני מימון 100 גרם,גרמים,120.00,100 גרם,false,1,11.50,9.5833,true,1,29780
7290010002382,true,אורגנו 40 גרם,א.ל ייצור ושיווק תבל,IL,תבליני מימון אורגנו 40 גרם,גרמים,40.00,100 גרם,false,1,9.90,24.7500,true,1,7897
7290010002405,true,טימין הררי 40גרם,א.ל ייצור ושיווק תבל,IL,תבליני מימון טימין  40 גרם,Unknown,0.00,Unknown,false,1,9.90,0.0000,true,1,7899
7290010002481,true,שום טחון תבליני מימו,א.ל ייצור ושיווק תבל,IL,תבליני מימון שום טחון בצנצנת 100 גרם,גרמים,100.00,100 גרם,false,1,13.90,13.9000,true,1,7904
7290010002498,false,שום גבישי 120 גרם,TLV צ'יף,IL,תבליני מימון שום גבישי 120 גרם,גרמים,120.00,100 גרם,false,1,13.90,11.5833,true,1,7905
7290010002726,false,תבלין לפרגיות,TLV צ'יף,IL,תבליני מימון תבלין לפרגיות  100 גרם,גרמים,110.00,100 גרם,false,1,11.50,10.4545,true,1,67484
7290010002986,false,פפריקה חריפה אש 100,א.ל ייצור ושיווק תבל,IL,פפריקה חריפה אש 100 גרם,גרמים,100.00,100 גרם,false,1,13.90,13.9000,true,1,156301
7290010003051,true,פפריקה הונגרית מתוקה,א.ל ייצור ושיווק תבל,IL,תבליני מימון פפריקה הונגרית מתוקה בצנצנת 400 גרם,Unknown,0.00,Unknown,false,1,24.90,0.0000,true,1,7910
7290010003075,false,פפריקה מרוקאית מתוקה,TLV צ'יף,IL,תבליני מימון פפריקה מרוקאית מתוקה בצנצנת 400 גרם,גרמים,400.00,100 גרם,false,1,24.90,6.2250,true,1,7912
7290010003693,false,פפריקה מתוקה 80 גרם,TLV צ'יף,IL,תבליני מימון פפריקה מתוקה שקית 80 גרם,Unknown,0.00,Unknown,false,1,5.90,0.0000,true,1,88388
7290010003709,false,פלפל שחור טחון 50 גר,TLV צ'יף,IL,תבליני מימון פלפל שחור טחון 50 גרם,Unknown,0.00,Unknown,false,1,7.90,0.0000,true,1,88389
7290010003754,false,כמון טחון 50 גרם,TLV צ'יף,IL,תבליני מימון בשקית כמון טחון 50 גרם,גרמים,400.00,100 גרם,false,1,5.90,1.4750,true,1,38608
7290010003778,false,תיבול לגריל עוף 80 ג,TLV צ'יף,IL,תבליני מימון תיבול גריל עוף 80 גרם,Unknown,0.00,Unknown,false,1,5.90,0.0000,true,1,88390
7290010003792,false,מלח לימון 100 גר,TLV צ'יף,IL,תבליני מימון בשקית מלח לימון 100 גרם,Unknown,0.00,Unknown,false,1,5.90,0.0000,true,1,88391
7290010003808,false,זעתר ושומשום 80 גרם,TLV צ'יף,IL,תבליני מימון זעתר ושומשום בשקית 80 גרם,Unknown,0.00,Unknown,false,1,5.90,0.0000,true,1,88392
7290010003839,false,קינמון טחון 80 גרם,TLV צ'יף,IL,תבליני מימון קינמון טחון שקית 80 גרם,גרמים,80.00,100 גרם,false,1,5.90,7.3750,true,1,88195
7290010004348,false,פפריקה מתוקה 250גרם,א.ל ייצור ושיווק תבל,IL,פפריקה מתוקה 250גרם,גרמים,250.00,100 גרם,false,1,21.90,8.7600,true,1,149844
7290010023141,false,חליטת תה צמחים לימונ,HIQ FOOD PRODUCTS,IL,לימונענע - הגן הקסום,גרמים,55.00,100 גרם,false,1,19.90,36.1818,true,1,14223
7290010023943,false,תה רויבוש קינמון,מולינו ניקולי s.p.a,IL,רוייבוש קינמון וניל T.T,גרמים,50.00,100 גרם,false,1,28.50,57.0000,true,1,30528
7290010092093,false,עוגיות שחר,שחר המתוקה,,עוגיות שחר,לא מנהל יחידת מידה,0.01,לא מנהל יחידת מידה,false,1,15.90,1590.0000,true,1,94283
7290010116980,false,שוקולית שקית,הנסיך- מפעל לייצור ט,IL,שוקולית 850 גרם 6 יח,גרמים,850.00,100 גרם,false,1,19.70,2.3176,true,1,15635
7290010117864,false,דוריטוס חריף אש 70 ג,שטראוס פריטו ליי  בע,IL,דוריטוס חריף אש 70 גרם,גרמים,70.00,100 גרם,false,1,3.90,5.5714,true,1,96401
7290010117970,false,בוטנים אמריקאים סבבה,"שטראוס פריטו ליי בע""",IL,בוטנים אמריקאים סבבה 50 גרם,גרמים,50.00,100 גרם,false,1,2.90,5.8000,true,1,48912
7290010124213,false,מינוט סינטה בקר 250,בלאדי,IL,מינוט סינטה בקר 250 גרם ארוז - אל מטאדור,גרמים,250.00,100 גרם,false,1,19.90,7.9600,true,1,150106
7290010132430,false,סכין שף גוניו,יושלם,,סכין שף גוניו,Unknown,0.00,Unknown,false,1,19.90,0.0000,true,1,83772
7290010140732,false,טבליות לעיסהטאמס בטע,גלקסמן סמית קליים,,טבליות לעיסהטאמס בטעם פירות יער,גרמים,750.00,100 גרם,false,1,35.20,4.6933,true,1,127435
7290010153503,false,שעועית בובס  מיה  40,מיה,IL,שעועית בובס  מיה  400 גרם,גרמים,400.00,100 גרם,false,1,11.90,2.9750,true,1,160040
7290010153510,false,בורגול מיה 500 גרם,מיה,IL,בורגול מיה 500 גרם,גרמים,500.00,100 גרם,false,1,4.90,0.9800,true,1,160034
7290010153527,false,גריש  מיה 500 גרם,מיה,IL,גריש  מיה 500 גרם,גרמים,500.00,100 גרם,false,1,5.90,1.1800,true,1,160052
7290010153534,false,קמח תירס  מיה  400 ג,מיה,IL,קמח תירס  מיה  400 גרם,גרמים,400.00,100 גרם,false,1,6.90,1.7250,true,1,160035
7290010153541,false,קווקר מהיר הכנה 500,מיה,IL,קווקר מהיר הכנה 500 גרם,גרמים,500.00,100 גרם,false,1,7.90,1.5800,true,1,160082
7290010153695,false,פול גדול   מיה  400,מיה,IL,פול גדול   מיה  400 גרם,גרמים,400.00,100 גרם,false,1,8.90,2.2250,true,1,160053
7290010154012,false,לימון כבוש בלאדי 250,המאפיה של הרמן,IL,לימון כבוש בלאדי 250 גרם,גרמים,250.00,100 גרם,false,1,16.00,6.4000,true,1,7940
7290010154036,false,עמבה 250 גרם,המאפיה של הרמן,IL,ביטון יוחאי המקורי עמבה סלט מנגו וחילבה 250 גרם,גרמים,250.00,100 גרם,false,1,14.90,5.9600,true,1,23950
7290010154050,true,ממרח שיפקה כבוש 250,,,ממרח שיפקה כבוש 250,,0.00,,false,,15.90,0.0000,true,1,160620
7290010154265,false,"פלפל צ""ומה 250 גרם",המאפיה של הרמן,IL,"פלפל צ""ומה 250 גרם",גרמים,250.00,100 גרם,false,1,14.90,5.9600,true,1,35501
7290010154418,false,סחוג אדום,המאפיה של הרמן,IL,סחוג אדום 130 גרם,גרמים,130.00,100 גרם,false,1,10.90,8.3846,true,1,86706
7290010154678,false,אריסה מרוקאית 250 גר,המאפיה של הרמן,IL,אריסה מרוקאית 250 גרם,גרמים,250.00,100 גרם,false,1,14.90,5.9600,true,1,124999
7290010154685,false,שום כתוש 250 גרם,המאפיה של הרמן,IL,ביטון יוחאי המקורי סלט שום כתוש 250 גרם,גרמים,250.00,100 גרם,false,1,14.90,5.9600,true,1,125000
7290010163069,false,צנובר 100 גרם,אף.סי תבליני בגליל ב,IL,צנובר 100 גרם,גרמים,100.00,100 גרם,false,1,24.90,24.9000,true,1,37980
7290010173181,false,יין גליל אלה 750 מל,,IL,יין גליל אלה 750 מל,מיליליטרים,750.00,"100 מ""ל",false,1,59.90,7.9867,true,1,117743
7290010195268,false,פופקורן פופסטאר מופח,TLV צ'יף,US,פופקורן פופסטאר מופחת שומן טבע,גרמים,425.00,100 גרם,false,1,13.90,3.2706,true,1,78260
7290010195275,false,פופקורן פופסטאר מופח,TLV צ'יף,US,פופקורן פופסטאר מופחת שומן חמא,גרמים,425.00,100 גרם,false,1,13.90,3.2706,true,1,78261
7290010228201,false,נשיקות מרנג 150 גר,יוסיפוב יעקב,,נשיקות מרנג 150 גר,גרמים,150.00,100 גרם,false,1,23.90,15.9333,true,1,53747
7290010228331,false,לחמניה מרוקאית לכריך,,IL,לחמניה מרוקאית,לא מנהל יחידת מידה,1.00,לא מנהל יחידת מידה,false,1,7.90,7.9000,true,1,159048
7290010234769,true,פנינה דאודורנט לאישה,,,פנינה דאודורנט לאישה,,0.00,,false,,24.90,0.0000,true,1,160992
7290010237531,false,פפסי קולה בקבוק 500,סנו מפעלי ברונוס.,IL,פפסי 500 מל בקבוק,מיליליטרים,500.00,"100 מ""ל",false,1,5.50,1.1000,true,1,24616
7290010237548,false,פפסי מקס בקבוק 500 מ,"איי, בי, אינבוו",IL,פפסי מקס בקבוק 500 מל,מיליליטרים,500.00,"100 מ""ל",false,1,5.50,1.1000,true,1,24617
7290010237562,false,"מירינדה בקבוק 500 מ""","טמפו משקאות בע""מ",IL,מירינדה 500 בקבוק 24 יח',מיליליטרים,500.00,"100 מ""ל",false,1,5.50,1.1000,true,1,58571
7290010237579,false,סבן אפ          500,"איי, בי, אינבוו",IL,סבן אפ 500 בקבוק,מיליליטרים,500.00,"100 מ""ל",false,1,5.50,1.1000,true,1,24618
7290010237685,false,בירה הייניקן בקבוק,טמפו משקאות בע''מ,IL,"בירה היינקן, בקבוק 330 מ''ל",מיליליטרים,330.00,"100 מ""ל",false,1,9.90,3.0000,true,1,24300
7290010237777,false,שנדי למון ליים בודד,פארייפאבה אגרואינדוס,IL,"בירה שנדי, בירה בטעם לימון ליים, בקבוק 330 מ""ל",מיליליטרים,330.00,"100 מ""ל",false,1,6.50,1.9697,true,1,23810
7290010237890,false,בירה הייניקן בקבוק ח,טמפו משקאות בע''מ,IL,"בירה היינקן, בקבוק חוזר 500 מ""ל",מיליליטרים,500.00,"100 מ""ל",false,1,8.90,1.7800,true,1,24339
7290010259830,false,נודלס בסגנון סיני פי,נמצ'או(תאילנד) בעמ,TH,ויליפוד מנת השף נודלס בטעם סיני-פיקנטי 70 גרם,גרמים,70.00,100 גרם,false,1,5.50,7.8571,true,1,30072
7290010259847,false,נודלס בטעם תירס מנת,יוליניבר,TH,ויליפוד מנת השף נודלס בטעם תירס 70 גרם,גרמים,70.00,100 גרם,false,1,5.50,7.8571,true,1,30073
7290010259854,false,נודלס מנת השף בטעם פ,נמצ'או(תאילנד) בעמ,TH,ויליפוד מנת השף נודלס בטעם פטריות 70 גרם,גרמים,70.00,100 גרם,false,1,5.50,7.8571,true,1,45736
7290010259861,false,נודלס בטעם ירקות מנת,יוליניבר,TH,מנת השף מרק עם נודלס בטעם ירקות 70 גרם,גרמים,70.00,100 גרם,false,1,5.50,7.8571,true,1,64161
7290010328093,false,ממרח חלבה  אחווה,אחדות בית חרושת לטחי,IL,אחוה ממרח חלוה  400 גרם,גרמים,400.00,100 גרם,false,1,13.90,3.4750,true,1,39004
7290010328246,false,טחינה שומשום מלא אחו,,IL,טחינה שומשום מלא אחווה 500 גרם,גרמים,500.00,100 גרם,false,1,14.90,2.9800,true,1,76446
7290010328253,false,טחינה גולמית אחווה,"אחדות ביח""ר בעמ",IL,אחוה טחינה גולמית 500 גרם בפלסטיק,גרמים,500.00,100 גרם,false,1,14.90,2.9800,true,1,73990
7290010328468,false,חלבה אחוה מיני בטעמי,שוורצקוף& הנקל דיסלד,IL,"אחוה חטיפי מיני חלוה פיסטוק, וניל וקקאו 18 יחידות",גרמים,216.00,100 גרם,false,1,10.90,5.0463,true,1,99393
7290010328505,false,חלבה אחוה מיני ללא ס,אחווה,,חלבה אחוה מיני ללא סוכר 150 גרם,גרמים,150.00,100 גרם,false,1,10.90,7.2667,true,1,99394
7290010328727,false,ממרח טחינה עם שוקולד,אחדות בעמ,IL,אחוה ממרח שומשום ושוקולד 400 גרם,גרמים,400.00,100 גרם,false,1,13.90,3.4750,true,1,113569
7290010328819,true,ממרח טחינה ושוקולד ל,אחדות בעמ,IL,אחוה ממרח שומשום בטעם שוקולד 400 גרם,Unknown,0.00,Unknown,false,1,13.90,0.0000,true,1,125446
7290010329977,false,מטבעות שוקולד מריר,HIQ FOOD PRODUCTS,IL,מטבעות שוקולד מריר 42 גרם ברשת,גרמים,48.00,100 גרם,false,1,4.50,9.3750,true,1,88061
7290010329984,false,שוקולד ציפס,כרמית תעשיות ממתקים,IL,אגו שוקולד צ'יפס מריר 60% מוצקי קקאו 250 גרם,גרמים,250.00,100 גרם,false,1,13.90,5.5600,true,1,55497
7290010347070,false,נגיעות פלפל חריף משק,קלאס פוד,IL,נגיעות פלפל חריף משקל,קילוגרמים,1.00,"ק""ג",true,,55.00,55.0000,true,1,151502
7290010386222,true,כפפת אצבע ליפה,,,כפפת אצבע ליפה,יחידה,1.00,יחידה,false,1,13.00,13.0000,true,1,110695
7290010429684,false,מארז זוג דבש 350 גרם,שטראוס גרופ,,מארז זוג דבש 350 גרם,גרמים,700.00,100 גרם,false,1,36.90,5.2714,true,1,35030
7290010471669,false,דנונה בר תות קורנפלק,"שטראוס בריאות בע""מ",IL,דנונה בר תות קורנפלקס,גרמים,175.00,100 גרם,false,1,4.80,2.7429,true,1,21942
7290010472307,false,גמד .שתיה תות בננה,"שטראוס בריאות בע""מ",IL,גמדים לשתיה שמינייה תות בננה,מיליליטרים,800.00,"100 מ""ל",false,1,20.70,2.5875,true,1,24652
7290010486302,false,עוגיות דולצה קאסה 30,ג.מ.טעם הארץ,IL,עוגיות דולצה קאסה 300 גר פרווה,גרמים,300.00,100 גרם,false,1,31.90,10.6333,true,1,155567
7290010502202,false,קפה שחור ואקום,ר.ס חברה ליבוא ויצור,,קפה שחור ואקום,קילוגרמים,1.00,"ק""ג",false,1,49.90,49.9000,true,1,113119
7290010546053,false,גרנולה מנדל קלויה לל,יוליניבר,IL,גרנולה מנדל קלויה ללא סוכר 400 גרם,גרמים,400.00,100 גרם,false,1,18.90,4.7250,true,1,54755
7290010561032,false,תערובת להכנת פנקייק,אשבל מזון פונקציונלי,IL,תערובת להכנת פנקייק ברילי 400גרם,גרמים,400.00,100 גרם,false,1,19.90,4.9750,true,1,96610
7290010561117,false,ממרח ברילי כמו גבינה,אשבל,IL,ממרח ברילי כמו גבינה לבנה 5% 220 גרם,גרמים,220.00,100 גרם,false,1,17.90,8.1364,true,1,156487
7290010561131,false,ממרח ברילי כמו גבינת,אשבל,IL,ממרח ברילי כמו גבינת שמנת 20% 220 גרם,גרמים,220.00,100 גרם,false,1,17.90,8.1364,true,1,156481
7290010561179,false,ממרח ברילי כמו גבינת,,IL,ממרח ברילי כמו גבינת לאבנה  5% 220 גרם,גרמים,220.00,100 גרם,false,1,17.90,8.1364,true,1,157058
7290010561407,false,לחם פרוס EXTRA ויטמי,קרלו,IL,לחם פרוס EXTRA ויטמינים,גרמים,500.00,100 גרם,false,1,21.90,4.3800,true,1,147844
7290010561414,false,לחם קל ברילי אקסטרה,אשבל מזון פונקציונלי,IL,לחם קל ברילי אקסטרה ציה וטף 500גרם,גרמים,500.00,100 גרם,false,1,22.90,4.5800,true,1,149071
7290010561421,false,לחם כפרי מקמח טף,אשבל מזון פונקציונלי,IL,לחם כפרי ברילי אקסטרה מקמח טף500גרם,גרמים,500.00,100 גרם,false,1,21.90,4.3800,true,1,147845
7290010561445,false,ברילי פיתות 420גרם,אשבל מזון פונקציונלי,IL,ברילי פיתות 420גרם,גרמים,420.00,100 גרם,false,1,21.90,5.2143,true,1,96604
7290010561452,false,מאפה ביס ויטמינים בר,קרלו,IL,מאפה ביס ויטמינים ברילי,גרמים,360.00,100 גרם,false,1,18.90,5.2500,true,1,149404
7290010561469,false,מאפה אצבע בריאלי,אשבל מזון פונקציונלי,IL,מאפה אצבע בריאלי,גרמים,330.00,100 גרם,false,1,17.90,5.4242,true,1,149403
7290010561643,false,פירורי לחם ברילי ללא,אשבל מזון פונקציונלי,IL,פירורי לחם ברילי ללא גלוטן 250 גרם,גרמים,250.00,100 גרם,false,1,18.90,7.5600,true,1,148335
7290010561650,false,פתיתים אפויים ברילי,אשבל מזון פונקציונלי,IL,פתיתים אפויים ברילי בצורת אורז 250גרם,גרמים,250.00,100 גרם,false,1,19.90,7.9600,true,1,153093
7290010561667,false,פתיתים אפויים ברילי,אשבל מזון פונקציונלי,IL,פתיתים אפויים ברילי בצורת קוסקוס 250גרם,גרמים,250.00,100 גרם,false,1,19.90,7.9600,true,1,153094
7290010569120,false,שלגון פסק זמן קראנץ,שטראוס גלידות,,שלגון פסק זמן קראנץ,גרמים,73.00,100 גרם,false,1,10.90,14.9315,true,1,22247
7290010577804,false,דקסמול 16 קפליות,דקסל,,דקסמול 16 קפליות,לא מנהל יחידת מידה,0.00,לא מנהל יחידת מידה,false,1,11.90,0.0000,true,1,113997
7290010609734,false,שלוקים אייס לי 800 מ,הדיל,IL,"שלוקים אייס לי 800 מ""ל",מיליליטרים,800.00,"100 מ""ל",false,1,5.90,0.7375,true,1,130258
7290010609864,true,טרופיות 40 יח טרופיק,,,טרופיות 40 יח טרופיק,,0.00,,false,,49.90,0.0000,true,1,160917
7290010632121,false,כוס אימון עם ידיות,F.E.CO.LTD,CN,כוס אימון עם ידיות רכות          TULIPS,לא מנהל יחידת מידה,0.00,לא מנהל יחידת מידה,false,1,16.90,0.0000,true,1,125670
7290010632138,false,נשכן קור עם גל טוליפ,F.H.P CO LT,CN,נשכן קור עם גל טוליפס פרימיום,לא מנהל יחידת מידה,0.00,לא מנהל יחידת מידה,false,1,9.90,0.0000,true,1,125657
7290010632398,false,נובי כוס פיה רכה +יד,מולינו ניקולי s.p.a,CN,נובי כוס פיה רכה +ידית ללא ביספינול A,לא מנהל יחידת מידה,0.00,לא מנהל יחידת מידה,false,1,36.90,0.0000,true,1,125662
7290010632404,false,נובי מיכל לאבקת חלב,מולינו ניקולי s.p.a,CN,מיכל לאבקת תחליף חלב נובי,לא מנהל יחידת מידה,0.00,לא מנהל יחידת מידה,false,1,17.90,0.0000,true,1,125663
7290010632466,true,סט טיפוח לציפורניים,F.H.P CO LT,CN,סט טיפוח לציפורניים,לא מנהל יחידת מידה,0.00,לא מנהל יחידת מידה,false,1,28.90,0.0000,true,1,125665
7290010632534,false,נובי כוס ומכסה 6 יח,מולינו ניקולי s.p.a,CN,נובי 6 כוסות עם מכסה,Unknown,0.00,Unknown,false,1,22.90,0.0000,true,1,125931
7290010632541,true,נובי סט קערות+מכסה,מולינו ניקולי s.p.a,CN,נובי קערות האכלת לתינוק 6 יח',לא מנהל יחידת מידה,0.00,לא מנהל יחידת מידה,false,1,34.90,0.0000,true,1,125673
7290010632558,true,נובי כפית ארוכה,מולינו ניקולי s.p.a,CN,נובי כפיות האכלה 18 יחידות,לא מנהל יחידת מידה,0.00,לא מנהל יחידת מידה,false,1,19.90,0.0000,true,1,125666
7290010632572,false,נובי נשכן חרוזים,מולינו ניקולי s.p.a,CN,נשכן שרשרת חרוזים נובי +3 חודשים,Unknown,0.00,Unknown,false,1,33.90,0.0000,true,1,125832
7290010632787,false,צימרוני אוזניים מעץ,הדקלאים אגודת שיתופי,CN,צימרוני אוזניים עץ 300 יח' בשקית,Unknown,0.00,Unknown,false,1,4.90,0.0000,true,1,84103
7290010632961,true,מברשת+מסרק,F.H.P CO LT,CN,מברשת+מסרק,לא מנהל יחידת מידה,0.00,לא מנהל יחידת מידה,false,1,18.90,0.0000,true,1,125671
7290010650019,false,לבבות חסה אנדיב,קרלו,IL,לבבות חסה אנדיב,גרמים,300.00,100 גרם,false,1,13.90,4.6333,true,1,55467
7290010650033,false,בצלצלי שאלוט ארוז לי,תות ממתקי איכות,IL,בצלצלי שאלוט ארוז ליח,יחידה,0.00,יחידה,false,1,12.90,0.0000,true,1,55433
7290010650040,false,פטריות שיטאקי טרי אר,יוליניבר,IL,פטריות שיטאקי טרי ארוז ליח,לא מנהל יחידת מידה,0.00,לא מנהל יחידת מידה,false,1,14.90,0.0000,true,1,72264
7290010650064,false,פטריות יער מיובשות,קרלו,IL,פטריות יער מיובשות,גרמים,25.00,100 גרם,false,1,9.90,39.6000,true,1,75907
7290010650088,false,פטריות שמפיניון מיוב,קרלו,IL,פטריות שמפיניון מיוב,גרמים,25.00,100 גרם,false,1,12.90,51.6000,true,1,72548
7290010650194,false,שורש גינגר טרי 250 ג,יוליניבר,IL,שורש גינגר טרי 250 גר,יחידה,1.00,יחידה,false,1,13.90,13.9000,true,1,78331
7290010650231,false,פטריות מאיטאקי מיובש,קרלו,IL,פטריות מאיטאקי מיובשות,יחידה,1.00,יחידה,false,1,10.90,10.9000,true,1,81904
7290010650255,false,לקט פטריות למרק 25 ג,קרלו,IL,לקט פטריות למרק 25 ג,Unknown,0.00,Unknown,false,1,18.90,0.0000,true,1,80908
7290010650279,false,לקט פטריות לפסטה 25,חקלאי,IL,לקט פטריות לפסטה                     25,גרמים,400.00,100 גרם,false,1,18.90,4.7250,true,1,80909
7290010650293,true,בצלצלי שאלוט מקולפים,יוליניבר,IL,בצלצלי שאלוט מקולפים,יחידה,1.00,יחידה,false,1,14.90,14.9000,true,1,115894
7290010650354,false,שורש כורכום טרי,יוליניבר,IL,שורש כורכום טרי,Unknown,0.00,Unknown,false,1,16.90,0.0000,true,1,74299
7290010650415,false,עגבניות לחות ארוז,יוליניבר,IL,עגבניות לחות ארוז,גרמים,200.00,100 גרם,false,1,14.90,7.4500,true,1,75574
7290010650576,false,פטריות שנוקי טרי ארו,יוליניבר,CN,חוות תקוע פטריות שינוקי 150 גרם,גרמים,130.00,100 גרם,false,1,10.90,8.3846,true,1,84519
7290010650590,false,ריזוטו 275 גרם,קרלו,IL,ריזוטו 275 גרם,גרמים,275.00,100 גרם,false,1,16.90,6.1455,true,1,115888
7290010650668,false,גבעול לימון גראס,חקלאי,IL,גבעול לימון גראס,גרמים,140.00,100 גרם,false,1,9.90,7.0714,true,1,115892
7290010650767,false,אנדיב אדום ארוז,קרלו,BE,חוות תקוע אנדיב עולש אדום 220 גרם,גרמים,220.00,100 גרם,false,1,16.90,7.6818,true,1,111898
7290010650828,false,פטריות שימאגי,קרלו,CN,פטריות שימאגי,גרמים,150.00,100 גרם,false,1,14.90,9.9333,true,1,126614
7290010650910,false,עגבניות לחות,חקלאי,TR,עגבניות לחות,יחידה,1.00,יחידה,false,1,15.90,15.9000,true,1,149860
7290010650996,false,פטריות שימגי,שנגחאי פינק פוד קומפ,CN,חוות תקוע פטריות שי - מג'י חומות 150 גרם,יחידה,1.00,יחידה,false,1,14.90,14.9000,true,1,153860
7290010652259,true,שקיות אשפה,,,שקיות אשפה,,0.00,,false,,10.90,0.0000,true,1,160635
7290010656592,false,תירוש 100% טהור אדום,יקב טפרברג 1870,,מיץ תירוש טהור אדום 100% טבעי 1 ליטר טפר,ליטרים,1.00,ליטר,false,1,18.90,18.9000,true,1,41992
7290010657025,false,לפתן אננס 850 גר,,,לפתן אננס 850 גר,יחידה,1.00,יחידה,false,1,13.90,13.9000,true,1,113059
7290010657100,false,ליצי שלם,FOOD,,ליצי שלמים בסירופ קל 567גרם FOOD,גרמים,567.00,100 גרם,false,1,9.90,1.7460,true,1,62584
7290010657254,false,סרדינים בשמן צמחי 12,יוניון דה פחריס,,סרדינים בשמן צמחי 125 גרם,גרמים,125.00,100 גרם,false,1,5.50,4.4000,true,1,63171
7290010657292,false,צלפים בחומץ צנצנת 35,לוקסאפרס,,צלפים בחומץ צנצנת 350 גרם,גרמים,350.00,100 גרם,false,1,15.90,4.5429,true,1,80610
7290010657490,false,סרדינים בשמן חריף 12,יוניון דה פחריס,,סרדינים בשמן חריף 125 גרם,גרמים,125.00,100 גרם,false,1,6.50,5.2000,true,1,87745
7290010657506,false,סרדין בשמן זית,,,סרדין בשמן זית,יחידה,1.00,יחידה,false,1,6.90,6.9000,true,1,65894
7290010657551,false,סרדינים ברוטב עגבניו,יוניון דה פחריס,,סרדינים ברוטב עגבניות 125 גרם,גרמים,125.00,100 גרם,false,1,5.50,4.4000,true,1,70286
7290010657681,false,פילה מקרל בשמן צמחי,קזבלנקה,,פילה מקרל בשמן צמחי,יחידה,1.00,יחידה,false,1,8.90,8.9000,true,1,80594
7290010657704,false,פילה מקרל בשמן,קזבלנקה,,פילה מקרל בשמן,גרמים,125.00,100 גרם,false,1,9.90,7.9200,true,1,58707
7290010657834,false,מי ורדים,יושלם,,מי ורדים 500מל FOOD1,מיליליטרים,500.00,"100 מ""ל",false,1,18.90,3.7800,true,1,70757
7290010711888,true,סט 6 קולבים פלסטיק א,,,סט 6 קולבים פלסטיק א,,0.00,,false,,12.90,0.0000,true,1,160639
7290010748891,false,אפקטיב קר קרם גוף לע,"ד""ר פישר",IL,"אפקטיב קר קרם גוף לעור רגיל 700 מ""ל",מיליליטרים,700.00,"100 מ""ל",false,1,29.90,4.2714,true,1,46569
7290010757893,true,בורקס תפוח אדמה ללא,,,בורקס תפוח אדמה ללא,,0.00,,false,,26.90,0.0000,true,1,159123
7290010757923,true,בצק עלים ללא גלוטן,,,בצק עלים ללא גלוטן,,0.00,,false,,25.90,0.0000,true,1,159933
7290010757954,true,מאפה זיוה ללא גלוטן,,,מאפה זיוה ללא גלוטן,,0.00,,false,,26.90,0.0000,true,1,160632
7290010760688,false,בצק פילאס 600 גרם,מאפית אריאל,,בצק פילאס 600 גרם,גרמים,600.00,100 גרם,false,1,16.90,2.8167,true,1,117764
7290010762033,true,עוגיות קשקבל מלוחות,,,עוגיות דולצה קאסה 300 גר חלבי,גרמים,300.00,100 גרם,false,1,31.90,10.6333,true,1,130244
7290010777013,false,צלחות פבלובה מרנג220,אקלר,IL,צלחות פבלובה מרנג220,גרמים,220.00,100 גרם,false,1,27.90,12.6818,true,1,64779
7290010778058,false,פטוציני לבן/ טריקולו,פסטה דיאורו,IL,פטוציני לבן/ טריקולור,גרמים,500.00,100 גרם,false,1,19.90,3.9800,true,1,55554
7290010778065,false,ניוקי תפוח אדמה,פסטה דיאורו,IL,ניוקי תפוח אדמה,גרמים,500.00,100 גרם,false,1,19.90,3.9800,true,1,55556
7290010778089,false,טורטלוני גבינה,פסטה דיאורו,IL,טורטלוני גבינה,גרמים,500.00,100 גרם,false,1,32.90,6.5800,true,1,55558
7290010778096,true,קנלוני ריקוטה ותרד,פסטה דיאורו,IL,קנלוני ריקוטה ותרד,גרמים,500.00,100 גרם,false,1,36.90,7.3800,true,1,74470
7290010778119,false,רוטב עגבניות,פסטה דיאורו,IL,רוטב עגבניות,גרמים,240.00,100 גרם,false,1,13.90,5.7917,true,1,53939
7290010778126,false,רוטב פסטו,פסטה דיאורו,IL,רוטב פסטו,גרמים,240.00,100 גרם,false,1,21.90,9.1250,true,1,53215
7290010778157,false,רביולי ריקוטה ותרד,פסטה דיאורו,IL,רביולי ריקוטה ותרד,גרמים,500.00,100 גרם,false,1,29.90,5.9800,true,1,74461
7290010778164,false,רביולי ריקוטה ופטריו,פסטה דיאורו,IL,רביולי ריקוטה ופטריות,גרמים,500.00,100 גרם,false,1,29.90,5.9800,true,1,74462
7290010778171,false,רביולי בטטה,פסטה דיאורו,IL,רביולי בטטה,גרמים,500.00,100 גרם,false,1,29.90,5.9800,true,1,74473
7290010778188,false,רביולי 4 גבינות,פסטה דיאורו,IL,רביולי 4 גבינות,גרמים,500.00,100 גרם,false,1,29.90,5.9800,true,1,74471
7290010778201,false,רוטב אלפרדו,פסטה דיאורו,IL,רוטב אלפרדו,גרמים,240.00,100 גרם,false,1,19.90,8.2917,true,1,74479
7290010778218,false,רוטב שמנת פטריות,פסטה דיאורו,IL,רוטב שמנת פטריות,גרמים,240.00,100 גרם,false,1,19.00,7.9167,true,1,74480
7290010778225,false,רוטב שמנת עגבניות,פסטה דיאורו,IL,רוטב שמנת עגבניות,גרמים,240.00,100 גרם,false,1,19.90,8.2917,true,1,74481
7290010778256,false,רביולי ריקוטה ופרמזן,פסטה דיאורו,IL,רביולי ריקוטה ופרמזן,גרמים,500.00,100 גרם,false,1,29.90,5.9800,true,1,74460
7290010778263,false,רביולי גבינות צאן,פסטה דיאורו,IL,רביולי גבינות צאן,גרמים,500.00,100 גרם,false,1,29.90,5.9800,true,1,74472
7290010778300,false,רביולי מוצרלה,פסטה דיאורו,IL,רביולי מוצרלה,גרמים,500.00,100 גרם,false,1,29.90,5.9800,true,1,74475
7290010778324,false,ניוקי בטטה,פסטה דיאורו,IL,ניוקי בטטה,גרמים,500.00,100 גרם,false,1,19.90,3.9800,true,1,74456
7290010778362,true,רביולי גבינות עיזים,פסטה דיאורו,IL,רביולי גבינות עיזים ובזיליקום,גרמים,500.00,100 גרם,false,1,29.90,5.9800,true,1,74467
7290010778485,false,רוטב שמנת בטטה,פסטה דיאורו,IL,רוטב שמנת בטטה,גרמים,240.00,100 גרם,false,1,19.90,8.2917,true,1,74482
7290010778508,false,רוטב רוקפור ואגוזים,פסטה דיאורו,IL,רוטב רוקפור ואגוזים,גרמים,240.00,100 גרם,false,1,19.90,8.2917,true,1,74484
7290010778515,false,רוטב פלפלים,פסטה דיאורו,IL,רוטב פלפלים,גרמים,250.00,100 גרם,false,1,19.50,7.8000,true,1,74485
7290010778553,false,ניוקי סלק ממולא גבינ,פסטה דיאורו,IL,ניוקי סלק ממולא גבינה,גרמים,500.00,100 גרם,false,1,29.90,5.9800,true,1,116524
7290010778683,false,ניוקי מעורב,פסטה דיאורו,IL,ניוקי מעורב,גרמים,500.00,100 גרם,false,1,19.90,3.9800,true,1,118227
7290010791576,false,מזון חתולים דליקטס מ,"הייקיו, תאילנד",TH,לה קט דליקטס אוצרות הים 85 גרם,גרמים,85.00,100 גרם,false,1,5.50,6.4706,true,1,38964
7290010814244,false,שוקולד מריר,"כד בני דרום בע""מ",IL,שלשות שוקולד מריר 44% 85 גר*3*18 בקרטון,גרמים,300.00,100 גרם,false,1,13.90,4.6333,true,1,92082
7290010814251,false,שוקולד חלב,כרמית תעשיות ממתקים,IL,שלשות שוקולד חלב 85 גר*3 בלמינט * 18 בקרט בדצ,גרמים,225.00,100 גרם,false,1,13.90,6.1778,true,1,92083
7290010814268,false,שוקולד לבן,כרמית תעשיות ממתקים,IL,שלשות שוקולד לבן 85 גר*3 בלמינט * 18 בקרטון,גרמים,255.00,100 גרם,false,1,13.90,5.4510,true,1,92084
7290010814695,false,"שוקולד מריר לל""ס 85",כרמית תעשיות ממתקים,IL,שוקולד מריר ללא תוספת סוכר אגו 85 גרם,גרמים,85.00,100 גרם,false,1,6.90,8.1176,true,1,71473
7290010814701,false,שוקולד חלב,כרמית תעשיות ממתקים,IL,"שוקולד חלב לל""ס 85ג*12בדיס*2בקרט",גרמים,85.00,100 גרם,false,1,6.90,8.1176,true,1,71474
7290010838219,false,ממתיק על בסיס סטיביה,תות ממתקי איכות,IL,ממתיק על בסיס סטיביה 100 שקיות,גרמים,100.00,100 גרם,false,1,32.90,32.9000,true,1,84327
7290010838431,false,טואלט דאק זוגות כחול,מיוצר עי קונדיטוריית,NL,דאק נוזל לניקוי אסלה כחול בניחוח ים -2*750מ,ליטרים,1.50,ליטר,false,1,21.70,14.4667,true,1,31199
7290010849505,false,למברוסקו די לואיגי א,פארייפאבה אגרואינדוס,IT,"למברוסקו די לואיגי אדום 750 מ""ל",מיליליטרים,750.00,"100 מ""ל",false,1,34.90,4.6533,true,1,65128
7290010849512,false,למברוסקו די לואיגי ר,פארייפאבה אגרואינדוס,IT,"למברוסקו די לואיגי רוזה 750 מ""ל",מיליליטרים,750.00,"100 מ""ל",false,1,34.90,4.6533,true,1,69386
7290010849529,false,למברוסקו די לואיגי ב,פארייפאבה אגרואינדוס,IT,"למברוסקו די לואיגי ביאנקו 750 מ""ל",מיליליטרים,750.00,"100 מ""ל",false,1,34.90,4.6533,true,1,77770
7290010859283,false,"פניסטיל ג""ל",נוברטיס,,"פניסטיל ג""ל",Unknown,0.00,Unknown,false,1,39.90,0.0000,true,1,23846
7290010859306,false,אוטריוין  מבוגרים,נוברטיס,,אוטריוין  מבוגרים,Unknown,0.00,Unknown,false,1,29.90,0.0000,true,1,23843
7290010859320,false,אוטריוין מנטול,נוברטיס,,אוטריוין מנטול,Unknown,0.00,Unknown,false,1,34.00,0.0000,true,1,23844
7290010883356,false,כפפות אלוורה,Z.H.RUBBER,CN,L-סושי כפפות אלוורה,לא מנהל יחידת מידה,0.00,לא מנהל יחידת מידה,false,1,10.80,0.0000,true,1,39869
7290010883363,false,כפפות אלוורה סנו סוש,האי נאם סי או אל.טי.,CN,סושי כפפות אלוורה רב שימושיות - S,Unknown,0.00,Unknown,false,1,10.80,0.0000,true,1,39904
7290010883370,false,כפפות אלוורה בינוני,האי נאם סי או אל.טי.,CN,סושי כפפות אלוורה  רב שימושיות - M,Unknown,0.00,Unknown,false,1,10.80,0.0000,true,1,39905
7290010903917,false,שניצל תירס  שף הטבע,משק ויילר,IL,שניצל תירס  שף הטבע  1 קג,קילוגרמים,1.00,"ק""ג",false,1,21.90,21.9000,true,1,159888
7290010903924,false,שניצל צמחי שף הטבע 1,משק ויילר,IL,שניצל צמחי שף הטבע 1 קג,קילוגרמים,1.00,"ק""ג",false,1,21.90,21.9000,true,1,159889
7290010903931,false,כוכבי תירס שף הטבע 1,משק ויילר,IL,כוכבי תירס שף הטבע 1 קג,קילוגרמים,1.00,"ק""ג",false,1,21.90,21.9000,true,1,159890
7290010945146,false,קוטג מועשר 3% טרה 25,טרה,,קוטג מועשר 3% טרה 250 גרם,גרמים,250.00,100 גרם,false,1,6.20,2.4800,true,1,31436
7290010945306,false,חלב 2 3% ליטר קרטון,טרה,IL,"חלב בקרטון 3% 2 ליטר בד""צ",ליטרים,2.00,ליטר,false,1,12.46,6.2300,true,1,33302
7290010945450,false,גבינה לבנה 3% 250 גר,טרה,,גבינה לבנה 3% 250 גרם,גרמים,250.00,100 גרם,false,1,5.10,2.0400,true,1,33308
7290010962051,true,חומוס שלם,,,חומוס שלם,,0.00,,false,,7.90,0.0000,true,1,160671
7290010962310,true,כרוב כבוש עדן,,,כרוב כבוש עדן,,0.00,,false,,9.90,0.0000,true,1,160624
7290010970407,true,חומץ תפוחים בלסמי,,,חומץ תפוחים בלסמי,,0.00,,false,,26.90,0.0000,true,1,160470
7290010970711,true,ממרח פסטו בזיליקום א,,,ממרח פסטו בזיליקום איטלקי 180 גרם,גרמים,180.00,100 גרם,false,1,19.90,11.0556,true,1,120061
7290010970728,true,ממרח עגבניות איטלקי,,,ממרח עגבניות איטלקי 180 גרם,גרמים,180.00,100 גרם,false,1,19.90,11.0556,true,1,120060
7290010970742,true,ממרח פלפלים 180 גרם,,,ממרח פלפלים 180 גרם,גרמים,180.00,100 גרם,false,1,19.90,11.0556,true,1,122640
7290011015374,false,מיץ סחוט פריגת תפוז,היינץ צפון אמריקה מק,IL,"סחוט תפוח צלול 400 מ""ל",מיליליטרים,400.00,"100 מ""ל",false,1,9.50,2.3750,true,1,71635
7290011015862,false,סירופ דיאט לימונענע,גת,IL,"סירופ דיאט לימונענע 750 מ""ל",מיליליטרים,750.00,"100 מ""ל",false,1,24.60,3.2800,true,1,69009
7290011017866,false,קוקה קולה פחית סליק,תות תעשיות מזון (201,IL,"סליק קוקה קולה 330 מ""ל מבצע",מיליליטרים,330.00,"100 מ""ל",false,1,5.90,1.7879,true,1,86141
7290011017873,false,קוקה קולה זירו פחית,תות תעשיות מזון (201,IL,"סליק קולה ZERO 330 מ""ל מבצע",מיליליטרים,330.00,"100 מ""ל",false,1,5.90,1.7879,true,1,86142
7290011017880,false,קוקה קולה דיאט פחית,תות תעשיות מזון (201,IL,"סליק דק""ק 330 מ""ל מבצע",מיליליטרים,330.00,"100 מ""ל",false,1,5.90,1.7879,true,1,86143
7290011018184,false,תה קר FUZE TEA אפרסק,מולינו ניקולי s.p.a,IL,FUZE tea אפרסק 0.5 ליטר,מיליליטרים,500.00,"100 מ""ל",false,1,8.50,1.7000,true,1,85791
7290011018214,false,תה קר FUZE TEA מנגו,פארייפאבה אגרואינדוס,IL,פיוזטי מנגו אננס 0.5 ליטר,מיליליטרים,500.00,"100 מ""ל",false,1,8.50,1.7000,true,1,85794
7290011018368,false,בירה ויינשטפן מארז ש,"ויינשטפן, ת.ד 1155 פ",DE,Weihenstephan - בירת חיטה מעוננת,ליטרים,1.98,ליטר,false,1,74.90,37.8283,true,1,90954
7290011018474,false,סיידר סומרסבי,"קרלסברג קרואטיה , יב",HR,"סומרסבי סיידר בקבוק 330 מ""ל",מיליליטרים,330.00,"100 מ""ל",false,1,9.90,3.0000,true,1,101934
7290011018832,false,קוקה קולה מארז שישיי,תות תעשיות מזון (201,IL,"ק""ק 6 FRIDGE-PACK מבצע",ליטרים,1.98,ליטר,false,1,24.90,12.5758,true,1,91767
7290011018917,false,קוקה קולה זירו מארז,תות תעשיות מזון (201,IL,"מארז ק""ק ZERO 6 פח FRIDGE-PACK מבצע",ליטרים,1.98,ליטר,false,1,24.90,12.5758,true,1,91798
7290011018924,false,קוקה קולה דיאט מארז,תות תעשיות מזון (201,IL,דקק 6 פח FRIDGE Pack מבצע,ליטרים,1.98,ליטר,false,1,24.90,12.5758,true,1,91768
7290011064020,false,גבינה בולגרית בעיר 2,גבינות ניצן,,גבינה בולגרית בעיר 200  גרם,גרמים,200.00,100 גרם,false,1,14.90,7.4500,true,1,39206
7290011064075,false,גבינת לאבנה אבו גוש,גבינות ניצן,,גבינת לאבנה אבו גוש פלוס 200 גרם,גרמים,200.00,100 גרם,false,1,14.90,7.4500,true,1,124642
7290011064099,false,טאפס שכונתי 125 גרם,"ניצן מותגי מזון בע""מ",,טאפס שכונתי 125 גרם,גרמים,125.00,100 גרם,false,1,20.30,16.2400,true,1,79984
7290011064273,false,חמאת פורציני 100 גרם,גבינות ניצן,,חמאת פורציני 100 גרם,גרמים,100.00,100 גרם,false,1,16.90,16.9000,true,1,114346
7290011064327,false,מעדן פתיתי בולגרית פ,מחלבות ניצן,IL,מעדן פתיתי בולגרית פסטו 200 גרם,גרמים,200.00,100 גרם,false,1,18.90,9.4500,true,1,124289
7290011081492,false,גלידה קרמיסימו שלושה,"גלידת שטראוס בע""מ",IL,מעדן קפוא קרמיסימו 3 שוקולדים 1.33 ל',ליטרים,1.33,ליטר,false,1,26.90,20.2256,true,1,41661
7290011113926,false,"דאו ""ספריי בלאק לגבר",משווק: וסמופארם בעממ,IL,"טיטניום דאודורנט ספריי בלק 180 מ""ל",מיליליטרים,180.00,"100 מ""ל",false,1,18.90,10.5000,true,1,40974
7290011115173,false,סבון נוזלי נקה וניל,טרופיקל דגיל תעשיות,IL,נקה 7 תחליב רחצה וניל ושקד 1 ליטר,ליטרים,1.00,ליטר,false,1,14.90,14.9000,true,1,36827
7290011115203,false,נקה 7 ורוד/4,קוסמופארם בע''מ,IL,נקה 7 סבון מוצק  ורוד              1/4,גרמים,400.00,100 גרם,false,1,10.90,2.7250,true,1,35442
7290011115258,false,נקה 7 סבון מוצק ירוק,גליל כימיקלים בעמ,IL,נקה 7 אל סבון מוצק ניחוח עדין קלאסיק,גרמים,400.00,100 גרם,false,1,14.90,3.7250,true,1,41995
7290011115272,false,נקה 7 סבון ירוק,קוסמופארם בע''מ,IL,נקה 7 סבון ירוק מועשר -רביעיה,גרמים,400.00,100 גרם,false,1,14.90,3.7250,true,1,41997
7290011115289,false,נקה 7 סבון מוצק לילך,"גליל כימיכלים בע""מ",IL,נקה 7 סבון מוצק לילך - רביעיה,גרמים,400.00,100 גרם,false,1,12.90,3.2250,true,1,41998
7290011126209,false,תפוח וקינמון-סיידר,HIQ FOOD PRODUCTS,IL,תפוח וקינמון- סיידר - הגן הקסום,גרמים,67.00,100 גרם,false,1,19.90,29.7015,true,1,37868
7290011126452,false,חליטת תה צמחים קמומי,HIQ FOOD PRODUCTS,IL,"קמומיל ונענע ""הגן הקסוםC24 ?",גרמים,37.00,100 גרם,false,1,19.90,53.7838,true,1,46098
7290011126469,false,חליטת תה צמחים קמומי,HIQ FOOD PRODUCTS,IL,"קמומיל ודבש ""הגן הקסוםC24 ?",גרמים,37.00,100 גרם,false,1,19.90,53.7838,true,1,46099
7290011126957,false,תה ירוק ארל גריי 25,HIQ FOOD PRODUCTS,IL,תה ירוק ארל גריי T.T,גרמים,37.00,100 גרם,false,1,25.90,70.0000,true,1,50257
7290011128043,false,שורש ארוז,חקלאי,IL,שורש ארוז,יחידה,1.00,יחידה,false,1,5.90,5.9000,true,1,152176
7290011128050,false,גזר צבעוני ארוז,מרינה,IL,גזר צבעוני ארוז,יחידה,1.00,יחידה,false,1,5.90,5.9000,true,1,150549
7290011131050,false,גרנולה פקאן,ויטליאה ניקולה דו,MK,גרנולה פלוס צימוקים ופקאן 1 קג,קילוגרמים,1.00,"ק""ג",false,1,25.90,25.9000,true,1,99962
7290011131371,false,מוזלי קרנצי שקדים וא,ויטליאה ניקולה דו,MK,מוזלי פלוס אגוזים ושקדים 1 קג,קילוגרמים,1.00,"ק""ג",false,1,25.90,25.9000,true,1,59763
7290011131388,false,מוזלי קרנצי תפוחים ק,ויטליאה ניקולה דו,MK,"מוזלי קרנצי תפוחים קינמון גרין 1 ק""ג",קילוגרמים,1.00,"ק""ג",false,1,25.90,25.9000,true,1,59599
7290011131395,false,מוזלי קראנצי פירות 1,ויטליאה ניקולה דו,MK,גרין מוזלי קראנצ'י בתוספת 30% פירות 1 קג,קילוגרמים,1.00,"ק""ג",false,1,25.90,25.9000,true,1,59762
7290011131654,false,מיזלי ביג מיקס,ויטליה ניקולא דו,MK,"גרין מוזלי קראנצ'י עם פירות ואגוזים, 1.1 קג",קילוגרמים,1.00,"ק""ג",false,1,25.90,25.9000,true,1,103697
7290011131968,false,גרנולה עם אגוזים   .,ויטליה ניקולא דו,MK,גרנולה בתוספת שקדים ואגוזים 1 קג,קילוגרמים,1.00,"ק""ג",false,1,27.90,27.9000,true,1,72949
7290011131975,false,גרנולה עם פירות,ויטליאה ניקולה דו,MK,גרין גרנולה עם פירות מיובשים ומסוכרים 1.1 קג,קילוגרמים,1.00,"ק""ג",false,1,27.90,27.9000,true,1,72950
7290011132507,false,מים סן בנדטו מוגז עד,אקווה מינרלה סאן בנד,IT,סן בנדטו מוגז 500 מל,מיליליטרים,500.00,"100 מ""ל",false,1,6.00,1.2000,true,1,77678
7290011132583,false,פפסי מקס בקבוק  500,"טמפו משקאות בע""מ",IL,פפסי מקס 500 שישייה,ליטרים,3.00,ליטר,false,1,29.90,9.9667,true,1,75642
7290011133368,false,שישית מכבי שנדי תפוח,"איי, בי, אינבוו",IL,שישיית מכבי שנדי תפוח,ליטרים,1.98,ליטר,false,1,39.90,20.1515,true,1,55504
7290011133498,false,מכבי שנדי תפוח,"איי, בי, אינבוו",IL,"בירה שנדי, בירה בטעם תפוח, בקבוק 330 מ""ל",מיליליטרים,330.00,"100 מ""ל",false,1,6.50,1.9697,true,1,63710
7290011133504,false,מכבי שנדי אפרסק,פארייפאבה אגרואינדוס,IL,"בירה שנדי, בירה בטעם אפרסק, בקבוק 330 מ""ל",מיליליטרים,330.00,"100 מ""ל",false,1,6.50,1.9697,true,1,63711
7290011133634,false,פפסי מקס פחית צרה 33,"טמפו משקאות בע""מ",IL,פפסי מקס פחית צרה 330 שישייה,ליטרים,1.98,ליטר,false,1,22.90,11.5657,true,1,149138
7290011153885,false,נייר אכיל ממותג,גילרוי,,נייר אכיל ממותג                       .,Unknown,0.00,Unknown,false,1,22.60,0.0000,true,1,38044
7290011154035,false,תרכיז תפוחים סחוט 50,טעמי הגליל,IL,"תרכיז תפוחים סחוט 500 מ""ל טעמי הגליל",מיליליטרים,500.00,"100 מ""ל",false,1,22.90,4.5800,true,1,150094
7290011154080,false,תרכיז תפוחים צלול 50,טעמי הגליל,IL,"תרכיז תפוחים צלול 500 מ""ל טעמי הגליל",מיליליטרים,500.00,"100 מ""ל",false,1,22.90,4.5800,true,1,150093
7290011174231,false,עוגת מוס גבינה,קפולסקי,,עוגת מוס גבינה ואוכמניות850 גר,גרמים,850.00,100 גרם,false,1,64.90,7.6353,true,1,33376
7290011174323,false,"צ""יפס אמריקאי 1.5 ק""",פרח,IL,פרי הגליל צ'יפס אמריקאי 1.5 קג,קילוגרמים,1.50,"ק""ג",false,1,22.90,15.2667,true,1,45776
7290011174866,false,ציפס בטטה,פרח,IL,פרי הגליל צ'יפס בטטה 700 גרם,גרמים,700.00,100 גרם,false,1,16.90,2.4143,true,1,45076
7290011194215,false,דניאלה מעדן בננה,"שטראוס בריאות בע""מ",IL,דניאלה מעדן בננה 88 גרם,גרמים,88.00,100 גרם,false,1,4.40,5.0000,true,1,31785
7290011194246,false,קוטג 5% סקי 250 גרם,מיוצר עי קונדיטוריית,IL,קוטג' 5% 250 גרם,גרמים,250.00,100 גרם,false,1,5.90,2.3600,true,1,32203
7290011198060,true,קמפוס עפרון צבעוני 1,,,קמפוס עפרון צבעוני 12X,יחידה,1.00,יחידה,false,1,11.90,11.9000,true,1,120964
7290011223021,false,פרש וואנס רפידות הנק,קריפורט סחר בינלאומי,CO,פרש וואנס רפידות הנקה אישית על בסיס ג'ל 30 יחידות,Unknown,0.00,Unknown,false,1,20.20,0.0000,true,1,33786
7290011223038,false,עלים לקרמשניט בונומי,דולפין ספא,IT,עלים לקרמשניט בונומי 300 גרם,גרמים,300.00,100 גרם,false,1,16.90,5.6333,true,1,73952
7290011223045,false,בישקוטים בונומי 200,דולפין ספא,IT,בונמי בישקוטים 200 גרם,גרמים,200.00,100 גרם,false,1,7.90,3.9500,true,1,71849
7290011223229,false,טואלט דאק גל טיפותטל,"איטיליאן פוד, אס.פי.",IT,דאק ג'ל לאסלה בניחוח טיפות טל 55 מל,מיליליטרים,55.00,"100 מ""ל",false,1,11.90,21.6364,true,1,33472
7290011223243,false,"ג""ל לאסלה בניחוח לבנ","איטיליאן פוד, אס.פי.",IT,ג'ל נוזלי לאסלה בניחוח לבנדר 55 מל,מיליליטרים,55.00,"100 מ""ל",false,1,11.90,21.6364,true,1,33473
7290011239213,false,חטיף מתוק מחרום,ממתקי מחרום,,חטיף מתוק מחרום 100 גר,גרמים,100.00,100 גרם,false,1,5.90,5.9000,true,1,49860
7290011239336,false,חלוואה  400 גר ללא ס,עלעלים,,חלוואה  400 גר ללא סוכר,יחידה,1.00,יחידה,false,1,19.90,19.9000,true,1,111141
7290011239404,false,חטיפים 330 גרם,ממתקי מחרום,,חטיפים 330 גרם,גרמים,330.00,100 גרם,false,1,15.90,4.8182,true,1,107555
7290011249250,false,גביע גלידה 24 יח אמר,"גילרו בע""מ",,גביע גלידה 24 יח אמריקאי,יחידה,0.24,יחידה,false,1,12.90,53.7500,true,1,66411
7290011249748,false,ופל גלילית שוקולד גי,גילרו,,ופל גלילית שוקולד גילרו 100 גרם,גרמים,100.00,100 גרם,false,1,3.90,3.9000,true,1,100076
7290011249755,false,ופלים גלילית אגוזים,"גילרו בע""מ",,ופלים גלילית אגוזים 100 גרם,גרמים,100.00,100 גרם,false,1,3.90,3.9000,true,1,100075
7290011254001,true,פשתן מיה  450 גרם,מיה,IL,פשתן מיה  450 גרם,גרמים,450.00,100 גרם,false,1,8.90,1.9778,true,1,160072
7290011254018,false,שעועית מש מיה  500 ג,מיה,IL,שעועית מש מיה  500 גרם,גרמים,500.00,100 גרם,false,1,9.90,1.9800,true,1,160027
7290011254025,false,דוחן  מיה 500 גרם,מיה,IL,דוחן  מיה 500 גרם,גרמים,500.00,100 גרם,false,1,8.90,1.7800,true,1,160054
7290011254032,false,קינואה מיה  500 גרם,מיה,IL,קינואה מיה  500 גרם,גרמים,500.00,100 גרם,false,1,11.90,2.3800,true,1,160036
7290011254346,false,קינואה  מיה 1 קג,מיה,IL,קינואה  מיה 1 קג,קילוגרמים,1.00,"ק""ג",false,1,22.90,22.9000,true,1,160084
7290011254605,true,תערובת קדירה לקט לחמ,מיה,IL,תערובת קדירה לקט לחמין מיה 600 גרם,גרמים,600.00,100 גרם,false,1,12.90,2.1500,true,1,160068
7290011254612,true,תערובת קדירה לקט ברי,מיה,IL,תערובת קדירה לקט בריאות  מיה 600 גרם,גרמים,600.00,100 גרם,false,1,12.90,2.1500,true,1,160026
7290011254728,false,גלטין טהור  מיה 25 ג,מיה,IL,גלטין טהור  מיה 25 גרם בקרטונית,גרמים,25.00,100 גרם,false,1,11.90,47.6000,true,1,160085
7290011254759,false,שעועית שחורה   מיה 5,מיה,IL,שעועית שחורה   מיה 500 גרם,גרמים,500.00,100 גרם,false,1,11.90,2.3800,true,1,160044
7290011254766,false,שעועית לוביה  מיה 40,מיה,IL,שעועית לוביה  מיה 400 גרם,גרמים,400.00,100 גרם,false,1,9.90,2.4750,true,1,160045
7290011254773,false,שעועית ארגנטינאית מי,מיה,IL,שעועית ארגנטינאית מיה  500 גרם,גרמים,500.00,100 גרם,false,1,11.90,2.3800,true,1,160055
7290011312381,false,סטייק פורטבלה יח,חקלאי,IL,סטייק פורטבלה יח,לא מנהל יחידת מידה,0.00,לא מנהל יחידת מידה,false,1,14.90,0.0000,true,1,77110
7290011363178,false,לימוסין בטעם לימון,גלקסמן סמית קליים,,לימוסין בטעם לימון,לא מנהל יחידת מידה,7.50,לא מנהל יחידת מידה,false,1,30.20,4.0267,true,1,38433
7290011378028,false,חלבה ללא סוכר משומשו,HIQ FOOD PRODUCTS,IL,בארכה חלבה וניל ללא סוכר כלפ.8*350גרם,גרמים,350.00,100 גרם,false,1,17.90,5.1143,true,1,46185
7290011378776,false,מאגדת חלבה בארכה פיס,HIQ FOOD PRODUCTS,IL,בארכה בקטנה מאגדת פיסטוק כלפ.12 7*18גרם,גרמים,120.00,100 גרם,false,1,13.90,11.5833,true,1,87383
7290011379018,false,פטריות שמפניון צמד ח,מרינה,IL,פטריות שמפניון צמד חמד מארז זוג,גרמים,500.00,100 גרם,false,1,17.90,3.5800,true,1,58213
7290011379025,false,פלפל צילי יח,ירקט,IL,פלפל צילי יח,גרמים,150.00,100 גרם,false,1,6.90,4.6000,true,1,106376
7290011379926,false,סלרי עלים ארוז יח,אורן אליהו,IL,סלרי עלים ארוז יח,גרמים,400.00,100 גרם,false,1,5.90,1.4750,true,1,71651
7290011435226,false,דבש מפרחי בר לחיץ 65,תות תעשיות מזון (201,IL,דבש לחיץ 650 גרם,גרמים,650.00,100 גרם,false,1,38.90,5.9846,true,1,59527
7290011438142,false,משקה אייס קפה יטבתה,,IL,"אייס קפה 350 מ""ל",מיליליטרים,350.00,"100 מ""ל",false,1,6.50,1.8571,true,1,41209
7290011447267,false,מטרנה פרימיום חלבי1,מטרנה תעשיות ש.מ,IL,מטרנה פרימיום חלבי שלב            1 700,גרמים,700.00,100 גרם,false,1,59.90,8.5571,true,1,47047
7290011447281,false,מטרנה פרימיום שלב 2,מטרנה תעשיות ש.מ,IL,מטרנה פרימיום שלב 2 חלבי 700 גרם,גרמים,700.00,100 גרם,false,1,59.90,8.5571,true,1,47049
7290011447748,false,מזון לחתולים יבש עם,ביופט,IL,סופר קט 3 קג - דגי אוקיאנוס וטונה,קילוגרמים,3.00,"ק""ג",false,1,51.90,17.3000,true,1,102346
7290011447908,false,מזון לחתולים מלא טעם,ביופט,IL,סופר קט עוף כבד 3 קג,קילוגרמים,3.00,"ק""ג",false,1,51.90,17.3000,true,1,88125
7290011473006,false,קינואה אורגנית תבואו,תבואות,BO,תבואות קינואה רויא אורגנית 500 גרם,גרמים,500.00,100 גרם,false,1,18.90,3.7800,true,1,71963
7290011473020,false,קמח תירס אורגני500 פ,תבואות,AR,תבואות קמח תירס אורגני 500 גרם,מיליליטרים,500.00,"100 מ""ל",false,1,9.90,1.9800,true,1,111161
7290011473082,false,אורז במטי מלא אורגני,תבואות,IN,תבואות אורז בשמתי מלא אורגני 500 גרם,גרמים,500.00,100 גרם,false,1,11.90,2.3800,true,1,95490
7290011473099,false,אורז אורגני 500 גר-ת,תבואות,IT,אורז עגול מלא אורגני,גרמים,500.00,100 גרם,false,1,11.90,2.3800,true,1,84121
7290011473112,true,אורז אדום אורגני 500,תבואות,IT,תבואות אורז אדום מלא אורגני 500 גרם,Unknown,0.00,Unknown,false,1,14.90,0.0000,true,1,73364
7290011473129,true,גרעיני חמניה אורגני,תבואות,CN,תבואות חמניות קלופות אורגניות 300 גרם,Unknown,0.00,Unknown,false,1,10.90,0.0000,true,1,126029
7290011473136,true,גרעיני דלעת קלוף אור,תבואות,CN,תבואות גרעיני דלעת קלופים אורגניים 300 גרם,Unknown,0.00,Unknown,false,1,17.90,0.0000,true,1,126030
7290011473143,true,קוסקוס אורגני,תבואות,FR,תבואות קוסקוס מלא אורגני 500 גרם,Unknown,0.00,Unknown,false,1,13.90,0.0000,true,1,126031
7290011473150,false,שומשום מלא אורגני תב,תבואות,BO,שומשום מלא אורגני,גרמים,400.00,100 גרם,false,1,12.90,3.2250,true,1,75445
7290011473181,false,עדש שחור 500 ג תבואו,תבואות,CA,תבואות עדשים שחורות אורגניות 500 גרם,גרמים,500.00,100 גרם,false,1,15.90,3.1800,true,1,89592
7290011473198,true,עדשים חומים אורגני,תבואות,TR,תבואות עדש חום אורגני 500 גרם,Unknown,0.00,Unknown,false,1,13.50,0.0000,true,1,126032
7290011473204,false,עדשים ירוקים,תבואות,TR,תבואות עדשים ירוקות אורגניות 500 גרם,גרמים,500.00,100 גרם,false,1,15.00,3.0000,true,1,104615
7290011473211,false,עדש אדום,תבואות,TR,תבואות - עדש אדום אורגני,לא מנהל יחידת מידה,0.01,לא מנהל יחידת מידה,false,1,13.50,1350.0000,true,1,100647
7290011473228,true,אפונה ירוקה אורגנית,תבואות,CA,תבואות אפונה ירוקה אורגנית 500 גרם,Unknown,0.00,Unknown,false,1,10.90,0.0000,true,1,126033
7290011473242,false,פשתן אורגני תבואות,תבואות,CN,תבואות פשתן זרעים אורגני 500 גרם,גרמים,500.00,100 גרם,false,1,10.90,2.1800,true,1,96873
7290011473259,false,פשתן טחון אורגני 350,תבואות,CN,תבואות פשתן טחון אורגני 350 גרם,גרמים,350.00,100 גרם,false,1,10.90,3.1143,true,1,93799
7290011473266,true,אמרנט אורגני,תבואות,BO,תבואות אמרנט אורגני 500 גרם,לא מנהל יחידת מידה,0.00,לא מנהל יחידת מידה,false,1,16.90,0.0000,true,1,114957
7290011473273,false,בורגול,תבואות,TR,תבואות בורגול מלא אורגני 500 גרם,לא מנהל יחידת מידה,0.01,לא מנהל יחידת מידה,false,1,8.90,890.0000,true,1,95566
7290011473280,false,חומוס 500 גר אורגני,תבואות,IL,"תבואות חומוס אורגני, 500 גרם",גרמים,500.00,100 גרם,false,1,11.90,2.3800,true,1,89463
7290011473297,true,גריסי פנינה אורגני,תבואות,IT,תבואות גריסי פנינה אורגניים 500 גרם,Unknown,0.00,Unknown,false,1,9.90,0.0000,true,1,126034
7290011473310,false,אזוקי אורגני,תבואות,CN,תבואות - אזוקי אורגני,Unknown,0.00,Unknown,false,1,12.90,0.0000,true,1,88199
7290011473334,true,שעועית לבנה אורגני,תבואות,CN,תבואות שעועית לבנה אורגנית 500 גרם,גרמים,500.00,100 גרם,false,1,11.90,2.3800,true,1,126035
7290011473341,true,שעועית אדומה אורגני,תבואות,CN,תבואות שעועית אדומה אורגנית 500 גרם,Unknown,0.00,Unknown,false,1,13.50,0.0000,true,1,126036
7290011473358,false,שעועית שחורה,תבואות,US,תבואות שעועית שחורה אורגנית 500 גרם,קילוגרמים,0.01,"ק""ג",false,1,11.50,1150.0000,true,1,92292
7290011473365,false,דוחן מקולף אורגני,תבואות,US,תבואות דוחן מקולף אורגני 500 גרם,לא מנהל יחידת מידה,0.00,לא מנהל יחידת מידה,false,1,10.90,0.0000,true,1,113333
7290011473389,false,קמח כוסמין לבן אורגנ,תבואות מוצרי מזון או,IT,תבואות - קמח כוסמין לבן אורגני,גרמים,500.00,100 גרם,false,1,13.90,2.7800,true,1,73895
7290011473402,false,קמח כוסמין מלא אורגנ,תבואות מוצרי מזון או,IT,תבואות - קמח כוסמין מלא אורגני,גרמים,0.00,100 גרם,false,1,11.90,0.0000,true,1,73894
7290011473433,false,כוסמת,תבואות,CN,תבואות כוסמת ירוקה אורגנית 500 גרם,גרמים,500.00,100 גרם,false,1,9.90,1.9800,true,1,104616
7290011473457,true,שומשום שחור אורגני,תבואות,BO,תבואות שומשום שחור אורגני 400 גרם,Unknown,0.00,Unknown,false,1,14.50,0.0000,true,1,126040
7290011473464,false,סובין שיבולת שועל,תבואות,,תבואות סובין שיבולת שועל אורגנית 400 גרם,גרמים,400.00,100 גרם,false,1,11.90,2.9750,true,1,54715
7290011473471,false,אורז בסמטי לבן אורגנ,תבואות,IN,תבואות - אורז בשמתי לבן אורגני,גרמים,500.00,100 גרם,false,1,11.90,2.3800,true,1,102354
7290011473495,true,שמרי בירה פתיתים 200,תבואות,FR,שמרי בירה-פתיתים טבעי,לא מנהל יחידת מידה,0.00,לא מנהל יחידת מידה,false,1,22.90,0.0000,true,1,115461
7290011473525,false,אורז בר 400 גר תבואו,תבואות,US,אורז בר טבעי,גרמים,400.00,100 גרם,false,1,29.90,7.4750,true,1,71208
7290011473532,true,סוכר ענבים טבעי 500,תבואות,BE,סוכר ענבים טבעי 500,Unknown,0.00,Unknown,false,1,10.90,0.0000,true,1,126041
7290011473556,false,סוכר פירות טבעי 200,תבואות,US,סוכר פירות (פרוקטוזה) טבעי,קילוגרמים,1.00,"ק""ג",false,1,14.90,14.9000,true,1,54744
7290011473563,true,פולי קקאו שלמים אורג,תבואות,PE,פולי קקאו שלמים אורגני,גרמים,200.00,100 גרם,false,1,28.90,14.4500,true,1,126042
7290011473570,false,קמח חומוס 500 גר תבו,תבואות מוצרי מזון או,IL,תבואות - קמח חומוס,גרמים,500.00,100 גרם,false,1,10.90,2.1800,true,1,87842
7290011473587,false,נבט חיטה,תבואות,IL,נבט חיטה טבעי,גרמים,250.00,100 גרם,false,1,7.90,3.1600,true,1,54699
7290011473594,true,תבואות טחינה אורגנית,,IL,תבואות - טחינה אורגנית,לא מנהל יחידת מידה,0.00,לא מנהל יחידת מידה,false,1,28.90,0.0000,true,1,115744
7290011473600,false,מלח הימליה דק,תבואות,,תבואות מלח הימליה דק 500 דק,Unknown,0.00,Unknown,false,1,19.90,0.0000,true,1,122163
7290011473617,false,זרעי ציה טיב הטבע תב,תבואות,MX,תבואות טיב הטבע זרעי צ'ייה 300 גרם,גרמים,300.00,100 גרם,false,1,16.90,5.6333,true,1,110577
7290011473624,true,טחינה מלאה אורגנית 1,,IL,טחינה משומשום מלא אורגני,לא מנהל יחידת מידה,0.00,לא מנהל יחידת מידה,false,1,28.90,0.0000,true,1,115787
7290011473648,false,סוכר דמררה 1 קג,תבואות,BR,תבואות סוכר דמררה אורגני 1 קג,קילוגרמים,1.00,"ק""ג",false,1,12.90,12.9000,true,1,54751
7290011473655,false,סוכר קנים 1 קג,תבואות,BR,סוכר קנים אורגני,קילוגרמים,1.00,"ק""ג",false,1,9.90,9.9000,true,1,54700
7290011473662,true,קשיו אורגני,תבואות,,תבואות אגוזי קשיו אורגניים 150 גרם,Unknown,0.00,Unknown,false,1,21.90,0.0000,true,1,126068
7290011473679,true,חיטה אורגנית,תבואות,IL,חיטה אורגנית מלאה,Unknown,0.00,Unknown,false,1,12.90,0.0000,true,1,126043
7290011473709,true,קינואה אורגני 1 קג,תבואות,BO,קינואה רויאל אורגנית 1 קג,Unknown,0.00,Unknown,false,1,30.90,0.0000,true,1,126045
7290011473723,true,מלח הימליה דק 1 שקית,תבואות,,מלח הימליה דק שקית,לא מנהל יחידת מידה,0.00,לא מנהל יחידת מידה,false,1,19.90,0.0000,true,1,120420
7290011473730,false,אורז  פרא,תבואות,IL,אורז פרא מעורב טבעי,לא מנהל יחידת מידה,0.01,לא מנהל יחידת מידה,false,1,16.90,1690.0000,true,1,94137
7290011473754,false,תאנים אורגניות,תבואות,TR,תבואות תאנים אורגניות 250 גרם,Unknown,0.00,Unknown,false,1,17.90,0.0000,true,1,83503
7290011473761,true,צימוקים אורגני,תבואות,US,תבואות צימוקים אורגנים 250 גרם,Unknown,0.00,Unknown,false,1,17.90,0.0000,true,1,83501
7290011473778,false,משמש אורגני,תבואות,TR,תבואות משמש אורגני 250 גרם,Unknown,0.00,Unknown,false,1,19.90,0.0000,true,1,83502
7290011473860,false,אבקת שמרי בירה טבעית,תבואות,FR,תבואות אבקת שמרי בירה 250 גרם,Unknown,0.00,Unknown,false,1,22.90,0.0000,true,1,73893
7290011473877,false,קינואה אדומה,תבואות,BO,תבואות קינואה אדומה אורגנית 500 גרם,קילוגרמים,0.50,"ק""ג",false,1,20.90,41.8000,true,1,69206
7290011473884,false,קינואה שחורה תבואות,תבואות,BO,תבואות קינואה שחורה אורגנית 500 גרם,גרמים,500.00,100 גרם,false,1,23.90,4.7800,true,1,93868
7290011473891,false,עדשים צהובים 500 גר,תבואות,TR,תבואות עדשים צהובות אורגני 500 גרם,גרמים,500.00,100 גרם,false,1,13.90,2.7800,true,1,92249
7290011473907,false,סובין חיטה תבואות,תבואות,IL,תבואות - סובין חיטה טבעי,גרמים,200.00,100 גרם,false,1,6.90,3.4500,true,1,55057
7290011473921,false,סובין שיבולת שועל תב,תבואות,,סובין שיבולת שועל טבעי,גרמים,500.00,100 גרם,false,1,13.90,2.7800,true,1,73365
7290011473952,false,שבולת שועל דקה מהיר,תבואות,,"שבולת שועל דקה-מהיר הכנה, 400 גרם",גרמים,400.00,100 גרם,false,1,6.90,1.7250,true,1,54710
7290011473969,false,קינואה טריו תבואות,תבואות,BO,קינואה טריו אורגנית,גרמים,500.00,100 גרם,false,1,20.90,4.1800,true,1,71964
7290011473983,true,תערובת קטניות לקדרה,תבואות,IL,תבואות - קדרה אורגנית,Unknown,0.00,Unknown,false,1,15.90,0.0000,true,1,126046
7290011474003,false,שמן קוקוס אורגני 300,אדמג'י לוקמנג'י,,שמן קוקוס כתית אורגני,מיליליטרים,300.00,"100 מ""ל",false,1,22.90,7.6333,true,1,115460
7290011474010,false,קמח כוסמין לבן-תבואו,תבואות,IT,תבואות קמח כוסמין לבן טבעי 1 קג,קילוגרמים,1.00,"ק""ג",false,1,15.90,15.9000,true,1,115380
7290011474058,true,ספגטי מקמח כוסמין או,סגמברו ס.פ.א,IT,תבואות ספגטי פסטה מקמח כוסמין מלא אורגני 500 גרם,לא מנהל יחידת מידה,0.00,לא מנהל יחידת מידה,false,1,19.90,0.0000,true,1,110866
7290011474072,true,אטריות מקמח כוסמין א,סגמברו ס.פ.א,IT,תבואות פוסילי פסטה מקמח כוסמין מלא אורגני 500 גרם,לא מנהל יחידת מידה,0.00,לא מנהל יחידת מידה,false,1,19.90,0.0000,true,1,113877
7290011474102,false,קטניות למרק 500 גר א,תבואות,IL,תבואות תערובת קטניות אורגניות למרק 500 גרם,גרמים,500.00,100 גרם,false,1,16.90,3.3800,true,1,88875
7290011474126,false,שמן קוקוס תבואות 950,אדמג'י לוקמנג'י,,"שמן קוקוס תבואות 950 מ""ל",מיליליטרים,950.00,"100 מ""ל",false,1,39.90,4.2000,true,1,117566
7290011474225,false,מלח הימליה קריסטל 1,תבואות,,מלח הימליה קריסטל 1 קילו,קילוגרמים,1.00,"ק""ג",false,1,28.90,28.9000,true,1,126021
7290011474232,false,מלח הימליה קריסטל 50,תבואות,,תבואות מלח הימליה קריסטל 500 גרם,Unknown,0.00,Unknown,false,1,19.90,0.0000,true,1,122410
7290011474249,false,ממרח שקד טבעי 300 גר,גי' אנד גי' בעמ,IL,ממרח שקד טבעי 300 גרם תבואות,גרמים,300.00,100 גרם,false,1,29.90,9.9667,true,1,114793
7290011474256,false,הימליה גס שקית 1 קג,תבואות,,מלח הימליה גס שקית,Unknown,0.00,Unknown,false,1,19.90,0.0000,true,1,126022
7290011474324,true,חמוציות אורגניות,תבואות,CA,תבואות חמוציות אורגני 170 גרם,לא מנהל יחידת מידה,0.00,לא מנהל יחידת מידה,false,1,23.90,0.0000,true,1,86661
7290011474331,true,קמח כוסמין מלא טבעי,תבואות,IT,קמח כוסמין מלא טבעי,קילוגרמים,1.00,"ק""ג",false,1,17.90,17.9000,true,1,111098
7290011474362,false,קמח עדשים אורגניות 5,תבואות,TR,"תבואות קמח עדשים אורגני, 500 גרם",גרמים,500.00,100 גרם,false,1,15.90,3.1800,true,1,99493
7290011474386,false,קווארק דק אורגני,תבואות,,קוואקר דק אורגני,גרמים,500.00,100 גרם,false,1,10.90,2.1800,true,1,93869
7290011474447,false,קוואקר עבה 400 גר תב,תבואות,,תבואות קוואקר עבה טבעי 400 גרם,גרמים,400.00,100 גרם,false,1,6.90,1.7250,true,1,80230
7290011474461,true,תבואות מלח ים אטלנטי,טראס דה סאל,PT,תבואות מלח ים אטלנטי עבה 1 קג,Unknown,0.00,Unknown,false,1,22.90,0.0000,true,1,126048
7290011474478,false,"גרעיני צי""ה אורגני",תבואות,MX,גרעיני ציה אורגני 300 גרם,גרמים,350.00,100 גרם,false,1,21.90,6.2571,true,1,80989
7290011474485,true,תבואות מלח ים אטלנטי,טראס דה סאל,PT,תבואות מלח ים אטלנטי דק 1 קג,קילוגרמים,1.00,"ק""ג",false,1,22.90,22.9000,true,1,126049
7290011474577,true,פולי קקאו גרוס נא,תבואות,PE,פולי קקאו גרוס נא,גרמים,200.00,100 גרם,false,1,29.90,14.9500,true,1,114958
7290011474591,true,תבואות פנה כוסמין מל,סגמברו ס.פ.א,IT,תבואות פנה פסטה מקמח כוסמין מלא אורגני 500 גרם,לא מנהל יחידת מידה,0.00,לא מנהל יחידת מידה,false,1,19.90,0.0000,true,1,113878
7290011474614,true,גרעיני ציה אורגני 65,תבואות,MX,תבואות זרעי צ'יה אורגניים 650 גרם,Unknown,0.00,Unknown,false,1,36.90,0.0000,true,1,126051
7290011474683,true,מגדרה קינואה אורגנית,תבואות,BO,תבואות - מג'דרה קינואה אורגנית,לא מנהל יחידת מידה,0.00,לא מנהל יחידת מידה,false,1,20.90,0.0000,true,1,126023
7290011474720,true,אורז בסמטי לבן 1 קג,תבואות,IN,אורז בסמטי לבן 1 קג,קילוגרמים,1.00,"ק""ג",false,1,19.90,19.9000,true,1,126054
7290011474768,true,קמח כוסמין לבן אורגנ,תבואות מוצרי מזון או,IT,תבואות - קמח כוסמין לבן אורגני,לא מנהל יחידת מידה,0.00,לא מנהל יחידת מידה,false,1,15.90,0.0000,true,1,117182
7290011474843,true,תבואות גוגי ברי 200,תבואות,CN,תבואות ג'וגי ברי 200 גרם,לא מנהל יחידת מידה,0.00,לא מנהל יחידת מידה,false,1,23.90,0.0000,true,1,110865
7290011474898,false,סוכר קוקוס אורגני 50,תבואות,,תבואות סוכר קוקוס אורגני 300 גרם,גרמים,500.00,100 גרם,false,1,18.90,3.7800,true,1,101899
7290011474997,true,ערמונים אורגנים,טאנגשאן שאנגלי פודסט,CN,ערמונים אורגנים,לא מנהל יחידת מידה,0.00,לא מנהל יחידת מידה,false,1,5.90,0.0000,true,1,120185
7290011482015,false,"רכז רימונים 500 מ""ל",לבריאות,,רכז רימונים 500 מל,מיליליטרים,500.00,"100 מ""ל",false,1,28.90,5.7800,true,1,97757
7290011482244,true,סירופ מלבי 250 מל,,,סירופ מלבי 250 מל,מיליליטרים,250.00,"100 מ""ל",false,1,22.90,9.1600,true,1,120810
7290011482404,false,"רכז תמר הינדי 500 מ""",לבריאות,,רכז תמר הינדי 500 מל,מיליליטרים,500.00,"100 מ""ל",false,1,27.90,5.5800,true,1,103208
7290011482510,false,רכז לימון נענע,יושלם,,רכז לימון נענע,מיליליטרים,500.00,"100 מ""ל",false,1,24.00,4.8000,true,1,104373
7290011489700,false,פירורי ביסקויט שוקו,מגדנית הדר,IL,פירורי ביסקויט שוקו הדר 300 גר,גרמים,300.00,100 גרם,false,1,5.80,1.9333,true,1,99329
7290011498092,false,מרציפן נטו 200 גרם,"אלמנדוס בע""מ",IL,מרציפן נטו 200 גרם,גרמים,200.00,100 גרם,false,1,23.90,11.9500,true,1,157037
7290011498177,true,ממרח שקד לבן 700,שקד תבור,IL,ממרח שקד לבן 700 גרם שקד תבור,גרמים,700.00,100 גרם,false,1,59.90,8.5571,true,1,127658
7290011498221,true,סילאן טבעי 900,שקד תבור,IL,סילאן טבעי  שקד תבור 900,גרמים,900.00,100 גרם,false,1,19.90,2.2111,true,1,127647
7290011498283,true,חמאת בוטנים אגוזי אד,אלמנדוס בעמ,IL,אגוזי אדמה,Unknown,0.00,Unknown,false,1,25.90,0.0000,true,1,127660
7290011498351,true,ממרח אגוז אילסר 195,יבואן ומשווק: ש. שסט,IL,חמאת לוז 200 גרם,Unknown,0.00,Unknown,false,1,23.90,0.0000,true,1,127648
7290011498368,true,ממרח אלת הבטנה שקד ת,יבואן ומשווק: ש. שסט,IL,ממרח אלת הבטנה שקד תבור 195,גרמים,195.00,100 גרם,false,1,39.90,20.4615,true,1,127649
7290011498375,true,חמאת קוקוס 300,שקד תבור,IL,חמאת קוקוס 300 גרם,גרמים,300.00,100 גרם,false,1,19.90,6.6333,true,1,127650
7290011498405,true,שמן קוקוס אורגני 100,שקד תבור,PH,שמן קוקוס אורגני 100% 350 שקד תבור,גרמים,350.00,100 גרם,false,1,21.90,6.2571,true,1,127661
7290011498412,true,חמאת קקאו 200,פוקה,PE,שקד תבור חמאת קקאו 200 גרם,Unknown,0.00,Unknown,false,1,23.90,0.0000,true,1,127627
7290011498443,true,עיסת קקאו 250,פוקה,PE,עיסת קקאו 250,גרמים,250.00,100 גרם,false,1,23.90,9.5600,true,1,157038
7290011498498,true,סירופ אגבה לחיץ 500,שקד תבור,MX,סירופ אגבה לחיץ 500 גרם,גרמים,500.00,100 גרם,false,1,23.90,4.7800,true,1,127662
7290011498504,true,ממרח חלבה עשיר 350,שקד תבור,IL,ממרח חלבה עשיר 350,גרמים,350.00,100 גרם,false,1,13.90,3.9714,true,1,127652
7290011498511,true,ממרח חלבה מלאה תבור,"אלמנדוס בע""מ",IL,שקד תבור ממרחב חלבה מלאה 350 גרם,גרמים,350.00,100 גרם,false,1,13.90,3.9714,true,1,127631
7290011498542,true,ערכת שוקולד ביתי 250,פוקה,PE,הכנת שוקולד,גרמים,250.00,100 גרם,false,1,21.90,8.7600,true,1,127654
7290011498573,true,שוקולד 61% ללא סוכר,שקד תבור,ES,שוקולד 61% ללא סוכר ציפס 200,Unknown,0.00,Unknown,false,1,22.90,0.0000,true,1,127632
7290011498740,false,ממרח שקד מלא תבור 30,"אלמונדס בע""מ",IL,שקד תבור ממרח שקד מלא 300 גרם,גרמים,300.00,100 גרם,false,1,29.90,9.9667,true,1,98620
7290011498795,true,אבקת מאקה אורגנית 25,שקד תבור,PE,אבקת מאקה אורגנית שקד תבור 250,גרמים,250.00,100 גרם,false,1,31.90,12.7600,true,1,127639
7290011498801,false,מרציפן פרימיום 65% 2,"אלמנדוס בע""מ",IL,מרציפן פרימיום 65% 200 גרם,גרמים,200.00,100 גרם,false,1,23.90,11.9500,true,1,157036
7290011498870,false,מארז חטיפי תמר במילו,"אלמנדוס בע""מ",IL,מארז חטיפי תמר במילוי חמאת שקדים 150 גרם,גרמים,150.00,100 גרם,false,1,16.90,11.2667,true,1,157040
7290011498887,false,מארז חטיפי תמר במילו,"אלמנדוס בע""מ",IL,מארז חטיפי תמר במילוי חמאת קוקוס 150 גרם,גרמים,150.00,100 גרם,false,1,16.90,11.2667,true,1,157041
7290011498900,false,מארז חטיפי תמר מילוי,"אלמנדוס בע""מ",IL,מארז חטיפי תמר מילוי חמ.שקד צ. שוקולד 10,גרמים,150.00,100 גרם,false,1,16.90,11.2667,true,1,157042
7290011498948,false,מארז חטיפי תמר מצופה,"אלמנדוס בע""מ",IL,מארז חטיפי תמר מצופה שוקולד 100% קקאו 15,גרמים,150.00,100 גרם,false,1,16.90,11.2667,true,1,157043
7290011498955,true,חמאת בוטנים אגוזי אד,שקד תבור,IL,חמאת בוטנים אגוזי אדמה  300 שקד תבור,גרמים,300.00,100 גרם,false,1,12.90,4.3000,true,1,127645
7290011498962,false,ממרח  שקד לבן תבור 3,שקד תבור,IL,ממרח  שקד לבן תבור 300,גרמים,300.00,100 גרם,false,1,29.90,9.9667,true,1,98621
7290011498979,true,ממרח שקד לבן בתוספת,שקד תבור,IL,ממרח שקד לבן בתוספת סיבים תבור 300,גרמים,300.00,100 גרם,false,1,29.90,9.9667,true,1,127665
7290011498993,true,ממרח קשיו לבן 300,שקד תבור,IL,ממרח קשיו לבן 300 שקד תבור,גרמים,300.00,100 גרם,false,1,31.90,10.6333,true,1,127666
7290011499051,false,גבינה פטה כבשים 250,MKN עבור מחלבות גד ב,IL,פטה כבשים גבינה מלוחה במי מלח,גרמים,250.00,100 גרם,false,1,28.90,11.5600,true,1,36940
7290011499105,false,גבינה בולגרית 5%  25,ג'נרל מילס סאן אדריא,IL,גבינה בולגרית 5%  250 גרם,גרמים,250.00,100 גרם,false,1,26.90,10.7600,true,1,39846
7290011499112,false,גבינה בולגרית 16% בש,"מיוצר ע""י dsh",IL,בולגריות מיוצרת בשיטה מסורתית 16% 250 גרם,גרמים,250.00,100 גרם,false,1,26.90,10.7600,true,1,39847
7290011499129,false,גבינה בולגרית קוביות,קוד יצרן DSH,IL,קוביות בולגרית מעודנת,גרמים,200.00,100 גרם,false,1,23.90,11.9500,true,1,40459
7290011499303,false,גבינה בולגרית 5% עזי,ג'נרל מילס סאן אדריא,IL,גד בולגרית עיזים מעודנת 5% שומן,גרמים,250.00,100 גרם,false,1,31.90,12.7600,true,1,48336
7290011499327,false,גבינה בולגרית 5% מעו,מיוצר על ידי DSH עבו,IL,גד גבינת בולגרית מעודנת מחלב בקר במי מלח 5% שומן,גרמים,250.00,100 גרם,false,1,26.90,10.7600,true,1,48338
7290011499341,false,גבינת קאשקבל 200 גרם,מחלבת גד,,גבינת קאשקבל 200 גרם,גרמים,200.00,100 גרם,false,1,28.90,14.4500,true,1,48868
7290011499365,false,גבינה חלומי נענע גד,"מחלבות גד בע""מ",IL,גד גבינת חלומי קשה מחלב בקר 24% שומן 200 גרם,גרמים,200.00,100 גרם,false,1,22.90,11.4500,true,1,48870
7290011499419,false,גבינת ניו יורק במקרם,מחלבות גד,IL,גד מרקם שמנת ניו יורק 5% 200 גרם,גרמים,200.00,100 גרם,false,1,12.90,6.4500,true,1,56338
7290011499525,false,גבינת לאבנה 9% דרוזי,מחלבות גד בעמ,IL,גבינת לאבנה דרוזית מחלב בקר 9% 500 גרם,גרמים,500.00,100 גרם,false,1,21.90,4.3800,true,1,60565
7290011499624,false,גבינת שמנת ניו יורק,מחלבות גד,IL,"גד, גבינת שמנת בטעם טבעי 30% , 200 גרם",גרמים,200.00,100 גרם,false,1,13.90,6.9500,true,1,69827
7290011499846,false,גבינת ריקוטה פרסקה 9,יוליניבר,IL,גבינת ריקוטה פרסקה 9%  300 גרם גד,גרמים,300.00,100 גרם,false,1,18.90,6.3000,true,1,75650
7290011501617,false,חמוציות ברכז תפוחים,אף.סי תבליני בגליל ב,IL,חמוציות ברכז תפוחים ללא סוכר 250 גרם,גרמים,250.00,100 גרם,false,1,16.90,6.7600,true,1,156379
7290011502867,false,גרנולה אגוזים 500 גר,"דין שיווק וקליה בע""מ",,גרנולה אגוזים 500 גרם שקדיה,גרמים,500.00,100 גרם,false,1,14.90,2.9800,true,1,47425
7290011502874,false,גרנולה פירות יבשים 5,"דין שיווק וקליה בע""מ",,גרנולה פירות יבשים 500 גרם שקדיה,גרמים,500.00,100 גרם,false,1,14.90,2.9800,true,1,47426
7290011505417,true,נובי כוס אימון עם פי,מולינו ניקולי s.p.a,CN,נובי כוס אימון עם פיה רכה,לא מנהל יחידת מידה,0.00,לא מנהל יחידת מידה,false,1,27.90,0.0000,true,1,125680
7290011505493,false,כפות מהודר עבה במיוח,F.T.I,,כפות מהודר עבה במיוחד 50 יחידות,לא מנהל יחידת מידה,0.00,לא מנהל יחידת מידה,false,1,11.90,0.0000,true,1,127182
7290011505509,false,מזלגות מהודר עבה במי,F.T.I,,מזלגות מהודר עבה במיוחד 50 יחידות,לא מנהל יחידת מידה,0.00,לא מנהל יחידת מידה,false,1,11.90,0.0000,true,1,126704
7290011505516,false,סכינים מהודר עבה במי,F.T.I,,סכינים מהודר עבה במיוחד 50 יחידות,לא מנהל יחידת מידה,0.00,לא מנהל יחידת מידה,false,1,11.90,0.0000,true,1,126884
7290011505776,true,שפודי במבוק 75 יח,הדקלאים אגודת שיתופי,CN,שיפודי במבוק 75 יחידות,לא מנהל יחידת מידה,0.00,לא מנהל יחידת מידה,false,1,3.90,0.0000,true,1,124756
7290011515683,false,טילון וניל אקסטרים מ,תות תעשיות מזון (201,IL,אקסטרים טילון וניל בדצ מאח.5 6*72גרם,גרמים,432.00,100 גרם,false,1,32.90,7.6157,true,1,41075
7290011515911,false,גלידה לייט ריבת חלב,המאפיה של הרמן,IL,נסטלה שלג.לייט ריבת חלב בדצ מאח.6 6*52ג,גרמים,312.00,100 גרם,false,1,27.90,8.9423,true,1,54877
7290011518561,false,מארז אקטימל תות,מיוצר עי קונדיטוריית,IL,אקטימל 14 תות,ליטרים,1.40,ליטר,false,1,32.60,23.2857,true,1,37826
7290011530358,false,שייק פירות FRIDAY כת,"הבו-קדו בע""מ",IL,שייק איט (3*150 ג') - כתום - Friday,גרמים,150.00,100 גרם,false,1,29.90,19.9333,true,1,151458
7290011530488,false,שייק פירות SATURDAY,"הבו-קדו בע""מ",IL,שייק איט (3*150 ג') - תכלת - Saturday,גרמים,150.00,100 גרם,false,1,29.90,19.9333,true,1,151459
7290011530525,false,שייק פירות 3*150 ג צ,"הבו-קדו בע""מ",IL,שייק איט (3*150 ג')- צהוב - Tuesday,גרמים,450.00,100 גרם,false,1,29.90,6.6444,true,1,150105
7290011530532,false,שייק פירות 3*150 ג י,"הבו-קדו בע""מ",IL,שייק איט (3*150 ג') - ירוק - Monday,גרמים,450.00,100 גרם,false,1,29.90,6.6444,true,1,150103
7290011530549,false,שייק פירות 3*150 ג ו,"הבו-קדו בע""מ",IL,שייק איט (3*150 ג') - ורוד - Sunday,גרמים,450.00,100 גרם,false,1,29.90,6.6444,true,1,150101
7290011530730,false,שייק Dפירות3*150 גחו,"הבו-קדו בע""מ",IL,שייק איט (3*150 ג') - חום - Thursday,גרמים,450.00,100 גרם,false,1,29.90,6.6444,true,1,150102
7290011530747,false,שייק פירות 3*150 ג ס,"הבו-קדו בע""מ",IL,שייק איט (3*150 ג') - סגול - Wednesday,גרמים,450.00,100 גרם,false,1,29.90,6.6444,true,1,150104
7290011530945,false,קרפציו עגל פרימיום 2,בלדי,IL,"קרפציו עגל פרימיום 210 גרםי""בלדי",גרמים,210.00,100 גרם,false,1,39.90,19.0000,true,1,146958
7290011570132,false,קמח ללא גלוטן      .,אשבל מזון פונקציונלי,IL,"קונדיטור קמח ללא גלוטן 1ק""ג",קילוגרמים,1.00,"ק""ג",false,1,21.90,21.9000,true,1,48427
7290011570507,false,קמח כרגיל ללא גלוטן,קרלו,IL,קמח כרגיל ללא גלוטן 450 גרם,גרמים,450.00,100 גרם,false,1,17.90,3.9778,true,1,102747
7290011570644,true,קמח כרגיל ללחם 500 ג,קרלו,IL,קמח כרגיל ללחם 500 ג,Unknown,0.00,Unknown,false,1,17.90,0.0000,true,1,126499
7290011570798,true,קמח כרגיל בטעם שוקול,קרלו,IL,קמח כרגיל בטעם שוקול,גרמים,450.00,100 גרם,false,1,17.90,3.9778,true,1,125632
7290011575007,false,הפי לאמבט מונע אבנית,,,הפי מרסס למקלחון 750 מל,מיליליטרים,750.00,"100 מ""ל",false,1,15.90,2.1200,true,1,39876
7290011575809,false,מבריק כלי כסף הפי,יוליניבר,NL,יעקבי הפי ספריי לניקוי כלי כסף 200 מל,מיליליטרים,200.00,"100 מ""ל",false,1,28.20,14.1000,true,1,55506
7290011587079,true,חרדל דיזון גרגירים 3,,,חרדל דיזון גרגירים 3,לא מנהל יחידת מידה,0.00,לא מנהל יחידת מידה,false,1,9.90,0.0000,true,1,109881
7290011587444,true,מוזלי קראנצי +פירות,,,מוזלי קראנצי +פירות,לא מנהל יחידת מידה,0.00,לא מנהל יחידת מידה,false,1,14.90,0.0000,true,1,130819
7290011587468,true,מוזלי קראנץ,,,מוזלי קראנץ,לא מנהל יחידת מידה,0.00,לא מנהל יחידת מידה,false,1,14.90,0.0000,true,1,130820
7290011587598,false,אנשובי פחיות 46 גרם,אינוורסיונס פריסקו,,אנשובי פחיות 46 גרם,גרמים,46.00,100 גרם,false,1,6.90,15.0000,true,1,108233
7290011587833,false,עגבניות מיובשות בשמן,יושלם,,עגבניות מיובשות בשמן 340 גרם,גרמים,340.00,100 גרם,false,1,11.90,3.5000,true,1,102748
7290011587857,false,עגבניות מיובשות בשמן,יושלם,,עגבניות מיובשות בשמן חמניות,גרמים,250.00,100 גרם,false,1,10.90,4.3600,true,1,102774
7290011593087,false,שמן זית כתית מעולה ס,סאן אויל עיבוד ושיוו,IL,"שמן זית כתית מעולה סבא חביב 750 מ""ל",מיליליטרים,750.00,"100 מ""ל",false,1,36.00,4.8000,true,1,77687
7290011598211,false,מנקה כללי אנטיקאלק,סנו מפעלי ברונוס בעמ,IL,אנטי קאלק מרסס כללי רב שימושי  4 ב 1 700 מל,מיליליטרים,700.00,"100 מ""ל",false,1,19.90,2.8429,true,1,45724
7290011598372,false,מטלית רצפה מיקרופייב,N.S.,,מטלית רצפה מיקרופייבר,Unknown,0.00,Unknown,false,1,12.90,0.0000,true,1,42144
7290011598402,false,מרכך מקסימה מסק,סאנו,IL,"מרכך כביסה מקסימה מסק 4 ל              """,ליטרים,4.00,ליטר,false,1,22.90,5.7250,true,1,40389
7290011615260,false,טורטיה 540 גרם,מוטלוקל גידה סאנאי ט,TR,ויליפוד עלי טורטיה 540 ג 12 יחידות,גרמים,540.00,100 גרם,false,1,11.90,2.2037,true,1,58338
7290011615277,false,טורטיה 840גרם,מוטלוקל גידה סאנאי ט,TR,"ויליפוד עלי טורטיה 840 גרם, 12 יחידות",גרמים,840.00,100 גרם,false,1,18.90,2.2500,true,1,125459
7290011618025,false,נגיסי אורז לתינוק,גואנז'ו יונג וואנט פ,CN,נגיסי אורז לתינוק,גרמים,50.00,100 גרם,false,1,13.90,27.8000,true,1,76982
7290011618124,false,בייבי ביס בטעם ירקות,גואנז'ו יונג וואנט פ,CN,בייבי ביס בטעם ירקות 50 גרם,גרמים,50.00,100 גרם,false,1,13.90,27.8000,true,1,45861
7290011618131,false,בייבי ביס בטעם גזר,גואנז'ו יונג וואנט פ,CN,בייבי ביס בטעם גזר,גרמים,50.00,100 גרם,false,1,13.90,27.8000,true,1,45862
7290011618216,false,נגיסי אורז בטעם בננה,גואנז'ו יונג וואנט פ,CN,בייבי ביס נגיסי אורז בטעם בננה,גרמים,50.00,100 גרם,false,1,13.90,27.8000,true,1,77264
7290011622428,false,חטיף בריאות לתינוק .,מיוצר עבור גולדן האר,IL,"כתמטמינים, חטיף אצבעות בוטנים ותירס, 45 גרם",גרמים,45.00,100 גרם,false,1,5.90,13.1111,true,1,82474
7290011622664,false,כתמטמינים טחינה 45 ג,אלס נוטרישן,IL,כתמטמינים טחינה 45 גרם,גרמים,45.00,100 גרם,false,1,5.90,13.1111,true,1,125734
7290011644000,true,חטיף תירס מקלות מתוק,כפרי בריא,IL,מקלות תירס מתוקים 80 גרם,גרמים,80.00,100 גרם,false,1,5.90,7.3750,true,1,144168
7290011717001,false,לחם בריאות 700 גרם,ג.א.ל שרותי ארוחות,,לחם בריאות 650 גרם,גרמים,650.00,100 גרם,false,1,13.90,2.1385,true,1,53933
7290011723101,false,טחינה הר ברכה 1 ליטר,הר ברכה תעשיות,,טחינה הר ברכה 1 ליטר,ליטרים,1.00,ליטר,false,1,32.90,32.9000,true,1,98538
7290011723200,false,טחינת הר ברכה 500גרם,הר ברכה תעשיות,,טחינת הר ברכה 500גרם,גרמים,500.00,100 גרם,false,1,17.90,3.5800,true,1,95505
7290011728298,false,טרס פסוס חלפניו ירוק,,,טרס פסוס חלפניו ירוק עם בצל 195גרם,גרמים,195.00,100 גרם,false,1,24.90,12.7692,true,1,153113
7290011728335,false,טרס פסוס סלסה פלפל א,,,טרס פסוס סלסה פלפל אדום וצפטולה 330גרם,גרמים,330.00,100 גרם,false,1,24.90,7.5455,true,1,153115
7290011728724,false,טרס פסוס סלסה עגבניו,,,טרס פסוס סלסה עגבניות חתוכות חרוכות 200ג,גרמים,200.00,100 גרם,false,1,19.90,9.9500,true,1,153116
7290011728755,false,פלפל צפטולה יבש שלם,,,פלפל צפטולה יבש שלם 40גרם,גרמים,40.00,100 גרם,false,1,11.90,29.7500,true,1,153112
7290011728762,false,פלפל ארבול שלם מיובש,,,פלפל ארבול שלם מיובש 40גרם,גרמים,40.00,100 גרם,false,1,11.90,29.7500,true,1,153111
7290011728915,false,קמח תירס מינסה ללג ו,טרס פזוס,IL,קמח תירס מינסה ללג וללס 400 גרם,גרמים,400.00,100 גרם,false,1,15.90,3.9750,true,1,150394
7290011743833,false,סנסודיין פרונאמל,DE MICLEN,,סנסודיין משחת שיניים עם פלואוריד מנטה 75 מל,מיליליטרים,75.00,"100 מ""ל",false,1,21.90,29.2000,true,1,46462
7290011765088,false,קרמה גל גילוח קול,אביאפ,TR,קרמה מן ג'ל גילוח לעור רגיל מנטול 200 מל,מיליליטרים,200.00,"100 מ""ל",false,1,11.90,5.9500,true,1,46840
7290011765118,false,קרמה קצף גילוח דליקט,"אביאפ, איסטנבול, תור",TR,קרמה מן קצף גילוח לעור עדין,מיליליטרים,200.00,"100 מ""ל",false,1,12.90,6.4500,true,1,62429
7290011765217,false,"ג""ל לניקוי ידיים100",גוד פוד פרודקטס S.p,IL,"סנו מדיק ג""ל לניקוי ידיים 100",מיליליטרים,100.00,"100 מ""ל",false,1,9.90,9.9000,true,1,46500
7290011765415,false,מרכך לילדים בוב ספוג,קוסמופארם,,כיף מרכך לילדים בוב ספוג750 מל,מיליליטרים,750.00,"100 מ""ל",false,1,16.90,2.2533,true,1,42651
7290011765422,false,כיף אל סבון קמומיל,קוסמופארם בע''מ,IL,בוב אלסבון קמומיל 750 מ''ל,מיליליטרים,750.00,"100 מ""ל",false,1,16.90,2.2533,true,1,42652
7290011765446,false,משחת שיניים אורביטול,טרופיקל דגיל תעשיות,IL,משחת שיניים אורביטול בוב ספוג 70 גרם,גרמים,70.00,100 גרם,false,1,9.90,14.1429,true,1,42654
7290011778118,false,ביצים ארוזות12 יח,יושלם,,ביצים ארוזות12 יח      L,Unknown,0.00,Unknown,false,1,12.05,0.0000,true,1,54355
7290011778378,false,ביצים אומגה,,,ביצים אומגה                  L 3,יחידה,1.00,יחידה,false,1,18.90,18.9000,true,1,64282
7290011800840,false,טחינה לבנה   400 גרם,לחמנו,IL,טחינה לבנה   400 גרם,גרמים,400.00,100 גרם,false,1,17.90,4.4750,true,1,59535
7290011830007,false,סוכר חום אורגני,כפרי בריא,IN,"סוכר חום אורגני 1 ק""ג השדה",קילוגרמים,1.00,"ק""ג",false,1,16.90,16.9000,true,1,41927
7290011830168,true,פרורי לחם אורג כוסמי,המאפיה של הרמן,IL,פירורי לחם מקמח כוסמין,גרמים,200.00,100 גרם,false,1,13.90,6.9500,true,1,57696
7290011830182,false,פסטה כוסמין אורגני פ,לנסי,IT,פסטה כוסמין אורגני פוזילי 400 גרם השדה,גרמים,400.00,100 גרם,false,1,21.90,5.4750,true,1,120004
7290011830205,false,פסטה כוסמין אורגנית,רדיי 97 בעמ,HU,פסטה כוסמין אורגנית פטוציני השדה 350 גרם,גרמים,350.00,100 גרם,false,1,21.90,6.2571,true,1,120225
7290011830236,true,בייגלה מקמח כוסמין+מ,מאיר בייגל,IL,בייגלה כוסמין אורגני עם שומשום ומלח,גרמים,200.00,100 גרם,false,1,18.90,9.4500,true,1,77902
7290011830564,false,פתיבר כוסמין אורגני,דולפין ספא,IL,פתיבר כוסמין אורגני 200 גרם השדה,גרמים,200.00,100 גרם,false,1,12.90,6.4500,true,1,116170
7290011830601,false,חטיף להקפאה בטעמים,דולפין ספא,IT,"חטיף אורגני להקפאה בטעמי תות, לימון ותפוז",מיליליטרים,400.00,"100 מ""ל",false,1,15.90,3.9750,true,1,59623
7290011830830,false,"צ""יקו מאנקי",סנקי,IL,צ'יקי מאנקי חטיף בוטנים אורגני,גרמים,20.00,100 גרם,false,1,3.30,16.5000,true,1,78800
7290011830991,true,חטיף ציקי מאנקי 60 ג,סנקי,IL,צ'יקי מאנקי 60 גרם,גרמים,60.00,100 גרם,false,1,6.90,11.5000,true,1,80218
7290011860271,false,ביסבול תפוגן,"תעשיות תפוגן בע""מ",IL,תפוגן ביסבול טבעי 9*700גרם,גרמים,700.00,100 גרם,false,1,16.90,2.4143,true,1,47983
7290011870225,false,סוללות פוזיקום  4AAA,פוג'יקום,,סוללות פוזיקום  4AAA,יחידה,1.00,יחידה,false,1,9.90,9.9000,true,1,68768
7290011870249,false,סוללות פוזיקום 12AAA,פוג'יקום,,סוללות פוזיקום 12AAA,לא מנהל יחידת מידה,0.00,לא מנהל יחידת מידה,false,1,19.90,0.0000,true,1,120698
7290011870256,false,מארז 4 פוגיקום AA,פוג'יקום,,מארז 4 פוגיקום AA,יחידה,1.00,יחידה,false,1,9.90,9.9000,true,1,68767
7290011870270,false,סוללות פוזיקום 12AA,פוג'יקום,,סוללות פוזיקום 12AA,לא מנהל יחידת מידה,0.00,לא מנהל יחידת מידה,false,1,19.90,0.0000,true,1,120699
7290011870720,false,סוללות פוזיקום  D,פוג'יקום,,סוללות פוזיקום  D,יחידה,1.00,יחידה,false,1,23.90,23.9000,true,1,68772
7290011870737,false,סוללות פוזיקום  C,פוג'יקום,,סוללות פוזיקום  C,יחידה,1.00,יחידה,false,1,21.90,21.9000,true,1,120694
7290011870744,false,סוללות פוזיקום 9V,פוג'יקום,,סוללות פוזיקום 9V,יחידה,1.00,יחידה,false,1,19.90,19.9000,true,1,68773
7290011876388,false,קציצות עוף ובקר 600,תנובה גליל שותפות מו,IL,קציצות עוף ובקר 600 גרם,גרמים,600.00,100 גרם,false,1,34.90,5.8167,true,1,87485
7290011877446,false,בייבי כיף קרם,קוסמופארם בע''מ,IL,בייבי כיף קרם נגד גירויים,מיליליטרים,100.00,"100 מ""ל",false,1,11.90,11.9000,true,1,49387
7290011877835,false,אריזות ואקום לאחסון,N.A,,"אריזות ואקום לאחסון 2 יח               """,Unknown,0.00,Unknown,false,1,25.90,0.0000,true,1,75131
7290011877842,false,אריזות ואקום לאחסון,יושלם,,"אריזות ואקום לאחסון 2 יח               """,לא מנהל יחידת מידה,0.00,לא מנהל יחידת מידה,false,1,25.90,0.0000,true,1,74103
7290011877859,false,פותח סתימות,סנו מפעלי ברונוס בעמ,IL,"פותח סתימות אינסטלטור 200 גר           """,גרמים,200.00,100 גרם,false,1,14.90,7.4500,true,1,48969
7290011877866,false,אבקת כביסה מקסימה,"איי, בי, אינבוו",IL,"אבק.כביסה מקסימה מאסק 6 ק""ג",קילוגרמים,6.00,"ק""ג",false,1,49.90,8.3167,true,1,48749
7290011878351,true,תמר מגהול אורגני 400,,,תמר מגהול אורגני 400,Unknown,0.00,Unknown,false,1,29.90,0.0000,true,1,135026
7290011878559,false,מעדן תמר קוקוס רביעי,החברה המרכזית למשקאו,,מעדן תמר קוקוס רביעיות,לא מנהל יחידת מידה,0.00,לא מנהל יחידת מידה,false,1,24.90,0.0000,true,1,135028
7290011878887,true,מעדן תמר רביעיות,,,מעדן תמר רביעיות,Unknown,0.00,Unknown,false,1,24.90,0.0000,true,1,135032
7290011923273,false,טופו אורגני ליב 300,א.י.ן תעשיות מזון בע,IL,ליב טופו אורגני 300 גרם,גרמים,300.00,100 גרם,false,1,13.50,4.5000,true,1,68721
7290011923303,false,טופו טבעי ליב 300 גר,א.י.ן תעשיות מזון בע,IL,ליב טופו בטעם טבעי 300 גרם,גרמים,300.00,100 גרם,false,1,13.90,4.6333,true,1,107396
7290011931162,false,סוכרלייט נוזלי 220גר,אף.סי תבליני בגליל ב,IL,ממתיק נוזלי על בסיס סוכרלוז,מיליליטרים,220.00,"100 מ""ל",false,1,32.90,14.9545,true,1,46591
7290011947743,false,זיתא מיקס זית ירוק ו,ויסוצקי,IL,מיקס זיתים,גרמים,215.00,100 גרם,false,1,13.90,6.4651,true,1,146675
7290011947781,false,זית ירוק קלמטה ללא ג,זיתא,IL,זית ירוק קלמטה ללא גלעין מיקס זיתא190גרם,גרמים,190.00,100 גרם,false,1,13.90,7.3158,true,1,150988
7290011947804,false,זית ירוק ללא גלעין ז,זיתא,IL,זית ירוק ללא גלעין זיתא 190 גרם,גרמים,190.00,100 גרם,false,1,13.90,7.3158,true,1,150986
7290011947859,false,שמן כתית מעולה עם מי,זיתא,IL,זיתא שמן כתית מעולה פסטו,מיליליטרים,240.00,"100 מ""ל",false,1,20.90,8.7083,true,1,153622
7290011947866,false,מיקס זיתים זיתא  בפח,זיתא,GR,מיקס זיתים בפח,גרמים,440.00,100 גרם,false,1,15.90,3.6136,true,1,152956
7290011947873,false,זיתי קלמטה זיתא בפח,זיתא,GR,זיתי קלמטה בפח,גרמים,440.00,100 גרם,false,1,15.90,3.6136,true,1,152957
7290011947903,false,זיתים מיקס יווני זית,זיתא,IL,זיתים מיקס יווני זיתא 215 גרם,גרמים,215.00,100 גרם,false,1,13.90,6.4651,true,1,153098
7290011947965,false,מיקס זיתים ירוק וקלמ,זיתא,IL,מיקס זיתים ירוק וקלמטה ללא גלעין זיתא 215גרם,גרמים,215.00,100 גרם,false,1,13.90,6.4651,true,1,156986
7290011964344,false,שום גבישי במיכל,תות ממתקי איכות,IL,תבליני טעם וריח מיכל שום גבישי 120 גרם,גרמים,120.00,100 גרם,false,1,9.90,8.2500,true,1,47465
7290011964436,false,"גריל עוף 1 ק""ג",,,"גריל עוף 1 ק""ג",קילוגרמים,1.00,"ק""ג",false,1,32.60,32.6000,true,1,114060
7290011964658,false,מלח לימון,תות ממתקי איכות,IL,תבליני טעם וריח מלח לימון 100% 170 גרם,גרמים,170.00,100 גרם,false,1,9.90,5.8235,true,1,59263
7290011964689,false,תבלין על האש מיכל,תות ממתקי איכות,IL,"תבליני טעם וריח תערובת תיבול על האש, 100 גרם",Unknown,0.00,Unknown,false,1,9.90,0.0000,true,1,68051
7290011964702,false,תבלין לשווארמה מיכל,תות ממתקי איכות,IL,"תבליני טעם וריח תערובת תיבול לשווארמה, 100 גרם",גרמים,110.00,100 גרם,false,1,9.90,9.0000,true,1,68053
7290011971694,false,ספגטי טריקולור,פסטיפיסוי פליצ'טי,IT,ספגטי טריקולור אורגני,גרמים,500.00,100 גרם,false,1,15.90,3.1800,true,1,64482
7290011996000,false,אטריות עגבניות 454 ג,פוקולוקו,,אטריות עגבניות 454 גרם,גרמים,454.00,100 גרם,false,1,7.50,1.6520,true,1,54185
7290011996017,false,אטריות תרד 454 גרם,קסימאן,,אטריות תרד 454 גרם,גרמים,454.00,100 גרם,false,1,7.50,1.6520,true,1,54088
7290011996031,false,אטריות ביצים 454 גרם,מזרח מערב,,אטריות ביצים 454 גרם,גרמים,454.00,100 גרם,false,1,7.50,1.6520,true,1,54099
7290011996062,false,"אורז לסושי 1 ק""ג",דדוש דניאל,,"אורז לסושי 1 ק""ג",קילוגרמים,1.00,"ק""ג",false,1,13.90,13.9000,true,1,53972
7290011996086,false,רוטב צילי חריף 700,,,רוטב צילי חריף 700,מיליליטרים,160.00,"100 מ""ל",false,1,10.90,6.8125,true,1,57851
7290011996109,false,רוטב צילי מתוק אסיה,מזרח מערב,,"רוטב צילי מתוק אסיה 700 מ""ל",מיליליטרים,700.00,"100 מ""ל",false,1,9.90,1.4143,true,1,57845
7290011996123,false,דפי אצות ים נורי 10,דדוש דניאל,,דפי אצות ים נורי 10 יח,גרמים,25.00,100 גרם,false,1,10.90,43.6000,true,1,54924
7290011996178,false,רוטב סויה 280 מל,יושלם,,רוטב סויה 280 מל,מיליליטרים,280.00,"100 מ""ל",false,1,9.90,3.5357,true,1,54305
7290011996185,false,"חומץ אורז 250 מ""ל",דדוש דניאל,,"חומץ אורז 250 מ""ל",מיליליטרים,250.00,"100 מ""ל",false,1,7.90,3.1600,true,1,54200
7290011996222,false,חלב קוקוס אסיה 400 מ,פוקולוקו,,"חלב קוקוס אסיה 400 מ""ל",מיליליטרים,400.00,"100 מ""ל",false,1,5.90,1.4750,true,1,57862
7290011996277,false,מחצלת לסושי אסיה,פוקולוקו,,מחצלת לסושי אסיה,יחידה,1.00,יחידה,false,1,3.90,3.9000,true,1,54625
7290011996499,false,מקלוני אורז דקים 400,אסיה,,מקלוני אורז דקים 400 גרם,גרמים,400.00,100 גרם,false,1,7.90,1.9750,true,1,54409
7290011996512,false,"מקלוני אורז 3 מ""מ",להיאן תאי רייס,,מקלוני אורז 3 ממ,גרמים,400.00,100 גרם,false,1,8.50,2.1250,true,1,56980
7290011996529,false,"אטריות אורז 5 מ""מ 40",להיאן תאי רייס,,"אטריות אורז 5 מ""מ 400 גרם",גרמים,400.00,100 גרם,false,1,8.50,2.1250,true,1,54518
7290011996567,false,רוטב סאטה 240,יושלם,,רוטב סאטה 240,מיליליטרים,160.00,"100 מ""ל",false,1,12.90,8.0625,true,1,57849
7290011996581,false,רוטב חמוץ מתוק 300 מ,פוקולוקו,,"רוטב חמוץ מתוק 300 מ""ל",מיליליטרים,300.00,"100 מ""ל",false,1,9.90,3.3000,true,1,54335
7290011996604,false,רוטב פאד תאי 300 מל,דדוש,,רוטב פאד תאי 300 מל,מיליליטרים,300.00,"100 מ""ל",false,1,15.90,5.3000,true,1,56491
7290011996642,false,שומשום שחור קלוי,אסיה,,שומשום שחור קלוי 100 גרם,גרמים,100.00,100 גרם,false,1,12.90,12.9000,true,1,54221
7290011996703,false,אצות וואקאמה מיובשות,פוקולוקו,,אצות וואקאמה מיובשות 100 גרם,גרמים,100.00,100 גרם,false,1,14.90,14.9000,true,1,64927
7290011996758,false,קמח טמפורה 500 גרם,אסיה,,קמח טמפורה 500 גרם,גרמים,500.00,100 גרם,false,1,9.90,1.9800,true,1,70528
7290011996765,false,וואסבי שפורפרת 43 גר,פוקולוקו,,וואסבי שפורפרת 43 גרם,גרמים,43.00,100 גרם,false,1,8.90,20.6977,true,1,58290
7290011996789,false,פירורי לחם יפניים פנ,שנחאי אנגאנה פוד,,פירורי לחם יפניים פנקו 200 גרם,גרמים,200.00,100 גרם,false,1,7.90,3.9500,true,1,58893
7290011996802,false,אבקת ווסאבי 70 גרם,פוקולוקו,,אבקת ווסאבי 70 גרם,גרמים,70.00,100 גרם,false,1,13.90,19.8571,true,1,57228
7290011996819,false,אטריות סיניות מקלוני,מזרח מערב,,אטריות סיניות מקלוני שעועית 250 גרם,גרמים,250.00,100 גרם,false,1,5.90,2.3600,true,1,57129
7290011996888,false,רוטב טריאקי 300 כשר,אסיה,,רוטב טריאקי 300 כשר,מיליליטרים,300.00,"100 מ""ל",false,1,9.90,3.3000,true,1,57736
7290012001994,false,"חרדל דיז""ון גרגירים",כלורוקס אוקלנד,FR,חרדל דיגון גרעינים 350 גרם כפ,גרמים,350.00,100 גרם,false,1,12.90,3.6857,true,1,68056
7290012019012,true,אספרגוס 330 גרם תומר,,,אספרגוס 330 גרם תומר,,0.00,,false,,13.90,0.0000,true,1,159403
7290012019258,false,מחית תפוחי עץ רביעיי,Cherry growers inc,,מחית תפוחי עץ רביעייה 452 גרם,גרמים,452.00,100 גרם,false,1,12.90,2.8540,true,1,86149
7290012022203,false,קליליות חיטה מלאה,דילייט,,קליליות חיטה מלאה 100 גרם,גרמים,100.00,100 גרם,false,1,13.90,13.9000,true,1,95144
7290012022227,false,קליליות בטעם טבעי,דילייט,,קליליות בטעם טבעי 70גרם,גרמים,70.00,100 גרם,false,1,11.90,17.0000,true,1,95145
7290012022272,false,קליליות קידס 30גרם,דילייט,,קליליות קידס 30גרם,גרמים,30.00,100 גרם,false,1,10.50,35.0000,true,1,120479
7290012045752,false,רידלייס משמיד כינים,"גילקו פארם בע""ם",IL,"רידלייס משמיד כינים 150 מ""ל",מיליליטרים,1015.00,"100 מ""ל",false,1,49.90,4.9163,true,1,160113
7290012052170,false,גרנולה רפאל - ללא סו,פוקה,IL,ג. רפאל 350 ג' ללא סוכר אגו פר רפאל'ס,גרמים,350.00,100 גרם,false,1,15.90,4.5429,true,1,76111
7290012052187,false,גרנולה רפאל - חלבה ת,רפאלס,IL,ג. רפאל 350 ג' חלבה תמר ושקד רפאל'ס,גרמים,350.00,100 גרם,false,1,15.90,4.5429,true,1,76112
7290012052194,false,גרנולה רפאל - פירות,פוקה,IL,ג. רפאל 350 ג' פירות יער וקשיו רפאל'ס,גרמים,350.00,100 גרם,false,1,15.90,4.5429,true,1,76113
7290012052200,false,גרנולה רפאל אגוזים ו,פוקה,IL,ג. רפאל 800 ג' אגוזים ופירות רפאל'ס,גרמים,800.00,100 גרם,false,1,29.90,3.7375,true,1,108654
7290012052224,false,חלבה תמרים,פוקה,IL,ג. רפאל 800 ג' חלבה תמרים רפאל'ס,גרמים,800.00,100 גרם,false,1,29.90,3.7375,true,1,73935
7290012052309,false,גרנולה תענוג - בננה,רפאלס,IL,"תענוג בננה צימוק שקד 1 ק""ג רפאל'ס",קילוגרמים,1.00,"ק""ג",false,1,28.90,28.9000,true,1,82566
7290012052316,false,גרנולה תענוג - שפע פ,פוקה,IL,"תענוג שפע פירות 1 ק""ג רפאל'ס",קילוגרמים,1.00,"ק""ג",false,1,28.90,28.9000,true,1,84276
7290012052323,false,מוזלי תענוג מיקס לא,רפאלס,IL,"תענוג מוזלי 1 ק""ג רפאל'ס",קילוגרמים,1.00,"ק""ג",false,1,28.90,28.9000,true,1,83714
7290012052330,false,גרנולה תענוג - חלבה,רפאלס,IL,"תענוג חלבה 1 ק""ג רפאל'ס",קילוגרמים,1.00,"ק""ג",false,1,28.90,28.9000,true,1,83713
7290012052347,false,גרנולה תענוג - ללס צ,רפאלס,IL,"תענוג ללא סוכר צימוק שקד 1 ק""ג רפאל'ס",קילוגרמים,1.00,"ק""ג",false,1,28.90,28.9000,true,1,85243
7290012052354,false,גרנולה רפאל - שוקולד,רפאלס,IL,ג. רפאל 350 ג' שוקולד אגוזי לוז רפאל'ס,גרמים,350.00,100 גרם,false,1,15.90,4.5429,true,1,85550
7290012052361,false,גרנולה רפאל - מוזלי,רפאלס,IL,ג. רפאל 350 ג' מוזלי שקדים פ. יער רפאל'ס,גרמים,350.00,100 גרם,false,1,15.90,4.5429,true,1,85551
7290012052385,false,גרנולה רפאל מוזלי,פוקה,IL,ג. רפאל 720 ג' מוזלי שקדים פ.יער רפאל'ס,גרמים,80000.00,100 גרם,false,1,29.90,0.0374,true,1,108655
7290012052460,false,צוקולומומו - מיקס זר,רפאלס,IL,צ'וקולומומו אורגינל 250 ג' רפאל'סם,גרמים,250.00,100 גרם,false,1,18.90,7.5600,true,1,110258
7290012052477,false,צוקולומומו - מיקס זר,רפאלס,IL,צ'וקולומומו עשבי תיבול 250 ג' רפאל'ס,גרמים,250.00,100 גרם,false,1,18.90,7.5600,true,1,110259
7290012052880,true,חטיפי דגנים עם חלבה,פוקה,IL,חטיפי דגנים עם חלבה  רפאלס  140גרם,גרמים,140.00,100 גרם,false,1,12.90,9.2143,true,1,125790
7290012052897,true,חטיפי דגנים עם חלבה,פוקה,IL,חטיפי דגנים עם חלבה ושוקולד  רפאלס  140ג,גרמים,140.00,100 גרם,false,1,12.90,9.2143,true,1,127693
7290012052903,true,חטיפי דגנים עם חלבה,פוקה,IL,חטיפי דגנים עם חלבה ופירות  רפאלס  140גר,גרמים,140.00,100 גרם,false,1,12.90,9.2143,true,1,125789
7290012052910,true,חטיפי דגנים עם חלבה,פוקה,IL,חטיפי דגנים עם חלבה תפוח קנמון  רפאלס  1,גרמים,140.00,100 גרם,false,1,12.90,9.2143,true,1,125788
7290012116032,false,מרכך פיות,טרופיקל דגיל תעשיות,IL,"כיף מרכך פיות 750 מ""ל",מיליליטרים,750.00,"100 מ""ל",false,1,12.90,1.7200,true,1,70966
7290012116063,false,אלסבון פיות קמומיל,קוסמופארם בע''מ,IL,"כיף אלסבון פיות קמומיל 750 מ""ל",מיליליטרים,750.00,"100 מ""ל",false,1,12.90,1.7200,true,1,70967
7290012116360,false,פוליוויקס גרניט,סנו כימיקלים,IL,ניקוי רצפות לטיפול בגרנטי פורצלן וקרמיקה,ליטרים,2.00,ליטר,false,1,22.90,11.4500,true,1,48751
7290012116537,false,אבקת כביסה מאסק,טרופיקל דגיל תעשיות,IL,"סנו מקסימה בניחוח מאסק, 2.5 קג",קילוגרמים,2.50,"ק""ג",false,1,28.90,11.5600,true,1,62857
7290012116551,false,מנקה כללי אנטיקאלק,סנו מפעלי ברונוס בעמ,IL,אנטי קאלק לניקוי כללי 2 ל',ליטרים,2.00,ליטר,false,1,21.90,10.9500,true,1,62400
7290012116612,false,מברשות שיניים,Z.H.T plastics China,CN,אורביטול מברשת שיניים               1/4,לא מנהל יחידת מידה,0.00,לא מנהל יחידת מידה,false,1,12.90,0.0000,true,1,87172
7290012116629,false,סנו די תינוקות/ילדים,סנו מפעלי ברונוס בעמ,IL,סנו די תחליב דוחה יתושים לתינוקות ולילדים 50 מל,מיליליטרים,50.00,"100 מ""ל",false,1,19.90,39.8000,true,1,58663
7290012116674,false,דאו גל לגבר קול,קוסמופארם,IL,קרמה מן דאודורנט ג'ל אנטיפרספרינט קול 70 מל,מיליליטרים,75.00,"100 מ""ל",false,1,16.90,22.5333,true,1,58775
7290012116735,false,נ ט סופט גליל גמבו 2,סנו מפעלי ברונוס בעמ,IL,נ ט סופט גליל גמבו 24 יחידות,מטרים,90000.00,מטר,false,1,42.90,0.0005,true,1,78597
7290012117091,false,אבקת כביסה סנסטיב,סנו,IL,אבקת כביסה מרוכזת SENSITIVE,קילוגרמים,6.00,"ק""ג",false,1,49.90,8.3167,true,1,65008
7290012117275,false,סנוקליר חלונות,סנו מפעלי ברונו בעמ,IL,"סנוקליר חלונות 750 מ""ל מילוי",מיליליטרים,750.00,"100 מ""ל",false,1,8.90,1.1867,true,1,62402
7290012117350,false,ריצפז פרש לילך לבנדר,"סנו מפעלי ברונוס בע""",IL,ריצפז פרש לילך 2 ליטר,ליטרים,2.00,ליטר,false,1,18.90,9.4500,true,1,62403
7290012117428,false,"ג""ל רחצה ושמפו קרמה",קוסמופארם בע''מ,IL,קרמה מן שמפו וג'ל 2 ב-1 מנטה 700 מ''ל,מיליליטרים,700.00,"100 מ""ל",false,1,18.90,2.7000,true,1,58778
7290012117435,false,קרמה גל רחצה אלוורה,טרופיקל דגיל תעשיות,IL,קרמה מן שמפו וג'ל רחצה 2 ב-1 אלוורה 700 מ''ל,מיליליטרים,700.00,"100 מ""ל",false,1,18.90,2.7000,true,1,58779
7290012117534,false,מרכך כביסה מרוכז,"איי, בי, אינבוו",IL,מקסימה מרכך כביסה מרוכז (COOL) 1 ליטר,ליטרים,1.00,ליטר,false,1,18.90,18.9000,true,1,67156
7290012117732,false,מרכך כביסה מקסימה,סנו,IL,מרכך כביסה מקסימה קול שחור 4 ל,ליטרים,4.00,ליטר,false,1,22.90,5.7250,true,1,81629
7290012117916,false,אינסטלטור נוזלי,"סנו מפעלי ברונוס בע""",IL,אינסטלטור נוזלי סנו,ליטרים,1.00,ליטר,false,1,28.90,28.9000,true,1,87646
7290012139482,false,עצם בציפוי עוף,PINGYANG LELE PET PR,CN,בונזו גוי עצם לחוצה מעושנת בציפוי עוף 3,גרמים,160.00,100 גרם,false,1,22.90,14.3125,true,1,75697
7290012139499,false,עצם מעושנת בציפוי,Ping Yang,,"בונזו ג""וי עצם לחוצה מעושנת בצ",גרמים,160.00,100 גרם,false,1,22.90,14.3125,true,1,73232
7290012139567,false,"מזון כלבים בונזו ג""ו",Ping Yang,,"מזון כלבים בונזו ג""וי ביסקוויט עוף 90 גר",גרמים,90.00,100 גרם,false,1,17.90,19.8889,true,1,84243
7290012159411,false,לבבות דקל חתוך 400 ג,יושלם,,לבבות דקל חתוך 400 גרם,גרמים,400.00,100 גרם,false,1,9.90,2.4750,true,1,79150
7290012193125,false,סוכרלוז מרמולייט 150,מיוצר עי קונדיטוריית,CN,מרמולייט ממתיק על בסיס סוכרלוז 150 טבליות,לא מנהל יחידת מידה,0.00,לא מנהל יחידת מידה,false,1,26.90,0.0000,true,1,50198
7290012193163,false,פמילי לקשרי אלסבון,אף.סי תבליני בגליל ב,TR,פמילי אל סבון נוזלי פרחי בר רעננים 1 ליטר,ליטרים,1.00,ליטר,false,1,14.90,14.9000,true,1,86555
7290012226021,false,סלמי מעושן פראג זוגל,זוגלובק,IL,זוגלובק סלמי מעושן פראג 400 גרם א.מ.,גרמים,400.00,100 גרם,false,1,22.90,5.7250,true,1,65447
7290012226076,false,פסטרמה חרמון 200 גרם,כצט,IL,זוגלובק חרמון הודו ועוף 200 גרם,גרמים,200.00,100 גרם,false,1,14.90,7.4500,true,1,130450
7290012226120,false,קבנוס 135 גרם,כצט,IL,זוגלובק קבנוס 135 גרם,גרמים,135.00,100 גרם,false,1,12.50,9.2593,true,1,70968
7290012226342,true,נקניקיה מן הצומח זוג,כצט,IL,נקניקיה מן הצומח זוגלוס 460גרם,גרמים,460.00,100 גרם,false,1,30.90,6.7174,true,1,124988
7290012226922,false,קבנוס עם שום 135 גרם,כצט,IL,זוגלובק קבנוס עם שום 135 גרם,גרמים,135.00,100 גרם,false,1,12.50,9.2593,true,1,75299
7290012226939,false,"קבנוס עם צ""לי חריף 1",זוגלובק,IL,זוגלובק קבנוס עם צ'ילי חריף 135 גרם,גרמים,135.00,100 גרם,false,1,12.50,9.2593,true,1,75300
7290012227172,false,מארז  כפריות פסטרמות,כצט,IL,כפריות פסטרמות הודו דבש+ברביקיו  זוגלובק,גרמים,600.00,100 גרם,false,1,33.90,5.6500,true,1,85574
7290012227325,false,סלמי מעושן איטלקי דק,כצט,IL,זוגלובק סלמי מעושן איטלקי 120 גרם דק דק דק,גרמים,120.00,100 גרם,false,1,14.90,12.4167,true,1,123379
7290012227974,false,פסטרמה בדבש דק דק 12,כצט,IL,זוגלובק פסטרמה בדבש 120 גרם דק דק דק,גרמים,120.00,100 גרם,false,1,14.90,12.4167,true,1,123381
7290012227981,false,פסטרמה ברביקיו דק דק,כצט,IL,זוגלובק פסטרמה ברביקיו 120 גרם דק דק דק,גרמים,120.00,100 גרם,false,1,14.90,12.4167,true,1,123382
7290012227998,false,חזה בקר דק דק 120 גר,כצט,IL,זוגלובק חזה בקר 120 גרם דק דק דק,גרמים,120.00,100 גרם,false,1,14.90,12.4167,true,1,123380
7290012228261,false,נקנקיות בוקוורסט הוד,כצט,IL,זוגלובק נקניקיות הודו פרמיום קנקרס ריינהולד'ס,גרמים,300.00,100 גרם,false,1,20.00,6.6667,true,1,119698
7290012228278,false,נקנקיות בוקוורסט הוד,כצט,IL,זוגלובק נקניקיות הודו -בקר (בוקוורסט) ריינהולדס,גרמים,310.00,100 גרם,false,1,20.00,6.4516,true,1,119697
7290012228971,false,סלמי תה פפרוני זוגלו,זוגלובק,IL,סלמי תה פפרוני זוגלובק  180 גרם,גרמים,180.00,100 גרם,false,1,14.90,8.2778,true,1,156356
7290012228988,false,חרמון הודו ועוף בדבש,זוגלובק,IL,חרמון הודו ועוף בדבש זוגלובק 200 גרם,גרמים,200.00,100 גרם,false,1,14.90,7.4500,true,1,156357
7290012244018,false,עוגת מוס ריבת חלב,"גידרון תעשיות בע""מ",,עוגת מוס ריבת חלב,יחידה,1.00,יחידה,false,1,69.90,69.9000,true,1,48305
7290012244070,false,עוגת שכבות שוקולד,"גידרון תעשיות בע""מ",,עוגת שכבות שוקולד,גרמים,920.00,100 גרם,false,1,68.00,7.3913,true,1,48312
7290012245176,false,CHIPS  וופל ציפס קרי,אגריסטו,BE,CHIPS  וופל ציפס קריספי 700גרם,גרמים,700.00,100 גרם,false,1,13.90,1.9857,true,1,157615
7290012245183,false,CHIPS  ציפס  קריספי,אגריסטו,BE,CHIPS  ציפס  קריספי קלאסי700גרם,גרמים,700.00,100 גרם,false,1,11.90,1.7000,true,1,157616
7290012245275,false,CHIPS ציפס בטטה קריס,אגריסטו,BE,"CHIPS ציפס בטטה קריספי  1 ק""ג",קילוגרמים,1.00,"ק""ג",false,1,27.90,27.9000,true,1,157617
7290012245312,false,גולד ציפס אמריקאי 1.,יוליניבר,BE,ציפס אמריקאי 1.5 קג,קילוגרמים,1.50,"ק""ג",false,1,20.90,13.9333,true,1,122827
7290012245329,false,גולד ציפס קלאסיק 1.5,יוליניבר,BE,ציפס בחיתוך קלאסי 1.5 קג,קילוגרמים,1.50,"ק""ג",false,1,20.90,13.9333,true,1,122828
7290012245336,false,סטייק ציפס גולד 1.5,אגריסטו,NL,"סטייק ציפס גולד 1.5 ק""ג",קילוגרמים,1.50,"ק""ג",false,1,20.90,13.9333,true,1,158308
7290012245343,false,גולד ציפס זיג זג 1.5,יוליניבר,BE,ציפס זיג זג 1.5 קג,קילוגרמים,1.50,"ק""ג",false,1,20.90,13.9333,true,1,122829
7290012309311,false,ערמונים מקולפים,"דין שיווק וקליה בע""מ",,ערמונים מקולפים 105 גרם,גרמים,105.00,100 גרם,false,1,6.90,6.5714,true,1,55473
7290012309939,false,חלבה מסולסלת 500 גרם,אף.סי תבליני בגליל ב,IL,חלבה מסולסלת 500 גרם ששון הקולה,גרמים,500.00,100 גרם,false,1,14.90,2.9800,true,1,98374
7290012313547,false,זית קלמטה,,,זית קלמטה,יחידה,1.00,יחידה,false,1,9.90,9.9000,true,1,112798
7290012313554,false,עלי גפן 400 גרם יבנה,קדבורי,IL,"קבוצת יבנה, עלי גפן ממולאים אורז",גרמים,400.00,100 גרם,false,1,8.90,2.2250,true,1,116435
7290012349409,false,מסיכת שיער שמן קיק מ,ש.שוורץ,IL,מסיכת שיער שמן קיק מועשר בספירולינה 450,מיליליטרים,450.00,"100 מ""ל",false,1,45.90,10.2000,true,1,160605
7290012349454,false,"תחליב רחצה מלון, חומ",ש.שוורץ,IL,"תחליב רחצה מלון, חומצה הילרונית ושמן קיק",מיליליטרים,450.00,"100 מ""ל",false,1,32.90,7.3111,true,1,160606
7290012349508,false,"תחליב רחצה אביב, חומ",ש.שוורץ,IL,"תחליב רחצה אביב, חומצה הילרונית ושמן קיק",מיליליטרים,450.00,"100 מ""ל",false,1,32.90,7.3111,true,1,160607
7290012352010,false,לחות+ שמן ארגמן ש.יב,מיוצר עי אמיליה קוסמ,IL,"לחות+ שמן ארגמן ש.יבש 400 מ""ל",מיליליטרים,400.00,"100 מ""ל",false,1,26.60,6.6500,true,1,64437
7290012352034,false,לחות + שמן מקדמיה,אמיליה קוסמטיקס בעמ,IL,לחות + שמן מקדמיה ש.מתולתל          400,מיליליטרים,400.00,"100 מ""ל",false,1,26.60,6.6500,true,1,64846
7290012404177,false,שוופס מוגז פירות תפו,יפאורה תבורי בעמ,IL,"שוופס מוגז פירות תפוחים 330 מ""ל זכוכית",מיליליטרים,330.00,"100 מ""ל",false,1,6.90,2.0909,true,1,62729
7290012404955,false,נקטר ספרינג חמוציות,"כד בני דרום בע""מ",IL,ספרינג Collection נקטר חמוציות 1.25 ל',ליטרים,1.25,ליטר,false,1,14.00,11.2000,true,1,72254
7290012404993,false,נקטר ספרינג דיאט חמו,"כד בני דרום בע""מ",IL,ספרינג Collection נקטר דיאט חמוציות 1.25 ל',ליטרים,1.25,ליטר,false,1,13.50,10.8000,true,1,71150
7290012413612,false,תה ירוק חמוציות,ויסוצקי,IL,תה ירוק חמוציות T.T,גרמים,37.00,100 גרם,false,1,25.90,70.0000,true,1,87486
7290012413636,false,תה ירוק צאי מסאלה25,HIQ FOOD PRODUCTS,IL,תה ירוק צ'אי T.T,גרמים,37.00,100 גרם,false,1,25.90,70.0000,true,1,81630
7290012413643,false,תה ירוק קמומיל 25 שק,ארזינא,IL,תה ירוק קמומיל T.T,גרמים,37.00,100 גרם,false,1,25.90,70.0000,true,1,87487
7290012454578,false,קישוט לעוגה לבן מיה,מיה,IL,קישוט לעוגה לבן מיה  70גרם,גרמים,70.00,100 גרם,false,1,5.90,8.4286,true,1,160086
7290012475108,false,קפה שעורה,קרלו,EG,משקה שעורה נמס 75 גר,גרמים,75.00,100 גרם,false,1,14.90,19.8667,true,1,74940
7290012483011,false,פולי סויה קפואים 1 ק,ויליפוד,IL,פולי סויה קפואים 1 קג ויליפוד,קילוגרמים,1.00,"ק""ג",false,1,16.90,16.9000,true,1,113577
7290012483608,false,"אורז בסמטי 5 ק""ג",הנסיך- מפעל לייצור ט,IN,אורז בסמטי 5קג DAAWAT,קילוגרמים,5.00,"ק""ג",false,1,49.90,9.9800,true,1,125460
7290012522581,false,שניצל תירס ללא גלוטן,כצט,IL,שניצל תירס ללא גלוטן 660 גרם,גרמים,660.00,100 גרם,false,1,32.90,4.9848,true,1,82334
7290012525452,false,טילון אקסטרים שוקו ו,המאפיה של הרמן,IL,אקסטרים טילון שוקו וניל בדצ 24*70גרם-חדש,גרמים,70.00,100 גרם,false,1,9.50,13.5714,true,1,66728
7290012561337,false,דורות כורכום טרי כתו,גוד פוד פרודקטס S.p,IL,דורות כורכום טרי כתוש 32*70גרם,גרמים,70.00,100 גרם,false,1,11.90,17.0000,true,1,129854
7290012561405,false,בצל חצי מטוגן,,IL,בצל חצי מטוגן 180 גרם,גרמים,180.00,100 גרם,false,1,12.40,6.8889,true,1,62431
7290012576362,false,יין ספיישל רזבר קברנ,טמפו,,יין ספיישל רזבר קברנה סוביניון,מיליליטרים,750.00,"100 מ""ל",false,1,74.90,9.9867,true,1,145564
7290012594014,false,לחם שיפון פרוס,מאפיית רפאל,,לחם שיפון פרוס,גרמים,650.00,100 גרם,false,1,15.90,2.4462,true,1,73121
7290012594038,false,חלה פרוסה  500,מאפיית רפאל,IL,חלה פרוסה  500,גרמים,500.00,100 גרם,false,1,11.90,2.3800,true,1,88146
7290012602627,true,יערה בדבש,,,יערה בדבש,לא מנהל יחידת מידה,0.00,לא מנהל יחידת מידה,false,1,42.90,0.0000,true,1,117545
7290012637032,false,זעתר האזוב המקראי 10,,IL,זעתר האזוב המקראי 100 גרם,גרמים,100.00,100 גרם,false,1,15.90,15.9000,true,1,160485
7290012642562,true,מיץ שזיפים 946 מל,,,מיץ שזיפים 946 מל,מיליליטרים,946.00,"100 מ""ל",false,1,22.90,2.4207,true,1,130821
7290012642586,false,ערמונים קלופים 100 ג,Tangshan huiyuan foo,,ערמונים קלופים 100 גר תומר,גרמים,100.00,100 גרם,false,1,4.90,4.9000,true,1,88154
7290012642814,true,פלפל מעורב בחומץ חרי,,,פלפל מעורב בחומץ חרי,לא מנהל יחידת מידה,0.00,לא מנהל יחידת מידה,false,1,12.90,0.0000,true,1,130823
7290012642876,false,פלפלים מעורבים,יושלם,,פלפלים מעורבים כבושים 530   גר,גרמים,530.00,100 גרם,false,1,12.90,2.4340,true,1,102752
7290012645051,false,יוגורט עיזים בגביע,,IL,יוגורט עיזים בגביע 350 גר,גרמים,350.00,100 גרם,false,1,11.50,3.2857,true,1,148346
7290012645075,false,יוגורט כבשים יווני ח,חלב הארץ,IL,יוגורט כבשים יווני חלב הארץ 350גרם,גרמים,350.00,100 גרם,false,1,11.90,3.4000,true,1,153414
7290012645112,false,"יוגורט עיזים 750 מ""ל",פרח,IL,"יוגורט עיזים 750 מ""ל",מיליליטרים,750.00,"100 מ""ל",false,1,19.90,2.6533,true,1,122968
7290012645129,false,"יוגורט כבשים 750 מ""ל",פרח,IL,"יוגורט כבשים 750 מ""ל",מיליליטרים,750.00,"100 מ""ל",false,1,19.90,2.6533,true,1,122967
7290012645174,false,גבינת עיזים  5% חלב,חלב הארץ,IL,גבינת עיזים  5% חלב הארץ  200גרם,גרמים,200.00,100 גרם,false,1,13.90,6.9500,true,1,157886
7290012645280,false,יוגורט כבשים בסגנון,מחלבות סוסיא,IL,יוגורט כבשים בסגנון יווני חלב הארץ 150 ג,גרמים,150.00,100 גרם,false,1,5.90,3.9333,true,1,155785
7290012665059,true,קובה מרק 400 גר חמים,,,קובה מרק 400 גר חמים,לא מנהל יחידת מידה,0.00,לא מנהל יחידת מידה,false,1,19.90,0.0000,true,1,124750
7290012697241,false,סוכרזית סטיוויה נוזל,אף.סי תבליני בגליל ב,IL,סוכרזית מצמח הסטיוויה נוזל,מיליליטרים,220.00,"100 מ""ל",false,1,32.90,14.9545,true,1,84263
7290012738579,false,מצה מקמח מלא אורגני,מצות יהודה,IL,מצה מקמח מלא אורגני מצות יהודה 300גרם,גרמים,300.00,100 גרם,false,1,21.90,7.3000,true,1,128513
7290012759017,false,חטיף אנרגיה מיקס ממה,ממה חטיפי אנרגיה,,חטיף אנרגיה מיקס ממה 50 גרם,גרמים,50.00,100 גרם,false,1,7.50,15.0000,true,1,58416
7290012759031,false,חטיף אנרגיה בננה ופק,ממה חטיפי אנרגיה,,חטיף אנרגיה בננה ופקאן ממה אישי 50 גרם,גרמים,50.00,100 גרם,false,1,7.50,15.0000,true,1,66853
7290012759253,false,טרפלס תמרים וקקאו 28,ממה חטיפי אנרגיה,,טרפלס תמרים וקקאו 280 גרם,גרמים,280.00,100 גרם,false,1,32.90,11.7500,true,1,91880
7290012759444,false,טרפלס חמאת בוטנים 28,ממה חטיפי אנרגיה,,טרפלס חמאת בוטנים 280 גרם,גרמים,280.00,100 גרם,false,1,32.90,11.7500,true,1,111407
7290012759468,false,חטיף אנרגיה תמרים ח.,ממה חטיפי אנרגיה,,חטיף אנרגיה תמרים ח.בוטנים ממה 50 גרם,גרמים,50.00,100 גרם,false,1,7.50,15.0000,true,1,116354
7290012759529,false,טרפלס טחינה ושקדים 2,ממה חטיפי אנרגיה,,טרפלס טחינה ושקדים 280 גרם,גרמים,280.00,100 גרם,false,1,32.90,11.7500,true,1,120709
7290012759659,false,עוגיות בראוניז קוקוס,ממה חטיפי אנרגיה,IL,עוגיות בראוניז קוקוס ואגוז מלך 240 גרם,גרמים,240.00,100 גרם,false,1,27.90,11.6250,true,1,130620
7290012759673,false,עוגיות בראוניז חמאת,ממה חטיפי אנרגיה,IL,עוגיות בראוניז חמאת בוטנים 240 גרם,גרמים,240.00,100 גרם,false,1,27.90,11.6250,true,1,130618
7290012759710,false,חטיף בראוניז קוקוס ו,ממה חטיפי אנרגיה,IL,חטיף בראוניז קוקוס ואגוז מלך 50 גרם,גרמים,50.00,100 גרם,false,1,8.50,17.0000,true,1,130617
7290012759727,false,חטיף בראוניז פקאן ופ,ממה חטיפי אנרגיה,IL,חטיף בראוניז פקאן ופולי קקאו 50 גרם,גרמים,50.00,100 גרם,false,1,8.50,17.0000,true,1,130616
7290012759949,false,מארז חטיף חלבון תמר,ממה,IL,מארז חטיף חלבון תמר קרם לוז יה עם חלבון,גרמים,50.00,100 גרם,false,1,9.90,19.8000,true,1,150989
7290012759956,false,מארז חטיף חלבון תמר,ממה,IL,מארז חטיף חלבון תמר פקאן  עם חלבון,גרמים,50.00,100 גרם,false,1,9.90,19.8000,true,1,150990
7290012803215,false,ופל בלגי בטעם שוקולד,בטר אנד דיפרנט,IL,ופל בלגי בטעם שוקולד 200 גרם,גרמים,200.00,100 גרם,false,1,10.80,5.4000,true,1,84685
7290012803222,false,ופל בלגי בטעם לימון,בטר אנד דיפרנט,IL,ופל בלגי בטעם לימון 200 גרם,גרמים,200.00,100 גרם,false,1,10.80,5.4000,true,1,84393
7290012803314,false,סוכרלוז 300 טבליות,מיוצר עי קונדיטוריית,CN,מרמולייט סוכרלוז ממתיק 300 טבליות,Unknown,0.00,Unknown,false,1,48.40,0.0000,true,1,64697
7290012803352,false,תרסיס רייד קוטל חרקי,אס.סי.ג'ונסון מידרכט,NL,"תרסיס רייד קוטל חרקים מעופפים 300 מ""ל",מיליליטרים,300.00,"100 מ""ל",false,1,19.90,6.6333,true,1,70007
7290012803765,false,שוקולד מריר ללא סוכר,האי נאם סי או אל.טי.,TR,טוסו שוקולד מריר ללא תוספת סוכר 100 גרם,גרמים,100.00,100 גרם,false,1,11.90,11.9000,true,1,84482
7290012803772,false,שוקולד חלב ללא סוכר,האי נאם סי או אל.טי.,TR,טוסו שוקולד חלב ללא תוספת סוכר 100 גרם,גרמים,100.00,100 גרם,false,1,11.90,11.9000,true,1,84483
7290012803789,false,שוקולד מריר,האי נאם סי או אל.טי.,TR,טוסו שוקולד מריר עם אגוזים ללא תוספת סוכר  100 גרם,גרמים,100.00,100 גרם,false,1,11.90,11.9000,true,1,84484
7290012803796,false,שוקולד חלב עם אגוזים,ALTINMARKA,TR,טוסו שוקולד חלב עם אגוזים ללא תוספת סוכר 100 גר',גרמים,100.00,100 גרם,false,1,12.60,12.6000,true,1,84485
7290012823381,false,מרכך כביסה סנסטיב,"סנו מפעלי ברונוס בע""",IL,מרכך מרוכז סנסטיב 1 ליטר 40 כביסות,ליטרים,1.00,ליטר,false,1,18.90,18.9000,true,1,67339
7290012823398,false,מטליות לחות לריצפה ב,סנו מפעלי ברונו בעמ,IL,"סנו רצפז, מטליות לחות לניקוי הרצפה,970 גרם",יחידה,1.00,יחידה,false,1,14.90,14.9000,true,1,121409
7290012823541,false,ריצפז מטליות לחות לר,"סנו מפעלי ברונוס בע""",IL,מטליות ריצפז פרש לבנדר,לא מנהל יחידת מידה,0.00,לא מנהל יחידת מידה,false,1,12.90,0.0000,true,1,66184
7290012823558,false,מטליות לחות לריצפה ס,דינאמיק תעשיות,,מטליות לחות לריצפה סנו סושי 10 יחידות,Unknown,0.00,Unknown,false,1,13.90,0.0000,true,1,68147
7290012823602,false,נייר טואלט סופט 32 ג,טרופיקל דגיל תעשיות,IL,נייר טואלט סופט 32 גלילים,מטרים,58800.00,מטר,false,1,33.90,0.0006,true,1,74148
7290012823947,false,מרכך כביסה פרפיום קר,סנו מפעלי ברונוס בעמ,IL,"מרכך כביסה פרפיום קריסטל נואר 750 מ""ל",מיליליטרים,750.00,"100 מ""ל",false,1,18.90,2.5200,true,1,72180
7290012871061,false,דגן תירס פופ מתוק 15,דגן,IL,דגן תירס פופ מתוק 150 גרם,גרמים,150.00,100 גרם,false,1,6.90,4.6000,true,1,111905
7290012871436,true,5 דגנים מלאים בדבש ו,,,5 דגנים מלאים בדבש ו,Unknown,0.00,Unknown,false,1,9.90,0.0000,true,1,129658
7290012878251,true,שמפו זית שיער רגיל 7,,,שמפו זית שיער רגיל 7,Unknown,0.00,Unknown,false,1,21.90,0.0000,true,1,140508
7290012878817,false,קרם חמצן 6% שוורץ,ש.שוורץ,,קרם חמצן 6% שוורץ,לא מנהל יחידת מידה,0.00,לא מנהל יחידת מידה,false,1,4.90,0.0000,true,1,71212
7290012878886,false,סבון נוזלי רימונים-ש,ש.שוורץ,,סבון נוזלי רימונים-שוורץ,ליטרים,1.00,ליטר,false,1,12.00,12.0000,true,1,71775
7290012884986,false,תפוגן לתנור 4% שומן,,IL,תפוגן צ'יפס לתנור עד 4%שומן בלבד 8*1.5קג,קילוגרמים,1.50,"ק""ג",false,1,26.90,17.9333,true,1,92535
7290012901355,false,אטריות מקרוני עם גבי,האי נאם סי או אל.טי.,US,ארוחת מקרוני עם רוטב על בסיס גבינה,גרמים,206.00,100 גרם,false,1,11.90,5.7767,true,1,104389
7290012901959,false,אטריות עם גבינה מסול,,US,אטריות עם גבינה מסולסלים Doodles גרם156,גרמים,156.00,100 גרם,false,1,11.90,7.6282,true,1,147251
7290012911088,false,רוטב סויה בהירה,,,"רוטב סויה בהירה 500 מ""ל",מיליליטרים,500.00,"100 מ""ל",false,1,10.90,2.1800,true,1,64371
7290012911170,false,"מיסו כהה אסיה 500 מ""",פוקולוקו,,"מיסו כהה אסיה 500 מ""ל",מיליליטרים,500.00,"100 מ""ל",false,1,11.90,2.3800,true,1,70760
7290012911187,false,מיסו בהיר אסיה 500 מ,אסיה,,"מיסו בהיר אסיה 500 מ""ל",מיליליטרים,500.00,"100 מ""ל",false,1,11.90,2.3800,true,1,70898
7290012911224,false,סאקה 750 מל,יושלם,,סאקה 750 מל,מיליליטרים,750.00,"100 מ""ל",false,1,27.90,3.7200,true,1,68600
7290012911262,false,"מירין משובח  500 מ""ל",פוקולוקו,,"מירין משובח  500 מ""ל",מיליליטרים,500.00,"100 מ""ל",false,1,25.90,5.1800,true,1,80232
7290012911293,false,"דפי אורז 22 ס""מ 300",אסיה,,"דפי אורז 22 ס""מ 300  גרם",גרמים,300.00,100 גרם,false,1,11.90,3.9667,true,1,69055
7290012911415,false,ממרח קארי ירוק 400 ג,קיי אר אס ספייסי פוד,,ממרח קארי ירוק 400 גרם,גרמים,400.00,100 גרם,false,1,17.90,4.4750,true,1,80820
7290012911422,false,ממרח קארי אדום 400 ג,מזרח ומערב,,ממרח קארי אדום 400 גרם,גרמים,400.00,100 גרם,false,1,17.90,4.4750,true,1,80596
7290012911439,false,ממרח קארי צהוב 400 ג,מזרח ומערב,,ממרח קארי צהוב 400 גרם,גרמים,400.00,100 גרם,false,1,17.90,4.4750,true,1,80821
7290012911477,false,קרם קוקוס גולד 400 ג,אסיה,,קרם קוקוס גולד 400 גרם,גרמים,400.00,100 גרם,false,1,7.90,1.9750,true,1,77474
7290012911583,false,רצועות דלעת כבושה קנ,מזרח מערב,,רצועות דלעת כבושה קנפיו 100 גרם,גרמים,100.00,100 גרם,false,1,9.90,9.9000,true,1,79515
7290012911613,false,צנון יפני כבוש,,,צנון יפני כבוש,גרמים,100.00,100 גרם,false,1,8.90,8.9000,true,1,80819
7290012911651,false,איטריות אורז 400 גר,להיאן תאי רייס,,איטריות אורז 400 גר,יחידה,1.00,יחידה,false,1,8.90,8.9000,true,1,82448
7290012911675,false,פטריות שיטאקה אסיה 8,מזרח מערב,IL,פטריות שיטאקה אסיה 85 גרם,גרמים,85.00,100 גרם,false,1,17.90,21.0588,true,1,87904
7290012911729,false,גינגר לסושי אסיה 250,פוקולוקו,,גינגר לסושי אסיה 250 גרם,גרמים,250.00,100 גרם,false,1,7.50,3.0000,true,1,87235
7290012911804,false,שמן שומשום אסיה 150,מזרח מערב,,"שמן שומשום אסיה 150 מ""ל",מיליליטרים,150.00,"100 מ""ל",false,1,11.90,7.9333,true,1,76770
7290012911866,false,דפי אורז מרובעים 300,פוקולוקו,,דפי אורז מרובעים 300 גרם,גרמים,300.00,100 גרם,false,1,11.90,3.9667,true,1,90338
7290012911934,false,שבבי אורז,יושלם,,שבבי אורז,יחידה,1.00,יחידה,false,1,10.90,10.9000,true,1,94190
7290012911941,false,רוטב צילי מתוק ללא ס,,,רוטב צילי מתוק ללא סוכר700גרם,גרמים,700.00,100 גרם,false,1,13.90,1.9857,true,1,87658
7290012911965,false,גינגר כבוש 250 גר מז,יושלם,,גינגר כבוש 250 גר מזרח ומערב,גרמים,250.00,100 גרם,false,1,8.90,3.5600,true,1,92542
7290012921025,false,בירה מלכה בהירה בקבו,"איי, בי, אינבוו",IL,בירה מלכה בהירה 6.5% כוהל 330 מל,מיליליטרים,330.00,"100 מ""ל",false,1,13.90,4.2121,true,1,81549
7290012921032,false,בירה מלכה אדמונית בק,"איי, בי, אינבוו",IL,בירה מלכה אדמונית 5.5% כוהל 330 מל,מיליליטרים,330.00,"100 מ""ל",false,1,13.90,4.2121,true,1,81548
7290012921049,false,בירה מלכה ככה 330 (6,"איי, בי, אינבוו",IL,"בירה מלכה, כהה, 330 מל",מיליליטרים,330.00,"100 מ""ל",false,1,13.90,4.2121,true,1,83884
7290012921056,false,בירה מלכה חיטה בקבוק,"איי, בי, אינבוו",IL,"בירה מלכה חיטה, 330 מל",מיליליטרים,330.00,"100 מ""ל",false,1,13.90,4.2121,true,1,83883
7290012931864,false,שיפודים עבים,יושלם,,שיפודים עבים,לא מנהל יחידת מידה,0.01,לא מנהל יחידת מידה,false,1,4.90,490.0000,true,1,102373
7290012936838,true,הל טחון 35גרם,א.ל ייצור ושיווק תבל,IL,תבליני מימון הל טחון 35 גרם,Unknown,0.00,Unknown,false,1,17.90,0.0000,true,1,128918
7290012936845,false,תבלין לקוסקוס,יושלם,,תבלין לקוסקוס 50גרם,גרמים,50.00,100 גרם,false,1,10.90,21.8000,true,1,72377
7290012936937,false,בהרט,TLV צ'יף,IL,תבליני מימון בהרט 40 גרם,Unknown,0.00,Unknown,false,1,11.50,0.0000,true,1,72381
7290012938580,false,סנסודיין משחת שיניים,גלקסוסמית'קליין קונס,,סנסודיין משחת שיניים הלבנה עדינה 75 מל,מיליליטרים,75.00,"100 מ""ל",false,1,21.90,29.2000,true,1,77661
7290012938597,false,מש .שיניים רפיד רליף,"סמיתקליין ביצ'ם בע""מ",,סנסודיין משחת שיניים הקלה מיידית 75 מל,מיליליטרים,75.00,"100 מ""ל",false,1,21.90,29.2000,true,1,74876
7290012938740,false,סנסודיין מנטה,DE MICLEN,,סנסודיין משחת שיניים מנטה מרענן 75 מל,מיליליטרים,75.00,"100 מ""ל",false,1,21.90,29.2000,true,1,85603
7290012962974,false,כפית מהודרת עבה במיו,F.T.I,,כפית מהודרת עבה במיוחד 50 יחידות,לא מנהל יחידת מידה,0.00,לא מנהל יחידת מידה,false,1,8.90,0.0000,true,1,127181
7290012969843,true,תבניות אלומיניום למא,,,תבניות אלומיניום למא,,0.00,,false,,14.90,0.0000,true,1,160640
7290012983153,false,סילאן טבעי לחיץ 400,מנדלז סי.אר. פרודקשן,IL,סילאן טבעי 400 לחיץ,גרמים,400.00,100 גרם,false,1,20.90,5.2250,true,1,96030
7290012983610,true,תמר כבוש,מנדלז סי.אר. פרודקשן,IL,תמר כבוש 500 גר',גרמים,500.00,100 גרם,false,1,15.90,3.1800,true,1,124823
7290012996610,false,טבליות אסלה 400 גרם,ג'נרל מילס סאן אדריא,DE,הפי טבליות לניקוי אסלה יעקבי 16 יחידות,גרמים,400.00,100 גרם,false,1,16.70,4.1750,true,1,73799
7290013027399,false,לחם 100% קמח מלא קל,"איטיליאן פוד, אס.פי.",IL,לחם 100% קמח מלא קל בתוספת שיפון,גרמים,750.00,100 גרם,false,1,16.90,2.2533,true,1,73800
7290013068361,false,שמן זית אליעד כתית מ,קרלו,IL,שמן זית אליעד כתית מעולה 750 מל,מיליליטרים,750.00,"100 מ""ל",false,1,36.90,4.9200,true,1,144556
7290013068699,false,שמן זית כתית מעולה ע,קרלו,IL,"שמן זית כתית מעולה עשיר אליעד 750מ""ל",מיליליטרים,750.00,"100 מ""ל",false,1,36.90,4.9200,true,1,148620
7290013068705,false,שמן זית כתית מעולה ק,קרלו,IL,שמן זית כתית מעולה קטיפתי אליעד750 מל,מיליליטרים,750.00,"100 מ""ל",false,1,36.90,4.9200,true,1,148619
7290013083661,false,אקסטרה קייר שלב   1,מטרנה תעשיות ש.מ,IL,מטרנה אקסטרה קייר שלב 1 חיסכון,גרמים,700.00,100 גרם,false,1,64.90,9.2714,true,1,70144
7290013083678,false,מטרנה אקסטרה קייר של,מולינו ניקולי s.p.a,IL,מטרנה אקסטרה קייר שלב 2  700 גרם,גרמים,700.00,100 גרם,false,1,64.90,9.2714,true,1,70145
7290013083685,false,מטרנה אקסטרה קייר של,מטרנה תעשיות ש.מ,IL,מטרנה אקסטרה קייר שלב 3 700 גרם,גרמים,700.00,100 גרם,false,1,64.90,9.2714,true,1,70146
7290013092236,false,רני מנטה,פייזר,,רני מנטה,Unknown,0.00,Unknown,false,1,29.90,0.0000,true,1,124185
7290013092571,false,בפנטן פלוס משחה,GP,,בפנטן פלוס משחה,Unknown,0.00,Unknown,false,1,34.90,0.0000,true,1,114034
7290013117212,false,בורקס פילו במילוי גב,מיוצר עי קונדיטוריית,IL,בורקס פילו במילוי גבינה 600 גרם,גרמים,600.00,100 גרם,false,1,22.50,3.7500,true,1,64261
7290013117229,false,בורקס פילו במילוי תפ,מיוצר עי קונדיטוריית,IL,"בורקס פילו במילוי תפו""א 600 גרם",גרמים,600.00,100 גרם,false,1,22.50,3.7500,true,1,64262
7290013117236,false,בורקס פילו פיצה 600,מיוצר עי קונדיטוריית,IL,בורקס פילו פיצה 600 גרם,גרמים,600.00,100 גרם,false,1,22.50,3.7500,true,1,64263
7290013117243,false,בורקס פילו בולגרית 6,מיוצר עי קונדיטוריית,IL,בורקס פילו בולגרית 600 גרם,גרמים,600.00,100 גרם,false,1,22.50,3.7500,true,1,64264
7290013117410,false,מארז בצק פריך מתוק,"מעדנות בע""מ",IL,מארז בצק פריך מתוק 450 גר            2*,גרמים,900.00,100 גרם,false,1,25.40,2.8222,true,1,75077
7290013117427,false,מארז בצק פריך מלוח *,"מעדנות בע""מ",IL,מארז בצק פריך מלוח *2  450 גרם,גרמים,900.00,100 גרם,false,1,25.40,2.8222,true,1,75078
7290013117526,false,בצק שמרים למאפים,"מעדנות בע""מ",IL,בצק שמרים למאפים מתוקים 900 גר,גרמים,900.00,100 גרם,false,1,25.40,2.8222,true,1,77057
7290013121011,false,חלת שבת ללא גלוטן 50,דולפין ספא,IL,חלת שבת ללא גלוטן 500 גרם,גרמים,500.00,100 גרם,false,1,25.90,5.1800,true,1,74346
7290013121028,false,לחם לבן ללא גלוטן 50,דולפין ספא,IL,לחם לבן ללא גלוטן 500 גרם,גרמים,500.00,100 גרם,false,1,20.90,4.1800,true,1,74347
7290013121035,false,לחם פשתן ללא גלוטן 5,דולפין ספא,IL,"לחם פשתן פרוס, לחם איכותי בתוספת זרעי פשתן טחונים",גרמים,500.00,100 גרם,false,1,21.90,4.3800,true,1,101708
7290013121042,false,לחם איטלקי ללא גלוטן,דולפין ספא,IL,לחם איטלקי פרוס גרינלייט,גרמים,500.00,100 גרם,false,1,21.90,4.3800,true,1,111186
7290013121103,false,שליש בגט 4 יחידות  4,דולפין ספא,IL,שליש בגט 4 יחידות  400 גרם,גרמים,400.00,100 גרם,false,1,20.90,5.2250,true,1,74348
7290013121110,false,לחמניות בורגר ללא גל,דולפין ספא,IL,לחמניות בורגר ללא גלוטן רביעייה 350 גרם,גרמים,350.00,100 גרם,false,1,20.90,5.9714,true,1,87873
7290013121127,false,"לחמניות מיני 6 יח  """,דולפין ספא,IL,לחמניות מיני 6 יח ללא גלוטן,גרמים,420.00,100 גרם,false,1,20.90,4.9762,true,1,74349
7290013121134,false,בייגל אמריקאי ללא גל,דולפין ספא,IL,בייגל אמריקאי גרינלייט,גרמים,430.00,100 גרם,false,1,21.90,5.0930,true,1,101709
7290013121158,false,לחמניות סנדוויץ ללא,דולפין ספא,IL,לחמניות סנדוויץ ללא גלוטן רביעייה 460 גר,גרמים,460.00,100 גרם,false,1,20.90,4.5435,true,1,87874
7290013121165,false,לחמניות ללא גלוטן שי,דולפין ספא,IL,לחמניות ללא גלוטן שישייה 460 גרם,גרמים,460.00,100 גרם,false,1,20.90,4.5435,true,1,87875
7290013121684,false,כדורי שוקולד ללא גלו,אביב קונדיטוריה מעול,,כדורי שוקולד ללא גלוטן 400 גרם,גרמים,400.00,100 גרם,false,1,26.90,6.7250,true,1,98600
7290013121691,false,לאפות גרין לייט שילש,דולפין ספא,IL,לאפות גרין לייט שילשייה,גרמים,240.00,100 גרם,false,1,19.90,8.2917,true,1,128082
7290013121769,false,שליט בגט  400 גרם,דולפין ספא,IL,שליט בגט  400 גרם,גרמים,400.00,100 גרם,false,1,20.90,5.2250,true,1,87877
7290013121776,false,לחם כפרי ללא סוכר,דולפין ספא,IL,לחם כפרי ללא גלוטן וללא סוכר,גרמים,700.00,100 גרם,false,1,22.90,3.2714,true,1,87878
7290013142450,true,"כורכום C3 ׁ(60) בד""צ",,,"4כורכום C3 ׁ(60) בד""צ",Unknown,0.00,Unknown,false,1,134.90,0.0000,true,1,135186
7290013144157,false,סחלב מיימונס 130 גרם,מיוצר עי קונדיטוריית,IL,סחלב מיימונס 130 גרם,גרמים,130.00,100 גרם,false,1,9.90,7.6154,true,1,117673
7290013144171,false,תערובת עוגת שוקולד,מיוצר עי קונדיטוריית,IL,"מיימונס, תערובת להכנת עוגה בטעם שוקולד, 560 גרם",גרמים,560.00,100 גרם,false,1,17.90,3.1964,true,1,84502
7290013144188,false,תערובת בראוניז,א.ל ייצור ושיווק תבל,IL,תערובת בראונס,גרמים,600.00,100 גרם,false,1,17.90,2.9833,true,1,125536
7290013144195,false,תערובת כדורי שוקולד,מיוצר עי קונדיטוריית,IL,"מימונס, תערובת כדורי שוקולד, 500 גרם",גרמים,500.00,100 גרם,false,1,17.90,3.5800,true,1,78972
7290013144201,false,תערובת פנקייק,מיוצר עי קונדיטוריית,IL,"מימונס, תערובת פנקייק, 400 גרם",גרמים,400.00,100 גרם,false,1,16.90,4.2250,true,1,67551
7290013144218,false,תערובת עוגת וניל,מיוצר עי קונדיטוריית,IL,תערובת עוגת וניל,גרמים,560.00,100 גרם,false,1,17.90,3.1964,true,1,67410
7290013144232,false,פודינג וניל מיימונס,מיוצר עי קונדיטוריית,IL,"מיימון, פודינג בטעם וניל צרפתי",גרמים,85.00,100 גרם,false,1,5.90,6.9412,true,1,67411
7290013144249,false,פודינג שוקולד מיימונ,א.ל ייצור ושיווק תבל,IL,פודינג שוקולד,גרמים,95.00,100 גרם,false,1,5.90,6.2105,true,1,67552
7290013144263,false,מלבי מיימונס 100גרם,א.ל ייצור תבלינים בע,IL,מימונס מאלבי 112 גרם,גרמים,100.00,100 גרם,false,1,10.90,10.9000,true,1,67505
7290013144287,false,"ג""לי תות",א.ל ייצור ושיווק תבל,IL,ג'לי תות,גרמים,85.00,100 גרם,false,1,6.30,7.4118,true,1,125567
7290013144317,false,גלילית וופל למילוי ג,הנסיך- מפעל לייצור ט,IL,מימונס ג'וני- גלילית וופל למילוי 150 גרם,לא מנהל יחידת מידה,0.00,לא מנהל יחידת מידה,false,1,22.90,0.0000,true,1,67497
7290013144393,false,תמצית וניל,מיוצר עי קונדיטוריית,IL,מימונס תמצית אפיה בטעם וניל 50 מל,מיליליטרים,50.00,"100 מ""ל",false,1,4.90,9.8000,true,1,79759
7290013144409,false,תמצית רום,מיוצר עי קונדיטוריית,IL,מימונס תמצית אפיה בטעם רום 50 מל,גרמים,50.00,100 גרם,false,1,4.90,9.8000,true,1,79760
7290013144416,false,תמצית שקדים,מיוצר עי קונדיטוריית,IL,מימונס תמצית אפיה בטעם שקדים 50 מל,גרמים,50.00,100 גרם,false,1,4.90,9.8000,true,1,97557
7290013144508,false,תמצית בטעם ורדים 50,מיוצר עי קונדיטוריית,IL,מימונס תמצית אפיה בטעם ורדים 50 מל,גרמים,50.00,100 גרם,false,1,9.90,19.8000,true,1,67509
7290013144515,false,צבע מאכל צהוב,מיוצר עי קונדיטוריית,IL,מימונס צבע מאכל צהוב 50 גרם,גרמים,50.00,100 גרם,false,1,4.50,9.0000,true,1,68598
7290013144522,false,צבע מאכל ירוק,מיוצר עי קונדיטוריית,IL,מימונס צבע מאכל ירוק 50 גרם,גרמים,50.00,100 גרם,false,1,4.50,9.0000,true,1,68599
7290013144539,false,צבע מאכל אדום,מיוצר עי קונדיטוריית,IL,מימונס צבע מאכל אדום 50 מל,גרמים,50.00,100 גרם,false,1,4.50,9.0000,true,1,67904
7290013144560,false,צבע מאכל כחול,מיוצר עי קונדיטוריית,IL,מימונס צבע מאכל כחול 50 גרם,גרמים,50.00,100 גרם,false,1,4.50,9.0000,true,1,67905
7290013144614,false,סירופ מייפל אמיתי,הנסיך- מפעל לייצור ט,DK,סירופ מייפל אמיתי 100% מקנדה 236 מל,מיליליטרים,236.00,"100 מ""ל",false,1,38.90,16.4831,true,1,68687
7290013144751,true,סירופ בטעם מייפל500,TLV צ'יף,IL,סירופ בטעם מייפל 500 גרם,מיליליטרים,500.00,"100 מ""ל",false,1,14.90,2.9800,true,1,125569
7290013144768,true,סירופ בטעם שוקולד,TLV צ'יף,IL,סירופ בטעם שוקולד 500 גרם,מיליליטרים,500.00,"100 מ""ל",false,1,14.90,2.9800,true,1,125570
7290013144980,false,תרסיס שמן קנולה 170,מולינו ניקולי s.p.a,FI,תרסיס שמן קנולה 170 גרם,גרמים,170.00,100 גרם,false,1,14.90,8.7647,true,1,125539
7290013145017,true,אגוז מלך קלוף מימונס,מיוצר עי קונדיטוריית,IL,אגוז מלך קלוף מימונס 100גרם,גרמים,100.00,100 גרם,false,1,13.90,13.9000,true,1,125573
7290013145024,true,אגוז מלך טחון מימונס,מיוצר עי קונדיטוריית,IL,אגוז מלך טחון מימונס 100גרם,גרמים,100.00,100 גרם,false,1,14.90,14.9000,true,1,70194
7290013145031,false,אגוזי לוז,מיוצר עי קונדיטוריית,IL,"מימונס,  אגוז לוז מסוכר, 100% טהור 100 גרם",Unknown,0.00,Unknown,false,1,14.90,0.0000,true,1,92210
7290013145048,true,צנוברים,מיוצר עי קונדיטוריית,IL,"מיימונס, צנוברים, 100 גרם",Unknown,0.00,Unknown,false,1,26.90,0.0000,true,1,125574
7290013145055,true,פרג שלם,א.ל ייצור ושיווק תבל,IL,פרג שלם,גרמים,100.00,100 גרם,false,1,6.90,6.9000,true,1,125575
7290013145062,true,סירופ מייפל אמיתי 10,הנסיך- מפעל לייצור ט,CA,"מימונס,100% סירופ מייפל, 187 מל",מיליליטרים,187.00,"100 מ""ל",false,1,27.90,14.9198,true,1,125576
7290013145079,true,שקד טבעי גרוס מימונס,מיוצר עי קונדיטוריית,IL,מימונס שקד טבעי גרוס 100 גרם,גרמים,100.00,100 גרם,false,1,14.90,14.9000,true,1,125577
7290013145093,true,שקד מולבן גרוס,מיוצר עי קונדיטוריית,IL,שקד מולבן גרוס,גרמים,100.00,100 גרם,false,1,14.90,14.9000,true,1,125578
7290013145109,true,שקד מולבן טחון 100גר,מיוצר עי קונדיטוריית,IL,"מיימונס, שקד מולבן טחון, 100 גרם",Unknown,0.00,Unknown,false,1,14.90,0.0000,true,1,73624
7290013145116,true,שקד מולבן מקלות,מיוצר עי קונדיטוריית,IL,"מיימונס, שקד מולבן מקלות,100 גרם",Unknown,0.00,Unknown,false,1,14.90,0.0000,true,1,125579
7290013145123,true,שקד מולבן פרוס,מיוצר עי קונדיטוריית,IL,מימונס שקד מולבן פרוס 100 גרם,Unknown,0.00,Unknown,false,1,14.90,0.0000,true,1,74119
7290013145130,true,שקד מולבן חצוי,מיוצר עי קונדיטוריית,IL,שקד מולבן חצוי,גרמים,100.00,100 גרם,false,1,14.90,14.9000,true,1,125580
7290013145161,true,פקאן מסוכר,מיוצר עי קונדיטוריית,IL,פקאן מסוכר,גרמים,100.00,100 גרם,false,1,17.90,17.9000,true,1,67499
7290013145178,true,קוקוס טחון לבן,מיוצר עי קונדיטוריית,IL,"מיימונס, קוקוס טחון לבן, 100 גרם",גרמים,100.00,100 גרם,false,1,4.90,4.9000,true,1,125581
7290013145192,true,שומשום,מיוצר עי קונדיטוריית,IL,"מימונס, שומשום, 100% טהור, 100 גרם",גרמים,100.00,100 גרם,false,1,4.90,4.9000,true,1,125582
7290013145215,false,שומשום מיימונס  400,מיוצר עי קונדיטוריית,IL,"מימונס, שומשום 100% טהור, 400 גרם",גרמים,400.00,100 גרם,false,1,15.90,3.9750,true,1,125542
7290013145246,true,גרעין חמניה מקולף,מיוצר עי קונדיטוריית,IL,גרעין חמנייה מקולף,Unknown,0.00,Unknown,false,1,5.90,0.0000,true,1,125583
7290013145277,true,עלים לקרמשניט מיימונ,דולפין ספא,IT,עלים לקרמשניט 300 גרם,גרמים,300.00,100 גרם,false,1,16.90,5.6333,true,1,125584
7290013145390,false,"שוקולד צ""יפס",הנסיך- מפעל לייצור ט,IL,נטיפים בטעם שוקולד לאפייה  250 גרם,גרמים,250.00,100 גרם,false,1,9.90,3.9600,true,1,70580
7290013145406,false,"שוקולד צ""יפס לבן",הנסיך- מפעל לייצור ט,IL,מימונס נטיפים בטעם שוקולד לבן 250 גרם,גרמים,250.00,100 גרם,false,1,9.90,3.9600,true,1,125568
7290013145437,false,שוקולד ציפס 48% מיימ,הנסיך- מפעל לייצור ט,IL,שוקולד צ'יפס מריר מעולה 48% מוצקי קקאו 250 גרם,גרמים,250.00,100 גרם,false,1,14.90,5.9600,true,1,77265
7290013145444,false,שוקולד ציפס     66%,המאפיה של הרמן,IL,שוקולד ציפס 250  66% גרם,גרמים,250.00,100 גרם,false,1,15.90,6.3600,true,1,98797
7290013145451,false,קקאו דל שומן מיימונס,מיוצר עי קונדיטוריית,IL,אבקת קקאו 150 גרם,גרמים,150.00,100 גרם,false,1,8.90,5.9333,true,1,125543
7290013145529,false,סוכריות צבעוניות,א.ל ייצור ושיווק תבל,IL,מימונס סוכריות צבעונית לקישוט 90 גרם,גרמים,90.00,100 גרם,false,1,5.30,5.8889,true,1,85274
7290013145536,true,סוכריות קישוט שוקולד,א.ל ייצור ושיווק תבל,IL,מימונס סוכריות בטעם שוקולד לקישוט,Unknown,0.00,Unknown,false,1,5.30,0.0000,true,1,125588
7290013145567,false,מיני עדשים,מיוצר עי קונדיטוריית,IL,מימונס מיני מיני עדשים 90 גרם,גרמים,90.00,100 גרם,false,1,9.90,11.0000,true,1,67503
7290013145574,false,ערכה לקישוט מימונס 1,א.ל ייצור ושיווק תבל,IL,ערכה לקישוט (מזרה עיגולים) 100 גרם,גרמים,100.00,100 גרם,false,1,12.90,12.9000,true,1,67897
7290013145659,false,גלי בטעם לימון 85 גר,א.ל ייצור ושיווק תבל,IL,מימונס ג'לי בטעם לימון 85 גרם,גרמים,85.00,100 גרם,false,1,6.30,7.4118,true,1,125547
7290013145710,false,דובדבנים מסוכרים,מיוצר עי קונדיטוריית,IL,דובדבנים מסוכרים לקישוט ואפייה,גרמים,100.00,100 גרם,false,1,8.90,8.9000,true,1,67501
7290013145826,false,פודינג בטעם וניל לבן,א.ל ייצור ושיווק תבל,IL,פודינג בטעם וניל לבן,גרמים,80.00,100 גרם,false,1,5.90,7.3750,true,1,117674
7290013145833,false,פודינג שוקולד אמיתי,א.ל ייצור ושיווק תבל,IL,מימונס פודינג שוקולד בלגי 95 גרם,גרמים,95.00,100 גרם,false,1,5.90,6.2105,true,1,125563
7290013145840,false,סוכר וניל,מיוצר עי קונדיטוריית,IL,סוכר וניל 10 יח' בצלופן,גרמים,100.00,100 גרם,false,1,2.50,2.5000,true,1,77185
7290013145857,false,אבקת אפיה,י. כהן בעמ,IL,אבקת אפיה 100 1/10 גר,גרמים,100.00,100 גרם,false,1,2.50,2.5000,true,1,77186
7290013145864,false,"ג""לטין טהור אבקה בד""",א.ל ייצור ושיווק תבל,IL,"ג""לטין טהור אבקה בד""צ 28 גרם",גרמים,28.00,100 גרם,false,1,11.90,42.5000,true,1,85835
7290013145871,false,שמרים יבשים,ANGEL YEAST CO.LIMIT,CN,שמרים יבשים,גרמים,55.00,100 גרם,false,1,10.50,19.0909,true,1,85836
7290013145901,true,סודה לשתיה,א.ל ייצור ושיווק תבל,IL,"מיימונס, סודה לשתיה 100 גרם",Unknown,0.00,Unknown,false,1,2.40,0.0000,true,1,125585
7290013145918,false,אבקת סוכר,א.ל. ייצור ושיווק תב,IL,מימונס אבקת סוכר ללא גלוטן 100 גרם,לא מנהל יחידת מידה,0.00,לא מנהל יחידת מידה,false,1,2.40,0.0000,true,1,125564
7290013145956,false,שמרים נמסים- מימונס,הנסיך- מפעל לייצור ט,CN,מימונס שמרים יבשים בואקום 500 גרם,גרמים,500.00,100 גרם,false,1,15.90,3.1800,true,1,118192
7290013145963,true,שמרים בואקום 125 ג,המאפיה של הרמן,CN,מימונס שמרים יבשים בואקום 125 גרם,גרמים,125.00,100 גרם,false,1,6.90,5.5200,true,1,98798
7290013146007,false,מלית פרג 400 גרם,א.ל ייצור ושיווק תבל,IL,מלית פרג 400 גרם,גרמים,400.00,100 גרם,false,1,15.90,3.9750,true,1,69688
7290013146014,false,מלית אוכמניות,קרלו,IL,מימונס מלית אוכמניות 400 גרם,גרמים,400.00,100 גרם,false,1,15.90,3.9750,true,1,67421
7290013146038,false,מלית דובדבנים,א.ל ייצור ושיווק תבל,IL,"מלית דובדבנים לדברי מאפה 45% פרי, 400 גרם",גרמים,400.00,100 גרם,false,1,15.90,3.9750,true,1,67423
7290013146069,false,מלית שוקולד מיימונס,אינטרגטה תעשיות מזון,IL,"מיימונס, ממרח בטעם שוקולד לדברי אפייה, 400 גרם",גרמים,400.00,100 גרם,false,1,12.90,3.2250,true,1,79761
7290013146083,false,מלית חלבה מיימיונס 4,אינטרגטה תעשיות מזון,IL,"מיימונס, ממרח בטעם חלווה לדברי מאפה",גרמים,400.00,100 גרם,false,1,15.90,3.9750,true,1,97558
7290013146199,false,קרם נוגט,הנסיך- מפעל לייצור ט,IL,קרם נוגט מייממונס,לא מנהל יחידת מידה,0.00,לא מנהל יחידת מידה,false,1,15.90,0.0000,true,1,117697
7290013146274,false,תחתיות מרנג  לקינוח,סטולורגן - פארק תעשי,IE,"תחתיות מרנג בסיס לקינוח, מוס ופבלובה",לא מנהל יחידת מידה,0.00,לא מנהל יחידת מידה,false,1,19.90,0.0000,true,1,149848
7290013146298,true,טארטלט בצק פריך תחתי,רוט פטיפורים,IL,"מיימונס, טארטלטים תחתיות למילוי, 120 גרם",לא מנהל יחידת מידה,0.00,לא מנהל יחידת מידה,false,1,19.90,0.0000,true,1,117675
7290013146304,true,קורנפלור מיימונס,א.ל ייצור ושיווק תבל,IL,"מיימונס, קורנפלור 500 גרם",Unknown,0.00,Unknown,false,1,6.50,0.0000,true,1,125586
7290013146403,false,סירופ בטעם קרמל מלוח,TLV צ'יף,IL,סירופ בטעם קרמל מלוח מיימונס 500  מל,מיליליטרים,500.00,"100 מ""ל",false,1,17.90,3.5800,true,1,149847
7290013146427,false,נשיקות לקישוט  לבן 6,"מימונס אפיה בע""מ",IL,נשיקות לקישוט  לבן 60גרם,גרמים,60.00,100 גרם,false,1,14.90,24.8333,true,1,147890
7290013146441,false,נשיקות לקישוט ורוד 6,"מימונס אפיה בע""מ",IL,נשיקות לקישוט ורוד 60גרם,גרמים,60.00,100 גרם,false,1,14.90,24.8333,true,1,147892
7290013146656,false,כוכבים תכלת ירוק לבן,"מימונס אפיה בע""מ",IL,כוכבים תכלת ירוק לבן לקישוט מיימונס 60 גר,גרמים,60.00,100 גרם,false,1,15.90,26.5000,true,1,147888
7290013146663,false,אטריות צבעוניות לקיש,"מימונס אפיה בע""מ",IL,אטריות צבעוניות לקישוט מיימונס 55 גר,גרמים,55.00,100 גרם,false,1,11.90,21.6364,true,1,149117
7290013146670,false,סוכריות לב סגול ורוד,"מימונס אפיה בע""מ",IL,סוכריות לב סגול ורוד לבן לקישוט מיימונס 60מ גר,יחידה,1.00,יחידה,false,1,13.90,13.9000,true,1,147887
7290013146854,true,קוקוס לבן מיימונס  4,מיוצר עי קונדיטוריית,IL,"מיימונס, קוקוס לבן טחון, 400 גרם",גרמים,400.00,100 גרם,false,1,15.90,3.9750,true,1,125587
7290013151209,false,קורנישון מלפפון בחומ,יוניקורן פיקלס,,קורנישון מלפפון בחומץ 690 גרם,גרמים,690.00,100 גרם,false,1,11.90,1.7246,true,1,91296
7290013151612,false,לפתן משמש,שנדונג צ'מפיון פוד ק,,לפתן משמש,גרמים,460.00,100 גרם,false,1,14.90,3.2391,true,1,117072
7290013153418,true,מיץ סחוט פריגת לימונ,גת,IL,פריגת מצונן סחוט לימונענע 1 ליטר,ליטרים,1.00,ליטר,false,1,16.50,16.5000,true,1,135189
7290013153432,false,מיץ סחוט לימונענע 40,היינץ צפון אמריקה מק,IL,"סחוט לימונענע 400 מ""ל",מיליליטרים,400.00,"100 מ""ל",false,1,9.50,2.3750,true,1,112137
7290013153593,false,מיץ תפוזים מתקתק 100,"גת גבעת חיים,",IL,"פריגת, 100% מיץ תפוזים עשוי מרכז מקורר, 1 ליטר",ליטרים,1.00,ליטר,false,1,11.90,11.9000,true,1,158077
7290013153623,false,סחוט RELAX גזר וגינג,גת,IL,"סחוט RELAX גזר וג'ינג'ר 400 מ""ל",מיליליטרים,400.00,"100 מ""ל",false,1,10.00,2.5000,true,1,130415
7290013185914,false,לחם מחמצת כוסמין קל,מאפיית רפאל,IL,לחם מחמצת כוסמין קל,גרמים,600.00,100 גרם,false,1,17.90,2.9833,true,1,155703
7290013267665,false,מיני סולרו פירות טרו,שטראוס גלידות,,מיני סולרו פירות טרופים מאגדת 325 גרם,גרמים,408.00,100 גרם,false,1,26.90,6.5931,true,1,82049
7290013268020,false,מרכך כביסה מקסימה מר,"סנו מפעלי ברונוס בע""",IL,מרכך מרוכז א.פרש 1ל' 40 כביסות,ליטרים,1.00,ליטר,false,1,18.90,18.9000,true,1,67612
7290013268242,false,ריצפז פרש הום בניחוח,"סנו מפעלו ברונוס בע""",IL,נוזל רצפות פרש הום מלון מפנק,ליטרים,2.00,ליטר,false,1,21.90,10.9500,true,1,146519
7290013268372,false,פוליויקס פרקט שמן אר,סנו,IL,פוליויקס לניקוי הברקה ושימור מראה העץ 2 ליטר,ליטרים,2.00,ליטר,false,1,22.90,11.4500,true,1,148965
7290013268884,false,סנופרש מאסק,סנו מפעלי ברונוס בעמ,IL,ריצפז פרש ניחוח מאסק 2 ליטר,ליטרים,2.00,ליטר,false,1,18.90,9.4500,true,1,71385
7290013268891,false,"סנו אוקסיג""ן ג""ל 3 ל",סנו,IL,אוקסיג'ן גל,ליטרים,3.00,ליטר,false,1,34.60,11.5333,true,1,75152
7290013268907,false,"ג""ל כביסה מקסימה ביו",סנו,IL,"ג""ל כביסה מקסימה ביו 3 ליטר",ליטרים,3.00,ליטר,false,1,29.90,9.9667,true,1,75153
7290013268983,false,מרכך כביסה מקסימה מר,סנו,IL,מרכך כביסה מקסימה מרוכז גוי 1 ליטר,ליטרים,1.00,ליטר,false,1,18.90,18.9000,true,1,155055
7290013268990,false,מרכך כביסה ביו מרוכז,"איי, בי, אינבוו",IL,מרכך מרוכז ביו 1ליטר 40 כביסות,ליטרים,1.00,ליטר,false,1,18.90,18.9000,true,1,75155
7290013269003,false,מרכך כביסה ביבי,"סנו מפעלי ברונוס בע""",IL,מקסימה מרכך כביסה סופר מרוכז בייבי 1 ליטר,ליטרים,1.00,ליטר,false,1,18.90,18.9000,true,1,74944
7290013269096,false,מטליות לניקוי 20 יח,מיוצר עי קונדיטוריית,IL,מטליות לניקוי עור,Unknown,0.00,Unknown,false,1,18.90,0.0000,true,1,96000
7290013269263,false,"ג""ל כביסה קריסטל",סנו מפעלי ברונוס בעמ,IL,"ג""ל כביסה מקסימה קריסטל נואר          3",ליטרים,3.00,ליטר,false,1,29.90,9.9667,true,1,77730
7290013269287,false,"ג""ל כביסה מקסימה בני",סנו,IL,"ג""ל כביסה מקסימה בניחוח מאסק 3 ליטר",ליטרים,3.00,ליטר,false,1,29.90,9.9667,true,1,82676
7290013269300,false,סנו סושי ניילוןנצמד,FV.HK,,"סנו סושי ניילוןנצמד פלוס150 מ          """,מטרים,15000.00,מטר,false,1,29.90,0.0020,true,1,91330
7290013269348,false,תחנות K 300,טרופיקל דגיל תעשיות,IL,K3 תחנת פיתיון- קוטל תיקנים (ג'וקים) בבית ובחצר,לא מנהל יחידת מידה,0.00,לא מנהל יחידת מידה,false,1,49.90,0.0000,true,1,130741
7290013269621,false,ריצפז פרש הום מלון ב,סנו מפעלי ברונוס בעמ,IL,"סנו ריצפז, תרכיז ריחני לניקוי כל סוגי הרצפות",ליטרים,2.00,ליטר,false,1,21.90,10.9500,true,1,127836
7290013269638,true,ספוג הפלא אקסטרא,סנו מפעלי ברונו בעמ,IL,סנו סושי - ספוג הפלא EXTRA,יחידה,1.00,יחידה,false,1,12.90,12.9000,true,1,109581
7290013269645,false,ריצפז מטליות לחות לר,סנו מפעלי ברונוס בעמ,IL,מטליות רצפז מאסק,Unknown,0.00,Unknown,false,1,14.90,0.0000,true,1,93543
7290013269669,false,נוזל רצפות  פנטזיה,"סנו מפעלי ברונוס בע""",IL,ריצפז בניחוח פנטזיה לניקוי הריצפה 3 ליטר,ליטרים,3.00,ליטר,false,1,15.90,5.3000,true,1,88334
7290013269751,false,מטליות לחות לרצפה בנ,"סנו, ח.צ 520032988",IL,"סנו רצפז, מטליות לחות לניקוי הרצפה.",לא מנהל יחידת מידה,7.50,לא מנהל יחידת מידה,false,1,14.90,1.9867,true,1,127495
7290013269850,false,נייר אפיה אקלוגי סנו,סנו סושי,IL,סושי אפיה אק - עשוי מהצומח,לא מנהל יחידת מידה,0.00,לא מנהל יחידת מידה,false,1,16.70,0.0000,true,1,79289
7290013269867,false,סנו סושי זוג מפות שו,מיוצר עי קונדיטוריית,IL,סושי זוג מפות ארוח,Unknown,0.00,Unknown,false,1,8.90,0.0000,true,1,102159
7290013269911,false,ספריי סנו K333 קוטל,"סנו מפעלי ברונוס בע""",IL,K-333,מיליליטרים,750.00,"100 מ""ל",false,1,27.60,3.6800,true,1,85099
7290013276124,false,בירה נגב אמבר אייל ב,"איי, בי, אינבוו",IL,"נגב, אמבר אייל, בירה, 330 מל",מיליליטרים,330.00,"100 מ""ל",false,1,14.90,4.5152,true,1,121031
7290013284310,false,רוטב פסטה לילדים,פריניר ( הדס 1987) ב,IL,פריניר רוטב פסטה טעים לילדים 240 גרם,גרמים,240.00,100 גרם,false,1,5.90,2.4583,true,1,90403
7290013284662,false,רוטב פיצה פיתה,פריניר ( הדס 1987) ב,IL,פריניר רוטב פיצה פיתה 240 גרם,גרמים,240.00,100 גרם,false,1,5.90,2.4583,true,1,102947
7290013310101,false,שיפודי במבוק גמבו 50,הדקלאים אגודת שיתופי,CN,שיפודי במבוק ג'מבו 50 יחידות,Unknown,0.00,Unknown,false,1,5.90,0.0000,true,1,106406
7290013310170,false,כוסות נייר משובחות ל,,,כוסות נייר משובחות לשתיה חם/קר 50 יחידות,Unknown,0.00,Unknown,false,1,13.90,0.0000,true,1,94778
7290013310187,false,כוסות נייר 50 יח לשת,,,כוסות נייר 50 יח לשתיה חמה קרה,יחידה,1.00,יחידה,false,1,8.90,8.9000,true,1,130477
7290013310507,false,מברשת עם פטנט לבקבוק,F.E.CO.LTD,CN,מברשת עם פטנט לבקבוק ופיטמה,לא מנהל יחידת מידה,0.00,לא מנהל יחידת מידה,false,1,8.90,0.0000,true,1,125656
7290013358356,false,פירורי לחם מוזהבים,מנה י.א בעמ,IL,פירורי לחם מוזהבים 350 גרם מאסטר שף,גרמים,300.00,100 גרם,false,1,7.90,2.6333,true,1,81633
7290013358363,false,פירורי לחם יפנים פנק,קריניציה ויטמינה אס,IL,פירורי לחם יפנים פנקו 300 גרם,גרמים,300.00,100 גרם,false,1,9.90,3.3000,true,1,81586
7290013358417,false,רוטב טריאקי מאסטר שף,קריניציה ויטמינה אס,TH,מאסטר שף רוטב טריאקי אסייאתי 300 מל,מיליליטרים,300.00,"100 מ""ל",false,1,12.90,4.3000,true,1,110283
7290013358431,false,קרוטונים אפויים לסלט,"עינת תעשיות מזון אג""",IL,מאסטר שף קרוטונים לסלט עגבניות בזיל 200ג,גרמים,200.00,100 גרם,false,1,12.90,6.4500,true,1,95357
7290013358462,false,מיני קרוטונים למרק ב,"איי, בי, אינבוו",IL,"מאסטר שף, מיני קרוטונים למרק, 350 גרם",גרמים,350.00,100 גרם,false,1,18.90,5.4000,true,1,95358
7290013358486,false,פירורי לחם ללא צורך,"מיוצר ע""י מנה י.א בע",IL,פירורי לחם ללא צורך בביצה 300 גרם,גרמים,300.00,100 גרם,false,1,8.90,2.9667,true,1,100697
7290013358493,false,קרם קוקוס מאסטר שף פ,קריניציה ויטמינה אס,TH,מאסטר שף קרם קוקוס 400 מל,מיליליטרים,400.00,"100 מ""ל",false,1,9.90,2.4750,true,1,110060
7290013358509,false,מיקסלט 200 גרם,בטר אנד דיפרנט,IL,מיקסלט 200 גרם,גרמים,200.00,100 גרם,false,1,14.80,7.4000,true,1,101830
7290013358516,false,מיקסלט עם חמוציות 20,המאפיה של הרמן,IL,מיקסלט עם חמוציות 200 גרם,גרמים,200.00,100 גרם,false,1,14.80,7.4000,true,1,101831
7290013358523,false,שבבי בצל מטוגן,קריניציה ויטמינה אס,NL,מאסטר שף שבבי בצל מטוגן 150 גרם,גרמים,150.00,100 גרם,false,1,14.80,9.8667,true,1,102557
7290013358530,false,רוטב צילי מתוק מאסטר,קריניציה ויטמינה אס,TH,מאסטר שף רוטב צ'ילי מתוק 700 מל,מיליליטרים,700.00,"100 מ""ל",false,1,13.90,1.9857,true,1,109946
7290013358547,false,רוטב צילי חריף מאסטר,מסוונג רונרוג בעמ,TH,מאסטר שף רוטב צ'ילי חריף 700 מל,מיליליטרים,700.00,"100 מ""ל",false,1,13.90,1.9857,true,1,109947
7290013358806,false,מנה מאגדת פריכיות או,,IL,מנה פריכיות אורז עם מלח אריזה משפחתית,גרמים,264.00,100 גרם,false,1,12.80,4.8485,true,1,102619
7290013358837,true,פריכיות אורז ללא מלח,,IL,פריכיות אורז ללא מלח,Unknown,0.00,Unknown,false,1,13.90,0.0000,true,1,142950
7290013361981,false,ציפס 2 קג,פרח,IL,פרי הגליל צ'יפס 2 קג,קילוגרמים,2.00,"ק""ג",false,1,23.90,11.9500,true,1,91870
7290013361998,false,סטיק ציפס 2 קג,,,סטיק ציפס 2 קג,קילוגרמים,2.00,"ק""ג",false,1,23.90,11.9500,true,1,119639
7290013366085,false,תירס כרמל יבולים,חקלאי,IL,תירס כרמל יבולים,לא מנהל יחידת מידה,0.00,לא מנהל יחידת מידה,false,1,25.90,0.0000,true,1,120603
7290013366108,false,אספרגוס,חקלאי,IL,אספרגוס,לא מנהל יחידת מידה,0.00,לא מנהל יחידת מידה,false,1,29.90,0.0000,true,1,120401
7290013366221,false,נבטי חמנייה כרמל יבו,חקלאי,IL,נבטי חמנייה כרמל יבולים,לא מנהל יחידת מידה,0.00,לא מנהל יחידת מידה,false,1,11.90,0.0000,true,1,102816
7290013366252,true,נבטוטים,חקלאי,IL,נבטוטים,לא מנהל יחידת מידה,0.00,לא מנהל יחידת מידה,false,1,11.90,0.0000,true,1,102818
7290013366634,false,עלי חסה סלנובה,כרמל יבולים,IL,עלי חסה סלנובה,יחידה,0.00,יחידה,false,1,16.90,0.0000,true,1,95162
7290013366641,false,רוקולה,ישראגל,IL,רוקולה,יחידה,0.00,יחידה,false,1,16.90,0.0000,true,1,103443
7290013366689,false,חסה לליק,חקלאי,IL,חסה לליק,לא מנהל יחידת מידה,0.00,לא מנהל יחידת מידה,false,1,13.90,0.0000,true,1,147403
7290013366719,false,באק צוי,חקלאי,IL,באק צוי,לא מנהל יחידת מידה,0.00,לא מנהל יחידת מידה,false,1,19.90,0.0000,true,1,110593
7290013389114,false,"ניוקי  תפו""א 500 גרם",Ciemme alimentari sr,,"ניוקי  תפו""א 500 גרם",גרמים,500.00,100 גרם,false,1,7.90,1.5800,true,1,109520
7290013389138,false,ניוקי שלושה צבעים  5,Ciemme alimentari sr,,ניוקי שלושה צבעים  500 גרם,גרמים,500.00,100 גרם,false,1,7.90,1.5800,true,1,97995
7290013389145,false,מיני ניוקי 500 גרם,,,מיני ניוקי 500 גרם,גרמים,500.00,100 גרם,false,1,7.90,1.5800,true,1,97996
7290013389176,true,תומר חומץ בלסמי ממוד,,,תומר חומץ בלסמי ממוד,Unknown,0.00,Unknown,false,1,18.90,0.0000,true,1,135259
7290013389381,false,קמח תירס,,,קמח תירס,לא מנהל יחידת מידה,0.00,לא מנהל יחידת מידה,false,1,10.90,0.0000,true,1,130877
7290013389398,true,קמח תירס דק פולנטה 1,,,קמח תירס דק פולנטה 1,Unknown,0.00,Unknown,false,1,10.90,0.0000,true,1,135260
7290013430083,false,בירה אלכסנדר בלונד ב,מנדלז סי.אר. פרודקשן,IL,אלכסנדר בירה ישראלית מעולה בלונד 330 מל,מיליליטרים,330.00,"100 מ""ל",false,1,13.90,4.2121,true,1,93340
7290013430090,false,בירה אלכסנדר אמבר בק,מנדלז סי.אר. פרודקשן,IL,אלכסנדר בירה ישראלית מעולה ענברי 330 מל,מיליליטרים,330.00,"100 מ""ל",false,1,13.90,4.2121,true,1,93341
7290013430304,false,אלכסנדר גרין,מנדלז סי.אר. פרודקשן,IL,אלכסנדר בירה ישראלית מעולה גרין 330 מל,מיליליטרים,330.00,"100 מ""ל",false,1,13.90,4.2121,true,1,135264
7290013440648,false,שלגוני אבטיח מארז 5,המאפיה של הרמן,IL,שלגוני אבטיח מארז 5 יחידות,גרמים,540.00,100 גרם,false,1,25.90,4.7963,true,1,83825
7290013442062,false,יוגורט עדין קטיפתי 6,מוטק'ה החולב,,יוגורט עדין קטיפתי 600 גרם,גרמים,600.00,100 גרם,false,1,20.90,3.4833,true,1,77017
7290013442178,false,גבינה פטה יוונית 250,מוטק'ה החולב,,גבינה פטה יוונית 250 גרם,גרמים,250.00,100 גרם,false,1,31.90,12.7600,true,1,89946
7290013442208,false,גבינה צפתית קצח 250,מוטק'ה החולב,,גבינה צפתית קצח 250 גרם,גרמים,250.00,100 גרם,false,1,22.90,9.1600,true,1,121697
7290013442246,false,לאבנה  9%  מוטקה החו,מוטק'ה החולב,IL,לאבנה  9%  מוטקה החולב 280גרם,גרמים,280.00,100 גרם,false,1,17.90,6.3929,true,1,158197
7290013442253,false,גבינה צפתית 16% 250ג,מוטק'ה החולב,IL,גבינה צפתית 16% 250גרם,גרמים,250.00,100 גרם,false,1,22.90,9.1600,true,1,158198
7290013442260,false,גבינה צפתית קצח  16%,מוטק'ה החולב,IL,גבינה צפתית קצח  16% 250גרם,גרמים,250.00,100 גרם,false,1,22.90,9.1600,true,1,158199
7290013442277,false,גבינה פטה 26% 250 גר,מוטק'ה החולב,IL,גבינה פטה 26% 250 גרם,גרמים,250.00,100 גרם,false,1,29.90,11.9600,true,1,158200
7290013442284,false,גבינה ברי 22% 140 גר,מוטק'ה החולב,IL,גבינה ברי 22% 140 גרם,גרמים,140.00,100 גרם,false,1,27.90,19.9286,true,1,158201
7290013442291,false,גבינה קממבר 22 % 140,מוטק'ה החולב,IL,גבינה קממבר 22 % 140 גרם,גרמים,140.00,100 גרם,false,1,27.90,19.9286,true,1,158202
7290013442307,false,גבינה קממבר פקאן 23%,מוטק'ה החולב,IL,גבינה קממבר פקאן 23% 140 גרם,גרמים,140.00,100 גרם,false,1,27.90,19.9286,true,1,158203
7290013442314,false,גבינה סנט מור 22% 15,מוטק'ה החולב,IL,גבינה סנט מור 22% 150 גרם,גרמים,150.00,100 גרם,false,1,30.90,20.6000,true,1,158204
7290013442321,false,גבינה כבשה צהובה 27%,מוטק'ה החולב,IL,גבינה כבשה צהובה 27% 150גרם,גרמים,150.00,100 גרם,false,1,27.90,18.6000,true,1,158205
7290013442338,false,גבינה כבשה חרדלית 27,מוטק'ה החולב,IL,גבינה כבשה חרדלית 27% 150גרם,גרמים,150.00,100 גרם,false,1,27.90,18.6000,true,1,158206
7290013442345,false,ארוטן כמהין 23% 150ג,מוטק'ה החולב,IL,ארוטן כמהין 23% 150גרם,גרמים,150.00,100 גרם,false,1,31.90,21.2667,true,1,158207
7290013451620,false,פרכיות אורז מלא ללא,זן בר המכללה לטבעונו,,פרכיות אורז מלא ללא מלח זן בר 160 גרם,גרמים,160.00,100 גרם,false,1,10.90,6.8125,true,1,109876
7290013451927,false,פריכיות אורז כוסמת ל,זן - בר,IL,פריכיות אורז כוסמת ללא מלח,גרמים,175.00,100 גרם,false,1,10.90,6.2286,true,1,97015
7290013453068,false,עוגיות כוסמין ופירות,האי נאם סי או אל.טי.,IL,עוגיות כוסמין ופירות יער,לא מנהל יחידת מידה,0.00,לא מנהל יחידת מידה,false,1,24.90,0.0000,true,1,111209
7290013453082,true,עוגיות כוסמין שוקולד,האי נאם סי או אל.טי.,IL,דני וגלית עוגיות כוסמין שוקולדצ'יפס 230 גרם,לא מנהל יחידת מידה,0.00,לא מנהל יחידת מידה,false,1,24.90,0.0000,true,1,112817
7290013453105,true,עוגיות לתה קמח מלא v,דני וגלית בעמ,IL,עוגיות לתה קמח מלא vegan,גרמים,250.00,100 גרם,false,1,24.90,9.9600,true,1,111210
7290013453136,true,עוגיות טבעוני כוסמין,האי נאם סי או אל.טי.,IL,דני וגלית עוגיות כוסמין שטרודל תפוחים 230 גרם,לא מנהל יחידת מידה,0.00,לא מנהל יחידת מידה,false,1,24.90,0.0000,true,1,119912
7290013453143,false,עוגיות טחינה ואגוזי,האי נאם סי או אל.טי.,IL,דני וגלית עוגיות טחינה ואגוזי לוז 230 גרם,גרמים,270.00,100 גרם,false,1,24.90,9.2222,true,1,112061
7290013453150,false,עוגיות כוסמין  קוקוס,האי נאם סי או אל.טי.,IL,דני וגלית עוגיות קוקוס ואגוזי לוז,יחידה,1.00,יחידה,false,1,25.90,25.9000,true,1,111222
7290013453174,false,קרקר משמש ואגוזי לוז,האי נאם סי או אל.טי.,IL,קרקר משמש ואגוזי לוז vegan,לא מנהל יחידת מידה,0.00,לא מנהל יחידת מידה,false,1,25.90,0.0000,true,1,119386
7290013453242,true,עוגיות אניס קמח מלא,דני וגלית בעמ,IL,דני וגלית עוגיות אניס מרוקאיות,לא מנהל יחידת מידה,0.00,לא מנהל יחידת מידה,false,1,24.90,0.0000,true,1,125123
7290013453259,false,חטיפי חמאת קוקוס ושו,האי נאם סי או אל.טי.,IL,חטיפי חמאת קוקוס ושוקולדצ'יפס,גרמים,230.00,100 גרם,false,1,25.90,11.2609,true,1,111342
7290013453389,false,עוגיות חלבון נוטריבר,האי נאם סי או אל.טי.,IL,עוגיות חלבון נוטריברייק ח.בוטנים180 גרם,גרמים,180.00,100 גרם,false,1,22.90,12.7222,true,1,115055
7290013453396,false,עוגיות חלבון נוטריבר,האי נאם סי או אל.טי.,IL,דני וגלית עוגיות חלבון נוטריברייק חלווה 180 גרם,גרמים,180.00,100 גרם,false,1,22.90,12.7222,true,1,115053
7290013453587,true,עוגיות גרנולה שוקוצי,האי נאם סי או אל.טי.,IL,דני וגלית עוגיות גרנולה ושוקולדצ'יפס 230 גרם,לא מנהל יחידת מידה,0.00,לא מנהל יחידת מידה,false,1,25.90,0.0000,true,1,125121
7290013453600,false,עוגיות בסקוטי שוקולד,דני וגלית בעמ,IL,עוגיות ביסקוטי שוקולדציפס ואגוזי לוז,לא מנהל יחידת מידה,0.00,לא מנהל יחידת מידה,false,1,25.90,0.0000,true,1,125122
7290013453617,false,עוגיות ביסקוטי שקדים,האי נאם סי או אל.טי.,IL,עוגיות ביסקוטי שקדים וקוקוס לנמנעים לגלוטן,גרמים,170.00,100 גרם,false,1,26.90,15.8235,true,1,145696
7290013453624,true,עוגיות שוקולד ציפס מ,האי נאם סי או אל.טי.,IL,עוגיות שוקולד ציפס מ,לא מנהל יחידת מידה,0.00,לא מנהל יחידת מידה,false,1,26.90,0.0000,true,1,125125
7290013453631,false,כדורי חמאת בוטנים  ש,האי נאם סי או אל.טי.,IL,כדורי חמאת בוטנים  שוקולדציפס ללג 230גרם,גרמים,230.00,100 גרם,false,1,26.90,11.6957,true,1,128737
7290013453648,true,עוגיות פירות יער מקמ,האי נאם סי או אל.טי.,IL,עוגיות פירות יער מקמ,לא מנהל יחידת מידה,0.00,לא מנהל יחידת מידה,false,1,26.90,0.0000,true,1,125124
7290013453655,false,עוגיות קוקוס לוז מקמ,האי נאם סי או אל.טי.,IL,עוגיות קוקוס ולוז מקמח שקדים וקמח אורז מלא,לא מנהל יחידת מידה,0.00,לא מנהל יחידת מידה,false,1,26.90,0.0000,true,1,128692
7290013453709,true,קמח חיטה מלא אורגני,,,קמח חיטה מלא אורגני,Unknown,0.00,Unknown,false,1,11.90,0.0000,true,1,142956
7290013453761,true,קמח כוסמת מלא אורגני,,,קמח כוסמת מלא אורגני,Unknown,0.00,Unknown,false,1,20.90,0.0000,true,1,140515
7290013453938,true,קמח דורום מלא 1קג,,,קמח דורום מלא 1קג,Unknown,0.00,Unknown,false,1,14.90,0.0000,true,1,135290
7290013472199,false,ערמונים קלופים 105 ג,בייג'גג פוינונג,CN,ערמונים קלופים 105 גרם,גרמים,105.00,100 גרם,false,1,5.90,5.6190,true,1,77536
7290013472892,false,גבינה בולגרית קוביות,"קוליוס אס.איי, גריק",GR,הבולגריה בקוביות במי מלח 200 גרם,גרמים,200.00,100 גרם,false,1,12.90,6.4500,true,1,81490
7290013493019,false,בירה בזלת לאגר פילזנ,מברשת הגולן א.ח.ר 20,IL,"בירה בזלת לאגר פילזנר בקבוק 330 מ""ל",מיליליטרים,330.00,"100 מ""ל",false,1,15.90,4.8182,true,1,95421
7290013493026,false,בירה בזלת חיטה 750 מ,יושלם,IL,בירה בזלת חיטה 750 מל,מיליליטרים,750.00,"100 מ""ל",false,1,34.90,4.6533,true,1,95426
7290013493033,false,בזלת חיטה בקבוק 330/,מברשת הגולן א.ח.ר 20,IL,בזלת חיטה בקבוק 330/24,מיליליטרים,330.00,"100 מ""ל",false,1,16.90,5.1212,true,1,95422
7290013493040,false,בירה בזלת דבל בוק 75,יושלם,IL,בירה בזלת דבל בוק 750 מל,מיליליטרים,750.00,"100 מ""ל",false,1,37.90,5.0533,true,1,95427
7290013493057,false,בירה בזלת דבל בוק בק,מברשת הגולן א.ח.ר 20,IL,"בירה בזלת דבל בוק בקבוק 330 מ""ל",מיליליטרים,330.00,"100 מ""ל",false,1,18.90,5.7273,true,1,96677
7290013493071,false,בירה בזלת אייל ענברי,מברשת הגולן א.ח.ר 20,IL,"בירה בזלת אייל ענברי בקבוק 330 מ""ל",מיליליטרים,330.00,"100 מ""ל",false,1,16.90,5.1212,true,1,95423
7290013493224,false,בירה בזלת חזקה בקבוק,מבשלת בגולן א.ח.ר 20,IL,בירה בזלת חזקה בקבוק 330 מל,מיליליטרים,330.00,"100 מ""ל",false,1,15.90,4.8182,true,1,145490
7290013520067,false,10 לחמניות אצבע אגמי,מאפיית אגמי,,10 לחמניות אצבע אגמי,גרמים,750.00,100 גרם,false,1,13.90,1.8533,true,1,101626
7290013520111,false,לחמניית המבורגר,מאפיית אגמי,IL,לחמניית המבורגר אמריקאי 6 יח,גרמים,600.00,100 גרם,false,1,14.90,2.4833,true,1,119872
7290013520463,true,כוסמין לחם בריאות,,,כוסמין לחם בריאות,גרמים,600.00,100 גרם,false,1,16.90,2.8167,true,1,115392
7290013520500,true,8 לחמניות מקמח כוסמי,,,8 לחמניות מקמח כוסמי,גרמים,400.00,100 גרם,false,1,17.90,4.4750,true,1,122127
7290013520630,false,לחם מלא מלא - ילדים,מאפיית אגמי,IL,לחם מלא מלא - ילדים,גרמים,750.00,100 גרם,false,1,12.90,1.7200,true,1,119871
7290013521101,false,פטוציני כוסמין תרד50,רדיי 97 בעמ,HU,פטוציני כוסמין תרד350 גרם השדה,גרמים,350.00,100 גרם,false,1,21.90,6.2571,true,1,120226
7290013521187,false,ספגטי עדשים אדומות א,"אנדריאני ספא, ויה ני",IT,ספגטי עדשים אדומות אורגני  250 גרם ללא ג,גרמים,250.00,100 גרם,false,1,13.90,5.5600,true,1,157070
7290013521194,false,טורטיליוני כוסמת אור,"אנדריאני ספא, ויה ני",IT,טורטיליוני כוסמת אורגני  250 גרם ללא גלו,גרמים,250.00,100 גרם,false,1,13.90,5.5600,true,1,157071
7290013521200,false,פוזילי אפונה ירוקה א,"אנדריאני ספא, ויה ני",IT,פוזילי אפונה ירוקה אורגני  250 גרם ללא ג,גרמים,250.00,100 גרם,false,1,13.90,5.5600,true,1,157072
7290013521231,false,פסטה כוסמין טריקולור,רדיי 97 בעמ,HU,פסטה כוסמין טריקולור400גרם השדה,גרמים,400.00,100 גרם,false,1,21.90,5.4750,true,1,120221
7290013521309,false,מיונז אורגני 330 גרם,מחנדל,NL,מיונז אורגני,גרמים,330.00,100 גרם,false,1,23.90,7.2424,true,1,119612
7290013521316,false,ממרח אורגני בטעם מיו,מחנדל,NL,ממרח בטעם מיונז ללא ביצים,גרמים,230.00,100 גרם,false,1,19.90,8.6522,true,1,116166
7290013521385,false,רסק תפוחים אורגני 70,מחנדל,NL,רסק תפוחים 100%,גרמים,700.00,100 גרם,false,1,20.90,2.9857,true,1,127301
7290013521392,false,רסק תפוחים אורגני 36,מחנדל,NL,רסק תפוחים 100%,גרמים,360.00,100 גרם,false,1,14.50,4.0278,true,1,117229
7290013521408,false,אבקת מרק ירקות  אורג,מחנדל,NL,אבקת מרק ירקות,גרמים,200.00,100 גרם,false,1,25.90,12.9500,true,1,119387
7290013521415,false,אבקת מרק אורגנית בטע,מחנדל,NL,אבקת מרק אורגנית בטעם עוף,גרמים,200.00,100 גרם,false,1,25.90,12.9500,true,1,118249
7290013521491,false,קטשופ אורגני 567 גרם,שוורצקוף& הנקל דיסלד,US,"קטשופ אורגני 567 גרם לל""ג השדה",גרמים,567.00,100 גרם,false,1,18.90,3.3333,true,1,126272
7290013521545,true,עוגיות ציפוי חרובים,"הגביע מוצרי ופל בע""מ",IL,עוגיות חצי ירח אורגניות מקמח מלא בציפוי קרם חרובים,גרמים,180.00,100 גרם,false,1,14.90,8.2778,true,1,124789
7290013521828,true,פסטה כוסמין פטוצני ס,רדיי 97 בעמ,HU,פסטה כוסמין פטוצני ספירולינה השדה 300גרם,גרמים,300.00,100 גרם,false,1,21.90,7.3000,true,1,120006
7290013521842,false,ציפס תפוח אדמה אפוי,"סיבי, נובי פריס",SK,ציפס תפוח אדמה אפוי  השדה 65 גרם,גרמים,65.00,100 גרם,false,1,12.90,19.8462,true,1,157073
7290013521859,false,ציפס תפוח אדמה אפוי,"סיבי, נובי פריס",SK,ציפס תפוח אדמה אפוי  ירקות השדה 65 גרם,גרמים,65.00,100 גרם,false,1,12.90,19.8462,true,1,157074
7290013521866,false,ציפס תפוח אדמה אפוי,"סיבי, נובי פריס",SK,ציפס תפוח אדמה אפוי פיקנטי השדה 65 גרם,גרמים,65.00,100 גרם,false,1,12.90,19.8462,true,1,157075
7290013521873,false,סוכר קוקוס אורגני 30,כפרי בריא,ID,סוכר קוקוס אורגני מפרח הקוקוס,גרמים,300.00,100 גרם,false,1,15.90,5.3000,true,1,126271
7290013521897,false,גליליות אורגניות מקמ,"הגביע מוצרי ופל בע""מ",IL,גליליות אורגניות מקמח כוסמין,גרמים,100.00,100 גרם,false,1,16.90,16.9000,true,1,152273
7290013521965,false,עוגיות חצי ירח אורגנ,דולפין ספא,IL,עוגיות חצי ירח אורגניות קמח כוסמין מלא,גרמים,180.00,100 גרם,false,1,17.90,9.9444,true,1,128105
7290013531117,false,רוטב פסטה לילדים,"זנלכל בע""מ",IL,רוטב פסטה לילדים יכין 260 גרם,גרמים,260.00,100 גרם,false,1,5.50,2.1154,true,1,110403
7290013531582,false,שלישיית זיתים מגולעי,קרלו,IL,יכין זיתים ירוקים נטולי גלעינים שלישייה 3*200,גרמים,200.00,100 גרם,false,1,13.90,6.9500,true,1,126839
7290013531759,false,שעועית אפויה במים יכ,"זנלכל בע""מ",IL,שעועית אפויה במים יכין 310 גרם,גרמים,310.00,100 גרם,false,1,8.90,2.8710,true,1,107314
7290013558800,true,עלי תרד 500 גרם,משק מורדכי גדי בעמ,IL,עלי תרד 500 גרם,גרמים,500.00,100 גרם,false,1,11.90,2.3800,true,1,105565
7290013558824,true,בזיליקום רוגולה  100,חקלאי,IL,בזיליקום רוגולה  100 גרם,גרמים,100.00,100 גרם,false,1,6.90,6.9000,true,1,105725
7290013558855,false,לבבות חסה,חקלאי,IL,לבבות חסה,גרמים,200.00,100 גרם,false,1,9.90,4.9500,true,1,117561
7290013585233,false,ספרייט זירו פחית סלי,גוד פוד פרודקטס S.p,IL,"גזוז בטעם לימון ליים דל קלוריות 330 מ""ל",מיליליטרים,330.00,"100 מ""ל",false,1,5.90,1.7879,true,1,106994
7290013585257,false,ספרייט זירו בקבוק 50,"אינסטנטה בע""מ",IL,"ZERO ספרייט 500 מ""ל",מיליליטרים,500.00,"100 מ""ל",false,1,7.50,1.5000,true,1,106992
7290013585387,false,קוקה קולה זירו בקבוק,פארייפאבה אגרואינדוס,IL,ZERO תריסר 1 ליטר,ליטרים,1.00,ליטר,false,1,8.00,8.0000,true,1,105528
7290013585394,false,קוקה קולה 1 ליטר,פארייפאבה אגרואינדוס,IL,קוקה קולה 1 ליטר תריסר,ליטרים,1.00,ליטר,false,1,8.00,8.0000,true,1,105527
7290013608260,false,מיץ רימונים פרימור ס,השחר,IL,7290068700001,ליטרים,1.00,ליטר,false,1,26.00,26.0000,true,1,100450
7290013622488,true,צלחת דקל עגולה קוטר,,,צלחת דקל עגולה קוטר,,0.00,,false,,16.90,0.0000,true,1,160636
7290013622785,true,"מרקיה מתכלה 500 מ""ל",,,"מרקיה מתכלה 500 מ""ל",,0.00,,false,,25.90,0.0000,true,1,160601
7290013645036,false,לחמניות 350 גרם,מוצרי הכט,IL,לחמניות 350 גרם,גרמים,350.00,100 גרם,false,1,26.90,7.6857,true,1,118248
7290013645074,true,לחם לבן,,,לחם לבן,לא מנהל יחידת מידה,0.00,לא מנהל יחידת מידה,false,1,18.90,0.0000,true,1,117232
7290013645104,false,פיתות ללא  גלוטן שרה,מוצרי הכט,IL,פיתות ללא  גלוטן שרהלה  קפוא,לא מנהל יחידת מידה,0.00,לא מנהל יחידת מידה,false,1,17.90,0.0000,true,1,130064
7290013645180,true,עוגת גבינה ללא סוכר,,,עוגת גבינה ללא סוכר,לא מנהל יחידת מידה,0.00,לא מנהל יחידת מידה,false,1,37.90,0.0000,true,1,116154
7290013645241,false,פיצה מרגריטה ללא גלו,מוצרי הכט,,פיצה מרגריטה ללא גלוטן 450 גרם,גרמים,450.00,100 גרם,false,1,25.90,5.7556,true,1,116895
7290013645272,false,נשיקות,מוצרי הכט,IL,נשיקות שרהלה  100גרם,גרמים,100.00,100 גרם,false,1,18.90,18.9000,true,1,116412
7290013645425,false,עוגת תפוח עץ,,,עוגת תפוח עץ,יחידה,1.00,יחידה,false,1,39.90,39.9000,true,1,126549
7290013645500,false,מקלות מלוחים 230 גרם,מוצרי הכט,IL,מקלות מלוחים 230 גרם,גרמים,230.00,100 גרם,false,1,22.90,9.9565,true,1,116159
7290013645531,false,עוגיות מזרחיות עם שו,מוצרי הכט,IL,עוגיות מזרחיות עם שומשום 230 גרם,גרמים,230.00,100 גרם,false,1,22.90,9.9565,true,1,116415
7290013645715,false,עוגיות סנדוויץ ריבה,מוצרי הכט,IL,עוגיות סנדוויץ ריבה שרהלה  250גרם,גרמים,250.00,100 גרם,false,1,22.90,9.1600,true,1,117231
7290013645722,false,עוגיות שוקולד ציפס 2,מוצרי הכט,IL,עוגיות שוקולד ציפס 200 גרם,גרמים,200.00,100 גרם,false,1,22.90,11.4500,true,1,116157
7290013650054,false,"תמר 1 ק""ג אורגני",העידן האורגני,,"תמר 1 ק""ג אורגני",קילוגרמים,1.00,"ק""ג",false,1,34.90,34.9000,true,1,130984
7290013650108,false,שמן שומשום,גידוורד אינטרנשיונל,,שמן שומשום,לא מנהל יחידת מידה,0.01,לא מנהל יחידת מידה,false,1,49.90,4990.0000,true,1,98589
7290013650153,false,תמצית וניל טהורה 50מ,Global Gourmet Produ,US,תמצית וניל טהורה 50מל,מיליליטרים,50.00,"100 מ""ל",false,1,57.90,115.8000,true,1,127834
7290013650276,false,ציה קטן 300 גרם,"העידן האורגני בע""מ",,ציה קטן 300 גרם,גרמים,300.00,100 גרם,false,1,21.90,7.3000,true,1,97729
7290013650542,false,פתיתי סויה 75% חלבון,סולבר חצור,,פתיתי סויה 75% חלבון 300 גרם,גרמים,300.00,100 גרם,false,1,12.90,4.3000,true,1,97747
7290013650559,false,גולש סויה 75% חלבון,"העידן האורגני בע""מ",,גולש סויה 75% חלבון 200 גרם,גרמים,200.00,100 גרם,false,1,11.90,5.9500,true,1,97748
7290013650719,false,חמאת אגוז לוז 300 גר,יושלם,,חמאת אגוז לוז 300 גרם,גרמים,300.00,100 גרם,false,1,41.90,13.9667,true,1,97739
7290013659248,false,ספוג רחצה לגב,יושלם,,ספוג רחצה לגב,Unknown,0.00,Unknown,false,1,19.90,0.0000,true,1,85200
7290013675194,false,שניצל אמיתי ביתי ללא,זנטי אס. אי לאלין,IL,שניצל אמיתי ביתי ללא גלוטן,גרמים,700.00,100 גרם,false,1,43.90,6.2714,true,1,111483
7290013677563,true,קינואה אדומה  מיה  5,מיה,IL,קינואה אדומה  מיה  500 גרם,גרמים,500.00,100 גרם,false,1,12.90,2.5800,true,1,160071
7290013677822,false,גריסי פנינה  מיה 1 ק,מיה,IL,גריסי פנינה  מיה 1 קג,קילוגרמים,1.00,"ק""ג",false,1,8.90,8.9000,true,1,160067
7290013677839,false,בורגול  מיה 1 קג,מיה,IL,בורגול  מיה 1 קג,קילוגרמים,1.00,"ק""ג",false,1,8.90,8.9000,true,1,160056
7290013683595,false,עוגת פס שביל חלב,"גידרון תעשיות בע""מ",,עוגת פס שביל חלב,יחידה,1.00,יחידה,false,1,32.00,32.0000,true,1,82797
7290013702036,false,מים שוופס בטעם אפרסק,יפאורה תבורי בעמ,IL,שוופס Water אפרסק 0.5 ל',מיליליטרים,500.00,"100 מ""ל",false,1,6.90,1.3800,true,1,77067
7290013702388,false,מים שוופס בטעם תפוח,יפאורה תבורי בעמ,IL,שוופס Water תפוח 0.5 ל',מיליליטרים,500.00,"100 מ""ל",false,1,6.90,1.3800,true,1,119637
7290013702418,false,שוופס מוגז עדין אפרס,יפאורה תבורי בעמ,IL,"שוופס מוגז עדין אפרסק 330 מ""ל זכוכית",מיליליטרים,330.00,"100 מ""ל",false,1,6.90,2.0909,true,1,119568
7290013702425,false,שוופס מוגז עדין פירו,יפאורה תבורי בעמ,IL,"שוופס מוגז עדין פירות יער 330 מ""ל זכוכית",מיליליטרים,330.00,"100 מ""ל",false,1,6.90,2.0909,true,1,119569
7290013702708,false,שוופס מוגז עדין אננס,יפאורה תבורי בעמ,IL,"שוופס מוגז עדין אננס 330 מ""ל זכוכית",מיליליטרים,330.00,"100 מ""ל",false,1,6.90,2.0909,true,1,120404
7290013710208,false,שמן גרעיני דלעת  250,בטרפלקס,IL,"שמן גרעיני דלעת  250מ""ל",מיליליטרים,250.00,"100 מ""ל",false,1,55.90,22.3600,true,1,125517
7290013710222,false,"שמן קצח 250 מ""ל",בטרפלקס,IL,"שמן קצח 250 מ""ל",מיליליטרים,250.00,"100 מ""ל",false,1,49.90,19.9600,true,1,125512
7290013710239,false,"שמן שומשום 250 מ""ל",בטרפלקס,IL,"שמן שומשום 250 מ""ל",מיליליטרים,250.00,"100 מ""ל",false,1,29.90,11.9600,true,1,125509
7290013710253,false,"שמן שקדים   250מ""ל",בטרפלקס,IL,"שמן שקדים   250מ""ל",מיליליטרים,250.00,"100 מ""ל",false,1,55.90,22.3600,true,1,125519
7290013710307,false,זרעי פשתן 400 גרם,בטרפלקס,IL,זרעי פשתן 400 גרם,גרמים,400.00,100 גרם,false,1,12.90,3.2250,true,1,125522
7290013710314,false,סובין חיטה 200 גרם,בטרפלקס,IL,סובין חיטה 200 גרם,גרמים,200.00,100 גרם,false,1,8.90,4.4500,true,1,125529
7290013710338,false,סובין פשתן 200 גרם,בטרפלקס,IL,סובין פשתן 200 גרם,גרמים,200.00,100 גרם,false,1,8.90,4.4500,true,1,125528
7290013710352,false,סובין שיבולת שועל 20,בטרפלקס,IL,סובין שיבולת שועל 200 גרם,גרמים,200.00,100 גרם,false,1,8.90,4.4500,true,1,125527
7290013710406,false,זרעי פשתן  טחונים 40,בטרפלקס,IL,זרעי פשתן  טחונים 400 גרם,גרמים,400.00,100 גרם,false,1,12.90,3.2250,true,1,125523
7290013710635,false,"שמן ציה  250מ""ל",בטרפלקס,IL,"שמן ציה  250מ""ל",מיליליטרים,250.00,"100 מ""ל",false,1,45.90,18.3600,true,1,125518
7290013710680,false,זרעי גדילן 200 גרם,בטרפלקס,IL,זרעי גדילן 200 גרם,גרמים,200.00,100 גרם,false,1,21.90,10.9500,true,1,125525
7290013710697,false,סובין גדילן 200 גרם,בטרפלקס,IL,סובין גדילן 200 גרם,גרמים,200.00,100 גרם,false,1,8.90,4.4500,true,1,125530
7290013710765,false,סובין גרעיני דלעת 20,בטרפלקס,IL,סובין גרעיני דלעת 200 גרם,גרמים,200.00,100 גרם,false,1,12.90,6.4500,true,1,125533
7290013710772,false,סובין שומשום 200 גרם,בטרפלקס,IL,סובין שומשום 200 גרם,גרמים,200.00,100 גרם,false,1,12.90,6.4500,true,1,125532
7290013713049,false,בירה גמס חזקה 8.8% ב,קרלו,IL,"בירה ג'מס, בירה 8.8 חזקה במיוחד",מיליליטרים,330.00,"100 מ""ל",false,1,13.90,4.2121,true,1,130897
7290013724939,false,משוקלדים חמוציות מרי,דין שיווק,IL,משוקלדים חמוציות מריר 140 גר קופסא,גרמים,140.00,100 גרם,false,1,10.90,7.7857,true,1,89296
7290013724977,false,משוקלדים צימוק מריר,דין שיווק,IL,משוקלדים צימוק מריר 140 גר קופסא,גרמים,140.00,100 גרם,false,1,10.90,7.7857,true,1,98144
7290013724991,false,משוקלדים לוז חלב 140,דין שיווק,IL,משוקלדים לוז חלב 140 גר קופסא,גרמים,140.00,100 גרם,false,1,10.90,7.7857,true,1,155647
7290013725820,false,אגוזי לוז בציפוי שוק,"דין שיווק וקליה בע""מ",IL,אגוזי לוז בציפוי שוקולד מריר 140 גרם,גרמים,140.00,100 גרם,false,1,10.90,7.7857,true,1,66919
7290013746238,false,עוגיות ציפס קוקיס מכ,"דגן מיני מזונות בע""מ",IL,עוגיות צ'יפס קוקיס מכוסמין,גרמים,300.00,100 גרם,false,1,33.90,11.3000,true,1,124287
7290013746368,false,עוגיות כוסמין ושקדים,"דגן מיני מזונות בע""מ",IL,עוגיות כוסמין ושקדים,גרמים,300.00,100 גרם,false,1,33.90,11.3000,true,1,124288
7290013746504,false,מקלוני כוסמין עשבי ת,"דגן מיני מזונות בע""מ",IL,מקלוני כוסמין עשבי תיבול דגן,גרמים,200.00,100 גרם,false,1,29.90,14.9500,true,1,124280
7290013746672,false,עוגיות כוסמין ואגוזי,פרוטרופיק סיה.,IL,עוגיות כוסמין אגוזים וקוקוס,גרמים,300.00,100 גרם,false,1,33.90,11.3000,true,1,124286
7290013746788,false,מקלוני כוסמין עגבניה,פרוטרופיק סיה.,IL,מקלוני כוסמין עגבניה ואורגנו דגן,גרמים,200.00,100 גרם,false,1,29.90,14.9500,true,1,124281
7290013746795,false,מקלוני כוסמין קצח וצ,פרוטרופיק סיה.,IL,מקלוני כוסמין קצח וציה דגן,גרמים,200.00,100 גרם,false,1,29.90,14.9500,true,1,124282
7290013771131,false,לבנה עיזים 5%,מיוצר עי קונדיטוריית,IL,לבנה עיזים 5% שומרון 250 גרם,גרמים,250.00,100 גרם,false,1,19.90,7.9600,true,1,81108
7290013771216,false,פטאקי 250 גרם,מיוצר עי קונדיטוריית,IL,פטאקי 16%,גרמים,250.00,100 גרם,false,1,15.90,6.3600,true,1,119524
7290013771384,false,יוגורט יווני אותנטי,מיוצר עי קונדיטוריית,IL,בלקן יוגורט יווני 7% 400 גרם,גרמים,400.00,100 גרם,false,1,11.90,2.9750,true,1,118003
7290013816009,true,שוקולד טבעוני הולי ק,הולי קקאו,IL,שוקולד טבעוני הולי קקאו  90% קקאו,גרמים,100.00,100 גרם,false,1,19.90,19.9000,true,1,135385
7290013816016,true,שוקולד טבעוני הולי ק,הולי קקאו,IL,שוקולד טבעוני הולי קקאו 100% קקאו,גרמים,100.00,100 גרם,false,1,19.90,19.9000,true,1,135386
7290013816146,false,הולי קקאו פול קפה מצ,הולי קקאו,IL,הולי קקאו פול קפה מצופה שוקולד 70% טבעונ,גרמים,100.00,100 גרם,false,1,19.90,19.9000,true,1,144446
7290013816153,false,הולי קקאו אגוז לוז מ,הולי קקאו,IL,הולי קקאו אגוז לוז מצופה שוקולד 70% טבעו,גרמים,100.00,100 גרם,false,1,19.90,19.9000,true,1,144447
7290013816160,false,הולי קקאו שקד מצופה,הולי קקאו,IL,הולי קקאו שקד מצופה שוקולד 70% טבעוני,גרמים,100.00,100 גרם,false,1,19.90,19.9000,true,1,144448
7290013816443,true,שוקולד טבעוני הולי ק,הולי קקאו,IL,שוקולד טבעוני הולי קקאו 80% קקאו,גרמים,100.00,100 גרם,false,1,19.90,19.9000,true,1,135388
7290013827111,true,ברכות מרציפן,,,ברכות מרציפן,Unknown,0.00,Unknown,false,1,13.90,0.0000,true,1,129650
7290013847409,true,טונה סטרקיסט לייט 4%,"סטארקיסט פודור בע""מ",TH,טונה סטרקיסט לייט 4% שומן עם לימון,גרמים,140.00,100 גרם,false,1,8.50,6.0714,true,1,127292
7290013847553,false,טונה במים דל נתרן סט,"איטיליאן פוד, אס.פי.",TH,טונה במים דל נתרן,גרמים,640.00,100 גרם,false,1,27.90,4.3594,true,1,122201
7290013847645,false,סטארקיסט טונה בשמן ז,סטארקיסט,TR,סטארקיסט טונה בשמן זית 3 יח 80 גרם,גרמים,240.00,100 גרם,false,1,16.90,7.0417,true,1,130538
7290013848017,false,סנו נירוסטה - מתז 50,"סנו מפעלי ברונוס בע""",IL,ניקוי והברקת נירוסטה,לא מנהל יחידת מידה,0.00,לא מנהל יחידת מידה,false,1,19.90,0.0000,true,1,125180
7290013848345,false,מטליות לחות שלישייה,סנו מפעלי ברונוס בעמ,IL,מטליות לחות שלישייה לניקוי 99%,לא מנהל יחידת מידה,0.00,לא מנהל יחידת מידה,false,1,21.90,0.0000,true,1,128679
7290013848420,false,קרמה מן דאו אקטיב,גוד פוד פרודקטס S.p,IL,קרמה מן דאודורנט ג'ל אקטיב בלוק 70 מל,Unknown,0.00,Unknown,false,1,16.90,0.0000,true,1,91337
7290013848758,false,גל כביסה מרוכז3 ליטר,"סנו מפעלי ברונוס בע""",IL,ג'ל כביסה בייבי 3ליטר,ליטרים,3.00,ליטר,false,1,35.90,11.9667,true,1,95938
7290013883148,true,הפי סופג ריחות במקרר,יוליניבר,IT,יעקבי הפי סופג ריחות במקרר 40 גר',לא מנהל יחידת מידה,0.00,לא מנהל יחידת מידה,false,1,14.90,0.0000,true,1,127085
7290013883407,false,דזיטול מחטא ומשמיד ח,קרלו,ES,יעקבי דזיטול ספריי מחטא ומשמיד חיידקים 750 מל,מיליליטרים,500.00,"100 מ""ל",false,1,19.90,3.9800,true,1,85543
7290013903099,false,רוקפור טבעונית ליב 2,ביוט איילנד,,רוקפור טבעונית ליב 200 גרם,גרמים,200.00,100 גרם,false,1,22.90,11.4500,true,1,116314
7290013903266,false,תערובת פירות יער אור,פריגו,,תערובת פירות יער אורגנית 350 גרם,גרמים,350.00,100 גרם,false,1,20.90,5.9714,true,1,129108
7290013903273,false,אדממה אורגני 400גרם,זהג'יאנג קינגסור פוד,CN,"ליב, אדממה אורגני, 400 גרם",גרמים,400.00,100 גרם,false,1,11.90,2.9750,true,1,128982
7290013903327,false,טופו 500 גרם ליב טבע,אין תעשיות,IL,טופו 500 גרם ליב טבעי,גרמים,500.00,100 גרם,false,1,18.90,3.7800,true,1,129401
7290013903464,false,פולי סויה אורגנים קל,זהג'יאנג קינגסור,CN,פולי סויה אורגנים קלופים    אדממה  500גר,גרמים,500.00,100 גרם,false,1,15.90,3.1800,true,1,160120
7290013903594,false,רסק תפוחים טבעי ליב,טעמי הגליל בעמ,IL,רסק תפוחים טבעי ליב,גרמים,670.00,100 גרם,false,1,11.90,1.7761,true,1,121826
7290013903624,false,מגורדת בסגנון מוצרלה,ביוט איילנד פודס אל,IL,ליב מגורדת בסגנון מוצרלה טבעונית 200 גרם,גרמים,200.00,100 גרם,false,1,23.90,11.9500,true,1,151376
7290013906052,false,נקניקיות פרגיות 300,הנסיך- מפעל לייצור ט,IL,נקניקיות פרגיות 300 גרם,גרמים,300.00,100 גרם,false,1,13.90,4.6333,true,1,84313
7290013906205,false,"פסטרמה שום וצ""ילי 40",הנסיך- מפעל לייצור ט,IL,"פסטרמה שום וצ""ילי 400 גר",גרמים,400.00,100 גרם,false,1,30.90,7.7250,true,1,91464
7290013906212,false,נקניקיות וינר,הנסיך- מפעל לייצור ט,IL,נקנקיות וינר,קילוגרמים,1.00,"ק""ג",false,1,28.90,28.9000,true,1,91671
7290013906236,false,סלמי גלבוע 400 גר,הנסיך- מפעל לייצור ט,IL,סלמי גלבוע 400 גר,גרמים,400.00,100 גרם,false,1,24.90,6.2250,true,1,95917
7290013906441,false,קבנוס 120 גרם,הנסיך- מפעל לייצור ט,IL,קבנוס נקניק מעושן יבש 120 גרם,גרמים,120.00,100 גרם,false,1,11.90,9.9167,true,1,94453
7290013906458,false,קבנוס בטעם פיקנטי 12,הנסיך- מפעל לייצור ט,IL,טירת צבי קבנוס פיקנטי נקניק מעושן יבש 120 גרם,גרמים,120.00,100 גרם,false,1,11.90,9.9167,true,1,98051
7290013906489,false,חטיפי מיני קבנוס 120,הנסיך- מפעל לייצור ט,IL,טירת צבי חטיפי מיני קבנוס 120 גרם,גרמים,120.00,100 גרם,false,1,11.90,9.9167,true,1,98052
7290013906496,false,פסטרמה עגל רומנית 12,הנסיך- מפעל לייצור ט,IL,פסטרמה עגל בסגנון רומני 120 גרם,גרמים,120.00,100 גרם,false,1,15.90,13.2500,true,1,102448
7290013906519,false,פרושוטו בקר 100 גרם,הנסיך- מפעל לייצור ט,IL,פרושוטו בקר 100 גרם,גרמים,100.00,100 גרם,false,1,26.90,26.9000,true,1,102449
7290013906694,false,"נקניקיות עוף 1.5 ק""ג",הנסיך- מפעל לייצור ט,IL,"נקניקיות עוף 1.5 ק""ג",קילוגרמים,1.00,"ק""ג",false,1,39.00,39.0000,true,1,156871
7290013927101,false,עוגת תפוחים ללא תוספ,אחדות בעמ,IL,עוגת תפוחים ללא תוספת סוכר 400 גרם,גרמים,400.00,100 גרם,false,1,14.90,3.7250,true,1,87517
7290013927637,false,חלווה אחווה ללס 400ג,אחדות בעמ,IL,אחוה חלוה ללא תוספת סוכר 400 גרם,גרמים,400.00,100 גרם,false,1,14.90,3.7250,true,1,156449
7290013937049,false,מאגדת מיני פריז תות,שיבניס בעמ,,מאגדת מיני פריז תות בננה מנגו אננס 180 ג,גרמים,180.00,100 גרם,false,1,25.90,14.3889,true,1,111006
7290013937056,false,מאגדת מיני ארטיק פרי,שיבניס בעמ,,מאגדת מיני ארטיק פריז 180 גרם,גרמים,180.00,100 גרם,false,1,25.90,14.3889,true,1,111005
7290013937070,false,מאג מיני פריז תות בנ,שיבניס בעמ,,מאג מיני פריז תות בננה מנגו קוקוס 180 גר,גרמים,180.00,100 גרם,false,1,25.90,14.3889,true,1,113742
7290013937094,false,מאג מיני ארטיק פריז,שיבניס בעמ,,מאג מיני ארטיק פריז קוקוס קפה 180 גרם,גרמים,180.00,100 גרם,false,1,25.90,14.3889,true,1,114864
7290013937117,false,שלגון פריז טבעי מנגו,פריז,,שלגון פריז טבעי מנגו,גרמים,80.00,100 גרם,false,1,8.90,11.1250,true,1,113741
7290013937124,false,שלגון פריז טבעי קוקו,פריז,,שלגון פריז טבעי קוקוס,גרמים,80.00,100 גרם,false,1,8.90,11.1250,true,1,111003
7290013937148,false,שלגון פריז טבעי בננה,פריז,,שלגון פריז טבעי בננה תמר,גרמים,80.00,100 גרם,false,1,8.90,11.1250,true,1,113109
7290013937193,false,שלגון פריז טבעי אננס,שיבניס בעמ,,שלגון פריז טבעי אננס,גרמים,80.00,100 גרם,false,1,8.90,11.1250,true,1,111155
7290013937315,false,ארטיק פריז קוקוס תות,שיבניס בעמ,,ארטיק פריז קוקוס תות  80 גרם,גרמים,80.00,100 גרם,false,1,8.90,11.1250,true,1,118906
7290013937384,false,ארטיק פריז קוקוס קקא,שיבניס בעמ,,ארטיק פריז קוקוס קקאו 80 גרם,גרמים,80.00,100 גרם,false,1,8.90,11.1250,true,1,113110
7290013937391,false,ארטיק פריז קוקוס קפה,שיבניס בעמ,,ארטיק פריז קוקוס קפה 80 גרם,גרמים,80.00,100 גרם,false,1,8.90,11.1250,true,1,113740
7290013939319,false,שמן טיפולי לשיער תמר,ש.שוורץ,,שמן טיפולי לשיער תמרים 100,לא מנהל יחידת מידה,0.00,לא מנהל יחידת מידה,false,1,48.90,0.0000,true,1,85846
7290013939326,false,מסכה לשיער תמרים 500,ש.שוורץ,,מסכה לשיער תמרים 500,Unknown,0.00,Unknown,false,1,49.90,0.0000,true,1,85847
7290013939333,false,קרם לחות לשיער מתולת,ש.שוורץ,,קרם לחות לשיער מתולתל תמרים 500,Unknown,0.00,Unknown,false,1,32.90,0.0000,true,1,85845
7290013939340,false,קרם גוף תמרים 500,ש.שוורץ,,קרם גוף תמרים 500,Unknown,0.00,Unknown,false,1,17.90,0.0000,true,1,85854
7290013939357,false,"שמפו תמרים 500 מ""ל",ש.שוורץ,,שמפו תמרים 500 מל,מיליליטרים,500.00,"100 מ""ל",false,1,19.90,3.9800,true,1,86352
7290013939579,false,תחליב רחצה תמר 500,ש.שוורץ,,תחליב רחצה תמר 500,יחידה,0.00,יחידה,false,1,20.90,0.0000,true,1,85849
7290013939586,false,קצף אמבט תמר 500,ש.שוורץ,,קצף אמבט תמר 500,יחידה,0.00,יחידה,false,1,23.90,0.0000,true,1,85848
7290013940520,false,מרכך לשיער תמר 500 ס,ש.שוורץ,,מרכך לשיער תמר 500 סמק,מיליליטרים,500.00,"100 מ""ל",false,1,19.90,3.9800,true,1,93531
7290013940568,false,דאורדורנט נעליים 200,,,דאורדורנט נעליים 200 סמק,מיליליטרים,200.00,"100 מ""ל",false,1,22.90,11.4500,true,1,95901
7290013971203,false,מכונת תספורת BLIZZAR,פוג'יקום,,מכונת תספורת BLIZZARD,יחידה,1.00,יחידה,false,1,139.90,139.9000,true,1,97094
7290013971555,false,מארז פוגיקום 8+4,פוג'יקום,,מארז פוגיקום 8+4,לא מנהל יחידת מידה,0.00,לא מנהל יחידת מידה,false,1,19.90,0.0000,true,1,97092
7290013994042,false,זרעי פשתן אורגני300.,אול אורגני,IL,זרעי פשתן אורגניים 300 גרם הרדוף,גרמים,300.00,100 גרם,false,1,8.90,2.9667,true,1,101289
7290013994066,true,ספטפלקס אורגני 375 ג,לאמרי,IT,הרדוף ספלטקפלקס פתיתי כוסמין אורגני 375 גרם,Unknown,0.00,Unknown,false,1,24.90,0.0000,true,1,126284
7290013994318,false,קינואה טריקולור אורג,אול אורגני,IL,הרדוף קינואה מעורבת - טריקולור אורגנית 500 גרם,גרמים,500.00,100 גרם,false,1,20.90,4.1800,true,1,118542
7290013994585,false,גרעיני דלעת קלופים א,אול אורגני,IL,גרעיני דלעת קלופים אורגני,גרמים,300.00,100 גרם,false,1,18.90,6.3000,true,1,116893
7290013994653,false,קינואה רויאל אורגני,אול אורגני,IL,קינואה לבנה רויאל אורגנית,גרמים,500.00,100 גרם,false,1,17.90,3.5800,true,1,117624
7290013994677,false,עדשים שחורות אורגני,אול אורגני,IL,עדשים שחורות אורגניות,גרמים,500.00,100 גרם,false,1,17.90,3.5800,true,1,117439
7290013994684,false,אפונה חצויה אורגנית,אול אורגני,IL,אפונה ירוקה חצויה,גרמים,500.00,100 גרם,false,1,11.90,2.3800,true,1,116894
7290013994714,false,הרדוף ממרח סויה וחרו,ברינקס פוד,NL,ממרח סויה חרובים ואגוזים אורגני,גרמים,350.00,100 גרם,false,1,26.90,7.6857,true,1,118247
7290013994769,true,מקלות בייגלה קמח מלא,אם החיטה,IL,מקלות בייגלה מקמח מלא,גרמים,200.00,100 גרם,false,1,13.90,6.9500,true,1,126283
7290013994776,true,גרגירי תירס קפואים א,פינגווין,BE,גרגירי תירס מתוק קפואים אורגני 800 גרם הרדוף,גרמים,800.00,100 גרם,false,1,24.90,3.1125,true,1,117757
7290013994790,true,לקט ירקות קפוא אורגנ,פינגווין,BE,לקט ירקות קפואים אורגני 800 גרם הרדוף,גרמים,800.00,100 גרם,false,1,24.90,3.1125,true,1,117756
7290013994912,false,קמח כוסמין 70% אורגנ,עץ השדה,IL,"קמח כוסמין 70% אורגני 1 ק""ג  הרדוף",קילוגרמים,1.00,"ק""ג",false,1,22.90,22.9000,true,1,152270
7290014002128,false,תה ירוק לימונית,HIQ FOOD PRODUCTS,IL,תה ירוק לימונית ומנטה T.T,גרמים,37.00,100 גרם,false,1,25.90,70.0000,true,1,87490
7290014002135,false,תה ירוק מיקס 5 טעמים,HIQ FOOD PRODUCTS,IL,תה ירוק מיקס - חדש 2015,גרמים,37.00,100 גרם,false,1,25.90,70.0000,true,1,86562
7290014002203,false,חליטת צמחים לימונית,HIQ FOOD PRODUCTS,IL,חליטת לימונית לואיזה - הגן הקסום,גרמים,37.00,100 גרם,false,1,19.90,53.7838,true,1,87920
7290014002944,false,חליטת הגן הקסום,HIQ FOOD PRODUCTS,IL,"תה ויסוצקי,חליטת חמדת השקד - ""הגן הקסום""",גרמים,50.00,100 גרם,false,1,19.90,39.8000,true,1,101107
7290014016057,false,לחם כפרי ללא תוספת ס,נטו מלינדה-בשר,IL,לחם כפרי ללא גלוטן וללא תוספת סוכר,גרמים,600.00,100 גרם,false,1,21.90,3.6500,true,1,111357
7290014016118,false,לחמניות סנדוויץ מארז,נטו מלינדה-בשר,IL,לחמניות סנדוויץ ללא גלוטן,גרמים,400.00,100 גרם,false,1,18.90,4.7250,true,1,91986
7290014016231,false,חמישיית פיתות רכות ב,נטו מלינדה-בשר,IL,חמישיית פיתות רכות במיוחד,גרמים,450.00,100 גרם,false,1,19.90,4.4222,true,1,92702
7290014016279,false,פיצה מרגריטה ללא גלו,נטו מלינדה-בשר,IL,פיצה מרגריטה ללא גלוטן 500גרם,גרמים,500.00,100 גרם,false,1,29.90,5.9800,true,1,100685
7290014016286,false,פיצה מרגריטה עם זיתי,נטו מלינדה-בשר,IL,פיצה מרגריטה עם זיתים ללא גלוטן 500גרם,גרמים,500.00,100 גרם,false,1,29.90,5.9800,true,1,100686
7290014016453,false,בצק עלים 500 גר ללא,נטו מלינדה-בשר,IL,בצק עלים 500 גר ללא גלוטן,גרמים,500.00,100 גרם,false,1,24.90,4.9800,true,1,96997
7290014017009,false,קמח אורז לבן 500 ג ל,נטו מלינדה-בשר,IL,קמח אורז לבן 500 ג ללא גלוטן,גרמים,500.00,100 גרם,false,1,9.90,1.9800,true,1,92707
7290014017016,false,קמח טפיוקה 500 ג ללא,נטו מלינדה-בשר,IL,קמח טפיוקה 500 ג ללא גלוטן,גרמים,500.00,100 גרם,false,1,8.90,1.7800,true,1,92708
7290014017023,false,קמח תפוא 500 ג ללא ג,נטו מלינדה-בשר,IL,קמח תפוא 500 ג ללא גלוטן,גרמים,500.00,100 גרם,false,1,9.90,1.9800,true,1,92709
7290014017047,false,קמח חומוס 500 ג ללא,נטו מלינדה-בשר,IL,קמח חומוס 500 ג ללא גלוטן,גרמים,500.00,100 גרם,false,1,13.90,2.7800,true,1,91988
7290014017054,false,קמח תירס 500 ג ללא ג,נטו מלינדה-בשר,IL,קמח תירס 500 ג ללא גלוטן,גרמים,500.00,100 גרם,false,1,8.90,1.7800,true,1,92711
7290014017061,false,קורנפלור 500 ג ללא ג,"נטורל קייקס בע""מ",,קורנפלור 500 ג ללא גלוטן,גרמים,500.00,100 גרם,false,1,8.90,1.7800,true,1,92712
7290014017146,false,קמח רב תכליתי 500 גר,נטו מלינדה-בשר,IL,קמח רב תכליתי 500 גרם ללא גלוטן,גרמים,500.00,100 גרם,false,1,19.00,3.8000,true,1,109521
7290014017160,false,תערובת לעוגת וניל 32,נטו מלינדה-בשר,IL,תערובת לעוגת וניל 500ג ללא גלוטן,גרמים,500.00,100 גרם,false,1,16.90,3.3800,true,1,92716
7290014017184,false,תערובת לעוגיות 500גר,נטו מלינדה-בשר,IL,תערובת לעוגיות 500גר,גרמים,500.00,100 גרם,false,1,16.90,3.3800,true,1,126096
7290014017269,false,דגנים במילוי קרם נוג,נטו מלינדה-בשר,IL,דגנים במילוי קרם נוגט 375 גרם,גרמים,375.00,100 גרם,false,1,18.90,5.0400,true,1,123344
7290014017276,false,דגנים במילוי קרם בטע,נטו מלינדה-בשר,IL,דגנים במילוי קרם בטעם שוקולד 375 גרם,גרמים,375.00,100 גרם,false,1,18.90,5.0400,true,1,122370
7290014017320,false,אבקת מרק עוף ללא גלו,נטו מלינדה-בשר,IL,אבקת מרק עוף ללא גלוטן,גרמים,400.00,100 גרם,false,1,19.90,4.9750,true,1,92717
7290014017337,false,אבקת מרק בצל ללא גלו,"נטורל קייקס בע""מ",IL,אבקת מרק בצל ללא גלוטן,גרמים,400.00,100 גרם,false,1,19.90,4.9750,true,1,92718
7290014017351,false,אבקת מרק ירקות ללא ג,"נטורל קייקס בע""מ",IL,אבקת מרק ירקות ללא גלוטן,גרמים,400.00,100 גרם,false,1,20.90,5.2250,true,1,92720
7290014046016,false,פסטרמה  של פעם 100%,פ.פ.ח. שאביט,IL,יחיעם פסטרמה של פעם 250 גרם,גרמים,250.00,100 גרם,false,1,25.90,10.3600,true,1,104713
7290014046030,false,מוס כבד עוף 140 גרם,יחיעם,IL,יחיעם מוס כבד עוף 140 גרם,גרמים,140.00,100 גרם,false,1,15.90,11.3571,true,1,111069
7290014046474,false,נקניקיות עוף,יחיעם,IL,יחיעם נקניקיות עוף 1.5 קג,קילוגרמים,1.50,"ק""ג",false,1,33.90,22.6000,true,1,100720
7290014046580,false,פסטרמה הודו מעושנת ע,פ.פ.ח. שאביט,IL,פסטרמה הודו מעושנת על האש מעדני יחיעם 30,גרמים,300.00,100 גרם,false,1,22.90,7.6333,true,1,109927
7290014046757,false,סלמי תה מעדני יחיעם,פ.פ.ח. שאביט,IL,סלמי תה מעדני יחיעם   300גרם,גרמים,300.00,100 גרם,false,1,22.90,7.6333,true,1,115098
7290014056008,false,בירה שפירא פייל אייל,שפירא,IL,"בירה שפירא פייל אייל 330 מ""ל",מיליליטרים,330.00,"100 מ""ל",false,1,14.90,4.5152,true,1,157858
7290014056053,false,IPA בירה שפירא 330 מ,שפירא,IL,"IPA בירה שפירא 330 מ""ל",מיליליטרים,330.00,"100 מ""ל",false,1,14.90,4.5152,true,1,157860
7290014059085,false,סנסודיין משחה לשיקום,DE MICLEN,,סנסודיין משחת שיניים לשיקום והגנה 75 מל,מיליליטרים,75.00,"100 מ""ל",false,1,21.90,29.2000,true,1,84662
7290014059436,false,סנסודיין לשיקום והגנ,DE MICLEN,,סנסודיין משחת שיניים משקמת יומיומית 75 מל,מיליליטרים,75.00,"100 מ""ל",false,1,21.90,29.2000,true,1,94598
7290014066359,false,קפסולות אספרסו לנדוו,האחים פלם הגפן,IL,קפסולות אספרסו לנדוור בלאנסד 10יח,גרמים,50.00,100 גרם,false,1,17.90,35.8000,true,1,125010
7290014066366,false,קפסולות אספרסו לנדוו,לנדוור,IL,קפסולות לנדוור,גרמים,50.00,100 גרם,false,1,17.90,35.8000,true,1,125009
7290014066373,false,קפסולות אספרסו לנדוו,לנדוור,IL,קפסולות אספרסו לנדוור קלאסי 10יח,גרמים,50.00,100 גרם,false,1,17.90,35.8000,true,1,125008
7290014066380,false,קפסולות אספרסו לנדוו,לנדוור,IL,קפסולות אספרסו לנדוור סופרימו 10יח,גרמים,50.00,100 גרם,false,1,17.90,35.8000,true,1,125007
7290014066441,false,לנדוור-קפסולות אספרס,לנדוור,IL,לנדוור-קפסולות אספרסו נטול קפאין 10 יח,יחידה,10.00,יחידה,false,1,17.90,1.7900,true,1,145573
7290014066526,false,לנדוור-קפסולות אספרס,לנדוור,IL,לנדוור-קפסולות אספרסו תערובת הבית,יחידה,10.00,יחידה,false,1,17.90,1.7900,true,1,145571
7290014066533,false,לנדוור-קפסולות אספרס,לנדוור,IL,לנדוור-קפסולות אספרסו קלייה כפול  10 יח,יחידה,10.00,יחידה,false,1,17.90,1.7900,true,1,145572
7290014079014,false,חסה לבבות קיסר,אליהו חדד,IL,חסה לבבות קיסר,גרמים,300.00,100 גרם,false,1,8.90,2.9667,true,1,95443
7290014079076,false,נבטי אלפלפא,חקלאי,IL,נבטי אלפלפא,גרמים,150.00,100 גרם,false,1,5.90,3.9333,true,1,95437
7290014079328,false,לוף/כרישה קצוץ יח,חקלאי,IL,לוף/כרישה קצוץ יח,גרמים,500.00,100 גרם,false,1,6.90,1.3800,true,1,106545
7290014079526,false,כרובית ארוזה יח,חקלאי,IL,כרובית ארוזה יח,קילוגרמים,1.50,"ק""ג",false,1,14.90,9.9333,true,1,126122
7290014083479,false,גבינה פרוסה גאודה 15,ג.וילי פוד אינטרנשיו,IL,גבינת גאודה פרוסות 150גרם 27%,גרמים,150.00,100 גרם,false,1,12.90,8.6000,true,1,88394
7290014083806,false,עוגיות פח 350 ג וילי,,PT,עוגיות פח 350 ג ויליפוד,גרמים,350.00,100 גרם,false,1,14.90,4.2571,true,1,87833
7290014083813,false,שפורטים 190 גרם,בריואוס וילניס,LV,שפורטים 190 גרם,גרמים,190.00,100 גרם,false,1,9.90,5.2105,true,1,88224
7290014092532,false,דלעת חתוכה ליח,חקלאי,IL,דלעת חתוכה ליח,גרמים,850.00,100 גרם,false,1,9.90,1.1647,true,1,115880
7290014094260,false,שום מקולף 170 גרם,איתן מרגוליס,IL,שום מקולף 170 גרם,גרמים,170.00,100 גרם,false,1,9.90,5.8235,true,1,106853
7290014094338,false,דלעת מקולפת 250 גרם,"דין שיווק וקליה בע""מ",,דלעת מקולפת 250 גרם,גרמים,250.00,100 גרם,false,1,14.90,5.9600,true,1,156166
7290014094345,false,חמניות קלופות 300 גר,"דין שיווק וקליה בע""מ",,חמניות קלופות 300 גרם,גרמים,300.00,100 גרם,false,1,11.90,3.9667,true,1,156167
7290014094352,false,אגוז מלך טבעי בקופסא,"דין שיווק וקליה בע""מ",,אגוז מלך טבעי בקופסא  200 גרם,גרמים,200.00,100 גרם,false,1,17.90,8.9500,true,1,155514
7290014094369,false,שקד טבעי בקופסא  200,"דין שיווק וקליה בע""מ",,שקד טבעי בקופסא  200 גרם,גרמים,200.00,100 גרם,false,1,21.90,10.9500,true,1,155509
7290014094376,false,שזיפים ללא גלעין בקו,"דין שיווק וקליה בע""מ",,שזיפים ללא גלעין בקופסא  250 גרם,גרמים,250.00,100 גרם,false,1,19.90,7.9600,true,1,156377
7290014094383,false,משמש מיובש בקופסא 33,"דין שיווק וקליה בע""מ",,משמש מיובש בקופסא 250 גרם,גרמים,250.00,100 גרם,false,1,19.90,7.9600,true,1,98136
7290014094390,false,חמוציות בקופסא  330,"דין שיווק וקליה בע""מ",,חמוציות בקופסא  250 גרם,גרמים,250.00,100 גרם,false,1,13.90,5.5600,true,1,98137
7290014094406,false,צימוק לבן בקופסא  33,"דין שיווק וקליה בע""מ",,צימוק לבן בקופסא  330 גרם,גרמים,330.00,100 גרם,false,1,14.90,4.5152,true,1,156378
7290014094628,false,פקאן טבעי 200 קופסא,חקלאי,,פקאן טבעי 200 קופסא,גרמים,200.00,100 גרם,false,1,26.90,13.4500,true,1,156381
7290014094642,false,קשיו טבעי בקופסא  25,"דין שיווק וקליה בע""מ",,קשיו טבעי בקופסא  250 גרם,גרמים,250.00,100 גרם,false,1,23.90,9.5600,true,1,155516
7290014094659,false,אגוזי לוז טבעיים 250,דין שיווק,IL,אגוזי לוז טבעיים 250 גרם,גרמים,250.00,100 גרם,false,1,27.90,11.1600,true,1,156168
7290014094796,false,משמש בשקית 300 גרם,"דין שיווק וקליה בע""מ",,משמש בשקית 300 גרם,גרמים,300.00,100 גרם,false,1,16.90,5.6333,true,1,155493
7290014094826,false,שזיף מגולען 300 גרם,"דין שיווק וקליה בע""מ",,שזיף מגולען 300 גרם,גרמים,300.00,100 גרם,false,1,16.90,5.6333,true,1,155494
7290014094833,false,צימוק לבן שקית  300,"דין שיווק וקליה בע""מ",,צימוק לבן שקית  300 גרם,גרמים,300.00,100 גרם,false,1,13.90,4.6333,true,1,103222
7290014094840,false,צימוק חום שקית  300,"דין שיווק וקליה בע""מ",,צימוק חום שקית  300 גרם,גרמים,300.00,100 גרם,false,1,13.90,4.6333,true,1,103223
7290014094857,false,פקאן סיני מסוכר 150,דין שיווק,IL,פקאן סיני מסוכר 150 גרם,גרמים,150.00,100 גרם,false,1,17.90,11.9333,true,1,155443
7290014094864,false,פיסטוק קלוי 170גרם,דין שיווק,IL,פיסטוק קלוי 170גרם,גרמים,170.00,100 גרם,false,1,18.90,11.1176,true,1,155471
7290014094895,true,אגוזים קלופים 150 גר,דין שיווק,IL,אגוזים קלופים 150 גרם,גרמים,150.00,100 גרם,false,1,11.90,7.9333,true,1,155453
7290014094901,false,פקאן טבעי 150גרם,דין שיווק,IL,פקאן טבעי 150גרם,גרמים,150.00,100 גרם,false,1,19.90,13.2667,true,1,155469
7290014095861,false,שיבולת שועל דקה,"דין שיווק וקליה בע""מ",,שיבולת שועל דקה 500 גרם שקדיה,גרמים,500.00,100 גרם,false,1,6.90,1.3800,true,1,101914
7290014095946,true,משוקלדים פקאן מריר 1,"שקדיה גבע בע""מ",IL,אגוז פקאן בציפוי שוקולד מריר,גרמים,140.00,100 גרם,false,1,10.90,7.7857,true,1,155648
7290014095953,false,משוקלדים פקאן חלב 14,שקדיה גבע בתעשיות עמ,IL,שקדיה פקאן בציפוי שוקולד חלב 160 גרם,גרמים,140.00,100 גרם,false,1,10.90,7.7857,true,1,155621
7290014095960,false,שיבולת שועל עבה,"דין שיווק וקליה בע""מ",,שיבולת שועל עבה 500 גרם שקדיה,גרמים,500.00,100 גרם,false,1,6.90,1.3800,true,1,102261
7290014126428,false,סטיביה 150 טבליות,מיוצר עי קונדיטוריית,CN,סטיביה 150 טבליות 150 גרם,גרמים,150.00,100 גרם,false,1,26.90,17.9333,true,1,103102
7290014171398,false,צבע שיער של סיגל,,,צבע שיער של סיגל,Unknown,0.00,Unknown,false,1,13.90,0.0000,true,1,109546
7290014217003,false,פפריקה מעושנת מיכל,תות ממתקי איכות,IL,"תבליני טעם וריח, פפריקה בטעם מעושן,  90 גרם",גרמים,90.00,100 גרם,false,1,9.90,11.0000,true,1,87152
7290014217010,false,תיבול לדגים,תבליני טעם וריח,IL,"תבליני טעם וריח T-BUL תערובת תיבול לדגים, 90 גרם",גרמים,90.00,100 גרם,false,1,13.90,15.4444,true,1,86708
7290014217027,false,תיבול עוף 120 גרם,תות ממתקי איכות,IL,"תבליני טעם וריח T-BUL תערובת תיבול לעוף, 120 גרם",גרמים,120.00,100 גרם,false,1,13.90,11.5833,true,1,88158
7290014217065,false,אורגנו 30 גרם,תות ממתקי איכות,IL,תבליני טעם וריח אורגנו 100% 30 גרם,Unknown,0.00,Unknown,false,1,9.90,0.0000,true,1,86578
7290014217119,false,ציפס מיכל 100 גר,תות ממתקי איכות,IL,"תבליני טעם וריח תערובת תיבול לצ'יפס, 100 גרם",Unknown,0.00,Unknown,false,1,9.90,0.0000,true,1,103708
7290014217140,false,ראס אל חנות מיכל100,תות ממתקי איכות,IL,תבליני טעם וריח ראס אל חנות 100 גרם,גרמים,100.00,100 גרם,false,1,9.90,9.9000,true,1,103711
7290014217157,false,טוסקנה 120 גר,תות ממתקי איכות,IL,תבליני טעם וריח תערובת תיבול טוסקנה 120 גרם,גרמים,120.00,100 גרם,false,1,9.90,8.2500,true,1,103712
7290014217164,false,פטרוזיליה מיכל 20 גר,תות ממתקי איכות,IL,תבליני טעם וריח פטרוזיליה 100% 20 גרם,גרמים,20.00,100 גרם,false,1,9.90,49.5000,true,1,103713
7290014217201,false,תערובת תיבול סומק מי,תות ממתקי איכות,IL,תבליני טעם וריח מיכל קטן סומק 45 גרם,גרמים,45.00,100 גרם,false,1,6.90,15.3333,true,1,121538
7290014217225,false,תערובת תיבול גריל עו,תות ממתקי איכות,IL,"תבליני טעם וריח, תערובת תיבול גריל עוף, 120 גרם",גרמים,120.00,100 גרם,false,1,9.90,8.2500,true,1,99670
7290014217263,false,תערובת תיבול לפרגיות,תות ממתקי איכות,IL,"תבליני טעם וריח תערובת תיבול לפרגיות, 100 גרם",גרמים,100.00,100 גרם,false,1,9.90,9.9000,true,1,114059
7290014217348,false,צילי כתוש במיכל,תות ממתקי איכות,IL,תבליני טעם וריח צ'ילי גרוס חריף 70 גרם,גרמים,0.00,100 גרם,false,1,9.90,0.0000,true,1,100014
7290014217355,false,אבקת קרי,תות ממתקי איכות,IL,"תבליני טעם וריח, אבקת קארי, 100 גרם",Unknown,0.00,Unknown,false,1,9.90,0.0000,true,1,100015
7290014217362,false,תיבול לקציצות,תות ממתקי איכות,IL,תבליני טעם וריח תערובת תיבול לקציצות 100 גרם,Unknown,0.00,Unknown,false,1,9.90,0.0000,true,1,100016
7290014217386,false,מרינדת צילי חריף לעו,תבליני טעם וריח,IL,תבליני טעם וריח תערובת תיבול למרינדת עוף 80 גרם,גרמים,80.00,100 גרם,false,1,11.90,14.8750,true,1,152290
7290014217478,false,עשבי תיבול איטלקי ים,תות ממתקי איכות,IL,עשבי תיבול איטלקי ים תיכוני 30 גרם,גרמים,30.00,100 גרם,false,1,9.90,33.0000,true,1,114815
7290014217485,false,תיבול קייגון 100 גר,תות ממתקי איכות,IL,"תבליני טעם וריח, קיי'גון",גרמים,100.00,100 גרם,false,1,9.90,9.9000,true,1,129346
7290014217492,false,תיבול פילדלפיה 100 ג,תות ממתקי איכות,IL,תבליני טעם וריח תערובת תיבול פילדלפיה 100 גרם,גרמים,100.00,100 גרם,false,1,9.90,9.9000,true,1,129347
7290014217522,false,לחם שום תערובת מיכל,תות ממתקי איכות,IL,לחם שום תערובת מיכל 100 גרם,גרמים,100.00,100 גרם,false,1,11.90,11.9000,true,1,125707
7290014217911,false,פלפל מתוק שלם 150 גר,יוליניבר,IL,תבליני טעם וריח פלפל מתוק שלם 150 גרם,גרמים,150.00,100 גרם,false,1,13.90,9.2667,true,1,128645
7290014217973,false,צילי חריף 150 גרם,יוליניבר,IL,תבליני טעם וריח פלפל צ'ילי חריף יבש 150 גרם,גרמים,150.00,100 גרם,false,1,13.90,9.2667,true,1,128646
7290014218321,false,בורקס יפו גבינה 4 יח,מיוצר עי קונדיטוריית,IL,בורקס יפו גבינה 4 יח 600 גרם,גרמים,600.00,100 גרם,false,1,21.90,3.6500,true,1,112977
7290014218338,false,בורקס יפו תפוא 4 יח,מיוצר עי קונדיטוריית,IL,בורקס יפו תפוא 4 יח 600 גרם,גרמים,600.00,100 גרם,false,1,17.90,2.9833,true,1,112978
7290014218536,false,בצק עלים מופחת שומן,"מעדנות בע""מ",IL,"בצק עלים מופחת שומן 1 ק""ג",קילוגרמים,1.00,"ק""ג",false,1,25.40,25.4000,true,1,117803
7290014218932,false,חטיפי פיצה בתוספת זי,מיוצר עי קונדיטוריית,IL,חטיפי פיצה בתוספת זיתים בשקית 710 גרם,גרמים,710.00,100 גרם,false,1,34.90,4.9155,true,1,129558
7290014256637,false,יין BUZZ  מוסקטו 750,"כד בני דרום בע""מ",IL,"יין BUZZ  מוסקטו 750 מ""ל",מיליליטרים,750.00,"100 מ""ל",false,1,31.90,4.2533,true,1,103246
7290014298491,false,עציץ סבונים,יושלם,,מארז סבון דקורטיבי,יחידה,1.00,יחידה,false,1,24.90,24.9000,true,1,96101
7290014318281,true,מחית כמהין 5% 90 גרם,,IT,מחית כמהין 5% 90 גרם,גרמים,90.00,100 גרם,false,1,49.90,55.4444,true,1,158186
7290014321007,false,"שמן קוקוס 350 מ""ל",כפרי בריא,,"שמן קוקוס 350 מ""ל וואן טרייב",מיליליטרים,350.00,"100 מ""ל",false,1,34.90,9.9714,true,1,118244
7290014321014,true,שמן קוקוס אורגני 1 ל,סרנדיפול,LK,שמן קוקוס אורגני,ליטרים,1.00,ליטר,false,1,70.90,70.9000,true,1,125928
7290014321199,false,LESS&MOR קרקר פשתן צ,"ל.ב. סחר ושיווק בע""מ",IL,LESS&MOR קרקר פשתן צילי פיקנטי  125גרם,גרמים,125.00,100 גרם,false,1,24.90,19.9200,true,1,158251
7290014321205,false,LESS&MORE  קרקר גרעי,"ל.ב. סחר ושיווק בע""מ",IL,LESS&MORE  קרקר גרעיני פשתן  125  גרם,גרמים,125.00,100 גרם,false,1,24.90,19.9200,true,1,158249
7290014321212,false,LESS&MOREקרקר פשתן ו,"ל.ב. סחר ושיווק בע""מ",IL,LESS&MOREקרקר פשתן ושום  125גרם,גרמים,125.00,100 גרם,false,1,24.90,19.9200,true,1,158250
7290014325050,false,קורנפלור מיה  500 גר,מיה,IL,קורנפלור מיה  500 גרם,גרמים,500.00,100 גרם,false,1,7.90,1.5800,true,1,160087
7290014343467,false,עוגת פס גאיה בן עמי,נטלי,,עוגת פס גאיה בן עמי,יחידה,1.00,יחידה,false,1,62.90,62.9000,true,1,146461
7290014343566,false,פס מוס מרקיז שוקולד,"נטלי פלוס בע""מ",IL,פס מוס מרקיז שוקולד פרווה,גרמים,750.00,100 גרם,false,1,54.90,7.3200,true,1,156241
7290014343573,false,עוגת פס פררה בן עמי,נטלי,,עוגת פס פררה בן עמי,יחידה,1.00,יחידה,false,1,62.90,62.9000,true,1,146462
7290014343580,false,עוגת פס אלפחורס בן ע,נטלי,,עוגת פס אלפחורס בן עמי,יחידה,1.00,יחידה,false,1,62.90,62.9000,true,1,146459
7290014343641,false,עוגת פס  מוס אוראו ב,נטלי,,עוגת פס  מוס אוראו בן עמי,יחידה,1.00,יחידה,false,1,62.90,62.9000,true,1,146460
7290014343764,false,סברינה מנה אישית חלב,"נטלי פלוס בע""מ",IL,סברינה מנה אישית חלבי,גרמים,340.00,100 גרם,false,1,19.90,5.8529,true,1,156243
7290014369252,false,שלגון MOJO מנגו בצ.ק,פיקסל,IL,שלגון MOJO מנגו בצ.קוקוס67 גרם,גרמים,67.00,100 גרם,false,1,9.90,14.7761,true,1,153387
7290014369269,false,שלגון MOJO קוקוס אננ,פיקסל,IL,שלגון MOJO קוקוס אננס  69 גרם,גרמים,69.00,100 גרם,false,1,9.90,14.3478,true,1,153388
7290014369306,false,שלגון MOJO תות שדה ט,איתלק,IL,שלגון MOJO תות שדה טבעי 70 גרם,גרמים,70.00,100 גרם,false,1,9.90,14.1429,true,1,129661
7290014369320,false,שלגון MOJO סורבה קוק,איתלק,IL,שלגון MOJO סורבה קוקוס טבעי 70 גרם,גרמים,70.00,100 גרם,false,1,9.90,14.1429,true,1,129663
7290014369337,false,שלגון MOJO מנגו טרופ,איתלק,IL,שלגון MOJO מנגו טרופי  טבעי 70 גרם,גרמים,70.00,100 גרם,false,1,9.90,14.1429,true,1,129664
7290014369351,false,מנגו אננס ופסיפלורה,איתלק,IL,מנגו אננס ופסיפלורה טבעיים 70 גרם,גרמים,70.00,100 גרם,false,1,9.90,14.1429,true,1,129666
7290014369382,false,שלגון MOJO פיסטוק מו,איתלק,IL,שלגון MOJO פיסטוק מובחר  טבעי 70 גרם,גרמים,70.00,100 גרם,false,1,9.90,14.1429,true,1,129668
7290014369412,false,שלגון MOJO שוקולד בל,איתלק,IL,שלגון MOJO שוקולד בלגי  70 גרם,גרמים,70.00,100 גרם,false,1,9.90,14.1429,true,1,129671
7290014369450,false,קוקוס ואננס טבעיים,,,קוקוס ואננס טבעיים,יחידה,1.00,יחידה,false,1,9.90,9.9000,true,1,145815
7290014369528,false,שלגון MOJO אגוז לוז,איתלק,IL,שלגון MOJO אגוז לוז בציפוי 70 גרם,גרמים,70.00,100 גרם,false,1,9.90,14.1429,true,1,148010
7290014369535,false,מאגדת 1/5 MOJO מיני,פיקסל,IL,מאגדת 1/5 MOJO מיני תות שדה 215 גרם,גרמים,215.00,100 גרם,false,1,27.90,12.9767,true,1,148393
7290014369542,false,מאגת 1/5 MOTO מיני ס,פיקסל,IL,מאגת 1/5 MOTO מיני סורבה קוקוס 210 גרם,גרמים,210.00,100 גרם,false,1,27.90,13.2857,true,1,148391
7290014369559,false,מאגדת 1/5 MOJO מיני,פיקסל,IL,מאגדת 1/5 MOJO מיני מנגו אננס ופסיפלורה,גרמים,210.00,100 גרם,false,1,27.90,13.2857,true,1,148392
7290014369566,false,מאגדת 1/5 MOJO מיני,פיקסל,IL,מאגדת 1/5 MOJO מיני סורבה קוקוס + שוקולד,גרמים,240.00,100 גרם,false,1,27.90,11.6250,true,1,148394
7290014369573,false,מאגדת 1/5 MOJO מיני,פיקסל,IL,מאגדת 1/5 MOJO מיני קוקוס ואננס + פיסטוק 244 גרם,גרמים,244.00,100 גרם,false,1,27.90,11.4344,true,1,148395
7290014369580,false,פיינט תות שדה טבעי 5,גלידת אילו,IL,פיינט תות שדה טבעי 500 מל,גרמים,500.00,100 גרם,false,1,27.90,5.5800,true,1,154071
7290014369597,false,פיינט מנגו אננס ופסי,גלידת אילו,IL,פיינט מנגו אננס ופסיפלורה טבעיים 500 מל,גרמים,500.00,100 גרם,false,1,27.90,5.5800,true,1,154072
7290014369610,false,פיינט פיסטוק טבעי מו,גלידת אילו,IL,פיינט פיסטוק טבעי מובחר עם שברי פיסטוק 500 מל,גרמים,500.00,100 גרם,false,1,27.90,5.5800,true,1,154073
7290014369689,false,"מארז שלוקים 315 מ""ל",גלידת אילו,IL,"מארז שלוקים 315 מ""ל מוגו",מיליליטרים,315.00,"100 מ""ל",false,1,21.90,6.9524,true,1,155038
7290014369818,false,שלגון מסקרפונה עם חת,גלידת אילו,IL,שלגון מסקרפונה עם חתיכות אפרסק 71גרם,גרמים,71.00,100 גרם,false,1,9.90,13.9437,true,1,157995
7290014369832,false,שלגון מקיאטו 71גרם,גלידת אילו,IL,שלגון מקיאטו 71גרם,גרמים,71.00,100 גרם,false,1,9.90,13.9437,true,1,157996
7290014369856,false,מאגדת מיני שלגונים ק,גלידת אילו,IL,מאגדת מיני שלגונים קוקוס אננס ופיטאיה 205גרם,גרמים,205.00,100 גרם,false,1,27.90,13.6098,true,1,158000
7290014397170,false,סנו פרש מיכל מילוי ב,סנו מפעלי ברונוס בעמ,IL,סנו פרש מיכל מילוי בניחוח SOFT BALANCE,מיליליטרים,165.00,"100 מ""ל",false,1,17.90,10.8485,true,1,122544
7290014397453,false,סנו אוקסיגין לכביסה,,IL,סנו אוקסיגין וויט,ליטרים,3.00,ליטר,false,1,34.60,11.5333,true,1,92182
7290014397514,false,מבשם אויר נטול גז כו,"סנו מפעלי ברונוס בע""",IL,פרש הום מבשם לבית כותנה מלטפת 350 מל,מיליליטרים,350.00,"100 מ""ל",false,1,15.90,4.5429,true,1,89102
7290014397538,false,מבשם אויר נטול גז בו,סנו מפעלי ברונוס בעמ,IL,פרש הום מבשם לבית סבון מפנק 350 מל,מיליליטרים,350.00,"100 מ""ל",false,1,15.90,4.5429,true,1,89104
7290014397767,false,נוזל רצפות ריצפז הום,"איי, בי, אינבוו",IL,ריצפז פרש הום כותנה מלטפת 2 ליטר,ליטרים,2.00,ליטר,false,1,21.90,10.9500,true,1,93965
7290014424005,false,שעווה לפנים דבש למיק,xanitalia,IT,שעווה לפנים דבש למיקרו-פרנס ביוטי,גרמים,70.00,100 גרם,false,1,22.90,32.7143,true,1,114319
7290014424012,false,שעווה לפנים לבן למיק,xanitalia,IT,שעווה לפנים לבן למיקרו-פרנס ביוטי,גרמים,70.00,100 גרם,false,1,22.90,32.7143,true,1,114320
7290014424029,false,שעווה ורודה למיקרו-פ,xanitalia,IT,שעווה ורודה למיקרו-פרנט ביוטי,גרמים,70.00,100 גרם,false,1,22.90,32.7143,true,1,114318
7290014426061,false,משחת שיניים תינוקות,כצט נוביס,,משחת שיניים תינוקות הלו קיטי,מיליליטרים,50.00,"100 מ""ל",false,1,10.90,21.8000,true,1,104500
7290014426597,false,משחת שיניים ילדים,יושלם,,משחת שיניים ילדים הלו קיטי,מיליליטרים,50.00,"100 מ""ל",false,1,10.90,21.8000,true,1,102046
7290014435704,false,סלמון מעושן 100 גרם,"סלטי שמיר 2006 בע""מ",,סלמון מעושן 100 גרם,גרמים,100.00,100 גרם,false,1,26.90,26.9000,true,1,97916
7290014435803,false,מטיאס הולנדי עם בצל,"סלטי שמיר 2006 בע""מ",,מטיאס הולנדי עם בצל בשמן 180 גרם,גרמים,180.00,100 גרם,false,1,20.90,11.6111,true,1,97356
7290014435810,false,הרינג כבוש עם בצל 18,"סלטי שמיר 2006 בע""מ",,הרינג כבוש עם בצל 180 גרם,גרמים,180.00,100 גרם,false,1,20.90,11.6111,true,1,97358
7290014435827,false,פילה מקרל מעושן בשמן,"סלטי שמיר 2006 בע""מ",,"פילה מקרל מעושן בשמן 190 גר            """,גרמים,190.00,100 גרם,false,1,27.90,14.6842,true,1,97354
7290014435834,false,מקרל מעושן פרוס בשמן,"סלטי שמיר 2006 בע""מ",,מקרל מעושן פרוס בשמן 180 גרם,גרמים,180.00,100 גרם,false,1,27.90,15.5000,true,1,97355
7290014435872,false,סלט הרינג עם מיונז 1,"סלטי שמיר 2006 בע""מ",,סלט הרינג עם מיונז 180 גרם,גרמים,180.00,100 גרם,false,1,20.90,11.6111,true,1,97360
7290014435889,false,סלט מטיאס עם מיונז 1,"סלטי שמיר 2006 בע""מ",,סלט מטיאס עם מיונז 180 גרם,גרמים,180.00,100 גרם,false,1,20.90,11.6111,true,1,97361
7290014435896,false,סלט סלמון עם מיונז 1,"סלטי שמיר 2006 בע""מ",,סלט סלמון עם מיונז 180 גרם,גרמים,180.00,100 גרם,false,1,24.90,13.8333,true,1,97363
7290014441002,true,קיש תרד ומוצרלה,קייטרינג שניר,IL,קיש תרד ומוצרלה,לא מנהל יחידת מידה,0.00,לא מנהל יחידת מידה,false,1,51.90,0.0000,true,1,126708
7290014441019,true,קיש פלפל וגבינת פטה,קייטרינג שניר,IL,קיש פלפל וגבינת פטה,לא מנהל יחידת מידה,0.00,לא מנהל יחידת מידה,false,1,51.90,0.0000,true,1,126717
7290014441026,true,קיש בטטה ושום,קייטרינג שניר,IL,קיש בטטה ושום,לא מנהל יחידת מידה,0.00,לא מנהל יחידת מידה,false,1,51.90,0.0000,true,1,126718
7290014441033,true,קיש פטריות ושקדים,קייטרינג שניר,IL,קיש פטריות ושקדים,לא מנהל יחידת מידה,0.00,לא מנהל יחידת מידה,false,1,51.90,0.0000,true,1,126719
7290014441040,true,קיש ברוקולי וקישוא,קייטרינג שניר,IL,קיש ברוקולי וקישוא,לא מנהל יחידת מידה,0.00,לא מנהל יחידת מידה,false,1,51.90,0.0000,true,1,126720
7290014441057,true,קיש בצל וצנובר,קייטרינג שניר,IL,קיש בצל וצנובר,לא מנהל יחידת מידה,0.00,לא מנהל יחידת מידה,false,1,51.90,0.0000,true,1,126721
7290014441064,true,קיש ירקות קלויים,קייטרינג שניר,IL,קיש ירקות קלויים,לא מנהל יחידת מידה,0.00,לא מנהל יחידת מידה,false,1,51.90,0.0000,true,1,126722
7290014441071,true,קיש חציל ופסטו,קייטרינג שניר,IL,קיש חציל ופסטו,לא מנהל יחידת מידה,0.00,לא מנהל יחידת מידה,false,1,51.90,0.0000,true,1,126723
7290014441088,true,קיש עגבניות מיובשות,קייטרינג שניר,IL,קיש עגבניות מיובשות,לא מנהל יחידת מידה,0.00,לא מנהל יחידת מידה,false,1,51.90,0.0000,true,1,126724
7290014441095,true,קיש גבינוות,קייטרינג שניר,IL,קיש גבינוות,לא מנהל יחידת מידה,0.00,לא מנהל יחידת מידה,false,1,51.90,0.0000,true,1,126725
7290014441101,true,קיש גבינות מעושנות,קייטרינג שניר,IL,קיש גבינות מעושנות,לא מנהל יחידת מידה,0.00,לא מנהל יחידת מידה,false,1,51.90,0.0000,true,1,126726
7290014441118,true,לזניה עגבניות וריחן,קייטרינג שניר,IL,לזניה עגבניות וריחן,לא מנהל יחידת מידה,0.00,לא מנהל יחידת מידה,false,1,51.90,0.0000,true,1,126727
7290014441125,true,לזניה חצילים ועגבניו,קייטרינג שניר,IL,לזניה חצילים ועגבניות,לא מנהל יחידת מידה,0.00,לא מנהל יחידת מידה,false,1,51.90,0.0000,true,1,126728
7290014441132,true,לזניה תרד וריקוטה,קייטרינג שניר,IL,לזניה תרד וריקוטה,לא מנהל יחידת מידה,0.00,לא מנהל יחידת מידה,false,1,51.90,0.0000,true,1,126729
7290014441149,true,לזניה פטריות,קייטרינג שניר,IL,לזניה פטריות,לא מנהל יחידת מידה,0.00,לא מנהל יחידת מידה,false,1,51.90,0.0000,true,1,126730
7290014441224,true,מיני תרד פלפל בטטה,קייטרינג שניר,IL,מיני תרד פלפל בטטה,לא מנהל יחידת מידה,0.00,לא מנהל יחידת מידה,false,1,54.90,0.0000,true,1,126732
7290014441231,true,מיני פטריות בצל ברוק,קייטרינג שניר,IL,מיני פטריות בצל ברוקולי,לא מנהל יחידת מידה,0.00,לא מנהל יחידת מידה,false,1,54.90,0.0000,true,1,126733
7290014451018,false,ספוג כלים אקולוגי 4,ספונג'ס,CA,ספוג לשטיפת כלים,לא מנהל יחידת מידה,0.00,לא מנהל יחידת מידה,false,1,16.90,0.0000,true,1,141522
7290014451025,false,סקוצ קרצוף אקולוגי ל,ספונג'ס,CA,ספוג קרצוף לניקוי כללי 4 יח Green Flash,לא מנהל יחידת מידה,0.00,לא מנהל יחידת מידה,false,1,12.90,0.0000,true,1,141523
7290014451230,false,נייר אפייה טבעי 30 ד,גרין פלאש,IL,נייר אפייה טבעי לאפייה בריאה,לא מנהל יחידת מידה,0.00,לא מנהל יחידת מידה,false,1,17.90,0.0000,true,1,144425
7290014451247,false,גליל מטליות במבוק 92,גרין-פלאש,IL,מגבות רב פעמיות מבמבוק,לא מנהל יחידת מידה,0.00,לא מנהל יחידת מידה,false,1,19.90,0.0000,true,1,144426
7290014455245,false,גבינת פדנו משולש 200,יבואן ומשווק: ש. שסט,IT,גבינת פדנו משולש 200 גרם גד,גרמים,200.00,100 גרם,false,1,27.90,13.9500,true,1,111375
7290014455252,false,גבינת גרנה פדנו מגור,מחלבות גד,IT,גד גרנה פדנו גבינה קשה מגוררדת 29% שומן,גרמים,100.00,100 גרם,false,1,13.90,13.9000,true,1,111377
7290014455320,false,כדור מוצרלה פרסקה גד,מחלבות גד בעמ,IL,גד מוצרלה פרסקה מחלב בקר 18% שומן,גרמים,100.00,100 גרם,false,1,9.90,9.9000,true,1,106995
7290014455467,false,מעדן שיבולת שועל וחל,מחלבות גד,IL,גד מעדן שיבולת שועל וחלב 2% שומן,גרמים,150.00,100 גרם,false,1,6.20,4.1333,true,1,112031
7290014455610,false,יוגורט עיזים עם תות,מיוצר על ידי קוד יצר,IL,יוגורט עיזים עם תות 125 גרם גד,גרמים,125.00,100 גרם,false,1,6.50,5.2000,true,1,116665
7290014455627,false,יוגורט עיזים עם דובד,מיוצר עי קוד יצרן MK,IL,יוגורט עיזים עם דובדבן אמרנה 125 גרם גד,גרמים,125.00,100 גרם,false,1,6.50,5.2000,true,1,116666
7290014459137,false,סטייק ציפס      1.5,,IL,תפוגן סטייק צ'יפס 8*1.5קג,קילוגרמים,1.50,"ק""ג",false,1,26.90,17.9333,true,1,95653
7290014462533,true,ליצי ארוז ליח,,,ליצי ארוז ליח,,0.00,,false,,14.90,0.0000,true,1,159881
7290014466128,false,יין הר חרמון אינדיגו,קרלו,IL,"יין הר חרמון אינדיגו 750 מ""ל",מיליליטרים,750.00,"100 מ""ל",false,1,33.90,4.5200,true,1,88336
7290014466463,false,יין הר חרמון מוסקטו,"כד בני דרום בע""מ",IL,"הר חרמון מוסקטו 2020 750 מ""ל",מיליליטרים,750.00,"100 מ""ל",false,1,33.90,4.5200,true,1,94227
7290014466609,false,יין גמלא מרלו 2012,"כד בני דרום בע""מ",IL,"גמלא השמורה מרלו 2016 יין אדום יבש, 750 מל",מיליליטרים,750.00,"100 מ""ל",false,1,64.90,8.6533,true,1,112037
7290014472136,false,גרעין שחור קלוי 150ג,דין שיווק,IL,גרעין שחור קלוי 150גרם,גרמים,150.00,100 גרם,false,1,5.90,3.9333,true,1,155582
7290014472228,false,תאנים בקופסא  330 גר,"דין שיווק וקליה בע""מ",,תאנים בקופסא  330 גרם,גרמים,330.00,100 גרם,false,1,22.90,6.9394,true,1,155515
7290014472235,false,פקאן סיני 200 גרם,שקרצי,,פקאן סיני 200 גרם,גרמים,200.00,100 גרם,false,1,27.90,13.9500,true,1,121049
7290014472471,false,גרעין שחור ענק פרימי,דין שיווק,IL,גרעין שחור ענק פרימיום 200גרם,גרמים,200.00,100 גרם,false,1,6.90,3.4500,true,1,155484
7290014472488,false,שקד קלוי ענק 250גרם,דין שיווק,IL,שקד קלוי ענק 250גרם פרימיום,גרמים,250.00,100 גרם,false,1,25.90,10.3600,true,1,155487
7290014472495,false,קשיו קלוי ענק 250גרם,דין שיווק,IL,קשיו קלוי ענק 250גרם פרימיום,גרמים,250.00,100 גרם,false,1,23.90,9.5600,true,1,155486
7290014472501,false,פיסטוק קלוי ענק פרימ,דין שיווק,IL,פיסטוק קלוי ענק פרימיום 250גרם,גרמים,250.00,100 גרם,false,1,25.90,10.3600,true,1,155485
7290014472518,false,בוטן קלוי ענק פרימיו,דין שיווק,IL,בוטן קלוי ענק פרימיום 250גרם,גרמים,250.00,100 גרם,false,1,9.90,3.9600,true,1,155483
7290014472525,false,תערובת פיצוחים 250 ג,דין שיווק,IL,תערובת פיצוחים 250 גרם פרימיום,גרמים,250.00,100 גרם,false,1,22.90,9.1600,true,1,155488
7290014503137,false,יין דלתון כנען אדום,"איי, בי, אינבוו",IL,"יין דלתון כנען אדום 750 מ""ל",מיליליטרים,750.00,"100 מ""ל",false,1,49.90,6.6533,true,1,119125
7290014503144,false,יין דלתון כנען לבן 7,"איי, בי, אינבוו",IL,"יין דלתון כנען לבן 750 מ""ל",מיליליטרים,750.00,"100 מ""ל",false,1,49.90,6.6533,true,1,117654
7290014525665,false,עוגיות על חלל קקאו ע,"מרבה בע""מ",NL,מרבה עוגיות עם סוכריות שוקולד חלב צבעוניות 140 גרם,גרמים,140.00,100 גרם,false,1,9.90,7.0714,true,1,152769
7290014525672,false,עוגיות על חלל עם סוכ,"מרבה בע""מ",NL,מרבה עוגיות עם סוכריות שוקולד חלב צבעוניות,גרמים,140.00,100 גרם,false,1,9.90,7.0714,true,1,153260
7290014581319,false,מנגל פח + רשת,,,מנגל פח + רשת,יחידה,1.00,יחידה,false,1,29.90,29.9000,true,1,148709
7290014603028,false,שלגון סולרו וניל ציפ,"מיוצר ע""י גלידת שטרא",IL,סולרו שלגון סולרו תות 75 גרם,גרמים,76.00,100 גרם,false,1,10.90,14.3421,true,1,89571
7290014673007,false,תערובת עשבי תיבול בס,א.ל ייצור ושיווק תבל,IL,תערובת עשבי תיבול בסגנון ים תיכוני 40 גר,גרמים,40.00,100 גרם,false,1,10.90,27.2500,true,1,156296
7290014673021,true,פלפל שחור שלם 100ג,א.ל ייצור ושיווק תבל,IL,תבליני מימון פלפל שחור שלם 100 גרם,גרמים,100.00,100 גרם,false,1,13.90,13.9000,true,1,128919
7290014673038,false,תערובת תיבול טוסקנה,א.ל ייצור ושיווק תבל,IL,תערובת תיבול טוסקנה 120 גרם,גרמים,120.00,100 גרם,false,1,10.90,9.0833,true,1,156297
7290014673045,false,תערובת תיבול לציפס 1,א.ל ייצור ושיווק תבל,IL,תערובת תיבול לציפס 100 גרם,גרמים,100.00,100 גרם,false,1,10.90,10.9000,true,1,156299
7290014673359,false,מלח לימון 400 גרם,TLV צ'יף,IL,תבליני מימון מלח לימון בצנצנת 400 גרם,גרמים,400.00,100 גרם,false,1,25.90,6.4750,true,1,88396
7290014673366,false,כורכום טחון 250 גרם,TLV צ'יף,IL,תבליני מימון כורכום טחון בצנצנת 250 גרם,גרמים,250.00,100 גרם,false,1,21.90,8.7600,true,1,88397
7290014673373,false,פפריקה הונגרית חריפה,א.ל ייצור ושיווק תבל,IL,תבליני מימון פפריקה הונגרית חריפה בצנצנת 250 גרם,גרמים,250.00,100 גרם,false,1,21.90,8.7600,true,1,88398
7290014673397,false,תיבול לגריל עוף 250ג,TLV צ'יף,IL,"תבליני מימון תערובת לתיבול גריל עוף, 250 גרם",גרמים,250.00,100 גרם,false,1,21.90,8.7600,true,1,88400
7290014673403,false,פלפל שחור טחון 250 ג,TLV צ'יף,IL,תבליני מימון פלפל שחור טחון בצנצנת 250 גרם,גרמים,250.00,100 גרם,false,1,29.90,11.9600,true,1,88401
7290014692299,false,גבינת ברי קסטלו יורו,"ארלה פודס אמבא,",DK,גבינת ברי קסטלו יורו 125 גרם,גרמים,125.00,100 גרם,false,1,22.90,18.3200,true,1,93051
7290014692305,false,גבינת קממבר סטלו יור,הנסיך- מפעל לייצור ט,DK,גבינת קממבר סטלו יורו 125 גרם,גרמים,125.00,100 גרם,false,1,22.90,18.3200,true,1,93052
7290014692350,true,וילי פוד עגבניות מיו,,CN,וילי פוד עגבניות מיו,גרמים,340.00,100 גרם,false,1,12.90,3.7941,true,1,91064
7290014692541,false,גבינה מגורדת אמה 500,ג.וילי פוד אינטרנשיו,IL,צהובה מגורדת,גרמים,500.00,100 גרם,false,1,19.90,3.9800,true,1,103649
7290014692565,false,גרעיני תירס מתוק ויל,אקו קונסרויפרי קי.אפ,HU,ויליפוד גרעיני תירס מתוק 320 גרם,גרמים,320.00,100 גרם,false,1,5.90,1.8438,true,1,109967
7290014692817,false,גבינת מוצרלה מגורדת,ג. וילי פוד אינטרנשי,IL,גבינת מוצרלה מגורדת 200גרם E,גרמים,200.00,100 גרם,false,1,16.90,8.4500,true,1,93777
7290014716919,false,מטען לרכב,,,מטען לרכב,יחידה,1.00,יחידה,false,1,49.90,49.9000,true,1,112223
7290014725348,false,סוכרזית קלאסי,ביסקול בע''מ,IL,"סוכרזית קלאסי, ממתיק בטעם הקלאסי 100 שקיות",גרמים,100.00,100 גרם,false,1,16.70,16.7000,true,1,102435
7290014731707,true,צלחות גדולות פלסטיק,,,צלחות גדולות פלסטיק,,0.00,,false,,14.90,0.0000,true,1,160240
7290014747333,false,שניצל דק ענק עוף טוב,עוף טוב,,שניצל דק ענק עוף טוב כשר לפסח 650 גרם,גרמים,650.00,100 גרם,false,1,39.90,6.1385,true,1,113391
7290014747791,false,פסטרמה אמריקה סטייל,מולינו ניקולי s.p.a,IL,עוף טוב דלי פסטרמה אמריקה סטייל 8*240ג,גרמים,240.00,100 גרם,false,1,21.90,9.1250,true,1,115023
7290014749078,false,עוף טוב מקלוני קבנוס,קדבורי,IL,עוף טוב מקלוני קבנוס 12*200גרם,גרמים,200.00,100 גרם,false,1,17.90,8.9500,true,1,145663
7290014749245,false,עוף טוב צונגו רצועות,מולינו ניקולי s.p.a,IL,עוף טוב ספיישל רצועות שניצל שמשם.12*600ג,גרמים,600.00,100 גרם,false,1,36.90,6.1500,true,1,147223
7290014749726,false,ע.טוב שניצל עוף ביתי,מולינו ניקולי s.p.a,IL,ע.טוב שניצל עוף ביתי קריספי 700גרם,גרמים,700.00,100 גרם,false,1,44.90,6.4143,true,1,148352
7290014749740,false,עוף טוב שניצל עוף בי,מולינו ניקולי s.p.a,IL,עוף טוב שניצל עוף ביתי מתובל 600 גרם,לא מנהל יחידת מידה,0.00,לא מנהל יחידת מידה,false,1,39.90,0.0000,true,1,148353
7290014749764,false,עוף טוב שניצל עוף בי,מולינו ניקולי s.p.a,IL,עוף טוב שניצל עוף ביתי עדין כזה  700גרם,לא מנהל יחידת מידה,0.00,לא מנהל יחידת מידה,false,1,44.90,0.0000,true,1,148354
7290014749788,false,עוף טוב צונגו רצועות,מולינו ניקולי s.p.a,IL,עוף טוב צונגו רצועות שניצל ציפס600ג,לא מנהל יחידת מידה,0.00,לא מנהל יחידת מידה,false,1,36.90,0.0000,true,1,148355
7290014749863,false,שניצל דקענק קריספי,מולינו ניקולי s.p.a,IL,שניצל דקענק קריספי ציפס עוף טוב  720גרם,גרמים,720.00,100 גרם,false,1,39.90,5.5417,true,1,153128
7290014749887,false,שניצל דקענק קריספי,מולינו ניקולי s.p.a,IL,שניצל דקענק קריספי קלאסי עוף טוב  720גר,גרמים,720.00,100 גרם,false,1,39.90,5.5417,true,1,153129
7290014758100,false,מאגדת יוגורט     3%,מחלבת אלון תבור,IL,מאגדת יוגורט ביו 3% תנובה 8*150 גרם,קילוגרמים,1.20,"ק""ג",false,1,16.90,14.0833,true,1,89911
7290014758117,false,מאגדת יוגורט   1.5%,מחלבת אלון תבור,IL,מאגדת יוגורט ביו  1.5% תנובה 8*150 גרם,קילוגרמים,1.20,"ק""ג",false,1,16.90,14.0833,true,1,89912
7290014758681,false,קוטג 1% תנובה 250 גר,מחלבת אלון תבור,IL,קוטג 1% תנובה 250 גרם,גרמים,250.00,100 גרם,false,1,5.70,2.2800,true,1,89915
7290014759084,false,גבינת שמנת נפוליאון,הרדוף חלב,IL,גבינת שמנת נפוליאון בסגנון צרפתי 225 גרם,גרמים,225.00,100 גרם,false,1,13.90,6.1778,true,1,95323
7290014759534,false,גבינה בולגרית 5% למר,"תנובה, מחלבת תל יוסף",IL,גבינה בולגרית 5% למריחה 200 גרם,גרמים,200.00,100 גרם,false,1,14.50,7.2500,true,1,95942
7290014759909,false,פטה עיזים 5% פיראוס,"תנובה, מחלבת טנא נוג",IL,פטה עיזים 5% גבינה מלוחה מחלב עיזים במי מלח,גרמים,250.00,100 גרם,false,1,29.90,11.9600,true,1,97901
7290014759978,false,קצקבל פלח 200 גר,תנובה,IL,"קצ""קבל פלח 200 גרם קולקשיין",גרמים,200.00,100 גרם,false,1,27.40,13.7000,true,1,96347
7290014759985,false,פרמזן פלח 200 גר,תנובה,IL,פרמזן פלח 200 גרם קולקשיין,גרמים,200.00,100 גרם,false,1,26.40,13.2000,true,1,96348
7290014759992,false,גבינת רוקפור פלח 140,"תנובה, מחלבת תל יוסף",IL,גבינת רוקפור פלח 140 גרם קולקשיין,גרמים,140.00,100 גרם,false,1,19.90,14.2143,true,1,95944
7290014760134,false,מעדן סויה ביו בטעם ו,תנובה,IL,מעדן סויה ביו בטעם וניל  125 גרם,גרמים,125.00,100 גרם,false,1,3.90,3.1200,true,1,124039
7290014760141,true,משקה שקדים טרי 1 ליט,סוי מג'יק,IL,משקה שקדים טרי 1 ליטר,ליטרים,1.00,ליטר,false,1,12.90,12.9000,true,1,109285
7290014760448,false,גלבוע,מחלבת בית יצחק,IL,"גלבוע פרוסות גבינה חצי קשה, 22% שומן 400 גרם",גרמים,400.00,100 גרם,false,1,25.90,6.4750,true,1,99204
7290014761056,false,YOLO מעדן שוקולד חלב,מחלבת אלון תבור,IL,YOLO מעדן שוקולד חלב מעולה 123 גרם,גרמים,123.00,100 גרם,false,1,4.50,3.6585,true,1,103438
7290014761063,false,YOLO מעדן שוקולד מרי,מחלבת אלון תבור,IL,YOLO מעדן שוקולד מריר מעולה 123 גרם,גרמים,123.00,100 גרם,false,1,4.50,3.6585,true,1,103439
7290014761070,false,YOLO מעדן שוקולד לבן,מחלבת אלון תבור,IL,YOLO מעדן שוקולד לבן מעולה 123 גרם,גרמים,123.00,100 גרם,false,1,4.50,3.6585,true,1,103440
7290014761193,true,יוגורט פירות יער,מיוצר עי קונדיטוריית,IL,פרילי פירות יער,גרמים,125.00,100 גרם,false,1,3.50,2.8000,true,1,110800
7290014761414,false,YOLO מעדן שכבות שוקו,מחלבת אלון תבור,IL,YOLO מעדן שכבות שוקולד חלב ולבן 122 גרם,גרמים,123.00,100 גרם,false,1,4.50,3.6585,true,1,103441
7290014761612,false,YOLO מעדן שכבות שוקו,מחלבת אלון תבור,IL,YOLO מעדן שכבות שוקולד מריר 123 גרם,גרמים,123.00,100 גרם,false,1,4.50,3.6585,true,1,105359
7290014762756,false,גבינת שמנת נפוליאון,הרדוף חלב,IL,גבינת שמנת נפוליאון בצל 200 גרם,גרמים,200.00,100 גרם,false,1,13.90,6.9500,true,1,112874
7290014762800,false,מעדן סויה בטעם שוקול,סוי מג'יק,IL,תנובה מעדן סויה שוקולד 2% שומן 125 גרם,גרמים,125.00,100 גרם,false,1,3.90,3.1200,true,1,121425
7290014762831,false,גבינת נפוליאון 24% ח,הרדוף חלב,IL,גבינת נפוליאון 24% חלפיניו 225 גרם,גרמים,225.00,100 גרם,false,1,13.90,6.1778,true,1,114833
7290014762909,false,פתיתי מוצרלה 10% תוס,"תנובה, מחלבת תל יוסף",IL,פתיתי מוצרלה 10% תוספת  השף הלבן,גרמים,200.00,100 גרם,false,1,17.90,8.9500,true,1,114197
7290014762947,false,לאבנה גלילית 11%שומן,תנובה,IL,לאבנה גלילית 11%שומן  750 גרם,גרמים,750.00,100 גרם,false,1,23.90,3.1867,true,1,157639
7290014763272,false,משקה סויה ביו עם תות,תות תעשיות מזון (201,IL,"משקה סויה ביו עם תות ובננה 250 מ""ל",מיליליטרים,250.00,"100 מ""ל",false,1,5.90,2.3600,true,1,115011
7290014785007,false,פניני טפיוקה 500 גר,יושלם,,פניני טפיוקה 500 גר,גרמים,500.00,100 גרם,false,1,8.90,1.7800,true,1,90112
7290014785052,false,רוטב פטריות צמחוני ל,יושלם,,רוטב פטריות צמחוני למוקפצים 500 מל,מיליליטרים,500.00,"100 מ""ל",false,1,10.90,2.1800,true,1,97527
7290014785069,false,"מירין 250 מ""ל משובח",יושלם,,מירין 250 מל משובח מזרח,מיליליטרים,250.00,"100 מ""ל",false,1,11.90,4.7600,true,1,94158
7290014785076,false,קרם קוקוס ללא,אסייטיק אגרו,,קרם קוקוס טעמי אסיה  400 גרם,גרמים,400.00,100 גרם,false,1,10.90,2.7250,true,1,100533
7290014785168,false,אטריות שירטאקה דקות,ננטונג דינגבורג סיוי,,אטריות שירטאקה דקות,גרמים,200.00,100 גרם,false,1,9.90,4.9500,true,1,101469
7290014785175,false,אטריות שירטאקה עבות,ננטונג דינגבורג סיוי,,אטריות שירטאקה עבות,גרמים,200.00,100 גרם,false,1,9.90,4.9500,true,1,101470
7290014785564,false,אטריות אודון מוכנות,קינגדאן פרימה פודס ק,CN,אטריות אודון מוכנות,גרמים,200.00,100 גרם,false,1,6.90,3.4500,true,1,149667
7290014785571,false,איטריות מוכנות 200 ג,,,איטריות מוכנות 200 גרם להקפצה אסייתית,גרמים,200.00,100 גרם,false,1,6.90,3.4500,true,1,149563
7290014785588,false,איטריות מוכנות אודון,קינגדאן פרימה פודס ק,CN,קינגדאן פרימה פודס קומפני,גרמים,180.00,100 גרם,false,1,6.90,3.8333,true,1,149668
7290014785991,true,רוטב סויה אסיה ללא ג,,,רוטב סויה אסיה ללא גלוטן,לא מנהל יחידת מידה,0.00,לא מנהל יחידת מידה,false,1,13.90,0.0000,true,1,125130
7290014791336,false,מים,יושלם,,מים מי עדן 1 ליטר,ליטרים,1.00,ליטר,false,1,4.90,4.9000,true,1,98453
7290014791572,false,שוופס מוגז פירות ענב,יפאורה תבורי בעמ,IL,"שוופס מוגז פירות ענבים 330 מ""ל זכוכית",מיליליטרים,330.00,"100 מ""ל",false,1,6.90,2.0909,true,1,119636
7290014791626,false,סודה שוופס נענע ליים,יפאורה תבורי בעמ,IL,"שוופס סודה נענע ליים 250 מ""ל זכוכית",מיליליטרים,250.00,"100 מ""ל",false,1,4.50,1.8000,true,1,119713
7290014791848,false,משקה פרוט ווטר אננס,יפאורה תבורי בעמ,IL,Fruit Water אננס 0.5 ל',מיליליטרים,500.00,"100 מ""ל",false,1,7.00,1.4000,true,1,119596
7290014821057,false,כבל AUX - אלומניום,,,כבל AUX - אלומניום,לא מנהל יחידת מידה,0.00,לא מנהל יחידת מידה,false,1,29.90,0.0000,true,1,146145
7290014821064,false,כבל גלקסי 2 מטר,,,כבל גלקסי 2 מטר,יחידה,1.00,יחידה,false,1,29.90,29.9000,true,1,146180
7290014821088,false,כבל אייפון מאושר אפל,,,כבל אייפון מאושר אפל 2.1,יחידה,1.00,יחידה,false,1,49.90,49.9000,true,1,146144
7290014821095,false,מטען רכב אייפון מאוש,,,מטען רכב אייפון מאושר אפל 2.1,יחידה,1.00,יחידה,false,1,79.90,79.9000,true,1,146172
7290014821347,false,אוזניות PURE-METAL,,,אוזניות PURE-METAL,יחידה,1.00,יחידה,false,1,49.90,49.9000,true,1,146169
7290014821507,false,מטען קיר אייפון מאוש,,,מטען קיר אייפון מאושר אפל 2.1,יחידה,1.00,יחידה,false,1,79.90,79.9000,true,1,146173
7290014821569,false,כבל אייפון  2 מטר,,,כבל אייפון  2 מטר,יחידה,1.00,יחידה,false,1,39.90,39.9000,true,1,146165
7290014855434,false,מגבוני בייביסיטר רבי,די פי אל,,מגבוני בייביסיטר רביעייה מבושם,יחידה,0.00,יחידה,false,1,19.70,0.0000,true,1,109366
7290014855458,false,מגבונים בייביסיטר רב,די פי אל,,מגבונים בייביסיטר רביעייה לא בישום,לא מנהל יחידת מידה,0.00,לא מנהל יחידת מידה,false,1,19.70,0.0000,true,1,109365
7290014890145,false,שמנת טבעית,בטר אנד דיפרנט,IL,שמנת טבעית משק יעקבס,גרמים,225.00,100 גרם,false,1,12.90,5.7333,true,1,121565
7290014890152,false,שמנת זיתים 225 גרם,בטר אנד דיפרנט,IL,שמנת זיתים 225 גרם משק יעקבס,גרמים,225.00,100 גרם,false,1,12.90,5.7333,true,1,122126
7290014890169,false,שמנת שום שמיר 225 גר,בטר אנד דיפרנט,IL,שמנת שום שמיר 225 גרם משק יעקבס,גרמים,225.00,100 גרם,false,1,12.90,5.7333,true,1,122125
7290014890176,false,ריקוטה 250 גרם,בטר אנד דיפרנט,IL,ריקוטה 250 גרם משק יעקבס,גרמים,250.00,100 גרם,false,1,10.90,4.3600,true,1,129519
7290014890206,false,קרם פרש 250 גרם,בטר אנד דיפרנט,IL,קרם פרש 250 גרם,גרמים,250.00,100 גרם,false,1,14.90,5.9600,true,1,129521
7290014890237,false,קממבר בקר בייבי  יעק,בטר אנד דיפרנט,IL,קממבר בקר בייבי  יעקובס 125גרם,גרמים,125.00,100 גרם,false,1,18.90,15.1200,true,1,120319
7290014890572,false,יוגורט עיזים  יעקובס,משק יעקבס,IL,"יוגורט עיזים  יעקובס 850מ""ל",מיליליטרים,850.00,"100 מ""ל",false,1,24.90,2.9294,true,1,157427
7290014890589,false,יוגורט יוני  יעקובס,משק יעקבס,IL,"יוגורט יוני  יעקובס 850מ""ל",מיליליטרים,850.00,"100 מ""ל",false,1,23.90,2.8118,true,1,157428
7290014890596,false,ברי עיזים בייבי יעקו,משק יעקבס,IL,ברי עיזים בייבי יעקובס 125גרם,גרמים,125.00,100 גרם,false,1,19.90,15.9200,true,1,157423
7290014890602,false,קממבר בקר אגוזים ביי,משק יעקבס,IL,קממבר בקר אגוזים בייבי יעקובס 125גרם,גרמים,125.00,100 גרם,false,1,19.90,15.9200,true,1,157425
7290014901315,false,סנסודיין משחה הגנה,DE MICLEN,,סנסודיין משחה הגנה מלאה פרש          75,מיליליטרים,75.00,"100 מ""ל",false,1,21.90,29.2000,true,1,98487
7290014905160,false,פטריה של פניני ריח,יוליניבר,IT,יעקבי פניני ריח לימון 130 גרם,יחידה,1.00,יחידה,false,1,11.90,11.9000,true,1,99205
7290014905498,false,מטלית דו צדדית גם וג,ג'נרל מילס סאן אדריא,TR,יעקבי מטלית דו צדדית,לא מנהל יחידת מידה,0.00,לא מנהל יחידת מידה,false,1,12.70,0.0000,true,1,107361
7290014905719,false,לימונית גדולה למדיח,יוליניבר,IT,לימונית גדולה למדיח,ליטרים,0.00,ליטר,false,1,12.90,0.0000,true,1,107362
7290014905733,false,נוזל לניקוי חלונות ה,יוליניבר,TR,יעקבי ברק קריסטלי ניקוי שמשות 750 מל,מיליליטרים,750.00,"100 מ""ל",false,1,8.90,1.1867,true,1,102164
7290014905962,false,סבון אסלה מקסי,קרלו,IT,הפי סבון אסלה XXL 43 גרם,גרמים,43.00,100 גרם,false,1,9.80,22.7907,true,1,105281
7290014931008,false,פטרוזליה,חקלאי,IL,פטרוזליה,לא מנהל יחידת מידה,0.00,לא מנהל יחידת מידה,false,1,7.90,0.0000,true,1,98791
7290014931015,false,כוסברה,חקלאי,IL,כוסברה,לא מנהל יחידת מידה,0.00,לא מנהל יחידת מידה,false,1,7.90,0.0000,true,1,98792
7290014931053,false,בזיליקום,חקלאי,IL,בזיליקום,Unknown,0.00,Unknown,false,1,7.90,0.0000,true,1,98785
7290014931077,false,עירית,חקלאי,IL,עירית,לא מנהל יחידת מידה,0.00,לא מנהל יחידת מידה,false,1,7.90,0.0000,true,1,98789
7290014931084,false,רוזמרין אורגנו,חקלאי,IL,רוזמרין אורגנו,יחידה,1.00,יחידה,false,1,7.90,7.9000,true,1,98788
7290014931091,false,קורנית/טימין,חקלאי,IL,קורנית/טימין,לא מנהל יחידת מידה,0.00,לא מנהל יחידת מידה,false,1,7.90,0.0000,true,1,98787
7290014931107,false,מנטה,חקלאי,IL,מנטה,Unknown,0.00,Unknown,false,1,7.90,0.0000,true,1,98790
7290014931176,false,עלי חסה רומית,חקלאי,IL,עלי חסה רומית,גרמים,190.00,100 גרם,false,1,8.90,4.6842,true,1,102409
7290014931190,false,פאק צוי שורשים,משק מורדכי גדי בעמ,IL,פאק צוי שורשים,גרמים,300.00,100 גרם,false,1,11.90,3.9667,true,1,99345
7290014940901,true,לחם פשוט מלא 750 גרם,מאפיית שלמה א. אנג'ל,IL,לחם פשוט מלא 750 גרם,גרמים,750.00,100 גרם,false,1,14.90,1.9867,true,1,105620
7290014947023,false,פריכיות כוסמין ללא מ,זן - בר,IL,פריכיות כוסמין ללא מלח 120גרם,לא מנהל יחידת מידה,0.00,לא מנהל יחידת מידה,false,1,10.90,0.0000,true,1,148896
7290014947047,false,פריכיות כוסמת זן בר,זן בר המכללה לטבעונו,,פריכיות כוסמת זן בר 200 גרם,גרמים,200.00,100 גרם,false,1,10.90,5.4500,true,1,110029
7290014947078,false,מיני פריכיות כוסמת ע,זן בר המכללה לטבעונו,IL,מיני פריכיות כוסמת עם ממרח חרובים,גרמים,50.00,100 גרם,false,1,5.90,11.8000,true,1,114641
7290014947207,false,פריכיות כוסמין דקות,זן בר המכללה לטבעונו,IL,פריכיות כוסמין דקות 120גרם,גרמים,120.00,100 גרם,false,1,10.90,9.0833,true,1,153249
7290014947214,false,פריכיות כוסמת דקות 1,זן - בר,IL,פריכיות כוסמת דקות 135גרם,גרמים,135.00,100 גרם,false,1,10.90,8.0741,true,1,153250
7290014949744,false,אוטן טרופי ספריי יבש,מיוצר עי קונדיטוריית,PL,"אוטן טרופי ספריי יבש 100 מ""ל",מיליליטרים,100.00,"100 מ""ל",false,1,17.90,17.9000,true,1,98248
7290014949751,false,אוטן גוניור גל ילד,ג'נרל מילס סאן אדריא,NL,"אוטן ג""וניור ג""ל ילדים 100  מל",מיליליטרים,100.00,"100 מ""ל",false,1,17.90,17.9000,true,1,98249
7290014949768,false,אוטן אפטר בייט גל,המאפיה של הרמן,IT,אוטן אפטר בייט-ג'ל להרגעת העור לאחר עקיצה,מיליליטרים,25.00,"100 מ""ל",false,1,25.90,103.6000,true,1,98250
7290014974562,false,גביעי גלידה 24 יחידו,"א.ג גילרו בע""מ",IL,עלמה גביעי טילון 24 יח',גרמים,120.00,100 גרם,false,1,8.90,7.4167,true,1,120344
7290014974593,false,גביע גלידריה ללא גלו,גילרו,IL,גביע גלידריה ללא גלוטן 12 יח עלמה,יחידה,1.00,יחידה,false,1,16.50,16.5000,true,1,120402
7290014974746,false,בצק סוכר לבן 150 גרם,גילרו,,בצק סוכר לבן 150 גרם,גרמים,150.00,100 גרם,false,1,9.90,6.6000,true,1,120945
7290014974869,false,רולים ללא גלוטן בטעם,גילרו,IL,רולים ללא גלוטן בטעם שוקו 100 גרם,גרמים,100.00,100 גרם,false,1,7.50,7.5000,true,1,122398
7290014974876,true,רולים ללא גלוטן בטעם,גילרו,IL,רולים ללא גלוטן בטעם אגוז 40,גרמים,40.00,100 גרם,false,1,7.50,18.7500,true,1,122081
7290015005548,false,ציפס זיג זג 2 קג,פרח,IL,פרי הגליל צ'יפס זיג זג 2 קג,קילוגרמים,2.00,"ק""ג",false,1,23.90,11.9500,true,1,107759
7290015005555,false,ציפס אמרקיאי 2 קג,פרח,IL,פרי הגליל צ'יפס אמריקאי 2 קג,קילוגרמים,2.00,"ק""ג",false,1,23.90,11.9500,true,1,107570
7290015008020,true,נר נשמה פח,,,נר נשמה פח,,0.00,,false,,2.50,0.0000,true,1,160599
7290015008112,true,מרקיות פלסטיק 25 יח,,,מרקיות פלסטיק 25 יח,,0.00,,false,,10.90,0.0000,true,1,160241
7290015008372,true,כוסות שתיה חמה 50 יח,,,כוסות שתיה חמה 50 יח,,0.00,,false,,9.90,0.0000,true,1,159291
7290015009003,false,חומץ בן יין לבן 500,מנדלז סי.אר. פרודקשן,ES,דניאל חומץ בן יין לבן 500 מל,מיליליטרים,500.00,"100 מ""ל",false,1,14.90,2.9800,true,1,97985
7290015009010,false,חומץ בן יין אדום 500,מנדלז סי.אר. פרודקשן,ES,חומץ בן יין אדום 5%,מיליליטרים,500.00,"100 מ""ל",false,1,14.90,2.9800,true,1,97986
7290015009027,false,"חומץ בלסמי 500 מ""ל",אקובינל,ES,חומץ בלסמי חומציות 6%,מיליליטרים,500.00,"100 מ""ל",false,1,21.90,4.3800,true,1,98848
7290015009041,false,"חומץ תפוחים 500 מ""ל",מנדלז סי.אר. פרודקשן,ES,דניאל חומץ תפוחים 500 מל,מיליליטרים,500.00,"100 מ""ל",false,1,15.90,3.1800,true,1,100960
7290015009119,false,עלי טורטייה,לווליה,,עלי טורטייה,גרמים,420.00,100 גרם,false,1,15.90,3.7857,true,1,105156
7290015009126,false,עלי טורטייה,לווליה,,עלי טורטייה,לא מנהל יחידת מידה,0.01,לא מנהל יחידת מידה,false,1,15.90,1590.0000,true,1,105157
7290015009225,false,ריבת חלב מקורית דניא,קארו,,ריבת חלב מקורית דניאל 450 גרם,גרמים,450.00,100 גרם,false,1,19.90,4.4222,true,1,119982
7290015009249,false,SABORITO-רוטב סלסה ח,לינדסטרי פודס,US,רוטב סלסה חריף,גרמים,454.00,100 גרם,false,1,14.90,3.2819,true,1,122135
7290015009256,false,SABORITO רוטב סלסה ר,לינדסטרי פודס אנד דר,US,SABORITO רוטב סלסה רגיל ירוק ג454גרם,גרמים,454.00,100 גרם,false,1,16.90,3.7225,true,1,122608
7290015009294,false,גבינת פרמיזאנו ראזאנ,אורגנה,,גבינת פרמיזאנו ראזאנו 170 גרם,גרמים,170.00,100 גרם,false,1,33.90,19.9412,true,1,120661
7290015009317,false,נאצוס סבוריטו תירס 2,אוקי סנייקס,DK,נאצוס סבוריטו תירס 200 גרם,גרמים,200.00,100 גרם,false,1,12.90,6.4500,true,1,151731
7290015009324,false,נאצוס סבוריטו ברביקי,אוקי סנקס,DK,נאצוס סבוריטו ברביקיו 200 גרם,גרמים,200.00,100 גרם,false,1,12.90,6.4500,true,1,151730
7290015009331,false,נאצוס סבוריטו חריף 2,מנדלז סי.אר. פרודקשן,DK,נאצוס סבוריטו חריף 200 גרם,גרמים,200.00,100 גרם,false,1,12.90,6.4500,true,1,151732
7290015009393,false,זיתים מגולענים קלמטה,אידיאל ס.א,GR,זיתים שחורים מגולענים  קלמטהIDEAL גרם250,גרמים,250.00,100 גרם,false,1,16.90,6.7600,true,1,144629
7290015009409,false,זיתים שחורים טאטוס ב,אדיאל ס.א,GR,זיתים שחורים טאסוס  IDEALגרם 250,גרמים,250.00,100 גרם,false,1,16.90,6.7600,true,1,144628
7290015009461,false,שעועית שחורה קונסרב,יורקום סרל,IT,שעועית שחורה קונסרב 400גרם,גרמים,400.00,100 גרם,false,1,7.90,1.9750,true,1,150726
7290015009478,false,שעועית אדומה קונסרב,יורקום סרל,IT,שעועית אדומה קונסרב 400גרם,גרמים,400.00,100 גרם,false,1,7.90,1.9750,true,1,150727
7290015025478,false,פנגל קרם פנים לעור י,אינטרקוסמא,IL,קרם פנים לעור יבש,מיליליטרים,130.00,"100 מ""ל",false,1,39.50,30.3846,true,1,102149
7290015025942,false,"פנג""ל פלוס לכף הרגל",מיוצר עי קונדיטוריית,IL,פנג'ל קרם ידיים קלאסי מועשר בשמן שקדים  80 מל,מיליליטרים,100.00,"100 מ""ל",false,1,9.90,9.9000,true,1,111400
7290015025959,false,פרש וואנס רביעייה מג,עלבד משואות יצחק,IL,פרש וואנס רביעייה קשמיר CASHMERE קייר,לא מנהל יחידת מידה,0.00,לא מנהל יחידת מידה,false,4,18.90,0.0000,true,1,144439
7290015027021,false,עוגות קראנץ ברליס,קונדיטורית ברלים,,עוגות קראנץ ברליס500,גרמים,500.00,100 גרם,false,1,24.90,4.9800,true,1,101265
7290015039246,true,נתחי טונה בשמן ויליפ,גולדן פרייז קאנינג א,TH,נתחי טונה בשמן ויליפוד רביעייה 640 גרם,גרמים,640.00,100 גרם,false,1,21.90,3.4219,true,1,110563
7290015039253,false,עלי גפן במי מלח,קוראהן פזלרמה וי דיס,TR,ויליפוד עלי גפן במי מלח 620 גרם,גרמים,620.00,100 גרם,false,1,12.90,2.0806,true,1,99208
7290015039338,true,נתחי טונה ויליפוד רב,גולדן פרייז קאנינג א,TH,נתחי טונה ויליפוד רביעייה 640 גרם,גרמים,640.00,100 גרם,false,1,21.90,3.4219,true,1,113037
7290015039499,false,עוגיות איטלקיות מובח,דן קייק,IT,"עוגיות איטלקיות מובחרות 1 ק""ג",קילוגרמים,1.00,"ק""ג",false,1,14.90,14.9000,true,1,125463
7290015127066,true,תמר בהרי,,,תמר בהרי,לא מנהל יחידת מידה,0.00,לא מנהל יחידת מידה,false,1,19.90,0.0000,true,1,135665
7290015129121,false,סקיני פסטה נודלס270,סצ'ואן סנטאיואן,CN,סקיני פסטה- בצורת אטריות פטוצ'יני 200 גרם,גרמים,270.00,100 גרם,false,1,12.90,4.7778,true,1,100475
7290015129145,false,סקיני פסטה ספגטי270,סצ'ואן סנטאיואן,CN,סקיני פסטה- בצורת אטריות ספגטי 200 גרם,גרמים,270.00,100 גרם,false,1,12.90,4.7778,true,1,100477
7290015129220,false,סקיני פסטה קוסקוס 27,אף.סי תבליני בגליל ב,CN,סקיני פסטה- בצורת פתיתים 200 גרם,גרמים,250.00,100 גרם,false,1,12.90,5.1600,true,1,107002
7290015129251,false,סקיני פסטה אטריות פט,סצ'ואן סנטאיואן,CN,סקיני פסטה- בצורת אטריות פטוצ'יני 200 גרם,גרמים,270.00,100 גרם,false,1,12.90,4.7778,true,1,108668
7290015129312,false,תבשיל מרק בטעם עוף ס,סצ'ואן סנטאיואן,CN,תבשיל מרק בטעם עוף סקיני סופ 234גרם,גרמים,234.00,100 גרם,false,1,19.90,8.5043,true,1,154867
7290015129749,false,סקיני פסטה שיבולת שו,סצ'ואן סנטאיואן,CN,סקיני פסטה- בצורת נודלס שיבולת שואל 200 גרם,גרמים,250.00,100 גרם,false,1,12.90,5.1600,true,1,130482
7290015129756,false,סקיני פסטה שיבולת שו,סצ'ואן סנטאיואן,CN,סקיני פסטה- בצורת פטוצ'יני שיבולת שועל200 גרם,גרמים,250.00,100 גרם,false,1,12.90,5.1600,true,1,130481
7290015139250,false,אגו שוקולד מריר עם,כרמית תעשיות ממתקים,IL,"שוקולד מריר ופ.אורז לל""ס 85ג*12בדיס*2בקרט",גרמים,85.00,100 גרם,false,1,6.90,8.1176,true,1,108137
7290015139267,false,אגו שוקולד מריר עם ש,כרמית תעשיות ממתקים,IL,"שוקולד מריר ושקדים לל""ס 85ג*12בדיס*2בקרט",גרמים,85.00,100 גרם,false,1,6.90,8.1176,true,1,108138
7290015139533,false,"וופל לימון לל""ג 200",כרמית תעשיות ממתקים,IL,וופלים בטעם לימון ללא גלוטן 200 גרם,גרמים,200.00,100 גרם,false,1,11.90,5.9500,true,1,112264
7290015139571,false,וופל שוקולד ללא גלוט,כרמית תעשיות ממתקים,IL,וופל שוקולד ללא גלוטן 125 גרם,גרמים,125.00,100 גרם,false,1,11.90,9.5200,true,1,115092
7290015150088,false,מחית עגבניות בלה איט,שוורצקוף& הנקל דיסלד,IT,מחית עגבניות קלה 700 גרם,גרמים,700.00,100 גרם,false,1,11.90,1.7000,true,1,105330
7290015150118,false,עגבניות חתוכות דק בל,אמיליאנה קונסרב ס.פ.,IT,עגבניות חתוכות דק בלה איטליה *3 400 גר,קילוגרמים,1.20,"ק""ג",false,1,17.90,14.9167,true,1,105342
7290015150361,false,תה ירוק נענע סטיביה,HIQ FOOD PRODUCTS,IL,תה ירוק נענע סטיביה T.T,גרמים,37.00,100 גרם,false,1,25.90,70.0000,true,1,105343
7290015150590,false,תה ירוק גינגר חריף 2,HIQ FOOD PRODUCTS,IL,חדש תה ירוק ג'ינג'ר חריף אש T.T,גרמים,37.00,100 גרם,false,1,25.90,70.0000,true,1,110121
7290015150903,false,תה ירוק קינמון ודבש,HIQ FOOD PRODUCTS,IL,תה ירוק קינמון ודבש T.T,גרמים,38.00,100 גרם,false,1,25.90,68.1579,true,1,115966
7290015155823,false,פאוץ פרינוק תפוח 120,כלורוקס אוקלנד,CZ,"פרינוק חטיפטף מחית תפוחי עץ 100% פרי, 120 גרם",גרמים,120.00,100 גרם,false,1,5.50,4.5833,true,1,129149
7290015155830,false,חטיפטף תפוח עץ  ובננ,פרוטה פודיווין,CZ,"פרינוק חטיפטף מחית תפוח בננה 100% פרי, 120 גרם",גרמים,120.00,100 גרם,false,1,5.50,4.5833,true,1,129150
7290015155847,false,חטיפטף סלט פירות 120,כלורוקס אוקלנד,CZ,"פרינוק חטיפטף מחית סלט פירות 100% פרי, 120 גרם",גרמים,120.00,100 גרם,false,1,5.50,4.5833,true,1,129151
7290015161206,false,קמח קוקוס אורגני ללא,נוטרה זון,LK,קמח קוקוס אורגני ללא גלוטן נוטרה זן  500,גרמים,500.00,100 גרם,false,1,19.90,3.9800,true,1,122397
7290015161244,false,קרם קוקוס אורגני   נ,NARA COCOLAND,LK,"קרם קוקוס אורגני   נטרוזן 400 מ""ל",מיליליטרים,400.00,"100 מ""ל",false,1,9.90,2.4750,true,1,121811
7290015161336,false,רוטב סויה נןטרה זן,חברת גואנגזהו סיטי ר,CN,נוטרזן רוטב סויה תמרי אורגני ללא גלוטן 250 מל,מיליליטרים,250.00,"100 מ""ל",false,1,19.90,7.9600,true,1,146072
7290015161534,false,קוואקר עבה ללא גלוטן,Dalby Molle,DK,קוואקר עבה ללא גלוטן400 גרם,גרמים,400.00,100 גרם,false,1,21.90,5.4750,true,1,121391
7290015161541,false,קוואקר דק ללא גלוטן,DALBEY MOLLE,DK,שיבולת שועל מלאה ללא גלוטן (דק) אינסטנט 400 גרם,גרמים,400.00,100 גרם,false,1,21.90,5.4750,true,1,121389
7290015161558,false,קוואקר שיבולת שועל מ,DALBY MOLLE,DK,קוואקר שיבולת שועל מלאה ללא גלוטן500גרם,גרמים,500.00,100 גרם,false,1,21.90,4.3800,true,1,121392
7290015161589,false,פת פריכה אורגנית ללג,אקסטרודו בצ'יצה,,נוטרה זן פת פריכה אורגנית עם ירקות גינה 100 גרם,גרמים,100.00,100 גרם,false,1,13.90,13.9000,true,1,117202
7290015161848,false,פת פריכה אורגנית ללג,אקסטרודו בצ'יצה,,נוטרה זן פת פריכה אורגנית עם כוסמת וקינואה 100 גרם,גרמים,100.00,100 גרם,false,1,13.90,13.9000,true,1,122719
7290015161862,false,פת פריכה אורגנית ללג,אקסטרודו בצ'יצה,,נוטרה זן פת פריכה אורגנית עם ערמונים 100 גרם,גרמים,100.00,100 גרם,false,1,13.90,13.9000,true,1,122718
7290015161923,false,קרם קוקוס אורגני 400,NARA COCOLAND,LK,"קרם קוקוס אורגני 400 מ""ל 22%",גרמים,400.00,100 גרם,false,1,12.90,3.2250,true,1,148323
7290015172011,false,גיוזה בטטה דים סאם,,,גיוזה בטטה דים סאם,גרמים,350.00,100 גרם,false,1,29.90,8.5429,true,1,94747
7290015172028,false,גיוזה כיסוני חיטה בט,דים סאם מטבח מרכזי כ,,גיוזה כיסוני חיטה בטטה 300 גרם,גרמים,300.00,100 גרם,false,1,29.90,9.9667,true,1,94748
7290015172073,false,גיוזה כיסוני חיטה פט,דים סאם מטבח מרכזי כ,,גיוזה כיסוני חיטה פטריות  300 גרם,גרמים,300.00,100 גרם,false,1,29.90,9.9667,true,1,110253
7290015172097,false,גיוזה בקר דים סאם,דים סאם מטבח מרכזי כ,IL,גיוזה בקר דים סאם,גרמים,300.00,100 גרם,false,1,29.90,9.9667,true,1,111582
7290015172202,true,גיוזה אדממה ירקות,דים סאם מטבח מרכזי כ,IL,גיוזה אדממה ירקות,גרמים,330.00,100 גרם,false,1,29.90,9.0606,true,1,151401
7290015176361,false,מברשת שיניים חשמלים,פוג'יקום,,מברשת שיניים חשמלית פוגיקום כחול,יחידה,1.00,יחידה,false,1,39.90,39.9000,true,1,111572
7290015176378,false,מברשת שיניים חשמלית,פוג'יקום,,מברשת שיניים חשמלית סגולה,יחידה,1.00,יחידה,false,1,39.90,39.9000,true,1,111573
7290015176385,false,מברשת שיניים חשמלית,פוג'יקום,,מברשת שיניים חשמלית פוגיקום,יחידה,1.00,יחידה,false,1,39.90,39.9000,true,1,111574
7290015176392,false,מברשת שיניים חשמלית,פוג'יקום,,מברשת שיניים חשמלית ילדות פוגיקום,יחידה,1.00,יחידה,false,1,39.90,39.9000,true,1,111575
7290015178174,false,ממרח פסטו בטעם פרמזן,יוניליוור גרמניה  Gm,IL,פסטו בטעם פרמזן,גרמים,180.00,100 גרם,false,1,12.90,7.1667,true,1,151554
7290015178181,false,ממרח ארטישוק ברוזמרי,יוניליוור גרמניה  Gm,IL,ממרח ארטישוק עם רוזמרין,גרמים,180.00,100 גרם,false,1,12.90,7.1667,true,1,151553
7290015193139,false,רוטב WOK צילי מתוק ל,KRS SPICY FOOD CO.LT,,"רוטב WOK צילי מתוק ללא סוכר 300 מ""ל",מיליליטרים,300.00,"100 מ""ל",false,1,8.90,2.9667,true,1,101679
7290015193269,false,שמן שומשום שחור WOK,או שין הינג,,"שמן שומשום שחור WOK טהור 150 מ""ל",מיליליטרים,150.00,"100 מ""ל",false,1,13.90,9.2667,true,1,111434
7290015193559,false,אובלטים דקיקים מלוחי,אם החיטה,,אובלטים דקיקים מלוחים 300 גרם,גרמים,300.00,100 גרם,false,1,12.90,4.3000,true,1,120303
7290015193566,false,אובלטים דקיקים שומשו,אם החיטה,,אובלטים דקיקים שומשום 300 גרם,גרמים,300.00,100 גרם,false,1,12.90,4.3000,true,1,120304
7290015193573,false,ווק אטריות אורז עובי,THAI COCONUT CO,TH,"ווק אטריות אורז עובי 2מ""מ 400גרם",גרמים,400.00,100 גרם,false,1,8.90,2.2250,true,1,145244
7290015193634,false,אובלטים קימל 300 גרם,אם החיטה,,אובלטים קימל 300 גרם,גרמים,300.00,100 גרם,false,1,12.90,4.3000,true,1,122151
7290015193832,false,קרקר עם שומשום ארומה,פפושדו,IL,קרקר עם שומשום ארומה 300 גרם,גרמים,300.00,100 גרם,false,1,7.50,2.5000,true,1,129846
7290015193849,false,קרקר עם מלח ארומה 30,פפושדו,IL,קרקר עם מלח ארומה 300 גרם,גרמים,300.00,100 גרם,false,1,7.50,2.5000,true,1,129847
7290015223690,true,תרסיס כף רגל200,,,תרסיס כף רגל200,Unknown,0.00,Unknown,false,1,21.90,0.0000,true,1,140527
7290015282017,false,פרוסות טונה מעושנת 1,"סלטי שמיר 2006 בע""מ",,פרוסות טונה מעושנת 100 גרם,גרמים,100.00,100 גרם,false,1,26.90,26.9000,true,1,106578
7290015282390,false,סלט טורקי 200,"סלטי שמיר 2006 בע""מ",IL,סלט תורכי-גורמה,גרמים,200.00,100 גרם,false,1,13.90,6.9500,true,1,120540
7290015282581,false,חומוס עם חריף 200 גר,"סלטי שמיר 2006 בע""מ",IL,חומוס עם חריף 200 גרם,גרמים,200.00,100 גרם,false,1,12.90,6.4500,true,1,120389
7290015282598,false,חומוס מסעדות 200 גרם,"סלטי שמיר 2006 בע""מ",IL,חומוס מסעדות 200 גרם,גרמים,200.00,100 גרם,false,1,12.90,6.4500,true,1,120388
7290015282604,false,טחינה מיוחדת 200 גרם,"סלטי שמיר 2006 בע""מ",IL,טחינה מיוחדת 200 גרם,גרמים,200.00,100 גרם,false,1,12.90,6.4500,true,1,120390
7290015282628,false,חציל בטעם כבד 200 גר,"סלטי שמיר 2006 בע""מ",IL,חציל בטעם כבד 200 גרם,גרמים,200.00,100 גרם,false,1,13.90,6.9500,true,1,120473
7290015282635,false,חומוס מסבחה 200 גרם,"סלטי שמיר 2006 בע""מ",IL,חומוס מסבחה 200 גרם,גרמים,200.00,100 גרם,false,1,12.90,6.4500,true,1,120387
7290015282642,false,חומוס אבו גוש 200 גר,"סלטי שמיר 2006 בע""מ",IL,חומוס אבו גוש 200 גרם,גרמים,200.00,100 גרם,false,1,12.90,6.4500,true,1,120430
7290015282673,false,חציל במיונז ביתי 200,"סלטי שמיר 2006 בע""מ",IL,חציל במיונז ביתי 200 גרם,גרמים,200.00,100 גרם,false,1,12.90,6.4500,true,1,120391
7290015282680,false,קישוא בטעם כבד 200 ג,"סלטי שמיר 2006 בע""מ",IL,קישוא בטעם כבד 200 גרם,גרמים,200.00,100 גרם,false,1,13.90,6.9500,true,1,120431
7290015282697,false,כרוב אדום 200 גרם,"סלטי שמיר 2006 בע""מ",IL,כרוב אדום 200 גרם,גרמים,200.00,100 גרם,false,1,13.90,6.9500,true,1,120474
7290015282710,false,קוביות סלק 200 גרם,"סלטי שמיר 2006 בע""מ",IL,קוביות סלק 200 גרם,גרמים,200.00,100 גרם,false,1,12.90,6.4500,true,1,120721
7290015282734,false,מטבוחה ביתית 200 גר,"סלטי שמיר 2006 בע""מ",IL,מטבוחה ביתית-גורמה,גרמים,200.00,100 גרם,false,1,13.90,6.9500,true,1,120722
7290015282741,false,חציל תאילנדי 200 גרם,"סלטי שמיר 2006 בע""מ",IL,חציל תאילנדי 200 גרם,גרמים,200.00,100 גרם,false,1,13.90,6.9500,true,1,120432
7290015282758,false,סלט תירס 200 גרם,"סלטי שמיר 2006 בע""מ",IL,סלט תירס 200 גרם,גרמים,200.00,100 גרם,false,1,13.90,6.9500,true,1,120719
7290015282796,false,תפוחי אדמה 200 שמיר,"סלטי שמיר 2006 בע""מ",IL,תפוחי אדמה 200 שמיר,גרמים,200.00,100 גרם,false,1,13.90,6.9500,true,1,120435
7290015284004,true,שמפו משפחתי ECOLOVE,א.ל. ארמן,IL,"שמפו משפחתי - לכל סוגי השיער, ירקות ירוקים ecoLove",Unknown,0.00,Unknown,false,1,32.90,0.0000,true,1,135720
7290015284011,true,מרכך משפחתי ECOLOVE,א.ל. ארמן,IL,מרכך משפחתי ECOLOVE,Unknown,0.00,Unknown,false,1,32.90,0.0000,true,1,135721
7290015284028,true,סבון משפחתי ECOLOVE,א.ל. ארמן,IL,סבון גוף משפחתי מגיל חצי שנה מלפפון פטרוזיליה ותרד,Unknown,0.00,Unknown,false,1,32.90,0.0000,true,1,135722
7290015284035,true,סבון ידיים ECOLOVE,א.ל. ארמן,IL,סבון ידיים ירקות ירוקים,Unknown,0.00,Unknown,false,1,25.90,0.0000,true,1,135723
7290015284042,true,שמפו לשיער שמן אקולב,א.ל. ארמן,IL,"שמפו לשיער רגיל – שמן, ירקות אדומים ecoLove",Unknown,0.00,Unknown,false,1,32.90,0.0000,true,1,135724
7290015284059,true,מרכך לשיער שמן אקולב,א.ל. ארמן,IL,"מרכך לשיער רגיל – שמן, ירקות אדומים  ecoLove",Unknown,0.00,Unknown,false,1,32.90,0.0000,true,1,135725
7290015284066,true,סבון גוף ECOLOVE אדו,א.ל. ארמן,IL,"סבון גוף עגבניות, סלק ופלפל אדום",Unknown,0.00,Unknown,false,1,32.90,0.0000,true,1,135726
7290015284073,false,סבון ידיים  ירקות אד,א.ל. ארמן,IL,סבון ידיים ירקות אדומים,לא מנהל יחידת מידה,0.00,לא מנהל יחידת מידה,false,1,25.90,0.0000,true,1,144427
7290015284080,true,שמפו רגילECOLOVE,א.ל. ארמן,IL,"שמפו לשיער רגיל- יבש, ירקות כתומים ecoLove",Unknown,0.00,Unknown,false,1,32.90,0.0000,true,1,135727
7290015284097,true,מרכך רגילECOLOVE,א.ל. ארמן,IL,"מרכך לשיער רגיל – יבש, ירקות כתומים ecoLove",Unknown,0.00,Unknown,false,1,32.90,0.0000,true,1,135728
7290015284103,true,סבון גוף ECOLOVE כתו,א.ל. ארמן,IL,סבון גוף גזר דלעת ובטטה,Unknown,0.00,Unknown,false,1,32.90,0.0000,true,1,135729
7290015284110,false,סבון ידיים ירקות כתו,א.ל. ארמן,IL,סבון ידיים ירקות כתומים,לא מנהל יחידת מידה,0.00,לא מנהל יחידת מידה,false,1,25.90,0.0000,true,1,144428
7290015284127,true,קרם לחות לשיער ירקות,א.ל. ארמן,IL,קרם לחות ועיצוב לשיער רגיל - יבש,Unknown,0.00,Unknown,false,1,44.90,0.0000,true,1,135730
7290015284134,true,מסיכה לשיער ירקות כת,א.ל. ארמן,IL,מסכת שיער רגיל- יבש ירקות כתומים,Unknown,0.00,Unknown,false,1,44.90,0.0000,true,1,135731
7290015284189,false,שמפו משפחתי לכל סוג,א.ל ארמן,IL,שמפו משפחתי לכל סוגי השיער ירקות ירוקים,לא מנהל יחידת מידה,0.00,לא מנהל יחידת מידה,false,1,53.90,0.0000,true,1,144429
7290015284196,false,1 ליטר סבון גוף משפח,א.ל ארמן,IL,1 ליטר סבון גוף משפחתי ירקות ירוקים ecoL,לא מנהל יחידת מידה,0.00,לא מנהל יחידת מידה,false,1,53.90,0.0000,true,1,144430
7290015284202,true,שמפו לשיער צבוע סדרה,א.ל. ארמן,IL,שמפו לשיער- צבוע ויבש מאוד פירות סגולים ecoLove,Unknown,0.00,Unknown,false,1,32.90,0.0000,true,1,135732
7290015284219,true,מרכך שיער צבוע סדרה,א.ל. ארמן,IL,מרכך לשיער- צבוע ויבש מאוד פירות סגולים  ecoLove,Unknown,0.00,Unknown,false,1,32.90,0.0000,true,1,135733
7290015284226,true,סבון גוף עור יבש סדר,א.ל. ארמן,IL,סבון גוף לעור יבש אוכמניות ענבים ולבנדר,Unknown,0.00,Unknown,false,1,32.90,0.0000,true,1,135734
7290015284233,true,סבון ידיים עור יבש ס,א.ל. ארמן,IL,סבון ידיים פירות סגולים,Unknown,0.00,Unknown,false,1,25.90,0.0000,true,1,135735
7290015284240,true,מסיכה שיער צבוע סדרה,א.ל. ארמן,IL,מסכת שיער פירות סגולים,Unknown,0.00,Unknown,false,1,44.90,0.0000,true,1,135736
7290015284257,false,שמפו לשיער צבוע ויבש,הרמן,IL,שמפו לשיער צבוע ויבש ECOLOVEירקות סגולים,ליטרים,1.00,ליטר,false,1,53.90,53.9000,true,1,148671
7290015284264,false,סבון גוף לעור יבש EC,הרמן,IL,סבון גוף לעור יבש ECOLOVE ירקות סגולים 1,ליטרים,1.00,ליטר,false,1,53.90,53.9000,true,1,148672
7290015284400,false,קרם ידיים לעור יבש ס,א.ל. ארמן,IL,"קרם ידיים לעור יבש, ענבים אוכמניות ולבנדר",לא מנהל יחידת מידה,0.00,לא מנהל יחידת מידה,false,1,21.90,0.0000,true,1,144432
7290015284417,false,קרם גוף לעור יבש סדר,א.ל. ארמן,IL,"קרם גוף לעור יבש, ענבים אוכמניות ולבנדר",לא מנהל יחידת מידה,0.00,לא מנהל יחידת מידה,false,1,35.90,0.0000,true,1,144433
7290015284660,true,שמפו לאחר החלקה ECOL,א.ל. ארמן,IL,שמפו לאחר החלקה ללא מלחי סודיום כלוריד,Unknown,0.00,Unknown,false,1,36.90,0.0000,true,1,135739
7290015284677,true,מרכך לאחר החלקה ECOL,א.ל. ארמן,IL,מרכך לאחר החלקה ללא מלחי סודיום כלוריד,Unknown,0.00,Unknown,false,1,36.90,0.0000,true,1,135740
7290015284684,false,מסיכה לשיער שעבר החל,א.ל. ארמן,IL,מסכת שיער לאחר החלקה ללא מלחי סודיום כלוריד,לא מנהל יחידת מידה,0.00,לא מנהל יחידת מידה,false,1,44.90,0.0000,true,1,144434
7290015284769,false,גל ECOLOVE לניקוי פנ,הרמן,IL,ג'ל לניקוי פנים,מיליליטרים,150.00,"100 מ""ל",false,1,45.90,30.6000,true,1,148668
7290015284783,false,מי ניקוי והסרת איפור,הרמן,IL,מיסלר מי ניקוי והסרת איפור,מיליליטרים,200.00,"100 מ""ל",false,1,54.90,27.4500,true,1,148669
7290015284790,false,מסכת בוץ ECOLOVEלניק,הרמן,IL,מסכת בוץ ECOLOVEלניקוי העור 100מל,מיליליטרים,100.00,"100 מ""ל",false,1,59.90,59.9000,true,1,148670
7290015306744,false,קמח חומוס 500 גרם,העידן האורגני,,קמח חומוס 500 גרם,גרמים,500.00,100 גרם,false,1,16.90,3.3800,true,1,121276
7290015306751,false,קמח עדשים אדומות 500,העידן האורגני,,קמח עדשים אדומות 500 גרם,גרמים,500.00,100 גרם,false,1,17.90,3.5800,true,1,120628
7290015324007,false,פלפל שחור גרוס,תות ממתקי איכות,IL,"תבליני טעם וריח, 100% פלפל שחור גרוס, 80 גרם",גרמים,80.00,100 גרם,false,1,9.90,12.3750,true,1,98251
7290015324014,false,פלפל שחור טחון 80 גר,תות ממתקי איכות,IL,"תבליני טעם וריח, 100% פלפל שחור טחון, 80 גרם",גרמים,80.00,100 גרם,false,1,9.90,12.3750,true,1,98252
7290015324038,false,פפריקה בשמן 80 גרם,תות ממתקי איכות,IL,פפריקה בשמן 80 גרם,גרמים,80.00,100 גרם,false,1,5.90,7.3750,true,1,98253
7290015324045,false,פפריקה חריפה 80 גרם,תות ממתקי איכות,IL,"תבליני טעם וריח, 100% פפריקה חריפה, 80 גרם",גרמים,80.00,100 גרם,false,1,5.90,7.3750,true,1,98254
7290015324052,false,פפריקה מתוקה 80 גרם,תות ממתקי איכות,IL,"תבליני טעם וריח, 100% פפריקה מתוקה, 80 גרם",גרמים,80.00,100 גרם,false,1,5.90,7.3750,true,1,98255
7290015324069,false,גריל עוף טעם וריח 80,תות ממתקי איכות,IL,"תבליני טעם וריח, תערובת תיבול גריל עוף, 80 גרם",גרמים,80.00,100 גרם,false,1,5.90,7.3750,true,1,98256
7290015324076,false,זעתר 80 גרם,תות ממתקי איכות,IL,"תבליני טעם וריח, תערובת תיבול זעתר, 80 גרם",גרמים,80.00,100 גרם,false,1,5.90,7.3750,true,1,98281
7290015324083,false,מלח לימון טעם וריח 8,תות ממתקי איכות,IL,"תבליני טעם וריח, 100% מלח לימון, 80 גרם",גרמים,80.00,100 גרם,false,1,5.90,7.3750,true,1,98257
7290015324090,false,כמון 80 גרם,תות ממתקי איכות,IL,"תבליני טעם וריח, 100% כמון מזרחי, 80 גרם",גרמים,80.00,100 גרם,false,1,5.90,7.3750,true,1,98258
7290015324106,false,כורכום 80 גרם,תות ממתקי איכות,IL,"תבליני טעם וריח, 100% כורכום, 80 גרם",גרמים,80.00,100 גרם,false,1,5.90,7.3750,true,1,98259
7290015324113,false,בהרט,תות ממתקי איכות,IL,"תבליני טעם וריח, תערובת תיבול בהרט לבישול, 80 גרם",גרמים,80.00,100 גרם,false,1,5.90,7.3750,true,1,98260
7290015324120,false,שום גבישי,תות ממתקי איכות,IL,תבליני טעם וריח שום גבישי 80 גרם,גרמים,80.00,100 גרם,false,1,5.90,7.3750,true,1,98261
7290015324151,false,חוויאג למרק 80 גרם,תות ממתקי איכות,IL,חוויאג למרק 80 גרם,גרמים,80.00,100 גרם,false,1,5.90,7.3750,true,1,98262
7290015324168,false,תערובת תיבול על האש,תות ממתקי איכות,IL,"תבליני טעם וריח, תערובת תיבול על האש, 80 גרם",גרמים,80.00,100 גרם,false,1,5.90,7.3750,true,1,98263
7290015324175,false,תבלין שווארמה,יוליניבר,IL,תבליני טעם וריח תערובת תיבול לשווארמה 80 גרם,גרמים,0.00,100 גרם,false,1,5.90,0.0000,true,1,98264
7290015324281,false,בצל מטוגן בשקית 200,תות תעשיות מזון (201,NL,תבליני טעם וריח שבבי בצל מטוגן 200 גרם,גרמים,200.00,100 גרם,false,1,11.90,5.9500,true,1,118994
7290015324427,false,סודה לשתייה שקית 80,תבליני טעם וריח,IL,סודה לשתייה שקית 80 גרם,גרמים,80.00,100 גרם,false,1,4.50,5.6250,true,1,126885
7290015324519,false,תערובת לפיצה שקית 80,יוליניבר,IL,תערובת תיבול לפיצה 80 גרם,גרמים,80.00,100 גרם,false,1,5.90,7.3750,true,1,145527
7290015324533,false,רוזמרין מיכל גדול 55,יוליניבר,IL,תבליני טעם וריח רוזמרין 55 גרם,גרמים,55.00,100 גרם,false,1,9.90,18.0000,true,1,145529
7290015324540,false,טימין  מיכל גדול 30,יוליניבר,IL,תבליני טעם וריח טימין (קורנית) 30 גרם,גרמים,30.00,100 גרם,false,1,9.90,33.0000,true,1,145531
7290015324557,false,בהרט לבישול מיכל גדו,,,בהרט לבישול מיכל גדו,גרמים,0.00,100 גרם,false,1,9.90,0.0000,true,1,145532
7290015324564,false,כוסברה טחונה מיכל גד,יוליניבר,IL,תבליני טעם וריח כוסברה טחונה 70 גרם,גרמים,70.00,100 גרם,false,1,9.90,14.1429,true,1,145530
7290015324571,false,פפריקה מתוקה בשמן בס,יוליניבר,IL,תבליני טעם וריח פפריקה מתוקה בשמן 400 גרם,גרמים,400.00,100 גרם,false,1,18.90,4.7250,true,1,146791
7290015324588,false,פלפל לבן 100 גר,תות ממתקי איכות,IL,"תבליני טעם וריח מיכל פלפל לבן טחון 100% , 100 גרם",גרמים,100.00,100 גרם,false,1,12.90,12.9000,true,1,149022
7290015324656,false,זעפרן 500 גרם,תבליני טעם וריח,ES,תבליני טעם וריח זעפרן 0.5 גרם,גרמים,500.00,100 גרם,false,1,18.90,3.7800,true,1,152288
7290015324663,false,צילי גרוס חריף אש במ,תבליני טעם וריח,IL,תבליני טעם וריח צ'ילי גרוס חריף אש 70 גרם,גרמים,70.00,100 גרם,false,1,9.90,14.1429,true,1,151733
7290015335607,false,מעדן BIO בטעם טבעי,טרופיקל דגיל תעשיות,IL,יוגונאט - מעדן BIO בטעם טבעי,גרמים,150.00,100 גרם,false,1,6.90,4.6000,true,1,145642
7290015335614,false,מעדן BIO עם תות  150,טרופיקל דגיל תעשיות,IL,יוגונאט - מעדן BIO עם תות,גרמים,150.00,100 גרם,false,1,6.90,4.6000,true,1,145643
7290015335621,false,מעדן BIO עם פירות יע,טרופיקל דגיל תעשיות,IL,יוגונאט - מעדן BIO עם פירות יער,גרמים,150.00,100 גרם,false,1,6.90,4.6000,true,1,145645
7290015335638,false,מעדן BIO עם דובדבן,טרופיקל דגיל תעשיות,IL,יוגונאט - מעדן BIO עם דובדבן,גרמים,150.00,100 גרם,false,1,6.90,4.6000,true,1,145644
7290015340045,false,סובין שיבולת שועל 50,"העידן האורגני בע""מ",,סובין שיבולת שועל 500 גרם,גרמים,500.00,100 גרם,false,1,17.90,3.5800,true,1,97753
7290015340199,true,רכז רימונים,,,רכז רימונים,לא מנהל יחידת מידה,0.00,לא מנהל יחידת מידה,false,1,20.90,0.0000,true,1,117856
7290015340236,false,ממרח  שקד,יושלם,,ממרח  שקד לבן ללא סוכר 300 גר,גרמים,300.00,100 גרם,false,1,41.50,13.8333,true,1,102933
7290015340281,false,"קמח שקדים לל""ג 500 ג","העידן האורגני בע""מ",,"קמח שקדים לל""ג 500 גרם",גרמים,500.00,100 גרם,false,1,36.90,7.3800,true,1,102937
7290015340304,true,סילאן טבעי 900גר,,,סילאן טבעי 900גר,גרמים,900.00,100 גרם,false,1,21.90,2.4333,true,1,124238
7290015340434,false,שמן אבוקדו 500 מל,,,שמן אבוקדו 500 מל,יחידה,1.00,יחידה,false,1,63.90,63.9000,true,1,113745
7290015340588,false,חמאת אגוזי קשיו,פון בק,,חמאת אגוזי קשיו,גרמים,300.00,100 גרם,false,1,39.90,13.3000,true,1,114281
7290015340595,false,חמאת אגוז לוז שקדים,פון בק,,חמאת אגוז לוז שקדים וקשיו 300 גרם,גרמים,300.00,100 גרם,false,1,41.90,13.9667,true,1,114282
7290015340656,false,ממרח חמאת פיסטוק,פון בק,,ממרח חמאת פיסטוק,גרמים,250.00,100 גרם,false,1,64.90,25.9600,true,1,116516
7290015341394,false,עוגיות מיוחדות פסח,אנטיקוביץ,IL,עוגיות מיוחדות פסח 300גרם,גרמים,300.00,100 גרם,false,1,16.90,5.6333,true,1,119282
7290015347358,false,סודה לשתיה מיה  50 ג,מיה,IL,סודה לשתיה מיה  50 גרם בקרטונית,גרמים,50.00,100 גרם,false,1,2.90,5.8000,true,1,160088
7290015347457,true,קינואה שחורה  מיה 40,מיה,IL,קינואה שחורה  מיה 400 גרם,גרמים,400.00,100 גרם,false,1,14.90,3.7250,true,1,160069
7290015347464,true,קינואה מעורבת  מיה,מיה,IL,קינואה מעורבת  מיה  400 גרם,גרמים,400.00,100 גרם,false,1,14.90,3.7250,true,1,160070
7290015347488,false,סוכר דמררה מיה  שקית,מיה,IL,סוכר דמררה מיה  שקית 1 קג,קילוגרמים,1.00,"ק""ג",false,1,9.90,9.9000,true,1,160089
7290015350150,false,יין של סגל אדום חצי,פארייפאבה אגרואינדוס,IL,של סגל אדום חצי יבש,מיליליטרים,750.00,"100 מ""ל",false,1,21.90,2.9200,true,1,149543
7290015366663,false,משחת שיניים מנטה עדי,DE MICLEN,SK,"משחת שיניים מנטה עדין אקווה פרש 100 מ""ל",מיליליטרים,100.00,"100 מ""ל",false,1,6.90,6.9000,true,1,113823
7290015366670,false,משחת שיניים אקווה פר,DE MICLEN,SK,אקווה פרש משחת שיניים מנטה מרענן  100 מל,מיליליטרים,100.00,"100 מ""ל",false,1,6.90,6.9000,true,1,113822
7290015395045,false,קינואה שקדיה 400 גרם,אף.סי תבליני בגליל ב,IL,קינואה,גרמים,400.00,100 גרם,false,1,15.90,3.9750,true,1,102848
7290015395939,false,חטיף יפני  150גרם,דין שיווק,IL,חטיף יפני  150גרם,גרמים,150.00,100 גרם,false,1,14.90,9.9333,true,1,155478
7290015395960,false,בוטן רביולי 150גרם,דין שיווק,IL,בוטן רביולי 150גרם,גרמים,150.00,100 גרם,false,1,14.90,9.9333,true,1,155477
7290015437585,true,מוזלי קראנצי צימוק ו,,,מוזלי קראנצי צימוק ו,לא מנהל יחידת מידה,0.00,לא מנהל יחידת מידה,false,1,14.90,0.0000,true,1,130818
7290015446488,false,אול אין חטיף חלבון ו,,,אול אין חטיף חלבון וסיבים חמאת בוטנים,גרמים,60.00,100 גרם,false,1,13.90,23.1667,true,1,128590
7290015446495,false,אול אין חטיף חלבון ב,,,אול אין חטיף חלבון בטעם שוקולד פאדג100גר,גרמים,100.00,100 גרם,false,1,19.90,19.9000,true,1,128589
7290015446525,false,חטיף אול אין חלבון ק,,,חטיף אול אין חלבון קרמל מלוח100 גרם,גרמים,100.00,100 גרם,false,1,19.90,19.9000,true,1,128593
7290015446891,false,אול אין קוקי קראנץ 1,הרת'סייד פוד סולושיי,US,אול אין קוקי קראנץ 100 גרם,גרמים,100.00,100 גרם,false,1,18.90,18.9000,true,1,148002
7290015446914,false,חטיף חלבון בטעם שוקו,הרת'סייד פוד סולושיי,NL,חטיף חלבון בטעם שוקולד ציפ  100 גרם,גרמים,100.00,100 גרם,false,1,19.90,19.9000,true,1,156924
7290015446921,false,חטיף חלבון בטעם קרמל,,,חטיף חלבון בטעם קרמל מלוח- 60 גרם,גרמים,60.00,100 גרם,false,1,13.90,23.1667,true,1,156920
7290015464802,false,ספריי סיליקון לשיער-,א.משי תעשיות קוסמטיק,IL,ספריי סיליקון לשיער-אלין,מיליליטרים,250.00,"100 מ""ל",false,1,32.90,13.1600,true,1,117505
7290015470094,true,שוקולד מריר תפוז לס,האי נאם סי או אל.טי.,TR,שוקולד מריר תפוז לס,Unknown,0.00,Unknown,false,1,11.90,0.0000,true,1,135794
7290015470391,false,פנגל קרם ידיים מועשר,TLV צ'יף,IL,קרם ידיים מטפח מועשר בשמן זית.,Unknown,0.00,Unknown,false,1,11.90,0.0000,true,1,110056
7290015519144,false,מטען קיר לגלקסי פרימ,,,מטען קיר לגלקסי פרימיום 2A,יחידה,1.00,יחידה,false,1,49.90,49.9000,true,1,146164
7290015519205,false,מעמד מגנט EASY GRIP,,,מעמד מגנט EASY GRIP,יחידה,1.00,יחידה,false,1,29.90,29.9000,true,1,146132
7290015528955,true,קינוחי פודינג עם מכס,,,קינוחי פודינג עם מכס,Unknown,0.00,Unknown,false,1,9.90,0.0000,true,1,128851
7290015528986,true,קינוחי גרניטה,,,קינוחי גרניטה,Unknown,0.00,Unknown,false,1,9.90,0.0000,true,1,128852
7290015550765,false,דאודורנט אבן מינרלי,,,דאודורנט אבן מינרלי,לא מנהל יחידת מידה,0.00,לא מנהל יחידת מידה,false,1,32.90,0.0000,true,1,149561
7290015597210,false,מאגדת טילון קורנטו 3,"גלידת שטראוס בע""מ, ר",IL,מאגדת טילון קורנטו 378 גרם,גרמים,378.00,100 גרם,false,1,34.90,9.2328,true,1,123549
7290015597326,false,מאגדת קרחוני שרבט אי,,IL,מאגדת קרחוני שרבט אייס לייט בטעמים 710 ג,גרמים,710.00,100 גרם,false,1,26.90,3.7887,true,1,111501
7290015597937,false,קורנטו קלאסיק,שטראוס גלידות,,קורנטו קלאסיק,גרמים,70.00,100 גרם,false,1,9.90,14.1429,true,1,123546
7290015599016,false,צהובה טבעונית עם זית,אריויה ס.א.,GR,צהובה טבעונית עם זיתים 200גרם ווגה,גרמים,200.00,100 גרם,false,1,23.90,11.9500,true,1,116165
7290015599023,false,צהובה טבעונית בטעם ק,אריויה ס.א.,GR,צהובה טבעונית בטעם קלאסי 200 גרם,גרמים,200.00,100 גרם,false,1,23.90,11.9500,true,1,116161
7290015599030,true,צהובה טבעונית בטעם פ,אריויה ס.א.,GR,צהובה טבעונית בטעם פיצה פפרוני200גרם ווג,גרמים,200.00,100 גרם,false,1,23.90,11.9500,true,1,116164
7290015599047,false,צהובה טבעונית לגרוד,אריויה ס.א.,GR,בלוק צהובה טבעונית לגירוד על פיצה,גרמים,200.00,100 גרם,false,1,17.90,8.9500,true,1,116525
7290015599054,false,צהובה טבעונית בטעם צ,אריויה ס.א.,GR,צהובה טבעונית בטעם צדר 200גרם ווגה,גרמים,200.00,100 גרם,false,1,23.90,11.9500,true,1,116162
7290015599061,false,צהובה טבעונית בטעם מ,אריויה ס.א.,GR,צהובה טבעונית בטעם מוצרלה 200 גרם ווגה,גרמים,200.00,100 גרם,false,1,23.90,11.9500,true,1,116160
7290015599078,true,צהובה טבעונית עם עשב,אריויה ס.א.,GR,צהובה טבעונית עם עשבי תיבול200גרם ווגה,גרמים,200.00,100 גרם,false,1,23.90,11.9500,true,1,116163
7290015599191,false,ממרח שמנת טבעונית בס,ביוט איילנד פודס,,ממרח שמנת טבעונית בסגנון קלאסי 170 גרם,גרמים,170.00,100 גרם,false,1,19.90,11.7059,true,1,118629
7290015599207,false,ממרח שמנת טבעונית בט,ביוט איילנד פודס,,ממרח שמנת טבעונית בטעם צדר 170גרם,גרמים,170.00,100 גרם,false,1,19.90,11.7059,true,1,118487
7290015599283,true,אבקת בסיס לחביתה טבע,א.ל.ייצור ושווק תבלי,IL,תערובת להכנת חביתה טבעונית על בסיס קטניות ודגנים,גרמים,250.00,100 גרם,false,1,26.90,10.7600,true,1,117230
7290015599306,false,ממרח שמנת טבעונית עם,ביוט איילנד פודס,,ממרח שמנת טבעונית עם עירית  170גרם,גרמים,170.00,100 גרם,false,1,19.90,11.7059,true,1,118486
7290015599504,false,וגה ממרח בטעם חמאה א,גוד פוד פרודקטס S.p,DK,וגה ממרח בטעם חמאה אורגני 225 גרם,גרמים,225.00,100 גרם,false,1,19.90,8.8444,true,1,128681
7290015599702,false,ממרח שמנת טבעונית בט,גוד פוד פרודקטס S.p,GB,ממרח שמנת טבעונית בטעם עזים 170גרם,גרמים,170.00,100 גרם,false,1,19.90,11.7059,true,1,149834
7290015599719,false,פרמזן טבעוני ווגה 15,המאפיה של הרמן,GR,פרמזן טבעוני ווגה 150 גרם,גרמים,150.00,100 גרם,false,1,25.90,17.2667,true,1,148892
7290015634120,false,יין עמק האלה אוורד ל,עמק האלה,IL,"יין עמק האלה אוורד לבן 750 מ""ל",מיליליטרים,750.00,"100 מ""ל",false,1,44.90,5.9867,true,1,128881
7290015634182,false,יין אוורד קברנה מרלו,עמק האלה,IL,"יין עמק האלה אוורד בלנד 750 מ""ל",מיליליטרים,750.00,"100 מ""ל",false,1,44.90,5.9867,true,1,119429
7290015652070,false,קשיו קלוי 150 גרם,דין שיווק,IL,קשיו קלוי 150 גרם,גרמים,150.00,100 גרם,false,1,13.90,9.2667,true,1,155444
7290015652087,false,תערובת פיצוחים 150 ג,דין שיווק,IL,תערובת פיצוחים 150 גרם,גרמים,150.00,100 גרם,false,1,14.90,9.9333,true,1,155445
7290015670029,false,טבעוניות פירות יבשים,מרסי,IL,טבעוניות פירות יבשים - ללא קמח250,גרמים,250.00,100 גרם,false,1,32.90,13.1600,true,1,117965
7290015670036,false,טבעוני קראנץ  - ללא,מרסי,IL,טבעוני קראנץ  - ללא קמח 250,גרמים,250.00,100 גרם,false,1,32.90,13.1600,true,1,130986
7290015670050,false,טבעוני - גינגר שוקול,מרסי,IL,טבעוני - גינגר שוקולד 250,גרמים,250.00,100 גרם,false,1,32.90,13.1600,true,1,117962
7290015670067,true,שוקולד קוקוס כשלפ 25,מרסי,IL,שוקולד קוקוס כשלפ 250,גרמים,250.00,100 גרם,false,1,32.90,13.1600,true,1,152596
7290015670135,false,עוגיות טבעוני / בריא,מרסי,IL,עוגיות טבעוני / בריאות כשלפ 240,גרמים,240.00,100 גרם,false,1,33.90,14.1250,true,1,147875
7290015670203,false,מטבעות פיצוחים - ללא,מרסי,IL,מטבעות פיצוחים - ללא קמח225,גרמים,225.00,100 גרם,false,1,32.90,14.6222,true,1,135829
7290015670227,false,מטבעות ופירות יער -,מרסי,IL,מטבעות ופירות יער - ללא קמח225,גרמים,225.00,100 גרם,false,1,32.90,14.6222,true,1,125492
7290015670234,false,מטבעות שומשום דלעת -,מרסי,IL,מטבעות שומשום דלעת - ללא קמח225,גרמים,225.00,100 גרם,false,1,32.90,14.6222,true,1,125493
7290015670258,true,שקד פרוס ותפוז מסוכר,מרסי,IL,שקד פרוס ותפוז מסוכר - ללא קמח210,גרמים,210.00,100 גרם,false,1,32.90,15.6667,true,1,130987
7290015670418,false,"אלפחורס כשל""פ 250גרם",מרסי,IL,"אלפחורס כשל""פ 250גרם",גרמים,250.00,100 גרם,false,1,32.90,13.1600,true,1,130985
7290015670432,false,גרנולה בריאות240,מרסי,IL,גרנולה בריאות240,גרמים,240.00,100 גרם,false,1,32.90,13.7083,true,1,121075
7290015670449,false,גרנולה פירות יבשים24,מרסי,IL,גרנולה פירות יבשים240,גרמים,240.00,100 גרם,false,1,32.90,13.7083,true,1,121578
7290015670456,false,רולדה תמרים ואגוזים,מרסי,IL,רולדה תמרים ואגוזים 240,גרמים,240.00,100 גרם,false,1,26.90,11.2083,true,1,143756
7290015670470,false,סהרוני שקד חמאה 240,מרסי,IL,סהרוני שקד חמאה 240,גרמים,240.00,100 גרם,false,1,26.90,11.2083,true,1,143755
7290015670494,false,לימון שקד פרוס 240,מרסי,IL,לימון שקד פרוס 240,גרמים,240.00,100 גרם,false,1,26.90,11.2083,true,1,144818
7290015670630,false,מרוקאיות בנגיעות קוק,מרסי,IL,מרוקאיות בנגיעות קוקוס 300,גרמים,300.00,100 גרם,false,1,26.90,8.9667,true,1,144801
7290015670654,false,שוקולדים 240,מרסי,IL,שוקולדים 240,גרמים,240.00,100 גרם,false,1,26.90,11.2083,true,1,144820
7290015670708,false,כעכי שומשום 300,מרסי,IL,כעכי שומשום 300,גרמים,300.00,100 גרם,false,1,26.90,8.9667,true,1,135831
7290015670753,false,מקלות פרמזן 240,מרסי,IL,מקלות פרמזן 240,גרמים,240.00,100 גרם,false,1,26.90,11.2083,true,1,144823
7290015673181,false,בורגר על האש קליפורנ,טבע דלי,IL,בורגר על האש קליפורניה עם ברוקולי 400 גר,גרמים,400.00,100 גרם,false,1,25.90,6.4750,true,1,114267
7290015673198,false,המבורגר טקסס עם פטרי,טבע דלי בעמ,IL,טבע דלי טקסס בורגר עבה עם פטריות 400 גרם,גרמים,400.00,100 גרם,false,1,25.90,6.4750,true,1,114266
7290015673587,false,קריספי נגיסי טופו רו,טבע דלי,IL,קריספי נגיסי טופו רוטב אסייתי350 גרם,גרמים,350.00,100 גרם,false,1,27.90,7.9714,true,1,128084
7290015695800,false,נבטי ברוקולי 100 גרם,מושב אחיטוב,IL,נבטי ברוקולי 100 גרם,גרמים,100.00,100 גרם,false,1,9.90,9.9000,true,1,118211
7290015695817,false,נבטי קייל 150גרם,מושב אחיטוב,IL,נבטי קייל 100גרם,גרמים,100.00,100 גרם,false,1,9.90,9.9000,true,1,118215
7290015695855,false,נבטי חמניה,חקלאי,IL,נבטי חמניה150גרם,גרמים,150.00,100 גרם,false,1,9.90,6.6000,true,1,118212
7290015695886,true,מיקס נבטים גדול,מושב אחיטוב,IL,מיקס נבטים גדול100גרם,גרמים,100.00,100 גרם,false,1,9.90,9.9000,true,1,147522
7290015695893,true,מיקס נבטים,מושב אחיטוב,IL,מיקס נבטים,גרמים,300.00,100 גרם,false,1,9.90,3.3000,true,1,118210
7290015695916,false,מיקס נבטים ענק אורגנ,חקלאי,IL,מיקס נבטים ענק אורגני,גרמים,100.00,100 גרם,false,1,16.90,16.9000,true,1,118352
7290015695923,false,נבטים סינים,מושב אחיטוב,IL,נבטים סינים,גרמים,170.00,100 גרם,false,1,7.90,4.6471,true,1,118217
7290015695978,false,פטריות שיטאקי אורגני,חקלאי,IL,פטריות שיטאקי אורגניות,גרמים,220.00,100 גרם,false,1,19.90,9.0455,true,1,129319
7290015726481,false,פס מוס דואט חלבי,גדרון,IL,פס מוס דואט חלבי,יחידה,1.00,יחידה,false,1,49.00,49.0000,true,1,116079
7290015726498,false,פס מוצרט חלבי,גדרון,IL,פס מוצרט חלבי,יחידה,1.00,יחידה,false,1,49.00,49.0000,true,1,116080
7290015726528,false,פס טירמיסו,גדרון,IL,פס טירמיסו,יחידה,1.00,יחידה,false,1,49.00,49.0000,true,1,116082
7290015726788,true,פס גבינה פרורים ללא,,,פס גבינה פרורים ללא תוספת סוכר,גרמים,400.00,100 גרם,false,1,49.90,12.4750,true,1,158471
7290015733120,false,מטרנה גולד שלב אחד 7,מטרנה,IL,מטרנה גולד שלב אחד 700 גרם,גרמים,700.00,100 גרם,false,1,74.90,10.7000,true,1,146557
7290015733427,false,מטרנה דייסת גם וגם ו,מולינו ניקולי s.p.a,IL,מטרנה דייסת גם וגם וניל פרו12*300ג 2019,גרמים,300.00,100 גרם,false,1,22.90,7.6333,true,1,155949
7290015733441,false,מטרנה דייסת גם וגם ד,מטרנה תעשיות ש.מ,IL,מטרנה דייסת גם וגם דגנים פרו12*300ג2019,גרמים,300.00,100 גרם,false,1,22.90,7.6333,true,1,147350
7290015781008,false,יין ויזאן מרלו,יקב טפרברג 1870,,יין ויזאן מרלו,מיליליטרים,750.00,"100 מ""ל",false,1,39.90,5.3200,true,1,108099
7290015781046,false,יין ויזאן לבן חצי יב,יקב טפרברג,,יין ויזאן לבן חצי יבש,מיליליטרים,75000.00,"100 מ""ל",false,1,39.90,0.0532,true,1,109512
7290015781053,false,יין טפרברג וייזן לבן,יקב טפרברג,,"VISION לבן יבש 750 מ""ל",מיליליטרים,750.00,"100 מ""ל",false,1,39.90,5.3200,true,1,117562
7290015781091,false,קברנה סובניון,יקב טפרברג 1870,,קברנה סובניון,מיליליטרים,750.00,"100 מ""ל",false,1,39.90,5.3200,true,1,107785
7290015781107,false,IMPRESSION סאנגובזה,יקב טפרברג 1870,,"IMPRESSION סאנגובזה 750 מ""ל",מיליליטרים,750.00,"100 מ""ל",false,1,49.90,6.6533,true,1,109516
7290015781114,false,יין מרלו אימפרשן יקב,יקב טפרברג 1870,,"יין מרלו אימפרשן יקב טפרברג 750 מ""ל",מיליליטרים,750.00,"100 מ""ל",false,1,49.90,6.6533,true,1,109518
7290015781121,false,יין ק.סובניון אימפרש,יקב טפרברג,,"יין ק.סובניון אימפרשן יקב טפרברג 750 מ""ל",מיליליטרים,750.00,"100 מ""ל",false,1,49.90,6.6533,true,1,109513
7290015781138,false,יין שרדונה אימפריישן,יקב טפרברג 1870,,"IMPRESSION שרדונה  750 מ""ל.",מיליליטרים,750.00,"100 מ""ל",false,1,49.90,6.6533,true,1,107780
7290015781145,false,IMPRESSION  ריזלינג-,יקב טפרברג,,IMPRESSION  ריזלינג- יין לבן בציר מאוחר,מיליליטרים,750.00,"100 מ""ל",false,1,49.90,6.6533,true,1,116714
7290015781152,false,יין רוזה אימפרשן יקב,יקב טפרברג,,"יין רוזה אימפרשן יקב טפרברג 750 מ""ל",מיליליטרים,750.00,"100 מ""ל",false,1,49.90,6.6533,true,1,121295
7290015781237,false,טפרברג דסטיטאז,יקב טפרברג,IL,INSPIRE FEMITAGE דבוקי גוורצטרמינר  750,מיליליטרים,750.00,"100 מ""ל",false,1,79.90,10.6533,true,1,135869
7290015781275,false,יין מוסקטו לבן יקב ט,יקב טפרברג,,"יין מוסקטו לבן יקב טפרברג 750 מ""ל",מיליליטרים,750.00,"100 מ""ל",false,1,39.90,5.3200,true,1,109511
7290015781282,false,גוורצטרימינר אימפריי,יקב טפרברג 1870,,"IMPRESSION גוורצטרמינר 750 מ""ל",מיליליטרים,750.00,"100 מ""ל",false,1,49.90,6.6533,true,1,107781
7290015781299,false,יין שיראז אדום טפמבר,יקב טפרברג 1870,,יין שיראז אדום טפמברג,מיליליטרים,750.00,"100 מ""ל",false,1,39.90,5.3200,true,1,118402
7290015781305,false,יין IMPRESSUON סירה,יקב טפרברג 1870,,"IMPRESSION סירה 750 מ""ל",מיליליטרים,750.00,"100 מ""ל",false,1,49.90,6.6533,true,1,116704
7290015790000,false,רימון קלוף מארגז  כ-,חקלאי,IL,רימון קלוף מארגז  כ-250 גר יח,גרמים,250.00,100 גרם,false,1,15.90,6.3600,true,1,115742
7290015839006,false,פרסבורג תפוח עץ נתי,נתי שטרודל וינאי בעמ,IL,פרסבורג תפוח עץ נתי קפוא 500גרם,גרמים,500.00,100 גרם,false,1,26.90,5.3800,true,1,124268
7290015839013,false,פרסבורג גבינה נתי קפ,נתי שטרודל וינאי בעמ,IL,שטרודל גבינה במארז500,גרמים,500.00,100 גרם,false,1,26.90,5.3800,true,1,124267
7290015839020,false,שטרודל פרג במארז,נתי שטרודל וינאי בעמ,IL,שטרודל פרג במארז500,גרמים,500.00,100 גרם,false,1,26.90,5.3800,true,1,124266
7290015839044,false,שטרודל תפוע ללס קפוא,נתי שטרודל וינאי בעמ,IL,שטרודל תפוע ללס קפוא,גרמים,500.00,100 גרם,false,1,33.00,6.6000,true,1,153474
7290015839051,false,"שטרודל תפוח עץ לל""ס",נתי שטרודל וינאי בעמ,IL,"שטרודל תפוח עץ לל""ס במארז500",גרמים,500.00,100 גרם,false,1,26.90,5.3800,true,1,152593
7290015839068,false,"שטרודל פרג לל""ס במאר",נתי שטרודל וינאי בעמ,IL,"שטרודל פרג לל""ס במארז",גרמים,500.00,100 גרם,false,1,26.90,5.3800,true,1,152594
7290015839075,false,"שטרודל גבינה לל""ס במ",נתי שטרודל וינאי בעמ,IL,"שטרודל גבינה לל""ס במארז",גרמים,500.00,100 גרם,false,1,26.90,5.3800,true,1,151394
7290015839082,false,שטרודל גבינה אוכמניו,נתי שטרודל וינאי בעמ,IL,שטרודל גבינה אוכמניות במארז 500 גר,גרמים,500.00,100 גרם,false,1,26.90,5.3800,true,1,151393
7290015839099,false,שטרודל גבינה שוקו במ,קומפני לה פרוניה,IL,שטרודל גבינה שוקו במארז500,גרמים,500.00,100 גרם,false,1,26.90,5.3800,true,1,152595
7290015839129,false,שטרודל גבינה ללס קפו,נתי שטרודל וינאי בעמ,IL,שטרודל גבינה ללס קפוא,גרמים,500.00,100 גרם,false,1,33.00,6.6000,true,1,154780
7290015839310,false,שטרודל תפוע 30סמ קפו,נתי שטרודל וינאי בעמ,IL,שטרודל תפוע 30סמ קפוא,גרמים,500.00,100 גרם,false,1,33.00,6.6000,true,1,153471
7290015839327,false,שטרודל גבינה 30סמ קפ,נתי שטרודל וינאי בעמ,IL,שטרודל גבינה 30סמ קפוא,גרמים,500.00,100 גרם,false,1,33.00,6.6000,true,1,153472
7290015839334,false,שטרודל פרג 30סמ קפוא,נתי שטרודל וינאי בעמ,IL,שטרודל פרג 30סמ קפוא,גרמים,500.00,100 גרם,false,1,33.00,6.6000,true,1,153473
7290015848909,false,אולטרסול תחליב קידס,הדקלאים אגודת שיתופי,IL,אולטרסול תחליב קידס 30/250,לא מנהל יחידת מידה,0.00,לא מנהל יחידת מידה,false,1,44.90,0.0000,true,1,124565
7290015848923,false,אולטרסול 30 למבוגרים,הדקלאים אגודת שיתופי,IL,אולטרסול תחליב הגנה מבוגרים 30/250,מיליליטרים,250.00,"100 מ""ל",false,1,44.90,17.9600,true,1,120010
7290015848992,false,אולטרסול פנים ילדים,הדקלאים אגודת שיתופי,IL,אולטרסול קרם פנים ילדים 75/50,לא מנהל יחידת מידה,0.00,לא מנהל יחידת מידה,false,1,32.90,0.0000,true,1,115112
7290015856713,false,חטיף אפונה אפויה עם,אפיפית נצרת (1971) ב,IL,חטיף אפונה בטעם טבעי,גרמים,50.00,100 גרם,false,1,5.90,11.8000,true,1,149429
7290015856720,false,חטיף אפונה אפויה עם,אפיפית נצרת (1971) ב,IL,חטיף אפונה בטעם זעתר,גרמים,50.00,100 גרם,false,1,5.90,11.8000,true,1,149430
7290015856737,false,חטיף אפונה אפויה עם,אפיפית נצרת (1971) ב,IL,חטיף אפונה בטעם פלפל שחור,גרמים,50.00,100 גרם,false,1,5.90,11.8000,true,1,149431
7290015858106,false,ממרח פסטו ביתי 180 ג,רוג'ר אנד רוג'ר,IL,עללחם פסטו ביתי 100 גרם,גרמים,180.00,100 גרם,false,1,19.90,11.0556,true,1,122664
7290015858113,false,ממרח עגבניות מיובשות,רוג'ר אנד רוג'ר,IL,"עללחם ממרח עגבניות מיובשות, 180 גרם",גרמים,180.00,100 גרם,false,1,19.90,11.0556,true,1,122692
7290015858144,false,ממרח ארטישוק 180 גרם,זאביק יצור ושיווק מז,,ממרח ארטישוק 180 גרם עללחם,גרמים,180.00,100 גרם,false,1,19.90,11.0556,true,1,122435
7290015858229,false,טפנד זיתי קלמטה 180ג,רוג'ר אנד רוג'ר,IL,עללחם טפנד זיתי קלמטה 180 גרם,גרמים,180.00,100 גרם,false,1,19.90,11.0556,true,1,135891
7290015858243,false,ממרח צימיצורי 180 גר,זאביק יצור ושיווק מז,,ממרח צימיצורי 180 גרם,גרמים,180.00,100 גרם,false,1,19.90,11.0556,true,1,122445
7290015859042,false,לבבות קיסר,חקלאי,IL,לבבות קיסר,יחידה,1.00,יחידה,false,1,12.90,12.9000,true,1,149510
7290015865692,false,תענוג פרי תות שדה ע,ענבי ציון,IL,תענוג פרי תות שדה ענבי ציון  400 גרם,גרמים,400.00,100 גרם,false,1,17.90,4.4750,true,1,160526
7290015865708,false,תענוג פרי אוכמניות,ענבי ציון,IL,תענוג פרי אוכמניות ענבי ציון  400 גרם,גרמים,400.00,100 גרם,false,1,17.90,4.4750,true,1,160527
7290015865715,false,תענוג פרי פירות יער,ענבי ציון,IL,תענוג פרי פירות יער ענבי ציון  400 גרם,גרמים,400.00,100 גרם,false,1,17.90,4.4750,true,1,160528
7290015872553,false,חומוס מסעדה 700 גרם,"סלטי שמיר 2006 בע""מ",,חומוס מסעדה 700 גרם,גרמים,700.00,100 גרם,false,1,14.90,2.1286,true,1,155925
7290015946001,false,מאסטר ספירולינה אורג,אשבל,IL,מאסטר ספירולינה אורגנית הזהב הירוק קפואה,לא מנהל יחידת מידה,2.50,לא מנהל יחידת מידה,false,1,59.00,23.6000,true,1,153095
7290015951227,false,יין גמלא סירה 750 מל,יקבי רמת הגולן,IL,יין גמלא סירה 750 מל,מיליליטרים,750.00,"100 מ""ל",false,1,64.90,8.6533,true,1,151302
7290015951869,false,יין הר חרמון רוזה 75,קרלו,IL,הר חרמון רוזה,מיליליטרים,750.00,"100 מ""ל",false,1,33.90,4.5200,true,1,125624
7290015968218,false,כוסות נייר 50 יח לשת,,,כוסות נייר 50 יח לשתיה חמה קרה 370 מל,יחידה,1.00,יחידה,false,1,25.90,25.9000,true,1,130479
7290015968294,false,נובי כוס הפלא,מולינו ניקולי s.p.a,CN,נובי כוס הפלא עם מכסה וידיות,לא מנהל יחידת מידה,0.00,לא מנהל יחידת מידה,false,1,39.90,0.0000,true,1,125684
7290015968300,false,נובי כוס הפלא עם מכס,מולינו ניקולי s.p.a,CN,נובי כוס הפלא עם מכסה +12 חודשים,לא מנהל יחידת מידה,0.00,לא מנהל יחידת מידה,false,1,39.90,0.0000,true,1,125685
7290015968317,false,"סינרים ח""פ לתינוק",F.H.P CO LT,CN,"סינרים ח""פ לתינוק",לא מנהל יחידת מידה,0.00,לא מנהל יחידת מידה,false,1,23.90,0.0000,true,1,125658
7290015968508,false,"כוסות 180 מ""ל פלסטיק",,TR,"כוסות 180 מ""ל פלסטיק לשתיה קרה",יחידה,1.00,יחידה,false,1,8.90,8.9000,true,1,147942
7290015983006,false,חסה רומית שדות בר,חקלאי,IL,חסה רומית שדות בר,קילוגרמים,1.00,"ק""ג",true,,30.00,30.0000,true,1,105507
7290015983013,true,חסה אייסברג שדות בר,חקלאי,IL,חסה אייסברג שדות בר,קילוגרמים,1.00,"ק""ג",true,,30.00,30.0000,true,1,106946
7290015983075,false,בצל ירוק שטוף שדות,חקלאי,IL,בצל ירוק שטוף שדות,קילוגרמים,1.00,"ק""ג",true,,30.00,30.0000,true,1,108926
7290015983082,false,ירק שטוף שדות,חקלאי,IL,ירק שטוף שדות,קילוגרמים,1.00,"ק""ג",true,,30.00,30.0000,true,1,108928
7290015983129,false,שדות בר פלפלונים,חקלאי,IL,שדות בר פלפלונים,קילוגרמים,1.00,"ק""ג",true,,30.00,30.0000,true,1,128277
7290015983136,true,שדות בר שרי בלינדה,חקלאי,IL,שדות בר שרי בלינדה,קילוגרמים,1.00,"ק""ג",true,,30.00,30.0000,true,1,128276
7290015983143,false,שדות בר מלפפון בייבי,שדות בר,IL,שדות בר מלפפון בייבי,קילוגרמים,1.00,"ק""ג",true,,30.00,30.0000,true,1,128275
7290016006025,false,סודה שוופס בקבוק 500,יפאורה תבורי בעמ,IL,שוופס מי סודה 0.5 ליטר,מיליליטרים,500.00,"100 מ""ל",false,1,3.90,0.7800,true,1,119769
7290016006322,false,מי עדן בקבוק 1 ליטר,מופק ממקור בזלתי עדן,IL,מי עדן בקבוק 1 ליטר,ליטרים,1.00,ליטר,false,1,5.90,5.9000,true,1,119763
7290016006339,false,מי עדן מארז רביעייה,מופק ממקור בזלתי עדן,IL,רביעיית מים 1 ליטר,ליטרים,4.00,ליטר,false,1,11.90,2.9750,true,1,119635
7290016006346,false,סודה שוופס מארז שישי,יפאורה תבורי בעמ,IL,שוופס סודה 0.5 ליטר שישייה,ליטרים,3.00,ליטר,false,1,16.20,5.4000,true,1,119768
7290016006377,false,שוופס מוגז פירות תות,יפאורה תבורי בעמ,IL,"שוופס מוגז פירות תות ליים 330 מ""ל זכוכית",מיליליטרים,330.00,"100 מ""ל",false,1,6.90,2.0909,true,1,119643
7290016028010,true,קינוחי קרם בורלה,,,קינוחי קרם בורלה,Unknown,0.00,Unknown,false,1,9.90,0.0000,true,1,128853
7290016028027,true,קינוחי מוס,,,קינוחי מוס,Unknown,0.00,Unknown,false,1,9.90,0.0000,true,1,128854
7290016028423,true,קינוחי פנקוטה עם מכס,,,קינוחי פנקוטה עם מכס,Unknown,0.00,Unknown,false,1,9.90,0.0000,true,1,128855
7290016045888,false,פיתה כוסמין 500 גרם,,IL,פיתה כוסמין 500 גרם,גרמים,500.00,100 גרם,false,1,14.90,2.9800,true,1,152106
7290016047301,true,קמח רב תכליתי 500 גר,מנדלז סי.אר. פרודקשן,IL,קמח רב תכליתי 500 גר,גרמים,500.00,100 גרם,false,1,23.90,4.7800,true,1,124250
7290016047318,true,קמח לבצק דק 500 גרם,,,קמח לבצק דק 500 גרם,גרמים,500.00,100 גרם,false,1,23.90,4.7800,true,1,128896
7290016077759,true,רוטב ברביקיו קלאסי,,NL,היינץ רוטב ברביקיו קלאסי 480 גרם,יחידה,1.00,יחידה,false,1,17.90,17.9000,true,1,145314
7290016077766,false,שעועית לבנה אפויה בר,הייבורי קנקו,CA,היינץ שעועית אפויה 453 גרם,גרמים,410.00,100 גרם,false,1,10.90,2.6585,true,1,126562
7290016081619,false,RETRACTABLE - שלט BT,,,RETRACTABLE - שלט BT עם אוזניה - צבע שחו,יחידה,1.00,יחידה,false,1,109.00,109.0000,true,1,146155
7290016081626,false,RETRACTABLE - שלט BT,,,RETRACTABLE - שלט BT עם אוזניה -  צבע לב,יחידה,1.00,יחידה,false,1,109.00,109.0000,true,1,146154
7290016087147,true,פריניר מרגריטה 240 ג,פריניר ( הדס 1987) ב,IL,פריניר רוטב פיצה מרגריטה 240 ג,Unknown,0.00,Unknown,false,1,5.90,0.0000,true,1,126416
7290016087192,false,עגבניות מרוסקות 230,פריניר ( הדס 1987) ב,IL,פריניר מרוסקות 230 ג,גרמים,230.00,100 גרם,false,1,5.90,2.5652,true,1,122448
7290016087215,false,עגבניות מרוסקות מרוכ,פריניר ( הדס 1987) ב,IL,עגבניות מרוסקות מרוכזות בתוספת שום,גרמים,230.00,100 גרם,false,1,5.90,2.5652,true,1,160007
7290016087222,false,רוטב עגבניות מרוכז ל,פריניר ( הדס 1987) ב,IL,פריניר רוטב עגבניות מרוכז לשקשוקה 230 גרם,גרמים,230.00,100 גרם,false,1,5.90,2.5652,true,1,123579
7290016094022,true,אולטרסול 50/200 תרסי,הדקלאים אגודת שיתופי,IL,ספריי שקוף 50 SPF,מיליליטרים,200.00,"100 מ""ל",false,1,44.90,22.4500,true,1,128726
7290016094039,false,אולטרסול 50/200 200,הדקלאים אגודת שיתופי,IL,ספריי שקוף לילדים 50 SPF,מיליליטרים,200.00,"100 מ""ל",false,1,44.90,22.4500,true,1,120050
7290016094817,false,אולטרסול ספריי שמן ג,הדקלאים אגודת שיתופי,IL,"ספריי שמן, שמן גזר",מיליליטרים,200.00,"100 מ""ל",false,1,39.90,19.9500,true,1,128731
7290016144000,false,קמח חיטה 80 נפלאות 1,קמח מלכים,IL,"קמח חיטה 80 נפלאות 1 ק""ג",קילוגרמים,1.00,"ק""ג",false,1,8.90,8.9000,true,1,156485
7290016144017,false,קמח חיטה 100 נפלאות,קמח מלכים,IL,"קמח חיטה 100 נפלאות 1 ק""ג",קילוגרמים,1.00,"ק""ג",false,1,8.90,8.9000,true,1,156486
7290016144024,false,קמח נפלאות כוסמין 10,,,"קמח נפלאות כוסמין 100%  1 ק""ג",קילוגרמים,1.00,"ק""ג",false,1,14.90,14.9000,true,1,153987
7290016144031,false,קמח נפלאות חיטה לבן,,,"קמח נפלאות חיטה לבן 1 ק""ג",קילוגרמים,1.00,"ק""ג",false,1,6.90,6.9000,true,1,153986
7290016144048,false,קמח נפלאות כוסמין לב,,,"קמח נפלאות כוסמין לבן  1 ק""ג",קילוגרמים,1.00,"ק""ג",false,1,16.90,16.9000,true,1,153988
7290016146004,true,קמח שקד מולבן 300,"שקד תבור בע""מ",IL,שקד תבור קמח שקד קלוף 300 גרם,גרמים,300.00,100 גרם,false,1,24.90,8.3000,true,1,127667
7290016146066,false,מחית 100% תמרים 500,"אלמנדוס בע""מ",IL,מחית 100% תמרים 500 גרם,גרמים,500.00,100 גרם,false,1,14.90,2.9800,true,1,157035
7290016146110,true,סירופ חרובים לחיץ 50,שקד תבור,IL,סירופ חרובים לחיץ 500 גרם שקד תבור,גרמים,500.00,100 גרם,false,1,22.90,4.5800,true,1,157039
7290016146141,true,סירופ מייפל 100% אור,שקד תבור,CA,סירופ מייפל 100% אורגני 330 שקד תבור,גרמים,330.00,100 גרם,false,1,29.90,9.0606,true,1,127657
7290016146400,true,שוקולד תבור 60%    1,שקד תבור,IL,שוקולד תבור 60%    100 גרם,Unknown,0.00,Unknown,false,1,15.90,0.0000,true,1,127676
7290016146424,true,שוקולד תבור 100%BIO,שקד תבור,IL,שוקולד תבור 100%BIO 100גרם,Unknown,0.00,Unknown,false,1,15.90,0.0000,true,1,127677
7290016146431,true,שוקולד תבור 72% 100ג,שקד תבור,IL,שוקולד תבור 72% 100גרם,Unknown,0.00,Unknown,false,1,15.90,0.0000,true,1,127678
7290016146448,true,שוקולד תבור 85%  100,שקד תבור,IL,שוקולד תבור 85%  100גרם,גרמים,100.00,100 גרם,false,1,15.90,15.9000,true,1,127679
7290016146455,true,שוקולד תבור 100% BIO,שקד תבור,IL,שוקולד תבור 100% BIO100גרם,Unknown,0.00,Unknown,false,1,15.90,0.0000,true,1,127680
7290016146462,true,שוקולד תבור BIO88%,שקד תבור,IL,שוקולד תבור BIO88%     100גרם,Unknown,0.00,Unknown,false,1,15.90,0.0000,true,1,127681
7290016146509,true,גרנולה עשירה 500,שקד תבור,IL,גרנולה עשירה 500גרם,גרמים,500.00,100 גרם,false,1,20.90,4.1800,true,1,127643
7290016146523,true,גרנולת הבית 500,שקד תבור,IL,גרנולת הבית 500 גרם,גרמים,500.00,100 גרם,false,1,18.90,3.7800,true,1,127683
7290016162264,false,עוגת גבינה רנסנס 450,,IL,עוגת גבינה רנסנס 450 גרם,גרמים,450.00,100 גרם,false,1,39.90,8.8667,true,1,114646
7290016197488,false,מטלית קסם לשיש מארז,UFO INC,CN,מטליות מיקרופייבר משטחים,לא מנהל יחידת מידה,0.00,לא מנהל יחידת מידה,false,1,14.90,0.0000,true,1,115899
7290016197495,false,מטליות מיקרופייבר לר,UFO INC,CN,מטליות מיקרופייבר רצפה,לא מנהל יחידת מידה,0.00,לא מנהל יחידת מידה,false,1,21.90,0.0000,true,1,115900
7290016197600,false,תחבושת דיפנד לנשים נ,kimberly clark,,תחבושת דיפנד לנשים נורמל,לא מנהל יחידת מידה,0.00,לא מנהל יחידת מידה,false,1,21.90,0.0000,true,1,117895
7290016197617,false,תחבושת דיפנד לנשים א,kimberly clark,,תחבושת דיפנד לנשים אקסטרה,לא מנהל יחידת מידה,0.00,לא מנהל יחידת מידה,false,1,21.90,0.0000,true,1,118037
7290016197624,false,תחבושת דיפנד לנשים ס,kimberly clark,,תחבושת דיפנד לנשים סופר,לא מנהל יחידת מידה,0.00,לא מנהל יחידת מידה,false,1,21.90,0.0000,true,1,118038
7290016197839,false,זוג שקיות אשפה ניקול,אשפלסט תעשיות בעמ,IL,זוג שקיות אשפה ניקול,לא מנהל יחידת מידה,0.00,לא מנהל יחידת מידה,false,1,24.90,0.0000,true,1,130953
7290016217735,false,חציל אש 200,"סלטי שמיר 2006 בע""מ",IL,חציל אש 200,גרמים,200.00,100 גרם,false,1,12.90,6.4500,true,1,120436
7290016217742,false,חציל אש +טחינה 200,"סלטי שמיר 2006 בע""מ",IL,חציל אש +טחינה 200,גרמים,200.00,100 גרם,false,1,12.90,6.4500,true,1,120493
7290016217759,false,חציל מורוקאי -גורמה,"סלטי שמיר 2006 בע""מ",IL,חציל מורוקאי -גורמה,גרמים,200.00,100 גרם,false,1,13.90,6.9500,true,1,120494
7290016217988,false,גרבדלקס סלמון 100 גר,"סלטי שמיר 2006 בע""מ",,גרבדלקס סלמון 100 גרם,גרמים,100.00,100 גרם,false,1,26.90,26.9000,true,1,125897
7290016230888,false,סוללה 3V 5 יחידות,,,סוללה 3V 5 יחידות,יחידה,1.00,יחידה,false,1,19.90,19.9000,true,1,124544
7290016245776,false,לחם פרנה מרוקאית 4 י,מאפיית טעמי הכפר 201,,לחם פרנה מרוקאית 4 יחידות,לא מנהל יחידת מידה,0.00,לא מנהל יחידת מידה,false,1,13.90,0.0000,true,1,96820
7290016246018,false,פינוקיות חלבה בארכה,רושדי תעשיות מזון בע,IL,פינוקיות חלבה בארכה מיקס 10*200גרם,גרמים,200.00,100 גרם,false,1,13.90,6.9500,true,1,135988
7290016246025,false,חלבה ללס  פנוקיות בא,HIQ FOOD PRODUCTS,IL,חלבה ללס  פנוקיות בארכה*10   200גרם,גרמים,200.00,100 גרם,false,1,13.90,6.9500,true,1,135989
7290016246308,false,מארז חטיף חלבה בארכה,רושדי תעשיות מזון בע,IL,בארכה בקטנה חטיף חלבה וניל קוקוס12 7*18ג,גרמים,126.00,100 גרם,false,1,13.90,11.0317,true,1,121750
7290016246445,true,טחינה גולמית מעודנ,רושדי תעשיות מזון בע,IL,בארכה טחנ.גולמית מעודנת שמשם.מלא12*310ג,גרמים,310.00,100 גרם,false,1,13.90,4.4839,true,1,126804
7290016246452,true,טחינה .גולמית מעוד,רושדי תעשיות מזון בע,IL,בארכה טחנ.גולמית מעודנת לימון שום12*310ג,גרמים,310.00,100 גרם,false,1,13.90,4.4839,true,1,126805
7290016246773,false,בארכה טחינה גולמית מ,רושדי תעשיות מזון בע,IL,בארכה טחינה גולמית מעודנת זעתר310גרם,גרמים,310.00,100 גרם,false,1,13.90,4.4839,true,1,151520
7290016270709,false,שרי קלמר ארוז יח,חקלאי,IL,שרי קלמר ארוז יח,גרמים,460.00,100 גרם,false,1,9.90,2.1522,true,1,126100
7290016277647,false,בננה מסוכרת 250 גרם,דין שיווק,IL,בננה מסוכרת 250 גרם,גרמים,250.00,100 גרם,false,1,9.90,3.9600,true,1,156170
7290016277654,false,פיסטוק קלוף טבעי 150,דין שיווק,IL,פיסטוק קלוף טבעי 150 גרם,גרמים,150.00,100 גרם,false,1,39.80,26.5333,true,1,156169
7290016291001,false,פחם פרגוואי משובח 2,,,פחם פרגוואי משובח 2 קג,לא מנהל יחידת מידה,0.00,לא מנהל יחידת מידה,false,1,17.90,0.0000,true,1,112836
7290016304404,false,לחם קוביות 100% כוסמ,הנסיך- מפעל לייצור ט,IL,לחם קוביות 100% כוסמין 600גרם,גרמים,600.00,100 גרם,false,1,11.90,1.9833,true,1,148905
7290016304596,false,לחמניות לסנדויץ 10 י,מאפית דוידוביץ ובניו,IL,לחמניות לסנדויץ 10 יח במארז,גרמים,750.00,100 גרם,false,1,11.90,1.5867,true,1,149349
7290016306026,false,גלידת ILO פצפוצי שוק,היידי שוקולד בירונטי,IL,"אילו, שוקולד עם פצפוצי שוקולד, 340 גרם",מיליליטרים,473.00,"100 מ""ל",false,1,36.90,7.8013,true,1,117841
7290016306040,false,גלידת ILO קרמל פקאן,היידי שוקולד בירונטי,IL,"אילו, קרמל עם פקאן קלוי, 340 גרם",מיליליטרים,473.00,"100 מ""ל",false,1,36.90,7.8013,true,1,117840
7290016306132,false,גלידת ILO קרמל פיסטו,היידי שוקולד בירונטי,IL,"אילו, פיסטוק עם קראנץ' פיסטוק קלוי",מיליליטרים,473.00,"100 מ""ל",false,1,36.90,7.8013,true,1,118715
7290016306149,false,גלידת ILO תותים בשמנ,היידי שוקולד בירונטי,IL,"תותים ב""שמנת"" גלידה מקרם קוקוס וסזירופ אגבה",מיליליטרים,473.00,"100 מ""ל",false,1,36.90,7.8013,true,1,121248
7290016306224,true,גלידת אילו - קוקו ונ,,,גלידת אילו - קוקו ונ,,0.00,,false,,36.90,0.0000,true,1,159914
7290016319118,false,מגע הדבש שעווה מתקלפ,VIOXOX,ES,מגע הדבש שעווה מתקלפת לפנים 100גרם,גרמים,100.00,100 גרם,false,1,27.90,27.9000,true,1,153119
7290016319309,false,פמילי אלסבון נוזלי מ,הנסיך- מפעל לייצור ט,TR,אל סבון מאסק קלאסי,ליטרים,1.00,ליטר,false,1,14.90,14.9000,true,1,117937
7290016321531,false,רצועות שעווה מוכנות,שוורצקוף& הנקל דיסלד,ES,מגע הדבש רצועות שעווה 12+3 אלוורה,יחידה,1.00,יחידה,false,1,26.90,26.9000,true,1,149229
7290016321548,false,רצועות שעווה מוכנות,VIOKOX,ES,מגע הדבש רצועות שעווה 12+3 קמומיל,יחידה,1.00,יחידה,false,1,26.90,26.9000,true,1,149231
7290016321555,false,רצועות שעווה מוכנות,VIOKOX,ES,מגע הדבש רצועות שעווה 16+4 ביקיני ובית שחי,יחידה,1.00,יחידה,false,1,26.90,26.9000,true,1,149230
7290016321661,false,פרש וואנס מגבונים סנ,המאפיה של הרמן,IL,פרש וואנס רביעייה סנסטיב SENSITIVE קייר,לא מנהל יחידת מידה,0.00,לא מנהל יחידת מידה,false,4,18.90,0.0000,true,1,130015
7290016321678,false,מגבונים פרש וואנס רב,המאפיה של הרמן,IL,פרש וואנס רביעייה נטורל NATURAL קייר,לא מנהל יחידת מידה,0.00,לא מנהל יחידת מידה,false,4,18.90,0.0000,true,1,130014
7290016321777,false,רצועות שעווה מוכנות,שוורצקוף& הנקל דיסלד,ES,מגע הדבש רצועות שעווה לפנים 20+5,יחידה,1.00,יחידה,false,1,26.90,26.9000,true,1,149232
7290016321883,false,פרשואנס נייר טואלט מ,המאפיה של הרמן,IL,פרשוואנס נייר טואלט מתכלה לילדים -מארז שלישייה,יחידה,1.00,יחידה,false,1,15.90,15.9000,true,1,130611
7290016321890,false,פרשואנס נייר טואלט מ,המאפיה של הרמן,IL,פרשוואנס נייר טואלט מתכלה לילדים -מארז שלישייה,יחידה,1.00,יחידה,false,1,15.90,15.9000,true,1,130610
7290016370973,false,פלפל קלוי על האש צנצ,קדבורי,IL,"קבוצת יבנה, פלפל אדום קלוי על האש במי מלח, 540 גרם",גרמים,390.00,100 גרם,false,1,12.90,3.3077,true,1,117568
7290016372397,false,תה ירוק תפוז גינגר ו,HIQ FOOD PRODUCTS,IL,תה ירוק תפוז גינגר וכורכום 25 שקיקים,גרמים,48.00,100 גרם,false,1,25.90,53.9583,true,1,121745
7290016372458,true,גן קסום לימונית ולוא,HIQ FOOD PRODUCTS,IL,גן קסום לימונית ולוא,Unknown,0.00,Unknown,false,1,33.90,0.0000,true,1,136113
7290016372496,false,חליטת תה גינגר ודבש,HIQ FOOD PRODUCTS,IL,"ג'ינג'ר ודבש- ""הגן הקסום""",גרמים,30.00,100 גרם,false,1,19.90,66.3333,true,1,121739
7290016408119,false,טרליני כעכים בטעם קל,אפוליה,IL,"טרליני פניני, מיני כעכים בטעם קלאסי 225 גרם",גרמים,225.00,100 גרם,false,1,8.90,3.9556,true,1,115831
7290016408133,false,טרליני כעכים בטעם בצ,אפוליה,IL,"טרליני פניני, מיני כעכים בתוספת בצל וזיתים 225 גרם",גרמים,225.00,100 גרם,false,1,8.90,3.9556,true,1,115829
7290016408157,false,טרליני כעכים בטעם קמ,אפוליה,IL,"טרליני פניני, מיני כעכים עם קמח מלא 225 גרם",גרמים,225.00,100 גרם,false,1,8.90,3.9556,true,1,115834
7290016408294,false,מרשמלו ורוד לבן 150,"כרמית מזון בע""מ",IL,"מרשמלו ורוד לבן וסטהיים 150 ג', 26 בקרטון",גרמים,150.00,100 גרם,false,1,5.90,3.9333,true,1,120081
7290016408416,false,חטיף קרקר עם צילי 13,תות תעשיות מזון (201,LT,חטיף קרקר עם צילי 130 גרם,גרמים,130.00,100 גרם,false,1,6.90,5.3077,true,1,117383
7290016408423,false,חטיף קרקר עם זיתים ש,APULIA FOOD SRL,LT,קרקר דגנים עם זיתים שחורים ושום,גרמים,130.00,100 גרם,false,1,6.90,5.3077,true,1,117384
7290016408430,false,חטיף קרקר עם תערובת,דנוויטה ג'יי. אס. סי,LT,קרקר דגנים עם קמח שיפון מלא ותערובת תבינים 130 גרם,גרמים,130.00,100 גרם,false,1,6.90,5.3077,true,1,117385
7290016408447,false,קרקר דגנים עם עגבניו,דנוויטה ג'יי. אס. סי,LT,קרקר דגנים עם עגבניות,לא מנהל יחידת מידה,0.00,לא מנהל יחידת מידה,false,1,6.90,0.0000,true,1,117386
7290016408980,false,מטבעות שוקולד חלב 36,כרמית,IL,מטבעות שוקולד חלב 36 גרם,גרמים,36.00,100 גרם,false,1,3.90,10.8333,true,1,121850
7290016416961,false,מוס גבינה תות שדה 40,,IL,מוס גבינה תות שדה 400גרם,גרמים,400.00,100 גרם,false,1,39.90,9.9750,true,1,117595
7290016416992,false,עוגת דובוש בסקוויטים,קריניציה ויטמינה אס,IL,עוגת דובוש בסקוויטים 400גרם,גרמים,400.00,100 גרם,false,1,34.90,8.7250,true,1,117627
7290016437614,false,האגיס פרידום דריי פנ,קימברלי,CZ,האגיס פרידום דריי פנטס מידה 3,לא מנהל יחידת מידה,0.00,לא מנהל יחידת מידה,false,1,44.90,0.0000,true,1,124354
7290016437621,false,מיכנסוני האגיס 4,קימברלי,CZ,האגיס פרידום דריי פנטס מידה 4,לא מנהל יחידת מידה,0.00,לא מנהל יחידת מידה,false,1,44.90,0.0000,true,1,124352
7290016437645,false,מיכנסוני האגיס 5,קימברלי,CZ,האגיס פרידום דריי פנטס מידה 5,לא מנהל יחידת מידה,0.00,לא מנהל יחידת מידה,false,1,44.90,0.0000,true,1,124351
7290016437652,false,האגיס פרידום דריי פנ,קימברלי,CZ,האגיס פרידום דריי פנטס מידה 6,לא מנהל יחידת מידה,0.00,לא מנהל יחידת מידה,false,1,44.90,0.0000,true,1,124353
7290016452075,false,אוכמניות רוח שתות,חקלאי,IL,אוכמניות רוח שתות,יחידה,1.00,יחידה,false,1,14.90,14.9000,true,1,145972
7290016452129,false,פטל אדום,מרינה,IL,פטל אדום 125 גרם,גרמים,125.00,100 גרם,false,1,29.90,23.9200,true,1,149551
7290016452143,false,אוכמניות 300 גרם,רוח שתות,IL,אוכמניות 300 גרם,גרמים,300.00,100 גרם,false,1,29.90,9.9667,true,1,150708
7290016452150,false,אריזת לימון ליים,רוח שתות,IL,אריזת לימון ליים,גרמים,400.00,100 גרם,false,1,14.90,3.7250,true,1,151150
7290016452167,false,תמרים פרמיום 500 גרם,רוח שתות,IL,תמרים פרמיום 500 גרם,גרמים,500.00,100 גרם,false,1,34.00,6.8000,true,1,151323
7290016452235,false,דומדמניות 125 גרם,חקלאי,IL,דומדמניות 125 גרם,גרמים,125.00,100 גרם,false,1,29.90,23.9200,true,1,160203
7290016475067,false,לאפה,מכבים,IL,לאפה,גרמים,700.00,100 גרם,false,1,13.90,1.9857,true,1,117689
7290016497526,false,באגט אותנטי  לבן  גי,גדרון,IL,באגט אותנטי  לבן  גידרון  חצי אפוי,לא מנהל יחידת מידה,0.00,לא מנהל יחידת מידה,false,1,7.90,0.0000,true,1,124643
7290016505009,false,שוקולד פנדה  טבעי קר,"מדשא תעשיות מזון בע""",IL,שוקולד פנדה  טבעי קרם בוטנים 100 גרם,גרמים,100.00,100 גרם,false,1,20.90,20.9000,true,1,125429
7290016505016,false,שוקולד פנדה  טבעי קל,"מדשא תעשיות מזון בע""",IL,שוקולד פנדה  טבעי קלאסי  100 גרם,גרמים,100.00,100 גרם,false,1,20.90,20.9000,true,1,125432
7290016505023,false,שוקולד פנדה  טבעי נו,"מדשא תעשיות מזון בע""",IL,שוקולד פנדה  טבעי נוגט 100 גרם,גרמים,100.00,100 גרם,false,1,20.90,20.9000,true,1,125430
7290016505047,false,שוקולד פנדה  טבעי קר,"מדשא תעשיות מזון בע""",IL,שוקולד פנדה  טבעי קרמלח 100 גרם,גרמים,100.00,100 גרם,false,1,20.90,20.9000,true,1,125431
7290016505085,false,חטיף פנדה נוגט פצפוצ,"מדשא תעשיות מזון בע""",,חטיף פנדה נוגט פצפוצי אורז,גרמים,45.00,100 גרם,false,1,8.90,19.7778,true,1,128939
7290016505146,false,חטיף חלבה ופיסטוק 45,פנדה מוצרים טבעוניים,IL,חטיף חלבה ופיסטוק 45גרם פנדה,גרמים,45.00,100 גרם,false,1,9.90,22.0000,true,1,148894
7290016509786,true,פרסיל גל ירוק 2.5 לי,"הנקל סוד בע""מ",IL,ג'ל מרוכז לכביסה במכונה - לבנה וצבעונית,ליטרים,2.50,ליטר,false,1,34.90,13.9600,true,1,125727
7290016509809,true,פרסיל גל קולור 2.5 ל,"הנקל סוד בע""מ",IL,ג'ל מרוכז לכביסה במכונה - צבעונית,ליטרים,2.50,ליטר,false,1,34.90,13.9600,true,1,125728
7290016509823,true,פרסיל גל בלו 2.5 ליט,"הנקל סוד בע""מ",IL,ג'ל מרוכז לכביסה במכונה - לבנה וצבעונית,ליטרים,2.50,ליטר,false,1,34.90,13.9600,true,1,125729
7290016510225,false,תחליב רחצה הוואי  ונ,תאי פרזידנט פוד פאבל,IL,"הוואי תחליב יוגורט וניל ודבש, 700 מל",מיליליטרים,700.00,"100 מ""ל",false,1,12.90,1.8429,true,1,125553
7290016510232,false,תחליב רחצה הוואי  יו,תאי פרזידנט פוד פאבל,IL,"הוואי תחליב רחצה יוגורט קוקוס, 700 מל",מיליליטרים,700.00,"100 מ""ל",false,1,12.90,1.8429,true,1,125554
7290016545012,false,בירה בירבזאר חתול שמ,מבשלת הארץ (בירבזאר),IL,"בירה בירבזאר חתול שמן בקבוק 330 מ""ל",מיליליטרים,330.00,"100 מ""ל",false,1,15.90,4.8182,true,1,157686
7290016545029,false,בירה בירבזאר בינדי ב,מבשלת הארץ (בירבזאר),IL,"בירה בירבזאר בינדי בקבוק 330 מ""ל",מיליליטרים,330.00,"100 מ""ל",false,1,15.90,4.8182,true,1,157689
7290016564006,true,מבריקל הפלא 3 יח,מבריקל,CN,מבריקל הפלא 3 יח,יחידה,3.00,יחידה,false,1,9.90,3.3000,true,1,160604
7290016564266,false,כיסוי הפלא 30 יח,מבריקל,CN,כיסוי הפלא 30 יח,יחידה,30.00,יחידה,false,1,9.90,0.3300,true,1,160608
7290016567007,false,אסאי ריבאר      100ג,בלהאיסה,BR,מחית אסאי ריבר 100גרם,גרמים,100.00,100 גרם,false,1,10.90,10.9000,true,1,120502
7290016580228,false,תבנית אפייה נייר אינ,,,תבנית אפייה נייר אינגלייש,לא מנהל יחידת מידה,0.00,לא מנהל יחידת מידה,false,1,10.90,0.0000,true,1,129077
7290016580235,true,תבנית אפייה נייר בינ,,,תבנית אפייה נייר בינ,Unknown,0.00,Unknown,false,1,9.90,0.0000,true,1,128858
7290016580242,true,תבנית אפייה נייר גדו,,,תבנית אפייה נייר גדו,Unknown,0.00,Unknown,false,1,9.90,0.0000,true,1,128859
7290016584004,false,חטיפוני גזר 130 גרם,חקלאי,IL,חטיפוני גזר 130 גרם,גרמים,130.00,100 גרם,false,1,5.90,4.5385,true,1,118035
7290016584011,false,חטיפוני גזר 350 גרם,חקלאי,IL,חטיפוני גזר 350 גרם,גרמים,350.00,100 גרם,false,1,11.90,3.4000,true,1,119466
7290016621013,true,קמיל בלו קרם גוף לתי,,,קמיל בלו קרם גוף לתי,,0.00,,false,,24.90,0.0000,true,1,160993
7290016682038,false,מיץ תפוזים פריניב 40,פריניב,IL,"מיץ תפוזים פריניב 400 מ""ל",מיליליטרים,400.00,"100 מ""ל",false,1,8.50,2.1250,true,1,120141
7290016682199,false,שייק תות בננה מופחת,הנסיך- מפעל לייצור ט,IL,שייק תות בננה מופחת סוכר 1 ליטר,ליטרים,1.00,ליטר,false,1,17.50,17.5000,true,1,127020
7290016682243,false,מיץ אשכולית אדומה 1,פריניב,IL,מיץ אשכולית אדומה 1 ליטר סחוט 100%,ליטרים,1.00,ליטר,false,1,17.50,17.5000,true,1,127024
7290016682335,false,מיץ תפוזים פריניב 2,פריניב,IL,מיץ תפוזים פריניב 2 ליטר,ליטרים,2.00,ליטר,false,1,21.50,10.7500,true,1,156520
7290016682342,false,תפוז וולנסיה סחוט 10,פריניב,IL,תפוז וולנסיה סחוט 100% 2 ליטר,ליטרים,2.00,ליטר,false,1,29.90,14.9500,true,1,156521
7290016682359,false,תפוז שמוטי סחוט 100%,פריניב,IL,תפוז שמוטי סחוט 100% 2 ליטר,ליטרים,2.00,ליטר,false,1,29.90,14.9500,true,1,156522
7290016682380,false,מיץ לימונדה לואיזה ו,פריניב,IL,מיץ לימונדה לואיזה ולימון פריניב 2 ליטר,ליטרים,2.00,ליטר,false,1,21.50,10.7500,true,1,156524
7290016717099,false,יין סלקטד אדום חצי י,"כד בני דרום בע""מ",IL,כרמל סלקטד אדום חצי יבש 2018 750 מל,מיליליטרים,750.00,"100 מ""ל",false,1,29.90,3.9867,true,1,123055
7290016717631,false,יין מוסקטו P.C,אגודת הכורמים הקואופ,IL,יקבי כרמל פרייבט קולקשן מוסקטו 2017 750 מל,מיליליטרים,750.00,"100 מ""ל",false,1,39.90,5.3200,true,1,125091
7290016717754,false,"יין ישן נושן 750 מ""ל",אגודת הכורמים הקואופ,IL,כרמל יין ישן נושן יין אדום ממותק 750 מל,מיליליטרים,750.00,"100 מ""ל",false,1,22.90,3.0533,true,1,124876
7290016805352,true,פולי קפה 1 קג,קופי רומבוטס,IL,פולי קפה 1 קג,קילוגרמים,1.00,"ק""ג",false,1,97.00,97.0000,true,1,147030
7290016823004,false,בזיליקום ארוז יח,חקלאי,IL,בזיליקום ארוז יח,גרמים,30.00,100 גרם,false,1,6.90,23.0000,true,1,121582
7290016823028,false,עירית ארוז יח,חקלאי,IL,עירית ארוז יח,גרמים,30.00,100 גרם,false,1,6.90,23.0000,true,1,120413
7290016823059,false,טימין קורנית ארוז יח,חקלאי,IL,טימין קורנית ארוז יח,גרמים,30.00,100 גרם,false,1,6.90,23.0000,true,1,126108
7290016823257,false,חסה סלנובה,כרמל יבולים,IL,חסה סלנובה,גרמים,300.00,100 גרם,false,1,11.90,3.9667,true,1,126117
7290016823448,false,ברוקולי ארוז יח,יריב חג'בי,IL,ברוקולי ארוז יח,גרמים,350.00,100 גרם,false,1,14.90,4.2571,true,1,126135
7290016823523,false,צנונית ארוזה יח,חקלאי,IL,צנונית ארוזה יח,גרמים,500.00,100 גרם,false,1,7.90,1.5800,true,1,126128
7290016829785,false,רביעיית קליפסים חום/,,,רביעיית קליפסים חום/,יחידה,1.00,יחידה,false,1,9.90,9.9000,true,1,155189
7290016866643,false,משחת פרודונטקס פרש 7,DE MICLEN,SK,"פרודונטקס משחת שיניים אקסטרה פרש 75 מ""ל",מיליליטרים,75.00,"100 מ""ל",false,1,29.90,39.8667,true,1,125771
7290016866650,false,משחת פרודונטקס אוריג,DE MICLEN,SK,"פרודונטקס משחת שיניים אוריג'ינל 75 מ""ל",מיליליטרים,75.00,"100 מ""ל",false,1,29.90,39.8667,true,1,125772
7290016866667,false,משחת פרודונטקס פלאור,DE MICLEN,SK,"פרודונטקס משחת שיניים ללא פלאוריד 75 מ""ל",מיליליטרים,75.00,"100 מ""ל",false,1,29.90,39.8667,true,1,125773
7290016866674,false,משחת פרודונטקס מלבינ,DE MICLEN,SK,"פרודונטקס משחת שיניים מלבינה 75 מ""ל",מיליליטרים,75.00,"100 מ""ל",false,1,29.90,39.8667,true,1,125774
7290016898200,false,נרות  חנוכה רגילים ש,,,נרות  חנוכה רגילים שמאי,יחידה,1.00,יחידה,false,1,5.90,5.9000,true,1,151399
7290016898774,true,נר הבדלה כחול לבן,,,נר הבדלה כחול לבן,,0.00,,false,,7.90,0.0000,true,1,160825
7290016912494,true,אפקטיב קר תרחיץ פנים,"ד""ר פישר",IL,אפקטיב קר תרחיץ פנים לכל סוגי העור 180 מ,מיליליטרים,180.00,"100 מ""ל",false,1,14.90,8.2778,true,1,127116
7290016967074,false,לחם אנגל חיטה מלאה 7,"איטיליאן פוד, אס.פי.",IL,לחם אנגל חיטה מלאה 750 גרם,גרמים,750.00,100 גרם,false,1,14.90,1.9867,true,1,118605
7290016988017,true,קרקר כוסמין ופשתן עו,,,קרקר כוסמין ופשתן עוגיות ביוס,לא מנהל יחידת מידה,0.00,לא מנהל יחידת מידה,false,1,24.90,0.0000,true,1,120974
7290016988031,true,קרקר כוסמין מלא ופרג,,,קרקר כוסמין מלא ופרג,לא מנהל יחידת מידה,0.00,לא מנהל יחידת מידה,false,1,24.90,0.0000,true,1,121526
7290016988048,true,קרקר כוסמין מלא ועיר,,,קרקר כוסמין מלא ועירית,לא מנהל יחידת מידה,0.00,לא מנהל יחידת מידה,false,1,24.90,0.0000,true,1,121530
7290016988079,true,קרקר כוסמין מלא טף ש,,,קרקר כוסמין מלא טף שיבולת שועל,לא מנהל יחידת מידה,0.00,לא מנהל יחידת מידה,false,1,27.90,0.0000,true,1,121529
7290016988093,true,קרקר סלק וכוסמין מלא,,,קרקר סלק וכוסמין מלא עם קוואקר,לא מנהל יחידת מידה,0.00,לא מנהל יחידת מידה,false,1,27.90,0.0000,true,1,118684
7290016995008,true,פופקורן אורגני,תבואות,IL,פופקורן אורגני,גרמים,500.00,100 גרם,false,1,9.60,1.9200,true,1,126056
7290016995053,true,קמח טפיוקה,תבואות מוצרי מזון או,TH,תבואות - קמח טפיוקה,גרמים,500.00,100 גרם,false,1,8.90,1.7800,true,1,122597
7290016995077,true,קוסקוס כוסמין אורגני,תבואות,IT,קוסקוס כוסמין אורגני,גרמים,400.00,100 גרם,false,1,16.90,4.2250,true,1,126057
7290016995138,false,כוסמת קלויה 500 גרם-,תבואות,CN,תבואות - כוסמת קלויה אורגני,גרמים,500.00,100 גרם,false,1,11.90,2.3800,true,1,122113
7290016995220,true,דבש אורגני,חקלאות עין חרוד מאוח,AR,דבש אורגני,לא מנהל יחידת מידה,0.00,לא מנהל יחידת מידה,false,1,38.90,0.0000,true,1,126063
7290016995251,false,מלחיה הימליה דק תבוא,תבואות,PK,מלחיה הימליה דק,ליטרים,250.00,ליטר,false,1,10.90,0.0436,true,1,123016
7290016995268,true,אגוזי אילסר לוז אורג,תבואות,TR,תבואות אגוזי אילסר (לוז) אורגנייים 150 גרם,Unknown,0.00,Unknown,false,1,22.90,0.0000,true,1,126064
7290016995282,true,מנגו מיובש אורגני,תבואות,MX,תבואות מנגו מיובש אורגני 150 גרם,גרמים,150.00,100 גרם,false,1,22.90,15.2667,true,1,126066
7290016995329,false,מלחיה הימליה גס תבוא,תבואות,PK,מלחיה הימליה גס,ליטרים,250.00,ליטר,false,1,10.90,0.0436,true,1,152304
7290016995398,false,חומץ תפוח אורגני 1 ל,תבואות,ES,חומץ תפוח אורגני 1 ליטר מסונן תבואות,ליטרים,1.00,ליטר,false,1,22.90,22.9000,true,1,149969
7290016995503,false,חמאת בוטנים קראנצי א,ריזאו שנגקנג,CN,חמאת בוטנים קראנצי אורגנית תבואות510 גר,גרמים,510.00,100 גרם,false,1,19.90,3.9020,true,1,149970
7290016995510,false,חמאת בוטנים אורגנית,ריזאו שנגקנג,CN,חמאת בוטנים אורגנית חלקה 510 גרם,גרמים,510.00,100 גרם,false,1,19.90,3.9020,true,1,149971
7290016995657,false,מלפפון במלח אורגני,פולאן פולסקו,PL,מלפפון במלח אורגני  תבואות 670 גר,גרמים,670.00,100 גרם,false,1,15.90,2.3731,true,1,152299
7290016995695,false,צייה לבנה אורגנית  ת,תבואות,AR,תבואות זרעי צ'יה לבנה אורגניים 300 גרם,גרמים,300.00,100 גרם,false,1,19.90,6.6333,true,1,152298
7290016995756,false,קמח כוסמין  מלא ללא,תבואות מוצרי מזון או,IL,קמח כוסמין  מלא מנופה 1קג,קילוגרמים,1.00,"ק""ג",false,1,17.90,17.9000,true,1,146004
7290016995787,false,קמח שיפון מלא מנופה,תבואות,IL,קמח שיפון מלא מנופה 1 קג תבואות,קילוגרמים,1.00,"ק""ג",false,1,12.90,12.9000,true,1,149973
7290016995800,false,זיתים שחור קלמטה אור,תבואות,IL,זיתים שחור קלמטה אורגני  תבואות370גר,גרמים,370.00,100 גרם,false,1,15.90,4.2973,true,1,149974
7290016995824,false,זית ירוק  ללא גרעין,תבואות,GR,זית ירוק  ללא גרעין אורגני תבואות 370,גרמים,370.00,100 גרם,false,1,15.90,4.2973,true,1,149976
7290016995848,false,שום כתוש אורגני 185,תבואות,CN,שום כתוש אורגני 185 תבואות 185 גרם,גרמים,185.00,100 גרם,false,1,15.90,8.5946,true,1,149977
7290016995855,false,גינגר כתוש אורגני תב,תבואות,CN,גינגר כתוש אורגני תבואות  185 גרם,גרמים,185.00,100 גרם,false,1,15.90,8.5946,true,1,149978
7290016995886,false,פלפל צילי כתוש אורגנ,תבואות,CN,פלפל צילי כתוש אורגני 185 תבואות  גרם,גרמים,185.00,100 גרם,false,1,15.90,8.5946,true,1,149979
7290016995930,false,אבקת קקאו אורגנית תב,תבואות,PE,אבקת קקאו אורגנית תבואות  200 גרם,גרמים,200.00,100 גרם,false,1,21.90,10.9500,true,1,149980
7290016995992,false,סודה לשתיה ללא אלומי,תבואות,IL,סודה לשתיה ללא אלומיניום 700תבואות גר,גרמים,700.00,100 גרם,false,1,19.90,2.8429,true,1,149981
7290017019581,true,מגבונים בדלי,,,מגבונים בדלי,,0.00,,false,,29.90,0.0000,true,1,159275
7290017023526,true,"שוופס מוגז פירות לל""",יפאורה תבורי בעמ,IL,"שוופס מוגז פירות לל""ס תפוח 330 מ""ל",מיליליטרים,330.00,"100 מ""ל",false,1,6.90,2.0909,true,1,124922
7290017023854,false,"שוופס סודה 250מ""ל בק",יפאורה תבורי בעמ,IL,שוופס סודה 250 מל רביעיה,ליטרים,1.00,ליטר,false,1,14.60,14.6000,true,1,128142
7290017023861,false,שוופס סודה לימון 250,יפאורה תבורי בעמ,IL,שוופס סודה לימון 250 מל רביעיה,ליטרים,1.00,ליטר,false,1,14.60,14.6000,true,1,128143
7290017023878,false,שוופס סודה נענע ליים,יפאורה תבורי בעמ,IL,שוופס סודה בטעם נענע ליים 250 מל רביעיה,ליטרים,1.00,ליטר,false,1,14.60,14.6000,true,1,128144
7290017031477,false,סנסודיין פרימיום רפי,"סמיתקליין ביצ'ם בע""מ",GB,משחת סנסודיין הקלה מיידית מלבינה 75 מל,לא מנהל יחידת מידה,0.75,לא מנהל יחידת מידה,false,1,21.90,29.2000,true,1,145752
7290017031705,false,"סנסודיין 75 מ""ל בסיס",DE MICLEN,SK,"סנסודיין משחת שיניים ניקיון ורעננות, 75 מל",מיליליטרים,75.00,"100 מ""ל",false,1,21.90,29.2000,true,1,145751
7290017031859,false,"פרודונטקס 75 מ""ל אקס",סמיתקליין ביצ'ם בעמ,SK,"סנסודיין משחת שיניים אולטרה קלין, 75 מל",מיליליטרים,75.00,"100 מ""ל",false,1,29.90,39.8667,true,1,145753
7290017065007,false,גבינה מוצרלה פרוסה ג,מחלבות גד בעמ,IL,גבינה מוצרלה פרוסה גד 150 גרם,גרמים,150.00,100 גרם,false,1,18.90,12.6000,true,1,120024
7290017065137,false,גבינה ריקוטה למריחה,האי נאם סי או אל.טי.,IL,גד ריקוטה למריחה 5% שומן 200 גרם,גרמים,200.00,100 גרם,false,1,10.90,5.4500,true,1,122514
7290017065144,false,גבינה ריקוטה למריחה,האי נאם סי או אל.טי.,IL,"גד ריקוטה למריחה, בזיליקום 5% שומן 200 גרם",גרמים,200.00,100 גרם,false,1,10.90,5.4500,true,1,122516
7290017065168,false,גבינה כחולה גד 100 ג,St Clemens,DK,גבינה כחולה 30% שומן,גרמים,100.00,100 גרם,false,1,18.90,18.9000,true,1,124043
7290017065212,false,גבינת  קרם מסקרפונה,קרלו,IL,גבינת  קרם מסקרפונה 250 גרם גד,גרמים,250.00,100 גרם,false,1,21.90,8.7600,true,1,124356
7290017065236,false,גבינה בולגרית מעודנת,הנסיך- מפעל לייצור ט,IL,בולגרית מעודנת 24%,גרמים,250.00,100 גרם,false,1,26.90,10.7600,true,1,124045
7290017065380,false,גרנה פדנו שבבים 100,מחלבת גד,IT,גרנה פדנו שבבים 100 גרם גד,גרמים,100.00,100 גרם,false,1,15.90,15.9000,true,1,128974
7290017065526,false,קוואטרו פורמאגי 300ג,יוליניבר,IL,גד קוואטרו פורמאג'י  300 גרם,גרמים,300.00,100 גרם,false,1,29.90,9.9667,true,1,129359
7290017065649,false,קרם פטיסייר מחלבות ג,קרלו,IL,קרם מסקרפונה 38%,גרמים,250.00,100 גרם,false,1,21.90,8.7600,true,1,148087
7290017065663,false,פטה עיזים מעודנת 16%,ג'נרל מילס סאן אדריא,IL,גד בולגרית עיזים מעודנת 16% שומן,גרמים,250.00,100 גרם,false,1,31.90,12.7600,true,1,150367
7290017065731,false,גבינת שמנת עם כמהין,פ.פ.ח. שאביט,IL,גבינת שמנת עם כמהין 30%  גד   200גרם,גרמים,200.00,100 גרם,false,1,14.90,7.4500,true,1,153133
7290017065762,false,גבינה בסגנון יווני מ,מחלבות גד,IL,גבינה בסגנון יווני מאנורי 30% 100גרם,גרמים,100.00,100 גרם,false,1,14.90,14.9000,true,1,157059
7290017065847,false,מוס מסקרפונה ושוקולד,מחלבות גד,IL,מוס מסקרפונה ושוקולד גד 250גרם,גרמים,250.00,100 גרם,false,1,21.90,8.7600,true,1,158019
7290017065854,false,רוטב ביאנקה לפיצה לב,מחלבות גד,IL,רוטב ביאנקה לפיצה לבנה גד 200גרם,גרמים,200.00,100 גרם,false,1,18.90,9.4500,true,1,158020
7290017065861,false,רוטב פקורינו ופלפל,מחלבות גד,IL,רוטב פקורינו ופלפל שחור גד 200גרם,גרמים,200.00,100 גרם,false,1,18.90,9.4500,true,1,158021
7290017065878,false,מק אנד ציז  גד 200גר,מחלבות גד,IL,מק אנד ציז  גד 200גרם,גרמים,200.00,100 גרם,false,1,18.90,9.4500,true,1,158022
7290017068350,false,עדשים שחורות בלוגה,מיה,IL,עדשים שחורות בלוגה  מיה 500 גרם,גרמים,500.00,100 גרם,false,1,8.90,1.7800,true,1,160090
7290017068367,false,שמרים יבשים 125 גרם,מיה,IL,שמרים יבשים 125 גרם,גרמים,125.00,100 גרם,false,1,4.90,3.9200,true,1,160091
7290017068374,false,שמרים יבשים מיה 500,מיה,IL,שמרים יבשים מיה 500 גרם,גרמים,500.00,100 גרם,false,1,11.90,2.3800,true,1,160092
7290017068848,false,קישוט לעוגה צבעוני,מיה,IL,קישוט לעוגה צבעוני  מיה 200 גרם,גרמים,200.00,100 גרם,false,1,8.90,4.4500,true,1,160093
7290017088105,false,חיתולי בייביסיטר נוח,מולינו ניקולי s.p.a,IL,חיתול דק מידה 3,יחידה,38.00,יחידה,false,1,34.90,0.9184,true,1,124066
7290017088112,false,חיתולי בייביסיטר נוח,מולינו ניקולי s.p.a,IL,חיתול דק מידה 4,יחידה,36.00,יחידה,false,1,34.90,0.9694,true,1,124067
7290017088129,false,חיתולי בייביסיטר נוח,מולינו ניקולי s.p.a,IL,חיתול דק מידה 4+,יחידה,34.00,יחידה,false,1,34.90,1.0265,true,1,124068
7290017088136,false,חיתולי בייביסיטר נוח,די פי אל,,חיתולי בייביסיטר נוחות מידה 5  32 חדש,יחידה,32.00,יחידה,false,1,34.90,1.0906,true,1,124069
7290017105062,false,חומוס OZ6 יכין 200 ג,היינץ צפון אמריקה מק,IL,יכין הקטניה הטובה חומוס שלם 200 גרם,גרמים,200.00,100 גרם,false,1,4.50,2.2500,true,1,122960
7290017105079,false,שעועית אפויה OZ6 יכי,היינץ צפון אמריקה מק,IL,יכין שעועית לבנה ברוטב עגבניות 200 גרם,גרמים,200.00,100 גרם,false,1,4.50,2.2500,true,1,122961
7290017105123,false,פול מצרי OZ6 יכין 20,היינץ צפון אמריקה מק,IL,יכין הקטניה הטובה פול 200 גרם,גרמים,200.00,100 גרם,false,1,4.50,2.2500,true,1,122964
7290017105369,false,סירופ דיאט אייס טי א,זנלכל,IL,סירופ+דיאט,ליטרים,1.00,ליטר,false,1,15.90,15.9000,true,1,152966
7290017105468,false,שלישיית אפונה קטן -,יוניליוור גרמניה  Gm,HU,יכין אפונת גינה עדינה 200*3,גרמים,50.00,100 גרם,false,1,13.90,27.8000,true,1,146906
7290017105550,false,רסק 100% עגבניה  יכי,היינץ צפון אמריקה מק,IL,רסק 100% עגבניה  יכין *4 400גרם,גרמים,400.00,100 גרם,false,1,11.90,2.9750,true,1,146698
7290017105895,false,גרגרי חומוס מסעדות י,זנלכל,IL,גרגרי חומוס להכנת חומוס משובח,גרמים,550.00,100 גרם,false,1,9.50,1.7273,true,1,150408
7290017106069,false,סלק קוביות 2A יכין 5,זנלכל,IL,סלק קוביות 2A יכין 550גרם,גרמים,550.00,100 גרם,false,1,8.90,1.6182,true,1,147561
7290017121048,false,פלפל צומה 250ג עללחם,"מדשא תעשיות מזון בע""",IL,פלפל צומה 250ג עללחם,גרמים,250.00,100 גרם,false,1,14.90,5.9600,true,1,145508
7290017121093,false,ממרח אריסה חריפה בפי,רוג'ר אנד רוג'ר,IL,עללחם בפיתה אריסה חריפה 250 גרם,גרמים,250.00,100 גרם,false,1,14.90,5.9600,true,1,123914
7290017121390,false,לימון בלאדי 250ג עלל,רוג'ר אנד רוג'ר,IL,עללחם לימון בלאדי 250 גרם,גרמים,250.00,100 גרם,false,1,14.90,5.9600,true,1,145509
7290017129754,false,שוקולד פרימיום 70% ב,"כד בני דרום בע""מ",IL,שוקולד פרימיום 70% קלאסי 100ג*12בדיס*2בקרט,גרמים,100.00,100 גרם,false,1,8.90,8.9000,true,1,125648
7290017129761,false,שוקולד פרימיום 70%,כרמית תעשיות ממתקים,IL,שוקולד מריר אגו 70% בטעם תפוז 100 גרם,גרמים,100.00,100 גרם,false,1,8.90,8.9000,true,1,125649
7290017129778,false,שוקולד פרימיום 70%,כרמית תעשיות ממתקים,IL,שוקולד מריר אגו 70% בטעם קפה 100 גרם,גרמים,100.00,100 גרם,false,1,8.90,8.9000,true,1,125646
7290017129822,false,מטבעות שוקולד מריר 3,כרמית,IL,מטבעות שוקולד מריר 36 גרם,גרמים,36.00,100 גרם,false,1,3.90,10.8333,true,1,127415
7290017129839,false,שוקולד פרימיום 70%,כרמית תעשיות ממתקים,IL,שוקולד פרימיום 70% בטעם פטל 100גר,גרמים,100.00,100 גרם,false,1,8.90,8.9000,true,1,125647
7290017129846,false,מיני קוקיס טעם קרמל,כרמית,IL,מיני קוקיס טעם קרמל 600 גר,גרמים,600.00,100 גרם,false,1,23.90,3.9833,true,1,125644
7290017129877,false,מיקס לקקנים שטוחים,דורקן סקרלמה סאן. וי,TR,סוכריות על מקל שטוחות בטעמי פירות 40 יח'*7.5 גרם,לא מנהל יחידת מידה,0.00,לא מנהל יחידת מידה,false,1,14.90,0.0000,true,1,127430
7290017129983,false,שוקו ציפס לבן  לאפיה,"כד בני דרום בע""מ",IL,שוקוצ'יפס לבן 250ג'*16בקרט,גרמים,250.00,100 גרם,false,1,13.90,5.5600,true,1,128666
7290017140032,true,קמח דוחן,,,קמח דוחן,Unknown,0.00,Unknown,false,1,11.90,0.0000,true,1,128899
7290017140049,true,קמח סורגום,מנדלז סי.אר. פרודקשן,IL,קמח סורגום,לא מנהל יחידת מידה,0.00,לא מנהל יחידת מידה,false,1,13.90,0.0000,true,1,124249
7290017140063,true,קמח עדשים אדומות,מנדלז סי.אר. פרודקשן,IL,קמח עדשים אדומות,Unknown,0.00,Unknown,false,1,16.90,0.0000,true,1,127364
7290017140254,true,קמח כוסמת ירוקה,מנדלז סי.אר. פרודקשן,IL,קמח כוסמת ירוקה,Unknown,0.00,Unknown,false,1,13.90,0.0000,true,1,127365
7290017142005,true,שמן קוקוס אורגני  עץ,אקספולנקה (פי.וי.טי),,שמן קוקוס אורגני 320 מל,מיליליטרים,320.00,"100 מ""ל",false,1,25.90,8.0937,true,1,156338
7290017142159,false,מארז שלישייה טונה בה,יוניקורד ח.צ בעמ,TH,נתחי טונה בהירה בשמן זית 80*3 גרם עץ-הזית,גרמים,240.00,100 גרם,false,1,22.90,9.5417,true,1,124490
7290017142166,false,פילה טונה פרוס שמן ז,יוניקורד ח.צ בעמ,TH,עץ הזית פילה פרוס עם שמן זית 120 גרם,גרמים,120.00,100 גרם,false,1,14.90,12.4167,true,1,146335
7290017142340,false,שמן זרעי ענבים מזוכך,עץ השדה,IL,שמן זרעי ענבים מזוכך עץ הזית   1 ליטר,ליטרים,1.00,ליטר,false,1,29.90,29.9000,true,1,156337
7290017142418,false,ארוחה אישית אורז עדש,יוניקורד ח.צ בעמ,TH,אורז ועדשים עם טונה בשמן זית,גרמים,160.00,100 גרם,false,1,13.90,8.6875,true,1,151814
7290017142500,false,תרסיס שמן זית בטעם ש,קומטמפ קומפניה פורטו,IT,"תרסיס שמן זית בטעם שום עץ הזית  150מ""ל",מיליליטרים,150.00,"100 מ""ל",false,1,19.90,13.2667,true,1,159085
7290017153889,true,מזרה צבעוני למאפית ש,,,מזרה צבעוני למאפית ש,,0.00,,false,,29.90,0.0000,true,1,161017
7290017189130,false,WOOPSפנקייקים אמריקא,מנדלז סי.אר. פרודקשן,BE,WOOPSפנקייקים אמריקאיים אפויים 240גרם,גרמים,240.00,100 גרם,false,1,19.90,8.2917,true,1,156467
7290017189192,false,אדממה פולי סויה  שף,משק ויילר,CN,אדממה פולי סויה  שף הטבע 1קג,קילוגרמים,1.00,"ק""ג",false,1,16.90,16.9000,true,1,159891
7290017189253,false,WOOPSקרפ אפוי קפוא 6,מנדלז סי.אר. פרודקשן,BE,WOOPSקרפ אפוי קפוא 600 גרם,גרמים,600.00,100 גרם,false,1,21.90,3.6500,true,1,129622
7290017189413,false,טבעות בצל גולד רינג,משק ויילר,ES,טבעות בצל גולד רינג  600גרם,גרמים,600.00,100 גרם,false,1,15.90,2.6500,true,1,151252
7290017217031,false,נובי שליששית כפיות מ,F.H.P CO LT,CN,נובי שליששית כפיות מסיליקון רך,לא מנהל יחידת מידה,0.00,לא מנהל יחידת מידה,false,1,29.90,0.0000,true,1,125687
7290017217611,false,נייר אפייה נשלף בקופ,,PL,נייר אפייה נשלף בקופסא 50 יח,יחידה,1.00,יחידה,false,1,12.90,12.9000,true,1,146301
7290017217673,false,כפפות משק בית עם אלו,איזיטאצ,CN,כפפות משק בית עם אלוורה גודל S,יחידה,1.00,יחידה,false,1,4.90,4.9000,true,1,151783
7290017217680,false,כפפות משק בית עם אלו,איזיטאצ,CN,כפפות משק בית עם אלוורה גודלM,יחידה,1.00,יחידה,false,1,4.90,4.9000,true,1,151784
7290017217727,false,שיפודי במבוק יקיטורי,פוזימון,CN,"שיפודי במבוק יקיטורי 18 ס""מ 100 יחידות",יחידה,1.00,יחידה,false,1,10.90,10.9000,true,1,145934
7290017217796,false,אטב כביסה מקושט 24 י,LTD,CN,אטב כביסה מקושט 24 יח,יחידה,1.00,יחידה,false,1,12.90,12.9000,true,1,145697
7290017247007,false,מלפפון ביבי,חקלאי,IL,מלפפון בייבי,יחידה,1.00,יחידה,false,1,9.90,9.9000,true,1,123019
7290017247014,false,פלפלונים,חקלאי,IL,פלפלונים,יחידה,1.00,יחידה,false,1,9.90,9.9000,true,1,121338
7290017266053,false,ופל קראנצ מילוי טעם,גילרו,IL,"ופל קראנצ מילוי טעם לימון לת""ס 175 גרם עלמה",גרמים,175.00,100 גרם,false,1,7.50,4.2857,true,1,145243
7290017266060,false,"וופלים קראנצ לל""ס בט",עלמה,,"וופלים קראנצ לל""ס בטעם שוקולד עלמה 175 ג",גרמים,175.00,100 גרם,false,1,6.90,3.9429,true,1,123403
7290017289779,false,INSPIRE DEVOTAGE מלב,יקב טפרברג,IL,"INSPIRE DEVOTAGE מלבק מרסלן 750 מ""ל",מיליליטרים,750.00,"100 מ""ל",false,1,79.90,10.6533,true,1,153362
7290017304885,true,לחם שיפון מלא  750 ג,"איטיליאן פוד, אס.פי.",IL,לחם שיפון מלא  750 גרם,גרמים,750.00,100 גרם,false,1,15.90,2.1200,true,1,130169
7290017308227,false,טרופי פסיפלורה אננס,פרימיקס,IL,טרופי פסיפלורה אננס מנגו 3*150 גרם,גרמים,450.00,100 גרם,false,1,29.90,6.6444,true,1,157157
7290017308333,false,דובדבן  פרי מיקס 300,פרימיקס,IL,דובדבן  פרי מיקס 300גרם,גרמים,300.00,100 גרם,false,1,15.90,5.3000,true,1,157159
7290017308364,false,תות  פרי מיקס 300גרם,פרימיקס,IL,תות  פרי מיקס 300גרם,גרמים,300.00,100 גרם,false,1,15.90,5.3000,true,1,157160
7290017308371,false,אננס  פרי מיקס 300גר,פרימיקס,IL,אננס  פרי מיקס 300גרם,גרמים,300.00,100 גרם,false,1,15.90,5.3000,true,1,157161
7290017308388,false,פירות יער  פרי מיקס,פרימיקס,IL,פירות יער  פרי מיקס 300גרם,גרמים,300.00,100 גרם,false,1,15.90,5.3000,true,1,157162
7290017308395,false,אוכמניות כחולות פרי,פרימיקס,IL,אוכמניות כחולות פרי מיקס 300גרם,גרמים,600.00,100 גרם,false,1,15.90,2.6500,true,1,157163
7290017308838,false,ספורטיבי אגס תפוח אב,פרימיקס,IL,ספורטיבי אגס תפוח אבוקדו 3*150 גרם,גרמים,450.00,100 גרם,false,1,29.90,6.6444,true,1,157164
7290017308845,false,מאנצ תות בננה 3*150,פרימיקס,IL,מאנצ תות בננה 3*150 גרם,גרמים,450.00,100 גרם,false,1,29.90,6.6444,true,1,157165
7290017308852,false,ישראלי מלון בננה תמר,פרימיקס,IL,ישראלי מלון בננה תמר 3*150 גרם,גרמים,450.00,100 גרם,false,1,29.90,6.6444,true,1,157166
7290017308883,false,בורקס טורקי גבינה 60,עומר בר מאפים,IL,בורקס טורקי גבינה 600גרם,גרמים,600.00,100 גרם,false,1,36.90,6.1500,true,1,157167
7290017308890,false,בורקס טורקיתפוא  600,עומר בר מאפים,IL,בורקס טורקיתפוא  600גרם,גרמים,600.00,100 גרם,false,1,36.90,6.1500,true,1,157168
7290017308906,false,בורקס טורקי גבינה ות,עומר בר מאפים,IL,בורקס טורקי גבינה ותרד  600גרם,גרמים,600.00,100 גרם,false,1,36.90,6.1500,true,1,157169
7290017308920,false,בורקס טורקיפטריות  6,עומר בר מאפים,IL,בורקס טורקיפטריות  600גרם,גרמים,600.00,100 גרם,false,1,36.90,6.1500,true,1,157171
7290017325316,false,מיקס אורז מ.אפונה וע,לה בונטה,IT,מיקס אורז מ.אפונה ועדשים אורגני250גרםהרד,גרמים,250.00,100 גרם,false,1,14.90,5.9600,true,1,149832
7290017325323,true,מיקס כוסמת אורז מלא,לה בונטה,IT,מיקס כוסמת אורז מלא ואורז אדום אורגני 2,גרמים,250.00,100 גרם,false,1,14.90,5.9600,true,1,126690
7290017325330,false,מיקס דגנים ועדשים או,לה בונטה,IT,מיקס דגנים ועדשים אורגני 250 גרם הרדוף,גרמים,250.00,100 גרם,false,1,14.90,5.9600,true,1,149831
7290017325361,false,מיקס בורגול וקינואה,לה בונטה,IT,מיקס בורגול וקינואה אורגני 250גרם הרדוף,גרמים,250.00,100 גרם,false,1,14.90,5.9600,true,1,149830
7290017325422,false,פרכיות דקות מאורז מל,פרח תעשיות,IL,"פריכיות דקות, מאורז חום מלא אורגני ללא תוספת מלח",גרמים,100.00,100 גרם,false,1,13.90,13.9000,true,1,130170
7290017325453,false,משקדה שקדים אורגני 1,ליקואטס,ES,משקדה שקדים אורגני 1 ליטר ללס ללג הרדוף,ליטרים,1.00,ליטר,false,1,15.90,15.9000,true,1,147928
7290017325460,false,משקדה שקדים אורגני 1,ליקואטס,ES,משקדה שקדים אורגני 1 ליטר ללג הרדוף,ליטרים,1.00,ליטר,false,1,15.90,15.9000,true,1,147927
7290017325477,false,רסק עגבניות אורגני 1,פריניר (הדס 1987) בע,IL,רסק עגבניות אורגני 22BX הרדוף 100גרם,גרמים,100.00,100 גרם,false,1,3.90,3.9000,true,1,152271
7290017325606,false,משקה אורז אורגני 1 ל,ליקואטס,ES,משקה אורז אורגני 1 ליטר הרדוף,ליטרים,1.00,ליטר,false,1,13.90,13.9000,true,1,150276
7290017325613,false,משקה שיבולת שועל אור,סוי מג'יק,ES,משקה שיבולת שועל אורגני1 ליטר הרדוף,ליטרים,1.00,ליטר,false,1,13.90,13.9000,true,1,150275
7290017325620,false,משקה אורז ושקדים אור,ליקואטס,ES,משקה אורז ושקדים אורגני1 ליטר הרדוף,ליטרים,1.00,ליטר,false,1,13.90,13.9000,true,1,150273
7290017325644,false,אורז שחור אורגני 500,הרדוף,IT,אורז שחור אורגני 500גרם הרדוף,גרמים,500.00,100 גרם,false,1,25.90,5.1800,true,1,149829
7290017325668,false,עדשים מנומרות -צרפתי,אול אורגני,IL,עדשים ירוקות,גרמים,500.00,100 גרם,false,1,16.90,3.3800,true,1,150724
7290017325705,false,קמח שיבולת שועל אורג,טחנת קמח דגן לישראל,IL,קמח שיבולת שועל אורגני 500 גרם הרדוף ללא גלוטן,גרמים,500.00,100 גרם,false,1,18.90,3.7800,true,1,157107
7290017325729,false,קמח כוסמת ירוקה  אור,טחנת קמח דגן לישראל,IL,קמח כוסמת ירוקה  אורגני 500 גרם הרדוף ללא גלוטן,גרמים,500.00,100 גרם,false,1,20.90,4.1800,true,1,157106
7290017325743,false,קמח עדשים אדומות אור,טחנת קמח דגן לישראל,IL,קמח עדשים אדומות אורגני 500 גרם הרדוף לל,גרמים,500.00,100 גרם,false,1,18.90,3.7800,true,1,157104
7290017325750,false,קמח חומוס אורגני 500,טחנת קמח דגן לישראל,IL,קמח חומוס אורגני 500 גרם הרדוף ללא גלוטן,גרמים,500.00,100 גרם,false,1,19.90,3.9800,true,1,157105
7290017325774,false,ספגטי מחיטת כוסמין א,פסטיפיסוי פליצ'טי,IT,ספגטי טריקולור אורגני,גרמים,400.00,100 גרם,false,1,20.90,5.2250,true,1,157102
7290017325781,false,רגיטיני מחיטת כוסמין,פסטיפיסוי פליצ'טי,IT,פנה אורגני מקמח כוסמין מלא,גרמים,400.00,100 גרם,false,1,20.90,5.2250,true,1,157103
7290017325804,false,קוואקר עדין אורגני 5,אול אורגני,IL,קוואקר עדין אורגני 500 גרם הרדוף ללא גלוטן,גרמים,500.00,100 גרם,false,1,17.90,3.5800,true,1,157097
7290017325828,false,קוסקוס חומוס אורגני,ביה,IT,קוסקוס אורגני,גרמים,350.00,100 גרם,false,1,19.90,5.6857,true,1,157099
7290017325835,false,קוסקוס אפונה אורגני,ביה,IT,קוסקוס אורגני,גרמים,350.00,100 גרם,false,1,19.90,5.6857,true,1,157098
7290017325859,false,דפי אורז מלא אורגני,"בטר אנד דיפרנט בע""מ",VN,דפי אורז מלא אורגני 200 גרם הרדוף ללא גלוטן,גרמים,200.00,100 גרם,false,1,19.90,9.9500,true,1,157633
7290017325866,false,דפי אורז לבן אורגני,"בטר אנד דיפרנט בע""מ",VN,דפי אורז לבן אורגני 200 גרם הרדוף ללג,גרמים,200.00,100 גרם,false,1,19.90,9.9500,true,1,157632
7290017325873,false,קרקר מקמח שיפון מלא,"ל.ב. סחר ושיווק בע""מ",IL,קרקר מקמח שיפון מלא אורגני 125 גרם הרדוף,גרמים,125.00,100 גרם,false,1,18.90,15.1200,true,1,157101
7290017325897,false,משקה סויה במתיקות מע,ליקואטס,ES,משקה סויה במתיקות מעודנת הרדוף  1 ליטר,גרמים,375.00,100 גרם,false,1,13.90,3.7067,true,1,159953
7290017325903,false,קרקר מקמח כוסמין מלא,"ל.ב סחר ושיווק בע""מ",IL,קרקר מקמח כוסמין מלא אורגני 125 גרם הרדוף,גרמים,125.00,100 גרם,false,1,18.90,15.1200,true,1,157100
7290017325910,false,קורנפלקס אורגני ללס,לאמרי,IT,הרדוף קורנפלקס אורגני 375 גרם,גרמים,375.00,100 גרם,false,1,19.90,5.3067,true,1,159951
7290017325927,false,ברנפלקס אורגני ללס,לאמרי,IT,הרדוף ברנפלקס אורגני 375 גרם,גרמים,375.00,100 גרם,false,1,19.90,5.3067,true,1,159952
7290017325934,false,טחינה מלאה משומשום מ,אחדות,IL,טחינה 100% שומשום מלא אורגני,גרמים,450.00,100 גרם,false,1,19.90,4.4222,true,1,160501
7290017325941,false,טחינה אורגנית 450 גר,אחדות,IL,טחינה 100% שומשום מלא אורגני,גרמים,450.00,100 גרם,false,1,19.90,4.4222,true,1,160502
7290017334448,false,שמן קנולה מזוכך OLEO,א.ד.מ . אנטוורפן,BE,שמן קנולה מזוכך OLEO 1   ליטר,ליטרים,1.00,ליטר,false,1,11.90,11.9000,true,1,151836
7290017334455,false,"אורז פרסי  זיפר 1ק""ג",,TH,"אורז פרסי  זיפר 1ק""ג",קילוגרמים,1.00,"ק""ג",false,1,9.90,9.9000,true,1,156447
7290017334462,false,אורז יסמין  זיפר  1,,TH,"אורז יסמין  זיפר  1 ק""ג",קילוגרמים,1.00,"ק""ג",false,1,11.90,11.9000,true,1,156448
7290017389011,false,שקדיה מנגו מיובש ללא,שקדיה,IL,שקדיה מנגו מיובש ללא סוכר 160 גר קופסא,גרמים,160.00,100 גרם,false,1,19.90,12.4375,true,1,156382
7290017406794,false,אורז בסמטי קינג קראו,פונט סלאם וולנסיה,IN,"אורז בסמטי קינג קראוון 1 ק""ג",קילוגרמים,1.00,"ק""ג",false,1,10.90,10.9000,true,1,157234
7290017440729,false,אולטרסול ספריי שמן י,דר.פישר,IL,"אולטרסול ספריי שמן יבש 200 מ""ל",מיליליטרים,200.00,"100 מ""ל",false,1,44.90,22.4500,true,1,159998
7290017457611,false,סוד גל כביסה ורוד 2.,הנקל סוד,IL,סוד גל כביסה ורוד 2.5 ליטר,ליטרים,2.50,ליטר,false,1,24.90,9.9600,true,1,160009
7290017457727,false,סוד מרכך כביסה מרוכז,הנקל סוד,IL,סוד מרכך מרוכז Fresh Sky,מיליליטרים,900.00,"100 מ""ל",false,1,11.90,1.3222,true,1,130296
7290017477596,false,תמר מגהול ענק פרמיום,דין שיווק,IL,תמר מגהול ענק פרמיום  400ג שקדיה,גרמים,400.00,100 גרם,false,1,19.90,4.9750,true,1,155917
7290017478005,false,מלבי שמנת מתוקינוחים,,,מלבי שמנת מתוקינוחים 100 גרם,גרמים,100.00,100 גרם,false,1,9.90,9.9000,true,1,153321
7290017478043,false,מוס שוקולד מתוקינוחי,,,מוס שוקולד מתוקינוחים 100 גרם,גרמים,100.00,100 גרם,false,1,9.90,9.9000,true,1,153324
7290017513393,false,תה ירוק סופר גרין,ויסוצקי,IL,תה ירוק בתוספת ספירולינה וצמחים ירוקים,יחידה,1.00,יחידה,false,1,25.90,25.9000,true,1,145476
7290017513485,false,מחית עגבניות רוסטיקה,גרנדי איטליאני,IT,מחית עגבניות רוסטיקה בלה איטליה 680 גר,גרמים,680.00,100 גרם,false,1,11.90,1.7500,true,1,146393
7290017513782,false,פליפז  בייגלה מצופה,אולקר מקבוצת פלאדיס,TR,פליפז בייגלה מצופה שוקולד מריר 140 ג,גרמים,140.00,100 גרם,false,1,8.90,6.3571,true,1,147203
7290017513829,false,תה ירוק לימונית וגינ,ויסוצקי,IL,תה ירוק לימונית וגינגר ויטמין D+C,גרמים,38.00,100 גרם,false,1,25.90,68.1579,true,1,150512
7290017516424,false,פנגיאה שוקולד קוקוס,ש.ר רגע בטבע,IL,פנגיאה שוקולד קוקוס ואגוזי לוז 300גרם,גרמים,300.00,100 גרם,false,1,29.90,9.9667,true,1,153922
7290017516431,false,פנגיאה שוקולד קוקוס,ש.ר רגע בטבע,IL,פנגיאה שוקולד קוקוס שקדים וקפה 300גרם,גרמים,300.00,100 גרם,false,1,29.90,9.9667,true,1,154895
7290017516561,false,שלישיית חטיפי חלבון,ש.ר רגע בטבע,IL,שלישיית חטיפי חלבון פנגיאה אגוזי לוז,לא מנהל יחידת מידה,0.00,לא מנהל יחידת מידה,false,1,29.90,0.0000,true,1,153918
7290017516578,false,שלישיית חטיפי חלבון,ש.ר רגע בטבע,IL,שלישיית חטיפי חלבון פנגיאה שוקולד,לא מנהל יחידת מידה,0.00,לא מנהל יחידת מידה,false,1,29.90,0.0000,true,1,153919
7290017589633,false,קברנה סוביניון מהדור,,IL,"קברנה סוביניון מהדורת רזרב גולד 750 מ""ל",מיליליטרים,750.00,"100 מ""ל",false,1,52.90,7.0533,true,1,158336
7290017599229,false,סוכרזית סוכרלוז 200,,IL,סוכרזית סוכרלוז 200 טבליות,גרמים,0.00,100 גרם,false,1,24.90,0.0000,true,1,155796
7290017599236,false,סוכרזית סטיוויה 200,,IL,סוכרזית סטיוויה 200 טבליות,גרמים,0.00,100 גרם,false,1,25.90,0.0000,true,1,155797
7290017599250,false,סוכרזית קלאסי 120  ש,ביסקול בעמ,IL,סוכרזית קלאסי 120  שקיות,גרמים,120.00,100 גרם,false,1,18.90,15.7500,true,1,160670
7290017599267,false,סוכרזית סוכרלוז 120,ביסקול בעמ,IL,סוכרזית סוכרלוז 120 שקיות 100גרם,גרמים,100.00,100 גרם,false,1,29.90,29.9000,true,1,160668
7290017599274,false,סוכרזית סטיוויה 120,ביסקול בעמ,IL,סוכרזית סטיוויה 120 שקיות  120גרם,גרמים,120.00,100 גרם,false,1,39.90,33.2500,true,1,160669
7290017617008,false,טונה  סטרקיסט בשמן 3,. יצרן: טונה ויאטנם,,טונה  סטרקיסט בשמן 3*140גרם,גרמים,420.00,100 גרם,false,1,18.90,4.5000,true,1,155915
7290017617084,false,סטארקיסט מיקס טוגו ט,דרדנל אוננטאס גידה,TR,סטארקיסט מיקס טוגו טונה עם שעועית 185גרם,גרמים,185.00,100 גרם,false,1,12.90,6.9730,true,1,152720
7290017617091,false,סטארקיסט מיקס טוגו ט,דרדנל אוננטאס גידה,TR,סטארקיסט מיקס טוגו טונה עם פתיתים  185גר,גרמים,185.00,100 גרם,false,1,12.90,6.9730,true,1,152721
7290017617107,false,סטארקיסט מיקס טוגו ט,דרדנל,TR,סטארקיסט מיקס טוגו טונה עם דגנים 185גרם,גרמים,185.00,100 גרם,false,1,12.90,6.9730,true,1,152722
7290017617411,false,מיקס סלמון  עם אורז,גראאל אס איי,PL,מיקס סלמון  עם אורז מלא סטארקיסט 160גרם,גרמים,160.00,100 גרם,false,1,14.90,9.3125,true,1,160121
7290017617435,false,מיקס סלמון  עם עדשים,גראאל אס איי,PL,מיקס סלמון  עם עדשים וקינואה סטארקיסט 16,גרמים,160.00,100 גרם,false,1,14.90,9.3125,true,1,160122
7290017617459,false,רביעיית טונה סטארקיס,dalmore distilleries,TH,רביעיית טונה סטארקיסט בשמן צמחי 480גרם,גרמים,480.00,100 גרם,false,1,21.90,4.5625,true,1,158701
7290017617466,false,רביעיית טונה סטארקיס,dalmore distilleries,TH,רביעיית טונה סטארקיסט במים  480גרם,גרמים,480.00,100 גרם,false,1,21.90,4.5625,true,1,158702
7290017641096,false,שוקולד מריר פרימיום,כרמית תעשיות ממתקים,IL,שוקולד מריר אגו 70% ללא תוספת סוכר 100 גרם,גרמים,100.00,100 גרם,false,1,9.90,9.9000,true,1,128649
7290017641102,false,שוקולד אגו 70% קקאו,כרמית תעשיות ממתקים,IL,"שוקולד אגו 70% קקאו תפוז  לל""ס 100גרם",גרמים,100.00,100 גרם,false,1,9.90,9.9000,true,1,128650
7290017641119,false,שוקולד אגו 85% קקאו,אף.סי תבליני בגליל ב,IL,שוקולד אגו 85% קקאו   100גרם,גרמים,100.00,100 גרם,false,1,8.90,8.9000,true,1,145695
7290017641188,false,חטיף קרקר עם שיפון מ,דנוויטה ג'יי. אס. סי,LT,קרקר דגנים עם שיפון מלא וסלק 130 גר',גרמים,130.00,100 גרם,false,1,6.90,5.3077,true,1,128988
7290017641201,false,חטיף קרקר עם שיפון מ,דנוויטה ג'יי. אס. סי,LT,קרקר דגנים עם שיפון מלא וקייל 130 גר',גרמים,130.00,100 גרם,false,1,6.90,5.3077,true,1,128989
7290017641720,false,טבלאות שוקולד אגו 70,"כד בני דרום בע""מ",IL,טבלאות שוקולד אגו 70% שברי שקד כשלפ 100,גרמים,100.00,100 גרם,false,1,8.90,8.9000,true,1,147510
7290017641737,false,טבלאות שוקולד70% אגו,"כד בני דרום בע""מ",IL,שוקולד פרימיום 70% אגוז 100ג*12בדיס*2בקרט,גרמים,100.00,100 גרם,false,1,8.90,8.9000,true,1,147511
7290017641997,false,שוקולד מריר מעולה עם,כרמית,IL,שוקולד מריר מעולה עם שברי אגוז לוז  70%,גרמים,100.00,100 גרם,false,1,9.90,9.9000,true,1,157826
7290017647425,false,גמלא קברנה סוביניון,יקב רמת הגולן,,גמלא קברנה סוביניון - בציר 2018,מיליליטרים,750.00,"100 מ""ל",false,1,65.90,8.7867,true,1,149683
7290017647708,false,יין גמלא גוורצטרמינר,רמת הגולן,IL,יין גמלא גוורצטרמינר 750 מל,מיליליטרים,750.00,"100 מ""ל",false,1,64.90,8.6533,true,1,156055
7290017647722,false,יין גמלא בלאנקו 750,רמת הגולן,IL,יין גמלא בלאנקו 750 מל,מיליליטרים,750.00,"100 מ""ל",false,1,64.90,8.6533,true,1,156056
7290017668017,false,T.A סושי צמחוני  220,"ק.נ תעשיות בע""מ",IL,T.A סושי צמחוני  220גרם,גרמים,220.00,100 גרם,false,1,23.90,10.8636,true,1,155840
7290017668024,false,T.A סושי קומבינציה 2,"ק.נ תעשיות בע""מ",IL,T.A סושי קומבינציה 220גרם,גרמים,220.00,100 גרם,false,1,24.90,11.3182,true,1,155839
7290017677811,false,רוטב סויה קיקומן 296,קדבורי,NL,"רוטב קיקומן סויה ללא תוספת חומרים משמרים  296 מ""ל",מיליליטרים,296.00,"100 מ""ל",false,1,18.90,6.3851,true,1,130696
7290017696720,true,נענע מרינה,,,נענע מרינה,,0.00,,false,,6.90,0.0000,true,1,159937
7290017791142,false,קרקר כוסמין מלא אורג,פת במלח,IL,קרקר כוסמין מלא אורגינל 225 גרם,גרמים,225.00,100 גרם,false,1,22.90,10.1778,true,1,144463
7290017791203,false,קרקר כוסמין מלא סלק,פת במלח,IL,קרקר כוסמין מלא סלק 225 גרם,גרמים,225.00,100 גרם,false,1,22.90,10.1778,true,1,149413
7290017812052,false,יין אקסלנס שיראז קבר,"כד בני דרום בע""מ",IL,אקסלנס שיראז/קברנה - יין אדום יבש,מיליליטרים,750.00,"100 מ""ל",false,1,29.90,3.9867,true,1,146128
7290017812069,false,יין אקסלנס ריזלינג ש,"כד בני דרום בע""מ",IL,אקסלנס ריזלינג-שרדונה - יין לבן חצי יבש,מיליליטרים,750.00,"100 מ""ל",false,1,29.90,3.9867,true,1,146129
7290017812571,false,תירוש ליטר אדום 100%,"כד בני דרום בע""מ",IL,תירוש ליטר אדום 100% טבעי,ליטרים,1.00,ליטר,false,1,19.90,19.9000,true,1,147923
7290017812588,false,מיץ ענבים לבן 100 אח,יקבי כרמל,IL,תירוש כרמל המקורי מיץ ענבים לבן 1 ליטר,ליטרים,1.00,ליטר,false,1,19.90,19.9000,true,1,147924
7290017812663,false,תירוש מבעבע לבן,אגודת הכורמים,IL,תירוש מבעבע לבן,מיליליטרים,750.00,"100 מ""ל",false,1,21.90,2.9200,true,1,155468
7290017812830,false,"יין רוזה P.C 750 מ""ל","כד בני דרום בע""מ",IL,"יין רוזה P.C 750 מ""ל",מיליליטרים,750.00,"100 מ""ל",false,1,39.90,5.3200,true,1,152250
7290017812885,false,"יין ס.בלאן 750 מ""ל ג",אגודת הכורמים א.ת אל,IL,כרמל יין גוורצטרמינר לבן חצי יבש 2020 750 מל,מיליליטרים,750.00,"100 מ""ל",false,1,39.90,5.3200,true,1,155358
7290017870670,false,ליפתנית 5 מתכלה עץ ד,HINDUSTAN ARECA PROD,IN,ליפתנית 5 מתכלה עץ דקל 10 יח,יחידה,1.00,יחידה,false,1,8.90,8.9000,true,1,154853
7290017870687,false,מרקייה 7 מתכלה עץ דק,HINDUSTAN ARECA PROD,IN,מרקייה 7 מתכלה עץ דקל 10 יח,יחידה,1.00,יחידה,false,1,11.90,11.9000,true,1,153747
7290017870694,false,צלחת 6 מרובעת מתכלה,HINDUSTAN ARECA PROD,IN,צלחת 6 מרובעת מתכלה עץ דקל 10 יח,יחידה,1.00,יחידה,false,1,10.90,10.9000,true,1,154854
7290017870700,false,צלחת 7 מרובעת מתכלה,HINDUSTAN ARECA PROD,IN,צלחת 7 מרובעת מתכלה עץ דקל 10 יח,יחידה,1.00,יחידה,false,1,11.90,11.9000,true,1,153749
7290017870717,false,צלחת 8 מרובעת מתכלה,HINDUSTAN ARECA PROD,IN,צלחת 8 מרובעת מתכלה עץ דקל 10 יח,יחידה,1.00,יחידה,false,1,12.90,12.9000,true,1,154855
7290017870724,false,צלחת 10 מרובעת מתכלה,HINDUSTAN ARECA PROD,IN,צלחת 10 מרובעת מתכלה עץ דקל 10 יח,יחידה,1.00,יחידה,false,1,13.90,13.9000,true,1,154856
7290017870731,false,צלחת 7  מתכלה עץ דקל,HINDUSTAN ARECA PROD,IN,צלחת 7  מתכלה עץ דקל 10 יח,יחידה,1.00,יחידה,false,1,10.90,10.9000,true,1,153752
7290017870748,false,צלחת 9  מתכלה עץ דקל,HINDUSTAN ARECA PROD,IN,צלחת 9  מתכלה עץ דקל 10 יח,יחידה,1.00,יחידה,false,1,11.90,11.9000,true,1,153753
7290017870755,false,צלחת 10 מתכלה עץ דקל,HINDUSTAN ARECA PROD,IN,צלחת 10 מתכלה עץ דקל עגולה 10 יח,יחידה,1.00,יחידה,false,1,13.90,13.9000,true,1,154857
7290017870762,false,מגש מלבני מתכלה עץ ד,HINDUSTAN ARECA PROD,IN,מגש מלבני מתכלה עץ דקל 10 יח,יחידה,1.00,יחידה,false,1,12.90,12.9000,true,1,154858
7290017871363,false,פמילי יהלום שמן מקדמ,טאהא קימיה,TR,תחליב רחצה לידיים מועשר בשמן מקדמיה,מיליליטרים,500.00,"100 מ""ל",false,1,10.90,2.1800,true,1,148590
7290017871370,false,פמילי יהלום שמן אבוק,המאפיה של הרמן,TR,תחליב רחצה לידיים מועשר בשמן אבוקדו,מיליליטרים,500.00,"100 מ""ל",false,1,10.90,2.1800,true,1,148591
7290017872049,false,פמילי אלסבון שלישייה,אברנסל קוסמטיקס,TR,"פמילי אלסבון שלישייה לבנדר ארומטי 500 מ""",מיליליטרים,500.00,"100 מ""ל",false,1,15.90,3.1800,true,1,149233
7290017872056,false,פמילי אלסבון שלישייה,אברנסל קוסמטיקס,TR,"פמלי אל סבון סדרה לבנה- מארז שלישייה 500 מ""ל",מיליליטרים,500.00,"100 מ""ל",false,1,15.90,3.1800,true,1,149234
7290017872063,false,פמילי אלסבון שלישייה,אברנסל קוסמטיקס,TR,"פמלי אל סבון בניחוח ארומתרפי- מארז שלישייה 500 מ""ל",מיליליטרים,500.00,"100 מ""ל",false,1,15.90,3.1800,true,1,149235
7290017872070,false,פרש וואנס מגבונים נט,ווטנאפס,IL,פרש וואנס מגבונים נטורל קר שלישייה,יחידה,1.00,יחידה,false,1,9.90,9.9000,true,1,154829
7290017872162,false,עוגיות אגוזי לוז TUS,היינץ צפון אמריקה מק,IL,"טוסו עוגיות אגוזי לוז לל""ס 200 גרם",גרמים,200.00,100 גרם,false,1,17.90,8.9500,true,1,149185
7290017872179,false,עוגיות טחינה TUSO 20,היינץ צפון אמריקה מק,IL,"טוסו עוגיות טחינה לל""ס 200 גרם",גרמים,200.00,100 גרם,false,1,17.90,8.9500,true,1,149184
7290017872186,false,עוגיות פקאן TUSO 200,היינץ צפון אמריקה מק,IL,"טוסו עוגיות פקאן לל""ס 200 גרם",גרמים,200.00,100 גרם,false,1,17.90,8.9500,true,1,149183
7290017872193,false,עוגיות שקדים וקינמון,היינץ צפון אמריקה מק,IL,"טוסו עוגיות שקדים וקינמון לל""ס 200 גרם",גרמים,200.00,100 גרם,false,1,17.90,8.9500,true,1,149186
7290017872650,false,פמילי יהלום שמן לבנד,המאפיה של הרמן,TR,תחליב רחצה לידיים מועשר בשמן לוונדר,מיליליטרים,500.00,"100 מ""ל",false,1,10.90,2.1800,true,1,150086
7290017872667,false,פמילי יהלום שמן קמומ,המאפיה של הרמן,TR,תחליב רחצה לידיים מועשר בשמן קמומיל,מיליליטרים,500.00,"100 מ""ל",false,1,10.90,2.1800,true,1,150087
7290017888019,false,פרוט & ווג תפוח רימו,מיוצר עי קונדיטוריית,IL,"FRUIT&VEG תפוח סלק רימון ג'ינג'ר 350 מ""ל",מיליליטרים,350.00,"100 מ""ל",false,1,9.50,2.7143,true,1,129902
7290017888026,false,פרוט אננס תפוח גזר 3,יפאורה תבורי בעמ,IL,"FRUIT&VEG אננס תפוח גזר 350 מ""ל",מיליליטרים,350.00,"100 מ""ל",false,1,9.50,2.7143,true,1,129809
7290017888033,false,פרוט בננה מלון נענע,יפאורה תבורי בעמ,IL,"FRUIT&VEG בננה מלון נענע 350 מ""ל",מיליליטרים,350.00,"100 מ""ל",false,1,9.50,2.7143,true,1,129810
7290017888644,false,פרוט אנד וג אננס בננ,"יפאורה תבורי בע""מ",IL,"FRUIT&VEG אננס בננה כורכום 350 מ""ל",לא מנהל יחידת מידה,3.30,לא מנהל יחידת מידה,false,1,9.50,2.8788,true,1,148776
7290017888972,false,מי עדן פקק ספורט 1 ל,מופק ממקור בזלתי עדן,IL,מי עדן פקק ספורט 1 ליטר,ליטרים,1.00,ליטר,false,1,5.50,5.5000,true,1,149402
7290017894010,false,גרין קוקו - מי קוקוס,אף.סי תבליני בגליל ב,LK,גרין קוקו - מי קוקוס אננס אורגני 1 ליטר,ליטרים,1.00,ליטר,false,1,19.90,19.9000,true,1,145876
7290017894034,false,דגש - פתיתי שיבולת ש,"נארז על ידי אפ, סי ת",IL,פתיתי שיבולת שועל מלאה עבה,גרמים,400.00,100 גרם,false,1,19.90,4.9750,true,1,145873
7290017894058,false,דגש תערובת להכנת לחם,"אף סי, תבליני הגליל",IL,תערובת להכנת לחם ומאפים  ללא גלוטן,גרמים,500.00,100 גרם,false,1,17.90,3.5800,true,1,145875
7290017894065,false,דגש - תערובת רב תכלי,"אף, סי תבליני הגליל",IL,דגש - תערובת רב תכליתית ללא גלוטן  500גר,גרמים,500.00,100 גרם,false,1,17.90,3.5800,true,1,145874
7290017894072,false,אל-אקונומיקה אבקה אק,אקופרנד,IL,אל-אקונומיקה אבקה אקופרנד,גרמים,500.00,100 גרם,false,1,19.90,3.9800,true,1,148677
7290017894089,false,קמח שיבולת שועל דגש,אף. סי תבליני הגליל,IL,דוכן גן שמואל קמח שיבולת שועל 500 גרם,גרמים,400.00,100 גרם,false,1,23.90,5.9750,true,1,149432
7290017894096,false,ממרח בטעם מיונז טבעו,הורלין,DE,ממרח בטעם מיונז טבעוני אורגני נטורפוד350,גרמים,350.00,100 גרם,false,1,24.90,7.1143,true,1,151002
7290017894102,false,פנה אורז תירס דגש 40,אנדריאני,IT,אטריות על בסיס אורז תירס ללא גלוטן 400 גרם,גרמים,400.00,100 גרם,false,1,10.90,2.7250,true,1,153783
7290017894119,false,פוזילי אורז תירס דגש,אנדריאני,IT,אטריות על בסיס אורז תירס ללא גלוטן 400 גרם,גרמים,400.00,100 גרם,false,1,10.90,2.7250,true,1,153784
7290017894126,false,פוזילי טריקולור דגש,אנדריאני,IT,אטריות טריקולור פוזילי ללא גלוטן 400 גרם,גרמים,400.00,100 גרם,false,1,10.90,2.7250,true,1,153785
7290017907208,false,קמח תמי רב תכליתי לל,מנדלז סי.אר. פרודקשן,IL,קמח תמי רב תכליתי ללג 500גרם,גרמים,500.00,100 גרם,false,1,18.90,3.7800,true,1,153084
7290017907215,false,קמח תמי למאפי שמרים,פוראטוס ישראל,IL,קמח תמי למאפי שמרים ללג 500גרם,גרמים,500.00,100 גרם,false,1,18.90,3.7800,true,1,153086
7290017907222,false,קמח תמי תופח ללג 500,פוראטוס ישראל,IL,קמח תמי תופח ללג 500גרם,גרמים,500.00,100 גרם,false,1,18.90,3.7800,true,1,153085
7290017907246,false,תמי סולת ללג 300גרם,פוראטוס ישראל,IL,תמי סולת ללג 300גרם,גרמים,300.00,100 גרם,false,1,15.90,5.3000,true,1,153090
7290017907253,false,תמי פתיתים ללג 300גר,פוראטוס ישראל,IL,תמי פתיתים ללג 300גרם,גרמים,300.00,100 גרם,false,1,15.90,5.3000,true,1,153089
7290017907260,false,תמי פלאפל ללג 300גרם,פוראטוס ישראל,IL,תמי פלאפל ללג 300גרם,גרמים,300.00,100 גרם,false,1,15.90,5.3000,true,1,153088
7290017928036,true,מקלות גריסיני שומשום,HIQ FOOD PRODUCTS,IL,מאיר בייגל מקלות גריסיני שומשום 175 גרם,גרמים,175.00,100 גרם,false,1,11.90,6.8000,true,1,146861
7290017928043,true,גריסיני קראנץ מלח 17,HIQ FOOD PRODUCTS,IL,מאיר בייגל גריסיני קראנץ' עם מלח 175 גרם,יחידה,0.00,יחידה,false,1,11.90,0.0000,true,1,146862
7290017928098,false,שטוחלה מלח מאיר בייג,מאיר בייגל,IL,שטוחלה מלח מאיר בייגל 330 גרם,גרמים,330.00,100 גרם,false,1,11.90,3.6061,true,1,155677
7290017928210,true,בייגלה גדול שומשום 2,HIQ FOOD PRODUCTS,IL,בייגלה גדול שומשום 250 גרם מאיר בייגל,גרמים,250.00,100 גרם,false,1,11.90,4.7600,true,1,146864
7290017928227,true,שטוחלה פינוקים 300 ג,מאיר בייגל,IL,שטוחלה פינוקים,גרמים,300.00,100 גרם,false,1,11.90,3.9667,true,1,146865
7290017928432,true,גריסיני קראנץ פרג 17,HIQ FOOD PRODUCTS,IL,מאיר בייגל גריסיני קראנץ' עם פרג 175 גרם,גרמים,175.00,100 גרם,false,1,11.90,6.8000,true,1,146870
7290017928449,true,שטוחלה פרו מלח 170 ג,מאיר בייגל,IL,מאיר בייגל פרוטאין בייגל שטוח מלח 170 גרם,גרמים,170.00,100 גרם,false,1,11.90,7.0000,true,1,146871
7290017928524,false,מאיר בייגל שטוח ניגו,מאיר בייגל,IL,מאיר בייגל שטוח ניגובים מלח 330 גרם,גרמים,330.00,100 גרם,false,1,11.90,3.6061,true,1,155678
7290017928609,true,טבעות שומשום 300 גרם,מאיר בייגל,IL,מאיר בייגל טבעות שומשום 300 גרם,גרמים,300.00,100 גרם,false,1,11.90,3.9667,true,1,146872
7290017928616,true,שטוחלה שומשום 300 גר,מאיר בייגל,IL,שטוחלה שומשום 300 גרם מאיר בייגל,גרמים,300.00,100 גרם,false,1,11.90,3.9667,true,1,146873
7290017928630,true,גריסיני קראנץ פינוקי,HIQ FOOD PRODUCTS,IL,מאיר בייגל גריסיני קראנץ' פינוקים 175 גרם,גרמים,0.00,100 גרם,false,1,11.90,0.0000,true,1,146874
7290017928685,false,שמיניות מלח מאיר ביי,מאיר בייגל,IL,מאיר בייגל בייגלה עם מלח 400 גרם,גרמים,400.00,100 גרם,false,1,11.90,2.9750,true,1,155679
7290017928807,true,אצבעות שומשום 300 גר,HIQ FOOD PRODUCTS,IL,אצבעות שומשום 300 גרם מאיר בייגל,גרמים,300.00,100 גרם,false,1,11.90,3.9667,true,1,146876
7290017928821,true,מקלות גריסיני קלאסי,HIQ FOOD PRODUCTS,IL,מקלות גריסיני קלאסי 200 גרם מאיר בייגל,גרמים,200.00,100 גרם,false,1,11.90,5.9500,true,1,146878
7290017947105,false,לחם אנגל בסגנון אמרי,"איטיליאן פוד, אס.פי.",IL,לחם אנגל בסגנון אמריקה 500 גרם,גרמים,500.00,100 גרם,false,1,13.90,2.7800,true,1,147452
7290017947464,false,פיתות כוסמין אנגל שמ,"איטיליאן פוד, אס.פי.",IL,מאפיית אנג'ל פיתות כוסמין 400 גרם,יחידה,1.00,יחידה,false,1,15.90,15.9000,true,1,150537
7290017947495,false,לחמניות כוסמין 6 יח,"איטיליאן פוד, אס.פי.",IL,אנג'ל לחמניות 100% כוסמין 450 גרם,גרמים,450.00,100 גרם,false,1,16.90,3.7556,true,1,151061
7290017947891,false,אנגל כוסמין וחיטה מל,"איטיליאן פוד, אס.פי.",IL,"אנג'ל כוסמין וחיטה מלאה במרקם חלק, 750 גרם",גרמים,750.00,100 גרם,false,1,15.90,2.1200,true,1,147451
7290017947921,false,שישיית לחמניות המבור,"איטיליאן פוד, אס.פי.",IL,אנג'ל לחמניות המבורגר בסגנון אמריקה 6 יח',גרמים,450.00,100 גרם,false,1,14.90,3.3111,true,1,147450
7290017947938,false,לחמניות מיני המבורגר,"איטיליאן פוד, אס.פי.",IL,לחמניות מיני המבורגר אמריקה 8 יח,גרמים,400.00,100 גרם,false,1,14.90,3.7250,true,1,151060
7290017962009,false,גרנולה ונילה אגוזים,דני וגלית בעמ,IL,דני וגלית גרנולה חמוציות וקשיו 300 גרם,גרמים,330.00,100 גרם,false,1,21.90,6.6364,true,1,130171
7290017962023,false,גרנולה מייפל תמר פקא,דני וגלית בעמ,IL,דני וגלית גרנולה מייפל פקאן תמר' 330 גרם,גרמים,330.00,100 גרם,false,1,21.90,6.6364,true,1,130173
7290017962030,false,גרנולה סופר בריס דני,דני וגלית בעמ,IL,דני וגלית גרנולה סופר בריס 330 גרם,גרמים,330.00,100 גרם,false,1,21.90,6.6364,true,1,130174
7290018012093,false,תאורת חירום מודל xl,,,תאורת חירום מודל xl,לא מנהל יחידת מידה,0.00,לא מנהל יחידת מידה,false,1,119.00,0.0000,true,1,146853
7290018012116,false,תאורת חירום מודל L,,,תאורת חירום מודל L,יחידה,1.00,יחידה,false,1,79.00,79.0000,true,1,146854
7290018039007,false,אוכמניות כחולות קפוא,עץ פרי,IL,אוכמניות כחולות קפוא עץ פרי,גרמים,750.00,100 גרם,false,1,39.90,5.3200,true,1,149914
7290018039014,false,עץ פרי מלון,עץ פרי,IL,עץ פרי מלון,גרמים,750.00,100 גרם,false,1,29.90,3.9867,true,1,149220
7290018039205,false,מנגו קפוא עץ פרי,עץ פרי,IL,מנגו קפוא עץ פרי,גרמים,750.00,100 גרם,false,1,29.90,3.9867,true,1,148792
7290018039403,false,פירות יער קפוא עץ פר,עץ פרי,IL,פירות יער קפוא עץ פרי,גרמים,750.00,100 גרם,false,1,29.90,3.9867,true,1,148791
7290018039656,true,פסיפלורה קפוא עץ פרי,עץ פרי,IL,פסיפלורה קפוא עץ פרי,גרמים,750.00,100 גרם,false,1,39.90,5.3200,true,1,149916
7290018039793,false,תות שדה קפוא עץ פרי,עץ פרי,IL,תות שדה קפוא עץ פרי,גרמים,750.00,100 גרם,false,1,29.90,3.9867,true,1,148793
7290018039809,false,אננס קפוא עץ פרי,עץ פרי,IL,אננס קפוא עץ פרי,גרמים,750.00,100 גרם,false,1,29.90,3.9867,true,1,148790
7290018043592,false,מי חלבון אול אין אפר,שטיינרייזר גטראנקה,AT,מי חלבון אול אין אפרסק 500 מל,מיליליטרים,500.00,"100 מ""ל",false,1,18.90,3.7800,true,1,156332
7290018043608,false,מי חלבון אול אין  פ.,שטיינרייזר גטראנקה,AT,מי חלבון אול אין  פ.יער 500 מל,מיליליטרים,500.00,"100 מ""ל",false,1,18.90,3.7800,true,1,156333
7290018043899,false,חטיף חלבון בטעם בוטנ,הרת'סייד פוד סולושיי,NL,חטיף חלבון בטעם בוטנים קרמל- 60 גרם,גרמים,60.00,100 גרם,false,1,13.90,23.1667,true,1,156923
7290018045084,false,דגנים BON&BONבמילוי,,DE,דגנים BON&BONבמילוי קרם בטעם בראוניז 480,גרמים,480.00,100 גרם,false,1,21.90,4.5625,true,1,157060
7290018045695,false,דגנים BON&BONבמילוי,,DE,דגנים BON&BONבמילוי קרם קרמל מלוח 480גרם,גרמים,480.00,100 גרם,false,1,21.90,4.5625,true,1,157061
7290018045893,false,דגנים BON&BONבמילוי,,DE,דגנים BON&BONבמילוי קרם נוגט 480גרם,גרמים,480.00,100 גרם,false,1,21.90,4.5625,true,1,157062
7290018071137,false,צלחות מתכלות קנה סוכ,,CN,צלחות מתכלות קנה סוכר 17 סמ 25 יח,יחידה,1.00,יחידה,false,1,11.90,11.9000,true,1,153045
7290018071144,false,צלחות מתכלות קנה סוכ,,CN,צלחות מתכלות קנה סוכר 23 סמ 25 יח,יחידה,1.00,יחידה,false,1,21.90,21.9000,true,1,153046
7290018071151,false,צלחות מתכלות קנה סוכ,,CN,צלחות מתכלות קנה סוכר 26 סמ 25 יח,יחידה,1.00,יחידה,false,1,26.90,26.9000,true,1,153047
7290018071205,false,כפפות נטרו V ללא אבק,איזיטאצ,CN,כפפות נטרו V ללא אבקה S כחול 100 יח,יחידה,1.00,יחידה,false,1,29.90,29.9000,true,1,153508
7290018071212,false,כפפות נטרו V ללא אבק,איזיטאצ,CN,כפפות נטרו V ללא אבקה M כחול 100 יח,יחידה,1.00,יחידה,false,1,29.90,29.9000,true,1,153509
7290018071229,false,כפפות נטרו V ללא אבק,איזיטאצ,CN,כפפות נטרו V ללא אבקה L כחול 100 יח,יחידה,1.00,יחידה,false,1,29.90,29.9000,true,1,153510
7290018071236,false,כפפות נטרו V ללא אבק,איזיטאצ,CN,כפפות נטרו V ללא אבקה XL כחול 100 יח,יחידה,1.00,יחידה,false,1,29.90,29.9000,true,1,153511
7290018077597,false,בייגל רומני אפוי קפו,גדרון,IL,בייגל רומני אפוי קפוא עם שומשום,יחידה,1.00,יחידה,false,1,5.90,5.9000,true,1,146924
7290018077603,false,בייגל רומני עם זעתר,גדרון,IL,בייגל רומני עם זעתר א.ק,יחידה,1.00,יחידה,false,1,5.90,5.9000,true,1,146923
7290018077665,false,בייגל רומני גדרון א.,גדרון,IL,בייגל רומני גדרון א.ק,יחידה,1.00,יחידה,false,1,5.90,5.9000,true,1,146925
7290018077818,false,פיתה עם קמח  כוסמין,גדרון,IL,פיתה עם קמח  כוסמין,יחידה,1.00,יחידה,false,1,2.50,2.5000,true,1,155931
7290018091029,false,מקלות פילו תפוחי אדמ,"מעדנות בע""מ",IL,מקלות פילו תפוחי אדמה מעדנות 450גרם,גרמים,450.00,100 גרם,false,1,21.90,4.8667,true,1,148022
7290018091234,false,פיצה מקסיקנית מעדנות,כצט,IL,פיצה מקסיקנית מעדנות  260גרם,גרמים,260.00,100 גרם,false,1,17.90,6.8846,true,1,150825
7290018091272,false,בצק עוגיות קקאו טר,מעדנות,IL,בצק עוגיות קקאו טריפל שוקולד ציפס300 ג,גרמים,300.00,100 גרם,false,1,19.90,6.6333,true,1,157890
7290018091616,false,מקלות פילו גבינה מעד,מיוצר עי קונדיטוריית,IL,מקלות פילו גבינה מעדנות 450גרם,גרמים,450.00,100 גרם,false,1,21.90,4.8667,true,1,148024
7290018091661,false,פיצה שוק  מעדנות 380,"מעדנות בע""מ",IL,פיצה שוק  מעדנות 380 גרם,גרמים,380.00,100 גרם,false,1,21.90,5.7632,true,1,156945
7290018091821,false,פיצה נפוליטנה  מעדנו,כצט,IL,פיצה נפוליטנה  מעדנות 200גרם,גרמים,200.00,100 גרם,false,1,17.90,8.9500,true,1,150824
7290018091876,false,מאפה פילו גבינה 320,"מעדנות בע""מ",IL,מאפה פילו גבינה 320 גרם מעדנות,גרמים,320.00,100 גרם,false,1,22.90,7.1562,true,1,157891
7290018108239,true,חסה לליק,,,חסה לליק,,0.00,,false,,11.90,0.0000,true,1,160623
7290018131077,false,שלגון מילקה עם ריפל,פרונרי פולין,PL,שלגון מילקה עם ריפל שוקולד 71 גרם,גרמים,71.00,100 גרם,false,1,11.50,16.1972,true,1,152758
7290018131312,false,לה קרמריה וניל שוקו.,המאפיה של הרמן,IL,לה קרמריה שוקו וניל פרווה כשלפ 1.4 ליטר,ליטרים,1.40,ליטר,false,1,21.90,15.6429,true,1,147895
7290018131336,false,שלגון ליון קרמל 66גר,פרונרי פולין,PL,שלגון ליון קרמל 66גרם,גרמים,66.00,100 גרם,false,1,11.50,17.4242,true,1,152759
7290018131534,false,מאגדץ מיני בייטס מיל,שוורצקוף& הנקל דיסלד,PL,מאגדץ מיני בייטס מילקה 250 גרם,גרמים,250.00,100 גרם,false,1,21.90,8.7600,true,1,147488
7290018131572,false,גלידה מיני בייטס מיל,שוורצקוף& הנקל דיסלד,PL,גלידה מיני בייטס מילקה 85,גרמים,85.00,100 גרם,false,1,7.90,9.2941,true,1,147490
7290018131596,false,גלידה מיני בייטס אור,שוורצקוף& הנקל דיסלד,PL,גלידה מיני בייטס אוראו 85 גרם,גרמים,85.00,100 גרם,false,1,7.90,9.2941,true,1,147491
7290018131640,false,קראנץ שוקולד בלונדי,נגה גלידות,IL,קראנץ שוקולד בלונדי 100 גרם,גרמים,100.00,100 גרם,false,1,9.90,9.9000,true,1,152757
7290018131756,false,מאגדת 1/8 שלגונים ונ,נסטלה,IL,מאגדת 1/8 שלגונים וניל מצופה תות 440 גרם,גרמים,440.00,100 גרם,false,8,29.90,6.7955,true,1,152257
7290018131770,false,שלגון וניל מצופה תות,נסטלה,IL,שלגון וניל מצופה תות 55 גרם,גרמים,55.00,100 גרם,false,1,5.90,10.7273,true,1,152254
7290018131855,false,מאג אקסטרים טילון בר,נגה גלידות,IL,מאג אקסטרים טילון בראוניז 432גרם,גרמים,432.00,100 גרם,false,1,32.90,7.6157,true,1,152754
7290018131893,false,מאג אקסטרים טילון פק,נגה גלידות,IL,מאג אקסטרים טילון פקאן 432גרם,גרמים,432.00,100 גרם,false,1,32.90,7.6157,true,1,152752
7290018131954,false,מאגדת ל.פרוטה מצופה,נסטלה,IL,מאגדת ל.פרוטה מצופה תות שוקולד 350 גרם,גרמים,350.00,100 גרם,false,5,29.90,8.5429,true,1,152255
7290018131978,false,טילון אוראו 68.5גרם,פרונרי פולין,PL,טילון אוראו 68.5גרם,גרמים,69.00,100 גרם,false,1,5.90,8.5507,true,1,152760
7290018140048,false,נקניקיות צוריסוס טבע,ריינבו,IL,נקניקיות צוריסוס טבעוניות ריינבו 400גרם,גרמים,400.00,100 גרם,false,1,49.90,12.4750,true,1,151812
7290018140611,false,נקניקיות צוריסוס  רי,ריינבו,IL,נקניקיות צוריסוס  ריינבו טבעוניות 300 גרם,גרמים,300.00,100 גרם,false,1,39.00,13.0000,true,1,155782
7290018140819,false,נקניקיות מרגז ריינבו,ריינבו,IL,נקניקיות מרגז ריינבו טבעוניות  300 גרם,גרמים,300.00,100 גרם,false,1,49.90,16.6333,true,1,156408
7290018165010,false,יין רזרב גולד גוורצט,יקבי ברקן שיווק והפצ,IL,יין רזרב גולד גוורצטרמינר 750 מל,מיליליטרים,750.00,"100 מ""ל",false,1,52.90,7.0533,true,1,158338
7290018165027,false,גולד אדישיין רוזה750,יקבי ברקן שיווק והפצ,IL,גולד אדישיין רוזה750 מל,מיליליטרים,750.00,"100 מ""ל",false,1,52.90,7.0533,true,1,158339
7290018165447,false,יין רזרב גולד מרלו 7,יקבי ברקן שיווק והפצ,IL,"רזרב גולד מרלו 750 מ""ל",מיליליטרים,750.00,"100 מ""ל",false,1,52.90,7.0533,true,1,158340
7290018192023,false,מקלות סלרי יחידה,מרינה,IL,מקלות סלרי יחידה,גרמים,500.00,100 גרם,false,1,6.90,1.3800,true,1,146786
7290018192658,false,פטריות שמפניון צמד ח,מרינה,IL,פטריות שמפניון צמד חמד איטלקי מארז זוג,גרמים,500.00,100 גרם,false,1,18.90,3.7800,true,1,150873
7290018194454,false,ערק סאפי לימונארק  7,הנסיך- מפעל לייצור ט,IL,"לימונארק סאפי  700 מ""ל",מיליליטרים,700.00,"100 מ""ל",false,1,59.90,8.5571,true,1,150396
7290018194928,false,"וודקה טראפ כשל""פ 700",א.ת.באר טוביה,IL,"וודקה טראפ כשל""פ 700 מ""ל",מיליליטרים,700.00,"100 מ""ל",false,1,89.90,12.8429,true,1,157804
7290018198209,false,תפוגן ציפס בטטה קראנ,תפוגן,IL,תפוגן ציפס בטטה קראנצי  500גרם,גרמים,500.00,100 גרם,false,1,19.90,3.9800,true,1,156400
7290018198384,false,תפוגן ציפס קריספי פר,תפוגן,IL,תפוגן ציפס קריספי פרוסות לתנור 1.25קג,קילוגרמים,1.25,"ק""ג",false,1,26.90,21.5200,true,1,155571
7290018236635,false,צונגו פופקורן מצופה,מולינו ניקולי s.p.a,IL,עוף טוב צונגו פופקורן מצופה 12*600גרם,גרמים,600.00,100 גרם,false,1,36.90,6.1500,true,1,151623
7290018236659,false,צונגו פופקורן ציפס מ,מולינו ניקולי s.p.a,IL,צונגו פופקורן ציפס מתובל עוף טוב 600גרם,גרמים,600.00,100 גרם,false,1,36.90,6.1500,true,1,151624
7290018237373,false,פסטרמה צרובה על הגרי,עוף טוב,IL,פסטרמה צרובה על הגריל פרוס עוף טוב 300גר,גרמים,300.00,100 גרם,false,1,26.90,8.9667,true,1,155599
7290018237397,false,פסטרמה מקורמלת נתח ש,עוף טוב,IL,פסטרמה מקורמלת נתח שלם פרוס עוף טוב 300ג,גרמים,300.00,100 גרם,false,1,26.90,8.9667,true,1,155598
7290018237410,false,פסטרמה במעשנה מנתח ש,עוף טוב,IL,פסטרמה במעשנה מנתח שלם פרוס עוף טוב 300ג,גרמים,300.00,100 גרם,false,1,26.90,8.9667,true,1,155597
7290018237489,false,פסטרמה ברביקיו דק-דק,עוף טוב,IL,פסטרמה ברביקיו דק-דק עוף טוב 220 גרם,גרמים,220.00,100 גרם,false,1,22.90,10.4091,true,1,156828
7290018237496,false,פסטרמה בדבש דק-דק עו,עוף טוב,IL,פסטרמה בדבש דק-דק עוף טוב220 גרם,גרמים,220.00,100 גרם,false,1,22.90,10.4091,true,1,156829
7290018237502,false,כתף בקר דק-דק עוף טו,עוף טוב,IL,כתף בקר דק-דק עוף טוב 200 גרם,גרמים,200.00,100 גרם,false,1,22.90,11.4500,true,1,156830
7290018238011,true,יוגורט תות צנצנת,בת הרים,IL,יוגורט תות צנצנת,גרמים,275.00,100 גרם,false,1,12.90,4.6909,true,1,151964
7290018249123,false,אינסטנט פודינג וניל,מתבל תעשיות מזון,IL,אינסטנט פודינג וניל סוויטאנגו ללס 50גרם,גרמים,50.00,100 גרם,false,1,12.90,25.8000,true,1,150108
7290018249444,false,סוויטאנגו אבקת שוקו,קרלו,EG,סוויטאנגו אבקת שוקו 400 גרם,גרמים,400.00,100 גרם,false,1,39.90,9.9750,true,1,155604
7290018249550,false,סווטיאנגו אינסטנד פו,מתבל תעשיות מזון,IL,סווטיאנגו אינסטנד פודינג שוקלד 50 גרם,גרמים,50.00,100 גרם,false,1,12.90,25.8000,true,1,151456
7290018249802,false,ממתיק סויטאנגו 280גר,מתבל,IL,ממתיק סויטאנגו 280גרם,גרמים,280.00,100 גרם,false,1,29.90,10.6786,true,1,149572
7290018249994,false,סוויטאנגו ממתיק בצנצ,מתבל תעשיות מזון,IL,סוויטאנגו ממתיק בצנצנת 700 גרם,גרמים,700.00,100 גרם,false,1,59.90,8.5571,true,1,149573
7290018294208,false,סלקטד אדום ישראלי 75,"כד בני דרום בע""מ",IL,יין אדום ישראלי יבש סלקטד יקבי הכרמל 2020 750 מל,מיליליטרים,750.00,"100 מ""ל",false,1,29.90,3.9867,true,1,155357
7290018294901,false,"מונלייט אדום 750 מ""ל",אגודת הכורמים,IL,"מונלייט אדום 750 מ""ל",מיליליטרים,750.00,"100 מ""ל",false,1,39.90,5.3200,true,1,159095
7290018294918,false,מונלייט סמוק מבעבע 7,אגודת הכורמים,IL,"מונלייט סמוק מבעבע 750 מ""ל",מיליליטרים,750.00,"100 מ""ל",false,1,39.90,5.3200,true,1,159097
7290018296004,false,לחם מלא מלא דגנים קל,"מאפיית אגמי בע""מ",IL,לחם מלא מלא דגנים קל,גרמים,750.00,100 גרם,false,1,15.90,2.1200,true,1,146951
7290018296042,false,לחם טוסט אמריקה 500ג,מאפיית אגמי,IL,לחם טוסט אמריקה 500גרם,גרמים,500.00,100 גרם,false,1,14.90,2.9800,true,1,155564
7290018296202,false,לחם אחיד פלוס כוסמין,מאפיית אגמי,IL,לחם אחיד פלוס כוסמין,גרמים,650.00,100 גרם,false,1,15.90,2.4462,true,1,146950
7290018296257,false,לחם בריאות ושובע שיב,מאפיית אגמי,IL,לחם בריאות ושובע שיבולת שועל,גרמים,550.00,100 גרם,false,1,16.90,3.0727,true,1,155566
7290018296400,false,לחם בריאות ושובע,"מאפיית אגמי בע""מ",,לחם בריאות ושובע,גרמים,600.00,100 גרם,false,1,14.90,2.4833,true,1,146949
7290018296448,false,לחם בריוש 500 גרם,מאפיית אגמי,IL,לחם בריוש 500 גרם,גרמים,500.00,100 גרם,false,1,16.90,3.3800,true,1,157137
7290018296462,false,6 לחמניות מזונות,מאפיית אגמי,IL,6 לחמניות,גרמים,510.00,100 גרם,false,1,16.90,3.3137,true,1,158716
7290018296608,false,לחם בריאות ושובע 9 ד,מאפיית אגמי,IL,לחם בריאות ושובע 9 דגנים,גרמים,600.00,100 גרם,false,1,14.90,2.4833,true,1,146948
7290018296615,false,פיתה כוסמין ביס,"מאפיית אגמי בע""מ",,פיתה כוסמין ביס,גרמים,500.00,100 גרם,false,1,17.90,3.5800,true,1,146953
7290018296646,false,חלת כוסמין תחתית קרט,מאפיית אגמי,IL,חלת כוסמין תחתית קרטון,יחידה,1.00,יחידה,false,1,19.90,19.9000,true,1,151438
7290018296806,false,לחם בריאות מעושר,מאפיית אגמי,IL,לחם בריאות מעושר,גרמים,600.00,100 גרם,false,1,14.90,2.4833,true,1,146947
7290018296813,false,פיתה קלה ביס,"מאפיית אגמי בע""מ",,פיתה קלה ביס,גרמים,500.00,100 גרם,false,1,14.90,2.9800,true,1,146952
7290018309018,false,מקרון בוטיק מארז 6 י,אולה לה,IL,מקרון בוטיק מארז 6 יח 96 גר - חלבי,גרמים,96.00,100 גרם,false,1,29.90,31.1458,true,1,153984
7290018333686,false,גרנולה רפאלס פרו פקא,רפאלס,IL,גרנולה רפאלס פרו 250 גרם פקאן חמוציות *10 בקר',גרמים,250.00,100 גרם,false,1,15.90,6.3600,true,1,151815
7290018333945,false,מאגדת אגוזים רפאלס ש,כרמית,IL,מאגדת אגוזים רפאלס שקד ווניל *5 150גרם,גרמים,150.00,100 גרם,false,1,14.90,9.9333,true,1,155075
7290018333952,false,מאגדת אגוזים רפאלס ו,כרמית,IL,מאגדת אגוזים רפאלס וחמוציות *5  150 גרם,גרמים,150.00,100 גרם,false,1,14.90,9.9333,true,1,155076
7290018333969,false,מאגדת  גרנולה רפאלס,כרמית,IL,מאגדת  גרנולה רפאלס שקדים וטחינה*5   150 גרם,גרמים,150.00,100 גרם,false,1,14.90,9.9333,true,1,155077
7290018338070,false,חיטת פריקי תבואות  5,תבואות,IL,חיטת פריקי תבואות  500 גרם,גרמים,500.00,100 גרם,false,1,11.90,2.3800,true,1,151656
7290018338544,false,פוסילי מקמח כוסמין ל,פוד סרויס,IT,פוסילי מקמח כוסמין לבן אורגני 500 גרם,גרמים,500.00,100 גרם,false,1,14.90,2.9800,true,1,156361
7290018338551,false,פנה מקמח כוסמין לבן,פוד סרויס,IT,פנה מקמח כוסמין לבן אורגני 500 גרם,גרמים,500.00,100 גרם,false,1,14.90,2.9800,true,1,156362
7290018338568,false,ספגטי מקמח כוסמין לב,פוד סרויס,IT,ספגטי מקמח כוסמין לבן אורגני 500 גרם,גרמים,500.00,100 גרם,false,1,14.90,2.9800,true,1,156363
7290018338803,false,קמח שקד קלוף תבואות,תבואות,US,קמח שקד קלוף תבואות  250 גר,גרמים,250.00,100 גרם,false,1,19.90,7.9600,true,1,152297
7290018344095,false,חטיף חלבון VEG PROTE,טבע ירוק,IL,חטיף חלבון VEG PROTEIN בוטנים מלח 50 גרם,גרמים,50.00,100 גרם,false,1,10.90,21.8000,true,1,160530
7290018344101,false,חטיף חלבון VEG PROTE,טבע ירוק,IL,חטיף חלבון VEG PROTEIN קקאו וקפה 50 גרם,גרמים,50.00,100 גרם,false,1,10.90,21.8000,true,1,160531
7290018344125,false,חטיף חלבון VEG PROTE,טבע ירוק,IL,חטיף חלבון VEG PROTEIN  אגוזי לוז וקקאו,גרמים,50.00,100 גרם,false,1,10.90,21.8000,true,1,160532
7290018359495,false,תירס מהשדה ללס יכין,היינץ צפון אמריקה מק,IL,יכין תירס לייט מופחת קלוריות 550 גרם,גרמים,550.00,100 גרם,false,1,8.90,1.6182,true,1,150996
7290018359716,false,רוטב פיצה טוסקנה יכי,"זנלכל בע""מ",IL,רוטב פיצה טוסקנה יכין 240 ג,גרמים,240.00,100 גרם,false,1,5.50,2.2917,true,1,153390
7290018371008,false,חטיף טורטייה  אורגני,קואקספרה,PE,חטיף טורטייה  אורגני תירס סגול צילי השדה,גרמים,70.00,100 גרם,false,1,14.90,21.2857,true,1,157076
7290018371022,false,עגבניות שלמות מקולפו,ביואיטליה,IT,עגבניות אורגניות מקולפות שלמות במים,גרמים,350.00,100 גרם,false,1,29.90,8.5429,true,1,149823
7290018371046,false,עגבניות שרי תמר אורג,ביואיטליה,IT,עגבניות שרי מסוג תמר לא מקולפות במים,גרמים,315.00,100 גרם,false,1,29.90,9.4921,true,1,149824
7290018371091,false,בייגלה אורגני כוסמין,מאיר בייגל,IL,בייגלה כוסמין אורגני עם שומשום ללא תוספת מלח,גרמים,200.00,100 גרם,false,1,18.90,9.4500,true,1,152272
7290018371299,false,אובלטים אורגניים מקמ,אם החיטה,IL,אובלטים אורגניים מקמח חומוס השדה 100 גרם,גרמים,100.00,100 גרם,false,1,12.90,12.9000,true,1,157078
7290018371305,false,אובלטים אורגניים מקמ,אם החיטה,IL,אובלטים אורגניים מקמח עדשים אדומות השדה,גרמים,100.00,100 גרם,false,1,12.90,12.9000,true,1,157079
7290018371312,false,אובלטים אורגניים מקמ,אם החיטה,IL,אובלטים אורגניים מקמח כוסמת השדה 100 גרם,גרמים,100.00,100 גרם,false,1,12.90,12.9000,true,1,157080
7290018371480,false,וופל קמח כוסמין חרוב,"רוקחמן בע""מ",IL,וופל קמח כוסמין חרובים 200 גרם,גרמים,200.00,100 גרם,false,1,15.90,7.9500,true,1,157083
7290018371503,false,וופל קמח כוסמין אגוז,"רוקחמן בע""מ",IL,וופל קמח כוסמין אגוזים 200 גרם,גרמים,200.00,100 גרם,false,1,15.90,7.9500,true,1,157085
7290018371510,false,וופל קמח כוסמין לימו,"רוקחמן בע""מ",IL,וופל קמח כוסמין לימון 200 גרם,גרמים,200.00,100 גרם,false,1,15.90,7.9500,true,1,157086
7290018371527,false,וופל קוביות קמח מלא,"רוקחמן בע""מ",IL,וופל קוביות קמח מלא חרובים 200 גרם,גרמים,200.00,100 גרם,false,1,15.90,7.9500,true,1,157087
7290018371534,false,וופל קוביות קמח כוסמ,"רוקחמן בע""מ",IL,וופל קוביות קמח כוסמין חרובים 200 גרם,גרמים,200.00,100 גרם,false,1,16.90,8.4500,true,1,157088
7290018394038,false,פטריות שיטאקי,חקלאי,IL,פטריות שיטאקי,גרמים,1.00,100 גרם,false,1,10.90,1090.0000,true,1,151617
7290018394144,true,שלוט ברשת 350 גרם,,,שלוט ברשת 350 גרם,,0.00,,false,,13.90,0.0000,true,1,159446
7290018400036,false,חגיגת ירקות כתומים ס,לחמנו,IL,חגיגת ירקות כתומים סנפרוסט 800גרם,גרמים,800.00,100 גרם,false,1,24.90,3.1125,true,1,153430
7290018428474,false,קרם רושה 400 גרם פול,"פוליבה בע""מ",,קרם רושה 400 גרם פוליבה,גרמים,400.00,100 גרם,false,1,19.90,4.9750,true,1,151084
7290018440070,false,תרכיז עגבניות בשפורפ,בלה איטליה,IT,תרכיז עגבניות בשפורפרת 28  BX 200 גר,גרמים,200.00,100 גרם,false,1,8.90,4.4500,true,1,150974
7290018440193,false,פליפז בייגלה מצופה ח,אולקר מקבוצת פלאדיס,TR,פליפז בייגלה מצופה חמאת בוטנים 140 ג,גרמים,140.00,100 גרם,false,1,8.90,6.3571,true,1,151834
7290018440209,false,פליפז בייגלה מצופה פ,אולקר מקבוצת פלאדיס,TR,"Flipz, חטיף בייגלה אפוי בציפוי שוקולד חלב, 140 גרם",גרמים,140.00,100 גרם,false,1,8.90,6.3571,true,1,151835
7290018440254,false,צאי קרמל מלוח 25 גרם,ויסוצקי,IL,צאי קרמל מלוח 25 גרם,לא מנהל יחידת מידה,0.00,לא מנהל יחידת מידה,false,1,19.90,0.0000,true,1,155780
7290018440384,false,תה ירוק מאטה לימון נ,ויסוצקי,IL,תה ירוק מאטה בטעם לימון ונענע,גרמים,25.00,100 גרם,false,1,25.90,103.6000,true,1,155775
7290018440391,false,תה ירוק מאטה נענע גו,ויסוצקי,IL,"תה ירוק מאטה, נענע וגוארנה",גרמים,25.00,100 גרם,false,1,25.90,103.6000,true,1,155776
7290018440407,false,תה ירוק מאטה קקאו לו,ויסוצקי,IL,תה ירוק מאטה בטעם קקאו ואגוזי לוז,גרמים,25.00,100 גרם,false,1,25.90,103.6000,true,1,155774
7290018440476,false,פליפז בייגלה מצופה ב,אולקר מקבוצת פלאדיס,TR,פליפז בייגלה מצופה בקרם עוגת גבינה 140 ג,גרמים,140.00,100 גרם,false,1,8.90,6.3571,true,1,156261
7290018440896,false,חליטת הגן הקסום גינג,ויסוצקי,IL,חליטת הגן הקסום גינגר וכורכום 25 שקיקי,גרמים,25.00,100 גרם,false,1,19.90,79.6000,true,1,156908
7290018441817,true,ציפס בטטה 1.135 גרם,,CA,ציפס בטטה 1.135 גרם,גרמים,1.00,100 גרם,false,1,39.90,3990.0000,true,1,150110
7290018441886,false,דולצה דה לצה 150מל ש,מוצרי איכות אמריקאים,IL,דולצה דה לצה 150מל שורטי,מיליליטרים,150.00,"100 מ""ל",false,1,10.90,7.2667,true,1,155907
7290018468319,false,נקניקיה צמחית בסגנון,טירת צבי,IL,נקניקיה צמחית בסגנון  מדריד טירת צבי 400,גרמים,400.00,100 גרם,false,1,39.90,9.9750,true,1,159063
7290018468326,false,נקניקיה צמחית בסגנון,טירת צבי,IL,נקניקיה צמחית בסגנון  ניו יורק טירת צבי  400 גרם,גרמים,400.00,100 גרם,false,1,39.90,9.9750,true,1,159064
7290018468401,false,פסטרמה צמחונית בטעם,טיב טירת צבי 2000,IL,פסטרמה צמחונית בטעם גריל  טירת צבי  120ג,גרמים,120.00,100 גרם,false,1,20.90,17.4167,true,1,160123
7290018471029,false,שישיית שוופס סודה לי,יפאורה תבורי בעמ,IL,שוופס סודה לימון 0.5 ליטר שישייה,ליטרים,3.00,ליטר,false,1,16.20,5.4000,true,1,151439
7290018471036,false,שוופס סודה לימון 500,"יפאורה תבורי בע""מ",IL,שוופס סודה לימון 500מל,מיליליטרים,500.00,"100 מ""ל",false,1,3.90,0.7800,true,1,151440
7290018471043,false,ספרינג פירות טרופים,מיוצר עי קונדיטוריית,IL,"ספרינג פירות טרופיים פחית 330 מ""ל",מיליליטרים,330.00,"100 מ""ל",false,1,5.50,1.6667,true,1,153515
7290018471050,false,ספרינג אגס תפוח סברס,מיוצר עי קונדיטוריית,IL,"ספרינג אגס תפוח סברס פחית 330 מ""ל",מיליליטרים,330.00,"100 מ""ל",false,1,5.50,1.6667,true,1,153534
7290018471111,false,שוופס ליים מוחיטו 33,יפאורה שותפות מובגלת,IL,שוופס ליים מוחיטו 330 מל,ליטרים,1.50,ליטר,false,1,6.90,4.6000,true,1,152750
7290018471128,false,ספרינג שייק אננס מנג,"יפאורה תבורי בע""מ",IL,ספרינג שייק אננס מנגו פסיפלורה 330 מל,מיליליטרים,330.00,"100 מ""ל",false,1,9.50,2.8788,true,1,154079
7290018471135,false,ספרינג שייק בננה תמר,"יפאורה תבורי בע""מ",IL,"ספרינג שייק בננה תמר תפוז 330 מ""ל",מיליליטרים,330.00,"100 מ""ל",false,1,9.50,2.8788,true,1,154080
7290018471142,false,ספרינג שייק בננה אננ,"יפאורה תבורי בע""מ",IL,ספרינג שייק בננה אננס קוקוס פירות יער 33,מיליליטרים,330.00,"100 מ""ל",false,1,9.50,2.8788,true,1,154081
7290018471180,false,פרוט & ווג אננס תפוח,מיוצר עי קונדיטוריית,IL,FRUIT&VEG אננס תפוח גזר 1 ליטר,ליטרים,1.00,ליטר,false,1,14.90,14.9000,true,1,153516
7290018471197,false,פרוט & ווג תפוח בננה,מיוצר עי קונדיטוריית,IL,FRUIT&VEG תפוח בננה מלון נענע 1 ליטר,ליטרים,1.00,ליטר,false,1,14.90,14.9000,true,1,153517
7290018471395,false,פרוט & ווג תפוח רימו,מיוצר עי קונדיטוריית,IL,FRUIT&VEG תפוח סלק רימון ג'ינג'ר 1 ליטר,ליטרים,1.00,ליטר,false,1,14.90,14.9000,true,1,153519
7290018471401,false,פרוט & ווג אננס בננה,מיוצר עי קונדיטוריית,IL,FRUIT&VEG אננס בננה כורכום 1 ליטר,ליטרים,1.00,ליטר,false,1,14.90,14.9000,true,1,153520
7290018471456,false,ספרינג שייק אננס מנג,"כד בני דרום בע""מ",IL,ספרינג שייק קרטונית אננס מנגו פסיפלורה 1 ל',ליטרים,1.00,ליטר,false,1,14.60,14.6000,true,1,154083
7290018471463,false,תפוזינה enjoy נקטר ת,"כד בני דרום בע""מ",IL,תפוזינה קרטונית תפוז מנגו 1 ל',ליטרים,1.00,ליטר,false,1,8.60,8.6000,true,1,153521
7290018471470,false,תפוזינה enjoy נקטר ת,"כד בני דרום בע""מ",IL,תפוזינה קרטוניות תפוז-פסיפלורה 1 ל',ליטרים,1.00,ליטר,false,1,8.60,8.6000,true,1,153522
7290018471487,false,תפוזינה enjoy נקטר ת,"כד בני דרום בע""מ",IL,תפוזינה קרטוניות תפוז-אננס 1 ל',ליטרים,1.00,ליטר,false,1,8.60,8.6000,true,1,153523
7290018471494,false,תפוזינה enjoy משקה ת,"כד בני דרום בע""מ",IL,תפוזינה קרטוניות תפוז-גזר 1 ל',ליטרים,1.00,ליטר,false,1,8.60,8.6000,true,1,153524
7290018471616,false,שוופס טוניק קלאסי 1,"יפאורה תבורי בע""מ",IL,שוופס מי טוניק 1 ליטר,ליטרים,1.00,ליטר,false,1,10.90,10.9000,true,1,155622
7290018471623,false,שוופב טוניק אשכולית,"יפאורה תבורי בע""מ",IL,שוופס טוניק אשכולית וליצ'י 1 ליטר,ליטרים,1.00,ליטר,false,1,10.90,10.9000,true,1,155623
7290018471630,false,שוופס טוניק מלפפון ל,"יפאורה תבורי בע""מ",IL,שוופס טוניק מלפפון וליים 1 ליטר,ליטרים,1.00,ליטר,false,1,10.90,10.9000,true,1,155624
7290018471692,false,ספרינג שייק בננה אננ,"כד בני דרום בע""מ",IL,ספרינג שייק קרטונית בננה אננס קוקוס פירות יער 1 ל',ליטרים,1.00,ליטר,false,1,14.60,14.6000,true,1,154084
7290018471715,false,משקה אלוורה קינג אננ,"טרופיקל דגיל בע""מ אז",KR,Aloe Vera King - משקה אלוורה בטעם אננס,ליטרים,1.00,ליטר,false,1,13.90,13.9000,true,1,155652
7290018471746,false,משקה אלוורה קינג קיו,"טרופיקל דגיל בע""מ אז",KR,Aloe Vera King - משקה אלוורה בטעם קיווי,ליטרים,1.00,ליטר,false,1,13.90,13.9000,true,1,155655
7290018471906,false,שוופס מוגז לימונדה ו,"כד בני דרום בע""מ",IL,שוופס מוגז פירות לימונדה ורודה 1.5 ל',ליטרים,1.50,ליטר,false,1,10.50,7.0000,true,1,156526
7290018471913,false,שוופס מוגז פירות תפו,"יפאורה תבורי בע""מ",IL,שוופס משקה תפוחים מוגז 1.5 ליטר,ליטרים,1.50,ליטר,false,1,10.50,7.0000,true,1,156527
7290018471920,false,שוופס מוגז פירות ענב,"יפאורה תבורי בע""מ",IL,שוופס מוגז פירות ענבים 1.5 ל',ליטרים,1.50,ליטר,false,1,10.50,7.0000,true,1,156528
7290018471937,false,שוופס מוגז פירות תות,"כד בני דרום בע""מ",IL,שוופס מוגז פירות תות ליים 1.5 ליטר,ליטרים,1.50,ליטר,false,1,10.50,7.0000,true,1,156529
7290018471944,false,שוופס מוגז לימונייד,"כד בני דרום בע""מ",IL,שוופס מוגז פירות לימונייד 1.5 ליטר,ליטרים,1.50,ליטר,false,1,10.50,7.0000,true,1,156530
7290018471951,false,שוופס מוגז פירות אשכ,"כד בני דרום בע""מ",IL,שוופס מוגז פירות אשכולית אדומה 1.5 ל',ליטרים,1.50,ליטר,false,1,10.50,7.0000,true,1,156531
7290018500361,false,לחם אחיד פרוס אנגל 9,מאפיית שלמה א. אנגל,IL,לחם אחיד פרוס אנגל 900 גרם,גרמים,900.00,100 גרם,false,1,9.49,1.0544,true,1,158641
7290018500385,false,חלה רגילה אנגל 650 ג,מאפיית שלמה א. אנגל,IL,חלה רגילה אנגל 650 גרם,גרמים,650.00,100 גרם,false,1,8.14,1.2523,true,1,158642
7290018500392,false,חלה קלועה אנגל 650 ג,מאפיית שלמה א. אנגל,IL,חלה קלועה אנגל 650 גרם,גרמים,650.00,100 גרם,false,1,8.14,1.2523,true,1,158643
7290018540329,false,פיתה פיתה אנגל בלדי,מאפיית שלמה א. אנג'ל,IL,פיתה פיתה אנגל בלדי 8 יח 880 גרם,גרמים,880.00,100 גרם,false,1,12.90,1.4659,true,1,152136
7290018546147,true,אטריות דקות למרק 400,,,אטריות דקות למרק 400,,0.00,,false,,4.90,0.0000,true,1,160621
7290018564592,false,שף הטבע שום כתוש בצנ,בני דרום,IL,שף הטבע שום כתוש בצנצנת 200גרם,גרמים,200.00,100 גרם,false,1,14.90,7.4500,true,1,159892
7290018564622,false,שף הטבע שום כתוש טבל,בני דרום,IL,שף הטבע שום כתוש טבליות 80גרם,גרמים,80.00,100 גרם,false,1,10.90,13.6250,true,1,159893
7290018564639,false,שף הטבע כוסברה קצוצה,בני דרום,IL,שף הטבע כוסברה קצוצה טבליות 80גרם,גרמים,80.00,100 גרם,false,1,9.90,12.3750,true,1,159894
7290018564646,false,שף הטבע בזיליקום טבל,בני דרום,IL,שף הטבע בזיליקום טבליות 80גרם,גרמים,80.00,100 גרם,false,1,9.90,12.3750,true,1,159895
7290018564653,false,שף הטבע פטרוזיליה קצ,בני דרום,IL,שף הטבע פטרוזיליה קצוצה טבליות 80גרם,גרמים,80.00,100 גרם,false,1,9.90,12.3750,true,1,159896
7290018564660,false,שף הטבע צילי חריף טב,בני דרום,IL,שף הטבע צילי חריף טבליות 80גרם,גרמים,80.00,100 גרם,false,1,9.90,12.3750,true,1,159897
7290018571149,false,שקדים מולבנים פרוסים,מיה,IL,שקדים מולבנים פרוסים מיה 200 גרם,גרמים,200.00,100 גרם,false,1,19.90,9.9500,true,1,160094
7290018571156,false,שקדים מולבנים שבבים,מיה,IL,שקדים מולבנים שבבים מיה 200 גרם,גרמים,200.00,100 גרם,false,1,19.90,9.9500,true,1,160095
7290018571569,false,תמצית וניל טהורה  מ,מיה,IL,תמצית וניל טהורה  מיה30 מל,מיליליטרים,30.00,"100 מ""ל",false,1,27.90,93.0000,true,1,160096
7290018593004,false,פטה שקדים טבעי פלנטי,פלנטי,IL,פטה שקדים טבעי פלנטי  200 גרם,גרמים,200.00,100 גרם,false,1,29.90,14.9500,true,1,156364
7290018593011,false,פטה שקדים עשבי תיבול,פלנטי,IL,פטה שקדים עשבי תיבול  פלנטי 200 גרם,גרמים,200.00,100 גרם,false,1,29.90,14.9500,true,1,156365
7290018593035,false,כמוצרלה קשיו פלנטי,פלנטי,IL,כמוצרלה קשיו פלנטי  200 גרם,גרמים,200.00,100 גרם,false,1,26.90,13.4500,true,1,156366
7290018593080,false,קשיו צדר פלנטי  200,פלנטי,IL,קשיו צדר פלנטי  200 גרם,גרמים,200.00,100 גרם,false,1,26.90,13.4500,true,1,156367
7290018601020,true,תות שדה,,,תות שדה,,0.00,,false,,25.90,0.0000,true,1,161014
7290018641439,false,ערק פלוס אשכוליות 33,,IL,ערק פלוס אשכוליות 330 מל,מיליליטרים,330.00,"100 מ""ל",false,1,12.90,3.9091,true,1,156057
7290018641446,false,ערק פלוס לימודה 330,,IL,ערק פלוס לימודה 330 מל,מיליליטרים,330.00,"100 מ""ל",false,1,12.90,3.9091,true,1,156058
7290018652015,false,סופרולר 75גרם,פרונרי פולין,PL,סופרולר 75גרם,גרמים,75.00,100 גרם,false,1,7.90,10.5333,true,1,152761
7290018652039,false,לה קרמריה קרמל מלוח,נגה גלידות,IL,לה קרמריה קרמל מלוח ונוגט 1.4 ליטר,ליטרים,1.40,ליטר,false,1,21.90,15.6429,true,1,153652
7290018652053,false,ביסקולידה קסטרה 95 ג,נגה גלידות,IL,ביסקולידה קסטרה 95 גרם,גרמים,95.00,100 גרם,false,1,5.90,6.2105,true,1,152756
7290018652190,false,קראנץ בר אימפלס 60גר,גלידות נסטלה,IT,קראנץ בר אימפלס 60גרם,גרמים,60.00,100 גרם,false,1,6.90,11.5000,true,1,157367
7290018652213,false,קראנץ בר מאגדת 246גר,נסטלה,IL,קראנץ בר מאגדת 246גרם,גרמים,246.00,100 גרם,false,1,24.90,10.1220,true,1,157373
7290018652657,false,מאגדת מניוגו לייט 31,נסטלה,IL,מאגדת מניוגו לייט 312גרם,גרמים,312.00,100 גרם,false,1,27.90,8.9423,true,1,157376
7290018652671,false,לה קרמריה שוקו וניל,נסטלה,IL,לה קרמריה שוקו וניל תות 700גרם,גרמים,700.00,100 גרם,false,1,21.90,3.1286,true,1,157377
7290018652688,false,לה קרמריה פירות טרופ,נסטלה,IL,לה קרמריה פירות טרופיים ויער 700גרם,גרמים,700.00,100 גרם,false,1,21.90,3.1286,true,1,157378
7290018652756,false,שתותי פרוטי 55גרם,נסטלה,IL,שתותי פרוטי 55גרם,גרמים,55.00,100 גרם,false,1,5.90,10.7273,true,1,157371
7290018652770,false,טילון גולדה 115גרם,גלידות נסטלה,IL,טילון גולדה 115גרם,גרמים,115.00,100 גרם,false,1,9.90,8.6087,true,1,157368
7290018652886,false,מאגדת מצופים שוקו בנ,נגה גלידות,IL,מאגדת מצופים שוקו בננה כלפ 8 יחידות,גרמים,440.00,100 גרם,false,1,29.90,6.7955,true,1,157252
7290018652909,false,מאגדת קפה שוקולד פקא,נסטלה,IL,מאגדת קפה שוקולד פקאן 225גרם,גרמים,225.00,100 גרם,false,1,27.90,12.4000,true,1,157374
7290018652923,false,מאגדת תות שוקולד עוג,נסטלה,IL,מאגדת תות שוקולד עוגיות 225גרם,גרמים,225.00,100 גרם,false,1,27.90,12.4000,true,1,157375
7290018652947,false,שלגון קראנץ פיסטוק 1,גלידות נסטלה,IL,שלגון קראנץ פיסטוק 100 גרם,גרמים,100.00,100 גרם,false,1,10.50,10.5000,true,1,158076
7290018677070,false,קרם קוקוס 18%אורגני,ש.ר רגע בטבע,IL,קרם קוקוס 18%אורגני טטרה פק 330מל,מיליליטרים,330.00,"100 מ""ל",false,1,11.90,3.6061,true,1,153924
7290018677124,false,גרנולה קראנצי  חמוצי,נוטרה זון,CZ,גרנולה קראנצי  חמוציות ודובדבנים ללא גלוטן וללא תו,גרמים,300.00,100 גרם,false,1,22.90,7.6333,true,1,156484
7290018677131,false,גרנולה קראנצי  אגוזי,נוטרה זון,CZ,גרנולה קראנצי  אגוזים ושקדים ללג וללס נ,גרמים,300.00,100 גרם,false,1,22.90,7.6333,true,1,156483
7290018677155,false,PANERIA תערובת קמחים,נוטרה זון,IT,PANERIA תערובת קמחים רב תכליתי ללג 500גר,גרמים,500.00,100 גרם,false,1,23.90,4.7800,true,1,153920
7290018677162,false,PANERIA תערובת רב תכ,נוטרה זון,IT,PANERIA תערובת רב תכליתית ללג בסיס עמילן,גרמים,500.00,100 גרם,false,1,24.90,4.9800,true,1,153921
7290018703304,false,אול אין חטיף חלבון ק,,,אול אין חטיף חלבון קרם עוגיות,גרמים,60.00,100 גרם,false,1,13.90,23.1667,true,1,157933
7290018703489,false,אול אין  חטיף חלבון,,,אול אין  חטיף חלבון  בננה טופי אקסטרה 60 גרם,גרמים,60.00,100 גרם,false,1,13.90,23.1667,true,1,157934
7290018704011,false,חציל טבעי שרוף על הא,קלאס פוד,IL,חציל טבעי שרוף על האש משקל,קילוגרמים,1.00,"ק""ג",true,,63.00,63.0000,true,1,151492
7290018704066,false,חציל יווני סלוניקי ע,קלאס פוד,IL,חציל יווני סלוניקי על האש  משקל,קילוגרמים,1.00,"ק""ג",true,,63.00,63.0000,true,1,151494
7290018704158,false,חציל פיקנטי   משקל,קלאס פוד,IL,חציל פיקנטי   משקל,קילוגרמים,1.00,"ק""ג",true,,63.00,63.0000,true,1,151496
7290018704172,false,חציל מרוקאי  משקל,קלאס פוד,IL,חציל מרוקאי  משקל,קילוגרמים,1.00,"ק""ג",true,,63.00,63.0000,true,1,151495
7290018704233,false,חציל תאילנדי  משקל,קלאס פוד,IL,חציל תאילנדי  משקל,קילוגרמים,1.00,"ק""ג",true,,63.00,63.0000,true,1,151497
7290018704264,false,חומוס ירושלמי  משקל,קלאס פוד,IL,חומוס ירושלמי  משקל,קילוגרמים,1.00,"ק""ג",true,,35.00,35.0000,true,1,151490
7290018704301,false,טחינה ירוקה משקל,קלאס פוד,IL,טחינה ירוקה משקל,קילוגרמים,1.00,"ק""ג",true,,33.00,33.0000,true,1,151499
7290018704325,false,טחינה לבנה זהב משקל,קלאס פוד,IL,טחינה לבנה זהב משקל,קילוגרמים,1.00,"ק""ג",true,,35.00,35.0000,true,1,151500
7290018704806,false,סלט ביצים משקל,קלאס פוד,IL,סלט ביצים משקל,קילוגרמים,1.00,"ק""ג",true,,79.00,79.0000,true,1,151503
7290018704844,false,פלפל רצועות משקל,קלאס פוד,IL,פלפל רצועות,קילוגרמים,1.00,"ק""ג",true,,69.00,69.0000,true,1,151506
7290018704851,false,פלפל מרוקאי  משקל,קלאס פוד,IL,פלפל מרוקאי  משקל,קילוגרמים,1.00,"ק""ג",true,,79.00,79.0000,true,1,151505
7290018705049,false,פסטו טרי משקל,קלאס פוד,IL,פסטו טרי,קילוגרמים,1.00,"ק""ג",true,,80.00,80.0000,true,1,151507
7290018705117,false,צימצורי  משקל,קלאס פוד,IL,צימצורי  משקל,קילוגרמים,1.00,"ק""ג",true,,59.00,59.0000,true,1,151509
7290018705391,false,חומוס ירושלמי,קלאס פוד,IL,חומוס ירושלמי,קילוגרמים,1.00,"ק""ג",true,,30.00,30.0000,true,1,151620
7290018708125,false,בארכה חלבה מסולסלת ו,בארכה,IL,בארכה חלבה מסולסלת וניל 250גרם,גרמים,250.00,100 גרם,false,1,17.90,7.1600,true,1,156892
7290018708132,false,בארכה חלבה מסולסלת ש,בארכה,IL,בארכה חלבה מסולסלת שוקו וניל 250גרם,גרמים,250.00,100 גרם,false,1,17.90,7.1600,true,1,156893
7290018720004,false,מעדני מלך סנדוויץ תו,אחים פפושדו,IL,מעדני מלך סנדוויץ תות 150ג,גרמים,150.00,100 גרם,false,1,4.50,3.0000,true,1,155625
7290018720011,false,ביסקוויט קרנבל חיות,הגביע מוצרי וופלים,IL,ביסקוויט קרנבל חיות 250 גרם,גרמים,250.00,100 גרם,false,1,5.90,2.3600,true,1,154103
7290018720028,false,ביסקוויט קרנבל אותיו,הגביע מוצרי וופלים,IL,ביסקוויט קרנבל אותיות 250 גרם,גרמים,250.00,100 גרם,false,1,5.90,2.3600,true,1,154106
7290018720226,false,פצפוצי אורז מעדני המ,אשבול,IL,פצפוצי אורז מעדני המלך  250גרם,גרמים,250.00,100 גרם,false,1,11.90,4.7600,true,1,160127
7290018724552,false,קמח שקדים נטורלה ללא,השקד אומנות ומסחר,IL,קמח שקדים נטורלה ללא גלוטן 250 גרם,גרמים,250.00,100 גרם,false,1,23.90,9.5600,true,1,156036
7290018724613,false,מאפה טבעוני משה בתיב,הטבעונית של סבתא מזל,IL,מאפה טבעוני משה בתיבה נטורלה  400 גרם,גרמים,400.00,100 גרם,false,1,39.90,9.9750,true,1,160128
7290018724620,false,מאפי פאי סויה טבעונ,הטבעונית של סבתא מזל,IL,מאפי פאי סויה טבעוני נטורלה זוג  460 ג,גרמים,460.00,100 גרם,false,1,49.90,10.8478,true,1,160129
7290018724637,false,מאפי פאי שווארמה טב,הטבעונית של סבתא מזל,IL,מאפי פאי שווארמה טבעוני נטורלה זוג 460,גרמים,460.00,100 גרם,false,1,49.90,10.8478,true,1,160130
7290018724644,false,בורקיטס טבעוני עם גב,הטבעונית של סבתא מזל,IL,בורקיטס טבעוני עם גבינה נטורלה 400 גרם,גרמים,400.00,100 גרם,false,1,39.90,9.9750,true,1,160131
7290018724651,false,בורקיטס טבעוני  עם ג,הטבעונית של סבתא מזל,IL,בורקיטס טבעוני  עם גבינת זיתים נטורלה 40,גרמים,400.00,100 גרם,false,1,39.90,9.9750,true,1,160132
7290018724668,false,שווארמה טבעונית על ב,הטבעונית של סבתא מזל,IL,שווארמה טבעונית על בסיס סויה נטורלה 400,גרמים,400.00,100 גרם,false,1,26.90,6.7250,true,1,160133
7290018777268,false,חטיף חלבון VEG PROTE,טבע ירוק,IL,חטיף חלבון VEG PROTEIN בננה קקאו 50 גרם,גרמים,50.00,100 גרם,false,1,10.90,21.8000,true,1,160533
7290018777275,false,חטיף חלבון VEG PROTE,טבע ירוק,IL,חטיף חלבון VEG PROTEINעוגיות וניל 50 גרם,גרמים,50.00,100 גרם,false,1,10.90,21.8000,true,1,160534
7290018795385,true,חסה צבעונית ארוזה,,,חסה צבעונית ארוזה,,0.00,,false,,11.90,0.0000,true,1,160220
7290018795842,true,שום מקולף 500 גרם,,,שום מקולף 500 גרם,,0.00,,false,,19.90,0.0000,true,1,160597
7290018809044,false,סמבוסק מיקס בולגרית,מפגש השייח,IL,סמבוסק מיקס בולגרית ופיצה 500גרם,גרמים,500.00,100 גרם,false,1,36.90,7.3800,true,1,157172
7290018809051,false,סמבוסק פיצה  500גרם,מפגש השייח,IL,סמבוסק פיצה  500גרם,גרמים,500.00,100 גרם,false,1,36.90,7.3800,true,1,157173
7290018809068,false,סמבוסק בולגרית  500ג,מפגש השייח,IL,סמבוסק בולגרית  500גרם,גרמים,500.00,100 גרם,false,1,36.90,7.3800,true,1,157174
7290018848005,false,יין רוזה בפחית 250 מ,דונלי ויני,IT,"יין רוזה בפחית 250 מ""ל",מיליליטרים,250.00,"100 מ""ל",false,1,14.90,5.9600,true,1,157113
7290018848012,false,יין לבן בפחית  250 מ,דונלי ויני,IT,"יין לבן בפחית  250 מ""ל",מיליליטרים,250.00,"100 מ""ל",false,1,14.90,5.9600,true,1,157112
7290018878071,false,שלשות שוקולד מריר 47,כרמית,IL,שלשות שוקולד מריר 47% כשלפ 85 גרם,גרמים,3.00,100 גרם,false,3,13.90,463.3333,true,1,157824
7290018889275,false,סברינה תותים 300 גרם,נטלי,IL,סברינה תותים 300 גרם,גרמים,300.00,100 גרם,false,1,19.90,6.6333,true,1,157494
7290018893449,false,צוקטה סטרופוופל במיל,ארלוי אס.אל.יו.,NL,צוקטה סטרופוופל במילוי קרמל 175 גר,גרמים,175.00,100 גרם,false,1,9.90,5.6571,true,1,155838
7290018893456,false,צוקטה עוגות אישיות ח,פרדי קונדטוריה אס.פי,IT,צוקטה עוגות אישיות חלב 300 ג,גרמים,300.00,100 גרם,false,1,16.90,5.6333,true,1,155556
7290018893661,false,צוקטה עוגות אישיות מ,קריניציה ויטמינה אס,IT,"צוקטה עוגות אישיות מצופה מריר בד""צ 240",גרמים,240.00,100 גרם,false,1,14.90,6.2083,true,1,155557
7290018893814,false,טבלאת שוקולד צוקטה מ,איברקקאו,ES,טבלאת שוקולד צוקטה מריר 500 גרם חמישייה,גרמים,500.00,100 גרם,false,1,19.90,3.9800,true,1,155551
7290018894002,false,בלקוני וופל קוביות ק,בלקוני,IT,בלקוני וופל קוביות קקאו 250 ג,גרמים,250.00,100 גרם,false,1,12.90,5.1600,true,1,157777
7290018894019,false,בלקוני עוגות מיקס מק,בלקוני,IT,בלקוני עוגות מיקס מקס חלב 350 ג,גרמים,350.00,100 גרם,false,1,14.90,4.2571,true,1,157782
7290018894040,false,שוקולד חלב צוקטה 5,נטרה,FR,שוקולד חלב צוקטה 5   100 גרם,גרמים,500.00,100 גרם,false,1,21.90,4.3800,true,1,160151
7290018894071,false,צוקטה מארז סביבון לח,,,צוקטה מארז סביבון לחנוכה 225 ג,גרמים,225.00,100 גרם,false,1,17.90,7.9556,true,1,160741
7290018894200,false,בלקוני וופל קוביות ו,בלקוני,IT,בלקוני וופל קוביות וניל 250 ג,גרמים,250.00,100 גרם,false,1,12.90,5.1600,true,1,157778
7290018894217,false,בלקוני עוגות מיקס מק,בלקוני,IT,בלקוני עוגות מיקס מקס קקאו 350 ג,גרמים,350.00,100 גרם,false,1,14.90,4.2571,true,1,157783
7290018894248,false,שוקולד חלב צוקטה 3,נטרה,FR,שוקולד חלב צוקטה 3   100 גרם,גרמים,300.00,100 גרם,false,1,14.90,4.9667,true,1,160152
7290018894408,false,בלקוני וופל קוביות א,בלקוני,IT,בלקוני וופל קוביות אגוזי לוז 250 ג,גרמים,250.00,100 גרם,false,1,12.90,5.1600,true,1,157779
7290018894606,false,בלקוני וופל קקאו 175,בלקוני,IT,בלקוני וופל קקאו 175 ג,גרמים,175.00,100 גרם,false,1,8.90,5.0857,true,1,157780
7290018894804,false,בלקוני וופל אגוזי לו,בלקוני,IT,בלקוני וופל אגוזי לוז 175 ג,גרמים,175.00,100 גרם,false,1,8.90,5.0857,true,1,157781
7290018925065,false,מיץ תפוזים סחוט פרימ,השחר,IL,פרימור סחוט מיץ תפוזים 100% 2 ליטר,ליטרים,2.00,ליטר,false,1,28.50,14.2500,true,1,156739
7290018925089,false,מיץ תפוחים צלול פרימ,השחר,IL,מיץ תפוחים 2 ליטר,ליטרים,2.00,ליטר,false,1,28.50,14.2500,true,1,156533
7290018925096,false,משקה קל תפוזים פרימו,השחר,IL,פרימור משקה קל תפוזים ‏5‏.‏1‏ ליטר,ליטרים,1.50,ליטר,false,1,9.50,6.3333,true,1,156534
7290018925102,false,משקה קל ענבים פרימור,השחר,IL,פרימור משקה קל ענבים ‏5‏.‏1‏ ליטר,ליטרים,1.50,ליטר,false,1,9.50,6.3333,true,1,156535
7290018925119,false,משקה קל דיאט אשכולית,השחר,IL,פרימור משקה קל דיאט אשכוליות 1.5 ליטר,ליטרים,1.50,ליטר,false,1,9.50,6.3333,true,1,156536
7290018925133,false,משקה קל מנגו פרימור,השחר,IL,פרימור משקה קל מנגו ‏5‏.‏1‏ ליטר,ליטרים,1.50,ליטר,false,1,9.50,6.3333,true,1,156538
7290018925140,false,משקה קל אשכולית פרימ,השחר,IL,פרימור משקה קל אשכולית ‏5‏.‏1‏ ליטר,ליטרים,1.50,ליטר,false,1,9.50,6.3333,true,1,156539
7290018925157,false,משקה קל לימונים פרימ,השחר,IL,פרימור משקה קל לימונים 1.5 ליטר,ליטרים,1.50,ליטר,false,1,9.50,6.3333,true,1,156540
7290018925409,false,מיץ לימון ואננס פרימ,"גניר בע""מ",IL,מיץ לימון ואננס פרימור 400 מל,מיליליטרים,400.00,"100 מ""ל",false,1,8.50,2.1250,true,1,159408
7290018925416,false,מיץ לימון ופסיפלורה,"גניר בע""מ",IL,מיץ לימון ופסיפלורה פרימור 400 מל,מיליליטרים,400.00,"100 מ""ל",false,1,8.50,2.1250,true,1,159407
7290018949009,false,משקה קל מוגז גרופר ת,,IL,משקה קל מוגז גרופר תפוזזה 330 מל,מיליליטרים,330.00,"100 מ""ל",false,1,7.90,2.3939,true,1,156059
7290018949016,false,משקה קל מוגז גרופר ת,,IL,משקה קל מוגז גרופר תפוחחה 330 מל,מיליליטרים,330.00,"100 מ""ל",false,1,7.90,2.3939,true,1,156060
7290018949023,false,משקה קל מוגז גרופר ל,,IL,משקה קל מוגז גרופר לימוננדה 330 מל,מיליליטרים,330.00,"100 מ""ל",false,1,7.90,2.3939,true,1,156061
7290019056027,false,שוופס מוגז פירות ללס,"כד בני דרום בע""מ",IL,שוופס מוגז פירות NO SUGAR תפוח 1.5 ל',ליטרים,1.50,ליטר,false,1,10.50,7.0000,true,1,156542
7290019056034,false,שוופס מוגז פירות אננ,יפאורה תבורי,IL,שוופס מוגז פירות NO SUGAR אננס 1.5 ל',ליטרים,1.50,ליטר,false,1,10.50,7.0000,true,1,156543
7290019056041,false,שוופס מ.פירות לימוני,יפאורה תבורי,IL,שוופס ללא סוכר לימונייד 1.5 ליטר,ליטרים,1.50,ליטר,false,1,10.50,7.0000,true,1,156544
7290019056058,false,שוופס מוגז עדין תפוח,"כד בני דרום בע""מ",IL,שוופס מוגז עדין תפוח ליים 1.5 ל',ליטרים,1.50,ליטר,false,1,10.50,7.0000,true,1,156545
7290019056065,false,שוופס מוגז עדין פירו,"יפאורה תבורי בע""מ",IL,שוופס מוגז עדין פירות יער 1.5 ל',ליטרים,1.50,ליטר,false,1,10.00,6.6667,true,1,156546
7290019056072,false,שוופס מוגז עדין אננס,מיוצר עי קונדיטוריית,IL,שוופס מוגז עדין אננס 1.5 ל',ליטרים,1.50,ליטר,false,1,10.50,7.0000,true,1,156547
7290019056089,false,שוופס מוגז עדין ענבי,"כד בני דרום בע""מ",IL,שוופס מוגז עדין ריזלינג 1.5 ל',ליטרים,1.50,ליטר,false,1,10.50,7.0000,true,1,156548
7290019056096,false,שוופס מוגז עדין אפרס,"כד בני דרום בע""מ",IL,שוופס מוגז עדין אפרסק 1.5 ל',ליטרים,1.50,ליטר,false,1,10.50,7.0000,true,1,156549
7290019056119,false,סודה שוופס 1.5 ליטר,"יפאורה תבורי בע""מ",IL,סודה שוופס 1.5 ליטר,ליטרים,1.50,ליטר,false,1,4.20,2.8000,true,1,156550
7290019056126,false,סודה שוופס לימון 1.5,"כד בני דרום בע""מ",IL,שוופס סודה לימון 1.5 ל',ליטרים,1.50,ליטר,false,1,4.20,2.8000,true,1,156551
7290019056133,false,סודה שוופס נענע ליים,"כד בני דרום בע""מ",IL,שוופס סודה נענע ליים 1.5 ל',ליטרים,1.50,ליטר,false,1,4.20,2.8000,true,1,156552
7290019056164,false,סודה שוופס רביעייה ב,"יפאורה תבורי בע""מ",IL,סודה שוופס רביעייה בקבוק 1.5 ליטר,ליטרים,6.00,ליטר,false,4,11.10,1.8500,true,1,156554
7290019056171,false,סודה שוופס לימון מאר,"יפאורה תבורי בע""מ",IL,סודה שוופס לימון מארז רביעייה 1.5 ליטר,ליטרים,6.00,ליטר,false,4,12.20,2.0333,true,1,156555
7290019056188,false,סודה שוופס נענע ליים,"כד בני דרום בע""מ",IL,סודה שוופס נענע ליים רביעייה 1.5 ליטר,ליטרים,6.00,ליטר,false,4,12.20,2.0333,true,1,156556
7290019056201,false,רביעיות סודה שוופס פ,"יפאורה תבורי בע""מ",IL,שוופס רביעיה סודה בטעם פירות יער 6 ליטר,ליטרים,1.50,ליטר,false,4,12.20,8.1333,true,1,156558
7290019056232,false,שוופס ליים מוחיטו 1.,"כד בני דרום בע""מ",IL,שוופס מוחיטו 1.5 ל',ליטרים,1.50,ליטר,false,1,10.50,7.0000,true,1,156559
7290019056249,false,מים שוופס בטעם ענבים,מיוצר עי קונדיטוריית,IL,שוופס water ענבים 1.5 ל',ליטרים,1.50,ליטר,false,1,9.90,6.6000,true,1,156560
7290019056256,false,מים שוופס בטעם תפוח,מיוצר עי קונדיטוריית,IL,שוופס water תפוח 1.5 ל',ליטרים,1.50,ליטר,false,1,9.90,6.6000,true,1,156561
7290019056263,false,מים שוופס בטעם אפרסק,מיוצר עי קונדיטוריית,IL,שוופס water אפרסק 1.5 ל',ליטרים,1.50,ליטר,false,1,9.90,6.6000,true,1,156562
7290019056270,false,מים שוופס בטעם פירות,"כד בני דרום בע""מ",IL,שוופס water פירות יער 1.5 ל',ליטרים,1.50,ליטר,false,1,9.90,6.6000,true,1,156563
7290019056287,false,מים שוופס 0 קלוריות,"איי, בי, אינבוו",IL,שוופס Water 0 קלוריות אפרסק 1.5 ל',ליטרים,1.50,ליטר,false,1,9.90,6.6000,true,1,156564
7290019056294,false,שוופס גינגר בקבוק 1.,"כד בני דרום בע""מ",IL,שוופס ג'ינג'ר אייל 1.5 ל',ליטרים,1.50,ליטר,false,1,15.90,10.6000,true,1,156565
7290019056300,false,שוופס ביטר לימון בקב,"כד בני דרום בע""מ",IL,שוופס ביטר למון 1.5 ל',ליטרים,1.50,ליטר,false,1,15.90,10.6000,true,1,156566
7290019056317,false,שוופס ראשן בקבוק 1.5,"כד בני דרום בע""מ",IL,שוופס ראשן 1.5 ל',ליטרים,1.50,ליטר,false,1,15.90,10.6000,true,1,156567
7290019056324,false,שוופס מי טוניק בקבוק,"כד בני דרום בע""מ",IL,שוופס טוניק 1.5 ל',ליטרים,1.50,ליטר,false,1,15.90,10.6000,true,1,156568
7290019056331,false,שוופס טוניק ללא סוכר,מיוצר עי קונדיטוריית,IL,שוופס מי טוניק ללא סוכר 1.5 ליטר,ליטרים,1.50,ליטר,false,1,15.90,10.6000,true,1,156569
7290019056355,false,תפוזינה לימונענע 1.5,"כד בני דרום בע""מ",IL,תפוזינה לימונענע 1.5 ל',ליטרים,1.50,ליטר,false,1,11.50,7.6667,true,1,156570
7290019056362,false,תפוזינה ענבים 1.5 לי,"יפאורה תבורי בע""מ",IL,תפוזינה ענבים 1.5 ל',ליטרים,1.50,ליטר,false,1,11.50,7.6667,true,1,156571
7290019056379,false,תפוזינה תפוזים 1.5 ל,"יפאורה תבורי בע""מ",IL,תפוזינה תפוזים 1.5 ל',ליטרים,1.50,ליטר,false,1,11.50,7.6667,true,1,156572
7290019056386,false,תפוזינה אשכוליות 1.5,"יפאורה תבורי בע""מ",IL,תפוזינה אשכוליות 1.5 ל',ליטרים,1.50,ליטר,false,1,11.50,7.6667,true,1,156573
7290019056416,false,תפוזינה לימונדה ורוד,"יפאורה תבורי בע""מ",IL,תפוזינה לימונדה ורודה 1.5 ל',ליטרים,1.50,ליטר,false,1,11.50,7.6667,true,1,156576
7290019056430,false,תפוזינה תפוזים לייט,"יפאורה תבורי בע""מ",IL,תפוזינה תפוזים לייט 1.5 ל',ליטרים,1.50,ליטר,false,1,11.50,7.6667,true,1,156578
7290019056447,false,תפוזינה אשכוליות ליי,"כד בני דרום בע""מ",IL,תפוזינה אשכוליות לייט 1.5 ל',ליטרים,1.50,ליטר,false,1,11.50,7.6667,true,1,156579
7290019056478,false,ספרינג תה אפרסק 1.5,"יפאורה תבורי בע""מ",IL,ספרינג  tea אפרסק 1.5 ל',ליטרים,1.50,ליטר,false,1,9.90,6.6000,true,1,156582
7290019056485,false,ספרינג תה ירוק לימון,"יפאורה תבורי בע""מ",IL,ספרינג  tea תה ירוק לימון לואיזה 1.5 ל',ליטרים,1.50,ליטר,false,1,9.90,6.6000,true,1,156583
7290019056508,false,משקה פרוט ווטר ענבים,"יפאורה תבורי בע""מ",IL,Fruit Water ענבים 1.5 ל',ליטרים,1.50,ליטר,false,1,10.90,7.2667,true,1,156584
7290019056515,false,משקה פרוט ווטר אננס,"כד בני דרום בע""מ",IL,Fruit Water אננס 1.5 ל',ליטרים,1.50,ליטר,false,1,10.90,7.2667,true,1,156585
7290019056522,false,משקה פרוט ווטר תות 1,"יפאורה תבורי בע""מ",IL,Fruit Water תות 1.5 ל',ליטרים,1.50,ליטר,false,1,10.90,7.2667,true,1,156586
7290019056539,false,משקה פרוט ווטר אפרסק,"יפאורה תבורי בע""מ",IL,Fruit Water אפרסק 1.5 ל',ליטרים,1.50,ליטר,false,1,10.90,7.2667,true,1,156587
7290019056546,false,משקה פרוט ווטר אבטיח,"יפאורה תבורי בע""מ",IL,Fruit Water אבטיח 1.5 ל',ליטרים,1.50,ליטר,false,1,10.90,7.2667,true,1,156588
7290019056553,false,מים עין גדי שישייה 2,עין גדי מים מינרליים,IL,מים עין גדי שישייה 2 ליטר,ליטרים,12.00,ליטר,false,6,13.80,1.1500,true,1,156589
7290019056560,false,מים עין גדי בקבוק 2,יפאורה,IL,מים עין גדי בקבוק 2 ליטר,ליטרים,2.00,ליטר,false,1,4.20,2.1000,true,1,156590
7290019056577,false,ספרינג מנגו 1.5 ליטר,"כד בני דרום בע""מ",IL,ספרינג מנגו 1.5 ל',ליטרים,1.50,ליטר,false,1,11.50,7.6667,true,1,156591
7290019056584,false,ספרינג תפוזים 1.5 לי,"כד בני דרום בע""מ",IL,ספרינג תפוזים 1.5 ל',ליטרים,1.50,ליטר,false,1,11.50,7.6667,true,1,156592
7290019056591,false,ספרינג ענבים 1.5 ליט,"כד בני דרום בע""מ",IL,ספרינג ענבים 1.5 ל',ליטרים,1.50,ליטר,false,1,11.50,7.6667,true,1,156593
7290019056607,false,ספרינג תפוחים 1.5 לי,"כד בני דרום בע""מ",IL,ספרינג תפוחים 1.5 ל',ליטרים,1.50,ליטר,false,1,11.50,7.6667,true,1,156594
7290019056614,false,ספרינג אפרסק 1.5 ליט,"כד בני דרום בע""מ",IL,ספרינג אפרסקים 1.5 ל',ליטרים,1.50,ליטר,false,1,11.50,7.6667,true,1,156595
7290019056621,false,ספרינג פירות קיץ טרו,"יפאורה תבורי בע""מ",IL,ספרינג פירות טרופיים 1.5 ל',ליטרים,1.50,ליטר,false,1,11.50,7.6667,true,1,156596
7290019056638,false,ספרינג תות בננה 1.5,"כד בני דרום בע""מ",IL,ספרינג תות בננה 1.5 ל',ליטרים,1.50,ליטר,false,1,11.50,7.6667,true,1,156597
7290019056645,false,ספרינג אגס סברס תפוח,"יפאורה תבורי בע""מ",IL,ספרינג תפוח אגס סברס 1.5 ל',ליטרים,1.50,ליטר,false,1,11.50,7.6667,true,1,156598
7290019056881,false,סודה שוופס 1.5 ליטר,"כד בני דרום בע""מ",IL,סודה שוופס 1.5 ליטר,ליטרים,1.50,ליטר,false,1,4.20,2.8000,true,1,156761
7290019056898,false,סודה שוופס לימון 1.5,"כד בני דרום בע""מ",IL,סודה שוופס לימון 1.5 ליטר,ליטרים,1.50,ליטר,false,1,4.20,2.8000,true,1,156762
7290019056904,false,סודה שוופס נענע ליים,"כד בני דרום בע""מ",IL,סודה שוופס נענע ליים 1.5 ליטר,ליטרים,1.50,ליטר,false,1,4.20,2.8000,true,1,156763
7290019056942,false,מים עין גדי בקבוק 2,יפאורה,IL,מים עין גדי בקבוק 2 ליטר,ליטרים,2.00,ליטר,false,1,4.20,2.1000,true,1,156741
7290019056959,false,מי עדן בקבוק 1.5 ליט,יפאורה,IL,מי עדן בקבוק 1.5 ליטר,ליטרים,1.50,ליטר,false,1,3.20,2.1333,true,1,156603
7290019056966,false,מי עדן בקבוק 1.5 ליט,יפאורה,IL,מי עדן בקבוק 1.5 ליטר,ליטרים,1.50,ליטר,false,1,3.20,2.1333,true,1,156766
7290019056973,false,מי עדן שישייה בקבוק,מופק ממקור בזלתי עדן,IL,מי עדן שישייה בקבוק 1.5 ליטר,ליטרים,9.00,ליטר,false,6,14.90,1.6556,true,1,156604
7290019060369,true,שעועית צהובה חתוכה ג,,,שעועית צהובה חתוכה ג,,0.00,,false,,12.90,0.0000,true,1,160200
7290019068006,false,המבורגר אנגוס  220אי,קצביית פרימיום,IL,המבורגר אנגוס  220איתן,גרמים,880.00,100 גרם,false,1,69.90,7.9432,true,1,155633
7290019068037,false,המבוגר אנגוס 100קפוא,קצביית פרימיום,IL,המבוגר אנגוס 100קפוא 600 גרם איתן,גרמים,600.00,100 גרם,false,1,49.90,8.3167,true,1,155636
7290019068044,false,קציצות עירקיות 800 ג,,,קציצות עירקיות 800 גרם קפוא איתן,גרמים,800.00,100 גרם,false,1,64.90,8.1125,true,1,155637
7290019068068,false,קבבון סלוניקי קפוא 5,,IL,קבבון סלוניקי קפוא 570 גרם איתן,גרמים,570.00,100 גרם,false,1,44.90,7.8772,true,1,155639
7290019068075,false,צוריסוס פיקנטי קפוא,,,צוריסוס פיקנטי קפוא 900 גרם איתן,גרמים,900.00,100 גרם,false,1,69.90,7.7667,true,1,155640
7290019068082,false,קבב קינמון 600 גרם ק,,IL,קבב קינמון 600 גרם קפוא איתן,גרמים,600.00,100 גרם,false,1,74.90,12.4833,true,1,155641
7290019068099,false,קציצות עגל טלה 800 ג,,IL,קציצות עגל טלה 800 גרם קפוא איתן,גרמים,800.00,100 גרם,false,1,64.90,8.1125,true,1,155642
7290019068129,false,קבב עגל טלה 650 גרם,,IL,קבב עגל טלה 650 גרם קפוא איתן,גרמים,650.00,100 גרם,false,1,54.90,8.4462,true,1,155645
7290019137085,true,חטיף אצות אורגני תבו,,,חטיף אצות אורגני תבו,,0.00,,false,,54.90,0.0000,true,1,161016
7290019137092,false,סירופ מייפל קנדי אור,NOVOFRUCHT SK S.R.O,CA,"סירופ מייפל קנדי אורגני תבואות 250 מ""ל",מיליליטרים,250.00,"100 מ""ל",false,1,22.90,9.1600,true,1,160104
7290019142461,true,מאג קרמיקהציפורים,,,מאג קרמיקהציפורים,,0.00,,false,,16.90,0.0000,true,1,160638
7290019143079,true,מאג קרמיקה HAPPY MIN,,,מאג קרמיקה HAPPY MIN,,0.00,,false,,16.90,0.0000,true,1,160227
7290019153313,false,פרוט אנד ווג תפוח חמ,יפאורה תבורי בעמ,IL,פרוט אנד ווג תפוח חמוציות אוכמניות 350,מיליליטרים,350.00,"100 מ""ל",false,1,8.90,2.5429,true,1,158283
7290019153344,false,תפוזינה סנגרייה 1.5,יפאורה,IL,תפוזינה סנגרייה 1.5 ליטר,ליטרים,1.50,ליטר,false,1,11.50,7.6667,true,1,158633
7290019153351,false,תפוזינה פינק אוזו 1.,יפאורה,IL,תפוזינה פינק אוזו 1.5 ליטר,ליטרים,1.50,ליטר,false,1,11.50,7.6667,true,1,158634
7290019153368,false,תפוזינה מוחיטו 330 מ,יפאורה,IL,"תפוזינה מוחיטו 330 מ""ל",מיליליטרים,330.00,"100 מ""ל",false,1,5.90,1.7879,true,1,158638
7290019153375,false,תפוזינה מוחיטו 1.5 ל,יפאורה,IL,תפוזינה מוחיטו 1.5 ליטר,ליטרים,1.50,ליטר,false,1,11.50,7.6667,true,1,158635
7290019153382,false,תפוזינה סנגרייה 330,יפאורה,IL,"תפוזינה סנגרייה 330 מ""ל",מיליליטרים,330.00,"100 מ""ל",false,1,5.90,1.7879,true,1,158636
7290019153399,false,תפוזינה פינק אוזו 33,יפאורה,IL,"תפוזינה פינק אוזו 330 מ""ל",מיליליטרים,330.00,"100 מ""ל",false,1,5.90,1.7879,true,1,158637
7290019196204,false,רביעיית טונה הספן בש,תעשיות פילטונה,IL,רביעיית טונה הספן בשמן קנולה   540גרם,גרמים,540.00,100 גרם,false,4,19.90,3.6852,true,1,157828
7290019232834,false,בייגלה מצופה קרם עוג,אולקר מקבוצת פלאדיס,TR,בייגלה מצופה קרם עוגיות ושוקולד 140 גרם,גרמים,140.00,100 גרם,false,1,8.90,6.3571,true,1,158268
7290019233046,false,זית קלמטה בלונד קלמט,זיתא,IL,זית קלמטה בלונד קלמטה מרינד זיתא 215 גרם,גרמים,215.00,100 גרם,false,1,13.90,6.4651,true,1,156982
7290019240228,false,נקניקיות צורי גולייט,צ'ורוס אורגינל איי א,IL,נקניקיות צורי גולייט 550 גרם,גרמים,550.00,100 גרם,false,1,39.90,7.2545,true,1,158261
7290019240235,false,נקניקיות צורי נסרין,צ'ורוס אורגינל איי א,IL,נקניקיות צורי נסרין 550 גרם,גרמים,550.00,100 גרם,false,1,44.90,8.1636,true,1,158260
7290019240242,false,נקניקיות סביליה צורי,צ'ורוס אורגינל איי א,IL,נקניקיות סביליה צורי 550 גרם,גרמים,550.00,100 גרם,false,1,39.90,7.2545,true,1,158265
7290019240273,false,נקניקיות צורי ליליאן,צ'ורוס אורגינל איי א,IL,"נקניקיות צורי ""ליליאן"" 550 גרם",גרמים,550.00,100 גרם,false,1,39.90,7.2545,true,1,158263
7290019240297,false,נקניקיות צורי סימה 5,צ'ורוס אורגינל איי א,IL,נקניקיות צורי סימה 550 גרם,גרמים,550.00,100 גרם,false,1,39.90,7.2545,true,1,158262
7290019240365,false,נקניקיות צורי פיונה,צ'יריו,IL,נקניקיות צורי פיונה  300גרם,גרמים,300.00,100 גרם,false,1,25.90,8.6333,true,1,159882
7290019297239,false,צימוק כהה 330 גרם,"דין שיווק וקליה בע""מ",,צימוק כהה 330 גרם,גרמים,330.00,100 גרם,false,1,12.90,3.9091,true,1,156380
7290019297451,false,"מי ורדים 500 מ""ל",אף.סי תבליני בגליל ב,BE,שקדיה מי ורדים 500 מל,מיליליטרים,500.00,"100 מ""ל",false,1,15.90,3.1800,true,1,120316
7290019297550,false,בוטנים מטוגנים  185,קריניציה ויטמינה אס,IL,בוטנים מטוגנים,גרמים,185.00,100 גרם,false,1,7.90,4.2703,true,1,103218
7290019297628,false,שקד טבעי  150 גרם,דין שיווק,IL,שקד טבעי  150 גרם,גרמים,150.00,100 גרם,false,1,15.90,10.6000,true,1,155446
7290019297635,false,שקדים קלויים ששון הק,דין שיווק,IL,שקדים קלויים ששון הקולה 150 גרם,גרמים,150.00,100 גרם,false,1,17.90,11.9333,true,1,155447
7290019297642,false,גרעין שחור קלוי ללא,דין שיווק,IL,גרעין שחור קלוי ללא מלח 150 גר ששון,גרמים,150.00,100 גרם,false,1,5.90,3.9333,true,1,155508
7290019303008,false,שמפו קיק מועשר בתמצי,ש.שוורץ,IL,שמפו קיק מועשר בתמצית ספירולינה 450 מל,מיליליטרים,450.00,"100 מ""ל",false,1,27.90,6.2000,true,1,160609
7290019303053,false,מרכך קיק מועשר בספיר,ש.שוורץ,IL,מרכך קיק מועשר בספירולינה 450 מל,מיליליטרים,450.00,"100 מ""ל",false,1,27.90,6.2000,true,1,160610
7290019303657,false,פינוקיות שומשום -  מ,טבע ירוק,IL,פינוקיות שומשום -  מיקס בריאות 250 גרם,גרמים,250.00,100 גרם,false,1,17.90,7.1600,true,1,160535
7290019303701,false,פינוקיות שומשום - מי,טבע ירוק,IL,פינוקיות שומשום - מיקס ישראלי 250 גרם,גרמים,250.00,100 גרם,false,1,17.90,7.1600,true,1,160536
7290019303756,false,פינוקיות שומשום וגרע,טבע ירוק,IL,פינוקיות שומשום וגרעינים  250 גרם,גרמים,250.00,100 גרם,false,1,17.90,7.1600,true,1,160537
7290019303800,false,פינוקיות שומשום עם ש,טבע ירוק,IL,פינוקיות שומשום עם שקדים וחמוציות 250 גר,גרמים,250.00,100 גרם,false,1,17.90,7.1600,true,1,160538
7290019393016,false,קמח חיטה לבן ללא צו,טבע ירוק,IL,קמח חיטה לבן ללא צורך בניפוי האופה1 קג,קילוגרמים,1.00,"ק""ג",false,1,6.90,6.9000,true,1,160539
7290055090702,false,איגלו שלוקים,"כרמית מזון בע""מ",IL,"איגלו שלוקים 70 יח ""ווסטהיים",מיליליטרים,29.00,"100 מ""ל",false,1,12.90,44.4828,true,1,91832
7290055090801,false,כרמית שוקולד לבן,כרמית תעשיות ממתקים,IL,"שוקולד לבן לל""ס 85ג*12בדיס*2בקרט",גרמים,85.00,100 גרם,false,1,6.90,8.1176,true,1,102482
7290067642005,false,בירה גולדסטאר SLOW B,טמפו,IL,גולדסטאר 10% בירה לאגר חזקה מאוד,מיליליטרים,330.00,"100 מ""ל",false,1,9.50,2.8788,true,1,120255
7290100235324,false,עוגת בריוש גבינה 550,בונזור,,עוגת בריוש גבינה 550 גרם,לא מנהל יחידת מידה,0.00,לא מנהל יחידת מידה,false,1,25.90,0.0000,true,1,57035
7290100235553,false,עוגת בריוש תפוחים,בונזור,,עוגת בריוש תפוחים ואגוזים,לא מנהל יחידת מידה,0.00,לא מנהל יחידת מידה,false,1,25.90,0.0000,true,1,59540
7290100240137,false,למייבש כביסה בדין,"זוהר דליה, קיבוץ דלי",IL,בדין  תרסיס ריחני למייבש הכביסה כחול 500 מל,מיליליטרים,500.00,"100 מ""ל",false,1,19.90,3.9800,true,1,76835
7290100240144,false,למייבש כביסה בדין,"זוהר דליה, קיבוץ דלי",IL,בדין  תרסיס ריחני למייבש כביסה ורוד 500 מל,מיליליטרים,500.00,"100 מ""ל",false,1,19.90,3.9800,true,1,80993
7290100240632,false,פתית 6 דגנים 250 גרם,יוניליוור ישראל מזון,IL,פתיתי 6 דגנים קרקר פריך מ6 דגנים,גרמים,250.00,100 גרם,false,1,18.20,7.2800,true,1,72527
7290100240656,false,פתית שיפון,יוניליוור ישראל מזון,IL,פתית שיפון קרקר פריך משיפון ללא תוספת מלח וסוכר,גרמים,300.00,100 גרם,false,1,18.20,6.0667,true,1,76162
7290100243084,true,מיונז הלמנס 789 ג,יונליוור מפעל רקסדיי,CA,HELLMANN'S אמיתי 789 G,Unknown,0.00,Unknown,false,1,23.90,0.0000,true,1,140548
7290100243671,false,מרכך כביסה בדין אקסט,יוניליוור סנאיי וי ט,TR,בדין  מרכך כביסה מרוכז בדין אקסטרה כחול 960 מל,מיליליטרים,960.00,"100 מ""ל",false,1,19.90,2.0729,true,1,50571
7290100245231,false,מרק נמס בכוס ועוד עו,יוניליוור ישראל מזון,IL,קנור נמס בכוס טעם עוף עם שקדי מרק ואטריות 50 גרם,גרמים,50.00,100 גרם,false,1,7.50,15.0000,true,1,61468
7290100249598,false,רוטב שום ודבש קנור 3,יוניליוור ישראל מזון,IL,רוטב לעוף שום ודבש קנור,גרמים,320.00,100 גרם,false,1,13.90,4.3438,true,1,80550
7290100249659,false,רוטב לעוף צילי שום ק,יוניליוור ישראל מזון,IL,רוטב לעוף צ'ילי מתוק ושום קנור,גרמים,320.00,100 גרם,false,1,13.90,4.3438,true,1,81332
7290100412343,true,קוויק לניקוי כללי  -,האי נאם סי או אל.טי.,IL,מטליות לחות,לא מנהל יחידת מידה,0.00,לא מנהל יחידת מידה,false,1,8.90,0.0000,true,1,124779
7290100653586,false,דאודורנט ליידי ספיד,קולגייט פלמוליב,US,דאודורנט ליידי ספיד סטיק 24/7 גל פרש פיוזן 65 גרם,גרמים,65.00,100 גרם,false,1,19.90,30.6154,true,1,25066
7290100658338,false,סבון כלים פלמוליב כח,הנסיך- מפעל לייצור ט,GR,"פלמוליב נוזל כלים אוקסי פלוס 750 מ""ל",מיליליטרים,750.00,"100 מ""ל",false,1,11.90,1.5867,true,1,29294
7290100659090,false,מאגדת חטיף דגנים תמר,"כד בני דרום בע""מ",IL,FRמאגדת חטיף דגנים תמרים וקינמון 110 גרם,גרמים,110.00,100 גרם,false,1,16.90,15.3636,true,1,31628
7290100680650,false,מנה חמה נודלס תאילנד,THAI PRESIDENT FOODS,TH,מנה חמה נודל.+ירקות תאילנדי6 6*76גרם,גרמים,76.00,100 גרם,false,1,6.90,9.0789,true,1,24266
7290100680667,false,מנה חמה נודלס סצואן,THAI PRESIDENT FOODS,TH,מנה חמה נודלס+ירקות ט.סצ'ואן6 6*76גרם,גרמים,76.00,100 גרם,false,1,6.90,9.0789,true,1,24267
7290100680711,false,פירורית זהב 350 גר,לחמנו,IL,אסם פירורית זהב 12*350גרם,גרמים,350.00,100 גרם,false,1,8.90,2.5429,true,1,31200
7290100680728,false,פירורית רגילה,מיוצר עי קונדיטוריית,IL,אסם פירורית 20*350גרם,גרמים,350.00,100 גרם,false,1,7.60,2.1714,true,1,31201
7290100681015,false,פודינג ריבת חלב,מיוצר עי קונדיטוריית,IL,פודינג ריבת חלב 84 גרם,גרמים,84.00,100 גרם,false,1,5.90,7.0238,true,1,57916
7290100681138,false,מארז אפרופו 50 גרם 3,"אסם השקעות בע""מ",IL,אפרופו מאח.10 3*50גרם,גרמים,150.00,100 גרם,false,1,12.90,8.6000,true,1,22014
7290100681503,false,סירופ עסיס דיאט לימו,בית-השיטה עסיס תעשיו,IL,עסיס לימונענע דיאט 12*1ליטר,ליטרים,1.00,ליטר,false,1,21.90,21.9000,true,1,23916
7290100681510,false,סירופ אשכולית אדומה,בית-השיטה עסיס תעשיו,IL,עסיס אשכולית אדומה דיאטטי 12*1ליטר,ליטרים,1.00,ליטר,false,1,21.90,21.9000,true,1,23917
7290100683880,false,תבשיל פירה 260 גרם,"אסם השקעות בע""מ",IL,אסם פירה 6*260גרם,גרמים,260.00,100 גרם,false,1,15.20,5.8462,true,1,32360
7290100684139,false,פסטה אסם מיני מקרוני,פסטה זארה,IT,אסם מיני מקרוני 12*500גרם,גרמים,500.00,100 גרם,false,1,6.90,1.3800,true,1,31251
7290100685136,false,מרק טעם עוף,"אסם השקעות בע""מ",IL,אסם מרק טעם עוף 8*1קג,קילוגרמים,1.00,"ק""ג",false,1,16.20,16.2000,true,1,34009
7290100685334,false,מרק עוף אמיתי ר.טבעי,"אסם השקעות בע""מ",IL,אסם מרק עוף רכיבים טבעיים בדצ6*400גרם,גרמים,400.00,100 גרם,false,1,27.90,6.9750,true,1,42283
7290100685341,false,אבקת מרק טעם עוף 400,"אסם השקעות בע""מ",IL,אסם מרק זך טעם עוף רכיבים טבעים 6*400ג,גרמים,400.00,100 גרם,false,1,19.90,4.9750,true,1,34988
7290100685600,false,פירורית זהב חיטה מלא,לחמנו,IL,אסם פירורית זהב חיטה מלאה 12*200גרם,גרמים,200.00,100 גרם,false,1,7.50,3.7500,true,1,37673
7290100687109,false,במבה במילוי נוגט,"אסם השקעות בע""מ",IL,במבה במילוי נוגט 60 גרם,גרמים,60.00,100 גרם,false,1,4.90,8.1667,true,1,47717
7290100689301,false,מרק טעם עוף זך עדיף,"אסם השקעות בע""מ",IL,אסם עדיף זך טעם עוף 6*400גרם,גרמים,400.00,100 גרם,false,1,18.70,4.6750,true,1,46593
7290100700020,false,גריסי פנינה 500 גרם,"סוגת תעשיות בע""מ",IL,גריסי פנינה 500 גרם,גרמים,500.00,100 גרם,false,1,5.90,1.1800,true,1,24144
7290100700242,false,"אורז עגול מלא 1 ק""ג","סוגת תעשיות בע""מ",IL,"אורז עגול מלא 1 ק""ג",קילוגרמים,1.00,"ק""ג",false,1,12.90,12.9000,true,1,84866
7290100700273,false,קינואה סוגת 500 גרם,"סוגת תעשיות בע""מ",IL,קינואה 500 גרם,גרמים,500.00,100 גרם,false,1,15.90,3.1800,true,1,61471
7290100700372,false,אורז בסמטי מלא סוגת,"סוגת תעשיות בע""מ",IL,אורז בסמטי מלא 1 קג,קילוגרמים,1.00,"ק""ג",false,1,16.90,16.9000,true,1,71080
7290100700389,false,אורז אדום,סוגת,IL,"אורז אדום סוגת 1 ק""ג",קילוגרמים,1.00,"ק""ג",false,1,13.90,13.9000,true,1,41361
7290100700396,false,"אורז יסמין סוגת 1 ק""","סוגת תעשיות בע""מ",IL,אורז יסמין קלאסי,קילוגרמים,1.00,"ק""ג",false,1,13.90,13.9000,true,1,84676
7290100700587,false,בורגול סוגת 500 גרם,"סוגת תעשיות בע""מ",IL,בורגול 500 גרם,גרמים,500.00,100 גרם,false,1,5.90,1.1800,true,1,69050
7290100701126,false,שעועית מש 500 גרם סו,סוגת,IL,שעועית מש 500 גרם סוגת,גרמים,500.00,100 גרם,false,1,9.90,1.9800,true,1,112115
7290100701331,false,"קמח רב תכליתי 1 ק""ג","שטיבל בע""מ - טחנות ק",IL,קמח רב תכליתי +1,קילוגרמים,1.00,"ק""ג",false,1,7.90,7.9000,true,1,82426
7290100701348,false,קמח שיפון מלא סוגת 1,שטיבל,IL,"קמח שיפון מלא סוגת 1 ק""ג",קילוגרמים,1.00,"ק""ג",false,1,7.90,7.9000,true,1,82516
7290100701454,false,גרישה 500 גרם,"סוגת תעשיות בע""מ",IL,גרישה 500 גרם,גרמים,500.00,100 גרם,false,1,5.90,1.1800,true,1,74318
7290100701577,false,"קמח לחם סוגת 1 ק""ג",שטיבל,IL,"קמח לחם סוגת 1 ק""ג",קילוגרמים,1.00,"ק""ג",false,1,6.90,6.9000,true,1,82976
7290100701874,false,"קמח כוסמין מלא 1ק""ג",טחנות קמח שטיבל באר,IL,קמח כוסמין מלא + 14,קילוגרמים,1.00,"ק""ג",false,1,17.90,17.9000,true,1,118563
7290100701881,false,"קמח פיצה 1 ק""ג - סוג","שטיבל בע""מ - טחנת קמ",IL,"קמח פיצה 1 ק""ג - סוגת",קילוגרמים,1.00,"ק""ג",false,1,7.90,7.9000,true,1,83313
7290100702611,false,פתיתים אפויים אורז,אסיף,,פתיתים אפויים אורז 500 גרם,גרמים,500.00,100 גרם,false,1,4.90,0.9800,true,1,101237
7290100702628,false,פתיתים אפויים קוסקוס,יושלם,,פתיתים אפויים קוסקוס 500 גרם,גרמים,500.00,100 גרם,false,1,4.90,0.9800,true,1,102323
7290100702994,false,סוכר דמררה בשקית 500,"סוגת תעשיות בע""מ",IL,סוכר דמררה 500 גרם,גרמים,500.00,100 גרם,false,1,6.90,1.3800,true,1,115938
7290100703007,false,עדשים שחורות בלוגה 5,האי נאם סי או אל.טי.,IL,עדשים שחורות בלוגה,גרמים,500.00,100 גרם,false,1,8.90,1.7800,true,1,127793
7290100703533,false,קמח קסם שמרים סוגת 1,"שטיבל בע""מ",IL,"קמח קסם שמרים סוגת 1 ק""ג",קילוגרמים,1.00,"ק""ג",false,1,9.90,9.9000,true,1,119621
7290100703861,false,קמח קסם לחלה סוגת 1,סוגת,IL,"קמח קסם לחלה סוגת 1 ק""ג",קילוגרמים,1.00,"ק""ג",false,1,9.90,9.9000,true,1,127802
7290100704141,false,סודה לשתייה 100 גרם,א.ל. ייצור ושיווק תב,IL,סודה לשתיה 100 גרם,גרמים,100.00,100 גרם,false,1,3.30,3.3000,true,1,127512
7290100704493,false,קמח שמרים פיצה  סוגת,"שטיבל בע""מ - טחנת קמ",IL,קמח שמרים פיצה,קילוגרמים,1.00,"ק""ג",false,1,9.90,9.9000,true,1,154107
7290100704660,false,קינואה מיקס  סוגת 50,"סוגת תעשיות בע""מ",IL,קינואה מיקס  סוגת 500גרם,גרמים,500.00,100 גרם,false,1,15.90,3.1800,true,1,154896
7290100850909,false,דוריטוס נאצו 70 גרם,שטראוס,IL,דוריטוס נאצו 70 גרם,גרמים,70.00,100 גרם,false,1,3.90,5.5714,true,1,22397
7290100850916,false,דוריטוס חמוץ חריף 70,"שטראוס פריטו ליי בע""",IL,דוריטוס חמוץ חריף 70 גר 48 יח,גרמים,70.00,100 גרם,false,1,3.90,5.5714,true,1,22398
7290100850923,false,דוריטוס גריל 70 גרם,שטראוס פריטו ליי  בע,IL,דוריטוס גריל 70 גר 48 יח,גרמים,70.00,100 גרם,false,1,3.90,5.5714,true,1,22399
7290100850930,false,דוריטוס טבעי 70 גרם,שטראוס פריטו ליי  בע,IL,דוריטוס טבעי 70 גר 48 יח,גרמים,70.00,100 גרם,false,1,3.90,5.5714,true,1,22400
7290100858592,false,אבקת קקאו עלית 150 ג,הנסיך- מפעל לייצור ט,IL,שקית קקאו 150גרם/20שק/150גר,גרמים,150.00,100 גרם,false,1,11.80,7.8667,true,1,38972
7290100858608,false,אבקת קקאו,שטראוס גרופ,,אבקת קקאו 500 גרם,גרמים,500.00,100 גרם,false,1,26.90,5.3800,true,1,38973
7290100891230,false,מגשית גפילטע ( 4 יח,קלאס פוד,IL,מגשית גפילטע,לא מנהל יחידת מידה,0.00,לא מנהל יחידת מידה,false,1,35.00,0.0000,true,1,96994
7290100921401,false,הוואי שמפו קרטין מחז,טרופיקל דגיל,,הוואי שמפו קרטין מחזק 700   מל,מיליליטרים,700.00,"100 מ""ל",false,1,12.90,1.8429,true,1,98265
7290100921418,false,הוואי מרכך קרטין,תאי פרזידנט פוד פאבל,IL,הוואי מרכך קרטין מחזק לשיער עדין או חלש 700 מל,מיליליטרים,700.00,"100 מ""ל",false,1,12.90,1.8429,true,1,98266
7290100921593,false,כדוריות לאסלה,"הנקל סוד בע""מ",,כדוריות אסלה בריח לימון 50 גר,גרמים,50.00,100 גרם,false,1,7.90,15.8000,true,1,95928
7290100921616,false,כדוריות אסלה אקונומי,הנקל,,סוד מאת ברף סבון אסלה בניחוח אורנים 50 גרם,גרמים,50.00,100 גרם,false,1,7.90,15.8000,true,1,109586
7290100921623,false,כדוריות אקונומיקה,"הנקל סוד בע""מ",HU,סוד מאת ברף כדוריות לאסלה אקונומיקה,גרמים,50.00,100 גרם,false,1,7.90,15.8000,true,1,95840
7290100928561,false,אבקת כביסה סוד לבנדר,"הנקל סוד בע""מ",IL,"סוד אבקת כביסה 5 ק""ג",קילוגרמים,5.00,"ק""ג",false,1,34.90,6.9800,true,1,94734
7290101110811,false,גלידל פסיפלורה 8,פלדמן,IL,גלידל פסיפלורה 8,גרמים,600.00,100 גרם,false,1,36.90,6.1500,true,1,47467
7290101112228,true,גלידל פרי אננס 8 640,פלדמן,IL,גלידל פרי אננס 8 640 גרם,גרמים,640.00,100 גרם,false,1,25.90,4.0469,true,1,105788
7290101112518,true,גרניטה חלבי אייס קפ,פלדמן,IL,גרניטה חלבי אייס קפוצינו 6 480 גרם,גרמים,480.00,100 גרם,false,1,22.90,4.7708,true,1,110879
7290101112921,true,גלידל פרי פירות טרופ,פלדמן,IL,גלידל פרי פירות טרופי 8 640 גרם,גרמים,640.00,100 גרם,false,1,25.90,4.0469,true,1,124114
7290101113157,false,גלידל וניל עוגיות,פלדמן,IL,גלידל וניל עוגיות  6 312 גרם,גרמים,312.00,100 גרם,false,1,27.90,8.9423,true,1,148934
7290101113379,false,יופלה פריזי יוגורט ו,פלדמן,IL,יופלה פריזי יוגורט וסורבה תות 5 350 גרם,גרמים,350.00,100 גרם,false,1,22.90,6.5429,true,1,148786
7290101113393,false,יופלה מיקס יוגורט פי,פלדמן,IL,יופלה מיקס יוגורט פירות יער 5 350 גרם,גרמים,350.00,100 גרם,false,1,22.90,6.5429,true,1,148784
7290101113409,false,יופלה מיקס יוגורט תו,פלדמן,IL,יופלה מיקס יוגורט תות 5 350 גרם,גרמים,350.00,100 גרם,false,1,22.90,6.5429,true,1,148783
7290101113454,false,גלידל יוגורט אפרסק(8,פלקו בעמ,IL,גלידל יוגורט אפרסק,לא מנהל יחידת מידה,0.00,לא מנהל יחידת מידה,false,1,36.90,0.0000,true,1,148943
7290101453871,false,נר מספר   0,סודי,,נר מספר   0,Unknown,0.00,Unknown,false,1,4.50,0.0000,true,1,104076
7290101453888,false,נר מספר  1,סודי,,נר מספר  1,Unknown,0.00,Unknown,false,1,4.50,0.0000,true,1,104077
7290101453895,false,נר מספר  2,סודי,,נר מספר  2,Unknown,0.00,Unknown,false,1,4.50,0.0000,true,1,104078
7290101453901,false,נר מספר  3,סודי,,נר מספר  3,Unknown,0.00,Unknown,false,1,4.50,0.0000,true,1,104079
7290101453918,false,נר מספר  4,סודי,,נר מספר  4,Unknown,0.00,Unknown,false,1,4.50,0.0000,true,1,104080
7290101453925,false,נר מספר     5,סודי,,נר מספר     5,Unknown,0.00,Unknown,false,1,4.50,0.0000,true,1,104081
7290101453932,false,נר מספר 6,סודי,,נר מספר 6,Unknown,0.00,Unknown,false,1,4.50,0.0000,true,1,104082
7290101453949,false,נר מספר  7,סודי,,נר מספר  7,Unknown,0.00,Unknown,false,1,4.50,0.0000,true,1,104083
7290101453956,false,נר מספר  8,סודי,,נר מספר  8,Unknown,0.00,Unknown,false,1,4.50,0.0000,true,1,104084
7290101453963,false,נר מספר  9,סודי,,נר מספר  9,Unknown,0.00,Unknown,false,1,4.50,0.0000,true,1,104085
7290101486688,false,מאגדת חטיף דגנים עם,"כד בני דרום בע""מ",IL,FREEמאגדת חטיף דגנים עם שוקולד 100 גרם,גרמים,100.00,100 גרם,false,1,16.90,16.9000,true,1,43344
7290101488248,false,דאו ליידי ספיד סטיק,קולגייט פלמוליב,IT,דאו ליידי ספיד סטיק רול און ורוד 50 מל,מיליליטרים,50.00,"100 מ""ל",false,1,19.90,39.8000,true,1,48607
7290101488286,false,דאודורנט ספרי ליידי,קולגייט פלמוליב,RU,דאודורנט ספרי ל.ספיד ורוד פרש פיוזן150 מ,מיליליטרים,150.00,"100 מ""ל",false,1,23.90,15.9333,true,1,58278
7290101488316,false,דאו ליידי ספיד סטיק,קולגייט פלמוליב,US,דאודורנט ליידי ספיד סטיק ללא סימן שאוור פרש 65 גרם,מיליליטרים,65.00,"100 מ""ל",false,1,19.90,30.6154,true,1,54152
7290101551027,false,קפסולות קפה אספרסו 1,שטראוס קפה בי.וי,IL,קפסולות קפה אספרסו 14,גרמים,50.00,100 גרם,false,1,16.90,33.8000,true,1,128700
7290101551263,false,סילאן טבעי יד מרדכי,"פוליבה בע""מ",IL,סילאן טבעי יד מרדכי 700 גרם,גרמים,700.00,100 גרם,false,1,21.90,3.1286,true,1,128066
7290101551300,false,סילאן לחיץ יד מרדכי,"פוליבה בע""מ",IL,סילאן טבעי לחיץ 380 גרם,גרמים,380.00,100 גרם,false,1,16.90,4.4474,true,1,128065
7290101551539,true,דנונה פרו 20 גרם בטע,"שטראוס בריאות בע""מ",IL,דנונה פרו 20 גר אפרסק 0% שומן,גרמים,200.00,100 גרם,false,1,5.90,2.9500,true,1,126810
7290101551584,false,מארז תפוציפס קידס 10,הנסיך- מפעל לייצור ט,IL,מ. תפו קידס 10*20 גר 9 יח,גרמים,200.00,100 גרם,false,1,14.90,7.4500,true,1,126991
7290101551614,false,מארז ציטוס קראנצ גבי,הנסיך- מפעל לייצור ט,IL,מ. ציטוס גבינה 8*30 גר 15 יח רבנות,גרמים,240.00,100 גרם,false,1,14.90,6.2083,true,1,126993
7290101551638,false,מארז ציטוס כאפה 10*,הנסיך- מפעל לייצור ט,IL,מ. ציטוס כאפה 10*20 גר 9 יח,גרמים,200.00,100 גרם,false,1,13.90,6.9500,true,1,126989
7290101861386,false,נורופן לילדים תרחיף,רקיט בנקיזר,,"נורופן לילדים תרחיף בטעם תות 100 מ""ל",ליטרים,100.00,ליטר,false,1,24.90,0.2490,true,1,80005
7290101863410,false,סיליט באנג אקונומיקה,סיליט,,"סיליט באנג אקונומיקה 750 מ""ל",מיליליטרים,750.00,"100 מ""ל",false,1,14.90,1.9867,true,1,55043
7290101864127,false,קליה אוקסי ספריי,רקיט בנקיזר,IL,"ספריי מסיר כתמים וניש קליה 750 מ""ל",מיליליטרים,750.00,"100 מ""ל",false,1,17.90,2.3867,true,1,59547
7290101865261,false,נוזל הברקה למדיח,פיניש,,"פיניש נוזל הברקה למדיח 800 מ""ל",מיליליטרים,800.00,"100 מ""ל",false,1,22.90,2.8625,true,1,89903
7290101866633,false,"ג""ל להסרת כתמים קליה",קליה,,"ג""ל להסרת כתמים קליה וניש 3 ליטר",ליטרים,3.00,ליטר,false,1,26.90,8.9667,true,1,80567
7290101866787,false,קליה וניש לכביסה לבנ,קליה,,"קליה וניש לכביסה לבנה ג""ל 3 לי",ליטרים,3.00,ליטר,false,1,26.90,8.9667,true,1,81216
7290101868446,false,נורופן גל 16 כמוסות,רקיט בנקיזר,,נורופן גל 16 כמוסות A,Unknown,0.00,Unknown,false,1,31.50,0.0000,true,1,113984
7290101868507,false,נורופן כאבי מחזור,רקיט בנקיזר,,נורופן כאבי מחזור,Unknown,0.00,Unknown,false,1,18.90,0.0000,true,1,113992
7290101869702,true,גל למדיח,,,"פיניש AIO ג""ל 600 מל",מיליליטרים,600.00,"100 מ""ל",false,1,29.90,4.9833,true,1,107716
7290101869719,false,גל למדיח,רקיט בנקיזר,,"פיניש AIO ג""ל 600 מל לימון",מיליליטרים,600.00,"100 מ""ל",false,1,29.90,4.9833,true,1,107512
7290101980919,false,ביצי שוקולד מארז שלי,זאיני,,ביצי שוקולד מארז שלישייה 60 גרם,גרמים,60.00,100 גרם,false,1,12.90,21.5000,true,1,46817
7290101984412,false,זיקוק מספר,F.T.I,,זיקוק מספר,Unknown,0.00,Unknown,false,1,4.90,0.0000,true,1,97875
7290101985433,false,הפתעות לימי הולדת,NOVELTY,,הפתעות לימי הולדת,Unknown,0.00,Unknown,false,1,6.70,0.0000,true,1,93809
7290101985778,false,צמד ספריי נחש,יושלם,,צמד ספריי נחש,גרמים,0.00,100 גרם,false,1,7.10,0.0000,true,1,80384
7290101987598,false,חרב בועות סבון דורה,סודי,,חרב בועות סבון דורה,Unknown,0.00,Unknown,false,1,9.90,0.0000,true,1,91022
7290101989073,false,ממתק גלי,יושלם,,ממתק גלי,לא מנהל יחידת מידה,0.00,לא מנהל יחידת מידה,false,1,9.80,0.0000,true,1,98809
7290101999638,false,נרות מטה כוכבים הלו,סודי,,נרות מטה כוכבים הלו קיטי,Unknown,0.00,Unknown,false,1,6.90,0.0000,true,1,104883
7290101999645,false,נרות מטה כוכבים פו,סודי,,נרות מטה כוכבים פו,Unknown,0.00,Unknown,false,1,6.90,0.0000,true,1,109733
7290101999652,false,נרות מטה כוכבים מיקי,סודי,,נרות מטה כוכבים מיקי,Unknown,0.00,Unknown,false,1,6.90,0.0000,true,1,104884
7290102003853,false,נרות מטה כוכבים מיני,סודי,,נרות מטה כוכבים מיני,Unknown,0.00,Unknown,false,1,6.90,0.0000,true,1,104886
7290102030330,false,תפוציפס קראנץ מקסיקנ,"שטראוס פריטו ליי בע""",IL,תפו קראנצ מקסיקני 200 גר 12 יח - שמיטה,גרמים,200.00,100 גרם,false,1,9.90,4.9500,true,1,42479
7290102031276,false,אקטימל תות בננה  1/8,מיוצר עי קונדיטוריית,IL,אקטימל 8 תות בננה,מיליליטרים,800.00,"100 מ""ל",false,1,20.90,2.6125,true,1,42250
7290102060764,false,מרידול מברשת שיניים,Colgate (Euro)-Palmo,,מרידול זוג מברשות שיניים עדין 2 יחידות,Unknown,0.00,Unknown,false,1,33.90,0.0000,true,1,47370
7290102060979,false,אלמקס100 מל .משפחה,יבואן ומשווק: ש. שסט,PL,אלמקס משחת שיניים להגנה מפני עששת  100 מל,מיליליטרים,100.00,"100 מ""ל",false,1,18.90,18.9000,true,1,49392
7290102062195,false,משחת שיניים אלמקס,יבואן ומשווק: ש. שסט,PE,אלמקס משחת שיניים לילדים לגילאי 6-12 75 מל,מיליליטרים,75.00,"100 מ""ל",false,1,15.90,21.2000,true,1,61577
7290102300822,false,גבינת צדר אנגלית כתו,יוליניבר,,גבינת צדר אנגלית כתומה 200 גרם נני,גרמים,200.00,100 גרם,false,1,24.90,12.4500,true,1,88122
7290102300860,false,גבינת צדר אנגלית 200,יוליניבר,,גבינת צדר אנגלית 200 גרם נני,גרמים,200.00,100 גרם,false,1,24.90,12.4500,true,1,89405
7290102300877,false,גבינת צדר אנגלית מעד,כושר דייארי,,גבינת צדר אנגלית מעדנייה,קילוגרמים,1.00,"ק""ג",true,,149.00,149.0000,true,1,89383
7290102300884,false,גבינת צדר אנגלית,,,גבינת צדר אנגלית כתומה מעדנייה,קילוגרמים,1.00,"ק""ג",true,,149.00,149.0000,true,1,89382
7290102302246,false,גבינת גאודה 200 גרם,מיוצר עי קונדיטוריית,NL,גבינת גאודה נני 200 גרם,גרמים,200.00,100 גרם,false,1,27.90,13.9500,true,1,122661
7290102302260,false,גבינה גרנה פדנה 200,הנסיך- מפעל לייצור ט,IT,גבינת גראנה פדנו 200 גרם,גרמים,200.00,100 גרם,false,1,32.90,16.4500,true,1,122655
7290102302840,false,גבינת גאודה עיזים פר,מיוצר עי קונדיטוריית,NL,גבינת גאודה עיזים פרוסה  של נני 150 גרם,גרמים,150.00,100 גרם,false,1,31.90,21.2667,true,1,148358
7290102302864,false,גאודה פסטו ירוק 200,הנרי ויליך,NL,גאודה פסטו ירוק 200 גרם,גרמים,200.00,100 גרם,false,1,34.90,17.4500,true,1,148360
7290102302888,false,גאודה כמון 200 גרם,מיוצר עי קונדיטוריית,NL,גאודה כמון 200 גרם,גרמים,200.00,100 גרם,false,1,33.90,16.9500,true,1,148362
7290102302932,false,גאיה קלאסית בפרוסות,קריניציה ויטמינה אס,DE,גאיה גבינה טבעונית קלאסית בפרוסות 150 גרם,גרמים,150.00,100 גרם,false,1,22.90,15.2667,true,1,151469
7290102302949,false,גאיה בסגנון עזים בפר,קריניציה ויטמינה אס,DE,גאיה גבינה טבעונית בסגנון עיזים בפרוסות 150 גרם,גרמים,150.00,100 גרם,false,1,22.90,15.2667,true,1,151470
7290102302994,false,גאיה בסגנון פטה במי,ZIEGLER,GR,גאיה גבינה טבעונית בסגנון פטה 200 גרם,גרמים,200.00,100 גרם,false,1,29.90,14.9500,true,1,151474
7290102304745,false,גבינת פיור גולד 180,הנרי ויליך,NL,גבינת פיור גולד 180 גרם,גרמים,180.00,100 גרם,false,1,45.90,25.5000,true,1,157896
7290102390427,false,יוגורט מולר פרופ תות,טרה,,יוגורט מולר פרופ תות 150 גרם,גרמים,150.00,100 גרם,false,1,5.50,3.6667,true,1,47056
7290102390465,false,יוגורט מולר פרופ אפר,טרה,,יוגורט מולר פרופ אפרסק פסיפלורה 150 גרם,גרמים,150.00,100 גרם,false,1,5.70,3.8000,true,1,47059
7290102390489,false,יוגורט מולר פרופ לימ,טרה,,יוגורט מולר פרופ לימון 150 גרם,גרמים,150.00,100 גרם,false,1,5.50,3.6667,true,1,47061
7290102391844,false,יוגורט מולר פרופ פיר,טרה,,יוגורט מולר פרופ פירות יער 150 גרם,גרמים,150.00,100 גרם,false,1,5.70,3.8000,true,1,49544
7290102392049,false,גבינה תבור       5%,משק צוריאל,IL,משק צוריאל תבור 5% שומן גבינה מחלב בקר 500 גרם,גרמים,500.00,100 גרם,false,1,27.50,5.5000,true,1,55307
7290102392094,false,חלב עיזים 1 ליטר קרט,מילקו תעשיות בעמ,IL,חלב עיזים בקרטון 1 ליטר,ליטרים,1.00,ליטר,false,1,17.90,17.9000,true,1,55311
7290102392728,false,יוגרוט מולר ביאנקו 2,"טרה, פארק תעשיות בע""",IL,"מולייר, יוגורט bio 2.8%  שומן",גרמים,200.00,100 גרם,false,1,4.20,2.1000,true,1,62347
7290102392889,true,מולר ביאנקו 2%,,,מולר ביאנקו 2%,Unknown,0.00,Unknown,false,1,2.90,0.0000,true,1,136442
7290102393039,false,יוגורט מולר מיקס פצפ,טרה,IL,יוגורט מולר מיקס פצפוצי שוקולד 170 גרם,גרמים,170.00,100 גרם,false,1,6.50,3.8235,true,1,66387
7290102393060,false,יוגורט קרם אגוזים מו,טרה,IL,Muller mix גליליות קרם אגוזים,גרמים,170.00,100 גרם,false,1,6.50,3.8235,true,1,66388
7290102393169,false,יוגורט מולר סימפלי פ,טרה,IL,מולר יוגורט ביו עם תות שדה 3% שומן 150 גרם,גרמים,150.00,100 גרם,false,1,5.50,3.6667,true,1,72396
7290102393176,false,יוגורט מולר סימפלי פ,מילקו תעשיות בעמ,IL,יוגורט מולר סימפלי פרוט אפרסק 3% 150 גרם,גרמים,150.00,100 גרם,false,1,5.50,3.6667,true,1,72397
7290102393190,false,יוגורט מולר סימפלי פ,מילקו תעשיות בעמ,IL,Muller Simply fruit יוגורט BIO פירות יער,גרמים,150.00,100 גרם,false,1,5.50,3.6667,true,1,72399
7290102393299,false,יוגורט עיזים לשתיה 5,מיוצר עי קוד יצרן HG,IL,יוגורט עיזים לשתייה 3% שומן - 500 גרם,מיליליטרים,500.00,"100 מ""ל",false,1,13.90,2.7800,true,1,69553
7290102393848,false,יוגורט עיזים תות 150,טרה,IL,יוגורט עיזים עם תות,גרמים,150.00,100 גרם,false,1,6.90,4.6000,true,1,75967
7290102393855,false,יוגורט עיזים אפרסק 1,מחלבת משק צוריאל,,יוגורט עיזים אפרסק 150 גרם צוריאל,גרמים,150.00,100 גרם,false,1,6.90,4.6000,true,1,75968
7290102393947,false,יוגורט מולר סימפלי פ,מילקו תעשיות בעמ,IL,יוגורט מולר סימפלי פרוט קיווי 3% 150 גרם,גרמים,150.00,100 גרם,false,1,5.50,3.6667,true,1,76937
7290102394081,false,יוגורט קורנפלקס מולר,מילקו תעשייה בעמ,IL,Muller mix קורנפלקס מצופה,גרמים,170.00,100 גרם,false,1,6.50,3.8235,true,1,76939
7290102394258,false,גבינת עיזים 9% מה עז,משק צוריאל,IL,משק צוריאל מה-עז מחלב עיזים 9% שומן 180 גרם,גרמים,180.00,100 גרם,false,1,24.90,13.8333,true,1,80490
7290102394821,false,גבינה צהובה דק דק 28,מילקו תעשיות בעמ,IL,גבנצ 28% דק דק 200 ג',גרמים,200.00,100 גרם,false,1,17.90,8.9500,true,1,83465
7290102394845,false,גבינה צהובה דק דק 9%,מילקו תעשיות בעמ,IL,גבנצ 9% דק דק 200 ג',גרמים,200.00,100 גרם,false,1,16.90,8.4500,true,1,83466
7290102395217,false,ביאנקו במתיקות    2%,טרה,,מאגדת ביאנקו במתיקות 2%שמיניה,קילוגרמים,1.20,"ק""ג",false,1,21.50,17.9167,true,1,89110
7290102395224,false,מאגדת מולר ביאנקו,טרה,,מאגדת 1/8 ביאנקו 1.7% נטורל,קילוגרמים,1.20,"ק""ג",false,1,19.90,16.5833,true,1,88275
7290102395231,false,מאגדת ביאנקו   2.8%,טרה,,מאגדת 1/8 ביאנקו 2.8% נטורל,קילוגרמים,1.20,"ק""ג",false,1,19.90,16.5833,true,1,88276
7290102395262,false,מארז 1\8 סימפלי פרוט,טרה,IL,מארז 1\8 סימפלי פרוט תות אפרסק,קילוגרמים,1.20,"ק""ג",false,1,32.90,27.4167,true,1,89751
7290102395422,false,נעם 22%  שמנה גלבוע,,,נעם 22%  שמנה גלבוע למעדניה,קילוגרמים,1.00,"ק""ג",true,,42.58,42.5800,true,1,92551
7290102395439,false,מארז 1\8 סימפלי פרוט,מילקו תעשיות בעמ,IL,מארז 1\8 סימפלי פרוט יער וקיוי,קילוגרמים,1.20,"ק""ג",false,1,32.90,27.4167,true,1,89752
7290102395446,false,מעדן מוו וניל קצפת,טרה,IL,מעדן בטעם וניל קצפת,גרמים,123.00,100 גרם,false,1,3.30,2.6829,true,1,89116
7290102395477,false,מעדן מו שוקולד וקצפת,טרה,IL,מעדן בטעם שוקולד קצפת,גרמים,123.00,100 גרם,false,1,3.30,2.6829,true,1,89119
7290102395521,false,שמנת לבישול טרה 15%,מילקו תעשיות בעמ,IL,שמנת לבישול טרה 15% 500גרם,גרמים,500.00,100 גרם,false,1,16.90,3.3800,true,1,104283
7290102396580,false,מעדן מוס שוקולד מוו,טרה,IL,מעדן חלב ומוס בטעם שוקולד 118 גרם,גרמים,123.00,100 גרם,false,1,3.30,2.6829,true,1,100725
7290102396665,false,גבינה צהובה דק דק 15,מילקו תעשיות בעמ,IL,גבנצ 15% דק דק 200 ג',גרמים,200.00,100 גרם,false,1,17.90,8.9500,true,1,128124
7290102396719,false,יוגורט מולר סימפלי פ,טרה,IL,יוגורט BIO עם חתיכת פרי,גרמים,150.00,100 גרם,false,1,5.50,3.6667,true,1,102777
7290102396733,false,יוגורט מולר סימפלי פ,מילקו תעשיות בעמ,IL,יוגורט BIO עם פירות יער 0% שומן,גרמים,150.00,100 גרם,false,1,5.50,3.6667,true,1,157243
7290102396740,false,מארז 1/8 סימפלי פרוט,מילקו תעשיות בעמ,IL,מארז 1/8 סימפלי פרוט 0% תות,קילוגרמים,1.20,"ק""ג",false,1,32.90,27.4167,true,1,102780
7290102397204,false,גבינה צהובה דק דק 22,מילקו תעשיות בעמ,IL,גבנצ 22% דק דק 200 ג',גרמים,200.00,100 גרם,false,1,17.90,8.9500,true,1,110249
7290102397334,false,גבינה בולגרית צוריאל,מחלבת משק צוריאל,IL,בולגרית 5% 250 גרם,גרמים,250.00,100 גרם,false,1,23.90,9.5600,true,1,114854
7290102397341,false,גבינה בולגרית צוריאל,משק צוריאל,IL,בולגרית 24% שומן 250 גרם,גרמים,250.00,100 גרם,false,1,23.90,9.5600,true,1,114855
7290102397464,false,יוגורט מולר נטורל פק,טרה,IL,מולר ביאנקו פלוס + פקאן וגרעינים,גרמים,168.00,100 גרם,false,1,6.50,3.8690,true,1,120034
7290102397600,false,מולר מיקס שקדים ובוט,מילקו תעשייה בעמ,IL,Muller mix שקדים ובוטנים בקרמל,גרמים,168.00,100 גרם,false,1,6.50,3.8690,true,1,115659
7290102397617,false,יוגורט מולר מיקס קלי,טרה,IL,Muller mix כדורי דגנים בציפוי שוקולד,גרמים,168.00,100 גרם,false,1,6.50,3.8690,true,1,115660
7290102397730,false,גבינת אמנטל נעם פתיח,טרה,IL,טרה נועם אמנטל פרוסות גבינה חצי קשה 30% 200 גרם,גרמים,200.00,100 גרם,false,1,18.90,9.4500,true,1,120663
7290102397747,false,גבינה מוצרלה נעם רכי,טרה,IL,"מוצרלה נעם 22% שומן, 200 גרם",גרמים,200.00,100 גרם,false,1,20.90,10.4500,true,1,122751
7290102397891,false,גבינה מותכת צוריאל 1,משק צוריאל,IL,גבינה מותכת 100 גרם צוריאל,גרמים,100.00,100 גרם,false,1,7.90,7.9000,true,1,120037
7290102398058,false,חלב 3% שקית מהדרין פ,טרה,IL,חלב שקית 3%-1 ליטר מהדרין,ליטרים,1.00,ליטר,false,1,5.43,5.4300,true,1,122225
7290102398065,false,חלב 2 3% ליטר קרטון,טרה,IL,טרה חלב בקרטון 2 ליטר 3% שומן,ליטרים,2.00,ליטר,false,1,12.46,6.2300,true,1,121281
7290102398072,false,חלב 3% קרטון מהדרין,טרה,IL,חלב בקרטון 1 ליטר 3% שומן,ליטרים,1.00,ליטר,false,1,6.23,6.2300,true,1,121280
7290102398331,false,חלב מועשר דל לקטוז 1,טרה,IL,"טרה חלב מועשר דל לקטוז 2% שומן, 1 ליטר",ליטרים,1.00,ליטר,false,1,5.70,5.7000,true,1,122753
7290102398560,false,שוקו טרה מועשר בקבוק,מילקו תעשיות בעמ,IL,שוקו טרה מועשר בקבוק 1ליטר,ליטרים,1.00,ליטר,false,1,13.90,13.9000,true,1,126579
7290102398577,false,שוקו טרה מועשר בקבוק,מילקו תעשיות בעמ,IL,"שוקו250 מ""ל בקבוק",מיליליטרים,250.00,"100 מ""ל",false,1,6.50,2.6000,true,1,126582
7290102398614,false,משקה חלב בטעם בננה,מילקו תעשיות בעמ,IL,משקה חלב בטעם בננה 1 ליטר,ליטרים,1.00,ליטר,false,1,13.90,13.9000,true,1,126581
7290102398638,false,משקה חלב בטעם מוקה,מילקו תעשיות בעמ,IL,משקה חלב בטעם מוקה 1 ליטר,ליטרים,1.00,ליטר,false,1,13.90,13.9000,true,1,126580
7290102398669,false,אייס קפוצינו טרה 1 ל,מילקו תעשיות בעמ,IL,"אייס קפוצ'ינו 1 ליטר בד""צ",ליטרים,1.00,ליטר,false,1,13.90,13.9000,true,1,148617
7290102399048,false,קשקבל נעם פתיחה חוזר,טרה,IL,קשקבל נעם פתיחה חוזרת - 200 גרם,גרמים,200.00,100 גרם,false,1,26.90,13.4500,true,1,129659
7290102399635,false,מולר פרופ קוקוס ואננ,טרה,IL,מולר פרופ TROPICAL קוקוס ואננס 3.9% שומן,גרמים,150.00,100 גרם,false,1,5.50,3.6667,true,1,148611
7290102399772,false,ממרח חמאה מולר במליח,Molkerei Weihensteph,DE,ממרח חמאת Muller במליחות עדינה 250 גרם,גרמים,250.00,100 גרם,false,1,16.50,6.6000,true,1,151010
7290102399789,false,ממרח חמאת מולר ללא מ,Molkerei Weihensteph,DE,ממרח חמאת Muller ללא מלח 250 גרם,גרמים,250.00,100 גרם,false,1,16.50,6.6000,true,1,151011
7290102399796,false,מולר אקטיב יוגורט25,טרה,IL,Muller Active יוגורט BIO מועשר חלבון,גרמים,200.00,100 גרם,false,1,6.50,3.2500,true,1,148607
7290102399802,false,מולר אקטיב יוגורט25,טרה,IL,Muller Active יוגורט תות מועשר חלבון 20 גרם,גרמים,200.00,100 גרם,false,1,6.50,3.2500,true,1,148610
7290102399819,false,מולר אקטיב יוגורט25,טרה,IL,Muller Active יוגורט פירות יער מועשר חלבון 20 גרם,גרמים,200.00,100 גרם,false,1,6.50,3.2500,true,1,148609
7290103120658,false,ספיד סטיק 24/7 גל,"ש. שסטוביץ בע""מ",US,"ספיד סטיק 24/7 ג""ל שחור 85 גרם",גרמים,85.00,100 גרם,false,1,21.90,25.7647,true,1,56862
7290103124588,false,פלמוליב סבון נוזלי ס,הנסיך- מפעל לייצור ט,TR,"פלמוליב סבון נוזלי סגול משאבה 750 מ""ל",מיליליטרים,750.00,"100 מ""ל",false,1,21.90,2.9200,true,1,103420
7290103124601,false,פלמוליב סבון נוזלי ח,הנסיך- מפעל לייצור ט,TR,"פלמוליב סבון נוזלי חלב ודבש 750 מ""ל",מיליליטרים,750.00,"100 מ""ל",false,1,21.90,2.9200,true,1,97589
7290103126797,false,מש.שיניים פרו רליף,קולגייט פלמוליב,BR,משחת שיניים סנסטיב פרו ריליף קולגייט 75 מל,מיליליטרים,75.00,"100 מ""ל",false,1,25.90,34.5333,true,1,74170
7290103128739,false,צמרונים קופסא בייבי,ספטונה,GR,בייבי בלונס מקלוני כותנה לתינוק 50 יח',מיליליטרים,0.00,"100 מ""ל",false,1,6.80,0.0000,true,1,84731
7290103129378,false,ספיד סטיק דאו X5 גל,קולגייט פלמוליב,US,דאודורנט גל ספיד סטיק X5 85 גרם,גרמים,0.00,100 גרם,false,1,21.90,0.0000,true,1,87703
7290103129392,false,ליידי ספיד סטיק פרש,קולגייט פלמוליב,US,ליידי ספיד סטיק פרש אינפיוזן 65 גר,גרמים,65.00,100 גרם,false,1,19.90,30.6154,true,1,91426
7290103129408,false,ליידי ספיד סטיק פרש,קולגייט פלמוליב,US,ליידי ספיד סטיק פרש אינפיוזן 65 גר,גרמים,65.00,100 גרם,false,1,19.90,30.6154,true,1,91406
7290103129637,false,פדים להסרת איפור 40,ספטונה,GR,בלונס פדים אובליים להסרת איפור 40 יחידות,מיליליטרים,0.00,"100 מ""ל",false,1,8.90,0.0000,true,1,92193
7290103400194,false,"כרוב לבן 400 גרם בד""","טרופיקל דגיל בע""מ אז",IL,כרוב לבן 400 גרם בדצ שטופים שטראוס,גרמים,400.00,100 גרם,false,1,9.90,2.4750,true,1,66913
7290103400231,false,"גזר מגורד בד""צ",תות תעשיות מזון (201,IL,גזר שטראוס טעם הטבע בדצ 400 גרם,גרמים,400.00,100 גרם,false,1,9.90,2.4750,true,1,66915
7290103400255,false,לקט לסלט קולסלאו 400,"טרופיקל דגיל בע""מ אז",IL,לקט לסלט קולסלאו 400 גר בדצ שטראוס,גרמים,400.00,100 גרם,false,1,9.90,2.4750,true,1,66916
7290103401429,false,קפה פלטינום קצב ברזי,שטראוס קפה בי.וי,IL,פלטינום ברזילאי 200 גרם,גרמים,200.00,100 גרם,false,1,27.90,13.9500,true,1,58834
7290103404758,false,סלט כרוב אדום יום יו,מיוצר עי קונדיטוריית,IL,כרוב 120,גרמים,120.00,100 גרם,false,1,5.50,4.5833,true,1,56392
7290103408206,false,עלי חסה בקופסא250 גר,שטראוס בריאות ירקות,IL,עלי חסה בקופסא250 גר שטופים שטראוס,גרמים,250.00,100 גרם,false,1,10.90,4.3600,true,1,65410
7290103681173,false,"יין קברנה 750 מ""ל סד",מיוצר על ידי יקב תבו,IL,הר קברנה סוביניון יין אדום יבש 2016 מל,מיליליטרים,750.00,"100 מ""ל",false,1,46.90,6.2533,true,1,128319
7290103681180,false,"יין מרלו 750 מ""ל סדר",מיוצר על ידי יקב תבו,IL,הר מרלו 750 מל,מיליליטרים,750.00,"100 מ""ל",false,1,46.90,6.2533,true,1,128318
7290103681197,false,יין תבור סדרת הר שיר,מיוצר על ידי יקב תבו,IL,"יין שיראז  750 מ""ל סדרת הר",מיליליטרים,750.00,"100 מ""ל",false,1,46.90,6.2533,true,1,128317
7290103681210,false,"יין שרדונה 750 מ""ל ס",מיוצר על ידי יקב תבו,IL,תבור הר שרדונה 750 מל,מיליליטרים,750.00,"100 מ""ל",false,1,46.90,6.2533,true,1,128316
7290103681227,false,יין גוורצטרמינר חצי,מיוצר על ידי יקב תבו,IL,"יין גוורצטרמינר חצי מתוק 750 מ""ל סדרת הר",מיליליטרים,750.00,"100 מ""ל",false,1,46.90,6.2533,true,1,128320
7290103681241,false,"הר מוסקטו  750 מ""ל",תבור,IL,"תבור הר מוסקטו  750 מ""ל",מיליליטרים,750.00,"100 מ""ל",false,1,46.90,6.2533,true,1,130019
7290104061417,false,סלט חומוס וטחינה,"שטראוס גרופ בע""מ",IL,סלט חומוס וטחינה 400 גרם,גרמים,400.00,100 גרם,false,1,12.20,3.0500,true,1,62197
7290104061424,false,סלט חומוס וזעתר,מיוצר עי קונדיטוריית,IL,חומוס בתוספת זעתר 400 גרם,גרמים,400.00,100 גרם,false,1,12.20,3.0500,true,1,62198
7290104061431,false,סלט חומוס וצנובר,"שטראוס גרופ בע""מ",IL,סלט חומוס וצנובר 400 גרם,גרמים,400.00,100 גרם,false,1,12.20,3.0500,true,1,62199
7290104061448,false,סלט חומוס וחריף,מיוצר עי קונדיטוריית,IL,חומוס חריף 400 גרם,גרמים,400.00,100 גרם,false,1,12.20,3.0500,true,1,62200
7290104065934,false,עלי רוקט 150 גרם שטו,שטראוס בריאות ירקות,IL,עלי רוקט 150 גרם שטופים שטראוס,גרמים,150.00,100 גרם,false,1,10.90,7.2667,true,1,67165
7290104067679,false,טחינה אחלה 400 גרם,מיוצר עי קונדיטוריית,IL,טחינה 400,גרמים,400.00,100 גרם,false,1,10.90,2.7250,true,1,110620
7290104067693,false,סלט חומוס בתוספת חרי,מיוצר עי קונדיטוריית,IL,חומוס עם חריף 150 גרם,גרמים,150.00,100 גרם,false,1,5.90,3.9333,true,1,111110
7290104069680,false,עלי תרד 300 גרם  שטו,מיוצר עי קונדיטוריית,IL,עלי תרד 300 גרם  שטופים שטראוס,גרמים,300.00,100 גרם,false,1,15.90,5.3000,true,1,78164
7290104260940,false,שלישיית כובעי ניילון,,,שלישיית כובעי ניילון,יחידה,1.00,יחידה,false,1,14.90,14.9000,true,1,155190
7290104500572,false,אפרופו איטליאנו,"אסם השקעות בע""מ",IL,אפרופו איטלקי 36*50גרם,גרמים,50.00,100 גרם,false,1,5.20,10.4000,true,1,76082
7290104501661,false,פודינג אינסטנט וניל,מיוצר עי קונדיטוריית,IL,אסם פודינג בטעם וניל צרפתי 12*80גרם,גרמים,80.00,100 גרם,false,1,5.90,7.3750,true,1,71889
7290104508189,false,גביעי גלידה,בטר אנד דיפרנט,IL,אסם 24 גביעי גלידה ממותקים 12*95גרם,Unknown,0.00,Unknown,false,1,12.90,0.0000,true,1,78664
7290104508943,false,במבה קלאסי 200 גרם,"אסם השקעות בע""מ",IL,במבה קלאסי 200 גרם,גרמים,200.00,100 גרם,false,1,9.90,4.9500,true,1,81136
7290104509353,false,עוגת בריוש פרג,אסם,,עוגת בריוש פרג,Unknown,0.00,Unknown,false,1,25.90,0.0000,true,1,86592
7290104570513,false,"תמר מג""הול 1 ק""ג",חקלאי,IL,"תמר מג""הול 1 ק""ג",קילוגרמים,1.00,"ק""ג",false,1,14.90,14.9000,true,1,159191
7290104721953,false,לקט מסולסלים,תות תעשיות מזון (201,IL,לקט מסולסלים 350 גרם,גרמים,350.00,100 גרם,false,1,14.90,4.2571,true,1,70271
7290104722530,false,תפוציפס שמנת בצל200,"שטראוס פריטו ליי בע""",IL,תפו שמנת בצל 200 גר 12 יח - שמיטה,גרמים,200.00,100 גרם,false,1,9.90,4.9500,true,1,70722
7290104726262,false,מארז דני לשתייה רביע,מיוצר עי קונדיטוריית,IL,דני שלוק שוקולד רביעייה,גרמים,500.00,100 גרם,false,1,11.90,2.3800,true,1,73899
7290104726712,false,מארז מילקי שמיניה,"שטראוס גרופ בע""מ",IL,מארז 8 מילקי בטעם שוקולד,קילוגרמים,1.06,"ק""ג",false,1,22.90,21.6038,true,1,81230
7290104728310,false,שמנת עמידה לקצפת 38%,מחלבת יטבתה,IL,שמנת להקצפה 38% מהדרין,מיליליטרים,250.00,"100 מ""ל",false,1,6.47,2.5880,true,1,76576
7290104729003,false,שמן זית כתית מעולה י,תות תעשיות מזון (201,IL,שמן זית כתית מעולה יד מרדכי,מיליליטרים,750.00,"100 מ""ל",false,1,34.90,4.6533,true,1,127184
7290104961205,false,תחליב רחצה מגע קטיפה,טרופיקל דגיל תעשיות,IL,"נקה 7 תחליב רחצה מלפפון וליים 750 מ""ל",מיליליטרים,750.00,"100 מ""ל",false,1,11.90,1.5867,true,1,81718
7290104961250,false,תחליב רחצה מגע קטיפה,טרופיקל דגיל תעשיות,IL,"נקה 7 תחליב רחצה וניל ומאסק 750 מ""ל",מיליליטרים,750.00,"100 מ""ל",false,1,11.90,1.5867,true,1,81721
7290104961540,false,טיטניום דאו ספריי,אמיליה קוסמטיקס,,טיטניום דאו ספריי גוף מטאל          150,מיליליטרים,150.00,"100 מ""ל",false,1,15.90,10.6000,true,1,85546
7290104961878,false,קרטין אינטנס שמפו,קוסמופארם בע''מ,IL,קרטין אינטנס- שמפו לשיער,מיליליטרים,400.00,"100 מ""ל",false,1,29.90,7.4750,true,1,88774
7290104961885,false,קרטין אינטנס מרכך,קוסמופארם בע''מ,IL,קרטין אינטנס- מרכך לשיער,מיליליטרים,400.00,"100 מ""ל",false,1,29.90,7.4750,true,1,88775
7290104961892,false,קרטין אינטנס מסיכה,טרופיקל דגיל תעשיות,IL,קרטין אינטנס- מסכה לשיער,מיליליטרים,350.00,"100 מ""ל",false,1,29.90,8.5429,true,1,88776
7290104962073,false,דאו גולד ספריי,אמיליה קוסמטיקס בעמ,IL,"טיטניום דאודורנט ספריי גולד 180 מ""ל",מיליליטרים,180.00,"100 מ""ל",false,1,18.90,10.5000,true,1,95389
7290104962080,false,טיטניום גולד ספריי,משווק: קוסמופארם בעמ,IL,טיטניום גולד ספריי גוף לגבר,מיליליטרים,150.00,"100 מ""ל",false,1,15.90,10.6000,true,1,95390
7290104963001,true,סופטקר מגבונים עדין,מיוצר עי טרופיקל דגי,IL,"סופט קייר מגבונים לחים בניחוח עדין, 4 יחידות במארז",יחידה,1.00,יחידה,false,1,19.90,19.9000,true,1,115009
7290104963018,true,סופטקר מגבונים ללא ב,מיוצר עי טרופיקל דגי,IL,סופטקר מגבונים לחים ללא בישום,Unknown,0.00,Unknown,false,1,19.90,0.0000,true,1,115010
7290104963216,false,סופטקר אל סבון עדין,קוסמופארם בע''מ,IL,סופטקר אל סבון עדין לתינוק 1 ליטר,ליטרים,1.00,ליטר,false,1,20.90,20.9000,true,1,115506
7290104963667,false,סופטקר 2 ב1 אל סבון,קוסמופארם בע''מ,IL,סופטקר 2 ב1 אל סבון ושמפו אלדמע,ליטרים,1.00,ליטר,false,1,20.90,20.9000,true,1,115507
7290104963704,false,סופטקר  אל סבון עדין,קוסמופארם בע''מ,IL,סופטקר אל סבון עדין לתינוק,לא מנהל יחידת מידה,0.00,לא מנהל יחידת מידה,false,1,18.90,0.0000,true,1,125185
7290104963711,false,סופטקר שמפו אל דמע 7,קוסמופארם בעמ,IL,סופטקר שמפו אל דמע לעור רגיש 770 מל,לא מנהל יחידת מידה,0.00,לא מנהל יחידת מידה,false,1,18.90,0.0000,true,1,125184
7290104964664,false,סקינגארד ניחוח קוקוס,מולינו ניקולי s.p.a,IL,סקינגארד ניחוח קוקוס  30SPF,מיליליטרים,200.00,"100 מ""ל",false,1,35.90,17.9500,true,1,129199
7290104964671,false,סקינגארד ניחוח אננס,מולינו ניקולי s.p.a,IL,סקינגארד ניחוח אננס 30SPF,מיליליטרים,200.00,"100 מ""ל",false,1,35.90,17.9500,true,1,129200
7290104964701,false,סקינגארד קרם פנים לג,מולינו ניקולי s.p.a,IL,סקין גארד קרם הגנה לגולשים SPF50,מיליליטרים,60.00,"100 מ""ל",false,1,39.90,66.5000,true,1,129197
7290105036544,true,כרטיס ברכה,,,כרטיס ברכה,,0.00,,false,,5.90,0.0000,true,1,160643
7290105108272,true,מטריה מבוגרים,,,מטריה מבוגרים,יחידה,1.00,יחידה,false,1,39.90,39.9000,true,1,160777
7290105360250,false,קפסולות מקיאטו 10 יח,שטראוס קפה בי.וי.,IL,קפסולות 09 למכונות NESPRESSO,גרמים,50.00,100 גרם,false,1,16.90,33.8000,true,1,89985
7290105360328,false,קפסולות קפה אספרסו 1,שטראוס קפה בי.וי.,IL,קפסולות 10 למכונות NESPRESSO,גרמים,50.00,100 גרם,false,1,16.90,33.8000,true,1,90010
7290105360335,false,קפסולות אספרסו 10 יח,שטראוס קפה בי.וי.,IL,קפסולות 07 למכונות NESPRESSO,גרמים,50.00,100 גרם,false,1,16.90,33.8000,true,1,90011
7290105360878,false,מארז תפוציפס,"שטראוס פריטו ליי בע""",IL,מארז תפוציפס 50*4 גרם,גרמים,200.00,100 גרם,false,1,12.90,6.4500,true,1,101450
7290105362339,false,שמנת לבישול     15%,מחלבת יטבתה,IL,"שמנת לבישול 15% מהדרין 250 מ""ל",מיליליטרים,250.00,"100 מ""ל",false,1,8.60,3.4400,true,1,83991
7290105363602,false,מקלות כיף כף קלאסי,"איי, בי, אינבוו",TR,כיף כף מקלות קלאסי,גרמים,40.00,100 גרם,false,1,5.90,14.7500,true,1,87970
7290105364289,false,מקלות כיף כף פצפוצים,"איי, בי, אינבוו",TR,כיף כף מקלות פצפוצים,גרמים,40.00,100 גרם,false,1,5.90,14.7500,true,1,87971
7290105364302,false,מקלות כיף כף אגוזים,"איי, בי, אינבוו",TR,כיף כף מקלות אגוזים,גרמים,40.00,100 גרם,false,1,5.90,14.7500,true,1,87972
7290105364678,false,משקה יוגורט אקטיביה,"שטראוס בריאות בע""מ",IL,משקה אקטיביה אפרסק 1.2% בודד,מיליליטרים,250.00,"100 מ""ל",false,1,5.90,2.3600,true,1,78111
7290105366023,false,חציל בטעם כבד 400 גר,מיוצר עי קונדיטוריית,IL,חציל בטעם כבד 400 גרם,גרמים,400.00,100 גרם,false,1,15.90,3.9750,true,1,79769
7290105366047,false,טחינה לבנה 400 גר,מיוצר עי קונדיטוריית,IL,טחינה לבנה 400 גר,גרמים,400.00,100 גרם,false,1,16.90,4.2250,true,1,79986
7290105366993,false,גבינת סימפוניה פלפל,"שטראוס בריאות בע""מ",IL,סימפוניה פילפל שיפקה חריף,גרמים,200.00,100 גרם,false,1,11.90,5.9500,true,1,95877
7290105368225,false,סלט חומוס ופלפל,מיוצר עי קונדיטוריית,IL,חומוס עם פלפל שיפקה,גרמים,400.00,100 גרם,false,1,12.20,3.0500,true,1,84932
7290105368331,false,מילקי תות 133 גרם,מחלבת אחיהוד,IL,מילקי בטעם תות,גרמים,133.00,100 גרם,false,1,3.00,2.2556,true,1,84551
7290105368904,false,שמנת מתוקה 250 32% מ,מחלבת יטבתה,IL,שמנת מתוקה להקצפה 32% מהדרין-ח,מיליליטרים,250.00,"100 מ""ל",false,1,7.80,3.1200,true,1,86615
7290105369130,false,גבינת סימפוניה 5% בצ,"שטראוס בריאות בע""מ",IL,סימפוניה בצל ירוק 2022,גרמים,200.00,100 גרם,false,1,11.90,5.9500,true,1,89122
7290105430441,false,פלמוליב סבון נוזלי ס,הנסיך- מפעל לייצור ט,TR,palmolive naturals תחליב רחצה סחלב שחור 750 מל,מיליליטרים,750.00,"100 מ""ל",false,1,21.90,2.9200,true,1,90481
7290105430458,false,פלמוליב סבון נוזלי,הנסיך- מפעל לייצור ט,TR,"פלמוליב נטורלס תחליב רחצה חלב שקדים,  750 מל",מיליליטרים,750.00,"100 מ""ל",false,1,21.90,2.9200,true,1,90482
7290105431516,false,מאגדת חטיף תמרים,טבעית מוצרים מן הטבע,IL,"FREE חטיף תמרים ובוטנים, 5 חטיפים, 125 גרם",גרמים,125.00,100 גרם,false,1,16.90,13.5200,true,1,90484
7290105431868,false,פלמוליב ספא קוקוס 50,קולגייט פלמוליב,TR,500 מל סבון נוזלי פלמוליב חלב קוקוס,מיליליטרים,500.00,"100 מ""ל",false,1,19.90,3.9800,true,1,95845
7290105433961,false,ליידי ספיד סטיק ספרי,קולגייט פלמוליב,RU,ליידי ספיד סטיק ספריי דאודורנט דובדבן פרש אסנס,לא מנהל יחידת מידה,0.00,לא מנהל יחידת מידה,false,1,23.90,0.0000,true,1,97863
7290105433985,false,ליידיפרש אסנס סטיק ד,קולגייט פלמוליב,US,ליידיפרש אסנס סטיק דובדובן 65 גר,גרמים,65.00,100 גרם,false,1,19.90,30.6154,true,1,97865
7290105434029,false,ספיד סטיק נוטרו ספרי,קולגייט פלמוליב,RU,ספיד סטיק דאודורנט ספריי נוטרו פאוור,מיליליטרים,150.00,"100 מ""ל",false,1,24.70,16.4667,true,1,103106
7290105434050,true,ספיד סטיק ירוק רגולר,הנסיך- מפעל לייצור ט,US,דאודורנט ספיד סטיק רגולר 85 גרם,Unknown,0.00,Unknown,false,1,31.90,0.0000,true,1,136549
7290105434067,true,ספיד סטיק כחול אושיי,הנסיך- מפעל לייצור ט,US,דאודורנט ספיד סטיק אושן סרף 85 גרם,Unknown,0.00,Unknown,false,1,31.90,0.0000,true,1,136550
7290105436382,false,מאגדת חטיף תמרים,"כד בני דרום בע""מ",IL,מאגדת חטיף תמרים קשיו,גרמים,125.00,100 גרם,false,1,16.90,13.5200,true,1,101246
7290105438539,true,קוקי נייר אפיה 40 יח,אופל אריזות אלומיניו,IL,קוקי נייר אפייה 40 יחידות,Unknown,0.00,Unknown,false,1,8.90,0.0000,true,1,136552
7290105438546,true,נייר אפייה מתכלה קוק,סטודיו קוק,IL,קוקי נייר אפייה פרימיום 40 יחידות,Unknown,0.00,Unknown,false,1,9.90,0.0000,true,1,136553
7290105439581,false,חרדל דיזיון צרפתי מא,סאם קווינור,FR,חרדל דיזיון צרפתי מאסטר שף 370 גרם,גרמים,370.00,100 גרם,false,1,11.90,3.2162,true,1,113201
7290105473950,false,יורוקיטי קופסה 5 קג,ביופט,IL,יורוקיטי מתגבש 5 קג בקרטון,קילוגרמים,5.00,"ק""ג",false,1,39.90,7.9800,true,1,99417
7290105500151,false,וודקה פינלנדיה בקבוק,"אלטיה קורפ, הלסינקי,",FI,"וודקה פינלנדיה בקבוק 700 מ""ל",מיליליטרים,700.00,"100 מ""ל",false,1,74.90,10.7000,true,1,85661
7290105500236,false,ויסקי גק דניאלס 700,ג'ק דניאלס,US,טנסי וויסקי,מיליליטרים,700.00,"100 מ""ל",false,1,124.90,17.8429,true,1,100047
7290105500953,false,ויסקי גק דניאלס דבש,ג'ק דניאל'ס,BE,ליקר טנסי דבש על בסיס ג'ק דניאל'ס,מיליליטרים,700.00,"100 מ""ל",false,1,124.90,17.8429,true,1,100048
7290105501547,false,מארז גריי גוס 700 פל,בקרדי מרטיני,FR,מארז גריי גוס 700 פלוס כוס,מיליליטרים,700.00,"100 מ""ל",false,1,139.90,19.9857,true,1,156315
7290105691224,false,טורטייה שום בצל 60 ג,,IL,אסם חטיפי פריכונים טורטיה שום בצל 12*60ג,גרמים,60.00,100 גרם,false,1,7.90,13.1667,true,1,81231
7290105691248,false,טורטייה תירס 60 גרם,,IL,אסם חטיפי פריכונים טורטיה תירס 12*60גרם,גרמים,60.00,100 גרם,false,1,7.90,13.1667,true,1,81232
7290105691712,false,עוגיות הפסקת קפה,היינץ צפון אמריקה מק,IL,עוגיות הפסקת קפה דגנים מלאים          2,גרמים,230.00,100 גרם,false,1,11.90,5.1739,true,1,84221
7290105691897,false,קוסקוס עם חיטה מלאה,"מיוצר ע""י קוד יצרן K",IL,אסם קוסקוס עם חיטה מלאה 12*350גרם,גרמים,350.00,100 גרם,false,1,10.90,3.1143,true,1,84190
7290105691934,false,"קמח שמרים 1 ק""ג",תאי פרזידנט פוד פאבל,IL,"קמח שמרים 1 ק""ג אסם",קילוגרמים,1.00,"ק""ג",false,1,10.80,10.8000,true,1,87500
7290105693341,false,מארז במבה 25*10 גרם,"אסם השקעות בע""מ",IL,מארז במבה 25*10 גרם,גרמים,250.00,100 גרם,false,1,15.90,6.3600,true,1,96105
7290105693457,false,עוגת הבית דמקה שוקו,מיוצר עי קונדיטוריית,IL,הבית עוגת דמקה שוקו וניל 8*320גרם,גרמים,320.00,100 גרם,false,1,15.90,4.9688,true,1,84000
7290105693952,false,פירורית זהב שומשום 2,מיוצר עי קונדיטוריית,IL,פירורית זהב שומשום 200 גרם,גרמים,200.00,100 גרם,false,1,6.90,3.4500,true,1,84001
7290105694928,false,אבקת מרק בצל 220 גרם,"אסם השקעות בע""מ",IL,אבקת מרק בצל 220 גרם,גרמים,220.00,100 גרם,false,1,17.90,8.1364,true,1,86643
7290105695024,false,פתיתים אפויים אורז ע,"אסם השקעות בע""מ",IL,אסם פתיתים אפויים אורז עם אטריות 12*500ג,גרמים,500.00,100 גרם,false,1,6.90,1.3800,true,1,88083
7290105695321,false,עוגת בראוניס פאדג,מיוצר עי קונדיטוריית,IL,הבית עוגת בראוניס פאדג' 8*380גרם,גרמים,380.00,100 גרם,false,1,19.90,5.2368,true,1,84854
7290105695895,false,עוגת הבית דמקה דבש 3,"אסם השקעות בע""מ",IL,הבית עוגת דמקה דבש 8*320גרם,גרמים,320.00,100 גרם,false,1,14.90,4.6563,true,1,85474
7290105962980,false,כרוב אדום 400 גרם,מיוצר עי קונדיטוריית,IL,כרוב אדום 400,גרמים,400.00,100 גרם,false,1,10.90,2.7250,true,1,110619
7290105962997,false,חציל במיונז 400 גרם,"שטראוס גרופ בע""מ",IL,חציל במיונז 400 גרם,גרמים,400.00,100 גרם,false,1,10.90,2.7250,true,1,110618
7290105963000,false,מטבוחה  400 גרם,מיוצר עי קונדיטוריית,IL,מטבוחה 400,גרמים,400.00,100 גרם,false,1,10.90,2.7250,true,1,110614
7290105964564,false,סלט חומוס אחלה 400 ג,מיוצר עי קונדיטוריית,IL,סלט חומוס אחלה 400 גרם,גרמים,400.00,100 גרם,false,1,8.90,2.2250,true,1,112901
7290105965738,false,משקה יוגורט דנונה תו,מיוצר עי קונדיטוריית,IL,"משקה יוגורט דנונה תות בננה 267מ""ל",מיליליטרים,267.00,"100 מ""ל",false,1,5.30,1.9850,true,1,97784
7290105966469,false,חומץ בלסמי יד מרדכי,אצטייה ג'וזפה קרמוני,IT,חומץ בלסמי יד מרדכי,מיליליטרים,250.00,"100 מ""ל",false,1,15.90,6.3600,true,1,90321
7290105968654,false,רביולי בטטה פרווה 40,"שטראוס גרופ בע""מ",IL,רביולי בטטה פרווה 400 EAT GOOD,גרמים,400.00,100 גרם,false,1,19.90,4.9750,true,1,86637
7290105968777,false,פריכיות 5 דגנים עם ש,"טחנת האבן תעשיות בע""",IL,פריכיות אנרגי תחתית ש.מריר OS,גרמים,70.00,100 גרם,false,1,8.80,12.5714,true,1,91203
7290105979544,false,מלכודת עכברים דבק ספ,,,מלכודת עכברים דבק ספר,יחידה,1.00,יחידה,false,1,8.90,8.9000,true,1,145920
7290106520066,false,רבע לשבע אגוזים  160,הגביע מוצרי וופלים ב,IL,רבע לשבע (ירוק) 160 גר',גרמים,160.00,100 גרם,false,1,12.90,8.0625,true,1,88335
7290106520288,false,WOW יוגורט דנונה תות,"שטראוס בריאות בע""מ",IL,WOW יוגורט דנונה תות 150 גרם,גרמים,150.00,100 גרם,false,1,4.90,3.2667,true,1,112857
7290106520912,false,שמנת לבישול      9%,,IL,"שמנת לבישול 250 9% מ""ל",מיליליטרים,250.00,"100 מ""ל",false,1,8.60,3.4400,true,1,91362
7290106524439,false,תפוציפס פופס 60 גרם,"שטראוס פריטו ליי בע""",IL,תפו פופס 60 גר 40 יח,גרמים,60.00,100 גרם,false,1,3.90,6.5000,true,1,122495
7290106525320,false,שוקולית לאפיה 500 גר,הנסיך- מפעל לייצור ט,IL,שוקולית לאפיה,גרמים,500.00,100 גרם,false,1,17.70,3.5400,true,1,101453
7290106526822,false,פריכיות אנרגי תחתית,"שטראוס גרופ בע""מ",IL,פריכיות אנרגי תחתית שוקולד 80 גרם,גרמים,80.00,100 גרם,false,1,8.80,11.0000,true,1,96106
7290106528567,false,דוריטוס גריל 185 גרם,הנסיך- מפעל לייצור ט,IL,דוריטוס גריל 185 גר 12 יח,גרמים,185.00,100 גרם,false,1,8.00,4.3243,true,1,114127
7290106528628,false,דוריטוס טבעי 185 גרם,הנסיך- מפעל לייצור ט,IL,דוריטוס טבעי 185 גרם,גרמים,185.00,100 גרם,false,1,8.00,4.3243,true,1,114128
7290106528949,false,לקט ערוגות 450 גרם ש,תות תעשיות מזון (201,IL,לקט ערוגות 450 גרם שטופים שטראוס,גרמים,450.00,100 גרם,false,1,13.90,3.0889,true,1,99164
7290106570153,false,תערובת להכנת לטקס 17,"אסם השקעות בע""מ",IL,אסם תערובת להכנת לטקס כלפ.6*170גרם,גרמים,170.00,100 גרם,false,1,14.90,8.7647,true,1,89628
7290106571921,false,עוגיות בטעם חמוציות,מיוצר עי קונדיטוריית,IL,פיטנס עוגיות חמוציות 12*180גרם,גרמים,180.00,100 גרם,false,1,12.80,7.1111,true,1,98747
7290106572027,false,לחמית חמישה דגנים,"אסם השקעות בע""מ",IL,לחמית חמישה דגנים 12*190גרם,גרמים,190.00,100 גרם,false,1,10.90,5.7368,true,1,88283
7290106572065,false,חטיפי טורטיה תירס,,IL,אסם חטיפי פרכ.טורטיה תר.חמוץ מתוק 12*60ג,גרמים,60.00,100 גרם,false,1,7.90,13.1667,true,1,88230
7290106572997,false,קמח שמרים לפיצה,,IL,"קמח שמרים לפיצה 1 ק""ג אסם",קילוגרמים,1.00,"ק""ג",false,1,9.90,9.9000,true,1,90419
7290106573086,false,קוסקוס אמיתי מארז 2,"מיוצר ע""י קוד יצרן K",IL,אסם קוסקוס אמיתי קדמ.מארז זוגות12 2*350ג,גרמים,700.00,100 גרם,false,1,10.90,1.5571,true,1,94356
7290106573314,false,קריספי טאפאס פיזורים,מיוצר עי קונדיטוריית,IL,אסם קריספי טאפאס כפרי 8*150גרם,גרמים,150.00,100 גרם,false,1,12.90,8.6000,true,1,95220
7290106573598,false,סלט חומוס לבנוני 400,לחמנו,IL,צבר חומוס לבנוני 12*400גרם,גרמים,400.00,100 גרם,false,1,12.90,3.2250,true,1,91818
7290106573628,false,סלט חומוס טחינה 400,לחמנו,IL,צבר חומוס עם טחינה 12*400גרם,גרמים,400.00,100 גרם,false,1,12.90,3.2250,true,1,91819
7290106573642,false,סלט חומוס צנובר,לחמנו,IL,צבר חומוס צנובר 12*400גרם,גרמים,400.00,100 גרם,false,1,12.90,3.2250,true,1,91820
7290106574120,false,שלגון גומיגם,המאפיה של הרמן,IL,גומיגם קרחון שרבט עם סוכריות בפנים42*90ג,גרמים,90.00,100 גרם,false,1,7.00,7.7778,true,1,96502
7290106574793,false,עוגת הבית שוקוציפס,מיוצר עי קונדיטוריית,IL,הבית עוגת שוקו שוקוציפס 8*350גרם,גרמים,350.00,100 גרם,false,1,15.90,4.5429,true,1,93564
7290106574953,false,בייגלה שטוחים עם שומ,מיוצר עי קונדיטוריית,IL,אסם בייגלה שטוחים שומשום 9*300גרם,גרמים,300.00,100 גרם,false,1,11.90,3.9667,true,1,93565
7290106574977,false,בייגלה שטוחים עם מלח,מיוצר עי קונדיטוריית,IL,אסם בייגלה שטוחים עם מלח 9*300גרם,גרמים,300.00,100 גרם,false,1,11.90,3.9667,true,1,93566
7290106575257,false,עוגת הבית סופלה בטעם,מיוצר עי קונדיטוריית,IL,הבית עוגת סופלה בטעם שוקולד 8*340גרם,גרמים,340.00,100 גרם,false,1,15.90,4.6765,true,1,94765
7290106575431,false,עוגת הבית סופלה,מיוצר עי קונדיטוריית,IL,הבית עוגת סופלה בטעם שוקו וניל 8*340גרם,גרמים,340.00,100 גרם,false,1,15.90,4.6765,true,1,94767
7290106575943,false,אבקה להכנת קניידלך כ,"אסם השקעות בע""מ",IL,אסם קניידלך בקלי קלות כלפ.8*140גרם,גרמים,140.00,100 גרם,false,1,9.90,7.0714,true,1,96109
7290106576513,false,סלט חומוס צבר 400 גר,סלטי צבר,IL,צבר חומוס 12*400גרם,גרמים,400.00,100 גרם,false,1,11.90,2.9750,true,1,94873
7290106576537,false,חומוס מסעדה צבר 700,סלטי צבר,IL,צבר חומוס מסעדה 6*700גרם,גרמים,700.00,100 גרם,false,1,12.90,1.8429,true,1,95009
7290106576810,false,גלידה לה קרמריה ריבת,המאפיה של הרמן,IL,לה קרמריה ריבת חלב חתס.כלפ.6*1.4ל,ליטרים,1.40,ליטר,false,1,21.90,15.6429,true,1,96511
7290106576834,false,גלידה לה קרמריה פונט,תות תעשיות מזון (201,IL,גלידה לה קרמריה פונטש בננה 1.4 ליטר,ליטרים,1.40,ליטר,false,1,21.90,15.6429,true,1,96518
7290106576858,false,גלידה לה קרמריה תותי,המאפיה של הרמן,IL,לה קרמריה תותים בשמנת כלפ.6*1.4ליטר,ליטרים,1.40,ליטר,false,1,21.90,15.6429,true,1,96513
7290106576919,false,גלידה לה קרמריה סורב,המאפיה של הרמן,IL,גלידה לה קרמריה סורבה תות 1.4 ליטר,ליטרים,1.40,ליטר,false,1,21.90,15.6429,true,1,96521
7290106576957,false,גלידה לה קרמריה שוקו,תות תעשיות מזון (201,IL,לה קרמריה שוקו וניל פליק פרווה בדצ6*1.4ל,לא מנהל יחידת מידה,0.00,לא מנהל יחידת מידה,false,1,21.90,0.0000,true,1,96522
7290106576971,false,גלידה לה קרמריה שוקו,תות תעשיות מזון (201,IL,לה קרמריה גלידת שוקולד 6*1.4ל,ליטרים,1.40,ליטר,false,1,21.90,15.6429,true,1,96512
7290106576995,false,גלידה לה קרמריה תות,המאפיה של הרמן,IL,לה קרמריה סורבה לייט תות מנגו 6*1.4ליטר,ליטרים,1.40,ליטר,false,1,21.90,15.6429,true,1,96519
7290106577039,false,גלידה לה קרמריה שוקו,תות תעשיות מזון (201,IL,לה קרמריה שוקו וניל פליק חלבי בדצ 6*1.4ל,לא מנהל יחידת מידה,0.00,לא מנהל יחידת מידה,false,1,21.90,0.0000,true,1,96514
7290106577282,false,טחינה אמיתית צבר 400,לחמנו,IL,צבר טחינה מרובע 6*400גרם,גרמים,400.00,100 גרם,false,1,13.60,3.4000,true,1,95207
7290106577503,false,חציל במיונז צבר 400,לחמנו,IL,צבר חציל במיונז מרובע 6*400גרם,גרמים,400.00,100 גרם,false,1,13.60,3.4000,true,1,95211
7290106577527,false,קולסלו צבר 400 גרם,לחמנו,IL,צבר קולסלו מרובע 6*400גרם,גרמים,400.00,100 גרם,false,1,13.60,3.4000,true,1,95212
7290106577541,false,כרוב אדום צבר 400 גר,לחמנו,IL,צבר כרוב אדום מרובע 6*400גרם,גרמים,400.00,100 גרם,false,1,13.60,3.4000,true,1,95213
7290106577572,false,מטבוחה 400 גר,לחמנו,IL,צבר מטבוחה מרובע 6*400גרם,גרמים,400.00,100 גרם,false,1,13.90,3.4750,true,1,95214
7290106578692,false,במבה ביסלי מיקס 80 ג,אסם,IL,במבה ביסלי מיקס 36*80גרם,גרמים,80.00,100 גרם,false,1,5.90,7.3750,true,1,98230
7290106578821,false,עוגת הבית שמרים שוקו,מיוצר עי קונדיטוריית,IL,הבית עוגת שמרים שוקולד קלאסית 8*350ג,גרמים,350.00,100 גרם,false,1,19.90,5.6857,true,1,98449
7290106653689,false,לקט לסלט אסייתי 350,תות תעשיות מזון (201,IL,לקט לסלט אסייתי 350 שטראוס גרם,גרמים,350.00,100 גרם,false,1,11.90,3.4000,true,1,121704
7290106660410,false,רביולי תרד וגבינה 40,מיוצר עי קונדיטוריית,IL,רביולי תרד וגבינה 400 EAT GOOD,גרמים,400.00,100 גרם,false,1,19.90,4.9750,true,1,101374
7290106662025,false,תפוציפס מלח פלפל 50,"שטראוס פריטו ליי בע""",IL,תפו מלח פלפל 50 גר 48 יח - שמיטה,גרמים,50.00,100 גרם,false,1,3.90,7.8000,true,1,119960
7290106663121,false,עוגת מילקי CAKE אישי,בובארד איטליה אס.פי.,IT,עוגת מילקי CAKE אישית 34 גרם,גרמים,34.00,100 גרם,false,1,3.90,11.4706,true,1,108844
7290106663503,false,קונפיטורה לייט תות ש,אף.סי תבליני בגליל ב,IL,קונפיטורת תות שדה לייט,גרמים,230.00,100 גרם,false,1,15.70,6.8261,true,1,102560
7290106663558,false,רוטב טריאקי רימון 28,אף.סי תבליני בגליל ב,IL,רוטב טריאקי 320 גרם,מיליליטרים,280.00,"100 מ""ל",false,1,14.90,5.3214,true,1,108094
7290106664562,false,רוטב שמנת 9%  עם פטר,,IL,רוטב שמנת 9%  עם פטריות 250 מל,מיליליטרים,250.00,"100 מ""ל",false,1,11.90,4.7600,true,1,105452
7290106667266,false,דוריטוס חמוץ חריף 18,הנסיך- מפעל לייצור ט,IL,דוריטוס חמוץ חריף 185 גרם,גרמים,185.00,100 גרם,false,1,8.00,4.3243,true,1,114125
7290106668577,false,מיץ לימון טבעי יד מר,יורופוד ס.ר.ל,IT,"מיץ לימון טבעי 250 מ""ל",מיליליטרים,250.00,"100 מ""ל",false,1,8.90,3.5600,true,1,108095
7290106668713,false,יוגורט דנונה 3% פירו,מיוצר עי קונדיטוריית,IL,דנונה פירות יער 3%,גרמים,150.00,100 גרם,false,1,3.90,2.6000,true,1,110199
7290106669857,false,קפסולות אספרסו וניל,שטראוס קפה בי.וי.,IL,קפסולות אספרסו וניל 50 גרם,גרמים,50.00,100 גרם,false,1,16.90,33.8000,true,1,119666
7290106720626,false,חטיף ציטוס גבינה 80,"שטראוס פריטו ליי בע""",IL,ציטוס גבינה 80 גר 48 יח רבנות,גרמים,80.00,100 גרם,false,1,4.90,6.1250,true,1,120380
7290106721913,false,מסטיק מאסט ריח פה צי,"שטראוס גרופ בע""מ",IL,"צנצנת מאסט מנטה מרעננת לל""ס 66 גרם",גרמים,66.00,100 גרם,false,1,9.90,15.0000,true,1,108078
7290106721920,false,מסטיק מאסט ספירמינט,"שטראוס גרופ בע""מ.",IL,"צנצנת ספירמינט לל""ס 66 גרם",גרמים,66.00,100 גרם,false,1,9.90,15.0000,true,1,108079
7290106723689,false,עלי תרד ביבי,שטראוס בריאות ירקות,IL,עלי תרד בייבי שטראוס 200 גרם,גרמים,200.00,100 גרם,false,1,10.90,5.4500,true,1,113610
7290106725867,false,סירופ מייפל טבעי 189,ציטדל,CA,"סירופ מייפל טבעי 189 מ""ל",מיליליטרים,189.00,"100 מ""ל",false,1,34.90,18.4656,true,1,111530
7290106726178,false,WOW יוגורט דנונה פיר,מיוצר עי קונדיטוריית,IL,WOW יוגורט דנונה פירות יער 150 גרם,גרמים,150.00,100 גרם,false,1,4.90,3.2667,true,1,111533
7290106727984,false,כיף כף פצפצים 135 גר,שולן צ'יקולטה גידה ס,TR,גביע פצפצים 135 ג' 2016,גרמים,135.00,100 גרם,false,1,13.90,10.2963,true,1,117378
7290106772472,false,BELGA ממרח פרווה בדצ,"אלמנדוס בע""מ",IL,BELGA ממרח פרווה בדצ 350 גרם בצנצנת,גרמים,350.00,100 גרם,false,1,13.90,3.9714,true,1,157033
7290106775053,false,מחית נוגט פרווה אלמנ,"אלמנדוס בע""מ",IL,מחית נוגט פרווה אלמנדוס 400 גרם,גרמים,400.00,100 גרם,false,1,24.90,6.2250,true,1,157034
7290107280020,false,שלישיה מטליות לחות ל,טרופיקל דגיל- תעשיות,IL,שלישיה מטליות לחות לניקוי כללי,לא מנהל יחידת מידה,0.00,לא מנהל יחידת מידה,false,1,25.60,0.0000,true,1,92781
7290107280075,true,תבניות אלומיניום לאפ,מיוצר עי קונדיטוריית,CN,"סנו סושי, תבניות אלומיניום מידה L, 130 גרם",Unknown,0.00,Unknown,false,1,9.80,0.0000,true,1,107918
7290107280099,false,מגבוני נייר טואלט,טרופיקל דגיל- תעשיות,IL,"סנו סופט מגבוני טואלט לחים, מארז שלישייה",Unknown,0.00,Unknown,false,1,19.90,0.0000,true,1,99816
7290107280341,false,ריצפז מטליות לחות לר,"סנו מפעלי ברונוס סע""",IL,ריצפז מטליות לחות מלון מפנק,יחידה,1.00,יחידה,false,1,14.90,14.9000,true,1,146518
7290107280563,false,גל כביסה בייבי    3,סנו,IL,אוקסיג'ן ביי,ליטרים,3.00,ליטר,false,1,34.60,11.5333,true,1,102176
7290107280570,false,גל כביסה מקסימה,סנו מפעלי ברונוס בעמ,IL,ג'ל כביסה 3 ל' MIX&WASH לכביסה צבעונית,ליטרים,3.00,ליטר,false,1,29.90,9.9667,true,1,102177
7290107280600,false,טבליות למדיח סנו ספא,גרופה אינקו,PL,"סנו ספארק, טבליות למדיח, 2000 גרם",לא מנהל יחידת מידה,1.50,לא מנהל יחידת מידה,false,1,56.90,37.9333,true,1,123569
7290107280655,false,א.כביסה מקסימה בייבי,הורביץ סחר,IL,אבקת כביסה מרוכזת,קילוגרמים,3.25,"ק""ג",false,1,32.90,10.1231,true,1,104001
7290107280709,false,נוזל להברקה 700 מל,,IL,נוזל להברקה 700 מל                SPARK,מיליליטרים,900.00,"100 מ""ל",false,1,16.90,1.8778,true,1,104652
7290107280716,true,מלח למדיח,"מלח הארץ אילת בע""מ",IL,סנו ספארק מלח למדיח 2 קג,קילוגרמים,2.00,"ק""ג",false,1,12.90,6.4500,true,1,107911
7290107280723,false,נוזל כלים ספארק לימו,סנו כימיקלים,IL,סנו ספארק נוזל לניקוי כלים בניחוח לימון רענן,מיליליטרים,700.00,"100 מ""ל",false,1,9.90,1.4143,true,1,103765
7290107280730,false,נ .כלים ספארק לבנדר,סנו מפעלי ברונוס בעמ,IL,סנו נוזל לניקוי כלים בניחוח לבנדר עדין 700 מל,מיליליטרים,700.00,"100 מ""ל",false,1,9.90,1.4143,true,1,103766
7290107280747,false,נ .כלים ספארק קלאסי,סנו כימיקלים,IL,סנו ספארק נוזל לניקוי כלים קלאסי,מיליליטרים,700.00,"100 מ""ל",false,1,9.90,1.4143,true,1,103767
7290107280754,false,נוזל כלים ספארק שקד,סנו,,נוזל כלים ספארק שקד 700 מל,מיליליטרים,700.00,"100 מ""ל",false,1,9.90,1.4143,true,1,103768
7290107280761,false,נוזל כלים לימון,סנו מפעלי ברונוס בעמ,IL,ספארק משאבה לימון 1ל,ליטרים,1.00,ליטר,false,1,11.90,11.9000,true,1,103985
7290107645584,false,מרק קנור עוף אמיתי ר,יוניליוור ישראל מזון,IL,קנור מרק עוף אמיתי 100% רכיבים טבעיים 400 גרם,גרמים,400.00,100 גרם,false,1,21.90,5.4750,true,1,124031
7290107645591,false,מרק טעם עוף קנור רכי,יוניליוור ישראל מזון,IL,קנור מרק טעם עוף 100% רכיבים טבעיים 400 גרם,גרמים,400.00,100 גרם,false,1,16.90,4.2250,true,1,124030
7290107646062,false,מרק בצל קנור רכיבים,יוניליוור ישראל מזון,IL,מרק בצל,גרמים,400.00,100 גרם,false,1,21.90,5.4750,true,1,124029
7290107646147,false,חטיף שוגי קורנפלקס ש,יוניליוור ישראל מזון,IL,"שוגי חטיף פתיתי תירס קלויים, 156 גרם",גרמים,156.00,100 גרם,false,1,15.90,10.1923,true,1,124048
7290107646154,false,חטיף קוקומן פצפוצים,יוניליוור ישראל מזון,IL,"קוקומן חטיף פצפוצי דגנים בטעם שוקולד, 126 גרם",גרמים,126.00,100 גרם,false,1,15.90,12.6190,true,1,124049
7290107646383,false,מטליות לחות לניקוי ר,עלבד משואות יצחק בעמ,IL,מטליות לחות לניקוי רצפה לימון סיף,גרמים,676.00,100 גרם,false,1,13.90,2.0562,true,1,121207
7290107646826,false,חטיף שוגי שוקו שישיי,יוניליוור ישראל מזון,IL,"שוגי חטיף פתיתי תירס קלויים בטעם שוקולד, 156 גרם",גרמים,156.00,100 גרם,false,1,15.90,10.1923,true,1,124050
7290107646833,false,חטיף שוגי שוקולד לבן,יוניליוור ישראל מזון,IL,חטיף שוגי שוקולד לבן וחלב שישייה 138 גרם,גרמים,138.00,100 גרם,false,1,15.90,11.5217,true,1,124051
7290107646895,false,רוטב נפוליטנה קנור 4,קונסורזיו קאסאלאסקו,IT,נפוליטנה - רוטב עגבניות לפסטה,גרמים,415.00,100 גרם,false,1,14.90,3.5904,true,1,121758
7290107646918,false,רוטב שקשוקה קנור 415,קונסורזיו קאסאלאסקו,IT,שקשוקה- רוטב עגבניות מרוכז ומתובל,גרמים,415.00,100 גרם,false,1,14.90,3.5904,true,1,121757
7290107646925,false,ברנפלקס אקסטרה פייבר,יוניליוור ישראל מזון,IL,ברנפלקס אקסטרה פייבר 410 גרם,גרמים,410.00,100 גרם,false,1,25.90,6.3171,true,1,121760
7290107647359,false,סבון לאסלה 5 פעולות,יוניליוור פולין,PL,סבון לאסלה 5 פעולות דומסטוס שלישייה,גרמים,0.00,100 גרם,false,1,24.90,0.0000,true,1,123324
7290107647366,false,סבון לאסלה 5 פעולות,יוניליוור פולין,PL,סבון לאסלה 5 פעולות דומסטוס שלישייה,גרמים,0.00,100 גרם,false,1,24.90,0.0000,true,1,123322
7290107647632,false,קורנטו כשלפ וניל,יוניליוור,IL,קורנטו כשלפ וניל,לא מנהל יחידת מידה,0.00,לא מנהל יחידת מידה,false,1,9.90,0.0000,true,1,128745
7290107647649,false,שלגון סולרו קוקוס אנ,"גלידת שטראוס בע""מ",IL,שלגון סולרו קוקוס אננס 62 גרם,גרמים,62.00,100 גרם,false,1,7.90,12.7419,true,1,128171
7290107647656,false,שלגון מיני סולרו קוק,,IL,שלגון מיני סולרו קוקוס אננס 245גרם,גרמים,245.00,100 גרם,false,1,26.90,10.9796,true,1,128172
7290107647816,false,ברנפלקס ללא תוספת סו,יוניליוור ישראל מזון,IL,ברנפלקס ללא תוספת סוכר 500 גרם,גרמים,500.00,100 גרם,false,1,25.90,5.1800,true,1,121666
7290107647823,false,ברנפלקס בדצ500 גרם,יוניליוור ישראל מזון,IL,ברנפלקס בדצ500 גרם,גרמים,500.00,100 גרם,false,1,25.90,5.1800,true,1,121665
7290107647854,false,דגני בוקר שוגי בדצ 5,יוניליוור ישראל מזון,IL,דגני בוקר שוגי בדצ 500 גרם,גרמים,500.00,100 גרם,false,1,24.90,4.9800,true,1,121663
7290107648943,false,ברנפלקס קרנציס בטעם,יוניליוור שפע ישראל,IL,תלמה דגני בוקר ברנפלקס קרנצ'ים בטעם מייפל 375 גרם,גרמים,375.00,100 גרם,false,1,25.90,6.9067,true,1,124033
7290107648974,true,רוטב עגבניות עם בזיל,קונסורזיו קאסאלאסקו,IL,רוטב עגבניות עם בזיליקום לפסטה 415 גרם,גרמים,415.00,100 גרם,false,1,14.90,3.5904,true,1,127241
7290107648981,false,רוטב פומדורו קנור 41,מיוצר עי קונסורזייו,IT,רוטב פומדורו קנור 415 גרם,גרמים,415.00,100 גרם,false,1,14.90,3.5904,true,1,124151
7290107649100,false,בייגלה טבעות שומשום,בייגל את בייגל מזון,IL,בייגלה טבעות שומשום 300 גר,גרמים,300.00,100 גרם,false,1,11.90,3.9667,true,1,158518
7290107649681,false,קורנטו פסק זמן 64 גר,יוניליוור גרמניה  Gm,IL,קורנטו פסק זמן 64 גרם,גרמים,64.00,100 גרם,false,1,9.90,15.4688,true,1,129424
7290107649780,false,שוקובו שוקו 85 גרם,"מיוצר ע""י גלידת שטרא",IL,שוקובו שוקו 85 גרם,גרמים,85.00,100 גרם,false,1,10.90,12.8235,true,1,129427
7290107649858,false,טילון מגנום לבן גליד,"מיוצר ע""י גלידת שטרא",IL,מגנום  טילון שוקולד לבן 100 גרם,גרמים,100.00,100 גרם,false,1,10.90,10.9000,true,1,129992
7290107870047,false,טילון אקסטרים ענק בר,תות תעשיות מזון (201,IL,אקסטרים טילון בראוניז מטבע ענק 18*115גרם,גרמים,133.00,100 גרם,false,1,9.90,7.4436,true,1,103901
7290107871297,false,פריכונים מיני עשבי ת,"מיוצר ע""י PT, משווק",IL,אסם פריכונים מיני עשבי תיבול 16*23גרם,גרמים,25.00,100 גרם,false,1,4.50,18.0000,true,1,103987
7290107871532,false,קרחונים דובדבן מלון,המאפיה של הרמן,IL,נסטלה מאגדת קרח דובדבן מלון 7 10*75גרם,גרמים,750.00,100 גרם,false,1,16.90,2.2533,true,1,104522
7290107871990,false,פסטה צינורות אסם 500,פסטה זארה,IT,אסם פסטה צינורות איטלקי 12*500גרם,גרמים,500.00,100 גרם,false,1,6.90,1.3800,true,1,104839
7290107874441,false,פריכונים מיני בצל מק,"מיוצר ע""י PT, משווק",IL,אסם פריכונים מיני בצל מקורמל 16*23גרם,גרמים,25.00,100 גרם,false,1,4.50,18.0000,true,1,103988
7290107875158,false,במבה קלאסי מארז 4 יח,מיוצר עי קונדיטוריית,IL,במבה קלאסי מארז 4 יח 60 גרם,גרמים,240.00,100 גרם,false,1,13.90,5.7917,true,1,107403
7290107875271,true,מארז ביסלי ברביקיו,מיוצר עי קונדיטוריית,IL,ביסלי ברביקיו קדמ.מארז אחיד 10 4*55גרם,גרמים,220.00,100 גרם,false,1,12.90,5.8636,true,1,136813
7290107875400,false,גלידה לה קרמריה מוקה,המאפיה של הרמן,IL,לה קרמריה פיסטוק מוקה פרווה בדצ6*1.4ליטר,ליטרים,1.40,ליטר,false,1,21.90,15.6429,true,1,103483
7290107875820,false,קרוטונים אפויים בתיב,עינת תעשיות,IL,אסם קרוטונים אפויים בתיבול ביתי 12*180ג,גרמים,180.00,100 גרם,false,1,12.90,7.1667,true,1,105405
7290107877619,true,מארז במבה נוגט 150 ג,מיוצר עי קונדיטוריית,IL,במבה במילוי קרם נוגט מארז אחיד10 5*30גרם,גרמים,150.00,100 גרם,false,1,13.90,9.2667,true,1,136818
7290107879132,false,מיני פריכיות פיטנס ש,CA,IL,פיטנס מיני פריכיות שוקולד חלב 40*22גרם,גרמים,22.00,100 גרם,false,1,5.40,24.5455,true,1,118175
7290107879521,false,לה פרוטה תות 5 יח,המאפיה של הרמן,IL,לה פרוטה מאגדת תות 8 5*70גרם,גרמים,350.00,100 גרם,false,1,24.90,7.1143,true,1,114068
7290107879569,false,לה פרוטה מנגו 5 יח,המאפיה של הרמן,IL,לה פרוטה מאגדת מנגו 8 5*70גרם,גרמים,350.00,100 גרם,false,1,24.90,7.1143,true,1,114069
7290107879620,false,קרחון שרבט לה פרוטה,המאפיה של הרמן,IL,לה פרוטה תפוח מלון 36*70גרם,גרמים,70.00,100 גרם,false,1,5.90,8.4286,true,1,112785
7290107879644,false,קרחון שרבט לה פרוטה,המאפיה של הרמן,IL,לה פרוטה בננה תמר פקאן 36*65גרם,גרמים,65.00,100 גרם,false,1,5.90,9.0769,true,1,112784
7290107879668,false,קרחון שרבט לה פרוטה,המאפיה של הרמן,IL,לה פרוטה תות 36*70גרם,גרמים,70.00,100 גרם,false,1,5.90,8.4286,true,1,112782
7290107879699,false,קרחון שרבט לה פרוטה,המאפיה של הרמן,IL,לה פרוטה מנגו 36*70גרם,גרמים,70.00,100 גרם,false,1,5.90,8.4286,true,1,112783
7290107879712,false,שרבט לה פרוטה פירות,נגה גלידות,IL,שרבט לה פרוטה פירות אדומים 70גרם,גרמים,70.00,100 גרם,false,1,5.90,8.4286,true,1,157382
7290107931397,false,חטיף כיף כף פצפצים 4,"איי, בי, אינבוו",TR,כיף כף פצפצים,גרמים,40.00,100 גרם,false,1,5.90,14.7500,true,1,114744
7290107932080,false,חלב בקבוק 3% מועשר 1,,IL,חלב בקבוק 3% מועשר 1 ליטר,ליטרים,1.00,ליטר,false,1,7.90,7.9000,true,1,111448
7290107933155,false,לקט סלנובה ירקות  20,תות תעשיות מזון (201,IL,לקט סלנובה ירקות  200גר שטופים שטראוס,גרמים,200.00,100 גרם,false,1,15.90,7.9500,true,1,113698
7290107933643,false,משקה חלב עם דגנים וב,מחלבת יטבתה,IL,"ארוחה קטנה בבקבוק בננה לל""ג",מיליליטרים,250.00,"100 מ""ל",false,1,5.00,2.0000,true,1,114116
7290107934473,true,מארז אקטיביה 1.5%,מיוצר עי קונדיטוריית,IL,מארז 8 אקטיביה 1.5%,Unknown,0.00,Unknown,false,1,19.90,0.0000,true,1,136826
7290107936309,false,יוגורט דנונה יווני ל,"שטראוס בריאות בע""מ",IL,דנונה יוגורט יווני לבן,גרמים,130.00,100 גרם,false,1,3.40,2.6154,true,1,117902
7290107937542,false,משקה אקטיביה תות 1.2,מיוצר עי קונדיטוריית,IL,משקה אקטיביה תות 1.2% 250 גרם,גרמים,250.00,100 גרם,false,1,5.90,2.3600,true,1,115025
7290107937627,false,מסטיק מאסט קוביות ספ,רוג'ר אנד רוג'ר,DE,צנצנת קוביות מנטה עדינה 58 גרם,גרמים,58.00,100 גרם,false,1,9.90,17.0690,true,1,117886
7290107937634,false,מסטיק מאסט קוביות פפ,רוג'ר אנד רוג'ר,DE,צנצנת קוביות מנטה 58 גרם,גרמים,58.00,100 גרם,false,1,9.90,17.0690,true,1,117846
7290107937641,false,מסטיק מאסט קוביות בז,רוג'ר אנד רוג'ר,DE,צנצנת קוביות בזוקה 58 גרם,גרמים,58.00,100 גרם,false,1,9.90,17.0690,true,1,117888
7290107937856,false,קפסולות קפה מספר 11,שטראוס קפה בי.וי,IL,קפסולות 11 גואטמלה למכונות NESPRESSO,גרמים,50.00,100 גרם,false,1,16.90,33.8000,true,1,117793
7290107938396,false,משקה יוגורט אקטימל ת,"שטראוס בריאות בע""מ",IL,אקטימל שמיניה תות,מיליליטרים,864.00,"100 מ""ל",false,1,20.90,2.4190,true,1,115654
7290107939027,false,גזר דק דק 250 גרם שט,תות תעשיות מזון (201,IL,גזר דק דק 250 גרם שטופים שטראוס,גרמים,250.00,100 גרם,false,1,6.90,2.7600,true,1,118162
7290107940467,false,יוגורט אקטיביה 1.5%,מיוצר עי קונדיטוריית,IL,אקטיביה 200 גרם 1.5%,גרמים,200.00,100 גרם,false,1,4.20,2.1000,true,1,115647
7290107941259,false,עדשים ירוקות מבושלות,הורקסה לס לגונס דה ס,IL,עדשים ירוקות מבושלות 475 גרם,גרמים,475.00,100 גרם,false,1,13.90,2.9263,true,1,118343
7290107941266,false,שעועית אדומה שטראוס,הורקסה לס לגונס דה ס,IL,שעועית אדומה שטראוס מבושלת 475 גרם,גרמים,475.00,100 גרם,false,1,13.90,2.9263,true,1,118345
7290107941273,false,חומוס מבושל שטראוס 4,הורקסה לס לגונס דה ס,IL,חומוס מבושל שטראוס 475 גרם,גרמים,475.00,100 גרם,false,1,13.90,2.9263,true,1,118344
7290107942355,false,תפוציפס מקלות בטעם ט,"שטראוס פריטו ליי בע""",IL,תפו מקלות טבעי 60 גר 56 יח,גרמים,60.00,100 גרם,false,1,3.90,6.5000,true,1,118332
7290107943369,false,קוואקר שיבולת שועל ל,היידי שוקולד בירונטי,US,קוואקר שיבולת שועל ללא גלוטן 511 גרם,גרמים,511.00,100 גרם,false,1,19.90,3.8943,true,1,121764
7290107944243,false,אפיפיות בטעם שוקולד,"שטראוס גרופ בע""מ",IL,אפיפיות בטעם שוקולד 200 גרם,גרמים,200.00,100 גרם,false,1,8.90,4.4500,true,1,121647
7290107944472,false,גבינת סימפוניה שום ש,"שטראוס בריאות בע""מ",IL,סימפוניה שום שמיר 5%,גרמים,200.00,100 גרם,false,1,11.90,5.9500,true,1,118342
7290107945165,false,קונפיטורה משמש 340 ג,"ב.א. מזון בע""מ",IL,קונפיטורה משמש 340 גרם יד מרדכי,גרמים,340.00,100 גרם,false,1,14.90,4.3824,true,1,119898
7290107950190,false,מעדן דיאט שוקולד מרי,מיוצר עי קונדיטוריית,IL,מעדן שטראוס דיאט מריר,גרמים,130.00,100 גרם,false,1,3.50,2.6923,true,1,117904
7290107950206,false,מעדן דיאט שוקולד 0%,מיוצר עי קונדיטוריית,IL,מעדן שטראוס דיאט שוקולד,גרמים,130.00,100 גרם,false,1,3.50,2.6923,true,1,117914
7290107951104,false,בפלות שוקולד 200 גרם,"א.ג. גילרו בע""מ",IL,בפלות שוקולד 200 גרם,גרמים,200.00,100 גרם,false,1,5.10,2.5500,true,1,118500
7290107951111,false,בפלות לימון 200 גרם,"א.ג. גילרו בע""מ",IL,בפלות לימון 200 גרם,גרמים,200.00,100 גרם,false,1,5.10,2.5500,true,1,118505
7290107951715,false,מסטיק מאסט קוביות ענ,רוג'ר אנד רוג'ר,DE,צנצנת קוביות ענבים 58 גרם,גרמים,58.00,100 גרם,false,1,9.90,17.0690,true,1,119892
7290107953559,false,מארז טורקי לדרך 168,הנסיך- מפעל לייצור ט,IL,מארז טורקי לדרך 168 גר,גרמים,200.00,100 גרם,false,1,19.90,9.9500,true,1,124013
7290107954976,false,משקה יטבתה פרו קפה 3,מחלבת יטבתה,IL,יטבתה פרו קפה 350,מיליליטרים,350.00,"100 מ""ל",false,1,6.50,1.8571,true,1,121375
7290107956642,false,"תרסיס שמן זית 150 מ""",סובנה ספרד אס.איי.יו,ES,"תרסיס שמן זית 150 מ""ל",מיליליטרים,150.00,"100 מ""ל",false,1,19.90,13.2667,true,1,122739
7290107956901,true,קפסולות אגוזי לוז למ,שטראוס קפה בי.וי.,IL,קפסולות אגוזי לוז למכונות NESPRESSO,לא מנהל יחידת מידה,0.00,לא מנהל יחידת מידה,false,1,16.90,0.0000,true,1,124590
7290107956925,true,קפסולות קפה אספרסו 1,שטראוס קפה בי.וי.,IL,קפסולות 13 אוגנדה למכונות NESPRESSO,לא מנהל יחידת מידה,0.00,לא מנהל יחידת מידה,false,1,16.90,0.0000,true,1,126601
7290107956932,true,קפסולות אינדונזיה,הנסיך- מפעל לייצור ט,IL,קפסולות 12 אינדונזיה למכונות NESPRESSO,Unknown,0.00,Unknown,false,1,16.90,0.0000,true,1,125800
7290107957069,false,מסטיק עלמה בצנצנת בט,"שטראוס גרופ בע""מ",IL,"צנצנת עלמה בטעם אוכמניות לל""ס 66 גרם",גרמים,66.00,100 גרם,false,1,9.90,15.0000,true,1,122094
7290107957076,false,מסטיק עלמה בצנצנת בט,"שטראוס גרופ בע""מ",IL,מסטיק עלמה בצנצנת בטעם ספירמינט 66 גרם,גרמים,66.00,100 גרם,false,1,9.90,15.0000,true,1,122095
7290107957991,false,מילקי מינייס 144 גרם,בובארד איטליה אס.פי.,IT,מילקי מינייס,גרמים,144.00,100 גרם,false,1,14.90,10.3472,true,1,125874
7290107958035,true,מארז דנונה במתיקות מ,מיוצר עי קונדיטוריית,IL,מארז 8 דנונה מתיקות מעודנת ללא סוכר וממת,Unknown,0.00,Unknown,false,1,18.90,0.0000,true,1,136873
7290107970129,false,דאודורנט רול און פרש,קולגייט פלמוליב,IT,"דאודורנט רול און פרש אסנס סחלב 50 מ""ל",מיליליטרים,50.00,"100 מ""ל",false,1,22.90,45.8000,true,1,110569
7290107971751,false,מי פה קולגייט טוטל כ,קולגייט- פלמוליב,PL,קולגייט מי פה טוטל כחול 500 מל,מיליליטרים,500.00,"100 מ""ל",false,1,31.90,6.3800,true,1,114748
7290107973014,false,פלמוליב סבון ידיים ח,הנסיך- מפעל לייצור ט,TR,"פלמוליב סבון ידיים חלב ודבש 300 מ""ל",מיליליטרים,300.00,"100 מ""ל",false,1,9.90,3.3000,true,1,121203
7290107973038,false,פלמוליב סבון ידיים א,קולגייט פלמוליב,IT,פלמוליב סבון ידיים אקווריום 300 מל,מיליליטרים,300.00,"100 מ""ל",false,1,9.90,3.3000,true,1,121202
7290107973311,false,קולגייט מברשת שיניים,קולגייט פלמוליב,,קולגייט 360 מברשת שיניים גולד 2 יח',לא מנהל יחידת מידה,0.00,לא מנהל יחידת מידה,false,1,33.90,0.0000,true,1,114893
7290107973809,false,מנה קוביות עגבניות,פראנו אריקו ופיגלי ס,IT,מאסטר שף קוביות עגבניות איטלקיות 400 גרם,גרמים,400.00,100 גרם,false,1,6.20,1.5500,true,1,116683
7290107973861,false,עגבניות קצוצות דק 1/,קונסורזיו קאסאלאסקו,IT,מאסטר שף עגבניות קצוצות דק מארז שלישייה,גרמים,400.00,100 גרם,false,1,15.90,3.9750,true,1,117330
7290107974066,false,עלי טורטיה קמח מלא 3,אורגניק,DE,עלי טורטיה קמח מלא 320 גרם,גרמים,320.00,100 גרם,false,1,10.90,3.4063,true,1,115034
7290107974073,false,עלי טורטיה קמח לבן 3,הנסיך- מפעל לייצור ט,DE,מאסטר שף עלי טורטיה קמח לבן 320 גר,גרמים,320.00,100 גרם,false,1,10.90,3.4063,true,1,115032
7290107974080,false,עלי טורטיה קמח לבן 8,הדקלאים אגודת שיתופי,DE,מאסטר שף עלי טורטייה קמח חיטה 756 גרם,גרמים,840.00,100 גרם,false,1,19.90,2.3690,true,1,115033
7290107974301,true,ספיד סטיק ליידי גל א,הנסיך- מפעל לייצור ט,US,ליידי ספיד סטיק דאודורנט אלוורה ג'ל 65 גרם,Unknown,0.00,Unknown,false,1,19.90,0.0000,true,1,130254
7290107974646,false,מי פה מרידול נשימה ר,הנסיך- מפעל לייצור ט,PL,מרידול מי פה נשימה רעננה 400 מל,מיליליטרים,400.00,"100 מ""ל",false,1,36.90,9.2250,true,1,117300
7290107975360,true,ליידי גל פיור,הנסיך- מפעל לייצור ט,US,ליידי גל פיור,Unknown,0.00,Unknown,false,1,19.90,0.0000,true,1,136896
7290107977456,false,פלמוליב סבון נוזלי ס,CP UK,TR,"פלמוליב סבון נוזלי ספורט לגבר 750 מ""ל",מיליליטרים,750.00,"100 מ""ל",false,1,21.90,2.9200,true,1,145946
7290107978101,false,קולגייט אופטיק וייט,קולגייט-פלמוליב,PL,משחת שיניים אופטיק וויט אקסטרא פאוור,מיליליטרים,75.00,"100 מ""ל",false,1,27.90,37.2000,true,1,124365
7290107978323,false,איטריות דקיקות מאסטר,הדקלאים אגודת שיתופי,PL,"מאסטר שף, אטריות דקיקות, 400 גרם",גרמים,400.00,100 גרם,false,1,6.50,1.6250,true,1,120917
7290107978330,false,איטריות דקות מאסטר ש,הדקלאים אגודת שיתופי,PL,מאסטר שף אטריות דקות 400 גרם,גרמים,400.00,100 גרם,false,1,6.50,1.6250,true,1,120918
7290107978347,false,איטריות בינוניות מאס,הדקלאים אגודת שיתופי,PL,מאסטר שף אטריות בינוניות 400 גרם,גרמים,400.00,100 גרם,false,1,6.50,1.6250,true,1,120919
7290107978637,true,משחת שיניים מרידול ח,קולגייט פלמוליב,PL,מרידול משחת שיניים למניעת בעיות חנייכים 75 מל,מיליליטרים,1.00,"100 מ""ל",false,1,19.90,1990.0000,true,1,127556
7290107979184,false,קוקי תבנית אלומיניום,HAI PLASTIC,CN,קוקי תבנית אלומיניום עם נייר אפייה גדול,יחידה,1.00,יחידה,false,1,13.90,13.9000,true,1,121486
7290107979191,false,קוקי תבנית אלומיניום,HAI PLASTIC,CN,קוקי תבנית אלומיניום עם נייר אפייה ענק,יחידה,1.00,יחידה,false,1,13.90,13.9000,true,1,121487
7290108073645,true,אקדח בועות סבון מיני,,,אקדח בועות סבון מיניונים,יחידה,1.00,יחידה,false,1,24.90,24.9000,true,1,113469
7290108078756,true,בלון מיילר כסף ספרה,,,בלון מיילר כסף ספרה,יחידה,1.00,יחידה,false,1,6.90,6.9000,true,1,122813
7290108350128,false,שקית אשפה חזקה סנו,סנו מפעלי ברונוס בעמ,IL,שקית אשפה חזקה סנו סושי 40 יח,Unknown,0.00,Unknown,false,1,25.90,0.0000,true,1,104653
7290108350180,false,מפיות מודפסות 100 יח,חי מוצרי נייר בעמ,IL,מפיות מודפסות 100 יחידות,ליטרים,2.00,ליטר,false,1,9.90,4.9500,true,1,110416
7290108350203,false,כריות קרצוף עם ספוג,UFO,US,כריות קרצוף עם ספוג מקציף 6 יחידות,לא מנהל יחידת מידה,0.00,לא מנהל יחידת מידה,false,1,9.90,0.0000,true,1,115509
7290108350210,false,סנו סושי 30 שקיות אש,מיוצר עי קונדיטוריית,IL,סנו סושי 30 שקיות אשפה XL חזקות במיוחד,לא מנהל יחידת מידה,0.00,לא מנהל יחידת מידה,false,1,26.90,0.0000,true,1,112134
7290108350524,false,סנו לארון פרש בניחוח,"סנו מפעלי ברונוס בע""",IL,סנו לארון פרש בניחוח לבנדר,יחידה,1.00,יחידה,false,1,19.90,19.9000,true,1,153340
7290108350531,false,נוזל כלים סנו ספארק,סנו מפעלי ברונוס בעמ,IL,ספארק משאבה קלאסי 1ל,ליטרים,1.00,ליטר,false,1,11.90,11.9000,true,1,109842
7290108350548,false,נוזל כלים סנו ספארק,סנו מפעלי ברונוס בעמ,IL,סנו נוזל לניקוי כלים בניחוח לבנדר עדין 1 ליטר,ליטרים,1.00,ליטר,false,1,11.90,11.9000,true,1,109843
7290108350555,false,נוזל כלים סנו ספארק,,,נוזל כלים סנו ספארק עור רגיש 1ליטר משאבה,ליטרים,1.00,ליטר,false,1,11.90,11.9000,true,1,109844
7290108350616,false,מרכך כביסה מקסימה סו,"סנו מפעלי ברונוס בע""",IL,מרכך מרוכז בלו בלוסום 1ליטר,ליטרים,1.00,ליטר,false,1,18.90,18.9000,true,1,115784
7290108350623,false,מרכך כביסה מקסימה So,"סנו מפעלי ברונוס בע""",IL,מרכך מרוכז סופט סילק 1ליטר,ליטרים,1.00,ליטר,false,1,18.90,18.9000,true,1,116049
7290108350722,false,אורביטול קידס 6+ בוב,טרופיקל דגיל תעשיות,IL,אורביטול קידס 6+ בוב ספוג 70גרם,גרמים,70.00,100 גרם,false,1,9.90,14.1429,true,1,151762
7290108350739,false,משחת שיניים אורביטול,טרופיקל דגיל תעשיות,IL,משחת שיניים אורביטול ילדים סוכריות גלי,לא מנהל יחידת מידה,0.00,לא מנהל יחידת מידה,false,1,9.90,0.0000,true,1,128122
7290108351118,false,"קוטל מעופפים 750 מ""ל",סנו מפעלי ברונוס בעמ,IL,K-4000,מיליליטרים,750.00,"100 מ""ל",false,1,34.60,4.6133,true,1,116313
7290108351149,false,סנו גט לניקוי כללי ו,"סנו מפעלי ברונוס בע""",IL,ג'ט פלוס סודה 1.5 ליטר,ליטרים,1.50,ליטר,false,1,15.90,10.6000,true,1,118991
7290108351156,false,סנו גט לניקוי כללי ו,"סנו מפעלי ברונוס בע""",IL,ג'ט פלוס חומץ 1.5 ליטר,ליטרים,1.50,ליטר,false,1,15.90,10.6000,true,1,118990
7290108351507,false,מרכך כביסה מקסימה 4ל,הורביץ סחר,IL,מרכך כביסה מקסימה 4ליטר SOFT SILK,ליטרים,4.00,ליטר,false,1,22.90,5.7250,true,1,118581
7290108351514,false,מרכך כביסה מקסימה BL,סנו,IL,מרכך כביסה מקסימה BLUE BLOSSOM,ליטרים,4.00,ליטר,false,1,22.90,5.7250,true,1,118580
7290108351552,false,סנו גט פלוס לניקוי כ,"סנו מפעלי ברונוס בע""",IL,גט לניקוי כללי - בתוספת חומץ לניקוי והברקה בקלות,מיליליטרים,750.00,"100 מ""ל",false,1,13.90,1.8533,true,1,122546
7290108351569,false,מבשם ומרכך כביסה למי,"איי, בי, אינבוו",IL,"מקסימה למייבש הכביסה בייבי 750 מ""ל",Unknown,0.00,Unknown,false,1,18.90,0.0000,true,1,121410
7290108351583,false,גט לניקוי אסלות,טרופיקל דגיל תעשיות,IL,גט לניקוי אסלות,לא מנהל יחידת מידה,0.00,לא מנהל יחידת מידה,false,1,11.90,0.0000,true,1,125175
7290108351590,false,מבשם לבית בניחוח מרכ,סנו,IL,פרש הום בלו,מיליליטרים,350.00,"100 מ""ל",false,1,15.90,4.5429,true,1,121415
7290108351613,false,ריצפז פרש הום,"סנו מפעלי ברונוס בע""",IL,'רצפז פ.הום מלון חלומי  2 ליטר,ליטרים,0.00,ליטר,false,1,21.90,0.0000,true,1,121413
7290108351620,false,סנו פרש- NO.2 לוכד ר,"סנו מפעלי ברונוס בע""",IL,"סנו פרש- NO.2 לוכד ריחות רעים 60 מ""ל",מיליליטרים,60.00,"100 מ""ל",false,1,15.90,26.5000,true,1,121983
7290108351699,false,מגבונים גט + חומץ מא,סנו מפעלי ברונוס על,IL,מגבונים גט + חומץ מא,לא מנהל יחידת מידה,0.00,לא מנהל יחידת מידה,false,1,22.90,0.0000,true,1,126000
7290108351705,false,סנו מקסימה פניני ביש,value smart prodacts,US,פניני בישום לכביסה fresh linen,יחידה,1.00,יחידה,false,1,30.90,30.9000,true,1,145746
7290108351712,false,סנו מקסימה פניני ביש,value smart prodacts,US,פניני בישום לכביסה lovely,יחידה,1.00,יחידה,false,1,30.90,30.9000,true,1,145747
7290108351804,false,מרכך כביסה מקסימה 1,סנו מפעלי ברונוס בעמ,IL,מרכך בבישום עוצמתי gentel breeze,ליטרים,1.00,ליטר,false,1,18.90,18.9000,true,1,145287
7290108351811,false,מרכך כביסה מקסימה 1,סנו מפעלי ברונוס בעמ,IL,מרכך כביסה בבישום עוצמתי floral touch,ליטרים,1.00,ליטר,false,1,18.90,18.9000,true,1,145286
7290108351835,false,מרכך כביסה מקסימה 4,סנו מפעלי ברונוס בעמ,IL,מרכך כביסה מקסימה 4 ליטר FLORAL TOUCH,ליטרים,4.00,ליטר,false,1,22.90,5.7250,true,1,145916
7290108351903,false,אורביטול שטיפת פה בא,קוסמופארם בע''מ,IL,"אורביטול שטיפת פה באריזה חד פעמית  240 מ""ל",לא מנהל יחידת מידה,5.00,לא מנהל יחידת מידה,false,1,21.90,4.3800,true,1,149856
7290108351910,false,טבליות למדיח 30 יחיד,גרופה אינקו,PL,טבליות למדיח 30 יחידות,לא מנהל יחידת מידה,0.00,לא מנהל יחידת מידה,false,1,25.90,0.0000,true,1,128123
7290108351934,false,אל סבון מוצק רינגס ב,DRAMERSSA SWARZEDZ,PL,סבון אסלה ריחני בניחוח לימון,לא מנהל יחידת מידה,0.00,לא מנהל יחידת מידה,false,1,14.90,0.0000,true,1,130593
7290108352061,false,אורביטול משחת שיניים,סנו,IL,אורביטול משחת שיניים פחם פעיל 145 גרם,גרמים,145.00,100 גרם,false,1,15.90,10.9655,true,1,160174
7290108352078,false,אורביטול שטיפת פה מל,קוסמופארם בע''מ,IL,"אורביטול שטיפת פה בתוספת מלח 500 מ""ל",מיליליטרים,500.00,"100 מ""ל",false,1,26.90,5.3800,true,1,149854
7290108352092,false,אורביטול משחת שיניים,ג'נרל מילס סאן אדריא,IL,אורביטול משחת שיניים מלח 145 גרם,גרמים,145.00,100 גרם,false,1,18.90,13.0345,true,1,149851
7290108352139,false,גל כביסה אקולוגי סנו,סנו מפעלי ברונוס בעמ,IL,סנו גרין פאוור ג'ל כביסה מרוכז אקולוגי 3 ליטר.,ליטרים,3.00,ליטר,false,1,31.90,10.6333,true,1,149012
7290108352153,false,סנובון נוזלי לוטוס ו,סנו מפעלי ברונוס בעמ,IL,99.9% סנו בון נוזל לניקוי אסלות 750 מל,מיליליטרים,750.00,"100 מ""ל",false,1,11.90,1.5867,true,1,148963
7290108352207,false,מקסימה 40קפסולות גל,"גליל כימיקלים, א.ת.",IL,סנו מקסימה קפסולות לכביסה 40 יח,יחידה,1.00,יחידה,false,1,39.90,39.9000,true,1,149209
7290108352214,false,מקסימה 40קפסולות גל,"גליל כימיקלים , א.ת",IL,סנו מקסימה קפסולות לכביסה 40 יח,יחידה,1.00,יחידה,false,1,39.90,39.9000,true,1,149208
7290108352221,false,סנו פרש הום מלון מפנ,סנו מפעלי ברונוס בעמ,IL,מבשם לבית בניחוח מלון מפנק 350 מל,מיליליטרים,350.00,"100 מ""ל",false,1,15.90,4.5429,true,1,149406
7290108352252,false,נוזל כלים ספארק 1 לי,"סנו מפעלי ברונוס בע""",IL,נוזל כלים ספארק 1 ליטר משאבה ללא בישום,ליטרים,1.00,ליטר,false,1,11.90,11.9000,true,1,149850
7290108352269,false,דלי מטליות לחיטוי ונ,סנו,IL,דלי מטליות לחיטוי וניקוי 99.9%,יחידה,1.00,יחידה,false,1,31.90,31.9000,true,1,148559
7290108352276,false,סנו מטליות לניקוי וח,"סנו מפעלי ברונס בע""מ",IL,99.9% מטליות לחיטוי ולניקוי רצפות 10 יח,לא מנהל יחידת מידה,0.00,לא מנהל יחידת מידה,false,1,16.90,0.0000,true,1,148073
7290108352283,false,נוזל לניקוי וחיטוי ר,"סנו מפעלי ברונוס בע""",IL,99.9% נוזל לחיטוי וניקוי רצפות 2 ליטר,ליטרים,2.00,ליטר,false,1,23.90,11.9500,true,1,148074
7290108352337,false,סנו פרש אוטומטיק מלו,סנו מפעלי ברונוס בעמ,IL,מבשם לבית בניחוח מלון מפנק 250 מל,מיליליטרים,250.00,"100 מ""ל",false,1,17.90,7.1600,true,1,149409
7290108352344,false,סנו פרש אוטומטיק מלו,סנו מפעלי ברונוס בעמ,IL,מבשם לבית בניחוח מלון בוטיק 250 מל,מיליליטרים,250.00,"100 מ""ל",false,1,17.90,7.1600,true,1,149408
7290108352382,false,סנו 20 מגבוני חיטוי,טרופיקל דגיל תעשיות,IL,סנו 99.9% מטליות לחות לחיטוי 20 יח,יחידה,1.00,יחידה,false,1,11.90,11.9000,true,1,150264
7290108352399,false,ריצפז פרש הום מרכך כ,סנו,IL,ריצפז פרש הום מרכך כביסה מקסימה פלורל 2,ליטרים,2.00,ליטר,false,1,21.90,10.9500,true,1,157747
7290108352450,false,ריצפז פרש הום בלו בל,סנו מפעלי ברונוס בעמ,IL,רצפז פרש הום 2ל מרכך כביסה,ליטרים,2.00,ליטר,false,1,21.90,10.9500,true,1,151756
7290108352498,false,סנו פרש מכשיר אוטומט,"יצרן מכשיר: זובלה,",CN,סנו פרש מכשיר אוטומטי + מילוי מלון בוטיק,לא מנהל יחידת מידה,0.00,לא מנהל יחידת מידה,false,1,44.90,0.0000,true,1,155056
7290108352511,false,מקסימה לניקוי וחיטוי,סנו,IL,"מקסימה לניקוי וחיטוי למכונת כביסה, 500 מ""ל",מיליליטרים,500.00,"100 מ""ל",false,1,12.90,2.5800,true,1,155058
7290108352535,false,מקסימה דפי בישום לחי,סנו,IL,מקסימה דפי בישום לחים למייבש 20 יחידות,לא מנהל יחידת מידה,0.00,לא מנהל יחידת מידה,false,1,12.90,0.0000,true,1,157114
7290108352566,false,מרכך כביסה גוי מקסימ,"סנו מפעלי ברונוס בע""",IL,מרכך כביסה גוי מקסימה 4 ליטר,ליטרים,4.00,ליטר,false,1,22.90,5.7250,true,1,156211
7290108352573,false,מקסימה מרכך כביסה 4,סנו,IL,מקסימה מרכך כביסה 4 ליטר CALM,ליטרים,4.00,ליטר,false,1,22.90,5.7250,true,1,157748
7290108352597,false,מגבונים לחים לניקוי,סנו,,מגבונים לחים לניקוי בדלי 400 יח,לא מנהל יחידת מידה,0.00,לא מנהל יחידת מידה,false,1,29.90,0.0000,true,1,116678
7290108352641,false,מארז שלישיית מטליות,סנו,,מארז שלישיית מטליות הפלא לניקוי כללי,לא מנהל יחידת מידה,0.00,לא מנהל יחידת מידה,false,1,14.90,0.0000,true,1,121408
7290108352672,false,מטלית הפלא לריצפה זו,סנו,,זוג מטליות פלא לריצפה,Unknown,0.00,Unknown,false,1,21.90,0.0000,true,1,121407
7290108352689,false,כריות קרצוף ללכלוך ק,טרופיקל דגיל תעשיות,US,"סנו סושי - 9 כריות קרצוף ללכלוך קשה (24X9 ס""מ)",לא מנהל יחידת מידה,0.00,לא מנהל יחידת מידה,false,1,9.90,0.0000,true,1,115508
7290108352801,false,סנו סושי - שקיות אשפ,"סנו מפעלי ברונוס בע""",IL,שקיות אשפה לפחים קטנים,לא מנהל יחידת מידה,0.00,לא מנהל יחידת מידה,false,1,21.90,0.0000,true,1,125183
7290108352818,false,מטלית לשיש במבוק,צ'נצ'גן גולי מוצרי צ,CN,סנו סושי מטלית במבוק לניקוי,לא מנהל יחידת מידה,0.00,לא מנהל יחידת מידה,false,1,7.90,0.0000,true,1,128116
7290108352825,false,ספוג הפלא נירוסטה,s.k.a.t ltdסנו מפעלי,CN,ספוג הפלא נירוסטה,גרמים,44.00,100 גרם,false,1,10.90,24.7727,true,1,125999
7290108352849,false,מטלית הפלא סנו סושי,נינגבו סנבנג,CN,סנו סושי- מטלית הפלא  3 יח,יחידה,1.00,יחידה,false,1,14.90,14.9000,true,1,151786
7290108352863,false,שקיות צלייה L 20 יחי,סנו מפעלי ברונוס בעמ,TR,"סנו סושי- שקיות צלייה, 20 יחידות",יחידה,0.00,יחידה,false,1,9.90,0.0000,true,1,126767
7290108352870,false,שקיות צלייה XL 10 יח,סנו מפעלי ברונוס בעמ,TR,"סנו סושי- שקיות צלייה, 10 יחידות",יחידה,0.00,יחידה,false,1,9.90,0.0000,true,1,126766
7290108352887,false,זוג מפות שולחן לבנות,מיוצר עי קונדיטוריית,CN,סנו סושי זוג מפות שולחן עשויות מבד בלתי ארוג 2 יח',לא מנהל יחידת מידה,7.50,לא מנהל יחידת מידה,false,1,8.90,1.1867,true,1,127496
7290108352894,false,סושי מפת שולחן חגיגי,שואוגאנג,CN,סנו סושי מפת שולחן חגיגית XL,לא מנהל יחידת מידה,7.00,לא מנהל יחידת מידה,false,1,7.90,1.1286,true,1,128643
7290108352900,false,מגבות הפלא גליל כפול,סנו מפעלי ברונוס בעמ,IL,"מגבות הפלא גליל כפול- מגבות עבות, חזקות וסופגות",לא מנהל יחידת מידה,0.00,לא מנהל יחידת מידה,false,1,21.90,0.0000,true,1,130590
7290108353044,false,סנו סושי תבניות אפיה,מיוצר עי קונדיטוריית,CN,תבניות אפייה מנייר L,יחידה,1.00,יחידה,false,1,10.90,10.9000,true,1,145294
7290108353068,false,כרית קרצוף עם סיני נ,מיוצר עי קונדיטוריית,CN,כרית קרצוף עם סיבי נירוסטה,יחידה,1.00,יחידה,false,1,10.90,10.9000,true,1,146684
7290108353082,false,סנו סופט ממחטות אף ב,סנו מפעלי ברונוס בעמ,IL,סנו סופט 120 ממחטות אף דו שכבתיות,יחידה,1.00,יחידה,false,1,9.90,9.9000,true,1,145296
7290108353099,false,סנו סופט ממחטות אף 1,איימי פייפר,CN,סנו סופט - 500 ממחטות אף דו שכבתיות נשלפות אחת אחת,יחידה,1.00,יחידה,false,1,15.90,15.9000,true,1,145297
7290108353402,false,מברשת שיניים אורביטו,Z.H.T PLASTICS China,CN,מברשת שיניים אורביטול צארקול זוג,יחידה,1.00,יחידה,false,1,19.90,19.9000,true,1,146775
7290108353433,false,שטיפת מי פה אורביטול,"קוסמופארם בע""מ",IL,שטיפת מי פה אורביטול,מיליליטרים,500.00,"100 מ""ל",false,1,24.70,4.9400,true,1,127497
7290108353440,false,מברשת שיניים אורביטו,"ב.א מזון בע""מ",CN,"מברשת שיניים אורביטול 12,000 סיבים זוג",יחידה,1.00,יחידה,false,1,29.90,29.9000,true,1,156213
7290108353501,false,שקיות אשפה סנו סושי,"סנאט גרופ, טורקיה",TR,שקיות אשפה סנו סושי עם ידית - 25 יח,יחידה,1.00,יחידה,false,1,19.90,19.9000,true,1,146682
7290108353518,false,סנו סושי תבניות אלומ,יויו טינואט,CN,סנו סושי תבניות אלומיניום XL עם ידית - 2,יחידה,1.00,יחידה,false,1,10.90,10.9000,true,1,146686
7290108353525,false,סנו סושי תבניות אלומ,יויו טינואט,CN,סנו סושי תבניות אלומיניום L עם ידית - 4,יחידה,1.00,יחידה,false,1,10.90,10.9000,true,1,146687
7290108353532,false,שקיות אשפה סנו סושי,Elif,TR,שקיות אשפה סנו סושי עם שרוך - 100 יח,יחידה,1.00,יחידה,false,1,29.90,29.9000,true,1,146683
7290108353549,false,נייר אפייה סנו סושי,"טופ פלסט 2002 בע""מ",IL,"סנו סושי נייר אפייה, 100 יחידות, 38X42 סמ",יחידה,1.00,יחידה,false,1,19.90,19.9000,true,1,146688
7290108353648,false,סנו סושי 70 שקיות או,איי טי אריזות,TR,סנו סושי 70 שקיות אוכל מנייר + מדבקות במ,יחידה,1.00,יחידה,false,1,11.90,11.9000,true,1,150266
7290108353686,false,סנו סושי מטלית חלומי,נינגבו סנבנג,CN,סנו סושי- מטלית חלומית לריצפה 1 יח,יחידה,1.00,יחידה,false,1,11.90,11.9000,true,1,153758
7290108353891,false,דאודורנט רול און קרמ,"קוסמופארם בע""מ",IL,קרמה דאו' רול און מאסק 75 מל,מיליליטרים,75.00,"100 מ""ל",false,1,13.90,18.5333,true,1,151760
7290108353952,false,דאו ספריי קרמה קלאסי,סנו,IL,"דאו ספריי קרמה קלאסי 150 מ""ל",מיליליטרים,150.00,"100 מ""ל",false,1,17.90,11.9333,true,1,155063
7290108353969,false,דאו ספריי קרמה מאסק,סנו,IL,"דאו ספריי קרמה מאסק, 150 מ""ל",מיליליטרים,150.00,"100 מ""ל",false,1,17.90,11.9333,true,1,155062
7290108353983,false,קרם גוף קרמה קלאסי 5,קוסמופארם בע''מ,IL,קרמה קרם גוף קלאסי  500 מל,מיליליטרים,500.00,"100 מ""ל",false,1,24.90,4.9800,true,1,151758
7290108353990,false,קרם גוף קרמה מאסק 50,קוסמופארם בע''מ,IL,קרמה קרם גוף מאסק 500 מל,מיליליטרים,500.00,"100 מ""ל",false,1,24.90,4.9800,true,1,151757
7290108354065,false,קרמה מן גל רחצה פילי,סנו,IL,קרמה מן גל רחצה פילינג 700 מל,מיליליטרים,700.00,"100 מ""ל",false,1,18.90,2.7000,true,1,157749
7290108354270,false,מרכך כביסה מקסימה CA,סנו,IL,מרכך כביסה מקסימה CALM מרוכז 1 ליטר,ליטרים,1.00,ליטר,false,1,18.90,18.9000,true,1,156212
7290108354430,false,שמפו כיף שמן קוקוס ו,קוסמופארם בעמ,IL,שמפו כיף שמן קוקוס וקרטין 700מל,מיליליטרים,700.00,"100 מ""ל",false,1,12.90,1.8429,true,1,151754
7290108354447,false,מרכך כיף שמן קוקוס ו,קוסמופארם בעמ,IL,מרכך כיף שמן קוקוס וקרטין 700מל,מיליליטרים,700.00,"100 מ""ל",false,1,12.90,1.8429,true,1,151755
7290108354591,false,נקה 7 תחליב ביו מי ק,סנו,IL,נקה 7 תחליב ביו מי קקטוס 750 מל,מיליליטרים,750.00,"100 מ""ל",false,1,11.90,1.5867,true,1,160178
7290108354607,false,נקה 7 שמפו ביו מי קק,סנו,IL,נקה 7 שמפו ביו מי קקטוס 750 מל,מיליליטרים,750.00,"100 מ""ל",false,1,11.90,1.5867,true,1,160179
7290108354614,false,נקה 7 מרכך ביו מי קק,סנו,IL,נקה 7 מרכך ביו מי קקטוס 750 מל,מיליליטרים,750.00,"100 מ""ל",false,1,11.90,1.5867,true,1,160180
7290108354621,false,כיף מסכה לשיער אפרסק,סנו,IL,כיף מסכה לשיער אפרסק וחמאה 500 מל,מיליליטרים,500.00,"100 מ""ל",false,1,25.90,5.1800,true,1,160181
7290108354829,false,קרמה קרם ידיים 100 מ,קוסמופארם,IL,קרמה קרם ידיים 100 מל ורד ווניל,מיליליטרים,100.00,"100 מ""ל",false,1,9.90,9.9000,true,1,150439
7290108354911,false,קרמה מן שמפו גל רחצה,"קוסמופארם בע""מ",IL,"קרמה מן שמפו, ג'ל רחצה וגילוח 700 מל",מיליליטרים,700.00,"100 מ""ל",false,1,18.90,2.7000,true,1,148665
7290108355178,false,קרמה קרם ידיים 100 מ,קוסמופארם,IL,קרמה קרם ידיים 100 מל חמאת שיאה,Unknown,0.00,Unknown,false,1,9.90,0.0000,true,1,150443
7290108355185,false,מסכת קרטין אינטנס למ,"קוסמופארם בעמ, ח.פ 5",IL,מסכת קרטין טהור,מיליליטרים,350.00,"100 מ""ל",false,1,39.90,11.4000,true,1,123574
7290108355192,false,מרכך קרטין אינטנס למ,"קוסמופארם בע""מ",IL,נטורל פורמולה מרכך קרטין טהור מונע קשקשים 400 מל,מיליליטרים,400.00,"100 מ""ל",false,1,29.90,7.4750,true,1,123573
7290108355208,false,שמפו קרטין אינטנס למ,קוסמופארם בעמ,IL,שמפו קרטין אינטנס למניעת קשקשים,מיליליטרים,400.00,"100 מ""ל",false,1,29.90,7.4750,true,1,123572
7290108355260,false,שמפו + גל רחצה וסבון,קוסמופארם בעמ,IL,נקה 7 - שמפו + מרכך,מיליליטרים,750.00,"100 מ""ל",false,1,11.90,1.5867,true,1,126769
7290108355802,false,תחליב רחצה קרמה ורד,קוסמופארם בעמ,IL,קרמה  תחליב רחצה ורד ווניל 700 מל,מיליליטרים,700.00,"100 מ""ל",false,1,18.90,2.7000,true,1,150444
7290108355949,false,תחליב רחצה קרמה נרול,קוסמופארם בעמ,IL,קרמה  תחליב רחצה נרולי ומגנוליה 700 מל,Unknown,0.00,Unknown,false,1,18.90,0.0000,true,1,150445
7290108356113,false,כיף תחליב רחצה מילק,קוסמופארם בעמ,IL,"כיף תחליב רחצה חלב ודבש, 700 מל",מיליליטרים,700.00,"100 מ""ל",false,1,12.90,1.8429,true,1,127504
7290108356151,false,כיף תחליב רחצה מילק,קוסמופארם בעמ,IL,"כיף תחליב רחצה מאסק ויסמין, 700 מל",מיליליטרים,700.00,"100 מ""ל",false,1,12.90,1.8429,true,1,127507
7290108356168,false,כיף תחליב רחצה מילק,קוסמופארם בעמ,IL,"כיף תחליב רחצה אוקיינוס, 700 מל",מיליליטרים,700.00,"100 מ""ל",false,1,12.90,1.8429,true,1,127506
7290108356175,false,כיף אל סבון אבטיח ומ,טרופיקל דגיל תעשיות,IL,כיף אל סבון קטיפתי בניחוח אבטיח 1 ליטר,ליטרים,1.00,ליטר,false,1,15.90,15.9000,true,1,150271
7290108356199,false,כיף אל סבון אפרסק ופ,טרופיקל דגיל תעשיות,IL,כיף אל סבון אפרסק ופלפל שחור 1 ליטר,ליטרים,1.00,ליטר,false,1,15.90,15.9000,true,1,150270
7290108356229,false,גל גילוח קרמה מן קרב,אביאפ,TR,קרמה מן ג'ל גילוח קרבון 200 מל,מיליליטרים,200.00,"100 מ""ל",false,1,11.90,5.9500,true,1,148664
7290108356489,false,כיף תחליב רחצה אפרסק,קוסמופארם,IL,כיף תחליב רחצה אפרסק 700 מל,מיליליטרים,700.00,"100 מ""ל",false,1,12.90,1.8429,true,1,157752
7290108356519,false,קרליין שמפו 10 לשיער,סנו,IL,קרליין שמפו 10 לשיער רגיל 700 מל,מיליליטרים,700.00,"100 מ""ל",false,1,13.90,1.9857,true,1,157753
7290108356526,false,קרליין שמפו 10 לשיער,סנו,IL,קרליין שמפו 10 לשיער יבש 700 מל,מיליליטרים,700.00,"100 מ""ל",false,1,13.90,1.9857,true,1,157754
7290108356564,false,קרליי מרכך 10 לשיער,סנו,IL,קרליי מרכך 10 לשיער רגיל 700 מל,מיליליטרים,700.00,"100 מ""ל",false,1,13.90,1.9857,true,1,157755
7290108356571,false,קרליין מרכך 10 לשיער,סנו,IL,קרליין מרכך 10 לשיער יבש 700 מל,מיליליטרים,700.00,"100 מ""ל",false,1,13.90,1.9857,true,1,157756
7290108357004,false,שמפו כיף ורד ושמן קו,טרופיקל דגיל תעשיות,IL,"כיף שמפו ורד ושמן קוקוי לרכות וברק 700 מ""ל",מיליליטרים,700.00,"100 מ""ל",false,1,12.90,1.8429,true,1,146520
7290108357011,false,מרכך כיף ורד ושמן קו,טרופיקל דגיל תעשיות,IL,"כיף מרכך ורד ושמן קוקוי לרכות וברק 700 מ""ל",מיליליטרים,700.00,"100 מ""ל",false,1,12.90,1.8429,true,1,146521
7290108357028,false,תחליב רחצה כיף ורד ו,קוסמופארם בעמ,IL,"תחליב רחצה כיף ורד ושמן קוקוי 700 מ""ל",מיליליטרים,700.00,"100 מ""ל",false,1,12.90,1.8429,true,1,146522
7290108357042,false,קרליין דאודורנט רול,קוסמופארם,IL,קרליין דאודורנט רול און ביו סיטריס 75 מל,מיליליטרים,75.00,"100 מ""ל",false,1,13.90,18.5333,true,1,157757
7290108357059,false,קרליין דאודורנט רול,קוסמופארם,IL,קרליין דאודורנט רול און ביו גן קסום 75 מ,מיליליטרים,75.00,"100 מ""ל",false,1,13.90,18.5333,true,1,157758
7290108357080,false,נושם BIO דיאודורנט ס,קוסמופארם,IL,נושם BIO דיאודורנט ספריי Secret Garden 1,מיליליטרים,150.00,"100 מ""ל",false,1,13.90,9.2667,true,1,157760
7290108357189,false,מבשם מקסימה למייבש F,"איי, בי, אינבוו",IL,מבשם מקסימה למייבש FLORAL TOUCH,יחידה,1.00,יחידה,false,1,18.90,18.9000,true,1,146692
7290108357196,false,מתז לניקוי סנו גט תמ,סנו,IL,"מתז לניקוי סנו גט תמצית עץ, 750 מ""ל",מיליליטרים,750.00,"100 מ""ל",false,1,13.90,1.8533,true,1,155057
7290108357202,false,סנוקליר בניחוח בלו 1,"סנו מפעלי ברונוס בע""",IL,סנוקליר בניחוח בלו 1 ליטר,ליטרים,1.00,ליטר,false,1,11.90,11.9000,true,1,153104
7290108357233,false,מגבונים לחים לניקוי,סנו,IL,מגבונים לחים לניקוי חלונות סנו קליר 50 ד,יחידה,1.00,יחידה,false,1,11.90,11.9000,true,1,157761
7290108357240,false,סנו אוקסיגן אבקת להס,סנו,IL,סנו אוקסיגן אבקת להסרת כתמים 1.4 קג,קילוגרמים,1.40,"ק""ג",false,1,29.90,21.3571,true,1,157762
7290108357257,false,סנו פרש מכשיר + מילו,סנו,IL,סנו פרש מכשיר + מילוי בניחוח מרכך,יחידה,1.00,יחידה,false,1,44.90,44.9000,true,1,160186
7290108357264,false,סנו פרש מילוי אוטומט,סנו,IL,סנו פרש מילוי אוטומטי בניחוח מרכך 250 מל,מיליליטרים,250.00,"100 מ""ל",false,1,17.90,7.1600,true,1,160187
7290108357271,false,סנובון נוזלי עם חמצן,סנו,IL,"סנובון נוזלי עם חמצן 750 מ""ל",מיליליטרים,750.00,"100 מ""ל",false,1,11.90,1.5867,true,1,158010
7290108357288,false,זאוול אקונומיקה בניח,סנו,IL,זאוול אקונומיקה בניחוח פריחה לבנה 4 ליטר,ליטרים,4.00,ליטר,false,1,15.90,3.9750,true,1,157763
7290108357295,false,סנו אוקסיגן פאואר 75,סנו,IL,"סנו אוקסיגן פאואר 750 מ""ל",מיליליטרים,750.00,"100 מ""ל",false,1,18.90,2.5200,true,1,158923
7290108357707,false,כיף שמפו לשיער רגיל,גוד פוד פרודקטס S.p,IL,כיף שמפו לשיער רגיל תפוח זרעי ציה 700 מ,מיליליטרים,700.00,"100 מ""ל",false,1,12.90,1.8429,true,1,128403
7290108357714,false,כיף שמפו לשיער יבש ר,גוד פוד פרודקטס S.p,IL,כיף שמפו לשיער יבש רימונים ושמן ארג700 מ,מיליליטרים,700.00,"100 מ""ל",false,1,12.90,1.8429,true,1,128405
7290108357769,false,כיף מרכך לשיער רגיל,גוד פוד פרודקטס S.p,IL,כיף מרכך לשיער רגיל תפוח זרעי ציה 700 מ,מיליליטרים,700.00,"100 מ""ל",false,1,12.90,1.8429,true,1,128404
7290108357776,false,כיף מרכך לשיער יבש ר,גוד פוד פרודקטס S.p,IL,כיף מרכך לשיער יבש רימונים ושמן ארג700 מ,מיליליטרים,700.00,"100 מ""ל",false,1,12.90,1.8429,true,1,128797
7290108357851,false,כיף גל רחצה מעושר בש,קוסמופארם,IL,כיף גל רחצה מעושר בשמן קוקוס 700 מל,מיליליטרים,700.00,"100 מ""ל",false,1,12.90,1.8429,true,1,157765
7290108357875,false,כיף שמפו לחות מוגברת,קוסמופארם,IL,כיף שמפו לחות מוגברת אפרסק 700 מל,מיליליטרים,700.00,"100 מ""ל",false,1,12.90,1.8429,true,1,157767
7290108357882,false,כיף מרכך לחות מוגברת,קוסמופארם,IL,כיף מרכך לחות מוגברת אפרסק 700 מל,מיליליטרים,700.00,"100 מ""ל",false,1,12.90,1.8429,true,1,157768
7290108358070,false,תחליב רחצה קרמה קלאס,קוסמופארם בעמ,IL,קרמה  תחליב רחצה קלאסי 700 מל,מיליליטרים,700.00,"100 מ""ל",false,1,18.90,2.7000,true,1,150854
7290108358087,false,תחליב רחצה קרמה מאסק,קוסמופארם בעמ,IL,קרמה  תחליב רחצה מאסק 700 מל,מיליליטרים,700.00,"100 מ""ל",false,1,18.90,2.7000,true,1,150853
7290108359039,false,שקיות אשפה ידיות סנו,סנו,IL,שקיות אשפה ידיות סנו סושי לפחים גבוהים 3,יחידה,1.00,יחידה,false,1,19.90,19.9000,true,1,153759
7290108359077,false,סופט לושן ממחטות אף,Solo Soft,EG,סופט לושן ממחטות אף 120 יחידות,יחידה,1.00,יחידה,false,1,13.90,13.9000,true,1,157769
7290108359084,false,סנו סושי כיסוי ניילו,סנו,IL,סנו סושי כיסוי ניילון עם גומי M,יחידה,1.00,יחידה,false,1,10.90,10.9000,true,1,160188
7290108359091,false,סנו סושי כיסוי ניילו,סנו,IL,סנו סושי כיסוי ניילון עם גומי L,יחידה,1.00,יחידה,false,1,10.90,10.9000,true,1,160189
7290108359145,false,סנו סושי דפי ספוג הפ,סנו,IL,סנו סושי דפי ספוג הפלא 12 יח,יחידה,12.00,יחידה,false,1,12.90,1.0750,true,1,160190
7290108359824,false,קרם גוף  בייבי כיף 5,קוסמופארם בעמ,IL,"לעור רגיש, 500 מל",מיליליטרים,500.00,"100 מ""ל",false,1,25.90,5.1800,true,1,127503
7290108359831,false,שמן גוף  בייבי כיף 5,"מיוצר ומשווק ע""י קוס",IL,בייבי כיף שמן גוף עם לחות מועשרת 500 מל,מיליליטרים,500.00,"100 מ""ל",false,1,25.90,5.1800,true,1,127502
7290108359855,false,שמפו אל דמע בייבי כי,קוסמופארם בעמ,IL,"בייבי כיף שמפו אל דמע, 750 מל",מיליליטרים,750.00,"100 מ""ל",false,1,18.90,2.5200,true,1,127501
7290108359893,false,תחליב רחצה בייבי כיף,קוסמופארם בעמ,IL,"בייבי כיף תחליב רחצה לעור רגיש, 750 מל",מיליליטרים,750.00,"100 מ""ל",false,1,18.90,2.5200,true,1,127500
7290108359961,false,אורביטול שלישייה פרו,טרופיקל דגיל תעשיות,IL,אורביטול משחת שיניים פרוטק 145 באריזת שלישיה,גרמים,145.00,100 גרם,false,1,21.90,15.1034,true,1,146685
7290108359985,false,סנו JAVEL מרסס פריחה,סנו,IL,סנו JAVEL מרסס פריחה לבנה 1 ליטר,ליטרים,1.00,ליטר,false,1,16.90,16.9000,true,1,157770
7290108501346,false,גבינת גאודה מגורדת 5,ג. וילי פוד אינטרנשי,IL,גבינת גאודה מגורדת 500גרם 28%,גרמים,500.00,100 גרם,false,1,24.90,4.9800,true,1,122265
7290108501490,true,גבינת מוצרלה חצי קשה,ג.וילי פוד אינטרנשיו,IL,"Euro cheese גבינת מוצרלה 24% שומן, 150 גרם",גרמים,150.00,100 גרם,false,1,15.90,10.6000,true,1,123538
7290108501827,false,קדאיף שערות בצק 450,הנסיך- מפעל לייצור ט,GR,קדאיף שערות בצק 450 גרם,גרמים,450.00,100 גרם,false,1,24.90,5.5333,true,1,125304
7290108502305,false,גבינת גרנה פדנו משול,זאיני,IT,גבינת גרנה פדנו משולש 150 גרם,גרמים,200.00,100 גרם,false,1,22.90,11.4500,true,1,146313
7290108502329,true,נתחי טונה בשמן זית 6,ארזינא,TH,נתחי טונה בשמן זית 640 גרם ויליפוד 1/4,גרמים,640.00,100 גרם,false,1,30.90,4.8281,true,1,126822
7290108502381,false,תחתיות לפיצה קוטר 26,מוטלוקל גידה סאנאי ט,TR,מנת השף בסיסים להכנת פיצה 480 גרם,גרמים,480.00,100 גרם,false,1,13.90,2.8958,true,1,149365
7290108502541,false,גבינת שמנת טבעי 200,קסוס אל פסטור,TR,גבינת שמנת טבעי 200 גרם EURO,גרמים,200.00,100 גרם,false,1,13.90,6.9500,true,1,126500
7290108502589,false,גבינת שמנת שום 200 ג,קסוס אל פסטור,TR,גבינת שמנת שום 200 גרם EURO,גרמים,200.00,100 גרם,false,1,13.90,6.9500,true,1,126502
7290108503043,false,תפוחונים מיובשים מאר,הביי דונגפנג פוד קו.,CN,תפוחונים מיובשים מארז 3+1 88 גרם,גרמים,88.00,100 גרם,false,1,14.90,16.9318,true,1,128680
7290108503159,false,גבינה כחולה עם עובש,קסוס אל פסטור,ES,גבינה כחולה עם עובש 100 גרם EURO,גרמים,100.00,100 גרם,false,1,15.90,15.9000,true,1,127329
7290108503692,false,פיצה מרגריטה ויליפוד,מוטלוקל גידה סאנאי ט,IT,פיצה מרגריטה ויליפוד 380גרם,גרמים,380.00,100 גרם,false,1,13.90,3.6579,true,1,130236
7290108503708,false,פיצה עם פטריות  וילי,מוטלוקל גידה סאנאי ט,IT,פיצה עם פטריות  ויליפוד 390גרם,גרמים,390.00,100 גרם,false,1,13.90,3.5641,true,1,130237
7290108503715,false,פיצה עם זיתים  ויליפ,מוטלוקל גידה סאנאי ט,IT,פיצה עם זיתים  ויליפוד  385גרם,גרמים,385.00,100 גרם,false,1,13.90,3.6104,true,1,130238
7290108503746,false,חמאה מלוחה מבלגיה 20,ואליו אל.טי.די,FI,חמאה מלוחה מבלגיה 200 גרם,גרמים,200.00,100 גרם,false,1,12.90,6.4500,true,1,129632
7290108503975,false,קנלוני 250 גרם   PAS,ויליפוד,IT,קנלוני 250 גרם   PASTA ITALIANA,גרמים,250.00,100 גרם,false,1,11.90,4.7600,true,1,129171
7290108503982,false,פרוסות גבינה בטעם צד,,ES,פרוסות גבינה בטעם צדר לכריכים וטוסטים יו,גרמים,150.00,100 גרם,false,1,11.90,7.9333,true,1,150675
7290108504279,false,קשקבל צאנק 150גרם,ג.וילי פוד אינטרנשיו,ES,קשקבל צאנק 150גרם,גרמים,150.00,100 גרם,false,1,18.90,12.6000,true,1,149368
7290108504286,false,איבריקו צאנק 150גרם,ג.וילי פוד אינטרנשיו,ES,איבריקו צאנק 150גרם,גרמים,150.00,100 גרם,false,1,18.90,12.6000,true,1,149369
7290108504293,false,מנצגו צאנק 150גרם,ג.וילי פוד אינטרנשיו,ES,מנצגו צאנק 150גרם,גרמים,150.00,100 גרם,false,1,18.90,12.6000,true,1,149370
7290108505191,false,דלתא יוגורט עם פצפוצ,דלתא,GR,דלתא יוגורט עם פצפוצי שוקולד  5% 150גר,גרמים,150.00,100 גרם,false,1,5.50,3.6667,true,1,149373
7290108505207,false,דלתא  יוגורט עם אוכמ,דלתא,GR,דלתא  יוגורט עם אוכמניות  0% 150גרם,גרמים,150.00,100 גרם,false,1,5.50,3.6667,true,1,149374
7290108505726,false,אצבעות - גבינה חצי ק,סאסו פטוראגס קומטויס,TR,אצבעות  גבינה חצי קשה 25%  200גרם,גרמים,200.00,100 גרם,false,1,13.90,6.9500,true,1,149377
7290108506426,false,בייגלה קפוא סמיט 400,דונוק,TR,בייגלה קפוא סמיט 400גרם,גרמים,400.00,100 גרם,false,1,16.90,4.2250,true,1,148751
7290108506495,false,כנאפה קפוא 192.5גרם,ארמה גרופ,TR,כנאפה קפוא 192.5גרם,גרמים,193.00,100 גרם,false,1,14.90,7.7202,true,1,148644
7290108506624,false,עיזים צאנק 150גרם,אל פסטור,ES,עיזים צאנק 150גרם,גרמים,150.00,100 גרם,false,1,18.90,12.6000,true,1,149382
7290108506709,false,גבינת פרמגאנו רגיאנו,זנתי,IT,גבינת פרמגאנו רגיאנו 150 גרם,גרמים,150.00,100 גרם,false,1,28.90,19.2667,true,1,148651
7290108506969,false,מאפה בורקס מים תורכי,גידה,TR,מאפה בורקס מים תורכי- גבינה ויליפוד  300,גרמים,300.00,100 גרם,false,1,14.90,4.9667,true,1,149383
7290108507072,false,שבבי גבינת גרנה פדנו,זנאתי,IT,שבבי גבינת גרנה פדנו 100 גרם,גרמים,100.00,100 גרם,false,1,13.90,13.9000,true,1,152547
7290108507188,false,כנאפה אריזה משפחתית,ארמה גרופ,TR,כנאפה אריזה משפחתית 657.5גרם,גרמים,658.00,100 גרם,false,1,32.90,5.0000,true,1,151112
7290108508055,false,"עלי לזניה לל""ג פסטה",ג.ר.א.מ.מ גרופו אלימ,IT,עלי לזניה ללא גלוטן 250 גרם,גרמים,250.00,100 גרם,false,1,13.90,5.5600,true,1,152918
7290108508086,false,"טורטליני לל""ג מילוי",ג.ר.א.מ.מ גרופו אלימ,IT,טורטיליני ללא גלוטן ממולא גבינות  250 גרם,גרמים,250.00,100 גרם,false,1,13.90,5.5600,true,1,152915
7290108508093,false,"טורטליני לל""ג מילוי",ג.ר.א.מ.מ גרופו אלימ,IT,טורטיליני ללא גלוטן ממולא עגבניות ומוצרלה 250 גרם,גרמים,250.00,100 גרם,false,1,13.90,5.5600,true,1,152916
7290108508109,false,"טורטליני לל""ג מילוי",ג.ר.א.מ.מ גרופו אלימ,IT,"טורטליני לל""ג מילוי ריקוטה ותרד 250איטלי",גרמים,250.00,100 גרם,false,1,13.90,5.5600,true,1,152917
7290108508703,false,טורטיה ללג ויליפוד 2,מוטלוקל גידה סאנאי ט,TR,טורטיה ללא גלוטן  270 ג 6 יחידות,גרמים,270.00,100 גרם,false,1,9.90,3.6667,true,1,153168
7290108509113,false,גבינה בולגרית מעודנת,,TR,גבינה בולגרית מעודנת יורו  18%  250 גרם,גרמים,250.00,100 גרם,false,1,11.90,4.7600,true,1,157898
7290108509137,false,גבינה בולגרית מעודנת,,TR,גבינה בולגרית מעודנת יורו 5% 250 גרם,גרמים,250.00,100 גרם,false,1,11.90,4.7600,true,1,157899
7290108801705,true,תמר לח,חקלאי,IL,תמר לח,Unknown,0.00,Unknown,false,1,14.90,0.0000,true,1,137088
7290109351025,false,חומוסטחינה חלק מלך ה,לחמנו,IL,צבר חומוסטחינה 6*400גרם,גרמים,400.00,100 גרם,false,1,14.90,3.7250,true,1,112040
7290109351957,false,פריכיות פיטנס גדולות,סנורייס בלגיום אן. ו,BE,פיטנס פריכיות גדולות שקלד.חלב 12*100גרם,גרמים,100.00,100 גרם,false,1,8.90,8.9000,true,1,118176
7290109351971,false,פריכיות פיטנס בר שוק,CA,IL,פיטנס בר פריכיות שוקולד חלב 12*84גרם,גרמים,84.00,100 גרם,false,1,13.90,16.5476,true,1,116291
7290109352916,false,פריכיות פיטנס בר שוק,PT,IL,פיטנס בר פריכיות שוקולד לבן 12*84גרם,גרמים,84.00,100 גרם,false,1,13.90,16.5476,true,1,116292
7290109353494,false,פרפקטו פארפאלה 500 ג,פסטה זארה,IT,פרפקטו פסטה פארפלה 12*500גרם,גרמים,500.00,100 גרם,false,1,7.90,1.5800,true,1,116301
7290109354057,false,לה פרוטה תפוז אננס,תות תעשיות מזון (201,IL,לה פרוטה מאגדת אננס תפוז 8 5*70גרם,גרמים,350.00,100 גרם,false,1,24.90,7.1143,true,1,115360
7290109354101,false,לחמית ללא גלוטן 200,אסם,IL,לחמית ללא גלוטן 12*200גרם,גרמים,200.00,100 גרם,false,1,10.50,5.2500,true,1,120645
7290109354996,false,ביסקוויט פתיבר ללא ג,מיוצר עי קונדיטוריית,IL,אסם פתי בר ללא גלוטן שוקו 12*200גרם,גרמים,200.00,100 גרם,false,1,11.90,5.9500,true,1,117826
7290109355504,false,שלגון קראנץ וניל נוג,נטו מלינדה-בשר,IL,נסטלה קראנץ ונל.ליבת נגט.שקלד.לבן28*100ג,גרמים,100.00,100 גרם,false,1,10.50,10.5000,true,1,118574
7290109358130,false,לה פרוטה יוגורט אננס,המאפיה של הרמן,IL,לה פרוטה מאגדת יגרט.אנס.פסיפ.מנגו8 5*60ג,גרמים,300.00,100 גרם,false,1,24.90,8.3000,true,1,122727
7290109358260,false,נקניקיות עם חלבון טב,טבעול,IL,נקניקיות עם חלבון טבעול 600 גרם,גרמים,600.00,100 גרם,false,1,32.90,5.4833,true,1,120893
7290109358284,false,שניצל תירס עם חלבון,כצט,IL,טבעול שניצל תירס עם חלבון 6*664גרם,גרמים,664.00,100 גרם,false,1,32.90,4.9548,true,1,120892
7290109358482,false,קרמוגית אסם במילוי ח,היינץ צפון אמריקה מק,IL,אסם קרמוגית במילוי חלבה 12*200גרם,גרמים,200.00,100 גרם,false,1,11.90,5.9500,true,1,128155
7290109580050,false,צוריסו וונדרס 226 גר,זוגלובק 2000,IL,צוריסו וונדרס 226 גרם,גרמים,226.00,100 גרם,false,1,34.90,15.4425,true,1,153211
7290109580098,false,קבנוס בטעם סרירצה 13,זוגלובק,IL,קבנוס בטעם סרירצה 135 גרם,גרמים,135.00,100 גרם,false,1,12.50,9.2593,true,1,157440
7290109580104,false,רוסטביף זוגלובק פרי,זוגלובק,IL,רוסטביף זוגלובק פרימיום 150 גרם,גרמים,150.00,100 גרם,false,1,25.90,17.2667,true,1,152738
7290109580111,false,צלעות אסאדו מעושנות,זוגלובק,IL,צלעות אסאדו מעושנות פרימיום 120 גרם,גרמים,120.00,100 גרם,false,1,23.90,19.9167,true,1,157439
7290109580135,false,קורנדביף זוגלובק פר,זוגלובק,IL,קורנדביף זוגלובק פרימיום 180 גרם,גרמים,180.00,100 גרם,false,1,25.90,14.3889,true,1,152740
7290109580166,false,סרוולד קלאסי זוגלוב,זוגלובק,IL,סרוולד קלאסי זוגלובק פרימיום 150 גרם,גרמים,150.00,100 גרם,false,1,25.90,17.2667,true,1,152741
7290109580227,false,נקניקיות ריינהולדס ק,זוגלובק,IL,נקניקיות ריינהולדס קאריוורסט 300 גרם,גרמים,300.00,100 גרם,false,1,18.90,6.3000,true,1,155801
7290109580234,false,נקניקיות מרגז וונדרס,זוגלובק,IL,נקניקיות מרגז וונדרס   226 גרם,גרמים,226.00,100 גרם,false,1,34.90,15.4425,true,1,156712
7290109580241,false,נאגטס מן הצומח זוגלו,זוגלובק,IL,נאגטס מן הצומח זוגלובק  500 גרם,גרמים,500.00,100 גרם,false,1,24.90,4.9800,true,1,159948
7290109580319,false,בורגר וונדרס   280 ג,זוגלובק,IL,בורגר וונדרס   280 גרם,גרמים,280.00,100 גרם,false,1,34.90,12.4643,true,1,156713
7290109580432,false,פסטרמה חזה הודו מעוש,זוגלובק,IL,פסטרמה חזה הודו מעושן 120 גר דק דק,גרמים,120.00,100 גרם,false,1,14.90,12.4167,true,1,158573
7290109580449,false,סלמי בטעם כמהין פרימ,זוגלובק,IL,סלמי בטעם כמהין פרימיום 180 גרם,גרמים,180.00,100 גרם,false,1,25.90,14.3889,true,1,158574
7290109640020,false,משו משו גוש טבעוני ב,ויגרדן,,משו משו גוש טבעוני בטעם מוצרלה 300 גרם,גרמים,300.00,100 גרם,false,1,19.90,6.6333,true,1,130309
7290109640198,true,מגורדת לפיצה ולאפיה,"טרופיקל דגיל בע""מ אז",IL,מגורדת לפיצה ואפייה 200 גרם,Unknown,0.00,Unknown,false,1,19.90,0.0000,true,1,126409
7290109640372,true,ממרח טבעוני 9% זיתים,משו משו,IL,ממרח טבעוני 9% זיתים משו משו 200גרם,גרמים,200.00,100 גרם,false,1,16.90,8.4500,true,1,127603
7290109640396,true,ממרח טבעוני 9% בשום,משו משו,IL,ממרח טבעוני 9% בשום שמיר משו משו 200גרם,גרמים,200.00,100 גרם,false,1,16.90,8.4500,true,1,127605
7290109640402,true,ממרח טבעוני 9%  טבעי,משו משו,IL,ממרח טבעוני 9%  טבעי משו משו 200גרם,גרמים,200.00,100 גרם,false,1,16.90,8.4500,true,1,127606
7290109640464,false,פתיתים טבעוניים בסגנ,גן שמואל,IL,פתיתים טבעוניים בסגנון פרמזן משו משו 15,גרמים,150.00,100 גרם,false,1,19.90,13.2667,true,1,146728
7290109640631,false,לאבנה  בסיס קוקוס מש,משו משו,IL,לאבנה  בסיס קוקוס משו משו %9 שומן 200 גר,גרמים,200.00,100 גרם,false,1,16.90,8.4500,true,1,150370
7290109640648,false,ממרח בטעם חמאה משו מ,גן שמואל,IL,ממרח בטעם חמאה משו משו 150גרם,גרמים,150.00,100 גרם,false,1,14.90,9.9333,true,1,151622
7290109640761,false,מאפה פילאס במילוי פט,משו משו,IL,מאפה פילאס במילוי פטה טבעונית משו משו 60,גרמים,600.00,100 גרם,false,1,27.90,4.6500,true,1,153144
7290109640778,false,מאפה פילאס במילוי בס,משו משו,IL,מאפה פילאס במילוי בסגנון בשר משו משו 600,גרמים,600.00,100 גרם,false,1,27.90,4.6500,true,1,153145
7290109640785,false,מאפה פילאס במילוי בס,משו משו,IL,מאפה פילאס במילוי בסגנון פיצהמשו משו 600,גרמים,600.00,100 גרם,false,1,27.90,4.6500,true,1,153146
7290109920146,false,מסיר אבן דורגול לקומ,פרח,,יעקבי דורגול מסיר אבן ללא הרתחה 750 מל,מיליליטרים,750.00,"100 מ""ל",false,1,20.90,2.7867,true,1,118413
7290109920313,true,אסטוניש מרסס שמשות,פרח,,אסטוניש מבריק שמשות 750 מל,Unknown,0.00,Unknown,false,1,15.90,0.0000,true,1,123883
7290109920597,true,אסטוניש מרסס למקלחון,פרח,,אסטוניש תרסיס למקלחון 750 מל,Unknown,0.00,Unknown,false,1,15.90,0.0000,true,1,137379
7290109920849,true,אסטוניש מרסס רב תכלי,פרח,,אסטוניש מרסס רב תכלי,Unknown,0.00,Unknown,false,1,15.90,0.0000,true,1,137384
7290109921303,false,טורבול SLIM ספוג לחו,טורבול,SE,טורבול SLIM ספוג לחות 2 מגשיות,מיליליטרים,100.00,"100 מ""ל",false,1,31.90,31.9000,true,1,130641
7290109921334,false,אידיאל דפי בד לכביסה,מרקה,ES,"אידיאל דפי בד לכביסה 15 יח             """,לא מנהל יחידת מידה,0.00,לא מנהל יחידת מידה,false,1,12.90,0.0000,true,1,128688
7290109921372,false,אסטוניש משחה לתנור+ס,אסטוניש,GB,אסטוניש משחה לניקוי תנור וגריל +ספוג,גרמים,250.00,100 גרם,false,1,19.90,7.9600,true,1,129787
7290109921488,false,דורגול מנקה מכונות כ,דורינג,DE,"דורגול מנקה מכונות כביסה 500 מ""ל",מיליליטרים,500.00,"100 מ""ל",false,1,33.90,6.7800,true,1,145950
7290109921563,false,יעקבי לרצפות שיש 1.2,וונדפוט,BE,יעקבי לרצפות שיש 1.25 ליטר,ליטרים,1.25,ליטר,false,1,17.90,14.3200,true,1,145952
7290109921570,false,יעקבי לניקוי פרקט 1.,וונדפוט,BE,יעקבי לניקוי פרקט 1.25 ליטר,ליטרים,1.25,ליטר,false,1,17.90,14.3200,true,1,145953
7290109921587,false,יעקבי רצפות גרניט פו,וונדפוט,BE,יעקבי רצפות גרניט פורצלן 1.25 ליטר,ליטרים,1.25,ליטר,false,1,17.90,14.3200,true,1,145951
7290110052171,true,זיקוק מספר 4,,,זיקוק מספר 4,יחידה,1.00,יחידה,false,1,4.90,4.9000,true,1,118060
7290110059712,false,רחפן משיכה עם סוכריו,,,רחפן משיכה עם סוכריות קשות מניונים  יחיד,לא מנהל יחידת מידה,0.00,לא מנהל יחידת מידה,false,1,5.90,0.0000,true,1,121648
7290110110277,false,סיידר סומרסבי רביעיי,"קרלסברג קרואטיה , יב",HR,סומרסבי סיידר 4 בק 330,ליטרים,1.32,ליטר,false,1,35.90,27.1970,true,1,124355
7290110110338,false,בירה טובורג בלאק 7.7,מבשלת בירה  ישראלית,,בירה טובורג בלאק 7.7% רביעייה בקבוק 330,ליטרים,1.32,ליטר,false,1,35.90,27.1970,true,1,123231
7290110110352,false,קרלסברג 0.0 בק 330 מ,קרלסברג רומניהיבואן:,RO,"קרלסברג 0.0 בק 330 מ""ל ייבוא",מיליליטרים,330.00,"100 מ""ל",false,1,4.90,1.4848,true,1,147200
7290110110369,false,בירה קרלסברג LUMA שי,מולינו ניקולי s.p.a,IL,"קרלסברג LUMA שישייה 330 מ""ל",ליטרים,1.98,ליטר,false,6,49.90,25.2020,true,1,149391
7290110110475,false,משקל פריגת צלול אננס,מבשלות בירה בינלאומי,IL,פריגת צלול משקה קל אננס,מיליליטרים,500.00,"100 מ""ל",false,1,7.90,1.5800,true,1,123963
7290110110765,false,FUZE TEA לימון נענע,מולינו ניקולי s.p.a,IL,פיוזטי גרין לימון נענע 0.5 ליטר,מיליליטרים,500.00,"100 מ""ל",false,1,8.50,1.7000,true,1,124917
7290110111557,false,פאוורייד ספורט500מל,Caslino al Piano pla,IT,פאוורייד ספורט500מל בטעם פירות,מיליליטרים,500.00,"100 מ""ל",false,1,9.90,1.9800,true,1,127392
7290110111564,false,פאוורייד ספורט 500מל,Caslino al Piano pla,IT,פאוורייד ספורט 500מל איזוטוני בטעם הדרים,מיליליטרים,500.00,"100 מ""ל",false,1,9.90,1.9800,true,1,127393
7290110113421,false,בירה קרלסברד LUMA בק,מולינו ניקולי s.p.a,IL,קרלסברג LUMA בק 330 בודד,מיליליטרים,330.00,"100 מ""ל",false,1,9.90,3.0000,true,1,149392
7290110113490,false,תה קר פיוזתה אפרסק 1,מבשלות בירה בינלאומי,IL,Fuze tea אפרסק 19 קלוריות 0.5 ליטר,מיליליטרים,500.00,"100 מ""ל",false,1,8.50,1.7000,true,1,149389
7290110114190,false,פריגת יוניקורן תפוח,גת,IL,"סחוט UNICORN תפוח ענבים אגס 400 מ""ל",מיליליטרים,400.00,"100 מ""ל",false,1,10.00,2.5000,true,1,158334
7290110114787,false,מי נביעות +בטעם תפוח,תות תעשיות מזון (201,IL,נביעות+ בטעם תפוח 1.5 ליטר,ליטרים,1.50,ליטר,false,1,9.90,6.6000,true,1,156605
7290110114794,false,מי נביעות +בטעם אפרס,"איטיליאן פוד, אס.פי.",IL,מי נביעות +בטעם אפרסק 1.5 ליטר,ליטרים,1.50,ליטר,false,1,9.90,6.6000,true,1,156606
7290110114800,false,מי נביעות +בטעם ענבי,פארייפאבה אגרואינדוס,IL,נביעות + בטעם ענבים 1.5 ליטר,ליטרים,1.50,ליטר,false,1,9.90,6.6000,true,1,156607
7290110114824,false,נביעות+ רכיבי פרי אב,פארייפאבה אגרואינדוס,IL,נביעות + פרי בטעם אבטיח 1.5 ליטר,ליטרים,1.50,ליטר,false,1,10.90,7.2667,true,1,156609
7290110114848,false,נביעות+ רכיבי פרי אפ,פארייפאבה אגרואינדוס,IL,נביעות + פרי בטעם ליצ'י 1.5 ליטר,ליטרים,1.50,ליטר,false,1,10.90,7.2667,true,1,156611
7290110114855,false,מים נביעות שישייה בק,תות תעשיות מזון (201,IL,מים נביעות שישייה בקבוק 1.5 ליטר,ליטרים,9.00,ליטר,false,6,13.90,1.5444,true,1,156612
7290110114886,false,מיץ סחוט קלמנטינה 2,גת,IL,סחוט קלמנטינה,ליטרים,2.00,ליטר,false,1,26.90,13.4500,true,1,156614
7290110114893,false,מיץ תפוזים סחוט פריג,היינץ צפון אמריקה מק,IL,סחוט תפוזים קלאסי 2 ליטר,ליטרים,2.00,ליטר,false,1,26.90,13.4500,true,1,156615
7290110114916,false,פריגת סחוט למונענע 2,גת,IL,פריגת סחוט למונענע 2 ליטר,ליטרים,2.00,ליטר,false,1,26.90,13.4500,true,1,156617
7290110114961,false,משקל פריגת תפוזים 1.,מולינו ניקולי s.p.a,IL,"פריגת תפוזים, 1.5 ליטר",ליטרים,1.50,ליטר,false,1,9.90,6.6000,true,1,156619
7290110114985,false,משקל פריגת אשכוליות,מולינו ניקולי s.p.a,IL,פריגת בטעם אשכוליות 1.5 ליטר,ליטרים,1.50,ליטר,false,1,9.90,6.6000,true,1,156621
7290110114992,false,משקל פריגת דיאט אשכו,מולינו ניקולי s.p.a,IL,פריגת טעם אשכוליות דל קלוריות 1.5 ליטר,ליטרים,1.50,ליטר,false,1,9.90,6.6000,true,1,156622
7290110115005,false,משקל פריגת ענבים 1.5,מולינו ניקולי s.p.a,IL,משקה קל פירות ענבים תפוחים,ליטרים,1.50,ליטר,false,1,9.90,6.6000,true,1,156623
7290110115029,false,משקל פריגת תפוחים 1.,מולינו ניקולי s.p.a,IL,משקל פריגת תפוחים 1.5 ליטר,ליטרים,1.50,ליטר,false,1,9.90,6.6000,true,1,156625
7290110115036,false,משקל פריגת מנגו 1.5,מולינו ניקולי s.p.a,IL,משקל פריגת מנגו 1.5 ליטר,ליטרים,1.50,ליטר,false,1,9.90,6.6000,true,1,156626
7290110115043,false,משקל פריגת לימונענע,מולינו ניקולי s.p.a,IL,משקה קל פירות לימונענע,ליטרים,1.50,ליטר,false,1,9.90,6.6000,true,1,156627
7290110115050,false,משקל פריגת תות בננה,מולינו ניקולי s.p.a,IL,משקל פריגת תות בננה 1.5 ליטר,ליטרים,1.50,ליטר,false,1,9.90,6.6000,true,1,156628
7290110115081,false,משקל פריגת צלול ענבי,תות תעשיות מזון (201,IL,פריגת צלול משקה קל ענבים תפוחים,ליטרים,1.50,ליטר,false,1,9.90,6.6000,true,1,156630
7290110115104,false,משקל פריגת צלול אפרס,מולינו ניקולי s.p.a,IL,פריגת צלול משקה קל אפרסקים תפוחים,ליטרים,1.50,ליטר,false,1,9.90,6.6000,true,1,156632
7290110115111,false,משקל פריגת צלול אננס,תות תעשיות מזון (201,IL,פריגת צלול משקה קל אננס,ליטרים,1.50,ליטר,false,1,9.90,6.6000,true,1,156633
7290110115128,false,פריגת צלול בטעם לימו,תות תעשיות מזון (201,IL,פריגת צלול משקה קל לימונענע,ליטרים,1.50,ליטר,false,1,9.90,6.6000,true,1,156634
7290110115180,false,מים נביעות בקבוק 1.5,נביעות,,מים נביעות בקבוק 1.5 ליטר,ליטרים,1.50,ליטר,false,1,4.20,2.8000,true,1,156742
7290110115234,false,קולה ZERO נטול 1.5 ל,תות תעשיות מזון (201,IL,קוקה קולה ZERO נטול 1.5 ליטר,ליטרים,1.50,ליטר,false,1,8.90,5.9333,true,1,156643
7290110115241,false,קולה ZERO לימון 1.5,תות תעשיות מזון (201,IL,קוקה קולה ZERO לימון 1.5 ליטר,ליטרים,1.50,ליטר,false,1,8.90,5.9333,true,1,156644
7290110115258,false,קולה ZERO מנגו 1.5 ל,תות תעשיות מזון (201,IL,קולה ZERO מנגו 1.5 ליטר,ליטרים,1.50,ליטר,false,1,8.90,5.9333,true,1,156645
7290110115289,false,ספרייט 19 קל לימון-נ,תות תעשיות מזון (201,IL,ספרייט 19 קל' לימון-נענע 1.5 ליטר,ליטרים,1.50,ליטר,false,1,8.90,5.9333,true,1,156648
7290110115296,false,פאנטה אורנג בקבוק 1.,תות תעשיות מזון (201,IL,פאנטה אורנג' 1.5 ליטר,ליטרים,1.50,ליטר,false,1,8.90,5.9333,true,1,156649
7290110115302,false,פאנטה ZERO אורנג 1.5,תות תעשיות מזון (201,IL,פאנטה ZERO אורנג' 1.5 ליטר,ליטרים,1.50,ליטר,false,1,8.90,5.9333,true,1,156650
7290110115319,false,פאנטה אקזוטיק בקבוק,פארייפאבה אגרואינדוס,IL,פאנטה אקזוטיק 1.5 ליטר,ליטרים,1.50,ליטר,false,1,8.90,5.9333,true,1,156651
7290110115333,false,פאנטה תות בקבוק 1.5,"אינסטנטה בע""מ",IL,פאנטה גזוז בטעם תות 1.5 ליטר,ליטרים,1.50,ליטר,false,1,8.90,5.9333,true,1,156653
7290110115364,false,קוקה קולה שישייה בקב,תות תעשיות מזון (201,IL,קוקה קולה שישיות 1.5 ליטר,ליטרים,9.00,ליטר,false,6,49.90,5.5444,true,1,156655
7290110115371,false,קוקה קולה דיאט שישיי,תות תעשיות מזון (201,IL,דיאט קוקה קולה שישיות 1.5 ליטר,ליטרים,9.00,ליטר,false,6,47.90,5.3222,true,1,156656
7290110115395,false,ספרייט זירו שישייה ב,"אינסטנטה בע""מ",IL,ZERO ספרייט שישיות 1.5 ליטר,ליטרים,9.00,ליטר,false,6,47.90,5.3222,true,1,156658
7290110115401,false,סודה קינלי שישייה  ב,החברה המרכזית לייצור,IL,סודה קינלי שישייה  בקבוק 1.5 ליטר,ליטרים,9.00,ליטר,false,6,22.90,2.5444,true,1,156659
7290110115418,false,קוקה קולה זירו שישיי,תות תעשיות מזון (201,IL,קולה ZERO שישיות 1.5 ליטר,ליטרים,9.00,ליטר,false,6,47.90,5.3222,true,1,156660
7290110115425,false,FUZE TEA לימון נענע,מולינו ניקולי s.p.a,IL,פיוזטי גרין לימון נענע 1.5 ליטר,ליטרים,1.50,ליטר,false,1,9.90,6.6000,true,1,156661
7290110115449,false,תה קר FUZE TEA מנגו,מולינו ניקולי s.p.a,IL,פיוזטי מנגו אננס 1.5 ליטר,ליטרים,1.50,ליטר,false,1,9.90,6.6000,true,1,156663
7290110115456,false,תה קר פיוזתה אפרסק 1,מולינו ניקולי s.p.a,IL,FUZE tea אפרסק 19 קל' 1.5 ליטר,ליטרים,1.50,ליטר,false,1,9.90,6.6000,true,1,156664
7290110115463,false,תה קר FUZE TEA אפרסק,מולינו ניקולי s.p.a,IL,פיוזטי אפרסק 1.5 ליטר,ליטרים,1.50,ליטר,false,1,9.90,6.6000,true,1,156665
7290110115494,false,תה קר FUZE TEA ענבים,תות תעשיות מזון (201,IL,פיוזטי ענבים 1.5 ליטר,ליטרים,1.50,ליטר,false,1,9.90,6.6000,true,1,156668
7290110115531,false,פאנטה ZERO תפוח 1.5,תות תעשיות מזון (201,IL,פאנטה ZERO תפוח 1.5 ליטר,ליטרים,1.50,ליטר,false,1,8.90,5.9333,true,1,156671
7290110115586,false,פריגת משקל 40% פ.סוכ,מולינו ניקולי s.p.a,IL,"פריגת משק""ל תפוזים 40% פחות סוכר 1.5 ליטר",ליטרים,1.50,ליטר,false,1,9.90,6.6000,true,1,156672
7290110115593,false,פריגת משקל 40% פ.סוכ,מולינו ניקולי s.p.a,IL,"פריגת משק""ל אשכוליות 40% פחות סוכר 1.5 ליטר",ליטרים,1.50,ליטר,false,1,9.90,6.6000,true,1,156673
7290110115616,false,ZERO פיוז טי גרין אנ,מולינו ניקולי s.p.a,IL,פיוזטי ZERO גרין אננס 1.5 ליטר,ליטרים,1.50,ליטר,false,1,9.90,6.6000,true,1,156726
7290110115623,false,ZERO פיוז טי אפרסק 1,מולינו ניקולי s.p.a,IL,פיוזטי ZERO אפרסק 1.5 ליטר,ליטרים,1.50,ליטר,false,1,9.90,6.6000,true,1,156727
7290110115777,false,מים נביעות בקבוק 1.5,נביעות,,מים נביעות בקבוק 1.5 ליטר,ליטרים,1.50,ליטר,false,1,4.20,2.8000,true,1,156743
7290110115838,false,ספרייט זירו בקבוק 1.,"אינסטנטה בע""מ",IL,ספרייט זירו בקבוק 1.5 ליטר,ליטרים,1.50,ליטר,false,1,8.90,5.9333,true,1,156647
7290110115845,false,קוקה קולה בקבוק  1.5,"אינסטנטה בע""מ",IL,קוקה קולה בקבוק  1.5 ליטר,ליטרים,1.50,ליטר,false,1,8.90,5.9333,true,1,156640
7290110115869,false,קוקה קולה זירו בקבוק,תות תעשיות מזון (201,IL,קוקה קולה זירו בקבוק 1.5 ליטר,ליטרים,1.50,ליטר,false,1,8.90,5.9333,true,1,156642
7290110115876,false,סודה קינלי 1.5 ליטר,"אינסטנטה בע""מ",IL,סודה קינלי 1.5 ליטר,ליטרים,1.50,ליטר,false,1,5.20,3.4667,true,1,156654
7290110116040,false,ZERO  פאנטה פירות כח,החברה המרכזית למשקאו,IL,ZERO  פאנטה פירות כחול 1.5 ליטר,ליטרים,1.50,ליטר,false,1,8.90,5.9333,true,1,158520
7290110116064,false,ZERO  פאנטה פירות יר,החברה המרכזית למשקאו,IL,ZERO,ליטרים,1.50,ליטר,false,1,8.90,5.9333,true,1,158521
7290110116125,false,סירופ בטעם פטל 750 מ,פריגת,IL,סירופ בטעם פטל 750 מל,מיליליטרים,750.00,"100 מ""ל",false,1,24.90,3.3200,true,1,160503
7290110116132,false,סירופ בטעם לימון 750,פריגת,IL,סירופ בטעם לימון 750 מל,מיליליטרים,750.00,"100 מ""ל",false,1,24.90,3.3200,true,1,160504
7290110116149,false,סירופ בטעם ענבים 750,פריגת,IL,סירופ בטעם ענבים 750 מל,מיליליטרים,750.00,"100 מ""ל",false,1,24.90,3.3200,true,1,160505
7290110116194,false,נביעות + לימון ליים,החברה המרכזית למשקאו,IL,נביעות + לימון ליים 0 קלוריות 1.5 ליטר,ליטרים,1.50,ליטר,false,1,9.90,6.6000,true,1,160107
7290110116200,false,נביעות + לימון ליים,החברה המרכזית למשקאו,IL,"נביעות + לימון ליים 0 קלוריות 500 מ""ל",מיליליטרים,500.00,"100 מ""ל",false,1,7.00,1.4000,true,1,160109
7290110116217,false,נביעות +0 קלוריות אש,החברה המרכזית למשקאו,IL,נביעות +0 קלוריות אשכולית 1.5 ליטר,ליטרים,1.50,ליטר,false,1,9.90,6.6000,true,1,160106
7290110116224,false,נביעות +0 קלוריות אש,החברה המרכזית למשקאו,IL,"נביעות +0 קלוריות אשכולית 500 מ""ל",מיליליטרים,500.00,"100 מ""ל",false,1,7.00,1.4000,true,1,160108
7290110116385,false,קולה קולה  זירו סטאפ,החברה המרכזית למשקאו,IL,קולה קולה  זירו סטאפני 330 מל,מיליליטרים,330.00,"100 מ""ל",false,1,7.50,2.2727,true,1,159087
7290110116392,false,סירופ בטעם תפוזים 75,פריגת,IL,סירופ בטעם תפוזים 750 מל,מיליליטרים,750.00,"100 מ""ל",false,1,24.90,3.3200,true,1,160506
7290110116484,false,פריגת מיקס תות בננה,פריגת,IL,פריגת מיקס תות בננה 1 ליטר,ליטרים,1.00,ליטר,false,1,16.50,16.5000,true,1,160749
7290110116491,false,פריגת מיקס אפרסק משמ,פריגת,IL,פריגת מיקס אפרסק משמש 1 ליטר,ליטרים,1.00,ליטר,false,1,16.50,16.5000,true,1,160750
7290110116507,false,פריגת מיקס אננס בננה,פריגת,IL,פריגת מיקס אננס בננה אגס 1 ליטר,ליטרים,1.00,ליטר,false,1,16.50,16.5000,true,1,160751
7290110116514,false,פריגת מיקס תות בננה,פריגת,IL,פריגת מיקס תות בננה 400 מל,מיליליטרים,400.00,"100 מ""ל",false,1,8.50,2.1250,true,1,160752
7290110116521,false,פריגת מיקס אפרסק משמ,פריגת,IL,פריגת מיקס אפרסק משמש 400 מל,מיליליטרים,400.00,"100 מ""ל",false,1,8.50,2.1250,true,1,160753
7290110116576,false,ספרייט זירו למון היט,החברה המרכזית לייצור,IL,"ספרייט זירו למון היט 500 מ""ל",מיליליטרים,500.00,"100 מ""ל",false,1,7.50,1.5000,true,1,160602
7290110320591,false,גבינה בולגרית 16% במ,תנובה,IL,פיראוס בולגרית 16% שומן במרקם מעודן,גרמים,250.00,100 גרם,false,1,22.70,9.0800,true,1,120634
7290110320683,false,משקה יופלה בטעם תות,מיוצר עי קונדיטוריית,IL,משקה יופלה בטעם תות שמינייה 856 גרם,גרמים,856.00,100 גרם,false,1,17.50,2.0444,true,1,122084
7290110320850,false,פתיתי עמק בשקית 200,"תנובה, מחלבת תל יוסף",IL,עמק פתיתים 28% שומן 200 גרם,גרמים,200.00,100 גרם,false,1,15.50,7.7500,true,1,122109
7290110320867,false,פתיתי עמק למאפים 28%,מולינו ניקולי s.p.a,IL,עמק פתיתים 28% שומן 500 גרם,גרמים,500.00,100 גרם,false,1,34.90,6.9800,true,1,121801
7290110320935,false,פרוסות מוצרלה 150 גר,תנובה מחלבת תל יוסף,IL,פרוסות מוצרלה קולקשיין 150 גרם,גרמים,150.00,100 גרם,false,1,17.40,11.6000,true,1,121845
7290110321031,false,GO יוגורט יופלה שומן,"תנובה, מחלבת אלון תב",IL,GO יוגורט יופלה שומן 20 וחלבון 200 גרם,גרמים,200.00,100 גרם,false,1,5.90,2.9500,true,1,121773
7290110321277,false,קוטג בקטנה 5% 100 גר,"תנובה, מחלבת אלון תב",IL,תנובה קוטג' 5% בקטנה 100 גרם,גרמים,100.00,100 גרם,false,1,2.70,2.7000,true,1,122690
7290110321680,false,יוגורט יופלה GO תות,מחלבת אלון תבור,IL,יוגורט עם תות בתוספת חלבוני חלב,גרמים,200.00,100 גרם,false,1,5.90,2.9500,true,1,124041
7290110321697,false,יוגורט יופלה GO אפרס,מחלבת אלון תבור,IL,יוגורט עם אפרסק בתוספת חלבוני חלב,גרמים,200.00,100 גרם,false,1,5.90,2.9500,true,1,124042
7290110321703,false,יוגורט יופלה GO פירו,"תנובה בע""מ",IL,יוגורט עם פירות יער מועשר בחלבון,גרמים,200.00,100 גרם,false,1,5.90,2.9500,true,1,124987
7290110321789,false,קרם מסקרפונה250גרם,תנובה,IL,קרם מסקרפונה250גרם,גרמים,250.00,100 גרם,false,1,21.50,8.6000,true,1,124198
7290110322014,false,טופו טבעי 300 גרם,סוי מג'ק,IL,טופו טבעי 300 גרם,גרמים,300.00,100 גרם,false,1,12.50,4.1667,true,1,125363
7290110322021,false,טופו בזיליקום 300 גר,סוי מג'ק,IL,טופו בטעם בזיליקום,גרמים,300.00,100 גרם,false,1,12.50,4.1667,true,1,125362
7290110322038,false,טופו פקנטי 300 גרם,סוי מג'ק,IL,טופו פקנטי 300 גרם,גרמים,300.00,100 גרם,false,1,12.50,4.1667,true,1,125361
7290110322946,true,יופלה טיוב יוגורט במ,תנובה בעמ,IL,יופלה טיוב יוגורט במרקם חלק בטעם תות בננ,גרמים,350.00,100 גרם,false,1,12.50,3.5714,true,1,127260
7290110323066,true,משקה יוגורט מועשר בח,תנובה בעמ,IL,משקה יוגורט GO 20מועשר בחלבון בננה ואפר,מיליליטרים,236.00,"100 מ""ל",false,1,6.50,2.7542,true,1,127262
7290110323073,false,משקה יוגורט  יופלה G,תנובה בעמ,IL,משקה יוגורט  יופלה GO 20 מועשר בחלבון תו,מיליליטרים,236.00,"100 מ""ל",false,1,6.50,2.7542,true,1,127263
7290110323301,false,גבינה צהובה טל העמק,תנובה,IL,גבינה צהובה טל העמק 32% שומן 200 גרם,גרמים,200.00,100 גרם,false,1,18.90,9.4500,true,1,128104
7290110323585,true,יוגורט עם דובדבן מופ,תנובה בעמ,IL,יוגורט עם דובדבן מופחת קולוריות GO200גרם,גרמים,200.00,100 גרם,false,1,5.90,2.9500,true,1,127608
7290110323592,true,יוגורט עם אפרסק מופח,תנובה בעמ,IL,יוגורט עם אפרסק מופחת קולוריות GO200גרם,גרמים,200.00,100 גרם,false,1,5.90,2.9500,true,1,127609
7290110323714,false,משקה קוקוס שקדים תנו,תנובה בעמ,IL,משקה קוקוס שקדים תנובה 1 ליטר,ליטרים,1.00,ליטר,false,1,12.90,12.9000,true,1,128421
7290110324070,false,גבינת חלומי מחלב בקר,"תנובה בע""מ",IL,גבינת חלומי מחלב בקר 22% שומן 200 גרם,גרמים,200.00,100 גרם,false,1,20.90,10.4500,true,1,130557
7290110324711,false,ממרח סויה 9% בטעם טב,"תנובה בע""מ",IL,ממרח סויה 9% בטעם טבעי,גרמים,250.00,100 גרם,false,1,9.50,3.8000,true,1,130193
7290110324728,false,ממרח סויה 9% עם שום,"תנובה בע""מ",IL,ממרח סויה 9% עם שום שמיר,גרמים,250.00,100 גרם,false,1,9.50,3.8000,true,1,130194
7290110324841,false,מעדן שקדים עם שוקולד,תנובה בעמ,IL,מעדן שקדים עם שוקולד מריר אלטרנטיב 125גר,גרמים,125.00,100 גרם,false,1,4.30,3.4400,true,1,146342
7290110324858,false,מעדן שקדים בטעם אגוז,תנובה בעמ,IL,מעדן שקדים בטעם אגוזי לוז אלטרנטיב 125 ג,גרמים,125.00,100 גרם,false,1,4.30,3.4400,true,1,146343
7290110324872,false,גבינת גלבוע 5% שומן,תנובה,IL,גבינת גלבוע 5% שומן 200 גרם,גרמים,200.00,100 גרם,false,1,18.90,9.4500,true,1,146646
7290110324926,false,משקה סויה ללא תוספת,"תנובה בע""מ",IL,משקה סויה ללא תוספת סוכר  1 ליטר,ליטרים,1.00,ליטר,false,1,11.50,11.5000,true,1,146352
7290110325114,false,משקה יוגורטGO לייט ת,מיוצר עי קונדיטוריית,IL,משקה יוגורטGO לייט תות בננה 250 מל,מיליליטרים,250.00,"100 מ""ל",false,1,6.50,2.6000,true,1,144882
7290110325121,false,משקה יוגורטGO  לייט,"תנובה בע""מ",IL,משקה יוגורטGO  לייט מנגו אננס 250מל,מיליליטרים,250.00,"100 מ""ל",false,1,6.50,2.6000,true,1,144881
7290110325169,false,פרוסות גאודה 170 גרם,תנובה,IL,פרוסות גאודה קולקשיין  170 גרם,גרמים,170.00,100 גרם,false,1,22.90,13.4706,true,1,148121
7290110325305,false,מעדן סויהGO 20 גרם ח,"תנובה בע""מ",IL,מעדן סויהGO 20 גרם חלבון במתיקות מעודנת 200גרם,גרמים,200.00,100 גרם,false,1,5.90,2.9500,true,1,146346
7290110325312,false,מעדן סויה GO 20 גרם,"תנובה בע""מ",IL,מעדן סויה GO 20 גרם חלבון בטעם תות  200גרם,גרמים,200.00,100 גרם,false,1,5.90,2.9500,true,1,146345
7290110325510,false,יופלה טיוב יוגורט בט,"תנובה בע""מ",IL,יופלה טיוב יוגורט בטעם וניל - יוניקור 34,גרמים,348.00,100 גרם,false,1,12.50,3.5920,true,1,146644
7290110325619,false,משקה שיבולת שועל  1ל,"תנובה בע""מ",IL,משקה שיבולת שועל  1ליטר,ליטרים,1.00,ליטר,false,1,12.90,12.9000,true,1,147226
7290110325701,false,צזיקי יווני  פיראוס,מחלבת הרדוף,IL,צזיקי יווני  פיראוס 9% על בסיס יוגורט,גרמים,250.00,100 גרם,false,1,12.50,5.0000,true,1,147563
7290110325893,false,תנובה GO אייס קפה 34,"תנובה בע""מ",IL,תנובה GO אייס קפה 340 מל,מיליליטרים,340.00,"100 מ""ל",false,1,8.50,2.5000,true,1,147231
7290110326210,false,יופלה און טופ פצפוצי,מחלבת אלון תבור,IL,יופלה און טופ פצפוצים 157 גרם,גרמים,157.00,100 גרם,false,1,4.90,3.1210,true,1,148123
7290110326227,false,יופלה און טופ קורנפל,מחלבת אלון תבור,IL,יופלה און טופ קורנפלקס  157 גרם,גרמים,157.00,100 גרם,false,1,4.90,3.1210,true,1,148125
7290110326234,false,יופלה און טופ כוכבים,מחלבת אלון תבור,IL,יופלה און טופ כוכבים 157 גרם,גרמים,157.00,100 גרם,false,1,4.90,3.1210,true,1,148124
7290110326241,false,יופלה און טופ גרנולה,מחלבת אלון תבור,IL,יופלה און טופ גרנולה 157 גרם,גרמים,157.00,100 גרם,false,1,4.90,3.1210,true,1,148126
7290110326333,false,פרוסות גבינה סקנדינב,פ.פ.ח. שאביט,IL,פרוסות גבינה סקנדינבית קולקשיין 170 גרם,גרמים,200.00,100 גרם,false,1,18.90,9.4500,true,1,150693
7290110326999,false,משקה חלב  עם שוקולד,תנובה,IL,"YOLO משקה חלב  עם שוקולד קלאסי 340מ""ל",מיליליטרים,340.00,"100 מ""ל",false,1,6.90,2.0294,true,1,149799
7290110327033,false,משקהמועשר בחלבון במת,מיוצר עי קונדיטוריית,IL,משקהמועשר בחלבון במתיקות מופחתת GO,לא מנהל יחידת מידה,0.00,לא מנהל יחידת מידה,false,1,12.90,0.0000,true,1,150374
7290110327125,false,פיראוס פטה 21% מחלב,תנובה בעמ,GR,פיראוס פטה 21% מחלב צאן 200 גרם,גרמים,200.00,100 גרם,false,1,21.90,10.9500,true,1,151911
7290110327514,false,משקה שיבולת שועל  אל,תנובה,IL,משקה שיבולת שועל  אלטרנטיב אגוזי לוז 1 ל,ליטרים,1.00,ליטר,false,1,12.90,12.9000,true,1,156269
7290110327545,false,יופלה אוןטופ תות תוס,מיוצר עי קונדיטוריית,IL,יופלה אוןטופ תות תוספת פצפוצים מצופים157,גרמים,157.00,100 גרם,false,1,4.90,3.1210,true,1,156980
7290110327798,false,חטיף חלבון גו בטעם ש,"בלמונט קונפקציות בע""",US,חטיף חלבון גו בטעם שוקולד 20גרם חלבון 60,גרמים,60.00,100 גרם,false,1,12.90,21.5000,true,1,153626
7290110327804,false,חטיף חלבון גו בצק עו,"בלמונט קונפקציות בע""",US,חטיף חלבון גו בצק עוגיות 20גרם חלבון 60,גרמים,60.00,100 גרם,false,1,12.90,21.5000,true,1,153627
7290110327811,false,חטיף חלבון גו קוקוס,"בלמונט קונפקציות בע""",US,חטיף חלבון גו קוקוס 20גרם חלבון 60,גרמים,60.00,100 גרם,false,1,12.90,21.5000,true,1,153628
7290110327828,false,חטיף חלבון גו חמאת ב,"בלמונט קונפקציות בע""",US,חטיף חלבון גו חמאת בוטנים 20גרם חלבון 60,גרמים,60.00,100 גרם,false,1,12.90,21.5000,true,1,153629
7290110328016,false,משקה סויה מועשר בחלב,סוי מג'ק,IL,"משקה סויה מועשר בחלבון בטעם אגוזי לוז 250 מ""ל",מיליליטרים,250.00,"100 מ""ל",false,1,6.50,2.6000,true,1,152562
7290110328221,false,יוגורט תנובה נטול לק,תנובה בעמ,IL,יוגורט תנובה נטול לקטוז 3% 200 גרם,גרמים,200.00,100 גרם,false,1,3.90,1.9500,true,1,152486
7290110328481,false,פתיתי פרמגאנו רגיאנו,ברטינלי גיאני א.,IT,פתיתי פרמגאנו רגיאנו קולקשיין 100 גרם,גרמים,100.00,100 גרם,false,1,15.90,15.9000,true,1,153155
7290110328504,false,מיקס גבינות מוצרלה ס,מיוצר עי קונדיטוריית,IL,מיקס גבינות מוצרלה סקנדינבית וגאודה השף,גרמים,300.00,100 גרם,false,1,27.90,9.3000,true,1,153156
7290110328580,false,יוגורט תנובה 5% 200,מיוצר עי קונדיטוריית,IL,יוגורט תנובה 5% 200 גרם,גרמים,200.00,100 גרם,false,1,3.20,1.6000,true,1,156270
7290110328627,false,יוגורט GO סמיך 0% בנ,תנובה בעמ,IL,יוגורט GO סמיך 0% בננה קרמל 200 גרם,גרמים,200.00,100 גרם,false,1,5.90,2.9500,true,1,153663
7290110328764,false,יוגורט GO סמיך 0% תו,תנובה בעמ,IL,יוגורט GO סמיך 0% תות 200 גרם,גרמים,200.00,100 גרם,false,1,5.90,2.9500,true,1,153662
7290110328771,false,יוגורט GO סמיך 0% פ.,מיוצר עי קונדיטוריית,IL,יוגורט GO סמיך 0% פ. יער 200 גרם,גרמים,200.00,100 גרם,false,1,5.90,2.9500,true,1,153661
7290110328788,false,יוגורט GO סמיך 0% אפ,תנובה בעמ,IL,יוגורט GO סמיך 0% אפרסק 200 גרם,גרמים,200.00,100 גרם,false,1,5.90,2.9500,true,1,153660
7290110328887,false,חלב 3% מהדרין 1 ליטר,תנובה,IL,חלב 3% מהדרין 1 ליטר פיקוח בבקבוק,ליטרים,1.00,ליטר,false,1,6.23,6.2300,true,1,157218
7290110328955,false,קוביות גבינת עזים בש,דודוני תעשיית החלב ה,GR,קוביות גבינת עזים בשמן פיראוס 350 גרם,גרמים,350.00,100 גרם,false,1,27.90,7.9714,true,1,157816
7290110329136,false,מעדן חלב גו בטעם שוק,"תנובה בע""מ",IL,מעדן חלב גו בטעם שוקולד 12 חלבון 120גרם,גרמים,120.00,100 גרם,false,1,4.80,4.0000,true,1,156271
7290110329143,false,מעדן חלב גו בטעם וני,"תנובה בע""מ",IL,מעדן חלב גו בטעם וניל  12 חלבון  120גרם,גרמים,120.00,100 גרם,false,1,4.80,4.0000,true,1,156272
7290110329211,false,מאגדת דיאט יופלה 0%,תנובה,IL,מאגדת דיאט יופלה 0% תות אפרסק*8,קילוגרמים,1.20,"ק""ג",false,1,27.90,23.2500,true,1,156274
7290110329266,false,יוגורט תנובה מחלב עי,תנובה,IL,יוגורט תנובה מחלב עיזים  140 גרם,גרמים,140.00,100 גרם,false,1,5.90,4.2143,true,1,155560
7290110329273,false,יוגורט תנובה מחלב עי,תנובה,IL,יוגורט תנובה מחלב עיזים   750 גרם,גרמים,750.00,100 גרם,false,1,20.90,2.7867,true,1,155561
7290110329303,false,פרוסות בטעם צהובה קל,תנובה,IL,פרוסות בטעם צהובה קלאסית אלטרנטיב 200 גר,גרמים,200.00,100 גרם,false,1,21.90,10.9500,true,1,156275
7290110329686,false,משקה חלב GO בטעם עוג,תנובה,IL,משקה חלב GO בטעם עוגיות 340 מל,מיליליטרים,340.00,"100 מ""ל",false,1,8.50,2.5000,true,1,156276
7290110329716,false,משקה חלב עם קפה קפוצ,"תנובה בע""מ",IL,"משקה חלב עם קפה קפוצינו 230  מ""ל",מיליליטרים,230.00,"100 מ""ל",false,1,7.90,3.4348,true,1,158246
7290110329723,false,משקה חלב עם קפה לאטה,"תנובה בע""מ",IL,"משקה חלב עם קפה לאטה 230 מ""ל",מיליליטרים,230.00,"100 מ""ל",false,1,7.90,3.4348,true,1,158247
7290110329730,false,משקה חלב עם קפה  שוק,"תנובה בע""מ",IL,"משקה חלב עם קפה  שוקולד  230 מ""ל",מיליליטרים,230.00,"100 מ""ל",false,1,7.90,3.4348,true,1,158248
7290110329792,false,סויה אלטרנטיב  ביו א,תנובה,IL,סויה אלטרנטיב  ביו אפרסק150 גרם,גרמים,150.00,100 גרם,false,1,4.50,3.0000,true,1,156776
7290110329808,false,סויה אלטרנטיב  ביו ת,תנובה,IL,סויה אלטרנטיב  ביו תות 150 גרם,גרמים,150.00,100 גרם,false,1,4.90,3.2667,true,1,156775
7290110329815,false,סויה אלטרנטיב  ביו מ,תנובה,IL,סויה אלטרנטיב  ביו מתיקות מעודנת150 גרם,גרמים,150.00,100 גרם,false,1,4.90,3.2667,true,1,156774
7290110329822,false,סויה אלטרנטיב  ביו פ,מיוצר עי קונדיטוריית,IL,סויה אלטרנטיב  ביו פירות יער   150 גרם,גרמים,150.00,100 גרם,false,1,4.90,3.2667,true,1,156867
7290110329846,false,סויה אלטרנטיב  ביו ט,תנובה,IL,סויה אלטרנטיב  ביו טבעי150 גרם,גרמים,150.00,100 גרם,false,1,4.90,3.2667,true,1,156777
7290110329914,false,מאגדת משקה שיבולת שו,תנובה בעמ,IL,מאגדת משקה שיבולת שועל ושקדים ביו אלטרנט,גרמים,600.00,100 גרם,false,6,18.90,3.1500,true,1,156989
7290110421748,false,תיק רחצה נשים,,,שקית נקודות+ידיות,יחידה,1.00,יחידה,false,1,24.90,24.9000,true,1,123982
7290110423674,false,מלקחיים ארוכים למנגל,,,מלקחיים ארוכים למנגל 35 cm,יחידה,1.00,יחידה,false,1,10.90,10.9000,true,1,122403
7290110426033,false,סט ביגוד בייבי,אימפופיקס,,סט ביגוד בייבי,לא מנהל יחידת מידה,0.00,לא מנהל יחידת מידה,false,1,19.90,0.0000,true,1,123444
7290110472016,false,כבל 2 מטר - TYPE C,,,כבל 2 מטר - TYPE C,יחידה,1.00,יחידה,false,1,39.90,39.9000,true,1,146383
7290110472467,false,מתאם למצת TYPE C,,,מתאם למצת TYPE C,יחידה,0.00,יחידה,false,1,44.90,0.0000,true,1,146157
7290110472474,false,מתאם קיר TYPE C,,,מתאם קיר TYPE C,יחידה,1.00,יחידה,false,1,54.90,54.9000,true,1,146158
7290110473501,false,זרוע לרכב TECH GRIP,,,זרוע לרכב TECH GRIP BLACK,יחידה,1.00,יחידה,false,1,54.90,54.9000,true,1,146182
7290110473594,false,זרוע לרכב ROCKET GRI,,,זרוע לרכב ROCKET GRIP BLACK,יחידה,1.00,יחידה,false,1,49.90,49.9000,true,1,146171
7290110474256,false,כבל aux iron man,,,כבל aux iron man,יחידה,1.00,יחידה,false,1,49.90,49.9000,true,1,146153
7290110474560,false,אוזניות מיקרופון NEW,,,אוזניות מיקרופון NEW AGE SOUND,יחידה,1.00,יחידה,false,1,49.90,49.9000,true,1,146161
7290110474577,false,אוזניות מיקרופון DOU,,,אוזניות מיקרופון DOUBLE OUT LOUD,יחידה,1.00,יחידה,false,1,79.90,79.9000,true,1,146160
7290110474690,false,כבל USB C  לחיבור LI,,,כבל USB C  לחיבור LIGHTNING מאושר אפל,יחידה,1.00,יחידה,false,1,69.90,69.9000,true,1,146152
7290110474713,false,מעמד למזגן OPEN WIDE,,,מעמד למזגן OPEN WIDE VENT,לא מנהל יחידת מידה,0.00,לא מנהל יחידת מידה,false,1,49.90,0.0000,true,1,146156
7290110475109,false,בידורית OSHI 99,,,בידורית OSHI 99,יחידה,1.00,יחידה,false,1,149.00,149.0000,true,1,147255
7290110475116,false,מטען קיר SPEEDY,,,מטען קיר SPEEDY,יחידה,1.00,יחידה,false,1,79.90,79.9000,true,1,146151
7290110475192,false,SOUND BAR RETROרמקול,,,SOUND BAR RETROרמקול,יחידה,1.00,יחידה,false,1,99.00,99.0000,true,1,157332
7290110476267,false,מטען קיר מאושר אפל 2,,,מטען קיר מאושר אפל 2,יחידה,1.00,יחידה,false,1,119.00,119.0000,true,1,152474
7290110552220,false,דנונה פרו 20 חלבון,"שטראוס בריאות בע""מ",IL,'דנונה פרו 20גר' ללא סוכר תות,גרמים,200.00,100 גרם,false,1,5.90,2.9500,true,1,156832
7290110552237,false,דנונה פרו 20 חלבון,"שטראוס בריאות בע""מ",IL,דנונה פרו 20גר' ללא סוכר אפרסק מנגו,גרמים,200.00,100 גרם,false,1,5.90,2.9500,true,1,156833
7290110553029,false,אנרגי פריכיות חלבון,שטראוס,IL,אנרגי פריכיות חלבון קייל חומוס ומלח 60,גרמים,60.00,100 גרם,false,1,10.90,18.1667,true,1,157115
7290110553036,false,אנרגי פריכיות חלבון,שטראוס,IL,אנרגי פריכיות חלבון בטטה סגולה ואפונה 60 גרם,גרמים,60.00,100 גרם,false,1,10.90,18.1667,true,1,157116
7290110553173,false,אנרג`י פריכיות בטעם,שטראוס גרופ,IL,אנרג`י פריכיות בטעם קרמל 40 גרם,מיליליטרים,40.00,"100 מ""ל",false,1,7.90,19.7500,true,1,159108
7290110553180,false,אנרג`י פריכיות בטעם,שטראוס גרופ,IL,אנרג`י פריכיות בטעם תפוח קינמון 40 גרם,מיליליטרים,40.00,"100 מ""ל",false,1,7.90,19.7500,true,1,159109
7290110553401,false,בינז אייס קופי לאטה,מונסטרלנד לולף,DE,"בינז אייס קופי לאטה וניל 250 מ""ל",מיליליטרים,250.00,"100 מ""ל",false,1,9.90,3.9600,true,1,158465
7290110553623,false,ציטוס קראנץ צדר חלפי,שטראוס,IL,ציטוס קראנץ צדר חלפיניו 80 גרם,גרמים,80.00,100 גרם,false,1,4.90,6.1250,true,1,159276
7290110554118,false,נודלס מלזי חריף דל,"טרופיקל דגיל בע""מ אז",IL,נודלס מלזי חריף דלישס 350גרם,גרמים,350.00,100 גרם,false,1,26.90,7.6857,true,1,155847
7290110554453,false,בינז אייס קופי לאטה,מונסטרלנד לולף,DE,"בינז אייס קופי לאטה מוקה 250 מ""ל",מיליליטרים,250.00,"100 מ""ל",false,1,9.90,3.9600,true,1,158466
7290110554477,false,קפסולות לאפוגטו מייפ,שטראוס,IL,קפסולות לאפוגטו מייפל 50 גרם,גרמים,50.00,100 גרם,false,1,16.90,33.8000,true,1,158469
7290110554699,false,קפסולות קפה אספרסו ע,שטראוס קפה בי.וי.,IL,קפסולות קפה אספרסו עולה 50 גרם,גרמים,50.00,100 גרם,false,1,16.90,33.8000,true,1,159094
7290110554705,false,קפסולות קפה אספרסו י,שטראוס קפה בי.וי.,IL,קפסולות קפה אספרסו יוניקו 50 גרם,גרמים,50.00,100 גרם,false,1,16.90,33.8000,true,1,159093
7290110555306,false,רבע לשבע טבעוני סינמ,הגביע מוצרי וופלים ב,IL,רבע לשבע טבעוני סינמון באן 125 גרם,גרמים,125.00,100 גרם,false,1,12.90,10.3200,true,1,160206
7290110555603,false,שוקולוטה ספלנדיד 360,גאלטס גולון,GR,שוקולוטה ספלנדיד 360 גרם,גרמים,360.00,100 גרם,false,1,21.90,6.0833,true,1,160841
7290110556242,false,שוקולד פרה מריר 100,"שטראוס גרופ בע""מ.",IL,שוקולד פרה מריר 100 גרם,גרמים,100.00,100 גרם,false,1,5.90,5.9000,true,1,160008
7290110557027,false,חומוס הסדרה 50% טחינ,שטראוס,IL,חומוס הסדרה 50% טחינה 400גרם,גרמים,400.00,100 גרם,false,1,14.90,3.7250,true,1,156429
7290110557102,false,מעדן חלב עם שוקולד פ,מיוצר עי קונדיטוריית,IL,מעדן חלב עם שוקולד פרו 11 חלבון 150גרם,גרמים,150.00,100 גרם,false,1,5.00,3.3333,true,1,155527
7290110557133,false,מעדן הגולן וניל 125,מיוצר עי קונדיטוריית,IL,מעדן הגולן וניל 125 גרם,גרמים,125.00,100 גרם,false,1,3.20,2.5600,true,1,155805
7290110557393,false,מארז מילקי שלוק  איי,"שטראוס גרופ בע""מ",IL,מארז מילקי שלוק  אייס קפה 276 מל,מיליליטרים,276.00,"100 מ""ל",false,1,9.50,3.4420,true,1,158700
7290110558130,false,אקטיביה עם שיבולת שו,שטראוס,IL,אקטיביה עם שיבולת שועל ודבש 150 גרם,גרמים,150.00,100 גרם,false,1,5.00,3.3333,true,1,158299
7290110558222,false,WOW  דנונה בנופי 150,שטראוס,IL,WOW  דנונה בנופי 150 גרם,גרמים,150.00,100 גרם,false,1,4.90,3.2667,true,1,158704
7290110558239,false,WOW דנונה קראק פאי 1,"שטראוס בריאות בע""מ",IL,WOW דנונה קראק פאי 150גרם,גרמים,150.00,100 גרם,false,1,4.90,3.2667,true,1,159068
7290110558253,false,דנונה ריפרש בננה אננ,שטראוס,IL,"דנונה ריפרש בננה אננס וציה 250מ""ל",מיליליטרים,250.00,"100 מ""ל",false,1,5.90,2.3600,true,1,158300
7290110558284,false,דנונה ביו מולטי 200,שטראוס,IL,דנונה ביו מולטי 200 גרם,מיליליטרים,200.00,"100 מ""ל",false,1,4.50,2.2500,true,1,158699
7290110558307,false,דנונה פרו 20 גר עם ש,"שטראוס בריאות בע""מ",IL,דנונה פרו 20 גר עם שיבולת שועל 200גרם,גרמים,200.00,100 גרם,false,1,6.50,3.2500,true,1,157907
7290110558314,false,דנונה פרו 20 גרםללא,שטראוס,IL,דנונה פרו 20 גרםללא סוכר בטעם פיסטוק,גרמים,200.00,100 גרם,false,1,5.90,2.9500,true,1,158705
7290110558338,false,יוגורט  פרו 25 גר חל,שטראוס,IL,יוגורט  פרו 25 גר חלבון  200 גרם,גרמים,200.00,100 גרם,false,1,5.90,2.9500,true,1,157908
7290110558666,false,דניאלה בטעם תפוח 88ג,שטראוס,IL,דניאלה בטעם תפוח 88גרם,גרמים,88.00,100 גרם,false,1,4.40,5.0000,true,1,160398
7290110559038,false,מילקשייק שוקו עם סיר,מחלבת יטבתה,IL,מילקשייק שוקו עם סירופ שוקולד 300 מיל',מיליליטרים,300.00,"100 מ""ל",false,1,7.90,2.6333,true,1,158697
7290110559939,false,נתחי סויה בסגנון שוו,אוכל ביתי ניר עציון,IL,נתחי סויה בסגנון שווארמה ומגדרה דלישס  3,גרמים,350.00,100 גרם,false,1,26.90,7.6857,true,1,157911
7290110560300,false,פריכיות משולשות-פלפל,פרח,IL,פריכיות משולשות- פלפל שחור,גרמים,30.00,100 גרם,false,1,5.90,19.6667,true,1,127347
7290110560317,false,פריכיות משולשות- מלח,פרח,IL,פריכיות משולשות- מלח ים,גרמים,30.00,100 גרם,false,1,5.90,19.6667,true,1,127348
7290110560324,false,פריכיות משולשות אפונ,פרח,IL,פריכיות משולשות- אפונה ירוקה,גרמים,30.00,100 גרם,false,1,5.90,19.6667,true,1,127349
7290110561352,false,יוגורט דנונה דל לקטו,"שטראוס בריאות בע""מ",IL,דנונה דל לקטוז בתוספת סידן,גרמים,200.00,100 גרם,false,1,3.70,1.8500,true,1,124496
7290110563431,false,משקה קפה קר   קלאסי,האי נאם סי או אל.טי.,AT,משקה קפה קר בסגנון קלאסי 1.6%,מיליליטרים,230.00,"100 מ""ל",false,1,7.90,3.4348,true,1,128652
7290110563448,false,משקה קפה קר  מעודן 1,האי נאם סי או אל.טי.,AT,"משקה קפה קר בסגנון מעודן  230 מ""ל",מיליליטרים,230.00,"100 מ""ל",false,1,7.90,3.4348,true,1,128653
7290110563462,false,חלב בבקבוק נטול לקטו,מחלבת יטבתה,IL,חלב בבקבוק נטול לקטוז 2%,ליטרים,1.00,ליטר,false,1,8.20,8.2000,true,1,129176
7290110564339,false,חומוס עשיר ב30% טחינ,מיוצר עי קונדיטוריית,IL,חומוס עשיר ב30% טחינה הסדרה המובחרת400,גרמים,400.00,100 גרם,false,1,14.90,3.7250,true,1,123371
7290110564360,false,חומוס עשיר ב40% טחינ,מיוצר עי קונדיטוריית,IL,חומוס עשיר ב40% טחינה הסדרה המובחרת400 d,גרמים,400.00,100 גרם,false,1,14.90,3.7250,true,1,123372
7290110564414,false,חומוס הסדרה המובחרת,מיוצר עי קונדיטוריית,IL,חומוס הסדרה המובחרת 30% טחינה 600 גרם,גרמים,600.00,100 גרם,false,1,16.90,2.8167,true,1,123370
7290110564742,false,משקה קפה קר   חזק 1.,האי נאם סי או אל.טי.,AT,משקה קפה קר בסגנון חזק -חדש,מיליליטרים,230.00,"100 מ""ל",false,1,7.90,3.4348,true,1,128654
7290110565527,false,דנונה פרו 20 גרם חלב,"שטראוס בריאות בע""מ",IL,דנונה פרו 20 גר 1.5% שומן,גרמים,200.00,100 גרם,false,1,5.90,2.9500,true,1,122702
7290110566975,false,דנונה פרו 20גרם תות,"שטראוס בריאות בע""מ",IL,דנונה פרו 20 גר תות 0% שומן,גרמים,200.00,100 גרם,false,1,5.90,2.9500,true,1,124200
7290110568238,false,קצפת צמחית 21%  250,,IL,קצפת צמחית 21%  250 גרם,גרמים,250.00,100 גרם,false,1,8.50,3.4000,true,1,125419
7290110568276,false,משקה יטבתה פרו וניל,,IL,"משקה יטבתה פרו וניל 350 מ""ל",מיליליטרים,350.00,"100 מ""ל",false,1,6.50,1.8571,true,1,124982
7290110568498,false,קונפיטורת תות במתיקו,"אינסטנטה בע""מ",FR,קונפיטורת תות במתיקות מעודנת 265 ג יד מר,גרמים,265.00,100 גרם,false,1,14.90,5.6226,true,1,129364
7290110568511,false,קונפיטורת פירות יער,בייר,FR,קונפיטורת פירות יער במתיקות מעודנת 265 ג,גרמים,265.00,100 גרם,false,1,14.90,5.6226,true,1,129366
7290110570224,false,משקה קפה קר בטעם עוג,תנובה,IL,משקה קפה קר בטעם עוגיות 230מל,מיליליטרים,230.00,"100 מ""ל",false,1,7.90,3.4348,true,1,158695
7290110571382,false,מעדן חלב בטעם וניל פ,"שטראוס בריאות בע""מ",IL,מעדן חלב בטעם וניל מועשר בחלבון,גרמים,150.00,100 גרם,false,1,5.00,3.3333,true,1,157912
7290110572884,false,קפסולות אספרסו 20 שט,שטראוס,IL,קפסולות אספרסו 20 שטראוס 50 גרם,גרמים,50.00,100 גרם,false,1,16.90,33.8000,true,1,160838
7290110576318,false,מארז שלישיית שוקולד,שטראוס,IL,מארז שלישיית אגוז לבן 3*100 גרם,גרמים,300.00,100 גרם,false,3,27.90,9.3000,true,1,160263
7290110576370,false,מארז שלישיית שוקולד,שטראוס,IL,מארז שלישיית שוקולד  אגוז מריר 100 גרם,גרמים,300.00,100 גרם,false,3,27.90,9.3000,true,1,160264
7290110576387,false,מארז שלישיית שוקולד,שטראוס,IL,מארז שלישיית שוקולד אגוז חלב 100 גרם,גרמים,300.00,100 גרם,false,3,27.90,9.3000,true,1,160262
7290110576752,false,ספלנדיד מריר 70% 100,קימ'ס גריפלנן,BE,ספלנדיד מריר 70% 100 גרם,גרמים,100.00,100 גרם,false,1,9.90,9.9000,true,1,160681
7290110576776,false,ספלנדיד מריר 85% 100,קימ'ס גריפלנן,BE,ספלנדיד מריר 85% 100 גרם,גרמים,100.00,100 גרם,false,1,9.90,9.9000,true,1,160682
7290110576868,false,גמדים רביעיית סלט פי,שטראוס,IL,גמדים רביעיית סלט פירות 400גרם,גרמים,400.00,100 גרם,false,1,11.90,2.9750,true,1,160478
7290110577308,false,מארז  יד מרדכי כל הט,יד מרדכי,IL,מארז  יד מרדכי כל הטוב שבטבע,יחידה,1.00,יחידה,false,1,79.90,79.9000,true,1,159997
7290110730642,false,אייבו- תרופה ללא מרש,,,אייבו- תרופה ללא מרש,לא מנהל יחידת מידה,0.00,לא מנהל יחידת מידה,false,1,25.90,0.0000,true,1,129443
7290110731960,false,תרסיס אף ליינוקס,,,תרסיס אף ליינוקס,יחידה,1.00,יחידה,false,1,29.90,29.9000,true,1,145744
7290110856298,false,ציל סיגריה אלקטרונית,AB,CN,ציל סיגריה אלקטרונית 2800 שאיפות פ.יער,יחידה,1.00,יחידה,false,1,89.90,89.9000,false,1,158486
7290110856519,false,ציל סיגריה אלקטרונית,AB,CN,ציל סיגריה אלקטרונית 2800 שאיפות פטל,יחידה,1.00,יחידה,false,1,89.90,89.9000,false,1,158491
7290110920111,false,גילצ היגייני בשפורפר,,,גילצ היגייני בשפורפרת,מיליליטרים,500.00,"100 מ""ל",false,1,9.90,1.9800,true,1,148096
7290111079122,false,כוס זכוכית כפולה לב,,,כוס זכוכית כפולה לב,יחידה,1.00,יחידה,false,1,49.90,49.9000,true,1,143850
7290111189234,true,דפי ממו צבעוני,,,דפי ממו צבעוני,,0.00,,false,,4.90,0.0000,true,1,160998
7290111340178,true,מטליות לניקוי כללי ב,עלבד משואות יצחק בעמ,IL,מטליות לניקוי כללי ב,Unknown,0.00,Unknown,false,1,13.90,0.0000,true,1,137746
7290111340185,true,מטליות לניקוי רצפה ב,עלבד משואות יצחק בעמ,IL,ניקול מטליות לחות לניקוי הרצפה 10 יחידות,Unknown,0.00,Unknown,false,1,13.90,0.0000,true,1,137747
7290111341816,false,נייר אפייה בגליל עם,אופל,IL,נייר אפייה בגליל עם,לא מנהל יחידת מידה,0.00,לא מנהל יחידת מידה,false,1,21.90,0.0000,true,1,128709
7290111341984,false,לילי לח רביעייה,קימברלי,GB,לילי לח רביעייה,יחידה,1.00,יחידה,false,1,22.90,22.9000,true,1,146307
7290111342042,false,ניקול כריות יפניות א,סנו,IL,ניקול כריות יפניות אנטיבקטריאלי,גרמים,280.00,100 גרם,false,1,12.90,4.6071,true,1,147625
7290111342059,false,ניקול מטליות מיקרופי,סנו,IL,מטליות לחות לניקוי וחיטוי משטחים אנטיבקטריאלי,לא מנהל יחידת מידה,0.00,לא מנהל יחידת מידה,false,1,13.90,0.0000,true,1,147624
7290111342073,false,ניקול מטליות מיקרופי,סנו,CN,ניקול מטליות מיקרופייבר למשטחים אנטיבקטר,לא מנהל יחידת מידה,0.00,לא מנהל יחידת מידה,false,1,15.90,0.0000,true,1,147626
7290111343117,false,קלינקס לושן סופט זוג,קימברלי,IL,קלינקס טישו לושן סופט פק זוגות - 140 דף,לא מנהל יחידת מידה,0.00,לא מנהל יחידת מידה,false,1,13.90,0.0000,true,1,151241
7290111343797,false,ניקול מטליות לחות לנ,עלבד,IL,מטליות לחות לניקוי חלונות,יחידה,1.00,יחידה,false,1,11.90,11.9000,true,1,150822
7290111343841,false,ניקול ספוגית הקסם ני,UFO,CN,ניקול ספוגית הקסם נירוסטה 3 יח,יחידה,1.00,יחידה,false,1,11.90,11.9000,true,1,150859
7290111343858,false,ניקול מטליות לחות לר,עלבד,IL,ניקול מטליות לחות לרצפה אנטיבקטריאלי 10,לא מנהל יחידת מידה,0.00,לא מנהל יחידת מידה,false,1,13.90,0.0000,true,1,149878
7290111344206,false,האגיס מגבונים לחים מ,קימברלי,IL,מגבוני האגיס נטורל קייר מבושם 4*64,לא מנהל יחידת מידה,0.00,לא מנהל יחידת מידה,false,1,18.90,0.0000,true,1,156346
7290111344732,false,קלינקס אלרגי קומפורט,קימברלי,IL,קלינקס אלרגי קומפורט זוג 2 * 70 יחידות,יחידה,1.00,יחידה,false,1,13.90,13.9000,true,1,156258
7290111344824,false,קוטקס מגן תחתון אנטי,,CN,קוטקס מגן תחתון אנטיבקטרי 52 יחידות,יחידה,1.00,יחידה,false,1,19.90,19.9000,true,1,156795
7290111344831,false,מגן תחתון קוטקס נורמ,,CN,מגן תחתון קוטקס נורמל 60 יחידות,יחידה,1.00,יחידה,false,1,19.90,19.9000,true,1,156796
7290111344879,false,מגן תחתון קוטקס 2ב1,,CN,מגן תחתון קוטקס 2ב1 44 יחידות,יחידה,1.00,יחידה,false,1,19.90,19.9000,true,1,156797
7290111345753,false,תחבושת קוטקס כותנה נ,,CN,תחבושת קוטקס כותנה נורמל 24 יחידות,לא מנהל יחידת מידה,0.00,לא מנהל יחידת מידה,false,1,15.90,0.0000,true,1,157692
7290111345760,false,תחבושת קוטקס כותנה ס,,CN,תחבושת קוטקס כותנה סופר 18 יחידות,לא מנהל יחידת מידה,0.00,לא מנהל יחידת מידה,false,1,15.90,0.0000,true,1,157693
7290111345777,false,תחבושת קוטקס כותנה ל,,CN,תחבושת קוטקס כותנה לילה 16 יחידות,לא מנהל יחידת מידה,0.00,לא מנהל יחידת מידה,false,1,15.90,0.0000,true,1,157694
7290111346088,false,נייר טואלט מולט  30,,,נייר טואלט מולט  30 גלילים,יחידה,1.00,יחידה,false,1,27.90,27.9000,true,1,159016
7290111346293,false,מגבת נייר ניקול שישי,חוגלה,IL,מגבת נייר ניקול שישייה מהדורה,יחידה,6.00,יחידה,false,1,12.90,2.1500,true,1,158404
7290111350030,false,רסק תפוחי עץ טבעי 67,טעמי הגליל,IL,רסק תפוחי עץ טבעי 670 גרם,גרמים,670.00,100 גרם,false,1,13.30,1.9851,true,1,119311
7290111350047,false,תמרים מגולענים קלית,טעמי הגליל,IL,תמרים מגולענים קלית גת  500 גרם,גרמים,500.00,100 גרם,false,1,13.90,2.7800,true,1,127167
7290111350665,false,דבש לחיץ 350 גרם,דולפין ספא,IL,קליית גת דבש לחיץ טהור מפרחי בר 350 גרם,גרמים,350.00,100 גרם,false,1,27.90,7.9714,true,1,127175
7290111350672,false,דבש קליית גת  700 גר,דולפין ספא,IL,קליית גת דבש טהור מפרחי בר 700 גרם,גרמים,700.00,100 גרם,false,1,36.90,5.2714,true,1,127176
7290111350719,false,נאצוס הוטפופ מסעדות,פופז,US,נאצוס הוטפופ מסעדות 332 גרם,גרמים,332.00,100 גרם,false,1,14.90,4.4880,true,1,129415
7290111350726,false,נאצוס הוטפופ מקסיקני,פופז,US,נאצוס הוטפופ מקסיקני 332 גרם,גרמים,332.00,100 גרם,false,1,14.90,4.4880,true,1,129414
7290111351280,false,תערובת אגוזים קלויים,קליית גת,IL,תערובת אגוזים קלויים ללא מלח 150 ג,גרמים,150.00,100 גרם,false,1,19.90,13.2667,true,1,128740
7290111351334,false,תמר מגהול 650 גרם,הדקלאים אגודת שיתופי,IL,קליית גת תמר מג'הול טבעי 650 גרם,גרמים,650.00,100 גרם,false,1,26.90,4.1385,true,1,130701
7290111352430,false,ממרח תמרים טבעי  קלי,"כד בני דרום בע""מ",IL,ממרח תמרים טבעי  קלייית גת  440 גרם,גרמים,440.00,100 גרם,false,1,14.90,3.3864,true,1,148032
7290111352935,false,יוגטה טופי 600 גר,מוטקה החולב,TR,טופי יוגטה ממולא 600 גרם,גרמים,600.00,100 גרם,false,1,12.90,2.1500,true,1,149630
7290111352942,true,סוכריות טופי 850גרם,,,סוכריות טופי 850גרם,,0.00,,false,,20.90,0.0000,true,1,160641
7290111352973,false,קוביות חמוצות 220 גר,סאדאט,TR,קוביות חמוצות ממולאות בטעם פירות,גרמים,220.00,100 גרם,false,1,8.90,4.0455,true,1,149629
7290111354090,false,תערובת אגוזים וחמוצי,קליית גת,IL,תערובת אגוזים וחמוציות 150 גרם,גרמים,150.00,100 גרם,false,1,19.90,13.2667,true,1,157026
7290111354168,false,מנצס בצנצנת 100 גרם,קליית גת,IL,מנצס בצנצנת 100 גרם,גרמים,100.00,100 גרם,false,1,11.90,11.9000,true,1,157029
7290111354175,false,רביולי בוטנים מצופים,קליית גת,IL,רביולי בוטנים מצופים בטעם גריל 120 גרם,גרמים,120.00,100 גרם,false,1,11.90,9.9167,true,1,157028
7290111534010,false,מוס גבינה פירורים חל,קריניציה ויטמינה אס,IL,מוס גבינה שמנת ופירורים 400גרם,גרמים,400.00,100 גרם,false,1,39.90,9.9750,true,1,121512
7290111563492,false,מטבוחה חריפה צבר 400,לחמנו,IL,סלטי צבר מטבוחה חריפה מרובע 6*400גרם,גרמים,400.00,100 גרם,false,1,13.60,3.4000,true,1,124022
7290111564277,false,פיטנס פריכיות 3 דגני,PT,IL,פיטנס פריכיות 3 דגנים דקות 12*120גרם,גרמים,120.00,100 גרם,false,1,10.90,9.0833,true,1,121190
7290111564291,false,פריכיות דקות עם קינו,PT,IL,פיטנס פריכיות דקות עם קינואה 12*120גרם,גרמים,120.00,100 גרם,false,1,10.90,9.0833,true,1,121191
7290111564666,false,כדורי בשר טבעול מן ה,טבעול,IL,כדורי בשר טבעול מן הצומח 500 גרם,גרמים,500.00,100 גרם,false,1,32.90,6.5800,true,1,123670
7290111564956,false,ביסלי במבה מיקס 200,אסם,IL,ביסלי במבה מיקס 18*200גרם,גרמים,200.00,100 גרם,false,1,9.90,4.9500,true,1,121602
7290111565038,false,לה קרמריה וניל קוקיל,המאפיה של הרמן,IL,לה קרמריה וניל קוקילידה בדצ6*1.4ליטר חדש,ליטרים,1.40,ליטר,false,1,21.90,15.6429,true,1,124583
7290111565502,false,גלידה סנדויץ אוריאו,ג'נרל מילס סאן אדריא,IT,גלידה סנדויץ אוריאו 80 גרם,גרמים,80.00,100 גרם,false,1,10.50,13.1250,true,1,123317
7290111566103,false,פלאפל טבעול מרכיבים,טבעול,IL,פלאפל טבעול מרכיבים ביתיים בלבד 590 גרם,גרמים,590.00,100 גרם,false,1,32.90,5.5763,true,1,123674
7290111566127,false,גלידה אוראו סנדביץ מ,ג'נרל מילס סאן אדריא,IT,אוראו מאגדת סנדביץ 8 6*33ג 12364441,גרמים,198.00,100 גרם,false,1,27.60,13.9394,true,1,123315
7290111566240,false,שניצל דק טבעול בטעם,כצט,IL,טבעול שניצל דק בטעם צילי חריף 8*564גרם,גרמים,564.00,100 גרם,false,1,32.90,5.8333,true,1,123680
7290111566271,false,חטיפי תירס טבעול 657,כצט,IL,טבעול חטיפי תירס 6*657גרם,גרמים,657.00,100 גרם,false,1,32.90,5.0076,true,1,123668
7290111566318,false,שניצל דק טבעול מן הצ,כצט,IL,טבעול שניצל דק מן הצומח 8*564גרם,גרמים,564.00,100 גרם,false,1,32.90,5.8333,true,1,123681
7290111566332,false,נקניקיות וינר טבעול,טבעול,IL,נקניקיות וינר טבעול צמחוניות 680 גרם,גרמים,680.00,100 גרם,false,1,32.90,4.8382,true,1,123672
7290111566547,false,חזה בגריל טבעול צמחו,כצט,IL,טבעול חזה בגריל צמחוני 6*560גרם,גרמים,560.00,100 גרם,false,1,32.90,5.8750,true,1,123667
7290111566561,false,שניצל ברוקולי טבעול,כצט,IL,טבעול שניצל ברוקולי 99 קלוריות 6*560ג,גרמים,560.00,100 גרם,false,1,31.90,5.6964,true,1,123679
7290111566585,false,שניצל צמחוני טבעול 9,כצט,IL,טבעול שניצל צמחוני 99 קלוריות 6*650גרם,גרמים,650.00,100 גרם,false,1,32.90,5.0615,true,1,123682
7290111566660,false,טבעול קציצות עדשים,כצט,IL,טבעול קציצות עדשים כתומות 6*530גרם,גרמים,530.00,100 גרם,false,1,32.90,6.2075,true,1,123675
7290111566714,false,טבעול המבורגר צמחוני,טבעול,IL,טבעול המבורגר צמחוני 99,גרמים,600.00,100 גרם,false,1,32.90,5.4833,true,1,123666
7290111566752,false,שניצל תירס טבעול 99,כצט,IL,טבעול שניצל תירס 99 קלוריות 6*693גרם,גרמים,693.00,100 גרם,false,1,32.90,4.7475,true,1,123683
7290111566776,false,נקניקיות קוקטייל טבע,כצט,IL,טבעול נקניקיות קוקטייל צמחוניות6*680גרם,גרמים,680.00,100 גרם,false,1,32.90,4.8382,true,1,123673
7290111568206,false,ביסלי פארטי מיקס 150,פרו מן יו פתרונות אר,IL,ביסלי פארטי מיקס 24*150גרם,גרמים,150.00,100 גרם,false,1,8.90,5.9333,true,1,124235
7290111568251,false,נודלס אטריות להקפצה,תאי פרזידנטפוד,TH,אסם נודלס אטריות להקפצה 10*350גרם,גרמים,350.00,100 גרם,false,1,9.90,2.8286,true,1,124960
7290111568275,false,נודלס אטריות אורז רח,תאי פרזידנט,TH,אסם נודלס אטריות אורז רחבות 16*300גרם,גרמים,300.00,100 גרם,false,1,9.90,3.3000,true,1,124959
7290111930911,false,חטיף פוף לבבות קלאסי,,IL,מנה חטיף פוף קלאסי לבבות 40 גרם,גרמים,40.00,100 גרם,false,1,3.50,8.7500,true,1,122192
7290111930928,false,חטיף פוף לבבות גריל,,IL,מנה חטיף פוף גריל לבבות 40 גרם,גרמים,40.00,100 גרם,false,1,3.50,8.7500,true,1,122193
7290111932502,false,משחת שיניים אופטיק ו,COLGATE ($) -PALMOLI,MX,"קולגייט אופטיק וויט אקספרט 75 מ""ל",מיליליטרים,75.00,"100 מ""ל",false,1,27.90,37.2000,true,1,126778
7290111933554,true,מאסטר שף עגבניות קוב,פראנו אנריקו ופיגלי,IT,מאסטר שף עגבניות קוביות שלשות 400גר*3,קילוגרמים,1.20,"ק""ג",false,1,15.90,13.2500,true,1,126831
7290111933561,false,תערובת ציפוי נאגטס מ,טסט וסנט קו.לטד,TH,תערובת ציפוי נאגטס מסטרשף 250,גרמים,250.00,100 גרם,false,1,7.90,3.1600,true,1,155671
7290111935824,false,ליידי ספיד סטיק דרמה,CP UK,US,ליידי ספיד סטיק דרמה אומגה 3 - 45 גר,מיליליטרים,45.00,"100 מ""ל",false,1,19.90,44.2222,true,1,145945
7290111936296,true,פלמוליב ארומה סנסייש,COLGATE ($) -PALMOLI,TR,פלמוליב ארומה סנסיישן מסאז 750,Unknown,0.00,Unknown,false,1,21.90,0.0000,true,1,129882
7290111937712,false,קוקי רדיד אלומיניום,קוקי,CN,קוקי רדיד אלומיניום עטוף בנייר אפייה 2 ב,יחידה,1.00,יחידה,false,1,11.90,11.9000,true,1,147317
7290111939143,false,קוקי נייר אפייה עגול,,IL,קוקי נייר אפייה עגול קוטר 28,יחידה,1.00,יחידה,false,1,7.90,7.9000,true,1,147316
7290112002112,false,קולון גל 2.5 ליטר ור,רקיט בנקיזר,IL,ג'ל כביסה קולון בניחוח מאסק 2.5 ליטר,ליטרים,2.50,ליטר,false,1,28.90,11.5600,true,1,146450
7290112004963,false,פיניש אולטימייט קפסו,רקיט בנקיזר,PL,פיניש אולטימייט קפסולות למדיח 25 יח,יחידה,25.00,יחידה,false,1,39.90,1.5960,true,1,160401
7290112005045,false,וניש אבקה חדש לבן 48,רקיט בנקיזר,IT,וניש אבקה חדש לבן 480 גרם,גרמים,480.00,100 גרם,false,1,17.90,3.7292,true,1,160395
7290112005076,false,וניש אבקה חדש ורוד 4,רקיט בנקיזר,IT,וניש אבקה חדש ורוד 480 גרם,גרמים,480.00,100 גרם,false,1,17.90,3.7292,true,1,160394
7290112330352,false,דנונה פרו 20גרם וניל,"שטראוס בריאות בע""מ",IL,דנונה פרו 20 גר וניל 0% שומן,גרמים,200.00,100 גרם,false,1,5.90,2.9500,true,1,129826
7290112330390,false,דנונה פרו 20גרם פירו,"שטראוס בריאות בע""מ",IL,דנונה פרו 20 גר פירות יער 0% שומן,גרמים,200.00,100 גרם,false,1,5.90,2.9500,true,1,129827
7290112330420,false,דנונה פרו לבן 2.9% ש,"שטראוס בריאות בע""מ",IL,דנונה 2.9% שומן 12 גרם חלבון,גרמים,150.00,100 גרם,false,1,4.80,3.2000,true,1,128413
7290112332585,false,פרכיות משולשות תפוא,פרח,IL,פריכיות משולשות-סלק,גרמים,30.00,100 גרם,false,1,5.90,19.6667,true,1,130197
7290112332691,false,עוגיית קרם פסק זמן א,תות תעשיות מזון (201,IL,.עוגיית קרם פסק זמן אגוזים,גרמים,200.00,100 גרם,false,1,11.90,5.9500,true,1,130321
7290112332899,false,בזוקה פופים קלאסי 58,רוג'ר אנד רוג'ר,DE,בזוקה פופים קלאסי 58 ג,גרמים,58.00,100 גרם,false,1,9.90,17.0690,true,1,130323
7290112334749,false,קפה טורקי עלית 200גר,שטראוס קפה בי.וי,IL,עלית טורקי שקית 200 ג 10% תוספת,גרמים,200.00,100 גרם,false,1,15.90,7.9500,true,1,145163
7290112335050,false,מרשמלו וניל 150 גרם,המאפיה של הרמן,IL,מרשמלו וניל 150 גר וועסטהיים,גרמים,150.00,100 גרם,false,1,7.90,5.2667,true,1,129996
7290112335487,false,פריכיות טעימות קצח ו,פרח תעשיות,IL,פריכיות טעימות קצח ודגנים 135 גרם,גרמים,135.00,100 גרם,false,1,13.90,10.2963,true,1,129821
7290112335500,false,פריכיות טעימות חלבון,פרח,IL,פריכיות טעימות חלבון 19,גרמים,135.00,100 גרם,false,1,13.90,10.2963,true,1,129823
7290112336637,false,סוכריות ללס תות אוכמ,מיישקו,PL,סוכריות ללס יוגורט תות אוכמניות,גרמים,80.00,100 גרם,false,1,8.90,11.1250,true,1,147181
7290112336644,false,סוכריות ללס לימון 80,פלזנסקי,PL,סוכריות ללס לימון 80 ג חדש,גרמים,80.00,100 גרם,false,1,8.90,11.1250,true,1,147182
7290112336651,false,סוכריות ללס ריבת חלב,פלזנסקי,PL,סוכריות ללס ריבת חלב 80 ג חדש,גרמים,80.00,100 גרם,false,1,8.90,11.1250,true,1,147183
7290112336712,false,דנונה פרו 21   0%  2,"שטראוס בריאות בע""מ",IL,דנונה פרו 21 גר 0% שומן,גרמים,200.00,100 גרם,false,1,5.90,2.9500,true,1,128984
7290112337474,false,סוכריות ללס פטל לימו,פלזנסקי,PL,סוכריות ללס פטל לימון  80 גר,גרמים,80.00,100 גרם,false,1,8.90,11.1250,true,1,147184
7290112337481,false,סוכריות ללס קפוצינו,פלזנסקי,PL,סוכריות ללס קפוצ'ינו 80 גר' אריזה חדשה,גרמים,80.00,100 גרם,false,1,8.90,11.1250,true,1,147185
7290112338877,false,סקי תות 125 גרם,"שטראוס בריאות בע""מ",IL,סקי תות 125 גרם,גרמים,125.00,100 גרם,false,1,3.90,3.1200,true,1,128107
7290112339362,false,דנונה לייט אנד פריי,שטראוס,IL,דנונה לייט אנד פריי בטעם קפוצינו 150גרם,גרמים,150.00,100 גרם,false,1,4.90,3.2667,true,1,152728
7290112339867,true,גמדים סקוויז  תות 10,שטראוס,IL,גמדים סקוויז  תות 100 גרם,גרמים,100.00,100 גרם,false,1,5.70,5.7000,true,1,150383
7290112339874,true,גמדים סקוויז תות בננ,שטראוס,IL,גמדים סקוויז תות בננה 100,גרמים,100.00,100 גרם,false,1,5.70,5.7000,true,1,150384
7290112340122,false,פריכיות טעימות 3 דגנ,פרח תעשיות,IL,פריכיות טעימות 3 דגנים 135 גרם,גרמים,135.00,100 גרם,false,1,13.90,10.2963,true,1,129824
7290112340245,false,מסטיק מאסט צנצנת דוב,"שטראוס גרופ בע""מ",IL,צנצנת MUST דובדבן 66 גר,גרמים,66.00,100 גרם,false,1,9.90,15.0000,true,1,129438
7290112340252,false,מסטיק מאסט צנצנת אבט,"שטראוס גרופ בע""מ",IL,מסטיק מאסט צנצנת אבטיח מלון 66 גרם,גרמים,66.00,100 גרם,false,1,9.90,15.0000,true,1,129437
7290112340276,false,עוגיית קרם קפה נמס,הגביע מוצרי ופלים בע,IL,פינוקיות קרם קפה נמס,גרמים,200.00,100 גרם,false,1,11.90,5.9500,true,1,130330
7290112340900,false,קפה טורקי האג 200 גר,הנסיך- מפעל לייצור ט,IL,קפה טורקי האג 200 גרם,גרמים,200.00,100 גרם,false,1,29.90,14.9500,true,1,150261
7290112341679,false,אקטיביה  3% 200גרם,מיוצר עי קונדיטוריית,IL,אקטיביה  3% 200ג',גרמים,200.00,100 גרם,false,1,4.20,2.1000,true,1,145677
7290112342102,false,גבינת סימפוניה בצל מ,"שטראוס בריאות בע""מ",IL,סימפוניה בצל מקורמל,גרמים,200.00,100 גרם,false,1,11.90,5.9500,true,1,147233
7290112342195,false,תפוציפס  מקלות 200 ג,"שטראוס פריטו ליי בע""",IL,תפו מקלות טבעי 200 גר 15 יח,גרמים,200.00,100 גרם,false,1,9.90,4.9500,true,1,146883
7290112342508,false,דוריטוס קול ראנצ 70,שטראוס,IL,דוריטוס קול ראנצ 70 גרם,גרמים,70.00,100 גרם,false,1,3.90,5.5714,true,1,160146
7290112343420,false,יטבתה פרו ארוחת בוקר,מחלבת יטבתה,IL,יטבתה פרו ארוחת בוקר 350 מל,מיליליטרים,350.00,"100 מ""ל",false,1,7.40,2.1143,true,1,146513
7290112343499,false,ציטוס פאף 55 גרם,"שטראוס פריטו ליי בע""",IL,צ'יטוס PUFFS בטעם גבינה 55 ג 48 יח,גרמים,55.00,100 גרם,false,1,4.90,8.9091,true,1,155737
7290112343512,false,ציטוס פאף 160 גרם,הנסיך- מפעל לייצור ט,IL,צ'יטוס PUFFS בטעם גבינה 160 ג 9 יח,גרמים,160.00,100 גרם,false,1,9.90,6.1875,true,1,155738
7290112344564,false,רביולי גבינה 400 גר,מיוצר עי קונדיטוריית,IL,רביולי גבינה 400 גר KIDS,גרמים,400.00,100 גרם,false,1,19.90,4.9750,true,1,145690
7290112344724,false,מילקי בטעם שוקולד בל,שטראוס,IL,מילקי בטעם שוקולד בלונדי  170גרם,גרמים,170.00,100 גרם,false,1,3.50,2.0588,true,1,146510
7290112344755,false,מלקי מופחת 26%סוכר 1,מיוצר עי קונדיטוריית,IL,מילקי עם 26% פחות סוכר,גרמים,135.00,100 גרם,false,1,3.00,2.2222,true,1,151802
7290112344786,false,קפה פלטינום קלאסיק 2,הנסיך- מפעל לייצור ט,IL,קפה פלטינום קלאסיק 200 גרם,גרמים,200.00,100 גרם,false,1,27.90,13.9500,true,1,147565
7290112344953,false,גבינת סימפוניה חציל,"שטראוס בריאות בע""מ",IL,סימפוניה חציל קלוי,גרמים,200.00,100 גרם,false,1,11.90,5.9500,true,1,151113
7290112346360,false,בפלות אחת אחת בציפוי,"אינסטנטה בע""מ",GR,בפלות אחת אחת בציפוי שוקולד חלב,גרמים,180.00,100 גרם,false,1,15.90,8.8333,true,1,147189
7290112346773,false,דנונה לייט  וניל עם,מיוצר עי קונדיטוריית,IL,דנונה לייט אנד פרי וניל עם חלבון,גרמים,150.00,100 גרם,false,1,4.90,3.2667,true,1,151972
7290112346797,false,אקטיביה שיבולת שועל,מיוצר עי קונדיטוריית,IL,אקטיביה עם שיבולת שועל ושזיף,Unknown,0.00,Unknown,false,1,4.90,0.0000,true,1,148372
7290112346827,false,אקטימל ויטמין C פטל,שטראוס,IL,אקטימל ויטמין C פטל שמינייה   864 מל,מיליליטרים,864.00,"100 מ""ל",false,1,20.90,2.4190,true,1,151117
7290112347008,false,גמדים ארוחת בוקר תות,"שטראוס בריאות בע""מ",IL,גמדים ארוחת בוקר תות סקוויז,גרמים,100.00,100 גרם,false,1,5.70,5.7000,true,1,146505
7290112348999,false,פריכיות טעימות תירס,פרח,IL,פריכיות טעימות תירס דקות 135 ג,גרמים,135.00,100 גרם,false,1,13.90,10.2963,true,1,151938
7290112349316,false,בזוקה ביג פופים בטעם,רוג'ר אנד רוג'ר,DE,בזוקה ביג פופים בטעם תות 86 גר,גרמים,86.00,100 גרם,false,1,15.90,18.4884,true,1,148503
7290112349606,false,דניאלה תות בננה88גרם,"שטראוס בריאות בע""מ",IL,דניאלה תות בננה,גרמים,88.00,100 גרם,false,1,4.40,5.0000,true,1,156836
7290112349705,false,רוטב עגבניות קלאסי פ,"אינסטנטה בע""מ",IT,רוטב עגבניות קלאסי פומודורו יד מרדכי350ג,גרמים,350.00,100 גרם,false,1,12.90,3.6857,true,1,147443
7290112349736,false,רוטב עגבניות לפסטה ב,אמיליאנה קונסרב סוסי,IT,רוטב עגבניות לפסטה בזיליקום יד מרדכי350ג,גרמים,350.00,100 גרם,false,1,12.90,3.6857,true,1,147444
7290112349750,false,רוטב עגבניות לפיצה 3,יד מרדכי,IL,רוטב עגבניות לפיצה 350 גרם,גרמים,350.00,100 גרם,false,1,12.90,3.6857,true,1,156101
7290112349897,false,מאסט קוביות מנטה  86,רוג'ר אנד רוג'ר,DE,מאסט קוביות מנטה  86 ג וועסטהיים,גרמים,86.00,100 גרם,false,1,15.90,18.4884,true,1,148505
7290112350312,false,קפסולות אספרסו 15 שט,שטראוס קפה בי.וי,IL,קפסולות 15 למכונות NESPRESSO,גרמים,50.00,100 גרם,false,1,16.90,33.8000,true,1,150263
7290112353412,false,פריכיות משולשות-תפוא,פרח,IL,"פריכיות משולשות-תפוא,תירס,אפונה,סלק ומלח",גרמים,30.00,100 גרם,false,1,5.90,19.6667,true,1,150432
7290112353887,false,משקה קפה קר בטעם אגו,האי נאם סי או אל.טי.,AT,"משקה קפה קר בטעם אגוזים 230 מ""ל",מיליליטרים,230.00,"100 מ""ל",false,1,7.90,3.4348,true,1,149190
7290112354174,false,פסטה רוזה דלישס 280ג,"טרופיקל דגיל בע""מ אז",IT,פסטה רוזה דלישס 280גרם,גרמים,280.00,100 גרם,false,1,24.90,8.8929,true,1,155848
7290112354204,false,ספגטי עגבניות  דלישס,"טרופיקל דגיל בע""מ אז",IT,ספגטי עגבניות  דלישס 280 גרם,גרמים,280.00,100 גרם,false,1,24.90,8.8929,true,1,155850
7290112354211,false,פיצה מרגריטה  דלישס,סקרלינפיצה אס. אר. א,IT,פיצה מרגריטה  דלישס 400 גרם,גרמים,400.00,100 גרם,false,1,26.90,6.7250,true,1,155851
7290112354235,false,ברקטה פיצה דלישס 300,סקרלינפיצה אס. אר. א,IT,ברקטה פיצה דלישס 300 גרם,גרמים,300.00,100 גרם,false,1,26.90,8.9667,true,1,155852
7290112354945,false,תפוציפס טבעי 50 גרם,שטראוס פריטו ליי בע”,IL,תפוציפס טבעי 50 גרם wavy,גרמים,50.00,100 גרם,false,1,3.90,7.8000,true,1,160579
7290112354952,false,תפוציפס פפריקה 50 גר,שטראוס,IL,תפוציפס פפריקה 50 גרם wavy,גרמים,50.00,100 גרם,false,1,3.90,7.8000,true,1,160580
7290112354969,false,תפוציפס טבעי 200 גרם,שטראוס,IL,תפוציפס טבעי 200 גרם wavy,גרמים,200.00,100 גרם,false,1,9.90,4.9500,true,1,160577
7290112355027,false,דנונה פרו20 גרם חלבו,"שטראוס בריאות בע""מ",IL,דנונה פרו 20 גרם בטעם קרמל מלוח,גרמים,200.00,100 גרם,false,1,5.90,2.9500,true,1,151800
7290112355102,false,גמדים פאוץ סלט פירות,"שטראוס בריאות בע""מ",IL,סקוויז גמדים לדרך סלט פירות 100 גרם,גרמים,100.00,100 גרם,false,1,5.70,5.7000,true,1,151976
7290112355393,false,רוטב שמנת עם בטטה 25,יטבתה,IL,רוטב שמנת עם בטטה 257 מל,מיליליטרים,257.00,"100 מ""ל",false,1,11.90,4.6304,true,1,160481
7290112355720,false,דנונה WOW קרמל מלוח,"שטראוס בריאות בע""מ",IL,דנונה WOW קרמל מלוח,גרמים,150.00,100 גרם,false,1,4.90,3.2667,true,1,151975
7290112355775,false,גבינת סימפוניה עירית,שטראוס,IL,גבינת סימפוניה עירית 200 גרם,גרמים,200.00,100 גרם,false,1,11.90,5.9500,true,1,159070
7290112355881,false,דנונה לייט תות עם חל,"שטראוס בריאות בע""מ",IL,דנונה לייט תות עם חלבון 150 גרם,גרמים,150.00,100 גרם,false,1,4.90,3.2667,true,1,151973
7290112356536,false,קקאו 150גרם + 10%,הנסיך- מפעל לייצור ט,IL,קקאו 150גרם + 10%,גרמים,150.00,100 גרם,false,1,11.80,7.8667,true,1,149819
7290112358004,false,פסק זמן קראנץ 32גרם,המאפיה של הרמן,TR,פסק זמן קראנץ' 32 גר,גרמים,32.00,100 גרם,false,1,5.90,18.4375,true,1,151445
7290112358127,false,דנונה פרו 20גרם עם מ,"שטראוס בריאות בע""מ",IL,דנונה פרו 20 גר עם מגנזיום,גרמים,200.00,100 גרם,false,1,6.50,3.2500,true,1,151115
7290112358219,false,רוטב צילי מתוק 300 ג,אף.סי תבליני בגליל ב,IL,רוטב צילי מתוק 300 גר יד מרדכי,גרמים,300.00,100 גרם,false,1,14.90,4.9667,true,1,150083
7290112358431,false,עד חצות דאבל 200 גרם,שטראוס,IL,עד חצות דאבל 200 גרם,גרמים,200.00,100 גרם,false,1,14.90,7.4500,true,1,153528
7290112359353,false,קפה טורקי אלדין 200,שטראוס,IL,קפה טורקי אלדין 200 גרם,גרמים,200.00,100 גרם,false,1,22.90,11.4500,true,1,157012
7290112415400,false,עוגיות אלפחורס 280גר,קפולסקי,IL,עוגיות אלפחורס 280גרם,גרמים,280.00,100 גרם,false,1,29.90,10.6786,true,1,151071
7290112490032,true,מרק נמס בכוס תירס 43,יוניליוור ישראל מזון,IL,קנור נמס בכוס מרק תירס 45 גרם,גרמים,43.00,100 גרם,false,1,7.50,17.4419,true,1,126540
7290112490117,false,קליק טבלאות וופל ואג,יוניליוור ישראל מזון,IL,קליק  שוקולד חלב עם וופל ואגוזים 85 גרם,גרמים,85.00,100 גרם,false,1,6.70,7.8824,true,1,124389
7290112490230,true,נמס בכוס אפונה ר.טבע,יוניליוור ישראל מזון,IL,נמס בכוס מרק אפונה - 100% רכיבים טבעיים,גרמים,50.00,100 גרם,false,1,7.50,15.0000,true,1,126544
7290112490650,false,קונפיטורה תות שדה778,קונפיטורות לה-ארדניי,BE,778 קונפיטורת תות שדה 340 גרם,גרמים,340.00,100 גרם,false,1,13.90,4.0882,true,1,126337
7290112490667,false,קונפיטורה משמשים 778,,BE,778 קונפיטורת משמש 340 גרם,גרמים,340.00,100 גרם,false,1,15.90,4.6765,true,1,126340
7290112490674,false,קונפיטורה דובדבנים 7,,BE,778 קונפיטורת דובדבנים 340 גרם,גרמים,340.00,100 גרם,false,1,13.90,4.0882,true,1,126338
7290112490698,false,קונפיטורה תות שדה לי,,BE,קונפיטורה תות שדה לייט 300 גרם,גרמים,300.00,100 גרם,false,1,14.90,4.9667,true,1,126469
7290112490728,false,מרק עשיר ירקות עם בו,יוניליוור ישראל מזון,IL,מרק עשיר ירקות עם בורגול100%רכיבים טבעיי,גרמים,104.00,100 גרם,false,1,12.90,12.4038,true,1,126583
7290112490735,true,מרק עשיר עגבניות עם,יוניליוור ישראל מזון,IL,מרק עשיר עגבניות עם פסטה – 100% רכיבים ט,גרמים,105.00,100 גרם,false,1,12.90,12.2857,true,1,126546
7290112490742,true,מרק עשיר פטריות עם ג,יוניליוור ישראל מזון,IL,מרק עשיר פטריות עם גריסים – 100% רכיבים,גרמים,104.00,100 גרם,false,1,12.90,12.4038,true,1,126547
7290112490759,true,מרק עשיר עוף עם אטרי,יוניליוור ישראל מזון,IL,מרק עשיר עוף עם אטריות – 100% רכיבים טבע,גרמים,74.00,100 גרם,false,1,12.90,17.4324,true,1,126548
7290112490896,true,קנור רוטב צילי חריף,יניליוור ישראל מזון,IL,קנור רוטב צילי חריף 370  גרם,גרמים,370.00,100 גרם,false,1,12.90,3.4865,true,1,127293
7290112491497,false,קנור מרק פטריות  כשל,יונליוור ישראל מזון,IL,קנור מרק פטריות  כשלפ  400 גרם,גרמים,400.00,100 גרם,false,1,24.90,6.2250,true,1,147158
7290112491701,false,בררנפלקס חיטה מלאה ו,יוניליוור ישראל מזון,IL,ברנפלקס חיטה מלאה ושיבולת שועל מלאה375,גרמים,375.00,100 גרם,false,1,25.90,6.9067,true,1,129534
7290112491770,false,בייגלה דקים עם מלח י,בייגל את בייגל מזון,IL,בייגלה דקים עם מלח ים,גרמים,0.00,100 גרם,false,1,11.90,0.0000,true,1,128178
7290112492449,false,פינוק שמפו לשיער רגי,יוניליוור ישראל טיפו,IL,PINUK שמפו 2IN1 700 ML,מיליליטרים,700.00,"100 מ""ל",false,1,12.90,1.8429,true,1,148731
7290112492456,false,פינוק שמפו לשיער יבש,יוניליוור ישראל טיפו,IL,PINUK שמפו 2IN1 700 ML,מיליליטרים,700.00,"100 מ""ל",false,1,12.90,1.8429,true,1,148732
7290112492463,false,פינוק שמפו ומרכך 2ב1,יוניליוור ישראל טיפו,IL,PINUK שמפו 2IN1 700 ML,מיליליטרים,700.00,"100 מ""ל",false,1,12.90,1.8429,true,1,148733
7290112492500,false,פינוק שמפו שמן קוקוס,"יוניליור ישראל, טיפו",IL,PINUK שמפו 2IN1 700 ML,מיליליטרים,700.00,"100 מ""ל",false,1,12.90,1.8429,true,1,148735
7290112492531,true,פינוק מרכך שיער רגיל,יוניליוור ישראל טיפו,IL,PINUK מרכך 700 ML,מיליליטרים,700.00,"100 מ""ל",false,1,12.90,1.8429,true,1,146766
7290112492548,true,פינוק מרכך שיער יבש,יוניליוור ישראל טיפו,IL,PINUK מרכך שיער 700 ML,מיליליטרים,700.00,"100 מ""ל",false,1,12.90,1.8429,true,1,146767
7290112492579,true,פינוק מרכך שמן קוקוס,יוניליוור ישראל טיפו,IL,PINUK מרכך שיער 700 ML,מיליליטרים,700.00,"100 מ""ל",false,1,12.90,1.8429,true,1,148736
7290112492593,true,פינוק תחליב רחצה בני,יוניליוור ישראל טיפו,IL,PINUK סבון נוזלי 700 ML,גרמים,700.00,100 גרם,false,1,12.90,1.8429,true,1,146769
7290112492609,true,פינוק תחליב רחצה לבנ,יוניליוור ישראל טיפו,IL,PINUK סבון נוזלי 700 ML,מיליליטרים,700.00,"100 מ""ל",false,1,12.90,1.8429,true,1,146770
7290112492630,true,פינוק שמפו 3 ב-1 לגב,יוניליוור ישראל טיפו,IL,PINUK סבון נוזלי 700 ML,מיליליטרים,700.00,"100 מ""ל",false,1,12.90,1.8429,true,1,146772
7290112492678,false,פינוק שמפו לשיער רגי,יוניליוור ישראל טיפו,IL,פינוק שמפו לשיער רגיל לנסיעות 100 מל,מיליליטרים,100.00,"100 מ""ל",false,1,5.90,5.9000,true,1,149710
7290112492685,false,פינוק מרכך לשיער רגי,יוניליוור ישראל טיפו,IL,פינוק  מרכך לשיער רגיל לנסיעות 100 מל,מיליליטרים,100.00,"100 מ""ל",false,1,5.90,5.9000,true,1,149709
7290112492692,false,פינוק תחליב רחצה קלא,יוניליוור ישראל טיפו,IL,פינוק תחליב רחצה קלאסי לנסיעות 100 מל,מיליליטרים,100.00,"100 מ""ל",false,1,5.90,5.9000,true,1,149711
7290112492821,false,סיף מטליות לחות לניק,עלבד משואות יצחק בעמ,IL,סיף מטליות לחות לניקוי כללי בניחוח מאסק,יחידה,1.00,יחידה,false,1,12.90,12.9000,true,1,129187
7290112492838,false,סיף מטליות לחות לניק,עלבד משואות יצחק בעמ,IL,סיף מטליות לחות לניקוי כללי בניחוח מרכך,יחידה,1.00,יחידה,false,1,10.90,10.9000,true,1,129186
7290112492944,false,קנור מרק עוף אמיתי כ,יוניליוור ישראל מזון,IL,קנור מרק עוף כשר לפסח 400 גרם,גרמים,400.00,100 גרם,false,1,22.90,5.7250,true,1,147157
7290112492975,false,קנור מרק טעם עוף כשל,יוניליוור ישראל מזון,IL,קנור מרק בטעם עוף כשר לפסח 400 גרם,גרמים,400.00,100 גרם,false,1,16.90,4.2250,true,1,147156
7290112492982,false,קנור מרק פטריות רכיב,יוניליוור ישראל מזון,IL,קנור מרק פטריות 100% רכיבים טבעיים 400 גרם,גרמים,400.00,100 גרם,false,1,21.90,5.4750,true,1,146722
7290112492999,false,קנור מרק טעם עוף 400,יוניליוור ישראל מזון,IL,קנור מרק טעם עוף 400 גרם,גרמים,400.00,100 גרם,false,1,17.50,4.3750,true,1,146721
7290112493088,true,קנור מרק נמס בכוס עד,יוניליוור ישראל מזון,IL,קנור מרק נמס בכוס עדשים   50 גרם- 100% ר,Unknown,0.00,Unknown,false,1,7.50,0.0000,true,1,144910
7290112493293,true,קנור מרק נמס בכוס יר,יוניליוור ישראל מזון,IL,קנור מרק נמס בכוס ירקות 44גרם - 100% רכי,גרמים,44.00,100 גרם,false,1,7.50,17.0455,true,1,144912
7290112493316,true,מרק היום אפונה קנור,יוניליוור ישראל מזון,IL,מרק היום אפונה קנור  117גרם  100% רכיבים,גרמים,117.00,100 גרם,false,1,12.90,11.0256,true,1,144913
7290112493873,false,דג דג - חטיף אפוי עם,בייגל את בייגל מזון,IL,דג דג - חטיף אפוי עם מלח 400 גרם,גרמים,400.00,100 גרם,false,1,14.60,3.6500,true,1,147035
7290112493903,false,ננסים בדצ מעדן קפוא,,IL,"מאגדת ננסים בטעמים תות, לימון, קולה ומשמש",גרמים,87.00,100 גרם,false,1,10.90,12.5287,true,1,144613
7290112493927,false,גלידה קרמיסימו ריבת,,IL,גלידה קרמיסימו ריבת חלב 1.33 ליטר,ליטרים,1.33,ליטר,false,1,26.90,20.2256,true,1,147081
7290112493934,false,גלידה קרמיסימו וניל,,IL,גלידה קרמיסימו וניל צרפתי 1.33 ליטר,ליטרים,1.33,ליטר,false,1,26.90,20.2256,true,1,147080
7290112493965,false,גלידה קרמיסימו מסטיג,,IL,גלידה קרמיסימו מסטיגם 1.33 ליטר,ליטרים,1.33,ליטר,false,1,26.90,20.2256,true,1,147082
7290112494153,false,תיבולית ניחוח צלי 72,יוניליוור ישראל מזון,IL,קנור תיבוליות ניחוח צלי 72 גרם,גרמים,72.00,100 גרם,false,1,10.30,14.3056,true,1,147068
7290112494221,false,קליק שקית ביסקוויט 6,יוניליוור ישראל מזון,IL,קליק   ביסקוויט 65 גרם,גרמים,65.00,100 גרם,false,1,7.90,12.1538,true,1,145892
7290112494238,false,קליק שקית  כדורים חל,יוניליוור ישראל מזון,IL,קליק  קליק כדורים 65 גרם,גרמים,65.00,100 גרם,false,1,7.90,12.1538,true,1,145895
7290112494276,false,קליק שקית  כריות 65,יוניליוור ישראל מזון,IL,קליק  קליק כריות 65 גרם,גרמים,65.00,100 גרם,false,1,7.90,12.1538,true,1,145896
7290112494283,false,קליק שקית  מעורב חום,יוניליוור ישראל מזון,IL,קליק   חום לבן 65 גרם,גרמים,65.00,100 גרם,false,1,7.90,12.1538,true,1,145894
7290112494313,false,קליק שקית קורנפלקס 6,יוניליוור ישראל מזון,IL,קליק  קליק קורנפלקס 65 גרם,גרמים,65.00,100 גרם,false,1,7.90,12.1538,true,1,145899
7290112494351,false,קורנפלקס תלמה 850 גר,יוניליוור שפע ישראל,IL,תלמה  קורנפלקס של אלופים 850 גרם,גרמים,850.00,100 גרם,false,1,21.90,2.5765,true,1,147897
7290112494382,false,קנור פירה ביתי 260 ג,יוניליוור ישראל מזון,IL,פירה בטעם ביתי מוכן ברגע קנור,גרמים,260.00,100 גרם,false,1,14.90,5.7308,true,1,146548
7290112494610,false,קנור רוטב עגבניות פי,קונסורזיו קאסאלאסקו,IT,KNORR רטבים לפסטה 415 GR,גרמים,415.00,100 גרם,false,1,14.90,3.5904,true,1,146370
7290112494795,false,בדין גל לכביסה לבנה,"זוהר דליה, קיבוץ דלי",IL,בדין  ג'ל כביסה כחול 2.5 ליטר,ליטרים,2.50,ליטר,false,1,27.90,11.1600,true,1,145969
7290112494801,false,בדין גל לכביסה לבנה,זוהר דליה,IL,בדין גל לכביסה לבנה וצבעונית בניחוח בדי,ליטרים,2.50,ליטר,false,1,27.90,11.1600,true,1,145968
7290112494993,false,כריות וניל 686 גרם,יוניליוור שפע ישראל,IL,תלמה דגני בוקר כריות וניל 686 גרם,גרמים,686.00,100 גרם,false,1,29.90,4.3586,true,1,145935
7290112495006,false,כריות נוגט 686 גרם,יוניליוור שפע ישראל,IL,תלמה דגני בוקר כריות נוגט 686 גרם,גרמים,686.00,100 גרם,false,1,29.90,4.3586,true,1,145937
7290112495020,false,כריות צוקולדה 686 גר,יוניליוור שפע ישראל,IL,תלמה דגני בוקר כריות צ'וקולדה 686 גרם,גרמים,686.00,100 גרם,false,1,29.90,4.3586,true,1,145938
7290112495037,false,קוקומן כדורים 375 גר,יוניליוור שפע ישראל,IL,קוקומן כדורים 375 גרם,גרמים,375.00,100 גרם,false,1,22.90,6.1067,true,1,145939
7290112495044,false,קוקומן פיצפוצים 375,יוניליור שפע ישראל ב,IL,קוקומן פיצפוצים 375 גרם,גרמים,375.00,100 גרם,false,1,22.90,6.1067,true,1,145940
7290112495105,false,נשנושים חטיף אפוי בט,בייגל את בייגל מזון,IL,נשנושים חטיף אפוי בטעם שמנת בצל 260 גרם,גרמים,260.00,100 גרם,false,1,14.90,5.7308,true,1,146052
7290112495112,false,נשנושים חטיף אפוי בט,בייגל את בייגל מזון,IL,נשנושים חטיף אפוי בטעם זעתר 260 גרם,גרמים,260.00,100 גרם,false,1,14.90,5.7308,true,1,146051
7290112495143,false,נשנושי קרקר קוקטייל,בייגל את בייגל מזון,IL,נשנושי קרקר קוקטייל מלוח 300 גרם,גרמים,300.00,100 גרם,false,1,15.50,5.1667,true,1,146049
7290112495150,false,נשנושי קרקר עיגולים,בייגל את בייגל מזון,IL,נשנושי קרקר עיגולים מלוחים 300 גרם,גרמים,300.00,100 גרם,false,1,15.50,5.1667,true,1,146053
7290112495167,false,נשנושי קרקר משולשי ש,בייגל את בייגל מזון,IL,נשנושי קרקר משולשי שומשום 300 גרם,גרמים,300.00,100 גרם,false,1,15.50,5.1667,true,1,146048
7290112495174,false,נשנושי קרקר קוקטייל,בייגל את בייגל מזון,IL,נשנושי קרקר קוקטייל שומשום 300 גרם,גרמים,300.00,100 גרם,false,1,15.50,5.1667,true,1,146050
7290112495433,false,תלמה דליפקאן 400 גרם,יוניליור שפע ישראל ב,IL,TELMA דגני מבוגרים 400 GR,גרמים,400.00,100 גרם,false,1,25.90,6.4750,true,1,144876
7290112495488,false,קורנפלקס פתיתי תירס,"מולינו ניקולי S.p.A,",IT,תלמה קורנפלקס ללא גלוטן 500 גרם,גרמים,500.00,100 גרם,false,1,22.90,4.5800,true,1,152466
7290112495747,false,רוטב צילי מתוק כ70%,יוניליוור ישראל מזון,IL,קנור רוטב צ'ילי מתוק כ-75% פחות סוכר 340 גרם,גרמים,340.00,100 גרם,false,1,12.90,3.7941,true,1,147096
7290112495754,false,הלמנס אלף האיים  305,יוניליוור ישראל מזון,IL,הלמנ'ס רוטב אלף האיים 305 גרם,גרמים,305.00,100 גרם,false,1,12.90,4.2295,true,1,147097
7290112495761,false,הלמנס אלף האיים לייט,יוניליוור ישראל מזון,IL,הלמנ'ס רוטב אלף האיים לייט 305 גרם,גרמים,305.00,100 גרם,false,1,12.90,4.2295,true,1,147098
7290112495785,false,הלמנס רוטב שום 300 ג,יוניליוור ישראל מזון,IL,הלמנ'ס רוטב שום 300 גרם,גרמים,300.00,100 גרם,false,1,12.90,4.3000,true,1,147099
7290112495815,false,הלמנס רוטב חרדל ודבש,יוניליוור ישראל מזון,IL,הלמנ'ס רוטב חרדל ודבש לייט 305 גרם,גרמים,305.00,100 גרם,false,1,12.90,4.2295,true,1,148625
7290112495822,false,כריות בלאק 686 גרם,יוניליוור שפע ישראל,IL,תלמה דגני בוקר כריות בלאק 686 גרם,גרמים,686.00,100 גרם,false,1,29.90,4.3586,true,1,147242
7290112495921,false,קנור מרק דגש בטעם עו,יוניליוור ישראל מזון,IL,קנור מרק דגש בטעם עוף כשר לפסח 1 קג,קילוגרמים,1.00,"ק""ג",false,1,19.70,19.7000,true,1,147161
7290112495938,false,קרקר 6 דגנים בייגל ב,"מיוצר ע""י קוד יצרן A",IL,B&B חטיפים שונים 250 GR,גרמים,250.00,100 גרם,false,1,9.90,3.9600,true,1,148633
7290112495976,false,פריכיות אורז מצופות,גוד פוד פרודקטס Sp.z,PL,פריכיות אורז מצופות שוקולד חלב מעולה35,גרמים,35.00,100 גרם,false,1,5.90,16.8571,true,1,148635
7290112495983,false,פריכיות אורז מצופות,גוד פוד פרודקטס Sp.z,PL,פריכיות אורז מצופות שוקולד חלב ושבבים39,גרמים,39.00,100 גרם,false,1,5.90,15.1282,true,1,148636
7290112496027,false,אפיכל סירופ בטעם שוק,יוניליוור ישראל מזון,IL,EFICOL קינוחים שונים 580 GR,גרמים,580.00,100 גרם,false,1,15.50,2.6724,true,1,147160
7290112496034,false,אפיכל סירופ בטעם מיי,יוניליוור ישראל מזון,IL,EFICOL קינוחים שונים 580 GR,גרמים,580.00,100 גרם,false,1,15.50,2.6724,true,1,147159
7290112496270,false,פתית ציפס עם תפוחי א,JLM גלובל פודס37 דרך,GB,פתית ציפס עם תפוחי אדמה עגבניות  22 גרם,גרמים,0.00,100 גרם,false,1,4.90,0.0000,true,1,150051
7290112496287,false,פתית ציפס עם בטטה בט,JLM גלובל פודס37 דרך,GB,פתית פתית צ'יפס בטטה בטעם טבעי 21 גר',גרמים,0.00,100 גרם,false,1,4.90,0.0000,true,1,150050
7290112496294,false,פתית ציפס עם אפונה י,JLM גלובל פודס37 דרך,GB,פתית ציפס עם אפונה ירוקה וצהובה 22 גרם,גרמים,0.00,100 גרם,false,1,4.90,0.0000,true,1,150049
7290112496447,false,נמס בכוס טעם עוף אקס,יוניליוור ישראל מזון,IL,קנור נמס בכוס אקסטרה מרק טעם עוף עם אטריות 27 גרם,גרמים,27.00,100 גרם,false,1,4.50,16.6667,true,1,155933
7290112496461,false,נמס בכוס אקסטרה ירקו,יוניליוור ישראל מזון,IL,נמס בכוס מרק אקסטרה ירקות עם המון אטריות,גרמים,32.00,100 גרם,false,1,4.50,14.0625,true,1,156000
7290112496584,false,קליק כריות בלאק לבן,"דרך השוקולד 1, צפת 1",IL,קליק קליק כריות בלאק ושוקולד לבן 65 גרם,גרמים,65.00,100 גרם,false,1,6.90,10.6154,true,1,149749
7290112497000,false,סיף פנטסטיק ניקוי כל,"זוהר דליה, קיבוץ דלי",IL,סיף פנטסטיק ניקוי כללי בניחוח לימון 1 ליטר,ליטרים,1.00,ליטר,false,1,13.90,13.9000,true,1,148720
7290112497123,false,סחלב להכנה 2 שקיות ב,יוניליוור ישראל מזון,IL,קנור סחלב 112 גרם,גרמים,112.00,100 גרם,false,1,12.90,11.5179,true,1,151605
7290112498052,false,פתית ציפס בטטה מארז,JLM גלובל פודס37 דרך,GB,"פתית פתית צ'יפס עם בטטה מארז 4 יחידות, 84 גרם",גרמים,0.00,100 גרם,false,1,15.90,0.0000,true,1,154943
7290112498267,false,פינוק אל סבון לידיים,קוסטר אירוסול ולף סנ,IL,פינוק  אל סבון לידיים בניחוח פינוק קלאסי 950 מל,מיליליטרים,950.00,"100 מ""ל",false,1,12.90,1.3579,true,1,155729
7290112498274,false,פינוק אל סבון לידיים,יוניליוור ישראל טיפו,IL,פינוק  אל סבון לידיים בניחוח לבנדר ווניל 950 מל,מיליליטרים,950.00,"100 מ""ל",false,1,12.90,1.3579,true,1,155726
7290112498281,false,פינוק אל סבון לידיים,יוניליוור ישראל טיפו,IL,פינוק  אל סבון לידיים בתוספת שמן קוקוס 950 מל,מיליליטרים,950.00,"100 מ""ל",false,1,12.90,1.3579,true,1,155728
7290112498298,false,פינוק אל סבון לידיים,קוסטר אירוסול ולף סנ,TR,פינוק אל סבון לידיים בתוספת שמן מרוקאי 950 מל,מיליליטרים,950.00,"100 מ""ל",false,1,12.90,1.3579,true,1,155727
7290112498526,false,פתית ציפס בטטה סגולה,JLM גלובל פודס37 דרך,GB,פתית ציפס בטטה סגולה 22 גרם,גרמים,22.00,100 גרם,false,1,4.90,22.2727,true,1,156044
7290112498748,false,מאגדת 1/5 מיני סולרו,יוניליוור,IL,מאגדת סולרו מיני תות,גרמים,350.00,100 גרם,false,5,26.90,7.6857,true,1,152259
7290112498786,false,מגנום קריספי קר.בננה,יוניליוור,IL,מגנום שלגון מגנום קריספי קרמל בננה 76 גרם,גרמים,76.00,100 גרם,false,1,10.90,14.3421,true,1,152261
7290112498885,false,מאגד גודיז תותים ושו,"גלידת שטראוס בע""מ, ר",IL,מאגד גודיז תותים ושוקלד לבן 235גרם,גרמים,235.00,100 גרם,false,1,26.90,11.4468,true,1,152763
7290112498908,false,מאגדת קורנטו שוקו בנ,יוניליוור,IL,מאגדת קורנטו שוקו בננה 390גרם,גרמים,390.00,100 גרם,false,1,39.50,10.1282,true,1,153543
7290112498915,false,מאגדת מגנום שוקולד ש,"מיוצר ע""י גלידת שטרא",IL,מגנום מאגדת מיני מגנום שקדים מובחרים 5 יחידות,גרמים,250.00,100 גרם,false,1,32.90,13.1600,true,1,153813
7290112498922,false,מאגדת מגנום שוקולד ל,"מיוצר ע""י גלידת שטרא",IL,מגנום מאגדת מיני מגנום לבן 5 יחידות,גרמים,250.00,100 גרם,false,1,32.90,13.1600,true,1,153814
7290112498939,false,בומבה 84גרם,"מיוצר ע""י גלידת שטרא",IL,שטראוס שלגון בומבה בטעם וניל 80 גרם,גרמים,84.00,100 גרם,false,1,9.90,11.7857,true,1,152766
7290112498946,false,ארטיק ילדים קשת בענן,שטראוס גרופ גלידות,IL,ארטיק ילדים קשת בענן 47גרם,גרמים,47.00,100 גרם,false,1,6.90,14.6809,true,1,157123
7290112499080,false,גלידת שרבט עם קוקוס,"מיוצר ע""י גלידת שטרא",IL,גלידת שרבט עם קוקוס 65גרם,גרמים,65.00,100 גרם,false,1,10.90,16.7692,true,1,157122
7290112499097,false,מאגדת מיני מגנום מרי,"מיוצר ע""י גלידת שטרא",IL,מגנום  מאגדת מיני מגנום מריר 5 יחידות,גרמים,240.00,100 גרם,false,1,32.90,13.7083,true,1,157124
7290112499103,false,קורנטו קליק וניל עוג,שטראוס גרופ גלידות,IL,קורנטו קליק וניל עוגיות 72 גרם,גרמים,72.00,100 גרם,false,1,9.90,13.7500,true,1,157725
7290112499110,false,קורנטו קליק שוקולד ח,שטראוס גרופ גלידות,IL,קורנטו קליק שוקולד חזק 72 גרם,גרמים,72.00,100 גרם,false,1,9.90,13.7500,true,1,157726
7290112499127,false,שלגון שמנת בטעם וניל,"מיוצר ע""י גלידת שטרא",IL,מגנום  שלגון גלידה שוקולד לבן ותות 77 גרם,גרמים,77.00,100 גרם,false,1,11.90,15.4545,true,1,157121
7290112499141,false,סולרו וניל ותפוח ירו,שטראוס גרופ גלידות,IL,סולרו וניל ותפוח ירוק 76 גרם,גרמים,74.00,100 גרם,false,1,10.90,14.7297,true,1,157724
7290112499189,false,קרמיסימו חד קרן בטעמ,שטראוס גרופ גלידות,IL,קרמיסימו חד קרן בטעמי וניל תות ובננה 1.3,ליטרים,1.33,ליטר,false,1,23.90,17.9699,true,1,158734
7290112499196,false,קרמיסימו החלב של הקו,שטראוס גרופ גלידות,IL,קרמיסימו החלב של הקורנפלקס 1.33 ליטר,ליטרים,1.33,ליטר,false,1,23.90,17.9699,true,1,158735
7290112499226,false,גלידונית כמה כמה בטע,שטראוס גרופ גלידות,IL,גלידונית כמה כמה בטעמי פיסטוק ובננה 950,מיליליטרים,950.00,"100 מ""ל",false,1,41.90,4.4105,true,1,160581
7290112499455,false,תחליב רחצה פינוק שמן,יוניליוור ישראל טיפו,IL,פינוק תחליב רחצה בתוספת שמן מרוקאי 700 מל,מיליליטרים,700.00,"100 מ""ל",false,1,12.90,1.8429,true,1,155048
7290112499462,false,תחליב רחצה פינוק שמן,יוניליוור ישראל טיפו,IL,פינוק תחליב רחצה בתוספת שמן קוקוס 700 מל,מיליליטרים,700.00,"100 מ""ל",false,1,12.90,1.8429,true,1,154114
7290112499639,false,טילון סופר מגנום וני,"מיוצר ע""י גלידת שטרא",IL,קורנטו מגנום טילון וניל צ'יפ שוקולד 110 גרם,גרמים,110.00,100 גרם,false,1,10.90,9.9091,true,1,147092
7290112499646,false,קורנטו סופר פקאן 108,"מיוצר ע""י גלידת שטרא",IL,קורנטו טילון קורנטו סופר פקאן 108 גרם,גרמים,108.00,100 גרם,false,1,10.90,10.0926,true,1,148426
7290112499677,false,מגנום שוקולד לבן 85,"מיוצר ע""י גלידת שטרא",IL,מגנום  שלגון שוקולד לבן 85 גרם,גרמים,85.00,100 גרם,false,1,11.90,14.0000,true,1,147086
7290112499837,false,מגנום דואט שוקולד עם,"גלידות שטראוס בע""מ,",IL,Magnum יחידתיות 134 ML,גרמים,90.00,100 גרם,false,1,11.90,13.2222,true,1,147087
7290112499844,false,מיני מגנום דואט שוקו,"רחוב החרושת 1, עכו",IL,מגנום מאגדת מיני מגנום דואט שוקולד נוגט 5 יחידות,גרמים,310.00,100 גרם,false,1,32.90,10.6129,true,1,147085
7290112499851,false,מגנום חטיף בטעם בראו,"גלידת שטראוס בע""מ, ר",IL,Magnum יחידתיות 80 ML,גרמים,58.00,100 גרם,false,1,9.90,17.0690,true,1,149451
7290112499905,false,קורנטו קליק מרשמלו 7,"מיוצר ע""י גלידת שטרא",IL,קורנטו טילון קורנטו קליק בטעם מרשמלו 72 גרם,גרמים,72.00,100 גרם,false,1,9.90,13.7500,true,1,149452
7290112499929,false,מגנום שוקולד 85 גרם,"מיוצר ע""י גלידת שטרא",IL,מגנום  שלגון מגנום שוקולד 85 גרם,גרמים,85.00,100 גרם,false,1,11.90,14.0000,true,1,147088
7290112499936,false,מגנום שקדים 85 גרם,"מיוצר ע""י גלידת שטרא",IL,מגנום  שלגון מגנום שקדים 85 גרם,גרמים,85.00,100 גרם,false,1,11.90,14.0000,true,1,147089
7290112499943,false,מיני מגנום קלאסיק שו,"גלידות שטראוס בע""מ,",IL,מיני מגנום קלאסיק שוקולד  250 גרם,גרמים,250.00,100 גרם,false,1,32.90,13.1600,true,1,147084
7290112499981,false,שלגון פסק זמן חום 74,"גלידת שטראוס בע""מ, ר",IL,שלגון פסק זמן חום 74 גרם,גרמים,74.00,100 גרם,false,1,9.90,13.3784,true,1,149537
7290112960856,false,טילון אקסטרים מטבע ש,שוורצקוף& הנקל דיסלד,IL,נסטל.אקסטרים ליבת ריבת חלב ומטבע 18*115ג,גרמים,128.00,100 גרם,false,1,9.90,7.7344,true,1,128758
7290112961181,false,נודלס אטריות אסם אור,מיוצר עי קונדיטוריית,TH,אסם נודלס אטריות אורז דקיקות כלפ 16*300ג,גרמים,300.00,100 גרם,false,1,9.90,3.3000,true,1,127564
7290112961266,false,אסם בייגלה כפיות פיז,,IL,אסם בייגלה כפיות פיזור איטלקי 12*300גרם,גרמים,300.00,100 גרם,false,1,11.90,3.9667,true,1,130070
7290112961372,false,פיטנס חטיפי פריכיות,"פרח תעשיות מזון בע""מ",IL,פיטנס חטיפי פריכיות דקות קינמון12*60ג,גרמים,60.00,100 גרם,false,1,8.90,14.8333,true,1,128070
7290112961440,false,פיטנס בר פריכיות שוק,כרמית,IL,פיטנס בר פריכיות שוקולד מריר 84 גרם,גרמים,84.00,100 גרם,false,1,13.90,16.5476,true,1,149729
7290112961464,false,פיטנס חטיפי פריכיות,"פרח תעשיות מזון בע""מ",IL,פיטנס חטיפי פריכיות דקות מתובלות 12*60ג,גרמים,60.00,100 גרם,false,1,8.90,14.8333,true,1,128069
7290112962003,false,שלגון בשומן צמחי טעם,שוורצקוף& הנקל דיסלד,IL,שלגון בשומן צמחי טעם וניל עוגיות,לא מנהל יחידת מידה,0.00,לא מנהל יחידת מידה,false,1,10.50,0.0000,true,1,128164
7290112962096,false,פתיתים אסם לבבות 400,"אסם השקעות בע""מ",IL,אסם פתיתים לבבות מהדורה 12*400ג,גרמים,400.00,100 גרם,false,1,6.90,1.7250,true,1,127562
7290112962287,false,שווארמה טבעונית טבע,מיוצר עי קונדיטוריית,IL,שווארמה טבעונית טבעול כשלפ  450גרם,גרמים,450.00,100 גרם,false,1,32.90,7.3111,true,1,147243
7290112962737,true,טבעול שניצל מן הצומח,טבעול תעשיות מזון בע,IL,טבעול שניצל מן הצומח עם חלבון6*664ג,גרמים,1.00,100 גרם,false,1,32.90,3290.0000,true,1,127298
7290112962751,false,אוראו שלגון אימפלס 6,שוורצקוף& הנקל דיסלד,IL,אוראו שלגון אימפלס 20*65גרם,גרמים,65.00,100 גרם,false,1,11.50,17.6923,true,1,128763
7290112963321,false,גרטיפי בייגלה שטוח ה,מיוצר עי קונדיטוריית,IL,"גרטיפי בייגלה שטוח הכל לל""ג 300גרם",גרמים,300.00,100 גרם,false,1,15.90,5.3000,true,1,149262
7290112963918,false,פיטנס קרקר דק רוזמרי,אסם,IL,פיטנס קרקר דק רוזמרין 12*140גרם,גרמים,140.00,100 גרם,false,1,12.90,9.2143,true,1,130513
7290112964434,false,אסם רוטב קיסר חדש לס,אסם,IL,אסם רוטב קיסר חדש לסלט 9*295גרם,גרמים,295.00,100 גרם,false,1,11.90,4.0339,true,1,130209
7290112964458,false,אסם רוטב ויניגרט חדש,אסם,IL,אסם רוטב ויניגרט חדש לסלט 9*295גרם,גרמים,295.00,100 גרם,false,1,11.90,4.0339,true,1,130210
7290112964472,false,אסם רוטב שום חדש לסל,אסם,IL,אסם רוטב שום חדש לסלט 9*290גרם,גרמים,290.00,100 גרם,false,1,11.90,4.1034,true,1,130211
7290112964564,false,אסם רוטב אלף האיים ל,אסם,IL,אסם רוטב אלף האיים לייט לסלט חדש 9*310ג,גרמים,295.00,100 גרם,false,1,11.90,4.0339,true,1,130213
7290112964601,false,רוטב בנוסח סצואן אסם,"אסם השקעות בע""מ",IL,אסם רוטב בנוסח סצואן 9*290מל,מיליליטרים,290.00,"100 מ""ל",false,1,13.90,4.7931,true,1,129851
7290112964625,false,אסם רוטב שום לייט חד,אסם,IL,אסם רוטב שום לייט חדש לסלט 9*310גרם,גרמים,310.00,100 גרם,false,1,11.90,3.8387,true,1,130214
7290112964724,false,טבעול המבורגר טבעוני,מיוצר עי קונדיטוריית,IL,טבעול המבורגר טבעוני 6*580גרם,גרמים,580.00,100 גרם,false,1,32.90,5.6724,true,1,130516
7290112965141,false,אסם פתיתים אפויים עם,אסם,IL,אסם פתיתים אפויים עם ירקות 7*130ג,גרמים,130.00,100 גרם,false,1,11.90,9.1538,true,1,147348
7290112965165,true,מרק נמס פטריות   34,אסם,IL,אסם זוג מרק נמס פטריות בדצ14*48גרם,גרמים,34.00,100 גרם,false,1,5.90,17.3529,true,1,144920
7290112965240,true,מרק נמס עגבניות   *,אסם,IL,אסם זוג מרק נמס עגבניות בדצ 12*60גרם,גרמים,88.00,100 גרם,false,1,5.90,6.7045,true,1,144923
7290112965264,true,מרק נמס אפונה   *30,אסם,IL,אסם זוג מרק נמס אפונה בדצ 14*30גרם,גרמים,60.00,100 גרם,false,1,5.90,9.8333,true,1,144924
7290112965288,true,מרק נמס ירקות    30,אסם,IL,אסם זוג מרק נמס ירקות בדצ14*30גרם,גרמים,60.00,100 גרם,false,1,5.90,9.8333,true,1,144925
7290112965301,true,מרק טעם עוף    38גר,אסם,IL,אסם זוג מרק נמס טעם עוף בדצ 10*52גרם,גרמים,38.00,100 גרם,false,1,5.90,15.5263,true,1,144926
7290112965325,false,אסם אורז ספרדי 6*140,,IL,אסם אורז ספרדי 6*140ג,גרמים,140.00,100 גרם,false,1,11.90,8.5000,true,1,147347
7290112965660,false,פיטנס חטיף מולטיגריי,מיוצר עי קונדיטוריית,IL,פיטנס חטיף מולטיגריין מלח פלפל 25גרם,גרמים,25.00,100 גרם,false,1,5.50,22.0000,true,1,151527
7290112965684,false,פיטנס חטיף מולטיגריי,מיוצר עי קונדיטוריית,IL,פיטנס חטיף מולטיגריין עשבי תיבול  25גרם,גרמים,25.00,100 גרם,false,1,5.50,22.0000,true,1,151528
7290112965745,false,ביסלי פריסטייל בצל מ,"אסם השקעות בע""מ",IL,ביסלי פריסטייל בצל מעושן 60 גרם,גרמים,60.00,100 גרם,false,1,4.00,6.6667,true,1,153819
7290112965905,false,אסם בייגלה שמיניות ב,מיוצר עי קונדיטוריית,IL,אסם בייגלה שמיניות במליחות מעודנת12*400ג,גרמים,400.00,100 גרם,false,1,11.90,2.9750,true,1,146627
7290112965943,false,נאגטס ירקות ירוקים ט,טבעול תעשיות מזון בע,IL,טבעול נאגטס ירקות ירוקים 6*500גרם,ליטרים,500.00,ליטר,false,1,31.90,0.0638,true,1,151482
7290112965967,false,נאגטס ירקות כתומים ט,טבעול תעשיות מזון בע,IL,טבעול נאגטס ירקות כתומים 6*500גרם,ליטרים,500.00,ליטר,false,1,32.90,0.0658,true,1,151480
7290112965981,false,טבעול גורמה ארוחת דג,טבעול,IL,טבעול גורמה ארוחת דגנים  450 גרם,גרמים,450.00,100 גרם,false,1,33.90,7.5333,true,1,157063
7290112966001,false,טבעול גורמה ארוחת יר,טבעול,IL,טבעול גורמה ארוחת ירוקים   450 גרם,גרמים,450.00,100 גרם,false,1,33.90,7.5333,true,1,157064
7290112966025,false,אסם בייגלה כפיות כפר,,IL,אסם בייגלה כפיות כפרי טוגו 24*60גרם,גרמים,60.00,100 גרם,false,1,3.70,6.1667,true,1,146620
7290112966094,false,עוגת  הבית תפוז מופח,מיוצר עי קונדיטוריית,IL,עוגת  הבית תפוז מופחתת סוכר 400 גרם,גרמים,400.00,100 גרם,false,1,15.90,3.9750,true,1,147365
7290112966124,false,אסם פתי בר פחות סוכר,מיוצר עי קונדיטוריית,IL,אסם פתי בר פחות סוכר 12*500גרם,גרמים,500.00,100 גרם,false,1,9.90,1.9800,true,1,147364
7290112966247,false,לחמית כוסמין 200 גרם,אסם יקנעם,IL,לחמית כוסמין 200 גרם,גרמים,200.00,100 גרם,false,1,10.90,5.4500,true,1,149734
7290112966445,false,במבה מתוקה 100 גרם,"אסם השקעות בע""מ",IL,במבה מתוקה 100 גרם,גרמים,100.00,100 גרם,false,1,8.90,8.9000,true,1,145777
7290112966728,false,צבר טחינה בלאדי פלפל,שוורצקוף& הנקל דיסלד,IL,צבר טחינה בלאדי פלפלים חריפים 6*350גרם,גרמים,350.00,100 גרם,false,1,16.90,4.8286,true,1,145662
7290112966766,false,צבר טחינה בלאדי חציל,שוורצקוף& הנקל דיסלד,IL,צבר טחינה בלאדי חציל עגבניות ושום6*350ג,גרמים,350.00,100 גרם,false,1,16.90,4.8286,true,1,145660
7290112966780,false,צבר טחינה בלאדי עם ח,שוורצקוף& הנקל דיסלד,IL,צבר טחינה בלאדי עם חציל קלוי 6*350גרם,גרמים,350.00,100 גרם,false,1,16.90,4.8286,true,1,145658
7290112966803,false,אסם פודינג אינסטנט ש,"אסם השקעות בע""מ",IL,אסם פודינג אינסטנט שוקולד  88 גרם,גרמים,88.00,100 גרם,false,1,5.90,6.7045,true,1,146663
7290112966841,false,אסם פודינג בטעם שוקו,מיוצר עי קונדיטוריית,IL,אסם פודינג בטעם שוקולד מריר  90גרם,גרמים,90.00,100 גרם,false,1,5.90,6.5556,true,1,146664
7290112967114,false,פיטנס חטיפי פריכיות,"פרח תעשיות מזון בע""מ",IL,פיטנס חטיפי פריכיות קטניות ופלפל 60 גר,גרמים,60.00,100 גרם,false,1,8.90,14.8333,true,1,149728
7290112967138,false,אסם בייגלה שמיניות ל,מיוצר עי קונדיטוריית,IL,אסם בייגלה שמיניות ללא גלוטן חדש 6*250ג,גרמים,250.00,100 גרם,false,1,14.90,5.9600,true,1,146629
7290112967381,false,פיטנס חטיפי פריכיות,"פרח תעשיות מזון בע""מ",IL,פיטנס חטיפי פריכיות קטניות ומלח ים 60 ג,גרמים,60.00,100 גרם,false,1,8.90,14.8333,true,1,149727
7290112967404,false,רוטב אלף האיים לסלט,,IL,אסם רוטב אלף האיים לסלט כלפ 9*290גרם חדש,מיליליטרים,290.00,"100 מ""ל",false,1,11.90,4.1034,true,1,147932
7290112967510,false,בייבי חליות 90 ג,אסם,IL,בייבי חליות 90 ג,לא מנהל יחידת מידה,0.00,לא מנהל יחידת מידה,false,1,2.50,0.0000,true,1,146106
7290112967534,false,חטיפי תירס טבעול  כ,מיוצר עי קונדיטוריית,IL,חטיפי תירס טבעול  כלשפ  440גרם,גרמים,440.00,100 גרם,false,1,29.90,6.7955,true,1,147244
7290112967572,false,אסם רוטב ברביקיו 290,אסם,IL,אסם רוטב ברביקיו 9*290מל חדש,מיליליטרים,290.00,"100 מ""ל",false,1,12.90,4.4483,true,1,146662
7290112967848,false,אסם גלי תות שדה מופח,מיוצר עי קונדיטוריית,IL,אסם גלי תות שדה מופחת סוכר68גרם,גרמים,68.00,100 גרם,false,1,6.90,10.1471,true,1,146667
7290112968203,false,סלט טחינה בלאדי צבר,שוורצקוף& הנקל דיסלד,IL,סלט טחינה בלאדי צבר 250גרם,גרמים,250.00,100 גרם,false,1,10.90,4.3600,true,1,147575
7290112968340,false,צבר חומוס גרוס גס גס,שוורצקוף& הנקל דיסלד,IL,צבר חומוס גרוס גס גס  400גרם,גרמים,400.00,100 גרם,false,1,14.90,3.7250,true,1,147867
7290112968449,false,סלט כרוב אדום צבר 2,שוורצקוף& הנקל דיסלד,IL,סלט כרוב אדום צבר 250גרם,גרמים,250.00,100 גרם,false,1,10.90,4.3600,true,1,147576
7290112968784,false,טבעול חטיפי כרובית 4,כצט,IL,טבעול חטיפי כרובית 450גרם,גרמים,450.00,100 גרם,false,1,32.90,7.3111,true,1,148378
7290112968807,false,פיטנס קרקר דק סלק 14,מפעל אסם יקנעם,IL,פיטנס קרקר דק סלק 12*140גרם,גרמים,140.00,100 גרם,false,1,12.90,9.2143,true,1,150430
7290112968821,false,פיטנס קרקר דק בטטה 1,מפעל אסם יקנעם,IL,פיטנס קרקר דק בטטה 12*140גרם,גרמים,140.00,100 גרם,false,1,12.90,9.2143,true,1,150431
7290113156753,false,קוצץ ירקות עם ידית מ,,,קוצץ ירקות עם ידית מ,יחידה,1.00,יחידה,false,1,39.90,39.9000,true,1,147717
7290113158634,false,כוס זכוכית כפולה אספ,,,כוס זכוכית כפולה אספ,יחידה,1.00,יחידה,false,1,29.90,29.9000,true,1,151166
7290113158672,false,כוס זכוכית כפולה 350,,,כוס זכוכית כפולה 350,יחידה,1.00,יחידה,false,1,39.90,39.9000,true,1,151168
7290113179684,true,שטיח כניסה לבית 40/6,,,שטיח כניסה לבית 40/6,,0.00,,false,,36.90,0.0000,true,1,160830
7290113192171,false,מיקס אגוזים שקדים וח,דין שיווק,IL,מיקס אגוזים שקדים וחמוציות 150 גרם,גרמים,150.00,100 גרם,false,1,14.90,9.9333,true,1,155448
7290113192300,true,חרוזית מושחר בית הש,בית השיטה,IL,חרוזית מושחר בית השיטה   275גר,יחידה,0.00,יחידה,false,1,10.90,0.0000,true,1,146820
7290113192317,true,טבעות זיתים מושחרים,בית השיטה,IL,טבעות זיתים מושחרים בית השיטה   280גר,גרמים,280.00,100 גרם,false,1,12.90,4.6071,true,1,146821
7290113192324,true,זית ירוק  בית השיטה,הנסיך- מפעל לייצור ט,IL,זית ירוק  בית השיטה  340גר,גרמים,340.00,100 גרם,false,1,9.80,2.8824,true,1,146822
7290113192331,true,זית ירוק גדול בית ה,הנסיך- מפעל לייצור ט,IL,זית ירוק גדול בית השיטה 340גר,גרמים,0.00,100 גרם,false,1,11.90,0.0000,true,1,146823
7290113192348,true,זית ירוק ט.שום בית ה,הנסיך- מפעל לייצור ט,IL,זית ירוק ט.שום בית השיטה 340גר,Unknown,0.00,Unknown,false,1,10.90,0.0000,true,1,146824
7290113192355,true,חרוזית ירוק בית השיט,בית-השיטה עסיס תעשיו,IL,חרוזית ירוק בית השיטה   275גר,גרמים,275.00,100 גרם,false,1,11.90,4.3273,true,1,146825
7290113192362,true,טבעות זיתים ירק בית,הנסיך- מפעל לייצור ט,IL,טבעות זיתים ירק בית השיטה 280גר,גרמים,280.00,100 גרם,false,1,11.90,4.2500,true,1,146826
7290113192379,true,זיתים ירוקים מבוקעים,שוורצקוף& הנקל דיסלד,IL,זיתים ירוקים מבוקעים  בית השיטה 340גר,גרמים,340.00,100 גרם,false,1,9.90,2.9118,true,1,146827
7290113192393,true,קוקטייל זיתים בית ה,בית-השיטה עסיס תעשיו,IL,קוקטייל זיתים בית השיטה 336גר,גרמים,336.00,100 גרם,false,1,12.90,3.8393,true,1,146829
7290113192478,true,מלפפונים במלח 10-12,בית-השיטה עסיס תעשיו,IL,מלפפונים במלח 10-12 בית השיטה 320גר,גרמים,320.00,100 גרם,false,1,9.50,2.9688,true,1,146837
7290113192485,true,מלפפונים בחומץ 10-12,בית-השיטה עסיס תעשיו,IL,מלפפונים בחומץ 10-12בית השיטה  290גר,גרמים,290.00,100 גרם,false,1,9.50,3.2759,true,1,146838
7290113192492,true,מלפפונים בחומץ 17-13,הנסיך- מפעל לייצור ט,IL,מלפפונים בחומץ 17-13בית השיטה  290גר,גרמים,290.00,100 גרם,false,1,11.90,4.1034,true,1,146839
7290113192508,true,מלפפונים במלח 17-13ב,הנסיך- מפעל לייצור ט,IL,מלפפונים במלח 17-13בית השיטה  320גר,גרמים,320.00,100 גרם,false,1,11.90,3.7188,true,1,146840
7290113192515,true,מלפפונים במלח 18 -25,הנסיך- מפעל לייצור ט,IL,מלפפונים במלח 18 -25בית השיטה  320גר,גרמים,0.00,100 גרם,false,1,12.90,0.0000,true,1,146841
7290113192522,true,מלפפונים בחומץ בית ה,הנסיך- מפעל לייצור ט,IL,מלפפונים בחומץ בית השיטה 18-25 290גר,גרמים,290.00,100 גרם,false,1,12.90,4.4483,true,1,146842
7290113192539,true,מלפפונים במלח  7-9 ב,הנסיך- מפעל לייצור ט,IL,מלפפונים במלח  7-9 בית השיטה 320גר,לא מנהל יחידת מידה,0.00,לא מנהל יחידת מידה,false,1,6.90,0.0000,true,1,146843
7290113192546,true,מלפפונים בחומץ 7-9 ב,הנסיך- מפעל לייצור ט,IL,מלפפונים בחומץ 7-9 בית השיטה 290גר,גרמים,290.00,100 גרם,false,1,6.90,2.3793,true,1,146844
7290113192553,true,מלפפונים באלדי 13-17,בית-השיטה עסיס תעשיו,IL,ב.הש.מלפ.מלח.בלדי א2 13-17 12*320ג חדש,גרמים,320.00,100 גרם,false,1,10.90,3.4063,true,1,146845
7290113192560,true,פלפל שיפקה בית השיטה,הנסיך- מפעל לייצור ט,IL,פלפל שיפקה בית השיטה  230גר,גרמים,230.00,100 גרם,false,1,7.50,3.2609,true,1,146846
7290113192577,true,כרוב כבוש בית השיטה,שוורצקוף& הנקל דיסלד,IL,כרוב כבוש בית השיטה 430גר,גרמים,430.00,100 גרם,false,1,8.50,1.9767,true,1,146847
7290113192881,false,טורטיה חיטה מופחתת ק,דין שיווק,IL,טורטיה חיטה מופחתת קלוריות 270 גרם,גרמים,270.00,100 גרם,false,1,9.90,3.6667,true,1,156171
7290113193000,false,פלפל שיפקונית בית הש,שוורצקוף& הנקל דיסלד,IL,פלפל שיפקונית בית השיטה 230  גרם,גרמים,230.00,100 גרם,false,1,11.90,5.1739,true,1,148216
7290113193031,false,זית חרוזית קלמטה בית,שוורצקוף& הנקל דיסלד,IL,זית חרוזית קלמטה בית השיטה 275גרם,גרמים,275.00,100 גרם,false,1,14.90,5.4182,true,1,149224
7290113193888,false,חצילים מוחמצים בית ה,"בית השיטה תעשיות בע""",IL,חצילים מוחמצים בית השיטה 320גרם,גרמים,320.00,100 גרם,false,1,11.90,3.7188,true,1,151483
7290113194298,false,רצועות סלק חמוץ בית,"בית השיטה תעשיות בע""",IL,רצועות סלק חמוץ בית השיטה 215גרם,גרמים,215.00,100 גרם,false,1,8.90,4.1395,true,1,151484
7290113194649,false,מלפפון במלח קוביות ב,בית-השיטה עסיס תעשיו,IL,מלפפון במלח קוביות בית השיטה 320גרם,גרמים,320.00,100 גרם,false,1,11.90,3.7188,true,1,151486
7290113195042,false,מלפפון במלח כבישה בי,שוורצקוף& הנקל דיסלד,IL,מלפפון במלח כבישה ביתיתבית השיטה 750גרם,גרמים,215.00,100 גרם,false,1,33.90,15.7674,true,1,151485
7290113196490,false,פריכיות כוסמת ציה 15,זן - בר,IL,פריכיות כוסמת ציה 150 גרם במליחות עדינה,גרמים,150.00,100 גרם,false,1,11.90,7.9333,true,1,156398
7290113196506,false,פריכיות כוסמת 150 גר,זן - בר,IL,פריכיות כוסמת 150 גרם ללא מלח,גרמים,150.00,100 גרם,false,1,11.90,7.9333,true,1,156396
7290113196513,false,פריכיות כוסמת שקדים,זן - בר,IL,פריכיות כוסמת שקדים 150 גרם במליחות עדינה,גרמים,150.00,100 גרם,false,1,11.90,7.9333,true,1,156399
7290113196780,false,זיתים ירוקים מבוקעים,בית השיטה,IL,זיתים ירוקים מבוקעים באלדי בית השיטה 900,גרמים,900.00,100 גרם,false,1,27.90,3.1000,true,1,156839
7290113198036,false,פקאן מצופה  בטעם קרמ,"דין שיווק וקליה בע""מ",IL,פקאן מצופה  בטעם קרמל 150 גרם,גרמים,150.00,100 גרם,false,1,14.90,9.9333,true,1,155511
7290113198043,false,פקאן מצופה שוקולד וע,דין שיווק,IL,פקאן מצופה שוקולד ועוגיות 150גרם,גרמים,150.00,100 גרם,false,1,14.90,9.9333,true,1,155481
7290113198050,false,פקאן מצופה בייגלה מל,דין שיווק,IL,פקאן מצופה בייגלה מלוח 150גרם,גרמים,150.00,100 גרם,false,1,14.90,9.9333,true,1,155480
7290113198067,false,פקאן מצופה שוקולד לב,"דין שיווק וקליה בע""מ",IL,פקאן מצופה שוקולד לבן 150 גרם,גרמים,150.00,100 גרם,false,1,14.90,9.9333,true,1,155510
7290113198074,false,פקאן מצופה שוקולד שי,דין שיווק,IL,פקאן מצופה שוקולד שיש 150גרם,גרמים,150.00,100 גרם,false,1,14.90,9.9333,true,1,155482
7290113198562,false,סוכריות גומי בטעם תו,טופ גלוב,IL,סוכריות גומי בטעם תות שדה 200גרם,גרמים,200.00,100 גרם,false,1,9.90,4.9500,true,1,155672
7290113198579,false,סוכריות גומי דובונים,טופ גלוב,IL,סוכריות גומי דובונים 200 גרם,גרמים,200.00,100 גרם,false,1,9.90,4.9500,true,1,155673
7290113198586,false,סוכריות גומי מצופות,טופ גלוב,IL,סוכריות גומי מצופות סוכר בטעם אפרסק 200 גרם,גרמים,200.00,100 גרם,false,1,9.90,4.9500,true,1,155674
7290113198593,false,סוכריות גומי מצופות,טופ גלוב,IL,סוכריות גומי מצופות סוכר בטעם בננה 200 גרם,גרמים,200.00,100 גרם,false,1,9.90,4.9500,true,1,155675
7290113198609,false,סוכריות גומי נחשים 2,טופ גלוב,IL,סוכריות גומי נחשים 200 גרם,גרמים,200.00,100 גרם,false,1,9.90,4.9500,true,1,155676
7290113199842,false,מגש אירוח סוכריות גו,דין שיווק,IL,מגש אירוח סוכריות גומי 700 גרם,גרמים,700.00,100 גרם,false,1,32.90,4.7000,true,1,157517
7290113199859,false,מגש אירוח סוכריות גו,דין שיווק,IL,מגש אירוח סוכריות גומי 350 גרם,גרמים,350.00,100 גרם,false,1,16.90,4.8286,true,1,157516
7290113199897,false,סוכריות חמצוצים בטעם,דין שיווק,IL,סוכריות חמצוצים בטעם תות שדה 180 גרם,גרמים,180.00,100 גרם,false,1,9.90,5.5000,true,1,157514
7290113199927,false,סוכריות חמצוצים בטעמ,דין שיווק,IL,סוכריות חמצוצים בטעמי פירות 180 גרם,גרמים,180.00,100 גרם,false,1,9.90,5.5000,true,1,157515
7290113452848,false,קטי גומי אבטיח 200 ג,טופגם,IL,קטי גומי אבטיח 200 גרם,גרמים,200.00,100 גרם,false,1,10.90,5.4500,true,1,158952
7290113452855,false,סוכריות גומי יין ארו,טופגם,IL,סוכריות גומי יין ארוז 200 גרם,גרמים,200.00,100 גרם,false,1,10.90,5.4500,true,1,156264
7290113452862,false,סוכריות גומי נחש מוב,טופגם,IL,סוכריות גומי נחש מוברק ארוז 200 גרם,גרמים,200.00,100 גרם,false,1,10.90,5.4500,true,1,156173
7290113452879,false,סוכריות גומי בננה אר,טופגם,IL,סוכריות גומי בננה ארוז 200 גרם,גרמים,200.00,100 גרם,false,1,10.90,5.4500,true,1,156174
7290113452886,false,סוכריות גומי נחש חמו,טופגם,IL,סוכריות גומי נחש חמוץ ארוז 200 גרם,גרמים,200.00,100 גרם,false,1,10.90,5.4500,true,1,156176
7290113452916,false,סוכריות גומי קולה קט,טופגם,IL,סוכריות גומי קולה קטן ארוז 200 גרם,גרמים,200.00,100 גרם,false,1,10.90,5.4500,true,1,156172
7290113452923,false,סוכריות גומי לב אפרס,טופגם,IL,סוכריות גומי לב אפרסק ארוז 200 גרם,גרמים,200.00,100 גרם,false,1,10.90,5.4500,true,1,156265
7290113452930,false,סוכריות גומי דובי מו,טופגם,IL,סוכריות גומי דובי מוברק ארוז 200 גרם,גרמים,200.00,100 גרם,false,1,10.90,5.4500,true,1,156175
7290113452985,false,קטי תות ממולא 150 גר,טופגם,IL,קטי תות ממולא 150 גרם,גרמים,150.00,100 גרם,false,1,10.90,7.2667,true,1,158953
7290113453050,false,סוכריות גומי תות קטן,טופגם,IL,סוכריות גומי תות קטן מסוכר 200 גרם,גרמים,200.00,100 גרם,false,1,10.90,5.4500,true,1,156267
7290113660076,false,נר נשמה שבועי,,,נר נשמה שבועי,יחידה,1.00,יחידה,false,1,14.90,14.9000,true,1,145994
7290113662605,true,תבניות אלומיניום למא,,,תבניות אלומיניום למא,,0.00,,false,,14.90,0.0000,true,1,160468
7290114151566,false,שמפו לכל סוגי השיער,בוטני,IL,שמפו לכל סוגי השיער בוטני 500 מל,מיליליטרים,500.00,"100 מ""ל",false,1,23.90,4.7800,true,1,154859
7290114151573,false,בוטני שמפו לשיער רגי,אף.סי תבליני בגליל ב,IL,שמפו לשיער רגיל - שמן 500 מל,מיליליטרים,500.00,"100 מ""ל",false,1,23.90,4.7800,true,1,150465
7290114151597,false,בוטני שמפו לשיער רגי,אף.סי תבליני בגליל ב,IL,שמפו לשיער רגיל - יבש  500 מל,מיליליטרים,500.00,"100 מ""ל",false,1,23.90,4.7800,true,1,150474
7290114151603,false,מרכך לכל סוגי השיער,בוטני,IL,מרכך לכל סוגי השיער בוטני 500 מל,מיליליטרים,500.00,"100 מ""ל",false,1,23.90,4.7800,true,1,154860
7290114151610,false,בוטני מרכך לשיער רגי,אף.סי תבליני בגליל ב,IL,מרכך לשיער רגיל -שמן 500 מל,מיליליטרים,500.00,"100 מ""ל",false,1,23.90,4.7800,true,1,150475
7290114151634,false,בוטני מרכך לשיער רגי,אף.סי תבליני בגליל ב,IL,מרכך לשיער רגיל -יבש 500 מל,מיליליטרים,500.00,"100 מ""ל",false,1,23.90,4.7800,true,1,150478
7290114151641,false,בוטני סבון גוף קוקוס,אף.סי תבליני בגליל ב,IL,"סבון גוף משפחתי 500 מ""ל",מיליליטרים,500.00,"100 מ""ל",false,1,23.90,4.7800,true,1,150479
7290114151658,false,בוטני סבון גוף לעור,אף.סי תבליני בגליל ב,IL,"סבון גוף לעור יבש  500 מ""ל",מיליליטרים,500.00,"100 מ""ל",false,1,23.90,4.7800,true,1,150480
7290114151665,false,בוטני סבון ידיים קוק,אף.סי תבליני בגליל ב,IL,סבון ידיים 500 מל,מיליליטרים,500.00,"100 מ""ל",false,1,19.90,3.9800,true,1,150482
7290114152174,false,בוטני סבון ידיים תפו,אף.סי תבליני בגליל ב,IL,סבון ידיים 500 מל,מיליליטרים,500.00,"100 מ""ל",false,1,19.90,3.9800,true,1,150484
7290114152181,false,בוטני סבון גוף תפוז,אף.סי תבליני בגליל ב,IL,"סבון גוף משפחתי 500 מ""ל",מיליליטרים,500.00,"100 מ""ל",false,1,23.90,4.7800,true,1,150481
7290114310215,false,שמנת מתוקה טרה 38%,מילקו תעשיות בעמ,IL,"שמנת מתוקה 38% 250 מ""ל בבקבוק - בד""צ",מיליליטרים,250.00,"100 מ""ל",false,1,6.47,2.5880,true,1,148683
7290114310222,false,חלב מועשר בסידן וויט,מילקו תעשיות בעמ,IL,חלב מועשר בסידן וויטמין D טרה 3% 1.5 ל',ליטרים,1.50,ליטר,false,1,12.90,8.6000,true,1,151012
7290114310239,false,חלב נטול לקטוז 1.5 ל,מילקו תעשיות בעמ,IL,חלב נטול לקטוז מועשר בויטמיןD טרה 2% 1.5,ליטרים,1.50,ליטר,false,1,12.90,8.6000,true,1,151013
7290114310338,false,צפתית מעודנת 5%  צור,משק צוריאל,IL,צפתית מעודנת 5% 225 גרם,גרמים,225.00,100 גרם,false,1,18.90,8.4000,true,1,152924
7290114310550,false,פטה עיזים מעודנת 5%מ,משק צוריאל,IL,בולגרית עיזים מעודנת 16% בגביע - 200 גר',גרמים,200.00,100 גרם,false,1,26.90,13.4500,true,1,153832
7290114310567,false,לאבנה עיזים 5% צוריא,משק צוריאל,IL,לאבנה עיזים 5% צוריאל250 גרם,גרמים,200.00,100 גרם,false,1,16.90,8.4500,true,1,154866
7290114310574,false,גבינת קרם שמנת עיזים,משק צוריאל,IL,גבינת קרם שמנת עיזים 5% 200 גרם,גרמים,200.00,100 גרם,false,1,16.90,8.4500,true,1,153781
7290114310628,false,משקה  וניל עוגיות טר,מילקו תעשיות בעמ,IL,משקה חלב וניל עוגיות 1 ליטר,ליטרים,1.00,ליטר,false,1,13.90,13.9000,true,1,153989
7290114310895,false,מארז 1/8 סימפלי פרוט,טרה,IL,מאגדת שמינייה סימפלי 1.5% שומן מנגו ותות,גרמים,1200.00,100 גרם,false,1,32.90,2.7417,true,1,155808
7290114310901,false,גבינה לבנה 5% 250 גר,טרה,IL,גבינה לבנה 250 גרם 5% ווסטהיים,גרמים,250.00,100 גרם,false,1,4.98,1.9920,true,1,155169
7290114311052,false,מולר סימפלי פרוט מנד,מילקו תעשיות בעמ,IL,מולר סימפלי פרוט מנדרינה 0% 150גרם,גרמים,150.00,100 גרם,false,1,5.50,3.6667,true,1,157246
7290114311069,false,מולר לייט  אקטיב וני,טרה,IL,Muller Active יוגורט BIO מועשר חלבון,גרמים,200.00,100 גרם,false,1,6.50,3.2500,true,1,152236
7290114311076,false,חמאת מולר צהובה עם ש,טרה,IL,חמאת מולר צהובה עם שום 200 גרם,גרמים,200.00,100 גרם,false,1,12.50,6.2500,true,1,158508
7290114311083,false,חמאת מולר צהובה עם מ,טרה,IL,חמאה צהובה עם מלח 200 גרם,גרמים,200.00,100 גרם,false,1,12.50,6.2500,true,1,158507
7290114311106,false,מולר נטורל 1.7% גרנו,טרה,IL,מולר נטורל + 1.7% שומן בתוספת גרנולה וסירופ סילאן,גרמים,177.00,100 גרם,false,1,7.50,4.2373,true,1,156895
7290114311328,false,D חלב נטול לקטוז 2%ט,טרה,IL,D חלב נטול לקטוז 2%טרה מועשר בוויטמין,ליטרים,1.00,ליטר,false,1,8.50,8.5000,true,1,160208
7290114311458,false,Dחלב 3% מועשר וויטמי,טרה,IL,D,ליטרים,1.00,ליטר,false,1,7.90,7.9000,true,1,160267
7290114311496,false,חלב מועשר 1% טרה1 לי,טרה,IL,חלב מועשר 1% טרה1 ליטר,ליטרים,1.00,ליטר,false,1,7.90,7.9000,true,1,160266
7290114600750,false,חטיף אפוי עם פיקורינ,ויטה ויגור,IT,חטיף אפוי עם פיקורינו קו קווים 150 גרם,גרמים,150.00,100 גרם,false,1,11.90,7.9333,true,1,149731
7290114600767,false,חטיף אפוי עם זיתים ו,ויטה ויגור,IT,חטיף אפוי עם זיתים ועגבניות קו קווים150ג,גרמים,150.00,100 גרם,false,1,11.90,7.9333,true,1,149732
7290114603034,false,גרנולה פרי אגוזים צי,"אפקט טבעי בע""מ",IL,גרנולה פרי אגוזים צימוקים וחמוציות 300גר,גרמים,300.00,100 גרם,false,1,14.90,4.9667,true,1,151817
7290114603041,false,גרנולה פרי אגוזים בו,"אפקט טבעי בע""מ",IL,גרנולה פרי אגוזים בוטנים קוקוס חלבון300ג,גרמים,300.00,100 גרם,false,1,14.90,4.9667,true,1,151818
7290114603515,false,רוטב קארי אדום מאסטר,תאי סופרים,TH,מאסטר שף רוטב קארי אדום 340 גרם,גרמים,340.00,100 גרם,false,1,14.90,4.3824,true,1,151238
7290114603522,false,רוטב קארי ירוק מאסטר,תאי סופרים,TH,מאסטר שף רוטב קארי ירוק 340 גרם,גרמים,340.00,100 גרם,false,1,14.90,4.3824,true,1,151239
7290114604871,false,מאסטר שף קוסקוס בינו,דוידוביץ,IL,מאסטר שף קוסקוס בינוני 350 גרם,גרמים,350.00,100 גרם,false,1,6.90,1.9714,true,1,151898
7290114604895,false,מאסטר שף ממרח ספייסי,Remia,NL,מאסטר שף ממרח ספייסי לחיץ 446 גר,גרמים,446.00,100 גרם,false,1,13.90,3.1166,true,1,153644
7290114604901,false,מאסטר שף ממרח שום לח,Remia,NL,מאסטר שף ממרח שום לחיץ 444 גרם,גרמים,444.00,100 גרם,false,1,13.90,3.1306,true,1,153645
7290114604925,false,קרם קוקוס לייט מאסטר,"תאי קוקונאט חברה בע""",TH,קרם קוקוס לייט מאסטר שף 400 מל,מיליליטרים,400.00,"100 מ""ל",false,1,9.90,2.4750,true,1,155959
7290114605557,false,קוקי נייר עטיפה לסנד,כרמל,CN,קוקי- נייר עטיפה לסנדוויץ 80 דף,לא מנהל יחידת מידה,0.00,לא מנהל יחידת מידה,false,1,12.90,0.0000,true,1,153733
7290114605571,false,קוקי  תבניות מתקפלות,כרמל,CN,קוקי  תבניות מתקפלות 5 יח,לא מנהל יחידת מידה,0.00,לא מנהל יחידת מידה,false,1,10.90,0.0000,true,1,153736
7290114606530,false,מאסטר שף רוטב מיונז,Remia,NL,מאסטר שף רוטב מיונז וקטשופ 515 גר,גרמים,515.00,100 גרם,false,1,13.90,2.6990,true,1,153647
7290114606547,false,מאסטר שף מיונז פטריו,Remia,NL,מאסטר שף מיונז פטריות כמהין 242 גרם,גרמים,242.00,100 גרם,false,1,13.90,5.7438,true,1,153646
7290114606554,false,מאסטר שף מיונז לייט,Remia,NL,מאסטר שף מיונז לייט לחיץ 470 גרם,גרמים,470.00,100 גרם,false,1,13.90,2.9574,true,1,153648
7290114606592,false,מאסטר שף סויה מסורתי,קריניציה ויטמינה אס,TH,"מאסטר שף סויה מסורתית 620 מ""ל",מיליליטרים,620.00,"100 מ""ל",false,1,15.90,2.5645,true,1,154848
7290114606608,false,מאסטר שף סויה  דל נת,קריניציה ויטמינה אס,TH,"מאסטר שף סויה  דל נתרן 620  מ""ל",מיליליטרים,620.00,"100 מ""ל",false,1,15.90,2.5645,true,1,154847
7290114607391,false,משחת שיניים לילדים ב,CP UK,MX,"משחת שיניים לילדים בטעם פירות ברבי, 75 מ""ל",מיליליטרים,75.00,"100 מ""ל",false,1,15.90,21.2000,true,1,155724
7290114608695,false,מיונז עם וואסבי מאסט,רמיה סי.וי,NL,מיונז עם וואסבי מאסטר שף 241 גרם,גרמים,241.00,100 גרם,false,1,13.90,5.7676,true,1,155958
7290114720250,false,מטען סוללות USB אוני,,,מטען סוללות USB אוני,יחידה,1.00,יחידה,false,1,69.90,69.9000,true,1,149021
7290114720625,false,מטען נייד למוצרי USB,,,מטען נייד למוצרי USB,יחידה,1.00,יחידה,false,1,79.90,79.9000,true,1,150587
7290114720861,false,FJ-NT600 טרימר לאף ו,,,FJ-NT600 טרימר לאף ו,לא מנהל יחידת מידה,0.00,לא מנהל יחידת מידה,false,1,69.90,0.0000,true,1,153294
7290114720878,false,75w מארז זוג נורות ל,,,75w מארז זוג נורות לבן,יחידה,1.00,יחידה,false,1,29.90,29.9000,true,1,153289
7290115073676,false,מסכות מנתח שחורות 50,מ.פאנג,CN,מסכות מנתח שחורות 50 יח שמחה זה אנחנו,יחידה,1.00,יחידה,false,1,14.90,14.9000,true,1,150215
7290115077131,false,מסכת פנים חדפ ילדים,מ.פאנג,CN,מסכת פנים חדפ ילדים 40 יח צבעוני,יחידה,1.00,יחידה,false,1,8.90,8.9000,true,1,151753
7290115190014,false,סיגריות PPמרלבורו רד,פיליפ מוריס,,סיגריות PPמרלבורו רד חפיסה,יחידה,1.00,יחידה,false,1,36.70,36.7000,false,1,150966
7290115190038,false,סיגריות PPמרלבורו רד,פיליפ מוריס,,סיגריות PPמרלבורו רד סופט חפיסה,יחידה,1.00,יחידה,false,1,34.50,34.5000,false,1,150952
7290115190069,false,סיגריות מרלבורו גולד,פיליפ מוריס,,סיגריות מרלבורו גולד  100פקט,יחידה,1.00,יחידה,false,10,342.00,342.0000,false,1,151570
7290115190076,false,סיגריות מרלבורו גולד,פיליפ מוריס,,סיגריות מרלבורו גולד  100בודד,יחידה,1.00,יחידה,false,1,36.70,36.7000,false,1,151571
7290115190083,false,סיגריות מרלבורו גולד,פיליפ מוריס,,סיגריות מרלבורו גולדPP פאקט,יחידה,1.00,יחידה,false,10,342.00,342.0000,false,1,150940
7290115190090,false,סיגריות מרלבורו גולד,פיליפ מוריס,,סיגריות מרלבורו גולדPP חפיסה,יחידה,1.00,יחידה,false,1,36.70,36.7000,false,1,150939
7290115190151,false,סיגריות מרלבורו טאץP,פיליפ מוריס,,סיגריות מרלבורו טאץPP חפיסה,יחידה,1.00,יחידה,false,1,32.90,32.9000,false,1,150954
7290115190199,false,פרלמנט נייט 100PP חפ,פיליפ מוריס,,פרלמנט נייט 100PP חפיסה,יחידה,1.00,יחידה,false,1,41.70,41.7000,false,1,153384
7290115190212,false,סיגריות פרלמנט בלו 1,פיליפ מוריס,,סיגריות פרלמנט בלו 100PPחפיסה,יחידה,1.00,יחידה,false,1,41.70,41.7000,false,1,150944
7290115190229,false,סיגריות פרלמנט בלוPP,פיליפ מוריס,,סיגריות פרלמנט בלוPP פאקט,יחידה,1.00,יחידה,false,10,382.00,382.0000,false,1,150942
7290115190236,false,סיגריות פרלמנט בלוPP,פיליפ מוריס,,סיגריות פרלמנט בלוPP חפיסה,יחידה,1.00,יחידה,false,1,41.70,41.7000,false,1,150941
7290115190250,false,סיגריות פרלמנט נייטP,פיליפ מוריס,,סיגריות פרלמנט נייטPP חפיסה בודד,יחידה,1.00,יחידה,false,1,41.70,41.7000,false,1,150756
7290115190335,false,ל.מ בלו 100PP חפיסה,פיליפ מוריס,,ל.מ בלו 100PP חפיסה,יחידה,1.00,יחידה,false,1,32.20,32.2000,false,1,153491
7290115190342,false,סיגריות ל.מ בלוPP פא,פיליפ מוריס,,סיגריות ל.מ בלוPP פאקט,יחידה,1.00,יחידה,false,10,302.00,302.0000,false,1,150751
7290115190359,false,ל.מ כחול קצר,פיליפ מוריס,,סיגריות ל.מ בלוPP חפיסה בודד,יחידה,1.00,יחידה,false,1,32.20,32.2000,false,1,150752
7290115190397,false,ל.מ רדPP חפיסה בודד,פיליפ מוריס,,ל.מ רדPP חפיסה בודד סיגריות,יחידה,1.00,יחידה,false,1,32.20,32.2000,false,1,150747
7290115190434,false,סיגריות ל.מ וייבPP ח,פיליפ מוריס,IL,סיגריות ל.מ וייבPP חפיסה בודד,יחידה,1.00,יחידה,false,1,32.20,32.2000,false,1,150758
7290115190496,false,סיגריות נקסט פיין 10,פיליפ מוריס,IL,סיגריות נקסט פיין 100PP חפיסה,יחידה,1.00,יחידה,false,1,31.20,31.2000,false,1,152543
7290115190519,false,סיגריות נקסט פיין חפ,פיליפ מוריס,,סיגריות נקסט פיין חפיסה,יחידה,1.00,יחידה,false,1,31.20,31.2000,false,1,150948
7290115190588,false,סיגריות נקסט אוריגינ,פיליפ מוריס,,סיגריות נקסט אוריגינלPP פאקט,יחידה,1.00,יחידה,false,10,282.00,282.0000,false,1,150938
7290115190595,false,סיגריות נקסט אוריגינ,פיליפ מוריס,,סיגריות נקסט אוריגינלPP חפיסה,יחידה,1.00,יחידה,false,1,31.20,31.2000,false,1,150937
7290115190892,false,סיגריות מרלבורו פיוז,פיליפ מוריס,IL,סיגריות מרלבורו פיוזן קפסולה בודד,יחידה,1.00,יחידה,false,1,27.00,27.0000,false,1,153940
7290115200003,false,אסם פתי בר פינוקי ונ,תאי פרזידנט פוד פאבל,PL,אסם פתי בר פינוקי וניל 220 גרם,גרמים,220.00,100 גרם,false,1,11.90,5.4091,true,1,150063
7290115200676,false,קרמוגית קרמל מלוח200,היינץ צפון אמריקה מק,IL,קרמוגית קרמל מלוח200 גרם,גרמים,200.00,100 גרם,false,1,11.90,5.9500,true,1,152488
7290115201451,false,טבעול גורמה לביבות ב,טבעול,IL,טבעול גורמה לביבות בטטה קארי 455גרם,גרמים,455.00,100 גרם,false,1,33.90,7.4505,true,1,159019
7290115201475,false,טבעול גורמה לביבות כ,טבעול,IL,טבעול גורמה לביבות כרישה  434גרם,גרמים,455.00,100 גרם,false,1,33.90,7.4505,true,1,159020
7290115201550,false,ביסלי קרנבל מיקס 150,פרו מן יו פתרונות אר,IL,ביסלי קרנבל מיקס 24*150גרם,גרמים,150.00,100 גרם,false,1,8.90,5.9333,true,1,150759
7290115201703,false,בסלי ברביקיו 200גרם,מיוצר עי קונדיטוריית,IL,בסלי ברביקיו 200גרם,גרמים,200.00,100 גרם,false,1,7.90,3.9500,true,1,151362
7290115201727,false,בסלי בצל 200גרם,מיוצר עי קונדיטוריית,IL,בסלי בצל 200גרם,גרמים,200.00,100 גרם,false,1,7.90,3.9500,true,1,151361
7290115202236,false,טבעול טופו קרנצים 47,כצט,IL,טבעול טופו קרנצים 470גרם,גרמים,470.00,100 גרם,false,1,32.90,7.0000,true,1,154920
7290115202304,false,אסם נודלס אטריות אור,תאי פרזידנט פוד פאבל,TH,אסם נודלס אטריות אורז מרובעות כשלפ 230 ג,גרמים,230.00,100 גרם,false,1,10.90,4.7391,true,1,152291
7290115202434,false,צבר חומוס עם זעתר 37,צבר,IL,צבר חומוס עם זעתר 375 גרם,גרמים,375.00,100 גרם,false,1,12.90,3.4400,true,1,152726
7290115202687,false,צבר חומוס עם חריף 37,צבר,IL,צבר חומוס עם חריף 375 גרם,גרמים,375.00,100 גרם,false,1,12.90,3.4400,true,1,152727
7290115202762,false,פרפקטו מיני ניוקי טר,Grandi Pastai Italia,IT,פרפקטו מיני ניוקי טריקולור 500 גרם,גרמים,500.00,100 גרם,false,1,13.90,2.7800,true,1,153514
7290115202939,false,מנה חמה רייס נודלס ע,מיוצר עי קונדיטוריית,TH,מנה חמה רייס נודלס עוף פטריות 50 גרם,גרמים,50.00,100 גרם,false,1,8.90,17.8000,true,1,156347
7290115202953,false,מנה חמה רייס נודלס ק,מיוצר עי קונדיטוריית,TH,מנה חמה רייס נודלס קארי צהוב 55 גרם,גרמים,50.00,100 גרם,false,1,8.90,17.8000,true,1,156349
7290115202977,false,מנה חמה רייס נודלס ר,מיוצר עי קונדיטוריית,TH,מנה חמה רייס נודלס רוטב סויה סיני 55 גרם,גרמים,50.00,100 גרם,false,1,8.90,17.8000,true,1,156348
7290115203134,false,פופקו פופקורן במבה 8,"אסם השקעות בע""מ",IL,פופקו פופקורן במבה 80 גרם,גרמים,80.00,100 גרם,false,1,5.90,7.3750,true,1,153823
7290115203172,false,במבה פרו 80גרם,אסם,IL,במבה פרו 80גרם,גרמים,80.00,100 גרם,false,1,5.90,7.3750,true,1,159277
7290115203295,false,פרפקטו פסטה ריציאולי,ניולט פוד ס.פ.א,IT,פרפקטו פסטה ריציאולי מהדורה 500 גרם,גרמים,500.00,100 גרם,false,1,11.90,2.3800,true,1,153406
7290115203486,false,פירורית בטעם ביסלי,קיבוץ עינת,IL,פירורית בטעם ביסלי גריל אסם 200 גרם,גרמים,200.00,100 גרם,false,1,5.90,2.9500,true,1,154779
7290115203806,false,אסם רוטב בסיס לבישול,"אסם השקעות בע""מ",IL,אסם רוטב בסיס לבישול 290 גרם,גרמים,290.00,100 גרם,false,1,13.90,4.7931,true,1,155682
7290115204056,false,אסם קטשופ פחות 56% ס,אסם,IL,אסם קטשופ פחות 56% סוכר 690 גרם,גרמים,690.00,100 גרם,false,1,11.90,1.7246,true,1,152495
7290115204698,false,אסם בייגלה שטוחים שו,אסם,IL,אסם בייגלה שטוחים שומשום בטעם ביסלי 300,גרמים,300.00,100 גרם,false,1,11.90,3.9667,true,1,155249
7290115205176,false,פיטנס קרקר דק כפרי 1,אסם יקנעם,IL,פיטנס קרקר דק כפרי 150 גרם,גרמים,150.00,100 גרם,false,1,12.90,8.6000,true,1,156943
7290115205312,false,קרקר דק פיטנס זיתים,"אסם השקעות בע""מ",IL,קרקר דק פיטנס זיתים 140 גרם,גרמים,140.00,100 גרם,false,1,12.90,9.2143,true,1,157864
7290115205343,false,פייבר 1 555גרם,בטר אנד דיפרנט,US,פייבר 1 555גרם,גרמים,555.00,100 גרם,false,1,29.90,5.3874,true,1,155079
7290115205435,false,צבר לאבנה עם חציל על,צבר,IL,צבר לאבנה עם חציל על האש 220גרם,גרמים,220.00,100 גרם,false,1,17.90,8.1364,true,1,156889
7290115205527,false,פיטנס חטיף מולטגריין,פיטנס,IL,פיטנס חטיף מולטגריין עם עדשים 25 גרם,גרמים,25.00,100 גרם,false,1,5.50,22.0000,true,1,158492
7290115205541,false,פיטנס חטיף מולטיגריי,פיטנס,IL,פיטנס חטיף מולטיגריין עם חומוס 25 גרם,גרמים,25.00,100 גרם,false,1,5.50,22.0000,true,1,158493
7290115205695,false,בצק לפיצה מצונן  ומ,נסטלה סוויס (שוויץ),CH,בצק לפיצה מצונן  ומוכן בונזור  460גרם,גרמים,460.00,100 גרם,false,1,17.90,3.8913,true,1,157921
7290115205978,false,אסם פתי בר אצבעות שו,"ד""ר ג'רארד בע""מ",PL,אסם פתי בר אצבעות שוקולד 180גרם,גרמים,180.00,100 גרם,false,1,11.90,6.6111,true,1,157231
7290115206135,false,טבעול גורמה ארוחת קי,טבעול,IL,טבעול גורמה ארוחת קינואה  450 גרם,גרמים,450.00,100 גרם,false,1,33.90,7.5333,true,1,157065
7290115206890,false,ביסלי המבורגר חדש 70,אסם,IL,ביסלי המבורגר חדש 70גרם,גרמים,70.00,100 גרם,false,1,4.90,7.0000,true,1,159062
7290115207286,false,פרפקטו פסטה ספגטי לל,ניולט,IT,פרפקטו פסטה ספגטי ללא גלוטן 400גרם,גרמים,400.00,100 גרם,false,1,12.90,3.2250,true,1,157775
7290115207347,false,אינסטנט פודינג פירו,"אסם השקעות בע""מ",IL,אינסטנט פודינג פירות יער 80גרם,גרמים,80.00,100 גרם,false,1,5.90,7.3750,true,1,157924
7290115207484,false,צבר חציל על האש  400,צבר,IL,צבר חציל על האש  400גרם,גרמים,360.00,100 גרם,false,1,17.90,4.9722,true,1,156898
7290115207507,false,צבר סלט טורקי 360גרם,צבר,IL,צבר סלט טורקי 360גרם,גרמים,360.00,100 גרם,false,1,17.90,4.9722,true,1,156896
7290115207941,false,סירופ ויטמינציק אננס,בית-השיטה עסיס תעשיו,IL,סירופ ויטמינציק אננס 1 ליטר,ליטרים,1.00,ליטר,false,1,23.90,23.9000,true,1,157021
7290115207989,false,סירופ ויטמינציק לימו,בית-השיטה עסיס תעשיו,IL,סירופ ויטמינציק לימון 1 ליטר,ליטרים,1.00,ליטר,false,1,23.90,23.9000,true,1,157023
7290115208009,false,סירופ ויטמינציק ענבי,בית-השיטה עסיס תעשיו,IL,סירופ ויטמינציק ענבים 1 ליטר,ליטרים,1.00,ליטר,false,1,23.90,23.9000,true,1,157024
7290115208047,false,סירופ ויטמינציק פטל,בית-השיטה עסיס תעשיו,IL,סירופ ויטמינציק פטל 1 ליטר,ליטרים,1.00,ליטר,false,1,23.90,23.9000,true,1,157022
7290115208061,false,ויטמינציק תפוח 1 ליט,בית השיטה עסיס תעשיו,IL,ויטמינציק תפוח 1 ליטר,ליטרים,1.00,ליטר,false,1,23.90,23.9000,true,1,157025
7290115208320,false,אפרופו בטעם ביסלי בצ,אסם,IL,אפרופו בטעם ביסלי בצל 50גרם,גרמים,50.00,100 גרם,false,1,4.90,9.8000,true,1,160586
7290115208566,false,אסם קרמוגית מיניס קר,אסם,IL,אסם קרמוגית מיניס קרם בייגלה 200 גרם,גרמים,200.00,100 גרם,false,1,11.90,5.9500,true,1,159060
7290115208597,false,אסם קרמוגית מיניס קר,אסם,IL,אסם קרמוגית מיניס קרמל מלוח 200 גרם,גרמים,200.00,100 גרם,false,1,11.90,5.9500,true,1,159059
7290115208634,false,אסם קמח רב תכליתי לל,אשבל מזון פונקציונלי,IL,אסם קמח רב תכליתי ללא גלוטן כשלפ 400גרם,גרמים,400.00,100 גרם,false,1,15.90,3.9750,true,1,157248
7290115208801,false,לחמית דבש ואגוזים 19,אסם,IL,לחמית דבש ואגוזים 190 גרם,גרמים,190.00,100 גרם,false,1,10.90,5.7368,true,1,160486
7290115209174,false,במבה אורירית 60גרם,אסם,IL,במבה אורירית 60גרם,גרמים,60.00,100 גרם,false,1,4.90,8.1667,true,1,159278
7290115209358,false,במבה במילוי בראוניז,אסם,IL,במבה במילוי בראוניז 60גרם,גרמים,60.00,100 גרם,false,1,4.90,8.1667,true,1,160583
7290115209372,false,במבה במילוי בראוניז,אסם,IL,במבה במילוי בראוניז 150גרם,גרמים,150.00,100 גרם,false,1,9.90,6.6000,true,1,160584
7290115250503,false,קרקר כוסמין שום ועשב,פת במלח,IL,קרקר כוסמין שום ועשבי תיבול  225 גרם,גרמים,225.00,100 גרם,false,1,21.90,9.7333,true,1,149414
7290115405781,false,פחזניות ממולאות בטעם,תופינים מקבוצת קפולס,IL,פחזניות ממולאות בטעם שוקולד 180 גרם,גרמים,180.00,100 גרם,false,1,15.90,8.8333,true,1,158294
7290115670691,false,גרנולה  אנרגי פירות,אמקו ספול אס. אר.או,CZ,גרנולה  אנרגי פירות יער 400 גרם,גרמים,400.00,100 גרם,false,1,15.90,3.9750,true,1,156927
7290115670707,false,גרנולה אנרגי  שוקולד,אמקו ספול אס. אר.או,CZ,גרנולה אנרגי  שוקולד ואגוזים 400 גרם,גרמים,400.00,100 גרם,false,1,15.90,3.9750,true,1,156926
7290115671339,false,מיני פינוקיות בראוני,תות תעשיות מזון (201,IL,מיני פינוקיות בראוניז בייגל בוטן 180 ג,גרמים,180.00,100 גרם,false,1,11.90,6.6111,true,1,155224
7290115671346,false,מיני פינוקיות טופי ק,תות תעשיות מזון (201,IL,מיני פינוקיות טופי קרמל מלוח 180 ג,גרמים,180.00,100 גרם,false,1,11.90,6.6111,true,1,155225
7290115674712,false,BREADZ קרקר סריראצה,סנו מפעלי ברונוס.,US,BREADZ קרקר סריראצה 170 גרם,גרמים,170.00,100 גרם,false,1,13.90,8.1765,true,1,156684
7290115674743,false,פיתה BREADZ מלח ים 1,סנו מפעלי ברונוס.,US,פיתה BREADZ מלח ים 170 גרם,גרמים,170.00,100 גרם,false,1,13.90,8.1765,true,1,156682
7290115674774,false,BREADZ קרקר קינואה ו,סנו מפעלי ברונוס.,US,BREADZ קרקר קינואה וציה 170 גרם,גרמים,170.00,100 גרם,false,1,13.90,8.1765,true,1,156683
7290115675696,false,קוואקר אגוזים 375 גר,שטראוס,IL,קוואקר אגוזים 375 גרם  Cruesli,גרמים,375.00,100 גרם,false,1,20.90,5.5733,true,1,155080
7290115675702,false,קוואקר פירות 375 גרם,שטראוס,IL,קוואקר פירות 375 גרם  Cruesli,גרמים,375.00,100 גרם,false,1,20.90,5.5733,true,1,155081
7290115675986,false,דנונה בר עם אגוזים מ,"שטראוס בריאות בע""מ",IL,דנונה בר עם אגוזים מקורמלים,גרמים,173.00,100 גרם,false,1,4.80,2.7746,true,1,151971
7290115676037,false,דנונה ריפרש תות דומד,מיוצר עי קונדיטוריית,IL,"דנונה ריפרש תות דומדמניות 250 מ""ל",מיליליטרים,250.00,"100 מ""ל",false,1,5.90,2.3600,true,1,153672
7290115676051,false,משקה אקטיביה עם שש מ,שטראוס,IL,משקה אקטיביה עם שש מתיקות מעודנת 265 מל,מיליליטרים,265.00,"100 מ""ל",false,1,5.90,2.2264,true,1,155811
7290115676082,false,משקה דנונה פרו 20 תו,"שטראוס בריאות בע""מ.",IL,משקה דנונה פרו 20 תות,מיליליטרים,255.00,"100 מ""ל",false,1,6.90,2.7059,true,1,153674
7290115676099,false,משקה דנונה פרו 20 ונ,"שטראוס בריאות בע""מ.",IL,משקה דנונה פרו 20 וניל,מיליליטרים,255.00,"100 מ""ל",false,1,6.90,2.7059,true,1,153673
7290115676273,false,אבקת קקאו 500 גרם +1,שטראוס גרופ,IL,אבקת קקאו 500 גרם +10% תוספת כשלפ,גרמים,500.00,100 גרם,false,1,26.90,5.3800,true,1,157743
7290115676389,false,חרוסת  יד מרדכי 250,פוליבה,IL,חרוסת  יד מרדכי 250 גרם,גרמים,250.00,100 גרם,false,1,16.90,6.7600,true,1,152552
7290115676990,false,תפוציפס מלח חומץ 50,"שטראוס פריטו ליי בע""",IL,תפו SALT & VINEGAR י50 גר 48 יח,גרמים,50.00,100 גרם,false,1,3.90,7.8000,true,1,153053
7290115677089,false,קונפיטורה יד מרדכי ת,"ב.א מזון בע""מ",IL,קונפיטורה יד מרדכי תפוח וקינמון 340 גר,גרמים,340.00,100 גרם,false,1,14.90,4.3824,true,1,155090
7290115677362,false,נודלס טריאקי  דליש,"טרופיקל דגיל בע""מ אז",IL,נודלס טריאקי  דלישס 350גרם,גרמים,350.00,100 גרם,false,1,26.90,7.6857,true,1,155854
7290115677423,false,אורז קארי ירוק חריף,"טרופיקל דגיל בע""מ אז",IL,אורז קארי ירוק חריף,גרמים,350.00,100 גרם,false,1,26.90,7.6857,true,1,155857
7290115677904,false,חומוס פלפלים חריפים,מיוצר עי קונדיטוריית,IL,חומוס פלפלים חריפים 235גרם,גרמים,235.00,100 גרם,false,1,11.90,5.0638,true,1,153838
7290115678222,false,דנונה יווני  1.040,שטראוס,IL,דנונה יווני  1.040   שמינייה,קילוגרמים,1.04,"ק""ג",false,1,26.90,25.8654,true,1,156941
7290115678376,false,מעדן הגולן שוקולד  1,שטראוס,IL,מעדן הגולן שוקולד  125גרם,גרמים,125.00,100 גרם,false,1,3.20,2.5600,true,1,154420
7290115678383,false,מעדן הגולן שוקולד מר,מיוצר עי קונדיטוריית,IL,מעדן הגולן שוקולד מריר 125גרם,גרמים,125.00,100 גרם,false,1,3.20,2.5600,true,1,154419
7290115678598,false,חסה אייברג חיתוך גס,חקלאי,,חסה אייברג חיתוך גס 300 גרם,גרמים,300.00,100 גרם,false,1,13.90,4.6333,true,1,156003
7290115678871,false,שוקולית נוגט 500 גרם,שטראוס,IL,שוקולית נוגט 500 גרם,גרמים,500.00,100 גרם,false,1,15.90,3.1800,true,1,156681
7290115678888,false,שוקולית טופי קרמל 50,שטראוס,IL,שוקולית טופי קרמל 500 גרם,גרמים,500.00,100 גרם,false,1,15.90,3.1800,true,1,156680
7290115679878,false,פיצה מבצק עם סלק דלי,גסטרונומיה פרוסט אס.,IT,פיצה מבצק עם סלק דלישס 320 גרם,גרמים,320.00,100 גרם,false,1,29.90,9.3437,true,1,155860
7290115679885,false,פיצה מבצק עם כרובית,גסטרונומיה פרוסט אס.,IT,פיצה מבצק עם כרובית  320 גרם,גרמים,320.00,100 גרם,false,1,29.90,9.3437,true,1,155861
7290116530109,false,קליק חטיף נוגט בציפו,"טחנת האבן תעשיות בע""",IL,קליק  חטיף נוגט מצופה שוקולד לבן 35 גרם,גרמים,35.00,100 גרם,false,1,5.90,16.8571,true,1,155035
7290116530161,false,תחליב רחצה פינוק שיי,יוניליוור ישראל טיפו,IL,תחליב רחצה פינוק שייק אננס 700 מל,מיליליטרים,700.00,"100 מ""ל",false,1,12.90,1.8429,true,1,155451
7290116530185,false,דגני בוקר דלישקד קרמ,יוניליוור שפע ישראל,IL,תלמה דגני בוקר דלישקד קרמל מלוח 400 גרם,גרמים,400.00,100 גרם,false,1,25.90,6.4750,true,1,155595
7290116530260,false,דגני שוגי קקאו 400גר,יוניליוור שפע ישראל,IL,תלמה דגני בוקר שוגי קקאו 400 גרם,גרמים,400.00,100 גרם,false,1,22.90,5.7250,true,1,154492
7290116530482,false,מאגדת קורנפלקס של אל,פרו מן-יו פתרנות ארי,IL,תלמה מארז קורנפלקס של אלופים 5*30 גרם,גרמים,150.00,100 גרם,false,1,11.90,7.9333,true,1,155596
7290116530895,false,בדין תרסיס למייבש כב,"זוהר דליה, קיבוץ דלי",IL,"בדין תרסיס למייבש כביסה פינוק 500 מ""ל",מיליליטרים,500.00,"100 מ""ל",false,1,19.90,3.9800,true,1,155069
7290116531045,false,דליפקאן כשלפ 350 גרם,"מולינו ניקולי S.p.A,",IT,תלמה דגני בוקר דליפקאן ללא גלוטן 350 גרם,גרמים,350.00,100 גרם,false,1,21.90,6.2571,true,1,157142
7290116531069,false,קנור אבקת מרק בצל רכ,יוניליוור ישראל מזון,IL,קנור  מרק בצל 100% רכיבים טבעיים 225 גרם,גרמים,235.00,100 גרם,false,1,18.90,8.0426,true,1,156801
7290116531076,false,קנור אבקת מרק פטריות,יוניליוור ישראל מזון,IL,קנור  מרק פטריות 100% רכיבים טבעיים 225 גרם,גרמים,235.00,100 גרם,false,1,18.90,8.0426,true,1,156802
7290116531083,false,ברנפלקס טעם דבש עם ש,יוניליוור שפע ישראל,IL,ברנפלקס טעם דבש עם שקדים 400גרם,גרמים,400.00,100 גרם,false,1,25.90,6.4750,true,1,156489
7290116531090,false,דגדג במליחות מעודנת,"דרך השוקולד 1, צפת 1",IL,דגדג במליחות מעודנת 250 גרם,גרמים,250.00,100 גרם,false,1,10.90,4.3600,true,1,156803
7290116531281,false,קליק מיקס 65 גרם,יוניליוור ישראל מזון,IL,קליק  קליק מיקס 65 גרם,גרמים,65.00,100 גרם,false,1,7.90,12.1538,true,1,156318
7290116531311,false,חטיף קליק בלאק&וויט,יוניליוור ישראל מזון,IL,קליק  חטיף קליק בלאק&וויט בציפוי שוקולד לבן 35 גרם,גרמים,35.00,100 גרם,false,1,5.90,16.8571,true,1,158366
7290116531328,false,חטיף קליק בלאק&וויט,יוניליוור ישראל מזון,IL,קליק  חטיף קליק בלאק&וויט בציפוי שוקולד חלב 35 גרם,גרמים,35.00,100 גרם,false,1,5.90,16.8571,true,1,158365
7290116531496,false,דגני קינמונים 375 גר,נאוג'אזיס נווזיס UAB,LT,תלמה קינמונים דגני בוקר  375 גרם,גרמים,375.00,100 גרם,false,1,22.90,6.1067,true,1,160276
7290116531762,false,בדין דפי מרכך למייבש,,US,בדין  דפי מרכך למייבש כביסה ורוד 40 יחידות,יחידה,1.00,יחידה,false,1,18.90,18.9000,true,1,158175
7290116531779,false,בדין דפי מרכך למייבש,,US,בדין  דפי מרכך למייבש כביסה כחול 40 יחידות,יחידה,1.00,יחידה,false,1,18.90,18.9000,true,1,158176
7290116531793,false,הלמנס רוטב קיסר 295,יוניליוור ישראל מזון,IL,הלמנס  רוטב לסלט קיסר 295 גרם,גרמים,295.00,100 גרם,false,1,12.90,4.3729,true,1,156804
7290116531830,false,כריות קינמון 686גרם,יוניליוור שפע ישראל,IL,תלמה כריות  קינמון 686 גרם,גרמים,686.00,100 גרם,false,1,29.90,4.3586,true,1,156491
7290116531854,false,פינוק תחליב רחצה שיי,יוניליוור ישראל טיפו,IL,פינוק תחליב רחצה שייק קיווי 700 מל,מיליליטרים,700.00,"100 מ""ל",false,1,12.90,1.8429,true,1,158177
7290116531885,false,ממרח טבעוני ויגן 500,יוניליוור ישראל מזון,IL,הלמנס  ממרח טבעוני ויגן  500 גרם,גרמים,500.00,100 גרם,false,1,14.90,2.9800,true,1,159404
7290116531939,false,גלידונית תות שדה 638,"גלידת שטראוס בע""מ, ר",IL,קרמיסימו גלידונית גלידה בטעם תות שדה 60 יחידות,גרמים,638.00,100 גרם,false,1,41.90,6.5674,true,1,157722
7290116532011,false,קליק חטיף נוגט 35 גר,אזור התעשייה רמת גבר,IL,קליק  חטיף נוגט 35 גרם,גרמים,35.00,100 גרם,false,1,5.90,16.8571,true,1,157388
7290116532264,false,גודיז פרי אפרסק 300,שטראוס גרופ גלידות,IL,גודיז פרי אפרסק 300 גרם,גרמים,300.00,100 גרם,false,1,26.90,8.9667,true,1,157728
7290116532271,false,גודיז סנדוויץ 270 גר,שטראוס גרופ גלידות,IL,גודיז סנדוויץ 270 גרם,גרמים,270.00,100 גרם,false,1,32.90,12.1852,true,1,157729
7290116532462,false,פיינט קליק שוקולד בנ,"גלידת שטראוס בע""מ, ר",IL,פיינט קליק שוקולד בננה,מיליליטרים,520.00,"100 מ""ל",false,1,24.90,4.7885,true,1,158140
7290116532479,false,פיינט קליק שוקולד לב,"גלידת שטראוס בע""מ, ר",IL,"פיינט קליק שוקולד לבן קרם עוגיות 520 מ""ל",מיליליטרים,520.00,"100 מ""ל",false,1,24.90,4.7885,true,1,158139
7290116532486,false,פיינט קליק וניל קרמל,"גלידת שטראוס בע""מ, ר",IL,פיינט קליק וניל קרמל מלוח,מיליליטרים,520.00,"100 מ""ל",false,1,24.90,4.7885,true,1,158141
7290116532585,false,ברנפלקס קרנצים  דבש,יוניליוור שפע ישראל,IL,ברנפלקס קרנצים  דבש וקינמון  375גרם,גרמים,375.00,100 גרם,false,1,24.90,6.6400,true,1,160275
7290116914527,false,מארז סוכריות על מקל,,CN,מארז סוכריות על מקל 600 גרם,גרמים,600.00,100 גרם,false,1,22.90,3.8167,true,1,158708
7290116930015,false,GO  חטיף חלבון קרמל,תנובה,IL,GO  חטיף חלבון קרמל מלוח חמאת בוטנים 60ג,גרמים,60.00,100 גרם,false,1,12.90,21.5000,true,1,158244
7290116930022,false,GO חטיף חלבון בטעם ק,תנובה,IL,GO חטיף חלבון בטעם קרם עוגיות 60גרם,גרמים,60.00,100 גרם,false,1,12.90,21.5000,true,1,158245
7290116930282,false,ארוחה בקטנה לאבנה עם,תנובה,IL,ארוחה בקטנה לאבנה עם קרקרים 150 גרם,גרמים,150.00,100 גרם,false,1,7.50,5.0000,true,1,159078
7290116930435,false,יוגורט גו סמיך 0% דו,תנובה,IL,יוגורט גו סמיך 0% דובדבן,גרמים,150.00,100 גרם,false,1,5.90,3.9333,true,1,157925
7290116930442,false,SHAKE יופלה בננה מנג,תנובה בעמ,IL,SHAKE יופלה בננה מנגו תפוז גזר וציה 230,מיליליטרים,230.00,"100 מ""ל",false,1,8.90,3.8696,true,1,158684
7290116930459,false,SHAKE יופלה בננה אננ,תנובה,IL,SHAKE יופלה בננה אננס וקוקוס 230 מל,מיליליטרים,230.00,"100 מ""ל",false,1,8.90,3.8696,true,1,158687
7290116930466,false,SHAKE יופלה מנגו בננ,תנובה,IL,SHAKE יופלה מנגו בננה פסיפלורה והל 230 מ,מיליליטרים,230.00,"100 מ""ל",false,1,8.90,3.8696,true,1,158686
7290116930480,false,SHAKE יופלה בננה קיו,תנובה,IL,SHAKE יופלה בננה קיווי תפוח 230 מל,מיליליטרים,230.00,"100 מ""ל",false,1,8.90,3.8696,true,1,158685
7290116930497,false,פלח גבינה כחולה קולק,פיקוס דה אירופה ס.ל.,ES,פלח גבינה כחולה קולקשיין 100  גרם,גרמים,100.00,100 גרם,false,1,15.90,15.9000,true,1,157817
7290116930558,false,משקה תה קר עם חלב בט,תנובה,IL,משקה תה קר עם חלב בטעם צאי קרמל 230מל,מיליליטרים,230.00,"100 מ""ל",false,1,6.90,3.0000,true,1,158692
7290116930565,false,משקה תה קר עם חלב בט,תנובה בעמ,IL,משקה תה קר עם חלב בטעם צאי מסאלה 230מל,מיליליטרים,230.00,"100 מ""ל",false,1,6.90,3.0000,true,1,158693
7290116930626,false,ארוחה בקטנה ציזיקי ע,תנובה,IL,ארוחה בקטנה ציזיקי עם קרקרים 150 גרם,גרמים,150.00,100 גרם,false,1,7.50,5.0000,true,1,159079
7290116930633,false,יולו שוקולד בלונדי ע,תנובה,IL,יולו שוקולד בלונדי עם שברי בייגלה 120 גרם,גרמים,120.00,100 גרם,false,1,5.50,4.5833,true,1,158690
7290116930701,false,GOמעדן חלב בטעם קרמל,תנובה,IL,GOמעדן חלב בטעם קרמל מלוח  120גרם,גרמים,120.00,100 גרם,false,1,4.80,4.0000,true,1,158688
7290116930725,false,BIO מעדן  סויה קוקוס,תנובה,IL,מעדן  סויה BIO קוקוס אלטרנטיב   150 גרם,גרמים,150.00,100 גרם,false,1,4.90,3.2667,true,1,159442
7290116930954,false,יוגורט יופלה  פאי תפ,תנובה,IL,יוגורט יופלה  פאי תפוחים 3% 150 גרם,גרמים,150.00,100 גרם,false,1,4.90,3.2667,true,1,160661
7290116931081,false,מעדן סויה בטעם טופי,תנובה,IL,מעדן סויה בטעם טופי קרמל 125 גרם,גרמים,125.00,100 גרם,false,1,3.90,3.1200,true,1,159441
7290116931104,false,יופלה גו במרקם סמיך,תנובה,IL,יופלה גו במרקם סמיך עם אננס 0%  200גרם,גרמים,200.00,100 גרם,false,1,5.90,2.9500,true,1,159443
7290117261354,false,גבינת ריקוטה יורו 20,באלבן גידה סנאי,TR,גבינת ריקוטה יורו 200 גרם 5%שומן,גרמים,200.00,100 גרם,false,1,10.90,5.4500,true,1,158460
7290117261378,false,גבינת קשקבל לייט 8%,באלבן גידה סנאי,TR,גבינת קשקבל לייט 8% יורו  250גרם,גרמים,250.00,100 גרם,false,1,15.90,6.3600,true,1,158461
7290117261385,false,גבינת פטה לייט  8% י,באלבן גידה סנאי,TR,גבינת פטה לייט  8% יורו  500גרם,גרמים,500.00,100 גרם,false,1,27.90,5.5800,true,1,158462
7290117261705,false,חמאת עיזים יורו 200,באלבן גידה סנאי,TR,חמאת עיזים יורו 200 גרם,גרמים,200.00,100 גרם,false,1,13.90,6.9500,true,1,158427
7290117380178,false,סוויט פוף שוקולד חלב,"טחנת האבן תעשיות בע""",IL,סוויט פוף שוקולד חלב 50 גרם,גרמים,50.00,100 גרם,false,1,5.90,11.8000,true,1,160689
7290117380185,false,סוויט פוף שוקולד חלב,"טחנת האבן תעשיות בע""",IL,סוויט פוף שוקולד חלב ולבן 50 גרם,גרמים,50.00,100 גרם,false,1,5.90,11.8000,true,1,160690
7290117380192,false,פוף חטיף קראנץ גריל,מנה,IL,פוף חטיף קראנץ גריל 60 גרם,גרמים,60.00,100 גרם,false,1,3.50,5.8333,true,1,156913
7290117380208,false,פוף חטיף קראנץ חמוץ,מנה,IL,פוף חטיף קראנץ חמוץ חריף 60 גרם,גרמים,60.00,100 גרם,false,1,3.50,5.8333,true,1,156914
7290117380215,false,פוף חטיף קראנץ טאקו,מנה,IL,פוף חטיף קראנץ טאקו 60 גרם,גרמים,60.00,100 גרם,false,1,3.50,5.8333,true,1,156915
7290117380864,false,סלים דליס  עוגות ברא,הלמה הלום,NL,סלים דליס  עוגות בראוניס אישיות שוקולד 1,גרמים,120.00,100 גרם,false,1,13.90,11.5833,true,1,158296
7290117380871,false,סלים דליס  עוגות ברא,הלמה הלום,NL,סלים דליס  עוגות בראוניס אישיות אוכמניות 120גרם,גרמים,120.00,100 גרם,false,1,13.90,11.5833,true,1,158297
7290117382318,false,חטיף  סלים דליס פרו,andros snc,IT,חטיף  סלים דליס פרו  מצופה שוקולד מריר 6,גרמים,60.00,100 גרם,false,1,12.90,21.5000,true,1,159082
7290117382325,false,חטיף  סלים דליס פרו,andros snc,IT,חטיף  סלים דליס פרו  מצופה שוקולד חלב  6,גרמים,60.00,100 גרם,false,1,12.90,21.5000,true,1,159081
7290117382332,false,חטיף  סלים דליס פרו,andros snc,IT,חטיף  סלים דליס פרו  מצופה שוקולד עוגיות,גרמים,60.00,100 גרם,false,1,12.90,21.5000,true,1,159083
7290117750001,true,לפתנית מתכלה,,,לפתנית מתכלה,,0.00,,false,,6.90,0.0000,true,1,160396
7290117821367,false,ביצת הפתעה פלסטיק עם,שמחה,IL,ביצת הפתעה פלסטיק עם סוכריות קשות 10ג S טרקטור,גרמים,10.00,100 גרם,false,1,6.90,69.0000,true,1,159052
7290117821374,false,ביצת הפתעה פלסטיק עם,שמחה,IL,ביצת הפתעה פלסטיק עם סוכריות קשות 10ג S פוני,גרמים,10.00,100 גרם,false,1,6.90,69.0000,true,1,159054
7290117821381,false,ביצת הפתעה פלסטיק עם,שמחה,IL,ביצת הפתעה פלסטיק עם סוכריות קשות 10ג S קפיץ,גרמים,10.00,100 גרם,false,1,6.90,69.0000,true,1,159055
7290117821398,false,ביצת הפתעה פלסטיק עם,שמחה,IL,ביצת הפתעה פלסטיק עם סוכריות קשות 10ג S כבאית,גרמים,10.00,100 גרם,false,1,6.90,69.0000,true,1,159053
7290117821404,false,ביצת הפתעה פלסטיק עם,שמחה,IL,ביצת הפתעה פלסטיק עם סוכריות קשות 10ג S,גרמים,10.00,100 גרם,false,1,6.90,69.0000,true,1,159049
7290117821411,false,ביצת הפתעה פלסטיק עם,שמחה,IL,ביצת הפתעה פלסטיק עם סוכריות קשות 10ג S דינוזאור,גרמים,10.00,100 גרם,false,1,6.90,69.0000,true,1,159050
7290117821435,false,ביצת הפתעה פלסטיק עם,שמחה,IL,ביצת הפתעה פלסטיק עם סוכריות קשות 10ג S חד קרן,גרמים,10.00,100 גרם,false,1,6.90,69.0000,true,1,159051
7290117821442,false,ביצת הפתעה פלסטיק עם,שמחה,IL,ביצת הפתעה פלסטיק עם סוכריות קשות 20ג L כדורגל,גרמים,20.00,100 גרם,false,1,8.90,44.5000,true,1,159058
7290117821459,false,ביצת הפתעה פלסטיק עם,שמחה,IL,ביצת הפתעה פלסטיק עם סוכריות קשות 20ג L דינוזאור,גרמים,20.00,100 גרם,false,1,8.90,44.5000,true,1,159056
7290117821466,false,ביצת הפתעה פלסטיק עם,שמחה,IL,ביצת הפתעה פלסטיק עם סוכריות קשות 20ג L חיות חווה,גרמים,20.00,100 גרם,false,1,8.90,44.5000,true,1,159057
7290118420378,false,אסם פתי בר פינוקים ת,אסם,IL,אסם פתי בר פינוקים תותים בשמנת 220 גרם,גרמים,220.00,100 גרם,false,1,11.90,5.4091,true,1,160582
7290118420477,false,אסם בייגלה שטוחים בט,אסם,IL,אסם בייגלה שטוחים בטעם ביסלי בצל 300ג,גרמים,300.00,100 גרם,false,1,11.90,3.9667,true,1,160587
7290118420514,false,אינסטנט פודינג נוגט,"אסם השקעות בע""מ",IL,אינסטנט פודינג נוגט 75גרם,גרמים,75.00,100 גרם,false,1,5.90,7.8667,true,1,160482
7290612381030,true,וופל גלילית בולירו ק,,,וופל גלילית בולירו ק,,0.00,,false,,19.90,0.0000,true,1,160197
7291008092286,true,דקל נור יחידה 400 גר,,,דקל נור יחידה 400 גרם,גרמים,400.00,100 גרם,false,1,12.90,3.2250,true,1,150060
7296021004711,false,שקית זילוף 30סמ לעוג,,,שקית זילוף 30סמ לעוגה,יחידה,1.00,יחידה,false,1,10.90,10.9000,true,1,71824
7296021121517,false,תבנית פאי גבוהה תחתי,,,תבנית פאי גבוהה תחתית מתפרקת,יחידה,1.00,יחידה,false,1,34.90,34.9000,true,1,110158
7296021121531,false,"תבנית פאי 24 ס""מ",,,"תבנית פאי 24 ס""מ",יחידה,1.00,יחידה,false,1,24.90,24.9000,true,1,121304
7296021121548,false,תבנית פאי תחתית מתפר,,,תבנית פאי תחתית מתפרקת,יחידה,1.00,יחידה,false,1,31.90,31.9000,true,1,119059
7296021121562,false,תבנית אינגליש,,,תבנית אינגליש,יחידה,1.00,יחידה,false,1,31.90,31.9000,true,1,120130
7296021131394,false,"סכין מולטי 1.5 ס""מ",,,"סכין מולטי 1.5 ס""מ",יחידה,1.00,יחידה,false,1,19.90,19.9000,true,1,112052
7296021133541,false,מצקת נירוסטה ידית שח,KIS CHINA,CN,מצקת נירוסטה ידית שחורה נעמן  בייסיק ידי,יחידה,1.00,יחידה,false,1,23.90,23.9000,true,1,114139
7296021133558,false,כף מסננת ידית שחורה,KIS CHINA,CN,כף מסננת ידית שחורה נעמן  בייסיק ידית שח,יחידה,1.00,יחידה,false,1,21.90,21.9000,true,1,114140
7296021133565,false,תרווד מחורץ ידית שחו,KIS CHINA,CN,תרווד מחורץ ידית שחורה נעמן  בייסיק ידית,יחידה,1.00,יחידה,false,1,16.90,16.9000,true,1,116905
7296021133572,false,כף ספגטי ידית שחורה,,,כף ספגטי ידית שחורה נעמן  בייסיק ידית שח,יחידה,1.00,יחידה,false,1,16.90,16.9000,true,1,119069
7296021133589,false,כף מחורצת ידית שחורה,KIS CHINA,CN,כף מחורצת ידית שחורה נעמן  בייסיק ידית ש,יחידה,1.00,יחידה,false,1,16.90,16.9000,true,1,114141
7296021133596,false,כף בישול ידית שחורה,KIS CHINA,CN,כף בישול ידית שחורה נעמן  בייסיק ידית שח,יחידה,1.00,יחידה,false,1,16.90,16.9000,true,1,114142
7296021133602,false,"מועך תפו""א ידית שחור",KIS CHINA,CN,"מועך תפו""א ידית שחורה נעמן  בייסיק ידית",יחידה,1.00,יחידה,false,1,16.90,16.9000,true,1,115767
7296021133619,true,כף הגשה קטנה ידית שח,,,כף הגשה קטנה ידית שחורה נעמן  בייסיק ידי,יחידה,1.00,יחידה,false,1,16.90,16.9000,true,1,114143
7296021133633,false,כף פריזיאן ידית שחור,KIS CHINA,CN,כף פריזיאן ידית שחורה נעמן  בייסיק ידית,יחידה,1.00,יחידה,false,1,9.90,9.9000,true,1,116906
7296021133640,false,גלגלת פיצה ידית שחור,KIS CHINA,CN,גלגלת פיצה גדולה ידית שחורה נעמן  בייסיק,יחידה,1.00,יחידה,false,1,14.90,14.9000,true,1,114145
7296021133664,false,קולפן Y ידית שחורה נ,KIS CHINA,CN,קולפן Y ידית שחורה נעמן  בייסיק ידית שחו,יחידה,1.00,יחידה,false,1,10.90,10.9000,true,1,113234
7296021133671,false,סכין מריחה ידית שחור,KIS CHINA,CN,סכין למריחה ידית שחורה נעמן  בייסיק ידית,יחידה,1.00,יחידה,false,1,10.90,10.9000,true,1,119070
7296021133695,false,מגרדת ידית שחורה נעמ,,,מגרדת ידית שחורה נעמן  בייסיק ידית שחורה,יחידה,1.00,יחידה,false,1,10.90,10.9000,true,1,116908
7296021133701,false,קישואן זוקיני ידית ש,KIS CHINA,CN,קישואן זוקיני ידית שחורה נעמן  בייסיק יד,יחידה,1.00,יחידה,false,1,10.90,10.9000,true,1,116909
7296021133718,false,מטרפה ידית שחורה נעמ,KIS CHINA,CN,מטרפה ידית שחורה נעמן  בייסיק ידית שחורה,יחידה,1.00,יחידה,false,1,12.90,12.9000,true,1,114146
7296021133725,false,סקין גבינות ידית שחו,KIS CHINA,CN,סכין גבינות ידית שחורה נעמן  בייסיק ידית,יחידה,1.00,יחידה,false,1,10.90,10.9000,true,1,119904
7296021133732,false,כף עוגה ידית שחורה,KIS CHINA,CN,כף עוגה ידית שחורה נעמן  בייסיק ידית שחו,יחידה,1.00,יחידה,false,1,11.90,11.9000,true,1,114147
7296021133749,false,מסננת קטנה ידית שחור,KIS CHINA,CN,מסננת קטנה ידית שחורה נעמן  בייסיק ידית,יחידה,1.00,יחידה,false,1,9.90,9.9000,true,1,114148
7296021137075,false,"סכין שף 20 ס""מ",,,"סכין שף 20 ס""מ",יחידה,1.00,יחידה,false,1,59.90,59.9000,true,1,121690
7296021137181,false,סכין לחם 19 סמ נעמן,,,סכין לחם 19 סמ נעמן,יחידה,1.00,יחידה,false,1,17.90,17.9000,true,1,145730
7296021137860,false,חותך רצועות כרוב,,,חותך רצועות כרוב קולפנים,יחידה,1.00,יחידה,false,1,18.90,18.9000,true,1,126959
7296021146442,false,תבנית CS לאפיה קפיץ,,,"תבנית קפיץ 28 ס""מ לאפיה",יחידה,1.00,יחידה,false,1,49.90,49.9000,true,1,120135
7296021146572,false,תבנית לאפיה לפיצה 3*,,,"תבנית לאפיה לפיצה 3*30 ס""מ",יחידה,1.00,יחידה,false,1,24.90,24.9000,true,1,124119
7296021147227,false,"סכין שף חלקה 23 ס""מ",,,"סכין שף חלקה 23 ס""מ",יחידה,1.00,יחידה,false,1,211.90,211.9000,true,1,147377
7296021148439,true,סכומון מחולק 36*27 ס,,,סכומון מחולק פלסטיק,יחידה,1.00,יחידה,false,1,31.90,31.9000,true,1,121545
7296021148446,true,כף גלידה,,,כף גלידה,יחידה,1.00,יחידה,false,1,6.90,6.9000,true,1,120385
7296021148453,true,פעמון עוגה 14.5*34 ס,,,פעמון עוגה פלסטיק,יחידה,1.00,יחידה,false,1,29.90,29.9000,true,1,120137
7296021152221,true,סוחט לימון ידני פלסט,,,סוחט לימון ידני פלסטיק,יחידה,1.00,יחידה,false,1,8.90,8.9000,true,1,128673
7296021160875,false,מספריים למטבח עם מגנ,,,מספריים למטבח עם מגנט דיספליי 12  מספריים,יחידה,1.00,יחידה,false,1,21.90,21.9000,true,1,145907
7296021170645,true,פותחן  יין מלצרים תו,,,פותחן  יין מלצרים תוכי  אביזרי מטבח,יחידה,1.00,יחידה,false,1,15.90,15.9000,true,1,128488
7296021170676,false,פותחן שימורים  פרפר,KIS CHINA,CN,פותחן שימורים  פרפר ידית שחורה  אביזרי מטבח,יחידה,1.00,יחידה,false,1,31.90,31.9000,true,1,145924
7296021170805,false,מסחטת תפוז 23*9 אלומ,,,מסחטת תפוז 23*9 אלומניום  אביזרי מטבח,יחידה,1.00,יחידה,false,1,39.90,39.9000,true,1,145926
7296021170836,false,מערוך עץ 30*50  אביז,,,מערוך עץ 30*50  אביזרי מטבח,יחידה,1.00,יחידה,false,1,29.90,29.9000,true,1,129540
7296021177224,true,קוצץ פורס וחותך,,,קוצץ פורס וחותך,יחידה,1.00,יחידה,false,1,99.90,99.9000,true,1,128814
7296021179044,false,מגרדת זסטר ידית שחור,,,מגרדת זסטר ידית שחורה  מגרדות זסטר,יחידה,1.00,יחידה,false,1,29.90,29.9000,true,1,145905
7296021180224,false,תבנית סיליקון למאפינ,,,תבנית סיליקון למאפינס 12 שקעים,יחידה,1.00,יחידה,false,1,51.90,51.9000,true,1,148510
7296021183881,false,מאג זכוכית ידית אפור,,,"מאג זכוכית חסינת חום 400 מ""ל",יחידה,1.00,יחידה,false,1,14.90,14.9000,true,1,145343
7296021184154,false,כלי פח במבוק לבן,,,כלי פח במבוק לבן,יחידה,1.00,יחידה,false,1,30.90,30.9000,true,1,147382
7296021191367,false,קרחון עם מכסה,,,קרחון עם מכסה,יחידה,1.00,יחידה,false,1,12.90,12.9000,true,1,145740
7296021262890,false,"סכין מולטי 1.5 ס""מ",,,סכין מולטי,יחידה,1.00,יחידה,false,1,19.90,19.9000,true,1,155097
7296021263934,true,כף הגשה מחורצת עץ,,,כף הגשה מחורצת עץ,,0.00,,false,,24.90,0.0000,true,1,159942
7296021268335,false,פרייבט שף - מארז מגב,,,פרייבט שף  מארז מגבות 40/60 סמ ירוק כות,יחידה,1.00,יחידה,false,1,28.90,28.9000,true,1,149264
7296021273162,false,סט שישיית סכינים לחי,,,סט שישיית סכינים לחיתוך ירקות אדום,יחידה,1.00,יחידה,false,1,14.90,14.9000,true,1,156857
7296021273254,false,מארז מגבות 40/60 סמ,,,מארז מגבות 40/60 סמ תכלת כותנה 100%,יחידה,1.00,יחידה,false,1,28.90,28.9000,true,1,158512
7296021273261,false,מארז מגבות 40/60 סמ,,,מארז מגבות 40/60 סמ סגול כותנה 100%,יחידה,1.00,יחידה,false,1,28.90,28.9000,true,1,158495
7296021273650,false,סט שישיית סכינים לחי,,,סט שישיית סכינים לחיתוך ירקות שחור,יחידה,1.00,יחידה,false,1,14.90,14.9000,true,1,156858
7296021669514,false,מגרדת 4 צדדים,,,מגרדת מרובעת עומדת 4 צדדים נעמן  אביזרי,יחידה,1.00,יחידה,false,1,26.90,26.9000,true,1,110173
7296051101602,true,"צנצנת זכוכית 750 מ""ל",,,"צנצנת זכוכית 750 מ""ל",,0.00,,false,,17.90,0.0000,true,1,160561
7296073372158,true,פטריות שמפניון צמד ח,,,פטריות שמפניון צמד ח,,0.00,,false,,18.90,0.0000,true,1,160205
7296073431862,true,מאפין שוקו וניל,גדרון,IL,מאפין שוקו וניל,גרמים,500.00,100 גרם,false,1,18.90,3.7800,true,1,153548
7296073431879,true,מאפין שוקו צ יפס,גדרון,IL,מאפין שוקו צ יפס,גרמים,500.00,100 גרם,false,1,18.90,3.7800,true,1,153550
7296073431886,true,מאפין שוקולד,גדרון,IL,מאפין שוקולד,גרמים,500.00,100 גרם,false,1,18.90,3.7800,true,1,153549
7296073431893,true,מאפין אגוזים 550גר-ג,גדרון,IL,מאפין אגוזים 550גר-גדרון,גרמים,500.00,100 גרם,false,1,18.90,3.7800,true,1,152175
7296073431909,true,עוגת תפוח עץ,,,עוגת תפוח עץ,גרמים,500.00,100 גרם,false,1,18.90,3.7800,true,1,152306
7296073431916,true,עוגת מאפין תפוז,,,עוגת מאפין תפוז,גרמים,500.00,100 גרם,false,1,18.90,3.7800,true,1,152307
7296073432081,true,עוגת מוס גידרון,,,עוגת מוס גידרון,,0.00,,false,,69.90,0.0000,true,1,160245
7296073444190,true,ברוקולי ארוז יח,,,ברוקולי ארוז יח,,0.00,,false,,14.90,0.0000,true,1,160589
7296079000116,false,שעועית מש,בראל,,שעועית מש,יחידה,0.50,יחידה,false,1,10.00,20.0000,true,1,80277
7296079000758,true,קינואה אדומה 500 גרם,,,קינואה אדומה 500 גרם,,0.00,,false,,12.90,0.0000,true,1,159088
7296079000772,true,ציה 200 גרם,,,ציה 200 גרם,,0.00,,false,,12.90,0.0000,true,1,160574
7296082000035,false,ביצים ביו אומגה L יח,המכון למיון ושיווק ב,IL,ביצה פלוס אומגה L 6,לא מנהל יחידת מידה,0.00,לא מנהל יחידת מידה,false,1,14.90,0.0000,true,1,8186
7296082000080,false,ביצי חופש,המכון למיון ושיווק ב,IL,ביצי רמות השבים חופש 12,לא מנהל יחידת מידה,0.00,לא מנהל יחידת מידה,false,1,19.90,0.0000,true,1,56384
7296082000134,false,ביצים 12 גדול  L,המכון למיון ושיווק ב,IL,ביצי רמות השבים 12 L,יחידה,1.00,יחידה,false,1,12.05,12.0500,true,1,58494
7296082000141,false,תריסר ביצים M,המכון למיון ושיווק ב,IL,ביצי רמות השבים 12 M,יחידה,1.00,יחידה,false,1,11.15,11.1500,true,1,76300
7296082000165,false,ביצים אורגניות,המכון למיון ושיווק ב,IL,ביצי רמות השבים אורגני 12,לא מנהל יחידת מידה,0.00,לא מנהל יחידת מידה,false,1,22.90,0.0000,true,1,56322
7296150000028,false,עלי גפן ממולאים באור,אקמר,,עלי גפן ממולאים באורז 425 גרם,גרמים,425.00,100 גרם,false,1,10.90,2.5647,true,1,58449
7297488097995,false,גרנולה דבש דגש 250 ג,תגלית הטעם,IL,בריאות וטבע גרנולה דבש 250 גרם,גרמים,250.00,100 גרם,false,1,15.90,6.3600,true,1,85480
7297488098015,false,גרנולה קרנצי שוקו דג,תגלית הטעם,IL,גרנולה קרנצי שוקו דגש 250 גרם,גרמים,250.00,100 גרם,false,1,15.90,6.3600,true,1,85482
7297488098152,false,קמח חומוס דגש 500 גר,אף. סי תבליני הגליל,IL,דוכן גן שמואל קמח חומוס 500 גרם,גרמים,500.00,100 גרם,false,1,16.90,3.3800,true,1,79297
7297488098169,false,קמח תירס ללא גלוטן 5,תבליני העליון 2007 ב,IL,קמח תירס ללא גלוטן 500 גרם,גרמים,500.00,100 גרם,false,1,9.80,1.9600,true,1,77135
7297488098176,false,קמח סויה ללא גלוטן ד,אף.סי. תבליני הגליל,IL,דוכן גן שמואל קמח סויה 500 גרם,גרמים,500.00,100 גרם,false,1,10.50,2.1000,true,1,84753
7297488098183,false,קמח אורז ללא גלוטן 5,תבליני העליון 2007 ב,IL,דוכן גן שמואל קמח אורז 500 גרם,גרמים,500.00,100 גרם,false,1,11.90,2.3800,true,1,84464
7297488098190,false,קמח אורז מלא ללא גלו,אף.סי תבליני בגליל ב,IL,דוכן גן שמואל קמח אורז מלא 500 גרם,גרמים,500.00,100 גרם,false,1,14.90,2.9800,true,1,84465
7297488098213,false,קמח קינואה ללא גלוטן,תבליני העליון 2007 ב,IL,דוכן גן שמואל קמח קינואה 500 גרם,גרמים,500.00,100 גרם,false,1,27.90,5.5800,true,1,84735
7297488098220,false,קמח תפוח אדמה ללא גל,תבליני העליון 2007 ב,IL,דוכן גן שמואל קמח תפוחי אדמה 500 גרם,גרמים,500.00,100 גרם,false,1,11.90,2.3800,true,1,84466
7297488098282,false,אבקת מרק בטעם עוף 50,אף.סי. תבליני הגליל,IL,בריאות וטבע אבקת מרק בטעם עוף 500 גרם,גרמים,500.00,100 גרם,false,1,21.90,4.3800,true,1,84471
7297488098299,false,קמח טפיוקה ללא גלוטן,אף סי תבליני הגליל ב,IL,דוכן גן שמואל קמח טפיוקה 500 גרם,גרמים,500.00,100 גרם,false,1,10.90,2.1800,true,1,84472
7297488098305,false,קמח שקדים דגש 250 גר,תבליני העליון 2007 ב,IL,דוכן גן שמואל קמח שקדים 500 גרם,גרמים,250.00,100 גרם,false,1,27.90,11.1600,true,1,84859
7297488098398,true,קסנטאן - גן 300 גרם,אף.סי תבליני הגליל ב,IL,קסנטאן - גן 300 גרם,גרמים,300.00,100 גרם,false,1,35.90,11.9667,true,1,124435
7297488098688,true,פצפוצי אורז מלא ללא,תירפז בעמ,IL,פצפוצי אורז מלא ללא תוספת סוכר ומלח,גרמים,450.00,100 גרם,false,1,23.90,5.3111,true,1,124436
7297488099753,false,עוגיות בטעם שוקולד ו,תגלית הטעם,IL,עוגיות בטעם שוקולד וקוקוס 250 גרם,גרמים,250.00,100 גרם,false,1,27.90,11.1600,true,1,123361
7297488099760,true,עוגיות בטעם חלבה 250,תגלית הטעם,IL,בריאות וטבע עוגיות מובחרות עם חלווה 250 גרם,גרמים,250.00,100 גרם,false,1,27.90,11.1600,true,1,124437
7297488099777,true,עוגיות בטעם קאשיו 25,תגלית הטעם,IL,בריאות וטבע עוגיות מובחרות עם קשיו 250 גרם,גרמים,250.00,100 גרם,false,1,27.90,11.1600,true,1,124438
7297488099784,false,עוגיות בטעם קינמון,תגלית הטעם,IL,בריאות וטבע עוגיות מובחרות עם קינמון 250 גרם,גרמים,250.00,100 גרם,false,1,27.90,11.1600,true,1,123362
7297488099821,false,גרנולה ללא תוספת סוכ,תגלית הטעם,IL,בריאות וטבע גרנולה 250 גרם,גרמים,250.00,100 גרם,false,1,16.90,6.7600,true,1,123363
7297488099890,false,משו משו פרוסות בסגנו,ויגרדן,,משו משו פרוסות בסגנון קלאסי 9% 200 גרם,גרמים,200.00,100 גרם,false,1,19.90,9.9500,true,1,126405
7297488099906,false,משו משו פרוסות בסגנו,ויגרדן,,משו משו פרוסות בסגנון קלאסי 18% 200 גרם,גרמים,200.00,100 גרם,false,1,19.90,9.9500,true,1,119984
7297488099951,false,משו משו מלוחה 5% 250,ויגרדן,,משו משו מלוחה 5% 250 גרם,גרמים,250.00,100 גרם,false,1,19.90,7.9600,true,1,119983
7297488099968,false,משו משו מלוחה 16% 25,ויגרדן,,משו משו מלוחה 16% 250 גרם,גרמים,250.00,100 גרם,false,1,19.90,7.9600,true,1,126406
7297488199590,false,"פצפוצי אורז לל""ג 450",תירפז בעמ,IL,פצפוצי אורז לבן תפוח,גרמים,450.00,100 גרם,false,1,23.90,5.3111,true,1,123358
7297488199606,false,"פצפוצי אורז קל לל""ג",פ.פ.ח. שאביט,IL,פצפוצי אורז לבן תפוח,גרמים,450.00,100 גרם,false,1,23.90,5.3111,true,1,123359
7297488199620,false,פצפוצי אורז מלא דגש,תירפז,,פצפוצי אורז מלא דגש 450 גרם,גרמים,450.00,100 גרם,false,1,22.90,5.0889,true,1,98602
7297488199682,false,קמח כוסמת דגש,תות תעשיות מזון (201,IL,דוכן גן שמואל קמח קינואה 500 גרם,גרמים,500.00,100 גרם,false,1,15.90,3.1800,true,1,124405
7297488199781,true,קניידלך דגש,דולפין ספא,IL,קניידלMIX תערובת להכנת קניידלך מקמח תפוחי אדמה,Unknown,0.00,Unknown,false,1,19.90,0.0000,true,1,138301
7297603008998,false,מטרפה נירוסטה 30 סמ,,,מטרפה נירוסטה 30 סמ,יחידה,1.00,יחידה,false,1,10.90,10.9000,true,1,154232
7297603010328,false,בקבוק אקרילי 500 מל,,,בקבוק אקרילי 500 מל,יחידה,1.00,יחידה,false,1,39.90,39.9000,true,1,160280
7297603011097,false,קערת עירבוב נירוסטה,,,קערת עירבוב נירוסטה,יחידה,2.00,יחידה,false,1,19.90,9.9500,true,1,153740
7297603011103,false,קערת עירבוב נירוסטה,,,קערת עירבוב נירוסטה,יחידה,2.00,יחידה,false,1,29.90,14.9500,true,1,160281
7297603011110,false,קערת עירבוב נירוסטה,,,קערת עירבוב נירוסטה,יחידה,1.00,יחידה,false,1,27.90,27.9000,true,1,153742
7297603011370,false,כף טיגון מחוררת עשוי,,,כף טיגון מחוררת עשוי,יחידה,1.00,יחידה,false,1,16.90,16.9000,true,1,160282
7297603011387,false,כף טיגון מחוררת אליפ,,,כף טיגון מחוררת אליפ,יחידה,1.00,יחידה,false,1,15.50,15.5000,true,1,160283
7297603011394,false,כף הגשה אליפסה עשויה,,,כף הגשה אליפסה עשויה,יחידה,1.00,יחידה,false,1,14.90,14.9000,true,1,160284
7297603011400,false,כף הגשה מרובעת עשויה,,,כף הגשה מרובעת עשויה,יחידה,1.00,יחידה,false,1,14.90,14.9000,true,1,160285
7297603011462,false,מצקת מנירוסטה,,,מצקת מנירוסטה,יחידה,1.00,יחידה,false,1,19.90,19.9000,true,1,160291
7297603013473,false,משטח עגול להגשה מעץ,,,משטח עגול להגשה מעץ,יחידה,1.00,יחידה,false,1,37.90,37.9000,true,1,160292
7297603013664,false,גלגלת לחיתוך פיצה מק,,,גלגלת לחיתוך פיצה מק,יחידה,1.00,יחידה,false,1,25.90,25.9000,true,1,160294
7297603014104,false,כף טיגון עכביש נירוס,,,כף טיגון עכביש נירוס,יחידה,1.00,יחידה,false,1,16.90,16.9000,true,1,160297
7297603014388,false,מלקחיים סיליקון 22 ס,,,מלקחיים סיליקון 22 ס,יחידה,1.00,יחידה,false,1,19.90,19.9000,true,1,155292
7297603015606,false,קרש חיתוך עץ אקשיה ע,,,קרש חיתוך עץ אקשיה ע,יחידה,1.00,יחידה,false,1,49.90,49.9000,true,1,156115
7297603015705,false,קרש חיתוך ללחם מעץ ב,,,קרש חיתוך ללחם מעץ ב,יחידה,1.00,יחידה,false,1,39.90,39.9000,true,1,156125
7297603015767,false,כף עץ מחוררת במבוק 3,,,כף עץ מחוררת במבוק 3,יחידה,1.00,יחידה,false,1,11.90,11.9000,true,1,156130
7297603015774,false,כף עץ מחוררת במבוק 3,,,כף עץ מחוררת במבוק 3,יחידה,1.00,יחידה,false,1,11.90,11.9000,true,1,156131
7297603015781,false,כף עץ במבוק 30 סמ,,,כף עץ במבוק 30 סמ,יחידה,1.00,יחידה,false,1,12.90,12.9000,true,1,156132
7297603015798,false,כף עץ לפסטה במבוק 30,,,כף עץ לפסטה במבוק 30,יחידה,1.00,יחידה,false,1,11.90,11.9000,true,1,156133
7297603015804,false,כף עץ מחוררת במבוק 3,,,כף עץ מחוררת במבוק 3,יחידה,1.00,יחידה,false,1,11.90,11.9000,true,1,156134
7297603016252,false,קרש אקשיה להגשה מלבנ,,,קרש אקשיה להגשה מלבנ,יחידה,1.00,יחידה,false,1,34.90,34.9000,true,1,157962
7297603016870,false,סוחט לימון ידני צהוב,,,סוחט לימון ידני צהוב,יחידה,1.00,יחידה,false,1,24.90,24.9000,true,1,160298
7297603016894,false,סוחט לימון ידני צהוב,,,סוחט לימון ידני צהוב,יחידה,1.00,יחידה,false,1,29.90,29.9000,true,1,160299
7297603017228,false,קנקן זכוכית מעוצב 15,,,קנקן זכוכית מעוצב 15,יחידה,1.00,יחידה,false,1,59.90,59.9000,true,1,160300
7297603017235,false,קנקן זכוכית מעוצב 18,,,קנקן זכוכית מעוצב 18,יחידה,1.00,יחידה,false,1,64.90,64.9000,true,1,160301
7297603017242,false,קנקן זכוכית מעוצב 15,,,קנקן זכוכית מעוצב 15,יחידה,1.00,יחידה,false,1,49.90,49.9000,true,1,160302
7297603018072,false,קנקן זכוכית עגול מעו,,,קנקן זכוכית עגול מעו,יחידה,1.00,יחידה,false,1,59.90,59.9000,true,1,160303
7297603018089,false,קנקן זכוכית עגול מעו,,,קנקן זכוכית עגול מעו,יחידה,1.00,יחידה,false,1,79.90,79.9000,true,1,160304
7297603027500,false,מלחיה זכוכית  נירוסט,,,מלחיה זכוכית  נירוסט,יחידה,1.00,יחידה,false,1,11.90,11.9000,true,1,157558
7297603028125,false,מועך תפוח אדמה ידית,,,מועך תפוח אדמה ידית,יחידה,1.00,יחידה,false,1,22.90,22.9000,true,1,160309
7297603028132,false,כפפה סילקון שחורה עמ,,,כפפה סילקון שחורה עמ,יחידה,1.00,יחידה,false,1,31.90,31.9000,true,1,160310
7297603028835,false,בקבוק אקריל ‎ION ENE,,,בקבוק אקריל ‎ION ENE,יחידה,1.00,יחידה,false,1,39.90,39.9000,true,1,160312
7297603030029,false,בקבוק אקרילי ‎ION EN,,,בקבוק אקרילי ‎ION EN,יחידה,1.00,יחידה,false,1,49.90,49.9000,true,1,160318
7297603030326,false,מאג סבתא רטרו שחור ל,,,מאג סבתא רטרו שחור ל,יחידה,1.00,יחידה,false,1,12.90,12.9000,true,1,160325
7297603030333,false,בול סבתא שחור לבן,,,בול סבתא שחור לבן,יחידה,1.00,יחידה,false,1,15.90,15.9000,true,1,160326
7297603030340,false,מאג סבתא  350 מל,,,מאג סבתא  350 מל,יחידה,1.00,יחידה,false,1,11.90,11.9000,true,1,160327
7297603030357,false,מאג סבתא  4 גווני חו,,,מאג סבתא  4 גווני חו,יחידה,1.00,יחידה,false,1,12.90,12.9000,true,1,160328
7297603030364,false,בול סבתא  4 גווני חו,,,בול סבתא  4 גווני חו,יחידה,1.00,יחידה,false,1,16.90,16.9000,true,1,160329
7297603030456,false,מעמד לנייר סופג מוט,,,מעמד לנייר סופג מוט,יחידה,1.00,יחידה,false,1,39.90,39.9000,true,1,157574
7297603030517,false,מעמד פלסטיק לסכום שח,,,מעמד פלסטיק לסכום שח,יחידה,1.00,יחידה,false,1,37.90,37.9000,true,1,157580
7297603030524,false,מעמד פלסטיק לסכום אפ,,,מעמד פלסטיק לסכום אפ,יחידה,1.00,יחידה,false,1,37.90,37.9000,true,1,157581
7297603030579,false,מלקחיים מנירוסטה איכ,,,מלקחיים מנירוסטה איכ,יחידה,1.00,יחידה,false,1,12.90,12.9000,true,1,158476
7297603030593,false,כף גלידה מנירוסטה,,,כף גלידה מנירוסטה,יחידה,1.00,יחידה,false,1,29.90,29.9000,true,1,158478
7297603031521,false,צנצנת זכוכית לתבליני,,,צנצנת זכוכית לתבליני,יחידה,1.00,יחידה,false,1,11.90,11.9000,true,1,160331
7297603031804,false,משקל מטבח דיגטלי מעו,,,משקל מטבח דיגטלי מעו,יחידה,1.00,יחידה,false,1,49.90,49.9000,true,1,160333
7297603031811,false,משקל מטבח דיגטלי מעו,,,משקל מטבח דיגטלי מעו,יחידה,1.00,יחידה,false,1,49.90,49.9000,true,1,160334
7297603031828,false,משקל מטבח דיגטלי מעו,,,משקל מטבח דיגטלי מעו,יחידה,1.00,יחידה,false,1,49.90,49.9000,true,1,160335
7297603031835,false,משקל מטבח דיגטלי מעו,,,משקל מטבח דיגטלי מעו,יחידה,1.00,יחידה,false,1,49.90,49.9000,true,1,160336
7297603032306,false,דיספנסר חלק אובלי למ,,,דיספנסר חלק אובלי למ,יחידה,1.00,יחידה,false,1,59.90,59.9000,true,1,160337
7297603032320,false,דיספנסר חלק אובלי למ,,,דיספנסר חלק אובלי למ,יחידה,1.00,יחידה,false,1,59.90,59.9000,true,1,160339
7297603032344,false,דיספנסר חלק מרובע למ,,,דיספנסר חלק מרובע למ,יחידה,1.00,יחידה,false,1,59.90,59.9000,true,1,160341
7297603032351,false,דיספנסר חלק מרובע למ,,,דיספנסר חלק מרובע למ,יחידה,1.00,יחידה,false,1,59.90,59.9000,true,1,160342
7297603034027,false,קרמיקה יפנית  מגש מל,,,קרמיקה יפנית  מגש מלבן 28X16 סמ,יחידה,1.00,יחידה,false,1,29.90,29.9000,true,1,160344
7297603034034,false,קרמיקה וינטג  צלחת ק,,,קרמיקה וינטג  צלחת ק,יחידה,1.00,יחידה,false,1,29.90,29.9000,true,1,160345
7297603034058,false,קרמיקה יפנית  קערית,,,קרמיקה יפנית  קערית,יחידה,1.00,יחידה,false,1,6.90,6.9000,true,1,160347
7297603034072,false,קרמיקה יפנית   צלחת,,,קרמיקה יפנית   צלחת,יחידה,1.00,יחידה,false,1,17.90,17.9000,true,1,160349
7297603034089,false,קרמיקה יפנית  צלוחית,,,קרמיקה יפנית  צלוחית,יחידה,1.00,יחידה,false,1,12.90,12.9000,true,1,160350
7297603034102,false,קרמיקה וינטג  צלחת ע,,,קרמיקה וינטג  צלחת ע,יחידה,1.00,יחידה,false,1,19.90,19.9000,true,1,160352
7297603034126,false,קרמיקה וינטג  בול קו,,,קרמיקה וינטג  בול קו,יחידה,1.00,יחידה,false,1,19.90,19.9000,true,1,160354
7297603034171,false,מאג פורצלן על רגל,,,מאג פורצלן על רגל,יחידה,1.00,יחידה,false,1,22.90,22.9000,true,1,160355
7297603034188,false,מאג פורצלן על רגל,,,מאג פורצלן על רגל,יחידה,1.00,יחידה,false,1,24.90,24.9000,true,1,160356
7297603034195,false,מאג פורצלן על רגל co,,,מאג פורצלן על רגל co,יחידה,1.00,יחידה,false,1,24.90,24.9000,true,1,160357
7297603034201,false,מאג פורצלן,,,מאג פורצלן,יחידה,1.00,יחידה,false,1,19.90,19.9000,true,1,160358
7297603034218,false,מאג פורצלן,,,מאג פורצלן,יחידה,1.00,יחידה,false,1,19.90,19.9000,true,1,160359
7297603034225,false,מאג פורצלן על רגל,,,מאג פורצלן על רגל,יחידה,1.00,יחידה,false,1,19.90,19.9000,true,1,160360
7298074500615,false,ערכה לבדיקת הריון בו,SPD,,ערכה לבדיקת הריון בודד סנסו טסט,יחידה,1.00,יחידה,false,1,25.90,25.9000,true,1,145544
7298074501995,false,בליסטקס הגנה מוגברת,,,בליסטקס הגנה מוגברת spf50,יחידה,1.00,יחידה,false,1,9.90,9.9000,true,1,145943
7298087000959,false,וולטרן אמולגל שפורפר,נוברטיס,,וולטרן אמולגל שפורפרת 50 גרם,גרמים,50.00,100 גרם,false,1,47.00,94.0000,true,1,113986
7312040017683,false,וודקה אבסולוט בקבוק,"איי, בי, אינבוו",SE,"אבסולוט וודקה, 700 מ''ל",מיליליטרים,700.00,"100 מ""ל",false,1,69.90,9.9857,true,1,91704
7350022390386,false,קקאו הולנדי וואן האו,יושלם,,קקאו הולנדי וואן האוטן 125 גרם,גרמים,125.00,100 גרם,false,1,20.90,16.7200,true,1,72511
7350041950110,false,ליקר שרי הרינג (דובד,siebrand,NL,"ליקר שרי הרינג (דובדבנים) 700 מ""ל",מיליליטרים,700.00,"100 מ""ל",false,1,114.90,16.4143,true,1,146109
7394376123337,false,משקה שיבולת שועל אור,טרנסומס פוד איי.בי,SE,משקה שיבולת שועל אורגני אוטלי  1 ליטר,ליטרים,1.00,ליטר,false,1,14.90,14.9000,true,1,149718
7394376615825,false,אוטלי משקה שבולת שוע,,SE,אוטלי משקה שבולת שועל מועשר 1 ליטר,ליטרים,1.00,ליטר,false,1,14.90,14.9000,true,1,149717
7394376615832,false,משקה שיבולת שועל בטע,,SE,משקה שיבולת שועל בטעם שוקולד אוטלי 1 לי,ליטרים,1.00,ליטר,false,1,15.90,15.9000,true,1,149716
7394376616778,false,משקה שיבולת שועל  לה,,SE,משקה שיבולת שועל  להקצפה בריסטה  אוטלי 1,ליטרים,1.00,ליטר,false,1,15.90,15.9000,true,1,149715
7394376620294,false,משקה שיבולת שועל וני,איי אם פי אס איי תעש,NL,משקה שיבולת שועל וניל אוטלי 1 ליטר,ליטרים,1.00,ליטר,false,1,15.90,15.9000,true,1,160277
7441000720599,false,לבבות דקל פח 400 גרם,אינקופלמיטו,EC,שימורי לבבות דקל שלמים(פחית),גרמים,400.00,100 גרם,false,1,14.90,3.7250,true,1,119359
7441000720605,false,לבבות דקל בצנצנת 410,אינקופלמיטו אס. אי,EC,לה קימה שימורי לבבות דקל שלמים 410 גרם,גרמים,410.00,100 גרם,false,1,18.90,4.6098,true,1,119360
7500162900000,false,בירה סול בודד בקבוק,פארייפאבה אגרואינדוס,NL,"סול ח""פ 330 בקבוק בודד",מיליליטרים,330.00,"100 מ""ל",false,1,9.90,3.0000,true,1,148686
7501013101348,false,גומקס מנגו בקבוק 473,חומקס קומר קומרסאליז,MX,"גומקס מנגו בקבוק 473 מ""ל",מיליליטרים,473.00,"100 מ""ל",false,1,8.50,1.7970,true,1,145305
7501013101355,false,גומקס אפרסק בקבוק 47,פארייפאבה אגרואינדוס,MX,"ג'ומקס אפרסק בקבוק 473 מ""ל תריסר",מיליליטרים,473.00,"100 מ""ל",false,1,8.50,1.7970,true,1,145304
7501013101362,false,גומקס קוקוס אננס בקב,פארייפאבה אגרואינדוס,MX,"ג'ומקס קוקוס אננס בקבוק 473 מ""ל תריסר",מיליליטרים,473.00,"100 מ""ל",false,1,8.50,1.7970,true,1,145306
7501013101393,false,גומקס אננס בקבוק 473,פארייפאבה אגרואינדוס,MX,"ג'ומקס אננס  בקבוק 473 מ""ל תריסר",מיליליטרים,473.00,"100 מ""ל",false,1,8.50,1.7970,true,1,145303
7501013122039,false,גומקס מיץ מנגו קרטונ,חומקס קומר קומרסאליז,MX,ג'ומקס מנגו קרטונית  ליטר תריסר,ליטרים,1.00,ליטר,false,1,9.90,9.9000,true,1,145300
7501013122053,false,גומקס מיץ אפרסק קרטו,חומקס קומר קומרסאליז,MX,ג'ומקס אפרסק קרטונית  ליטר תריסר,ליטרים,1.00,ליטר,false,1,9.90,9.9000,true,1,145299
7501013122114,false,גומקס מיץ אננס קרטונ,חומקס קומר קומרסאליז,MX,ג'ומקס אננס קרטונית  ליטר תריסר,ליטרים,1.00,ליטר,false,1,9.90,9.9000,true,1,145298
7501013122190,false,גומקס מיץ תפוחים קרט,חומקס קומר קומרסאליז,MX,ג'ומקס  תפוחים קרטונית ליטר  תריסר,ליטרים,1.00,ליטר,false,1,9.90,9.9000,true,1,145302
7501013122992,false,גומקס מיץ קוקוס אננס,חומקס קומר קומרסאליז,MX,ג'ומקס קוקוס אננס קרטונית  ליטר תריסר,ליטרים,1.00,ליטר,false,1,9.90,9.9000,true,1,145301
7501013138184,false,יוניקו פרסקו חמוציות,חומקס קומר קומרסאליז,MX,ג'ומקס פרסקו חמוציות קרטונית  ליטר תריסר,ליטרים,1.00,ליטר,false,1,12.60,12.6000,true,1,154108
7501049936945,false,שישיית בירה סול 330,פארייפאבה אגרואינדוס,NL,"בירה סול שישייה (6X330 מ""ל)",ליטרים,1.98,ליטר,false,1,36.90,18.6364,true,1,148685
7501064191398,false,שישיית בירה קורונה ב,קריניציה ויטמינה אס,MX,בשישיית בירה קורונה אקסטרה 2.13 ל',ליטרים,2.13,ליטר,false,6,39.90,18.7324,true,1,129756
7503012779306,false,סירופ אגבה כחולה – נ,נוטריגבאס דה מקסיקו,MX,נטור פוד סירופ אגבה כחולה אורגני 330 גרם,גרמים,330.00,100 גרם,false,1,21.90,6.6364,true,1,85232
7503012779405,false,סירופ אגבה כחולה 660,נוטריאגבס דה מקסיקו,MX,סירופ אגבה כחולה אורגני 660 גרם,גרמים,660.00,100 גרם,false,1,32.90,4.9848,true,1,120534
7509546061672,false,ספיד סטיק אקסטרים 50,CP UK,US,ספיד סטיק אקסטרים 50 גרם,גרמים,50.00,100 גרם,false,1,21.90,43.8000,true,1,160192
7509546663135,false,קולגייט זירו משחת שי,CP UK,MX,"קולגייט זירו משחת שיניים מנטה 98 מ""ל",מיליליטרים,98.00,"100 מ""ל",false,1,33.90,34.5918,true,1,152287
7509546663265,false,קולגייט זירו משחת שי,CP UK,MX,"קולגייט זירו משחת שיניים נענע 98 מ""ל",מיליליטרים,98.00,"100 מ""ל",false,1,33.90,34.5918,true,1,152286
7509546666846,false,קולגייט טוטל משחת שי,CP UK,MX,קולגייט טוטל משחת שיניים פחם 75 מל,מיליליטרים,75.00,"100 מ""ל",false,1,19.90,26.5333,true,1,153766
7509546678702,false,קולגייט משחת שיניים,קולגייט-פלמוליב,BR,קולגייט משחת שיניים טוטאל אנטי טרטר 100,מיליליטרים,100.00,"100 מ""ל",false,1,17.90,17.9000,true,1,159110
7610023050215,false,תערובת דגנים מוזלי ק,BIO FAMILIA,,תערובת דגנים מוזלי קרנץ אגוזים 500 גרם,מיליליטרים,150.00,"100 מ""ל",false,1,26.90,17.9333,true,1,9308
7610023051212,false,דגנים מיזלי שוקואיקס,מיוצר עי קונדיטוריית,,תערובת דגנים מיזלי שוקואיקס          500,גרמים,500.00,100 גרם,false,1,26.90,5.3800,true,1,16206
7610100034084,false,מיונז טומי 265 גרם,נסטלה שוויץ ס.א,,טומי מיונז אמיתי מביצי חופש 265 גרם,גרמים,265.00,100 גרם,false,1,16.90,6.3774,true,1,127158
7610113000175,false,בקרדי מוחיטו 700מל,בקרדי מרטיני,DE,בקרדי מוחיטו 700מל,מיליליטרים,700.00,"100 מ""ל",false,1,79.90,11.4143,true,1,151384
7610113011652,false,בקרדי בריזר תפוח 275,בקרדי בעמ,BE,"בריזר - משקה כוהלי מוגז בטעם תפוח 275 מ""ל",מיליליטרים,275.00,"100 מ""ל",false,1,14.90,5.4182,true,1,149547
7610113013250,false,פחית בקרדי מוחיטו 25,בקרדי מרטיני,BE,פחית בקרדי מוחיטו 250 מל,מיליליטרים,250.00,"100 מ""ל",false,1,14.90,5.9600,true,1,154092
7610113015780,false,בריזר סלצזר לימון לי,"איי, בי, אינבוו",BE,בריזר סלצזר לימון ליים 250 מל פחית,מיליליטרים,250.00,"100 מ""ל",false,1,14.90,5.9600,true,1,156320
7610243004463,false,מסיר אבן דורגול,פרח,,"מסיר אבן דורגול מרסס 500 מ""ל",מיליליטרים,500.00,"100 מ""ל",false,1,24.90,4.9800,true,1,48147
7610400014649,false,שוקולד לינדור חלב 10,לינדט ושפרונגלי,,שוקולד לינדור חלב 100 גרם,גרמים,100.00,100 גרם,false,1,17.50,17.5000,true,1,9319
7610400068369,false,שוקולד לינדור אגוזים,לינדט ושפרונגלי,,לינדט לינדור שוקולד חלב שוויצרי ואגוזים 100 גר',גרמים,100.00,100 גרם,false,1,17.50,17.5000,true,1,58788
7610400068505,false,בונבוניירה לינדור מי,לינדט ושפרונגלי,,בונבוניירה לינדור מילק 200 גרם,גרמים,200.00,100 גרם,false,1,34.90,17.4500,true,1,60623
7610400068529,false,בונבוניירה לינדור קו,לינדט ושפרונגלי,,בונבוניירה לינדור קורנה 200 גרם,גרמים,200.00,100 גרם,false,1,34.90,17.4500,true,1,42737
7610400074155,false,שוקולד לינדור מריר 6,"לינדט ושפרונגלי, CH-",,שוקולד לינדור מריר 60%  100 גרם,גרמים,100.00,100 גרם,false,1,17.50,17.5000,true,1,58789
7610400075770,false,לינדט לגרנד דארק הזל,לינדט ושפרונגלי,CH,לינדט לגרנד דארק הזלנט 150 גרם,גרמים,150.00,100 גרם,false,1,24.90,16.6000,true,1,160271
7610400075787,false,לינדט לגרנד מילק הזל,"לינדט ושפרונגלי, קיל",CH,לינדט לה גרנד - שוקולד חלב עם אגוזי לוז 150 גר',גרמים,150.00,100 גרם,false,1,24.90,16.6000,true,1,160272
7610400091060,false,שוקולד לינדט אקסלנס,לינדט ושפרונגלי,,שוקולד לינדט אקסלנס תפוז 100 גרם,גרמים,100.00,100 גרם,false,1,14.90,14.9000,true,1,148916
7613030979647,false,דגני בוקר טריקס 480,ג'נרל מילס סאן אדריא,IL,טריקס 12*480גרם 2018,גרמים,480.00,100 גרם,false,1,26.90,5.6042,true,1,124016
7613032045753,false,דגני פיטנס שוקולד 37,הנסיך- מפעל לייצור ט,FR,פיטנס שוקולד 16*375גרם 2017,גרמים,375.00,100 גרם,false,1,21.90,5.8400,true,1,48657
7613033548192,false,דגני בוקר פיטנס שוקו,הנסיך- מפעל לייצור ט,FR,פיטנס שוקולד מריר 16*375גרם 2017,גרמים,375.00,100 גרם,false,1,21.90,5.8400,true,1,80132
7613034146502,false,ONE מיני אקטיב עוף 1,פורינה,US,ONE מיני אקטיב עוף 1.5קג,קילוגרמים,1.50,"ק""ג",false,1,51.90,34.6000,true,1,145860
7613034146656,false,ONE מיני אקטיב בקר 1,פורינה,US,ONE מיני אקטיב בקר 1.5קג,קילוגרמים,1.50,"ק""ג",false,1,51.90,34.6000,true,1,145861
7613035378643,false,דנטלייף גזע גדול142ג,פורינה,US,דנטלייף גזע גדול142גרם,גרמים,142.00,100 גרם,false,1,15.90,11.1972,true,1,155920
7613035619050,false,חמשושים מפלצות,שוורצקוף& הנקל דיסלד,ES,חמשושים מפלצות 18*75מל,גרמים,80.00,100 גרם,false,1,7.90,9.8750,true,1,115051
7613035807778,false,רוטב עגבניות לבולונז,נסטלה ספרד,ES,פרפקטו רוטב עגבניות לבולונז 6*400גרם,גרמים,400.00,100 גרם,false,1,10.90,2.7250,true,1,117556
7613035809109,false,רוטב עגבניות ובזיליק,נסטלה ספרד,ES,פרפקטו רוטב עגבניות ובזיליקום 6*400גרם,גרמים,400.00,100 גרם,false,1,10.90,2.7250,true,1,117558
7613035809123,false,רוטב עגבניות עם פלפל,נסטלה ספרד,ES,פרפקטו רוטב עגבניות עם פלפלים 6*400גרם,גרמים,400.00,100 גרם,false,1,10.90,2.7250,true,1,117557
7613035809857,false,רוטב עגבניות לפסטה פ,נסטלה ספרד,ES,פרפקטו רוטב עגבניות לפסטה ולבישול 6*400ג,גרמים,400.00,100 גרם,false,1,10.90,2.7250,true,1,117408
7613036105545,false,דוגלי גזע קטן 3 קג,פורינה,HU,דוגלי גזע קטן 3 קג,קילוגרמים,3.00,"ק""ג",false,1,49.90,16.6333,true,1,121921
7613036105576,false,דוגלי בוגר עוף 3 קג,פורינה,HU,דוגלי בוגר עוף 3 קג,קילוגרמים,3.00,"ק""ג",false,1,49.90,16.6333,true,1,121624
7613036105606,false,דוגלי בוגר בקר 3 קג,פורינה,HU,דוגלי בוגר בקר 3 קג,קילוגרמים,3.00,"ק""ג",false,1,49.90,16.6333,true,1,121922
7613036105651,false,דוגלי בוגר בקר 12 קג,פורינה,HU,דוגלי בוגר בקר 12 קג,קילוגרמים,12.00,"ק""ג",false,1,149.90,12.4917,true,1,121625
7613036288958,false,דוגלי אקטיב 3 קג,פורינה,HU,דוגלי אקטיב 3 קג,קילוגרמים,3.00,"ק""ג",false,1,49.90,16.6333,true,1,130287
7613036387798,false,דגני פיטנס יוגורט 35,סי. פי. צרפת,FR,דגני פיטנס יוגורט 350 גרם,גרמים,350.00,100 גרם,false,1,21.90,6.2571,true,1,121749
7613036520492,false,פרפקטו רוטב עגבניות,ביוטוני ספרד,ES,פרפקטו רוטב עגבניות לפיצה 6*400גרם,גרמים,400.00,100 גרם,false,1,10.90,2.7250,true,1,151729
7613036576734,false,חמישייה קרחוני שרבט,פרונרי איבריה ס.ל,ES,נסטלה חמשושים חדש 18*60גרם,גרמים,60.00,100 גרם,false,1,7.90,13.1667,true,1,126189
7613036725286,false,דנטלייף חתול סלמון 4,פורינה,US,דנטלייף חתול סלמון 40 גרם,גרמים,40.00,100 גרם,false,1,10.90,27.2500,true,1,155922
7613036725309,false,דנטלייף חתול עוף 40,פורינה,US,דנטלייף חתול עוף 40 גרם,גרמים,40.00,100 גרם,false,1,10.90,27.2500,true,1,155921
7613036880534,false,גרבר מחית מרק ירקות,נסטלה פולסקה אס.איי,PL,גרבר מחית מרק ירקות מעורבים 12*190גרם,גרמים,190.00,100 גרם,false,1,6.90,3.6316,true,1,147356
7613037012095,true,גרנולה פיטנס שוקולד,TASTY FOODS,LT,גרנולה פיטנס שוקולד קינואה שקד 300 גרם,גרמים,300.00,100 גרם,false,1,15.90,5.3000,true,1,130407
7613037276091,false,נסטלה מיקס מיני אריז,SPI SAS,FR,נסטלה מיקס מיני אריזות דגני בוקר *200גרם,גרמים,200.00,100 גרם,false,1,19.90,9.9500,true,1,130217
7613037686906,false,פיטנס שקדים ודבש 14*,הנסיך- מפעל לייצור ט,FR,פיטנס שקדים ודבש 14*355גרם,גרמים,355.00,100 גרם,false,1,21.90,6.1690,true,1,147442
7613038268262,false,דגני האני נאט ציריוס,סי. פי. צרפת,FR,דגני האני נאט ציריוס מופחת סוכר 410ג N9L,גרמים,410.00,100 גרם,false,1,21.90,5.3415,true,1,147248
7613038451954,false,דגני קראנץ שוקולד מו,סי. פי. צרפת,FR,דגני קראנץ שוקולד מופחת סוכר 410ג N9LEM,גרמים,410.00,100 גרם,false,1,21.90,5.3415,true,1,147249
7613039547731,false,גרבר מחית תפוח משמש,אסם,IL,"גרבר מחית תפוח משמש פאוץ, 90 גרם",גרמים,90.00,100 גרם,false,1,6.90,7.6667,true,1,155252
7613039770450,false,בורגר טבעול סנסשיונל,ג'נרל מילס סאן אדריא,IL,בורגר טבעול סנסשיונל   226גרם,גרמים,226.00,100 גרם,false,1,34.90,15.4425,true,1,151016
7613039771174,false,טבעול סנשיונל טחון צ,ג'נרל מילס סאן אדריא,IL,טבעול סנשיונל טחון צמחוני 400גרם,גרמים,400.00,100 גרם,false,1,34.90,8.7250,true,1,151017
7613039881965,false,גרבר מחית גזר תפוח מ,,ES,גרבר מחית גזר תפוח מנגו כשלפ 190 גרם,גרמים,190.00,100 גרם,false,1,6.90,3.6316,true,1,157630
7613039882030,false,גרבר מחית תפוח גזר ב,אסם,IL,גרבר מחית תפוח גזר בטטה 190 גרם,גרמים,190.00,100 גרם,false,1,6.90,3.6316,true,1,155251
7613287181411,false,ויטמינציק סלט פירות,אסם,IL,"ויטמינציק סלט פירות, 110 גרם",גרמים,110.00,100 גרם,false,1,5.90,5.3636,true,1,155245
7613287182326,false,ויטמינציק פאוץ בננה,נסטלה,ES,ויטמינציק פאוץ בננה תפוח כשלפ 110 גרם,גרמים,110.00,100 גרם,false,1,5.90,5.3636,true,1,155242
7613287182425,false,ויטמינציק תפוח בננה,אסם,IL,"ויטמינציק תפוח בננה ותות, 110 גרם",גרמים,110.00,100 גרם,false,1,5.90,5.3636,true,1,155243
7613287182456,false,ויטמינציק פאוץ אגס ת,נסטלה,ES,ויטמינציק פאוץ אגס תפוח ובננה כשלפ 110 ג,גרמים,110.00,100 גרם,false,1,5.90,5.3636,true,1,155244
7613287325808,false,רוטב איולי שום לחיץ,נסטלה פולין,PL,רוטב איולי שום לחיץ אסם 295 גרם,גרמים,295.00,100 גרם,false,1,14.90,5.0508,true,1,155952
7613287325822,false,רוטב מיקס לחיץ 295 ג,אסם,PL,רוטב מיקס לחיץ 295 גרם,גרמים,295.00,100 גרם,false,1,14.90,5.0508,true,1,155954
7613287325853,false,רוטב ספייסי איולי לח,נסטלה פולין,PL,רוטב ספייסי איולי לחיץ 295 גרם,גרמים,295.00,100 גרם,false,1,14.90,5.0508,true,1,155953
7613287325952,false,רוטב ברביקיו אסם לחי,דפטונה פולין,PL,רוטב ברביקיו אסם לחיץ 295 גרם,גרמים,295.00,100 גרם,false,1,14.90,5.0508,true,1,155957
7613287394323,false,דגני מולטי צירייס נ,CPU,GB,דגני מולטי צירייס נסטלה 600גרם,גרמים,600.00,100 גרם,false,1,26.90,4.4833,true,1,153164
7613287476494,false,מיונז אסם לחיץ 295 ג,נסטלה פולין,PL,מיונז אסם לחיץ 295 גרם,גרמים,295.00,100 גרם,false,1,14.90,5.0508,true,1,155955
7613287476678,false,סינימיניס צורוס  360,נסטלה אוונקה,PT,סינימיניס צורוס  360גרם,גרמים,360.00,100 גרם,false,1,26.90,7.4722,true,1,155109
7613287821348,false,נתחוני עוף טבעוני סנ,טבעול,CZ,נתחוני עוף טבעוני סנסשיונל 350גרם,גרמים,350.00,100 גרם,false,1,34.90,9.9714,true,1,155586
7616500553460,false,פריי שוקולד מריר תפו,פריי,CH,פריי שוקולד מריר תפוז 100 גרם,גרמים,100.00,100 גרם,false,1,9.90,9.9000,true,1,46535
7616500646087,false,פריי שוקולד עם שברי,פריי,CH,פריי שוקולד עם שברי אגוזים 100 גרם,גרמים,100.00,100 גרם,false,1,9.90,9.9000,true,1,99707
7616500647251,false,פריי 180 ג אגוזים,פריי,CH,פריי שוקולד חלב אגוז 180 גרם,גרמים,180.00,100 גרם,false,1,14.90,8.2778,true,1,130721
7616500647268,false,פריי מריר אגוזים 180,פריי,CH,פריי שוקולד מריר אגוז 180 גרם,גרמים,180.00,100 גרם,false,1,14.90,8.2778,true,1,130720
7616500666092,false,פריי חלב פיסטוק 200,פריי,CH,פריי חלב פיסטוק 200 גרם,גרמים,200.00,100 גרם,false,1,14.90,7.4500,true,1,158367
7622010001858,false,עוגיות אוראו ממולאות,פי אר ג'יי אס אי מנד,UA,עוגיות אוראו ממולאות קרם וניל 176 גר',גרמים,176.00,100 גרם,false,1,9.90,5.6250,true,1,113789
7622201120931,false,מילקה אוראו לבן 100ג,מונדלז אוקראינה,UA,מילקה אוראו לבן 100 גרם,גרמים,100.00,100 גרם,false,1,6.90,6.9000,true,1,157251
7622201127398,false,מילקה אוריאו מיניס א,מונדלייז,ES,מילקה אוריאו מיניס אורגינל 153 גרם,גרמים,153.00,100 גרם,false,1,16.90,11.0458,true,1,152955
7622201137052,false,מילקה מיני קוקיז 110,מנדלז סי.אר. פרודקשן,ES,מילקה מיני קוקיז 110 גרם,גרמים,110.00,100 גרם,false,1,8.90,8.0909,true,1,152746
7622201401900,false,עוגיות מילקה סנסיישן,גוד פוד פרודקטס S.p,PL,עוגיות מילקה סנסיישן אוראו 156 גרם,גרמים,156.00,100 גרם,false,1,13.90,8.9103,true,1,151296
7622201502515,false,מילקה קוקי לופ 132 ג,מונדלייז,,מילקה קוקי לופ 132 גרם,גרמים,132.00,100 גרם,false,1,13.90,10.5303,true,1,156322
7622201521493,true,פילדלפיה שום+עשבי תי,,,פילדלפיה שום+עשבי תי,,0.00,,false,,14.90,0.0000,true,1,160619
7622201798154,true,פילדלפיה 13% לייט,,,פילדלפיה 13% לייט,,0.00,,false,,14.90,0.0000,true,1,160997
7622201801809,false,שוקולד חלב אגוזים מי,מנדלז דויצ'לנד סנקס,DE,מילקה שוקוד חלב עם אגוזי לוז 100 גרם,גרמים,100.00,100 גרם,false,1,6.90,6.9000,true,1,155052
7622201802363,false,שוקולד חלב אגוז וצימ,מנדלז דויצ'לנד סנקס,DE,מילקה שוקולד חלב עם צימוקים ואגוזים 100 גר',גרמים,100.00,100 גרם,false,1,6.90,6.9000,true,1,155051
7622201802394,false,שוקולד חלב מילקה 100,מנדלז דויצ'לנד סנקס,DE,מילקה חלב מסרונים 100 גרם,גרמים,100.00,100 גרם,false,1,6.90,6.9000,true,1,155050
7622201808631,false,אוראו מיני כוסות בטע,"איטיליאן פוד, אס.פי.",ID,אוראו מיני כוסות בטעם וניל 67 גרם,גרמים,67.00,100 גרם,false,1,6.90,10.2985,true,1,155053
7622201813390,false,מילקה וואפל במילוי ק,מונדליז סי.אר. ביסקו,,מילקה וואפל במילוי קרם קקאו 150 גרם,גרמים,150.00,100 גרם,false,1,16.90,11.2667,true,1,152698
7622210078131,false,מילקה דיים 100 גרם ח,מנדלז דויצ'לנד סנקס,DE,מילקה שוקולד חלב עם דיים 100 גר',גרמים,100.00,100 גרם,false,1,6.90,6.9000,true,1,128304
7622210163899,false,מילקה שוקולד חלב עם,מונדלז דויצ'לנד סנקס,DE,מילקה שוקולד חלב עם עדשים 100 גר',גרמים,100.00,100 גרם,false,1,6.90,6.9000,true,1,110280
7622210453327,false,עוגיות מילקה סנסיישן,מנדלז פולסקה פרודקשן,PL,עוגיות מילקה סנסיישן 156 גרם,גרמים,156.00,100 גרם,false,1,13.90,8.9103,true,1,144563
7622210597915,false,מילקה לבבות פרלינים,"איטיליאן פוד, אס.פי.",BG,מילקה לבבות פרלינים 110 גרם,גרמים,110.00,100 גרם,false,1,11.90,10.8182,true,1,149754
7622210635105,false,אוראו תות 154 גרם,מונדלז אספנה גאלטס פ,ES,אוראו תות 154 גרם,גרמים,154.00,100 גרם,false,1,7.90,5.1299,true,1,146593
7622210637994,false,אוראו ביס קראנצי אור,"איטיליאן פוד, אס.פי.",ES,אוראו קראנצי בייטס 110 גרם,גרמים,110.00,100 גרם,false,1,8.90,8.0909,true,1,152103
7622210638021,false,אוראו ביס קראנצי בצי,"איטיליאן פוד, אס.פי.",ES,אוראו קראנצ'י בייטס מצופים 110 גרם,גרמים,110.00,100 גרם,false,1,8.90,8.0909,true,1,152104
7622210693266,false,מילקה אגוזים שלמים 2,גוד פוד פרודקטס S.p,AT,שוקולד חלב מילקה  עם אגוזי לוז שלמים 270 גרם,גרמים,270.00,100 גרם,false,1,17.90,6.6296,true,1,144564
7622210826053,false,ט שוקולד מילקה אוראו,גיאורי קאקסז קייאףטי,HU,שוקולד מילקה אוראו סנדביץ 92 גרם,גרמים,92.00,100 גרם,false,1,6.90,7.5000,true,1,151742
7622210835338,false,עוגיות אוראו בראוניז,"איטיליאן פוד, אס.פי.",ES,עוגיות אוראו בראוניז 176 גרם,גרמים,176.00,100 גרם,false,1,9.90,5.6250,true,1,128689
7622300200237,false,מילקה שוקולד חלב 250,תאי פרזידנט פוד פאבל,AT,מילקה שוקולד חלב 250 גר',גרמים,250.00,100 גרם,false,1,12.90,5.1600,true,1,82958
7622300270506,false,עוגיות שיבולת שועל מ,"איטיליאן פוד, אס.פי.",PL,עוגיות שיבולת שועל מצופות 168 גרם,גרמים,168.00,100 גרם,false,1,13.90,8.2738,true,1,80028
7622300315283,false,"אוראו וניל בד""צ 154","מונדלז CR פרודקשיין,",UA,"אוראו וניל בד""צ 154 גרם",גרמים,154.00,100 גרם,false,1,7.90,5.1299,true,1,154119
7622300340285,false,פילדלפיה 22% שומן 17,דולפין ספא,DE,גבינת שמנת 21% שומן,גרמים,175.00,100 גרם,false,1,14.90,8.5143,true,1,124621
7622300340292,false,פילדלפיה מופחת שומן,דולפין ספא,DE,גבינת שמנת מופחתת שומן 11% שומן,גרמים,175.00,100 גרם,false,1,14.90,8.5143,true,1,124622
7622300489427,false,עוגיות אוראו פאדג שו,"איטיליאן פוד, אס.פי.",ES,עוגיות אוראו בציפוי בטעם שוקולד לבן 246 גר',גרמים,246.00,100 גרם,false,1,17.90,7.2764,true,1,110042
7622300489434,false,עוגיות אוראו פאדג שו,"איטיליאן פוד, אס.פי.",ES,עוגיות אוראו פאדג שוקולד חלב 246 גרם,גרמים,246.00,100 גרם,false,1,17.90,7.2764,true,1,117845
7622300495046,false,שוקולד חלב אקסטרא קק,מנדלז דויצ'לנד סנקס,DE,מילקה שוקולד חלב עם אקסטרה קקאו 100 גרם,גרמים,100.00,100 גרם,false,1,7.50,7.5000,true,1,89593
7622300503079,false,ביסקוויט מצופה שוקול,"איטיליאן פוד, אס.פי.",PL,מילקה מו עוגיות ביסקוויט בציפוי שוקולד 200 גר',גרמים,200.00,100 גרם,false,1,13.90,6.9500,true,1,80027
7622300617820,false,שוקולד חלב אוראו מיל,מנדלז דויצ'לנד סנקס,DE,שוקולד חלב אוראו מילקה 100 גרם,גרמים,100.00,100 גרם,false,1,6.90,6.9000,true,1,88795
7622300756413,false,פילדלפיה 20% שומן עם,דולפין ספא,DE,פילדלפיה גבינת שמנת עם עשבי תיבול 20% שומן 175 גרם,גרמים,175.00,100 גרם,false,1,14.90,8.5143,true,1,124623
7622300761363,false,עוגיות אוראו מיני קר,"איטיליאן פוד, אס.פי.",ID,אוראו מיני כוסות בטעם שוקולד 61.3 גרם,גרמים,67.00,100 גרם,false,1,6.90,10.2985,true,1,105051
7622400005190,false,שוקולד חלב חום לבן מ,מונדלייז,DE,שוקולד חלב חום לבן מילקה 100 גרם,גרמים,100.00,100 גרם,false,1,6.90,6.9000,true,1,62297
7630477891592,false,סטארבקס קפסולות האוס,נסטלה נספרסו,CH,סטארבקס קפסולות האוס בלנד 57 גרם,גרמים,57.00,100 גרם,false,1,21.90,38.4211,true,1,154378
7630477891639,false,סטארבקס קפסולות ורונ,נסטלה נספרסו,CH,סטארבקס קפסולות ורונה 55 גרם,גרמים,55.00,100 גרם,false,1,21.90,39.8182,true,1,154380
7630477891714,false,סטארבקס קפסולות אספר,נסטלה נספרסו,CH,סטארבקס קפסולות אספרסו 57 גרם,גרמים,57.00,100 גרם,false,1,21.90,38.4211,true,1,154379
7630477891738,false,סטארבקס קפסולות אספר,נסטלה נספרסו,CH,סטארבקס קפסולות אספרסו בלונד 53 גרם,גרמים,53.00,100 גרם,false,1,21.90,41.3208,true,1,154377
7640175743451,false,פחית גין בומביי   טו,בקרדי מרטיני,BE,פחית גין בומביי   טוניק 250 מל,מיליליטרים,250.00,"100 מ""ל",false,1,14.90,5.9600,true,1,155036
7702018271788,false,Gillette Clear Gel A,פרוקטר אנד גמבל,PL,Gillette Clear Gel AP Deo Stick Triumph,ליטרים,70.00,ליטר,false,1,16.90,0.2414,true,1,90252
7702018462032,false,גילט מאך 3 רביעיות ס,פרוקטור אנד גמבל,DE,גילט מאך 3 רביעיות סטארט,יחידה,1.00,יחידה,false,1,29.90,29.9000,true,1,148794
7702018471423,false,גילט פיוזן רביעיות ס,פרןקטר אנד גמבל ברלי,PL,גילט פיוזן רביעיות סטארט,יחידה,1.00,יחידה,false,1,39.90,39.9000,true,1,148795
7702018978106,false,Gillette Clear Gel A,פרוקטר אנד גמבל,PL,Gillette Clear Gel AP Deo Stick Arctic I,ליטרים,70.00,ליטר,false,1,16.90,0.2414,true,1,57258
7702018978120,false,Gillette Clear Gel A,פרוקטר אנד גמבל,PL,Gillette Clear Gel AP Deo Stick Cool Wav,מיליליטרים,70.00,"100 מ""ל",false,1,16.90,24.1429,true,1,57259
7702018980925,false,קצף גילוח גילט לעור,קימברלי,GB,"קצף גילוח גילט לעור רגיל 200 מ""ל",מיליליטרים,200.00,"100 מ""ל",false,1,9.90,4.9500,true,1,160116
7702018980932,false,קצף גילוח גילט לעור,קימברלי,GB,"קצף גילוח גילט לעור רגיש 200 מ""ל",מיליליטרים,200.00,"100 מ""ל",false,1,9.90,4.9500,true,1,160117
7702024258322,false,פיטנס חטיפי קרקר ציה,יוליניבר,CO,פיטנס חטיפי קרקר ציה ופישתן 234 גרם,גרמים,234.00,100 גרם,false,1,12.90,5.5128,true,1,149730
7702174066631,false,לקקן פיפופ,הדקלאים אגודת שיתופי,CO,לקקן פיןפופ 10 יח'180  גר',גרמים,180.00,100 גרם,false,1,10.90,6.0556,true,1,73820
7702174068826,false,לקקן יוגטה בטעם פירו,הדקלאים אגודת שיתופי,CO,"לקקן יוגטה בטעם פירות 12 יח            """,גרמים,216.00,100 גרם,false,1,10.90,5.0463,true,1,88654
7702174068833,false,לקקן יוגטה אייס קרים,הדקלאים אגודת שיתופי,CO,לקקן יוגטה אייס קרים 12 יח,גרמים,216.00,100 גרם,false,1,10.90,5.0463,true,1,85730
7702174070201,false,לקקן בטעם מסטיק טופי,קומסטיבלס אלדור,CO,לקקן בטעם מסטיק ממולא טופי בטעם תות 216 גרם,גרמים,216.00,100 גרם,false,1,10.90,5.0463,true,1,88965
7702174073783,false,לקקן פינפופ קולה 10,הדקלאים אגודת שיתופי,CO,לקקן פין פופ קולה 10 יח' 180  גר',גרמים,180.00,100 גרם,false,1,10.90,6.0556,true,1,111867
7750526001786,false,אינקה ציפס ירקות שור,יאנג שינג,US,אינקה ציפס ירקות שורש אוריגינל 142גרם,גרמים,142.00,100 גרם,false,1,19.90,14.0141,true,1,151625
7790480000166,false,תה גרבה la tranquera,,,תה גרבה la tranquera   500 ג סוס ירוק,גרמים,500.00,100 גרם,false,1,23.90,4.7800,true,1,147406
7790480000371,true,תה גרבה 500 גרם La T,,,תה גרבה 500 גרם La T,לא מנהל יחידת מידה,0.00,לא מנהל יחידת מידה,false,1,23.90,0.0000,true,1,116833
7790480089734,false,תה גרבה LA T 500 גרם,,AR,תה גרבה LA T 500 גרם,גרמים,500.00,100 גרם,false,1,23.90,4.7800,true,1,160487
7792860006218,false,סוכריות לקקן בייבי ד,לריטייר,AR,"סוכריות בייבי דול, 24 גרם",גרמים,20.00,100 גרם,false,1,2.60,13.0000,true,1,9397
7793046004059,true,קינוח חבושים מתוק 70,,,קינוח חבושים מתוק 70,גרמים,700.00,100 גרם,false,1,24.90,3.5571,true,1,138455
7798141877829,false,גאטו נגרו פינו גריגי,,AR,גאטו נגרו פינו גריגיו 750 מל,מיליליטרים,750.00,"100 מ""ל",false,1,36.90,4.9200,true,1,156063
7798141877836,false,גאטו נגרו סוביניון ב,,AR,גאטו נגרו סוביניון בלאן  750 מל,מיליליטרים,750.00,"100 מ""ל",false,1,36.90,4.9200,true,1,156064
7804414000860,false,יין דון חוליו קברנה,,,דון חוליו יין 13.5% אדום יבש קברנה סובניון 2016,מיליליטרים,750.00,"100 מ""ל",false,1,32.90,4.3867,true,1,9400
7804414000877,false,יין דון חוליו מרלו 7,,,דון חוליו יין אדום יבש מרלו 2019,מיליליטרים,750.00,"100 מ""ל",false,1,32.90,4.3867,true,1,9401
7804414000884,false,יין דון חוליו שרדונה,יקב,,דון חוליו יין 12% לבן יבש שרדונה 2017,מיליליטרים,750.00,"100 מ""ל",false,1,32.90,4.3867,true,1,9402
7804414001621,false,יין קאזה די לואיגי ש,יקב,,"יין קאזה די לואיגי שיראז 750 מ""ל",מיליליטרים,750.00,"100 מ""ל",false,1,31.90,4.2533,true,1,31443
7804414012344,false,יין דון חוליו סובניו,,,דון חוליו סוביניון בלאן 750 מל,מיליליטרים,750.00,"100 מ""ל",false,1,32.90,4.3867,true,1,120923
7804414012351,false,יין דון חוליו מלבק 7,,,דון חוליו מלבק 750 מל,מיליליטרים,750.00,"100 מ""ל",false,1,32.90,4.3867,true,1,120924
7804414017127,false,יין מונטסאו שרדונה 7,מונטסאו,צ'ילה (TDE),יין מונטסאו שרדונה 750 מל,מיליליטרים,750.00,"100 מ""ל",false,1,34.90,4.6533,true,1,151453
7804414017134,false,יין מונטסאו קברנה סו,מונטסאו,צ'ילה (TDE),יין מונטסאו קברנה סוביניון 750 מל,מיליליטרים,750.00,"100 מ""ל",false,1,34.90,4.6533,true,1,151452
7804414017141,false,יין מרלו מונטסאו 750,מונטסאו,צ'ילה (TDE),יין מרלו מונטסאו 750 מל,מיליליטרים,750.00,"100 מ""ל",false,1,34.90,4.6533,true,1,151451
7860001952714,false,מברשת סיליקון צבעוני,אודס,,מברשת סיליקון צבעונית,יחידה,1.00,יחידה,false,1,10.00,10.0000,true,1,103080
7891024030974,false,משחת שיניים קולגייט,הנסיך- מפעל לייצור ט,BR,קולגייט משחת שיניים טריפל אקשן 75 מל,לא מנהל יחידת מידה,0.00,לא מנהל יחידת מידה,false,1,6.90,0.0000,true,1,115287
7891024124826,false,משחת שיניים אופטיק ו,הנסיך- מפעל לייצור ט,BR,קולגייט משחת שיניים אופטיק וייט 75 מל,מיליליטרים,75.00,"100 מ""ל",false,1,23.90,31.8667,true,1,89124
7891024179482,false,שטיפת פה אופטיק וייט,קולגייט- פלמוליב,PL,קולגייט מי פה אופטיק וייט 500 מל,מיליליטרים,500.00,"100 מ""ל",false,1,31.90,6.3800,true,1,89125
7896002100441,false,קסאשה 51 700 מל,קומפני לה פרוניה,BR,"רום קשאסה 51  700 מ""ל",מיליליטרים,700.00,"100 מ""ל",false,1,109.90,15.7000,true,1,126445
7909690466840,false,כפכפי הווייאנס  סלים,,,כפכפי הווייאנס  סלים גלוס שחור  39-40,יחידה,1.00,יחידה,false,1,79.90,79.9000,true,1,159024
7909690466857,false,כפכפי הווייאנס  סלים,,,כפכפי הווייאנס  סלים גלוס שחור  41-42,יחידה,1.00,יחידה,false,1,79.90,79.9000,true,1,159025
8000020000365,false,ורמוט צינזאנו ביאנקו,יבואן ומשווק: ש. שסט,IT,צינזנו ורמוט לבן מתוק ביאנקו 750 מל,מיליליטרים,700.00,"100 מ""ל",false,1,44.90,6.4143,true,1,101121
8000040001106,false,"קמפרי 700 מ""ל",קמפרי,,"קמפרי 700 מ""ל",מיליליטרים,700.00,"100 מ""ל",false,1,109.90,15.7000,true,1,103418
8000040500012,false,וויילד טרקי 81 בורבו,קמפרי,,"וויילד טרקי 81 בורבון 700 מ""ל",מיליליטרים,700.00,"100 מ""ל",false,1,134.90,19.2714,true,1,123467
8000070010680,false,קפסולות אספרסו ויגור,לאוג'י לוואצה אס.פי.,IT,קפסולות אספרסו ויגורוסו 55 גרם,גרמים,55.00,100 גרם,false,1,16.90,30.7273,true,1,158739
8000070012783,false,קפה לווצה אורו 250 ג,קפה לוואצה,IT,קפה לווצה אורו 250 גרם,גרמים,250.00,100 גרם,false,1,42.90,17.1600,true,1,155501
8000070019911,false,קפה לווצה אורו זהב 2,לוואצה,,קפה לווצה אורו זהב 250 גרם,גרמים,250.00,100 גרם,false,1,32.90,13.1600,true,1,146097
8000070081017,false,קפסולות דיצו  50 גרם,לאוג'י לוואצה אס.פי.,IT,קפסולות דיצו  50 גרם,גרמים,50.00,100 גרם,false,1,16.90,33.8000,true,1,158741
8000070081109,false,קפסולות קפה ריקו נטו,לאוג'י לוואצה אס.פי.,IT,קפסולות קפה ריקו נטול קפאין 50 גרם,גרמים,50.00,100 גרם,false,1,16.90,33.8000,true,1,158742
8000193000452,false,אורז ריזוטו קמפיני 1,,,אורז ריזוטו קמפיני 1 קג,קילוגרמים,1.00,"ק""ג",false,1,22.90,22.9000,true,1,126636
8000215202406,false,מעדן אורז אורגני ויט,בטר אנד דיפרנט,IT,מעדן אורז אורגני ויטריז שוקו 400 גרם,גרמים,400.00,100 גרם,false,1,16.90,4.2250,true,1,127532
8000215202413,false,מעדן אורז אורגני ויט,אלינור,IT,מעדן אורז אורגני ויטריז וניל 400 גרם,גרמים,400.00,100 גרם,false,1,16.90,4.2250,true,1,127531
8000215204219,false,משקה אורז אורגני ויט,אלינור,IT,משקה אורז אורגני 1 ליטר,ליטרים,1.00,ליטר,false,1,13.90,13.9000,true,1,71253
8000215204240,false,משקה שקדים ואורז אור,אלינור,IT,משקה שקדים ואורז אורגני 1 ליטר,ליטרים,1.00,ליטר,false,1,13.90,13.9000,true,1,71254
8000215204264,false,משקה אורז אורגני ויט,אלינור,IT,ויטריז משקה אורז אישי 200 מל,מיליליטרים,200.00,"100 מ""ל",false,1,4.90,2.4500,true,1,117356
8000215204271,false,משקה אורז ושקדים ויט,"נטורפוד בע""מ",IT,"משקה אורז ושקדים ויטריז 200 מ""ל",מיליליטרים,200.00,"100 מ""ל",false,1,4.90,2.4500,true,1,102795
8000215204363,false,VITASIמשקה קוקוס אור,אלינור,IT,VITASIמשקה קוקוס אורגני 1 ליטר,ליטרים,1.00,ליטר,false,1,16.90,16.9000,true,1,153790
8000215204370,false,תחליף שמנת צמחי לביש,ויטריז,IT,תחליף שמנת צמחי לבישול אורגני ויטריז 200,מיליליטרים,200.00,"100 מ""ל",false,1,6.90,3.4500,true,1,117863
8000215204387,true,רוטב בשמל צמחי לבישו,ויטריז,IT,רוטב בשמל צמחי אורגני,מיליליטרים,500.00,"100 מ""ל",false,1,14.50,2.9000,true,1,124441
8000215204394,false,משקה אגוזי לוז ואורז,אלינור,US,משקה אגוזי לוז ואורז אורגני 1 ליטר,ליטרים,1.00,ליטר,false,1,17.90,17.9000,true,1,100166
8000215204554,true,משקה אורז קוקוס אורג,אלינור,IT,ויטאריז אורז עם קוקוס אורגני 1 ליטר,ליטרים,1.00,ליטר,false,1,13.90,13.9000,true,1,116886
8000215204561,false,משקה שקדים אורגני VI,אלינור,IT,ויטאסי משקה שקדים אורגני 1 ליטר,ליטרים,1.00,ליטר,false,1,16.90,16.9000,true,1,127539
8000215204653,false,ויטסי - משקה סויה או,אלינור,IT,ויטסי - משקה סויה אורגני 1 ליטר,ליטרים,1.00,ליטר,false,1,11.90,11.9000,true,1,145878
8000215204677,false,ויטריז משקה שיבולת ש,ויטריז,IT,ויטריז משקה שיבולת שועל בריסטה אורגני 1ל,ליטרים,1.00,ליטר,false,1,13.90,13.9000,true,1,156907
8000215204714,false,משקה שיבולת שועל אור,אלינור,IT,פרימאבנה משקה שיבולת שועל אורגני 1 ליטר,ליטרים,1.00,ליטר,false,1,13.90,13.9000,true,1,100164
8000350001186,false,וישנזי מבחר עוגיות ב,Vicenzi S.p.A.,IT,וישנזי מבחר עוגיות במילואים וטעמים שונים 300 ג VIC,גרמים,300.00,100 גרם,false,1,19.90,6.6333,true,1,159011
8000350003821,false,וישנזי עוגיות שקדים,Vicenzi S.p.A.,IT,וישנזי עוגיות שקדים קנטונציני 225 ג VICENZI,גרמים,225.00,100 גרם,false,1,18.90,8.4000,true,1,159010
8000350004491,false,וישנזי עוגיות ביס פר,Vicenzi S.p.A.,IT,וישנזי עוגיות ביס פריכות עם קרם חלבי 125 ג VICENZI,גרמים,125.00,100 גרם,false,1,10.90,8.7200,true,1,159004
8000350004781,false,וישנזי עוגיות ביס פר,Vicenzi S.p.A.,IT,וישנזי עוגיות ביס פריכות עם קרם שוקולד 125 ג VICEN,גרמים,125.00,100 גרם,false,1,10.90,8.7200,true,1,159005
8000350007393,false,וישנזי עוגיות במילוי,Vicenzi S.p.A.,IT,וישנזי עוגיות במילוי קרם וניל 150 ג VICENZI,גרמים,150.00,100 גרם,false,1,11.90,7.9333,true,1,159007
8000380001446,false,שוקולד לואקיני חלב 1,"כד בני דרום בע""מ",IT,שוקולד לואקיני חלב 100 גרם,גרמים,100.00,100 גרם,false,1,14.90,14.9000,true,1,122533
8000380003723,false,ופל גרנד פטיסרי אגוז,קריניציה ויטמינה אס,IT,ופל גרנד פטיסרי אגוזים 100 גרם,גרמים,100.00,100 גרם,false,1,12.90,12.9000,true,1,9510
8000380003754,false,גרנד פטיסרי קפוצינו,"כד בני דרום בע""מ",IT,גרנד פטיסרי קפוצינו 100 גרם,גרמים,100.00,100 גרם,false,1,12.90,12.9000,true,1,127171
8000380003761,false,ופל גרנד פטיסרי קוקו,קריניציה ויטמינה אס,IT,לואקר גרנד פטיסרי קוקוס 100 גרם,גרמים,100.00,100 גרם,false,1,12.90,12.9000,true,1,9511
8000380004669,false,ופל סנדויץ קקאו לואק,"א. לואקר, קונפקט ג'י",AT,ופל סנדויץ קקאו לואקר 200 גרם,גרמים,200.00,100 גרם,false,1,14.90,7.4500,true,1,60804
8000380004676,false,ופל סנדויץ קרם וניל,"א. לואקר, קונפקט ג'י",AT,ופל סנדויץ קרם וניל לואקר 200 גרם,גרמים,200.00,100 גרם,false,1,14.90,7.4500,true,1,9512
8000380004881,false,ופל קואדרטיני טירמיס,קריניציה ויטמינה אס,IT,ופל קואדרטיני טירמיסו 220 גרם,גרמים,220.00,100 גרם,false,1,14.90,6.7727,true,1,20557
8000380004911,false,ופל קואדרטיני אגוז 2,א. לואקר,AT,קוארדטיני אגוז 250 גר',גרמים,250.00,100 גרם,false,1,14.90,5.9600,true,1,9513
8000380004966,false,ופל קואדרטיני קקאו 2,קריניציה ויטמינה אס,AT,קוארדטיני שוקולד 250 גר',גרמים,250.00,100 גרם,false,1,14.90,5.9600,true,1,9514
8000380007219,false,ופל אגוזים לואקר 175,א. לואקר,AT,לואקר קלאסיק אגוז 175 גרם,גרמים,175.00,100 גרם,false,1,10.90,6.2286,true,1,9515
8000380007257,false,ופל מצופה שוקולד גרד,א. לואקר,IT,לואקר גרנדה אגוז 200 גר',גרמים,200.00,100 גרם,false,1,14.90,7.4500,true,1,9516
8000380007264,false,ופל קקאו לואקר 175 ג,קריניציה ויטמינה אס,AT,לואקר קלאסיק קקאו 175 גרם,גרמים,175.00,100 גרם,false,1,10.90,6.2286,true,1,12710
8000380106028,false,טורטינה אורגינל שישי,קריניציה ויטמינה אס,IT,טורטינה 1/6 חדש,גרמים,125.00,100 גרם,false,1,22.90,18.3200,true,1,46011
8000380144044,false,ופל שוקולד גרדנה 200,לואקר,IT,וופל במילוי קרם שוקולד מצופה שוקולד חלב,גרמים,200.00,100 גרם,false,1,14.90,7.4500,true,1,46013
8000380148035,false,גרנד פטיסרי מריר,קריניציה ויטמינה אס,IT,לואקר גרנד פטיסרי מריר 100 גרם,גרמים,100.00,100 גרם,false,1,12.90,12.9000,true,1,67637
8000380152704,false,לואקר אצבעות גרדנה ב,"אינסטנטה בע""מ",IT,לואקר אצבעות גרדנה בשקית-אגוז 125 גרם,גרמים,125.00,100 גרם,false,1,18.90,15.1200,true,1,85414
8000380152728,false,לואקר אצבעות גרדנה ב,"אינסטנטה בע""מ",IT,לואקר אצבעות גרדנה בשקית-שוקולד 125 גרם,גרמים,125.00,100 גרם,false,1,18.90,15.1200,true,1,85619
8000380153442,false,ופל אגוז לואקר 90 גר,לואקר,,ופל אגוז לואקר 90 גרם,גרמים,90.00,100 גרם,false,1,7.90,8.7778,true,1,90052
8000380153466,false,ופל שוקולד לואקר 90,קריניציה ויטמינה אס,IT,ופל שוקולד לואקר 90 גרם,גרמים,90.00,100 גרם,false,1,7.90,8.7778,true,1,90046
8000380154791,false,טורטינה אורגינל שליש,קריניציה ויטמינה אס,IT,טורטינה אורגינל 21גר,גרמים,63.00,100 גרם,false,1,12.90,20.4762,true,1,107890
8000380154814,false,טורטינה מריר שלישיה,א. לואקר,IT,טורטינה 1/3 מריר,גרמים,63.00,100 גרם,false,1,12.90,20.4762,true,1,109795
8000380155699,false,טורטינה לבן,קריניציה ויטמינה אס,IT,טורטינה 1/3 לבן,גרמים,63.00,100 גרם,false,1,12.90,20.4762,true,1,102274
8000380156009,false,בונבוניירה ורד דולומ,קריניציה ויטמינה אס,IT,בונבוניירה ורד דולומיטים חלב 150 גרם,גרמים,150.00,100 גרם,false,1,23.90,15.9333,true,1,147763
8000380156573,false,ורד הדולומיטים מעורב,קריניציה ויטמינה אס,IT,דולומיטים חלב 100ג,גרמים,150.00,100 גרם,false,1,23.90,15.9333,true,1,111286
8000380157440,false,שוקולד חלב אגוזים לו,"אינסטנטה בע""מ",IT,שוקולד חלב אגוזים לואקר 80 גרם,גרמים,80.00,100 גרם,false,1,7.90,9.8750,true,1,118193
8000380158546,false,שוקולד לואקיני מריר,"כד בני דרום בע""מ",IT,שוקולד לואקיני מריר 100 גרם,גרמים,100.00,100 גרם,false,1,14.90,14.9000,true,1,122534
8000380180721,false,ופל לואקר קלאסיק שוק,א. לואקר,AT,לואקר קלאסיק שוקו-חלב 175 גרם,גרמים,175.00,100 גרם,false,1,10.90,6.2286,true,1,113945
8000380180745,false,ופל קואדרטיני שושו ל,"א. לואקר, קונפקט ג'י",AT,ופל קואדרטיני שושו לבן 250 גרם,גרמים,250.00,100 גרם,false,1,14.90,5.9600,true,1,114159
8000380180837,false,גרנד פטיסרי במילוי ק,"אינסטנטה בע""מ",IT,גרנד פטיסרי במילוי קרם קוקוס ובציפוי שוק,גרמים,100.00,100 גרם,false,1,12.90,12.9000,true,1,116691
8000380181032,false,לואקר אצבעות גרדנה ב,"אינסטנטה בע""מ",IT,לואקר אצבעות גרדנה בשקית-אגוז לבן 125 גר,גרמים,125.00,100 גרם,false,1,18.90,15.1200,true,1,127165
8000380187119,false,עוגיות לואקר אגוזי ל,לואקר,AT,עוגיות לואקר אגוזי לוז,גרמים,100.00,100 גרם,false,1,15.90,15.9000,true,1,151030
8000380189281,false,מארז לואקר מיני מיקס,לואקר,IT,לואקר מארז מיני מיקס 210 גרם,גרמים,210.00,100 גרם,false,1,24.90,11.8571,true,1,125745
8000380192199,false,לואקר דאבל שוקולד 17,לואקר,AT,לואקר דאבל שוקולד 175 גרם,גרמים,175.00,100 גרם,false,1,10.90,6.2286,true,1,129855
8000380192588,false,קואדרטיני דאבל שוקול,א. לואקר,AT,קוארדטיני אגוז 250 גר',גרמים,250.00,100 גרם,false,1,14.90,5.9600,true,1,129814
8000380201525,false,לואקר פטיסרי אגוז 1/,לואקר,IT,לואקר פטיסרי אגוז 1/6 126,גרמים,126.00,100 גרם,false,1,21.90,17.3810,true,1,155228
8000380205400,false,קוואדרטיני חמאת בוטנ,לואקר,IT,קוואדרטיני חמאת בוטנים 250 גרם,גרמים,250.00,100 גרם,false,1,14.90,5.9600,true,1,158733
8000380205523,false,לואקר חמאת בוטנים 17,לואקר,IT,לואקר חמאת בוטנים 175 גרם,גרמים,175.00,100 גרם,false,1,10.90,6.2286,true,1,158732
8000500009673,false,בונבוניירה רושר 300,פררו,IT,בונבוניירה רושר 300 גרם,גרמים,300.00,100 גרם,false,1,49.90,16.6333,true,1,25402
8000500011461,false,בונבונייה רושר 525 ג,פררו,DE,בונבונייה רושר 525 גרם,גרמים,525.00,100 גרם,false,1,69.90,13.3143,true,1,153011
8000500023624,false,קינדר הפי היפו קקאו,קדבורי,DE,קינדר הפי היפו קקאו 105 גר,גרמים,102.00,100 גרם,false,1,14.90,14.6078,true,1,46138
8000500023976,false,בונבוניירה רפאלו 150,פררו,PL,כדור וופל בציפוי קוקוס פריך במילוי קרם ושקד שלם,גרמים,150.00,100 גרם,false,1,19.90,13.2667,true,1,9517
8000500026731,false,ביצי הפתעה מצופה שוק,פררו,IT,ביצת הפתעה  קינדר שלישייה,גרמים,64.00,100 גרם,false,1,15.90,24.8438,true,1,9518
8000500029350,false,קינדר בואנו קלאסי של,פררו,PL,קינדר בואנו קלאסי שלישייה 129 גרם,גרמים,129.00,100 גרם,false,1,13.50,10.4651,true,1,9519
8000500032237,false,פררו רושה  375 גרי,קדבורי,IT,פררו רושה  375 גרי,גרמים,375.00,100 גרם,false,1,46.90,12.5067,true,1,22066
8000500037874,false,בונבוניירה רושר אריז,פררו,IT,בונבוניירה רושר אריזה דקורטיבית 200 גרם,גרמים,200.00,100 גרם,false,1,29.90,14.9500,true,1,9521
8000500071083,false,שוקולד קינדר אריזה ד,קדבורי,IT,אצבעות שוקולד קינדר 200 גר,גרמים,200.00,100 גרם,false,1,12.90,6.4500,true,1,9522
8000500094976,false,בונב.רושה קונוס 212,פררו,IT,בונב.רושה קונוס 212 גרם,גרמים,212.00,100 גרם,false,1,39.90,18.8208,true,1,87835
8000500121436,false,קינדר בואנו לבן שליש,פררו,PL,קינדר בואנו לבן שלישייה,גרמים,129.00,100 גרם,false,1,13.50,10.4651,true,1,76119
8000500126325,false,שלישיית קינדר גוי ור,פררו,ZA,קינדר ג'וי ורוד שלישייה,גרמים,60.00,100 גרם,false,1,15.90,26.5000,true,1,99169
8000500164242,false,רפאלו  70 גרם,קדבורי,PL,רפאלו  70 גרם,גרמים,70.00,100 גרם,false,1,12.90,18.4286,true,1,147500
8000500227848,true,נוטלה בי רדי שישיה 1,קדבורי,IT,נוטלה בי רדי שישיה 132 גרם,גרמים,132.00,100 גרם,false,1,13.90,10.5303,true,1,125615
8000500247150,true,פררו קולקשיין 172  ג,קדבורי,DE,פררו קולקשיין 172  גרי,גרמים,172.00,100 גרם,false,1,29.90,17.3837,true,1,147499
8000500247167,false,פררו קולקשין269 גרם,פררו,DE,בונבוניירה פררו קולקשין 269  גרם,גרמים,269.00,100 גרם,false,1,49.90,18.5502,true,1,120984
8000500249352,false,חטיפי בואנו מיני מיק,פררו,PL,קינדר בואנו מיני מיקס,גרמים,205.00,100 גרם,false,1,21.90,10.6829,true,1,123447
8000500256213,false,שוקולד קינדר מיני 12,פררו,IT,קינדר שוקולד מיני 120 גרם,גרמים,120.00,100 גרם,false,1,12.90,10.7500,true,1,147540
8000500267103,true,קינדר דליס עשיריה,פררו,IT,קינדר דליס עוגת ספוג קקאו במילוי חלבי 390 גרם,גרמים,390.00,100 גרם,false,1,20.90,5.3590,true,1,125953
8000500269169,false,קינדר קארדס חמישיה 1,פררו,IT,קינדר קארדס חמישיה 128 גרם,גרמים,128.00,100 גרם,false,1,13.90,10.8594,true,1,160154
8000500374429,false,מעטפת שוקולד חלב אגו,פררו,IT,מעטפת שוקולד חלב אגוזי לוז 100 גר,גרמים,100.00,100 גרם,false,1,14.90,14.9000,true,1,155230
8000500386941,false,ממרח אגוזי לוז  עם ק,קדבורי,IT,ממרח אגוזי לוז  עם קקאו נוטלה  900גרם,גרמים,900.00,100 גרם,false,1,33.90,3.7667,true,1,158165
8000698307575,false,בונ גואיל 235 ג FELE,SORINI-Holding Dolci,IT,בונ גואיל 235 ג FELETTI,גרמים,235.00,100 גרם,false,1,54.90,23.3617,true,1,155361
8000698463295,false,בונ אלודי 250 ג FELE,H.D.I,IT,בונ אלודי 250 ג FELETTI,גרמים,250.00,100 גרם,false,1,64.90,25.9600,true,1,152695
8000698466265,false,בונ אליזה פילטי 400,H.D.I,IT,בונ אליזה פילטי 400 ג FELETTI,גרמים,400.00,100 גרם,false,1,84.90,21.2250,true,1,152697
8000700000050,false,סבון מוצק לבן  דאב ר,יוניליוור גרמניה (מנ,DE,סבון מוצק לבן  דאב רביעייה,גרמים,400.00,100 גרם,false,1,13.90,3.4750,true,1,9533
8000920704967,false,גלידה שורטי צאנקי מא,מוצרי איכות אמריקאיי,,"גלידה שורטי צאנקי מאנקי 150 מ""ל",מיליליטרים,150.00,"100 מ""ל",false,1,10.90,7.2667,true,1,24399
8000920704974,false,גלידה שורטי שוקולד ב,מוצרי איכות אמריקאיי,,"גלידה שורטי שוקולד בראוניס  150 מ""ל",מיליליטרים,150.00,"100 מ""ל",false,1,10.90,7.2667,true,1,24400
8000920704998,false,גלידה שורטי בצק עוגי,מוצרי איכות אמריקאיי,IL,בצק עוגיות 150 מ'ל - שורטי,מיליליטרים,150.00,"100 מ""ל",false,1,8.90,5.9333,true,1,24402
8001003100218,false,יוגטה גלי פירות 800,סרז'טו,IT,"יוגטה סוכריות ג'לי בטעמי פירות, 800 גרם",גרמים,800.00,100 גרם,false,1,21.90,2.7375,true,1,116195
8001010033721,false,רוטב פסטו חדש 135 גר,,,רוטב פסטו חדש 135 גרם PONTI,גרמים,135.00,100 גרם,false,1,13.90,10.2963,true,1,129014
8001090016003,true,פיירי טב למדיח 84 יח,קדבורי,BE,פיירי אוריגינל קפסולות למדיח כלים 84 יחידות,Unknown,0.00,Unknown,false,1,59.90,0.0000,true,1,138515
8001090222428,true,הרבל אסנסס שמפו חלב,קדבורי,FR,הרבל אסנסס שמפו חלב קוקוס,Unknown,0.00,Unknown,false,1,19.90,0.0000,true,1,145143
8001090222725,true,הרבל אסנסס שמפו שמן,קדבורי,FR,"הרבל אסנסס שמפו שמן מורינגה 400 מ""ל",Unknown,0.00,Unknown,false,1,19.90,0.0000,true,1,145145
8001090222756,true,הרבל אסנסס מרכך שמן,קדבורי,FR,הרבל אסנסס מרכך שמן מורינגה,Unknown,0.00,Unknown,false,1,19.90,0.0000,true,1,145146
8001090222848,true,הרבל אסנסס שמפו שיקו,קדבורי,FR,"הרבל אסנסס שמפו שיקום שמן ארגן 400 מ""ל",Unknown,0.00,Unknown,false,1,19.90,0.0000,true,1,145147
8001090222879,true,הרבל אסנסס מרכך שיקו,קדבורי,FR,הרבל אסנסס מרכך שיקום שמן ארגן,Unknown,0.00,Unknown,false,1,19.90,0.0000,true,1,145148
8001090336354,false,פמפרס בייבי דריי מיד,קדבורי,DE,פמפרס בייבי דריי מידה 2 46 יחידות,לא מנהל יחידת מידה,0.00,לא מנהל יחידת מידה,false,1,35.90,0.0000,true,1,146794
8001090336408,false,פמפרס בייבי דריי מיד,קדבורי,DE,פמפרס בייבי דריי מידה 3 38 יחידות,לא מנהל יחידת מידה,0.00,לא מנהל יחידת מידה,false,1,35.90,0.0000,true,1,146795
8001090336446,false,פמפרס בייבי דריי מיד,קדבורי,DE,פמפרס בייבי דריי מידה 4 34 יחידות,לא מנהל יחידת מידה,0.00,לא מנהל יחידת מידה,false,1,35.90,0.0000,true,1,146796
8001090336491,false,פמפרס בייבי דריי מיד,קדבורי,DE,פמפרס בייבי דריי מידה 4+ 31 יחידות,לא מנהל יחידת מידה,0.00,לא מנהל יחידת מידה,false,1,35.90,0.0000,true,1,146797
8001090336521,false,פמפרס בייבי דריי מיד,קדבורי,DE,פמפרס בייבי דריי מידה 5 30 יחידות,לא מנהל יחידת מידה,0.00,לא מנהל יחידת מידה,false,1,35.90,0.0000,true,1,146798
8001090336606,false,פמפרס בייבי דריי מיד,קדבורי,DE,פמפרס בייבי דריי מידה 6 26 יחידות,לא מנהל יחידת מידה,0.00,לא מנהל יחידת מידה,false,1,35.90,0.0000,true,1,146799
8001090375186,true,פנטן מרכך 200 לצבע מ,קדבורי,FR,"פנטן מרכך הקסם 200 מ""ל לצבע מלא חיים",Unknown,0.00,Unknown,false,1,21.90,0.0000,true,1,138517
8001090375230,true,פנטן מרוכז 200 לחות,קדבורי,FR,"פנטן מרכך הקסם 200 מ""ל לחות מוגברת",Unknown,0.00,Unknown,false,1,21.90,0.0000,true,1,138518
8001090510419,false,נוזל כלים פיירי הדרי,פרוקטר,GB,נוזל כלים פיירי הדרים כתום 450 מל,מיליליטרים,450.00,"100 מ""ל",false,1,8.90,1.9778,true,1,160488
8001090705600,false,טמפקס קומפאק רגולר 1,פרוקטל אנד גמבל,HU,טמפקס קומפאק רגולר 18 יח,יחידה,18.00,יחידה,false,1,25.90,1.4389,true,1,160626
8001090705662,false,טמפקס קומפאק סופר 18,פרוקטל אנד גמבל,HU,טמפקס קומפאק סופר 18 יח,יחידה,18.00,יחידה,false,1,25.90,1.4389,true,1,160627
8001090705723,false,טמפקס קומפאק סופר פל,פרוקטל אנד גמבל,HU,טמפקס קומפאק סופר פלוס 18 יח,יחידה,18.00,יחידה,false,1,25.90,1.4389,true,1,160628
8001090721099,false,אריאל קפסולות לכביסה,פרוקטר אנד גמבל,FR,אריאל קפסולות 27 יח,יחידה,1.00,יחידה,false,1,39.90,39.9000,true,1,128462
8001090721129,false,אריאל קפסולות לכביסה,פרוקטר אנד גמבל,FR,אריאל קפסולות לכביסה צבעונית,יחידה,1.00,יחידה,false,1,39.90,39.9000,true,1,128461
8001090810083,false,פנטן קונדישנר נוסחה,פרוקטר אנד גמבל,,"פנטן קונדישנר נוסחה קלאסית 500 מ""ל",מיליליטרים,500.00,"100 מ""ל",false,1,18.90,3.7800,true,1,126295
8001090810120,false,פנטן קונדישנר מרוקאי,פרוקטר אנד גמבל,,"פנטן קונדישנר מרוקאי משקם 500 מ""ל",מיליליטרים,500.00,"100 מ""ל",false,1,18.90,3.7800,true,1,126301
8001090810205,false,פנטן שמפו נוסחה קלאס,פרוקטר אנד גמבל,,"פנטן שמפו נוסחה קלאסית 500 מ""ל",מיליליטרים,500.00,"100 מ""ל",false,1,18.90,3.7800,true,1,126294
8001090810281,false,פנטן שמפו שמן מרוקאי,פרוקטר אנד גמבל,,"פנטן שמפו שמן מרוקאי משקם 500 מ""ל",מיליליטרים,500.00,"100 מ""ל",false,1,18.90,3.7800,true,1,126300
8001090810403,false,פנטן שמפו למגע רך כמ,פרוקטר אנד גמבל,,"פנטן שמפו למגע רך כמשי 500 מ""ל",מיליליטרים,500.00,"100 מ""ל",false,1,18.90,3.7800,true,1,126292
8001090833167,false,אריאל גל כביסה ניחוח,פרוקטור אנד גמבל,FR,אריאל גל כביסה ניחוח הרים 2.365 ליטר,ליטרים,2.37,ליטר,false,1,36.90,15.5696,true,1,127445
8001090833198,false,אריאל גל כביסה ניחוח,פרוקטור אנד גמבל,FR,אריאל ג'ל כביסה ניחוח מרענן 2.365 ליטר,ליטרים,2.37,ליטר,false,1,36.90,15.5696,true,1,127446
8001090988362,false,פנטן שמפו לחות מוגבר,מנדלז סי.אר. פרודקשן,RO,"פנטן שמפו לחות מוגברת 500 מ""ל",מיליליטרים,500.00,"100 מ""ל",false,1,18.90,3.7800,true,1,126290
8001090988768,false,פנטן שמפו הזנת קרטין,פרוקטר אנד גמבל,,"פנטן שמפו הזנת קרטין 500 מ""ל",מיליליטרים,500.00,"100 מ""ל",false,1,18.90,3.7800,true,1,126302
8001090988843,false,פנטן קונדישנר לחות מ,פרוקטר אנד גמבל,,"פנטן קונדישנר לחות מוגברת 500 מ""ל",מיליליטרים,500.00,"100 מ""ל",false,1,18.90,3.7800,true,1,126291
8001090988881,false,פנטן קונדישנר למגע ר,פרוקטר אנד גמבל,,"פנטן קונדישנר למגע רך כמשי 500 מ""ל",מיליליטרים,500.00,"100 מ""ל",false,1,18.90,3.7800,true,1,126293
8001090989000,false,פנטן מרכך הזנת קרטין,פרוקטר אנד גמבל,,"פנטן מרכך הזנת קרטין 500 מ""ל",מיליליטרים,500.00,"100 מ""ל",false,1,18.90,3.7800,true,1,126303
8001160001786,false,משקה גטורייד ספורט כ,פארייפאבה אגרואינדוס,IT,"משקה גטורייד ספורט כחול 500 מ""ל",מיליליטרים,500.00,"100 מ""ל",false,1,10.90,2.1800,true,1,88123
8001160001892,false,משקה גטורייד ספורט ת,פארייפאבה אגרואינדוס,IT,גטורייד ספורט תפוז אדום בקבוק 500 תריסר,מיליליטרים,500.00,"100 מ""ל",false,1,10.90,2.1800,true,1,89396
8001250152015,false,פפרדלה 500 גרם 201 D,DE CECCO,IT,פפרדלה 500 גרם 201 DE CECCO,גרמים,500.00,100 גרם,false,1,12.90,2.5800,true,1,42776
8001250152336,false,פסטה פטוציני 500 גרם,,,פסטה פטוציני 500 גרם דה צקו,גרמים,500.00,100 גרם,false,1,12.90,2.5800,true,1,42777
8001505000160,true,מעדן דובדבנים אורגני,אף.סי תבליני בגליל ב,IT,פיור די פרוטה מעדן דובדבנים 250 גרם,גרמים,250.00,100 גרם,false,1,20.90,8.3600,true,1,130492
8001505000177,true,מעדן משמש אורגני ללא,אף.סי תבליני בגליל ב,IT,אורגניכ פארמינג מעדן משמש 250 גרם,גרמים,250.00,100 גרם,false,1,20.90,8.3600,true,1,130493
8001505000184,false,מעדן אוכמניות אורגני,אף.סי תבליני בגליל ב,IT,אורגניכ פארמינג מעדן אוכמניות 260 גרם,גרמים,250.00,100 גרם,false,1,20.90,8.3600,true,1,98624
8001505000283,false,מעדן פטל אורגני ללא,אף.סי תבליני בגליל ב,IT,מעדן פטל אורגני 250 גרם,גרמים,250.00,100 גרם,false,1,20.90,8.3600,true,1,98623
8001505000306,true,מעדן פירות יער אורגנ,אף.סי תבליני בגליל ב,IT,אורגניכ פארמינג מעדן פירות יער 250 גרם,גרמים,250.00,100 גרם,false,1,20.90,8.3600,true,1,130494
8001505000313,false,ממרח אגוזי לוז אורגנ,ריג'וני דה אסינו,IT,ממרח אגוזי לוז אורגני 270 גרם ניקולטה,גרמים,270.00,100 גרם,false,1,22.90,8.4815,true,1,98626
8001505000320,false,מעדן תותים ותותי בר,אף.סי תבליני בגליל ב,IT,מעדן תותים ותותי בר אורגני ללא סוכר 250,גרמים,250.00,100 גרם,false,1,21.90,8.7600,true,1,98625
8001505000498,true,מעדן לימון אורגני,ריג'וני דה אסיאגו,IT,מעדן לימון אורגני 250 גרם,גרמים,250.00,100 גרם,false,1,21.90,8.7600,true,1,130495
8001505000573,true,מעדן דומדמניות אורגנ,ריג'וני דה אסיאגו,IT,מעדן דומדמניות אורגני 270 גרם,גרמים,270.00,100 גרם,false,1,21.90,8.1111,true,1,130496
8001505000580,true,מעדן אפרסק אורגני,ריג'וני דה אסיאגו,IT,מעדן אפרסק אורגני 250 גרם,גרמים,250.00,100 גרם,false,1,21.90,8.7600,true,1,130497
8001505001105,true,ממרח אגוזי לוז אורגנ,אף.סי תבליני בגליל ב,IT,ממרח אגוזי לוז אורגני לא חלבי 270 גרם ני,גרמים,270.00,100 גרם,false,1,22.90,8.4815,true,1,124401
8001505001785,false,נוציולטה ביאנקה ממרח,אף.סי תבליני בגליל ב,IT,ממרח 30% אגוזי לוז,גרמים,270.00,100 גרם,false,1,21.90,8.1111,true,1,145848
8001505002041,true,מעדן חושחש אורגני 25,ריג'וני דה אסיאגו,IT,מעדן חושחש אורגני 260 גרם,גרמים,250.00,100 גרם,false,1,21.90,8.7600,true,1,130498
8001505002850,false,ממרח אגוזי לוז אורגנ,ריג'וני דה אסינו,IT,ממרח אגוזי לוז אורגני,גרמים,700.00,100 גרם,false,1,49.90,7.1286,true,1,145162
8001620011935,false,מים סן בנדטו מוגז עד,אקווה מינרלה סאן בנד,IT,מים סן בנדטו מוגז עדין מארז שישייה,ליטרים,3.00,ליטר,false,1,15.90,5.3000,true,1,78703
8001620015636,false,סן בנדטו מיקס פירות,"איי, בי, אינבוו",IT,משקה פירות פרוטה בטעם מיקס פירות,מיליליטרים,400.00,"100 מ""ל",false,1,8.50,2.1250,true,1,153177
8001620019160,false,סן בנדטו אפרסק 400 מ,טמפו,IL,"סן בנדטו אפרסק 400 מ""ל",מיליליטרים,400.00,"100 מ""ל",false,1,8.50,2.1250,true,1,159906
8001620019177,false,סן בנדטו ענבים 400 מ,טמפו,IL,"סן בנדטו ענבים 400 מ""ל",מיליליטרים,400.00,"100 מ""ל",false,1,8.50,2.1250,true,1,159907
8001691626618,true,"צנצנת זכוכית 300 מ""ל",,,"צנצנת זכוכית 300 מ""ל",,0.00,,false,,6.90,0.0000,true,1,160563
8001691626649,true,"צנצנת זכוכית 500 מ""ל",,,"צנצנת זכוכית 500 מ""ל",,0.00,,false,,8.90,0.0000,true,1,160564
8001691626670,true,צנצנת זכוכית 1 ליטר,,,צנצנת זכוכית 1 ליטר,,0.00,,false,,9.90,0.0000,true,1,160565
8001691831241,true,"צנצנת זכוכית 200 מ""ל",,,"צנצנת זכוכית 200 מ""ל",,0.00,,false,,5.90,0.0000,true,1,160562
8001780499307,false,דובדבני אמרנה 230 גר,FABRRI,IT,דובדבני אמרנה 230 גרם FABBRI,גרמים,230.00,100 גרם,false,1,23.90,10.3913,true,1,146378
8001841062624,false,פמפרס מגבונים רביעיי,פרוקטר אנד גמבל.,DE,פמפרס מגבונים רביעייה ללא בישום,יחידה,4.00,יחידה,false,4,17.90,4.4750,true,1,160779
8001841077949,false,פמפרס מגבונים רביעיי,פרוקטר אנד גמבל,DE,פמפרס מגבונים רביעייה עם בישום,יחידה,4.00,יחידה,false,4,17.90,4.4750,true,1,160778
8001841137179,false,הד אנד שולדרס מרכך ק,קדבורי,RO,"הד אנד שולדרס מרכך קלאסי 275  מ""ל",מיליליטרים,275.00,"100 מ""ל",false,1,16.90,6.1455,true,1,147776
8001841237657,false,מגן תחתון אולוויז פר,פרוקטר & גמבל,DE,מגן תחתון אולוויז פרש נורמל 72 יח,יחידה,72.00,יחידה,false,1,18.90,0.2625,true,1,159292
8001841669465,false,אריאל קפסולות 24 יח,קדבורי,FR,אריאל קפסולות 24 יח בניחוח לנור,יחידה,1.00,יחידה,false,1,39.90,39.9000,true,1,153941
8001841715957,false,שולדרס גל רחצה ושמפו,פרוקטר & גמבל,FR,שולדרס גל רחצה ושמפו ניקוי אינטנסיבי 3,מיליליטרים,360.00,"100 מ""ל",false,1,19.90,5.5278,true,1,155117
8001841716435,false,שולדרס גל רחצה ושמפו,פרוקטר & גמבל,FR,"שולדרס גל רחצה ושמפו לעור רגיש, 360 מ""ל",מיליליטרים,360.00,"100 מ""ל",false,1,19.90,5.5278,true,1,155119
8001841716596,false,הד שולדרס גל רחצה וש,"נארז ע""י : א.ג. גילר",FR,"הד שולדרס גל רחצה ושמפו מרענן 360 מ""ל",מיליליטרים,360.00,"100 מ""ל",false,1,19.90,5.5278,true,1,155120
8001841722481,false,מגן תחתון אולוויז פר,פרוקטר & גמבל,DE,מגן תחתון אולוויז פרש נורמל 54 יח,יחידה,54.00,יחידה,false,1,14.90,0.2759,true,1,159293
8001841958460,false,פיירי טבליות למדיח 4,פרוקטר & גמבל,BE,פיירי טבליות למדיח 48 יחידות,לא מנהל יחידת מידה,0.00,לא מנהל יחידת מידה,false,1,44.90,0.0000,true,1,154438
8001841960081,false,פיירי טבליות למדיח פ,פרוקטר & גמבל,BE,פיירי טבליות למדיח פלטינום 37 יחידות,לא מנהל יחידת מידה,0.00,לא מנהל יחידת מידה,false,1,44.90,0.0000,true,1,154439
8001943549122,true,מטבעות צוקטה חלב,ואל קור קורסניני אס,IT,מטבעות צוקטה חלב,לא מנהל יחידת מידה,0.00,לא מנהל יחידת מידה,false,1,4.90,0.0000,true,1,124831
8002205319835,false,ONE חתול בוגר סלמון,פורינה,US,ONE חתול בוגר סלמון 800,גרמים,800.00,100 גרם,false,1,34.90,4.3625,true,1,145855
8002230000012,false,ליקר אפרול בקבוק 1 ל,קמפרי,,ליקר אפרול בקבוק 1 ליטר,ליטרים,1.00,ליטר,false,1,114.90,114.9000,true,1,123469
8002267014662,true,צוקטה ביצי שוקולד הו,דולפין ספא,IT,צ'וקטה מארז 3 יח' ביצת שוקולד חלב ברבי 60 גרם,גרמים,60.00,100 גרם,false,1,12.90,21.5000,true,1,138582
8002267014945,true,צוקטה ביצי שוקולד בר,דולפין ספא,IT,צ'וקטה מארז 3 יח' ביצת שוקולד חלב מכוניות 60 גרם,גרמים,60.00,100 גרם,false,1,12.90,21.5000,true,1,140667
8002267016475,false,צוקטה ביצי שוקולד בו,מולינו ניקולי s.p.a,IT,צוקטה 3 ביצי שוקולד חלב עם הפתעות 60 גרם,גרמים,60.00,100 גרם,false,1,12.90,21.5000,true,1,147519
8002270846472,false,סן פלגרינו פלאסטיק ב,"איי, בי, אינבוו",IT,"סן פלגרינו מוגז פלסטיק 500 מ""ל 24 יחידות",מיליליטרים,500.00,"100 מ""ל",false,1,6.20,1.2400,true,1,90839
8002270866524,false,סן פלגרינו מים,San Pellegrino Terme,IT,סן פלגרינו 1 ליטר בקבוק פלסטיק,ליטרים,1.00,ליטר,false,1,9.60,9.6000,true,1,90708
8002415801052,true,סוכריות טופי 1 קג וק,,,סוכריות טופי 1 קג וק,,0.00,,false,,27.90,0.0000,true,1,160642
8002450001103,false,ורדי ספומנטה חצי מתו,"איי, בי, אינבוו",IT,הכרם ורדי משקה כהלי ספומנטה  750 מל,מיליליטרים,750.00,"100 מ""ל",false,1,27.90,3.7200,true,1,24659
8002450006559,false,יין קאזה די לואיגי ש,יקב,,"יין קאזה די לואיגי שרדונה 750 מ""ל",מיליליטרים,750.00,"100 מ""ל",false,1,31.90,4.2533,true,1,9556
8002450206508,false,יין קאזה די לואיגי ק,יקב,,"יין קאזה די לואיגי ק.סוביניון 750 מ""ל",מיליליטרים,750.00,"100 מ""ל",false,1,31.90,4.2533,true,1,9557
8002450206522,false,יין קאזה די לואיגי מ,יקב,,"יין קאזה די לואיגי מרלו 750 מ""ל",מיליליטרים,750.00,"100 מ""ל",false,1,31.90,4.2533,true,1,9559
8002450409206,false,ורדי אפרסק כשר לפסח,"איי, בי, אינבוו",IT,"ורדי אפרסק כשר לפסח 750 מ""ל",מיליליטרים,750.00,"100 מ""ל",false,1,29.90,3.9867,true,1,147899
8002450609200,false,ורדי רימונים כשר לפס,"איי, בי, אינבוו",IT,"ורדי רימונים כשר לפסח 750 מ""ל",מיליליטרים,750.00,"100 מ""ל",false,1,29.90,3.9867,true,1,147898
8002920016903,false,LADORIA עגבניות מרוס,,IT,LADORIA עגבניות מרוסקות  שלישיה 400גרם,גרמים,400.00,100 גרם,false,3,15.90,3.9750,true,1,157721
8003007800484,false,פסטה צוקה טעמים 500,,IT,פסטה צוקה טעמים 500 גרם,גרמים,500.00,100 גרם,false,1,14.90,2.9800,true,1,48582
8003007800712,false,פסטה פיורי פרחים 4 ט,,IT,פסטה פיורי פרחים 4 טעמים 500 גרם,גרמים,500.00,100 גרם,false,1,14.90,2.9800,true,1,48584
8003007800842,false,פסטה קונקיליוני צבעו,,IT,פסטה קונקיליוני צבעוני 500 גרם,גרמים,500.00,100 גרם,false,1,14.90,2.9800,true,1,48585
8003007810001,false,פסטה פנטה 4 טעמים 50,,IT,פסטה פנטה 4 טעמים 500 גרם,גרמים,500.00,100 גרם,false,1,14.90,2.9800,true,1,48586
8003007816683,false,פסטה ארמוניקה 4 טעמי,,IT,פסטה ארמוניקה 4 טעמים 500 גרם,גרמים,500.00,100 גרם,false,1,14.90,2.9800,true,1,118843
8003007825661,false,פסטה פנטזיה חצי מטר,,IT,פסטה פנטזיה חצי מטר 1 קג,קילוגרמים,1.00,"ק""ג",false,1,39.90,39.9000,true,1,158179
8003059151008,true,קרחום 500 מל,,,קרחום 500 מל,,0.00,,false,,12.90,0.0000,true,1,159944
8003059156003,true,קרחום 350 מל,,,קרחום 350 מל,,0.00,,false,,9.90,0.0000,true,1,159943
8003115851705,false,פינטא פנתוני קלאסיק,PINETA,IT,פינטא פנתוני קלאסיק 500 ג PINETA,גרמים,500.00,100 גרם,false,1,37.90,7.5800,true,1,151390
8003115852047,false,פינטא פנתוני קלאסיק,DECO,IT,פינטא פנתוני קלאסיק 908 גרם,גרמים,908.00,100 גרם,false,1,59.90,6.5969,true,1,160884
8003115852344,false,פינטא פנתוני עם קרם,DECO,IT,פינטא פנתוני עם קרם שוקולד ומקושטת בשברי,גרמים,750.00,100 גרם,false,1,64.90,8.6533,true,1,160885
8003115852351,false,פינטא פנתוני עם קרם,DECO,IT,פינטא פנתוני עם קרם מסקרפונה וליקר קפה 7,גרמים,750.00,100 גרם,false,1,64.90,8.6533,true,1,160886
8003115852603,false,פינטא פנדורו קלאסיק,PINETA,IT,פינטא פנדורו קלאסיק 750 ג PINETA,גרמים,750.00,100 גרם,false,1,54.90,7.3200,true,1,151391
8003340091280,false,בונבוניירה לינדור 60,לינדוט ושופרונגלי אי,IT,לינדט לינדור כדורי שוקולד מריר 200 ג',גרמים,200.00,100 גרם,false,1,34.90,17.4500,true,1,60624
8003385312920,false,אנטונלה רוטב ארביאטה,אנטונלה,IT,אנטונלה רוטב ארביאטה 680 גרם,גרמים,680.00,100 גרם,false,1,14.90,2.1912,true,1,156445
8003385312944,false,אנטונלה רוטב לפסטה 6,אנטונלה,IT,אנטונלה רוטב לפסטה 680 גרם,גרמים,680.00,100 גרם,false,1,14.90,2.1912,true,1,156444
8003455123203,true,"סכין שף 20 ס""מ",,,"סכין שף 20 ס""מ",,0.00,,false,,68.90,0.0000,true,1,160559
8003455123302,true,"סכין שף 22 ס""מ",,,"סכין שף 22 ס""מ",,0.00,,false,,68.90,0.0000,true,1,160560
8003455123500,true,"סכין סנטוקו 18 ס""מ",,,"סכין סנטוקו 18 ס""מ",,0.00,,false,,68.90,0.0000,true,1,160558
8003753158556,false,קפסולות אספרסו קלאסי,ג'ייקובס דאו אגרבטס,FR,קפסולות אספרסו קלאסיקו  ILLY 10יח 57גרם,גרמים,57.00,100 גרם,false,1,19.90,34.9123,true,1,147876
8003753158648,false,קפסולות אספרסו אינטנ,ג'ייקובס דאו אגרבטס,FR,קפסולות קפה אינטנסו,גרמים,57.00,100 גרם,false,1,19.90,34.9123,true,1,147877
8004030022010,false,טונה אינסלטיסימי ירק,"בולטון אלימנטרי בע""מ",IT,ריו מר ירקות גינה עם טונה 160 גרם,גרמים,160.00,100 גרם,false,1,18.50,11.5625,true,1,112097
8004030026018,false,טונה אינסלטיסימי מקס,"בולטון אלימנטרי בע""מ",IT,ריו מרה ירקות בנוסח מקסיקני עם טונה 160 גרם,גרמים,160.00,100 גרם,false,1,18.50,11.5625,true,1,112096
8004030044005,false,טונה בשמן זית ריו מר,"איטיליאן פוד, אס.פי.",IT,ריו מרה טונה בשמן זית 160 ג,גרמים,160.00,100 גרם,false,1,18.50,11.5625,true,1,9652
8004030081024,false,טונה בשמן זית שום ופ,"איטיליאן פוד, אס.פי.",IT,ריו מר נתחי טונה בהירה בשמן זית ופלפל 160 גרם,גרמים,160.00,100 גרם,false,1,18.50,11.5625,true,1,9654
8004030102033,false,ריו מרה טונה בשמן עם,בולטון אלימנטרי,IT,ריו מרה טונה בשמן עם לימון ופלפל 80*3 ג,גרמים,240.00,100 גרם,false,3,27.90,11.6250,true,1,128664
8004030180000,false,טונה בשמן זית ריו מר,בולטון אלימנטרי,IT,טונה בשמן זית ריו מרה שלישיה 240גרם,גרמים,240.00,100 גרם,false,3,27.90,11.6250,true,1,160278
8004030344938,false,טונה בשמן ריו מרה מא,"איטיליאן פוד, אס.פי.",IT,ריו מרה נתחי טונה בהירה בשמן זית 240 גרם,גרמים,240.00,100 גרם,false,1,27.90,11.6250,true,1,118008
8004030845046,false,טונה ריו מרה ירקות ו,בולטון אלימנטרי,IT,טונה ריו מרה ירקות ו אינסלטיסימי 160 גרם,גרמים,160.00,100 גרם,false,1,18.50,11.5625,true,1,130088
8004030860001,false,טונה ריו מרה אינסלטי,"בולטון אלימנטרי בע""מ",IT,ריו מר ירקות עם קוסקוס וטונה 160 גרם,גרמים,160.00,100 גרם,false,1,18.50,11.5625,true,1,117786
8004123004893,true,Basso-שמן מתובל בטעם,באסו,IT,Basso-שמן מתובל בטעם פטריות כמהין 250 מל,מיליליטרים,250.00,"100 מ""ל",false,1,29.90,11.9600,true,1,144936
8004160660304,false,ליקר פרנגליקו,יבואן ומשווק: ש. שסט,IT,פרנג'ליקו ליקר אגוזים 700 מל,מיליליטרים,700.00,"100 מ""ל",false,1,114.90,16.4143,true,1,56385
8004690050507,false,פסטה איטלקית פטוציני,למוליזנה,IT,פסטה איטלקית פטוציני 500 גרם LM,גרמים,500.00,100 גרם,false,1,8.90,1.7800,true,1,145210
8004690050620,false,למוליזנה לינגווין,למוליזנה,IT,פסטה איטלקית לינגוויני 500 גרם LM,גרמים,500.00,100 גרם,false,1,8.90,1.7800,true,1,100402
8004690051573,false,ספגטי למוליזנה,למוליזנה,IT,ספגטי למוליזנה 500 גרם,גרמים,500.00,100 גרם,false,1,8.90,1.7800,true,1,100403
8004690052044,false,פסטה פנה למוליזנה,למוליזנה,IT,פסטה איטלקית פנה זיטי ריגטה 500 גרם LM,גרמים,500.00,100 גרם,false,1,8.90,1.7800,true,1,100404
8004690052600,false,פסטה איטלקית קונכיות,למוליזנה,IT,פסטה איטלקית קונכיות ניוקי 500 גרם LM,גרמים,500.00,100 גרם,false,1,7.90,1.5800,true,1,145211
8004690052846,false,פסטה פוסילי למוליזנה,למוליזנה,IT,פסטה איטלקית פוזילי 500 גרם LM,גרמים,500.00,100 גרם,false,1,8.90,1.7800,true,1,100405
8004690053195,false,למוליזנה ריגאטוני,למוליזנה,IT,פסטה איטלקית ריגטוני 500 גרם LM,גרמים,500.00,100 גרם,false,1,8.90,1.7800,true,1,100406
8004690053225,false,פסטה איטלקית מזי ריג,למוליזנה,IT,פסטה איטלקית מזי ריגטוני 500 גרם LM,גרמים,500.00,100 גרם,false,1,8.90,1.7800,true,1,145209
8004690055601,false,פסטה איטלקית צינסי 5,למוליזנה,IT,פסטה איטלקית צינסי 500 גרם LM,גרמים,500.00,100 גרם,false,1,7.90,1.5800,true,1,145214
8004690057308,false,פסטה איטלקית רדיאטור,למוליזנה,IT,פסטה איטלקית רדיאטורי 500 גרם LM,גרמים,500.00,100 גרם,false,1,8.90,1.7800,true,1,145212
8004690058008,false,פסטה איטלקית גמלי 50,למוליזנה,IT,פסטה איטלקית גמלי 500 גרם LM,גרמים,500.00,100 גרם,false,1,8.90,1.7800,true,1,145206
8004690106600,false,למוליזנה פארפאליה,למוליזנה,IT,פסטה איטלקית פרפאלה 500 גרם LM,גרמים,500.00,100 גרם,false,1,8.90,1.7800,true,1,101122
8004690203002,false,פסטה איטלקית ניוקי ת,למוליזנה,IT,פסטה איטלקית ניוקי תפוחי אדמה 500 גרם,גרמים,500.00,100 גרם,false,1,6.90,1.3800,true,1,53699
8004690470022,false,פסטה ספגטי  ללג LM ג,למוליזנה,IT,פסטה ספגטי  ללג LM גרם401,גרמים,400.00,100 גרם,false,1,12.90,3.2250,true,1,150821
8004690470039,false,פסטה פנה  ללג LM גרם,למוליזנה,IT,פסטה פנה  ללג LM גרם400,גרמים,400.00,100 גרם,false,1,12.90,3.2250,true,1,150820
8004708018963,false,מלח אפור אטלנטי,ארומה דה טוסקנה,,מלח אפור אטלנטי במטחנה 70 גרם,לא מנהל יחידת מידה,0.00,לא מנהל יחידת מידה,false,1,11.90,0.0000,true,1,69701
8004708018987,false,מלח ורוד הימלאיה מטח,יושלם,,מלח ורוד הימלאיה מטחנה 90 גרם,Unknown,0.00,Unknown,false,1,11.90,0.0000,true,1,69702
8004708036516,false,אורגנו ים תיכוני מטח,יושלם,,אורגנו ים תיכוני מטחנה 35 גר,Unknown,0.00,Unknown,false,1,15.00,0.0000,true,1,93986
8005110001413,false,רסק עגבניות  זוג280,מוטי אס.פי.איי,IT,MUTTI רסק עגבניות מארז זוג 140X2 גרם,גרמים,280.00,100 גרם,false,1,8.90,3.1786,true,1,146377
8005110002243,false,רכז עגבניות בשפורפרת,Mutti,IT,רכז עגבניות בשפורפרת  Doppio MUTTI   185,גרמים,185.00,100 גרם,false,1,7.50,4.0541,true,1,150554
8005110060106,false,עגבניות מקולפות MUTT,"איי, בי, אינבוו",IT,עגבניות מקולפות MUTT,גרמים,800.00,100 גרם,false,1,14.90,1.8625,true,1,118545
8005110170300,false,שלישיית עגבניות מרוס,Mutti,IT,שלישיית עגבניות מרוסקות 400 גר MUTTI,גרמים,400.00,100 גרם,false,1,17.90,4.4750,true,1,116149
8005110171215,false,עגבניות חתוכות MUTTI,"איי, בי, אינבוו",IT,קוביות עגבניות מקולפות במיץ,גרמים,690.00,100 גרם,false,1,14.90,2.1594,true,1,123727
8005110191015,false,רסק עגבניות ובזיליקו,"איי, בי, אינבוו",IT,מחית עגבניות קלה עם בזיליקום בתוספת מלח,גרמים,700.00,100 גרם,false,1,14.90,2.1286,true,1,126086
8005110200014,false,רכז עגבניות 210 גרםm,"איי, בי, אינבוו",IT,רסק עגבניות בתוספת מלח 22Bx ללא תוספת סוכר,גרמים,210.00,100 גרם,false,1,7.90,3.7619,true,1,118547
8005110550508,true,שימורי עגבניות שרי,,,שימורי עגבניות שרי,Unknown,0.00,Unknown,false,1,9.90,0.0000,true,1,129012
8005110551253,false,רוטב לפיצה MUTTI 400,Mutti,IT,רוטב לפיצה 400 גרם MUTTI,גרמים,400.00,100 גרם,false,1,8.90,2.2250,true,1,148967
8005200256587,false,נסטי אפרסק 1.5 ליטר,פארייפאבה אגרואינדוס,IT,נסטי אפרסק 1.5 ליטר,ליטרים,1.50,ליטר,false,1,11.50,7.6667,true,1,156675
8005200286584,false,נסטי מנגו אננס 1.5 ל,פארייפאבה אגרואינדוס,IT,נסטי מנגו אננס 1.5 ליטר,ליטרים,1.50,ליטר,false,1,11.50,7.6667,true,1,156676
8005200316588,false,נסטי דיאט אפרסק 1.5,פארייפאבה אגרואינדוס,IT,נסטי דיאט אפרסק 1.5 ליטר,ליטרים,1.50,ליטר,false,1,11.50,7.6667,true,1,156677
8005200486526,false,"נסטי אפרסק 500 מ""ל",פארייפאבה אגרואינדוס,IT,"נסטי, תה קר בטעם אפרסק 500 מל",מיליליטרים,500.00,"100 מ""ל",false,1,6.90,1.3800,true,1,87000
8005360002185,false,רוטב עגבניות בזיליקו,אף.סי תבליני בגליל ב,IT,רוטב עגבניות אורגני עם בזיליקום 350 גרם,גרמים,350.00,100 גרם,false,1,12.90,3.6857,true,1,127545
8005360004622,false,רוטב עגבניות אורגני,אף.סי תבליני בגליל ב,IT,רוטב עגבניות אורגני  350 גרם,גרמים,350.00,100 גרם,false,1,12.90,3.6857,true,1,128967
8005360004639,false,רוטב עגבניות אורגני,אף.סי תבליני בגליל ב,IT,רוטב עגבניות אורגני עם פלפלים 350 גרם,גרמים,350.00,100 גרם,false,1,12.90,3.6857,true,1,127547
8005469981602,false,פילה אנשובי איטלקי ש,,,פילה אנשובי איטלקי שמן חמניות 75 גרם,גרמים,75.00,100 גרם,false,1,15.90,21.2000,true,1,111729
8005803010357,false,גריסיני קלאסי 125 גר,"אינסטנטה בע""מ",IT,גריסיני קלאסי 125 גרם,גרמים,125.00,100 גרם,false,1,8.90,7.1200,true,1,118181
8005803010371,false,גריסיני רוזמרין 125,"אינסטנטה בע""מ",IT,גריסיני רוזמרין 125 גרם,גרמים,125.00,100 גרם,false,1,8.90,7.1200,true,1,118208
8005803010586,false,גריסיני פיצה 125 גרם,"אינסטנטה בע""מ",IT,מקלות אפויים בטעם פיצה,גרמים,125.00,100 גרם,false,1,8.90,7.1200,true,1,118182
8005803010661,false,גריסיני שומשום 125 ג,"אינסטנטה בע""מ",IT,גריסיני שומשום 125 גרם,גרמים,125.00,100 גרם,false,1,8.90,7.1200,true,1,118183
8005840020272,true,מאגדת גלידת לואקר לא,,,מאגדת גלידת לואקר לא,,0.00,,false,,49.90,0.0000,true,1,160591
8005840020289,true,מאגדת גלידת לואקר נפ,,,מאגדת גלידת לואקר נפ,,0.00,,false,,49.90,0.0000,true,1,160592
8005840020296,true,מאגדת גלידת לואקר טו,,,מאגדת גלידת לואקר טו,,0.00,,false,,49.90,0.0000,true,1,160590
8006050090239,false,חומץ בלסמי ממודנה מא,יבואן ומשווק: ש. שסט,IT,מאצטי אורגינל חומץ בלסמי ממודנה 500 מל,מיליליטרים,500.00,"100 מ""ל",false,1,27.90,5.5800,true,1,124485
8006227001372,false,סמנצאטו לחם מחמצת לב,רו. מאר ס.ר.ל,IT,סמנצאטו לחם מחמצת לבן משמן זית 400 גרם ל,גרמים,250.00,100 גרם,false,1,18.90,7.5600,true,1,155912
8006227001389,false,סמנצאטו לחם מחמצת קמ,רו. מאר ס.ר.ל,IT,סמנצאטו לחם מחמצת קמח לבן משמן זית 400 ג,גרמים,250.00,100 גרם,false,1,18.90,7.5600,true,1,155913
8006423310339,false,סוריני חלב 1 קג,הולדינג דולסיירה,IT,סוריני חלב 1 קג,קילוגרמים,1.00,"ק""ג",false,1,59.90,59.9000,true,1,142178
8006423460034,false,בונבונירה קרימי SORI,הולדינג דולסיירה,IT,בונבונירה קרימי SORINI,גרמים,184.00,100 גרם,false,1,59.90,32.5543,true,1,138670
8006423461055,false,בקבוק שוקולד סורינטה,SORINI-Holding Dolci,IT,בקבוק שוקולד סורינטה 280 גרם,גרמים,280.00,100 גרם,false,1,41.90,14.9643,true,1,144158
8006423461789,false,בונבונירה כדור בונבו,SORINI-Holding Dolci,IT,בונבונירה כדור בונבון 450גרם,גרמים,450.00,100 גרם,false,1,64.90,14.4222,true,1,144161
8006423461987,false,בונבונירה סילין SORI,הולדינג דולסיירה,IT,בונבונירה סילין SORIN,גרמים,300.00,100 גרם,false,1,42.90,14.3000,true,1,138671
8006423462397,false,בונ לב מיוחד 475 ג,H.D.I,IT,בונ לב מיוחד 475 ג  SORINI,גרמים,475.00,100 גרם,false,1,69.90,14.7158,true,1,152696
8006423464889,true,בונ פח מניפה 400ג,,,בונ פח מניפה 400ג,Unknown,0.00,Unknown,false,1,69.90,0.0000,true,1,138672
8006423466388,false,בונ תיק גליטר זהב/ כ,SORINI-Holding Dolci,IT,בונ תיק גליטר זהב/ כסף 150 ג SORINI,גרמים,150.00,100 גרם,false,1,41.90,27.9333,true,1,155359
8006423468382,false,בונ קריסמס סנטה עם פ,H.D.I,IT,בונ קריסמס סנטה עם פפיון 300 גרם,גרמים,300.00,100 גרם,false,1,54.90,18.3000,true,1,160890
8006423468801,true,SORINI TIFFI,,,SORINI TIFFI,Unknown,0.00,Unknown,false,1,34.90,0.0000,true,1,142181
8006540019672,false,נוזל כלים פיירי פלטי,פרוקטר & גמבל,GB,נוזל כלים פיירי פלטינום 700 מל,מיליליטרים,700.00,"100 מ""ל",false,1,11.90,1.7000,true,1,160111
8006540112823,false,לנור מרכך מרוכז אוקי,פרוקטר & גמבל,FR,לנור מרכך מרוכז אוקיינוס 900מל,מיליליטרים,900.00,"100 מ""ל",false,1,16.90,1.8778,true,1,153943
8006540221068,false,מגן תחתון אולוויז לו,פרוקטר,DE,מגן תחתון אולוויז וליופק לונג פלוס 40 יחידות,יחידה,40.00,יחידה,false,1,19.90,0.4975,true,1,160204
8006540221341,false,מגן תחתון אולוויז לא,,DE,מגן תחתון אולוויז לארג 48 יח,יחידה,1.00,יחידה,false,1,19.90,19.9000,true,1,157631
8006540425930,false,אריאל קפסולות לכביסה,פרוקטר & גמבל,FR,אריאל קפסולות לכביסה לכמים קשים 24 יחיד,לא מנהל יחידת מידה,0.00,לא מנהל יחידת מידה,false,1,39.90,0.0000,true,1,156678
8006540592434,true,תחבושות אולוויז נורמ,פרוקטר,DE,תחבושות אולוויז נורמל פלוס 28 יח,יחידה,28.00,יחידה,false,1,18.90,0.6750,true,1,158559
8006540592465,false,תחבושות אולוייז כפול,פרוקטר,DE,תחבושות אולוייז כפול לונג פלוס 24 יח,יחידה,24.00,יחידה,false,1,16.90,0.7042,true,1,121897
8006540592496,false,תחבושות אולוייז כפול,פרוקטר,DE,תחבושות אולוייז כפול לילה 20,יחידה,20.00,יחידה,false,1,16.90,0.8450,true,1,120496
8007178120310,false,"חומץ בלסמי ג""קובזי 5",פטורייה ג'יאקובאזי ס,IT,"חומץ בלסמי ממודנה 500 מ""ל",מיליליטרים,500.00,"100 מ""ל",false,1,21.90,4.3800,true,1,9708
8007270999012,false,שמן גרעיני ענבים 1 ל,קרלו,IT,שמן גרעיני ענבים 1 ליטר קוסטה דאורו,ליטרים,1.00,ליטר,false,1,46.90,46.9000,true,1,120662
8008245004847,false,ממרח אגוזי לוז וקקאו,נאטקו,IT,מובנפיק ממרח שוקולד ואגוזי לוז 300 גרם,גרמים,300.00,100 גרם,false,1,15.90,5.3000,true,1,152919
8008245004861,false,ממרח אגוזי לוז עם חל,יבואן ומשווק: ש. שסט,IT,מובנפיק ממרח חלב עם אגוזי לוז 300 גרם,גרמים,300.00,100 גרם,false,1,15.90,5.3000,true,1,152920
8008429299120,false,בונ פירמידה קריסמס 2,LA SUISSA,IT,בונ פירמידה קריסמס 200 ג LA SUISSA,גרמים,200.00,100 גרם,false,1,39.90,19.9500,true,1,156085
8008440249425,false,בירה אסהי בקבוק  330,פרונרי,IT,"בירה אסהי בקבוק  330 מ""ל",מיליליטרים,330.00,"100 מ""ל",false,1,9.90,3.0000,true,1,145724
8008698002049,false,קרקרים עגולים ללא גל,דר שר,IT,קרקר ללא גלוטן ללא לקטוז,גרמים,175.00,100 גרם,false,1,23.90,13.6571,true,1,98636
8008698003503,false,קרקר אפוי ללא גלוטן,"דר שר ס.ר.ל פוסטל, א",IT,"ליב, קרקר ללא גלוטן",גרמים,210.00,100 גרם,false,1,25.90,12.3333,true,1,118148
8008698004630,false,עוגיות ממולאות קקאו,דר שר ס.ר.ל,DE,עוגיות ממולאות קקאו 250 גרםschar,גרמים,250.00,100 גרם,false,1,29.90,11.9600,true,1,101704
8008698004807,false,קמח MIX B לאפיית לחמ,דר שר,AT,"קמח MIX B לאפיית לחמים 1 ק""ג",קילוגרמים,1.00,"ק""ג",false,1,31.90,31.9000,true,1,84864
8008698005231,false,עוגיות שוקולד שר ללג,ליב,IT,עוגיות שוקולד שר ללג 165גרם,גרמים,165.00,100 גרם,false,1,22.90,13.8788,true,1,149206
8008698005347,false,ביסקוטי שוקולד שר לל,ליב,IT,ביסקוטי שוקולד שר ללג 150גרם,גרמים,150.00,100 גרם,false,1,17.90,11.9333,true,1,149207
8008698008157,false,עוגיות ממולאות קרם ו,דר שר ס.ר.ל פוסטל,IT,עוגיות ממולאות קרם וניל ללא גלוטן 100 גר,גרמים,100.00,100 גרם,false,1,13.90,13.9000,true,1,85772
8008698010358,false,מיקס תערובת קמחים לא,דר שר,IT,תערובת על בסיס קמח אורז להכנת מאפה 500 גרם,גרמים,500.00,100 גרם,false,1,17.90,3.5800,true,1,118398
8008698012857,false,ביסקוויט פתיבר חמאה,דר שר,IT,ביסקוויט ללא גלוטן 165 גרם,גרמים,165.00,100 גרם,false,1,18.90,11.4545,true,1,118145
8008698013021,false,עוגיות שוקולד ציפס פ,דר שר,IT,עוגיות ללא גלוטן עם שבבי שוקולד מריר,גרמים,100.00,100 גרם,false,1,13.90,13.9000,true,1,118147
8008698024065,false,"פאן בלנקו לחם לל""ג 2",schar,IT,"פאן בלנקו לחם לל""ג 250 גרם שר",גרמים,250.00,100 גרם,false,1,18.90,7.5600,true,1,128087
8008698024140,false,פאן מולטי גראנו 250,schar,IT,פאן מולטי גראנו 250 גרם שר,גרמים,250.00,100 גרם,false,1,18.90,7.5600,true,1,128088
8008743015611,true,שוקולד פרצופים ברשת,,,שוקולד פרצופים ברשת,,0.00,,false,,9.90,0.0000,true,1,160018
8008743036609,false,מכוניות ברשת 100 ג,,,מכוניות ברשת 100 ג,לא מנהל יחידת מידה,0.00,לא מנהל יחידת מידה,false,1,9.90,0.0000,true,1,101757
8008743048695,true,דובי שוקולד 100 גרם,לייקה,IT,דובי שוקולד 100 גרם,גרמים,100.00,100 גרם,false,1,9.90,9.9000,true,1,156025
8008920114069,false,יין וילה גובאני,,,"יין וילה גובאני מוסקטו 750 מ""ל",מיליליטרים,750.00,"100 מ""ל",false,1,39.90,5.3200,true,1,78218
8008920150104,false,למברוסקו אמראדורי אד,דונלי גאטטיקו,,"למברוסקו אמראדורי אדום חצי יבש 750 מ""ל",מיליליטרים,750.00,"100 מ""ל",false,1,26.90,3.5867,true,1,68229
8008920150111,false,למברוסקו אמראדורי רו,דונלי,IT,אמרדורי למברוסקו רוזה 750 מל,מיליליטרים,750.00,"100 מ""ל",false,1,26.90,3.5867,true,1,68230
8008920150128,false,למברוסקו אמראדורי לב,דונלי גאטטיקו,,"למברוסקו אמראדורי לבן חצי יבש 750 מ""ל",מיליליטרים,750.00,"100 מ""ל",false,1,26.90,3.5867,true,1,68878
8009149000119,false,"קמח תירס פולנטה 1 ק""",פוקולוקו,,"קמח תירס פולנטה 1 ק""ג",קילוגרמים,1.00,"ק""ג",false,1,14.90,14.9000,true,1,88491
8009915004150,false,ביסקוויט מקמח תירס ש,מולינו דה פירו,IT,ביסקוויט מקמח תירס שוקולד ואגוזים250 גרם,גרמים,250.00,100 גרם,false,1,17.90,7.1600,true,1,138737
8009915004167,false,ביסקוויט מקמח תירס ב,מולים די פיירו ס.פ.א,IT,ביסקוויט מקמח תירס בטעם קוקוס250 גרם,גרמים,250.00,100 גרם,false,1,17.90,7.1600,true,1,138738
8009915004204,false,ביסקוויט מקמח תירס ק,מולינו דה פירו,IT,ביסקוויט מקמח תירס קלאסי250 גרם,גרמים,250.00,100 גרם,false,1,17.90,7.1600,true,1,138739
8009915004211,false,ביסקוויט מקמח תירס ע,מולינו דה פירו,IT,ביסקוויט מקמח תירס עם שוקולד ציפס 250,גרמים,250.00,100 גרם,false,1,17.90,7.1600,true,1,159909
8009915008905,false,מיני גריסיני ללג  שמ,מולינו דה פירו,,מיני גריסיני ללג  שמן זית 250 גרם,גרמים,250.00,100 גרם,false,1,17.90,7.1600,true,1,117446
8009915008912,false,מיני גריסיני ללג זרע,מולינו דה פירו,,מיני גריסיני ללג זרעי ציה ושומשום 250 ג,גרמים,250.00,100 גרם,false,1,17.90,7.1600,true,1,116418
8009915008950,false,מיני גריסני ללג עם ר,מולינו דה פירו,,מיני גריסני ללג עם רוזמרין 250 גרם,גרמים,250.00,100 גרם,false,1,17.90,7.1600,true,1,116150
8010024006010,false,חמאת שקדים 100% השקד,תות תעשיות מזון (201,IT,חמאת שקדים,גרמים,350.00,100 גרם,false,1,39.90,11.4000,true,1,118476
8013108003509,false,בונ כרית מיקס שוקולד,CAFFAREL,IT,בונ כרית מיקס שוקולדים 160 ג CAFFAREL,גרמים,160.00,100 גרם,false,1,28.90,18.0625,true,1,152686
8013108003523,false,בונ קורנט אגוזי פיימ,CAFFAREL,IT,בונ קורנט אגוזי פיימונטה 165 ג CAFFAREL,גרמים,165.00,100 גרם,false,1,28.90,17.5152,true,1,152688
8013108003530,false,בונ קורנט קרמיני 165,CAFFAREL,IT,בונ קורנט קרמיני 165 ג CAFFAREL,גרמים,165.00,100 גרם,false,1,28.90,17.5152,true,1,152689
8013108003547,false,בונ קורנט נוציולאטו,CAFFAREL,IT,בונ קורנט נוציולאטו 165 ג CAFFAREL,גרמים,165.00,100 גרם,false,1,28.90,17.5152,true,1,152687
8013108005312,false,בונ קורנט קרמינו מרי,Lindt & Spr?ngli AG,IT,בונ קורנט קרמינו מריר 165 ג CAFFAREL,גרמים,165.00,100 גרם,false,1,29.90,18.1212,true,1,159003
8013108005329,false,בונ קורנט פיימונטה מ,Lindt & Spr?ngli AG,IT,בונ קורנט פיימונטה מריר 165 ג CAFFAREL,גרמים,165.00,100 גרם,false,1,29.90,18.1212,true,1,159002
8016867002646,true,מגן תחתון ארוך במיוח,corman,IT,מגן תחתון ארוך במיוחד,Unknown,0.00,Unknown,false,1,19.90,0.0000,true,1,138760
8016867007023,false,אורגניק זון - צמרוני,CMC Gmbh,TR,"צימרונים מכותנה אורגנית, 200 יחידות",Unknown,0.00,Unknown,false,1,14.90,0.0000,true,1,126289
8016867007030,false,פדיות קוסמטיות,CMC Gmbh,TR,פדיות קוסמטיות - אורגניק ביוטי,לא מנהל יחידת מידה,0.00,לא מנהל יחידת מידה,false,1,14.90,0.0000,true,1,124612
8016867008945,false,מגן תחתון 24 באריזת,corman,IT,מגן תחתון 24 באריזת תפזורת,לא מנהל יחידת מידה,0.00,לא מנהל יחידת מידה,false,1,19.90,0.0000,true,1,124591
8016867008969,false,טמפונים עם מוליך סופ,ontex,DE,טמפון עם מוליך סופר 100% כותנה אורגנית,לא מנהל יחידת מידה,0.00,לא מנהל יחידת מידה,false,1,32.90,0.0000,true,1,124587
8016867008976,false,טמפונים עם מוליך רגו,ontex,DE,טמפון עם מוליך רוגלר 100% כותנה אורגנית,לא מנהל יחידת מידה,0.00,לא מנהל יחידת מידה,false,1,32.90,0.0000,true,1,124586
8016867009904,true,טמפון אורגניק סופר+,ontex,DE,"טמפונים ללא מוליך, סופר פלוס",לא מנהל יחידת מידה,0.00,לא מנהל יחידת מידה,false,1,29.90,0.0000,true,1,138762
8016867009911,false,טמפונים ללא מוליך סו,ontex,DE,טמפונים ללא מוליך סופר,לא מנהל יחידת מידה,0.00,לא מנהל יחידת מידה,false,1,29.90,0.0000,true,1,124585
8016867009928,false,טמפונים ללא מוליך רג,ontex,DE,"טמפונים ללא מוליך, רגולר",לא מנהל יחידת מידה,0.00,לא מנהל יחידת מידה,false,1,29.90,0.0000,true,1,124584
8016867009935,false,תחבושות דקות לזרימה,corman,IT,תחבושות דקות עם כנפיים לספיגה מוגברת.,לא מנהל יחידת מידה,0.00,לא מנהל יחידת מידה,false,1,29.90,0.0000,true,1,125069
8016867009942,false,תחבושות דקות לזרימה,corman,IT,תחבושות דקות עם כנפיים,לא מנהל יחידת מידה,0.00,לא מנהל יחידת מידה,false,1,29.90,0.0000,true,1,125068
8016867009959,true,תחתוניות אורגניות מק,corman,IT,מגן תחון 100% כותנה אורגנית,Unknown,0.00,Unknown,false,1,25.90,0.0000,true,1,138763
8017938005122,false,חומץ תפוחים אורגני,מריה לוצ'יה מלצ'יורי,IT,חומץ תפוחים אורגני 750 מל,מיליליטרים,750.00,"100 מ""ל",false,1,19.90,2.6533,true,1,98633
8017938005764,false,מיץ תפוחים אורגני נט,יבואן ומשווק: ש. שסט,IT,מיץ תפוחים אורגני נטרופוד 1 ליטר,ליטרים,1.00,ליטר,false,1,22.20,22.2000,true,1,111384
8019428009078,false,מעדן אורז אורגני וונ,The Bridge S.R.L,IT,מעדן אורז אורגני ווניל 130גרם,גרמים,260.00,100 גרם,false,1,10.90,4.1923,true,1,159099
8019428009085,false,זוג מעדן אורז אורגני,The Bridge S.R.L,IT,זוג מעדן אורז אורגני שוקולד  130גרם,גרמים,260.00,100 גרם,false,1,10.90,4.1923,true,1,159098
8019428009122,false,זוג מעדן שיבולת שועל,דה ברידג' ס.ר.ל,IT,מעדן שיבולת שועל אורגני - שוקולד 130*2 ג,גרמים,260.00,100 גרם,false,1,10.90,4.1923,true,1,159100
8022470213386,true,דרגה שקד חלב 500 ג,,,דרגה שקד חלב 500 ג,Unknown,0.00,Unknown,false,1,35.90,0.0000,true,1,138797
8022470213393,true,דרגה שקד מריר 500 ג,,,דרגה שקד מריר 500 ג,Unknown,0.00,Unknown,false,1,35.90,0.0000,true,1,138798
8022470213416,true,דרגה לוז חלב 500 ג,,,דרגה לוז חלב 500 ג,Unknown,0.00,Unknown,false,1,35.90,0.0000,true,1,138799
8022470213423,true,דרג לוז מריר 500ג,,,דרג לוז מריר 500ג,Unknown,0.00,Unknown,false,1,35.90,0.0000,true,1,138800
8022470213478,true,דרגה דודבן חלב 500ג,,,דרגה דודבן חלב 500ג,Unknown,0.00,Unknown,false,1,35.90,0.0000,true,1,138801
8022470213485,true,דרגה דובדבן מריר 500,,,דרגה דובדבן מריר 500,Unknown,0.00,Unknown,false,1,35.90,0.0000,true,1,138802
8022470213515,true,דרגה צימוק מריר 500ג,,,דרגה צימוק מריר 500ג,Unknown,0.00,Unknown,false,1,29.90,0.0000,true,1,138803
8022470213522,true,דרזה לבן צימוקים,,,דרזה לבן צימוקים,Unknown,0.00,Unknown,false,1,29.90,0.0000,true,1,142192
8022470213546,true,דרגה בוטן מריר 500ג,,,דרגה בוטן מריר 500ג,Unknown,0.00,Unknown,false,1,29.90,0.0000,true,1,142193
8022470221329,true,דרגה אגוזי לוז בשוקו,,,דרגה אגוזי לוז בשוקו,Unknown,0.00,Unknown,false,1,35.90,0.0000,true,1,138804
8022470221336,true,דרגה שקדיםבשוקוד מרי,,,דרגה שקדיםבשוקוד מרי,Unknown,0.00,Unknown,false,1,35.90,0.0000,true,1,138805
8022470226348,false,MAX דרגה פקאן מריר 5,ITALIANA CONFETTI,BE,MAX דרגה פקאן מריר 500 ג PRISCO,גרמים,500.00,100 גרם,false,1,39.90,7.9800,true,1,152694
8022470226379,false,MAX דרגה קשיו מריר 5,ITALIANA CONFETTI,BE,MAX דרגה קשיו מריר 500 ג PRISCO,גרמים,500.00,100 גרם,false,1,35.90,7.1800,true,1,152692
8022470226386,false,MAX דרגה קשיו לבן 50,ITALIANA CONFETTI,BE,MAX דרגה קשיו לבן 500 ג PRISCO,גרמים,500.00,100 גרם,false,1,35.90,7.1800,true,1,152693
8022470226478,true,דרזה לבן קליפות תפוז,,,דרזה לבן קליפות תפוז,Unknown,0.00,Unknown,false,1,29.90,0.0000,true,1,142194
8022470242201,false,MAX PRISCOדרגה חמוצי,ITALIANA CONFETTI,IT,MAX PRISCOדרגה חמוציות מריר 500גרם,גרמים,500.00,100 גרם,false,1,29.90,5.9800,true,1,155338
8022470242959,false,MAX דרגה שומשום חלב,ITALIANA CONFETTI,IT,MAX דרגה שומשום חלב 500 ג PRISCO,גרמים,500.00,100 גרם,false,1,29.90,5.9800,true,1,152690
8022470245066,false,MAX PRISCOדרגה דגנים,ITALIANA CONFETTI,IT,MAX PRISCOדרגה דגנים תות שדה  500גרם,גרמים,500.00,100 גרם,false,1,29.90,5.9800,true,1,155339
8022470245493,false,MAX PRISCOדרגה קוקוס,ITALIANA CONFETTI,IT,MAX PRISCOדרגה קוקוס בשוקולד חלב500גר,גרמים,500.00,100 גרם,false,1,29.90,5.9800,true,1,155341
8022470245561,false,MAX PRISCOדרגה גינגר,ITALIANA CONFETTI,IT,MAX PRISCOדרגה גינגר בשוקולד מריר 500גר,גרמים,500.00,100 גרם,false,1,29.90,5.9800,true,1,155340
8022470253115,false,MAX PRIדרגה אגוז מלך,ITALIANA CONFETTI,IT,MAX PRIדרגה אגוז מלך שוקולד חלב500גרם,גרמים,500.00,100 גרם,false,1,35.90,7.1800,true,1,155344
8022470253122,false,MAX PRIדרגה אגוז מלך,ITALIANA CONFETTI,IT,MAX PRIדרגה אגוז מלך שוקולד מריר 500גרם,גרמים,500.00,100 גרם,false,1,35.90,7.1800,true,1,155343
8022470253139,false,MAX PRIדרגה אגוז מלך,ITALIANA CONFETTI,IT,MAX PRIדרגה אגוז מלך שוקולד לבן500גרם,גרמים,500.00,100 גרם,false,1,35.90,7.1800,true,1,155345
8023492000091,true,סטיק גנדויה חלב אגוז,,,סטיק גנדויה חלב אגוז,Unknown,0.00,Unknown,false,1,15.90,0.0000,true,1,138812
8023492000237,false,סטיק נוגט טורונה עם,Dg3 dolciaria,IT,סטיק נוגט טורונה עם שקדים ופיסטוקים 150 ג DG3,גרמים,150.00,100 גרם,false,1,15.90,10.6000,true,1,158982
8023492000336,true,סטיק שוקולד מריר אגו,,,סטיק שוקולד מריר אגו,Unknown,0.00,Unknown,false,1,15.90,0.0000,true,1,138813
8023492000671,false,סטיק שוקולד מריר עם,Dg3 dolciaria,IT,סטיק שוקולד מריר עם אגוזים וקוביות תפוז 150 ג DG3,גרמים,150.00,100 גרם,false,1,15.90,10.6000,true,1,158985
8023492000695,false,סטיק שוקולד גנדויה ע,Dg3 dolciaria,IT,סטיק שוקולד גנדויה עם אגוזים ופולי קפה 150 ג DG3,גרמים,150.00,100 גרם,false,1,15.90,10.6000,true,1,158983
8023492003665,false,סטיק שוקולד גנדויה ע,Dg3 dolciaria,IT,סטיק שוקולד גנדויה עם אגוזים וצימוקים 150 ג DG3,גרמים,150.00,100 גרם,false,1,15.90,10.6000,true,1,158984
8023492004327,false,סטיק נוגט טורונה עם,Dg3 dolciaria,IT,סטיק נוגט טורונה עם אגוזי לוז 150 ג DG3,גרמים,150.00,100 גרם,false,1,15.90,10.6000,true,1,158981
8023492004341,false,סטיק גיאנדויה חלב עם,Dg3 dolciaria,IT,סטיק גיאנדויה חלב עם פיסטוקים ושקדים 150 ג DG3,גרמים,150.00,100 גרם,false,1,15.90,10.6000,true,1,158986
8023492004495,false,טב שוק חלב עם אגוזי,Dg3 dolciaria,IT,טב שוק חלב עם אגוזי לוז 225 ג DG3,גרמים,225.00,100 גרם,false,1,13.90,6.1778,true,1,158977
8023492004501,false,טב שוק מריר עם אגוזי,Dg3 dolciaria,IT,טב שוק מריר עם אגוזי לוז 225 ג DG3,גרמים,225.00,100 גרם,false,1,13.90,6.1778,true,1,158978
8023492004518,false,טב שוק מריר עם שקדים,Dg3 dolciaria,IT,טב שוק מריר עם שקדים  225 ג DG3,גרמים,225.00,100 גרם,false,1,13.90,6.1778,true,1,158980
8023492004525,false,טב שוק מריר עם חמוצי,Dg3 dolciaria,IT,טב שוק מריר עם חמוציות 225 ג DG3,גרמים,225.00,100 גרם,false,1,13.90,6.1778,true,1,158979
8024985002783,true,מחית סמוזי גזר דלעת,נטורה נובה,IT,מחית סמוזי גזר דלעת 100 גרם,גרמים,100.00,100 גרם,false,1,5.90,5.9000,true,1,124486
8024985002912,false,סמוזי תפוח אגס בטטה,נטורה נובה,IT,סמוזי תפוח אגס בטטה אורגני נטורה 100 גרם,גרמים,100.00,100 גרם,false,1,5.90,5.9000,true,1,126610
8024985002943,false,נטורה נובה סמוזי תפו,כפרי בריא,IT,סמוצ'י תפוח אננס קוקוס אורגניים,גרמים,100.00,100 גרם,false,1,5.90,5.9000,true,1,130524
8024985002950,false,נטורה נובה סמוזי שזי,כפרי בריא,IT,סמוצ'י תפוח בננה תרד אורגניים,גרמים,100.00,100 גרם,false,1,5.90,5.9000,true,1,130523
8024985002967,false,נטורה נובה סמוזי בננ,כפרי בריא,IT,נטורה נובה סמוזי בננה תרד 100 גרם,גרמים,100.00,100 גרם,false,1,5.90,5.9000,true,1,130525
8024985003988,false,מחית סמוזי תפוח בננה,כפרי בריא,IT,סמוצ'י תפוח בננה אורגניים 100 גרם,גרמים,100.00,100 גרם,false,1,5.90,5.9000,true,1,109953
8024985005234,false,מחית סמוזי תפוח אפרס,נטורה נובה,IT,סמוצ'י תפוח אפרסק מנגו אורגניים 100 גרם,גרמים,100.00,100 גרם,false,1,5.90,5.9000,true,1,116988
8024985005296,true,מחית סמוזי אגס בננה,נטורה נובה,IT,סמוצ'י אגס בננה תפוח וקינואה 120 גרם,גרמים,120.00,100 גרם,false,1,6.90,5.7500,true,1,124454
8024985005302,true,נטורה נובה  סמוזי תפ,נטורה נובה,IT,סמוצ'י תפוח רימון פטל אוכמניות ואסאי 120 גרם,גרמים,120.00,100 גרם,false,1,6.90,5.7500,true,1,124455
8024985006309,false,נטורה נובה סמוזי מנג,כפרי בריא,IT,נטורה נובה סמוזי מנגו רביעייה 400 גרם,גרמים,400.00,100 גרם,false,1,21.90,5.4750,true,1,130522
8024985008037,false,מחית סמוזי תפוח נטור,כפרי בריא,IT,סמוצ'י תפוחים אורגניים 100 גרם,גרמים,100.00,100 גרם,false,1,6.20,6.2000,true,1,103201
8024985008044,false,מחית סמוזי אגס נטורה,כפרי בריא,IT,סמוצ'י אגסים אורגניים 100 גרם,גרמים,100.00,100 גרם,false,1,6.20,6.2000,true,1,103200
8024985008051,false,מחית סמוזי פירות אדו,נטורה נובה,IT,סמוצ'י פירות אדומים אורגניים 100 גרם,גרמים,100.00,100 גרם,false,1,6.20,6.2000,true,1,103199
8024985011204,false,נטורה נובה  סמוזי תפ,B&D,IL,נטורה נובה - סמוזי תפוח תות בננה 100 גרם,גרמים,350.00,100 גרם,false,1,5.90,1.6857,true,1,157642
8032685196770,false,עגבניות אורגניות מקו,סולניה,IT,עגבניות אורגניות מקולפות סולוניה 400 גרם,גרמים,400.00,100 גרם,false,1,6.90,1.7250,true,1,84508
8032685196800,false,עגבניות אורגניות מרו,פתח תקווה,IT,עגבניות אורגניות מרוסקות סולוניה 720 גרם,גרמים,720.00,100 גרם,false,1,12.90,1.7917,true,1,84510
8032804430440,false,איטריות כוסמת ללא גל,אף.סי תבליני בגליל ב,IT,פליסיה קופסא – ספגטי כוסמת אורגני  400גר,גרמים,400.00,100 גרם,false,1,19.90,4.9750,true,1,138823
8032804430471,false,פסטה מקמח עדשים אדומ,אף.סי תבליני בגליל ב,IT,פסטה מקמח עדשים אדומות פליסיה 250 גרם,גרמים,250.00,100 גרם,false,1,14.90,5.9600,true,1,120533
8032804430501,false,פסטה מקמח אפונה ירוק,מולינו אנדריאני,IT,פסטה מקמח אפונה ירוקה פליסיה 250 גרם,גרמים,250.00,100 גרם,false,1,14.90,5.9600,true,1,120532
8032804430761,false,לזניה עדשים צהובות א,אף.סי תבליני בגליל ב,IT,לזניה עדשים צהובות אורגני פליסיה 250גרם,גרמים,250.00,100 גרם,false,1,18.90,7.5600,true,1,127530
8032804430785,false,ספגטי עדשים צהובות א,אף.סי תבליני בגליל ב,IT,ספגטי עדשים צהובות אורגני פליסיה 250גרם,גרמים,250.00,100 גרם,false,1,16.90,6.7600,true,1,127529
8032804430846,false,פליסיה פוזילי חומוס,קרלו,IT,100% חומוס אורגני בצורת אטריות 250 גרם,גרמים,250.00,100 גרם,false,1,15.90,6.3600,true,1,130535
8032804430914,false,פליסיה - פנה שיבולת,אף.סי תבליני בגליל ב,IT,פליסיה - פנה שיבולת שועל ללא גלוטן  340ג,גרמים,340.00,100 גרם,false,1,17.90,5.2647,true,1,145879
8032804430976,false,פליסיה ריגטוני שיבול,מולינו אנדריאני,IT,אטריות אורגניות על בסיס שיבולת שועל,גרמים,340.00,100 גרם,false,1,17.90,5.2647,true,1,145880
8032804431287,true,ספגטי אורז מלא-פליסי,אף.סי תבליני בגליל ב,IT,ספגטי אורז מלא-פליסי,Unknown,0.00,Unknown,false,1,15.90,0.0000,true,1,138828
8032804432017,true,פסטה פוזילי כוסמת לל,אף.סי תבליני בגליל ב,IT,פליסיה אטריות כוסמת אורגניות 340 גרם,גרמים,340.00,100 גרם,false,1,14.90,4.3824,true,1,124456
8032804432024,true,לזניה אורז תירס אורג,אף.סי תבליני בגליל ב,IT,לזניה אורז תירס אורגני 250 גרם,גרמים,250.00,100 גרם,false,1,19.90,7.9600,true,1,124457
8032804432031,true,פסטה פנה אורז מלא או,מולינו אנדריאני,IT,אטריות אורז מלא אורגניות ללא גלוטן 340 גרם,גרמים,340.00,100 גרם,false,1,13.90,4.0882,true,1,124487
8032804435636,true,פסטה פוזילי 4 דגנים,מולינו אנדריאני,IT,פסטה פוזילי 4 דגנים ללא גלוטן 340 גרם,גרמים,340.00,100 גרם,false,1,13.90,4.0882,true,1,124488
8032880800243,false,פיקניק הפתעה 50 גרם,"אינסטנטה בע""מ",IT,פיקניק הפתעה - אגוזי לוז ומקלות אפויים,גרמים,50.00,100 גרם,false,1,10.50,21.0000,true,1,45925
8033020445973,false,"קמח\ Antigrumi  1 ק""",PIVETTI,IT,"קמח\ Antigrumi  1 ק""ג PIVETTI",קילוגרמים,1.00,"ק""ג",false,1,7.90,7.9000,true,1,146379
8033020445980,false,קמח לפסטה 1 pasta fr,PIVETTI,IT,"קמח לפסטה 1 pasta fresca ק""ג 00 PIVETTI",קילוגרמים,1.00,"ק""ג",false,1,12.90,12.9000,true,1,146382
8033020445997,false,קמח איטלקי ללחמים 1,PIVETTI,IT,"קמח איטלקי ללחמים 1 ק""ג 0 PIVETTI",קילוגרמים,1.00,"ק""ג",false,1,11.50,11.5000,true,1,146381
8033020446000,false,קמח איטלקי לפיצה ופו,PIVETTI,IT,"קמח איטלקי לפיצה ופוקצה 1 ק""ג 00 PIVETTI",קילוגרמים,1.00,"ק""ג",false,1,10.90,10.9000,true,1,146380
8033102690062,false,וישנזי עוגיות במילוי,Vicenzi S.p.A.,IT,וישנזי עוגיות במילוי קרם שוקולד 150 ג VICENZI,גרמים,150.00,100 גרם,false,1,11.90,7.9333,true,1,159008
8033102690079,false,וישנזי עוגיות במילוי,Vicenzi S.p.A.,IT,וישנזי עוגיות במילוי קרם אגוזי לוז 150 ג VICENZI,גרמים,150.00,100 גרם,false,1,11.90,7.9333,true,1,159006
8033102690086,false,וישנזי עוגיות במילוי,Vicenzi S.p.A.,IT,וישנזי עוגיות במילוי קרם לימון  150 ג VICENZI GRIS,גרמים,150.00,100 גרם,false,1,11.90,7.9333,true,1,159009
8033275522368,false,"יין קיאנטי 750 מ""ל",דולפין ספא,IT,קיאנטי,מיליליטרים,750.00,"100 מ""ל",false,1,49.90,6.6533,true,1,146398
8034097876325,false,פנדורו קלאסיק 700 גר,BAULI,IT,פנדורו קלאסיק 700 גרם,גרמים,700.00,100 גרם,false,1,59.90,8.5571,true,1,160892
8034097876424,false,פנתוני קלאסיק 700 גר,BAULI,IT,פנתוני קלאסיק 700 גרם,גרמים,700.00,100 גרם,false,1,59.90,8.5571,true,1,160894
8052440756216,false,שמן חמניות אורגני נט,תות תעשיות מזון (201,IT,נטורפוד שמן חמניות אורגני בכבישה קרה 1 ליטר,ליטרים,1.00,ליטר,false,1,34.90,34.9000,true,1,98690
8052440756315,false,שמן קנולה אורגני נטו,תות תעשיות מזון (201,IT,נטור פוד שמן קנולה אורגני בכבישה קרה 1 ליטר,ליטרים,1.00,ליטר,false,1,34.90,34.9000,true,1,98689
8052440756414,false,שמן פשתן אורגני - נט,תות תעשיות מזון (201,IT,שמן פשתן אורגני בכבישה קרה,מיליליטרים,250.00,"100 מ""ל",false,1,25.90,10.3600,true,1,145881
8076800195019,false,ספגטי             1,ברילה גי.אי.אר פרטלי,IT,ברילה קפליני ספגטי מס' 1 500 גרם,גרמים,500.00,100 גרם,false,1,6.90,1.3800,true,1,21996
8076800195033,false,ספגטי ברילה מס 3  50,ברילה גי.אי.אר פרטלי,IT,ברילה ספגטי מספר 3 500 גרם,גרמים,500.00,100 גרם,false,1,6.90,1.3800,true,1,9874
8076800195057,false,פסטה ברילה ספגטיני מ,"איטיליאן פוד, אס.פי.",IT,ברילה ספגטי מס' 5 500 גרם,גרמים,500.00,100 גרם,false,1,6.90,1.3800,true,1,9875
8076800195132,false,פסטה ברילה בבטה,"איטיליאן פוד, אס.פי.",IT,ברילה ספגטי בבטה מספר 13,גרמים,500.00,100 גרם,false,1,6.90,1.3800,true,1,9876
8076802085738,false,פסטה ברילה פנה רגטה,"איטיליאן פוד, אס.פי.",IT,ברילה פנה רגטה מס 73 500 גרם,גרמים,500.00,100 גרם,false,1,6.90,1.3800,true,1,9881
8076802085837,false,פסטה ברילה טורטיליונ,"ש. שסטוביץ בע""מ",IT,פסטה ברילה טורטיליוני מס 83 500 גרם,גרמים,500.00,100 גרם,false,1,6.90,1.3800,true,1,9882
8076802085936,false,פסטה ברילה קונציליה,ברילה גי.אי.אר פרטלי,IT,ברילה פסטה פתיתים - קונצילה ריגטה 500 גרם,גרמים,500.00,100 גרם,false,1,6.90,1.3800,true,1,9884
8076802085981,false,פסטה ברילה פוזילי מס,"איטיליאן פוד, אס.פי.",IT,ברילה פסטה פתיתים פוזילי 500 גרם,גרמים,500.00,100 גרם,false,1,6.90,1.3800,true,1,9885
8076808050440,true,ברילה מקרוני 44,גי. אי. אר. פרטלי ס.,IT,פסטה מקרוני 500 גרם,Unknown,0.00,Unknown,false,1,6.90,0.0000,true,1,130708
8076808060654,false,פסטה ברילה פרפלה מס,"איטיליאן פוד, אס.פי.",IL,ברילה פסטה פתיתים פרפלה 500 גרם,גרמים,500.00,100 גרם,false,1,6.90,1.3800,true,1,9888
8076808070882,false,פסטה ברילה קנלוני מס,פאסטיפיקו ריגו אס.אר,IT,פסטה ברילה קנלוני מס 88 250 גרם,גרמים,250.00,100 גרם,false,1,14.90,5.9600,true,1,9889
8076808150072,false,ספגטי ברילה מס 7 500,"איטיליאן פוד, אס.פי.",IT,ברילה ספגטי מספר 7 500 גרם,גרמים,500.00,100 גרם,false,1,6.90,1.3800,true,1,9890
8076809512268,false,פסטה ברילה גירנדולה,"איטיליאן פוד, אס.פי.",IT,ברילה פסטה פתיתים- גירנדולה 500 גרם,גרמים,500.00,100 גרם,false,1,6.90,1.3800,true,1,9893
8076809513395,false,רוטב פסטה ברילה פומו,BARILLA G.E.R.,IT,ברילה רוטב עגבניות קלאסי 400 גרם,גרמים,400.00,100 גרם,false,1,13.90,3.4750,true,1,9895
8076809513654,false,בסיס רוטב ברילה עגבנ,ברילה גי.אי.אר פרטלי,IT,ברילה רוטב בסיס לפסטה בולונז 400 גרם,גרמים,400.00,100 גרם,false,1,13.90,3.4750,true,1,21997
8076809513692,false,רוטב פסטה ברילה נפול,ברילה גי.אי.אר פרטלי,IT,ברילה רוטב עגבניות עם ירקות שורש לפסטה 400 גרם,גרמים,400.00,100 גרם,false,1,13.90,3.4750,true,1,9896
8076809513739,false,רוטב פסטה ברילה בזיל,ברילה גי.אי.אר פרטלי,IT,ברילה רוטב עגבניות עם בזיליקום לפסטה 400 גרם,גרמים,400.00,100 גרם,false,1,13.90,3.4750,true,1,35110
8076809514774,false,פסטה ברילה פרפנדלה,ברילה גי.אי.אר פרטלי,IT,"פסטה ברילה פרפנדלה 250 גר              """,גרמים,250.00,100 גרם,false,1,17.90,7.1600,true,1,9898
8076809523561,false,רוטב פסטה ברילה בטעם,"איטיליאן פוד, אס.פי.",IT,ברילה רוטב טוסקנה לפסטה 400 גרם,גרמים,400.00,100 גרם,false,1,13.90,3.4750,true,1,57490
8076809523707,false,ברילה קסטלנה 500 גרם,ברילה גי.אי.אר פרטלי,IT,ברילה קסטלנה 500 גרם,גרמים,500.00,100 גרם,false,1,13.90,2.7800,true,1,153369
8076809523714,false,פסטה ברילה טליאטלה 5,"ש. שסטוביץ בע""מ",IT,פסטה ברילה טליאטלה 500 גרם,גרמים,500.00,100 גרם,false,1,24.90,4.9800,true,1,22293
8076809523738,false,לזניה ברילה,ברילה גי.אי.אר פרטלי,IT,לזניה ברילה 500 גרם,גרמים,500.00,100 גרם,false,1,23.90,4.7800,true,1,14482
8076809523769,false,ברילה פלייה פיאנו 50,ברילה גי.אי.אר פרטלי,IT,ברילה פלייה פיאנו 500 גרם,גרמים,500.00,100 גרם,false,1,13.90,2.7800,true,1,153370
8076809529419,false,ספגטי ברילה חיטה מלא,ברילה גי. אי. אר פרט,IT,ספגטי מחיטה מלאה 500 גרם,גרמים,500.00,100 גרם,false,1,13.90,2.7800,true,1,36532
8076809529433,false,פסטה ברילה פנה רגטה,"ש. שסטוביץ בע""מ",IT,פסטה ברילה פנה רגטה מחיטה מלאה 500 גרם,גרמים,500.00,100 גרם,false,1,13.90,2.7800,true,1,36533
8076809545440,false,אטריות ללא גלוטן ברי,"ש. שסטוביץ בע""מ",IT,"ברילה אטריות על בסיס קמח תירס ללא גלוטן, 400 גרם",גרמים,400.00,100 גרם,false,1,14.90,3.7250,true,1,110833
8076809545464,false,פסטה ספרילי ללא גלוט,מולינו אנדריאני אס.א,IT,ברילה פוזילי על בסיס קמח תירס ללא גלוטן 400 גרם,גרמים,400.00,100 גרם,false,1,14.90,3.7250,true,1,110835
8076809576352,false,ברילה לזניה ללא גלוט,ברילה גי.אי.אר פרטלי,IT,ברילה לזניה ללא גלוטן 250 גרם,גרמים,250.00,100 גרם,false,1,22.90,9.1600,true,1,153213
8410076600622,false,קראנצי שבבי שוקולד,ג'נרל מילס סאן אדריא,ES,קראנצי שבבי שוקולד מריר 210 גר,גרמים,210.00,100 גרם,false,1,14.90,7.0952,true,1,97874
8410076601865,false,מארז חטיפי נייטצר וא,סאן אדריאן,ES,מארז חטיפי נייטצר ואלי דבש 420גרם  20,גרמים,420.00,100 גרם,false,20,24.90,5.9286,true,1,159125
8410076601872,false,מארז חטיפי נייטצר וא,סאן אדריאן,ES,מארז חטיפי נייטצר ואלי שוקולד 420 גרם,גרמים,420.00,100 גרם,false,20,24.90,5.9286,true,1,159126
8410076610379,false,מאג חטיף פרוטאין בוט,סריילטו ספיין פודס,ES,מאג חטיף פרוטאין בוטנים ושבבי שוקולד120,גרמים,120.00,100 גרם,false,1,17.90,14.9167,true,1,115316
8410076610386,false,מאגדת חטיף פרוטאין ב,סריילטו ספיין פודס,ES,נייטשר ואלי פרוטאין בוטנים בטעם קרמל מלוח,גרמים,120.00,100 גרם,false,1,17.90,14.9167,true,1,116194
8410076610492,false,"חטיפי גרנולה צ""ואי ב",יבואן ומשווק: ש. שסט,,נייטשר ואלי צ'ואי בוטנים בציפוי עם חמאת בטנים,גרמים,150.00,100 גרם,false,1,14.90,9.9333,true,1,117818
8410076610508,false,חטיף סוויט&סולטי שוק,סראלטו,,חטיף סוויט&סולטי שוקולד מריר בוטנים 150,גרמים,150.00,100 גרם,false,1,14.90,9.9333,true,1,117817
8410076621009,false,חטיף פייברONEבטעם קר,"גלאטס סירו בע""מ",ES,עוגות אישיות בטעם קרמל עם חתיכות בטעם קרמל מלוח,גרמים,120.00,100 גרם,false,1,14.90,12.4167,true,1,151378
8410076801067,false,חטיף נייטצר ואלי דבש,סאן אדריאן,ES,חטיף נייטצר ואלי דבש 21 גרם,גרמים,21.00,100 גרם,false,1,2.90,13.8095,true,1,159127
8410076801074,false,חטיף נייטצר ואלי שוק,סאן אדריאן,ES,חטיף נייטצר ואלי שוקולד  21 גרם,גרמים,21.00,100 גרם,false,1,2.90,13.8095,true,1,159128
8410104039134,false,פיניש ניקוי וחידוש,רקיט בנקיזר,PL,"מנקה מדיח כלים פיניש 250 מ""ל",מיליליטרים,250.00,"100 מ""ל",false,1,14.90,5.9600,true,1,10220
8410104045111,false,פיניש מלח למדיח,מלח הארץ,IL,פיניש מלח למדיח כלים 2 קג,קילוגרמים,2.00,"ק""ג",false,1,14.90,7.4500,true,1,10222
8410109003178,false,VALORשוקולד מריר ללס,VALOR,ES,VALORשוקולד מריר ללס עם שקדים 150גרם,גרמים,150.00,100 גרם,false,1,19.90,13.2667,true,1,155334
8410109003208,false,VALORשוקולד חלב ללס,VALOR,ES,VALORשוקולד חלב ללס עם שקדים 150גרם,גרמים,150.00,100 גרם,false,1,19.90,13.2667,true,1,155333
8410109050882,false,VALOR שוקולד מריר 70,LAVDAS,GR,VALOR שוקולד מריר 70% קקאו ללס 100גרם,גרמים,100.00,100 גרם,false,1,13.90,13.9000,true,1,155323
8410109056532,false,VALOR שוקולד מריר מי,LAVDAS,ES,VALOR שוקולד מריר מילוי טרפלס ללס 100גרם,גרמים,100.00,100 גרם,false,1,13.90,13.9000,true,1,155324
8410109109825,false,שוקולד מריר עם חתיכו,LAVDAS,GR,שוקולד מריר עם חתיכות תפוז ללס 100גרם,גרמים,100.00,100 גרם,false,1,13.90,13.9000,true,1,155321
8410109109832,false,VALOR שוקולד מריר 85,LAVDAS,GR,VALOR שוקולד מריר 85% קקאו ללס 100גרם,גרמים,100.00,100 גרם,false,1,13.90,13.9000,true,1,155322
8410156010655,false,סירו בסקויט מריה  80,סירו,ES,סירו בסקויט מריה  800 גרם,גרמים,800.00,100 גרם,false,1,13.90,1.7375,true,1,61209
8410179100043,false,BORGES שמן זית כתית,פוד טים,ES,"BORGES שמן זית כתית מעולה 750  מ""ל",מיליליטרים,750.00,"100 מ""ל",false,1,36.90,4.9200,true,1,138870
8410182420114,false,בצלצלי פנינה בחומץ 3,דליסיאס,,בצלצלי פנינה בחומץ 370 גרם,גרמים,370.00,100 גרם,false,1,11.90,3.2162,true,1,68608
8410342004796,false,שוקולד מריר 85% ללא,צ'יקולטס טוארס,ES,שוקולד מריר 85% ללא סוכר100 גרם,גרמים,100.00,100 גרם,false,1,17.90,17.9000,true,1,146944
8410376010701,false,ביסקוויט מרי ללא סוכ,תות תעשיות מזון (201,ES,גולון מריה בסקוויט ללא תוספת סוכר 400גרם,גרמים,400.00,100 גרם,false,1,16.90,4.2250,true,1,71831
8410376017342,false,עוג שוקו ציפס -200-ל,גולון,,"עוגיות שוקו צ""יפס ללא גלוטן",גרמים,200.00,100 גרם,false,1,16.90,8.4500,true,1,75900
8410376037784,false,ביסקוויט שוקו ללא סו,גאלטס גלון סא,ES,ביסקוויט שוקו ללא סוכר גולון 250 גרם,גרמים,250.00,100 גרם,false,1,16.00,6.4000,true,1,91249
8410376037883,false,עוגיות שוקוציפס ללא,גאלטס גלון,ES,עוגיות שוקוציפס ללא גלוטן גולון 130 גרם,גרמים,130.00,100 גרם,false,1,13.90,10.6923,true,1,92141
8410376042481,false,ביסקוויט קרם יוגורט,גלטס גולון,,ביסקוויט קרם יוגורט ל.סוכר,גרמים,220.00,100 גרם,false,1,21.90,9.9545,true,1,105203
8410376047509,false,ביסקוויט ללא תוספת ס,גלטס גולון,,ביסקוויט ללא תוספת סוכר גולון 400 גרם,גרמים,400.00,100 גרם,false,1,17.90,4.4750,true,1,118251
8410793001757,false,בירה אסטרייה דאם בקב,"סי סי דאם, אס.אל, בר",ES,בירה אסטרייה דאם בקבוק  330 מל,מיליליטרים,330.00,"100 מ""ל",false,1,11.90,3.6061,true,1,158363
8410793262936,false,בירה אסטרייה דאם דאו,"סי סי דאם, אס.אל, בר",ES,"דאורה דאם ללא גלוטן בקבוק בודד 330 מ""ל",מיליליטרים,330.00,"100 מ""ל",false,1,13.90,4.2121,true,1,85548
8411277063049,false,קאווה גום סרה ברוט מ,ג'אום סרה,,"קאווה גום סרה ברוט מבעבע 750 מ""ל",מיליליטרים,750.00,"100 מ""ל",false,1,29.90,3.9867,true,1,75977
8411277205654,false,קאווה גום סרה זהב 75,ג'אום סרה,,"קאווה גום סרה זהב 750 מ""ל",מיליליטרים,750.00,"100 מ""ל",false,1,29.90,3.9867,true,1,122404
8411277350118,false,קאווה גום סרה חצי יב,ג'אום סרה,,"קאווה גום סרה חצי יבש 750 מ""ל",מיליליטרים,750.00,"100 מ""ל",false,1,29.90,3.9867,true,1,75978
8411320382967,false,טונה צהובה בשמן זית,אורטיז,ES,טונה צהובה בשמן זית (צנצנת)220 גרם ORTIZ,גרמים,220.00,100 גרם,false,1,33.90,15.4091,true,1,145215
8412168002529,false,עראק מחייה 13 בטעם ל,מנדלז סי.אר. פרודקשן,ES,מחייה 13 משקה אלכוהולי בטעם לימונים 700 מל,מיליליטרים,700.00,"100 מ""ל",false,1,54.90,7.8429,true,1,116439
8412168008903,false,מחייה 13 בטעם אשכולי,מנדלז סי.אר. פרודקשן,ES,מחייה 13 משקה כוהלי בטעם אשכולית אדומה 700 מל,מיליליטרים,700.00,"100 מ""ל",false,1,54.90,7.8429,true,1,116438
8413376022965,true,גבינת עיזים רכה 110,היחוס דה סאלבאדור אס,ES,"וילי פוד גבינת עיזים רכה 29% שומן, 110 גרם",גרמים,110.00,100 גרם,false,1,18.90,17.1818,true,1,123039
8413907638900,true,מטריות שוקולד וקסמן,,,מטריות שוקולד וקסמן,,0.00,,false,,4.90,0.0000,true,1,160576
8420708012822,false,קשקבל צאן בשלה 200 ג,מיוצר עי קונדיטוריית,ES,קשקבל צאן בשלה 200 גר נני,גרמים,200.00,100 גרם,false,1,27.90,13.9500,true,1,103654
8423207206488,false,חטיף דגנים סלים דליס,אף.סי תבליני בגליל ב,ES,חטיף דגנים סלים דליס שוקולד חלב 120  גרם,גרמים,120.00,100 גרם,false,1,13.90,11.5833,true,1,102280
8423207206495,false,חטיף דגנים סלים דליס,אף.סי תבליני בגליל ב,ES,חטיף דגנים סלים דליס שוקולד מריר 120 גרם,גרמים,120.00,100 גרם,false,1,13.90,11.5833,true,1,102281
8423207207362,false,סלים דליס,ביסנצ'ורי אס.אל.יו,ES,סלים דליס שוקולד לבן 120  גרם,גרמים,120.00,100 גרם,false,1,13.90,11.5833,true,1,102283
8423207208260,false,חטיף דגנים סלים דליס,ביסנצ'ורי אס.אל.יו,ES,חטיף דגנים סלים דליס ש.חלב ללא גלוטן,גרמים,78.00,100 גרם,false,1,13.90,17.8205,true,1,110063
8423207208680,false,חטיף דגנים סלים דליס,ביסנצ'ורי אס.אל.יו,ES,סלים דליס קידס חטיף דגנים מצופה שוקולד חלב 120 גר',גרמים,182.00,100 גרם,false,1,13.90,7.6374,true,1,112982
8423207208703,false,סלים דליס מריר כשלפ,ביסנצ'ורי אס.אל.יו,ES,סלים דליס חטיף דגנים שוקולד מריר 120 גרם,גרמים,182.00,100 גרם,false,1,13.90,7.6374,true,1,112984
8423371002312,false,סאליסול פיצוחים בפחי,סאליסול,ES,סאליסול פיצוחים בפחית בוטנים צילי 150 ג,גרמים,150.00,100 גרם,false,1,9.90,6.6000,true,1,156303
8423371002725,false,בוטנים  קוקטייל מיקס,,ES,סאליסול משפחתי קוקטיל מיקס,גרמים,100.00,100 גרם,false,1,9.90,9.9000,true,1,149120
8423371002749,false,פיצוחים בפחית בוטנים,סאליסול,ES,סאליסול משפחתי בוטנים ושקדים מקורמלים,גרמים,135.00,100 גרם,false,1,9.90,7.3333,true,1,149333
8423371005085,false,בוטנים מיקס פיקנטי ס,,ES,סאליסול טו גו מיקס פיקנטי,גרמים,100.00,100 גרם,false,1,9.90,9.9000,true,1,149122
8423371007089,false,בוטנים מלוחים בדבש ס,,ES,סאליסול משפחתי בוטנים עם דבש ומלח,גרמים,150.00,100 גרם,false,1,9.90,6.6000,true,1,149123
8423453905739,false,בירה ווילדר לאגר שיש,פונט סאלם וולנסיה ספ,ES,בירה ווילדר לאגר 4.5%,מיליליטרים,0.00,"100 מ""ל",false,1,33.90,0.0000,true,1,146730
8435495805168,false,אבקת כביסה תינוקלין,מולינו ניקולי s.p.a,TR,תינוקלין אבקת כביסה 1.25 קג,ליטרים,1.25,ליטר,false,1,26.90,21.5200,true,1,147293
8435495805199,false,אבקת כביסה תינוקלין,מולינו ניקולי s.p.a,TR,תינוקלין אבקת כביסה 3 קג,Unknown,0.00,Unknown,false,1,49.90,0.0000,true,1,147286
8435495807605,false,תינוקלין מרכך כביסה,מולינו ניקולי s.p.a,TR,תינוקלין מרכך כביסה מרוכז 1 ליטר,ליטרים,1.00,ליטר,false,1,19.90,19.9000,true,1,128672
8435495807636,false,תינוקלין גל כביסה הי,בלו סאן,TR,תינוקלין גל כביסה היפואלרגני 2 ליטר,ליטרים,2.00,ליטר,false,1,34.90,17.4500,true,1,147292
8436575292205,false,נסטלה חמשושים מאגדת,שוורצקוף& הנקל דיסלד,IL,נסטלה חמשושים מאגדת חדש 6 15*12גרם,לא מנהל יחידת מידה,0.00,לא מנהל יחידת מידה,false,1,22.90,0.0000,true,1,128764
8593868006014,false,בירה בלו מון פחית 50,"איי, בי, אינבוו",CZ,"בירה בלומון 5.4% כוהל בפחית 500 מ""ל",מיליליטרים,500.00,"100 מ""ל",false,1,12.90,2.5800,true,1,152246
8594404001418,false,בירה קוזל כהה בקבוק,פילזנסקי,CZ,"בירה קוזל כהה בקבוק 500 מ""ל",מיליליטרים,500.00,"100 מ""ל",false,1,10.80,2.1600,true,1,38295
8594404115115,false,בירה פילזנר אורקוול,פילזן,CZ,"בירה פילזנר אורקוול פחית 500 מ""ל",מיליליטרים,500.00,"100 מ""ל",false,1,11.90,2.3800,true,1,122781
8606018615827,false,פיינט אוראו 480גרם,נסטלה,IL,פיינט אוראו 480גרם,גרמים,480.00,100 גרם,false,1,22.90,4.7708,true,1,157379
8606018615841,false,פיינט מילקה וניל ליב,נסטלה,IL,פיינט מילקה וניל ליבת שוקולד 480גרם,גרמים,480.00,100 גרם,false,1,22.90,4.7708,true,1,157380
8606018615865,false,פיינט מילקה קרמל ליב,נסטלה,IL,פיינט מילקה קרמל ליבת שוקולד 480גרם,גרמים,480.00,100 גרם,false,1,22.90,4.7708,true,1,157381
8606109023593,false,מיץ פרוויטה תפוחי עץ,,IL,מיץ פרוויטה תפוחי עץ ואגסים 750 מל,מיליליטרים,750.00,"100 מ""ל",false,1,11.90,1.5867,true,1,149767
8606109023609,false,מיץ פרוויטה תפוחי עץ,,IL,מיץ פרוויטה תפוחי עץ ודובדבנים  750 מל,מיליליטרים,750.00,"100 מ""ל",false,1,11.90,1.5867,true,1,149768
8606109023623,false,מיץ פרוויטה תפוחי עץ,,IL,מיץ פרוויטה תפוחי עץ ולימון ליים 750 מל,מיליליטרים,750.00,"100 מ""ל",false,1,11.90,1.5867,true,1,149770
8682151530081,false,בונ מבחר שוקולדים יר,EGK  GIDA ITHALAT IH,TR,בונ מבחר שוקולדים ירקרקה 405 ג FOREVA,גרמים,405.00,100 גרם,false,1,69.90,17.2593,true,1,159014
8682151530159,false,בונ לבנה עם מבחר שוק,EGK  GIDA ITHALAT IH,TR,בונ לבנה עם מבחר שוקולדים 401 ג FOREVA,גרמים,401.00,100 גרם,false,1,69.90,17.4314,true,1,159012
8682151530241,false,בונ אדומה נפוליטנים,EGK  GIDA ITHALAT IH,TR,בונ אדומה נפוליטנים שוקולדים חלב ומריר 465 ג FOREV,גרמים,465.00,100 גרם,false,1,64.90,13.9570,true,1,159015
8682151530326,false,בונ מבחר שוקולדים שי,SORINI-Holding Dolci,IT,בונ מבחר שוקולדים שיש לבנה 323 ג FOREVA,גרמים,323.00,100 גרם,false,1,54.90,16.9969,true,1,155362
8682151531637,false,בונ שחורה עם מבחר שו,EGK  GIDA ITHALAT IH,TR,בונ שחורה עם מבחר שוקולדים 401 ג FOREVA,גרמים,401.00,100 גרם,false,1,69.90,17.4314,true,1,159013
8683130008355,false,מיונז הלמנס שום לחיץ,יוניליוור ישראל שיוו,TR,הלמנס מיונז עם שום 400 גרם,גרמים,400.00,100 גרם,false,1,15.90,3.9750,true,1,156053
8683130008935,false,הלמנס קטשיונז 425 גר,יוניליוור ישראל שיוו,TR,הלמנס  ממרח קטשיונז 425 גרם,גרמים,425.00,100 גרם,false,1,15.90,3.7412,true,1,156910
8683130012666,false,מגנום דאבל לבן עוגיו,שטראוס גרופ גלידות,IL,מגנום דאבל לבן עוגיות 74 גרם,גרמים,74.00,100 גרם,false,1,11.90,16.0811,true,1,157723
8683323063024,false,יוגטה תותי פרוטי שטי,מוטקה החולב,TR,יוגוטה ממתק בטעם תותי פרוטי בצורת שטיח 220 גרם,גרמים,220.00,100 גרם,false,1,8.90,4.0455,true,1,118623
8690504081913,false,עוגיות טינס מצופה שו,שוורצקוף& הנקל דיסלד,TR,עוגיות טינס מצופה שוקולד חלב 150 גרם,גרמים,150.00,100 גרם,false,1,10.90,7.2667,true,1,123949
8690504081920,false,טינס מצופה שוקולד מר,שוורצקוף& הנקל דיסלד,TR,טינס מצופה שוקולד מריר 150 גרם,גרמים,150.00,100 גרם,false,1,10.90,7.2667,true,1,123948
8690504081937,false,טינס חלב וקפוצינו,שוורצקוף& הנקל דיסלד,TR,טינס חלב וקפוצינו,גרמים,150.00,100 גרם,false,1,10.90,7.2667,true,1,123950
8690504153740,false,שוקולד מריר במילוי ק,שוורצקוף& הנקל דיסלד,TR,שוקולד מריר במילוי קרם בטעם גנאש שוקולד מריר,גרמים,86.00,100 גרם,false,1,13.90,16.1628,true,1,147326
8690504153849,false,שוקולד חלב במילוי קר,,TR,שוקולד חלב במילוי קרם בטעם פרלין אגוזים,גרמים,86.00,100 גרם,false,1,13.90,16.1628,true,1,147331
8690504156543,false,שוקולד חלב מעולה ממו,שוורצקוף& הנקל דיסלד,TR,טבלת שוקולד חלב מעולה,גרמים,86.00,100 גרם,false,1,13.90,16.1628,true,1,148534
8690555620321,false,מברשת פן גולד 2,,,מברשת פן גולד 2,יחידה,1.00,יחידה,false,1,21.90,21.9000,true,1,120373
8690637007705,false,שלגון מסטיגם 80 גרם,"מיוצר ע""י יוניליוור",TR,שלגון מסטיגם 80 גרם,גרמים,80.00,100 גרם,false,1,6.90,8.6250,true,1,127622
8690637073373,false,תה ארל גריי טעם ברגמ,,TR,"תה ליפטון תה שחור ארל גריי 2 גרם, 25 יחידות",גרמים,50.00,100 גרם,false,1,8.80,17.6000,true,1,50436
8690637505607,false,מרכך בדין אקסטרה פינ,יוניליוור סנאיי וי ט,TR,"מרכך בדין אקסטרה פינוק קלאסי960 מ""ל",מיליליטרים,960.00,"100 מ""ל",false,1,19.90,2.0729,true,1,154372
8690637505614,false,בדין אקסטרא מרכך פינ,יוניליוור סנאיי וי ט,TR,"בדין אקסטרא מרכך פינוק קוקוס 960 מ""ל",מיליליטרים,960.00,"100 מ""ל",false,1,19.90,2.0729,true,1,154373
8690637555084,false,מרכך כביסה בדין אקסט,יוניליוור סנאיי וי ט,TR,בדין מרכך כביסה אקסטרה פריחת התפוז,מיליליטרים,960.00,"100 מ""ל",false,1,19.90,2.0729,true,1,64791
8690637688195,false,תה ירוק קלאסי ליפטון,,TR,"תה ליפטון תה ירוק קלאסי 30 גרם, 20 יחידות",גרמים,30.00,100 גרם,false,1,16.90,56.3333,true,1,99973
8690637704291,false,דאב שמפו משקם,יוניליוור טורקיה. אז,TR,דאב  שמפו שיקום אינטנסיבי 600 מל,מיליליטרים,600.00,"100 מ""ל",false,1,21.90,3.6500,true,1,103251
8690637704376,false,דאב שמפו יום יום,יוניליוור טורקיה. אז,TR,דאב  שמפו טיפוח יום יומי 600 מל,מיליליטרים,600.00,"100 מ""ל",false,1,21.90,3.6500,true,1,103252
8690637704390,false,דאב מרכך יום יום,יוניליוור טורקיה. אז,TR,דאב  מרכך שיער טיפוח יום יומי 600 מל,מיליליטרים,600.00,"100 מ""ל",false,1,21.90,3.6500,true,1,103253
8690637704413,false,דאב מרכך משקם,יוניליוור טורקיה. אז,TR,דאב  מרכך לשיקום אינטנסיבי 600 מל,מיליליטרים,600.00,"100 מ""ל",false,1,21.90,3.6500,true,1,103254
8690637704437,false,דאב שמפו שמני הזנה,יוניליוור טורקיה. אז,TR,דאב  שמפו בתוספת שמני הזנה 600 מל,מיליליטרים,600.00,"100 מ""ל",false,1,21.90,3.6500,true,1,103255
8690637704451,false,דאב מרכך שמני הזנה,יוניליוור טורקיה. אז,TR,דאב  מרכך שיער בתוספת שמני הזנה 600 מל,מיליליטרים,600.00,"100 מ""ל",false,1,21.90,3.6500,true,1,103256
8690637799594,false,תה ירוק נענע בסגנון,בסן בסין סנאיי וי טי,TR,תה ירוק בטעם מנטה בתוספת עלי נענע,גרמים,30.00,100 גרם,false,1,16.90,56.3333,true,1,115689
8690637835643,false,תה ירוק לואיזה ולימו,יוניליוור,TR,תה ליפטון תה ירוק לואיזה ולימונית 30 גרם,גרמים,30.00,100 גרם,false,1,16.90,56.3333,true,1,121755
8690637842382,false,מגנום וניל פירות יער,שטראוס גרופ גלידות,,מגנום וניל פירות יער,גרמים,85.00,100 גרם,false,1,11.90,14.0000,true,1,123533
8690637842399,false,מאגדת מיני מגנום 1/6,שטראוס גרופ גלידות,TR,מאגדת מיני מגנום 1/6 329 גרם דאבל פרי יע,גרמים,379.00,100 גרם,false,1,32.90,8.6807,true,1,123534
8690637865589,true,תחליב רחצה לניקוי וט,קוסטר אירוסול ולף סנ,TR,דאב  תחליב רחצה לידיים מלפפונים ותה ירוק 500 מל,לא מנהל יחידת מידה,0.00,לא מנהל יחידת מידה,false,1,17.90,0.0000,true,1,129883
8690637865596,false,דאב תחליב רחצה מזין,קוסטר אירוסול ולף סנ,TR,דאב  תחליב רחצה לידיים מזין 500 מל,מיליליטרים,500.00,"100 מ""ל",false,1,17.90,3.5800,true,1,148723
8690637871245,true,הלמנס מיונז אמיתי לח,יוניליוור גידה סאנ.,TR,הלמנס מיונז אמיתי לחיץ 395 גר,גרמים,395.00,100 גרם,false,1,13.90,3.5190,true,1,144933
8690637890666,false,מגנום דאבל פיסטוק מא,שטראוס גלידות,TR,מאגדת מיני מגנום 1/6 329 גרם דאבל פיסטוק,גרמים,282.00,100 גרם,false,1,29.90,10.6028,true,1,129419
8690637935701,false,בדין אקסטרה מרוכז פר,יוניליוור סנאיי וי ט,TR,Badin מרכך כביסה 960 ML,מיליליטרים,960.00,"100 מ""ל",false,1,19.90,2.0729,true,1,147361
8690637946301,false,מרכך כביסה בדין אקסט,יוניליוור סנאיי וי ט,TR,Badin מרכך כביסה 960 ML,מיליליטרים,960.00,"100 מ""ל",false,1,19.90,2.0729,true,1,148728
8690637946318,false,מרכך כביסה בדין בייב,יוניליוור סנאיי וי ט,TR,Badin מרכך כביסה 960 ML,מיליליטרים,960.00,"100 מ""ל",false,1,19.90,2.0729,true,1,148729
8690637971310,false,מרכך בדין אקסטרה יער,יוניליוור סנאיי וי ט,TR,בדין אקסטרה מרכך כביסה יערת הדבש 960 מל,מיליליטרים,960.00,"100 מ""ל",false,1,19.90,2.0729,true,1,151790
8690637977794,false,אלסבון ידיים דאב חמא,קוסטר אירוסול ולף סנ,TR,דאב  אל-סבון ידיים חמאת שיאה ווניל 500 מל,מיליליטרים,500.00,"100 מ""ל",false,1,17.90,3.5800,true,1,151359
8690637987441,false,בדין אקסטרה מרוכז פר,יוניליוור סנאיי וי ט,TR,בדין אקסטרה מרוכז פרח הכותנה ווניל 960 מ,מיליליטרים,960.00,"100 מ""ל",false,1,19.90,2.0729,true,1,151896
8690637989612,false,מגנום מיני דאבל דולצ,יוניליוור,TR,מגנום מיני דאבל דולצה גולד 246גרם,גרמים,246.00,100 גרם,false,1,32.90,13.3740,true,1,153204
8690637989629,false,מגנום דאבל דולצה גול,יוניליוור,TR,מגנום שלגון מגנום דאבל דולצ'ה גולד 63 גרם,גרמים,63.00,100 גרם,false,1,11.90,18.8889,true,1,152764
8690637997914,false,מגנום כוס אישי שמנת,יונילוור,IL,מגנום כוס אישי שמנת ונ.שקדים 76גרם,גרמים,76.00,100 גרם,false,1,7.90,10.3947,true,1,155233
8690637997921,false,מגנום כוס אישי שמנת,יונילוור,IL,מגנום כוס אישי שמנת וניל 81 גרם,גרמים,81.00,100 גרם,false,1,7.90,9.7531,true,1,155234
8690766156367,false,טבלאת שוקולד גודאייב,"אולקר מקבוצת פלאדיס,",TR,טבלת שוקולד חלב מעולה,גרמים,90.00,100 גרם,false,1,14.90,16.5556,true,1,148114
8690766156381,false,טבלאת שוקולד גודאייב,"אולקר מקבוצת פלאדיס,",TR,טבלת שוקולד מריר מעולה 90% מוצקי קקאו,גרמים,90.00,100 גרם,false,1,14.90,16.5556,true,1,148115
8690766156398,false,שוקולד חלב מעולה בתו,"אולקר מקבוצת פלאדיס,",TR,שוקולד חלב מעולה בתוספת שברי שקדים קלויי,גרמים,90.00,100 גרם,false,1,14.90,16.5556,true,1,150048
8690766156411,false,טבלאת שוקולד גודאייב,"אולקר מקבוצת פלאדיס,",TR,טבלאת שוקולד גודאייבה מריר בטעם פלפל 90,גרמים,90.00,100 גרם,false,1,14.90,16.5556,true,1,148116
8690777203012,false,פלפל ירוק כבוש לא חר,יוליניבר,TR,פלפל ירוק כבוש לא חריף 600 גרם,גרמים,600.00,100 גרם,false,1,12.90,2.1500,true,1,72986
8690777204071,false,פלפל חריף 640גרם SER,יוליניבר,TR,פלפל חריף 640גרם SERA,גרמים,640.00,100 גרם,false,1,12.90,2.0156,true,1,72987
8690777221405,false,פלפלים אדומים קלויים,קוראהן פזלרמה וי דיס,TR,סרה פלפלים אדומים קלויים על האש 650 גרם,גרמים,650.00,100 גרם,false,1,12.90,1.9846,true,1,72988
8690784611442,false,דאק מוצק אקטיבי עם א,פול הון,PL,דאק מוצק אקטיבי עם אקונומיקה בניחוח הדרים,יחידה,1.00,יחידה,false,1,10.90,10.9000,true,1,146591
8690784614665,false,דאק סבון ניקוי אסלה,המאפיה של הרמן,PL,דאק סבון מוצק  לניקוי אסלה בניחוח ים 38.6 גרם,לא מנהל יחידת מידה,0.00,לא מנהל יחידת מידה,false,1,10.90,0.0000,true,1,125194
8690784614771,false,דאק סבון ניקוי אסלה,,PL,דאק סבון ניקוי אסלה בניחוח אורן,לא מנהל יחידת מידה,0.00,לא מנהל יחידת מידה,false,1,10.90,0.0000,true,1,125195
8691459153007,true,סלסלה טיפות עגולה 3.,,,סלסלה טיפות עגולה 3.,,0.00,,false,,8.90,0.0000,true,1,160674
8691530924670,false,סירופ רימונים נטורסא,רמירז,,סירופ רימונים נטורסאן 345 גרם,גרמים,345.00,100 גרם,false,1,19.90,5.7681,true,1,85597
8692531004606,true,סלסלת אחסון,,,סלסלת אחסון,,0.00,,false,,11.90,0.0000,true,1,160242
8693323099107,true,מרשמלו לבבות,"אינסטנטה בע""מ",TR,יוגאוטה - מרשמלו בלבבות,Unknown,0.00,Unknown,false,1,8.90,0.0000,true,1,126657
8693357293991,false,מארז 6 יח כוס מים לו,,,מארז 6 יח כוס מים לונג 290 מל,יחידה,1.00,יחידה,false,1,29.90,29.9000,true,1,119131
8693495041461,false,מברשת שיניים סלים,קולגייט פלמוליב,CN,קולגייט מברשת סלים פחם זוג,יחידה,1.00,יחידה,false,1,27.90,27.9000,true,1,99210
8693495052931,false,קולגייט זוג מברשות 3,CP UK,CN,קולגייט זוג מברשות 360 אדוונס,מטרים,1.00,מטר,false,1,33.90,33.9000,true,1,145242
8696219353727,true,מסחטת מיץ מפלסטיק 40,,,מסחטת מיץ מפלסטיק 40,,0.00,,false,,7.90,0.0000,true,1,160981
8696219415807,true,קערת פלסטיק סהרה 4 ל,,,קערת פלסטיק סהרה 4 ל,,0.00,,false,,13.90,0.0000,true,1,160165
8696219415869,true,קערת פלסטיק סהרה 0.5,,,קערת פלסטיק סהרה 0.5,,0.00,,false,,4.90,0.0000,true,1,160167
8696219415951,true,קערת פלסטיק סהרה 2.5,,,קערת פלסטיק סהרה 2.5,,0.00,,false,,9.90,0.0000,true,1,160168
8696219416200,true,קערת פלסטיק סהרה 1.3,,,קערת פלסטיק סהרה 1.3,,0.00,,false,,6.90,0.0000,true,1,160169
8697418280111,false,"עלי טורטייה 25 ס""מ 8",רמירז,,"עלי טורטייה 25 ס""מ 840 גרם",גרמים,840.00,100 גרם,false,1,27.60,3.2857,true,1,53510
8697418280128,false,"עלי טורטייה  20 ס""מ",רמירז,,"עלי טורטייה  20 ס""מ 540 גרם",גרמים,540.00,100 גרם,false,1,22.70,4.2037,true,1,53587
8697418280173,false,עלי טורטייה מחיטה מל,פרינסס גידה,TR,"עלי טורטייה מחיטה מלאה 25 ס""מ 840 גרם",גרמים,840.00,100 גרם,false,1,27.60,3.2857,true,1,54199
8697418280180,false,"עלי טורטייה 15 ס""מ 3",פרינסס,,"עלי טורטייה 15 ס""מ 360 גרם",גרמים,360.00,100 גרם,false,1,18.60,5.1667,true,1,80289
8697418280333,false,שערות קדאיף 500 גרם,פרנסס און וה,TR,שערות קדאיף 500 גרם,גרמים,500.00,100 גרם,false,1,22.90,4.5800,true,1,102697
8697418280487,false,עלי טורטייה עם קמח ת,פצקה אזורו,TR,עלי טורטייה עם קמח תירס,גרמים,540.00,100 גרם,false,1,21.90,4.0556,true,1,147911
8697437855864,true,כפיות שוקולד,,,כפיות שוקולד,,0.00,,false,,14.90,0.0000,true,1,159411
8697530910743,false,סיגריות פאל מל כחול,BAT,,סיגריות פאל מל כחול חפיסה בודד,יחידה,1.00,יחידה,false,1,31.40,31.4000,false,1,46641
8697530910750,false,סיגריות פאל מל כחול,BAT,,סיגריות פאל מל כחול ארוך חפיסה בודד,יחידה,0.00,יחידה,false,1,31.40,0.0000,false,1,46642
8697530910781,false,סיגריות פאל מל אדום,BAT,,סיגריות פאל מל אדום חפיסה בודד,יחידה,1.00,יחידה,false,1,31.40,31.4000,false,1,46643
8697530911276,false,סיגריות קנט קצר חפיס,BAT,,סיגריות קנט קצר חפיסה בודד,יחידה,1.00,יחידה,false,1,38.40,38.4000,false,1,47870
8697530911313,false,סיגריות קנט קלאסי קצ,BAT,,סיגריות קנט קלאסי קצר פקט  10 יח,Unknown,0.00,Unknown,false,1,384.00,0.0000,false,1,47871
8697659225186,false,מטהר אוויר משב הכותנ,כפרי בריא,TR,יעקבי פרש מור מטהר אוויר כותנה 250 מל,מיליליטרים,250.00,"100 מ""ל",false,1,15.90,6.3600,true,1,120331
8697659232733,false,מבשם אריגים פרש כותנ,ATAK,TR,"מבשם אריגים פרש כותנה 425 מ""ל",מיליליטרים,425.00,"100 מ""ל",false,1,14.90,3.5059,true,1,145949
8697659232795,false,מבשם אריגים מנטרל רי,ATAK,TR,"מבשם אריגים מנטרל ריחות עישון 425 מ""ל",מיליליטרים,425.00,"100 מ""ל",false,1,14.90,3.5059,true,1,145948
8697826469092,false,עלי טורטייה 540 גרם,מוטלוקל,TR,עלי טורטייה 540 גרם,גרמים,540.00,100 גרם,false,1,9.90,1.8333,true,1,156164
8697975030884,true,צנצנת זכוכית מודפסת,,,צנצנת זכוכית מודפסת,,0.00,,false,,4.90,0.0000,true,1,160979
8697975040807,true,קערת פס בלינק 450 מל,,,קערת פס בלינק 450 מל,,0.00,,false,,16.90,0.0000,true,1,160915
8710447224311,false,טרזמה בוטניק מרכך לה,יוניליוור פולין,PL,טרזמה בוטניק מרכך להזנה ולשיקום השיער,מיליליטרים,500.00,"100 מ""ל",false,1,23.00,4.6000,true,1,128701
8710447231807,false,סיף תרסיס לניקוי מטב,יוניליוור,GB,סיף תרסיס לניקוי מטבח 450 מל,ליטרים,450.00,ליטר,false,1,12.90,0.0287,true,1,158550
8710447275306,true,קרם ידיים עם שמן אבו,"יוניליוור פולין, רחו",PL,דאב  קרם ידיים אבוקדו ותמצית קלנדולה 75 מל,Unknown,0.00,Unknown,false,1,10.90,0.0000,true,1,129884
8710447275313,true,קרם ידיים עם שמן קוק,"יוניליוור פולין, רחו",PL,דאב  קרם ידיים שמן קוקוס וחלב שקדים 75 מל,לא מנהל יחידת מידה,0.00,לא מנהל יחידת מידה,false,1,10.90,0.0000,true,1,129885
8710502060021,false,מרבה פטיסרי עוגיות מ,מרבה,NL,מרבה פטיסרי עוגיות מאפין רכות 200 גרם,גרמים,200.00,100 גרם,false,1,11.90,5.9500,true,1,159285
8710502064814,false,עוגיות שוקו ציפס רך,קרלו,NL,מרבה עוגיות שוקולד צ'יפס במרקם רך 175 גרם,גרמים,225.00,100 גרם,false,1,9.90,4.4000,true,1,107397
8710502100864,false,מרבה פטיסרי עוגיות ד,מרבה,NL,מרבה פטיסרי עוגיות דאבל שוקולד 200 גרם,גרמים,200.00,100 גרם,false,1,11.90,5.9500,true,1,159284
8710502139017,false,עוגיות שוקולד ציפס ט,קרלו,NL,מרבה עוגיות  טריפל שוקולד ציפס,גרמים,180.00,100 גרם,false,1,9.90,5.5000,true,1,72355
8710502194801,false,עוגיות שוקולד ציפס פ,קרלו,NL,מרבה עוגיות שוקולד צ'יפס במרקם רך עם פירות יער,גרמים,175.00,100 גרם,false,1,9.90,5.6571,true,1,115734
8710502231018,false,מיני עוגיות מרבה ש צ,"מרבה בע""מ",NL,מיני עוגיות מרבה ש ציפס 175 גרם,גרמים,175.00,100 גרם,false,1,9.90,5.6571,true,1,152745
8710502279010,false,מרבה עוגיות מצופות ש,"מרבה בע""מ",NL,מרבה עוגיות שוקולד ציפס מצופות שוקולד,גרמים,175.00,100 גרם,false,1,9.90,5.6571,true,1,151866
8710502285509,false,עוגיות מרבה לימון וש,מרבה,NL,עוגיות מרבה לימון ושוקולד ציפס רך 175 גר,גרמים,175.00,100 גרם,false,1,9.90,5.6571,true,1,156078
8710502405204,false,עוגיות שוקולד ציפס מ,קריניציה ויטמינה אס,NL,מרבה עוגיות  ממולאות קרם שוקולד,גרמים,175.00,100 גרם,false,1,9.90,5.6571,true,1,84020
8710502470028,false,עוגיות שוקולד ציפס נ,קריניציה ויטמינה אס,NL,עוגיות שוקולד ציפס נוגטלי מרבה 160 גרם,גרמים,160.00,100 גרם,false,1,9.90,6.1875,true,1,72357
8710502470035,false,מרבה פטיסרי עוגיות נ,מרבה,NL,מרבה פטיסרי עוגיות נוגטלי במילוי קרם אגו,גרמים,200.00,100 גרם,false,1,11.90,5.9500,true,1,159286
8710625282164,false,פינה קולדה קוקטייל,team products,NL,פינה קולדה קוקטייל פור 1 ליטר,ליטרים,1.00,ליטר,false,1,57.90,57.9000,true,1,97958
8710800027573,false,סוכריות מיני,קדבורי,NL,מיני מנטוס שקית,גרמים,178.00,100 גרם,false,1,16.90,9.4944,true,1,10561
8710800961310,false,סוכריות תות,קדבורי,NL,מנטוס תות  1/4,גרמים,150.00,100 גרם,false,1,11.90,7.9333,true,1,12220
8710847898853,true,רקסונה מן דאודורנט ר,"יוניליוור אנגליה, דר",GB,רקסונה לגבר דאודורנט ספריי אקסטרה קול 150 מל,Unknown,0.00,Unknown,false,1,18.90,0.0000,true,1,146776
8710847908446,false,אקס דאודורנט ספריי א,ארנסט. רחוב קומבינצק,RU,אקס דאודורנט ספריי אנטיפרספירנט בלאק 150,מיליליטרים,150.00,"100 מ""ל",false,1,13.90,9.2667,true,1,145961
8710847962592,false,אקס דאודורנט ספריי פ,ארנסט. רחוב קומבינצק,RU,אקס דאודורנט ספריי פינק פפר150 מל,מיליליטרים,150.00,"100 מ""ל",false,1,13.90,9.2667,true,1,148725
8710908326691,false,תחליב רחצה דאב אדמונ,"יוניליוור גרמניה, gm",DE,דאב תחליב רחצה פרח האדמונית,מיליליטרים,750.00,"100 מ""ל",false,1,22.90,3.0533,true,1,114772
8710908375620,false,סיף תרסיס אנטיבקטריא,יוניליוור,GB,סיף תרסיס אנטיבקטריאלי רב תכליתי 450 מל,ליטרים,450.00,ליטר,false,1,12.90,0.0287,true,1,158551
8710908404184,false,דאב דאודורנט ספריי א,"פרמול איטליה, קומון",IT,DOVE דאו ספריי 150 ML,מיליליטרים,150.00,"100 מ""ל",false,1,17.90,11.9333,true,1,148721
8711000362556,false,לור קפסולות קפה אספר,יוניליוור גרמניה  Gm,FR,לור קפסולות קפה אספרסו סונטוזו (8) 52ג',יחידה,1.00,יחידה,false,1,21.90,21.9000,true,1,145367
8711000362570,false,קפסולות קפה LOR מס 9,גי די אי,FR,לור קפסולות קפה אספרסו פורזה (9) 52ג',גרמים,52.00,100 גרם,false,1,21.90,42.1154,true,1,126429
8711000362679,false,לור קפסולות קפה אספר,ג'ייקובס דאו אגרבטס,FR,לור קפסולות אספרסו קולומביה (8) 10יח' 52ג',גרמים,52.00,100 גרם,false,1,21.90,42.1154,true,1,145368
8711000362693,false,לור קפסולות קפה אספר,כלורוקס אוקלנד,FR,לור קפסולות אספרסו פפואה (7) 10יח' 52ג',גרמים,52.00,100 גרם,false,1,21.90,42.1154,true,1,145369
8711000362747,false,קפסולות קפה LOR מס 1,יוניליוור גרמניה  Gm,FR,לור קפסולות קפה אספרסו ריסטרטו (11) 52ג',גרמים,52.00,100 גרם,false,1,21.90,42.1154,true,1,126428
8711000397466,false,קפסולות LOR אספרסו נ,קריניציה ויטמינה אס,FR,קפסולות LOR אספרסו נטול קופאין,לא מנהל יחידת מידה,0.00,לא מנהל יחידת מידה,false,1,21.90,0.0000,true,1,128097
8711200425990,false,חמאת בוטנים קאלווה ל,יוניקורן פיקלס,NL,חמאת בוטנים קאלווה ללא גלוטן חום,גרמים,350.00,100 גרם,false,1,19.90,5.6857,true,1,145582
8711200426034,false,חמאת בוטנים קאלווה ק,יוניקורן פיקלס,NL,חמאת בוטנים קאלווה קראנצי ללא גלוטן,גרמים,350.00,100 גרם,false,1,19.90,5.6857,true,1,145583
8711281023344,false,חרדל חלק הולנדי מקור,מוסטאד מולן דה האוסמ,,חרדל חלק הולנדי מקורי,גרמים,335.00,100 גרם,false,1,15.90,4.7463,true,1,122767
8711327475618,false,פיינט מגנום וניל קלא,יוניליוור,HU,מגנום גלידת שמנת בטעם וניל 440 מל,גרמים,260.00,100 גרם,false,1,25.90,9.9615,true,1,151940
8711327475663,false,פיינט מגנום וניל שוק,יוניליוור,HU,גלידת שמנת בטעם וניל עם שוקולד לבן,גרמים,260.00,100 גרם,false,1,25.90,9.9615,true,1,151939
8711327475717,false,פיינט מגנום וניל שקד,יוניליוור,HU,מגנום גלידת שמנת בטעם וניל עם שקדים 440 מל,גרמים,260.00,100 גרם,false,1,25.90,9.9615,true,1,151941
8711327475762,false,פיינט מגנום שוקולד ל,יוניליוור,HU,מגנום גלידת שמנת שוקולד לבן ועוגיות 440 מל,גרמים,260.00,100 גרם,false,1,25.90,9.9615,true,1,151942
8711528211138,false,גבינה עזים הולנדית ה,הנרי ויליך,NL,גבינה עזים הולנדית הנרי ויליך 1קג,קילוגרמים,1.00,"ק""ג",true,,169.00,169.0000,true,1,10566
8711528211145,false,גבינה גאודה גלגל הנר,מולינו ניקולי s.p.a,NL,גבינה גאודה גלגל הנרי ויליך 1 קג,קילוגרמים,1.00,"ק""ג",true,,109.00,109.0000,true,1,31659
8712000050146,false,בירה הייניקן בקבוק 3,טמפו,IL,"בירה הייניקן ללא אלכוהול בקבוק 330 מ""ל",מיליליטרים,330.00,"100 מ""ל",false,1,6.90,2.0909,true,1,129994
8712000051099,false,בירה הייניקן שישייה,"מבשלת היינקן, ריטבלד",NL,היינקן בירה לאגר ללא אלכוהול מארז שישייה,ליטרים,1.98,ליטר,false,1,34.90,17.6263,true,1,129993
8712100859939,false,גלידה WICH בצק עוגיו,אווגה,GR,קסטה WICH בצק עוגיות,גרמים,80.00,100 גרם,false,1,8.90,11.1250,true,1,115578
8712400802499,false,נוטרילון שלב      1,פרוטרופיק סיה.,NL,נוטרילון 1  800 גרם,גרמים,800.00,100 גרם,false,1,62.90,7.8625,true,1,120705
8712400802512,false,נוטרילון שלב      2,פרוטרופיק סיה.,NL,נוטרילון שלב 800 2 גרם,גרמים,800.00,100 גרם,false,1,62.90,7.8625,true,1,120706
8712400802536,false,נוטרילון שלב      3,פרוטרופיק סיה.,NL,נוטרילון 3- 800 גרם,גרמים,800.00,100 גרם,false,1,62.90,7.8625,true,1,120707
8712561594240,false,תחליב רחצה דאב להזנה,"יוניליוור גרמניה, Gm",DE,דאב  תחליב רחצה להזנה עמוקה 500 מל,מיליליטרים,500.00,"100 מ""ל",false,1,17.90,3.5800,true,1,108841
8712561594608,false,תחליב רחצה דאב להזנה,"יוניליוור גרמניה, Gm",DE,דאב  תחליב רחצה להזנה עמוקה 750 מל,מיליליטרים,750.00,"100 מ""ל",false,1,22.90,3.0533,true,1,108975
8712561599337,false,סיף תרסיס לניקוי חדר,יוניליוור,GB,סיף תרסיס לניקוי חדרי אמבט 450 מל,ליטרים,450.00,ליטר,false,1,12.90,0.0287,true,1,158552
8712561600026,false,סיף תרסיס לניקוי רב,יוניליוור,GB,סיף תרסיס לניקוי רב תכליתי עם אקונומיקה,ליטרים,450.00,ליטר,false,1,12.90,0.0287,true,1,158553
8712561611183,false,תחליב רחצה דאב מלפפו,"יוניליוור גרמניה, Gm",DE,דאב  תחליב רחצה מלפפון ותה ירוק 500 מל,מיליליטרים,500.00,"100 מ""ל",false,1,17.90,3.5800,true,1,108840
8712561611411,false,דאב תחליב רחצה מלפפו,"יוניליוור גרמניה, Gm",DE,דאב  תחליב רחצה מלפפון ותה ירוק 750 מל,מיליליטרים,750.00,"100 מ""ל",false,1,22.90,3.0533,true,1,108974
8714200207931,false,סוכריות לקריץ דבש,יושלם,,סוכריות לקריץ דבש,גרמים,168.00,100 גרם,false,1,9.90,5.8929,true,1,71982
8714200207962,false,לקריץ חתול,אחים מזרחי,,לקריץ חתול,גרמים,166.00,100 גרם,false,1,9.90,5.9639,true,1,71981
8714200208013,false,לקריץ אנטיביוטיקה,אחים מזרחי,,לקריץ אנטיביוטיקה,גרמים,166.00,100 גרם,false,1,9.90,5.9639,true,1,78059
8714200208051,false,סוכריות לקריץ גיר 15,קלואטה,,סוכריות לקריץ גיר 152 גר,גרמים,152.00,100 גרם,false,1,9.90,6.5132,true,1,71983
8714443620030,false,מרק ירקות אורגני,תות תעשיות מזון (201,NL,מרק ירקות,גרמים,200.00,100 גרם,false,1,31.90,15.9500,true,1,139144
8714599512159,false,גייקובס מגורען 190 ג,"אל.אל.סי ""גייקובס דא",RU,גייקובס מגורען 190 גרם,גרמים,190.00,100 גרם,false,1,28.90,15.2105,true,1,157013
8714599513835,true,גייקובס נטול קופאין,אל.אל.סי גייקובס דאו,DE,גייקובס נטול קופאין,לא מנהל יחידת מידה,0.00,לא מנהל יחידת מידה,false,1,28.90,0.0000,true,1,139146
8714599513866,false,קפה גיקובס קרונונג נ,אל.אל.סי גייקובס דאו,DE,"קפה גיקובס קרונונג נמס כשל""פ 200 גרם",גרמים,200.00,100 גרם,false,1,28.90,14.4500,true,1,112853
8714789177229,false,מברשת שיניים אקסטרא,קולגייט פלמוליב,CN,מברשת שיניים אקסטרא קלין 4 יח,יחידה,1.00,יחידה,false,1,14.90,14.9000,true,1,21573
8714789218465,false,מברשת שיניים קולגייט,קולגייט פלמוליב,CN,זוג מברשות שיניים קולגייט 360 סופט,לא מנהל יחידת מידה,0.00,לא מנהל יחידת מידה,false,1,33.90,0.0000,true,1,34029
8714789303925,false,מברשת שיניים 360 זוג,קולגייט- פלמוליב,,קולגייט מב.שיניים 360 סנסטיב ז,Unknown,0.00,Unknown,false,1,33.90,0.0000,true,1,47499
8714789402918,false,אגקס חגיגת הפרחים,הנסיך- מפעל לייצור ט,GR,"אג""קס חגיגת הפרחים אדום 1.5 ל          """,ליטרים,1.50,ליטר,false,1,19.90,13.2667,true,1,56259
8714789450315,false,פלמוליב כלים קלאסי,הנסיך- מפעל לייצור ט,GR,פלמוליב נוזל לניקוי כלים בניחוח לימון 1.5 ליטר,ליטרים,1.50,ליטר,false,1,17.70,11.8000,true,1,104629
8714789740058,false,מברשת שיניים קולגייט,"ש. שסטוביץ בע""מ",CN,קולגייט מברשת טוויסטר זוג סופט,יחידה,1.00,יחידה,false,1,18.90,18.9000,true,1,87642
8714789797786,false,פלמוליב כלים גריס בל,יבואן ומשווק: ש. שסט,GR,פלמוליב כלים גריס בלסטר 750 מל,מיליליטרים,750.00,"100 מ""ל",false,1,11.90,1.5867,true,1,86972
8714789930848,false,משחת שיניים אופטיק,קולגייט פלמוליב,PL,קולגייט משחת שיניים אופטיק הלבנה מיידית 75 מל,מיליליטרים,75.00,"100 מ""ל",false,1,23.90,31.8667,true,1,99172
8715035150300,false,רוטב סויה קיקומן ללא,קיקומן פודז יורופ בי,NL,רוטב סויה קיקומן ללא גלוטן 250 מל,מיליליטרים,250.00,"100 מ""ל",false,1,19.90,7.9600,true,1,128665
8715035520301,false,רוטב סויה ולימון פונ,קיקומן פודז יורופ בי,NL,קיקומן פונזו רוטב יפני על בסיס סויה ולימן,מיליליטרים,250.00,"100 מ""ל",false,1,19.90,7.9600,true,1,129832
8715300238306,false,חמאה הולנדית  פריקו,מחלבת אחיהוד,IL,חמאה הולנדית  פריקו  200גרם,גרמים,200.00,100 גרם,false,1,13.90,6.9500,true,1,160389
8715700110141,false,מיונז אמיתי היינץ 43,ה.י.היינץ הולדינג בי,NL,SG היינץ מיונז צנצנת 460 גרם,גרמים,460.00,100 גרם,false,1,11.90,2.5870,true,1,122482
8715700110158,false,מיונז לייט היינץ 430,ה.י.היינץ הולדינג בי,NL,SG היינץ מיונז לייט צנצנת 490,גרמים,490.00,100 גרם,false,1,11.90,2.4286,true,1,122483
8715700419695,true,רוטב ברביקיו מתוק,יוניליוור גרמניה  Gm,NL,היינץ רוטב ברביקיו מתוק 500 גרם,גרמים,500.00,100 גרם,false,1,17.90,3.5800,true,1,145316
8715700419732,false,מתבל עגבניות היינץ 7,ה.י. היינץ,NL,היינץ מתבל עגבניות 700 גרם,גרמים,700.00,100 גרם,false,1,9.90,1.4143,true,1,98869
8715700421322,true,רוטב ברביקיו צילי,ה.י היינץ הולדינג בי,NL,היינץ רוטב ברביקיו צ'ילי 490 גרם,יחידה,1.00,יחידה,false,1,17.90,17.9000,true,1,145315
8715700422473,false,מיונז היינץ ללא חומר,ה.י.היינץ,NL,היינץ ממרח לחיץ ללא חומרים משמרים,גרמים,395.00,100 גרם,false,1,15.90,4.0253,true,1,118800
8715700423906,false,מתבל עגבניות 50% פחו,היינץ צפון אמריקה מק,NL,היינץ מתבל עגבניות 50/50 550 גרם,גרמים,555.00,100 גרם,false,1,9.90,1.7838,true,1,124263
8717163607305,false,דאב סבון מוצק   1/4,יוניליוור גרמניה  Gm,DE,"דאב  סבון מוצק עם גרגרים 400 גרם, 4 יחידות",גרמים,400.00,100 גרם,false,1,18.70,4.6750,true,1,10582
8717163655764,true,רקסונה דאודורנט ספרי,"קוסטר אירוסול, גבזה",TR,אקס  דאודורנט ספריי שאוור פרש 150 מל,מיליליטרים,150.00,"100 מ""ל",false,1,18.90,12.6000,true,1,146780
8717163655825,true,רקסונה דאודורנט ספרי,"קוסטר אירוסול, גבזה",TR,אקס  דאודורנט ספריי כותנה 150 מל,ליטרים,150.00,ליטר,false,1,18.90,0.1260,true,1,146781
8717163658314,true,תחליב רחצה דאב sensi,יוניליוור גרמניה Gmb,DE,תחליב רחצה דאב sensitive skin עם מים מיס,Unknown,0.00,Unknown,false,1,17.90,0.0000,true,1,129888
8717163663493,true,רקסונה מן דאודורנט ס,"יוניליוור אנגליה, דר",GB,רקסונה דאודורנט ספריי לגבר קובלט דריי 150 מל,גרמים,150.00,100 גרם,false,1,18.90,12.6000,true,1,146782
8717163842669,false,תחליב רחצה דאב חימר,יוניליוור,DE,DOVE ג'ל רחצה 500 ML,מיליליטרים,500.00,"100 מ""ל",false,1,17.90,3.5800,true,1,147263
8717163842676,false,תחליב רחצה דאב חימר,יוניליוור גרמניה Gmb,DE,DOVE ג'ל רחצה 500 ML,מיליליטרים,500.00,"100 מ""ל",false,1,17.90,3.5800,true,1,147027
8717163947692,false,אקס גל רחצה פינק פפר,"יוניליוור גרמניה, רח",DE,AXE ג'ל רחצה 400 ML,מיליליטרים,400.00,"100 מ""ל",false,1,14.90,3.7250,true,1,148727
8717677336616,false,שוקולד מריר עם שקדים,אלפרד ריטר,NL,שוקולד מריר עם שקדים ומלח טוניס,גרמים,180.00,100 גרם,false,1,19.90,11.0556,true,1,156934
8717677336630,false,שוקולד חלב עם שקדים,אלפרד ריטר,NL,שוקולד חלב עם שקדים ודבש טוניס,גרמים,180.00,100 גרם,false,1,19.90,11.0556,true,1,156932
8717677336654,false,שוקולד חלב מעולה עם,,NL,שוקולד חלב מעולה עם שברי קרמל מלוח 180 ג,גרמים,180.00,100 גרם,false,1,19.90,11.0556,true,1,160164
8717677336661,false,שוקולד מריר 70% 180,אלפרד ריטר,NL,טוניס' שוקולונלי - שוקולד מריר מעולה 70%,גרמים,180.00,100 גרם,false,1,19.90,11.0556,true,1,156933
8717677338436,false,שוקולד חלב עם אגוזי,אלפרד ריטר,NL,שוקולד חלב עם אגוזי לוז קצוצים טוניס,גרמים,180.00,100 גרם,false,1,19.90,11.0556,true,1,156931
8718114724485,false,מיונז הלמנס לחיץ 750,יוניליוור,GB,מיונז הלמנס לחיץ 750 גרם,גרמים,750.00,100 גרם,false,1,23.90,3.1867,true,1,160837
8718951079205,true,מ.שיניים קולגייט סנס,הנסיך- מפעל לייצור ט,PL,קולגייט סנסיטיב פרו רליף ר.א.פ 75 מל,Unknown,0.00,Unknown,false,1,25.90,0.0000,true,1,139167
8718951093331,true,2 מבר.מרידול אקסטרה,קולגייט פלמוליב,,2 מבר.מרידול אקסטרה,Unknown,0.00,Unknown,false,1,33.90,0.0000,true,1,139168
8718951144064,true,מרידול פרדונט זוג,"ש. שסטוביץ בע""מ",,מרידול מברשת שיניים פרודונט אקספרט זוג,Unknown,0.00,Unknown,false,1,33.90,0.0000,true,1,139170
8718951159808,true,קולגייט 360 שלישיה,המאפיה של הרמן,CN,3 מברשות שיניים,Unknown,0.00,Unknown,false,1,33.90,0.0000,true,1,143551
8718951166288,false,משחת שיניים קולגייט,קולגייט פלמוליב,PL,קולגייט משחת שיניים מקס וייט 125 מל,מיליליטרים,100.00,"100 מ""ל",false,1,15.90,15.9000,true,1,126775
8718951166561,false,משחת שיניים קולגייט,קולגייט פלמוליב,PL,קולגייט משחת שיניים מקס פרש COOL MINT 125 מל,מיליליטרים,125.00,"100 מ""ל",false,1,15.90,12.7200,true,1,126776
8718951176874,false,קולגייט מי פה מיניון,קולגייט-פלמוליב,PL,"קולגייט מי פה מיניון 250 מ""ל",מיליליטרים,250.00,"100 מ""ל",false,1,15.90,6.3600,true,1,155116
8718951222779,false,מרידול פור משחת שיני,CP UK,PL,"מרידול פור משחת שיניים וחניכיים 75 מ""ל",יחידה,1.00,יחידה,false,1,24.90,24.9000,true,1,146302
8718951236790,false,משחת שיניים קולגייט,Colgate (Euro)-Palmo,PL,"משחת שיניים קולגייט טוטל משפחתי 100 מ""ל",מיליליטרים,100.00,"100 מ""ל",false,1,17.90,17.9000,true,1,129638
8718951236806,false,משחת שיניים קולגייט,Colgate (Euro)-Palmo,PL,משחת שיניים קולגייט,מיליליטרים,100.00,"100 מ""ל",false,1,17.90,17.9000,true,1,129637
8718951254527,false,קולגייט זוג מברשות 3,CP UK,PL,קולגייט סנסיטיב פרו רליף חוזק מוגבר להקל,מיליליטרים,75.00,"100 מ""ל",false,1,25.90,34.5333,true,1,145234
8718951264618,false,קולגייט אופטיק וייט,קולגייט-פלמוליב,PL,"קולגייט אופטיק וייט פחם פעיל 75 מ""ל",מיליליטרים,75.00,"100 מ""ל",false,1,27.90,37.2000,true,1,148599
8718951289833,false,פלמוליב סבון מוצק לו,CP UK,TR,פלמוליב סבון מוצק לומינוס 4*90 גרם,יחידה,1.00,יחידה,false,1,12.90,12.9000,true,1,146749
8718951312722,false,משחת שיניים קולגייט,קולגייט פלמוליב,PL,משחת שיניים קולגייט מקסווייט 100 מל,מיליליטרים,100.00,"100 מ""ל",false,1,11.90,11.9000,true,1,158556
8718951313576,false,משחת שיניים קולגייט,קולגייט פלמוליב,PL,משחת שיניים קולגייט מקס פרש כחול 100 מל,מיליליטרים,100.00,"100 מ""ל",false,1,11.90,11.9000,true,1,158557
8718951313927,false,פלמוליב סבון ידיים ח,CP UK,TR,"פלמוליב סבון ידיים חימר טונוס 300 מ""ל",מיליליטרים,300.00,"100 מ""ל",false,1,9.90,3.3000,true,1,150764
8718951319806,false,פלמוליב לגבר גל רחצה,CP UK,TR,פלמוליב לגבר גל רחצה ושמפו פיור ארקטיק,מיליליטרים,750.00,"100 מ""ל",false,1,21.90,2.9200,true,1,147321
8718951320093,false,מברשת שיניים קולגייט,קולגייט-פלמוליב,CN,מברשת שיניים קולגייט 360 אדוונס ווייט זו,יחידה,1.00,יחידה,false,1,33.90,33.9000,true,1,149244
8718951333048,false,פלמוליב סבון ידיים ל,"ש. שסטוביץ בע""מ",IT,פלמוליב סבון ידיים למנרטל ריחות למטבח 300 מל,מיליליטרים,300.00,"100 מ""ל",false,1,9.90,3.3000,true,1,153120
8718951345119,false,אגקס נוזל לניקוי רצפ,הנסיך- מפעל לייצור ט,GR,נוזל לניקוי כללי ורצפות אג'קס 2 ליטר,ליטרים,2.00,ליטר,false,1,22.90,11.4500,true,1,152284
8718951370135,false,פלמוליב ארומה סנסייש,CP UK,TR,"פלמוליב ארומה סנסיישן גלואו 750 מ""ל",מיליליטרים,750.00,"100 מ""ל",false,1,21.90,2.9200,true,1,149865
8718951381292,false,קולגייט מקס דיטוקס פ,CP UK,PL,"קולגייט מקס דיטוקס פואם 125 מ""ל",מיליליטרים,125.00,"100 מ""ל",false,1,15.90,12.7200,true,1,152283
8718951382640,false,פלמוליב גל רחצה חימר,CP UK,TR,"פלמוליב גל רחצה חימר דיטוקס 750 מ""ל",מיליליטרים,750.00,"100 מ""ל",false,1,21.90,2.9200,true,1,150765
8718951382718,false,פלמוליב גל רחצה חימר,CP UK,TR,"פלמוליב גל רחצה חימר התחדשות 750 מ""ל",מיליליטרים,750.00,"100 מ""ל",false,1,21.90,2.9200,true,1,150766
8718951385290,false,אגקס נוזל לניקוי רצפ,קולגייט פלמוליב,GR,נוזל לניקוי כללי ורצפות אג'קס 2 ליטר,ליטרים,2.00,ליטר,false,1,22.90,11.4500,true,1,152285
8718951409798,false,קולגייט מברשת מקס וו,"ש. שסטוביץ בע""מ",CN,קולגייט מברשת מקס וויט פחם זוג,יחידה,1.00,יחידה,false,1,24.90,24.9000,true,1,153767
8718951415836,false,קולגייט מי פה פלאקס,קולגייט,PL,קולגייט מי פה פלאקס פחם 500 מל,מיליליטרים,500.00,"100 מ""ל",false,1,31.90,6.3800,true,1,153762
8718951433120,false,מש.קולגייט טוטל לילד,CP UK,PL,מש.קולגייט טוטל לילד7-12  50 מל,מיליליטרים,50.00,"100 מ""ל",false,1,16.90,33.8000,true,1,160193
8718951443358,false,פלמוליב סבון ידיים ה,CP UK,TR,פלמוליב סבון ידיים היגיינה שלישייה,יחידה,1.00,יחידה,false,1,24.90,24.9000,true,1,153829
8718951443396,false,פלמוליב סבון ידיים ח,CP UK,TR,פלמוליב סבון ידיים חלב ודבש שלישייה,יחידה,1.00,יחידה,false,1,24.90,24.9000,true,1,153830
8718951466371,false,מרידול משחת שיניים 7,,PL,מרידול משחת שיניים 75 מל,מיליליטרים,75.00,"100 מ""ל",false,1,19.90,26.5333,true,1,160489
8719128117232,false,סירופ פפסי 440מל,סודה סטרים,IL,סירופ פפסי 440מל,מיליליטרים,440.00,"100 מ""ל",false,1,22.90,5.2045,true,1,153436
8719128117249,false,סירופ פפסי מקס 440מל,סודה סטרים,IL,סירופ פפסי מקס 440מל,מיליליטרים,440.00,"100 מ""ל",false,1,22.90,5.2045,true,1,153435
8719128117256,false,סירופ סבן אפ 440מל,סודה סטרים,IL,סירופ סבן אפ 440מל,מיליליטרים,440.00,"100 מ""ל",false,1,22.90,5.2045,true,1,153437
8719128117263,false,סירופ מירנדה 440מל,סודה סטרים,IL,סירופ מירנדה 440מל,מיליליטרים,440.00,"100 מ""ל",false,1,22.90,5.2045,true,1,153439
8719128117294,false,סירופ דיאט סבן אפ 44,סודה סטרים,IL,סירופ דיאט סבן אפ 440מל,מיליליטרים,440.00,"100 מ""ל",false,1,22.90,5.2045,true,1,153438
8719200998001,false,בלו בנד עם מלח 200 ג,מיוצר עי קונדיטוריית,IL,בלו בנד עם מלח 200 גרם,גרמים,200.00,100 גרם,false,1,4.70,2.3500,true,1,147075
8719200998018,false,מרגרינה בטעם חמאה מח,פארייפאבה אגרואינדוס,IL,מרגרינה בטעם חמאה מחמאה 200 גרם,גרמים,200.00,100 גרם,false,1,5.90,2.9500,true,1,72
8719200998094,false,מזולה מרגרינה בטעם ט,"מיוצר ע""י יוניליוור",IL,מזולה מרגרינה בטעם טבעי ללא  מלח לאפייה,גרמים,200.00,100 גרם,false,1,6.60,3.3000,true,1,147078
8719200998100,false,מזולה מרגרינה בטעם ח,פארייפאבה אגרואינדוס,IL,מזולה מרגרינה בטעם חמאה לאפייה ובישול 20,יחידה,1.00,יחידה,false,1,6.60,6.6000,true,1,147079
8719987148675,false,כלי הגשה עגול קוטר 9,,,כלי הגשה עגול קוטר 9,יחידה,1.00,יחידה,false,1,11.90,11.9000,true,1,160370
8719987592362,false,כלי הגשה אליפסה 6X10,,,כלי הגשה אליפסה 6X10,יחידה,1.00,יחידה,false,1,9.90,9.9000,true,1,160375
8719987814266,false,סט  תה קפה סוכר,,,סט  תה קפה סוכר,יחידה,1.00,יחידה,false,1,59.90,59.9000,true,1,160377
8719987835339,false,סט 3 נרות זכוכית עיט,,,סט 3 נרות זכוכית עיט,יחידה,1.00,יחידה,false,1,21.90,21.9000,true,1,160378
8720181114489,false,ספריי אקס שחור 150 מ,יוניליוור,GB,"ספריי אקס שחור 150 מ""ל",מיליליטרים,150.00,"100 מ""ל",false,1,13.90,9.2667,true,1,158706
8720181114496,false,ספרי גוף אקס שוקולד,יוניליוור,GB,"ספרי גוף אקס שוקולד 150 מ""ל",מיליליטרים,150.00,"100 מ""ל",false,1,13.90,9.2667,true,1,158707
8720182050137,false,סיף תרסיס לניקוי מטב,יוניליוור,GB,סיף תרסיס לניקוי מטבח 450 מל,ליטרים,450.00,ליטר,false,1,12.90,0.0287,true,1,158558
8720182990396,false,תה ליפטון שחור קלאסי,ליפטון,GB,"תה ליפטון שחור קלאסיק, 180 גרם",גרמים,180.00,100 גרם,false,1,12.90,7.1667,true,1,160625
8720573127165,false,סט 4 כוסות מאג פורצל,,,סט 4 כוסות מאג פורצלן 90 מל,יחידה,1.00,יחידה,false,1,24.90,24.9000,true,1,160380
8721200060107,false,ופל בקרסלנד סטרופ 10,דה בנקט גרופ,,ופל בקרסלנד סטרופ 100 גרם,גרמים,100.00,100 גרם,false,1,12.90,12.9000,true,1,69196
8723400782544,false,מנטוס תפזורת בשקית מ,קדבורי,NL,מנטוס תפזורת בשקית מנטה,לא מנהל יחידת מידה,0.00,לא מנהל יחידת מידה,false,1,12.90,0.0000,true,1,127169
8760421000295,true,צלחת דקור,,,צלחת דקור,,0.00,,false,,16.90,0.0000,true,1,160274
8760421000318,true,קלחת דקור 27*18*5.6,,,קלחת דקור 27*18*5.6,,0.00,,false,,49.90,0.0000,true,1,160000
8760421000325,true,קלחת דקור 22*16*6,,,קלחת דקור 22*16*6,,0.00,,false,,39.90,0.0000,true,1,160001
8801055707966,false,נסקפה טייסטר צויס בר,לוטה נסטלה קוריאה,,נסקפה טייסטרס צ'ויס בריסטה 12*180גרם,גרמים,180.00,100 גרם,false,1,32.90,18.2778,true,1,115281
8801055708772,false,נסקפה טייסטרס צויס מ,לוטה נסטלה קוריאה,IL,טייסטרס צויס מארז 8*200ג'+50ג',גרמים,250.00,100 גרם,false,1,31.90,12.7600,true,1,147166
8801055709427,false,קפה נמס טסטר צוייס א,לוטה נסטלה קוריאה,KR,"קפה נמס טסטר צוייס אלטה ריקה, 100 גרם",גרמים,100.00,100 גרם,false,1,25.90,25.9000,true,1,155247
8801055709434,false,קפה נמס טסטר צוייס ק,לוטה נסטלה קוריאה,KR,קפה נמס טסטר צוייס קולומביה100 גרם,גרמים,100.00,100 גרם,false,1,25.90,25.9000,true,1,155246
8802241131664,true,חטיף אצות ים,,,חטיף אצות ים,גרמים,195.00,100 גרם,false,1,22.90,11.7436,true,1,122699
8802241132821,false,חטיף אצות 3 יח,"מאן גו'ן פוד בע""מ",,חטיף אצות 3 יח,גרמים,14.00,100 גרם,false,1,9.90,70.7143,true,1,123032
8850161160851,false,מי קוקוס קוקו מקס 35,פארייפאבה אגרואינדוס,TH,"קוקו מקס 100% מי  קוקוס 350 מ""ל",מיליליטרים,350.00,"100 מ""ל",false,1,9.50,2.7143,true,1,146299
8850161166204,false,"קרם קוקוס 500 מ""ל AM",הנסיך- מפעל לייצור ט,TH,"אמפווה קרם קוקוס 500 מ""ל",מיליליטרים,500.00,"100 מ""ל",false,1,11.90,2.3800,true,1,145217
8850161167041,false,חלב  קוקוס קוקו וואי,פארייפאבה אגרואינדוס,TH,"קוקו וואי משקה קוקוס 270 מ""ל",מיליליטרים,270.00,"100 מ""ל",false,1,9.50,3.5185,true,1,146300
8850372000380,false,מקלוני שעועית מארז ע,,,מקלוני שעועית מארז עשריה,גרמים,400.00,100 גרם,false,1,24.90,6.2250,true,1,97421
8850389103111,false,משקה סאפה אלוורה ענב,פארייפאבה אגרואינדוס,TH,"סאפה אלוורה ענבים בקבוק 300 מ""ל",מיליליטרים,300.00,"100 מ""ל",false,1,8.50,2.8333,true,1,43289
8850389103128,false,משקה סאפה אלוורה תפו,פארייפאבה אגרואינדוס,TH,"סאפה תפוח בקבוק 300 מ""ל 24 יח",מיליליטרים,300.00,"100 מ""ל",false,1,8.50,2.8333,true,1,43290
8850389103159,false,משקה ליצי עם חתיכות,סאפה פובליק קומפני ל,TH,"משקה ליצי עם חתיכות גלי קוקוס 320 מ""ל",מיליליטרים,320.00,"100 מ""ל",false,1,8.50,2.6563,true,1,157110
8850389104637,false,משקה סאפה אלוורה אפר,פארייפאבה אגרואינדוס,TH,"סאפה אלוורה אפרסק בקבוק 300 מ""ל",מיליליטרים,300.00,"100 מ""ל",false,1,8.50,2.8333,true,1,62162
8850389105825,false,משקה סאפה אלוורה ענב,פארייפאבה אגרואינדוס,TH,סאפה משקה אלוורה בטעם ענבים,ליטרים,1.00,ליטר,false,1,13.50,13.5000,true,1,71077
8850389105832,false,משקה סאפה אלוורה תפו,פארייפאבה אגרואינדוס,TH,סאפה תפוח אלוורה בקבוק ליטר,ליטרים,1.00,ליטר,false,1,13.50,13.5000,true,1,73546
8850389105849,false,משקה סאפה אלוורה אפר,פארייפאבה אגרואינדוס,TH,סאפה אפרסק אלוורה בקבוק ליטר,ליטרים,1.00,ליטר,false,1,13.50,13.5000,true,1,71078
8850389111352,false,מוגו מוגו ליצי 320 מ,סאפה פובליק קומפני ל,TH,"מוגו מוגו ליצי 320 מ""ל",מיליליטרים,320.00,"100 מ""ל",false,1,8.50,2.6563,true,1,157111
8850389115336,false,משקה סאפה אלוורה מלו,פארייפאבה אגרואינדוס,TH,סאפה משקה אלוורה בטעם מלון,ליטרים,1.00,ליטר,false,1,13.50,13.5000,true,1,123943
8850632604259,false,ממתק תות שדה בצורת מ,ג'נרל קנדי בעמ,TH,ממתק תות שדה בצורת מקלות יוגטה 50 גרם,גרמים,50.00,100 גרם,false,1,4.90,9.8000,true,1,67639
8850632604266,false,ממתק קולה בצורת מקלו,ג'נרל קנדי בעמ,TH,"יוגטה, ממתק חמוץ בצורת מקלות בטעם קולה, 50 גרם",גרמים,50.00,100 גרם,false,1,4.90,9.8000,true,1,67640
8850632604372,false,ממתק תות שדה בצורת ש,ג'נרל קנדי בעמ,TH,ממתק תות שדה בצורת שטיח יוגטה 50 גרם,גרמים,50.00,100 גרם,false,1,4.90,9.8000,true,1,67641
8850632604402,false,ממתק תות ענבים בצורת,"ג'נרל קנדי בע""מ",TH,ממתק תות ענבים בצורת שטיח יוגטה 50 גרם,גרמים,50.00,100 גרם,false,1,4.90,9.8000,true,1,67642
8850632605201,false,יוגטה חיספוסים בטעם,הדקלאים אגודת שיתופי,TH,יוגטה חיספוסים בטעם מעורב תות,גרמים,50.00,100 גרם,false,1,4.90,9.8000,true,1,73351
8850632606390,false,חיספוסים בטעם אבטיח,ג'נרל קנדי בעמ,TH,יוגטה חיספוסים בטעם אבטיח,גרמים,50.00,100 גרם,false,1,4.90,9.8000,true,1,93670
8851613101378,false,חלב קוקוס 250 מל,כלורוקס אוקלנד,TH,"חלב קוקוס 250 מ""ל",מיליליטרים,250.00,"100 מ""ל",false,1,9.90,3.9600,true,1,91612
8852633119039,false,אסיה רוטב דגים 300 מ,,,"אסיה רוטב דגים 300 מ""ל",מיליליטרים,300.00,"100 מ""ל",false,1,7.50,2.5000,true,1,116576
8857101301008,false,רוטב צילי מתוק 700 מ,יוליניבר,TH,רוטב צ'ילי מתוק 700 מל,גרמים,80.00,100 גרם,false,1,11.90,14.8750,true,1,110398
8858744800019,false,ממרח קארי ירוק 50 גר,קנוקוואן פוד פרודקטס,,ממרח קארי ירוק 50 גר,גרמים,50.00,100 גרם,false,1,4.90,9.8000,true,1,100840
8858744800057,false,ממרח טום יאם 30 גר,קנוקוואן פוד פרודקטס,,ממרח טום יאם 30 גר,גרמים,30.00,100 גרם,false,1,4.90,16.3333,true,1,100845
8858744800064,false,ממרח קארי אדום 50 גר,קנוקוואן פוד פרודקטס,,ממרח קארי אדום 50 גר,גרמים,50.00,100 גרם,false,1,4.90,9.8000,true,1,100841
8858744800088,false,ממרח קארי מסאמן 50 ג,קנוקוואן פוד פרודקטס,,ממרח קארי מסאמן 50 גר,גרמים,50.00,100 גרם,false,1,4.90,9.8000,true,1,100842
8858744800149,false,תערובת חמישה תבלינים,קנוקוואן פוד פרודקטס,,תערובת חמישה תבלינים 50 גר,גרמים,50.00,100 גרם,false,1,5.90,11.8000,true,1,100846
8888021200256,false,"סוללות אנרג""יזר  AA",,SG,סוללת אנרג'ייזר AA,Unknown,0.00,Unknown,false,1,28.90,0.0000,true,1,24321
8888021200720,false,סוללות AAA שמיניה,,SG,סוללת אנרג'ייזר AAA,Unknown,0.00,Unknown,false,1,28.90,0.0000,true,1,14262
8901537024014,false,אורז בסמטי מובחר דוו,אל.טי.פודס בעמ,IN,אורז בסמטי 1 DAAWAT קג,קילוגרמים,1.00,"ק""ג",false,1,13.90,13.9000,true,1,73229
8901537076679,false,אורז בסמטי חום מלא ד,האי נאם סי או אל.טי.,IN,"אורז בסמטי חום מלא דאווט 1 ק""ג",קילוגרמים,1.00,"ק""ג",false,1,16.90,16.9000,true,1,125290
8997206332016,true,סוכר קוקוס אורגני 45,קוקו שוגאר,ID,סוכר קוקוס אורגני 454 גרם,גרמים,454.00,100 גרם,false,1,25.90,5.7048,true,1,124464
9002859050671,false,גונץ-לבבות שוקולד בר,לייקה,IT,גונץ-לבבות שוקולד ברשת 100 גרם,גרמים,100.00,100 גרם,false,1,9.90,9.9000,true,1,86688
9002859077678,true,שוקולד לבן גונץ 100,,,שוקולד לבן גונץ 100,,0.00,,false,,7.90,0.0000,true,1,160575
9002975393836,false,הריבו האפי קולה 70 ג,"האריבו , ג'י.אם.בי.א",AT,סוכריות גומי בטעם קולה 70 גרם,גרמים,70.00,100 גרם,false,1,6.90,9.8571,true,1,153530
9002975393843,false,הריבו גולדברס 70 גרם,"האריבו , ג'י.אם.בי.א",AT,סוכריות גומי בטעמי פירות דובונים 70 גרם,גרמים,70.00,100 גרם,false,1,6.90,9.8571,true,1,153531
9002975393850,false,הריבו וורמס 70 גרם,"האריבו , ג'י.אם.בי.א",AT,סוכריות גומי בטעמי פירות נחשים 70 גרם,גרמים,70.00,100 גרם,false,1,6.90,9.8571,true,1,153532
9005835312626,false,קלרו טבליות למדיח לל,קלרו,AT,קלרו טבליות למדיח ללא פוספטים 50 יח,מיליליטרים,1.00,"100 מ""ל",false,1,52.00,5200.0000,true,1,145955
9005835312640,false,קלרו טבליות למדיח לל,קלרו,AT,קלרו טבליות למדיח ללא פוספטים 80 יח,מיליליטרים,1.00,"100 מ""ל",false,1,73.00,7300.0000,true,1,145956
9005835312718,false,קלרו פירדמיה מלח אקו,קלרו,AT,קלרו פירדמיה מלח אקולוגי למדיח,מיליליטרים,1.00,"100 מ""ל",false,1,15.90,1590.0000,true,1,145957
9005835312732,false,קלרו נוזל הברקה ומזר,קלרו,AT,קלרו נוזל הברקה ומזרז ייבוש למדיח,מיליליטרים,1.00,"100 מ""ל",false,1,15.90,1590.0000,true,1,145958
9005835312756,false,קלרו נוזל לניקוי יסו,קלרו,AT,קלרו נוזל לניקוי יסודי למדיח,מיליליטרים,1.00,"100 מ""ל",false,1,15.90,1590.0000,true,1,145959
9008700111546,true,HAPPY DAY דובדבן חמו,,,HAPPY DAY דובדבן חמו,Unknown,0.00,Unknown,false,1,11.60,0.0000,true,1,59837
9044400841000,false,סוכריות פז בליסטר,פז,HU,סוכריות פז בובה,גרמים,26.00,100 גרם,false,1,12.90,49.6154,true,1,11553
9044400851672,false,סוכריות פז בובה,פז,HU,סוכריות פז בובה,גרמים,26.00,100 גרם,false,1,12.90,49.6154,true,1,158131
9120025834723,false,חטיפי אוראו מצונן 12,בובארד איטליה אס.פי.,IT,חטיפי אוראו מצונן 120גרם מאגדת,גרמים,120.00,100 גרם,false,1,14.90,12.4167,true,1,160141
9120025839896,false,חטיפי מילקה מצונן 12,בובארד איטליה אס.פי.,IT,חטיפי מילקה מצונן 128גרם מאגדת,גרמים,128.00,100 גרם,false,1,14.90,11.6406,true,1,160142
9120097310583,false,חטיפי  שוקו בננה מינ,בובארד איטליה אס.פי.,IT,חטיפי  שוקו בננה מיניונים מצונן 108גרם מ,גרמים,108.00,100 גרם,false,1,14.90,13.7963,true,1,160143
9310072028743,false,טים טם מצופה שוקולד,"ארנוטס ביסקוויטס בע""",AU,טים טם אורגינל 200 גר,גרמים,200.00,100 גרם,false,1,19.90,9.9500,true,1,113950
9310072028750,false,טים טם מצופה שוקולד,"ארנוטס ביסקוויטס בע""",AU,טים טם דאבל 200 גר,גרמים,200.00,100 גרם,false,1,19.90,9.9500,true,1,113018
9310088007015,false,דיפנד תחבושות לילה,KC Vietnam,,דיפנד תחבושות לילה 8 יח,Unknown,0.00,Unknown,false,1,21.90,0.0000,true,1,90324
9322969000015,false,פריכיות תירס טעם טבע,אף.סי תבליני בגליל ב,AU,רילפוד- פריכיות תירס בטעם טבעי 150 גר',גרמים,150.00,100 גרם,false,1,13.90,9.2667,true,1,70689
9322969000022,false,פריכיות תירס עם סויה,אף.סי תבליני בגליל ב,AU,פריכיות תירס עם סויה וזרעי פשת 150 גרם,גרמים,150.00,100 גרם,false,1,13.90,9.2667,true,1,70753
9322969000039,true,פריכיות תירס עם 4 דג,אף.סי תבליני בגליל ב,AU,פריכיות תירס עם 4 דגנים מלאים,גרמים,150.00,100 גרם,false,1,13.90,9.2667,true,1,126393
9322969000046,false,פריכיות תירס אורגניו,אף.סי תבליני בגליל ב,AU,ריל פוד פריכיות תירס עם שומשום 150 גרם,גרמים,150.00,100 גרם,false,1,13.90,9.2667,true,1,70754
9322969000053,false,פריכיות אורז מלא 150,ריל פוד,IT,פריכיות אורז מלא 150 גרם,גרמים,150.00,100 גרם,false,1,13.90,9.2667,true,1,156711
9421018071508,false,יין מד האוס 750,יוליניבר,NZ,מאד האוס כשר סוביניון בלאן כשר,מיליליטרים,750.00,"100 מ""ל",false,1,54.90,7.3200,true,1,146399
9720188060108,false,טופוטי ממרח על בסיס,טופוטי ברנדס אינק.ג',IL,טופוטי - ממרח טופו בטעם שמנת - 340 גר',גרמים,360.00,100 גרם,false,1,22.90,6.3611,true,1,12014
9870419002459,true,קערה עגולה קטנה דקור,,,קערה עגולה קטנה דקור,,0.00,,false,,5.90,0.0000,true,1,160004
9870419002558,true,קערה עם ידיות דקור,,,קערה עם ידיות דקור,,0.00,,false,,21.90,0.0000,true,1,160002
9870419002602,true,צלחת/קערית דקור602/4,,,צלחת/קערית דקור602/4,,0.00,,false,,34.90,0.0000,true,1,160229
9870422102672,true,קערה עגולה דקור,,,קערה עגולה דקור,,0.00,,false,,7.90,0.0000,true,1,160003
9870422102757,true,צלחת עגולה עם ידית,,,צלחת עגולה עם ידית,,0.00,,false,,8.90,0.0000,true,1,160005
9870422102795,true,קערת סלט דקור 24.5*2,,,קערת סלט דקור 24.5*2,,0.00,,false,,57.90,0.0000,true,1,159999
