code,internal_code,name,manufacturer_name,manufacture_country,manufacturer_item_description,unit_qty,quantity,unit_of_measure,weighted,qty_in_package,price,unit_of_measure_price,allow_discount,status,item_id
30107014,false,נייר גלגול גדול + פילטר בודד,Unknown,IL,נייר גלגול,יחידה,1.00,יחידה,false,0,5.90,5.90,false,1,
30112919,false,נייר גלגול בינוני + פילטר בודד,Unknown,IL,נייר גלגול,יחידה,1.00,יחידה,false,0,5.00,5.00,false,1,
40052403,false,קיט קט 4 אצבעות שוקולד חלב,נסטלה Nestle,DE,חטיף קיט קאט,גרמים,41.00,100 גרם,false,1,4.50,10.98,true,1,
42138105,false,סיגריות וינסטון סופר סלימס כחול,גיי טי אינטרנשיונל,CH,וינסטון סופר סלי,יחידה,1.00,יחידה,false,0,32.50,32.50,false,1,
42138129,false,ווינסטון סופר סלימס נטוראל חפיסה,Unknown,CH,וינסטון ס.ס מנטו,יחידה,1.00,יחידה,false,0,32.50,32.50,false,1,
52070082,false,פאלמאל סופר סלמס ויולט ח,Unknown,CH,פאל מאל סופר,יחידה,1.00,יחידה,false,1,29.50,29.50,false,1,
59039549,false,סיגריות ווג פריזון מנטה בודד,Unknown,PL,ווג מנטה,יחידה,1.00,יחידה,false,0,37.50,37.50,false,1,
59068907,false,סיגריות פאל מאל כחול דמי סלימס,גלוברנס,PL,פאל מאל כחול דמי,יחידה,1.00,יחידה,false,1,26.50,26.50,false,1,
59068914,false,סיגריות פאל מאל סילבר דמי סלימס,Unknown,PL,פאלמאל סילבר דמי,יחידה,1.00,יחידה,false,1,26.50,26.50,false,1,
59455233,false,ווג ליידי כחול קופסה,Unknown,PL,ווג כחול,יחידה,1.00,יחידה,false,0,37.50,37.50,false,1,
59455240,false,ווג סופרסלימס לילך חפיסה,Unknown,PL,ווג לילך,יחידה,1.00,יחידה,false,0,37.50,37.50,false,1,
72940754,false,"מילקי מעדן וניל עם קצפת שטראוס 133 מ""ל","שטראוס גרופ בע""\מ",IL,מילקי טעם וניל,מיליליטרים,170.00,"100 מ""ל",false,0,2.90,1.71,true,1,
72940761,false,"מילקי מעדן שוקולד עם קצפת שטראוס 133 מ""ל",מיוצר עי קונדיטוריית,IL,מילקי טעם שוקולד,מיליליטרים,170.00,"100 מ""ל",false,0,2.90,1.71,true,1,
72940952,false,מעדן מילקי בטעם שוקולד עם אקסטרה קצפת,"שטראוס גרופ בע""\מ",IL,מילקי אקסטרה,מיליליטרים,170.00,"100 מ""ל",false,0,4.10,2.41,true,1,
72945308,false,קוביות שמרים לאפיה שמרית 2*25 ג',"פאקא תעשיות בע""\מ",IL,קוביות שמרים,גרמים,50.00,100 גרם,false,0,4.00,8.00,true,1,
72961506,false,יוגורט עם תות 1.5% שומן 125 ג' פרילי,מיוצר עי קונדיטוריית,IL,פרילי תות,גרמים,125.00,100 גרם,false,0,3.70,2.96,true,1,
72961520,false,"פרילי יוגורט עם אננס 1.5% תנובה 125 מ""ל",מיוצר עי קונדיטוריית,IL,פרילי אננס 1.5%,גרמים,125.00,100 גרם,false,0,3.70,2.96,true,1,
72961544,false,"באדי יוגורט בטעם תות שדה 3% תנובה 125 מ""ל",מחלבת אלון תבור,IL,מעדן באדי תות 3%,גרמים,125.00,100 גרם,false,0,3.00,2.40,true,1,
72963753,false,שמנת אורגינל של פעם 27% שומן 200 ג' תנובה,תנובה מרכז שיתופי לש,IL,שמנת חמוצה תנובה,גרמים,200.00,100 גרם,false,0,4.00,2.00,true,1,
72983997,false,קופסה גולף גולד ארוך בוקס,דובק,,גולף גולד ארוך,יחידה,1.00,יחידה,false,0,29.50,29.50,false,1,
72984000,false,גולף סילבר 100 פ.ע חפיסה,דובק,,גולף סילבר ארוך,יחידה,1.00,יחידה,false,0,29.50,29.50,false,1,
72986370,false,"גלידת בן & ג'ריס פיינטים וניל 500מ""ל",מוצרי איכות אמריקאיים,IL,גלידה בן & ג'ריס,מיליליטרים,500.00,"100 מ""ל",false,0,23.90,4.78,true,1,
72986424,false,"גלידת בן & ג'ריס פיינטים קרם עוגיות 500מ""ל",מוצרי איכות אמריקאיים בע,IL,גלידה בן & ג'ר,מיליליטרים,500.00,"100 מ""ל",false,0,23.90,4.78,true,1,
72986448,false,"גלידת בן & ג'ריס פיינטים טופי קראנץ 500מ""ל",מוצרי איכות אמריקאיים בע,IL,גלידה בן & ג'ר,מיליליטרים,500.00,"100 מ""ל",false,0,23.90,4.78,true,1,
72986455,false,"גלידה ניו יורק סופר פאדג' צ'אנק בן אנד ג'ריס 500 מ""ל",מוצרי איכות אמריקאיים בע,IL,גלידה בן & ג'ר,מיליליטרים,500.00,"100 מ""ל",false,0,23.90,4.78,true,1,
72986479,false,"גלידה שוקולד אגוז עם בננות בן וג'ירי 500 מ""ל",מוצרי איכות אמריקאיים בע,IL,גלידה בן & ג'ר,מיליליטרים,500.00,"100 מ""ל",false,0,23.90,4.78,true,1,
72989395,false,טילון ורמונט קרם עוגיות,מוצרי איכות אמריקאיים בע,IL,טילון קרם עוגי,יחידה,1.00,יחידה,false,0,9.90,9.90,true,1,
72989425,false,"גלידת בן & ג'ריס פיינטים שוקולד בראוניז 500מ""ל",מוצרי איכות אמריקאיים בע,IL,גלידה בן & ג'ר,מיליליטרים,500.00,"100 מ""ל",false,0,23.90,4.78,true,1,
72993637,false,מעדן חלב בטעם שוקולד 125 ג' דני,"שטראוס גרופ בע""\מ",IL,דני שוקולד 1.5%,גרמים,125.00,100 גרם,false,0,2.70,2.16,true,1,
76136184,false,סיגריות פאל מל סלימס כחול בודד,Unknown,CH,פאלמאל סופר סלימ,יחידה,1.00,יחידה,false,0,29.50,29.50,false,1,
80042556,false,POLPA עגבניות חתוכות דק 400 גרם MUTTI,"איי, בי, אינבוו",IT,עגבניות חתוכות,גרמים,400.00,100 גרם,false,0,6.80,1.70,true,1,
80050025,false,סוכריות טיק טק תפוז 16 גרם,פררו - אלבה,ZA,טיק טק תפוז,גרמים,16.00,100 גרם,false,0,3.50,21.88,true,1,
80050124,false,סוכריות טיק טק מנטה 16 גרם,פררו - אלבה,ZA,סוכריות טיק טק,גרמים,16.00,100 גרם,false,0,3.50,21.88,true,1,
80052760,false,קינדר בואנו Kinder Bueno עם חלב ואגוזי לוז,פררו - אלבה,PL,קינדר בואנו זוג,גרמים,43.00,100 גרם,false,0,4.90,11.40,true,1,
80136194,false,חטיפי הפי היפו Happy Hippo במילוי קרם חלבי ואגוזי לוז,קינדר Kinder,DE,חטיף הפי היפו5יח,גרמים,115.00,100 גרם,false,1,13.90,12.09,true,1,
80177173,false,ממרח שוקולד נוטלה 350 גרם,פררו - אלבה,IT,ממרח נוטלה,גרמים,350.00,100 גרם,false,0,15.90,4.54,true,1,
80177609,false,אצבעות שוקולד קינדר Kinder ארבע יחידות,פררו - אלבה,IT,אצבעות קינדר,גרמים,50.00,100 גרם,false,0,5.00,10.00,true,1,
80273592,false,פלפל ארבע עונות 30 גר ארומה דה טוסקנה,דרוגיה ואלימנטרי אס.אר.א,IT,פלפל,גרמים,35.00,100 גרם,false,0,13.80,39.43,true,1,
80761761,false,קינדר בואנו לבן בודד 39 גרם,ליימן שליסל,PL,קינדר בואנו לבן,גרמים,39.00,100 גרם,false,0,4.90,12.56,true,1,
80773429,false,מנטוס בקבוק מעוגל - מסטיק ללא סוכר בטעם תות 60 גרם,"פרפטי ואן מלה ג'\ידה,סאן",TR,מנטוס בקבוק,גרמים,60.00,100 גרם,false,1,10.90,18.17,true,1,
80773443,false,מנטוס בקבוק מעוגל - מסטיק ללא סוכר בטעם מנטה 60 גרם,"פרפטי ואן מלה ג'\ידה,סאן",TR,מסטיק מנטוס,גרמים,60.00,100 גרם,false,1,10.90,18.17,true,1,
80776307,false,מסטיק מנטוס ביג בבקבוק מעוגל טעם פירות מנטה 90 ג',פרפטי ואן מלה הולנד,TR,מסטיק מנטוס,גרמים,90.00,100 גרם,false,1,18.60,20.67,true,1,
80780595,false,מסטיק מנטוס ביג בבקבוק מעוגל טעם מנטה-עדינה 90 ג',פרפטי ואן מלה הולנד,TR,מסטיק מנטוס,גרמים,90.00,100 גרם,false,1,18.60,20.67,true,1,
80790990,false,מסטיק מנטוס בבקבוק מעוגל בטעם פירות -מנטה 60 ג',"פרפטי ואן מלה ג'\ידה,סאן",TR,מסטיק מנטוס,גרמים,60.00,100 גרם,false,1,10.90,18.17,true,1,
80831402,false,סוכריות מנטוס מנטה עדינה 30 יח' ללא סוכר CLEAN BREATH,פרפטי ואן מלה,NL,סוכריות מנטה,גרמים,21.00,100 גרם,false,1,6.90,32.86,true,1,
80843184,false,מנטוס מסטיק פיור פרש בטעם ענבים 60גר,פרפטי ואן מלה הולנד,TR,מסטיק מנטוס,גרמים,60.00,100 גרם,false,1,10.90,18.17,true,1,
80854753,false,סוכריות מנטוס מנטה 30 יח' ללא סוכר CLEAN BREATH,פרפטי ואן מלה,NL,סוכריות מנטוס,גרמים,21.00,100 גרם,false,1,6.90,32.86,true,1,
80862130,false,"מנטוס מסטיק פיור פרש - אבטיח 28 גרם (14 יח') חת""ס",פרפטי ואן מלה ברדה,TR,מסטיק מנטוס,גרמים,28.00,100 גרם,false,1,4.70,16.79,true,1,
80864295,false,סוכריות פיור וויט טעם מנטה עדינה 60 ג' מנטוס,"פרפטי ואן מלה ג'ידה,סאן",TR,מנטוס פיור וויט,גרמים,60.00,100 גרם,false,1,10.90,18.17,true,1,
80874652,false,קארדס חטיף בוד 25.6 ג קינדר,פררו,IT,קינדר קארדס,גרמים,26.00,100 גרם,false,1,4.30,16.54,true,1,
80896081,false,מנטוס בקבוק מעוגל - מסטיק ללא סוכר בטעם אבטיח 60 גרם,"פרפטי ואן מלה ג'\ידה,סאן",TR,מנטוס בקבוק,גרמים,60.00,100 גרם,false,1,10.90,18.17,true,1,
80913467,false,מנטוס בקבוק מעוגל - מסטיק ללא סוכר בטעם מנטה,פרפטי ואן מלה הולנד,TR,מסטיק מנטוס,גרמים,60.00,100 גרם,false,1,10.90,18.17,true,1,
80926481,false,מסטיק מנטוס פיור פרש בבקבוק בינוני בטעם אבטיח 90ג',"פרפטי ואן מלה ג'ידה,סאן",TR,מסטיק מנטוס,גרמים,90.00,100 גרם,false,1,18.60,20.67,true,1,
80945468,false,סוכריות פיור וויט טעם מנטה מתוקה 60 ג' מנטוס,"פרפטי ואן מלה ג'ידה,סאן",TR,מנטוס פיור וויט,גרמים,60.00,100 גרם,false,1,10.90,18.17,true,1,
80954521,false,"מנטוס מסטיק פיור פרש - תות 28 גרם (14 יח') חת""ס",פרפטי ואן מלה ברדה,TR,מסטיק מנטוס,גרמים,28.00,100 גרם,false,1,4.70,16.79,true,1,
80974215,false,מסטיק מנטוס פיור פרש בבקבוק ביג בטעם תות 90ג',"פרפטי ואן מלה ג'ידה,סאן",TR,מסטיק מנטוס,גרמים,90.00,100 גרם,false,1,18.60,20.67,true,1,
80979128,false,מנטוס מסטיק בקבוק מעוגל בטעם דובדבן,פרפטי ואן מלה הולנד,TR,מסטיק מנטוס,גרמים,60.00,100 גרם,false,1,10.90,18.17,true,1,
80982470,false,מנטוס מסטיק פיור פרוסט בטעם מנטה חזקה 60 ג',פרפטי ואן מלה ברדה,TR,מסטיק מנטוס,גרמים,60.00,100 גרם,false,1,10.90,18.17,true,1,
80986348,false,סוכריות פיור וויט טעם מנטה 60 ג' מנטוס,"פרפטי ואן מלה ג'ידה,סאן",TR,מנטוס פיור וויט,גרמים,60.00,100 גרם,false,1,10.90,18.17,true,1,
85939868,false,ניר קצר לגלגול ללא פילטר,U 4 ROLL,CZ,נייר קצר לגלגול,יחידה,1.00,יחידה,false,0,2.00,2.00,false,1,
85942707,false,נייר קצר ללא פילטר עבה PIH,U 4 ROLL,CZ,נייר קצר פארטי,יחידה,1.00,יחידה,false,1,2.00,2.00,false,1,
85966611,false,נייר גלגול גדול כולל פילטר PIH,רול פור יו,CZ,ניר ארוך דק+פילט,יחידה,1.00,יחידה,false,1,7.00,7.00,false,1,
85967069,false,נייר גלגול גדול כולל פילטר חום,רול פור יו,CZ,ניר ארוך+פיל.חום,יחידה,1.00,יחידה,false,1,8.90,8.90,false,1,
90087974,true,"חומץ טבעי מתפוחים 750מ""ל",GMBH FRUCHTSAFTE RAUCH,AT,חומץ תפוחי עץ,מיליליטרים,750.00,"100 מ""ל",false,0,15.90,2.12,true,1,
8112100298,false,"שמן שומשום טהור מזרח ומערב 185 מ""ל",Flavor full foods in,TW,שמן שומשום,מיליליטרים,185.00,"100 מ""ל",false,0,15.90,8.59,true,1,
11210000094,false,"רוטב ""טבסקו"" על בסיס פלפל אדום 60 מ""ל",מקאילהייני אייבורי,US,רוטב טבסקו,מיליליטרים,60.00,"100 מ""ל",false,0,12.80,21.33,true,1,
12300159135,false,וינסטון כחול ארוך פאקט,Unknown,CH,וינסטון כחול ארו,יחידה,1.00,יחידה,false,0,323.00,323.00,false,1,
16000423534,false,חטיפי גרנולה קראנצ'י עם שיבולת שועל ושוקולד מריר נייצ'ר ואלי 5*42 גרם,ג'נרל מילס סאן אדריאן,ES,חטיף נייצ'ר ואלי,גרמים,210.00,100 גרם,false,0,21.90,10.43,true,1,
16000548404,false,חטיפי גרנולה קראנצ'י עם שיבולת שועל ודבש נייצ'ר ואלי 5*42 גרם,ג'נרל מילס סאן אדריאן,ES,חטיף נייטשר ואלי,גרמים,210.00,100 גרם,false,0,21.90,10.43,true,1,
16000548503,false,חטיפי גרנולה קראנצ'י עם מייפל וסוכר חום נייצ'ר ואלי 5*42 גרם,ג'נרל מילס סאן אדריאן,ES,חטיף נייטשר ואלי,גרמים,210.00,100 גרם,false,0,21.90,10.43,true,1,
18000701223,false,"פילסברי, עוגה בטעם שוקולד, תערובת להכנת עוגה בטעם שוקולד. 500 גרם",הדקלאים אגודת שיתופי,IL,תערובת לעוגה,גרמים,500.00,100 גרם,false,0,19.90,3.98,true,1,
18000766413,false,"פילסברי, עוגה בטעם שוקולד, תערובת להכנת עוגה בטעם שוקולד. 550 גרם.",הדקלאים אגודת שיתופי,IL,תערובת לעוגה,גרמים,550.00,100 גרם,false,0,19.90,3.62,true,1,
25675120006,false,חמצוצים 4 צבעים טעמים טבעי 100 גרם,פאסין ב.ו,NL,חמצוצים,גרמים,100.00,100 גרם,false,0,9.90,9.90,true,1,
25675120020,false,סאוור סטיקס Sour Sticks בטעם אוכמניות,פשקס קנדי,NL,חמצוצים פטל,גרמים,100.00,100 גרם,false,0,9.90,9.90,true,1,
25675120037,false,מקלות חמצוצים תות פשקז 100 גרם,פשקס קנדי,NL,חמצוצים תות,גרמים,100.00,100 גרם,false,0,9.90,9.90,true,1,
25675120068,false,מקלות חמצוצים בטעם קולה פשקז 100 גרם,פשקז Paskesz,NL,חמצוצים קולה,גרמים,100.00,100 גרם,false,0,9.90,9.90,true,1,
25700005698,false,זיפלוק שקיות אחסון בינוניות 24 יחידות,אס.סי.גונסון ובניו,US,שקיות אחסון,יחידה,1.00,יחידה,false,1,14.90,14.90,true,1,
33383220291,false,אוכמניות טריות יחידה,S.A NICEBLUE,CL,אוכמניות טריות,יחידה,1.00,יחידה,false,1,14.90,14.90,true,1,
34000148301,false,הרשי נטיפי שוקולד מריר לאפייה 340 גר,ליימן מותגים,US,נטיפי שוקולד מרי,גרמים,340.00,100 גרם,false,1,19.90,5.85,true,1,
36000516876,false,ממחטות נייר קלינקס לושן 3 שכבות 75 דף,חוגלה קימברלי,US,קלינקס לושן,יחידה,1.00,יחידה,false,1,12.90,12.90,true,1,
36000516890,false,קלינקס לושן שלוש שכבות 120 יחידות,חוגלה קימברלי,US,קלינקס לושן,יחידה,1.00,יחידה,false,1,19.90,19.90,true,1,
37600207188,false,חמאת בוטנים סקיפי קלאסי 462 גרם,חברת המזון אלגוד,US,חמאת בוטנים,גרמים,462.00,100 גרם,false,0,20.90,4.52,true,1,
38000232152,false,פרינגלס חטיפי תפוח אדמה בטעם ברביקיו 158 גרם,פרינגלס מנופקצ'ורינג קומ,US,פרינגלס ברביקיו,גרמים,158.00,100 גרם,false,1,10.60,6.71,true,1,
38000232169,false,פרינגלס מידי אורגינל 67 גרם.,פרינגלס מנופקצ'ורינג קונ,US,פרינגלס אורגינל,גרמים,67.00,100 גרם,false,1,5.90,8.81,true,1,
38000232176,false,פרינגלס ביג שמנת בצל 158 גרם,פרינגלס מנופקצ'ורינג קונ,US,פרינגלס שמנת בצל,גרמים,158.00,100 גרם,false,1,10.60,6.71,true,1,
38000232183,false,פרינגלס ביג אורגינל 149 גרם,פרינגלס מנופקצ'ורינג קונ,US,פרינגלס אורגינל,גרמים,149.00,100 גרם,false,1,10.60,7.11,true,1,
38000845253,false,חטיף צ'יפס פרינגלס מידי שמנת בצל 71 גרם,פרינגלס מנופקצ'ורינג קונ,US,פרינגלס שמנת בצל,גרמים,71.00,100 גרם,false,1,5.90,8.31,true,1,
38527591053,false,קואקר דגנים מרובעים שיבולת שועל וקינמון,קוואקר אוטס קומפני,US,דגנים מרובעים,גרמים,412.00,100 גרם,false,0,22.70,5.51,true,1,
38527591060,false,דגני קוואקר מרובעים Quaker Squares עם סוכר חום,קוואקר אוטס קומפני,US,דגנים מרובעים,גרמים,412.00,100 גרם,false,0,22.70,5.51,true,1,
40000512943,false,סוכריות אם אנד אמס M&M שוקולד חלב,M&M אם אנד אם,US,עדשים מ&מ'ס,גרמים,303.00,100 גרם,false,1,21.90,7.23,true,1,
40000514480,false,M&M אריזה קטנה's שוקולד אריזה קטנה 48 גרם,M&M אם אנד אם,US,עדשי מ&מ'ס,גרמים,48.00,100 גרם,false,1,5.50,11.46,true,1,
40000514510,false,M&M אריזה קטנה's בוטנים אריזה קטנה 49 גרם,M&M אם אנד אם,US,עדשי מ&מ'ס,גרמים,49.00,100 גרם,false,1,5.50,11.22,true,1,
41390010309,false,"רוטב טריאקי קיקומן 444 מ""ל",קיקומן פודז אינק,US,רוטב טריאקי,מיליליטרים,444.00,"100 מ""ל",false,0,21.90,4.93,true,1,
46214731552,false,עוגיות שוקולד צ'יפס 37% גודיס 225 גרם,קריניציה ויטמינה אס,NL,עוגיות ש.צ'יפס,גרמים,225.00,100 גרם,false,0,10.90,4.84,true,1,
50000170180,false,מזון חתולים פריסקיז עוף ברוטב 156 גרם,נסטלה פורינה USA קר,US,פריסקיז לחתול,גרמים,156.00,100 גרם,false,0,6.60,4.23,true,1,
50000578238,false,"""פריסקיז פארטי מיקס קרייזי צ'יז 60 גרם",נסטלה פורינה פטקר ארצות,US,פריסקיז Mi Party,גרמים,60.00,100 גרם,false,1,11.90,19.83,true,1,
52100006260,false,אבקת שום מקורמיק 88 גרם,מקרומיק,US,אבקת שום,גרמים,88.00,100 גרם,false,1,29.90,33.98,true,1,
55369902564,false,אפלסנקס רביעיות רסק תפוחי עץ ללא תוספת סוכר עברית,ליהי אורצ'דאניק,CA,רסק תפוחים 4 יח,גרמים,452.00,100 גרם,false,0,15.50,3.43,true,1,
70177077693,false,תה אנגליש ברקפסט 25 שקיות טוינינגס 50 גר,אר. טווינינגס אנד קומפני,PL,תה אינגליש ברקפס,גרמים,50.00,100 גרם,false,1,19.90,39.80,true,1,
70177086664,false,תה ירוק טהור 25 שק TWININGS,אר. טווינינגס אנד קומפני,PL,תה ירוק טהור,גרמים,50.00,100 גרם,false,1,21.90,43.80,true,1,
76840002351,false,גלידה גימי סמור עם מרשמלו קלוי פירורי שוקולד בן וג'ירי 428 ג',מוצרי איכות אמריקאיי,US,גלידה גימי סמור,מיליליטרים,428.00,"100 מ""ל",false,1,23.90,5.58,true,1,
76840100156,false,"בן אנד גריס גלידת צרי גרסיה 500 מ""ל",מוצרי איכות אמריקאיים בע,IL,גלידה צ'רי גרסיה,מיליליטרים,500.00,"100 מ""ל",false,0,23.90,4.78,true,1,
77975094624,false,"סניידרס סנדוויץ בייגלה במילוי חמאת בוטנים , 226 ג'",סניידרס Snyder's,US,שברי בייגלה,גרמים,280.00,100 גרם,false,1,17.70,6.32,true,1,
77975094631,false,סניידרס סנדוויץ' בייגלה במילוי קרם בטעם צ'דר 226 גרם,סניידרס Snyder's,US,בייגלה סניידרס,גרמים,226.00,100 גרם,false,1,17.70,7.83,true,1,
80432402931,false,"וויסקי סקוטי, שיבאס ריגאל 12 שנה, 700 מ''ל",מזקקת האחים שיבאס,SE,וויסקי שיבס,מיליליטרים,700.00,"100 מ""ל",false,0,139.90,19.99,true,1,
80480280048,false,"וודקה גריי גוס 40% 200מ""ל",בקרדי מרטיני,FR,וודקה גריי גוס,מיליליטרים,200.00,"100 מ""ל",false,1,49.90,24.95,true,1,
82184090510,false,"וויסקי ג'ק דניאלס 375מ""ל",בראון פורמן,US,וויסקי ג'ק דניאל,מיליליטרים,375.00,"100 מ""ל",false,1,84.90,22.64,true,1,
305210256712,false,וזלין לשפתיים אורגינל 0.25 אונקיה,"יוניליוור ג'ונסבורו,",US,וזלין לשפתיים או,יחידה,1.00,יחידה,false,1,14.90,14.90,true,1,
613008742348,false,אריזונה ג'נסינג ודבש בקבוק 1 ליטר,"נטורלה גטרנק בע""\מn\",BG,אריזונה ג'נסנג,ליטרים,1.00,ליטר,false,1,12.80,12.80,true,1,
613008753320,false,"אריזונה ג'ינסנג ודבש בקבוק 450 מ""ל.",לני אנד לארי,BG,אריזונה ג'ינסנג,מיליליטרים,450.00,"100 מ""ל",false,1,9.30,2.07,true,1,
628154383659,false,דגני בוקר פרוטי פבלס פוסט 311 גרם,פוסט ארצות הברית,US,דגני פרוטי פבלס,גרמים,311.00,100 גרם,false,1,23.70,7.62,true,1,
638102201010,false,חטיף על בסיס חלבון סויה שוקולד וחמאת בוטנים,"אבוט נוטרישן, מעבדות",US,חטיף זון בוטנים,גרמים,50.00,100 גרם,false,0,13.90,27.80,true,1,
638102532817,false,חטיף על בסיס חלבון סויה עם שוקולד מריר,"אבוט נוטרישן, מעבדות",US,חטיף זון דארק,גרמים,45.00,100 גרם,false,0,13.90,30.89,true,1,
638102582737,false,חטיף זון פרפקט רול קינמון 50 גרם,"אבוט נוטרישן, מעבדות",US,חטיף זון קינמון,גרמים,50.00,100 גרם,false,0,13.90,27.80,true,1,
645173911038,false,קורנישון מלפפוןן מיני 720 גרם - תומר,קלמן אינדיה פי וי סי,IN,מלפפ.קורנישונים,גרמים,670.00,100 גרם,false,0,10.90,1.63,true,1,
649660432020,false,היל ויו שזיפים מיובשים מגולענים 567 גרם,היל ויו פקינג קומפני,US,שזיף מיובש,גרמים,567.00,100 גרם,false,1,29.90,5.27,true,1,
716165177111,false,קונוס בינוני קלאסי 6 יח,Unknown,ES,קונוס בינוני,יחידה,1.00,יחידה,false,1,6.90,6.90,false,1,
724049694371,false,רוזס מאסק אדם אשה 100מל,,FR,רוזס מאסק לאישה,מיליליטרים,100.00,"100 מ""ל",false,0,299.00,299.00,true,1,
724049694784,false,"Angel א.ד.פ לאשה 50 מ""ל",,FR,אנג'ל 50 לאישה,מיליליטרים,50.00,"100 מ""ל",false,0,269.00,538.00,true,1,
724049694906,false,"קלאב דה נואי גבר 105 מ""ל",,FR,קלאב דה נואי גבר,מיליליטרים,105.00,"100 מ""ל",false,0,119.00,113.33,true,1,
724049694944,false,"אמבר אוד גולד 60 מ""ל",,FR,אמבר אוד גולד,מיליליטרים,60.00,"100 מ""ל",false,0,179.00,298.33,true,1,
728229123590,false,טרה אורגינל חטיף על בסיס ירקות שורש בטעם טבעי 110 גרם,הונדורס צ'יפס יצור א,HN,צ'יפס,גרמים,110.00,100 גרם,false,0,15.90,14.45,true,1,
728229123811,false,טרה חטיף על בסיס ירקות שורש בתיבול ים תיכוני 110 גרם,הונדורס צ'יפס יצור א,HN,צ'יפס מתובל,גרמים,110.00,100 גרם,false,0,15.90,14.45,true,1,
728229130154,false,טרה חטיף על בסיס בטטה וסלק בטעם טבעי 110 גרם,הונדורס צ'יפס יצור א,HN,צ'יפס בטטה סלק,גרמים,110.00,100 גרם,false,0,15.90,14.45,true,1,
732494000500,false,קרטורס חטיף פופקורן קרמל 227 גרם,איגל פודס ווקיגאן מפ,US,חטיף פופקורן,גרמים,227.00,100 גרם,false,1,26.90,11.85,true,1,
732494000524,false,קרטורס פופקורן שיקגו קרמל 213 גרם,איגל פודס ווקיגאן מפ,US,חטיף פופקורן,גרמים,213.00,100 גרם,false,1,26.90,12.63,true,1,
733353400554,false,"יין רוזה פחית 250 מ""ל",,IT,יין רוזה פחית,מיליליטרים,250.00,"100 מ""ל",false,1,18.90,7.56,true,1,
833949000264,false,"סירופ מייפל אמיתי 100% אורגני 250 מ""ל",דיקסר קוויבק,CA,סירופ מייפל,מיליליטרים,250.00,"100 מ""ל",false,0,40.10,16.04,true,1,
835811002390,false,"שיפודים יקיטורי מבמבוק 15 ס""מ 100 יח","הנמל אריזות ושיווק בע""\מ",CN,שיפודי במבוק,יחידה,1.00,יחידה,false,1,7.90,7.90,true,1,
850004207789,false,בשר מיטבולס 290 ג' ביונד מיט,תאי פרזידנט פוד פאבל,US,מיטבולס ביונד מי,גרמים,290.00,100 גרם,false,1,42.90,14.79,true,1,
855074007086,false,פלפלון ביס בשקית יחידה,קטיף.,IL,פלפלון ביס בשקית,גרמים,200.00,100 גרם,false,1,8.90,4.45,true,1,
856591000062,false,עוגיות מזרחיות עם מלח עבאדי 400 גרם,מאפיית יוסף ושמחה עבאדי,IL,עוגיות מזרחיות,גרמים,400.00,100 גרם,false,0,14.90,3.73,true,1,
856591000109,false,עבאדי עוגיות מזרחיות פריך במיוחד 400 גרם,מאפיית יוסף ושמחה עבאדי,IL,עוגיות מזרחיות,גרמים,400.00,100 גרם,false,0,14.90,3.73,true,1,
884912129512,false,דגני בוקר קוקו פוסט פלינסטונס 311 גרם,פוסט לקיוויל,US,דגני קוקו פבלס,גרמים,311.00,100 גרם,false,1,23.70,7.62,true,1,
884912359162,false,האני באנצ' דגני בוקר עם שקדים פוסט 411 גרם,פוסט ארצות הברית,US,דגני הני בנצ'ס,גרמים,340.00,100 גרם,false,1,24.90,7.32,true,1,
884912365200,false,דגני בוקר אוראו שחור ולבן 311 גרם,פוסט ארצות הברית,US,דגני בוקר אוראו,גרמים,311.00,100 גרם,false,1,25.90,8.33,true,1,
1230000068314,false,בשר טחון ביונד מיט מארז זוגות 300ג,זנברגן וורלד פינסט מיט ב,NL,טחון מן הצומח בי,גרמים,300.00,100 גרם,false,1,39.90,13.30,true,1,
3046920010047,false,לינדט שוקולד אקסלנס מריר 78% 100 גר,לינדט ושפרונגלי קילשברג,DE,שוקולד אקסלנס,גרמים,100.00,100 גרם,false,1,16.90,16.90,true,1,
3046920028004,false,לינדט שוקולד אקסלנס מריר 70% 100 גר,לינדט ושפרונגלי קילשברג,FR,שוקולד אקסלנס,גרמים,100.00,100 גרם,false,0,16.90,16.90,true,1,
3046920029674,false,אקסלנס עם שבבי מלח לינדט (100 גרם),לינדט ושפרונגלי קילשברג,DE,שוקולד לינדט,גרמים,100.00,100 גרם,false,0,16.90,16.90,true,1,
3046920029759,false,אקסלנס שוקולד מריר 90% לינדט (100 גרם),לינדט ושפרונגלי קילשברג,DE,שוקולד אקסלנס,גרמים,100.00,100 גרם,false,1,16.90,16.90,true,1,
3068320014067,false,אוויאן מים מינרליים ספורט 750 מל,קריניציה ויטמינה אס,FR,אויאן מים מינרלי,מיליליטרים,750.00,"100 מ""ל",false,0,11.90,1.59,true,1,
3068320017846,false,מים מינרלים אוויאן 1 ליטר,קריניציה ויטמינה אס,FR,אויאן מים,ליטרים,1.00,ליטר,false,0,12.90,12.90,true,1,
3068320055008,false,מים מינרלים אוויאן 500 מל,קריניציה ויטמינה אס,FR,מים מינרליים,מיליליטרים,500.00,"100 מ""ל",false,0,8.90,1.78,true,1,
3073781161687,false,גבינה לוואש קרי(מותכת) 16 יח 256 גר,בני ג`ורג` שוקחה (חיפה) בעמ,FR,לה וואש קירי,גרמים,256.00,100 גרם,false,1,24.90,9.73,true,1,
3073781162790,false,גבינה מותכת בייבי בל 120 גרם,א. סיימן סחר בעמ,FR,גבינת בייבי בל,גרמים,120.00,100 גרם,false,1,22.90,19.08,true,1,
3083681143010,false,אפונת גן קפואה בונדואל 600 גר`,קפוא-זן תעשיות מזון בעמ - תפוג,PT,אפונת גן קפואה,גרמים,600.00,100 גרם,false,1,15.90,2.65,true,1,
3083681143690,false,פרוסות זוקיני בגריל בונדואל 600 גר`,קפוא-זן תעשיות מזון בעמ - תפוג,PT,זוקיני בגריל קפו,גרמים,600.00,100 גרם,false,1,26.90,4.48,true,1,
3120581456267,false,"שבלי מ.דה ליני לבן יבש 750 מ""ל",מ.דה ליני,FR,שאבלי די ליני,מיליליטרים,750.00,"100 מ""ל",false,1,109.90,14.65,true,1,
3141360054405,false,פיניש מפיץ ריח למדיח בניחוח לימון וליים,רקיט בנקיזר (ניר איסט) בעמ,HU,מפיץ ריח למדיח,יחידה,1.00,יחידה,false,1,19.90,19.90,true,1,
3161911229199,false,חמאה צרפתית רכה למריחה אל & ויר 250 גרם,א. סיימן סחר בעמ,FR,חמאה רכה,גרמים,250.00,100 גרם,false,0,23.50,9.40,true,1,
3161911366429,false,חמאה צרפתית מלוחה רכה למריחה אלוויר 250 גר',א. סיימן סחר בעמ,FR,חמאה רכה מלוחה,גרמים,250.00,100 גרם,false,0,23.50,9.40,true,1,
3178530412703,false,עוגיות חמאה דונאט עם שוקולד 180 גר,א. סיימן סחר בעמ,FR,דונאט שיש,גרמים,180.00,100 גרם,false,1,15.90,8.83,true,1,
3178530417418,false,עוגיות חמאה דונאט עם שוקולד ציפס 180 גר,א. סיימן סחר בעמ,FR,דונאט שוקולד,גרמים,180.00,100 גרם,false,1,15.90,8.83,true,1,
3179732348913,false,פרייה מים מינרליים טבעיים מבעבעים 1 ליטר פלסטיק,נסטלה ווטרס ספלאי,FR,פרייה מים מוגז,ליטרים,1.00,ליטר,false,1,10.90,10.90,true,1,
3228022910023,false,חמאה צרפתית פריזידאן פרזידנט (200 גרם),סוסייטה בארייר דה אי,FR,חמאה פרזידנט,גרמים,200.00,100 גרם,false,0,16.90,8.45,true,1,
3387390320244,false,פיטנס דגני בוקר מחיטה מלאה עם פירות נסטלה 375 גרם,קבוצת אוסם סחר שותפות מוגבלת,FR,דגני פיטנס,גרמים,375.00,100 גרם,false,0,22.90,6.11,true,1,
3387390525960,false,קראנץ' דגני בוקר עם שוקולד חלב נסטלה 500 גרם,קבוצת אוסם סחר שותפות מוגבלת,FR,קראנץ דגני בוקר,גרמים,500.00,100 גרם,false,0,25.00,5.00,true,1,
3387390730852,false,פיטנס דגנים מחיטה מלאה ואורז נסטלה 375 גרם,קבוצת אוסם סחר-שות.מוגבלת,FR,דגני פיטנס,גרמים,375.00,100 גרם,false,0,22.90,6.11,true,1,
3500610150500,false,שאטו הוט פורה - יין אדום יבש בורדו ( כשר ),,FR,שאטו מרלו,מיליליטרים,750.00,"100 מ""ל",false,1,79.90,10.65,true,1,
3501275112001,false,טאטס טופי חמוץ בטעם אקזוטי 150 גר,ורקה,FR,סוכריות חמוצות,גרמים,150.00,100 גרם,false,1,16.90,11.27,true,1,
3501275590465,false,סוכריות חמוצות שטוחים180,ורקה,FR,סוכריות חמוצות,גרמים,180.00,100 גרם,false,1,16.90,9.39,true,1,
3574660333466,false,טמפונים מיני פרו קומפורט אובה 32 יחידות,הנסיך- מפעל לייצור ט,DE,טמפוני או-בה,יחידה,1.00,יחידה,false,0,28.90,28.90,true,1,
3574660571769,false,ניוטרוגינה שפתון לחות SPF20,ש.שסטוביץ בעמ,FR,שפתון ניוטרוגינה,יחידה,1.00,יחידה,false,0,24.90,24.90,true,1,
3574661487328,false,קרפרי מגני תחתון אורגינל פלוס 56 יח',הדקלאים אגודת שיתופי,GR,מגני תחתון קרפרי,יחידה,1.00,יחידה,false,1,18.90,18.90,true,1,
3608580730248,false,קונפיטורה בטעם דובדבן 370 ג BONNE MAMAN,ר.ב. מוצרי דגנים בעמ,FR,קונפיטורת דובדבן,גרמים,370.00,100 גרם,false,1,20.90,5.65,true,1,
3608580730255,false,קונפיטורה בטעם משמש 370 גר BONNE MAMAN,ר.ב. מוצרי דגנים בעמ,FR,קונפיטורת משמש,גרמים,370.00,100 גרם,false,1,20.90,5.65,true,1,
3700476611461,false,תפוח עץ פינקליידי מארז,פינק ליידי,US,פינקליידי מארז,קילוגרמים,0.00,"ק""ג",true,1,17.90,17.90,true,1,
3770000016758,false,יין פטיט שבלי דומיין דה שאטיון כש 750 מ,דומיין דה לה,FR,פטיט שבלי שאטיון,מיליליטרים,750.00,"100 מ""ל",false,1,89.90,11.99,true,1,
3800020472569,false,חטיף קיט קאט צ`אנקי קרמל מלוח 42 גרם,קבוצת אוסם סחר שותפות מוגבלת,BG,קיט קט צ'אנקי,גרמים,43.00,100 גרם,false,1,4.50,10.47,true,1,
4000417019004,false,שוקולד חלב אגוזי לוז שלמים ריטר ספורט 100 גרם,ריטר ספורט Ritter sport,DE,שוקולד ריטר,גרמים,100.00,100 גרם,false,0,11.90,11.90,true,1,
4000417022004,false,ריטר ספורט שוקולד חלב מעולה עם צימוקים ואגוזי לוז 100 גרם,ריטר ספורט Ritter sport,DE,שוקולד ריטר,גרמים,100.00,100 גרם,false,0,9.90,9.90,true,1,
4000417025005,false,שוקולד מריר במילוי מרציפן ריטר ספורט 100 גרם,ריטר ספורט Ritter sport,DE,שוקולד ריטר,גרמים,100.00,100 גרם,false,0,9.90,9.90,true,1,
4000417101211,false,גלילי וופל עם קרם אגוזי לוז בציפוי שוקולד חלב,ליימן שליסל בע`מ,AT,חטיף אמיצ'לי,גרמים,150.00,100 גרם,false,1,18.90,12.60,true,1,
4000417222008,false,שוקולד ריטר ספורט חלב+שברי אגוזים 100 גרם חלב נוכרי,ריטר ספורט Ritter sport,DE,שוקולד ריטר,גרמים,100.00,100 גרם,false,1,9.90,9.90,true,1,
4000417708007,false,"שוקולד ריטר ספורט מריר שקד, 100 גרם",ריטר ספורט Ritter sport,DE,שוקולד ריטר,גרמים,100.00,100 גרם,false,1,11.90,11.90,true,1,
4000539280726,false,שוקולד לינדט אקסלנס מילד 70% 100 גר`,משה סידס ובנו בעמ,DE,שוקולד אקסלנס,גרמים,100.00,100 גרם,false,1,16.90,16.90,true,1,
4000539280740,false,לינדט אקסלנס 78% מוצקי קקאו 100 גרם,לינדט ושפרונגלי קילשברג,DE,שוקולד אקסלנס,גרמים,100.00,100 גרם,false,1,16.90,16.90,true,1,
4000539363108,false,שוקולד לינדור סטיקס 38 גרם,משה סידס ובנו בעמ,DE,שוקולד לינדור,גרמים,38.00,100 גרם,false,1,6.50,17.11,true,1,
4000607851001,false,שוקולד חלב אגוזים טבעי שוגטן 100 גרם,"לודוויג שוקולד בע""\מ",DE,שוקולד אגוזים,גרמים,100.00,100 גרם,false,0,6.90,6.90,true,1,
4000607852008,false,שוקולד מריר טבעי שוגטן 100 גרם,"לודוויג שוקולד בע""\מ",DE,שוקולד מריר,גרמים,100.00,100 גרם,false,0,6.90,6.90,true,1,
4002448019480,false,"סיליט באנג מסיר שומנים רב שימושי 750 מ""ל",רקיט בנקיזר (ניר איסט) בעמ,PL,סיליט באנג,מיליליטרים,750.00,"100 מ""ל",false,0,16.90,2.25,true,1,
4009900379564,false,מסטיק הובה בובה Hubba Bubba טייפ בטעם פירות,מרס ריגלי קונפקשונרי,GB,מסטיק הובה בובה,גרמים,56.00,100 גרם,false,0,6.90,12.32,true,1,
4009900385824,false,מסטיק אורביט פפרמינט סטיקס משפחתי-חמישיות,"מרס ריגלי ישראל בע""מ",FR,מסטיק סטיקס,גרמים,65.00,100 גרם,false,0,11.50,17.69,true,1,
4009900403023,false,אורביט וויט בטעם מנטה בקבוקון 46 מלבניות,"מרס ריגלי ישראל בע""מ",PL,אורביט בקבוקון,גרמים,64.00,100 גרם,false,0,11.90,18.59,true,1,
4009900406918,false,מסטיק הובה בובה טייפ טריפל מיקס 56ג',מרס ריגלי קונפקשונרי,GB,מסטיק הובה בובה,גרמים,56.00,100 גרם,false,0,6.90,12.32,true,1,
4009900420129,false,מסטיק אורביט פרופשנל פפרמינט בקבוקון 64 גר',"מרס ריגלי ישראל בע""מ",PL,אורביט פפרמינט,גרמים,64.00,100 גרם,false,1,11.90,18.59,true,1,
4009900426039,false,מסטיק מנטה אקליפטוס בקבוקון איירווייבס 64 גרם,"מרס ריגלי ישראל בע""מ",PL,מסטיק איירוויבז,גרמים,64.00,100 גרם,false,1,11.90,18.59,true,1,
4009900426121,false,מסטיק אורביט איירוויז בקבוקון אוכמניות 64ג',"מרס ריגלי ישראל בע""מ",PL,מסטיק איירוויבז,גרמים,64.00,100 גרם,false,1,11.90,18.59,true,1,
4009900455299,false,"סוכרית ג'לי אדומה 174 גרם ""סקיטלס""","מרס ריגלי ישראל בע""מ",CZ,סוכריות סקיטלס,גרמים,174.00,100 גרם,false,0,9.80,5.63,true,1,
4009900465304,false,סוכריות סקיטלס פירות חמוצים 174 גרם,"מרס ריגלי ישראל בע""מ",CZ,סוכריות סקיטלס,גרמים,174.00,100 גרם,false,0,9.80,5.63,true,1,
4009900479998,false,אורביט וויט אוכמניות בקבוקון 46 מלבניות,"מרס ריגלי ישראל בע""מ",PL,אורביט בקבוקון,גרמים,64.00,100 גרם,false,0,11.90,18.59,true,1,
4009900482417,false,מסטיק אורביט פירות מנטה בקבוקון באבל מינט 45יח,"מרס ריגלי ישראל בע""מ",PL,אורביט באבל מינט,גרמים,64.00,100 גרם,false,0,11.90,18.59,true,1,
4009900531122,false,"מסטיק בטעם מנטה ספירמינט, 64 ג' פרופשיונל אורפיט","מרס ריגלי ישראל בע""מ",PL,אורביט ספירמינט,גרמים,64.00,100 גרם,false,1,11.90,18.59,true,1,
4009900534581,false,מסטיק איירוויבז דובדבן ומנטה בקבוקון 64,General,IL,מסטיק איירוויבז,גרמים,64.00,100 גרם,false,1,11.90,18.59,true,1,
4009900534611,false,מסטיק איירוויבז בקבוקון בטעם מלון ומנטה,מרס ריגלי ישראל בעמ,IL,מסטיק אייוויבז,גרמים,64.00,100 גרם,false,1,11.90,18.59,true,1,
4009900536257,false,מסטיק אורביט רפרשרס ספירמינט בקבוקון ללא סוכר 67 גר',מרס ריגלי קונפקשונרי,PL,אורביט רפרשרס,גרמים,67.00,100 גרם,false,1,13.00,19.40,true,1,
4009900539340,false,סוכריות ג`יינט פירות סקיטלס סאוור (141 ג,מרס ריגלי קונפקשונרי,CZ,סוכריות סקיטלס,גרמים,141.00,100 גרם,false,1,9.80,6.95,true,1,
4009900539685,false,"מסטיק פייב באונס בטעם מנטה בקבוקון, 61.8 גרם","מרס ריגלי ישראל בע""מ",PL,מסטיק פייב,גרמים,61.00,100 גרם,false,1,12.90,21.15,true,1,
4009900539746,false,"מסטיק פייב באונס בטעם אבטיח בקבוקון, 61.8 גרם",מרס ריגלי ישראל בעמ,PL,מסטיק פייב,גרמים,61.00,100 גרם,false,1,12.90,21.15,true,1,
4009900540551,false,מסטיק אורביט רפרשרס טרופיקל בקבוקון ללא סוכר,מרס ריגלי ישראל בעמ,PL,אורביט רפרשרס,גרמים,67.00,100 גרם,false,1,13.00,19.40,true,1,
4011800630515,false,חטיף קורני שוקולד חלב ובננה 6 יח 150 גר,מיוצר עי קונדיטוריית,DE,קורני חטיף דגנים,גרמים,150.00,100 גרם,false,0,13.90,9.27,true,1,
4014400907902,false,"וורטרס אורגינל סוכריות חמאה ללא סוכר בקופסה
42 גרם",ליימן שליסל בע`מ,DE,סוכריות וורטר,גרמים,42.00,100 גרם,false,0,7.10,16.90,true,1,
4014400910063,false,סוכריות חמאה וורטרס אורגינל (135 גרם),ליימן שליסל בע`מ,DE,סוכריות וורטר,גרמים,135.00,100 גרם,false,0,9.50,7.04,true,1,
4014400923711,false,בונבוניירה שוקולד אגוזים טופיפי 125 גרם,ליימן שליסל בע`מ,DE,טופיפי,גרמים,125.00,100 גרם,false,1,13.90,11.12,true,1,
4015000031394,false,"ספטיל - משחה להסרת כתמים 200 מ""ל",גורי שיווק בעמ,HU,ספטיל מסיר כתמים,מיליליטרים,200.00,"100 מ""ל",false,0,18.20,9.10,true,1,
4015400564454,false,מגני תחתון אולוויז לארג' עם ניחוח מגה פק,דיפלומט מפיצים (1986) בע`מ,DE,מגן תחתון אולויז,יחידה,1.00,יחידה,false,0,22.90,22.90,true,1,
4015400681670,false,תחבושות אולוויז וליו פק לילה בטוח 18 יחידות,דיפלומט מפיצים (1986) בע`מ,UA,תחבושות אולוייז,יחידה,1.00,יחידה,false,0,23.90,23.90,true,1,
4015400690313,false,טמפונים פרל רגולר טמפקס קומפאק 18 יח,דיפלומט מפיצים (1968) בעמ,HU,טמפקס,יחידה,1.00,יחידה,false,1,24.90,24.90,true,1,
4015400755241,false,תחבושות היגייניות אולוויז אולטרה נורמל - 28 יח',דיפלומט מפיצים (1986) בע`מ,UA,תחבושות אולוייז,יחידה,1.00,יחידה,false,1,23.90,23.90,true,1,
4015600763299,false,"הד שולדרס שמפו קלאסי 2ב1 600מ""ל",דיפלומט מפיצים (1968) בעמ,RO,שמפו הד&שולדרס,מיליליטרים,600.00,"100 מ""ל",false,0,28.70,4.78,true,1,
4015600763411,false,"הד שולדרס שמפו מנטול 600מ""ל",דיפלומט מפיצים (1968) בעמ,RO,שמפו הד&שולדרס,מיליליטרים,600.00,"100 מ""ל",false,0,28.70,4.78,true,1,
4017100364112,false,בלזן היט בסקוויט סנדביץ עם מלית קרם בטעם שוקולד קקאו (41%) 220 גרם,הדקלאים אגודת שיתופי,PL,עוגיות סנדוויץ,גרמים,220.00,100 גרם,false,1,9.90,4.50,true,1,
4025700001962,false,מילקה טבלה 100 גר' לבן 1/22 (4248023),דיפלומט מפיצים (1968) בעמ**,UA,שוקולד לבן,גרמים,100.00,100 גרם,false,1,7.90,7.90,true,1,
4032900111292,false,סיגריות ווינסטון קומפקט כחול,גלוברנדס גרופ בעמ,UA,וינסטון קומפקט,יחידה,1.00,יחידה,false,1,28.00,28.00,false,1,
4032900124254,false,ווינסטון קומפלקט ברי PP חפיסה,גלוברנדס גרופ בעמ,RO,וינסטון קומפ.ברי,יחידה,1.00,יחידה,false,1,28.00,28.00,false,1,
4033100003493,false,ווינסטון כחול סופט סלימס עשירייה,גלוברנדס בעמ - שיווק סיגריות,CH,וינסטו סופר סלימ,יחידה,1.00,יחידה,false,0,323.00,323.00,false,1,
4033100013348,false,סיגריות אל די כחול ארוך בודד,גלוברנדס בעמ - שיווק סיגריות,TR,אל די ארוך,יחידה,1.00,יחידה,false,0,27.50,27.50,false,1,
4033100024146,false,סיגריות ווינסטון קוד בודד,גלוברנדס בעמ - שיווק סיגריות,CH,ווינסטון קוד,יחידה,1.00,יחידה,false,0,30.50,30.50,false,1,
4033100038914,false,טבק כאמל צהוב + נייר גלגול 30ג',גלוברנדס בעמ - שיווק סיגריות,GB,טבק לגלגול כאמל,יחידה,1.00,יחידה,false,0,76.00,76.00,false,1,
4033100047350,false,טבק כאמל כחול + נייר גלגול 30ג',גלוברנדס בעמ - שיווק סיגריות,GB,טבק לגלגול כאמל,יחידה,1.00,יחידה,false,0,76.00,76.00,false,1,
4066600601920,false,פאולנר ביתר חיטה מעוננת 500 מל,טמפו משקאות בע`מ,DE,בירה פאולנר,מיליליטרים,500.00,"100 מ""ל",false,1,11.90,2.38,true,1,
4084500088917,false,נוזל לניקוי כלים לימון פיירי (650 מל),דיפלומט מפיצים (1986) בע`מ,GB,פיירי נוזל לכלים,מיליליטרים,650.00,"100 מ""ל",false,0,10.90,1.68,true,1,
4084500149526,false,טייד גל כביסה 2.48 ליטר אלפים רענן,דיפלומט מפיצים (1986) בע`מ,FR,טייד ג'ל,ליטרים,2.48,ליטר,false,0,28.50,11.49,true,1,
4101730040048,false,שוקולד נוגט מוצרט 100גרם,רבר,DE,שוקולד מוצרט,גרמים,100.00,100 גרם,false,1,15.90,15.90,true,1,
4607001779650,false,קפה נמס ג'קובס גולד 190ג,,RU,קפה נמס ג'קובס,גרמים,190.00,100 גרם,false,1,28.00,14.74,true,1,
4607012352453,false,גרעיני חמניות מרטין פסים עם מלח 150 גר,אל אל סי מרטין,RU,גרעיני חמניה במל,גרמים,150.00,100 גרם,false,1,10.90,7.27,true,1,
4640018993343,false,פיניש קוואנטום קפסולות ג'ל למדיח כלים 30 יח',רקיט בנקיזר (ניר איסט) בעמ,PL,פיניש 30 טבליות,יחידה,1.00,יחידה,false,1,35.90,35.90,true,1,
4710068001692,false,מאסטר קפה בטעם לאטה בפחית 240מ`ל,תאיט מרקטינג אנד דיסטריב,TW,מאסטר קפה,מיליליטרים,240.00,"100 מ""ל",false,0,8.50,3.54,true,1,
4710068001715,false,משקה בטעם טירמיסו מאסטר קפה (240 מל),יוני פרזינדנט אנטרפר,TW,מאסטר קפה,מיליליטרים,240.00,"100 מ""ל",false,0,8.50,3.54,true,1,
4710068001739,false,מאסטר קפה בטעם קולומביאני בפחית 240מ`ל,יוני פרזינדנט אנטרפר,TW,מאסטר קפה,מיליליטרים,240.00,"100 מ""ל",false,0,8.50,3.54,true,1,
4710068002798,false,מאסטר קפה בטעם וניל בפחית 240מ`ל,מאיטה פוד אינדוסטריאל קו,TW,מאסטר קפה ונילה,מיליליטרים,240.00,"100 מ""ל",false,1,8.50,3.54,true,1,
4793000637005,false,נטורפוד-מקלות קינמון ציילון אורגני,אינטרנשיונל קומודטי אקספ,LK,מקלות קינמון,גרמים,70.00,100 גרם,false,1,16.50,23.57,true,1,
4823077613203,false,שוקולד רושן מריר + פונדוק שלם 90 גר רושן,דילר בי.אמ.די.אינטרנשויונל בעמ,UA,שוקולד מריר עם א,גרמים,90.00,100 גרם,false,1,7.90,8.78,true,1,
4823077613630,false,חטיף שוקולד רושן ממולה קרם בורלה 43 גרם,דילר בי.אמ.די.אינטרנשויונל בעמ,UA,חטיף שוק. ממולא,גרמים,43.00,100 גרם,false,1,3.90,9.07,true,1,
4823077614767,false,שוקולד רושן חלב נוגט בטעם אגוזי לוז 90 גרם,דילר בי.אמ.די.אינטרנשויונל בעמ,UA,שוקולד רושן חלב,גרמים,90.00,100 גרם,false,1,4.90,5.44,true,1,
4823077617041,false,חטיף שוקולד רושן ממולה קרם קרמל 43 גרם,דילר בי.אמ.די.אינטרנשויונל בעמ,UA,חטיף שוק. ממולא,גרמים,43.00,100 גרם,false,1,3.90,9.07,true,1,
4823077618901,false,בונבוניירה רושן דובדבן ליקר רום 150 גרם,דילר בי.אמ.די.אינטרנשויונל בעמ,UA,בונבוניירה ליקר,גרמים,150.00,100 גרם,false,1,12.90,8.60,true,1,
4823077621635,false,חטיף שוקולד רושן בטעם חלב 72 גרם,דילר בי.אמ.די.אינטרנשויונל בעמ,UA,אישי וופל רושן ב,גרמים,72.00,100 גרם,false,1,3.90,5.42,true,1,
4823077621659,false,חטיף שוקולד רושן בטעם אגוז 72 גר,דילר בי.אמ.די.אינטרנשויונל בעמ,UA,אישי וופל רושן,גרמים,72.00,100 גרם,false,1,3.90,5.42,true,1,
4823077624223,false,"רושן ממתקי סוכריות ג'ילי ""בוני פרוט"" בטעמי פירות 200 גר",דילר בי.אמ.די.אינטרנשויונל בעמ,UA,רושן סוכ.ג'לי בט,גרמים,200.00,100 גרם,false,1,7.90,3.95,true,1,
4823077625145,false,ממתקי שוקולד מריר עם דובדבן בליקר דובדבן,דילר בי.אמ.די.אינטרנשויונל בעמ,UA,בונבוניירה רושן,גרמים,150.00,100 גרם,false,1,12.90,8.60,true,1,
4823077626203,false,שוקולד רושן אורירי מריר 80 גרם,דילר בי.אמ.די.אינטרנשויונל בעמ,UA,שוק.אוורירי מריר,גרמים,80.00,100 גרם,false,1,7.90,9.88,true,1,
4823077631474,false,קרקר קלאסי רושן 168 גר HI DAY,דילר בי.אמ.די.אינטרנשויונל בעמ,UA,קרקר קלאסי רושן,גרמים,168.00,100 גרם,false,1,5.90,3.51,true,1,
4823077632259,false,חטיף שוקולד רושן עם בוטנים 43 גרם,דילר בי.אמ.די.אינטרנשויונל בעמ,UA,חטיף שוק. רושן,גרמים,38.00,100 גרם,false,1,3.90,10.26,true,1,
4823077634178,false,עוגיות רושן LOVITA במילוי תפוח קינמון 168 גרם,דילר בי.אמ.די.אינטרנשויונל בעמ,UA,עוגיות עם מילוי,גרמים,168.00,100 גרם,false,1,7.90,4.70,true,1,
4823077636578,false,סוכריות טופי כוס חלב מילקי ספלאש 325 גרם,דילר בי.אמ.די.אינטרנשויונל בעמ,UA,סוכריות טופי,גרמים,325.00,100 גרם,false,1,11.90,3.66,true,1,
5000157143365,false,מתבל בטעם מיונז וקטשופ היינץ 425 גרם,דיפלומט מפיצים (1968) בעמ**,PL,מתבל ט.מיונז,גרמים,425.00,100 גרם,false,1,15.90,3.74,true,1,
5000159020312,false,מלטיזרס אריזה קטנה 37 גרם,"מרס ריגלי ישראל בע""מ",NL,שוקולד מלטיזרס,גרמים,37.00,100 גרם,false,1,5.50,14.86,true,1,
5000159376655,false,סוכריות SKITTLES פירות קטן 38 גרם אדום,"מרס ריגלי ישראל בע""מ",CZ,סוכריות סקיטלס,גרמים,38.00,100 גרם,false,0,3.40,8.95,true,1,
5000159376792,false,סוכריות סקיטלס Skittles פירות חמוצים,"מרס ריגלי ישראל בע""מ",CZ,סוכריות סקיטלס,גרמים,38.00,100 גרם,false,0,3.40,8.95,true,1,
5000159500845,false,סלבריישן מארז מתנה 196 גרם,מרס ריגלי ישראל בעמ,NL,בונבונ.סלבריישן,גרמים,196.00,100 גרם,false,1,17.90,9.13,true,1,
5000213014905,false,בירה בפחית גינס (440 מל),החברה המרכזית להפצת משקאות בעמ,IE,בירה גינס פחית,מיליליטרים,440.00,"100 מ""ל",false,0,16.90,3.84,true,1,
5000219023772,false,פאקט סיגריות סטרים פילטר פאל מאל) (200,גלוברנדס בעמ - שיווק סיגריות,TR,פאלמאל כחול טיוב,יחידה,1.00,יחידה,false,0,292.00,292.00,false,1,
5000267024233,false,"וויסקי ג'וני בלאק לייבל עם פורר 700מ""ל",החברה המרכזית להפצת משקאות בעמ,GB,ויסקי ג'וני ווקר,מיליליטרים,700.00,"100 מ""ל",false,0,129.90,18.56,true,1,
5000394137486,false,רביעיות סוללות אופטימום AA דורסל,דיפלומט מפיצים (1968) בעמ,BE,דורסל אופטימום,יחידה,1.00,יחידה,false,1,24.90,24.90,true,1,
5000394141209,false,סוללות דורסל פלוס פאוור AAA שישיית,דיפלומט מפיצים (1986) בע`מ,BE,דורסל פלוס פאוור,יחידה,1.00,יחידה,false,1,19.90,19.90,true,1,
5000394141827,false,סוללות דורסל C פלוס פאור,דיפלומט מפיצים (1968) בעמ,US,סוללה דורסל C,יחידה,1.00,יחידה,false,1,32.90,32.90,true,1,
5010182998847,false,דאק נוזל לניקוי אסלות בניחוח ים 750 מל,מיוצר עי קונדיטוריית,NL,טואלט דאק,מיליליטרים,750.00,"100 מ""ל",false,0,11.90,1.59,true,1,
5010314302863,false,מקאלן דאבל קאסק12שנה700מ,מקאלן דיסטילרי,GB,מקאלן דאבל קאסק,מיליליטרים,700.00,"100 מ""ל",false,1,289.90,41.41,true,1,
5010677551397,false,"בקרדי בריזר בטעם לימון ליים 275 מ""ל",בקרדי בריזר Bacardi Breezer,BE,בריזר למון ליים,מיליליטרים,275.00,"100 מ""ל",false,1,15.90,5.78,true,1,
5010677554398,false,בריזר אבטיח בבקבוק בקרדי (275 מל),בקרדי בריזר Bacardi Breezer,BE,בריזר אבטיח,מיליליטרים,275.00,"100 מ""ל",false,0,15.90,5.78,true,1,
5011157630281,false,אורז בסמטי המשאלי טילדה (1 קג),ש. שסטוביץ בע`מ,GB,אורז טילדה המשלי,קילוגרמים,1.00,"ק""ג",false,0,25.90,25.90,true,1,
5014271310428,false,מעדן דובדבנים שחורים ללא תוספת סוכר 284 גרם,סאן דלפור - שמבור,FR,מעדן דובדבן שחור,גרמים,284.00,100 גרם,false,0,22.90,8.06,true,1,
5014271330426,false,מעדן אוכמניות כחולות ללא תוספת סוכר 284 גרם,סאן דלפור - שמבור,FR,מעדן אוכמניות,גרמים,284.00,100 גרם,false,0,22.90,8.06,true,1,
5014271360423,false,"מעדן תפוזים לל""ס סאן דלפור 284 גרם",סאן דלפור - שמבור,FR,מעדן תפוזים,גרמים,284.00,100 גרם,false,0,22.90,8.06,true,1,
5014271370422,false,מעדן אפרסקים ללא תוספת סוכר 284 גרם,סאן דלפור - שמבור,FR,מעדן אפרסקים,גרמים,284.00,100 גרם,false,0,22.90,8.06,true,1,
5014271400426,false,"מעדן בטעם תות שדה לל""ס סאן דלפור 284 גרם",נטו מלינדה סחר בעמ,FR,מעדן תות שדה,גרמים,284.00,100 גרם,false,0,22.90,8.06,true,1,
5017818800116,false,"פחית דוקטור פפר 330 מ""ל",טמפו משקאות בעמ,FR,"ד""ר פפר",מיליליטרים,330.00,"100 מ""ל",false,1,6.20,1.88,true,1,
5029053002408,false,קלינקס - נייר טואולט קליניקס לבן 9 גלילים,קימברלי קלארק ישראל שיווק בעמ,IL,נייר טואלט,מטרים,276.00,100 מטר,false,0,36.90,13.37,true,1,
5029053032658,false,שמיניית ממחטות טישו קלינקס 9 יחידות,קימברלי קלארק ישראל שיווק בעמ,IT,קלינקס שמיניה,יחידה,1.00,יחידה,false,1,8.60,8.60,true,1,
5029053510811,false,תחבושות נורמל פלוס עם כנפיים קוטקס 28 יחידות,קימברלי קלארק ישראל שיווק בעמ,CZ,תחבושות קוטקס,יחידה,1.00,יחידה,false,0,20.90,20.90,true,1,
5029053523446,false,קוטקס - תחבושות אולטרה נייט + כנפיים 20 יח',קימברלי קלארק ישראל שיווק בעמ,CZ,תחבושות נייט קוט,יחידה,1.00,יחידה,false,0,20.90,20.90,true,1,
5029053578309,false,קופסת ממחטות אולטרה סופט 48 דף קלינקס,קימברלי קלארק ישראל שיווק בעמ,GB,קלינקס אולטרה,יחידה,1.00,יחידה,false,1,8.90,8.90,true,1,
5050083559761,false,דגני בוקר קלוגס קוקו פופס שוקוס 500 גרם,קלוגס מניופקטורינג אספנה,ES,קוקו פופס קלוג'ס,גרמים,500.00,100 גרם,false,0,21.50,4.30,true,1,
5060319120047,false,תה ירוק אורגני 50 גרם הייר ליבינג,אונלי נטורל פרודקטס,GB,תה ורי ברי,גרמים,30.00,100 גרם,false,1,17.20,57.33,true,1,
5060517886516,false,"משקה אנרגיה מונסטר אנרג'י זירו בפחית 500 מ""ל",החברה המרכזית להפצת משקאות בעמ,RS,מונסטר אנרג'י,מיליליטרים,500.00,"100 מ""ל",false,1,7.90,1.58,true,1,
5060639128051,false,"משקה אנרגיה מונסטר אולטרה בפחית 500 מ""ל",החברה המרכזית להפצת משקאות בעמ,RS,מונסטר אולטרה,מיליליטרים,500.00,"100 מ""ל",false,1,7.90,1.58,true,1,
5060751218173,false,"משקה אנרגיה מונסטר אנרג'י piplin punch בפחית 500 מ""ל",החברה המרכזית להפצת משקאות בעמ,RS,מונסטר פייפליין,מיליליטרים,500.00,"100 מ""ל",false,1,7.90,1.58,true,1,
5201583750411,false,זירו-סוכריות ללא סוכר בטעם לימון עם סטיב,איתן,GR,סוכריות זירו,גרמים,32.00,100 גרם,false,1,7.50,23.44,true,1,
5201583751111,false,זירו סוכריות ללא סוכר טעם אספרסו קרמי,איתן,GR,סוכריות זירו,גרמים,32.00,100 גרם,false,1,7.50,23.44,true,1,
5201583752118,false,זירו סוכריות ללא סוכר חמאה במילוי שוקולד,איתן,GR,סוכריות זירו,גרמים,36.00,100 גרם,false,1,7.50,20.83,true,1,
5202175002451,false,"טורטיה 25 ס""מ 4 יחידות",אל סבור מקסיקן פוד,GR,"טורטיה 25 ס""מ",יחידה,1.00,יחידה,false,1,8.90,8.90,true,1,
5208049001452,false,גולדן וירג`יניה ירוק 30 גר`בודד+נייר גל,גלוברנדס בעמ - שיווק סיגריות,NL,גולדן ירוק,גרמים,30.00,100 גרם,false,1,73.50,245.00,false,1,
5208049001483,false,גולדן וירגיניה לבן 30 גר+נייר PP יחידה,Unknown,NL,גולדן וירגיניה,גרמים,30.00,100 גרם,false,1,72.00,240.00,false,1,
5208049001841,false,סיגריות פאל מאל דמי קפסולה,גלוברנדס גרופ בעמ,PL,פאלמאל דמי קפסול,יחידה,1.00,יחידה,false,1,26.50,26.50,false,1,
5208049002480,false,סיגריות קנט קלאסי אר,Unknown,TR,קנט ארוך,יחידה,1.00,יחידה,false,1,361.00,361.00,false,1,
5410076933129,false,אריאל אבקת כביסה שושן צחור 3 קג,דיפלומט מפיצים (1986) בע`מ,CZ,אריאל שושן צחור,קילוגרמים,3.00,"ק""ג",false,0,32.90,10.97,true,1,
5410126116953,false,ממרח ביסקוויט קרמל לוטוס (400 גרם),דיפלומט מפיצים (1968) בעמ**,BE,ממרח ביסקוויט,גרמים,400.00,100 גרם,false,0,25.20,6.30,true,1,
5410126666038,false,"ביסקוויט קרמל לוטוס 279 גרם בד""צ",דיפלומט מפיצים (1968) בעמ**,BE,ביסקוויט לוטוס,גרמים,279.00,100 גרם,false,1,13.90,4.98,true,1,
5410126726947,false,ממרח ביסקוויט קרמל קראנץ' לוטוס 380 גרם,דיפלומט מפיצים (1968) בעמ**,BE,ממרח עוגיות,גרמים,380.00,100 גרם,false,0,25.30,6.66,true,1,
5410228144755,false,"בירה סטלה ארטואה שישייה בקבוק 330 מ""ל",מבשלות בירה בינלאומיות ב,IL,בירה סטלה 6 יח',ליטרים,1.98,ליטר,false,0,34.90,17.63,true,1,
5410316983693,false,וודקה סמירנוף אייס בודד 275 מ``ל.,החברה המרכזית להפצת משקאות בעמ,IT,אייס סמירנוף,מיליליטרים,275.00,"100 מ""ל",false,0,13.90,5.05,true,1,
5411188094159,false,רביעיית מעדן סויה שוקו מריר אלפרו 125 גרם,הנסיך- מפעל לייצור ט,BE,מעדן סויה 4 יח',גרמים,500.00,100 גרם,false,0,19.80,3.96,true,1,
5411188110835,false,אלפרו חלב סויה שקדים וניל 1ל',הנסיך- מפעל לייצור ט,BE,משקה שקדים אלפרו,ליטרים,1.00,ליטר,false,0,16.80,16.80,true,1,
5411188112709,false,"משקה קוקוס אלפרו 1 ליטר משקה שקדים לל""ס",הנסיך- מפעל לייצור ט,BE,משקה שקדים אלפרו,ליטרים,1.00,ליטר,false,0,16.80,16.80,true,1,
5411188115366,false,משקה קוקוס אלפרו 1 ליטר משקה שיבולת שועל 1 ליטר,הנסיך- מפעל לייצור ט,BE,משקה שיבולת שועל,ליטרים,1.00,ליטר,false,0,16.80,16.80,true,1,
5411188115472,false,משקה סויה 1 ליטר אלפרו,הנסיך- מפעל לייצור ט,BE,משקה סויה אלפרו,ליטרים,1.00,ליטר,false,1,14.90,14.90,true,1,
5411188118732,false,משקה קוקוס ושקדים אלפרו (1 ליטר),הנסיך- מפעל לייצור ט,BE,משקה קוקוס שקדים,ליטרים,1.00,ליטר,false,1,16.80,16.80,true,1,
5411188122661,false,אלפרו משקה שקדים לא קלויים ללא תוספת סוכר 1 ל',הנסיך- מפעל לייצור ט,BE,משקה שקדים אלפרו,ליטרים,1.00,ליטר,false,1,16.80,16.80,true,1,
5411188126195,false,אלפרו משקה שקדים אורגני 1ל מפוקח סקאל,שטראוס גרופ בע`מ,BE,משקה שקדים אלפרו,ליטרים,1.00,ליטר,false,1,16.80,16.80,true,1,
5411188135005,false,אלפרו 1.8% NOT M*LK שיבולת שועל 1 ליטר בית יוסף,שטראוס גרופ בעמ/מצונן,BE,משקה שיבולת שועל,ליטרים,1.00,ליטר,false,1,15.90,15.90,true,1,
5411188300328,false,אלפרו משקה סויה עמיד בטעם שוקו 1 ליטר,הנסיך- מפעל לייצור ט,BE,משקה סויה שוקו,ליטרים,1.00,ליטר,false,0,17.50,17.50,true,1,
5600395034748,false,מקרלים בשמן זית אורגני 120 גר,קופיסה אס.איי,PT,מקרלים בשמן זית,גרמים,120.00,100 גרם,false,1,9.90,8.25,true,1,
5601008200444,false,עוגיות גודיס טבעות מצופות שוקולד חלב מרבה 150 גרם,הנסיך- מפעל לייצור ט,PT,עוגיות גודיס,גרמים,150.00,100 גרם,false,0,7.90,5.27,true,1,
5601045300022,false,משקה גוארנה אנטרטיקה פחית 355 מל,סומול וקומפל אס.איי,PT,גאורנה אנטארטיקה,מיליליטרים,330.00,"100 מ""ל",false,0,6.20,1.88,true,1,
5604912415041,false,סרדינים בשמן חמניה פורטוס 125 גרם,קונסרבס פורטוגל נורטה לי,PT,סרדינים בשמן,גרמים,125.00,100 גרם,false,1,7.50,6.00,true,1,
5701932026971,false,הוטפופ גרעיני תירס להכנת פופקורן במיקרוגל בטעם חמאה 600 גרם,ליימן שליסל בע`מ,US,הוטפופ טעם חמאה,גרמים,600.00,100 גרם,false,0,16.90,2.82,true,1,
5701932026995,false,"הוטפופ גרעיני תירס להכנת פופקורן במיקרוגל בטעם טבעי מופחת שומן, 510 גרם",קריניציה ויטמינה אס,US,הוטפופ טעם טבעי,גרמים,510.00,100 גרם,false,0,16.90,3.31,true,1,
5710840209437,false,טבק באלי נטורל 40 גר`בודד,סקמדינביין טובקו,DK,באלי נטורל,גרמים,40.00,100 גרם,false,1,92.90,232.25,false,1,
5710840210013,false,בא לי שג לבן סופר עדין 40גר,סקמדינביין טובקו,DK,באלי לבן,גרמים,40.00,100 גרם,false,1,92.90,232.25,false,1,
5711953106583,false,גבינת שמנת בטעם טבעי 200 גרם ארלה,שטראוס גרופ בעמ/מצונן,DK,ארלה גבינת שמנת,גרמים,200.00,100 גרם,false,1,16.90,8.45,true,1,
5711953106590,false,גבינת שמנת ארלה שמנת שום 200 גרם,שטראוס גרופ בעמ/מצונן,DK,ארלה גבינת שמנת,גרמים,200.00,100 גרם,false,1,16.90,8.45,true,1,
5740900403215,false,ממרח חמאה דנית לורפק עם מלח 250 גרם,שטראוס גרופ בעמ/מצונן,DK,ממרח לורפק,גרמים,250.00,100 גרם,false,1,17.90,7.16,true,1,
5740900403222,false,ממרח לורפק חמאה עם מלח מופחת שומן 250 ג,שטראוס גרופ בעמ/מצונן,DK,ממרח לורפק,גרמים,250.00,100 גרם,false,1,17.90,7.16,true,1,
5740900403239,false,ממרח חמאה דנית לורפק ללא מלח 250 גרם,שטראוס גרופ בעמ/מצונן,DK,ממרח לורפק,גרמים,250.00,100 גרם,false,1,17.90,7.16,true,1,
5740900403260,false,ממרח מחמאת לורפק ללא מלח 27% פחות שומן,שטראוס גרופ בעמ/מצונן,DK,ממרח לורפק,גרמים,250.00,100 גרם,false,1,17.90,7.16,true,1,
5740900403864,false,חמאה +מלח 200 גרם לורפק כשרות או קיי,שטראוס גרופ בעמ/מצונן,DK,חמאת לורפק,גרמים,200.00,100 גרם,false,1,12.90,6.45,true,1,
5900020012814,false,דגנים תפוחים בטעם שוקולד נסקוויק נסטלה 500 גרם,קבוצת אוסם סחר שותפות מוגבלת,PL,דגני נסקוויק,גרמים,500.00,100 גרם,false,0,28.70,5.74,true,1,
5900020015174,false,פיטנס חטיפי אנרגיה דגנים בטעם שוקולד נסטלה 6*23.5 גרם,קבוצת אוסם סחר-שות.מוגבלת,PL,חטיפי פיטנס 6 יח,גרמים,141.00,100 גרם,false,0,17.90,12.70,true,1,
5900020018908,false,פיטנס חטיפי אנרגיה דגנים בטעם קרם עוגיות נסטלה 6*23.5 גרם,קבוצת אוסם סחר-שות.מוגבלת,PL,חטיפי פיטנס 6 יח,גרמים,141.00,100 גרם,false,0,17.90,12.70,true,1,
5900020024817,false,פיטנס דליס Fitness Delice חטיף דגנים עם שוקולד לבן,קבוצת אוסם סחר שותפות מוגבלת,PL,חטיף דגנים פיטנס,גרמים,135.00,100 גרם,false,1,17.90,13.26,true,1,
5900020026552,false,דגני בוקר האני נאט צ'יריוס בטעם דבש ושקדים,קבוצת אוסם סחר שותפות מוגבלת,FR,האני נאט צ'יריוס,גרמים,625.00,100 גרם,false,1,27.90,4.46,true,1,
5900020034991,false,דגני בוקר צדפים בטעם שוקולד 450 ג' קראנץ',קבוצת אוסם סחר שותפות מוגבלת,PL,דגני קראנץ צדפים,גרמים,450.00,100 גרם,false,1,27.90,6.20,true,1,
5900020037916,false,דגני בוקר שיבולת שועל צ'ריוס 375ג',קבוצת אוסם סחר שותפות מוגבלת,PL,צ'יריוס שיבולת,גרמים,375.00,100 גרם,false,1,16.90,4.51,true,1,
5900020039590,false,פיטנס חטיף דגנים קלאסי 6.8*23.5גר פרווה,קבוצת אוסם סחר-שות.מוגבלת,PL,חטיפי פיטנס 6 יח,גרמים,141.00,100 גרם,false,1,17.90,12.70,true,1,
5900020039620,false,פיטנס חטיף דגנים שקדים ודבש פרווה 8 6*23 ג,קבוצת אוסם סחר שותפות מוגבלת,PL,חטיפי פיטנס 6 יח,גרמים,138.00,100 גרם,false,1,17.90,12.97,true,1,
5900627063233,false,טבליות למדיח הכל ב-1 פיניש מקס 50 יחידות,רקיט בנקיזר (ניר איסט) בעמ,PL,פיניש AIO,יחידה,1.00,יחידה,false,1,41.90,41.90,true,1,
5902198160403,false,XL משקה אנרגיה מוגז ללא סוכר עד 10 קלוריות לפחית 250 מל,"טמפו משקאות בע""\מ",IL,משקה אנרגיה,מיליליטרים,250.00,"100 מ""ל",false,1,4.90,1.96,true,1,
5906485301012,false,משקה אנרגיה XL מוגז פחית 250 מל,"טמפו משקאות בע""מ",IL,משקה אנרגיה XL,מיליליטרים,250.00,"100 מ""ל",false,0,4.90,1.96,true,1,
5948530002147,false,ווג סופרסלימס לילך עשירייה,Unknown,PL,ווג לילך,יחידה,1.00,יחידה,false,0,371.00,371.00,false,1,
5998623526739,false,יין גוורצטרמינר חצי מתוק סי גראס 750 מ,מ. אקרמן בעמ,HU,יין גוורצטרמינר,מיליליטרים,750.00,"100 מ""ל",false,1,39.90,5.32,true,1,
5998710131877,false,בונבונטי חטיף דובדבן בשוקולד 36 גרם,דילר בי.אמ.די.אינטרנשיונל בעמ,HU,ממתק שוקולד 36 ג,גרמים,36.00,100 גרם,false,1,4.90,13.61,true,1,
6008165003984,false,סיגריות פאל מאל כחול סטרים פילט בודד,גלוברנדס בעמ - שיווק סיגריות,TR,פאלמאל כחול טיוב,יחידה,1.00,יחידה,false,0,29.50,29.50,false,1,
6008165274629,false,פאל מאל כחול ארוך סטרים פילטר חפיסה,גלוברנדס בעמ - שיווק סיגריות,TR,פאלמאל ארוך טיוב,יחידה,1.00,יחידה,false,1,29.50,29.50,false,1,
6009188004828,false,קיט קאט צ`אנקי לבן 40 גר`,קבוצת אוסם סחר שותפות מוגבלת,BG,קיט קט צ'אנקי,גרמים,40.00,100 גרם,false,1,4.50,11.25,true,1,
6111094000242,false,תומר קוסקוס דארי דק 500גר,תומר ייבוא ושיווק מוצרי מזון [,MA,קוסקוס דארי דק,גרמים,500.00,100 גרם,false,1,10.90,2.18,true,1,
6111094000259,false,קוסקוס דארי בינוני 500 גר`,תומר ייבוא ושיווק מוצרי מזון [,MA,קוסקוס דארי,גרמים,500.00,100 גרם,false,1,10.90,2.18,true,1,
6111094001164,false,דארי אטריות מרוקאיות 500 גרם,תומר יבוא ושיווק מוצרי מזון (1,MA,אטריות מרוקאיות,גרמים,500.00,100 גרם,false,1,10.90,2.18,true,1,
6910191800287,false,אצות נורי בלו 10 דף (ננגטונג),מזרח ומערב יבוא ושיווק,CN,אצות ים נורי,גרמים,28.00,100 גרם,false,0,13.90,49.64,true,1,
6935325410118,false,שום יבוא יחידה,קטיף.,XX,שום יבוא,גרמים,190.00,100 גרם,false,0,6.90,3.63,true,1,
6936745600462,false,"מירין 500 מ""ל (דאניינג)",מזרח ומערב יבוא ושיווק,CN,"מירין 500 מ""ל",מיליליטרים,500.00,"100 מ""ל",false,0,23.70,4.74,true,1,
6936745600783,false,"חומץ אורז מזרח מערב 500 מ""ל",מזרח ומערב יבוא ושיווק,CN,חומץ אורז 500 מל,מיליליטרים,500.00,"100 מ""ל",false,0,17.90,3.58,true,1,
6974640730167,false,פטריות שיטאקה 100 גר (כ) (Zhejiang),מזרח ומערב יבוא ושיווק,CN,פטריות שיטאקה,גרמים,100.00,100 גרם,false,1,15.90,15.90,true,1,
7271730901261,false,ווקי מאק ארוחת אטריות עם גבינה 156 גרם,ניו וורלד פסטה קומפנ,US,ארוחת אטריות,גרמים,156.00,100 גרם,false,0,11.80,7.56,true,1,
7290000000022,true,עגבניות חממה,קטיף.,IL,עגבניה,קילוגרמים,0.00,"ק""ג",true,0,7.90,7.90,true,1,
7290000000046,true,מלפפונים,קטיף.,IL,מלפפונים,קילוגרמים,0.00,"ק""ג",true,0,7.90,7.90,true,1,
7290000000053,true,קישואים,קטיף.,IL,קישואים,קילוגרמים,0.00,"ק""ג",true,0,9.90,9.90,true,1,
7290000000091,true,פלפל אדום,קטיף.,IL,פלפל אדום,קילוגרמים,0.00,"ק""ג",true,0,10.90,10.90,true,1,
7290000000114,true,חצילים,קטיף.,IL,חצילים,קילוגרמים,0.00,"ק""ג",true,0,8.90,8.90,true,1,
7290000000121,true,גזר ארוז,קטיף.,IL,גזר ארוז,קילוגרמים,0.00,"ק""ג",true,0,5.90,5.90,true,1,
7290000000138,true,כרוב לבן,קטיף.,IL,כרוב לבן,קילוגרמים,0.00,"ק""ג",true,0,5.90,5.90,true,1,
7290000000145,true,כרוב אדום,קטיף.,IL,כרוב אדום,קילוגרמים,0.00,"ק""ג",true,0,5.90,5.90,true,1,
7290000000176,true,כרובית,קטיף.,IL,כרובית,קילוגרמים,0.00,"ק""ג",true,0,11.90,11.90,true,1,
7290000000183,true,סלק,קטיף.,IL,סלק,קילוגרמים,0.00,"ק""ג",true,0,5.90,5.90,true,1,
7290000000220,true,קולורבי,קטיף.,IL,קולורבי,קילוגרמים,0.00,"ק""ג",true,0,9.90,9.90,true,1,
7290000000282,true,חסה ערבית יחידה,קטיף,IL,חסה ערבית,יחידה,1.00,יחידה,false,0,5.90,5.90,true,1,
7290000000374,true,פטריות שמפניון יחידה,קטיף.,IL,שמפניון,גרמים,220.00,100 גרם,false,0,9.90,4.50,true,1,
7290000000411,true,שום - רביעייה במארז,קטיף.,XX,שום מארז,גרמים,190.00,100 גרם,false,0,6.90,3.63,true,1,
7290000000428,true,בטטות מובחר,קטיף.,IL,בטטה,קילוגרמים,0.00,"ק""ג",true,0,10.90,10.90,true,1,
7290000000435,true,סלרי עלים יחידה,קטיף,IL,סלרי עלים,יחידה,1.00,יחידה,false,0,6.90,6.90,true,1,
7290000000466,true,בצל ירוק יחידה,קטיף.,IL,בצל ירוק,יחידה,1.00,יחידה,false,0,6.90,6.90,true,1,
7290000000480,true,בצל יבש,קטיף.,IL,בצל יבש,קילוגרמים,0.00,"ק""ג",true,0,4.90,4.90,true,1,
7290000000503,true,תפוח אדמה קטן ארוז,קטיף.,IL,"תפו""א קטן ארוז",קילוגרמים,0.00,"ק""ג",true,0,7.90,7.90,true,1,
7290000000510,true,פטרוזיליה יחידה,קטיף.,IL,פטרוזיליה,יחידה,1.00,יחידה,false,0,4.90,4.90,true,1,
7290000000534,true,סלרי ראש יחידה,קטיף,IL,סלרי ראש,יחידה,1.00,יחידה,false,0,6.90,6.90,true,1,
7290000000541,true,שורש פטרוזיליה,קטיף,IL,שורש,יחידה,1.00,יחידה,false,0,6.90,6.90,true,1,
7290000000558,true,כוסברה יחידה,קטיף.,IL,כוסברה,יחידה,1.00,יחידה,false,0,4.90,4.90,true,1,
7290000000565,true,נענע יחידה,קטיף,IL,נענע,יחידה,1.00,יחידה,false,0,4.90,4.90,true,1,
7290000000572,true,שומר,קטיף.,IL,שומר,קילוגרמים,0.00,"ק""ג",true,0,9.90,9.90,true,1,
7290000000596,true,תפוח אדמה לבן תפזורת,קטיף.,IL,תפוח אדמה תפזורת,קילוגרמים,0.00,"ק""ג",true,0,5.90,5.90,true,1,
7290000000619,true,פלפל חריף,שותפות מזרחי,IL,פלפל חריף,קילוגרמים,0.00,"ק""ג",true,0,10.90,10.90,true,1,
7290000000633,true,עירית יחידה,קטיף,IL,עירית יחידה,יחידה,1.00,יחידה,false,0,6.90,6.90,true,1,
7290000000657,true,עגבניה מגי,קטיף.,IL,עגבניות מגי,קילוגרמים,0.00,"ק""ג",true,0,15.90,15.90,true,1,
7290000000824,true,קשוא ירוק )זוקיני(,קטיף.,IL,קשוא ירוק,קילוגרמים,0.00,"ק""ג",true,0,9.90,9.90,true,1,
7290000000855,true,פלפל צהוב,קטיף.,IL,פלפל צהוב,קילוגרמים,0.00,"ק""ג",true,0,10.90,10.90,true,1,
7290000000886,true,עגבניה שרי אשכולות,קטיף.,IL,שרי אשכולות,קילוגרמים,0.00,"ק""ג",true,0,22.90,22.90,true,1,
7290000001029,true,פילפל צילי יחידה,קטיף.,IL,פילפל צילי יח,יחידה,1.00,יחידה,false,0,6.90,6.90,true,1,
7290000001036,true,בצל יבש אדום,קטיף.,XX,בצל יבש אדום,קילוגרמים,0.00,"ק""ג",true,0,7.90,7.90,true,1,
7290000001050,true,בזיליקום יחידה,קטיף,IL,בזיליקום יחידה,יחידה,1.00,יחידה,false,0,6.50,6.50,true,1,
7290000001661,true,גזר תפזורת,קטיף.,IL,גזר תפזורת,קילוגרמים,0.00,"ק""ג",true,0,5.90,5.90,true,1,
7290000001722,true,תפוח אדמה אדום תפזורת,קטיף.,IL,"תפו""א אדום תפז'",קילוגרמים,0.00,"ק""ג",true,0,6.90,6.90,true,1,
7290000002033,true,לחמנית פרג 120 גרם 203,מאפית ברמן,IL,לחמנית פרג,יחידה,1.00,יחידה,false,0,3.80,3.80,true,1,
7290000002040,true,חלה רגילה 500 גרם,מאפית ברמן,IL,חלה רגילה,גרמים,500.00,100 גרם,false,0,5.10,1.02,true,1,
7290000002354,true,לחמנ.רגילה 75ג 235,מאפית ברמן,IL,לחמניה רגילה,יחידה,1.00,יחידה,false,0,2.00,2.00,true,1,
7290000023083,false,ערק אשקלון בקבוק 700,טמפו משקאות בע`מ,IL,ערק אשקלון,מיליליטרים,700.00,"100 מ""ל",false,0,54.90,7.84,true,1,
7290000023809,false,קלאסיק קברנה סובניון יקבי ברקן (750 מל),יקבי ברקן שיווק והפצה בע,IL,קברנה קלאסיק,מיליליטרים,750.00,"100 מ""ל",false,0,33.90,4.52,true,1,
7290000023816,false,קלאסיק אמרלד ריזלינג יקבי ברקן (750 מל),יקבי ברקן שיווק והפצה בע,IL,ריזלינג קלאסיק,מיליליטרים,750.00,"100 מ""ל",false,0,33.90,4.52,true,1,
7290000023823,false,"יין קלאסיק סוביניון בלאן ברקן 750 מ""ל",יקבי ברקן שיווק והפצה בע,IL,סוביניון בלאן,מיליליטרים,750.00,"100 מ""ל",false,0,33.90,4.52,true,1,
7290000023847,false,קלאסיק שרדונה יקבי ברקן (750 מל),יקבי ברקן שיווק והפצה בע,IL,יין לבן שרדונה,מיליליטרים,750.00,"100 מ""ל",false,0,33.90,4.52,true,1,
7290000023977,false,קלאסיק מרלו יקבי ברקן (750 מל),יקבי ברקן שיווק והפצה בע,IL,מרלו קלאסיק,מיליליטרים,750.00,"100 מ""ל",false,0,33.90,4.52,true,1,
7290000024523,false,"תירוש של סגל ,מיץ ענבים , 1 ליטר",כרמי צבי - האחים סגל,IL,תירוש ענבים,ליטרים,1.00,ליטר,false,0,16.90,16.90,true,1,
7290000034256,false,ביסקוויט תירוש חצי מצופה 175 ג`הדר*,ח.כהן סוכנות מזון ומשקאות בע,IL,ביסקוויט תירוש,גרמים,175.00,100 גרם,false,0,6.90,3.94,true,1,
7290000040042,false,יוגורט יופלה תות 3% שומן 150 גרם,"תנובה בע""מ ***",IL,יופלה תות 3%,גרמים,150.00,100 גרם,false,0,5.20,3.47,true,1,
7290000040066,false,יוגורט יופלה דובדבן 3% שומן 150 גרם,תנובה מרכז שיתופי לש,IL,יופלה דובדבן3%,גרמים,150.00,100 גרם,false,0,5.20,3.47,true,1,
7290000040080,false,יוגורט יופלה אפרסק 3% שומן 150 גרם,"תנובה בע""מ ***",IL,יופלה אפרסק3%,גרמים,150.00,100 גרם,false,0,5.20,3.47,true,1,
7290000040301,false,תנובה עין גדי קממבר מחלב בקר 24% שומן,תנובה מרכז שיתופי לש,IL,עין גדי קממבר,גרמים,125.00,100 גרם,false,0,20.60,16.48,true,1,
7290000040318,false,גבינת עדי ברי 24% קולאז` (125 גרם)קולקש,תנובה מרכז שיתופי לש,IL,גבינת עדי ברי24%,גרמים,125.00,100 גרם,false,0,21.60,17.28,true,1,
7290000040974,false,חלב 2% דל לקטוז בקרטון תנובה (1 ליטר),תנובה מרכז שיתופי לש,IL,חלב טרי דל לקטוז,ליטרים,1.00,ליטר,false,0,7.20,7.20,true,1,
7290000041445,false,קוטג תנובה גביע 250 גרם 5% בדצ,מיוצר עי קונדיטוריית,IL,קוטג' תנובה 5%,גרמים,250.00,100 גרם,false,0,5.70,2.28,true,1,
7290000041858,false,"שמנת חמוצה 15% מועשרת יטבתה 200 מ""ל",שטראוס גרופ בעמ/מצונן,IL,שמנת חמוצה יטבתה,מיליליטרים,200.00,"100 מ""ל",false,0,2.40,1.20,true,1,
7290000042435,false,חלב דל שומן 1% בקרטון תנובה (1 ליטר)פיק,תנובה מרכז שיתופי לש,IL,חלב 1% בקרטון,ליטרים,1.00,ליטר,false,0,5.86,5.86,true,1,
7290000042442,false,"חלב תנובה טרי 3% ""תנובה"" - מוצר בפיקוח",תנובה בעמ ***,IL,חלב תנובה 3%,ליטרים,1.00,ליטר,false,0,6.23,6.23,true,1,
7290000042640,false,"חלב תנובה עמיד 3% קרטון 250 מ""ל",תנובה מרכז שיתופי לש,IL,חלב עמיד 3% שומן,מיליליטרים,250.00,"100 מ""ל",false,0,2.70,1.08,true,1,
7290000042855,false,"שוקו בשקית 250 מ""ל ""יטבתה""",שטראוס גרופ בעמ/מצונן,IL,שוקו בשקית,מיליליטרים,225.00,"100 מ""ל",false,0,2.60,1.16,true,1,
7290000043111,false,תנובה חמאה 200 גרם - מוצר בפיקוח,תנובה מרכז שיתופי לש,IL,חמאה תנובה,גרמים,200.00,100 גרם,false,0,7.80,3.90,true,1,
7290000043814,false,השף הלבן שמנת להקצפה 38% שומן 250 מל - מוצר בפיקוח,תנובה מרכז שיתופי לש,IL,שמנת עמידה לקצפת,מיליליטרים,250.00,"100 מ""ל",false,0,6.47,2.59,true,1,
7290000043890,false,תנובה רויון לבן מחלב מפסוטר 1.5%,תנובה מרכז שיתופי לש,IL,רויון בקרטון1.5%,ליטרים,1.00,ליטר,false,0,11.30,11.30,true,1,
7290000043944,false,כד יוגורט תנובה 4% שומן 1.5 ליטר,מיוצר עי קונדיטוריית,IL,יוגורט בכד 4%,ליטרים,1.50,ליטר,false,0,16.90,11.27,true,1,
7290000046327,false,גלבוע גבינה צהובה פרוסה 22% תנובה 200 גרם,תנובה מרכז שיתופי לש,IL,גבינת גלבוע פרוס,גרמים,200.00,100 גרם,false,0,13.20,6.60,true,1,
7290000047546,false,השף הלבן כנען גבינה לבנה דלת נתרן 5% תנובה 500 גרם,תנובה מרכז שיתופי לש,IL,גבינת כנען 5%,גרמים,500.00,100 גרם,false,0,25.50,5.10,true,1,
7290000048185,false,גבינה לבנה 5% תנובה 250 גרם מהדרין,מיוצר עי קונדיטוריית,IL,גבינה לבנה 5%,גרמים,250.00,100 גרם,false,0,4.98,1.99,true,1,
7290000048192,false,גבינה לבנה 9% תנובה 250 גרם מהדרין,מחלבת אלון תבור,IL,גבינה לבנה 9%,גרמים,250.00,100 גרם,false,0,4.80,1.92,true,1,
7290000048437,false,גבינת צפתית (2005% גרם)פיראוס תנובה,פארייפאבה אגרואינדוס,IL,גבינה צפתית 5%,גרמים,200.00,100 גרם,false,0,15.90,7.95,true,1,
7290000048444,false,"גבינת חמד 16%שומן 1 ק""ג",תנובה מרכז שיתופי לש,IL,גבינת חמד 16%,קילוגרמים,1.00,"ק""ג",false,0,54.50,54.50,true,1,
7290000049458,false,גבינה בולגרית עיזים (25016% גרם)פיראוס,תנובה מרכז שיתופי לש,IL,פטה עיזים פיראוס,גרמים,250.00,100 גרם,false,0,30.00,12.00,true,1,
7290000051307,false,"מארז הפסקת אוכל עם דגני עוגי ומשקה חלב עמיד בטעם וניל 150 מ""ל",תנובה מרכז שיתופי לש,IL,מארז הפסקת אוכל,יחידה,1.00,יחידה,false,0,9.90,9.90,true,1,
7290000051352,false,חלב מלא בטעם של פעם 3.4% תנובה קרטון 1 ל',הרדוף תוצרת מזון אור,IL,חלב של פעם מלא,ליטרים,1.00,ליטר,false,0,7.40,7.40,true,1,
7290000051376,false,יוגורט יופלה דיאט אננס 0% שומן 150 גרם,תנובה מרכז שיתופי לש,IL,יופלה דיאט אננס,גרמים,150.00,100 גרם,false,0,5.20,3.47,true,1,
7290000052311,false,גבינה צהובה עמק לייט 15% שומן 200 גרם,תנובה מרכז שיתופי לש,IL,עמק 15% פרוס,גרמים,200.00,100 גרם,false,0,16.60,8.30,true,1,
7290000052649,false,לאבנה אסלית (5005% גרם)פיראוס תנובה,תנובה מרכז שיתופי לש,IL,לאבנה פיראוס 5%,גרמים,500.00,100 גרם,false,0,21.90,4.38,true,1,
7290000055015,false,פיראוס גבינת פטה כבשים 5% תנובה 250 גרם,תנובה מחלבת טנא נוגה,IL,פטה כבשים פיראוס,גרמים,250.00,100 גרם,false,0,30.00,12.00,true,1,
7290000055343,false,משקה יוגורט יופלה פירות טרופיים 250 גרם,תנובה מרכז שיתופי לש,IL,משקה יוגורט,גרמים,250.00,100 גרם,false,0,6.00,2.40,true,1,
7290000055893,false,חמאה משמנת מפוסטרת 200גרם 82% כ.מהדרין - מוצר בפיקוח,תנובה מרכז שיתופי לש,IL,חמאה מהדרין,גרמים,200.00,100 גרם,false,0,7.80,3.90,true,1,
7290000056845,false,תנובה חלב טרי 3% שומן 1.5 ליטר - מוצר בפיקוח,פארייפאבה אגרואינדוס,IL,חלב תנובה 3%,ליטרים,1.50,ליטר,false,0,9.34,6.23,true,1,
7290000057088,false,עמק גבינה צהובה פרוסה דק דק 28% תנובה 200 גרם,תנובה מרכז שיתופי לש,IL,עמק דק28% 200גרם,גרמים,200.00,100 גרם,false,0,16.60,8.30,true,1,
7290000057132,false,יוגורט תנובה טבעי 1.5% גביע 200 גרם,מחלבת אלון תבור,IL,יוגורט תנובה1.5%,גרמים,200.00,100 גרם,false,0,3.20,1.60,true,1,
7290000057149,false,יוגורט תנובה טבעי 3% גביע 200 גרם,מיוצר עי קונדיטוריית,IL,יוגורט תנובה 3%,גרמים,200.00,100 גרם,false,0,3.20,1.60,true,1,
7290000058580,false,קוקילידה בטעם וניל עם עוגיות שוקולד גלידות נסטלה 80 גרם,נגה גלידות שותפות מוגבלת,IL,קוקילידה,יחידה,1.00,יחידה,false,0,11.00,11.00,true,1,
7290000060071,false,אוסם - חטיפי פריכונים מאורז מלא קלוי 80גר,קבוצת אוסם סחר שותפות מוגבלת,IL,חטיפי פריכונים,גרמים,80.00,100 גרם,false,0,8.20,10.25,true,1,
7290000060088,false,בייגלה מקלות עם מלח אסם (400 גרם),קבוצת אוסם סחר שותפות מוגבלת,IL,בייגלה מקלות,גרמים,400.00,100 גרם,false,0,11.90,2.98,true,1,
7290000060200,false,פסטה אסם פתיתים אפויים קוסקוס 500גר,קבוצת אוסם סחר שותפות מוגבלת,IL,פתיתים אפויים,גרמים,500.00,100 גרם,false,0,7.80,1.56,true,1,
7290000060408,false,פסטה אסם פתיתים אפויים טבעות 500 גר,קבוצת אוסם סחר שותפות מוגבלת,IL,פתיתים טבעות,גרמים,500.00,100 גרם,false,0,7.80,1.56,true,1,
7290000060781,false,פרומנטי פתיתים מסולסלים אוסם,קבוצת אוסם סחר שותפות מוגבלת,IT,פסטה מסולסלת,גרמים,500.00,100 גרם,false,0,6.50,1.30,true,1,
7290000060880,false,פסטה ספגטי מספר 8 אסם 500 גרם,קבוצת אוסם סחר שותפות מוגבלת,IT,ספגטי מס' 8,גרמים,500.00,100 גרם,false,0,6.50,1.30,true,1,
7290000060903,false,פסטה אסם פתיתים אפויים אורז 500גר,קבוצת אוסם סחר שותפות מוגבלת,IL,פתיתים אפויים,גרמים,500.00,100 גרם,false,0,7.80,1.56,true,1,
7290000060958,false,אטריות מובחרות בינוניות אסם (400 גרם),קבוצת אוסם סחר שותפות מוגבלת,IL,אטריות בינוניות,גרמים,400.00,100 גרם,false,0,7.50,1.88,true,1,
7290000060965,false,פסטה אסם אטריות רחבות 400גר,קבוצת אוסם סחר שותפות מוגבלת,IL,אטריות רחבות,גרמים,400.00,100 גרם,false,0,7.50,1.88,true,1,
7290000061108,false,"רוטב טריאקי 290 מ""ל-בקבוק",קבוצת אוסם סחר שותפות מוגבלת,IL,רוטב טריאקי,מיליליטרים,290.00,"100 מ""ל",false,0,11.90,4.10,true,1,
7290000062952,false,אוסם - מיני קרוטונים למרק ולסלט 250 גרם,קבוצת אוסם סחר שותפות מוגבלת,IL,מיני קרוטונים,גרמים,250.00,100 גרם,false,0,16.20,6.48,true,1,
7290000063102,false,קמח עוגה תופח מאליו אסם 350 גרם,קבוצת אוסם סחר שותפות מוגבלת,IL,קמח תופח מאליו,גרמים,350.00,100 גרם,false,0,5.80,1.66,true,1,
7290000063133,false,אסם שקדי מרק רכיבים טבעיים 24*100גרם,קבוצת אוסם סחר שותפות מוגבלת,IL,שקדי מרק אסם,גרמים,100.00,100 גרם,false,0,6.70,6.70,true,1,
7290000063140,false,שקדי מרק רכיבים טבעיים בשקית 400 ג' אסם,קבוצת אוסם סחר שותפות מוגבלת,IL,שקדי מרק אסם,גרמים,400.00,100 גרם,false,0,10.00,2.50,true,1,
7290000063157,false,"קמח עוגה תופח מאליו אסם 1 ק""ג",קבוצת אוסם סחר שותפות מוגבלת,IL,קמח תופח מאליו,קילוגרמים,1.00,"ק""ג",false,0,10.30,10.30,true,1,
7290000064871,false,"אוסם - מנה חמה פירה תפו""א עם בצל 56 גרם",קבוצת אוסם סחר שותפות מוגבלת,IL,מנה חמה פירה,גרמים,56.00,100 גרם,false,0,6.90,12.32,true,1,
7290000065090,false,מיני קרוטונים מתובלים למרק ולסלט אסם 400 גרם,קבוצת אוסם סחר שותפות מוגבלת,IL,מיני קרוטונים,גרמים,400.00,100 גרם,false,0,26.50,6.63,true,1,
7290000065557,false,אוסם - מנה חמה קוסקוס עם ירקות 84 גרם,קבוצת אוסם סחר שותפות מוגבלת,IL,מנה חמה קוסקוס,גרמים,84.00,100 גרם,false,0,6.90,8.21,true,1,
7290000065977,false,אסם חטיפי פריכונים תירס שומשום 80 גרם,קבוצת אוסם סחר שותפות מוגבלת,IL,פריכונים תירס,גרמים,80.00,100 גרם,false,0,8.20,10.25,true,1,
7290000066141,false,ביסלי חטיף בטעם גריל אסם (70 גרם),קבוצת אוסם סחר שותפות מוגבלת,IL,ביסלי גריל,גרמים,70.00,100 גרם,false,0,4.50,6.43,true,1,
7290000066172,false,ביסלי חטיף בטעם פיצה אסם (70 גרם),קבוצת אוסם סחר-שות.מוגבלת,IL,ביסלי פיצה,גרמים,70.00,100 גרם,false,0,4.50,6.43,true,1,
7290000066196,false,ביסלי חטיף בטעם גריל אסם (200 גרם),קבוצת אוסם סחר שותפות מוגבלת,IL,ביסלי גריל,גרמים,200.00,100 גרם,false,0,7.90,3.95,true,1,
7290000066295,false,אסם במבה תות מחומרים טבעיים 30גר,קבוצת אוסם סחר שותפות מוגבלת,IL,במבה מתוקה,גרמים,30.00,100 גרם,false,0,2.90,9.67,true,1,
7290000066318,false,במבה חטיף בוטנים אסם 80 גרם,קבוצת אוסם סחר שותפות מוגבלת,IL,במבה,גרמים,80.00,100 גרם,false,0,4.90,6.13,true,1,
7290000066332,false,אפרופו חטיף תירס אסם (50 גרם),קבוצת אוסם סחר שותפות מוגבלת,IL,חטיף אפרופו,גרמים,50.00,100 גרם,false,0,5.80,11.60,true,1,
7290000066349,false,אפרופו חטיף תירס אסם (100 גרם),קבוצת אוסם סחר-שות.מוגבלת,IL,אפרופו חטיף תירס,גרמים,100.00,100 גרם,false,0,9.30,9.30,true,1,
7290000066431,false,פופקו חטיף פופקורן בטעם חמאה ודבש אסם 80 גרם,קבוצת אוסם סחר שותפות מוגבלת,IL,חטיף פופקו,גרמים,80.00,100 גרם,false,0,5.50,6.88,true,1,
7290000067599,false,מנה חמה ספגטי ברוטב בולונז אסם 65 גרם,קבוצת אוסם סחר שותפות מוגבלת,IL,מנה חמה בולונז,גרמים,65.00,100 גרם,false,0,6.90,10.62,true,1,
7290000068138,false,אינסטנט פודינג בטעם וניל אסם 80 גרם,קבוצת אוסם סחר שותפות מוגבלת,IL,אינסטנט פודינג,גרמים,80.00,100 גרם,false,0,5.70,7.13,true,1,
7290000068190,false,אסם ג'לי תות שדה צבעים טבעיים 90 גרם,קבוצת אוסם סחר שותפות מוגבלת,IL,ג'לי בטעם תות,גרמים,90.00,100 גרם,false,0,7.50,8.33,true,1,
7290000068237,false,אבקה להכנת ג`לי בטעם פטל אסם (85 גרם),קבוצת אוסם סחר שותפות מוגבלת,IL,ג'לי בטעם פטל,גרמים,85.00,100 גרם,false,0,7.50,8.82,true,1,
7290000068343,false,אוסם - פירכונים מאורז מלא 140 גרם,קבוצת אוסם סחר שותפות מוגבלת,IL,פריכונים מאורז,גרמים,140.00,100 גרם,false,0,9.00,6.43,true,1,
7290000068701,false,אסם שקדי מרק רכיבים טבע.מיכל 400 גרם,קבוצת אוסם סחר שותפות מוגבלת,IL,שקדי מרק במיכל,גרמים,400.00,100 גרם,false,0,17.10,4.28,true,1,
7290000068770,false,במבה יום הולדת חטיף בוטנים אסם 80 גרם,קבוצת אוסם סחר שותפות מוגבלת,IL,במבה יום הולדת,גרמים,80.00,100 גרם,false,0,4.90,6.13,true,1,
7290000068787,false,במבה יום הולדת חטיף בוטנים אסם 25 גרם,קבוצת אוסם סחר שותפות מוגבלת,IL,במבה יום הולדת,גרמים,25.00,100 גרם,false,0,2.50,10.00,true,1,
7290000069364,false,פריכונים מאורז מלא ללא תוספת סוכר אסם 140 גרם,קבוצת אוסם סחר שותפות מוגבלת,IL,פריכונים מאורז,גרמים,140.00,100 גרם,false,0,9.00,6.43,true,1,
7290000070308,false,אבקת מרק עוף אמיתי בשרי אסם 400 גרם,קבוצת אוסם סחר שותפות מוגבלת,IL,מרק עוף אמיתי,גרמים,400.00,100 גרם,false,0,17.90,4.48,true,1,
7290000070322,false,אבקת מרק פטריות רכיבים טבעיים אסם 400 גרם,קבוצת אוסם סחר שותפות מוגבלת,IL,מרק פטריות אסם,גרמים,400.00,100 גרם,false,0,28.90,7.23,true,1,
7290000070353,false,אבקת מרק בצל רכיבים טבעיים אסם 400 גרם,קבוצת אוסם סחר שותפות מוגבלת,IL,מרק בצל אסם,גרמים,400.00,100 גרם,false,0,28.90,7.23,true,1,
7290000071008,false,בייגלה שטוחים טבעות עם מלח אסם (60 גרם),קבוצת אוסם סחר שותפות מוגבלת,IL,בייגלה שטוחים,גרמים,60.00,100 גרם,false,0,3.70,6.17,true,1,
7290000072067,false,במבה חטיף בוטנים במילוי קרם חלבה 60 גרם,קבוצת אסם סחר שות. מוגבלת,IL,במבה במילוי חלוה,גרמים,60.00,100 גרם,false,0,4.90,8.17,true,1,
7290000072241,false,"רוטב פיצה 290 מ""ל-בקבוק",קבוצת אוסם סחר שותפות מוגבלת,IL,רוטב לפיצה אסם,מיליליטרים,290.00,"100 מ""ל",false,0,11.90,4.10,true,1,
7290000072623,false,קטשופ אסם בקבוק לחיץ 750 גרם,קבוצת אוסם סחר שותפות מוגבלת,IL,קטשופ בקבוק לחיץ,גרמים,750.00,100 גרם,false,0,12.50,1.67,true,1,
7290000072753,false,קפה נמס מגורען טסטרס צ'ויס 200 גרם-,קבוצת אוסם סחר שותפות מוגבלת,KR,קפה טסטרס צ'ויס,גרמים,200.00,100 גרם,false,0,32.90,16.45,true,1,
7290000072784,false,קפה טייסטר צויס נטול קופאין 100 גר',קבוצת אוסם סחר שותפות מוגבלת,KR,קפה טסטרס צויס,גרמים,100.00,100 גרם,false,0,29.60,29.60,true,1,
7290000072968,false,דגני בוקר סיני מיניס חיטה מלאה וקינמון נסטלה 500 גרם,קבוצת אוסם סחר-שות.מוגבלת,PL,דגני נסטלה,גרמים,500.00,100 גרם,false,0,27.70,5.54,true,1,
7290000073750,false,מנה חמה נודלס אטר+ירקות טעם עוף 70 גרם,קבוצת אוסם סחר שותפות מוגבלת,TH,מנה חמה נודלס,גרמים,70.00,100 גרם,false,0,6.90,9.86,true,1,
7290000073767,false,מנה חמה נודלס אטר.+ירקות טעם בקר 70 גרם,קבוצת אוסם סחר שותפות מוגבלת,TH,מנה חמה נודלס,גרמים,70.00,100 גרם,false,0,6.90,9.86,true,1,
7290000074184,false,ביסקוויט פתי בר אסם (500 גרם),קבוצת אוסם סחר שותפות מוגבלת,IL,ביסקוויט פתי בר,גרמים,500.00,100 גרם,false,0,12.00,2.40,true,1,
7290000074245,false,אוסם - קרם קרקר אסם 250 גרם,קבוצת אוסם סחר שותפות מוגבלת,IL,קרם קרקר אסם,גרמים,250.00,100 גרם,false,0,11.60,4.64,true,1,
7290000074252,false,אסם קרקר שומשום 250 גרם,קבוצת אוסם סחר שותפות מוגבלת,IL,קרקר שומשום אסם,גרמים,250.00,100 גרם,false,0,11.20,4.48,true,1,
7290000074375,false,אוסם - קרקר זהב 150 גרם,קבוצת אוסם סחר שותפות מוגבלת,IL,קרקר זהב אסם,גרמים,150.00,100 גרם,false,0,8.10,5.40,true,1,
7290000075204,false,קרקר לחמית חיטה מלאה אסם (250 גרם),קבוצת אוסם סחר שותפות מוגבלת,IL,לחמית חיטה מלאה,גרמים,250.00,100 גרם,false,0,9.90,3.96,true,1,
7290000075693,false,עוגת הבית שמרים בריוש שוקולד אסם 360 גרם,קבוצת אסם סחר שות. מוגבלת,IL,עוגת בריוש,גרמים,360.00,100 גרם,false,0,18.50,5.14,true,1,
7290000076126,false,אוסם - בייגלה שמיניות קטנות 80 גרם,קבוצת אוסם סחר שותפות מוגבלת,IL,בייגלה שמיניות,גרמים,80.00,100 גרם,false,0,3.70,4.63,true,1,
7290000076645,false,טוסטעים פת קלויה חיטה מלאה אסם 100 גרם,קבוצת אסם סחר שות. מוגבלת,NL,טוסטעיםחיטה מלאה,גרמים,100.00,100 גרם,false,0,11.40,11.40,true,1,
7290000077017,false,עוגיות קרמוגית במילוי קרם שוקולד אסם 200 גרם,קבוצת אוסם סחר שותפות מוגבלת,IL,קרמוגית שוקולד,גרמים,200.00,100 גרם,false,0,12.70,6.35,true,1,
7290000077253,false,אוסם - לחמית כפרית עם דגנים מלאים 190 גרם,קבוצת אסם סחר שות. מוגבלת,IL,לחמית כפרית,גרמים,190.00,100 גרם,false,0,11.60,6.11,true,1,
7290000078762,false,אוסם - חטיפי פריכונים מאורז מלא בטעם דבש 80גר,קבוצת אוסם סחר-שות.מוגבלת,GB,חטיפי פריכונים,גרמים,80.00,100 גרם,false,0,8.20,10.25,true,1,
7290000080758,false,פת קלויה טוסטעים אסם (100 גרם),קבוצת אוסם סחר שותפות מוגבלת,NL,טוסטעים פת קלוי,גרמים,100.00,100 גרם,false,0,11.40,11.40,true,1,
7290000080765,false,פת קלויה טוסטעים עם שומשום אסם (100 גרם),קבוצת אוסם סחר שותפות מוגבלת,NL,טוסטעים +שומשו,גרמים,100.00,100 גרם,false,0,11.40,11.40,true,1,
7290000081663,false,"בייגלה טבעות שומשום אסם 300 גרם בד""ץ",קבוצת אוסם סחר שותפות מוגבלת,IL,בייגלה טבעות,גרמים,300.00,100 גרם,false,0,11.90,3.97,true,1,
7290000090832,true,בייגל אמריקאי רגיל,גידרון,IL,בייגל אמריקאי,יחידה,1.00,יחידה,false,0,4.70,4.70,true,1,
7290000093031,true,לחם ג'בטה,גידרון,IL,לחם ג'בטה,יחידה,1.00,יחידה,false,0,8.50,8.50,true,1,
7290000096414,true,מארז 6 סופגניות גדולות .,גידרון,IL,סופגניה גדולה6יח,יחידה,1.00,יחידה,false,6,19.90,19.90,true,1,
7290000100128,false,פירות קפואים תות 300 גר`סנפרוסט,תנובה ענף ב.ע.ד,IL,תות שדה מוקפא,גרמים,300.00,100 גרם,false,1,19.90,6.63,true,1,
7290000100593,false,פרוסות אנטיפסטי לתנור סנפרוסט 600 גרם,תנובה ענף ב.ע.ד,IL,אנטיפסטי לתנור,גרמים,600.00,100 גרם,false,1,24.90,4.15,true,1,
7290000100609,false,קוביות אנטיפסטי להקפצה סנפרוסט 600 גרם,תנובה ענף ב.ע.ד,IL,אנטיפסטי להקפצה,גרמים,600.00,100 גרם,false,1,24.90,4.15,true,1,
7290000101927,false,אוכמניות כחולות מוקפאות סנפרוסט 300 גרם,תנובה ענף ב.ע.ד,IL,אוכמניות קפואות,גרמים,300.00,100 גרם,false,1,19.90,6.63,true,1,
7290000101934,false,מיקס פירות יער מוקפאים 300 גר סנפרוסט,"איי, בי, אינבוו",IL,מיקס פירות יער,גרמים,300.00,100 גרם,false,1,19.90,6.63,true,1,
7290000101958,false,מנגו חתוך מוקפא סנפרוסט (300 גרם),תנובה ענף ב.ע.ד,IL,מנגו קפוא,גרמים,300.00,100 גרם,false,1,19.90,6.63,true,1,
7290000103365,false,מרק ירקות עשיר סנפרוסט (550 גרם),תנובה מרכז שיתופי לשיווק תוצרת,IL,מרק ירקות,גרמים,560.00,100 גרם,false,0,19.90,3.55,true,1,
7290000103433,false,"לקט ירקות לתנור 800 גרם ""סנפרוסט""",תנובה מרכז שיתופי לשיווק תוצרת,IL,לקט ירקות לתנור,גרמים,800.00,100 גרם,false,1,24.90,3.11,true,1,
7290000103488,false,"ארטישוק ירושלמי 400 גרם ""סנפרוסט""",תנובה מרכז שיתופי לשיווק תוצרת,IL,ארטישוק י-ם קפוא,גרמים,400.00,100 גרם,false,1,24.90,6.23,true,1,
7290000103860,false,מרק עדשים עשיר בירקות סנפרוסט (572 גרם),תנובה מרכז שיתופי לשיווק תוצרת,IL,מרק עדשים,גרמים,572.00,100 גרם,false,0,19.90,3.48,true,1,
7290000103877,false,מרק שעועית עשיר בירקות סנפרוסט (644 גרם),תנובה מרכז שיתופי לשיווק תוצרת,IL,מרק שעועית,גרמים,644.00,100 גרם,false,0,19.90,3.09,true,1,
7290000104072,false,עדשים ירוקות מבושלות מוקפאות 800 ג' סנפרוסט,תנובה מרכז שיתופי לשיווק תוצרת,IL,עדשים ירוקות,גרמים,800.00,100 גרם,false,0,21.70,2.71,true,1,
7290000104201,false,אפונה עדינה מוקפאת סנפרוסט (600 גרם),"איי, בי, אינבוו",IL,אפונה עדינה קפוא,גרמים,600.00,100 גרם,false,0,19.90,3.32,true,1,
7290000104218,false,סנפרוסט במיה 600 גרם,תנובה מרכז שיתופי לשיווק תוצרת,IL,במיה מוקפאת,גרמים,600.00,100 גרם,false,0,17.90,2.98,true,1,
7290000104225,false,בצל קצוץ 600 גרם סנפרוסט,"סנפרוסט בע""\מ",IL,בצל קצוץ מוקפא,גרמים,600.00,100 גרם,false,0,19.90,3.32,true,1,
7290000104676,false,אפונה קפואה סנפרוסט 800 גרם,תנובה מרכז שיתופי לשיווק תוצרת,IL,אפונה ירוקה קפוא,גרמים,800.00,100 גרם,false,0,19.90,2.49,true,1,
7290000104683,false,שעועית ירוקה שלמה סנפרוסט (800 גרם),תנובה מרכז שיתופי לשיווק תוצרת,IL,שעועית ירוקה שלמ,גרמים,800.00,100 גרם,false,0,22.90,2.86,true,1,
7290000104690,false,גרעיני תירס מוקפאים סנפרוסט (800 גרם),תנובה מרכז שיתופי לשיווק תוצרת,IL,גרעיני תירס קפוא,גרמים,800.00,100 גרם,false,0,19.90,2.49,true,1,
7290000104706,false,גזר גמדי מוקפא סנפרוסט (800 גרם),תנובה מרכז שיתופי לשיווק תוצרת,IL,גזר גמדי מוקפא,גרמים,800.00,100 גרם,false,0,19.40,2.43,true,1,
7290000104720,false,שעועית ירוקה חתוכה סנפרוסט (800 גרם),תנובה מרכז שיתופי לשיווק תוצרת,IL,שעועית ירוקה,גרמים,800.00,100 גרם,false,0,20.90,2.61,true,1,
7290000104744,false,כרובית מוקפאת סנפרוסט (800 גרם),תנובה מרכז שיתופי לשיווק תוצרת,IL,כרובית מוקפאת,גרמים,800.00,100 גרם,false,0,28.00,3.50,true,1,
7290000104751,false,"כרוב ניצנים 800 גרם ""סנפרוסט""",תנובה מרכז שיתופי לשיווק תוצרת,IL,כרוב ניצנים קפוא,גרמים,800.00,100 גרם,false,0,27.80,3.48,true,1,
7290000104768,false,עלי תרד סנפרוסט (800 גרם),תנובה מרכז שיתופי לשיווק תוצרת,IL,תרד עלים מוקפא,גרמים,800.00,100 גרם,false,0,28.40,3.55,true,1,
7290000104799,false,שעועית לבנה מבושלת סנפרוסט (800 גרם),תנובה מרכז שיתופי לשיווק תוצרת,IL,שעועית לבנה,גרמים,800.00,100 גרם,false,0,21.70,2.71,true,1,
7290000104805,false,גרגירי חומוס מבושלים סנפרוסט 800 גרם,תנובה מרכז שיתופי לשיווק תוצרת,IL,גרגרי חומוס קפוא,גרמים,800.00,100 גרם,false,0,21.70,2.71,true,1,
7290000104836,false,שעועית ירוקה עדינה שלמה סנפרוסט 600 גרם,תנובה מרכז שיתופי לשיווק תוצרת,IL,שעועית שלמה קפוא,גרמים,600.00,100 גרם,false,0,25.90,4.32,true,1,
7290000104874,false,לקט מוקפא לקוסקוס סנפרוסט (800 גרם),תנובה מרכז שיתופי לשיווק תוצרת,IL,לקט לקוסקוס קפוא,גרמים,800.00,100 גרם,false,0,24.90,3.11,true,1,
7290000104881,false,לקט אפונה וגזר מוקפאים סנפרוסט (800 גרם),תנובה מרכז שיתופי לשיווק תוצרת,IL,אפונה וגזר קפוא,גרמים,800.00,100 גרם,false,0,17.90,2.24,true,1,
7290000104911,false,לקט נורמנדי מוקפא סנפרוסט (800 גרם),תנובה מרכז שיתופי לשיווק תוצרת,IL,לקט נורמנדי קפוא,גרמים,800.00,100 גרם,false,0,24.90,3.11,true,1,
7290000106526,false,לקט חגיגה ירוקה להקפצה 800 גרם סנפרוסט,"איי, בי, אינבוו",IL,חגיגה ירוקה להקפ,גרמים,800.00,100 גרם,false,1,26.40,3.30,true,1,
7290000107189,false,תחתיות ארטישוק סנפרוסט (400 גרם),תנובה מרכז שיתופי לשיווק תוצרת,IL,תחתיות ארטישוק,גרמים,400.00,100 גרם,false,0,24.70,6.18,true,1,
7290000107295,false,תפרחות ברוקולי סנפרוסט 800 גרם,תנובה מרכז שיתופי לשיווק תוצרת,IL,ברוקולי מוקפא,גרמים,800.00,100 גרם,false,0,28.90,3.61,true,1,
7290000111063,false,מיונז אמיתי תלמה (250 גרם),"יוניליוור ישראל שיווק בע""מ",IL,מיונז אמיתי תלמה,גרמים,250.00,100 גרם,false,0,7.90,3.16,true,1,
7290000111117,false,מרכך כביסה לבן בדין (4 ליטר),"יוניליוור ישראל שיווק בע""מ",IL,מרכך כביסה בדין,ליטרים,4.00,ליטר,false,0,21.90,5.48,true,1,
7290000112220,false,טחינה גולמית שומשום טהור בארכה 500 גרם,קבוצת אוסם סחר שותפות מוגבלת,IL,טחינה גולמית,גרמים,500.00,100 גרם,false,0,15.90,3.18,true,1,
7290000112503,false,מרק עשיר ירקות קנור 69 גרם - שקיות,יוניליוור ישראל שיווק בע`מ,IL,מרק ירקות קנור,גרמים,61.00,100 גרם,false,0,10.20,16.72,true,1,
7290000112619,false,אבקת מרק עוף אמיתי קנור 400 ג' כשלפ,יוניליוור ישראל שיווק בע`מ,IL,מרק עוף אמיתי,גרמים,400.00,100 גרם,false,0,22.90,5.73,true,1,
7290000117720,false,נמס בכוס פטריות קנור 21.5 גרם מארז זוגי,"יוניליוור ישראל שיווק בע""מ",IL,מרק נמס בכוס,גרמים,43.00,100 גרם,false,0,7.80,18.14,true,1,
7290000120836,false,מיונז אמיתי הלמנס (394 גרם),"יוניליוור ישראל שיווק בע""מ",CA,מיונז אמיתי הלמנ,גרמים,394.00,100 גרם,false,0,12.80,3.25,true,1,
7290000120874,false,מיונז הלמנס לייט מופחת קלוריות 424ג,יוניליוור ישראל שיווק בעמ,US,ממרח הלמנס,גרמים,424.00,100 גרם,false,0,12.80,3.02,true,1,
7290000121093,false,גבינה מותכת לייט בטעם שוויצרי 7% מון בלאן 120 גר',האי נאם סי או אל.טי.,IL,גבינת מון בלאן,גרמים,120.00,100 גרם,false,0,12.90,10.75,true,1,
7290000121109,false,גבינה מותכת לייט עם זיתים 7% מון בלאן 120 גרם,נטו מילנדה סחר בעמ*,IL,גבינת מון בלאן,גרמים,120.00,100 גרם,false,0,12.90,10.75,true,1,
7290000135045,false,"XL TEN משקה אנרגיה פתוח ללא סוכר 250 מ""ל","טמפו משקאות בע""\מ",IL,TEN XL בטעם תפוח,מיליליטרים,250.00,"100 מ""ל",false,1,4.90,1.96,true,1,
7290000135052,false,"XL TEN משקה אנרגיה מנגו ללא סוכר 250 מ""ל","טמפו משקאות בע""\מ",IL,TEN XL בטעם מנגו,מיליליטרים,250.00,"100 מ""ל",false,1,4.90,1.96,true,1,
7290000135113,false,"משקה אנרגיה XL פחית ten נענע ליים 250 מ""ל","טמפו משקאות בע""\מ",IL,TEN XL נענע ליים,מיליליטרים,250.00,"100 מ""ל",false,1,4.90,1.96,true,1,
7290000135595,false,פפסי מקס בטעם דובדבן 1.5 ללא סוכר,"טמפו משקאות בע""\מ",IL,פפסי מקס דובדבן,ליטרים,1.50,ליטר,false,1,8.10,5.40,true,1,
7290000136141,false,פפסי קולה 1.5 ליטר פיקדון,"טמפו משקאות בע""\מ",IL,פפסי קולה,ליטרים,1.50,ליטר,false,0,8.10,5.40,true,1,
7290000136158,false,פפסי מקס משקה מוגז דל קלוריות בטעם קולה,"טמפו משקאות בע""\מ",IL,פפסי מקס,ליטרים,1.50,ליטר,false,0,8.10,5.40,true,1,
7290000136172,false,משקה 7UP בקבוק 1.5 ליטר פיקדון,"טמפו משקאות בע""\מ",IL,סבן אפ,ליטרים,1.50,ליטר,false,0,8.30,5.53,true,1,
7290000136264,false,מי טוניק גזוז 1.5 ל' טמפו,"טמפו משקאות בע""\מ",IL,מי טוניק,ליטרים,1.50,ליטר,false,0,12.00,8.00,true,1,
7290000136646,false,בירה נשר מאלט ללא אלכוהול 1.5 ליטר,"טמפו משקאות בע""\מ",IL,נשר מאלט,ליטרים,1.50,ליטר,false,0,10.00,6.67,true,1,
7290000136653,false,בירה שחורה נשר מאלט דיאט בקבוק 1.5ל`,"טמפו משקאות בע""\מ",IL,נשר מאלט דיאט,ליטרים,1.50,ליטר,false,0,9.50,6.33,true,1,
7290000136790,false,טמפו מי סודה 6*1.5 ליטר פיקדון,"טמפו משקאות בע""\מ",IL,סודה טמפו1.5*6ל,ליטרים,9.00,ליטר,false,0,19.70,2.19,true,1,
7290000136806,false,סודה בטעם לימון ליים 1.5 רביעייה רביעייה,טמפו משקאות בע`מ,IL,סודה למון1.5*4ל,ליטרים,6.00,ליטר,false,0,13.00,2.17,true,1,
7290000136813,false,סודה בטעם אננס מארז רביעייה 1.5 ל' טמפו,טמפו משקאות בע''מn\,IL,סודה ט.אננס1.5*4,ליטרים,6.00,ליטר,false,0,13.00,2.17,true,1,
7290000136837,false,רביעיית מי סודה נגיעות אפרסק טמפו 1.5 ליטר,טמפו משקאות בע''מn\,IL,4סודה ט.אפרסק1.5,ליטרים,6.00,ליטר,false,0,13.00,2.17,true,1,
7290000136868,false,סאן בנדטו - מים מינרלים - מארז שישיית 1.5 ליטר,אקווה מינרלה סאן בנדטו ב,IT,סאן בנדטו1.5*6ל,ליטרים,9.00,ליטר,false,0,20.90,2.32,true,1,
7290000136875,false,שישיית מים מינרליים מוגזים סן בנדטו 1.5 ליטר,סאן בנדטו San Benedetto,IT,6סנבנדטו מוגז1.5,ליטרים,9.00,ליטר,false,0,21.90,2.43,true,1,
7290000144474,false,שמן עץ הזית קנולה 1 ליטר בריאות מהטבע,סוגת תעשיות בעמ,EE,שמן קנולה,ליטרים,1.00,ליטר,false,0,16.90,16.90,true,1,
7290000149615,false,רביעיית סבון מוצק קלאסי לתינוק נקה 7 4*100 גרם,החברה הדרומית לשיווק בעמ,IL,נקה 7 סבון 4 יח,גרמים,400.00,100 גרם,false,0,15.00,3.75,true,1,
7290000149905,false,טקסטיל שמפו נוזלי לאריגים עדינים1ליט,החברה הדרומית לשיווק בעמ,IL,נוזל כביס טקסטיל,ליטרים,1.00,ליטר,false,0,14.80,14.80,true,1,
7290000169798,false,"עוגי מופחת סוכר 20% פצפוצי שוקו' 500ג' בד""צ",יוניליוור ישראל שיווק בע`מ,IL,עוגי מופחת סוכר,גרמים,500.00,100 גרם,false,0,24.10,4.82,true,1,
7290000174723,false,שוקולית אבקה להכנת משקה שוקו 500 גרם,הנסיך- מפעל לייצור ט,IL,שוקולית,גרמים,500.00,100 גרם,false,0,13.90,2.78,true,1,
7290000176062,false,קפה טורקי בשקית 100 ג' עלית,שטראוס קפה בי.ויn\.,IL,קפה טורקי בצלופן,גרמים,100.00,100 גרם,false,0,9.50,9.50,true,1,
7290000176079,false,קפה טורקי עם הל עלית (100 גרם),הנסיך- מפעל לייצור ט,IL,קפה טורקי עם הל,גרמים,100.00,100 גרם,false,0,9.90,9.90,true,1,
7290000176420,false,קפה נמס פחית עלית 200 גרם,פיקסל אם.גי.אם בעמ,IL,קפה נמס,גרמים,200.00,100 גרם,false,0,21.90,10.95,true,1,
7290000178707,false,חטיף צ`יפס בטעם טבעי תפוצ`יפס (50 גרם),"שטראוס פריטו ליי בע""\מ )",IL,חטיף תפוצ'יפס,גרמים,50.00,100 גרם,false,0,4.30,8.60,true,1,
7290000178721,false,חטיף צ`יפס בטעם טבעי תפוצ`יפס (200 גרם),"שטראוס פריטו ליי בע""\מ )",IL,תפוצי'פס טבעי,גרמים,200.00,100 גרם,false,0,10.90,5.45,true,1,
7290000186535,false,נייר טואלט תלת שכבתי לבן לילי 32 יחידות,קימברלי קלארק ישראל שיווק בעמ,IL,נ.טואלט לילי,מטרים,537.00,100 מטר,false,0,45.90,8.55,true,1,
7290000187860,false,מגבוני טואלט לחים לילי דיספנסר 40יח',קימברלי קלארק ישראל שיווק בעמ,IL,נייר טואלט לח,יחידה,1.00,יחידה,false,0,8.90,8.90,true,1,
7290000187938,false,לילי - נייר טואולט נייר טואלט פסטל 32 יח',קימברלי קלארק ישראל שיווק בעמ,IL,נייר טואלט פסטל,מטרים,588.00,100 מטר,false,0,41.90,7.13,true,1,
7290000189505,false,ניקול תבנית אפייה מקרטון אינגליש קייק ניקול 5 יחידות,קימברלי קלארק ישראל שיווק בעמ,IL,תבניות קרטון,יחידה,1.00,יחידה,false,0,11.40,11.40,true,1,
7290000189598,false,מטליות לחות חד פעמיות לניקוי כללי 50 יח' ניקול,קימברלי קלארק ישראל שיווק בעמ,IL,מטליות ניקול,יחידה,1.00,יחידה,false,0,12.90,12.90,true,1,
7290000189659,false,מטליות לחות לרצפה ניקול 10 יח'-מרכז,קימברלי קלארק ישראל שיווק בעמ,IL,מטליות רצפה לחות,יחידה,1.00,יחידה,false,0,11.90,11.90,true,1,
7290000189871,false,"שקיות אשפה עם שרוך 52 * 65 ס""מ ניקול 55 שקיות",קימברלי קלארק ישראל שיווק בעמ,IL,שקיות אשפה גדול,יחידה,1.00,יחידה,false,0,23.90,23.90,true,1,
7290000190853,false,לילי פיור נייר טואלט דו שכבתי לבן 30 גלילים,קימברלי קלארק ישראל שיווק בעמ,IL,נייר טואלט לילי,מטרים,537.00,100 מטר,false,0,41.90,7.80,true,1,
7290000191546,false,ממחטות טישו צבעוני 2 שכבות לילי מארז 100X3יח',קימברלי קלארק ישראל שיווק בעמ,IL,לילי צבעוני90*3,יחידה,1.00,יחידה,false,0,10.90,10.90,true,1,
7290000195216,false,נייר אפייה בשקית ניקול 50 יחידות,קימברלי קלארק ישראל שיווק בעמ,IL,נייר אפיה,יחידה,1.00,יחידה,false,0,11.90,11.90,true,1,
7290000195537,false,האגיס - מגבוני האגיס דיילי קר לא מבושם 64 יח' * 4,קימברלי קלארק ישראל שיווק בעמ,IL,מגבונים האגיס 4י,יחידה,1.00,יחידה,false,0,23.90,23.90,true,1,
7290000195773,false,האגיס - מגבוני האגיס סנסטיב קר לא מבושם 64 יח' * 4,קימברלי קלארק ישראל שיווק בעמ,IL,מגבונים האגיס 4י,יחידה,1.00,יחידה,false,0,23.90,23.90,true,1,
7290000196343,false,"מפת שולחן מהודרת לילי 180X120ס""מ",קימברלי קלארק ישראל שיווק בעמ,IL,מפת שולחן מעוצבת,יחידה,1.00,יחידה,false,0,12.90,12.90,true,1,
7290000196763,false,"שקיות אשפה חזקות במיוחד עם שרוך 52 * 65 ס""מ ניקול 40 יחידות",קימברלי קלארק ישראל שיווק בעמ,IL,שקיות אשפה,יחידה,1.00,יחידה,false,0,28.50,28.50,true,1,
7290000197432,false,שקיות אוכל סנדביצ'ון ניקול מארז 150X2יח',קימברלי קלארק ישראל שיווק בעמ,IL,סנדוויצ'ון זוג,יחידה,1.00,יחידה,false,0,14.50,14.50,true,1,
7290000197548,false,חיתולים פרידום דריי שלב 5 האגיס 36 יחידות,קימברלי קלארק ישראל שיווק בעמ,IL,חיתולי האגיס,יחידה,1.00,יחידה,false,0,45.90,45.90,true,1,
7290000197678,false,חיתולי האגיס פרידום דריי שלב 6 30 יחידות,קימברלי קלארק ישראל שיווק בעמ,IL,חיתולי האגיס,יחידה,1.00,יחידה,false,0,45.90,45.90,true,1,
7290000197753,false,ניילון נצמד אנטי בטקריאלי ניקול 30X2מ',קימברלי קלארק ישראל שיווק בעמ,CN,ניילון נצמד זוג,מטרים,60.00,מטר,false,0,13.10,0.22,true,1,
7290000197876,false,תבניות אלומיניום קטנות עם מכסה ניקול 4 יחידות,קימברלי קלארק ישראל שיווק בעמ,CN,תבניות אלומיניום,יחידה,1.00,יחידה,false,0,9.90,9.90,true,1,
7290000197883,false,תבנית אלומיניום 100 גדולה ניקול 4 יחידות,קימברלי קלארק ישראל שיווק בעמ,CN,תבניות אלומיניום,יחידה,1.00,יחידה,false,0,9.90,9.90,true,1,
7290000199313,false,תחבושות עם כנפיים נורמל פלוס קוטקס 30 יחידות,קימברלי קלארק ישראל שיווק בעמ,CZ,קוטקס תחבושות,יחידה,1.00,יחידה,false,0,20.90,20.90,true,1,
7290000205915,false,חיתולי האגיס אקסטרה קייר מידה 4 40 יחידות,קימברלי קלארק ישראל שיווק בעמ,CZ,חיתולי האגיס,יחידה,1.00,יחידה,false,1,54.90,54.90,true,1,
7290000208329,false,גרעיני תירס מתוק יכין (550 גרם),זנלכול יכין,IL,גרעיני תירס מתוק,גרמים,550.00,100 גרם,false,0,8.90,1.62,true,1,
7290000208336,false,רסק יכין 240גר 22% יכין בית יוסף,"זנלכל בע""\מ",IL,רוטב עגבניות,גרמים,240.00,100 גרם,false,0,4.90,2.04,true,1,
7290000208947,false,עגבניות מרוסקות יכין (240 גרם),היינץ צפון אמריקה מק,IL,עגבניות קצוצות,גרמים,240.00,100 גרם,false,0,6.90,2.88,true,1,
7290000209371,false,מארז גרעיני תירס מתוק יכין (200x3 גרם),היינץ צפון אמריקה מק,IL,תירס גרעינים 3יח,גרמים,495.00,100 גרם,false,1,14.90,3.01,true,1,
7290000209388,false,תירס מתוק לייט יכין 200 גרם מארז 3 יח',זנלכול יכין,IL,תירס לייט 3 יח,גרמים,495.00,100 גרם,false,0,14.90,3.01,true,1,
7290000209524,false,סירופ דיאט בטעם פטל יכין (1 ליטר),זנלכול יכין,IL,סירופ פטל דיאט,ליטרים,1.00,ליטר,false,0,17.90,17.90,true,1,
7290000209944,false,רוטב לעגבניות בסיס לשקשוקה 240 ג' יכין,"זנלכל בע""\מ",IL,בסיס לשקשוקה,גרמים,240.00,100 גרם,false,0,6.90,2.88,true,1,
7290000209951,false,רוטב עגבניות לפיצה 260 גרם יכין,"זנלכל בע""\מ",IL,רוטב עגבניות,גרמים,240.00,100 גרם,false,0,6.90,2.88,true,1,
7290000211442,false,אורז בסגנון פרסי קלאסי סוגת (1 קג),האי נאם סי או אל.טי.,IL,אורז פרסי קלאסי,קילוגרמים,1.00,"ק""ג",false,0,10.90,10.90,true,1,
7290000211985,false,אורז עגול ריזוטו אחד אחד 1 קג,"סוגת תעשיות בע""\מ",IL,אורז עגול סוגת,קילוגרמים,1.00,"ק""ג",false,0,9.90,9.90,true,1,
7290000238029,false,"בצק עלים צרפתי מרודד מעדנות 1 ק""ג",תנובה מרכז שיתופי לשיווק תוצרת,IL,בצק עלים מרודד,קילוגרמים,1.00,"ק""ג",false,0,24.90,24.90,true,1,
7290000238036,false,מלאווח מעדנות 6 יח`700 גרם קפוא,תנובה מרכז שיתופי לשיווק תוצרת,IL,מלווח מעדנית,גרמים,700.00,100 גרם,false,0,18.90,2.70,true,1,
7290000238173,false,.בורקס במילוי גבינה 800 גרם מעדנות,מיוצר עי קונדיטוריית,IL,בורקס גבינה קפוא,גרמים,800.00,100 גרם,false,0,22.70,2.84,true,1,
7290000243566,false,שמן קנולה בריאות עץ הזית (750 מל),סוגת תעשיות בעמ,EE,שמן קנולה מועשר,מיליליטרים,750.00,"100 מ""ל",false,0,12.90,1.72,true,1,
7290000245294,false,"פרסיל אבקת כביסה סופרא 2.5ק""ג",גורי שיווק בעמ,IL,אבקת כביסה פרסיל,קילוגרמים,2.50,"ק""ג",false,0,27.90,11.16,true,1,
7290000253220,false,שוקולדצ`יפס לאפייה 260 גר`אופנהיימר,תה ויסוצקי (ישראל) בעמ,IL,שוקולד צ'יפס,גרמים,260.00,100 גרם,false,0,12.90,4.96,true,1,
7290000253251,false,נטיפי שוקולד צ`יפס לבן לאפיה 250 גרם,תה ויסוצקי (ישראל) בעמ,IL,שוקו צ'יפס לבן,גרמים,250.00,100 גרם,false,0,12.90,5.16,true,1,
7290000267548,false,אגוזי מלך טחונים השף 100 גרם,דין שיווק וקליה 2021 בעמ,IL,אגוז מלך טחון,גרמים,100.00,100 גרם,false,0,13.80,13.80,true,1,
7290000267616,false,צנובר 100גרם,שקדיה,IL,צנובר,גרמים,100.00,100 גרם,false,0,29.60,29.60,true,1,
7290000272696,false,מיץ לימון טבעי משומר 1 ליטר עסיס כלפ,קבוצת אוסם סחר שותפות מוגבלת,IL,מיץ לימון משומר,ליטרים,1.00,ליטר,false,0,11.50,11.50,true,1,
7290000272726,false,חומץ רכיבים רכיבים טבעיים 5% עסיס 1 ליטר,קבוצת אוסם סחר שותפות מוגבלת,IL,חומץ 5%,ליטרים,1.00,ליטר,false,0,7.30,7.30,true,1,
7290000287102,false,סנו שטיחים קצף לניקוי שטיחים 600 סמק,החברה הדרומית לשיווק בעמ,IL,סנו שמפו לשטיחים,גרמים,540.00,100 גרם,false,0,20.90,3.87,true,1,
7290000287195,false,"סנו רהיט ספריי עשיר בווקס להברקה 305 מ""ל",החברה הדרומית לשיווק בעמ,IL,סנו רהיט מרסס,מיליליטרים,305.00,"100 מ""ל",false,0,16.90,5.54,true,1,
7290000287621,false,"אנטי קאלק נוזל לניקוי אסלות סנו 750 מ""ל",החברה הדרומית לשיווק בעמ,IL,סנו מנקה אסלות,מיליליטרים,750.00,"100 מ""ל",false,0,13.90,1.85,true,1,
7290000288024,false,סנו - ז'אוול אקונומיקה בריח לימון 4 ליטר,החברה הדרומית לשיווק בעמ,IL,סנו JAVEL אקונומ,ליטרים,4.00,ליטר,false,0,17.90,4.48,true,1,
7290000288048,false,ז`אוול מרסס לניקוי כללי לבנדר סנו (1 ליט,החברה הדרומית לשיווק בעמ,IL,סנו ג'אוול לבנדר,ליטרים,1.00,ליטר,false,0,19.90,19.90,true,1,
7290000288109,false,"אבקת כביסה מקסימה אפקט ג''אוול 1.25 ק""ג סנו",החברה הדרומית לשיווק בעמ,IL,א.כביסה מקסימה,קילוגרמים,1.25,"ק""ג",false,0,16.90,13.52,true,1,
7290000288840,false,מים מזוקקים 2 ליטר לגיהוץ,החברה הדרומית לשיווק בעמ,IL,סנו מים מזוקקים,ליטרים,2.00,ליטר,false,0,14.90,7.45,true,1,
7290000289069,false,סנו - ז'אוול מרסס קצף ניקוי בתוספת אקונומיקה בריח לימון 1 ליטר,החברה הדרומית לשיווק בעמ,IL,סנו ג'אוול מרסס,ליטרים,1.00,ליטר,false,0,19.90,19.90,true,1,
7290000289496,false,"סנו - ז'אוול ג'ל קרם לניקוי כללי לימון 750 מ""ל",החברה הדרומית לשיווק בעמ,IL,ג'אוול ג'ל קרם,מיליליטרים,750.00,"100 מ""ל",false,0,12.90,1.72,true,1,
7290000289748,false,"מסיר שומנים לתנורים פורטה פלוס סנו 750 מ""ל",החברה הדרומית לשיווק בעמ,IL,סנו פורטה שומנים,מיליליטרים,750.00,"100 מ""ל",false,0,15.90,2.12,true,1,
7290000292311,false,פוליויקס נוזל רצפות בניחוח סחלבים סנו 2 ליטר,החברה הדרומית לשיווק בעמ,IL,סנו פוליויקס,ליטרים,2.00,ליטר,false,0,26.00,13.00,true,1,
7290000293943,false,"מרסס לבן מסיר אבנית 1 ליטר אנטי קאלק ""סנו""",החברה הדרומית לשיווק בעמ,IL,סנו אנטי קאלק,ליטרים,1.00,ליטר,false,0,18.90,18.90,true,1,
7290000294780,false,אקונומיקה סמיכה בריח לימון סנו ז'אוול 4 ליטר,החברה הדרומית לשיווק בעמ,IL,סנו ג'אוול 4 ל,ליטרים,4.00,ליטר,false,0,17.90,4.48,true,1,
7290000295367,false,"מקסימה אבקת כביסה אפקט ז'אוול סנו 2.5 ק""ג",החברה הדרומית לשיווק בעמ,IL,אבקת כביסה,קילוגרמים,2.50,"ק""ג",false,0,28.90,11.56,true,1,
7290000295541,false,סנו סושי רב מגבת ג`מבו 75 יחידות,החברה הדרומית לשיווק בעמ,IL,סנו סושי רב מגבת,מטרים,21.00,מטר,false,0,17.90,0.85,true,1,
7290000295558,false,"רדיד אלומיניום רוחב 30 ס""מ סנו סושי 2 יח' 7.5 מטר",החברה הדרומית לשיווק בעמ,TR,צמד רדידי אלומינ,מטרים,15.00,מטר,false,0,10.90,0.73,true,1,
7290000300900,false,שניצל תירס מרכיבים טבעיים טבעול 750 גרם,קבוצת אוסם סחר שותפות מוגבלת,IL,שניצל תירס טבעול,גרמים,750.00,100 גרם,false,0,27.90,3.72,true,1,
7290000303604,false,חומוס גרגירים 560 ג' פרי הגליל,ויטה- פרי גליל (החדשה) בעמ,IL,חומוס שלם,גרמים,550.00,100 גרם,false,0,8.90,1.62,true,1,
7290000313160,false,זהבה ושלושת הדובים עוגיות בטעם שוקולד אסם 350 גרם,קבוצת אוסם סחר שותפות מוגבלת,IL,עוגיות זהבה,גרמים,250.00,100 גרם,false,0,8.90,3.56,true,1,
7290000313290,false,אסם נודלס נודלס איטריות מסולסלות 200גר,קבוצת אוסם סחר שותפות מוגבלת,TH,אטריות נודלס,גרמים,200.00,100 גרם,false,0,11.90,5.95,true,1,
7290000318943,false,פסטרמה של פעם מעושן 1.5% יחיעם 200 גרם,מעדני יחיעם ( 1993 ) בע`מ,IL,פסטרמה של פעם,גרמים,200.00,100 גרם,false,0,23.90,11.95,true,1,
7290000319834,false,קבנוס פפרוני יחיעם (125 גרם),מעדני יחיעם ( 1993 ) בע`מ,IL,קבנוס פפרוני,גרמים,125.00,100 גרם,false,5,14.90,11.92,true,1,
7290000341071,false,בדין - מרכך כביסה בייבי לבן 2 ליטר,"יוניליוור ישראל שיווק בע""מ",IL,מרכך כביסה בייבי,ליטרים,2.00,ליטר,false,0,16.90,8.45,true,1,
7290000342856,false,מרכך כביסה כחול בדין (4 ליטר),"יוניליוור ישראל שיווק בע""מ",IL,מרכך כביסה בדין,ליטרים,4.00,ליטר,false,0,21.90,5.48,true,1,
7290000345277,false,תה קלאסיק מעטפות ויסוצקי 50 יחידות,תה ויסוצקי (ישראל)בעמ,IL,תה ויסוצקי 50 שק,גרמים,75.00,100 גרם,false,0,13.80,18.40,true,1,
7290000345291,false,תה ארל גרי 1.5/ 25 שקיקים ויסוצקי,תה ויסוצקי (ישראל) בעמ,IL,תה ארל גריי,גרמים,37.00,100 גרם,false,0,18.20,49.19,true,1,
7290000345307,false,תה ארל גרי 1.5/ 50 שקיקים ויסוצקי,תה ויסוצקי (ישראל) בעמ,IL,תה ארל גריי 50שק,גרמים,75.00,100 גרם,false,0,32.90,43.87,true,1,
7290000345536,false,תה נענע 1.5/ 25 שקיקים ויסוצקי,תה ויסוצקי (ישראל) בעמ,IL,תה נענע,גרמים,37.00,100 גרם,false,0,19.90,53.78,true,1,
7290000346021,false,חליטת קמומיל הגן הקסום ויסוצקי 50 יחידות,תה ויסוצקי (ישראל) בעמ,IL,חליטת קמומיל,גרמים,75.00,100 גרם,false,0,36.90,49.20,true,1,
7290000346120,false,חליטת קינמון הגן הקסום ויסוצקי 25 יחידות,תה ויסוצקי (ישראל) בעמ,IL,חליטת קינמון,גרמים,62.00,100 גרם,false,0,19.90,32.10,true,1,
7290000346205,false,חליטת קמומיל הגן הקסום ויסוצקי 25 יחידות,תה ויסוצקי (ישראל) בעמ,IL,חליטת קמומיל,גרמים,37.00,100 גרם,false,0,19.90,53.78,true,1,
7290000346236,false,חליטת לואיזה וורבנה הגן הקסום ויסוצקי 25 יחידות,תה ויסוצקי (ישראל) בעמ,IL,תה לואיזה וורבנה,גרמים,50.00,100 גרם,false,0,19.90,39.80,true,1,
7290000347738,false,תה ירוק בתוספת עלי נענע 25 שקיקים,תה ויסוצקי (ישראל) בעמ,IL,תה ירוק נענע,גרמים,37.00,100 גרם,false,0,26.90,72.70,true,1,
7290000347752,false,תה ירוק לימונית ולואיזה 25 שקיקים *1.5 ג'' ויסוצקי,תה ויסוצקי (ישראל) בעמ,IL,תה ירוק לימונית,גרמים,37.00,100 גרם,false,0,26.90,72.70,true,1,
7290000364872,false,נקניקיות עוף טירת צבי (400 גרם),טיב טירת צבי 2000,IL,נקניקיות עוף,גרמים,400.00,100 גרם,false,0,14.90,3.73,true,1,
7290000377445,false,נש צ'אנס קליית גת 200 גרם,ליימן שליסל בעמ,IL,נאש צ'אנס,גרמים,200.00,100 גרם,false,0,9.90,4.95,true,1,
7290000379258,false,"חלה מתוקה קונדטוריה ארוזה ""אנג'ל""",מאפיית שלמה א. אנג'\ל בע,IL,חלת קונדיטוריה,גרמים,500.00,100 גרם,false,0,15.90,3.18,true,1,
7290000408316,false,יוגורט דנונה דל לקטוז 200 גרם,שטראוס גרופ בעמ/מצונן,IL,יוגורט ביו 3%,גרמים,200.00,100 גרם,false,0,3.70,1.85,true,1,
7290000408354,false,יוגורט עם אורז מצופה שוקולד קקאו 175 ג' דנונה,שטראוס גרופ בעמ/מצונן,IL,דנונה בר פצפוצים,גרמים,173.00,100 גרם,false,0,4.80,2.77,true,1,
7290000416021,false,ממרח בטעם שוקולד השחר העולה (500 גרם),השחר העולה תעשית ממתקים בעמ,IL,ממרח השחר,גרמים,500.00,100 גרם,false,0,14.90,2.98,true,1,
7290000416618,false,"ממרח שוקולד פרווה השחר 400 גרם כשל""פ",השחר העולה תעשית ממתקים בעמ,IL,ממרח בטעם שוקולד,גרמים,400.00,100 גרם,false,0,13.90,3.48,true,1,
7290000446936,false,ציפוי עדיף מפתיתי קורנפלקס טחון דק בטר אנד דיפרנט 300 גרם,בטר אנד דיפרנט בעמ,IL,ציפוי עדיף דק,גרמים,300.00,100 גרם,false,0,12.90,4.30,true,1,
7290000449128,false,סיף פנטסטיק לימון ניקוי רב תכליתי 4ל',יוניליוור ישראל שיווק בע`מ,IL,פנטסטיק לניקוי,ליטרים,4.00,ליטר,false,0,25.10,6.28,true,1,
7290000453125,false,שמרית שמרים טריים לאפיה +משפר אפיה 100ג,שטראוס גרופ בעמ/מצונן,IL,שמרית+ משפר אפיה,גרמים,100.00,100 גרם,false,0,8.90,8.90,true,1,
7290000453408,false,בצק פיצה דק מצונן ומוכן לאפייה שמרית 415 גרם,שטראוס גרופ בעמ/מצונן,FR,בצק פיצה מצונן,גרמים,415.00,100 גרם,false,1,18.50,4.46,true,1,
7290000453415,false,בצק עלים מצונן ומוכן לאפייה שמרית 300 גרם,שטראוס גרופ בעמ/מצונן,FR,בצק עלים מצונן,גרמים,300.00,100 גרם,false,1,16.90,5.63,true,1,
7290000461625,false,בייגלה שמיניות מלח בייגל בייגל 400 ג',יוניליוור ישראל שיווק בע`מ,IL,בייגלה שמיניות,גרמים,400.00,100 גרם,false,0,12.20,3.05,true,1,
7290000461700,false,בייגלה שמיניות גדולות מלוחות 400 גרם,יוניליוור ישראל שיווק בע`מ,IL,בייגלה גדול,גרמים,400.00,100 גרם,false,0,14.90,3.73,true,1,
7290000462172,false,סחוג זחוק ירוק תימני חריף זהבי (150 גרם),שטראוס גרופ בעמ/מצונן,IL,סחוג זהבי ירוק,גרמים,150.00,100 גרם,false,0,8.90,5.93,true,1,
7290000467320,false,מלך החומוס אבו מרוואן 400 גרם,קבוצת אוסם סחר שותפות מוגבלת,IL,מלך החומוס צבר,גרמים,400.00,100 גרם,false,0,14.90,3.73,true,1,
7290000469638,false,"ספריי לגיהוץ קל מריטו 500 מ""ל",בולטון מניטובה,IT,מריטו לגיהוץ קל,מיליליטרים,500.00,"100 מ""ל",false,0,24.40,4.88,true,1,
7290000480107,false,קוואקר שיבולת שועל פחית 500 גרם,שטראוס פריטו ליי בעמ,GB,קוואקר שיבולת,גרמים,500.00,100 גרם,false,0,15.00,3.00,true,1,
7290000480442,false,קוואקר שיבולת שועל בשקית 500 גרם,שטראוס פריטו ליי בע`מ,IL,קוואקר,גרמים,500.00,100 גרם,false,0,14.80,2.96,true,1,
7290000483139,false,מרציפן גולמי המרשלג 100 גרם,"המרשלג פרלינס בע""מ",IL,מרציפן,גרמים,100.00,100 גרם,false,0,11.30,11.30,true,1,
7290000483412,false,קישוטי עוגה טיפטופים,המרשלג פרלינס בעמ,IL,טפטופים לעוגה,גרמים,60.00,100 גרם,false,0,16.30,27.17,true,1,
7290000484747,false,"ארק עלית 700 מ""ל 40% יקב הגליל*",יקב הגליל יוסף גולד ובניו,IL,עלית הארק,מיליליטרים,700.00,"100 מ""ל",false,1,59.90,8.56,true,1,
7290000493176,false,אסם אבקת רוטב צלי לבשר 22 ג',קבוצת אוסם סחר שותפות מוגבלת,IL,רוטב צלי לבשר,גרמים,22.00,100 גרם,false,0,4.70,21.36,true,1,
7290000493183,false,אבקת רוטב פטריות לבשר-30 גרם,קבוצת אוסם סחר שותפות מוגבלת,IL,רוטב פטריות,גרמים,30.00,100 גרם,false,0,4.00,13.33,true,1,
7290000497044,false,לחם אקטיב ברמן (750 גרם),מאפית י את א ברמן בע,IL,לחם ברמן אקטיב,גרמים,750.00,100 גרם,false,0,17.50,2.33,true,1,
7290000497204,false,פיתות בשקית חמישיה. ברמן,מאפית י את א ברמן בע,IL,פיתות ברמן 5 יח,גרמים,500.00,100 גרם,false,0,9.50,1.90,true,1,
7290000497228,false,לחמניה רגילה בשקית ברמן 6יח',מאפית י את א ברמן בע,IL,6 לחמניות בשקית,גרמים,450.00,100 גרם,false,0,12.50,2.78,true,1,
7290000497303,false,"שישיית לחמניות מקמח מלא ""ברמן""",מאפית י את א ברמן בע,IL,6לחמניות קמח מלא,גרמים,450.00,100 גרם,false,0,13.50,3.00,true,1,
7290000497358,false,חלומית חלה מתוקה קלועה ברמן (500 גרם),מאפית י את א ברמן בע,IL,חלומית חלה מתו,גרמים,500.00,100 גרם,false,0,13.90,2.78,true,1,
7290000497532,false,לחם ברמן לעניין פרוס ברמן (750 גרם),מאפית י את א ברמן בע,IL,לחם ברמן לענין,גרמים,750.00,100 גרם,false,0,14.90,1.99,true,1,
7290000497570,false,לחם דגנים פלוס ברמן 500 גרם,מאפית י את א ברמן בע,IL,לחם דגנים פלוס,גרמים,500.00,100 גרם,false,0,16.50,3.30,true,1,
7290000498058,false,חלה כוסמין חלומית כוסמין חלה מתוקה 500 ג,מאפיית י.את א. ברמן בעמ,IL,חלה כוסמין,גרמים,500.00,100 גרם,false,1,17.90,3.58,true,1,
7290000498164,false,לחמניה ארוכה/חצי בגט,מאפית ברמן,IL,לחמניה ארוכה,יחידה,1.00,יחידה,false,0,3.90,3.90,true,1,
7290000504049,false,סוכרזית קלאסי קנקן 1200 טבליות,אף.סי תבליני בגליל ב,IL,סוכרזית טבליות,גרמים,98.00,100 גרם,false,0,21.90,22.35,true,1,
7290000504209,false,"סוכרזית דיאט טיפ נוזלי 220 מ""ל",אף.סי תבליני בגליל ב,IL,נוזל של סוכרזית,מיליליטרים,220.00,"100 מ""ל",false,0,17.90,8.14,true,1,
7290000504278,false,ממתיק סוכרזית אריזת פטנט 700 טבליות,אף.סי תבליני בגליל ב,IL,סוכרזית טבליות,גרמים,57.00,100 גרם,false,0,17.90,31.40,true,1,
7290000518220,false,ממתיק סוכרה דיאט 100 יחידות,מתוק וקל בעמ,IL,סוכרה דיאט,גרמים,80.00,100 גרם,false,1,29.90,37.38,true,1,
7290000521008,false,יין אדום יבש של סגל (750 מל),"כרמי צבי - אחים סגל בע""\",IL,יין סגל אדום,מיליליטרים,750.00,"100 מ""ל",false,0,21.90,2.92,true,1,
7290000523125,false,מלח הארץ הים האדום 250 ג' עדין,"חברת מלח הארץ אילת בע""\מ",IL,מלח ים יבש,גרמים,250.00,100 גרם,false,0,6.70,2.68,true,1,
7290000523224,false,מלח הארץ הים האדום 500 ג' עדין,"חברת מלח הארץ אילת בע""\מ",IL,מלח ים דק,גרמים,500.00,100 גרם,false,0,8.40,1.68,true,1,
7290000523804,false,"מלח עדין צנצנת 1 ק""ג מלח הארץ","חברת מלח הארץ אילת בע""\מ",IL,מלח הארץ עדין,קילוגרמים,1.00,"ק""ג",false,0,7.30,7.30,true,1,
7290000523811,false,"צנצנת מלח גס 1 ק""ג מלח הארץ","חברת מלח הארץ אילת בע""\מ",IL,מלח הארץ גס,קילוגרמים,1.00,"ק""ג",false,0,7.30,7.30,true,1,
7290000525969,false,מיץ תפוזים סחוט רכיבים טבעיים פרימור 1 ליטר,שטראוס גרופ בעמ/מצונן,IL,מיץ תפוזים סחוט,ליטרים,1.00,ליטר,false,0,17.20,17.20,true,1,
7290000530413,false,המבורגר זהב זוגלובק 400 גרם,נקניק נהריה כשר זוגל,IL,המבורגר זהב,גרמים,400.00,100 גרם,false,0,22.90,5.73,true,1,
7290000530598,false,נקניקיות עוף וינר זוגלובק 500 גרם,נקניק נהריה כשר זוגל,IL,נקניקיות וינר,גרמים,500.00,100 גרם,false,0,18.30,3.66,true,1,
7290000530703,false,פסטרמה חרמון כפרית ונקניק תה מעושן זוגלובק 2*400 גרם,נקניק נהריה כשר זוגל,IL,מארז חרמון+תה,גרמים,800.00,100 גרם,false,0,34.40,4.30,true,1,
7290000537566,false,נקניקיות עוף טרי 400 ג' זוגלובק,נקניק נהריה כשר זוגל,IL,נקניקיות עוף,גרמים,400.00,100 גרם,false,0,13.90,3.48,true,1,
7290000552927,false,בשר עוף קפוא טחון טיבון ויל (500 גרם),"טיבון ויל אחזקות בע""\מ",IL,טחון עוף קפוא,גרמים,500.00,100 גרם,false,0,16.50,3.30,true,1,
7290000552989,false,בשר טחון טיבון ויל 500 גרם,"טיבון ויל אחזקות בע""\מ",IL,בשר טחון מובחר,גרמים,500.00,100 גרם,false,0,31.90,6.38,true,1,
7290000554402,false,מעדן חלב מלבי גד (160 גרם),מחלבות גד שיווק 1992 בעמ,IL,מלבי,גרמים,160.00,100 גרם,false,0,6.00,3.75,true,1,
7290000554457,false,גבינה צפתית 5% 350 גרם - רבנות,מחלבות גד שיווק 1992 בעמ,IL,גבינה צפתית5%,גרמים,350.00,100 גרם,false,0,22.50,6.43,true,1,
7290000554471,false,נקניק מוצרלה 22 אחוז 180גרם גד מהדרין,מחלבות גד שיווק 1992 בעמ,IL,גבינת מוצרלה 22%,גרמים,180.00,100 גרם,false,0,18.50,10.28,true,1,
7290000554532,false,גבינה צפתית מעודנת במלח ים 5% 200 ג' גד,מחלבות גד שיווק 1992 בעמ,IL,צפתית מעודנת 5%,גרמים,200.00,100 גרם,false,0,15.90,7.95,true,1,
7290000554600,false,מוצרלה מגורדת 22 אחוז 300גרם גד מהדרין,מחלבות גד שיווק 1992 בעמ,IL,מוצרלה מגורדת,גרמים,300.00,100 גרם,false,0,25.50,8.50,true,1,
7290000554624,false,ירח מתוק מעדן חלב עם אורז 3% גד 150 גרם,מחלבות גד שיווק 1992 בעמ,IL,מעדן חלב ואורז,גרמים,150.00,100 גרם,false,0,6.00,4.00,true,1,
7290000554686,false,גבינת לאבנה בתוספת שמן זית וזעתר 5% גד 250 גרם,מחלבות גד שיווק 1992 בעמ,IL,לאבנה בשמן זית5%,גרמים,250.00,100 גרם,false,0,15.50,6.20,true,1,
7290000554822,false,ריקוטה גבינה לבנה בסגנון איטלקי 5% גד 250 גרם,מחלבות גד שיווק 1992 בעמ,IL,גבינת ריקוטה 5%,גרמים,250.00,100 גרם,false,0,15.90,6.36,true,1,
7290000554839,false,מסקרפונה שמנת מתוקה קשה בסגנון איטלקי 40% גד 250 גרם,מחלבות גד שיווק 1992 בעמ,IL,גבינה מסקרפונה,גרמים,250.00,100 גרם,false,0,21.90,8.76,true,1,
7290000560533,false,אדג`פרו ג`ל לגילוח רגיל ירוק 220 מל,אס.סי ג'ונסון ובניו,US,אדג' ג'ל לגילוח,גרמים,198.00,100 גרם,false,0,16.90,8.54,true,1,
7290000571386,false,המחלבה יוגורמה יוגורט מחלב כבשים 5% 850 גרם,גבינות משק אחים מאיר בית,IL,יוגורמה 5%,גרמים,850.00,100 גרם,false,0,27.90,3.28,true,1,
7290000571393,false,המחלבה יוגורמה יוגורט מחלב כבשים 5% 140 גרם,מחלבות גד שיווק 1992 בעמ,IL,יוגורמה,גרמים,140.00,100 גרם,false,0,6.50,4.64,true,1,
7290000571478,false,גבינת עיזים תום פרוסה המחלבה (200 גרם),גבינות משק אחים מאיר בית,IL,גבינת תום עיזים,גרמים,200.00,100 גרם,false,0,40.40,20.20,true,1,
7290000572628,false,חלבה חטיף לייט 25 ג* 11יח קופ`שי אחוה,אחדות ביחר לטחינה חל,IL,חטיף חלווה לייט,גרמים,275.00,100 גרם,false,0,13.50,4.91,true,1,
7290000604039,false,ביצים בינוניות M תנובה 12 יחידות,תנובה,,ביצים M 12 יח',יחידה,1.00,יחידה,false,0,11.15,11.15,true,1,
7290000652542,false,פילה אמנון 5-7 100% דג- תנובה,תנובה קפואים,IL,פילה אמנון קפוא,קילוגרמים,0.00,"ק""ג",true,1,37.90,37.90,true,1,
7290000663135,false,קוביות סלומון קפוא 100% דג 300 גרם תנובה,תנובה מרכז שיתופי לשיווק תוצרת,CL,קוביות סלמון קפו,גרמים,300.00,100 גרם,false,1,32.90,10.97,true,1,
7290000688374,false,מים מינרלים סמיילי מי עדן (330X6מל),יפאורה שותפות מוגבלת לשיווק,IL,מי עדן בייבי 6יח,ליטרים,1.50,ליטר,false,0,16.90,11.27,true,1,
7290000688381,false,מים מינרלים פקק ספורט מי עדן (500x6 מל),יפאורה שותפות מוגבלת לשיווק,IL,מי עדן אישי 6 בק,ליטרים,3.00,ליטר,false,0,15.90,5.30,true,1,
7290000692210,false,נוזל לניקוי כללי ורצפות בניחוח לבנדר אג'קס 2 ליטר,הנסיך- מפעל לייצור ט,GR,אג'קס ניקוי כללי,ליטרים,2.00,ליטר,false,0,24.90,12.45,true,1,
7290000961491,true,נבטי ברוקולי יחידה,קטיף,IL,נבטי ברוקולי,יחידה,1.00,יחידה,false,0,8.90,8.90,true,1,
7290000961552,true,פלפל כתום,קטיף.,IL,פלפל כתום,קילוגרמים,0.00,"ק""ג",true,0,10.90,10.90,true,1,
7290000961606,true,שורש ג'ינגר במשקל,קטיף.,XX,שורש גינגר,קילוגרמים,0.00,"ק""ג",true,0,31.90,31.90,true,1,
7290000962474,true,חציל בלדי,קטיף.,IL,חציל בלדי,קילוגרמים,0.00,"ק""ג",true,0,9.90,9.90,true,1,
7290000962535,true,רוזמרין יחידה,קטיף.,IL,רוזמרין יחידה,יחידה,1.00,יחידה,false,0,6.90,6.90,true,1,
7290000962559,true,קורנית יחידה,קטיף.,IL,קורנית יחידה,יחידה,1.00,יחידה,false,0,6.90,6.90,true,1,
7290000962573,true,אורגנו יחידה,קטיף.,IL,אורגנו יחידה,יחידה,1.00,יחידה,false,0,6.90,6.90,true,1,
7290000962580,true,מרווה יחידה,קטיף,IL,מרווה יחידה,יחידה,1.00,יחידה,false,0,6.90,6.90,true,1,
7290000963136,true,תפוח עץ מוזהב 65,קטיף.,XX,תפוח עץ מוזהב,קילוגרמים,0.00,"ק""ג",true,0,11.90,11.90,true,1,
7290000963228,true,תפוח עץ יונתן 65,קטיף.,XX,תפוח יונתן,קילוגרמים,0.00,"ק""ג",true,0,11.90,11.90,true,1,
7290000963297,true,תפוח עץ סטרקינג 65,קטיף.,XX,תפוח סטרקינג,קילוגרמים,0.00,"ק""ג",true,0,11.90,11.90,true,1,
7290000963310,true,תפוח עץ קנזי יבוא,קטיף.,IT,"תפו""ע קנזי",קילוגרמים,0.00,"ק""ג",true,0,15.90,15.90,true,1,
7290000963372,true,תפוח עץ פינקריספי 70,קטיף.,XX,תפוח עץ פינקריספ,קילוגרמים,0.00,"ק""ג",true,0,16.90,16.90,true,1,
7290000963419,true,תפוח עץ גאלה 65,קטיף.,XX,תפוח עץ גאלה,קילוגרמים,0.00,"ק""ג",true,0,11.90,11.90,true,1,
7290000963518,true,תפוח עץ סמיט 70,קטיף.,XX,תפוח עץ סמיט,קילוגרמים,0.00,"ק""ג",true,0,11.90,11.90,true,1,
7290000964096,true,אפרסמון קרמבו,קטיף.,IL,אפרסמון קרמבו,קילוגרמים,0.00,"ק""ג",true,0,14.90,14.90,true,1,
7290000964300,true,תפוז,קטיף.,IL,תפוז,קילוגרמים,0.00,"ק""ג",true,0,6.90,6.90,true,1,
7290000964348,true,תפוז ברשת למיץ,קטיף.,IL,תפוז ברשת למיץ,קילוגרמים,0.00,"ק""ג",true,0,5.90,5.90,true,1,
7290000964362,true,פומלה לבנה,קטיף.,IL,פומלה לבנה,קילוגרמים,0.00,"ק""ג",true,0,7.90,7.90,true,1,
7290000964379,true,אשכולית לבנה,קטיף.,IL,אשכולית לבנה,קילוגרמים,0.00,"ק""ג",true,0,6.90,6.90,true,1,
7290000964393,true,אשכולית אדומה,קטיף.,IL,אשכולית אדומה,קילוגרמים,0.00,"ק""ג",true,0,6.90,6.90,true,1,
7290000964423,true,פומלה אדומה,קטיף.,IL,פומלה אדומה,קילוגרמים,0.00,"ק""ג",true,0,7.90,7.90,true,1,
7290000964461,true,פומלית,קטיף.,IL,פומלית,קילוגרמים,0.00,"ק""ג",true,0,6.90,6.90,true,1,
7290000964492,true,לימון תפזורת,קטיף.,IL,לימון,קילוגרמים,0.00,"ק""ג",true,0,7.90,7.90,true,1,
7290000964508,true,תפוז גדול,קטיף.,IL,תפוזים מובחרים,קילוגרמים,0.00,"ק""ג",true,0,6.90,6.90,true,1,
7290000964560,true,קלמנטינה,קטיף.,IL,קלמנטינה,קילוגרמים,0.00,"ק""ג",true,0,6.90,6.90,true,1,
7290000964775,true,בננות,קטיף.,IL,בננה,קילוגרמים,0.00,"ק""ג",true,0,7.90,7.90,true,1,
7290000964829,true,אגס ספדונה 55,קטיף.,IL,אגס ספדונה,קילוגרמים,0.00,"ק""ג",true,0,13.90,13.90,true,1,
7290000964980,true,אבוקדו,קטיף.,IL,אבוקדו,קילוגרמים,0.00,"ק""ג",true,0,11.90,11.90,true,1,
7290000965031,true,אבטיח במיכל,קטיף.,IL,אבטיח,קילוגרמים,0.00,"ק""ג",true,0,6.90,6.90,true,1,
7290000965048,true,אבטיח אישי בארגז,קטיף.,IL,אבטיח אישי,קילוגרמים,0.00,"ק""ג",true,0,6.90,6.90,true,1,
7290000965055,true,מלון מובחר,קטיף.,IL,מלון מובחר,קילוגרמים,0.00,"ק""ג",true,0,7.90,7.90,true,1,
7290000965154,true,פיטאיה,קטיף.,IL,פיטאיה,קילוגרמים,0.00,"ק""ג",true,0,39.90,39.90,true,1,
7290000966250,true,ענב יבוא אדום ארוז,קטיף.,IL,ענב יבוא אדום,קילוגרמים,0.00,"ק""ג",true,0,27.90,27.90,true,1,
7290000966328,true,אפרסמון סיני65,קטיף.,IL,אפרסמון סיני,קילוגרמים,0.00,"ק""ג",true,0,12.90,12.90,true,1,
7290000966434,true,מנגו,קטיף.,IL,מנגו,קילוגרמים,0.00,"ק""ג",true,0,6.90,6.90,true,1,
7290000966540,true,תאנים טריות,קטיף.,IL,תאנים טריות,קילוגרמים,0.00,"ק""ג",true,0,29.90,29.90,true,1,
7290000966564,true,רימון,קטיף.,IL,רימון,קילוגרמים,0.00,"ק""ג",true,0,8.90,8.90,true,1,
7290000966618,true,גויאבות,קטיף.,IL,גויאבות,קילוגרמים,0.00,"ק""ג",true,0,19.90,19.90,true,1,
7290000966656,true,קיווי מובחר שקיל,קטיף.,IL,קיווי,קילוגרמים,0.00,"ק""ג",true,0,13.90,13.90,true,1,
7290000966670,true,אנונה,קטיף.,IL,אנונה,קילוגרמים,0.00,"ק""ג",true,0,20.90,20.90,true,1,
7290000967684,true,בננה מובחרת,קטיף.,IL,בננה מובחרת,קילוגרמים,0.00,"ק""ג",true,0,7.90,7.90,true,1,
7290000982113,true,עגבניה מגי מובחרת ארוזה,קטיף.,IL,עגבניה מגי מובחר,קילוגרמים,0.00,"ק""ג",true,1,15.90,15.90,true,1,
7290000982939,true,כרישה )לוף( יחידה,קטיף.,IL,כרישה )לוף(,יחידה,1.00,יחידה,false,0,9.90,9.90,true,1,
7290000992563,true,דלעת ערמונים,קטיף.,IL,דלעת ערמונים,קילוגרמים,0.00,"ק""ג",true,0,14.90,14.90,true,1,
7290000992839,true,מלון גולדן סוויט-צהוב,קטיף.,IL,מלון גולדן סוויט,קילוגרמים,0.00,"ק""ג",true,0,7.90,7.90,true,1,
7290000993560,true,עגבניות שרי שוקו יחידה,קטיף.,IL,שרי שוקו,גרמים,480.00,100 גרם,false,0,10.90,2.27,true,1,
7290000995441,true,קייל - יחידה,קטיף.,IL,קייל,גרמים,250.00,100 גרם,false,0,12.90,5.16,true,1,
7290001045169,false,מיץ תפוחי עץ צלול פרימור 1 ליטר,שטראוס גרופ בעמ/מצונן,IL,מיץ תפוחים צלול,ליטרים,1.00,ליטר,false,0,17.20,17.20,true,1,
7290001045633,false,פרימור מיץ לימון ונענע סחוט טרי 400מל,שטראוס גרופ בעמ/מצונן,IL,משקה לימונענע,מיליליטרים,400.00,"100 מ""ל",false,1,10.40,2.60,true,1,
7290001045688,false,"מיץ תפוזים סחוט פרימור 400 מ""ל",שטראוס גרופ בעמ/מצונן,IL,מיץ תפוזים סחוט,מיליליטרים,400.00,"100 מ""ל",false,1,10.30,2.58,true,1,
7290001216040,false,טחינה גולמית שומשום טהור אל ארז 500 גרם,אגס ירוק מסחר ושירותים,IL,טחינה גולמית,גרמים,500.00,100 גרם,false,0,18.90,3.78,true,1,
7290001216231,false,טחינה גולמית שומשום מלא אל ארז 500 גרם,אגס ירוק מסחר ושירותים,IL,טחינה מלאה,גרמים,500.00,100 גרם,false,0,20.00,4.00,true,1,
7290001230331,false,כאמל בוקס קופסא בודד,Unknown,CH,כאמל צהוב קצר,יחידה,1.00,יחידה,false,0,32.50,32.50,false,1,
7290001230739,false,כאמל כחול חפיסה חפיסה,Unknown,CH,כאמל כחול,יחידה,1.00,יחידה,false,0,32.50,32.50,false,1,
7290001231932,false,ווינסטון כחול בוקס חפיסה,Unknown,CH,וינסטון כחול קצר,יחידה,1.00,יחידה,false,0,32.50,32.50,false,1,
7290001235938,false,וינסטון כחול ארוך חפיסה,Unknown,CH,וינסטון כחול ארו,יחידה,1.00,יחידה,false,0,32.50,32.50,false,1,
7290001247082,false,מיץ עגבניות רכיבים טבעיים ספרינג 1 ליטר,יפאורה שותפות מובגלת לשיווק,IL,נקטר עגבניות,ליטרים,1.00,ליטר,false,0,7.20,7.20,true,1,
7290001247099,false,קרטונית נקטר ספרינג מנגו 1 ליטר,יפאורה שותפות מובגלת לשיווק,IL,נקטר ספרינג מנגו,ליטרים,1.00,ליטר,false,0,7.60,7.60,true,1,
7290001247112,false,קרטונית נקטר ספרינג לימונענע 1 ליטר,יפאורה שותפות מובגלת לשיווק,IL,משקה לימונענע,ליטרים,1.00,ליטר,false,0,7.60,7.60,true,1,
7290001247129,false,נקטר ספרינג תפוזים קרטונית 1 ל',יפאורה שותפות מובגלת לשיווק,IL,נקטר ספרינג תפוז,ליטרים,1.00,ליטר,false,0,7.60,7.60,true,1,
7290001247143,false,קרטונית נקטר ספרינג תפוחים 1 ליטר,יפאורה שותפות מובגלת לשיווק,IL,נקטר ספרינג תפוח,ליטרים,1.00,ליטר,false,0,7.60,7.60,true,1,
7290001247730,false,"נקטר ספרינג בטעם מנגו פחית 330 מ""ל",יפאורה שותפות מוגבלת לשיווק,IL,ספרינג מנגו,מיליליטרים,330.00,"100 מ""ל",false,0,6.80,2.06,true,1,
7290001247891,false,"ספריגנ נקטר אפרסקים פחית 330 מ""ל",יפאורה שותפות מוגבלת לשיווק,IL,ספרינג פחית,מיליליטרים,330.00,"100 מ""ל",false,0,6.80,2.06,true,1,
7290001312995,false,בגט 280 גרם,גידרון,IL,באגט,יחידה,1.00,יחידה,false,0,5.20,5.20,true,1,
7290001407844,false,חלבה קלאסית בטעם וניל בארכה 350 גרם,קבוצת אוסם סחר שותפות מוגבלת,IL,חלבה וניל,גרמים,350.00,100 גרם,false,0,17.90,5.11,true,1,
7290001407936,false,בארכה-טחינה גולמית מעודנת בקבוק לחיץ 310 ג',קבוצת אוסם סחר שותפות מוגבלת,IL,טחינה מעודנת,גרמים,310.00,100 גרם,false,1,13.90,4.48,true,1,
7290001491096,false,תה ירוק בתוספת לימונית ולואיזה 50 שקיקים ויסוצקי,תה ויסוצקי (ישראל) בעמ,IL,תה ירוק לימונית,גרמים,75.00,100 גרם,false,0,48.50,64.67,true,1,
7290001594025,false,קוקה קולה בקבוק זכוכית,החברה המרכזית להפצת משקאות בעמ,IL,קוקה קולה קלאסי,מיליליטרים,350.00,"100 מ""ל",false,0,7.50,2.14,true,1,
7290001594155,false,"קוקה-קולה בבקבוק אישי 500 מ""ל",החברה המרכזית להפצת משקאות בעמ,IL,קוקה קולה,מיליליטרים,500.00,"100 מ""ל",false,0,8.50,1.70,true,1,
7290001594230,false,קינלי סודה בבקבוק זכוכית,החברה המרכזית להפצת משקאות בעמ,IL,משקה סודה,מיליליטרים,250.00,"100 מ""ל",false,0,4.00,1.60,true,1,
7290001594391,false,"פריגת משקה קל ענבים בבקבוק אישי 500 מ""ל",החברה המרכזית להפצת משקאות בעמ,IL,פריגת ענבים,מיליליטרים,500.00,"100 מ""ל",false,0,7.70,1.54,true,1,
7290001594520,false,"בירה טובורג רד בקבוק 330 מ""ל",החברה המרכזית להפצת משקאות בעמ,IL,בירה טובורג,מיליליטרים,330.00,"100 מ""ל",false,0,8.80,2.67,true,1,
7290001594568,false,בירה בפחית קרלסברג (500 מל),החברה המרכזית להפצת משקאות בעמ,RO,בירה קרלסברג פח,מיליליטרים,500.00,"100 מ""ל",false,0,9.90,1.98,true,1,
7290001594575,false,בירה בפחית רד טובורג (500 מל),החברה המרכזית להפצת משקאות בעמ,IL,בירה טובורג פחית,מיליליטרים,500.00,"100 מ""ל",false,0,9.90,1.98,true,1,
7290001594858,false,מארז שישייה בירה טובורג רד (330x6 מל),החברה המרכזית להפצת משקאות בעמ,IL,טובורג רד 6 יח,ליטרים,1.98,ליטר,false,0,32.90,16.61,true,1,
7290001594865,false,"שישייה בירה קרלסברג בקבוק 330 מ""ל",החברה המרכזית להפצת משקאות בעמ,IL,בירה קרלסברג 6יח,ליטרים,1.98,ליטר,false,0,32.90,16.62,true,1,
7290001598429,false,פרנה מרוקאית חמשת 4,מאפיית יוסף ברון בעמ,IL,פרנה מרוקאית,גרמים,520.00,100 גרם,false,1,13.90,2.67,true,1,
7290001598528,false,לחם כוסמין 100% 450ג' הברון,מאפיית יוסף ברון בעמ,IL,לחם כוסמין מלא,גרמים,450.00,100 גרם,false,1,18.90,4.20,true,1,
7290001598573,false,לחמניות כוסמין 5 יח 99 קלוריות,מאפיית יוסף ברון בעמ,IL,לחמניות כוסמין,גרמים,315.00,100 גרם,false,1,16.90,5.37,true,1,
7290001598580,false,פיתות כוסמין 6יח 99 קלוריות,מאפיית יוסף ברון בעמ,IL,פיתות כוסמין מלא,גרמים,372.00,100 גרם,false,1,17.90,4.81,true,1,
7290001780428,false,מאגדת גלידת לייט שוקולד נסטלה 6יח' 312ג',נגה גלידות שותפות מוגבלת,IL,מארז גלידיאט,גרמים,360.00,100 גרם,false,0,32.90,9.14,true,1,
7290001780800,false,שלגון קראנץ שוקולד ליבת נוגט נסטלה 100 גרם,נגה גלידות שותפות מוגבלת,IL,קראנץ נוגט,יחידה,1.00,יחידה,false,0,11.00,11.00,true,1,
7290001817728,false,צ'יטוס אפוי כאפה בטעם קטשופ 55 גרם,"שטראוס פריטו ליי בע""\מ )",IL,צ'יטוס כפאה,גרמים,55.00,100 גרם,false,0,3.60,6.55,true,1,
7290001842959,false,סטייק סינטה דק טרי קג,,IL,סטייק סינטה דק ט,קילוגרמים,0.00,"ק""ג",true,1,139.90,139.90,true,1,
7290001875308,false,חזה עוף טרי פרימיום קג,עוף עוז,IL,חזה פרימיום ע.טר,קילוגרמים,0.00,"ק""ג",true,1,39.90,39.90,true,1,
7290001875315,false,שניצל דק טרי פרימיום קג,עוף עוז,IL,שניצל דק פרימיום,קילוגרמים,0.00,"ק""ג",true,1,44.90,44.90,true,1,
7290001875322,false,פילה עוף טרי פרימיום קג,עוף עוז,IL,פילה פרמיום טרי,קילוגרמים,0.00,"ק""ג",true,1,49.90,49.90,true,1,
7290001875339,false,כנפיים עוף טרי פרימיום ק,עוף עוז,IL,כנפיים -פרמיום ט,קילוגרמים,0.00,"ק""ג",true,1,14.90,14.90,true,1,
7290001875346,false,כרעיים עוף טרי פרימיום ק,עוף עוז,IL,כרעיים פרימיום ט,קילוגרמים,0.00,"ק""ג",true,1,34.90,34.90,true,1,
7290001875353,false,שוקיים עוף טרי פרימיום ק,עוף עוז,IL,שוקיים פרמיום טר,קילוגרמים,0.00,"ק""ג",true,1,37.90,37.90,true,1,
7290001875377,false,פרגיות עוף טרי פרימיום ק,עוף עוז,IL,פרגיות פרימיום,קילוגרמים,0.00,"ק""ג",true,1,69.90,69.90,true,1,
7290001902776,false,לחמנית עם דגנים קפוא,"גידרון תעשיות בע""מ",IL,לחמנית עם דגנים,יחידה,1.00,יחידה,false,0,5.50,5.50,true,1,
7290001990148,false,"סוכר גולדן קלאסי בצנצנת 1 ק""ג סוגת",האי נאם סי או אל.טי.,IL,סוכר גולדן,קילוגרמים,1.00,"ק""ג",false,0,13.90,13.90,true,1,
7290002008040,false,שיפודי במבוק הנמל 100 יחידות,הנמל אריזות ושיווק (1984) בעמ,IL,מקלות לשיפודים,יחידה,1.00,יחידה,false,0,3.90,3.90,true,1,
7290002008224,false,סוכריות לקישוט צבעונית הנמל 100 ג',הנמל אריזות ושיווק 1984 בע`מ,IL,סוכריות לקישוט,גרמים,100.00,100 גרם,false,0,6.20,6.20,true,1,
7290002008934,false,סוכריות צבעוניות לקישוט לעוגה 200 גר,הנמל אריזות ושיווק (1984) בעמ,IL,סוכריות לקישוט,גרמים,200.00,100 גרם,false,0,9.00,4.50,true,1,
7290002008941,false,עוג.מרוקאיות ללא סוכר400,הנמל,IL,עוגיות ללא סוכר,גרמים,400.00,100 גרם,false,0,21.40,5.35,true,1,
7290002019114,false,רוטב עגבניות מרוכז מאד 28-30BX פריניר,ח.כהן סוכנות מזון ומשקאות בע,IL,תרכיז עגבניות,גרמים,580.00,100 גרם,false,0,7.90,1.36,true,1,
7290002019787,false,רוטב עגבניות מרוכז מאוד 260 גרם פריניר,ח.כהן סוכנות מזון ומשקאות בע,IL,רוטב עגבניות,גרמים,260.00,100 גרם,false,0,4.20,1.62,true,1,
7290002019794,false,רוטב עגבניות מרוכז מאוד 100 גרם פריניר,ח.כהן סוכנות מזון ומשקאות בע,IL,רוטב עגבניות,גרמים,100.00,100 גרם,false,0,2.10,2.10,true,1,
7290002020189,false,סופגניה מיני רגילה+ריבה,"גידרון תעשיות בע""מ",IL,סופגניה מיני,גרמים,35.00,100 גרם,false,0,3.90,11.14,true,1,
7290002026440,false,פרצלס בייגלה בראנץ אנד קראנץ 280 ג',מוצרי איכות אמריקאיים בעמ,IL,פרצלס קפוא 280גר,גרמים,280.00,100 גרם,false,0,12.90,4.61,true,1,
7290002037040,false,חלה קלה פרוסה 500 גרם,מאפית י את א ברמן בע,IL,חלה פלוס ודש,גרמים,500.00,100 גרם,false,0,16.50,3.30,true,1,
7290002037309,false,לחמניות המבורגר מאפיית ודש 8),מאפית י את א ברמן בע,IL,8לחמניות המבורגר,גרמים,400.00,100 גרם,false,0,12.50,3.13,true,1,
7290002040019,false,קוסקוס רגיל מזון קוסקוס (350 גרם),הנמל אריזות ושיווק (1984) בעמ,IL,קוסקוס רגיל,גרמים,350.00,100 גרם,false,0,5.90,1.69,true,1,
7290002065555,false,שישיית לחמנייה הכי רכה בהפסקה אנג'ל 450 גרם,מאפיית שלמה א. אנג'\ל בע,IL,6 לחמניות בשקית,גרמים,450.00,100 גרם,false,0,11.90,2.64,true,1,
7290002132011,false,עוגיות מזרחיות עם שומשום עבאדי (400 גר),מאפיית יוסף ושמחה עבאדי,IL,עוגיות מזרחיות,גרמים,400.00,100 גרם,false,0,14.90,3.73,true,1,
7290002139898,false,אנטריקוט עם עצם טרי ארוז,תנובה,IL,סטיק עם עצם טרי,קילוגרמים,0.00,"ק""ג",true,0,139.90,139.90,true,1,
7290002253105,false,שום במגשית 20 שיניים כתושות קפוא 80,קבוצת אוסם סחר-שות.מוגבלת,IL,שום כתוש קפוא,גרמים,80.00,100 גרם,false,0,14.90,18.63,true,1,
7290002253198,false,ג'ינג'ר טרי כתוש במגשית 70 ג' דורות,קבוצת אוסם סחר-שות.מוגבלת,IL,גינג'ר כתוש קפוא,גרמים,70.00,100 גרם,false,0,11.90,17.00,true,1,
7290002281382,false,נתחי סלמון נורווגי דלידג קפוא,נטו מלינדה סחר בע`מ,IL,נתח סלמון פילה,קילוגרמים,0.00,"ק""ג",true,1,89.90,89.90,true,1,
7290002317678,false,חרוזית ירוק צנצנת זכוכית מוטולה,שימורי מוטולה בעמ,IL,זיתים נטול גלעין,גרמים,560.00,100 גרם,false,1,10.90,1.95,true,1,
7290002327912,false,מיני בורקס גבינה 700 גר`שלושת האופים,נטו מלינדה סחר בעמ,IL,מיני בורקס גבינה,גרמים,700.00,100 גרם,false,0,26.90,3.84,true,1,
7290002331124,false,נביעות+ מים מינרליים בטעם תפוח,החברה המרכזית להפצת משקאות בעמ,IL,נביעות תפוח,מיליליטרים,500.00,"100 מ""ל",false,0,7.50,1.50,true,1,
7290002331155,false,מים נביעות בטעם אפרסק 0.5 ליטר,החברה המרכזית להפצת משקאות בעמ,IL,נביעות אפרסק,מיליליטרים,500.00,"100 מ""ל",false,0,7.50,1.50,true,1,
7290002331360,false,"נביעות מים מינרליים טו גו מארז 500X6מ""ל",החברה המרכזית להפצת משקאות בעמ,IL,נביעות ספורט 6יח,ליטרים,3.00,ליטר,false,0,17.90,5.97,true,1,
7290002331421,false,"שישיית מים מינרליים GO TO נביעות 755 מ""ל",החברה המרכזית להפצת משקאות בעמ,IL,נביעות פקק טו גו,ליטרים,4.53,ליטר,false,0,17.90,3.95,true,1,
7290002331483,false,נביעות מים מינרלים שישיה בייבי 330 מ`ל,החברה המרכזית להפצת משקאות בעמ,IL,נביעות בייבי 6יח,ליטרים,1.92,ליטר,false,0,15.90,8.28,true,1,
7290002331711,false,נביעות מים מינרלים בטעם ענבים0.5ליטר,החברה המרכזית להפצת משקאות בעמ,IL,נביעות ענבים,מיליליטרים,500.00,"100 מ""ל",false,0,7.50,1.50,true,1,
7290002345282,false,נתחי פילה סלמון קפוא דלידג,נטו מלינדה סחר בע`מ,IL,נתחי פילה סלמון,קילוגרמים,0.00,"ק""ג",true,1,89.90,89.90,true,1,
7290002353836,false,סרדינים רוברט בשמן זית 115 גרם,קונסרבס פורטוגל נורטה,PT,סרדינים בשמן זית,גרמים,115.00,100 גרם,false,0,9.90,8.61,true,1,
7290002371854,false,נקניקיות עוף חריפות טירת צבי 2 * 500 גרם,תנובה מרכז שיתופי לשיווק תוצרת,IL,נקניקיות עוף,קילוגרמים,1.00,"ק""ג",false,0,25.90,25.90,true,1,
7290002447023,false,מארז קוביות לקדירה א.א ק,תנובה,IL,מארז קוביות א.אד,קילוגרמים,0.00,"ק""ג",true,0,89.90,89.90,true,1,
7290002447085,false,רצועות שווארמה טרי א.א ק,תנובה,IL,רצועות שווארמה,קילוגרמים,0.00,"ק""ג",true,0,89.90,89.90,true,1,
7290002447139,false,מארז רצועות להקפצה א.א ק,תנובה,IL,מארז רצועות א.אד,קילוגרמים,0.00,"ק""ג",true,0,89.90,89.90,true,1,
7290002542780,false,"שישייה בירה סטלה ארטואה בקבוק 330X6 מ""ל","אינבב, ברוורייפליין",BE,סטלה ארטואה 6 יח,ליטרים,1.98,ליטר,false,1,38.90,19.65,true,1,
7290002543046,false,דגני בוקר קלוגס פרוסטיס 750 גרם,דיפלומט מפיצים (1968) בעמ**,ES,פרוסטיס 750 גרם,גרמים,750.00,100 גרם,false,0,21.90,2.92,true,1,
7290002543237,false,דגני בוקר קלוגס קורנפלקס 750 גרם,קלוגס קומפני אוף גרייט ב,GB,קורנפלקס קלוגס,גרמים,750.00,100 גרם,false,0,16.90,2.25,true,1,
7290002551003,false,נתחי טונה בהירה בשמן סטארקיסט (160 גרם),דיפלומט מפיצים (1968) בעמ**,IL,טונה סטארקיסט,גרמים,160.00,100 גרם,false,0,8.20,5.13,true,1,
7290002577492,false,"פילה דג הרינג מלוח בשמן, 340 גרם",מיוצר על ידי קוד יצר,IL,פילה הרינג,גרמים,240.00,100 גרם,false,1,27.90,11.63,true,1,
7290002661153,false,לחם דני קל פרוס ברמן (1 קג),מאפית י את א ברמן בע,IL,לחם דני קל,גרמים,1000.00,100 גרם,false,0,19.50,1.95,true,1,
7290002692393,false,שמן קנולה מזוכך מועשר עץ הזית (1 ליטר),סוגת תעשיות בעמ,EE,שמן קנולה מועשר,ליטרים,1.00,ליטר,false,0,16.90,16.90,true,1,
7290002692782,false,"תרסיס שמן זית כתית מעולה ללא תוספת גז עץ הזית 150 מ""ל",י.ב טכנולוגיות אריזה,IT,תרסיס שמן זית,מיליליטרים,148.00,"100 מ""ל",false,0,15.90,10.74,true,1,
7290002730675,false,"קולגייט משחת שיניים אדומה משפחתי 100 מ""ל",קולגייט-פלמוליב,PL,משחת שיניים,מיליליטרים,100.00,"100 מ""ל",false,0,10.90,10.90,true,1,
7290002752332,false,"סוכריות מנטוס פירות בגליל, 37.5 גרם",הדקלאים אגודת שיתופי,NL,סוכריות מנטוס,גרמים,37.00,100 גרם,false,0,4.00,10.81,true,1,
7290002752349,false,סוכריות מנטוס מנטה 40יח' בגליל 38ג',ליימן שליסל בעמ,NL,סוכריות מנטוס,גרמים,37.00,100 גרם,false,0,4.00,10.81,true,1,
7290002759393,false,סופגניות מיני מארז 8 יח',גידרון,IL,סופגניות מיני 8י,יחידה,1.00,יחידה,false,0,19.90,19.90,true,1,
7290002814160,false,מסיר שומנים סנט מוריץ 1ל,קומפלקס כימיקלים בעמ,IL,מסיר שומנים,ליטרים,1.00,ליטר,false,1,18.90,18.90,true,1,
7290002824183,false,"גבינה לבנה סקי 500 גרם 5% ""שטראוס"" -מוצר בפיקוח",שטראוס גרופ בעמ/מצונן,IL,גבינת סקי 5%,גרמים,500.00,100 גרם,false,0,9.96,1.99,true,1,
7290002824466,false,יוגורט דנונה ביו לבן 0% שומן 200 גרם,שטראוס גרופ בעמ/מצונן,IL,יוגורט ביו 0%,גרמים,200.00,100 גרם,false,0,3.70,1.85,true,1,
7290002824640,false,"גבינת סקי 250 גרם 5% ""שטראוס"" -מוצר בפיקוח",שטראוס גרופ בעמ/מצונן,IL,גבינת סקי 5%,גרמים,250.00,100 גרם,false,0,4.98,1.99,true,1,
7290002825722,false,כרוב אדום במיונז אחלה (500 גרם),שטראוס גרופ בעמ/מצונן,IL,סלט כרוב אחלה,גרמים,500.00,100 גרם,false,0,15.90,3.18,true,1,
7290002862123,false,סחוג ירוק 150 גר הררית,"הררית מזון בע""מ",IL,סחוג ירוק,גרמים,150.00,100 גרם,false,0,11.90,7.93,true,1,
7290002881216,false,רסק תפוחי עץ לא ממותק תומר 700 גרם,תומר ייבוא ושיווק מוצרי מזון [,NL,"רסק תפו""ע דיאט",גרמים,720.00,100 גרם,false,0,11.90,1.65,true,1,
7290003009183,false,סירופ דיאט 750 מל בטעם תפוחים פריגת,החברה המרכזית להפצת משקאות בעמ,IL,סירופ תפוחים,מיליליטרים,750.00,"100 מ""ל",false,0,25.90,3.45,true,1,
7290003009596,false,סירופ דיאט אשכוליות 750 מל פיקדון,החברה המרכזית להפצת משקאות בעמ,IL,סירופ אשכוליות,מיליליטרים,750.00,"100 מ""ל",false,0,25.90,3.45,true,1,
7290003029181,false,משקה יטבתה שוקו' בקבוק 1ל מהדרין,שטראוס גרופ בעמ/מצונן,IL,שוקו יטבתה,ליטרים,1.00,ליטר,false,0,12.00,12.00,true,1,
7290003029389,false,"משקה חלב בננה פקק ספורט 250 מ""ל יוטבתה",שטראוס גרופ בעמ/מצונן,IL,משקה בננה,מיליליטרים,250.00,"100 מ""ל",false,0,5.60,2.24,true,1,
7290003029433,false,"משקה יטבתה שוקו פקק 250 מ""ל מהדרין",שטראוס גרופ בעמ/מצונן,IL,שוקו יטבתה,מיליליטרים,250.00,"100 מ""ל",false,0,5.60,2.24,true,1,
7290003029532,false,מוקה בבקבוק יטבתה 1 ליטר מהדרין,שטראוס גרופ בעמ/מצונן,IL,מוקה יטבתה בקבוק,ליטרים,1.00,ליטר,false,0,12.00,12.00,true,1,
7290003029815,false,חלב מועשר 3% בכד יטבתה 2 ליטר,שטראוס גרופ בעמ/מצונן,IL,חלב מועשר יטבתה,ליטרים,2.00,ליטר,false,0,15.60,7.80,true,1,
7290003029907,false,משקה חלב אייס קפה 2% יטבתה (1 ליטר,שטראוס גרופ בעמ/מצונן,IL,אייס קפה יטבתה,ליטרים,1.00,ליטר,false,0,12.00,12.00,true,1,
7290003047642,false,תה שחור יילו לייבל 100*1.5 ג' שקיק ליפטון,"יוניליוור ישראל שיווק בע""מ",RU,תה ילו לייבל,גרמים,150.00,100 גרם,false,0,14.90,9.93,true,1,
7290003054657,false,חרדל ריין דיז'ון אקסטרה פורטה 370 גרם,דיפלומט מפיצים (1968) בעמ**,FR,חרדל דיז'ון,גרמים,370.00,100 גרם,false,0,13.10,3.54,true,1,
7290003069682,false,בצק פילאס תורכי שלושת האופים (500 גרם),נטו מלינדה סחר בע`מ,IL,בצק פילאס,גרמים,500.00,100 גרם,false,0,21.90,4.38,true,1,
7290003072811,false,נקניקיות בראטוורסט מבשר בקר והודו,טיב טירת צבי 2000,IL,נקניקיות בראטוו3,גרמים,320.00,100 גרם,false,1,21.90,6.84,true,1,
7290003072835,false,נקניקיות קנאקוורסט טירת צבי 320 גרם,טיב טירת צבי 2000,IL,נקניקיות קנאקוור,גרמים,320.00,100 גרם,false,1,21.90,6.84,true,1,
7290003107216,false,קמח לבן בהיר 1 קג דגן מוביל,טחנות קמח דגן (2006) בעמ,IL,קמח לבן,קילוגרמים,1.00,"ק""ג",false,0,6.70,6.70,true,1,
7290003107247,false,שמרים יבשים אינסטנט33גרם,אבאל יזמות בעמ,IL,שמרים יבשים,גרמים,33.00,100 גרם,false,0,6.90,20.91,true,1,
7290003107360,false,קמח לבן בהיר 1 קג ללא צורך בניפוי,טחנת קמח דגן לישראל,IL,קמח לבן בהיר,קילוגרמים,1.00,"ק""ג",false,1,9.90,9.90,true,1,
7290003158973,false,פיתה פרנה גדרון א.ק,מאפיית אורן משי,IL,פיתה פרנה,גרמים,180.00,100 גרם,false,0,5.80,3.22,true,1,
7290003208890,false,"וודקה פינלנדיה 200 מ""ל",בראון פורמן,US,וודקה פינלנדיה,מיליליטרים,200.00,"100 מ""ל",false,1,30.00,15.00,true,1,
7290003220533,false,"רוטב צ'ילי מתוק ווק 700 מ""ל",תאי פרידה אינדסטרי ב,TH,רוטב צ'ילי מתוק,מיליליטרים,700.00,"100 מ""ל",false,0,13.90,1.99,true,1,
7290003321155,false,יוגורט בר עם פקאן מצופה שוקולד 183 ג' דנונה,שטראוס גרופ בעמ/מצונן,IL,דנונה בר פקאן,גרמים,183.00,100 גרם,false,0,4.80,2.62,true,1,
7290003411313,false,מפת אל בד מעורב צבעים 120X180 הנמל משובחת,שיווק: הנמל אריזות ו,IL,מפה רב פעמית 0,יחידה,1.00,יחידה,false,0,8.90,8.90,true,1,
7290003411993,false,גפרורים הנמל 10 יחידות,הנמל אריזות ושיווק (1984) בעמ,SE,גפרורים,יחידה,1.00,יחידה,false,0,3.70,3.70,true,1,
7290003423909,false,חטיף קוקיס אנד קרים לבן 43 גרם,ליימן מותגים,US,חטיף שוקולד לבן,גרמים,43.00,100 גרם,false,0,4.90,11.40,true,1,
7290003427154,false,"שמן זית כתית מעולה טעם מעודן זיתא 750 מ""ל",תה ויסוצקי (ישראל) בעמ,IL,שמן זית כתית,מיליליטרים,750.00,"100 מ""ל",false,0,35.90,4.79,true,1,
7290003438006,false,ממרח אולביה פסטו וצנובר איטלקי 190ג',תה ויסוצקי (ישראל) בעמ,IL,רוטב פסטו,גרמים,180.00,100 גרם,false,0,14.50,8.06,true,1,
7290003438020,false,אוליביה ממרח עגבניות מיובשות (190 גרם),תה ויסוצקי (ישראל) בעמ,IL,ממרח עגבניות,גרמים,190.00,100 גרם,false,0,14.50,7.63,true,1,
7290003444009,false,הרשי ריזס חטיף במילוי בוטנים 42 גרם,ליימן מותגים,US,חטיף שוקולד חלב,גרמים,42.00,100 גרם,false,0,3.90,9.29,true,1,
7290003450602,false,חרדל אמיתי צהוב בקבוק לחיץ 255 גר,היינץ צפון אמריקה מקבוצת ה.י.היינץ,US,ממרח חרדל צהוב,גרמים,255.00,100 גרם,false,0,10.90,4.27,true,1,
7290003457922,false,"שלגון בטעם שוקולד ""מגנום""",שטראוס גלידות,IL,שלגון מגנום שו,יחידה,1.00,יחידה,false,0,11.00,11.00,true,1,
7290003520572,false,מטריות חרובים שקית בודד (בשרוול 6 שקיות),תופינית,,מטריות שוקולד,גרמים,54.00,100 גרם,false,0,16.90,31.30,true,1,
7290003525478,false,סלט טונה ויליגר 160 גרם,נטו מילנדה סחר בעמ*,IL,סלט טונה,גרמים,160.00,100 גרם,false,0,6.30,3.94,true,1,
7290003570171,false,מינוט שניצל 300 גרם / 20 יחידות,"בלדי בע""\מ",IL,מינוט שניצל,גרמים,300.00,100 גרם,false,1,24.90,8.30,true,1,
7290003643004,false,אורז בסמטי קלאסי סוגת (1 קג),האי נאם סי או אל.טי.,IL,אורז בסמטי קלאסי,קילוגרמים,1.00,"ק""ג",false,0,14.90,14.90,true,1,
7290003643387,false,"סוכר אריזת פלסטיק 1 ק""ג סוגת",האי נאם סי או אל.טי.,IL,סוכר לבן צנצנת,קילוגרמים,1.00,"ק""ג",false,0,8.90,8.90,true,1,
7290003643646,false,"סוכר דמררה קלאסי בצנצנת סוגת 1 ק""ג",האי נאם סי או אל.טי.,IL,סוכר דמררה,קילוגרמים,1.00,"ק""ג",false,0,14.20,14.20,true,1,
7290003643684,false,אפונה יבשה סוגת 500 גר',האי נאם סי או אל.טי.,IL,אפונה 500 גרם,גרמים,500.00,100 גרם,false,0,6.80,1.36,true,1,
7290003643738,false,חיטה סוגת (500 גרם),האי נאם סי או אל.טי.,IL,חיטה 500 גרם,גרמים,500.00,100 גרם,false,0,6.80,1.36,true,1,
7290003643745,false,כוסמת סוגת (500 גרם),האי נאם סי או אל.טי.,IL,כוסמת,גרמים,500.00,100 גרם,false,0,7.90,1.58,true,1,
7290003643752,false,עדשים ירוקים יבש סוגת 500 גר',האי נאם סי או אל.טי.,IL,עדשים ירוקות,גרמים,500.00,100 גרם,false,0,8.50,1.70,true,1,
7290003643769,false,עדשים אדומים יבש סוגת 500 גר',"סוגת תעשיות בע""\מ",IL,עדשים אדומות,גרמים,500.00,100 גרם,false,0,8.90,1.78,true,1,
7290003726110,false,טופו אורגני בוואקום,Unknown,IL,טופו אורגני,גרמים,300.00,100 גרם,false,0,14.50,4.83,true,1,
7290003726615,false,"טופו ויילר 300 גרם ""שטראוס""",שטראוס גרופ בעמ/מצונן,IL,טופו ויילר,גרמים,300.00,100 גרם,false,1,13.00,4.33,true,1,
7290003744428,false,אובלטים מלוחים דקדקים קימל ברט (300 גרם),שוקוטרייד בעמ,IL,אובלטים מלוחים,גרמים,300.00,100 גרם,false,0,12.50,4.17,true,1,
7290003805501,false,"פתית בסגנון שוודי תלמה בד""צ 300 גרם",יוניליוור ישראל שיווק בע`מ,IL,פתית קרקר שוודי,גרמים,300.00,100 גרם,false,0,18.70,6.23,true,1,
7290003989539,false,רביולי עם גבינה שטראוס (400 גרם),שטראוס גרופ בעמ/מצונן,IL,רביולי גבינה,גרמים,400.00,100 גרם,false,0,21.70,5.43,true,1,
7290004011338,false,קצפת מתוקה מוכנה ספריי ריץ` (250 מל),נטו מלינדה סחר בע`מ,IT,קצפת ריצ' במיכל,מיליליטרים,250.00,"100 מ""ל",false,0,12.90,5.16,true,1,
7290004022309,false,עדשי מ&מ'ס חמאת בוטנים80,מרס,GB,עדשי מ&מ'ס,גרמים,80.00,100 גרם,false,1,7.50,9.38,true,1,
7290004030407,false,אקסטרא מים לימונענע500מל,,IL,אקסטרא מים לימון,מיליליטרים,500.00,"100 מ""ל",false,1,9.90,1.98,true,1,
7290004030926,false,"אקסטרא מים אפרסק 500 מ""ל",,IL,אקסטרא מים אפרסק,מיליליטרים,500.00,"100 מ""ל",false,1,9.90,1.98,true,1,
7290004033736,false,"עננים לחם לבן בסגנון בריוש עם פרוסות עבות, 500 גרם",מאפית י את א ברמן בע,IL,לחם עננים בריוש,גרמים,500.00,100 גרם,false,1,16.50,3.30,true,1,
7290004043108,false,עדשי מ&מ'ס שוקולד 89 גרם,מרס,US,עדשי מ&מ'ס,גרמים,89.00,100 גרם,false,1,7.50,8.43,true,1,
7290004068011,false,יוגורט כבשים בדלי 5% שומן 600 ג' גד,מחלבות גד שיווק 1992 בעמ,IL,יוגורט כבשים,גרמים,600.00,100 גרם,false,0,18.10,3.02,true,1,
7290004068028,false,"יוגורט צזיקי לשתיה 3.5% 500 מ""ל רובין",מחלבות גד שיווק 1992 בעמ,IL,ציזיקי לשתיה,מיליליטרים,500.00,"100 מ""ל",false,0,10.20,2.04,true,1,
7290004068035,false,"איירן יוגורט לשתייה 3% גד 500 מ""ל",מחלבות גד שיווק 1992 בעמ,IL,אירן משקה יוגורט,מיליליטרים,500.00,"100 מ""ל",false,0,9.20,1.84,true,1,
7290004068172,false,"יוגורט עיזים בדלי 5% 600 מ""ל רובין",מחלבות גד שיווק 1992 בעמ,IL,יוגורט עזים בדלי,גרמים,600.00,100 גרם,false,0,18.30,3.05,true,1,
7290004078263,false,מקלות אוזניים פלסטיק 2* 200 יחידות,ש. שסטוביץ בע`מ,GR,מקלוני כותנה,יחידה,1.00,יחידה,false,0,13.90,13.90,true,1,
7290004078270,false,נוזל לניקוי כלים בריח לימון פלמוליב 1 ליטר,יבואן ומשווק: ש. שסט,GR,פלמוליב לכלים,ליטרים,1.00,ליטר,false,0,14.90,14.90,true,1,
7290004078690,false,"אגקס נוזל לניקוי אסלות מרענן 750 מ""ל",הנסיך- מפעל לייצור ט,FR,אג'קס מרענן,מיליליטרים,750.00,"100 מ""ל",false,0,17.30,2.31,true,1,
7290004119133,false,כד יוגורט תנובה 6.5% שומן 1.5 ליטר,מיוצר עי קונדיטוריית,IL,יוגורט בכד,ליטרים,1.50,ליטר,false,0,17.80,11.87,true,1,
7290004119225,false,יוגורט יופלה אננס 3% שומן 150 גרם,תנובה מרכז שיתופי לש,IL,יופלה אננס 3%,גרמים,150.00,100 גרם,false,0,5.20,3.47,true,1,
7290004120108,false,יוגורט יופלה דיאט דובדבן 0% שומן 150גרם,תנובה מרכז שיתופי לש,IL,יופלה דיאט 0%,גרמים,150.00,100 גרם,false,0,5.20,3.47,true,1,
7290004120566,false,גבינה בולגרית (25024% גרם)פיראוס תנובה,"תנובה בע""מ ***",IL,גבינה בולגרית24%,גרמים,250.00,100 גרם,false,0,25.00,10.00,true,1,
7290004120573,false,גבינה בולגרית (25016% גרם)פיראוס תנובה,תנובה מרכז שיתופי לש,IL,גבינה בולגרית16%,גרמים,250.00,100 גרם,false,0,25.00,10.00,true,1,
7290004120634,false,גבינה בולגרית (2505% גרם)פיראוס תנובה,תנובה מרכז שיתופי לש,IL,גבינה בולגרית5%,גרמים,250.00,100 גרם,false,0,24.90,9.96,true,1,
7290004120832,false,"חלב 2 ליטר 3% כד ""תנובה""- מוצר בפיקוח",תנובה מרכז שיתופי לש,IL,חלב שתיה 3%,ליטרים,2.00,ליטר,false,0,12.46,6.23,true,1,
7290004121488,false,יוגורט ביו דיאט 0% אפרסק יופלה (150 גרם),תנובה מרכז שיתופי לש,IL,יופלה דיאט אפרסק,גרמים,150.00,100 גרם,false,0,5.20,3.47,true,1,
7290004121754,false,יוגורט ביו עוגת גבינה ותות 3% יופלה 150 גרם,תנובה בעמ ***,IL,יופלה קרם גבינה,גרמים,150.00,100 גרם,false,0,5.20,3.47,true,1,
7290004121853,false,גבינה בולגרית קוביות (2005% גרם)פיראוס,תנובה מרכז שיתופי לש,IL,קוביות בולגרית5%,גרמים,200.00,100 גרם,false,0,22.80,11.40,true,1,
7290004122119,false,פתיתי פרמזן לפסטה 23% השף הלבן 100 גרם,"תנובה בע""מ ***",IL,פתיתי פרמזן,גרמים,100.00,100 גרם,false,0,13.90,13.90,true,1,
7290004122195,false,גוש חלב גבינה צהובה פרוסה 28% תנובה 200 גרם,"תנובה בע""מ ***",IL,גבינה גוש חלב,גרמים,200.00,100 גרם,false,0,14.90,7.45,true,1,
7290004122270,false,עמק קלאסית פרוסות גבינה חצי קשה 28% 200 גרם,תנובה מרכז שיתופי לש,IL,גבינת עמק פרוס,גרמים,200.00,100 גרם,false,0,16.60,8.30,true,1,
7290004122348,false,גבינה צהובה מופחתת שומן 9% עמק (200 גרם),תנובה מרכז שיתופי לש,IL,גבינת עמק 9%,גרמים,200.00,100 גרם,false,0,16.90,8.45,true,1,
7290004122676,false,גבינה חמד לייט (2505% גרם)פיראוס תנובה,תנובה מרכז שיתופי לש,IL,גבינת חמד לייט5%,גרמים,250.00,100 גרם,false,0,19.10,7.64,true,1,
7290004122683,false,עמק חטיף אצבעות גבינה חצי קשה 28% שומן,תנובה מרכז שיתופי לש,IL,אצבעות עמק,גרמים,172.00,100 גרם,false,0,17.10,9.94,true,1,
7290004124205,false,יופלה דיאט יוגורט תות %0 גביע 150 גרם,תנובה מרכז שיתופי לש,IL,יופלה דיאט תות0%,גרמים,150.00,100 גרם,false,0,5.20,3.47,true,1,
7290004124847,false,"קצפת צמחית השף הלבן 500 מ""ל תנובה",תנובה מרכז שיתופי לש,IL,קצפת צמחית,מיליליטרים,500.00,"100 מ""ל",false,0,17.60,3.52,true,1,
7290004125370,false,"שמנת חמוצה 9% מופחתת שומן תנובה 200 מ""ל מהדרין",תנובה מרכז שיתופי לש,IL,שמנת חמוצה 9%,מיליליטרים,200.00,"100 מ""ל",false,0,3.70,1.85,true,1,
7290004125400,false,"אשל שלי מהדרין 200 מ""ל 4.5% ""תנובה""- מוצר בפיקוח",פארייפאבה אגרואינדוס,IL,אשל 4.5% שומן,מיליליטרים,200.00,"100 מ""ל",false,0,1.69,0.85,true,1,
7290004125417,false,"גיל 3% שלי 200 מ""ל ""תנובה"" -מוצר בפיקוח",תנובה מרכז שיתופי לש,IL,גיל לבן 3%שומן,מיליליטרים,200.00,"100 מ""ל",false,0,1.51,0.76,true,1,
7290004125455,false,"שמנת חמוצה 200 מ""ל 15% ""תנובה"" -מוצר בפיקוח",תנובה מרכז שיתופי לש,IL,שמנת תנובה 15%,מיליליטרים,200.00,"100 מ""ל",false,0,2.40,1.20,true,1,
7290004125509,false,"שמנת חמוצה 15% מועשרת תנובה 100 מ""ל",תנובה מרכז שיתופי לש,IL,שמנת חמוצה 15%,מיליליטרים,100.00,"100 מ""ל",false,0,1.70,1.70,true,1,
7290004125578,false,משקה סויה מועשר בסידן 1 ל`תנובה,תנובה מרכז שיתופי לש,IL,משקה סויה,ליטרים,1.00,ליטר,false,0,11.90,11.90,true,1,
7290004125585,false,משקה סויה בטעם וניל תנובה 1 ליטר,תנובה מרכז שיתופי לש,IL,משקה סויה וניל,ליטרים,1.00,ליטר,false,0,11.90,11.90,true,1,
7290004125721,false,"השף הלבן שמנת עמידה לבישול 15% תנובה 250 מ""ל",תנובה מרכז שיתופי לש,IL,שמנת לבישול15%,מיליליטרים,250.00,"100 מ""ל",false,0,8.30,3.32,true,1,
7290004125738,false,שמנת מתוקה להקצפה32% 250מל עמיד השף הלבן,תנובה מרכז שיתופי לש,IL,שמנת להקצפה32%,מיליליטרים,250.00,"100 מ""ל",false,0,6.90,2.76,true,1,
7290004125776,false,גבינה צהובה קלאסית 28% עמק (400 גרם),"תנובה בע""מ ***",IL,גבינת עמק פרוס,גרמים,400.00,100 גרם,false,0,30.50,7.63,true,1,
7290004126674,false,טל העמק פרוסות גבינה חצי קשה לייט %9 200 גרם בקופסא,תנובה מרכז שיתופי לש,IL,גבינה טל העמק,גרמים,200.00,100 גרם,false,0,18.80,9.40,true,1,
7290004126759,false,דאיט יופלה פירות יער טו יוג פרי 150גר.,"תנובה בע""מ ***",IL,יופלה דיאט,גרמים,150.00,100 גרם,false,0,5.20,3.47,true,1,
7290004126872,false,משקאות חלב תנובה שוקו בקבוק 250מל,תנובה - חלב,IL,שוקו בקבוק,מיליליטרים,250.00,"100 מ""ל",false,0,5.80,2.32,true,1,
7290004127077,false,קוטג תנובה 3% גביע 250 גרם מהדרין,מיוצר עי קונדיטוריית,IL,קוטג' 3% שומן,גרמים,250.00,100 גרם,false,0,5.70,2.28,true,1,
7290004127329,false,קוטג תנובה גביע 250 גרם %5 ו.מהדרין,מיוצר עי קונדיטוריית,IL,קוטג' תנובה 5%,גרמים,250.00,100 גרם,false,0,5.70,2.28,true,1,
7290004127336,false,קוטג תנובה גביע 250 גרם %9 ו.מהדרין,מיוצר עי קונדיטוריית,IL,קוטג' תנובה 9%,גרמים,250.00,100 גרם,false,0,5.70,2.28,true,1,
7290004127800,false,"גבינה לבנה 500 גרם 5% ""תנובה"" -מוצר בפיקוח",מיוצר עי קונדיטוריית,IL,גבינה לבנה 5%,גרמים,500.00,100 גרם,false,0,9.96,1.99,true,1,
7290004128333,false,לאבנה על בסיס יוגורט %9 שומן 500 ג' פיראוס,תנובה בעמ ***,IL,לאבנה פיראוס 9%,גרמים,500.00,100 גרם,false,0,21.90,4.38,true,1,
7290004129101,false,גבינת שמנת 25% בטעם טבעי 225 ג' נפוליאון,תנובה מרכז שיתופי לש,IL,גבינת נפוליאון,גרמים,225.00,100 גרם,false,0,15.00,6.67,true,1,
7290004129118,false,גבינת שמנת 24% עם זיתים ירוקים 225 ג' נפוליאון,מחלבת אלון תבור,IL,גבינת נפוליאון,גרמים,225.00,100 גרם,false,0,15.00,6.67,true,1,
7290004129156,false,גבינת שמנת25% עם שום שמיר 225 ג' נפוליאון,תנובה מרכז שיתופי לש,IL,גבינת נפוליאון,גרמים,225.00,100 גרם,false,0,15.00,6.67,true,1,
7290004130794,false,משקה סויה במתיקות מופחתת תנובה (1 ליטר),תנובה מרכז שיתופי לש,IL,משקה סויה,ליטרים,1.00,ליטר,false,0,11.50,11.50,true,1,
7290004130916,false,יוגורט יופלה פירות יער בשמנת 3% 150 גרם,תנובה מרכז שיתופי לש,IL,יופלה פירות יער,גרמים,150.00,100 גרם,false,0,5.20,3.47,true,1,
7290004131074,false,"חלב 1 ליטר 3% קרטון ""תנובה""- מוצר בפיקוח",תנובה מרכז שיתופי לש,IL,חלב בקרטון 3%,ליטרים,1.00,ליטר,false,0,6.23,6.23,true,1,
7290004131432,false,יוגורט יופלה לבן ביו 3% 200 גרם,מיוצר עי קונדיטוריית,IL,יופלה לבן 3%,גרמים,200.00,100 גרם,false,0,4.00,2.00,true,1,
7290004131456,false,יוגורט ביו 1.5% שומן 200 ג' יופלה,מיוצר עי קונדיטוריית,IL,יופלה לבן 1.5%,גרמים,200.00,100 גרם,false,0,4.00,2.00,true,1,
7290004131814,false,גבינת צפתית מעודנת (2005% גרם)פיראוס ת,פארייפאבה אגרואינדוס,IL,צפתית 5% פיראוס,גרמים,200.00,100 גרם,false,0,15.90,7.95,true,1,
7290004132552,false,משקה סויה בטעם טבעי לייט תנובה 1 ליטר,תנובה מרכז שיתופי לש,IL,משקה סויה,ליטרים,1.00,ליטר,false,0,11.90,11.90,true,1,
7290004132712,false,חטיף אצבעות גבינת מוצרלה 20% 172 ג' עמק,תנובה מרכז שיתופי לש,IL,אצבעות מוצרלה,גרמים,172.00,100 גרם,false,0,17.40,10.12,true,1,
7290004134945,false,יוגורט ביו 3% בטעם מוקה יופלה (150 גרם),תנובה מרכז שיתופי לש,IL,יופלה מוקה 3%,גרמים,150.00,100 גרם,false,0,5.20,3.47,true,1,
7290004135225,false,מעדן חלב דל קלוריות בטעם שוקולד 0.2שומ,תנובה מרכז שיתופי לש,IL,מעדן דיאט שוקולד,גרמים,150.00,100 גרם,false,0,4.00,2.67,true,1,
7290004135614,false,גבינה בולגרית מעודנת 5% פיראוס 250 גרם,"תנובה בע""מ ***",IL,בולגרית מעודנת5%,גרמים,250.00,100 גרם,false,0,22.60,9.04,true,1,
7290004136598,false,מארז הפסקת אוכל עם קורנפלקס ומשקה חלב עמיד בטעם וניל,פארייפאבה אגרואינדוס,IL,חלב עם דגנים,יחידה,1.00,יחידה,false,0,9.90,9.90,true,1,
7290004136857,false,מעדן ג`לי בטעם פטל תנובה (125 גרם),תנובה מרכז שיתופי לש,IL,מעדן ג'לי פטל,גרמים,125.00,100 גרם,false,0,2.70,2.16,true,1,
7290004136871,false,מעדן ג'לי בטעם אפרסק עם חתיכות תנובה 125 גרם,תנובה מרכז שיתופי לש,IL,מעדן ג'לי אפרסק,גרמים,125.00,100 גרם,false,0,2.90,2.32,true,1,
7290004137021,false,"שמנת עמידה לבישול מופחת שומן 10% השף הלבן 250 מ""ל",תנובה מרכז שיתופי לש,IL,שמנת לבישול10%,מיליליטרים,250.00,"100 מ""ל",false,0,8.30,3.32,true,1,
7290004137311,false,גבינה צהובה מופחתת שומן 9% עמק (400 גרם),"תנובה בע""מ ***",IL,גבינת עמק 9%,גרמים,400.00,100 גרם,false,0,30.90,7.73,true,1,
7290004150211,false,תורכי איסטנבול פיקנטי פרימיום 300 גרם שמיר,"סלטי שמיר 2006 בע""\מ",IL,תורכי איסטנבול,גרמים,300.00,100 גרם,false,1,15.90,5.30,true,1,
7290004150235,false,חומוס עם חריף פיקנטי פרימיום 300 גרם שמיר,"סלטי שמיר 2006 בע""\מ",IL,חומוס עם חריף,גרמים,300.00,100 גרם,false,1,15.90,5.30,true,1,
7290004170134,false,"בורקס תפו""א גדול 170 גרם",גידרון,IL,"בורקס תפו""א גדול",גרמים,170.00,100 גרם,false,1,7.50,4.41,true,1,
7290004170141,false,בורקס גבינה גדול 160 גרם,גידרון,IL,בורקס גבינה גדול,גרמים,160.00,100 גרם,false,1,7.50,4.69,true,1,
7290004199203,false,קיסמי שיניים במבוק מלחיה לב הוסטס (300),הדקלאים אגודת שיתופי,CN,קיסמי שיניים,יחידה,1.00,יחידה,false,0,3.90,3.90,true,1,
7290004199807,false,כפפות L לטקס עם איבוק עדין 100 יח- SAFE TOUCH,אינטרסן (1996) בעמ,TH,כפפות לטקס L,יחידה,1.00,יחידה,false,1,29.90,29.90,true,1,
7290004225285,false,גבינה בסגנון דנאבלו 100 גר,האי נאם סי או אל.טי.,DK,בסגנון דנאבלו,גרמים,100.00,100 גרם,false,0,12.90,12.90,true,1,
7290004480332,false,גבינת גאודה30%משולש משקל,מחלבות גד,IL,גבינת גאודה,קילוגרמים,0.00,"ק""ג",true,1,115.00,115.00,true,1,
7290004494049,false,יין לבן פומה בלאן יקב דלתון (750 מ``ל),הכרם - משקאות חריפים בעמ,IL,דלתון סו.בלאן,מיליליטרים,750.00,"100 מ""ל",false,1,64.90,8.65,true,1,
7290004554330,false,"קרחון בטעם דובדבן ""שטראוס""","מיוצר ע""\י גלידת שטראוס",IL,אסקימו דובדבן,יחידה,1.00,יחידה,false,0,3.00,3.00,true,1,
7290004584351,false,גבינה לבנה סימפוניה עם תוספות 200 ג' חמישית 200,שטראוס גרופ בעמ/מצונן,IL,גבינת סימפוניה,גרמים,200.00,100 גרם,false,0,12.40,6.20,true,1,
7290004584528,false,יוגורט דנונה ביו לבן 1.7% שומן 200 גרם,שטראוס גרופ בעמ/מצונן,IL,יוגורט ביו 1.7%,גרמים,200.00,100 גרם,false,0,3.70,1.85,true,1,
7290004585907,false,דני ועדן וניל 1.5% 125ג' שטראוס,שטראוס גרופ בעמ/מצונן,IL,דני וניל 1.5%,גרמים,125.00,100 גרם,false,0,2.70,2.16,true,1,
7290004685010,false,לחם 100% שיפון פלוס לחם הארץ 500 גר',מאפית י את א ברמן בע,IL,לחם שיפון פלוס,גרמים,500.00,100 גרם,false,0,17.90,3.58,true,1,
7290004685027,false,לחם חיטה מלאה פלוס לחם הארץ 500 גרם,מאפית י את א ברמן בע,IL,לחם חיטה מלאה,גרמים,500.00,100 גרם,false,0,17.90,3.58,true,1,
7290004685157,false,לחם שיפון 100% פרוס לחם הארץ (750 גרם),מאפית י את א ברמן בע,IL,לחם שיפון פרוס,גרמים,750.00,100 גרם,false,0,17.90,2.39,true,1,
7290004685225,false,לחם פומפרניקל פרוס לחם הארץ (750 גרם),מאפית י את א ברמן בע,IL,לחם פומפרניקל,גרמים,750.00,100 גרם,false,0,17.90,2.39,true,1,
7290004685430,false,100% לחם כומסין 500 גר לחם הארץ,מאפית י את א ברמן בע,IL,לחם הארץ כוסמין,גרמים,500.00,100 גרם,false,1,17.90,3.58,true,1,
7290004685447,false,לחמניות כוסמין 6 יח בשקית מלא 450 גר`E,מאפית ברמן מקבוצת י. את,IL,לחמניות כוסמין,גרמים,450.00,100 גרם,false,1,16.50,3.67,true,1,
7290004685478,false,פיתות כוסמין 10 יח בשקית 550 גרם,מאפיית י.את א. ברמן בעמ,IL,פיתות כוסמין,גרמים,550.00,100 גרם,false,1,17.90,3.25,true,1,
7290004731472,false,"אל סבון צבעוני כיף שלישיה* 500 מ""ל",החברה הדרומית לשיווק בעמ,IL,אלסבון כיף 3 יח,ליטרים,1.50,ליטר,false,0,19.90,13.26,true,1,
7290004737719,false,אספרגוס שלם מקולף בצנצנת ויליפוד 330 גרם,ג.וילי-פוד אינטרנשיונל בעמ,CN,אספרגוס מקולף,גרמים,330.00,100 גרם,false,0,10.90,3.30,true,1,
7290004737900,false,חלב כחוש מרוכז וממותק בתוספת שמן צמחי ויליפוד 397 גרם,ג. וילי-פוד אינטרנשיונל בע`מ,LT,חלב כחוש מרוכז,גרמים,397.00,100 גרם,false,0,8.90,2.24,true,1,
7290004872021,false,קרחון רמזור 80ג' נסטלה,גלידות נסטלה )נגה גלידות,IL,קרחון רמזור,יחידה,1.00,יחידה,false,0,4.00,4.00,true,1,
7290004872069,false,קרחון לימון נסטלה 80 גרם,נגה גלידות שותפות מוגבלת,IL,שלגון קרח לימו,יחידה,1.00,יחידה,false,0,4.00,4.00,true,1,
7290004872359,false,"קרחון דובדבן עם סוכריות כשל""פ",נגה גלידות שותפות מוגבלת,IL,קרחון דובדבן,יחידה,1.00,יחידה,false,0,4.00,4.00,true,1,
7290004872731,false,טילון וניל אקסטרים נסטלה 72 גרם,גלידות נסטלה,IL,אקסטרים וניל,יחידה,1.00,יחידה,false,0,10.00,10.00,true,1,
7290004952136,false,"קמח כוסמין מלא אורגני 1 ק""ג - הרדוף",טחנת קמח יפו,IL,קמח כוסמין מלא,קילוגרמים,1.00,"ק""ג",false,0,19.90,19.90,true,1,
7290005020162,false,וויסקי סקוטי בלנטייס פיינסט 700 מל,טמפו משקאות בע`מ,LK,וויסקי בלנטיין,מיליליטרים,700.00,"100 מ""ל",false,0,99.90,14.27,true,1,
7290005082962,false,פרצלס 80 גרם,גידרון,IL,פרצל,יחידה,1.00,יחידה,false,0,5.90,5.90,true,1,
7290005095344,false,נר נשמה שבועי בזכוכי,"מ.א. בע""מ",CN,נר נשמה שבועי,יחידה,1.00,יחידה,false,1,12.90,12.90,true,1,
7290005095405,false,נר נשמה 72 שעות בזכו,"מ.א. בע""מ",CN,נר נשמה 72שעות,יחידה,1.00,יחידה,false,0,5.90,5.90,true,1,
7290005095443,false,נר נשמה בכוס 48 שעות,,IL,נר נשמה 48 שעות,יחידה,1.00,יחידה,false,0,6.40,6.40,true,1,
7290005095467,false,נרות שבת מס 4 180 גר,משווק על ידי HQP,CN,נרות שבת,יחידה,1.00,יחידה,false,1,4.70,4.70,true,1,
7290005095481,false,נרות שבת 8 יחידות 8 יחיד,משווק על ידי HQP,CN,נרות שבת 8 יחידו,יחידה,1.00,יחידה,false,1,4.70,4.70,true,1,
7290005095573,false,מצית קליפר,ציון תורג`מן בעמ,IL,מצת קליפר,יחידה,1.00,יחידה,false,0,8.00,8.00,false,1,
7290005095641,false,חטיף תפוחה מצוקה 230 גר שלוה,מפעלי דגן ניסן את גפ,IL,חיטה תפוחה מתוקה,גרמים,230.00,100 גרם,false,0,9.20,4.00,true,1,
7290005174513,false,חציל על האש במיונז אחלה 400 גרם+225גר,שטראוס גרופ בעמ/מצונן,IL,סלט חציל מיונז,גרמים,500.00,100 גרם,false,0,16.90,3.38,true,1,
7290005174551,false,סלט חומוס עם צנוברים 125 ג' אחלה,שטראוס גרופ בעמ/מצונן,IL,חומוס יום יום,גרמים,125.00,100 גרם,false,0,5.70,4.56,true,1,
7290005174575,false,טחינה אחלה יום יום משובחת 125ג',שטראוס גרופ בעמ/מצונן,IL,טחינה יום יום,גרמים,125.00,100 גרם,false,0,5.70,4.56,true,1,
7290005199738,false,גומי מאסט בטעם פפרמינט ריח פה נעים פליפטופ 28 ג' עלית,שטראוס גרופ בע`מ,IL,מאסט מנטה מרעננת,גרמים,28.00,100 גרם,false,0,4.60,16.43,true,1,
7290005200786,false,תפוצ'יפס בטעם שמנת בצל עלית 50 גרם,"שטראוס פריטו ליי בע""\מ )",IL,תפוצ'יפס שמנת,גרמים,50.00,100 גרם,false,0,4.30,8.60,true,1,
7290005201882,false,קפה טורקי בצלופן עלית 200 גרם,הנסיך- מפעל לייצור ט,IL,קפה טורקי בצלופן,גרמים,200.00,100 גרם,false,0,17.90,8.95,true,1,
7290005287206,false,רביעיית טונה בשמן סטארקיסט 160 גרם,דיפלומט מפיצים (1968) בעמ**,VN,טונה סטארקיסט4יח,גרמים,640.00,100 גרם,false,0,25.90,4.05,true,1,
7290005287251,false,רביעיית טונה במים סטארקיסט 160 גרם,דיפלומט מפיצים (1968) בעמ**,VN,טונה סטארקיסט4יח,גרמים,640.00,100 גרם,false,0,25.90,4.05,true,1,
7290005423253,false,"סנו - מקסימה מרסס למייבש כביסה אולטרה פרש 750 מ""ל",החברה הדרומית לשיווק בעמ,IL,מקסימה למייבש,מיליליטרים,750.00,"100 מ""ל",false,0,17.90,2.39,true,1,
7290005423734,false,מרכך כביסה מרוכז אולטרא פרש סנו מקסימה 4 ליטר,החברה הדרומית לשיווק בעמ,IL,מרכך כביסה,ליטרים,4.00,ליטר,false,0,22.90,5.73,true,1,
7290005423833,false,פוליוויקס נוזל לניקוי פרקט סנו (2 ליטר).,החברה הדרומית לשיווק בעמ,IL,פוליויקס פרקט,ליטרים,2.00,ליטר,false,0,24.90,12.45,true,1,
7290005424700,false,סנו - פורטה פלוס מרסס מסיר שומנים 1 ליטר,החברה הדרומית לשיווק בעמ,IL,סנו פורטה פלוס,ליטרים,1.00,ליטר,false,1,19.90,19.90,true,1,
7290005425196,false,"מקסימה אבקת כביסה סנסיטיב סנו 2.5 ק""ג",החברה הדרומית לשיווק בעמ,IL,אבקת כביסה,קילוגרמים,2.50,"ק""ג",false,0,28.90,11.56,true,1,
7290005426193,false,ספוגית הפלא סנו סושי 6 יחידות,החברה הדרומית לשיווק בעמ,IL,ספוג סנו סושי,יחידה,1.00,יחידה,false,0,11.30,11.30,true,1,
7290005430602,false,"סנו אוקסיג'ן ספריי להסרת כתמים עם חמצן פעיל 750 מ""ל",החברה הדרומית לשיווק בעמ,IL,אוקסיג'ן מ.כתמים,מיליליטרים,750.00,"100 מ""ל",false,0,16.90,2.25,true,1,
7290005431913,false,עוגת גבינה פירורים עדן קינוחים 92 גרם,עדן קינוחים Eden,IL,עוגת גבינה,גרמים,92.00,100 גרם,false,1,7.70,8.37,true,1,
7290005431920,false,עוגת גבינה פירורים לייט עדן קינוחים 78 גרם,עדן קינוחים Eden,IL,עוגת גבינה,גרמים,78.00,100 גרם,false,1,7.70,9.87,true,1,
7290005559907,false,פיצה משפחתית 100% גבינה מעדנות 500 גרם,תנובה מרכז שיתופי לשיווק תוצרת,IL,פיצה משפחתית,גרמים,500.00,100 גרם,false,0,24.90,4.98,true,1,
7290005559914,false,פיצה משפחתית עם 100% גבינה בתוספת זיתים מעדנות 550 גרם,תנובה מרכז שיתופי לשיווק תוצרת,IL,פיצה משפחתית,גרמים,550.00,100 גרם,false,0,25.90,4.71,true,1,
7290005559990,false,בצק עלים פילאס תורכי 600 גרם קפוא,תנובה מרכז שיתופי לשיווק תוצרת,IL,בצק פילאס תורכי,גרמים,600.00,100 גרם,false,0,25.90,4.32,true,1,
7290005610127,false,תפוח אדמה גורמה דוד משה,אראל תוצרת חקלאית בע,IL,"תפו""א גורמה לבן",קילוגרמים,0.00,"ק""ג",true,1,7.90,7.90,true,1,
7290005678318,false,ענב לבן אוטם קריספ טלי,אראל תוצרת חקלאית בע,IL,ענב אוטום קריספ,קילוגרמים,0.00,"ק""ג",true,1,26.90,26.90,true,1,
7290005678387,false,ענב אוטום רויאל -שחור,מושב לכיש,IL,ענב אוטום-שחור,קילוגרמים,0.00,"ק""ג",true,0,23.90,23.90,true,1,
7290005678417,false,טלי ענב לבן בוטיק ווינטר קינג,"בכורי השדה צפון1994 ג.ד. בע""מ",IL,ענב ווינטר קינג,קילוגרמים,0.00,"ק""ג",true,1,26.90,26.90,true,1,
7290005678585,false,ענבים אדומים סקרלוטה טלי,"בכורי השדה צפון1994 ג.ד. בע""מ",IL,ענבים סקרלוטה,קילוגרמים,0.00,"ק""ג",true,0,17.90,17.90,true,1,
7290005678868,false,פלפל חריף חלפיניו,קטיף.,IL,פלפל חריף חלפיני,גרמים,200.00,100 גרם,false,1,9.90,4.95,true,1,
7290005803628,false,קרחון מלון - צבע מאכל טבעי,נגה גלידות שותפות מוגבלת,IL,קרחון מלון,יחידה,1.00,יחידה,false,0,4.00,4.00,true,1,
7290005838002,false,מעדן גבינה ויוגורט בטעם וניל 88 ג' דניאלה,שטראוס גרופ בעמ/מצונן,IL,מעדן דניאלה,גרמים,88.00,100 גרם,false,0,4.30,4.89,true,1,
7290005838613,false,קרם גבינה 3% בטעם וניל סקי (125 גרם),שטראוס גרופ בעמ/מצונן,IL,סקי מעדן גבינה,גרמים,125.00,100 גרם,false,0,3.70,2.96,true,1,
7290005839108,false,גבינה לבנה סימפוניה עם תוספות 200 ג'+זיתים 5%,שטראוס גרופ בעמ/מצונן,IL,גבינת סימפוניה,גרמים,200.00,100 גרם,false,0,12.40,6.20,true,1,
7290005839313,false,מילקי Top עם שוקולדה מגולגלת 140 גרם,שטראוס גרופ בעמ/מצונן,IL,מילקי טופ,מיליליטרים,170.00,"100 מ""ל",false,0,5.00,2.94,true,1,
7290005854040,false,שלגון אסקימו משמש שטראוס 75 גרם,גלידות שטראוס בעמ,IL,קרחון אסקימו,יחידה,1.00,יחידה,false,0,3.00,3.00,true,1,
7290005854613,false,שלגון אסקימו תותי פרוט 75 גר',גלידות שטראוס בעמ,IL,אסקימו תותיפרו,יחידה,1.00,יחידה,false,0,3.00,3.00,true,1,
7290005854835,false,טילון מגנום וניל ציפ,גלידות שטראוס בעמ,IL,טילון מגנום,יחידה,1.00,יחידה,false,0,11.00,11.00,true,1,
7290005938245,false,ממרח פסטו קלאסי פרסקו 220ג' מצונן,מיוצר עי פרסקו חצבה,IL,פסטו קלאסי,גרמים,220.00,100 גרם,false,0,19.90,9.05,true,1,
7290005992575,false,גבינה בולגרית למריחה 5% גד (250 גרם),מחלבות גד שיווק 1992 בעמ,IL,בולגרית למריחה,גרמים,250.00,100 גרם,false,0,18.20,7.28,true,1,
7290005992735,false,לאבנה טבעית 5% 250 גר' - רבנות,מחלבות גד שיווק 1992 בעמ,IL,גבינת לאבנה גד5%,גרמים,250.00,100 גרם,false,0,12.90,5.16,true,1,
7290006199218,false,"שמיניית גלידל אייס מוקה ""פלדמן""",הגלידות של פלדמן,IL,גלידל קפוצ'ינו,גרמים,400.00,100 גרם,false,0,34.90,8.73,true,1,
7290006199942,false,"שמיניית גלידל פרי דובדבן ""פלדמן""",הגלידות של פלדמן,IL,פרי דובדבן 8יח,גרמים,640.00,100 גרם,false,0,26.90,4.20,true,1,
7290006229427,false,סן בנדטו - מים מינרלים - מארז שישיית 500 מל,טמפו משקאות בע`מ,IT,סאן בנדטו 6 יח',ליטרים,3.00,ליטר,false,0,15.90,5.30,true,1,
7290006251275,false,תה ירוק סיני קלאסי ויסוצקי 25 יחידות,תה ויסוצקי (ישראל) בעמ,IL,תה ירוק סיני,גרמים,37.00,100 גרם,false,0,26.90,72.70,true,1,
7290006271181,false,ג'חנון אפוי למיקרוגל מעדנות 750 גרם,תנובה מרכז שיתופי לשיווק תוצרת,IL,ג'חנון אפוי,גרמים,750.00,100 גרם,false,0,28.70,3.83,true,1,
7290006271655,false,מיני בורקס במילוי גבינה מעדנות (800 גרם),תנובה מרכז שיתופי לשיווק תוצרת,IL,מיני בורקס גבינה,גרמים,800.00,100 גרם,false,1,28.90,3.61,true,1,
7290006272072,false,חטיפי פיצה גבינה מעדנות 650 גרם,תנובה קפואים,IL,חטיפי פיצה גבינה,גרמים,650.00,100 גרם,false,1,36.90,5.68,true,1,
7290006306296,false,רביולי במילוי גבינה לילדים 400 ג' פסטה נונה,דורום תעשיות מזון ופסטה,IL,רביולי גבינה,גרמים,400.00,100 גרם,false,0,25.90,6.48,true,1,
7290006306302,false,רביולי במילוי גבינות פרמזן ריקוטה 400 ג' פסטה נונה,דורום תעשיות מזון ופסטה,IL,רביולי גבינה,גרמים,400.00,100 גרם,false,0,25.90,6.48,true,1,
7290006306319,false,רביולי במילוי בטטה 400 ג' פסטה נונה,דורום תעשיות מזון ופסטה,IL,רביולי בטטה,גרמים,400.00,100 גרם,false,0,25.90,6.48,true,1,
7290006306357,false,רביולי במילוי גבינת עיזים 400 ג' פסטה נונה,דורום תעשיות מזון ופסטה,IL,רביולי גבינה,גרמים,400.00,100 גרם,false,0,24.90,6.23,true,1,
7290006374738,false,קונפיטורה תות יד מרדכי בטעם תות,אף.סי תבליני בגליל ב,IL,קונפיטורה תות,גרמים,340.00,100 גרם,false,0,15.80,4.65,true,1,
7290006390745,false,שבלול עם צימוקים קפוא,"גידרון תעשיות בע""מ",IL,שבלול עם צימוקים,יחידה,1.00,יחידה,false,0,4.90,4.90,true,1,
7290006390806,false,חצי ג'בטה אפוי קפוא,גידרון,IL,חצי ג'בטה,יחידה,1.00,יחידה,false,0,4.70,4.70,true,1,
7290006492432,false,גבינה מוצרלה בייבי 18% גד (150 גרם),מחלבות גד שיווק 1992 בעמ,IL,גבינה מוצרלה,גרמים,150.00,100 גרם,false,0,15.30,10.20,true,1,
7290006492616,false,גבינה בולגרית מעודנת פרוסות 5% גד 250 גרם,מחלבות גד שיווק 1992 בעמ,IL,גבינה בולגרית,גרמים,250.00,100 גרם,false,0,27.50,11.00,true,1,
7290006492630,false,גבינת פרומעז עיזים 22% גד 180 גרם,מחלבות גד שיווק 1992 בעמ,IL,גליל גבינת עיזים,גרמים,180.00,100 גרם,false,0,23.00,12.78,true,1,
7290006492685,false,גבינת לאבנה עיזים 5% גד (250 גרם),מחלבות גד שיווק 1992 בעמ,IL,לאבנה עיזים גד,גרמים,250.00,100 גרם,false,0,18.80,7.52,true,1,
7290006492852,false,גבינת עיזים למריחה 5% 250 גרם רובין,מחלבות גד שיווק 1992 בעמ,IL,גבינת עיזים גד,גרמים,250.00,100 גרם,false,0,18.50,7.40,true,1,
7290006492913,false,גבינת לאבנה ציזיקי 5% מחלבות גד 250 גרם,מחלבות גד שיווק 1992 בעמ,IL,ציזיקי למריחה,גרמים,250.00,100 גרם,false,0,14.90,5.96,true,1,
7290006559265,false,גבינת מוצרלה בופאלו,,IL,מוצרלה בופאלו,גרמים,250.00,100 גרם,false,0,38.90,15.56,true,1,
7290006653819,false,קוסקוס אמיתי דק בשקית 350 גרם,קבוצת אוסם סחר שותפות מוגבלת,IL,קוסקוס דק,גרמים,350.00,100 גרם,false,0,8.80,2.51,true,1,
7290006664631,false,"אקטימל תות דיסני 8 יח' * 100 מ""ל","שטראוס בריאות בע""\מ",IL,אקטימל תות 8 יח',מיליליטרים,800.00,"100 מ""ל",false,0,22.70,2.84,true,1,
7290006664655,false,דנונה Actimel יוגורט טבעי 8*100 מ``ל,שטראוס גרופ בעמ/מצונן,IL,אקטימל לבן 8 יח,מיליליטרים,800.00,"100 מ""ל",false,0,22.70,2.84,true,1,
7290006681003,false,גלידה קרמיסימו סרבט תות לימון 650 גרם,"גלידת שטראוס בע""\מ, רחוב",IL,קרמיסימו פרווה ת,ליטרים,1.33,ליטר,false,0,21.90,16.47,true,1,
7290006681065,false,"קסטה שוקו וניל ""שטראוס""","מיוצר ע""\י גלידת שטראוס",IL,טעמקור XL,יחידה,1.00,יחידה,false,0,8.00,8.00,true,1,
7290006739292,false,נקניק פסטרמה פרגיות ציפוי תירס,נקניק נהריה כשר זוגל,IL,פסטרמה תבור,גרמים,330.00,100 גרם,false,0,29.90,9.06,true,1,
7290006739414,false,נקניק סלמי קוניאק זוגלובק 300 גרם,נקניק נהריה כשר זוגל,IL,סלמי קוניאק,גרמים,300.00,100 גרם,false,0,32.70,10.90,true,1,
7290006739421,false,נקניק סלמי מעושן איטלקי זוגלובק 300 גרם,נקניק נהריה כשר זוגל,IL,סלמי מעושן,גרמים,300.00,100 גרם,false,0,32.70,10.90,true,1,
7290006742162,false,המבורגר מזרחי זוגלובק 400 גרם,נקניק נהריה כשר זוגל,IL,המבורגר מזרחי,גרמים,400.00,100 גרם,false,0,22.90,5.73,true,1,
7290006742278,false,פסטרמה הודו צלויה על לבנים 330 ג' זוגלובק,נקניק נהריה כשר זוגל,IL,פסטרמה צלויה,גרמים,330.00,100 גרם,false,0,29.90,9.06,true,1,
7290006742292,false,פסטרמה הודו בדבש 330 ג' זוגלובק,נקניק נהריה כשר זוגל,IL,פסטרמה בדבש,גרמים,330.00,100 גרם,false,0,29.90,9.06,true,1,
7290006742315,false,פסטרמה חזה הודו ברביקיו 2% זוגלובק 330 גרם,נקניק נהריה כשר זוגל,IL,חזה הודו ברביקיו,גרמים,330.00,100 גרם,false,0,29.90,9.06,true,1,
7290006764485,false,"בירה שחורה נשר מאלט שישייה ח""פ 330*6 מ''ל","טמפו משקאות בע""\ם.",IL,נשר מאלט 6 יח,ליטרים,1.98,ליטר,false,0,33.90,17.12,true,1,
7290006805355,false,"פילסברי, כדורים בטעם שוקולד, תערובת להכנת כדורים בטעם שוקולד. 500 גרם.",הדקלאים אגודת שיתופי,IL,כדורי שוקולד,גרמים,500.00,100 גרם,false,0,19.90,3.98,true,1,
7290006805850,false,פילסברי פנקייק תערובת להכנת חביתיות,הדקלאים אגודת שיתופי,IL,תערובת לפנקייק,גרמים,500.00,100 גרם,false,0,19.90,3.98,true,1,
7290006822192,false,נקטר דיאט חמוציות אושן ספריי פריגת 1 ליטר,החברה המרכזית להפצת משקאות בעמ,IL,אושן ספריי,ליטרים,1.00,ליטר,false,0,13.50,13.50,true,1,
7290006855404,false,"ברבריא בייטס תמר מג'הול עם קשיו, שקדים ופיסטוק",טבעית מוצרים מן הטבע בעמ,IL,BITES תמר אגוז ו,גרמים,55.00,100 גרם,false,1,7.90,14.36,true,1,
7290006855435,false,ברבריא בייטס תמר מג'הול עם שקדים וקקוס בטעם אננס,טבעית מוצרים מן הטבע בעמ,IL,BITES שקדים אננס,גרמים,55.00,100 גרם,false,1,7.90,14.36,true,1,
7290006866363,false,מיץ סחוט אשכוליות אדומות פרימור 1 ליטר,שטראוס גרופ בעמ/מצונן,IL,מיץ אשכולית סחוט,ליטרים,1.00,ליטר,false,0,17.20,17.20,true,1,
7290006983152,false,קרוטונים מתובלים למרק אסם (400 גרם),קבוצת אוסם סחר שותפות מוגבלת,IL,קרוטונים מתובלים,גרמים,400.00,100 גרם,false,0,20.80,5.20,true,1,
7290006983770,false,עוגת הבית שיש אסם (400 גרם),קבוצת אוסם סחר שותפות מוגבלת,IL,עוגת שיש,גרמים,400.00,100 גרם,false,0,13.40,3.35,true,1,
7290006983787,false,עוגת הבית שוקולד צ'יפס אסם 400 גרם,קבוצת אוסם סחר שותפות מוגבלת,IL,עוגת שוקוצ'יפס,גרמים,400.00,100 גרם,false,0,13.40,3.35,true,1,
7290006983794,false,עוגת הבית בטעם תפוז אסם 400 גרם,קבוצת אוסם סחר שותפות מוגבלת,IL,עוגת תפוז,גרמים,400.00,100 גרם,false,0,13.40,3.35,true,1,
7290006992390,false,"מטרנה - דייסת וניל פרוביוטי כשל""פ 200 גרם",קבוצת אוסם סחר שותפות מוגבלת,IL,דייסת וניל מטרנה,גרמים,200.00,100 גרם,false,0,16.80,8.40,true,1,
7290007144729,false,בגט לבן אפוי 330גרם,"גידרון תעשיות בע""מ",IL,בגט לבן,יחידה,1.00,יחידה,false,0,5.20,5.20,true,1,
7290008023542,false,שמפו לרצפות בניחוח יסמין סיף פנטסטיק 4 ליטר,יוניליוור ישראל שיווק בע`מ,IL,סיף שמפו לרצפות,ליטרים,4.00,ליטר,false,0,21.20,5.30,true,1,
7290008116541,false,שטיפת פה ליסטרין מנטה קריר 500 מ`ל,ג'\ונסון אנד ג'\ונסון,IT,מי פה ליסטרין,מיליליטרים,500.00,"100 מ""ל",false,0,23.90,4.78,true,1,
7290008175173,false,חמאה מפינלנד ללא מלח 200 גרם ויליפוד,ג.וילי-פוד אינטרנשיונל **גבינו,FI,חמאה ווליו,גרמים,200.00,100 גרם,false,0,12.90,6.45,true,1,
7290008190909,false,עוגיות מיני קוקיס שוקולד צ'יפס בצנצנת כרמית 600 גרם,כרמית תעשיות ממתקים בעמ,IL,מיני קוקיס,גרמים,600.00,100 גרם,false,0,19.90,3.32,true,1,
7290008268455,false,קיווי ישראלי בראשית,בראשית - אגודה שיתופית חקלאית-,IL,קיווי במארז,יחידה,1.00,יחידה,false,1,17.90,17.90,true,1,
7290008340618,false,סלמון מעושן מצונן דלידג 100 ג',נטו מילנדה סחר בעמ*,IL,סלמון מעושן,גרמים,100.00,100 גרם,false,0,22.90,22.90,true,1,
7290008343466,false,בצק פילו שלושת האופים (500 גרם),שלושת האופים שגמור,IL,בצק פילו 500 גרם,גרמים,500.00,100 גרם,false,0,25.90,5.18,true,1,
7290008345170,false,מקרל חצאים מעושן דלי,נטו מלינדה סחר בע`מ,IL,מקרל מעושן,קילוגרמים,0.00,"ק""ג",true,0,115.00,115.00,true,1,
7290008345576,false,סלט איקרה ביתית לבנה 300 גרם דלידג,נטו מלינדה סחר בע`מ,IL,איקרה ביתית לבנה,גרמים,300.00,100 גרם,false,0,21.90,7.30,true,1,
7290008345583,false,סלט איקרה ביתית ורודה דלידג (300 גרם),נטו מלינדה סחר בע`מ,IL,איקרה ביתית,גרמים,300.00,100 גרם,false,0,21.90,7.30,true,1,
7290008367905,false,בורקס שבלול,,IL,בורקס שבלול,יחידה,1.00,יחידה,false,0,10.90,10.90,true,1,
7290008409049,false,שניצלונים בציפוי שומשום מיני מיני דק מאמא עוף 500 גרם,תנובה מרכז שיתופי לשיווק תוצרת,IL,שניצל מיני דק,גרמים,500.00,100 גרם,false,0,29.50,5.90,true,1,
7290008409100,false,אצבעות שניצל בציפוי שומשום מאמא עוף 700 גרם,תנובה גליל שותפות מוגבלת,IL,אצבעות שניצל,גרמים,700.00,100 גרם,false,0,37.90,5.41,true,1,
7290008409124,false,מאמא עוף קפוא שניצל ג'ונגל פריך 700 גרם,תנובה מרכז שיתופי לשיווק תוצרת,IL,שניצל ג'ונגל,גרמים,700.00,100 גרם,false,0,37.90,5.41,true,1,
7290008409216,false,מאמא עוף קפוא שניצל דק פריך 700 גרם,תנובה מרכז שיתופי לשיווק תוצרת,IL,שניצל דק דק פריך,גרמים,700.00,100 גרם,false,0,42.90,6.13,true,1,
7290008409315,false,שניצלונים בציפוי פריך מיני מיני דק מאמא עוף 500 גרם,תנובה מרכז שיתופי לשיווק תוצרת,IL,מיני דק שניצלוני,גרמים,500.00,100 גרם,false,0,29.50,5.90,true,1,
7290008409407,false,שניצל דק דק צ`יפס מאמא עוף (700 גרם),תנובה גליל שותפות מוגבלת,IL,שניצל דק צ'יפס,גרמים,700.00,100 גרם,false,0,42.90,6.13,true,1,
7290008409582,false,שניצל עוף אמיתי בציפוי ביתי מאמא עוף 700 גרם,תנובה מרכז שיתופי לשיווק תוצרת,IL,שניצל אמיתי ביתי,גרמים,700.00,100 גרם,false,0,44.50,6.36,true,1,
7290008409773,false,קציצות עוף אמיתיות קפואות 700 גרם קפוא,תנובה מרכז שיתופי לשיווק תוצרת,IL,קציצות אמיתיות,גרמים,700.00,100 גרם,false,0,36.70,5.24,true,1,
7290008462204,false,חרדל דיז'ון מקורי נטו מאי 380 גרם,א. סיימן סחר בעמ,FR,חרדל דיז'ון,גרמים,380.00,100 גרם,false,0,18.90,4.97,true,1,
7290008462259,false,חרדל דיז'ון גרגירים מיילי 380 גרם,א. סיימן סחר בעמ,FR,חרדל דיז'ון,גרמים,380.00,100 גרם,false,0,19.90,5.24,true,1,
7290008464024,false,"בירה גולדסטאר Unfiltered, בירה לא מסוננת, פחית 500 מ""ל","טמפו משקאות בע""מ",IL,גולדסטאר בפחית,מיליליטרים,500.00,"100 מ""ל",false,0,10.90,2.18,true,1,
7290008464130,false,"בירה גולדסטאר Unfiltered, בירה לא מסוננת, מארז שישייה, בקבוק 330 מ""ל",טמפו משקאות בעמ,IL,בירה גולדסטאר6יח,ליטרים,1.98,ליטר,false,0,32.90,16.61,true,1,
7290008464222,false,"בירה מכבי 7.9%, בירה חזקה, פחית 500 מ""ל","טמפו משקאות בע""\מ",IL,בירה מכבי 7.9%,מיליליטרים,500.00,"100 מ""ל",false,1,9.00,1.80,true,1,
7290008464468,false,בירה בפחית גולדסטאר (500 מל),פארייפאבה אגרואינדוס,IL,בירה גולדסטאר,מיליליטרים,500.00,"100 מ""ל",false,0,9.30,1.86,true,1,
7290008464475,false,בירה מכבי פחית 500 מ``ל,"טמפו משקאות בע""\מ",IL,בירה מכבי פחית,מיליליטרים,500.00,"100 מ""ל",false,0,8.50,1.70,true,1,
7290008464604,false,"בירה הייניקן פחית 500 מ""ל",טמפו משקאות בע''מ,NL,בירה היינקן פחית,מיליליטרים,500.00,"100 מ""ל",false,0,10.90,2.18,true,1,
7290008464611,false,"הסודה של טמפו, מי סודה בגיזוז חזק, 275 מל",טמפו משקאות בעמ,IL,הסודה של טמפו,מיליליטרים,275.00,"100 מ""ל",false,1,3.90,1.42,true,1,
7290008464673,false,"בירה גולדסטאר SLOWBREW פחית 10%, 500 מ""ל","טמפו משקאות בע""\מ",IL,גולדסטאר סלו ברו,מיליליטרים,500.00,"100 מ""ל",false,1,10.90,2.18,true,1,
7290008464697,false,"בירה מכבי 7.9%, בירה חזקה, מארז שישייה, בקבוק 330 מ""ל",טמפו משקאות בעמ,IL,בירה מכבי 6 יח,ליטרים,1.98,ליטר,false,0,29.90,15.10,true,1,
7290008464741,false,"בירה גולדסטאר, מארז שישייה, בקבוק 330 מ''ל","טמפו משקאות בע""\מ",IL,גולדסטאר 6 יח',ליטרים,1.98,ליטר,false,0,24.90,12.58,true,1,
7290008464796,false,"בירה היינקן, מארז שישייה, בקבוק 330 מ''ל",טמפו משקאות בע''מ,IL,בירה הייניקן 6יח,ליטרים,1.98,ליטר,false,0,39.90,20.15,true,1,
7290008493413,false,פירורי לחם מאיר בייגל פירורי גריסיני 200 גרם,"דנשר (1963) בע,מ",IL,פירורי גריסיני,גרמים,200.00,100 גרם,false,0,7.50,3.75,true,1,
7290008493710,false,פירורי לחם מאיר בייגל פרורי גריסני זהב 200 גרם,"דנשר (1963) בע,מ",IL,פירורי גריסיני,גרמים,200.00,100 גרם,false,1,7.50,3.75,true,1,
7290008500005,false,תערובת להכנת עוגת בראוניז ללא גלוטן פלסברי,"ג'נרל מילס- Vio Inofita,",GR,תערובת לבראוניז,גרמים,415.00,100 גרם,false,1,20.90,5.04,true,1,
7290008644112,false,אחלה יום יום סלט מטבוחה יום יום 125 גרם,שטראוס גרופ בעמ/מצונן,IL,מטבוחה יום יום,גרמים,125.00,100 גרם,false,0,5.70,4.56,true,1,
7290008645935,false,אחלה חומוס לניגוב 750 גרם,שטראוס גרופ בעמ/מצונן,IL,חומוס אחלה,גרמים,750.00,100 גרם,false,0,11.90,1.59,true,1,
7290008670012,false,"יין אדום קברנה סוביניון רקנאטי 750 מ""ל",היכל היין שקד גולן בעמ,IL,קברנה סוביניון,מיליליטרים,750.00,"100 מ""ל",false,0,54.90,7.32,true,1,
7290008679428,false,כפפות הנדי לבית ולמטבח בינוני,גורי מוצרי צריכה בעמ,TW,זוג כפפות בית,יחידה,1.00,יחידה,false,0,6.70,6.70,true,1,
7290008690713,false,נקטר חמוציות אושן ספריי פריגת (1 ליטר),החברה המרכזית להפצת משקאות בעמ,IL,אושן ספריי,ליטרים,1.00,ליטר,false,0,13.50,13.50,true,1,
7290008693134,false,מעדן גבינה ויוגורט בטעם תות 5% שומן 88 ג' דניאלה,שטראוס גרופ בעמ/מצונן,IL,דניאלה תות מוקצף,גרמים,88.00,100 גרם,false,0,4.30,4.89,true,1,
7290008713900,false,לחם שיפון עגול פרוס אחדות (750 גרם),מאפיית אנג'\ל אורנים מאפ,IL,לחם שיפון עגול,גרמים,750.00,100 גרם,false,0,14.90,1.99,true,1,
7290008745239,false,תפוצ'יפס קראנצ' בטעם טבעי עלית 50 גרם,"שטראוס פריטו ליי בע""\מ )",IL,תפוצ'יפס קראנצ',גרמים,50.00,100 גרם,false,0,4.30,8.60,true,1,
7290008747547,false,תפוצ'יפס קראנץ' בטעם טבעי עלית 200 גרם,"שטראוס פריטו ליי בע""\מ )",IL,תפוצ'יפס קראנצ',גרמים,200.00,100 גרם,false,0,10.90,5.45,true,1,
7290008750264,false,"מסטיק מאסט ציקלס דובדבן 28 גרם לל""ס מגדים",שטראוס גרופ בע`מ,IL,מסטיק מאסט,גרמים,28.00,100 גרם,false,0,4.60,16.43,true,1,
7290008754415,false,גומי מאסט בטעם ספירמינט עדין פליפטופ 28 ג' עלית,שטראוס גרופ בע`מ,IL,מסטיק מאסט LL,גרמים,28.00,100 גרם,false,0,4.60,16.43,true,1,
7290008754422,false,גומי מאסט בטעם פפרמינט קלאסי פליפטופ 28 ג' עלית,שטראוס גרופ בע`מ,IL,מסטיק LL MUST,גרמים,28.00,100 גרם,false,0,4.60,16.43,true,1,
7290008757010,false,"שוופס ביטר לימון 250 מ""ל - בודד",יפאורה שותפות מובגלת לשיווק,IL,שוופס ביטר לימון,מיליליטרים,250.00,"100 מ""ל",false,0,8.30,3.32,true,1,
7290008757027,false,"שוופס טוניק 250 מ""ל זכוכית",יפאורה שותפות מובגלת לשיווק,IL,שוופס טוניק,מיליליטרים,250.00,"100 מ""ל",false,0,8.30,3.32,true,1,
7290008757034,false,"שוופס סודה זכוכית 250 מ""ל",יפאורה שותפות מוגבלת לשיווק,IL,מי סודה,מיליליטרים,250.00,"100 מ""ל",false,0,4.30,1.72,true,1,
7290008757980,false,קרטונית ספרינג נקטר רימונים 1 ליטר,יפאורה שותפות מוגבלת לשיווק,IL,נקטר רימונים,ליטרים,1.00,ליטר,false,0,7.60,7.60,true,1,
7290008775816,false,ערגליות עוגיות במילוי שוקולד אסם 300 גרם,קבוצת אוסם סחר שותפות מוגבלת,IL,ערגליות שוקו,גרמים,300.00,100 גרם,false,0,11.50,3.83,true,1,
7290008775823,false,ערגליות עוגיות תות שדה אסם 300 גרם,קבוצת אוסם סחר שותפות מוגבלת,IL,ערגליות תות,גרמים,300.00,100 גרם,false,0,11.50,3.83,true,1,
7290008801843,false,סלקטד קברנה סובניון יקבי כרמל (750 מל),אגודת הכורמים בעמ,IL,קברנה סוביניון,מיליליטרים,750.00,"100 מ""ל",false,0,32.90,4.39,true,1,
7290008801850,false,סלקטד אמרלד ריזלינג לבן חצי יבש 750 מל,אגודת הכורמים הקואופרטיב,IL,אמרלד ריזלינג,מיליליטרים,750.00,"100 מ""ל",false,0,32.90,4.39,true,1,
7290008806985,false,נישנושים גלידה שוקו וניל בציפוי שוקולד 60 יח' קרמיסימו,"גלידת שטראוס בע""\מ, רחוב",IL,נשנושי שוקווניל,גרמים,630.00,100 גרם,false,0,49.90,7.92,true,1,
7290008846219,false,"שמן זית כתית מעולה חלוצה 750 מ""ל",האי נאם סי או אל.טי.,IL,שמן זית כתית,מיליליטרים,750.00,"100 מ""ל",false,0,43.90,5.85,true,1,
7290008909853,false,"קוקה קולה זירו בקבוק 500 מ""ל.",החברה המרכזית להפצת משקאות בעמ,IL,קוקה קולה זירו,מיליליטרים,500.00,"100 מ""ל",false,0,8.50,1.70,true,1,
7290008909884,false,"קוקה קולה זירו 350 מ""ל בקבוק זכוכית",החברה המרכזית להפצת משקאות בעמ,IL,קולה זירו בקבוק,מיליליטרים,350.00,"100 מ""ל",false,1,7.50,2.14,true,1,
7290009011043,true,פילה אמנון טרי שופרסל קג,דגת הארץ,IL,פילה אמנון טרי,קילוגרמים,0.00,"ק""ג",true,1,89.90,89.90,true,1,
7290009011050,true,פילה בורי טרי שופרסל לקג,דגת הארץ,IL,פילה בורי טרי,קילוגרמים,0.00,"ק""ג",true,1,97.90,97.90,true,1,
7290009011067,true,פילה באס טרי שופרסל לקג,דגת הארץ,IL,פילה באס טרי,קילוגרמים,0.00,"ק""ג",true,1,124.90,124.90,true,1,
7290009011128,true,נתחי סלמון טרי שופרסל לק,דגת הארץ,IL,נתחי סלמון טרי ש,קילוגרמים,0.00,"ק""ג",true,1,139.90,139.90,true,1,
7290009013023,true,"פילה דניס טרי ארוז ק""ג",דגת הארץ,IL,פילה דניס טרי,קילוגרמים,0.00,"ק""ג",true,1,124.90,124.90,true,1,
7290009137408,true,מיקס דונאטס 4 יח,סטוקסון,PL,מיקס דונאטס 4 יח,יחידה,1.00,יחידה,false,1,19.90,19.90,true,1,
7290009137897,true,אבוקדו במשקל,,IL,אבקודו גליל,קילוגרמים,0.00,"ק""ג",true,1,14.90,14.90,true,1,
7290009391619,true,כרעיים עוף טרי פרמיום קג,מילועוף,IL,כרעיים עוף טרי,קילוגרמים,0.00,"ק""ג",true,1,34.90,34.90,true,1,
7290009391626,true,שוקיים עוף טרי פרמיום קג,מילועוף,IL,שוקיים פרמיום,קילוגרמים,0.00,"ק""ג",true,1,37.90,37.90,true,1,
7290009391657,true,שניצל עוף דק פרימיום שופ,מילועוף,IL,שניצל דק פרמיום,קילוגרמים,0.00,"ק""ג",true,1,44.90,44.90,true,1,
7290009391664,true,פילה עוף טרי פרמיום שופר,מילועוף,IL,פילה פרמיום טרי,קילוגרמים,0.00,"ק""ג",true,1,49.90,49.90,true,1,
7290009391688,true,חזה עוף טרי פרמיום שופרס,מילועוף,IL,חזה פרמיום טרי,קילוגרמים,0.00,"ק""ג",true,1,39.90,39.90,true,1,
7290009392012,true,פילה לברק טרי ארוז קג,דגת הארץ,IL,פילה לברק טרי,קילוגרמים,0.00,"ק""ג",true,0,139.90,139.90,true,1,
7290009398113,true,חלה אפויה קפואה 560 גרם,גידרון,,חלה מתוקה,יחידה,1.00,יחידה,false,0,13.50,13.50,true,1,
7290009398618,true,סופגנ.מטוגנ.קפוא+ריבה80ג,גידרון,IL,סופגניה רגילה,גרמים,80.00,100 גרם,false,0,5.90,7.38,true,1,
7290009398687,true,דונטס מטוגן,גידרון,IL,דונאט,יחידה,1.00,יחידה,false,0,7.50,7.50,true,1,
7290009398786,true,מארז פיתות אסלית 5יח100*,מאפיית אנג'ל,IL,5 פיתות אסליות,גרמים,500.00,100 גרם,false,0,8.50,1.70,true,1,
7290009398847,true,לחמניית חלה מתוקה,גידרון,IL,לחמניית חלה מתוק,יחידה,1.00,יחידה,false,0,4.70,4.70,true,1,
7290009401790,true,מארז פיתה כפרית 5יח100*ג,מאפיית אנג'ל,IL,פיתה קמח מלא 5יח,גרמים,500.00,100 גרם,false,0,9.90,1.98,true,1,
7290009950106,true,"משקה אנרגיה מצונן 250מ""ל",,,משקה אנרגיה250מל,מיליליטרים,250.00,"100 מ""ל",false,0,5.80,2.32,true,1,
7290009950151,true,בירה מצוננת500מל,,,בירה מצוננת500מל,מיליליטרים,500.00,"100 מ""ל",false,0,11.00,2.20,true,1,
7290009950717,true,סופגניה גדולה מצופה יח',גידרון,IL,סופגניה מצופה,יחידה,1.00,יחידה,false,0,7.90,7.90,true,1,
7290009950724,true,סופגניה מיני מצופה,גידרון,IL,סופגנ.מיני מצופה,יחידה,1.00,יחידה,false,0,5.90,5.90,true,1,
7290009951639,true,סופגניה גדולה מצופה 6יח',גידרון,IL,סופגניה מצופה6יח,יחידה,1.00,יחידה,false,0,32.90,32.90,true,1,
7290009951899,true,מאפה מלוח משקל,גידרון,IL,מאפה מלוח חלבי,קילוגרמים,0.00,"ק""ג",true,0,42.00,42.00,true,1,
7290009951912,true,מאפה מתוק משקל,גידרון,IL,מאפה מתוק,קילוגרמים,0.00,"ק""ג",true,0,42.00,42.00,true,1,
7290009952674,true,שתיה מוגזת מצוננת 1.5 ל',גידרון,IL,משקה מצונן330מל,מיליליטרים,330.00,"100 מ""ל",false,0,6.50,1.97,true,1,
7290009954999,true,מים מצוננים500מל,,IL,מים מצוננים500מל,מיליליטרים,500.00,"100 מ""ל",false,0,6.90,1.38,true,1,
7290009955002,true,מים מצוננים1.5ל,,IL,מים מצוננים1.5ל,ליטרים,1.50,ליטר,false,0,8.00,5.33,true,1,
7290009955019,true,משקה מצונן 1.5ל,,IL,משקה מצונן 1.5ל,ליטרים,1.50,ליטר,false,0,12.00,8.00,true,1,
7290009957556,true,סופגניה גדולה רגילה 3יח',גידרון,IL,סופגניה רגילה3יח,יחידה,1.00,יחידה,false,1,12.90,12.90,true,1,
7290009958515,true,"תפו""ע קנדין אורגני במשקל",,IT,תפוח עץ קנדין,קילוגרמים,0.00,"ק""ג",true,1,20.90,20.90,true,1,
7290010002078,false,פלפל שחור טחון תבליני מימון (100 גרם),א.ל. ייצור ושיווק תבלינים בע`מ,IL,פלפל שחור טחון,גרמים,100.00,100 גרם,false,0,16.90,16.90,true,1,
7290010002146,false,פפריקה מרוקאית מתוקה תבליני מימון 100 גרם,א.ל. ייצור ושיווק תבלינים בע`מ,IL,פפריקה מרוקאית,גרמים,100.00,100 גרם,false,0,12.90,12.90,true,1,
7290010002368,false,תערובת חווויג' תבליני מימון 100 גרם,א.ל. ייצור ושיווק תבלינים בע`מ,IL,חוויאג' למרק,גרמים,100.00,100 גרם,false,0,12.90,12.90,true,1,
7290010163632,false,שזיף ללא גלעין400ג'שקדיה,שקדיה,IL,שזיף ללא גלעין,גרמים,400.00,100 גרם,false,0,27.70,6.93,true,1,
7290010192816,false,תמר מג'הול ללא גלעין 45,תימורת הערבה,IL,תמר מגהול 45ג,גרמים,45.00,100 גרם,false,1,4.90,10.89,true,1,
7290010259991,false,צנימים מיוחדים בטעם טבעי 250 ג',ג. וילי-פוד אינטרנשיונל בע`מ,GR,צנימים,גרמים,250.00,100 גרם,false,0,8.90,3.56,true,1,
7290010429554,false,"שמן זית כתית מעולה יד מרדכי 2 קלאסי, 750 מ""ל",מכוורת יד מרדכי שטראוס ב,IL,שמן זית 2 קלאסי,מיליליטרים,750.00,"100 מ""ל",false,0,37.90,5.05,true,1,
7290010471669,false,יוגורט תות עם קורנפלקס מצופה שוקולד ללא גלוטן 3.9%,שטראוס גרופ בעמ/מצונן,IL,דנונה בר תות,גרמים,175.00,100 גרם,false,0,4.80,2.74,true,1,
7290010513727,false,פנקו פרורי לחם 200 גרם (קינגדאו),מזרח ומערב יבוא ושיווק,CN,פנקו פרוי לחם,גרמים,200.00,100 גרם,false,0,8.90,4.45,true,1,
7290010609000,false,טרופיקש משקה ענבים 200מ,דודו הדיל בעמ,IL,טרופיקש יחידה,מיליליטרים,200.00,"100 מ""ל",false,1,2.50,1.25,true,1,
7290010609079,false,טרופיקש 10 יח,,IL,טרופיקש 10 יח,ליטרים,2.00,ליטר,false,0,16.30,8.15,true,1,
7290010627004,false,טחינה גולמית מסורתית ירושלים 500 ג',תה ויסוצקי (ישראל) בעמ,IL,טחינה ירושלים,גרמים,500.00,100 גרם,false,0,16.90,3.38,true,1,
7290010650033,false,בצלצלי שלוט מגשית 350 גר,ביכורי השדה צפון 1994 ג.ד. בעמ,NL,בצלצלי שאלוט,גרמים,350.00,100 גרם,false,0,15.00,4.29,true,1,
7290010650194,false,זנגוויל (ג'ינג'ר)ארוז מגשית,"פסח בא בע""מ",CN,שורש גינגר טרי,גרמים,250.00,100 גרם,false,0,11.90,4.76,true,1,
7290010838219,false,ממתיק על בסיס צמח הסטיביה - שקיות,"קיפל טבליות וממתיקים בע""מ",IL,ממתיק מרמולייט,גרמים,100.00,100 גרם,false,0,32.90,32.90,true,1,
7290010931330,false,סלט מטבוחה אחלה 500 גרם,שטראוס גרופ בעמ/מצונן,IL,סלט מטבוחה אחלה,גרמים,500.00,100 גרם,false,0,14.90,2.98,true,1,
7290010970018,false,תמרים מרוסקים 500 גרם,,AE,תמרים מרוסקים,גרמים,500.00,100 גרם,false,1,14.90,2.98,true,1,
7290011017866,false,פחית קולה סליק קוקה-קולה (330 מל),החברה המרכזית להפצת משקאות בעמ,IL,קוקה קולה פחית,מיליליטרים,330.00,"100 מ""ל",false,0,5.40,1.64,true,1,
7290011017873,false,פחית זירו סליק קוקה-קולה (330 מל),החברה המרכזית להפצת משקאות בעמ,IL,קולה זירו,מיליליטרים,330.00,"100 מ""ל",false,0,5.40,1.64,true,1,
7290011018184,false,תה קר בטעם אפרסק פיוז-טי (500 מל),החברה המרכזית להפצת משקאות בעמ,IL,פיוז תה אפרסק,מיליליטרים,500.00,"100 מ""ל",false,0,8.80,1.76,true,1,
7290011018832,false,"קוקה קולה פרידגפק סליק 330 מ""ל שישייה",החברה המרכזית להפצת משקאות בעמ,IL,קוקה קולה 6פחיות,ליטרים,1.98,ליטר,false,0,24.90,12.58,true,1,
7290011018924,false,"מארז פחיות דיאט קוקה קולה שישייה 330 מ""ל",החברה המרכזית להפצת משקאות בעמ,IL,שישיית קולה דיאט,ליטרים,1.98,ליטר,false,0,24.90,12.58,true,1,
7290011051358,false,"שוופס סודה לימון זכוכית 250 מ""ל",יפאורה - שותפות מוגבלת לשיווק,IL,שוופס סודה לימון,מיליליטרים,250.00,"100 מ""ל",false,1,4.30,1.72,true,1,
7290011081492,false,גלידה בטעם שלושה שוקולדים 1.33ל' קרמיסימו,"גלידת שטראוס בע""\מ, רחוב",IL,קרמיסימו שוקולדי,ליטרים,1.33,ליטר,false,0,21.90,16.47,true,1,
7290011110109,false,תירס לבן מתוק יחידה,"יגור חקלאות בע""מ",IL,תירס לבן מתוק,יחידה,1.00,יחידה,false,1,17.90,17.90,true,1,
7290011126452,false,הגן הקסום תה בטעם קמומיל ונענע ויסוצקי 25 יחידות,תה ויסוצקי (ישראל) בעמ,IL,חליטת קמומיל,גרמים,37.00,100 גרם,false,0,19.90,53.78,true,1,
7290011126469,false,חליטת צמחים וקמומיל הגן הקסום ויסוצקי 25 יחידות,תה ויסוצקי (ישראל) בעמ,IL,חליטת קמומיל+דבש,גרמים,37.00,100 גרם,false,0,19.90,53.78,true,1,
7290011126957,false,תה ירוק ארל גריי ויסוצקי 25 יחידות,תה ויסוצקי (ישראל) בעמ,IL,תה ירוק ארל גריי,גרמים,37.00,100 גרם,false,0,26.90,72.70,true,1,
7290011133634,false,"פפסי מקס פחית צרה מארז שישייה 330 מ""ל","טמפו משקאות בע""\מ",IL,פפסי מקס 6 פחיות,ליטרים,1.98,ליטר,false,1,19.90,10.05,true,1,
7290011194246,false,קוטג 5% 250 גרם עם סידן שטראוס,שטראוס גרופ בעמ/מצונן,IL,קוטג' 5% שומן,גרמים,250.00,100 גרם,false,0,6.00,2.40,true,1,
7290011223038,false,בונומי עלים לקרמשניט שכבות אפויות מבצק עלים 300 גרם,דנשר (1963) בעמ,IT,עלים לקרמשניט,גרמים,300.00,100 גרם,false,1,16.90,5.63,true,1,
7290011378257,false,חטיף חלבה בטעם וניל ללא תוספת סוכר בתוספת פיסטוק ופקאן,קבוצת אוסם סחר-שות.מוגבלת,IL,חטיפי חלבה 7 יח,גרמים,125.00,100 גרם,false,0,13.90,11.12,true,1,
7290011378769,false,חטיף חלווה וניל בארכה 126 גרם מארז 7 יחידות,קבוצת אוסם סחר שותפות מוגבלת,IL,חטיפי חלבה,גרמים,126.00,100 גרם,false,0,14.50,11.51,true,1,
7290011435226,false,דבש מפרחי בר לחיץ 650 ג' יד מרדכי,מכוורת יד מרדכי שטראוס ב,IL,דבש בקבוק לחיץ,גרמים,650.00,100 גרם,false,0,39.30,6.05,true,1,
7290011438142,false,"משקה יטבתה אייס קפה בבקבוק אישי 350 מ""ל",שטראוס גרופ בעמ/מצונן,IL,משקה חלב קפה,מיליליטרים,350.00,"100 מ""ל",false,0,6.50,1.86,true,1,
7290011498511,false,ממרח חלבה מלאה עשירה350ג,שקד תבור,IL,ממרח חלבה,גרמים,350.00,100 גרם,false,1,16.90,4.83,true,1,
7290011499051,false,פטה כבשים מסורתית 20% בגביע 250 גרם - רובין,מחלבות גד שיווק 1992 בעמ,IL,פטה כבשים,גרמים,250.00,100 גרם,false,0,26.90,10.76,true,1,
7290011499105,false,בולגרית מסורתית 5% 250 גרם -רבנות,מחלבות גד שיווק 1992 בעמ,IL,גבינה בולגרית 5%,גרמים,250.00,100 גרם,false,0,23.30,9.32,true,1,
7290011499112,false,בולגרית מסורתית 16% 250 גרם - רבנות,מחלבות גד שיווק 1992 בעמ,IL,גבינה בולגרית,גרמים,250.00,100 גרם,false,0,23.70,9.48,true,1,
7290011499129,false,גבינה בולגרית מעודנת קוביות קטנות 5% גד 200 גרם,מחלבות גד שיווק 1992 בעמ,IL,קוביות בולגרית,גרמים,200.00,100 גרם,false,0,23.60,11.80,true,1,
7290011499303,false,פטה עיזים מעודנת 5% בגביע 250 גרם - רבנות,מחלבות גד שיווק 1992 בעמ,IL,פטה מעודנת עיזים,גרמים,250.00,100 גרם,false,0,30.90,12.36,true,1,
7290011499327,false,גבינה בולגרית מעודנת 5% 250 גרם - רבנות,מחלבות גד שיווק 1992 בעמ,IL,בולגרית מעודנת5%,גרמים,250.00,100 גרם,false,0,23.90,9.56,true,1,
7290011499341,false,גבינת קשקבל ארוז 26 אחוז 250גרם גד,מחלבות גד שיווק 1992 בעמ,IL,גבינת קאשקבלו,גרמים,200.00,100 גרם,false,0,29.90,14.95,true,1,
7290011499365,false,גבינת חלומי 24% מחלב בקר גד (200 גרם),מחלבות גד שיווק 1992 בעמ,IL,חלומי גד 24%,גרמים,200.00,100 גרם,false,0,21.90,10.95,true,1,
7290011499419,false,גבינה במרקם שמנת בטעם טבעי 5% ניו יורק,מחלבות גד שיווק 1992 בעמ,IL,גבינת שמנת גד5%,גרמים,200.00,100 גרם,false,0,11.80,5.90,true,1,
7290011499525,false,גבינת לאבנה דרוזית 9% גד 500 גרם,מחלבות גד שיווק 1992 בעמ,IL,לאבנה דרוזית 9%,גרמים,500.00,100 גרם,false,0,20.50,4.10,true,1,
7290011499624,false,שמנת 30% ניו יורק טבעי 200 גרם רבנות,מחלבות גד שיווק 1992 בעמ,IL,גבינת שמנת 30%,גרמים,200.00,100 גרם,false,0,13.40,6.70,true,1,
7290011501617,false,חמוציות ברכז תפוחים ללא סוכר 250 גרם,דין שיווק וקליה 2021 בעמ,IL,חמוציות דל סוכר,גרמים,250.00,100 גרם,false,0,20.70,8.28,true,1,
7290011515683,false,מאגדת טילון אקסטרים וניל נסטלה 6 יחידות,נגה גלידות שותפות מוגבלת,IL,מאגדת אקסטרים,גרמים,432.00,100 גרם,false,0,37.90,8.77,true,1,
7290011515911,false,שלגוני לייט ריבת חלב עם סירופ 6*52 גרם,נגה גלידות שותפות מוגבלת,IL,מאגדת לייט,גרמים,312.00,100 גרם,false,0,32.90,10.54,true,1,
7290011587598,false,פילה אנשובי בשמן תומר (45 גרם),תומר ייבוא ושיווק מוצרי מזון [,PE,פילה אנשובי,גרמים,45.00,100 גרם,false,0,7.90,17.56,true,1,
7290011598211,false,"סנו - אנטי קאלק מרסס ניקוי כללי 4 ב-1 700 מ""ל",החברה הדרומית לשיווק בעמ,IL,סנו אנטי קאלק,מיליליטרים,700.00,"100 מ""ל",false,0,19.90,2.84,true,1,
7290011607180,false,"אבקת כביסה קולון 101 1.25 ק""ג",רקיט בנקיזר (ניר איסט) בעמ,IL,אבקת כביסה קולון,קילוגרמים,1.25,"ק""ג",false,0,14.90,11.92,true,1,
7290011765118,false,קצף גילוח קרמה מן דליקט 200 מל,"אביאפ, איסטנבול, תור",TR,קצף גילוח עדין,מיליליטרים,200.00,"100 מ""ל",false,0,11.30,5.65,true,1,
7290011765446,false,משחת שיניים לילדים בוב ספוג בטעם מיץ ענבים עם פלואוריד למניעת עששת,טרופיקל דגיל תעשיות קוסמ,IL,משחת שיניים,גרמים,70.00,100 גרם,false,0,8.90,12.71,true,1,
7290011800840,false,רפי כהן סלט טחינה בלאדי צבר 400 גרם,קבוצת אוסם סחר שותפות מוגבלת,IL,סלט טחינה בלאדי,גרמים,400.00,100 גרם,false,0,17.90,4.48,true,1,
7290011877859,false,סנו אינסטלטור חדש פותח סתימות 200ג',החברה הדרומית לשיווק בעמ,IL,סנו אינסטלטור,גרמים,200.00,100 גרם,false,0,15.90,7.95,true,1,
7290011947316,false,זיתא זיתי קלמטה בשמן זית כתית מעולה 215ג,תה ויסוצקי (ישראל) בעמ,IL,זיתי קלמטה,גרמים,215.00,100 גרם,false,1,14.90,6.93,true,1,
7290011947743,false,זיתים זיתא מיקס זית ירוק וזית קלמטה 215 גרם,תה ויסוצקי (ישראל) בעמ,IL,מיקס זיתים,גרמים,215.00,100 גרם,false,1,14.90,6.93,true,1,
7290011947781,false,מיקס זית ירוק וזית קלמטה ללא גלעין עם שמן זית כתית מעולה,תה ויסוצקי (ישראל) בעמ,IL,מיקס זית ירוק,גרמים,190.00,100 גרם,false,1,14.90,7.84,true,1,
7290011947798,false,זית קלמטה ללא גלעין עם שמן זית כתית מעולה,תה ויסוצקי (ישראל) בעמ,IL,זית קלמטה,גרמים,190.00,100 גרם,false,1,14.90,7.84,true,1,
7290011947903,false,מיקס זיתים יווני זיתא 215 גרם,תה ויסוצקי (ישראל) בעמ,IL,מיקס זיתים יווני,גרמים,232.00,100 גרם,false,1,14.90,6.42,true,1,
7290012001994,false,חרדל דיז'ון גרעינים 350 ג' ריין דיזון,דיפלומט מפיצים (1968) בעמ**,FR,חרדל דיז'ון ריין,גרמים,350.00,100 גרם,false,0,13.10,3.74,true,1,
7290012019265,false,"מחית תפו""ע ללא תוספת סוכר 4*113גר",תומר ייבוא ושיווק מוצרי מזון [,US,"רסק תפו""ע ללת""ס",גרמים,452.00,100 גרם,false,0,11.90,2.63,true,1,
7290012022005,false,פריכיות חיטה 60 גרם,דילייט 2005 בעמ,IL,קריספיות טבעי,גרמים,60.00,100 גרם,false,0,13.90,23.17,true,1,
7290012022050,false,פריכיות חיטה מלאה 100 גרם,דילייט 2005 בעמ,IL,קריספיות דגנים,גרמים,75.00,100 גרם,false,0,15.90,21.20,true,1,
7290012022067,false,קריספיות קידס 30 גרם,דילייט 2005 בעמ,IL,קריספיות קידס,גרמים,30.00,100 גרם,false,0,12.90,43.00,true,1,
7290012086113,false,עגבניות שרי אשכולות מארז,ביכורי השדה הצפון בעמ` 1964,IL,שרי אשכולות,גרמים,460.00,100 גרם,false,0,10.90,2.37,true,1,
7290012117350,false,"נוזל רצפות לילך 2 ליטר ""ריצפז פרש""",החברה הדרומית לשיווק בעמ,IL,סנו ריצפז,ליטרים,2.00,ליטר,false,0,19.90,9.95,true,1,
7290012117534,false,מרכך כביסה מרוכז תכלת קול סנו מקסימה 1 ליטר,החברה הדרומית לשיווק בעמ,IL,מקסימה ס.מרוכז,ליטרים,1.00,ליטר,false,0,18.90,18.90,true,1,
7290012117558,false,מקסימה מרכך כביסה מרוכז ורוד בניחוח מאסק סנו 1 ליטר,החברה הדרומית לשיווק בעמ,IL,מקסימה ס.מרוכז,ליטרים,1.00,ליטר,false,0,18.90,18.90,true,1,
7290012117626,false,שטיפת פה דנטלית לילדים בטעם ענבים בוב ספוג,קוסמופארם בע'\'\מ,IL,אורביטול מי פה,מיליליטרים,250.00,"100 מ""ל",false,0,12.90,5.16,true,1,
7290012117916,false,אינסטלטור נוזל לפתיחת סתימות סנו 1 ליטר,החברה הדרומית לשיווק בעמ,IL,אינסטלטור נוזלי,ליטרים,1.00,ליטר,false,0,29.90,29.90,true,1,
7290012226120,false,קבנוס זוגלובק (45x3 גרם),נקניק נהריה כשר זוגל,IL,קבנוס,גרמים,135.00,100 גרם,false,0,12.90,9.56,true,1,
7290012226939,false,קבנוס עם צ'ילי חריף זוגלובק 135 גרם,נקניק נהריה כשר זוגל,IL,קבנוס בטעם צ'ילי,גרמים,135.00,100 גרם,false,0,12.90,9.56,true,1,
7290012227974,false,פסטרמה הודו בדבש טהור דק דק דק,זוגלובק שיווק בעמ,IL,פסטרמה בדבש דק,גרמים,120.00,100 גרם,false,1,14.90,12.42,true,1,
7290012227981,false,פסטרמה דק דק ברביקיו 120 ג' זוגלובק,זוגלובק שיווק בעמ,IL,פסטרמה ברביקיו,גרמים,120.00,100 גרם,false,1,14.90,12.42,true,1,
7290012227998,false,פסטרמה דק דק חזה בקר 120 ג' זוגלובק,זוגלובק שיווק בעמ,IL,חזה בקר דק דק,גרמים,120.00,100 גרם,false,1,14.90,12.42,true,1,
7290012228261,false,נקנקיות קנקרס הודו ועוף ריינהולד'ס זוגלובק 300 ג',זוגלובק שיווק בעמ,IL,נקניקיות קנקרס ה,גרמים,300.00,100 גרם,false,1,23.90,7.97,true,1,
7290012244643,false,מארז פיתה תימנית5יח100*ג,מאפיית אנג'ל,IL,פיתה תימנית 5יח,גרמים,5.00,100 גרם,false,0,13.90,278.00,true,1,
7290012522581,false,טבעול שניצל תירס ללא גלוטן טבעול 664 גרם,קבוצת אוסם סחר-שות.מוגבלת,IL,שניצל תירס,גרמים,664.00,100 גרם,false,0,25.90,3.90,true,1,
7290012561405,false,בצל קצוץ ומטוגן דורות (180 גרם),קבוצת אוסם סחר שותפות מוגבלת,IL,בצל חצי מטוגן,גרמים,180.00,100 גרם,false,0,11.90,6.61,true,1,
7290012576607,false,"יין קברנה סוביניון פרמייר מלבק אדום ברקן 750 מ""ל","ברקן שיווק והפצה בע""",IL,פרמייר קברנה,מיליליטרים,750.00,"100 מ""ל",false,0,28.90,3.85,true,1,
7290012576614,false,יין Premieur לבן חצי יבש אמרלד ריזלינג קולומברד,יקבי ברקן שיווק והפצה בע,IL,פרמייר ריזלינג,מיליליטרים,750.00,"100 מ""ל",false,0,28.90,3.85,true,1,
7290012588242,false,"מים מינרלים מיי וואטר כדורגל מארז 500X6מ""ל",נרה קריטיס אס איי באריפט,GR,מים מינרלים6יח,ליטרים,3.00,ליטר,false,1,10.90,3.64,true,1,
7290012645075,false,יוגורט כבשים יווני גביע 350 גרם חלב הארץ,שטראוס גרופ בעמ/מצונן,IL,יוגורט יווני,גרמים,350.00,100 גרם,false,0,13.90,3.97,true,1,
7290012645112,false,יוגורט עיזים 2.8% בדלי חלב הארץ 750 גרם,שטראוס גרופ בעמ/מצונן,IL,יוגורט עיזים,גרמים,750.00,100 גרם,false,1,21.50,2.87,true,1,
7290012803222,false,טוסו ופל בסגנון בלגי בטעם לימון ללא תוספת סוכר 200 גרם,בטר אנד דיפרנט,IL,וופל בלגי,גרמים,200.00,100 גרם,false,0,9.90,4.95,true,1,
7290012823558,false,"מטליות לחות לרצפה 40*70 ס""מ סנו סושי 10 יחידות",החברה הדרומית לשיווק בעמ,IL,מטליות רצפה לחות,יחידה,1.00,יחידה,false,0,11.90,11.90,true,1,
7290012864254,false,נבטי ברוקולי אורגני יחיד,נבטי העמק,IL,נבטי ברוקולי,יחידה,1.00,יחידה,false,1,11.90,11.90,true,1,
7290012884986,false,צ`יפס לתנור עד 4% שומן תפוגן (1.5 קג),קבוצת אוסם סחר שותפות מוגבלת,IL,ציפס לתנור,קילוגרמים,1.50,"ק""ג",false,0,29.90,19.93,true,1,
7290013027399,false,לחם קמח מלא קל בתוספת שיפון 750 ג' אנג'ל,מאפיית שלמה א. אנג'\ל בע,IL,אנג'ל -100קל,גרמים,750.00,100 גרם,false,0,15.90,2.12,true,1,
7290013083678,false,"מטרנה אקסטרה קר שלב 2 חסכון 700 גרם תמ""ל",קבוצת אוסם סחר-שות.מוגבלת,IL,מטרנה אקסטרה קר,גרמים,700.00,100 גרם,false,0,61.90,8.84,true,1,
7290013083685,false,תחליף חלב מטרנה אקסטרה קר שלב 3 חסכון 700 גרם,קבוצת אוסם סחר-שות.מוגבלת,IL,מטרנה אקסטרה קר,גרמים,700.00,100 גרם,false,0,61.90,8.84,true,1,
7290013117212,false,בורקס פילו במילוי גבינה 600 גר`מעדנות,תנובה מרכז שיתופי לשיווק תוצרת,IL,בורקס גבינה,גרמים,600.00,100 גרם,false,0,23.90,3.98,true,1,
7290013145796,false,"רביעיית צבעי מאכל גל 4*25 מ""ל",א.ל.יצור ושיווקתבלינים בעמ,IL,צבעי מאכל 4 יח,מיליליטרים,100.00,"100 מ""ל",false,1,54.90,54.90,true,1,
7290013145901,false,"סודה לשתיה 100 גרם ""מיימונס""",א.ל. ייצור ושיווק תבלינים בע`מ,IL,סודה לשתיה,גרמים,100.00,100 גרם,false,0,2.30,2.30,true,1,
7290013156006,false,עוגיות כעכים לקפה מרוקאיות 200גר,הלל בן הלל שיווק ומסחר בעמ,IL,עוגיות מרוקאיות,גרמים,350.00,100 גרם,false,1,18.90,5.40,true,1,
7290013156822,false,עוגיות רייף 350ג גאקובס,הלל בן הלל שיווק ומסחר בעמ,IL,עוגיות רייף,גרמים,350.00,100 גרם,false,1,18.90,5.40,true,1,
7290013156846,false,עוגיות מלוחות גיקובס,הלל בן הלל שיווק ומסחר בעמ,IL,עוגיות מלוחות,גרמים,350.00,100 גרם,false,1,18.90,5.40,true,1,
7290013156921,false,עוגיות מרוקאיות ללא סוכר,הלל בן הלל שיווק ומסחר בעמ,IL,אצבעות מתוקות,גרמים,350.00,100 גרם,false,1,18.90,5.40,true,1,
7290013268020,false,מקסימה מרכך כביסה מרוכז בניחוח אולטרא פרש סנו 1 ליטר,החברה הדרומית לשיווק בעמ,IL,מרכך כביסה,ליטרים,1.00,ליטר,false,0,18.90,18.90,true,1,
7290013268891,false,אוקסיג'ן ג'ל ללא אקונומיקה עם חמצן פעיל סנו 3 ליטר,החברה הדרומית לשיווק בעמ,IL,אוקסיג'ן ג'ל,ליטרים,3.00,ליטר,false,0,26.90,8.97,true,1,
7290013268990,false,מרכך כביסה מרוכז לבן ביו סנו מקסימה 1 ליטר,החברה הדרומית לשיווק בעמ,IL,מקסימה מרכך,ליטרים,1.00,ליטר,false,0,18.90,18.90,true,1,
7290013269003,false,מרכך כביסה סופר מרוכז בייבי לתינוקות ולעור רגיש,החברה הדרומית לשיווק בעמ,IL,מקסימה מרכך,ליטרים,1.00,ליטר,false,0,19.90,19.90,true,1,
7290013269263,false,ג'ל כביסה מרוכז מקסימה בבישום קריסטל נואר,החברה הדרומית לשיווק בעמ,IL,מקסימה ג'ל,ליטרים,3.00,ליטר,false,0,35.60,11.87,true,1,
7290013284310,false,רוטב פסטה לילדים פריניר 240 גרם,ח.כהן סוכנות מזון ומשקאות בע,IL,רוטב פסטה,גרמים,240.00,100 גרם,false,0,6.50,2.71,true,1,
7290013366085,false,תירס מתוק במיוחד כרמ,כרמלים שדות חדשים,IL,תירס מתוק במיוחד,גרמים,800.00,100 גרם,false,1,19.90,2.49,true,1,
7290013366108,false,אספרגוס בשקית יחידה,כרמלים שדות חדשים,IL,אספרגוס ירוק,גרמים,400.00,100 גרם,false,1,31.90,7.98,true,1,
7290013440648,false,מאגדת שלגוני אבטיח נסטלה 5 יחידות,נגה גלידות שותפות מוגבלת,IL,מאגדת אבטיח,גרמים,540.00,100 גרם,false,0,27.90,5.17,true,1,
7290013453068,false,עוגיות כוסמין ופירות יער ללא ת.ס 240 גר,האי נאם סי או אל.טי.,IL,עוגיות כוסמין,גרמים,240.00,100 גרם,false,0,25.70,10.71,true,1,
7290013453105,false,דני וגלית עוגיות לתה מקמח מלא,,IL,עוגיות מרוקאיות,גרמים,240.00,100 גרם,false,0,20.20,8.42,true,1,
7290013453624,false,דני וגלית עוגיות שוקולדצ'יפס מקמח שקדים וקמח אורז מלא 230 גרם,י.איטליאנו אחזקות בעמ,IL,עוג.שוקולד צ'יפס,גרמים,230.00,100 גרם,false,1,26.90,11.70,true,1,
7290013531117,false,רוטב פסטה לילדים יכין (240 גר`),"זנלכל בע""\מ",IL,רוטב פסטה,גרמים,240.00,100 גרם,false,0,6.90,2.88,true,1,
7290013585257,false,ספרייט זירו בבקבוק אישי,החברה המרכזית להפצת משקאות בעמ,IL,ספרייט זירו,מיליליטרים,500.00,"100 מ""ל",false,1,8.50,1.70,true,1,
7290013585387,false,בקבוק זירו קוקה-קולה (1 ליטר),החברה המרכזית להפצת משקאות בעמ,IL,קולה זירו,ליטרים,1.00,ליטר,false,1,7.20,7.20,true,1,
7290013585394,false,בקבוק קוקה-קולה (1 ליטר),החברה המרכזית להפצת משקאות בעמ,IL,קוקה קולה,ליטרים,1.00,ליטר,false,1,7.50,7.50,true,1,
7290013585967,false,מארז ספרייט זירו Fridge Pack פחית 6*33,החברה המרכזית להפצת משקאות בעמ,IL,ספרייט זירו 6 פח,ליטרים,1.98,ליטר,false,1,24.90,12.58,true,1,
7290013608260,false,מיץ רימונים 100%מיץ סחוט טרי מצונן 1ליט,שטראוס גרופ בעמ/מצונן,IL,מיץ רימונים,ליטרים,1.00,ליטר,false,0,26.70,26.70,true,1,
7290013702883,false,"שוופס מוגז פירות לימונדה ורודה 500 מ""ל",יפאורה - שותפות מוגבלת לשיווק,IL,שוופס לימונדה,מיליליטרים,500.00,"100 מ""ל",false,0,6.30,1.26,true,1,
7290013847645,false,סטארקיסט טונה בשמן זית 80 גר' שלישיות,סטארקיסט Starkist,TR,טונה בשמן זית3יח,גרמים,240.00,100 גרם,false,1,19.90,8.29,true,1,
7290013861955,false,תערובת פיצוחים 200גרם,שקדיה,IL,תערובת פיצוחים,גרמים,200.00,100 גרם,false,0,24.70,12.35,true,1,
7290014002203,false,חליטת לימונית ולואיזה הגן הקסום ויסוצקי 25 יחידות,תה ויסוצקי (ישראל) בעמ,IL,חליטת לימונית,גרמים,75.00,100 גרם,false,0,19.90,26.53,true,1,
7290014002470,false,תה ויסוצקי קלאסיק - מארז 75 שקיקים,תה ויסוצקי (ישראל) בעמ,IL,תה ויסוצקי קלאסי,גרמים,112.00,100 גרם,false,1,13.80,12.32,true,1,
7290014015135,false,בצלצלי פנינה לשיפודים,קטיף.,IL,בצלצלי פנינה,קילוגרמים,0.00,"ק""ג",true,1,16.90,16.90,true,1,
7290014094116,false,מנצ'ס 200גרם,שקדיה,IL,מנצ'ס,גרמים,200.00,100 גרם,false,0,10.80,5.40,true,1,
7290014094260,false,שיני שום קלוף קמעונאי,קונס`-מרינה פטריות הגליל בעמ*ש,CN,שיני שום קלופות,גרמים,160.00,100 גרם,false,1,11.90,7.44,true,1,
7290014095052,false,פקאן מסוכר 150גרם,שקדיה,IL,פקאן מסוכר,גרמים,150.00,100 גרם,false,1,19.70,13.13,true,1,
7290014218932,false,חטיפי פיצה בתוספ זיתים בשקית מעדנות 710 גרם,מיוצר עי קונדיטוריית,IL,חטיפי פיצה בתוספ,גרמים,710.00,100 גרם,false,1,37.90,5.34,true,1,
7290014369320,false,שלגון סורבה קוקוס 66 גרם,איתלק,IL,שלגון סורבה קוקו,גרמים,66.00,100 גרם,false,1,10.00,15.15,true,1,
7290014369528,false,שלגון אגוז לוז טבעי מובחר בציפוי שוקולד מריר,איתלק,IL,שלגון שוקולד ואג,גרמים,75.00,100 גרם,false,1,10.00,13.33,true,1,
7290014369535,false,מאגדת מוג'ו תות שדה,פיקסל,,מאגדת מיני תות ש,יחידה,1.00,יחידה,false,0,24.90,24.90,true,1,
7290014369542,false,מאגדת מוג'ו סורבה קו,פיקסל,,מאגדת מיני סורבה,יחידה,1.00,יחידה,false,0,24.90,24.90,true,1,
7290014369573,false,מאגדת מיני קוקוס אננס,פיקסל,IL,מאגדת מיני קוקוס,גרמים,222.00,100 גרם,false,1,24.90,11.22,true,1,
7290014369580,false,גלידה מוג'ו דלי תות שדה,גלידת אילו,,פיינט תות שדה,יחידה,1.00,יחידה,false,0,29.90,29.90,true,1,
7290014369597,false,גלידה מוג'ו דלי מנגו אננס פסיפלורה,גלידת אילו,,פיינט מנגו אננס,יחידה,1.00,יחידה,false,0,29.90,29.90,true,1,
7290014369603,false,גלידה מוג'ו דלי קרם קוקוס וש.שוקולד,פיקסל,,פיינט קרם קוקוס,יחידה,1.00,יחידה,false,0,29.90,29.90,true,1,
7290014369610,false,גלידה מוג'ו דלי פיסטוק וש.פיסטוק,גלידת אילו,IL,פיינט פיסטוק ושו,גרמים,320.00,100 גרם,false,1,29.90,9.34,true,1,
7290014369795,false,שלגון אננס עם חתיכות תות,גלידת אילו,IL,שלגון אננס,יחידה,1.00,יחידה,false,1,10.00,10.00,true,1,
7290014369818,false,שלגון מוגו`מסקרפונה עם אפרסק,פיקסל אם.גי.אם שיווק והפצה בע,IL,שלגון מסקרפונה,יחידה,1.00,יחידה,false,1,10.00,10.00,true,1,
7290014369825,false,שלגון מוגו`תות עם חתיכות ליצ`י,פיקסל אם.גי.אם שיווק והפצה בע,IL,שלגון תות ליצי,יחידה,1.00,יחידה,false,1,10.00,10.00,true,1,
7290014369856,false,מאגדת מיני שלגונים קוקוס אננס ופטאיה מוג'ו,גלידת אילו,,מאגדת מיני קוקוס,יחידה,1.00,יחידה,false,0,24.90,24.90,true,1,
7290014426061,false,משחת שיניים הלו קיטי בטעם ענבים לגיל 2-6,גורי ע.ע.ע. בע`מ,IL,משחת שיניים,מיליליטרים,50.00,"100 מ""ל",false,0,13.80,27.60,true,1,
7290014455245,false,גבינה גרנה פדנו משולש גד 200 גר',מחלבות גד שיווק 1992 בעמ,IT,גבינה גרנה פדנו,גרמים,200.00,100 גרם,false,1,26.00,13.00,true,1,
7290014455252,false,גבינת גרנה פדנו מגורדת 29% גד (100 גרם),מחלבות גד שיווק 1992 בעמ,IT,גבינה גרנה פדנו,גרמים,100.00,100 גרם,false,1,12.90,12.90,true,1,
7290014455320,false,גבינה כדורי מוצרלה פרסקה גד 100ג',מחלבות גד שיווק 1992 בעמ,IL,מוצרלה פרסקה,גרמים,100.00,100 גרם,false,1,10.20,10.20,true,1,
7290014455467,false,ירח מתוק מעדן חלב 2% ושיבולת שועל גד 150ג',מחלבות גד שיווק 1992 בעמ,IL,מעדן שיבולת שועל,גרמים,150.00,100 גרם,false,1,6.00,4.00,true,1,
7290014459373,false,"צ'יפס קראנצ'י לתנור קפוא תפוגן 1.5ק""ג",קבוצת אוסם סחר שותפות מוגבלת,IL,ציפס קראנצי,גרמים,1500.00,100 גרם,false,1,28.90,1.93,true,1,
7290014525016,false,עשיריית חטיף סלים פרוט מרבה יוגורט תות סלים דליס 18.2 גרם,ש.שסטוביץ בעמ,ES,חטיפי דגנים מרבה,גרמים,182.00,100 גרם,false,0,12.90,7.09,true,1,
7290014525313,false,חטיפי סלים דליס קריספי שוקולד מרבה 125 גרם,סלים דליס Slim Delis,NL,סלים דליס חטיפים,גרמים,125.00,100 גרם,false,1,12.90,10.32,true,1,
7290014758162,false,חלב עיזים מלא 3.6% שומן תנובה (1 ליטר),תנובה מרכז שיתופי לש,IL,חלב עיזים מלא 1ל,ליטרים,1.00,ליטר,false,0,15.70,15.70,true,1,
7290014758681,false,גבינת קוטג`1% בגביע תנובה (250 גרם),מיוצר עי קונדיטוריית,IL,קוטג 1% שומן,גרמים,250.00,100 גרם,false,0,5.70,2.28,true,1,
7290014759084,false,גבינת שמנת נפוליאון 16% מופחת שומן תנובה 225 גרם,תנובה מרכז שיתופי לש,IL,גבינת נפוליאון,גרמים,225.00,100 גרם,false,0,15.00,6.67,true,1,
7290014759978,false,קצ`קאבל פלח גלעד 200 גר`קולקשיין תנובה,תנובה בעמ ***,IL,גב.קשקבל / גלעד,גרמים,200.00,100 גרם,false,0,28.50,14.25,true,1,
7290014759985,false,פרמזן פלח גבע 23% 200 גר`קולקשיין תנובה,תנובה - חלב,IL,גבינת פרמזן/גבע,גרמים,200.00,100 גרם,false,0,27.50,13.75,true,1,
7290014759992,false,פלח רוקפור גליל 26% 140 גר`קולקשיין תנו,"תנובה, מחלבת תל יוסף",IL,קולאז' רוקפור,גרמים,140.00,100 גרם,false,0,20.00,14.29,true,1,
7290014760134,false,"מעדן סויה בטעם וניל תנובה 125 מ""ל",תנובה Alternative,IL,מעדן סויה וניל,גרמים,125.00,100 גרם,false,1,4.70,3.76,true,1,
7290014760141,false,משקה שקדים טרי תנובה (1 ליטר),"תנובה בע""מ ***",IL,משקה שקדים,ליטרים,1.00,ליטר,false,1,14.80,14.80,true,1,
7290014760912,false,גבינה צהובה 28% מהדרין גוש חלב (400 גרם),תנובה מרכז שיתופי לש,IL,גבינה גוש חלב,גרמים,400.00,100 גרם,false,1,26.10,6.53,true,1,
7290014761056,false,מעדן שוקולד חלב יולו תנובה 123 גרם,מיוצר עי קונדיטוריית,IL,יולו שוקולד חלב,גרמים,123.00,100 גרם,false,0,5.00,4.07,true,1,
7290014761063,false,מעדן שוקולד מריר יולו תנובה 123 גרם,מיוצר עי קונדיטוריית,IL,יולו שוקולד מריר,גרמים,123.00,100 גרם,false,0,5.00,4.07,true,1,
7290014761070,false,מעדן שוקולד לבן יולו תנובה 123 גרם,מיוצר עי קונדיטוריית,IL,יולו שוקולד לבן,גרמים,123.00,100 גרם,false,0,5.00,4.07,true,1,
7290014761414,false,יולו מעדן שכבות שוקולד חלב ולבן 123 גר,מיוצר עי קונדיטוריית,IL,יולו שכבות שוקו.,גרמים,123.00,100 גרם,false,0,5.00,4.07,true,1,
7290014762800,false,מעדן סויה שוקולד גביע 125 גרם אלטרנטיב,תנובה מרכז שיתופי לש,IL,מעדן סויה ט.שוקו,גרמים,125.00,100 גרם,false,1,4.70,3.76,true,1,
7290014762909,false,פתיתי מוצרלה השף הלבן 10% תוספת מתנה,"תנובה, מחלבת תל יוסף",IL,פתיתי מוצרלה200ג,גרמים,200.00,100 גרם,false,1,17.90,8.95,true,1,
7290014789913,false,עוגיות אוראו קרם בטעם וניל מארז 176 גרם,דיפלומט מפיצים (1968) בעמ**,UA,עוגיות אוראו 3יח,גרמים,528.00,100 גרם,false,0,23.90,4.53,true,1,
7290014791091,false,"שוופס מוגז פירות לימונייד 500 מ""ל",יפאורה - שותפות מוגבלת לשיווק,IL,שוופס לימונייד,מיליליטרים,500.00,"100 מ""ל",false,0,6.30,1.26,true,1,
7290014860070,false,"מקלוני אורז ללא גלוטן 5 מ""מ 454גר' (אור)",מזרח ומערב יבוא ושיווק,TH,מקלוני אורז,גרמים,454.00,100 גרם,false,0,11.90,2.62,true,1,
7290014860247,false,שבבי אורז מרובעים ללא גלוטן 227 גרם (Oriental),מזרח ומערב יבוא ושיווק,TH,שבבי אורז,גרמים,227.00,100 גרם,false,0,10.90,4.80,true,1,
7290014910515,false,שימורי דגים שפרוטים מעושנים בשמן צמחי 250 גרם,יורוסטנדרט בעמ,LV,שפרוטים מעושנים,גרמים,250.00,100 גרם,false,1,12.90,5.16,true,1,
7290014940901,false,לחם פשוט מלא לילדים פרוס אנג`ל (750 גרם),מאפיית שלמה א. אנג'\ל בע,IL,לחם מלא,גרמים,750.00,100 גרם,false,1,15.90,2.12,true,1,
7290015009300,false,עלי טורטייה מקמח תירס 360 גרם,פרינסס,TR,עלי טורטייה,גרמים,360.00,100 גרם,false,1,15.90,4.42,true,1,
7290015055000,false,עגבניה שרי ליקופ,,IL,עגבניה שרי ליקופ,גרמים,460.00,100 גרם,false,0,10.90,2.37,true,1,
7290015129145,false,אטריות קונג'אק בתוספת טפיוקה בצורת ספגטי,הוויזאי וואנגייה פוד,CN,אטריות קונגאק,גרמים,270.00,100 גרם,false,0,11.90,4.41,true,1,
7290015139557,false,חופשי ופל שוקו ללא גלוטן כרמית 200 גרם,כרמית תעשיות ממתקים בעמ,IL,וופל שוקולד,גרמים,200.00,100 גרם,false,1,10.90,5.45,true,1,
7290015150118,false,שלישיית עגבניות חתוכות דק גרנד איטליה 400 גרם,תה ויסוצקי (ישראל) בעמ,IT,עגבניות חתוכות,קילוגרמים,1.20,"ק""ג",false,1,19.50,16.25,true,1,
7290015150590,false,תה ירוק ג'ינג'ר חריף ויסוצקי 25 יחידות,תה ויסוצקי (ישראל) בעמ,IL,תה ירוק ויסוצקי,גרמים,37.00,100 גרם,false,1,26.90,72.70,true,1,
7290015164856,false,רוטב קארי אדומה 400 גרם SUREE כשר,מזרח ומערב יבוא ושיווק,TH,מחית קארי אדומה,גרמים,400.00,100 גרם,false,0,20.90,5.23,true,1,
7290015395045,false,"קינואה בשקית שקדיה 400 גרם בד""ץ",דין שיווק וקליה 2021 בעמ,IL,קינואה,גרמים,400.00,100 גרם,false,0,13.90,3.48,true,1,
7290015446617,false,פראוד - חטיף חלבון בננה טופי 60 גרם,v.s.i,NL,חטיף חלבון,גרמים,60.00,100 גרם,false,1,13.90,23.17,true,1,
7290015599023,false,VEGA צהובה טבעונית בטעם קלאסי 200 גרם,וגה מוצרים טבעוניים VEGA,GR,צהובה טבעונית,גרמים,200.00,100 גרם,false,0,24.70,12.35,true,1,
7290015603188,false,אטריות ביצים 454ג' (כ) (fu),פוגיאן לונגהי אנלידה אינ,CN,איטריות ביצים,גרמים,454.00,100 גרם,false,1,10.90,2.40,true,1,
7290015603546,false,"שימורי קרם קוקוס 17-19% 400 מ""ל (ASIATIC)(כ)",מזרח ומערב יבוא ושיווק,TH,קרם קוקוס 19%,מיליליטרים,400.00,"100 מ""ל",false,1,10.90,2.73,true,1,
7290015603584,false,ג'ינגר לבן כבוש ללא מונוסודיום 160 גרם (כ),מזרח ומערב יבוא ושיווק,CN,ג'ינג'ר לבן כבוש,גרמים,160.00,100 גרם,false,1,8.90,5.56,true,1,
7290015858113,false,"ממרח עגבניות מיובשות 180 גרם ""טריטרי""",שטראוס גרופ בעמ/מצונן,IL,ממרח עגבניות,גרמים,180.00,100 גרם,false,1,17.90,9.94,true,1,
7290015858229,false,"טפנד זיתי קלמטה 180 גרם ""עללחם""","מדשא תעשיות מזון בע""\מ",IL,טפנד זיתים,גרמים,180.00,100 גרם,false,1,17.90,9.94,true,1,
7290015879712,false,"תערובת לל""ג לאפיית עוגות",DFS,IT,"תערובת לל""ג 500ג",גרמים,500.00,100 גרם,false,1,19.90,3.98,true,1,
7290016006346,false,שוופס סודה 0.5 ליטר מארז שישייה,יפאורה שותפות מובגלת לשיווק,IL,שוופס סודה,ליטרים,3.00,ליטר,false,1,15.70,5.23,true,1,
7290016087499,false,עגבניות חתוכות מארז 400X3ג' אריזות ירושלים,ח.כהן סוכנות מזון ומשקאות בע,IL,עגבניות חתוכ3.יח,קילוגרמים,1.20,"ק""ג",false,1,13.90,11.58,true,1,
7290016197488,false,מטליות מיקרופייבר למשטחים ניקול 3יח',קימברלי קלארק ישראל שיווק בעמ,CN,מטלית למשטחים,יחידה,1.00,יחידה,false,1,12.90,12.90,true,1,
7290016197495,false,ניקול זוג מטליות הקסם מיקרופייבר לרצפה,קימברלי קלארק ישראל שיווק בעמ,CN,מטלית לרצפה 2יח,יחידה,1.00,יחידה,false,1,24.90,24.90,true,1,
7290016217711,false,איקרה לבנה 200 גרם,סלטי שמיר,IL,איקרה לבנה,גרמים,200.00,100 גרם,false,1,17.90,8.95,true,1,
7290016217728,false,איקרה אדומה 200 גרם,סלטי שמיר,IL,איקרה אדומה,גרמים,200.00,100 גרם,false,1,17.90,8.95,true,1,
7290016234008,false,פילה אנשובי שמן זית תומר צנצנת 100 גרם,אינוורסינס פריסקו,PE,אנשובי בשמן זית,גרמים,100.00,100 גרם,false,1,12.90,12.90,true,1,
7290016246018,false,חטיף מיקס פינוקיות חלבה בארכה 20ג*9,קבוצת אוסם סחר שותפות מוגבלת,IL,חלבה בארכה מיקס,גרמים,200.00,100 גרם,false,1,13.90,6.95,true,1,
7290016246025,false,בארכה מיקס פינוקיות חלווה ללא סוכר 10*20ג,קבוצת אוסם סחר שותפות מוגבלת,IL,פינוקיות חלבה,גרמים,200.00,100 גרם,false,1,15.90,7.95,true,1,
7290016246209,false,"חטיף חלבה וניל 100 גרם ""בארכה""",קבוצת אוסם סחר שותפות מוגבלת,IL,חטיף חלבה וניל,גרמים,100.00,100 גרם,false,1,4.20,4.20,true,1,
7290016314762,false,פרובנציאל מטיאס 200 גרם,סלטי שמיר,IL,פרובנציאל מטיאס,גרמים,200.00,100 גרם,false,1,22.90,11.45,true,1,
7290016314779,false,פילה מטיאס הולנדי 200גרם,סלטי שמיר,IL,פילה מטיאס,גרמים,200.00,100 גרם,false,1,22.90,11.45,true,1,
7290016314816,false,סלט הרינג עם מיונז 200 ג,,IL,סלט הרינג,גרמים,200.00,100 גרם,false,1,22.90,11.45,true,1,
7290016314847,false,סלמון מובחר 100גרם,סלטי שמיר,IL,סלמון מובחר,גרמים,100.00,100 גרם,false,1,20.90,20.90,true,1,
7290016372458,false,חליטת לימונית ולואיזה הגן הקסום ויסוצקי 50 יחידות,תה ויסוצקי (ישראל) בעמ,IL,חליטת לימונית,גרמים,75.00,100 גרם,false,1,36.90,49.20,true,1,
7290016372489,false,ויסוצקי חליטת ג'ינג'ר ולימון סודות הצמחים 25 שקיקים,תה ויסוצקי (ישראל) בעמ,IL,חליטת ג'ינג'ר,גרמים,37.00,100 גרם,false,1,19.90,53.78,true,1,
7290016372991,false,חליטת קמומיל 20 שק1.5*ג,ויסוצקי,IL,חליטת קמומיל,גרמים,30.00,100 גרם,false,1,13.90,46.33,true,1,
7290016497526,false,בגט אותנטי לבן אפוי 280ג,מאפ גדרון,IL,בגט אותנטי לבן,גרמים,280.00,100 גרם,false,1,8.50,3.04,true,1,
7290016509304,false,סוד סבון לאסלה 4 כדוריותבניחוח לבנדר 50 ג',גורי שיווק בעמ,RS,סבון אסלה סוד,גרמים,50.00,100 גרם,false,1,10.20,20.40,true,1,
7290016509342,false,סוד מארז טריו כדוריות לאסלה כחול אקטיבי אקונומיקה,גורי שיווק בעמ,HU,סבון אסלה 3 יח,גרמים,150.00,100 גרם,false,1,19.90,13.27,true,1,
7290016509786,false,פרסיל גל לכביסה לבנה וצבעונית-ירוק 2.5 ל,גורי שיווק בעמ,IL,ג'ל כביסה פרסיל,ליטרים,2.50,ליטר,false,1,36.90,14.76,true,1,
7290016509809,false,ג'ל מרוכז לכביסה קולור 2.5 ל' פרסיל,גורי שיווק בעמ,IL,ג'ל כביסה פרסיל,ליטרים,2.50,ליטר,false,1,36.90,14.76,true,1,
7290016545647,false,בירה קראפטי חזקה10% 330מ,"מבשלת הארץ בע""מ",IL,בירה קראפטי חזקה,מיליליטרים,330.00,"100 מ""ל",false,1,12.90,3.91,true,1,
7290016545654,false,"בירה קראפטי בלונד 330מ""ל","מבשלת הארץ בע""מ",IL,בירה קראפטי,מיליליטרים,330.00,"100 מ""ל",false,1,12.90,3.91,true,1,
7290016545678,false,"בירה קראפטי אמבר 330 מ""ל","מבשלת הארץ בע""מ",IL,בירה קראפטי אמבר,מיליליטרים,330.00,"100 מ""ל",false,1,12.90,3.91,true,1,
7290016545685,false,"בירה קראפטי IPA 330 מ""ל","מבשלת הארץ בע""מ",IL,בירה קראפטי IPA,מיליליטרים,330.00,"100 מ""ל",false,1,12.90,3.91,true,1,
7290016823059,false,טימין קורנית ארוז יח,"מרינה פטריות הגליל בע""מ",IL,טימין יחידה,יחידה,1.00,יחידה,false,1,6.90,6.90,true,1,
7290016866650,false,"פרודונטקס - משחת שיניים אוריג'ינל 75 מ""ל",פרודונטקס Parodontax,SK,משחה פרודונטקס,מיליליטרים,75.00,"100 מ""ל",false,1,32.90,43.87,true,1,
7290016867114,false,לחם קל מכוסמין מלא 500 גר`דר מרק,המאפה של דר מרק בריאות באפייה,IL,לחם קל מכוסמין,גרמים,500.00,100 גרם,false,1,19.90,3.98,true,1,
7290016867152,false,"מארז פיתות קלות כוסמין 5 יחידות ד""ר מרק",המאפה של דר מרק בריאות באפייה,IL,פיתות קלות,גרמים,330.00,100 גרם,false,1,14.90,4.52,true,1,
7290016867176,false,"מארז לחמניות קלות כוסמין שומשום במתיקות מעודמת 5 יחידות ד""ר מרק",המאפה של דר מרק בריאות באפייה,IL,לחמניות קלות,גרמים,351.00,100 גרם,false,1,15.90,4.53,true,1,
7290016867244,false,שישיה לחמניות כוסמין בתוספת מחמצת 99 קלוריות,המאפה של דר מרק בריאות באפייה,IL,לחמניות מחמצת6יח,גרמים,400.00,100 גרם,false,1,14.90,3.73,true,1,
7290016967074,false,לחם חיטה מלאה עם גרעינים ודגנים,מאפיית שלמה א. אנג'\ל בע,IL,אנג'ל חיטה מלאה,גרמים,750.00,100 גרם,false,1,17.90,2.39,true,1,
7290016967456,false,לחם צרפתי מחמצת 100% כוסמין 600 ג' אנג'ל,"מאפיית אנג'\ל בעמ, מקבוצ",IL,לחם מחמצת,גרמים,600.00,100 גרם,false,1,18.90,3.15,true,1,
7290017065007,false,פרוסות גבינה מוצרלה חצי קשה 22% שומן 200 ג' גד,מחלבות גד שיווק 1992 בעמ,IL,מוצרלה פרוסות,גרמים,150.00,100 גרם,false,1,19.50,13.00,true,1,
7290017065137,false,ריקוטה למריחה 5% טבעית 200 גר`מחלבות גד,מחלבות גד שיווק 1992 בעמ,IL,ריקוטה למריחה,גרמים,200.00,100 גרם,false,1,10.70,5.35,true,1,
7290017065144,false,ריקוטה למריחה בתוספת בזיליקום 5% גד 200 גם,מחלבות גד שיווק 1992 בעמ,IL,ריקוטה למריחה,גרמים,200.00,100 גרם,false,1,10.70,5.35,true,1,
7290017065236,false,גבינה בולגרית מעודנת 24% גד (250 גרם),מחלבות גד שיווק 1992 בעמ,IL,בולגרית מעודנת,גרמים,250.00,100 גרם,false,1,23.30,9.32,true,1,
7290017065434,false,גבינה גאודה פרוסה הולנדית 200 גר',מחלבות גד שיווק 1992 בעמ,NL,פרוסות גאודה,גרמים,200.00,100 גרם,false,1,22.90,11.45,true,1,
7290017065441,false,גבינה גאודה עיזים פרוסה הולנדית 200 גר',מחלבות גד שיווק 1992 בעמ,NL,גאודה עיזים,גרמים,200.00,100 גרם,false,1,34.90,17.45,true,1,
7290017065526,false,קוואטרו פורמאג'י 4 גבינות מגוררות 26%,מחלבות גד שיווק 1992 בעמ,IL,קוואטרו פורמאגי,גרמים,300.00,100 גרם,false,1,29.90,9.97,true,1,
7290017065663,false,גבינת פטה עיזים מעודנת 16% גד 200 גרם,מחלבות גד שיווק 1992 בעמ,IL,פטה עיזים מעודנת,גרמים,250.00,100 גרם,false,1,30.90,12.36,true,1,
7290017065731,false,גבינת שמנת 30% ניו יורק +כמהין 200 גרם רבנות,מחלבות גד שיווק 1992 בעמ,IL,גבינת שמנת,גרמים,200.00,100 גרם,false,1,13.40,6.70,true,1,
7290017065786,false,גבינה אנגלית קשה צ`דר 210 גר`גד,מחלבות גד שיווק 1992 בעמ,GB,גבינת צ'דר,גרמים,200.00,100 גרם,false,1,22.90,11.45,true,1,
7290017065861,false,קאצ`יו אה פפה רוטב פיקורינו ופלפל שחור 2,מחלבות גד שיווק 1992 בעמ,IL,רוטב פקורינו,גרמים,200.00,100 גרם,false,1,16.90,8.45,true,1,
7290017065960,false,רוטב פורצ'יני מחלבות גד 200 גרם,מחלבות גד שיווק 1992 בעמ,IL,רוטב פורצ'יני,גרמים,200.00,100 גרם,false,1,16.90,8.45,true,1,
7290017105116,false,תורמוס הקטניה הטובה יכין 200/105 גרם,"זנלכל בע""\מ",IL,תורמוס יכין,גרמים,200.00,100 גרם,false,1,4.50,2.25,true,1,
7290017105895,false,גרגרי חומוס להכנת חומוס משובח יכין 560 ג,זנלכל בעמ,IL,גרגרי חומוס,גרמים,560.00,100 גרם,false,1,9.90,1.77,true,1,
7290017106069,false,"קוביות סלק יכין, 550 גרם",היינץ צפון אמריקה מק,IL,קוביות סלק,גרמים,550.00,100 גרם,false,1,9.90,1.80,true,1,
7290017121093,false,"אריסה חריפה 250 גרם ""עללחם""","מדשא תעשיות מזון בע""\מ",IL,אריסה חריפה,גרמים,250.00,100 גרם,false,1,15.90,6.36,true,1,
7290017129495,false,אגו מיקס כדורי תירס מצופים שוקולד חלב כרמית 55 גרם,כרמית תעשיות ממתקים בעמ,IL,אגו מיקס כ.תירס,גרמים,55.00,100 גרם,false,1,5.90,10.73,true,1,
7290017129501,false,אגו מיקס כדורי תירס מצופים שוקולד לבן כרמית 55 גרם,כרמית תעשיות ממתקים בעמ,IL,אגו מיקס 55 גרם,גרמים,55.00,100 גרם,false,1,5.90,10.73,true,1,
7290017129518,false,אגו מיקס כדורי תירס מצופים שוקולד חלב ולבן כרמית 55 גרם,כרמית תעשיות ממתקים בעמ,IL,אגו מיקסים,גרמים,55.00,100 גרם,false,1,5.90,10.73,true,1,
7290017142111,false,פתיתי טונה בשמן זית טו גו עץ הזית 85 גרם,"יוניקורד ח.צ בע""מ",TH,פתיתי טונה,גרמים,85.00,100 גרם,false,1,10.90,12.82,true,1,
7290017142128,false,"שמן זית כתית מעולה קלאסי עץ הזית 750 מ""ל",סוגת תעשיות בעמ,IT,שמן זית כתית,מיליליטרים,750.00,"100 מ""ל",false,1,33.90,4.52,true,1,
7290017142609,false,"תרסיס שמן זית בטעם לימון עץ הזית 150 מ""ל",סוגת תעשיות בעמ,IT,תרסיס שמן זית,מיליליטרים,150.00,"100 מ""ל",false,1,20.90,13.93,true,1,
7290017304885,false,לחם שיפון מחיטה מלאה ללא תוספת סוכר 750 ג' אנג'ל,מאפיית שלמה א. אנג'\ל בע,IL,לחם שיפון מלא,גרמים,750.00,100 גרם,false,1,17.90,2.39,true,1,
7290017325798,false,"קוואקר לל""ג אורגני הרדוף 500 גרם",אול אורגני,IL,קוואקר עבה,גרמים,500.00,100 גרם,false,1,18.90,3.78,true,1,
7290017325866,false,"דפי אורז לבן לל""ג אורגני הרדוף 200 גרם","בטר אנד דיפרנט בע""מ",VN,דפי אורז לבן,גרמים,200.00,100 גרם,false,1,20.90,10.45,true,1,
7290017334165,false,שמן זית כתית מעולה 750מל,שמן זית אליעד,IL,שמן זית כתית,מיליליטרים,750.00,"100 מ""ל",false,1,32.90,4.39,true,1,
7290017426181,false,כוסות לונג שתיה קרה 10 י,,CN,כוסות שתיה קרה,יחידה,1.00,יחידה,false,1,4.90,4.90,true,1,
7290017513409,false,תה ירוק SUPER GREEN 87 גרםבטעם אוכמניות ואסאי,תה ויסוצקי (ישראל) בעמ,IL,תה ירוק,גרמים,37.00,100 גרם,false,1,26.90,72.70,true,1,
7290017513775,false,פליפז בייגלה מצופה שוקולד חלב מקוויטיס 140 גרם,תה ויסוצקי (ישראל) בעמ,TR,בייגלה מצופה,גרמים,140.00,100 גרם,false,1,9.90,7.07,true,1,
7290017513782,false,פליפז בייגלה מצופה שוקולד מריר מקוויטיס 140 גרם,תה ויסוצקי (ישראל) בעמ,TR,בייגלה מצופה,גרמים,140.00,100 גרם,false,1,9.90,7.07,true,1,
7290017516295,false,חטיף חלבון פרוטאין אגוז לוז שוקולד 50 גר,י.איטליאנו אחזקות בעמ,IL,חטיף חלבון,גרמים,60.00,100 גרם,false,1,11.50,19.17,true,1,
7290017516318,false,חטיפ בריאות פרוטאין שוקולד 50 גר`פנגיאה,י.איטליאנו אחזקות בעמ,IL,חטיף חלבון,גרמים,60.00,100 גרם,false,1,11.50,19.17,true,1,
7290017516479,false,חטיפ בריאות וניל קפה 50 גר`פרוטאין פנגי,י.איטליאנו אחזקות בעמ,IL,חטיף חלבון וניל,גרמים,60.00,100 גרם,false,1,11.50,19.17,true,1,
7290017589565,false,"ברקן, גוורצטרמינר לבן חצי יבש 750 מל",טמפו משקאות בעמ,IL,גוורצטרמינר קלאס,מיליליטרים,750.00,"100 מ""ל",false,1,33.90,4.52,true,1,
7290017589633,false,"רזרב גולד אדישיין קברנה סוביניון 750 מ""ל",טמפו משקאות בעמ,IL,קברנה רזרב גולד,מיליליטרים,750.00,"100 מ""ל",false,1,54.90,7.32,true,1,
7290017617046,false,נתחי טונה בשמן זית כתית מעולה רביעיה * 140 ג',דיפלומט מפיצים (1968) בעמ**,TR,טונה בשמן זית4יח,גרמים,560.00,100 גרם,false,1,29.90,5.34,true,1,
7290017617091,false,סטארקיסט מיקס טוגו טונה עם פתיתים 185 גרם,דיפלומט מפיצים (1968) בעמ**,TR,מיקס טו גו טונה,גרמים,185.00,100 גרם,false,1,11.90,6.43,true,1,
7290017617411,false,סטארקיסט מיקס סלמון עם אורז מלא וירקות 160 גרם,דיפלומט מפיצים (1968) בעמ**,PL,מיקס סלמון,גרמים,160.00,100 גרם,false,1,15.90,9.94,true,1,
7290017677811,false,"רוטב סויה קיקומן ללא חומרים משמרים 296 מ""ל",דיפלומט מפיצים (1968) בעמ**,NL,רוטב סויה קיקומן,מיליליטרים,296.00,"100 מ""ל",false,1,15.90,5.37,true,1,
7290017724065,false,"עוגיות מעדן תפו""ע ואגוז אקלר",הלל בן הלל שיווק ומסחר בעמ,IL,"מעדן תפו""ע ואגוז",גרמים,250.00,100 גרם,false,1,24.90,9.96,true,1,
7290017724102,false,עוגיות סיגרים תמרים אקלר,הלל בן הלל שיווק ומסחר בעמ,IL,סיגרים תמרים,גרמים,200.00,100 גרם,false,1,24.90,12.45,true,1,
7290017724119,false,עוגיות אוזנים אקלר 200 גרם,הלל בן הלל שיווק ומסחר בעמ,IL,עוגיות אוזניים,גרמים,200.00,100 גרם,false,1,24.90,12.45,true,1,
7290017724157,false,"עוגיות מעדן תפו""ע ללא סוכר אקלר",הלל בן הלל שיווק ומסחר בעמ,IL,"מעדן תפו""ע ואגוז",גרמים,200.00,100 גרם,false,1,24.90,12.45,true,1,
7290017724164,false,עוגיות אוזניים ללא סוכר אקלר,הלל בן הלל שיווק ומסחר בעמ,IL,עוגיות אוזניים,גרמים,200.00,100 גרם,false,1,24.90,12.45,true,1,
7290017724171,false,עוגיות סנדביץ ריבה ללא סוכר אקלר 200 גרם,הלל בן הלל שיווק ומסחר בעמ,IL,עוגיות פרח ריבה,גרמים,250.00,100 גרם,false,1,24.90,9.96,true,1,
7290017724201,false,עוגיות ואן גוך ללא סוכר אקלר,הלל בן הלל שיווק ומסחר בעמ,IL,עוגיות ואן גוך,גרמים,200.00,100 גרם,false,1,24.90,12.45,true,1,
7290017724287,false,עוגיות אצבעות פקאן ללא סוכר אקלר,הלל בן הלל שיווק ומסחר בעמ,IL,אצבעות פקאן,גרמים,250.00,100 גרם,false,1,24.90,9.96,true,1,
7290017812571,false,מיץ ענבים תירוש אדום 100% טבעי כרמל 1 ליטר,אגודת הכורמים -כרמל מזרחי,IL,תירוש כרמל אדום,ליטרים,1.00,ליטר,false,1,21.90,21.90,true,1,
7290017888019,false,"משקה תפוח רימון סלק גינגיר פרות &ווג 350 מ""ל",יפאורה שותפות מוגבלת לשיווק,IL,משקה פרוט&וג',מיליליטרים,350.00,"100 מ""ל",false,1,8.60,2.46,true,1,
7290017888026,false,"משקה אננס תפוח גזר פרות & ווג 350 מ""ל",יפאורה שותפות מוגבלת לשיווק,IL,משקה פרוט&וג',מיליליטרים,350.00,"100 מ""ל",false,1,8.60,2.46,true,1,
7290017888033,false,"משקה בננה מלון נענע פרות &ווג 350 מ""ל",יפאורה שותפות מוגבלת לשיווק,IL,משקה פרוט&ווג',מיליליטרים,350.00,"100 מ""ל",false,1,8.60,2.46,true,1,
7290017888644,false,"משקה אננס בננה כורכום פרות & ווג 350 מ""ל",יפאורה שותפות מוגבלת לשיווק,IL,משקה פרוט&וג',מיליליטרים,350.00,"100 מ""ל",false,1,8.60,2.46,true,1,
7290017898148,false,עוגיות החוש השישי 250גרם,דולצ'ה קאסה,IL,עוגיות החוש השיש,גרמים,250.00,100 גרם,false,1,36.00,14.40,true,1,
7290017907208,false,תערובת קמח רב תכליתי לנמנעים מגלוטן,י.איטליאנו אחזקות בעמ,IL,קמח רב תכליתי,גרמים,500.00,100 גרם,false,1,20.90,4.18,true,1,
7290017917450,false,קמיל בלו סנסיטיב אל סבון ושמפו לתינוק קמומיל ואלוורה,"פישר תעשיות פרמבצטיות בע""מ",IL,אל סבון ושמפו,ליטרים,1.00,ליטר,false,1,34.90,34.90,true,1,
7290017928043,false,מקלות גריסיני קראנץ' מלח מאיר בייגל 175 גרם,מאיר את בייגל,IL,גריסיני קראנץ,גרמים,175.00,100 גרם,false,1,12.90,7.37,true,1,
7290017928661,false,מאיר בייגל -סמאש-שבורים בטעם צ'דר 300 גרם,"דנשר (1963) בע,מ",,שברי בייגלה,יחידה,1.00,יחידה,false,0,14.20,14.20,true,1,
7290017928746,false,פירורי בייגלה מאיר בייגל 200 גרם,דנשר (1963) בעמ,IL,פירורי בייגלה,גרמים,200.00,100 גרם,false,1,7.90,3.95,true,1,
7290017928821,false,מאיר בייגל מקלות גריסיני קלאסי 200 גרם,מאיר את בייגל,IL,גריסיני קלאסי,גרמים,200.00,100 גרם,false,1,12.90,6.45,true,1,
7290017932231,false,"סירופ מייפל טהור גאלה 250 מ""ל",בולדוק מייפל פרודקס,CA,סירופ מייפל טהור,מיליליטרים,250.00,"100 מ""ל",false,1,39.90,15.96,true,1,
7290017947105,false,לחם אנג'ל בסגנון אמריקה 500 גרם,מאפיית שלמה א. אנג'\ל בע,IL,לחם סגנון אמריקה,גרמים,500.00,100 גרם,false,1,15.90,3.18,true,1,
7290017947464,false,שמיניית פיתות כוסמין אנג'ל 8*50 גרם,מאפיית שלמה א.אנג'\ל בע\,IL,פיתות כוסמין,גרמים,400.00,100 גרם,false,1,17.90,4.48,true,1,
7290017947495,false,לחמניות כוסמין 6 יח(450 גר`)אנג`ל,"איטיליאן פוד, אס.פי.",,לחמניות כוסמין6*,יחידה,1.00,יחידה,false,0,16.90,16.90,true,1,
7290017947891,false,לחם אנג'ל כוסמין וחיטה מלאה 750 גרם,מאפיית שלמה א. אנג'\ל בע,IL,אנג'ל כוסמין,גרמים,750.00,100 גרם,false,1,17.90,2.39,true,1,
7290017947921,false,לחמניות המבורגר בסגנון אמריקאי מארז 6 יח',מאפיית שלמה א. אנג'\ל בע,IL,לחמניות המבורגר,גרמים,450.00,100 גרם,false,1,15.90,3.53,true,1,
7290017947938,false,מיני לחמניות המבורגר בסגנון אמריקה 400 ג' אנג'ל,מאפיית שלמה א. אנג'\ל בע,IL,לחמניות המבורגר,גרמים,400.00,100 גרם,false,1,15.90,3.98,true,1,
7290018043189,false,חטיף חלבון פראוד בלאק קשיו קרמל 60 גרם - 18 גרם חלבון,דיפלומט מפיצים (1968) בעמ**,NL,פראוד חטיף קשיו,גרמים,60.00,100 גרם,false,1,13.90,23.17,true,1,
7290018043295,false,חטיף חלבון בטעם ונילה קראנצ 60 גרם,דיפלומט מפיצים (1968) בעמ**,NL,פראוד חטיף וניל,גרמים,60.00,100 גרם,false,1,13.90,23.17,true,1,
7290018045497,false,בון בון דגנים במילוי קרם שוקולד 480 גרם,ר.ב. מוצרי דגנים בעמ,DE,דגנים במילוי,גרמים,480.00,100 גרם,false,1,21.90,4.57,true,1,
7290018077665,false,בייגל רומני גדרון א.,גידרון,IL,בייגל רומני,יחידה,1.00,יחידה,false,1,5.60,5.60,true,1,
7290018131251,false,אקסטרים מטבע שוקולד לבן וליבת קרם עוגיות 115ג',נגה גלידות שותפות מוגבלת,IL,אקסטרים מטבע שוק,יחידה,1.00,יחידה,false,1,11.00,11.00,true,1,
7290018131534,false,מאגדת מיני בייטס מילקה 201 גרם,שוורצקוף& הנקל דיסלד,PL,מאגדת מיני בייטס,גרמים,162.00,100 גרם,false,1,21.90,13.52,true,1,
7290018131558,false,מאגדת מיני בייטס אוראו 201 גרם,שוורצקוף& הנקל דיסלד,PL,מאגדת מיני בייטס,גרמים,162.00,100 גרם,false,1,21.90,13.52,true,1,
7290018131640,false,קראנץ בלונד עם ליבת נוגט בוטנים 100 גרם,גלידות נסטלה )נגה גלידות,IL,קראנץ בלונד עם ל,גרמים,100.00,100 גרם,false,1,11.00,11.00,true,1,
7290018131831,false,נסטלה מאגדת שלגון מילקה וניל חדש8 4*66ג,נגה גלידות שותפות מוגבלת,PL,מאגדת שלגון מילק,גרמים,284.00,100 גרם,false,1,34.90,12.29,true,1,
7290018131954,false,מאגדת לה פרוטה תות שוקולד נסטלה 350 גרם,נגה גלידות שותפות מוגבלת,IL,מאגדת להפרוטה תו,גרמים,350.00,100 גרם,false,1,32.90,9.40,true,1,
7290018208069,false,תמר מגהול מובחר 700גרם,אראל תוצרת חקלאית,IL,תמר מגהול מובחר,גרמים,700.00,100 גרם,false,1,24.90,3.56,true,1,
7290018285060,false,רוטב עגבנייה דר שקשוקה 400 גרם,קונסורציו קאזאלאסקו,IT,רוטב עגבניות,גרמים,400.00,100 גרם,false,1,15.90,3.98,true,1,
7290018285077,false,רוטב עגבנייה פיקנטי דר שקשוקה 400 גרם,קונסורציו קאזאלאסקו,IT,רוטב עגבניות,גרמים,400.00,100 גרם,false,1,15.90,3.98,true,1,
7290018333082,false,אגו מיקס קורנפלקס שוקולד חלב ולבן כרמית 55 גרם,"כרמית תעשיות ממתקים בע""\",IL,אגו מיקס 55גרם,גרמים,55.00,100 גרם,false,1,5.90,10.73,true,1,
7290018333099,false,אגו מיקס קורנפלקס מצופה ש.חלב ולבן 55גר' 24 בקר',"כרמית תעשיות ממתקים בע""\",IL,אגו מיקס מצופים,גרמים,55.00,100 גרם,false,1,5.90,10.73,true,1,
7290018338001,false,חלבון אפונה אורגני 200 גרם,תבואות,CN,חלבון אפונה,גרמים,200.00,100 גרם,false,1,28.00,14.00,true,1,
7290018371213,false,מחית (סקוויז) תפוח עץ ואפרסק אורגניים 100 גרם,השדה מוצרים טבעיים ו,ES,"מחית תפו""ע אפרסק",גרמים,100.00,100 גרם,false,1,5.20,5.20,true,1,
7290018371299,false,אובלטים אורגניים מקמח חומוס 100 גרם,השדה מוצרים טבעיים ו,IL,אובלטים אורגניים,גרמים,100.00,100 גרם,false,1,13.80,13.80,true,1,
7290018440209,false,פליפז בייגלה בציפוי פאדג' לבן מקוויטיס 140 גרם,תה ויסוצקי (ישראל) בעמ,,בייגלה מצופה,יחידה,1.00,יחידה,false,0,9.90,9.90,true,1,
7290018440230,false,תה צ'אי ורדים 25 שקיקים ויסוצקי,תה ויסוצקי (ישראל) בעמ,IL,צ'אי ורדים,גרמים,50.00,100 גרם,false,1,18.90,37.80,true,1,
7290018440438,false,Calvo טונה בשמן זית פתיחה קלה 3 * 65 גרם,תה ויסוצקי (ישראל) בעמ,ES,טונה בשמן זית3יח,גרמים,195.00,100 גרם,false,1,23.90,12.25,true,1,
7290018440483,false,פליפז בייגלה מצופה בקרמל מלוח ושוקולד מקוויטיס 140 גרם,תה ויסוצקי (ישראל) בעמ,TR,בייגלה קרמל מלוח,גרמים,140.00,100 גרם,false,1,9.90,7.07,true,1,
7290018471906,false,שוופס מוגז פירות לימונדה ורודה 1.5 ליטר פיקדון,יפאורה - שותפות מוגבלת לשיווק,IL,שוופס לימונדה,ליטרים,1.50,ליטר,false,0,9.50,6.33,true,1,
7290018471913,false,משקה מוגז פירות תפוחים שוופס 1.5 ליטר,יפאורה - שותפות מוגבלת לשיווק,IL,שוופס תפוחים,ליטרים,1.50,ליטר,false,0,9.50,6.33,true,1,
7290018471937,false,שוופס מוגז פירות תות ליים 1.5 ליטר פיקדון,יפאורה - שותפות מוגבלת לשיווק,IL,שוופס מוגז תו,ליטרים,1.50,ליטר,false,0,9.50,6.33,true,1,
7290018471944,false,שוופס מוגז פירות לימונייד 1.5 ליטר פיקדון,יפאורה - שותפות מוגבלת לשיווק,IL,שוופס לימוניי,ליטרים,1.50,ליטר,false,0,9.50,6.33,true,1,
7290018471951,false,שוופס מוגז פירות אשכולית אדומה 1.5 ליטר פיקדון,יפאורה - שותפות מוגבלת לשיווק,IL,שוופס אשכולית,ליטרים,1.50,ליטר,false,0,9.50,6.33,true,1,
7290018500316,false,ארטיזנל לחם כוסמין לבן אנג'ל 750 גרם,מאפיית שלמה א. אנג'ל,IL,לחם כוסמין לבן,גרמים,400.00,100 גרם,false,1,17.90,4.48,true,1,
7290018540329,false,שקית פיתה פיתה בלדי 800 ג' אנג'ל,מאפיית שלמה א. אנג'\ל בע,IL,פיתה פיתה 8 יח,גרמים,800.00,100 גרם,false,1,13.90,1.74,true,1,
7290018540817,false,ארטיזנל לחם מחמצת כוסמין אנג'ל 500 גרם,שלמה א. אנג`ל בעמ,IL,לחם מחמצת כוסמין,גרמים,500.00,100 גרם,false,1,19.90,3.98,true,1,
7290018540824,false,ארטיזנל לחם מחמצת כפרי אנג'ל 500 גרם,שלמה א. אנג`ל בעמ,IL,לחם מחמצת כפרי,גרמים,500.00,100 גרם,false,1,18.90,3.78,true,1,
7290018540831,false,ארטיזנל לחם מחמצת חיטה מלאה ודגנים אנג'ל 500 גרם,שלמה א. אנג`ל בעמ,IL,לחם מחמצת,גרמים,500.00,100 גרם,false,1,18.90,3.78,true,1,
7290018571408,false,לקקנים מולטיקולור תותי פרוטי מיה 220 גרם,מיה תעשיות מזון מ.ת.מ. בעמ,IL,לקקנים בטעם תות,גרמים,220.00,100 גרם,false,1,8.90,4.05,true,1,
7290018652190,false,חטיף גלידה קראנץ בר 60 גרם,פרונרי איטליה,IT,חטיף גלידה קראנץ,יחידה,1.00,יחידה,false,1,8.00,8.00,true,1,
7290018652213,false,מאגדת חטיפי גלידה קראנץ בר 41X6 גרם,נגה גלידות שותפות מוגבלת,IT,מאגדת חטיפי גליד,גרמים,246.00,100 גרם,false,1,26.90,10.93,true,1,
7290018652886,false,שלגונים בשומן צמחי בטעמי שוקו ובננה מצופים צימקאו,נגה גלידות שותפות מוגבלת,IL,מאגדת שוקו בננה,גרמים,476.00,100 גרם,false,1,31.90,6.70,true,1,
7290018652909,false,מאגדת מאגנום קפה שוקולד ופקאן 5 *43 ג' נסטלה,נגה גלידות שותפות מוגבלת,IL,מאגדת קפה שוקולד,גרמים,215.00,100 גרם,false,1,29.90,13.91,true,1,
7290018652923,false,מאגדת תות עוגת גבינה שוקולד 5 *43 ג' נסטלה,נגה גלידות שותפות מוגבלת,IL,מאגדת מסקרפונה,גרמים,215.00,100 גרם,false,1,29.90,13.91,true,1,
7290018703052,false,פראוד חטיף חלבון עוגיות קראנץ גר`,דיפלומט היינץ,NL,חטיף חלבון פראוד,גרמים,29.00,100 גרם,false,1,11.90,41.03,true,1,
7290018703182,false,פראוד חטיף חלבון שוקולד בוטנים קרמל 29 ג,דיפלומט היינץ,NL,חטיף חלבון פראוד,גרמים,29.00,100 גרם,false,1,11.90,41.03,true,1,
7290018732007,false,אבוקדו האס ארוז יחידה,ביכורי השדה צפון 1994 ג.ד. בעמ,,אבוקדו האס ארוז,יחידה,1.00,יחידה,false,0,12.90,12.90,true,1,
7290018752708,false,מארז שוקולתמר במילוי חמאת שקדים 120 גרם,,IL,שוקלדתמר מארז,גרמים,120.00,100 גרם,false,1,17.90,14.92,true,1,
7290018752814,false,ריבועי מרציפן אגוז 120ג,,IL,ריבועי מרציפן,גרמים,120.00,100 גרם,false,1,22.90,19.08,true,1,
7290018795842,false,שיני שום קלופות 500ג מרינה,קונס`-מרינה פטריות הגליל בעמ*ש,IL,שיני שום קלופות,גרמים,500.00,100 גרם,false,1,18.90,3.78,true,1,
7290018825020,false,תפוא לבן לאפייה דוד משה גורמה,תוצרת הנגב אגודה שיתופית חקלאי,IL,"תפו""א לבן גורמה",קילוגרמים,0.00,"ק""ג",true,1,7.90,7.90,true,1,
7290018825815,false,תפוח אדמהלבן בייבי גורמה,חבל מעון,IL,"תפו""א בייבי גורמ",קילוגרמים,0.00,"ק""ג",true,1,7.90,7.90,true,1,
7290018893494,false,עלי וופל דקים בטעם חמאה צ'וקטה 100 גרם,דיסטרופר אוליבייר,NL,עלי וופל דקים,גרמים,100.00,100 גרם,false,1,10.90,10.90,true,1,
7290018893708,false,עוגיות סנדוויץ' במילוי קרם בטעם שוקולד,ש.שסטוביץ בעמ,ES,עוגיות סנדביץ,גרמים,250.00,100 גרם,false,1,7.60,3.04,true,1,
7290018893906,false,עוגיות סנדוויץ' במילוי קרם בטעם וניל,ש.שסטוביץ בעמ,ES,עוגיות סנדביץ,גרמים,250.00,100 גרם,false,1,7.60,3.04,true,1,
7290018925065,false,מיץ תפוזים סחוט פרימור (2 ליטר),שטראוס גרופ בעמ/מצונן,IL,מיץ תפוזים סחוט,ליטרים,2.00,ליטר,false,1,27.90,13.95,true,1,
7290018925072,false,פרימור טרי מיץ לימונים עם נענע 2 ליטר,שטראוס גרופ בעמ/מצונן,IL,משקה קל לימונים,ליטרים,2.00,ליטר,false,1,27.90,13.95,true,1,
7290018989128,false,סירופ בטעם ענבים יכין 1 ליטר,זנלכול יכין,IL,סירופ בטעם ענבים,ליטרים,1.00,ליטר,false,1,21.90,21.90,true,1,
7290019014614,false,"מרכך כביסה בלו 900 מ""ל",סאסא טק,IL,מרכך כביסה בלו,מיליליטרים,900.00,"100 מ""ל",false,1,19.90,2.21,true,1,
7290019014669,false,ג'ל לכביסה צבעונית 1.35ל,סאסא טק,IL,ג'ל לכביסה ירוק,ליטרים,1.35,ליטר,false,1,29.90,22.15,true,1,
7290019014744,false,מרסס חלונות פרש וויט750מ,סאסא טק,IL,מרסס חלונות פרש,מיליליטרים,750.00,"100 מ""ל",false,1,13.90,1.85,true,1,
7290019014768,false,"ניקוי כלים 24% 750מ""ל",סאסא טק,IL,ניקוי כלים 24%,מיליליטרים,750.00,"100 מ""ל",false,1,14.90,1.99,true,1,
7290019014812,false,"מרסס מנטרל ריחות 500 מ""ל",סאסא טק,IL,מרסס מנטרל ריחות,מיליליטרים,500.00,"100 מ""ל",false,1,19.90,3.98,true,1,
7290019031741,false,"סוכר לבן 1 ק""ג",פולסקי,PL,סוכר לבן,קילוגרמים,1.00,"ק""ג",false,1,4.90,4.90,true,1,
7290019041443,false,אגוז ברזיל טבעי 180גרם,,US,אגוז ברזיל,גרמים,180.00,100 גרם,false,1,28.90,16.06,true,1,
7290019056027,false,שוופס מוגז פירות תפוחים ללא סוכר 1.5 ליטר פיקדון,יפאורה - שותפות מוגבלת לשיווק,IL,שוופס ללא סוכ,ליטרים,1.50,ליטר,false,0,8.90,5.93,true,1,
7290019056041,false,שוופס מוגז פירות לימונייד ללא סוכר 1.5 ליטר פיקדון,יפאורה - שותפות מוגבלת לשיווק,IL,שוופס למונייד,ליטרים,1.50,ליטר,false,0,8.90,5.93,true,1,
7290019056058,false,שוופס מוגז עדין תפוח ליים 1.5 ליטר פיקדון,יפאורה - שותפות מוגבלת לשיווק,IL,שוופס מוגז תפוח,ליטרים,1.50,ליטר,false,0,8.90,5.93,true,1,
7290019056065,false,שוופס מוגז עדין פירות יער 1.5 ליטר פיקדון,יפאורה - שותפות מוגבלת לשיווק,IL,שוופס מוגז,ליטרים,1.50,ליטר,false,0,8.90,5.93,true,1,
7290019056096,false,שוופס מוגז עדין אפרסק 1.5 ליטר פיקדון,יפאורה - שותפות מוגבלת לשיווק,IL,שוופס אפרסק,ליטרים,1.50,ליטר,false,0,8.90,5.93,true,1,
7290019056164,false,שוופס סודה 1.5 ליטר רביעייה פיקדון,יפאורה - שותפות מוגבלת לשיווק,IL,שוופס סודה1.5*4ל,ליטרים,6.00,ליטר,false,0,13.10,2.18,true,1,
7290019056171,false,שוופס סודה לימון 1.5 ליטר רביעייה פיקדון,יפאורה - שותפות מוגבלת לשיווק,IL,סודה לימון 1.5*4,ליטרים,6.00,ליטר,false,0,13.10,2.18,true,1,
7290019056188,false,מארז רביעיית סודה בטעם נענע ליים 1.5 ל' שוופס,יפאורה - שותפות מוגבלת לשיווק,IL,שוופס סודה1.5*4ל,ליטרים,6.00,ליטר,false,0,13.10,2.18,true,1,
7290019056232,false,משקה מוגז בטעם ליים מוחיטו 1.5 ל' שוופס,יפאורה - שותפות מוגבלת לשיווק,IL,שוופס ליים מו,ליטרים,1.50,ליטר,false,0,9.50,6.33,true,1,
7290019056300,false,משקה בטעם ביטר לימון 1.5 ל' שוויפס,יפאורה - שותפות מוגבלת לשיווק,IL,שוופס ביטר לי,ליטרים,1.50,ליטר,false,0,12.70,8.47,true,1,
7290019056324,false,משקה בטעם טוניק 1.5 ל' שוופס,יפאורה - שותפות מוגבלת לשיווק,IL,שוופס מי טוני,ליטרים,1.50,ליטר,false,0,12.70,8.47,true,1,
7290019056331,false,שוופס טוניק ללא סוכר 1.5 ליטר פיקדון,יפאורה - שותפות מוגבלת לשיווק,IL,מי טוניק ל.סו,ליטרים,1.50,ליטר,false,0,11.90,7.93,true,1,
7290019056508,false,פרוט ווטר ענבים 1.5 ליטר פיקדון,יפאורה - שותפות מוגבלת לשיווק,IL,פרוט ווטר ענב,ליטרים,1.50,ליטר,false,0,9.30,6.20,true,1,
7290019056515,false,פרוט ווטר אננס 1.5 ליטר פיקדון,יפאורה - שותפות מוגבלת לשיווק,IL,פרוט ווטר אננ,ליטרים,1.50,ליטר,false,0,9.30,6.20,true,1,
7290019056546,false,fruit water פרוט ווטר אבטיח 1.5 ליטר-,יפאורה - שותפות מוגבלת לשיווק,IL,פרוט ווטר אבט,ליטרים,1.50,ליטר,false,0,9.30,6.20,true,1,
7290019056553,false,שישיית מים מינרלים עין גדי 2 ליטר,יפאורה - שותפות מוגבלת לשיווק,IL,מים עין גדי2*6ל,ליטרים,12.00,ליטר,false,0,13.80,1.15,true,1,
7290019056973,false,מי עדן שישיה בק `1.5ליטר פיקדון,יפאורה - שותפות מוגבלת לשיווק,IL,מי עדן 1.5*6ל,ליטרים,9.00,ליטר,false,0,14.90,1.66,true,1,
7290019153214,false,"פחית משקה מוגז מנטה 330 מ""ל שוופס",יפאורה - שותפות מוגבלת לשיווק,IL,שוופס מנטה פחית,מיליליטרים,330.00,"100 מ""ל",false,1,5.90,1.79,true,1,
7290019232162,false,"חליטת ""לילה טוב"" קמומיל מליסה 25 שקיקים ויסוצקי",תה ויסוצקי (ישראל) בעמ,IL,חליטת קמומיל,גרמים,50.00,100 גרם,false,1,24.90,49.80,true,1,
7290019297222,false,פולי סויה אדממה 450גרם,שקדיה,IL,פולי סויה אדממה,גרמים,450.00,100 גרם,false,0,12.90,2.87,true,1,
7290100243671,false,"מרכך כביסה מרוכז אקסטרה כחול בדין 960 מ""ל",יוניליוור ישראל שיווק בע`מ,TR,מרכך כביסה בדין,מיליליטרים,960.00,"100 מ""ל",false,0,17.90,1.86,true,1,
7290100245231,false,נמס בכוס מרק בטעם עוף עם אטריות ושקדי מרק-2 שקיות,יוניליוור ישראל שיווק בע`מ,IL,נמס בכוס ט.עוף,גרמים,50.00,100 גרם,false,0,7.80,15.60,true,1,
7290100249598,false,רוטב לעוף בטעם שום ודבש קנור (320 גרם),יוניליוור ישראל שיווק בע`מ,IL,רוטב לעוף,גרמים,320.00,100 גרם,false,0,11.90,3.72,true,1,
7290100659090,false,פרי חטיפים ללא גלוטן ותוספת סוכר מארז 5 תמרים וקינמון,טבעית מוצרים מן הטבע בעמ,IL,חטיף FREE תמרים,גרמים,110.00,100 גרם,false,0,17.90,16.27,true,1,
7290100680711,false,פירורית זהב אסם זהב 350ג',קבוצת אוסם סחר שותפות מוגבלת,IL,פירורית זהב אסם,גרמים,350.00,100 גרם,false,0,9.50,2.71,true,1,
7290100680728,false,פירורית רגילה שקית 350 גרם,קבוצת אוסם סחר שותפות מוגבלת,IL,פירורית אסם,גרמים,350.00,100 גרם,false,0,8.10,2.31,true,1,
7290100683880,false,פירה אסם ללא צורך בבישול 260 גרם,קבוצת אוסם סחר שותפות מוגבלת,IL,פירה אסם,גרמים,260.00,100 גרם,false,0,16.10,6.19,true,1,
7290100685334,false,אבקת מרק עוף אמיתי בשרי רכיבים טבעיים אסם 400 גרם,קבוצת אוסם סחר שותפות מוגבלת,IL,מרק עוף אמיתי,גרמים,400.00,100 גרם,false,0,25.60,6.40,true,1,
7290100687109,false,במבה במילוי קרם נוגט 60ג' אסם,קבוצת אוסם סחר-שות.מוגבלת,IL,במבה נוגט,גרמים,60.00,100 גרם,false,0,4.90,8.17,true,1,
7290100689301,false,אבקת מרק בטעם עוף זך עדיף אסם 400 גרם,קבוצת אוסם סחר שותפות מוגבלת,IL,מרק בטעם עוף זך,גרמים,400.00,100 גרם,false,0,16.90,4.23,true,1,
7290100700327,false,"גריסי פנינה סוגת 1 ק""ג","סוגת תעשיות בע""\מ",IL,"גריסי פנינה 1ק""ג",קילוגרמים,1.00,"ק""ג",false,0,9.20,9.20,true,1,
7290100700372,false,"אורז בסגנון בסמטי מלא 1 ק""ג",האי נאם סי או אל.טי.,IL,אורז בסמטי מלא,קילוגרמים,1.00,"ק""ג",false,0,14.90,14.90,true,1,
7290100700389,false,"אורז אדום סוגת 1 ק""ג","סוגת תעשיות בע""\מ",IL,אורז אדום סוגת,קילוגרמים,1.00,"ק""ג",false,0,14.80,14.80,true,1,
7290100700396,false,"אורז יסמין קלאסי סוגת 1 ק""ג",האי נאם סי או אל.טי.,IL,אורז יסמין סוגת,קילוגרמים,1.00,"ק""ג",false,0,12.40,12.40,true,1,
7290100700587,false,"בורגול ""סוגת"" 500 גרם",האי נאם סי או אל.טי.,IL,בורגול 500 גרם,גרמים,500.00,100 גרם,false,0,6.80,1.36,true,1,
7290100701331,false,קמח רב תכליתי שטיבל קמח חיטה לבן בהיר,"שטיבל בע""\מ - טחנות קמח",IL,קמח רב תכליתי,קילוגרמים,1.00,"ק""ג",false,0,8.90,8.90,true,1,
7290100703007,false,"עדשים שחורות בלוגה 500 גרם ""סוגת""",האי נאם סי או אל.טי.,IL,עדשים שחורות,גרמים,500.00,100 גרם,false,1,9.90,1.98,true,1,
7290100704615,false,סוכר לבן דק דק בצנצנת סוגת 500 גרם,"סוגת תעשיות בע""\מ",IL,סוכר לבן דק דק,גרמים,500.00,100 גרם,false,1,8.90,1.78,true,1,
7290100850909,false,חטיף תירס נאצ`ו מקסיקני דוריטוס (70 גרם),"שטראוס פריטו ליי בע""\מ",IL,דוריטוס נאצ'ו,גרמים,70.00,100 גרם,false,0,4.10,5.86,true,1,
7290100850916,false,דוריטוס חמוץ חריף מעודן 70 גרם כשר לפסח,"שטראוס פריטו ליי בע""\מ )",IL,דוריטוס חמוץ ח,גרמים,70.00,100 גרם,false,0,4.10,5.86,true,1,
7290100850923,false,חטיף תירס גריל דוריטוס (70 גרם),"שטראוס פריטו ליי בע""\מ )",IL,דוריטוס גריל,גרמים,70.00,100 גרם,false,0,4.10,5.86,true,1,
7290100850930,false,חטיף תירס בטעם טבעי דוריטוס (70 גרם),"שטראוס פריטו ליי בע""\מ )",IL,חטיף דוריטוס,גרמים,70.00,100 גרם,false,0,4.10,5.86,true,1,
7290100852606,false,קפה טורקי 100*4 גרם,שטראוס קפה בי.ויn\.,IL,קפה טורקי 4 יח,גרמים,400.00,100 גרם,false,0,32.90,8.23,true,1,
7290100858592,false,אבקת קקאו עלית שקית 150 ג',הנסיך- מפעל לייצור ט,IL,קקאו עלית,גרמים,150.00,100 גרם,false,0,10.20,6.80,true,1,
7290101112228,false,מאגדת פופסיקל גלידל פרי אננס 8 יח`,פלקו בעמ חברה ישראלית,IL,מאגדת גלידל פרי,גרמים,640.00,100 גרם,false,48,26.90,4.20,true,1,
7290101113157,false,מאגדת גלידל וניל עוגיות פלדמן 6 יחידות,"פלקו בע""\מ, חברה ישראלית",IL,מאגדת גלידל וניל,גרמים,312.00,100 גרם,false,1,27.90,8.94,true,1,
7290101113447,false,עשירייה גלידל מיני קסטה בטעמי שוקו ווניל 270 ג' פלדמן,פלקו בעמ חברה ישראלית,IL,גלידל מיני קסטה,גרמים,270.00,100 גרם,false,1,34.90,12.93,true,1,
7290101501237,false,עגבניה מגי מובחרת ארוזה,יגור חקלאות ועסקים,IL,עגבניה מגי ארוז,קילוגרמים,0.00,"ק""ג",true,1,15.90,15.90,true,1,
7290101551539,false,יוגורט PRO בטעם אפרסק 0% 20 גרם חלבון בגביע,שטראוס גרופ בעמ/מצונן,IL,דנונה פרו אפרסק,גרמים,200.00,100 גרם,false,1,6.20,3.10,true,1,
7290101863410,false,"סיליט באנג ספריי ניקוי עוצמתי מכיל אקונומיקה 750 מ""ל",רקיט בנקיזר (ניר איסט) בעמ,PL,סילים ספריי,מיליליטרים,750.00,"100 מ""ל",false,0,16.90,2.25,true,1,
7290101864127,false,ספריי להסרת כתמים וניש קליה (750 מל),רקיט בנקיזר (ניר איסט) בעמ,IL,קליה ספריי,מיליליטרים,750.00,"100 מ""ל",false,0,16.90,2.25,true,1,
7290101865261,false,נוזל הברקה למדיח כלים פיניש (800 מל),רקיט בנקיזר (ניר איסט) בעמ,PL,פיניש נוזל הברקה,מיליליטרים,800.00,"100 מ""ל",false,0,20.90,2.61,true,1,
7290101869719,false,ג'ל מרוכז למדיח פיניש all in one max בניחוח לימון,רקיט בנקיזר (ניר איסט) בעמ,PL,פיניש ג'ל למדיח,מיליליטרים,600.00,"100 מ""ל",false,1,35.90,5.98,true,1,
7290101869726,false,ג'ל מרוכז למדיח הכל ב-1 פיניש 1 ליטר,רקיט בנקיזר (ניר איסט) בעמ,PL,פיניש ג'ל למדיח,ליטרים,1.00,ליטר,false,1,44.90,44.90,true,1,
7290101869764,false,אירוויק מכשיר אוטומט+מילוי בניחוח חלום ליל קיץ,רקיט בנקיזר (ניר איסט) בעמ,CN,אירויק מכשיר,מיליליטרים,250.00,"100 מ""ל",false,1,41.90,16.76,true,1,
7290101869795,false,"אירוויק מילוי מבשם אויר אטומטי חלום ליל קיץ 250 מ""ל",רקיט בנקיזר (ניר איסט) בעמ,GB,אירוויק מילוי,מיליליטרים,250.00,"100 מ""ל",false,1,16.90,6.76,true,1,
7290101982418,false,ספריי ממתק קיטי,,,ספריי ממתק קיטי,גרמים,20.00,100 גרם,false,0,5.80,29.00,true,1,
7290101982470,false,ממתק רולר 30 מל' בטעמים,עולם הממתקים שיווק,CN,ממתק רולר,מיליליטרים,30.00,"100 מ""ל",false,0,6.50,21.67,true,1,
7290102030330,false,תפוצ`יפס אקסטרא מקסיקני 200 גרם +20 תו,"שטראוס פריטו ליי בע""\מ )",IL,תפוצ'יפס,גרמים,200.00,100 גרם,false,0,10.90,5.45,true,1,
7290102300822,false,גבינה צ'דר אנגלית כתומה 200 גרם,א. סיימן סחר בעמ,GB,גבינת צ'דר כתום,גרמים,200.00,100 גרם,false,0,28.90,14.45,true,1,
7290102303878,false,אלוויר חמאת נורמנדי 200 גרם,א.סיימן סחר בעמ,FR,חמאה גורמה אלויר,גרמים,200.00,100 גרם,false,1,19.90,9.95,true,1,
7290102393169,false,"יוגורט סימפלי פרוט בטעם תות 3% מולר 150 מ""ל",*החברה המרכזית להפצת משקאותבעמ,IL,יוגורט מולר תות,גרמים,150.00,100 גרם,false,0,5.00,3.33,true,1,
7290103124588,false,"סבון נוזלי ארומה בניחוח לבנדר פטצ'ולי פלמוליב 750 מ""ל",הנסיך- מפעל לייצור ט,TR,סבון פלמוליב,מיליליטרים,750.00,"100 מ""ל",false,0,21.90,2.92,true,1,
7290103124601,false,"תחליב רחצה נוזל חלב ודבש משאבה 750מ""ל פלמוליב",הנסיך- מפעל לייצור ט,TR,סבון פלמוליב,מיליליטרים,750.00,"100 מ""ל",false,0,21.90,2.92,true,1,
7290103401429,false,קפה קצב ברזילאי אוריגינס 200 גר,הנסיך- מפעל לייצור ט,IL,קפה פלטינום,גרמים,200.00,100 גרם,false,0,28.90,14.45,true,1,
7290103404758,false,סלט כרוב אדום במיונז אחלה 120 גרם,שטראוס גרופ בעמ/מצונן,IL,כרוב אדום אחלה,גרמים,120.00,100 גרם,false,0,5.40,4.50,true,1,
7290104061417,false,סלט חומוס עם טחינה אחלה 400 גרם,שטראוס גרופ בעמ/מצונן,IL,חומוס טחינה אחלה,גרמים,400.00,100 גרם,false,0,11.90,2.98,true,1,
7290104061431,false,סלט חומוס עם צנובר אחלה 400 גרם,שטראוס גרופ בעמ/מצונן,IL,חומוס צנובר אחלה,גרמים,400.00,100 גרם,false,0,11.90,2.98,true,1,
7290104061448,false,סלט חומוס עם חריף אחלה 400 גרם,שטראוס גרופ בעמ/מצונן,IL,חומוס חריף אחלה,גרמים,400.00,100 גרם,false,0,11.90,2.98,true,1,
7290104500572,false,אפרופו חטיף תירס איטליאנו אסם 50 גרם,קבוצת אוסם סחר-שות.מוגבלת,IL,אפרופו איטליאנו,גרמים,50.00,100 גרם,false,0,5.80,11.60,true,1,
7290104504228,false,מיני דובונים אסם 100 גרם מארז 5 יחידות,קבוצת אוסם סחר-שות.מוגבלת,IL,מיני דובונים 5יח,גרמים,100.00,100 גרם,false,0,14.70,14.70,true,1,
7290104508943,false,במבה חטיף בוטנים אסם 200 גרם,קבוצת אוסם סחר-שות.מוגבלת,IL,במבה חטיף בוטנים,גרמים,200.00,100 גרם,false,0,9.10,4.55,true,1,
7290104722530,false,תפוצ'יפס בטעם שמנת בצל עלית 200 גרם,"שטראוס פריטו ליי בע""\מ )",IL,תפוצ'יפס שמנת,גרמים,200.00,100 גרם,false,0,10.90,5.45,true,1,
7290104726262,false,רביעייה מעדן דני שוקולד דיסני לבנים 125 גרם,שטראוס גרופ בעמ/מצונן,IL,דני שלוק 4 יח,גרמים,500.00,100 גרם,false,0,11.50,2.30,true,1,
7290104728310,false,"שמנת מתוקה עמידה 38% שומן ""יטבתה"" -מוצר בפיקוח",שטראוס גרופ בעמ/מצונן,IL,שמנת לקצפת 38%,גרמים,250.00,100 גרם,false,0,6.47,2.59,true,1,
7290105360250,false,קפסולות 09 עשיר וארומטי למכונת נספרסו עלית 10יח',הנסיך- מפעל לייצור ט,IL,קפסולות קפה,גרמים,50.00,100 גרם,false,0,18.90,37.80,true,1,
7290105360335,false,קפסולות אספרסו למכונות נספרסו 50 גר,הנסיך- מפעל לייצור ט,IL,קפסולות מס' 7,גרמים,50.00,100 גרם,false,0,18.90,37.80,true,1,
7290105360755,false,"שמן זית 3 חזק 750 מ""ל יד מרדכי",מכוורת יד מרדכי שטראוס ב,IL,שמו זית 3 חזק,מיליליטרים,750.00,"100 מ""ל",false,0,37.90,5.05,true,1,
7290105360762,false,"שמן זית 1 עדין 750 מ""ל יד מרדכי",מכוורת יד מרדכי שטראוס ב,IL,שמן זית 1 עדין,מיליליטרים,750.00,"100 מ""ל",false,0,37.90,5.05,true,1,
7290105360878,false,תפוציפס טבעי 50 גרם מארז רביעייה,"שטראוס פריטו ליי בע""\מ )",IL,תפוצ'יפס 4 יח,גרמים,200.00,100 גרם,false,0,12.50,6.25,true,1,
7290105362339,false,"שמנת לבישול 15% 250 מ""ל יטבתה מהדרין",שטראוס גרופ בעמ/מצונן,IL,שמנת לבישול 15%,מיליליטרים,250.00,"100 מ""ל",false,0,8.60,3.44,true,1,
7290105364289,false,מקלות כיף כף פצפוצים עלית 40 גרם,שולן צ'\יקולטה גידה סאן.,TR,כיף כף מקלות,גרמים,40.00,100 גרם,false,0,5.20,13.00,true,1,
7290105366993,false,סימפוניה גבינת שמנת פלפל שיפקה 5% שטראוס 200 גרם,שטראוס גרופ בעמ/מצונן,IL,סימפוניה פלפל,גרמים,200.00,100 גרם,false,0,12.40,6.20,true,1,
7290105369130,false,סימפוניה גבינת שמנת בצל ירוק 5% שטראוס 200 גרם,שטראוס גרופ בעמ/מצונן,IL,גבינת סימפוניה,גרמים,200.00,100 גרם,false,0,12.40,6.20,true,1,
7290105431516,false,מארז חטיף פריי תמרים ובוטנים ללא גלוטן ותוספת סוכר 125 גרם,טבעית מוצרים מן הטבע בעמ,IL,חטיפי FREE,גרמים,125.00,100 גרם,false,0,17.90,14.32,true,1,
7290105436382,false,חטיף פרי תמרים קשיו ללא תוספת סוכר וגלוטן 5 יח,טבעית מוצרים מן הטבע בעמ,IL,חטיפי FREE,גרמים,125.00,100 גרם,false,0,17.90,14.32,true,1,
7290105500151,false,וודקה פינלנדיה רגיל 700,"אלטיה קורפ, הלסינקי,",FI,וודקה פינלנדיה,מיליליטרים,700.00,"100 מ""ל",false,0,59.90,8.55,true,1,
7290105500236,false,וויסקי ג'ק דניאלס מס' 7 Brand No,ג'ק דניאלס Jack Daniel's,US,וויסקי ג'ק דניאל,מיליליטרים,700.00,"100 מ""ל",false,0,129.90,18.56,true,1,
7290105691248,false,אסם חטיפי פריכונים טורטייה תירס 60 גרם,קבוצת אוסם סחר שותפות מוגבלת,IL,קריספי טורטיה,גרמים,60.00,100 גרם,false,0,8.10,13.50,true,1,
7290105691934,false,קמח שמרים אסם 1 קילו,קבוצת אוסם סחר שותפות מוגבלת,IL,"קמח שמרים 1 ק""ג",קילוגרמים,1.00,"ק""ג",false,0,10.80,10.80,true,1,
7290105693341,false,מארז עשיריית במבה אסם 25*10 גרם,קבוצת אוסם סחר שותפות מוגבלת,IL,במבה 10 יח,גרמים,250.00,100 גרם,false,0,17.90,7.16,true,1,
7290105694904,false,מרק פטריות רכיבים טבעיים אסם (220 גרם),קבוצת אסם סחר שות. מוגבלת,IL,מרק פטריות,גרמים,220.00,100 גרם,false,0,17.90,8.14,true,1,
7290105695024,false,פתיתים אפויים אורז עם אטריות אסם 500 גרם,קבוצת אוסם סחר שותפות מוגבלת,IL,פתיתים אפויים,גרמים,500.00,100 גרם,false,0,7.80,1.56,true,1,
7290105964564,false,חומוס אחלה 400 גרם. שטראוס,שטראוס גרופ בעמ/מצונן,IL,סלט חומוס אחלה,גרמים,400.00,100 גרם,false,1,9.50,2.38,true,1,
7290105965738,false,יוגורט לשתיה בטעם תות בננה267 ג' דנונה,שטראוס גרופ בעמ/מצונן,IL,דנונה לשתיה,גרמים,267.00,100 גרם,false,0,5.30,1.99,true,1,
7290105968654,false,רביולי עם בטטה פרווה שטראוס (400 גרם),שטראוס גרופ בעמ/מצונן,IL,רביולי בטטה 400ג,גרמים,400.00,100 גרם,false,0,21.70,5.43,true,1,
7290105968777,false,פריכיות 5 דגנים עם תחתית שוקולד מריר 70 גרם,"טחנת האבן תעשיות בע""",IL,פריכיות + שוקולד,גרמים,70.00,100 גרם,false,0,8.90,12.71,true,1,
7290106520066,false,"רבע לשבע שוקולד חלב במילוי אגוזים עלית 160 גרם בד""צ","הגביע מוצרי וופלים בע""\מ",IL,רבע לשבע 160 גרם,גרמים,160.00,100 גרם,false,0,12.90,8.06,true,1,
7290106520288,false,יוגורט פרו חלבון עם תות 2.4% שומן 150 ג' דנונה,שטראוס גרופ בעמ/מצונן,IL,דנונה WOW תות,גרמים,150.00,100 גרם,false,1,4.90,3.27,true,1,
7290106525320,false,אבקת שוקולית לאפייה קופסא 500ג' עלית,הנסיך- מפעל לייצור ט,IL,שוקולית לאפיה,גרמים,500.00,100 גרם,false,0,16.50,3.30,true,1,
7290106525368,false,גלילי וופל רבע לשבע אין סייד אוט 125 גר,"הגביע מוצרי וופלים בע""\מ",IL,רבע לשבע,גרמים,125.00,100 גרם,false,0,12.90,10.32,true,1,
7290106525399,false,קפסולות 06 ברזיל למכונות נספרסו עלית 10יח',הנסיך- מפעל לייצור ט,IL,קפסולות קפה,גרמים,50.00,100 גרם,false,1,18.90,37.80,true,1,
7290106574120,false,גומי גם קרחון שרבט עם סוכריות 90 גר`נסט,נגה גלידות שותפות מוגבלת,IL,קרחון גומיגם,יחידה,1.00,יחידה,false,0,8.00,8.00,true,1,
7290106574953,false,בייגלה שטוחים כעכים שטוחים עם שומשום,קבוצת אוסם סחר שותפות מוגבלת,IL,בייגלה שטוחים,גרמים,300.00,100 גרם,false,0,11.90,3.97,true,1,
7290106574977,false,בייגלה שטוחים טבעות עם מלח אסם (300 גרם),קבוצת אוסם סחר שותפות מוגבלת,IL,בייגלה שטוחים,גרמים,300.00,100 גרם,false,0,11.90,3.97,true,1,
7290106575257,false,עוגת הבית סופלה בטעם שוקולד 340 ג' אסם,קבוצת אוסם סחר שותפות מוגבלת,IL,עוגת סופלה הבית,גרמים,340.00,100 גרם,false,0,13.40,3.94,true,1,
7290106576537,false,חומוס מסעדה צבר (700 גרם),קבוצת אוסם סחר שותפות מוגבלת,IL,חומוס מסעדה צבר,גרמים,700.00,100 גרם,false,0,13.10,1.87,true,1,
7290106576797,false,"לה קרמריה גלידת וניל איטלקי כשל""פ 1.4ל'",נגה גלידות שותפות מוגבלת,IL,לה קרמריה וניל,ליטרים,1.40,ליטר,false,0,21.90,15.65,true,1,
7290106576919,false,"לה קרמריה סורבה תות לימו 1.4 ליטר כשל""פ",נגה גלידות שותפות מוגבלת,IL,לח קרמריה,ליטרים,1.40,ליטר,false,0,21.90,15.65,true,1,
7290106577039,false,גלידה לה קרמריה שוקו וניל פליק 1.4 ל' נסטלה,נגה גלידות שותפות מוגבלת,IL,לא קרמריה,ליטרים,1.40,ליטר,false,0,21.90,15.65,true,1,
7290106578821,false,הבית עוגת שמרים קלאסית בטעם שוקולד 350גר.,קבוצת אוסם סחר שותפות מוגבלת,IL,עוגת שמרים,גרמים,350.00,100 גרם,false,0,18.50,5.29,true,1,
7290106656727,false,"עוגיות חיוכים שוקולד עלית 600 גרם בד""צ","אפיפית נצרת (1971) בע""\מ",IL,חיוכים שוקולד,גרמים,600.00,100 גרם,false,0,18.70,3.12,true,1,
7290106663121,false,"עוגה אישית במילוי קרם חלב ""מילקי קייק"" שטראוס",בובארד איטליה אס.פי.איי,IT,מילקי קייק,גרמים,34.00,100 גרם,false,1,3.10,9.12,true,1,
7290106663503,false,קונפיטורת תות לייט יד מרדכי (230 גרם),אף.סי תבליני בגליל ב,IL,קונפיטורה תות,גרמים,230.00,100 גרם,false,0,14.90,6.48,true,1,
7290106666788,false,עלית - סוכריות נוסטלגיה דבש ממולאות 80 גרם,"שטראוס גרופ בע""מ",PL,סוכריות דבש,גרמים,80.00,100 גרם,false,1,6.50,8.13,true,1,
7290106667266,false,חטיף תירס חמוץ חריף דוריטוס (185 גרם),"שטראוס פריטו ליי בע""\מ )",IL,דוריטוס,גרמים,185.00,100 גרם,false,1,8.40,4.54,true,1,
7290106669857,false,קפסולות אספרסו בטעם וניל עלית 10 יחידות,הנסיך- מפעל לייצור ט,IL,קפסולות וניל,גרמים,50.00,100 גרם,false,1,18.90,37.80,true,1,
7290106720626,false,חטיף תירס בטעם גבינה צ`יטוס (80 גרם),"שטראוס פריטו ליי בע""\מ )",IL,ציטוס גבינה,גרמים,80.00,100 גרם,false,1,5.20,6.50,true,1,
7290106721913,false,מסטיק מאסט MUST ללא סוכר בטעם מנטה מרעננת,שטראוס גרופ בע`מ,IL,מסטיק מרעננת,גרמים,66.00,100 גרם,false,1,11.50,17.42,true,1,
7290106721920,false,צנצנת מסטיק מאסט בטעם ספירמינט עדין 66 ג' עלית,"שטראוס גרופ בע""\מ.",IL,מסטיק ספירמינט,גרמים,66.00,100 גרם,false,1,11.50,17.42,true,1,
7290106726178,false,יוגורט PRO עם פירות יער 2.4% 10 גרם חלבון בגביע,שטראוס גרופ בעמ/מצונן,IL,דנונה WOW פ.יער,גרמים,150.00,100 גרם,false,1,4.90,3.27,true,1,
7290106727984,false,"כיף כף פצפצים בגביע 135 גרם ""עלית""",שולן צ'\יקולטה גידה סאן.,TR,כיף כף פצפצים,גרמים,135.00,100 גרם,false,1,11.50,8.52,true,1,
7290107280020,false,שלישיית מטליות לחות לניקוי כללי סנו סושי 50 יחידות,החברה הדרומית לשיווק בעמ,IL,מטליות לחות מארז,יחידה,1.00,יחידה,false,0,19.90,19.90,true,1,
7290107280037,false,50 מטליות לחות לניקוי כללי גדולות ועבות,החברה הדרומית לשיווק בעמ,IL,מגבונים לניקוי,יחידה,1.00,יחידה,false,0,11.30,11.30,true,1,
7290107280341,false,ריצפז מטליות לחות לניקוי הרצפה בניחוח מלון מפנק,החברה הדרומית לשיווק בעמ,IL,מטליות ריצפז,יחידה,1.00,יחידה,false,1,12.90,12.90,true,1,
7290107280549,false,"סנו - K400 קוטל זבובים ויתושים 300 מ""ל",החברה הדרומית לשיווק בעמ,IL,400-K ק.יתושים,מיליליטרים,300.00,"100 מ""ל",false,0,12.90,4.30,true,1,
7290107646154,false,"חטיף קוקומן פצפוצים תלמה 126 גרם מארז 6 יחידות בד""צ","יוניליוור ישראל שיווק בע""מ",IL,חטיפי קוקומן 6יח,גרמים,126.00,100 גרם,false,1,14.90,11.83,true,1,
7290107647571,false,קורנטו טילון קליק 70 גרם,שטראוס,IL,טילון קליק,גרמים,70.00,100 גרם,false,1,8.00,11.43,true,1,
7290107647656,false,סולרו פרוט בוסט - קוקוס אננס (פרווה),"מיוצר ע""\י גלידת שטראוס",IL,מאגדת מיני סולרו,גרמים,245.00,100 גרם,false,1,24.90,10.16,true,1,
7290107647816,false,"ברנפלקס ללא תוספת סוכר תלמה בד""ץ 500 גרם","יוניליוור ישראל שיווק בע""מ",IL,"ברנפלקס ללת""ס",גרמים,500.00,100 גרם,false,1,25.90,5.18,true,1,
7290107647823,false,"ברנפלקס פתיתי חיטה מלאה וסובין 500 גרם ""תלמה""",יוניליוור ישראל שיווק בע`מ,IL,דגני בוקר ברנפלק,גרמים,500.00,100 גרם,false,1,24.90,4.98,true,1,
7290107647854,false,"שוגי מופחת סוכר תלמה 500 ג' בד""צ",יוניליוור ישראל שיווק בע`מ,IL,דגני בוקר שוגי,גרמים,500.00,100 גרם,false,1,22.90,4.58,true,1,
7290107649100,false,בייגלה טבעות שומשום 300 גרם.,"יוניליוור ישראל שיווק בע""מ",IL,בייגלה טבעות,גרמים,300.00,100 גרם,false,1,12.20,4.07,true,1,
7290107649681,false,טילון פסק זמן - נוגט קראנץ',"מיוצר ע""\י גלידת שטראוס",IL,טילון קורנטו פסק,יחידה,1.00,יחידה,false,1,8.00,8.00,true,1,
7290107649858,false,טילון סופר מגנום וניל ושוקלד לבן,"מיוצר ע""\י גלידת שטראוס",IL,טילון סופר מגנום,יחידה,1.00,יחידה,false,1,11.00,11.00,true,1,
7290107870047,false,טילון אקסטרים115-120 גרם ענק נסטלה 120 גרם,נגה גלידות שותפות מוגבלת,IL,טילון בראונז,יחידה,1.00,יחידה,false,0,11.00,11.00,true,1,
7290107871532,false,מאגדת קרחוני מלון דובדבן נסטלה 10 יחידות,נגה גלידות שותפות מוגבלת,IL,מאגדת קרח,גרמים,750.00,100 גרם,false,7,21.90,2.92,true,1,
7290107879569,false,קרחון לה פרוטה שרבט מנגו מאגדת 5יח',נגה גלידות שותפות מוגבלת,IL,מאגדת לה פרוטה,גרמים,350.00,100 גרם,false,1,29.90,8.54,true,1,
7290107931397,false,כיף כף פצפוצים במילוי שוקולד 40 גרם,שולן צ'\יקולטה גידה סאן.,TR,כיף כף פצפצים,גרמים,40.00,100 גרם,false,1,5.50,13.75,true,1,
7290107932080,false,חלב 3% מועשר בבקבוק יטבתה (1 ליטר),שטראוס גרופ בעמ/מצונן,IL,חלב מועשר 3%,ליטרים,1.00,ליטר,false,1,7.90,7.90,true,1,
7290107932134,false,חלב מועשר 1% בבקבוק יטבתה (1 ליטר),שטראוס גרופ בעמ/מצונן,IL,חלב מועשר 1%,ליטרים,1.00,ליטר,false,1,7.90,7.90,true,1,
7290107936309,false,דנונה יוגורט 7% יווני לבן 130 ג',שטראוס גרופ בעמ/מצונן,IL,יוגורט יווני,גרמים,130.00,100 גרם,false,1,3.50,2.69,true,1,
7290107937542,false,משקה יוגורט אקטיביה עם תות 1.2% שומן,שטראוס גרופ בעמ/מצונן,IL,משקה אקטביה תות,גרמים,265.00,100 גרם,false,1,5.10,1.92,true,1,
7290107937641,false,צנצנת קוביות בזוקה גומי לעיסה 58גר,אסקום קונפקשיין,DE,קוביות מסטיק,גרמים,58.00,100 גרם,false,1,11.50,19.83,true,1,
7290107937856,false,קפסולות 11חזק למכונות נספרסו עלית 10יח',הנסיך- מפעל לייצור ט,IL,קפסולות עלית,גרמים,50.00,100 גרם,false,1,18.90,37.80,true,1,
7290107938396,false,שמיניית אקטימל תות דיסני בנים 108 גרם,שטראוס גרופ בעמ/מצונן,IL,אקטימל תות 8יח',מיליליטרים,800.00,"100 מ""ל",false,1,22.70,2.84,true,1,
7290107940467,false,אקטיביה יוגורט קרמי 1.5% דנונה (200 גרם),שטראוס גרופ בעמ/מצונן,IL,אקטיביה 1.5%,גרמים,200.00,100 גרם,false,1,4.20,2.10,true,1,
7290107944472,false,סימפוניה גבינה במרקם שמנת 5% שום שמיר,שטראוס גרופ בעמ/מצונן,IL,גבינת סימפוניה,גרמים,200.00,100 גרם,false,1,12.40,6.20,true,1,
7290107951104,false,בפלות ופלים ארוכים בטעם שוקולד,"שטראוס גרופ בע""\מ",IL,בפלות טעם שוקולד,גרמים,200.00,100 גרם,false,1,5.40,2.70,true,1,
7290107953559,false,"מארז קפה טורקי עלית לדרך כשל""פ 168 גרם",הנסיך- מפעל לייצור ט,IL,קפה טורקי לדרך,גרמים,168.00,100 גרם,false,1,19.90,11.85,true,1,
7290107954709,false,"קונפיטורת פירות יער ""יד מרדכי"" 340 גר'",שטראוס גרופ בע`מ,IL,קונפיטורה פירות,גרמים,340.00,100 גרם,false,1,15.80,4.65,true,1,
7290107954976,false,משקה חלב PRO עם קפה 1.5% 25 גרם חלבון בבקבוק,שטראוס גרופ בעמ/מצונן,DE,משקה פרו קפה,מיליליטרים,350.00,"100 מ""ל",false,1,6.90,1.97,true,1,
7290107956895,false,קפסולות טעם קרמל למכונות נספרסו 50גר,שטראוס קפה בי.וי.,IL,קפסולות אספרסו,גרמים,50.00,100 גרם,false,1,18.90,37.80,true,1,
7290107956901,false,קפסולות בטעם אגוזים למכונת נספרסו עלית 10 יחידות,שטראוס קפה בי.וי.,IL,קפסולות אספרסו,גרמים,50.00,100 גרם,false,1,18.90,37.80,true,1,
7290107957991,false,מילקי CAKE מיניס קרם חלב בציפוי שוקולד חלב שקית 16X9ג',בובארד איטליה אס.פי.איי,IT,מילקי קייק מיניס,גרמים,144.00,100 גרם,false,1,15.50,10.76,true,1,
7290107974073,false,מנה עלי טורטיה קמח לבן מ.שף 20 סמ 320 גר,אלקאטי קורביישיסי גי,ES,עלי טורטיה,גרמים,320.00,100 גרם,false,1,11.90,3.72,true,1,
7290107978323,false,איטריות דקיקות מאסטר שף 400 גרם,הדקלאים אגודת שיתופי,PL,איטריות דקיקות,גרמים,400.00,100 גרם,false,1,6.90,1.73,true,1,
7290107978330,false,איטריות דקות מאסטר שף 400 גרם,הדקלאים אגודת שיתופי,PL,איטריות דקות,גרמים,400.00,100 גרם,false,1,6.90,1.73,true,1,
7290108350210,false,סנו סושי 30 שקיות אשפה XL חזקות במיוחד,החברה הדרומית לשיווק בעמ,IL,שקיות אשפה חזקות,יחידה,1.00,יחידה,false,1,24.90,24.90,true,1,
7290108350616,false,סנו - מקסימה מרכך כביסה מרוכז פריחה כחולה 1 ליטר,החברה הדרומית לשיווק בעמ,IL,מרכך מקסימה,ליטרים,1.00,ליטר,false,1,18.90,18.90,true,1,
7290108350623,false,מרכך כביסה סופר מרוכז סופט סילק מקסימה 1 ל' סנו,החברה הדרומית לשיווק בעמ,IL,מרכך מקסימה,ליטרים,1.00,ליטר,false,1,18.90,18.90,true,1,
7290108351552,false,"סנו - ג'ט לניקוי כללי בתוספת חומץ בניחוח לבנדר 750 מ""ל",החברה הדרומית לשיווק בעמ,IL,סנו ג'ט עם חומץ,מיליליטרים,750.00,"100 מ""ל",false,1,15.90,2.12,true,1,
7290108351613,false,סנו ריצפז פרש הום 2 ליטר בניחוח מלון חלומי,החברה הדרומית לשיווק בעמ,IL,ריצפז פרש הום,ליטרים,2.00,ליטר,false,1,21.90,10.95,true,1,
7290108351866,false,"סנו מקסימה בושם מרוכז לכביסה FOREVER בורדו 600 מ""ל",החב. הדרומית לשיווק,IL,בושם לכביסה,מיליליטרים,600.00,"100 מ""ל",false,1,23.90,3.98,true,1,
7290108351972,false,סנופרש הום מבשם לבית בניחוח מלון בוטיק,החברה הדרומית לשיווק בעמ,IL,מבשם אוויר לבית,מיליליטרים,200.00,"100 מ""ל",false,1,12.90,6.45,true,1,
7290108352450,false,ריצפז פרש הום בניחוח מרכך כביסה בלו בלוסום,החברה הדרומית לשיווק בעמ,IL,ריצפז פרש הום,ליטרים,2.00,ליטר,false,1,21.90,10.95,true,1,
7290108352511,false,"מקסימה לניקוי וחיטוי מכונת כביסה שקית 500 מ""ל",החברה הדרומית לשיווק בעמ,IL,מנקה מכונת כביסה,מיליליטרים,500.00,"100 מ""ל",false,1,13.90,2.78,true,1,
7290108352627,false,סנו סושי מפות ניילון שקופה בגליל,החברה הדרומית לשיווק בעמ,IL,מפת ניילון שקופה,יחידה,1.00,יחידה,false,1,21.90,21.90,true,1,
7290108352795,false,שקיות זיפר 50 יח`במידה M סנו סושי,החברה הדרומית לשיווק בעמ,CN,שקיות מזון זיפר,יחידה,1.00,יחידה,false,1,10.90,10.90,true,1,
7290108352900,false,מגבות נייר בגליל כפול סנו סושי 12=6 גלילים,החברה הדרומית לשיווק בעמ,IL,מגבות נייר,מטרים,126.00,מטר,false,1,20.90,0.17,true,1,
7290108353075,false,מפיות אירוח גדולות ועבות סנו סושי 50 יחידות,החברה הדרומית לשיווק בעמ,PL,מפיות אירוח איכו,יחידה,1.00,יחידה,false,1,10.90,10.90,true,1,
7290108353686,false,מטלית חלומית לרצפה סנו סושי 1 יחידה,החברה הדרומית לשיווק בעמ,CN,מטלית לרצפה,יחידה,1.00,יחידה,false,1,11.30,11.30,true,1,
7290108357288,false,אקונומיקה ז'אוול בניחוח פריחה לבנה 4 ל' סנו,החברה הדרומית לשיווק בעמ,IL,אקונומיקה ג'אוול,ליטרים,4.00,ליטר,false,1,17.90,4.48,true,1,
7290108501964,false,חטיף אגוזים וצימוקים הפי נאטס מארז 35X4ג',ג.וילי פוד אינטרנשיונל בעמ,GR,חטיף הפי נאטס4יח,גרמים,140.00,100 גרם,false,1,13.90,9.93,true,1,
7290108508703,false,טורטיה ללא גלוטן 270 גרם ויליפוד,ג.וילי-פוד אינטרנשיונל בעמ,TR,טורטיה ללא גלוטן,גרמים,270.00,100 גרם,false,1,10.90,4.04,true,1,
7290108509410,false,חלבה טורקית עם קקאו 350 גרם ויליפוד,ג.וילי פוד אינטרנשיונל בעמ,TR,חלבה טורקית,גרמים,350.00,100 גרם,false,1,11.90,3.40,true,1,
7290109351025,false,מלך החומוס חומוסטחינה 40% טחינה גולמית,קבוצת אוסם סחר שותפות מוגבלת,IL,חומוסטחינה צבר,גרמים,400.00,100 גרם,false,1,14.90,3.73,true,1,
7290109351957,false,פריכיות פיטנס מיני גדולות שוקולד חלב 100ג',קבוצת אוסם סחר שותפות מוגבלת,BE,פריכיות פיטנס,גרמים,100.00,100 גרם,false,1,8.90,8.90,true,1,
7290109351971,false,פריכיות דגנים פיטנס מצופות שוקולד חלב,קבוצת אוסם סחר שותפות מוגבלת,IL,פיטנס בר פריכיות,גרמים,84.00,100 גרם,false,1,14.50,17.26,true,1,
7290109352916,false,פריכיות דגנים פיטנס מצופות שוקולד לבן,קבוצת אוסם סחר שותפות מוגבלת,IL,פיטנס בר פריכיות,גרמים,84.00,100 גרם,false,1,14.50,17.26,true,1,
7290109354057,false,קרחון לה פרוטה שרבט אננס תפוז מאגדת 5 יח',נגה גלידות שותפות מוגבלת,IL,מאגדת לה פרוטה,גרמים,350.00,100 גרם,false,1,29.90,8.54,true,1,
7290109354996,false,פתי בר ללא גלוטן שוקו 200 גרם אסם,קבוצת אוסם סחר שותפות מוגבלת,IL,פתי בר ללא גלוטן,גרמים,200.00,100 גרם,false,1,11.50,5.75,true,1,
7290109355504,false,שלגון קראנץ וניל ליבת נוגט נסטלה 100 גרם,נגה גלידות שותפות מוגבלת,IL,קראנץ וניל,יחידה,1.00,יחידה,false,1,11.00,11.00,true,1,
7290109358765,false,דגני בוקר קראנץ' רולס נוגט 450 גרם,קבוצת אוסם סחר-שות.מוגבלת,IL,קראנץ' רולס,גרמים,450.00,100 גרם,false,1,27.90,6.20,true,1,
7290109580104,false,זוגלובק פרימיום רוסטביף 150 גרם,נקניק זוגלובק נהריה,IL,רוסטביף פרימיום,גרמים,150.00,100 גרם,false,1,24.90,16.60,true,1,
7290109580135,false,זוגלובק פרימיום קורנדביף 180 גרם,נקניק זוגלובק נהריה,IL,קורנדביף פרימיו,גרמים,180.00,100 גרם,false,1,24.90,13.83,true,1,
7290109580166,false,סרוולד קלאסי פרימיום 150 גרם זוגלובק,נקניק זוגלובק נהריה,IL,סרוולד קלאסי,גרמים,150.00,100 גרם,false,1,24.90,16.60,true,1,
7290109580210,false,נקנקיות ריינהולד'ס הצרפתיה זוגלובק 300 ג',נקניק זוגלובק נהריה,IL,נקניקיות עוף בקר,גרמים,300.00,100 גרם,false,1,23.90,7.97,true,1,
7290109580432,false,פסטרמה חזה הודו מעושן דק דק זוגלובק 120 גרם,נקניק זוגלובק נהריה,IL,פסטרמה אקסטרה מע,גרמים,120.00,100 גרם,false,1,14.90,12.42,true,1,
7290109920597,false,"אסטוניש - מרסס לניקוי המקלחון 750 מ""ל","יעקב יעקבי ובניו בע""מ",GB,מרסס למקלחון,מיליליטרים,750.00,"100 מ""ל",false,1,14.90,1.99,true,1,
7290110000493,false,חמאת בוטנים טבעית קרנצ`י 350 גרם),"בטר אנד דיפרנט בע""מ",IL,חמאת בוטנים,גרמים,350.00,100 גרם,false,1,16.20,4.63,true,1,
7290110001841,false,חמאת בוטנים טבעית 760 גר,בטר אנד דיפרנט,IL,תמאת בוטנים טבעי,גרמים,760.00,100 גרם,false,1,25.90,3.41,true,1,
7290110110703,false,מארז ספרייט שישייה פחיות FRIDGE PACK,החברה המרכזית להפצת משקאות בעמ,IL,ספרייט ליים 6 פח,ליטרים,1.98,ליטר,false,1,24.90,12.58,true,1,
7290110111809,false,"מארז פחיות פאנטה אורנג' שישייה 330 מ""ל",החברה המרכזית לייצור משק,IL,פאנטה אורנג 6 פח,ליטרים,1.98,ליטר,false,1,24.90,12.58,true,1,
7290110113490,false,"פיוז טי אפרסק 19 קלוריות 500 מ""ל",החברה המרכזית להפצת משקאות בעמ,IL,פיוז תה אפרסק,מיליליטרים,500.00,"100 מ""ל",false,1,8.80,1.76,true,1,
7290110114787,false,נביעות+ מים מינרליים בטעם תפוח 1.5 ליטר,החברה המרכזית להפצת משקאות בעמ,IL,נביעות+תפוח,ליטרים,1.50,ליטר,false,0,10.50,7.00,true,1,
7290110114794,false,נביעות+ מים מינרליים בטעם אפרסק 1.5 ליטר,החברה המרכזית להפצת משקאות בעמ,IL,נביעות+אפרסק,ליטרים,1.50,ליטר,false,0,10.50,7.00,true,1,
7290110114800,false,נביעות+ מים מינרליים בטעם ענבים 1.5 ליטר,החברה המרכזית להפצת משקאות בעמ,IL,נביעות+ענבים,ליטרים,1.50,ליטר,false,0,10.50,7.00,true,1,
7290110114855,false,"נביעות מים מינרליים, שישיה 6 * 1.5 ליטר פקדון",החברה המרכזית להפצת משקאות בעמ,IL,מים נביעות1.5*6ל,ליטרים,9.00,ליטר,false,0,13.70,1.52,true,1,
7290110114961,false,משקה קל בטעם תפוזים פריגת (1.5 ליטר),החברה המרכזית להפצת משקאות בעמ,IL,פריגת תפוזים,ליטרים,1.50,ליטר,false,0,9.90,6.60,true,1,
7290110114985,false,משקה קל בטעם אשכוליות פריגת (1.5 ליטר),החברה המרכזית להפצת משקאות בעמ,IL,פריגת אשכוליו,ליטרים,1.50,ליטר,false,0,9.90,6.60,true,1,
7290110114992,false,משקה קל בטעם אשכוליות לייט פריגת (1.5 לי,החברה המרכזית להפצת משקאות בעמ,IL,פריגת אשכולי,ליטרים,1.50,ליטר,false,0,9.50,6.33,true,1,
7290110115005,false,משקה קל בטעם ענבים פריגת (1.5 ליטר),החברה המרכזית להפצת משקאות בעמ,IL,פריגת ענבים,ליטרים,1.50,ליטר,false,0,9.90,6.60,true,1,
7290110115029,false,משקה קל בטעם תפוחים פריגת (1.5 ליטר),החברה המרכזית להפצת משקאות בעמ,IL,פריגת תפוחים,ליטרים,1.50,ליטר,false,0,9.90,6.60,true,1,
7290110115036,false,משקה קל בטעם מנגו פריגת (1.5 ליטר),החברה המרכזית להפצת משקאות בעמ,IL,פריגת מנגו,ליטרים,1.50,ליטר,false,0,9.90,6.60,true,1,
7290110115043,false,משקה קל בטעם לימונענע פריגת (1.5 ליטר),החברה המרכזית להפצת משקאות בעמ,IL,"משק""ל פריגת",ליטרים,1.50,ליטר,false,0,9.90,6.60,true,1,
7290110115050,false,משקה קל בטעם תות בננה פריגת (1.5 ליטר),החברה המרכזית להפצת משקאות בעמ,IL,פריגת תות בננ,ליטרים,1.50,ליטר,false,0,9.90,6.60,true,1,
7290110115203,false,קוקה קולה 1.5 ליטר פיקדון,החברה המרכזית להפצת משקאות בעמ,IL,קוקה קולה,ליטרים,1.50,ליטר,false,0,9.20,6.13,true,1,
7290110115210,false,קוקה קולה דיאט 1.5 ליטר פיקדון,החברה המרכזית להפצת משקאות בעמ,IL,קוקה קולה דיא,ליטרים,1.50,ליטר,false,0,8.90,5.93,true,1,
7290110115227,false,קוקה קולה Zero בקבוק 1.5 ליטר פיקדון,החברה המרכזית להפצת משקאות בעמ,IL,קוקה קולה זיר,ליטרים,1.50,ליטר,false,0,9.50,6.33,true,1,
7290110115234,false,קוקה קולה דיאט זירו 1.5 ליטר פיקדון,החברה המרכזית להפצת משקאות בעמ,IL,קולה זירו נטו,ליטרים,1.50,ליטר,false,0,9.50,6.33,true,1,
7290110115265,false,ספרייט לימון ליים 1.5 ליטר-,החברה המרכזית להפצת משקאות בעמ,IL,ספרייט ליים,ליטרים,1.50,ליטר,false,0,9.20,6.13,true,1,
7290110115272,false,ZERO ספרייט 1.5 ליטר פיקדון,החברה המרכזית להפצת משקאות בעמ,IL,ספרייט זירו,ליטרים,1.50,ליטר,false,0,9.50,6.33,true,1,
7290110115296,false,גזוז בטעם תפוז פאנטה 1.5 ליטר פיקדון,החברה המרכזית להפצת משקאות בעמ,IL,פאנטה אורנג',ליטרים,1.50,ליטר,false,0,10.00,6.67,true,1,
7290110115401,false,קינלי סודה שישייה 1.5 ליטר פיקדון,החברה המרכזית להפצת משקאות בעמ,IL,קינלי סודה1.5*6ל,ליטרים,9.00,ליטר,false,0,16.90,1.88,true,1,
7290110115425,false,FUZE TEA גרין לימונענע -נענע 1.5 ליטר פיקדון,החברה המרכזית להפצת משקאות בעמ,IL,פיוז תה לימון,ליטרים,1.50,ליטר,false,0,9.90,6.60,true,1,
7290110115449,false,פיוז-טי תה מנגו אננס 1.5 ליטר פיקדון,החברה המרכזית להפצת משקאות בעמ,IL,תה מנגו אננס,ליטרים,1.50,ליטר,false,0,10.20,6.80,true,1,
7290110115456,false,פיוז-טי תה אפרסק 1.5 ליטר 19 קל פיקדון,החברה המרכזית להפצת משקאות בעמ,IL,פיוז תה אפרסק,ליטרים,1.50,ליטר,false,0,9.90,6.60,true,1,
7290110115463,false,פיוז-טי תה אפרסק 1.5 ליטר פיקדון,החברה המרכזית להפצת משקאות בעמ,IL,פיוז תה אפרסק,ליטרים,1.50,ליטר,false,0,10.20,6.80,true,1,
7290110115494,false,תה קר בטעם ענבים פיוז טי 1.5 ליטר,החברה המרכזית להפצת משקאות בעמ,IL,פיוז תה ענבים,ליטרים,1.50,ליטר,false,0,10.20,6.80,true,1,
7290110115623,false,פיוז-טי תה אפרסק זירו 1.5 ליטר פיקדון,החברה המרכזית להפצת משקאות בעמ,IL,פיוז תה אפרסק,ליטרים,1.50,ליטר,false,1,9.90,6.60,true,1,
7290110320850,false,פתיתים גבינה חצי קשה מגורדת 28% שומן,תנובה מרכז שיתופי לש,IL,פתיתי עמק,גרמים,200.00,100 גרם,false,1,15.90,7.95,true,1,
7290110320935,false,פרוסות מוצרלה 150 גר`קולקשיין תנובה,תנובה מרכז שיתופי לש,IL,פרוסות מוצרלה,גרמים,150.00,100 גרם,false,1,17.90,11.93,true,1,
7290110321277,false,קוטג בקטנה 5%. 100 גרם מהדרין תנובה,פארייפאבה אגרואינדוס,IL,קוטג' בקטנה 5%,גרמים,100.00,100 גרם,false,1,2.70,2.70,true,1,
7290110321284,false,קוטג' בקטנה 9% תנובה 100 גרם מהדרין,פארייפאבה אגרואינדוס,IL,קוטג' בקטנה 9%,גרמים,100.00,100 גרם,false,1,2.70,2.70,true,1,
7290110321604,false,קוביות פיראוס בולגרית מעודנת 5% 200 גרם - רבנות,"תנובה בע""מ ***",IL,קוביות מעודנת 5%,גרמים,200.00,100 גרם,false,1,22.80,11.40,true,1,
7290110321680,false,יוגורט GO בטעם תות 20 גרם חלבון בגביע,מיוצר עי קונדיטוריית,IL,יופלה GO יוגורט,גרמים,200.00,100 גרם,false,1,5.90,2.95,true,1,
7290110321703,false,יוגורט עם פירות יער בתוספת חלבוני חלב 2% שומן,מיוצר עי קונדיטוריית,IL,יופלה GO יוגורט,גרמים,200.00,100 גרם,false,1,5.90,2.95,true,1,
7290110322014,false,טופו בטעם טבעי תנובה ALTERNATIVE,שוורצקוף& הנקל דיסלד,IL,טופו טבעי300 גרם,גרמים,300.00,100 גרם,false,1,12.90,4.30,true,1,
7290110323073,false,"משקה יוגורט יופלה גו תות פטל 250 מ""ל - רבנות",מיוצר עי קונדיטוריית,IL,משקה יוגורט GO,מיליליטרים,250.00,"100 מ""ל",false,1,6.70,2.68,true,1,
7290110323301,false,טל העמק בסגנון אמנטל 32% שומן 200 גרם,"תנובה בע""מ ***",IL,גבינת טל העמק,גרמים,200.00,100 גרם,false,1,19.90,9.95,true,1,
7290110323592,false,יוגורט GO לייט בטעם אפרסק 20 גרם חלבון בגביע,תנובה בעמ ***,IL,יופלה GO אפרסק,גרמים,200.00,100 גרם,false,1,5.90,2.95,true,1,
7290110324353,false,יוגורט GO לייט בטעם אננס 20 גרם חלבון בגביע,מיוצר עי קונדיטוריית,IL,יופלה גו,גרמים,200.00,100 גרם,false,1,5.90,2.95,true,1,
7290110324551,false,יופלה טיוב יוגורט במרקם חלק תות כשרות מהדרין,"תנובה בע""מ ***",IL,יופלה טיוב תות,גרמים,348.00,100 גרם,false,1,13.90,3.99,true,1,
7290110324711,false,ממרח סויה 9% שומן בטעם טבעי תנובה 250 גרם,מיוצר עי קונדיטוריית,IL,ממרח סויה 9%,גרמים,250.00,100 גרם,false,1,10.90,4.36,true,1,
7290110324872,false,גבינה צהובה גלבוע (5% 200 גר`)תנובה,גלבוע - תנובה,IL,גלבוע 5%פרוסות,גרמים,200.00,100 גרם,false,1,18.90,9.45,true,1,
7290110324926,false,משקה סויה ללא תוספת סוכר E אלטרנטיב,תנובה מרכז שיתופי לש,IL,"משקה סויה ללת""ס",ליטרים,1.00,ליטר,false,1,11.90,11.90,true,1,
7290110325114,false,"משקה יוגורט יופלה גו לייט תות בננה 250 מ""ל - רבנות",מיוצר עי קונדיטוריית,IL,משקה יוגורט GO,מיליליטרים,250.00,"100 מ""ל",false,1,6.90,2.76,true,1,
7290110325305,false,יופלה GO סויה 20 גרם חלבון במתיקות מעודנת תנובה 200 גרם,מיוצר עי קונדיטוריית,IL,מעדן גו סויה,גרמים,200.00,100 גרם,false,1,5.90,2.95,true,1,
7290110325312,false,יופלה GO סויה 20 גרם חלבון בטעם תות תנובה 200 גרם,תנובה בעמ ***,IL,מעדן סויה ביו,גרמים,200.00,100 גרם,false,1,5.90,2.95,true,1,
7290110325510,false,יופלה טיוב יוגורט במרקם חלק בטעם וניל-יוניקור,"תנובה בע""מ ***",IL,יופלה טיוב וניל,גרמים,348.00,100 גרם,false,1,13.90,3.99,true,1,
7290110325619,false,משקה שיבולת שועל תנובה E אלטרנטיב,מיוצר עי קונדיטוריית,IL,משקה שיבולת שועל,ליטרים,1.00,ליטר,false,1,14.80,14.80,true,1,
7290110325893,false,משקה חלב GO מועשר בחלבון בטעם אייס קפה,מיוצר עי קונדיטוריית,IL,אייס קפה GO,מיליליטרים,340.00,"100 מ""ל",false,1,7.90,2.32,true,1,
7290110326210,false,יופלה און טופ פצפוצים תנובה 157 גרם,מיוצר עי קונדיטוריית,IL,יופלה און טופ,גרמים,157.00,100 גרם,false,1,5.50,3.50,true,1,
7290110326227,false,יופלה און טופ קורנפלקס תנובה 157 גרם,מיוצר עי קונדיטוריית,IL,יופלה און טופ,גרמים,157.00,100 גרם,false,1,5.50,3.50,true,1,
7290110326333,false,פרוסות גבינה סקנדינבית 170 גר`קולקשיין,"תנובה בע""מ ***",IL,גבינה סקנדינבית,גרמים,170.00,100 גרם,false,1,19.90,11.71,true,1,
7290110327033,false,משקה סויה תנובה גו מועשר בחלבון במתיקות מופחתת,מיוצר עי קונדיטוריית,IL,משקה סויה מועשר,ליטרים,1.00,ליטר,false,1,14.80,14.80,true,1,
7290110327514,false,alternative משקה שיבולת שועל בטעם אגוזי לוז תנובה 1 ליטר,תנובה מרכז שיתופי לש,IL,משקה ש.שועל,ליטרים,1.00,ליטר,false,1,14.80,14.80,true,1,
7290110327804,false,חטיף חלבון GO - עוגיות 60 ג' חלב נוכרי - רבנות,"בלמונט קונפקציות בע""\מ.",US,חטיף חלבון,גרמים,60.00,100 גרם,false,1,13.90,23.17,true,1,
7290110327828,false,חטיף חלבון GO - חמאת בוטנים 60 ג' חלב נוכרי - רבנות,"בלמונט קונפקציות בע""\מ.",US,חטיף חלבון,גרמים,60.00,100 גרם,false,1,13.90,23.17,true,1,
7290110328016,false,משקה סויה מועשר בחלבון בטעם אגוזי לוז 250 גרם,שוורצקוף& הנקל דיסלד,,משקה סויה,יחידה,1.00,יחידה,false,0,7.90,7.90,true,1,
7290110328504,false,טריו - מיקס גבינות מוצרלה סקנדינבית וגאודה 300 גרם,מיוצר עי קונדיטוריית,IL,טריו פתיתי גבינה,גרמים,300.00,100 גרם,false,1,28.90,9.63,true,1,
7290110328610,false,אלטרנטיב בריסטה משקה אורז ושקדים 1 ליטר,תנובה Alternative,IL,משקה אורז ושקדים,ליטרים,1.00,ליטר,false,1,14.80,14.80,true,1,
7290110328627,false,יוגורט יופלה GO במרקם סמיך בטעם בננה קרמל 0%,מיוצר עי קונדיטוריית,IL,יוגורט גו קרמי,גרמים,200.00,100 גרם,false,1,5.90,2.95,true,1,
7290110328764,false,יוגורט יופלה GO במרקם סמיך עם תות 0%,מיוצר עי קונדיטוריית,IL,יוגורט גו קרמי,גרמים,200.00,100 גרם,false,1,5.90,2.95,true,1,
7290110328771,false,יוגורט יופלה GO במרקם סמיך עם פירות יער 0%,מיוצר עי קונדיטוריית,IL,יוגורט גו קרמי,גרמים,200.00,100 גרם,false,1,5.90,2.95,true,1,
7290110328788,false,יוגורט יופלה GO במרקם סמיך בטעם אפרסק 0%,תנובה מרכז שיתופי לש,IL,יוגורט גו סמיך,גרמים,200.00,100 גרם,false,1,5.90,2.95,true,1,
7290110329266,false,יוגורט תנובה מחלב עיזים מלא תנובה 140 ג',תנובה בעמ ***,IL,יוגורט עיזים מלא,גרמים,140.00,100 גרם,false,1,6.50,4.64,true,1,
7290110329686,false,משקה GO חלב בטעם עוגיות 27 גר`חלבון,מיוצר עי קונדיטוריית,IL,משקה חלב GO,מיליליטרים,340.00,"100 מ""ל",false,1,7.90,2.32,true,1,
7290110329808,false,יוגורט סויה BIO Alternative תות 150 ג' תנובה,מיוצר עי קונדיטוריית,IL,מעדן סויה ביו,גרמים,150.00,100 גרם,false,1,5.50,3.67,true,1,
7290110329846,false,יוגורט סויה BIO Alternative בטעם טבעי 150 ג' תנובה,מיוצר עי קונדיטוריית,IL,מעדן ביו טבעי,גרמים,150.00,100 גרם,false,1,5.50,3.67,true,1,
7290110552220,false,יוגורט PRO בטעם תות 0% סוכר לבן 20 גרם חלבון בגביע,שטראוס גרופ בעמ/מצונן,IL,דנונה פרו חלבון,גרמים,200.00,100 גרם,false,1,6.20,3.10,true,1,
7290110552237,false,יוגורט פרו בטעם אפרסק מנגו ללא סוכר 200 ג' דנונה,שטראוס גרופ בעמ/מצונן,IL,דנונה פרו חלבון,גרמים,200.00,100 גרם,false,1,6.20,3.10,true,1,
7290110553623,false,צ'יטוס קראנצ'י בטעם צ'דר חלפיניו - חלבי,"שטראוס פריטו ליי בע""\מ )",IL,צי'טוס קראנץ,גרמים,80.00,100 גרם,false,1,5.20,6.50,true,1,
7290110554095,false,דבש לחיץ 440 גרם,מכוורת יד מרדכי שטראוס ב,IL,דבש לחיץ,גרמים,440.00,100 גרם,false,1,25.90,5.89,true,1,
7290110554583,false,מארז חטיפי צ'יטוס פאפס בטעם גבינה - 10 יחידות,"שטראוס פריטו ליי בע""\מ )",IL,צ'יטוס פאפס 10יח,גרמים,200.00,100 גרם,false,1,13.50,6.75,true,1,
7290110554705,false,קפסולות נספרסו לקפה יוניקו סדרת בתי הקלייה 10יח,שטראוס קפה בי.וי.,IL,קפסולות בית קליה,גרמים,50.00,100 גרם,false,1,20.90,41.80,true,1,
7290110556242,false,"שוקולד מריר פרווה 100 גר' בד""ץ תוצרת חוץ","שטראוס גרופ בע""מ.",FR,שוקולד פרה מריר,גרמים,100.00,100 גרם,false,1,6.00,6.00,true,1,
7290110557027,false,חומוס עשיר 50% טחינה גולמית 400 ג' אחלה,שטראוס גרופ בעמ/מצונן,IL,חומוס עשיר 50% ט,גרמים,400.00,100 גרם,false,1,14.90,3.73,true,1,
7290110557102,false,מעדן חלב עם שוקולד מועשר בחלבון 150 ג' שטראוס,שטראוס גרופ בעמ/מצונן,IL,מעדן שוקולד פרו,גרמים,150.00,100 גרם,false,1,5.50,3.67,true,1,
7290110557133,false,מעדן הגולן וניל 125 ג' שטראוס,שטראוס גרופ בעמ/מצונן,IL,מעדן הגולן וניל,גרמים,125.00,100 גרם,false,1,3.40,2.72,true,1,
7290110557478,false,חומוס גלילי במרקם מעודן 600 גרם,שטראוס גרופ בעמ/מצונן,IL,חומוס גלילי,גרמים,600.00,100 גרם,false,1,13.90,2.32,true,1,
7290110558284,false,דנונה ביו מולטי שטראוס 200 גרם,שטראוס גרופ בעמ/מצונן,IL,דנונה ביו מולטי,גרמים,200.00,100 גרם,false,1,4.50,2.25,true,1,
7290110558307,false,יוגורט דנונה PRO עם שיבולת שועל במתיקות מעודנת,שטראוס גרופ בעמ/מצונן,IL,דנונה פרו פלוס,גרמים,200.00,100 גרם,false,1,6.70,3.35,true,1,
7290110560300,false,"הפריכיות הטעימות חומוס, עדשים שחורות, קינואה ופלפל שחור",אנרג'י Energy - שטראוס,IL,פריכיות אנרג'י,גרמים,30.00,100 גרם,false,1,5.50,18.33,true,1,
7290110560317,false,"הפריכיות הטעימות חומוס, עדשים שחורות, קינואה ומלח ים","פרח תעשיו מזון בע""מ",IL,פריכיות אנרג'י,גרמים,30.00,100 גרם,false,1,5.50,18.33,true,1,
7290110561352,false,דנונה יוגורט ביו פרוביוטי 3% דל לקטוז 150ג',שטראוס גרופ בעמ/מצונן,IL,דנונה דל לקטוז,גרמים,200.00,100 גרם,false,1,3.70,1.85,true,1,
7290110563431,false,"משקה קפה קר בסגנון קלאסי 230 מ""ל 1.6% יוטבתה",שטראוס גרופ בעמ/מצונן,AT,משקה אייס קפה,מיליליטרים,230.00,"100 מ""ל",false,1,7.90,3.43,true,1,
7290110563462,false,חלב 2% דל לקטוז בבקבוק יטבתה 1 ליטר.,שטראוס גרופ בעמ/מצונן,IL,חלב נטול לקטוז,ליטרים,1.00,ליטר,false,1,8.50,8.50,true,1,
7290110564339,false,חומוס אחלה הסידרה המובחר 30% טחינה 400 גר',שטראוס גרופ בעמ/מצונן,IL,חומוס בטחינה,גרמים,400.00,100 גרם,false,1,14.90,3.73,true,1,
7290110564360,false,חומוס אחלה הסידרה המובחר 40% טחינה 400 גר',שטראוס גרופ בעמ/מצונן,IL,חומוס בטחינה,גרמים,400.00,100 גרם,false,1,14.90,3.73,true,1,
7290110565527,false,יוגורט PRO פרו 1.5% 20 גרם חלבון בגביע,שטראוס גרופ בעמ/מצונן,IL,דנונה פרו חלבון,גרמים,200.00,100 גרם,false,1,6.20,3.10,true,1,
7290110566975,false,דנונה פרו יוגורט 0% תות עשיר בחלבון 200ג',שטראוס גרופ בעמ/מצונן,IL,דנונה פרו חלבון,גרמים,200.00,100 גרם,false,1,6.20,3.10,true,1,
7290110568276,false,משקה וניל פרו Pro מועשר בחלבון 1.5%,שטראוס גרופ בעמ/מצונן,DE,משקה פרו וניל,גרמים,350.00,100 גרם,false,1,6.90,1.97,true,1,
7290110571382,false,מעדן חלב בטעם וניל מעושר בחלבון 150 ג' שטראוס,שטראוס גרופ בעמ/מצונן,IL,מעדן פרו,גרמים,150.00,100 גרם,false,1,5.50,3.67,true,1,
7290110572129,false,כיף כף מקלות שוקולד לבן 40 ג' עלית,סולן בעבור שטראוס,TR,כיף כף מקלות,גרמים,40.00,100 גרם,false,1,5.20,13.00,true,1,
7290110572969,false,כיף כף פצפצים עלית קרם לבן (40 גר`),שולן צ'\יקולטה גידה סאן.,TR,כיף כף פצפצים,גרמים,40.00,100 גרם,false,1,5.50,13.75,true,1,
7290110576363,false,"שוקולד ספלנדיד מריר 80% חלבי ,פולי קקאו מאוגנדה",שטראוס גרופ בע`מ,BE,שוקולד ספלנדיד,גרמים,100.00,100 גרם,false,1,9.90,9.90,true,1,
7290110576387,false,מאגדת שלישיית שוקולד אגוז חלב 300 ג' עלית,שטראוס גרופ בע`מ,FR,שוקולד אגוז 3 יח,גרמים,300.00,100 גרם,false,1,28.50,9.50,true,1,
7290110576752,false,טבלאות שוקולד ספלנדיד מריר 70% 100 ג' עלית,"שטראוס גרופ בע""מ",BE,שוקולד ספלנדיד,גרמים,100.00,100 גרם,false,1,12.50,12.50,true,1,
7290111340956,false,ניקול מטליות לחות לרצפה בניחוח פריחה לבנה,קימברלי קלארק ישראל שיווק בעמ,IL,מטליות רצפה לחות,יחידה,1.00,יחידה,false,1,11.90,11.90,true,1,
7290111341984,false,לילי - מגבוני נייר טואלט לח פיור רביעייה,קימברלי קלארק ישראל שיווק בעמ,IL,נייר טואלט לח4יח,יחידה,1.00,יחידה,false,1,22.00,22.00,true,1,
7290111342004,false,מגבוני נייר טואלט לחים 56 דף דיספנסר,קימברלי קלארק ישראל שיווק בעמ,IL,נ.טואלט לח קידס,יחידה,1.00,יחידה,false,1,8.90,8.90,true,1,
7290111342042,false,כריות יפניות ניקול לניקוי אנטיבקטריאלי 4,קימברלי קלארק ישראל שיווק בעמ,IL,כריות יפניות,יחידה,1.00,יחידה,false,1,12.90,12.90,true,1,
7290111342738,false,לילי - מגבוני נייר טואלט לח קידס רביעייה,קימברלי קלארק ישראל שיווק בעמ,IL,נייר טואלט לח4יח,יחידה,1.00,יחידה,false,1,22.00,22.00,true,1,
7290111343797,false,מטליות לחות לניקוי חלונות 48 יח' ניקול,קימברלי קלארק ישראל שיווק בעמ,IL,מטליות לחלונות,יחידה,1.00,יחידה,false,1,12.90,12.90,true,1,
7290111344206,false,האגיס נטורל קר מגבונים לחים בבישום עדין רביעייה,קימברלי קלארק ישראל שיווק בעמ,IL,מגבונים האגיס 4*,יחידה,1.00,יחידה,false,1,23.90,23.90,true,1,
7290111344527,false,ניקול שקיות אשפה XXL לפחים ענקיים 20 יחי,קימברלי קלארק ישראל שיווק בעמ,IL,שקיות אשפה XXL,יחידה,1.00,יחידה,false,1,27.90,27.90,true,1,
7290111344930,false,מטליות לחות לרצפה בניחוח כביסה ארומתרפיה ניקול 10 יח',קימברלי קלארק ישראל שיווק בעמ,IL,מטליות רצפה לחות,יחידה,1.00,יחידה,false,1,11.90,11.90,true,1,
7290111345043,false,ניקול מטליות מיקרופייבר דו צדדית למשטחים,קימברלי קלארק ישראל שיווק בעמ,CN,מטליות למשטחים,יחידה,1.00,יחידה,false,1,16.90,16.90,true,1,
7290111345722,false,ניקול שקיות לשמירה על הטריות 5 יחידות,קימברלי קלארק ישראל שיווק בעמ,TR,שקיות למקרר,יחידה,1.00,יחידה,false,1,14.90,14.90,true,1,
7290111350726,false,חטיף נאצוס הוטפופ בסגנון מקסיקני 322 גר,ליימן שליסל בע`מ,US,חטיף נאצ'וס,גרמים,322.00,100 גרם,false,1,17.90,5.56,true,1,
7290111352966,false,יוגטה סוכריות ממולאות בטעם פירות 250 גרם ללא ג'לטין,ליימן שליסל בע`מ,TR,סוכריות ממולאות,גרמים,250.00,100 גרם,false,1,7.90,3.16,true,1,
7290111352973,false,יוגוטה קוביות חמוצות ממולאות בטעם פירות,ליימן שליסל בע`מ,TR,סוכריות קוביות,גרמים,220.00,100 גרם,false,1,7.90,3.59,true,1,
7290111353055,false,"גומי דובי 200 גר' וסטהיים (כש""לפ בית יוסף)",אפגאם תעשיות ממתקים,TR,סוכריות גומי דוב,גרמים,200.00,100 גרם,false,1,10.90,5.45,true,1,
7290111353079,false,יוגטה סוכריות גומי דובונים קופסא 180 גר,אפגאם תעשיות ממתקים,TR,סוכריות גומי,גרמים,180.00,100 גרם,false,1,10.90,6.06,true,1,
7290111353109,false,"גומי נחש מבריק 200 גר' וסטהיים (כש""לפ בית יוסף).",אפגאם תעשיות ממתקים,TR,סוכריות גומי נחש,גרמים,200.00,100 גרם,false,1,10.90,5.45,true,1,
7290111353239,false,"גומי יין 200 גר' וסטהיים (כש""לפ בית יוסף)",טופגם תעשיות ממתקים,TR,סוכריות גומי יין,גרמים,200.00,100 גרם,false,1,10.90,5.45,true,1,
7290111564291,false,פריכיות דקות ונימוחות 3 דגנים וקינואה פיטנס Fitness,קבוצת אוסם סחר שותפות מוגבלת,IL,פריכיות פיטנס,גרמים,120.00,100 גרם,false,1,11.90,9.92,true,1,
7290111565502,false,ארטיק אוראו וניל ועוגיות סנדוויץ נסטלה 80 ג',נגה גלידות שותפות מוגבלת,IT,סנדוויץ אוראו,יחידה,1.00,יחידה,false,1,10.00,10.00,true,1,
7290111566127,false,מאגדת אוראו מיני סנדוויץ' 6 יח' נסטלה,נגה גלידות שותפות מוגבלת,IT,מאגדת אוראו,גרמים,198.00,100 גרם,false,1,26.90,13.59,true,1,
7290111566240,false,שניצל דק מן הצומח בטעם צ'ילי חריף 700 גרם,קבוצת אוסם סחר שותפות מוגבלת,IL,שניצל דק בטעם צי,גרמים,564.00,100 גרם,false,1,34.90,6.19,true,1,
7290111566271,false,טבעול חטיפי תירס 657 גרם קפוא,קבוצת אוסם סחר שותפות מוגבלת,IL,חטיפי תירס טבעול,גרמים,657.00,100 גרם,false,1,31.90,4.86,true,1,
7290111566318,false,שניצל דק מן הצומח בטעם ביתי 700 גרם,קבוצת אוסם סחר שותפות מוגבלת,IL,שניצל דק מן הצומ,גרמים,564.00,100 גרם,false,1,34.90,6.19,true,1,
7290111566332,false,"נקניקיות וינר מן הצומח 680 גרם ""טבעול""",קבוצת אוסם סחר שותפות מוגבלת,IL,נקנ' וינר צמחוני,גרמים,680.00,100 גרם,false,1,34.90,5.13,true,1,
7290111566547,false,טבעול חזה בגריל צמחוני 99 קלוריות 560ג',קבוצת אוסם סחר-שות.מוגבלת,IL,חזה בגריל צמחוני,גרמים,560.00,100 גרם,false,1,34.90,6.23,true,1,
7290111566585,false,"שניצל צמחוני 99 קלוריות 650 גר' ""טבעול""",קבוצת אוסם סחר שותפות מוגבלת,IL,שניצל צמחוני,גרמים,650.00,100 גרם,false,1,34.90,5.37,true,1,
7290111566660,false,טבעול קציצות עדשים כתומות 525 גרם,קבוצת אוסם סחר שותפות מוגבלת,IL,קציצות עדשיםכתומ,גרמים,525.00,100 גרם,false,1,34.90,6.65,true,1,
7290111566752,false,טבעול שניצל תירס 99 קלוריות 693 גרם,קבוצת אוסם סחר שותפות מוגבלת,IL,שניצל תירס 99,גרמים,693.00,100 גרם,false,1,34.90,5.04,true,1,
7290111568206,false,ביסלי פארטי מיקס אסם 150 גר',קבוצת אוסם סחר שותפות מוגבלת,IL,ביסלי פארטי מיקס,גרמים,150.00,100 גרם,false,1,7.90,5.27,true,1,
7290111568275,false,אטריות נודלס אורז רחבות אסם אסייתי 300גרם,קבוצת אוסם סחר שותפות מוגבלת,TH,נודלס אטריות,גרמים,300.00,100 גרם,false,1,11.90,3.97,true,1,
7290112003980,false,"וניש מסיר כתמים אבקה לכביסה 1.35ק""ג לבן",רקיט בנקיזר (ניר איסט) בעמ,IT,מסיר כתמים אבקה,קילוגרמים,1.35,"ק""ג",false,1,36.90,27.33,true,1,
7290112004611,false,"וניש קליה ג'ל מרוכז לטיפול נקודתי בכתמים 200 מ""ל",רקיט בנקיזר (ניר איסט) בעמ,PT,וניש קליה פאואר,מיליליטרים,200.00,"100 מ""ל",false,1,17.90,8.95,true,1,
7290112005076,false,וניש תוסף כביסה רב תכליתי צבעוני 480 גרם,רקיט בנקיזר (ניר איסט) בעמ,IT,וניש אבקה לכביסה,גרמים,480.00,100 גרם,false,1,18.90,3.94,true,1,
7290112005083,false,וניש תוסף כביסה רב תכליתי לכביסה צבעונית,רקיט בנקיזר (ניר איסט) בעמ,IT,וניש אבקה לכביסה,קילוגרמים,1.50,"ק""ג",false,1,39.90,26.60,true,1,
7290112195227,false,איטריות ביצים ד`ע`ות 500 גר`,גורי מוצרי צריכה 1991 בעמ,PL,איטריות ביצים,גרמים,500.00,100 גרם,false,1,14.90,2.98,true,1,
7290112330352,false,"יוגורט PRO בטעם וניל 0% , 20 גרם חלבון בגביע",שטראוס גרופ בעמ/מצונן,IL,דנונה פרו20 וניל,גרמים,200.00,100 גרם,false,1,6.20,3.10,true,1,
7290112330390,false,דנונה פרו פירות יער 20 גרם חלבון 0% שומן 200 גרם,שטראוס גרופ בעמ/מצונן,IL,דנונה פרו 0%,גרמים,200.00,100 גרם,false,1,6.20,3.10,true,1,
7290112335500,false,"פרכיות אנרג'י חומוס,אורז,עדשים שחורות וקינואה 135 גרם","פרח תעשיות מזון בע""\מ",IL,פריכיות טעימות,גרמים,135.00,100 גרם,false,1,12.90,9.56,true,1,
7290112336613,false,עד חצות עוגיות סנדוויץ במילוי שוקולד חלב,שטראוס גרופ בע`מ,FR,עד חצות סנדוויץ,גרמים,135.00,100 גרם,false,1,11.90,8.81,true,1,
7290112336712,false,יוגורט PRO לבן 0% 21 גרם חלבון בגביע,שטראוס גרופ בעמ/מצונן,IL,דנונה פרו 21,גרמים,200.00,100 גרם,false,1,6.20,3.10,true,1,
7290112339171,false,מעדן מוס שוקולד 81 גר`מילקי,שטראוס גרופ בעמ/מצונן,IL,מילקי מוס שוקולד,גרמים,81.00,100 גרם,false,1,3.70,4.57,true,1,
7290112339867,false,גמדים לדרך גבינה לבנה עם מחית תות,שטראוס גרופ בעמ/מצונן,IL,גמדים לדרך,גרמים,100.00,100 גרם,false,1,5.90,5.90,true,1,
7290112339874,false,גמדים לדרך גבינה לבנה עם מחיות תות ובננה,שטראוס גרופ בעמ/מצונן,IL,גמדים לדרך,גרמים,100.00,100 גרם,false,1,5.90,5.90,true,1,
7290112341679,false,אקטיביה יוגורט 3% דנונה (200 גרם),שטראוס גרופ בעמ/מצונן,IL,אקטיביה 3%,גרמים,200.00,100 גרם,false,1,4.20,2.10,true,1,
7290112343260,false,"יטבתה רוטב שמנת קלאסי 9% שומן 260 מ""ל",שטראוס גרופ בעמ/מצונן,IL,רוטב שמנת קלאסי,גרמים,260.00,100 גרם,false,1,11.30,4.35,true,1,
7290112343420,false,"משקה חלב עם דגנים מלאים ובננה פרו יטבתה 350מ""ל",שטראוס גרופ בעמ/מצונן,IL,יטבתה פרו משקה,מיליליטרים,350.00,"100 מ""ל",false,1,7.90,2.26,true,1,
7290112343499,false,חטיף צ'יטוס פאפס אפוי בטעם גבינה,"שטראוס פריטו ליי בע""\מ )",IL,חטיף צ'יטוס puff,גרמים,55.00,100 גרם,false,1,3.60,6.55,true,1,
7290112343512,false,צ'יטוס puffs בטעם גבינה 180 גרם,"שטראוס פריטו ליי בע""\מ )",IL,חטיף ציטוסpuffs,גרמים,160.00,100 גרם,false,1,8.90,5.56,true,1,
7290112344410,false,דבש טהור 400 גרם,מכוורת יד מרדכי שטראוס ב,IL,דבש טהור,גרמים,400.00,100 גרם,false,1,24.00,6.00,true,1,
7290112344724,false,מילקי בטעם שוקולד בלונדי עם קצפת 133גר,שטראוס גרופ בעמ/מצונן,IL,מילקי בלונדי,גרמים,133.00,100 גרם,false,1,3.70,2.78,true,1,
7290112346360,false,בפלות אחת אחת בציפוי שוקולד חלב עלית 180 גרם,הגביע מוצרי וופלים ב,GR,בפלות אחת אחת,גרמים,180.00,100 גרם,false,1,14.90,8.28,true,1,
7290112347008,false,גמדים לדרך גבינה לבנה עם מחית תות ושיבולת שועל,שטראוס גרופ בעמ/מצונן,IL,גמדים ארוחת בוקר,גרמים,100.00,100 גרם,false,1,5.90,5.90,true,1,
7290112348142,false,שעועית לבנה 380 גר' בקופסה טעם הטבע,שטראוס גרופ בע`מ,IT,שעועית לבנה,גרמים,380.00,100 גרם,false,1,7.90,2.08,true,1,
7290112348999,false,הפריכיות הטעימות תירס דקות אנרג'י 135 גרם,שטראוס גרופ בע`מ,IL,פריכיות תירס,גרמים,135.00,100 גרם,false,1,12.90,9.56,true,1,
7290112349538,false,קפה טורקי עלית 160 גרם,שטראוס קפה בי.וי.,IL,קפה טורקי עלית,גרמים,160.00,100 גרם,false,1,13.90,8.69,true,1,
7290112349606,false,מעדן גבינה ויוגורט תות בננה 88 ג' דניאלה,שטראוס גרופ בעמ/מצונן,IL,דניאלה תות בננה,גרמים,88.00,100 גרם,false,1,4.30,4.89,true,1,
7290112350312,false,קפסולות 15 קפה יותר למכונות נספרסו עלית 10יח',הנסיך- מפעל לייצור ט,IL,קפסולות קפה,גרמים,50.00,100 גרם,false,1,18.90,37.80,true,1,
7290112355027,false,דנונה פרו 20 גרם חלבון בטעם קרמל מלוח 200 גרם,שטראוס גרופ בעמ/מצונן,IL,דנונה פרו קרמל,גרמים,200.00,100 גרם,false,1,6.20,3.10,true,1,
7290112355102,false,גמדים סקוויז 100 גרם פאוץ סלט פירות 100 גרם,שטראוס גרופ בעמ/מצונן,IL,גמדים לדרך,גרמים,100.00,100 גרם,false,1,5.90,5.90,false,1,
7290112355812,false,מילקי טופ קורנפלקס 141 ג' שטראוס,שטראוס גרופ בעמ/מצונן,IL,מילקי טופ,גרמים,141.00,100 גרם,false,1,5.00,3.55,true,1,
7290112358004,false,פסק זמן חטיף קראנץ עלית( 32 גר`),שולן צ'\יקולטה גידה סאן.,TR,חטיף פסק זמן,גרמים,32.00,100 גרם,false,1,5.50,17.19,true,1,
7290112358127,false,דנונה פרו חלבון+מגנזיום- וניל ועוגיות 200 גרם,שטראוס גרופ בעמ/מצונן,IL,דנונ.פרו+מגנזיום,גרמים,200.00,100 גרם,false,1,6.70,3.35,true,1,
7290112358554,false,מארז קפה נמס מנות אישיות לדרך 50.4 גר,שטראוס גרופ בע`מ,RO,נמס לדרך מארז,גרמים,50.00,100 גרם,false,1,10.90,21.80,true,1,
7290112490230,false,מרק נמס בכוס אפונה קנור 100% רכיבים טבעיים,"יוניליוור ישראל שיווק בע""מ",IL,מרק נמס בכוס,גרמים,50.00,100 גרם,false,1,7.80,15.60,true,1,
7290112490759,false,מרק עשיר עוף עם אטריות רכיבים טבעיים 74 ג' קנור,"יוניליוור ישראל שיווק בע""מ",IL,מרק היום עוף,גרמים,74.00,100 גרם,false,1,12.50,16.89,true,1,
7290112492449,false,פינוק שמפו שיער רגיל 700 מל-חדש,"יוניליוור ישראל שיווק בע""מ",IL,שמפו לשיער רגיל,מיליליטרים,700.00,"100 מ""ל",false,1,12.90,1.84,true,1,
7290112492456,false,"שמפו פינוק לשיער יבש/פגום 700 מ""ל",יוניליוור ישראל שיווק בע`מ,IL,שמפו לשיער יבש,מיליליטרים,700.00,"100 מ""ל",false,1,12.90,1.84,true,1,
7290112492470,false,"שמפו ומרכך 2 ב-1 לשיער יבש פינוק 700 מ""ל.",יוניליוור ישראל שיווק בע`מ,IL,פינוק 2ב1-,מיליליטרים,700.00,"100 מ""ל",false,1,12.90,1.84,true,1,
7290112492500,false,פינוק שמפו לשיער עם שמן קוקוס 700 מל,"יוניליוור ישראל שיווק בע""מ",IL,שמפו פינוק,מיליליטרים,700.00,"100 מ""ל",false,1,12.90,1.84,true,1,
7290112492531,false,"פינוק קונדישנר לשיער רגיל 700מ""ל","יוניליוור ישראל שיווק בע""מ",IL,מרכך לשיער רגיל,מיליליטרים,700.00,"100 מ""ל",false,1,12.90,1.84,true,1,
7290112492548,false,"מרכך פינוק עם שמן חוחובה 700 מ""ל","יוניליוור ישראל שיווק בע""מ",IL,מרכך פינוק,מיליליטרים,700.00,"100 מ""ל",false,1,12.90,1.84,true,1,
7290112492593,false,תחליב רחצה פינוק בניחוח פינוק קלאסי 700,יוניליוור ישראל שיווק בע`מ,IL,תחליב רחצה פינוק,מיליליטרים,700.00,"100 מ""ל",false,1,12.90,1.84,true,1,
7290112492609,false,"פינוק סבון נוזלי לבנדר ווניל 700 מ""ל","יוניליוור ישראל שיווק בע""מ",IL,תחליב רחצה פינוק,מיליליטרים,700.00,"100 מ""ל",false,1,12.90,1.84,true,1,
7290112492630,false,"שמפו ג'ל רחצה וסבון פנים 3 ב-1 לגבר פינוק 700 מ""ל",יוניליוור ישראל שיווק בע`מ,IL,פינוק 3 ב1- לגבר,מיליליטרים,700.00,"100 מ""ל",false,1,12.90,1.84,true,1,
7290112492746,false,"פינוק מרכך ללא דמעות לסירוק קל לילדים 700 מ""ל",יוניליוור ישראל שיווק בע`מ,IL,מרכך פינוק ילדים,מיליליטרים,700.00,"100 מ""ל",false,1,14.90,2.13,true,1,
7290112492975,false,"קנור מרק טעם עוף 400 גרם כשל""פ",יוניליוור ישראל שיווק בעמ,IL,מרק טעם עוף,גרמים,400.00,100 גרם,false,1,15.90,3.98,true,1,
7290112492982,false,"אבקת מרק פטריות כשל""פ 100% רכיבים טבעיים 400 גרם",יוניליוור ישראל שיווק בע`מ,IL,מרק פטריות,גרמים,400.00,100 גרם,false,1,29.50,7.38,true,1,
7290112492999,false,קנור מרק עוף אמיתי 400 גרם פרווה,יוניליוור ישראל שיווק בע`מ,IL,מרק בטעם עוף,גרמים,400.00,100 גרם,false,1,15.90,3.98,true,1,
7290112494016,false,"מיונז אמיתי מופחת שומן תלמה 500 גרם בד""צ",יוניליוור ישראל שיווק בע`מ,IL,מיונז מופחת שומן,גרמים,500.00,100 גרם,false,1,11.90,2.38,true,1,
7290112494818,false,בדין-ג'ל לכביסה לבנה וצבעונית בייבי 2.5 ליטר,יוניליוור ישראל שיווק בע`מ,IL,בדין ג'ל כביסה,ליטרים,2.50,ליטר,false,1,35.90,14.36,true,1,
7290112494993,false,כריות דגנים במילוי וניל בדצ 686 גרם,"יוניליוור ישראל שיווק בע""מ",IL,כריות וניל,גרמים,686.00,100 גרם,false,1,28.90,4.21,true,1,
7290112495228,false,קורנפלקס דבש תלמה אלופים 448 גרם,"יוניליוור ישראל שיווק בע""מ",IL,קורנפלקס דבש,גרמים,448.00,100 גרם,false,1,19.70,4.40,true,1,
7290112495433,false,דגני דליפקאן תוספת אגוזי פקאן ושקדים 400 גר,יוניליוור ישראל שיווק בע`מ,IL,דגני בוקר דליפקא,גרמים,400.00,100 גרם,false,1,22.70,5.68,true,1,
7290112495761,false,רוטב לסלט אלף האיים לייט הלמנס (305 מל),"יוניליוור ישראל שיווק בע""מ",IL,רוטב אלף האיים,גרמים,305.00,100 גרם,false,1,11.90,3.90,true,1,
7290112495785,false,רוטב לסלט שום (300 גרם)הלמנס,"יוניליוור ישראל שיווק בע""מ",IL,רוטב שום לסלט,גרמים,300.00,100 גרם,false,1,11.90,3.97,true,1,
7290112496270,false,"פתית צ'יפס תפו""א בתוספת עגבניות ועשבי תיבול 22 גרם",יוניליוור ישראל שיווק בע`מ,GB,פתית צ'יפס,גרמים,22.00,100 גרם,false,1,5.50,25.00,true,1,
7290112496287,false,פתית - צ'יפס בטטה בטעם טבעי 21 גרם,יוניליוור ישראל שיווק בע`מ,GB,פתית צ'יפס,גרמים,21.00,100 גרם,false,1,5.50,26.19,true,1,
7290112496294,false,חטיף פתית צ'יפס עם אפונה ירוקה צהובה וצ'ילי,יוניליוור ישראל שיווק בע`מ,GB,פתית צ'יפס,גרמים,22.00,100 גרם,false,1,5.50,25.00,true,1,
7290112497123,false,סחלב תערובת להכנת מעדן בטעם סחלב 112גרם,יוניליוור ישראל שיווק בע`מ,IL,תערובת לסחלב,גרמים,112.00,100 גרם,false,1,12.90,11.52,true,1,
7290112498526,false,"פתית צ'יפס עם בטטה סגולה בטעם שמנת ובצל, 22 גרם",יוניליוור ישראל שיווק בע`מ,GB,פתית צ'יפס בטטה,גרמים,22.00,100 גרם,false,1,5.50,25.00,true,1,
7290112498885,false,מאגדת גודי'ז תותים ושוקולד לבן 235 גרם,"גלידת שטראוס בע""\מ, רח'\",IL,מאגדת גודיז,גרמים,235.00,100 גרם,false,1,27.90,11.87,true,1,
7290112499127,false,שלגון גלידה שוקולד לבן ותות 77 גרם,"מיוצר ע""\י גלידת שטראוס",IL,שלגון גלידה לבן,גרמים,77.00,100 גרם,false,1,11.00,14.29,true,1,
7290112499189,false,"גלידת קרמיסימו חד קרן וניל תות, 1.33 ליטר","גלידת שטראוס בע""\מ, רחוב",IL,קרמיסימו חד קרן,ליטרים,1.33,ליטר,false,1,21.90,16.47,true,1,
7290112499196,false,גלידה בטעם החלב של הקורנפלקס 1.33 ל' קרמיסימו,"גלידת שטראוס בע""\מ, רחוב",IL,קרמיסימו ט. חלב,ליטרים,1.33,ליטר,false,1,21.90,16.47,true,1,
7290112499639,false,טילון סופר מגנום וניל צ'יפ שוקולד 110 גרם,"מיוצר ע""\י גלידת שטראוס",IL,טילון סופר מגנום,יחידה,1.00,יחידה,false,1,11.00,11.00,true,1,
7290112499646,false,"מעדן קפוא בטעם וניל עם וופל 108 גרם ""קורנטו""","מיוצר ע""\י גלידת שטראוס",IL,קורנטו סופר פקא,יחידה,1.00,יחידה,false,1,11.00,11.00,true,1,
7290112499677,false,מגנום וניל בציפוי שוקולד לבן,"מיוצר ע""\י גלידת שטראוס",IL,מגנום שוקולדלבן,יחידה,1.00,יחידה,false,1,11.00,11.00,true,1,
7290112499837,false,מגנום דואט שוקו לד עם נוגט שטראוס,"מיוצר ע""\י גלידת שטראוס",IL,מגנום דואט שוקול,יחידה,1.00,יחידה,false,1,11.00,11.00,true,1,
7290112499929,false,מגנום שוקולד אימפלס פסח 120מל,"מיוצר ע""\י גלידת שטראוס",IL,מגנום שוקולד,יחידה,1.00,יחידה,false,1,11.00,11.00,true,1,
7290112499936,false,מגנום שקדים אימפלס פסח 125מל,"מיוצר ע""\י גלידת שטראוס",IL,מגנום שקדים,יחידה,1.00,יחידה,false,1,11.00,11.00,true,1,
7290112960856,false,טילון אקסטרים115-120 גרם מטבע שוקולד בטעם לוז נוגט נסטלה 115 גרם,נגה גלידות שותפות מוגבלת,IL,אקסטרים מטבע שו,גרמים,115.00,100 גרם,false,1,11.00,9.57,true,1,
7290112961372,false,פיטנס חטיפי פריכיות דקות קינמון 60 גרם,קבוצת אוסם סחר שותפות מוגבלת,IL,פיטנס פריכיות,גרמים,60.00,100 גרם,false,1,9.90,16.50,true,1,
7290112961464,false,פיטנס חטיפי פריכיות דגנים וחומוס מתובלות,קבוצת אוסם סחר שותפות מוגבלת,IL,חטיפי פריכיות,גרמים,60.00,100 גרם,false,1,9.90,16.50,true,1,
7290112962003,false,שלגון קראנץ וניל עוגיות עם שוקולד נסטלה 90 גרם,נגה גלידות שותפות מוגבלת,IL,קראנץ וניל עוגיו,גרמים,90.00,100 גרם,false,1,11.00,12.22,true,1,
7290112962751,false,מעדן קפוא בטעם וניל עם שברי עוגיות וציפוי,נגה גלידות שותפות מוגבלת,IL,שלגון אוראו,גרמים,65.00,100 גרם,false,1,10.00,15.38,true,1,
7290112963529,false,מאגדת טילון אקסטרים שוקו וניל פרווה נסטלה,נגה גלידות שותפות מוגבלת,IL,מאגדת אקסטרים ש,גרמים,444.00,100 גרם,false,1,37.90,8.54,true,1,
7290112963918,false,פיטנס חטיפי קרקר דק רוזמרין 140 גרם,קבוצת אוסם סחר שותפות מוגבלת,IL,קרקר דק פיטנס,גרמים,140.00,100 גרם,false,1,13.90,9.93,true,1,
7290112964410,false,אסם רוטב אלף האיים חדש לסלט 290 גרם,קבוצת אוסם סחר שותפות מוגבלת,IL,רוטב אלף האיים,גרמים,290.00,100 גרם,false,1,12.10,4.17,true,1,
7290112964564,false,רוטב אלף האיים לייט לסלט אסם (295 מל),קבוצת אוסם סחר שותפות מוגבלת,IL,רוטב אלף האיים,גרמים,295.00,100 גרם,false,1,12.10,4.10,true,1,
7290112964724,false,המבורגר צמחוני עם המון חלבון 580 גר,קבוצת אוסם סחר שותפות מוגבלת,IL,המבורגר צמחוני,גרמים,580.00,100 גרם,false,1,34.90,6.02,true,1,
7290112965288,false,מרק נמס ירקות אסם בדצ 56 גרם מארז זוגי,קבוצת אוסם סחר שותפות מוגבלת,IL,זוג מרק נמס,גרמים,56.00,100 גרם,false,1,6.50,11.61,true,1,
7290112965660,false,חטיף מולטיגריין מלח פלפל ( 25 גר`) פיטנס,קבוצת אוסם סחר שותפות מוגבלת,IL,חטיף פיטנס מלח,גרמים,25.00,100 גרם,false,1,5.50,22.00,true,1,
7290112965707,false,פיטנס - חטיף מולטיגריין צילי מעודן 25 גרם,קבוצת אוסם סחר שותפות מוגבלת,IL,חטיף פיטנס צ'ילי,גרמים,25.00,100 גרם,false,1,5.50,22.00,true,1,
7290112965967,false,נאגטס ירקות כתומים ( 500 גר`) טבעול,קבוצת אוסם סחר שותפות מוגבלת,IL,נאגטס ירקות כתומ,גרמים,500.00,100 גרם,false,1,34.90,6.98,true,1,
7290112966803,false,אינסטנט פודינג בטעם שוקולד אסם (88 גרם),קבוצת אוסם סחר שותפות מוגבלת,IL,פודינג שוקולד,גרמים,88.00,100 גרם,false,1,5.70,6.48,true,1,
7290112967138,false,בייגלה שמיניות ללא גלוטן 250 גרם אסם,קבוצת אוסם סחר שותפות מוגבלת,IL,בייגלה שמיניות,גרמים,250.00,100 גרם,false,1,13.90,5.56,true,1,
7290112967381,false,פיטנס חטיפי פריכיות קטניות ומלח ים 60 גרם,קבוצת אוסם סחר שותפות מוגבלת,IL,חטיפי פריכיות,גרמים,60.00,100 גרם,false,1,9.90,16.50,true,1,
7290112968203,false,צבר סלט טחינה בלאדי 6*250גרם,קבוצת אוסם סחר שותפות מוגבלת,IL,סלט טחינה בלאדי,גרמים,250.00,100 גרם,false,1,12.90,5.16,true,1,
7290112968807,false,80018416694פיטנס חטיפי קרקר דק סלק 150גר,קבוצת אוסם סחר שותפות מוגבלת,IL,קרקר דק פיטנס,גרמים,140.00,100 גרם,false,1,13.90,9.93,true,1,
7290112968821,false,חטיפי קרקר דק בטטה 140 גר` פיטנס,קבוצת אוסם סחר שותפות מוגבלת,IL,קרקר דק פיטנס,גרמים,140.00,100 גרם,false,1,13.90,9.93,true,1,
7290112969903,false,נאגטס ירקות לבנים ( 500 גר`) טבעול,קבוצת אוסם סחר-שות.מוגבלת,IL,נאגטס ירקות לבני,גרמים,500.00,100 גרם,false,1,34.90,6.98,true,1,
7290113192331,false,בית השיטה זיתים ירוקים גדולים 340 גרם*,קבוצת אוסם סחר שותפות מוגבלת,IL,זיתים ירוק גדול,גרמים,560.00,100 גרם,false,1,10.70,1.91,true,1,
7290113192355,false,חרוזית זיתים ירוקים ללא גלעין 275 ג' בית השיטה,קבוצת אוסם סחר שותפות מוגבלת,IL,זיתים חרוזית,גרמים,560.00,100 גרם,false,1,10.70,1.91,true,1,
7290113192362,false,בית השיטה טבעות זיתים ירק.א2 12*280ג חדש,קבוצת אוסם סחר שותפות מוגבלת,IL,טבעות זיתים ירוק,גרמים,560.00,100 גרם,false,1,11.90,2.13,true,1,
7290113192393,false,בית השיטה קוקטייל זיתים א2 336 גרם,קבוצת אוסם סחר שותפות מוגבלת,IL,קוקטייל זיתים,גרמים,560.00,100 גרם,false,1,12.70,2.27,true,1,
7290113192478,false,בית השיטה מלפפונים במלח בינוני 10-12 320 גרם,קבוצת אוסם סחר שותפות מוגבלת,IL,מלפפונים במלח,גרמים,560.00,100 גרם,false,1,8.60,1.54,true,1,
7290113192485,false,בית השיטה מלפפונים בחומץ בינוני 10-12 290 גרם,קבוצת אוסם סחר שותפות מוגבלת,IL,מלפפונים בחומץ,גרמים,560.00,100 גרם,false,1,8.60,1.54,true,1,
7290113192492,false,בית השיטה מלפפונים בחומץ קטנים 1317 290 גרם,קבוצת אוסם סחר שותפות מוגבלת,IL,מלפפונים בחומץ,גרמים,560.00,100 גרם,false,1,12.40,2.21,true,1,
7290113192508,false,ב.השיטה מלפפון במלח ר.טבע א2 17-13 320 גרם,קבוצת אוסם סחר שותפות מוגבלת,IL,מלפפונים מלח קטן,גרמים,560.00,100 גרם,false,1,12.40,2.21,true,1,
7290113192515,false,בית השיטה מלפפונים במלח קטן מאוד 1825 320 גרם,קבוצת אוסם סחר שותפות מוגבלת,IL,מלפפון במלח,גרמים,560.00,100 גרם,false,1,13.90,2.48,true,1,
7290113192522,false,בית השיטה מלפפונים בחומץ קטן מאוד 1825 290 גרם,קבוצת אוסם סחר שותפות מוגבלת,IL,מלפפונים בחומץ,גרמים,560.00,100 גרם,false,1,13.90,2.48,true,1,
7290113192546,false,"מלפפונים בחומץ רכיבים טבעיים 7-9 ""בית השיטה""",קבוצת אוסם סחר שותפות מוגבלת,IL,מלפפון בחומץ,גרמים,560.00,100 גרם,false,1,7.90,1.41,true,1,
7290113192553,false,מלפפונים במלח 13-17 פיקנטי בית השיטה 320 גרם,קבוצת אוסם סחר-שות.מוגבלת,IL,מלפפונים במלח,גרמים,560.00,100 גרם,false,1,11.90,2.13,true,1,
7290113192560,false,פלפל חריף כבוש שיפקה בית השיטה (430 גר`),קבוצת אוסם סחר שותפות מוגבלת,IL,פלפל שיפקה חריף,גרמים,560.00,100 גרם,false,1,8.60,1.54,true,1,
7290113193017,false,בית השיטה חרוזית קוקטייל זיתים 275 גרם,קבוצת אוסם סחר שותפות מוגבלת,IL,קוקטייל זיתים,גרמים,275.00,100 גרם,false,1,15.90,5.78,true,1,
7290113194090,false,בית השיטה טבעות זיתים קלמטה 280 גרם,קבוצת אוסם סחר שותפות מוגבלת,IL,טבעות זיתי קלמטה,גרמים,560.00,100 גרם,false,1,13.90,2.48,true,1,
7290113194298,false,בית השיטה רצועות סלק חמוץ 215 גרם,קבוצת אוסם סחר-שות.מוגבלת,IL,רצועות סלק חמוץ,גרמים,430.00,100 גרם,false,1,8.90,2.07,true,1,
7290113199903,false,סוכריות חמצוצים בטעם תות בננה 180 ג' שקדיה,דין שיווק וקליה 2021 בעמ,IL,חמצוצים,גרמים,180.00,100 גרם,false,1,11.90,6.61,true,1,
7290113199934,false,סוכריות חמצוצים בטעם אוכמניות 180 ג' שקדיה,דין שיווק וקליה 2021 בעמ,IL,חמצוצים אוכמניות,גרמים,180.00,100 גרם,false,1,11.90,6.61,true,1,
7290114160742,false,"סכו""ם מעורב 100 יחידות",,IL,"סכו""ם מעורב",יחידה,1.00,יחידה,false,1,15.00,15.00,true,1,
7290114600927,false,מאסטר שף עלי טורטייה חיטה מלאה 320 גרם,אלקאטי קורביישיסי גי,ES,טורטיה חיטה מלאה,גרמים,320.00,100 גרם,false,1,11.90,3.72,true,1,
7290114606561,false,מאסטר שף אטריות אורז דקות ורמיצ'לי 400 ג,לינג טונג רייס ורמיצ'ילי,TH,איטריות אורז דק,גרמים,400.00,100 גרם,false,1,9.90,2.48,true,1,
7290115071481,false,6 מטבעות שוקולד באריזת רשת 31 גר LOL,שמחה זה אנחנו בעמ,,מטבעות שוקולד,יחידה,1.00,יחידה,false,0,5.90,5.90,true,1,
7290115071498,false,מטבעות שוקולד ברשת 31 גר`כוח פי ג`יי,שמחה זה אנחנו בעמ,,מטבעות שוקולד,יחידה,1.00,יחידה,false,0,5.90,5.90,true,1,
7290115073676,false,מסכות כירורגיות צבעוני מארז 50 יח(ש),שמחה זה אנחנו בע`מ,CN,מסכת פנים חד פעמ,יחידה,1.00,יחידה,false,1,9.90,9.90,true,1,
7290115075205,false,מטבעות שוקולד ברשת לוני טונס 31 גר,סטילנד שוקולד,NL,מטבעות שוקולד,גרמים,31.00,100 גרם,false,1,5.90,19.03,true,1,
7290115075878,false,גביע וופל ממולא קרם שוקולד 25 גר(12 יח),שמחה זה אנחנו,CN,גביעי וופל ממולא,גרמים,25.00,100 גרם,false,1,5.90,23.60,true,1,
7290115180251,false,יחידות טבק לחימום אמבר PP קרטוש,פיליפ מוריס,,מקלוני חימום,יחידה,1.00,יחידה,false,0,26.90,26.90,true,1,
7290115180268,false,יחידות טבק לחימום צהוב PP,פיליפ מוריס בעמ,CH,טבק לחימום יילו,יחידה,1.00,יחידה,false,1,26.90,26.90,false,1,
7290115180275,false,יחידות טבק לחימום טורקיז PP,פיליפ מוריס בעמ,CH,טבק לחימום,יחידה,1.00,יחידה,false,1,26.90,26.90,false,1,
7290115180299,false,יחידות טבק לחימום סיינה PP,פיליפ מוריס,CH,טבק לחימום,יחידה,1.00,יחידה,false,1,26.90,26.90,false,1,
7290115190007,false,מרלבורו רד פאקט) (10 חדש,פיליפ מוריס בעמ,TR,מרלבורו רד קצר,יחידה,1.00,יחידה,false,1,343.00,343.00,false,1,
7290115190014,false,סיגריות מרלבורו רד קצר בוקס,פיליפ מוריס בעמ,IL,מרלבורו רד קצר,יחידה,1.00,יחידה,false,1,35.00,35.00,false,1,
7290115190052,false,סיגריות מרלבורו מדיום פלייבור מיקס,פיליפ מוריס בעמ,US,מרלבורו פלייבור,יחידה,1.00,יחידה,false,1,35.00,35.00,false,1,
7290115190076,false,סיגריות מרלבורו גולד ארוך 100 בוקס,פיליפ מוריס בעמ,TR,מרלבורו גולד,יחידה,1.00,יחידה,false,1,35.00,35.00,false,1,
7290115190083,false,מרלבורו גולד פאקט) (10 חדש,פיליפ מוריס בעמ,IL,מרלבורו גולד קצר,יחידה,1.00,יחידה,false,1,343.00,343.00,false,1,
7290115190090,false,סיגריות מרלבורו קצר בוקס בודד,פיליפ מוריס בעמ,US,מרלבורו גולד קצר,יחידה,1.00,יחידה,false,1,35.00,35.00,false,1,
7290115190137,false,סיגריות מרלבורו טאצ סילבר יחידה,פיליפ מוריס בעמ,IL,מרלבורו פיין טאץ,יחידה,1.00,יחידה,false,1,32.00,32.00,false,1,
7290115190144,false,מרלבורו גולד טאץ' פאקט,פיליפ מוריס בעמ,IL,מרלבורו גולד טאץ,יחידה,1.00,יחידה,false,1,314.00,314.00,false,1,
7290115190151,false,סיגריות מרלבורו טאצ גולד,פיליפ מוריס בעמ,IL,מרלבורו גולד טאץ,יחידה,1.00,יחידה,false,1,32.00,32.00,false,1,
7290115190168,false,פרלמנט סופר סלימס PP קרטוש,פיליפ מוריס,TR,פרלמנט סופר סלימ,יחידה,1.00,יחידה,false,1,396.00,396.00,false,1,
7290115190175,false,פרלמנט סופר סלימס קופסא,פיליפ מוריס בעמ,US,פרלמנט סופר סלימ,יחידה,1.00,יחידה,false,1,40.50,40.50,false,1,
7290115190199,false,פרלמנט נייט ארוך חפיסה) (20,פיליפ מוריס בעמ,TR,פרלמנט נייט ארוך,יחידה,1.00,יחידה,false,1,40.50,40.50,false,1,
7290115190205,false,פרלמנט בלו 100 פאקט) (10 חדש,פיליפ מוריס בעמ,TR,פרלמנט בלו ארוך,יחידה,1.00,יחידה,false,1,396.00,396.00,false,1,
7290115190212,false,סיגריות פרלמנט בלו 100 BR בודד,פיליפ מוריס בעמ,PL,פרלמנט בלו ארוך,יחידה,1.00,יחידה,false,1,40.50,40.50,false,1,
7290115190236,false,סיגריות פרלמנט קצר בלו בודד,פיליפ מוריס בעמ,IL,פרלמנט בלו קצר,יחידה,1.00,יחידה,false,1,40.50,40.50,false,1,
7290115190243,false,פרלמנט נייט פאקט) (10 חדש,פיליפ מוריס בעמ,TR,פרלמנט נייט קצר,יחידה,1.00,יחידה,false,1,396.00,396.00,false,1,
7290115190250,false,סיגריות פרלמנט קצר בודד,פיליפ מוריס בעמ,US,פרלמנט נייט קצר,יחידה,1.00,יחידה,false,1,40.50,40.50,false,1,
7290115190267,false,סיגריות פרלמנט סילבר,פיליפ מוריס,TR,פרלמנט סילבר,יחידה,1.00,יחידה,false,1,396.00,396.00,false,1,
7290115190274,false,סיגריות פרלמנט סילבר,פיליפ מוריס בעמ,US,פרלמנט סילבר,יחידה,1.00,יחידה,false,1,40.50,40.50,false,1,
7290115190335,false,ל.מ.בלו לייבל ארוך בוקס חפיסה,פיליפ מוריס בעמ,TR,אל אם בלו ארוך,יחידה,1.00,יחידה,false,1,32.00,32.00,false,1,
7290115190359,false,אל.אמ בלו לייבל קצר חפיסה) (20,פיליפ מוריס בעמ,US,אל אם בלו קצר,יחידה,1.00,יחידה,false,1,32.00,32.00,false,1,
7290115190373,false,סיגריות ל.מ. קפסולהP,פיליפ מוריס בעמ,TR,אל אמ פורוורד חפ,יחידה,1.00,יחידה,false,1,32.00,32.00,false,1,
7290115190397,false,סיגריות L.M קצר רד לייבל בודד,פיליפ מוריס בעמ,US,אל אם רד קצר חפ,יחידה,1.00,יחידה,false,1,32.00,32.00,false,1,
7290115190410,false,ל.מ. סילבר לייבל חפיסה,פיליפ מוריס בעמ,TR,אל אם סילבר קצר,יחידה,1.00,יחידה,false,1,32.00,32.00,false,1,
7290115190434,false,סיגריות L.M וייב סלימס בודד,פיליפ מוריס בעמ,US,אל אם וויב סלימס,יחידה,1.00,יחידה,false,1,32.00,32.00,false,1,
7290115190458,false,סיגריות נקסט פיין אדג' בודד,פיליפ מוריס בעמ,TR,נקסט אדג',יחידה,1.00,יחידה,false,1,25.50,25.50,false,1,
7290115190496,false,סיגריות נקסט ארוך בודד,פיליפ מוריס בעמ,IL,נקסט פיין ארוך,יחידה,1.00,יחידה,false,1,30.50,30.50,false,1,
7290115190519,false,סיגריות נקסט פיין חפ,פיליפ מוריס בעמ,PL,נקסט פיין חפ,יחידה,1.00,יחידה,false,1,30.50,30.50,false,1,
7290115190557,false,חפיסת סיגריות ריסס פילטר נקסט) (20,פיליפ מוריס בעמ,TR,נקסט ריסס קצר חפ,יחידה,1.00,יחידה,false,1,28.50,28.50,false,1,
7290115190571,false,סיגריות נקסט לילך בודד,פיליפ מוריס בעמ,US,נקסט לילך,יחידה,1.00,יחידה,false,1,30.50,30.50,false,1,
7290115190595,false,סיגריות נקסט אוריגינ,פיליפ מוריס בעמ,PL,נקסט אוריג'ינל,יחידה,1.00,יחידה,false,1,30.50,30.50,false,1,
7290115190632,false,מרלבורו גולד-טבק לגלגול סיגריות בודד,פיליפ מוריס בעמ,,טבק לגלגול,יחידה,1.00,יחידה,false,0,84.00,84.00,true,1,
7290115190892,false,סיגריות מרלבורו פיוז'ן קפסולה בודד,פיליפ מוריס בעמ,TR,מרלבורו פיוז'ן ח,יחידה,1.00,יחידה,false,1,28.50,28.50,false,1,
7290115191035,false,מרלבורו סאמר ספלאש קופסא,פיליפ מוריס בעמ,RS,מרלבורו סאמר,יחידה,1.00,יחידה,false,1,33.50,33.50,false,1,
7290115200676,false,עוגיות קרמוגית במילוי קרם בטעם קרמל מלוח,קבוצת אוסם סחר שותפות מוגבלת,IL,קרמוגית קרמל,גרמים,200.00,100 גרם,false,1,12.70,6.35,true,1,
7290115200713,false,במבה קלאסי מארז אחיד 5*50 גר` אסם,קבוצת אוסם סחר שותפות מוגבלת,IL,במבה קלאסי 5 יח,גרמים,250.00,100 גרם,false,1,12.90,5.16,true,1,
7290115201680,false,ביסלי חטיף בטעם ברביקין אסם (70 גרם),קבוצת אוסם סחר שותפות מוגבלת,IL,ביסלי ברביקיו,גרמים,70.00,100 גרם,false,1,4.50,6.43,true,1,
7290115201741,false,ביסלי חטיף בטעם בצל אסם (70 גרם),קבוצת אוסם סחר שותפות מוגבלת,IL,ביסלי בצל,גרמים,70.00,100 גרם,false,1,4.50,6.43,true,1,
7290115202816,false,מנה חמה פאוץ נודלס אטריות טעם עוף 70 גרם,קבוצת אוסם סחר שותפות מוגבלת,TH,מנה חמה פאוצ',גרמים,70.00,100 גרם,false,1,5.90,8.43,true,1,
7290115203134,false,חטיף פופקו פופקורן במבה אסם (80 גרם),קבוצת אוסם סחר שותפות מוגבלת,IL,פופקו פופקורן,גרמים,80.00,100 גרם,false,1,5.50,6.88,true,1,
7290115203172,false,במבה PRO מכיל 18 גרם חלבון בשקית,קבוצת אוסם סחר שותפות מוגבלת,IL,חטיף במבה פרו,גרמים,80.00,100 גרם,false,1,4.90,6.13,true,1,
7290115204056,false,"קטשופ מופחת סוכר אסם 690 גרם כשל""פ",קבוצת אוסם סחר שותפות מוגבלת,IL,קטשופ מופחת סוכר,גרמים,690.00,100 גרם,false,1,12.50,1.81,true,1,
7290115205176,false,729001032825פיטנס חטיפי קרקר כפרי 140גר.,קבוצת אוסם סחר שותפות מוגבלת,IL,קרקר דק פיטנס,גרמים,140.00,100 גרם,false,1,13.90,9.93,true,1,
7290115205312,false,קרקר פיטנס דק עם זיתי קלמטה ועשבי תיבול,קבוצת אוסם סחר שותפות מוגבלת,IL,קרקר דק פיטנס,גרמים,140.00,100 גרם,false,1,13.90,9.93,true,1,
7290115205527,false,חטיף מולטיגריין עם עדשים ( 25 גר`) פיטנס,קבוצת אוסם סחר שותפות מוגבלת,IL,חטיף פיטנס,גרמים,25.00,100 גרם,false,1,5.50,22.00,true,1,
7290115205541,false,חטיף מולטיגריין עם חומוס ( 25 גר`) פיטנס,קבוצת אוסם סחר שותפות מוגבלת,IL,חטיף פיטנס,גרמים,25.00,100 גרם,false,1,5.50,22.00,true,1,
7290115205978,false,פתיבר ואצבעות שוקולד 180 גרם - רבנות,קבוצת אוסם סחר שותפות מוגבלת,PL,פתיבר אצבעות,גרמים,180.00,100 גרם,false,1,11.90,6.61,true,1,
7290115207347,false,"אינסטנט פודינג פירות יער אסם 80 גרם בד""ץ",קבוצת אוסם סחר-שות.מוגבלת,IL,אינסטנט פודינג,גרמים,80.00,100 גרם,false,1,5.70,7.13,true,1,
7290115207811,false,"טבעול נקניקיות טבעוניות, 418 גרם",קבוצת אוסם סחר שותפות מוגבלת,IL,נקניקיות טבעוני,גרמים,418.00,100 גרם,false,1,36.90,8.83,true,1,
7290115207965,false,ויטמינצ'יק תרכיז מנגו אפרסק 1 ליטר,קבוצת אוסם סחר שותפות מוגבלת,IL,ויטמינצ'יק מנגו,ליטרים,1.00,ליטר,false,1,22.90,22.90,true,1,
7290115207989,false,ויטמינצ'יק תרכיז לימון 1 ליטר,קבוצת אוסם סחר שותפות מוגבלת,IL,ויטמינצ'יק לימון,ליטרים,1.00,ליטר,false,1,22.90,22.90,true,1,
7290115208009,false,ויטמינצ'יק ענבים סירופ 1 ליטר,קבוצת אוסם סחר שותפות מוגבלת,IL,ויטמינצ'יק ענבים,ליטרים,1.00,ליטר,false,1,22.90,22.90,true,1,
7290115208047,false,סירופ פטל ויטמינצ`יק (1 ליטר),קבוצת אוסם סחר שותפות מוגבלת,IL,ויטמינצ'יק פטל,ליטרים,1.00,ליטר,false,1,22.90,22.90,true,1,
7290115208061,false,ויטמינצ'יק תפוח סירופ 1 ליטר,קבוצת אוסם סחר שותפות מוגבלת,IL,ויטמינצ'יק תפוח,ליטרים,1.00,ליטר,false,1,22.90,22.90,true,1,
7290115208320,false,אפרופו חטיף בטעם ביסלי בצל 50 גרם,קבוצת אוסם סחר שותפות מוגבלת,IL,אפרופו טעם ביסלי,גרמים,50.00,100 גרם,false,1,5.80,11.60,true,1,
7290115209198,false,במבה אוורירית אסם 80 גרם,קבוצת אוסם סחר שותפות מוגבלת,IL,במבה אוורירית,גרמים,80.00,100 גרם,false,1,4.90,6.13,true,1,
7290115209358,false,במבה במילוי בראוניז אסם (60 גרם),קבוצת אוסם סחר שותפות מוגבלת,IL,במבה בראוניז,גרמים,60.00,100 גרם,false,1,4.90,8.17,true,1,
7290115209372,false,במבה במילוי בראוניז 150 גרם אוסם,קבוצת אוסם סחר שותפות מוגבלת,IL,במבה במילוי בראו,גרמים,150.00,100 גרם,false,1,11.50,7.67,true,1,
7290115675696,false,דגני בוקר קראנצ'ים שיבולת שועל עם אגוזים ושקדים,שטראוס פריטו ליי בע`מ,PL,דגני קוואקר,גרמים,375.00,100 גרם,false,1,22.70,6.05,true,1,
7290115676051,false,"משקה אקטיביה שיבולת שועל במתיקות מעודנת 250 מ""ל",שטראוס גרופ בעמ/מצונן,IL,משקה אקטיביה,גרמים,265.00,100 גרם,false,1,5.10,1.92,true,1,
7290115678376,false,מעדן הגולן שוקולד 125 גרם,שטראוס גרופ בעמ/מצונן,IL,מעדן הגולן,גרמים,125.00,100 גרם,false,1,3.40,2.72,true,1,
7290115678383,false,מעדן הגולן שוקולד מריר בודד 125גר,שטראוס גרופ בעמ/מצונן,IL,מעדן הגולן,גרמים,125.00,100 גרם,false,1,3.40,2.72,true,1,
7290116244051,false,אצבעות שוקולד חלב 84 גר'- LOL,שמחה זה אנחנו בע`מ,NL,אצבעות שוקולד,גרמים,84.00,100 גרם,false,1,8.90,10.60,true,1,
7290116244068,false,אצבעות שוקולד חלב 84 גר'-כוח פי גיי,שמחה זה אנחנו בע`מ,NL,אצבעות שוקולד,גרמים,84.00,100 גרם,false,1,8.90,10.60,true,1,
7290116247045,false,LOLשוקולד חלב על מקל 30 גרם כוח פי גיי,שמחה זה אנחנו בעמ,TR,שוקולד חלב על מק,גרמים,30.00,100 גרם,false,1,5.90,19.67,true,1,
7290116247076,false,שוקולד חלב על מקל 30 גרם סמי הכבאי,שמחה זה אנחנו,TR,שוק. חלב על מקל,גרמים,30.00,100 גרם,false,1,5.90,19.67,true,1,
7290116247083,false,שוקולד חלב על מקל 30 גרם מפרץ הרפתקאות,שמחה זה אנחנו,TR,שוקולד חלב על מק,גרמים,30.00,100 גרם,false,1,5.90,19.67,true,1,
7290116531083,false,"ברנפלקס ללא ת.סוכר בטעם דבש בתוספת שקדים, 400 גרם",יוניליוור ישראל שיווק בע`מ,IL,ברנפלקס טעם דבש,גרמים,400.00,100 גרם,false,1,24.90,6.23,true,1,
7290116531540,false,"קורנפלקס דבש 375 גרם כשל""פ רבנות",יוניליוור ישראל שיווק בעמ,IT,"קורנפלקס כשל""פ",גרמים,375.00,100 גרם,false,1,16.40,4.37,true,1,
7290116531762,false,דפים ריחניים למייבש כביסה בדין ורוד 40 יחידות,יוניליוור ישראל שיווק בע`מ,US,דפים למייבש,יחידה,1.00,יחידה,false,1,21.00,21.00,true,1,
7290116532868,false,פינוק בייבי שמפו אל דמע לתינוקות 900 מל,יוניליוור ישראל שיווק בע`מ,IL,בייבי שמפו,מיליליטרים,900.00,"100 מ""ל",false,1,20.90,2.32,true,1,
7290116930015,false,GO חטיף חלבון חטיף בוטנים קריספי 20 גרם חלבון,"בלמונט קונפקציות בע""\מ.",US,חטיף חלבון GO,גרמים,60.00,100 גרם,false,1,13.90,23.17,true,1,
7290116930282,false,ארוחה בקטנה לאבנה עם קרקרים 150ג' תנובה,"תנובה בע""מ ***",IL,לאבנה,גרמים,150.00,100 גרם,false,1,9.90,6.60,true,1,
7290116930435,false,יופלה גו במרקם סמיך עם דובדבן 0% 200מל,תנובה מרכז שיתופי לש,IL,יוגורט גו סמיך,גרמים,200.00,100 גרם,false,1,5.90,2.95,true,1,
7290116930626,false,ארוחה בקטנה ציזיקי עם קרקרים 150ג' תנובה,"תנובה בע""מ ***",IL,ציזיקי עם קרקרים,גרמים,150.00,100 גרם,false,1,9.90,6.60,true,1,
7290116930954,false,יוגורט טעם פאי תפוחים 3% 150 ג' יופלה,תנובה בעמ ***,IL,יופלה פאי תפוחים,גרמים,150.00,100 גרם,false,1,5.20,3.47,true,1,
7290116931104,false,יופלה GO במרקם סמיך עם אננס 0% תנובה 200 גרם,תנובה בעמ ***,IL,יופלה גו סמיך,גרמים,200.00,100 גרם,false,1,5.90,2.95,true,1,
7290117261590,false,סרדינים בריסלינג מעושנים בשמן זית 185 גרם צנצנת,ג.וילי-פוד אינטרנשיונל בעמ,LV,סרדינים בריסלינג,גרמים,185.00,100 גרם,false,1,13.90,7.51,true,1,
7290117382318,false,סלים דליס פרו 33 חטיף חלבון שוקולד מריר 60 גרם,"י. מרבה ישראל בע""\מ",IT,חטיף חלבון מצופה,גרמים,60.00,100 גרם,false,1,12.90,21.50,true,1,
7290117382325,false,חטיף חלבון מצופה שוקולד חלב פרו 33 סלים דליס 60 ג,"י. מרבה ישראל בע""\מ",IT,חטיף חלבון מצופה,גרמים,60.00,100 גרם,false,1,12.90,21.50,true,1,
7290117382332,false,סלים דליס פרו 33 חטיף חלבון שוקולד בטעם עוגיות 60 גרם,"י. מרבה ישראל בע""\מ",IT,סלים דליס חטיף,גרמים,60.00,100 גרם,false,1,12.90,21.50,true,1,
7290117821367,false,ביצת הפתעה פלסטיק עם סוכריות קשות 10 גרם טרקטור,PAZARLAMA GIDA GLOBAL,TR,ביצת הפתעה סוכ.,גרמים,10.00,100 גרם,false,1,6.50,65.00,true,1,
7290117821374,false,ביצת הפתעה פלסטיק עם סוכריות קשות 10 גרם פוני,PAZARLAMA GIDA GLOBAL,TR,ביצת הפתעה סוכ.פ,גרמים,10.00,100 גרם,false,1,6.50,65.00,true,1,
7290117900932,false,גרעיני אבטיח קלויים 130 גרם,דין שיווק וקליה 2021 בעמ,IL,גרעין אבטיח,גרמים,130.00,100 גרם,false,1,11.90,9.15,true,1,
7290117900963,false,בוטנים קלויים 270גר ששון הקולה,דין שיווק וקליה 2021 בעמ,IL,בוטנים קלויים,גרמים,270.00,100 גרם,false,1,11.90,4.41,true,1,
7290117900970,false,שקדים קלויים ששון הקולה 180 גם,דין שיווק וקליה 2021 בעמ,IL,שקדים קלויים 180,גרמים,180.00,100 גרם,false,1,17.90,9.94,true,1,
7290117900987,false,אגוז פקאן קלוף ששון הקולה 140 גרם,דין שיווק וקליה 2021 בעמ,IL,קאן קלוף טבעי,גרמים,140.00,100 גרם,false,1,17.90,12.79,true,1,
7290117900994,false,פקאן סיני מסוכר ששון הקולה 140 גרם,דין שיווק וקליה 2021 בעמ,IL,פקאן סיני מסוכר,גרמים,140.00,100 גרם,false,1,17.90,12.79,true,1,
7290117901014,false,אגוזי קשיו קלויים 160 גר ששון הקולה,דין שיווק וקליה 2021 בעמ,IL,אגוז קשיו קלוי,גרמים,160.00,100 גרם,false,1,17.90,11.19,true,1,
7290117901021,false,קבוקים בוטנים מצופים עם שומשום 220 גרם,דין שיווק וקליה 2021 בעמ,IL,קבוקים 220 גרם,גרמים,220.00,100 גרם,false,1,11.90,5.41,true,1,
7290117901038,false,אגוזי מלך קלופים ששון הקולה 190 גרם,דין שיווק וקליה 2021 בעמ,IL,אגוז מלך קלוף,גרמים,190.00,100 גרם,false,1,17.90,9.42,true,1,
7290117901045,false,בוטן רביולי ששון הקולה 200 גרם,דין שיווק וקליה 2021 בעמ,IL,בוטן רביולי,גרמים,200.00,100 גרם,false,1,17.90,8.95,true,1,
7290117901052,false,שקדים קלופים 180 גר ששון הקולה,דין שיווק וקליה 2021 בעמ,IL,שקד קלוף טבעי,גרמים,180.00,100 גרם,false,1,17.90,9.94,true,1,
7296073006176,false,"סוכר שופרסל 1 ק""ג","סוגת תעשיות בע""\מ",IL,סוכר לבן,קילוגרמים,1.00,"ק""ג",false,0,4.90,4.90,true,1,
7296073006404,false,מלפפונים במלח גדולים 7-9,בני דרום,IL,מלפפון במלח 7-9,גרמים,560.00,100 גרם,false,0,7.50,1.34,true,1,
7296073006411,false,מלפפונים במלח בינוניים,בני דרום,IL,מלפפונים במלח,גרמים,560.00,100 גרם,false,0,7.80,1.39,true,1,
7296073006428,false,מלפ.במלח 13-17שופרסל560ג,שופרסל,IL,מלפפון במלח,גרמים,560.00,100 גרם,false,0,10.90,1.95,true,1,
7296073006435,false,מלפפונים במלח קטנים מאוד,שופרסל,IL,מלפפון במלח,גרמים,560.00,100 גרם,false,0,12.30,2.20,true,1,
7296073006640,false,מלפפ.כבישה בית.שופר1.65ק,שופרסל,IL,מלפפון במלח ביתי,קילוגרמים,1.65,"ק""ג",false,0,27.90,16.91,true,1,
7296073011118,false,קוסקוס דק שופרסל 350 גרם,"אסיף תעשיות מזון בע""\מ",IL,קוסקוס דק,גרמים,350.00,100 גרם,false,0,5.20,1.49,true,1,
7296073011224,false,פסטה פוסילי36שופר 500גרם,שופרסל,IT,פסטה פוסילי,גרמים,500.00,100 גרם,false,0,4.90,0.98,true,1,
7296073020356,false,150כוס שתייה קרה בייסיק,שופרסל,IL,"כוסות שתייה חד""פ",יחידה,1.00,יחידה,false,0,17.90,17.90,true,1,
7296073020400,false,"קעריות ח""פ אובלית שופרסל",שופרסל,IL,קעריות קסרול,יחידה,1.00,יחידה,false,0,14.90,14.90,true,1,
7296073020936,false,פטריות שמפיניון חתוכ400ג,פרוצ'אמפ,NL,פטריות חתוכות,גרמים,400.00,100 גרם,false,0,4.60,1.15,true,1,
7296073021568,false,"קמח חיטה לבן בהיר 1 ק""ג",שופרסל,IL,קמח לבן,קילוגרמים,1.00,"ק""ג",false,0,4.90,4.90,true,1,
7296073021582,false,"סולת חיטה שופרסל 1 ק""ג",שופרסל,IL,סולת חיטה,קילוגרמים,1.00,"ק""ג",false,0,4.90,4.90,true,1,
7296073048992,false,פסטרמה בדבש שופרסל 300גר,מעדני יחיעם,IL,פסטרמה בדבש,גרמים,300.00,100 גרם,false,0,23.90,7.97,true,1,
7296073049029,false,כתף בקר שופרסל 300 גרם,מעדני יחיעם,IL,כתף בקר,גרמים,300.00,100 גרם,false,0,29.60,9.87,true,1,
7296073049043,false,פסטרמה ברבקיו שופרסל300ג,שופרסל,IL,פסטרמה ברבקיו,גרמים,300.00,100 גרם,false,0,23.90,7.97,true,1,
7296073049050,false,פסטרמה רומנית שופרסל300ג,שופרסל,IL,פסטרמה רומנית,גרמים,300.00,100 גרם,false,0,27.90,9.30,true,1,
7296073049074,false,סלמי קוניאק שופרסל 300גר,מעדני יחיעם,IL,סלמי קוניאק,גרמים,300.00,100 גרם,false,0,23.90,7.97,true,1,
7296073058991,false,מוזלי שופרסל 500 גרם,בריגן קי ג'י,DE,מוזלי,גרמים,500.00,100 גרם,false,0,17.90,3.58,true,1,
7296073059707,false,"צלחות קטנות ח""פ שופרסל 5",שופרסל,IL,"צלחות קטנות חד""פ",יחידה,1.00,יחידה,false,0,14.90,14.90,true,1,
7296073059745,false,"לפתניות ח""פ שופרסל 50 יח",שופרסל,IL,"ליפתניות חד""פ",יחידה,1.00,יחידה,false,0,14.90,14.90,true,1,
7296073066347,false,חלווה מסולסלת שופרסל250ג,"אחדות בע""מ א.ת. ברקן",IL,חלווה מסולסלת,גרמים,250.00,100 גרם,false,0,14.10,5.64,true,1,
7296073074434,false,פתי בר גדול שופרסל500גרם,שופרסל,IL,פתיבר גדול,גרמים,500.00,100 גרם,false,0,9.50,1.90,true,1,
7296073074441,false,פתי בר שוקו גדול שופר500,שופרסל,IL,פתי בר גדול שוקו,גרמים,500.00,100 גרם,false,0,9.50,1.90,true,1,
7296073074656,false,ירקות מעורב.כבושים 1.65ק,שופרסל,IL,ירקות מעורבים,קילוגרמים,1.65,"ק""ג",false,0,25.90,15.70,true,1,
7296073078395,false,תפוח אדמה נשיקות תפזורת,קטיף.,IL,תפוח אדמה נשיקות,קילוגרמים,0.00,"ק""ג",true,0,5.90,5.90,true,1,
7296073078555,false,בצק עלים מרודד מוקפא,שופרסל,IL,בצק עלים 1קג,קילוגרמים,1.00,"ק""ג",false,0,17.90,17.90,true,1,
7296073078579,false,דבש טבעי מפרחי שדה 350 ג,שופרסל,IL,דבש טבעי,גרמים,350.00,100 גרם,false,0,18.90,5.40,true,1,
7296073078838,false,6 כריות יפניות שופרסל,פלסטו פוליש,IL,כריות יפניות,יחידה,1.00,יחידה,false,0,9.70,9.70,true,1,
7296073078883,false,9 מטליות ניקוי כללי שופר,שופרסל,IL,מטליות לניקוי,יחידה,1.00,יחידה,false,0,9.90,9.90,true,1,
7296073079002,false,פריכ.דקות אורז מלא ש100.,"פרח תעשיות מזון בע""\מ",IL,פריכיות דקות,גרמים,100.00,100 גרם,false,0,7.90,7.90,true,1,
7296073079019,false,פריכיות דק.קצח 100ג שופר,"פרח תעשיות מזון בע""\מ",IL,פריכיות דקות,גרמים,100.00,100 גרם,false,0,7.90,7.90,true,1,
7296073079040,false,פריכיות זעתר שופרסל 50גר,"פרח תעשיות מזון בע""\מ",IL,פריכיות אורז,גרמים,50.00,100 גרם,false,0,8.90,17.80,true,1,
7296073079903,false,רוטב עגבניות 22%שופר100ג,פריניר,IL,רוטב עגבניות,גרמים,100.00,100 גרם,false,0,1.90,1.90,true,1,
7296073080497,false,שעועית אפויה שופרסל 580ג,פרי גליל,IL,שעועית אפויה,גרמים,580.00,100 גרם,false,0,7.50,1.29,true,1,
7296073080503,false,אפונה גדולה שופרסל550גרם,פרי גליל,IL,אפונה ירוקה,גרמים,550.00,100 גרם,false,0,6.90,1.25,true,1,
7296073080534,false,תירס מתוק שופרסל 550 גרם,פרי גליל,IL,גרעיני תירס מתוק,גרמים,550.00,100 גרם,false,0,6.90,1.25,true,1,
7296073080541,false,אפונה וגזר שופרסל 550 גר,פרי גליל,IL,אפונה וגזר,גרמים,550.00,100 גרם,false,0,6.90,1.25,true,1,
7296073081685,false,מזון יבש לחתול שופר1.5.ק,Tuffy's,US,מזון לחתולים,קילוגרמים,1.50,"ק""ג",false,0,30.80,20.53,true,1,
7296073090496,false,צמר פלדה שופרסל 100 גרם,פלסטו פוליש,IL,צמר פלדה,גרמים,100.00,100 גרם,false,0,6.70,6.70,true,1,
7296073091417,false,בוטן בקליפה קלוי וממולח,ששון,IL,בוטן בקליפה קלוי,גרמים,400.00,100 גרם,false,0,18.90,4.73,true,1,
7296073091462,false,פיסטוק קלוי וממולח 200ג,ששון,IL,פיסטוק קלוי,גרמים,200.00,100 גרם,false,0,23.90,11.95,true,1,
7296073091486,false,אגוזי קשיו קלויים ומומלח,ששון,IL,קשיו קלוי ומומלח,גרמים,200.00,100 גרם,false,0,23.90,11.95,true,1,
7296073091493,false,גרעין שחור קלוי200גשופרס,ששון,IL,גרעין שחור קלוי,גרמים,200.00,100 גרם,false,0,7.80,3.90,true,1,
7296073091554,false,צימוקים כהים 400 גרם,ששון,IL,צימוקים כהים,גרמים,400.00,100 גרם,false,0,19.90,4.98,true,1,
7296073091585,false,שקד קלוף טבעי 200גשופרסל,ששון,IL,שקדים קלופים,גרמים,200.00,100 גרם,false,0,18.90,9.45,true,1,
7296073091608,false,אגוזי קשיו קלופים טבעיים,ששון,VN,אגוזי קשיו טבעי,גרמים,200.00,100 גרם,false,0,23.90,11.95,true,1,
7296073091646,false,צנוברים קלופים 100גרם,ששון,CN,צנוברים קלופים,גרמים,100.00,100 גרם,false,0,26.90,26.90,true,1,
7296073091677,false,חמוציות 250גרם שופרסל,ששון,US,חמוציות 250גרם,גרמים,250.00,100 גרם,false,0,11.90,4.76,true,1,
7296073093176,false,כרוב לבן כבוש קצוץ560גרם,שימורי מוטולה בעמ,IL,כרוב לבן כבוש,גרמים,560.00,100 גרם,false,0,7.50,1.34,true,1,
7296073095583,false,"אצטון שופרסל 100 מ""ל","ש. שוורץ )באר שבע( בע""\מ",IL,אצטון BE,מיליליטרים,100.00,"100 מ""ל",false,0,3.90,3.90,true,1,
7296073103813,false,תפוח אדמה לבן ארוז,שופרסל,IL,"תפו""א לבן ארוז",קילוגרמים,0.00,"ק""ג",true,0,4.90,4.90,true,1,
7296073103820,false,תפוח אדמה לטיגון ארוז,שופרסל,IL,"תפו""א לטיגון",קילוגרמים,0.00,"ק""ג",true,0,5.90,5.90,true,1,
7296073106098,false,פריכיות דק.כוסמת שופר100,"פרח תעשיות מזון בע""\מ",IL,פריכיות כוסמת,גרמים,100.00,100 גרם,false,0,7.90,7.90,true,1,
7296073106258,false,מטליות רצפה 3X,,IL,מטליות רצפה 3X,יחידה,1.00,יחידה,false,0,11.90,11.90,true,1,
7296073107408,false,גרנולה שוקו.פקאן שופר400,בריגן קי ג'י,DE,גרנולה שוקולד,גרמים,400.00,100 גרם,false,0,17.90,4.48,true,1,
7296073108269,false,חסה ערבית שטופה לאכילה,פרסקו,IL,עלי חסה ערבית,גרמים,250.00,100 גרם,false,0,10.90,4.36,true,1,
7296073108313,false,סלט קולסלאו שטוף לאכילה,פרסקו,IL,סלט קולסלאו שטוף,גרמים,400.00,100 גרם,false,0,8.90,2.23,true,1,
7296073108344,false,לקט קלאסי שטוף לאכילה,"פרסקו חצבה 2006 בע""\מ",IL,לקט קלאסי שטוף,גרמים,350.00,100 גרם,false,0,11.90,3.40,true,1,
7296073108351,false,חסה אייסברג שטופה לאכילה,"פרסקו חצבה 2006 בע""\מ",IL,חסה אייסברג שטוף,גרמים,300.00,100 גרם,false,0,10.90,3.63,true,1,
7296073108368,false,לקט הגינה שטוף לאכילה,פרסקו,IL,לקט הגינה שטוף,גרמים,300.00,100 גרם,false,0,11.90,3.97,true,1,
7296073108375,false,כרוב לבן שטוף לאכילה400ג,"פרסקו חצבה 2006 בע""\מ",IL,כרוב לבן שטוף,גרמים,400.00,100 גרם,false,0,8.50,2.13,true,1,
7296073109822,false,תמר מג'הול מעולה 400 גרם,הדיקלאים,IL,תמר מג'הול 400ג,גרמים,400.00,100 גרם,false,0,13.90,3.48,true,1,
7296073112471,false,ספגטי חיטה מלאה שופר500ג,שופרסל,IT,ספגטי מקמח מלא,גרמים,500.00,100 גרם,false,0,8.70,1.74,true,1,
7296073112617,false,6 ספוג.לניקוי מופלא שופר,"סדובסקי בע""\מ",IL,ספוגית ניקוי,יחידה,1.00,יחידה,false,0,9.90,9.90,true,1,
7296073116769,false,קוקוס טחון שופרסל 100גרם,מיה,IL,קוקוס טחון,גרמים,100.00,100 גרם,false,0,4.90,4.90,true,1,
7296073116783,false,שומשום שופרסל 100 גרם,מיה,IL,שומשום שופרסל,גרמים,100.00,100 גרם,false,0,4.20,4.20,true,1,
7296073121190,false,תמר אמרי 400גרם שופרסל,הדיקלאים,IL,תמר אמרי 400ג,גרמים,400.00,100 גרם,false,0,13.90,3.48,true,1,
7296073122258,false,תערובת אגוזים 200גשופרסל,ששון,IL,תערובת אגוזים,גרמים,200.00,100 גרם,false,0,23.90,11.95,true,1,
7296073122296,false,פסטרמה מסורתית שופר300.ג,שופרסל,IL,פסטרמה מסורתית,גרמים,300.00,100 גרם,false,0,22.90,7.63,true,1,
7296073122333,false,שקדי מרק מרכיבים טבעיים,שופרסל,IL,שקדי מרק בשקית,גרמים,400.00,100 גרם,false,0,8.90,2.23,true,1,
7296073123729,false,"תמצית וניל שופרסל 50 מ""ל",מיה,IL,תמצית וניל,מיליליטרים,50.00,"100 מ""ל",false,0,4.50,9.00,true,1,
7296073124160,false,שום קפוא מגשית שופרסל 80,שופרסל,IL,שום קפוא במגשית,גרמים,80.00,100 גרם,false,0,12.90,16.13,true,1,
7296073124177,false,שום כתוש צנצנת שופרסל200,שופרסל,IL,שום כתוש,גרמים,200.00,100 גרם,false,0,16.90,8.45,true,1,
7296073125914,false,מי פה ט.מרענן שופרסל500מ,מעבדות בוניקט,ES,מי פה טעם מרענן,מיליליטרים,500.00,"100 מ""ל",false,0,14.90,2.98,true,1,
7296073128229,false,שופרסל מעדן תות שדה284גר,LTD 99 CIMA,BG,מעדן תות שדה,גרמים,284.00,100 גרם,false,0,15.90,5.60,true,1,
7296073129455,false,פתיתים אורז שופרסל 500גר,"אסיף תעשיות מזון בע""\מ",IL,פתיתים אורז,גרמים,500.00,100 גרם,false,0,5.20,1.04,true,1,
7296073130499,false,"מיץ לימון שופרסל 200 מ""ל",סי פרווידר,IT,מיץ לימון שופרסל,מיליליטרים,200.00,"100 מ""ל",false,0,6.40,3.20,true,1,
7296073132462,false,לבבות דקל חתוכ.שופר400.ג,אינדוסטריה אגריקולה,EC,לבבות דקל,גרמים,400.00,100 גרם,false,0,9.30,2.33,true,1,
7296073132820,false,סלק בואקום 500 גרם,שופרסל,ES,סלק בואקום 500ג,גרמים,500.00,100 גרם,false,0,8.90,1.78,true,1,
7296073132936,false,עוגת מאפין שיש שופרסל400,גידרון,IL,עוגת מאפין,גרמים,400.00,100 גרם,false,0,11.90,2.98,true,1,
7296073132943,false,עוגת מאפין שוק.שופרסל400,גידרון,IL,עוגת מאפין,גרמים,400.00,100 גרם,false,0,11.90,2.98,true,1,
7296073133001,false,קעריות מרק לבן שופרסל 25,שופרסל,IL,קעריות מרק לבנות,יחידה,1.00,יחידה,false,0,12.90,12.90,true,1,
7296073134541,false,קפה טורקי שופרסל 100*3גר,שופרסל,IL,מארז קפה טורקי,גרמים,300.00,100 גרם,false,0,16.60,5.53,true,1,
7296073140801,false,חטיף חלבה וניל שופרסל100,"אחדות בע""מ א.ת. ברקן",IL,חטיף חלבה שופרסל,גרמים,100.00,100 גרם,false,0,3.20,3.20,true,1,
7296073141143,false,שוקולד חלב שופרסל100 גרם,"שוקולד פריי בע""מ",CH,שוקולד חלב,גרמים,100.00,100 גרם,false,0,5.60,5.60,true,1,
7296073141150,false,שוקולד מריר שוויצרי100ג,"שוקולד פריי בע""מ",CH,שוקולד מריר,גרמים,100.00,100 גרם,false,0,5.60,5.60,true,1,
7296073150527,false,קורנפלקס שופרסל 750 גרם,שופרסל,DK,קורנפלקס שופרסל,גרמים,750.00,100 גרם,false,0,13.90,1.85,true,1,
7296073151463,false,פריכיות דקות דל נתרן100ג,"פרח תעשיות מזון בע""\מ",IL,פריכיות דקות,גרמים,100.00,100 גרם,false,0,7.90,7.90,true,1,
7296073151548,false,מלח בישול גס שופרסל 1 קג,מלח הארץ אילת,IL,מלח בישול גס,קילוגרמים,1.00,"ק""ג",false,0,2.07,2.07,true,1,
7296073151555,false,מלח שולחן דק שופרסל 1 קג,מלח הארץ אילת,IL,מלח שולחן דק,קילוגרמים,1.00,"ק""ג",false,0,2.07,2.07,true,1,
7296073153238,false,גזר ארוז שופרסל,,IL,גזר ארוז שופרסל,קילוגרמים,0.00,"ק""ג",true,0,5.90,5.90,true,1,
7296073153849,false,זוג רדידי אלומיניום 7.2X,שופרסל,IL,רדידי אלומיניום,מטרים,15.00,מטר,false,0,9.90,0.66,true,1,
7296073161479,false,פריכ.תירס+זרעי פשתן 100ג,"פרח תעשיות מזון בע""\מ",IL,פריכיות תירס,גרמים,100.00,100 גרם,false,0,7.90,7.90,true,1,
7296073161493,false,שוק.מריר60%שופרסל 100*2ג,"שוקולד פריי בע""מ",CH,שוקולד מריר זוג,גרמים,200.00,100 גרם,false,0,14.20,7.10,true,1,
7296073163084,false,נקניקיות וינר שופרסל400ג,מעדני יחיעם,IL,נקניקיות וינר,גרמים,400.00,100 גרם,false,0,11.90,2.98,true,1,
7296073163114,false,נקניקיות מיני שופרסל600ג,מעדני יחיעם,IL,נקניקיות מיני,גרמים,600.00,100 גרם,false,0,17.90,2.98,true,1,
7296073169550,false,3 מטליות מיקרופייבר שופר,שופרסל,CN,מטליות מיקרופיבר,יחידה,1.00,יחידה,false,0,14.80,14.80,true,1,
7296073170860,false,צ'יפס קלאסי שופרסל 1.5קג,"תעשיות תפוגן בע""\מ",IL,צ'יפס קלאסי,קילוגרמים,1.50,"ק""ג",false,0,24.90,16.60,true,1,
7296073173045,false,דבש טבעי לחיץ שופרסל500ג,שופרסל,IL,דבש לחיץ שופרסל,גרמים,500.00,100 גרם,false,0,30.20,6.04,true,1,
7296073179863,false,דבש טבעי לחיץ שופרסל250ג,שופרסל,IL,דבש טבעי לחיץ,גרמים,250.00,100 גרם,false,0,16.90,6.76,true,1,
7296073180203,false,עלי רוקט שטופים 150גרם,"פרסקו חצבה 2006 בע""\מ",IL,עלי רוקט150ג',גרמים,150.00,100 גרם,false,0,10.90,7.27,true,1,
7296073180210,false,עלי תרד בייבי שטופים400ג,"פרסקו חצבה 2006 בע""\מ",IL,עלי תרד בייבי,גרמים,400.00,100 גרם,false,0,12.90,3.23,true,1,
7296073180548,false,א.מלך טבעי קלוף150גשופרס,ששון,US,א.מלך טבעי קלוף,גרמים,150.00,100 גרם,false,0,13.90,9.27,true,1,
7296073180630,false,מטליות לחות לרצפה 10יח,טרופיקל דגיל,IL,מטליות לחות,יחידה,1.00,יחידה,false,0,10.90,10.90,true,1,
7296073189671,false,ג.דלעת קלוף 150גרם שופרס,ששון,CN,גרעין דלעת קלוף,גרמים,150.00,100 גרם,false,0,13.90,9.27,true,1,
7296073189688,false,ג.חמניה קלוף150ג שופרסל,ששון,IL,גרעין חמניה 150ג,גרמים,150.00,100 גרם,false,0,6.80,4.53,true,1,
7296073191261,false,תחתיות ארטישוק שופר390גר,Raal El Conservas,ES,תחתיות ארטישוק,גרמים,390.00,100 גרם,false,0,9.90,2.54,true,1,
7296073193791,false,ברוקולי שטוף 400גרם,פרסקו,IL,ברוקולי שטוף,גרמים,400.00,100 גרם,false,0,15.90,3.98,true,1,
7296073197461,false,שוקולד חלב 100*3 גרם,"שוקולד פריי בע""מ",CH,שוקולד חלב 3 יח,גרמים,300.00,100 גרם,false,0,14.90,4.97,true,1,
7296073197478,false,שוקולד מריר שוויצרי100*3,"שוקולד פריי בע""מ",CH,שוקולד מריר 3 יח,גרמים,300.00,100 גרם,false,0,14.90,4.97,true,1,
7296073204640,false,בוטן אמריקאי200ג שופרסל,ששון,IL,בוטנים אמריקאים,גרמים,200.00,100 גרם,false,0,7.90,3.95,true,1,
7296073205081,false,מיונז,,IL,מיונז,גרמים,500.00,100 גרם,false,0,8.90,1.78,true,1,
7296073205616,false,תמר מג'הול אורגני גרין1ק,אלסקה,IL,תמר מג'הול גרין,קילוגרמים,1.00,"ק""ג",false,0,30.90,30.90,true,1,
7296073205692,false,רוטב פסטה שום אורגני 350,אלת'אה אס.פי.איי,IT,רוטבעגבניות שום,גרמים,350.00,100 גרם,false,0,14.90,4.26,true,1,
7296073205708,false,רוט.פסט.בזיליקום אורג350,אלת'אה אס.פי.איי,IT,רוטב פסטה,גרמים,350.00,100 גרם,false,0,14.90,4.26,true,1,
7296073206682,false,טונה בשמן קנולה 160*4ג,"תעשיות פילטונה בע""מ",IL,טונה בשמן 4 יח,גרמים,640.00,100 גרם,false,0,22.90,3.58,true,1,
7296073207078,false,בוטן קלוף קלוי וממולח300,ששון,IL,בוטן קלוף קלוי,גרמים,300.00,100 גרם,false,0,11.90,3.96,true,1,
7296073209249,false,ספגיות קירצוף 6 יחידות,פלסטו פוליש,IL,ספוגיות קירצוף,יחידה,1.00,יחידה,false,0,5.70,5.70,true,1,
7296073214120,false,חתיכות אננס בסירופ850ג,CANNING FRUIT KUIBURI,TH,חתיכות אננס,גרמים,850.00,100 גרם,false,0,9.90,1.16,true,1,
7296073215899,false,כמון טחון,,IL,כמון טחון,גרמים,100.00,100 גרם,false,0,11.90,11.90,true,1,
7296073215936,false,קנמון טחון,,IL,קנמון טחון,גרמים,80.00,100 גרם,false,0,8.50,10.63,true,1,
7296073215974,false,שום גבישי,,IL,שום גבישי,גרמים,120.00,100 גרם,false,0,12.00,10.00,true,1,
7296073216025,false,תערובת תיבול,,IL,תערובת תיבול,גרמים,100.00,100 גרם,false,0,11.30,11.30,true,1,
7296073216032,false,תערובת גריל עוף,,IL,תערובת גריל עוף,גרמים,150.00,100 גרם,false,0,12.90,8.60,true,1,
7296073216056,false,תיבול לשווארמה,,IL,תיבול לשווארמה,גרמים,100.00,100 גרם,false,0,9.50,9.50,true,1,
7296073216070,false,פטרוזיליה תבלין,,IL,פטרוזיליה תבלין,גרמים,20.00,100 גרם,false,0,7.90,39.50,true,1,
7296073216087,false,עלי דפנה,,IL,עלי דפנה,גרמים,20.00,100 גרם,false,0,6.90,34.50,true,1,
7296073216100,false,צ'ילי כתוש,,IL,צ'ילי כתוש,גרמים,25.00,100 גרם,false,0,6.90,27.60,true,1,
7296073216117,false,תערובת תיבול קאר,,IL,תערובת תיבול קאר,גרמים,100.00,100 גרם,false,0,6.90,6.90,true,1,
7296073216162,false,פלפל שחור,,IL,פלפל שחור,גרמים,100.00,100 גרם,false,0,13.90,13.90,true,1,
7296073216186,false,פלפל שחור,,IL,פלפל שחור,גרמים,40.00,100 גרם,false,0,10.90,27.25,true,1,
7296073216193,false,פלפל שחור,,IL,פלפל שחור,גרמים,90.00,100 גרם,false,0,14.90,16.56,true,1,
7296073216247,false,פפריקה מתוקה,,IL,פפריקה מתוקה,גרמים,100.00,100 גרם,false,0,10.90,10.90,true,1,
7296073216278,false,פפריקה מרוקאית,,IL,פפריקה מרוקאית,גרמים,90.00,100 גרם,false,0,9.90,11.00,true,1,
7296073216315,false,מלח לימון,,IL,מלח לימון,גרמים,100.00,100 גרם,false,0,7.60,7.60,true,1,
7296073216322,false,מלח לימון,,IL,מלח לימון,גרמים,170.00,100 גרם,false,0,11.30,6.65,true,1,
7296073218166,false,פלפל אנגלי שלם,,IL,פלפל אנגלי שלם,גרמים,25.00,100 גרם,false,0,8.30,33.20,true,1,
7296073218661,false,מטליות לרצפה 3יח,,CN,מטליות לרצפה 3יח,יחידה,1.00,יחידה,false,0,24.90,24.90,true,1,
7296073218807,false,בישקוטים,,IT,בישקוטים,גרמים,200.00,100 גרם,false,0,8.20,4.10,true,1,
7296073219347,false,לחם אחיד פרוס750ג שופרסל,מאפית ברמן,IL,לחם אחיד פרוס,גרמים,750.00,100 גרם,false,0,7.10,0.95,true,1,
7296073219880,false,פודינג שוקולד,,IL,פודינג שוקולד,גרמים,95.00,100 גרם,false,0,5.20,5.47,true,1,
7296073219958,false,חט.דגנים שוקו+מריר23*6ג,back and Snack,AT,חטיף דגנים,גרמים,23.00,100 גרם,false,0,10.90,47.39,true,1,
7296073219965,false,חט.דגנים שוק.חלב+בוט23*6,back and Snack,AT,חטיף בוטנים,גרמים,23.00,100 גרם,false,0,10.90,47.39,true,1,
7296073220275,false,וופל ט.שוקולד שופרסל500ג,"מנעמים תעשיות מזון בע""\מ",IL,ופל טעם שוקולד,גרמים,500.00,100 גרם,false,0,11.90,2.38,true,1,
7296073220282,false,וופלים ט.לימון שופרסל500,"מנעמים תעשיות מזון בע""\מ",IL,ופל טעם לימון,גרמים,500.00,100 גרם,false,0,11.90,2.38,true,1,
7296073220398,false,חטיפי קרח,,IL,חטיפי קרח,מיליליטרים,800.00,"100 מ""ל",false,0,9.90,1.24,true,1,
7296073221326,false,"כפית קרם 100 יח,' 1.4גרם",.,TR,"מארז כפיות ח""פ",יחידה,1.00,יחידה,false,0,14.90,14.90,true,1,
7296073221630,false,שמן קנולה שופרסל 1 ליטר,בוקרלמן,DE,שמן קנולה,ליטרים,1.00,ליטר,false,0,10.90,10.90,true,1,
7296073222200,false,פסטרמה הודו על גחלים שופ,מעדני יחיעם,IL,פסטרמה הודו,גרמים,300.00,100 גרם,false,0,23.90,7.97,true,1,
7296073222224,false,פסטרמה ברביקיו דק דק140ג,מעדני יחיעם,IL,פסטרמה ברביקיו,גרמים,140.00,100 גרם,false,0,11.90,8.50,true,1,
7296073222231,false,פסטרמה בדבש דק דק 140 גר,מעדני יחיעם,IL,פסטרמה בדבש,גרמים,140.00,100 גרם,false,0,11.90,8.50,true,1,
7296073222255,false,סלמי מעושן שופרסל 400 גר,מעדני יחיעם,IL,סלמי מעושן,גרמים,400.00,100 גרם,false,0,19.90,4.98,true,1,
7296073222316,false,ג'חנון אפוי שופרסל 650ג,אופרה,IL,ג'חנון אפוי שופר,גרמים,650.00,100 גרם,false,0,18.90,2.91,true,1,
7296073222323,false,מלווח קפוא שופרסל700ג,אופרה,IL,מלווח קפוא שופרס,גרמים,700.00,100 גרם,false,0,14.90,2.13,true,1,
7296073223009,false,שמן זית,,IT,שמן זית,מיליליטרים,750.00,"100 מ""ל",false,0,29.90,3.99,true,1,
7296073224204,false,שמן זית,,IT,שמן זית,ליטרים,1.00,ליטר,false,0,44.90,44.90,true,1,
7296073224525,false,שבבי שיב.שוע500גרוס גרין,,IL,קוואקר אורגני,גרמים,500.00,100 גרם,false,0,11.90,2.38,true,1,
7296073224563,false,סלט טחינה שופרסל 400 גרם,סלטי שמיר,IL,סלט טחינה,גרמים,400.00,100 גרם,false,0,11.90,2.98,true,1,
7296073224570,false,חומוס אסלי שופרסל 400גרם,סלטי שמיר,IL,חומוס אסלי,גרמים,400.00,100 גרם,false,0,10.90,2.73,true,1,
7296073224587,false,כרוב אדום שופרסל 400 גרם,סלטי שמיר,IL,סלט כרוב אדום,גרמים,400.00,100 גרם,false,0,11.90,2.98,true,1,
7296073224594,false,סלט חציל במיונז שופר400ג,סלטי שמיר,IL,סלט חצילים מיונז,גרמים,400.00,100 גרם,false,0,11.90,2.98,true,1,
7296073224600,false,"חומוס שופרסל 1 ק""ג",סלטי שמיר,IL,סלט חומוס,קילוגרמים,1.00,"ק""ג",false,0,13.90,13.90,true,1,
7296073224662,false,12ביצים חופש אורגניות M,חוות גבעות עולם,IL,ביצי חופש 12 יח,יחידה,1.00,יחידה,false,0,22.90,22.90,true,1,
7296073224693,false,ביציםM שופרסל 12,,IL,ביציםM שופרסל 12,יחידה,1.00,יחידה,false,0,11.15,11.15,true,1,
7296073224709,false,ביציםL שופרסל 12,,IL,ביציםL שופרסל 12,יחידה,1.00,יחידה,false,0,12.05,12.05,true,1,
7296073224815,false,מרכך מרוכז כחול,,IL,מרכך מרוכז כחול,ליטרים,1.00,ליטר,false,0,11.90,11.90,true,1,
7296073224839,false,מרכך מרוכז לבן,,IL,מרכך מרוכז לבן,ליטרים,1.00,ליטר,false,0,11.90,11.90,true,1,
7296073224891,false,אפונה ירוקה קפואה שופרסל,ARDO,BE,אפונה ירוקה,גרמים,800.00,100 גרם,false,0,14.90,1.86,true,1,
7296073225249,false,גרעין חמניה לא תוספת מלח,ששון,IL,גרעין חמניה,גרמים,200.00,100 גרם,false,0,7.80,3.90,true,1,
7296073225256,false,גרעין חמנייה קליית עפולה,ששון,IL,גרעין חמנייה,גרמים,200.00,100 גרם,false,0,7.80,3.90,true,1,
7296073225492,false,רוטב עגבני.מרוכז22% 260ג,פריניר,IL,רוטב עגבניות,גרמים,260.00,100 גרם,false,0,3.60,1.38,true,1,
7296073225508,false,כוסות קפה גדולות שופרסל,.,CN,כוסות קפה גדולות,יחידה,1.00,יחידה,false,0,18.90,18.90,true,1,
7296073225744,false,חצילים על האש שופרסל400ג,סלטי שמיר,IL,סלט חצילים,גרמים,400.00,100 גרם,false,0,11.90,2.98,true,1,
7296073225751,false,חציל בטחינה 400 גרם,סלטי שמיר,IL,סלט חציל בטחינה,גרמים,400.00,100 גרם,false,0,11.90,2.98,true,1,
7296073225768,false,סלט מטבוחה שופרסל 400גרם,סלטי שמיר,IL,סלט מטבוחה,גרמים,400.00,100 גרם,false,0,11.90,2.98,true,1,
7296073225775,false,רצועות סלק שופרסל 400גרם,סלטי שמיר,IL,סלט סלק שופרסל,גרמים,400.00,100 גרם,false,0,11.90,2.98,true,1,
7296073226543,false,אורגנו תבלין,,IL,אורגנו תבלין,גרמים,40.00,100 גרם,false,0,10.30,25.75,true,1,
7296073229650,false,סירופ טעם שוקולד,,IL,סירופ טעם שוקולד,גרמים,600.00,100 גרם,false,0,12.90,2.15,true,1,
7296073229698,false,12ביצים אורגנ+L.אומגה3,חוות גבעות עולם,IL,ביצים אורגניות,יחידה,1.00,יחידה,false,0,26.90,26.90,true,1,
7296073230021,false,מנקה רצפות כחול 2 ליטר,קליר כימיקלים,IL,מנקה רצפות כחול,ליטרים,2.00,ליטר,false,0,15.90,7.95,true,1,
7296073230038,false,מנקה רצפות ורוד 2 ליטר,קליר כימיקלים,IL,מנקה רצפות,ליטרים,2.00,ליטר,false,0,15.90,7.95,true,1,
7296073230045,false,מנקה רצפות סגול 2 ליטר,קליר כימיקלים,IL,מנקה רצפות,ליטרים,2.00,ליטר,false,0,15.90,7.95,true,1,
7296073230113,false,לפתן פירות בסירופ קל225ג,.,CN,לפתן פירות,גרמים,225.00,100 גרם,false,0,5.60,2.49,true,1,
7296073230410,false,"כוסות קפה ח""פ",,CN,כוס שתיה חמה,יחידה,1.00,יחידה,false,0,14.90,14.90,true,1,
7296073230441,false,כפיות שקופות עבות במיוחד,.,IL,כפיות שקופות,יחידה,1.00,יחידה,false,0,14.90,14.90,true,1,
7296073230465,false,מארז סכינים שקופים עבים,.,IL,סכינים שקופים,יחידה,1.00,יחידה,false,0,14.90,14.90,true,1,
7296073230656,false,מגבות נייר שופרסל 6 גל.,"שניב תעשיות נייר בע""\מ",IL,מגבות נייר,מטרים,63.00,מטר,false,0,10.90,0.17,true,1,
7296073230663,false,מגבות נייר שופרסל 8 גל.,"שניב תעשיות נייר בע""\מ",IL,מגבות נייר,מטרים,8.00,מטר,false,0,14.90,1.86,true,1,
7296073230885,false,גלילי וופל קרם אגוזים100,"מנעמים תעשיות מזון בע""\מ",IL,גלילי וופל,גרמים,100.00,100 גרם,false,1,5.90,5.90,true,1,
7296073230892,false,50כוסות קרטון,,CN,כוסות שתייה,יחידה,1.00,יחידה,false,0,21.90,21.90,true,1,
7296073231240,false,חט.פריכיות שוקו חלב18*5ג,בנליין פודס,RS,חטיף פריכיות,גרמים,90.00,100 גרם,false,1,10.90,12.11,true,1,
7296073231554,false,חלב 3% בקרטון שופרסל 1ל,מחלבות רמת הגולן,IL,חלב 3% קרטון 1ל',ליטרים,1.00,ליטר,false,1,6.10,6.10,true,1,
7296073231561,false,שמנת עמידה לקצפת38% 250ג,מחלבות רמת הגולן,IL,שמנת להקצפה 38%,מיליליטרים,250.00,"100 מ""ל",false,1,6.30,2.52,true,1,
7296073232377,false,חלב1% נטול לקטוז גרין1ל,מחלבת רמת-הגולן,IL,חלב נטול לקטוז,ליטרים,1.00,ליטר,false,1,8.90,8.90,true,1,
7296073236603,false,"שמנת לבישול 15% 250 מ""ל",מחלבת רמת-הגולן,IL,שמנת לבישול 15%,מיליליטרים,250.00,"100 מ""ל",false,1,7.40,2.96,true,1,
7296073236894,false,סלט קולסלאו 400 גרם,סלטי שמיר,IL,סלט קולסלאו,גרמים,400.00,100 גרם,false,1,11.90,2.98,true,1,
7296073237525,false,קוקטייל פירות בסירופ קל,CANNED QIWWEI LINYI,CN,לפתן פירות,גרמים,820.00,100 גרם,false,1,9.90,1.21,true,1,
7296073237556,false,ממחטות אף 100*5 יח',שניב תעשיות נייר,IL,ממחטות אף100*5יח,יחידה,1.00,יחידה,false,1,10.00,10.00,true,1,
7296073239116,false,מספריים לשיער יח,TECHONGGIES TAIKONE,CN,מספריים לשיער,יחידה,1.00,יחידה,false,1,39.90,39.90,true,1,
7296073239239,false,כוסות קפה פרימיום 50 יח',.,CN,כוסות שתיה חמה,יחידה,1.00,יחידה,false,1,17.90,17.90,true,1,
7296073239956,false,כוס שתיה חמה אספרסו120מל,.,CN,כוסות שתיה חמה,יחידה,1.00,יחידה,false,1,9.90,9.90,true,1,
7296073241522,false,ממחטות אף 100*5 יח,שניב תעשיות נייר,IL,ממחטות אף 5 יח,יחידה,1.00,יחידה,false,1,10.00,10.00,true,1,
7296073241935,false,נייר טואלט סופר דיל 48גל,שניב,IL,נ.טואלט סופר דיל,מטרים,860.00,100 מטר,false,1,44.90,5.22,true,1,
7296073242635,false,כוסות שתיה קרה מעוטר כסף,.,IL,כוסות שתייה,יחידה,1.00,יחידה,false,1,18.90,18.90,true,1,
7296073246015,false,כפפות ויניל ללא אבקה S,אינטרסן,CN,כפפות ויניל,יחידה,1.00,יחידה,false,1,29.90,29.90,true,1,
7296073246022,false,כפפות ויניל ללא אבקה M,אינטרסן,CN,כפפות ויניל,יחידה,1.00,יחידה,false,1,29.90,29.90,true,1,
7296073246060,false,פולי סויה בקליפה 450 גרם,שופרסל,CN,פולי סויה,גרמים,450.00,100 גרם,false,1,12.90,2.87,true,1,
7296073246633,false,פרוסות אננס בסירופ קל227,CANNING FRUIT KUIBURI,TH,פרוסות אננס,גרמים,227.00,100 גרם,false,1,4.90,2.16,true,1,
7296073254102,false,טונה בשמן סויה 160*4 גרם,אסיאן אליאנס,TH,טונה בשמן 4 יח,גרמים,640.00,100 גרם,false,1,22.90,3.58,true,1,
7296073254256,false,ערמונים אורגניים גרין100,CO FOODS LIYUAN HEBEI,CN,ערמונים אורגניים,גרמים,100.00,100 גרם,false,1,8.90,8.90,true,1,
7296073261193,false,קסמי אוזניים מעץ שופרסל,PRODUC UES DAILY JIEYANG,CN,קיסמי אוזניים,יחידה,1.00,יחידה,false,1,2.50,2.50,true,1,
7296073261384,false,"אל סבון מעורב 500*3 מ""ל",טאהא קימיה,TR,אל סבון נוזלי3יח,ליטרים,1.50,ליטר,false,1,12.90,8.60,true,1,
7296073262978,false,גרנולה טריפל אגוזים 400ג,בריגן קי ג'י,DE,גרנולה פרימיום,גרמים,400.00,100 גרם,false,1,19.90,4.98,true,1,
7296073263500,false,קוסקוס עם ירקות 650גרם,סי.אי.פי מבוא חורון,IL,קוסקוס עם ירקות,גרמים,650.00,100 גרם,false,1,23.90,3.67,true,1,
7296073265184,false,שקיות אשפה ריחניות 40 יח,גליל כימיקלים,IL,שקיות אשפה,יחידה,1.00,יחידה,false,1,19.90,19.90,true,1,
7296073265344,false,חלב נטול לקטוז3%גרין 1ל,מחלבת רמת-הגולן,IL,חלב נטול לקטוז,ליטרים,1.00,ליטר,false,1,8.90,8.90,true,1,
7296073266709,false,רוט.סויה ל.גלוטן גרין300,DEVELOPMENT YI LIAN,CN,רוטב סויה,מיליליטרים,280.00,"100 מ""ל",false,1,13.90,4.96,true,1,
7296073268925,false,נייר טואלט דו שכבתי16גל,שניב תעשיות נייר,IL,נייר טואלט,מטרים,573.00,100 מטר,false,1,34.90,6.09,true,1,
7296073269991,false,שמן זרעי ענבים מזוכך1ל,"אוליפיציו סלוודורי בע""מ",IT,שמן זרעי ענבים,ליטרים,1.00,ליטר,false,1,42.90,42.90,true,1,
7296073270010,false,חומץ תפוח5%אורג.גרין750מ,אקווניל,ES,חומץ תפוחים,מיליליטרים,750.00,"100 מ""ל",false,1,18.90,2.52,true,1,
7296073270157,false,לקט הכפר 400גרם,"פרסקו חצבה 2006 בע""\מ",IL,לקט הכפר,גרמים,400.00,100 גרם,false,1,11.90,2.98,true,1,
7296073270294,false,תבניות אלומיניום מלבניות,.,IL,תבניות מלבניות,יחידה,1.00,יחידה,false,1,14.90,14.90,true,1,
7296073270300,false,תבניות אלומיניום קטנות15,.,IL,תבניות אלומיניום,יחידה,1.00,יחידה,false,1,14.90,14.90,true,1,
7296073270317,false,תבניות אלומיניום עגולות,.,IL,תבניות עגולות,יחידה,1.00,יחידה,false,1,14.90,14.90,true,1,
7296073270331,false,תבנית אלומיניום ענקית 5י,.,IL,תבניות ענקיות,יחידה,1.00,יחידה,false,1,14.90,14.90,true,1,
7296073270348,false,תבנית אלומיניום קטנה 10י,.,IL,תבניות קטנות,יחידה,1.00,יחידה,false,1,14.90,14.90,true,1,
7296073270423,false,מיכל 1 ליטר 5 יחידות,.,CN,מיכל 1 ליטר,יחידה,1.00,יחידה,false,1,12.90,12.90,true,1,
7296073270430,false,מיכל 2 ליטר 4יחידות,.,CN,מיכל 2 ליטר,יחידה,1.00,יחידה,false,1,12.90,12.90,true,1,
7296073271550,false,ממרח עגבניות מיובשות190ג,SPA POLLI F.LLI,IT,ממרח עגבניות,גרמים,190.00,100 גרם,false,1,12.90,6.79,true,1,
7296073272496,false,נייר טואלט דו שכבתי32גל,שניב תעשיות נייר,IL,נייר טואלט 32גל,מטרים,573.00,100 מטר,false,1,33.90,5.92,true,1,
7296073273196,false,קציצות ברוטב עגבניות620ג,סי.אי.פי מבוא חורון,IL,קציצות ברוטב,גרמים,620.00,100 גרם,false,1,37.90,6.11,true,1,
7296073275114,false,גבינה גאודה פרוס שופר150,ROUVEEN,NL,גבינה גאודה,גרמים,150.00,100 גרם,false,1,18.90,12.60,true,1,
7296073275138,false,גבינת עיזים פרוס שופר150,ROUVEEN,US,גבינת עיזים,גרמים,150.00,100 גרם,false,1,21.90,14.60,true,1,
7296073277255,false,מארז מגבונים לחים 6 יח,דינמיק,IL,מארז מגבוניםלחים,יחידה,1.00,יחידה,false,1,19.90,19.90,true,1,
7296073277262,false,מגבונים לחים 72 יח,שופרסל,IL,מגבונים לחים,יחידה,1.00,יחידה,false,1,4.90,4.90,true,1,
7296073281702,false,מגבוני נ.טואלט למבוגרים,דינמיק תעשיות מגבונים,IL,מגבוני נייר לחים,יחידה,1.00,יחידה,false,1,12.10,12.10,true,1,
7296073282846,false,"מיכל 500 מ""ל+מכסה 5יחידו",,CN,"מיכל 500מ""ל",יחידה,1.00,יחידה,false,1,9.90,9.90,true,1,
7296073282853,false,מיכל 2.5ליטר+מכסה 2יחידו,,CN,מיכל 2.5ליטר,יחידה,1.00,יחידה,false,1,9.90,9.90,true,1,
7296073285274,false,מארז מזלגות שקופים עבים,.,CN,מזלגות שקופים,יחידה,1.00,יחידה,false,1,17.90,17.90,true,1,
7296073285281,false,מארז כפיות שקופות עבות,.,CN,כפיות שקופות,יחידה,1.00,יחידה,false,1,17.90,17.90,true,1,
7296073285298,false,מארז כפות שקופות עבות,.,CN,כפות שקופות,יחידה,1.00,יחידה,false,1,17.90,17.90,true,1,
7296073285397,false,נר נשמה 24 שעות יחידה,CANDLE ITBRIGHT,CN,נר נשמה 24 שעות,יחידה,1.00,יחידה,false,1,2.50,2.50,true,1,
7296073285403,false,נרות חימום בשקית 50 יח,CANDLE ITBRIGHT,CN,נרות חימום בשקית,יחידה,1.00,יחידה,false,1,11.90,11.90,true,1,
7296073285410,false,נרות חימום בשקית 100 יחי,CANDLE ITBRIGHT,CN,נרות חימום בשקית,יחידה,1.00,יחידה,false,1,21.90,21.90,true,1,
7296073285427,false,שקית אשפה ריחנית לפח קטן,אשפלסט,IL,שקיות אשפה,יחידה,1.00,יחידה,false,1,12.90,12.90,true,1,
7296073286011,false,אורז פרסי זיפר שופרסל1קג,ltd co produce Uthai,TH,אורז פרסי,קילוגרמים,1.00,"ק""ג",false,1,7.90,7.90,true,1,
7296073286035,false,"אורז תאילנדי זיפר 1 ק""ג",ltd co produce Uthai,TH,אורז תאילנדי,קילוגרמים,1.00,"ק""ג",false,1,6.50,6.50,true,1,
7296073286042,false,אורז יסמין זיפר שופרסל1ק,ltd co produce Uthai,TH,אורז יסמין,קילוגרמים,1.00,"ק""ג",false,1,10.90,10.90,true,1,
7296073286066,false,אורז בסמטי זיפר שופרסל1ק,SETIA LAL CHAMAN,IN,אורז בסמטי,קילוגרמים,1.00,"ק""ג",false,1,13.90,13.90,true,1,
7296073286349,false,שקיות אשפה חזקות L 55 יח,אשפלסט,IL,שקיות אשפה,יחידה,1.00,יחידה,false,1,19.90,19.90,true,1,
7296073286417,false,שק.אשפה חזקות גדולות60יח,אשפלסט,IL,שקיות אשפה 60 יח,יחידה,1.00,יחידה,false,1,20.90,20.90,true,1,
7296073286493,false,צמד פטריות פורטובלה ושמפ,מרינה פטריות,IL,צמד פטריות פורטו,גרמים,420.00,100 גרם,false,1,16.90,4.02,true,1,
7296073286509,false,פטריות שמפניון יחידה,,IL,פטריות שמפניון,גרמים,220.00,100 גרם,false,1,9.90,4.50,true,1,
7296073288756,false,תירס ארוז,קטיף.,IL,תירס ארוז,קילוגרמים,0.00,"ק""ג",true,1,9.90,9.90,true,1,
7296073289586,false,נייר סנדוויץ 100 יחידות,שניב,IL,נייר סנדוויץ,יחידה,1.00,יחידה,false,1,12.90,12.90,true,1,
7296073289715,false,מגבוני אף עדינים תינוק30,שופרסל,IL,מגבוני אף לתינוק,יחידה,1.00,יחידה,false,1,9.90,9.90,true,1,
7296073291077,false,משטחי החתלה שופרסל 10יח,PAKTEN,TR,משטחי החתלה,יחידה,1.00,יחידה,false,1,16.90,16.90,true,1,
7296073291916,false,ניוקי שופרסל 500גרם,ALIMENTARI CLEMME,IT,ניוקי שופרסל,גרמים,500.00,100 גרם,false,1,11.90,2.38,true,1,
7296073292012,false,אננס ראש שישיות שקיל,קטיף.,IL,אננס ראש,קילוגרמים,0.00,"ק""ג",true,1,29.90,29.90,true,1,
7296073292807,false,תפוח אדמה לבן גורמה,גידולי אגו,IL,"תפו""א זני השף",קילוגרמים,0.00,"ק""ג",true,1,7.90,7.90,true,1,
7296073292906,false,פירורי לחם מוזהב.זיפר350,מאפיית דוידוביץ ובניו בע,IL,פירורי לחם מוזהב,גרמים,350.00,100 גרם,false,1,7.50,2.14,true,1,
7296073294139,false,בזיליקום יחידה,,IL,בזיליקום,יחידה,1.00,יחידה,false,1,7.90,7.90,true,1,
7296073294214,false,פטרוזיליה יחידה,,IL,פטרוזליה,יחידה,1.00,יחידה,false,1,5.90,5.90,true,1,
7296073294221,false,כוסברה יחידה,,IL,כוסברה,יחידה,1.00,יחידה,false,1,5.90,5.90,true,1,
7296073294245,false,נענע יחידה,,IL,נענע,יחידה,1.00,יחידה,false,1,5.90,5.90,true,1,
7296073295655,false,"שוק.חלב ללת""ס שופרסל100ג",,IT,"שוקולד חלב ללת""ס",גרמים,100.00,100 גרם,false,1,9.90,9.90,true,1,
7296073295662,false,"שוק.מריר ללת""ס שופרסל100",,IT,שוקולד מריר ללתס,גרמים,100.00,100 גרם,false,1,9.90,9.90,true,1,
7296073296744,false,שמרים יבשים 500 גרם,,TR,שמרים יבשים,גרמים,500.00,100 גרם,false,1,14.90,2.98,true,1,
7296073298014,false,חטיפוני גזר 130גרם,,IL,חטיפוני גזר,גרמים,130.00,100 גרם,false,1,6.90,5.31,true,1,
7296073298021,false,חטיפוני גזר 350גרם,,IL,חטיפוני גזר,גרמים,350.00,100 גרם,false,1,12.90,3.69,true,1,
7296073298373,false,"חומץ מיין לבן 500 מ""ל",,ES,חומץ מיין לבן,מיליליטרים,500.00,"100 מ""ל",false,1,16.90,3.38,true,1,
7296073299226,false,עגבניות מרוסקות400*3ג,אמיליאנה קונסרב סוסייטה,IT,עגבניות מרוסקות,קילוגרמים,1.20,"ק""ג",false,1,15.90,13.25,true,1,
7296073320050,false,חסה רומית הידרופונית,יגור חקלאות ועסקים,IL,חסה רומית,גרמים,160.00,100 גרם,false,1,9.90,6.19,true,1,
7296073320081,false,"תפו""א למיקרו",,IL,"תפו""א למירקו",גרמים,700.00,100 גרם,false,1,6.90,0.99,true,1,
7296073320388,false,עלי בייבי 120גרם,,IL,עלי בייבי 120גרם,גרמים,120.00,100 גרם,false,1,10.90,9.08,true,1,
7296073320395,false,עלי תרד בייבי 200גרם,,IL,עלי תרד בייבי,גרמים,200.00,100 גרם,false,1,8.90,4.45,true,1,
7296073321521,false,מינוט אנטריקוט דק דק 300,בלדי,IL,מינוט אנטריקוטדק,גרמים,300.00,100 גרם,false,1,31.90,10.63,true,1,
7296073321729,false,תבנית נייר מלבנית 4יח' 2,,CN,תבנית נייר,יחידה,1.00,יחידה,false,1,9.50,9.50,true,1,
7296073322979,false,בוטנים מצופים קלויים50ג,ששון ושות'\ )ש.ת. תעשיות,IL,בוטנים אמריקאים,גרמים,50.00,100 גרם,false,1,2.50,5.00,true,1,
7296073323143,false,חסה סלנובה הידרופונית,יגור חקלאות ועסקים,IL,חסה סלנובה,גרמים,160.00,100 גרם,false,1,12.90,8.06,true,1,
7296073323181,false,ג'ל גילוח לעור רגיל 200מ,,GB,ג'ל גילוח,מיליליטרים,200.00,"100 מ""ל",false,1,12.90,6.45,true,1,
7296073323211,false,שקדים מולבנים טחונים100ג,ששון ושות)ש.ת תעשיות(,US,שקדים מולבנים,גרמים,100.00,100 גרם,false,1,13.90,13.90,true,1,
7296073323235,false,בוטנים גרוסים 100 גרם,,IL,בוטנים גרוסים,גרמים,100.00,100 גרם,false,1,5.90,5.90,true,1,
7296073323242,false,אגוזי מלך טחונים 100גרם,ששון ושות)ש.ת תעשיות(,IL,אגוז מלך 100גרם,גרמים,100.00,100 גרם,false,1,12.90,12.90,true,1,
7296073323259,false,פיסטוקים קלופים 100גרם,,US,פיסטוק קלוף 100ג,גרמים,100.00,100 גרם,false,1,22.90,22.90,true,1,
7296073323631,false,פריפלצת מחית מנגו בננ120,גו פרוסלבה,ES,מחית פירות,גרמים,120.00,100 גרם,false,1,4.90,4.08,true,1,
7296073323648,false,פריפלצת מחית בננ.תות120ג,גו פרוסלבה,ES,מחית פירות,גרמים,120.00,100 גרם,false,1,4.90,4.08,true,1,
7296073323655,false,פריפלצת מחית תפוח בננ120,גו פרוסלבה,ES,מחית פירות,גרמים,120.00,100 גרם,false,1,4.90,4.08,true,1,
7296073323662,false,פריפלצת מיקס פירות120ג,גו פרוסלבה,ES,מחית פירות,גרמים,120.00,100 גרם,false,1,4.90,4.08,true,1,
7296073323877,false,לחמניות מקמח מלא 6יחידות,מאפית ברמן,IL,6לחמניות קמח מלא,גרמים,450.00,100 גרם,false,1,12.90,2.87,true,1,
7296073325239,false,רדיד אלומיניום 16 מיקרון,,CN,רדיד אלומיניום,מטרים,60.00,מטר,false,1,29.00,0.48,true,1,
7296073328704,false,מיכל 1 ליטר 4 יחידות,,CN,מיכל 1 ליטר,יחידה,1.00,יחידה,false,1,7.90,7.90,true,1,
7296073328964,false,מברשת שיער שופרסל יח,,IL,מברשת שיער,יחידה,1.00,יחידה,false,1,24.90,24.90,true,1,
7296073342328,false,שקדים מולבנים פרוסים100ג,,US,שקד מולבן פרוס,גרמים,100.00,100 גרם,false,1,13.90,13.90,true,1,
7296073342335,false,שקדים מולבנים חצויים100ג,,US,שקדים מולבן חצוי,גרמים,100.00,100 גרם,false,1,13.90,13.90,true,1,
7296073342496,false,דלעת ארוזה,קטיף.,IL,דלעת ארוזה,קילוגרמים,0.00,"ק""ג",true,1,10.90,10.90,true,1,
7296073342915,false,פרושוטו בקר 80 גרם,מעדני יחיעם,IL,פרושוטו 80גרם,גרמים,80.00,100 גרם,false,1,18.90,23.63,true,1,
7296073342922,false,קורנביף 120 גרם,,IL,קורנביף 120גרם,גרמים,120.00,100 גרם,false,1,16.90,14.08,true,1,
7296073342939,false,סלמי צרפתי 120גרם,מעדני יחיעם,IL,סלמי צרפתי120גרם,גרמים,120.00,100 גרם,false,1,16.90,14.08,true,1,
7296073342946,false,סלמי סרוולט 120גרם,מעדני יחיעם,IL,סלמי סרוולט,גרמים,120.00,100 גרם,false,1,16.90,14.08,true,1,
7296073342953,false,כתף בקר מפולפל 100 גרם,מעדני יחיעם,IL,כתף בקר 100גרם,גרמים,100.00,100 גרם,false,1,18.90,18.90,true,1,
7296073343202,false,פריכיות כוסמת שופרסל160ג,פרח תעשיות מזון,IL,פריכיות כוסמת,גרמים,160.00,100 גרם,false,1,9.90,6.19,true,1,
7296073345763,false,טופו טעם טבעי 300 גרם,כפרי בריא משק ויילר,IL,טופו טעם טבעי,גרמים,300.00,100 גרם,false,1,12.50,4.17,true,1,
7296073346340,false,עוגות אישיות קרם שוקו350,קסליני,IT,עוגות אישיות,גרמים,350.00,100 גרם,false,1,14.90,4.26,true,1,
7296073346760,false,שקיות אשפה כתום 2 * 10יח,אשפלסט,IL,שקיות אשפה,יחידה,1.00,יחידה,false,1,22.90,22.90,true,1,
7296073346777,false,שקיות רב שימושיות 300 יח,אשפלסט,IL,שקיות רב שימושי,יחידה,1.00,יחידה,false,1,13.50,13.50,true,1,
7296073347453,false,פטרוזליה יחידה,תנובות לכיש,IL,פטרוזליה,יחידה,1.00,יחידה,false,1,4.90,4.90,true,1,
7296073347460,false,שמיר יחידה,תנובות לכיש,IL,שמיר,יחידה,1.00,יחידה,false,1,4.90,4.90,true,1,
7296073347477,false,כוסברה,תנובות לכיש,IL,כוסברה,יחידה,1.00,יחידה,false,1,4.90,4.90,true,1,
7296073347484,false,נענע,תנובות לכיש,IL,נענע,יחידה,1.00,יחידה,false,1,4.90,4.90,true,1,
7296073348023,false,שבבי שקדים מולבנים 100ג,,US,שבבי שקד מולבן,גרמים,100.00,100 גרם,false,1,13.90,13.90,true,1,
7296073352853,false,מפיות נייר חד שכבתי,,IL,מפיות חד שכבתי,יחידה,1.00,יחידה,false,1,7.90,7.90,true,1,
7296073359234,false,גרעיני תירס מתוק 340 גרם,,HU,גרעיני תירס מתוק,גרמים,340.00,100 גרם,false,1,5.90,1.74,true,1,
7296073362777,false,סלרי עלים,תנובות לכיש,IL,סלרי עלים,יחידה,1.00,יחידה,false,1,6.90,6.90,true,1,
7296073362784,false,סלרי ראש,תנובות לכיש,IL,סלרי ראש,יחידה,1.00,יחידה,false,1,6.90,6.90,true,1,
7296073362791,false,שורש פטרוזיליה,תנובות לכיש,IL,שורש פטרוזיליה,יחידה,1.00,יחידה,false,1,6.90,6.90,true,1,
7296073362807,false,פזיל / מנגולד יחידה,תנובות לכיש,IL,פזיל / מנגולד,יחידה,1.00,יחידה,false,1,6.90,6.90,true,1,
7296073362821,false,סב.ידיים בצבעי פסטל500*3,טאהא קימיה,TR,סבון ידיים 3 יח,ליטרים,1.50,ליטר,false,1,14.90,9.93,true,1,
7296073362944,false,אבקת אפיה שופרסל 10*10 י,,IL,אבקת אפיה 10 יח,גרמים,100.00,100 גרם,false,1,3.30,3.30,true,1,
7296073362951,false,סוכר וניל שופרסל 10*10גר,ר.ס-.חברה ליבוא וייצור מ,IL,סוכר וניל 10 יח,גרמים,100.00,100 גרם,false,1,3.40,3.40,true,1,
7296073362975,false,אבקת סוכר שופרסל 100 גרם,ר.ס-.חברה ליבוא וייצור מ,IL,אבקת סוכר,גרמים,100.00,100 גרם,false,1,2.50,2.50,true,1,
7296073363989,false,"סכיני גילוח חד""פ לאשה5יח",,US,"סכיני גילוח חד""פ",יחידה,1.00,יחידה,false,1,11.90,11.90,true,1,
7296073363996,false,"סכיני גילוח חד""פ לגבר5יח",,US,"סכיני גילוח חד""פ",יחידה,1.00,יחידה,false,1,11.90,11.90,true,1,
7296073364184,false,"שקיות סלייד 25*20 ס""מ 30",,CN,שקיות סלייד,יחידה,1.00,יחידה,false,1,13.90,13.90,true,1,
7296073364320,false,אפונה זיפר שופרסל 500גרם,מיה,IL,אפונה שופרסל,גרמים,500.00,100 גרם,false,1,6.50,1.30,true,1,
7296073364375,false,חיטה זיפר שופרסל 500 גרם,מיה,IL,חיטה,גרמים,500.00,100 גרם,false,1,6.00,1.20,true,1,
7296073364399,false,עדשים ירוקות זיפר 500גרם,,IL,עדשים ירוקות,גרמים,500.00,100 גרם,false,1,7.50,1.50,true,1,
7296073364429,false,שעועית לבנה זיפר 500 גרם,,IL,שעועית לבנה,גרמים,500.00,100 גרם,false,1,10.90,2.18,true,1,
7296073364573,false,פופקורן באריזת זיפר,מיה,IL,פופקורן,גרמים,500.00,100 גרם,false,1,5.90,1.18,true,1,
7296073364641,false,שעועית אדומה זיפר 500גרם,מיה,IL,שעועית אדומה,גרמים,500.00,100 גרם,false,1,10.20,2.04,true,1,
7296073367017,false,טונה שמן זית 80*3 גרם,,TH,טונה בשמן זית3יח,גרמים,240.00,100 גרם,false,1,14.90,6.21,true,1,
7296073367260,false,חטיף לכלב משקולות עוף 80,,CN,חטיף לכלב,גרמים,80.00,100 גרם,false,1,17.90,22.38,true,1,
7296073368465,false,פיצה מרגריטה 320 גרם,סוילה אס.אר.אל,IT,פיצה מרגריטה,יחידה,1.00,יחידה,false,1,17.90,17.90,true,1,
7296073368472,false,פיצה מרגריטה עם זיתים יר,סוילה אס.אר.אל,IT,פיצה מרגריטה עם,גרמים,340.00,100 גרם,false,1,17.90,5.26,true,1,
7296073368892,false,תערובת קדירה לקט חמין500,מיה,IL,לקט לחמין,גרמים,500.00,100 גרם,false,1,10.90,2.18,true,1,
7296073369592,false,תרסיס חיטוי וניקוי 750מל,,IL,תרסיס חיטוי כללי,מיליליטרים,750.00,"100 מ""ל",false,1,14.90,1.99,true,1,
7296073369639,false,ערמונים קלופים קלויים100,,CN,ערמונים קלופים,גרמים,100.00,100 גרם,false,1,6.90,6.90,true,1,
7296073372271,false,שמנת לבישול נ.לקטוז250מל,,IL,שמנת לבישול15%,מיליליטרים,250.00,"100 מ""ל",false,1,7.90,3.16,true,1,
7296073372288,false,שמנת להקצפה נ.לקטוז 250מ,,IL,שמנת להקצפה38%,מיליליטרים,250.00,"100 מ""ל",false,1,7.90,3.16,true,1,
7296073373476,false,ברוקולי ארוז,,IL,ברוקולי ארוז,גרמים,350.00,100 גרם,false,1,10.90,3.11,true,1,
7296073377214,false,חסה לבבות קיסר,ביכורי השדה הצפון בעמ` 1964,IL,חסה לבבות קיסר,גרמים,400.00,100 גרם,false,1,10.90,2.73,true,1,
7296073379683,false,אגוז מוסקט טחון 40 גרם,א.ל ייצור ושיווק תבלינים,IL,אגוז מוסקט טחון,גרמים,40.00,100 גרם,false,1,16.90,42.25,true,1,
7296073384434,false,קציצות סג.גפילטע פיש350ג,,IL,קציצות עם דגים,גרמים,350.00,100 גרם,false,1,14.90,4.26,true,1,
7296073384779,false,פריפלצת אגס גזר דלעת120,פרוסלה,ES,פריפלצת אגס גזר,גרמים,120.00,100 גרם,false,1,4.90,4.08,true,1,
7296073384786,false,פריפלצת גזר בטטה 120 גרם,פרוסלה,ES,פריפלצת גזר בטטה,גרמים,120.00,100 גרם,false,1,4.90,4.08,true,1,
7296073384793,false,פריפלצת דלעת בטטה 120ג,פרוסלה,ES,פריפלצת דלעת,גרמים,120.00,100 גרם,false,1,4.90,4.08,true,1,
7296073385769,false,פיסטוק קלוי וממולח 200ג,פיצוחי ציון,IL,פיסטוק קלוי,גרמים,200.00,100 גרם,false,1,23.90,11.95,true,1,
7296073386094,false,שקד קלוף קלוי וממולח200ג,פיצוחי ציון,IL,שקד קלוף קלוי,גרמים,200.00,100 גרם,false,1,18.90,9.45,true,1,
7296073386100,false,בוטן קלוף קלוי וממולח300,פיצוחי ציון,IL,בוטן קלוף קלוי,גרמים,300.00,100 גרם,false,1,11.90,3.96,true,1,
7296073386117,false,טבעות תפוח עץ יבש 150גרם,פיצוחי ציון,IL,"טבעות תפו""ע יבש",גרמים,150.00,100 גרם,false,1,15.90,10.60,true,1,
7296073386124,false,גרעין דלעת קלוי במלח200ג,פיצוחי ציון,IL,גרעין דלעת קלוי,גרמים,200.00,100 גרם,false,1,12.90,6.45,true,1,
7296073386131,false,אגוזי קשיו קלופים טבעיים,פיצוחי ציון,IL,אגוזי קשיו טבעי,גרמים,200.00,100 גרם,false,1,23.90,11.95,true,1,
7296073386148,false,גרעין חמניה קלוי וממולח,פיצוחי ציון,IL,גרעין חמניה קלוי,גרמים,150.00,100 גרם,false,1,7.80,5.20,true,1,
7296073386247,false,עלי גפן ממולא.אורז 400 ג,אגה אזיר איסק סאניי,TR,עלי גפן ממולאים,גרמים,400.00,100 גרם,false,1,8.70,2.18,true,1,
7296073386414,false,נוזל לניקוי חלונות 1ליטר,,IL,נוזל לחלונות,ליטרים,1.00,ליטר,false,1,8.90,8.90,true,1,
7296073386957,false,נשיקות ללא גלוטן 100גרם,אשבל מזון פונקציונלי בע\,IL,"נשיקות לל""ג גרין",גרמים,100.00,100 גרם,false,1,22.90,22.90,true,1,
7296073388531,false,ביצי הפתעה 20*3ג LOL,,IT,ביצי הפתעה LOL,גרמים,60.00,100 גרם,false,1,13.90,23.17,true,1,
7296073388548,false,ביצי הפתעה PJMASK 20*3ג,,IT,ביצי הפתעה PJ,גרמים,60.00,100 גרם,false,1,13.90,23.17,true,1,
7296073389163,false,מטבעות שוקולד חלב 36 גרם,"כרמית תעשיות ממתקים בע""\",IL,מטבעות שוקולד,גרמים,36.00,100 גרם,false,1,3.90,10.83,true,1,
7296073390282,false,כדור מוצרלה שופרסל 200 ג,,IL,כדור מוצרלה,גרמים,200.00,100 גרם,false,1,8.90,4.45,true,1,
7296073390329,false,גבינת שמנת25% שופרסל200ג,,IL,גבינת שמנת,גרמים,200.00,100 גרם,false,1,10.90,5.45,true,1,
7296073390534,false,מטען קיר ראש כפול 2.1A,,CN,מטען קיר ראש,יחידה,1.00,יחידה,false,1,29.90,29.90,true,1,
7296073390558,false,מטען קיר כפול אפל 2.1A,,CN,מטען קיר כפול,יחידה,1.00,יחידה,false,1,49.90,49.90,true,1,
7296073390619,false,כבל 1.2M Type-C,,CN,כבל Type-C,יחידה,1.00,יחידה,false,1,19.90,19.90,true,1,
7296073390657,false,כבל אייפון 1.2M,,CN,כבל אייפון 1.2m,יחידה,1.00,יחידה,false,1,19.90,19.90,true,1,
7296073390916,false,שווארמה מג'דרה 550 גרם,סי.אי.פי מבוא חורון,IL,שווארמה מג'דרה,גרמים,550.00,100 גרם,false,1,37.90,6.89,true,1,
7296073390930,false,עוף סצ'ואן שופרסל 550 גר,סי.אי.פי מבוא חורון,IL,עוף סצ'ואן,גרמים,550.00,100 גרם,false,1,37.90,6.89,true,1,
7296073391654,false,מגבונים לחיטוי וניקוי50י,טרופיקל דגיל,IL,מגבונים לניקוי,יחידה,1.00,יחידה,false,1,14.90,14.90,true,1,
7296073392934,false,נייר טואלט גליל כפול24יח,,IL,נייר טואלט 24 גל,מטרים,860.00,100 מטר,false,1,46.90,5.45,true,1,
7296073393610,false,נוזל כלים 24% לימון 750מ,קומפלקס כימיקלים בעמ,IL,נוזל כלים לימון,מיליליטרים,750.00,"100 מ""ל",false,1,10.90,1.45,true,1,
7296073394662,false,אבוקדו בשל מוכן לאכילה,"מור בריאות בע""מ",IL,אבוקדו בשל,יחידה,1.00,יחידה,false,1,9.90,9.90,true,1,
7296073395195,false,טונה זהובה בשמן זית 190ג,,ES,טונה בשמן זית,גרמים,190.00,100 גרם,false,1,24.90,13.11,true,1,
7296073396819,false,אייס קפה קר אספרסו 250מ,ברגלנד מילך,AT,אייס קפה אספרסו,מיליליטרים,250.00,"100 מ""ל",false,1,6.60,2.64,true,1,
7296073396833,false,אייס קפה קר קפוצינו 250מ,ברגלנד מילך,AT,אייס קפה קפוצינו,מיליליטרים,250.00,"100 מ""ל",false,1,6.60,2.64,true,1,
7296073396840,false,לימון בלאדי,א.ל. ייצור ושיווק תבליני,IL,לימון בלאדי,גרמים,250.00,100 גרם,false,1,13.90,5.56,true,1,
7296073396857,false,אריסה מתוקה שופרסל 250 ג,א.ל. ייצור ושיווק תבליני,IL,אריסה מתוקה,גרמים,250.00,100 גרם,false,1,13.90,5.56,true,1,
7296073396864,false,סלט חזרת,א.ל. ייצור ושיווק תבליני,IL,סלט חזרת,גרמים,250.00,100 גרם,false,1,13.90,5.56,true,1,
7296073396888,false,אריסה מרוקאית שופרסל250ג,תבליני ביטון יוחאי,IL,אריסה חריפה,גרמים,250.00,100 גרם,false,1,13.90,5.56,true,1,
7296073397403,false,מקל מחוזק אפור/אדום יחיד,ד.ג.ש ייבוא ושיווק בעמ,IT,מקל מחוזק,יחידה,1.00,יחידה,false,1,5.90,5.90,true,1,
7296073397908,false,שבבי פקאן טבעי 100גרם,,ZA,שבבי פקאן טבעי,גרמים,100.00,100 גרם,false,1,13.90,13.90,true,1,
7296073398158,false,תפוחונים גרין1+5מארז132ג,,CN,תפוחונים מארז6יח,גרמים,132.00,100 גרם,false,1,18.90,14.32,true,1,
7296073398646,false,סלט טונה עם ירקות 250 גר,,IL,סלט טונה,גרמים,250.00,100 גרם,false,1,19.90,7.96,true,1,
7296073398660,false,סלט חציל תאילנדי 250 גרם,,IL,סלט חציל תאילנדי,גרמים,250.00,100 גרם,false,1,13.90,5.56,true,1,
7296073398684,false,חציל במיונז שופרסל 250 ג,,IL,סלט במיונז,גרמים,250.00,100 גרם,false,1,12.90,5.16,true,1,
7296073398691,false,חומוס אבו גוש שופרסל 250,,IL,חומוס אבו גוש,גרמים,250.00,100 גרם,false,1,12.90,5.16,true,1,
7296073398707,false,חומוס מסבחה שופרסל 250 ג,,IL,חומוס מסבחה,גרמים,250.00,100 גרם,false,1,12.90,5.16,true,1,
7296073398837,false,קפסולות לונגו8 נספרסו50ג,DELICA,CH,קפסולות לונגו,גרמים,50.00,100 גרם,false,1,15.90,31.80,true,1,
7296073398912,false,דלי פייה יחידה,ד.ג.ש ייבוא ושיווק בעמ,IT,דלי פייה,יחידה,1.00,יחידה,false,1,11.90,11.90,true,1,
7296073398936,false,מגב לחלון יחידה,TYF סחר,IT,מגב לחלון,יחידה,1.00,יחידה,false,1,8.00,8.00,true,1,
7296073398998,false,שמינייה סוללות AA,בסט סין,CN,שמינייה סוללות,יחידה,1.00,יחידה,false,1,16.90,16.90,true,1,
7296073399001,false,שמינייה סוללות AAA,בסט סין,CN,שמינייה סוללות,יחידה,1.00,יחידה,false,1,16.90,16.90,true,1,
7296073399544,false,חלב נטול לקטוז2% 1 ליטר,מחלבות רמת הגולן,IL,חלב נטול לקטוז,ליטרים,1.00,ליטר,false,1,8.90,8.90,true,1,
7296073400004,false,"שמנת לבישול 15% 500 מ""ל",מחלבות רמת הגולן,IL,שמנת לבישול,מיליליטרים,500.00,"100 מ""ל",false,1,14.50,2.90,true,1,
7296073400103,false,מטאטא אנטי שוק יחידה,מיקסליר,IT,מטאטא,יחידה,1.00,יחידה,false,1,21.90,21.90,true,1,
7296073400110,false,מטאטא יח,מיקסליר,IT,מטאטא,יחידה,1.00,יחידה,false,1,19.90,19.90,true,1,
7296073400141,false,יעה יח,נינגבו ארט,CN,יעה,יחידה,1.00,יחידה,false,1,5.90,5.90,true,1,
7296073400172,false,יעה+מקל מתקפל יח,מיקסליר,IT,יעה+מקל מתקפל יח,יחידה,1.00,יחידה,false,1,14.90,14.90,true,1,
7296073400219,false,מקל 1.3 מטר יח,מיקסליר,IT,מקל 1.3 מטר יח,יחידה,1.00,יחידה,false,1,6.90,6.90,true,1,
7296073401063,false,שמן חמניות 1 ליטר,ברוקלמן,DE,שמן חמניות,ליטרים,1.00,ליטר,false,1,13.90,13.90,true,1,
7296073401568,false,סלט טחינה שופרסל 250 גרם,"סלטי שמיר 2006 בע""\מ",IL,סלט טחינה,גרמים,250.00,100 גרם,false,1,12.90,5.16,true,1,
7296073401575,false,חומוס מסעדות שופרסל250ג,"סלטי שמיר 2006 בע""\מ",IL,חומוס מסעדות,גרמים,250.00,100 גרם,false,1,12.90,5.16,true,1,
7296073403159,false,סבון לאסלה אורנים 50*3גר,רנקסן,TR,סבון לאסלה,גרמים,3.00,100 גרם,false,1,10.90,363.33,true,1,
7296073404279,false,צלחות גדולות חד פעמיות,,GR,צלחות גדולות,קילוגרמים,1.00,"ק""ג",false,1,44.90,44.90,true,1,
7296073405481,false,שקיות אשפה חזקות XL 25,,IL,שקיות אשפה,יחידה,1.00,יחידה,false,1,22.90,22.90,true,1,
7296073405498,false,שקיות אשפה חזקות גדולות,,IL,שקיות אשפה,יחידה,1.00,יחידה,false,1,21.90,21.90,true,1,
7296073408789,false,מלבי חלבי 2 * 160 גרם,,IL,מלבי חלבי 2 יח',גרמים,320.00,100 גרם,false,1,12.90,4.03,true,1,
7296073408895,false,כפפות S לטקס 100,WEIFANG,CN,כפפות לטקס,יחידה,1.00,יחידה,false,1,29.90,29.90,true,1,
7296073408918,false,כפפות L לטקס 100,WEIFANG,CN,כפפות לטקס,יחידה,1.00,יחידה,false,1,29.90,29.90,true,1,
7296073408925,false,כפפות XL לטקס100יח,WEIFANG,CN,כפפות לטקס,יחידה,1.00,יחידה,false,1,29.90,29.90,true,1,
7296073409670,false,גב.עיזים פרוס שופרסל150ג,B.V KAAS HAZELEGER,NL,גבינת עיזים,גרמים,150.00,100 גרם,false,1,21.90,14.60,true,1,
7296073409731,false,צמד פטריות שמפניון,מרינה,IL,צמד פטריות,גרמים,420.00,100 גרם,false,1,16.90,4.02,true,1,
7296073409885,false,מגשית פטרוזיליה שופרסל,דורות,IL,מגשית פטרוזיליה,גרמים,70.00,100 גרם,false,1,10.90,15.57,true,1,
7296073410379,false,ביצים חופש L שופרסל 12יח,מ.לסר,,ביצים חופש 12יחL,יחידה,1.00,יחידה,false,0,21.50,21.50,true,1,
7296073410423,false,ביצים אומגהL שופרסל 12יח,מ.לסר,,ביצים אומגה12יחL,יחידה,1.00,יחידה,false,0,23.50,23.50,true,1,
7296073413233,false,חסה עגולה ארוזה,"משק אסף פרחי בע""מ",IL,חסה עגולה,גרמים,200.00,100 גרם,false,1,7.90,3.95,true,1,
7296073413257,false,חסה לבבות,"משק אסף פרחי בע""מ",IL,חסה לבבות,גרמים,350.00,100 גרם,false,1,10.90,3.11,true,1,
7296073413424,false,צנונית,חבל מעון,IL,צנונית,גרמים,400.00,100 גרם,false,1,6.90,1.73,true,1,
7296073413929,false,קינואה אדומה זיפר 500 גר,מיה,IL,קינואה אדומה,גרמים,500.00,100 גרם,false,1,13.90,2.78,true,1,
7296073414094,false,אטבי כביסה מסיליקון 24יח,נינגבו ארט,CN,אטבי כביסה 24 יח,יחידה,1.00,יחידה,false,1,20.00,20.00,true,1,
7296073414278,false,עגבניות חתוכות דק 400*3ג,פריניר,IL,עגבניות חתוכות3*,קילוגרמים,1.20,"ק""ג",false,1,12.90,10.75,true,1,
7296073414759,false,שמנת מתוקה24%להקצפה250מל,מחלבת רמת-הגולן,IL,שמנת מתוקה,מיליליטרים,250.00,"100 מ""ל",false,1,6.30,2.52,true,1,
7296073414971,false,נוזל כלים פרחי בר 1ליטר,,IL,נוזל כלים פרח בר,ליטרים,1.00,ליטר,false,1,11.90,11.90,true,1,
7296073415114,false,מגני תחתון נורמל 60 יח,קוראטקס,DE,מגני תחתון B,יחידה,1.00,יחידה,false,1,13.90,13.90,true,1,
7296073415121,false,מגני תחתון לארג' 52 יחיד,קוראטקס,DE,מגני תחתון B,יחידה,1.00,יחידה,false,1,13.90,13.90,true,1,
7296073415558,false,שניצל תירס צמחוני 750 גר,"טיבון ויל אחזקות בע""\מ",IL,שניצל תירס צמחונ,גרמים,750.00,100 גרם,false,1,21.90,2.92,true,1,
7296073416036,false,פופקורן בטעם חמאה100*5גר,AST נובולוג,BG,פופקורן למיקרוגל,גרמים,500.00,100 גרם,false,1,12.90,2.58,true,1,
7296073417422,false,מלפפון בייבי,משק גל,IL,מלפפון בייבי,גרמים,350.00,100 גרם,false,1,10.90,3.11,true,1,
7296073417439,false,קישוא זוקיני,משק גל,IL,קישוא זוקיני,קילוגרמים,0.00,"ק""ג",true,1,12.90,12.90,true,1,
7296073420675,false,ביצי הפתעה יוניקורן20*3ג,SPA ZAINI LUIGI,IT,ביצי הפתעה יוניק,גרמים,60.00,100 גרם,false,1,13.90,23.17,true,1,
7296073420699,false,קיסמי אוזניים מעץ 300 יח,PRODUC UES DAILY JIEYANG,CN,קיסמי אוזניים מע,יחידה,1.00,יחידה,false,1,6.90,6.90,true,1,
7296073421702,false,"מגב פטנט 40 ס""מ יחידה",מיקסליר,IT,"מגב פטנט 40 ס""מ",יחידה,1.00,יחידה,false,1,24.90,24.90,true,1,
7296073421719,false,"מגב רצפה 40ס""מ יחידה",מיקסליר,IT,"מגב רצפה 40ס""מ",יחידה,1.00,יחידה,false,1,10.90,10.90,true,1,
7296073421801,false,גבינת פרמזן30% 200ג שופר,אמברוסי,IT,גבינת פרמזן,גרמים,200.00,100 גרם,false,1,25.90,12.95,true,1,
7296073421825,false,גרנה פדנו29%שופרסל200ג,אמברוסי,IT,גרנה פדנו,גרמים,200.00,100 גרם,false,1,26.90,13.45,true,1,
7296073421832,false,גרנה פדנו מגורדת29% 100ג,אמברוסי,IT,גרנה פדנו מגורדת,גרמים,100.00,100 גרם,false,1,12.90,12.90,true,1,
7296073422211,false,שעועית ירוקה טרייה שטופה,גיזרונים,IL,שעועית ירוקה טרי,גרמים,410.00,100 גרם,false,1,15.90,3.88,true,1,
7296073422617,false,נבטי אלפלפא 120גרם,נבטי איילון,IL,נבטי אלפלפא,גרמים,120.00,100 גרם,false,1,7.90,6.58,true,1,
7296073422624,false,נבטי חמניות 150גרם,נבטי איילון,IL,נבטי חמניות,גרמים,150.00,100 גרם,false,1,8.90,5.93,true,1,
7296073422655,false,נבטים סיניים 220גרם,נבטי איילון,IL,נבטים סיניים,גרמים,220.00,100 גרם,false,1,7.90,3.59,true,1,
7296073422693,false,אנדיב / עולש,חוות תקוע,IL,אנדיב / עולש,גרמים,220.00,100 גרם,false,1,12.90,5.86,true,1,
7296073423126,false,לקט עלי סלנובה ועלי בייב,"פרסקו חצבה 2006 בע""\מ",IL,לקטסלנובה ובייבי,גרמים,200.00,100 גרם,false,1,12.90,6.45,true,1,
7296073423645,false,פתי בר שופרסל 300 גרם,BV BISCUIT PALLY,NL,פתי בר,גרמים,300.00,100 גרם,false,1,4.90,1.63,true,1,
7296073426592,false,עוג.ללא גלוטן שוקו150ג,,IT,עוגיות ללא גלוטן,גרמים,150.00,100 גרם,false,1,12.90,8.60,true,1,
7296073426608,false,עוג.ללא גלוטן לימון150ג,,IT,עוגיות ללא גלוטן,גרמים,150.00,100 גרם,false,1,12.90,8.60,true,1,
7296073428503,false,אקונומיקה בישום עוצמתי4ל,סאסאטק,IL,אקונומיקה מבושמת,ליטרים,4.00,ליטר,false,1,16.90,4.23,true,1,
7296073440109,false,קפסולות לכביסה 36 יחידות,גליל כימיקלים בעמ,IL,קפסולות לכביסה,יחידה,1.00,יחידה,false,1,34.90,34.90,true,1,
7296073441335,false,פריכיות אורז מלא 110 גרם,"פרח תעשיות מזון בע""\מ",IL,פריכיות אורז מלא,גרמים,110.00,100 גרם,false,1,6.90,6.27,true,1,
7296073441861,false,ספריי להסרת שומנים750מל,זוהר דליה,IL,ספריי לשומנים,מיליליטרים,750.00,"100 מ""ל",false,1,15.90,2.12,true,1,
7296073442349,false,סילאן טבעי לחיץ שופר840ג,"טעמי הגליל בע""\מ",IL,סילאן לחיץ,גרמים,840.00,100 גרם,false,1,22.90,2.73,true,1,
7296073442967,false,מלפפון בייבי,גונן שדה,IL,מלפפון בייבי,גרמים,350.00,100 גרם,false,1,10.90,3.11,true,1,
7296073447917,false,מגבונים לחיטוי וניקוי400,סאסאטק,IL,מגבונים לחיטוי,יחידה,1.00,יחידה,false,1,32.90,32.90,true,1,
7296073448129,false,חטיף ש.שועל+מייפל42*5ג,"אפקטבעי בע""\מ",IL,חטיף שבולת שועל,גרמים,210.00,100 גרם,false,1,13.90,6.62,true,1,
7296073448204,false,מגב חלונות,פולסוס,CN,מגב חלונות,יחידה,1.00,יחידה,false,1,10.90,10.90,true,1,
7296073449881,false,מגבות נייר גליל כפול 6יח,שניב תעשיות נייר,IL,מגבות נייר,מטרים,130.00,מטר,false,1,19.90,0.15,true,1,
7296073451976,false,ממרח עגבניות שופרסל,"פרסקו חצבה 2006 בע""\מ",IL,ממרח עגבניות שופ,גרמים,180.00,100 גרם,false,1,14.90,8.28,true,1,
7296073452577,false,מרשמלו ורוד לבן 180 גרם,"כרמית מזון בע""\מ",IL,מרשמלו ורוד לבן,גרמים,180.00,100 גרם,false,1,6.90,3.83,true,1,
7296073454076,false,שוקולד מריר 69% קקאו100ג,"שוקולד פריי בע""מ",CH,שוקולד פרימיום,גרמים,100.00,100 גרם,false,1,10.90,10.90,true,1,
7296073454434,false,זית קלמטה גדול מגולען70ג,מניופקטר,GR,זיתים קלמטה,גרמים,70.00,100 גרם,false,1,6.90,9.86,true,1,
7296073454885,false,נייר אפייה 100יח 38X42סמ,,PL,נייר אפייה,יחידה,1.00,יחידה,false,1,21.90,21.90,true,1,
7296073457268,false,שוקולד חלב+נוגט וקרמל100,דליקה,CH,שוקולד חלב,גרמים,100.00,100 גרם,false,1,6.20,6.20,true,1,
7296073457992,false,שורש גינגר טרי ארוז,POMMER,IL,שורש גינגר טרי,גרמים,250.00,100 גרם,false,1,10.90,4.36,true,1,
7296073459309,false,ציפס בטטה זיגזג שופרסל,"תעשיות תפוגן בע""\מ",IL,ציפס בטטה זיגזג,גרמים,500.00,100 גרם,false,1,17.90,3.58,true,1,
7296073472797,false,"קמח חיטה לבן מנופה 1 ק""ג","שטיבל בע""\מ",IL,קמח לבן מנופה,קילוגרמים,1.00,"ק""ג",false,1,7.90,7.90,true,1,
7296073472896,false,"קמח כוסמין מנופה 1 ק""ג","שטיבל בע""\מ",IL,קמח כוסמין מנופה,קילוגרמים,1.00,"ק""ג",false,1,13.90,13.90,true,1,
7296073473473,false,מברשת לשירותים יחידה,TYF סחר,CN,מברשת לשירותים,יחידה,1.00,יחידה,false,1,5.90,5.90,true,1,
7296073473497,false,בולגרית מעודנת 5% 250 גר,מחלבות רמת הגולן,IL,בולגרית מעודנת,גרמים,250.00,100 גרם,false,1,18.90,7.56,true,1,
7296073473657,false,שקדי מרק ללא גלוטן 200 ג,"חיים טובים מזון בע""\מ",IL,שקדי מרק ל.גלוטן,גרמים,200.00,100 גרם,false,1,13.90,6.95,true,1,
7296073473909,false,תרסיס שמן קנולה שופר150מ,מאנפקטור,ES,תרסיס שמן,מיליליטרים,150.00,"100 מ""ל",false,1,15.90,10.60,true,1,
7296073484189,false,שמן קנולה לא מזוכך 750מל,ברוקלמן,DE,שמן קנולה,ליטרים,0.75,ליטר,false,1,14.90,19.87,true,1,
7296073484240,false,שקיות אוכל 150*2 יחידות,אשפלסט,IL,שקיות אוכל זוג,יחידה,1.00,יחידה,false,1,11.90,11.90,true,1,
7296073484417,false,ביצים אומגה L שופרסל 6יח,ביו אומגה,IL,ביצים אומגה6יח L,יחידה,1.00,יחידה,false,1,14.90,14.90,true,1,
7296073485612,false,גרנולה עם זרעי פשתן300 ג,"אפקטבעי בע""\מ",IL,גרנולה זרעי פשתן,גרמים,300.00,100 גרם,false,1,17.90,5.97,true,1,
7296073485629,false,גרנולה בתוספת גרעינים300,"אפקטבעי בע""\מ",IL,גרנולה בתוספת,גרמים,300.00,100 גרם,false,1,17.90,5.97,true,1,
7296073496090,false,חט.פריכונים עם דבש80גרם,NETHERLANDS SANORICE,BE,חטיפי פריכונים,גרמים,80.00,100 גרם,false,1,7.50,9.38,true,1,
7296073513629,false,מגבוני ניקוי עם חומץ50יח,עלבד,IL,מגבוני ניקוי,יחידה,1.00,יחידה,false,1,9.90,9.90,true,1,
7296073513643,false,מגבונים לניקוי פרקט10יח,עלבד,IL,מגבונים לפרקט,יחידה,1.00,יחידה,false,1,11.90,11.90,true,1,
7296073514848,false,שזיף מגולען באריזת זיפר,PEYMAN,TR,שזיף מגולען,גרמים,200.00,100 גרם,false,1,14.90,7.45,true,1,
7296073514855,false,משמש מיובש באריזת זיפר,PEYMAN,TR,משמש מיובש,גרמים,200.00,100 גרם,false,1,14.90,7.45,true,1,
7296073515128,false,סירופ סילאן לחיץ 360 גרם,"טעמי הגליל בע""\מ",IL,סילאן בקבוק לחיץ,גרמים,360.00,100 גרם,false,1,13.40,3.72,true,1,
7296073515241,false,פרמג'יאנו רג'יאנו 150 גר,פורגרנה,IT,פרמג'יאנו רגיאנו,גרמים,150.00,100 גרם,false,1,28.90,19.27,true,1,
7296073515623,false,גבינה צהובה 28% 200 גרם,MLEKOVITA,PL,גבינה צהובה,גרמים,200.00,100 גרם,false,1,6.60,3.30,true,1,
7296073515630,false,גבינה צהובה 28% 400 גרם,MLEKOVITA,PL,גבינה צהובה,גרמים,400.00,100 גרם,false,1,13.20,3.30,true,1,
7296073515746,false,מלבי שמנת 150*2גרם,עדן קינוחים,IL,מלבי שמנת,גרמים,300.00,100 גרם,false,1,12.90,4.30,true,1,
7296073516163,false,גליל עיזים זית שופרסל180,"שלושת האופים בע""\מ",IL,גליל גבינת עיזים,גרמים,180.00,100 גרם,false,1,22.90,12.72,true,1,
7296073516194,false,בזיליקום 100 גרם,בשמת,IL,בזיליקום,גרמים,100.00,100 גרם,false,1,9.90,9.90,true,1,
7296073526421,false,דובדבנים אורגניים מיובש,SERENA,BG,דובדבנים אורגניי,גרמים,100.00,100 גרם,false,1,21.90,21.90,true,1,
7296073527282,false,תירוש מיץ ענבים אדום750מ,כרם מהדרין,IL,תירוש מיץ ענבים,מיליליטרים,750.00,"100 מ""ל",false,1,13.90,1.85,true,1,
7296073527367,false,שזיף מגולען 250גרם,ששון,US,שזיף מגולען,גרמים,250.00,100 גרם,false,1,18.90,7.56,true,1,
7296073527374,false,גבינת גאודה מגורדת 400גר,ויליפוד,IL,גאודה מגורדת,גרמים,400.00,100 גרם,false,1,25.90,6.48,true,1,
7296073530091,false,קורנפלור 200 גרם,מיה,IL,קורנפלור 200 גרם,גרמים,200.00,100 גרם,false,1,4.00,2.00,true,1,
7296073531333,false,דגני בוקר בטעם נוגט686ג,"נטורל קייקס בע""\מ",IL,דגני בוקר נוגט,גרמים,686.00,100 גרם,false,1,19.90,2.90,true,1,
7296073531340,false,דגני בוקר בטעם וניל686ג,"נטורל קייקס בע""\מ",IL,דגני בוקר וניל,גרמים,686.00,100 גרם,false,1,19.90,2.90,true,1,
7296073552796,false,רביולי גבינות קפוא 330 ג,זוקה,IL,רביולי גבינות,גרמים,330.00,100 גרם,false,1,22.90,6.94,true,1,
7296073552994,false,ריזוטו ים תיכוני 280 גרם,טרויג'אנו,ES,ריזוטו ים תיכוני,גרמים,280.00,100 גרם,false,1,14.90,5.32,true,1,
7296073553069,false,קבב אנגוס 400 גרם,"טיבון ויל אחזקות בע""\מ",IL,קבב אנגוס,גרמים,400.00,100 גרם,false,1,24.90,6.23,true,1,
7296073553083,false,המבורגר אנגוס 400 גרם,"טיבון ויל אחזקות בע""\מ",IL,המבורגר אנגוס,גרמים,400.00,100 גרם,false,1,24.90,6.23,true,1,
7296073553274,false,טורטיה חיטה 320 גרם,דליברדס יורופ,ES,טורטיה חיטה,גרמים,320.00,100 גרם,false,1,9.90,3.09,true,1,
7296073565567,false,קצפיות מרנג טעם תות 180ג,"אחדות ביח""ר לטחינה",IL,קצפיות מרנג תות,גרמים,180.00,100 גרם,false,1,13.90,7.72,true,1,
7296073579106,false,גליל עזים 120 גרם,"מחלבת טבע עז בע""\מ",IL,גליל עזים,גרמים,120.00,100 גרם,false,1,21.90,18.25,true,1,
7296073579113,false,גליל עזים בציפוי זעתר120,"מחלבת טבע עז בע""\מ",IL,גליל עזים זעתר,גרמים,120.00,100 גרם,false,1,21.90,18.25,true,1,
7296073579120,false,גליל עזים בציפוי פלפל120,"מחלבת טבע עז בע""\מ",IL,גליל עזים פלפל,גרמים,120.00,100 גרם,false,1,21.90,18.25,true,1,
7296073579731,false,צלחת PP לבן 40 יחידות,,CN,צלחת חד פעמית,יחידה,1.00,יחידה,false,1,25.00,25.00,true,1,
7296073579755,false,צלחת PP קרם 40 יחידות,,CN,צלחת חד פעמית,יחידה,1.00,יחידה,false,1,25.00,25.00,true,1,
7296073590835,false,חסה לבבות קיסר יחידה,"פרסקו חצבה 2006 בע""\מ",IL,חסה לבבות קיסר,גרמים,280.00,100 גרם,false,1,10.90,3.89,true,1,
7296073592532,false,ליצ'י שלם בסירופ קל 567ג,זנגזו גנגשנג קנד פודס,CN,ליצ'י שלם בסירופ,גרמים,567.00,100 גרם,false,1,8.90,1.57,true,1,
7296073592563,false,עגבניות חתוכות ליבאטו400,דאביה ספא מנפקטור,IT,עגבניות חתוכות,גרמים,400.00,100 גרם,false,1,7.90,1.98,true,1,
7297084000771,false,"צלחות דקל מרובעת 20 ס""מ",,IN,צלחת דקל,יחידה,1.00,יחידה,false,1,15.90,15.90,true,1,
7312040017683,false,מארז אבסולוט רגיל(וודקה {}{700 עם כוס,טמפו משקאות בע`מ,SE,וודקה אבסולוט,מיליליטרים,700.00,"100 מ""ל",false,0,64.90,9.27,true,1,
7394376616778,false,אוטלי משקה שיבולת שועל להקצפה בריסטה 1 ליטר,ש. שסטוביץ בע`מ,SE,משקה שיבולת שועל,ליטרים,1.00,ליטר,false,1,16.90,16.90,true,1,
7500162900000,false,"בירה סול בקבוק 330 מ""ל",פארייפאבה אגרואינדוס,NL,בירה סול,מיליליטרים,330.00,"100 מ""ל",false,1,10.90,3.30,true,1,
7501013101348,false,"ג'ומקס מנגו בקבוק 473 מ""ל תריסר",חומקס קומר קומרסאליזדורה,MX,משקה ג'ומקס מנגו,מיליליטרים,473.00,"100 מ""ל",false,1,8.60,1.82,true,1,
7501013101362,false,"נקטר בטעם קוקוס ואננס 500 מ""ל JUMEX",חומקס קומר קומרסאליזדורה,MX,משקה קוקוס אננס,מיליליטרים,473.00,"100 מ""ל",false,1,8.60,1.82,true,1,
7501013101393,false,"ג'ומקס אננס בקבוק 473 מ""ל תריסר",חומקס קומר קומרסאליזדורה,MX,משקה ג'ומקס אננס,מיליליטרים,473.00,"100 מ""ל",false,1,8.60,1.82,true,1,
7501013122039,false,ג'ומקס מיץ מנגו קרטונית ליטר תריסר,חומקס קומר קומרסאליזדורה,MX,משקה ג'ומקס מנגו,ליטרים,1.00,ליטר,false,1,11.10,11.10,true,1,
7501013122114,false,ג'ומקס מיץ אננס קרטונית ליטר תריסר,חומקס קומר קומרסאליזדורה,MX,משקה ג'ומקס אננס,ליטרים,1.00,ליטר,false,1,11.10,11.10,true,1,
7501013122992,false,ג'ומקס מיץ קוקוס אננס קרטונית ליטר תריסר,חומקס קומר קומרסאליזדורה,MX,משקה קוקוס אננס,ליטרים,1.00,ליטר,false,1,11.10,11.10,true,1,
7501049936945,false,"בירה סול שישייה בקבוק 330 מ""ל",פארייפאבה אגרואינדוס,NL,בירה סול 6 יח',ליטרים,1.98,ליטר,false,1,32.90,16.61,true,1,
7501064191398,false,שישיית בירה קורונה אקסטרא *355 מל,קריניציה ויטמינה אס,MX,בירה קורונה 6 יח,ליטרים,2.13,ליטר,false,1,44.90,21.08,true,1,
7610023050215,false,פמיליה קראנץ' איקס תערובת דגנים פריכים בתוספת צימוקים ואגוזי לוז 500 גרם,פמיליה familia,CH,קרנצ' X דגנים,גרמים,500.00,100 גרם,false,0,26.00,5.20,true,1,
7610113000175,false,"רום בקרדי מוחיטו 700 מ""ל",בקרדי מרטיני,DE,בקרדי מוחיטו,מיליליטרים,700.00,"100 מ""ל",false,1,89.90,12.84,true,1,
7610400014649,false,לינדור קוביות במילוי קרם שוקולד חלב 100 גרם,לינדט ושפרונגלי קילשברג,CH,שוקולד לינדט,גרמים,100.00,100 גרם,false,0,18.00,18.00,true,1,
7610400075770,false,לינדט לה גרנד שוקולד מריר אגוז 150 גרם,לינדט ושפרונגלי קילשברג,CH,שוקולד לגרנד,גרמים,150.00,100 גרם,false,1,24.90,16.60,true,1,
7610400075787,false,לינדט לה גרנד שוקולד חלב אגוז 150 גרם,לינדט ושפרונגלי קילשברג,CH,שוקולד לגרנד,גרמים,150.00,100 גרם,false,1,24.90,16.60,true,1,
7610400091060,false,שוקולד מריר לינדט אקסלנס בתוספת תפוז ושקדים,לינדט ושפרונגלי קילש,CH,שוקולד לינדט,גרמים,100.00,100 גרם,false,1,16.90,16.90,true,1,
7613030979647,false,דגני בוקר טריקס פירות עולם היורה 480 ג',קבוצת אוסם סחר שותפות מוגבלת,CL,טריקס בטעם פירות,גרמים,480.00,100 גרם,false,1,28.90,6.02,true,1,
7613032045753,false,פיטנס דגנים מחיטה מלאה שוקולד 375גרם,קבוצת אוסם סחר שותפות מוגבלת,FR,פיטנס שוקולד,גרמים,375.00,100 גרם,false,0,22.90,6.11,true,1,
7613033548192,false,פיטנס - דגני בוקר שוקולד מריר 375 גרם,קבוצת אוסם סחר שותפות מוגבלת,FR,פיטנס שוקולד,גרמים,375.00,100 גרם,false,0,22.90,6.11,true,1,
7613035622623,false,פיטנס גרנולה שקדים ודבש נסטלה (300 גרם),קבוצת אוסם סחר-שות.מוגבלת,LT,גרנולה פיטנס,גרמים,300.00,100 גרם,false,1,15.90,5.30,true,1,
7613035635845,false,פיטנס גרנולה שוקולד 300 גר`אסם,קבוצת אוסם סחר-שות.מוגבלת,LT,גרנולה פיטנס,גרמים,300.00,100 גרם,false,1,15.90,5.30,true,1,
7613036520492,false,פרפקטו רוטב עגבניות לפיצה אסם 400 גרם,קבוצת אוסם סחר-שות.מוגבלת,ES,רוטב עגבניות,גרמים,400.00,100 גרם,false,1,7.90,1.98,true,1,
7613036576734,false,קרטיב חמשושים חדש נסטלה 60 גר,נגה גלידות שותפות מוגבלת,ES,חמשושים יחידה,יחידה,1.00,יחידה,false,1,8.90,8.90,true,1,
7613036737623,false,דגני בוקר קראנץ מיקס 410גר,קבוצת אוסם סחר שותפות מוגבלת,FR,דגני בוקר קראנץ',גרמים,410.00,100 גרם,false,1,27.90,6.80,true,1,
7613037686906,false,פיטנס - דגני בוקר שקדים ודבש 355 גרם,קבוצת אוסם סחר שותפות מוגבלת,FR,פיטנס שקדים ודבש,גרמים,355.00,100 גרם,false,1,22.90,6.45,true,1,
7613038451954,false,דגני בוקר שוקולד מופחת סוכר 410 ג' קראנץ',קבוצת אוסם סחר-שות.מוגבלת,FR,קראנץ שוקולד,גרמים,410.00,100 גרם,false,1,23.90,5.83,true,1,
7613039770450,false,טבעול סנסשיונל בורגר צמחוני 226 גרם,קבוצת אוסם סחר שותפות מוגבלת,CZ,סנסשיונל בורגר,גרמים,226.00,100 גרם,false,1,37.90,16.77,true,1,
7613287302373,false,סטארבקס קפסולות איטליאן סטייל רוסט 56 גרם,קבוצת אוסם סחר שותפות מוגבלת,CH,קפסולות Starbuck,גרמים,56.00,100 גרם,false,1,22.90,40.89,true,1,
7613287325853,false,אוסם - דיפ אנד ספרד מטבל איולי ספייסי 295 גרם,קבוצת אוסם סחר שותפות מוגבלת,PL,מתבל איולי ספייס,גרמים,295.00,100 גרם,false,1,14.90,5.05,true,1,
7614500035788,false,טובלרון שוקולד חלב 200 גרם,דיפלומט מפיצים (1968) בעמ**,CH,טובלרון חלב,גרמים,200.00,100 גרם,false,0,19.80,9.90,true,1,
7616500553484,false,שוקולד פריי מהודר מריר 78% 100גר,צוקולאט פריי אייץגיץ,CH,שוקולד מריר,גרמים,100.00,100 גרם,false,0,10.00,10.00,true,1,
7616500642560,false,שוקולד חלב פריי 300 גרם,"שוקולד פריי בע""מ",CH,שוקולד חלב 300 ג,גרמים,300.00,100 גרם,false,0,17.90,5.97,true,1,
7616500642577,false,שוקולד חלב עם אגוזים300ג,צוקולאט פריי אייץגיץ,CH,שוקולד אגוזים,גרמים,300.00,100 גרם,false,0,17.90,5.97,true,1,
7616500664890,false,שוק.חלב שקד+קרמל+מלח180ג,"שוקולד פריי בע""מ",CH,שוקולד חלב,גרמים,180.00,100 גרם,false,1,14.90,8.28,true,1,
7616500664906,false,שוק.מריר שקד+קרמל+מלח180,"שוקולד פריי בע""מ",CH,שוקולד מריר,גרמים,180.00,100 גרם,false,1,14.90,8.28,true,1,
7616500668447,false,שוק.חלב צימוק קלאודס150ג,"שוקולד פריי בע""מ",CH,שוקולד קלאודס,גרמים,150.00,100 גרם,false,1,17.90,11.93,true,1,
7622010001858,false,עוגיות אוראו ממולאות קרם וניל 176 גרם.,דיפלומט מפיצים (1968) בעמ**,UA,עוגיות אוראו,גרמים,176.00,100 גרם,false,1,10.20,5.80,true,1,
7622201127367,false,מילקה אוראו מיניס שוקולד לבן 153 גרם,דיפלומט מפיצים (1968) בעמ**,UA,מילקה אוראו מיני,גרמים,153.00,100 גרם,false,1,16.40,10.72,true,1,
7622201137052,false,אוראו מיני קוקיס - עוגיות שוקולד צ'יפס ותחתית מצופה שוקולד חלב,דיפלומט מפיצים (1968) בעמ**,ES,מיני קוקיז מילקה,גרמים,110.00,100 גרם,false,1,9.90,9.00,true,1,
7622201139278,false,גבינת פילדלפיה שמנת 150 גר`% (27 שומן),מיודלז אספניה פרודוק,ES,גבינת פילדלפיה,גרמים,150.00,100 גרם,false,1,15.90,10.60,true,1,
7622201401900,false,עוגיות מילקה סנסיישן אוראו 156 גרם,דיפלומט מפיצים (1968) בעמ**,PL,עוגיות מילקה,גרמים,156.00,100 גרם,false,1,12.90,8.27,true,1,
7622201502515,false,עוגיות מילקה קוקי לופ שוקולד צ'יפס,דיפלומט מפיצים (1968) בעמ**,HU,עוגיות מילקה,גרמים,132.00,100 גרם,false,1,12.90,9.77,true,1,
7622201521493,false,גבינת פילדלפיה שום ועשבי תיבול 150 גר` (,מיודלז אספניה פרודוק,ES,גבינת פילדלפיה,גרמים,150.00,100 גרם,false,1,15.90,10.60,true,1,
7622201798154,false,גבינת שמנת לייט מופחתת שומן 13% שומן,מיודלז אספניה פרודוק,ES,גבינת פילדלפיה,גרמים,150.00,100 גרם,false,1,15.90,10.60,true,1,
7622201801809,false,מילקה שוקולד חלב עם אגוזים 100 גרם חדש,מנדלז דויצ'\לנד סנקס פרו,DE,שוקולד מילקה,גרמים,100.00,100 גרם,false,1,7.90,7.90,true,1,
7622201802394,false,שוקולד מילקה חלב מסרונים 100 גרם,מנדלז דויצ'\לנד סנקס פרו,DE,שוקולד חלב מילקה,גרמים,100.00,100 גרם,false,1,7.90,7.90,true,1,
7622201808631,false,אוראו מיני עוגיות ממולאות קרם וניל 67גרם,דיפלומט מפיצים (1968) בעמ**,ID,עוגיות אוראו מינ,גרמים,67.00,100 גרם,false,1,8.90,13.28,true,1,
7622201813390,false,וופל במילוי קרם קקאו בציפוי שוקולד חלב,דיפלומט מפיצים (1968) בעמ**,CZ,וופל ממולא מילקה,גרמים,150.00,100 גרם,false,1,12.90,8.60,true,1,
7622210078131,false,שוקולד חלב עם שבבי קרמל מילקה דיים 100 גרם,מנדלז דויצ'\לנד סנקס פרו,DE,שוקולד מילקה,גרמים,100.00,100 גרם,false,1,7.90,7.90,true,1,
7622210137234,false,אוראו עוגיות עם דאבל קרם בטעם וניל 170ג,דיפלומט מפיצים (1968) בעמ**,ES,עוגיות אוראו,גרמים,170.00,100 גרם,false,1,10.90,6.41,true,1,
7622210637994,false,מיני עוגיות אוראו קראנצ'י בייטס אורגינל,דיפלומט מפיצים (1968) בעמ**,ES,עוגיות אוראו,גרמים,110.00,100 גרם,false,1,10.90,9.91,true,1,
7622210690883,false,מילקה שוקולד חלב-מהדורת מונדיאל 270 גרם,דיפלומט מפיצים (1968) בעמ**,AT,שוקולד מונדיאל,גרמים,270.00,100 גרם,false,1,15.90,5.89,true,1,
7622210826053,false,מילקה שוקולד אוראו סנדוויץ 100 גרם,דיפלומט מפיצים (1968) בעמ**,HU,שוקולד מילקה,גרמים,92.00,100 גרם,false,1,7.90,8.59,true,1,
7622300200237,false,שוקולד מילקה שוקולד חלב 250 גרם,דיפלומט מפיצים (1968) בעמ**,AT,שוקולד חלב מילקה,גרמים,250.00,100 גרם,false,0,15.90,6.36,true,1,
7622300495046,false,מילקה שוקולד חלב עם אקסטרה קקאו 100 גרם,מנדלז דויצ'\לנד סנקס פרו,DE,שוקולד מילקה,גרמים,100.00,100 גרם,false,0,7.90,7.90,true,1,
7622300503079,false,עוגיות ביסקוויט מצופה שוקולד חלב מילקה 200 גרם,דיפלומט מפיצים (1968) בעמ**,PL,ביסקוויט מצופה,גרמים,200.00,100 גרם,false,0,12.90,6.45,true,1,
7622300761363,false,עוגיות מיני אוראו במילוי קרם בטעם שוקולד בכוס,דיפלומט מפיצים (1968) בעמ**,ID,עוגיות מיני אורא,גרמים,67.00,100 גרם,false,0,8.90,13.28,true,1,
7622400005190,false,שוקולד חלב נגיעות שוקולד לבן מילקה 100 ג,דיפלומט מפיצים (1968) בעמ**,DE,שוקולד מילקה,גרמים,100.00,100 גרם,false,0,7.90,7.90,true,1,
7630477891738,false,סטארבקס קפסולות קפה אספרסו בלונד 10 יחיד,קבוצת אוסם סחר שותפות מוגבלת,CH,קפסולות Starbuck,גרמים,53.00,100 גרם,false,1,22.90,43.21,true,1,
7702018264230,false,ג`ילט מאך 3 סכיני גילוח 4 יח`,פרוקטר אנד גמבל,PL,סכיני גילוח מאך3,יחידה,1.00,יחידה,false,1,59.90,59.90,true,1,
7702018867110,false,גילט מארז פיוזן פאוור 5 מכשיר גילוח+1סכי,דיפלומט,CN,מכשיר גילוח,יחידה,1.00,יחידה,false,1,53.90,53.90,true,1,
7702018978106,false,"ג'ילט - דאודורנט ג'ל לגבר ארטיק אייס 70 מ""ל",פארמה דיל (פ.א.ב.) שיווק והפצה,PL,דאו.קליר ג'ל,מיליליטרים,70.00,"100 מ""ל",false,0,15.90,22.71,true,1,
7702024074625,false,חטיפי קרקר פיטנס Fitness עם חיטה מלאה,קבוצת אוסם סחר שותפות מוגבלת,CO,חטיפי קרקר פיטנס,גרמים,234.00,100 גרם,false,1,13.90,5.94,true,1,
7702024258322,false,"חטיפי קרקר עם חיטה מלאה, צ'יה וזרעי פשתן פיטנס",קבוצת אוסם סחר שותפות מוגבלת,CO,חטיפי קרקר,גרמים,156.00,100 גרם,false,1,13.90,8.91,true,1,
7702174068833,false,יוגטה סוכריות קשות על מקל ממולאות טופי בטעמי גלידת פירות 12 יח' 204 גרם,הדקלאים אגודת שיתופי,CO,לקקן יוגטה,גרמים,204.00,100 גרם,false,0,10.90,5.34,true,1,
7702174070201,false,יוגטה לקקן בטעם מסטיק ממולא טופי בטעם תות 12 יח' 204 גרם,הדקלאים אגודת שיתופי,CO,לקקן יוגטה מג'יק,גרמים,204.00,100 גרם,false,0,10.90,5.34,true,1,
7792860006218,false,סוכריות לקקן בייבי דול לריטייר (24 גרם),גוד פוד פרודקטס S.p,AR,בייבי דול לקקן,גרמים,24.00,100 גרם,false,0,2.50,10.42,true,1,
7798304600042,false,אוכמניות טריות 125 ג,מרינה,AR,אוכמניות טריות,גרמים,125.00,100 גרם,false,1,14.90,11.92,true,1,
7798304603128,false,אוכמניות טריות 312גרם,KF,AR,אוכמניות טריות,יחידה,1.00,יחידה,false,1,29.90,29.90,true,1,
7798382150019,false,אוכמניות טריות 125גרם,ביכורי השדה צפון 1994 ג.ד. בעמ,AR,אוכמניות טריות,גרמים,125.00,100 גרם,false,1,14.90,11.92,true,1,
7891024124826,false,"משחת שיניים קולגייט אופטייק וויט 75 מ""ל",הנסיך- מפעל לייצור ט,BR,משחת קולגייט,מיליליטרים,75.00,"100 מ""ל",false,0,22.90,30.53,true,1,
8000070003798,false,קפסולות אספרסו לוואצה דליסיוזו 8 16 יח,לאוג'י לוואצה אס.פי.אי,IT,קפסולות קפה,גרמים,120.00,100 גרם,false,1,29.90,24.92,true,1,
8000070003811,false,קפסולות אספרסו לוואצה פסיונלה 11 16 יח,לואיג'י לוואצה,IT,קפסולות קפה,גרמים,120.00,100 גרם,false,1,29.90,24.92,true,1,
8000070081109,false,קפסולות לוואצה ריקו נטולקפאין 6 נספרס 50,לאוג'\י לוואצה אס.פי.אי,IT,קפסולות קפה,גרמים,50.00,100 גרם,false,1,20.90,41.80,true,1,
8000113003402,false,"קמח תירס בוואקום 1 ק""ג",גורי מוצרי צריכה (1991) בעמ,IT,קמח תירס,קילוגרמים,1.00,"ק""ג",false,0,16.90,16.90,true,1,
8000215204219,false,משקה אורז ביו אורגני ויטאריז 1 ליטר,בטר אנד דיפרנט,IT,משקה אורז אורגני,ליטרים,1.00,ליטר,false,0,15.90,15.90,true,1,
8000215204240,false,משקה אורז ושקדים ביו אורגני ויטאריז 1 לי,בטר אנד דיפרנט,IT,משקה שקדים ואורז,ליטרים,1.00,ליטר,false,0,15.90,15.90,true,1,
8000215204394,false,משקה אורז ואגוזי לוז ביו אורגני ויטאריז,בטר אנד דיפרנט,US,משקה ויטריז,ליטרים,1.00,ליטר,false,0,19.90,19.90,true,1,
8000380004676,false,קוביות וופל סנדוויץ Sandwich עם וניל וחלב,"א. לואקר, קונפקט ג'י",AT,ופלים לואקר,גרמים,200.00,100 גרם,false,0,14.20,7.10,true,1,
8000380004911,false,קוביות וופל קואדרטיני Quadratini קרם אגוזים,קריניציה ויטמינה אס,AT,ופל קואדרטיני,גרמים,250.00,100 גרם,false,0,15.20,6.08,true,1,
8000380004942,false,וופל לואקר קוארדטיני קוביות ווניל 250ג',ליימן שליסל בע`מ,AT,וופלים קאודרטיני,גרמים,250.00,100 גרם,false,0,15.20,6.08,true,1,
8000380004966,false,וופל קוארדטיני לואקר קוביות שוקולד 250ג',קריניציה ויטמינה אס,AT,ופל קואדרטיני,גרמים,250.00,100 גרם,false,0,15.20,6.08,true,1,
8000380007257,false,וופל גרדנה במילוי קרם אגוזים מצופה,קריניציה ויטמינה אס,IT,ופלים גרדנה,גרמים,200.00,100 גרם,false,0,15.10,7.55,true,1,
8000380106028,false,טורטינה לואקר וופל שוקולד ואגוזים שישיה 125ג',קריניציה ויטמינה אס,IT,וופל טורטינה,גרמים,125.00,100 גרם,false,0,18.50,14.80,true,1,
8000380144044,false,גרדנה וופל מצופה שוקולד חלב לואקר 200 גרם,ליימן שליסל בע`מ,IT,ופלים גרדנה,גרמים,200.00,100 גרם,false,0,15.10,7.55,true,1,
8000380192243,false,וופלים מלבנים פריכיים בטעם אגוז 200 גר`,ליימן שליסל בע`מ,AT,וופל אגוז לואקר,גרמים,200.00,100 גרם,false,1,15.90,7.95,true,1,
8000380192588,false,וופלים קואדרטיני דאבל שוקולד לואקר 250 גרם,קריניציה ויטמינה אס,AT,קואדרטיני דאבל,גרמים,250.00,100 גרם,false,1,15.20,6.08,true,1,
8000500009673,false,בונבוניירה פררו רושה 300 גרם,פרימיום חברה לדברי מתיקה ולמסח,IT,בונבוניירת רושה,גרמים,300.00,100 גרם,false,0,51.90,17.30,true,1,
8000500023624,false,חטיפי הפי היפו Happy Hippo במילוי קרם חלב וקקאו,פרימיום-חברה לדברי מתיקה ולמסח,DE,קינדר הפי היפו,גרמים,102.00,100 גרם,false,0,13.90,13.63,true,1,
8000500029350,false,מארז וופל מצופה 3יח' *43 גרם קינדר בואנו,פרימיום-חברה לדברי מתיקה ולמסח,PL,קינדר בואנו,גרמים,129.00,100 גרם,false,0,11.90,9.22,true,1,
8000500037874,false,בונבוניירת פררו רושה 200 גרם,פרימיום חברה לדברי מתיקה ולמסח,IT,בונבוניירה רושה,גרמים,200.00,100 גרם,false,0,24.90,12.45,true,1,
8000500071083,false,אצבעות שוקולד קינדר Kinder שש עשרה יחידות,פרימיום-חברה לדברי מתיקה ולמסח,IT,שוקולד חלב קינדר,גרמים,200.00,100 גרם,false,0,14.50,7.25,true,1,
8000500121436,false,מארז קינדר בואנו Kinder Bueno לבן שלוש יחידות,פרימיום חברה לדברי מתיקה ולמסח,PL,קינדר בואנו לבן,גרמים,117.00,100 גרם,false,0,11.90,10.17,true,1,
8000500167656,false,קינדר שוקולד עם דגנים סיריאל 94 ג',פרימיום חברה לדברי מתיקה ולמסח,IT,קינדר שוקולד,גרמים,94.00,100 גרם,false,1,7.90,8.40,true,1,
8000500224281,false,וופל מלוח במילוי ממרח אגוזי לוז,פרימיום-חברה לדברי מתיקה ולמסח,IT,נוטלה בי רדי,גרמים,22.00,100 גרם,false,1,4.30,19.55,true,1,
8000500227848,false,נוטלה - בי רדי אצבעות ביסקוויט במילוי שוקולד 6 יח' * 22 גרם,פרימיום-חברה לדברי מתיקה ולמסח,IT,נוטלה בי רדי,גרמים,132.00,100 גרם,false,1,13.50,10.23,true,1,
8000500256213,false,קינדר שוקולד חלב במילוי קרם חלבי,פרימיום-חברה לדברי מתיקה ולמסח,IT,שוקולד מיני,גרמים,120.00,100 גרם,false,1,11.20,9.33,true,1,
8000500267103,false,קינדר דליס עוגת ספוג קקאו במילוי חלבי*10,פרימיום חברה לדברי מתיקה ולמסח,IT,עוגות קינדר דליס,גרמים,390.00,100 גרם,false,1,17.90,4.59,true,1,
8000500269169,false,קינדר קארדס Kinder Cards - חמישייה,פרימיום-חברה לדברי מתיקה ולמסח,IT,קינדר קארדס,גרמים,128.00,100 גרם,false,1,13.90,10.86,true,1,
8000500386941,false,נוטלה ממרח קקאו עם אגוזי לוז 900 גר`,פרימיום חברה לדברי מתיקה ולמסח,IT,ממרח קקאו+אגוזים,גרמים,900.00,100 גרם,false,1,30.90,3.43,true,1,
8000500390238,false,ביצי הפתעה קינדר 20*4גרם,פררו,IT,ביצי הפתעה קינדר,גרמים,80.00,100 גרם,false,1,17.90,22.38,true,1,
8001090184412,false,"פיירי נוזל לניקוי כלים לימון שקוף, 900 מ""ל",דיפלומט מפיצים (1968) בעמ,GB,פיירי לכלים,מיליליטרים,900.00,"100 מ""ל",false,1,12.50,1.39,true,1,
8001090721129,false,אריאל קפסולות גל לכביסה 3ב1 קולור 27 יח,דיפלומט מפיצים (1986) בע`מ,FR,קפסולות גל כביסה,יחידה,1.00,יחידה,false,1,36.90,36.90,true,1,
8001090776068,false,פיירי נ.כלים משי ורד780מ,פרוקטר אנד גמבל,GB,פיירי נוזל כלים,מיליליטרים,780.00,"100 מ""ל",false,1,12.50,1.60,true,1,
8001090832535,false,"שמפו פנטן שמן מרוקאי משקם 660 מ""ל",דיפלומט מפיצים (1986) בע`מ,RO,שמפו פנטן,מיליליטרים,660.00,"100 מ""ל",false,1,22.90,3.47,true,1,
8001090832818,false,מרכך פנטן הנוסחה הקלאסית לשיער רגיל ומעורב,דיפלומט מפיצים (1986) בע`מ,RO,מרכך פנטן,מיליליטרים,660.00,"100 מ""ל",false,1,22.90,3.47,true,1,
8001090832856,false,"פנטן 660 מ""ל קונדישינר מרוקאי משקם",דיפלומט מפיצים (1986) בע`מ,RO,מרכך פנטן,מיליליטרים,660.00,"100 מ""ל",false,1,22.90,3.47,true,1,
8001090832894,false,מרכך לשיער חלש ופגום לחות מוגברת,דיפלומט מפיצים (1986) בע`מ,RO,מרכך פנטן,מיליליטרים,660.00,"100 מ""ל",false,1,22.90,3.47,true,1,
8001090833167,false,גל כביסה אריאל בניחוח הרים 2.365 ליטר,דיפלומט מפיצים (1986) בע`מ,FR,אריאל ג'ל כביסה,ליטרים,2.37,ליטר,false,1,36.90,15.57,true,1,
8001090899224,false,תחבושות אולוויז פלטינום לונג 20 יחידות,דיפלומט מפיצים (1986) בע`מ,DE,תחבושות אולוייז,יחידה,1.00,יחידה,false,1,22.90,22.90,true,1,
8001090899255,false,תחבושות אולוויז פלטינום לילה 16 יחידות,דיפלומט מפיצים (1986) בע`מ,DE,תחבשות אולוויז,יחידה,1.00,יחידה,false,1,22.90,22.90,true,1,
8001090899286,false,אולוויז תחבושות פלטינום לילה בטוח 14 יח',דיפלומט מפיצים (1986) בע`מ,UA,תחבושות אולוויז,יחידה,1.00,יחידה,false,1,22.90,22.90,true,1,
8001160001786,false,"משקה אנרגיה גטורייד ספורט כחול 500מ""ל",אקווה מינרלה סאן בנדטו,IT,גטורייד כחול,מיליליטרים,500.00,"100 מ""ל",false,0,10.40,2.08,true,1,
8001160001892,false,"משקה אנרגיה גטורייד ספורט תפוז אדום 500מ""ל",אקווה מינרלה סאן בנדטו,IT,גטורייד תפוז,מיליליטרים,500.00,"100 מ""ל",false,0,10.40,2.08,true,1,
8001620011935,false,"סן בנדטו- מים מינרלים מוגז - מארז שישיית 500 מ""ל",אקווה מינרלה סאן בנד,IT,סאן בנדטו 6 יח',ליטרים,3.00,ליטר,false,0,15.90,5.30,true,1,
8001620015612,false,"משקה פירות פרוטה-גזר תפוז לימון 400 מ""ל סאן בנדטו",אקווה מינרלה סאן בנדטו ב,IT,פרוטה גזר תפוז,מיליליטרים,400.00,"100 מ""ל",false,1,8.30,2.08,true,1,
8001620015636,false,"משקה פירות פרוטה-מיקס פירות 400 מ""ל סאן בנדטו",אקווה מינרלה סאן בנדטו ב,IT,משקה פרוטה,מיליליטרים,400.00,"100 מ""ל",false,1,8.30,2.08,true,1,
8001620019160,false,"סן בנדטו מים מינרלים בטעם אפרסק 500 מ""ל",אקווה מינרלה סאן בנדטו ב,IT,סאן בנדטו אפרסק,מיליליטרים,400.00,"100 מ""ל",false,1,6.90,1.73,true,1,
8001620019177,false,"סן בנדטו מים מינרלים בטעם ענבים 500 מ""ל",אקווה מינרלה סאן בנדטו ב,IT,סאן סנדטו ענבים,מיליליטרים,400.00,"100 מ""ל",false,1,6.90,1.73,true,1,
8001841625188,false,סבון כלים פלטינום לימון X3 פעולות להסרת שומנים,דיפלומט מפיצים (1986) בע`מ,GB,פיירי נוזל כלים,מיליליטרים,515.00,"100 מ""ל",false,1,12.50,2.43,true,1,
8001841625362,false,"נוזל כלים בניחוח לימון פלטינום 780 מ""ל פיירי",דיפלומט מפיצים (1968) בעמ,GB,פיירי נוזל כלים,מיליליטרים,780.00,"100 מ""ל",false,1,12.50,1.60,true,1,
8001841669465,false,קפסולות לכביסה אריאל בניחוח לנור 24 יחידות,דיפלומט מפיצים (1986) בע`מ,FR,קפסולות גל כביסה,יחידה,1.00,יחידה,false,1,36.90,36.90,true,1,
8002270015649,false,סן פלגרינו מים מינרלים טבעיים מוגזים,פארייפאבה אגרואינדוס,IT,סאן פלגרינו,מיליליטרים,250.00,"100 מ""ל",false,0,6.90,2.76,true,1,
8002270236792,false,אסנזה משקה מוגז בטעם לימון גרידת לימון- שישייה,סן פלגרינו San Pellegrino,IT,סן פלגרינו לימון,ליטרים,3.00,ליטר,false,1,35.90,11.97,true,1,
8002270436581,false,סאן פלגרינו פלסטיק מוגז שישייות 500*6,טמפו משקאות בע`מ,IT,6מים סן פלגרינו,ליטרים,3.00,ליטר,false,1,31.90,10.63,true,1,
8002270866524,false,סן פלגרינו מים מינרליים טבעיים מוגזים,פארייפאבה אגרואינדוס,IT,סן פלגרינו,ליטרים,1.00,ליטר,false,0,10.50,10.50,true,1,
8002450204009,false,משקה כהלי וורדי רספברי אפרסק,הכרם - משקאות חריפים בעמ,IT,ורדי אפרסק,מיליליטרים,750.00,"100 מ""ל",false,0,31.40,4.19,true,1,
8003753158617,false,אילי קפסולות אספרסו לונגו קלאסיקו 10 יח' 57 גרם,ג'ייקובס דאו אגרבטס פר א,FR,קפסולות קפה אילי,גרמים,57.00,100 גרם,false,1,27.40,48.07,true,1,
8004030026018,false,"מקסיקני עם טונה ריו מרה אינסלטיסימי, 160 ג'","בולטון אלימנטרי בע""\מ",IT,סלט עם טונה,גרמים,160.00,100 גרם,false,1,16.90,10.56,true,1,
8004800000071,false,לאגו פלאסיר- גלילי ופל במילוי קרם אגוזי לוז שוקולד חלב - 100 ג',תה ויסוצקי (ישראל) בעמ,IT,גלילי וופל לאגו,גרמים,100.00,100 גרם,false,1,13.90,13.90,true,1,
8004800005502,false,וופל מיני רול גלילי ופל במילוי קרם קקאו- 125 ג' לאגו,תה ויסוצקי (ישראל) בעמ,IT,גלילי וופל מיני,גרמים,125.00,100 גרם,false,1,12.90,10.32,true,1,
8004800005519,false,וופל רול גלילי במילוי קרם אגוזי לוז- 125 ג' לאגו,תה ויסוצקי (ישראל) בעמ,IT,גלילי וופל מיני,גרמים,125.00,100 גרם,false,1,12.90,10.32,true,1,
8005110001772,false,רוטב פסטה עגב.פיצוטלו400,מוטי אס.פי.אי,IT,רוטב לפסטה,גרמים,400.00,100 גרם,false,1,13.90,3.48,true,1,
8005110002243,false,רכז עגבניות Doppio Concentr בשפופרת 185 ג' MUTTI,רסטרטו יבוא ושיווק בעמ*אין החז,IT,תרכיז עגבניות,גרמים,185.00,100 גרם,false,1,8.50,4.59,true,1,
8005110002557,false,רוטב עגבניות רומא לפסטה 400 גרם,רסטרטו יבוא ושיווק בעמ,IT,רוטב לפסטה,גרמים,400.00,100 גרם,false,1,13.90,3.48,false,1,
8005110060007,false,עגבניות מקולפות 400 גרם MUTTI,רסטרטו יבוא ושיווק בעמ,IT,עגבניות מקולפות,גרמים,400.00,100 גרם,false,0,7.20,1.80,true,1,
8005110171215,false,עגבניות חתוכות 690 POLPAPEZZI ג' (כחול) MUTTI,רסטרטו יבוא ושיווק בעמ,IT,עגבניות חתוכות,גרמים,690.00,100 גרם,false,0,15.90,2.30,true,1,
8005110191015,false,רסק עגבניות ובזיליקום MUTTI{ירוק } 700 גרם,רסטרטו יבוא ושיווק בעמ,IT,מחית עגבניות קלה,גרמים,700.00,100 גרם,false,0,13.90,1.99,true,1,
8005110200014,false,רסק עגבניות 210 ג' CONCENTRATO MUTTI,רסטרטו יבוא ושיווק בעמ,IT,רכז עגבניות,גרמים,210.00,100 גרם,false,0,7.90,3.76,true,1,
8006540112793,false,"מרכך כביסה מרוכז בניחוח יסמין לנור 900 מ""ל",דיפלומט מפיצים (1986) בע`מ,US,לנור מרכך מרוכז,מיליליטרים,900.00,"100 מ""ל",false,1,15.90,1.77,true,1,
8006540112823,false,"לנור מרכך כביסה מרוכז בניחוח האוקיינוס 900 מ""ל",דיפלומט מפיצים (1968) בעמ,US,לנור מרכך מרוכז,מיליליטרים,900.00,"100 מ""ל",false,1,15.90,1.77,true,1,
8006540385029,false,הד&שולדרס MEN שמפו ומרכך 2ב-1 אולטרא 540,URLATI GAMBLE & PROCTER,RO,הד&שולדרס מן 2ב1,מיליליטרים,540.00,"100 מ""ל",false,1,28.70,5.31,true,1,
8007178120310,false,"חומץ בלסמי 500 מ""ל (דיפלומט)",דיפלומט מפיצים (1968) בעמ**,IT,חומץ בלסמי,מיליליטרים,500.00,"100 מ""ל",false,0,22.90,4.58,true,1,
8007178223547,false,ג`קובזי קרם בלסמי מצומצם ממודנה 250 מל,דיפלומט מפיצים (1968) בעמ**,IT,קרם בלסמי מצומצם,מיליליטרים,250.00,"100 מ""ל",false,1,25.90,10.36,true,1,
8008343200486,false,פסטה רומו פוזילי 500 גרם,רומו Rummo,IT,פסטה רומו,גרמים,500.00,100 גרם,false,1,9.90,1.98,true,1,
8008343200660,false,פסטה רומו פנה ריגטה500גר,רומו Rummo,IT,פסטה רומו,גרמים,500.00,100 גרם,false,1,9.90,1.98,true,1,
8008343200851,false,פסטה רומו פרפלה 500 גרם,רומו Rummo,IT,פסטה רומו,גרמים,500.00,100 גרם,false,1,9.90,1.98,true,1,
8017938005146,false,"מיץ אוכמניות אורגני 330 מ""ל ביוטרנטינו",נטורפוד בעמ,IL,מיץ אוכמניות,מיליליטרים,330.00,"100 מ""ל",false,1,36.20,10.97,true,1,
8024985002943,false,מחית סמוצ`י תפוח אננס קוקוס אורגנית נטור,נטורפוד בעמ,IT,סמוזי אננס קוקוס,גרמים,100.00,100 גרם,false,1,6.50,6.50,true,1,
8024985002950,false,מחית פירות סמוצ`י שזיף אורגנית נטורה נוב,נטורפוד בעמ,IT,סמוזי שזיף,גרמים,100.00,100 גרם,false,1,6.50,6.50,true,1,
8024985005234,false,מחית פירות סמוצ`י תפוח עץ ומנגו אורגנית,נטורפוד בעמ,IT,סמוזי תפוח אפרסק,גרמים,100.00,100 גרם,false,1,6.50,6.50,true,1,
8024985008037,false,מחית פירות סמוצ`י תפוח אורגנית ללא תוספת,"נטורפוד בע""מ",IT,סמוזי תפוח,גרמים,100.00,100 גרם,false,0,6.50,6.50,true,1,
8032880800243,false,פיקניק הפתעה - אגוזי לוז ומקלות אפויים,"הוסטה איטליה, ס.ר.ל.",IT,פיקניק הפתעה,גרמים,50.00,100 גרם,false,0,8.30,16.60,true,1,
8076800195019,false,ברילה - צ.א ספגטי מס1 קפליני 500 גרם,ברילה גי.אי.אר פרטלי ס.פ,IT,ספגטי ברילה,גרמים,500.00,100 גרם,false,0,7.90,1.58,true,1,
8076800195033,false,ברילה - צ.א ספגטיני מס3 חדש 500 גרם,ברילה גי.אי.אר פרטלי ס.פ,IT,ספגטיני מס' 3,גרמים,500.00,100 גרם,false,0,7.90,1.58,true,1,
8076800195057,false,ברילה - צ.א ספגטי מס5 חדש 500 גרם,ברילה גי.אי.אר פרטלי ס.פ,IT,ספגטי מס 5 ברילה,גרמים,500.00,100 גרם,false,0,7.90,1.58,true,1,
8076800195132,false,ברילה - צ.א בבטה מס13 500 גרם,ברילה גי.אי.אר פרטלי ס.פ,IT,אטריות בבטה,גרמים,500.00,100 גרם,false,0,7.90,1.58,true,1,
8076800315097,false,פסטה מקרוני בוקטיני מספר 9 ברילה 500 גרם,ברילה גי.אי.אר פרטלי ס.פ,IT,ספגטי בוקטיני,גרמים,500.00,100 גרם,false,0,7.90,1.58,true,1,
8076802085738,false,ברילה - צ.ק פנה רגטה חדש 500 גרם,ברילה גי.אי.אר פרטלי ס.פ,IT,פנה ריגטה ברילה,גרמים,500.00,100 גרם,false,0,7.90,1.58,true,1,
8076802085837,false,ברילה - צ.ק טורטליוני מס83 500 גרם,הנסיך- מפעל לייצור ט,IT,פסטה טורטיליוני,גרמים,500.00,100 גרם,false,1,7.90,1.58,true,1,
8076802085981,false,ברילה - צ.ק פוזילי חדש 500 גרם,ברילה גי.אי.אר פרטלי ס.פ,IT,פוזילי ברילה,גרמים,500.00,100 גרם,false,0,7.90,1.58,true,1,
8076808050440,false,פסטה מקרוני מספר 44 ברילה 500 גרם,ש. שסטוביץ בע`מ,IT,מקרוני ברילה,גרמים,500.00,100 גרם,false,0,7.90,1.58,true,1,
8076808060654,false,פסטה פרפלה מספר 65 ברילה 500 גרם,ברילה גי.אי.אר פרטלי ס.פ,IT,פסטה פרפלה ברילה,גרמים,500.00,100 גרם,false,0,7.90,1.58,true,1,
8076808150072,false,ברילה - צ.א ספגטוני מס7 חדש 500 גרם,ברילה גי.אי.אר פרטלי ס.פ,IT,ספגטי ברילה,גרמים,500.00,100 גרם,false,0,7.90,1.58,true,1,
8076809512268,false,פסטה גירנדולה טורסדס מספר 34 ברילה 500 גרם,ברילה גי.אי.אר פרטלי ס.פ,IT,פסטה גירנדולה,גרמים,500.00,100 גרם,false,0,7.90,1.58,true,1,
8076809513388,false,ברילה רוטב אראביאטה צילי לפסטה 400 ג,ברילה גי.אי.אר פרטלי ס.פ,IT,רוטב לפסטה,גרמים,400.00,100 גרם,false,0,13.90,3.48,true,1,
8076809513395,false,ברילה פומודורו רוטב עגבניות קלאסי 400 גר,ברילה גי.אי.אר פרטלי ס.פ,IT,רוטב עגבניות,גרמים,400.00,100 גרם,false,0,13.90,3.48,true,1,
8076809513654,false,בסיס רוטב עגבניות לבולונז 400 גרם ברילה,ברילה גי.אי.אר פרטלי ס.פ,IT,בסיס לרוטב,גרמים,400.00,100 גרם,false,0,13.90,3.48,true,1,
8076809513739,false,ברילה רוטב עגבניות עם בזיליקום 400 גרם,ברילה גי.אי.אר פרטלי ס.פ,IT,רוטב בזיליקום,גרמים,400.00,100 גרם,false,0,13.90,3.48,true,1,
8076809523561,false,ברילה - רוטב פסטה בטעם טוסקנה 400 גרם,ברילה גי.אי.אר פרטלי ס.פ,IT,רוטב עגבניות,גרמים,400.00,100 גרם,false,0,13.90,3.48,true,1,
8232521301232,false,קונוס 40 לבן *,מירה פרואין,ID,קונוס 40 לבן,יחידה,1.00,יחידה,false,1,25.00,25.00,false,1,
8410076610508,false,"חטיף שיבולת שועל מלאה עם בוטנים, שקדים ושוקולד מריר בציפוי בטעם שוקולד",נייצ'ר ואלי Nature Valley,GB,חטיפי צ'ואי 5 יח,גרמים,150.00,100 גרם,false,1,21.90,14.60,true,1,
8410076621047,false,עוגות אישיות בטעם שוקולד עם חתיכות בטעם שוקולד,ליימן שליסל בע`מ,ES,חטיפי פייבר 1,גרמים,120.00,100 גרם,false,1,16.90,14.08,true,1,
8410104045111,false,"פיניש מלח למדיח כלים 2ק""ג",רקיט בנקיזר (ניר איסט) בעמ,IL,מלח למדיח,קילוגרמים,2.00,"ק""ג",false,0,16.90,8.45,true,1,
8410179018034,false,שמן חמניות מועשר 1 ליטר,FOO BRANDED BORGES,ES,שמן חמניות,ליטרים,1.00,ליטר,false,1,14.90,14.90,true,1,
8410179100043,false,שמן זית בורחס מעולה750מל,PONTU BORGES ACEITES,ES,שמן זית כתית,מיליליטרים,750.00,"100 מ""ל",false,0,34.90,4.65,true,1,
8410628460629,false,טונה ספרדית בשמן זית וצילי 190 גרם,קונסורסיו ספרד,ES,נתחי טונה,גרמים,190.00,100 גרם,false,1,29.90,15.74,true,1,
8423207206488,false,סלים דליס חטיף דגנים מצופה שוקולד חלב מרבה 6*20 גרם,אף.סי תבליני בגליל ב,ES,חטיפי דגנים מרבה,גרמים,120.00,100 גרם,false,0,12.90,10.75,true,1,
8423207206495,false,סלים דליס חטיף דגנים מצופה שוקולד מריר מרבה 6*20 גרם,אף.סי תבליני בגליל ב,ES,חטיפי דגנים מרבה,גרמים,120.00,100 גרם,false,0,12.90,10.75,true,1,
8423207207362,false,חטיפי סלים דליס שוקולד לבן מרבה 6 יחידות,ביסנצ'ורי אס.אל.יו,ES,סלים דליס,גרמים,120.00,100 גרם,false,0,12.90,10.75,true,1,
8423207208260,false,מרבה סלים דליס 125 ג' ללא גלוטן שוקולד חלב,ביסנצ'ורי אס.אל.יו,ES,חטיף דגנים,גרמים,78.00,100 גרם,false,1,11.90,15.26,true,1,
8423207208680,false,חטיף דגנים שוקולד סלים דליס לילדים מרבה 6 יחידות,ביסנצ'ורי אס.אל.יו,ES,סלים דליס 6 יח,גרמים,120.00,100 גרם,false,1,12.90,10.75,true,1,
8423207208697,false,חטיפי סלים דליס לילדים שוקולד לבן מרבה 6 יחידות,ביסנצ'ורי אס.אל.יו,ES,סלים דליס 6 יח,גרמים,120.00,100 גרם,false,1,12.90,10.75,true,1,
8423207208871,false,פריכיות תירס בטעם טבעי סלים דליס 130 גרם,גורי מוצרי צריכה (1991) בעמ,ES,פריכיות תירס,גרמים,130.00,100 גרם,false,1,10.90,8.38,true,1,
8423207209885,false,מרבה חטיפי סלים דליס מהדורה מיוחדת שוקולד חלב,סלים דליס Slim Delis,ES,"סלים דליס כשל""פ",גרמים,120.00,100 גרם,false,1,12.90,10.75,true,1,
8423207210928,false,חטיף דגנים מצופה שוקולד חלב ואגוזי לוז - 5 במארז,נוטרישן אנד סנטה קוב,ES,חטיפי דגנים מרבה,גרמים,90.00,100 גרם,false,1,12.90,14.33,true,1,
8425206000081,false,ריבת חלב מרדל 450 גרם,גורי מוצרי צריכה (1991) בעמ,ES,ריבת חלב,גרמים,450.00,100 גרם,false,0,21.90,4.87,true,1,
8435495805168,false,"תינוקלין לכביסה לעור רגיש אולימפיק 1.25ק""ג",מולינו ניקולי s.p.a,TR,א.כביסה תינוקלין,גרמים,1250.00,100 גרם,false,1,23.90,1.91,true,1,
8435495807605,false,תינוקלין מרכך כביסה היפואלרגני מרוכז 1 ליטר,מולינו ניקולי s.p.a,TR,תינוקלין מרכך,ליטרים,1.00,ליטר,false,1,21.90,21.90,true,1,
8435495807636,false,תינוקלין ג`ל כביסה בייבי סנסטיב היפואל,ליימן שליסל בע`מ,TR,תינוקלין ג'ל,ליטרים,2.00,ליטר,false,1,34.90,17.45,true,1,
8436575292205,false,ארטיק חמשושים מאגדת 15*12 גר',נגה גלידות שותפות מוגבלת,IL,מאגדת חמשושים,גרמים,180.00,100 גרם,false,1,22.90,12.72,true,1,
8595134503302,false,פילטרים לגלגול 6 ממ- ארוך,צפניה ברזילי בעמ,CZ,פילטר פארטי6X22,יחידה,1.00,יחידה,false,1,3.80,3.80,false,1,
8595134503487,false,פילטרים לגילגול 5.3 ארוך PIH,צפניה ברזילי בעמ,CZ,פילט.פארטי5.3X22,יחידה,1.00,יחידה,false,1,3.80,3.80,false,1,
8606018615827,false,גלידת וניל עם שברי עוגיות אוראו 480 גרם,נגה גלידות שותפות מוגבלת,RS,פיינט אוראו,גרמים,300.00,100 גרם,false,1,21.90,7.30,true,1,
8606018615841,false,גלידה וניל עם ליבת שוקולד חלב מעולה 480 גרם,נגה גלידות שותפות מוגבלת,RS,פיינט מילקה וניל,גרמים,300.00,100 גרם,false,1,21.90,7.30,true,1,
8606018615865,false,פיינט מילקה קרמל ליבת שוקולד 480 גרם,נגה גלידות שותפות מוגבלת,RS,פיינט מילקה קרמל,גרמים,300.00,100 גרם,false,1,21.90,7.30,true,1,
8683130008355,false,מיונז שום לחיץ אמיתי הלמנס 400 גרם,יוניליוור ישראל שיווק בע`מ,TR,מיונז עם שום,גרמים,400.00,100 גרם,false,1,16.90,4.23,true,1,
8683323063024,false,יוגטה שטיחים בטעם תותי פרוטי 220 גרם,ליימן שליסל בע`מ,TR,ממתק בטעם תותי,גרמים,220.00,100 גרם,false,1,7.90,3.59,true,1,
8690504153740,false,גודייבה שוקולד מריר במילוי קרם גנאש 86 גרם,תה ויסוצקי (ישראל) בעמ,TR,שוקולד מריר קרם,גרמים,86.00,100 גרם,false,1,15.90,18.49,true,1,
8690504153849,false,גודייבה שוקולד חלב במילוי קרם בטעם פרלין אגוזים 83 גרם,תה ויסוצקי (ישראל)בעמ,TR,שוקולד חלב,גרמים,83.00,100 גרם,false,1,15.90,19.16,true,1,
8690637503856,false,ממרח הלמנס כ- 40% פחות שומן לעומת מיונז,יוניליוור ישראל שיווק בע`מ,TR,ממרח הלמנס לחיץ,גרמים,355.00,100 גרם,false,1,16.90,4.76,true,1,
8690637505607,false,מרכך כביסה מרוכז בדין אקסטרה בניחוח פינוק כחול,יוניליוור ישראל שיווק בע`מ,TR,מרכך כביסה בדין,מיליליטרים,960.00,"100 מ""ל",false,1,17.90,1.86,true,1,
8690637835643,false,"תה ירוק לימונית ולאויזה 30 גרם ""ליפטון""","יוניליוור ישראל שיווק בע""מ",TR,תה ירוק ליפטון,גרמים,30.00,100 גרם,false,1,17.30,57.67,true,1,
8690637858734,false,ג'ל לניקוי כללי בתוספת אקונומיקה בניחוח לימון,"יוניליוור ישראל שיווק בע""מ",TR,סיף ג'ל לימון,מיליליטרים,750.00,"100 מ""ל",false,1,13.90,1.85,true,1,
8690637871245,false,הלמנס מיונז אמיתי 395 גר' בקבוק לחיץ.,יוניליוור ישראל שיווק בע`מ,TR,מיונז לחיץ הלמנס,גרמים,395.00,100 גרם,false,1,16.90,4.28,true,1,
8690637946318,false,"מרכך כביסה בדין מרוכז אקסטרה בייבי טלק 960 מ""ל",יוניליוור ישראל שיווק בע`מ,TR,מרכך בדין בייבי,מיליליטרים,960.00,"100 מ""ל",false,1,17.90,1.86,true,1,
8690637976995,false,"מרכך כביסה מרוכז אקסטרה ורוד סחלבים פראי בדין 960 מ""ל","יוניליוור ישראל שיווק בע""מ",TR,בדין אקסטרה ורוד,מיליליטרים,960.00,"100 מ""ל",false,1,17.90,1.86,true,1,
8690637977794,false,תחליב רחצה לידיים בניחוח חמאת שיאה ווניל,קוסטר אירוסול ולף סנ,TR,דאב סבון ידיים,מיליליטרים,500.00,"100 מ""ל",false,1,19.90,3.98,true,1,
8690766156367,false,טבלת שוקולד חלב מעולה 90 גר` גודייבה,תה ויסוצקי (ישראל) בעמ,TR,שוקולד גודייבה,גרמים,90.00,100 גרם,false,1,15.90,17.67,true,1,
8690766156374,false,גודייבה שוקולד מריר מעולה 72% מוצקי קקאו 72גרם,תה ויסוצקי (ישראל) בעמ,TR,שוקולד גודייבה,גרמים,90.00,100 גרם,false,1,15.90,17.67,true,1,
8690766156381,false,גודייבה שוקולד מריר 90% מוצקי קקאו 90 גרם,תה ויסוצקי (ישראל) בעמ,TR,שוקולד גודייבה,גרמים,90.00,100 גרם,false,1,15.90,17.67,true,1,
8690777206051,false,חציל קלוי על האש סרה ויליפוד 650 גרם,ג. וילי-פוד אינטרנשיונל בע`מ,TR,חציל קלוי,גרמים,650.00,100 גרם,false,0,14.50,2.23,true,1,
8690777221405,false,פלפל אדום קלוי על האש 650 גר` ויליפוד,ג. וילי-פוד אינטרנשיונל בע`מ,TR,פלפל אדום קלוי,גרמים,650.00,100 גרם,false,0,14.50,2.23,true,1,
8690784516662,false,"דאק נוזל ג'ל לניקוי עם אקונומיקה מקציפה בניחות לבנדר 750 מ""ל",דנשר (1963) בעמ,NL,ג'ל מקציף דאק,מיליליטרים,750.00,"100 מ""ל",false,1,12.90,1.72,true,1,
8690784614771,false,סבון דאק לניקוי אסלה בניחוח רענן נתלה,דאופלור אס.פי.אי כונ,PL,דאק סבון אסלה,יחידה,1.00,יחידה,false,1,9.90,9.90,true,1,
8691530924670,false,סירופ רימונים נאטרסן345ג,נטורסן,TR,סירופ רימונים,מיליליטרים,345.00,"100 מ""ל",false,0,19.70,5.71,true,1,
8697418280173,false,עלי טורטייה מחיטה מלאה 840 גרם LAVALIA,פרינסיס און וה אונלו,TR,עלי טורטיה,גרמים,840.00,100 גרם,false,0,27.30,3.25,true,1,
8697418280487,false,עלי טורטייה קמח תירס 20 סמ 540 ג LAVALIA,פרינסיס און וה אונלו,TR,עלי טורטייה,גרמים,540.00,100 גרם,false,1,22.70,4.20,true,1,
8697530910743,false,סיגריות פאל מאל כחול קצר מטאליק,גלוברנדס בעמ - שיווק סיגריות,TR,פאלמאל כחול קצר,יחידה,1.00,יחידה,false,0,29.50,29.50,false,1,
8697530910750,false,סיגריות פאל מאל כחול ארוך האוס,גלוברנדס בעמ - שיווק סיגריות,TR,פאלמאל כחול ארוך,יחידה,1.00,יחידה,false,0,29.50,29.50,false,1,
8697530911276,false,סיגריות קנט קצר חפיס,גלוברנדס בעמ - שיווק סיגריות,TR,קנט קצר,יחידה,1.00,יחידה,false,0,36.50,36.50,false,1,
8710447275306,false,דאב קרם ידיים שמן אבוקדו ותמצית קלנדולה,יוניליוור ישראל שיווק בעמ,PL,קרם ידיים דאב,מיליליטרים,75.00,"100 מ""ל",false,1,11.90,15.87,true,1,
8710502060021,false,מרבה פטיסרי עוגיות מאפין רכות 210 גרם,ש. שסטוביץ בע`מ,NL,עוגיות מרבה,גרמים,210.00,100 גרם,false,1,11.90,5.67,true,1,
8710502231018,false,מרבה מיני עוגיות שוקולד צ'יפס 175 גרם,ש. שסטוביץ בע`מ,NL,עוגיות מרבה,גרמים,175.00,100 גרם,false,1,10.90,6.23,true,1,
8710502470028,false,עוגיות שוקולד צ'יפס ממולאות בקרם נוגט,קריניציה ויטמינה אס,NL,עוגיות שוקוצ'יפס,גרמים,160.00,100 גרם,false,0,10.90,6.81,true,1,
8711327475618,false,מגנום פיינט וניל קלאסיק 260 גר`,"מפעל גלידות בווספרם, רחו",,גלידה מגנום וני,מיליליטרים,440.00,"100 מ""ל",false,0,23.90,5.43,true,1,
8712561594240,false,"דאב תחליב רחצה להזנה עמוקה500 מ""ל-מרכז",יוניליוור ישראל שיווק בע`מ,DE,תחליב רחצה דאב,מיליליטרים,500.00,"100 מ""ל",false,1,16.90,3.38,true,1,
8712561594608,false,"דאב תחליב רחיצה להזנה עמוקה 750 מ""ל",יוניליוור ישראל שיווק בע`מ,DE,תחליב רחצה דאב,מיליליטרים,750.00,"100 מ""ל",false,1,22.90,3.05,true,1,
8712561611411,false,"תחליב רחצה בניחוח מלפפון ותה ירוק דאב 750 מ""ל",יוניליוור ישראל שיווק בע`מ,DE,תחליב רחצה דאב,מיליליטרים,750.00,"100 מ""ל",false,1,22.90,3.05,true,1,
8712561626286,false,תחליב רחצה זוהר כמשי דאב (750 מל),יוניליוור ישראל שיווק בע`מ,DE,תחליב רחצה דאב,מיליליטרים,750.00,"100 מ""ל",false,1,22.90,3.05,true,1,
8714599412220,false,ג'ייקובס וולווט קפה נמס 95 מיובש בהקפאה,דיפלומט מפיצים (1968) בעמ**,RU,קפה ג'קובס,גרמים,95.00,100 גרם,false,1,17.50,18.42,true,1,
8714599512159,false,קפה נמס ג'קובס מונארך190,"אל.אל.סי ""גייקובס דא",RU,קפה נמס ג'קובס,גרמים,190.00,100 גרם,false,1,26.90,14.16,true,1,
8714789177229,false,רבעיית מברשות שיניים קולגייט אקסטרה קלין 1 יחידה,הנסיך- מפעל לייצור ט,CN,4 מברשות שיניים,יחידה,1.00,יחידה,false,0,11.90,11.90,true,1,
8714789303925,false,מברשת שיניים 360 סנסטיב רכה במיוחד קולגייט 2 יחידות,קולגייט- פלמוליב,CH,2 מברשות שיניים,יחידה,1.00,יחידה,false,0,29.90,29.90,true,1,
8714789402918,false,נוזל לניקוי כללי ורצפות בניחוח פרחי בר אג'קס 1.5 ליטר,הנסיך- מפעל לייצור ט,GR,אג'קס לניקוי,ליטרים,1.50,ליטר,false,0,22.90,15.27,true,1,
8714789582764,false,אג'קס ספריי לניקוי חלונות ומשטחים,הנסיך- מפעל לייצור ט,GR,מרסס לחלונות,מיליליטרים,750.00,"100 מ""ל",false,0,17.60,2.35,true,1,
8714789831275,false,מברשת שיניים 360 אופטיק ווייט קולגייט 2 יחידות,קולגייט-פלמוליב,CN,מברשות קולגייט,יחידה,1.00,יחידה,false,0,29.90,29.90,true,1,
8715700110141,false,מיונז קרמי היינץ צנצנת 460ג',דיפלומט מפיצים (1968) בעמ**,NL,ממרח היינץ,גרמים,460.00,100 גרם,false,1,12.90,2.80,true,1,
8715700115641,false,ממרח מיונז לחיץ לייט במרקם קרמי 420 ג' היינץ,דיפלומט מפיצים (1968) בעמ**,PL,ממרח במרקם קרמי,גרמים,420.00,100 גרם,false,1,15.90,3.79,true,1,
8715700117805,false,"קטשופ היינץ מתבל עגבניות ללא תוספת סוכר ומלח 425 מ""ל",דיפלומט מפיצים (1968) בעמ**,NL,מתבל עגבניות,גרמים,425.00,100 גרם,false,1,11.90,2.80,true,1,
8715700419732,false,מתבל עגבניות היינץ (700 גרם),דיפלומט מפיצים (1968) בעמ**,NL,מתבל עגבניות,גרמים,700.00,100 גרם,false,0,13.90,1.99,true,1,
8715700422473,false,ממרח לכריכים וסלטים ללא ח. משמרים היינץ 395 גרם,דיפלומט מפיצים (1968) בעמ**,NL,ממרח היינץ,גרמים,395.00,100 גרם,false,1,15.90,4.03,true,1,
8717163647226,false,"אקס דאודורנט ספריי גוף בלאק 150 מ""ל","יוניליוור ישראל שיווק בע""מ",TR,אקס ספריי,מיליליטרים,150.00,"100 מ""ל",false,1,17.90,11.93,true,1,
8717163647240,false,"אקס דאודורנט ספריי גוף לגבר שוקולד 150 מ""ל",יוניליוור ישראל שיווק בע`מ,TR,אקס ספריי,מיליליטרים,150.00,"100 מ""ל",false,1,17.90,11.93,true,1,
8717677336593,false,טוניס שוקולד חלב 180 גרם רבנות - נוכרי,טוניס/שוקולונלי,NL,שוקולד חלב מעולה,גרמים,180.00,100 גרם,false,1,19.90,11.06,true,1,
8717677336616,false,שוקולד מריר עם שקדים ומלח טוניס' שוקולונלי 180 גרם,טוניס/שוקולונלי,NL,שוקולד מריר,גרמים,180.00,100 גרם,false,1,19.90,11.06,true,1,
8717677336630,false,שוקולד חלב עם שקדים ודבש טוניס' שוקולונלי 180 גרם,ליימן שליסל בע`מ,NL,שוקולד חלב מעולה,גרמים,180.00,100 גרם,false,1,19.90,11.06,true,1,
8717677338436,false,שוקולד חלב עם אגוזי לוז טוניס' שוקולונלי 180 גרם,טוניס/שוקולונלי,NL,שוקולד חלב מעולה,גרמים,180.00,100 גרם,false,1,19.90,11.06,true,1,
8718951236806,false,"קולגייט טוטאל הלבנה משחת שיניים המסייעת בהסרת כתמים 100 מ""ל",ש. שסטוביץ בע`מ,PL,קולגייט טוטל,מיליליטרים,100.00,"100 מ""ל",false,1,18.90,18.90,true,1,
8719200998001,false,מרגרינה לאפיה ובישול בלי מלח 200 ג' בלו בנד,יוניליוור ישראל מזון בע\,IL,מרגרינה בלובנד,גרמים,200.00,100 גרם,false,1,4.70,2.35,true,1,
8719200998018,false,מחמאה מרגרינה בטעם חמאה בלובנד 200 גרם,"מיוצר ע""\י יוניליוור ישר",IL,מחמאה מרגרינה,גרמים,200.00,100 גרם,false,1,5.00,2.50,true,1,
8719200998032,false,"מרגרינה מזולה גלורי טעם חמאה 250גר 8 יחידות - כשל""פ","מיוצר ע""\י יוניליוור ישר",IL,מזולה טעם חמאה,גרמים,250.00,100 גרם,false,1,10.90,4.36,true,1,
8720181046605,false,דאב - דאודורנט ספריי לאישה אורגינל כחול 150מל,"יוניליוור ישראל שיווק בע""מ",TR,דאודורנט דאב,מיליליטרים,150.00,"100 מ""ל",false,1,14.90,9.93,true,1,
8720181046612,false,"דאב - דאודורנט רול און לאישה אורגינל 50 מ""ל","יוניליוור ישראל שיווק בע""מ",GB,דאב רול און,מיליליטרים,50.00,"100 מ""ל",false,1,19.90,39.80,true,1,
8801055707966,false,קפה טייסטרס צ`ויס בריסטה נסקפה (180 גרם),קבוצת אוסם סחר שותפות מוגבלת,KR,טסטרס צ'וייס,גרמים,180.00,100 גרם,false,1,32.90,18.28,true,1,
8801055708772,false,מארז טייסטרס צ'ויס 200 גרם+50 גר' מתנה,קבוצת אוסם סחר-שות.מוגבלת,KR,טסטרס צ'ויס מארז,גרמים,250.00,100 גרם,false,1,32.90,13.16,true,1,
8809168840471,false,חטיף אצות מיובשות 9יח 4.5גרם.,מזרח ומערב יבוא ושיווק,KR,חטיף אצית,גרמים,40.00,100 גרם,false,1,24.90,62.25,true,1,
8850161166204,false,"קרם קוקוס 17-19% 500 מ""ל - AMPAWA",אמפווה קוקונט פרודקט,TH,קרם קוקוס,מיליליטרים,500.00,"100 מ""ל",false,1,11.90,2.38,true,1,
8850180040028,false,"טמפורה 500 גרם ""מזרח ומערב""",מזרח ומערב יבוא ושיווק,TH,טמפורה,גרמים,500.00,100 גרם,false,0,11.90,2.38,true,1,
8850206250592,false,רוטב צ'ילי סריראצ'ה 540 גרם (מזרח ומערב),מזרח ומערב יבוא ושיווק,TH,רוטב צ'ילי סיראצ,גרמים,530.00,100 גרם,false,1,19.90,3.75,true,1,
8850367992164,false,קרם קוקוס 250 מל 20-22% ללא חומר משמר,מזרח ומערב יבוא ושיווק,TH,קרם קוקוס,מיליליטרים,250.00,"100 מ""ל",false,0,8.80,3.52,true,1,
8850389103111,false,סאפי משקה אלוורה בטעם ענבים 300מל,פארייפאבה אגרואינדוס,TH,משקה סאפה ענבים,מיליליטרים,300.00,"100 מ""ל",false,0,7.90,2.63,true,1,
8850389103128,false,"משקה קל סאפה בטעם תפוח 300 מ""ל",פארייפאבה אגרואינדוס,TH,משקה סאפה תפוח,מיליליטרים,300.00,"100 מ""ל",false,0,7.90,2.63,true,1,
8850389103159,false,"משקה ליצ'י עם חתיכות גלי קוקוס 320 מ""ל מוגו מוגו",סאפה פובליק קומפני לימיט,TH,מוגו ליצ'י קוקוס,מיליליטרים,320.00,"100 מ""ל",false,1,7.90,2.47,true,1,
8850389104637,false,"משקה קל סאפה אלוורה אפרסק 300 מ""ל",פארייפאבה אגרואינדוס,TH,סאפה אפרסק,מיליליטרים,300.00,"100 מ""ל",false,0,7.90,2.63,true,1,
8850389105825,false,משקה אלוורה בטעם ענבים סאפה 1 ליטר,סאפה פובליק קומפני לימיט,TH,סאפה ענבים,ליטרים,1.00,ליטר,false,0,14.90,14.90,true,1,
8850389105849,false,סאפה משקה אלוורה מופחת קלוריות בטעם אפרסק 1 ליטר,סאפה פובליק קומפני לימיט,TH,סאפה אפרסק,ליטרים,1.00,ליטר,false,0,14.90,14.90,true,1,
8850389111352,false,"משקה מלון עם חתיכות גלי קוקוס 320 מ""ל מוגו מוגו",סאפה פובליק קומפני לימיט,TH,מוגו מלון קוקוס,מיליליטרים,320.00,"100 מ""ל",false,1,7.90,2.47,true,1,
8850632604259,false,"יוגטה, חיספוסים, ממתק חמוץ בצורת מקלות בטעם תות שדה,50 גרם",ליימן שליסל בע`מ,TH,יוגטה ממתק חמוץ,גרמים,50.00,100 גרם,false,0,5.30,10.60,true,1,
8850632604372,false,"יוגטה, חיספוסים בצורת שטיח בטעם תות שדה 50 גרם",ליימן שליסל בע`מ,TH,יוגטה ממתק חמוץ,גרמים,50.00,100 גרם,false,0,5.30,10.60,true,1,
8858271004126,false,רוטב חמוץ מתוק 700 מ'ל - מקסצ'אפ,מזרח ומערב יבוא ושיווק,TH,רוטב חמוץ מתוק,מיליליטרים,700.00,"100 מ""ל",false,0,17.90,2.56,true,1,
8858271004799,false,"רוטב צילי מתוק אל פורפסיס 700 מ""ל",מזרח ומערב יבוא ושיווק,TH,רוטב צ'לי מתוק,מיליליטרים,700.00,"100 מ""ל",false,0,13.90,1.99,true,1,
8886303210542,false,"קרם קוקוס 17% 400 מ""ל ""קארה""",ג'ומון,ID,קרם קוקוס,מיליליטרים,400.00,"100 מ""ל",false,1,10.90,2.73,true,1,
8888021200256,false,סוללות אנרג'ייזר AA מקס 8 יחידות,יצרן: אנרג'ייזר סינג,SG,שמינית סוללות,יחידה,1.00,יחידה,false,0,26.90,26.90,true,1,
8888021200720,false,סוללות אנרג'ייזר AAA מקס 8 יחידות,יצרן: אנרג'ייזר סינג,SG,8 סוללות AAA,יחידה,1.00,יחידה,false,0,26.90,26.90,true,1,
8901537024014,false,"אורז בסמטי מובחר 1 ק""ג - דוואט) יורה דיעה",ג. וילי-פוד אינטרנשיונל בע`מ,IN,אורז בסמטי דאווט,קילוגרמים,1.00,"ק""ג",false,0,14.90,14.90,true,1,
8901537076679,false,אורז בסמטי חום מלא 1 קג`DAAWAT וילי פוד,ג. וילי-פוד אינטרנשיונל בע`מ,IN,אורז בסמטי חום,קילוגרמים,1.00,"ק""ג",false,1,16.90,16.90,true,1,
8934878081811,false,"דפי אורז 22 ס""מ 400 גר'(Trav) ללא גלוטן",מזרח ומערב יבוא ושיווק,VN,דפים אורז למילוי,גרמים,400.00,100 גרם,false,0,13.90,3.48,true,1,
8994692541038,false,שלישייה קונוסים לגלגול,צפניה ברזילי בעמ,CZ,נייר קונוס KS 3,יחידה,1.00,יחידה,false,0,7.90,7.90,false,1,
9000101380255,false,פרסיל דיסקס לכביסה ניקיון היגייני 22 יחידות,גורי שיווק בעמ,HU,פרסילקפסולות,יחידה,1.00,יחידה,false,1,38.40,38.40,true,1,
9000101512526,false,פרסיל - פאוור קאפס קפסולות ג'ל מרוכזות לכביסה 26 יח',גורי שיווק בעמ,RS,פרסיל ג'ל,יחידה,1.00,יחידה,false,1,36.90,36.90,true,1,
9000101537550,false,פרסיל קאפסולות לכביסה לבנה וצבעונית 52 יח',גורי שיווק בעמ,HU,פרסיל פאוור קאפס,יחידה,1.00,יחידה,false,1,64.90,64.90,true,1,
9002975393836,false,סוכריות גילי הריבו האפי קולה 70 גרם,"האריבו , ג'\י.אם.בי.אייץ",,סוכריות הריבו,יחידה,1.00,יחידה,false,0,7.90,7.90,true,1,
9002975393843,false,סוכריות גילי הריבו גולדברס 70 גרם,"האריבו , ג'\י.אם.בי.אייץ",,סוכריות הריבו,יחידה,1.00,יחידה,false,0,7.90,7.90,true,1,
9002975393850,false,סוכריות גילי הריבו וורמס 70 גרם,"האריבו , ג'\י.אם.בי.אייץ",,סוכריות הריבו,יחידה,1.00,יחידה,false,0,7.90,7.90,true,1,
9007829022023,false,"סוכר לבן 1 ק""ג","אגרנה צוקר בע""מ",AT,"סוכר לבן 1 ק""ג",קילוגרמים,1.00,"ק""ג",false,1,4.90,4.90,true,1,
9044400851672,false,סוכריות פז סוגים שונים + 3 מילויים,ר.ב. מוצרי דגנים בעמ,HU,בובת פז ט.פירות,יחידה,1.00,יחידה,false,1,11.90,11.90,true,1,
9120025839896,false,חטיף מילקה מצונן 128 גרם,ג.וילי-פוד אינטרנשיונל **גבינו,IT,חטיף מילקה מצונן,גרמים,120.00,100 גרם,false,1,16.00,13.33,true,1,
9322969000015,false,פריכיות תירס בטעם אורגינל ריל פודס 150 ג',אף.סי תבליני בגליל ב,AU,פריכיות תירס,גרמים,150.00,100 גרם,false,0,14.00,9.33,true,1,
9322969000039,false,פריכיות תירס עם ארבע דגנים מלאים 150 גר`,ריאל פודס בעמ,AU,פריכיות תירס,גרמים,150.00,100 גרם,false,1,14.00,9.33,true,1,
9720188060108,false,ממרח על בסיס סויה בסגון שמנת טופוטי 340 גרם,*החברה המרכזית להפצת משקאותבעמ,IL,ממרח טופו שמנת,גרמים,340.00,100 גרם,false,0,22.90,6.74,true,1,
