code,internal_code,name,manufacturer_name,manufacture_country,manufacturer_item_description,unit_qty,quantity,unit_of_measure,weighted,qty_in_package,price,unit_of_measure_price,allow_discount,status,item_id
30,true,קרטון סודה טמפו 24 י,,,קרטון סודה טמפו 24 י,ליטרים,6.60,ליטר,false,,57.90,8.7727,true,1,1323813
40,true,לחם לבן 750 גרם,,,לחם לבן 750 גרם,גרמים,750.00,100 גרם,false,,4.90,0.0065,true,1,1323303
41,true,לחם אחיד כהה 750 גרם,,,לחם אחיד כהה 750 גרם,גרמים,750.00,100 גרם,false,,4.90,0.0065,true,1,1323304
43,true,חלה פרג 500 גרם,,,חלה פרג 500 גרם,גרמים,500.00,100 גרם,false,,6.30,0.0126,true,1,1345130
48,true,חלה מתוקה עגולה לא א,,,חלה מתוקה עגולה לא א,גרמים,500.00,100 גרם,false,,8.90,0.0178,true,1,1323305
52,true,שליש בגאט.,,,שליש בגאט.,יחידה,0.00,יחידה,false,,2.00,0.0000,true,1,1345197
53,true,1/2 בגט.,,,1/2 בגט.,יחידה,0.00,יחידה,false,,2.50,0.0000,true,1,1305096
54,true,ג'בטה.,,,ג'בטה.,יחידה,109.00,יחידה,false,,2.50,0.0229,true,1,1305097
73,true,"10 ק""ג סוכר",,,"10 ק""ג סוכר",יחידה,0.00,יחידה,false,,39.00,0.0000,true,1,1333123
84,true,חלה רגילה/קלועה 500,,,חלה רגילה/קלועה 500,גרמים,500.00,100 גרם,false,,4.90,0.0098,true,1,1327395
87,true,"מארז פחיות 250 מ""ל X",,,"מארז פחיות 250 מ""ל X",ליטרים,6.00,ליטר,false,,89.90,14.9833,true,1,1364751
100,true,Temp Item,,,Temp Item,,0.00,,false,,0.00,0.0000,true,1,2431224
126,true,קרטון מי עדן קטן-24,,,קרטון מי עדן קטן-24,מיליליטרים,12000.00,"100 מ""ל",false,,45.00,0.0038,true,1,1334976
170,true,בגט בונזור.,,,בגט בונזור.,יחידה,0.00,יחידה,false,,4.40,0.0000,true,1,1305100
171,true,לחמים ג. בטעמים.,,,לחמים ג. בטעמים.,יחידה,0.00,יחידה,false,,14.90,0.0000,true,1,1305101
176,true,חלה מתוקה קלועה בונז,,,חלה מתוקה קלועה בונז,גרמים,560.00,100 גרם,false,,10.90,0.0195,true,1,1305106
177,true,חלה רגילה בונז'ור,,,חלה רגילה בונז'ור,יחידה,0.00,יחידה,false,,9.90,0.0000,true,1,1305107
179,true,מארז 5 יח' ג'בטה,,,מארז 5 יח' ג'בטה,יח',5.00,יח',false,,14.90,2.9800,true,1,1305109
201,true,בגט כפרי/חיטה מלאה.,,,בגט כפרי/חיטה מלאה.,יחידה,0.00,יחידה,false,,4.90,0.0000,true,1,1305110
213,true,בגט קראסט שיפון.,,,בגט קראסט שיפון.,יחידה,0.00,יחידה,false,,7.90,0.0000,true,1,1305112
290,true,באגט רוסטיק,,,באגט רוסטיק,יחידה,0.00,יחידה,false,,7.90,0.0000,true,1,1501400
351,true,קרטון סודה קינלי 250,,,קרטון סודה קינלי 250,ליטרים,6.00,ליטר,false,,60.00,10.0000,true,1,1334979
554,true,"קמח לבן 10 ק""ג",,,"קמח לבן 10 ק""ג",קילוגרמים,10.00,"ק""ג",false,,43.00,4.3000,true,1,1339504
650,true,פופקורן מלוח מוכן,,,פופקורן מלוח מוכן,גרמים,240.00,100 גרם,false,,7.90,0.0329,true,1,1323287
957,true,מים בורזום טבעיים מא,,,מים בורזום טבעיים מא,ליטרים,4.50,ליטר,false,,39.90,8.8667,true,1,1334878
1647,true,עוגות גבינה במשקל,,,עוגות גבינה במשקל,קילוגרמים,1.00,"ק""ג",true,,39.90,39.9000,true,1,1347150
4440,true,מאפים מתוקים-מלוחים.,,,מאפים מתוקים-מלוחים.,קילוגרמים,1.00,"ק""ג",true,,39.00,39.0000,true,1,1305121
4444,true,מארז בייגלה 4 יח'.,,,מארז בייגלה 4 יח'.,יח',4.00,יח',false,,14.90,3.7250,true,1,1305123
8092,true,מארז 10 לחמניות פטיט,,,מארז 10 לחמניות פטיט,יח',10.00,יח',false,,10.00,1.0000,true,1,1305125
8880,true,מארז 6 יח' בייבי חלו,,,מארז 6 יח' בייבי חלו,יח',6.00,יח',false,,10.00,1.6667,true,1,1305127
8884,true,מארז חצי בגט 4 יחידו,,,מארז חצי בגט 4 יחידו,יח',4.00,יח',false,,9.90,2.4750,true,1,1305129
8888,true,מארז לחמניות 5 יחידו,,,מארז לחמניות 5 יחידו,יח',5.00,יח',false,,9.90,1.9800,true,1,1305131
9025,true,פחזניות.,קפולסקי,IL,פחזניות חלבי (שקיל),קילוגרמים,1.00,"ק""ג",true,,59.00,59.0000,true,1,1334700
9568,true,קוקטייל יווני,,,קוקטייל יוני,קילוגרמים,1.00,"ק""ג",true,,59.00,59.0000,true,1,1345584
9582,true,מלפפון בחומץ,,,מלפפון בחומץ,קילוגרמים,1.00,"ק""ג",true,,35.00,35.0000,true,1,1319170
9599,true,זית סנטה מתובל,,,סנטה מתובל,קילוגרמים,1.00,"ק""ג",true,,49.00,49.0000,true,1,1345585
498393,true,חלה מתוקה עגולה לא א,,,חלה מתוקה עגולה לא א,גרמים,500.00,100 גרם,false,,7.90,0.0158,true,1,2479336
799806,true,Temp Item,,,Temp Item,,0.00,,false,,0.00,0.0000,true,1,2395999
13581990,false,כתף בשר מס' 5,,,כתף בשר מס' 5,קילוגרמים,1.00,"ק""ג",true,,69.90,69.9000,true,1,2428751
30500001,false,חגורת עור,,,חגורת עור,יחידה,0.00,יחידה,false,,59.90,0.0000,true,1,2378405
30700001,false,חגורה,,,חגורה,יחידה,0.00,יחידה,false,,22.90,0.0000,true,1,2253945
32147230,false,לימונית - מיץ לימון משומר,ג'נרל מילס סאן אדריא,CH,"מיץ לימון משומר 200מ""ל",מיליליטרים,200.00,"100 מ""ל",false,,7.90,0.0395,true,1,1353140
40052403,false,קיט קט אצבעות 40 גרם,נסטלה Nestle,,וופל קיט-קאט בודד,גרמים,41.50,100 גרם,false,,3.90,0.0940,true,1,1422130
40058153,false,קרם ניוואה רב שימושי,NIVEA,,ניוואה קרם רב שימושי,מיליליטרים,30.00,"100 מ""ל",false,,7.90,0.2633,true,1,1379187
40084107,false,ביצת שוקולד הפתעה קינדר,קריות זול,IT,ביצת הפתעה קינדר.,גרמים,20.00,100 גרם,false,,5.50,0.2750,true,1,1326377
40099132,false,מסטיק הובה בובה Hubba Bubba בטעם תות,הובה בובה Hubba Bubba,,מסטיק הובה בובה תות,גרמים,35.00,100 גרם,false,,2.90,0.0829,true,1,1336774
40173351,false,בירה מייזל חיטה אורי,,DE,"בירה ""מייזל"" חיטה או",מיליליטרים,500.00,"100 מ""ל",false,,9.90,0.0198,true,1,2429991
40267531,false,דבק סטיק 8 גר' UHU 1,,,דבק סטיק 8 גר' UHU 1,יחידה,0.00,יחידה,false,,4.90,0.0000,true,1,2527029
40267623,false,דבק סטיק 21 גרם UHU,,,דבק סטיק 21 גר' UHU,יחידה,0.00,יחידה,false,,8.90,0.0000,true,1,2527030
40345123,false,סמרטיז גליל סוכריות כפתורים 38 ג',נסטלה Nestle,DE,סמרטיס גליל,גרמים,38.00,100 גרם,false,,3.90,0.1026,true,1,1345165
40786179,false,בירה לוונבראו בפחית.,Spaten,,בירה לוונבראו בפחית.,מיליליטרים,500.00,"100 מ""ל",false,,9.90,0.0198,true,1,2414584
41001356,false,בירה בקס פחית 500 מל,יבואן ומשווק: ש. שסט,DE,בירה בקס פחית.,מיליליטרים,500.00,"100 מ""ל",false,,9.90,0.0198,true,1,1324068
42061939,false,בירה בקס בקבוק 500 מ,"איי, בי, אינבוו",DE,בירה בקס,מיליליטרים,500.00,"100 מ""ל",false,,8.90,0.0178,true,1,1934975
42123866,false,מסטיק הובה בובה צ'אנק פירות קלאסי 35ג',הובה בובה Hubba Bubba,,מסטיק הובה בובה קלאס,גרמים,35.00,100 גרם,false,,2.90,0.0829,true,1,1336777
42299363,false,"ניוואה - דאודורנט רול און לגבר פרש פאוור 50 מ""ל",,,ניוואה דאו רול און פ,יחידה,0.00,יחידה,false,,19.90,0.0000,true,1,1489863
42315926,false,קרם ידיים ניוואה 100,,,קרם ידיים ניוואה 100,גרמים,100.00,100 גרם,false,,12.90,0.1290,true,1,2378233
50204830,false,אוטן תרסיס דוחה יתושים וחרקים,אוטן Autan,,אוטן תרסיס דוחה יתוש,מיליליטרים,100.00,"100 מ""ל",false,,18.90,0.1890,true,1,1353143
50398904,false,"קרם חמצן 6% אינדולה 60 מ""ל",גדעון קוסמטיקס,IL,"אינדולה קרם חמצן 6% 60 מ""",מיליליטרים,60.00,"100 מ""ל",false,,3.90,0.0650,true,1,1322890
50398911,false,חמצן %9 60 מ''ל אינדולה,אינדולה Indola,,קרם חמצן 9%,מיליליטרים,60.00,"100 מ""ל",false,,3.90,0.0650,true,1,1322891
54051140,false,מעדן סויה טעם וניל אלפרו רביעיה * 125 ג',הנסיך- מפעל לייצור ט,BE,אלפרו מעדן סויה בטעם וניל,גרמים,500.00,100 גרם,false,,16.90,0.0338,true,1,1338741
54051157,false,מעדן סויה טעם שוקו אלפרו רביעיה 125 ג',קריות זול,BE,אלפרו מעדן סויה בטעם שוקו,גרמים,500.00,100 גרם,false,,16.90,0.0338,true,1,1338742
59013662,false,דאורדורנט דאב רול און קקאו,דאב Dove,,דאב דאו רולאון קקאו,מיליליטרים,50.00,"100 מ""ל",false,,17.90,0.3580,true,1,2425820
59079378,false,"אקס דאודורנט רול און אייס צ'יל 50 מ""ל",אקס Axe,,אקס דאודורנט רול און,מיליליטרים,50.00,"100 מ""ל",false,,18.90,0.3780,true,1,2422401
59079798,false,"רקסונה - דאודורנט רול און לאישה אנטי פרספירנט שאוור 50 מ""ל",,,דאודורנט רול און רקס,מיליליטרים,50.00,"100 מ""ל",false,,15.90,0.3180,true,1,2379063
59082637,false,"רקסונה - דאודורנט רולאון לגבר אקסטרא קול 50 מ""ל",רקסונה Rexona,,דאודורנטרול און רקסו,מיליליטרים,50.00,"100 מ""ל",false,,15.90,0.3180,true,1,2378374
59085645,false,דאודורנט רול און בניחוח אסאי,דאב Dove,,דאב דאו רולאון אסאי,מיליליטרים,50.00,"100 מ""ל",false,,17.90,0.3580,true,1,2464253
72917367,false,טעמי חטיף במילוי קרם נוגט וקרמל,"שטראוס גרופ בע""מ",IL,טעמי 28 חטיף 40 גר',גרמים,40.00,100 גרם,false,,3.90,0.0975,true,1,1342628
72940754,false,מעדן מילקי בטעם וניל עם קצפת,"שטראוס גרופ בע""מ",IL,מילקי וניל,גרמים,135.00,100 גרם,false,,2.80,0.0207,true,1,1341917
72940761,false,מעדן מילקי בטעם שוקולד עם קצפת,מיוצר עי קונדיטוריית,IL,מילקי שוקולד,גרמים,170.00,100 גרם,false,,2.80,0.0165,true,1,1341918
72940952,false,מעדן מילקי בטעם שוקולד עם אקסטרה קצפת,"שטראוס גרופ בע""מ",IL,מילקי אקסטרה קצפת,גרמים,170.00,100 גרם,false,,3.50,0.0206,true,1,1341919
72940976,false,כרוב אדום אחלה 250גר,מיוצר עי קונדיטוריית,IL,כרוב אדום 250,גרמים,250.00,100 גרם,false,,6.90,0.0276,true,1,1341920
72940983,false,חומוס אחלה 250 גרם,אחלה - שטראוס,IL,חומוס אחלה 250,גרמים,250.00,100 גרם,false,,6.90,0.0276,true,1,1840424
72941041,false,מעדן מילקי מיני בטעם שוקולד עם קצפת,"שטראוס גרופ בע""מ",IL,מעדן מילקי מיני שוקו,גרמים,70.00,100 גרם,false,,2.00,0.0286,true,1,1341922
72945308,false,קוביות שמרים לאפיה שמרית 2*25 ג',"פאקא תעשיות בע""מ",IL,שמרית קוביה,גרמים,50.00,100 גרם,false,,3.20,0.0640,true,1,1341923
72961506,false,יוגורט עם תות 1.5% שומן 125 ג' פרילי,מיוצר עי קונדיטוריית,IL,מעדן פרילי חלב תנובה,מיליליטרים,125.00,"100 מ""ל",false,,3.70,0.0296,true,1,1340240
72961520,false,יוגורט עם אננס 1.5% שומן 125 ג' פרילי,מיוצר עי קונדיטוריית,IL,מעדן פרילי אננס 125,מיליליטרים,125.00,"100 מ""ל",false,,3.70,0.0296,true,1,1340242
72961544,false,באדי יוגורט בטעם תות שדה 3%,מחלבת אלון תבור,IL,"מעדן באדי תות 125 מ""",מיליליטרים,125.00,"100 מ""ל",false,,2.90,0.0232,true,1,1340243
72963753,false,שמנת אורגינל של פעם 27% שומן 200 ג' תנובה,תנובה מרכז שיתופי לש,IL,שמנת של פעם 27% שומן,מיליליטרים,200.00,"100 מ""ל",false,,4.50,0.0225,true,1,1340246
72964132,false,פרילי טבע עם גרנולה 1.5% 200מל,מיוצר עי קונדיטוריית,IL,מעדן פרילי טבעגורט 2,גרמים,200.00,100 גרם,false,,5.30,0.0265,true,1,1340248
72964422,false,תנובה יוגורט פרחים 4.5% 200מל,מחלבת תנובה,IL,"יוגורט 4.5% 200 מ""ל.",מיליליטרים,200.00,"100 מ""ל",false,,2.90,0.0145,true,1,1340249
72986370,false,"גלידת בן & ג'ריס פיינטים וניל 500מ""ל",מוצרי איכות אמריקאים,IL,"גל.וניל צרפתי 500 מ""ל",מיליליטרים,500.00,"100 מ""ל",false,,24.90,0.0498,true,1,1326934
72986424,false,"גלידת בן & ג'ריס פיינטים קרם עוגיות 500מ""ל",מוצרי איכות אמריקאיי,IL,"גל.קרם עוגיות 500 מ""ל",מיליליטרים,500.00,"100 מ""ל",false,,24.90,0.0498,true,1,1326935
72986448,false,"גלידת בן & ג'ריס פיינטים טופי קראנץ 500מ""ל",מוצרי איכות אמריקאיי,IL,"גל.טופי קראנץ 500 מ""ל",מיליליטרים,500.00,"100 מ""ל",false,,24.90,0.0498,true,1,1326936
72986455,false,"ניו יורק סופר גלידת שוקולד, חתיכות פאדג' ואגוזים",מוצרי איכות אמריקאיי,IL,גלידת שוקולד פאגד'אגוזים,מיליליטרים,500.00,"100 מ""ל",false,,24.90,0.0498,true,1,1326937
72986479,false,"צ'אנקי מנקי גלידת וניל, בננות, חתיכות פאדג' ואגוזים",מוצרי איכות אמריקאיי,IL,"גל.צ'אנקי מאנקי 500 מ""ל",מיליליטרים,500.00,"100 מ""ל",false,,24.90,0.0498,true,1,1326938
72989425,false,"גלידת בן & ג'ריס פיינטים שוקולד בראוניז 500מ""ל",מוצרי איכות אמריקאיי,IL,500 גלידה שוקולד בראוניס,מיליליטרים,500.00,"100 מ""ל",false,,24.90,0.0498,true,1,1326939
72991008,false,פסק זמן חלב מגדים 45גרם,"שטראוס גרופ בע""מ",IL,"פ""ז קלסיק מגדים/24חט./45ג",גרמים,45.00,100 גרם,false,,4.90,0.1089,true,1,1342635
72991886,false,"גלידת דולצ'ה בטעם ריבת חלב עם פאדג' בן וג'ירי 500 מ""ל",מוצרי איכות אמריקאיי,IL,500 גלידת דולצ'ה דה לצ'ה,מיליליטרים,500.00,"100 מ""ל",false,,24.90,0.0498,true,1,1326940
72993637,false,מעדן חלב בטעם שוקולד 125 ג' דני,מחלבת אחיהוד,IL,דני שוקולד,גרמים,125.00,100 גרם,false,,2.70,0.0216,true,1,1341928
72994061,false,חטיף פסק זמן Z Good ופל מגולגל,שולן צ'יקולטה גידה ס,TR,פסק זמן 2Good,גרמים,36.00,100 גרם,false,,4.90,0.1361,true,1,1761305
76106071,false,"מיץ ליים משומר 200מ""ל",Sicilia סיציליה,,מיץ ליים משומר 200 מ,מיליליטרים,200.00,"100 מ""ל",false,,7.90,0.0395,true,1,2382178
80001027,false,חטיף קוקוס לואקר 38 גר',"כד בני דרום בע""מ",IT,חטיף טורטינה חלב,גרמים,21.00,100 גרם,false,,3.50,0.1667,true,1,1326380
80001287,false,וופל חטיף לואקר אגוז 38 גר',לואקר Loacker,AT,חטיף וופל גרדנה אגוז,גרמים,38.00,100 גרם,false,,3.50,0.0921,true,1,1326381
80001461,false,לואקר חטיף שוקולד 38 גר',"א. לואקר קונפקט בע""מ",AT,חטיף גרדנה מצופה,גרמים,38.00,100 גרם,false,,3.50,0.0921,true,1,1326383
80001485,false,גרדנה קוקוס 38 גר'25X יח',קריניציה ויטמינה אס,IT,חטיף גרדנה קוקוס,גרמים,38.00,100 גרם,false,,3.50,0.0921,true,1,1326384
80001911,false,וופל גרדנה במילוי קרם אגוזי לוז ובציפוי שוקולד לבן,לואקר Loacker,AT,חטיף וופל גרדנה אגוז,גרמים,38.00,100 גרם,false,,3.50,0.0921,true,1,1839394
80042556,false,עגבניות מרוסקות מוטי,מוטי Mutti,IT,עגבניות מרוסקות PO,גרמים,400.00,100 גרם,false,,5.90,0.0148,true,1,2486370
80043874,false,פלפל שחור במטחנה אור,,,פלפל שחור במטחנה אור,גרמים,32.00,100 גרם,false,,14.90,0.4656,true,1,1973368
80050025,false,סוכריות תפוז 16 ג' טיק טק,קריות זול,ZA,סוכריות טיק טק,גרמים,16.00,100 גרם,false,,3.20,0.2000,true,1,1326386
80050124,false,סוכריות מנטה 16 ג' טיק טק,קריות זול,ZA,סוכריות טיק-טק,גרמים,16.00,100 גרם,false,,3.20,0.2000,true,1,1326387
80052760,false,קינדר בואנו Kinder Bueno עם חלב ואגוזי לוז,קריות זול,PL,קינדר בואנו שוקולד ב,גרמים,43.00,100 גרם,false,,3.90,0.0907,true,1,1326392
80052883,false,סוכריות מנטה חזק 16 ג' טיק טק,פררו,ZA,סוכריות טיק טק,גרמים,16.00,100 גרם,false,,3.20,0.2000,true,1,2432271
80136194,false,חטיפי הפי היפו Happy Hippo במילוי קרם חלבי ואגוזי לוז,קינדר Kinder,DE,הפי היפו חמישייה,גרמים,103.50,100 גרם,false,,11.90,0.1150,true,1,1812512
80176800,false,"ממרח שוקולד נוטלה, 750 גר",פררו תעשיות איטליה ס,IT,ממרח נוטלה 750 גרם,גרמים,750.00,100 גרם,false,,25.90,0.0345,true,1,1326395
80177173,false,ממרח אגוזי לוז עם קקאו,נוטלה Nutella,IT,ממרח נוטלה 350 גרם,גרמים,350.00,100 גרם,false,,14.90,0.0426,true,1,1326396
80177609,false,אצבעות שוקולד קינדר Kinder ארבע יחידות,קריות זול,IT,שוקולד קינדר אצבעות,גרמים,50.00,100 גרם,false,,3.90,0.0780,true,1,1326399
80177616,false,אצבעות שוקולד קינדר Kinder שמונה יחידות,קריות זול,IT,שוקולד קינדר,גרמים,100.00,100 גרם,false,,7.90,0.0790,true,1,1326400
80273561,false,פלפל שחור במטחנה 45,דרוגריה ואלימנטרי אס,IT,פלפל שחור במטחנה 45גרם,גרמים,45.00,100 גרם,false,,12.90,0.2867,true,1,1337006
80273592,false,פלפל ארבע עונות במטחנה,דרוגריה ואלימנטרי אס,IT,פלפל 4עונות מטחנה 35גרם,גרמים,35.00,100 גרם,false,,12.90,0.3686,true,1,1337007
80273660,false,שום במטחנה 50 גרם,דרוגריה ואלימנטרי אס,IT,שום במטחנה 50גרם,גרמים,50.00,100 גרם,false,,12.90,0.2580,true,1,1337010
80273677,false,צ'ילי במטחנה 20 גרם,דרוגריה ואלימנטרי אס,IT,צ'ילי במטחנה 20גרם,גרמים,20.00,100 גרם,false,,12.90,0.6450,true,1,1337011
80310891,false,ביצת הפתעה קינדר ג'וי כתום,קריות זול,ZA,קינדר ג'וי ביצת הפתע,גרמים,20.00,100 גרם,false,,5.90,0.2950,true,1,2530299
80533917,false,פילה אנשובי בשמן זית,,,פילה אנשובי בשמן זית,גרמים,75.00,100 גרם,false,,24.90,0.3320,true,1,2384353
80541776,false,אורגנו אורגני 14 גרם,האי נאם סי או אל.טי.,IT,אורגנו אורגני 14 גרם,גרמים,14.00,100 גרם,false,,14.90,1.0643,true,1,2374277
80651017,false,תערובת עשבי טוסקנה במטחנה,דרוגריה ואלימנטרי אס,IT,תערובת עשבי טוסקנה במטחנה,גרמים,16.00,100 גרם,false,,12.90,0.8063,true,1,1337018
80651765,false,ג'ינג'ר במטחנה 28 גר,דרוגריה ואלימנטרי אס,IT,ג'ינג'ר זנגביל במטחנה 35ג,גרמים,28.00,100 גרם,false,,12.90,0.4607,true,1,1337020
80655428,false,בזיליקום אורגני 15 ג,,,בזיליקום אורגני 15 ג,גרמים,15.00,100 גרם,false,,14.90,0.9933,true,1,1486335
80761761,false,קינדר בואנו לבן בודד 39 גרם,קדבורי,PL,קינדר בואנו לבן בודד,גרמים,39.00,100 גרם,false,,3.90,0.1000,true,1,1326403
80768258,false,קינדר ג'וי Joy ביצת הפתעה ורוד,קינדר Kinder,ZA,קינדר ג'וי ביצת הפתע,גרמים,20.00,100 גרם,false,,5.50,0.2750,true,1,1326406
80768838,false,מסטיק מנטוס וויט ביג פירות ומנטה 105 ג',"אינסטנטה בע""מ",TR,מסטיק מנטוס בטעם פיר,גרמים,90.00,100 גרם,false,,16.90,0.1878,true,1,1490851
80773429,false,מסטיק מנטוס פיור פרש בבקבוק בינוני בטעם תות 60 ג',פרפטי ואן מלה הולנד,TR,מסטיק מנטוס תות 60 ג,גרמים,60.00,100 גרם,false,,9.90,0.1650,true,1,1881585
80773443,false,מסטיק מנטוס בבקבוק מעוגל בטעם מנטה מעודנת 60 ג',פרפטי ואן מלה הולנד,TR,מסטיק מנטוס פירות 60,גרמים,60.00,100 גרם,false,,9.90,0.1650,true,1,1635434
80776307,false,מסטיק מנטוס ביג בבקבוק מעוגל טעם פירות מנטה 90 ג',פרפטי ואן מלה הולנד,TR,מסטיק מנטוס בטעם פיר,גרמים,90.00,100 גרם,false,,16.90,0.1878,true,1,1635435
80780595,false,מסטיק מנטוס ביג בבקבוק מעוגל טעם מנטה-עדינה 90 ג',מנטוס Mentos,TR,מסטיק מנטוס בטעם מנט,גרמים,90.00,100 גרם,false,,16.90,0.1878,true,1,1635436
80790990,false,מסטיק מנטוס בבקבוק מעוגל בטעם פירות -מנטה 60 ג',פרפטי ואן מלה הולנד,TR,מסטיק מנטוס פירות,גרמים,60.00,100 גרם,false,,9.90,0.1650,true,1,1635437
80794233,false,מסטיק מנטוס ביג בבקבוק מעוגל טעם מנטה 90 ג',פרפטי ואן מלה הולנד,,מסטיק מנטוס בטעם מנט,גרמים,90.00,100 גרם,false,,16.90,0.1878,true,1,1635438
80804697,false,מסטיק וויט White בטעם מנטה מתוקה ללא סוכר,"אינסטנטה בע""מ",TR,מסטיק מנטוס בטעם מנט,גרמים,105.00,100 גרם,false,,16.90,0.1610,true,1,1490853
80831402,false,סוכריות מנטוס מנטה עדינה 30 יח' ללא סוכר CLEAN BREATH,מנטוס Mentos,NL,סוכריות מנטוס מנטה ע,גרמים,31.00,100 גרם,false,,6.90,0.2226,true,1,2405077
80832560,false,סוכריות מנטוס פירות יער 21 ג' ללא סוכר CLEAN BREATH,Unknown,,סוכריות מנטוס פירות,גרמים,31.00,100 גרם,false,,6.90,0.2226,true,1,2520561
80843184,false,מנטוס מסטיק פיור פרש בטעם ענבים 60גר,פרפטי ואן מלה הולנד,TR,מסטיק מנטוס ענבים,גרמים,60.00,100 גרם,false,,9.90,0.1650,true,1,2474306
80854753,false,סוכריות מנטוס מנטה 30 יח' ללא סוכר CLEAN BREATH,מנטוס Mentos,NL,סוכריות מנטוס מנטה ל,גרמים,31.00,100 גרם,false,,6.90,0.2226,true,1,2405078
80862260,false,מסטיק pure white XXL-מנטה מתוקה 150 גרם,פרפטי ואן מלה ברדה,TR,מסטיק מנטוס בטעם מנט,גרמים,150.00,100 גרם,false,,16.90,0.1127,true,1,2546735
80864059,false,וופל גרדנה עם קרם חמאת בוטנים בציפוי שוקולד חלב,לואקר Loacker,AT,חטיף וופל גרדנה אגוז,גרמים,21.00,100 גרם,false,,3.50,0.1667,true,1,2513758
80864295,false,סוכריות פיור וויט טעם מנטה עדינה 60 ג' מנטוס,פרפטי ואן מלה הולנד,TR,מסטיק מנטוס וויט מנט,גרמים,60.00,100 גרם,false,,9.90,0.1650,true,1,2476906
80896081,false,מסטיק מנטוס פיור פרש בבקבוק בינוני בטעם אבטיח 60 ג',פרפטי ואן מלה הולנד,TR,מסטיק מנטוס אבטיח 60,גרמים,60.00,100 גרם,false,,9.90,0.1650,true,1,1881586
80913467,false,מסטיק מנטו בבקבוק מעוגל בטעם מנטה 60 ג',פרפטי ואן מלה הולנד,TR,מסטיק מנטוס מנטה,גרמים,60.00,100 גרם,false,,9.90,0.1650,true,1,1635439
80926481,false,מסטיק מנטוס פיור פרש בבקבוק בינוני בטעם אבטיח 90ג',פרפטי ואן מלה הולנד,,מסטיק מנטוס בטעם אבט,גרמים,90.00,100 גרם,false,,16.90,0.1878,true,1,2114881
80929277,false,מסטיק pure white XXL-מנטה עדינה 150 גרם,פרפטי ואן מלה ברדה,TR,מסטיק מנטוס בטעם מנט,גרמים,150.00,100 גרם,false,,16.90,0.1127,true,1,2546736
80936848,false,סוכריות טיק טק תות שדה 24 יח',קדבורי,ZA,סוכריות טיק-טק,גרמים,16.00,100 גרם,false,,3.20,0.2000,true,1,1326422
80945468,false,סוכריות פיור וויט טעם מנטה מתוקה 60 ג' מנטוס,פרפטי ואן מלה הולנד,TR,מסטיק מנטוס וויט מנט,גרמים,60.00,100 גרם,false,,9.90,0.1650,true,1,2476907
80957706,false,מסטיק pure white XXL -מנטה 150 גרם,פרפטי ואן מלה ברדה,TR,מסטיק מנטוס בטעם מנט,גרמים,150.00,100 גרם,false,,16.90,0.1127,true,1,2546737
80974215,false,מסטיק מנטוס פיור פרש בבקבוק ביג בטעם תות 90ג',פרפטי ואן מלה הולנד,,מסטיק מנטוס בטעם תות,גרמים,90.00,100 גרם,false,,16.90,0.1878,true,1,2114882
80974482,false,קינדר ג'וי Joy ביצת הפתעה כחול,קריות זול,ZA,קינדר ג'וי ביצת הפתע,גרמים,20.00,100 גרם,false,,5.50,0.2750,true,1,1326425
80979128,false,מסטיק מנטוס פיור בטעם דובדבן 60 ג',פרפטי ואן מלה הולנד,TR,מסטיק מנטוס דובדבן,גרמים,60.00,100 גרם,false,,9.90,0.1650,true,1,2474307
80982470,false,מסטיק מנטוס פיור פרוסט בטעם מנטה חזק 60 גר',פרפטי ואן מלה ברדה,TR,מסטיק מנטוס מנטה חזק,גרמים,60.00,100 גרם,false,,9.90,0.1650,true,1,2454749
80986348,false,סוכריות פיור וויט טעם מנטה 60 ג' מנטוס,פרפטי ואן מלה הולנד,TR,מסטיק מנטוס וויט מנט,גרמים,60.00,100 גרם,false,,9.90,0.1650,true,1,2476908
80995128,false,מנטוס - מסטיק בטעם הדרים בתוספת ויטמינים 60 גרם,פרפטי ואן מלה הולנד,TR,מסטיק מנטוס הדרים 6,גרמים,60.00,100 גרם,false,,9.90,0.1650,true,1,2537576
87108538,false,סוכריות מנטוס Mentos תות שדה,הדקלאים אגודת שיתופי,NL,מנטוס תות בודד,גרמים,37.00,100 גרם,false,,3.00,0.0811,true,1,1326427
87108651,false,מארז סוכריות מנטוס Mentos מנטה,הדקלאים אגודת שיתופי,NL,מנטוס 1/4 טעם מנטה,גרמים,150.00,100 גרם,false,,10.90,0.0727,true,1,1326428
87108712,false,מארז סוכריות מנטוס Mentos פירות,פרפטי ואן מלה ברדה,NL,מנטוס 1/4 טעם פירות,גרמים,150.00,100 גרם,false,,10.90,0.0727,true,1,1326429
87311396,false,סוכריות מנטוס Mentos ריינבואו,פרפטי ואן מלה,NL,מנטוס גליל בודד,גרמים,37.50,100 גרם,false,,3.00,0.0800,true,1,1326435
87342802,false,"אקס דאודורנט רול און גולד 50 מ""ל",אקס Axe,,אקס רול און רוק,מיליליטרים,50.00,"100 מ""ל",false,,18.90,0.3780,true,1,2422402
87354041,false,סוכריות מנטוס Mentos בטעם דובדבן,קריות זול,,מנטוס דובדבן בודד,גרמים,37.50,100 גרם,false,,3.00,0.0800,true,1,2475762
88888100,true,מוכרנים - מוצרי חשמל,,,מוכרנים - מוצרי חשמל,,0.00,,false,,0.00,0.0000,true,1,2342084
90087011,false,הפי דיי נקטר תפוחים,Rauch fruchtsafte gm,,מיץ תפוחים 100% 1 לי,ליטרים,1.00,ליטר,false,,11.90,11.9000,true,1,1339622
90087271,false,נקטר אוכמניות 1 ל' RAUCH,Rauch fruchtsafte gm,,נקטר אוכמניות 1 ליטר,ליטרים,1.00,ליטר,false,,11.90,11.9000,true,1,1339623
90087769,false,הפי דיי נקטר אננס לל,Rauch fruchtsafte gm,,מיץ אננס 100%,ליטרים,1.00,ליטר,false,,11.90,11.9000,true,1,1339625
90087974,false,"חומץ תפוחים 5% 750 מ""ל",ראוך פרוכטסאפה,,"חומץ מתפוחים 750 מ""ל",מיליליטרים,750.00,"100 מ""ל",false,,12.90,0.0172,true,1,1339626
90162602,false,משקה אנרגיה רד בול 250 מ''ל,רד בול ג'י.אם.בי. אץ,AT,משקה רד-בול אנרגיה.,מיליליטרים,250.00,"100 מ""ל",false,,5.90,0.0236,true,1,1347399
90446269,false,"משקה אנרגיה אבטיח 250 מ""ל רד בול",ראון פרוכטסאפה,AT,משקה רד-בול אנרגיה א,מיליליטרים,250.00,"100 מ""ל",false,,5.90,0.0236,true,1,2463182
90448867,false,"משקה אנרגיה ללא פחממות 250 מ""ל רד בול",רד בול,AT,משקה רד-בול אנרגיה ל,מיליליטרים,250.00,"100 מ""ל",false,,5.90,0.0236,true,1,2518377
96033531,false,דאו רול און רימון ולואיזה,דאב Dove,,דאב רול און רימונים,מיליליטרים,50.00,"100 מ""ל",false,,17.90,0.3580,true,1,2227355
96130339,false,"דאב - דאודורנט רול און לאישה 0% אלומיניום 50 מ""ל",,,דאודורנט רול און 0%,מיליליטרים,50.00,"100 מ""ל",false,,17.90,0.3580,true,1,2464266
96137130,false,"דאו' רול און אנטי פרספירנט אגס ואלוורה 50 מ""ל",יוניליוור,TR,דאב רולאון אגס אלוור,מיליליטרים,50.00,"100 מ""ל",false,,17.90,0.3580,true,1,2046290
3591320001,false,גרבי בייבי בנים,,,גרבי בייבי בנים,יחידה,0.00,יחידה,false,,14.90,0.0000,true,1,2396016
3591320006,false,גרבי בייבי בנים מדוג,,,גרבי בייבי בנים מדוג,יחידה,0.00,יחידה,false,,14.90,0.0000,true,1,2489062
3592320001,false,גרבי בייבי בנות מדוג,,,גרבי בייבי בנות מדוג,יחידה,0.00,יחידה,false,,14.90,0.0000,true,1,2396017
3592620002,false,גרביון בייבי מדוגם,,,גרביון בייבי מדוגם,יחידה,0.00,יחידה,false,,14.90,0.0000,true,1,2425376
3593110010,false,בוקסר בנים חלק,,,בוקסר בנים חלק,יחידה,0.00,יחידה,false,,34.90,0.0000,true,1,2487940
3593210002,false,חמישיית תחתוני בנים,,,חמישיית תחתוני בנים,יחידה,0.00,יחידה,false,,34.90,0.0000,true,1,2396025
3593210003,false,תחתוני בנים מדוגם,,,תחתוני בנים מדוגם,יחידה,0.00,יחידה,false,,34.90,0.0000,true,1,2396026
3593320005,false,גרבי בנים חלק,,,גרבי בנים חלק,יחידה,0.00,יחידה,false,,14.90,0.0000,true,1,2396033
3593320006,false,גרבי בנים מדוגם,,,גרבי בנים מדוגם,יחידה,0.00,יחידה,false,,14.90,0.0000,true,1,2396034
3593320013,false,גרבי בנים חלק ללא תפ,,,גרבי בנים חלק ללא תפ,יחידה,0.00,יחידה,false,,14.90,0.0000,true,1,2396039
3593320024,false,גרבי בנים חלק תפר שט,,,גרבי בנים חלק תפר שט,יחידה,0.00,יחידה,false,,14.90,0.0000,true,1,2489083
3593380001,false,רביעיית קרסוליות בני,,,רביעיית קרסוליות בני,יחידה,0.00,יחידה,false,,19.90,0.0000,true,1,2489090
3593380003,false,רביעיית קוואטר בנים,,,רביעיית קוואטר בנים,יחידה,0.00,יחידה,false,,19.90,0.0000,true,1,2489092
3593830007,false,O חולצת בנים פלנל מע,,,O חולצת בנים פלנל מע,יחידה,0.00,יחידה,false,,19.90,0.0000,true,1,2489093
3593830008,false,O חולצת בנים פלנל מע,,,O חולצת בנים פלנל מע,יחידה,0.00,יחידה,false,,19.90,0.0000,true,1,2489094
3593920001,false,קרסוליות ילדים חצי מ,,,קרסוליות ילדים חצי מ,יחידה,0.00,יחידה,false,,14.90,0.0000,true,1,2489095
3594210001,false,חמישיית תחתוני בנות,,,חמישיית תחתוני בנות,יחידה,0.00,יחידה,false,,24.90,0.0000,true,1,2396042
3594210003,false,חמישיית תחתוני גמילה,,,חמישיית תחתוני גמילה,יחידה,0.00,יחידה,false,,24.90,0.0000,true,1,2396044
3594210013,false,תחתוני בנות מדוגם,,,תחתוני בנות מדוגם,יחידה,0.00,יחידה,false,,24.90,0.0000,true,1,2487954
3594210015,false,תחתוני בנות מדוגם,,,תחתוני בנות מדוגם,יחידה,0.00,יחידה,false,,34.90,0.0000,true,1,2487955
3594210017,false,תחתוני בנות מדוגם,,,תחתוני בנות מדוגם,יחידה,0.00,יחידה,false,,34.90,0.0000,true,1,2487956
3594210018,false,שלישיית בוקסר בנות,,,שלישיית בוקסר בנות,יחידה,0.00,יחידה,false,,34.90,0.0000,true,1,2487957
3594320004,false,גרבי יוניסקס ילדים ח,,,גרבי יוניסקס ילדים ח,יחידה,0.00,יחידה,false,,24.90,0.0000,true,1,2396052
3594320014,false,קרסוליות בנות חלק שנ,,,קרסוליות בנות חלק שנ,יחידה,0.00,יחידה,false,,12.90,0.0000,true,1,2425390
3594320019,false,גרבי ברך בנות,,,גרבי ברך בנות,יחידה,0.00,יחידה,false,,14.90,0.0000,true,1,2425393
3594320022,false,שלישיית גרבי בנות מד,,,שלישיית גרבי בנות מד,יחידה,0.00,יחידה,false,,12.90,0.0000,true,1,2487597
3594320031,false,שלישיית עקביות פלאפ,,,שלישיית עקביות פלאפ,יחידה,0.00,יחידה,false,,19.90,0.0000,true,1,2544457
3594320032,false,גרבי בנות מגבת מלאה,,,גרבי בנות מגבת מלאה,יחידה,0.00,יחידה,false,,19.90,0.0000,true,1,2489111
3594320033,false,גרבי בנות מגבת מלאה,,,גרבי בנות מגבת מלאה,יחידה,0.00,יחידה,false,,19.90,0.0000,true,1,2489112
3594320040,false,שלישיית גרבי בנות שנ,,,שלישיית גרבי בנות שנ,יחידה,0.00,יחידה,false,,24.90,0.0000,true,1,2544463
3594380001,false,רביעיית קרסוליות בנו,,,רביעיית קרסוליות בנו,יחידה,0.00,יחידה,false,,19.90,0.0000,true,1,2489113
3594620015,false,גרביון כותנה ילדות ח,,,גרביון כותנה ילדות ח,יחידה,0.00,יחידה,false,,14.90,0.0000,true,1,2489118
3594830012,false,O חולצת בנות פלנל מע,,,O חולצת בנות פלנל מע,יחידה,0.00,יחידה,false,,19.90,0.0000,true,1,2489122
3595110001,false,בוקסר גבר חלק,,,בוקסר גבר חלק,יחידה,0.00,יחידה,false,,39.90,0.0000,true,1,2396059
3595110004,false,בוקסר גבר חלק,,,בוקסר גבר חלק,יחידה,0.00,יחידה,false,,49.90,0.0000,true,1,2396062
3595110013,false,בוקסר גבר רחב מדוגם,,,בוקסר גבר רחב מדוגם,יחידה,0.00,יחידה,false,,19.90,0.0000,true,1,2396071
3595110014,false,בוקסר גבר רחב חלק,,,בוקסר גבר רחב חלק,יחידה,0.00,יחידה,false,,19.90,0.0000,true,1,2396072
3595110020,false,בוקסר גברחלק כ/ל גומ,,,בוקסר גברחלק כ/ל גומ,יחידה,0.00,יחידה,false,,19.90,0.0000,true,1,2396076
3595110023,false,בוקסר גבר רחב חלק מ.,,,בוקסר גבר רחב חלק מ.,יחידה,0.00,יחידה,false,,19.90,0.0000,true,1,2396079
3595110027,false,בוקסר גבר דרייפיט,,,בוקסר גבר דרייפיט,יחידה,0.00,יחידה,false,,19.90,0.0000,true,1,2489124
3595110029,false,בוקסר גבר כותנה ארוך,,,בוקסר גבר כותנה ארוך,יחידה,0.00,יחידה,false,,19.90,0.0000,true,1,2489125
3595110030,false,בוקסר גבר מודל ארוך,,,בוקסר גבר מודל ארוך,יחידה,0.00,יחידה,false,,19.90,0.0000,true,1,2489126
3595110036,false,בוקסר גבר עם פתח קדמ,,,בוקסר גבר עם פתח קדמ,יחידה,0.00,יחידה,false,,19.90,0.0000,true,1,2487972
3595110051,false,בוקסר גבר חלק כ/ל גו,,,בוקסר גבר חלק כ/ל גו,יחידה,0.00,יחידה,false,,49.90,0.0000,true,1,2489141
3595210009,false,סליפ גבר כותנה לבן ע,,,סליפ גבר כותנה לבן ע,יחידה,0.00,יחידה,false,,19.90,0.0000,true,1,2489149
3595210010,false,סליפ גבר חלק 5 יח,,,סליפ גבר חלק 5 יח,יחידה,0.00,יחידה,false,,39.90,0.0000,true,1,2488530
3595320015,false,קרסוליות גבר חלק,,,קרסוליות גבר חלק,יחידה,0.00,יחידה,false,,24.90,0.0000,true,1,2396096
3595320023,false,גרבי גבר עם צמר,,,גרבי גבר עם צמר,יחידה,0.00,יחידה,false,,24.90,0.0000,true,1,2425409
3595320027,false,גרבי עבודה גבר,,,גרבי עבודה גבר,יחידה,0.00,יחידה,false,,19.90,0.0000,true,1,2425413
3595320030,false,שלישיית גרבי קווארטר,,,שלישיית גרבי קווארטר,יחידה,0.00,יחידה,false,,19.90,0.0000,true,1,2473146
3595320031,false,קרסוליות ספורט גבר ח,,,קרסוליות ספורט גבר ח,יחידה,0.00,יחידה,false,,19.90,0.0000,true,1,2489151
3595320043,false,קרסוליות גבר חלק,,,קרסוליות גבר חלק,יחידה,0.00,יחידה,false,,24.90,0.0000,true,1,2487973
3595320059,false,זוג גרביים תרמיים גב,,,זוג גרביים תרמיים גב,יחידה,0.00,יחידה,false,,19.90,0.0000,true,1,2544493
3595380002,false,רביעיית קרסוליות גבר,,,רביעיית קרסוליות גבר,יחידה,0.00,יחידה,false,,29.90,0.0000,true,1,2489155
3595380003,false,רביעיית קוואטר גבר ח,,,רביעיית קוואטר גבר ח,יחידה,0.00,יחידה,false,,29.90,0.0000,true,1,2489156
3595430005,false,גופיות סבאגבר חלק ל,,,גופיות סבאגבר חלק ל,יחידה,0.00,יחידה,false,,29.90,0.0000,true,1,2487598
3595430006,false,גופיות סבאגבר פסים ל,,,גופיות סבאגבר פסים ל,יחידה,0.00,יחידה,false,,29.90,0.0000,true,1,2487975
3595530001,false,שלישיית טריקו גבר חל,,,שלישיית טריקו גבר חל,יחידה,0.00,יחידה,false,,49.90,0.0000,true,1,2396105
3595530002,false,זוג טריקו חלק גבר ל,,,זוג טריקו חלק גבר ל,יחידה,0.00,יחידה,false,,49.90,0.0000,true,1,2487977
3595530003,false,זוג טריקו חלק גבר ש,,,זוג טריקו חלק גבר ש,יחידה,0.00,יחידה,false,,49.90,0.0000,true,1,2487978
3595830024,false,חולצות גבר פלנל שחור,,,חולצות גבר פלנל שחור,יחידה,0.00,יחידה,false,,49.90,0.0000,true,1,2489157
3595830025,false,חולצות גבר פלנל לבן,,,חולצות גבר פלנל לבן,יחידה,0.00,יחידה,false,,49.90,0.0000,true,1,2489158
3595830028,false,מכנסי גבר פלנל לבן,,,מכנסי גבר פלנל לבן,יחידה,0.00,יחידה,false,,49.90,0.0000,true,1,2489161
3595830033,false,חולצות גבר פלנל לבן,,,חולצות גבר פלנל לבן,יחידה,0.00,יחידה,false,,49.90,0.0000,true,1,2489166
3595830038,false,חולצות גבר פלנל לבן,,,חולצות גבר פלנל לבן,יחידה,0.00,יחידה,false,,49.90,0.0000,true,1,2489171
3595920004,false,גרבי צבא,,,גרבי צבא,יחידה,0.00,יחידה,false,,24.90,0.0000,true,1,2463691
3595950011,false,בוקסר גבר חלק בנדוטי,,,בוקסר גבר חלק בנדוטי,יחידה,0.00,יחידה,false,,14.90,0.0000,true,1,2511681
3595950012,false,בוקסר גבר חלק בנדוטי,,,בוקסר גבר חלק בנדוטי,יחידה,0.00,יחידה,false,,14.90,0.0000,true,1,2511682
3595950013,false,בוקסר גבר חלק בנדוטי,,,בוקסר גבר חלק בנדוטי,יחידה,0.00,יחידה,false,,14.90,0.0000,true,1,2511683
3595950014,false,בוקסר גבר חלק בנדוטי,,,בוקסר גבר חלק בנדוטי,יחידה,0.00,יחידה,false,,14.90,0.0000,true,1,2511684
3596210012,false,חמישיית תחתוני ביקינ,,,חמישיית תחתוני ביקינ,יחידה,0.00,יחידה,false,,34.90,0.0000,true,1,2396117
3596210016,false,שלישיית תחתוני נשים,,,שלישיית תחתוני נשים,יחידה,0.00,יחידה,false,,29.90,0.0000,true,1,2396121
3596210017,false,שלישיית תחתוני נשים,,,שלישיית תחתוני נשים,יחידה,0.00,יחידה,false,,29.90,0.0000,true,1,2396122
3596210034,false,שלישיית תחתוני סנטונ,,,שלישיית תחתוני סנטונ,יחידה,0.00,יחידה,false,,34.90,0.0000,true,1,2489182
3596210046,false,תחתוני נשים אורגני,,,תחתוני נשים אורגני,יחידה,0.00,יחידה,false,,34.90,0.0000,true,1,2489184
3596210050,false,תחתוני נשים אורגני,,,תחתוני נשים אורגני,יחידה,0.00,יחידה,false,,29.90,0.0000,true,1,2487984
3596210052,false,ביקיני נשים מדוגם כ/,,,ביקיני נשים מדוגם כ/,יחידה,0.00,יחידה,false,,34.90,0.0000,true,1,2489188
3596320001,false,גרבי בריאות נשים,,,גרבי בריאות נשים,יחידה,0.00,יחידה,false,,14.90,0.0000,true,1,2396123
3596320004,false,שלישיית גרבי low cut,,,שלישיית גרבי low cut,יחידה,0.00,יחידה,false,,14.90,0.0000,true,1,2396126
3596320018,false,גרבי ברך נשים,,,גרבי ברך נשים,יחידה,0.00,יחידה,false,,12.90,0.0000,true,1,2425445
3596320020,false,קרסוליות ספורט יוניס,,,קרסוליות ספורט יוניס,יחידה,0.00,יחידה,false,,19.90,0.0000,true,1,2489190
3596320021,false,קרסוליות נמוכות ספור,,,קרסוליות נמוכות ספור,יחידה,0.00,יחידה,false,,19.90,0.0000,true,1,2489191
3596320023,false,קרסוליות יוניסקס חלק,,,קרסוליות יוניסקס חלק,יחידה,0.00,יחידה,false,,14.90,0.0000,true,1,2473149
3596320024,false,קרסוליות יוניסקס חל,,,קרסוליות יוניסקס חל,יחידה,0.00,יחידה,false,,14.90,0.0000,true,1,2473134
3596320025,false,גרבי סניקרס נשים,,,גרבי סניקרס נשים,יחידה,0.00,יחידה,false,,19.90,0.0000,true,1,2487986
3596320028,false,שלישיית גרבי בריאות,,,שלישיית גרבי בריאות,יחידה,0.00,יחידה,false,,14.90,0.0000,true,1,2489192
3596320036,false,עקביות פלאפי נשים מ,,,עקביות פלאפי נשים מ,יחידה,0.00,יחידה,false,,19.90,0.0000,true,1,2544505
3596320039,false,גרבי חיילות שחור/לבן,,,גרבי חיילות שחור/לבן,יחידה,0.00,יחידה,false,,19.90,0.0000,true,1,2490188
3596320048,false,שלישיית קרסוליות נשי,,,שלישיית קרסוליות נשי,יחידה,0.00,יחידה,false,,19.90,0.0000,true,1,2544513
3596380001,false,רביעיית קרסוליות נשי,,,רביעיית קרסוליות נשי,יחידה,0.00,יחידה,false,,29.90,0.0000,true,1,2489201
3596380002,false,רביעיית קרסוליות נשי,,,רביעיית קרסוליות נשי,יחידה,0.00,יחידה,false,,29.90,0.0000,true,1,2489202
3596620014,false,גרביים תרמיים נשים ח,,,גרביים תרמיים נשים ח,יחידה,0.00,יחידה,false,,16.90,0.0000,true,1,2425451
3596620018,false,שמיניית קרסוליות נשי,,,שמיניית קרסוליות נשי,יחידה,0.00,יחידה,false,,19.90,0.0000,true,1,2544518
3596830007,false,חולצת נשים פלנל מעור,,,חולצת נשים פלנל מעור,יחידה,0.00,יחידה,false,,19.90,0.0000,true,1,2489208
3596830009,false,חולצות נשים תרמית שח,,,חולצות נשים תרמית שח,יחידה,0.00,יחידה,false,,49.90,0.0000,true,1,2489210
3598830019,false,O חולצות ילדים פלנל,,,O חולצות ילדים פלנל,יחידה,0.00,יחידה,false,,29.90,0.0000,true,1,2489214
3598830022,false,O חולצות ילדים פלנל,,,O חולצות ילדים פלנל,יחידה,0.00,יחידה,false,,29.90,0.0000,true,1,2489217
3598830023,false,חולצות ילדים פלנל לב,,,חולצות ילדים פלנל לב,יחידה,0.00,יחידה,false,,29.90,0.0000,true,1,2487994
3598830025,false,O חולצות ילדים פלנל,,,O חולצות ילדים פלנל,יחידה,0.00,יחידה,false,,29.90,0.0000,true,1,2489218
3598830026,false,O חולצות ילדים פלנל,,,O חולצות ילדים פלנל,יחידה,0.00,יחידה,false,,29.90,0.0000,true,1,2489219
3598830029,false,מכנסי ילדים פלנל לבן,,,מכנסי ילדים פלנל לבן,יחידה,0.00,יחידה,false,,29.90,0.0000,true,1,2489222
9800800056,false,חטיף שוקולד עם מקלות לחם אנד גו,נוטלה Nutella,DE,ממרח נוטלה אנד גו,גרמים,52.00,100 גרם,false,,5.50,0.1058,true,1,1488389
11210000032,false,רוטב פלפל טבסקו אדום,מקאילהייני Mc.Ilhenn,US,טבסקו אדום משפחתי,מיליליטרים,350.00,"100 מ""ל",false,,49.90,0.1426,true,1,1329623
11210000094,false,"רוטב ""טבסקו"" על בסיס פלפל אדום 60 מ""ל",מקאילהייני אייבורי,US,טבסקו אדום,מיליליטרים,60.00,"100 מ""ל",false,,9.90,0.1650,true,1,1329624
11210000216,false,טבסקו בלאדי מרי מיקס,מקאילהייני Mc.Ilhenn,US,בלאדי מרי,מיליליטרים,946.00,"100 מ""ל",false,,29.90,0.0316,true,1,1329625
11210002500,false,טבסקו רוטב כנפי באפא,"ניצן מותגי מזון בע""מ",US,טבסקו באפלו,מיליליטרים,150.00,"100 מ""ל",false,,19.90,0.1327,true,1,1329626
11210006508,false,"רוטב טבסקו הברנו 60 מ""ל",מקאילהייני Mc.Ilhenn,US,טבסקו הבנרו,מיליליטרים,60.00,"100 מ""ל",false,,15.90,0.2650,true,1,1329627
11210007253,false,רוטב טבסקו שום ופלפל,מקאילהייני אייבורי,US,טבסקו שום,מיליליטרים,60.00,"100 מ""ל",false,,9.90,0.1650,true,1,1329628
11210009387,false,"רוטב ""טבסקו"" על בסיס פלפל ירוק חריף 60 מ""ל",מקאילהייני אייבורי,US,טבסקו ירוק,מיליליטרים,60.00,"100 מ""ל",false,,9.90,0.1650,true,1,1329629
11210607040,false,"רוטב ""טבסקו"" על בסיס פלפל צ'יפוטלי [בטעם מעושן] 60 מ""ל",מקאילהייני Mc.Ilhenn,US,טבסקו צ'יפוטלי,מיליליטרים,60.00,"100 מ""ל",false,,9.90,0.1650,true,1,1329630
11210618503,false,"רוטב טבסקו על בסיס פלפל סקורפיון 60מ""ל",,,טבסקו סקורפיון,מיליליטרים,60.00,"100 מ""ל",false,,14.90,0.2483,true,1,2434389
11210698055,false,רוטב סרירצ'ה טבסקו 5,ניצן,US,טבסקו רוטב סרירצ'ה,מיליליטרים,566.00,"100 מ""ל",false,,24.90,0.0440,true,1,2434390
13495113513,false,חטיף שוקולד קליק כדו,אתר צפת חטיפים - Foo,IL,קליק כדורים חלב 75 גר,גרמים,75.00,100 גרם,false,,6.40,0.0853,true,1,1341400
13628609388,false,חומץ בלסמי כשר ירוק,MONARI FEDERZONI,IT,חומץ בלסמי מובחר כשר בקבו,מיליליטרים,500.00,"100 מ""ל",false,,24.90,0.0498,true,1,1353144
16000185517,false,דגני בוקר פייבר וואן עתירי סובין FIBRE1,בטר אנד דיפרנט,US,דגני בוקר פייבר וואן,גרמים,555.00,100 גרם,false,,27.90,0.0503,true,1,2491136
16000423534,false,ניטשר ואלי חטיף שיבולת שועל שוקולד מריר קראנצי 210ג',ג'נרל מילס סאן אדריא,ES,קראנצי שיבולת שועל ושוקול,גרמים,210.00,100 גרם,false,,14.90,0.0710,true,1,1326441
16000548404,false,ניטשר ואלי חטיף קראנצי גרנולה שיבולת שועל 210 ג',ג'נרל מילס סאן אדריא,ES,קראנצי בטעם שיבולת שועל ו,גרמים,210.00,100 גרם,false,,14.90,0.0710,true,1,1326446
16000548503,false,ניטשר ואלי קראנצי חטיף גרנולהומייפל 10 יח' 210 ג',ג'נרל מילס סאן אדריא,ES,קראנצי בטעם מייפל וסוכר ח,גרמים,210.00,100 גרם,false,,14.90,0.0710,true,1,1326447
16000548602,false,נייטשר וואלי חטיף קראנצ'י קינמון 210ג',ג'נרל מילס סאן אדריא,ES,קראנצי בטעם קנמון 210 גר,גרמים,210.00,100 גרם,false,,14.90,0.0710,true,1,1326448
16000548909,false,קראנצי חטיף גרנולה מעורבת 10 יח 210 ג',ג'נרל מילס סאן אדריא,ES,חטיף ניישטר וואלי 1/5 ברי,גרמים,210.00,100 גרם,false,,14.90,0.0710,true,1,1326449
16229924263,false,"קרם קוקוס 250 מ""ל.",ארוי די AROY-D,,"קרם קוקוס 250 מ""ל",מיליליטרים,250.00,"100 מ""ל",false,,9.90,0.0396,true,1,2431592
18000701223,false,תערובת להכנת עוגה בטעם שוקולד,הדקלאים אגודת שיתופי,IL,תערובת לעוגת שוקולד 517 ג,גרמים,500.00,100 גרם,false,,19.90,0.0398,true,1,1326451
18000703494,false,תערובת עוגת וניל פיסברי 500 גר',הדקלאים אגודת שיתופי,IL,תערובת לעוגת וניל 517 גרם,גרמים,500.00,100 גרם,false,,19.90,0.0398,true,1,1326452
18000766413,false,תערובת בראוניס פילסברי 500 גר',הדקלאים אגודת שיתופי,IL,תערובת לבראוניס 552 גרם,גרמים,550.00,100 גרם,false,,19.90,0.0362,true,1,1326454
18200004735,false,בקבוק אלומיניום בירה,IBBLS,US,בירה באדוויזר,מיליליטרים,473.00,"100 מ""ל",false,,12.90,0.0273,true,1,2407287
19548003107,false,צימקאו בטעם שוקולד לבן 300 ג',אופנהיימר,IL,בלוק צימקאו לבן 300,גרמים,300.00,100 גרם,false,,8.90,0.0297,true,1,2271947
21200513152,false,ספוג קרצוף ורוד סקוטש ברייט 3 יח',,,שלישיית ספוגי קירצוף,יחידה,0.00,יחידה,false,,12.90,0.0000,true,1,1304944
22200956932,false,דאודורנט ג'ל לגבר Fresh Rush 24h,הנסיך- מפעל לייצור ט,US,ספיד סטיק 24/7 גל כחול,גרמים,51.00,100 גרם,false,,17.90,0.3510,true,1,1338744
22200956949,false,דאודורנט ג'ל לגבר Cool Fusion 24h,קולגייט פלמוליב,BY,ספיד סטיק 24/7 גל כתום,גרמים,51.00,100 גרם,false,,17.90,0.3510,true,1,1338745
25675120006,false,חמצוצים 4 צבעים טעמים טבעי 100 גרם,פאסין,NL,מקלות חמוצים 4 טעמים ללא,גרמים,100.00,100 גרם,false,,6.90,0.0690,true,1,1346530
25675121041,false,סאוור בלטס Sour Belts בטעם אוכמניות,פשקז Paskesz,NL,שטיח חמוץ פטל,גרמים,115.00,100 גרם,false,,6.90,0.0600,true,1,1346540
25675301153,false,סאוור סטיקס Sour Sticks בטעם אוכמניות,פשקז Paskesz,NL,מקלות חמוצים פטל,גרמים,50.00,100 גרם,false,,4.90,0.0980,true,1,1346550
25675301184,false,פשקס - חמצוצים מקלות קולה 50 גרם,פשקז Paskesz,NL,מקלות חמוצים קולה,גרמים,50.00,100 גרם,false,,4.90,0.0980,true,1,1346551
25675301207,false,מקלות חמוצים חמצוצים תפוח עץ 50 גרם,פשקז Paskesz,NL,מקלות חמוצים תפוח עץ,גרמים,50.00,100 גרם,false,,4.90,0.0980,true,1,1346552
25700005650,false,שקיות הקפאה גדולות- 14 יח' זיפלוק,אס.סי גונוסון,US,שקיות הקפאה גדולות ז,יח',14.00,יח',false,,12.90,0.9214,true,1,2431982
25700005674,false,שקיות אחסון סליידר גדולות- 15 יח' זיפלוק,,,שקיות אחסון סליידר ג,יח',15.00,יח',false,,15.90,1.0600,true,1,2431983
25700005681,false,שקיות אחסון סליידר בינוניות -20 יח' זיפלוק,אס.סי גונוסון,US,שקיות אחסון סליידר ב,יח',20.00,יח',false,,15.90,0.7950,true,1,2431984
25700005698,false,שקיות אחסון בינוניות- 24 יח' זיפלוק,אס.סי גונוסון,US,שקיות אחסון בינוניות,יח',24.00,יח',false,,12.90,0.5375,true,1,2431985
26102140604,false,לפתן 10 ארק שקוף לומ,,,לפתן 10 ארק שקוף לומ,יחידה,0.00,יחידה,false,,6.90,0.0000,true,1,2495481
26102142196,false,לפתן 12 ארק שקוף לומ,,,לפתן 12 ארק שקוף לומ,יחידה,0.00,יחידה,false,,7.90,0.0000,true,1,2495482
26102142356,false,קערה 17 ארק שקוף לומ,,,קערה 17 ארק שקוף לומ,יחידה,0.00,יחידה,false,,14.90,0.0000,true,1,2495484
26102150184,false,לפתן 9 ארק שקוף לומי,,,לפתן 9 ארק שקוף לומי,יחידה,0.00,יחידה,false,,4.90,0.0000,true,1,2495488
26102503591,false,קערה 23 ארק שקוף לומ,,,קערה 23 ארק שקוף לומ,יחידה,0.00,יחידה,false,,29.90,0.0000,true,1,2495491
26102895191,false,צלחת מנה עיקרית שחור,,,צלחת מנה עיקרית שחור,יחידה,0.00,יחידה,false,,14.90,0.0000,true,1,2496210
31290140107,false,שוקולד גודייבה סטיקס,גודייבה GODIVA,TR,שוקולד גודייבה סטיקס,גרמים,90.00,100 גרם,false,,14.90,0.1656,true,1,2433451
31290140176,false,שוקולד מריר בתוספת שקדים 90 ג' Godiva sticks,פלאדיס,TR,שוקולד גודייבה סטיקס,גרמים,90.00,100 גרם,false,,14.90,0.1656,true,1,2433452
33200140702,false,פרש אנד סופט דפים למייבש כביסה 100 יח' ניחוח מרענן,פרש אנד סופט Frash'n soft,US,פרש&סופט100 תכלת מרענן,יח',100.00,יח',false,,24.90,0.2490,true,1,1309131
33200147701,false,דפים למייבש פרש אנד סופט Tropical Burst,פרש אנד סופט Frash'n soft,US,פרש&סופט100 ורוד למייבש,יח',100.00,יח',false,,24.90,0.2490,true,1,1309132
33617000026,false,קרקרים ואזה מקמח מלא,כלורוקס אוקלנד,SE,קרקרים ואזה מקמח מלא,גרמים,260.00,100 גרם,false,,12.90,0.0496,true,1,1395615
33617322616,false,קרקר ואזה מקמח שיפון,כלורוקס אוקלנד,SE,'ואזה קלה מקמח שיפון 270,גרמים,270.00,100 גרם,false,,12.90,0.0478,true,1,1309135
33617340610,false,ואזה מקמח שיפון 275 גר',כלורוקס אוקלנד,SE,'ואזה מקמח שיפון 275 ג,גרמים,275.00,100 גרם,false,,12.90,0.0469,true,1,1309136
34000148301,false,הרשי נטיפי אפייה שוקולד מריר 340 ג',הרשיס Hershey's,,נטיפים לאפייה שוקולד,גרמים,340.00,100 גרם,false,,18.90,0.0556,true,1,1821703
34000196173,false,קוקיס אנד קרים בטעם שוקולד לבן עם שברי עוגיות,הרשיס Hershey's,,טבלת שוקולד הרשיס קו,גרמים,113.00,100 גרם,false,,7.90,0.0699,true,1,1390940
34000312177,false,סירופ שוקולד הרשי 680 גר',הרשיס Hershey's,,סירופ שוקולד HERSHEY,גרמים,680.00,100 גרם,false,,19.90,0.0293,true,1,1326463
34000442652,false,שוקולד חלב ריסס Reese's במילוי חמאת בוטנים,הרשיס Hershey's,,טבלת שוקולד ריזס,גרמים,120.00,100 גרם,false,,7.90,0.0658,true,1,1390941
34000470228,false,שוקולד חלב מיני ריזס,הרשי,US,חטיף ריזס מיניס 70 גרם,גרמים,70.00,100 גרם,false,,4.90,0.0700,true,1,1326465
34000544028,false,סוכריות ארוכות בטעם תות טוויזלרס Twizzlers,הרשי שוקולד,US,ממתקי טוויזלרס תות שדה 1,גרמים,198.00,100 גרם,false,,7.90,0.0399,true,1,1326466
35000458476,false,קולגייט מברשת שיניים ילדים מארז רביעייה,קולגייט פלמוליב,VN,מברשת שיניים קולגייט,יח',4.00,יח',false,,19.90,4.9750,true,1,2363105
35585462103,false,קונג משטח פעילות לחת,,,קונג משטח פעילות לחת,יחידה,0.00,יחידה,false,,120.00,0.0000,true,1,2492926
36000183399,false,האגיס - ליטל סווימרס סמול 12 יח',חוגלה קימברלי,IL,האגיס ליטל סווימרס,יח',12.00,יח',false,,29.90,2.4917,true,1,1323573
36000516890,false,ממחטות אף עם אלוורה + ויטמין E תלת שכבתי,קלינקס Kleenex,GB,ממחטות קלינקס לושן 1,יח',120.00,יח',false,,17.90,0.1492,true,1,2382509
37600207188,false,חמאת בוטנים סקיפי קלאסי 462 גר',חברת המזון אלגוד,US,ממרח סקיפי 462 גרם,גרמים,462.00,100 גרם,false,,19.90,0.0431,true,1,1306858
37600207256,false,חמאת בוטנים סקיפי עם שברי בוטנים 462 גר',חברת המזון אלגוד,US,ממרח סקיפי 462 גרם ש,גרמים,462.00,100 גרם,false,,19.90,0.0431,true,1,1306859
37600207287,false,חמאת בוטנים סקיפי עם דבש,חברת המזון אלגוד.,US,ממרח סקיפי 462 גרם ד,גרמים,462.00,100 גרם,false,,19.90,0.0431,true,1,1306860
37977005288,false,זוג מוצצי סיליקון 6+ חודשים,מאם Mam,,זוג מוצצי MAM +6,יחידה,0.00,יחידה,false,,34.90,0.0000,true,1,1333546
37977005424,false,נשכן-בן,,,נשכן-בן,יחידה,0.00,יחידה,false,,24.90,0.0000,true,1,1333547
37977005455,false,מאמ מחזיק מוצץ כחול,MUM,AU,מחזיק למוצץ,יחידה,0.00,יחידה,false,,24.90,0.0000,true,1,1333548
37977050059,false,זוג מוצצי סיליקון 0-2,,,זוג מוצצי MAM 0-2,יחידה,0.00,יחידה,false,,34.90,0.0000,true,1,1333550
38000138607,false,חטיף צ'יפס בטעם מלח וחומץ,פרינגלס מנופקצ'ורינג,US,חטיף פרינגלס חומץ מל,גרמים,158.00,100 גרם,false,,8.90,0.0563,true,1,2344641
38000138638,false,חטיף צ'יפס בטעם פיצה,פרינגלס מנופקצורינג,US,חטיף פרינגלס 158 גרם,גרמים,158.00,100 גרם,false,,8.90,0.0563,true,1,1742435
38000138720,false,פרינגלס  תכלת ראנץ 158 ג',פרינגלס מניופקצ'ורינ,US,חטיף פרינגלס 158 גרם,גרמים,158.00,100 גרם,false,,8.90,0.0563,true,1,2016524
38000169663,false,חטיף פרינגלס אורגינל,פרינגלס Pringles,,חטיף פרינגלס אורגינל,גרמים,191.00,100 גרם,false,,11.90,0.0623,true,1,2428672
38000183690,false,פרינגלסמידי ברביקיו 71 גרם - חדש,פרינגלס מנופקצ'ורינג,,פרינגלס 71 גרם ברביק,גרמים,71.00,100 גרם,false,,4.90,0.0690,true,1,1916831
38000183713,false,חטיף פרינגלס 137 גרם,פרינגלס,,חטיף פרינגלס 137 גרם,גרמים,137.00,100 גרם,false,,8.90,0.0650,true,1,1916832
38000183928,false,פרינגלס חרדל ודבש 158 גר',פרינגלס מניופקצ'ורינ,US,חטיף פרינגלס 158 חרד,גרמים,158.00,100 גרם,false,,8.90,0.0563,true,1,2428673
38000197840,false,פרינגלס גלי בטעם חריף מתוק 137 ג',פרינגלס מניופקצ'ורינ,US,חטיף פרינגלס 137 בטע,גרמים,137.00,100 גרם,false,,8.90,0.0650,true,1,2428674
38000202278,false,חטיף צ'יפס גלי בטעם אורגינל מלוח,פרינגלס מניופקצ'ורינ,US,פרינגלס גלי בטעם אור,גרמים,130.00,100 גרם,false,,8.90,0.0685,true,1,2434177
38000232152,false,פרינגלס ברביקיו 158 גרם – חדש,פרינגלס מניופקצ'ורינ,US,חטיף פרינגלס 158 גרם,גרמים,158.00,100 גרם,false,,8.90,0.0563,true,1,2393715
38000232176,false,חטיף צ'יפס שמנת חמוצה ובצל,פרינגלס מניופקצ'ורינ,US,חטיף פרינגלס 158 גרם,גרמים,158.00,100 גרם,false,,8.90,0.0563,true,1,2393716
38000232183,false,פרינגלס אורגינל 149 גרם,פרינגלס מניופקצ'ורינ,US,חטיף פרינגלס 149 גרם,גרמים,149.00,100 גרם,false,,8.90,0.0597,true,1,2393717
38000845253,false,צ'יפס בטעם שמנת חמוצה ובצל,פרינגלס מנופקצ'ורינג,US,פרינגלס 71 גרם שמנת,גרמים,71.00,100 גרם,false,,4.90,0.0690,true,1,1415040
38527591053,false,קוואקר מרובעים קינמון דגני בוקר 412 גרם,BEVERAGES FOODS & SE,US,קוואקר ריבועים קנמון 411,גרמים,412.00,100 גרם,false,,19.90,0.0483,true,1,1343275
38527591060,false,דגני קוואקר מרובעים Quaker Squares עם סוכר חום,BEVERAGES FOODS & SE,US,קוואקר ריבועים סוכר חום 4,גרמים,412.00,100 גרם,false,,19.90,0.0483,true,1,1343276
39047050730,false,עוגיות שוקולד צ'יפס,,,עוגיות שוקולד צ'יפס,גרמים,150.00,100 גרם,false,,19.90,0.1327,true,1,2387201
40000512943,false,סוכריות אם אנד אמס M&M שוקולד חלב,M&M אם אנד אם,,חטיף בוטנים MַM שוקו,גרמים,303.00,100 גרם,false,,19.90,0.0657,true,1,2096990
40000513568,false,סוכריות אם אנד אמס M&M שוקולד חלב,M&M אם אנד אם,US,חטיף שוקולד m&m אריז,גרמים,156.00,100 גרם,false,,9.90,0.0635,true,1,1777948
40000513629,false,M&M's חמאת בוטנים אריזה גדולה 152 גרם,מארס,US,חטיף חמאת בוטנים m&m,גרמים,156.00,100 גרם,false,,9.90,0.0635,true,1,1777950
40000514480,false,M&M אריזה קטנה's שוקולד אריזה קטנה 48 גרם,M&M אם אנד אם,,עדשי שוקולד אם אנד א,גרמים,48.00,100 גרם,false,,4.90,0.1021,true,1,1487057
40000514510,false,M&M אריזה קטנה's בוטנים אריזה קטנה 49 גרם,M&M אם אנד אם,,עדשי שוקולד אם אנד א,גרמים,49.00,100 גרם,false,,4.90,0.1000,true,1,1480217
41224468108,false,עגבניות מיובשות בשמן,סיגס גיטה,,עגבניות מיובשות,גרמים,283.00,100 גרם,false,,22.90,0.0809,true,1,1350221
41224700062,false,צלפים מיניאטורים במל,,,צלפים מינאטורים במלח,גרמים,75.00,100 גרם,false,,12.90,0.1720,true,1,2384339
41224700260,false,צלפים מיניאטורים בחו,,,צלפים מיניאטורים בחו,מיליליטרים,90.00,"100 מ""ל",false,,12.90,0.1433,true,1,2384340
41390000058,false,"רוטב טריאקי קיקומן 296 מ""ל",קיקומן פודז אינק,US,"רוטב טריאקי 296 מ""ל",מיליליטרים,296.00,"100 מ""ל",false,,17.90,0.0605,true,1,1306869
41390001079,false,רוטב קוקומן סויה 444,ראקוטו קאסיי,,רוטב סויה קיקומן 444,מיליליטרים,444.00,"100 מ""ל",false,,19.90,0.0448,true,1,1306872
41390001451,false,רוטב סויה קיקומן 1.2,קיקומן פודז אינק,US,רוטב סויה 1.2 ליטר,מיליליטרים,1200.00,"100 מ""ל",false,,44.90,0.0374,true,1,1306873
41390010309,false,רוטב קיקומן טריאקי 4,ראקוטו קאסיי,,רוטב טריאקי קיקומן 4,מיליליטרים,444.00,"100 מ""ל",false,,19.90,0.0448,true,1,1306874
42400108153,false,דגני בוקר צבעוניים בטעם פירות טוטי פרוטיס,פוסט Post,US,דגני פרוטי פבלס.,גרמים,354.00,100 גרם,false,,22.90,0.0647,true,1,2434926
44164063914,false,פתיל צף מוכן לשימוש כ- 50 יחידות,שרגא SHRAGA,,פתיל צף מוכן לשימוש,יחידה,0.00,יחידה,false,,5.90,0.0000,true,1,2429136
44164095694,false,פתיל צף עגול גדול -שרגא-כולל פינצטה,,,פתיל צף עגול גדול שר,יחידה,0.00,יחידה,false,,3.90,0.0000,true,1,2429137
44600300580,false,"כלורוקס - קלין אפ פרש מרסס 946 מ""ל",כלורוקס אוקלנד,US,כלורקס קלין אפ פרש 9,מיליליטרים,946.00,"100 מ""ל",false,,19.90,0.0210,true,1,2432094
45600020140,false,מיני תומי טוייס,,,מיני תומי טוייס,יחידה,0.00,יחידה,false,,7.00,0.0000,true,1,2537408
45600026272,false,מדביקים ונהנים חדש 8,,,מדביקים ונהנים חדש 8,יחידה,0.00,יחידה,false,,11.90,0.0000,true,1,2397606
45600028382,false,חוברת מדבקות 8 סוגים,,,חוברת מדבקות 8 סוגים,יחידה,0.00,יחידה,false,,9.90,0.0000,true,1,2545149
46214372250,false,"עוגיות שטרודל פריכות תפו""ע וצימוקים",מרבה Merba,NL,מרבה עוגיות שטרודל תפוחי,גרמים,200.00,100 גרם,false,,8.90,0.0445,true,1,1338750
46214382259,false,עוגיות בראוניס שוקולד 225 ג',בנקטבקריי מרבה בי.וי,NL,מרבה עוגיות בראוניס,גרמים,200.00,100 גרם,false,,8.90,0.0445,true,1,1338751
46214731552,false,עוגיות שוקולד ציפס מובחרות 225 ג',קריניציה ויטמינה אס,NL,מרבה עוגיות 37% שוקולד צ,גרמים,225.00,100 גרם,false,,8.90,0.0396,true,1,1338752
50000015474,false,פריסקיז מעדני הים 4*,פורינה,US,פריסקיז מעדני הים,קילוגרמים,1.40,"ק""ג",false,,34.90,24.9286,true,1,2456884
50000084500,false,מזון יבש לחתול בטעם נתחי ברביקיו פריסקיז Friskies,נסטלה פורינה USA מק,US,פורינה פריסקיז עם נתחי בר,קילוגרמים,1.43,"ק""ג",false,,34.90,24.4056,true,1,1305667
50000100347,false,"פריסקיז - מעדני החתול מועשר בחלב 1.40 ק""ג",נסטלה פורינה USA מק,US,פורינה פריסקיז מעדני החתו,קילוגרמים,1.43,"ק""ג",false,,34.90,24.4056,true,1,1305669
50000168583,false,"פריסקיז אקסטרא קראנץ 1.43 ק""ג",פורינה,US,פריסקיז אקסטרא קראנץ,קילוגרמים,1.43,"ק""ג",false,,29.90,20.9091,true,1,2452761
50000170180,false,פריסקיז ריים פילה עוף ברוטב 156 ג',פורינה Purina,US,פריסקיז פריים עוף בר,גרמים,156.00,100 גרם,false,,4.90,0.0314,true,1,1399464
50000237951,false,פריסקיז פרטי מיקס גר,פורינה,US,פריסקיז פרטי מיקס גר,גרמים,60.00,100 גרם,false,,8.90,0.1483,true,1,2521247
50000238910,false,פריסקיז פרטי מיקס או,פורינה,US,פריסקיז פרטי מיקס או,גרמים,60.00,100 גרם,false,,8.90,0.1483,true,1,2521248
50000429042,false,פנסי פיסט - כבד עם מעדני עוף 85 גרם,נסטלה פורינה USA ג',US,פנסי פיסט פטה כבד ועוף -,גרמים,85.00,100 גרם,false,,4.90,0.0576,true,1,1305677
50000429448,false,פנסי פיסט - מוס סלמון 85 גרם,נסטלה פורינה USA סט,US,פנסי פיסט פטה מוס סלמון -,גרמים,85.00,100 גרם,false,,4.90,0.0576,true,1,1305678
50000429646,false,פנסי פיסט - דג אוקיינוס 85 גרם,נסטלה פורינה USA ג',US,פנסי פיסט פטה דג אוקינוס,גרמים,85.00,100 גרם,false,,4.90,0.0576,true,1,1305679
50000445691,false,פריזסקיז נתחי עוף וסלמון ברוטב 156 ג',נסטלה פורינה USA קר,US,פורינה פריסקיז נתחי עוף,גרמים,156.00,100 גרם,false,,4.90,0.0314,true,1,1305682
50000571987,false,פירסקיז נתחי עוף ברוטב 156 ג',נסטלה פורינה USA קר,US,פורינה פריסקיז נתחי עוף ב,גרמים,156.00,100 גרם,false,,4.90,0.0314,true,1,1305683
50000574414,false,פריסקיז פרטי מיקס פק,פורינה,US,פריסקיז פרטי מיקס פק,גרמים,60.00,100 גרם,false,,8.90,0.1483,true,1,2521249
50000574438,false,פריסקיז פרטי מיקס מע,פורינה,US,פריסקיז פרטי מיקס מע,גרמים,60.00,100 גרם,false,,8.90,0.1483,true,1,2521250
50000578238,false,פריסקיז פרטי מיקס קר,פורינה,US,פריסקיז פרטי מיקס קר,גרמים,60.00,100 גרם,false,,8.90,0.1483,true,1,2521251
50000578450,false,פנסי פיסט עוף רוטב כשיר 85 ג',נסטלה פורינה USA סט,,פנסי פיסט עוף ברוטב,גרמים,85.00,100 גרם,false,,4.90,0.0576,true,1,1420765
51131000155,false,נקסקר מיקרופור '1 עט,,,נקסקר מיקרופור '1 עט,מטרים,9.14,מטר,false,,17.90,1.9584,true,1,2522963
51131664296,false,אגד רפואי דביק בצבע,,,אגד רפואי דביק בצבע,מטרים,9.14,מטר,false,,17.90,1.9584,true,1,2522968
51131669925,false,מיקרופור בדיספסנר יי,,,מיקרופור בדיספסנר יי,יח',1.00,יח',false,,24.90,24.9000,true,1,2491391
51131669932,false,דורפור בדיספסנר ייחו,,,דורפור בדיספסנר ייחו,יח',1.00,יח',false,,29.90,29.9000,true,1,2491392
51131995253,false,נקסקר עמיד למים א,,,נקסקר עמיד למים א,יח',20.00,יח',false,,29.90,1.4950,true,1,2435207
51131995260,false,פלסטר נקסקר אולטרה נ,,,פלסטר נקסקר אולטרה נ,יח',30.00,יח',false,,24.90,0.8300,true,1,2455287
51141234892,false,גליל דביק לניקוי בגדים,סקוטצ' ברייט Scotch Brite,,גליל דביק לניקוי בגד,מטרים,3.00,מטר,false,,29.90,9.9667,true,1,2481467
52100002453,false,תערובת תיבול להמבורג,,,תערובת תיבול לסטייק,גרמים,96.00,"100 ג""ר",false,,19.90,0.2073,true,1,2041572
52100002460,false,תערובת תיבול לעוף וד,מקרומיק,US,תערובת תיבול לעוף וד,גרמים,77.00,100 גרם,false,,19.90,0.2584,true,1,2041583
52100002477,false,אבקת תיבול בסגנון הו,,,אבקת תיבול בסגנון הו,גרמים,23.00,100 גרם,false,,14.90,0.6478,true,1,2041584
52100002613,false,כורכום טחון,,,כורכום טחון,גרמים,27.80,100 גרם,false,,16.90,0.6079,true,1,2041590
52100004426,false,מקלות קינמון 21 גרם,,,מקלות קינמון,גרמים,21.30,"100 ג""ר",false,,29.90,1.4038,true,1,2041598
52100004440,false,תערובת סוכר קינמון,,,תערובת סוכר קינמון,גרמים,102.60,"100 ג""ר",false,,19.90,0.1940,true,1,2041599
52100004488,false,פפריקה 60 גרם McCorm,מקרומיק,US,פפריקה,גרמים,60.10,"100 ג""ר",false,,19.90,0.3311,true,1,2041600
52100006260,false,אבקת שום 88 גרם McCo,מקרומיק,US,אבקת שום,גרמים,88.50,100 גרם,false,,29.90,0.3379,true,1,2041602
52100006468,false,אבקת בצל,,,אבקת בצל,גרמים,56.70,"100 ג""ר",false,,19.90,0.3510,true,1,2041608
52100006512,false,כמון טחון 42 גרם McC,,,כמון טחון,גרמים,42.50,100 גרם,false,,19.90,0.4682,true,1,2041609
52100006765,false,תבלין פלפל אדום 42 ג,,,תבלין פלפל אדום,גרמים,42.50,100 גרם,false,,19.90,0.4682,true,1,2041610
52100006987,false,עלי דפנה,,,עלי דפנה,גרמים,3.40,"100 ג""ר",false,,16.90,4.9706,true,1,2041611
52100030043,false,פלפל שחור טחון גס 42,מקרומיק,US,פלפל שחור טחון גס,גרמים,42.50,100 גרם,false,,19.90,0.4682,true,1,2041685
52100040806,false,תערובת תיבול שום בצל,מקורמיק,US,תערובת תיבול מלח הימ,גרמים,120.00,100 גרם,false,,24.90,0.2075,true,1,2387086
52100041155,false,תערובת תיבול מלח ורו,מקורמיק,US,תערובת תיבול מלח הימ,גרמים,184.00,100 גרם,false,,24.90,0.1353,true,1,2387087
52100070735,false,"תמצית קוקוס 29 מ""ל",,,תמצית קוקוס,מיליליטרים,29.00,"100 מ""ל",false,,15.90,0.5483,true,1,2387316
52100070780,false,תמצית תפוז טהורה 29,מקורמיק,US,תמצית תפוז טהורה,מיליליטרים,29.00,"100 מ""ל",false,,15.90,0.5483,true,1,2387317
52100070865,false,תמצית וניל טהור מקור,מקורמיק McCormick,US,וניל טהור 29 מל,מיליליטרים,29.00,"100 מ""ל",false,,29.90,1.0310,true,1,1318968
52100071121,false,עלי בזיליקום מיובשים,,,עלי בזיליקום מיובשים,גרמים,35.40,"100 ג""ר",false,,29.90,0.8446,true,1,2041740
52100634586,false,תערובת תיבול שום ומל,מקורמיק mccormik,FR,מלח שום במטחנה 44 גרם,גרמים,44.80,100 גרם,false,,19.90,0.4442,true,1,1318971
52100746029,false,תבלין מלח במטחנה,מקורמיק mccormik,FR,מלח במטחנה 60 גרם,גרמים,60.00,100 גרם,false,,19.90,0.3317,true,1,1318974
52100746043,false,תערובת פלפלים במטחנה,מקורמיק mccormik,FR,תערובת פלפלים במטחנה 24 ג,גרמים,28.30,100 גרם,false,,19.90,0.7032,true,1,1318976
54881000031,false,"תה רוז היפ, היביסקוס ודובדבן",תה אחמד Ahmad tea,,תה שחור ורד דובדבן 2,גרמים,40.00,100 גרם,false,,9.90,0.2475,true,1,1501401
54881000048,false,תה שחור מבחר פרי הדר,תה אחמד Ahmad tea,,תה שחור פרחי הדר 20ש,גרמים,40.00,100 גרם,false,,9.90,0.2475,true,1,1631197
54881000055,false,תה מיקס פירות יער והיביסקוס,תה אחמד Ahmad tea,,תה שחור פירות 20שקיו,גרמים,40.00,100 גרם,false,,9.90,0.2475,true,1,1503538
54881000062,false,תה שחור לימונית וקמומי 20 שקיות AHMAD TEA,תה אחמד Ahmad tea,,תה שחור לימון וקמומי,גרמים,40.00,100 גרם,false,,9.90,0.2475,true,1,1501402
54881000109,false,תה דומדמניות שחורות,תה אחמד Ahmad tea,,תה שחור ענבי שועל 20,גרמים,40.00,100 גרם,false,,9.90,0.2475,true,1,1631198
54881000208,false,תה שחור לימון ןגינגר,תה אחמד Ahmad tea,,תה שחור לימון ןגינגר,גרמים,40.00,100 גרם,false,,9.90,0.2475,true,1,1501404
54881001052,false,מארז תה שחור 6 סוגים *8 יח' AHMAD TEA,,,תה 6 סוגים 60 שק',גרמים,120.00,100 גרם,false,,29.90,0.2492,true,1,2387915
54881001120,false,מארז תה חליטות 6 סוגים *8 יח' AHMAD TEA,תה אחמד Ahmad tea,,חליטות 6 סוגים 60 שק,גרמים,105.00,100 גרם,false,,29.90,0.2848,true,1,2387916
54881001779,false,קופסת תה 12 טעמים 60 שקיות,תה אחמד Ahmad tea,,תה 12 סוגים 60 שק',גרמים,120.00,100 גרם,false,,29.90,0.2492,true,1,1339630
54881003971,false,תה אנגלי ירוק מבחר 2,תה אחמד Ahmad tea,,תה ירוק 20 שקיות,גרמים,40.00,100 גרם,false,,9.90,0.2475,true,1,1339631
54881003988,false,תה שחור מיקס 4 טעמים,תה אחמד Ahmad tea,,תה 4 סוגים 20 שקיות,גרמים,40.00,100 גרם,false,,9.90,0.2475,true,1,1437116
54881003995,false,תה שחור 4 סוגי פירות,תה אחמד Ahmad tea,,תה פירות 20 שק',גרמים,40.00,100 גרם,false,,9.90,0.2475,true,1,1339632
54881005654,false,תה אהמאד ירוק יסמין מארז 2X20ג',תה אחמד Ahmad tea,,תה ירוק יסמין 20 שקי,גרמים,40.00,100 גרם,false,,9.90,0.2475,true,1,1339637
54881006972,false,תה שחור לימון וליים 20 שקיות AHMAD TEA,תה אחמד Ahmad tea,,תה שחור לימון ליים 2,גרמים,40.00,100 גרם,false,,9.90,0.2475,true,1,1339645
54881006996,false,תה שחור בטעם אפרסק ופסיפלורה,תה אחמד Ahmad tea,,תה אפרסק ופסיפלורה 2,גרמים,40.00,100 גרם,false,,9.90,0.2475,true,1,1915722
54881007108,false,תה אהמאד שחור דומדמניות מארז 2X20ג',תה אחמד Ahmad tea,,תה שחור דומדמניות 20,גרמים,40.00,100 גרם,false,,9.90,0.2475,true,1,1339647
54881007511,false,תה ירוק בטעם מנטה 20 שקיות AHMAD TEA,תה אחמד Ahmad tea,,תה ירוק 20 שקיות מנט,גרמים,40.00,100 גרם,false,,9.90,0.2475,true,1,1757396
54881007535,false,תה ירוק בטעם לימון 20 שקיות AHMAD TEA,תה אחמד Ahmad tea,,תה ירוק 20 שקיות לימ,גרמים,40.00,100 גרם,false,,9.90,0.2475,true,1,1757397
54881008167,false,תה אינגליש ברקפסט 100 שקיות AHMAD TEA,תה אחמד Ahmad tea,,תה ברקפסט 100 שקיות,גרמים,200.00,100 גרם,false,,16.90,0.0845,true,1,1339652
54881008174,false,תה ארל גריי 100 שקיות AHMAD TEA,תה אחמד Ahmad tea,,תה ארל גריי 100 שקיו,גרמים,200.00,100 גרם,false,,16.90,0.0845,true,1,1339653
54881008181,false,תה אינגליש 100 שקיות AHMAD TEA,תה אחמד Ahmad tea,,תה אינגליש 100 שקיות,גרמים,200.00,100 גרם,false,,16.90,0.0845,true,1,1339654
54881012423,false,תה ירוק בטעם פטל ורימונים,תה אחמד Ahmad tea,,תה ירוק 20 שקיות רימ,גרמים,40.00,100 גרם,false,,9.90,0.2475,true,1,1757398
54881012720,false,מארז תה פירות 6 סוגים *8 יח' AHMAD TEA,,,תה 6 סוגים 60 שק',גרמים,120.00,100 גרם,false,,29.90,0.2492,true,1,2387918
54881016001,false,תה 4 סוגי חליטות פרי,,,תה 4 סוגי חליטות פרי,גרמים,35.00,100 גרם,false,,9.90,0.2829,true,1,2387919
55500012046,false,"כלורקס מרסס ניקוי עם אקונומיקה 946 מ""ל",כלורוקס אוקלנד,US,"קלין אפ מרסס 946מ""ל",מיליליטרים,946.00,"100 מ""ל",false,,19.90,0.0210,true,1,1309146
56594009998,false,מארז סבון מוצק 4 *100 ג' ניוואה,,,רביעיית סבונים מוצקי,גרמים,400.00,100 גרם,false,,14.90,0.0373,true,1,2520442
58449185048,false,טבעות מדגנים ואורז מ,ניישר פאט',US,דגני בוקר צ'יטה צ'ופ,גרמים,284.00,100 גרם,false,,24.90,0.0877,true,1,2207070
58449450030,false,דייסת מייפל ואגוזי ל,,,דייסת מייפל ואגוזי ל,גרמים,400.00,100 גרם,false,,24.90,0.0622,true,1,2207072
58449602187,false,קורנפלקס דבש אורגני,,,קורנפלקס בדבש,גרמים,300.00,100 גרם,false,,24.90,0.0830,true,1,2207074
58449779032,false,WHOLE O's טבעות תירס,,,WHOLE O's טבעות תירס,גרמים,325.00,100 גרם,false,,24.90,0.0766,true,1,2207076
58449860013,false,דגני בוקר אמאזון ניי,נייצר וואלי,,דגני בוקר אמאזון ניי,גרמים,400.00,100 גרם,false,,24.90,0.0622,true,1,2207077
58449860037,false,פצפוצי אורז מלא בטעם שוקולד קואלה קריספ,מולינו ניקולי s.p.a,US,דגני בוקר קואלה קריס,גרמים,325.00,100 גרם,false,,24.90,0.0766,true,1,2207079
58449860075,false,כדורי למור בטעם חמאת בוטנים ושוקולד ללא גלוטן,Nature's Path,,דגני בוקר לאמור,גרמים,284.00,100 גרם,false,,24.90,0.0877,true,1,2207080
62558003209,false,סירופ מייפל אורגני 100% טהור,ברנרד Bernard,,סירופ מייפל אמיתי או,מיליליטרים,946.00,"100 מ""ל",false,,79.90,0.0845,true,1,1945599
62558061001,false,סירופ מייפל 100% טהור,ברנרד Bernard,,סירופ מייפל אמיתי 1,מיליליטרים,1000.00,"100 מ""ל",false,,79.90,0.0799,true,1,1945600
62558202381,false,סירופ מייפל אורגני 100% טהור,ברנרד Bernard,,סירופ מייפל אמיתי או,מיליליטרים,236.00,"100 מ""ל",false,,29.90,0.1267,true,1,1679659
62558212519,false,"סירופ מייפל טהור 100% ברנרדו 250מ""ל",les industries berna,CA,סירופ מייפל אמיתי,מיליליטרים,251.00,"100 מ""ל",false,,29.90,0.1191,true,1,1350333
64144090013,false,תרסיס שמן טעם חמאה פאם 141 ג',קונאגרה פודס,US,ספריי שמן PAM בטעם חמאה 1,מיליליטרים,148.00,"100 מ""ל",false,,13.90,0.0939,true,1,1326469
64144090020,false,תרסיס שמן שמן זית פאם 141 ג',קונאגרה פודס,US,ספריי שמן PAM בטעם שמן זי,מיליליטרים,148.00,"100 מ""ל",false,,13.90,0.0939,true,1,1326470
64144090051,false,"תרסיס שמן קנולה פאם 148 מ""ל",קונאגרה פודס,US,ספריי שמן PAM קנולה אורגי,מיליליטרים,148.00,"100 מ""ל",false,,13.90,0.0939,true,1,1326471
70080000016,false,חרדל אמריקאי פלוכמן Plochman's,,,חרדל אמריקאי צהוב,גרמים,297.00,100 גרם,false,,7.90,0.0266,true,1,1490818
70177077563,false,תה טווינינג ארל גריי,אר. טווינינגס אנד קו,PL,ארל גריי 50 גרם,גרמים,50.00,100 גרם,false,,17.90,0.3580,true,1,2384182
70177077693,false,טווינינג אינגליש ברק,אר. טווינינגס אנד קו,PL,אינגליש ברקפסט 50 גר,גרמים,50.00,100 גרם,false,,17.90,0.3580,true,1,2384183
70177078744,false,תה אינגליש ברקפסט נטול קפאין,טווינינגס Twinings,,אינגליש ברקפסט דיקפ,גרמים,50.00,100 גרם,false,,19.90,0.3980,true,1,2384184
70177078775,false,טווינינג ליידי גריי,טווינינגס Twinings,,ליידי גריי 50 גרם,גרמים,50.00,100 גרם,false,,17.90,0.3580,true,1,2384185
70177084738,false,תה טווינינג שחור רד,טווינינג,PL,תה שחור רד פרוט 50 ג,גרמים,50.00,100 גרם,false,,17.90,0.3580,true,1,2475430
70177084769,false,תה טווינינג שחור וני,טווינינג,PL,תה שחור בטעם וניל 50,גרמים,50.00,100 גרם,false,,17.90,0.3580,true,1,2475431
70177120948,false,תה טווינינג שחור תפו,טווינינג,PL,תה שחור אפל&סינמון 5,גרמים,50.00,100 גרם,false,,17.90,0.3580,true,1,2475432
70177173159,false,טווינינג גרין למון 4,אר. טווינינגס אנד קו,PL,גרין למון 40 גרם,גרמים,40.00,100 גרם,false,,19.90,0.4975,true,1,2384186
70177173166,false,טווינינג גרין ג'סמין,טווינינגס Twinings,,גרין ג'סמין 45 גרם,גרמים,45.00,100 גרם,false,,19.90,0.4422,true,1,2384187
70177173203,false,תה ירוק מנטה 50 גרם,טווינינגס Twinings,GB,גרין מינט 37.5 גרם,גרמים,37.50,100 גרם,false,,19.90,0.5307,true,1,2384189
70177173746,false,גרין למון האני 40 גר,,,גרין למון האני 40 גר,גרמים,40.00,100 גרם,false,,19.90,0.4975,true,1,2384191
70177175221,false,גרין ג'ינג'ר 40 גרם,,,גרין ג'ינג'ר 40 גרם,גרמים,40.00,100 גרם,false,,19.90,0.4975,true,1,2384193
70177176914,false,תה ארל גריי נטול קפאין,טווינינגס Twinings,,ארל גריי דיקפ 50 גר',גרמים,50.00,100 גרם,false,,19.90,0.3980,true,1,2384194
70177177669,false,טווינינג חליטה למון,,,חליטה למון ג'ינג'ר 3,גרמים,30.00,100 גרם,false,,16.90,0.5633,true,1,2384199
70177177683,false,טווינינג חליטה קמומי,,,חליטה קמומיל האני 30,גרמים,30.00,100 גרם,false,,16.90,0.5633,true,1,2384201
70177177737,false,טווינינג חליטה פיור,טווינינגס Twinings,,חליטה פיור קמומיל 20,גרמים,20.00,100 גרם,false,,16.90,0.8450,true,1,2384204
70177177744,false,חליטה פיור פפרמינט 4,,,חליטה פיור פפרמינט 4,גרמים,40.00,100 גרם,false,,16.90,0.4225,true,1,2384205
70177273330,false,טווינינגס חליטת לואי,,,חליטת ורבנה 37.5 גרם,גרמים,37.50,100 גרם,false,,16.90,0.4507,true,1,2441305
70221011116,false,טובלרון - שוקולד חלב 100 ג',טובלרון Toblerone,,שוקולד טובלרון חלב 1,גרמים,100.00,100 גרם,false,,9.90,0.0990,true,1,1306876
73490130359,false,אפיפית קרם קרקר 250 ג,אפיפית נצרת,IL,קרם קרקר רגיל 20/0.230 הד,גרמים,250.00,100 גרם,false,,5.90,0.0236,true,1,1348208
76171102829,false,ריחנית אמריקאית,,,ריחנית אמריקאית,יחידה,0.00,יחידה,false,,4.90,0.0000,true,1,2384417
76171109675,false,ריחנית אמריקאית,,,ריחנית אמריקאית,יחידה,0.00,יחידה,false,,4.90,0.0000,true,1,2384418
76171175052,false,ריחנית אמריקאית,,,ריחנית אמריקאית,יחידה,0.00,יחידה,false,,4.90,0.0000,true,1,2384420
76840002542,false,"גלידת בן & ג'ריס פיינט נטפליקס וצ'ילד 500מ""ל",מוצרי איכות אמריקאים,IL,גלידת חמאת בוטנים בן,מיליליטרים,500.00,"100 מ""ל",false,,24.90,0.0498,true,1,2406108
76840100156,false,"גלידה צרי גרסיה בן וג'ירי 500 מ""ל",מוצרי איכות אמריקאיי,IL,גלידה צ'רי גרסיה 500מל,מיליליטרים,473.00,"100 מ""ל",false,,24.90,0.0526,true,1,1326947
76840100583,false,"גלידת וניל עם בצק עוגיות בן וג'ירי 473 מ""ל",מוצרי איכות אמריקאיי,IL,גלידת וניל עם בצק עוגיות,מיליליטרים,473.00,"100 מ""ל",false,,24.90,0.0526,true,1,1326948
76840400218,false,"גלידה בן&ג'ריס תות שדה ועוגת גבינה 500מ""ל",מוצרי איכות אמריקאיי,IL,420 גל.עוגת גבינה עם תות,מיליליטרים,473.00,"100 מ""ל",false,,24.90,0.0526,true,1,1326960
77245110610,false,סוכריות מאסט ללא סוכר בטעם מנטה 80 ג'עלית,MIESZKO S.A - MS. JO,IL,כשלפ סוכריות MUST מנטה,גרמים,80.00,100 גרם,false,,7.90,0.0988,true,1,1342645
77343000127,false,נר נשמה בכוס 26 שעות,,,נר נשמה 26 שעות בכוס,יח',1.00,יח',false,,2.90,2.9000,true,1,2466850
77343001100,false,נר נשמה 26 שעות בפח,מנורה,,נר נשמה 26 שעות,יחידה,0.00,יחידה,false,,2.00,0.0000,true,1,1353048
77343002015,false,צינוריות ופתילות לכוסיות שמן זית,מנורה,,צינורית השמן עם מילו,יחידה,0.00,יחידה,false,,5.90,0.0000,true,1,1792382
77975010167,false,סניידרס מקלוני חיטה בתוספת דבש 340 ג',סניידרס Snyder's,,סניידרס מקלוני חיטה,גרמים,340.00,100 גרם,false,,16.90,0.0497,true,1,1765329
77975022757,false,בייגלה בסגנון אמריקאי 382 גרם סניידרס,סניידרס Snyder's,US,בייגלה אמריקאי ענק בקופסא,גרמים,382.00,100 גרם,false,,16.90,0.0442,true,1,1326472
77975036976,false,מטבל עגבניות בחריפות עדינה סניידרס 439 ג',סניידרס Snyder's,US,מטבל סלסה בחריפות מע,גרמים,439.00,100 גרם,false,,13.90,0.0317,true,1,2445511
77975091975,false,בייגלה במילוי קרם בטעם פיצה 226 גרם סניידרס,סניידרס,US,שברי בייגלה במילוי ק,גרמים,226.80,100 גרם,false,,16.90,0.0745,true,1,2374722
77975093085,false,"בייגלה מצופה כעכים בציפוי שוקולד חלב, 141 ג סניידרס",סניידרס Snyder's,,בייגלה סניידרס מצופה,גרמים,141.00,100 גרם,false,,16.90,0.1199,true,1,2522535
77975093108,false,"בייגלה מצופה כעכים בציפוי בטעם שוקולד לבן, 141 ג סניידרס",סניידרס Snyder's,,בייגלה סניידרס מצופה,גרמים,141.00,100 גרם,false,,16.90,0.1199,true,1,2522536
77975094624,false,"סניידרס סנדוויץ בייגלה במילוי חמאת בוטנים , 226 ג'",סניידרס Snyder's,US,שברי בייגלה במילוי ח,גרמים,283.50,100 גרם,false,,16.90,0.0596,true,1,2423000
77975094631,false,סנדביץ בייגלה במילוי קרם בטעם צ'דר 226 גרם סניידרס,סניידרס Snyder's,,סנדווי'ץ בייגלה במיל,גרמים,226.80,100 גרם,false,,16.90,0.0745,true,1,2423001
77975094761,false,שברי בייגלה בטעם צ'דר 340 גרם סניידרס,סניידרס Snyder's,US,שברי בייגלה צדר 340,גרמים,340.00,100 גרם,false,,16.90,0.0497,true,1,2454723
77975094778,false,סניידרס שברי בייגל בטעם דבש וחרדל 340 גר,סניידרס Snyder's,US,שברי בייגלה דבש חרדל,גרמים,340.00,100 גרם,false,,16.90,0.0497,true,1,2459886
77975095133,false,שברי בייגלה בטעם פיקנטי 318 ג' סניידרס,סניידרס Snyder's,US,שברי בייגלה כנפי באפ,גרמים,319.00,100 גרם,false,,16.90,0.0530,true,1,2540783
77975095157,false,סניידרס שברי בייגלה חלפינו 318ג,סניידרס Snyder's,,שברי בייגלה חלפיניו,גרמים,318.00,100 גרם,false,,16.90,0.0531,true,1,2513449
77975095164,false,שברי בייגלה בטעם פרמז'ן ושום 318 ג' סניידרס,סניידרס,US,שברי בייגלה כנפי באפ,גרמים,318.00,100 גרם,false,,16.90,0.0531,true,1,2540771
78895153453,false,רוטב סויה בהיר LEE KUM KEE,לי קום קיי Lee kum kee,,רוטב סויה בהיר Lee k,מיליליטרים,250.00,"100 מ""ל",false,,10.90,0.0436,true,1,2520533
78895153460,false,רוטב סויה כהה LEE KUM KEE,לי קום קיי Lee kum kee,,רוטב סויה כהה Lee ku,מיליליטרים,250.00,"100 מ""ל",false,,10.90,0.0436,true,1,2520534
78895159899,false,רוטב סויה מובחר LEE KUM KEE,לי קום קיי Lee kum kee,,רוטב סויה משובח Lee,מיליליטרים,500.00,"100 מ""ל",false,,22.90,0.0458,true,1,2544127
78895710922,false,שמן שומשום לא מזוכך LEE KUM KEE,לי קום קיי Lee kum kee,,שמן שומשום לא מזוכך,מיליליטרים,207.00,"100 מ""ל",false,,24.90,0.1203,true,1,2520535
78895800357,false,רוטב לתיבול עוף LEE KUM KEE,לי קום קיי Lee kum kee,,רוטב לתיבול עוף Lee,מיליליטרים,207.00,"100 מ""ל",false,,14.90,0.0720,true,1,2543972
80432400432,false,וויסקי שיבאס רגאל 12,מזקקת האחים שיבאס,,וויסקי שיבאס רגאל 12,ליטרים,1.00,ליטר,false,,149.90,149.9000,true,1,1361676
82184090442,false,ויסקי טנסי ג'ק דניאל,ג'ק דניאלס,US,וויסקי ג'ק דניאלס 1,ליטרים,1.00,ליטר,false,,159.90,159.9000,true,1,1361678
84213017420,false,מסטמכר מיסלי אורגני אגוזים וצימוק 5 500,מרום את קונפינו,DE,מיסלי אגוזים 500 גרם,גרמים,500.00,100 גרם,false,,16.90,0.0338,true,1,1306879
84213017499,false,מסטמכר מיסלי אורגני עם פירות יער 500ג,מרום את קונפינו,DE,מיסלי פירות יער 500,גרמים,500.00,100 גרם,false,,16.90,0.0338,true,1,1306881
87000006928,false,רום קפטיין מורגן כהה,אלכוהול (איי.בי.בי),,קפטן מורגן שחור 750,מיליליטרים,750.00,"100 מ""ל",false,,86.90,0.1159,true,1,1352588
87666052888,false,רוטב סריראצה עם לימו,,,רוטב סריראצ'ה עם לימ,מיליליטרים,444.00,"100 מ""ל",false,,24.90,0.0561,true,1,2151879
87752014271,false,יין אדום יבש רוסו טוסקנו,מיסזקו אס.איי,IT,יין ברטנורא רוסו,מיליליטרים,750.00,"100 מ""ל",false,,34.90,0.0465,true,1,1682499
305210256712,false,וזלין - מיני לשפתיים אורגינל,"יוניליוור ג'ונסבורו,",US,וזלין מיני לשפתיים א,גרמים,7.00,100 גרם,false,,9.90,1.4143,true,1,2425946
305210317079,false,וזלין מיני לשפתיים חמאת קקאו,"יוניליוור ג'ונסבורו,",US,וזלין מיני לשפתיים ח,גרמים,7.00,100 גרם,false,,9.90,1.4143,true,1,2425947
305210416383,false,"ואזלין קרם גוף לגבר נספג במהירות 600 מ""ל",וזלין Vaseline,US,תחליב גוף וזלין משקם,מיליליטרים,600.00,"100 מ""ל",false,,24.90,0.0415,true,1,2110865
305210464728,false,וזלין מיני לשפתיים בטעם קרם ברולה,"יונילוור ארה""ב - HPC",US,וזלין מיני לשפתיים ק,גרמים,7.00,100 גרם,false,,9.90,1.4143,true,1,2425949
350007641028,false,משחת שיניים 2 ב-1 הלבנה קולגייט 130 ג',קולגייט Colgate,,משחת שיניים קולגייט,גרמים,130.00,100 גרם,false,,22.90,0.1762,true,1,2442438
413900010558,false,רוטב סויה קיקומן ליי,קיקומן פודז אינק,,רוטב קיקומן דל מלח 2,מיליליטרים,296.00,"100 מ""ל",false,,19.90,0.0672,true,1,1306883
611745280017,false,רוטב טבסקו אדום וירו,,,מארז 2 בק' טבסקו אדו,יח',1.00,יח',false,,16.90,16.9000,true,1,1633278
613008742348,false,משקה אריזונה גנסינג ודבש 1 ליטר,"נטורלה גטרנק בע""מ",DE,אריזונה תה ג'נסינג ו,ליטרים,1.00,ליטר,false,,11.90,11.9000,true,1,2412983
613008753320,false,"אריזונה ג'ינסנג ודבש בקבוק 450 מ""ל.",אריזונה Arizona,BG,תה ירוק גינסינג ודבש,מיליליטרים,450.00,"100 מ""ל",false,,7.50,0.0167,true,1,2272845
613008753351,false,משקה אריזונה רימונים,אריזונה Arizona,BG,אריזונה רימונים,מיליליטרים,450.00,"100 מ""ל",false,,7.50,0.0167,true,1,2272846
613008753382,false,"משקה אריזונה אוכמניות 450 מ""ל",אריזונה Arizona,BG,תה קר בטעם אוכמניות,מיליליטרים,450.00,"100 מ""ל",false,,7.50,0.0167,true,1,2272847
613008755461,false,אריזונה אוכמניות בקבוק 1 ליטר,"נטורלה גטרנק בע""מ",DE,אריזונה תה אוכמניות,ליטרים,1.00,ליטר,false,,11.90,11.9000,true,1,2412985
628154383659,false,דגני בוקר פרוטי פבלס 311 ג' POST,פוסט לקיוויל,PL,דגנים פרוטי פבלס,גרמים,311.00,100 גרם,false,,24.90,0.0801,true,1,2542410
633824111838,false,וודקה ואן גוך אננס ב,מזקקת קוימאנס טילבור,NL,וודקה ואן גוך אננס 7,מיליליטרים,750.00,"100 מ""ל",false,,139.90,0.1865,true,1,1333824
633824139122,false,וודקה בטעם קרמל הולנדי,מזקקת דירקזוואכר סכי,,וודקה ואן גוך קרמל 7,מיליליטרים,750.00,"100 מ""ל",false,,139.90,0.1865,true,1,1333825
633824141125,false,וודקה ואן גוך אפרסק,מזקקת קוימאנס טילבור,NL,וודקה ואן גוך אסאי 7,מיליליטרים,750.00,"100 מ""ל",false,,139.90,0.1865,true,1,1402969
633824208040,false,וודקה בטעם אספרסו כפול,מזקקת דירקזוואכר סכי,,וודקה ואן גוך אספרסו,מיליליטרים,750.00,"100 מ""ל",false,,139.90,0.1865,true,1,1333827
633824913432,false,וודקה בטעם אסאי-אוכמניות,מזקקת קוימאנס טילבור,NL,וודקה ואן גוך אסאי 7,מיליליטרים,750.00,"100 מ""ל",false,,139.90,0.1865,true,1,1333831
638102203090,false,חטיף על בסיס חלבון סויה פאדג' גרהם,"אבוט נוטרישן, מעבדות",US,חטיף חלבון פאדג' גרה,גרמים,50.00,100 גרם,false,,12.90,0.2580,true,1,2433068
638102532848,false,חטיף חלבון זון פרפקט,,,חטיף חלבון זון פרפקט,גרמים,45.00,100 גרם,false,,12.90,0.2867,true,1,2433070
638102582737,false,חטיף חלבון זון פרפקט,"אבוט נוטרישן, מעבדות",US,חטיף חלבון זון פרפקט,גרמים,50.00,100 גרם,false,,12.90,0.2580,true,1,2433071
639138513238,false,פילה הרינג מעושן בשמן צמחי,רוג'ין פיש,,פילה הרינג מעושן בשמ,גרמים,190.00,100 גרם,false,,10.90,0.0574,true,1,1363548
639138527617,false,פילה הרינג ברוטב עגבניות 200 גר' (16),רוג'ין פיש,,פילה הרינג ברוטב עגב,גרמים,200.00,100 גרם,false,,10.90,0.0545,true,1,1363549
639138527624,false,פילה הרינג ברוטב פפר,,,פילה הרינג ברוטב פפר,גרמים,200.00,100 גרם,false,,10.90,0.0545,true,1,1363550
639138527631,false,פילה הרינג ברוטב חרדל 200 גר (16),רוג'ין פיש,,פילה הרינג ברוטב חרד,גרמים,200.00,100 גרם,false,,10.90,0.0545,true,1,1363551
639138717902,false,פילה מקרל מעושן בשמן צמחי,Rugen Fisch,,מקרל פילה מעושן בשמן,גרמים,190.00,100 גרם,false,,12.90,0.0679,true,1,1363552
643415865415,false,פטסלנד עצמות דנטליות,,,פטסלנד עצמות דנטליות,יחידה,0.00,יחידה,false,,22.90,0.0000,true,1,2477776
643415865422,false,פטסלנד עצמות דנטליות,,,פטסלנד עצמות דנטליות,יחידה,0.00,יחידה,false,,19.90,0.0000,true,1,2477777
643415865750,false,פטסלנד עצמות לעיסה ד,,,פטסלנד עצמות לעיסה ד,יחידה,0.00,יחידה,false,,19.90,0.0000,true,1,2477779
651080161510,false,"פלאקרס ""פלוסר ""חוט דנטלי משופר 35יח'-חדש",מיוצר עי קונדיטוריית,CN,חוט דנטלי 36 יח פלאק,יח',36.00,יח',false,,9.90,0.2750,true,1,1693998
651080647519,false,"פלאקרס ""פלוסר ""חוט דנטלי ירוק -מנטה",המאפיה של הרמן,US,קיסם עם חוט מנטה ג'ו,יח',36.00,יח',false,,9.90,0.2750,true,1,1686159
660089001147,false,נוזל לפתיחת סתימות 1ל,סטרוכם,,פותח סתימות נוזלי,מיליליטרים,950.00,"100 מ""ל",false,,18.90,0.0199,true,1,1329666
686412282984,false,נתחי טונה לבנה בשמן זית,אורטיז ORTIZ,ES,טונה לבנה בשמן זית O,גרמים,220.00,100 גרם,false,,42.90,0.1950,true,1,2486371
693493143806,false,מארז סויה פרימיום L,,,מארז סויה פרימיום L,מיליליטרים,250.00,"100 מ""ל",false,,18.90,0.0756,true,1,2542989
710069055452,false,עוגיות הדר סנדביץ שוקו 150 גר',אפיפית נצרת,IL,סנדויץ עוגיות שוקו 24/0.1,גרמים,150.00,100 גרם,false,,3.90,0.0260,true,1,1348213
728229123811,false,חטיף על בסיס ירקות שורש בתיבול ים תיכוני,הונדורס צ'יפס יצור א,HN,טרה מירקות אקזוטיים בנוסח,גרמים,110.00,100 גרם,false,,14.90,0.1355,true,1,1353169
728229124764,false,ציפס חטיף טרה בטטה מ,היין פיוצ'ור נטורל פ,US,חטיף צ'יפס בטטה עם מ,גרמים,110.00,100 גרם,false,,14.90,0.1355,true,1,2089974
728229124771,false,חטיף על בסיס בטטה בטעם ברביקיו,היין פיוצ'ור נטורל פ,IN,חטיף טרה צ'יפס מבטטה,גרמים,110.00,100 גרם,false,,14.90,0.1355,true,1,1413328
728229130154,false,חטיף על בסיס בטטה וסלק בטעם טבעי,הונדורס צ'יפס יצור א,HN,טרה מבטטה וסלק - 110ג'[3],גרמים,110.00,100 גרם,false,,14.90,0.1355,true,1,1353170
729601513091,false,עפרונות עם מחק פסים,,,עפרונות עם מחק פסים,יחידה,0.00,יחידה,false,,4.90,0.0000,true,1,2405953
733619261066,false,רכבי כיבוי אש להרכבה,,,רכבי כיבוי אש להרכבה,יחידה,0.00,יחידה,false,,39.90,0.0000,true,1,2519703
733619261080,false,רכבי בניה להרכבה,,,רכבי בניה להרכבה,יחידה,0.00,יחידה,false,,39.90,0.0000,true,1,2519705
737214509806,false,ענף ורדים לבנים,,,ענף ורדים לבנים,יחידה,0.00,יחידה,false,,29.90,0.0000,true,1,2538685
737214509875,false,ענף סחלב לבן,,,ענף סחלב לבן,יחידה,0.00,יחידה,false,,19.90,0.0000,true,1,2538689
737214509882,false,ענף סחלב ורוד בהיר,,,ענף סחלב ורוד בהיר,יחידה,0.00,יחידה,false,,19.90,0.0000,true,1,2538690
737214509899,false,ענף סחלב ורוד כהה,,,ענף סחלב ורוד כהה,יחידה,0.00,יחידה,false,,19.90,0.0000,true,1,2538691
737214509998,false,סקולנט כד בטון שטוח,,,סקולנט כד בטון שטוח,יחידה,0.00,יחידה,false,,79.90,0.0000,true,1,2540772
737214510079,false,סקולנט דלעת כתומה,,,סקולנט דלעת כתומה,יחידה,0.00,יחידה,false,,89.90,0.0000,true,1,2540777
737214510109,false,דקל בכד בטון,,,דקל בכד בטון,יחידה,0.00,יחידה,false,,59.90,0.0000,true,1,2540786
753182231761,false,"משקה אנרגיה BLU זירו לל""ס דיאט 250 מ""ל",אקווה ויט,PL,משקה אנרגיה BLU SUGA,מיליליטרים,250.00,"100 מ""ל",false,,4.20,0.0168,true,1,1364222
768404001640,false,"גלידה בן&ג'ריס קפה משפחתית 500מ""ל",מוצרי איכות אמריקאיי,IL,"גלידה בטעם קפה 500 מ""ל",מיליליטרים,500.00,"100 מ""ל",false,,24.90,0.0498,true,1,1326962
769904000997,false,דגש שקדי מרק ללא גלו,משובח תעשיות מזון,IL,"שקדי מרק דג""ש 200",גרמים,200.00,100 גרם,false,,14.90,0.0745,true,1,1350566
769904001116,false,פתיתים קוסקוס ללא גל,גיי אפ פי ייצור מזון,IL,פתיתים קוסקוס 200 גר,גרמים,200.00,100 גרם,false,,9.90,0.0495,true,1,1350572
786150000274,false,בירה חזקה לף בראון 3,לף Leffe,,"בירה לף בראון 330 מ""",מיליליטרים,330.00,"100 מ""ל",false,,6.90,0.0209,true,1,2436295
786150000281,false,שישיית בירה חזקה לף בראון,לף Leffe,,בירה לף בראון,ליטרים,1.98,ליטר,false,,39.90,20.1515,true,1,2436296
786560002240,false,שייקר פטנט קפיץ,,,שייקר פטנט קפיץ,יח',1.00,יח',false,,15.90,15.9000,true,1,2431151
811250030699,false,פלפל שחור טחון,נפטון Neptune,,פלפל שחור,גרמים,50.00,100 גרם,false,,4.90,0.0980,true,1,2407258
811250030835,false,תבלין מסלת בשר,,,תבלין מסלת בשר,גרמים,100.00,100 גרם,false,,9.90,0.0990,true,1,2291648
811250030842,false,תבלין מסלת דגים,,,תבלין מסלת דגים,גרמים,100.00,100 גרם,false,,9.90,0.0990,true,1,2291649
811250030873,false,תבלין טנדורי,,,תבלין טנדורי,גרמים,100.00,100 גרם,false,,9.90,0.0990,true,1,2291650
811250031344,false,רוטב שזיפים צנצנת,,,רוטב שזיפים צנצנת,גרמים,380.00,100 גרם,false,,12.90,0.0339,true,1,2437792
811250031450,false,תבלין על האש ברבקיו,,,תבלין על האש ברבקיו,גרמים,80.00,100 גרם,false,,4.90,0.0613,true,1,2463897
811250031467,false,תערובת תיבול מלח ופל,,,תערובת תיבול מלח ופל,גרמים,100.00,100 גרם,false,,9.90,0.0990,true,1,2440842
811250031511,false,רוזמרין,,,רוזמרין,גרמים,100.00,100 גרם,false,,9.90,0.0990,true,1,2440845
818570007066,false,תמצית וניל טהור וטקי,"ג'יי אר ווטקינס בע""מ",US,תמצית וניל טהור,מיליליטרים,29.00,"100 מ""ל",false,,29.90,1.0310,true,1,2400948
832544000488,false,תה ג'ינג'ר ולימון או,,,תה ג'ינג'ר ולימון או,גרמים,50.00,100 גרם,false,,14.90,0.2980,true,1,2151792
832544000495,false,תה צמחי עם תות וסמבו,,,תה צמחי עם תות וסמבו,גרמים,40.00,100 גרם,false,,14.90,0.3725,true,1,2151793
832544000518,false,תה ירוק עם ליים וג'י,,,תה ירוק עם ליים וג'י,גרמים,40.00,100 גרם,false,,14.90,0.3725,true,1,2151799
832544000525,false,תה צ'אי צמחי אורגני,,,תה צ'אי צמחי אורגני,גרמים,44.00,100 גרם,false,,14.90,0.3386,true,1,2151800
832544000532,false,תה לבן עם פטל אורגני,,,תה לבן עם פטל אורגני,גרמים,34.00,100 גרם,false,,14.90,0.4382,true,1,2151801
832544000556,false,תה דאבל מינט וסרפד,,,תה דאבל מינט וסרפד,גרמים,38.00,100 גרם,false,,14.90,0.3921,true,1,2151883
835811000396,false,נייר אפיה לתבנית מוארכת - מארז 30 ניירות,הנמל,CN,נייר אפיה לתבנית מאו,יח',30.00,יח',false,,9.90,0.3300,true,1,2413547
835811000563,false,כוס שמפניה עבה 6 יח,,,כוס שמפניה עבה 6 יח,יח',6.00,יח',false,,12.90,2.1500,true,1,2546404
835811000730,false,גליליות וופל למילוי 15 יח` 150 גר`**ללא החזרות**,גילרו,IL,גליליות וופל למילוי,גרמים,340.00,100 גרם,false,,14.90,0.0438,true,1,2375406
835811001119,false,מיני עדשים לעוגה 200 גר' בצנצנת,,,מיני עדשים 200 גר בצ,גרמים,200.00,100 גרם,false,,12.90,0.0645,true,1,2413500
835811001133,false,קוקוס 400 ג' הנמל,,,קוקוס טחון,גרמים,400.00,100 גרם,false,,10.90,0.0273,true,1,2396171
835811001140,false,שומשום הנמל 400 גרם,הנמל אריזות.,IL,שומשום מקולף,גרמים,400.00,100 גרם,false,,8.90,0.0223,true,1,2397280
835811001157,false,צלחות גדול מדקל,,,צלחות גדול מדקל,יח',10.00,יח',false,,14.90,1.4900,true,1,2419310
835811001164,false,צלחות קטן מדקל,,,צלחות קטן מדקל,יח',10.00,יח',false,,9.90,0.9900,true,1,2419311
835811001171,false,קעריות מדקל הנמל 10,,,צלחות ענק מדקל,יח',10.00,יח',false,,14.90,1.4900,true,1,2419312
835811001188,false,צלחות עגולות ענק מדק,,,צלחות ענק מדקל,יח',10.00,יח',false,,14.90,1.4900,true,1,2419313
835811001232,false,"נייר אפיה לתבנית עגולה 26 ס""מ - מארז 10 ניירות",האנג טונג,CN,נייר אפיה לתבנית עגו,יח',10.00,יח',false,,10.90,1.0900,true,1,2422061
835811001676,false,"תבנית אלומיניום גדולה 32*26 ס""מ - 9 יח'",הנמל,IL,מגש כסף 9 יח,יח',9.00,יח',false,,11.90,1.3222,true,1,2241576
835811001744,false,תבניות אלומיניום עבות במיוחד 46*34 רוסטר גדול,הנמל,,תבנית אלומיניום עבה,יח',2.00,יח',false,,11.90,5.9500,true,1,1381169
835811001959,false,תבניות אלומיניום עבות במיוחד 41*30 רוסטר בינוני,הנמל,,תבנית אלומיניום רוסט,יח',3.00,יח',false,,11.90,3.9667,true,1,1321466
835811001966,false,"תבנית אלומ` עבה רוסטר 370X270X70 ס""מ 4 יח`",הנמל,,תבניות אלומניום עבה,יח',4.00,יח',false,,11.90,2.9750,true,1,1321467
835811001997,false,"תבנית אלומ` עבה לחלה 320X167X80 ס""מ 4 יח`",הנמל,,תבנית אלומניום עבה ל,יח',4.00,יח',false,,11.90,2.9750,true,1,1321470
835811002185,false,צלחות קטנות חרמון 10,,,צלחות קטנות חרמון 10,יחידה,0.00,יחידה,false,,14.90,0.0000,true,1,1510336
835811002192,false,צלחות גדולות חרמון 1,,,צלחות גדולות חרמון 1,יחידה,0.00,יחידה,false,,19.90,0.0000,true,1,1510337
835811002239,false,מאפינס צבעוני מס' 3 הנמל 200 יח',יונק,,מאפינס צבעוני מס' 3,יחידה,200.00,יחידה,false,,6.90,0.0345,true,1,1638010
835811003427,false,"צלחות גדול מקנה סוכר 1 ק""ג כ-67 יח` הנמל",,,צלחות גדול מקנה סוכר,יח',37.00,יח',false,,29.90,0.8081,true,1,2546367
835811003601,false,מקלוני כותנה לתינוק 90 יח`,ספה,TR,צמרוני תינוק 90 יח,יח',90.00,יח',false,,5.90,0.0656,true,1,2113976
835811003700,false,סודה לשתייה הנמל 250,"פוליבה בע""מ",IL,סודה לשתיה,גרמים,250.00,100 גרם,false,,5.90,0.0236,true,1,2413508
835811004059,false,צלחות מרובעות ענק מד,,,צלחות מרובעות ענק מד,יח',10.00,יח',false,,14.90,1.4900,true,1,2419314
835811004066,false,צלחות מרובעות קטנות,,,צלחות מרובעות קטנות,יח',10.00,יח',false,,9.90,0.9900,true,1,2419315
835811004073,false,צלחות מרובעות ענק מד,,,צלחות מרובעות ענק מד,יח',10.00,יח',false,,14.90,1.4900,true,1,2419316
835811004455,false,קישקשים מנייר 125 יח' צבעוני,הנג טונג,CN,קישקשים מנייר 12 יח,יחידה,0.00,יחידה,false,,7.90,0.0000,true,1,2381916
835811004677,false,הנמל עטרות אלומיניום מס.4 100יח,הנג טון,CN,גביע אלומיניום לאפיי,יח',100.00,יח',false,,8.90,0.0890,true,1,1321472
835811004684,false,עטרות אלו` 3 לאפייה 100 יח` כסף /זהב,הנג טון,CN,גביע אלומיניום לאפיי,יח',100.00,יח',false,,7.90,0.0790,true,1,1321473
835811004707,false,פירורי לחם מוזהבים 440 ג' הנמל,ברמן שוקולד ועוגיות,IL,פירורי לחם מוזהב.,גרמים,440.00,100 גרם,false,,6.90,0.0157,true,1,1321475
835811004790,false,"מגש הגשה עגול מחולק שקוף בינוני ח""פ הנמל",,,צלחת הגשה בינונית מח,יחידה,0.00,יחידה,false,,6.90,0.0000,true,1,1321483
835811005025,false,סיר אלומיניום בינוני+מכסה 2יח 3.85 ליטר,קינפויל גאנגזו,CN,סיר אלומיניום בינוני,יחידה,2.00,יחידה,false,,16.90,8.4500,true,1,1321493
835811005049,false,נייר אפייה משובח וידידותי לסביבה מהדרין 38X42,"איטיליאן פוד, אס.פי.",IL,נייר אפייה 40 יח מתכ,יח',14.00,יח',false,,14.90,1.0643,true,1,1321494
835811005209,false,מגש עגול פסים 12 אינ,הנג טונג,CN,מגש עגול פסים,יחידה,0.00,יחידה,false,,4.90,0.0000,true,1,1321503
835811005339,false,שקיות אוכל קרטון הנמל זוג*150 יח',,,זוג שקיות אוכל,יח',300.00,יח',false,,7.90,0.0263,true,1,1321513
835811005667,false,נטיפי צ'יפס בטעם שוקולד 250 ג',פינוקים תעשיות מזון,,נטיפי צ'יפס בטעם שוק,גרמים,250.00,100 גרם,false,,8.90,0.0356,true,1,1321532
835811005704,false,נייר עטיפה לכריכים 1,טופ פלסט 2002 בעמ,IL,נייר עטיפה לכריכים,יח',100.00,יח',false,,7.90,0.0790,true,1,1321535
835811005728,false,עלים לקרמשניט 400 גר`,רונית מאפים בעמ,IL,עלים לקרמשניט 400 גר,גרמים,400.00,100 גרם,false,,14.90,0.0373,true,1,1321537
835811005810,false,מגש הכסף תבנית מרובע קטן +מכסה 10 יח`,הנמל,IL,מגש הכסף + מכסה,יח',10.00,יח',false,,11.90,1.1900,true,1,2241577
835811005933,false,מגש הכסף תבנית אלומ` ענק 5 יח`,ווינפאק,,מגש הכסף תבנית ענק,יח',5.00,יח',false,,11.90,2.3800,true,1,2241578
835811005940,false,מגש הכסף תבנית אלומ` גדולה + מכסה 8 יח`,,IL,מגש הכסף + מכסה,יח',8.00,יח',false,,11.90,1.4875,true,1,1321546
835811005957,false,מגש הכסף תבנית אלומ` 90 + מכסה 8 יח`,יבוא ושיווק: הנמל אר,IL,מגש הכסף + מכסה,יח',8.00,יח',false,,11.90,1.4875,true,1,2241579
835811005964,false,מגש הכסף תבנית אלומ` מאורך 20 יח`,ווינפאק,,מגש הכסף תבנית מאורך,יח',20.00,יח',false,,11.90,0.5950,true,1,2241580
835811006213,false,קעריות מקנה סוכר טבעי,"איטיליאן פוד, אס.פי.",IL,קערה למרק מקנה סוכר,יח',25.00,יח',false,,15.90,0.6360,true,1,1321567
835811006220,false,צלחות ענקיות מקנה סוכר טבעי,הנמל,,צלחות ענקיות קנה סוכ,יח',25.00,יח',false,,17.90,0.7160,true,1,1321568
835811006237,false,צלחות קטנות מקנה סוכר טבעי,הנמל,,צלחות קטנות קנה סוכר,יח',25.00,יח',false,,9.90,0.3960,true,1,1321569
835811006244,false,צלחות גדולות מקנה סוכר טבעי,הנמל,,צלחות גדולות קנה סוכ,יח',25.00,יח',false,,15.90,0.6360,true,1,1321570
835811006435,false,מגש הכסף תבנית מלבן עמוק + מכסה 9 יח`,,IL,מגש כסף 9 יח,יח',9.00,יח',false,,11.90,1.3222,true,1,1321577
835811006770,false,תבנית אולמניום עגול 5 יח',הנמל,,מגש כסף 5 יח,יח',5.00,יח',false,,11.90,2.3800,true,1,2241581
835811007432,false,תבנית משפחתית נייר מלבן גדול 3 יח',הנמל,,תבנית קרטון משפחתית,יח',3.00,יח',false,,10.90,3.6333,true,1,1321600
835811007494,false,גלטין טהור מדגים 2 יח` 14 X גר`,ג'ליס פיוניר,IL,גלטין טהור 14 גר 2יח,גרמים,28.00,100 גרם,false,,9.90,0.3536,true,1,1321601
835811007562,false,תבניות קרטון אינגליש קייק 6יח` ארוז 29X9X6,דוקרט תעשיית אריזות,IL,תבנית קרטון אינגליש,יח',6.00,יח',false,,9.90,1.6500,true,1,1321604
835811007678,false,שקיות אוכל הנמל 200 יח',סאם גלובל תורכיה,CN,שקיות אוכל 200 יח',יח',200.00,יח',false,,3.90,0.0195,true,1,1321605
835811008132,false,כריות מתכת בגליל 6יח,שוורצקוף& הנקל דיסלד,CN,ספוג מתכת בגליל 6 יח,יח',6.00,יח',false,,11.90,1.9833,true,1,1321611
835811008347,false,גפרור ארוך מאוד להבי,הנמל,SE,גפרור ארוך מאוד,יח',45.00,יח',false,,4.90,0.1089,true,1,1321615
835811008606,false,"סיר אלומיניום ומכסה ח""פ הנמל 3 יח'",קינפויל/גאנגזו,CN,סיר אלומניום + מכסה,יח',3.00,יח',false,,14.90,4.9667,true,1,1321619
835811009443,false,מפיות מודפסות תלת שכ,גאט פיפר,DE,מפיות גא'ט מודפס 20,יח',20.00,יח',false,,5.90,0.2950,true,1,1321671
839762000641,false,משקה איילנד מנגו נקטר 1 ל',"פאראגאלה,דה אג'יפשן",EG,מיץ מנגו איילנד ליטר,ליטרים,1.00,ליטר,false,,11.90,11.9000,true,1,1306391
839762000658,false,משקה נקטר איילנד גויאבה 1 ל',The Egyptian Co. for,EG,מיץ גויאבה איילנד לי,ליטרים,1.00,ליטר,false,,11.90,11.9000,true,1,1306392
839762002379,false,משקה נקטר מנגו איילנד 350מל,"פאראגאלה,דה אג'יפשן",EG,משקה איילנד מנגו 350,מיליליטרים,350.00,"100 מ""ל",false,,5.50,0.0157,true,1,1306394
839762002386,false,נקטר איילנד גויאבה 3,"פאראגאלה,דה אג'יפשן",EG,משקה איילנד גויאבה 3,מיליליטרים,350.00,"100 מ""ל",false,,5.50,0.0157,true,1,1306395
841058005209,false,אדג' ג'ל כתום לעור רגיש+ 20%תוספת,,,ג'ל לגילוח אדג' לעור,גרמים,200.00,100 גרם,false,,19.90,0.0995,true,1,2405865
844510013101,false,יין ירושלים הילס קבר,אגדת,IL,יין גרוזלם,מיליליטרים,750.00,"100 מ""ל",false,,34.90,0.0465,true,1,2413837
844510013125,false,יין ירושלים הילס מרל,אגדת,IL,יין גרוזלם,מיליליטרים,750.00,"100 מ""ל",false,,34.90,0.0465,true,1,2413838
844510013309,false,יין גרוזלם הילס רזרב,אגדת,IL,יין גרוזלם,מיליליטרים,750.00,"100 מ""ל",false,,74.90,0.0999,true,1,2413843
850004207789,false,מיטבולס ביונד מיט 29,תאי פרזידנט פוד פאבל,US,מיטבולס ביונד מיט 29,גרמים,290.00,100 גרם,false,,37.90,0.1307,true,1,2487459
850006036028,false,מאפה חיטה מקלונים בטעם סלק בצל 400 ג' עבאדי,,,עוגיות מזרחיות מקלונ,גרמים,400.00,100 גרם,false,,17.90,0.0447,true,1,2517244
850006036035,false,"עבאדי קטנטנים מאפה חיטה בטעם חרדל ודבש, 350 גרם",,,עוגיות מזרחיות עבאדי,גרמים,350.00,100 גרם,false,,15.90,0.0454,true,1,2514170
851621000050,false,בירה חיטה בטעם הדרים 1664 בלאנק - שישייה,קרלסברג ספליי קומפאנ,PL,שישיית בירה בלאנק 16,ליטרים,1.98,ליטר,false,,39.90,20.1515,true,1,2403246
852629004774,false,רביעיית נקניקיות ביונד מיט,תאי פרזידנט פוד פאבל,US,רביעיית נקניקיות ביו,גרמים,400.00,100 גרם,false,,39.90,0.0997,true,1,2462682
856591000055,false,עוגיות מזרחיות קריספי שרוף במיוחד,עבאדי,IL,עוגיות מזרחיות קריספ,גרמים,400.00,100 גרם,false,,17.90,0.0447,true,1,1473705
856591000062,false,עוגיות מזרחיות מלח 400 ג' עבאדי,מאפיית יוסף ושמחה עב,IL,ע.מזרחיות מלח 400 גרם,גרמים,400.00,100 גרם,false,,17.90,0.0447,true,1,1339364
856591000512,false,עוגיות עבאדי מיני מזרחי מקלות 400ג',מאפיית יוסף ושמחה עב,IL,מקלונים פריכים 400 גרם,גרמים,400.00,100 גרם,false,,17.90,0.0447,true,1,1339365
856591000949,false,עבאדי קטנטנים מאפה חיטה מלוח 350ג גר',עבאדי,IL,עוגיות מזרחיות עבאדי,גרמים,350.00,100 גרם,false,,17.90,0.0511,true,1,2514154
856591000970,false,מאפה חיטה מקלונים - חריף 400 גרם,עבאדי,IL,עוגיות מזרחיות מקלונ,גרמים,400.00,100 גרם,false,,17.90,0.0447,true,1,2517245
859547004084,false,ספוג קרצוף סקראב דדי,,,ספוג קרצוף סקראב דדי,יחידה,0.00,יחידה,false,,17.90,0.0000,true,1,2506661
859547004329,false,ספוג ניקוי צבעוני סקראב דדי Scrub Daddy,סקארקיסט,US,ספוג ניקוי סקראב דד,יחידה,0.00,יחידה,false,,17.90,0.0000,true,1,2506662
859547004466,false,סקראב מאמי ספוג ניקו,סקארקיסט,US,ספוג קרצוף סקראב דדי,יחידה,0.00,יחידה,false,,17.90,0.0000,true,1,2506663
877300000050,false,קינמון טחון,נפטון Neptune,,קינמון טחון,גרמים,80.00,100 גרם,false,,4.90,0.0613,true,1,2407275
877300000074,false,פלפל שחור גרוס,,,פלפל שחור גרוס,גרמים,100.00,100 גרם,false,,14.90,0.1490,true,1,1502927
877300000210,false,תערובת לתיבול טוסקנה,נפטון Neptune,,תערובת תיבול טוסקנה,גרמים,60.00,100 גרם,false,,4.90,0.0817,true,1,2407290
877300000364,false,אורגנו,,,אורגנו,גרמים,20.00,100 גרם,false,,4.90,0.2450,true,1,2407269
877300000760,false,רוטב פיצה,,,רוטב פיצה,מיליליטרים,330.00,"100 מ""ל",false,,12.90,0.0391,true,1,1353825
877300000777,false,מטבל צ'ימיצ'ורי נפטו,,,ממרח צימצורי,גרמים,180.00,100 גרם,false,,9.90,0.0550,true,1,1353826
877300000845,false,פפריקה מתוקה בשמן בסגנון מרוקאי,נפטון Neptune,,פפריקה מתוקה,גרמים,80.00,100 גרם,false,,4.90,0.0613,true,1,2407291
877300001019,false,כוסברה טחונה,נפטון Neptune,,כוסברה טחון,גרמים,120.00,100 גרם,false,,9.90,0.0825,true,1,1353837
877300001040,false,כורכום טחון 150גר,נפטון Neptune,,כורכום טחון,גרמים,150.00,100 גרם,false,,9.90,0.0660,true,1,1353839
877300001057,false,פלפל לבן טחון,,,פלפל לבן טחון,גרמים,100.00,100 גרם,false,,14.90,0.1490,true,1,1772454
877300001101,false,קינמון טחון,נפטון Neptune,,קינמון טחון,גרמים,150.00,100 גרם,false,,9.90,0.0660,true,1,1353844
877300001163,false,פריקה חריפה,נפטון Neptune,,פריקה חריפה,גרמים,150.00,100 גרם,false,,9.90,0.0660,true,1,1353849
877300001170,false,פפריקה מתוקה 150 גרם,נפטון Neptune,,פפריקה מתוקה,גרמים,150.00,100 גרם,false,,9.90,0.0660,true,1,1353850
877300001248,false,פפריקה מתוקה מרוקאית בשמן,נפטון Neptune,,פפריקה מתוקה מרוקאית,גרמים,150.00,100 גרם,false,,9.90,0.0660,true,1,1353852
877300001330,false,תערובת תיבול חוויאג' למרק,נפטון Neptune,,תבלין חוויאג' למרק,גרמים,150.00,100 גרם,false,,9.90,0.0660,true,1,1353854
877300001385,false,תערובת תיבול לפרגיות,נפטון Neptune,,תבלין לפרגיות,גרמים,150.00,100 גרם,false,,9.90,0.0660,true,1,1353858
877300001392,false,תערובת תיבול לגריל עוף,נפטון Neptune,,תבלין גריל עוף,גרמים,150.00,100 גרם,false,,9.90,0.0660,true,1,1353859
877300001408,false,תערובת תיבול לשקשוקה,נפטון Neptune,,תיבול לשקשוקה,גרמים,120.00,100 גרם,false,,9.90,0.0825,true,1,1353860
877300001552,false,תערובת תיבול טוסקנה,נפטון Neptune,,טוסקנה,גרמים,150.00,100 גרם,false,,9.90,0.0660,true,1,1353864
877300001576,false,תערובת תיבול על האש ברביקיו,נפטון Neptune,,תבלין על האש ברביקיו,גרמים,150.00,100 גרם,false,,9.90,0.0660,true,1,1353865
877300001583,false,תערובת תיבול לדג מבושל,נפטון Neptune,,תבלין לדג מבושל,גרמים,120.00,100 גרם,false,,9.90,0.0825,true,1,1353866
877300001989,false,פפריקה הונגרית בשמן,,,פפריקה הונגרית בשמן,גרמים,150.00,100 גרם,false,,9.90,0.0660,true,1,1353876
877300002078,false,רוטב שום ודבש,נפטון Neptune,,רוטב שום ודבש,גרמים,360.00,100 גרם,false,,12.90,0.0358,true,1,1353878
877300002115,false,תבלין לחמין,,,תבלין לחמין,גרמים,150.00,100 גרם,false,,9.90,0.0660,true,1,1353880
877300002160,false,רוטב צ`ילי מתוק נפטו,נפטון Neptune,,רוטב צ'ילי מתוק,גרמים,370.00,100 גרם,false,,12.90,0.0349,true,1,1353881
877300002184,false,אריסה מתוקה,,,אריסה מתוקה,גרמים,180.00,100 גרם,false,,9.90,0.0550,true,1,1409917
877300002191,false,שום כתוש נפטון 180,,,שום כתוש,גרמים,180.00,100 גרם,false,,9.90,0.0550,true,1,1353882
877300002214,false,ממרח אריסה חריפה נפט,,,אריסה,גרמים,180.00,100 גרם,false,,9.90,0.0550,true,1,1353883
877300002313,false,תערובת תיבול ראס אל חנות,נפטון Neptune,,תבלין ראס אל חנות,גרמים,150.00,100 גרם,false,,9.90,0.0660,true,1,1353885
877300002504,false,רוטב פיקנטי בטעם עמב,,,רוטב פיקנטי בטעם עמב,גרמים,500.00,100 גרם,false,,12.90,0.0258,true,1,2437793
877300002610,false,ממרח אריסה לימון,,,ממרח אריסה לימון,גרמים,180.00,100 גרם,false,,9.90,0.0550,true,1,1772460
877300002689,false,רוטב קייג'ון (ניו אורלינס),נפטון Neptune,,רוטב קייג'ון (ניו או,גרמים,330.00,100 גרם,false,,12.90,0.0391,true,1,1353890
877300003112,false,ממרח עגבניות בתוספת,,,ממרח עגבניות,גרמים,180.00,100 גרם,false,,9.90,0.0550,true,1,1661649
877300003235,false,רוטב חמוץ מתוק,נפטון Neptune,,רוטב חמוץ מתוק,גרמים,370.00,100 גרם,false,,12.90,0.0349,true,1,1353897
877300003259,false,רוטב סצ'ואן,נפטון Neptune,,רוטב סצ'ואן,גרמים,340.00,100 גרם,false,,12.90,0.0379,true,1,1353899
877300003273,false,רוטב טריאקי נפטון 3,,,רוטב טריאקי,גרמים,350.00,100 גרם,false,,12.90,0.0369,true,1,1353900
877300003280,false,רוטב סויה,,,רוטב סויה,גרמים,350.00,100 גרם,false,,12.90,0.0369,true,1,1353901
877300003303,false,רוטב צאטני מנגו מתוק,,,רוטב צאטני מנגו מתוק,גרמים,370.00,100 גרם,false,,12.90,0.0349,true,1,1353903
877300003327,false,רוטב סויה מתוק,נפטון Neptune,,רוטב סויה מתוק,גרמים,370.00,100 גרם,false,,12.90,0.0349,true,1,1353905
877300003334,false,רוטב קארי,,,רוטב קארי,גרמים,330.00,100 גרם,false,,12.90,0.0391,true,1,1353906
877300003358,false,פלפל צ'ומה,,,פלפל צ'ומה,גרמים,180.00,100 גרם,false,,9.90,0.0550,true,1,1353908
877300003365,false,רוטב מקסיקני,נפטון Neptune,,רוטב מקסיקני,גרמים,320.00,100 גרם,false,,12.90,0.0403,true,1,1353909
877300004102,false,ממרח פסטו שום,נפטון Neptune,,ממרח פסטו שום,גרמים,180.00,100 גרם,false,,9.90,0.0550,true,1,1353920
877300004263,false,ציפוי לשניצל וינאי,,,ציפוי לשניצל וינאי,גרמים,400.00,100 גרם,false,,9.90,0.0248,true,1,1811457
877300004270,false,ציפוי לשניצל ים תיכו,,,ציפוי לשניצל ים תיכו,גרמים,400.00,100 גרם,false,,9.90,0.0248,true,1,1811458
877300004553,false,פפריקה מתוקה 80 גרם,נפטון Neptune,,פפריקה מתוקה,גרמים,80.00,100 גרם,false,,4.90,0.0613,true,1,1502929
877300004560,false,פפריקה חריפה,נפטון Neptune,,פפריקה חריפה,גרמים,80.00,100 גרם,false,,4.90,0.0613,true,1,1891392
877300004577,false,כמון טחון,נפטון Neptune,,כמון טחון,גרמים,50.00,100 גרם,false,,4.90,0.0980,true,1,1514265
877300004614,false,גריל עוף 80 גרם.,,,גריל עוף,גרמים,80.00,100 גרם,false,,4.90,0.0613,true,1,1502934
877300004621,false,זעתר ושומשום תערובת לתיבול,נפטון Neptune,,זעתר שומשום,גרמים,80.00,100 גרם,false,,4.90,0.0613,true,1,1502935
877300008674,false,פלפל שחור שלם במטחנה,,,פלפל שחור שלם במטחנה,גרמים,45.00,100 גרם,false,,14.90,0.3311,true,1,1413612
877300008698,false,פלפלת ארבע עונות שלם,,,פלפלת ארבע עונות שלם,גרמים,30.00,100 גרם,false,,14.90,0.4967,true,1,1413614
877300008902,false,רוטב שום שמיר,,,רוטב שום שמיר,גרמים,310.00,100 גרם,false,,12.90,0.0416,true,1,1777835
877300009183,false,רוטב שמן זית ולימון,,,רוטב שמן זית ולימון,גרמים,300.00,100 גרם,false,,12.90,0.0430,true,1,2017546
877300009558,false,ציפוי לשניצל פירורי לחם בתיבול איטלקי,נפטון Neptune,,ציפוי לשניצל ירקות א,גרמים,400.00,100 גרם,false,,9.90,0.0248,true,1,1811459
877300009800,false,תבלין טימין,,,תבלין טימין,גרמים,40.00,100 גרם,false,,9.90,0.2475,true,1,2330359
877300009848,false,מלח לימון 150 גרם נפ,,,מלח לימון,מיליליטרים,150.00,"100 מ""ל",false,,9.90,0.0660,true,1,2247054
883314428629,false,כלי אחסון מרובע 38 +,,,כלי אחסון מרובע 38 +,יחידה,0.00,יחידה,false,,19.90,0.0000,true,1,2495516
883314549812,false,צלחת מנה עיקרית 25 L,,,צלחת מנה עיקרית 25 L,יחידה,0.00,יחידה,false,,14.90,0.0000,true,1,2495528
883314551426,false,צלחת מרק 20 LOUISON,,,צלחת מרק 20 LOUISON,יחידה,0.00,יחידה,false,,14.90,0.0000,true,1,2495530
883314571868,false,צנצנת 0.75 ל' + מכסה,,,צנצנת 0.75 ל' + מכסה,יחידה,0.00,יחידה,false,,24.90,0.0000,true,1,2513312
883314723649,false,מערכת אוכל 19 חלקים,,,מערכת אוכל 19 חלקים,יחידה,0.00,יחידה,false,,149.90,0.0000,true,1,2537624
883314740042,false,צלחת מנה עיקרית אדום,,,צלחת מנה עיקרית אדום,יחידה,0.00,יחידה,false,,14.90,0.0000,true,1,2513331
883314740233,false,צלחת מנה עיקרית אדום,,,צלחת מנה עיקרית אדום,יחידה,0.00,יחידה,false,,16.90,0.0000,true,1,2513332
883314858709,false,צלחת מנה ראשונה 19 ט,,,צלחת מנה ראשונה 19 ט,יחידה,0.00,יחידה,false,,12.90,0.0000,true,1,2499546
883314864366,false,קערה 50 Pop Gourmand,,,קערה 50 Pop Gourmand,יחידה,0.00,יחידה,false,,14.90,0.0000,true,1,2536965
884912002372,false,דגני בוקר גרייט גריינס פוסט453 גרם,post consumer brands,US,סלקט קרנברי חדש,גרמים,396.00,100 גרם,false,,24.90,0.0629,true,1,1350272
884912004710,false,דגני גרייפ נאט סלקט,,,דגני גרייפ נאט סלקט,גרמים,581.00,100 גרם,false,,24.90,0.0429,true,1,2412409
884912014245,false,דגני האני באנצ' רוסט,הנסיך- מפעל לייצור ט,US,האני בנצ'ס רוסטד חדש,גרמים,411.00,100 גרם,false,,22.90,0.0557,true,1,1350275
884912116505,false,דגני בננה נאט קראנץ' Banana Nut Crunch,post consumer brands,US,סלקט בננה נאט חדש,גרמים,439.00,100 גרם,false,,24.90,0.0567,true,1,1350280
884912117625,false,דגני שלווה מצופים בדבש Golden Crisp,הנסיך- מפעל לייצור ט,US,דגני בוקר שלווה מצופ,גרמים,418.00,100 גרם,false,,22.90,0.0548,true,1,1709534
884912129512,false,פוסט קוקו פבלס דגני בוקר 311 גרם,פוסט לקיוויל,US,דגני בוקר בטעם קקאו,גרמים,311.00,100 גרם,false,,24.90,0.0801,true,1,2542416
884912180629,false,דגני בוקר מחיטה מלאה גרוסה שרדד וויט,פוסט Post,,דגני חיטה מלאה גרוסה,גרמים,464.00,100 גרם,false,,22.90,0.0494,true,1,1483926
884912342737,false,דגני בוקר פוסט וופל קריספ 326 גר',הנסיך- מפעל לייצור ט,US,דגני בוקר וופל קריספ,גרמים,425.00,100 גרם,false,,22.90,0.0539,true,1,2387101
884912359155,false,דגני בוקר האני באנצס רוסטד 340 ג' POST,פוסט לקיוויל,US,דגני האני באנצ' רוסט,גרמים,411.00,100 גרם,false,,22.90,0.0557,true,1,2512296
884912359162,false,דגני בוקר האני באנצס שקדים 340 ג' POST,פוסט לקיוויל,US,דגני האני באנצ'.,גרמים,411.00,100 גרם,false,,22.90,0.0557,true,1,2512297
884912359414,false,דגני בוקר האני באנצס קינמון 340 ג' POST,פוסט לקיוויל,US,דגני האני באנצ' קינמ,גרמים,411.00,100 גרם,false,,22.90,0.0557,true,1,2512303
884912359421,false,דגני בוקר האני באנצס פקאן ומייפל 340 ג' POST,פוסט לקיוויל,US,דגני האני באנצ' פקאן,גרמים,411.00,100 גרם,false,,22.90,0.0557,true,1,2512304
884912359483,false,דגני בוקר האני באנצס תות 312 ג' POST,,,דגני האני באנצ' תות,גרמים,368.00,100 גרם,false,,22.90,0.0622,true,1,2512305
884912365200,false,דגני בוקר אוראו הדור הבא 311 ג',פוסט לקיוויל,US,דגני בוקר בטעם אוראו,גרמים,311.00,100 גרם,false,,19.90,0.0640,true,1,2536311
884912377142,false,דגני בוקר האני באנצס וניל 340 ג' POST,פוסט לקיוויל,US,דגני האני באנצ' וניל,גרמים,411.00,100 גרם,false,,22.90,0.0557,true,1,2512311
884912378118,false,פוסט רייזן ברן 471 גר',פוסט לקיוויל,US,דגני רייזן ברן.,גרמים,411.00,100 גרם,false,,22.90,0.0557,true,1,2536370
888849000005,false,חטיף חלבון בטעם עוגיות עם קרם,קווסט נוטרישן,US,קווסט חטיף חלבון עוג,גרמים,60.00,100 גרם,false,,17.90,0.2983,true,1,2430889
888849000012,false,קווסט חטיף חלבון עוג,Unknown,US,קווסט חטיף חלבון עוג,גרמים,60.00,100 גרם,false,,17.90,0.2983,true,1,2430890
888849000234,false,חטיף חלבון בטעם שוקולד כפול,קווסט נוטרישן,US,קווסט חטיף חלבון שוק,גרמים,60.00,100 גרם,false,,17.90,0.2983,true,1,2430892
888849001224,false,קווסט חטיף חלבון סמו,,,קווסט חטיף חלבון סמו,גרמים,60.00,100 גרם,false,,17.90,0.2983,true,1,2430896
888849003495,false,קווסט חטיף חלבון שוק,,,קווסט חטיף חלבון שוק,גרמים,60.00,100 גרם,false,,17.90,0.2983,true,1,2469616
888849004621,false,קווסט חטיף חלבון שיב,,,קווסט חטיף חלבון שיב,גרמים,60.00,100 גרם,false,,17.90,0.2983,true,1,2430898
888849006014,false,קווסט עוגיית חלבון ש,,,קווסט עוגיית חלבון ש,גרמים,59.00,100 גרם,false,,14.90,0.2525,true,1,2430902
888849006632,false,חטיף חלבון צ'יפס גבי,,,חטיף חלבון צ'יפס גבי,גרמים,32.00,100 גרם,false,,17.90,0.5594,true,1,2519196
888849006656,false,חטיף חלבון צ'יפס לימ,,,חטיף חלבון צ'יפס לימ,גרמים,32.00,100 גרם,false,,17.90,0.5594,true,1,2519198
888849008117,false,משקה חלבון קווסט בטע,קווסט נטרישן,US,משקה חלבון קווסט בטע,מיליליטרים,325.00,"100 מ""ל",false,,17.90,0.0551,true,1,2462070
888849009954,false,חטיף חלבון צ'יפס טאק,,,חטיף חלבון צ'יפס טאק,גרמים,32.00,100 גרם,false,,17.90,0.5594,true,1,2519199
888849010103,false,משקה חלבון קווסט בטע,קווסט נטרישן,US,משקה חלבון קווסט בטע,מיליליטרים,325.00,"100 מ""ל",false,,17.90,0.0551,true,1,2462128
888849011063,false,חטיף חלבון צ'יפס ספי,,,חטיף חלבון צ'יפס ספי,גרמים,32.00,100 גרם,false,,17.90,0.5594,true,1,2519200
898193001252,false,בונומלי - חליטת קמומ,דולפין ספא,IT,תה חליטת קמומיל 30 ג,גרמים,30.00,100 גרם,false,,15.90,0.5300,true,1,1486056
1230000068314,false,בשר טחון ביונד מינט,זנברגן וורלד פינסט מ,NL,בשר טחון ביונד מינט,גרמים,300.00,100 גרם,false,,29.90,0.0997,true,1,2494988
1230000116022,false,ביונד בורגר Beyond Burger - מארז זוג,ביונד מיט קליפורניה,US,המבורגר ביונד מיט מא,גרמים,226.00,100 גרם,false,,34.90,0.1544,true,1,2518474
3014260022730,false,אורל בי אדוונטג' זוג 40 מדיום,פרוקטר אנד גמבל,DE,אורל בי אדוונטג' זוג 40 מ,יח',2.00,יח',false,,24.90,12.4500,true,1,1307046
3014260022839,false,מברשת שיניים אורל בי,פרוקטר אנד גמבל,IN,דליקייט  וויט  זוג  40 רך,יח',2.00,יח',false,,14.90,7.4500,true,1,1307047
3014260023089,false,מברשות שיניים קלאסיק,פרוקטר אנד גמבל,IN,קלאסיק שלישיה 40 מדיום,יח',3.00,יח',false,,14.90,4.9667,true,1,1386054
3014260100667,false,מברשת שיניים אורל בי,קדבורי,IE,אורל בי מברשת שיניים,יחידה,0.00,יחידה,false,,14.90,0.0000,true,1,2194871
3014260100698,false,אורל בי מברשת שיניים,,,אורל בי מברשת שיניים,יחידה,0.00,יחידה,false,,14.90,0.0000,true,1,2411752
3014260201753,false,סכיני גילוח ג'ילט בלו 2 להבים - מארז 5 יח',פרוקטר אנד גמבל,PL,בלו 2*5 (שקית),יח',5.00,יח',false,,12.90,2.5800,true,1,1307049
3014260228842,false,"ג'ילט קצף גילוח רגיל - 200 מ""ל",מולינו ניקולי s.p.a,GB,ק.גילוח רגיל,מיליליטרים,200.00,"100 מ""ל",false,,14.90,0.0745,true,1,1307058
3014260258313,false,אפטר שייב ספלאש 100,,,אפטר שייב ספלאש 100,מיליליטרים,100.00,"100 מ""ל",false,,29.90,0.2990,true,1,1307065
3014260262709,false,סכיני גילוח לאישה 3 להבים,ג'ילט ונוס Gillette Venus,DE,ס.ג .ונוס4X1,יח',4.00,יח',false,,44.90,11.2250,true,1,1307068
3014260274924,false,מאך 3 טורבו שמיניה,פרוקטר אנד גמבל,DE,מאך 3טורבו 8,יח',8.00,יח',false,,89.90,11.2375,true,1,1307073
3014260280772,false,חוט דנטלי ווקס Essential floss,פרוקטר אנד גמבל,MX,חוט דנטלי אסנשיאל מנטה עם,מטרים,50.00,מטר,false,,12.90,0.2580,true,1,1307076
3014260284350,false,"אפטר שייב ג'ל 75 מ""ל",פרוקטר אנד גמבל,FR,א.ש. ג'ל קלאסי רגיש,מיליליטרים,75.00,"100 מ""ל",false,,34.90,0.4653,true,1,2409470
3014260287030,false,גילט בלו ח.פעמי חמישייה,פרוקטר אנד גמבל,MD,גילט 2חמישיה,יח',5.00,יח',false,,7.90,1.5800,true,1,1307080
3014260289287,false,סכיני גילוח לאישה בלו 2 Blue,פרוקטר אנד גמבל,RU,בלו 2 לנשים 5,יח',5.00,יח',false,,14.90,2.9800,true,1,1307081
3014260833848,false,מברשת שיניים אורל בי,,,זוג מברשות שיניים או,יחידה,2.00,יחידה,false,,24.90,12.4500,true,1,2432791
3045201107001,false,אידיאל מסיר כתמים אדום,אידיאל Ideal,ES,אידאל-מסיר כתמים-אדום 009,מיליליטרים,150.00,"100 מ""ל",false,,19.90,0.1327,true,1,1325611
3045201108008,false,מסיר כתמים לפני כביסה,אידיאל Ideal,ES,אידאל-מסיר כתמים-צהוב 006,מיליליטרים,150.00,"100 מ""ל",false,,19.90,0.1327,true,1,1325612
3045206312257,false,דזיטול מגבונים לחיטוי כללי 36 יחידות,יעקבי - דזיטול Desytol,ES,דזיטול - מגבונים,יח',24.00,יח',false,,12.90,0.5375,true,1,1325613
3046920010801,false,שוקולד מריר אקסלנס עם אגוזי לוז,לינדט ושפרונגלי אס.א,FR,שוקולד לינדט אקסלנט,גרמים,100.00,100 גרם,false,,14.90,0.1490,true,1,1890284
3046920010856,false,שוקולד לינדט אקסלנס,לינדט,CH,שוקולד לינדט אקסלנט,גרמים,100.00,100 גרם,false,,14.90,0.1490,true,1,2387585
3046920016377,false,שוקולד לינדט אקסלנס,לינדט ושפרונגלי,DE,שוקולד לינדט אקסלנט,גרמים,50.00,100 גרם,false,,14.90,0.2980,true,1,2411567
3046920027281,false,שוקולד מריר אקסלנס במילוי קרמל ומלח ים,לינדט ושפרונגלי,FR,לינדט אקסלנס 70% 100 גרם,גרמים,100.00,100 גרם,false,,14.90,0.1490,true,1,1373379
3046920028004,false,שוקולד מריר אקסלנס 70%,לינדט ושפרונגלי,FR,לינדט אקסלנס 70% 100 גרם,גרמים,100.00,100 גרם,false,,14.90,0.1490,true,1,1318992
3046920028363,false,שוקולד מריר אקסלנס 85%,לינדט ושפרונגלי,FR,לינדט אקסלנס 85% 100 גרם,גרמים,100.00,100 גרם,false,,14.90,0.1490,true,1,1318993
3046920028721,false,שוקולד מריר אקסלנס 99%,לינדט ושפרונגלי,FR,שוקולד לינדט 99% אקס,גרמים,50.00,100 גרם,false,,14.90,0.2980,true,1,1890318
3046920028752,false,לינדט אקסלנס מריר מנ,לינדט ושפרונגלי,FR,לינדט אקסלנס מינט 100 גר,גרמים,100.00,100 גרם,false,,14.90,0.1490,true,1,1318995
3046920029674,false,שוקולד מריר אקסלנס עם מלח ים,לינדט ושפרונגלי,DE,לינדט אקס' סולט 100 גרם,גרמים,100.00,100 גרם,false,,14.90,0.1490,true,1,1318996
3046920029681,false,שוקולד לינדט אקסלנס,לינדט,DE,שוקולד אקסלנס 85%,גרמים,100.00,100 גרם,false,,14.90,0.1490,true,1,2411568
3046920029759,false,שוקולד מריר אקסלנס 90% קקאו,לינדט ושפרונגלי ג'י.,DE,לינדט אקסלנס 70% 100 גרם,גרמים,100.00,100 גרם,false,,14.90,0.1490,true,1,1373380
3059940007768,false,"אירוויק ספריי בניחוח וניל ואורכידאה 240 מ""ל",איירוויק Air Wick,GB,איירוויק ספריי וניל ואורכ,מיליליטרים,240.00,"100 מ""ל",false,,9.90,0.0413,true,1,1309315
3059943015104,false,מבשם אוויר נטול גז אקווה מיסט בניחוח פריסיה ויסמין,איירוויק Air Wick,PL,איירויק אקווה מיסט פרסיה,מיליליטרים,345.00,"100 מ""ל",false,,19.90,0.0577,true,1,1309320
3059943015128,false,מבשם אוויר נטול גז אקווה מיסט בניחוח לבנדר פראי ואוויר הרים,הדקלאים אגודת שיתופי,PL,איירויק אקווה מיסט לבנדר,מיליליטרים,345.00,"100 מ""ל",false,,19.90,0.0577,true,1,1309321
3059943016507,false,"אירוויק ספריי בניחוח לבנדר וקמומיל 240 מ""ל",איירוויק Air Wick,GB,א.וייק ספריי לבנדר,מיליליטרים,240.00,"100 מ""ל",false,,9.90,0.0413,true,1,1309322
3059943016569,false,"אירוויק ספריי בניחוח פריסיה ויסמין 240 מ""ל",איירוויק Air Wick,GB,איירוויק ספריי פריסיה ויס,מיליליטרים,240.00,"100 מ""ל",false,,9.90,0.0413,true,1,1309324
3059944021197,false,"ויט קרם הסרת שיער לעור רגיש - 400 מ""ל",רקיט בנקיזר,FR,"ויט קרם רגיש 400 מ""ל",מיליליטרים,400.00,"100 מ""ל",false,,59.90,0.1497,true,1,1309328
3059944022415,false,רצועות שעווה מוכנות לשימוש מועשרת בתמציות ובניחוח ורדים,רקיט בנקיזר,FR,ויט ארומטיק רצועות שעווה,יחידה,0.00,יחידה,false,,29.90,0.0000,true,1,1309332
3073781161663,false,גבינה מותכת 18.5% שומן לה וואש קירי,לה וואש קירי La Vache qui rit,FR,גבינה לוואש קירי 8 י,גרמים,128.00,100 גרם,false,,11.90,0.0930,true,1,2495127
3073781161687,false,גבינת לבש קירי כשר 2,בל,FR,גבינה לוואש קירי 16,גרמים,256.00,100 גרם,false,,21.90,0.0855,true,1,2495128
3073781161700,false,גבינה מותכת לה וואש,,,גבינה לוואש קירי 32,גרמים,480.00,100 גרם,false,,37.90,0.0790,true,1,2495134
3073781162790,false,גבינת בייבי בל אדם 1,מחלבות בל,FR,גבינת בייבי בל אדם 1,גרמים,120.00,100 גרם,false,,17.90,0.1492,true,1,2510559
3073781177220,false,גבינת אדם בייבי בל ר,מחלבות בל,FR,גבינת בייבי בל רול,גרמים,120.00,100 גרם,false,,17.90,0.1492,true,1,2534988
3080216034508,false,בירה גרימברגן בלונד,גרימברגן Grimbergen,,בירה גרימברגן בלונד,מיליליטרים,330.00,"100 מ""ל",false,,9.90,0.0300,true,1,2438086
3080216034645,false,בירה גרימברגן אמברה,,,בירה גרימברגן אמברה,מיליליטרים,330.00,"100 מ""ל",false,,6.90,0.0209,true,1,2438087
3120581456267,false,שבלי מ.דה ליני לבן י,Unknown,FR,יין שבלי לבן ייבש,מיליליטרים,750.00,"100 מ""ל",false,,89.90,0.1199,true,1,2400648
3141360054405,false,פיניש מפיץ ריח למדיח בניחוח לימון וליים,הדקלאים אגודת שיתופי,PL,מפיג ריח למדיח פיניש,גרמים,27.00,100 גרם,false,,14.90,0.5519,true,1,1521723
3147697720204,false,וויסקי סקוטי לייבל 7,לייבל 5 Label,,וויסקי לייבל 5 קלאסי,מיליליטרים,700.00,"100 מ""ל",false,,65.00,0.0929,true,1,1430345
3161911229199,false,אלוויר חמאה רכה 250ג,אלל אה וויר,FR,חמאה רכה 250 ג,גרמים,250.00,100 גרם,false,,21.90,0.0876,true,1,1329572
3161911366429,false,חמאה רכה מלוחה אלווי,ארזינא,FR,חמאה מלוחה 250 ג,גרמים,250.00,100 גרם,false,,21.90,0.0876,true,1,1329573
3175460000017,false,גבינת בורסן עשבי תיב,השחר,FR,גבינת בורסן עשבי תיבול,גרמים,150.00,100 גרם,false,,19.90,0.1327,true,1,1329574
3175460000062,false,גבינת בורסאן טבעי 15,השחר,FR,גבינת בורסן פלפל,גרמים,150.00,100 גרם,false,,19.90,0.1327,true,1,1329575
3175460030083,false,גבינת בורסן בצל ועיר,השחר,FR,גבינת בורסן בצל ועירית,גרמים,150.00,100 גרם,false,,19.90,0.1327,true,1,1329576
3178530407938,false,עוגיות מיני מדלן עם פצפוצי שוקולד,סן מישל St Michel,FR,מיני מדלן שוקו סן מי,גרמים,175.00,100 גרם,false,,10.90,0.0623,true,1,1597528
3178530411478,false,ביסקוויטים גאלט עם חמאה ומלח ים,סן מישל St Michel,,גלאט חמאה קלאסי סן מ,גרמים,150.00,100 גרם,false,,11.90,0.0793,true,1,1597529
3178530412703,false,עוגיות דונאט עם שוקו,סן מישל St Michel,FR,דונאט עם שוקולד,גרמים,180.00,100 גרם,false,,16.90,0.0939,true,1,2376164
3178530417340,false,בראוניז שוקולד עוגות,סן מישל,FR,בראוניז שוקולד עוגות,גרמים,210.00,100 גרם,false,,11.90,0.0567,true,1,2440753
3178530417418,false,עוגיות דונוטס פיצפוצ,סן מישל St Michel,FR,דונאט עם שוקולד ציפס,גרמים,180.00,100 גרם,false,,16.90,0.0939,true,1,2376166
3179730011017,false,מיים פירייה מוגז 750,NESTLE WATERS,FR,פרייה זכוכית 750מל (ירוק),מיליליטרים,750.00,"100 מ""ל",false,,8.90,0.0119,true,1,1347421
3179730011024,false,פרייה מים מינרלים 33,נסטלה ווטרס ספלאי,FR,פרייה זכוכית 330מל 6*4,מיליליטרים,330.00,"100 מ""ל",false,,5.90,0.0179,true,1,1347422
3278486902355,false,ברנדי ראגל פרייד XO,,,ברנדי ראגל פרייד XO,מיליליטרים,700.00,"100 מ""ל",false,,89.90,0.1284,true,1,1401386
3387390320244,false,פיטנס Fitness דגנים מלאים עם פירות,נסטלה צרפת איטנקורט,FR,פיטנס פירות 375 גרם,גרמים,375.00,100 גרם,false,,19.90,0.0531,true,1,1305690
3387390525960,false,קראנץ' Crunch דגנים פריכים עם שוקולד,הנסיך- מפעל לייצור ט,FR,קראנץ' דגני בוקר פריכים ע,גרמים,500.00,100 גרם,false,,21.90,0.0438,true,1,1305691
3387390730852,false,פיטנס Fitness קלאסי דגנים מלאים ואורז,נסטלה צרפת איטנקורט,FR,פיטנס קלאסי 375 גרם,גרמים,375.00,100 גרם,false,,19.90,0.0531,true,1,1305692
3417320023881,false,בירה חזקה 8.8% סברנה Saverne,קלסברוג ברוארי,,בירה חזקה 8.8% סברנה,מיליליטרים,500.00,"100 מ""ל",false,,6.90,0.0138,true,1,1633279
3426470275057,false,כלי אחסון מלבני קטן,,,כלי אחסון מלבני קטן,יחידה,0.00,יחידה,false,,49.90,0.0000,true,1,2495550
3428681000961,false,קוניאק דופוי במארז א,באך גבריאלסון,FR,קוניאק,מיליליטרים,700.00,"100 מ""ל",false,,129.90,0.1856,true,1,2440233
3523230026826,false,גבינת עיזים פרימדה ס,אוריאל,FR,גבינה עזים פירמידה 1,גרמים,140.00,100 גרם,false,,22.90,0.1636,true,1,1579488
3523230026888,false,גבינת עיזים למריחה עם שום ועשבי תיבול,סואניון SOIGNON,FR,גבינה עזים פירמידה 1,גרמים,140.00,100 גרם,false,,22.90,0.1636,true,1,1580546
3574660026788,false,ג'ונסונס בייבי טלק 200 גר',ג'ונסונס Johnson's,IT,טלק גונסון 200 גר,גרמים,200.00,100 גרם,false,,18.90,0.0945,true,1,2290017
3574660058857,false,"שמן לתינוק גונסון 500 מ""ל",גונסון אנד גונסון,IT,"שמן גונסון 500 מ""ל",מיליליטרים,500.00,"100 מ""ל",false,,29.90,0.0598,true,1,2290018
3574660089547,false,או-בה טמפונים קלאסי נורמל 32יח',ג'ונסון אנד ג'ונסון,GR,אובה קלאסי נורמל 32,יח',32.00,יח',false,,29.90,0.9344,true,1,1338771
3574660239829,false,ניוטרגינה ס.נורבגית קרם ידיים קל 75מל,ניוטרוג'ינה Neutrogena,FR,נוטרגינה ס.נורבגית קרם יד,מיליליטרים,75.00,"100 מ""ל",false,,19.90,0.2653,true,1,1338781
3574660333466,false,או-בה טמפונים פרוקומפורט מיני 32 יח',הנסיך- מפעל לייצור ט,DE,אובה פרוקומפורט מיני 32 י,יח',32.00,יח',false,,29.90,0.9344,true,1,1338796
3574660464337,false,מגני תחתון קרפרי נורמל אוורירי מבושם,ג'ונסון אנד ג'ונסון,IT,תחתוניות קרפרי אוורי,יח',76.00,יח',false,,22.90,0.3013,true,1,1972356
3574660464368,false,קרפרי מגן תחתון אוורירי אלוורה 76 יח'',גונסון אנד גונסון,IT,תחתוניות קרפרי אוורי,יח',76.00,יח',false,,22.90,0.3013,true,1,1972357
3574660464429,false,מגני תחתון קרפרי נורמל אוורירי עם מעטפת כותנה,קרפרי Carefree,,תחתוניות קרפרי אוורי,יח',76.00,יח',false,,22.90,0.3013,true,1,1972359
3574660514643,false,נוטרוגינה קרם לחות עשיר 300 מל,ניוטרוג'ינה Neutrogena,FR,נוטרוגינה קרם לחות עשיר 3,מיליליטרים,300.00,"100 מ""ל",false,,19.90,0.0663,true,1,1338808
3574660571769,false,נוטרוגינה שפתון לחות 2 SPF,,,שפתון לחות SPF20 נוט,גרמים,4.80,100 גרם,false,,14.90,3.1042,true,1,2496619
3574661003924,false,שטיפת פה טוטאל קר בטעם מנטה צלול,ליסטרין Listerine,IT,LISTERINE TOTAL CARE 500M,מיליליטרים,500.00,"100 מ""ל",false,,22.90,0.0458,true,1,1306493
3574661098531,false,ניוטרוגינה תחליב גוף מועשר לעור יבש/רגיש,ניוטרוג'ינה Neutrogena,GR,תחליב גוף לעור יבש ו,מיליליטרים,400.00,"100 מ""ל",false,,19.90,0.0497,true,1,2089896
3574661098937,false,ניוטריגינה ת.גוף עור יבש משאבה 400מל,ניוטרוג'ינה Neutrogena,GR,תחליב גוף לעור יבש ע,מיליליטרים,400.00,"100 מ""ל",false,,19.90,0.0497,true,1,2089897
3574661114620,false,ליסטרין זירו מי פה 250 מל,,,מי פה ליסטרין זירו 2,מיליליטרים,250.00,"100 מ""ל",false,,12.90,0.0516,true,1,2224630
3574661114637,false,"מי פה ליסטרין זירו מנטה עדין 500 מ""ל",ג'ונסון אנד ג'ונסון,IT,"מי פה ליסטרין 500 מ""",מיליליטרים,500.00,"100 מ""ל",false,,19.90,0.0398,true,1,1306494
3574661141022,false,וניה תחבושות הגייניות מקסי לילה 16יח,CILAG GMBH INTERNATI,BE,וניה תחבושות הגייניות מקס,יח',12.00,יח',false,,24.90,2.0750,true,1,1380779
3574661199894,false,"נוטרוגינה קרם ידיים ויזבלי ריניו 75 מ""ל",ניוטרוג'ינה Neutrogena,,קרם ידיים ויזבלי רינ,מיליליטרים,75.00,"100 מ""ל",false,,19.90,0.2653,true,1,1418441
3574661200019,false,נוטרוגינה ת.גוף ויזבלי ריניו משאבה 400 מל,ניוטרוג'ינה Neutrogena,,תחליב גוף עם משאבה 4,מיליליטרים,400.00,"100 מ""ל",false,,19.90,0.0497,true,1,1418442
3574661352275,false,"מי פה ליסטרין קידס ברי, 250 מ""ל",,,מי פה ליסטרין קידס 2,מיליליטרים,250.00,"100 מ""ל",false,,14.90,0.0596,true,1,2411959
3574661363998,false,"מי פה ליסטרין תה ירוק 500 מ""ל",,,שטיפת פה ליסטרין תה,מיליליטרים,500.00,"100 מ""ל",false,,22.90,0.0458,true,1,1737173
3574661391373,false,הידרו בוסט תחליב קרם ג'ל גוף לעור רגיל עד יבש,ניוטרוג'ינה Neutrogena,,תחליב גוף הידרו בוסט,מיליליטרים,400.00,"100 מ""ל",false,,19.90,0.0497,true,1,2321985
3574661392486,false,"ניוטרוגינה קרם ידיים הידרו בוסט 75 מ""ל",ניוטרוג'ינה Neutrogena,,קרם ידיים NEUTROGENA,מיליליטרים,75.00,"100 מ""ל",false,,19.90,0.2653,true,1,2347639
3574661392493,false,ניוטרוגינה קרם גוף הידרו בוסט 200 מייל,,,קרם גוף עשיר ניוטרוג,מיליליטרים,200.00,"100 מ""ל",false,,19.90,0.0995,true,1,2347640
3574661419435,false,תחבושת הגיינית וניה מקסי לילה 12 יח',גונסון,BE,תחבושות הגייניות מקס,יח',12.00,יח',false,,24.90,2.0750,true,1,2513458
3574661425139,false,"ג'ונסון - בייבי קרם החתלה 100 מ""ל",,,קרם להחתלה גונסונ'ס,גרמים,100.00,100 גרם,false,,19.90,0.1990,true,1,2290019
3574661425696,false,גונסונס בייבי תחליב 500,ג'ונסונס Johnson's,IT,תחליב גונסון בייבי 5,מיליליטרים,500.00,"100 מ""ל",false,,29.90,0.0598,true,1,2290020
3574661427935,false,גונסון בייבי תרחיץ ושמפו מגע כותנה 500,,,גונסון בייבי תרחיץ ו,מיליליטרים,500.00,"100 מ""ל",false,,22.90,0.0458,true,1,2518417
3574661428048,false,"ג’ונסון מנקה ומגן – סבון ידיים וגוף לילד 500 מ""ל",ג'ונסונס Johnson's,,גונסונס בייבי סבון י,מיליליטרים,500.00,"100 מ""ל",false,,7.90,0.0158,true,1,2514954
3574661428055,false,גונסונס בייבי תחליב מגע כותנה 500 מל,,,תחליב גונסון בייבי מ,מיליליטרים,500.00,"100 מ""ל",false,,29.90,0.0598,true,1,2518503
3574661485201,false,טמפונים אובה סופר 32 יח' פרוקומפורט,Unknown,,טמפון או-בה סופר 32,יח',32.00,יח',false,,29.90,0.9344,true,1,2513957
3574661485218,false,טמפונים נורמל אובה 32 יח' פרוקומפורט,Unknown,,טמפון או-בה נורמל 32,יח',32.00,יח',false,,29.90,0.9344,true,1,2513958
3574661487328,false,קרפרי מגני תחתון אורגינל פלוס 56 יח',הדקלאים אגודת שיתופי,IT,תחתוניות קרפרי 56 יח,יח',56.00,יח',false,,19.90,0.3554,true,1,2363042
3574661487335,false,קרפרי מגן תחתון מקסי לונג ריח'ני 40 יח',קרפרי Carefree,,תחתוניות קרפרי מקסי,יח',40.00,יח',false,,19.90,0.4975,true,1,2363048
3574661487618,false,קרפרי מגן תחתון מקסי לארג'' מבושם 48 יח'',הדקלאים אגודת שיתופי,IT,תחתוניות קרפרי מבושם,יח',48.00,יח',false,,19.90,0.4146,true,1,2363049
3574661487625,false,מגני תחתון פלוס לארג' בניחוח עדין L,הדקלאים אגודת שיתופי,IT,תחתוניות קרפרי מקסי,יח',48.00,יח',false,,19.90,0.4146,true,1,2363084
3574661487632,false,מגני תחתון פלוס לארג' בניחוח עדין L,קרפרי Carefree,IT,תחתוניות קרפרי לארג',יח',64.00,יח',false,,22.90,0.3578,true,1,2380868
3574661491806,false,מי פה אדבנס וויט מנטה מסירה כתמים קשים,ליסטרין Listerine,,מי פה ליסטרין עם שטי,מיליליטרים,500.00,"100 מ""ל",false,,22.90,0.0458,true,1,2438327
3574661498430,false,"ניוטרוג'ינה - תרחיץ גרגירים אשכולית ורודה 150מ""ל",,,ניוטרוגינה Refreshin,מיליליטרים,150.00,"100 מ""ל",false,,54.90,0.3660,true,1,2431265
3574661501901,false,שטיפה אינטימית יומיומית מכיל תה ירוק ואלוורה,קרפרי Carefree,IT,שטיפה אינטימית אלוור,מיליליטרים,200.00,"100 מ""ל",false,,16.90,0.0845,true,1,2378172
3574661504162,false,מוס לשטיפה אינטימית יומיומית מכיל תה ירוק ואלוורה,קרפרי Carefree,IT,מוס לשטיפה אינטימית,מיליליטרים,150.00,"100 מ""ל",false,,16.90,0.1127,true,1,2378173
3574661506272,false,קרפרי מגבונים אינטימיים אלוורה 20 יח,Johnson Toilet-IT,IT,מגבונים אינטימיים 20,יח',20.00,יח',false,,19.90,0.9950,true,1,2378174
3574661507170,false,"תחליב רחצה 650 מ""ל ל",,,"תחליב רחצה 650 מ""ל ל",מיליליטרים,650.00,"100 מ""ל",false,,10.00,0.0154,true,1,2379223
3574661530697,false,גונסון בייבי תרחיץ ושמפו לתינוק 500,ג'ונסונס Johnson's,IT,תרחיץ ושמפו ג'ונסון,מיליליטרים,500.00,"100 מ""ל",false,,19.90,0.0398,true,1,2303641
3574661552576,false,קרפרי מגן תחתון רגיל טנגה לבן 56 יח חדש,הדקלאים אגודת שיתופי,IT,תחתוניות קרפרי טנגה,יח',56.00,יח',false,,19.90,0.3554,true,1,2400676
3574661552811,false,קרפרי כותון אוורירי 56 יח',הדקלאים אגודת שיתופי,GR,תחתוניות קרפרי אוורי,יח',56.00,יח',false,,19.90,0.3554,true,1,2400678
3574661554877,false,מגן תחתון אוורירי מבושם,הנסיך- מפעל לייצור ט,GR,תחתוניות קרפרי מבושם,יח',56.00,יח',false,,19.90,0.3554,true,1,2400679
3574661554884,false,קרפרי רגיל טנגה ריחני 56 יח' חדש,הדקלאים אגודת שיתופי,GR,תחתוניות קרפרי מבושם,יח',56.00,יח',false,,19.90,0.3554,true,1,2400685
3574661610344,false,"קרם לחות אינטנסיבי 300 מ""ל ניוטרוג'ינה",,,קרם גוף אינטנסיבי ני,מיליליטרים,300.00,"100 מ""ל",false,,19.90,0.0663,true,1,2494730
3574661643359,false,ליסטרין נטורל שטיפת פה בטעם מעודן,ליסטרין Listerine,,מי פה ליסטרין נוטרל,מיליליטרים,500.00,"100 מ""ל",false,,22.90,0.0458,true,1,2499747
3574669907682,false,גונסונס בייבי טלק 500 ג',גונסון אנד גונסון,IT,טלק גונסון 500 גר,גרמים,500.00,100 גרם,false,,29.90,0.0598,true,1,2290022
3574669907729,false,"גונסונס בייבי שמפו גולד 750 מ""ל",גונסון אנד גונסון,IT,גונסונס בייבי שמפו ג,מיליליטרים,750.00,"100 מ""ל",false,,14.90,0.0199,true,1,2513459
3574669907767,false,גונסונס בייבי שמפו קמומיל 750 מל,ג'ונסונס Johnson's,IT,גונסונס בייבי שמפו ק,מיליליטרים,750.00,"100 מ""ל",false,,27.90,0.0372,true,1,2297299
3574669907972,false,"גונסונס שמפו טיפות של ברק 750 מ""ל",ג'ונסונס Johnson's,IT,גונסונס שמפו טיפות ש,מיליליטרים,750.00,"100 מ""ל",false,,27.90,0.0372,true,1,2297301
3574669908146,false,גונסונס בייבי תחליב לפני שינה 500 מל,ג'ונסונס Johnson's,IT,תחליב גונסון בייבי ל,מיליליטרים,500.00,"100 מ""ל",false,,29.90,0.0598,true,1,2290023
3574669908245,false,"גונסון בייבי מרכך טיפות של ברק 750 מ""ל",ג'ונסונס Johnson's,IT,מרכך ג'ונסונס טיפות,מיליליטרים,500.00,"100 מ""ל",false,,14.90,0.0298,true,1,2290024
3574669908443,false,גונסון בייבי אל סבון וקצף אמבט 750 חדש,Johnson Toilet-IT,IT,אל-סבון/קצף אמבט ג'ו,מיליליטרים,750.00,"100 מ""ל",false,,14.90,0.0199,true,1,2303642
3574669908481,false,גונסון בייבי אל סבון אמבט 750 מל חדש,ג'ונסונס Johnson's,IT,אל-סבון ג'ונסון בייב,מיליליטרים,750.00,"100 מ""ל",false,,14.90,0.0199,true,1,2303643
3574669908665,false,גונסון בייבי אל סבון לפני שינה 750 חדש,גונסון אנד גונסון,IT,אל-סבון ג'ונסון בייב,מיליליטרים,750.00,"100 מ""ל",false,,14.90,0.0199,true,1,2303635
3574669908948,false,גונסון בייבי אל סבון לרחצה עדינה 750 חדש,גונסון אנד גונסון,IT,אל-סבון ג'ונסון בייב,מיליליטרים,750.00,"100 מ""ל",false,,14.90,0.0199,true,1,2303645
3574669909181,false,גונסונס בייבי שמן אלוורה 300 מל,ג'ונסונס Johnson's,IT,שמן תינוקות גונסונס,מיליליטרים,300.00,"100 מ""ל",false,,22.90,0.0763,true,1,2391921
3574669909204,false,גונסונס בייבי שמן 300 מל,ג'ונסונס Johnson's,IT,שמן תינוקות גונסונס,מיליליטרים,300.00,"100 מ""ל",false,,22.90,0.0763,true,1,2391922
3600521094341,false,צבע שיער קאסטינג 200,,,צבע שיער קאסטינג 200,יחידה,0.00,יחידה,false,,34.90,0.0000,true,1,1300388
3600521094396,false,צבע שיער קאסטינג 415,,,צבע שיער קאסטינג 415,יחידה,0.00,יחידה,false,,34.90,0.0000,true,1,1300393
3600521094457,false,צבע שיער קאסטינג 550,,,צבע שיער קאסטינג 550,יחידה,0.00,יחידה,false,,34.90,0.0000,true,1,1300396
3600521189863,false,צבע שיער קאסטינג 535,,,צבע שיער קאסטינג 535,יחידה,0.00,יחידה,false,,34.90,0.0000,true,1,1300404
3600522029946,false,דרמו אייג' פרפקט נוט,,,דרמו אייג' פרפקט נוט,יחידה,0.00,יחידה,false,,99.90,0.0000,true,1,2537307
3600522236450,false,לוריאל - אקסלנס קרם 6.46 אדום בהיר נחושתי,,,צבע לשיער אקסלנס,מיליליטרים,180.00,"100 מ""ל",false,,34.90,0.1939,true,1,2384264
3600522344032,false,לוריאל - אלביב מסכה טוטאל ריפר 300,,,מסיכת הזנה לשיער אלב,מיליליטרים,300.00,"100 מ""ל",false,,24.90,0.0830,true,1,1300530
3600522344070,false,לוריאל - אלביב מסכה קולור פרוטקט 300,"לוריאל ישראל בע""מ",FR,מסיכת הזנה לשיער אלב,מיליליטרים,300.00,"100 מ""ל",false,,24.90,0.0830,true,1,1300531
3600522825432,false,לוריאל - אקסלנס אינטנס 6.13 חום בהיר קר,,,צבע שיער אקסלנס אינט,יחידה,0.00,יחידה,false,,34.90,0.0000,true,1,1406041
3600522884736,false,צבע לשיער במרקם מוס,,,צבע לשיער במרקם מוס,יחידה,0.00,יחידה,false,,34.90,0.0000,true,1,1416411
3600523029709,false,צבע לשיער קסטינג קרם,,,צבע לשיער קסטינג קרם,יחידה,0.00,יחידה,false,,34.90,0.0000,true,1,1471412
3600523193141,false,תרסיס לכיסוי שורשי השיער Magic Retouch שחור,לוריאל Loreal,,מג'יק ריטאצ' שחור 1,מיליליטרים,75.00,"100 מ""ל",false,,34.90,0.4653,true,1,1492762
3600523206834,false,רויטליפט פילר קרם יום אנטי אייג'ינג להשבת נפח,לוריאל Loreal,,רויטליפט פילר קרם יו,יחידה,0.00,יחידה,false,,99.90,0.0000,true,1,1398223
3600523337712,false,לוריאל - מג'יק ריטאצ' 6 חום מהגוני,,,מג'יק ריטאצ' חום מהג,מיליליטרים,75.00,"100 מ""ל",false,,34.90,0.4653,true,1,2262963
3600523587865,false,לוריאל - אלביב קרם לשיער דרים לונג 200,לוריאל - אלביב Elvive,,אלביב קרם לשיער דרים,מיליליטרים,200.00,"100 מ""ל",false,,24.90,0.1245,true,1,2315928
3600523605972,false,מסכת הזנה רב שימושית מכילה שמן קוקוס,לוריאל - אלביב Elvive,,אלביב קרם לחות מעושר,מיליליטרים,300.00,"100 מ""ל",false,,24.90,0.0830,true,1,1869016
3600523642489,false,מסכת הזנה אינטנסיבית 6 שמנים לשיער יבש,לוריאל - אלביב Elvive,DE,אלביב מסכה 6 שמנים מ,מיליליטרים,300.00,"100 מ""ל",false,,24.90,0.0830,true,1,2261969
3600523651870,false,שמפו לחיזוק סיב השערה לכל סוגי השיער,לוריאל - אלביב Elvive,TR,שמפו אלביב 6 שמנים,מיליליטרים,550.00,"100 מ""ל",false,,14.90,0.0271,true,1,1926630
3600523651900,false,מרכך לחיזוק סיב השערה לכל סוגי השיער,לוריאל - אלביב Elvive,,מרכך אלביב 6 שמנים,מיליליטרים,550.00,"100 מ""ל",false,,14.90,0.0271,true,1,1926632
3600523652228,false,"לוריאל - אלביב מרכך טוטאל ריפר 550 מ""ל",לוריאל - אלביב Elvive,,מרכך אלביב טוטאל,מיליליטרים,550.00,"100 מ""ל",false,,14.90,0.0271,true,1,1926633
3600523652242,false,"לוריאל - אלביב שמפו קולור פרוטקט 550 מ""ל",לוריאל - אלביב Elvive,,שמפו אלביב קולור,מיליליטרים,550.00,"100 מ""ל",false,,14.90,0.0271,true,1,1926635
3600523652259,false,"לוריאל - אלביב מרכך קולור פרוטקט 550 מ""ל",לוריאל,TR,מרכך אלביב קולור,מיליליטרים,550.00,"100 מ""ל",false,,14.90,0.0271,true,1,1926636
3600523652280,false,"לוריאל אלביב שמפו מועשר ב 6 שמנים, 550 מ""ל",לוריאל - אלביב Elvive,,שמפו אלביב 6 שמנים,מיליליטרים,550.00,"100 מ""ל",false,,14.90,0.0271,true,1,1926639
3600523736843,false,לוריאל - אקסלנס קרם 9.32 בלונד בהיר מאוד חם,,,צבע לשיער אקסלנס,מיליליטרים,180.00,"100 מ""ל",false,,34.90,0.1939,true,1,2453731
3600523756322,false,"לוריאל - אלביב מרכך קוקוס 550 מ""ל",,,מרכך אלביב 6 שמנים,מיליליטרים,550.00,"100 מ""ל",false,,14.90,0.0271,true,1,2377418
3600523782574,false,לוריאל - אלביב מסכה דרים לונג 300,לוריאל - אלביב Elvive,FR,אלביב מסכה דרים לונג,מיליליטרים,300.00,"100 מ""ל",false,,24.90,0.0830,true,1,2315888
3600523782581,false,מרכך מתיר קשרים לשיער ארוך ופגום Dream Long,לוריאל - אלביב Elvive,,מרכך אלביב דרים לונג,מיליליטרים,500.00,"100 מ""ל",false,,14.90,0.0298,true,1,2315889
3600523936823,false,"לוריאל - אלביב שמן לשיער צבוע 100 מ""ל",,,שמן אלביב לשיער צבוע,מיליליטרים,100.00,"100 מ""ל",false,,39.90,0.3990,true,1,2453751
3600523936946,false,"לוריאל - אלביב מסכת פול רזיסט 300 מ""ל","לוריאל ישראל בע""מ",,מסכה ארגנין אלביב 30,מיליליטרים,300.00,"100 מ""ל",false,,24.90,0.0830,true,1,2453757
3600523972159,false,לוריאל - דרמו רויטליפט קלאסי קרם יום ללא בישום,,,קרם יום רויטליפט LOR,יחידה,0.00,יחידה,false,,59.90,0.0000,true,1,2537277
3600541022096,false,גרנייה - קרם גוף שיאה 400,קוסמופול,PL,קרם גוף גרנייה שיאה400מל,מיליליטרים,400.00,"100 מ""ל",false,,14.90,0.0373,true,1,1300675
3600541023291,false,גרנייה - קרם גוף אלוורה,,,קרם גוף GARNIER אלוו,מיליליטרים,400.00,"100 מ""ל",false,,14.90,0.0373,true,1,2381728
3600541402270,false,"גרנייה - דאודורנט ספריי לאישה אינביזיבל BWC (ירוק) 150 מ""ל","לוריאל ישראל בע""מ",,דאודורנט GARNIER אינ,מיליליטרים,150.00,"100 מ""ל",false,,11.90,0.0793,true,1,1300774
3600541740006,false,"גרנייה - דאודורנט ספריי לאישה אקשן קונטרול 72 שעות 150 מ""ל","לוריאל ישראל בע""מ",,דאודורנט ספריי אקשן,מיליליטרים,150.00,"100 מ""ל",false,,11.90,0.0793,true,1,1418987
3600541946705,false,טישו גרנייה מסק תה י,,,טישו גרנייה מסק תה י,גרמים,32.00,100 גרם,false,,11.90,0.3719,true,1,1926588
3600542097253,false,גרנייה - מסכת טישו פחם אצות שחורות,,,טישו פחם אצות,גרמים,32.00,100 גרם,false,,11.90,0.3719,true,1,2315881
3600542216623,false,"גרנייה - דאודורנט רול און לאישה אקשן קונטרול רול 96 שעות 50 מ""ל",,,דאודורנט GARNIER רול,מיליליטרים,50.00,"100 מ""ל",false,,11.90,0.2380,true,1,2384284
3600542216647,false,"גרנייה - דאודורנט ספריי לאישה 96 שעות אקשן קונטר 150 מ""ל",,,דאודורנט ספריי אקשן,מיליליטרים,150.00,"100 מ""ל",false,,11.90,0.0793,true,1,2384285
3600542281089,false,גרנייה - קולור נטורלס 9.1 בלונד בהיר מאוד אפרפר,,,צבע שיער קולור,מיליליטרים,137.00,"100 מ""ל",false,,19.90,0.1453,true,1,2384275
3600542309974,false,"גרנייה - דאודורנט רול און לאישה מגנזיום 50 מ""ל",,,דאודורנט GARNIER רול,מיליליטרים,50.00,"100 מ""ל",false,,11.90,0.2380,true,1,2537265
3600542310444,false,"גרנייה - דאודורנט ספריי לאישה מגנזיום 150 מ""ל",,,דאודורנט GARNIER ספר,מיליליטרים,150.00,"100 מ""ל",false,,11.90,0.0793,true,1,2537309
3600542385251,false,"גרנייה - דאודורנט רול און לאישה פרוטקשן 6 כותנה (ורוד) 50 מ""ל",גרנייה Garnier,,דאודורנט GARNIER רול,מיליליטרים,50.00,"100 מ""ל",false,,11.90,0.2380,true,1,2453783
3600542385268,false,דאודורנט אינביזבל רו,,,דאודורנט אינביזבל רו,מיליליטרים,50.00,"100 מ""ל",false,,11.90,0.2380,true,1,2453790
3600542385275,false,"גרנייה - דאודורנט רול און לאישה פיור אקטיב 50 מ""ל",גרנייה Garnier,,דאודורנט GARNIER רול,מיליליטרים,50.00,"100 מ""ל",false,,11.90,0.2380,true,1,2453791
3600542385626,false,גרנייה - מסכת טישו עם אלוורה וחומצה הילאורונית,,,טישו גרנייה מסכה אלו,גרמים,32.00,100 גרם,false,,11.90,0.3719,true,1,2537353
3600542397926,false,דאודורנט 5 GARNIER פ,,,דאודורנט 5 GARNIER פ,מיליליטרים,150.00,"100 מ""ל",false,,11.90,0.0793,true,1,2453795
3600542412773,false,גרנייה - פיור אקטיב פיל אוף פחם,,,גרנייה פיל אוף פחם,מיליליטרים,150.00,"100 מ""ל",false,,34.90,0.2327,true,1,2537333
3600542431859,false,גרנייה - קולור נטורלס 5 חום טבעי חדש,גרנייה Garnier,,צבע לשיער קולור נטור,מיליליטרים,40.00,"100 מ""ל",false,,19.90,0.4975,true,1,2501094
3600542431880,false,גרנייה - קולור נטורלס 8 בלונד בהיר חדש,גרנייה Garnier,,צבע לשיער קולור נטור,מיליליטרים,40.00,"100 מ""ל",false,,19.90,0.4975,true,1,2501097
3600542431897,false,גרנייה - קולור נטורלס 9 בלונד בהיר מאוד חדש,גרנייה Garnier,,צבע לשיער קולור נטור,מיליליטרים,40.00,"100 מ""ל",false,,19.90,0.4975,true,1,2501098
3600542431903,false,גרנייה - קולור נטורלס 10 בלונד סופר בהיר חדש,גרנייה Garnier,,צבע לשיער קולור נטור,מיליליטרים,40.00,"100 מ""ל",false,,19.90,0.4975,true,1,2501108
3600542431910,false,גרנייה - קולור נטורלס 2.1 שחור כחול חדש,,,צבע שיער קולור נטורל,יחידה,0.00,יחידה,false,,19.90,0.0000,true,1,2501109
3600542431941,false,גרנייה - קולור נטורלס 5.3 חום זהוב חדש,גרנייה Garnier,,צבע לשיער קולור נטור,מיליליטרים,40.00,"100 מ""ל",false,,19.90,0.4975,true,1,2501112
3600542431972,false,צבע לשיער קולור נטורלס - 111 בלונד אולטרה בהיר אפור,גרנייה Garnier,,צבע לשיער קולור נטור,מיליליטרים,40.00,"100 מ""ל",false,,19.90,0.4975,true,1,2501115
3600542431996,false,גרנייה - קולור נטורלס 5.15 חום שוקולד עשיר חדש,,,צבע לשיער קולור נטור,מיליליטרים,50.00,"100 מ""ל",false,,19.90,0.3980,true,1,2501117
3600542432009,false,גרנייה - קולור נטורלס 4.5 חום שוקולד כהה חדש,,,צבע לשיער קולור נטור,מיליליטרים,50.00,"100 מ""ל",false,,19.90,0.3980,true,1,2501118
3600542432047,false,גרנייה - קולור נטורלס 10.1 בלונד סופר בהיר ב חדש,,,צבע שיער קולור,מיליליטרים,137.00,"100 מ""ל",false,,19.90,0.1453,true,1,2501122
3607343817547,false,"אדידס - דאודורנט ספריי לגבר קליימקול 150 מ""ל",קולפ,PT,דיאודורנט ספריי לגבר,מיליליטרים,150.00,"100 מ""ל",false,,12.90,0.0860,true,1,2422844
3607345265117,false,"אדידס - דאודורנט ספריי לגבר טים פורס 150 מ""ל",מיוצר עי קונדיטוריית,ES,פיוז'ן-ספריי גוף טים פורס,מיליליטרים,150.00,"100 מ""ל",false,,14.90,0.0993,true,1,1353196
3607349687458,false,"דאו' ספריי לגבר קול דריי פרש 150מ""ל",קולפ,PT,דיאודורנט ספריי לגבר,מיליליטרים,150.00,"100 מ""ל",false,,12.90,0.0860,true,1,2422845
3608580730279,false,קונפיטורה בון ממאן מרמלדת תפוזים 370 גר',,,קונפיטורת מרמלדת תפו,גרמים,370.00,100 גרם,false,,15.90,0.0430,true,1,2422062
3614223736003,false,"אדידס - דאודורנט ספריי לגבר אדיפיור 150 מ""ל",איגפק אס.איי,PT,דיאודורנט ספריי לגבר,מיליליטרים,150.00,"100 מ""ל",false,,12.90,0.0860,true,1,2422846
3614223736485,false,"אדידס דאודורנט ספריי לגבר אדיפיור 200מ""ל",אדידס Adidas,,דאו ספריי לגבר,מיליליטרים,200.00,"100 מ""ל",false,,18.90,0.0945,true,1,1966900
3614224050986,false,"אדידס - דאודורנט ספריי לגבר אדיפאוור 72 שעות 150 מ""ל","ב.א מזון בע""מ",PT,דיאודורנט ספריי לגבר,מיליליטרים,150.00,"100 מ""ל",false,,12.90,0.0860,true,1,2422847
3614224051235,false,אדידס דאודורנט ספריי גברים אדיפוואר 200מל,אדידס Adidas,,בודי ספריי אדידס 200,מיליליטרים,200.00,"100 מ""ל",false,,18.90,0.0945,true,1,2270039
3614226761538,false,תרסיס קולסטון רוט טאצ' אפ חום מהגוני,וולה Wella,,תרסיס לכיסוי שורשים,מיליליטרים,75.00,"100 מ""ל",false,,34.90,0.4653,true,1,2370286
3614226761583,false,תרסיס לכיסוי שורשים,,,תרסיס לכיסוי שורשים,מיליליטרים,75.00,"100 מ""ל",false,,34.90,0.4653,true,1,2370287
3661163970448,false,"אדידס דאודורנט ספריי מקס פרש לגברים 200 מ""ל",מיוצר עי קונדיטוריית,PT,דאו' ספריי לגבר A3קול דרי,מיליליטרים,200.00,"100 מ""ל",false,,18.90,0.0945,true,1,1353214
3661163990545,false,"אדידס דאודורנט ספריי לגברים אקשיין 200 מ""ל",מיוצר עי קונדיטוריית,PT,דאו ספריי גברים דריי,מיליליטרים,200.00,"100 מ""ל",false,,18.90,0.0945,true,1,1353216
3665468301723,false,"איירוויק מבשם אוויר ומנטרל ריחות – ערפילי בוקר 237 מ""ל",,PL,מבשם אויר ספריי אירו,מיליליטרים,236.00,"100 מ""ל",false,,19.90,0.0843,true,1,2529423
3760125946719,false,רוזה אור פרובאנס 750,ג'נרל מילס סאן אדריא,FR,רוזה אור פרובאנס,מיליליטרים,750.00,"100 מ""ל",false,,59.90,0.0799,true,1,2438248
3760125946870,false,רוזה אור פרובאנס דה,,,רוזה אור פרובאנס דה,מיליליטרים,750.00,"100 מ""ל",false,,69.90,0.0932,true,1,2438257
3800020423578,false,חטיף שוקולד חלב צאנקי 40 ג' קיט קט,נסטלה Nestle,BG,קיט קאט צ'אנקי,גרמים,40.00,100 גרם,false,,3.90,0.0975,true,1,1345170
3800020472569,false,קיט קט צ'אנקי קרמל 43.5ג,,,חטיף קיט קט צ'אנקי ק,גרמים,43.50,100 גרם,false,,3.90,0.0897,true,1,2530129
3800020472712,false,חטיף קיט קאט צאנקי פופקורן 42 ג',Unknown,,חטיף קיט קט צאנקי פו,גרמים,42.00,100 גרם,false,,3.90,0.0929,true,1,2478490
3800864013508,false,כוס מאג לונדון רחב 3,,,כוס מאג לונדון רחב 3,יח',1.00,יח',false,,6.90,6.9000,true,1,2514899
3838824127163,false,פאלטה סמי קיט 10-1 בלונד כסוף,הנקל סוד,DE,פאלטה סמי קיט 10-1 בלונד,יחידה,1.00,יחידה,false,,22.90,22.9000,true,1,1322902
3838824127200,false,צבע לשיער פלטה - 3-0 חום כהה,שוורצקוף Schwarzkopf,DE,פאלטה סמי קיט 3-0 חום כהה,יחידה,1.00,יחידה,false,,22.90,22.9000,true,1,1322903
3838824127248,false,פלטה סמי קיט חום בהיר 5-0 צבע שיער,שוורצקוף Schwarzkopf,DE,פאלטה סמי קיט 5-0 חום בהי,יחידה,1.00,יחידה,false,,22.90,22.9000,true,1,1322905
3838824127262,false,פלטה סמי קיט בלונד כהה 6-0 צבע שיער,שוורצקוף Schwarzkopf,DE,פאלטה סמי קיט 6-0 בלונד כ,יחידה,1.00,יחידה,false,,22.90,22.9000,true,1,1322906
3838824127286,false,צבע לשיער פלטה - 7-0 בלונד בינוני,שוורצקוף Schwarzkopf,DE,פאלטה סמי קיט 7-0 בלונד ב,יחידה,1.00,יחידה,false,,22.90,22.9000,true,1,1322907
3838824127309,false,פלטה סמי קיט בלונד בהיר 8-0 צבע שיער,שוורצקוף Schwarzkopf,DE,פאלטה סמי קיט 8-0 בלונד ב,יחידה,1.00,יחידה,false,,22.90,22.9000,true,1,1322908
3838824127361,false,פלטה סמי קיט ערמונים בינוני5-68 צבע שיער,שוורצקוף Schwarzkopf,DE,פאלטה סמי קיט 5-68 ערמוני,יחידה,1.00,יחידה,false,,22.90,22.9000,true,1,1322910
3838824127644,false,צבע לשיער פלטה - 4-89 חציל זוהר,שוורצקוף Schwarzkopf,DE,פאלטה סמי קיט 4-89 חציל ז,יחידה,1.00,יחידה,false,,22.90,22.9000,true,1,1322917
3838824128788,false,פאלטה - דלוקס שמני הזנה אדום לוהט 6-888,שוורצקוף Schwarzkopf,DE,פאלטה דלוקס קיט 6-888 אדו,יחידה,1.00,יחידה,false,,26.90,26.9000,true,1,1322920
3838824214320,false,פאלטה - דלוקס שמני הזנה שחור כחול 1-1,שוורצקוף Schwarzkopf,DE,פאלטה דלוקס קיט 1-1 שחור,יחידה,1.00,יחידה,false,,26.90,26.9000,true,1,1322941
3838824240275,false,פאלטה סמי קיט 6-65 נוגט,הנקל סוד,DE,פאלטה סמי קיט 6-65 נוגט,יחידה,1.00,יחידה,false,,22.90,22.9000,true,1,1322952
3838824276007,false,פלטה סמי קיט 9-0 בלונד בהיר מאוד,הנקל סוד,DE,פאלטה סמי קיט 9-0 בלונד ב,יחידה,1.00,יחידה,false,,22.90,22.9000,true,1,1322954
3838824332130,false,פאלטה ברוז' מהגוני כהה 3-68 סמי קיט,,,צבע שיער סמי קיט פאל,יחידה,1.00,יחידה,false,,22.90,22.9000,true,1,1695225
3838824332178,false,פאלטה ברוז' חום אדום יין 6-80 סמי קיט,,,צבע שיער סמי קיט פאל,יחידה,1.00,יחידה,false,,22.90,22.9000,true,1,1695227
3838824367781,false,מסיכה לשיער גליס 4 ב,,,מסיכה לשיער גליס 4 ב,מיליליטרים,400.00,"100 מ""ל",false,,49.90,0.1247,true,1,2530360
3838824380902,false,צבעי שיער בלונד סופר בהיר 10-0 סמי קיט פאלטה,,,צבע שיער סמי קיט פאל,יחידה,1.00,יחידה,false,,22.90,22.9000,true,1,2469454
3838945509015,false,נקטר פרוקטל אוכמניות,פרוקטל Fructal,,מיץ נקטר פרוקטל 1 לי,ליטרים,1.00,ליטר,false,,11.90,11.9000,true,1,2120218
3838945509077,false,מיץ נקטר פרוקטל 1 לי,FRUCTAL,,מיץ נקטר פרוקטל 1 לי,ליטרים,1.00,ליטר,false,,11.90,11.9000,true,1,2120221
4000415039707,false,שוקולד אוריו בלאק הנ,,,שוקולד שוגטן וניל 10,גרמים,100.00,100 גרם,false,,5.90,0.0590,true,1,1325482
4000415040109,false,שוקולד שוגטן קרמל 10,,,שוקולד שוגטן קרמל 10,גרמים,100.00,100 גרם,false,,5.90,0.0590,true,1,1325483
4000415065904,false,שוקולד סאלוט אגוזים,,,שוקולד סאלוט אגוזים,גרמים,100.00,100 גרם,false,,3.90,0.0390,true,1,2517309
4000415749606,false,שוקולד שוגטן יום הול,,,שוקולד שוגטן יום הול,גרמים,100.00,100 גרם,false,,5.90,0.0590,true,1,2516840
4000415756406,false,שוקולד שוגטן עוגת גב,,,שוקולד שוגטן עוגת גב,גרמים,100.00,100 גרם,false,,5.90,0.0590,true,1,2521230
4000415756802,false,שוקולד שוגטן שארט שו,,,שוקולד שוגטן שארט שו,גרמים,100.00,100 גרם,false,,5.90,0.0590,true,1,2521231
4000417019004,false,שוקולד חלב עם אגוזי לוז שלמים,ריטר ספורט Ritter sport,DE,שוקולד RITTER SPORT אגוזי,גרמים,100.00,100 גרם,false,,9.90,0.0990,true,1,1821712
4000417022004,false,שוקולד ריטר ספורט צימוק אגוז 100 גרם חלב נוכרי,ריטר ספורט Ritter sport,DE,שוקולד RITTER SPORT צימוק,גרמים,100.00,100 גרם,false,,7.90,0.0790,true,1,1326479
4000417023001,false,שוקולד ריטר ספורט שקדים חלב 100גר,ריטר ספורט Ritter sport,DE,שוקולד RITTER SPORT שקדים,גרמים,100.00,100 גרם,false,,9.90,0.0990,true,1,1326480
4000417025005,false,שוקולד ריטר ספורט מרציפן 100 גרם חלב נוכרי,ריטר ספורט Ritter sport,DE,שוקולד RITTER SPORT מרצפן,גרמים,100.00,100 גרם,false,,7.90,0.0790,true,1,1326481
4000417026002,false,שוקולד ריטר ספורט פרלין 100 גרם חלב נוכרי,ריטר ספורט Ritter sport,DE,שוקולד RITTER SPORT נוגט,גרמים,100.00,100 גרם,false,,7.90,0.0790,true,1,1326482
4000417101211,false,גלילי וופל עם קרם אגוזי לוז בציפוי שוקולד חלב,אמיצ'לי Amicelli,AT,גלילי וופל עם קרם אג,גרמים,150.00,100 גרם,false,,14.90,0.0993,true,1,2495876
4000417101273,false,גלילי וופל עם קרם אג,,,גלילי וופל עם קרם אג,גרמים,300.00,100 גרם,false,,29.90,0.0997,true,1,2544638
4000417101310,false,אמיצלי - גלילי וופל קרם קקאו 150 גרם,Unknown,,גלילי וופל עם קרם קק,גרמים,150.00,100 גרם,false,,14.90,0.0993,true,1,2540808
4000417211002,false,שוקולד ריטר ספורט מוס קרמל 100 גרם חלב נוכרי,ריטר ספורט Ritter sport,DE,שוקולד ספורט מוס קרמ,גרמים,100.00,100 גרם,false,,7.90,0.0790,true,1,1492858
4000417212009,false,שוקולד ריטר ספורט מריר תפוז שקד 100 ג' חלב נוכרי,ריטר ספורט Ritter sport,,שוקולד חלב ריטר מריר,גרמים,100.00,100 גרם,false,,7.90,0.0790,true,1,2212509
4000417222008,false,שוקולד ריטר ספורט חלב+שברי אגוזים 100 גרם חלב נוכרי,ריטר ספורט Ritter sport,DE,שוקולד חלב אגוז ריטר,גרמים,100.00,100 גרם,false,,7.90,0.0790,true,1,1492859
4000417224002,false,"ריטר ספורט טבלת שוקולד מריר אגוזים, 100 גרם",ריטר ספורט Ritter sport,DE,שוקולד RITTER SPORT מריר,גרמים,100.00,100 גרם,false,,9.90,0.0990,true,1,1326484
4000417294005,false,שוקולד ריטר מוס קקאו 100 גרם חלב נוכרי,ריטר ספורט Ritter sport,DE,שוקולד RITTER SPORT מוס ק,גרמים,100.00,100 גרם,false,,7.90,0.0790,true,1,1326487
4000417298003,false,שוקולד ריטר ספורט קוקוס 100 גרם חלב נוכרי,ריטר ספורט Ritter sport,DE,שוקולד RITTER SPORT קוקוס,גרמים,100.00,100 גרם,false,,7.90,0.0790,true,1,1326488
4000417626417,false,שוקולד ספורט חמוציות,,,שוקולד ספורט חמוציות,גרמים,100.00,100 גרם,false,,7.90,0.0790,true,1,2535253
4000417707000,false,שוקולד חלב מעולה עם שברי קשיו קלוי ומומלח,ריטר ספורט Ritter sport,,שוקולד חלב קשיו ריטר,גרמים,100.00,100 גרם,false,,9.90,0.0990,true,1,2454828
4000417708007,false,שוקולד מריר עם שקדים שלמים,ריטר ספורט Ritter sport,,שוקולד מריר שקד ריטר,גרמים,100.00,100 גרם,false,,9.90,0.0990,true,1,2454829
4000522009747,false,"בייגלה צ'יו מקלות תפו""א 80 גר'",טרופיקל דגיל תעשיות,HU,סטיקלטי תפוח אדמה 80,גרמים,80.00,100 גרם,false,,3.90,0.0487,true,1,1650176
4000522061752,false,בייגלה צ'יו מקלות מלוחים 100 גרם,צ'יו Chio,,בייגלה מקלות 100 גרם,גרמים,100.00,100 גרם,false,,3.90,0.0390,true,1,1350287
4000539280726,false,שוקולד לינדט אקסלנס,לינדט ושפרונגלי,DE,שוקולד לינדט אקסלנס,גרמים,100.00,100 גרם,false,,14.90,0.1490,true,1,2522923
4000539280740,false,שוקולד לינדט אקסלנס,,,שוקולד לינדט 78% אקס,גרמים,100.00,100 גרם,false,,14.90,0.1490,true,1,2527908
4000539363108,false,שוקולד לינדור סטיק 3,Unknown,,שוקולד לינדור סטיק 3,גרמים,38.00,100 גרם,false,,5.90,0.1553,true,1,1891339
4000576022044,false,קוסמאה תחבושת אולטרא+14,,,+אולטרא תחבושות,יח',14.00,יח',false,,9.90,0.7071,true,1,2184878
4000576022068,false,קוסמאה תחבושת אולטרא סופר +12,,,תחבושות אולטרא,יח',12.00,יח',false,,9.90,0.8250,true,1,2255200
4000576022082,false,קוסמאה תחבושות אולטרא נייט,,,תחבושת קוסמאה נייט 1,יחידה,0.00,יחידה,false,,9.90,0.0000,true,1,2222223
4000576022969,false,קוסמאה מגן תחתון קומפורט אלוורה 58 יח',,,תחתונית קומפורט אלוו,יח',58.00,יח',false,,14.90,0.2569,true,1,2127917
4000576022983,false,מגן תחתון קומפורט קוסמאה בושם 58יח',,,מגן תחתון 58 יח',יח',58.00,יח',false,,14.90,0.2569,true,1,2440688
4000576030582,false,קוסמאה מגן תחתון קומפורט 58,,,מגן תחתון 58 יח',יח',62.00,יח',false,,12.90,0.2081,true,1,2400447
4000576030605,false,קוסמאה מגן תחתון קומפורט לארג' 48 יח',,,קוסמאה מגן תחתון,יח',48.00,יח',false,,12.90,0.2688,true,1,2374761
4000576034986,false,קוסמאה מגן תחתון קומפורט לונג פלוס 40 יח',,,תחתונית קומפורט תה ל,יח',40.00,יח',false,,19.90,0.4975,true,1,2438362
4000576396701,false,פדים להסרת איפור,,,פדים להסרת איפור,יחידה,0.00,יחידה,false,,7.90,0.0000,true,1,1304970
4000576399405,false,פדים רחבים להסרת איפור,ג'ין קרול Jean Carol,,פדים להסרת איפור רחב,יח',40.00,יח',false,,8.90,0.2225,true,1,1304971
4000576481889,false,צימרוני אוזניים לתינוק 72 יח',ג'ין קרול Jean Carol,,צימרונים לתינוק,יחידה,0.00,יחידה,false,,6.40,0.0000,true,1,1304974
4000576560164,false,תחבושות סופר,,,תחבושות סופר,יח',16.00,יח',false,,9.90,0.6188,true,1,2438363
4000576722654,false,פדים להסרת איפור זוג *70 יח',ג'ין קרול Jean Carol,,פדים להסרת איפור 140,יח',140.00,יח',false,,14.90,0.1064,true,1,1304989
4000607850004,false,שוקולד שוגטן חלב 100,,,שוקולד שוגטן חלב 100,גרמים,100.00,100 גרם,false,,5.90,0.0590,true,1,1325505
4000607851001,false,שוקולד חלב עם אגוזי לוז,שוגטן Schogette,,שוקולד שוגטן חלב אגו,גרמים,100.00,100 גרם,false,,5.90,0.0590,true,1,1325506
4000607852008,false,שוקולד שוגטן מריר 10,,,שוקולד שוגטן מריר 10,גרמים,100.00,100 גרם,false,,5.90,0.0590,true,1,1325507
4000607854705,false,שוקולד שוגטן יוגורט,קריות זול,,שוקולד שוגטן יוגורט,גרמים,100.00,100 גרם,false,,5.90,0.0590,true,1,1325509
4001507161948,false,שיבולת שועל דקה להכנה מהירה,פרוטרי,DE,פתיתי שיבולת שועל דק,גרמים,500.00,100 גרם,false,,5.90,0.0118,true,1,1507020
4001507161955,false,שיבולת שועל עבה להכנה מהירה,פרוטרי,DE,פתיתי שיבולת שועל עב,גרמים,500.00,100 גרם,false,,5.90,0.0118,true,1,1888936
4001751035705,false,רוטב חרדל עם דבש 215,סקנדיה,,רוטב חרדל עם דבש 215,גרמים,215.00,100 גרם,false,,9.90,0.0460,true,1,1506961
4001751038669,false,רוטב חזרת עם וואסבי,סקנדיה,,רוטב חזרת וואסבי 190,גרמים,190.00,100 גרם,false,,9.90,0.0521,true,1,1506922
4001751064262,false,רוטב חזרת שמנת 190 ג,סקנדיה,,רוטב חזרת שמנת 190 ג,גרמים,190.00,100 גרם,false,,9.90,0.0521,true,1,1506923
4001751094283,false,רוטב חרדל בטעם תפוזים,סקנדיה,,רוטב חרדל בטעם תפוזי,מיליליטרים,210.00,"100 מ""ל",false,,9.90,0.0471,true,1,1506962
4002448017684,false,"סיליט באנג ספריי רב שימושי כתום 750 מ""ל",הדקלאים אגודת שיתופי,PL,סיליט מסיר אבנית שרוול 75,מיליליטרים,750.00,"100 מ""ל",false,,14.90,0.0199,true,1,1309337
4002448019480,false,"סיליט באנג ספריי מסיר שומנים 750 מ""ל",סיליט באנג Cillit Bang,PL,סיליט ספרי שומנים 750 שרו,מיליליטרים,750.00,"100 מ""ל",false,,14.90,0.0199,true,1,1309338
4002575016253,false,ממתק שקדים מצופה שוק,הדקלאים אגודת שיתופי,DE,מרציפן 100 גרם,גרמים,100.00,100 גרם,false,,8.90,0.0890,true,1,1326490
4002590000022,false,סוכריות קלפני פירות יער אוכמניות 150 ג',קלפני Kalfany,DE,קלפני פירות אוכמניות 150,גרמים,150.00,100 גרם,false,,8.90,0.0593,true,1,1326494
4002590000039,false,סוכריות קלפני הדרים 150 ג',קלפני Kalfany,DE,סוכריות בטעם פרי הדר,גרמים,150.00,100 גרם,false,,8.90,0.0593,true,1,1326495
4002590000046,false,סוכריות קלפני מנטה מרענן 150ג',קלפני Kalfany,DE,קלפני מרענן 150 גרם,גרמים,150.00,100 גרם,false,,8.90,0.0593,true,1,1326496
4002590000633,false,סוכריות קלפני פירות 150 ג',קלפני Kalfany,DE,סוכריות קלפני פירות 150 ג,גרמים,150.00,100 גרם,false,,8.90,0.0593,true,1,1326498
4002590703541,false,קלפני סוכריות קשות בטעם תות,קלפני Kalfany,DE,סוכריות קלפני בטעם ת,גרמים,150.00,100 גרם,false,,8.90,0.0593,true,1,2492881
4002603087767,false,אייסקונפקט סילנדר 800ג',,,שוקולד אייסקונפקט 80,גרמים,800.00,100 גרם,false,,39.90,0.0499,true,1,1337208
4002631025069,false,בירה גרמנית קוניגסבכר Konigsbacher,קרלסברג יבוא יצוא,DE,בירה קוניגסבכר פחית,מיליליטרים,500.00,"100 מ""ל",false,,5.90,0.0118,true,1,1633280
4002720005736,false,מליטה פרימיום קפה פי,המאפיה של הרמן,DE,מליטה קפה PREMIUMלפילטר 2,גרמים,250.00,100 גרם,false,,14.90,0.0596,true,1,1353225
4004666107819,false,"מלרוד - מרסס לניקוי וטיהור המזגן 500 מ""ל",פרח,DE,מרסס לניקוי וטיהור ה,מיליליטרים,500.00,"100 מ""ל",false,,22.90,0.0458,true,1,2425065
4004666111656,false,"ג'ל פעיל להשמדת עובש 250 מ""ל מרלוד",,,מלרוד ג'ל פעיל להשמד,מיליליטרים,250.00,"100 מ""ל",false,,29.90,0.1196,true,1,2497808
4004715020755,false,קישוטי עוגה פרינס אנד פרינסס 75 ג',היינץ צפון אמריקה מק,DE,קישוטי עוגה פרינס אנ,יחידה,0.00,יחידה,false,,10.90,0.0000,true,1,1326506
4005808128273,false,ג'ל רחצה לגבר אנרג'י עם תמציות מנטה בניחוח ממריץ,טרופיקל דגיל תעשיות,DE,ENERGY SHOWER GEL BODY&HA,מיליליטרים,500.00,"100 מ""ל",false,,13.90,0.0278,true,1,1333611
4005808128631,false,"ניוואה - ג'ל רחצה ספורט לגבר 500 מ""ל",ניוואה Nivea,DE,N SPORT SHOWER GEL BODY&H,מיליליטרים,500.00,"100 מ""ל",false,,13.90,0.0278,true,1,1333612
4005808170005,false,"קצף גילוח ניוואה 200 מ""ל",ניוואה Nivea,DE,קצף גילוח ניוואה,מיליליטרים,200.00,"100 מ""ל",false,,19.90,0.0995,true,1,1333613
4005808222698,false,ניוואה לגבר- קצף גילוח לבעלי עור רגיש,ביירסדורף,DE,ניוואה לגבר- קצף גילוח לב,מיליליטרים,200.00,"100 מ""ל",false,,19.90,0.0995,true,1,1333618
4005808274932,false,אטריקס ק.לחות אינטנסיב,ביירסדורף,DE,ATRIX INTENSIVE PRO,גרמים,100.00,100 גרם,false,,9.90,0.0990,true,1,1333627
4005808293469,false,"ניוואה - דאודורנט ספריי לגבר יבש 150 מ""ל",BEIERSDORF MANUFACTU,DE,ניוואה דאו ספרי גבר,מיליליטרים,150.00,"100 מ""ל",false,,19.90,0.1327,true,1,2486015
4005808360413,false,ניוואה משחת החתלה לת,,,ניוואה משחת החתלה לת,מטרים,100.00,100 מ'ל,false,,14.90,0.1490,true,1,2025007
4005808361915,false,קרם סופט לתינוק,,,קרם סופט לתינוק,מיליליטרים,200.00,"100 מ""ל",false,,29.90,0.1495,true,1,2255202
4005808366392,false,שפתון כחול בליסטר לבלו,טרופיקל דגיל תעשיות,DE,שפתון לבלו כחול,יחידה,0.00,יחידה,false,,9.90,0.0000,true,1,1489830
4005808368280,false,לבלו דובדבן בליסטר שפתון,טרופיקל דגיל תעשיות,DE,שפתון לבלו דובדובן ב,מיליליטרים,5.50,"100 מ""ל",false,,9.90,1.8000,true,1,1489831
4005808400348,false,ניוואה קרם רב שימושי,,,ניוואה קרם רב שימושי,מטרים,150.00,100 מ'ל,false,,19.90,0.1327,true,1,2025008
4005808502004,false,לבלו שפתון סופט ורוד בליסטר 5.5מל,ביירסדורף,DE,לבלו ורוד בליסטר,יחידה,0.00,יחידה,false,,9.90,0.0000,true,1,1333638
4005808588640,false,"ניוואה קרם גילוח לעור רגיש 100 מ""ל",ביירסדורף,DE,קרם גילוח לעור רגיש,יחידה,0.00,יחידה,false,,12.90,0.0000,true,1,1333643
4005808668847,false,"ניוואה תרחיץ פנים עדין לעור יבש 150 מ""ל",,,ניוואה ג'ל ניקוי לפנ,מיליליטרים,150.00,"100 מ""ל",false,,24.90,0.1660,true,1,2435811
4005808692552,false,"ניוואה מוס ניקוי פנים כחול רגיל 150 מ""ל",,,מוס ניקוי לעור פנים,יחידה,0.00,יחידה,false,,24.90,0.0000,true,1,1333648
4005808698103,false,ניוואה תחליב גוף משאבה 500מל,בטר אנד דיפרנט,ES,ניוואה קרם גוף סמוד,מטרים,500.00,100 מ'ל,false,,21.90,0.0438,true,1,2425913
4005808702107,false,ניוואה תחליב גוף עשיר משאבה 500מל,בטר אנד דיפרנט,ES,ניוואה קרם גוף לעור,מטרים,500.00,100 מ'ל,false,,21.90,0.0438,true,1,2425914
4005808811069,false,ניוואה מי פנים לעור,,,ניוואה מי פנים לעור,מיליליטרים,200.00,"100 מ""ל",false,,24.90,0.1245,true,1,1333659
4005808811700,false,"ניוואה ג'ל לניקוי מאזן לעור, 150 מ""ל",,,ג'ל ניקוי פנים לעור,מיליליטרים,150.00,"100 מ""ל",false,,24.90,0.1660,true,1,1333663
4005808812875,false,"ניוואה קרם Q יום נגד קמטים 50 מ""ל",,,קרם יום קיו 10,מיליליטרים,50.00,"100 מ""ל",false,,69.90,1.3980,true,1,1333666
4005808812899,false,"ניוואה ויזג Q 10 לילי קרם נג קמטים ללילה, 50 מ""ל",ניוואה Nivea,,ניוואה קרם Q10לטיפול,מיליליטרים,50.00,"100 מ""ל",false,,69.90,1.3980,true,1,1333668
4005808813001,false,תחליב לחות לאחר גילוח ניוואה,ביירסדורף,DE,תחליב לחות לאחר גילוח ניו,מיליליטרים,100.00,"100 מ""ל",false,,49.90,0.4990,true,1,1333669
4005808813063,false,תחליב לחות לעור רגיש לאחר גילוח,בטר אנד דיפרנט,DE,תחליב לחות לעור רגיש לאחר,מיליליטרים,100.00,"100 מ""ל",false,,49.90,0.4990,true,1,1333670
4005808817306,false,ניוואה גל גילוח להרגשה קרירה 200מל,ניוואה Nivea,DE,ג'ל גילוח ניוואה,מיליליטרים,200.00,"100 מ""ל",false,,16.90,0.0845,true,1,1333677
4005808817405,false,"ניוואה גל גילוח רגיש 200 מ""ל",פרוטרופיק סיה.,DE,ג'ל גילוח לעור רגיש ניווא,מיליליטרים,200.00,"100 מ""ל",false,,16.90,0.0845,true,1,1333678
4005808817603,false,ג'ל גילוח עם אלוורה Protect & Care,ניוואה Nivea,DE,ג'ל לגילוח עדין ניוואה,מיליליטרים,200.00,"100 מ""ל",false,,16.90,0.0845,true,1,1333679
4005808817726,false,ניוואה קרם גילוח פרו,ניוואה Nivea,DE,קרם גילוח לעור רגיל,מיליליטרים,100.00,"100 מ""ל",false,,12.90,0.1290,true,1,1333680
4005808828838,false,"ניוואה - דאודורנט ספריי לגבר קול קיק 150 מ""ל",ניוואה Nivea,DE,DEO AQUA COOL SPRAY 150ML,מיליליטרים,150.00,"100 מ""ל",false,,19.90,0.1327,true,1,1333682
4005808837359,false,"ניוואה - דאודורנט רול און לאישה פרל אנד ביוטי 50 מ""ל",ביירסדורף AG,DE,N. DEO PEARL&BEAUTY ROLL-,מיליליטרים,50.00,"100 מ""ל",false,,19.90,0.3980,true,1,1333687
4005808850723,false,שפתון לבלו תות בליסט,טרופיקל דגיל תעשיות,DE,לבלו תות בליסטר,מיליליטרים,5.50,"100 מ""ל",false,,9.90,1.8000,true,1,1333695
4005808850907,false,לבלו הידרו קר בליסטר 5.5מל,,,שפתון לבלו הידרו קר,יחידה,0.00,יחידה,false,,9.90,0.0000,true,1,2423014
4005808851515,false,לבלו לגבר בליסטר,,,שפתון לבלו לגבר,יחידה,0.00,יחידה,false,,9.90,0.0000,true,1,2423015
4005808856695,false,ניוואה ספריי הגנה 20,,,ניוואה ספריי הגנה 20,מיליליטרים,200.00,"100 מ""ל",false,,49.90,0.2495,true,1,1546639
4005808890507,false,ניוואה סופט קרם לחות 200מל,ניוואה Nivea,IT,"קרם סופט 200 מ""ל",מיליליטרים,200.00,"100 מ""ל",false,,21.90,0.1095,true,1,1333702
4005808890576,false,"ניוואה קרם ידיים סופט, 75 מ""ל",ניוואה Nivea,DE,"קרם סופט 75 מ""ל בשפופרת",מיליליטרים,75.00,"100 מ""ל",false,,12.90,0.1720,true,1,1333703
4005808908585,false,"ניוואה - דאודורנט ספריי לאישה פאודר טאץ 150 מ""ל",,,ניוואה דאו ספריי לאש,יחידה,1.00,יחידה,false,,19.90,19.9000,true,1,1333705
4005900036445,false,"ניוואה - דאודורנט רול און לאישה בלק&וויט פיור 50 מ""ל",,,ניוואה דאו רול און ל,יחידה,1.00,יחידה,false,,19.90,19.9000,true,1,1333714
4005900036476,false,"ניוואה - דאודורנט רול און לאישה בלק אנד וויט קליר 50 מ""ל",טרופיקל דגיל תעשיות,DE,NDEO RLL-ON INV BLC&WHT C,מיליליטרים,50.00,"100 מ""ל",false,,19.90,0.3980,true,1,1333715
4005900036506,false,"ניוואה - דאודורנט רול און לגבר שקוף בלק 50 מ""ל",טרופיקל דגיל תעשיות,DE,NDEO RLL-ON INV BLC&WHT P,מיליליטרים,50.00,"100 מ""ל",false,,19.90,0.3980,true,1,1333717
4005900036568,false,"ניוואה - דאודורנט ספריי לאישה שקוף בלק וווי 150 מ""ל",ביירסדורף AG,DE,NDEO SPY INV BLC&WHT CLR,מיליליטרים,150.00,"100 מ""ל",false,,19.90,0.1327,true,1,1333718
4005900037909,false,"ניוואה - דאודורנט ספריי לאישה אינויזיבל פיור 150 מ""ל",,,ניוואה דאו ספריי לאש,יחידה,1.00,יחידה,false,,19.90,19.9000,true,1,1333719
4005900111449,false,ניוואה קרם רב שימושי,,,ניוואה קרם רב שימושי,מיליליטרים,150.00,"100 מ""ל",false,,29.90,0.1993,true,1,1379891
4005900138842,false,"ניוואה - תחליב רחצה סמוט 750 מ""ל",NIVEA,DE,ניוואה SMOOTHתחליב ר,מיליליטרים,750.00,"100 מ""ל",false,,13.90,0.0185,true,1,2466579
4005900273482,false,לבלו אוכמניות בליסטר,,,שפתון לבלו אוכמניות,יחידה,0.00,יחידה,false,,9.90,0.0000,true,1,2423016
4005900274304,false,"ניוואה - דאודורנט ספריי לגבר פרש אושן 150 מ""ל",פרוטרופיק סיה.,DE,ניוואה דאו ספריי פרש,יחידה,0.00,יחידה,false,,19.90,0.0000,true,1,1489864
4005900420220,false,"ג'ל רחצה לגבר פאוור רפרש ניוואה 500 מ""ל",,,ניוואה 500גל רחצה לג,מיליליטרים,500.00,"100 מ""ל",false,,13.90,0.0278,true,1,2476618
4005900431776,false,שפתון לבלו וניל,,,שפתון לבלו וניל,יחידה,0.00,יחידה,false,,9.90,0.0000,true,1,2423017
4005900485243,false,"ניוואה - דאודורנט רול און לגבר דריי פרש 50 מ""ל",,,דאודורנט רול און לגב,מיליליטרים,50.00,"100 מ""ל",false,,19.90,0.3980,true,1,2253986
4005900488459,false,"ניוואה - דאודורנט רול און לאישה דריי פרש 50 מ""ל",ביירסדורף AG,DE,דאודורנט רול און לאי,מיליליטרים,50.00,"100 מ""ל",false,,19.90,0.3980,true,1,2253987
4005900494924,false,"ניוואה - דאודורנט ספריי לאישה דריי פרש אישה 150 מ""ל",,,דאודורנט ספריי לאישה,מיליליטרים,150.00,"100 מ""ל",false,,19.90,0.1327,true,1,2253989
4005900496461,false,"ניוואה תחליב לחות אפטר שייב דיפ לאחרי, 100 מ""ל",,,ניוואה אפטר שייב דיפ,מיליליטרים,100.00,"100 מ""ל",false,,49.90,0.4990,true,1,2082356
4005900513045,false,"ניוואה - דאודורנט ספריי לגבר דיפ 150 מ""ל",ביירסדורף,DE,ניוואה ספריי דיפ לגב,מיליליטרים,150.00,"100 מ""ל",false,,19.90,0.1327,true,1,2082362
4005900513069,false,"ניוואה - דאודורנט רול און לגבר דיפ 50 מ""ל",,,ניוואה רול און דיפ ל,מיליליטרים,50.00,"100 מ""ל",false,,19.90,0.3980,true,1,2082368
4005900521262,false,"ג'ל רחצה לגבר פיור אימפקט ניוואה 500 מ""ל",,,ג'ל רחצה לגבר דיפ 50,מיליליטרים,500.00,"100 מ""ל",false,,13.90,0.0278,true,1,2082370
4005900525024,false,קרם לילה למניעת קמטים 45 +,,,קרם לילה למניעת קמטי,מיליליטרים,50.00,"100 מ""ל",false,,59.90,1.1980,true,1,2270075
4005900542557,false,"ניוואה - דאודורנט רול און לאישה בלק אנד וויט 50 מ""ל",,,ניוואה דאו רול און ל,מיליליטרים,50.00,"100 מ""ל",false,,19.90,0.3980,true,1,2450831
4005900547316,false,"ניוואה - דאודורנט ספריי לאישה שקוף בלק וווי 150 מ""ל",בטר אנד דיפרנט,DE,ניוואה דאו ספריי לאי,מיליליטרים,150.00,"100 מ""ל",false,,19.90,0.1327,true,1,2442972
4005900555915,false,"ניוואה - תחליב רחצה קוקוס וחוחובה 750 מ""ל",ביירסדורף AG,DE,תחליב רחצה קוקוס 750,מיליליטרים,750.00,"100 מ""ל",false,,13.90,0.0185,true,1,2437108
4005900648181,false,"ניוואה - תחליב רחצה אלוורה 750 מ""ל",ביירסדורף AG,DE,תחליב רחצה קוקוס 750,מיליליטרים,750.00,"100 מ""ל",false,,13.90,0.0185,true,1,2466580
4005900661371,false,קרם לילה ניוואה Q10,,,קרם לילה ניוואה Q10,מיליליטרים,50.00,"100 מ""ל",false,,79.90,1.5980,true,1,2465804
4005900661388,false,שמן לעור הפנים ניווא,,,שמן לעור הפנים ניווא,מיליליטרים,30.00,"100 מ""ל",false,,79.90,2.6633,true,1,2465805
4005900683878,false,לבלו סקראב אלוה ורה בליסטר 5.5מל,,,שפתון לבלו סקראב אלו,יחידה,0.00,יחידה,false,,9.90,0.0000,true,1,2423007
4005900683908,false,לבלו סקראב רוז היפ בליסטר 5.5מל,,,שפתון לבלו סקראב ווי,יחידה,0.00,יחידה,false,,9.90,0.0000,true,1,2423008
4005900803283,false,"ניוואה רוז קר קרם לחות 50 מ""ל",,,קרם לחות לפנים ניווא,מיליליטרים,50.00,"100 מ""ל",false,,39.90,0.7980,true,1,2466697
4005900816016,false,"ניוואה - דאודורנט ספריי לאישה פרש טבעי לאישה 150 מ""ל",טרופיקל דגיל תעשיות,DE,פרש ספריי לאישה ניוואה,מיליליטרים,150.00,"100 מ""ל",false,,19.90,0.1327,true,1,1333724
4005900828088,false,"ניוואה - דאודורנט רול און לגבר פרש 50 מ""ל",טרופיקל דגיל תעשיות,DE,רול און פרש לגבר ניוואה,מיליליטרים,50.00,"100 מ""ל",false,,19.90,0.3980,true,1,1333732
4005900833723,false,"ניוואה - פאוור פרש ג'ל רחצה לגבר 500 מ""ל",,,ניוואה 500גל רחצה לג,מיליליטרים,500.00,"100 מ""ל",false,,13.90,0.0278,true,1,2477353
4005900835642,false,"ניקוי פילינג מסכה לפנים 3 ב 1 150 מ""ל ניוואה",,,ניוואה ניקוי חימר 3ב,מיליליטרים,150.00,"100 מ""ל",false,,28.90,0.1927,true,1,2520443
4005900845702,false,"ניוואה - דאודורנט רול און לגבר קול קיק פרש 50 מ""ל",,,ניוואה דאו רול און ל,מיליליטרים,50.00,"100 מ""ל",false,,19.90,0.3980,true,1,2471004
4005900845733,false,"דאודורנט ספריי קול קיק פרש לגבר ניוואה מן 150 מ""ל",,,ניוואה דאו ספרי גבר,מיליליטרים,150.00,"100 מ""ל",false,,19.90,0.1327,true,1,2471005
4005900874931,false,"דאודורנט ספריי דיפ ביט לגבר 150 מ""ל ניוויה",,,ניוואה מן דאודורנט ס,מיליליטרים,150.00,"100 מ""ל",false,,19.90,0.1327,true,1,2520101
4005900874962,false,"ניוואה - דאודורנט רול און לגבר דיפ בלק 50 מ""ל",ביירסדורף AG,DE,ניוואה דאו רול רול-א,מיליליטרים,50.00,"100 מ""ל",false,,19.90,0.3980,true,1,2520102
4005900978950,false,לבלו - דובדבן שפתון לחות מטפח מהדורת נסיכות דיסני,,,שפתון לבלו דיסני,יחידה,0.00,יחידה,false,,9.90,0.0000,true,1,2542359
4005900978974,false,לבלו - סופט רוז שפתון לחות מטפח מהדורת נסיכות דיסני,,,שפתון לבלו דיסני,יחידה,0.00,יחידה,false,,9.90,0.0000,true,1,2542361
4006387097370,false,קנקן בריטה סטייל+פיל,,,קנקן בירטה STYLE,יחידה,0.00,יחידה,false,,149.00,0.0000,true,1,2387179
4006508123094,false,נייר פילטר.,,,נייר פילטר.,יח',40.00,יח',false,,9.90,0.2475,true,1,1470347
4006508177325,false,מטליות לניקוי משקפיים,סווירל Swirl,,מטליות למשקפיים,יח',30.00,יח',false,,13.90,0.4633,true,1,1329668
4007519050713,false,שקיות אשפה עם שרוך חזקות במיוחד 35 ליטר,פאלי Pely,,שקיות אשפה 35 ל,יח',25.00,יח',false,,9.90,0.3960,true,1,1304992
4007519050720,false,שקיות אשפה עם שרוך חזקות במיוחד 60 ליטר,פאלי Pely,,שקיות אשפה 60 ל,יח',20.00,יח',false,,9.90,0.4950,true,1,1304993
4007519050744,false,שקיות אשפה עם שרוך חזקות במיוחד 120 ליטר,פאלי Pely,,שקיות אשפה 120 ל,יח',10.00,יח',false,,9.90,0.9900,true,1,1304994
4007519086224,false,שקיות אשפה ריחיונות 20ל',,,שקיות אשפה 20 ל ריחנ,יחידה,0.00,יחידה,false,,10.90,0.0000,true,1,1304997
4007519086248,false,שקיות אשפה 35 ל ריחנ,,,שקיות אשפה 35 ל ריחנ,יחידה,0.00,יחידה,false,,10.90,0.0000,true,1,1304998
4007519086262,false,שקיות אשפה 60 ל ריחנ,,,שקיות אשפה 60 ל ריחנ,יחידה,0.00,יחידה,false,,10.90,0.0000,true,1,1304999
4007745058804,false,מיונז אורגני נטורפוד,אף.סי תבליני בגליל ב,DE,מיונז אורגני 340 גרם,גרמים,340.00,100 גרם,false,,23.90,0.0703,true,1,1486061
4008102002867,false,מילפורד תה גרגרים בטעם לימון 400גר',מילפורד Milford,DE,תה לימון 400 גרם,גרמים,400.00,100 גרם,false,,14.90,0.0373,true,1,1326507
4008287051032,false,"פחית בירה קרומבאכר פילס 500 מ""ל",מנדלז סי.אר. פרודקשן,DE,בירה קרומבאכר,מיליליטרים,500.00,"100 מ""ל",false,,9.90,0.0198,true,1,2457355
4008287058161,false,בירה קרומבאכר פילס 4.8% שישיה 6 * 330 מל,מנדלז סי.אר. פרודקשן,DE,בירה קרומבאכר פילס ש,ליטרים,1.98,ליטר,false,,29.90,15.1010,true,1,2457345
4008287905786,false,"קרומבאכר חיטה פחית בודד 500 מ""ל",מנדלז סי.אר. פרודקשן,DE,בירה קרומבכר,מיליליטרים,500.00,"100 מ""ל",false,,9.90,0.0198,true,1,2457347
4008400170428,false,פררו רושר שמינייה לב,גוד פוד פרודקטס S.p,PL,פררו רושר שמינייה לב,גרמים,100.00,100 גרם,false,,17.90,0.1790,true,1,2385098
4008400230726,false,ביצת שוקולד הפתעה קינדר ענקית 100ג' בנים,קינדר Kinder,BE,ביצת קינדר סופרייז מ,גרמים,100.00,100 גרם,false,,19.90,0.1990,true,1,1800325
4008402101772,false,קיווי אקספרס ספוג הברקה חום,Jonson ג'ונסון,ID,קיווי אקספרס ספוג הברקה ח,מיליליטרים,6.00,"100 מ""ל",false,,14.90,2.4833,true,1,1353237
4008429056710,false,אוכל לחתולים ויסקס ב,ויסקס Whiskas,PL,ויסקס ביף 400 גרם,גרמים,400.00,100 גרם,false,,9.90,0.0248,true,1,1319010
4008496884810,false,רביעית סוללות AAA,,,רביעית סוללות AAA,יחידה,0.00,יחידה,false,,4.90,0.0000,true,1,2431092
4008496884858,false,רביעיית סוללות AA  ורטא,,,רביעית סוללות AA,יחידה,0.00,יחידה,false,,4.90,0.0000,true,1,2431093
4008496884896,false,מארז 10 סוללות ורטה,,,עשירית סוללות AA,יחידה,0.00,יחידה,false,,12.90,0.0000,true,1,2431100
4008496884964,false,סוללה VARTA 9V-חדש,,,סוללת 9V,יחידה,0.00,יחידה,false,,6.90,0.0000,true,1,2431101
4008496927364,false,מארז 10 סוללות VARTA AAA -חדש,,,עשירית סוללות AAA,יחידה,0.00,יחידה,false,,12.90,0.0000,true,1,2431102
4008496927401,false,זוג סוללות VARTA C-חדש,,,זוג סוללות C,יחידה,0.00,יחידה,false,,9.90,0.0000,true,1,2431099
4008600253785,false,זוג פטמות נוק לבקבוק,,,זוג פטמות נוק לבקבוק,יחידה,0.00,יחידה,false,,19.90,0.0000,true,1,1889166
4008600267232,false,בקבוק נוק הזנה בצבע,,,בקבוק נוק הזנה בצבע,יחידה,0.00,יחידה,false,,26.90,0.0000,true,1,1889135
4008600267263,false,בקבוק נוק הזנה בצבע,,,בקבוק נוק הזנה בצבע,יחידה,0.00,יחידה,false,,29.90,0.0000,true,1,1889136
4008600267294,false,בקבוק נוק הזנה בצבע,,,בקבוק נוק הזנה בצבע,יחידה,0.00,יחידה,false,,26.90,0.0000,true,1,1889137
4008600284871,false,זוג מוצצים מיקי מאוס,,,זוג מוצצים מיקי מאוס,יח',2.00,יח',false,,29.90,14.9500,true,1,1889121
4008600284918,false,זוג מוצצים מיקי מאוס,נוק Nuk,,זוג מוצצים מיקי מאוס,יח',2.00,יח',false,,29.90,14.9500,true,1,1889124
4008600284956,false,זוג מוצצי סיליקון כפתור שטוח 6-18,נוק Nuk,,זוג מוצצים אדור כחול,יח',2.00,יח',false,,29.90,14.9500,true,1,1889126
4008600284963,false,זוג מוצצי סיליקון כפתור שטוח 0-6,נוק Nuk,,זוג מוצצים אדור כחול,יח',2.00,יח',false,,29.90,14.9500,true,1,1889127
4008600314349,false,NUK זוג מוצצים אדור 0-6 ורוד,,,זוג מוצצים אדור ורוד,יח',2.00,יח',false,,29.90,14.9500,true,1,2371801
4008600314509,false,זוג מוצצים מיני מאוס,,,זוג מוצצים מיני מאוס,יח',2.00,יח',false,,29.90,14.9500,true,1,2371789
4008600384434,false,זוג מוצצים סיגנטור ו,,,זוג מוצצים סיגנטור ו,יח',2.00,יח',false,,29.90,14.9500,true,1,2496552
4008600384458,false,זוג מוצצים סיגנטור כ,,,זוג מוצצים סיגנטור כ,יח',2.00,יח',false,,29.90,14.9500,true,1,2496553
4008600384489,false,זוג מוצצים הפי דייז,,,זוג מוצצים הפי דייז,יח',2.00,יח',false,,29.90,14.9500,true,1,2471797
4008600387374,false,בקבוק אימון דיסני אד,,,בקבוק אימון דיסני אד,יחידה,0.00,יחידה,false,,25.90,0.0000,true,1,2486665
4008600387381,false,"בקבוק NUK אימון דיסני אפור, 150 מ""ל",,,בקבוק אימון דיסני אפ,יחידה,0.00,יחידה,false,,25.90,0.0000,true,1,2486666
4009300522935,false,תה פומפדור תה ירוק לימונית ולואיזה 20 יח',"איטיליאן פוד, אס.פי.",DE,פומפדור תה ירוק עם לימוני,גרמים,30.00,100 גרם,false,,14.90,0.4967,true,1,1338828
4009300522966,false,פומפדור תה ירוק נענע 20 שקיקים,"איטיליאן פוד, אס.פי.",DE,פומפדור תה ירוק נענע,גרמים,30.00,100 גרם,false,,14.90,0.4967,true,1,1338829
4009300524588,false,תה פומפדור חליטת צמחים פירות יער 20 יח',פומפדור Pompadour,DE,פומפדור חליטת צמחים פירות,גרמים,60.00,100 גרם,false,,11.90,0.1983,true,1,1338830
4009300524625,false,תה פומפדור צאי מסאלה 20 שקיקים,פומפדור Pompadour,DE,פומפדור צאי מסאלה,גרמים,40.00,100 גרם,false,,11.90,0.2975,true,1,1338831
4009300525011,false,פומפידור תה ירוק עם תפוז וג'ינגר 25 שקיקים,"איטיליאן פוד, אס.פי.",DE,פומפדור תה ירוק תפוז גינג,גרמים,30.00,100 גרם,false,,14.90,0.4967,true,1,1338833
4009300525684,false,חליטת צמחים ג'ינג'ר לימונית,פומפדור Pompadour,DE,פומפדור חליטת צמחים גי'נג,גרמים,35.00,100 גרם,false,,11.90,0.3400,true,1,1338835
4009300526438,false,פומפדור תה ירוק קלאסי 30 ג',"איטיליאן פוד, אס.פי.",DE,פומפדור תה ירוק קלאסי 30,גרמים,30.00,100 גרם,false,,14.90,0.4967,true,1,1338837
4009300527909,false,חליטת צמחים ג'ינג'ר כורכום ללא קפאין,פומפדור Pompadour,,חליטת פומפדור ג'ינג',גרמים,35.00,100 גרם,false,,11.90,0.3400,true,1,1805136
4009300528821,false,תה ירוק ג'ינג'ר קינמון פומפדור 30 ג',פומפדור Pompadour,DE,תה ירוק פומפדור ג'ינ,גרמים,30.00,100 גרם,false,,14.90,0.4967,true,1,2347641
4009300528845,false,תה ירוק לימונית דבש פומפדור 30 ג',פומפדור Pompadour,DE,תה ירוק פומפדור לימו,גרמים,30.00,100 גרם,false,,14.90,0.4967,true,1,2347642
4009300529514,false,חליטת פירות אוכמניות 45 ג' פומפדור,,GR,פומפדור חליטת פירות,גרמים,50.00,100 גרם,false,,14.90,0.2980,true,1,2520804
4009300529538,false,חליטת פירות לימון 45 ג' פומפדור,,GR,פומפדור חליטת פירות,גרמים,45.00,100 גרם,false,,14.90,0.3311,true,1,2520805
4009300529552,false,חליטת פירות אפרסק 45 ג' פומפדור,,GR,פומפדור חליטת פירות,גרמים,50.00,100 גרם,false,,14.90,0.2980,true,1,2520806
4009300529576,false,פומפדור תה קמומיל 10שקיקים,,,חליטת פומפדור 30 גרם,גרמים,50.00,100 גרם,false,,11.90,0.2380,true,1,2475855
4009300529613,false,"חליטת צמחים אורגנית עם קמומיל, מליסה ויערת דבש","איטיליאן פוד, אס.פי.",DE,חליטת פומפדור קאלם א,גרמים,36.00,100 גרם,false,,14.90,0.4139,true,1,2430737
4009300529651,false,"חליטת צמחים אורגניצת עם ג'ינג'ר, לימון וכורכום",פומפדור Pompadour,DE,חליטת פומפדור ג'ינג',גרמים,36.00,100 גרם,false,,14.90,0.4139,true,1,2430738
4009300529699,false,"חליטת צמחים אורגנית עם מאטה, נענע וגרידת לימון","איטיליאן פוד, אס.פי.",DE,חליטת פומפדור סטארט,גרמים,36.00,100 גרם,false,,14.90,0.4139,true,1,2430739
4009300530107,false,חליטה קרה בטעמי תות שדה ותפוז פומפדור 45 ג',,,תה פומפדור חליטה קרה,גרמים,30.00,100 גרם,false,,14.90,0.4967,true,1,2459307
4009300530121,false,חליטה קרה בטעמי אפרסק ופסיפלורה פומפדור 45 ג',,,תה פומפדור חליטה קרה,גרמים,30.00,100 גרם,false,,14.90,0.4967,true,1,2459308
4009300530183,false,תה פומפדור חליטה תפו,TEEKANNE- POMPADOU,DE,תה פומפדור חליטה תפו,גרמים,44.00,100 גרם,false,,11.90,0.2705,true,1,2540902
4009300530206,false,תה פומפדור חליטה תפו,TEEKANNE- POMPADOU,DE,תה פומפדור חליטה תפו,גרמים,50.00,100 גרם,false,,11.90,0.2380,true,1,2540903
4009300530275,false,תה פומפדור חליטה מנט,TEEKANNE- POMPADOU,DE,תה פומפדור חליטה מנט,גרמים,36.00,100 גרם,false,,11.90,0.3306,true,1,2540904
4009300595106,false,חליטת צמחים קמומיל דבש פומפדור 45 ג',,,חליטת פומפדור קמומיל,גרמים,30.00,100 גרם,false,,11.90,0.3967,true,1,2409999
4009300595120,false,חליטת צמחים בטעם ג'ינג'ר מנגו פומפדור 45 ג',TEEKANNE- POMPADOU,DE,חליטת פומפדור ג'ינג',גרמים,30.00,100 גרם,false,,11.90,0.3967,true,1,2410000
4009309114346,false,מלפפונים אורגני בחומ,,,מלפפונים אורגני בחומ,גרמים,670.00,100 גרם,false,,20.90,0.0312,true,1,1486209
4009309114407,false,מלפפונים אורגני בחומ,,,מלפפונים אורגני בחומ,גרמים,670.00,100 גרם,false,,21.90,0.0327,true,1,1486210
4009309740422,false,רסק תפוחים אורגני 70,,,רסק תפוחים 700 גרם,גרמים,700.00,100 גרם,false,,16.90,0.0241,true,1,1486212
4009309742426,false,רסק תפוחים ומנגו אורגני ללא תוספת סוכר,נטורפוד,,רסק תפוח מנגו אורגני,גרמים,700.00,100 גרם,false,,17.90,0.0256,true,1,1486213
4009900013581,false,מסטיק אורביט ספרמינט סטיקס משפחתי-חמישיות,אורביט Orbit,,מסטיק אורביט סטיקס ח,גרמים,65.00,100 גרם,false,,9.90,0.1523,true,1,1336807
4009900379564,false,מסטיק הובה בובה Hubba Bubba טייפ בטעם פירות,הובה בובה Hubba Bubba,GB,מסטיק הובה בובה פירו,גרמים,56.00,100 גרם,false,,6.50,0.1161,true,1,1336817
4009900402965,false,מסטיק אורביט וויט בטעם פירות ללא סוכר,ריגלי פולין,PL,מסטיק אורביט White ב,גרמים,64.00,100 גרם,false,,9.90,0.1547,true,1,1336823
4009900403023,false,מסטיק אורביט בקבוקון דאבל white קלאסי 64ג',"ב.א מזון בע""מ",PL,מסטיק אורביט בקבוקון,גרמים,64.00,100 גרם,false,,9.90,0.1547,true,1,1336824
4009900406918,false,מסטיק הובה בובה טייפ טריפל מיקס 56ג',הובה בובה Hubba Bubba,GB,מסטיק הובה בובה טייפ,גרמים,56.00,100 גרם,false,,6.50,0.1161,true,1,1336827
4009900420129,false,מסטיק אורביט פרופשנל פפרמינט בקבוקון 64 גר',מרס נדרלנד,PL,מסטיק אורביט פפרמינט,גרמים,64.00,100 גרם,false,,9.90,0.1547,true,1,2204739
4009900465304,false,סוכריות סקיטלס פירות חמוצים 174 גרם,סקיטלס Skittles,CZ,סוכריות סקיטלס חמוצי,גרמים,174.00,100 גרם,false,,8.90,0.0511,true,1,1336837
4009900479998,false,מסטיק אורביט בטעם אוכמניות ללא סוכר,ריגלי פולין,PL,מסטיק אורביט White ב,גרמים,64.00,100 גרם,false,,9.90,0.1547,true,1,1336843
4009900482417,false,מסטיק אורביט פירות מנטה בקבוקון באבל מינט 45יח,ריגלי פולין,PL,מסטיק אורביט באבל מי,גרמים,64.00,100 גרם,false,,9.90,0.1547,true,1,1336844
4009900483803,false,מסטיק איירובס מנטה אקליפטוס בקבוקון 60יח',איירוויבס Airwaves,PL,מסטיק אורביט מנטה M,גרמים,84.00,100 גרם,false,,12.90,0.1536,true,1,2248667
4009900484060,false,מסטיק אורביט פרופשיונל בטעם מנטה ללא סוכר,אורביט Orbit,PL,מסטיק אורביט פפרימינ,גרמים,84.00,100 גרם,false,,12.90,0.1536,true,1,1336846
4009900484091,false,מסטיק אורביט פרופשיונל בטעם מנטה ללא סוכר,אורביט Orbit,,מסטיק אורביט ספירימנ,גרמים,84.00,100 גרם,false,,12.90,0.1536,true,1,1336847
4009900484305,false,מסטיק אורביט פרופשיונל סוויטמינט ביגי לבן 60יח',אורביט Orbit,,מסטיק אורביט אקליפטו,גרמים,84.00,100 גרם,false,,12.90,0.1536,true,1,1336848
4009900491044,false,מסטיק איירובס אוכמניות בקבוקון 60יח',איירוויבס Airwaves,PL,מסטיק אורביט אוכמניו,גרמים,84.00,100 גרם,false,,12.90,0.1536,true,1,2248668
4009900496247,false,"מסטיק אורביט לל""ס מלבניות בקבוק בבלימנט 60 יח",אורביט Orbit,PL,מסטיק אורביט פפרימינ,גרמים,84.00,100 גרם,false,,12.90,0.1536,true,1,1640220
4009900500166,false,סוכריות פירות אדום סקיטלס בקבוקון 125ג',ריגלי ממתקים,,סוכריות סקיטלס בקבוק,גרמים,125.00,100 גרם,false,,8.90,0.0712,true,1,1548259
4009900509770,false,מסטיק אורביט בטעם תות ללא סוכר,אורביט Orbit,,מסטיק אורביט פפרימינ,גרמים,84.00,100 גרם,false,,12.90,0.1536,true,1,1431278
4009900521581,false,מסטיק פרופשונל מינטס מנטה בקבוקון 77 גר',ריגלי פולין,PL,סוכריות אורביט מנטה,גרמים,77.00,100 גרם,false,,9.90,0.1286,true,1,1824695
4009900521611,false,סוכריות אורביט מינטס דובדבן מנטה בבקבוקון,מרס נדרלנד,,סוכריות אורביט מינטס,גרמים,77.00,100 גרם,false,,9.90,0.1286,true,1,1824679
4009900531122,false,"מסטיק בטעם מנטה ספירמינט, 64 ג' פרופשיונל אורפיט",מרס נדרלנד,PL,מסטיק אורביט ספירמינ,גרמים,64.00,100 גרם,false,,9.90,0.1547,true,1,2204740
4009900531573,false,סוכריות סקיטלס סמודיס בטעמי יוגורט ופירות,סקיטלס Skittles,CZ,סוכריות סקיטלס סמודי,גרמים,174.00,100 גרם,false,,8.90,0.0511,true,1,2248669
4009900532327,false,סוכריות סקיטלס סמודיס בטעמי יוגורט ופירות,סקיטלס Skittles,CZ,סוכריות סקיטלס סמודי,גרמים,38.00,100 גרם,false,,2.90,0.0763,true,1,2248670
4009900534611,false,מסטיק איירוויבז בקבוקון בטעם מלון ומנטה,ריגלי,IL,מסטיק איירוויבז בקבו,גרמים,64.00,100 גרם,false,,9.90,0.1547,true,1,2396757
4009900534918,false,סקיטלס ג'יינט פירות 141 גרם,ריגלי,,סוכריות סקיטלס ג'יינ,גרמים,141.00,100 גרם,false,,8.90,0.0631,true,1,2465271
4009900535519,false,מסטיק אורביט רפרשרס ספירמינט ללא סוכר 15.6גר',Unknown,,מסטיק אורביט ללא סוכ,גרמים,15.60,100 גרם,false,,3.90,0.2500,true,1,2461100
4009900535823,false,מסטיק אורביט רפרשרס באבלמינט ללא סוכר 15.6גר',Unknown,,מסטיק אורביט ללא סוכ,גרמים,15.60,100 גרם,false,,3.90,0.2500,true,1,2461102
4009900536486,false,מסטיק אורביט רפרשרס באבלמינט בקבוקון ללא סוכר 67 גר',מרס ריגלי קונפקשונרי,PL,מסטיק אורביט ללא סוכ,גרמים,67.00,100 גרם,false,,10.90,0.1627,true,1,2461094
4009900539340,false,סקיטלס ג'יינט סאוור 141 גרם,מרס ריגלי קונפקשונרי,PL,סוכריות סקיטלס ג'יינ,גרמים,141.00,100 גרם,false,,8.90,0.0631,true,1,2498050
4009900539401,false,מסטיק פייב באונס בטעם מנטה HP,Unknown,PL,מסטיק פייב באונס בטע,גרמים,14.40,100 גרם,false,,3.90,0.2708,true,1,2506162
4009900539432,false,מסטיק פייב באונס בטעם אבטיח HP,Unknown,PL,מסטיק פייב באונס בטע,גרמים,14.40,100 גרם,false,,3.90,0.2708,true,1,2506163
4009900539685,false,"מסטיק פייב באונס בטעם מנטה בקבוקון, 61.8 גרם",ריגלי בעמ רוסיה,PL,מסטיק פייב באונס בטע,גרמים,61.80,100 גרם,false,,10.90,0.1764,true,1,2506154
4009900539746,false,"מסטיק פייב באונס בטעם אבטיח בקבוקון, 61.8 גרם",ריגלי בעמ רוסיה,PL,מסטיק פייב באונס בטע,גרמים,61.80,100 גרם,false,,10.90,0.1764,true,1,2506155
4009900540551,false,מסטיק אורביט רפרשרס טרופיקל בקבוקון ללא סוכר,מרס פולין,PL,מסטיק אורביט ללא סוכ,גרמים,67.00,100 גרם,false,,10.90,0.1627,true,1,2500957
4010492051165,false,אתנה עופות 100ג',,,אתנה עופות 100ג',גרמים,100.00,100 גרם,false,,4.90,0.0490,true,1,2538567
4010492051189,false,אתנה דגי ים ושרימפס לחתולים,אתנה Athena,,אתנה דגי ים ושרימפס,גרמים,100.00,100 גרם,false,,4.90,0.0490,true,1,2538568
4010492051653,false,אתנה עוף והודו ללא דגנים לחתול,אתנה Athena,,אתנה עוף והודו ללא ד,גרמים,100.00,100 גרם,false,,4.90,0.0490,true,1,2538569
4010492052629,false,אתנה סטיק רך לחתול ע,אתנה Athena,DE,אתנה סטיק רך 50ג',גרמים,100.00,100 גרם,false,,16.90,0.1690,true,1,2538571
4010492057013,false,אתנה מקפא בשר ציד 10,אתנה Athena,,אתנה מקפא בשר ציד 10,גרמים,100.00,100 גרם,false,,4.90,0.0490,true,1,2538576
4010492961723,false,אתנה סטיק סלמון ופורל לחתול,אתנה Athena,DE,אתנה סטיק סלמון ופור,גרמים,50.00,100 גרם,false,,16.90,0.3380,true,1,2538578
4010492963147,false,אתנה סטיק קואטרו לחתול,אתנה Athena,,אתנה סטיק קואטרו 40ג,גרמים,40.00,100 גרם,false,,16.90,0.4225,true,1,2538579
4011800528416,false,חטיף דגנים עם בוטנים מתוק מלוח,קורני Corny,,חטיף קורני דגנים עם,גרמים,150.00,100 גרם,false,,9.90,0.0660,true,1,2387018
4011800568610,false,חטיף קורני מילק Corny milk קלאסי,שוורטאוור וורקה,DE,קורני סנדוויץ קלאסי עם קר,גרמים,120.00,100 גרם,false,,9.90,0.0825,true,1,1353256
4011800577810,false,קורני חטיף דגנים פרי,Schwartauer,,חטיף קורני נוגט 6 יח,גרמים,120.00,100 גרם,false,,9.90,0.0825,true,1,2488729
4011800617615,false,חטיף דגנים ביג שוקול,שוורטאוור וורקה,DE,קורני ביג ביג שוקו,גרמים,50.00,100 גרם,false,,3.90,0.0780,true,1,2413413
4011800617714,false,קורני ביג ביג שוקו ב,מיוצר עי קונדיטוריית,DE,קורני ביג ביג שוקו ב,גרמים,50.00,100 גרם,false,,3.90,0.0780,true,1,2413415
4011800617813,false,קורני ביג ביג בראוני,שוורטאוור וורקה,DE,קורני ביג ביג בראוני,גרמים,50.00,100 גרם,false,,3.90,0.0780,true,1,2413422
4011800617912,false,קורני ביג נאטס 50 גר,שוורטאוור וורקה,DE,קורני ביג ביג נאטס,גרמים,50.00,100 גרם,false,,3.90,0.0780,true,1,2413423
4011800618315,false,קורני ביג דארק&וואיט,Unknown,,קורני ביג ביג דארק,גרמים,40.00,100 גרם,false,,3.90,0.0975,true,1,2413426
4011800628512,false,חטיף דגנים עם שוקולד חלב,מיוצר עי קונדיטוריית,DE,קורני עם שוקולד חלב - 1X6,גרמים,150.00,100 גרם,false,,9.90,0.0660,true,1,1353277
4011800629519,false,חטיף דגנים עם אגוזי לוז,קורני Corny,DE,קורני עם אגוזים 1X6,גרמים,150.00,100 גרם,false,,9.90,0.0660,true,1,1353278
4011800630515,false,חטיף דגנים עם שוקולד חלב ובננה,מיוצר עי קונדיטוריית,DE,קורני עם שוקולד חלב ובננה,גרמים,150.00,100 גרם,false,,9.90,0.0660,true,1,1353279
4011800632519,false,חטיף דגנים עם שוקולד חלב וקוקוס,מיוצר עי קונדיטוריית,DE,קורני עם שוקולד חלב וקוקו,גרמים,150.00,100 גרם,false,,9.90,0.0660,true,1,1353281
4011800633516,false,חטיף דגנים עם שוקולד מריר מעולה,שוורטאוור וורקה,DE,קורני עם שוקולד מריר מעול,גרמים,138.00,100 גרם,false,,9.90,0.0717,true,1,1353282
4011800635510,false,חטיף קורני Corny Free עם אגוזי לוז ללא תוספת סוכר,קורני Corny,DE,"קורני ""פרי ""עם אגוזים ושק",גרמים,120.00,100 גרם,false,,9.90,0.0825,true,1,1353283
4011800636517,false,חטיף קורני Corny Free עם שוקולד חלב,מיוצר עי קונדיטוריית,DE,"קורני ""פרי ""עם שוקולד חלב",גרמים,120.00,100 גרם,false,,9.90,0.0825,true,1,1353284
4011800637514,false,חטיף קורני Corny Free עם שוקולד לבן ללא תוספת סוכר,קורני Corny,DE,"קורני ""פרי ""עם שוקולד לבן",גרמים,120.00,100 גרם,false,,9.90,0.0825,true,1,1353285
4012273123009,false,"קרם ידיים ניטרוגינה 50 מ""ל",גונסון אנד גונסון,FR,נוטרוגינה ס.נורבגית קרם י,מיליליטרים,50.00,"100 מ""ל",false,,19.90,0.3980,true,1,2437684
4012839597596,false,כבד דג שיבוט רויגן,רוג'ין פיש,,כבד דג שיבוט בשמן,גרמים,121.00,100 גרם,false,,9.90,0.0818,true,1,2521931
4013197767010,false,סוכריות פח 200 גר' פירות מעורב,יושלם,,סוכריות פחיות טעם פי,גרמים,200.00,100 גרם,false,,9.90,0.0495,true,1,1337215
4013197767027,false,סוכריות פח 200 גר' דובדבן,יושלם,,סוכריות פחיות טעם דו,גרמים,200.00,100 גרם,false,,9.90,0.0495,true,1,1337216
4013197767034,false,סוכריות פח 200 גר'' לימון,יושלם,,סוכריות פחיות טעם לי,גרמים,200.00,100 גרם,false,,9.90,0.0495,true,1,1337217
4013197767119,false,סוכריות פח 200 גר' מנטה,יושלם,,סוכריות פחיות טעם מנ,גרמים,200.00,100 גרם,false,,9.90,0.0495,true,1,1337221
4013227013391,false,משקה כהלי קרם אוטום כשר,קרם אוטום Autumn cream,,משקה קרם אוטום.,מיליליטרים,700.00,"100 מ""ל",false,,39.90,0.0570,true,1,1333837
4013227013414,false,פינה קולדה Surfers pina colada,קוימנס,,פינה קולדה.,מיליליטרים,700.00,"100 מ""ל",false,,39.90,0.0570,true,1,1333838
4014086024245,false,"בירה חיטה גרלסבורג מעוננת, לא מסוננת",,,בירה חיטה גרמנית גרל,מיליליטרים,500.00,"100 מ""ל",false,,5.90,0.0118,true,1,1633281
4014400900217,false,בונבונירה מרסי 400 גרם חלבי - נוכרי,קריניציה ויטמינה אס,DE,בונבוניירה מרסי 400 גרם,גרמים,400.00,100 גרם,false,,39.90,0.0997,true,1,1326514
4014400901191,false,בונבונירה מרסי קלאסי 250 גרם חלב נוכרי,אוגוסט שטורק,DE,בונבוניירה מרסי 250,גרמים,250.00,100 גרם,false,,21.90,0.0876,true,1,1326516
4014400903409,false,בונבוניירה טופיפי שוקולד 250 ג',קריניציה ויטמינה אס,DE,סוכריות טופיפי 250 ג,גרמים,250.00,100 גרם,false,,21.90,0.0876,true,1,1326519
4014400904277,false,סוכריות אייס פרש 425 ג',תות ממתקי איכות,DE,סוכריות אייס פרש בשקית 42,גרמים,425.00,100 גרם,false,,14.90,0.0351,true,1,1326520
4014400904376,false,סוכריות טופי שוקולדן שטורק 325 ג',קריניציה ויטמינה אס,DE,סוכריות שוקולדן 325 גרם,גרמים,325.00,100 גרם,false,,14.90,0.0458,true,1,1326523
4014400904390,false,סוכריות וולמילש ממולא ט.חלב 325גרם,קריניציה ויטמינה אס,DE,סוכריות וולמילש 325 גרם,גרמים,325.00,100 גרם,false,,14.90,0.0458,true,1,1326524
4014400907902,false,סוכריות חמאה ללא סוכר בטעם קרמל בקופסא,תות ממתקי איכות,DE,סוכריות וורטר בוקס ללא סו,גרמים,42.00,100 גרם,false,,6.90,0.1643,true,1,1326525
4014400909692,false,וורטר לל'ס קפוצ'ינו 12 קופסאות,קריניציה ויטמינה אס,DE,סוכריות וורטר בוקס קפה לל,גרמים,42.00,100 גרם,false,,6.90,0.1643,true,1,1326527
4014400910063,false,סוכריות וורטר טופי חמאה 135ג',אוגוסט שטורק,DE,סוכריות וורטר אורגינל שקי,גרמים,135.00,100 גרם,false,,9.90,0.0733,true,1,1326529
4014400913910,false,סוכריות וורטר במליוי קרם 125 ג',תות ממתקי איכות,DE,וורטר אוריגינל במילוי קרם,גרמים,125.00,100 גרם,false,,9.90,0.0792,true,1,1326530
4014400914696,false,וורטר אורגינל סוכריות ללא סוכר 80 ג',אוגוסט שטורק,DE,סוכריות חמאה וורטר אור לל,גרמים,70.00,100 גרם,false,,7.90,0.1129,true,1,1326531
4014400914924,false,סוכריות וורטר אורגינל ללא סוכר קפה 80 ג',קריניציה ויטמינה אס,DE,סוכריות וורטר ללא סוכר ק,גרמים,80.00,100 גרם,false,,7.90,0.0988,true,1,1326532
4014400920857,false,סוכריות וורטר Werther's בטעם שוקולד ללא סוכר,קריניציה ויטמינה אס,DE,וורטר סוכריות טעם שו,גרמים,70.00,100 גרם,false,,7.90,0.1129,true,1,1326533
4014400923711,false,טופיפי 125 גר' - חלב נוכרי,אוגוסט שטורק,DE,סוכריות טופיפי 125 ג,גרמים,125.00,100 גרם,false,,10.00,0.0800,true,1,1511702
4014400925319,false,סוכריות וורטר פופקורן קרמל 140 גר',וורטרס Werther's,DE,פופקורן קרמל וורטר,גרמים,140.00,100 גרם,false,,14.90,0.1064,true,1,2491866
4014400929010,false,חטיף וופל מיני קנופרס 200 גרם,קנופרס,,וופל מיני קנופרס 200,גרמים,200.00,100 גרם,false,,10.00,0.0500,true,1,2506686
4014400931327,false,ורטרס אורגינל פופקורן עם קרמל זרעי דלעת 1/12,וורטרס Werther's,DE,פופקורן וורטר בציפוי,גרמים,140.00,100 גרם,false,,14.90,0.1064,true,1,2504963
4015000031394,false,"ספטיל - משחה להסרת כתמים 200 מ""ל",קריות זול,IL,משחה להסרת כתמים ספטיל 20,גרמים,200.00,100 גרם,false,,14.90,0.0745,true,1,1360967
4015000280211,false,"פה - דאודורנט רול און לאישה קאריביין לימון 50 מ""ל",הנקל סוד,DE,פה דאודורנט רולאון קריביא,מיליליטרים,50.00,"100 מ""ל",false,,9.90,0.1980,true,1,1322959
4015000280372,false,"פה - דאודורנט רול און לגבר ספורט 50 מ""ל",הנקל סוד,DE,פה דאודורנט רולאון ספורט,מיליליטרים,50.00,"100 מ""ל",false,,9.90,0.1980,true,1,1322960
4015000519915,false,"פה - דאודורנט ספריי לאישה פינק פרדייס 200 מ""ל",קריות זול,DE,פה דאודורנט ספריי פינק פש,מיליליטרים,200.00,"100 מ""ל",false,,9.90,0.0495,true,1,1322965
4015000615884,false,"פה - דאודורנט ספריי לאישה קריביין לימון 200 מ""ל",קריות זול,DE,פה דאודורנט ספריי קריביאן,מיליליטרים,200.00,"100 מ""ל",false,,9.90,0.0495,true,1,1322995
4015000615891,false,"פה - דאודורנט ספריי לאישה אקווה 200 מ""ל",הנקל סוד,DE,פה דאודורנט ספריי אקווה 2,מיליליטרים,200.00,"100 מ""ל",false,,9.90,0.0495,true,1,1322996
4015000615921,false,"פה - דאודורנט ספריי לגבר ספורט 200 מ""ל",הנקל סוד,DE,פה דאודורנט ספריי ספורט 2,מיליליטרים,200.00,"100 מ""ל",false,,9.90,0.0495,true,1,1322997
4015000940948,false,מרכך גליס Gliss שיקום נזק קיצוני אולטימט ריפייר,שוורצקוף Schwarzkopf,DE,גליס מרכך אולטימט ריפייר,מיליליטרים,400.00,"100 מ""ל",false,,18.90,0.0472,true,1,1323016
4015000940955,false,שמפו גליס Gliss שיקום נזק קיצוני אולטימט ריפייר,שוורצקוף Schwarzkopf,DE,גליס שמפו אולטימיט ריפייר,מיליליטרים,400.00,"100 מ""ל",false,,18.90,0.0472,true,1,1323017
4015000976268,false,שמפו גליס Gliss למראה שיער מבריק Million Gloss,שוורצקוף Schwarzkopf,DE,גליס שמפו מיליון גלוס 400,מיליליטרים,400.00,"100 מ""ל",false,,18.90,0.0472,true,1,1323058
4015000976275,false,מרכך גליס Gliss למראה שיער מבריק Million Gloss,שוורצקוף Schwarzkopf,DE,גליס מרכך מיליון גלוס 400,מיליליטרים,400.00,"100 מ""ל",false,,18.90,0.0472,true,1,1323059
4015000995122,false,פה ספריי כח המשיכה force attractio,הנקל סוד,DE,פה דאודורנט ספריי כח המשי,מיליליטרים,200.00,"100 מ""ל",false,,9.90,0.0495,true,1,1323070
4015000996204,false,"גליס שמפו אולטימט שמן אלקסייר 400 מ""ל",שוורצקוף Schwarzkopf,DE,גליס שמפו שמן אליקסייר 40,מיליליטרים,400.00,"100 מ""ל",false,,18.90,0.0472,true,1,1323071
4015000996273,false,מרכך גליס Gliss תמצית שמן אולטימטיבי,שוורצקוף Schwarzkopf,DE,גליס מרכך שמן אליקסייר 40,מיליליטרים,400.00,"100 מ""ל",false,,18.90,0.0472,true,1,1323075
4015000997430,false,דאודורנט ספריי ספורט Sport Invisible Power 72h,הנקל סוד,DE,פה דאודורנט ספריי אינוויז,מיליליטרים,200.00,"100 מ""ל",false,,9.90,0.0495,true,1,1323076
4015100190762,false,"גליס - מסכה שיקום שמן אלקסיר 300 מ""ל",שוורצקוף Schwarzkopf,,גליס מסכה,מיליליטרים,200.00,"100 מ""ל",false,,24.90,0.1245,true,1,1801499
4015100190786,false,גליס מסכת סרום לשיקום עמוק עם קרטין,שוורצקוף Schwarzkopf,,גליס מסכה,מיליליטרים,300.00,"100 מ""ל",false,,24.90,0.0830,true,1,1801501
4015100190793,false,גליס מסכה לשיער יבש ופגום במיוחד Ultimate Repair,שוורצקוף Schwarzkopf,,גליס מסכה,מיליליטרים,200.00,"100 מ""ל",false,,24.90,0.1245,true,1,1801502
4015100204087,false,"סאיוס ספריי סלון פלקס@ 400 מ""ל",,,ספרי לשיער סאיוס,מיליליטרים,400.00,"100 מ""ל",false,,24.90,0.0622,true,1,2030132
4015100298000,false,"גליס - מסיכה ביוטק 300 מ""ל",,,גליס מסכה,מיליליטרים,300.00,"100 מ""ל",false,,24.90,0.0830,true,1,2384669
4015100325324,false,פאלטה דלוקס קיט 6-0 בלונד כהה,,,צבע שיער פלטה דלוקס,יחידה,1.00,יחידה,false,,26.90,26.9000,true,1,2404788
4015100325355,false,פאלטה - דלוקס חום בינוני עדין 4-0,,,צבע שיער פלטה דלוקס,יחידה,1.00,יחידה,false,,26.90,26.9000,true,1,2404789
4015100709889,false,צבע לשער פאלטה דלוקס שחור בורדו קיט,,,צבע שיער פלטה דלוקס,יחידה,1.00,יחידה,false,,26.90,26.9000,true,1,2528760
4015100709964,false,צבע שיער פלטה דלוקס,,,צבע שיער פלטה דלוקס,יחידה,1.00,יחידה,false,,26.90,26.9000,true,1,2528761
4015400564034,false,מגני תחתון אולוויז לונג פלוס עם ניחוח,פרוקטר אנד גמבל,TR,מגן תחתון אולוויז מגה פק,יח',58.00,יח',false,,21.90,0.3776,true,1,1307183
4015400564454,false,מגני תחתון אולוויז לארג' עם ניחוח מגה פק,פרוקטר אנד גמבל,DE,מגן תחתון אולוויז מגה פק,יח',68.00,יח',false,,21.90,0.3221,true,1,1307187
4015400598329,false,תחבושות היגייניות אולטרה - מארז רביעייה,פרוקטר אנד גמבל,HU,אולוויז קוואטרו נורמל + א,יח',56.00,יח',false,,39.90,0.7125,true,1,1307195
4015400598381,false,תחבושות היגייניות אולטרה לונג - מארז קוואטרו 48 יח',פרוקטר אנד גמבל,HU,אולוויז קוואטרו לונג + אי,יח',48.00,יח',false,,39.90,0.8312,true,1,1307196
4015400598411,false,תחבושות היגייניות יום ולילה Day & Night - מארז 40 יח',פרוקטר אנד גמבל,DE,אולוויז קוואטרו לילה אירו,יח',40.00,יח',false,,39.90,0.9975,true,1,1307197
4015400623663,false,מגבוני פמפרס ללא ביש,,,מגבוני פמפרס ללא ביש,יח',208.00,יח',false,,19.90,0.0957,true,1,2549287
4015400681670,false,תחבושות היגייניות אולטרה לילה בטוח,פרוקטר אנד גמבל,UA,אולוויז לילה 18 יח',יח',18.00,יח',false,,19.90,1.1056,true,1,1371005
4015400690313,false,טמפונים טמפקס קומפקט פרל רגולציה,טמפקס Tampax,,טמפוני טמפקס פרל 18,יח',18.00,יח',false,,24.90,1.3833,true,1,1483998
4015400690405,false,טמפונים טמפקס קומפק פרל סופר,טמפקס Tampax,,טמפוני טמפקס פרל 18,יח',18.00,יח',false,,24.90,1.3833,true,1,1483999
4015400690498,false,טמפונים טמפקס קומפקט פרל סופר פלוס,טמפקס Tampax,,טמפוני טמפקס פרל 18,יח',18.00,יח',false,,24.90,1.3833,true,1,1484000
4015400731719,false,תחבושות היגייניות אולוויז יום ולילה Day & Night,פרוקטר אנד גמבל,UA,אולוויז דואו 20 יחיד,יח',20.00,יח',false,,19.90,0.9950,true,1,1431190
4015400746812,false,מגני תחתון אולוויז נורמל עם ניחוח מגה פק,פרוקטר אנד גמבל,UA,מגן תחתון אולוויז מגה פק,יח',80.00,יח',false,,21.90,0.2737,true,1,1474696
4015400755241,false,תחבושות היגייניות אולוויז אולטרה נורמל - 28 יח',פרוקטר אנד גמבל,UA,אולוויז דואו 28 יחיד,יח',28.00,יח',false,,19.90,0.7107,true,1,1431192
4015400755487,false,תחבושות היגייניות אולוויז אולטרה לונג - 24 יח',פרוקטר אנד גמבל,UA,אולוויז דואו 24 יחיד,יח',24.00,יח',false,,19.90,0.8292,true,1,1431195
4015400824701,false,טמפונים עם מוליך רגולר,פרוקטר אנד גמבל,HU,טמפקס רגולר 30 יחידות,יח',30.00,יח',false,,24.90,0.8300,true,1,1307231
4015400824725,false,טמפונים עם מוליך סופר,פרוקטר אנד גמבל,HU,טמפקס סופר 30 יחידות,יח',30.00,יח',false,,24.90,0.8300,true,1,1307232
4015400824749,false,טמפקס פלאש סופר פלוס 30יחידות,פרוקטר אנד גמבל,HU,טמפקס פלאש סופר פלוס 30יח,יח',30.00,יח',false,,29.90,0.9967,true,1,1307233
4015400990482,false,אבקת כביסה אריאל קולור,אריאל Ariel,,"אריאל 3 ק""ג קולור",קילוגרמים,3.00,"ק""ג",false,,27.90,9.3000,true,1,1404461
4015600762742,false,שמפו יומיומי למניעת קשקשים הנוסחה הקלאסית,פרוקטר אנד גמבל,RO,"ה&ש שמפו קלאסי 500 מ""ל",מיליליטרים,500.00,"100 מ""ל",false,,20.90,0.0418,true,1,1307262
4015600762780,false,שמפו וקונדישינר יומיומי למניעת קשקשים הנוסחה הקלאסית 2in1,פרוקטר אנד גמבל,RO,"ה&ש 2 ב 1 קלאסי 500 מ""ל",מיליליטרים,500.00,"100 מ""ל",false,,20.90,0.0418,true,1,1307263
4015600762902,false,"שמפו מנטול הד אנד שולדרס 500 מ""ל",פרוקטר אנד גמבל,RO,"ה&ש שמפו מנטול 500 מ""ל",מיליליטרים,500.00,"100 מ""ל",false,,20.90,0.0418,true,1,1307266
4015600762940,false,שמפו יומיומי למניעת קשקשים בניחוח תפוח,פרוקטר אנד גמבל,RO,"ה&ש שמפו תפוח 500 מ""ל",מיליליטרים,500.00,"100 מ""ל",false,,20.90,0.0418,true,1,1307267
4015600763022,false,שמפו יומיומי למניעת קשקשים לשיער יבש/פגום לשיער רך כמשי,פרוקטר אנד גמבל,RO,"ה&ש שמפו מגע משי 500 מ""ל",מיליליטרים,500.00,"100 מ""ל",false,,20.90,0.0418,true,1,1307269
4015600766900,false,"שמפו ומרכ ך נגד קשקשים 500 מ""ל הד אנד שולדרס",פרוקטל אנד גמבל,RO,שמפו הד אנד שולדרס 5,מיליליטרים,500.00,"100 מ""ל",false,,20.90,0.0418,true,1,1307275
4015600807436,false,"ג'ילט - דאודורנט ג'ל לגבר כדוריות קול וויב 75 מ""ל",פרוקטר אנד גמבל,US,דאו ג'ל 75 מל CW-PB חדש,מיליליטרים,75.00,"100 מ""ל",false,,19.90,0.2653,true,1,1307282
4015600807573,false,"ג'ילט - דאודורנט ג'ל לגבר כדוריות פאוור ראש 75 מ""ל",פרוקטר אנד גמבל,US,דאו ג'ל 75 מל PR-PB חדש,מיליליטרים,75.00,"100 מ""ל",false,,19.90,0.2653,true,1,1307283
4015600810849,false,דאודורנט ג'ל לגבר Sport power rush 48h,פרוקטר אנד גמבל,PL,דאודורנט פאוייר רוש 70 מל,מיליליטרים,70.00,"100 מ""ל",false,,19.90,0.2843,true,1,1307285
4017100160110,false,בלזן גלילי וופל במילוי קרם בטעם שוקולד 75 גר',באלזן Bahlsen,,וופל קרמי שוקולד בלז,גרמים,75.00,100 גרם,false,,7.90,0.1053,true,1,2413312
4017100198151,false,עוגיות היט Hit קקאו במילוי קרם וניל,הדקלאים אגודת שיתופי,PL,ביסקוויט ממולא קקאו,גרמים,220.00,100 גרם,false,,7.90,0.0359,true,1,1326539
4017100210105,false,גלילי וופל בלזן וופלטן שוקו' מריר 100ג',הדקלאים אגודת שיתופי,DE,גלילי וופל מריר.,גרמים,100.00,100 גרם,false,,8.90,0.0890,true,1,1326541
4017100216800,false,מיני גלילי וופל מצופים שוקולד חלב,באלזן Bahlsen,,וופל מיניס שוקולד,גרמים,100.00,100 גרם,false,,7.90,0.0790,true,1,1485564
4017100219900,false,וופל גלילי בלזן וופלטן שוקו' חלב 100ג',הדקלאים אגודת שיתופי,DE,גלילי וופל עם שוקולד,גרמים,100.00,100 גרם,false,,8.90,0.0890,true,1,1326543
4017100290008,false,ביסקוויט בלזן ליבניץ שוקולד חלב 125 ג',הדקלאים אגודת שיתופי,DE,ביסקוויט וופל שוקולד,גרמים,125.00,100 גרם,false,,8.90,0.0712,true,1,1326546
4017100291005,false,ביסקוויט מצופה שוקולד מריר ליבניץ Leibniz,הדקלאים אגודת שיתופי,DE,ביסקוויט וופל שוקולד,גרמים,125.00,100 גרם,false,,8.90,0.0712,true,1,1326547
4017100364112,false,עוגיות היט Hit במילוי קרם בטעם שוקולד,הדקלאים אגודת שיתופי,PL,ביסקוויט ממולא וניל,גרמים,220.00,100 גרם,false,,7.90,0.0359,true,1,1326550
4017100366239,false,עוגיות ביסקוויט סנדוויץ ממולא קרם בטעם שוקולד,ליבניץ Leibniz,,עוגיות ביסקוויט סנדו,גרמים,190.00,100 גרם,false,,8.90,0.0468,true,1,2492866
4018344564610,false,פילה הרינג ברוטב עגבניות 200 ג' לארסן,,,לארסן פילה הרינג ברו,גרמים,200.00,100 גרם,false,,9.90,0.0495,true,1,2548917
4018344564634,false,פילה הרינג ברוטב פלפ,,,לארסן פילה הרינג ברו,גרמים,200.00,100 גרם,false,,9.90,0.0495,true,1,2548919
4018344564641,false,פילה הרינג ברוטב חרד,,,לארסן פילה הרינג ברו,גרמים,200.00,100 גרם,false,,9.90,0.0495,true,1,2548920
4018344564665,false,פילה הרינג ברוטב בלק,,,לארסן פילה הרינג ברו,גרמים,200.00,100 גרם,false,,9.90,0.0495,true,1,2548921
4018344564672,false,פילה הרינג ברוטב מקסיקני 200 ג' לארסן,,,לארסן פילה הרינג ברו,גרמים,200.00,100 גרם,false,,9.90,0.0495,true,1,2548922
4018722100133,false,אטריות כוסמין וביצים,אלב גולד,DE,אטריות כוסמין וביצים,גרמים,250.00,100 גרם,false,,15.90,0.0636,true,1,1973487
4018722100157,false,פסטה פוזילי מקמח כוסמין מלא אורגני,האחים פלם הגפן,DE,פוזילי כוסמין מלא 25,גרמים,250.00,100 גרם,false,,12.90,0.0516,true,1,1973488
4018722100188,false,אטריות רחבות כוסמין וביצים אורגניות,ALB.GOLD,,אטריות רחבות כוסמין,גרמים,250.00,100 גרם,false,,15.90,0.0636,true,1,1973489
4018722102656,false,ספגטי כוסמין אורגני,,,ספגטי כוסמין אורגני,גרמים,500.00,100 גרם,false,,16.90,0.0338,true,1,1973491
4018722303459,false,מקרוני כוסמין אורגני,,,מקרוני כוסמין אורגני,גרמים,250.00,100 גרם,false,,12.90,0.0516,true,1,1973492
4023800012109,false,מרציפן מצופה 100 גר,,,מרציפן 100 גרם,גרמים,100.00,100 גרם,false,,7.90,0.0790,true,1,1337224
4023800231647,false,בונבוניירת מוצרט 200,,,בונבו מוצרט קוגל 200,יחידה,0.00,יחידה,false,,19.90,0.0000,true,1,2372948
4025700001962,false,שוקולד מילקה לבן 100 גר',פי אר ג'יי אס סי מונ,HU,מילקה שוקולד לבן 100,גרמים,100.00,100 גרם,false,,5.90,0.0590,true,1,2402133
4028208000284,false,נייר פילטר לקפה מס' 4 Brigitta בריגטה,Melitta Kaffee GmbH,DE,מליטה נייר פילטר מספר 80,יח',80.00,יח',false,,11.90,0.1488,true,1,1353290
4037719066009,false,סוכריות 966 ג' בצנצנת שי,,,סוכריות בצנצת שי,גרמים,1000.00,100 גרם,false,,39.90,0.0399,true,1,1337227
4037719066986,false,סוכריות קוונדיש פירות טרופיים 200ג' (9),קוון דיש,,סוכריות פחיות טעם פי,גרמים,200.00,100 גרם,false,,9.90,0.0495,true,1,1337230
4037719068317,false,סוכריות קוונדיש פירות יער 200ג' (9),קוונדיש והרווי C&H,,סוכריות פחיות טעם יע,גרמים,200.00,100 גרם,false,,9.90,0.0495,true,1,1337234
4037719068508,false,סוכריות בפחית במילוי,,,סוכריות בפחית במילוי,גרמים,200.00,100 גרם,false,,9.90,0.0495,true,1,2545068
4037719068515,false,סוכריות בפחית במילוי,,,סוכריות בפחית במילוי,גרמים,200.00,100 גרם,false,,9.90,0.0495,true,1,2545069
4037719068522,false,סוכריות בפחית במילוי,,,סוכריות בפחית במילוי,גרמים,200.00,100 גרם,false,,9.90,0.0495,true,1,2545070
4037719680212,false,סוכריות קוונדיש תות שדה 200ג' (9),קוון דיש,,סוכריות פחיות טעם תו,גרמים,200.00,100 גרם,false,,9.90,0.0495,true,1,1337235
4045787068238,false,צבע לשיער פרוטאין קולור- 10 בלונד בהיר מאוד,אינדולה Indola,DE,אינדולה פרוטאין קולור שפו,מיליליטרים,60.00,"100 מ""ל",false,,12.90,0.2150,true,1,1323081
4045787068245,false,צבע לשיער פרוטאין קולור- 1000.0 אקסטרה בלונד,אינדולה Indola,DE,אינדולה פרוטאין קולור שפו,מיליליטרים,60.00,"100 מ""ל",false,,12.90,0.2150,true,1,1323082
4045787068252,false,צבע לשיער פרוטאין קולור- 1000.1 אקסטרה בלונד אפרפר,אינדולה Indola,DE,אינדולה פרוטאין קולור שפו,מיליליטרים,60.00,"100 מ""ל",false,,12.90,0.2150,true,1,1323083
4045787068290,false,"אינדולה - פרוטאין צבע 3 חום שחור 60 מ""ל",אינדולה Indola,DE,אינדולה פרוטאין קולור שפו,מיליליטרים,60.00,"100 מ""ל",false,,12.90,0.2150,true,1,1323085
4045787068313,false,"אינדולה - פרוטאין צבע 4-37 שוקולד כהה 60 מ""ל",אינדולה Indola,DE,אינדולה פרוטאין קולור שפו,מיליליטרים,60.00,"100 מ""ל",false,,12.90,0.2150,true,1,1323087
4045787068320,false,"אינדולה - פרוטאין צבע 5 חום 60 מ""ל",אינדולה Indola,DE,אינדולה פרוטאין קולור שפו,מיליליטרים,60.00,"100 מ""ל",false,,12.90,0.2150,true,1,1323088
4045787068337,false,"אינדולה - פרוטאין 5-35 חום שקד 60 מ""ל",אינדולה Indola,DE,אינדולה פרוטאין קולור שפו,מיליליטרים,60.00,"100 מ""ל",false,,12.90,0.2150,true,1,1323089
4045787068344,false,"אינדולה - פרוטאין צבע 5-4 ערמונים 60 מ""ל",אינדולה Indola,DE,אינדולה פרוטאין קולור שפו,מיליליטרים,60.00,"100 מ""ל",false,,12.90,0.2150,true,1,1323090
4045787068375,false,"אינדולה - פרוטאין צבע 6 בלונד כהה 60 מ""ל",אינדולה Indola,DE,אינדולה פרוטאין קולור שפו,מיליליטרים,60.00,"100 מ""ל",false,,12.90,0.2150,true,1,1323093
4045787068382,false,צבע לשיער פרוטאין קולור- 6.03 חום זהבהב,אינדולה Indola,DE,אינדולה פרוטאין קולור שפו,מיליליטרים,60.00,"100 מ""ל",false,,12.90,0.2150,true,1,1323094
4045787068405,false,"אינדולה - פרוטאין צבע 6-23 חום שקד 60 מ""ל",אינדולה Indola,DE,אינדולה פרוטאין קולור שפו,מיליליטרים,60.00,"100 מ""ל",false,,12.90,0.2150,true,1,1323095
4045787068412,false,"אינדולה - פרוטאין צבע 6-37 שוקולד 60 מ""ל",אינדולה Indola,DE,אינדולה פרוטאין קולור שפו,מיליליטרים,60.00,"100 מ""ל",false,,12.90,0.2150,true,1,1323096
4045787068467,false,"אינדולה - פרוטאין צבע 7 בלונד בינוני 60 מ""ל",אינדולה Indola,DE,אינדולה פרוטאין קולור שפו,מיליליטרים,60.00,"100 מ""ל",false,,12.90,0.2150,true,1,1323101
4045787068498,false,"אינדולה - פרוטאין צבע 7-3 דבש 60 מ""ל",אינדולה Indola,DE,אינדולה פרוטאין קולור שפו,מיליליטרים,60.00,"100 מ""ל",false,,12.90,0.2150,true,1,1323103
4045787068511,false,צבע לשיער פרוטאין קולור- 7.44 דבש נחושתי,אינדולה Indola,DE,אינדולה פרוטאין קולור שפו,יחידה,0.00,יחידה,false,,12.90,0.0000,true,1,1323105
4045787068542,false,"אינדולה - פרוטאין צבע 8 בלונד בהיר 60 מ""ל",אינדולה Indola,DE,אינדולה פרוטאין קולור שפו,מיליליטרים,60.00,"100 מ""ל",false,,12.90,0.2150,true,1,1323107
4045787068566,false,"אינדולה - פרוטאין צבע 8-3 בלונד שמש 60 מ""ל",אינדולה Indola,DE,אינדולה פרוטאין קולור שפו,מיליליטרים,60.00,"100 מ""ל",false,,12.90,0.2150,true,1,1323108
4052197000017,false,בירה בנדיקטינר בקבוק,בנדיקטינר וויצבראו,DE,בירה בנדקטינר,מיליליטרים,500.00,"100 מ""ל",false,,9.90,0.0198,true,1,2413763
4052197000369,false,בירה בנדקטינר מארז שישיה,בנדיקטינר,DE,בירה בנדקטינר מארז ש,ליטרים,1.98,ליטר,false,,39.90,20.1515,true,1,2413764
4052197001281,false,בירה בנדיקטינר פחית,בנדקטינר,,בירה בנדקטינר,מיליליטרים,500.00,"100 מ""ל",false,,7.90,0.0158,true,1,2422116
4052197002806,false,בירה בנדקטינר פחית ר,בנדקטינר,,בירה בנדקטינר מארז ר,ליטרים,2.00,ליטר,false,,29.90,14.9500,true,1,2413767
4052197003254,false,בירה בנדיקטינר לאגר,בנדיקטינר וויצבראו,DE,בירה בנדקטינר,מיליליטרים,500.00,"100 מ""ל",false,,9.90,0.0198,true,1,2413768
4054596687011,false,פלסטר רחב מאד לעור ע,,,פלסטר רחב מאד לעור ע,יח',5.00,יח',false,,34.90,6.9800,true,1,2491395
4054596763043,false,פלסטר עמיד למים מקס,,,פלסטר עמיד למים מקס,יח',12.00,יח',false,,29.90,2.4917,true,1,2491396
4054596879188,false,פלסטר נקסקר קול לבני,,,פלסטר נקסקר קול לבני,יח',20.00,יח',false,,24.90,1.2450,true,1,2493724
4056800649792,false,"וולה - פלקס מוס לנפח ליומיים 200 מ""ל",,,וולה פלקס מוס לנפח ל,מיליליטרים,200.00,"100 מ""ל",false,,24.90,0.1245,true,1,2431123
4056800649884,false,"וולה - פלקס ספריי לנפח ליומיים 250 מ""ל",,,ספריי לשיער וולה פלק,מיליליטרים,250.00,"100 מ""ל",false,,29.90,0.1196,true,1,2433984
4056800693061,false,ג'ל לשיער וולה פלקס Wella flex,פרוקטר אנד גמבל,FR,"וולה פלקס ג'ל 150 מ""ל",מיליליטרים,150.00,"100 מ""ל",false,,11.90,0.0793,true,1,1307308
4056800762750,false,צבע קולסטון מיני קיט,,,צבע קולסטון מיני קיט,גרמים,150.00,100 גרם,false,,24.90,0.1660,true,1,1922082
4056800762842,false,צבע לשיער קולסטון מיני קיט חום בהיר 5/0,וולה Wella,,צבע קולסטון מיני קיט,גרמים,150.00,100 גרם,false,,24.90,0.1660,true,1,1922084
4056800762934,false,צבע לשיער קולסטון מיני קיט שחור 2/0,וולה Wella,,צבע קולסטון מיני קיט,גרמים,150.00,100 גרם,false,,24.90,0.1660,true,1,1922008
4056800777730,false,קולסטון קיט 12/1 בלונד אפר בהיר מאוד,פרוקטר אנד גמבל,DE,קולסטון קיט 12/1 בלונד אפ,גרמים,165.00,100 גרם,false,,39.90,0.2418,true,1,1307313
4056800777792,false,צבע לשיער קולסטון קיט 2/8 שחור כחול,פרוקטר אנד גמבל,DE,קולסטון קיט 2/8 שחול כחול,גרמים,165.00,100 גרם,false,,39.90,0.2418,true,1,1307315
4056800777822,false,צבע לשיער קולסטון קיט 3/0 חום כהה,פרוקטר אנד גמבל,DE,קולסטון קיט 3/0 חום כהה,גרמים,165.00,100 גרם,false,,39.90,0.2418,true,1,1307316
4056800777952,false,צבע לשיער קולסטון קיט 5/0 חום,פרוקטר אנד גמבל,DE,קולסטון קיט 5/0 חום בהיר,גרמים,165.00,100 גרם,false,,39.90,0.2418,true,1,1307319
4056800778287,false,צבע לשיער קולסטון קיט 6/0 בלונד כהה,פרוקטר אנד גמבל,DE,קולסטון קיט 6/0 בלונד כהה,גרמים,165.00,100 גרם,false,,39.90,0.2418,true,1,1307323
4056800779123,false,צבע קולסטון קיט חום,,,צבע קולסטון קיט חום,גרמים,165.00,100 גרם,false,,39.90,0.2418,true,1,1307335
4056800779208,false,צבע לשיער קולסטון קיט 8/0 בלונד בהיר,פרוקטר אנד גמבל,DE,קולסטון קיט 8/0 בלונד בהי,גרמים,165.00,100 גרם,false,,39.90,0.2418,true,1,1307337
4056800943739,false,קרם חמצן וולוקסון Welloxon 6%,פרוקטר אנד גמבל,FR,וולוקסון 6%,מיליליטרים,75.00,"100 מ""ל",false,,3.90,0.0520,true,1,1307348
4056800943791,false,קרם חמצן וולוקסון Welloxon 9%,פרוקטר אנד גמבל,FR,וולוקסון 9%,מיליליטרים,75.00,"100 מ""ל",false,,3.90,0.0520,true,1,1307349
4062400115483,false,טקילה סיירה סילבר 70,אגדת,IL,טקילה סיירה סילבר,מיליליטרים,700.00,"100 מ""ל",false,,89.90,0.1284,true,1,2413825
4062400543125,false,טקילה סיירה זהב רפסדו,סיארה Sierra,MX,טקילה סיירה זהב,מיליליטרים,700.00,"100 מ""ל",false,,89.90,0.1284,true,1,2413826
4064666232409,false,"וולה - פלקס מוס לעיצוב אקסטרה גמיש 200 מ""ל",,,מוס לשיער וולה פלקס,מיליליטרים,200.00,"100 מ""ל",false,,24.90,0.1245,true,1,2538929
4064666232416,false,"וולה - פלקס מוס לעיצוב אולטרה גמיש 200 מ""ל",,,מוס לשיער וולה פלקס,מיליליטרים,200.00,"100 מ""ל",false,,24.90,0.1245,true,1,2538930
4064900061086,false,מחק פסטל צבעוני,,,מחק פסטל צבעוני,יחידה,0.00,יחידה,false,,2.90,0.0000,true,1,2470623
4066600612049,false,בירה פאולנר אוקטוברפ,מבשלת פאולנר,DE,בירה פאולנר אוקטוברפ,מיליליטרים,500.00,"100 מ""ל",false,,10.90,0.0218,true,1,2371313
4066600999614,false,"בירה פאולנר 500 מ""ל בקבוק",מבשלת פאולנר,DE,"בירה פאולנר 500 מ""ל",מיליליטרים,500.00,"100 מ""ל",false,,10.90,0.0218,true,1,1525074
4067600001123,false,פילה הרינג מעושן בשמ,,,לארסן פילה הרינג מעו,גרמים,190.00,100 גרם,false,,9.90,0.0521,true,1,2548924
4067700014849,false,ליקר ייגרייסטר 700 מ,מסט-יגרמייסטר,DE,ייגרמייסטר ליקר,מיליליטרים,700.00,"100 מ""ל",false,,79.90,0.1141,true,1,1485930
4067700018212,false,ייגרמייסטר ליקר+2 כו,יגרמייסטר,,ייגרמייסטר ליקר+2 כו,מיליליטרים,700.00,"100 מ""ל",false,,79.90,0.1141,true,1,2546061
4072700001188,false,בקבוק בירה פרנסיסקאנר כהה,פרנסיסקאנר Franziskaner,DE,בירה פרנסיסקאנר כהה,מיליליטרים,500.00,"100 מ""ל",false,,9.90,0.0198,true,1,1324078
4072700003649,false,בירה פרנסיסקנר בהירה,"איי, בי, אינבוו",DE,בירה פרנסיסקאנר בהיר,מיליליטרים,500.00,"100 מ""ל",false,,9.90,0.0198,true,1,1324080
4084500065536,false,"קרם לחות לחות מוגברת פנטן 300 מ""ל",פרוקטר אנד גמבל,FR,"קרם לחות פנטן 300 מ""",מיליליטרים,300.00,"100 מ""ל",false,,18.90,0.0630,true,1,1307351
4084500065598,false,"קרם לחות לתלתלים מושלמים פנטן 300מ""ל",פנטן Pantene,,"קרם לחות פנטן 300 מ""",מיליליטרים,300.00,"100 מ""ל",false,,18.90,0.0630,true,1,1372533
4084500081314,false,משחת שיניים פרו אקספרט לניקוי עמוק בטעם מנטה,אורל בי Oral B,,משחת שיניים אוראל בי,מיליליטרים,75.00,"100 מ""ל",false,,9.90,0.1320,true,1,2376874
4084500088917,false,"נוזל כלים פיירי לימון 650 מ""ל",פרוקטר אנד גמבל,GB,פיירי אוריגינל 750מ'ל,מיליליטרים,650.00,"100 מ""ל",false,,11.90,0.0183,true,1,1394511
4084500149526,false,טייד נוזל כביסה 2.48 ליטר,פרוקטר אנד גמבל,FR,טייד ג'ל 2.48 ליטר,ליטרים,2.48,ליטר,false,,29.90,12.0565,true,1,1307357
4084500178137,false,טייד נוזל כביסה 4 ליטר,פרוקטר אנד גמבל,FR,טייד ג'ל 4 ליטר,ליטרים,4.00,ליטר,false,,35.90,8.9750,true,1,1307358
4084500739253,false,"משחת שיניים אורל בי 3D white לובן מהודר 75 מ""ל",פרוקטר & גמבל,DE,אורל בי משחת שיניים,מיליליטרים,75.00,"100 מ""ל",false,,19.90,0.2653,true,1,2435792
4084500853553,false,"נוזל כלים פיירי אוריגינל 650 מ""ל",פרוקטר אנד גמבל,GB,פיירי אוריגינל 750מ'ל,מיליליטרים,650.00,"100 מ""ל",false,,11.90,0.0183,true,1,1394512
4084500853836,false,סבון כלים ורדים וסאטן,פרוקטר אנד גמבל,GB,פיירי אלוורה ומלפפונים 6,מיליליטרים,515.00,"100 מ""ל",false,,11.90,0.0231,true,1,1394515
4084500853898,false,סבון כלים אלוורה ומלפפונים,פרוקטר אנד גמבל,GB,פיירי אלוורה ומלפפונים 6,מיליליטרים,515.00,"100 מ""ל",false,,11.90,0.0231,true,1,1394516
4100130924002,false,בירה בקס ללא אלכוהול,,,בירה בק'ס שישייה ללא,ליטרים,1.65,ליטר,false,,24.90,15.0909,true,1,2438250
4105120623941,false,"בירה ויינשטפן בק' ח""פ 500 מ""ל",ווינשטפן Weihenstephaner,DE,"בירה ויינשטפן 500 מ""",מיליליטרים,500.00,"100 מ""ל",false,,9.90,0.0198,true,1,1797130
4105120624412,false,"בירה וינשטפן ויטוס 500 מ""ל",קרלסברג ישראל,IL,בירה ויינשטפן ויטוס,מיליליטרים,500.00,"100 מ""ל",false,,10.90,0.0218,true,1,2454875
4210201176534,false,2יח ראש אורל בי ראש,,,2יח ראש אורל בי ראש,יח',2.00,יח',false,,59.90,29.9500,true,1,2499765
4210201176688,false,אורל בי ראש חשמלי סנסיטיב 4 יח',פרוקטר & גמבל,IE,4 ראש אורל בי ראש חש,יח',4.00,יח',false,,81.90,20.4750,true,1,2499766
4210201245193,false,מברשת חשמלית נטענת לילדים +3 פרוזן D100,פרוקטר & גמבל,DE,מברשת אורל בי חשמלית,יחידה,0.00,יחידה,false,,82.90,0.0000,true,1,2405189
4210201262183,false,מברשת שיניים חשמלית ויטליטי Vitality נטענת,פרוקטר & גמבל,DE,מברשת שיניים חשמלית,יחידה,0.00,יחידה,false,,82.90,0.0000,true,1,2405190
4210201354369,false,ראש חשמלי קרוס אקשן 4 יח',,,4 ראש אורל בי ראש חש,יח',4.00,יח',false,,81.90,20.4750,true,1,2499767
4210201358725,false,ראש חשמלי 3d-white  4יח' אורל בי,,,אורל בי ראש חשמלי 43,יח',4.00,יח',false,,81.90,20.4750,true,1,2484949
4210201360742,false,אורל בי ראש חשמלי לניקוי יסודי 4 יח',פרוקטר & גמבל,IE,4 ראש אורל בי ראש חש,יח',4.00,יח',false,,81.90,20.4750,true,1,2499768
4210201365334,false,אורל בי ראש מילוי חשמלי פחם 4 יחידות,פרוקטר & גמבל,IE,4 ראש מברשת שיניים ח,יח',4.00,יח',false,,81.90,20.4750,true,1,2488812
4210201403319,false,אורל בי מברשת חשמלית נטענת ויטליטי פחם,פרוקטר & גמבל,DE,אורל בי מברשת חשמלית,יחידה,0.00,יחידה,false,,82.90,0.0000,true,1,2488813
4210201822448,false,מברשת שיניים חשמלית אדבנס פאוור,אורל בי Oral B,,מברשת שיניים עם סולל,יחידה,0.00,יחידה,false,,59.90,0.0000,true,1,1491926
4260099274218,false,עגבניות החומץ עם סלק,דבורק,,עגבניות החומץ עם סלק,גרמים,880.00,100 גרם,false,,12.90,0.0147,true,1,2512579
4260099274232,false,עגבניות בחומץ עם שום,דבורק,,עגבניות בחומץ עם שום,גרמים,880.00,100 גרם,false,,12.90,0.0147,true,1,2512598
4260134390194,false,בירה קירין בקבוק 330,,,בירה קירין בקבוק 330,מיליליטרים,330.00,"100 מ""ל",false,,8.90,0.0270,true,1,2371450
4260147890513,false,אטריות ביצים דקות ורמיצ'לי 500ג',דין שיווק,PL,איטריות ורמיצ'לי איט,גרמים,500.00,100 גרם,false,,9.90,0.0198,true,1,1327565
4260147890537,false,אטריות ביצים רחבות 500גר,דין שיווק,PL,איטריות ביצים ברצועו,גרמים,500.00,100 גרם,false,,9.90,0.0198,true,1,1327566
4260147890711,false,אטריות ביצים מגולגול 500 ג',דין שיווק,PL,איטריות ביצים מגולגל,גרמים,500.00,100 גרם,false,,9.90,0.0198,true,1,1327568
4260310552569,false,משקה תומס הנרי טוניק,,,טוניק תומס הנרי,מיליליטרים,200.00,"100 מ""ל",false,,5.90,0.0295,true,1,2113843
4260310552576,false,משקה תומס הנרי ביטר,,,ביטר למון תומס הנרי,מיליליטרים,200.00,"100 מ""ל",false,,5.90,0.0295,true,1,2113835
4260334140049,false,שוקולד ג'נדויה טבעונ,,,שוקולד ג'נדויה טבעונ,גרמים,65.00,100 גרם,false,,12.90,0.1985,true,1,2207084
4260651480033,false,אטריות חומוס אורגני,,,אטריות חומוס אורגני,גרמים,250.00,100 גרם,false,,21.90,0.0876,true,1,2513691
4260651480071,false,אטריות בטטה סגולה פט,,,אטריות בטטה סגולה או,גרמים,250.00,100 גרם,false,,21.90,0.0876,true,1,2513685
4446668881869,false,תבנית לפיצה חורים,,,תבנית לפיצה חורים,יחידה,0.00,יחידה,false,,19.90,0.0000,true,1,2459624
4511428200010,false,ביטוי פיט דר` מל ספרי לנעל 6-1,,,ספריי לנעלים,מיליליטרים,250.00,"100 מ""ל",false,,24.90,0.0996,true,1,1700663
4600659010854,false,וודקה סטולי בקבוק 70,איי. אס. לטבייאס בלז,LV,וודקה סטוליצ'ניה 700,מיליליטרים,700.00,"100 מ""ל",false,,59.90,0.0856,true,1,1333843
4600659011059,false,וודקה סטוליצ'ניה,סטוליצ'ניה Stolichnaya,,וודקה סטוליצניה,ליטרים,1.00,ליטר,false,,79.90,79.9000,true,1,1333844
4602486002071,false,וודקה בלנקאיה גולד 7,מזקקת גאורגייבסקי קר,RU,וודקה בלנקאיה,מיליליטרים,700.00,"100 מ""ל",false,,59.90,0.0856,true,1,2454810
4602486002477,false,וודקה בלנקאיה אקסטרה,,,וודקה בלנקאיה אקסטרה,מיליליטרים,700.00,"100 מ""ל",false,,64.90,0.0927,true,1,2454811
4603400000043,false,וודקה רוסקי סטנדרט ב,רוסקי סטנדרט וודקה,RU,"וודקה רוסקי 700מ""ל",מיליליטרים,700.00,"100 מ""ל",false,,69.90,0.0999,true,1,1334902
4603928000976,false,"וודקה בלוגה נובל 700 מ""ל+כוס",מרינסקי ליקרו-וודאצ',RU,"וודקה בילוגה 700 מ""ל",מיליליטרים,700.00,"100 מ""ל",false,,129.90,0.1856,true,1,1347432
4605246003523,false,תה שחור גרינפילד גול,גרינפילד Greenfield,RU,תה גרינפילד 25\1 שק ציילו,גרמים,50.00,100 גרם,false,,11.90,0.2380,true,1,1347861
4605246003585,false,תה ירוק גרינפילד סינ,גרינפילד Greenfield,RU,תה גרינפילד 25\1 שק ירוק,גרמים,50.00,100 גרם,false,,11.90,0.2380,true,1,1347863
4605246003721,false,תה גרינפילד יסמין דר,גרינפילד Greenfield,,"תה גרינפילד ירוק ""יס",גרמים,50.00,100 גרם,false,,11.90,0.2380,true,1,2431352
4605246003738,false,תה ירוק גרינפילד יסמ,אורימי,RU,תה גרינפילד 25\1 שק ירוק,גרמים,50.00,100 גרם,false,,11.90,0.2380,true,1,1347864
4605246004278,false,תה שחור ארל גריי Earl Grey,גרינפילד Greenfield,RU,תה גרינפילד 25\1 שק ארל ג,גרמים,50.00,100 גרם,false,,11.90,0.2380,true,1,1347865
4605246004322,false,תה גרינפילד תפוח וקי,גרינפילד Greenfield,RU,תה גרינפילד 25\1 שק רומשק,גרמים,37.50,100 גרם,false,,11.90,0.3173,true,1,2151786
4605246004339,false,"תה גרינפילד שחור ""סא",גרינפילד Greenfield,RU,תה גרינפילד 25\1 שק פטל,גרמים,50.00,100 גרם,false,,11.90,0.2380,true,1,2431353
4605246004346,false,תה גרינפילד פירות וק,אורימי,RU,תה גרינפילד 25\1 שק קינמו,גרמים,37.50,100 גרם,false,,11.90,0.3173,true,1,2439882
4605246004353,false,תה ירוק גרינפילד מלי,גרינפילד Greenfield,RU,תה גרינפילד 25\1 שק ירוק,גרמים,45.00,100 גרם,false,,11.90,0.2644,true,1,1347871
4605246005251,false,תה שחור גרינפילד פיר,אורימי,RU,תה גרינפילד 25\1 שק ספרינ,גרמים,37.50,100 גרם,false,,11.90,0.3173,true,1,1347878
4605246007118,false,תה שחור גרינפילד לימ,גרינפילד Greenfield,RU,תה גרינפילד 25\1 שק לימון,גרמים,37.50,100 גרם,false,,11.90,0.3173,true,1,1347883
4605246009969,false,תה גרינפילד אוכמניות,אורימי,RU,תה גרינפילד 25\1 שק אוכמנ,גרמים,37.50,100 גרם,false,,11.90,0.3173,true,1,2439883
4605246013690,false,תה גרינפילד תערובת ח,,,תה גרינפילד תערובת ח,גרמים,50.00,100 גרם,false,,11.90,0.2380,true,1,2431354
4605246013881,false,תה ירוק גרינפילד גינ,אורימי,,תה גרינפילד בטעם ג'י,גרמים,37.50,100 גרם,false,,11.90,0.3173,true,1,2439886
4605246013904,false,תה גרינפילד פירות יע,אורימי,,תה גרינפילד פירות יע,גרמים,37.50,100 גרם,false,,11.90,0.3173,true,1,2439887
4605362008839,false,גרעיני חמניות קלויים,קה דה או קרסנודר,,גרעיני חמניות קלויים,גרמים,300.00,100 גרם,false,,12.90,0.0430,true,1,2438585
4607002995868,false,"פלפלים ברוטב עגבניות ""לצ'ו""",דדיה ואניה,,שימורי ירקות מוחמצים,גרמים,680.00,100 גרם,false,,11.90,0.0175,true,1,2120194
4607012351005,false,גרעיני חמניות קלויים,"נארז ע""י : א.ג. גילר",RU,גרעיני חמניות ללא מל,גרמים,200.00,100 גרם,false,,12.90,0.0645,true,1,1506924
4607012351999,false,גרעיני חמניות קלויים עם מלח,"נארז ע""י : א.ג. גילר",RU,גרעיני חמניות עם מלח,גרמים,200.00,100 גרם,false,,12.90,0.0645,true,1,1506925
4607012352095,false,גרעיני חמניות קלויים עם מלח,מרטין,,גרעיני חמניות 500 גר,גרמים,500.00,100 גרם,false,,26.90,0.0538,true,1,2128832
4607012352453,false,גרעיני חמניות פסים קלויים עם מלח,מרטין,,גרעיני חמניות עם פסי,גרמים,150.00,100 גרם,false,,8.90,0.0593,true,1,1812586
4607012352538,false,גרעיני חמניות קלויים מיקס,מרטין,,גרעיני חמניות מיקס -,גרמים,200.00,100 גרם,false,,12.90,0.0645,true,1,2051276
4607051158092,false,תה קורטיס בננה 36 גר,או א.או מאי קומפני,,תה שחור,גרמים,34.00,100 גרם,false,,11.90,0.3500,true,1,2404674
4607051158306,false,תה שחור איזבלה גראפ,או א.או מאי קומפני,,תה שחור,גרמים,34.00,100 גרם,false,,11.90,0.3500,true,1,2404678
4607051159631,false,תה שחור ריצרד קינגס,או א.או מאי קומפני,,תה שחור,גרמים,25.00,100 גרם,false,,11.90,0.4760,true,1,2405121
4607051159938,false,תה שחור ריצ'ארד צאיל,,,תה שחור,גרמים,25.00,100 גרם,false,,11.90,0.4760,true,1,2405123
4607051159945,false,תה RICHARD ROYAL CEY,או א.או מאי קומפני,,תה שחור,גרמים,200.00,100 גרם,false,,21.90,0.1095,true,1,2438217
4607054451718,false,גרעינים טמבובסקי וול,או.או.או אגרוסווז,,גרעינים,גרמים,230.00,100 גרם,false,,10.90,0.0474,true,1,2404682
4607054451831,false,גרעינים טמבובסקי וול,או.או.או אגרוסווז,,גרעינים,גרמים,200.00,100 גרם,false,,10.90,0.0545,true,1,2404684
4607109409619,false,טבליות פיניש AIO MAX למדיח 25 יח',הדקלאים אגודת שיתופי,PL,פיניש 25 טבליות AIO,יח',25.00,יח',false,,29.90,1.1960,true,1,1481820
4620015850603,false,תה ירוק 200 גר,או א.או מאי קומפני,,תה שחור,גרמים,200.00,100 גרם,false,,21.90,0.1095,true,1,2438218
4620015851082,false,תה שחור ארל גריי 200,או א.או מאי קומפני,,תה שחור,גרמים,200.00,100 גרם,false,,21.90,0.1095,true,1,2438219
4620015851778,false,תה שחור RICHARD ENG.,או א.או מאי קומפני,,תה שחור,גרמים,200.00,100 גרם,false,,21.90,0.1095,true,1,2438220
4620015851860,false,תה שחור ריצארד רויאל,או א.או מאי קומפני,,תה שחור,גרמים,25.00,100 גרם,false,,11.90,0.4760,true,1,2405126
4620015851877,false,תה שחור ריצארד רויאל,או א.או מאי קומפני,,תה שחור,גרמים,25.00,100 גרם,false,,11.90,0.4760,true,1,2405127
4620015851884,false,תה שחור ריצארד רויאל,או א.או מאי קומפני,,תה שחור,גרמים,25.00,100 גרם,false,,11.90,0.4760,true,1,2405128
4620015852966,false,תה שחור ריצרד רואיל,או א.או מאי קומפני,,תה שחור,גרמים,25.00,100 גרם,false,,11.90,0.4760,true,1,2405130
4620015852973,false,תה פירות ריצרד רואיל,או א.או מאי קומפני,,תה שחור,גרמים,25.00,100 גרם,false,,11.90,0.4760,true,1,2405131
4620015852997,false,תה שחור,,,תה שחור,גרמים,25.00,100 גרם,false,,11.90,0.4760,true,1,2405133
4620015853031,false,תה שחור ריצרד רואיל,או א.או מאי קומפני,,תה שחור,גרמים,25.00,100 גרם,false,,11.90,0.4760,true,1,2405134
4620015853130,false,תה שחור,,,תה שחור,גרמים,34.00,100 גרם,false,,11.90,0.3500,true,1,2438587
4620015854519,false,תה שחור,,,תה שחור,גרמים,25.00,100 גרם,false,,11.90,0.4760,true,1,2405138
4620015854526,false,תה שחור,,,תה שחור,גרמים,25.00,100 גרם,false,,11.90,0.4760,true,1,2405139
4640018993350,false,קפסולות למדיח פיניש קוואנטום לימון 30 יח',רקיט בנקיזר,PL,טבליות למדיח כלים 30,יח',30.00,יח',false,,39.90,1.3300,true,1,2409137
4640018993398,false,קפסולות ג'יל רגיל קואנטום 60 יח' פיניש,רקיט בנקיזר,PL,טבליות למדיח כלים 60,יח',60.00,יח',false,,54.90,0.9150,true,1,2409145
4710068001692,false,"מאסטר קפה לאטה פחית 240מ""ל",תאיט מרקטינג אנד דיס,,מאסטר קפה,מיליליטרים,240.00,"100 מ""ל",false,,5.90,0.0246,true,1,1306396
4710068001715,false,"מאסטר קפה טרמיסו 240 מ""ל",יוני פרזינדנט אנטרפר,,מאסטר קפה טרמיסו,מיליליטרים,250.00,"100 מ""ל",false,,5.90,0.0236,true,1,1306397
4710068001739,false,"מאסטר קפה קולומביאני 240 מ""ל",יוני פרזינדנט אנטרפר,,מאסטר קפה קולומביאני,מיליליטרים,250.00,"100 מ""ל",false,,5.90,0.0236,true,1,1306398
4710068002798,false,"מאסטר קפה ונילה פחית 240מ""ל",מאיטה פוד אינדוסטריא,,מאסטר קפה ונילה,מיליליטרים,240.00,"100 מ""ל",false,,5.90,0.0246,true,1,2322440
4740098079309,false,סיידר פיז Fizz אוכמניות,CESU ALUS,,סיידר פיז אוכמניות 5,מיליליטרים,500.00,"100 מ""ל",false,,7.90,0.0158,true,1,1507120
4740098079316,false,סיידר פיז Fizz תות שדה,CESU ALUS,,סיידר פיז תות שדה 50,מיליליטרים,500.00,"100 מ""ל",false,,7.90,0.0158,true,1,1507121
4740098084440,false,סיידר פיז Fizz תפוח עץ,CESU ALUS,,סיידר פיז תפוח-עץ 50,מיליליטרים,500.00,"100 מ""ל",false,,7.90,0.0158,true,1,1621970
4740098090137,false,בירה IPA איי.פי.איי לבנה,א.לה קוק A.Le Coq,,בירה A.Le Coq איי פי,מיליליטרים,500.00,"100 מ""ל",false,,9.90,0.0198,true,1,2398146
4740098098331,false,קוקטייל בלו לגון לה,אה לי קוק,EE,בלו לאגון קוקטייל 33,מיליליטרים,330.00,"100 מ""ל",false,,9.60,0.0291,true,1,2547344
4740098098355,false,קוקטייל לה קוק מוחיט,אה לי קוק,EE,מוחיטו קוקטייל 330 מ,מיליליטרים,330.00,"100 מ""ל",false,,9.90,0.0300,true,1,2513003
4740098098379,false,קוקטייל לה קוק מרגרי,אה לי קוק,EE,מרגריטה קוקטייל 330,מיליליטרים,330.00,"100 מ""ל",false,,9.90,0.0300,true,1,2513004
4740098098393,false,מוחיטו קוקטייל סק או,,,מוחיטו קוקטייל סק או,מיליליטרים,330.00,"100 מ""ל",false,,9.90,0.0300,true,1,2513005
4750021000133,false,וודקה סטולי פרמיום,,,וודקה סטולי פרמיום,מיליליטרים,500.00,"100 מ""ל",false,,49.90,0.0998,true,1,2387390
4750021005091,false,וודקה סטוליצ'ניה קרמ,,,וודקה סטוליצ'ניה קרמ,מיליליטרים,700.00,"100 מ""ל",false,,64.90,0.0927,true,1,2546552
4750021005725,false,וודקה סטולי כשר לפסח,פארייפאבה אגרואינדוס,LV,וודקה סטולי כשר לפסח,מיליליטרים,700.00,"100 מ""ל",false,,79.90,0.1141,true,1,1844543
4750142002078,false,בירה צסו יורמלה פחית,"""cesu alus""",,בירה בפחית צ'סו יורמ,מיליליטרים,500.00,"100 מ""ל",false,,6.90,0.0138,true,1,2518828
4750142002719,false,בירה בפחית לא מסוננת,"""cesu alus""",,בירה בפחית לא מסוננת,מיליליטרים,500.00,"100 מ""ל",false,,6.90,0.0138,true,1,2518829
4750142004980,false,בירה ציסו פרמיום פח,"""cesu alus""",,בירה צ'סו פרמיום 568,מיליליטרים,568.00,"100 מ""ל",false,,8.90,0.0157,true,1,2518820
4750142005000,false,בירה ציסו כהה בוהמיי,"""cesu alus""",,בירה צ'סו כהה בוהמיי,מיליליטרים,568.00,"100 מ""ל",false,,8.90,0.0157,true,1,2518821
4750142005062,false,בירה צסו ברוזה לא מס,,,בירה ברוז'ה לא מסונן,מיליליטרים,568.00,"100 מ""ל",false,,8.90,0.0157,true,1,2518822
4750142016518,false,בירה צ'סו Cesu לא מסוננת,צסו אלוס,LV,בירה צ'סו לא מסונן 5,מיליליטרים,568.00,"100 מ""ל",false,,8.90,0.0157,true,1,1507098
4750142021505,false,פחית בירה פילזנר Pilsener,צסו אלוס,LV,בירה פילזנר .בהירה ב,מיליליטרים,500.00,"100 מ""ל",false,,6.90,0.0138,true,1,1812554
4750616000258,false,שפרוטים גדולים מעושנים בשמן צמחי,בריויאס וילניוס,,שימורי דגים שפרוטים,גרמים,190.00,100 גרם,false,,7.90,0.0416,true,1,2120210
4750616000593,false,שפרוטים מעושנים בשמן צמחי,בריויאס וילניוס,,שימורי דגים שפרוטים,גרמים,190.00,100 גרם,false,,7.90,0.0416,true,1,2120211
4750616001361,false,שימורי הרינג מעושן בשמן צמחי,בריויאס וילניוס,,שימורי דגים סלאקה מע,גרמים,190.00,100 גרם,false,,7.90,0.0416,true,1,1994669
4750616001651,false,דגי שיפרוט גדולים מעושנים בשמן צמחי,בריויאס וילניוס,,שימורי דגים שפרוטים,גרמים,240.00,100 גרם,false,,7.90,0.0329,true,1,1994661
4750616001989,false,שימורי דגים פטה שפרו,בריויאס וילניוס,,שימורי דגים פטה שפרו,גרמים,240.00,100 גרם,false,,4.90,0.0204,true,1,1994687
4750616002276,false,קילקה ברוטב עגבניות עם צ'ילי,בריויאס וילניוס,,שימורי דגים קילקה עם,גרמים,240.00,100 גרם,false,,4.90,0.0204,true,1,1994688
4750616002337,false,שימורי דגי קילקה שלמים ברוטב עגבניות,בריויאס וילניוס,,שימורי דגים קילקה במ,גרמים,240.00,100 גרם,false,,4.90,0.0204,true,1,1994689
4750616002344,false,שימורי דגים קילקה עם,בריויאס וילניוס,,שימורי דגים קילקה עם,גרמים,240.00,100 גרם,false,,4.90,0.0204,true,1,1994690
4751007738095,false,סלט סלמון עם ירקות מקסיקני 220 ג' לארסן,,,לארסן סלט סלמון עם י,גרמים,220.00,100 גרם,false,,9.90,0.0450,true,1,2548926
4751007738101,false,סלט סלמון עם ירקות איטלקי 220 ג' לארסן,,,לארסן סלט סלמון עם י,גרמים,220.00,100 גרם,false,,9.90,0.0450,true,1,2548927
4770237048088,false,גלידת שרבט בטעם יוגורט עם אוכמניות שחורות בגביע וופל אישי 82 גר' SVALIA,,,גלידה יוגורט עם אוכמ,גרמים,82.00,100 גרם,false,,5.90,0.0720,true,1,2180190
4770237050432,false,גלידת שמנת בטעם שוקולד פלומביר בגביע וופל אישי 70 גר' SVALIA,,,גלידה שוקולד פלומביר,גרמים,70.00,100 גרם,false,,5.90,0.0843,true,1,2180195
4770237052092,false,גלידת שמנת בטעם וניל בציפוי צימקאו בגביע וופל אישי 85 גר' SVALIA,,,גלידה סליבוצ'נויה בג,גרמים,85.00,100 גרם,false,,5.90,0.0694,true,1,2180196
4770237054423,false,גלידת ס שרבט מנגו עם אפרסק בגביע וופל אישי 85 גר' SVALIA,,,גלידה שרבט עם מנגו ו,גרמים,85.00,100 גרם,false,,5.90,0.0694,true,1,2180197
4770237056748,false,גלידת שמנת משובחת בטעם וניל בציפוי בטעם מסטיק SVALIA גר 58,ז'יטומרסקי זאבוד,,גלידה אסקימו עגול פל,גרמים,70.00,100 גרם,false,,5.90,0.0843,true,1,2413594
4770301234737,false,אורנג' שפריץ וולפאס,,,אורנג' שפריץ וולפאס,מיליליטרים,750.00,"100 מ""ל",false,,24.90,0.0332,true,1,2548894
4770301236861,false,קוואס לבובסקי משקה ל,,,קוואס לבובסקי משקה ל,ליטרים,1.50,ליטר,false,,12.90,8.6000,true,1,2548883
4796019790013,false,שמן קוקוס אורגני גרי,כפרי בריא,,שמן קוקוס אורגני 300,מיליליטרים,300.00,"100 מ""ל",false,,19.90,0.0663,true,1,1486342
4796019790020,false,שמן קוקוס גרין קוקו,גרין קוקו,LK,שמן קוקוס אורגני 500,מיליליטרים,500.00,"100 מ""ל",false,,29.90,0.0598,true,1,1486343
4796019790037,false,שמן קוקוס אורגני גרי,כפרי בריא,,שמן קוקוס אורגני 1 ל,מיליליטרים,1000.00,"100 מ""ל",false,,49.90,0.0499,true,1,1486344
4800888150080,false,"דאב - דאודורנט רול און לאישה פרש טאצ' מלפפונים 50 מ""ל",יוניליוור פיליפינים,PH,דאב דאו רול-און פרש 50טאץ,מיליליטרים,50.00,"100 מ""ל",false,,17.90,0.3580,true,1,1341413
4800888209368,false,רקסונה - דאודורנט סטיק לגבר אקסטרא קול 50 גרם,,,דאודורנט סטיק רקסונה,מיליליטרים,50.00,"100 מ""ל",false,,16.90,0.3380,true,1,2399681
4800888209429,false,רקסונה - דאודורנט סטיק לאישה כותנה נשים 50 גרם,,,דאודורנט סטיק רקסונה,מיליליטרים,50.00,"100 מ""ל",false,,16.90,0.3380,true,1,2405037
4800888210197,false,דאו' סטיק בניחוח קוקוס ויסמין 50 ג',,,דאב דאו סטיק קוקוס 5,גרמים,50.00,100 גרם,false,,18.90,0.3780,true,1,2383053
4800888214904,false,דאו' דאב סטיק קקאו לאשה 50 ג',דאב Dove,,דאב דאו סטיק קקאו 50,גרמים,50.00,100 גרם,false,,18.90,0.3780,true,1,2425822
4800888219510,false,דאב - דאודורנט סטיק לאישה פרש מלפפונים 50 גרם,יוניליוור פיליפינים,IL,דאב דאו סטיק מלפפוני,גרמים,50.00,100 גרם,false,,18.90,0.3780,true,1,2466739
4800888219527,false,דאב - דאודורנט סטיק לאישה ללא סימן אינביזיבל 50 גרם,,,דאב דאו סטיק אינביזי,גרמים,50.00,100 גרם,false,,18.90,0.3780,true,1,2466740
4800888219534,false,דאב - דאודורנט סטיק לאישה אנטי פרספירמט 50 גרם,יוניליוור פיליפינים,IL,דאב סטיק אורגינל 50,גרמים,50.00,100 גרם,false,,18.90,0.3780,true,1,2459863
4800888219541,false,רקסונה - דאודורנט סטיק לאישה פאוודר דרי 50 גרם,,,דאודורנט סטיק רקסונה,מיליליטרים,150.00,"100 מ""ל",false,,16.90,0.1127,true,1,2478352
4801234159856,false,מפיץ ריח ג'ל בניחוח מרכך כביסה,ג'ינסו ג'ונסון טונגד,ID,גלייד מיני ג'ל בניחוח מרכ,גרמים,75.00,100 גרם,false,,6.90,0.0920,true,1,1353301
4801234159863,false,מפיץ ריח ג'ל בניחוח חבצלות ופרחי בר,המאפיה של הרמן,ID,גלייד מיני ג'ל בניחוח חבצ,גרמים,75.00,100 גרם,false,,6.90,0.0920,true,1,1353302
4810168000011,false,פילה דג הרינג מלוח מצונן 250ג',,,פילה דג הרינג מלוח מ,גרמים,250.00,100 גרם,false,,13.90,0.0556,true,1,2180284
4810168000066,false,פילה דג הרינג מלוח מצונן עם תבלין 250ג,SANTA BREMOR,,פילה דג הרינג מלוח מ,גרמים,250.00,100 גרם,false,,13.90,0.0556,true,1,2180285
4810168000998,false,פילה דג הרינג מלוח מצונן עם בצל בצנצנת חתיכות 260ג',,,חתיכות פילה דג הרינג,גרמים,260.00,100 גרם,false,,17.90,0.0688,true,1,2180286
4810168001056,false,פילה דג הרינג מלוח מצונן בצנצנת חתיכות 260ג',,,חתיכות פילה דג הרינג,גרמים,260.00,100 גרם,false,,17.90,0.0688,true,1,2180287
4810168018795,false,חתיכות פילה דג הרינג מלוח מצונן 200ג',SANTA BREMOR,,חתיכות פילה דג הרינג,גרמים,200.00,100 גרם,false,,13.90,0.0695,true,1,2180288
4810168019051,false,חתיכות פילה דג הרינג מלוח מצונן עם תבלין 200ג',SANTA BREMOR,,חתיכות פילה דג הרינג,גרמים,200.00,100 גרם,false,,13.90,0.0695,true,1,2180289
4810168024512,false,פילה דג הרינג מלוח מצונן עם תבלין בצנצנת חתיכות 260ג,,,חתיכות פילה דג הרינג,גרמים,260.00,100 גרם,false,,17.90,0.0688,true,1,2180290
4810168038267,false,גלידת שמנת בטעם וניל פלומביר בציפוי צימקאו אסקימו 65 גר YUKKI,,,גלידה פלומביר אסקימו,גרמים,65.00,100 גרם,false,,5.90,0.0908,true,1,2180205
4810168038984,false,גלידת שמנת משובחת בטעם וניל וופל בין השכבות 80 גר YUKKI,,,גלידה פלומביר בריקט,גרמים,80.00,100 גרם,false,,5.90,0.0738,true,1,2180207
4810168038991,false,גלידה שוקולד פלומביר,,,גלידה שוקולד פלומביר,גרמים,75.00,100 גרם,false,,5.90,0.0787,true,1,2180208
4810168045098,false,גלידה קרם ברולה פלומ,santa bremor,,YUKKI גלידה קרם ברול,גרמים,70.00,100 גרם,false,,5.90,0.0843,true,1,2180213
4810168045913,false,גלידה שמנת קקאו בראו,,,גלידה שמנת קקאו בראו,גרמים,75.00,100 גרם,false,,7.90,0.1053,true,1,2493837
4810168055899,false,פילה דג הרינג מומלח,,,פילה דג הרינג מומלח,קילוגרמים,1.00,"ק""ג",true,,39.90,39.9000,true,1,2523002
4810168055905,false,פילה דג הרינג סקנדינ,,,פילה דג הרינג סקנדינ,גרמים,1000.00,100 גרם,false,,39.90,0.0399,true,1,2523003
4810168057510,false,חתיכות פילה דג הרינג מתובל מלוח בשמן 400 גר,,,חתיכות פילה דג הרינג,גרמים,400.00,100 גרם,false,,26.90,0.0672,true,1,2523005
4810168058982,false,חתיכות פילה דג הרינג סקנדינבי מלוח בשמן 400 גר,,,חתיכות פילה דג הרינג,גרמים,400.00,100 גרם,false,,26.90,0.0672,true,1,2529213
4820015165206,false,גלידת שמנת משובחת בטעם וניל בגביע וופל אישי פלומביר מס' 1 70 גר',ז'יטומרסקי זאבוד,,גלידה פלומביר בכוס מ,גרמים,70.00,100 גרם,false,,5.90,0.0843,true,1,2180216
4820015165213,false,גלידת בריקט פלומביר,ז'יטומרסקי זאבוד,,גלידה פלומביר בריקט,גרמים,90.00,100 גרם,false,,5.90,0.0656,true,1,2180217
4820080720584,false,וודקה חלבני דר קלאסיק,NATIONAL ALCOHOL COM,,"וודקה קלאסיק 700מ""ל",מיליליטרים,700.00,"100 מ""ל",false,,54.90,0.0784,true,1,1334911
4820080720768,false,וודקה חלבניי דאר חיט,NATIONAL ALCOHOL COM,,"וודקה פשניצניה 700מ""",מיליליטרים,700.00,"100 מ""ל",false,,54.90,0.0784,true,1,1334912
4820080724735,false,וודקה חלבניי דאר נא,NATIONAL ALCOHOL COM,,וודקה חלבני דאר,מיליליטרים,700.00,"100 מ""ל",false,,54.90,0.0784,true,1,1334916
4820154723275,false,גלידה אסקימוס אסקימו,ז'יטומרסקי זאבוד,,"גלידה ""אסקימוס"" אסקי",גרמים,80.00,100 גרם,false,,5.90,0.0738,true,1,2180230
4820154723442,false,"גביע ""אמפרזה"" טריפל",,,"גביע ""אמפרזה"" טריפל",גרמים,100.00,100 גרם,false,,7.90,0.0790,true,1,2180232
4820163881966,false,צנצנת הרמטית,,,צנצנת הרמטית,יחידה,0.00,יחידה,false,,8.90,0.0000,true,1,2450151
4820163881973,false,צנצנת הרמטית,,,צנצנת הרמטית,יחידה,0.00,יחידה,false,,9.90,0.0000,true,1,2450152
4820163881997,false,צנצנת הרמטית,,,צנצנת הרמטית,יחידה,0.00,יחידה,false,,7.90,0.0000,true,1,2450154
4823077602863,false,סוכריות טופי בטעם חל,רושן,UA,סוכ.דבורה משוגעת 200 ג בש,גרמים,200.00,100 גרם,false,,6.90,0.0345,true,1,2462145
4823077604379,false,סוכריות קשות במילוי,קייב קרמנציק,,סוכריות קשות במילוי,גרמים,1000.00,100 גרם,false,,24.90,0.0249,true,1,2180065
4823077608513,false,סוכריות טופי חלב Korivka,רושן Roshen,,סוכריות טופי חלב קור,גרמים,205.00,100 גרם,false,,6.90,0.0337,true,1,2180089
4823077608933,false,סוכריות שוקולד לצ'נה,,,סוכריות שוקולד לצ'נה,גרמים,1000.00,100 גרם,false,,54.90,0.0549,true,1,2180091
4823077612732,false,סוכריות קשות ממולאות,קייב קרמנציק,,סוכריות קשות ממולאות,גרמים,150.00,100 גרם,false,,4.90,0.0327,true,1,2265673
4823077613203,false,שוקולד מריר עם אגוזי לוז שלמים,רושן Roshen,,שוקולד רושן מריר + פ,גרמים,90.00,100 גרם,false,,7.90,0.0878,true,1,2180096
4823077613630,false,חטיף שוקולד חלב במילוי קרם ברולה,רושן Roshen,,חטיף שוקולד באטונצ'י,גרמים,40.00,100 גרם,false,,3.90,0.0975,true,1,2452735
4823077614675,false,ביסקוויט לקפה רושן18,קייב קרמנציק,,ביסקוויט לקפה רושן,גרמים,185.00,100 גרם,false,,3.90,0.0211,true,1,2545182
4823077614699,false,ביסקוויט לקפה רושן ב,קייב קרמנציק,,ביסקוויט לקפה רושן,גרמים,185.00,100 גרם,false,,3.90,0.0211,true,1,2545183
4823077614767,false,שוקולד רושן חלב נוגט,רושן,,שוקולד רושן חלב נוגט,גרמים,90.00,100 גרם,false,,4.90,0.0544,true,1,2470551
4823077614804,false,שוקולד חלב בטעם אוכמניות,רושן Roshen,,שוקולד חלב נוגט בטעם,גרמים,90.00,100 גרם,false,,4.90,0.0544,true,1,2180101
4823077617041,false,חטיף שוקולד חלב במילוי קרמל,רושן Roshen,,חטיף שוקולד באטונצ'י,גרמים,40.00,100 גרם,false,,3.90,0.0975,true,1,2180105
4823077618161,false,וופל רול קונאפטו חלב,רושן,,"גליליות רושן ""קונאפט",גרמים,140.00,100 גרם,false,,6.90,0.0493,true,1,2545194
4823077618901,false,בונבוניירה שוטרס רום,רושן,,בונבוניירה שוטרס רום,גרמים,150.00,100 גרם,false,,12.90,0.0860,true,1,2180106
4823077621635,false,וופל רושן בטעם חלב 7,Unknown,,וופל רושן אישי,גרמים,72.00,100 גרם,false,,3.90,0.0542,true,1,2496642
4823077621642,false,וופל רושן בטעם שוקול,Unknown,,וופל רושן אישי,גרמים,72.00,100 גרם,false,,3.90,0.0542,true,1,2496643
4823077621659,false,וופל רושן בטעם אגוז,Unknown,,וופל רושן אישי,גרמים,72.00,100 גרם,false,,3.90,0.0542,true,1,2496644
4823077623684,false,סוכריות קשות ממולאות,קייב קרמנציק,,סוכריות קשות ממולאות,גרמים,150.00,100 גרם,false,,4.90,0.0327,true,1,2247230
4823077623714,false,סוכריות טופי בטעם חל,רושן,,סוכריות טופי בטעם חל,גרמים,180.00,100 גרם,false,,6.90,0.0383,true,1,2180117
4823077624223,false,סוכריות ג'לי בטעמי פירות Summer Mix,רושן Roshen,,"ממתקי ג'ילי ""בוני פר",גרמים,200.00,100 גרם,false,,6.90,0.0345,true,1,2335653
4823077624247,false,סוכריות ג'לי מסוכרות בטעמי פירות,רושן Roshen,,"ממתקי ג'ילי ""בוני פר",גרמים,200.00,100 גרם,false,,6.90,0.0345,true,1,2180118
4823077625145,false,ממתקי שוקולד מריר עם דובדבן בליקר דובדבן,רושן Roshen,,בונבוניירה דובדבן+ ל,גרמים,155.00,100 גרם,false,,12.90,0.0832,true,1,2247231
4823077625589,false,וופל רושן בטעם חלב 2,,,וופל רושן בטעם חלב,גרמים,216.00,100 גרם,false,,6.90,0.0319,true,1,2545195
4823077625602,false,וופל רושן בטעם שוקול,,,וופל רושן בטעם שוקול,גרמים,216.00,100 גרם,false,,6.90,0.0319,true,1,2545196
4823077625626,false,וופל רושן בטעם אגוז,,,וופל רושן בטעם אגוז,גרמים,216.00,100 גרם,false,,6.90,0.0319,true,1,2545197
4823077625879,false,בונבוניירה קומפלימנט,קייב קרמנציק,,בונבוניירה,גרמים,145.00,100 גרם,false,,18.90,0.1303,true,1,2378695
4823077626203,false,שוקולד רושן אוורירי,רושן Roshen,,שוקולד אורירי חלב 80,גרמים,80.00,100 גרם,false,,6.90,0.0863,true,1,2335654
4823077626227,false,שוקולד רושן אוורירי,רושן Roshen,,שוקולד אורירי חלב 80,גרמים,80.00,100 גרם,false,,6.90,0.0863,true,1,2335655
4823077626241,false,שוקולד אורירי לבן קרמל,רושן Roshen,,שוקולד אורירי לבן קר,גרמים,80.00,100 גרם,false,,6.90,0.0863,true,1,2335656
4823077626364,false,שוקולד רושן אוורירי,רושן Roshen,,שוקולד אורירי לבן 80,גרמים,80.00,100 גרם,false,,6.90,0.0863,true,1,2335657
4823077627750,false,בונבוניירה 116גר' מו,רושן,,בונבוניירה,גרמים,116.00,100 גרם,false,,12.90,0.1112,true,1,2378696
4823077630439,false,סנדוויץ' קרקר שוקולד,רושן,,סנדוויץ קרקר רושן,גרמים,235.00,100 גרם,false,,9.90,0.0421,true,1,2495424
4823077630996,false,קרקר סנדוויץ קקאו אג,רושן,,סנדוויץ קרקר רושן,גרמים,235.00,100 גרם,false,,9.90,0.0421,true,1,2495425
4823077631467,false,קרקר עם מלח ים רושן,רושן,,קרקר עם מלח ים רושן,גרמים,168.00,100 גרם,false,,4.90,0.0292,true,1,2545184
4823077631474,false,קרקר קלאסי רושן 168,רושן,,קרקר קלאסי רושן,גרמים,168.00,100 גרם,false,,4.90,0.0292,true,1,2545185
4823077631856,false,וופל רול קונאפטו קוק,רושן,,"גליליות רושן ""קונאפט",גרמים,140.00,100 גרם,false,,6.90,0.0493,true,1,2545198
4823077631863,false,וופל רול קונאפטו וני,רושן,,"גליליות רושן ""קונאפט",גרמים,140.00,100 גרם,false,,6.90,0.0493,true,1,2545199
4823077632112,false,וופל רושן בטעם קקאו,,,וופל רושן בטעם קקאו,גרמים,216.00,100 גרם,false,,6.90,0.0319,true,1,2545200
4823077632259,false,חטיף שוקולד חלב ובוטנים,רושן Roshen,,חטיף שוקולד חלב ממו,גרמים,40.00,100 גרם,false,,3.90,0.0975,true,1,2446039
4823077632570,false,שוקולד רושן מריר 85,רושן,,שוקולד רושן מריר,גרמים,85.00,100 גרם,false,,6.90,0.0812,true,1,2468930
4823077632587,false,שוקולד רושן חלב עם ש,רושן,,שוקולד רושן חלב,גרמים,90.00,100 גרם,false,,7.90,0.0878,true,1,2468936
4823077633058,false,"גליליות רושן ""קונאפט",רושן,,"גליליות רושן ""קונאפט",גרמים,140.00,100 גרם,false,,6.90,0.0493,true,1,2545202
4823077633317,false,עוגיות לוויטה שוקולד,,,עוגיות שוקולד עם חתי,גרמים,150.00,100 גרם,false,,6.90,0.0460,true,1,2545203
4823077633324,false,עוגיות שוקוציפס לווי,,,עוגיות שוקוצ'יפס חתי,גרמים,150.00,100 גרם,false,,6.90,0.0460,true,1,2545204
4823077633331,false,עוגיות רושן לוויטהבט,,,עוגיות רושן בטעם תפ,גרמים,150.00,100 גרם,false,,6.90,0.0460,true,1,2545205
4823077633348,false,עוגיות רושן לוויטה ע,,,עוגיות רושן עם חתיכ,גרמים,150.00,100 גרם,false,,6.90,0.0460,true,1,2545206
4823077633508,false,רושן חטיף וופל במילו,,,וופל רושן אישי,גרמים,72.00,100 גרם,false,,3.90,0.0542,true,1,2528675
4823077633515,false,רושן חטיף וופל במילו,,,וופל רושן אישי,גרמים,72.00,100 גרם,false,,3.90,0.0542,true,1,2528682
4823077633690,false,בונבוניירה רושן שוטר,רושן,,בונבוניירה רושן שוטר,גרמים,155.00,100 גרם,false,,12.90,0.0832,true,1,2485235
4823077634116,false,סוכריות רושן קורובקה,,,סוכריות רושן קורובקה,יחידה,0.00,יחידה,false,,24.90,0.0000,true,1,2465417
4823077634192,false,עוגיות במילוי דובדבן,,,עוגיות במילוי דובדבן,גרמים,168.00,100 גרם,false,,6.90,0.0411,true,1,2495445
4823077634222,false,עוגיות Lovita ממולאות ג'לי תפוז מצופות צימקאו,רושן Roshen,,עוגיות במילוי תפוז,גרמים,135.00,100 גרם,false,,6.90,0.0511,true,1,2495452
4823077634246,false,עוגיות Lovita ממולאות ג'לי פטל מצופות צימקאו,רושן Roshen,,עוגיות במילוי פטל,גרמים,135.00,100 גרם,false,,6.90,0.0511,true,1,2495453
4823077634277,false,עוגיות Lovita ממולאות ג'לי תות שדה מצופות צימקאו,רושן Roshen,,עוגיות במילוי תות שד,גרמים,135.00,100 גרם,false,,6.90,0.0511,true,1,2495454
4823077634369,false,שוקולד רושן חלב אוור,,,שוקולד רושן חלב,גרמים,85.00,100 גרם,false,,6.90,0.0812,true,1,2528683
4823077634376,false,שוקולד רושן חלב אוור,,,שוקולד רושן חלב,גרמים,85.00,100 גרם,false,,6.90,0.0812,true,1,2528684
4823077634420,false,עוגות אישיות מצופות,,,עוגות אישיות מצופות,גרמים,270.00,100 גרם,false,,13.90,0.0515,true,1,2495463
4823077634741,false,עוגיות רושן לוויטה ב,,,עוגיות במילוי תות ש,גרמים,168.00,100 גרם,false,,6.90,0.0411,true,1,2495446
4823077635489,false,חטיף וופל רושן קרם ק,,,חטיף וופל רושן קרם ק,גרמים,350.00,100 גרם,false,,14.90,0.0426,true,1,2545207
4823077635533,false,חטיף וופל רושן קרם ח,,,חטיף וופל רושן קרם ח,גרמים,350.00,100 גרם,false,,14.90,0.0426,true,1,2545208
4823077635793,false,וופלים דקיקים רושן ס,Unknown,,וופלים דקיקים רושן,גרמים,55.00,100 גרם,false,,4.90,0.0891,true,1,2545186
4823077635809,false,וופלים דקיקים רושן ס,Unknown,,וופלים דקיקים רושן,גרמים,55.00,100 גרם,false,,4.90,0.0891,true,1,2545187
4823077635816,false,וופלים דקיקים רושן ס,Unknown,,וופלים דקיקים רושן,גרמים,55.00,100 גרם,false,,4.90,0.0891,true,1,2545188
4823077636004,false,עוגיות Lovita ממולאות ג'לי דובדבן מצופות צימקאו,רושן Roshen,,עוגיות במילוי קקאו ד,גרמים,135.00,100 גרם,false,,6.90,0.0511,true,1,2495455
4823077636172,false,וופל רושן בטעם לימון,,,וופל רושן בטעם לימון,גרמים,216.00,100 גרם,false,,6.90,0.0319,true,1,2545209
4823077636332,false,עוגיות לוויטה במילוי,,,עוגיות רושן במילוי ק,גרמים,150.00,100 גרם,false,,6.90,0.0460,true,1,2546707
4823077636400,false,עוגיות לוויטה במילוי,,,עוגיות רושן במילוי ק,גרמים,150.00,100 גרם,false,,6.90,0.0460,true,1,2546708
4823077636417,false,עוגיות לוויטה במילוי,,,עוגיות רושן במילוי ק,גרמים,150.00,100 גרם,false,,6.90,0.0460,true,1,2546714
4823077636561,false,סוכריות ממולאות בטעם,רושן,,סוכריות ממולאות בטעם,גרמים,378.00,100 גרם,false,,11.90,0.0315,true,1,2545217
4823077636608,false,סוכריות טופי רושן במ,רושן,,סוכריות טופי רושן במ,גרמים,325.00,100 גרם,false,,11.90,0.0366,true,1,2545221
4823092700926,false,חלווה חמניות בטעם ונ,או.או.או. דרוז'קבסקי,,חלבה חמניות וניל 200,גרמים,200.00,100 גרם,false,,5.90,0.0295,true,1,1507488
4823092700964,false,חלווה חמניות עם בוטנ,או.או.או. דרוז'קבסקי,,חלבה חמניות עם בוטני,גרמים,200.00,100 גרם,false,,5.90,0.0295,true,1,1507489
4823097809754,false,גלידת שמנת משובחת וניל עם צימוקים שכבות וופל 90 גר',ז'יטומרסקי זאבוד,,גלידת שמנת משובחת ונ,גרמים,90.00,100 גרם,false,,5.90,0.0656,true,1,2459784
4823097810019,false,גלידת שמנת ונילה קרמ,,,"גביע ""אמפרזה"" טריפל",גרמים,100.00,100 גרם,false,,7.90,0.0790,true,1,2486701
4840008018302,false,דובשניות קרסטיאנסקיה,Franzeluta,,דובשניות בסיגנון כפר,גרמים,400.00,100 גרם,false,,7.90,0.0198,true,1,1991543
4840008018319,false,דובשניות עם שזיף 400,פרנזלוטה,,דובשניות עם שזיף -40,גרמים,400.00,100 גרם,false,,7.90,0.0198,true,1,1991544
4840008018371,false,דובשניות צפניות-סברנ,פרנזלוטה,,דובשניות צפניות-סברנ,גרמים,400.00,100 גרם,false,,7.90,0.0198,true,1,1991546
4840709002440,false,ברנדי קווינט כשר 500,,,ברנדי קווינט,מיליליטרים,500.00,"100 מ""ל",false,,54.90,0.1098,true,1,2051326
4860019001346,false,מים מינרליים בורזומי,אי די אס בורגומי,,מים בורזומי מינרליים,מיליליטרים,500.00,"100 מ""ל",false,,6.90,0.0138,true,1,1334917
4860019001414,false,מים מינירליים בורגומ,אי.די.אס בורג'יומי,,מים בורג'ומי מינרלים,מיליליטרים,750.00,"100 מ""ל",false,,6.90,0.0092,true,1,1334919
4860019001421,false,מים מינירליים בורגומ,,,מים בורזום טבעיים מא,ליטרים,4.50,ליטר,false,,39.90,8.8667,true,1,2263007
4865602000027,false,מים מינרלים נבגלבי מ,נבגלבי,,מים מינרלים נבגלבי מ,ליטרים,1.00,ליטר,false,,8.20,8.2000,true,1,1991547
4891228302023,false,סכיני גילוח שייק אקסטרים 4 יחי,שיק Schick,,סכיני גילוח שיק אקסט,יח',3.00,יח',false,,14.90,4.9667,true,1,1453935
4891228304478,false,"שיק היידרו 5 סנס סכינים, רביעיה",שיק Schick,CN,רביעיית סכינים שיק ה,יח',4.00,יח',false,,59.90,14.9750,true,1,2204733
4891228308032,false,שיק סכינים גילוח אינטואישן ידית + 5,ארץ ייצור סכינים: אר,US,שיק אינטואישן אישה מ,יח',5.00,יח',false,,59.90,11.9800,true,1,2518410
4891228308049,false,שיק היידרו גבר מארז סנס ידית+7,ארץ ייצור סכינים: אר,US,שיק היידרו גבר מארז,יח',7.00,יח',false,,59.90,8.5571,true,1,2518411
4891228430047,false,סכיני גילוח שיק אקזקטה 2 ירוק 10 יח',אנרג'יזר Energizer,CN,שיק אקזקטה2 רגיש עשירייה,יח',10.00,יח',false,,24.90,2.4900,true,1,1338842
4891228430061,false,סכיני גילוח שיק אקזקטה 2 לנשים ורוד 10 יח',הנסיך- מפעל לייצור ט,CN,שיק אקזקטה2 נשים עשירייה,יח',10.00,יח',false,,24.90,2.4900,true,1,1338843
4891228430085,false,שיק אקסטרים 3 קומפורט + רגיש 4 יחידות,אנרג'יזר Energizer,CN,שיק אקסטרים 3 קומפורט + ר,יח',4.00,יח',false,,19.90,4.9750,true,1,1338844
4891228430092,false,שיק אקסטרים 3 קומפורט +לנשים 4 יחידות,אנרג'יזר Energizer,CN,שיק אקסטרים 3 קומפורט +לנ,יח',4.00,יח',false,,19.90,4.9750,true,1,1338845
4891228460242,false,סכיני גילוח שיק קוואטרו נשים 3 יח',אנרג'יזר Energizer,CN,שיק קוואטרו חד פעמי לנשים,יח',3.00,יח',false,,29.90,9.9667,true,1,1338850
4891228480134,false,שיק קוואטרו רב פעמי נשים ריביעיית סכינים,,,רביעייה סכיני גילוח,יחידה,0.00,יחידה,false,,34.90,0.0000,true,1,1647688
4903001904192,false,"רוטב סויה יאמסה פרימיום 500 מ""ל",הדקלאים אגודת שיתופי,JP,רוטב סויה יאמסה פרימיום 5,מיליליטרים,500.00,"100 מ""ל",false,,17.90,0.0358,true,1,1326556
4903001925784,false,סויה יאמאסה 500 מל דל נתרן,הדקלאים אגודת שיתופי,JP,רוטב סויה יאמאסה פרמיום ד,מיליליטרים,500.00,"100 מ""ל",false,,17.90,0.0358,true,1,1326557
4903001930993,false,רוטב טריאקי יאמאסה 5,יאמאסה yamasa,JP,רוטב טריאקי יאמסה,מיליליטרים,500.00,"100 מ""ל",false,,17.90,0.0358,true,1,1416995
5000054351900,false,פריסקיז דגי אוקיינוס,פורינה,US,פריסקיז פטה דג אוקיי,גרמים,156.00,100 גרם,false,,4.90,0.0314,true,1,2529193
5000054353300,false,פריסקיז פטה סלומון 2,פורינה,US,פריסקיז פטה סלומון,גרמים,156.00,100 גרם,false,,4.90,0.0314,true,1,2529194
5000054355700,false,פריסקיז פטה הודו 156,פורינה,US,פריסקיז פטה הודו,גרמים,156.00,100 גרם,false,,4.90,0.0314,true,1,2529195
5000054357100,false,פריסקיז פטה מיקס גרי,פורינה,US,פריסקיז פטה מיקס גרי,גרמים,156.00,100 גרם,false,,4.90,0.0314,true,1,2529196
5000054359500,false,פריסקיז פטה כבד ועוף,פורינה,US,פריסקיז פטה כבד ועוף,גרמים,156.00,100 גרם,false,,4.90,0.0314,true,1,2529197
5000111041065,false,רוטב ווסטרשייר היינץ,תאי פרזידנט פוד פאבל,,רוטב ווסטרשייר היינץ,מיליליטרים,150.00,"100 מ""ל",false,,10.90,0.0727,true,1,2344650
5000127533196,false,"קלוגס ווראייטי, 191 גרם",חברת קלוגס בריטניה,GB,קלוגס ווראייטי 191 ג,גרמים,191.00,100 גרם,false,,22.90,0.1199,true,1,2121163
5000146048688,false,בראסו מטליות לניקוי כלי נחושת,רקיט בנקיזר,PT,בראסו (בד75*6) גרם,גרמים,75.00,100 גרם,false,,14.90,0.1987,true,1,1309345
5000146057710,false,ספריי רב שימושי לחלונות ומשטחים ווינדולין Windolene,רקיט בנקיזר,PL,גלסקס חלונות 750 מל,מיליליטרים,750.00,"100 מ""ל",false,,7.90,0.0105,true,1,1309346
5000146401568,false,וולייט דפים למניעת העברת צבע 10 דפים,ווליט Woolite,IT,וולייט דפים למניעת מעבר צ,יח',10.00,יח',false,,14.90,1.4900,true,1,1309351
5000146980322,false,קרם להסרת שיער לעור רגיל מועשר בחלב לוטוס ויסמין,רקיט בנקיזר,FR,ויט קרם להסרת שיער רגיל 1,יחידה,0.00,יחידה,false,,29.90,0.0000,true,1,1309352
5000159376655,false,סוכריות סקיטלס 38 גר פירות 38 גרם,ריגלי ממתקים,,סוכריות סקיטלס פירות,גרמים,38.00,100 גרם,false,,2.90,0.0763,true,1,1336860
5000159376792,false,סוכריות סקיטלס Skittles פירות חמוצים,ריגלי ממתקים,,סוכריות סקיטלס חמוץ,גרמים,38.00,100 גרם,false,,2.90,0.0763,true,1,1336861
5000159407236,false,מרס חטיף שוקולד 51גר,מרס הולנד בי.וי.,NL,51G 'מרס חטיף שוק,גרמים,51.00,100 גרם,false,,3.90,0.0765,true,1,1319027
5000159409179,false,מארז חטיפי מיני סניקרס Snickers,סניקרס Snickers,NL,'סניקרס מיני 403 גר,גרמים,403.00,100 גרם,false,,19.90,0.0494,true,1,1319031
5000159414197,false,מלטיזרס-כדורים פריכים בציפוי שוולד חלב 135 גרם,מרס שוקולד צ.אמריקה,NL,חטיף בוטנים m&m אריז,גרמים,135.00,100 גרם,false,,9.90,0.0733,true,1,2518878
5000159452663,false,מרס מארז חמישייה 5*50 גרם,מרס,NL,מארז חטיפי מארס,גרמים,225.00,100 גרם,false,,10.90,0.0484,true,1,2464101
5000159452977,false,מארז מיקס מיני חטיפי שוקולד,טוויקס Twix,NL,'מיקס חטיפי מיני 400 ג,גרמים,400.00,100 גרם,false,,19.90,0.0497,true,1,1319033
5000159459228,false,חטיף שוקולד טוויקס 50 ג',"נארז ע""י : א.ג. גילר",NL,טויקס חטיף שוקו 50 גרם,גרמים,50.00,100 גרם,false,,3.90,0.0780,true,1,1319035
5000159461122,false,חטיף שוקולד סניקרס 50 ג',"נארז ע""י : א.ג. גילר",NL,50G סניקרס חטיף שוק,גרמים,57.00,100 גרם,false,,3.90,0.0684,true,1,1319036
5000159500692,false,בקבוק עם שוקולדים סל,מארס,NL,בקבוק עם שוקולדים סל,גרמים,312.00,100 גרם,false,,29.90,0.0958,true,1,2433503
5000159500845,false,סלבריישן מארז מתנה 196 גר,,,סלבריין מארז מתנה,גרמים,196.00,100 גרם,false,,17.90,0.0913,true,1,2531077
5000159538626,false,מאגדת שוקולד טוויקס,טוויקס Twix,NL,מארז חטיפי טוויקס,גרמים,250.00,100 גרם,false,,10.90,0.0436,true,1,2464102
5000168199245,false,שוקולד חלב מעולה בתוספת קרמל מלוח פיור גודייבה 90 ג',"אולקר מקבוצת פלאדיס,",TR,שוקולד גודייבה חלב ב,גרמים,90.00,100 גרם,false,,14.90,0.1656,true,1,2177846
5000189974579,false,מארז מיני חטיפי קיט קט Kit Kat,נסטלה Nestle,,חטיף קיט קט מיני,גרמים,200.00,100 גרם,false,,12.90,0.0645,true,1,1851176
5000204048711,false,"קיווי לבישום נעלי ספורט 200 מ""ל",ג'ונסון אנד ג'ונסון,PL,משחה להגנת נעלי ספור,מיליליטרים,200.00,"100 מ""ל",false,,15.90,0.0795,true,1,2507497
5000204048742,false,"קיווי לבישום נעלי ספורט 100 מ""ל",,,בישום נעלי ספורט קיו,מיליליטרים,100.00,"100 מ""ל",false,,15.90,0.1590,true,1,2507498
5000204114867,false,גלייד ארוסול בניחוח וניל 300 מל,coster aerosol vail,,מטהר אוויר גלייד איר,מיליליטרים,300.00,"100 מ""ל",false,,9.90,0.0330,true,1,2383593
5000204114898,false,"גלייד ארוסול בניחוח מרכך כביסה 300 מ""ל",אס.סי גונוסון,NL,מטהר אוויר גלייד איר,מיליליטרים,300.00,"100 מ""ל",false,,9.90,0.0330,true,1,2383594
5000204114959,false,"גלייד ארוסול בניחוח פריחה בלבן 300 מ""ל","אס.סי ג'ונסון,מידרכט",NL,מטהר אוויר גלייד איר,מיליליטרים,300.00,"100 מ""ל",false,,9.90,0.0330,true,1,2383601
5000204115048,false,"גלייד ארוסול בניחוח לבנדר 300 מ""ל","אס.סי ג'ונסון,מידרכט",NL,מטהר אוויר גלייד איר,מיליליטרים,300.00,"100 מ""ל",false,,9.90,0.0330,true,1,2383595
5000204133509,false,שקיות אחסון גדולות- 19 יח' זיפלוק,,,שקיות אחסון גדולות ז,יח',19.00,יח',false,,12.90,0.6789,true,1,2431986
5000204151053,false,"פלדג' אירוסול לניקוי רהיטים קלאסי 250 מ""ל",יורופרייטס,NL,פלדג' תרסיס לניקוי ע,מיליליטרים,250.00,"100 מ""ל",false,,14.90,0.0596,true,1,2405858
5000204153729,false,"גלייד מילוי אוטומטי לבנדר וניל 269 מ""ל",המאפיה של הרמן,TR,מילוי למטהר אוויר או,מיליליטרים,269.00,"100 מ""ל",false,,12.90,0.0480,true,1,2413289
5000204153842,false,"גלייד מילוי אוטומטי וניל 269 מ""ל",המאפיה של הרמן,TR,מילוי למטהר אוויר או,מיליליטרים,269.00,"100 מ""ל",false,,12.90,0.0480,true,1,2413298
5000204153903,false,"גלייד מילוי אוטומטי מרכך כביסה 269 מ""ל",קוסטר אירוסול ואלף ס,TR,מילוי למטהר אוויר או,מיליליטרים,269.00,"100 מ""ל",false,,12.90,0.0480,true,1,2413299
5000204155723,false,"גלייד מארז אוטומטי-בניחות מרכך כביסה 269 מ""ל",המאפיה של הרמן,TR,גלייד מארז אוטומטי מ,גרמים,400.00,100 גרם,false,,49.90,0.1247,true,1,2413290
5000204155815,false,"גלייד מארז אוטומטי וניל 269 מ""ל",,,מטהר אוויר אוטומטי ג,גרמים,400.00,100 גרם,false,,49.90,0.1247,true,1,2413291
5000204167610,false,מטהר אוויר גלייד איר,,,מטהר אוויר גלייד איר,מיליליטרים,300.00,"100 מ""ל",false,,9.90,0.0330,true,1,2489462
5000204167856,false,מילוי למטהר אוויר או,,,מילוי למטהר אוויר או,מיליליטרים,269.00,"100 מ""ל",false,,12.90,0.0480,true,1,2489463
5000204182026,false,ג'ל בניחוח אודיסאה הכחולה גלייד 180 ג',,,גלייד ג'ל ריחני בניח,גרמים,180.00,100 גרם,false,,14.90,0.0828,true,1,2507490
5000204182057,false,גלייד ג'ל ריחני בניחוח לבנדר 180 גרם,,,גלייד ג'ל ריחני בניח,גרמים,180.00,100 גרם,false,,14.90,0.0828,true,1,2507491
5000204196924,false,"נוזל מילוי 60 לילות זוג 36*2 מ""ל",Zobele Bulgaria,BG,זוג רייד נוזל מילויי,מיליליטרים,87.60,"100 מ""ל",false,,29.90,0.3413,true,1,2462001
5000204225655,false,מילוי למטהר אוויר או,,,מילוי למטהר אוויר או,מיליליטרים,269.00,"100 מ""ל",false,,12.90,0.0480,true,1,2489464
5000204226256,false,מטהר אוויר גלייד איר,,,מטהר אוויר גלייד איר,מיליליטרים,300.00,"100 מ""ל",false,,9.90,0.0330,true,1,2489465
5000204243000,false,"נוזל לאסלה אפרסק על חלל 750 מ""ל דאק",,NL,ט.דאק נוזל אפרסק על,מיליליטרים,750.00,"100 מ""ל",false,,12.90,0.0172,true,1,2507521
5000204243031,false,"נוזל לאסלה ירח פורח 750 מ""ל דאק",,NL,ט.דאק נוזל ירח פורח,מיליליטרים,750.00,"100 מ""ל",false,,12.90,0.0172,true,1,2507522
5000204254587,false,סבון מוצק לאסלהאפרסק על חלל 38.6 ג' דאק,,PL,דאק סבון ניקוי אסלה,גרמים,38.60,100 גרם,false,,7.90,0.2047,true,1,2507523
5000204254617,false,סבון מוצק לאסלה ירח פורח 38.6 ג' דאק,,PL,דאק סבון ניקוי אסלה,גרמים,38.60,100 גרם,false,,7.90,0.2047,true,1,2507500
5000204657913,false,"קיווי משחת נעליים שחור קטן 50מ""ל",ג' אל ראיה בוגור,ID,מ.נעליים שחור קיווי,מיליליטרים,50.00,"100 מ""ל",false,,4.90,0.0980,true,1,2016546
5000204658064,false,"קיווי אקספרס ספוג הברקה שחור 7מ""ל",המאפיה של הרמן,HN,קיווי אקספרס ספוג הברקה ש,מיליליטרים,6.00,"100 מ""ל",false,,14.90,2.4833,true,1,1353308
5000204658125,false,משחת נעליים מבריק ומגן בצבע חום,אס' סי' ג'ונסון במה,PL,קיווי קראון נוזלי מבריק ח,מיליליטרים,75.00,"100 מ""ל",false,,14.90,0.1987,true,1,1353309
5000204658187,false,"קיווי נוזל נעליים שחור 75מ""ל-חדש",אס' סי' ג'ונסון במה,PL,קיווי קראון נוזלי מבריק ש,מיליליטרים,75.00,"100 מ""ל",false,,14.90,0.1987,true,1,1353310
5000204660159,false,קיווי אקספרס ספוג הברקה שקוף,המאפיה של הרמן,ID,קיווי אקספרס ספוג הברקה ש,מיליליטרים,6.00,"100 מ""ל",false,,14.90,2.4833,true,1,1353312
5000204661392,false,"קיווי מ.נעלים קופסא שחור 100מ""ל",המאפיה של הרמן,ID,קיווי אקסטרא לארג' שחור(ג,מיליליטרים,100.00,"100 מ""ל",false,,8.90,0.0890,true,1,1353313
5000204886566,false,"תרסיס מנקה, מזין ומגן על העץ עם שמן תפוז טבעי",Jonson ג'ונסון,US,"פלדג' 473 ORANGE OILמ""ל",מיליליטרים,473.00,"100 מ""ל",false,,22.90,0.0484,true,1,1353316
5000213000359,false,בירה גינס בק 330 מל,קרלסברג יבוא יצוא,,"בירה ג'ינס 330 מ""ל ב",מיליליטרים,330.00,"100 מ""ל",false,,11.50,0.0348,true,1,1335116
5000267014234,false,וויסקי ג'וני ווקר רד לייבל Red label,ג'וני ווקר Johnnie walker,,ג'וני ווקר אדום 700,מיליליטרים,700.00,"100 מ""ל",false,,79.90,0.1141,true,1,2323228
5000267024202,false,ויסקי גוני ווקר בלאק,אלכוהול (איי.בי.בי),,וויסקי ג'וני ווקר שח,מיליליטרים,700.00,"100 מ""ל",false,,119.00,0.1700,true,1,1352592
5000267024233,false,"וויסקי ג'וני בלאק לייבל עם פורר 700מ""ל",ג'וני ווקר Johnnie walker,,וויסקי ג'וני ווקר שח,מיליליטרים,700.00,"100 מ""ל",false,,119.00,0.1700,true,1,2323229
5000267116303,false,ג'וני ווקר דאבל בלאק,אלכוהול (איי.בי.בי),,ג'וני ווקר דאבל בלאק,מיליליטרים,700.00,"100 מ""ל",false,,144.90,0.2070,true,1,2323230
5000281040899,false,רום קפטן מורגן ווייט,קפטן מורגן Captain Morgan,,קפטן מורגן וויט 700,מיליליטרים,700.00,"100 מ""ל",false,,99.90,0.1427,true,1,2441040
5000299225004,false,וויסקי שיבאס רגאל 18,מזקקת האחים שיבאס,,וויסקי שיבאס רגאל 18,מיליליטרים,750.00,"100 מ""ל",false,,239.90,0.3199,true,1,1860157
5000299609347,false,וויסקי גלנליווט Glenlivet,גורג וגיי גי סמית,GB,ווסקי גלנליווט פאונד,מיליליטרים,700.00,"100 מ""ל",false,,149.90,0.2141,true,1,1661753
5000329002193,false,משקה ג'ין ביפאיטר 70,ג'יימס בורו,,משקה ג'ין ביפאיטר 70,מיליליטרים,700.00,"100 מ""ל",false,,89.90,0.1284,true,1,1397309
5000394002562,false,סוללות דורסל AA4,,,סוללות דורסל AA4,יחידה,0.00,יחידה,false,,16.90,0.0000,true,1,1510442
5000394002692,false,סוללות דורסל AAA4,,,סוללות דורסל AAA4,יח',4.00,יח',false,,16.90,4.2250,true,1,1510443
5000394017641,false,סוללות דורסל רביעייה,דורסל Duracell,,סוללות דורסל AA4 פלו,יח',4.00,יח',false,,16.90,4.2250,true,1,1477424
5000394018457,false,סוללות דורסל רביעיה,,,סוללות דורסל AAA4 פל,יח',4.00,יח',false,,16.90,4.2250,true,1,1477427
5000394018549,false,דורסל שמיניות AAA פל,,,8 סוללות דורסל AAA פ,יח',8.00,יח',false,,19.90,2.4875,true,1,1477428
5000394019089,false,סוללה פלוס פאוור 2 יחידות C דורסל,דורסל Duracell,US,2 סוללות C פלוס פאוו,יח',2.00,יח',false,,22.90,11.4500,true,1,1477430
5000394019171,false,סוללה פלוס פאוור 2 יחידות D דורסל,דורסל Duracell,US,2 סוללות D דורסל פלו,יח',2.00,יח',false,,22.90,11.4500,true,1,1477431
5000394105485,false,סוללות 9V פלוס פאוור,יוליניבר,MY,סוללות 9V פלוס פאוור,יח',1.00,יח',false,,22.90,22.9000,true,1,1477432
5000394137486,false,רביעיות סוללות אופטימום AA דורסל,דורסל Duracell,,סוללות דורסל רביעיות,יח',4.00,יח',false,,16.90,4.2250,true,1,2500671
5000394137516,false,רביעיות סוללות אופטימום AAA דורסל,דורסל Duracell,,סוללות דורסל רביעיות,יח',4.00,יח',false,,16.90,4.2250,true,1,2500672
5000394140851,false,דורסל רביעיות AA פלוס פאוור 100%,Unknown,,סוללות דורסל AA4 פלו,יח',4.00,יח',false,,10.00,2.5000,true,1,2493147
5000394140899,false,סוללות AA דורסל פלוס - 8 יח',דורסל Duracell,,סוללות דורסל שמיניות,יח',8.00,יח',false,,19.90,2.4875,true,1,2500663
5000394140967,false,סוללות דורסל תריסר A,,,סוללות דורסל תריסר A,יח',12.00,יח',false,,30.90,2.5750,true,1,2500664
5000394141179,false,סוללות AAA דורסל פלוס - 8 יח',דורסל Duracell,,סוללות דורסל שמיניות,יח',8.00,יח',false,,19.90,2.4875,true,1,2500665
5000394141230,false,סוללות AAA דורסל פלוס - 12 יח',דורסל Duracell,,סוללות דורסל תריסר A,יח',12.00,יח',false,,30.90,2.5750,true,1,2500673
5000394142190,false,סוללות דורסל 9V פלוס,דורסל Duracell,,סוללות 9V פלוס פאוור,יח',1.00,יח',false,,20.90,20.9000,true,1,2528339
5000394203884,false,דורסל ליתיום 2016,דורסל Duracell,,דורסל ליתיום 2016,יח',2.00,יח',false,,14.90,7.4500,true,1,2411753
5000394203907,false,זוג סוללות דורסל לית,דורסל Duracell,,דורסל זוג סוללות לית,יח',2.00,יח',false,,14.90,7.4500,true,1,2411754
5000394203921,false,זוג סוללות ליתיום 2032 דורסל,דורסל Duracell,,דורסל זוג סוללות לית,יח',2.00,יח',false,,14.90,7.4500,true,1,2383522
5000396037531,false,מקוויטיס ביסקוויט מצופה שוקולד חלב 200 ג',ברנדס סרטרה נשיונל,,ביסקוויט מקוויטיס מצ,גרמים,200.00,100 גרם,false,,12.90,0.0645,true,1,1820542
5000396037548,false,ביסקוויט מקוויטיס מצופה שוקולד מריר 200 גר',ברנדס סרטרה נשיונל,,ביסקוויט מקוויטיס מצ,גרמים,200.00,100 גרם,false,,12.90,0.0645,true,1,1820543
5000396037944,false,מקוויטיס ביסקוויט אורגינל 250 גרם,ברנדס סרטרה נשיונל,,ביסקוויט מקוויטיס קל,גרמים,250.00,100 גרם,false,,10.90,0.0436,true,1,1820545
5010026515919,false,מורנפלייק מוזלי נאטי 650 גרם,מורנפלייק Mornflake,,מוזלי קריספי נאטי 65,גרמים,650.00,100 גרם,false,,23.90,0.0368,true,1,2507299
5010026515933,false,מורנפלייק מוזלי פירות ואגוזים 750 גרם,,,מוזלי קריספי פירות ו,גרמים,750.00,100 גרם,false,,23.90,0.0319,true,1,2507300
5010026515940,false,מורנפלייק מוזלי פרוטי 750 גרם,מורנפלייק Mornflake,,מוזלי קריספי פרוטי 7,גרמים,750.00,100 גרם,false,,23.90,0.0319,true,1,2507301
5010026519368,false,מורנפלייק שיבולת שועל 500 גרם שקית,,,קווקר שיבולת שועל.,גרמים,500.00,100 גרם,false,,7.90,0.0158,true,1,2433153
5010029000252,false,דיגני בריאות וויטביק,וויטביקס,GB,דיגני בריאות וויטביק,גרמים,430.00,100 גרם,false,,22.90,0.0533,true,1,1754836
5010029222005,false,דגני בוקר וויטביקס פ,,,דגני בוקר וויטביקס פ,גרמים,440.00,100 גרם,false,,24.90,0.0566,true,1,2477606
5010038454831,false,בירה בלו מון בקבוק 3,בלו מון ברווינז קומפ,,בירה בלו מון.,מיליליטרים,355.00,"100 מ""ל",false,,9.90,0.0279,true,1,2378319
5010067322453,false,תחליף אבקת סוכר 280 ג' טרוביה,טרוביה Truvia,,טרוביה תחליף אבקת סו,גרמים,280.00,100 גרם,false,,24.90,0.0889,true,1,2543490
5010103800259,false,וויסקי גיי אנד בי.,גסטוריני אנד ברוקס,,וויסקי גיי אנד בי.,מיליליטרים,700.00,"100 מ""ל",false,,75.90,0.1084,true,1,1352601
5010106111956,false,וויסקי בלנטיין Ballantines,בלנטיינ'ס Ballantines,US,וויסקי בלנטיינס 1.לי,ליטרים,1.00,ליטר,false,,109.90,109.9000,true,1,1323976
5010182996799,false,ג'ל אסלה מנטרל ריחות בניחוח פרחי בר ורודים,דאופלור אס.פי.אי איט,IT,דאק ג'ל אסלה פרחי בר ורוד,מיליליטרים,55.00,"100 מ""ל",false,,9.90,0.1800,true,1,1353319
5010182997253,false,"רייד ארוסול קוטל ג''וקים - 300 מ""ל",אס.סי.ג'ונסון מידרכט,NL,"RAIDקוטל ג'וקים 300מ""ל",מיליליטרים,300.00,"100 מ""ל",false,,15.90,0.0530,true,1,1353321
5010182997338,false,"טואלט דאק ג'ל אסלה ניחוח רענן 55 מ""ל","איטיליאן פוד, אס.פי.",IT,ט.ד ג'ל אסלה ניחוח רענן י,מיליליטרים,55.00,"100 מ""ל",false,,9.90,0.1800,true,1,1353322
5010182997918,false,"טואלט דאק ג'ל אסלה בניחוח ים 55 מ""ל","איטיליאן פוד, אס.פי.",IT,ט.ד ג'ל אסלה ניחוח ים כחו,מיליליטרים,55.00,"100 מ""ל",false,,9.90,0.1800,true,1,1353326
5010182998847,false,"טואלט דאק נוזל לאסלה כחול 750 מ""ל",מיוצר עי קונדיטוריית,NL,"טואלט דאק נוזל כחול 750מ""",מיליליטרים,750.00,"100 מ""ל",false,,12.90,0.0172,true,1,1353327
5010182998861,false,"טואלט דאק נוזל לאסלה ירוק 750 מ""ל",מיוצר עי קונדיטוריית,NL,"טואלט דאק נוזל ירוק 750מ""",מיליליטרים,750.00,"100 מ""ל",false,,12.90,0.0172,true,1,1353328
5010265002836,false,פת פריכה ריביטה אורג,,,פת פריכ ה אורגינל 25,גרמים,250.00,100 גרם,false,,12.90,0.0516,true,1,1486217
5010265002911,false,פת פריכה ריביטה מקמח,,,פת פריכה מקמח שיפון,גרמים,250.00,100 גרם,false,,12.90,0.0516,true,1,2411665
5010327000046,false,וויסקי גרנט'ס סקוטי,"איי, בי, אינבוו",,וויסקי גראנטס.,מיליליטרים,700.00,"100 מ""ל",false,,74.90,0.1070,true,1,1333846
5010327105215,false,וויסקי מאנקי שולדר Monkey Shoulder,וויליאם גרנט ובניו,GB,מונקי שולדר וויסקי.,מיליליטרים,700.00,"100 מ""ל",false,,129.90,0.1856,true,1,1333848
5010327205182,false,וויסקי גרנטס.,,,וויסקי גרנטס.,מיליליטרים,700.00,"100 מ""ל",false,,99.00,0.1414,true,1,2388303
5010327324333,false,ויסקי גלנפידיך סינגל,,,וויסקי גלנפידיך,מיליליטרים,700.00,"100 מ""ל",false,,189.00,0.2700,true,1,2379162
5010327399614,false,ויסקי גלנפידיך 12 שנ,ויליאם גראנט,GB,גלנפידיך 12 אמריקן,מיליליטרים,750.00,"100 מ""ל",false,,149.00,0.1987,true,1,2520868
5010478482814,false,"סוכריות מטלוס פירות 1 ק""ג בשקית",,,"סוכריות פירות 1 ק""ג",גרמים,1000.00,100 גרם,false,,39.90,0.0399,true,1,2316813
5010478484818,false,"סוכריות מטלוס מנטה 1 ק""ג בשקית",,,"סוכריות מנטה 1 ק""ג",גרמים,1000.00,100 גרם,false,,39.90,0.0399,true,1,2316814
5010494506303,false,וויסקי גלן מוריי Glen Moray,,,וויסקי גלן מוריי 12,מיליליטרים,700.00,"100 מ""ל",false,,129.00,0.1843,true,1,1879328
5010494508307,false,וויסקי גלן מוריי 7 ש,,,וויסקי גלן מוריי 7 ש,מיליליטרים,700.00,"100 מ""ל",false,,99.00,0.1414,true,1,1879497
5010496004494,false,וויסקי באומור,,,וויסקי באומור,מיליליטרים,700.00,"100 מ""ל",false,,129.90,0.1856,true,1,2018454
5010622005012,false,חוט דנטלי אסנשייאל ללא שעווה 50 מטר,פרוקטר אנד גמבל,MX,חוט דנטלי אסנשייאל ללא שע,מטרים,50.00,מטר,false,,15.90,0.3180,true,1,1307430
5010622018258,false,אוראל בי חוט דנטלי ס,אורל בי Oral B,,אוראל בי חוט דנטלי ס,מטרים,25.00,מטר,false,,18.90,0.7560,true,1,1307434
5010677551281,false,"בקרדי בריזר לימון 275 מ""ל",בקרדי בריזר Bacardi Breezer,BE,בקרדי בריזר-לימון 27,מיליליטרים,275.00,"100 מ""ל",false,,12.90,0.0469,true,1,1323979
5010677551397,false,"בקרדי בריזר ליים 275 מ""ל בקבוק",בקרדי בריזר Bacardi Breezer,BE,בקרדי בריזר-לימון לי,מיליליטרים,275.00,"100 מ""ל",false,,12.90,0.0469,true,1,1323980
5010677552387,false,"בקרדי בריזר אננס 275 מ""ל בקבוק",בקרדי בריזר Bacardi Breezer,BE,בקרדי בריזר-אננס 275,מיליליטרים,275.00,"100 מ""ל",false,,12.90,0.0469,true,1,1323981
5010677554398,false,"בקרדי בריזר אבטיח 275 מ""ל בקבוק",בקרדי בריזר Bacardi Breezer,BE,בקרדי בריזר-אבטיח 27,מיליליטרים,275.00,"100 מ""ל",false,,12.90,0.0469,true,1,1323982
5010677714006,false,גין בומביי ספייר 700,בומביי ספיריטס,ES,ג'ין בומביי ספייר,מיליליטרים,700.00,"100 מ""ל",false,,119.90,0.1713,true,1,1878528
5010677850100,false,וודקה גריי גוס בקבוק,בקרדי מרטיני,FR,וודקה גריי גוס 700 מ,מיליליטרים,700.00,"100 מ""ל",false,,104.90,0.1499,true,1,2290093
5010724526798,false,שמפו יבש בניחוח דובדבן,בטיסט Batiste,,שמפו יבש בניחוח דובד,מיליליטרים,200.00,"100 מ""ל",false,,24.90,0.1245,true,1,1675680
5010724527375,false,שמפו יבש בניחוח פריחה אביבית,בטיסט Batiste,,שמפו יבש בניחוח פריח,מיליליטרים,200.00,"100 מ""ל",false,,24.90,0.1245,true,1,1675739
5010724527481,false,שמפו יבש בניחוח קלאסי,בטיסט Batiste,,שמפו יבש בניחוח קלאס,מיליליטרים,200.00,"100 מ""ל",false,,24.90,0.1245,true,1,1675681
5010762010587,false,קערה 0.5 לי Pyrex Gl,,,קערה 0.5 לי Pyrex Gl,יחידה,0.00,יחידה,false,,19.90,0.0000,true,1,2495562
5010762010594,false,קערה 1.0 לי Pyrex Gl,,,קערה 1.0 לי Pyrex Gl,יחידה,0.00,יחידה,false,,24.90,0.0000,true,1,2495563
5011007003227,false,ויסקי גיימסון 1 ליטר,אייריש דיסטלריז,,וויסקי ג'ימסון 1 ליט,ליטרים,1.00,ליטר,false,,119.90,119.9000,true,1,1361680
5011026108033,false,וויסקי אירי טולמור דיו,פארייפאבה אגרואינדוס,IE,וויסקי אירי טולמור 7,מיליליטרים,700.00,"100 מ""ל",false,,84.90,0.1213,true,1,1333855
5011157630281,false,אורז לבן ארוך בסמטי טילדה Tilda,טילדה Tilda,GB,טילדה אורז בסמטי 1 קג,קילוגרמים,1.00,"ק""ג",false,,21.90,21.9000,true,1,1338856
5011157730271,false,אורז יסמין לבן ארוך טילדה,טילדה Tilda,,"אורז יסמין טילדה 1ק""",קילוגרמים,1.00,"ק""ג",false,,19.90,19.9000,true,1,2516541
5011166056508,false,ג'ין וויטלי ניל רובר,,,ג'ין וויטלי ניל רובר,מיליליטרים,700.00,"100 מ""ל",false,,129.00,0.1843,true,1,2546603
5011166057093,false,ג'ין וויטלי ניל תפוז,,,ג'ין וויטלי ניל תפוז,מיליליטרים,700.00,"100 מ""ל",false,,128.90,0.1841,true,1,2546604
5011166057109,false,ג'ין וויטלי ניל למונ,,,ג'ין וויטלי ניל למונ,מיליליטרים,700.00,"100 מ""ל",false,,129.00,0.1843,true,1,2546605
5011166062394,false,ג'ין ג'יי ג'יי וויטל,,,ג'ין ג'יי ג'יי וויטל,ליטרים,1.00,ליטר,false,,109.90,109.9000,true,1,2407289
5011408017526,false,אלנט ספריי לשיער חזק,,,אלנט ספריי לשיער חזק,מיליליטרים,200.00,"100 מ""ל",false,,24.90,0.1245,true,1,1300790
5011408027990,false,ספרי עיצוב חזק מאוד לשיער Elnett,לוריאל Loreal,,ספריי לשיער אלנט חזק,מיליליטרים,400.00,"100 מ""ל",false,,29.90,0.0747,true,1,1300792
5011408028034,false,ספרי עיצוב חזק לשיער Elnett,לוריאל Loreal,,ספריי לשיער אלנט לשי,מיליליטרים,400.00,"100 מ""ל",false,,29.90,0.0747,true,1,1300793
5011408040791,false,לוריאל - דרמו רויטליפט קלאסי לילה,KARLSRUHE GERMANY,DE,דרמו רויטליפט קרם לילה,יחידה,0.00,יחידה,false,,69.90,0.0000,true,1,1300796
5011417552247,false,"אירוויק מבשם אוויר נטל גז בניחוח פשתן ופרחי לילך 345מ""ל",איירוויק Air Wick,PL,איירויק אקווה מיסט פשתן ו,מיליליטרים,345.00,"100 מ""ל",false,,19.90,0.0577,true,1,1309363
5011417554760,false,מבשם אוויר נטול גז אקווה מיסט בניחוח ורדים ואורכידאה,איירוויק Air Wick,PL,אקווה מיסט ורדים,מיליליטרים,345.00,"100 מ""ל",false,,19.90,0.0577,true,1,1309364
5013931015741,false,דיש מטיק - ידית הפלא לשטיפת כלים,דישמטיק Dish matic,,ידית הפלא לשטיפת כלי,יחידה,0.00,יחידה,false,,19.90,0.0000,true,1,2409066
5013931015758,false,דיש מטיק - ספוגי החלפה מארז 3 יחידות,דישמטיק Dish matic,,מארז 3 יח ספוג החלפה,יח',3.00,יח',false,,19.90,6.6333,true,1,2409067
5013931015802,false,מארז 3 יח ספוג החלפה,,,מארז 3 יח ספוג החלפה,יח',3.00,יח',false,,19.90,6.6333,true,1,2507501
5013931015819,false,מארז כריות פלדה דיש,דישמטיק Dish matic,,מארז כריות פלדה דיש,יח',2.00,יח',false,,19.90,9.9500,true,1,2436371
5013931016359,false,דיש מטיק - ספוגי החלפה לניקוי קשה מארז 3 יחידות,,,מארז 3 יח ספוג החלפה,יח',3.00,יח',false,,19.90,6.6333,true,1,2507502
5013965850455,false,מי פה פרו אקספרט 250,,,מי פה פרו אקספרט 250,מיליליטרים,250.00,"100 מ""ל",false,,8.90,0.0356,true,1,2411755
5013965948428,false,משחת שיניים פרו אקספרט לניקוי יסודי מנטה מעודן,אורל בי Oral B,,משחת שיניים אוראל בי,מיליליטרים,75.00,"100 מ""ל",false,,9.90,0.1320,true,1,2376875
5013965953354,false,"משחת שיניים אורל בי 123 פרש 100 מ""ל",פרוקטר אנד גמבל,,משחת שיניים אוראל בי,מיליליטרים,100.00,"100 מ""ל",false,,10.90,0.1090,true,1,2096811
5014271001210,false,מעדן פרי סנדלפור 4 פ,סנדלפור St.dalfour,FR,מעדן פרי סנדלפור 4 פ,גרמים,500.00,100 גרם,false,,24.90,0.0498,true,1,2403138
5014271001227,false,מעדן פרי סנדלפור משמ,סנדלפור St.dalfour,FR,מעדן פרי סנדלפור משמ,גרמים,500.00,100 גרם,false,,24.90,0.0498,true,1,2403139
5014271001234,false,מעדן פרי דובדבנים שחורים,סנדלפור St.dalfour,FR,מעדן פרי סנדלפור דוב,גרמים,500.00,100 גרם,false,,24.90,0.0498,true,1,2403140
5014271001241,false,מעדן פרי סנדלפור תות,סנדלפור St.dalfour,FR,מעדן פרי סנדלפור תות,גרמים,500.00,100 גרם,false,,24.90,0.0498,true,1,2403141
5014271002675,false,מעדן פרי תפוח וקינמון,סנדלפור St.dalfour,FR,מעדן תפוח וקינמון,גרמים,284.00,100 גרם,false,,16.90,0.0595,true,1,2310675
5014271002767,false,"מעדן סנט דלפור מנגו ופסיפלורה לל""ס 284ג'",סאנטדלפור,FR,מעדן פרי מנגו ופסיפל,גרמים,284.00,100 גרם,false,,16.90,0.0595,true,1,2354727
5014271300429,false,סן דלפו מעדן משמש ללא סוכר 284גר,סנדלפור St.dalfour,FR,מעדן ריבת משמש 284 גרם,גרמים,284.00,100 גרם,false,,16.90,0.0595,true,1,1329589
5014271310428,false,סן דלפו מעדן דבדבן שחור ללא סוכ 284 ג',המאפיה של הרמן,FR,מעדן ריבת דובדבנים 284 גר,גרמים,284.00,100 גרם,false,,16.90,0.0595,true,1,1329590
5014271330426,false,"מעדן סנט דלפור אוכמניות לל""ס 284ג'",סנדלפור St.dalfour,FR,מעדן ריבת אוכמניות 284 גר,גרמים,284.00,100 גרם,false,,16.90,0.0595,true,1,1329591
5014271350424,false,מעדן ארבע פירות סאנת דלפור 284 ג',המאפיה של הרמן,FR,מעדן ריבת פירות 284 גרם,גרמים,284.00,100 גרם,false,,16.90,0.0595,true,1,1329592
5014271360423,false,סן דלפו מעדן תפוז ללא סוכר 284 ג',המאפיה של הרמן,FR,מעדן ריבת תפוז 284 גרם,גרמים,284.00,100 גרם,false,,16.90,0.0595,true,1,1329593
5014271370422,false,סן דלפו מעדן אפרסק ללא סוכר 284גר,סנדלפור St.dalfour,FR,מעדן ריבת אפרסק 284 גרם,גרמים,284.00,100 גרם,false,,16.90,0.0595,true,1,1329594
5014271400426,false,סן דלפו מעדן תות שדה ללא סוכר 284 ג',המאפיה של הרמן,FR,מעדן ריבת תות שדה 284 גרם,גרמים,284.00,100 גרם,false,,16.90,0.0595,true,1,1329597
5017371155197,false,"בלונס - שמן קקאו לפנים ולגוף 50 מ""ל",,,שמן קקאו לפנים ולגוף,מיליליטרים,50.00,"100 מ""ל",false,,29.90,0.5980,true,1,2473721
5024546356600,false,ויסקי סקוטי גרנד מאק,,,וויסקי גרנד.,מיליליטרים,700.00,"100 מ""ל",false,,79.90,0.1141,true,1,2413827
5024546366630,false,ויסקי סקוטש לאודרס 1,אגדת,IL,ויסקי לאודרס,ליטרים,1.00,ליטר,false,,99.90,99.9000,true,1,2413812
5026489483955,false,איט ריל חטיף על בסיס,קופרש סנק פודס,GB,חטיף חומוס סיסולט 45,גרמים,45.00,100 גרם,false,,7.90,0.1756,true,1,2384207
5026489483993,false,איט ריל חטיף על בסיס,קופרש סנק פודס,GB,חטיף עדשים סיסולט 40,גרמים,40.00,100 גרם,false,,7.90,0.1975,true,1,2384208
5026489484006,false,איט ריל חטיף על בסיס,לקסמי אנד סונס סי/אי,GB,חטיף עדשים טומטו 40,גרמים,40.00,100 גרם,false,,7.90,0.1975,true,1,2384209
5026489484778,false,חטיף קינואה טומטו 30,,,חטיף קינואה טומטו 30,גרמים,30.00,100 גרם,false,,7.90,0.2633,true,1,2384211
5026489484785,false,איט ריל חטיף על בסיס,קופרש סנק פודס,GB,חטיף קינואה ס.קרים 3,גרמים,30.00,100 גרם,false,,7.90,0.2633,true,1,2473659
5029053002408,false,נייר טואלט קלינקס פרימיום לבן - מארז 9 גלילים,קימברלי קלארק ישראל,IL,נייר טואלט קלינקס לב,מטרים,30.70,מטר,false,,35.90,1.1694,true,1,1323579
5029053002439,false,נייר טואלט קלינקס פרימיום צהוב - מארז 9 גלילים,חוגלה קימברלי,,נייר טואלט קלינקס צה,מטרים,30.70,מטר,false,,35.90,1.1694,true,1,1323580
5029053527574,false,תחתוני ספיגה לילדים Drynites בנים לגילאי 4-7,האגיס Huggies,CZ,דרייניטס בנים M,יח',10.00,יח',false,,35.90,3.5900,true,1,1323586
5029053527598,false,האגיס דריי נייטס 15-8 בנים 9יח,KC Czech,CZ,דרייניטס בנים L,יח',9.00,יח',false,,35.90,3.9889,true,1,1323588
5029053527604,false,תחתוני ספיגה לילדים Drynites בנות לגילאי 8-15,האגיס Huggies,CZ,דרייניטס בנות L,יח',9.00,יח',false,,35.90,3.9889,true,1,1323589
5029053538426,false,"ליטל סווימרס 12-18 L ק""ג 11 יח' האגיס",חוגלה קימברלי,CZ,ליטל סווימרס L 8kg,יח',11.00,יח',false,,29.90,2.7182,true,1,1323600
5032678004870,false,טוניק קלאסי,,,טוניק קלאסי,מיליליטרים,200.00,"100 מ""ל",false,,7.90,0.0395,true,1,2441284
5032678004979,false,טוניק קלאסי דל קלורי,,,טוניק קלאסי דל קלורי,מיליליטרים,200.00,"100 מ""ל",false,,7.90,0.0395,true,1,2441285
5032678006553,false,טוניק אשכולית אדומה,,,טוניק אשכולית אדומה,מיליליטרים,200.00,"100 מ""ל",false,,7.90,0.0395,true,1,2441286
5035766044673,false,"סיידר תפוחים סטרונגבאו 330 מ""ל בקבוק",סטרונגבאו Strongbow,BE,סיידר תפוחים סטרונגב,מיליליטרים,330.00,"100 מ""ל",false,,7.90,0.0239,true,1,1323984
5035766060253,false,מרפיס אייריש סטאוט פ,מרפיס Murphys,,"בירה מרפיס 500 מ""ל.",מיליליטרים,500.00,"100 מ""ל",false,,14.90,0.0298,true,1,1323986
5050083559761,false,קלוגס קוקו פופס שוקו 500ג',קלוגס מניופקטורינג א,ES,קורנפלקס קוקו פופס ש,גרמים,500.00,100 גרם,false,,16.90,0.0338,true,1,1306899
5050974505259,false,פת פריכה קמח שיפון מלא עם גרעינים ודגנים קלויים,רייויטה Ryvita,,פת פריכה עם גרעינים,גרמים,250.00,100 גרם,false,,12.90,0.0516,true,1,2423072
5050974505297,false,פת פריכה קמח שיפון מלא ושומשום,רייויטה Ryvita,,פת פריכה עם שומשום 2,גרמים,250.00,100 גרם,false,,12.90,0.0516,true,1,2423078
5053827193368,false,קלוגס אול בראון פלקס 500ג',קלוגס Kellogg's,,קלוגס ברנפלקס 500 גר,גרמים,500.00,100 גרם,false,,22.90,0.0458,true,1,2187806
5053827213998,false,דגני קלוגס ספיישל קי,קריות זול,,קלוגס ספיישל קיי 375,גרמים,375.00,100 גרם,false,,18.90,0.0504,true,1,2540819
5053827215862,false,קלוגס קוקו פופס שוקו 500ג',קלוגס Kellogg's,GB,קורנפלקס קוקו פופס ש,גרמים,500.00,100 גרם,false,,16.90,0.0338,true,1,2405762
5056357900925,false,סניקרס חטיף חלבון חמאת בוטנים,מרס נדרלנד,US,סניקרס חמאת בוטנים ח,גרמים,57.00,100 גרם,false,,16.90,0.2965,true,1,2525106
5056357901427,false,חטיף חלבון m&m בטעם שוקולד,מארס,GB,אם אנד אם שוקולד חטי,גרמים,51.00,100 גרם,false,,16.90,0.3314,true,1,2525098
5056357903834,false,באונטי מעושר בחלבון 52 גרם,מארס יורק אנגליה,GB,באונטי חטיף חלבון,גרמים,55.00,100 גרם,false,,16.90,0.3073,true,1,2534903
5056357904428,false,סניקרס קריספי חטיף ח,,,סניקרס קריספי חטיף ח,גרמים,55.00,100 גרם,false,,16.90,0.3073,true,1,2525108
5056357906323,false,אם אנד אם קריספי חטי,,,אם אנד אם קריספי חטי,גרמים,52.00,100 גרם,false,,16.90,0.3250,true,1,2525100
5056357906781,false,סניקרס בראוניז חטיף,,,סניקרס בראוניז חטיף,גרמים,50.00,100 גרם,false,,16.90,0.3380,true,1,2525109
5059001003713,false,איירוויק - מקלות ריחניים בניחוח תאנה ופירות יער,,,מקלות ריחניים תאנה ו,מיליליטרים,30.00,"100 מ""ל",false,,14.90,0.4967,true,1,2540041
5060045588104,false,ויסקי גים בים דבש כש,בים סנטורי,,ווסקי ג'ים בים דבש,מיליליטרים,700.00,"100 מ""ל",false,,79.00,0.1129,true,1,1842213
5060319120078,false,הייר ליבינג - סוויט,,,תה סוויט דרימס - 40,גרמים,40.00,100 גרם,false,,16.90,0.4225,true,1,1486065
5060319120108,false,תה ארל גריי - הייר ל,,,תה ארל גריי - הייר ל,גרמים,45.00,100 גרם,false,,16.90,0.3756,true,1,1487036
5060319120115,false,תה ירוק 50 גרם הייר,,,תה ירוק 50 גרם הייר,גרמים,50.00,100 גרם,false,,16.90,0.3380,true,1,1504887
5060319120153,false,הייר ליבינג - קמומיל,,,תה קמומיל ונילה 30 ג,גרמים,30.00,100 גרם,false,,16.90,0.5633,true,1,1486066
5060319129286,false,תה לבן אורגני - הייר,,,תה לבן אורגני - הייר,גרמים,35.00,100 גרם,false,,16.90,0.4829,true,1,1486154
5060319129309,false,תה ירוק לימון אורגני,,,תה ירוק לימון אורגני,גרמים,40.00,100 גרם,false,,16.90,0.4225,true,1,1486156
5060319129491,false,חליטת כורכום אורגני,,,חליטת כורכום אורגני,גרמים,30.00,100 גרם,false,,16.90,0.5633,true,1,1486157
5060402908248,false,סניקרס מועשר חלבון 12x55g,מרס נדרלנד,US,סניקרס חטיף חלבון,גרמים,55.00,100 גרם,false,,16.90,0.3073,true,1,2525110
5060402908286,false,מרס מועשר חלבון 12x59g,מרס נדרלנד,US,מארס חטיף חלבון,גרמים,59.00,100 גרם,false,,16.90,0.2864,true,1,2525111
5060402909542,false,מרס חטיף חלבון קרמל מלוח 12x59g,מרס נדרלנד,US,מארס קרמל מלוח חטיף,גרמים,55.00,100 גרם,false,,16.90,0.3073,true,1,2525112
5060517886486,false,"משקה אנרגיה מונסטר פח 500 מ""ל",מונסטר אנרג'י Monster Energy,RU,מונסטר אנרג'י פח 500,מיליליטרים,500.00,"100 מ""ל",false,,8.90,0.0178,true,1,2387721
5060517886516,false,"משקה אנרגיה מונסטר זירו פח 500 מ""ל",מונסטר אנרג'י Monster Energy,RU,מונסטר אנרג'י זירו פ,מיליליטרים,500.00,"100 מ""ל",false,,8.90,0.0178,true,1,2387722
5060639128051,false,"משקה אנרגיה מונסטר אולטרה פחית 500 מ""ל",מונסטר אנרג'י Monster Energy,RS,מונסטר אולטרה פח 500,מיליליטרים,500.00,"100 מ""ל",false,,8.90,0.0178,true,1,2413015
5060639129102,false,"משקה אנרגיה מונסטר מנגו פח 500 מ""ל",מונסטר אנרג'י Monster Energy,RS,מונסטר אנרג'י פח 500,מיליליטרים,500.00,"100 מ""ל",false,,8.90,0.0178,true,1,2436042
5060751218173,false,"משקה אנרגיה מונסטר Pipline punch פח 500 מ""ל",Monster energy סרביה,IE,מונסטר PIPLINE PUNCH,מיליליטרים,500.00,"100 מ""ל",false,,8.90,0.0178,true,1,2514011
5060751219033,false,"משקה אנרגיה מונסטר ULTRA PARADISE פח 500 מ""ל",Monster energy סרביה,IE,מונסטר ZERO PARADISE,מיליליטרים,500.00,"100 מ""ל",false,,8.90,0.0178,true,1,2514012
5099864006384,false,סימילאק למהדרין שלב 2 אריזת חיסכון 900 ג.,אבוט מעבדות רפואיות,NL,SIMILAC LAMEHADRIN - 2 90,גרמים,900.00,100 גרם,false,,74.90,0.0832,true,1,1306533
5099864006391,false,סימילאק למהדרין שלב 3 אריזת חיסכון 900 ג,אבוט מעבדות רפואיות,NL,SIMILAC LAMEHADRIN - 3 90,גרמים,900.00,100 גרם,false,,74.90,0.0832,true,1,1306534
5099873017623,false,"גק דניאלס טנסי אפל 700 מ""ל",ג'ק דניאלס Jack Daniel's,BE,ג'ק דניאלס תפוח,מיליליטרים,700.00,"100 מ""ל",false,,99.90,0.1427,true,1,2431797
5099873045855,false,מארז מתכת ויסקי גק ד,בראון,US,מארז גק דניאלס+2 כוס,מיליליטרים,700.00,"100 מ""ל",false,,99.90,0.1427,true,1,2546802
5099873211984,false,ויסקי גק דניאלס פייר,בראון,US,מארז גק דניאלס+כוס,מיליליטרים,700.00,"100 מ""ל",false,,99.90,0.1427,true,1,2422633
5200133120476,false,גלילות וופלים ממולאים קרם אגוזים וקקאו 400 ג',יוניליוור גרמניה Gm,GR,גליליות קרם אגוזים ו,גרמים,400.00,100 גרם,false,,15.90,0.0398,true,1,1947503
5200133120483,false,גלילות וופלים ממולאים קרם וניל,יוניליוור גרמניה Gm,GR,גליליות קרם וניל 400,גרמים,400.00,100 גרם,false,,15.90,0.0398,true,1,1947504
5200133120582,false,גליליות וופל במילוי שוקולד מריר 150 גר',גולדן ברייק Golden break,GR,גליליות וופל במילוי,גרמים,150.00,100 גרם,false,,7.90,0.0527,true,1,2122788
5200133120735,false,גליליות וופלים שוקלד מריר 400 ג',גולדן ברייק,GR,גליליות וופלים שוקול,גרמים,400.00,100 גרם,false,,15.90,0.0398,true,1,2387255
5200133120742,false,גליליות וופלים תות 400 ג',גולדן ברייק,GR,גליליות וופלים תות 4,גרמים,400.00,100 גרם,false,,15.90,0.0398,true,1,2387256
5201004020338,false,קפריס וופל רול ממולא קרם אגוזי לוז 400 ג',פפדופולוס,GR,קפריס רולס קלאסיק 40,גרמים,400.00,100 גרם,false,,19.90,0.0497,true,1,2384212
5201004021328,false,קפריס רולס גלילי וופל במילוי קרם אגוזי לוז וקקאו,אי. ג'יי פאפאדופולוס,GR,קפריס רולס קלאסיק 11,גרמים,115.00,100 גרם,false,,8.90,0.0774,true,1,2384213
5201100872602,false,לוריאל - לוריאל אקסלנס קרם 9.1 עברית/יוונית,,,צבע שיער אקסלנס 9.1,מיליליטרים,180.00,"100 מ""ל",false,,34.90,0.1939,true,1,2384277
5201143734141,false,סאיוס צבע לשיער,,,סאיוס צבע לשיער,יחידה,1.00,יחידה,false,,29.90,29.9000,true,1,1934149
5201178801030,false,"ניוואה רב שימושי 75 מ""ל",ביירסדורף,DE,קרם ניוואה 75מל',גרמים,75.00,100 גרם,false,,14.90,0.1987,true,1,1333744
5201178801047,false,"ניוואה קרם רב שימושי 150מ""ל",ביירסדורף,DE,קרם ניוואה 150מל',מיליליטרים,150.00,"100 מ""ל",false,,15.90,0.1060,true,1,1333745
5201178801054,false,"ניוואה קרם רב שימושי 250מ""ל",טרופיקל דגיל תעשיות,DE,קרם ניוואה 250מל',גרמים,250.00,100 גרם,false,,21.90,0.0876,true,1,1333746
5201184815472,false,צלחות פו,,,צלחות פו,יח',8.00,יח',false,,11.90,1.4875,true,1,1384427
5201246002215,false,בירה פילס היילס Pils Hellas,הלניק בריויריס אוף א,GR,בירה פילס היילס,מיליליטרים,500.00,"100 מ""ל",false,,4.90,0.0098,true,1,2129740
5201347160326,false,"ג'ל למניעת אבנית, 750 מ""ל קלגון",קלגון Calgon,,ג'ל למניעת אבנית 750,מיליליטרים,750.00,"100 מ""ל",false,,29.90,0.0399,true,1,1834193
5201347400545,false,רצועות שעווה מוכנות לשימוש לפנים ולאזורים רגישים,רקיט בנקיזר,FR,ויט רצועות שעווה לפנים,יחידה,0.00,יחידה,false,,29.90,0.0000,true,1,1309374
5201583750411,false,זירו סוכריות ללא סוכר לימון סטיביה,Unknown,GR,סוכריות ZERO לימון 3,גרמים,32.00,100 גרם,false,,6.90,0.2156,true,1,2536874
5201583751111,false,זירו סוכריות ללא סוכר אספרסו,,,סוכריות ZERO קפה 32,גרמים,32.00,100 גרם,false,,6.90,0.2156,true,1,2536881
5201583751418,false,זירו סוכריות ללא סוכר אייס סטיביה,Unknown,GR,סוכריות ZERO אייס 32,גרמים,32.00,100 גרם,false,,6.90,0.2156,true,1,2536882
5201583752118,false,זירו סוכריות ללא סוכר חמאה במילוי שוקולד,Unknown,GR,סוכריות ZERO חמאה שו,גרמים,32.00,100 גרם,false,,6.90,0.2156,true,1,2536883
5201583752217,false,זירו סוכריות ללא סוכר מנטה במילוי שוקולד,Unknown,,סוכריות ZERO מנטה שו,גרמים,32.00,100 גרם,false,,6.90,0.2156,true,1,2536884
5201583752415,false,זירו סוכריות ללא סוכר תפוז במילוי שוקולד,,,סוכריות ZERO תפוז שו,גרמים,32.00,100 גרם,false,,6.90,0.2156,true,1,2536885
5201940010011,false,זיתים שחורים טבעיים בפח 454 גרם,סיוארס אס.איי,GR,זיתים שחורים טבעיים בפח 4,גרמים,454.00,100 גרם,false,,14.90,0.0328,true,1,1308830
5201940010110,false,זיתים שחורים מזן קלמטה בפח 454 ג',סיוארס אס.איי,GR,זיתים שחורים מזן קלמטה בפ,גרמים,454.00,100 גרם,false,,14.90,0.0328,true,1,1308831
5202300014496,false,ספריי לשיער חזק במיוחד וולה פלקס Wella flex,פרוקטר אנד גמבל,DE,ו.פלקס ספריי אקסטרה סטרו,מיליליטרים,250.00,"100 מ""ל",false,,29.90,0.1196,true,1,1307481
5202300042956,false,צבע לשיער קולסטון - 5/5 מהגוני,פרוקטר אנד גמבל,DE,קולסטון 5/5 מהגוני,מיליליטרים,60.00,"100 מ""ל",false,,24.90,0.4150,true,1,1307487
5202300043038,false,צבע לשיער קולסטון- 8/73 בלונד דבש טבעי,פרוקטר אנד גמבל,DE,קולסטון 8/73 בלונד דבש טב,מיליליטרים,60.00,"100 מ""ל",false,,24.90,0.4150,true,1,1307494
5202300043045,false,צבע לשיער קולסטון - 6/73 טבק כהה,פרוקטר אנד גמבל,DE,קולסטון 6/73 טבק כהה,מיליליטרים,60.00,"100 מ""ל",false,,24.90,0.4150,true,1,1307495
5202300043052,false,צבע לשיער קולסטון - 7/75 אגוז בהיר,פרוקטר אנד גמבל,DE,קולסטון 7/75 אגוז בהיר,מיליליטרים,60.00,"100 מ""ל",false,,24.90,0.4150,true,1,1307496
5202300043151,false,צבע לשיער קולסטון - 8/0 בלונד בהיר,פרוקטר אנד גמבל,DE,קולסטון 8/0 בלונד בהיר,מיליליטרים,60.00,"100 מ""ל",false,,24.90,0.4150,true,1,1307499
5202300043168,false,צבע לשיער קולסטון - 7/0 בלונד בינוני,פרוקטר אנד גמבל,DE,קולסטון 7/0 בלונד בינוני,מיליליטרים,60.00,"100 מ""ל",false,,24.90,0.4150,true,1,1307500
5202300043175,false,צבע לשיער קולסטון - 6/0 בלונד כהה,פרוקטר אנד גמבל,DE,קולסטון 6/0 בלונד כהה,מיליליטרים,60.00,"100 מ""ל",false,,24.90,0.4150,true,1,1307501
5202300043182,false,צבע לשיער קולסטון - 5/0 חום בהיר,פרוקטר אנד גמבל,DE,קולסטון 5/0 חום בהיר,מיליליטרים,60.00,"100 מ""ל",false,,24.90,0.4150,true,1,1307502
5202300043205,false,צבע לשיער קולסטון - 3/0 חום כהה,פרוקטר אנד גמבל,DE,קולסטון 3/0 חום כהה,מיליליטרים,60.00,"100 מ""ל",false,,24.90,0.4150,true,1,1307504
5202300043250,false,צבע לשיער קולסטון - 11/1 בלונד אפר בהיר במיוחד,פרוקטר אנד גמבל,DE,קולסטון 11/1 בלונד אפר בה,מיליליטרים,60.00,"100 מ""ל",false,,24.90,0.4150,true,1,1307506
5202300043281,false,צבע לשיער קולסטון - 7/1 בלונד אפרפר בינוני,פרוקטר אנד גמבל,DE,קולסטון 7/1 בלונד אפור בי,מיליליטרים,60.00,"100 מ""ל",false,,24.90,0.4150,true,1,1307509
5202300043403,false,צבע לשיער קולסטון - 5/4 חום ערמוני,פרוקטר אנד גמבל,DE,קולסטון 5/4 חום ערמוני,מיליליטרים,60.00,"100 מ""ל",false,,24.90,0.4150,true,1,1307514
5202300043434,false,צבע לשיער קולסטון - 7/73 בלונד אביב,פרוקטר אנד גמבל,DE,קולסטון 7/73 בלונד אביב,מיליליטרים,60.00,"100 מ""ל",false,,24.90,0.4150,true,1,1307515
5202300043724,false,צבע לשיער קולסטון - 6/75 חום אגוז בינוני,פרוקטר אנד גמבל,DE,קולסטון 6/75 חום אגוז בינ,מיליליטרים,60.00,"100 מ""ל",false,,24.90,0.4150,true,1,1307523
5202390014239,false,גבינה צהובה טבעונית עשבי תיבול ויאו לייף 200 ג',פרוטרופיק סיה.,GR,צהובה טבעונית עשבי ת,גרמים,200.00,100 גרם,false,,21.90,0.1095,true,1,1921170
5202390015618,false,גבינה צהובה טבעונית אורגינל ויאו לייף 200 ג',אריביה אס.אי. 57022,GR,צהובה טבעונית אורגינ,גרמים,200.00,100 גרם,false,,21.90,0.1095,true,1,1398558
5202390016141,false,גבינה מוצרלה צהובה לפיצה טבעונית ויאו לייף 400 ג',פרוטרופיק סיה.,GR,גוש מוצרלה טבעונית,גרמים,400.00,100 גרם,false,,27.90,0.0697,true,1,1398562
5202390016325,false,גבינה צהובה טבעונית בטעם מעושן ויאו לייף 200ג',"אריביה אס.אי., יוון",GR,צהובה טבעונית בטעם מ,גרמים,200.00,100 גרם,false,,21.90,0.1095,true,1,1416920
5202390016967,false,צהובה עם פטריות טבעו,אריביה אס.אי. 57022,GR,צהובה טבעונית עם פיט,גרמים,200.00,100 גרם,false,,21.90,0.1095,true,1,1416921
5202390019319,false,מוצרלה טבעונית מגוררת ויולייף 200ג',קראפט,,מוצרלה טבעונית מגורד,גרמים,200.00,"100 ג""ר",false,,19.90,0.0995,true,1,1968939
5202390020407,false,פטה טבעונית גוש ויולייף 200 ג',פרוטרופיק סיה.,GR,פטה טבעונית גוש,גרמים,200.00,100 גרם,false,,24.90,0.1245,true,1,2440742
5202795080709,false,אוזו מטקסה Ouzo Metaxa,פארייפאבה אגרואינדוס,GR,אוזו מטקסה.,מיליליטרים,700.00,"100 מ""ל",false,,69.90,0.0999,true,1,1333856
5203819013406,false,ארק אוזו מלטמי 700 מ,אגדת,IL,אוזו מלטמי,מיליליטרים,700.00,"100 מ""ל",false,,69.90,0.0999,true,1,2413756
5203819014205,false,ארק אוזו מלטמי 700 מ,אגדת,IL,אוזו מלטמי,מיליליטרים,700.00,"100 מ""ל",false,,69.90,0.0999,true,1,2521793
5206759020701,false,סוכריות ג'לי בטעם פירות Exotic,,,סוכריות גלי אקזוטי 7,גרמים,700.00,100 גרם,false,,14.90,0.0213,true,1,1325510
5207227060472,false,זוג נורות לד 10W לבן,,,זוג נורות לד 10W לבן,יחידה,0.00,יחידה,false,,12.90,0.0000,true,1,2395562
5207227060595,false,שלישיית נורות לד 10W,,,שלישיית נורות לד 10W,יחידה,0.00,יחידה,false,,19.90,0.0000,true,1,2395566
5391523057929,false,סימילאק גולד שלב 1 תרכובת מזון על בסיס חלב,אבוט לבורטיז,IE,סימילאק גולד שלב 1 7,גרמים,700.00,100 גרם,false,,69.90,0.0999,true,1,1932641
5391523057936,false,סימילאק גולד שלב 2 תרכובת מזון על בסיס חלב,אבוט לבורטיז,IE,סימילאק גולד שלב 2 7,גרמים,700.00,100 גרם,false,,69.90,0.0999,true,1,1932642
5391523057943,false,סימילאק גולד שלב 3 תרכובת מזון על בסיס חלב,אבוט לבורטיז,IE,סימילאק גולד שלב 3 7,גרמים,700.00,100 גרם,false,,69.90,0.0999,true,1,1932643
5391523058063,false,סימילאק אדבנס פלוס 1 תרכובת מזון על בסיס חלב,טרופיקל דגיל תעשיות,IE,סימילאק אדוואנס שלב,גרמים,700.00,100 גרם,false,,64.90,0.0927,true,1,1984048
5391523058070,false,סימילאק אדבנס פלוס 3 תרכובת מזון על בסיס חלב,טרופיקל דגיל תעשיות,IE,סימילאק אדוואנס שלב,גרמים,700.00,100 גרם,false,,64.90,0.0927,true,1,1984049
5391523058087,false,סימילאק אדבנס פלוס 2 תרכובת מזון על בסיס חלב,טרופיקל דגיל תעשיות,IE,סימילאק אדוואנס שלב,גרמים,700.00,100 גרם,false,,64.90,0.0927,true,1,1984050
5410076379378,false,אבקת כביסה טייד קולור,טייד Tide,,"טייד קולור 5 ק""ג",קילוגרמים,5.00,"ק""ג",false,,49.90,9.9800,true,1,1307532
5410091648176,false,"פה - דאודורנט רול און לאישה פינק פרדייס 50 מ""ל",הנקל סוד,DE,פה דאודורנט רולאון פינק פ,מיליליטרים,50.00,"100 מ""ל",false,,9.90,0.1980,true,1,1323126
5410091677992,false,"סאיוס - ספריי לשיער לייצוב מקסימלי 400 מ""ל",הנקל סוד,DE,סאיוס ספריי לשיער לייצוב,מיליליטרים,400.00,"100 מ""ל",false,,24.90,0.0622,true,1,1323127
5410091678005,false,"סאיוס - ספריי לשיער ליצירת נפח 400 מ""ל",הנקל סוד,DE,סאיוס ספריי לשיער ליצירת,מיליליטרים,400.00,"100 מ""ל",false,,24.90,0.0622,true,1,1323128
5410091678012,false,"סאיוס - ספריי לשיער לברק 400 מ""ל",הנקל סוד,DE,סאיוס ספריי לשיער לברק וי,מיליליטרים,400.00,"100 מ""ל",false,,24.90,0.0622,true,1,1323129
5410091678043,false,"סאיוס - מוס לשיער מתולתל 250 מ""ל",הנקל סוד,DE,סאיוס מוס לשיער מתולתל 25,מיליליטרים,250.00,"100 מ""ל",false,,19.90,0.0796,true,1,1323130
5410091708948,false,"סאיוס - מוס לשיער קרטין 250 מ""ל",הנקל סוד,DE,סאיוס מוס לשיער קרטין 250,מיליליטרים,250.00,"100 מ""ל",false,,19.90,0.0796,true,1,1323132
5410091708955,false,"סאיוס - ספריי לשיער קרטין 400 מ""ל",הנקל סוד,DE,סאיוס ספריי לשיער קרטין 4,מיליליטרים,400.00,"100 מ""ל",false,,24.90,0.0622,true,1,1323133
5410091733100,false,מוס לשיער סאיוס,,,מוס לשיער סאיוס,מיליליטרים,250.00,"100 מ""ל",false,,19.90,0.0796,true,1,1656699
5410126006087,false,לוטוס עוגיות קרמל 700 גרם,כלורוקס אוקלנד,BE,ביסקפה לוטוס 700 גרם,גרמים,700.00,100 גרם,false,,24.90,0.0356,true,1,1306907
5410126006360,false,לוטוס עוגיות סנדוויץ' במילוי לוטוס 150 גר',לוטוס ביקרי בלגיה נ.,BE,לוטוס עוגיות סנדוויץ,גרמים,150.00,100 גרם,false,,8.90,0.0593,true,1,2484862
5410126106022,false,לוטוס מארז חגים 250X2 גר',לוטוס בייקרי,BE,מארז חג לוטוס 2*250ג,גרמים,500.00,100 גרם,false,,17.90,0.0358,true,1,2433241
5410126106183,false,ביסקוויט קרמל 312גרם 50יח,כלורוקס אוקלנד,BE,ביסקפה לוטוס 312 גרם,גרמים,312.00,100 גרם,false,,17.90,0.0574,true,1,1306910
5410126116953,false,ממרח עוגיות קרמל 400 ג' לוטוס,לוטוס בייקרי בלגיה נ,BE,ממרח קרמל לוטוס 400,גרמים,400.00,100 גרם,false,,18.90,0.0472,true,1,1306911
5410126666038,false,עוגיות לוטוס 18*2 279 גרם,לוטוס ביקרי,BE,ביסקפה לוטוס 276 גרם,גרמים,276.00,100 גרם,false,,12.90,0.0467,true,1,2086398
5410126716016,false,"ביסקוויט בטעם קרמל לוטוס בד""צ 250 ג'",לוטוס ביקרי בלגיה,BE,ביסקפה לוטוס 250 גרם,גרמים,250.00,100 גרם,false,,9.90,0.0396,true,1,1306912
5410126726947,false,ממרח עוגיות לוטוס קראנץ' 380 גרם,לוטוס בייקרי בלגיה נ,BE,ממרח עוגיות לוטוס 38,גרמים,380.00,100 גרם,false,,18.90,0.0497,true,1,1407286
5410173210055,false,קפה טחון וקלוי לפילטר Rombouts,קרלו,BE,קפה רומבוטס קפילטר 1,גרמים,70.00,100 גרם,false,,19.90,0.2843,true,1,1326561
5410228217732,false,פחית בירה סטלה ארטואה,מנדלז סי.אר. פרודקשן,BE,בירה סטלה ארטואה-פחי,מיליליטרים,440.00,"100 מ""ל",false,,12.90,0.0293,true,1,2436297
5410228267515,false,בירה באדוויזר שישייה,באדווייזר Budweiser,,בירה באדוויזר שישייה,ליטרים,1.98,ליטר,false,,29.90,15.1010,true,1,2379165
5410291021991,false,ממרח אגוזי לוז עם קקאו,צ'וקטה Chocketa,,ממרח אגוזי לוז 700 ג,גרמים,700.00,100 גרם,false,,18.90,0.0270,true,1,1456120
5410291022011,false,ממרח אגוזי לוז עם קקאו 350 גרם חלב נכרי,צ'וקטה Chocketa,,ממרח אגוזי לוז צוקטה,גרמים,350.00,100 גרם,false,,10.90,0.0311,true,1,1456114
5410291022738,false,צ'וקטה ממרח חלב ואגוזי לוז עם קקאוי 350ג',צ'וקטה Chocketa,,ממרח אגוזי לוז צוקטה,גרמים,350.00,100 גרם,false,,10.90,0.0311,true,1,1657799
5410291022752,false,ממרח אגוזי לוז עם קקאו 350 גרם ווסטהיים,צ'וקטה Chocketa,,ממרח אגוזי לוז צוקטה,גרמים,350.00,100 גרם,false,,10.90,0.0311,true,1,1507805
5410291022776,false,ממרח אגוזים וקקאו 700 ג' צ'וקטה,צ'וקטה Chocketa,IT,ממרח אגוזי לוז 700 ג,גרמים,700.00,100 גרם,false,,18.90,0.0270,true,1,1507806
5410316983693,false,"אייס סמירנוף בודד 275 מ""ל",סמירנוף אייס Smirnoff ice,IT,סמירנוף אייס בודד,מיליליטרים,275.00,"100 מ""ל",false,,10.90,0.0396,true,1,1335127
5410316994019,false,"וודקה סמירנוף אדום 700מ""ל",דיאג'ו אופריישנס איט,US,"וודקה סמירנוף 700 מ""",מיליליטרים,700.00,"100 מ""ל",false,,54.90,0.0784,true,1,1352612
5410769100081,false,בירה לה שוף בקבוק 33,"איי, בי, אינבוו",BE,"בירה לה שוף 330 מ""ל",ליטרים,330.00,100 ליטר,false,,14.90,0.0452,true,1,1501899
5410769100098,false,בירה לה שוף בק 750 מ,,,"בירה לה שוף 750 מ""ל",ליטרים,750.00,100 ליטר,false,,29.90,0.0399,true,1,1501900
5410769200088,false,בירה מק שוף בקבוק 33,פארייפאבה אגרואינדוס,BE,"בירה מק שוף 330 מ""ל",ליטרים,330.00,100 ליטר,false,,14.90,0.0452,true,1,1501901
5410769200095,false,בירה מק שוף בק 750 מ,,,"בירה מק שוף 750 מ""ל",ליטרים,750.00,100 ליטר,false,,29.90,0.0399,true,1,1501923
5410769400068,false,בירה שוף סוליי 330 מ,,,בירה שוף סוליי 330 מ,מיליליטרים,330.00,"100 מ""ל",false,,14.90,0.0452,true,1,1501926
5410769800554,false,בירה צרי שוף בק 750,,,בירה צ'רי שוף,מיליליטרים,750.00,"100 מ""ל",false,,29.90,0.0399,true,1,2530808
5411188080268,false,משקה סויה אורגני 1 ל' אלפרי,הנסיך- מפעל לייצור ט,BE,אלפרו סויה אורגני 1 ל,ליטרים,1.00,ליטר,false,,14.90,14.9000,true,1,1338857
5411188081852,false,אלפרו משקה סויה בטעם וניל 1 ל',הנסיך- מפעל לייצור ט,BE,אלפרו סויה וניל 1 ליטר *,ליטרים,1.00,ליטר,false,,14.90,14.9000,true,1,1338858
5411188094159,false,מעדן סויה שוקולד בלגי אלפרו 4*125 ג',הנסיך- מפעל לייצור ט,BE,אלפרו מעדן סויה בטעם שוקו,גרמים,500.00,100 גרם,false,,16.90,0.0338,true,1,1338860
5411188094173,false,רביעיה מעדן סויה טעם קרמל 125 ג' אלפרו,אלפרו,BE,מארז 4 מעדן סויה אלפ,גרמים,500.00,100 גרם,false,,16.90,0.0338,true,1,1624610
5411188096108,false,"אלפרו סויה לבישול ואפייה 250 מ""ל",אלפרו C.V.A,BE,"אלפרו לבישול ע""ב סויה 250",מיליליטרים,250.00,"100 מ""ל",false,,7.90,0.0316,true,1,1338861
5411188106159,false,סויה לייט בטעם טבעי 1ל' אלפרו,הנסיך- מפעל לייצור ט,BE,אלפרו סויה לייט בטעם טבעי,ליטרים,1.00,ליטר,false,,13.90,13.9000,true,1,1338864
5411188110835,false,אלפרו חלב סויה שקדים וניל 1ל',הנסיך- מפעל לייצור ט,BE,אלפרו משקה שקדים 1 ליטר,ליטרים,1.00,ליטר,false,,15.90,15.9000,true,1,1338866
5411188112549,false,אלפרו משקה אורז 1 ליטר,הנסיך- מפעל לייצור ט,BE,אלפרו משקה אורז 1 ליטר,ליטרים,1.00,ליטר,false,,15.90,15.9000,true,1,1338869
5411188112709,false,משקה אלפרו שקדים ללא סוכר 1 ליטר,הנסיך- מפעל לייצור ט,BE,אלפרו משקה שקדים ללא סוכר,ליטרים,1.00,ליטר,false,,15.90,15.9000,true,1,1338870
5411188115366,false,אלפרו משקה שיבולת שועל 1 ליטר,הנסיך- מפעל לייצור ט,BE,אלפרו משקה שיבולת שועל 1,ליטרים,1.00,ליטר,false,,15.90,15.9000,true,1,1338872
5411188115434,false,משקה אלפרו בריסטה סויה 1 ליטר,אלפרו Alpro,BE,אלפרו בריסטה סויה 1ל,ליטרים,1.00,ליטר,false,,14.90,14.9000,true,1,2500061
5411188115472,false,אלפרו משקה סויה 1 ליטר,הנסיך- מפעל לייצור ט,BE,אלפרו משקה סויה,ליטרים,1.00,ליטר,false,,13.90,13.9000,true,1,2421036
5411188118732,false,אלפרו חלב משקה קוקוס שקדים 1 ל',הנסיך- מפעל לייצור ט,BE,משקה קוקוס שקדים אלפ,ליטרים,1.00,ליטר,false,,15.90,15.9000,true,1,1406892
5411188120742,false,אלפרו חלב משקה שקדים בטעם וניל 1 ל',הנסיך- מפעל לייצור ט,BE,משקה שקדים בטעם וניל,ליטרים,1.00,ליטר,false,,15.90,15.9000,true,1,1406893
5411188120957,false,"אלפרו תערובת לבישול על בסיס קוקוס 250 מ""ל",אלפרו Alpro,IL,שמנת קוקוס לבישול אל,מיליליטרים,250.00,"100 מ""ל",false,,7.90,0.0316,true,1,1700785
5411188121923,false,"אלפרו משקה סויה סידן מארז 250X3מ""ל",הנסיך- מפעל לייצור ט,BE,אלפרו חלב סויה סידן,מיליליטרים,750.00,"100 מ""ל",false,,13.90,0.0185,true,1,1859910
5411188121978,false,"משקה סויה בטעם שוקולד 3 * 250 מ""ל אלפרו",אלפרו C.V.A,BE,אלפרו חלב סויה סידן,מיליליטרים,750.00,"100 מ""ל",false,,13.90,0.0185,true,1,1813594
5411188122586,false,"אלפרו משקה שקדים 250 מ""ל",אלפרו Alpro,,משקה שקדים אלפרו 250,מיליליטרים,250.00,"100 מ""ל",false,,5.90,0.0236,true,1,1972307
5411188122661,false,אלפרו משקה שקדים לא קלויים ללא תוספת סוכר 1 ל',אלפרו Alpro,,משקה שקדים אלפרו ללא,ליטרים,1.00,ליטר,false,,15.90,15.9000,true,1,1624611
5411188124689,false,משקה שיבולת שועל ללא סוכר 1ל' אלפרו,אלפרו Alpro,BE,אלפרו שיבולת שועל לל,ליטרים,1.00,ליטר,false,,13.90,13.9000,true,1,2429094
5411188126195,false,משקה שקדים אורגני 1 ל' אלפרו,אלפרו Alpro,,משקה שקדים אורגני אל,ליטרים,1.00,ליטר,false,,15.90,15.9000,true,1,2018484
5411188133476,false,אלפרו משקה סויה שוקו עם חלבון 250 ג',אלפרו,BE,משקה אלפרו סויה שוק,מיליליטרים,250.00,"100 מ""ל",false,,6.90,0.0276,true,1,2485998
5411188134985,false,אלפרו 3.5% NOT M*LK שיבולת שועל 1 ליטר בית יוסף,הנסיך- מפעל לייצור ט,BE,משקה אלפרו 3.5% שיב,ליטרים,1.00,ליטר,false,,13.90,13.9000,true,1,2474910
5411188135005,false,אלפרו 1.8% NOT M*LK שיבולת שועל 1 ליטר בית יוסף,הנסיך- מפעל לייצור ט,BE,משקה אלפרו 1.8% שיב,ליטרים,1.00,ליטר,false,,13.90,13.9000,true,1,2474911
5411188300328,false,"אלפרו משקה סויה שוקו 500מ""ל",הנסיך- מפעל לייצור ט,BE,אלפרו סויה שוקו 1 ליטר *,ליטרים,1.00,ליטר,false,,14.90,14.9000,true,1,1338876
5411188513483,false,"משקה סויה לבישול 14% 250 מ""ל אלפרו",אלפרו C.V.A,BE,אלפרו סויה לבישול 14,מיליליטרים,250.00,"100 מ""ל",false,,7.90,0.0316,true,1,2500399
5411188543398,false,משקה סויה ללא סוכר 1 ל' אלפרו,הנסיך- מפעל לייצור ט,BE,אלפרו משקה סויה ללא,ליטרים,1.00,ליטר,false,,13.90,13.9000,true,1,2421040
5411223030081,false,בירה קריק דובדבנים 2,מבשלת לינדמנס,,בירה לינדמנס דובדבן,ליטרים,250.00,100 ליטר,false,,9.90,0.0396,true,1,1501952
5411223100579,false,בירה לינדמנס תפוחים,מבשלת לינדמנס,,בירה לינדמנס תפוחים,ליטרים,250.00,100 ליטר,false,,9.90,0.0396,true,1,2378066
5411223100838,false,בירה לינדמנס אפרסק 2,מבשלת לינדמנס,,בירה לינדמנס אפרסק 2,ליטרים,250.00,100 ליטר,false,,9.90,0.0396,true,1,2378067
5411223100920,false,בירה לינדמנס קריק דו,,,בירה לינדמנס דובדבן,ליטרים,750.00,100 ליטר,false,,29.90,0.0399,true,1,2413355
5411663002846,false,בירה גולדן דראק קווא,Van steenberg,,בירה גולדן דראק 9000,מיליליטרים,330.00,"100 מ""ל",false,,14.90,0.0452,true,1,1507057
5411681014005,false,בירה דובל בקבוק 330,פארייפאבה אגרואינדוס,IL,"בירה דובל 330 מ""ל",ליטרים,330.00,100 ליטר,false,,14.90,0.0452,true,1,1501927
5411681038001,false,בירה מרדסוס טריפל חז,"איי, בי, אינבוו",BE,בירה מרדסו טריפל 330,ליטרים,330.00,100 ליטר,false,,14.90,0.0452,true,1,1501928
5411686700460,false,מארז ליפמנס און דה ר,,,מארז ליפמנס און דה ר,ליטרים,1000.00,100 ליטר,false,,44.90,0.0449,true,1,1910066
5411686700637,false,בירה ליפמנס קריק ברו,אודנרד,,בירה ליפמנס קריק ברו,ליטרים,330.00,100 ליטר,false,,9.90,0.0300,true,1,1501956
5412533002652,false,מסיר כתמים מבגדים,,,מסיר כתמים מבגדים,מיליליטרים,200.00,"100 מ""ל",false,,26.90,0.1345,true,1,2207090
5413149655522,false,"אבקת כביסה שושן צחור 1.25 ק""ג אריאל",פרוקטר אנד גמבל,,"אריאל 1.25 ק""ג שושן",קילוגרמים,1.25,"ק""ג",false,,19.90,15.9200,true,1,1307600
5413149930025,false,אבקת כביסה טייד אלפיין פרש,טייד Tide,,"טייד אלפיין 5 ק""ג",קילוגרמים,5.00,"ק""ג",false,,49.90,9.9800,true,1,1307613
5413216990242,false,בונבוניירה צדפים ממולאים בקרם אגוזים,צ'וקטה Chocketa,,צדפי שוקולד ממולאים,גרמים,250.00,100 גרם,false,,9.90,0.0396,true,1,1408362
5413346259004,false,תיספורת ניטען המילטו,,,תיספורת ניטען המילטו,יחידה,0.00,יחידה,false,,69.90,0.0000,true,1,2538764
5413548040479,false,בונבוניירה רפאלו 240 גרם,קדבורי,PL,שוקולד רפאלו 240 גרם,גרמים,240.00,100 גרם,false,,23.90,0.0996,true,1,1326566
5413548280189,false,קינדר שוקובון 125 גרם,פררו,BE,קינדר שוקובון.,גרמים,125.00,100 גרם,false,,10.00,0.0800,true,1,1326567
5600395034816,false,פילה טונה בהירה בשמן,,,פילה טונה בהירה בשמן,גרמים,190.00,100 גרם,false,,24.90,0.1311,true,1,2424573
5600995017097,false,סכין ירקות שפיץ משונ,,,סכין ירקות שפיץ משונ,יחידה,0.00,יחידה,false,,9.90,0.0000,true,1,2517759
5601008200444,false,גודיס Goodies עוגיות טבעת מצופות שוקולד חלב,הנסיך- מפעל לייצור ט,PT,מרבה גודיס שוקולד חלב,גרמים,150.00,100 גרם,false,,5.90,0.0393,true,1,1338882
5601008200451,false,עוגיות גודיס מרבה טבעת מצופה שוקו' מריר 150ג',מרבה Merba,PT,מרבה גודיס שוקולד מריר,גרמים,150.00,100 גרם,false,,5.90,0.0393,true,1,1338883
5601008200468,false,גודיס Goodies עוגיות טבעת מצופות שוקולד לבן,קריניציה ויטמינה אס,PT,מרבה גודיס שוקולד לבן,גרמים,150.00,100 גרם,false,,5.90,0.0393,true,1,1338884
5601010111035,false,סרדינים בשמן זית רמי,רמירז קונסרב,PT,סרדינים בשמן,גרמים,125.00,100 גרם,false,,9.90,0.0792,true,1,2384342
5601010211070,false,סרדינים במי מלח רמיר,רמירז קונסרב,PT,סרדין במים,גרמים,125.00,100 גרם,false,,8.90,0.0712,true,1,2384343
5601010211087,false,סרדינים פילה בשמן זי,רמירז קונסרב,PT,פילה סרדין בשמן זית,גרמים,100.00,100 גרם,false,,12.90,0.1290,true,1,2384344
5601036205572,false,לוריאל - אקסלנס קרם 4.54 חום מהגוני נחושתי,,,צבע שיער אקסלנס 4.54,יחידה,0.00,יחידה,false,,34.90,0.0000,true,1,1300830
5601036205671,false,לוריאל - אקסלנס קרם 7.3 בלונד זהוב,,,צבע שיער אקסלנס 7.3,יחידה,0.00,יחידה,false,,34.90,0.0000,true,1,1300838
5601045300022,false,משקה גוארנה אנטרטיקה,סומול וקומפל אס.איי,PT,משקה גווארנה בפחית,מיליליטרים,330.00,"100 מ""ל",false,,5.50,0.0167,true,1,1306403
5601217129420,false,דפים למכונת כביסה למניעת העברת צבע,ווליט Woolite,,וולייט דפים שומרי צב,יח',20.00,יח',false,,19.90,0.9950,true,1,1813723
5604912415041,false,סרדינים בשמן חמניה פורטוס 125 ג',קונסרבס פורטוגל נורט,PT,סרדינים בשמן חמניה פ,גרמים,125.00,100 גרם,false,,6.90,0.0552,true,1,2228609
5604912415058,false,סרדינים בשמן חמניה חריף פורטוס 125 ג',פורטוס Porthos,PT,סרדינים בשמן חמניה ח,גרמים,125.00,100 גרם,false,,6.90,0.0552,true,1,2228610
5604912425057,false,מקרלים בשמן חמניה חריף 125 ג' פורטוס,קונסרבס פורטוגל נורט,PT,מקרלים בשמן חמניה חר,גרמים,125.00,100 גרם,false,,6.90,0.0552,true,1,2228612
5694230523337,false,כבד דג במיץ טבעי ברי,,,כבד דג במיץ טבעי ברי,גרמים,121.00,100 גרם,false,,9.90,0.0818,true,1,2548877
5701932026964,false,פופקורן להכנה במיקרוגל בטעם טבעי 6 שקיות,הוט פופ Hot pop,US,הוט פופ מלוח 600 גרם,גרמים,600.00,100 גרם,false,,16.90,0.0282,true,1,1326568
5701932026971,false,פופקורן להכנה במיקרוגל בטעם חמאה 6 שקיות,הוט פופ Hot pop,US,הוטפופ חמאה 600 גרם,גרמים,600.00,100 גרם,false,,16.90,0.0282,true,1,1326569
5701932026995,false,פופקורן להכנה במיקרוגל בטעם טבעי מופחת שומן 6 שקיות,קריניציה ויטמינה אס,US,פופקורן הוט פופ טבעי לייט,גרמים,510.00,100 גרם,false,,16.90,0.0331,true,1,1326570
5706516031358,false,פופקורן להכנה במיקרוגל בטעם טבעי מופחת שומן 5 שקיות,הוט פופ Hot pop,US,הוטפופ 100 קלוריות 160 גר,גרמים,160.00,100 גרם,false,,16.90,0.1056,true,1,1326571
5711953106583,false,גבינת שמנת בטעם טבעי 200 גרם ארלה,ארלה פודס אמבה,DK,גבינת שמנת ארלה 24.5,גרמים,200.00,100 גרם,false,,14.90,0.0745,true,1,2377706
5711953106590,false,גבינת שמנת עם שום 200 גרם ארלה,ארלה פודס אמבה,DK,גבינת שמנת ארלה 24%,גרמים,200.00,100 גרם,false,,14.90,0.0745,true,1,2377707
5711953106606,false,גבינת שמנת עם תבלינים ועשבי תיבול 23.5%,ארלה פודס אמבה,DK,גבינת שמנת ארלה 23.5,גרמים,200.00,100 גרם,false,,14.90,0.0745,true,1,2377708
5740900403215,false,ממרח לורפק חמאה עם מלח 250 ג',לורפאק Lurpak,,ממרח לורפאק עם מלח 2,גרמים,250.00,100 גרם,false,,15.90,0.0636,true,1,2230678
5740900403222,false,ממרח לורפק חמאה עם מלח מופחת שומן 250 ג,לורפאק Lurpak,,ממרח לורפאק עם מלח מ,גרמים,250.00,100 גרם,false,,15.90,0.0636,true,1,2230679
5740900403239,false,ממרח לורפק חמאה בלי מלח 250 ג',לורפאק Lurpak,,ממרח לורפאק בלי מלח,גרמים,250.00,100 גרם,false,,15.90,0.0636,true,1,2230680
5740900403246,false,ממרח לורפק חמאה בלי מלח 500 ג',לורפאק Lurpak,,ממרח לורפאק בלי מלח,גרמים,500.00,100 גרם,false,,24.90,0.0498,true,1,2230681
5740900403253,false,ממרח לורפק חמאה עם מלח 500 ג',לורפאק Lurpak,,ממרח לורפאק עם מלח 5,גרמים,500.00,100 גרם,false,,24.90,0.0498,true,1,2230682
5740900403260,false,ממרח מחמאת לורפק ללא מלח 27% פחות שומן,ארלה פודס אמבה,DK,ממרח לורפאק ללא מלח,גרמים,250.00,100 גרם,false,,15.90,0.0636,true,1,2230683
5900017062419,false,"ניוואה - תחליב רחצה ורדים ושמן שקדים 750 מ""ל",,,ניוואה 750תחליב רחצה,מיליליטרים,750.00,"100 מ""ל",false,,13.90,0.0185,true,1,2459244
5900020012814,false,דגני בוקר בטעם שוקולד נסקוויק Nesquik,מיוצר עי קונדיטוריית,PL,נסקוויק דגני בוקר תפוחים,גרמים,500.00,100 גרם,false,,24.90,0.0498,true,1,1305694
5900020015174,false,חטיף דגנים פיטנס Fitness עם שוקולד מריר,מיוצר עי קונדיטוריית,PL,פיטנס חטיף דגנים עם שוקול,גרמים,141.00,100 גרם,false,,15.90,0.1128,true,1,1305695
5900020018908,false,חטיף פיטנס דגנים עם עוגיות ופצפוצי שוקולד לבן,מיוצר עי קונדיטוריית,PL,פיטנס חטיף דגנים עם עוגיו,גרמים,141.00,100 גרם,false,,15.90,0.1128,true,1,1305701
5900020020710,false,נסטלה - קראנץ' שוקו וניל חטיף דגנים 25 גרם * 6,נסטלה פולין ברים,PL,קראנץ' חטיף דגנים שוקו-ונ,גרמים,150.00,100 גרם,false,,15.90,0.1060,true,1,1305702
5900020020741,false,חטיף נסקוויק Nesquik שוקו שוקו,נסטלה פולין ברים,PL,נסקוויק חטיף דגנים שוקו-ש,גרמים,150.00,100 גרם,false,,15.90,0.1060,true,1,1305703
5900020022325,false,חטיף סיני מיניס Cini Minis בטעם קינמון - 6 במארז,נסטלה פולין דגני בוק,PL,סיני מיניס חטיף דגנים בטע,גרמים,150.00,100 גרם,false,,15.90,0.1060,true,1,1305705
5900020024770,false,פיטנס - דליס חטיף דגנים שוקולד אגוז 22.50 גרם * 6,נסטלה פולין ברים,PL,פיטנס חטיף דגנים 141 גרם,גרמים,135.00,100 גרם,false,,15.90,0.1178,true,1,1381286
5900020024817,false,פיטנס דליס Fitness Delice חטיף דגנים עם שוקולד לבן,נסטלה פולין ברים,PL,פיטנס חטיף דגנים 141 גרם,גרמים,135.00,100 גרם,false,,15.90,0.1178,true,1,1381287
5900020025647,false,פיטנס דליס Fitness Delice חטיף דגנים עם שוקולד חלב,מיוצר עי קונדיטוריית,PL,פיטנס חטיף דגנים 141 גרם,גרמים,135.00,100 גרם,false,,15.90,0.1178,true,1,1381289
5900020026552,false,דגני בוקר האני נאט צ'יריוס בטעם דבש ושקדים,נסטלה צרפת איטנקורט,FR,דגני בוקר האני צ'ריו,גרמים,625.00,100 גרם,false,,24.90,0.0398,true,1,1430559
5900020029669,false,פיטנס - חטיף דגנים פירות יער 23.50 גרם * 6,נסטלה פולין דגני בוק,,חטיף פיטנס פירות יער,גרמים,141.00,100 גרם,false,,15.90,0.1128,true,1,1723552
5900020031877,false,חטיף דגנים צ'יריוס האני מארז 22X6ג',נסטלה פולין ברים,PL,חטיף דגנים צ'יריוס,גרמים,132.00,100 גרם,false,,15.90,0.1205,true,1,1982788
5900020033314,false,חטיף דגני בוקר Lion בטעם קרמל ושוקולד על קרם חלב,נסטלה פולין ברים,PL,חטיף ליון דגנים 25*6,גרמים,150.00,100 גרם,false,,15.90,0.1060,true,1,2120175
5900020034021,false,חטיף דגנים פיטנס שוקולד בננה,מיוצר עי קונדיטוריית,PL,חטיף פיטנס דגנים שוק,גרמים,141.00,100 גרם,false,,15.90,0.1128,true,1,2271941
5900020036407,false,דגני בוקר ליון Lion בטעם שוקולד וקרמל,נסטלה פולין דגני בוק,,דגני בוקר ליון וקרמל,גרמים,480.00,100 גרם,false,,24.90,0.0519,true,1,2394615
5900020039590,false,פיטנס חטיף דגנים קלאסי פרווה 6 יח',נסטלה פולין דגני בוק,IL,חטיף פיטנס דגנים קלא,גרמים,141.00,100 גרם,false,,15.90,0.1128,true,1,2470607
5900020039620,false,פיטנס חטיף דגנים שקדים ודבש פרווה,נסטלה פולין ברים,IL,חטיף פיטנס דגנים שקד,גרמים,141.00,100 גרם,false,,15.90,0.1128,true,1,2470608
5900020041142,false,קורנפלקס פיטנס 500 ג' אסם,נסטלה צרפת איטנקורט,PL,קורנפלקס פיטנס 500 ג,גרמים,500.00,100 גרם,false,,12.90,0.0258,true,1,2542760
5900020041371,false,פיטנס מארז חטף שוקולד מריר 8*23.5 גרם,נסטלה פולין ברים,PL,מארז חטיף פיטנס שוקו,גרמים,184.00,100 גרם,false,,15.90,0.0864,true,1,2530116
5900238587234,false,שוקולד מריר 62% ברון,,,שוקולד מריר 62% ברון,גרמים,100.00,100 גרם,false,,5.90,0.0590,true,1,1348514
5900352000770,false,שוקולד חלב ממולא ג'לי דובדבן Mella,,,בונבונירה 190 גרם,גרמים,190.00,100 גרם,false,,8.90,0.0468,true,1,1325513
5900352001814,false,שוקולד במילוי ג'לי תפוז Mella,,,בונבונירה 190 גרם,גרמים,190.00,100 גרם,false,,8.90,0.0468,true,1,1325514
5900352001821,false,שוקולד חלב ממולא ג'לי לימון Mella,,,בונבונירה 190 גרם,גרמים,190.00,100 גרם,false,,8.90,0.0468,true,1,1325515
5900352002576,false,שוקולד חלב ממולא ג'לי אוכמניות Mella,,,בונבונירה אוכמניות 1,גרמים,190.00,100 גרם,false,,8.90,0.0468,true,1,1325516
5900352002866,false,חטיף שוקולד אליבי מק,אליבי מקס Alibi Max,,חטיף שוקולד אליבי מק,גרמים,49.00,100 גרם,false,,2.90,0.0592,true,1,1325517
5900352011356,false,עוגיות יזיקי מריר שר,,,חטיפי שוקולד עוגיות,גרמים,140.00,100 גרם,false,,5.90,0.0421,true,1,2517324
5900617035882,false,חטיף חלבון נוטרישיין בטעם שוקולד,גרנייה,NL,חטיף חלבון פרוטאין 3,גרמים,50.00,100 גרם,false,,9.90,0.1980,true,1,2491736
5900617035905,false,גו און חטיף חלבון עם קרמל ובוטנים ללא סוכר 50 ג',גרנייה,NL,חטיף חלבון פרוטאין 3,גרמים,50.00,100 גרם,false,,9.90,0.1980,true,1,2491737
5900617035929,false,חטיף חלבון נוטרישיין בטעם וניל תות יער,גרנייה,NL,חטיף חלבון פרוטאין 3,גרמים,50.00,100 גרם,false,,9.90,0.1980,true,1,2491738
5900627040104,false,"הרפיק נוזל לניקוי אסלות שחור סיטרוס 750 מ""ל",רקיט בנקיזר,PL,"הרפיק שחור סיטרום 750 מ""ל",מיליליטרים,750.00,"100 מ""ל",false,,14.90,0.0199,true,1,1309382
5900627063233,false,טבליות למדיח AIO 50 יח פיניש,רקיט בנקיזר,PL,פיניש 50 טבליות AIO,יח',50.00,יח',false,,39.90,0.7980,true,1,1481821
5900627066715,false,טבליות למדיח פיניש 1,רקיט בנקיזר,PL,פיניש 100 טבליות למד,יח',100.00,יח',false,,59.90,0.5990,true,1,1509552
5900951020889,false,אוכל לחתולים ויסקס צ,ויסקס Whiskas,PL,ויסקס צ'יקן 400 גרם,גרמים,400.00,100 גרם,false,,9.90,0.0248,true,1,1319057
5900951283963,false,חטיף סניקרס עם חמאת בוטנים Creamy Peanut Butter,סנו מפעלי ברונוס.,PL,חטיף סניקרס קרמי חמא,גרמים,57.00,100 גרם,false,,3.90,0.0684,true,1,2481586
5901105745207,false,"כוס מאג נבדה 350 מ""ל",,,"כוס מאג נבדה 350 מ""ל",יחידה,0.00,יחידה,false,,6.90,0.0000,true,1,2398690
5901105745214,false,"כוס מאג מילנו 250 מ""",,,"כוס מאג מילנו 250 מ""",יחידה,0.00,יחידה,false,,6.90,0.0000,true,1,2388086
5901105745252,false,"כוס מאג גמבו 450 מ""ל",,,"כוס מאג גמבו 450 מ""ל",יחידה,0.00,יחידה,false,,7.90,0.0000,true,1,2398691
5901414200411,false,מיני עוגיות היט Hit במילוי קרם שוקולד,באלזן Bahlsen,PL,ביסקוויט מיני ממולא,גרמים,130.00,100 גרם,false,,6.90,0.0531,true,1,1326572
5901669485649,false,שוקולד דק מריר 80%,,,שוקולד דק מריר 80%,גרמים,100.00,100 גרם,false,,6.90,0.0690,true,1,1348532
5901669485663,false,שוקולד דק מריר תפוז,,,שוקולד דק מריר תפוז,גרמים,100.00,100 גרם,false,,6.90,0.0690,true,1,1348533
5901669486196,false,שוקולד ברון חלב בוטנ,,,שוקולד ברון חלב בוטנ,גרמים,300.00,100 גרם,false,,11.90,0.0397,true,1,1348537
5901677007611,false,שוקולד ברון חלב 300ג,,,שוקולד ברון חלב 300,גרמים,300.00,100 גרם,false,,11.90,0.0397,true,1,1348557
5901677008489,false,שוקולד ברון מריר 300,,,שוקולד ברון מריר 300,גרמים,300.00,100 גרם,false,,11.90,0.0397,true,1,1348561
5901677009011,false,שוקולד ברון מריר 70%,,,שוקולד ברון מריר 70%,גרמים,100.00,100 גרם,false,,5.90,0.0590,true,1,1348564
5902198160403,false,"משקה אנרגיה XL TEN פחית לל""ס 250מ""ל","טמפו משקאות בע""מ",IL,משקה XL בפחית,מיליליטרים,250.00,"100 מ""ל",false,,4.30,0.0172,true,1,1584311
5902581683779,false,שוקולד חלב ברון 90 ג,,,שוקולד חלב ברון 90 ג,גרמים,90.00,100 גרם,false,,4.90,0.0544,true,1,2521986
5902581683793,false,שוקולד חלב ממולא קרמ,,,שוקולד חלב ממולא קרמ,גרמים,100.00,100 גרם,false,,4.90,0.0490,true,1,2521994
5902581683816,false,שוקולד חלב ממולא תות,,,שוקולד חלב ממולא תות,גרמים,100.00,100 גרם,false,,4.90,0.0490,true,1,2521995
5902581689344,false,שוקולד דק מריר קפה 7,,,שוקולד דק מריר קפה 7,יחידה,0.00,יחידה,false,,6.90,0.0000,true,1,2544661
5904603190654,false,עגבניות צהוב אדום בח,דבורק,,עגבניות צהוב אדום בח,גרמים,880.00,100 גרם,false,,12.90,0.0147,true,1,2512584
5904603190661,false,עגבניות החומץ עם שמי,דבורק,,עגבניות החומץ עם שמי,גרמים,880.00,100 גרם,false,,12.90,0.0147,true,1,2512585
5904603190715,false,עגבניות בחומץ פיקנטי,דבורק,,עגבניות החומץ עם פלפ,גרמים,880.00,100 גרם,false,,12.90,0.0147,true,1,2514627
5904941750312,false,"משקה אנרגיה BLU מוחיטו 250 מ""ל",אקו - ביט,PL,משקה בלו מוחיטו,מיליליטרים,250.00,"100 מ""ל",false,,4.20,0.0168,true,1,1364224
5904941751241,false,"משקה אנרגיה BLU דיי סיקס ללא סוכר 250 מ""ל",אקו - ביט,PL,משקה אנרגיה BLU SUGA,מיליליטרים,250.00,"100 מ""ל",false,,4.20,0.0168,true,1,2421800
5904941751302,false,"משקה אנרגיה בלו 250 מ""ל- בודד",אקו - ביט,PL,BLU משקה אנרגיה 250מ,מיליליטרים,250.00,"100 מ""ל",false,,4.20,0.0168,true,1,1364225
5904941751371,false,"בלו אקזוטי (מלון תפוח) 250 מ""ל בודד",Unknown,,משקה בלו דיי אקזו,מיליליטרים,250.00,"100 מ""ל",false,,3.90,0.0156,true,1,1727580
5904941751524,false,"משקה אנרגיה BLU דיי אבטיח 250 מ""ל",אקו - ביט,PL,משקה בלו דיי אבטיח,מיליליטרים,250.00,"100 מ""ל",false,,4.20,0.0168,true,1,1364227
5904941751715,false,"משקה אנרגיה בלו קרנברי 250 מ""ל -בודד",אקו - ביט,PL,משקה אנרגיה 250 מל,מיליליטרים,250.00,"100 מ""ל",false,,3.90,0.0156,true,1,1364228
5904941751913,false,בלו משקה אנרגיה פסיפלורה 250מל,,,BLU משקה אנרגיה 250מ,מיליליטרים,250.00,"100 מ""ל",false,,3.90,0.0156,true,1,1364230
5904941751920,false,בלו משקה אנרגיה דיי חצי מכמות הקלו250 מל,אקו - ביט,PL,משקה בלו דיי,מיליליטרים,250.00,"100 מ""ל",false,,4.20,0.0168,true,1,1364231
5906485301012,false,"משקה אנרגיה XL פחית 250 מ""ל","טמפו משקאות בע""מ",IL,"משקה XL בפחית 250 מ""",מיליליטרים,250.00,"100 מ""ל",false,,4.30,0.0172,true,1,1364754
5949152110821,false,"איירוויק מבשם אוויר ומנטרל ריחות – לילות לבנים 237 מ""ל",,,מבשם אויר ספריי אירו,מיליליטרים,236.00,"100 מ""ל",false,,19.90,0.0843,true,1,2529424
5949152110838,false,"איירוויק מבשם אוויר ומנטרל ריחות - גשמים סגולים 237 מ""ל",,,מבשם אויר ספריי אירו,מיליליטרים,236.00,"100 מ""ל",false,,19.90,0.0843,true,1,2529425
5997321701806,false,אבקה למניעת אבנית במכונת כביסה 2 ב-1,רקיט בנקיזר פולין,PL,אבקה למניעת אבנית 1ק,קילוגרמים,1.00,"ק""ג",false,,29.90,29.9000,true,1,1662783
5998623526739,false,"יין סי גראס גוורצטרמינר 750 מ""ל",דנוביאנה,HU,יין גוורצטרמינר,מיליליטרים,750.00,"100 מ""ל",false,,29.90,0.0399,true,1,2370764
5998623530637,false,"אדלמה קברנה סובוניון יין אדום, 750 מ""ל",אדלמה,HU,יין אדום יבש אדלמה ק,מיליליטרים,750.00,"100 מ""ל",false,,39.00,0.0520,true,1,2543555
5998749108574,false,מזון לחתולים ויסקס ח,ויסקס Whiskas,PL,60G ויסקס טמפ'ביף,גרמים,60.00,100 גרם,false,,9.90,0.1650,true,1,1319067
5999884350002,false,גולדן דוג שימור לכלב,,,גולדן דוג שימור לכלב,יחידה,0.00,יחידה,false,,3.90,0.0000,true,1,2477825
5999884350026,false,גולדן דוג שימור לכלב,,,גולדן דוג שימור לכלב,יחידה,0.00,יחידה,false,,3.90,0.0000,true,1,2477827
6001067017523,false,קולגייט מברשת שיניים ילדים ספידרמן-ברבי 5+,יבואן ומשווק: ש. שסט,CN,קולגייט מברשת ילדים ספידר,יח',1.00,יח',false,,9.90,9.9000,true,1,1338885
6001067017530,false,קולגייט מברשת שיניים לילדים ספיידרמן,יבואן ומשווק: ש. שסט,CN,קולגייט מברשת ילדים ספידר,יחידה,0.00,יחידה,false,,9.90,0.0000,true,1,1338886
6001067027324,false,מברשת ילדים חשמלית בארבי באטמן,קולגייט - פלמוליב,CN,קולגייט מברשת ילדים בארבי,יח',1.00,יח',false,,49.90,49.9000,true,1,1338892
6009188004828,false,קיט קט צ'אנקי לבן 40ג,,,חטיף קיט קט צ'אנקי ל,גרמים,40.00,100 גרם,false,,3.90,0.0975,true,1,2530130
6009522307554,false,רוטב וורצרטר,,,רוטב וורצרטר,יחידה,0.00,יחידה,false,,29.90,0.0000,true,1,2383763
6009684861000,false,חטיף דגנים דבש בוטנים 168ג',דין שיווק,MK,חטיף גרנולה בתוספת ד,גרמים,175.00,100 גרם,false,,9.90,0.0566,true,1,1327573
6010209215246,false,נאנבל חכה בייסיק פלס,,,נאנבל חכה בייסיק פלס,יחידה,0.00,יחידה,false,,29.90,0.0000,true,1,2492935
6111094000198,false,קוסקוס דק 350 ג' דארי,דארי Dari,,קוסקוס דארי 350 גרם,גרמים,350.00,100 גרם,false,,5.90,0.0169,true,1,1873142
6111094000242,false,תומר קוסקוס דארי דק 500גר,דרי קוספט,MA,קוסקוס דארי דק 500 ג,גרמים,500.00,100 גרם,false,,7.90,0.0158,true,1,1339692
6111094000273,false,קוסקוס דארי שעורה 5,,,קוסקוס דארי שעורה 5,גרמים,500.00,100 גרם,false,,7.90,0.0158,true,1,2517883
6111094000709,false,דארי קוסקוס מחיטה מל,,,קוסקוס דארי 500גר דא,גרמים,500.00,100 גרם,false,,7.90,0.0158,true,1,2517884
6111094002123,false,דארי אטריות דקות תומ,,,איטריות דקות דארי,גרמים,550.00,100 גרם,false,,7.90,0.0144,true,1,2535247
6134800200002,false,חגורה - ריקה,,,חגורה - ריקה,יחידה,0.00,יחידה,false,,56.90,0.0000,true,1,2400776
6253017300012,false,טחינה קראוון המקורית,אחדות ביחר לטחינה ח,IL,טחינה גולמית קראוון,גרמים,450.00,100 גרם,false,,14.90,0.0331,true,1,1348072
6253017300029,false,טחינה גולמית קרוואן,קרואן Karawan,,טחינה גולמית קרוואן,גרמים,950.00,100 גרם,false,,22.90,0.0241,true,1,1348073
6281001510390,false,מברשת שיניים לילדים אקסטרא סופט לגילאי 0-2,קולגייט Colgate,CN,קולגייט מברשת ילדים 0-2 ח,יח',1.00,יח',false,,9.90,9.9000,true,1,1338893
6281031260784,false,צבע לשיער קולור ספיי,,,צבע לשיער קולור ספיי,יחידה,1.00,יחידה,false,,26.90,26.9000,true,1,1814112
6281031261002,false,צבע לשיער קולור ספיי,,,צבע לשיער קולור ספיי,יחידה,1.00,יחידה,false,,26.90,26.9000,true,1,1814128
6281031261156,false,צבע לשיער קולור ספיי,,,צבע לשיער קולור ספיי,יחידה,1.00,יחידה,false,,26.90,26.9000,true,1,1814129
6667771301107,false,מסננת כיור יצוק,,,מסננת כיור יצוק,יחידה,0.00,יחידה,false,,9.90,0.0000,true,1,2459631
6920354822193,false,משחת שיניים נטורל הדרים אקליפטוס קולגייט 90 ג',קולגייט Colgate,,משחת שניים קולגייט נ,מיליליטרים,68.00,"100 מ""ל",false,,14.90,0.2191,true,1,2470017
6920354822223,false,משחת שיניים נטורל גינגר קוקוס קולגייט 90 ג',קולגייט Colgate,,משחת שניים קולגייט נ,מיליליטרים,68.00,"100 מ""ל",false,,14.90,0.2191,true,1,2470018
6920354824395,false,משחת שיניים נטורל תמציות פחם קולגייט 90 ג',קולגייט Colgate,,משחת שניים קולגייט נ,מיליליטרים,71.00,"100 מ""ל",false,,14.90,0.2099,true,1,2470019
6922163616659,false,תה ירוק שקיקים 40 גר,טעמי אסיה Taste of Asia,TH,תה ירוק שקיקים 40 גרם-כשר,גרמים,40.00,100 גרם,false,,7.90,0.1975,true,1,1343439
6922163616666,false,תה ירוק עם יסמין 20 שקיקים,טעמי אסיה Taste of Asia,CN,תה ירוק עם יסמין -שקיקים,גרמים,40.00,100 גרם,false,,7.90,0.1975,true,1,1343440
6935673035612,false,כפפות אלוורה להקלה על עור יבש - קטן S,מ.א ייצור ושיווק מטל,CN,כפפות אלוורה 1/120 S,יחידה,0.00,יחידה,false,,5.90,0.0000,true,1,1326795
6935673035629,false,כפפות אלוורה להקלה על עור יבש - בינוני M,מ.א ייצור ושיווק מטל,CN,כפפות אלוורה 1/120 M,יחידה,0.00,יחידה,false,,5.90,0.0000,true,1,1326796
6935673035636,false,כפפות אלוורה להקלה על עור יבש - גדול L,מ.א ייצור ושיווק מטל,CN,כפפות אלוורה 1/120 L,יח',2.00,יח',false,,5.90,2.9500,true,1,1326797
6935673035643,false,כפפות אלוורה להקלה על עור יבש - גדול מאוד XL,מ.א ייצור ושיווק מטל,CN,כפפות אלוורה 1/120 XL,יחידה,0.00,יחידה,false,,5.90,0.0000,true,1,1326798
6939924820972,false,מפזר חום עגול שחור M,,,מפזר חום עגול שחור M,יחידה,0.00,יחידה,false,,119.90,0.0000,true,1,2543079
6939924820989,false,מפזר חום עגול לבן MI,,,מפזר חום עגול לבן MI,יחידה,0.00,יחידה,false,,119.90,0.0000,true,1,2543080
6939924831428,false,רדיאטור 9 צלעות MIDEA NY2009-20M,מידאה Midea,,רדיאטור 9 צלעות MIDE,יחידה,0.00,יחידה,false,,299.90,0.0000,true,1,2543087
6939924837635,false,מפזר חום MIDEA NF20-20A 2000W,המילטון Hemilton,,מפזר חום MIDEA NF20-,יחידה,0.00,יחידה,false,,99.90,0.0000,true,1,2543091
6943707585941,false,כוסות אספרסו,,,כוסות אספרסו,יח',50.00,יח',false,,5.90,0.1180,true,1,2470350
6944027000428,false,תה ירוק סיני 250 גר,זאינינג קריאלס אואיל,,תה סיני,גרמים,250.00,100 גרם,false,,9.90,0.0396,true,1,1351799
6970834670332,false,מזמרת יד סדן,,,מזמרת יד סדן,יחידה,0.00,יחידה,false,,29.90,0.0000,true,1,2410081
6971071741823,false,כבל,,,כבל,יחידה,0.00,יחידה,false,,9.90,0.0000,true,1,2428642
6971071749362,false,כבל,,,כבל,יחידה,0.00,יחידה,false,,9.90,0.0000,true,1,2428643
6971071749379,false,כבל לאייפון,,,כבל לאייפון,יחידה,0.00,יחידה,false,,9.90,0.0000,true,1,2428644
6971071749386,false,כבל לאייפון,,,כבל לאייפון,יחידה,0.00,יחידה,false,,9.90,0.0000,true,1,2428645
6971071749393,false,כבל מיקרו,,,כבל מיקרו,יחידה,0.00,יחידה,false,,9.90,0.0000,true,1,2428646
6971071749430,false,כבל לאייפון,,,כבל לאייפון,יחידה,0.00,יחידה,false,,9.90,0.0000,true,1,2428650
6971071749461,false,כבל אפור,,,כבל אפור,יחידה,0.00,יחידה,false,,9.90,0.0000,true,1,2428653
6971071749478,false,אוזניות סיליקון,,,אוזניות סיליקון,יחידה,0.00,יחידה,false,,9.90,0.0000,true,1,2428654
6971071749485,false,אוזניות סיליקון,,,אוזניות סיליקון,יחידה,0.00,יחידה,false,,9.90,0.0000,true,1,2428655
6971320730554,false,ברנדה חט' קוביות סנד,,,ברנדה חט' קוביות סנד,יחידה,0.00,יחידה,false,,14.90,0.0000,true,1,2492941
6971320730660,false,ברנדה חט' חזה עוף על,,,ברנדה חט' חזה עוף על,יחידה,0.00,יחידה,false,,14.90,0.0000,true,1,2492951
6971320730738,false,ברנדה חט' קוביות בקר,,,ברנדה חט' קוביות בקר,יחידה,0.00,יחידה,false,,14.90,0.0000,true,1,2492957
6971320730776,false,ברנדה חט' קוביות בקר,,,ברנדה חט' קוביות בקר,יחידה,0.00,יחידה,false,,14.90,0.0000,true,1,2492961
6971320730790,false,ברנדה חט' רצועות כבש,,,ברנדה חט' רצועות כבש,יחידה,0.00,יחידה,false,,14.90,0.0000,true,1,2492963
6971468030646,false,מברשת ברזל,,,מברשת ברזל,יחידה,0.00,יחידה,false,,9.90,0.0000,true,1,2434512
6971546340926,false,בלנדר אישי TOGO 600W,,,בלנדר אישי TOGO 600W,יחידה,0.00,יחידה,false,,179.00,0.0000,true,1,2523010
6998877553412,false,קרוס פרווה,,,קרוס פרווה,יחידה,0.00,יחידה,false,,29.90,0.0000,true,1,2543146
6998877553436,false,נעלי טבחים נשים אבזם,,,נעלי טבחים נשים אבזם,יחידה,0.00,יחידה,false,,34.90,0.0000,true,1,2543148
7038513866304,false,מברשת שיניים לילדים שלב 1 לגילאי 0-2,ג'ורדן Jordan,MY,ג'ורדן מברשת ילדים 0-2,יח',1.00,יח',false,,12.90,12.9000,true,1,1353341
7038513866311,false,מברשת שיניים לילדים שלב 2 לגילאי 3-5,ג'ורדן Jordan,MY,ג'ורדן מברשת לילדים 3-5,יח',1.00,יח',false,,12.90,12.9000,true,1,1353342
7038513866328,false,גורדן מברשת שיניים לילדים 6-8 סטפ 3,ג'ורדן Jordan,MY,ג'ורדן מברשת לילדים 6-8,יח',1.00,יח',false,,12.90,12.9000,true,1,1353343
7038516140357,false,ג'ורדן מברשת טוטאל קלין סופט רביעייה,מיוצר במלזיה עבור ג',NO,ג'ורדן מברשת טוטאל קלין ס,יח',4.00,יח',false,,14.90,3.7250,true,1,1353348
7038516140418,false,ג'ורדן מברשת טוטאל קלין מדיום רביעייה,ג'ורדן Jordan,MY,ג'ורדן מברשת טוטאל קלין מ,יח',4.00,יח',false,,14.90,3.7250,true,1,1353349
7038516550309,false,גורדן מברשת שיניים אינדיבידואל סופט ראש,ג'ורדן Jordan,MY,ג'ורדן מ.שיניים אינדיבידו,יחידה,0.00,יחידה,false,,14.90,0.0000,true,1,1353354
7038516552303,false,גורדן מברשת שיניים אינדיבידואל ראש בינוני,ג'ורדן Jordan,MY,ג'ורדן מ.שיניים אינדיבידו,יח',1.00,יח',false,,14.90,14.9000,true,1,1353355
7046110064016,false,ג'ורדן מארז זוג מברשת שיניים לילדים מגיל 3-5,,,מברשת שיניים 3-5 ג'ו,יח',1.00,יח',false,,14.90,14.9000,true,1,1772581
7046110064047,false,מארז זוג מברשת שיניים ג'ורדן ילדים 6-9,,,מברשת שיניים 6-9 ג'ו,יח',1.00,יח',false,,14.90,14.9000,true,1,1772582
7046110064535,false,מארז זוג מברשת שיניים ג'ורדן ילדים 0-2,ג'ורדן Jordan,,מברשת שיניים 0-2 ג'ו,יח',1.00,יח',false,,14.90,14.9000,true,1,1772583
7046110069868,false,גורדן מברשת שיניים לילדים 9+ SMILE,,,מברשת שיניים גורדן,יח',1.00,יח',false,,12.90,12.9000,true,1,1484518
7046110071519,false,"ג'ורדן משחת שיניים לילדים לשיני חלב 2-6 50 מ""ל",,,מברשת שיניים 2-6 ג'ו,מיליליטרים,50.00,"100 מ""ל",false,,9.90,0.1980,true,1,2434936
7046110075036,false,מברשת שיניים אוליטימייט רביעייה - סופט,,,מברשת שיניים גורדן א,יח',4.00,יח',false,,14.90,3.7250,true,1,2377283
7046110075562,false,"ג'ורדן משחת שיניים לילדים (6-12 ) 50מ""ל",,,מברשת שיניים 6-12 ג',מיליליטרים,50.00,"100 מ""ל",false,,9.90,0.1980,true,1,2434937
7271730901261,false,ווקי מאק ארוחת אטריות עם גבינה 156 גרם,ניו וורלד פסטה קומפנ,US,ווקי מאק ארוחת אטריו,גרמים,156.00,100 גרם,false,,9.90,0.0635,true,1,2459923
7290000000336,false,כרטיס כניסה לאיי ג'א,,,כרטיס כניסה לאיי ג'א,יחידה,0.00,יחידה,false,,33.90,0.0000,true,1,2470791
7290000000337,false,כרטיס כניסה לאיי ג'א,,,כרטיס כניסה לאיי ג'א,יחידה,0.00,יחידה,false,,44.90,0.0000,true,1,2470792
7290000000390,false,מארז שוופס סודה 250,"ולדמן ביח""ר לנקניק ו",,מארז שוופס סודה 250,ליטרים,6.00,ליטר,false,,60.00,10.0000,true,1,2437035
7290000000415,false,מארז שישיית סופגניות,"ולדמן ביח""ר לנקניק ו",,מארז שישיית סופגניות,יחידה,0.00,יחידה,false,,14.90,0.0000,true,1,2547724
7290000000996,false,שתיה קרה,,,שתיה קרה,יחידה,0.00,יחידה,false,,8.00,0.0000,true,1,2364490
7290000001134,false,רביעייה סופגניות,מעדני מניה תעשיות בש,,רביעייה סופגניות,יח',4.00,יח',false,,10.00,2.5000,true,1,2428927
7290000001135,false,שמינייה סופגניות מינ,,,שמינייה סופגניות מינ,יחידה,0.00,יחידה,false,,14.90,0.0000,true,1,2428928
7290000001137,false,רביעיית סופגניות מיו,,,רביעיית סופגניות מיו,יחידה,0.00,יחידה,false,,14.90,0.0000,true,1,2428929
7290000001603,false,מארז מסיכות 50 יח',,,מארז מסיכות 50 יח',יח',50.00,יח',false,,9.90,0.1980,true,1,2399455
7290000002416,false,פלייסמנט,,,פלייסמנט,יחידה,0.00,יחידה,false,,22.90,0.0000,true,1,2529592
7290000003001,false,חלה ויזניץ לשבת,,,חלה ויזניץ לשבת,יחידה,0.00,יחידה,false,,17.90,0.0000,true,1,2530131
7290000004015,false,פריט תרומה מארז גרבי,,,פריט תרומה מארז גרבי,יחידה,0.00,יחידה,false,,10.00,0.0000,true,1,2545710
7290000010051,false,קופסה 4.5 ליטר עם מכ,,,קופסה 4.5 ליטר עם מכ,יחידה,0.00,יחידה,false,,4.50,0.0000,true,1,2542116
7290000010052,false,זיתים מיקס,,,זיתים מיקס,קילוגרמים,1.00,"ק""ג",true,,49.00,49.0000,true,1,1346828
7290000010953,false,גבינה צהובה 28% נועם,,,גבינה צהובה 28% נועם,קילוגרמים,1.00,"ק""ג",true,,44.75,44.7500,true,1,1328460
7290000010984,false,גבינה צהובה 9% נועם,טרה,IL,חריץ גבינה צהובה נעם 9% ב,קילוגרמים,1.00,"ק""ג",true,,71.00,71.0000,true,1,1328461
7290000010991,false,גבינה צהובה 22% נועם,טרה,IL,חריץ גבינה צהובה נעם 22%,קילוגרמים,1.00,"ק""ג",true,,42.55,42.5500,true,1,1328462
7290000011035,false,דג אנטיאס,,,דג אנטיאס,קילוגרמים,1.00,"ק""ג",true,,79.90,79.9000,true,1,1328409
7290000011462,false,עצמות מח טרי,,,עצמות מח טרי,קילוגרמים,1.00,"ק""ג",true,,49.90,49.9000,true,1,1344073
7290000012131,false,רצועות עוף,קריות זול,,רצועות עוף,קילוגרמים,1.00,"ק""ג",true,,44.90,44.9000,true,1,1344074
7290000012209,false,דג מוסר ים טרי,,,דג מוסר ים טרי,קילוגרמים,1.00,"ק""ג",true,,79.90,79.9000,true,1,1341726
7290000012384,false,"גבינה עמק מרוסקת ק""ג",,,"גבינה עמק מרוסקת ק""ג",קילוגרמים,1.00,"ק""ג",true,,44.75,44.7500,true,1,1339861
7290000016948,false,אסאדו בלי עצם טרי,,,אסאדו בלי עצם טרי,קילוגרמים,1.00,"ק""ג",true,,69.00,69.0000,true,1,1498474
7290000017198,false,שניצל שייטל טרי,,,שניצל שייטל טרי,קילוגרמים,1.00,"ק""ג",true,,119.00,119.0000,true,1,1610873
7290000017389,false,גבינת עיזים,,,גבינת עיזים,קילוגרמים,1.00,"ק""ג",true,,99.00,99.0000,true,1,1581898
7290000017396,false,גבינה צדר כתום אנגלי,,,גבינה צדר כתום אנגלי,קילוגרמים,1.00,"ק""ג",true,,89.00,89.0000,true,1,1581899
7290000017402,false,גבינה צדר לבן אנגלי,,,גבינה צדר לבן אנגלי,קילוגרמים,1.00,"ק""ג",true,,89.00,89.0000,true,1,1581900
7290000017426,false,"גבינה גאודה ק""ג",,,"גבינה גאודה ק""ג",קילוגרמים,1.00,"ק""ג",true,,90.00,90.0000,true,1,1641253
7290000019482,false,חזה עוף נקי,,,חזה עוף נקי,קילוגרמים,1.00,"ק""ג",true,,44.90,44.9000,true,1,2313775
7290000019567,false,"גבינה סקנדינבית ק""ג",,,"גבינה סקנדינבית ק""ג",קילוגרמים,1.00,"ק""ג",true,,79.00,79.0000,true,1,1775780
7290000019574,false,"גבינה גלבוע פרוס ק""ג",,,"גבינה גלבוע פרוס ק""ג",קילוגרמים,1.00,"ק""ג",true,,42.55,42.5500,true,1,1775781
7290000019581,false,"גבינה עמק פרוס ק""ג ג",,,"גבינה עמק פרוס ק""ג ג",קילוגרמים,1.00,"ק""ג",true,,44.75,44.7500,true,1,1775782
7290000019598,false,גבינה צהובה 9% נועם,,,גבינה צהובה 9% נועם,קילוגרמים,1.00,"ק""ג",true,,69.00,69.0000,true,1,1775799
7290000019604,false,גבינה צהובה 22% נועם,,,גבינה צהובה 22% נועם,קילוגרמים,1.00,"ק""ג",true,,42.55,42.5500,true,1,1775800
7290000020334,false,חתיכות פילה דג הרינג,,,חתיכות פילה דג הרינג,קילוגרמים,1.00,"ק""ג",true,,39.90,39.9000,true,1,2525598
7290000020341,false,פילה דג הרינג סקנדינ,,,פילה דג הרינג סקנדינ,קילוגרמים,1.00,"ק""ג",true,,39.90,39.9000,true,1,2525599
7290000020358,false,פילה דג הרינג מומלח,,,פילה דג הרינג מומלח,קילוגרמים,1.00,"ק""ג",true,,39.90,39.9000,true,1,2525841
7290000020747,false,טונה אדומה טרי,,,טונה אדומה טרי,קילוגרמים,1.00,"ק""ג",true,,180.00,180.0000,true,1,2335663
7290000021041,false,סטייק טומהוק עם עצם,,,סטייק טומהוק עם עצם,קילוגרמים,1.00,"ק""ג",true,,119.00,119.0000,true,1,2440175
7290000021294,false,דונאטס רביעייה,,,דונאטס רביעייה,יחידה,0.00,יחידה,false,,19.90,0.0000,true,1,2378411
7290000021553,false,מכנסיים דני נוי,,,מכנסיים דני נוי,יחידה,0.00,יחידה,false,,79.90,0.0000,true,1,2435817
7290000022144,false,רשת למנגל קטן,,,רשת למנגל קטן,יחידה,0.00,יחידה,false,,5.90,0.0000,true,1,2540910
7290000022460,false,בוקסר,,,בוקסר,יחידה,0.00,יחידה,false,,9.90,0.0000,true,1,2528482
7290000022543,false,"מזוודה 24"" טולדו",,,"מזוודה 24"" טולדו",יחידה,0.00,יחידה,false,,149.90,0.0000,true,1,2467933
7290000022772,false,מאפים פרימיום,,,מאפים פרימיום,קילוגרמים,1.00,"ק""ג",true,,49.00,49.0000,true,1,2546917
7290000022789,false,חלה מתוקה עגולה פרימ,,,חלה מתוקה עגולה פרימ,יחידה,0.00,יחידה,false,,12.90,0.0000,true,1,2547289
7290000023007,false,"ברנדי שטוק 84 40% 750 מ""ל","יקבי ברקן בע""ם",IL,"ברנדי שטוק 84 750 מ""",מיליליטרים,750.00,"100 מ""ל",false,,81.90,0.1092,true,1,1323834
7290000023083,false,ערק אשקלון 40% בקבוק,"יקבי ברקן בע""מ",IL,ערק אשקלון 40% 700 מ,מיליליטרים,700.00,"100 מ""ל",false,,59.90,0.0856,true,1,1323836
7290000023410,false,ליקר סטוק גלה קפה 75,יקבי ברקן,,"ליקר קפה שטוק 750 מ""",מיליליטרים,750.00,"100 מ""ל",false,,44.90,0.0599,true,1,1323837
7290000023427,false,ליקר שטוק אמרטו 750מ,"יקבי ברקן בע""מ",IL,ליקר אמרטו שטוק 750,מיליליטרים,750.00,"100 מ""ל",false,,44.90,0.0599,true,1,1323838
7290000023434,false,ליקר שטוק וישניאק 75,"יקבי ברקן בע""מ",IL,ליקר וישניאק שטוק 75,מיליליטרים,750.00,"100 מ""ל",false,,44.90,0.0599,true,1,1323839
7290000023809,false,"יין ברקן קלאסיק קברנה סובניון 750מ""ל",יקבי ברקן שיווק והפצ,IL,יין קברנה סובניון 75,מיליליטרים,750.00,"100 מ""ל",false,,39.90,0.0532,true,1,1323851
7290000023816,false,"יין ברקן קלאסיק אמרלד ריזלינג 750מ""ל",יקבי ברקן שיווק והפצ,IL,יין אמרלד ריזלינג 75,מיליליטרים,750.00,"100 מ""ל",false,,32.90,0.0439,true,1,1323852
7290000023823,false,קלאסיק סוביניון בלאן,יקבי ברקן שיווק והפצ,IL,קלאסיק סובניון בלאן,מיליליטרים,750.00,"100 מ""ל",false,,32.90,0.0439,true,1,1323853
7290000023830,false,קלאסיק שיראז רוזה 75,,,קלאסיק שיראז רוזה 75,מיליליטרים,750.00,"100 מ""ל",false,,32.90,0.0439,true,1,1323854
7290000023847,false,יין ברקן קלאסיק שרדו,יקבי ברקן שיווק והפצ,IL,"יין שרדונה 750 מ""ל",מיליליטרים,750.00,"100 מ""ל",false,,32.90,0.0439,true,1,1323855
7290000023977,false,"יין ברקן קלאסיק מרלו 750 מ""ל",יקבי ברקן שיווק והפצ,IL,"יין מרלו 750 מ""ל",מיליליטרים,750.00,"100 מ""ל",false,,39.90,0.0532,true,1,1323858
7290000024202,false,"יין ברקן רזרב קברנה סובניון 750 מ""ל",ברקן שיווק והפצה בעמ,IL,יין רזרב קברנה סובינ,מיליליטרים,750.00,"100 מ""ל",false,,59.90,0.0799,true,1,1323863
7290000024264,false,"יין ברקן רזרב מרלו 750 מ""ל",כרמי צבי - אחים סגל,IL,יין רזרב מרלו אדום 7,מיליליטרים,750.00,"100 מ""ל",false,,59.90,0.0799,true,1,1323868
7290000024554,false,יין אסמבלאז ריחן 200,יקבי ברקן,IL,יין אדום אסמבלאז,מיליליטרים,750.00,"100 מ""ל",false,,55.00,0.0733,true,1,2156435
7290000024561,false,ברקן אסמבלאז' איתן 7,יקבי ברקן,IL,יין איתן,מיליליטרים,750.00,"100 מ""ל",false,,55.00,0.0733,true,1,2156393
7290000025667,false,דג בר-ים טרי,,,דג בר-ים טרי,קילוגרמים,1.00,"ק""ג",true,,99.00,99.0000,true,1,2490337
7290000026589,false,ארטישוק בטעמים,,,ארטישוק בטעמים,קילוגרמים,1.00,"ק""ג",true,,59.00,59.0000,true,1,2518723
7290000026596,false,אריסה חריפה/מתוקה,,,אריסה חריפה/מתוקה,קילוגרמים,1.00,"ק""ג",true,,39.00,39.0000,true,1,2518724
7290000026602,false,סלט ביצים,,,סלט ביצים,קילוגרמים,1.00,"ק""ג",true,,59.00,59.0000,true,1,2518725
7290000026619,false,גזר בטעמים,,,גזר בטעמים,קילוגרמים,1.00,"ק""ג",true,,39.00,39.0000,true,1,2518726
7290000026626,false,סלט וולדורף,,,סלט וולדורף,קילוגרמים,1.00,"ק""ג",true,,55.00,55.0000,true,1,2518727
7290000026633,false,חומוס בטעמים,,,חומוס בטעמים,קילוגרמים,1.00,"ק""ג",true,,29.00,29.0000,true,1,2518728
7290000026657,false,חזרת,,,חזרת,קילוגרמים,1.00,"ק""ג",true,,49.00,49.0000,true,1,2518729
7290000026671,false,חציל בטעמים,,,חציל בטעמים,קילוגרמים,1.00,"ק""ג",true,,49.00,49.0000,true,1,2518731
7290000026688,false,חציל בטעם כבד,,,חציל בטעם כבד,קילוגרמים,1.00,"ק""ג",true,,59.00,59.0000,true,1,2518732
7290000026695,false,טבולה,,,טבולה,קילוגרמים,1.00,"ק""ג",true,,49.00,49.0000,true,1,2518733
7290000026701,false,טונה זיתים/ירקות/סלר,,,טונה זיתים/ירקות/סלר,קילוגרמים,1.00,"ק""ג",true,,59.00,59.0000,true,1,2518734
7290000026718,false,סלט טורקי,,,סלט טורקי,קילוגרמים,1.00,"ק""ג",true,,39.00,39.0000,true,1,2518735
7290000026725,false,טחינה בטעמים,,,טחינה בטעמים,קילוגרמים,1.00,"ק""ג",true,,29.00,29.0000,true,1,2518736
7290000026732,false,כרוב בטעמים,,,כרוב בטעמים,קילוגרמים,1.00,"ק""ג",true,,35.00,35.0000,true,1,2518737
7290000026749,false,לימון פיקנטי,,,לימון פיקנטי,קילוגרמים,1.00,"ק""ג",true,,55.00,55.0000,true,1,2518738
7290000026756,false,מטבוחה בטעמים,,,מטבוחה בטעמים,קילוגרמים,1.00,"ק""ג",true,,39.00,39.0000,true,1,2518739
7290000026763,false,מסבחה,,,מסבחה,קילוגרמים,1.00,"ק""ג",true,,34.00,34.0000,true,1,2518740
7290000026787,false,סחוג אדום/ירוק,,,סחוג אדום/ירוק,קילוגרמים,1.00,"ק""ג",true,,49.00,49.0000,true,1,2518741
7290000026794,false,סלט בטטה בצ'ילי וסיל,,,סלט בטטה בצ'ילי וסיל,קילוגרמים,1.00,"ק""ג",true,,59.00,59.0000,true,1,2518742
7290000026817,false,סלט מלפפונים,,,סלט מלפפונים,קילוגרמים,1.00,"ק""ג",true,,39.00,39.0000,true,1,2518743
7290000026824,false,סלסה של עגבניות טריו,,,סלסה של עגבניות טריו,קילוגרמים,1.00,"ק""ג",true,,39.00,39.0000,true,1,2518744
7290000026831,false,סלק שום/רוסי/רצועות/,,,סלק שום/רוסי/רצועות/,קילוגרמים,1.00,"ק""ג",true,,39.00,39.0000,true,1,2518745
7290000026862,false,פטריות ספרדי,,,פטריות ספרדי,קילוגרמים,1.00,"ק""ג",true,,55.00,55.0000,true,1,2518747
7290000026879,false,פטריות שמפיניון,,,פטריות שמפיניון,קילוגרמים,1.00,"ק""ג",true,,65.00,65.0000,true,1,2518748
7290000026886,false,סלט פלפל בטעמים,,,סלט פלפל בטעמים,קילוגרמים,1.00,"ק""ג",true,,49.00,49.0000,true,1,2518749
7290000026893,false,פלפלית בלימון חריף,,,פלפלית בלימון חריף,קילוגרמים,1.00,"ק""ג",true,,39.00,39.0000,true,1,2518750
7290000026909,false,פלפל צ'ומה,,,פלפל צ'ומה,קילוגרמים,1.00,"ק""ג",true,,39.00,39.0000,true,1,2518751
7290000026923,false,קישוא בטעם כבד,,,קישוא בטעם כבד,קילוגרמים,1.00,"ק""ג",true,,59.00,59.0000,true,1,2518753
7290000026947,false,רוטב צי'מצורי,,,רוטב צי'מצורי,קילוגרמים,1.00,"ק""ג",true,,49.00,49.0000,true,1,2518754
7290000026961,false,תפוח אדמה במיונז,,,תפוח אדמה במיונז,קילוגרמים,1.00,"ק""ג",true,,34.00,34.0000,true,1,2518756
7290000027005,false,סלט תירס במיונז,,,סלט תירס במיונז,קילוגרמים,1.00,"ק""ג",true,,39.90,39.9000,true,1,2518876
7290000027012,false,סלט אבוקדו,,,סלט אבוקדו,קילוגרמים,1.00,"ק""ג",true,,69.00,69.0000,true,1,2518877
7290000034034,false,דגן קרקר עם חיטה מלא,אפיפית נצרת,IL,קרקר דגני ללא סוכר וללא מ,גרמים,250.00,100 גרם,false,,7.90,0.0316,true,1,1348178
7290000034256,false,ביסקוויט תירוש חצי מצופה הדר 175ג',אפיפית נצרת תעשיות ב,IL,חצי מצופה תירוש רגיל 24/0,גרמים,175.00,100 גרם,false,,5.90,0.0337,true,1,1348179
7290000040042,false,יוגורט תות %3 גביע 150 ג' יופלה,תנובה בעמ,IL,יופלה תות 3%.,גרמים,150.00,100 גרם,false,,5.20,0.0347,true,1,1339862
7290000040066,false,יוגורט דובדבן 3% שומן 150 ג' יופלה,תנובה בעמ,IL,יופלה דובדבן.,גרמים,150.00,100 גרם,false,,5.20,0.0347,true,1,1339864
7290000040080,false,יוגורט אפרסק 3% שומן 150 ג' יופלה,תנובה בעמ,IL,יופלה אפרסק 3%.,גרמים,150.00,100 גרם,false,,5.20,0.0347,true,1,1339865
7290000040301,false,"גבינת קולאז קממבר עין גדי 24%, 125 ג'",תנובה מרכז שיתופי לש,IL,גבינה עין גדי /קממבר,גרמים,125.00,100 גרם,false,,19.90,0.1592,true,1,1339866
7290000040318,false,גבינת ברי 24% קולאז עדי תנובה 125 ג',תנובה מרכז שיתופי לש,IL,גבינת ברי חפיסה 125,גרמים,125.00,100 גרם,false,,19.90,0.1592,true,1,1339867
7290000040462,false,גבינת טוסטי עמק אמריקאי אדם 23% 200 ג',תנובה מרכז שיתופי לש,IL,גבינה טוסטי אדם.,גרמים,200.00,100 גרם,false,,18.90,0.0945,true,1,1339868
7290000040974,false,חלב תנובה קרטון דל לקטוז 2% 1ל,תנובה מרכז שיתופי לש,IL,חלב טרי דל לקטוז 2%,ליטרים,1.00,ליטר,false,,6.90,6.9000,true,1,1339870
7290000041452,false,קוטג תנובה מהדרין 9% 250ג,תנובה מרכז שיתופי לש,IL,"קוטג' 9% בד""צ תנובה",גרמים,250.00,100 גרם,false,,5.40,0.0216,true,1,1339872
7290000041858,false,"שמנת חמוצה 15% יטבתה 200 מ""ל מהדרין",שטראוס גרופ,IL,שמנת חמוצה 15% מועשרת מהד,גרמים,200.00,100 גרם,false,,2.50,0.0125,true,1,1341825
7290000041865,false,"לבן 4.5% יטבתה מהדרין 200מ""ל",מחלבת יטבתה,IL,לבן 4.5% שומן- מהדרין,גרמים,200.00,100 גרם,false,,2.00,0.0100,true,1,1341826
7290000041872,false,"לבן 3% יטבתה 200מ""ל מהדרין",מחלבת יטבתה,IL,לבן 3% שומן- מהדרין,גרמים,200.00,100 גרם,false,,2.00,0.0100,true,1,1341827
7290000042015,false,חלב טרי 3% תנובה שקית 1ל' מהדרין,תנובה מרכז שיתופי לש,IL,חלב שקית 3% שומן -מה,ליטרים,1.00,ליטר,false,,5.40,5.4000,true,1,1339874
7290000042404,false,חלב יוטבתה מועשר 3% שקית 1ל',מחלבת יטבתה,IL,חלב שקית מהדרין 3% מועשר,ליטרים,1.00,ליטר,false,,5.90,5.9000,true,1,1341828
7290000042435,false,חלב טרי 1% קרטון פקק 1ל' תנובה,תנובה מרכז שיתופי לש,IL,חלב 1% שומן בקרטון 1,ליטרים,1.00,ליטר,false,,5.85,5.8500,true,1,1339879
7290000042503,false,חלב עמיד קרטון 3% 1 ל' תנובה,תנובה מרכז שיתופי לש,IL,חלב עמיד 3% שומן 1 ל,ליטרים,1.00,ליטר,false,,7.20,7.2000,true,1,1339882
7290000042640,false,"חלב תנובה עמיד 3% קרטון 250 מ""ל",תנובה מרכז שיתופי לש,IL,"חלב עמיד 3% 250 מ""ל.",מיליליטרים,250.00,"100 מ""ל",false,,2.70,0.0108,true,1,1339885
7290000042855,false,יוטבתה שוקו שקית 225מל,שטראוס גרופ,IL,*פריט החזרות* שוקו שקית ב,מיליליטרים,225.00,"100 מ""ל",false,,2.40,0.0107,true,1,1341829
7290000043814,false,"שמנת מתוקה להקצפה 38% 250 מ""ל תנובה",תנובה מרכז שיתופי לש,IL,שמנת עמידה לקצפת 38%,מיליליטרים,250.00,"100 מ""ל",false,,6.40,0.0256,true,1,1339892
7290000043890,false,רויון בקרטון 1 ליטר,תנובה מרכז שיתופי לש,IL,משקה רויון 1.5% שומן,ליטרים,1.00,ליטר,false,,11.90,11.9000,true,1,1339894
7290000043944,false,כד יוגורט תנובה 4% שומן 1.5 ליטר,מיוצר עי קונדיטוריית,IL,יוגורט 4.5% שומן 1.5,ליטרים,1.50,ליטר,false,,17.90,11.9333,true,1,1339895
7290000044552,false,עוגיות אוזני פיל,,,עוגיות אוזני פיל,קילוגרמים,1.00,"ק""ג",true,,24.90,24.9000,true,1,2458121
7290000044712,false,יוגורט עם תות 1.5% שומן 500 ג' פרילי,מיוצר עי קונדיטוריית,IL,מעדן פרילי תות 500 מ,מיליליטרים,500.00,"100 מ""ל",false,,11.50,0.0230,true,1,1339898
7290000044880,false,באדי יוגורט תות 3% שומן 500 ג' תנובה,מיוצר עי קונדיטוריית,IL,מעדן באדי תות 500 גר,גרמים,500.00,100 גרם,false,,9.20,0.0184,true,1,1339900
7290000045573,false,גבינת מותכת משולשים 25% שומן 200 ג' נעמה,קריות זול,IL,גבינה נעמה.,גרמים,200.00,100 גרם,false,,14.90,0.0745,true,1,1339901
7290000045580,false,"גבינת מותכת נעמה חורש 25%, 240 ג'",תנובה מרכז שיתופי לש,IL,גבינה חורש.,גרמים,240.00,100 גרם,false,,17.90,0.0746,true,1,1339902
7290000045917,false,תנובה גבינת פרומעז 23% גלילית 200ג,קריות זול,IL,גבינת עזים פרומעז גל,גרמים,200.00,100 גרם,false,,26.90,0.1345,true,1,1339904
7290000046006,false,גבינה צהובה עמק בלוק,תנובה מרכז שיתופי לש,,גבינה צהובה עמק בלוק,קילוגרמים,1.00,"ק""ג",true,,44.75,44.7500,true,1,1339906
7290000046020,false,"גבינה גלבוע בלוק ק""ג",תנובה מרכז שיתופי לש,,"גבינה גלבוע בלוק ק""ג",קילוגרמים,1.00,"ק""ג",true,,42.55,42.5500,true,1,1339907
7290000046327,false,"גבינת גלבוע פרוס 22%, 200 ג' תנובה",תנובה מרכז שיתופי לש,IL,גבינה גלבוע פרוס 200,גרמים,200.00,100 גרם,false,,13.90,0.0695,true,1,1339911
7290000046549,false,מוצרלה חריץ תנובה במ,תנובה מרכז שיתופי לש,,גבינה מוצרלה מהדרין,קילוגרמים,1.00,"ק""ג",true,,82.00,82.0000,true,1,1339913
7290000046563,false,גבע פרמזן תנובה במשק,תנובה מרכז שיתופי לש,,"פרמזן בלוק ק""ג",קילוגרמים,1.00,"ק""ג",true,,121.00,121.0000,true,1,1339915
7290000046662,false,עמק דליקטס סקנדינבית,תנובה מרכז שיתופי לש,,"גבינה סקנדינבית ק""ג.",קילוגרמים,1.00,"ק""ג",true,,79.00,79.0000,true,1,1339917
7290000047027,false,גבינה גלעד קצקאבל27%,תנובה מרכז שיתופי לש,,"גבינה גלעד ק""ג בלוק.",קילוגרמים,1.00,"ק""ג",true,,130.00,130.0000,true,1,1339918
7290000047034,false,"גבינה רוקפור גליל ק""",תנובה מרכז שיתופי לש,,"גבינה רוקפור גליל ק""",קילוגרמים,1.00,"ק""ג",true,,126.00,126.0000,true,1,1339919
7290000047485,false,בולגרית פיראוס 24% ב,תנובה מרכז שיתופי לש,,בולגרית 24% שומן פח,קילוגרמים,1.00,"ק""ג",true,,59.00,59.0000,true,1,1339921
7290000047546,false,כנען גבינה לבנה ללא מלח 5% 500 ג',תנובה מרכז שיתופי לש,IL,גבינה כנען 5% 500 גר,גרמים,500.00,100 גרם,false,,24.90,0.0498,true,1,1339922
7290000047812,false,ראש קרפיון,,,ראש קרפיון,קילוגרמים,1.00,"ק""ג",true,,9.90,9.9000,true,1,1345586
7290000047942,false,**תנובה גבינה לבנה מהדרין 9% 250ג,תנובה מרכז שיתופי לש,IL,"גבינה למריחה 9% בד""צ",גרמים,250.00,100 גרם,false,,4.95,0.0198,true,1,1339926
7290000048185,false,גבינה לבנה 5% שומן 250 ג' תנובה,מיוצר עי קונדיטוריית,IL,גבינה למריחה 5% מהדר,גרמים,250.00,100 גרם,false,,4.95,0.0198,true,1,1339927
7290000048192,false,גבינה לבנה 9% שומן 250 ג' תנובה,מחלבת אלון תבור,IL,גבינה למריחה 9% 250,גרמים,250.00,100 גרם,false,,4.95,0.0198,true,1,1339928
7290000048307,false,קוטג' 5% וזיתים ירוקים 250ג' תנובה,מיוצר עי קונדיטוריית,IL,קוטג' 5% תנובה עם זי,גרמים,250.00,100 גרם,false,,5.90,0.0236,true,1,1339929
7290000048413,false,גבינה חמד %16 שקית 250 ג' פיראוס,תנובה מרכז שיתופי לש,IL,גבינה חמד פיראוס שקי,גרמים,250.00,100 גרם,false,,18.90,0.0756,true,1,1339930
7290000048437,false,גבינה צפתית 5% 200 ג' פיראוס,פארייפאבה אגרואינדוס,IL,צפתית 5% פיראוס 200,גרמים,200.00,100 גרם,false,,14.90,0.0745,true,1,1339931
7290000049458,false,גבינת פטה עיזים 16% גביע פיראוס 250 ג',תנובה מרכז שיתופי לש,IL,פטה עיזים 16% פיראוס,גרמים,250.00,100 גרם,false,,28.50,0.1140,true,1,1339934
7290000050447,false,יוגורט תות 500 ג' יופלה,מיוצר עי קונדיטוריית,IL,יופלה תות 500 גרם.,גרמים,500.00,100 גרם,false,,13.20,0.0264,true,1,1339940
7290000050454,false,יוגורט אפרסק 500 ג' יופלה,מיוצר עי קונדיטוריית,IL,יופלה אפרסק 500 גרם.,גרמים,500.00,100 גרם,false,,13.20,0.0264,true,1,1339941
7290000051307,false,מארז הפסקת אוכל עם דגני עוגי ומשקה חלב עמיד בטעם וניל,תנובה מרכז שיתופי לש,IL,מארז הפסקת אוכל וניל,מיליליטרים,150.00,"100 מ""ל",false,,8.90,0.0593,true,1,1339946
7290000051352,false,חלב מלא בטעם של פעם 3.4% תנובה קרטון 1 ל',תנובה מרכז שיתופי לש,IL,חלב מלא תנובה 3.5%-4,ליטרים,1.00,ליטר,false,,7.90,7.9000,true,1,1339947
7290000051376,false,יופלה דיאט אננס גביע 150 ג',תנובה מרכז שיתופי לש,IL,יופלה דיאט אננס ספור,גרמים,150.00,100 גרם,false,,5.20,0.0347,true,1,1339948
7290000051710,false,לאבנה 9% עם שמן זית וזעתר 263 ג' פיראוס,"תנובה, מחלבת אלון תב",IL,לאבנה פיראוס עם זעתר,גרמים,263.00,100 גרם,false,,13.90,0.0529,true,1,1339949
7290000052311,false,גבינה צהובה לייט 15% 200 ג' עמק,תנובה מרכז שיתופי לש,IL,עמק פרוס 15% שומן בק,גרמים,200.00,100 גרם,false,,16.90,0.0845,true,1,1339956
7290000052649,false,גבינת לאבנה 5% שומן 500 ג' פיראוס,תנובה מרכז שיתופי לש,IL,לבנה 5% אסלית על בסי,גרמים,500.00,100 גרם,false,,20.90,0.0418,true,1,1339957
7290000052717,false,קוטג' 5%עם שום שמיר 250 ג' תנובה,מיוצר עי קונדיטוריית,IL,קוטג' 5% עם שום שמיר,גרמים,250.00,100 גרם,false,,5.90,0.0236,true,1,1339959
7290000055008,false,סטייק סלמון טרי,,,סטייק סלמון טרי,קילוגרמים,1.00,"ק""ג",true,,79.00,79.0000,true,1,1344204
7290000055015,false,גבינת פיראוס פטה כבשים 5% 250 ג' פיראוס,תנובה מרכז שיתופי לש,IL,גבינה פטה כבשים 5% פ,גרמים,250.00,100 גרם,false,,26.90,0.1076,true,1,1339972
7290000055206,false,גבינה לבנה 5% בטעם בצל מטוגן 250 ג' תנובה,תנובה מרכז שיתופי לש,IL,גבינה לבנה 5% טעם בצ,גרמים,250.00,100 גרם,false,,5.90,0.0236,true,1,1339974
7290000055329,false,יופלה משקה יוגורט תות מלון 1.5% 250מל.,תנובה מרכז שיתופי לש,IL,משקה יוגורט יופלה תו,גרמים,250.00,100 גרם,false,,5.50,0.0220,true,1,1339975
7290000055336,false,יופלה משקה יוגורט בננה אפרסק 1.5% 250מל,תנובה מרכז שיתופי לש,IL,משקה יוגורט יופלה בנ,גרמים,250.00,100 גרם,false,,5.50,0.0220,true,1,1339976
7290000055343,false,יופלה משקה יוגורט טרופי 1.5% 250מל,תנובה מרכז שיתופי לש,IL,משקה יוגורט יופלה טר,גרמים,250.00,100 גרם,false,,5.50,0.0220,true,1,1339977
7290000055398,false,ראש סלמון,,,ראש סלמון,קילוגרמים,1.00,"ק""ג",true,,19.90,19.9000,true,1,1345587
7290000055770,false,ביצי דגים,,,ביצי דגים,קילוגרמים,1.00,"ק""ג",true,,29.90,29.9000,true,1,1328408
7290000056081,false,מאגדת פרילי טבע 6 יח' * 200 ג',מיוצר עי קונדיטוריית,IL,מאגדת 6 פרילי טבע- 2,גרמים,1200.00,100 גרם,false,,22.90,0.0191,true,1,1339979
7290000056272,false,גבינה לבנה 5% עם זיתים ירוקים 250 ג' תנובה,תנובה מרכז שיתופי לש,IL,גבינה לבנה 5% טעם זי,גרמים,225.00,100 גרם,false,,5.90,0.0262,true,1,1339980
7290000056784,false,פטה כבשים פיראוס 5%,תנובה מרכז שיתופי לש,,פטה כבשים פיראוס 5%,קילוגרמים,1.00,"ק""ג",true,,109.00,109.0000,true,1,1339988
7290000056845,false,חלב טרי 3% הומוגני קרטון 1.5 ל' תנובה,פארייפאבה אגרואינדוס,IL,חלב טרי הומוגני 3% ש,ליטרים,1.50,ליטר,false,,9.30,6.2000,true,1,1339989
7290000056883,false,יופלה מאגדת פרי 3% 8 יח' * 150 ג',תנובה מרכז שיתופי לש,IL,מאגדת 8 יופלה טעמים,גרמים,1200.00,100 גרם,false,,30.90,0.0257,true,1,1339990
7290000056890,false,דיאט יופלה שמינייה טעמים שונים,מיוצר עי קונדיטוריית,IL,מאגדת 8 יופלה דיאט מ,גרמים,1200.00,100 גרם,false,,30.90,0.0257,true,1,1339991
7290000056951,false,"שמנת לבישול 15% שומן 500 מ""ל תנובה",תנובה מרכז שיתופי לש,IL,שמנת לבישול 15%שומן,מיליליטרים,500.00,"100 מ""ל",false,,16.90,0.0338,true,1,1339993
7290000057088,false,גבינת דק דק 28% 200 ג' עמק,תנובה מרכז שיתופי לש,IL,עמק פרוס דק 200 גרם.,גרמים,200.00,100 גרם,false,,16.90,0.0845,true,1,1339996
7290000057118,false,עמק סמי מעדנייה כשרות מהדרין,תנובה מרכז שיתופי לש,IL,גבינה עמק פרוס 400 ג,גרמים,400.00,100 גרם,false,,21.90,0.0547,true,1,1339997
7290000057132,false,יוגורט טבעי 1.5% שומן 200 ג' תנובה,מחלבת אלון תבור,IL,יוגורט תנובה 1.5% שו,גרמים,200.00,100 גרם,false,,2.90,0.0145,true,1,1339998
7290000057149,false,יוגורט טבעי 3% שומן 200 ג' תנובה,מיוצר עי קונדיטוריית,IL,יוגורט תנובה 3% שומן,גרמים,200.00,100 גרם,false,,2.90,0.0145,true,1,1339999
7290000057477,false,"**חלב תנובה בקרטון בד""צ 3% 1.5ל",תנובה מרכז שיתופי לש,IL,חלב טרי הומוגני 3% ש,ליטרים,1.50,ליטר,false,,9.30,6.2000,true,1,1340002
7290000057552,false,יופלה דיאט עוגת גבינה ותות 0% גביע 150ג',תנובה בעמ,IL,יופלה דיאט עוגת גבינ,גרמים,150.00,100 גרם,false,,5.20,0.0347,true,1,1340004
7290000058030,false,"יופלה שטוזים משקה יוגורט תות 8 יח' * 100 מ""ל",מיוצר עי קונדיטוריית,IL,מארז 8 משקה יוגורט ש,גרמים,800.00,100 גרם,false,,20.90,0.0261,true,1,1340009
7290000058047,false,**שף לבן שמנת מתוקה מהדרין 38% פקק 500מ,תנובה מרכז שיתופי לש,IL,שמנת מתוקה להקצפה 38,מיליליטרים,500.00,"100 מ""ל",false,,12.80,0.0256,true,1,1340010
7290000060071,false,אוסם - חטיפי פריכונים מאורז מלא קלוי 80גר,"מיוצר ע""י PT, משווק",IL,אסם חטיפי פריכונים בטעם ט,גרמים,80.00,100 גרם,false,,6.90,0.0863,true,1,1305134
7290000060088,false,בייגלה אסם מקלות מלוחים 400 גרם,מיוצר עי קונדיטוריית,IL,אסם בייגלה מקלות מלוחים 4,גרמים,400.00,100 גרם,false,,9.90,0.0248,true,1,1305135
7290000060156,false,פסטה אסם אטריות ביצים דקות 200גר,"אסם השקעות בע""מ",IL,אסם אטריות ביצים דקות 200,גרמים,200.00,100 גרם,false,,6.90,0.0345,true,1,1305136
7290000060163,false,פסטה אסם אטריות דקות 400גר,"אסם השקעות בע""מ",IL,אסם אטריות דקות 400 גרם,גרמים,400.00,100 גרם,false,,6.90,0.0173,true,1,1305137
7290000060200,false,פסטה אסם פתיתים אפויים קוסקוס 500גר,"אסם השקעות בע""מ",IL,אסם פתיתים אפויים קוסקוס,גרמים,500.00,100 גרם,false,,7.90,0.0158,true,1,1305138
7290000060217,false,פסטה אסם מקרוני 7 500 גר,קריות זול,IT,אסם פסטה מקרוני 7 500 גרם,גרמים,500.00,100 גרם,false,,5.90,0.0118,true,1,1305139
7290000060248,false,פסטה אסם פתיתים תלתלים 500גר,קריות זול,IT,אסם פסטה תלתלים 500 גרם,גרמים,500.00,100 גרם,false,,5.90,0.0118,true,1,1305140
7290000060316,false,פסטה פרפקטו ספגטי 500ג' אסם,קריות זול,IT,פרפקטו ספגטי 500 גרם,גרמים,500.00,100 גרם,false,,6.90,0.0138,true,1,1305142
7290000060330,false,פרפקטו פרפקטו ספיראלי גירף 500 גר,קריות זול,IT,פרפקטו ספירלי 500 גרם,גרמים,500.00,100 גרם,false,,6.90,0.0138,true,1,1305144
7290000060385,false,פודינג וניל אינסטנט מארז רביעיה * 80 ג',אסם תעשיות,IL,אסם פודינג אינסטנט בטעם ו,גרמים,320.00,100 גרם,false,,17.90,0.0559,true,1,1305145
7290000060408,false,פסטה אסם פתיתים אפויים טבעות 500 גר,"אסם השקעות בע""מ",IL,אסם פתיתים אפויים טבעות 5,גרמים,500.00,100 גרם,false,,7.90,0.0158,true,1,1305147
7290000060415,false,פסטה פרפקטו לזאניה אסם 500ג',קריות זול,IT,פרפקטו לזניה 500 גרם,גרמים,500.00,100 גרם,false,,12.90,0.0258,true,1,1305148
7290000060576,false,פסטה אסם פתיתים אפוי כוכב 500גר,"אסם השקעות בע""מ",IL,אסם פתיתים אפויים כוכבים,גרמים,500.00,100 גרם,false,,7.90,0.0158,true,1,1305154
7290000060781,false,פסטה אסם פתיתים מסולסלים 500גר,קריות זול,IT,אסם פסטה מסולסלים 500 גרם,גרמים,500.00,100 גרם,false,,5.90,0.0118,true,1,1305155
7290000060828,false,פסטה קרניים בינוניות 500 ג' אסם,קריות זול,IT,אסם פסטה קרניים בינוניות,גרמים,500.00,100 גרם,false,,5.90,0.0118,true,1,1305156
7290000060842,false,פסטה אסם פתיתים צדפים גדולים 500גר,קריות זול,IT,אסם פסטה צדפים גדולים 500,גרמים,500.00,100 גרם,false,,5.90,0.0118,true,1,1305157
7290000060880,false,פסטה מס' 8 ספגטי אסם 500ג',קריות זול,IT,אסם פסטה ספגטי 8 500 גרם,גרמים,500.00,100 גרם,false,,5.90,0.0118,true,1,1305159
7290000060903,false,פסטה אסם פתיתים אפויים אורז 500גר,"אסם השקעות בע""מ",IL,אסם פתיתים אפויים אורז 50,גרמים,500.00,100 גרם,false,,7.90,0.0158,true,1,1305160
7290000060958,false,פסטה אסם אטריות בינוניות 400 גרם,"אסם השקעות בע""מ",IL,אסם אטריות בינוניות 400 ג,גרמים,400.00,100 גרם,false,,6.90,0.0173,true,1,1305161
7290000060965,false,פסטה אסם אטריות רחבות 400גר,"אסם השקעות בע""מ",IL,אסם אטריות רחבות 400 גרם,גרמים,400.00,100 גרם,false,,6.90,0.0173,true,1,1305162
7290000060972,false,פסטה אסם אטריות דקיקות 400 גרם,קריות זול,IT,אסם אטריות דקיקות 400 גרם,גרמים,400.00,100 גרם,false,,6.90,0.0173,true,1,1305163
7290000061061,false,קרקר בצל אסם 250 גרם,"אסם השקעות בע""מ",IL,אסם קרקר בטעם בצל 250 גרם,גרמים,250.00,100 גרם,false,,9.90,0.0396,true,1,1305164
7290000061085,false,"רוטב צ'ילי מתוק אסם 290מ""ל",אסם תעשיות,IL,"אסם רוטב צ'ילי מתוק 290מ""",מיליליטרים,290.00,"100 מ""ל",false,,10.90,0.0376,true,1,1305165
7290000061108,false,"רוטב טריאקי 290 מ""ל אסם","אסם השקעות בע""מ",IL,"אסם רוטב טריאקי 290מ""ל",מיליליטרים,290.00,"100 מ""ל",false,,10.90,0.0376,true,1,1305166
7290000061214,false,פתיתים אפויים קוסקוס עם בצל אסם 500 גר',"אסם השקעות בע""מ",IL,אסם פתיתים אפויים קוסקוס,גרמים,500.00,100 גרם,false,,7.90,0.0158,true,1,1305167
7290000061245,false,עוגיות שוקוצ'יפס ממולאו שוקו' אסם 220ג',מיוצר עי קונדיטוריית,IL,אסם עוגיות שוקוציפס ממולא,גרמים,220.00,100 גרם,false,,10.90,0.0495,true,1,1305168
7290000061450,false,פתיתים אפויים קוסקוס צבעוני אסם 500 גר',"אסם השקעות בע""מ",IL,אסם פתיתים אפויים קוסקוס,גרמים,500.00,100 גרם,false,,7.90,0.0158,true,1,1305170
7290000061764,false,נסקפה רד מאג טעם חדש 200ג',נסטלה ספרד קפה,ES,נסקפה רד מאג 200 גרם,גרמים,200.00,100 גרם,false,,23.90,0.1195,true,1,1305171
7290000062129,false,"פודינג אינסטנט טעם וניל 1ק""ג אסם","אסם השקעות בע""מ",IL,אסם פודינג אינסטנט בטעם ו,גרמים,1000.00,100 גרם,false,,27.90,0.0279,true,1,1305176
7290000062242,false,דובונים שמנת בצל 40 גר' אסם,"אסם השקעות בע""מ",IL,חבורת דובונים בטעם שמנת ב,גרמים,40.00,100 גרם,false,,4.30,0.1075,true,1,1305177
7290000062952,false,אוסם - מיני קרוטונים למרק ולסלט 250 גרם,עינת תעשיות מזון,IL,מיני קרוטונים מתובלים למר,גרמים,250.00,100 גרם,false,,13.90,0.0556,true,1,1305179
7290000063140,false,שקדי מרק רכיבים טבעיים בשקית 400 ג' אסם,"אסם השקעות בע""מ",IL,שקדי מרק אסם רכיבים טבעיי,גרמים,400.00,100 גרם,false,,12.90,0.0323,true,1,1305184
7290000063157,false,"קמח תופח מאליו אסם 1 ק""ג","אסם השקעות בע""מ",IL,אסם קמח תופח לעוגות ולאפי,קילוגרמים,1.00,"ק""ג",false,,9.90,9.9000,true,1,1305185
7290000064758,false,קוסקוס בינוני אמיתי אסם 350 ג',"מיוצר ע""י קוד יצרן K",IL,אסם קוסקוס בינוני 350 גרם,גרמים,350.00,100 גרם,false,,6.90,0.0197,true,1,1305199
7290000064871,false,"אוסם - מנה חמה פירה תפו""א עם בצל 56 גרם","אסם השקעות בע""מ",IL,מנה חמה פירה עם בצל 56 גר,גרמים,56.00,100 גרם,false,,6.50,0.1161,true,1,1305200
7290000065090,false,מיני קרוטונים למרק ולסלט 400 ג' אסם,עינת תעשיות מזון,IL,מיני קרוטונים מתובלים למר,גרמים,400.00,100 גרם,false,,22.90,0.0572,true,1,1305201
7290000065335,false,אוסם - מנה חמה פירה עם ירקות 55 גרם,"אסם השקעות בע""מ",IL,מנה חמה פירה עם ירקות 55,גרמים,55.00,100 גרם,false,,6.50,0.1182,true,1,1305203
7290000065540,false,אוסם - מנה חמה פסטה מוקרמת בטעם עוף 55 גרם,"אסם השקעות בע""מ",IL,מנה חמה פסטה מוקרמת בטעם,גרמים,55.00,100 גרם,false,,6.50,0.1182,true,1,1305204
7290000065557,false,אוסם - מנה חמה קוסקוס עם ירקות 84 גרם,"אסם תעשיות מזון בע""מ",IL,מנה חמה קוסקוס עם ירקות 8,גרמים,84.00,100 גרם,false,,6.50,0.0774,true,1,1305205
7290000065977,false,חטיפי פריכונים תירס שומשום 80 ג' אוסם,"מיוצר ע""י פרח, משווק",IL,אסם חטיפי פריכונים מתירס,גרמים,80.00,100 גרם,false,,6.90,0.0863,true,1,1305211
7290000066134,false,ביסלי בטעם פלאפל אסם,"אסם השקעות בע""מ",IL,ביסלי פלאפל 70 גרם,גרמים,70.00,100 גרם,false,,4.30,0.0614,true,1,1305212
7290000066141,false,ביסלי בטעם גריל אסם,"אסם השקעות בע""מ",IL,ביסלי גריל 70 גרם,גרמים,70.00,100 גרם,false,,4.30,0.0614,true,1,1305213
7290000066172,false,ביסלי בטעם פיצה אסם,"אסם השקעות בע""מ",IL,ביסלי פיצה 70 גרם,גרמים,70.00,100 גרם,false,,4.30,0.0614,true,1,1305216
7290000066189,false,ביסלי גדול בטעם פלאפל 200 ג' אסם,"אסם השקעות בע""מ",IL,ביסלי פלאפל 200 גרם,גרמים,200.00,100 גרם,false,,7.90,0.0395,true,1,1305217
7290000066196,false,ביסלי גדול בטעם גריל 200 ג' אסם,מיוצר עי קונדיטוריית,IL,ביסלי גריל 200 גרם,גרמים,200.00,100 גרם,false,,7.90,0.0395,true,1,1305218
7290000066226,false,ביסלי בטעם פיצה 200 ג' אסם,מיוצר עי קונדיטוריית,IL,ביסלי פיצה 200 גרם,גרמים,200.00,100 גרם,false,,7.90,0.0395,true,1,1305221
7290000066264,false,אוסם - חטיף דובונים 40 גרם,"אסם השקעות בע""מ",IL,חבורת דובונים 40 גרם,גרמים,40.00,100 גרם,false,,4.30,0.1075,true,1,1305222
7290000066295,false,אסם במבה תות מחומרים טבעיים 30גר,מיוצר עי קונדיטוריית,IL,במבה מתוקה 30 גרם,גרמים,30.00,100 גרם,false,,2.30,0.0767,true,1,1305223
7290000066318,false,במבה קלאסי 80 גרם,"אסם השקעות בע""מ",IL,במבה קלאסית 80 גרם,גרמים,80.00,100 גרם,false,,4.50,0.0563,true,1,1305224
7290000066332,false,אפרופו חטיף אסם 50ג',מיוצר עי קונדיטוריית,IL,אפרופו קלאסי 50 גרם,גרמים,50.00,100 גרם,false,,4.50,0.0900,true,1,1305225
7290000066431,false,פופקו חטיף תירס בטעם חמאה ודבש 80 גרם,מיוצר עי קונדיטוריית,IL,פופקו 80 גרם,גרמים,80.00,100 גרם,false,,4.60,0.0575,true,1,1305227
7290000067407,false,פירורית מתובל שקית 200גר,עינת תעשיות מזון,IL,אסם פירורית מתובלת 200 גר,גרמים,200.00,100 גרם,false,,5.50,0.0275,true,1,1305234
7290000067544,false,פירורית זהב שקית 200גר,עינת תעשיות מזון,IL,אסם פירורית זהב 200 גרם,גרמים,200.00,100 גרם,false,,5.50,0.0275,true,1,1305236
7290000067599,false,אוסם - מנה חמה ספגטי רוטב בולנז 65 גרם,"אסם השקעות בע""מ",IL,מנה חמה ספגטי בולונז 65גר,גרמים,65.00,100 גרם,false,,6.50,0.1000,true,1,1305240
7290000067735,false,"פסטה פרפקטו ניוקי בצקיות תפו""א 500ג' אסם",גרנדי פסטי,IT,פרפקטו ניוקי בצקיות מתפוח,גרמים,500.00,100 גרם,false,,11.90,0.0238,true,1,1305242
7290000068138,false,אסם פודינג אינסטנט וניל 80 גרם,מיוצר עי קונדיטוריית,IL,אסם פודינג אינסטנט בטעם ו,גרמים,80.00,100 גרם,false,,5.50,0.0688,true,1,1305246
7290000068206,false,ג'לי משמש אסם צבע טבעי 85 ג',מיוצר עי קונדיטוריית,IL,אסם ג'לי מהיר הכנה בטעם מ,גרמים,85.00,100 גרם,false,,5.90,0.0694,true,1,1305251
7290000068251,false,ג'לי אננס אסם צבע טבעי 85 ג',מיוצר עי קונדיטוריית,IL,אסם ג'לי מהיר הכנה בטעם א,גרמים,85.00,100 גרם,false,,5.90,0.0694,true,1,1305253
7290000068343,false,אוסם - פירכונים מאורז מלא 140 גרם,"מיוצר ע""י PT, משווק",IL,אסם פריכונים מאורז מלא 14,גרמים,140.00,100 גרם,false,,6.90,0.0493,true,1,1305256
7290000068701,false,שקדי מרק רכיבים טבע.מיכל 400ג' אסם,"אסם השקעות בע""מ",IL,שקדי מרק אסם רכיבים טבעיי,גרמים,400.00,100 גרם,false,,14.90,0.0373,true,1,1305257
7290000068770,false,במבה יום הולדת אסם 8,"אסם השקעות בע""מ",IL,במבה אריזת תינוק 80 גרם,גרמים,80.00,100 גרם,false,,4.50,0.0563,true,1,1305259
7290000068787,false,במבה יום הולדת 25גרם,מיוצר עי קונדיטוריית,IL,במבה אריזת תינוק 25 גרם,גרמים,25.00,100 גרם,false,,2.30,0.0920,true,1,1305260
7290000069258,false,פסטה פרפקטו פנה ריגאטה 500ג' אסם,קריות זול,IT,פרפקטו פנה ריגאטה 500 גרם,גרמים,500.00,100 גרם,false,,6.90,0.0138,true,1,1305266
7290000069364,false,פריכונים עגולים אורז דל נתרן אסם 140 גרם,"מיוצר ע""י PT, משווק",IL,אסם פריכונים עגול אורז דל,גרמים,140.00,100 גרם,false,,6.90,0.0493,true,1,1305271
7290000069739,false,אוסם - חטיפי קרקר שומשום 300 גרם,מיוצר עי קונדיטוריית,IL,אסם חטיפי קרקר שומשום 300,גרמים,300.00,100 גרם,false,,9.90,0.0330,true,1,1305278
7290000070308,false,אבקת מרק עוף אמיתי במיכל 400 גרם,"אסם השקעות בע""מ",IL,אסם מרק עוף אמיתי 400 גרם,גרמים,400.00,100 גרם,false,,19.90,0.0497,true,1,1305284
7290000070353,false,אבקת מרק בצל רכיבים טבעיים 400 ג' אסם,"אסם השקעות בע""מ",IL,אסם מרק בצל רכיבים טבעיים,גרמים,400.00,100 גרם,false,,25.90,0.0647,true,1,1305286
7290000072067,false,במבה במילוי קרם חלבה 60ג' אסם,מיוצר עי קונדיטוריית,IL,במבה במילוי קרם חלבה 60 ג,גרמים,60.00,100 גרם,false,,4.50,0.0750,true,1,1305300
7290000072241,false,אסם רוטב לפיצה בקבוק,"אסם השקעות בע""מ",IL,"אסם רוטב פיצה 290מ""ל",מיליליטרים,290.00,"100 מ""ל",false,,10.90,0.0376,true,1,1305304
7290000072623,false,אסם קטשופ בקבוק לחיץ,"אסם השקעות בע""מ",IL,קטשופ אסם 750 גרם,גרמים,750.00,100 גרם,false,,12.90,0.0172,true,1,1305308
7290000072630,false,קטשופ חריף אוסם 750 ג',"אסם השקעות בע""מ",IL,קטשופ חריף אסם 750 גרם,גרמים,750.00,100 גרם,false,,12.90,0.0172,true,1,1305309
7290000072753,false,קפה טייסטר צ'ויס קפה מגורען 200ג',נסטלה קוריאה - קפה,IL,נסקפה טייסטרס צ'ויס 200 ג,גרמים,200.00,100 גרם,false,,29.90,0.1495,true,1,1305312
7290000072760,false,קפה נמס טייסטרס צ'ויס 100ג',נסטלה קוריאה - קפה,KR,נסקפה טייסטרס צ'ויס 100 ג,גרמים,100.00,100 גרם,false,,26.90,0.2690,true,1,1305313
7290000072777,false,קפה טייסטר צ'ויס מגור' נ.קפאין 200ג',נסטלה קוריאה - קפה,IL,נסקפה טייסטרס צ'ויס נטול,גרמים,200.00,100 גרם,false,,44.90,0.2245,true,1,1305314
7290000072784,false,קפה טייסטר צויס נטול קופאין 100 גר',לוטה נסטלה קוריאה,KR,נסקפה טייסטרס צ'ויס נטול,גרמים,100.00,100 גרם,false,,29.90,0.2990,true,1,1305315
7290000072968,false,דגני בוקר סיני מיניס נסטלה 500 ג',נסטלה פולין דגני בוק,PL,סיני מיניס דגני בוקר מחיט,גרמים,500.00,100 גרם,false,,24.90,0.0498,true,1,1305320
7290000073125,false,אוסם - מנה חמה פסטה עם עגבניות 62 גרם,"אסם השקעות בע""מ",IL,מנה חמה פסטה ברוטב עגבניו,גרמים,62.00,100 גרם,false,,6.50,0.1048,true,1,1305321
7290000073415,false,אוסם - מנה חמה פסטה ברוטב פיצה 61 גרם,"אסם השקעות בע""מ",IL,מנה חמה פסטה ברוטב פיצה 6,גרמים,61.00,100 גרם,false,,6.50,0.1066,true,1,1305322
7290000073699,false,סלט חומוס צבר 150 גר,סלטי צבר,IL,צבר חומוס חלק 150 גרם,גרמים,150.00,100 גרם,false,,4.40,0.0293,true,1,1305324
7290000073750,false,אוסם - מנה חמה נודלס בטעם עוף 70 גרם,טאי רזידנט,CN,מנה חמה נודלס בטעם עוף 71,גרמים,71.00,100 גרם,false,,6.50,0.0915,true,1,1305325
7290000073767,false,אוסם - מנה חמה נודלס בטעם בקר 70 גרם,טאי רזידנט,CN,מנה חמה נודלס בטעם בקר 71,גרמים,71.00,100 גרם,false,,6.50,0.0915,true,1,1305326
7290000073774,false,אוסם - מנה חמה נודלס בטעם פיקנטי 70 גרם,טאי רזידנט,CN,מנה חמה נודלס בטעם פיקנטי,גרמים,71.00,100 גרם,false,,6.50,0.0915,true,1,1305327
7290000074153,false,ביסקוויט פתיבר שוקו,מיוצר עי קונדיטוריית,IL,אסם פתי בר שוקו 500גרם,גרמים,500.00,100 גרם,false,,11.90,0.0238,true,1,1305332
7290000074184,false,אוסם - פתי בר בינוני 500 גרם,"אסם השקעות בע""מ",IL,אסם פתי בר קלאסי 500 גרם,גרמים,500.00,100 גרם,false,,11.90,0.0238,true,1,1305334
7290000074245,false,אוסם - קרם קרקר אסם 250 גרם,"אסם השקעות בע""מ",IL,אסם קרם קרקר 250 גרם,גרמים,250.00,100 גרם,false,,7.90,0.0316,true,1,1305335
7290000074252,false,קרקר אסם שומשום 250 גרם,"אסם השקעות בע""מ",IL,אסם קרקר שומשום 250 גרם,גרמים,250.00,100 גרם,false,,7.90,0.0316,true,1,1305336
7290000074276,false,קרקר פיקנטי טבעון 250 ג' אסם,"אסם השקעות בע""מ",IL,אסם קרקר פיקטני 250 גרם,גרמים,250.00,100 גרם,false,,8.90,0.0356,true,1,1305337
7290000074375,false,אוסם - קרקר זהב 150 גרם,"אסם השקעות בע""מ",IL,אסם קרקר זהב 150 גרם,גרמים,150.00,100 גרם,false,,6.40,0.0427,true,1,1305341
7290000074481,false,לחמית אגוזים אסם 160 ג',"אסם השקעות בע""מ",IL,אסם לחמית אגוזים 160 גרם,גרמים,160.00,100 גרם,false,,9.90,0.0619,true,1,1305343
7290000074696,false,"קרם קרקר 1 ק""ג אוסם","אסם השקעות בע""מ",IL,"אסם קרם קרקר 1 ק""ג",גרמים,1000.00,100 גרם,false,,25.90,0.0259,true,1,1305346
7290000074764,false,קרקר זהב אסם 900 גרם,אסם תעשיות,IL,אסם קרקר זהב 900 גרם,גרמים,900.00,100 גרם,false,,25.90,0.0288,true,1,1305350
7290000075204,false,אוסם - לחמית חיטה מלאה 250 גרם,"אסם השקעות בע""מ",IL,אסם לחמית חיטה מלאה 250 ג,גרמים,250.00,100 גרם,false,,7.90,0.0316,true,1,1305354
7290000075693,false,עוגת הבית שמרים בריוש שוקולד 360ג',מיוצר עי קונדיטוריית,IL,אסם הבית עוגת שמרים בריוש,גרמים,360.00,100 גרם,false,,15.90,0.0442,true,1,1305356
7290000075761,false,עוגיות קוקיס מיסטר ש,,,עוגיות קוקיס מיסטר ש,קילוגרמים,1.00,"ק""ג",true,,35.00,35.0000,true,1,1372428
7290000076133,false,בייגלה שמיניות קטנות 400 גרם אסם,"אסם השקעות בע""מ",IL,אסם בייגלה שמיניות מלח 40,גרמים,400.00,100 גרם,false,,9.90,0.0248,true,1,1305358
7290000076645,false,אוסם - טוסטעים חיטה מלאה 100 גרם,ון דר מולן האלום,NL,אסם טוסטעים חיטה מלאה 100,גרמים,100.00,100 גרם,false,,9.90,0.0990,true,1,1305362
7290000077017,false,עוגיות קרמוגית וקרם שוקולד אסם 200 גרם,מיוצר עי קונדיטוריית,IL,אסם קרמוגית במילוי שוקולד,גרמים,200.00,100 גרם,false,,10.90,0.0545,true,1,1305363
7290000077253,false,אוסם - לחמית כפרית עם דגנים מלאים 190 גרם,"אסם השקעות בע""מ",IL,לחמית כפרית 190 גרם,גרמים,190.00,100 גרם,false,,9.90,0.0521,true,1,1305364
7290000078212,false,קרוטונים מתובלים 250 ג' אסם,עינת תעשיות מזון,IL,קרוטונים מתובלים למרק ולס,גרמים,250.00,100 גרם,false,,13.90,0.0556,true,1,1305367
7290000078762,false,אוסם - חטיפי פריכונים מאורז מלא בטעם דבש 80גר,סנורייס בלגיום אן. ו,BE,אסם חטיפי פריכונים אורז ו,גרמים,80.00,100 גרם,false,,6.90,0.0863,true,1,1305369
7290000080758,false,אוסם - טוסטעים פת קלוי 100 גרם,ון דר מולן האלום,NL,אסם טוסטעים 100 גרם,גרמים,100.00,100 גרם,false,,9.90,0.0990,true,1,1305381
7290000080765,false,טוסטעים פת קלויה עם שומשום 100 ג' אוסם,ון דר מולן האלום,NL,אסם טוסטעים עם שומשום 100,גרמים,100.00,100 גרם,false,,9.90,0.0990,true,1,1305382
7290000081663,false,בייגלה אסם טבעות שומשום 300 גרם,מיוצר עי קונדיטוריית,IL,אסם בייגלה טבעות שומשום 3,גרמים,300.00,100 גרם,false,,9.90,0.0330,true,1,1305384
7290000085104,false,פילה סלמון טרי,,,פילה סלמון טרי,קילוגרמים,1.00,"ק""ג",true,,89.00,89.0000,true,1,1344208
7290000085159,false,פרורי פתי בר לעוגות ואיפה 250 גר',מגדנית הדר,,פרורי פתי בר,גרמים,250.00,100 גרם,false,,5.90,0.0236,true,1,2548523
7290000085180,false,פתי בר וניל 470 גר' גטניו,"אחים גטניו בע""מ",,פתי בר וניל,גרמים,470.00,100 גרם,false,,9.90,0.0211,true,1,2548524
7290000089188,false,פומפדיתא מיוחד לקידוש 1 ליטר,בנימינה Binyamina,IL,פומפידיתא יין אדום מתוק -,ליטרים,1.00,ליטר,false,,14.90,14.9000,true,1,1347196
7290000090078,false,פטינה רכה למריחה,,,פטינה רכה למריחה,קילוגרמים,1.00,"ק""ג",true,,28.00,28.0000,true,1,2386559
7290000099378,false,גבינת בלוז,,,גבינת בלוז,קילוגרמים,1.00,"ק""ג",true,,69.00,69.0000,true,1,2386560
7290000099453,false,זית יוני מתובל,,,זית יוני מתובל,קילוגרמים,1.00,"ק""ג",true,,59.00,59.0000,true,1,1345591
7290000100029,false,פתיתי כרובית סנפרוסט,,,פתיתי כרובית סנפרוסט,גרמים,800.00,100 גרם,false,,19.90,0.0249,true,1,2002392
7290000100036,false,פתיתי ברוקולי סנפרוס,סנפרוסט בעמ,IL,פתיתי ברוקולי סנפרוס,גרמים,800.00,100 גרם,false,,19.90,0.0249,true,1,2002393
7290000100050,false,פתיתי ברוקולי סנפרוס,,,פתיתי ברוקולי סנפרוס,גרמים,700.00,100 גרם,false,,17.90,0.0256,true,1,2523657
7290000100128,false,פירות קפואים תות סנפרוסט 300 ג',סנפרוסט בעמ,IL,תות מוקפא 300 גרם סנ,גרמים,300.00,100 גרם,false,,12.90,0.0430,true,1,1996830
7290000100135,false,פירות קפואים דובדבן סנפרוסט 300 ג',סנפרוסט בעמ,IL,דובדבן מוקפא 300 גרם,גרמים,300.00,100 גרם,false,,12.90,0.0430,true,1,1996831
7290000100296,false,תערובת להכנת Smoothie ורוד תות ובננה,"סנפרוסט בע""מ",IL,שייק תות בננה,גרמים,300.00,100 גרם,false,,12.90,0.0430,true,1,2359225
7290000100302,false,פול ירוק ללא קליפה 600ג',"סנפרוסט בע""מ",IL,פול ירוק קפוא קלוף 6,גרמים,600.00,100 גרם,false,,23.90,0.0398,true,1,2251191
7290000100593,false,פרוסות אנטיפסטי לתנור סנפורסט 600 ג',"סנפרוסט בע""מ",IL,פרוסות אנטיפסטי לתנו,גרמים,600.00,100 גרם,false,,21.90,0.0365,true,1,2395353
7290000100609,false,קוביות אנטי פסטי להקפצה סנפורסט 600 ג',"סנפרוסט בע""מ",IL,קוביות אנטי פסטי להק,גרמים,600.00,100 גרם,false,,21.90,0.0365,true,1,2395361
7290000101132,false,לקט קטניות לחמין 800 ג' סנפרוסט,,,לקט לחמין סנפרוסט,גרמים,800.00,100 גרם,false,,19.90,0.0249,true,1,1477518
7290000101927,false,אוכמניות כחולות מוקפאות סנפרוסט 300 גרם,"איי, בי, אינבוו",IL,אוכמניות כחולות מוקפ,גרמים,300.00,100 גרם,false,,12.90,0.0430,true,1,1656748
7290000101934,false,מיקס פירות יער מוקפאות 300 ג' סנפרוסט,"סנפרוסט בע""מ",IL,מיקס פירות יער מוקפא,גרמים,300.00,100 גרם,false,,12.90,0.0430,true,1,1656749
7290000101941,false,אננס חתוך מוקפא סנפרוסט 300ג',"סנפרוסט בע""מ",IL,אננס מוקפא 300 ג סנפ,גרמים,300.00,100 גרם,false,,12.90,0.0430,true,1,1656750
7290000101958,false,מנגו חתוך מוקפא סנפרוסט 300ג',"סנפרוסט בע""מ",IL,מנגו מוקפא 300 ג סנפ,גרמים,300.00,100 גרם,false,,12.90,0.0430,true,1,1656731
7290000103365,false,מרק ירקות 550 ג' סנפרוסט,"איי, בי, אינבוו",IL,מרק ירקות 12 יח 550 גר,גרמים,550.00,100 גרם,false,,18.90,0.0344,true,1,1340441
7290000103433,false,ירקות לתנור סנפרוסט,"איי, בי, אינבוו",IL,לקט ירקות לתנור,גרמים,800.00,100 גרם,false,,22.90,0.0286,true,1,1448686
7290000103457,false,מיני כרובית סנפרוסט,"סנפרוסט בע""מ",IL,מיני כרובית סנפרוסט,גרמים,600.00,100 גרם,false,,19.90,0.0332,true,1,1438408
7290000103471,false,מיני ברוקולי סנפרוסט 600 גר',"סנפרוסט בע""מ",IL,מיני ברוקולי סנפרוסט,גרמים,600.00,100 גרם,false,,19.90,0.0332,true,1,1438409
7290000103488,false,ארטישוק הירושלמי סנפרוסט 400ג',"סנפרוסט בע""מ",IL,ארטישוק ירושלמי,גרמים,400.00,100 גרם,false,,19.90,0.0497,true,1,1448688
7290000103730,false,לקט להקפצה עם פסטה פוזילי סנפרוסט 800 ג',"איי, בי, אינבוו",IL,לקט להקפצה עם פסטה פוזילי,גרמים,800.00,100 גרם,false,,22.90,0.0286,true,1,1340448
7290000103815,false,סנפרוסט לקט להקפצה תאילנדי 800 גר,"סנפרוסט בע""מ",IL,לקט להקפצה בסגנון תאילנדי,גרמים,800.00,100 גרם,false,,22.90,0.0286,true,1,1340452
7290000103822,false,ירקות שמלווים עוף סנפרוסט 800ג',"סנפרוסט בע""מ",IL,לקט לעוף 12 יח 800 גר,גרמים,800.00,100 גרם,false,,22.90,0.0286,true,1,1340453
7290000103846,false,מרק אפונה 570 ג' סנפרוסט,"סנפרוסט בע""מ",IL,מרק אפונה 12 יח 570 גר,גרמים,570.00,100 גרם,false,,18.90,0.0332,true,1,1340455
7290000103860,false,מרק עדשים קפוא 570 ג' סנפרוסט,"איי, בי, אינבוו",IL,מרק עדשים 12 יח 570 גר,גרמים,570.00,100 גרם,false,,18.90,0.0332,true,1,1340456
7290000104072,false,עדשים ירוקות מבושלות מוקפאות 800 ג' סנפרוסט,"איי, בי, אינבוו",IL,עדשים מוקפאים 14 יח 800 ג,גרמים,800.00,100 גרם,false,,19.90,0.0249,true,1,1340458
7290000104188,false,שעועית אדומה מבושלת סנפרוסט 800 גרם,"סנפרוסט בע""מ",IL,שעועית אדומה מוקפאת 14 יח,גרמים,800.00,100 גרם,false,,19.90,0.0249,true,1,1340460
7290000104201,false,אפונה עדינה קפואה 600 גרם סנפרוסט,"איי, בי, אינבוו",IL,אפונה עדינה 12 יח 600 ג,גרמים,600.00,100 גרם,false,,19.90,0.0332,true,1,1340461
7290000104218,false,במיה סנפרוסט 600 גרם,"איי, בי, אינבוו",IL,במיה 14 יח 600 ג,גרמים,600.00,100 גרם,false,,18.90,0.0315,true,1,1340462
7290000104225,false,בצל קצוץ סנפרוסט 600 גר',"סנפרוסט בע""מ",IL,בצל קצוץ 14 יח 600 ג,גרמים,600.00,100 גרם,false,,16.90,0.0282,true,1,1340463
7290000104676,false,אפונה קפואה סנפרוסט 800 גרם,"איי, בי, אינבוו",IL,אפונה גינה 20 יח 800 ג,גרמים,800.00,100 גרם,false,,18.90,0.0236,true,1,1340465
7290000104683,false,שעועית שלמה 800 ג' סנפרוסט,"סנפרוסט בע""מ",IL,שעועית ירוקה שלמה 16 יח 8,גרמים,800.00,100 גרם,false,,22.90,0.0286,true,1,1340466
7290000104690,false,תירס גרעינים 800 ג' סנפרוסט,"איי, בי, אינבוו",IL,גרעיני תירס 20 יח 800 ג,גרמים,800.00,100 גרם,false,,19.90,0.0249,true,1,1340467
7290000104706,false,גזר גמדי סנפרוסט 800ג',"סנפרוסט בע""מ",IL,גזר גמדי 16 יח 800 ג,גרמים,800.00,100 גרם,false,,18.90,0.0236,true,1,1340468
7290000104713,false,פול ירוק סנפרוסט 800 ג',"איי, בי, אינבוו",IL,פול ירוק 20 יח 800 ג,גרמים,800.00,100 גרם,false,,24.90,0.0311,true,1,1340469
7290000104720,false,שעועית ירוקה סנפרוסט 800ג',"סנפרוסט בע""מ",IL,שעועית ירוקה חתוכה 16 יח,גרמים,800.00,100 גרם,false,,19.90,0.0249,true,1,1340470
7290000104737,false,שעועית צהובה חתוכה 800 ג' סנפרוסט,"סנפרוסט בע""מ",IL,שעועית צהובה 16 יח 800 ג,גרמים,800.00,100 גרם,false,,19.90,0.0249,true,1,1340471
7290000104744,false,כרובית סנפרוסט 800גר,"סנפרוסט בע""מ",IL,כרובית 12 יח 800 ג,גרמים,800.00,100 גרם,false,,24.90,0.0311,true,1,1340472
7290000104751,false,כרוב ניצנים סנפרוסט 800 גרם,"איי, בי, אינבוו",IL,כרוב ניצנים 16 יח 800 ג,גרמים,800.00,100 גרם,false,,24.90,0.0311,true,1,1340473
7290000104768,false,תרד עלים סנפרוסט 800 ג ',"איי, בי, אינבוו",IL,עלי תרד 14 יח 800 ג,גרמים,800.00,100 גרם,false,,24.90,0.0311,true,1,1340474
7290000104775,false,תרד מדליונים סנפרוסט,"איי, בי, אינבוו",IL,מדליוני תרד 16 יח 800 ג,גרמים,800.00,100 גרם,false,,24.90,0.0311,true,1,1340475
7290000104799,false,שעועית לבנה מבושלת סנפרוסט 800גר,"איי, בי, אינבוו",IL,שעועית לבנה 16 יח 800 גר,גרמים,800.00,100 גרם,false,,19.90,0.0249,true,1,1340476
7290000104805,false,גרגירי חומוס קפוא סנפרוסט 800 ג',"איי, בי, אינבוו",IL,גרגירי חומוס 14 יח 800 גר,גרמים,800.00,100 גרם,false,,19.90,0.0249,true,1,1340477
7290000104829,false,"קלחוני תירס 1 ק""ג סנפרוסט","סנפרוסט בע""מ",IL,קלחוני תירס 16 יח 1 קג,גרמים,1000.00,100 גרם,false,,22.90,0.0229,true,1,1340478
7290000104836,false,שעועית עדינה שלמה סנפרוסט 600ג',"סנפרוסט בע""מ",IL,שעועית עדינה שלמה 12 יח,גרמים,600.00,100 גרם,false,,22.90,0.0382,true,1,1340479
7290000104874,false,ירקות לקוסקוס של אמא סנפרוסט 800ג',"סנפרוסט בע""מ",IL,לקט קוסקוס 12 יח 800 ג,גרמים,800.00,100 גרם,false,,22.90,0.0286,true,1,1340480
7290000104881,false,אפונה וגזר קפוא סנפרוסט 800ג',"איי, בי, אינבוו",IL,לקט אפונה וגזר 13 יח 800,גרמים,800.00,100 גרם,false,,19.90,0.0249,true,1,1340481
7290000104904,false,לקט ירקות מעורבים 800 ג' סנפרוסט,"איי, בי, אינבוו",IL,ירקות מעורבים 14 יח 800 ג,גרמים,800.00,100 גרם,false,,22.90,0.0286,true,1,1340482
7290000104911,false,לקט נורמנדי סנפרוסט 800ג',"איי, בי, אינבוו",IL,לקט נורמנדי 12 יח 800 ג,גרמים,800.00,100 גרם,false,,22.90,0.0286,true,1,1340483
7290000106175,false,"לקט כפרי 2 ק""ג סנפרוסט","סנפרוסט בע""מ",IL,לקט כפרי 6 יח 2 קג,גרמים,2000.00,100 גרם,false,,39.90,0.0199,true,1,1340484
7290000106526,false,ירקות מעורבים מוקפאים חגיגה ירוקה להקפצה,"איי, בי, אינבוו",IL,חגיגה ירוקה להקפצה ס,גרמים,800.00,100 גרם,false,,19.90,0.0249,true,1,2371233
7290000107189,false,תחתיות ארטישוק סנפרוסט 400גר,"איי, בי, אינבוו",IL,תחתיות ארטישוק 12 יח 400,גרמים,400.00,100 גרם,false,,22.90,0.0572,true,1,1340485
7290000107295,false,תפרחות ברוקולי סנפרוסט 800 ג',"איי, בי, אינבוו",IL,תפרחות ברוקולי 12 יח 800,גרמים,800.00,100 גרם,false,,24.90,0.0311,true,1,1340486
7290000110844,false,"כיפלי גריל בד""צ תלמה 70 ג'",יוניליור ישראל מזון,IL,כיפלי גריל בדצ 70גר,גרמים,70.00,100 גרם,false,,5.90,0.0843,true,1,1340884
7290000111063,false,מיונז אמיתי תלמה 250 ג',יוניליוור ישראל מזון,IL,תלמה מיונז רגיל אמיתי 250,גרמים,250.00,100 גרם,false,,6.50,0.0260,true,1,1340886
7290000111186,false,מיונז אמיתי תלמה 500 ג',יוניליוור ישראל מזון,IL,תלמה רגיל מיונז אמיתי 500,גרמים,500.00,100 גרם,false,,10.90,0.0218,true,1,1340889
7290000112220,false,טחינה גולמית 100%בארכה 500ג',רושדי תעשיות מזון בע,IL,טחינה בארכה 100% שומשום ט,גרמים,500.00,100 גרם,false,,13.90,0.0278,true,1,1339263
7290000112237,false,"בארכה טחינה גולמית, 1 ק""ג",רושדי תעשיות מזון בע,IL,טחינה בארכה 100% שומשום ט,גרמים,1000.00,100 גרם,false,,24.90,0.0249,true,1,1339264
7290000112497,false,מרק עשיר עוף עם אטריות 68 ג' קנור,יוניליוור ישראל מזון,IL,מרקים רגיל אחר קנור עוף ע,גרמים,68.00,100 גרם,false,,9.90,0.1456,true,1,1340895
7290000112503,false,מרק עשיר ירקות 61 ג' קנור,יוניליוור ישראל מזון,IL,מרקים רגיל אחר קנור עשיר,גרמים,61.00,100 גרם,false,,9.90,0.1623,true,1,1340896
7290000112619,false,מרק עוף לתיבול והעשרה קנור 400 גרם,יוניליוור ישראל מזון,IL,קנור מרקי תיבול טעם עוף 4,גרמים,400.00,100 גרם,false,,19.90,0.0497,true,1,1340898
7290000114187,false,תרכיז ניקוי רב תכליתי בניחוח אורנים,סיף פנטסטיק Cif Fantastic,IL,סיף ניקוי כללי אורנים 4ל,ליטרים,4.00,ליטר,false,,19.90,4.9750,true,1,1340909
7290000116204,false,"אבקת מרק דגש בטעם עוף 1ק""ג קנור",יוניליוור ישראל מזון,IL,קנור בויון דגש 1 קג,קילוגרמים,1.00,"ק""ג",false,,14.90,14.9000,true,1,1340917
7290000116884,false,רוטב ברביקיו 350 ג' קנור,יוניליוור ישראל מזון,IL,רוטב ברביקיו 350 גר,מיליליטרים,300.00,"100 מ""ל",false,,12.90,0.0430,true,1,1340918
7290000117171,false,נמס בכוס בטעם עוף דל 48 ג' קנור,יוניליוור ישראל מזון,IL,מרקי אינסטנט אחרים קנור ב,גרמים,48.00,100 גרם,false,,6.50,0.1354,true,1,1340923
7290000117720,false,קנור - נמס בכוס זוג פטריות 21.50 גרם * 2,יוניליוור ישראל מזון,IL,מרקי אינסטנט אחרים קנור פ,גרמים,43.00,100 גרם,false,,6.50,0.1512,true,1,1340927
7290000118277,false,כופתאות מצה להכנת מהירה 65 ג' קנור,יוניליוור ישראל מזון,IL,קניידלך 130 גר,גרמים,130.00,100 גרם,false,,9.90,0.0762,true,1,1340930
7290000118352,false,"לטקס קנור כשל""פ 170 גר'",יוניליוור ישראל מזון,IL,תערובת לטקס,גרמים,170.00,100 גרם,false,,14.90,0.0876,true,1,1340932
7290000121017,false,גבינה מותכת 7% שומרון 120 גרם,שלושת האופים,IL,גבינת שומרון,גרמים,120.00,100 גרם,false,,9.90,0.0825,true,1,1329452
7290000121031,false,גבינה מותכת 14% למריחה 120ג' החתול,שלושת האופים,IL,גבינת חתול 120 גרם,גרמים,120.00,100 גרם,false,,9.90,0.0825,true,1,1329453
7290000121079,false,גבינה מון בלאן 9% שום שמיר 120ג',שלושת האופים,IL,גבינת מון בלאן שמיר 120 ג,גרמים,120.00,100 גרם,false,,9.90,0.0825,true,1,1329455
7290000121093,false,גבינה מון בלאן שוויצרית 120ג',האי נאם סי או אל.טי.,IL,גבינה מון בלאן שיווצרית,גרמים,120.00,100 גרם,false,,9.90,0.0825,true,1,1329456
7290000121109,false,"גבינת מון בלאן זיתים, 120 ג'",האי נאם סי או אל.טי.,IL,גבינת מון בלאן זיתים 120,גרמים,120.00,100 גרם,false,,9.90,0.0825,true,1,1329457
7290000121147,false,גבינה מון בלאן לייט 7% פיקנטי 120ג',"שלושת האופים בע""מ",IL,גבינת מון בלאן פיקנטי 120,גרמים,120.00,100 גרם,false,,9.90,0.0825,true,1,1329458
7290000121154,false,"גבינת מון בלאן סלמון, 120 ג'",האי נאם סי או אל.טי.,IL,גבינה מון-בלאן סלומון 120,גרמים,120.00,100 גרם,false,,9.90,0.0825,true,1,1329459
7290000121239,false,מיוקל 5% שומן ללא כולסטרול 500 ג',יוניליוור ישראל מזון,IL,תלמה מיונז מופחת שומן מיו,גרמים,500.00,100 גרם,false,,12.90,0.0258,true,1,1340939
7290000122830,false,רוטב מקסיקני 370 ג' קנור,מיוצר עי קונדיטוריית,IL,רוטב סצ'ואן 370 גר,גרמים,300.00,100 גרם,false,,12.90,0.0430,true,1,1340949
7290000129457,false,אבקת רוטב פטריות קנור 28 ג' שקית,יוניליוור ישראל מזון,IL,קנור קוק-IN-רטבים אבקת פט,גרמים,28.00,100 גרם,false,,4.90,0.1750,true,1,1340967
7290000131009,false,בצק פילו שחף 500 גרם,מאפית אריאל,,בצק פילו 500 גרם-שחף,גרמים,500.00,100 גרם,false,,14.90,0.0298,true,1,1340727
7290000131023,false,"בצק עלים שחף 1 ק""ג.",,,"בצק עלים שחף 1 ק""ג.",קילוגרמים,1.00,"ק""ג",false,,12.90,12.9000,true,1,1340728
7290000131122,false,"בצק עלים שחף 1.5 ק""ג",יושלם,,"בצק עלים שחף 1.5 ק""ג",קילוגרמים,1.50,"ק""ג",false,,16.90,11.2667,true,1,1340729
7290000133904,false,"סנו דואופרש פסיפלורה ותפוז 300 מ""ל",קריות זול,IL,דואו פרש פסיפלור.תפוז300,מיליליטרים,300.00,"100 מ""ל",false,,12.90,0.0430,true,1,1319510
7290000134147,false,טעם וריח מוסקט טחון מיכל 40גר,תות ממתקי איכות,IL,מיכל קטן מוסקט טחון 40גר',גרמים,40.00,100 גרם,false,,14.90,0.3725,true,1,1350733
7290000134307,false,תבלין קינמון טחון 50 גר',תות ממתקי איכות,IL,שק.50 גר.קינמון טחון,גרמים,50.00,100 גרם,false,,4.90,0.0980,true,1,1350734
7290000134314,false,תבלין תיבול לפיצה 120 ג',תות ממתקי איכות,IL,מיכל ת.לפיצה 120 גר',גרמים,120.00,100 גרם,false,,7.90,0.0658,true,1,1350735
7290000134338,false,תבלין אבקת שום טעם ו,תבליני טעם וריח,IL,מיכל שום אבקה 90 גר',גרמים,90.00,100 גרם,false,,7.90,0.0878,true,1,1350736
7290000134352,false,תבלין קינמון טחון 90 גר',תות ממתקי איכות,IL,מיכל קינמון ט. 90 גר',גרמים,90.00,100 גרם,false,,7.90,0.0878,true,1,1350737
7290000134376,false,תבלין פפריקה בשמן 90 גר',תות ממתקי איכות,IL,מיכל פפריקה בשמן 90 גר,גרמים,90.00,100 גרם,false,,7.90,0.0878,true,1,1350738
7290000134550,false,טעם וריח עלי דפנה שק,תות ממתקי איכות,IL,שק.עלי דפנה 12 יח',גרמים,20.00,100 גרם,false,,2.90,0.1450,true,1,1350743
7290000134666,false,תבלין רוזמרין 15ג',תות ממתקי איכות,IL,מיכל קטן רוזמרין 15גר',גרמים,15.00,100 גרם,false,,4.90,0.3267,true,1,1350744
7290000134673,false,תבלין זנגביל טעם ורי,תות ממתקי איכות,IL,מיכל קטן זנגויל 30גר',גרמים,30.00,100 גרם,false,,4.90,0.1633,true,1,1350745
7290000134680,false,תבלין קמיל שלם טעם ו,תות ממתקי איכות,IL,מיכל קטן קימל שלם 40גר',גרמים,40.00,100 גרם,false,,4.90,0.1225,true,1,1350746
7290000134758,false,"תבלין תיבול לתפו""א 100 ג'",תות ממתקי איכות,IL,"מיכל ת.תפו""א 100 גר'",גרמים,100.00,100 גרם,false,,7.90,0.0790,true,1,1350748
7290000134826,false,תבלין זעתר מעורב 100 גר',תות ממתקי איכות,IL,מיכל זעתר 100 גרם,גרמים,100.00,100 גרם,false,,7.90,0.0790,true,1,1350751
7290000134833,false,תבלין כמון טחון 100 גר',תות ממתקי איכות,IL,מיכל כמון 100 גרם,גרמים,100.00,100 גרם,false,,7.90,0.0790,true,1,1350752
7290000134840,false,תבלין כורכום טחון 100 גר',תות ממתקי איכות,IL,מיכל כורכום 100 גרם,גרמים,100.00,100 גרם,false,,7.90,0.0790,true,1,1350753
7290000134857,false,תבלין פפריקה מתוקה 100 גר',תות ממתקי איכות,IL,מיכל פ.מתוקה 100 גר',גרמים,100.00,100 גרם,false,,7.90,0.0790,true,1,1350754
7290000134864,false,תבלין פפריקה חריפה 100 גר',"תבליני טעם וריח בע""מ",IL,מיכל פ.חריפה 100 גר',גרמים,100.00,100 גרם,false,,7.90,0.0790,true,1,1350755
7290000134871,false,תבלין פלפל שחור טחון 100 גר',תות ממתקי איכות,IL,מיכל פ.שחור טחון 100 גר',גרמים,100.00,100 גרם,false,,12.90,0.1290,true,1,1350756
7290000134970,false,תבלין חוואייג טעם ור,תות ממתקי איכות,IL,מיכל חוואיג' 100 גרם,גרמים,100.00,100 גרם,false,,7.90,0.0790,true,1,1350759
7290000134987,false,תבלין פלפל שחור גרוס 90 גר',תבליני טעם וריח,IL,מיכל פל.שחור גרוס 90גר,גרמים,90.00,100 גרם,false,,12.90,0.1433,true,1,1350760
7290000134994,false,תבלין טימין 20ג',תות ממתקי איכות,IL,מיכל קטן טימין 20גר',גרמים,20.00,100 גרם,false,,4.90,0.2450,true,1,1350761
7290000135045,false,"משקה אנרגיה XL TEN תפוח 250 מ""ל","טמפו משקאות בע""מ",IL,משקה XL TENבפחית 250,מיליליטרים,250.00,"100 מ""ל",false,,4.30,0.0172,true,1,2264109
7290000135113,false,משקה אנרגיה XL TEN ללא סוכר בטעם נענע ליים,אקסל XL,IL,"משקה XL בפחית 250 מ""",מיליליטרים,250.00,"100 מ""ל",false,,4.30,0.0172,true,1,2381813
7290000135151,false,"סודה נגיעות לימון ליים 275 מ""ל",טמפו משקאות בעמ,IL,סודה נגיעות למון ליי,מיליליטרים,275.00,"100 מ""ל",false,,3.90,0.0142,true,1,2391944
7290000135168,false,"פפסי מקס ליים פחית צרה מארז שישייה 330 מ""ל",אלפא S.A,AL,מארז שישיית מקס ליים,ליטרים,1.98,ליטר,false,,19.90,10.0505,true,1,2412986
7290000135175,false,"פפסי מקס ליים פחית 330 מ""ל",אלפא S.A,AL,פפסי קולה ליים 330 מ,מיליליטרים,330.00,"100 מ""ל",false,,3.50,0.0106,true,1,2402205
7290000135182,false,"מארז 7 אפ פרי דל קלוריות בטעם לימון ליים פחית צרה 330 מ""ל*6 יח'","טמפו משקאות בע""מ",AL,מארז פחיות סבן אפ פר,ליטרים,1.98,ליטר,false,,18.90,9.5455,true,1,2425678
7290000135311,false,פפסי מקס ליים 1.5 ליטר בודד,"טמפו משקאות בע""מ",IL,פפסי מקס ליים 1.5 לי,ליטרים,1.50,ליטר,false,,7.60,5.0667,true,1,2408560
7290000135465,false,"מי סודה 500 מ""ל - מארז 12 בקבוקים",טמפו,IL,"סודה 500 מ""ל מארז תר",ליטרים,6.00,ליטר,false,,25.90,4.3167,true,1,2456910
7290000135625,false,"רביעיית פחיות גולדסטאר 500 מ""ל",טמפו,IL,רביעייה בירה גולדסטא,מיליליטרים,500.00,"100 מ""ל",false,,32.90,0.0658,true,1,2470047
7290000135632,false,"פחיות גולדסטאר לא מסונן 4*500 מ""ל",טמפו,IL,רביעיית פחית גולדסטא,מיליליטרים,500.00,"100 מ""ל",false,,34.90,0.0698,true,1,2470053
7290000136141,false,משקה בטעם קולה 1.5ל' פפסי,פפסי Pepsi,IL,פפסי קולה 1.5 ליטר,ליטרים,1.50,ליטר,false,,8.20,5.4667,true,1,2491613
7290000136158,false,פפסי מקס 1.5 ליטר פיקדון,פפסי Pepsi,IL,פפסי מקס 1.5 ליטר,ליטרים,1.50,ליטר,false,,7.60,5.0667,true,1,2491620
7290000136165,false,מירינדה בקבוק 1.5 לי,מירינדה Mirinda,IL,מירנדה 1.5 ליטר,ליטרים,1.50,ליטר,false,,8.20,5.4667,true,1,2491600
7290000136172,false,סבן אפ בקבוק 1.5 ליט,סבן אפ 7up,IL,סבן אפ 1.5 ליטר,ליטרים,1.50,ליטר,false,,8.20,5.4667,true,1,2491607
7290000136189,false,דיאט סבן אפ 1.5 ליטר FREE,סבן אפ 7up,IL,סבן אפ דיאט 1.5 ליטר,ליטרים,1.50,ליטר,false,,7.60,5.0667,true,1,2491591
7290000136240,false,סודה 1.5 ליטר שישייה בודד,טמפו,IL,סודה 1.5 ליטר,ליטרים,1.50,ליטר,false,,3.20,2.1333,true,1,2491562
7290000136257,false,פאנק טוניק גזוז בטעם פירות,טמפו,,משקה פאנק טוניק 1.5,ליטרים,1.50,ליטר,false,,8.90,5.9333,true,1,2491434
7290000136264,false,מי טוניק גזוז 1.5 ל' טמפו,טמפו,IL,משקה מי טוניק 1.5 לי,ליטרים,1.50,ליטר,false,,9.90,6.6000,true,1,2491435
7290000136271,false,סודה בטעמים - לימון ליים 1.5 ליטר - בודד,טמפו,,סודה לימון לים 1.5 ל,ליטרים,1.50,ליטר,false,,4.20,2.8000,true,1,2491574
7290000136295,false,סירופ בטעם פטל סיידר הגליל JUICER,סיידר הגליל,,סירופ בטעם פטל סיידר,מיליליטרים,330.00,"100 מ""ל",false,,15.90,0.0482,true,1,2517900
7290000136301,false,סירופ בטעם ענבים סיידר הגליל JUICER,סיידר הגליל,,סירופ בטעם ענבים סיי,מיליליטרים,330.00,"100 מ""ל",false,,15.90,0.0482,true,1,2517901
7290000136325,false,סודה בטעמים - אפרסק 1.5 ליטר - בודד,טמפו,,סודה בטעמים 1.5 ליטר,ליטרים,1.50,ליטר,false,,4.20,2.8000,true,1,2491592
7290000136387,false,סודה בטעמים - אננס 1.5 ליטר - בודד,טמפו,,סודה בטעמים 1.5 ליטר,ליטרים,1.50,ליטר,false,,4.20,2.8000,true,1,2491581
7290000136394,false,סודה בטעמים - פירות יער 1.5 ליטר - בודד,טמפו,,סודה בטעמים 1.5 ליטר,ליטרים,1.50,ליטר,false,,4.20,2.8000,true,1,2491582
7290000136431,false,משקה בטעם אפרסק צלול תריסר 1.5 ל' ג'אמפ,ג'אמפ,,ג'אמפ אפרסק צלול 1.5,ליטרים,1.50,ליטר,false,,7.50,5.0000,true,1,2491107
7290000136486,false,משקה בטעם אשכוליות דיאט תריסר 1.5 ל' ג'אמפ,ג'אמפ,IL,ג'אמפ אשכוליות דיאט,ליטרים,1.50,ליטר,false,,7.50,5.0000,true,1,2491527
7290000136561,false,משקה בטעם תות בננה תריסר 1.5 ל' ג'אמפ,ג'אמפ,IL,ג'אמפ תות בננה 1.5 ל,ליטרים,1.50,ליטר,false,,7.50,5.0000,true,1,2491529
7290000136585,false,משקה בטעם תפוזים תריסר 1.5 ל' ג'אמפ,ג'אמפ,IL,ג'אמפ תפוז 1.5 ליטר,ליטרים,1.50,ליטר,false,,7.50,5.0000,true,1,2491438
7290000136608,false,משקה בטעם תפוח צלול תריסר 1.5 ל' ג'אמפ,ג'אמפ,IL,ג'אמפ תפוח 1.5 ליטר,ליטרים,1.50,ליטר,false,,7.50,5.0000,true,1,2491530
7290000136646,false,משקה מאלט תריסר 1.5 ל' נשר,טמפו,IL,בירה נשר מאלט 1.5 לי,ליטרים,1.50,ליטר,false,,8.90,5.9333,true,1,2491427
7290000136653,false,משקה מאלט דיאט תריסר 1.5 ל' נשר,טמפו,IL,בירה דיאט מאלט 1.5 ל,ליטרים,1.50,ליטר,false,,8.90,5.9333,true,1,2491428
7290000136660,false,סודה טמפו ליטר וחצי,טמפו,IL,סודה רגיל 1.5 ליטר,ליטרים,1.50,ליטר,false,,3.20,2.1333,true,1,2494514
7290000136691,false,מארז שישייה סבן אפ 1.5 ל',סבן אפ 7up,IL,7 UP שישייה 1.5 ליטר,ליטרים,9.00,ליטר,false,,42.90,4.7667,true,1,2491614
7290000136752,false,סבן אפ דיאט מארז שישייה 1.5 ל' FREE,"טמפו משקאות בע""מ",IL,7 UP דיאט שישייה 1.5,ליטרים,9.00,ליטר,false,,39.90,4.4333,true,1,2491593
7290000136769,false,מארז שישיה בטעם קולה 1.5 ל' פפסי,פפסי Pepsi,IL,פפסי קולה שישייה 1.5,ליטרים,9.00,ליטר,false,,41.90,4.6556,true,1,2491621
7290000136776,false,מארז פפסי מקס שישיה 1.5ל',פפסי Pepsi,IL,פפסי מקס שישייה 1.5,ליטרים,9.00,ליטר,false,,37.90,4.2111,true,1,2491627
7290000136790,false,מארז סודה שישייה 1.5 ל' טמפו,טמפו,IL,שישיית סודה טמפו 1.5,ליטרים,9.00,ליטר,false,,16.70,1.8556,true,1,2491568
7290000136806,false,מארז סודה רביעייה לימון ליים 1.5 ל' טמפו,טמפו,IL,מארז סודה רביעייה 1.,ליטרים,6.00,ליטר,false,,11.90,1.9833,true,1,2491575
7290000136820,false,סודה בטעם פירות יער מארז ריבעיה * 1.5 ל' טמפו,טמפו,IL,סודה פירות יער 1.5 ל,ליטרים,6.00,ליטר,false,,11.90,1.9833,true,1,2491584
7290000136837,false,גזוז בנגיעות טעם אפרסק - מארז רביעייה,טמפו,IL,מארז סודה רביעייה 1.,ליטרים,6.00,ליטר,false,,11.90,1.9833,true,1,2491594
7290000136844,false,מארז מים מזוככים אקווה נובה שישיית 2 ליטר,אקווה נובה Aqua Nova,IL,שישייה מים אקווה נוב,ליטרים,12.00,ליטר,false,,11.70,0.9750,true,1,2493407
7290000136868,false,שישיית מים מינרלים סאן בנדטו,סאן בנדטו San Benedetto,IL,סאן-בנדטו שישייה 1.5,ליטרים,9.00,ליטר,false,,17.90,1.9889,true,1,2494010
7290000136875,false,מארז מים מינרלים מוגז 6* 1.5 ל' סאן בנדטו,סאן בנדטו San Benedetto,IL,מים סאן בנדטו מוגז ש,ליטרים,9.00,ליטר,false,,18.90,2.1000,true,1,2491536
7290000144160,false,שמן זית כתית מעולה ארומתי מודגש 750מל,"מרקאולאו, ספרד.אבסה,",IT,שמן זית כתית מעולה מודגש,מיליליטרים,750.00,"100 מ""ל",false,,32.90,0.0439,true,1,1337275
7290000144467,false,שמן חמניות מועשר בנוגדי חמצון 1 ל' עץ הזית,"נארז ע""י : א.ג. גילר",GR,שמן חמניות בריאות מהטבע 1,ליטרים,1.00,ליטר,false,,15.90,15.9000,true,1,1337278
7290000144474,false,שמן קנולה בריאות מהטבע 1 ליטר,שמן תעשיות,EE,שמן קנולה בריאות מהטבע 1,ליטרים,1.00,ליטר,false,,14.90,14.9000,true,1,1337279
7290000146645,false,הוואי - סבון מוצק שחור מסתורי 100 גרם רביעייה,טרופיקל דגיל,IL,הוואי סבון מוצק שחור 100,גרמים,400.00,100 גרם,false,,10.90,0.0273,true,1,1322817
7290000146652,false,הוואי - סבון מוצק ורוד רומנטי 100 גרם רביעייה,טרופיקל דגיל,IL,הוואי סבון מוצק ורוד 100,גרמים,400.00,100 גרם,false,,10.90,0.0273,true,1,1322818
7290000146669,false,הוואי - סבון מוצק שמיים כחולים 100 גרם רביעייה,תאי פרזידנט פוד פאבל,IL,הוואי סבון מוצק כחול 100,גרמים,400.00,100 גרם,false,,10.90,0.0273,true,1,1322819
7290000146676,false,הוואי - סבון מוצק לגבר 100 גרם רביעייה,טרופיקל דגיל,IL,הוואי סבון מוצק לגבר 100,גרמים,400.00,100 גרם,false,,10.90,0.0273,true,1,1322820
7290000146683,false,הוואי - סבון מוצק אפקט דאודורנט 100 גרם רביעייה,טרופיקל דגיל,IL,הוואי סבון מוצק דאודורנט,גרמים,400.00,100 גרם,false,,10.90,0.0273,true,1,1322821
7290000146928,false,"טום וגרי משחת שיניים בטעם ענבים 50 מ""ל",שוורצקוף& הנקל דיסלד,IL,טום&ג'רי משחת שיניים ענבי,מיליליטרים,50.00,"100 מ""ל",false,,7.90,0.1580,true,1,1322825
7290000146980,false,פלאוריד משחת שיניים ס.וויט 100מל,,,משחת שיניים פלואוריד,מיליליטרים,100.00,"100 מ""ל",false,,3.90,0.0390,true,1,1322826
7290000146997,false,"טום וג'רי - משחת שיניים מסטיק 50 מ""ל",שוורצקוף& הנקל דיסלד,IL,טום&ג'רי משחת שיניים מסטי,גרמים,50.00,100 גרם,false,,7.90,0.1580,true,1,1322827
7290000148489,false,גרעיני דלעת קלית גת 200 ג',"ג'י אנד ג'י בע""מ",IL,גרעיני דלעת,גרמים,200.00,100 גרם,false,,9.90,0.0495,true,1,1326294
7290000148618,false,אגוזי קשיו מטוגנים ק,"ג'י אנד ג'י בע""מ",IL,קשיו בשקית,גרמים,200.00,100 גרם,false,,19.90,0.0995,true,1,1326295
7290000148748,false,גרעיני חמניה קלית גת 200 ג',"ג'י אנד ג'י בע""מ",IL,גרעיני חמניה,גרמים,200.00,100 גרם,false,,5.90,0.0295,true,1,1326296
7290000148939,false,שקדים קלויים קלית גת 200 ג',"ג'י אנד ג'י בע""מ",IL,שקד קלוי בשקית,גרמים,200.00,100 גרם,false,,15.90,0.0795,true,1,1326297
7290000149349,false,שמפו לשיער רגיל 1 ל' ויטל,,,שמפו לשיער ויטל 1 לי,ליטרים,1.00,ליטר,false,,11.90,11.9000,true,1,1344407
7290000149615,false,נקה 7 סבון מוצק לתינוק רביעיה * 100 ג',גליל כימיקלים בעממשו,IL,רבעיית סבון מוצק נקה 7 לת,גרמים,400.00,100 גרם,false,,9.90,0.0248,true,1,1344409
7290000149806,false,סופר 7-סבון נוזל כלים 1.0 ל',,,נקה 7 סופר נוזל לכלי,ליטרים,1.00,ליטר,false,,11.90,11.9000,true,1,1319511
7290000149844,false,סנו - סינטבון סבון רב שימושי,סנו,,נקה 7 סינטבון חתול,גרמים,230.00,100 גרם,false,,6.90,0.0300,true,1,1319513
7290000149905,false,טקסטיל שמפו לכביסה ביד 1 ליטר,מיוצר עי קונדיטוריית,IL,טקסטיל נוזל לכביסה 1ליטר,ליטרים,1.00,ליטר,false,,12.90,12.9000,true,1,1319516
7290000149943,false,"טקסטיל שמפו-שקית 1 ק""ג",קריות זול,IL,טקסטיל שמפו בשקית 1 קג,קילוגרמים,1.00,"ק""ג",false,,12.90,12.9000,true,1,1319517
7290000150277,false,פסטרמה חזה הודו ברבי,עיצובים 2020 (4.9),,פסטרמה חזה הודו ברבי,קילוגרמים,1.00,"ק""ג",true,,69.00,69.0000,true,1,1482983
7290000150352,false,פסטרמה איטלקית עוף -,עיצובים 2020 (4.9),,פסטרמה איטלקית,קילוגרמים,1.00,"ק""ג",true,,69.00,69.0000,true,1,1476993
7290000150369,false,פסטרמה מקסיקנית בתיב,עיצובים 2020 (4.9),,פסטרמה מקסיקנית,קילוגרמים,1.00,"ק""ג",true,,69.00,69.0000,true,1,1476994
7290000150468,false,פסטרמה רומנית עוף -ט,עיצובים 2020 (4.9),,פסטרמה רומנית,קילוגרמים,1.00,"ק""ג",true,,69.00,69.0000,true,1,1476995
7290000150642,false,כתף בקר מעושן עוף טו,עיצובים 2020 (4.9),,כתף בקר מעושן עוף טו,קילוגרמים,1.00,"ק""ג",true,,89.00,89.0000,true,1,1733473
7290000151052,false,פסטרמה בדבש עוף-טוב,עיצובים 2020 (4.9),,פסטרמה בדבש טהור,קילוגרמים,1.00,"ק""ג",true,,69.00,69.0000,true,1,1482985
7290000151106,false,פסטרמה אמריקאית עוף-,עיצובים 2020 (4.9),,פסטרמה אמריקאית,קילוגרמים,1.00,"ק""ג",true,,69.00,69.0000,true,1,1476997
7290000152288,false,עוף טוב נקניקיות עוף מיס לוסי 400 ג',מוצרי עוף טוב (2001),IL,נקניקיות עוף טוב 400,גרמים,400.00,100 גרם,false,,11.90,0.0298,true,1,1506505
7290000152943,false,פסטרמה כפרית +סלמי כפרי עוף טוב 350X2ג',מולינו ניקולי s.p.a,IL,מארז סלמי/פסטרמה 700,גרמים,700.00,100 גרם,false,,25.90,0.0370,true,1,1561481
7290000153445,false,קציצות בקר מתובלות עוף טוב 500 ג',מולינו ניקולי s.p.a,IL,עוף טוב קציצות בקר מבית ט,גרמים,500.00,100 גרם,false,,29.90,0.0598,true,1,1305386
7290000153469,false,עוף טוב קציצות עוף קלאסיות 600 גר',מוצרי עוף טוב (2001),IL,עוף טוב קציצות עוף מבית ט,גרמים,600.00,100 גרם,false,,29.90,0.0498,true,1,1305387
7290000155524,false,פסטרמה פולנית עוף -ט,עיצובים 2020 (4.9),,פסטרמה פולנית,קילוגרמים,1.00,"ק""ג",true,,69.00,69.0000,true,1,1476998
7290000158105,false,שניצל עוף טוב מיני דינוזאור 700 גרם,מוצרי עוף טוב (2001),IL,עוף טוב שניצל עוף מיני די,גרמים,700.00,100 גרם,false,,35.90,0.0513,true,1,1305391
7290000166605,false,סיף פנטסטיק ניקיון כללי יסמין 4ליטר,סיף פנטסטיק Cif Fantastic,IL,סיף ניקוי כללי יסמין 4ל,ליטרים,4.00,ליטר,false,,19.90,4.9750,true,1,1341084
7290000168173,false,ברנפלקס קרנצים 375 ג' תלמה,יוניליור ישראל מזון,IL,תלמה דגני מבוגרים קראנצ'י,גרמים,375.00,100 גרם,false,,22.90,0.0611,true,1,1341119
7290000169538,false,"נמס בכוס עגבניות וקרוטונים מרק כשרות בד""ץ 62 ג' קנור",יוניליוור ישראל מזון,IL,קנור נמס בכוס ועוד עגבניו,גרמים,64.00,100 גרם,false,,6.50,0.1016,true,1,1341154
7290000169798,false,"עוגי מופחת סוכר 20% פצפוצי שוקו' 500ג' בד""צ",יוניליוור שפע ישראל,IL,עוגי 500גר,גרמים,500.00,100 גרם,false,,21.90,0.0438,true,1,1341159
7290000169798,false,"עוגי מופחת סוכר 20% פצפוצי שוקו' 500ג' בד""צ",יוניליוור שפע ישראל,IL,עוגי 500גר,גרמים,500.00,100 גרם,false,,21.90,0.0438,true,1,2379622
7290000170053,false,שוקולד פרה 100 ג' חלב.,"תופינית בע""מ",IL,כשל'פ שוקולד פרה חלב /24ט,גרמים,100.00,100 גרם,false,,5.90,0.0590,true,1,1342506
7290000174723,false,אבקת שוקולית עלית קופסא 500ג',הנסיך- מפעל לייצור ט,IL,שוקולית קופסא 500 / 12 ק,גרמים,500.00,100 גרם,false,,11.90,0.0238,true,1,1342515
7290000176062,false,קפה טורקי בצלופן 100,שטראוס קפה בי.וי.,IL,טורקי עלית ר 100 גרם,גרמים,100.00,100 גרם,false,,8.90,0.0890,true,1,1342517
7290000176079,false,קפה טורקי עם היל עלית 100 ג',הנסיך- מפעל לייצור ט,IL,עלית טורקי עם הל 00/1שק'/,גרמים,100.00,100 גרם,false,,9.60,0.0960,true,1,1342518
7290000176147,false,קפה מוקה קלוי מס1 עלית 500ג',ELITE CAFE SP. ZO.O,PL,כשלפ מוקה,גרמים,500.00,100 גרם,false,,48.90,0.0978,true,1,1342521
7290000176413,false,קפה נמס אבקתי עלית 50 ג',הנסיך- מפעל לייצור ט,IL,עלית נמס אבקתי 50 ג/1פח'/,גרמים,50.00,100 גרם,false,,8.90,0.1780,true,1,1342523
7290000176420,false,קפה נמס אבקתי 200ג עלית,שטראוס קפה בי.וי,IL,כשלפ פחיות אבקתי,גרמים,200.00,100 גרם,false,,19.90,0.0995,true,1,1342524
7290000176468,false,קפה נמס נטול קפאין 50 ג' קפה האג,"איי, בי, אינבוו",IL,כשלפ האג נמס אבקתי 50,גרמים,50.00,100 גרם,false,,11.90,0.2380,true,1,1342525
7290000176475,false,קפה נמס האג נטול קפאין 200 ג',קריות זול,IL,כשלפ האג נ.אבקתי 200ג-,גרמים,200.00,100 גרם,false,,34.90,0.1745,true,1,1342526
7290000178707,false,חטיף תפוציפס טבעי 50,"שטראוס פריטו ליי בע""",IL,תפוצ'יפס*50 בטעם טב/1שק'/,גרמים,50.00,100 גרם,false,,3.90,0.0780,true,1,1343247
7290000178721,false,חטיף תפוציפס טבעי 20,"שטראוס פריטו ליי בע""",IL,תפוציפס*200*גר'/1שק'/200ג,גרמים,200.00,100 גרם,false,,9.90,0.0495,true,1,1343248
7290000180212,false,שוקולוד פרה מריר אגוזים 100ג' עלית,"שטראוס גרופ בע""מ",IL,כשלפ ש.פרה מריר+אגוזים מר,גרמים,100.00,100 גרם,false,,5.90,0.0590,true,1,1342534
7290000189215,false,מטלית קסם לרצפה ניקו,קריות זול,CN,מטלית קסם רצפה בסט,יח',1.00,יח',false,,15.90,15.9000,true,1,1323431
7290000189536,false,אשפתון שרוך מתכלה 52/65 ניקול 40 יח',אשפלסט,TR,שקיות אשפה ניקול 40,יח',40.00,יח',false,,17.90,0.4475,true,1,2387383
7290000189598,false,מטליות לחות חד פעמיות לניקוי כללי 50 יח' ניקול,עלבד משואות יצחק בעמ,IL,ניקול מטליות לחות,יח',50.00,יח',false,,10.90,0.2180,true,1,1323441
7290000189659,false,מטליות לחות לרצפה ניקול 10 יח'-מרכז,עלבד משואות יצחק בעמ,IL,ניקול מטליות לחות,יח',10.00,יח',false,,10.90,1.0900,true,1,1323442
7290000189680,false,מארז זוג מטליות לחות לריצפה,חוגלה קימברלי,IL,זוג מטליות לחות לנ,יחידה,0.00,יחידה,false,,19.90,0.0000,true,1,1323445
7290000189734,false,מטליות לחות לפרקט 10יח' ניקול,עלבד משואות יצחק בעמ,IL,מטליות לחות לפרקטי,יח',1.00,יח',false,,14.90,14.9000,true,1,1323446
7290000190198,false,מטליות לניקוי וחיטוי חדרי שירותים ואמבטיה,עלבד משואות יצחק בעמ,IL,מ.לחות לניקוי וחיט,יח',50.00,יח',false,,10.90,0.2180,true,1,1323455
7290000190853,false,נייר טואלט לילי דו שכבתי 30 גליל,לילי Lily,,נייר טואלט לילי לבן,מטרים,552.00,מטר,false,,35.90,0.0650,true,1,2366474
7290000191225,false,האגיס - רך נולד מידה 2 מוקטן 44 יח',קימברלי קלארק שיווק,IL,חיתולי האגיס שלב 2,יח',44.00,יח',false,,34.90,0.7932,true,1,1396011
7290000191546,false,ממחטות טישו צבעוני 2 שכבות לילי מארז 100X3יח',חוגלה קימברלי,,מגבונים שלישיה צבעונ,גרמים,420.00,100 גרם,false,,10.90,0.0260,true,1,2438340
7290000191652,false,קלינקס ממחטות טישו אולטרא סופט מארז 90X3יח',חוגלה קימברלי,IL,מגבון אף קלינקס נייל,יח',270.00,יח',false,,10.90,0.0404,true,1,1323472
7290000193014,false,פדיות אינטרלוד מגיני יום לילי 50יח',חוגלה קימברלי,IL,מגני תחתון אינטרלוד,יח',50.00,יח',false,,9.90,0.1980,true,1,1323476
7290000193076,false,ניקול שלשיית מטליות לרצפה,עופרטקס,,שלישית מטליות רצפה נ,יח',3.00,יח',false,,10.90,3.6333,true,1,1323478
7290000193083,false,לילי - תחבושות נובה לי 28 יח',חוגלה קימברלי,IL,תחבושות נובה לילי,יח',28.00,יח',false,,9.90,0.3536,true,1,1323479
7290000193205,false,לילי תחבושות נטורל לילה 20 יח',קריות זול,,תחבושות היגייניות לי,יח',20.00,יח',false,,15.90,0.7950,true,1,1323482
7290000193472,false,לילי מגני תחתון נטורל נורמל 60 יח',חוגלה קימברלי,IL,מגני תחתון לשימוש יו,יח',60.00,יח',false,,15.90,0.2650,true,1,1323484
7290000193540,false,לילי אינטימייט מגן תחתון לונג 52יח',חוגלה קימברלי,IL,מגני תחתון לשימוש יו,יח',52.00,יח',false,,15.90,0.3058,true,1,1323485
7290000193618,false,לילי אינטימייט מגן תחתון נורמל 24 יח',קריות זול,,מגני תחתון לשימוש יו,יח',62.00,יח',false,,15.90,0.2565,true,1,1323486
7290000193649,false,לילי תחבושות נטורל אולטרה סופר 24 יח',קריות זול,,תחבושות היגייניות נו,יחידה,0.00,יחידה,false,,15.90,0.0000,true,1,1323487
7290000193656,false,לילי תחבושות נטורל אולטרה סופר פלוס 24 יח',קריות זול,,תחבושות היגייניות סו,יח',24.00,יח',false,,15.90,0.6625,true,1,1323488
7290000193793,false,לילי תחבושות אינטימי נורמל אולט' 24 יח',קריות זול,,תחבושות היגייניות נו,יח',24.00,יח',false,,15.90,0.6625,true,1,1323489
7290000194141,false,מכנסונים גזרתי נייט XL,,,תחתונים סופגים אובר,יח',15.00,יח',false,,69.90,4.6600,true,1,1646568
7290000194288,false,משטחי החתלה האגיס פר,Ontex,BE,האגיס משטחי החתלה,יח',10.00,יח',false,,21.90,2.1900,true,1,1323491
7290000195032,false,מכנסונים גזרתי נייט L,,,תחתונים סופגים אובר,יח',15.00,יח',false,,69.90,4.6600,true,1,1646570
7290000195773,false,האגיס - מגבוני האגיס סנסטיב קר לא מבושם 64 יח' * 4,חוגלה קימברלי,IL,מג' מארז אלוורה ו,יח',256.00,יח',false,,22.90,0.0895,true,1,1323502
7290000196039,false,"מפות שולחן איריס ח""פ ניקול 2 יח'",קריות זול,IL,מפות שולחן ניקול 2,יח',2.00,יח',false,,10.90,5.4500,true,1,1323504
7290000196343,false,"מפת שולחן מהודרת לילי 180X120ס""מ",קריות זול,IL,ניקול מפת שולחן מה,יח',1.00,יח',false,,12.90,12.9000,true,1,1323505
7290000197012,false,ניקול שקיות ניילון ריצרץ לאחסון 15יח',קריות זול,CN,שקית אחסון עם רוכס,יח',15.00,יח',false,,13.90,0.9267,true,1,1323507
7290000197029,false,ניקול שקיות ניילון ריצרץ לאחסון 12יח',קריות זול,,מארז 12 שקיות לאיחסו,יח',12.00,יח',false,,13.90,1.1583,true,1,1323508
7290000197470,false,מקפיאון שקיות הקפאה מתכלות ניקול 250יח',אשלפסט תעשיות בעמ,IL,"שקיות רב""ש מתכלות",יח',250.00,יח',false,,13.90,0.0556,true,1,1323516
7290000197999,false,רדיד אלומיניום עבה ניקול זוגי 30X7.5מ',קריות זול,IL,רדיד אלו. עבה *7.5,מטרים,15.00,מטר,false,,14.90,0.9933,true,1,1323525
7290000201849,false,טיטולים פרימיום שלב 4 40 יח',חוגלה קימברלי,IL,טיטולים פרימיום שלב,יח',40.00,יח',false,,39.90,0.9975,true,1,1366599
7290000201856,false,טיטולים פרימיום שלב 4 + 40יח',חוגלה קימברלי,IL,טיטולים פרימיום שלב,יח',38.00,יח',false,,39.90,1.0500,true,1,1366600
7290000201870,false,טיטולים פרימיום שלב 6 30 יח',חוגלה קימברלי,IL,טיטולים פרימיום שלב,יח',30.00,יח',false,,39.90,1.3300,true,1,1366602
7290000201979,false,האגיס מגבונים לחים מהדורה לא מבושם 4*56,עלבד,,מגבוני האגיס מהדורה,יח',256.00,יח',false,,22.90,0.0895,true,1,2387377
7290000204086,false,כרית קרצוף סקוטש ניקול 1+2,חוגלה קימברלי,US,סקוטש 1 2 רגיל,יח',3.00,יח',false,,11.90,3.9667,true,1,1323550
7290000204147,false,ניקול כריות יפניות 2 ב 1 רביעייה,פלסטו פוליש (ברקן),IL,כרית יפנית,יח',4.00,יח',false,,11.90,2.9750,true,1,1323551
7290000204215,false,ניקול כריות יפניות 6 יח',פלסטו פוליש (ברקן),IL,ניקול - כרית יפנית,יח',6.00,יח',false,,11.90,1.9833,true,1,1323552
7290000204253,false,מטליות ניקול רב שימושיות 9יח',נועם אורים-קיבוץ אור,IL,"מטלית רב""ש ניקול *",יח',9.00,יח',false,,10.90,1.2111,true,1,1323554
7290000204512,false,מטליות לחות לרצפה בניחוח לימון 10 יח' ניקול,עלבד משואות יצחק בעמ,IL,ניקול מטליות לחות,יח',10.00,יח',false,,10.90,1.0900,true,1,1514194
7290000204611,false,ספוגיות הקסם ניקול 6יח',קריות זול,US,ניקול ספוגית הקסם,יח',6.00,יח',false,,12.90,2.1500,true,1,1323556
7290000205526,false,פיסגה שטיפת רצפות 2 ל',"סנו מפעלי ברונוס בע""",IL,פיסגה שטיפת רצפות 2 ליטר,ליטרים,2.00,ליטר,false,,14.90,7.4500,true,1,1319523
7290000205762,false,חיתולי האגיס אקסטרה קייר מידה 3 48 יח',חוגלה קימברלי,IL,חיתולי האגיס אקסטרה,יח',48.00,יח',false,,52.90,1.1021,true,1,1396720
7290000207063,false,רסק עגבניות פריכוז 28% 240 גרם יכין,היינץ צפון אמריקה מק,IL,רסק עגבניות פריכוז 260 ג,גרמים,240.00,100 גרם,false,,4.90,0.0204,true,1,1322726
7290000207162,false,רוטב עגבניות מרכיב טבעי 100 ג' יכין,"זנלכל בע""מ",IL,רסק עגבניות 100 ג יכין,גרמים,100.00,100 גרם,false,,1.90,0.0190,true,1,1322729
7290000207438,false,עגבניות קוביות יכין 800 גר,"זנלכל בע""מ",IL,עגבניות קוביות 800 ג יכין,גרמים,800.00,100 גרם,false,,9.90,0.0124,true,1,2432334
7290000208077,false,אפונת גינה גדולה 550 גרם יכין,"זנלכל בע""מ",IL,אפונת גינה גדולה 550 ג יכ,גרמים,550.00,100 גרם,false,,7.90,0.0144,true,1,1322732
7290000208114,false,אפונת גינה וגזר 550 ג' יכין,"זנלכל בע""מ",IL,אפונה וגזר 550 ג יכין,גרמים,550.00,100 גרם,false,,7.90,0.0144,true,1,1322734
7290000208138,false,סירופ ענבים דיאט 1 ליטר יכין,"זנלכל בע""מ",IL,סירופ ענבים דיאט1ל' יכין,ליטרים,1.00,ליטר,false,,16.90,16.9000,true,1,1322736
7290000208145,false,גרגרי תירס מתוק לייט A2 יכין 550 ג',"זנלכל בע""מ",IL,תירס לייט 550 ג יכין,גרמים,550.00,100 גרם,false,,8.90,0.0162,true,1,1322737
7290000208329,false,גרעיני תירס מתוק A2 יכין 550ג',"זנלכל בע""מ",IL,תירס מתוק 550 ג יכין,גרמים,550.00,100 גרם,false,,7.90,0.0144,true,1,1322746
7290000208336,false,רסק עגבניות 22% יכין 240ג',"זנלכל בע""מ",IL,רסק עגבניות 260 ג יכין,גרמים,240.00,100 גרם,false,,3.90,0.0162,true,1,1322747
7290000208459,false,לקט ירקות מעורבים 550 ג' יכין,"זנלכל בע""מ",IL,ירקות מעורבים 550 ג יכין,גרמים,550.00,100 גרם,false,,8.90,0.0162,true,1,1322751
7290000208480,false,תירס A3 בטעם חמאה 600 גרם,קריות זול,IL,תירס בטעם חמאה A/2,גרמים,550.00,100 גרם,false,,8.90,0.0162,true,1,1322752
7290000208534,false,גרעיני תירס ילדים 550 גרם יכין,"זנלכל בע""מ",IL,תירס קיד 550 ג יכין,גרמים,550.00,100 גרם,false,,8.90,0.0162,true,1,1322753
7290000208855,false,רוטב פסטה עגבניות יכין 240 ג',"זנלכל בע""מ",IL,רוטב פסטה 260 ג יכין,גרמים,240.00,100 גרם,false,,5.50,0.0229,true,1,1322755
7290000208930,false,עגבניות מרוסקות בתוספת שום 240 ג' יכין,"זנלכל בע""מ",IL,עגבניות מרוסקות שום 260 ג,גרמים,240.00,100 גרם,false,,5.50,0.0229,true,1,1322757
7290000208947,false,עגבניות מרוסקות 240 גרם יכין,היינץ צפון אמריקה מק,IL,עגבניות מרוסקות 260 ג יכי,גרמים,240.00,100 גרם,false,,5.50,0.0229,true,1,1322758
7290000209012,false,חומץ הדרים יכין 1 לי,"זנלכל בע""מ",IL,חומץ הדרים 1 ליטר,ליטרים,1.00,ליטר,false,,5.90,5.9000,true,1,2371185
7290000209173,false,חומץ סינטטי יכין 1 ל,זנלכל,IL,חומץ סינטטי 5% יכין 1 ליט,ליטרים,1.00,ליטר,false,,4.50,4.5000,true,1,1322763
7290000209517,false,סירופ יכין לימון דיא,היינץ צפון אמריקה מק,IL,סירופ דיאט לימון 1 ליטר,ליטרים,1.00,ליטר,false,,16.90,16.9000,true,1,1322772
7290000209524,false,סירופ דייאט פטל יכין,זנלכל,IL,סירופ דיאט פטל 1 ל' יכין,ליטרים,1.00,ליטר,false,,16.90,16.9000,true,1,1322773
7290000209531,false,סירופ דיאט אשכוליות 1ל,זנלכל,IL,'סירופ דיאט אשכוליות 1 ל,ליטרים,1.00,ליטר,false,,16.90,16.9000,true,1,1322774
7290000209555,false,סירופ יכין דיאט בטעם תפוח 1ל',זנלכל,IL,'סירופ תפוחי עץ דיאט 1 ל,ליטרים,1.00,ליטר,false,,16.90,16.9000,true,1,1322775
7290000209579,false,סירופ דיאט אננס 1 ליטר,"זנלכל בע""מ",IL,סירופ דיאט אננס 1 ל'יכין,ליטרים,1.00,ליטר,false,,16.90,16.9000,true,1,1322777
7290000209708,false,עגבניות מרוסקות עם בזיליקום 240 גרם יכין,היינץ צפון אמריקה מק,IL,עגבניות מרוסקות בזיליקום,גרמים,240.00,100 גרם,false,,5.50,0.0229,true,1,1322779
7290000209722,false,רסק עגבניות 28% פריכוז 580 גרם יכין,"זנלכל בע""מ",IL,פריכוז 580 ג יכין,גרמים,580.00,100 גרם,false,,9.90,0.0171,true,1,1322781
7290000209906,false,עגבניות מרוסקות בתוספת בצל 240 ג' יכין,זנלכל,IL,עגבניות מרוסקות עם בצל 26,גרמים,240.00,100 גרם,false,,5.50,0.0229,true,1,1322782
7290000209913,false,עגבניות קוביות יכין 240 ג',"זנלכל בע""מ",IL,עגבניות קוביות 260 גרם יכ,גרמים,240.00,100 גרם,false,,5.50,0.0229,true,1,1322783
7290000209944,false,רוטב לעגבניות בסיס לשקשוקה 240 ג' יכין,"זנלכל בע""מ",IL,בסיס לשקשוקה 260 ג יכין,גרמים,240.00,100 גרם,false,,5.50,0.0229,true,1,1322784
7290000209951,false,רוטב עגבניות לפיצה 240 גרם יכין,"זנלכל בע""מ",IL,רוטב עגבניות לפיצה 260 ג,גרמים,240.00,100 גרם,false,,5.50,0.0229,true,1,1322785
7290000209968,false,רוטב עגבניות ללזניה יכין 240 גרם,"זנלכל בע""מ",IL,רוטב עגבניות ללזניה 260,גרמים,240.00,100 גרם,false,,5.50,0.0229,true,1,1322786
7290000210896,false,רוטב בולונז לפסטה יכין 240 גר',"זנלכל בע""מ",IL,רוטב בולונז 260 ג יכין,גרמים,240.00,100 גרם,false,,5.50,0.0229,true,1,1322788
7290000211169,false,"אורז תאילנדי אחד אחד סוגת 1 ק""ג",האי נאם סי או אל.טי.,IL,אורז תאילנדי סוגת 1,קילוגרמים,1.00,"ק""ג",false,,6.90,6.9000,true,1,2465968
7290000211312,false,סוגת אורז מלא פרסי אחד אחד 1 קג,האי נאם סי או אל.טי.,IL,"אורז מלא 1 ק""ג",קילוגרמים,1.00,"ק""ג",false,,8.90,8.9000,true,1,1333126
7290000211374,false,"קמח מלא סוגת 1 ק""ג",תחנות קמח דגן 2006 ב,IL,"קמח מלא 1 ק""ג",קילוגרמים,1.00,"ק""ג",false,,6.90,6.9000,true,1,1333127
7290000211442,false,"סוגת אורז פרסי קלאסי שקית 1 ק""ג",האי נאם סי או אל.טי.,IL,"אורז פרסי 1 ק""ג",קילוגרמים,1.00,"ק""ג",false,,10.90,10.9000,true,1,1333129
7290000211503,false,סוכר לבן ארוז בשקית,"סוגת תעשיות בע""מ",IL,"סה""כ סוכר לבן 1 ק""ג",קילוגרמים,1.00,"ק""ג",false,,3.90,3.9000,true,1,1333130
7290000211626,false,"אורז חיש 1 ק""ג סוגת",סוגת תעשיות,IL,"אורש חיש 1 ק""ג",קילוגרמים,1.00,"ק""ג",false,,7.90,7.9000,true,1,1333131
7290000211985,false,"אורז ריזוטו עגול סוגת 1 ק""ג","סוגת תעשיות בע""מ",IL,"אורז עגול 1 ק""ג",קילוגרמים,1.00,"ק""ג",false,,12.90,12.9000,true,1,1333132
7290000214115,false,מרק עוף בצנצנת 400 ג' ויטה,"פרי הגליל בע""""מ",IL,מרק עוף צנצ . 400ויטה,גרמים,400.00,100 גרם,false,,9.90,0.0248,true,1,1347198
7290000218502,false,חמין ויטה 568 גרם,"פרי הגליל בע""""מ",IL,חמין א -2ויטה בדצ,גרמים,570.00,100 גרם,false,,8.90,0.0156,true,1,1347201
7290000226569,false,עוגת טורט קצפת שוקולד 1 קג',קפולסקי שיווק וקמעונ,IL,ע .טורט קצפת שוקולד,קילוגרמים,1.00,"ק""ג",false,,59.90,59.9000,true,1,1347220
7290000226613,false,עוגות דובוש מצופה שוקולד 400 גר',קפולסקי שיווק וקמעונ,IL,ע .דובוש מצופה שוקולד,גרמים,500.00,100 גרם,false,,34.90,0.0698,true,1,1347223
7290000238029,false,"בצק עלים צרפתי מרודד מעדנות 1ק""ג",מיוצר עי קונדיטוריית,IL,"בצק עלים מרודד 1 ק""ג מעדנ",קילוגרמים,1.00,"ק""ג",false,,19.90,19.9000,true,1,1340490
7290000238036,false,מלאווח 6יח' מעדנות 700ג',מיוצר עי קונדיטוריית,IL,מלאווח 700גר מעדנות,גרמים,700.00,100 גרם,false,,16.90,0.0241,true,1,1340491
7290000238173,false,בורקס גבינה 800 ג' מעדנות,מיוצר עי קונדיטוריית,IL,בורקס גבינה מעדנות 800גר,גרמים,800.00,100 גרם,false,,22.90,0.0286,true,1,1340492
7290000238180,false,בורקס תפוחי אדמה מעדנות 800ג',מיוצר עי קונדיטוריית,IL,"בורקס תפו""א 800 גרם מעדנו",גרמים,800.00,100 גרם,false,,19.90,0.0249,true,1,1340493
7290000244143,false,"הוואי - קרם לאחר גילוח 120 מ""ל",תאי פרזידנט פוד פאבל,IL,הוואי קרם לאחר גילוח 120,גרמים,120.00,100 גרם,false,,14.90,0.1242,true,1,1322834
7290000244631,false,"קרם ענוגה בגליצרין 80 מ""ל",טרופיקל דגיל,IL,קרם ענוגה גליצרין 80 גר',מיליליטרים,80.00,"100 מ""ל",false,,7.90,0.0988,true,1,1322839
7290000244761,false,"ולוטה - קרם ידיים 100 מ""ל",תאי פרזידנט פוד פאבל,IL,"קרם ידיים ולוטה 100 מ""ל",מיליליטרים,80.00,"100 מ""ל",false,,9.90,0.1238,true,1,1322840
7290000245072,false,סוד מרכך לכביסה סופט בייבי 4 ל',"הנקל סוד בע""מ",IL,מרכך כביסה סוד בייבי 4 לי,ליטרים,4.00,ליטר,false,,18.90,4.7250,true,1,1360945
7290000245157,false,סוד סופט מרכך כביסה סנסיישן 4 ליטר,"הנקל סוד בע""מ",IL,מרכך כביסה סוד סנסיישן 4,ליטרים,4.00,ליטר,false,,18.90,4.7250,true,1,1360947
7290000245270,false,"פרסיל אבקת כביסה סופרא 1.250 ק""ג","הנקל סוד בע""מ",IL,"אבקת כביסה פרסיל 1.25 ק""ג",קילוגרמים,1.25,"ק""ג",false,,15.90,12.7200,true,1,1360949
7290000245287,false,"פרסיל אבקת כביסה 1.250 ק""ג קולור ויניגר","הנקל סוד בע""מ",IL,"אבקת כביסה פרסיל 1.25 ק""ג",קילוגרמים,1.25,"ק""ג",false,,15.90,12.7200,true,1,1360950
7290000245294,false,"א.כ. פרסיל סופרא שקית 2.5 ק""ג","הנקל סוד בע""מ",IL,אבקת כביסה פרסיל אקטיב 2.,קילוגרמים,2.50,"ק""ג",false,,28.90,11.5600,true,1,1360951
7290000245478,false,"אבקת כביסה לבגדי תינוקות 1.25 ק""ג סוד","הנקל סוד בע""מ",IL,אבקת כביסה סוד בייבי 1.25,קילוגרמים,1.25,"ק""ג",false,,12.90,10.3200,true,1,1360955
7290000245515,false,"אבקת כביסה בניחוח לבנדר 1.25 ק""ג סוד","הנקל סוד בע""מ",IL,אבקת כביסה סוד לבנדר 1.25,קילוגרמים,1.25,"ק""ג",false,,12.90,10.3200,true,1,1360957
7290000245539,false,"קומפקט סוד 1.250 ק""ג קולור לכביסה צבעונית","הנקל סוד בע""מ",IL,אבקת כביסה סוד קולור 1.25,קילוגרמים,1.25,"ק""ג",false,,12.90,10.3200,true,1,1360958
7290000245782,false,סוד סופט מרכך כביסה ורוד 4 ליטר,"הנקל סוד בע""מ",IL,מרכך כביסה סוד ורוד 4 ליט,ליטרים,4.00,ליטר,false,,18.90,4.7250,true,1,1360963
7290000245799,false,סוד סופט מרכך כביסה כחול 4 ליטר,"הנקל סוד בע""מ",IL,מרכך כביסה סוד כחול 4 ליט,ליטרים,4.00,ליטר,false,,18.90,4.7250,true,1,1360964
7290000253220,false,שוקולד צ'יפס חום אופנהיימר 260 גר',אופנהיימר,IL,אופנ.שוקוצ'יפס פרווה 300,גרמים,260.00,100 גרם,false,,12.90,0.0496,true,1,1318899
7290000253251,false,שוקולד צ'יפס לבן אופנהיימר 300ג',אופנהיימר,IL,אופנ.שוקוצ'יפס לבן 300 גר,גרמים,250.00,100 גרם,false,,12.90,0.0516,true,1,1318900
7290000253374,false,מיני שוקולד צ'יפס - נטיפי שוקולד מריר,אופנהיימר,IL,מיני שוקולד ציפס 25,גרמים,250.00,100 גרם,false,,14.90,0.0596,true,1,2474321
7290000253411,false,סוכריות קישוט צבעוני 90 גר,אחים מזרחי,IL,סוכריות לקישוט צבעונ,גרמים,90.00,100 גרם,false,,4.90,0.0544,true,1,2271961
7290000253459,false,נטיפי ציפס בטעם קרמל 250 גר' אופנהיימר,אופנהיימר,IL,שוקולד צ'יפס בטעם קר,גרמים,260.00,100 גרם,false,,12.90,0.0496,true,1,2542555
7290000253558,false,חלת מרציפן אופנהיימר,אופנהיימר,IL,מרציפן חלה 50 גרם,גרמים,50.00,100 גרם,false,,4.90,0.0980,true,1,2271952
7290000253732,false,מרציפן מצופה שוקולד 86 גרם,אופנהיימר,IL,מרציפן מצופה שוקולד,גרמים,86.00,100 גרם,false,,8.90,0.1035,true,1,2271953
7290000267012,false,שקדים מולבנים שלמים,"דין שיווק וקליה בע""מ",IL,שקדים מולבנים 100 גר,גרמים,100.00,100 גרם,false,,10.90,0.1090,true,1,1327505
7290000267029,false,שקדים מולבנים חצויים,"דין שיווק וקליה בע""מ",IL,שקדים מולבנים 100 גר,גרמים,100.00,100 גרם,false,,10.90,0.1090,true,1,1327506
7290000267043,false,שקדים מולבנים פרוסים,"דין שיווק וקליה בע""מ",IL,שקדים מולבנים 100 גר,גרמים,100.00,100 גרם,false,,10.90,0.1090,true,1,1327508
7290000267050,false,שקדים טבעיים טחונים,"דין שיווק וקליה בע""מ",IL,שקדים טחונים 100 גרם,גרמים,100.00,100 גרם,false,,10.90,0.1090,true,1,1327509
7290000267104,false,שקד מולבן גרוס/מרוסק,"דין שיווק וקליה בע""מ",IL,שקדים מרוסקים 100 גר,גרמים,100.00,100 גרם,false,,10.90,0.1090,true,1,1327510
7290000267548,false,אגוזי מלך גרוסים 100 ג',דין שיווק,IL,אגוז מלך גרוסים 100ג,גרמים,100.00,100 גרם,false,,9.90,0.0990,true,1,1327511
7290000267555,false,בוטנים טבעיים גרוסים,דין שיווק,,בוטנים טבעיים גרוסים,גרמים,100.00,100 גרם,false,,4.50,0.0450,true,1,1327512
7290000267586,false,גרעייני חמניה קלופים 150 גר,"דין שיווק וקליה בע""מ",IL,חמניות קלופות 150 גר,גרמים,150.00,100 גרם,false,,4.90,0.0327,true,1,1327513
7290000267678,false,גרעיני דלעת טבעי קלוף שקדיה 150 ג',"דין שיווק וקליה בע""מ",IL,דלעת 150 גרם,גרמים,150.00,100 גרם,false,,7.90,0.0527,true,1,1327514
7290000272443,false,סירופ עסיס דיאט תפוזים צ.טבעי 1 ל',בית-השיטה עסיס תעשיו,IL,עסיס סירופ דיאט בטעם תפוז,ליטרים,1.00,ליטר,false,,16.90,16.9000,true,1,1305405
7290000272467,false,סירופ עסיס דיאט פטל 1ל,בית-השיטה עסיס תעשיו,IL,עסיס סירופ דיאט בטעם פטל,ליטרים,1.00,ליטר,false,,16.90,16.9000,true,1,1305406
7290000272696,false,עסיס מיץ לימון טבעי משומר 1 ל' אסם,בית-השיטה עסיס תעשיו,IL,עסיס מיץ לימון משומר מרכז,ליטרים,1.00,ליטר,false,,9.90,9.9000,true,1,1305407
7290000272726,false,חומץ טבעי 5% עסיס 1 ל' אסם,בית השיטה עסיס תעשיו,IL,עסיס חומץ 5% 1 ליטר,ליטרים,1.00,ליטר,false,,6.90,6.9000,true,1,1305408
7290000286228,false,כרית קרצוף לכלים סנו סושי 6יח',סנו מפעלי ברונו בעמ,IL,סנו סושי 6 כריות יפניות,יח',6.00,יח',false,,12.90,2.1500,true,1,1319524
7290000286297,false,"סנו אנטי קאלק מסיר אבן מקומקום 700 מ""ל",סנו מפעלי ברונוס בעמ,IL,סנו אנטיקאלק מסיר אבן700,מיליליטרים,700.00,"100 מ""ל",false,,10.90,0.0156,true,1,1319525
7290000286488,false,ספוג רחצה כיף פיראט,קוסמופארם,IL,ספוג כיף פיראט 1 יחידה,יח',1.00,יח',false,,5.90,5.9000,true,1,1319527
7290000286495,false,ספוג בייבי עדין כייף,קוסמופארם,IL,ספוג בייבי כיף,יחידה,0.00,יחידה,false,,5.90,0.0000,true,1,1319528
7290000286525,false,ספוג כייף פרינה רחצה 1יח',קוסמופארם,IL,ספוג כיף רחצה פרינה 1 יח,יח',1.00,יח',false,,7.90,7.9000,true,1,1319530
7290000286549,false,סנו סושי מטליות לניקוי כללי 9 יח',טרופיקל דגיל תעשיות,IL,'מטליות רב שימוש 9 יח,יח',9.00,יח',false,,10.90,1.2111,true,1,1319531
7290000286594,false,סנו X לימון במיכל 600 ג',סנו מפעלי ברונוס בעמ,IL,לימון 600 גרם X-סנו,גרמים,600.00,100 גרם,false,,9.90,0.0165,true,1,1319533
7290000286631,false,"סנו אבקה לניקוי ומירוק בריח לימון 600 מ""ל",קריות זול,IL,לימון שק.מילוי600ג X סנו,גרמים,600.00,100 גרם,false,,6.90,0.0115,true,1,1319534
7290000286761,false,ניילון נצמד סנו סושי פלסטיק מארז 30X2 מ',מיוצר עי קונדיטוריית,CN,ניילון נצמד 2*30 מטר,יח',2.00,יח',false,,12.90,6.4500,true,1,1319535
7290000286877,false,סנו רב לניקוי מתכת,סנו,IL,"סנו רב מתכת 300 מ""ל",מיליליטרים,300.00,"100 מ""ל",false,,24.90,0.0830,true,1,1319536
7290000286891,false,סנו מגן קריסטל לרצפו,"סנו מפעלי ברונוס בע""",IL,סנו מגן קריסטל לרצפות1לי,ליטרים,1.00,ליטר,false,,23.90,23.9000,true,1,1319537
7290000286907,false,סנו מסיר כתמים באירו,סנו מפעלי ברונוס בעמ,IL,"סנו מסיר כתמים 170 מ""ל",גרמים,125.00,100 גרם,false,,22.90,0.1832,true,1,1319538
7290000286921,false,"סנוקל רסס וכבס 750 מ""ל",סנו מפעלי ברונוס בעמ,IL,"סנוקל רסס וכבס 750 מ""ל",מיליליטרים,750.00,"100 מ""ל",false,,19.90,0.0265,true,1,1319540
7290000286945,false,"סנו רהיט אקדח מרסס 500מ""ל","סנו מפעלי ברונוס בע""",IL,"סנו רהיט מרסס 500 מ""ל",מיליליטרים,500.00,"100 מ""ל",false,,22.90,0.0458,true,1,1319541
7290000287102,false,"סנו שמפו שטיחים אירוסול 600 מ""ל",מיוצר עי קונדיטוריית,IL,סנו שמפו לשטיחים 540 גרם,מיליליטרים,600.00,"100 מ""ל",false,,22.90,0.0382,true,1,1319544
7290000287195,false,"סנו רהיט ספריי עשיר בווקס להברקה 305 מ""ל",מיוצר עי קונדיטוריית,IL,סנורהיט מבריק רהיטים305ג,מיליליטרים,300.00,"100 מ""ל",false,,14.90,0.0497,true,1,1319545
7290000287355,false,סנו סופר פוליש לרצפה,קריות זול,IL,סנו סופר פוליש לרצפות 1ל,ליטרים,1.00,ליטר,false,,27.90,27.9000,true,1,1319547
7290000287362,false,פוליוקס 4 ל' גולדן סנרייז,סנו,IL,פוליויקס סנרייז 4 ליטר,ליטרים,4.00,ליטר,false,,42.90,10.7250,true,1,1319548
7290000287409,false,סנובון שלישיה תות 3 יח' *55 ג',סנו מפעלי ברונוס בעמ,IL,55 גרם X'סנובון תות 3יח,גרמים,165.00,100 גרם,false,,12.90,0.0782,true,1,1319549
7290000287430,false,סנובון צבעוני לאסלה בריח לימון שלישייה,סנו מפעלי ברונו בעמ,IL,'סנובון לימון לאסלה 3 יח,גרמים,165.00,100 גרם,false,,12.90,0.0782,true,1,1319550
7290000287485,false,סנובון לובר לאסלה 3 יח' * 55 ג',סנו מפעלי ברונו בעמ,IL,55גרם X'סנובון לובר 3יח,גרמים,165.00,100 גרם,false,,12.90,0.0782,true,1,1319551
7290000287492,false,"סנו - סנובון נוזלי לימון 750 מ""ל","איי, בי, אינבוו",IL,סנובון נוזלי לימון 750מל,מיליליטרים,750.00,"100 מ""ל",false,,10.90,0.0145,true,1,1319552
7290000287607,false,לאסלות סנו בלו גדול,קריות זול,IL,סנו בלו סבון למיכל האסלה,גרמים,150.00,100 גרם,false,,19.90,0.1327,true,1,1319554
7290000287621,false,"מנקה אסלות סנו אנטי קאלק 750 מ""ל,",מיוצר עי קונדיטוריית,IL,סנו אנטי קאלק לאסלות750מ,מיליליטרים,750.00,"100 מ""ל",false,,11.90,0.0159,true,1,1319555
7290000288024,false,סנו - ז'אוול אקונומיקה בריח לימון 4 ליטר,"סנו מפעלי ברונוס בע""",IL,סנו ג'אוול לימון 4 ליטר,ליטרים,4.00,ליטר,false,,16.90,4.2250,true,1,1319564
7290000288048,false,סנו ז'אוול קצף לבנדר מרסס 1ל',קריות זול,IL,סנו ג'אוול מרסס לבנדר 1ל,ליטרים,1.00,ליטר,false,,19.90,19.9000,true,1,1319566
7290000288079,false,סנו - ז'אוול אקונומיקה לימון 2 ליטר,"סנו מפעלי ברונוס בע""",IL,סנו ג'אוול לימון 2 ליטר,ליטרים,2.00,ליטר,false,,13.90,6.9500,true,1,1319567
7290000288086,false,"סנו ז'אוול אבקת ואקונומיקה לימון 600 מ""ל",מיוצר עי קונדיטוריית,IL,ג'אוול אב.ניקוי לימון600,גרמים,600.00,100 גרם,false,,10.90,0.0182,true,1,1319568
7290000288109,false,"אבקת כביסה מקסימה אפקט ג''אוול 1.25 ק""ג סנו",סנו מפעלי ברונוס בעמ,IL,אבקת מקסימה ג'אבל 1.25קג,קילוגרמים,1.25,"ק""ג",false,,16.90,13.5200,true,1,1319569
7290000288291,false,סנומט דוחה חרקים 30 טבליות,טרופיקל דגיל תעשיות,IT,סנומט קוטל יתוש/זבוב30טב,יח',30.00,יח',false,,9.90,0.3300,true,1,1319571
7290000288352,false,"סנו K-300 חרקים ונמלים 630מ""ל","סנו מפעלי ברונוס בע""",IL,300 קוטל חרק./זוחל630מ-K,מיליליטרים,630.00,"100 מ""ל",false,,19.90,0.0316,true,1,1319573
7290000288383,false,"סנו K-500 נמלים ותיקנים 630מ""ל",מיוצר עי קונדיטוריית,IL,500 תרס.נגד נמלים 400מ-K,מיליליטרים,400.00,"100 מ""ל",false,,22.90,0.0572,true,1,1319574
7290000288390,false,"סנו K-600 מעופפים 500מ""ל","סנו מפעלי ברונוס בע""",IL,600 יבש קוטל חרקים500מ-K,מיליליטרים,450.00,"100 מ""ל",false,,22.90,0.0509,true,1,1319575
7290000288420,false,סנו די דוחה יתושיםספ,סנו מפעלי ברונוס בע',IL,סנו די תרסיס דוחה יתושים,מיליליטרים,175.00,"100 מ""ל",false,,19.90,0.1137,true,1,1319577
7290000288840,false,סנו - מים מזוקקים 2 ליטר,סנו,IL,סנו מים מזוקקים 2 ליטר,ליטרים,2.00,ליטר,false,,12.90,6.4500,true,1,1319582
7290000289052,false,פוליוקס 4 ליטר סחלבים,סנו,IL,פוליויקס סחלבים 4 ליטר,ליטרים,4.00,ליטר,false,,42.90,10.7250,true,1,1319584
7290000289069,false,סנו - ז'אוול מרסס קצף ניקוי בתוספת אקונומיקה בריח לימון 1 ליטר,"סנו מפעלי ברונוס בע""",IL,סנו ג'אוול מרסס לימון 1ל,ליטרים,1.00,ליטר,false,,19.90,19.9000,true,1,1319585
7290000289236,false,K3 נמלים פיתיון ג'ל - קוטל נמלים בבית ובחצר,"סנו מפעלי ברונוס בע""",IL,סנו -K3 פיתיון ג'ל ל,גרמים,12.00,100 גרם,false,,49.90,4.1583,true,1,2400949
7290000289380,false,"סנו - ז'אוול לניקוי אסלות לימון 750 מ""ל",סנו,IL,מונבלאן750 WC ג'אוול ג'ל,מיליליטרים,750.00,"100 מ""ל",false,,10.90,0.0145,true,1,1319591
7290000289472,false,סנו סושי שקיות 76*90 50 יח' XXL,מיוצר עי קונדיטוריית,IL,50 שק.אשפה מתכלות 76*90ס,יח',50.00,יח',false,,19.90,0.3980,true,1,1319593
7290000289496,false,"סנו - ז'אוול ג'ל קרם לניקוי כללי לימון 750 מ""ל",הורביץ סחר,IL,ג'אוול ג'ל קרם לימון750מ,מיליליטרים,750.00,"100 מ""ל",false,,12.90,0.0172,true,1,1319594
7290000289601,false,סנו ז'אוול בריח לבנדר 2 ל',"סנו מפעלי ברונוס בע""",IL,סנו ג'אוול לבנדר 2 ליטר,ליטרים,2.00,ליטר,false,,13.90,6.9500,true,1,1319597
7290000289748,false,"סנו פורטה פלוס מסיר שומנים לתנור 750מ""ל","סנו מפעלי ברונוס בע""",IL,"סנו פורטה פלוס 750 מ""ל",מיליליטרים,750.00,"100 מ""ל",false,,16.90,0.0225,true,1,1319599
7290000289885,false,"סנו פרש ענק אושן כחול 375 מ""ל",קריות זול,IL,סנופרש ענק אושן כחול375מ,מיליליטרים,375.00,"100 מ""ל",false,,9.90,0.0264,true,1,1319600
7290000289892,false,"סנו פרש ענק מאונטן טורקיז 375 מ""ל",סנו,IL,סנו פרש מאונטן טורקיז375,מיליליטרים,375.00,"100 מ""ל",false,,9.90,0.0264,true,1,1319601
7290000289915,false,"סנו פרש ענק קוקו וניל צהוב 375 מ""ל",סנו,IL,"סנופרש וניל מתוק 375 מ""ל",מיליליטרים,375.00,"100 מ""ל",false,,9.90,0.0264,true,1,1319602
7290000291857,false,סנו פוליווקס סאנרייז 2 ל',קריות זול,IL,פוליויקס סנרייז 2 ליטר,ליטרים,2.00,ליטר,false,,24.90,12.4500,true,1,1319605
7290000291932,false,"סנובון לניקוי לבנדר 750מ""ל","איי, בי, אינבוו",IL,סנובון נוזלי לבנדר 750מל,מיליליטרים,750.00,"100 מ""ל",false,,10.90,0.0145,true,1,1319607
7290000291956,false,סנו ז'אוול בריח לבנדר 1 ל',,,ז'אוול אקונומיקה 1 ל,ליטרים,1.00,ליטר,false,,7.90,7.9000,true,1,1319608
7290000291963,false,סנו ז'אוול סמיכה לימון 1 ל',קריות זול,IL,אקונומיקה ג'אוול סמיכה1ל,ליטרים,1.00,ליטר,false,,7.90,7.9000,true,1,1319609
7290000292007,false,K3 פיתיון ג'ל קוטל תיקנים (ג'וקים) בבית ובחצר,מיוצר עי קונדיטוריית,IL,סנו -K3 פיתיון לקטיל,גרמים,10.00,100 גרם,false,,49.90,4.9900,true,1,2329696
7290000292137,false,"סנו: נוזל ניקוי וטיפול במוצרי עור 500 מ""",מיוצר עי קונדיטוריית,IL,"סנו לניקוי עור 500 מ""ל",מיליליטרים,500.00,"100 מ""ל",false,,29.90,0.0598,true,1,1319610
7290000292311,false,סנו פוליווקס לרצפות סחלבים 2ל',"סנו מפעלי ברונוס בע""",IL,פוליויקס סחלבים 2 ליטר,ליטרים,2.00,ליטר,false,,24.90,12.4500,true,1,1319611
7290000292434,false,"שקית מילוי רהיט נוזל 500 מ""ל",סנו,IL,שקית מילוי סנו רהיט 500מ,מיליליטרים,500.00,"100 מ""ל",false,,12.90,0.0258,true,1,1319612
7290000292533,false,ג'ל סנו כחול לניקוי כללי 1 ליטר,קריות זול,,ג'ל לניקוי כללי אורנ,ליטרים,1.00,ליטר,false,,16.90,16.9000,true,1,1319614
7290000292557,false,סנומט מלוי נוזלי דוחה יתושים 45 לילות,טרופיקל דגיל תעשיות,IT,סנומט נוזלי45לילות-מילוי,מיליליטרים,35.00,"100 מ""ל",false,,19.90,0.5686,true,1,1319616
7290000292564,false,"סנו 2000-K דוחה חרקים ללא ריח 750 מ""ל",מיוצר עי קונדיטוריית,IL,"2000 אינסקטל 750 מ""ל-K",מיליליטרים,750.00,"100 מ""ל",false,,29.90,0.0399,true,1,1319617
7290000292687,false,סנובון לאסלה כחול אפרסק נתלה 55X3ג',מיוצר עי קונדיטוריית,IL,55גX3 סנובון כחול שלישיה,גרמים,165.00,100 גרם,false,,15.90,0.0964,true,1,1319620
7290000292694,false,מגן קריסטל לרצפה 2ליטר,סנו,IL,'מגן קריסטל לרצפה סנו 2ל,ליטרים,2.00,ליטר,false,,44.90,22.4500,true,1,1319621
7290000292915,false,"סנו רסס ונגב אקדח 750מ""ל","סנו מפעלי ברונוס בע""",IL,"סנו רסס ונגב מרסס 750מ""ל",מיליליטרים,750.00,"100 מ""ל",false,,19.90,0.0265,true,1,1319622
7290000292939,false,סנובון לאסלה כחול קל,סנו,IL,אקווה בלו למיכל אסלה100ג,גרמים,100.00,100 גרם,false,,12.90,0.1290,true,1,1319623
7290000293516,false,מתקן סופג לחות 340 ג,"סנו מפעלי ברונוס בע""",IL,סנו סופג לחות במיכל 340ג,יח',1.00,יח',false,,27.90,27.9000,true,1,1319625
7290000293530,false,סופג לחות שקית מילוי,קריות זול,IL,סנו סופג לחות ש.מילוי340,מיליליטרים,340.00,"100 מ""ל",false,,14.90,0.0438,true,1,1319626
7290000293561,false,"סנו מסיר עובש 750 מ""ל","סנו מפעלי ברונוס בע""",IL,"סנו מסיר עובש 750 מ""ל",מיליליטרים,750.00,"100 מ""ל",false,,15.90,0.0212,true,1,1319627
7290000293820,false,"קרמה מן שמפו וג'ל גל רחצה אקטיב בלוק 700מ""ל",קוסמופארם בעמ,IL,קרמה מן ג'ל רחצה אקט,מיליליטרים,700.00,"100 מ""ל",false,,18.90,0.0270,true,1,1958573
7290000293837,false,"קרמה מן דאודורנט ג'ל אנטיפרספירנט 70 מ""ל",קוסמופארם בעמ,IL,דאודורנט ג'ל קרמה מן,מיליליטרים,70.00,"100 מ""ל",false,,14.90,0.2129,true,1,1958574
7290000293943,false,סנו אנטי קאלק מסיר אבנית וחלודה 1ל',מיוצר עי קונדיטוריית,IL,'סנו אנטי קאלק מרסס 1 ל,ליטרים,1.00,ליטר,false,,18.90,18.9000,true,1,1319629
7290000294391,false,סנו ג'ט יכול הכל סחלבים 4 ל',סנו,IL,סנו ג'ט נ.כללי שחלבים 4ל,ליטרים,4.00,ליטר,false,,22.90,5.7250,true,1,1319630
7290000294575,false,סנו סושי רב מגבת 63 דפים בגליל,סנו,IL,רב מגבת סנו סושי 63 דפים,יח',63.00,יח',false,,12.90,0.2048,true,1,1319634
7290000294773,false,סנו ז'אוול 4ליטר מונטבלאן קול,"סנו מפעלי ברונוס בע""",IL,סנו ג'אוול לבנדר 4 ליטר,ליטרים,4.00,ליטר,false,,16.90,4.2250,true,1,1319635
7290000294780,false,סנו - ז'אוול אקונומיקה סמיכה מבושמת 4 ליטר,"סנו מפעלי ברונוס בע""",IL,סנו ג'אול אקונומ.סמיכה4ל,ליטרים,4.00,ליטר,false,,16.90,4.2250,true,1,1319636
7290000295121,false,מטליות זיגזג סנו סושי לניקוי רצפות 3יח',קריות זול,IL,מטליות זיגזג 3 יחידות,יח',3.00,יח',false,,13.90,4.6333,true,1,1319638
7290000295299,false,כרית קרצוף יפניות סנו סושי 4 יח',סנו מפעלי ברונו בעמ,IL,כריות הפלא 4 יח סנו סושי,יח',4.00,יח',false,,10.90,2.7250,true,1,1319639
7290000295336,false,"סנו - מקסימה אבקת כביסה סנסטיב 1.25 ק""ג",סנו מפעלי ברונוס בעמ,IL,אבקת מקסימה סנסטיב 1.25ק,קילוגרמים,1.25,"ק""ג",false,,16.90,13.5200,true,1,1319641
7290000295367,false,"מקסימה ז'אוול 2.5ק""ג אבקת כביסה מרכז",הורביץ סחר,IL,אבקת מקסימה ג'אוול 2.5קג,קילוגרמים,2.50,"ק""ג",false,,21.90,8.7600,true,1,1319643
7290000295503,false,סנו סושי שקיות אוכל מתכלות זוג *150 יח',אשפלסט תעשיות,CN,שקיות אוכל 2*150 יחידות,יח',300.00,יח',false,,14.90,0.0497,true,1,1319646
7290000295541,false,סנו רב מגבת גמבו 75 דפים בגליל,מיוצר עי קונדיטוריית,IL,סנו סושי 75רב מגבת ג'מבו,יח',75.00,יח',false,,17.90,0.2387,true,1,1319647
7290000295558,false,רדיד אלומיניום סנו סושי זוגי 30X7.5מ',מולינו ניקולי s.p.a,CN,2רדידי אלומיניום7.5*0.3מ,מטרים,15.00,מטר,false,,14.90,0.9933,true,1,1319648
7290000295565,false,רדיד אלומיניום סנו סושי זוגי 45X7.5מ',בורסה פזרי,IL,7.5Xצמד רדיד אלומניום45ס,מטרים,15.00,מטר,false,,16.90,1.1267,true,1,1319649
7290000295572,false,"סנו מנקה אסלות 00 זוג * 750 מ""ל",מיוצר עי קונדיטוריית,IL,"מנקה אסלות ""00"" 2*750מל",ליטרים,1.50,ליטר,false,,18.90,12.6000,true,1,1319650
7290000295794,false,כרית מתכת סנו סושי אל חלד 3יח',,,ספוגית מתכת רב שימוש,יח',3.00,יח',false,,9.90,3.3000,true,1,1319653
7290000295817,false,סנו סושי ניילון נצמד 300 מ',FV.HK,CN,ניילון נצמד סנו סושי300מ,מטרים,300.00,מטר,false,,44.90,0.1497,true,1,1319654
7290000299877,false,קרם טיפולי לכף הרגל מעושר באלוורה,,,קרם לכפות רגליים,מיליליטרים,90.00,"100 מ""ל",false,,22.90,0.2544,true,1,1351829
7290000300900,false,טבעול שניצל תירס 8*750גרם רכיבים טבעיים,עיצובים 2020 (4.8),IL,טבעול שניצל תירס מרכיבים,גרמים,750.00,100 גרם,false,,29.90,0.0399,true,1,1305415
7290000303581,false,פול מצרי A-2 פרי הגליל 560ג',"פרי הגליל בע""""מ",IL,פול מצרי א -2פג,גרמים,560.00,100 גרם,false,,6.50,0.0116,true,1,1347225
7290000303598,false,שעועית אפוייה A2 פרי גליל 570 ג',"פרי הגליל בע""""מ",IL,שע .ברוטב א -2אגודה,גרמים,580.00,100 גרם,false,,6.50,0.0112,true,1,1347226
7290000303604,false,חומוס גרגירים A2 פרי גליל 550ג',"פרי הגליל בע""""מ",IL,חומוס א -2אגודה פג,גרמים,550.00,100 גרם,false,,6.50,0.0118,true,1,1347227
7290000305882,false,יונה אס דגים עם ירק ברוטב 120ג,סטארקיסט פודור בעמ,TR,סלט דגים אס 120 גרם,גרמים,120.00,100 גרם,false,,5.90,0.0492,true,1,1306738
7290000307015,false,אפונת גינה גדול A2 פרי גליל 550ג',"פרי הגליל בע""""מ",IL,אפונה א -2פג,גרמים,550.00,100 גרם,false,,6.90,0.0125,true,1,1347228
7290000307046,false,אפונה גינה וגזר 550 ג' פרי הגליל,"פרי הגליל בע""""מ",IL,אפונה וגזר א -2פג,גרמים,550.00,100 גרם,false,,6.90,0.0125,true,1,1347229
7290000307220,false,גרעיני תירס מתוק בוואקום פרי גליל 340ג',"פרי הגליל בע""""מ",IL,תירס 12אונק פג,גרמים,340.00,100 גרם,false,,4.90,0.0144,true,1,1347230
7290000307237,false,גרעיני תירס מתוק 550 ג' פרי הגליל,"פרי הגליל בע""""מ",IL,תירס א -2פג,גרמים,550.00,100 גרם,false,,6.90,0.0125,true,1,1347231
7290000307343,false,שעועית ירוקה חתוכה A2 פרי גליל 550ג',"פרי הגליל בע""""מ",IL,שע ירוקה א -2פג,גרמים,550.00,100 גרם,false,,6.90,0.0125,true,1,1347236
7290000307800,false,פול ירוק 800 ג' פרי הגליל,"פרי הגליל בע""""מ",IL,פול 800פג,גרמים,800.00,100 גרם,false,,19.90,0.0249,true,1,1347237
7290000307985,false,גרעיני תירס מתוק 340 ג' פרי הגליל,"פרי הגליל בע""""מ",IL,תירס 12אונק ל מלח פג,גרמים,340.00,100 גרם,false,,4.90,0.0144,true,1,1347238
7290000308951,false,רביולי גבינה אחלה 40,שטראוס,IL,רביולי גבינה 400 חדש,גרמים,400.00,100 גרם,false,,18.90,0.0472,true,1,1341832
7290000311203,false,וופלים מן שוקולד 200 גר,תות ממתקי איכות,IL,ופלים 200 גר' שוקו,גרמים,200.00,100 גרם,false,,4.30,0.0215,true,1,1336751
7290000311210,false,וופלים מאן לימון 200 גר,רוקחמן,IL,ופלים 200 גר' לימון,גרמים,200.00,100 גרם,false,,4.30,0.0215,true,1,1336752
7290000311227,false,וופלים מן 200 גר קפה,רוקחמן,IL,ופלים 200 גר' קפה,גרמים,200.00,100 גרם,false,,4.30,0.0215,true,1,1336753
7290000311234,false,וופל בטעם וניל 200 ג,רוקחמן,IL,ופלים 200 גר' וניל,גרמים,200.00,100 גרם,false,,4.30,0.0215,true,1,1336754
7290000311272,false,מן-וופלים במילוי חלווה 180 ג,רוקחמן,IL,ופל חלבה 180 גר',גרמים,180.00,100 גרם,false,,4.30,0.0239,true,1,1336756
7290000311432,false,עוגיות גרנולה קינמון ללא תוספת סוכר 200ג,רוקחמן,IL,עוגיות גרנולה בטעם ק,גרמים,200.00,100 גרם,false,,8.90,0.0445,true,1,2471017
7290000311463,false,"עוגיות חיטה מלאה בטעם חמאה 200 גר' לל""ס",רוקחמן,IL,עוגיות חיטה בטעם חמא,גרמים,200.00,100 גרם,false,,8.90,0.0445,true,1,2458077
7290000311470,false,וופל מיני ללא סוכרבטעם שוקולד 200 גר',רוקחמן,IL,מיני ופלים בטעם שוקו,גרמים,200.00,100 גרם,false,,8.90,0.0445,true,1,2545447
7290000311487,false,מאגדת וופל שוקולד מקמח מלא ללא סוכר 20 ג'*7 יח' מן,רוקחמן,IL,וופל אישי ללא תוספת,יח',16.00,יח',false,,7.90,0.4938,true,1,2545455
7290000311784,false,ופל פרימיום - שוקולד מריר 200 גרם מן,,,ופל קקאו בטעם שוקולד,גרמים,200.00,100 גרם,false,,6.90,0.0345,true,1,2545461
7290000311791,false,ופל פרימיום - וניל 200 גרם מן,,,ופל קקאו בטעם וניל,גרמים,200.00,100 גרם,false,,6.90,0.0345,true,1,2545462
7290000311807,false,ופל פרימיום - אגוזי לוז 200 גרם מן,,,ופל קרם אגוזים,גרמים,200.00,100 גרם,false,,6.90,0.0345,true,1,2545463
7290000311845,false,עוגיות קמח מלא ללא תוספת סוכר מן 200ג,רוקחמן,IL,עוגיות חיטה מלאה ללא,גרמים,200.00,100 גרם,false,,8.90,0.0445,true,1,1400019
7290000311869,false,מן-וופלים בטעם שוק ללא תוספת סוכר 180ג,תות ממתקי איכות,IL,וופלים ללא תוספת סוכ,גרמים,180.00,100 גרם,false,,7.90,0.0439,true,1,1400020
7290000311876,false,מן-וופלים בטעם וניל ללא תוספת סוכר 180ג,רוקחמן,IL,וופלים ללא תוספת סוכ,גרמים,180.00,100 גרם,false,,7.90,0.0439,true,1,1400021
7290000311883,false,"עוגיות גרנולה לל""ס גרנולה 200 גרם",תות ממתקי איכות,IL,עוגיות גרנולה ללא תו,גרמים,200.00,100 גרם,false,,8.90,0.0445,true,1,1400022
7290000311890,false,ופל בטעם לימון ללא סוכר 180 גר',"רוקחמן בע""מ",IL,וופלים ללא תוספת סוכ,גרמים,180.00,100 גרם,false,,7.90,0.0439,true,1,2433296
7290000313160,false,עוגיות חברים זהבה ו-3 הדובים שוקו' אסם 250 גר',היינץ צפון אמריקה מק,IL,אסם עוגיות שוקולד זהבה וש,גרמים,250.00,100 גרם,false,,7.90,0.0316,true,1,1305421
7290000313184,false,עוגיות חברים גן חיות וניל אסם 250 גר',הגביע מוצרי וופלים ב,IL,אסם עוגיות גן חיות וניל 2,גרמים,250.00,100 גרם,false,,7.90,0.0316,true,1,1305422
7290000313290,false,אסם נודלס נודלס אטריות מסולסלות 200גר,תאי פרזידנט פוד בנגק,TH,אסם נודלס אטריות מסולסלות,גרמים,200.00,100 גרם,false,,9.90,0.0495,true,1,1305424
7290000315126,false,קנור ציר עוף משפחתי,יוניליוור ישראל מזון,IL,קנור בויון עוף 300 גרם,גרמים,300.00,100 גרם,false,,24.90,0.0830,true,1,1341164
7290000315133,false,קנור ציר בקר משפחתי,יוניליוור ישראל מזון,IL,קנור בויון בקר 300 גרם,גרמים,300.00,100 גרם,false,,24.90,0.0830,true,1,1341165
7290000318011,false,נקניקיות ענקניקיה 1,,,נקניקיות ענקניקיה 1,גרמים,1000.00,100 גרם,false,,19.90,0.0199,true,1,1343145
7290000318127,false,נקניקיות ביס 380 ג' יחיעם,מעדני יחיעם 1993,IL,נק' ביס 380גרם,גרמים,380.00,100 גרם,false,,9.90,0.0261,true,1,1343149
7290000318165,false,פסטרמה אמיתית צלויה,מעדני יחיעם,IL,פסט.אמיתית צלויה על גחלים,קילוגרמים,1.00,"ק""ג",true,,85.00,85.0000,true,1,1343150
7290000318189,false,פסטרמה ברביקיו על האש 300 ג' יחיעם,מעדני יחיעם,IL,עמק מאפ 330,גרמים,300.00,100 גרם,false,,24.90,0.0830,true,1,2536079
7290000318349,false,פסטרמה בסגנון איטלק,מעדני יחיעם,IL,פסט.אמיתית צלויה על גחלים,קילוגרמים,1.00,"ק""ג",true,,85.00,85.0000,true,1,1491804
7290000318479,false,פרושטו בקר יחיעם 100,תאי פרזידנט פוד פאבל,IL,פרושוטו בקר 100גרם,גרמים,100.00,100 גרם,false,,24.90,0.2490,true,1,1343156
7290000318493,false,כתףבקר מפולפליחיעם מ,מעדני יחיעם,IL,כתף בקר מפולפל ק'ג,קילוגרמים,1.00,"ק""ג",true,,139.00,139.0000,true,1,1343157
7290000318530,false,צלי בקר רוסטביף יחיע,מעדני יחיעם,IL,רוסטביף-צלי בקר ק'ג,קילוגרמים,1.00,"ק""ג",true,,150.00,150.0000,true,1,1343159
7290000318585,false,פסטרמה מעודנת יחיעם 400 גר,מעדני יחיעם,IL,פסטרמת הגליל 400גרם,גרמים,400.00,100 גרם,false,,21.90,0.0547,true,1,1343160
7290000318677,false,סלמי סרוולט 150 ג' יחיעם,מעדני יחיעם 1993,IL,סרוולד 150,גרמים,150.00,100 גרם,false,,22.90,0.1527,true,1,1343161
7290000318707,false,סלמי מעושן 500 ג' יחיעם,מעדני יחיעם 1993,IL,סלמי מעושן 500גרם,גרמים,500.00,100 גרם,false,,29.90,0.0598,true,1,1343163
7290000318806,false,סלמי סרוולט מעדנ.יחי,מעדני יחיעם,IL,נקניק סרוולד .. ק'ג,קילוגרמים,1.00,"ק""ג",true,,150.00,150.0000,true,1,1343166
7290000318837,false,קורנדביףבקר מעדנ.יחי,מעדני יחיעם,IL,קורנביף ק'ג,קילוגרמים,1.00,"ק""ג",true,,150.00,150.0000,true,1,1343168
7290000318882,false,נקניק מעושן איטלקי י,מעדני יחיעם,IL,מעושן איטלקי .. ק'ג,קילוגרמים,1.00,"ק""ג",true,,80.00,80.0000,true,1,1343169
7290000318929,false,סלמי צרפתי יחיעם מעד,מעדני יחיעם,IL,סלמי צרפתי .... ק'ג,קילוגרמים,1.00,"ק""ג",true,,150.00,150.0000,true,1,1343171
7290000318943,false,יחיעם פסטרמה של פעם,תאי פרזידנט פוד פאבל,IL,פסטרמה של פעם 200,גרמים,200.00,100 גרם,false,,19.90,0.0995,true,1,1343172
7290000319063,false,כתף בקר מפולפל יחיעם,מעדני יחיעם,IL,כתף בקר מפולפל,גרמים,150.00,100 גרם,false,,22.90,0.1527,true,1,2017443
7290000319292,false,"נקניקיות וינר 1 ק""ג יחיעם",,,נקניקיות וניר פלוס 1,גרמים,1000.00,100 גרם,false,,19.90,0.0199,true,1,1343179
7290000319339,false,סלמי פרח יחיעם,מעדני יחיעם,IL,סלמי פרח למעדניה,קילוגרמים,1.00,"ק""ג",true,,89.00,89.0000,true,1,1343182
7290000319414,false,נקנקיות פרמיום בראטו,,,נקנקיות פרמיום בראטו,גרמים,280.00,100 גרם,false,,19.90,0.0711,true,1,2545435
7290000319520,false,סלמי בסגנון צרפתי 10,מעדני יחיעם 1993,IL,צרפתי 100גרם- H,גרמים,100.00,100 גרם,false,,16.90,0.1690,true,1,1343190
7290000319704,false,נקניק כתף בקר מעושן,מעדני יחיעם,IL,כתף בקר מעושן ק'ג,קילוגרמים,1.00,"ק""ג",true,,139.00,139.0000,true,1,1343198
7290000319728,false,סלמי איטלקי מפולפל י,מעדני יחיעם,IL,איטלקי מפולפל . ק'ג,קילוגרמים,1.00,"ק""ג",true,,80.00,80.0000,true,1,1343199
7290000319759,false,סלמי תה יחיעם מעדניה,מעדני יחיעם,IL,סלמי תה קג',קילוגרמים,1.00,"ק""ג",true,,55.00,55.0000,true,1,1343200
7290000319803,false,קבנוס קלאסי 125 ג' יחיעם,תאי פרזידנט פוד פאבל,IL,קבנוס קלאסי 125 גרם,גרמים,125.00,100 גרם,false,,12.90,0.1032,true,1,1343201
7290000319834,false,קבנוס פפרוני 125 ג' יחיעם,תאי פרזידנט פוד פאבל,IL,קבנוס פפרוני 125 גרם,גרמים,125.00,100 גרם,false,,12.90,0.1032,true,1,1343202
7290000327020,false,"מארז פפסי פחית צרה 330 מ""ל*6 יח'",מודרן גרופ משקאות בע,IL,"פפסי פחית צרה 330 מ""",ליטרים,1.98,ליטר,false,,19.90,10.0505,true,1,2515176
7290000327037,false,"מארז מירינדה פחית צרה 330 מ""ל*6 יח'",מודרן גרופ משקאות בע,IL,מירינדה פחית צרה 330,ליטרים,1.98,ליטר,false,,19.90,10.0505,true,1,2515177
7290000327044,false,"מארז סבן אפ פחית צרה 330 מ""ל*6 יח'",מודרן גרופ משקאות בע,IL,סבן אפ פחית צרה 330,ליטרים,1.98,ליטר,false,,19.90,10.0505,true,1,2515178
7290000334684,false,טבעות בצל 700 ג' תפוגן,"תעשיות תפוגן בע""מ",IL,תפוגן טבעות בצל 700 גרם,גרמים,700.00,100 גרם,false,,14.90,0.0213,true,1,1305431
7290000334745,false,"אמריקאן צ'יפס תפוגן 1.5 ק""ג","תעשיות תפוגן בע""מ",IL,תפוגן צ'יפס אמריקאי דק 1.,קילוגרמים,1.50,"ק""ג",false,,22.90,15.2667,true,1,1305433
7290000336282,false,"סיידר תפוח צלול בבקבוק 330 מ""ל",טמפו משקאות בעמ,IL,"סיידר צלול 330 מ""ל",מיליליטרים,330.00,"100 מ""ל",false,,7.50,0.0227,true,1,1323905
7290000341071,false,בדין - מרכך כביסה בייבי לבן 2 ליטר,יוניליוור ישראל טיפו,IL,Badin Std Liquid Baby 2L,ליטרים,2.00,ליטר,false,,18.90,9.4500,true,1,1341204
7290000345048,false,תה ויסוצקי 74 - 125ג',HIQ FOOD PRODUCTS,IL,תה 74,גרמים,125.00,100 גרם,false,,11.90,0.0952,true,1,1339269
7290000345055,false,תה ויסוצקי ארל גריי 100 ג',מולינו ניקולי s.p.a,IL,ארל גריי,גרמים,100.00,100 גרם,false,,12.90,0.1290,true,1,1339270
7290000345116,false,תה ירוק ויסוצקי 125ג,תה ויסוצקי,IL,תה ירוק,גרמים,125.00,100 גרם,false,,12.90,0.1032,true,1,1339271
7290000345208,false,תה ויסוצקי קלאסיק מעודן 25X1.0יח',קריות זול,IL,תה ויסוצקי קלאסי 25/1,גרמים,25.00,100 גרם,false,,5.90,0.2360,true,1,1339273
7290000345215,false,תה ויסוצקי קלאסיק 100/1 כחול מעודן,מולינו ניקולי s.p.a,IL,תה ויסוצקי קלאסי 100/1,גרמים,100.00,100 גרם,false,,19.90,0.1990,true,1,1339274
7290000345260,false,תה ויסוצקי קלאסיק 25X1.50יח',מולינו ניקולי s.p.a,IL,תה ויסוצקי קלאסי 25/1.5,גרמים,37.50,100 גרם,false,,5.90,0.1573,true,1,1339275
7290000345277,false,תה ויסוצקי קלאסיק 50,מולינו ניקולי s.p.a,IL,תה ויסוצקי קלאסי 50/1.5,גרמים,75.00,100 גרם,false,,11.90,0.1587,true,1,1339276
7290000345284,false,תה ויסוצקי קלאסיק טעם עשיר 100/1.5יח',מולינו ניקולי s.p.a,IL,תה ויסוצקי קלאסי 100/1.5,גרמים,150.00,100 גרם,false,,17.90,0.1193,true,1,1339277
7290000345291,false,תה ארל גריי 25 שקיקים ויסוצקי,קריות זול,IL,ארל גריי 25,גרמים,37.50,100 גרם,false,,13.90,0.3707,true,1,1339278
7290000345307,false,תה ארל גריי 50 שקיקים ויסוצקי,מולינו ניקולי s.p.a,IL,ארל גריי 50,גרמים,75.00,100 גרם,false,,24.90,0.3320,true,1,1339279
7290000345536,false,תה נענע 25 שקיקים *1.5 ג',מולינו ניקולי s.p.a,IL,תה נענע,גרמים,42.50,100 גרם,false,,15.90,0.3741,true,1,1339280
7290000345666,false,תה אינגליש ברפקסט 50 ג',ויסוצקי,IL,אינגליש ברקפסט,גרמים,50.00,100 גרם,false,,13.90,0.2780,true,1,1339284
7290000346021,false,תה הגן הקסום קמומיל 50יח',בית ויסוצקי,IL,חליטת קמומיל 50,גרמים,75.00,100 גרם,false,,29.90,0.3987,true,1,1339285
7290000346120,false,תה ויסוצקי חליטת קסם הקינמון 25יח',קריות זול,IL,חליטת קסם הקינמון,גרמים,62.50,100 גרם,false,,16.90,0.2704,true,1,1339286
7290000346137,false,תה הגן הקסום הילולי פירות 25 שקיקים,קריות זול,IL,חליטת הילולי פירות,גרמים,62.50,100 גרם,false,,16.90,0.2704,true,1,1339287
7290000346144,false,תה הגן הקסום תה עינוגי תפוח 25 יח',HIQ FOOD PRODUCTS,IL,חליטת עינוגי תפוח,גרמים,67.50,100 גרם,false,,16.90,0.2504,true,1,1339288
7290000346168,false,תה ויסוצקי חליטת שומר הגן הקסום 25יח',קריות זול,IL,חליטת שומר,גרמים,37.50,100 גרם,false,,16.90,0.4507,true,1,1339290
7290000346199,false,תה הגן הקסום תה פירות יער 25 יח',קריות זול,IL,חליטת פירות יער,גרמים,67.50,100 גרם,false,,16.90,0.2504,true,1,1339291
7290000346205,false,תה הגן הקסום תה קמומיל 25 יח',קריות זול,IL,חליטת קמומיל,גרמים,37.50,100 גרם,false,,16.90,0.4507,true,1,1339292
7290000346212,false,תה מנטה הגן הקסום 25 שקיקים,HIQ FOOD PRODUCTS,IL,חליטת מנטה,גרמים,50.00,100 גרם,false,,16.90,0.3380,true,1,1339293
7290000346229,false,תה הגן הקסום ורד הבר והיביסקוס 25יח',ויסוצקי,IL,חליטת ורד הבר והיביסקוס,גרמים,75.00,100 גרם,false,,16.90,0.2253,true,1,1339294
7290000346236,false,תה הגן הקסום לואיזה ורבנה 25יח',ויסוצקי,IL,חליטת לואיזה,גרמים,50.00,100 גרם,false,,16.90,0.3380,true,1,1339295
7290000346960,false,תה ויסוצקי נענע 1.7 גרם 50יח',בית ויסוצקי,IL,תה נענע,גרמים,85.00,100 גרם,false,,25.90,0.3047,true,1,1339297
7290000347202,false,תה בתפזורת תה ויסוצק,,,תה בתפזורת תה ויסוצק,קילוגרמים,1.00,"ק""ג",false,,32.90,32.9000,true,1,1339298
7290000347738,false,תה ירוק נענע 25 שקיקים 1.5 גרם,קריות זול,IL,תה ירוק נענע,גרמים,37.50,100 גרם,false,,22.90,0.6107,true,1,1339300
7290000347752,false,תה ירוק לימונית ולואיזה 25 שקיקים *1.5 ג'' ויסוצקי,קריות זול,IL,תה ירוק לימונית ולואיזה,גרמים,37.50,100 גרם,false,,22.90,0.6107,true,1,1339302
7290000355382,false,עגבניות מרוסק' ובזלי' A2.5 טל וטרי 800ג',"מילוז(1989)בע""""מ",IL,עגב.מרוסקות בזיל. א- 2.5ט,גרמים,800.00,100 גרם,false,,6.90,0.0086,true,1,1347243
7290000355405,false,עגבניות מרוסקות עם בצל 800ג',"מילוז(1989)בע""""מ",IL,עגב.מרוסקות בצל א- 2.5טל,גרמים,800.00,100 גרם,false,,6.90,0.0086,true,1,1347245
7290000355412,false,עגבניות מרוסקות A2.5 ושום טל וטרי 800 גר',"מילוז(1989)בע""""מ",IL,עגב.מרוסקות שום א- 2.5טל,גרמים,800.00,100 גרם,false,,6.90,0.0086,true,1,1347246
7290000355481,false,רסק עגבניות BX22 טומטו 600ג' A2,"מילוז(1989)בע""""מ",IL,רוטב עגב. א- BX22 2טומטו,גרמים,570.00,100 גרם,false,,4.90,0.0086,true,1,1347247
7290000355498,false,רוטב עגבניות A2 BX28 טומטו 580ג',"מילוז(1989)בע""""מ",IL,רוטב עגב. א- BX28 2טומטו,גרמים,580.00,100 גרם,false,,5.90,0.0102,true,1,1347248
7290000355757,false,עגבניות מרוסקות 800 ג' טל,"מילוז(1989)בע""""מ",IL,עגב.מרוסקות א- 2.5טל,גרמים,800.00,100 גרם,false,,6.90,0.0086,true,1,1347253
7290000363011,false,סלמי קוניאק טירת צבי,הנסיך- מפעל לייצור ט,IL,סלמי קוניאק במשקל טירת צב,קילוגרמים,1.00,"ק""ג",true,,80.00,80.0000,true,1,1340501
7290000363189,false,סרוולד טירת צבי מעדנ,הנסיך- מפעל לייצור ט,IL,נקניק סרוולד במשקל טירת צ,קילוגרמים,1.00,"ק""ג",true,,160.00,160.0000,true,1,1340502
7290000363202,false,סלמי גליל טירת צבי 700 ג',הנסיך- מפעל לייצור ט,IL,נקניק גליל 700 גרם טירת צ,גרמים,600.00,100 גרם,false,,28.90,0.0482,true,1,1340503
7290000363400,false,סלמי פפרוני טירת צבי,הנסיך- מפעל לייצור ט,IL,"סלמי פפרוני ק""ג",קילוגרמים,1.00,"ק""ג",true,,80.00,80.0000,true,1,1340506
7290000363462,false,סלמי מעושן איטלקי טי,טירת צבי,IL,סלמי איטלקי מעושן במשקל,קילוגרמים,1.00,"ק""ג",true,,80.00,80.0000,true,1,1340507
7290000363486,false,נקניק תה טירת צבי מע,טירת צבי,IL,נקניק תה במשקל טירת צבי,קילוגרמים,1.00,"ק""ג",true,,60.00,60.0000,true,1,1340508
7290000363899,false,נקניקיות פיקנטיות טירת צבי 400 גר',טירת- צבי,IL,נקניקיות פיקנטיות 400 גרם,גרמים,400.00,100 גרם,false,,10.90,0.0273,true,1,1340509
7290000364261,false,דקניקים סלסולי כתף בקר 120 ג' טירת צבי,הנסיך- מפעל לייצור ט,IL,סלסולי כתף בקר 120גר' טיר,גרמים,120.00,100 גרם,false,,12.90,0.1075,true,1,1340512
7290000364278,false,דקניקים סילסולי סלמי איטלקי 120 ג' טירת צבי,הנסיך- מפעל לייצור ט,IL,סלסולי סלמי איטלקי משובח,גרמים,120.00,100 גרם,false,,12.90,0.1075,true,1,1340513
7290000364285,false,דקניקים סלסולי פסטרמה הודו 120 ג' טירת צבי,הנסיך- מפעל לייצור ט,IL,סלסולי פסטרמה הודו 120גר,גרמים,120.00,100 גרם,false,,12.90,0.1075,true,1,1340514
7290000364292,false,דקניקים סלסולי פסטרמה הודו על גחלים 120 ג' טירת צבי,הנסיך- מפעל לייצור ט,IL,סלסולי גחלים 120גר' טירת,גרמים,120.00,100 גרם,false,,12.90,0.1075,true,1,1340515
7290000364544,false,נקניק פסטרמה עוף בגר,טירת צבי,IL,"פסטרמה עוף בגריל ק""ג",קילוגרמים,1.00,"ק""ג",true,,85.00,85.0000,true,1,1340517
7290000364759,false,נקניקיות וינר קרנץ טירת צבי 500 ג',הנסיך- מפעל לייצור ט,IL,נקנ' וינר קרנץ 500 גר',גרמים,500.00,100 גרם,false,,18.90,0.0378,true,1,1340518
7290000364803,false,נקניקיות קרנץ אמריקאי טירת צבי 500 ג',הנסיך- מפעל לייצור ט,IL,נקניקיות בקר בסגנון אמרי,גרמים,500.00,100 גרם,false,,24.90,0.0498,true,1,1340520
7290000364858,false,"נקניקיות עוף טרי 1 ק""ג טירת צבי",הנסיך- מפעל לייצור ט,IL,טירת צבי נקניקיות עוף טרי,קילוגרמים,1.00,"ק""ג",false,,32.90,32.9000,true,1,1340522
7290000364957,false,נקנקיות מיני - מיני עוף טירת צבי 700 ג',הנסיך- מפעל לייצור ט,IL,נקניקיות מיני מיני עוף 70,גרמים,700.00,100 גרם,false,,24.90,0.0356,true,1,1340524
7290000365046,false,פסטרמה כתף בקר מעושן,טירת צבי,IL,"כתף מעושן ק""ג",קילוגרמים,1.00,"ק""ג",true,,110.00,110.0000,true,1,1340525
7290000365107,false,כתף בקר מפולפל במשקל,טירת צבי,IL,כתף מפולפל במשקל טירת צבי,קילוגרמים,1.00,"ק""ג",true,,110.00,110.0000,true,1,1340527
7290000365398,false,פסטרמה חזה הודו בדבש,טירת צבי,IL,חזה הודו בדבש במשקל טירת,קילוגרמים,1.00,"ק""ג",true,,85.00,85.0000,true,1,1340530
7290000365756,false,נקניק פסטרמה ברביקיו,טירת צבי,IL,פסטרמה גחלים דלת שומן טיר,קילוגרמים,1.00,"ק""ג",true,,85.00,85.0000,true,1,1340532
7290000365817,false,המבורגר טירת צבי 500ג',הנסיך- מפעל לייצור ט,IL,המבורגר 500 גרם,גרמים,500.00,100 גרם,false,,19.90,0.0398,true,1,1340533
7290000365909,false,פסטרמה הודו מעושנת ט,טירת צבי,IL,פסטרמה הודו מעושנת במשקל,קילוגרמים,1.00,"ק""ג",true,,85.00,85.0000,true,1,1340535
7290000365954,false,פסטרמה הודו גחלים טי,טירת צבי,IL,פסטרמה גחלים במשקל טירת צ,קילוגרמים,1.00,"ק""ג",true,,85.00,85.0000,true,1,1340536
7290000367590,false,צמד כפרי סלמי+פסטרמה 800 גרם טירת צבי,טיב טירת צבי 2000,IL,צמד כפרי 800 גרם טירת צבי,גרמים,800.00,100 גרם,false,,34.90,0.0436,true,1,1340538
7290000369037,false,סלט קוביות בולגרית 200 ג' ניצן,נטורל קייקס,IL,סלט קוביות בולגרית 2,גרמים,200.00,100 גרם,false,,14.90,0.0745,true,1,2362901
7290000369297,false,מעדן עגבניות מיובשות,יושלם,,מעדן גבינת שמנת מתוב,קילוגרמים,1.00,"ק""ג",true,,45.90,45.9000,true,1,2473750
7290000369341,false,לאבנה אבו גוש ניצן מ,יושלם,,לבנה אבו גוש,קילוגרמים,1.00,"ק""ג",true,,50.00,50.0000,true,1,2372997
7290000369365,false,גבינה בולגרית למריחה,"ניצן מותגי מזון בע""מ",,מעדן חציל וגבינה בול,גרמים,200.00,100 גרם,false,,12.90,0.0645,true,1,2362941
7290000369617,false,כדורי מעדן גבינה בשמן 225 ג' ניצן,"ניצן מותגי מזון בע""מ",IL,כדורי פטה 150 גרם,גרמים,150.00,100 גרם,false,,16.90,0.1127,true,1,2362902
7290000369709,false,ממרח חמאה בטעם שום 1,"ניצן מותגי מזון בע""מ",,ממרח חמאה 100 גרם,גרמים,100.00,100 גרם,false,,12.90,0.1290,true,1,2362942
7290000377209,false,בוטנים מטוגנים קליית,"ג'י אנד ג'י בע""מ",IL,בוטן מטוגן בשקית,גרמים,200.00,100 גרם,false,,7.90,0.0395,true,1,1326298
7290000377445,false,נש צאנס קלית גת 200 גר',"ג'י אנד ג'י בע""מ",IL,פיצוחים נש צ'אנס.,גרמים,200.00,100 גרם,false,,8.90,0.0445,true,1,1326299
7290000377452,false,גרעיני אבטיח קלית גת 200 ג',הדקלאים אגודת שיתופי,IL,גרעיני אבטיח,גרמים,200.00,100 גרם,false,,13.90,0.0695,true,1,1326300
7290000408316,false,דנונה ביו יוגורט טבעי 3% 200 ג',מיוצר עי קונדיטוריית,IL,"דנונה ביו טבעי 3%, 200 גר",גרמים,200.00,100 גרם,false,,3.30,0.0165,true,1,1341834
7290000408354,false,יוגורט עם אורז מצופה שוקולד קקאו 175 ג' דנונה,"שטראוס בריאות בע""מ",IL,בר פיצפוצים בודד – מקט הח,גרמים,173.00,100 גרם,false,,4.50,0.0260,true,1,1341835
7290000412139,false,ריצפז 3ליטר-ירוק מרכז,סנו,IL,ריצפז אורנים 3 ליטר,ליטרים,3.00,ליטר,false,,15.90,5.3000,true,1,1319658
7290000412481,false,סנו - מנקה אסלות 00 1 ליטר,מיוצר עי קונדיטוריית,IL,"מנקה אסלות ""00"" 1 ליטר",ליטרים,1.00,ליטר,false,,7.90,7.9000,true,1,1319660
7290000416021,false,ממרח שוקולד השחר חלבי 500 גר',השחר העולה,IL,קרם מובחר למריחה השחר 500,גרמים,500.00,100 גרם,false,,13.90,0.0278,true,1,1319491
7290000416045,false,ממרח שוקולד השחר דלי,השחר העולה,IL,קרם מובחר למריחה השחר 1 ק,גרמים,1000.00,100 גרם,false,,24.90,0.0249,true,1,1319492
7290000416076,false,שוקולד צימקאו לבישול השחר 400 ג',השחר העולה,IL,צימקאו שוקולד לבישול השחר,גרמים,400.00,100 גרם,false,,12.90,0.0323,true,1,1319493
7290000416106,false,חלבה נוגאט במשקל השח,השחר העולה תעשיות ממ,,נוגט שוקולד חלבי,קילוגרמים,1.00,"ק""ג",true,,49.00,49.0000,true,1,1319494
7290000416618,false,"ממרח שוקולד השחר פרווה בד""צ 400 גר'",השחר העולה בעמ,IL,קרם מובחר למריחה בדץ השחר,גרמים,400.00,100 גרם,false,,11.90,0.0298,true,1,1319499
7290000416632,false,ממרח שוקולד פרווה הש,השחר העולה תעשית ממת,IL,קרם מובחר למריחה פרווה הש,גרמים,1000.00,100 גרם,false,,24.90,0.0249,true,1,1319500
7290000416809,false,ממרח חלב קרם חצי מובחרלמריחה 350 ג' השחר,,,קרם למריחה וממרח חלב,גרמים,350.00,100 גרם,false,,11.90,0.0340,true,1,1818523
7290000416854,false,אבקת קקאו השחר העולה 150ג',אף.סי תבליני בגליל ב,IL,קקאו השחר 150 גרם,גרמים,150.00,100 גרם,false,,8.90,0.0593,true,1,1319502
7290000416922,false,ממרח חלבי השחר 350 ג',,,ממרח חלב,גרמים,350.00,100 גרם,false,,11.90,0.0340,true,1,1818530
7290000419107,false,לנדוור מקורי - קפה טחון טורקי 100 גרם,קפה לנדוור בע''מ,IL,לנדוור קפה שחור המקורי 10,גרמים,100.00,100 גרם,false,,7.90,0.0790,true,1,1305440
7290000419114,false,לנדוור כחול קפה טחון,קפה לנדוור,IL,לנדוור קפה שחור המקורי 20,גרמים,200.00,100 גרם,false,,14.90,0.0745,true,1,1305441
7290000419220,false,לנדוור כחול המקורי קפה טחון טורקי 3*100 גרם 16 יח',קפה לנדוור,IL,לנדוור קפה שחור המקורי 10,גרמים,300.00,100 גרם,false,,19.90,0.0663,true,1,1305442
7290000419374,false,לנדוור לבוקר טחון טורקי 3*100גר,קפה לנדוור,IL,לנדוור קפה שחור לבוקר 100,גרמים,300.00,100 גרם,false,,19.90,0.0663,true,1,1305443
7290000419893,false,לנדוור חזק - קפה טחון טורקי 100 גרם,מולינו ניקולי s.p.a,IL,לנדוור קפה שחור לבוקר 100,גרמים,100.00,100 גרם,false,,7.90,0.0790,true,1,1305444
7290000419909,false,לנדוור לבוקר - קפה טחון טורקי 100 גרם,מולינו ניקולי s.p.a,IL,לנדוור קפה שחור בטעם אספר,גרמים,100.00,100 גרם,false,,7.90,0.0790,true,1,1305445
7290000420325,false,פופ קורן טבעי למיקרוגל 5 יח',קריות זול,US,פופסטאר טבעי 5יח',גרמים,500.00,100 גרם,false,,12.90,0.0258,true,1,1353050
7290000420332,false,פופ קורן חמאה למיקרוגל 5יח',קריות זול,US,פופסטאר חמאה 5יח',גרמים,500.00,100 גרם,false,,12.90,0.0258,true,1,1353051
7290000442013,false,"פמינה - שטיפה אינטימית לנערות 220 מ""ל",כצט,IL,"פמינה יאנג 220 מ""ל",מיליליטרים,220.00,"100 מ""ל",false,,19.90,0.0905,true,1,1346482
7290000442044,false,"פמינה שטיפה אינטימית חמוציות 220 מ""ל",כצט,IL,פמינה חמוציות,מיליליטרים,220.00,"100 מ""ל",false,,24.90,0.1132,true,1,1346483
7290000442280,false,"אקילן - קרם למניעת שפשפת 60 מ""ל",כצט,IL,אקילן כתום למניעת שפשפת,מיליליטרים,60.00,"100 מ""ל",false,,16.90,0.2817,true,1,1346485
7290000442310,false,טפטפים - בייביסקין משחה לתינוק 100 גרם,"רצט שקיים בע""מ",IL,בייביסקין קרם שפורפרת,מיליליטרים,100.00,"100 מ""ל",false,,9.90,0.0990,true,1,1346486
7290000442587,false,"גינקו סאי - קרם רב שימושי 250 מ""ל",כצט,IL,"גינקו רב שימושי 250 מ""ל",מיליליטרים,220.00,"100 מ""ל",false,,22.90,0.1041,true,1,1346487
7290000446110,false,פריכיות אורז חום מלא עם מלח 100ג' בי&די,בטר אנד דיפרנט B&D,IL,פריכיות עם מלח 100 גרם,גרמים,100.00,100 גרם,false,,4.90,0.0490,true,1,1348237
7290000446127,false,פריכיות אורז ללא מלח 100ג' בי&די,בטר אנד דיפרנט B&D,IL,פריכיות ללא מלח 100 גרם,גרמים,100.00,100 גרם,false,,4.90,0.0490,true,1,1348238
7290000446318,false,בטר אנד דיפרנט דיסת סולת 200 גר',בטר אנד דיפרנט B&D,IL,דייסת סולת 200 גרם,גרמים,200.00,100 גרם,false,,9.90,0.0495,true,1,1348241
7290000446394,false,בטר אנד דיפרנט דייסת שיבולת שועל 200 גר',בטר אנד דיפרנט B&D,IL,דייסת קווקר 200 גרם,גרמים,200.00,100 גרם,false,,9.90,0.0495,true,1,1348244
7290000446547,false,חמאת בוטנים טבעית ללא סוכר 350גר,בטר אנד דיפרנט B&D,IL,חמאת בוטנים טבעית 350 גר,גרמים,350.00,100 גרם,false,,12.90,0.0369,true,1,1348247
7290000446554,false,"חמאת בוטנים טבעית 1 ק""ג בי&די",בטר אנד דיפרנט B&D,IL,"חמאת בוטנים טבעית 1 ק""ג",גרמים,1000.00,100 גרם,false,,24.90,0.0249,true,1,1348248
7290000446806,false,בטר אנד דיפרנט דיסת דגנים מעורבים 200 גר',בטר אנד דיפרנט B&D,IL,דייסת דגנים מעורבים 200 ג,גרמים,200.00,100 גרם,false,,9.90,0.0495,true,1,1348251
7290000450209,false,נתחי טונה פוסידון בשמן 110 ג',"מיוצר עי וליגר בעמ,",IL,טונה פוסידון,גרמים,108.00,100 גרם,false,,4.90,0.0454,true,1,1329461
7290000450308,false,נתחי טונה פוסידון במים 110 ג',ויליגר בעמ עבור נטו,IL,טונה במים פוסידון 108 ג',גרמים,108.00,100 גרם,false,,4.90,0.0454,true,1,1329462
7290000453019,false,שמרים טריים לאפייה שקית שמרית 50 ג',"פאקא תעשיות בע""מ",IL,שמרית (שקית),גרמים,50.00,100 גרם,false,,4.20,0.0840,true,1,1341836
7290000453125,false,שמרית שמרים טריים לאפייה +משפר אפייה 100ג,"פאקא תעשיות בע""מ",IL,שמרית + משפר לאפיה ביתית,גרמים,100.00,100 גרם,false,,7.40,0.0740,true,1,1341837
7290000453200,false,בלילה להכנת פנקייק עם רכיבים ביתיים,"פאקא תעשיות בע""מ",DE,בלילה מצוננת פנקייק,גרמים,750.00,100 גרם,false,,21.90,0.0292,true,1,2474012
7290000453385,false,שמרים יבשים פאקא אינסטנט 500ג',פאקא תעשיות בעמ,IL,שמרים יבשים פאקא אינ,גרמים,500.00,100 גרם,false,,11.90,0.0238,true,1,1408699
7290000453408,false,בצק פיצה דק מצונן ומוכן לאפייה שמרית,"פאקא תעשיות בע""מ",GR,בצק פיצה דק מוכן לאפ,גרמים,415.00,100 גרם,false,,14.90,0.0359,true,1,2374769
7290000453415,false,בצק עלים מצונן ומוכן לאפייה שמרית,"פאקא תעשיות בע""מ",FR,בצק עלים מוכן לאפיה,גרמים,300.00,100 גרם,false,,14.90,0.0497,true,1,2374762
7290000453422,false,בצק פילו מצונן ומרודד מוכן לאפיה,"פאקא תעשיות בע""מ",GR,בצק פילו מוכן לאפיה,גרמים,300.00,100 גרם,false,,14.90,0.0497,true,1,2374770
7290000453446,false,פיצה קראסט בצק שמרים מצונן להכנת פיצה ופוקצ'ה,שטראוס,IL,בצק פיצה קראסט שימרי,גרמים,500.00,100 גרם,false,,14.90,0.0298,true,1,2486143
7290000453484,false,בצק קדאיף מצונן שמרי,פאקא תעשיות בעמ,GR,בצק קדאיף 350 גרם,גרמים,350.00,100 גרם,false,,14.90,0.0426,true,1,2516655
7290000453781,false,שמרים יבשים שמרית 125 ג',STRAUSS-ISRAEL,,שמרים יבשים שמרית,גרמים,125.00,100 גרם,false,,5.90,0.0472,true,1,2099588
7290000453798,false,שמרים יבשים אקטיביים שימרית 500 ג',"גי' בי' רכיבים בע""מ",,שמרים אקטיבים לעוגות,גרמים,500.00,100 גרם,false,,14.90,0.0298,true,1,1419668
7290000453866,false,נטורינה קוקוס לאפייה שמרית 200ג',גרונבאנג- גרונדנסק א,DK,תחליף מרגרינה נטורינ,גרמים,200.00,100 גרם,false,,6.90,0.0345,true,1,1798054
7290000453880,false,"מרגרינה לל""מ לאפיה ובישול שימרית 200 ג'","פאקא תעשיות בע""מ",IL,מרגרינה ללא מלח לאפי,גרמים,200.00,100 גרם,false,,5.90,0.0295,true,1,1420625
7290000453897,false,מרגרינה בטעם חמאה שימרית 200 ג',גרונבאנג- גרונדנסק א,IL,מרגרינה בטעם חמאה לא,גרמים,200.00,100 גרם,false,,5.90,0.0295,true,1,1420626
7290000461656,false,בייגלה אחד אחד 400 ג' מקלות,בייגל את בייגל מזון,IL,אחד אחד 400גר,גרמים,400.00,100 גרם,false,,9.90,0.0248,true,1,1341212
7290000462103,false,סחוג אדום חריף עדין (מכסה לבן) 150 גרם,קריניסה ויטמין אס אי,IL,זחוק תימני אדום חריף עדין,גרמים,150.00,100 גרם,false,,7.90,0.0527,true,1,1341838
7290000462141,false,סחוג אדום חריף מאוד (מכסה אדום) 150 גרם,קריניסה ויטמין אס אי,IL,זחוק תימני אדום חריף מאוד,גרמים,150.00,100 גרם,false,,7.90,0.0527,true,1,1341839
7290000462172,false,סחוג ירוק חריף מאוד מ.ירוק 150 גרם,קריניסה ויטמין אס אי,IL,זחוק תימני ירוק חריף 150,גרמים,140.00,100 גרם,false,,7.90,0.0564,true,1,1341840
7290000462981,false,סחוג חריף אש 150 גרם,זהבי הכרם,,סחוג חריף אש 150 גרם,גרמים,150.00,100 גרם,false,,7.90,0.0527,true,1,2409454
7290000467153,false,צבר חומוס סמיר הגדול 400גר,סלטי צבר,IL,צבר מלך החומוס סמיר הגדול,גרמים,400.00,100 גרם,false,,11.90,0.0298,true,1,1305474
7290000467207,false,חרוזים מתובל,,,חרוזים מתובל,קילוגרמים,1.00,"ק""ג",true,,39.00,39.0000,true,1,1345594
7290000467214,false,סורי מתובל,,,סורי מתובל,קילוגרמים,1.00,"ק""ג",true,,49.00,49.0000,true,1,1345595
7290000469638,false,"מריטו ספריי גיהוץ קל 500 מ""ל",בולטון מניטובה,IT,מריטו ספריי לגיהוץ קל,מיליליטרים,500.00,"100 מ""ל",false,,21.90,0.0438,true,1,1338621
7290000474090,false,חלב הומוגני 1% קרטון טרה 1ל',מילקו תעשיות בעמ,IL,חלב בקרטון 1%- 1 ליטר,ליטרים,1.00,ליטר,false,,5.85,5.8500,true,1,1328470
7290000474502,false,גבינה לבנה 5% 250ג' טרה מהדרין,קריות זול,IL,גבינה לבנה 250 גרם 5% מהד,גרמים,250.00,100 גרם,false,,4.95,0.0198,true,1,1328478
7290000474540,false,גבינה טוב טעם 3% טרה 250ג' מהדרין,קריות זול,IL,טוב טעם 3% -250גרם מהדרין,גרמים,250.00,100 גרם,false,,10.90,0.0436,true,1,1328479
7290000474830,false,גבינה צהובה מגורדת 28% שומן 500 ג' נעם,מילקו תעשיות בעמ,IL,"כתר מרוסקת 28% 0.5 ק""ג",גרמים,500.00,100 גרם,false,,31.90,0.0638,true,1,1328480
7290000480107,false,קוואקר שיבולת שועל פחית 500 גר',וולקרס סנקס לימיטד,GB,קוואקר שיבולת שועל פחית 5,גרמים,500.00,100 גרם,false,,12.90,0.0258,true,1,1343250
7290000480442,false,קוואקר שיבולת שועל שקית 500 גר',פריטו ליי FRITO-LAY,IL,קוואקר שיבולת שועל שקית 5,גרמים,500.00,100 גרם,false,,11.90,0.0238,true,1,1343251
7290000483139,false,חטיף מרציפן גולמי המ,"המרשלג פרלינס בע""מ",IL,המרשלג מרצ' גולמי 100גר,גרמים,100.00,100 גרם,false,,9.90,0.0990,true,1,1318906
7290000483412,false,קישוטי עוגה טיפטופים,המרשלג פרלינס בעמ,IL,60G המרשלג טפטופים,גרמים,60.00,100 גרם,false,,14.90,0.2483,true,1,1318908
7290000483641,false,חטיף מרציפן חלה המרש,"המרשלג פרלינס בע""מ",IL,75Gהמרשלג מרצ' חלה,גרמים,75.00,100 גרם,false,,7.90,0.1053,true,1,1318909
7290000483887,false,מרציפן ללא סוכר המרש,קריות זול,IL,75Gהמרשלג ללא סוכר,גרמים,75.00,100 גרם,false,,14.90,0.1987,true,1,1318910
7290000483924,false,בצק סוכר- המרשלג 600,המרשלג,IL,המרשלג בצק סוכר 600גר,גרמים,600.00,100 גרם,false,,19.90,0.0332,true,1,1318911
7290000484747,false,עראק עלית 700 מל 40% כהל,יקב הגליל שווק בעמ,IL,עלית הארק,מיליליטרים,700.00,"100 מ""ל",false,,49.90,0.0713,true,1,1441694
7290000490601,false,שלגוני גלידל שמינייה,הגלידות של פלדמן,IL,שלגוני גלידל שמינייה,גרמים,400.00,100 גרם,false,,29.90,0.0747,true,1,1334733
7290000490717,false,גלית מאגדת שמיניה 560 ג',הגלידות של פלדמן,IL,שמיניית שלגוני וניל,גרמים,560.00,100 גרם,false,,19.90,0.0355,true,1,1334734
7290000493176,false,אבקת רוטב צלי לבשר 22ג' אסם,"אסם השקעות בע""מ",IL,אסם רוטב צלי 22 גרם,גרמים,22.00,100 גרם,false,,3.90,0.1773,true,1,1305482
7290000493183,false,אבקת רוטב פיטריות 30 ג' אסם,"אסם השקעות בע""מ",IL,אסם רוטב פטריות 30 גרם,גרמים,30.00,100 גרם,false,,4.90,0.1633,true,1,1305483
7290000497044,false,ברמן אקטיב לחם ארוז,מאפית י את א ברמן בע,IL,לחם אקטיב 750 גר'.,גרמים,750.00,100 גרם,false,,13.90,0.0185,true,1,1327396
7290000497112,false,לחם ברמן אחיד פרוס 750ג',מאפית י את א ברמן בע,IL,לחם אחיד כהה פרוס 75,גרמים,750.00,100 גרם,false,,6.90,0.0092,true,1,1327397
7290000497228,false,לחמניה רגילה בשקית ברמן 6יח',מאפית י את א ברמן בע,IL,מארז 6 לחמניות 450 ג,גרמים,450.00,100 גרם,false,,10.00,0.0222,true,1,1327400
7290000497273,false,לחמניות אקטיב מארז 6 יח',מאפית י את א ברמן בע,IL,מארז 6 לחמניות אקטיב,גרמים,450.00,100 גרם,false,,11.90,0.0264,true,1,1469061
7290000497303,false,לחמניה מקמח מלא 6יח' ברמן 450ג',מאפית י את א ברמן בע,IL,מארז 6 לחמניות קמח מ,גרמים,450.00,100 גרם,false,,10.00,0.0222,true,1,1327401
7290000497426,false,לחם לעניין פלוס 500 גר',מאפית י את א ברמן בע,IL,ברמן לעניין קל 500 ג,גרמים,500.00,100 גרם,false,,13.90,0.0278,true,1,1327403
7290000497532,false,"לחם מקמח מלא""לעניין"" 750 גר'",מאפית י את א ברמן בע,IL,לחם ברמן לעניין 750,גרמים,750.00,100 גרם,false,,12.90,0.0172,true,1,1327406
7290000497570,false,לחם דגנים פלוס 500 גר',מאפית י את א ברמן בע,IL,לחם ברמן דגני קלות 5,גרמים,500.00,100 גרם,false,,13.90,0.0278,true,1,1327407
7290000498034,false,לחם אי פרי קמח כוסמין מלא 750 גר',מאפית י את א ברמן בע,IL,לחם מקמח כוסמין מלא,גרמים,750.00,100 גרם,false,,14.90,0.0199,true,1,2378550
7290000498393,true,חלה מתוקה עגולה לא א,,,חלה מתוקה עגולה לא א,גרמים,500.00,100 גרם,false,,7.90,0.0158,true,1,2479337
7290000504025,false,סוכרזית פטריה 300 טבליות,אף.סי תבליני בגליל ב,IL,פטריה 300,גרמים,24.00,100 גרם,false,,7.90,0.3292,true,1,1342540
7290000504049,false,סוכרזית קנקן 1200 טבליות,אף.סי תבליני בגליל ב,IL,קנקן 1200,יח',1200.00,יח',false,,22.90,0.0191,true,1,1342542
7290000504209,false,"סוכרזית דיאט טיפ נוזלי 220 מ""ל",אף.סי תבליני בגליל ב,IL,כשלפ דיאטיפ,מיליליטרים,220.00,"100 מ""ל",false,,17.90,0.0814,true,1,1342543
7290000504261,false,סוויט דיאט כמו סוכר ממתיק אבקתי 65ג',סוכרזית Sucrazit,IL,סוויט דיאט כמו סוכר 6צנצנ,גרמים,100.00,100 גרם,false,,23.90,0.2390,true,1,1342544
7290000504278,false,סוכרזית - קלאסי פטנט 700 טבליות,אף.סי תבליני בגליל ב,IL,פטנט 700,יח',700.00,יח',false,,15.90,0.0227,true,1,1342545
7290000518114,false,מתוק וקל אבקה 200 גר,קריות זול,,מתוק וקל אבקה,גרמים,200.00,100 גרם,false,,6.90,0.0345,true,1,1353549
7290000518121,false,מתוק וקל ממתיק 50 שקיות,קריות זול,IL,מתוק וקל 50 גרם,גרמים,50.00,100 גרם,false,,4.90,0.0980,true,1,1353550
7290000518152,false,מתוק וקל זהב 25 שקיות,קריות זול,,מתוק וקל זהב,גרמים,50.00,100 גרם,false,,5.90,0.1180,true,1,1353551
7290000518169,false,ממתיק מתוק וקל בקבוק,קריות זול,IL,מתוק וקל 1000,גרמים,80.00,100 גרם,false,,7.90,0.0988,true,1,1353552
7290000518176,false,ממתיק דקסטרוזה וסכרי,מתוק וקל בעמ,IL,מתוק וקל,גרמים,250.00,100 גרם,false,,19.90,0.0796,true,1,1353553
7290000518190,false,מתוק וקל סטיביה 100 שקיות,מתוק וקל,,מתוק וקל סטיביה 100,גרמים,80.00,100 גרם,false,,29.90,0.3737,true,1,1590061
7290000518220,false,סוכרה דיאט ממתיק 100 שקיות,פתח תקווה,IL,סוכרה דיאט,גרמים,80.00,100 גרם,false,,24.90,0.3112,true,1,1590062
7290000518237,false,סוכרה דיאט אבקה 100,מתוק וקל בעמ,IL,סוכרה דיאט אבקה 100,גרמים,100.00,100 גרם,false,,19.90,0.1990,true,1,1590063
7290000518251,false,מתוק וקל ממתיק זהב 100 שקיות,קריות זול,IL,מתוק וקל,גרמים,100.00,100 גרם,false,,11.90,0.1190,true,1,1353554
7290000518336,false,ממתק צמר גפן מתוק מסיבים תזונתיים,מתוק וקל בעמ,IL,צמר גפן מתוק עשוי סי,גרמים,10.00,100 גרם,false,,4.90,0.4900,true,1,2465849
7290000518398,false,"סוכרה דיאט טיפות 150 מ""ל",פתח תקווה,IL,סוכרה דיאט טיפות 150,מיליליטרים,150.00,"100 מ""ל",false,,24.90,0.1660,true,1,1590065
7290000521008,false,"יין אדום יבש סגל 750 מ""ל",כרמי צבי - אחים סגל,IL,"יין סגל אדום 750 מ""ל",מיליליטרים,750.00,"100 מ""ל",false,,24.90,0.0332,true,1,1323913
7290000521015,false,"יין סגל לבן יבש 750מ""ל","מיוצר ע""י כרמי צבי-",IL,"יין סגל לבן 750 מ""ל",מיליליטרים,750.00,"100 מ""ל",false,,24.90,0.0332,true,1,1323914
7290000521022,false,יין של סגל לבן חצי י,"מיוצר ע""י כרמי צבי-",IL,יין לבן חצי יבש 750,מיליליטרים,750.00,"100 מ""ל",false,,24.90,0.0332,true,1,1323915
7290000521404,false,"יין מרום גליל קברנה סוביניון סינגל 750 מ""ל",כרמי צבי אחים סגל בע,IL,יין מרום גליל סובניו,מיליליטרים,750.00,"100 מ""ל",false,,29.90,0.0399,true,1,1323921
7290000521411,false,יין מרום גליל סינגל מרלו 750מל,כרמי צבי אחים סגל בע,IL,יין מרום גליל מרלו 7,מיליליטרים,750.00,"100 מ""ל",false,,29.90,0.0399,true,1,1323922
7290000521428,false,יין מרום גליל שרדונה,כרמי צבי-אחים סגל בע,IL,יין מרום גליל שרדונה,מיליליטרים,750.00,"100 מ""ל",false,,29.90,0.0399,true,1,1323923
7290000522142,false,חלב הרים עמיד 1 ליטר,"מחלבות רמת הגולן בע""",IL,חלב הרים טהור 1 ליטר 3% מ,ליטרים,1.00,ליטר,false,,8.90,8.9000,true,1,1328484
7290000522166,false,חלב הרים עמיד נטול ל,"מחלבות רמת הגולן בע""",IL,חלב הרים טהור נטול לקטוז,ליטרים,1.00,ליטר,false,,10.90,10.9000,true,1,1328486
7290000522272,false,חלב הרים שמנת לקפה 1,"מחלבות רמה""ג",IL,"שמנת לקפה 10% שומן 500 מ""",מיליליטרים,500.00,"100 מ""ל",false,,8.90,0.0178,true,1,1328489
7290000523125,false,מלח הארץ הים האדום 250 ג' עדין,חברת מלח הארץ אילת ב,IL,מלח הים האדום 250 גרם,גרמים,250.00,100 גרם,false,,5.40,0.0216,true,1,1339304
7290000523224,false,מלח הארץ הים האדום 500 ג' עדין,חברת מלח הארץ אילת ב,IL,מלח הים האדום 500 גרם,גרמים,500.00,100 גרם,false,,7.90,0.0158,true,1,1339305
7290000523514,false,מלח הארץ 50% מכמות הנתרן 250 גרם,חברת מלח הארץ אילת ב,IL,מלח הארץ מופחת נתרן 250 ג,גרמים,250.00,100 גרם,false,,9.90,0.0396,true,1,1339306
7290000523521,false,מלח ים מועשר ביוד 250 ג' מלח הארץ,חברת מלח הארץ אילת ב,IL,מלח הארץ מועשר ביוד 250 ג,גרמים,250.00,100 גרם,false,,5.90,0.0236,true,1,1339307
7290000523811,false,"צנצנת מלח גס 1 ק""ג מלח הארץ",חברת מלח הארץ אילת ב,IL,"מלח הים האדום צנצנת 1 ק""ג",קילוגרמים,1.00,"ק""ג",false,,6.90,6.9000,true,1,1339309
7290000525969,false,פרימור סחוט תפוזים טבעי 1ל',"גניר (1992) בע""מ",IL,מיץ תפוזים סחוט 1 ליטר,ליטרים,1.00,ליטר,false,,15.90,15.9000,true,1,1341841
7290000530024,false,נקניק תה מעושן רחב,זוגלובק,IL,נקניק תה מעושן רחב,קילוגרמים,1.00,"ק""ג",true,,60.00,60.0000,true,1,1322588
7290000530031,false,סלמי פיין צר זוגלובק,,,נקניק סלמי פיין,קילוגרמים,1.00,"ק""ג",true,,70.00,70.0000,true,1,1322589
7290000530048,false,סלמי פפרוני זוגלובק,כצט,IL,נקניק סלמי פפרוני,קילוגרמים,1.00,"ק""ג",true,,60.00,60.0000,true,1,1322590
7290000530062,false,נקניק מעושן איטלקי ז,זוגלובק,IL,נקניק מעושן איטלקי,קילוגרמים,1.00,"ק""ג",true,,85.00,85.0000,true,1,1322591
7290000530093,false,חרמון ברביקיו 3% זוג,,,פסטרמה חרמון,קילוגרמים,1.00,"ק""ג",true,,55.00,55.0000,true,1,1322593
7290000530116,false,נקניק סלמי מעושן בשן 470 ג' זוגלובק,נקניק נהריה כשר זוגל,IL,נקניק סלמי בשן,גרמים,420.00,100 גרם,false,,19.90,0.0474,true,1,1322595
7290000530178,false,נקניק קוניאק זוגלובק,זוגלובק,IL,סלמי קוניאק,קילוגרמים,1.00,"ק""ג",true,,85.00,85.0000,true,1,1322596
7290000530260,false,נקניק מורטדלה זוגלוב,,,נקניק מרטדלה רחב,קילוגרמים,1.00,"ק""ג",true,,40.00,40.0000,true,1,1322598
7290000530369,false,פסטרמה גולן הודו מעו,כצט,IL,חזה הודו גולן,קילוגרמים,1.00,"ק""ג",true,,85.00,85.0000,true,1,1322601
7290000530413,false,המבורגר זהב זוגלובק 400 גר',נקניק נהריה כשר זוגל,IL,המבורגר זהב 400 גרם,גרמים,400.00,100 גרם,false,,19.90,0.0497,true,1,1322602
7290000530444,false,כתף בקר מעושן זוגלוב,זוגלובק,IL,כתף בקר מעושן,קילוגרמים,1.00,"ק""ג",true,,110.00,110.0000,true,1,1322603
7290000530598,false,נקניקיות וינר 500 ג' טרי זוגלובק,נקניק נהריה כשר זוגל,IL,נקניקיות וינר 500 גר,גרמים,500.00,100 גרם,false,,12.90,0.0258,true,1,1322605
7290000530703,false,זוג במארז חרמון הודו + סלמי תה זוגלובק 800 גר',נקניק נהריה כשר זוגל,IL,חרמון 400 גרם + תה מ,גרמים,800.00,100 גרם,false,,29.90,0.0374,true,1,1322607
7290000531410,false,פסטרממיה בדבש טהור,זוגלובק,IL,פסטרממיה בדבש,קילוגרמים,1.00,"ק""ג",true,,85.00,85.0000,true,1,1322611
7290000531601,false,סטייק בורגר זהב זוגלובק 400ג',נקניק נהריה כשר זוגל,IL,סטייק בורגר 400 גרם,גרמים,400.00,100 גרם,false,,19.90,0.0497,true,1,1322614
7290000532400,false,פסטרמה ברביקיו זוגלו,זוגלובק,IL,חזה ברבקיו,קילוגרמים,1.00,"ק""ג",true,,85.00,85.0000,true,1,1322619
7290000532479,false,"נקנקיות חריפות 1 ק""ג זוגלובק",,,נקניקיות חריפות קפוא,גרמים,1000.00,100 גרם,false,,24.90,0.0249,true,1,1322620
7290000532585,false,רוסטביף 4% זוגלובק,זוגלובק,IL,נקניק רוסביף,קילוגרמים,1.00,"ק""ג",true,,159.00,159.0000,true,1,1322621
7290000532721,false,כתף בקר מפולפל טורו,זוגלובק,IL,כתף בפלפל טורו,קילוגרמים,1.00,"ק""ג",true,,110.00,110.0000,true,1,1322622
7290000533636,false,פסטרממיה צלויה על גח,,,פסטרממיה צלויה,קילוגרמים,1.00,"ק""ג",true,,85.00,85.0000,true,1,1322625
7290000533681,false,פסטרממיה מעושנת זוגל,כצט,IL,פסטרמה מעושנת,קילוגרמים,1.00,"ק""ג",true,,85.00,85.0000,true,1,1322626
7290000534718,false,פסטרמה חזה תבור זוגל,זוגלובק,IL,חזה הודו תבור,קילוגרמים,1.00,"ק""ג",true,,85.00,85.0000,true,1,1322629
7290000535791,false,חזה בקר ניו-יורק,,,חזה בקר ניו-יורק,קילוגרמים,1.00,"ק""ג",true,,110.00,110.0000,true,1,1322633
7290000536743,false,קריספי סטיקס תירס 500 ג' זוגלובק,נקניק נהריה כשר זוגל,IL,אצבעות סטיקס תירס.,גרמים,500.00,100 גרם,false,,19.90,0.0398,true,1,1322636
7290000537566,false,נקניקיות עוף טרי 400 ג' זוגלובק,נקניק נהריה כשר זוגל,IL,נקניקיות עוף 400 גרם,גרמים,400.00,100 גרם,false,,9.90,0.0248,true,1,1322642
7290000537603,false,נקניקיות עוף זוגלובק,זוגלובק,IL,"נקניקיות עוף 1 ק""ג מ",קילוגרמים,1.00,"ק""ג",false,,24.90,24.9000,true,1,1322643
7290000537610,false,סלמי עממי זוגלובק,,,נקניק סלמי עממי,קילוגרמים,1.00,"ק""ג",true,,60.00,60.0000,true,1,1322644
7290000538099,false,פסטרמה כפרית במשקל ז,כצט,IL,פסטרמה כפרית,קילוגרמים,1.00,"ק""ג",true,,85.00,85.0000,true,1,1322646
7290000538105,false,נקניק סלמי סרוולד 200 ג' זוגלובק,נקניק נהריה כשר זוגל,,נקניק סרבלד פרוס,גרמים,200.00,100 גרם,false,,29.90,0.1495,true,1,1322647
7290000538709,false,סלמי תה מעושן 200 ג' זוגלובק,זוגלובק,IL,סלמי תה פרוס 200 גרם,גרמים,200.00,100 גרם,false,,14.90,0.0745,true,1,1322649
7290000554006,false,גבינה קשקבלו משולשים,מחלבות גד,IL,"קשקבלו גלגל ק""ג שקיל",קילוגרמים,1.00,"ק""ג",true,,129.00,129.0000,true,1,1327830
7290000554402,false,מלבי 160גר מחלבות גד,"מיוצר ע""י קוד יצרן E",IL,"מלבי גד 160 גרם בד""ץ",גרמים,160.00,100 גרם,false,,6.50,0.0406,true,1,1327834
7290000554457,false,גבינה צפתית מיני 5% גד 350ג',"מחלבות גד בע""מ",IL,צפתית 5% מיני 350 גרם,גרמים,350.00,100 גרם,false,,21.90,0.0626,true,1,1327835
7290000554471,false,גבינת מוצרלה 22% נקניק 180ג' גד,"מחלבות גד בע""מ",IL,"נקניק מוצרלה 180 גרם בד""ץ",גרמים,180.00,100 גרם,false,,16.90,0.0939,true,1,1327836
7290000554532,false,גבינה צפתית מעודנת במלח ים 5% 200 ג' גד,הנסיך- מפעל לייצור ט,IL,צפתית מעודנת 5% מלח ים 20,גרמים,200.00,100 גרם,false,,14.90,0.0745,true,1,1327838
7290000554570,false,"גבינה מסקרפונה ק""ג.",,,"גבינה מסקרפונה ק""ג.",קילוגרמים,1.00,"ק""ג",true,,65.00,65.0000,true,1,1327839
7290000554624,false,ירח מתוק 3% 150 גרם רובין,"מיוצר ע""י קוד יצרן E",IL,"ירח מתוק 150 גרם בד""ץ",גרמים,150.00,100 גרם,false,,5.90,0.0393,true,1,1327841
7290000554655,false,"מוצרלה מעושנת ק""ג.",מחלבות גד,IL,"מוצרלה נקניק מעושן ק""ג שק",קילוגרמים,1.00,"ק""ג",true,,84.00,84.0000,true,1,1327842
7290000554662,false,"בולגרית למריחה ק""ג.",מחלבות גד,IL,"בולגרית למריחה 2 ק""ג",קילוגרמים,1.00,"ק""ג",true,,47.00,47.0000,true,1,1327843
7290000554686,false,לאבנה שמן זית וזעתר 5% 250 גרם - רבנות,מחלבות גד בעמ,IL,לאבנה 5% שמן זית וזעתר 25,גרמים,250.00,100 גרם,false,,14.90,0.0596,true,1,1327844
7290000554792,false,"בולגרית מעודנת 5% ק""",יושלם,IL,"דלי בולגרית מעודנת 5% ק""",קילוגרמים,1.00,"ק""ג",true,,59.00,59.0000,true,1,1327846
7290000554815,false,"גבינת מוצרלה טבעי ק""",מחלבות גד,IL,"מוצרלה נקניק טיבעי ק""ג שק",קילוגרמים,1.00,"ק""ג",true,,85.00,85.0000,true,1,1327847
7290000554822,false,גבינת ריקוטה טבעית 5% גד 250ג',מחלבות גד בעמ,IL,גביע ריקוטה 250 גרם,גרמים,250.00,100 גרם,false,,13.90,0.0556,true,1,1327848
7290000554839,false,שמנת מתוקה קשה בסגנון איטלקי 40% שומן 250 ג' גד,מחלבות גד בעמ,IL,מסקרפונה 250 גרם,גרמים,250.00,100 גרם,false,,22.90,0.0916,true,1,1327849
7290000554891,false,בולגרית מעודנת 16% ש,יושלם,IL,"דלי בולגרית מעודנת 16% ק""",קילוגרמים,1.00,"ק""ג",true,,59.00,59.0000,true,1,1327850
7290000554914,false,"גבינה צפתית 5% ק""ג.",מחלבות גד,IL,"צפתית מלבן 5% ק""ג שקיל",קילוגרמים,1.00,"ק""ג",true,,59.00,59.0000,true,1,1327851
7290000554921,false,"גבינת ריקוטה ק""ג.",מחלבות גד,IL,"ריקוטה 1.8 ק""ג",קילוגרמים,1.00,"ק""ג",true,,60.00,60.0000,true,1,1327852
7290000554952,false,גבינה צפתית קשה 10%,מחלבות גד,IL,"צפתית קשה גלגל ק""ג שקיל",קילוגרמים,1.00,"ק""ג",true,,81.00,81.0000,true,1,1327854
7290000554969,false,גבינת שמנת גד 30% לק,מחלבות גד,IL,"גבינת שמנת טבעי 30% 2 ק""ג",קילוגרמים,1.00,"ק""ג",true,,49.00,49.0000,true,1,1327855
7290000554976,false,גבינה שמנה זיתים30%,מחלבות גד,IL,"גבינת שמנת זיתים 30% 2 ק""",קילוגרמים,1.00,"ק""ג",true,,49.00,49.0000,true,1,1327856
7290000554990,false,גבינה מוצרלה כדור גד,מחלבות גד,IL,מוצרלה במים כדור גדול 2,קילוגרמים,1.00,"ק""ג",true,,95.00,95.0000,true,1,1327858
7290000560021,false,אדג' ג'ל ורוד נגד חתכים 198ג',המאפיה של הרמן,US,אדג' ג'ל סגול נגד חתכים 1,גרמים,200.00,100 גרם,false,,19.90,0.0995,true,1,1353055
7290000560533,false,אדג' ג'ל ירוק לעור רגיל 198גרם,אס.סי ג'ונסון ובניו,US,אדג' ג'ל ירוק לעור רגיל 1,גרמים,200.00,100 גרם,false,,19.90,0.0995,true,1,1353056
7290000560540,false,אדג' ג'ל כתום לעור רגיש 198גרם,המאפיה של הרמן,US,אדג' ג'ל כתום לעור רגיש 1,גרמים,200.00,100 גרם,false,,19.90,0.0995,true,1,1353057
7290000560557,false,אדג ג'ל תכלת לרכוך העור 198 ג',אס.סי ג'ונסון ובניו,US,אדג' ג'ל סגול כהה לעור יב,גרמים,198.00,100 גרם,false,,19.90,0.1005,true,1,1353058
7290000571119,false,גאודה חריץ בית יצחק,תנובה מרכז שיתופי לש,,גאודה חריץ בית יצחק,קילוגרמים,1.00,"ק""ג",true,,103.00,103.0000,true,1,1340027
7290000571126,false,גאודה כמון 30% תנובה,תנובה מרכז שיתופי לש,,גאודה כמון חריץ 30%,קילוגרמים,1.00,"ק""ג",true,,103.00,103.0000,true,1,1340028
7290000571188,false,גאודה תום עזים המחלב,תנובה מרכז שיתופי לש,,גאודה עז חריץ 28% בי,קילוגרמים,1.00,"ק""ג",true,,149.00,149.0000,true,1,1340029
7290000571232,false,גבינת גאודה טבעית פרוס 30% המחלווה 150ג',גבינות משק אחים מאיר,IL,גבינה גאודה פרוס בית,גרמים,200.00,100 גרם,false,,23.90,0.1195,true,1,1340030
7290000571294,false,גאודה מעושנת המחלבה,,,גאודה מעושנת בית- יצ,קילוגרמים,1.00,"ק""ג",true,,103.00,103.0000,true,1,1340032
7290000571300,false,גבינה גאודה פרוס מעושנת המחלבה 150ג',גבינות משק אחים מאיר,IL,גבינה גאודה פרוס בית,גרמים,200.00,100 גרם,false,,23.90,0.1195,true,1,1340033
7290000571386,false,יוגורט כבשים 850 ג' יוגורמה,גבינות משק אחים מאיר,IL,יוגורט כבשים 850 גרם,גרמים,850.00,100 גרם,false,,26.90,0.0316,true,1,1340034
7290000571393,false,יוגורמה יוגורט כבשים,גבינות משק אחים מאיר,IL,יוגורט כבשים יוגורמה,גרמים,140.00,100 גרם,false,,6.50,0.0464,true,1,1340035
7290000571478,false,"גבינת גאודה תום פרוסה עיזים, 200 גרם",גבינות משק אחים מאיר,IL,גבינה תום עזים פרוס,גרמים,200.00,100 גרם,false,,35.90,0.1795,true,1,1340036
7290000571935,false,יוגורמה כבשים עם גרנולה מתוקה,המחלבה מבית יצחק,IL,יוגורט כבשים יוגורמה,גרמים,142.00,100 גרם,false,,6.40,0.0451,true,1,2410642
7290000572055,false,"חלבה לל""ס וסיבים ואגוז אחווה 400ג'",אחדות ביחר לטחינה חל,IL,חלוה ללא סוכר עם סיבים וא,גרמים,400.00,100 גרם,false,,14.90,0.0373,true,1,1306617
7290000572208,false,חלבה חטיף וניל אחווה 100ג',שוורצקוף& הנקל דיסלד,IL,חלוה 100 גרם אחוה,גרמים,100.00,100 גרם,false,,2.90,0.0290,true,1,1306619
7290000572215,false,חלבה וניל מצופה אחווה 80ג',אחדות ביחר לטחינה חל,IL,חלוה 80 גרם מצופה,גרמים,80.00,100 גרם,false,,2.90,0.0362,true,1,1306620
7290000572222,false,חלבה וניל בבלוק אחווה 500ג',שוורצקוף& הנקל דיסלד,IL,חלוה בלוק 500 גרם אחוה -,גרמים,500.00,100 גרם,false,,10.90,0.0218,true,1,2385198
7290000572529,false,חלבה פיסטוק מגש אחווה 400ג',אחדות ביחר לטחינה חל,IL,חלוה פיסטוק 400 גרם במגש,גרמים,400.00,100 גרם,false,,12.90,0.0323,true,1,1306622
7290000572536,false,חלבה וניל מגש אחווה 400ג'',אחדות ביחר לטחינה חל,IL,חלוה וניל 400 גרם במגש,גרמים,400.00,100 גרם,false,,10.90,0.0273,true,1,1306623
7290000572543,false,חלבה שוקו וניל אחווה 400ג',אחדות ביחר לטחינה חל,IL,חלוה שיש 400 גרם במגש,גרמים,400.00,100 גרם,false,,10.90,0.0273,true,1,1306624
7290000572628,false,חלבה חטיף ללא סוכר בקופסה 276 ג',שוורצקוף& הנקל דיסלד,IL,חטיפי חלוה ללא תוספת,גרמים,275.00,100 גרם,false,,13.90,0.0505,true,1,2385206
7290000572673,false,אחווה חטיף חלווה ט.שונים 12*25גר,שוורצקוף& הנקל דיסלד,IL,"חלוה בקופסת שי ""חטיף 10""",גרמים,300.00,100 גרם,false,,13.90,0.0463,true,1,1306627
7290000599571,false,צמר פלדה 20 יח' בשקי,פלסטו פוליש (ברקן),IL,צמר פלדה 200 1/20,גרמים,200.00,100 גרם,false,,4.90,0.0245,true,1,1326774
7290000602226,false,ביצים 12 יח רגיל דגול L תנובה,,,ביצי חופש 12L תנובה.,יח',12.00,יח',false,,24.90,2.0750,true,1,2521781
7290000603049,false,ביצים אומגה 3 לארג 1,,,ביצי אומגה 3 גדול.,יח',12.00,יח',false,,18.90,1.5750,true,1,1340705
7290000604015,false,תבנית 12 ביצים XL,,,ביצים 12 יח' XL.,יח',12.00,יח',false,,13.10,1.0917,true,1,1340708
7290000604022,false,ביצים 12 יחדה L תנובה,,,ביצים 12 יחידות L.,יח',12.00,יח',false,,12.05,1.0042,true,1,1340709
7290000604039,false,ביצים 12 יח רגיל בינוני M תנובה,יושלם,,ביצים 12 יחידות M.,יח',12.00,יח',false,,11.15,0.9292,true,1,1340710
7290000604121,false,ביצים 18 יח רגיל בינוני L תנובה,,,ביצים 18 יחידות L.,יח',18.00,יח',false,,18.00,1.0000,true,1,1340713
7290000646299,false,פילה נסיכת הנילוס קפ,,ZA,נתחי פילה נסיכת הני,קילוגרמים,1.00,"ק""ג",true,,32.90,32.9000,true,1,2404839
7290000652177,false,נתחי פילה נסיכת הנילוס 100%,,,נתחי נסיכת הנילוס 10,קילוגרמים,1.00,"ק""ג",true,,39.90,39.9000,true,1,2404840
7290000655376,false,פילה דניס קפוא 100%,,TR,פילה דניס קפוא 100%,קילוגרמים,1.00,"ק""ג",true,,89.90,89.9000,true,1,1631435
7290000659312,false,דגי תנובה פילה סלומון קפוא בוואקום,PEQUERA DEL,,פילה סלמון פרימיום,קילוגרמים,1.00,"ק""ג",true,,79.90,79.9000,true,1,1631436
7290000662213,false,נתח פילה סלמון תנובה,,,נתח פילה סלמון תנובה,קילוגרמים,1.00,"ק""ג",true,,89.90,89.9000,true,1,2378968
7290000663098,false,שווארמה ריב אנטריקוט,,,שווארמה ריב אנטריקוט,גרמים,300.00,100 גרם,false,,34.90,0.1163,true,1,2448838
7290000663104,false,שווארמה פרגית להקפצה,תנובה,IL,שווארמה פרגיות,גרמים,300.00,100 גרם,false,,34.90,0.1163,true,1,2448839
7290000663111,false,רצועות אנטריקוט בתיב,,,רצועות ריב אנטריקוט,גרמים,300.00,100 גרם,false,,34.90,0.1163,true,1,2448840
7290000663128,false,רצועות אנטריקוט בתיב,תנובה,IL,רצועות ריב אנטריקוט,גרמים,300.00,100 גרם,false,,34.90,0.1163,true,1,2448841
7290000679440,false,קמיל בלו משחה לתינוק 100גרם,פישר מעבדות פרמצבטיו,IL,קמיל בלו משחה לתינוק 100,גרמים,100.00,100 גרם,false,,14.90,0.1490,true,1,1351834
7290000679570,false,פדיסול אבקה,"ד""ר פישר Dr fischer",IL,"""פדיסול אבקה אנטיפרספירנט",מיליליטרים,200.00,"100 מ""ל",false,,29.90,0.1495,true,1,1351837
7290000679587,false,פדיסול קרם רגליים 100 ג',"ד""ר פישר Dr fischer",IL,פדיסול קרם רגליים 100 גרם,מיליליטרים,100.00,"100 מ""ל",false,,22.90,0.2290,true,1,1351838
7290000688077,false,"מי עדן 0.500 מ""ל פקק רגיל",מופק ממקור בזלתי עדן,IL,מי עדן 0.5 ליטר,מיליליטרים,500.00,"100 מ""ל",false,,2.50,0.0050,true,1,1324348
7290000688084,false,מים מינרליים פקק ספו,מופק ממקור בזלתי עדן,IL,"מי עדן ספורט 500 מ """,מיליליטרים,500.00,"100 מ""ל",false,,4.90,0.0098,true,1,1324349
7290000688176,false,מים מינרליים בייבי מ,מופק ממקור בזלתי עדן,IL,"מי עדן בייבי 330 מ""ל",מיליליטרים,330.00,"100 מ""ל",false,,2.90,0.0088,true,1,1324351
7290000688374,false,"מי עדן בייבי מארז 330X6 מ""ל","מי עדן בע""מ",,שישייה מי עדן בייבי,ליטרים,1.98,ליטר,false,,14.90,7.5253,true,1,1324352
7290000688381,false,מי עדן פקק ספורט 6*500 מל.,"מי עדן בע""מ",IL,שישייה מי עדן ספורט,ליטרים,3.00,ליטר,false,,12.90,4.3000,true,1,1324353
7290000688503,false,מים מינרליים מי עדן,"מי עדן בע""מ",IL,"שישייה מי עדן 750 מ""",ליטרים,4.50,ליטר,false,,14.90,3.3111,true,1,1859899
7290000692135,false,ספיד סטיק בסיסי ירוק א.פ פרש,קולגייט פלמוליב,BY,ספיד סטיק בסיסי ירוק א.פ,גרמים,56.60,100 גרם,false,,17.90,0.3163,true,1,1338626
7290000692203,false,אג'קס ניקוי כללי 2לימון-מרכז,הנסיך- מפעל לייצור ט,BY,אגקס ניקוי כללי לימון 2 ל,ליטרים,2.00,ליטר,false,,22.90,11.4500,true,1,1338627
7290000692210,false,אג'קס ניקוי כללי לוונדר 2ל',הנסיך- מפעל לייצור ט,GR,אגקס ניקוי כללי לוונדר 2,ליטרים,2.00,ליטר,false,,22.90,11.4500,true,1,1338628
7290000692227,false,נוזל כלים פלמוליב צילינדר קלאסי 1 ליטר,יבואן ומשווק: ש. שסט,GR,פלמוליב צילינדר קלאסי 1 ל,ליטרים,1.00,ליטר,false,,13.90,13.9000,true,1,1338629
7290000692456,false,אג'קס חלונות זוג 750*2 מל ספריי ורפיל,הנסיך- מפעל לייצור ט,GR,אגקס חלונות זוג,ליטרים,1.50,ליטר,false,,25.90,17.2667,true,1,1338632
7290000799811,false,פיקדון לחמישיה,,,פיקדון לחמישיה,יחידה,0.00,יחידה,false,,1.50,0.0000,true,1,2470916
7290000803067,false,"אלמקס משחת שיניים לילדים 75 מ""ל",הנסיך- מפעל לייצור ט,PL,אלמקס משחת שיניים ילדים 7,מיליליטרים,75.00,"100 מ""ל",false,,15.90,0.2120,true,1,1338636
7290000803180,false,"מרידול - מי פה שטיפה דנטלית 400 מ""ל",קולגייט פלמוליב,CH,מרידול שטיפה דנטלית 400מל,מיליליטרים,400.00,"100 מ""ל",false,,29.90,0.0747,true,1,1338637
7290000804484,false,אלמקס שטיפת פה דנטלית למניעת עששת 400מל,קריות זול,CH,אלמקס שטיפה דנטלית 400מל,מיליליטרים,400.00,"100 מ""ל",false,,29.90,0.0747,true,1,1338639
7290000849478,false,"סרקל מרכך שיער לילדים 500 מ""ל",פישר מעבדות פרמצבטיו,IL,"סרקל מעצב 500 מ""ל",מיליליטרים,500.00,"100 מ""ל",false,,17.90,0.0358,true,1,1351844
7290000849492,false,"סרקל שמפו לילדים 500 מ""ל",פישר מעבדות פרמצבטיו,IL,"סרקל שמפו 500 מ""ל",מיליליטרים,500.00,"100 מ""ל",false,,17.90,0.0358,true,1,1351845
7290000900049,false,גולאש עגל טרי,,,גולאש עגל טרי,קילוגרמים,1.00,"ק""ג",true,,99.00,99.0000,true,1,1344075
7290000900162,false,זיתים סנטה,,,זיתים סנטה,קילוגרמים,1.00,"ק""ג",true,,29.00,29.0000,true,1,1319171
7290000900193,false,"גבינה עמק פרוס ק""ג-ק",,,"גבינה עמק פרוס ק""ג-ק",קילוגרמים,1.00,"ק""ג",true,,44.75,44.7500,true,1,1340045
7290000900230,false,"גבינה גלבוע פרוס ק""ג",,,"גבינה גלבוע פרוס ק""ג",קילוגרמים,1.00,"ק""ג",true,,42.55,42.5500,true,1,1340046
7290000900254,false,שניצל הודו פרוס,,,שניצל הודו פרוס,קילוגרמים,1.00,"ק""ג",true,,39.90,39.9000,true,1,1344076
7290000900384,false,עוגת מאפינס.,,,עוגת מאפינס.,יחידה,0.00,יחידה,false,,19.90,0.0000,true,1,1305489
7290000900438,false,מלפפון במלח,,,מלפפון במלח,קילוגרמים,1.00,"ק""ג",true,,35.00,35.0000,true,1,1319172
7290000900629,false,חצילים,,,חצילים,קילוגרמים,1.00,"ק""ג",true,,35.00,35.0000,true,1,1350134
7290000900667,false,זית ירוק ענק,שקדיה,,זית ירוק ענק,קילוגרמים,1.00,"ק""ג",true,,49.00,49.0000,true,1,1350427
7290000900728,false,פלפל סודני,,,פלפל סודני,קילוגרמים,1.00,"ק""ג",true,,35.00,35.0000,true,1,1319173
7290000900841,false,ירקות מעורבים,,,ירקות מעורבים,קילוגרמים,1.00,"ק""ג",true,,35.00,35.0000,true,1,1327998
7290000900858,false,לפת אדום,,,לפת אדום,קילוגרמים,1.00,"ק""ג",true,,25.00,25.0000,true,1,1327999
7290000903309,false,זיתים טבעות,,,זיתים טבעות,קילוגרמים,1.00,"ק""ג",true,,42.00,42.0000,true,1,1345599
7290000907970,false,פסטרמה כפרית טירת צב,טירת צבי,IL,כפרית במשקל טירת צבי,קילוגרמים,1.00,"ק""ג",true,,55.00,55.0000,true,1,1340540
7290000935423,false,עגבניות מיובשות,,,עגבניות מיובשות,קילוגרמים,1.00,"ק""ג",true,,49.00,49.0000,true,1,1341796
7290000935546,false,סלט כרוב מתוק,,,סלט כרוב מתוק,קילוגרמים,1.00,"ק""ג",true,,29.00,29.0000,true,1,1345602
7290000935553,false,סלט כרוב חריף,,,סלט כרוב חריף,קילוגרמים,1.00,"ק""ג",true,,29.00,29.0000,true,1,1345603
7290000943237,false,גבינת פרמזן מרוסקת ק,,,גבינת פרמזן מרוסקת ק,קילוגרמים,1.00,"ק""ג",true,,129.00,129.0000,true,1,1340048
7290000945347,false,זית קלמטה מגולען,,,זית קלמטה מגולען,קילוגרמים,1.00,"ק""ג",true,,42.00,42.0000,true,1,1327515
7290000945507,false,פלפל דובדבן,,,פלפל דובדבן,קילוגרמים,1.00,"ק""ג",true,,39.00,39.0000,true,1,1341798
7290000960005,false,זית שחור יבש,,,זית שחור יבש,קילוגרמים,1.00,"ק""ג",true,,42.00,42.0000,true,1,1346479
7290000961866,false,שווארמה הודו קוביות,,,שווארמה הודו קוביות,קילוגרמים,1.00,"ק""ג",true,,89.90,89.9000,true,1,1344080
7290000964966,false,פלפל שיפקה,,,פלפל שיפקה,קילוגרמים,1.00,"ק""ג",true,,29.00,29.0000,true,1,1319177
7290000975801,false,עגבניות אדומות ירוקו,,,עגבניות אדומות ירוקו,קילוגרמים,1.00,"ק""ג",true,,25.00,25.0000,true,1,1345606
7290000975856,false,עגבניות שרי אדומות י,,,עגבניות שרי אדומות י,קילוגרמים,1.00,"ק""ג",true,,19.00,19.0000,true,1,1345607
7290000980140,false,זית שחור ענק,,,זית שחור ענק,קילוגרמים,1.00,"ק""ג",true,,35.00,35.0000,true,1,1319178
7290000980492,false,זיתים טבעיים,,,זיתים טבעיים,קילוגרמים,1.00,"ק""ג",true,,49.00,49.0000,true,1,1319179
7290000980553,false,זית סורי שבור,,,זית סורי שבור,קילוגרמים,1.00,"ק""ג",true,,42.00,42.0000,true,1,1319180
7290000980744,false,זית מונזוליני,,,זית מונזוליני,קילוגרמים,1.00,"ק""ג",true,,35.00,35.0000,true,1,1319181
7290000981369,false,ציפקונית,שקדיה,,ציפקונית,קילוגרמים,1.00,"ק""ג",true,,42.00,42.0000,true,1,1341799
7290000981789,false,זיתים סופר ממוט,שקדיה,,זיתים סופר ממוט,קילוגרמים,1.00,"ק""ג",true,,59.00,59.0000,true,1,1350428
7290000982151,false,הודו זנב עם עצם טרי,,,הודו זנב עם עצם טרי,קילוגרמים,1.00,"ק""ג",true,,4.90,4.9000,true,1,1344081
7290000982168,false,סטייק סינטה טרי,,,סטייק סינטה טרי,קילוגרמים,1.00,"ק""ג",true,,99.00,99.0000,true,1,1344082
7290000982236,false,חלבה בטעמים,,,חלבה בטעמים,קילוגרמים,1.00,"ק""ג",true,,49.00,49.0000,true,1,1348381
7290000987040,false,זיתים חרוזית ירוק,,,זיתים חרוזית ירוק,קילוגרמים,1.00,"ק""ג",true,,35.00,35.0000,true,1,1319182
7290000988030,false,זיתים חרוזית שחור,,,זיתים חרוזית שחור,קילוגרמים,1.00,"ק""ג",true,,42.00,42.0000,true,1,1319183
7290000988573,false,ירך הודו,,,ירך הודו,קילוגרמים,1.00,"ק""ג",true,,59.90,59.9000,true,1,1344083
7290000988733,false,עמבה הודית,,,עמבה הודית,קילוגרמים,1.00,"ק""ג",true,,35.00,35.0000,true,1,1328001
7290000990019,false,לימון פרוס,,,לימון פרוס,קילוגרמים,1.00,"ק""ג",true,,42.00,42.0000,true,1,1345620
7290000990903,false,מרינט חתוך,,,מרינט חתוך,קילוגרמים,1.00,"ק""ג",true,,35.00,35.0000,true,1,1319184
7290000995014,false,זיתים מעדן,,,זיתים מעדן,קילוגרמים,1.00,"ק""ג",true,,35.00,35.0000,true,1,1346834
7290000995038,false,זית טסוס קטן,דין שיווק,,זית טסוס קטן,קילוגרמים,1.00,"ק""ג",true,,49.00,49.0000,true,1,1327516
7290000995045,false,זיתים קלמטה קולסול,,,זיתים קלמטה קולסול,קילוגרמים,1.00,"ק""ג",true,,59.00,59.0000,true,1,1327517
7290000995052,false,זית יווני מגולען,דין שיווק,,זית יווני מגולען,קילוגרמים,1.00,"ק""ג",true,,59.00,59.0000,true,1,1327518
7290000995069,false,חרוזית שחור,דין שיווק,,חרוזית שחור,קילוגרמים,1.00,"ק""ג",true,,59.00,59.0000,true,1,1327519
7290000995076,false,זית יווני שחור,דין שיווק,,זית יווני שחור,קילוגרמים,1.00,"ק""ג",true,,59.00,59.0000,true,1,1327520
7290000995458,false,סלט כרוב גזר,,,סלט כרוב גזר,קילוגרמים,1.00,"ק""ג",true,,29.00,29.0000,true,1,1345621
7290000995489,false,סלט כרוב שמיר,,,סלט כרוב שמיר,קילוגרמים,1.00,"ק""ג",true,,29.00,29.0000,true,1,1345623
7290000999500,false,ירקות מעורבים,,,ירקות מעורבים,קילוגרמים,1.00,"ק""ג",true,,29.00,29.0000,true,1,1319185
7290001041017,false,תבלין חוואיג' תימני 50 גר' מיה,מיה תעשיות מזון בעמ,IL,חוואיג' תימני 50גרם,גרמים,50.00,100 גרם,false,,6.90,0.1380,true,1,1333986
7290001041048,false,תבלין על האש 50גרם צנצנת,מיה תעשיות מזון בעמ,IL,תבלין על האש 50גרם,גרמים,50.00,100 גרם,false,,6.90,0.1380,true,1,1333989
7290001041123,false,שקדים מולבנים פרוסים 100גרם,מיה תעשיות מזון,IL,שקדים מולבנים פרוסים 100ג,גרמים,100.00,100 גרם,false,,10.90,0.1090,true,1,1333991
7290001041277,false,פירורי לחם רגיל מיה 400ג ',,,פירורי לחם.,גרמים,400.00,100 גרם,false,,3.90,0.0097,true,1,1333996
7290001041284,false,לקקן סוכריה תות על מקל 20 יח',מיה תעשיות מזון,IL,לקקנים בטעם תות 20יח,גרמים,220.00,100 גרם,false,,7.90,0.0359,true,1,2224647
7290001041482,false,תבלין זנגויל 50 גר' מיה,מיה תעשיות מזון בעמ,IL,זנגויל 50גרם,גרמים,50.00,100 גרם,false,,6.90,0.1380,true,1,1333999
7290001041635,false,פירורי לחם מוזהבים מיה 200 גר',מיה תעשיות מזון,IL,פירורי לחם מוזהבים 200גרם,גרמים,200.00,100 גרם,false,,2.90,0.0145,true,1,1334000
7290001041659,false,תמרים 400גרם,מיה תעשיות מזון,IL,תמרים 400גרם,גרמים,400.00,100 גרם,false,,9.90,0.0248,true,1,1334002
7290001041833,false,אגוזים טחונים 250 גר' מיה,מיה תעשיות מזון,IL,אגוזים טחונים 250גרם,גרמים,250.00,100 גרם,false,,19.90,0.0796,true,1,1334006
7290001041840,false,"שקדים טחונים 250ג' מיה בד""ץ כשל""פ",מיה תעשיות מזון,IL,שקדים טחונים 250גרם,גרמים,250.00,100 גרם,false,,18.90,0.0756,true,1,1334007
7290001041888,false,תבלין פפריקה מתוקה 300גרם,מיה תעשיות מזון בעמ,IL,פפריקה מתוקה 300גרם,גרמים,300.00,100 גרם,false,,19.90,0.0663,true,1,1334008
7290001041895,false,תבלין פלפל שחור 400 גר' מיה,מיה תעשיות מזון בעמ,IL,פלפל שחור 300גרם,גרמים,300.00,100 גרם,false,,29.90,0.0997,true,1,1334009
7290001041994,false,"סוכר חום דמררה מיה 1 ק""ג",מיה תעשיות מזון,IL,סוכר זהב דמררה 1ק'ג,קילוגרמים,1.00,"ק""ג",false,,12.90,12.9000,true,1,1334013
7290001045169,false,פרימור סחוט תפוחי עץ צלול 1 ל',"גניר (1992) בע""מ",IL,מיץ תפוחי עץ צלול 1 ליטר,ליטרים,1.00,ליטר,false,,15.90,15.9000,true,1,1341842
7290001052044,false,קציצות בורגול וירקות,,,קציצות בורגול וירקות,גרמים,500.00,100 גרם,false,,24.90,0.0498,true,1,1489807
7290001052051,false,קציצות עדשים וירקות,,,קציצות עדשים וירקות,גרמים,500.00,100 גרם,false,,24.90,0.0498,true,1,1489800
7290001052068,false,קציצות קינואה וחמוצי,,,קציצות קינואה וחמוצי,גרמים,500.00,100 גרם,false,,24.90,0.0498,true,1,1489801
7290001052549,false,חטיפי כרובית בציפוי פריך,חמים וטעים,,כרובית בציפוי פריך,גרמים,500.00,100 גרם,false,,27.90,0.0558,true,1,2413735
7290001052556,false,חטיפי ברוקולי בציפוי פריך,חמים וטעים,,ברוקלי בציפוי פריך,גרמים,500.00,100 גרם,false,,27.90,0.0558,true,1,2413743
7290001052563,false,קציצות כרובית וברוקולי,חמים וטעים,,קציצות כרובית ברוקלי,גרמים,500.00,100 גרם,false,,27.90,0.0558,true,1,2413744
7290001072554,false,דאודורנט ספריי גוף לגבר ICE,פרפקט Perfect,,דאודורנט ספריי לגבר,מיליליטרים,150.00,"100 מ""ל",false,,14.90,0.0993,true,1,2425150
7290001072578,false,דאודורנט ספריי גוף לגבר SPORT,פרפקט Perfect,,דאודורנט ספריי לגבר,מיליליטרים,150.00,"100 מ""ל",false,,14.90,0.0993,true,1,2425152
7290001072585,false,דאודורנט ספריי גוף לגבר WAVE,פרפקט Perfect,,דאודורנט ספריי לגבר,מיליליטרים,150.00,"100 מ""ל",false,,14.90,0.0993,true,1,2425153
7290001072790,false,ג'ל גילוח לעור רגיל,פרפקט Perfect,,ג'ל גילוח לעור רגיל,מיליליטרים,200.00,"100 מ""ל",false,,14.90,0.0745,true,1,2425232
7290001072806,false,ג'ל גילוח לעור רגיש,פרפקט Perfect,,ג'ל גילוח לעור רגיש,מיליליטרים,200.00,"100 מ""ל",false,,14.90,0.0745,true,1,2425233
7290001121023,false,פסטרמה של פעם יחיעם,מעדני יחיעם,IL,פסטרמה של פעם ק'ג,קילוגרמים,1.00,"ק""ג",true,,85.00,85.0000,true,1,1343205
7290001121054,false,צמד חמד יחיעם 700 גר,תאי פרזידנט פוד פאבל,IL,צמד חמד 700גרם,גרמים,700.00,100 גרם,false,,24.90,0.0356,true,1,1343206
7290001121092,false,פסטרמה עוף בגריל,מעדני יחיעם,IL,פסטרמה עוף בגריל ק'ג,קילוגרמים,1.00,"ק""ג",true,,85.00,85.0000,true,1,1343208
7290001121146,false,פסטרמה מעושנת יחיעם,מעדני יחיעם,IL,פסט.הודו מעושנת ק'ג,קילוגרמים,1.00,"ק""ג",true,,85.00,85.0000,true,1,1343209
7290001121238,false,קורנדביף יחיעם 180 ג',מעדני יחיעם 1993,IL,קורנד ביף 180גר',גרמים,180.00,100 גרם,false,,22.90,0.1272,true,1,1343211
7290001121849,false,יחיעם פסטרמה הודו טב,מעדני יחיעם 1993,IL,פסטרמה הודו 100%חומרים טב,גרמים,250.00,100 גרם,false,,24.90,0.0996,true,1,1343217
7290001121863,false,סלמי איטלקי פיקנטי י,מעדני יחיעם,IL,"סלמי איטלקי פיקנטי ק""ג",קילוגרמים,1.00,"ק""ג",true,,80.00,80.0000,true,1,1343218
7290001121979,false,סלמי הרץ 150 גרם יחי,תאי פרזידנט פוד פאבל,IL,סלמי הרץ 150גר',גרמים,150.00,100 גרם,false,,22.90,0.1527,true,1,1343222
7290001123775,false,שווארמה פרגיות 500 ג',"טיבול ויל אחזקות בע""",IL,שווארמה פרגיות 500 ג,גרמים,500.00,100 גרם,false,,19.90,0.0398,true,1,2371144
7290001123782,false,שווארמה הודו 500 גרם,טיבון ויל,IL,שווארמה הודו 500 גרם,גרמים,500.00,100 גרם,false,,19.90,0.0398,true,1,2371145
7290001125816,false,דג פורל,,,דג פורל,קילוגרמים,1.00,"ק""ג",true,,79.90,79.9000,true,1,1328390
7290001125953,false,דג אמנון טרי,,,דג אמנון טרי,קילוגרמים,1.00,"ק""ג",true,,39.90,39.9000,true,1,1328392
7290001127018,false,דג דניס,,,דג דניס,קילוגרמים,1.00,"ק""ג",true,,69.90,69.9000,true,1,1328393
7290001127049,false,קרפיון טרי,,,קרפיון טרי,קילוגרמים,1.00,"ק""ג",true,,29.90,29.9000,true,1,1328394
7290001127193,false,דג בורי טרי גדול,,,דג בורי טרי גדול,קילוגרמים,1.00,"ק""ג",true,,59.90,59.9000,true,1,1328396
7290001127339,false,דג מוסר בריכה טרי,,,דג מוסר בריכה טרי,קילוגרמים,1.00,"ק""ג",true,,59.90,59.9000,true,1,1328398
7290001129524,false,דג לברק,,,דג לברק,קילוגרמים,1.00,"ק""ג",true,,69.00,69.0000,true,1,1328401
7290001129784,false,דג בס,,,דג בס,קילוגרמים,1.00,"ק""ג",true,,59.90,59.9000,true,1,1328402
7290001129845,false,דג ברמונדי,,,דג ברמונדי,קילוגרמים,1.00,"ק""ג",true,,69.90,69.9000,true,1,1328404
7290001133835,false,מוח עגל טרי,,,מוח עגל טרי,קילוגרמים,1.00,"ק""ג",true,,149.00,149.0000,true,1,1344090
7290001136287,false,"נקה 7 - שמפו רגיל ירוק 750 מ""ל","קוסמופארם בעמ, ח.פ 5",IL,"שמפו נקה 7 רגיל 750 מ""ל",מיליליטרים,750.00,"100 מ""ל",false,,11.90,0.0159,true,1,1344410
7290001136294,false,"שמפו נקה 7 לשיער יבש אדום 750מ""ל",גוד פוד פרודקטס S.p,IL,שמפו נקה 7 יבש/צבוע750מל,מיליליטרים,750.00,"100 מ""ל",false,,11.90,0.0159,true,1,1344411
7290001136300,false,"שמפו נקה 7 לסירוק קל כחול 750מ""ל",אמיליה קוסמטיקס בעמ,IL,ש.+מרכך נקה7 סירוק קל750,מיליליטרים,750.00,"100 מ""ל",false,,11.90,0.0159,true,1,1344412
7290001136362,false,נקה 7 תחליב רחצה אלוורה ארומה ירוק 1 ל',מיוצר בסין.יבוא ושיו,IL,תחליב רחצה ארומה אלוורה ו,ליטרים,1.00,ליטר,false,,14.90,14.9000,true,1,1344414
7290001136683,false,"מרכך לשיער רגיל ירוק 750 מ""ל נקה 7",אמיליה קוסמטיקס בעמ,IL,"מרכך נקה 7 ס""ש 750 מ""ל",מיליליטרים,750.00,"100 מ""ל",false,,11.90,0.0159,true,1,1344415
7290001136799,false,נקה 7 תחליב רחצה ארומה ורוד יסמין 1 ל',מיוצר בסין.יבוא ושיו,IL,תחליב רחצה ארומה ורד יסמי,ליטרים,1.00,ליטר,false,,14.90,14.9000,true,1,1344416
7290001136973,false,נקה 7 תחליב רחצה ארומה קמומיל לבן 1 ל',טרופיקל דגיל תעשיות,IL,תחליב רחצה ארומה קמומיל 1,ליטרים,1.00,ליטר,false,,14.90,14.9000,true,1,1344417
7290001200308,false,פילה הייק ארוז בוואק,,,פילה הייק ארוז בוואק,קילוגרמים,1.00,"ק""ג",true,,49.90,49.9000,true,1,2549120
7290001200889,false,פילה מקרל בוואקום,,,פילה מקרל בוואקום,קילוגרמים,1.00,"ק""ג",true,,49.90,49.9000,true,1,2549138
7290001208168,false,קבוקים 250 גרם,דין שיווק,,קבוקים 250 גרם,גרמים,250.00,100 גרם,false,,5.90,0.0236,true,1,1327521
7290001208175,false,בוטן אמריקאי 250 גרם,דין שיווק,,בוטן אמריקאי 250 גרם,גרמים,250.00,100 גרם,false,,6.90,0.0276,true,1,1327522
7290001208267,false,מנצ'ס 250 גרם,דין שיווק,,מנצ'ס 250 גרם,גרמים,250.00,100 גרם,false,,9.90,0.0396,true,1,1327523
7290001208496,false,אפונה קלויה 250 גרם.,דין שיווק,,אפונה קלויה 250 גרם.,גרמים,200.00,100 גרם,false,,7.90,0.0395,true,1,1327525
7290001216040,false,טחינה גולמית אל ארז,דולפין ספא,IL,טחינה 500 גר אל ארז,גרמים,500.00,100 גרם,false,,15.90,0.0318,true,1,1406315
7290001216231,false,טחינה גולמית שומשום מלא אל ארז 500ג',דולפין ספא,IL,טחינה מלא 500 גרם א,גרמים,500.00,100 גרם,false,,16.90,0.0338,true,1,1406328
7290001245521,false,ג'ל מרוכז לכביסה לבנה וצבעונית,פרפקט Perfect,,ג'ל מרוכז 5 ליטר לכ,ליטרים,5.00,ליטר,false,,19.90,3.9800,true,1,2244119
7290001246924,false,ניקוי חלונות אקולוגי,,,ניקוי חלונות אקולוגי,מיליליטרים,750.00,"100 מ""ל",false,,14.90,0.0199,true,1,2420200
7290001247068,false,נקטר ספרינג תות בננה קרטונית 1 ל',"יפאורה תבורי בע""מ",IL,ספרינג תות בננה קרטו,ליטרים,1.00,ליטר,false,,6.60,6.6000,true,1,1324355
7290001247082,false,נקטר ספרינג עגבניות קרטונית 1 ל',"יפאורה תבורי בע""מ",IL,ספרינג עגבניות קרטונ,ליטרים,1.00,ליטר,false,,6.60,6.6000,true,1,1324356
7290001247099,false,נקטר ספרינג מנגו קרטונית 1 ל',"יפאורה תבורי בע""מ",IL,ספרינג מנגו קרטונית,ליטרים,1.00,ליטר,false,,6.60,6.6000,true,1,1324357
7290001247105,false,נקטר ספרינג אפרסק קרטונית 1 ל',"יפאורה תבורי בע""מ",IL,נקטר ספרינג אפרסק,ליטרים,1.00,ליטר,false,,6.60,6.6000,true,1,1324358
7290001247112,false,נקטר ספרינג לימונענע קרטונית 1 ל',"יפאורה תבורי בע""מ",IL,ספרינג לימונענע קרטו,ליטרים,1.00,ליטר,false,,6.60,6.6000,true,1,1324359
7290001247129,false,נקטר ספרינג תפוזים קרטונית 1 ל',"יפאורה תבורי בע""מ",IL,ספרינג תפוז קרטונית,ליטרים,1.00,ליטר,false,,6.60,6.6000,true,1,1324360
7290001247143,false,נקטר ספרינג תפוחים קרטונית 1 ל',"יפאורה תבורי בע""מ",IL,ספרינג תפוח קרטונית,ליטרים,1.00,ליטר,false,,6.60,6.6000,true,1,1324361
7290001258118,false,קממבר טבעי יעקבס לקג,גבינות משק יעקבס,IL,קממברט,קילוגרמים,1.00,"ק""ג",true,,99.00,99.0000,true,1,1347729
7290001258446,false,משק יעקבס יוגורט כבש,גבינות משק יעקבס,IL,"יוגורט כבשים .850 מ""ל",מיליליטרים,850.00,"100 מ""ל",false,,16.90,0.0199,true,1,1347744
7290001258576,false,משק יעקבס גבינה גאוד,גבינות משק יעקבס,IL,גאודה ואקום 0.200 גרם,גרמים,180.00,100 גרם,false,,19.90,0.1106,true,1,1347751
7290001258668,false,שמנת עיזים למריחה.,גבינות משק יעקבס,IL,עז מה 250.0 גרם,גרמים,250.00,100 גרם,false,,15.90,0.0636,true,1,1347754
7290001258682,false,יוגורט עיזים טבעי 50,גבינות משק יעקבס,IL,"יוגורט עזים 500.0 מ""ל",מיליליטרים,500.00,"100 מ""ל",false,,14.90,0.0298,true,1,1347755
7290001258729,false,לאבנה עיזים יעקובס 2,גבינות משק יעקבס,IL,9 לבנה עזים 250.0 גרם,גרמים,250.00,100 גרם,false,,15.90,0.0636,true,1,1347756
7290001258798,false,פטה כבשים 180 גרם,גבינות משק יעקבס,IL,"פטה כבשים 0.250ג""ר",גרמים,180.00,100 גרם,false,,24.90,0.1383,true,1,1347757
7290001258804,false,גבינת קשקבל חצי קשה,גבינות משק יעקבס,IL,קשקבל ואקום 0.18גר,גרמים,180.00,100 גרם,false,,24.90,0.1383,true,1,1347758
7290001258989,false,גבינת קממברט בקרבייב,משק יעקבס,,גבינת קממברט בקרבייב,קילוגרמים,1.00,"ק""ג",true,,89.00,89.0000,true,1,2005806
7290001274583,false,גלידל בטעם שוקו פקאן,פלדמן,IL,"גלידל פקאו 900 מ""ל",מיליליטרים,900.00,"100 מ""ל",false,,19.90,0.0221,true,1,1334740
7290001274934,false,פופסיקל גלידה לימון 640 ג',הגלידות של פלדמן,IL,שמיניית קרטיבים פופס,גרמים,640.00,100 גרם,false,,19.90,0.0311,true,1,1334742
7290001274941,false,פופסיקל גלידה פטל 640 ג',הגלידות של פלדמן,IL,שמיניית קרחוני דיאט,גרמים,640.00,100 גרם,false,,19.90,0.0311,true,1,1334743
7290001305058,false,"פלמוליב - נטורלס תחליב רחצה חלב ודבש 500 מ""ל",הנסיך- מפעל לייצור ט,TR,פלמוליב חלב ודבש 500מל חד,מיליליטרים,500.00,"100 מ""ל",false,,15.90,0.0318,true,1,1338640
7290001305188,false,פלמוליב כלים שקוף לימון 750 בקבוק חדש,יבואן ומשווק: ש. שסט,GR,פלמוליב כלים שקוף לימון 7,מיליליטרים,750.00,"100 מ""ל",false,,11.90,0.0159,true,1,1338641
7290001338155,false,"סקינגארד קרם הגנה לפנים 60 מ""ל SPF50",אמיליה קוסמטיקס,IL,סקינגארד קרם לפנים 50 60,מיליליטרים,60.00,"100 מ""ל",false,,19.90,0.3317,true,1,1344469
7290001343845,false,"גרנולה פירות 1 ק""ג - 845 - ורוד שקדיה",הנסיך- מפעל לייצור ט,IL,"גרנולה פירות 1 ק""ג.",גרמים,1000.00,100 גרם,false,,19.90,0.0199,true,1,1327526
7290001407547,false,טחינה גולמית משומשום מלא פי 6 בארכה 500ג',רושדי תעשיות מזון בע,IL,טחינה משומשום מלא פי 6 סי,גרמים,500.00,100 גרם,false,,13.90,0.0278,true,1,1339316
7290001407592,false,בארכה טחינה גולמית פי 6 סידן,,,טחינה בארכה משומשום,קילוגרמים,1.00,"100 ק""ג",false,,24.90,24.9000,true,1,2471917
7290001407752,false,טחינה גולמית עם פטרוזליה בארכה 500ג',רושדי תעשיות מזון,IL,טחינה בארכה עם פטרוזיליה,גרמים,500.00,100 גרם,false,,13.90,0.0278,true,1,1339317
7290001407769,false,טחינה גולמית שומשום מלא בארכה 500ג',רושדי תעשיות מזון בע,IL,טחינה בארכה עם שומשום מלא,גרמים,500.00,100 גרם,false,,13.90,0.0278,true,1,1339318
7290001407813,false,חלבה שאמית פיסטוק בקטנה בארכה 350ג',רושדי תעשיות מזון בע,IL,חלבה בארכה שאמית וניל עם,גרמים,350.00,100 גרם,false,,15.90,0.0454,true,1,1339319
7290001407820,false,חלווה שאמית וניל קלאסית בארכה 350ג',רושדי תעשיות מזון בע,IL,חלבה בארכה שאמית וניל 350,גרמים,350.00,100 גרם,false,,15.90,0.0454,true,1,1339320
7290001407837,false,חלבה שאמית קקאו בארכה 350 ג',רושדי תעשיות מזון בע,IL,חלבה בארכה שאמית שוקו עם,גרמים,350.00,100 גרם,false,,15.90,0.0454,true,1,1339321
7290001407844,false,חלווה קלאסית וניל בארכה 350גר,רושדי תעשיות מזון בע,IL,חלבה בארכה קלאסית וניל 35,גרמים,350.00,100 גרם,false,,15.90,0.0454,true,1,1339322
7290001419618,false,וופל בלגי עלמה שחור לבן וניל 200ג',גילרו,,וופל בלגי שוקו.,גרמים,200.00,100 גרם,false,,2.90,0.0145,true,1,1346863
7290001419779,false,וופל שוקו' עלמה קלאסי 200 גר,"גילרו בע""מ",,וופל קלאסי שוקו.,גרמים,200.00,100 גרם,false,,2.90,0.0145,true,1,1346864
7290001419793,false,גביעי גלידה מגולגל עלמה גילרו 30 יח',"גילרו בע""מ",,גביע גלידה.,גרמים,132.00,100 גרם,false,,10.90,0.0826,true,1,1346865
7290001419892,false,וופל קלאסי לימון 200 ג' עלמה,"גילרו בע""מ",,וופל קלאסי לימון.,גרמים,200.00,100 גרם,false,,2.90,0.0145,true,1,1346867
7290001425336,false,"קרם ידיים זית 200 מ""ל",שוורץ,IL,"ק.ידיים זית 200 סמ""ק",מיליליטרים,200.00,"100 מ""ל",false,,12.90,0.0645,true,1,1328020
7290001427019,false,מיץ תפוזים קשת 500 מ,,,מיץ תפוזים קשת 500 מ,מיליליטרים,500.00,"100 מ""ל",false,,13.90,0.0278,true,1,2522841
7290001427095,false,מיץ תפוח וסלק 100% סחוט,קשת מיצים טבעיים,IL,מיץ סלק ותפוחים טבעי,מיליליטרים,500.00,"100 מ""ל",false,,13.90,0.0278,true,1,2438677
7290001427132,false,מיץ רימונים טבעי קשת,קשת מיצים טבעיים,IL,מיץ רימונים טבעי קשת,מיליליטרים,500.00,"100 מ""ל",false,,15.90,0.0318,true,1,2438679
7290001427255,false,מיץ תפוחים סחוט טבעי,,,מיץ תפוחים סחוט טבעי,ליטרים,1.00,ליטר,false,,16.90,16.9000,true,1,2438671
7290001427453,false,מיץ תפוחים פינק לייד,,,מיץ תפוחים פינק לייד,ליטרים,1.00,ליטר,false,,21.90,21.9000,true,1,2436139
7290001439074,false,ספוג שלישיית כדורי רחצה מוסקו,יושלם,,שלישיה כדור ליפה,יח',3.00,יח',false,,11.90,3.9667,true,1,1323719
7290001439432,false,ספוג רחצה ועיסוי,יושלם,,ספוג ליפה רכה,יחידה,0.00,יחידה,false,,10.00,0.0000,true,1,1323722
7290001461457,false,בגט רוסטיק עם קמח מל,פילסברי,,בגט רוסטיק קמח מלא,יחידה,0.00,יחידה,false,,7.90,0.0000,true,1,1845500
7290001468272,false,נאמן פלסטרים מעורב 50יח',QUEST,,פלסטרים בגדלים וצורו,יח',50.00,יח',false,,6.90,0.1380,true,1,1329636
7290001468319,false,"מיץ לימון נאמן 200מ""ל",ITAL LEMON,,מיץ לימון 200,מיליליטרים,200.00,"100 מ""ל",false,,5.90,0.0295,true,1,1329637
7290001468463,false,ספוג ליפה טבעי לפנים,GANGEKSTIL,,ספוג ליפה טבעי,יחידה,0.00,יחידה,false,,9.90,0.0000,true,1,1329639
7290001468470,false,כפפה מגבת ספוג ליפה טבעי,,,ספוג ליפה טבעי,יחידה,0.00,יחידה,false,,14.90,0.0000,true,1,1329640
7290001468661,false,"מסיר לק ריחני 180 מ""ל",מעבדות קליאו,,מסיר לק יסמין,מיליליטרים,180.00,"100 מ""ל",false,,6.90,0.0383,true,1,1329641
7290001468678,false,מפת שולחן אלפא,נ.ש.ם,,מפת שולחן אלפא,יח',1.00,יח',false,,9.90,9.9000,true,1,1329642
7290001468753,false,קמח תפוחי אדמה 500 ג' נאמן,תבליני ביטון,IL,קמח תפוחי אדמה 500 ג,גרמים,500.00,100 גרם,false,,5.90,0.0118,true,1,1329643
7290001468890,false,אלכוהול 70%,,,אלכוהול 70%,מיליליטרים,100.00,"100 מ""ל",false,,5.90,0.0590,true,1,1329647
7290001482049,false,בולגריה בקוביות עם ש,,,בולגריה בקוביות עם ש,קילוגרמים,1.00,"ק""ג",true,,89.00,89.0000,true,1,1308718
7290001482094,false,גבינה פרמז'נו משולשים ויליפוד 200ג',זנטי אס. אי לאלין,IT,פרמז'נו 200גרם ( 25יח') (,גרמים,200.00,100 גרם,false,,19.90,0.0995,true,1,1308719
7290001482384,false,אננס חתוך ויליפוד 227 ג',טקרנג,TH,אננס חתוך 227גרם,גרמים,227.00,100 גרם,false,,3.90,0.0172,true,1,1308721
7290001482506,false,וילי פוד חומץ בלסמי בדץ 500מל,אצטום,IT,חומץ בלסמי ממודנה 500מ'ל,מיליליטרים,500.00,"100 מ""ל",false,,19.90,0.0398,true,1,1308726
7290001491010,false,תה ירוק יסמין 25 שקיקים 1.5 גרם,קריות זול,IL,תה ירוק יסמין,גרמים,37.50,100 גרם,false,,22.90,0.6107,true,1,1339323
7290001491096,false,תה ירוק בתוספת לימונית ולואיזה 50 שקיקים ויסוצקי,קריות זול,IL,תה ירוק לימונית ולואיזה,גרמים,75.00,100 גרם,false,,39.90,0.5320,true,1,1339324
7290001507063,false,פתי בר מקמח מלא אורג,השדה מוצרים אורגניים,IL,ביסקוויט פתיבר אורגני מקמ,גרמים,200.00,100 גרם,false,,7.90,0.0395,true,1,1308998
7290001507070,false,פתי בר חרובים אורגני,השדה מוצרים אורגניים,IL,ביסקוויט פתיבר חרובים אור,גרמים,200.00,100 גרם,false,,7.90,0.0395,true,1,1308999
7290001515310,false,סקוטש ברייט שש כריות קרצוף 6 יח',,,כריות קירצוף,יח',6.00,יח',false,,12.90,2.1500,true,1,1304926
7290001515631,false,ספוגי קרצוף קשיחים סקוטש ברייט שלישיה,,,ספוג קרצוף ארוך שליש,יח',3.00,יח',false,,7.90,2.6333,true,1,1304933
7290001532010,false,סלמון בעישון חם הרמס,"הרמס דגים בע""מ",IL,סלמון מעושן חם,קילוגרמים,1.00,"ק""ג",true,,169.00,169.0000,true,1,2407652
7290001532027,false,סלמון מעושן פרוס הרמ,"הרמס דגים בע""מ",IL,סלמון פרוס,קילוגרמים,1.00,"ק""ג",true,,169.00,169.0000,true,1,2459455
7290001532096,false,שפרוטים חם,,,שפרוטים חם,קילוגרמים,1.00,"ק""ג",true,,82.00,82.0000,true,1,2459457
7290001532126,false,קילקה בלי ראש,,,קילקה בלי ראש,קילוגרמים,1.00,"ק""ג",true,,69.00,69.0000,true,1,2459458
7290001532133,false,פילה הרינג מעושן,,,פילה הרינג מעושן,קילוגרמים,1.00,"ק""ג",true,,55.00,55.0000,true,1,2459459
7290001532157,false,פילה הרינג,,,פילה הרינג,קילוגרמים,1.00,"ק""ג",true,,45.00,45.0000,true,1,2459461
7290001532164,false,פילה הרינג כבוש,,,פילה הרינג כבוש,קילוגרמים,1.00,"ק""ג",true,,45.00,45.0000,true,1,2459462
7290001532218,false,בקלה מעושן חם,,,בקלה מעושן חם,קילוגרמים,1.00,"ק""ג",true,,69.00,69.0000,true,1,2459464
7290001532232,false,בייבי סלמון מעושן,,,בייבי סלמון מעושן,קילוגרמים,1.00,"ק""ג",true,,129.00,129.0000,true,1,2459465
7290001532249,false,מקרל מקרוסקה מעושן ה,"הרמס דגים בע""מ",IL,הרמס מקרוסקה מעושן ח,קילוגרמים,1.00,"ק""ג",true,,119.00,119.0000,true,1,2407658
7290001532287,false,דג מויבה מעושן,,,דג מויבה מעושן,קילוגרמים,1.00,"ק""ג",true,,79.00,79.0000,true,1,2459467
7290001532300,false,דג רוטבש מעושן חם,,,דג רוטבש מעושן חם,קילוגרמים,1.00,"ק""ג",true,,95.00,95.0000,true,1,2459468
7290001532317,false,מקרל בשמן,,,מקרל בשמן,קילוגרמים,1.00,"ק""ג",true,,89.00,89.0000,true,1,2459469
7290001532324,false,הרמס פילה הרינג לבן,,,הרמס פילה הרינג לבן,קילוגרמים,1.00,"ק""ג",true,,49.00,49.0000,true,1,2407645
7290001532331,false,סלמון גרבלקס פרוס,,,סלמון גרבלקס פרוס,קילוגרמים,1.00,"ק""ג",true,,189.00,189.0000,true,1,2459470
7290001532690,false,הרמס פילה הרינג אדום,,,הרמס פילה הרינג אדום,קילוגרמים,1.00,"ק""ג",true,,49.00,49.0000,true,1,2407646
7290001532706,false,פילה הרינג חתוך,,,פילה הרינג חתוך,קילוגרמים,1.00,"ק""ג",true,,45.00,45.0000,true,1,2459472
7290001532713,false,פילה הרינג עם שמיר,,,פילה הרינג עם שמיר,קילוגרמים,1.00,"ק""ג",true,,45.00,45.0000,true,1,2459473
7290001552025,false,קוסקוס של אמא קפוא 8,,,הקוסקוס של אמא 800 ג,גרמים,800.00,100 גרם,false,,14.90,0.0186,true,1,1355183
7290001552049,false,מטעמי פאר קוסקוס מרו,,,קוסקוס מרוקאי 800 גר,גרמים,800.00,100 גרם,false,,14.90,0.0186,true,1,1355184
7290001567708,false,נקנקיות וינר 400 ג' יחיעם,יחיעם,IL,נקניקיות עוף 400 גרם,גרמים,400.00,100 גרם,false,,9.90,0.0248,true,1,1424541
7290001567760,false,פסטרמה של פעם 300 ג' יחיעם,פ.פ.ח. שאביט,IL,פסטרמה של פעם 300 ג',יחידה,0.00,יחידה,false,,24.90,0.0000,true,1,1492518
7290001567807,false,כתף בקר מעושן 250 ג' יחיעם,פ.פ.ח. שאביט,IL,כתף בקר מעושן 250 ג',גרמים,250.00,100 גרם,false,,27.90,0.1116,true,1,1492520
7290001567937,false,איטליקי מפולפל 200 ג' יחיעם,,,נקניק אטלקי מפולפל,גרמים,200.00,100 גרם,false,,10.90,0.0545,true,1,1895289
7290001594155,false,קוקה קולה בקבוק 500מ,החברה המרכזית לייצור,IL,ק'-קולה 500 מל,מיליליטרים,500.00,"100 מ""ל",false,,6.90,0.0138,true,1,1335007
7290001594179,false,פאנטה אורנג בקבוק 50,החברה המרכזית לייצור,IL,פנט אורנג 500 מל,מיליליטרים,500.00,"100 מ""ל",false,,6.90,0.0138,true,1,1335009
7290001594230,false,"קינלי סודה בקבוק 250 מ""ל",החברה המרכזית לייצור,IL,קינלי סודה 250,מיליליטרים,250.00,"100 מ""ל",false,,4.00,0.0160,true,1,1335012
7290001594520,false,"בירה טובורג בקבוק 330מ""ל",מבשלות בירה בינלאומי,IL,"בירה טובורג 330 מ""ל.",מיליליטרים,330.00,"100 מ""ל",false,,6.90,0.0209,true,1,1335017
7290001594544,false,"בירה שחורה מאלטי בקבוק 330מ""ל",קרלסברג ישראל,,"בירה מאלטי 330 מ""ל.",מיליליטרים,330.00,"100 מ""ל",false,,5.90,0.0179,true,1,1335019
7290001594568,false,"בירה קרלסברג פחית 500 מ""ל",מבשלות בירה בינלאומי,RO,קרלסברג פח 500 מל פקדון,מיליליטרים,500.00,"100 מ""ל",false,,7.90,0.0158,true,1,1335021
7290001594575,false,"בירה טובורג פחית 500 מ""ל",מבשלות בירה בינלאומי,IL,טובורג פח 500 מל פקדון,מיליליטרים,500.00,"100 מ""ל",false,,7.90,0.0158,true,1,1335022
7290001594810,false,"בירה שחורה מאלטי בקב' מארז 330X6מ""ל",קרלסברג ישראל,,שישיית בירה מאלטי 33,ליטרים,1.98,ליטר,false,,24.90,12.5758,true,1,1335024
7290001594858,false,"בירה טובורג בקבוק 330X6מ""ל",קרלסברג ישראל,IL,טובורג 6 בק 330 פקדון,ליטרים,1.98,ליטר,false,,28.90,14.5960,true,1,1335026
7290001594865,false,"קרלסברג בירה בקבוק 6* 330 מ""ל",קרלסברג ישראל,IL,קרלסברג 6 בק 330 פקדון,ליטרים,1.98,ליטר,false,,32.90,16.6162,true,1,1335027
7290001664353,false,גב עוף,,,גב עוף,קילוגרמים,1.00,"ק""ג",true,,4.90,4.9000,true,1,1344096
7290001664360,false,עצמות בקר טרי,,,עצמות בקר טרי,קילוגרמים,1.00,"ק""ג",true,,29.90,29.9000,true,1,1344097
7290001664384,false,פילה עגל טרי,,,פילה עגל טרי,קילוגרמים,1.00,"ק""ג",true,,220.00,220.0000,true,1,1344098
7290001664391,false,כנפיים עוף+נקיון,,,כנפיים עוף+נקיון,קילוגרמים,1.00,"ק""ג",true,,14.90,14.9000,true,1,1344099
7290001664445,false,לשון עגל טרי,,,לשון עגל טרי,קילוגרמים,1.00,"ק""ג",true,,49.00,49.0000,true,1,1344103
7290001664483,false,הודו אדום טחון,,,הודו אדום טחון,קילוגרמים,1.00,"ק""ג",true,,69.90,69.9000,true,1,1344105
7290001664490,false,סטייק שווארמה הודו ט,,,סטייק שווארמה הודו ט,קילוגרמים,1.00,"ק""ג",true,,89.90,89.9000,true,1,1344106
7290001664520,false,כתף טלה טרי,,,כתף טלה טרי,קילוגרמים,1.00,"ק""ג",true,,89.90,89.9000,true,1,1344107
7290001664537,false,"חזה טלה טרי ע""ע",,,"חזה טלה טרי ע""ע",קילוגרמים,1.00,"ק""ג",true,,69.90,69.9000,true,1,1344108
7290001664544,false,צלעות טלה טרי,,,צלעות טלה טרי,קילוגרמים,1.00,"ק""ג",true,,199.00,199.0000,true,1,1344109
7290001664551,false,צוואר טלה טרי,,,צוואר טלה טרי,קילוגרמים,1.00,"ק""ג",true,,89.90,89.9000,true,1,1344110
7290001664919,false,סטייק פרגיות,,,סטייק פרגיות,קילוגרמים,1.00,"ק""ג",true,,79.90,79.9000,true,1,1344115
7290001664964,false,קוביות/חזה עוף פרוס,,,קוביות/חזה עוף פרוס,קילוגרמים,1.00,"ק""ג",true,,44.90,44.9000,true,1,1344116
7290001670224,false,מלית פרג 400 גרם פוליבה,"פוליבה בע""מ",IL,מלית פרג,גרמים,400.00,100 גרם,false,,10.90,0.0273,true,1,1321327
7290001670255,false,כוס קרטון שתייה חמה 8B 50 יח',הנמל,,כוסות קרטון 8 50 יח,יח',50.00,יח',false,,9.90,0.1980,true,1,2499741
7290001670354,false,"מפת שולחן סופגת לבן 137X274 ס""מ במיוחד",,,מפת שולחן סופגת,יחידה,0.00,יחידה,false,,9.90,0.0000,true,1,1321331
7290001670514,false,מלית אוכמניות - 400 גרם פוליבה,"פוליבה בע""מ",IL,מלית אוכמניות,גרמים,400.00,100 גרם,false,,10.90,0.0273,true,1,1321338
7290001670668,false,שקיות להכנת קרחונים 12 יח' הנמל,"איטיליאן פוד, אס.פי.",TR,קרחוניות 12 יח',יח',12.00,יח',false,,3.90,0.3250,true,1,1321341
7290001670736,false,כפפות נילון שקוף 100 יחידות,יבוא ושיווק: הנמל אר,IL,כפפות ניילון שקוף 10,יח',100.00,יח',false,,4.90,0.0490,true,1,1321342
7290001670842,false,מלית חלווה פוליבה 400 ג',"פוליבה בע""מ",IL,ממרח חלבה 400 גרם,גרמים,400.00,100 גרם,false,,10.90,0.0273,true,1,1321344
7290001670859,false,מלית דובדבנים פוליבה 400 ג',קריות זול,IL,מלית דובדבנים,גרמים,400.00,100 גרם,false,,10.90,0.0273,true,1,1321345
7290001690147,false,"גבינת מותכת למריחה6%,120 ג' טעם טוב",שלושת האופים,IL,טעם טוב גבינה מותכת,גרמים,120.00,100 גרם,false,,9.90,0.0825,true,1,2496563
7290001709467,false,מטבעות פאני פורי 200,,,מטבעות פאני פורי 200,גרמים,200.00,100 גרם,false,,19.90,0.0995,true,1,2539160
7290001713150,false,סנט מוריץ מתז אקונומיקה Bleach קצף לימון 1 ליטר,קומפלקס כימיקלים,IL,מתז אקונומיקה קצף,ליטרים,1.00,ליטר,false,,10.90,10.9000,true,1,2423726
7290001723012,false,פדים להנקה 30 יחידות,,,פדים להנקה 30 יחידות,יח',30.00,יח',false,,13.90,0.4633,true,1,1322111
7290001723319,false,סינר סקוטש משובח,,,סינר סקוטש משובח,יח',1.00,יח',false,,11.90,11.9000,true,1,1322114
7290001791356,false,"סנו - פרש מילוי למטהר אוויר בלו אייר 250 מ""ל",קריות זול,IL,סנופרש אוטומטי לבנדר250מ,מיליליטרים,250.00,"100 מ""ל",false,,13.90,0.0556,true,1,1319672
7290001791363,false,"פרש אוטומטיק בריח וניל 250 מ""ל סנו",סנו מפעלי ברונוס בעמ,IL,סנופרש אוטומטי וניל 250מ,מיליליטרים,250.00,"100 מ""ל",false,,13.90,0.0556,true,1,1319673
7290001813454,false,עוגיות חיוכים חגיגה שוקו 900 ג',אפיפית נצרת תעשיות ב,IL,חיוכים שוקו 900 גרם,גרמים,900.00,100 גרם,false,,19.90,0.0221,true,1,2529431
7290001813478,false,עוגיות חיוכים חגיגה וניל 900 ג',אפיפית נצרת תעשיות ב,IL,חיוכים וניל 900 גרם,גרמים,900.00,100 גרם,false,,19.90,0.0221,true,1,2529432
7290001817377,false,צ'יטוס חטיף איקס עיגול פיצה 60 גרם,"שטראוס פריטו ליי בע""",IL,ציטוס איקס עיגול 60,גרמים,60.00,100 גרם,false,,3.50,0.0583,true,1,1343252
7290001817728,false,צ'יטוס חטיף כאפה קטשופ 55 גרם,"שטראוס פריטו ליי בע""",IL,ציטוס כאפה 55 גר תפזורת,גרמים,55.00,100 גרם,false,,3.50,0.0636,true,1,1343254
7290001892008,false,לחם שיפון בסגנון סקנ,מאפיית פולנסקי,IL,לחם סקנדינבי,גרמים,700.00,100 גרם,false,,11.90,0.0170,true,1,1337179
7290001892169,false,לחם של פעם 500 גר,,,לחם של פעם,גרמים,500.00,100 גרם,false,,11.90,0.0238,true,1,2471221
7290001901656,false,גפילטע פיש היימיש 7 קציצות כשלפ בדץ,דג טעים בעמ,IL,צנצנת קציצות היימיש,גרמים,560.00,100 גרם,false,,10.90,0.0195,true,1,1415127
7290001901670,false,צנצנת גפילטע פיש 4 קציצות ללא סוכר,דג טעים בעמ,IL,צנצנת קציצות דיאט 4,גרמים,510.00,100 גרם,false,,15.90,0.0312,true,1,1415151
7290001917527,false,פרש וואנס פדים להסרת איפור 80 יח' *3,קריות זול,IL,פדיות קוסמטיות **1X3**,יח',3.00,יח',false,,14.90,4.9667,true,1,1353080
7290001946015,false,אריסה מתוקה,תבליני ביטון מאיר,IL,אריסה מתוקה 250ג- 12יח',גרמים,250.00,100 גרם,false,,12.90,0.0516,true,1,1364767
7290001946046,false,עמבה,תבליני ביטון מאיר,IL,עמבה 250ג- 12יח',גרמים,250.00,100 גרם,false,,12.90,0.0516,true,1,1364768
7290001946237,false,פלפל צ'ומה,תבליני ביטון מאיר,IL,פלפל צ'ומה 250ג- 12יח',גרמים,250.00,100 גרם,false,,12.90,0.0516,true,1,1364772
7290001946299,false,סחוג תימני,תבליני ביטון מאיר,IL,סחוג תימני 250ג- 12יח',גרמים,250.00,100 גרם,false,,12.90,0.0516,true,1,1364773
7290001946725,false,לימון באלדי,תבליני ביטון מאיר,IL,לימון באלדי 250ג- 12יח',גרמים,250.00,100 גרם,false,,12.90,0.0516,true,1,1364777
7290001973233,false,"ד""ר פישר - קמיל בלו מילוי מגבונים בדיספנסר 120 יח'","ד""ר פישר Dr fischer",IL,ק.ב סנסטיב מגבונים 120 יח,יח',120.00,יח',false,,12.90,0.1075,true,1,1351854
7290001973332,false,מגבונים קמיל בלו סנסטיב לפנים 60 יח,"ד""ר פישר Dr fischer",IL,- ק.ב.ס מגבונים לפנים 60,יח',60.00,יח',false,,6.90,0.1150,true,1,1351857
7290001973363,false,מגבונים קמיל בלו ליציאה שקית 30 יח,"ד""ר פישר Dr fischer",IL,TO-GO ק.ב סנסטיב מגבונ,יח',30.00,יח',false,,6.90,0.2300,true,1,1351858
7290001990148,false,"סוכר גולדן קלאסי צנצנת 1ק""ג סוגת",האי נאם סי או אל.טי.,IL,סוכר גולדן קלסי צנצנת1 קג,קילוגרמים,1.00,"ק""ג",false,,12.90,12.9000,true,1,1333134
7290002000136,false,מגע המשי שעווה דבש למיקרוגל 500 ג',ש. שוורץ (באר שבע) ב,IL,מגע המשי הדבש ש.למיקרוגל,גרמים,500.00,100 גרם,false,,16.90,0.0338,true,1,1353081
7290002000143,false,"חדש -פנג'ל ק.ידיים קלאסיק 80מ""ל",מיוצר עי קונדיטוריית,IL,חדש -פנג'ל ק.ידיים קלאסיק,מיליליטרים,80.00,"100 מ""ל",false,,6.90,0.0863,true,1,1353082
7290002000266,false,מגע המשי שעווה תפוח למיקרוגל 500 ג',המאפיה של הרמן,IL,מגע המשי התפוח ש.למיקרוגל,גרמים,500.00,100 גרם,false,,16.90,0.0338,true,1,1353083
7290002001782,false,קרם לכף רגל פנג'ל,אינטרקוסמא,IL,חדש-פנג'ל פלוס קרם כף רגל,גרמים,100.00,100 גרם,false,,14.90,0.1490,true,1,1353084
7290002002857,false,מגע המשי נייר הדבש 50יח',"איטיליאן פוד, אס.פי.",IL,מגע המשי נייר הדבש 50יח,יח',50.00,יח',false,,18.90,0.3780,true,1,1353091
7290002003168,false,קרם ידיים מארז שלישיית פנג'ל 3X80-גרם,אינטרקוסמא 1985 במ,IL,פנג'ל קרם ידיים קלאס,מיליליטרים,240.00,"100 מ""ל",false,,19.90,0.0829,true,1,2270047
7290002007029,false,קוקוס טחון 100 ג' הנמל,יבוא ושיווק: הנמל אר,IL,קוקוס טחון,גרמים,100.00,100 גרם,false,,3.90,0.0390,true,1,2387160
7290002007234,false,אבקת סוכר 100 ג' הנמל,"מיוצר וארוז ע""י: ר.ס",IL,אבקת סוכר 100 גרם,גרמים,100.00,100 גרם,false,,1.90,0.0190,true,1,1321348
7290002007241,false,סודה לשתיה 50 ג' הנמל,"מיוצר וארוז ע""י: BAS",IL,סודה לשתיה,גרמים,50.00,100 גרם,false,,1.90,0.0380,true,1,1321349
7290002007296,false,צמר פלדה הנמל 350 גר,פלסטו פוליש,IL,צמר פלדה,גרמים,350.00,100 גרם,false,,7.90,0.0226,true,1,1321350
7290002007302,false,סוכריות לקישוט צבע אחיד 100 ג' הנמל,קריות זול,,סוכריות קישוט לעוגה,גרמים,100.00,100 גרם,false,,4.90,0.0490,true,1,1321351
7290002007357,false,שקיות צליה דליקטס מיקרוגל הנמל 10 יח',הנמל,IL,שקיות לצליה,יח',10.00,יח',false,,4.90,0.4900,true,1,1321352
7290002007371,false,פירורי לחם הנמל 500 ג',הנמל אריזות ושיווק ב,IL,פירורי לחם 500ג.,גרמים,500.00,100 גרם,false,,5.90,0.0118,true,1,1321353
7290002007487,false,צמר פלדה הנמל 100 גר,"איטיליאן פוד, אס.פי.",IL,צמר פלדה,גרמים,100.00,גרם,false,,2.90,0.0290,true,1,1321356
7290002007500,false,קיסמי שיניים במבוק בחבית 500 יח',הנמל אריזות ושיווק ב,IL,קיסמי שיניים 500 יח,יח',500.00,יח',false,,3.80,0.0076,true,1,1321357
7290002007715,false,"הנמל סיר אלומניום ענק 5.30 ליטר, 1 יח' `",,,סיר אלומניום + מכסה,יחידה,0.00,יחידה,false,,14.90,0.0000,true,1,1321360
7290002007746,false,"צבע מאכל כחול 55 מ""ל הנמל",הנמל אריזות ושיווק ב,IL,צבע מאכל כחול,מיליליטרים,55.00,"100 מ""ל",false,,2.90,0.0527,true,1,1321361
7290002007821,false,"צבע מאכל אדום 55 מ""ל",ממתקי עלה ייצור שיוו,IL,צבע מאכל אדום,מיליליטרים,55.00,"100 מ""ל",false,,2.90,0.0527,true,1,1321364
7290002007852,false,"תמצית אפייה בטעמים שונים 55 מ""ל הנמל",ממתקי עלה יצור ושיוו,IL,תמצית לאפיה וניל,מיליליטרים,55.00,"100 מ""ל",false,,2.90,0.0527,true,1,1321365
7290002008057,false,"תמצית אפייה בטעם רום 55 מ""ל הנמל",ממתקי עלה יצור שיווק,IL,תמצית אפיה רום,מיליליטרים,55.00,"100 מ""ל",false,,2.90,0.0527,true,1,1321373
7290002008071,false,עטרות חום 2 מספר הנמל,הנמל אריזות ושיווק ב,IL,נייר לעוגיות מס.2 13,יח',130.00,יח',false,,3.90,0.0300,true,1,1321374
7290002008088,false,"צבע מאכל צהוב 55 מ""ל הנמל",הנמל אריזות ושיווק ב,IL,צבע מאכל צהוב,מיליליטרים,55.00,"100 מ""ל",false,,2.90,0.0527,true,1,1321375
7290002008118,false,צמרונים עץ 100 יחידות,שוורצקוף& הנקל דיסלד,CN,צימרונים לאוזנים,יח',100.00,יח',false,,1.00,0.0100,true,1,1321376
7290002008156,false,עטרות חום 5 מספר הנמל,קריות זול,IL,נייר לעוגיות מס.5 13,יח',130.00,יח',false,,4.90,0.0377,true,1,1321378
7290002008170,false,עטרות חום 3 מספר הנמל,הנמל,IL,נייר לעוגיות מס.3 13,יח',130.00,יח',false,,3.90,0.0300,true,1,1321379
7290002008224,false,סוכריות לקישוט צבעונית הנמל 100 ג',ממתקי עלה בעמ,IL,סוכריות קישוט,גרמים,60.00,100 גרם,false,,4.90,0.0817,true,1,1321381
7290002008255,false,נייר אפיה 10 יח,,,נייר אפיה 10 יח,יח',10.00,יח',false,,2.00,0.2000,true,1,1321383
7290002008262,false,מצע לירקות ולפירות ה,שיווק: הנמל אריזות ו,IL,מצע נושם לירקות,יח',1.00,יח',false,,9.90,9.9000,true,1,1321384
7290002008309,false,עטרות נייר חום לעוגה מס' 4 הנמל 130יח',הנמל אריזות ושיווק ב,IL,נייר לעוגיות מס.4 13,יח',130.00,יח',false,,4.90,0.0377,true,1,1321386
7290002008354,false,מפת מגן נילון לשולחן,"איטיליאן פוד, אס.פי.",IL,מפות ניילון בגליל 8,יח',8.00,יח',false,,7.90,0.9875,true,1,1321387
7290002008460,false,עטרות חום 1.5 מספר הנמל,קריות זול,IL,נייר לעוגיות מס.1.5,יח',130.00,יח',false,,2.90,0.0223,true,1,1321391
7290002008491,false,סוכריות לקישוט שוקולד 100 ג' הנמל,ממתקי עלה יצור שיווק,IL,סוכריות קישוט שוקו,גרמים,100.00,100 גרם,false,,4.90,0.0490,true,1,1321392
7290002008507,false,נייר אפייה 50 יח' הנמל,הנמל אריזות ושיווק ב,IL,נייר אפייה 50 יח,יח',50.00,יח',false,,8.90,0.1780,true,1,1321393
7290002008569,false,מלבין קפה בקופסא 200 גר',הנמל אריזות ושיווק ב,IL,מלבין קפה 200 גר,גרמים,200.00,100 גרם,false,,12.90,0.0645,true,1,1321396
7290002008620,false,"צבע מאכל ירוק 55 מ""ל הנמל",ממתקי עלה יצור שיווק,IL,צבע מאכל ירוק,מיליליטרים,55.00,"100 מ""ל",false,,2.90,0.0527,true,1,1321397
7290002008743,false,סוכר וניל 10*10 ג' הנמל,"מיוצר וארוז ע""י: ר.ס",IL,סוכר וניל 10 יח',גרמים,100.00,100 גרם,false,,1.90,0.0190,true,1,1321399
7290002008750,false,אבקת אפיה הנמל מארז 10X10 ג',"מיוצר ע""י:ר.ס. חברה",IL,אבקת אפיה 10 יח',גרמים,100.00,100 גרם,false,,1.90,0.0190,true,1,1321400
7290002008835,false,מגן כיריים 4יח,מיוצר בסין.יבוא ושיו,CN,מגן כיריים,יח',4.00,יח',false,,4.90,1.2250,true,1,1321401
7290002008903,false,נייר טואלט חתוך במזודה 12 יח',הויזהו טאימי פפר,CN,נייר טואלט חתוך במזו,יח',12.00,יח',false,,19.90,1.6583,true,1,1321403
7290002008927,false,סוכריות לקישוט שוקו לבן 100 ג' הנמל,ממתקי עלה יצור שיווק,IL,סוכריות קישוט שוקו ל,גרמים,100.00,100 גרם,false,,4.90,0.0490,true,1,1321404
7290002013006,false,פסטרמה מקסיקנית זוגל,זוגלובק,IL,פסטרמה מקסיקנית,קילוגרמים,1.00,"ק""ג",true,,85.00,85.0000,true,1,1322650
7290002013037,false,פסטרמה פרגית זוגלובק,זוגלובק,IL,פסטרמה פרגיות על לבנ,קילוגרמים,1.00,"ק""ג",true,,85.00,85.0000,true,1,1322651
7290002013174,false,פסטרמה של פעם זוגלוב,כצט,IL,פסטרמה של פעם,קילוגרמים,1.00,"ק""ג",true,,85.00,85.0000,true,1,1322652
7290002022152,false,מרשמלו ורוד לבן וסטהיים 100ג36X שקיות בקרטון,מנדלז סי.אר. פרודקשן,IL,כרמית מרשמלו 100 גרם,גרמים,100.00,100 גרם,false,,3.00,0.0300,true,1,1338644
7290002026341,false,צ'יפס בטטה קפוא אריסטו 500ג',האי נאם סי או אל.טי.,CA,צ'יפס בטטה אריסטו,גרמים,500.00,100 גרם,false,,14.90,0.0298,true,1,1367853
7290002026358,false,צ'יפס בטטה זיגזג אריסטו 500ג',האי נאם סי או אל.טי.,CA,צ'יפס בטטה אריסטו זי,גרמים,500.00,100 גרם,false,,14.90,0.0298,true,1,1367854
7290002026402,false,בראנץ אנד קראנץ בלינצס גבינה 350 גרם,מוצרי איכות אמריקאיי,IL,בלינצ'ס גבינה קפוא 350גר,גרמים,350.00,100 גרם,false,,15.90,0.0454,true,1,1326927
7290002026587,false,וופל בלגי פרווה בראנץ אנד קראנץ 8 יח',בראנץ' אנד קראנץ Brunch& Crunch,BE,וופל בלגי קפוא.,גרמים,220.00,100 גרם,false,,15.90,0.0723,true,1,2402159
7290002026884,false,"מאגדת ציאנקי מיקס בן וג'ירי 4 *100 מ""ל",,,מאגדת גלידות מיקס צא,גרמים,294.00,100 גרם,false,,24.90,0.0847,true,1,2033354
7290002026891,false,"מאגדת קוקי מיקס בן וג'ירי 4*100 מ""ל",,,מאגדת גלידות קוקו מי,גרמים,288.00,100 גרם,false,,24.90,0.0865,true,1,2033355
7290002037057,false,לחם לבן פרוס 500 גרם,מאפיית ודש,,לחם לבן פרוס 500 גרם,גרמים,500.00,100 גרם,false,,5.90,0.0118,true,1,1323310
7290002037125,false,חלה פרוסה וודש 500גר,מאפית י את א ברמן בע,IL,חלה פרוסה 500 גרם.,גרמים,500.00,100 גרם,false,,8.90,0.0178,true,1,1323311
7290002037163,false,**לחם אחיד פרוס וודש 750 גרם,מאפיית ודש,,לחם אחיד כהה פרוס 75,גרמים,750.00,100 גרם,false,,6.90,0.0092,true,1,1323313
7290002037194,false,לחם שחור מקמח מלא 750ג,מאפית י את א ברמן בע,IL,לחם שחור מקמח מלא 75,גרמים,750.00,100 גרם,false,,8.90,0.0119,true,1,1323314
7290002037309,false,לחמניות המבורגר 8יח 400גר,מאפית י את א ברמן בע,IL,לחמניות המבורגר 450,גרמים,450.00,100 גרם,false,,12.90,0.0287,true,1,1323316
7290002037569,false,מארז 6 לחמניות באניס,מאפיית ודש,,מארז 6 לחמניות באניס,גרמים,450.00,100 גרם,false,,12.90,0.0287,true,1,1323319
7290002040019,false,קוסקוס רגיל הנמל 350 גר',"קוסקוס מזון בע""מ",IL,קוסקוס רגיל בשקית 35,גרמים,350.00,100 גרם,false,,5.50,0.0157,true,1,1321407
7290002040064,false,קוסקוס דק הנמל 350 גר',טרופיקל דגיל תעשיות,IL,קוסקוס דק בשקית.,גרמים,350.00,100 גרם,false,,5.50,0.0157,true,1,1321409
7290002040071,false,קוסקוס עבה הנמל 350 גר',"קוסקוס מזון בע""מ",IL,קוסקוס עבה בשקית 350,גרמים,350.00,100 גרם,false,,5.50,0.0157,true,1,1321410
7290002040088,false,קוסקוס חיטה מלאה 350 ג',"קוסקוס מזון בע""מ",IL,קוסקוס מלא 350 גר.,גרמים,350.00,100 גרם,false,,6.50,0.0186,true,1,1321411
7290002041009,false,"חלאבילין אורגינל 10 מ""ל",,,חלאבלין אורגינל,גרמים,10.00,100 גרם,false,,39.90,3.9900,true,1,1327723
7290002041023,false,"רעננה אורגינל 10 מ""ל",,,רעננה אורגינל,גרמים,12.50,100 גרם,false,,39.90,3.1920,true,1,1327724
7290002041368,false,"מידנייט דאודורנט ספריי 150 מ""ל",,,דאודרנט מידנייט,מיליליטרים,150.00,"100 מ""ל",false,,14.90,0.0993,true,1,1327727
7290002041818,false,דאודורנט און מידנייט,,,דאודורנט און מידנייט,מיליליטרים,80.00,"100 מ""ל",false,,14.90,0.1863,true,1,1327729
7290002041832,false,דאודורנט רולאון לאבל,,,דאודורנט רולאון לאבל,מיליליטרים,80.00,"100 מ""ל",false,,14.90,0.1863,true,1,1327730
7290002043065,false,פריכיות אורז חום מלא בציפוי שוקולד מריר בלגי 70 ג',נוהלס,BG,פירכיות אורז חום מלא,גרמים,70.00,100 גרם,false,,7.90,0.1129,true,1,2434832
7290002043232,false,צ'יפס אורז חום מלא טקסס ברביקיו 120 ג',,,ציפס אורז חום מלא טק,גרמים,120.00,100 גרם,false,,10.90,0.0908,true,1,2434851
7290002043782,false,ציפס אורז חום מלא טקסס ברביקיו אקסטרא 60 ג',נוהלס,BG,ציפס אורז חום מלא טק,גרמים,60.00,100 גרם,false,,5.90,0.0983,true,1,2434861
7290002053088,false,איטריות ביצים מס' 8.,אוריינטל,PL,8 אטריות ביצים,גרמים,200.00,100 גרם,false,,6.90,0.0345,true,1,1309006
7290002053095,false,אטריות ביצים מס 10 200 ג',קריות זול,PL,10 אטריות ביצים,גרמים,200.00,100 גרם,false,,6.90,0.0345,true,1,1309007
7290002053118,false,אוריינט אטריות ביצים מס 14 200 ג',האי נאם סי או אל.טי.,PL,14 אטריות ביצים,גרמים,200.00,100 גרם,false,,6.90,0.0345,true,1,1309009
7290002053354,false,נודלס סיני אוריינט 3,טאביט ספ.ז.או.או,PL,נודלס סיני300גר,גרמים,300.00,100 גרם,false,,9.90,0.0330,true,1,1309010
7290002053538,false,נודלס בסגנון תאילנדי 25% תוספת 400 ג',,,נודלס איטריות.,גרמים,400.00,100 גרם,false,,13.90,0.0348,true,1,2404916
7290002057017,false,זיתים נובו ענק A2 יבנה 330ג',קריות זול,IL,זיתים נובו ענק,גרמים,560.00,100 גרם,false,,8.90,0.0159,true,1,1359233
7290002057031,false,זיתים מבוקע פיקנטי A2 יבנה 560 ג',קריות זול,IL,זיתים מבוקע פיקנטי,גרמים,560.00,100 גרם,false,,8.90,0.0159,true,1,1359234
7290002057062,false,זיתים ירוק מנזנילנו בינוני יבנה 540ג',,,זיתים מנזנילו ירוק ב,גרמים,560.00,100 גרם,false,,6.90,0.0123,true,1,1359237
7290002057079,false,"זיתים מנזלינו גדול 3 ק""ג יבנה",,,זיתים מנזנילו גדול A,קילוגרמים,3.00,"ק""ג",false,,34.90,11.6333,true,1,1359238
7290002057086,false,"מנזנילו גדול 1.3 ק""ג יבנה",,,זיתים מנזנילו גדול,גרמים,1250.00,100 גרם,false,,17.90,0.0143,true,1,1359239
7290002057093,false,זיתים מנזנילו ירוק A2 יבנה 540ג',קדבורי,IL,מנזנילו גדול,גרמים,540.00,100 גרם,false,,7.90,0.0146,true,1,1359240
7290002057109,false,זיתים מנזנילו ירוק גדול ושום A2 יבנה 540ג',,,זיתים מנזנילו גדול מ,גרמים,540.00,100 גרם,false,,8.90,0.0165,true,1,1359241
7290002057123,false,זיתים חרוזית ירוק A2 יבנה 540ג',קריות זול,IL,זיתים ירוקים מנזנילו,גרמים,560.00,100 גרם,false,,9.50,0.0170,true,1,1359242
7290002057130,false,"זיתים חרוזית ירוק יבנה 1.25ק""ג",,,חרוזית,גרמים,1250.00,100 גרם,false,,19.90,0.0159,true,1,1359243
7290002057147,false,זיתים שחור גדול A2 יבנה 560ג',קריות זול,IL,מושחר גדול,גרמים,560.00,100 גרם,false,,7.90,0.0141,true,1,1359244
7290002057154,false,"זית חרוזית 3 ק""ג יבנה",,,זיתים חרוזיתA10,קילוגרמים,3.00,"ק""ג",false,,36.90,12.3000,true,1,1359245
7290002057178,false,זיתים מנזנילו טבעי גדול A2 יבנה 540 ג',קריות זול,,זיתים טבעי גדול,גרמים,560.00,100 גרם,false,,8.90,0.0159,true,1,1359247
7290002057185,false,טבעות זיתים ירוקים 560 ג' יבנה,קריות זול,IL,טבעות זיתים ירוקים,גרמים,560.00,100 גרם,false,,9.20,0.0164,true,1,1359248
7290002057314,false,"מלפפון במלח ‏20‏-‏15‏ ‏‏ 1.3 ק""ג ‏‏ יבנה",קריות זול,,מלפפון במלח 15-20,קילוגרמים,1.30,"ק""ג",false,,12.90,9.9231,true,1,1359252
7290002057321,false,"מלפפון במלח ‏25‏-‏21‏ יבנה 1.3 ק""ג",,,מלפפון במלח 21-25,קילוגרמים,1.30,"ק""ג",false,,14.90,11.4615,true,1,1359253
7290002057345,false,"מלפפון במלח ‏36‏-‏30‏ 3 ק""ג יבנה",קריות זול,,מלפפון במלח 30-36,קילוגרמים,3.00,"ק""ג",false,,21.90,7.3000,true,1,1359254
7290002057352,false,מלפפון במלח 7-9 560 ג' יבנה,אף.סי תבליני בגליל ב,IL,מלפפון במלח 7-9,גרמים,560.00,100 גרם,false,,6.50,0.0116,true,1,1359255
7290002057369,false,מלפפון במלח ‏12‏-‏10‏ 560 ג' יבנה,קבוצת יבנה,IL,מלפפון במלח 10-12,גרמים,560.00,100 גרם,false,,7.50,0.0134,true,1,1359256
7290002057376,false,מלפפון במלח ‏17‏-‏13‏ 560 ג' יבנה,קבוצת יבנה,IL,מלפפון במלח 13-17,גרמים,560.00,100 גרם,false,,9.90,0.0177,true,1,1359257
7290002057383,false,מלפפון במלח ‏25‏-‏18‏ 560 ג' יבנה,קריות זול,IL,מלפפון במלח 18-25,גרמים,560.00,100 גרם,false,,7.90,0.0141,true,1,1359258
7290002057413,false,"מלפפון חומץ ‏20‏-‏15‏ 1.3 ק""ג יבנה",קריות זול,,מלפפון חומץ 15-20,קילוגרמים,1.30,"ק""ג",false,,12.90,9.9231,true,1,1359260
7290002057451,false,מלפפון בחומץ ‏9‏-‏7‏ %‏20‏ 560 ג' יבנה,אף.סי תבליני בגליל ב,IL,מלפפון בחומץ 7-9,גרמים,560.00,100 גרם,false,,6.50,0.0116,true,1,1359264
7290002057468,false,מלפפון חומץ ‏12‏-‏10‏ 560 ג' יבנה,קבוצת יבנה,IL,מלפפון חומץ 10-12 A2,גרמים,560.00,100 גרם,false,,7.50,0.0134,true,1,1359265
7290002057475,false,מלפפונים בחומץ 13-17 קטן A2 יבנה 540ג',קבוצת יבנה,IL,מלפפון בחומץ 13-17 A,גרמים,560.00,100 גרם,false,,9.90,0.0177,true,1,1359266
7290002057482,false,מלפפון חומץ ‏25‏-‏18‏ 560 ג' יבנה,קריות זול,IL,מלפפון חמוץ 18-25 A2,גרמים,560.00,100 גרם,false,,7.90,0.0141,true,1,1359267
7290002057604,false,שיפקה פלפל חריף A2 יבנה 600ג',קבוצת יבנה,IL,פלפל שיפקה A2,גרמים,560.00,100 גרם,false,,5.90,0.0105,true,1,1359269
7290002057628,false,זיתים טבעות מושחר A2 יבנה 540ג',קריות זול,IL,טבעות זיתים מושחרים,גרמים,560.00,100 גרם,false,,9.50,0.0170,true,1,1359271
7290002057703,false,חצילים ‏2‏-‏A‏ יבנה 560 גר',קבוצת יבנה,IL,חצילים A2,גרמים,560.00,100 גרם,false,,6.90,0.0123,true,1,1359274
7290002057734,false,זיתים חרוזית שחור A2 יבנה 540ג',קריות זול,IL,חרוזית מושחר,גרמים,560.00,100 גרם,false,,8.90,0.0159,true,1,1359276
7290002057819,false,גמבה רצועות פלפל אדום A2 יבנה 300 גרם,קריות זול,,גמבה רצועות A2,גרמים,560.00,100 גרם,false,,5.90,0.0105,true,1,1359277
7290002057864,false,זיתים נובו ענק צנצנת יבנה 540 גר',קריות זול,,זיתים נובו ענק צנצנת,גרמים,540.00,100 גרם,false,,8.90,0.0165,true,1,1359281
7290002057871,false,זית חרוזית צנצנת 540 ג' יבנה,קריות זול,,חרוזית צנצנת יבנה,גרמים,540.00,100 גרם,false,,7.90,0.0146,true,1,1359282
7290002061229,false,דפילטור-קרם אורנה 19,,,דפילטור-קרם אורנה 19,גרמים,80.00,100 גרם,false,,14.90,0.1863,true,1,1333525
7290002061236,false,אורנה 19 שעווה קרה להסרת שיער,,,דפילטור אורנה 19 שעו,מיליליטרים,400.00,"100 מ""ל",false,,14.90,0.0373,true,1,1333526
7290002075233,false,שוקולדים אייסקונפקט,יושלם,,אייס 250 גרם,גרמים,250.00,100 גרם,false,,18.90,0.0756,true,1,1337191
7290002075271,false,סוכריות ריקולה צמחים,ריקולה,CH,סוכריות ריקולה צמחים,גרמים,70.00,100 גרם,false,,9.90,0.1414,true,1,1337192
7290002077725,false,סלומון נורווגי מצונן דלידג 100ג',וי קינג V King,IL,פילה סלמון מצונן 100,גרמים,100.00,100 גרם,false,,19.90,0.1990,true,1,2384381
7290002105145,false,צלעות מספר 2 כשרות הרב מחפוד,,,צלעות מס' 2 מחפוד,קילוגרמים,1.00,"ק""ג",true,,47.90,47.9000,true,1,1323344
7290002105176,false,כתף מרכזי 4 צרכני בקר קפוא מחפוד,,,כתף מס' 4 מחפוד,קילוגרמים,1.00,"ק""ג",true,,49.90,49.9000,true,1,1323345
7290002105190,false,פילה מדומה 6 בקר קפוא מחפוד,,,פילה מדומה מס' 6 מחפ,קילוגרמים,1.00,"ק""ג",true,,59.90,59.9000,true,1,1323347
7290002105220,false,שריר הזרוע 8 צרכני בקר קפוא מחפוד,,,שריר הזרוע מס' 8 מחפ,קילוגרמים,1.00,"ק""ג",true,,59.90,59.9000,true,1,1323349
7290002105503,false,בורגר מזרחי קפוא גלאט 500ג' מחפוד,,,המבורגר 500 גרם מחפו,גרמים,500.00,100 גרם,false,,16.90,0.0338,true,1,1323353
7290002105510,false,קבב מזרחי מתובל וקפוא גלאט הדר בשר 500ג',,,קבב מזרחי 500 גרם מח,גרמים,500.00,100 גרם,false,,16.90,0.0338,true,1,1323354
7290002105527,false,גולש עגל 800 גר' מחפוד קפוא,,,גולש בקר 800 מחפוד,גרמים,800.00,100 גרם,false,,49.90,0.0624,true,1,1323355
7290002105541,false,סטייק אנטריקוט מעובד קפוא ה.הבשר 800ג',,,סטייק אנטריקוט מחפוד,גרמים,800.00,100 גרם,false,,49.90,0.0624,true,1,1323357
7290002105558,false,טחון בקר 500 ג' גאלט מחפוד,,,טחון בקר 500 מחפוד,גרמים,500.00,100 גרם,false,,16.90,0.0338,true,1,1323358
7290002105565,false,טחון הודו 500 גרם מחפוד מהדרין,,,טחון הודו 500 מחפוד,גרמים,500.00,100 גרם,false,,12.90,0.0258,true,1,1323359
7290002105572,false,צלי כתף מעובד מחפוד,,,צלי כתף מחפוד,קילוגרמים,1.00,"ק""ג",true,,49.90,49.9000,true,1,1323360
7290002105749,false,"טחון בקר 100% קפוא 1 ק""ג גאלט מחפוד",,,"טחון בקר 1 ק""ג מחפוד",גרמים,1000.00,100 גרם,false,,39.90,0.0399,true,1,1323363
7290002105824,false,קבב ג'מבו רומני קפוא מחפוד ע.ירושלים,,,קבב ג'מבו רומני,קילוגרמים,1.00,"ק""ג",true,,44.90,44.9000,true,1,1323367
7290002107071,false,צוריאל פטה עיזים מעודנת גביע 16% 200ג,מחלבת משק צוריאל,IL,פטה עיזים מעודנת בגביע -,גרמים,200.00,100 גרם,false,,21.90,0.1095,true,1,1328497
7290002107316,false,"טבורוג ק""ג.",משק צוריאל,IL,"טבורוג 5% - 2 ק""ג",קילוגרמים,1.00,"ק""ג",true,,39.00,39.0000,true,1,1328500
7290002107385,false,גבינת מה עיזים בגליל צוריאל 180 ג',מחלבת משק צוריאל,IL,מה-עז - גליל גבינת עיזים,גרמים,180.00,100 גרם,false,,21.90,0.1217,true,1,1328501
7290002107422,false,בולגרית 5% משק צוריא,משק צוריאל,IL,בולגרית המשק 5% צוריאל 4,קילוגרמים,1.00,"ק""ג",true,,49.00,49.0000,true,1,1328502
7290002107743,false,"צפתית מעודנת ק""ג צור",משק צוריאל,IL,"צפתית מעודנת - 5% - 4 ק""ג",קילוגרמים,1.00,"ק""ג",true,,59.00,59.0000,true,1,1328508
7290002107798,false,גבינה בולגרית מעודנת 5% צוריאל 250ג',מחלבת משק צוריאל,IL,בולגרית מעודנת 5% בגביע צ,גרמים,250.00,100 גרם,false,,19.90,0.0796,true,1,1328509
7290002107965,false,טבורוג גבינה לאפייה 5% צוריאל 500 ג',מחלבת משק צוריאל,IL,טבורוג - גבינה לאפייה 5%,גרמים,500.00,100 גרם,false,,22.90,0.0458,true,1,1328511
7290002109372,false,בורקס פילו אצבעות בולגרי 700 ג' שלושת האופים,שלושת האופים,IL,בורקס פילו אצבעות בולגרית,גרמים,700.00,100 גרם,false,,14.90,0.0213,true,1,1329488
7290002118435,false,צמרוני ביוטי ענק הנמל 300יח',ספה,TR,צמרוני אוזניים 300 י,יח',300.00,יח',false,,6.90,0.0230,true,1,1321414
7290002128014,false,"נרות שבת מס"" 4",מנורה,IL,נרות שבת מנורה מספר 4 (19,יח',4.00,יח',false,,3.50,0.8750,true,1,1353001
7290002128045,false,נר הבדלה שטוח רגיל,מנורה,IL,נר הבדלה רגיל שטוח בקופס,יח',1.00,יח',false,,5.90,5.9000,true,1,1353004
7290002128083,false,נרות חנוכה רגיל 44יח-מנורה,,,נרות חנוכה רגיל,יח',44.00,יח',false,,2.90,0.0659,true,1,1353005
7290002128137,false,נרות שבת מנורה 8/72,מנורה,IL,נרות שבת 8/72 מנורה דה-לו,יח',72.00,יח',false,,34.90,0.4847,true,1,1353007
7290002128151,false,פתילות בצמר גפן מיוחד להדלקה בשמן זית- 50 יח',מנורה,,פתיליות מצמר גפן,יחידה,0.00,יחידה,false,,2.90,0.0000,true,1,2429127
7290002128205,false,נרות לא נוטפים 45יח-מנורה,,,נרות חנוכה לוקס,יח',45.00,יח',false,,5.90,0.1311,true,1,1353008
7290002128212,false,"נרות שבת מ""ס 6",מנורה,IL,נרות שבת מנורה מספר 6 (19,יחידה,0.00,יחידה,false,,3.50,0.0000,true,1,1353009
7290002128236,false,"נרות שבת מ""ס 10",מנורה,IL,נרות שבת מנורה מספר 10 (1,יח',10.00,יח',false,,3.50,0.3500,true,1,1353011
7290002128250,false,"נרות שבת מ""ס 16",מנורה,IL,נרות שבת מנורה מספר 16 (1,יח',16.00,יח',false,,3.50,0.2188,true,1,1353013
7290002128267,false,"נרות שבת מ""ס 20",מנורה,IL,נרות שבת מנורה מספר 20 (1,יח',20.00,יח',false,,3.50,0.1750,true,1,1353014
7290002128274,false,חנוכיית מתכת עם/בלי,מנורה,,חנוכיית מתכת עם/בלי,יחידה,0.00,יחידה,false,,10.90,0.0000,true,1,2379458
7290002128311,false,נר נשמה בכוס ל-7 ימי,קריות זול,IL,נרות נשמה שבועי בכוס זכוכ,יחידה,0.00,יחידה,false,,9.90,0.0000,true,1,1353016
7290002128618,false,נר הבדלה דקורטיבי עש,,,נר הבדלה עששית כסף/ז,יח',1.00,יח',false,,16.90,16.9000,true,1,2500693
7290002128700,false,נרות חימום 50 בשקית,מנורה,IL,נרות חימום מנורה 50 יחידו,יח',50.00,יח',false,,12.90,0.2580,true,1,1353019
7290002128762,false,נר נשמה בכוס 72 שעות - מנורה,מנורה,IL,נרות נשמה בכוס דולקים 72,יח',1.00,יח',false,,5.90,5.9000,true,1,1353021
7290002128786,false,זוג כוסיות לנריות,קריות זול,IL,"זוג כוסיות לנריות בקופסה,",יח',2.00,יח',false,,3.20,1.6000,true,1,1353022
7290002128793,false,נר הבדלה מיוחד,מנורה,IL,נר הבדלה מיוחד מבריק בקו,יח',1.00,יח',false,,6.90,6.9000,true,1,1353023
7290002128946,false,נר נשמה בכוס 48 שעות - מנורה,קריות זול,IL,נרות נשמה בכוס דולקים 48,יח',1.00,יח',false,,4.20,4.2000,true,1,1353025
7290002128953,false,נר הבדלה דקורטיבי עששית מנורה,,,נר עשישית להבדלה,יח',1.00,יח',false,,22.90,22.9000,true,1,2431960
7290002129455,false,פיצה איטלקית XL שלוש,,,פיצה איטלקית XL שלוש,גרמים,450.00,100 גרם,false,,19.90,0.0442,true,1,1878453
7290002129462,false,פיצה איטלקית דקה שלושת האופים מארז זוג 640 ג',,,פיצה איטלקית דקה שלו,גרמים,640.00,100 גרם,false,,21.90,0.0342,true,1,1596410
7290002129479,false,פיצה איטלקית דקה 320 ג' שלושת האופים,האי נאם סי או אל.טי.,IT,פיצה דקה שלושת האופי,גרמים,320.00,100 גרם,false,,12.90,0.0403,true,1,2187820
7290002129486,false,פיצה איטלקית דקה זיתים 340 ג' שלושת האופים,האי נאם סי או אל.טי.,IT,פיצה איטלקית דקה זית,גרמים,340.00,100 גרם,false,,14.90,0.0438,true,1,1878454
7290002130567,false,דבש טהור מפרחי בר בזכוכית 350 גרם,מכוורת יד מרדכי שטרא,IL,דבש טהור 350 גרם,גרמים,350.00,100 גרם,false,,16.90,0.0483,true,1,1342561
7290002132011,false,עוגיות מזרחיות 400 ג' עבאדי,מאפיית יוסף ושמחה עב,IL,עוגיות מזרחיות 500 גרם,גרמים,400.00,100 גרם,false,,17.90,0.0447,true,1,1339326
7290002150107,false,"קובה בשר 1 ק""ג",חמים וטעים,IL,"קובה בשר 1 ק""ג",קילוגרמים,1.00,"ק""ג",false,,32.90,32.9000,true,1,1323624
7290002150169,false,אמפנדס במילוי בשר וז,חמים וטעים,IL,אמפנדס בשר מטוגן 800 גר`,גרמים,800.00,100 גרם,false,,32.90,0.0411,true,1,1323627
7290002150305,false,"סיגרים בשר 1 ק""ג",חמים וטעים,IL,"סיגר בשר 1 ק""ג",קילוגרמים,1.00,"ק""ג",false,,32.90,32.9000,true,1,1323634
7290002150336,false,"פלאפל אמיתי בד""צ 800",חמים וטעים,IL,"בד""צ פלאפל אמיתי 800 גר",גרמים,800.00,100 גרם,false,,22.90,0.0286,true,1,1323635
7290002150374,false,"קובה חמוסטה למרק בד""",חמים וטעים,IL,"בד""צ קובה חמוסטה 1 קג",קילוגרמים,1.00,"ק""ג",false,,32.90,32.9000,true,1,1323636
7290002150404,false,סיגרים תפוח אדמה 1 ק,חמים וטעים,IL,"סיגר תפו""א 1 ק""ג",קילוגרמים,1.00,"ק""ג",false,,26.90,26.9000,true,1,1323638
7290002150503,false,"אגרול סיני 1 ק""ג",חמים וטעים,IL,"אגרול סיני 1 ק""ג",קילוגרמים,1.00,"ק""ג",false,,32.90,32.9000,true,1,1323639
7290002150527,false,פסטלים במילוי תפוחי,חמים וטעים,IL,"פסטל תפו""א 1 ק""ג",קילוגרמים,1.00,"ק""ג",false,,26.90,26.9000,true,1,1323640
7290002150589,false,סמבוסק אורגינל במילו,חמים וטעים,IL,סמבוסק חומוס מטוגן 800 גר,גרמים,800.00,100 גרם,false,,32.90,0.0411,true,1,1323643
7290002150626,false,"קובה סורי מטוגן 1 ק""",חמים וטעים,IL,"קובה סורית מטוגן 1 ק""ג",קילוגרמים,1.00,"ק""ג",false,,32.90,32.9000,true,1,1323644
7290002150664,false,"קובה ביתי מטוגן 1ק""ג",חמים וטעים,IL,"קובה ביתי מטוגן 1 ק""ג",קילוגרמים,1.00,"ק""ג",false,,32.90,32.9000,true,1,1323645
7290002150671,false,קרפלך במילוי בשר 1 ק,חמים וטעים,IL,"קרפלך בשר 1 ק""ג",קילוגרמים,1.00,"ק""ג",false,,32.90,32.9000,true,1,1323646
7290002150688,false,קרפלך במילוי תפוחי א,חמים וטעים,IL,"קרפלך תפוא 1 ק""ג",קילוגרמים,1.00,"ק""ג",false,,27.90,27.9000,true,1,1323647
7290002150695,false,"קובה למרק 1 ק""ג",חמים וטעים,IL,"קובה למרק 1 ק""ג",קילוגרמים,1.00,"ק""ג",false,,32.90,32.9000,true,1,1323648
7290002153801,false,אובלטים מלוחים דקיקי,,,אובלטים מלוחים דקיקי,גרמים,300.00,100 גרם,false,,9.90,0.0330,true,1,1329218
7290002153825,false,אובלטים מלוחים דקיקי,,,אובלטים מלוחים דקיקי,גרמים,300.00,100 גרם,false,,9.90,0.0330,true,1,1329220
7290002153887,false,אובלטים מלוחים 300 גר,,,אובלטים קימל 300 גרם,גרמים,300.00,100 גרם,false,,9.90,0.0330,true,1,2507638
7290002157960,false,טונה במים ויליגר רביעיה * 140ג',ויליגר,,טונה ויליגר במי מלח,גרמים,560.00,100 גרם,false,,19.90,0.0355,true,1,2396570
7290002198031,false,פסטרמה פרגיות ללחמני,זוגלובק,IL,פסטרמה פרגיות ללחמני,קילוגרמים,1.00,"ק""ג",true,,85.00,85.0000,true,1,2435850
7290002198048,false,פסטרמה הודו בתיבול ש,זוגלובק,IL,פסטרמה הודו בתיבול ש,קילוגרמים,1.00,"ק""ג",true,,85.00,85.0000,true,1,2435851
7290002198116,false,פסטרמה ברזילאית זוגל,זוגלובק,IL,ברזילאית מעדנייה,קילוגרמים,1.00,"ק""ג",true,,159.00,159.0000,true,1,2518505
7290002210009,false,חלבה בלוק 500 גרם ונ,,,חלבה בלוק 500 גרם ונ,גרמים,500.00,100 גרם,false,,8.90,0.0178,true,1,1505432
7290002210085,false,"חלבה בלוק 1 ק""ג קסטה",,,"חלבה בלוק 1 ק""ג קסטה",גרמים,1000.00,100 גרם,false,,15.90,0.0159,true,1,1505464
7290002210115,false,חלבה בלוק 500 גרם שק,,,חלבה בלוק 500 גרם שק,גרמים,500.00,100 גרם,false,,10.90,0.0218,true,1,1505435
7290002210412,false,חלבה 100 גרם,,,חלבה 100 גרם,גרמים,100.00,100 גרם,false,,3.90,0.0390,true,1,1505437
7290002210429,false,חלבה מצופה 80 גרם,,,חלבה מצופה 80 גרם,גרמים,80.00,100 גרם,false,,3.90,0.0487,true,1,1505438
7290002210467,false,חלבה 12 יחדות בקוופס,,,חלבה 12 יחדות בקוופס,יחידה,0.00,יחידה,false,,9.90,0.0000,true,1,1505467
7290002210474,false,חלבה ללא סוכר 12 יח,,,חלבה ללא סוכר 12 יח,יחידה,0.00,יחידה,false,,11.90,0.0000,true,1,1505468
7290002210498,false,טחינה 500 גרם שומשום,,,טחינה 500 גרם שומשום,גרמים,500.00,100 גרם,false,,9.90,0.0198,true,1,1505469
7290002210511,false,טחינה 500 גרם,,,טחינה 500 גרם,גרמים,500.00,100 גרם,false,,8.90,0.0178,true,1,1505470
7290002210528,false,"טחינה 1 ק""ג",,,"טחינה 1 ק""ג",קילוגרמים,1000.00,"100 ק""ג",false,,17.90,0.0179,true,1,1505471
7290002232964,false,פירורי לחם דגש ציפוי,תירפז בעמ,IL,צפוי פז טחון דק 600,גרמים,600.00,100 גרם,false,,29.90,0.0498,true,1,1350515
7290002232995,false,פירורי לחם דגש ציפוי,פ.פ.ח. שאביט,IL,ציפוי פז דגש 500,גרמים,500.00,100 גרם,false,,29.90,0.0598,true,1,1350518
7290002239185,false,אפונת גינה קפואה פרי גליל 800 גרם,"פרי הגליל בע""""מ",IL,אפונה 800פג,גרמים,800.00,100 גרם,false,,9.90,0.0124,true,1,1347264
7290002239215,false,אפונה וגזר קפוא פרי גליל 800 גרם,"פרי הגליל בע""""מ",IL,אפונה וגזר 800פג,גרמים,800.00,100 גרם,false,,9.90,0.0124,true,1,1347265
7290002239307,false,שעועית צהובה 800 ג ' פרי הגליל,"פרי הגליל בע""""מ",IL,שע צהובה 800פג,גרמים,800.00,100 גרם,false,,9.90,0.0124,true,1,1347267
7290002239338,false,שעועית ירוקה 800 ג' פרי הגליל,"פרי הגליל בע""""מ",IL,שע ירוקה 800פג,גרמים,800.00,100 גרם,false,,9.90,0.0124,true,1,1347268
7290002239369,false,שעועית שלמה 800 ג ' פרי הגליל,"פרי הגליל בע""""מ",IL,שע שלמה 800פג,גרמים,800.00,100 גרם,false,,9.90,0.0124,true,1,1347269
7290002239420,false,תירס גרעינים 800 ג ' פרי הגליל,"פרי הגליל בע""""מ",IL,תירס 800פג,גרמים,800.00,100 גרם,false,,9.90,0.0124,true,1,1347270
7290002253006,false,דורות שום כתוש טרי 200 גרם,עיצובים 2020 (3.8),IL,שום כתוש 200 גרם מרקם רך,גרמים,200.00,100 גרם,false,,16.90,0.0845,true,1,1305495
7290002253013,false,שום כתוש דורות 400 ג,עיצובים 2020 (3.8),IL,דורות ראשום 400 גרם,גרמים,400.00,100 גרם,false,,24.90,0.0622,true,1,2384426
7290002253105,false,מגשית קוביות שום טרי דורות 80 ג',עיצובים 2020 (3.8),IL,שום כתוש 80 גרם,גרמים,80.00,100 גרם,false,,11.90,0.1488,true,1,1305498
7290002253150,false,בזיליקום טרי קצוץ דורות 70 ג',עיצובים 2020 (3.8),IL,בזיליקום קצוץ 70 גרם,גרמים,70.00,100 גרם,false,,9.90,0.1414,true,1,1305499
7290002253167,false,פטרוזליה קצוצה דורות 70 גר',עיצובים 2020 (3.8),IL,פטרוזיליה קצוצה 70 גרם,גרמים,70.00,100 גרם,false,,9.90,0.1414,true,1,1305500
7290002253181,false,כוסברה טריה קצוצה 70 ג' דורות,עיצובים 2020 (3.8),IL,כוסברה קצוצה 70 גרם,גרמים,70.00,100 גרם,false,,9.90,0.1414,true,1,1305502
7290002253198,false,ג'ינג'ר טרי כתוש במגשית 70 ג' דורות,עיצובים 2020 (3.8),IL,ג'ינג'יר כתוש 70 גרם,גרמים,70.00,100 גרם,false,,9.90,0.1414,true,1,1305503
7290002253235,false,רוטב פסטו דורות 160 ג',עיצובים 2020 (3.8),IL,רוטב פסטו 160 גרם,גרמים,160.00,100 גרם,false,,11.90,0.0744,true,1,1305504
7290002253259,false,רוטב עגבניות בזיליקו,עיצובים 2020 (3.8),IL,רוטב עגבניות בזיליקום 160,גרמים,160.00,100 גרם,false,,11.90,0.0744,true,1,1305506
7290002253310,false,שום צילי חריף קוביות תערובת 80 ג' דורות,עיצובים 2020 (3.8),IL,שום צילי חריף קוביות,גרמים,80.00,100 גרם,false,,11.90,0.1488,true,1,2156493
7290002259657,false,רדיד אלומיניום דיימ,קריות זול,US,רדיד אלומיניום צר רוחב 30,מטרים,22.80,מטר,false,,22.90,1.0044,true,1,1346492
7290002259664,false,רדיד אלומיניום דיימונד גדול 60X0.60מ',ריינולדס מוצרי צריכה,US,רדיד אלומיניום צר רוחב 30,מטרים,60.00,מטר,false,,47.90,0.7983,true,1,1346493
7290002259930,false,רדיד אלומיניום זוגות,ריינולדס,US,זוג רדיד אלומיניום צר רוח,מטרים,15.20,מטר,false,,19.90,1.3092,true,1,1346494
7290002269984,false,"ספריי ME דאודורנט 175 מ""ל",אמיליה קוסמטיקס,IL,"175מ""ל ME דאודורנט ספריי",מיליליטרים,175.00,"100 מ""ל",false,,19.90,0.1137,true,1,1344492
7290002270713,false,קרם אבוקדו-שפורפרת ק,,,קרם אבוקדו-שפורפרת ק,מיליליטרים,45.00,"100 מ""ל",false,,11.90,0.2644,true,1,1344497
7290002278528,false,כרית קרצוף לכלים שבת כלין 2 יח',פלסטו פוליש (ברקן),IL,כרית שבת כלין 2 יח' 1/24,יח',2.00,יח',false,,7.90,3.9500,true,1,1326789
7290002317005,false,זיתים טבעות מושחר 560ג A2 מטולה,שימורי מוטולה,IL,זיתים מושחר טבעות A2,גרמים,560.00,100 גרם,false,,9.90,0.0177,true,1,1319200
7290002317081,false,זיתים נטולי גלעין +20% 670ג A2 מטולה,שימורי מוטולה,IL,זיתים נטולי גלעין20%+A2,גרמים,670.00,100 גרם,false,,8.50,0.0127,true,1,1319203
7290002317128,false,מלפפון 560ג במלח 10-12 A2 מטולה,שימורי מוטולה,IL,מלפפון במלח A2 10-12,גרמים,560.00,100 גרם,false,,7.90,0.0141,true,1,1319204
7290002317135,false,מלפפון 560ג במלח 13-17 A2 מטולה,שימורי מוטולה,IL,מלפפון במלח A2 13-17,גרמים,560.00,100 גרם,false,,9.50,0.0170,true,1,1319205
7290002317142,false,מלפפון במלח 18-25,שימורי מוטולה,IL,מלפפון במלח A2 18-25,גרמים,560.00,100 גרם,false,,11.90,0.0213,true,1,1319206
7290002317166,false,מלפפון 560ג בחומץ 10-12 A2 מטולה,,,מלפפון בחומץ 10-12,גרמים,560.00,100 גרם,false,,7.90,0.0141,true,1,1319207
7290002317173,false,מלפפון בחומץ 13-17 560ג A2 מטולה,שימורי מוטולה,IL,מלפפון בחומץ A2 13-17,גרמים,560.00,100 גרם,false,,9.50,0.0170,true,1,1319208
7290002317180,false,מלפפון בחומץ 18-25,,,מלפפון בחומץ 18-25,גרמים,560.00,100 גרם,false,,11.90,0.0213,true,1,1319209
7290002317241,false,זיתים סורי מבוקע,,,זיתים סורי מבוקע,גרמים,560.00,100 גרם,false,,11.90,0.0213,true,1,1319213
7290002317258,false,זיתים סורי שלם,שימורי מוטולה,IL,זיתים סורי שלם A2,גרמים,560.00,100 גרם,false,,11.90,0.0213,true,1,1319214
7290002317265,false,מלפפון 650ג במלח +20% 7-9 A2 מטולה,שימורי מוטולה,IL,מלפפון במלח 20%+ A2 7-9,גרמים,670.00,100 גרם,false,,5.90,0.0088,true,1,1319215
7290002317289,false,חצילים כבושים מוטול,שימורי מוטולה,IL,חצילים A2,גרמים,560.00,100 גרם,false,,7.90,0.0141,true,1,1319216
7290002317296,false,פלפל חריף שיפקה 670ג 20%+A2 מטולה,שימורי מוטולה,IL,פלפל חריף שיפקה 20%+ A2,גרמים,550.00,100 גרם,false,,7.90,0.0144,true,1,1319217
7290002317302,false,זיתים מבוקעים ירוקים,שימורי מוטולה,IL,זיתים ירוקים מבוקעים A2,גרמים,560.00,100 גרם,false,,7.90,0.0141,true,1,1319218
7290002317319,false,מלפפון 650ג בחומץ +20% 7-9 A2 מטולה,שימורי מוטולה,IL,מלפפון בחומץ 20%+ A2 7-9,גרמים,670.00,100 גרם,false,,5.90,0.0088,true,1,1319219
7290002317326,false,זיתים מנזולינו 12-15 +20% 670ג A2 מטולה,שימורי מוטולה,IL,זיתים מנז' 20%+ A2 12-15,גרמים,670.00,100 גרם,false,,7.90,0.0118,true,1,1319220
7290002317357,false,פילפל שיפקה בצנצנת מ,שימורי מוטולה,IL,פלפל חריף שיפקה צנצנת 275,גרמים,630.00,100 גרם,false,,8.90,0.0141,true,1,1319221
7290002317371,false,זיתים מושחר נטול גלעין 560ג A2 מטולה,שימורי מוטולה,IL,זית מושחר נטול גלעין A2,גרמים,560.00,100 גרם,false,,9.90,0.0177,true,1,1319222
7290002317401,false,"מנזנילו 15-17 1.3 ק""",שימורי מוטולה,IL,זיתים מנז' 43OZ 15-17,גרמים,1300.00,100 גרם,false,,17.90,0.0138,true,1,1319224
7290002317425,false,חרוזית,שימורי מוטולה,IL,זיתים נטולי גלעין 43-OZ,גרמים,1250.00,100 גרם,false,,19.90,0.0159,true,1,1319225
7290002317456,false,רצועות פלפל אדום מתו,,,רצועות פלפל אדום מתו,גרמים,560.00,100 גרם,false,,7.90,0.0141,true,1,1319226
7290002317463,false,מלפפון במלח 15-20,שימורי מוטולה,IL,מלפפון במלח 43OZ 15-20,גרמים,1300.00,100 גרם,false,,15.90,0.0122,true,1,1319227
7290002317470,false,מלפפון בחומץ 15-20,,,מלפפון בחומץ 15-20,גרמים,1300.00,100 גרם,false,,15.90,0.0122,true,1,1319228
7290002317500,false,מלפפון במלח 30-36,שימורי מוטולה,IL,מלפפון במלח A10 30-36,קילוגרמים,3.00,"ק""ג",false,,24.90,8.3000,true,1,1319229
7290002317531,false,מלפפון בחומץ 30-36,שימורי מוטולה,IL,מלפפון בחומץ A10 30-36,קילוגרמים,3.00,"ק""ג",false,,24.90,8.3000,true,1,1319230
7290002317562,false,זיתים טבעי,שימורי מוטולה,IL,זיתים טבעי A2 15-17,גרמים,560.00,100 גרם,false,,8.90,0.0159,true,1,1319231
7290002317579,false,זיתים טבעות ירוק 560ג A2 מטולה,שימורי מוטולה,IL,זיתים טבעות ירוק A2,גרמים,560.00,100 גרם,false,,9.90,0.0177,true,1,1319232
7290002317609,false,כרוב כבוש 560ג A2 מטולה,שימורי מוטולה,IL,כרוב כבוש A2,גרמים,560.00,100 גרם,false,,7.90,0.0141,true,1,1319233
7290002317616,false,זיתים מרינט 17-19 560ג A2 מטולה,שימורי מוטולה,IL,זיתים חתוכים מרינט 17-19,גרמים,560.00,100 גרם,false,,9.90,0.0177,true,1,1319234
7290002317654,false,זית נובו ענק צנצנת,,,זית נובו ענק צנצנת,גרמים,700.00,100 גרם,false,,11.90,0.0170,true,1,1319237
7290002317661,false,זיתים מנזלינו גדול מ,שימורי מוטולה,IL,זיתים מנז' גדול צנצ' זכוכ,גרמים,560.00,100 גרם,false,,10.90,0.0195,true,1,1319238
7290002317678,false,"זיתים נטולי גלעין צנצנת זכוכית 560 ג""ר",,,זית חרוזית ירוק,גרמים,560.00,100 גרם,false,,9.90,0.0177,true,1,1319239
7290002317746,false,זית טבעי 17-19 צנצנת,שימורי מוטולה,IL,זיתים טבעי 17-19 צנצ' זכו,גרמים,560.00,100 גרם,false,,9.90,0.0177,true,1,1319240
7290002317753,false,טבעות זיתים ירוקים ב,שימורי מוטולה,IL,זיתים טבעות ירוק צנצ' זכו,גרמים,560.00,100 גרם,false,,9.90,0.0177,true,1,1319241
7290002317814,false,חצילים,שימורי מוטולה,IL,חצילים צנצנת זכוכית 400 ג,גרמים,700.00,100 גרם,false,,9.90,0.0141,true,1,1319243
7290002317852,false,מלפפונים במלח 1.65 ק,מוטולה,,מלפפונים במלח 1.65 ק,גרמים,1650.00,100 גרם,false,,26.90,0.0163,true,1,1319245
7290002317913,false,ירקות מעורבים בצנצנת,,,ירקות מעורבים בצנצנת,גרמים,700.00,100 גרם,false,,11.90,0.0170,true,1,1592500
7290002319016,false,אבקת אפיה מיה מארז 10X10 ג',מיה תעשיות מזון בעמ,IL,אבקת אפיה עשיריות,גרמים,100.00,100 גרם,false,,2.00,0.0200,true,1,1334014
7290002319023,false,סוכר וניל מיה עשיריו,מיה תעשיות מזון בעמ,IL,סוכר וניל עשיריות,גרמים,100.00,100 גרם,false,,2.00,0.0200,true,1,1334015
7290002319030,false,תבלין אבקת בצל מיכל 80 ג' מיה,מיה תעשיות מזון בעמ,IL,אבקת בצל 80גרם,גרמים,80.00,100 גרם,false,,6.90,0.0863,true,1,1334016
7290002319054,false,פרג טחון מיה 100 גרם,מיה תעשיות מזון,IL,פרג טחון 100גרם,גרמים,100.00,100 גרם,false,,4.90,0.0490,true,1,1334018
7290002319061,false,קוקוס טחון מיה 100 ג,מיה,IL,קוקוס טחון 100 גרם,גרמים,100.00,100 גרם,false,,3.50,0.0350,true,1,1334019
7290002319078,false,שומשום מיה 100 גרם,מיה,IL,שומשום 100 גרם,גרמים,100.00,100 גרם,false,,2.90,0.0290,true,1,2545476
7290002319092,false,קמח תפוחי אדמה מיה 500 גר',מיה תעשיות מזון,IL,קמח תפוחי אדמה 500גרם,גרמים,500.00,100 גרם,false,,5.90,0.0118,true,1,1334020
7290002319313,false,"אורז מלא מיה 1 ק""ג",מיה תעשיות מזון,IL,אורז מלא 1ק''ג,קילוגרמים,1.00,"ק""ג",false,,8.90,8.9000,true,1,1334023
7290002319344,false,שקד טבעי מיה 100 גרם,מיה תעשיות מזון,IL,שקדים טבעי 100גרם,גרמים,100.00,100 גרם,false,,10.90,0.1090,true,1,1334025
7290002319375,false,"קורנפלור 200 ג' בד""ץ מיה",מיה תעשיות מזון,IL,קורנפלור 200גרם (חדש),גרמים,200.00,100 גרם,false,,3.90,0.0195,true,1,1334026
7290002319405,false,תבלין קינמון בקופסא 80 גר' מיה,מיה תעשיות מזון בעמ,IL,קינמון 80גרם,גרמים,80.00,100 גרם,false,,6.90,0.0863,true,1,1334027
7290002319412,false,תבלין פפריקה חריפה 80 גר' מיה,מיה תעשיות מזון בעמ,IL,פפריקה חריפה 80גרם,גרמים,80.00,100 גרם,false,,6.90,0.0863,true,1,1334028
7290002319429,false,תבלין פפריקה מתוקה 80 גר' מיה,מיה תעשיות מזון בעמ,IL,פפריקה מתוקה 80גרם,גרמים,80.00,100 גרם,false,,6.90,0.0863,true,1,1334029
7290002319436,false,תבלין פלפל שחור צנצנת 70גר` מיה,מיה תעשיות מזון בעמ,IL,פלפל שחור טחון 70גרם,גרמים,70.00,100 גרם,false,,7.90,0.1129,true,1,1334030
7290002319443,false,תבלין כמון 80 גר' מיה,מיה תעשיות מזון בעמ,IL,כמון 80גרם,גרמים,80.00,100 גרם,false,,6.90,0.0863,true,1,1334031
7290002319450,false,תבלין כרכום צנצנת 80 גר' מיה,מיה תעשיות מזון בעמ,IL,כורכום 80גרם,גרמים,80.00,100 גרם,false,,6.90,0.0863,true,1,1334032
7290002319474,false,תבלין אבקת שום מיכל 80 ג' מיה,מיה תעשיות מזון בעמ,IL,אבקת שום 80גרם,גרמים,80.00,100 גרם,false,,8.90,0.1113,true,1,1334034
7290002319528,false,קמח מצה 200גרם,מיה תעשיות מזון,IL,קמח מצה 200גרם,גרמים,200.00,100 גרם,false,,2.90,0.0145,true,1,1334035
7290002319580,false,מלח לימון 150גרם צנצנת,מיה תעשיות מזון בעמ,IL,מלח לימון 150גרם,גרמים,150.00,100 גרם,false,,6.90,0.0460,true,1,1334036
7290002319597,false,תבלין כוסברה ירוקה בשקית 80 גר' מיה,מיה תעשיות מזון בעמ,IL,כוסברה 80גרם,גרמים,80.00,100 גרם,false,,6.90,0.0863,true,1,1334037
7290002319610,false,שקדים טחונים 100 גר' מיה,מיה תעשיות מזון,IL,שקדים טחונים 100גרם,גרמים,100.00,100 גרם,false,,10.90,0.1090,true,1,1334039
7290002319641,false,תבלין גריל עוף צנצנת 80 גר' מיה,מיה תעשיות מזון בעמ,IL,גריל עוף 80גרם,גרמים,80.00,100 גרם,false,,6.90,0.0863,true,1,1334042
7290002319658,false,תבלין לסטייק 80גרם צנצנת,מיה תעשיות מזון בעמ,IL,תבלין לסטייק 80גרם,גרמים,80.00,100 גרם,false,,6.90,0.0863,true,1,1334043
7290002319689,false,סודה לשתייה בקופסא 150 גר' מיה,מיה תעשיות מזון בעמ,IL,סודה לשתיה 150גרם,גרמים,150.00,100 גרם,false,,6.90,0.0460,true,1,1334044
7290002319702,false,תבלין ציפורן שלם 40 גר' מיה,מיה תעשיות מזון בעמ,IL,ציפורן שלם 40גרם,גרמים,40.00,100 גרם,false,,6.90,0.1725,true,1,1334045
7290002319740,false,אגוזים טחונים 100 גר' מיה,מיה תעשיות מזון,IL,אגוזי מלך טחונים 100גרם,גרמים,100.00,100 גרם,false,,10.90,0.1090,true,1,1334047
7290002319771,false,"תמצית אפיה וניל 50מ""ל מיה",מיה תעשיות מזון בעמ,IL,תמצית אפיה וניל,מיליליטרים,50.00,"100 מ""ל",false,,2.50,0.0500,true,1,1334049
7290002319788,false,"תמצית אפיה רום 50 מ""ל מיה",מיה תעשיות מזון,IL,תמצית אפיה רום,מיליליטרים,60.00,"100 מ""ל",false,,2.50,0.0417,true,1,1334050
7290002319825,false,אבקת סוכר מיה 100גרם,מיה תעשיות מזון,IL,אבקת סוכר 100גרם,גרמים,100.00,100 גרם,false,,2.00,0.0200,true,1,1334053
7290002320258,false,קונפיטורת שזיפים ובר,,,קונפיטורת שזיפים ובר,גרמים,360.00,100 גרם,false,,19.90,0.0553,true,1,2354733
7290002327028,false,ג'חנון תימני 3 האופים 650 גר',TLV צ'יף,IL,ג'חנון 650 ג',גרמים,650.00,100 גרם,false,,12.90,0.0198,true,1,1329490
7290002327042,false,"בורקס תפו""א 800 גר' שלושת האופים קהילות",שלושת האופים,IL,בורקס תפוחי אדמה,גרמים,800.00,100 גרם,false,,14.90,0.0186,true,1,2315895
7290002327059,false,"בצק עלים 1 ק""ג שלושת האופים קהילות",שלושת האופים,IL,"בצק עלים 1 ק""ג",קילוגרמים,1.00,"ק""ג",false,,14.90,14.9000,true,1,2315930
7290002327066,false,קונכיות למילוי 625 ג' שלושת האופים,שלושת האופים,IL,קונכיות,גרמים,625.00,100 גרם,false,,15.90,0.0254,true,1,2315931
7290002327073,false,בורקס גבינה 800 גר' שלושת האופים קהילות,שלושת האופים,IL,בורקס גבינה,גרמים,800.00,100 גרם,false,,14.90,0.0186,true,1,2315896
7290002327103,false,שלושת האופים ג'חנון תימני 900 גרם,אופרה,IL,ג'חנון 900 ג',גרמים,900.00,100 גרם,false,,15.90,0.0177,true,1,1329491
7290002327912,false,מיני בורקס גבינה 700 ג' שלושת האופים,TLV צ'יף,IL,מיני בורקס גבינה,גרמים,700.00,100 גרם,false,,14.90,0.0213,true,1,2315932
7290002327929,false,"מיני בורקס תפו""א 700 ג' שלושת האופים",TLV צ'יף,IL,מיני בורקס תפוח אדמה,גרמים,700.00,100 גרם,false,,14.90,0.0213,true,1,2315933
7290002331094,false,"נביעות+ מים טעם ענבים 755מ""ל",נביעות טבע הגליל בעמ,IL,"נביעות 755 מ""ל",מיליליטרים,755.00,"100 מ""ל",false,,4.90,0.0065,true,1,1335034
7290002331124,false,"נביעות+ מים טעם תפוח 500מ""ל",נביעות טבע הגליל בעמ,IL,נביעות שיווק2,מיליליטרים,500.00,"100 מ""ל",false,,6.50,0.0130,true,1,1335036
7290002331155,false,"נביעות+ בטעם אפרסק 500 מ""ל",נביעות טבע הגליל בעמ,IL,נביעות + בטעם אפרסק 0.5 מ,מיליליטרים,500.00,"100 מ""ל",false,,6.50,0.0130,true,1,1335038
7290002331360,false,"נביעות מים מינרליים טו גו מארז 500X6מ""ל",קריות זול,IL,נביעות TO GO 500 שישייה,ליטרים,3.00,ליטר,false,,12.90,4.3000,true,1,1335042
7290002331421,false,"מים אישי נביעות מארז שישייה* 755 מ""ל",קריות זול,IL,"נביעות 6 755 מ""ל",ליטרים,4.53,ליטר,false,,14.90,3.2892,true,1,1335043
7290002331483,false,"נביעות בייבי מארז 320X6מ""ל",נביעות טבע הגליל בעמ,IL,"נביעות בייבי 320 מ""ל שישי",ליטרים,1.92,ליטר,false,,11.90,6.1979,true,1,1335045
7290002331490,false,מים מינרלים נביעות 1 ליטר,נביעות טבע הגליל בעמ,IL,נביעות 1 ליטר,ליטרים,1.00,ליטר,false,,3.90,3.9000,true,1,1335046
7290002331711,false,נביעות פלוס בטעם ענבים 500מל,נביעות טבע הגליל בעמ,IL,נביעות+ ענבים חצי ליטר,מיליליטרים,500.00,"100 מ""ל",false,,6.50,0.0130,true,1,1335051
7290002333098,false,חומוס גרגרים הרדוף א,אול אורגני,IL,חומוס אורגני 500 גר' הרד,גרמים,500.00,100 גרם,false,,12.90,0.0258,true,1,1309014
7290002333104,false,בורגול הרדוף אורגני,אול אורגני,IL,בורגול אורגני 500 גר' הרד,גרמים,500.00,100 גרם,false,,9.90,0.0198,true,1,1309015
7290002333456,false,גריסי פנינה אורגני 5,אול אורגני,IL,גריסי פנינה אורגני 500 גר,גרמים,500.00,100 גרם,false,,12.90,0.0258,true,1,1309018
7290002333494,false,שעועית אזוקי אורגני,טריאקי,TR,שעועית אזוקי אורגני 500 ג,גרמים,500.00,100 גרם,false,,12.90,0.0258,true,1,1309020
7290002333500,false,עדשים עדומות הרדוף א,אול אורגני,IL,עדשים אדומות אורגני 500 ג,גרמים,500.00,100 גרם,false,,12.90,0.0258,true,1,1309021
7290002333838,false,כוסמת הרדוף אורגנית,אול אורגני,IL,כוסמת אורגני 500 גר' הרדו,גרמים,500.00,100 גרם,false,,9.90,0.0198,true,1,1309026
7290002333951,false,עדשים ירוקות הרדוף א,אול אורגני,IL,עדשים ירוקות אורגני 500 ג,גרמים,500.00,100 גרם,false,,12.90,0.0258,true,1,1309028
7290002333968,false,עדשים צהובות אורגניו,,,עדשים צהובות אורגניו,גרמים,500.00,100 גרם,false,,14.90,0.0298,true,1,1500410
7290002333999,false,גרעיני חמניות קלופים,אול אורגני,IL,גרעיני חמניות קלופים אורג,גרמים,300.00,100 גרם,false,,12.90,0.0430,true,1,1309031
7290002349020,false,מלכודת עש המזון ללא,,,מלכודת עש המזון ללא,יחידה,0.00,יחידה,false,,24.90,0.0000,true,1,2545642
7290002349051,false,מלכות עש הבגדים ללא,,,מלכות עש הבגדים ללא,יחידה,0.00,יחידה,false,,24.90,0.0000,true,1,2545643
7290002360124,false,חליטת תה ורד הבר פומפדור 20 שקיקים,TEEKANNE- POMPADOU,DE,פומפדור חליטת צמחים ורד ה,גרמים,70.00,100 גרם,false,,11.90,0.1700,true,1,1338646
7290002360155,false,חליטת תה פרחי שומר פומפדור 20 שקיקים,קריות זול,DE,פומפדור חליטת צמחים שומר,גרמים,40.00,100 גרם,false,,11.90,0.2975,true,1,1338647
7290002360278,false,חליטת תה מנטה פומפדור 20 שקיקים,"איטיליאן פוד, אס.פי.",DE,פומפדור חליטת צמחים מנטה,גרמים,45.00,100 גרם,false,,11.90,0.2644,true,1,1338650
7290002360285,false,תה פומפדור חליטת צמחים קמומיל 20 שק,TEEKANNE- POMPADOU,DE,פומפדור חליטת צמחים קמומי,גרמים,30.00,100 גרם,false,,11.90,0.3967,true,1,1338651
7290002370017,false,גבינת גאודה בזיליקום,,,גבינת גאודה בזיליקום,קילוגרמים,1.00,"ק""ג",true,,99.00,99.0000,true,1,1582962
7290002370055,false,גבינת גאודה עיזים חצ,,,גבינת גאודה עיזים חצ,קילוגרמים,1.00,"ק""ג",true,,99.00,99.0000,true,1,1875433
7290002370123,false,גבינת עיזים רכה 29%,היחוס דה סאלבאדור,ES,גבינת עיזים רכה 29%,קילוגרמים,1.00,"ק""ג",true,,129.00,129.0000,true,1,1813123
7290002370154,false,גבינת צדר מיושנת VIN,וייקי,GB,גבינת צ'דר מיושנת,קילוגרמים,1.00,"ק""ג",true,,99.00,99.0000,true,1,1875413
7290002370161,false,גבינת צ'דר בשלה וילי,,,גבינת צ'דר בשלה,קילוגרמים,1.00,"ק""ג",true,,99.00,99.0000,true,1,1875404
7290002370253,false,גבינת גורגונזולה איט,,,גבינת גורגונזולה איט,קילוגרמים,1.00,"ק""ג",true,,100.00,100.0000,true,1,2007926
7290002370284,false,גבינת קשקבל מבולגריה,,,גבינת קשקבל חצי קשה,קילוגרמים,1.00,"ק""ג",true,,109.00,109.0000,true,1,2029994
7290002370420,false,גבינה גאודה מהולנד 3,איוויאן,NL,גבינת גאודה 30%,קילוגרמים,1.00,"ק""ג",true,,69.00,69.0000,true,1,2384979
7290002370475,false,גבינת דנהבלו בשלה עם,קסרייס,ES,גבינת דנהבלו בשלה עם,קילוגרמים,1.00,"ק""ג",true,,69.00,69.0000,true,1,2403019
7290002370772,false,גבינת בייבי מוצרלה 2,,,גבינת בייבי מוצרלה 2,קילוגרמים,1.00,"ק""ג",true,,80.00,80.0000,true,1,2527499
7290002370789,false,גבינת כבשים עם פטריו,,,גבינת כבשים עם פטריו,קילוגרמים,1.00,"ק""ג",true,,120.00,120.0000,true,1,2527505
7290002370925,false,גבינת גאודה עם עשבי,,,גבינת גאודה עם עשבי,קילוגרמים,1.00,"ק""ג",true,,99.00,99.0000,true,1,2501031
7290002370970,false,גבינת איברקו חלב ישר,,,גבינת איברקו חלב ישר,קילוגרמים,1.00,"ק""ג",true,,99.00,99.0000,true,1,2537242
7290002371526,false,סלסולי פסטרמה שום טירת צבי 120 ג',הנסיך- מפעל לייצור ט,IL,סלסולי פסטרמה שום וצ'ילי,גרמים,120.00,100 גרם,false,,12.90,0.1075,true,1,1340543
7290002371533,false,דקניקים סלסולי פסטרמה בדבש 120 ג' טירת צבי,הנסיך- מפעל לייצור ט,IL,סלסולי פסטרמה בדבש 120 גר,גרמים,120.00,100 גרם,false,,12.90,0.1075,true,1,1340544
7290002371540,false,דקניקים קורנדביף 120 ג' טירת צבי,הנסיך- מפעל לייצור ט,IL,קורנדביף 120 גר' טירת מבי,גרמים,120.00,100 גרם,false,,12.90,0.1075,true,1,1340545
7290002371571,false,פסטרמה פרגיות לבגט ט,טירת צבי,IL,פסטרמה פרגיות לבאגט במשקל,קילוגרמים,1.00,"ק""ג",true,,85.00,85.0000,true,1,1340546
7290002371854,false,"נקניקיות עוף מתובלות 1 ק""ג טירת צבי",הנסיך- מפעל לייצור ט,IL,"נקניקיות חריפות 1ק""ג טירת",גרמים,1000.00,100 גרם,false,,26.90,0.0269,true,1,1340548
7290002373292,false,לחם דגנים קל 500 גרם,מאפיית השלום,IL,לחם דגנים קל,גרמים,500.00,100 גרם,false,,11.90,0.0238,true,1,1323334
7290002373513,false,לחם שיפון כפרי 750 ג,מאפיית השלום,IL,לחם שיפון 750 גרם,גרמים,750.00,100 גרם,false,,13.90,0.0185,true,1,1323336
7290002373537,false,לחם שיפון ללא שמרים,מאפיית השלום,IL,לחם שיפון ללא שמרים,גרמים,750.00,100 גרם,false,,13.90,0.0185,true,1,1323338
7290002373544,false,לחם חיטה מלאה ללא שמ,מאפיית השלום,IL,לחם חיטה מלאה ללא שמרים,גרמים,750.00,100 גרם,false,,13.90,0.0185,true,1,1323339
7290002373551,false,לחם שיפון 750 גרם לל,מאפיית השלום,IL,לחם שיפון 100% 750 גרם,גרמים,750.00,100 גרם,false,,13.90,0.0185,true,1,1323340
7290002373568,false,לחם קל מקמח מלא 500,מאפיית השלום,IL,לחם חיטה מלאה קל 500 גרם,גרמים,500.00,100 גרם,false,,13.90,0.0278,true,1,1323341
7290002373575,false,לחם קל שיפון 500 גרם,מאפיית השלום,IL,לחם שיפון קל 500 גרם,גרמים,500.00,100 גרם,false,,13.90,0.0278,true,1,1323342
7290002374268,false,שמן חמניות מילומור 1 ליטר,שמן תעשיות,IL,שמן חמניות מילומור 1 ליטר,ליטרים,1.00,ליטר,false,,11.90,11.9000,true,1,1337287
7290002374312,false,שמן קנולה מילומור 1 ליטר,"נארז ע""י : א.ג. גילר",IL,שמן קנולה מילומור 1 ליטר,ליטרים,1.00,ליטר,false,,10.90,10.9000,true,1,1337288
7290002374640,false,שמן קנולה פלוס אומגה 3 1ל' עץ הזית,שמן תעשיות,IL,"שמן קנולה פלוס אומגה 3 ""ע",ליטרים,1.00,ליטר,false,,16.50,16.5000,true,1,1337292
7290002385066,false,"בולגרית קוביות ק""ג.",דשן,IL,"בולגרית 5% קוביות 1.5 ק""ג",קילוגרמים,1.00,"ק""ג",true,,59.00,59.0000,true,1,1327860
7290002385196,false,רוקפור דייניש בלו,קסטלו,,"גבינת רוקפור ק""ג",קילוגרמים,1.00,"ק""ג",true,,129.00,129.0000,true,1,1416942
7290002385301,false,גבינה קרם שמנת 5%,,,גבינה קרם שמנת 5%,קילוגרמים,1.00,"ק""ג",true,,39.00,39.0000,true,1,2517665
7290002385400,false,"ריקוטה פרסקה ק""ג.",מחלבות גד,IL,ריקוטה פרסקה 9% במגש 1.8,קילוגרמים,1.00,"ק""ג",true,,60.00,60.0000,true,1,1327864
7290002385431,false,גבינה בולגרית 16% רכ,דשן,IL,בולגרית מסורתית בפח 16% ק,קילוגרמים,1.00,"ק""ג",true,,59.00,59.0000,true,1,1327865
7290002385455,false,"בולגרית 24% ק""ג מעדנ",דשן,IL,בולגרית מעודנת 24% דלי 10,קילוגרמים,1.00,"ק""ג",true,,59.00,59.0000,true,1,1327866
7290002385738,false,גבינת מנצ'גו משולשים,מחלבות גד,IL,מנצגו משולשים מעדניה בדץ,קילוגרמים,1.00,"ק""ג",true,,149.00,149.0000,true,1,1327868
7290002385745,false,גבינת פקורינו משולשי,מחלבות גד,IL,פקורינו משולשים מעדניה בד,קילוגרמים,1.00,"ק""ג",true,,149.00,149.0000,true,1,1327869
7290002402756,false,בשר לחמין קפוא 800 ג' מחפוד,,,בשר לחמין קפוא מחפוד,קילוגרמים,1.00,"ק""ג",true,,39.90,39.9000,true,1,2380639
7290002410126,false,שומן בקר,,,שומן בקר,קילוגרמים,1.00,"ק""ג",true,,19.90,19.9000,true,1,1344117
7290002435112,false,רוטב עגבניות 22% A2 ויטה 600ג',מילוז(1989),IL,רוטב עגב. א- BX22 2ויטה,גרמים,570.00,100 גרם,false,,6.90,0.0121,true,1,1347272
7290002447481,false,צ'אך עגל טרי,,,צ'אך עגל טרי,קילוגרמים,1.00,"ק""ג",true,,119.00,119.0000,true,1,1340744
7290002485025,false,חומוס מסעדות 500 גרם,"סלטי שמיר 2006 בע""מ",,חומוס מסעדות 500 גרם,גרמים,500.00,100 גרם,false,,13.90,0.0278,true,1,2379636
7290002485049,false,חומוס מסבחה 500 גרם,"סלטי שמיר 2006 בע""מ",,חומוס מסבחה 500,גרמים,500.00,100 גרם,false,,13.90,0.0278,true,1,2379637
7290002487364,false,שלושת האופים ב. פילו גבינה זיתים 700 גר לנדא,שלושת האופים,IL,בורקס פילו גבינה וזיתים,גרמים,700.00,100 גרם,false,,14.90,0.0213,true,1,1329495
7290002496557,false,תמר לח ארוז ליח,פרי וירק טמרה ושותפי,,תמר לח 500 גרם,גרמים,500.00,100 גרם,false,,9.90,0.0198,true,1,1319287
7290002507451,false,קציצות דג סלמון דלידג 750 גר',דלידג,IL,קציצות סלמון לבישול,גרמים,750.00,100 גרם,false,,28.90,0.0385,true,1,1656395
7290002507604,false,פיצת השף מאיטליה 320 גר',האי נאם סי או אל.טי.,IT,פיצה שגב 320 גרם,גרמים,320.00,100 גרם,false,,13.90,0.0434,true,1,1743027
7290002512004,false,מלוואח צנעני 900 גרם,צנעני,IL,מלאווח צנעני 900גר,גרמים,900.00,100 גרם,false,,19.90,0.0221,true,1,1347274
7290002512011,false,צנעני גחנון 900 גרם,צנעני,IL,גחנון צנעני 900גר,גרמים,900.00,100 גרם,false,,19.90,0.0221,true,1,1347275
7290002512035,false,"בצק עלים צנעני 1 ק""ג",צנעני,IL,בצק עלים צנעני 1קג,גרמים,1000.00,100 גרם,false,,16.90,0.0169,true,1,1347276
7290002512257,false,מלווח מופחת שמן צנענ,צנעני,IL,מלווח מופחת שומן,גרמים,700.00,100 גרם,false,,14.90,0.0213,true,1,1347285
7290002512264,false,ג'חנון מופחת שומן רו,צנעני,IL,ג'חנון מופחת שומן,גרמים,700.00,100 גרם,false,,14.90,0.0213,true,1,1347286
7290002515333,false,"ד""ר פישר - קמיל בלו סנסיטיב אל סבון עדין לתינוק 500 מ""ל","ד""ר פישר Dr fischer",IL,קמיל בלו סנסיטיב אל סבון,מיליליטרים,500.00,"100 מ""ל",false,,17.90,0.0358,true,1,1351861
7290002515364,false,"ד""ר פישר - קמיל בלו אל סבון + מילוי 500 מ""ל",פישר מעבדות פרמצבטיו,IL,קמיל בלו קלאסיק משאב,מיליליטרים,500.00,"100 מ""ל",false,,16.90,0.0338,true,1,2377386
7290002517269,false,תבלין פלפל שחור שלם 35ג',תות ממתקי איכות,IL,מיכל פל.שחור שלם 35 גר',גרמים,35.00,100 גרם,false,,7.90,0.2257,true,1,1350770
7290002517276,false,תבלין פלפל אנגלי שלם 25ג',תות ממתקי איכות,IL,מיכל קטן פ.אנגלי שלם 25גר,גרמים,25.00,100 גרם,false,,4.90,0.1960,true,1,1350771
7290002517337,false,תבלין אורגנו עלים 20 גר',תות ממתקי איכות,IL,שק.20 גר' אורגנו,גרמים,20.00,100 גרם,false,,4.90,0.2450,true,1,1350772
7290002517375,false,תבלין בזיליקום 30 גר' שק',תות ממתקי איכות,IL,שק.30 גר' בזיליקום,גרמים,30.00,100 גרם,false,,4.90,0.1633,true,1,1350773
7290002517580,false,תערובת תיבול לעוף - 80 ג',תות ממתקי איכות,IL,עוף תערובת תיבול 80גר',גרמים,80.00,100 גרם,false,,9.90,0.1238,true,1,1350784
7290002517634,false,תבליני כוסברה 30גר,תות ממתקי איכות,IL,מיכל קטן כוזברה 30גר',גרמים,30.00,100 גרם,false,,4.90,0.1633,true,1,1350786
7290002517726,false,תבלין מקלות קינמון 15ג',תות ממתקי איכות,IL,מיכל קטן מקל קינמון 15גר',גרמים,15.00,100 גרם,false,,4.90,0.3267,true,1,1350787
7290002517733,false,תבלין קצח טעם וריח 4,תות ממתקי איכות,IL,מיכל קטן קצח 40גר',גרמים,40.00,100 גרם,false,,4.90,0.1225,true,1,1350788
7290002517801,false,תבלין צ'ילי כתוש - חריף (פלפל קיינה) 30 ג',תות ממתקי איכות,IL,מיכל קטן צ'ילי כתוש 30גר',גרמים,30.00,100 גרם,false,,4.90,0.1633,true,1,1350790
7290002517863,false,תבלין ציפורן טחון 80ג',תות ממתקי איכות,IL,מיכל קטן ציפורן טחון 40גר,גרמים,40.00,100 גרם,false,,7.90,0.1975,true,1,1350793
7290002538158,false,גלידה חמה ימבו 15 יח,,,גלידה חמה 15 יח',גרמים,225.00,100 גרם,false,,17.90,0.0796,true,1,2096798
7290002538875,false,קרמבו במטעם וניל 20,,,קרמבו במטעם וניל 20,גרמים,500.00,100 גרם,false,,21.90,0.0438,true,1,2539080
7290002538882,false,קרמבו במטעם מוקה 20,,,קרמבו במטעם מוקה 20,גרמים,500.00,100 גרם,false,,21.90,0.0438,true,1,2539081
7290002542506,false,"בירה קורונה בקבוק 355מ""ל",קריניציה ויטמינה אס,MX,"בירה קורונה 355 מ""ל",מיליליטרים,355.00,"100 מ""ל",false,,9.90,0.0279,true,1,1491951
7290002542780,false,"שישיית בירה סטלה ארטואה 330 מ""ל*6",סטלה ארטואה Stella Artois,BE,בירה סטלה ארטואה -שי,ליטרים,1.98,ליטר,false,,34.90,17.6263,true,1,2436289
7290002542797,false,בקבוק בירה לף בלונד,לף Leffe,BE,"בירה לף בלונד 330 מ""",מיליליטרים,330.00,"100 מ""ל",false,,6.90,0.0209,true,1,2436298
7290002542810,false,בירה הוגרדן בקבוק 33,הוגרדן Hoegaarden,BE,"בירה הוגרדן 330 מ""ל.",מיליליטרים,330.00,"100 מ""ל",false,,6.90,0.0209,true,1,2436299
7290002542841,false,שישיית בירה לף בלונד,לף Leffe,BE,בירה לף בלונד שישייה,ליטרים,1.98,ליטר,false,,39.90,20.1515,true,1,2436300
7290002542865,false,שישיית בירה הוגרדן 6,הוגרדן,BE,"בירה הוגרדן 330 מ""ל",ליטרים,1.98,ליטר,false,,39.90,20.1515,true,1,2436978
7290002543046,false,קלוגס פרוסטיס דגנים וסוכר 750ג',קלוג מנייופרטורינג א,ES,קלוגס פרוסטיס 750 גם,גרמים,750.00,100 גרם,false,,19.90,0.0265,true,1,1306774
7290002544203,false,ממרח פסטו 180גרם מוט,,,ממרח פסטו 180גרם מוט,גרמים,180.00,100 גרם,false,,19.90,0.1106,true,1,1396167
7290002544234,false,ממרח עגבניה מיובשות,,,ממרח עגבניה מיובשות,גרמים,180.00,100 גרם,false,,19.90,0.1106,true,1,1396169
7290002551003,false,טונה בשמן בודד 160 ג' סטארקיסט,סטארקיסט,,טונה סטארקיסט בשמן 1,גרמים,160.00,100 גרם,false,,6.90,0.0431,true,1,1306782
7290002551010,false,סטארקיסט טונה במים 112 ג',"סטארקיסט פודור בע""מ",TR,טונה סטארקיסט במים 1,גרמים,160.00,100 גרם,false,,6.90,0.0431,true,1,1306783
7290002577508,false,פילה דג הרינג מלוח בשמן ובצל דלידג 240 ג',מיוצר על ידי קוד יצר,IL,דג הרניג שמן בצל 240,גרמים,240.00,100 גרם,false,,24.90,0.1037,true,1,2384383
7290002581079,false,תן צ'אפ חטיף טבעות 50 גר',מיה תעשיות מזון,IL,תן צ'אפ טבעות 50גרם,גרמים,50.00,100 גרם,false,,3.90,0.0780,true,1,1334060
7290002581352,false,קרקר דגן ללא סוכר 25,אפיפית נצרת,IL,קרקר דגן ללא סוכר 24/0.25,גרמים,250.00,100 גרם,false,,7.90,0.0316,true,1,1348186
7290002581536,false,"וופל בטעם שוקולד לל""ס הדר 250ג'",אפיפית נצרת,IL,ופל נאפוליטנה ללא סוכר 24,גרמים,250.00,100 גרם,false,,7.90,0.0316,true,1,1348187
7290002599029,false,תבליני יונה פפריקה מתוקה בשמן 80ג,תבליני יונה,IL,תבליני יונה,גרמים,80.00,100 גרם,false,,3.90,0.0487,true,1,1324463
7290002599036,false,פלפל לבן/שחור 50גר,תבליני יונה,IL,פלפל שחור 50 גר',גרמים,50.00,100 גרם,false,,4.90,0.0980,true,1,1324464
7290002599081,false,תבליני יונה תבלינים,תבליני יונה,IL,תבליני יונה 30 גר',גרמים,30.00,100 גרם,false,,3.90,0.1300,true,1,1324465
7290002599104,false,תבליני יונה תבלינים,תבליני יונה,IL,תבליני יונה 50 גר',גרמים,50.00,100 גרם,false,,3.90,0.0780,true,1,1324466
7290002599197,false,פלפל לבן/שחור 50גר,תבליני יונה,IL,שחור גרוס /פ.לבן 50 גר',גרמים,50.00,100 גרם,false,,4.90,0.0980,true,1,1324467
7290002603474,false,פיצת השף רוטב פטריות,סוילה אס.אר.אל,IT,פיצה השף מאיטליה CHE,גרמים,200.00,100 גרם,false,,14.90,0.0745,true,1,1878455
7290002603481,false,פיצת השף מאיטליה CHEF שגב פסטו ועגבניות 200 גרם,האי נאם סי או אל.טי.,IT,פיצה השף מאיטליה CHE,גרמים,200.00,100 גרם,false,,14.90,0.0745,true,1,1878456
7290002603498,false,פיצת השף שגב אנטיפסט,האי נאם סי או אל.טי.,IT,פיצה השף מאיטליה CHE,גרמים,220.00,100 גרם,false,,14.90,0.0677,true,1,1878457
7290002603504,false,פיצת השף מאיטליה CHEF שגב עגבניות ובצל סגול 200 גרם,סוילה אס.אר.אל,IT,פיצה השף מאיטליה CHE,גרמים,220.00,100 גרם,false,,14.90,0.0677,true,1,1878458
7290002603689,false,"מקלות פילו XL תפו""א שגב 450ג'",,,מקלות פילו XL תפוח א,גרמים,450.00,100 גרם,false,,16.90,0.0376,true,1,1878465
7290002603696,false,מקלות פילו XL גבינה שגב 450ג',,,מקלות פילו XL גבינה,גרמים,450.00,100 גרם,false,,16.90,0.0376,true,1,1878466
7290002608509,false,לחם מחמצת זיתי קלמנט,,,לחם מחמצת זיתי קלמטה,גרמים,500.00,100 גרם,false,,16.90,0.0338,true,1,2133489
7290002608516,false,לחם מחמצת מקמח מלא (,פילסברי,,לחם מחמצת מקמח מלא (,גרמים,500.00,100 גרם,false,,16.90,0.0338,true,1,2133490
7290002608523,false,לחם מחמצת כוסמין (בר,פילסברי,,לחם מחמצת כוסמין (בר,גרמים,500.00,100 גרם,false,,16.90,0.0338,true,1,2133491
7290002627098,false,שלושת האופים פיצה ביס 350 גר',שלושת האופים,,פיצה ביס שלושת האופי,גרמים,350.00,100 גרם,false,,12.90,0.0369,true,1,2489516
7290002627210,false,"גפילטעפיש קציצות מדגי קרפיון וכסיף 560 גר' בעל""ז",האי נאם סי או אל.טי.,IL,גפילטע פיש 560 גרם,גרמים,560.00,100 גרם,false,,12.90,0.0230,true,1,2371811
7290002628439,false,עוף שלם טרי,,,עוף שלם טרי,קילוגרמים,1.00,"ק""ג",true,,19.90,19.9000,true,1,1344123
7290002661214,false,ברמן לחם גליל קל מהדרין 750 גרם,מאפית י את א ברמן בע,IL,לחם גלילי 750 גרם,גרמים,750.00,100 גרם,false,,14.90,0.0199,true,1,1327420
7290002661443,false,פירורי לחם מוזהבים עדינים 200 גר.,,,פירורי לחם זהוב עדין,גרמים,200.00,100 גרם,false,,2.90,0.0145,true,1,1561546
7290002661474,false,פרורי לחם עם שומשום 200 ג',Unknown,,פירורי לחם זהוב שומש,גרמים,200.00,100 גרם,false,,3.90,0.0195,true,1,1561547
7290002661900,false,לחמניה שמיניה שומשום/פרג 6 יח' 720 גר',מאפית י את א ברמן בע,IL,6 יח לחמניות ארוכות,גרמים,720.00,100 גרם,false,,11.90,0.0165,true,1,2242902
7290002674221,false,"אקווה פרש משחת שינים משאבה מנטה 100 מ""ל",גלקסו סמית קליין,GB,"אקוה פרש משאבה 100 מ""ל",מיליליטרים,100.00,"100 מ""ל",false,,15.90,0.1590,true,1,1346495
7290002674269,false,"אקווה פרש - משחת שיניים מנטה עדין 125 מ""ל",,,א.פרש משחת שיניים 12,מטרים,125.00,100 מ'ל,false,,9.90,0.0792,true,1,1770156
7290002692393,false,שמן קנולה מועשר עץ ה,שמן תעשיות,IL,"שמן קנולה מועשר 1 ליטר ""ע",ליטרים,1.00,ליטר,false,,15.90,15.9000,true,1,1337294
7290002692478,false,"שמן זית כתית מעולה קלאסי מעודן 750 מ""ל עץ הזית","מרקאולאו, ספרד.אבסה,",IT,שמן זית כתית מעולה מעודן,מיליליטרים,750.00,"100 מ""ל",false,,32.90,0.0439,true,1,1337297
7290002692768,false,"תרסיס קנולה מופחת קלוריות 200 מ""ל עץ הזית",טרנסומס פוד איי בי,IT,"תרסיס קנולה 200 מ""ל ""עץ-ה",מיליליטרים,200.00,"100 מ""ל",false,,12.90,0.0645,true,1,1337299
7290002692782,false,"תרסיס מופחת קלוריות זית 200 מ""ל עץ הזית",י.ב טכנולוגיות אריזה,IL,"תרסיס זית 150 מ""ל ""עץ-הזי",מיליליטרים,150.00,"100 מ""ל",false,,12.90,0.0860,true,1,1337300
7290002694762,false,מוט לוילון,,,מוט לוילון,יחידה,0.00,יחידה,false,,29.90,0.0000,true,1,2406238
7290002730262,false,פלמוליב כלים שקוף קלאסי 750 בקבוק חדש,יבואן ומשווק: ש. שסט,GR,פלמוליב כלים שקוף קלאסי 7,מיליליטרים,750.00,"100 מ""ל",false,,11.90,0.0159,true,1,1338656
7290002730521,false,צימרוני אוזניים בלונס בקופסא 200 יח',קריות זול,GR,בלונס מקלות אוזניים 200 י,יח',200.00,יח',false,,5.90,0.0295,true,1,1338658
7290002730538,false,בלונס פדים להסרת איפור 80 יח',הנסיך- מפעל לייצור ט,GR,בלונס מסיר איפור 80 יח,יח',80.00,יח',false,,9.90,0.1238,true,1,1338659
7290002730675,false,"קולגייט משחת שיניים אדומה משפחתי 100 מ""ל",קולגייט פלמוליב,PL,קולגייט משחה אדומה משפחתי,מיליליטרים,100.00,"100 מ""ל",false,,10.90,0.1090,true,1,1338661
7290002730811,false,"קולגייט משחת שיניים ג'ל משפחתי 100מ""ל",הנסיך- מפעל לייצור ט,PL,קולגייט אדומה ג'ל חדש 100,מיליליטרים,100.00,"100 מ""ל",false,,9.90,0.0990,true,1,1338662
7290002730903,false,פלמוליב סבון מוצק ורדים רביעייה * 125 ג',הנסיך- מפעל לייצור ט,TR,פלמוליב סבון מוצק ורדים ר,גרמים,400.00,100 גרם,false,,16.90,0.0422,true,1,1338663
7290002730941,false,בלונס צמר גפן פרוס 100גר',הנסיך- מפעל לייצור ט,GR,בלונס צמר גפן 100 גרם,גרמים,100.00,100 גרם,false,,5.90,0.0590,true,1,1338666
7290002730958,false,פלמוליב סבון מוצק? ירוק זית רביעייה * 100 ג',הנסיך- מפעל לייצור ט,TR,פלמוליב סבון מוצק ירוק זי,גרמים,400.00,100 גרם,false,,16.90,0.0422,true,1,1338667
7290002750338,false,לחם רוסטיק עגבניות מ,,,לחם רוסטיק עגבניות מ,גרמים,500.00,100 גרם,false,,14.90,0.0298,true,1,2133494
7290002752332,false,"סוכריות מנטוס פירות בגליל, 37.5 גרם",הדקלאים אגודת שיתופי,NL,מנטוס פירות בודד,גרמים,37.50,100 גרם,false,,3.00,0.0800,true,1,1326301
7290002752349,false,סוכריות מנטוס מנטה 40יח' בגליל 38ג',פרפטי ואן מלה,NL,מנטוס מנטה בודד,גרמים,37.50,100 גרם,false,,3.00,0.0800,true,1,1326302
7290002752493,false,רביעיה סוכריות מנטה 4* 16 ג' טיק טק,קריות זול,ZA,סוכריות טיק-טק רביעי,גרמים,64.00,100 גרם,false,,7.90,0.1234,true,1,1326303
7290002753223,false,רביעייה סוכריות תפוז 4*16 ג' טיק טק,קריות זול,ZA,סוכריות טיק-טק רביעי,גרמים,64.00,100 גרם,false,,7.90,0.1234,true,1,1326304
7290002753995,false,ערכת קישוטי עוגה 150 גר',היינץ צפון אמריקה מק,DE,קישוטי שוקולד,גרמים,150.00,100 גרם,false,,15.90,0.1060,true,1,1326305
7290002757146,false,"קובה חמוסטה למרק שלושת האופים 1ק""ג",שלושת האופים,IL,קובה חמוסטה למרק 1 ק,קילוגרמים,1.00,"ק""ג",false,,18.90,18.9000,true,1,2311659
7290002757528,false,"בורקס פילו תפו""א 700גרם לנדא",יוליניבר,IL,בורקס פילו תפוח אדמה,גרמים,700.00,100 גרם,false,,14.90,0.0213,true,1,1329502
7290002757535,false,בורקס פילו אצבעות גבינה 700 ג' שלושת האופים,שלושת האופים,IL,בורקס פילו אצבעות גבינה,גרמים,700.00,100 גרם,false,,14.90,0.0213,true,1,1329503
7290002768036,false,"מי פה תיאדנט ענק מונע עששת 150מ""ל",אמיליה קוסמטיקס,IL,"מי פה תיאדנט 150מ""ל",מיליליטרים,150.00,"100 מ""ל",false,,14.90,0.0993,true,1,1344498
7290002768043,false,"תיאדנט מי-פה ענק פלאוריד 150 מ""ל",טרופיקל דגיל תעשיות,IL,מי פה תיאדנט+פלאוריד150מ,מיליליטרים,150.00,"100 מ""ל",false,,14.90,0.0993,true,1,1344499
7290002768074,false,דרמופון - סבון נוזלי 1 ליטר,טרופיקל דגיל תעשיות,IL,דרמפון סבון ללא סבון 1 ל,ליטרים,1.00,ליטר,false,,14.90,14.9000,true,1,1344500
7290002768159,false,"בת אורן סבון קצף לאמבט 500 מ""ל",פארק תעשיות עמק חפרמ,IL,בת אורן סבון נוזלי 500מל,מיליליטרים,500.00,"100 מ""ל",false,,18.90,0.0378,true,1,1344501
7290002769316,false,עוגת קראנץ 500 גרם,,,עוגת קראנץ 500 גרם,גרמים,500.00,100 גרם,false,,13.90,0.0278,true,1,1364127
7290002769347,false,עוגיות מובחרות בדלי --600-500 גרם,עוגיות הזהב,,עוגיות מובחרות בדלי,גרמים,600.00,100 גרם,false,,14.90,0.0248,true,1,1364128
7290002769392,false,עוגיות אדל עבודת יד 300 גר',,,עוגיות פרימיום מיוחד,גרמים,250.00,100 גרם,false,,20.90,0.0836,true,1,2164961
7290002769514,false,עוגיות מובחרות 350 ג,,,עוגיות מובחרות 350 ג,גרמים,350.00,100 גרם,false,,10.90,0.0311,true,1,1391028
7290002769910,false,עוגיות ללא תוספת סוכר 350 גר',,,עוגיות ללא סוכר,גרמים,300.00,100 גרם,false,,10.90,0.0363,true,1,2408618
7290002771104,false,קפה אלנח'לה עם הל 500 ג',מולינו ניקולי s.p.a,IL,קפה אלנח'לה 500 גרם,גרמים,500.00,100 גרם,false,,29.90,0.0598,true,1,1358902
7290002771111,false,קפה עם הל 250 ג' אלנח'לה,מולינו ניקולי s.p.a,IL,קפה אלנח'לה 250 גרם,גרמים,250.00,100 גרם,false,,16.90,0.0676,true,1,1358903
7290002771128,false,קפה אלנח'לה בלי הל 250 ג',מולינו ניקולי s.p.a,IL,קפה אלנח'לה 250 גרם,גרמים,250.00,100 גרם,false,,16.90,0.0676,true,1,1358904
7290002771326,false,קפסולות קפה עם הל - מארז 10 יח',קפה אל נח'לה,IL,מארז 10 קפסולות קפה,גרמים,50.00,100 גרם,false,,19.90,0.3980,true,1,2459790
7290002782131,false,"פנינה רוזנבלום - דאודורנט ספריי לאישה מס' 1 150 מ""ל",ביסקול תמרוקים,IL,דאודורנט פנינה מס 1,מיליליטרים,150.00,"100 מ""ל",false,,19.90,0.1327,true,1,1348075
7290002782742,false,"פנינה רוזנבלום - דאודורנט ספריי לאישה מס' 2 150 מ""ל",ביסקול תמרוקים,IL,דאודורנט פנינה מס 2,מיליליטרים,150.00,"100 מ""ל",false,,15.90,0.1060,true,1,1348077
7290002782759,false,"פנינה קרם גוף רוזנבלום 400 מ""ל",א.ארמן,IL,קרם גוף פנינה מס 2,מיליליטרים,340.00,"100 מ""ל",false,,24.90,0.0732,true,1,1348078
7290002787884,false,"בורקס מקלות פילו תפו""א 3.האופים 600 ג'",שגמור,IL,מיני פילו תפוא 650 גר',גרמים,600.00,100 גרם,false,,14.90,0.0248,true,1,1367533
7290002805151,false,סיף פנטסטיק לרצפות בניחוח סחלבים 4ל',יוניליוור ישראל טיפו,IL,סיף רצפות סחלבים 4 ל,ליטרים,4.00,ליטר,false,,19.90,4.9750,true,1,1341234
7290002814016,false,"מסיר שומנים קר מתז סנט מוריץ 750מ""ל",קומפלקס כימיקלים,IL,מסיר שומנים מתז,מיליליטרים,750.00,"100 מ""ל",false,,14.90,0.0199,true,1,1334952
7290002814054,false,סנט מוריץ מתז אנטרטיק מתז 1 ליטר,קומפלקס כימיקלים,IL,מתז אנטרטיק 1 ליטר,ליטרים,1.00,ליטר,false,,10.90,10.9000,true,1,2423712
7290002814078,false,סנט מוריץ נוזל לניקוי אמבט אנטרטיק 1ל',קומפלקס כימיקלים,IL,אנטרטיק 1 ליטר צילינ,ליטרים,1.00,ליטר,false,,6.90,6.9000,true,1,2423698
7290002814153,false,שלישייה סבון אסלה לימון סנט מוריץ,מיס פלורה,TR,סבון אסלה כדוריות של,יחידה,0.00,יחידה,false,,9.90,0.0000,true,1,2548744
7290002814290,false,BLANCO קצף אקונומיקה מרוכז 1 ליטר בניחוח לימון,קומפלקס כימיקלים,IL,קצף מרוכז 1 ליטר,ליטרים,1.00,ליטר,false,,10.90,10.9000,true,1,2423730
7290002814498,false,"סנט מוריץ - מרסס חומץ לניקוי כללי 750 מ""ל",ארבה כימיקלים,TR,מתז חומץ,מיליליטרים,750.00,"100 מ""ל",false,,9.90,0.0132,true,1,2423731
7290002814528,false,נוזל לניקוי האסלה סנט מוריץ 1 ליטר,קומפלקס כימיקלים,IL,NO 1,ליטרים,1.00,ליטר,false,,6.90,6.9000,true,1,1334960
7290002814610,false,מסיר שומנים מבושם לי,,,מסיר שומנים מבושם לי,ליטרים,1.00,ליטר,false,,12.90,12.9000,true,1,2423700
7290002814665,false,סנט מוריץ - מרסס מסיר עובש 1 ליטר,קומפלקס כימיקלים,IL,מתז מסיר עובש,ליטרים,1.00,ליטר,false,,10.90,10.9000,true,1,2508717
7290002814719,false,נוזל רצפות סנט מוריץ אסלות מאסק 4 ליטר,קומפלקס כימיקלים,IL,שמפו רצפות 4 ליטר,ליטרים,4.00,ליטר,false,,11.90,2.9750,true,1,2445500
7290002814825,false,סבון אסלה כדוריות אוקיינוס כחול שלישיה,גורקה,TR,סבון אסלה כדוריות של,יחידה,0.00,יחידה,false,,9.90,0.0000,true,1,2423701
7290002814832,false,סבון אסלה כדוריות לבנדר שלישיה,גורקה,TR,סבון אסלה כדוריות של,יחידה,0.00,יחידה,false,,9.90,0.0000,true,1,2423702
7290002814870,false,"סנט מוריץ - מרסס מסיר שומנים קר מבושם לוונדר\פרחים 750 מ""ל",,,מסיר שומנים קר מבושם,מיליליטרים,750.00,"100 מ""ל",false,,12.90,0.0172,true,1,2423704
7290002814894,false,אקונומיקה קצף ניקוי 1לוונדר ליטר- סנט מוריץ,קומפלקס כימיקלים,IL,מתז אקונומיקה קצף,ליטרים,1.00,ליטר,false,,10.90,10.9000,true,1,2423732
7290002814917,false,סנט מוריץ שמפו רצפות בניחוח לבנדר 4 ליטר,קומפלקס כימיקלים,IL,שמפו רצפות 4 ליטר,ליטרים,4.00,ליטר,false,,11.90,2.9750,true,1,1334963
7290002814931,false,סנט מוריץ שמפו רצפות בניחוח פרחים 4 ליטר - מרכז,קומפלקס כימיקלים,IL,רצפות 4 ליטר,ליטרים,4.00,ליטר,false,,11.90,2.9750,true,1,1334964
7290002824183,false,גבינה לבנה 5% שומן 500 ג' שטראוס,מיוצר עי קונדיטוריית,IL,סקי משפחתי 5%,גרמים,500.00,100 גרם,false,,9.40,0.0188,true,1,1341847
7290002824466,false,דנונה יוגורט ביו 0% 200מל,"שטראוס בריאות בע""מ",IL,"דנונה ביו טבעי 0%, 200 גר",גרמים,200.00,100 גרם,false,,3.30,0.0165,true,1,1341848
7290002824640,false,גבינה שטראוס 5% 250 ג',מיוצר עי קונדיטוריית,IL,סקי 5% 250 גרם,גרמים,250.00,100 גרם,false,,4.70,0.0188,true,1,1341849
7290002825722,false,סלט כרוב אדום אחלה 5,מיוצר עי קונדיטוריית,IL,כרוב אדום 500,גרמים,500.00,100 גרם,false,,13.90,0.0278,true,1,1341851
7290002827306,false,נקניקיות עוף ירושלים מחפוד 400 ג',,,נקניקיות עוף מהדרין,גרמים,400.00,100 גרם,false,,7.90,0.0198,true,1,1323374
7290002827320,false,נקניקיות מרגז קפוא גלאט הדר הבשר 400ג',,,נקניקיות עוף מרגז מה,גרמים,400.00,100 גרם,false,,19.90,0.0497,true,1,1323375
7290002830269,false,דג לוקוס,,,דג לוקוס,קילוגרמים,1.00,"ק""ג",true,,120.00,120.0000,true,1,1328417
7290002830290,false,דגי ברבוניה,,,דגי ברבוניה,קילוגרמים,1.00,"ק""ג",true,,99.00,99.0000,true,1,1328418
7290002830948,false,גבינת מון בלאן עיזים 120 ג',סלס קרית מלאכי ישראל,IL,גבינת מון בלאן עיזים 120,גרמים,120.00,100 גרם,false,,9.90,0.0825,true,1,1329519
7290002842002,false,"שבולת שועל אנגלי מורנפלייק לל""ס 500גר",,,קווקר שיבולת שועל.,גרמים,500.00,100 גרם,false,,9.90,0.0198,true,1,1363533
7290002842163,false,טונה יולה 185 גר,,,טונה יולה,גרמים,185.00,100 גרם,false,,10.90,0.0589,true,1,1363534
7290002842293,false,סרדין מינרווה חריף 1,,,סרדינים בשמן חריף,גרמים,120.00,100 גרם,false,,4.90,0.0408,true,1,1363535
7290002842309,false,סרדינים בשמן חמניות,,,סרדינים בשמן חמניות,גרמים,120.00,100 גרם,false,,4.90,0.0408,true,1,1363536
7290002842682,false,סרדין מינרווה בשמן ז,,,סרדין מינרווה בשמן ז,גרמים,120.00,100 גרם,false,,5.90,0.0492,true,1,2238175
7290002868996,false,קוטג' 5% מועשר טרה 250ג' מהדרין,קריות זול,IL,קוטג' 5% 250 גרם- נעמ,גרמים,250.00,100 גרם,false,,5.40,0.0216,true,1,1328515
7290002881018,false,סן מורנו מעדן תות שד,קריות זול,,מעדן תות-שדה 100% פר,גרמים,284.00,100 גרם,false,,12.90,0.0454,true,1,1339586
7290002881025,false,מעדן דובדבן חמוץ סן,קריות זול,,מעדן דובדבן חמוץ 100,גרמים,284.00,100 גרם,false,,12.90,0.0454,true,1,1339587
7290002881032,false,מעדן אוכמניות כחולות,קריות זול,,מעדן אוכמניות כחולות,גרמים,284.00,100 גרם,false,,12.90,0.0454,true,1,1339588
7290002881056,false,מעדן משמש 100% פרי,קריות זול,,מעדן משמש 100% פרי,גרמים,284.00,100 גרם,false,,12.90,0.0454,true,1,1339590
7290002881063,false,מעדן תפוז סן מורנו 2,קריות זול,,מעדן תפוז 100%פרי,גרמים,284.00,100 גרם,false,,12.90,0.0454,true,1,1339591
7290002881094,false,מעדן פירות יער 284גר,אופאל,,מעדן מיקס פטל 100%פר,גרמים,284.00,100 גרם,false,,12.90,0.0454,true,1,1339593
7290002881124,false,מעדן פרי שזיף 100%סן,,,מעדן שזיף 100% פרי,גרמים,284.00,100 גרם,false,,12.90,0.0454,true,1,1339594
7290002881209,false,רסק תפוחי עץ דיאט 700 ג' תומר,Geurts conservenfabr,,רסק תפוחי-עץ דיאט 72,גרמים,720.00,100 גרם,false,,9.90,0.0138,true,1,1339596
7290002881216,false,רסק תפוחי עץ בצנצנת 700 ג' תומר,Geurts conservenfabr,,רסק תפוחי-עץ בצנצנת,גרמים,700.00,100 גרם,false,,9.90,0.0141,true,1,1339597
7290002881407,false,נודלס אטריות ביצים דק תומר 400ג',קריות זול,,נודלס דק 400 גרם.,גרמים,400.00,100 גרם,false,,6.90,0.0173,true,1,1339600
7290002881414,false,תומר נודלס עבה 400 גרם,אופאל,,נודלס עבה-400 גרם.,גרמים,400.00,100 גרם,false,,6.90,0.0173,true,1,1339601
7290002881506,false,חמאת בוטנים תומר 510 ג',Niza s a,,חמאת בוטנים 500גרם,גרמים,510.00,100 גרם,false,,9.90,0.0194,true,1,1339604
7290002881513,false,חמאת בוטנים עם שברי בוטנים תמר 510 גר',Niza s a,,חמאת בוטנים עם שברי,גרמים,510.00,100 גרם,false,,9.90,0.0194,true,1,1339605
7290002881742,false,לבבות דקל פרוסות תומר 400 ג',Inaexpo,,לבבות דקל פרוסות,גרמים,400.00,100 גרם,false,,9.90,0.0248,true,1,1339611
7290002881919,false,פטריות שלמות תומר 40,גיבונג אינדסקיאלס,,פטריות שלם,גרמים,400.00,100 גרם,false,,7.90,0.0198,true,1,2374247
7290002881940,false,סרדינים מרוקאי בשמן חמניות 125ג' תומר,Union des pecheries,,סרדין מרוקאי בשמן,גרמים,125.00,100 גרם,false,,5.90,0.0472,true,1,1339614
7290002881957,false,סרדינים מרוקאי חריף בשמן חמניות 125ג' תומר,Union des pecheries,,סרדין מרוקאי חריף,גרמים,125.00,100 גרם,false,,5.90,0.0472,true,1,1339615
7290002881988,false,סרדין מרוקאי בשמן ולימון 125 ג' תומר,,,סרדין מרוקאי בשמן ול,גרמים,125.00,100 גרם,false,,5.90,0.0472,true,1,1339617
7290002900092,false,סטייק בורגר טירת צבי,הנסיך- מפעל לייצור ט,IL,סטייק בורגר 400 גר',גרמים,400.00,100 גרם,false,,19.90,0.0497,true,1,1340550
7290002900207,false,ט.צבי המבורגר אמיתי,הנסיך- מפעל לייצור ט,IL,המבורגר אמיתי 100% 400 גר,גרמים,400.00,100 גרם,false,,19.90,0.0497,true,1,1340554
7290002900214,false,קבב מזרחי טירת צבי 4,טיב טירת צבי 2000,IL,קבב מזרחי 450 גר',גרמים,450.00,100 גרם,false,,19.90,0.0442,true,1,1340555
7290002900313,false,פסטרמה בסגנון ספרדי,טירת צבי,IL,פסטרמה בסגנון ספרדי טירת,קילוגרמים,1.00,"ק""ג",true,,85.00,85.0000,true,1,1340556
7290002900436,false,פסטרמה איטלקית מילנו,טירת צבי,IL,פסטרמה בסגנון איטלקי טירת,קילוגרמים,1.00,"ק""ג",true,,85.00,85.0000,true,1,1340557
7290002900566,false,פסטרמה ברביקיו דל שומן טירת צבי 360 ג',הנסיך- מפעל לייצור ט,IL,"פסטרמה ברביקיו ד""ש 360 גר",גרמים,360.00,100 גרם,false,,26.90,0.0747,true,1,1340558
7290002904694,false,"טיטניום דאודורנט ספריי לגברים 150 מ""ל",אמיליה קוסמטיקס בעמ,IL,דאו.טיטניום תרסיס 180 מל,מיליליטרים,180.00,"100 מ""ל",false,,14.90,0.0828,true,1,1344502
7290002921165,false,הזלין ספריי חלב לטיפוח רהיטי עור,קריות זול,CH,הזלין ספרי,מיליליטרים,400.00,"100 מ""ל",false,,34.90,0.0872,true,1,1325563
7290002921233,false,"קרבונה ניקוי יבש לכתמים שומניים 200 מ""ל",מנדלז סי.אר. פרודקשן,ES,קרבונה-ספריי,גרמים,170.00,100 גרם,false,,19.90,0.1171,true,1,1325565
7290002921240,false,"שמפוזר מסיר כתמים משטיחים קרבונה 650 מ""ל",קרבונה Carbona,MX,שמפוזר-קרבונה אדום,מיליליטרים,651.00,"100 מ""ל",false,,24.90,0.0382,true,1,1325566
7290002922117,false,עוגיות אקלר פרמיום,אקלר,,עוגיות אקלר פרמיום,גרמים,200.00,100 גרם,false,,22.90,0.1145,true,1,2313928
7290002925729,false,"גם וגם משחת שיניים כחול ומי פה בטעם פפרמינט 120 מ""ל","אמיליה קוסמטיקס בע""מ",IL,גם וגם כחול,גרמים,120.00,100 גרם,false,,14.90,0.1242,true,1,1344503
7290002925798,false,"גם וגם משחת שיניים ירוק מי פה לייט 120 מ""ל",אמיליה קוסמטיקס,IL,"משחה +מי פה ירוק 120מ""ל",גרמים,120.00,100 גרם,false,,14.90,0.1242,true,1,1344504
7290002954187,false,"אורז יסמין 5 ק""ג שוקחה",בני ג'ורג' שוקחה חיפ,IN,"אורז יסמין 5 ק""ג שקי",קילוגרמים,5.00,"ק""ג",false,,44.90,8.9800,true,1,1360928
7290002954330,false,"תה תפזורת 1 ק""ג",,,"תה תפזורת 1 ק""ג",קילוגרמים,1.00,"ק""ג",false,,34.90,34.9000,true,1,1360929
7290002954477,false,"אורז עגול אוסטרלי 5 ק""ג סנוואיט",בני ג'ורג' שוקחה חיפ,IN,"אורז עגול 5 ק""ג",קילוגרמים,5.00,"ק""ג",false,,49.90,9.9800,true,1,1360930
7290002970026,false,גביע גאלטו גדול 24 י,,,גביע גאלטו גדול 24 י,100 יח',24.00,100 יח',false,,25.90,1.0792,true,1,1362228
7290002970095,false,גביע דוריקו גדול 20,,,גביע דוריקו גדול 20,100 יח',20.00,100 יח',false,,25.90,1.2950,true,1,1362230
7290002970286,false,גביע כוכב גדול 24 יח,,,גביע כוכב גדול 24 יח,100 יח',24.00,100 יח',false,,27.90,1.1625,true,1,1362235
7290002971009,false,"קמח חיטה לבן בהיר שטיבל 1 ק""ג",שטיבל טחנות קמח,IL,קמח לבן יעודי שטיבל 1 קג,גרמים,1000.00,100 גרם,false,,4.50,0.0045,true,1,1345134
7290002971016,false,"שטיבל סולת חיטה 1 ק""ג",,,"סולת 1 ק""ג.",קילוגרמים,1.00,"ק""ג",false,,4.50,4.5000,true,1,1345135
7290002971092,false,שטיבל.6קמח מלא שטיבל,שטיבל טחנות קמח,IL,"קמח מלא שטיבל 1-6 ק""ג",קילוגרמים,1.00,"ק""ג",false,,7.90,7.9000,true,1,1345137
7290002971146,false,קמח -15 פיצה פוקצה ש,שטיבל טחנות קמח,IL,קמח פיצה ופו. - ש.15,גרמים,1000.00,100 גרם,false,,7.90,0.0079,true,1,1345138
7290002971153,false,קמח חלה מס 18 שטיבל,שטיבל טחנות קמח,IL,קמח חלה 1 קג שטיבל,קילוגרמים,1.00,"ק""ג",false,,7.90,7.9000,true,1,1345139
7290002971207,false,קמח רב תכליתי מס 1 ש,שטיבל טחנות קמח,IL,רב תכליתי 1 קג-שטיבל,קילוגרמים,1.00,"ק""ג",false,,7.90,7.9000,true,1,1345141
7290002971214,false,שטיבל 2 קמח לחם מעוש,מיוצר עי קונדיטוריית,IL,קמח לחם 1 קג שטיבל,קילוגרמים,1.00,"ק""ג",false,,7.90,7.9000,true,1,1345142
7290002971238,false,קמח עוגות שטיבל מס 5,שטיבל טחנות קמח,IL,קמח עוגות 1 קג-שטיבל,קילוגרמים,1.00,"ק""ג",false,,7.90,7.9000,true,1,1345144
7290002971245,false,קמח לחם כפרי מס 3 1,שטיבל טחנות קמח,IL,קמח כפרי שטיבל 1 קג,גרמים,1000.00,100 גרם,false,,7.90,0.0079,true,1,1345145
7290002971252,false,קמח -9 פסטה שטיבל.,שטיבל טחנות קמח,IL,קמח פסטה קג שטיבל,גרמים,1000.00,100 גרם,false,,13.90,0.0139,true,1,1345146
7290002971955,false,קמח שטיבל חיטה לבן מנופה 1קג,,,קמח חיטה לבן,קילוגרמים,1.00,"ק""ג",false,,8.90,8.9000,true,1,2546464
7290002971962,false,קמח מלא 100% ללא צור,,,קמח חיטה מלא,קילוגרמים,1.00,"ק""ג",false,,8.90,8.9000,true,1,2546456
7290002971993,false,"קמח כוסמין מלא שטיבל 1 ק""ג",,,קמח כוסמין מלא,קילוגרמים,1.00,"ק""ג",false,,12.90,12.9000,true,1,2546465
7290002972365,false,קמח תופח שטיבל ללא נ,מיוצר עי קונדיטוריית,IL,קמח תופח,קילוגרמים,1.00,"ק""ג",false,,8.90,8.9000,true,1,2546466
7290002972426,false,"קמח חיטה 80% ללא ניפוי שטיבל 1ק""ג",,,קמח חיטה,קילוגרמים,1.00,"ק""ג",false,,8.90,8.9000,true,1,2546457
7290002973669,false,קמח לחם ללא צורך בני,,,קמח לחם,קילוגרמים,1.00,"ק""ג",false,,9.90,9.9000,true,1,2546475
7290002973676,false,קמח לחלה ללא צורך בנ,,,קמח חלה,קילוגרמים,1.00,"ק""ג",false,,8.90,8.9000,true,1,2546458
7290002973829,false,קמח כוסמין לבן ללא צ,,,קמח כוסמין לבן,קילוגרמים,1.00,"ק""ג",false,,13.90,13.9000,true,1,2546476
7290002974314,false,"קמח פיצה שטיבל 1 ק""ג",,,קמח פיצה שטיבל,קילוגרמים,1.00,"ק""ג",false,,9.90,9.9000,true,1,2546477
7290002986652,false,פתי בר שוקו 470 ג' גטניו,"אחים גטניו בע""מ",,פתי בר שוקו,גרמים,470.00,100 גרם,false,,9.90,0.0211,true,1,2548525
7290002987963,false,"סלט חומוס אחלה 1 ק""ג",מיוצר עי קונדיטוריית,IL,"חומוס אחלה 1 ק""ג",גרמים,1000.00,100 גרם,false,,12.90,0.0129,true,1,1341852
7290003001330,false,פילה סלמון נורבגי בו,,,פילה סלמון נורבגי בו,קילוגרמים,1.00,"ק""ג",true,,79.00,79.0000,true,1,1722344
7290003006021,false,קוביות גבינת פטה לסל,גבינות ניצן,,קוביות גבינת פטה לסל,קילוגרמים,1.00,"ק""ג",true,,69.00,69.0000,true,1,2498062
7290003006120,false,טאפס עירוני פלפל ממו,גבינות ניצן,,טאפאס גבינות,קילוגרמים,1.00,"ק""ג",true,,149.00,149.0000,true,1,2315990
7290003009183,false,"פריגת סירופ דיאט תפוחים 750מ""ל",סירופ - גבעת חיים,IL,סירופ דיאט תפוחים 750,מיליליטרים,750.00,"100 מ""ל",false,,22.90,0.0305,true,1,1335061
7290003009312,false,בוטן קלוי קלית גת 200 ג',הדקלאים אגודת שיתופי,IL,בוטן קלוי בשקית,גרמים,200.00,100 גרם,false,,5.90,0.0295,true,1,1326306
7290003009329,false,בוטן אמריקאי קלית גת 200 ג',הדקלאים אגודת שיתופי,IL,בוטן אמריקאי.,גרמים,200.00,100 גרם,false,,5.90,0.0295,true,1,1326307
7290003009336,false,קבוקים מצופים קליית,הדקלאים אגודת שיתופי,IL,קבוקים בשקית.,גרמים,200.00,100 גרם,false,,5.90,0.0295,true,1,1326308
7290003009640,false,מיץ סחוט תפוזים 1 ל' פריגת,קריות זול,IL,סחוט תפוז1 ליטר,ליטרים,1.00,ליטר,false,,15.90,15.9000,true,1,1328516
7290003015627,false,ריצפז פרש 2 ליטר אפרסק מרכז,"סנו מפעלי ברונוס בע""",IL,סנו ריצפז פרש אפרסק2ליטר,ליטרים,2.00,ליטר,false,,19.90,9.9500,true,1,1319698
7290003015634,false,ריצפז פרש 2 ליטר פסיפלורה,קריות זול,IL,סנו ריצפז פרש פסיפלורה2ל,ליטרים,2.00,ליטר,false,,19.90,9.9500,true,1,1319699
7290003015641,false,ריצפז סנו פרש יסמין 2ל',קריות זול,IL,סנו ריצפז פרש יסמין2ליטר,ליטרים,2.00,ליטר,false,,19.90,9.9500,true,1,1319700
7290003015672,false,סנו סופט מפיות צבעוניות חלקות 50 יח',חיי נייר,IL,מפיות אירוח סנו סושי50יח,יח',50.00,יח',false,,7.90,0.1580,true,1,1319701
7290003026029,false,"ד""ר פישר - קמיל בלו סנסיטיב שמפו אלדמע 500 מ""ל","ד""ר פישר Dr fischer",IL,קמיל בלו סנסיטיב אל דמע 5,מיליליטרים,500.00,"100 מ""ל",false,,17.90,0.0358,true,1,1351863
7290003026036,false,"ד""ר פישר - קמיל בלו סנסיטיב אל סבון עדין לתינוק 1 ליטר","ד""ר פישר Dr fischer",IL,קמיל בלו סנסיטיב אל סבון,ליטרים,1.00,ליטר,false,,24.90,24.9000,true,1,1351864
7290003026197,false,"ד""ר פישר - קמיל בלו שמן טיפולי 500 מ""ל","ד""ר פישר Dr fischer",IL,קמיל בלו סנסיטיב שמן טיפו,מיליליטרים,500.00,"100 מ""ל",false,,22.90,0.0458,true,1,1351865
7290003026227,false,"ד""ר פישר - קמיל בלו סנסיטיב שמפו אלדמע 1 ליטר","ד""ר פישר Dr fischer",IL,קמיל בלו סנסיטיב אל דמע ל,ליטרים,1.00,ליטר,false,,24.90,24.9000,true,1,1351866
7290003026234,false,"ד""ר פישר - קמיל בלו תחליב לתינוק 500 מ""ל",פישר מעבדות פרמצבטיו,IL,קמיל בלו סנסיטיב תחליב לת,מיליליטרים,500.00,"100 מ""ל",false,,19.90,0.0398,true,1,1351867
7290003026319,false,"ד""ר פישר - קמיל משחה לתינוק 120 מ""ל","ד""ר פישר Dr fischer",IL,קמיל בלו סנסיטיב משחה לתי,גרמים,120.00,100 גרם,false,,18.90,0.1575,true,1,1351868
7290003029181,false,משקה יטבתה שוקו' בקבוק 1ל מהדרין,מחלבת יטבתה,IL,שוקו 1 ל בקבוק מהדרין,ליטרים,1.00,ליטר,false,,10.90,10.9000,true,1,1341857
7290003029372,false,משקה חלב בננה בקבוק 1ל' יוטבתה,מחלבת יטבתה,IL,1 ליטר משקה בננה מהדרין,ליטרים,1.00,ליטר,false,,10.90,10.9000,true,1,1341859
7290003029389,false,"משקה חלב בננה פקק ספורט 250 מ""ל יוטבתה",שטראוס גרופ,IL,"בננה פקק 250 מ""ל מהדרין",מיליליטרים,250.00,"100 מ""ל",false,,4.90,0.0196,true,1,1341860
7290003029433,false,"משקה יטבתה שוקו פקק 250 מ""ל מהדרין",מחלבת יטבתה,IL,שוקו פקק 250 מל מהדר,מיליליטרים,250.00,"100 מ""ל",false,,5.50,0.0220,true,1,1341862
7290003029532,false,מוקה בקבוק 1 ל' יוטבתה,מחלבת יטבתה,IL,מוקה בקבוק 1 ליטר מהדרין,ליטרים,1.00,ליטר,false,,10.90,10.9000,true,1,1341864
7290003029617,false,יטבתה שמנת מנה אישית 15% 125מל,STRAUSS-ISRAEL,IL,שמנת מנה אישית 100 גרם- מ,גרמים,100.00,100 גרם,false,,1.90,0.0190,true,1,1341865
7290003029792,false,"משקה יטבתה שוקו שקיות מהדרין מארז 225X8מ""ל",שטראוס גרופ,IL,מארז 8 שקיות שוקו- מהדרין,מיליליטרים,1800.00,"100 מ""ל",false,,18.90,0.0105,true,1,1341866
7290003029815,false,חלב יוטבתה מועשר 3% בכד 2ל',מחלבת יטבתה,IL,כד 2 ליטר חלב 3%- מהדרין,ליטרים,2.00,ליטר,false,,13.90,6.9500,true,1,1341867
7290003029907,false,משקה יטבתה אייס קפה 1ליטר,מחלבת יטבתה,IL,אייס קפה 1 ליטר יטבתה מהד,ליטרים,1.00,ליטר,false,,10.90,10.9000,true,1,1341869
7290003031702,false,"נקניקיות הודו מחפוד וואקום 1 ק""ג טירת צבי",טירת צבי,IL,"נקניקיות הודו 1 ק""ג",קילוגרמים,1.00,"ק""ג",false,,32.90,32.9000,true,1,1340559
7290003031740,false,טירתצבי פסטרמה בדבש קופ. מחפוד 400ג,טירת צבי,IL,פסטרמה בדבש 400 גרם,גרמים,400.00,100 גרם,false,,34.90,0.0872,true,1,1340562
7290003031757,false,פסטרמה הודו בפפריקה טירת צבי 400 ג' מחפוד,טירת צבי,IL,פסטרמה בפפריקה 400 ג,גרמים,400.00,100 גרם,false,,34.90,0.0872,true,1,1340563
7290003054176,false,מסטמכר לחם שיפון עם מסלי 500ג,מרום את קונפינו,,לחם שיפון מיזלי 500,גרמים,500.00,100 גרם,false,,12.90,0.0258,true,1,1306784
7290003054183,false,מסטמכר לחם שיפון מלא 500ג,מרום את קונפינו,DE,לחם שיפון מלא 500 גר,גרמים,500.00,100 גרם,false,,12.90,0.0258,true,1,1306785
7290003054190,false,מסטמכר לחם שיפון עם שלושה דגנים 500ג,מרום את קונפינו,DE,לחם שיפון דגנים 500,גרמים,500.00,100 גרם,false,,12.90,0.0258,true,1,1306786
7290003054206,false,מסטמכר לחם שיפון עם זרעי חמניות 500ג,מרום את קונפינו,DE,לחם שיפון חמניות 500,גרמים,500.00,100 גרם,false,,12.90,0.0258,true,1,1306787
7290003054213,false,מסטמכר לחם שיפון כפרי 500ג,מרום את קונפינו,DE,לחם שיפון כפרי 500 ג,גרמים,500.00,100 גרם,false,,12.90,0.0258,true,1,1306788
7290003054220,false,מסטמכר לחם שיפון פומפרניקל 500ג,מסטמאכר ג'.אמ.בי.הי,DE,לחם שיפון 500 גרם.,גרמים,500.00,100 גרם,false,,12.90,0.0258,true,1,1306789
7290003054657,false,חרדל דיזון אקסטרה פורטה 370 גרם,מרום את קונפינו,FR,חרדל דיזון 370 גרם,גרמים,370.00,100 גרם,false,,10.90,0.0295,true,1,1306790
7290003060009,false,קמח בהיר טחנות ישראל,טחנות ישראליות,IL,קמח חיטה לבן בהיר,קילוגרמים,1.00,"ק""ג",false,,4.30,4.3000,true,1,1339505
7290003060023,false,"סולת חיטה 1 ק""ג אריזות ירושלים",טחנות ישראליות,IL,סולת חיטה,קילוגרמים,1.00,"ק""ג",false,,4.30,4.3000,true,1,1339507
7290003060030,false,קמח חיטה מלאטחנות יש,טחנות ישראליות,IL,קמח חיטה מלא ישראלי,קילוגרמים,1.00,"ק""ג",false,,4.90,4.9000,true,1,1339508
7290003060047,false,קמח תופח טחנות ישראל,טחנות ישראליות,IL,קמח תופח,קילוגרמים,1.00,"ק""ג",false,,4.90,4.9000,true,1,1339509
7290003060085,false,קמח לאפיית לחמים וחל,טחנות ישראליות,IL,קמח חיטה לאפיית לחמים וחל,קילוגרמים,1.00,"ק""ג",false,,4.90,4.9000,true,1,1339512
7290003060276,false,קמח בהיר מועשר מנופה,,,קמח לבן מנופה 1 קג,קילוגרמים,1.00,"ק""ג",false,,6.90,6.9000,true,1,1772589
7290003060283,false,קמח תופח מועשר מנופה,,,קמח מנופה תופח 1 קג,קילוגרמים,1.00,"ק""ג",false,,7.90,7.9000,true,1,1772590
7290003060290,false,קמח מלא מועשר מנופה,,,קמח מלא מנופה 1 קג,קילוגרמים,1.00,"ק""ג",false,,7.90,7.9000,true,1,1772591
7290003060320,false,"קמח לחם וחלות מנופה טחנות ישראל 1 ק""ג",,,קמח ללחם וחלות מנופה,קילוגרמים,1.00,"ק""ג",false,,7.90,7.9000,true,1,1813734
7290003060344,false,"קמח חיטה לפיצה מנופה 1 ק""ג",,,קמח לפיצה בשקיות מנו,קילוגרמים,1.00,"ק""ג",false,,6.90,6.9000,true,1,1923108
7290003060351,false,קמח מלא 80% מנופה 1,,,קמח מלא 80% מנופה,קילוגרמים,1.00,"ק""ג",false,,6.90,6.9000,true,1,1923109
7290003066070,false,עוגת סברינה.,,,עוגת סברינה.,יחידה,0.00,יחידה,false,,15.90,0.0000,true,1,1417343
7290003070008,false,טחינה זהב 500 גרם,,,טחינה זהב 500 גרם,גרמים,500.00,100 גרם,false,,12.90,0.0258,true,1,1339578
7290003070015,false,"טחינה זהב 1 ק""ג",,,"טחינה זהב 1 ק""ג",גרמים,1000.00,100 גרם,false,,24.90,0.0249,true,1,1339579
7290003070046,false,טחינה טבעית,,,טחינה טבעית,גרמים,500.00,100 גרם,false,,12.90,0.0258,true,1,1339580
7290003070251,false,טחינה אתיופית מלאה,,,טחינה אתיופית מלאה,יחידה,0.00,יחידה,false,,12.90,0.0000,true,1,1501802
7290003072200,false,פסטרמה בסגנון מקסיקנ,,,נקניק פסטרמה בסגנון,קילוגרמים,1.00,"ק""ג",true,,85.00,85.0000,true,1,1509660
7290003072811,false,נקניקיות בראטוורסט מבשר בקר והודו,טירת צבי,,נקניקיות בראטוורסט,גרמים,320.00,100 גרם,false,,19.90,0.0622,true,1,2375580
7290003072828,false,נקניקיות פרנקפורטר מבשר בקר,טירת צבי,IL,נקניקיות פרנקפורטר 3,גרמים,320.00,100 גרם,false,,19.90,0.0622,true,1,2375581
7290003072835,false,נקניקיות קנאקוורסט 3,טירת צבי,,נקניקיות קנאקוורסט,גרמים,320.00,100 גרם,false,,19.90,0.0622,true,1,2375582
7290003072859,false,רוסטביף טירת צבי 120 ג',הנסיך- מפעל לייצור ט,IL,רוסטביף ארוז 120 גרם,גרמים,120.00,100 גרם,false,,29.90,0.2492,true,1,2383712
7290003072965,false,קבנוס חריף מעושן 120 ג',טירת- צבי,IL,חטיפי קבנוס חריף מעו,גרמים,120.00,100 גרם,false,,12.90,0.1075,true,1,2435918
7290003072972,false,קבנוס בתיבול שום 120 גר',טירת- צבי,IL,חטיפי קבנוס בתיבול ש,גרמים,120.00,100 גרם,false,,12.90,0.1075,true,1,2435919
7290003078042,false,פרג אריסה חריפה 50ג,תבליני הדור השלישי,IL,אריסה,גרמים,250.00,100 גרם,false,,14.90,0.0596,true,1,1334528
7290003078066,false,שום כתוש פרג 250 גרם,תבליני הדור השלישי,IL,שום כתוש,גרמים,250.00,100 גרם,false,,14.90,0.0596,true,1,1334529
7290003078318,false,תבליני פרג 50 גרם,,,עלי פטרוזיליה,גרמים,20.00,100 גרם,false,,13.90,0.6950,true,1,1334532
7290003078516,false,פלפל צומה פרג 250 גר,תבליני הדור השלישי,IL,פלפל צ'ומה,גרמים,250.00,100 גרם,false,,14.90,0.0596,true,1,1334533
7290003078608,false,פפריקה חריפה בשמן,,,פפריקה חריפה בשמן,גרמים,120.00,100 גרם,false,,13.90,0.1158,true,1,1334536
7290003078721,false,פרג סחוג תימני אדום 250גר,תבליני הדור השלישי,IL,סחוג,גרמים,250.00,100 גרם,false,,14.90,0.0596,true,1,2528298
7290003078738,false,לימון בלאדי פרג 250,תבליני הדור השלישי,IL,לימון בלאדי,גרמים,250.00,100 גרם,false,,14.90,0.0596,true,1,1334539
7290003102068,false,צימרוני אוזניים מעץ 100 יח',כוטון סופט,,צימרוני אוזניים 100,יח',100.00,יח',false,,1.50,0.0150,true,1,1322128
7290003102136,false,צמר גפן COTTON SOFT רפואי 100 גר' 3102136,הדקלאים אגודת שיתופי,TR,צמר גפן 100 גר',גרמים,100.00,100 גרם,false,,4.50,0.0450,true,1,1322129
7290003102587,false,מברשת לבקבוק,,,מברשת לבקבוק,יחידה,0.00,יחידה,false,,4.90,0.0000,true,1,1322133
7290003102686,false,מספריים לתינוק בטיחו,,,מספריים לתינוק בטיחו,יחידה,0.00,יחידה,false,,11.90,0.0000,true,1,1322135
7290003102891,false,שקיות צליה הוסטס בקופסה 10יח',הוסטס,,שקיות צליה הוסטס 10,יח',10.00,יח',false,,4.90,0.4900,true,1,1322137
7290003102976,false,צימרוני אוז' פל' בקופסה 200יח',הדקלאים אגודת שיתופי,CN,צמרוני אוזנים קופסא,יח',200.00,יח',false,,3.90,0.0195,true,1,1322139
7290003126712,false,יוגורט עיזים בגביע 3% צוריאל 150 ג',מחלבת משק צוריאל,IL,"יוגורט עיזים בגביע-140 מ""",גרמים,150.00,100 גרם,false,,5.90,0.0393,true,1,1328520
7290003127023,false,שקיות אוכל בקופסא זו,,,שקיות אוכל בקופסא זו,יח',300.00,יח',false,,9.90,0.0330,true,1,1354100
7290003127429,false,שקיות אשפה 52/65 שרו,,,שקיות אשפה 52/65 שרו,יח',100.00,יח',false,,19.90,0.1990,true,1,1354102
7290003127436,false,שקיות בגליל 75/90 50,,,שקיות בגליל 75/90 50,יח',50.00,יח',false,,14.90,0.2980,true,1,1354103
7290003127467,false,שקיות אשפה 75/90 שרו,,,שקיות אשפה 75/90 שרו,יח',20.00,יח',false,,14.90,0.7450,true,1,1354104
7290003127559,false,"מפה חגיגית 24 מ""ר פר",,,"מפה חגיגית 24 מ""ר פר","מ""ר",24.00,"מ""ר",false,,14.90,0.6208,true,1,1354105
7290003127771,false,מפה 45 מטר בגליל שקו,,,מפה 45 מטר בגליל שקו,"מ""ר",45.00,"מ""ר",false,,39.90,0.8867,true,1,1354107
7290003127788,false,שקיות אשפה 52/65 שרו,,,שקיות אשפה 52/65 שרו,יח',60.00,יח',false,,14.90,0.2483,true,1,1354108
7290003127993,false,שקיות סנדוויץ נקשרות,,,שקיות סנדוויץ נקשרות,00000000000000000יח',100.00,00000000000000000יח',false,,7.90,0.0790,true,1,1354110
7290003130399,false,מברשת שיניים לילדים חיות אקווה פרש,גלקסו סמית קליין,IN,אקוה פרש מברשת חיות,יח',1.00,יח',false,,9.90,9.9000,true,1,1346502
7290003140237,false,סילאן לחיץ 360 ג' קליית גת,,,סילאן לחיץ 350 גרם,גרמים,350.00,100 גרם,false,,9.90,0.0283,true,1,1326314
7290003141159,false,מרשמלו יוגטה 180 גרם,סאדאט,IL,מרשמלו יוגטה,גרמים,180.00,100 גרם,false,,5.00,0.0278,true,1,1326316
7290003142361,false,הוטפופ מתוק/מלוח 5 שקיות 500 ג',,,פופקורן מתוק מלוח הו,גרמים,500.00,100 גרם,false,,16.90,0.0338,true,1,2377868
7290003142422,false,קליית גת גרעינים שחורים ללא מלח 180ג,ג'י אנד ג'י,IL,גרעיני חמניה בשקית ללא מל,גרמים,180.00,100 גרם,false,,5.90,0.0328,true,1,1326326
7290003142477,false,ערמונים קלופים וקלוי,הדקלאים אגודת שיתופי,IL,ערמונים קלופים וקלויים 10,גרמים,100.00,100 גרם,false,,5.90,0.0590,true,1,1326327
7290003143146,false,ממרח תמרים קליית גת 450 ג',הדקלאים אגודת שיתופי,IL,ממרח תמרים 450 גרם,גרמים,450.00,100 גרם,false,,4.90,0.0109,true,1,1326333
7290003143276,false,יוגטה מרשמלו מגולגל 180גר,מוטקה החולב,TR,מרשמלו יוגטה,גרמים,180.00,100 גרם,false,,5.00,0.0278,true,1,1326342
7290003144310,false,תערבות אגוזים וחמוציות,קליית גת,IL,תערובת אגוזים וחמוצי,גרמים,150.00,100 גרם,false,,14.90,0.0993,true,1,2434120
7290003144419,false,סילאן טבעי קלית גת 7,,,סילאן 710 גרם טבעי,גרמים,710.00,100 גרם,false,,19.90,0.0280,true,1,1821710
7290003145751,false,קשיו קלוי קלית גת 200 ג',הדקלאים אגודת שיתופי,IL,קשיו קלוי בשקית,גרמים,200.00,100 גרם,false,,19.90,0.0995,true,1,1326364
7290003189045,false,בסיגנון גבינה הולנדי,,,בסיגנון גבינה הולנדי,קילוגרמים,1.00,"ק""ג",true,,33.00,33.0000,true,1,1326729
7290003189076,false,פיצרלה מגורדת אישית 500 גרם,,,פיצרלה 500גר.,גרמים,500.00,100 גרם,false,,19.90,0.0398,true,1,1326731
7290003189168,false,בסיגנון גבינה מעושנת,,,בסיגנון גבינה מעושנת,קילוגרמים,1.00,"ק""ג",false,,34.90,34.9000,true,1,1326735
7290003189267,false,צהובה הטובה קלאסית כ,,,צהובה טובה 5% קלאסית,גרמים,200.00,100 גרם,false,,13.90,0.0695,true,1,1326741
7290003189274,false,מעושנת בסיגנון גבינה,,,מעושנת בסיגנון גבינה,קילוגרמים,1.00,"ק""ג",true,,35.00,35.0000,true,1,1326742
7290003189557,false,כפיר הצהובה הטובה מע,,,צהובה טובה 5% מעושן.,גרמים,200.00,100 גרם,false,,13.90,0.0695,true,1,1326749
7290003189571,false,כפיר הצהובה הטובה שו,,,צהובה טובה 5% שום שמ,גרמים,200.00,100 גרם,false,,13.90,0.0695,true,1,1326750
7290003208128,false,יין קאווה לואיגי ברוט חצי יבש 750 מל,,,יין נתזים לבן חצי יב,מיליליטרים,750.00,"100 מ""ל",false,,31.90,0.0425,true,1,1867894
7290003208135,false,"קאווה לואיגי ברוט לבן יבש 750 מ""ל",,,יין נתזים לבן יבש,מיליליטרים,750.00,"100 מ""ל",false,,31.90,0.0425,true,1,1867895
7290003208531,false,וויסקי קינג רוברט 70,,,וויסקי קינג רוברט,מיליליטרים,700.00,"100 מ""ל",false,,69.90,0.0999,true,1,1867861
7290003208586,false,וורמוט מרטיני ביאנקו,מרטיני ורוסי,IT,מרטיני ביאנקו.,מיליליטרים,750.00,"100 מ""ל",false,,44.90,0.0599,true,1,1867862
7290003208593,false,מרטיני אקסטרא דריי 7,,,מרטיני דריי.,מיליליטרים,750.00,"100 מ""ל",false,,44.90,0.0599,true,1,1867863
7290003208609,false,וורמוט מרטיני רוסו 7,מרטיני ורוסי,IT,מרטיני רוסו.,מיליליטרים,750.00,"100 מ""ל",false,,44.90,0.0599,true,1,1867864
7290003212309,false,סברינה,,,סברינה,יחידה,0.00,יחידה,false,,9.90,0.0000,true,1,2479001
7290003212965,false,עוגיות רוגלך הזהב במארז 400 גר',,,מאפה שמרים 400 גר',גרמים,400.00,100 גרם,false,,9.90,0.0248,true,1,1364139
7290003219766,false,שלישית מילוי טורבול,,,מילוי לספוג לחות 3 י,יחידה,0.00,יחידה,false,,32.90,0.0000,true,1,2425066
7290003220595,false,אורז לסושי WOK שקית,"מיה תעשיות מזון בע""מ",IL,"ווק אורז לסושי 1ק""ג",קילוגרמים,1.00,"ק""ג",false,,10.90,10.9000,true,1,1336983
7290003220724,false,צופ-סטיקס חד פעמי 20,קוסומאי במבוק,,מקלות סושי WOK,יחידה,0.00,יחידה,false,,5.90,0.0000,true,1,1336989
7290003220830,false,ווק חומץ אורז יסמין,דיאמונד פריזרוד פודס,TH,"ווק חומץ אורז יסמין 500מ""",מיליליטרים,500.00,"מ""ל",false,,14.90,0.0298,true,1,1336997
7290003222049,false,פיתות ביס קמח מלא אפ,מאפיית המכבים,IL,מארז 12 פיתות ביס מק,גרמים,600.00,100 גרם,false,,10.90,0.0182,true,1,1334722
7290003222070,false,פיתה עבודת יד 13 יח,מאפיית המכבים,IL,מארז פיתות 13 יח,גרמים,1360.00,100 גרם,false,,9.90,0.0073,true,1,1334723
7290003222094,false,מארז פיתות ביס עבודת,מאפיית טעמי הכפר,IL,מארז פיתות ביס עבודת,גרמים,550.00,100 גרם,false,,10.00,0.0182,true,1,1334724
7290003222568,false,פיתות המכבים 5 יח,מאפיית המכבים,IL,מארז 5 פיתות.,גרמים,500.00,100 גרם,false,,4.90,0.0098,true,1,1334727
7290003222780,false,פיתות קמח מלא המכבים,מאפיית המכבים,IL,מארז 5 פיתות כפריות,גרמים,500.00,100 גרם,false,,4.90,0.0098,true,1,1334729
7290003227013,false,LL-O ספרי דאו כתום 187 מל,,,דאודורנט לאבליין,מיליליטרים,150.00,"100 מ""ל",false,,19.90,0.1327,true,1,1327731
7290003227402,false,קרם גוף מידנייט,,,קרם גוף מידנייט,מיליליטרים,275.00,"100 מ""ל",false,,29.90,0.1087,true,1,1327732
7290003227822,false,דאודורנט קרם חלאבלין,,,דאודורנט קרם חלאבלין,יחידה,0.00,יחידה,false,,39.90,0.0000,true,1,1327733
7290003229109,false,פסטרמה בפפריקה טירת צבי 400 ג',הנסיך- מפעל לייצור ט,IL,פסטרמה בפפריקה 400 גרם טי,גרמים,400.00,100 גרם,false,,26.90,0.0672,true,1,1340569
7290003229116,false,פסטרמה בדבש טירת צבי 400 ג',הנסיך- מפעל לייצור ט,IL,פסטרמה בדבש 400 גרם טירת,גרמים,400.00,100 גרם,false,,26.90,0.0672,true,1,1340570
7290003229123,false,פסטרמה על גחלים טירת צבי 400 ג',הנסיך- מפעל לייצור ט,IL,פסטרמה גחלים 400 גרם טיר,גרמים,400.00,100 גרם,false,,26.90,0.0672,true,1,1340571
7290003229147,false,נקניק סלמי איטלקי טירת צבי 300 ג',הנסיך- מפעל לייצור ט,IL,סלמי בסגנון איטלקי 300 גר,גרמים,300.00,100 גרם,false,,24.90,0.0830,true,1,1340572
7290003229192,false,כתף בקר מעושן טירת צבי 400 ג' צבי,טיב טירת צבי 2000,IL,כתף בקר מעושן 400 גרם טיר,גרמים,400.00,100 גרם,false,,34.90,0.0872,true,1,1340575
7290003229215,false,פסטרמה איטלקית טירת צבי 360 ג',טירת- צבי,IL,פסטרמה בסגנון איטלקי 360,גרמים,360.00,100 גרם,false,,26.90,0.0747,true,1,1340577
7290003229222,false,סלמי תה מובחר 300 ג' טירת צבי,הנסיך- מפעל לייצור ט,IL,סלמי תה 300 גר' טירת צבי,גרמים,300.00,100 גרם,false,,22.90,0.0763,true,1,1340578
7290003251063,false,"שעווה טבעית 500 סמ""ק פח",ש.שוורץ,IL,שעווה דבש שוורץ פח,גרמים,500.00,100 גרם,false,,9.90,0.0198,true,1,1328034
7290003251070,false,"שעווה טבעית 500 סמ""ק למיקרוגל",ש.שוורץ,IL,ש.טבעית דבש לגוף 500 מיקר,גרמים,500.00,100 גרם,false,,9.90,0.0198,true,1,1328035
7290003251148,false,נייר לשעווה50 דף,ש.שוורץ,IL,נייר שעווה רגיל 50 דף,יח',50.00,יח',false,,10.90,0.2180,true,1,1328037
7290003251186,false,"מסיר לק ריחני 150 סמ""ק (צבעים)",ש.שוורץ,IL,"מסיר לק 150 סמ""ק",מיליליטרים,150.00,"100 מ""ל",false,,5.90,0.0393,true,1,1328038
7290003251537,false,"קרם ידיים אורגני טיובה 125 מ""ל",שוורץ,IL,ק.ידיים אורגני זית 125 טי,מיליליטרים,125.00,"100 מ""ל",false,,15.90,0.1272,true,1,1328044
7290003251797,false,"תחליב חמצן 9% 500 מ""",שוורץ,IL,"תח' חמ % 9 500 סמ""ק",מיליליטרים,500.00,"100 מ""ל",false,,9.90,0.0198,true,1,1328046
7290003251865,false,אבקת הבהרה לשיער בלו,ש.שוורץ,IL,אבקת הבהרה לשיער 10 גר בל,גרמים,10.00,100 גרם,false,,3.90,0.3900,true,1,1328048
7290003251933,false,"תחליב חמצן 6% 500 מ""",שוורץ,IL,"תח' חמ % 6 500 סמ""ק",מיליליטרים,500.00,"100 מ""ל",false,,9.90,0.0198,true,1,1328049
7290003258291,false,דאודורנט פנינה מס 3,ביסקול תמרוקים,IL,דאודורנט פנינה מס 3,מיליליטרים,150.00,"100 מ""ל",false,,15.90,0.1060,true,1,1348080
7290003258406,false,"פנינה וואקס בריליאנטין לשיער 100 מ""ל",א.ארמן,IL,ווקס לשיער פנינה,מיליליטרים,100.00,"100 מ""ל",false,,14.90,0.1490,true,1,1348081
7290003319084,false,מנישביץ גפילטע פיש צנצנת מנות מיוחד 12יח,דג טעים בעמ,IL,צנצנת 12 מנות-מיוחד,גרמים,980.00,100 גרם,false,,24.90,0.0254,true,1,1304911
7290003319091,false,צנצנת 14 יח גפילטעפי,דג טעים,IL,צנצנת 14 מנות-מיוחד,גרמים,1000.00,100 גרם,false,,24.90,0.0249,true,1,1304912
7290003319107,false,צנצנת 12 יח גפילטעפי,דג טעים,IL,צנצנת 12 מנות-גולד-מיוחד,גרמים,1000.00,100 גרם,false,,27.90,0.0279,true,1,1304913
7290003319121,false,צנצנת 4 יח גפילטעפיש,,,צנצנת 4 יח גפילטעפיש,גרמים,470.00,100 גרם,false,,13.90,0.0296,true,1,1304915
7290003319138,false,גפילטע פיש 6 קציצות הדג המיוחד 540 ג' PL,הדג המיוחד,IL,צנצנת 6 קציצות-PL,גרמים,570.00,100 גרם,false,,14.90,0.0261,true,1,1304916
7290003319169,false,קציצות גפילטעפיש 4 י,דג טעים,IL,צנצנת 4 מנות-גולד-מיוחד,גרמים,470.00,100 גרם,false,,14.90,0.0317,true,1,1304919
7290003319428,false,צנצנת 6 יח גפילטעפיש,דג טעים,IL,צנצנת 6 מנות-מיוחד,גרמים,610.00,100 גרם,false,,15.90,0.0261,true,1,1304922
7290003321155,false,יוגורט בר עם פקאן מצופה שוקולד 183 ג' דנונה,"שטראוס בריאות בע""מ",IL,בר פקאן בודד – מקט החזרות,גרמים,183.00,100 גרם,false,,4.50,0.0246,true,1,1341870
7290003321292,false,גבינה לבנה 9% שומן 250 ג' שטראוס,מיוצר עי קונדיטוריית,IL,סקי 9% 250 גרם,גרמים,250.00,100 גרם,false,,4.70,0.0188,true,1,1341871
7290003385881,false,במיה ברוטב עגבניות 600 ג' פרי הגליל,"פרי הגליל בע""""מ",IL,במיה ברוטב א -2פג,גרמים,540.00,100 גרם,false,,8.90,0.0165,true,1,1347292
7290003387205,false,דאו' ספיד סטיק בסיסי ירוק רגיל לגבר 63ג',הנסיך- מפעל לייצור ט,US,ספיד סטיק בסיסי ירוק רגיל,גרמים,56.60,100 גרם,false,,17.90,0.3163,true,1,1338668
7290003387373,false,ספיד סטיק קלאסיק בסיסי שחור סטיק,הנסיך- מפעל לייצור ט,US,ספיד סטיק בסיסי קלאסיק חד,גרמים,50.00,100 גרם,false,,17.90,0.3580,true,1,1338670
7290003387410,false,בלונס פדים להסרת איפור שלישיה,SEPTONA S.A.,GR,בלונס מסיר איפור שלשות,יח',3.00,יח',false,,18.90,6.3000,true,1,1338671
7290003400500,false,חטיף קרמל ובוטנים נא,הרשי,US,חטיף ריסס נאטרייגס 47 גרם,גרמים,47.00,100 גרם,false,,3.90,0.0830,true,1,1326366
7290003401369,false,"קרם לחות ועיצוב לשיער חוחובה נטורל 400 מ""ל",מיוצר עי אמיליה קוסמ,IL,קרם לחות לשיער חוחובה400,מיליליטרים,400.00,"100 מ""ל",false,,17.90,0.0447,true,1,1344506
7290003401376,false,"קרם לחות ועיצוב לשיער אלוורה נטורל 400 מ""ל",מיוצר עי אמיליה קוסמ,IL,קרם לחות אלוורה לשיער400,מיליליטרים,400.00,"100 מ""ל",false,,17.90,0.0447,true,1,1344507
7290003401420,false,"קרם לחות לשיער סיליקון כתום נטורל 400 מ""ל",מיוצר עי אמיליה קוסמ,IL,ק.לחות סיליקון לשיער400מ,מיליליטרים,400.00,"100 מ""ל",false,,17.90,0.0447,true,1,1344508
7290003401666,false,"נטורל - ווקס לשיער לברק חזק 120 מ""ל",,,ווקס לשיער לברק חזק,מיליליטרים,150.00,"100 מ""ל",false,,24.90,0.1660,true,1,1344511
7290003402809,false,חטיף שוקולד לבן במיל,Unknown,,חטיף שוקולד לבן במיל,גרמים,39.00,100 גרם,false,,4.90,0.1256,true,1,2245153
7290003409044,false,"בקר טחון 1 ק""ג ארוז",,,"בקר טחון 1 ק""ג ארוז",גרמים,1000.00,100 גרם,false,,39.90,0.0399,true,1,1360822
7290003409068,false,בורגר בקר משפחתי 2 ק,,,בורגר בקר משפחתי 2 ק,גרמים,2000.00,100 גרם,false,,49.90,0.0249,true,1,1360824
7290003409099,false,בשר בקר לחמין,,,בשר בקר לחמין,קילוגרמים,1.00,"ק""ג",true,,39.90,39.9000,true,1,1360827
7290003409105,false,בורגר אנטריקוט 500 ג,,,בורגר אנטריקוט 500 ג,גרמים,500.00,100 גרם,false,,34.90,0.0698,true,1,1360828
7290003409143,false,נקניקיות מיני מרגז 5,,,נקניקיות מיני מרגז 5,גרמים,500.00,100 גרם,false,,29.90,0.0598,true,1,1360831
7290003409198,false,פילה אמנון 7/9 עם עו,,,פילה אמנון 7/9 עם עו,קילוגרמים,1.00,"ק""ג",true,,29.90,29.9000,true,1,1349215
7290003409211,false,פילה לברק מעדני הים,,,פילה לברק מעדני הים,קילוגרמים,1.00,"ק""ג",true,,39.90,39.9000,true,1,1349217
7290003409365,false,סטייק עין 800 גרם,,,סטייק עין 800 גרם,גרמים,800.00,100 גרם,false,,79.00,0.0988,true,1,1360841
7290003409389,false,בורגר עוף 400 גרם,,,בורגר עוף 400 גרם,גרמים,400.00,100 גרם,false,,19.90,0.0497,true,1,1360843
7290003409396,false,קבב עוף 400 גרם,,,קבב עוף 400 גרם,גרמים,400.00,100 גרם,false,,19.90,0.0497,true,1,1360844
7290003409402,false,פילה סלמון נורבגי קפ,,,פילה סלמון נורבגי קפ,קילוגרמים,1.00,"ק""ג",true,,69.90,69.9000,true,1,1360845
7290003409426,false,שווארמה הודו מתובלת,,,שווארמה הודו מתובלת,גרמים,500.00,100 גרם,false,,29.90,0.0598,true,1,1360846
7290003409655,false,פילה אמנון 7-9 ללא ע,,,פילה אמנון 7-9 ללא ע,קילוגרמים,1.00,"ק""ג",true,,39.90,39.9000,true,1,1504573
7290003409662,false,נקניקיות מרגז עגל חל,,,נקניקיות מרגז עגל חל,גרמים,500.00,100 גרם,false,,29.90,0.0598,true,1,1582929
7290003409679,false,קבב יווני 400 גרם,,,קבב יווני 400 גרם,יח',1.00,יח',false,,24.90,24.9000,true,1,1697875
7290003409686,false,פילה סלמון מנות מעדנ,,,פילה סלמון מנות מעדנ,גרמים,600.00,100 גרם,false,,49.90,0.0832,true,1,1813417
7290003409693,false,נקניקיות מיני מרגז ע,,,נקניקיות מיני מרגז ע,גרמים,500.00,100 גרם,false,,29.90,0.0598,true,1,1801435
7290003409747,false,צוואר בשר מס' 10,,,צוואר בשר מס' 10,קילוגרמים,1.00,"ק""ג",true,,29.90,29.9000,true,1,1711937
7290003409785,false,חזה בקר בשר מס' 3,,,חזה בקר בשר מס' 3,קילוגרמים,1.00,"ק""ג",true,,29.90,29.9000,true,1,1814049
7290003409792,false,פילה אמנון 9/11 ג'מב,,,פילה אמנון 9/11 ג'מב,קילוגרמים,1.00,"ק""ג",true,,39.90,39.9000,true,1,1900707
7290003409808,false,צלעות עגל בשר מס' 2,,,צלעות עגל בשר מס' 2,קילוגרמים,1.00,"ק""ג",true,,39.90,39.9000,true,1,1834210
7290003409907,false,קבב ג'מבו רומני 500,,,קבב ג'מבו רומני 500,גרמים,500.00,100 גרם,false,,29.90,0.0598,true,1,2236877
7290003409914,false,קבב ג'מבו טורקי 500,,,קבב ג'מבו טורקי 500,גרמים,500.00,100 גרם,false,,29.90,0.0598,true,1,2236878
7290003409921,false,קבב ג'מבו עיראקי 500,,,קבב ג'מבו עיראקי 500,גרמים,500.00,100 גרם,false,,29.90,0.0598,true,1,2236879
7290003409945,false,קבב ג'מבו כבש 500 גר,,,קבב ג'מבו כבש 500 גר,גרמים,500.00,100 גרם,false,,29.90,0.0598,true,1,2236881
7290003409952,false,כנפיים עוף חצוי קפוא,,,כנפיים עוף חצוי קפוא,קילוגרמים,1.00,"ק""ג",true,,9.90,9.9000,true,1,2407685
7290003409969,false,סינטה דק דק 250 גרם,,,סינטה דק דק 250 גרם,גרמים,250.00,100 גרם,false,,24.90,0.0996,true,1,2366403
7290003409976,false,בורגר מסעדות 500 גרם,מעדני הגליל,,בורגר מסעדות 500 גרם,גרמים,500.00,100 גרם,false,,29.90,0.0598,true,1,2399850
7290003411054,false,שקיות צליה גדול דליקטס רוסטי הנמל 5יח`,סאדאת איסטנבול,TR,שקיות לצליה גדול,יח',5.00,יח',false,,4.90,0.9800,true,1,1321423
7290003411528,false,מלית קינמון פוליבה 450 ג',"פוליבה בע""מ",IL,מלית קינמון,גרמים,450.00,100 גרם,false,,10.90,0.0242,true,1,1321435
7290003411566,false,צמרוני אוזניים עץ הנ,שוורצקוף& הנקל דיסלד,CN,צמרוני עץ לאוזנים,יח',200.00,יח',false,,1.90,0.0095,true,1,1321436
7290003411726,false,קיסמי שיניים מלחיה הנמל 300יח',הנמל אריזות ושיווק ב,IL,קיסמי מלחיה 300 יח,יח',300.00,יח',false,,2.90,0.0097,true,1,1321441
7290003411832,false,גרנולה אגוזים 400 ג' הנמל,,,גרנולה אגוזים.,גרמים,400.00,100 גרם,false,,9.90,0.0248,true,1,1321444
7290003411849,false,גרנולה תמרים ושקדים 400 ג',,,גרנולה תמרים.,גרמים,400.00,100 גרם,false,,9.90,0.0248,true,1,1321445
7290003411856,false,"גרנולה תפו""ע וקינמון 400 ג'",,,גרנולה תפוחי עץ.,גרמים,400.00,100 גרם,false,,9.90,0.0248,true,1,1321446
7290003411948,false,צמר גפן הנמל 100 גרם,ספה,TR,צמר-גפן,גרמים,100.00,100 גרם,false,,3.90,0.0390,true,1,1321447
7290003411993,false,גפרורים הנמל 10 יחיד,"איטיליאן פוד, אס.פי.",SE,גפרורים 10 יחידות,יח',10.00,יח',false,,2.00,0.2000,true,1,1321448
7290003414406,false,הרשי ריזס נטיפי אפייה בוטנים 283 גר',,,נטיפים לאפייה חמאת ב,גרמים,283.00,100 גרם,false,,11.90,0.0420,true,1,1821702
7290003415076,false,עצמות עגל קפוא ארוז,,,עצמות עגל קפוא ארוז,קילוגרמים,1.00,"ק""ג",true,,19.90,19.9000,true,1,1360851
7290003415120,false,סטייק אנטריקוט דק דק,,,סטייק אנטריקוט דק דק,גרמים,250.00,100 גרם,false,,24.90,0.0996,true,1,1360853
7290003415144,false,שווארמה עוף מתובלת 5,,,שווארמה עוף מתובלת 5,גרמים,500.00,100 גרם,false,,29.90,0.0598,true,1,2411549
7290003415151,false,כתף טלה,,,כתף טלה,קילוגרמים,1.00,"ק""ג",true,,79.90,79.9000,true,1,2434716
7290003415229,false,שומן כבש,,,שומן כבש,קילוגרמים,1.00,"ק""ג",true,,69.90,69.9000,true,1,1360856
7290003415434,false,כבד עוף קפוא ארוז,,,כבד עוף קפוא ארוז,קילוגרמים,1.00,"ק""ג",true,,24.90,24.9000,true,1,1360864
7290003415564,false,גרון עוף ארוז,,,גרון עוף ארוז,קילוגרמים,1.00,"ק""ג",true,,3.90,3.9000,true,1,1360872
7290003415571,false,צלי כתף עגל מוכשר אר,,,צלי כתף עגל מוכשר אר,קילוגרמים,1.00,"ק""ג",true,,59.90,59.9000,true,1,1360873
7290003415625,false,שיפודי פרגיות קפוא א,,,שיפודי פרגיות קפוא א,קילוגרמים,1.00,"ק""ג",true,,59.90,59.9000,true,1,1360875
7290003415632,false,סטייק פרגיות קפוא אר,,,סטייק פרגיות קפוא אר,קילוגרמים,1.00,"ק""ג",true,,69.90,69.9000,true,1,1360876
7290003415656,false,עדשים שחורות 500 גרם,,,עדשים שחורות 500 גרם,גרמים,500.00,100 גרם,false,,7.90,0.0158,true,1,1364154
7290003415663,false,עוף טחון קפוא 500 גר,,,עוף טחון קפוא 500 גר,גרמים,500.00,100 גרם,false,,14.90,0.0298,true,1,1360877
7290003415670,false,סטייק אנטריקוט קפוא,,,סטייק אנטריקוט קפוא,קילוגרמים,1.00,"ק""ג",true,,99.00,99.0000,true,1,1360878
7290003415687,false,לשון עגל קפוא ארוז,,,לשון עגל קפוא ארוז,קילוגרמים,1.00,"ק""ג",true,,49.90,49.9000,true,1,1360879
7290003415694,false,בשר ראש קפוא ארוז,,,בשר ראש קפוא ארוז,קילוגרמים,1.00,"ק""ג",true,,49.90,49.9000,true,1,1360880
7290003415724,false,סטייק עוף ארוז קפוא,,,סטייק עוף ארוז קפוא,קילוגרמים,1.00,"ק""ג",true,,21.90,21.9000,true,1,1360883
7290003415762,false,רוסטביף קפוא ארוז,,,רוסטביף קפוא ארוז,קילוגרמים,1.00,"ק""ג",true,,49.90,49.9000,true,1,1360886
7290003415809,false,אצבעות אנטריקוט מעדנ,,,אצבעות אנטריקוט מעדנ,קילוגרמים,1.00,"ק""ג",true,,59.90,59.9000,true,1,1360888
7290003415847,false,נקניקיות מרגז 500 גר,,,נקניקיות מרגז 500 גר,גרמים,500.00,100 גרם,false,,29.90,0.0598,true,1,1360890
7290003415854,false,נקניקיות צ'וריסוס 50,,,נקניקיות צ'וריסוס 50,גרמים,500.00,100 גרם,false,,29.90,0.0598,true,1,1360891
7290003415878,false,קורנדביף קפוא ארוז,,,קורנדביף קפוא ארוז,קילוגרמים,1.00,"ק""ג",true,,49.90,49.9000,true,1,1360892
7290003415885,false,קישקע קפוא ארוז 500,,,קישקע קפוא ארוז 500,גרמים,500.00,100 גרם,false,,19.90,0.0398,true,1,1360893
7290003415922,false,טבעות בקר קפוא ארוז,,,טבעות בקר קפוא ארוז,קילוגרמים,1.00,"ק""ג",true,,59.00,59.0000,true,1,1360897
7290003415977,false,סטייק אנטריקוט דרום,,,סטייק אנטריקוט דרום,קילוגרמים,1.00,"ק""ג",true,,79.90,79.9000,true,1,1360901
7290003415991,false,כתף עגל בשר מס' 4,,,כתף עגל בשר מס' 4,קילוגרמים,1.00,"ק""ג",true,,49.90,49.9000,true,1,1910052
7290003423909,false,הרשי חטיף קוקיס&קרם לבן 43 גרם,הרשי,US,קוקיז אנד קרים הרשי 43 גר,גרמים,43.00,100 גרם,false,,4.90,0.1140,true,1,1326367
7290003438006,false,ממרח אולביה פסטו וצנובר איטלקי 190ג',מיוצר עי קונדיטוריית,IL,פסטו איטלקי,גרמים,180.00,100 גרם,false,,12.90,0.0717,true,1,1309044
7290003438013,false,ממרח זיתים ירוקים 190 ג' אוליביה,קריות זול,IL,ממרח זיתים ירוקים,גרמים,190.00,100 גרם,false,,12.90,0.0679,true,1,1309045
7290003438020,false,ממרח עגבניות מיובשות 190 ג' אוליביה,מיוצר עי קונדיטוריית,IL,ממרח עגבניות מיובשות,גרמים,190.00,100 גרם,false,,12.90,0.0679,true,1,1309046
7290003438709,false,ממרח אולביה זיתים שחורים וירוקים 190 ג',גוד פוד פרודקטס S.p,IL,ממרח זיתים,גרמים,190.00,100 גרם,false,,12.90,0.0679,true,1,1309056
7290003438853,false,אוליביה ממרח אריסה חריפה 185 גר ',אוליביה,IL,אריסה חריפה 185 גרם,גרמים,180.00,100 גרם,false,,12.90,0.0717,true,1,1309057
7290003444009,false,ריזס חטיף שוקולד 42 גרם,הרשי,US,חטיף ריזס שוקולד חלב 42,גרמים,42.00,100 גרם,false,,3.90,0.0929,true,1,1326369
7290003450602,false,חרדל אמיתי צהוב בקבוק לחיץ 255 גר,היינץ צפון אמריקה -,US,חרדל אמיתי לחיץ 255,גרמים,255.00,100 גרם,false,,7.90,0.0310,true,1,1306796
7290003458059,false,עצם ברך בקר,,,עצם ברך בקר,קילוגרמים,1.00,"ק""ג",true,,29.90,29.9000,true,1,2477146
7290003458066,false,פילה מדומה מס.6 קפוא,,,פילה מדומה מס.6 קפוא,קילוגרמים,1.00,"ק""ג",true,,49.90,49.9000,true,1,2487619
7290003458073,false,טחון בקר עם שומן כבש,,,טחון בקר עם שומן כבש,גרמים,500.00,100 גרם,false,,24.90,0.0498,true,1,2457301
7290003458103,false,אסאדו טלה עם עצם קפו,,,אסאדו טלה עם עצם קפו,קילוגרמים,1.00,"ק""ג",true,,49.00,49.0000,true,1,2546429
7290003458110,false,נקניקיות צ'וריסוס עו,,,נקניקיות צ'וריסוס עו,גרמים,500.00,100 גרם,false,,24.90,0.0498,true,1,2546435
7290003475124,false,עננים צמר גפן 100 גר',קריות זול,GR,עננים צמר גפן 100 גרם,גרמים,100.00,100 גרם,false,,5.90,0.0590,true,1,1338672
7290003485017,false,קווקר דק 500 גרם.,,,קווקר דק 500 גרם.,גרמים,500.00,100 גרם,false,,4.90,0.0098,true,1,1364155
7290003485024,false,קווקר עבה 500 גרם.,,,קווקר עבה 500 גרם.,גרמים,500.00,100 גרם,false,,4.90,0.0098,true,1,1345120
7290003485031,false,בורגול עבה 500 גרם.,,,בורגול עבה 500 גרם.,גרמים,500.00,100 גרם,false,,4.90,0.0098,true,1,1345121
7290003485048,false,כוסמת קלויה 500 גרם.,,,כוסמת קלויה 500 גרם.,גרמים,500.00,100 גרם,false,,5.90,0.0118,true,1,1364156
7290003485055,false,"אורז תאילנדי 1 ק""ג",,,"אורז תאילנדי 1 ק""ג",קילוגרמים,1.00,"ק""ג",false,,8.90,8.9000,true,1,1364157
7290003485123,false,חזה עוף קפוא ארוז,,,חזה עוף קפוא ארוז,קילוגרמים,1.00,"ק""ג",true,,19.90,19.9000,true,1,1360904
7290003485147,false,"אורז יסמין 1 ק""ג",,,"אורז יסמין 1 ק""ג",קילוגרמים,1.00,"ק""ג",false,,9.90,9.9000,true,1,1350432
7290003485161,false,כרעיים עוף קפוא ארוז,,,כרעיים עוף קפוא ארוז,קילוגרמים,1.00,"ק""ג",true,,24.90,24.9000,true,1,1360905
7290003485185,false,"אורז ריזוטו 1 ק""ג",,,"אורז ריזוטו 1 ק""ג",קילוגרמים,1.00,"ק""ג",false,,9.90,9.9000,true,1,1328444
7290003485192,false,"אורז בסמטי 1 ק""ג",,,"אורז בסמטי 1 ק""ג",קילוגרמים,1.00,"ק""ג",false,,9.90,9.9000,true,1,1333287
7290003485208,false,"אורז פלא 1 ק""ג",,,"אורז פלא 1 ק""ג",קילוגרמים,1.00,"ק""ג",false,,8.90,8.9000,true,1,1333288
7290003485215,false,"אורז לסושי 1 ק""ג",,,"אורז לסושי 1 ק""ג",קילוגרמים,1.00,"ק""ג",false,,8.90,8.9000,true,1,1328445
7290003485222,false,"סוכר 1 ק""ג",סוגת תעשיות,IL,"סוכר 1 ק""ג - חצי חינם",קילוגרמים,1.00,"ק""ג",false,,3.90,3.9000,true,1,1333135
7290003485260,false,שוקיים עוף קפוא ארוז,,,שוקיים עוף קפוא ארוז,קילוגרמים,1.00,"ק""ג",true,,29.90,29.9000,true,1,1360907
7290003485277,false,כנפיים עוף קפוא ארוז,,,כנפיים עוף קפוא ארוז,קילוגרמים,1.00,"ק""ג",true,,7.90,7.9000,true,1,1360908
7290003485284,false,שניצל עוף קפוא ארוז,,,שניצל עוף קפוא ארוז,קילוגרמים,1.00,"ק""ג",true,,34.90,34.9000,true,1,1360909
7290003485307,false,"אורז מלא 1 ק""ג",,,"אורז מלא 1 ק""ג",קילוגרמים,1.00,"ק""ג",false,,8.90,8.9000,true,1,1328447
7290003485314,false,בורגול דק 500 גרם.,,,בורגול דק 500 גרם.,גרמים,500.00,100 גרם,false,,4.90,0.0098,true,1,1364158
7290003485321,false,חיטה 500 גרם.,,,חיטה 500 גרם.,גרמים,500.00,100 גרם,false,,4.90,0.0098,true,1,1364159
7290003485338,false,לוביה 500 גרם,,,לוביה 500 גרם,גרמים,500.00,100 גרם,false,,6.90,0.0138,true,1,1334496
7290003485345,false,גריסים 500 גרם,,,גריסים 500 גרם,גרמים,500.00,100 גרם,false,,4.90,0.0098,true,1,1333289
7290003485352,false,"אורז עגול 1 ק""ג",,,"אורז עגול 1 ק""ג",קילוגרמים,1.00,"ק""ג",false,,8.90,8.9000,true,1,1328448
7290003485369,false,חומוס גדול 500 גרם,,,חומוס גדול 500 גרם,גרמים,500.00,100 גרם,false,,9.90,0.0198,true,1,1364160
7290003485376,false,פול קטן 500 גרם,,,פול קטן 500 גרם,גרמים,500.00,100 גרם,false,,4.90,0.0098,true,1,1333290
7290003485383,false,פול גדול 500 גרם,,,פול גדול 500 גרם,גרמים,500.00,100 גרם,false,,8.90,0.0178,true,1,1345122
7290003485390,false,עדשים אדומות 500 גרם,,,עדשים אדומות 500 גרם,גרמים,500.00,100 גרם,false,,5.90,0.0118,true,1,1364161
7290003485406,false,עדשים ירוקות 500 גרם,,,עדשים ירוקות 500 גרם,גרמים,500.00,100 גרם,false,,5.90,0.0118,true,1,1364162
7290003485413,false,פופקורן 500 גרם,,,פופקורן 500 גרם,גרמים,500.00,100 גרם,false,,6.90,0.0138,true,1,1323289
7290003485499,false,מש 500 גרם,,,מש 500 גרם,גרמים,500.00,100 גרם,false,,5.90,0.0118,true,1,1334498
7290003485505,false,שעועית אדומה 500 גרם,,,שעועית אדומה 500 גרם,גרמים,500.00,100 גרם,false,,6.90,0.0138,true,1,1345123
7290003485512,false,שעועית חומה 500 גרם,,,שעועית חומה 500 גרם,גרמים,500.00,100 גרם,false,,6.90,0.0138,true,1,1333291
7290003485529,false,שעועית אמריקאית 500,,,שעועית אמריקאית 500,גרמים,500.00,100 גרם,false,,6.90,0.0138,true,1,1364163
7290003485536,false,שעועית גדולה 500 גרם,,,שעועית גדולה 500 גרם,גרמים,500.00,100 גרם,false,,7.90,0.0158,true,1,1328449
7290003485543,false,אפונה 500 גרם,,,אפונה 500 גרם,גרמים,500.00,100 גרם,false,,4.90,0.0098,true,1,1364164
7290003485567,false,תורמוס 500 גרם,,,תורמוס 500 גרם,גרמים,500.00,100 גרם,false,,4.90,0.0098,true,1,1345124
7290003485574,false,שעועית ארגנטינאית 50,,,שעועית ארגנטינאית 50,גרמים,500.00,100 גרם,false,,5.90,0.0118,true,1,1334499
7290003485666,false,חומוס גרגרים 500 גרם,,,חומוס גרגרים 500 גרם,גרמים,500.00,100 גרם,false,,6.90,0.0138,true,1,1334501
7290003485680,false,קוקוס טחון 200 גרם,,,קוקוס טחון 200 גרם,גרמים,200.00,100 גרם,false,,5.90,0.0295,true,1,1334502
7290003485697,false,שומשום 200 גרם,,,שומשום 200 גרם,גרמים,200.00,100 גרם,false,,4.90,0.0245,true,1,1334503
7290003485734,false,דוחן 500 גרם,,,דוחן 500 גרם,גרמים,500.00,100 גרם,false,,5.90,0.0118,true,1,1364166
7290003485796,false,"אורז פרסי 1 ק""ג",,,"אורז פרסי 1 ק""ג",גרמים,1000.00,100 גרם,false,,9.90,0.0099,true,1,1328451
7290003514007,false,שקדי מרק מאסטר שף 40,מנה Mana,IL,מנה שקדי מרק מנה 400 גרם,גרמים,400.00,100 גרם,false,,8.90,0.0223,true,1,1338673
7290003521074,false,"ד""ר פישר - סרקל מרכך שיער לילדים 1 ליטר",הדקלאים אגודת שיתופי,IL,סרקל מעצב ליטר,ליטרים,1.00,ליטר,false,,28.90,28.9000,true,1,1351872
7290003521081,false,"ד""ר פישר - סרקל שמפו לילדים 1 ליטר","ד""ר פישר Dr fischer",IL,סרקל שמפו ליטר,ליטרים,1.00,ליטר,false,,28.90,28.9000,true,1,1351873
7290003521166,false,"ד""ר פישר - סרקל קרם רוזמרין לילדים 325 מ""ל",פישר מעבדות פרמצבטיו,IL,"סרקל קרם רוזמרין 325מ""ל",גרמים,325.00,100 גרם,false,,22.90,0.0705,true,1,1351874
7290003521180,false,סרקל שמפו+מרכך 500מל,"ד""ר פישר Dr fischer",IL,"סרקל שמפו+מעצב 500 מ""ל",מיליליטרים,500.00,"100 מ""ל",false,,18.90,0.0378,true,1,1351875
7290003521197,false,"ד""ר פישר - סרקל תרסיס מתיר קשרים 340 מ""ל",פישר מעבדות פרמצבטיו,IL,"סרקל מתיר קשרים 340מ""ל",מיליליטרים,340.00,"100 מ""ל",false,,22.90,0.0674,true,1,1351876
7290003521203,false,שמפו לילדים סרקל 2ל',"ד""ר פישר Dr fischer",IL,סרקל שמפו 2 ליטר,ליטרים,2.00,ליטר,false,,44.90,22.4500,true,1,1351877
7290003521210,false,סרקל מרכך שיער לילדים 2 ל',פישר מעבדות פרמצבטיו,IL,סרקל מעצב 2 ליטר,ליטרים,2.00,ליטר,false,,44.90,22.4500,true,1,1351878
7290003521340,false,קמיל בלו אל סבון 2 ל',פישר מעבדות פרמצבטיו,IL,קמיל בלו קלאסיק 2 ליטר,ליטרים,2.00,ליטר,false,,36.90,18.4500,true,1,1351879
7290003521395,false,קמיל בלו אל סבון ורוד 2 ל',פישר מעבדות פרמצבטיו,IL,קמיל בלו סנסיטיב אל סבון,ליטרים,2.00,ליטר,false,,42.90,21.4500,true,1,1351881
7290003521418,false,מילוי מגבונים 72 יחי,,,מילוי מגבונים 72 יחי,יח',72.00,יח',false,,9.90,0.1375,true,1,1351883
7290003521463,false,קמיל בלו שמפו שיער אל דמע 2 ליטר,פישר מעבדות פרמצבטיו,IL,ק.ב סנסטיב אל דמע 2 ליטר,ליטרים,2.00,ליטר,false,,42.90,21.4500,true,1,1351884
7290003522606,false,"ד""ר פישר - מגבונים לניקוי משטחים 160 יח'","ד""ר פישר Dr fischer",IL,20 אלכוויפס מגבונים לשמיר,100 יח',160.00,100 יח',false,,19.90,0.1244,true,1,1391918
7290003550753,false,טונה פוסידון בשמן רביעיה *108 ג',"מיוצר עי וליגר בעמ,",IL,מארז 4 טונה פוסידון,גרמים,432.00,100 גרם,false,,19.90,0.0461,true,1,1329533
7290003561926,false,עוגת קראנץ' שוקולד,,,עוגת קראנץ' שוקולד,יחידה,0.00,יחידה,false,,29.90,0.0000,true,1,1305550
7290003578108,false,אננס חתיכות ויליפוד 850 ג',טקרנג פינאפל אינדסטר,TH,אננס חתוך 850גרם,גרמים,850.00,100 גרם,false,,8.90,0.0105,true,1,1308734
7290003578290,false,איטריות אורז 300 גרם,פוגיאן לונגהאי אנליד,CN,מקלוני אורז 300גרם (24),גרמים,300.00,100 גרם,false,,5.90,0.0197,true,1,1308737
7290003578313,false,דובדבנים חמוצים ללא חרצנים 680גר,דל מונטה היילס אס.אי,HU,דובדבנים ללא חרצנים 680גר,גרמים,680.00,100 גרם,false,,9.90,0.0146,true,1,1308738
7290003578672,false,שמן חמניות מזוכך ויליפוד 1 ל',וילי פוד,TR,שמן חמניות 1 ליטר,ליטרים,1.00,ליטר,false,,11.90,11.9000,true,1,2493197
7290003643004,false,"אורז בסמטי קלאסי 1 ק""ג סוגת",האי נאם סי או אל.טי.,IL,"אורז בסמטי 1 ק""ג",קילוגרמים,1.00,"ק""ג",false,,12.90,12.9000,true,1,1333136
7290003643325,false,קוסקוס בינוני 350 גרם סוגת,קריות זול,IL,קוסקוס בינוני 350 גרם,גרמים,350.00,100 גרם,false,,4.90,0.0140,true,1,1333139
7290003643387,false,"סוכר לבן בצנצנת 1 ק""ג סוגת",האי נאם סי או אל.טי.,IL,סוכר לבן בצנצנת 1 קג,קילוגרמים,1.00,"ק""ג",false,,9.90,9.9000,true,1,1333141
7290003643646,false,"סוכר דמררה קלאסי בצנצנת סוגת 1 ק""ג",האי נאם סי או אל.טי.,IL,סוכר חום דמררה צנצנת 1 קג,קילוגרמים,1.00,"ק""ג",false,,12.90,12.9000,true,1,1333142
7290003643684,false,אפונה יבשה סוגת 500 גר',האי נאם סי או אל.טי.,IL,אפונה 500 גרם,יחידה,0.00,יחידה,false,,6.90,0.0000,true,1,2396208
7290003643714,false,חומוס סוגת 500 גרם,האי נאם סי או אל.טי.,IL,חומוס 500 גרם,יחידה,0.00,יחידה,false,,7.90,0.0000,true,1,2396210
7290003643738,false,סוגת חיטה 500 גרם,האי נאם סי או אל.טי.,IL,חיטה 500 גרם,גרמים,500.00,100 גרם,false,,4.90,0.0098,true,1,2396211
7290003643752,false,עדשים ירוקים יבש סוגת 500 גר',האי נאם סי או אל.טי.,IL,עדשים ירוקות 500 גרם,גרמים,500.00,100 גרם,false,,7.90,0.0158,true,1,2396213
7290003643769,false,עדשים אדומים יבש סוגת 500 גר',"סוגת תעשיות בע""מ",IL,עדשים אדומות 500 גרם,גרמים,500.00,100 גרם,false,,6.90,0.0138,true,1,2396214
7290003643776,false,"פופקורן גרעינים סוגת 500 ג' כשל""פ",האי נאם סי או אל.טי.,IL,פופקורן 500 גרם,יחידה,0.00,יחידה,false,,5.90,0.0000,true,1,2396215
7290003643806,false,שעועית לבנה יבשה סוגת 500 ג',האי נאם סי או אל.טי.,IL,שעועית לבנה 500 גרם,גרמים,500.00,100 גרם,false,,7.90,0.0158,true,1,2396216
7290003643820,false,חומוס ענק יבש סוגת 500 גרם,Unknown,,חומוס ענק 500 גרם,יחידה,0.00,יחידה,false,,9.90,0.0000,true,1,2396217
7290003679270,false,מנגט פרחוני מס 2,,,מנגט פרחוני מס 2,יחידה,0.00,יחידה,false,,5.90,0.0000,true,1,1342288
7290003679287,false,מנגט פרחוני מס.3,,,מנגט פרחוני מס.3,יחידה,0.00,יחידה,false,,7.90,0.0000,true,1,1342289
7290003679324,false,מנגט עוגיות כסף קטן,,,מנגט עוגיות כסף קטן,יח',60.00,יח',false,,7.90,0.1317,true,1,1342293
7290003679355,false,מנגט עוגיות כסף מס.2,,,מנגט עוגיות כסף מס.2,יחידה,0.00,יחידה,false,,9.90,0.0000,true,1,1342296
7290003679591,false,מנגט עוגיות מס. 3,,,מנגט עוגיות מס. 3,יחידה,0.00,יחידה,false,,8.90,0.0000,true,1,1342305
7290003681006,false,צימוקים לבנים 200גרם בד''ץ,מיה תעשיות מזון,IL,צימוקים לבנים 200גרם בד'',גרמים,200.00,100 גרם,false,,9.90,0.0495,true,1,1334061
7290003681167,false,לדר משמש,מיה תעשיות מזון,IL,לדר משמש 100גרם,גרמים,100.00,100 גרם,false,,7.90,0.0790,true,1,1334066
7290003681211,false,צנובר מיה 80 גרם,מיה תעשיות מזון,IL,צנובר 100גרם,גרמים,80.00,100 גרם,false,,19.90,0.2487,true,1,1334068
7290003681228,false,תבלין עלי דפנה 10 גר' מיה,מיה תעשיות מזון בעמ,IL,עלי דפנה 10גרם,גרמים,10.00,100 גרם,false,,6.90,0.6900,true,1,1334069
7290003681235,false,תבלין פלפל אנגלי 50 גר' מיה,מיה תעשיות מזון,IL,פלפל אנגלי 50גרם,גרמים,50.00,100 גרם,false,,6.90,0.1380,true,1,1334070
7290003681242,false,תבלין זעתר 50 גר' מיה,מיה תעשיות מזון בעמ,IL,זעתר 50גרם,גרמים,50.00,100 גרם,false,,6.90,0.1380,true,1,1334071
7290003681259,false,תבלין שביבי שום בשקית 50 גר' מיה,מיה תעשיות מזון,IL,שבבי שום 50גרם,גרמים,50.00,100 גרם,false,,8.90,0.1780,true,1,1334072
7290003681334,false,קוקוס טחון 400 גרם ב,מיה,IL,קוקוס טחון 400 גרם ב,גרמים,400.00,100 גרם,false,,9.90,0.0248,true,1,2545477
7290003681341,false,קונפיטורה תות מיה 340 גר',מיה תעשיות מזון בעמ,IL,קונפיטורה תות 340גרם,גרמים,340.00,100 גרם,false,,12.90,0.0379,true,1,1334074
7290003681365,false,סוכריות קישוט לעוגה צבעוני 70 גר' מיה,מיה תעשיות מזון,IL,קישוט לעוגה צבעוני בצנצנת,גרמים,80.00,100 גרם,false,,3.90,0.0487,true,1,1334075
7290003681532,false,דובדבנים מסוכרים 80 גר' מיה,מיה תעשיות מזון,IL,דובדבנים מסוכרים 80גרם,גרמים,80.00,100 גרם,false,,6.90,0.0863,true,1,1334079
7290003681730,false,תבלין גריל דג 80 גר' מיה,מיה תעשיות מזון בעמ,IL,גריל דג 80גרם,גרמים,80.00,100 גרם,false,,6.90,0.0863,true,1,1334086
7290003681747,false,תבלין גריל בשר בשקית 80 גר' מיה,מיה תעשיות מזון בעמ,IL,גריל בשר 80גרם,גרמים,80.00,100 גרם,false,,6.90,0.0863,true,1,1334087
7290003681754,false,אבקת קארי 80גרם צנצנת,מיה תעשיות מזון בעמ,IL,אבקת קארי 80גרם,גרמים,80.00,100 גרם,false,,6.90,0.0863,true,1,1334088
7290003681761,false,תבלין גבישי שום 80 גר' מיה,מיה תעשיות מזון בעמ,IL,גבישי שום 80גרם,גרמים,80.00,100 גרם,false,,9.90,0.1238,true,1,1334089
7290003681792,false,סוכריות טופי פירות 850 ג' מיה,מיה תעשיות מזון בעמ,IL,טופי פירות 850גרם,גרמים,850.00,100 גרם,false,,14.90,0.0175,true,1,1334091
7290003681921,false,"סוכריות טופי פירות מיה 200 ג' בד""ץ'",מיה תעשיות מזון,IL,טופי 200גרם בד''ץ,גרמים,200.00,100 גרם,false,,3.90,0.0195,true,1,1334095
7290003726592,false,טופו מתובל בפסטו במרקם קלאסי,משק וואיילר,IL,גבינת טופו ויילר בטע,גרמים,300.00,100 גרם,false,,12.90,0.0430,true,1,2337579
7290003726615,false,טופו הבית משק ויילר,הדקלאים אגודת שיתופי,IL,גבינת טופו ויילר 300,גרמים,300.00,100 גרם,false,,12.90,0.0430,true,1,2337573
7290003726622,false,טופו פיקנטי 300 ג' משק ויילר,משק וואיילר,IL,גבינת טופו משק ויילר,גרמים,300.00,100 גרם,false,,12.90,0.0430,true,1,2499802
7290003726684,false,טופו חומוס בטעם טבעי 300 ג' משק ויילר,הנסיך- מפעל לייצור ט,IL,טופו חומוס בטעם טבעי,גרמים,300.00,100 גרם,false,,12.90,0.0430,true,1,2395138
7290003744428,false,אובלטים מלוחים דקיקי,,,אובלטים קימל 300 גרם,גרמים,300.00,100 גרם,false,,12.90,0.0430,true,1,1337196
7290003744855,false,אובלטים עם שומשום 300 גר,,,אובלטים שומשום 300 ג,גרמים,300.00,100 גרם,false,,12.90,0.0430,true,1,1337199
7290003744862,false,אובלטים עם זעתר 300 גר,,,אובלטים זעתר 300 גרם,גרמים,300.00,100 גרם,false,,12.90,0.0430,true,1,1337200
7290003781652,false,צלפים במי מלח ויליפוד 350 ג',קריות זול,TR,צלפים 350גרם,גרמים,350.00,100 גרם,false,,8.90,0.0254,true,1,1308754
7290003781850,false,גבינת קשקבל פרוסות 200 גרם,,ES,גבינת קשקבל פרוסות 2,גרמים,200.00,100 גרם,false,,22.90,0.1145,true,1,2466999
7290003781904,false,ספגטי דונה רוזה 500,וילי פוד,TR,ספגטי 500 גרם,גרמים,500.00,100 גרם,false,,4.90,0.0098,true,1,2362822
7290003796724,false,שקדי עגל טרי,,,שקדי עגל טרי,קילוגרמים,1.00,"ק""ג",true,,160.00,160.0000,true,1,1344124
7290003804252,false,תיבולית בנוסח הודי 72 ג' קנור,יוניליוור ישראל מזון,IL,קנור תיבוליות הודי 72 גרם,גרמים,72.00,100 גרם,false,,9.90,0.1375,true,1,1341259
7290003804320,false,תיבולית שום ופטרוזיליה 72 ג' קנור,יוניליוור ישראל מזון,IL,קנור תיבוליות שום 72 גרם,גרמים,72.00,100 גרם,false,,9.90,0.1375,true,1,1341261
7290003804368,false,תיבולית בזיליקום קנור 72 ג',יוניליוור ישראל מזון,IL,קנור תיבוליות 72 גרם,גרמים,72.00,100 גרם,false,,9.90,0.1375,true,1,1341264
7290003804382,false,"תיבולית פטריות בד""ץ 72 ג' קנור",יוניליוור ישראל מזון,IL,קנור תיבוליות פטריות 72 ג,גרמים,72.00,100 גרם,false,,9.90,0.1375,true,1,1341266
7290003805501,false,"פתית שוודי תלמה בד""צ 300 ג'",יוניליוור ישראל מזון,IL,"פתית שוודי בד""צ חדש 300 ג",גרמים,300.00,100 גרם,false,,15.90,0.0530,true,1,1341301
7290003807178,false,"רוטב סויה בסגנון סיני 300 מ""ל קנור",אתר חיפה 778,IL,קנור רוטב סויה בסגנון סינ,מיליליטרים,300.00,"100 מ""ל",false,,12.90,0.0430,true,1,1341342
7290003807482,false,רוטב טריאקי 370 ג' קנור,יוניליוור ישראל מזון,IL,רוטב טריאקי 390 גר,מיליליטרים,300.00,"100 מ""ל",false,,12.90,0.0430,true,1,1341348
7290003864478,false,סרדינים בשמן צמחי ויליפוד 110ג' פתח קל,גולדן פרייז קאנינג א,TH,סרדין בשמן צמחי 110גרם פת,גרמים,110.00,100 גרם,false,,4.40,0.0400,true,1,1308757
7290003864485,false,סרדינים ברוטב עגבנ יות ויליפוד 110ג' פתח קל,גולדן פרייז קאנינג א,TH,סרדין ברוטב עגבניות 110גר,גרמים,110.00,100 גרם,false,,4.40,0.0400,true,1,1308758
7290003864492,false,סרדינים בשמן צמחי חריף פתח קל ויליפוד 110ג',גולדן פרייז קאנינג א,TH,סרדין בשמן צמחי חריף 110ג,גרמים,110.00,100 גרם,false,,4.40,0.0400,true,1,1308759
7290003882922,false,עלי גפן ממולאים באורז ויליפוד 400ג',הזה פלאקספו פוד קו ב,CN,עלי גפן ממולאים באורז 400,גרמים,400.00,100 גרם,false,,8.90,0.0223,true,1,1308762
7290003976058,false,מרכך כביסה מרוכז 1 ל,אקופרנד,IL,מרכך כביסה מרוכז 1 ל,ליטרים,1.00,1000ליטר,false,,19.90,19.9000,true,1,2402056
7290003976065,false,מרכך כביסה מרוכז 1 ל,,,מרכך כביסה מרוכז 1 ל,ליטרים,1.00,1000ליטר,false,,19.90,19.9000,true,1,2420201
7290003976492,false,נוזל לניקוי כלים לעו,,,נוזל לניקוי כלים לעו,מיליליטרים,750.00,"100 מ""ל",false,,9.90,0.0132,true,1,2414607
7290003976522,false,ג'ל כביסה מרוכז בניחוח פרחים,פרפקט Perfect,,ג'ל מרוכז 5 לי בניח,ליטרים,5.00,ליטר,false,,19.90,3.9800,true,1,2411045
7290003989096,false,סלט חציל פיקנטי אחלה,מיוצר עי קונדיטוריית,IL,חציל פיקנטי 500,גרמים,500.00,100 גרם,false,,13.90,0.0278,true,1,1341872
7290003989539,false,לורנצו רביולי במילוי גבינה,מיוצר עי קונדיטוריית,IL,רביולי גבינה 400 חדש,גרמים,400.00,100 גרם,false,,18.90,0.0472,true,1,1341873
7290003989553,false,"פסטה טורטליני פטריות, 400 גרם",מיוצר עי קונדיטוריית,IL,טורטלוני פטריות 400 גר' ח,גרמים,400.00,100 גרם,false,,18.90,0.0472,true,1,1341874
7290004011338,false,"קצפת מתוקה מכונה 250 מ""ל ריץ'",האי נאם סי או אל.טי.,IT,קצפת ארוסול חלבי,מיליליטרים,250.00,"100 מ""ל",false,,9.90,0.0396,true,1,1329535
7290004011345,false,"קצפת ריצ` פרווה במיכל 250 מ""ל",האי נאם סי או אל.טי.,IT,קצפת אורוסול פרווה,מיליליטרים,250.00,"100 מ""ל",false,,9.90,0.0396,true,1,1329536
7290004014407,false,סוכריות M&M בוטנים 46 ג',מרס נדרלנד,,אם אנד אמס פינאטבאטר,גרמים,46.00,100 גרם,false,,4.90,0.1065,true,1,1408788
7290004022309,false,אמ&אמס אריזה בינונית,מרס,,חטיף חמאת בוטנים MַM,גרמים,89.00,100 גרם,false,,6.90,0.0775,true,1,1775262
7290004026776,false,לחם מחמצת אגוזים וצי,פילסברי,,לחם מחמצת אגוזים וצי,גרמים,500.00,100 גרם,false,,16.90,0.0338,true,1,2133475
7290004030018,false,"פריניב מיץ לימון סחוט פרי לתיבול 500 מ""ל",הנסיך- מפעל לייצור ט,IL,"מיץ לימון 500 מ""ל",מיליליטרים,500.00,"100 מ""ל",false,,7.90,0.0158,true,1,1395443
7290004030100,false,מיץ תפוזים ולנסיה סחוט 1 ליטר100%,,,מיץ תפוזים סחוט ולנס,ליטרים,1.00,ליטר,false,,16.90,16.9000,true,1,2393328
7290004030216,false,פריניב נקטר חמוציות 1ליטר,פריניב בעמ,IL,נקטר חמוציות 1 ליטר,ליטרים,1.00,ליטר,false,,7.90,7.9000,true,1,1395446
7290004030223,false,פריניב נקטר תפוחים סחוט 1 ליטר,פריניב בעמ,IL,מיץ תפוח סחוט 100% 1,ליטרים,1.00,ליטר,false,,17.90,17.9000,true,1,1395447
7290004030544,false,פריניב מיץ לימונדה לואיזה ולמון גראס 1 ליטר,,,מיץ לימונענע 1 ליטר,ליטרים,1.00,ליטר,false,,10.90,10.9000,true,1,1395454
7290004030612,false,פרי ניב מיץ קיוי אגס ללא תוספת סוכר 1ל,פריניב בעמ,IL,מיץ קיוי אגס 1 ליטר,ליטרים,1.00,ליטר,false,,17.90,17.9000,true,1,1395457
7290004030810,false,פריניב סחוט בננה תפוז 1 ליטר,,,מיץ בננה/פסיפלורה/תפ,ליטרים,1.00,ליטר,false,,18.90,18.9000,true,1,1662635
7290004030834,false,פריניב מיץ רימונים סחוט 1 ליטר,פריניב בעמ,IL,מיץ רימון סחוט 1,ליטרים,1.00,ליטר,false,,21.90,21.9000,true,1,1395462
7290004033705,false,הבורגריה – 6 לחמניות המבורגר בשקית,מאפית י את א ברמן בע,IL,לחמניות המבורגר ביס,גרמים,600.00,100 גרם,false,,10.90,0.0182,true,1,2465157
7290004033736,false,"עננים לחם לבן בסגנון בריוש עם פרוסות עבות, 500 גרם",מאפית י את א ברמן בע,IL,לחם עננים בסגנון ברי,גרמים,500.00,100 גרם,false,,15.50,0.0310,true,1,2483725
7290004033828,false,לחמניות כפריות ללא גלוטן 200 גר',מאפית י את א ברמן בע,IL,לחמניות כפריות ללא ג,גרמים,200.00,100 גרם,false,,15.90,0.0795,true,1,2461453
7290004033835,false,לחמניות לבנות ללא גלוטן 200 גר',מאפית י את א ברמן בע,IL,לחמניות לבנות ללא גל,גרמים,200.00,100 גרם,false,,15.90,0.0795,true,1,2461454
7290004033903,false,חטיפי ברוסקטה אפויים,,,חטיפי ברוסקטה אפויים,גרמים,150.00,100 גרם,false,,12.90,0.0860,true,1,2545705
7290004033910,false,חטיפי ברוסקטה אפויים,,,חטיפי ברוסקטה אפויים,גרמים,150.00,100 גרם,false,,12.90,0.0860,true,1,2545706
7290004033927,false,חטיפי פוקצה אפויים ב,,,חטיפי פוקצה אפויים ב,גרמים,200.00,100 גרם,false,,12.90,0.0645,true,1,2545707
7290004033934,false,חטיפי פוקצה אפויים ב,,,חטיפי פוקצה אפויים ב,גרמים,200.00,100 גרם,false,,12.90,0.0645,true,1,2545708
7290004043108,false,אמ&אמס אריזה בינונית,מרס,,חטיף שוקולד MַM אריז,גרמים,89.00,100 גרם,false,,6.90,0.0775,true,1,1775263
7290004043205,false,אמ&אמס אריזה בינונית,מרס,,חטיף בוטנים MַM אריז,גרמים,89.00,100 גרם,false,,6.90,0.0775,true,1,1775264
7290004048679,false,"קובה למרק שלושת האופים 1 ק""ג",שלושת האופים,IL,"קובה למרק 1 ק""ג",קילוגרמים,1.00,"ק""ג",false,,18.90,18.9000,true,1,2311661
7290004063016,false,מלח שולחן מעולה דק 1,האי נאם סי או אל.טי.,IL,"מלח שולחן 1 ק""ג",קילוגרמים,1.00,"ק""ג",false,,1.80,1.8000,true,1,1348174
7290004063115,false,"מלח מטבח עבה להמלחת בשר ובישול 1 ק""ג",האי נאם סי או אל.טי.,IL,"מלח בישול 1 ק""ג",קילוגרמים,1.00,"ק""ג",false,,1.80,1.8000,true,1,1348175
7290004064082,false,מטחנה מלח ים טבעי 250 ג',חברת מלח הארץ אילת ב,IL,מטחנה מלח ים טבעי 25,גרמים,250.00,100 גרם,false,,12.90,0.0516,true,1,1473426
7290004064099,false,מטחנה מלח מהרי ההימלאיה 250 גרם,חברת מלח הארץ אילת ב,IL,מטחנה מלח מהרי ההימל,גרמים,300.00,100 גרם,false,,14.90,0.0497,true,1,1473410
7290004064105,false,מלח ים במטחנה עשבי תיבול 400ג',מלח הארץ,,מטחנה מלח עשבי תיבול,גרמים,250.00,100 גרם,false,,14.90,0.0596,true,1,1473411
7290004064174,false,"תבלין מלח ההימלאיה דק בצנצנת 1 ק""ג",מלח הארץ,IL,"מלח ההימלאיה דק 1 ק""",קילוגרמים,1.00,"ק""ג",false,,16.90,16.9000,true,1,1822863
7290004064181,false,"תבלין מלח ההימלאיה גס בצנצנת 1 ק""ג",חברת מלח הארץ אילת ב,IL,"מלח הימלאיה גס 1 ק""ג",קילוגרמים,1.00,"ק""ג",false,,16.90,16.9000,true,1,1822864
7290004064280,false,מלח מופחת נתרן צנצנת 600 גרם,חברת מלח הארץ אילת ב,IL,מלח הארץ מופחת נתרן,גרמים,600.00,100 גרם,false,,14.90,0.0248,true,1,2372940
7290004064303,false,מלח אטלנטי בצנצנת 800 ג',מולינו ניקולי s.p.a,IL,מלח הארץ אטלנטי 800,גרמים,800.00,100 גרם,false,,14.90,0.0186,true,1,2372942
7290004064310,false,מלח פלוס בצל מלחייה,,,מלח פלוס בצל מלחייה,גרמים,175.00,100 גרם,false,,9.90,0.0566,true,1,2488584
7290004064334,false,מלח פלוס שום מלחייה 175 ג' מלח הארץ,,,מלח פלוס שום מלחייה,גרמים,175.00,100 גרם,false,,9.90,0.0566,true,1,2488586
7290004064358,false,"מלח דק זורם בקלות- קרטון 1 ק""ג",,IL,מלח הארץ דק זורם בקל,קילוגרמים,1.00,"ק""ג",false,,4.90,4.9000,true,1,2385300
7290004064365,false,מלח הארץ דק מועשר בי,,IL,מלח הארץ דק מועשר בי,קילוגרמים,1.00,"ק""ג",false,,5.90,5.9000,true,1,2385301
7290004064372,false,מטחנת מלח איטלקי- אקסטרא תבלינים 105 ג',,IL,מטחנת מלח אקסטרא תבל,גרמים,125.00,100 גרם,false,,14.90,0.1192,true,1,2405946
7290004064389,false,מלח הימלאיה דק מלחייה 250 ג',,,מלח הימלאיה דק מלחיי,גרמים,250.00,100 גרם,false,,9.90,0.0396,true,1,2437786
7290004067045,false,קונפיטורת חמוציות בו,,,קונפיטורת חמוציות בו,גרמים,360.00,100 גרם,false,,19.90,0.0553,true,1,2354745
7290004067182,false,מעדן חבושים ללא סוכר,,,מעדן חבושים 100% פרי,גרמים,284.00,100 גרם,false,,14.90,0.0525,true,1,2354748
7290004067953,false,מעדן גויאבה 100% פרי,,,מעדן גויאבה 100% פרי,גרמים,284.00,100 גרם,false,,14.90,0.0525,true,1,2354759
7290004067977,false,מעדן מנגו 100% פרי,,,מעדן מנגו 100% פרי,גרמים,284.00,100 גרם,false,,14.90,0.0525,true,1,2354760
7290004068011,false,גד יוגורט מחלב כבשים,"מיוצר ע""י קוד יצרן M",IL,יוגורט כבשים 5% 600 גרם,גרמים,600.00,100 גרם,false,,17.90,0.0298,true,1,1327875
7290004068028,false,"ציזיקי יוגורט לשתיה גד 500 מ""ל",מיוצר על ידי קוד יצר,IL,יוגורט צי'זקי 0.5 ליטר,מיליליטרים,500.00,"100 מ""ל",false,,10.90,0.0218,true,1,1327876
7290004068035,false,"איירן יוגורט לשתייה 3% גד 500 מ""ל","מיוצר ע""י קוד יצרן M",IL,"איירן 0.5 ליטר בד""ץ",מיליליטרים,500.00,"100 מ""ל",false,,8.50,0.0170,true,1,1327877
7290004068172,false,"יוגורט עיזים בדלי 5% 600 מ""ל רובין",קוד יצרן MKN,IL,יוגורט עיזים 600 גרם,גרמים,600.00,100 גרם,false,,17.90,0.0298,true,1,1327879
7290004068196,false,מוצרלה מגורדת מיוחדת,מחלבות גד,IL,מוצרלה מגורדת 500 גרם בדץ,גרמים,500.00,100 גרם,false,,31.90,0.0638,true,1,1327881
7290004068332,false,גבינת קממבר בקר משול,מחלבות גד,IL,"קממבר בקר משולש ק""ג שקיל",קילוגרמים,1.00,"ק""ג",true,,120.00,120.0000,true,1,1327887
7290004068585,false,גבינה גאודה עיזים מש,מחלבות גד,,גבינה גאודה עיזים מש,קילוגרמים,1.00,"ק""ג",true,,130.00,130.0000,true,1,1401670
7290004068912,false,גבינת פרמזן גרנה פדנ,מחלבות גד,IL,גבינת פרמזן גרנה פדנ,קילוגרמים,1.00,"ק""ג",true,,130.00,130.0000,true,1,2403540
7290004078225,false,"שטיפת פה קולגייט פלקס מינט ירוק 500מ""ל",קולגייט- פלמוליב,PL,קולגייט פלקס ירוק 500 מל,מיליליטרים,500.00,"100 מ""ל",false,,29.90,0.0598,true,1,1338703
7290004078263,false,מקלות לאוזניים בלונס,SEPTONA S.A,GR,בלונס מקלות אוזניים זוג,יח',400.00,יח',false,,10.90,0.0273,true,1,1338704
7290004078270,false,נוזל כלים פלמוליב צילינדר לימון 1 ליטר,יבואן ומשווק: ש. שסט,GR,פלמוליב צילינדר לימון 1 ל,ליטרים,1.00,ליטר,false,,13.90,13.9000,true,1,1338705
7290004078690,false,"אגקס נוזל לניקוי אסלות מרענן 750 מ""ל",הנסיך- מפעל לייצור ט,FR,אגקס שירותים מרענן חדש 75,גרמים,750.00,100 גרם,false,,12.90,0.0172,true,1,1338707
7290004078942,false,ליידי ספיד סטיק - דאודורנט ג'ל לאישה 65 גרם,קולגייט פלמוליב,US,ליידי ספיד סטיק גל בסיסי,גרמים,63.00,100 גרם,false,,19.90,0.3159,true,1,1338708
7290004084110,false,סוכר קוביות 500 גרם,,,סוכר קוביות 500 גרם,גרמים,500.00,100 גרם,false,,7.90,0.0158,true,1,1328453
7290004119010,false,גבינת שדה טבעי 25% 500 גרם - הרב וייטמן,,,גבינת שדה 500 גרם.,גרמים,500.00,100 גרם,false,,12.90,0.0258,true,1,1340061
7290004119225,false,יוגורט אננס 3% שומן 150 ג' יופלה,תנובה מרכז שיתופי לש,IL,יופלה אננס 3%.,גרמים,150.00,100 גרם,false,,5.20,0.0347,true,1,1340063
7290004119928,false,מעדן וניל גביע 1.5% שומן 125 ג' קרלו,מחלבת אלון תבור,IL,מעדן קרלו וניל.,מיליליטרים,125.00,"100 מ""ל",false,,2.90,0.0232,true,1,1340065
7290004119973,false,מעדן שוקו 1.5% שומן 125 ג' קרלו,תנובה מרכז שיתופי לש,IL,מעדן קרלו.,מיליליטרים,125.00,"100 מ""ל",false,,2.90,0.0232,true,1,1340066
7290004120061,false,קרלו שוקולד וניל 125,תנובה מרכז שיתופי לש,IL,מעדן קרלו שוניל.,מיליליטרים,125.00,"100 מ""ל",false,,2.90,0.0232,true,1,1340067
7290004120108,false,יופלה דיאט יוגורט דובדבן %0 גביע 150ג',תנובה מרכז שיתופי לש,IL,יופלה דובדבן דיאט.,גרמים,150.00,100 גרם,false,,5.20,0.0347,true,1,1340068
7290004120566,false,גבינה בולגרית 24% 250 ג' פיראוס,קריות זול,IL,בולגרית 24% פיראוס 2,גרמים,250.00,100 גרם,false,,22.90,0.0916,true,1,1340072
7290004120573,false,גבינה בולגרית %16 250 ג' פיראוס,תנובה מרכז שיתופי לש,IL,בולגרית 16% גביע 250,גרמים,250.00,100 גרם,false,,22.90,0.0916,true,1,1340073
7290004120634,false,גבינה בולגרית %5 250 ג' פיראוס,תנובה מרכז שיתופי לש,IL,בולגרית פיראוס 5% 25,גרמים,250.00,100 גרם,false,,21.90,0.0876,true,1,1340074
7290004120832,false,חלב תנובה טרי 3% מהדרין כד 2 ל',תנובה מרכז שיתופי לש,IL,חלב שומן 3% כד 2 ליט,ליטרים,2.00,ליטר,false,,12.40,6.2000,true,1,1340075
7290004121488,false,יופלה דיאט אפרסק 0% גביע 150 ג',תנובה מרכז שיתופי לש,IL,יופלה אפרסק 0%.,גרמים,150.00,100 גרם,false,,5.20,0.0347,true,1,1340076
7290004121525,false,יופלה מאגדת פרי 4 תות 4 אפרסק 3% 8 יח'*150 ג',תנובה מרכז שיתופי לש,IL,מאגדת 8 יופלה 3% אפר,גרמים,1200.00,100 גרם,false,,30.90,0.0257,true,1,1340077
7290004121754,false,יוגורט עוגת גבינה ותות 3% שומן 150 ג' יופלה,תנובה בעמ,IL,יוגורט ביו בטעם עוג,גרמים,150.00,100 גרם,false,,5.20,0.0347,true,1,1340078
7290004121839,false,גבינת פטה כבשים 20% 250 ג' פיראוס,תנובה מרכז שיתופי לש,IL,גבינה פטה 20% פיראוס,גרמים,250.00,100 גרם,false,,26.90,0.1076,true,1,1340079
7290004121853,false,גבינה בולגרית בקוביות %5 200 ג' פיראוס,תנובה מרכז שיתופי לש,IL,בולגרית קוביות 5% פי,גרמים,200.00,100 גרם,false,,20.90,0.1045,true,1,1340080
7290004122119,false,פתיתי פרמזן לפסטה %23 100 ג' השף הלבן,פ.פ.ח. שאביט,IL,פתיתי גבינה פרמזן 10,גרמים,100.00,100 גרם,false,,12.90,0.1290,true,1,1340083
7290004122195,false,"גבינת גוש חלב פרוס 28%, כשרות מהדרין, 200 ג'",קריות זול,IL,גבינה גוש חלב 200 גר,גרמים,200.00,100 גרם,false,,13.90,0.0695,true,1,1340084
7290004122270,false,גבינה צהובה פרוס בקופסא %28 200 ג' עמק,תנובה מרכז שיתופי לש,IL,גבינה עמק פרוס 28% ב,גרמים,200.00,100 גרם,false,,16.90,0.0845,true,1,1340085
7290004122348,false,עמק לייט 9% פרוס בקופסא,תנובה מרכז שיתופי לש,IL,גבינה עמק לייט 9% 20,גרמים,200.00,100 גרם,false,,17.90,0.0895,true,1,1340086
7290004122607,false,עמק לייט חריץ 9% תנו,תנובה מרכז שיתופי לש,,"גבינה עמק לייט ק""ג.",קילוגרמים,1.00,"ק""ג",true,,75.00,75.0000,true,1,1340088
7290004122676,false,גבינת חמד לייט 5% פיראוס 250 ג',"תנובה,מחלבת טנא נוגה",IL,גבינה חמד 5% גביע מד,גרמים,250.00,100 גרם,false,,18.90,0.0756,true,1,1340089
7290004122683,false,חטיף גבינת אצבעות 28% 172 ג' עמק,תנובה מרכז שיתופי לש,IL,אצבעות עמק 28% 172 ג,גרמים,172.00,100 גרם,false,,16.90,0.0983,true,1,1340090
7290004124205,false,יוגורט דיאט תות %0 שומן 150 ג' יופלה,תנובה מרכז שיתופי לש,IL,יופלה תות דיאט.,גרמים,150.00,100 גרם,false,,5.20,0.0347,true,1,1340098
7290004125370,false,שמנת חמוצה מופחתת שומן 9%,תנובה מרכז שיתופי לש,IL,"שמנת 9% שומן 200 מ""ל",מיליליטרים,200.00,"100 מ""ל",false,,3.90,0.0195,true,1,1340101
7290004125400,false,"שלי אשל 4.5% תנובה 200מ""ל מהדרין",פארייפאבה אגרואינדוס,IL,אשל מהדרין 4.5% 200,מיליליטרים,200.00,"100 מ""ל",false,,1.65,0.0082,true,1,1340102
7290004125417,false,"שלי גיל 3% תנובה 200מ""ל מהדרין",תנובה מרכז שיתופי לש,IL,"גיל מהדרין 3% 200 מ""",מיליליטרים,200.00,"100 מ""ל",false,,1.50,0.0075,true,1,1340103
7290004125455,false,**תנובה שמנת אורגינל מהדרין 15% 200מל,תנובה מרכז שיתופי לש,IL,שמנת חמוצה מהדרין 20,מיליליטרים,200.00,"100 מ""ל",false,,2.40,0.0120,true,1,1340104
7290004125509,false,"שמנת 15% חצי מנה 100 מ""ל תנובה",תנובה מרכז שיתופי לש,IL,"שמנת אורגינל 100 מ""ל",מיליליטרים,100.00,"100 מ""ל",false,,1.80,0.0180,true,1,1340106
7290004125578,false,משקה סויה מעושר בסידן תנובה 1ל',תנובה מרכז שיתופי לש,IL,משקה סויה מעושר בסיד,ליטרים,1.00,ליטר,false,,10.90,10.9000,true,1,1340107
7290004125585,false,משקה סויה וניל תנובה E אלטרנטיב,תנובה מרכז שיתופי לש,IL,משקה סויה בוקר וניל,ליטרים,1.00,ליטר,false,,11.40,11.4000,true,1,1340108
7290004125721,false,"שמנת לבישול 15% שומן 250 מ""ל תנובה",תנובה מרכז שיתופי לש,IL,שמנת לבישול 15%שומן,מיליליטרים,250.00,"100 מ""ל",false,,8.50,0.0340,true,1,1340109
7290004125738,false,שמנת מתוקה עמידה להקצפה 32% השף הלבן,תנובה מרכז שיתופי לש,IL,שמנת עמידה להקצפה 32,מיליליטרים,250.00,"100 מ""ל",false,,6.90,0.0276,true,1,1340110
7290004125776,false,גבינה צהובה 28% שומן 400 ג' עמק,קריות זול,IL,עמק פרוס בקופסא 28%,גרמים,400.00,100 גרם,false,,29.90,0.0747,true,1,1340111
7290004126650,false,גבינה צפתית 5% תנובה,תנובה מרכז שיתופי לש,,גבינה צפתית 5% תנובה,קילוגרמים,1.00,"ק""ג",true,,55.00,55.0000,true,1,1340113
7290004126674,false,פרוסות גבינה חצי קשה 9% שומן 200 ג' עמק,תנובה מרכז שיתופי לש,IL,גבינה טל עמק לייט 9%,גרמים,200.00,100 גרם,false,,19.90,0.0995,true,1,1340114
7290004126759,false,יופלה דיאט פירות יער %0 גביע 150 ג',תנובה בעמ,IL,יופלה פירות יער דיאט,גרמים,150.00,100 גרם,false,,5.20,0.0347,true,1,1340115
7290004126872,false,משקאות חלב תנובה שוקו בקבוק 250מל,קריות זול,IL,שוקו שוק בקבוק 250 מ,מיליליטרים,250.00,"100 מ""ל",false,,5.70,0.0228,true,1,1340116
7290004127077,false,קוטג' 3% שומן 250 ג' תנובה,מיוצר עי קונדיטוריית,IL,קוטג' 3% תנובה 250 ג,גרמים,250.00,100 גרם,false,,5.40,0.0216,true,1,1340117
7290004127329,false,קוטג' 5% תנובה 250ג' מהדרין,מיוצר עי קונדיטוריית,IL,קוטג' 5% תנובה מהדרי,גרמים,250.00,100 גרם,false,,5.40,0.0216,true,1,1340118
7290004127336,false,קוטג' 9% תנובה 250 ג' הדרין,מיוצר עי קונדיטוריית,IL,קוטג' 9% תנובה 250 ג,גרמים,250.00,100 גרם,false,,5.40,0.0216,true,1,1340119
7290004127800,false,גבינה לבנה 5% שומן 500 ג' תנובה,מיוצר עי קונדיטוריית,IL,גבינה למריחה 5% 500,גרמים,500.00,100 גרם,false,,9.90,0.0198,true,1,1340121
7290004127817,false,גבינה לבנה 9% שומן 500 ג' תנובה,מיוצר עי קונדיטוריית,IL,גבינה לבנה 9% 500 גר,גרמים,500.00,100 גרם,false,,9.90,0.0198,true,1,1340122
7290004127862,false,**תנובה גבינה למריחה מהדרין 5% 750ג,תנובה מרכז שיתופי לש,IL,גבינה לבנה 5% 750 גר,גרמים,750.00,100 גרם,false,,14.85,0.0198,true,1,1340123
7290004127916,false,גבינה לבנה 0.5% שומן 500 ג' תנובה,תנובה מרכז שיתופי לש,IL,גבינה למריחה 0.5% 50,גרמים,500.00,100 גרם,false,,9.90,0.0198,true,1,1340125
7290004128333,false,לאבנה על בסיס יוגורט %9 שומן 500 ג' פיראוס,קריות זול,IL,לאבנה פיראוס 9% 500,גרמים,500.00,100 גרם,false,,20.90,0.0418,true,1,1340129
7290004128340,false,קרם גבינת שמנת %5 בטעם טבעי 200 ג' תנובה,קריות זול,IL,גבינת שמנת בטעם טבעי,גרמים,200.00,100 גרם,false,,11.90,0.0595,true,1,1340130
7290004128364,false,קרם גבינת שמנת 5% עם זיתים ירוקים 200 ג' תנובה,"תנובה, מחלבת תל יוסף",IL,גבינת שמנת זיתים 5%,גרמים,200.00,100 גרם,false,,11.90,0.0595,true,1,1340131
7290004128401,false,גבינת פטה כבשים במשק,תנובה,,פטה כבשים פיראוס 20%,קילוגרמים,1.00,"ק""ג",true,,109.00,109.0000,true,1,1340132
7290004128432,false,פתיתים מיוחדים לפיצה על בסיס גבינה 500 ג',תנובה,IL,פתיתים לפיצה שף לבן,גרמים,500.00,100 גרם,false,,23.90,0.0478,true,1,1340133
7290004129101,false,גבינת שמנת 25% בטעם טבעי 225 ג' נפוליאון,תנובה מרכז שיתופי לש,IL,גבינת נפולאון טבעי 2,גרמים,225.00,100 גרם,false,,13.90,0.0618,true,1,1340134
7290004129118,false,גבינת שמנת 24% עם זיתים ירוקים 225 ג' נפוליאון,תנובה מרכז שיתופי לש,IL,גבינת נפולאון + זתים,גרמים,225.00,100 גרם,false,,13.90,0.0618,true,1,1340135
7290004129156,false,גבינת שמנת25% עם שום שמיר 225 ג' נפוליאון,תנובה מרכז שיתופי לש,IL,גבינת נפולאון + שום,גרמים,225.00,100 גרם,false,,13.90,0.0618,true,1,1340136
7290004129545,false,גבינה לבנה 3% שומן 250 ג' תנובה,מחלבת אלון תבור,IL,גבינה לבנה 3% 250 גר,גרמים,250.00,100 גרם,false,,4.95,0.0198,true,1,1340137
7290004129736,false,יוגורט במתיקות מעודנת 1.5% שומן 200 ג' יופלה,תנובה מרכז שיתופי לש,IL,יופלה לבן תנובה 200,גרמים,200.00,100 גרם,false,,4.50,0.0225,true,1,1340141
7290004129767,false,יופלה לבן טבעי מאגדת 3% 8*150מל,מחלבת אלון תבור,IL,מאגדת 8 יופלה לבן.,גרמים,1200.00,100 גרם,false,,17.90,0.0149,true,1,1340142
7290004130794,false,משקה סויה טבעי במתיקות מופחתת 1 ליטר,תנובה מרכז שיתופי לש,IL,משקה סויה מעושר טבעי,ליטרים,1.00,ליטר,false,,11.40,11.4000,true,1,1340145
7290004130916,false,יוגורט 3% פירות יער בשמנת 150 ג' יופלה,תנובה מרכז שיתופי לש,IL,יופלה 3% פירות יער ב,גרמים,150.00,100 גרם,false,,5.20,0.0347,true,1,1340146
7290004131074,false,**חלב תנובה טרי מהדרין קרטון 3% 1ל,תנובה מרכז שיתופי לש,IL,חלב 3% שומן מהדרין ק,ליטרים,1.00,ליטר,false,,6.20,6.2000,true,1,1340148
7290004131227,false,גבינה לבנה 3% שומן 500 ג' תנובה,תנובה מרכז שיתופי לש,IL,גבינה למריחה 3% 500,גרמים,500.00,100 גרם,false,,9.90,0.0198,true,1,1340151
7290004131432,false,יוגורט ביו 3% שומן 200 ג' יופלה,מיוצר עי קונדיטוריית,IL,יופלה לבן חלב תנובה,גרמים,200.00,100 גרם,false,,3.90,0.0195,true,1,1340153
7290004131456,false,יוגורט ביו 1.5% שומן 200 ג' יופלה,מיוצר עי קונדיטוריית,IL,יופלה לבן חלב תנובה,גרמים,200.00,100 גרם,false,,3.90,0.0195,true,1,1340154
7290004131814,false,גבינה צפתית 5% מעודנת 200 ג' פיראוס,פארייפאבה אגרואינדוס,IL,צפתית 5% מעודנת פירא,גרמים,200.00,100 גרם,false,,14.90,0.0745,true,1,1340157
7290004131845,false,גבינת לאבנה 9% שומן 750 ג' פיראוס,תנובה מרכז שיתופי לש,IL,לאבנה 9% 750גר,גרמים,750.00,100 גרם,false,,24.90,0.0332,true,1,2413288
7290004132552,false,משקה סויה לייט בטעם טבעי טרי 1 ליטר,תנובה מרכז שיתופי לש,IL,משקה סויה בוקר לייט,ליטרים,1.00,ליטר,false,,11.40,11.4000,true,1,1340162
7290004132712,false,חטיף אצבעות גבינת מוצרלה 20% 172 ג' עמק,תנובה מרכז שיתופי לש,IL,אצבעות עמק מוצרלה 17,גרמים,174.00,100 גרם,false,,16.90,0.0971,true,1,1340165
7290004132903,false,**תנובה גבינה לבנה בדץ 3% 250ג,תנובה מרכז שיתופי לש,IL,"גבינה לבנה 3% בד""צ 2",גרמים,250.00,100 גרם,false,,4.95,0.0198,true,1,1340166
7290004133511,false,יופלה מאגדת לבן 1.5% מעודן 8 יח' * 150 ג',מחלבת אלון תבור,IL,מארז 8 יופלה לבן 1.5,גרמים,1200.00,100 גרם,false,,20.90,0.0174,true,1,1340169
7290004134945,false,יוגורט מוקה 3% שומן 150 ג' יופלה,תנובה מרכז שיתופי לש,IL,יופלה מוקה 3%.,גרמים,150.00,100 גרם,false,,5.20,0.0347,true,1,1340174
7290004135072,false,"מאגדת קרלו מיני 8*100 גרם שוקולד בד""צ",תנובה מרכז שיתופי לש,IL,מאגדת 8 קרלו מיני שו,גרמים,800.00,100 גרם,false,,14.50,0.0181,true,1,1340177
7290004135119,false,"מאגדת קרלו מיני 8*100 גרם וניל בד""צ",תנובה מרכז שיתופי לש,IL,מאגדת 8 קרלו מיני-ונ,גרמים,800.00,100 גרם,false,,14.50,0.0181,true,1,1340178
7290004135225,false,מעדן תנובה דיאט שוקולדה 0% 150מל,תנובה מרכז שיתופי לש,IL,מעדן דיאט שוקולדה 0%,גרמים,150.00,100 גרם,false,,4.20,0.0280,true,1,1340180
7290004135324,false,גבינה בולגרית מעודנת,תנובה מרכז שיתופי לש,,גבינה בולגרית 5% מעו,קילוגרמים,1.00,"ק""ג",true,,45.00,45.0000,true,1,1340182
7290004135614,false,גבינה בולגרית מעודנת 5% 250 ג' פיראוס,קריות זול,IL,בולגרית מעודנת 5% פי,גרמים,250.00,100 גרם,false,,22.90,0.0916,true,1,1340185
7290004136291,false,צפתית 5% מעודנת תנוב,,,צפתית 5% מעודנת תנוב,קילוגרמים,1.00,"ק""ג",true,,55.00,55.0000,true,1,1340194
7290004136598,false,מארז הפסקת אוכל עם קורנפלקס ומשקה חלב עמיד בטעם וניל,פארייפאבה אגרואינדוס,IL,מארז הפסקת אוכל.,מיליליטרים,150.00,"100 מ""ל",false,,8.90,0.0593,true,1,1340197
7290004136857,false,מעדן גלי בטעם פטל 12,תנובה מרכז שיתופי לש,IL,ג'לי פטל תנובה.,מיליליטרים,125.00,"100 מ""ל",false,,2.50,0.0200,true,1,1340199
7290004136864,false,ג'לי תנובה אננס עם חתיכות אננס 125מל,קריות זול,IL,ג'לי אננס + חתיכות א,מיליליטרים,125.00,"100 מ""ל",false,,2.90,0.0232,true,1,1340200
7290004136871,false,ג'לי תנובה אפרסק עם חתיכות אפרסק 125מל,תנובה מרכז שיתופי לש,IL,ג'לי אננס + חתיכות א,מיליליטרים,125.00,"100 מ""ל",false,,2.90,0.0232,true,1,1340201
7290004137021,false,"שמנת לבישול 10% עמיד השף הלבן 250 מ""ל",תנובה מרכז שיתופי לש,IL,שמנת לבישול 10% שומן,מיליליטרים,250.00,"100 מ""ל",false,,8.50,0.0340,true,1,1340202
7290004137311,false,עמק לייט משפחתית 9% 400ג-ועדת מהדרין,תנובה,IL,עמק לייט משפחתית 9%,גרמים,400.00,100 גרם,false,,31.90,0.0797,true,1,1340204
7290004137809,false,לאבנה 5% שומן 250 ג' פיראוס,"תנובה, מחלבת אלון תב",IL,לאבנה 5% פיראוס 250,גרמים,250.00,100 גרם,false,,12.90,0.0516,true,1,1340205
7290004146986,false,"נקה 7 - שמפו צבוע כתום 750 מ""ל",אמיליה קוסמטיקס,IL,שמפו נקה 7 שיער צבוע750מ,מיליליטרים,750.00,"100 מ""ל",false,,11.90,0.0159,true,1,1344514
7290004146993,false,"מרכך לשיער צבוע כתום 750 מ""ל נקה 7",אמיליה קוסמטיקס,IL,מרכך נקה 7 שיער צבוע750מ,מיליליטרים,750.00,"100 מ""ל",false,,11.90,0.0159,true,1,1344515
7290004147020,false,ליפה לגוף,איסן,JP,גיישנית ליפה יפאנית,יחידה,0.00,יחידה,false,,19.90,0.0000,true,1,1308607
7290004147150,false,רצועות מסג לרחצה,מיה טריידינג,CN,ליפה גב / כפפה / וספוג י,00000000000000000000,0.00,00000000000000000000,false,,9.90,0.0000,true,1,1308610
7290004147266,false,רפידות פחם,מיה טריידינג,CN,רפידות פחם,יח',2.00,יח',false,,9.90,4.9500,true,1,1308613
7290004147280,false,כביסון,מיה טריידינג,CN,כביסון 50 / 70,יח',1.00,יח',false,,9.90,9.9000,true,1,1308615
7290004147334,false,סוגרן שקיות מזון,מיה טריידינג,CN,סוגרן שקיות,00000000000000000יח',24.00,00000000000000000יח',false,,8.90,0.3708,true,1,1308618
7290004150129,false,טחינה 300 גרם פיקנטי פרימיום,,,טחינה 300 גרם פיקנטי,יחידה,0.00,יחידה,false,,14.90,0.0000,true,1,2536689
7290004150136,false,חציל על האש 300 גרם פיקנטי פרימיום,,,חציל על האש 300 גרם,יחידה,0.00,יחידה,false,,14.90,0.0000,true,1,2536690
7290004150174,false,קולסלאו 300 גרם פיקנטי פרימיום,,,קולסלאו 300 גרם פיקנ,יחידה,0.00,יחידה,false,,14.90,0.0000,true,1,2536694
7290004150181,false,חמוצים סיני 300 גרם פיקנטי פרימיום,סלטי שמיר 2006 בעמ,,חמוצים סיני 300 גרם,יחידה,0.00,יחידה,false,,14.90,0.0000,true,1,2536695
7290004150198,false,סלק מגורד 300 גרם פיקנטי פרימיום,,,סלק מגורד 300 גרם פי,יחידה,0.00,יחידה,false,,14.90,0.0000,true,1,2536696
7290004150204,false,מטבוחה 300 גרם פיקנטי פרימיום,,,מטבוחה 300 גרם פיקנט,יחידה,0.00,יחידה,false,,14.90,0.0000,true,1,2536697
7290004150211,false,תורכי איסטנבול 300 גרם פיקנטי פרימיום,,,תורכי איסטנבול 300 ג,יחידה,0.00,יחידה,false,,14.90,0.0000,true,1,2536698
7290004150235,false,חומוס עם חריף 300 גרם פיקנטי פרימיום,,,חומוס עם חריף 300 גר,יחידה,0.00,יחידה,false,,14.90,0.0000,true,1,2536700
7290004194185,false,עוף קפוא מס' 2 בשקית מחפוד,,,עוף מס 2 מחפוד,קילוגרמים,1.00,"ק""ג",true,,24.90,24.9000,true,1,1323381
7290004194208,false,כרעיים עוף חלק רב מחפוד קפוא,,,כרעיים עוף מחפוד,קילוגרמים,1.00,"ק""ג",true,,34.90,34.9000,true,1,1323383
7290004194239,false,מחפוד-חזה עוף קפוא מהדרין,,,חזה עוף מחפוד,קילוגרמים,1.00,"ק""ג",true,,34.90,34.9000,true,1,1323384
7290004194253,false,כנפיים עוף קפוא ארוז חלק מחפוד.,,,כנפיים עוף מחפוד,קילוגרמים,1.00,"ק""ג",true,,12.90,12.9000,true,1,1323385
7290004194345,false,שניצל עוף קפוא פרוס מחפוד,,,שניצל עוף מחפוד,קילוגרמים,1.00,"ק""ג",true,,36.90,36.9000,true,1,1323388
7290004199029,false,נשכן קור,,,נשכן קור,יח',1.00,יח',false,,8.90,8.9000,true,1,1322143
7290004199074,false,סאני פלסטר אינטרסן 5,סאני פלסטר,,פלסטרים,יח',50.00,יח',false,,5.90,0.1180,true,1,1322144
7290004199166,false,כפפות לאטקס 100 יח' EASY TOUCH- S,הדקלאים אגודת שיתופי,TH,כפפות לאטקס S,יח',100.00,יח',false,,21.90,0.2190,true,1,1322147
7290004199173,false,כפפות לאטקס 80 יח' EASY TOUCH-M,הדקלאים אגודת שיתופי,TH,כפפות לאטקס M,יח',100.00,יח',false,,21.90,0.2190,true,1,1322148
7290004199180,false,כפפות לאטקס 100 יח' EASY TOUCH- L,הדקלאים אגודת שיתופי,TH,כפפות לאטקס L,יח',100.00,יח',false,,21.90,0.2190,true,1,1322149
7290004199203,false,קיסמ' שיניים מבמבוק מלחיה 300 יח',הדקלאים אגודת שיתופי,CN,קיסמי שיניים עץ 300,יח',300.00,יח',false,,3.50,0.0117,true,1,1322150
7290004199234,false,כפפות לאטקס 100 יח' EASY TOUCH- XL,איזי טאצ',TH,כפפות לאטקס XL,יחידה,0.00,יחידה,false,,21.90,0.0000,true,1,1322151
7290004199326,false,כוס אימון מהפכנית פי,,,כוס אימון TULIPS,יח',1.00,יח',false,,14.90,14.9000,true,1,1322153
7290004199579,false,פלסטר מעורב 100 יח' - SUNNY PLASTER,הדקלאים אגודת שיתופי,CN,פלסטר 100 יחידות מעו,יח',100.00,יח',false,,7.90,0.0790,true,1,1322155
7290004199777,false,צימרוני אוז' פל' בכוס 300 יח',כוטון סופט,,צימרונים לאוזנים 300,יח',300.00,יח',false,,6.90,0.0230,true,1,1322156
7290004219079,false,לבבות דקל פרוסות ויליפוד400 גר',אלימנטוס אי קונסרבס,EC,לבבות דקל חתוך 400גרם,גרמים,400.00,100 גרם,false,,10.90,0.0273,true,1,1308764
7290004219277,false,וילי פוד אנשובי ארוך בדץ 80ג,קונסרבאס פרדו,ES,אנשובי ארוך בצנצנת 80גרם,גרמים,78.00,100 גרם,false,,9.90,0.1269,true,1,1308765
7290004225285,false,גבינה בסגנון דנאבלו 100 ג',האי נאם סי או אל.טי.,DK,בסגנון דנאבלו 100 גר,גרמים,100.00,100 גרם,false,,12.90,0.1290,true,1,1329537
7290004228804,false,עלי סיגרים ואגרול 3האופים 450 ג',,,עלי סיגר,גרמים,450.00,100 גרם,false,,13.90,0.0309,true,1,2387914
7290004230326,false,שגב מקלות פילו תפוחי עץ 600 גר',שגמור,IL,שטרודל פילו שגב,גרמים,600.00,100 גרם,false,,16.90,0.0282,true,1,1329538
7290004230333,false,"בורקס מקלות פילו תפו""א שגב 600ג'",האי נאם סי או אל.טי.,IL,"מקלות פילו תפו""א שגב",גרמים,600.00,100 גרם,false,,15.90,0.0265,true,1,1329539
7290004230357,false,בורקס פילו בטטה גבינה 3 האופים 600ג',שגמור,IL,בורקס בטטה גבינה שגב,גרמים,600.00,100 גרם,false,,15.90,0.0265,true,1,1329541
7290004230364,false,בורקס פילו גבינה צרפתי 3 האופים 700ג',שגמור,IL,בורקס פילו צרפתי שגב,גרמים,600.00,100 גרם,false,,15.90,0.0265,true,1,1329542
7290004255213,false,נר עשישית להבדלה,מנורה,IL,נר הבדלה דקורטיבי עששית ב,יח',1.00,יח',false,,22.90,22.9000,true,1,1353028
7290004255237,false,נר נשמה 48 שעות רבני,מנורה,IL,"נרות נשמה צדיקים , דולקים",יח',1.00,יח',false,,7.90,7.9000,true,1,1353029
7290004255305,false,נר נשמה שבועי בפלסטיק,,,נר נשמה 7 ימים בפלסט,יחידה,0.00,יחידה,false,,8.90,0.0000,true,1,2384041
7290004255343,false,נרונים 72מנורה 4 שעות,קריות זול,IL,"נריות 72 יחידות , דולקים",יח',72.00,יח',false,,19.90,0.2764,true,1,1353030
7290004255367,false,נריות לכוסיות 63 יחי,מנורה,IL,"נריות 63 יחידות , דולקים",יח',63.00,יח',false,,22.90,0.3635,true,1,1353031
7290004255381,false,להבונים 50 יח' 6 שעות,,,נרות חימום 50 בשקית,יח',50.00,יח',false,,16.90,0.3380,true,1,2500694
7290004255619,false,נרות חימום 100 יחידו,מנורה,IL,נרות חימום מנורה 100 יחיד,יח',100.00,יח',false,,19.90,0.1990,true,1,1353034
7290004324605,false,"גבינת מון בלאן רוקפור 7%, 120 ג'",האי נאם סי או אל.טי.,IL,גבינת מון בלאן רוקפור 120,גרמים,120.00,100 גרם,false,,9.90,0.0825,true,1,1329549
7290004329495,false,גרון עוף,,,גרון עוף,קילוגרמים,1.00,"ק""ג",true,,4.90,4.9000,true,1,1344127
7290004329501,false,גרון הודו,,,גרון הודו,קילוגרמים,1.00,"ק""ג",true,,24.90,24.9000,true,1,1344128
7290004329525,false,שניצל עוף דק טרי,,,שניצל עוף דק טרי,קילוגרמים,1.00,"ק""ג",true,,54.90,54.9000,true,1,1344129
7290004329587,false,לבבות הודו טרי,,,לבבות הודו טרי,קילוגרמים,1.00,"ק""ג",true,,29.90,29.9000,true,1,1344131
7290004329594,false,קורקבן הודו טרי,,,קורקבן הודו טרי,קילוגרמים,1.00,"ק""ג",true,,7.90,7.9000,true,1,1344132
7290004329600,false,כבד הודו,,,כבד הודו,קילוגרמים,1.00,"ק""ג",true,,29.90,29.9000,true,1,1344133
7290004329617,false,אשכי הודו,,,אשכי הודו,קילוגרמים,1.00,"ק""ג",true,,149.00,149.0000,true,1,1344134
7290004329624,false,שוקיים הודו טרי,,,שוקיים הודו טרי,קילוגרמים,1.00,"ק""ג",true,,24.90,24.9000,true,1,1344135
7290004329631,false,כנפיים הודו טרי,,,כנפיים הודו טרי,קילוגרמים,1.00,"ק""ג",true,,14.90,14.9000,true,1,1344136
7290004329655,false,חזה הודו,,,חזה הודו,קילוגרמים,1.00,"ק""ג",true,,34.90,34.9000,true,1,1344137
7290004329662,false,בשר הודו אדום,,,בשר הודו אדום,קילוגרמים,1.00,"ק""ג",true,,59.90,59.9000,true,1,1344138
7290004329679,false,שווארמה הודו,,,שווארמה הודו,קילוגרמים,1.00,"ק""ג",true,,69.90,69.9000,true,1,1344139
7290004329693,false,טחול עוף,,,טחול עוף,קילוגרמים,1.00,"ק""ג",true,,49.90,49.9000,true,1,1344140
7290004329709,false,קורקבן עוף,,,קורקבן עוף,קילוגרמים,1.00,"ק""ג",true,,7.90,7.9000,true,1,1344141
7290004329716,false,לבבות עוף,,,לבבות עוף,קילוגרמים,1.00,"ק""ג",true,,29.90,29.9000,true,1,1344142
7290004329723,false,כבד עוף טרי,,,כבד עוף טרי,קילוגרמים,1.00,"ק""ג",true,,24.90,24.9000,true,1,1344143
7290004329730,false,חזה עוף שלם,,,חזה עוף שלם,קילוגרמים,1.00,"ק""ג",true,,34.90,34.9000,true,1,1344144
7290004329747,false,כנפיים עוף,,,כנפיים עוף,קילוגרמים,1.00,"ק""ג",true,,9.90,9.9000,true,1,1344145
7290004329754,false,שוקיים עוף טרי,,,שוקיים עוף טרי,קילוגרמים,1.00,"ק""ג",true,,29.90,29.9000,true,1,1344146
7290004329761,false,ירכיים עוף טרי,,,ירכיים עוף טרי,קילוגרמים,1.00,"ק""ג",true,,29.90,29.9000,true,1,1344147
7290004329778,false,כרעיים עוף,,,כרעיים עוף,קילוגרמים,1.00,"ק""ג",true,,29.90,29.9000,true,1,1344148
7290004329808,false,כתף עגל טרי,,,כתף עגל טרי,קילוגרמים,1.00,"ק""ג",true,,69.00,69.0000,true,1,1344151
7290004329860,false,אסאדו עם עצם,,,אסאדו עם עצם,קילוגרמים,1.00,"ק""ג",true,,59.90,59.9000,true,1,1344156
7290004339012,false,שניצל אמיתי מהצומח,,,שניצל אמיתי מהצומח,גרמים,450.00,100 גרם,false,,27.90,0.0620,true,1,2500575
7290004339173,false,המבורגר קינואה 400גר,טבע דלי,IL,"בורגר צמחוני קינואה, עדשי",גרמים,400.00,100 גרם,false,,24.90,0.0622,true,1,1329237
7290004339425,false,שווארמה מהצומח סייטן,טבע דלי בעמ,IL,שווארמה מהצומח,גרמים,350.00,100 גרם,false,,22.90,0.0654,true,1,1329240
7290004339432,false,סייטן קפוא טבעי טבע,טבע דלי בעמ,IL,"גוש סייטן כפרי (""בשר"", מק",גרמים,500.00,100 גרם,false,,17.90,0.0358,true,1,1329241
7290004339630,false,סייטן טבעי טבע דלי 3,טבע דלי,IL,סייטן בסגנון טבעי,גרמים,350.00,100 גרם,false,,19.90,0.0569,true,1,1329247
7290004339777,false,סייטן טחון בולונז,טבע דלי,IL,בולונז מהצומח,גרמים,350.00,100 גרם,false,,25.90,0.0740,true,1,1329255
7290004339838,false,קבב מהצומח.,טבע דלי,IL,קבב סייטן מהצומח,גרמים,350.00,100 גרם,false,,25.90,0.0740,true,1,1329259
7290004339937,false,סייטן אמרנט רצועות ב,,,סייטן אמרנט רצועות ב,גרמים,350.00,100 גרם,false,,24.90,0.0711,true,1,1414949
7290004353346,false,ספוג רחצה הידרופילי,יושלם,,כפפה מוסקו,יחידה,0.00,יחידה,false,,15.00,0.0000,true,1,1323730
7290004386825,false,שעועית בגודל ענק אפויה ברוטב עגבניות -מוכן לאכילה,וילי פוד,,שעועית ענק ברוטב עגב,גרמים,420.00,100 גרם,false,,9.90,0.0236,true,1,2413210
7290004456023,false,הודו נקבה שלם,,,הודו נקבה שלם,קילוגרמים,1.00,"ק""ג",true,,24.90,24.9000,true,1,1344157
7290004456061,false,כבד עגל טרי,,,כבד עגל טרי,קילוגרמים,1.00,"ק""ג",true,,24.90,24.9000,true,1,1344159
7290004456078,false,"חזה בקר ע""ע טרי",,,"חזה בקר ע""ע טרי",קילוגרמים,1.00,"ק""ג",true,,49.90,49.9000,true,1,1344160
7290004456085,false,סטייק אנטריקוט עם עצ,,,סטייק אנטריקוט עם עצ,קילוגרמים,1.00,"ק""ג",true,,99.00,99.0000,true,1,1344161
7290004456801,false,פרגיות עוף שלם טרי,,,פרגיות עוף שלם טרי,קילוגרמים,1.00,"ק""ג",true,,59.90,59.9000,true,1,1344166
7290004456931,false,עוף טרי מפורק,,,עוף טרי מפורק,קילוגרמים,1.00,"ק""ג",true,,24.90,24.9000,true,1,1344168
7290004464851,false,M.N.U קרם גוף 400 סמ'ק,,,קרם גוף מידנייט,מיליליטרים,400.00,"100 מ""ל",false,,25.90,0.0647,true,1,1327735
7290004469603,false,"צלחת עמוקה 21 ס""מ עד",,,"צלחת עמוקה 21 ס""מ עד",יחידה,0.00,יחידה,false,,4.90,0.0000,true,1,2488956
7290004470401,false,כוס פלסטיק 330 תמה,,,כוס פלסטיק 330 תמה,יחידה,0.00,יחידה,false,,2.90,0.0000,true,1,2488960
7290004480219,false,צדר גד לקג,מחלבות גד,IL,צ'דר,קילוגרמים,1.00,"ק""ג",true,,119.00,119.0000,true,1,2511923
7290004480332,false,גבינה גאודה קשה מחלב,מחלבות גד,IL,גבינה גאודה קשה מחלב,קילוגרמים,1.00,"ק""ג",true,,110.00,110.0000,true,1,2513422
7290004480349,false,גבינה גאודה עיזים מש,מחלבת גד,IL,גבינה גאודה עיזים מש,קילוגרמים,1.00,"ק""ג",true,,129.00,129.0000,true,1,2513423
7290004485191,false,עוף טבעי שלם במגש,,,עוף טבעי שלם במגש,קילוגרמים,1.00,"ק""ג",true,,29.90,29.9000,true,1,1329550
7290004485207,false,חזה עוף טבעי במגש,,,חזה עוף טבעי במגש,קילוגרמים,1.00,"ק""ג",true,,44.90,44.9000,true,1,1329551
7290004485214,false,פילה עוף טבעי במגש,,,פילה עוף טבעי במגש,קילוגרמים,1.00,"ק""ג",true,,49.90,49.9000,true,1,1329552
7290004485221,false,שניצל עוף טבעי במגש,,,שניצל עוף טבעי במגש,קילוגרמים,1.00,"ק""ג",true,,49.90,49.9000,true,1,1329553
7290004485238,false,סטייק פרגית עוף טבעי,,,סטייק פרגית עוף טבעי,קילוגרמים,1.00,"ק""ג",true,,74.90,74.9000,true,1,1329554
7290004485245,false,כרעיים עוף טבעי במגש,שי שירן,,כרעיים עוף טבעי במגש,קילוגרמים,1.00,"ק""ג",true,,39.90,39.9000,true,1,1329555
7290004485252,false,שוקיים עוף טבעי במגש,,,שוקיים עוף טבעי במגש,קילוגרמים,1.00,"ק""ג",true,,44.90,44.9000,true,1,1329556
7290004485269,false,ירכיים עוף טבעי במגש,,,ירכיים עוף טבעי במגש,קילוגרמים,1.00,"ק""ג",true,,34.90,34.9000,true,1,1329557
7290004485276,false,כנפיים עוף טבעי במגש,שי שירן,,כנפיים עוף טבעי במגש,קילוגרמים,1.00,"ק""ג",true,,14.90,14.9000,true,1,1329558
7290004485283,false,לב עוף טבעי במגש,,,לב עוף טבעי במגש,קילוגרמים,1.00,"ק""ג",true,,34.90,34.9000,true,1,1329559
7290004485290,false,כבד עוף טבעי במגש,,,כבד עוף טבעי במגש,קילוגרמים,1.00,"ק""ג",true,,39.90,39.9000,true,1,1329560
7290004492274,false,בייגלה טבעות מלוחות 400 ג',אתר בייגל - Food,IL,בייגל בייגל בייגלה מלח 40,גרמים,400.00,100 גרם,false,,9.90,0.0248,true,1,1341354
7290004494049,false,יין דלתון פומה סובני,"איי, בי, אינבוו",IL,יין דלתון,מיליליטרים,750.00,"100 מ""ל",false,,59.90,0.0799,true,1,1333803
7290004494063,false,יין דלתון פטיט סירה,דלתון,,יין דלתון,מיליליטרים,750.00,"100 מ""ל",false,,59.90,0.0799,true,1,1333804
7290004494131,false,יין דלתון קברנה סוביניון גליל,"איי, בי, אינבוו",IL,יין דלתון קברנה סובי,מיליליטרים,750.00,"100 מ""ל",false,,59.90,0.0799,true,1,2530396
7290004494148,false,יין דלתון מרלו גליל,"איי, בי, אינבוו",IL,יין דלתון מרלו D,מיליליטרים,750.00,"100 מ""ל",false,,59.90,0.0799,true,1,1333807
7290004494179,false,יין דלתון שרדונה 750,"איי, בי, אינבוו",IL,יין דלתון שרדונה D,מיליליטרים,750.00,"100 מ""ל",false,,59.90,0.0799,true,1,1333808
7290004494315,false,יין דלתון מוסקט 750,דלתון,,יין דלתון מוסקאטו,מיליליטרים,750.00,"100 מ""ל",false,,39.90,0.0532,true,1,1333810
7290004494353,false,יין דלתון עלמה לבן 2,יקב דלתון בעמ,IL,יין דלתון עלמה,מיליליטרים,750.00,"100 מ""ל",false,,79.90,0.1065,true,1,1333812
7290004494377,false,יין דלתון שיראז גליל,"איי, בי, אינבוו",IL,יין דלתון שיראז D,מיליליטרים,750.00,"100 מ""ל",false,,59.90,0.0799,true,1,1333813
7290004494919,false,כנען אדום קברנה שירא,דלתון,IL,יין דלתון שיראז,מיליליטרים,750.00,"100 מ""ל",false,,39.90,0.0532,true,1,1380223
7290004502690,false,וודקה פילנדיה 1 ליטר,,,פינלנדיה 1 ליטר.,ליטרים,1.00,ליטר,false,,94.90,94.9000,true,1,2497739
7290004502690,false,וודקה פילנדיה 1 ליטר,,,פינלנדיה 1 ליטר,מיליליטרים,1000.00,"100 מ""ל",false,,89.90,0.0899,true,1,2441288
7290004532062,false,הטיב גרעיני אבטיח 200ג בשקית,דין שיווק,,גרעיני אבטיח 200 גרם,גרמים,200.00,100 גרם,false,,11.90,0.0595,true,1,1334636
7290004532369,false,"מנצ""יס פיקנטי הטיב 1","גיי אנג גי פקאנס בע""",IL,חטיף מנצ'יס 180 גרם.,גרמים,180.00,100 גרם,false,,7.90,0.0439,true,1,1334658
7290004536336,false,רפיל ספירה דוחה יתושים 45 לילות,זובלה,IT,רפיל נוזל להרחקת יתושים ל,מיליליטרים,35.00,"100 מ""ל",false,,19.90,0.5686,true,1,1346506
7290004544539,false,לחמניית סנדבייץ ללא,,,לחמניית סנדבייץ ללא,"י""ח",6.00,"י""ח",false,,17.90,2.9833,true,1,2543905
7290004544546,false,שליש בגט ללא גולטן,,,שליש בגט ללא גולטן,"י""ח",4.00,"י""ח",false,,17.90,4.4750,true,1,2543906
7290004544553,false,לחמניה המבורגר,,,לחמניה המבורגר,"י""ח",4.00,"י""ח",false,,17.90,4.4750,true,1,2543907
7290004544560,false,לחמניה מיני ללא גול,,,לחמניה מיני ללא גול,"י""ח",10.00,"י""ח",false,,17.90,1.7900,true,1,2543908
7290004544577,false,מאפים בסיס לפיצה ללא,מאפיית אריאל,IL,בסיס אפוי לפיצה ללא,"י""ח",2.00,"י""ח",false,,22.90,11.4500,true,1,2543909
7290004549350,false,גרעיני חמניה ששון הק,דין שיווק,,גרעין שחור קלוי 400,גרמים,400.00,100 גרם,false,,8.90,0.0223,true,1,1327532
7290004554354,false,גלידת פנטזיה שוקו וניל 1 ל' שטראוס,"גלידת שטראוס בע""מ, ר",IL,פנטזיה ש.ו פסח,ליטרים,1.00,ליטר,false,,22.90,22.9000,true,1,1337052
7290004554903,false,"גלידת פנטזיה שוקו וניל 900 מ""ל שטראוס","גלידת שטראוס בע""מ, ר",IL,פנט' פרווה פסח ו/ש,ליטרים,1.00,ליטר,false,,22.90,22.9000,true,1,1337053
7290004584351,false,גבינה במרקם שמנת 5% טבעי 200 ג' סימפוניה,"שטראוס בריאות בע""מ",IL,סימפ' החמישית,גרמים,200.00,100 גרם,false,,10.90,0.0545,true,1,1341876
7290004584528,false,דנונה ביו יוגורט טבעי 1.5% 200 ג',מיוצר עי קונדיטוריית,IL,"דנונה ביו טבעי 1.5%, 200",גרמים,200.00,100 גרם,false,,3.30,0.0165,true,1,1341877
7290004585907,false,דני ועדן וניל 1.5% 125ג' שטראוס,מיוצר עי קונדיטוריית,IL,דני וניל,גרמים,125.00,100 גרם,false,,2.70,0.0216,true,1,1341878
7290004603175,false,מלח הארץ מלחייה גס 500 גרם,תעשיות מלח לישראל,IL,מלח הים האדום גס 500 גרם,גרמים,500.00,100 גרם,false,,7.90,0.0158,true,1,1339343
7290004639006,false,קוסקוס טוניסאי קפוא,,,קוסקוס טוניסאי 800 ג,גרמים,800.00,100 גרם,false,,14.90,0.0186,true,1,1355185
7290004645328,false,"פילה סלמון נורבגי בד""ץ",,,פילה סלמון קפוא,קילוגרמים,1.00,"ק""ג",true,,79.00,79.0000,true,1,2538170
7290004652401,false,ג'חנון ללא מרגרינה שגב 650 גר' לנדא,שף שגב,,"ג""חנון ללא מרגרינה 6",גרמים,650.00,100 גרם,false,,19.90,0.0306,true,1,2488689
7290004652418,false,"מיני ג""חנון ללא מרגר",,,"מיני ג""חנון ללא מרגר",גרמים,650.00,100 גרם,false,,19.90,0.0306,true,1,2488690
7290004658953,false,סובניון בלאן לבן יבש,"כד בני דרום בע""מ",IL,יין סוביניון בלאן,מיליליטרים,750.00,"100 מ""ל",false,,38.90,0.0519,true,1,1308273
7290004658960,false,אמרלד ריזלינג לבן חצי יבש,אגודת הכורמים הקואופ,IL,יין אמרלד ריזלינג,מיליליטרים,750.00,"100 מ""ל",false,,38.90,0.0519,true,1,1308274
7290004685010,false,לחם 100% שיפון פלוס לחם הארץ 500 גר',מאפית י את א ברמן בע,IL,לחם קל שיפון 100%,גרמים,500.00,100 גרם,false,,15.50,0.0310,true,1,1506011
7290004685027,false,ברמן לחם הארץ מחיטה מלאה קל 500גר,מאפית י את א ברמן בע,IL,לחם קל מחיטה מלאה,גרמים,500.00,100 גרם,false,,15.90,0.0318,true,1,1506012
7290004685126,false,לחם פומפרניקל לחם הארץ 750 גרם,מאפית י את א ברמן בע,IL,לחם הארץ 5 דגנים 750,גרמים,750.00,100 גרם,false,,14.90,0.0199,true,1,1327428
7290004685157,false,לחם שיפון 100% 750 גרם לחם הארץ,מאפית י את א ברמן בע,IL,לחם הארץ שיפון 750 ג,גרמים,750.00,100 גרם,false,,15.50,0.0207,true,1,1327431
7290004685195,false,לחם 10 דגנים לחם הארץ 750 גרם,מאפית י את א ברמן בע,IL,לחם הארץ 10 דגנים 75,גרמים,750.00,100 גרם,false,,15.50,0.0207,true,1,1327432
7290004685201,false,לחם שיפון אגוזים לחם,מאפית י את א ברמן בע,IL,לחם הארץ שיפון אגוזי,גרמים,500.00,100 גרם,false,,15.50,0.0310,true,1,1327433
7290004685225,false,לחם פומפרניקל לחם הארץ 750 גרם,מאפית י את א ברמן בע,IL,לחם הארץ שיפון פומפר,גרמים,750.00,100 גרם,false,,15.50,0.0207,true,1,1327434
7290004685430,false,לחם כוסמין לחם הארץ,מאפית י את א ברמן בע,IL,לחם כוסמין 100%,גרמים,500.00,100 גרם,false,,15.50,0.0310,true,1,1546665
7290004685447,false,לחמניות כוסמין 6 יחי' 450 גר',מאפית י את א ברמן בע,IL,לחמניות כוסמין 6 יח,גרמים,450.00,100 גרם,false,,13.90,0.0309,true,1,2378551
7290004731076,false,אל סבון אלוורה כיף 1 ל',טרופיקל דגיל תעשיות,IL,אל סבון כיף אלוורה 1ליטר,ליטרים,1.00,ליטר,false,,10.90,10.9000,true,1,1319707
7290004731083,false,כיף - סבון ידיים ג'ינסנג 1 ליטר,טרופיקל דגיל תעשיות,IL,אל סבון כיף ג'ינסנג1ליטר,ליטרים,1.00,ליטר,false,,10.90,10.9000,true,1,1319708
7290004731090,false,אל סבון קמומיל כיף 1 ל',קוסמופארם,IL,אל סבון כיף קמומיל 1ליטר,ליטרים,1.00,ליטר,false,,10.90,10.9000,true,1,1319709
7290004731410,false,סנו סושי כרית קרצוף ירוק שלישיה,קריות זול,IL,סנו סושי3כרית קרצוף ירוק,יח',3.00,יח',false,,9.90,3.3000,true,1,1319722
7290004731472,false,"אל סבון צבעוני כיף שלישיה* 500 מ""ל",טרופיקל דגיל תעשיות,IL,500מX3 אלסבון כיף צבעוני,ליטרים,1.50,ליטר,false,,19.90,13.2667,true,1,1319723
7290004731519,false,"מרכך ומבשם מקסימה למייבש אולטרה פרש 750 מ""ל סנו",קריות זול,IL,מקסימה למייבש סנסטיב750מ,מיליליטרים,750.00,"100 מ""ל",false,,19.90,0.0265,true,1,1319724
7290004731557,false,"סנו מקסימה למייבש מאסק 750 מ""ל",סנו,IL,מקסימה למייבש מאסק 750מל,מיליליטרים,750.00,"100 מ""ל",false,,19.90,0.0265,true,1,1319725
7290004731564,false,"סנו - מקסימה מרסס למייבש כביסה פריחה כחולה 750 מ""ל",סנו,IL,מרסס למייבש כביסה סנ,מיליליטרים,750.00,"100 מ""ל",false,,19.90,0.0265,true,1,1679665
7290004731670,false,"סנו דואופרש פצ'ולי לבנדר 300 מ""ל","סנו מפעלי ברונוס בע""",IL,דואו פרש פצ'ולי לבנדר300,מיליליטרים,300.00,"100 מ""ל",false,,12.90,0.0430,true,1,1319727
7290004731687,false,"סנו דואופרש וניל 300 מ""ל",קריות זול,IL,דואו פרש וניל למון 300מל,מיליליטרים,300.00,"100 מ""ל",false,,12.90,0.0430,true,1,1319728
7290004737900,false,וילי פוד חלב מרוכז ממותק397ג,יו.איי.בי מאריג'אמפו,LT,חלב מרוכז ממותק 397גרם,גרמים,397.00,100 גרם,false,,9.90,0.0249,true,1,1308772
7290004737955,false,ממרח חמאה לורפאק במש,,,ממרח חמאה בלגית,קילוגרמים,1.00,"ק""ג",true,,39.00,39.0000,true,1,1308773
7290004810207,false,פרש וואנס פדיות קוסמ,על בד,IL,פ.ו פדיות קוסמטיות 80יח',יח',80.00,יח',false,,5.90,0.0738,true,1,1353115
7290004952785,false,פריכיות דקות מאורז מ,פרח תעשיות,IL,פריכיות אורז וכוסמת,גרמים,100.00,100 גרם,false,,10.90,0.1090,true,1,1389606
7290004952792,false,פריכיות דקות מאורז מ,פרח תעשיות,IL,פריכיות אורז מלא אור,גרמים,100.00,100 גרם,false,,10.90,0.1090,true,1,1389607
7290004982355,false,צדר טריפל סיימן במשק,,,גבינה צדר אנגלי 3 צב,קילוגרמים,1.00,"ק""ג",true,,109.00,109.0000,true,1,1579454
7290004982393,false,גבינה ברס בלו במשקל1,ברס,,"גבינה ברס בלו 1 ק""ג",קילוגרמים,1.00,"ק""ג",true,,185.00,185.0000,true,1,1579436
7290005008184,false,"פלמוליב - תחליב רחצה נטורלס שקדים 500 מ""ל",הנסיך- מפעל לייצור ט,TR,פלמוליב שקדים 500מל חדש,מיליליטרים,500.00,"100 מ""ל",false,,15.90,0.0318,true,1,1338713
7290005008191,false,"פלמוליב סבון נוזלי בניחוח ארומה סגול, 500 מ""ל",הנסיך- מפעל לייצור ט,TR,פלמוליב ארומה סגול 500מל,מיליליטרים,500.00,"100 מ""ל",false,,15.90,0.0318,true,1,1338714
7290005008481,false,ספיד סטיק - דאודורנט ג'ל לגבר ספורט 85 גרם,הנסיך- מפעל לייצור ט,BY,ספיד סטיק גל בסיסי ספורט,גרמים,85.00,100 גרם,false,,17.90,0.2106,true,1,1338715
7290005020162,false,"וויסקי בלנטיינ'ס 700 מ""ל",פרנו,,וויסקי בלנטיינס 40%,מיליליטרים,700.00,"100 מ""ל",false,,79.90,0.1141,true,1,1323927
7290005020346,false,בקרדי קרטה בלנקה סופ,תאגיד בקרדי,US,בקרדי לבן,מיליליטרים,750.00,"100 מ""ל",false,,109.90,0.1465,true,1,1867897
7290005068058,false,תירס קל מופחת קלוריות 550 ג' פרי הגליל,"פרי הגליל בע""""מ",IL,תירס קל א -2פג,גרמים,550.00,100 גרם,false,,6.90,0.0125,true,1,1347296
7290005068447,false,"גרגרי תירס קל בוואקום ללת""ס פרי גליל 340ג'","פרי הגליל בע""""מ",IL,תירס קל 12אונק פג,גרמים,340.00,100 גרם,false,,5.90,0.0174,true,1,1347297
7290005068492,false,לקט ירקות מעורבים 700 ג' פרי הגליל,"פרי הגליל בע""""מ",IL,לקט ירק מעורב 700( 20יח'),גרמים,700.00,100 גרם,false,,9.90,0.0141,true,1,1347298
7290005068553,false,לקט ירקות בורגנדי 700 ג' פרי הגליל,"פרי הגליל בע""""מ",IL,לקט בורגונדי 700,גרמים,700.00,100 גרם,false,,9.90,0.0141,true,1,1347299
7290005068621,false,ברוקולי קפוא פרי גליל 800ג',"פרי הגליל בע""""מ",IL,ברוקולי 800פג רבנות,גרמים,800.00,100 גרם,false,,11.90,0.0149,true,1,1347300
7290005079238,false,בולגרית עיזים מעודנת,משק צוריאל,IL,"פטה עיזים מעודנת 16% 4 ק""",קילוגרמים,1.00,"ק""ג",true,,90.00,90.0000,true,1,1328525
7290005079290,false,גבינה צהובה נעם 15%,,,גבינה צהובה נעם 15%,קילוגרמים,1.00,"ק""ג",true,,69.00,69.0000,true,1,1399274
7290005079320,false,בולגרית 24% גלילית צ,,,בולגרית 24% גלילית צ,קילוגרמים,1.00,"ק""ג",true,,59.00,59.0000,true,1,1431091
7290005079344,false,"גבינת מוצרלה נעם ק""ג",,,"גבינת מוצרלה נעם ק""ג",קילוגרמים,1.00,"ק""ג",true,,79.00,79.0000,true,1,1828756
7290005079412,false,חריץ אמנטל נעם,,,חריץ אמנטל נעם,קילוגרמים,1.00,"ק""ג",true,,59.00,59.0000,true,1,2381776
7290005084355,false,"סנסודיין - משחת שיניים דואל קר זהב 75 מ""ל",גלקסו סמית קליין,GB,"סנסודיין דואלקר 75 מ""ל",מיליליטרים,75.00,"100 מ""ל",false,,19.90,0.2653,true,1,1346510
7290005084904,false,"ג""ל אלו-ורה",כצט,IL,SHOW ג'ל אלוורה,מיליליטרים,50.00,"100 מ""ל",false,,12.80,0.2560,true,1,1346511
7290005113222,false,זיתים קוקטייל וגמבה יבנה 350ג',קדבורי,IL,מיקס זיתים,גרמים,560.00,100 גרם,false,,6.90,0.0123,true,1,1359285
7290005172007,false,טוסטר לחיצה 4 נירוסט,,,טוסטר לחיצה 4 נירוסט,יחידה,0.00,יחידה,false,,199.90,0.0000,true,1,2512371
7290005172212,false,טוסטר קופץ דפנות חמו,,,טוסטר קופץ דפנות חמו,יחידה,0.00,יחידה,false,,59.90,0.0000,true,1,2512372
7290005174513,false,חציל אחלה במיונז 500 ג' אחלה+ 33% תוספת,מיוצר עי קונדיטוריית,IL,חצילים במיונז 500 ג,גרמים,500.00,100 גרם,false,,13.90,0.0278,true,1,1341879
7290005174551,false,סלט חומוס עם צנוברים 125 ג' אחלה,מיוצר עי קונדיטוריית,IL,חומוס יום-יום 125 גרם,גרמים,125.00,100 גרם,false,,4.50,0.0360,true,1,1341880
7290005174568,false,חציל אחלה במיונז 125 גר',"שטראוס גרופ בע""מ",IL,חציל במיונז 125 גרם,גרמים,125.00,100 גרם,false,,4.50,0.0360,true,1,1341881
7290005174575,false,טחינה אחלה יום יום משובחת 125ג',מיוצר עי קונדיטוריית,IL,טחינה 125 משובחת,גרמים,125.00,100 גרם,false,,4.50,0.0360,true,1,1341882
7290005175589,false,וילי פוד קמח תירס ללא גלוטן 1קג,קריות זול,AR,קמח תירס 1ק'ג,קילוגרמים,1.00,"ק""ג",false,,9.90,9.9000,true,1,1308775
7290005197758,false,עוגיות חיוכים שוקו שוקו 150ג',אפיפית נצרת תעשיות ב,IL,"חיוכים שוקו 150 בד""צ/24יח",גרמים,150.00,100 גרם,false,,4.90,0.0327,true,1,1342576
7290005199738,false,גומי מאסט בטעם פפרמינט ריח פה נעים פליפטופ 28 ג' עלית,"שטראוס גרופ בע""מ",IL,LL Must ריח פה פפרמינט,גרמים,30.00,100 גרם,false,,3.90,0.1300,true,1,1342584
7290005200786,false,תפוצ'יפס שמנת ובצל 50 גרם,"שטראוס פריטו ליי בע""",IL,תפו50 שמנת ובצל-חדש/1שק'/,גרמים,50.00,100 גרם,false,,3.90,0.0780,true,1,1343257
7290005201455,false,קפה נמס ארומה עלית 200 ג',"אינסטנטה בע""מ",IL,ארומה 200ג' חדש/6יח'/200ג,גרמים,200.00,100 גרם,false,,24.90,0.1245,true,1,1342589
7290005201882,false,קפה טורקי קלוי וטחון,הנסיך- מפעל לייצור ט,IL,כשלפ טורקי שקית 200,גרמים,200.00,100 גרם,false,,15.90,0.0795,true,1,1342591
7290005270000,false,עלי סיגר מרוקאי 500,חמים וטעים,IL,עלי סיגר 500 גרם,גרמים,500.00,100 גרם,false,,13.90,0.0278,true,1,1323678
7290005287206,false,טונה בשמן סטארקיסט 4*160 ג',"סטארקיסט פודור בע""מ",,טונה סטארקיסט רביעיה,גרמים,640.00,100 גרם,false,,24.90,0.0389,true,1,1306810
7290005287251,false,טונה במים סטארקיסט 4*160 ג',"איטיליאן פוד, אס.פי.",,טונה סטארקיסט רביעיה,גרמים,640.00,100 גרם,false,,24.90,0.0389,true,1,1306811
7290005287510,false,טונה בשמן עם בפלפל חריף 160 ג' סטארקיסט,תאי יוניון גרופ,TH,טונה ס.ק בשמן עם פלפ,גרמים,160.00,100 גרם,false,,7.90,0.0494,true,1,1306813
7290005287527,false,טונה בשמן עם לימון 160 ג' סטארקיסט,תאי יוניון גרופ,TH,טונה ס.ק בשמן עם לימ,גרמים,160.00,100 גרם,false,,7.90,0.0494,true,1,1306814
7290005287534,false,טונה בשמן עישון טבעי 160 ג' סטארקיסט,תאי יוניון גרופ,TH,טונה ס.ק בשמן עישון,גרמים,160.00,100 גרם,false,,7.90,0.0494,true,1,1306815
7290005287657,false,סטארקיסט ממרח טונה 160 ג',סטארקיסט,IL,ממרח טונה 160 גרם,גרמים,160.00,100 גרם,false,,8.90,0.0556,true,1,1306823
7290005296246,false,"פותח סתימות דריין אאוט 946 מ""ל יעקבי",יוליניבר,US,פותח סתימות DRAIN OUT,מיליליטרים,946.00,"100 מ""ל",false,,29.90,0.0316,true,1,1325577
7290005317125,false,ביסקוויט חצי מצופה 175 גר',אפיפית נצרת תעשיות ב,IL,חצי מצופה תה ביסקויט רגיל,גרמים,175.00,100 גרם,false,,4.90,0.0280,true,1,1348188
7290005317194,false,בסקויט מתוק רגיל/שוקו 110 גר,אפיפית נצרת,IL,ביסקויט תה ביסקויט רגיל,גרמים,110.00,100 גרם,false,,3.50,0.0318,true,1,1348189
7290005317200,false,קרקר טופז טעמים שונים 110 גר,אפיפית נצרת,IL,קרקר טופז רגיל 24/0.110 ה,גרמים,110.00,100 גרם,false,,2.90,0.0264,true,1,1348190
7290005326523,false,ממרח פסטו פטרוזיליה ונענע 180 ג' אוליביה,אוליביה,IL,פסטו פטרוזיליה ונענע 180,גרמים,180.00,100 גרם,false,,12.90,0.0717,true,1,1309081
7290005326585,false,ממרח אוליביה פסטו בזיליקום 180 ג',"אוליביה גורמה בע""מ",IL,פסטו בזיליקום-אוליבי,גרמים,180.00,100 גרם,false,,9.90,0.0550,true,1,1996829
7290005326677,false,רוטב ברביקיו 350 גרם,,,רוטב ברביקיו,גרמים,350.00,100 גרם,false,,12.90,0.0369,true,1,1970194
7290005375644,false,מפזר לאמבטיה 2200W,המילטון Hemilton,,מפזר לאמבטיה 2200W,יחידה,0.00,יחידה,false,,159.90,0.0000,true,1,2543097
7290005384837,false,"מיץ לימונים מלימונים טריים 500 מ""ל",דריבדוס סיטרוס,IT,מיץ לימון מלימונים טריים,מיליליטרים,500.00,"100 מ""ל",false,,7.90,0.0158,true,1,1308782
7290005384851,false,וילי פוד מיץ לימון בדץ 200מל,קריות זול,IT,"מיץ לימון 200 מ""ל",מיליליטרים,200.00,"100 מ""ל",false,,3.90,0.0195,true,1,1308783
7290005384899,false,בסיגנון פטה ים תיכונ,יושלם,DK,פטינה על בסיס ש'צ 12ק'ג(ח,קילוגרמים,1.00,"ק""ג",true,,24.90,24.9000,true,1,1308785
7290005400155,false,פתיתים אפויים כוסמין,,,פתיתים אפויים כוסמין,גרמים,500.00,100 גרם,false,,14.90,0.0298,true,1,1928769
7290005416033,false,משקה יוגורט עיזים טל,"ל.ד בר אל בע""מ",IL,יוגורט עיזים טבעי 50,גרמים,500.00,100 גרם,false,,14.90,0.0298,true,1,2423310
7290005416095,false,גבינה עיזים 5% טל 20,"ל.ד בר אל בע""מ",IL,גבינת עיזים 5% 200 ג,גרמים,200.00,100 גרם,false,,14.90,0.0745,true,1,2423311
7290005416262,false,יוגורט עיזים ביו עם תות 3.5%,"ל.ד בר אל בע""מ",IL,יוגורט עיזים עם תות,גרמים,500.00,100 גרם,false,,14.90,0.0298,true,1,2423313
7290005416279,false,יוגורט עיזים ביו עם פירות יער 3.5%,"ל.ד בר אל בע""מ",IL,יוגורט עיזים עם פירו,גרמים,500.00,100 גרם,false,,14.90,0.0298,true,1,2423314
7290005416286,false,יוגורט עיזים ביו עם אננס 3.5%,"ל.ד בר אל בע""מ",IL,יוגורט עיזים עם אננס,גרמים,500.00,100 גרם,false,,14.90,0.0298,true,1,2423315
7290005416293,false,יוגורט ביו מחלב עיזים עם אפרסק 3.5%,"ל.ד בר אל בע""מ",IL,יוגורט עיזים עם אפרס,גרמים,500.00,100 גרם,false,,14.90,0.0298,true,1,2423316
7290005416415,false,יוגורט עיזים בגביע 2,מחלבת טל,,יוגורט עיזים בגביע 2,גרמים,200.00,100 גרם,false,,5.90,0.0295,true,1,2423317
7290005416491,false,משקה יוגורט עיזים טל,מחלבת טל טלה,IL,יוגורט עיזים 750 גרם,גרמים,750.00,100 גרם,false,,19.90,0.0265,true,1,2423318
7290005416576,false,יוגורט ביו מחלב עיזים עם פירות יער 3.5%,מחלבת טל,,יוגורט עיזים בגביע 1,גרמים,150.00,100 גרם,false,,5.90,0.0393,true,1,2425000
7290005416583,false,יוגורט ביו מחלב עיזים עם תות 3.5%,מחלבת טל,,יוגורט עיזים בגביע 1,גרמים,150.00,100 גרם,false,,5.90,0.0393,true,1,2423319
7290005416590,false,יוגורט ביו מחלב עיזים עם אפרסק 3.5%,מחלבת טל,,יוגורט עיזים בגביע 1,גרמים,150.00,100 גרם,false,,5.90,0.0393,true,1,2423325
7290005418693,false,"לחות לשיער מלא ברק 400 מ""ל",,,קרם לחות לשיער נטורל,מיליליטרים,400.00,"100 מ""ל",false,,19.90,0.0497,true,1,1344517
7290005418723,false,"נטורל קרם לחות לשיער חלק ברגע קליל 400 מ""ל",,,קרם לחות לשיער נטורל,מיליליטרים,400.00,"100 מ""ל",false,,19.90,0.0497,true,1,1344520
7290005418891,false,"אקזיט - ג'ל אסטרים לעיצוב רטוב 500 מ""ל",,,ג'ל לשיער אקסטרים,מיליליטרים,500.00,"100 מ""ל",false,,19.90,0.0398,true,1,1344521
7290005423055,false,סנו פורטה פלוס מתז בניחות לימון 1 ל',"סנו מפעלי ברונוס בע""",IL,פורטה פלוס 1 ליטר XL,ליטרים,1.00,ליטר,false,,17.90,17.9000,true,1,2185871
7290005423086,false,"סנומוד באראסיד 150מ""ל",סנו מפעלי ברונוס בעמ,IL,מטהר אויר סנומוד,מיליליטרים,150.00,"100 מ""ל",false,,10.90,0.0727,true,1,1846483
7290005423253,false,"סנו - מקסימה מרסס למייבש כביסה אולטרה פרש 750 מ""ל","סנו מפעלי ברונוס בע""",IL,"מקסימה למייבש פרש 750מ""ל",מיליליטרים,750.00,"100 מ""ל",false,,19.90,0.0265,true,1,1319732
7290005423383,false,מטהר אויר סנומוד,,,מטהר אויר סנומוד,מיליליטרים,150.00,"100 מ""ל",false,,10.90,0.0727,true,1,1846484
7290005423482,false,"סנו קרם לניקוי כיריים קרמיים 300 מ""ל",מיוצר עי קונדיטוריית,IL,קרם לניקוי כיריים קר,מיליליטרים,300.00,"100 מ""ל",false,,19.90,0.0663,true,1,1319741
7290005423499,false,"סנו נירוסטה אירוסול 500 מ""ל",מיוצר עי קונדיטוריית,IL,סנו נירוסטה אירוסול500מל,מיליליטרים,500.00,"100 מ""ל",false,,19.90,0.0398,true,1,1319742
7290005423505,false,"אורביטול מי פה להלבנת השיניים 500 מ""ל",קוסמופארם,IL,"מי פה אורביטול 500 מ""ל",מיליליטרים,500.00,"100 מ""ל",false,,17.90,0.0358,true,1,1319743
7290005423543,false,אורביטול - משחת שיניים להלבנה 145 גרם,טרופיקל דגיל תעשיות,IL,משחת אורביטול להלבנה145ג,גרמים,145.00,100 גרם,false,,9.90,0.0683,true,1,1319744
7290005423567,false,מטליות לניקוי כללי בגליל 40 יח' סנו סושי,אסותא תעשיות אלבד בע,IL,40מטליות לניקוי סנו סושי,יח',40.00,יח',false,,19.90,0.4975,true,1,1319745
7290005423635,false,ריצפז נוזל לניקוי רצפות דוחה חרקים 2 ל',מיוצר עי קונדיטוריית,IL,ריצפז פלוס דוחה תיקנים2ל,ליטרים,2.00,ליטר,false,,22.90,11.4500,true,1,1319746
7290005423888,false,אלסבון כיף שלישיה מעורב,טרופיקל דגיל תעשיות,IL,500מלX3 אלסבון כיף מעורב,מיליליטרים,1500.00,"100 מ""ל",false,,19.90,0.0133,true,1,1319750
7290005424014,false,"אבקת כביסה פיסגה קלה 6 ק""ג סנו","מפעלי ברונוס בע""מ",IL,"אבקת כביסה פיסגה 6 ק""ג",קילוגרמים,6.00,"ק""ג",false,,39.90,6.6500,true,1,1319753
7290005424021,false,"מנטרל ריחות פרשם הום 350 מ""ל סנו",,,פרש הום מנטרל ריחות,מיליליטרים,350.00,"100 מ""ל",false,,18.90,0.0540,true,1,2542590
7290005424113,false,מטליות רצפה 4 יח' סנו סושי,עופרטקס,IL,4סנו סושי מטלית רצפ+כרית,יח',4.00,יח',false,,14.90,3.7250,true,1,1319755
7290005424205,false,ריצפז פלוס נוזל לרצפה דוחה חרקים 4 ל',סנו,IL,ריצפז פלוס דוחה תיקנים4ל,ליטרים,4.00,ליטר,false,,39.90,9.9750,true,1,1319757
7290005424403,false,"אל סבון כיף אצות ים קטיפתי 1ליטר,",טרופיקל דגיל תעשיות,IL,אל סבון כיף אצות ים1ליטר,ליטרים,1.00,ליטר,false,,10.90,10.9000,true,1,1319759
7290005424700,false,סנו - פורטה פלוס מרסס מסיר שומנים 1 ליטר,סנו,IL,"סנו פורטה פלוס 750 מ""ל",ליטרים,1.00,ליטר,false,,17.90,17.9000,true,1,2015517
7290005424755,false,מטליות ריצפז פלוס לחות לניקוי רצפות דוחה תיקנים 10 יח' סנו,סנו מפעלי ברונוס בעמ,IL,ריצפז פלוס מטליות ענ,יח',10.00,יח',false,,14.90,1.4900,true,1,2013518
7290005424762,false,נוזל רצפות ריצפז ווקס דוחה חרקים 2 ליטר,"סנו מפעלי ברונוס בע""",IL,ריצפז+דוחה תיקנים+ווקס2ל,ליטרים,2.00,ליטר,false,,29.90,14.9500,true,1,1319764
7290005424809,false,סנו סושי סקוטש קרצוף ענק 3יח',קריות זול,IL,סנו סושי3כרית קרצוף אדום,יח',3.00,יח',false,,9.90,3.3000,true,1,1319767
7290005424991,false,"פרש אוטומטיק בניחוח בייבי פאודר 250 מ""ל סנו",סנו פרש Fresh,IL,מטהר אוויר פרש אוטומ,מיליליטרים,250.00,"100 מ""ל",false,,13.90,0.0556,true,1,2377104
7290005425073,false,"סנו דואופרש יסמין עץ סאנדלווד 300 מ""ל","סנו מפעלי ברונוס בע""",IL,דואו פרש יסמין סנדלווד,מיליליטרים,300.00,"100 מ""ל",false,,12.90,0.0430,true,1,1319772
7290005425110,false,"חיטוי משטחים 99.9% מתז מחטא ומשמיד 750 מ""ל","סנו מפעלי ברונוס בע""",IL,מתז לחיטוי משטחים 99,מיליליטרים,750.00,"100 מ""ל",false,,18.90,0.0252,true,1,2185934
7290005425127,false,"חיטוי משטחים 99.9% מתז לשומנים ואבנית 750 מ""ל","סנו מפעלי ברונוס בע""",IL,מתז לחיטוי עוצמתי 99,מיליליטרים,750.00,"100 מ""ל",false,,18.90,0.0252,true,1,2185935
7290005425196,false,"סנו לכביסה מקסימה סנסיטיב 2.5 ק""ג",מיוצר עי קונדיטוריית,IL,אבקת מקסימה סנסיטיב2.5קג,קילוגרמים,2.50,"ק""ג",false,,21.90,8.7600,true,1,1319774
7290005425202,false,"מקסימה לכביסה ביו 2.5 ק""ג","סנו מפעלי ברונוס בע""",IL,"אבקת מקסימה ביו 2.5 ק""ג",קילוגרמים,2.50,"ק""ג",false,,21.90,8.7600,true,1,1319775
7290005425585,false,סנו רהיט מטליות להברקת רהיטים 20יח',טרופיקל דגיל,IL,סנו רהיט 20 מטליות ניקוי,יח',20.00,יח',false,,16.90,0.8450,true,1,1319781
7290005425646,false,סנו קליר ספריי אקדח לניקוי והברקת חלונות 1ל',"סנו מפעלי ברונוס בע""",IL,'סנוקליר ניקוי חלונות 1ל,ליטרים,1.00,ליטר,false,,10.90,10.9000,true,1,1319783
7290005425714,false,לשטיחים סנופלוס ספרי,"איי, בי, אינבוו",IL,סנו שמפו שטיחים פלוס600מ,מיליליטרים,600.00,"100 מ""ל",false,,25.90,0.0432,true,1,1319786
7290005425912,false,אוקסיג'ן ג'ל מסיר כתמים 4 ל' סנו,סנו,IL,ג'ל אוקסיג'ן 4 ליטר,ליטרים,4.00,ליטר,false,,34.90,8.7250,true,1,1319790
7290005426193,false,ספוג הפלא אריזת סנו 6יח',טרופיקל דגיל תעשיות,IL,'ספוג הפלא סנו סושי 6 יח,יח',6.00,יח',false,,14.90,2.4833,true,1,1319795
7290005426230,false,מטלית הפלא לרצפה מיקרופייבר סנו 1יח',N.S.,IL,מטלית הפלא לרצפה ס.סושי,יח',1.00,יח',false,,10.90,10.9000,true,1,1319796
7290005426384,false,"סנומוד מיס מיליון, 150 מ""ל",סנו,IL,סנומוד מיס מיליון 150 מל,מיליליטרים,150.00,"100 מ""ל",false,,10.90,0.0727,true,1,1319801
7290005426575,false,"קרמה לחות לשיער יבש ללא שטיפה 400 מ""ל",טרופיקל דגיל תעשיות,IL,ק.לחות קרמה שיער יבש400מ,מיליליטרים,400.00,"100 מ""ל",false,,19.90,0.0497,true,1,1319805
7290005426629,false,"סנו דואופרש אורן לוטוס ופרחי מים ודובדבן, 300 מ""ל",סנו,IL,דואו פרש לוטוס ופרחי מים,מיליליטרים,300.00,"100 מ""ל",false,,12.90,0.0430,true,1,1319807
7290005426865,false,אורביטול - משחת שיניים לילדים בטעם מסטיק 70 גרם,טרופיקל דגיל,IL,משחה אורביטול מסטיק 70 ג,גרמים,70.00,100 גרם,false,,8.90,0.1271,true,1,1319811
7290005426964,false,סנובון כחול בריח אפרסק 3 יח' * 55 ג',קריות זול,IL,50גX3 סנובון כחול אפרסק,יח',3.00,יח',false,,15.90,5.3000,true,1,1319814
7290005426971,false,סנובון כחול בריח תפוח 3 יח' * 55 ג',קריות זול,IL,50גרXסנובון כחול תפוח 3י,יח',3.00,יח',false,,15.90,5.3000,true,1,1319815
7290005427619,false,"כיף גל לשיער לשיער קוצים 1ק""ג",גוד פוד פרודקטס S.p,IL,ג'ל כיף אקסטרים ירוק 1קג,קילוגרמים,1.00,"ק""ג",false,,22.90,22.9000,true,1,1319833
7290005427626,false,"כיף גל לשיער למראה רטוב 1 ק""ג",קוסמופארם בעמ,IL,ג'ל כיף אקסטרים כתום 1קג,קילוגרמים,1.00,"ק""ג",false,,22.90,22.9000,true,1,1319834
7290005427725,false,מגבונים ליטופים מארז חמישיה,טרופיקל דגיל,IL,'מגבוני ליטופים 5*72 יח,יח',360.00,יח',false,,19.90,0.0553,true,1,1319836
7290005427732,false,"כיף אלסבון 2ליטר ""מרכז""",קוסמופארם,IL,אלסבון כיף קמומיל 2 ליטר,ליטרים,2.00,ליטר,false,,22.90,11.4500,true,1,1319837
7290005427749,false,אל סבון אצות ים כיף 2 ל',טרופיקל דגיל תעשיות,IL,אלסבון כיף אצות ים 2ליטר,ליטרים,2.00,ליטר,false,,22.90,11.4500,true,1,1319838
7290005427756,false,אלסבון כיף 2 ליטר אלוורה,קוסמופארם,IL,אלסבון כיף אלוורה 2 ליטר,ליטרים,2.00,ליטר,false,,22.90,11.4500,true,1,1319839
7290005427763,false,אל סבון ג'ינסנג כיף 2 ל',קוסמופארם,IL,'אלסבון כיף ג'ינסינג 2 ל,ליטרים,2.00,ליטר,false,,22.90,11.4500,true,1,1319840
7290005427770,false,"קרמה - קרם לחות לשיער לגבר 400 מ""ל",טרופיקל דגיל תעשיות,IL,קרמה לחות לשיער לגבר400מ,מיליליטרים,400.00,"100 מ""ל",false,,19.90,0.0497,true,1,1319841
7290005427787,false,"קרמה - קרם לחות לשיער מתולתל 400 מ""ל",טרופיקל דגיל תעשיות,IL,ק.לחות קרמה ש.מתולתל400מ,מיליליטרים,400.00,"100 מ""ל",false,,19.90,0.0497,true,1,1319842
7290005427848,false,מטלית בגליל ורוד 40 יח' סנו סושי,קריות זול,IL,סנו סושי 30מט.בגליל ורוד,יח',40.00,יח',false,,19.90,0.4975,true,1,1319844
7290005427978,false,"קרמה תחליב רחצה לפנים 180 מ""ל",גוד פוד פרודקטס S.p,IL,קרמה תחליב רחצה לפנים180,מיליליטרים,180.00,"100 מ""ל",false,,14.90,0.0828,true,1,1319849
7290005427985,false,"קרמה תחליב רחצה לפנים בתוספת גרגירי פילינג 180 מ""ל",גוד פוד פרודקטס S.p,IL,קרמה ת.רחצה לפנים+ג.פילי,מיליליטרים,180.00,"100 מ""ל",false,,14.90,0.0828,true,1,1319850
7290005428845,false,סנו סופט מפיות 33*33 100 יח,"חי מוצרי נייר בע""מ",IL,סנו סושי מפיות אירוח100י,יח',100.00,יח',false,,6.90,0.0690,true,1,1319858
7290005429019,false,פיסגה לרצפות מבושם 4 ל',סנו,IL,פיסגה לרצפות 4 ליטר,ליטרים,4.00,ליטר,false,,22.90,5.7250,true,1,1319867
7290005430480,false,מטלית הפלא מיקרופייבר סנו סושי,קריות זול,CN,מטלית הפלא מיקרופייבר,יח',1.00,יח',false,,9.90,9.9000,true,1,1319870
7290005430602,false,"סנו - אוקסיג'ן מרסס מסיר כתמים 750 מ""ל","סנו מפעלי ברונוס בע""",IL,אוקסיג'ן מ.כתמ.מרסס 750מ,מיליליטרים,750.00,"100 מ""ל",false,,19.90,0.0265,true,1,1319874
7290005430626,false,סנו - אוקסיג'ן מסיר כתמים קשים 2 ליטר,סנו כימיקלים,,מסיר כתמים אוקסיגן 2,ליטרים,2.00,ליטר,false,,19.90,9.9500,true,1,1319875
7290005430671,false,סנו פוליווקס קרמיקה 2ל',סנו מפעלי ברונו בעמ,IL,'סנו פוליויקס קרמיקה 2 ל,ליטרים,2.00,ליטר,false,,24.90,12.4500,true,1,1319880
7290005430862,false,מים מזוקקים למגהץ ול,,,מים מזוקקים למגהץ ול,ליטרים,4.00,ליטר,false,,19.90,4.9750,true,1,1319884
7290005430961,false,סנו - מקסימה בד גארד נוזל 1 ליטר,יושלם,,טקסטיל שמפו לכביסה ב,ליטרים,1.00,ליטר,false,,15.90,15.9000,true,1,1319885
7290005431159,false,תותים בקצפת לייט 80 ג' עדן,עדן קינוחים,IL,תותים בקצפת לייט 80,גרמים,80.00,100 גרם,false,,5.90,0.0738,true,1,2485704
7290005431883,false,קינוח מלבי חלבי עדן,עדן קינוחים Eden,IL,מלבי חלבי 165 גרם,גרמים,165.00,100 גרם,false,,6.90,0.0418,true,1,2408609
7290005431906,false,קינוח קדאיף עדן 82 ג,עדן קינוחים Eden,IL,קדאיף 82 גרם,גרמים,82.00,100 גרם,false,,6.90,0.0841,true,1,2408611
7290005431913,false,עוגת גבינה פירורים 92 גרם.,עדן קינוחים Eden,IL,עוגת גבינה פירורים 9,גרמים,92.00,100 גרם,false,,6.90,0.0750,true,1,2408612
7290005431920,false,עוגת גבינה פירורים ללא תוספת סוכר,עדן קינוחים Eden,IL,עוגת גבינה פירורים ל,גרמים,78.00,100 גרם,false,,6.90,0.0885,true,1,2408613
7290005431937,false,קינוח טירמיסו עדן 82,עדן קינוחים Eden,IL,עוגת טירימיסו 82 גרם,גרמים,82.00,100 גרם,false,,6.90,0.0841,true,1,2408614
7290005431968,false,מלבי שמנת עדן קינוחי,עדן קינוחים Eden,IL,מלבי שמנת עדן קינוחי,גרמים,150.00,100 גרם,false,,7.90,0.0527,true,1,2424620
7290005437540,false,פיטריות חתוך טעמן 290 גר',,,פטריות חתוך 5.5,גרמים,290.00,100 גרם,false,,3.90,0.0134,true,1,1333342
7290005437632,false,שמן קנולה טעמן 1ליטר,,,שמן קנולה,ליטרים,1.00,ליטר,false,,9.90,9.9000,true,1,2507359
7290005437809,false,טעמן אננס חתוך 825גרם,פ.ת גרייט פנאפל,ID,אננס חתוך במיץ טבעי,גרמים,825.00,100 גרם,false,,10.90,0.0132,true,1,1333350
7290005437830,false,אננס שלם פרוסות במיץ 825 גר',פ.ת גרייט פנאפל,ID,אננס שלם במיץ טבעי 8,גרמים,825.00,100 גרם,false,,10.90,0.0132,true,1,1333351
7290005477669,false,דרמפון-סבון נוזלי מועשר בלחות,אמיליה קוסמטיקס,IL,'דרמפון סבון נוז.+לחות1ל,ליטרים,1.00,ליטר,false,,14.90,14.9000,true,1,1344524
7290005482878,false,"מיכסה למיקרו 25 ס""מ",ITALPLAST,,"מיכסה למיקרו 25 ס""מ",יחידה,0.00,יחידה,false,,6.90,0.0000,true,1,2455243
7290005482885,false,"מיכסה למיקרו 30 ס""מ",,,"מיכסה למיקרו 30 ס""מ",יחידה,0.00,יחידה,false,,9.90,0.0000,true,1,2455244
7290005500657,false,גל לשיער פנינה,א.ארמן,IL,גל לשיער פנינה,ליטרים,1.00,ליטר,false,,14.90,14.9000,true,1,1348086
7290005500688,false,"מסיכה לשיער פנינה רוזנבלום 1 ק""ג",א.ארמן,IL,"מסיכה לשיער 1 ק""ג",מיליליטרים,1000.00,"100 מ""ל",false,,29.90,0.0299,true,1,1348087
7290005500909,false,גל אלוורה פנינה,א.ארמן,IL,גל אלוורה פנינה,גרמים,100.00,100 גרם,false,,9.90,0.0990,true,1,1348090
7290005509445,false,מיני קוקיס בטעם חמאה 600 גר',כרמית תעשיות ממתקים,IL,כרמית מיני קוקיס בטעם חמא,גרמים,600.00,100 גרם,false,,18.90,0.0315,true,1,1338721
7290005558023,false,ריחנית,,,ריחנית,יחידה,0.00,יחידה,false,,4.90,0.0000,true,1,1335505
7290005559587,false,מאפה נקניקיה בבצק מעדנות 800ג',מיוצר עי קונדיטוריית,IL,מאפה נקניקיה 800גר מעדנות,גרמים,800.00,100 גרם,false,,26.90,0.0336,true,1,1340581
7290005559709,false,בורקס פיצה מעדנות 700 ג',"מעדנות בע""מ",IL,בורקס פיצה 700גר מעדנות,גרמים,700.00,100 גרם,false,,24.90,0.0356,true,1,1340583
7290005559907,false,פיצה משפחתית גבינה 500 ג' מעדנות,מיוצר עי קונדיטוריית,IL,פיצה משפחתית גבינה מעדנות,גרמים,500.00,100 גרם,false,,24.90,0.0498,true,1,1340585
7290005559914,false,פיצה משפחתית זיתים 550 ג' מעדנות,מיוצר עי קונדיטוריית,IL,פיצה משפחתית זיתים מעדנות,גרמים,550.00,100 גרם,false,,24.90,0.0453,true,1,1340586
7290005559990,false,בצק פילאס תורכי מעדנות 600 גרם,מיוצר עי קונדיטוריית,IL,בצק פילאס תורכי 600גר מעד,גרמים,600.00,100 גרם,false,,22.90,0.0382,true,1,1340592
7290005589492,false,חטיף שלווה דבש 200ג.,מפעלי דגן,,חטיף שלווה דבש 200ג.,גרמים,200.00,100 גרם,false,,5.90,0.0295,true,1,1414408
7290005591761,false,דבש טהור מפרחי בר בלחיץ 400 ג' יד מרדכי,מכוורת יד מרדכי שטרא,IL,דבש טהור לחיץ 400 גרם,גרמים,400.00,100 גרם,false,,17.90,0.0447,true,1,1342592
7290005680052,false,או-בה טמפון קלאסי סופר פלוס 32יח',גונסון אנד גונסון,GR,אובה קלאסי סופר פלוס 32,יח',32.00,יח',false,,29.90,0.9344,true,1,1338724
7290005684135,false,לחם מחמצת שיפון עם אגוזים 650 ג',מאפית ברמן,IL,לחם מחמצת שיפון עם א,גרמים,650.00,100 גרם,false,,16.90,0.0260,true,1,2441322
7290005684265,false,לחם רוסי 750 גרם,,,לחם רוסי 750 גרם,גרמים,750.00,100 גרם,false,,9.90,0.0132,true,1,1351690
7290005684418,false,לחם כוסמין אורגני 700 ג',המאפיה של הרמן,IL,לחם מקמח כוסמין מלא,גרמים,700.00,100 גרם,false,,14.90,0.0213,true,1,1351691
7290005684487,false,לחמניות כוסמין מקמח 6*70גר,המאפיה של הרמן,IL,6 לחמניות מקמח כוסמי,גרמים,420.00,100 גרם,false,,12.90,0.0307,true,1,2073263
7290005684579,false,לחם מחמצת כוסמין 700 ג',מאפית ברמן,IL,לחם חמצת כוסמין,גרמים,700.00,100 גרם,false,,14.90,0.0213,true,1,2406736
7290005684654,false,לחם מחמצת שיפון 700 ג',מאפית ברמן,IL,לחם מחמצת שיפון,יחידה,0.00,יחידה,false,,16.90,0.0000,true,1,1618952
7290005684845,false,מארז פיתה אורגנית כו,,,מארז פיתה אורגנית כו,יח',5.00,יח',false,,5.90,1.1800,true,1,1351694
7290005686108,false,משמש מיובש 400 גרם,דין שיווק,,משמש מיובש 400 גרם,גרמים,400.00,100 גרם,false,,19.90,0.0497,true,1,2155540
7290005686115,false,שזיפים 400 גרם,דין שיווק,,שזיפים 400 גרם,גרמים,400.00,100 גרם,false,,18.90,0.0472,true,1,1327534
7290005686122,false,צימוק כהה 400 גרם,דין שיווק,,צימוק כהה 400 גרם,גרמים,400.00,100 גרם,false,,12.90,0.0323,true,1,1327535
7290005686405,false,בננה ציפס מסוכרת 200,"דין שיווק וקליה בע""מ",,בננה צ'יפס 200 גרם,גרמים,200.00,100 גרם,false,,5.90,0.0295,true,1,1327538
7290005719189,false,לחם מחמצת שיפון אגוז,,,לחם מחמצת שיפון אגוז,גרמים,500.00,100 גרם,false,,16.90,0.0338,true,1,2289881
7290005719219,false,רוגלך ירושלמי חלבה ש,,,רוגלך ירושלמי חלבה ש,קילוגרמים,1.00,"ק""ג",true,,39.00,39.0000,true,1,2491478
7290005727344,false,איקרה אדום,,,איקרה אדום,קילוגרמים,1.00,"ק""ג",true,,54.00,54.0000,true,1,2459480
7290005727351,false,איקרה לבן,,,איקרה לבן,קילוגרמים,1.00,"ק""ג",true,,59.00,59.0000,true,1,2459481
7290005727375,false,מקרוסקה מעושן חם,,,מקרוסקה מעושן חם,קילוגרמים,1.00,"ק""ג",true,,99.00,99.0000,true,1,2459482
7290005789380,false,פרשיס קוסמטיקס מגבונים להסרת איפור 54 יח',,,מגבונים לאיפור,יח',54.00,יח',false,,14.90,0.2759,true,1,1304936
7290005838002,false,מעדן גבינה ויוגורט בטעם וניל 88 ג' דניאלה,"שטראוס בריאות בע""מ",IL,דניאלה וניל,גרמים,88.00,100 גרם,false,,3.90,0.0443,true,1,1341884
7290005838613,false,שטראוס גבינת וניל 3% 125ג,"שטראוס בריאות בע""מ",IL,סקי וניל 125 בודד,גרמים,125.00,100 גרם,false,,3.70,0.0296,true,1,1341885
7290005838972,false,גבינת יום יום 5% שטראוס 125ג',מיוצר עי קונדיטוריית,IL,סקי יום יום 5%,גרמים,125.00,100 גרם,false,,3.20,0.0256,true,1,1341886
7290005839078,false,"דנונה יוגורט ביו 3% לבן מארז 150X8מ""ל",מיוצר עי קונדיטוריית,IL,מ. דנונה 8 חסכון ביו 3% 1,גרמים,1200.00,100 גרם,false,,15.90,0.0133,true,1,1341887
7290005839108,false,סימפוניה 5% עם זיתים 200 ג' שטראוס,"שטראוס בריאות בע""מ",IL,סימפ' 5% עם זתים,גרמים,200.00,100 גרם,false,,10.90,0.0545,true,1,1341888
7290005839313,false,"מילקי טופ שוקולד מגולגל 170 מ""ל",מיוצר עי קונדיטוריית,IL,מילקי טופ מגולגלת,גרמים,170.00,100 גרם,false,,4.30,0.0253,true,1,1341889
7290005869631,false,"קרם לחות לפנים רימונים לעור רגיל 50 מ""ל",שוורץ,IL,"ק.ל.לפ' רימונים 50 סמ""ק",מיליליטרים,50.00,"100 מ""ל",false,,64.90,1.2980,true,1,1328067
7290005870415,false,קרם רגליים 100 גרם,שוורץ,IL,"ק.רגליים 100 סמ""ק",גרמים,100.00,100 גרם,false,,7.90,0.0790,true,1,1328073
7290005871405,false,קרם לחות לשער יבש ופ,ש.שוורץ,IL,קרם לחות לשיער רימונים 40,יחידה,0.00,יחידה,false,,24.90,0.0000,true,1,1328084
7290005872860,false,טלק מעושר באלוורה,שוורץ,IL,"טלקיה 300 סמ""ק מ.באלוורה",גרמים,300.00,100 גרם,false,,12.90,0.0430,true,1,1328095
7290005896620,false,מים מוגז ' סאן בנדטו ' יחידה,אקווה מינרלה סאן בנד,IT,מים מוגז סן בנדטו 1.,ליטרים,1.50,ליטר,false,,4.90,3.2667,true,1,1323928
7290005896637,false,מים סן בנדטו בודד 1.5 ליטר,אקווה מינרלה סאן בנד,IT,מים סאן-בנדטו 1.5 לי,ליטרים,1.50,ליטר,false,,3.90,2.6000,true,1,1323929
7290005938245,false,ממרח פסטו קלאסי פרסקו 220ג' מצונן,מיוצר עי פרסקו חצבה,IL,פסטו קלאסי,גרמים,220.00,100 גרם,false,,15.90,0.0723,true,1,2315900
7290005938603,false,טפנד זיתים שחורים 22,פרסקו,,טפנד זיתים שחורים,גרמים,220.00,100 גרם,false,,15.90,0.0723,true,1,2315901
7290005938610,false,טפנד זיתים ירוקים 22,פרסקו,,טפנד זיתים ירוקים,גרמים,220.00,100 גרם,false,,15.90,0.0723,true,1,2315902
7290005988943,false,"מגש קריסטלי 13/9"" 1",,,"מגש קריסטלי 13/9"" 1",יחידה,0.00,יחידה,false,,6.90,0.0000,true,1,1342321
7290005992018,false,"יוגורט עיזים לשתייה 3% 500 מ""ל רובין","מיוצר ע""י קוד יצרן M",IL,יוגורט עיזים 3% 1/2 ליטר,מיליליטרים,500.00,"100 מ""ל",false,,13.90,0.0278,true,1,1327896
7290005992247,false,"גבינה חלומי גד ק""ג.",מחלבות גד,IL,"חלומי מוסדי ק""ג שקיל",קילוגרמים,1.00,"ק""ג",true,,99.00,99.0000,true,1,1327899
7290005992575,false,בולגרית למריחה 5% 250 גרם - רבנות,מחלבות גד בעמ,IL,בולגרית למריחה 250 גרם,גרמים,250.00,100 גרם,false,,16.90,0.0676,true,1,1327902
7290005992667,false,"גבינה בולגרית 5% ק""ג",יושלם,IL,"פח בולגרית מסורתית 5% ק""ג",קילוגרמים,1.00,"ק""ג",true,,56.00,56.0000,true,1,1327904
7290005992735,false,לאבנה טבעית 5% 250 גר' - רבנות,הנסיך- מפעל לייצור ט,IL,לאבנה 5% 250 גרם,גרמים,250.00,100 גרם,false,,12.90,0.0516,true,1,1327906
7290005992858,false,גבינה פטה עיזים 5% ש,יושלם,IL,פטה עיזים מעודנת 5% דלי 4,קילוגרמים,1.00,"ק""ג",true,,110.00,110.0000,true,1,1327907
7290005992872,false,גבינה צפתית 5% מעודנ,מחלבות גד,IL,"צפתית רכה במים 5% ק""ג שקי",קילוגרמים,1.00,"ק""ג",true,,59.00,59.0000,true,1,1327908
7290005992889,false,גד גבינת שמנת שמיר 3,מחלבות גד,IL,גבינת שמנת שום שמיר 30% 2,קילוגרמים,1.00,"ק""ג",true,,49.00,49.0000,true,1,1327909
7290005992902,false,גבינת שמנת 30% ירקות,מחלבות גד,IL,"גבינת שמנת ירקות 30% בד""ץ",קילוגרמים,1.00,"ק""ג",true,,49.00,49.0000,true,1,1327910
7290005992957,false,פטה עיזים מסורתית 20,טבע עז,IL,"פטה עיזים בדלי 8 ק""ג",קילוגרמים,1.00,"ק""ג",true,,110.00,110.0000,true,1,1327914
7290005992964,false,"גבינה פטה כבשים ק""ג.",גדישון,IL,"פטה כבשים דלי 4 ק""ג",קילוגרמים,1.00,"ק""ג",true,,110.00,110.0000,true,1,1327915
7290005996078,false,סרוולד הונגרי יחיעם,מעדני יחיעם,IL,סלמי סרוולט הונגרי,גרמים,125.00,100 גרם,false,,22.90,0.1832,true,1,2474557
7290005996160,false,נקניקיות צ'וריסוס פרימיום 280 ג',פ.פ.ח. שאביט,IL,נקנקיות פרמיום צ'ורי,גרמים,280.00,100 גרם,false,,19.90,0.0711,true,1,2474559
7290005996221,false,פסטרמה של פעם דק דק 120 גר',פ.פ.ח. שאביט,IL,פסטרמה של פעם דק דק,גרמים,120.00,100 גרם,false,,14.90,0.1242,true,1,2406458
7290005996238,false,פסטרמה בדבש דק דק 120 גר',פ.פ.ח. שאביט,IL,פסטרמה בדבש דק דק,גרמים,120.00,100 גרם,false,,14.90,0.1242,true,1,2406459
7290005996276,false,פסטרמה ברבקיו דק דק 120 גר',פ.פ.ח. שאביט,IL,פסטרמה ברביקיו דק דק,גרמים,120.00,100 גרם,false,,14.90,0.1242,true,1,2406460
7290005996825,false,נקניקיות פרימיום בקר,מעדני יחיעם 1993,IL,נקניקיות פרמיום בקר,גרמים,280.00,100 גרם,false,,19.90,0.0711,true,1,2474560
7290006040619,false,"גבינת טבורוג 5% בד""צ",,,"גבינת טבורוג 5% בד""צ",קילוגרמים,1.00,"ק""ג",true,,29.00,29.0000,true,1,2386485
7290006041043,false,טבורוג עם צימוקים כפ,,,גבינת טבורוג עם צימו,קילוגרמים,1.00,"ק""ג",true,,29.00,29.0000,true,1,2386486
7290006131034,false,פילה נסיכת הנילוס פר,,,פילה נסיכת הנילוס פר,קילוגרמים,1.00,"ק""ג",true,,54.90,54.9000,true,1,1309582
7290006131058,false,פילה טונה פרוס בוואק,,,פילה טונה פרוס במגש,קילוגרמים,1.00,"ק""ג",true,,49.90,49.9000,true,1,2549139
7290006131102,false,הליבוט עם עור פרוס ב,,,דג הליבוט פרוס,קילוגרמים,1.00,"ק""ג",true,,79.90,79.9000,true,1,1309584
7290006131119,false,דג הליבוט מקולף פרוס,,,דג הליבוט מקולף פרוס,קילוגרמים,1.00,"ק""ג",true,,79.90,79.9000,true,1,1309585
7290006131287,false,פילה בקלה (מרלוזה) א,,,דג פילה בקלה מרלוזה,קילוגרמים,1.00,"ק""ג",true,,34.90,34.9000,true,1,1309586
7290006131386,false,דג בקלה ארוז,,,דג בקלה ארוז,קילוגרמים,1.00,"ק""ג",true,,21.90,21.9000,true,1,1309587
7290006131447,false,מקרל קפוא,,,דגי מקרל,קילוגרמים,1.00,"ק""ג",true,,23.90,23.9000,true,1,1368383
7290006131560,false,סרדינים ארוזים,,,סרדינים ארוזים,קילוגרמים,1.00,"ק""ג",true,,21.90,21.9000,true,1,2493198
7290006131591,false,פילה ברבוניה בוואקום,,,דג פילה ברבוניה 400,גרמים,400.00,100 גרם,false,,24.90,0.0622,true,1,1934117
7290006131782,false,פילה סלמון נורבגי,,,פילה סלמון נורבגי,קילוגרמים,1.00,"ק""ג",true,,79.90,79.9000,true,1,1368384
7290006131812,false,פילה אמנון 7-9 בוואק,,,פילה אמנון 7-9 בוואק,קילוגרמים,1.00,"ק""ג",true,,29.90,29.9000,true,1,2374700
7290006199027,false,שלגוני גלידל שמינייה,הגלידות של פלדמן,IL,שלגוני גלידל שמינייה,גרמים,600.00,100 גרם,false,,29.90,0.0498,true,1,1334744
7290006199218,false,שמיניית גלידל אייס מ,הגלידות של פלדמן,IL,שלגוני גלידל 8 יח קפ,גרמים,400.00,100 גרם,false,,29.90,0.0747,true,1,1334746
7290006210203,false,"בורקס תפו""א במשקל",בונז'ור,IL,בונז'ור בורקס תפוא.,קילוגרמים,1.00,"ק""ג",true,,39.00,39.0000,true,1,1305567
7290006210302,false,אוזני המן תמרים,בונז'ור,IL,בונז'ור עוגיות אוזן המן ת,קילוגרמים,1.00,"ק""ג",true,,30.00,30.0000,true,1,1305575
7290006229427,false,"סאן בנדטו מים מהאלפים מארז 500X6מ""ל",קריות זול,,מים סאן בנדטו 6X 500,ליטרים,3.00,ליטר,false,,11.90,3.9667,true,1,1323935
7290006235220,false,קידס מגבונים טו גו 30יח,"ד""ר פישר Dr fischer",IL,'30 יח TO-GO קידס מגבונים,יח',30.00,יח',false,,5.90,0.1967,true,1,1351896
7290006241214,false,שקד טבעי קלית גת 200 ג',הדקלאים אגודת שיתופי,IL,שקד טבעי בשקית,גרמים,200.00,100 גרם,false,,15.90,0.0795,true,1,2011472
7290006241504,false,פריגת תפוזים קפוא 345 גרם,פריגת מצוננים,IL,תפוזים 340,גרמים,280.00,100 גרם,false,,9.90,0.0354,true,1,1328528
7290006241511,false,"פריגת קפוא לימון נענע 280 מ""ל",היינץ צפון אמריקה מק,IL,לימונענע 340,גרמים,280.00,100 גרם,false,,9.90,0.0354,true,1,1328529
7290006241535,false,תרכיז מנגו קפוא פריג,היינץ צפון אמריקה מק,IL,מנגו 340- ישן,גרמים,280.00,100 גרם,false,,9.90,0.0354,true,1,1328530
7290006241689,false,משקה לימון מרוכז קפו,היינץ צפון אמריקה מק,IL,לימון 340,גרמים,280.00,100 גרם,false,,9.90,0.0354,true,1,1328531
7290006251107,false,תה ויסוצקי צ'אי מסאלה 25 יח',מולינו ניקולי s.p.a,IL,צ'אי מסאלה,גרמים,50.00,100 גרם,false,,14.90,0.2980,true,1,1339344
7290006251268,false,תה ירוק תפוח וקינמון 25 שקיקים,קריות זול,IL,תה ירוק תפוח וקינמון,גרמים,37.50,100 גרם,false,,22.90,0.6107,true,1,1339345
7290006251275,false,תה ויסוצקי ירוק סיני 25יח',קריות זול,IL,תה ירוק סיני קלאסי,גרמים,37.50,100 גרם,false,,22.90,0.6107,true,1,1339346
7290006251282,false,תה קרנברי הגן הקסום 25 שקיקים,HIQ FOOD PRODUCTS,IL,חליטת חמוציות,גרמים,75.00,100 גרם,false,,16.90,0.2253,true,1,1339347
7290006251343,false,תה חליטה הגן הקסום פסיפלורה מנגו 25 שקיקים,קריות זול,IL,חליטת פסיפלורה- מנגו,גרמים,62.50,100 גרם,false,,16.90,0.2704,true,1,1339348
7290006251374,false,תה ירוק לימונית וגינגר 25 שקיקים ויסוצקי,קריות זול,IL,תה ירוק לימונית וגינגר,גרמים,37.50,100 גרם,false,,22.90,0.6107,true,1,1339349
7290006251589,false,תה ירוק עם עלי נענע 50 שקיקים ויסוצקי,בית ויסוצקי,IL,תה ירוק נענע,גרמים,75.00,100 גרם,false,,39.90,0.5320,true,1,1339350
7290006271174,false,ג'חנון לאפיה בתנור מעדנות 700 ג',מיוצר עי קונדיטוריית,IL,גחנון בצק 700גר מעדנות,גרמים,700.00,100 גרם,false,,16.90,0.0241,true,1,1340593
7290006271181,false,מעדנות גחנון אפוי 750 גרם,מיוצר עי קונדיטוריית,IL,גחנון אפוי 750גר מעדנות,גרמים,750.00,100 גרם,false,,22.90,0.0305,true,1,1340594
7290006271648,false,"מיני בורקס תפו""א 800 ג' מעדנות","מעדנות בע""מ",IL,"מיני בורקס תפו""א 800 גרם",גרמים,800.00,100 גרם,false,,22.90,0.0286,true,1,1340600
7290006271655,false,מיני בורקס גבינה 800 ג' מעדנות,מיוצר עי קונדיטוריית,IL,מיני בורקס גבינה 800 גרם,גרמים,800.00,100 גרם,false,,24.90,0.0311,true,1,1340601
7290006271761,false,ג'חנון מיני אפוי מעדנות 600ג',מיוצר עי קונדיטוריית,IL,מיני גחנון אפוי מעדנות,גרמים,600.00,100 גרם,false,,22.90,0.0382,true,1,1340603
7290006272072,false,חטיפי פיצה בשקית מעדנות 650ג',"מעדנות בע""מ",IL,ריבועי פיצה.,גרמים,650.00,100 גרם,false,,29.90,0.0460,true,1,1340604
7290006287106,false,"נטורל - ווקס לשיער לעיצוב אלסטי 120 מ""ל",,,ווקס לשיער אלסטי נטו,מיליליטרים,120.00,"100 מ""ל",false,,24.90,0.2075,true,1,1344529
7290006306159,false,לזניה 4 גבינות 500 ג,פסטה נונה Pasta Nonn,IL,לזניה במילוי 4 גבינות ברו,גרמים,500.00,100 גרם,false,,32.90,0.0658,true,1,1340214
7290006306180,false,קנלוני גבינת עיזים 5,פסטה נונה Pasta Nonn,IL,קנלוני במילוי גבינת עיזים,גרמים,500.00,100 גרם,false,,32.90,0.0658,true,1,1340216
7290006306296,false,רביולי לורנצו גבינה 400ג' פסטה נונה,פסטנונה רמת דלטון מר,IL,רביולי במילוי גבינה במיוח,גרמים,400.00,100 גרם,false,,23.90,0.0597,true,1,1340218
7290006306302,false,רביולי במילוי גבינות פרמזן ריקוטה 400 ג' פסטה נונה,דורום תעשיות מזון ופ,IL,רביולי במילוי גבינות פרמז,גרמים,400.00,100 גרם,false,,23.90,0.0597,true,1,1340219
7290006306319,false,רביולי במילוי בטטה 400 ג' פסטה נונה,דורום תעשיות מזון ופ,IL,רביולי במילוי בטטה,גרמים,400.00,100 גרם,false,,23.90,0.0597,true,1,1340221
7290006306326,false,רביולי במילוי פטריות וגבינת פרמזן פסטה נונה 400 ג',דורום תעשיות מזון ופ,IL,רביולי במילוי פטריות וגבי,גרמים,400.00,100 גרם,false,,23.90,0.0597,true,1,1340222
7290006306333,false,רביולי במילוי תרד וגבינת ריקוטה פסטה נונה 400 ג',פסטה נונה Pasta Nonn,IL,רביולי במילוי תרד וגבינת,גרמים,400.00,100 גרם,false,,23.90,0.0597,true,1,1340223
7290006306340,false,ניוקי תפוייא 400 גר,דורום תעשיות מזון ופ,IL,ניוקי תפוח אדמה,גרמים,400.00,100 גרם,false,,20.90,0.0522,true,1,1340224
7290006306357,false,רביולי במילוי גבינת עיזים 400 ג' פסטה נונה,דורום תעשיות מזון ופ,IL,רביולי במילוי גבינת עיזים,גרמים,400.00,100 גרם,false,,23.90,0.0597,true,1,1340225
7290006336453,false,"זיתים"" כפרי ובית",,,"זיתים"" כפרי ובית",קילוגרמים,1.00,"ק""ג",true,,49.00,49.0000,true,1,1334880
7290006342089,false,גרעיני חמניה קלויים,דין שיווק,,גרעין שחור 200 גרם,גרמים,200.00,100 גרם,false,,5.90,0.0295,true,1,1327541
7290006342577,false,פקאן סיני 200 גרם,דין שיווק,,פקאן סיני 200 גרם,גרמים,200.00,100 גרם,false,,24.90,0.1245,true,1,1327542
7290006342584,false,אגוזי מלך קלופים 300,דין שיווק,,אגוזי מלך קלופים 300,גרמים,300.00,100 גרם,false,,22.90,0.0763,true,1,1327543
7290006342591,false,גרעיני דלעת קלויים 2,דין שיווק,,גרעיני דלעת קלויים 2,גרמים,200.00,100 גרם,false,,7.90,0.0395,true,1,1327544
7290006363633,false,צינור לחץ משוריין,,,צינור לחץ משוריין,יחידה,0.00,יחידה,false,,19.90,0.0000,true,1,2414573
7290006374615,false,מזון מלכות מרוכז במיוחד 5.8% 340גר,קריות זול,IL,"מ""מ בדבש 340 (5.8%)",גרמים,340.00,100 גרם,false,,36.90,0.1085,true,1,1342595
7290006374653,false,דבש לייט מופחת קלוריות יד מרדכי 350 ג',קריות זול,IL,דש-לייט 350 גרם,גרמים,350.00,100 גרם,false,,24.90,0.0711,true,1,1342596
7290006374660,false,שמן זית קלאסי יד מרד,מכוורת יד מרדכי שטרא,IL,שמן זית 2 קלאסי 1 ליטר,ליטרים,1.00,ליטר,false,,42.90,42.9000,true,1,1342597
7290006374684,false,שמן זית כתית לתיבול,מכוורת יד מרדכי שטרא,IL,"שמן זית 2 קלאסי 500 מ""ל",מיליליטרים,500.00,"100 מ""ל",false,,24.90,0.0498,true,1,1342598
7290006374738,false,קונפיטורה תות 340 ג' יד מרדכי,אף.סי תבליני בגליל ב,IL,קונפיטורת תות 340 גרם,גרמים,340.00,100 גרם,false,,12.90,0.0379,true,1,1342600
7290006401366,false,ליגיניה פרוטקטיב,WHITEHALL ITALIA,IT,LIGINIA PROTECTIVE-SOAP,מיליליטרים,200.00,"100 מ""ל",false,,29.90,0.1495,true,1,1306471
7290006401373,false,ליגיניה אקטיב,WHITEHALL ITALIA,IT,LIGINIA ACTIVE-FRESH,מיליליטרים,200.00,"100 מ""ל",false,,29.90,0.1495,true,1,1306472
7290006492432,false,גבינת מוצרלה בייבי 18% 300 ג' גד,מחלבות גד בעמ,IL,מוצרלה בייבי 150 גרם,גרמים,150.00,100 גרם,false,,13.90,0.0927,true,1,1327921
7290006492616,false,גבינה בולגרית פרוסות 5% 250 ג' גד,DSH עבור מחלבות גד ב,IL,בולגרית פרוסות 5% 250 גרם,גרמים,250.00,100 גרם,false,,27.90,0.1116,true,1,1327924
7290006492630,false,גליל גד עז 22% 180 גרם - רבנות,מחלבות גד בעמ,IL,גליל גד עז 180 גרם,גרמים,180.00,100 גרם,false,,23.90,0.1328,true,1,1327925
7290006492647,false,מחלבות גד מטבעות גבי,"מיוצר ע""י קוד יצרן t",IL,מטבעות גבינת עיזים 150 גר,גרמים,150.00,100 גרם,false,,24.90,0.1660,true,1,1327926
7290006492685,false,לאבנה עיזים 5% 250 גרם - רובין,מחלבות גד בעמ,IL,לאבנה 5% עיזים 250 גרם,גרמים,250.00,100 גרם,false,,17.90,0.0716,true,1,1327927
7290006492852,false,גבינת עיזים למריחה 5% שומן 250 ג' גד,קריות זול,IL,גבינה למריחה 5% עיזים 250,גרמים,250.00,100 גרם,false,,17.90,0.0716,true,1,1327928
7290006494597,false,מרמולייט תרכיז תפוחי,זנלכל,IL,מרמולייט סירופ בטעם תפוחי,ליטרים,1.00,ליטר,false,,19.90,19.9000,true,1,1353127
7290006494917,false,מרמולייט ופל בטעם שוקולד 180 ג',"איטיליאן פוד, אס.פי.",IL,טוסו ופל קלאסי בטעם שוקול,גרמים,200.00,100 גרם,false,,9.90,0.0495,true,1,1353135
7290006494924,false,מרמולייט וופל בטעם לימון 200 ג',קריות זול,,טוסו ופל בטעם לימון.,גרמים,180.00,100 גרם,false,,9.90,0.0550,true,1,1353136
7290006498052,false,דנונה ביו יוגורט טבעי מהדרין 3% 150 ג',שטראוס גרופ,,יוגורט טבעי 3% -מהדר,גרמים,165.00,100 גרם,false,,2.80,0.0170,true,1,1341890
7290006511010,false,"פרמז'אנו רבעים ק""ג",זנטי,IT,פרמז'נו שקיל רבעים למעדני,קילוגרמים,1.00,"ק""ג",true,,119.00,119.0000,true,1,1308788
7290006511683,false,פולי סויה מאנצ`ו קפוא 454 ג' וילפוד,קו.אל.טי.די.קיאוניונ,CN,פולי סויה קפואים 454גרם(מ,גרמים,454.00,100 גרם,false,,8.90,0.0196,true,1,1308793
7290006511904,false,כדורי גבינת אדם וילי,ברגלנדמיל,AT,גבינת אדם כדורים (שקיל) ח,קילוגרמים,1.00,"ק""ג",true,,59.00,59.0000,true,1,1308798
7290006515926,false,מארז משקה קוקטייל אפ,IBBLS,IT,מארז משקה קוקטייל אפ,מיליליטרים,700.00,"100 מ""ל",false,,89.90,0.1284,true,1,2441050
7290006546012,false,שעועית בנוסח מקסיקני בטעם חריף 580 ג' פרי הגליל,"פרי הגליל בע""""מ",IL,צ'לי חריף בנוסח מקסיקני 5,גרמים,580.00,100 גרם,false,,6.90,0.0119,true,1,1347304
7290006546319,false,"צי'פס סטייק פרי גליל 1.5ק""ג","פרי הגליל בע""""מ",IL,סטייק צ'יפס 1.5פג רבנות,קילוגרמים,1.50,"ק""ג",false,,18.90,12.6000,true,1,1347307
7290006546333,false,ציפס קפוא פרי גליל 7,"פרי הגליל בע""""מ",IL,צ'יפס 700ג פג,גרמים,700.00,100 גרם,false,,9.90,0.0141,true,1,1347308
7290006546371,false,במיה 600 ג' פרי הגליל,"פרי הגליל בע""""מ",IL,במיה 600פג,גרמים,600.00,100 גרם,false,,14.90,0.0248,true,1,1347309
7290006546388,false,תחתיות ארטישוק קפוא פרי הגליל 400ג',"פרי הגליל בע""""מ",IL,ת.ארטישוק 400פג,גרמים,400.00,100 גרם,false,,19.90,0.0497,true,1,1347310
7290006546395,false,לקט העונה קפוא פרי הגליל 800ג',"פרי הגליל בע""""מ",IL,לקט העונה 800פג,גרמים,800.00,100 גרם,false,,12.90,0.0161,true,1,1347311
7290006546500,false,צ'יפס זיגזג קפוא פרי גליל 800 ג',"פרי הגליל בע""""מ",IL,צ'יפס זיגזג 800פג,גרמים,800.00,100 גרם,false,,9.90,0.0124,true,1,1347313
7290006546517,false,צי'פס סטייק קפוא פרי הגליל 800 ג',"פרי הגליל בע""""מ",IL,סטייק צ'יפס 800פג רבנות,גרמים,800.00,100 גרם,false,,9.90,0.0124,true,1,1347314
7290006546524,false,צי'פס מובחר קפוא פרי גליל 800 ג',"פרי הגליל בע""""מ",IL,צ'יפס מובחר 800פג,גרמים,800.00,100 גרם,false,,9.90,0.0124,true,1,1347315
7290006546982,false,לקט סיני 800 ג' פרי הגליל,"פרי הגליל בע""""מ",IL,לקט סיני 800פג,גרמים,800.00,100 גרם,false,,14.90,0.0186,true,1,1347325
7290006546999,false,לקט למרק פרי הגליל 800 ג',"פרי הגליל בע""""מ",IL,לקט למרק 800פג,גרמים,800.00,100 גרם,false,,9.90,0.0124,true,1,1347326
7290006559067,false,בורטה,,,בורטה,גרמים,220.00,100 גרם,false,,29.90,0.1359,true,1,2461249
7290006559180,false,לבנה בופאלו 9%,,,לבנה בופאלו 9%,גרמים,250.00,100 גרם,false,,19.90,0.0796,true,1,1333087
7290006559265,false,גבינת מוצרלה 250 גרם,,,גבינת מוצרלה 250 גרם,גרמים,250.00,100 גרם,false,,32.90,0.1316,true,1,1333090
7290006559340,false,גבינת מוצרלה בייבי15,,,גבינת מוצרלה בייבי15,גרמים,150.00,100 גרם,false,,22.90,0.1527,true,1,1333091
7290006559470,false,יוגורט ביו 5%,,,יוגורט ביו 5%,גרמים,200.00,100 גרם,false,,9.90,0.0495,true,1,1544223
7290006559616,false,צפתית בופלו קצח במלי,,,צפתית בופלו קצח במלי,גרמים,250.00,100 גרם,false,,29.90,0.1196,true,1,1844586
7290006559630,false,צפתית בופלו במליחות,,,צפתית בופלו במליחות,גרמים,250.00,100 גרם,false,,29.90,0.1196,true,1,1844587
7290006559807,false,בלה מוצרלה די בופלו,,,בלה מוצרלה די בופלו,גרמים,150.00,100 גרם,false,,24.90,0.1660,true,1,1844599
7290006562906,false,פרמיו הודו וכבש לחתולים,פרמיו Premio,,פרמיו הודו וכבש 15ג',גרמים,15.00,100 גרם,false,,6.90,0.4600,true,1,2538600
7290006562913,false,סטיק עוף וברווז פרמי,,,פרמיו עוף וברווז 15ג,גרמים,15.00,100 גרם,false,,6.90,0.4600,true,1,2543066
7290006567048,false,קוסקוס ישראלי מפתול אסם 350ג',"מיוצר ע""י קוד יצרן K",IL,אסם פתיתי קוסקוס ישראלי 3,גרמים,350.00,100 גרם,false,,6.90,0.0197,true,1,1305604
7290006582355,false,סילאן דבש תמרים כשר,"דין שיווק וקליה בע""מ",IL,סילאן 900 גרם,גרמים,900.00,100 גרם,false,,12.90,0.0143,true,1,1350433
7290006582621,false,פירורי לחם פנקו מוזה,דין שיווק,,פירורי לחם פנקו מוזה,גרמים,300.00,100 גרם,false,,4.90,0.0163,true,1,1327549
7290006618078,false,"אסטוניש מרסס ניקוי יסודי 750 מ""ל",אסטוניש Astonish,GB,אסטוניש מרסס-למטבח,מיליליטרים,750.00,"100 מ""ל",false,,11.90,0.0159,true,1,1325589
7290006651211,false,"ד""ר פישר - מגבוני איי קר לעיניים רגישות 40 יחידות","ד""ר פישר Dr fischer",IL,40 סשטים בקופסא EYE CARE,יח',40.00,יח',false,,49.90,1.2475,true,1,1351900
7290006651570,false,קמיל בלו שמפו ואלסבון 750ג',"ד""ר פישר Dr fischer",IL,קמיל בלו צמחי מרפא שמפו ו,מיליליטרים,750.00,"100 מ""ל",false,,19.90,0.0265,true,1,1351909
7290006651730,false,"ד""ר פישר - אלכוג'ל מגבונים לשמירת היגייניית הידיים 20 יח'","ד""ר פישר Dr fischer",IL,20 אלכוויפס מגבונים לשמיר,יח',20.00,יח',false,,15.90,0.7950,true,1,1351911
7290006652027,false,במבה מארז 20 יח' *15ג' אסם,מיוצר עי קונדיטוריית,IL,במבה אריזת תינוק 15 גרם מ,גרמים,300.00,100 גרם,false,,24.90,0.0830,true,1,1305609
7290006653765,false,פסטה פרפקטו פטוציני 500ג' אסם,קריות זול,IT,פרפקטו פטוצ'יני 500 גרם,גרמים,500.00,100 גרם,false,,6.90,0.0138,true,1,1305612
7290006653819,false,קוסקוס דק בשקית אסם,"מיוצר ע""י קוד יצרן K",IL,אסם קוסקוס דק 350 גרם,גרמים,350.00,100 גרם,false,,6.90,0.0197,true,1,1305613
7290006660602,false,מי קוקוס אורגני גרין,בן טרה ג'וינט סטוק,PH,מי קוקוס אורגני 1 לי,ליטרים,1.00,ליטר,false,,17.90,17.9000,true,1,2377638
7290006664037,false,גמדים דגנים ארוחת בוקר מארז 100X4ג',"שטראוס בריאות בע""מ",IL,4 גמדים דגנים,גרמים,400.00,100 גרם,false,,10.50,0.0263,true,1,1341894
7290006664051,false,"אקטימל לבן מארז 100X14 מ""ל",מיוצר עי קונדיטוריית,IL,אקטימל 14 טבעי,גרמים,1512.00,100 גרם,false,,31.50,0.0208,true,1,1341895
7290006664310,false,גבינה לבנה 3% שומן 250 ג' שטראוס,מיוצר עי קונדיטוריית,IL,סקי 3% 250 גרם,גרמים,250.00,100 גרם,false,,4.70,0.0188,true,1,1341897
7290006664402,false,גבינה 5% שומן 750 ג' שטראוס,מיוצר עי קונדיטוריית,IL,סקי% 5 750 גרם,גרמים,750.00,100 גרם,false,,14.10,0.0188,true,1,1341899
7290006664655,false,"אקטימל לבן טבעי מארז 100X8 מ""ל",מיוצר עי קונדיטוריית,IL,אקטימל טבעי שמיניה,גרמים,864.00,100 גרם,false,,19.90,0.0230,true,1,1341902
7290006664693,false,יוגורט עם אפרסק 3% שומן 150 ג' דנונה,מיוצר עי קונדיטוריית,IL,דנונה אפרסק 3%,גרמים,150.00,100 גרם,false,,3.40,0.0227,true,1,1341903
7290006664990,false,דנונה ביו מארז חיסכון 1.5% 8 יח' *150 ג',מיוצר עי קונדיטוריית,IL,מארז דנונה שמינייה 1.7% ח,גרמים,1200.00,100 גרם,false,,15.90,0.0133,true,1,1341905
7290006666307,false,סלט חומוס אמיתי,משני,,חומוס סלטי משני,גרמים,300.00,100 גרם,false,,12.90,0.0430,true,1,2410768
7290006666314,false,סלט טחינה משומשום טהור,משני,,סלט טחינה סלטי משני,גרמים,300.00,100 גרם,false,,12.90,0.0430,true,1,2410769
7290006666338,false,סלט טחינה ירוקה עם פטרוזיליה,משני,,טחינה ירוקה סלטי משנ,גרמים,300.00,100 גרם,false,,13.90,0.0463,true,1,2410771
7290006666369,false,סלט חצילים יווני אמיתי על האש,משני,,סלט חצילים יווני סלט,גרמים,300.00,100 גרם,false,,19.90,0.0663,true,1,2410784
7290006666420,false,סלט כרוב קולסלאו בסגנון אמריקאי,משני,,קולסלו כרוב אמריקאי,גרמים,300.00,100 גרם,false,,14.90,0.0497,true,1,2410789
7290006666475,false,סלט תפוחי אדמה במיונז,משני,,"תפו""א רוסי סלטי משני",גרמים,300.00,100 גרם,false,,14.90,0.0497,true,1,2410812
7290006666567,false,חציל מרוקאי סלטי משנ,,,חציל מרוקאי סלטי משנ,גרמים,300.00,100 גרם,false,,22.90,0.0763,true,1,2413729
7290006666574,false,חומוס מסעדות בתוספת לימון,משני,,חומוס אבו זוהר סלטי,גרמים,300.00,100 גרם,false,,12.90,0.0430,true,1,2410794
7290006666819,false,פלפל שומה סלטי משני,משני,,פלפל שומה סלטי משני,גרמים,150.00,100 גרם,false,,12.90,0.0860,true,1,2410773
7290006666840,false,עריסה ביתית סלט פלפלים,משני,,עריסה ביתית סלטי משנ,גרמים,150.00,100 גרם,false,,12.90,0.0860,true,1,2410776
7290006681553,false,שטראוס קרמבו ווניל 8יח,"גלידת שטראוס בע""מ",IL,קרמבו 1/8 וניל,גרמים,200.00,100 גרם,false,,13.90,0.0695,true,1,1337058
7290006681560,false,שטראוס קרמבו מוקה 8יח,"גלידת שטראוס בע""מ",IL,קרמבו 1/8 מוקה,גרמים,200.00,100 גרם,false,,13.90,0.0695,true,1,1337059
7290006712684,false,ספיד סטיק 24/7 סטיק כחול,קולגייט פלמוליב,US,ספיד סטיק 24/7 סטיק כחול,גרמים,50.00,100 גרם,false,,17.90,0.3580,true,1,1338725
7290006712981,false,"קולגייט משחת שיניים סמיילס לגילאי 6 50 מ""ל",הנסיך- מפעל לייצור ט,PL,קולגייט משחת ילדים 6+ ספי,מיליליטרים,50.00,"100 מ""ל",false,,12.90,0.2580,true,1,1338727
7290006724472,false,טחינה אורגנית 500גרם,אחדות,IL,טחינה אורגנית 500גרם,גרמים,500.00,100 גרם,false,,15.90,0.0318,true,1,1396042
7290006738615,false,קבב פרימיום זהב 100% בשר זוגלובק 400 ג',נקניק נהריה כשר זוגל,IL,קבב פרימיום 400 גרם,גרמים,400.00,100 גרם,false,,19.90,0.0497,true,1,1322669
7290006739292,false,נקניק פסטרמה פרגיות ציפוי תירס,נקניק נהריה כשר זוגל,IL,פסטרמה תבור,גרמים,330.00,100 גרם,false,,24.90,0.0755,true,1,1322674
7290006739346,false,נקניקיות פרגיות טרי 400 גרם זוגלובק,נקניק נהריה כשר זוגל,IL,נקניקיות פרגיות 400,גרמים,400.00,100 גרם,false,,12.90,0.0323,true,1,1322675
7290006739407,false,שניצל תירס לייט 630 ג' זוגלובק,נקניק נהריה כשר זוגל,IL,שניצל תירס לייט 630,גרמים,630.00,100 גרם,false,,29.90,0.0475,true,1,1322676
7290006739414,false,סלמי קוניאק 300 ג' זוגלובק,נקניק נהריה כשר זוגל,IL,נקניק קוניאק,גרמים,300.00,100 גרם,false,,24.90,0.0830,true,1,1322677
7290006739421,false,סלמי מעושן איטלקי 300 ג' זוגלובק,נקניק נהריה כשר זוגל,IL,נקניק מעושן איטלקי,גרמים,300.00,100 גרם,false,,24.90,0.0830,true,1,1322678
7290006739445,false,שניצל תירס קלאסי 750 ג' זוגלובק,נקניק נהריה כשר זוגל,IL,שניצל תירס קלאסי 750,גרמים,750.00,100 גרם,false,,29.90,0.0399,true,1,1322679
7290006739544,false,כתף בקר 300 ג' זוגלובק,זוגלובק,IL,כתף בקר 300 גרם,גרמים,300.00,100 גרם,false,,29.90,0.0997,true,1,1322680
7290006742162,false,המבורגר מזרחי זוגלובק 400 גר',נקניק נהריה כשר זוגל,IL,המבורגר מזרחי 400 גר,גרמים,400.00,100 גרם,false,,19.90,0.0497,true,1,1322697
7290006742179,false,קבב מזרחי זוגלובק 400 גר',נקניק נהריה כשר זוגל,IL,קבב מזרחי 400 גרם,גרמים,400.00,100 גרם,false,,19.90,0.0497,true,1,1322698
7290006742278,false,פסטרמה הודו צלויה על לבנים 330 ג' זוגלובק,נקניק נהריה כשר זוגל,IL,פסטרממיה צלויה על לב,גרמים,330.00,100 גרם,false,,24.90,0.0755,true,1,1322699
7290006742292,false,פסטרמה הודו בדבש 330 ג' זוגלובק,נקניק נהריה כשר זוגל,IL,נקניק חזה הודו בדבש,גרמים,330.00,100 גרם,false,,24.90,0.0755,true,1,1322700
7290006764478,false,בירה שחורה מאלט בקבו,"טמפו משקאות בע""מ",IL,"בירה מאלט נשר 330 מ""",מיליליטרים,330.00,"100 מ""ל",false,,4.90,0.0148,true,1,1323937
7290006764485,false,"בירה נשר מאלט שחורה מארז 330X6מ""ל",קריות זול,,שישייה נשר מאלט 330,ליטרים,1.98,ליטר,false,,26.90,13.5859,true,1,1323938
7290006765451,false,פיסטוק קלוי ענק 250,דין שיווק,,פיסטוק קלוי ענק 250,גרמים,250.00,100 גרם,false,,19.90,0.0796,true,1,1327553
7290006765468,false,שקד קלוי ענק 250 גרם,דין שיווק,,שקד קלוי ענק 250 גרם,גרמים,250.00,100 גרם,false,,19.90,0.0796,true,1,1327554
7290006765475,false,בוטן קלוי ענק 250 גר,דין שיווק,,בוטן קלוי ענק 250 גר,גרמים,250.00,100 גרם,false,,9.90,0.0396,true,1,1327555
7290006765482,false,קשיו קלוי ענק 250 גר,דין שיווק,,קשיו קלוי ענק 250 גר,גרמים,250.00,100 גרם,false,,19.90,0.0796,true,1,1327556
7290006765772,false,אננס מסוכר מיובש בקו,שקדיה,,אננס מסוכר מיובש בקו,גרמים,200.00,100 גרם,false,,9.90,0.0495,true,1,1831592
7290006770561,false,לקט לקוסקוס פרי הגליל 800ג',"פרי הגליל בע""""מ",IL,לקט לקוסקוס 800פג,גרמים,800.00,100 גרם,false,,12.90,0.0161,true,1,1347334
7290006775016,false,עוגה מבית טוב 450 גרם תפוז,אחדות ביחר לטחינה חל,IL,עוגת תפוז 450 גרם,גרמים,450.00,100 גרם,false,,9.90,0.0220,true,1,1306629
7290006775030,false,"עוגה מבית טוב"" 450 גרם שוקו-ציפס",אחדות ביחר לטחינה חל,IL,עוגת שוקו ציפס 450 גרם,גרמים,450.00,100 גרם,false,,9.90,0.0220,true,1,1306631
7290006775047,false,"עוגה מבית טוב"" 450 גרם שוקולד",אחדות ביחר לטחינה חל,IL,עוגה בטעם שוקולד 450 גרם,גרמים,450.00,100 גרם,false,,9.90,0.0220,true,1,1306632
7290006775054,false,עוגת שיש אחווה 450 ג' אחוה,אחדות ביחר לטחינה חל,IL,עוגת שיש 450 גרם,גרמים,450.00,100 גרם,false,,9.90,0.0220,true,1,1306633
7290006775085,false,עוגת שמרים במילוי שוקולד 400גר,אחדות ביחר לטחינה חל,IL,עוגת שמרים במילוי קרם בטע,גרמים,400.00,100 גרם,false,,10.90,0.0273,true,1,2385257
7290006775191,false,מאפין ממולא בטעם שוקולד 50 גרם אחוה,אחדות ביחר לטחינה חל,IL,מאפין ממולא שוקולד 50 גרם,גרמים,50.00,100 גרם,false,,1.50,0.0300,true,1,1306636
7290006775337,false,עוגת שמרים פרג 400 ג אחוה,אחדות ביחר לטחינה חל,IL,עוגת שמרים פרג 400 גרם,גרמים,400.00,100 גרם,false,,10.90,0.0273,true,1,2385258
7290006775344,false,עוגת שמרים קינמון ואגוזי מלך 400 גרם,אחדות ביחר לטחינה חל,IL,עוגת שמרים במילוי קרם קינ,גרמים,400.00,100 גרם,false,,10.90,0.0273,true,1,1306640
7290006775405,false,מאפינס שוקוצ'יפס אישי אחווה 45גרם,אחדות ביחר לטחינה חל,IL,מאפין וניל,גרמים,45.00,100 גרם,false,,1.90,0.0422,true,1,1306641
7290006775764,false,"עוגת שוקוצ'יפס לל""ס אחדות 400 גר'",אחדות ביחר לטחינה חל,IL,עוגת שוקוצ'יפס ללא תוספת,גרמים,400.00,100 גרם,false,,10.90,0.0273,true,1,1306644
7290006784865,false,סנט מוריץ לניקוי משטחי מטבחים מרוכז ועוצמתי 1ל',קומפלקס כימיקלים,IL,מתז מטבחים מרוכז ועו,ליטרים,1.00,ליטר,false,,10.90,10.9000,true,1,2423706
7290006788290,false,"קרליין - חלב פנים לעור רגיל / מעורב 260 מ""ל",,,חלב פנים לעור רגיל/מ,מיליליטרים,250.00,"100 מ""ל",false,,24.90,0.0996,true,1,1344547
7290006788313,false,"קרליין - חלב פנים לעור יבש / עדין 260 מ""ל",,,חלב פנים לעור יבש/עד,מיליליטרים,250.00,"100 מ""ל",false,,24.90,0.0996,true,1,1344549
7290006788337,false,"דאודורנט סטיק נושם 50 מ""ל קרליין",אמיליה קוסמטיקס,IL,דאו.קרליין סטיק נושם סנסט,גרמים,50.00,100 גרם,false,,16.90,0.3380,true,1,1344551
7290006788351,false,קרליין דאודורנט סטיק נושם כחול,אמיליה קוסמטיקס,IL,דאו.קרליין סטיק נושם אקוו,גרמים,50.00,100 גרם,false,,16.90,0.3380,true,1,1344552
7290006788375,false,קרליין דאודורנט סטיק נושם ורוד,אמיליה קוסמטיקס,IL,דאו.קרליין סטיק נושם פיור,מיליליטרים,50.00,"100 מ""ל",false,,16.90,0.3380,true,1,1344554
7290006788382,false,"דאודורנט סטיק סגול 50 מ""ל קרליין",אמיליה קוסמטיקס,IL,דאו.קרליין סטיק נושם אוקס,גרמים,50.00,100 גרם,false,,16.90,0.3380,true,1,1344555
7290006788399,false,"קרליין דאודורנט רול און נושם טורקיז 75 מ""ל",אמיליה קוסמטיקס,IL,דאו.קרליין רולאון נושם סנ,מיליליטרים,75.00,"100 מ""ל",false,,12.90,0.1720,true,1,1344556
7290006788405,false,"קרליין - נושם אקטיב דאודורנט רול און לאישה ברודו 75 מ""ל",אמיליה קוסמטיקס,IL,דאו.קרליין רולאון נושם אק,מיליליטרים,75.00,"100 מ""ל",false,,12.90,0.1720,true,1,1344557
7290006788412,false,"קרליין - נושם אקווה דאודורנט רול און לאישה כחול 75 מ""ל",אמיליה קוסמטיקס,IL,דאו.קרליין רולאון נושם אק,מיליליטרים,75.00,"100 מ""ל",false,,12.90,0.1720,true,1,1344558
7290006788429,false,"קרליין - נושם סאן רייס דאודורנט רול און לאישה כתום 75 מ""ל",אמיליה קוסמטיקס בעמ,IL,דאו.קרליין רולאון נושם סנ,מיליליטרים,75.00,"100 מ""ל",false,,12.90,0.1720,true,1,1344559
7290006788436,false,"קרליין - נושם פיור דאודורנט רול און לאישה ורוד 75 מ""ל",משווק: קוסמופארם בעמ,IL,דאו.קרליין רולאון נושם פי,מיליליטרים,75.00,"100 מ""ל",false,,12.90,0.1720,true,1,1344560
7290006788443,false,"קרליין - נושם אוקסיג'ן דאודורנט רול און לאישה סגול 75 מ""ל",מולינו ניקולי s.p.a,IL,דאו.קרליין רולאון נושם או,מיליליטרים,75.00,"100 מ""ל",false,,12.90,0.1720,true,1,1344561
7290006788450,false,"קרליין - נושם סנסטיב דאודורנט ספריי לאישה ירוק 200 מ""ל",מיוצר עי : אמיליה קו,IL,דאו.קרליין ספריי סנסטיב 2,מיליליטרים,200.00,"100 מ""ל",false,,12.90,0.0645,true,1,1344562
7290006788467,false,"קרליין - נושם אקטיב דאודורנט ספריי לאישה בורדו 200 מ""ל",מיוצר עי : אמיליה קו,IL,דאו.קרליין ספרי אקטיב 200,מיליליטרים,200.00,"100 מ""ל",false,,12.90,0.0645,true,1,1344563
7290006788474,false,"קרליין - נושם אקווה דאודורנט ספריי לאישה כחול 200 מ""ל",אמיליה קוסמטיקס,IL,דאו.קרליין ספריי אקווה 20,גרמים,75.00,100 גרם,false,,12.90,0.1720,true,1,1344564
7290006788481,false,"קרליין - נושם סאן רייס דאודורנט ספריי לאישה כתום 200 מ""ל",מיוצר עי : אמיליה קו,IL,דאו.קרליין ספריי סאנרייז,מיליליטרים,200.00,"100 מ""ל",false,,12.90,0.0645,true,1,2530402
7290006788498,false,"קרליין - נושם פיור דאודורנט ספריי לאישה ורוד 200 מ""ל",מיוצר עי : אמיליה קו,IL,דאו.קרליין ספריי פיור 200,מיליליטרים,200.00,"100 מ""ל",false,,12.90,0.0645,true,1,1344566
7290006788504,false,"קרליין - נושם אוקסיג'ן דאודורנט ספריי לאישה סגול 200 מ""ל",מיוצר עי : אמיליה קו,IL,דאו.קרליין ספריי אוקסיג'ן,מיליליטרים,200.00,"100 מ""ל",false,,12.90,0.0645,true,1,1344567
7290006788559,false,"טיטניום ICE דאודורנט תרסיס ספריי 180 מ""ל",,,טיטניום בלו דיאודורנ,מיליליטרים,180.00,"100 מ""ל",false,,14.90,0.0828,true,1,1344569
7290006788948,false,"קרליין דאודורנט תרסיס ספריי מיסט 175 מ""ל",,,דאודורנט תרסיס CAREL,מיליליטרים,175.00,"100 מ""ל",false,,19.90,0.1137,true,1,1344575
7290006789617,false,"קרליין קרם לחות לתלתלים טבעיים 400 מ""ל",מיוצר עי : אמיליה קו,IL,"קרם ""10"" לחות לתלתל 400מ",מיליליטרים,400.00,"100 מ""ל",false,,16.90,0.0422,true,1,1344586
7290006789624,false,קרם לחות לשיער מחייה צבוע,אמיליה קוסמטיקס,IL,"קרם ""10"" לשיער צבוע 400מ",מיליליטרים,400.00,"100 מ""ל",false,,16.90,0.0422,true,1,1344587
7290006789648,false,"קרליין קרם לחות לשיער יבש 400 מ""ל",אמיליה קוסמטיקס,IL,"קרם ""10"" לשיער יבש 400מל",מיליליטרים,400.00,"100 מ""ל",false,,16.90,0.0422,true,1,1344589
7290006789655,false,"קרליין קרם לחות לבניית תלתלים 400 מ""ל",מיוצר עי : אמיליה קו,IL,"קרם ""10"" לסרוק קל 400מל",מיליליטרים,400.00,"100 מ""ל",false,,16.90,0.0422,true,1,1344590
7290006789914,false,"קרליין - מי פנים אויל פרי 260 מ""ל",,,מי פנים OIL FREE,מיליליטרים,250.00,"100 מ""ל",false,,24.90,0.0996,true,1,1344594
7290006791498,false,"נטורל - שמן אגוז ברזילאי לשיער צבוע 145 מ""ל",אמיליה קוסמטיקס,IL,שמן ברזילאי ש.צבוע 145מל,מיליליטרים,150.00,"100 מ""ל",false,,49.90,0.3327,true,1,1344601
7290006791870,false,"נטורל - ג'ל שיער לעיצוב חזק 500 מ""ל",אמיליה קוסמטיקס,IL,ג'ל שיער לעיצוב חזק500מל,מיליליטרים,500.00,"100 מ""ל",false,,19.90,0.0398,true,1,1344607
7290006805355,false,תערובת להכנת כדורי שוקולד פילסברי 500ג',הדקלאים אגודת שיתופי,IL,תערובת להכנת כדורי שוקולד,גרמים,500.00,100 גרם,false,,19.90,0.0398,true,1,1326374
7290006822192,false,מיץ חמוציות דיאט אושן ספריי 1 ליטר,מבשלות בירה בינלאומי,IL,פריגת דיאטאושןספריחמוציות,ליטרים,1.00,ליטר,false,,11.90,11.9000,true,1,1335091
7290006855183,false,חטיף תמרים אגוזי מלך ברבריא 4*30 ג',טבעית מוצרים מן הטבע,IL,ברבריא חטיף בר תמרים אגוז,גרמים,120.00,100 גרם,false,,15.90,0.1325,true,1,1305617
7290006855190,false,חטיף תמרים ואגוזי מלך עם בננה ללא תוספת סוכר,ברבריא Barbary,,חטיף בר תמרים בננה 4,גרמים,120.00,100 גרם,false,,15.90,0.1325,true,1,2406895
7290006855206,false,חטיף תמר שקדים וקוקוס ברבריא 4*30 ג',טבעית מוצרים מן הטבע,IL,ברבריא חטיף בר שזיפים קוק,גרמים,120.00,100 גרם,false,,15.90,0.1325,true,1,1305618
7290006855251,false,חטיף קשיו חמוציות וסילאן ברבריא 4*30 ג',טבעית מוצרים מן הטבע,IL,ברבריא חטיף בר קשיו אגוזי,גרמים,108.00,100 גרם,false,,15.90,0.1472,true,1,1305620
7290006855404,false,"ברבריא בייטס תמר מג'הול עם קשיו, שקדים ופיסטוק",ברבריא Barbary,,ברבריא בייטס תמר קשי,גרמים,55.00,100 גרם,false,,7.90,0.1436,true,1,2484789
7290006866363,false,פרימור סחוט אשכולית אדומה 1ל',"גניר (1992) בע""מ",IL,%100 מיץ אשכוליות אדומות,ליטרים,1.00,ליטר,false,,15.90,15.9000,true,1,1341906
7290006866967,false,נקטר חמוציות פרימור 1ל',סטאר סנקס,IL,נקטר חמוציות 1 ליטר,ליטרים,1.00,ליטר,false,,9.90,9.9000,true,1,2370169
7290006875365,false,סלט פיטריות חמות,,,סלט פיטריות חמות,קילוגרמים,1.00,"ק""ג",true,,49.00,49.0000,true,1,1349227
7290006879653,false,פילה סלמון 1.4-1.8 ק,,,פילה סלמון 1.4-1.8 ק,קילוגרמים,1.00,"ק""ג",true,,69.90,69.9000,true,1,2539346
7290006920935,false,פיקנטית פרוס 350ג' כפיר,,,חריפה פרוס 350 גרם,גרמים,350.00,100 גרם,false,,13.90,0.0397,true,1,2385353
7290006920942,false,צהובה טובה פרוס כפיר,,,צהובה טובה 5% 350 גר,גרמים,350.00,100 גרם,false,,14.90,0.0426,true,1,2385354
7290006920980,false,כדורי בייבי מוצרלה 1,,,מוצרלה בייבי,קילוגרמים,1.00,"ק""ג",true,,49.00,49.0000,true,1,2386487
7290006920997,false,כדורי מוצרלה 18% כפי,,,מוצרלה כדורים,קילוגרמים,1.00,"ק""ג",true,,49.00,49.0000,true,1,2386488
7290006983176,false,אוסם - לחמית שיפון 250 גרם,"אסם השקעות בע""מ",IL,לחמית שיפון 230 גרם,גרמים,230.00,100 גרם,false,,7.90,0.0343,true,1,1305623
7290006983206,false,אסם תערובת פלאפל בקלי קלות 180גר,"אסם השקעות בע""מ",IL,אסם פלאפל בקלי קלות 180 ג,גרמים,180.00,100 גרם,false,,8.90,0.0494,true,1,1305624
7290006983527,false,עוגת הבית תפוחי עץ עם פירורים 400 ג' אסם,מיוצר עי קונדיטוריית,IL,אסם הבית עוגת תפוחים פירו,גרמים,400.00,100 גרם,false,,15.90,0.0398,true,1,1305626
7290006983763,false,עוגת הבית שוקולד 400 גרם אסם.,מיוצר עי קונדיטוריית,IL,אסם הבית עוגה בטעם שוקולד,גרמים,400.00,100 גרם,false,,12.90,0.0323,true,1,1305627
7290006983787,false,עוגת הבית שוקוציפס 400 גרם אסם,מיוצר עי קונדיטוריית,IL,אסם הבית עוגת שוקולד צי'פ,גרמים,400.00,100 גרם,false,,12.90,0.0323,true,1,1305629
7290006983794,false,עוגת הבית תפוז 400 ג' אסם,מיוצר עי קונדיטוריית,IL,אסם הבית עוגה בטעם תפוז,גרמים,400.00,100 גרם,false,,12.90,0.0323,true,1,1305630
7290006992161,false,מטרנה - דייסת קורנפלור פרוביוטי 200 גרם,מולינו ניקולי s.p.a,IL,אבקה להכנת דייסת קורנפלור,גרמים,200.00,100 גרם,false,,14.90,0.0745,true,1,1305632
7290006992185,false,"מטרנה - דייסת אורז פרוביוטי כשל""פ 200 גרם",מולינו ניקולי s.p.a,IL,אבקה להכנת דייסת אורז מטר,גרמים,200.00,100 גרם,false,,14.90,0.0745,true,1,1305634
7290006992192,false,מטרנה - דייסת סולת 200 גרם,קריות זול,IL,אבקה להכנת דייסת סולת מט,גרמים,200.00,100 גרם,false,,14.90,0.0745,true,1,1305635
7290006992208,false,מטרנה - דייסת דגנים מעורבים 200 גרם,מטרנה תעשיות ש.מ,IL,אבקה להכנת דייסת דגנים מע,גרמים,200.00,100 גרם,false,,14.90,0.0745,true,1,1305636
7290006992390,false,"מטרנה - דייסת וניל פרוביוטי כשל""פ 200 גרם",מולינו ניקולי s.p.a,IL,אבקה להכנת דייסת קורנפלור,גרמים,200.00,100 גרם,false,,14.90,0.0745,true,1,1305638
7290008000239,false,"פמינה מועשר בלחות 220 מ""ל",כצט,IL,פמינה פלוס מועשר בלחות 22,מיליליטרים,220.00,"100 מ""ל",false,,24.90,0.1132,true,1,1346514
7290008000246,false,"פמינה - שטיפה אינטימית מועשר באלוורה 220 מ""ל",כצט,IL,"פמינה פרש אלוורה 220 מ""ל",מיליליטרים,220.00,"100 מ""ל",false,,24.90,0.1132,true,1,1346515
7290008000598,false,קרם ידיים,כצט,IL,"SHOW קרם ידיים 100 מ""ל",מיליליטרים,100.00,"100 מ""ל",false,,4.90,0.0490,true,1,1346516
7290008000680,false,שעווה שואו בניחוח תפוח 500 גר',כצט,IL,SHOW שעווה בניחוח תפוח,גרמים,480.00,100 גרם,false,,12.90,0.0269,true,1,1346519
7290008000796,false,"כצט - סופרמן משחת שיניים לילדים 50 מ""ל",כצט נוביס,IL,משחת שיניים סופרמן-כצט,מיליליטרים,50.00,"100 מ""ל",false,,11.90,0.2380,true,1,1346520
7290008000826,false,משחת שיניים ילדיים בארביי 50 גרם,כצט נוביס,IL,"משחת שיניים ברבי 50 מ""ל",גרמים,50.00,100 גרם,false,,11.90,0.2380,true,1,1346521
7290008001502,false,מי פה אלמקס שטיפה,COLGATE PALMOLIVE,CH,אלמקס שטיפה דנטלית לרגישו,מיליליטרים,400.00,"100 מ""ל",false,,29.90,0.0747,true,1,1338729
7290008023542,false,סיף פנטסטיק שמפו רצפות כתום 4ל',סיף פנטסטיק Cif Fantastic,IL,סיף רצפות יסמין 4 ל,ליטרים,4.00,ליטר,false,,19.90,4.9750,true,1,1341380
7290008104036,false,"לקטופיל - תחליב סבון טיפולי 500 מ""ל",כצט,IL,לקטופיל תחליב סבון טיפולי,מיליליטרים,500.00,"100 מ""ל",false,,34.90,0.0698,true,1,1346525
7290008104050,false,"פמינה - שטיפה אינטימית קלאסית 220 מ""ל",כצט נוביס סעמ,IL,"פמינה קלאסיק 220 מ""ל",מיליליטרים,220.00,"100 מ""ל",false,,19.90,0.0905,true,1,1346526
7290008116541,false,"שטיפת פה ליסטרין קול מינט 500 מ""ל",ג'ונסון אנד ג'ונסון,IT,מי פה ליסטרין קול מי,מיליליטרים,500.00,"100 מ""ל",false,,19.90,0.0398,true,1,1306474
7290008116862,false,"בלניאום בייבי בייסיק 500 מ""ל",,,שמן אמבט בלנאום בייב,מיליליטרים,500.00,"100 מ""ל",false,,79.90,0.1598,true,1,1306476
7290008116886,false,בלנאום בייבי פורטה 500 מל',,,שמן אמבט בלנאום בייב,מיליליטרים,500.00,"100 מ""ל",false,,79.90,0.1598,true,1,1306478
7290008154222,false,שניצלונים עוף טוב 700 גרם,מולינו ניקולי s.p.a,IL,עוף טוב שניצלונים בציפוי,גרמים,700.00,100 גרם,false,,19.90,0.0284,true,1,1305639
7290008166010,false,לקט מובחר תערובת 200 גר',"גיי אנג גי פקאנס בע""",IL,לקט פיצוחים 200 גרם,גרמים,200.00,100 גרם,false,,15.90,0.0795,true,1,1334669
7290008166775,false,הטיב בוטן מטוגן 200ג בשקית,"גיי אנג גי פקאנס בע""",IL,בוטן מטוגן 200 גרם,גרמים,200.00,100 גרם,false,,7.90,0.0395,true,1,1334686
7290008175173,false,חמאה ללא תוספת מלח 200 ג' וליו,ואליו אל.טי.די,FI,חמאה 200 גרם ללא תוס,גרמים,200.00,100 גרם,false,,12.90,0.0645,true,1,1308802
7290008175210,false,גבינת פרמזן מגורדת 90ג' ויליפוד,זנטי אס.איי.,IT,פרמז'נו מגורדת 90גרם (כ/ל,גרמים,90.00,100 גרם,false,,14.90,0.1656,true,1,1308803
7290008175760,false,מנצגו כבשים ויליפוד,אלפסטור,ES,גבינת מנצ'גו מחלב כבשים (,קילוגרמים,1.00,"ק""ג",true,,99.00,99.0000,true,1,1308808
7290008175777,false,גבינת איברקו חלב ישר,יושלם,ES,גבינת איברקו חלב ישר,קילוגרמים,1.00,"ק""ג",true,,99.00,99.0000,true,1,1308809
7290008175814,false,וילי פוד פטריות שמפיניון חתוך בדץ 400ג,"אוקצ'מפ אס, איי אויי",PL,פטריות חתוך 400גרם- בד'צ,גרמים,400.00,100 גרם,false,,4.90,0.0123,true,1,1308810
7290008175906,false,גבינת עיזים חלב ארינ,אלמטאה,NL,גבינת עיזים (שקיל) חלב יש,קילוגרמים,1.00,"ק""ג",true,,119.00,119.0000,true,1,1308811
7290008185547,false,פח שובך,,,פח שובך,יחידה,0.00,יחידה,false,,39.90,0.0000,true,1,2370590
7290008190909,false,מיני קוקיס שוקולד ציפס 600גר,כרמית תעשיות ממתקים,IL,כרמית מיני קוקיס שוקו ציפ,גרמים,600.00,100 גרם,false,,18.90,0.0315,true,1,1338738
7290008263597,false,קוואקר הרדוף אורגני,אול אורגני,IL,קוואקר 500 גר אורגני,גרמים,500.00,100 גרם,false,,12.90,0.0258,true,1,1309101
7290008263641,false,קוואקר עדין הרדוף או,אול אורגני,IL,קוואקר עדין אורגני 500 גר,גרמים,500.00,100 גרם,false,,12.90,0.0258,true,1,1309104
7290008263924,false,טחינה אורגנית שומשום,"אחדות ביח""ר לטחינה ח",IL,טחינה אורגנית שומשום מלא,גרמים,1000.00,100 גרם,false,,39.90,0.0399,true,1,1309110
7290008318518,false,L.L ספרי דאודורנט 187 מל,,,דאו לאבליין ספרי,מיליליטרים,187.00,"100 מ""ל",false,,19.90,0.1064,true,1,1327742
7290008318532,false,L.L קרם ידיים שורש 100 מל,,,קרם ידיים,מיליליטרים,100.00,"100 מ""ל",false,,14.90,0.1490,true,1,1327743
7290008318921,false,טל קרם לידיים יבשות 150,,,קרם ידיים טל,מיליליטרים,100.00,"100 מ""ל",false,,8.90,0.0890,true,1,1327747
7290008335546,false,"ורניקי תפו""א שלושת האופים 600 גר'",,,"כיסונים במלית תפו""א-",גרמים,600.00,100 גרם,false,,13.90,0.0232,true,1,2500436
7290008343466,false,בצק פילו 500 ג' שלושת האופים,כלורוקס אוקלנד,IL,בצק פילו 500 גר',גרמים,500.00,100 גרם,false,,14.90,0.0298,true,1,1329565
7290008343510,false,ג'חנון מיני אפוי למיקרו 3 האופים 650 ג',אופרה,,מיני ג'חנון אפוי 650,גרמים,650.00,100 גרם,false,,19.90,0.0306,true,1,2315935
7290008343558,false,"סיגרים בשר שלושת האופים 1 ק""ג",שלושת האופים,IL,"סיגרים בשר 1 ק""ג",קילוגרמים,1.00,"ק""ג",false,,18.90,18.9000,true,1,2311662
7290008343565,false,"סיגרים תפו""א 1 ק""ג שלושת האופים",שלושת האופים,IL,"סיגרים תפו""א 1 קג",קילוגרמים,1.00,"ק""ג",false,,18.90,18.9000,true,1,2311619
7290008343572,false,"אגרול סיני 1 ק""ג שלושת האופים",שלושת האופים,IL,"אגרול סיני 1 ק""ג",קילוגרמים,1.00,"ק""ג",false,,18.90,18.9000,true,1,2311620
7290008343602,false,"קובה בשר 1 ק""ג שלושת האופים",שלושת האופים,IL,"קובה בשר 1 ק""ג",קילוגרמים,1.00,"ק""ג",false,,18.90,18.9000,true,1,2311664
7290008343619,false,"פסטלים תפו""א שלושת האופים 1 ק""ג",שלושת האופים,IL,"פסטלים תפו""א 1 קג",קילוגרמים,1.00,"ק""ג",false,,18.90,18.9000,true,1,2311621
7290008345576,false,"סלט איקרה לבנה, 300 גרם דלידג",כלורוקס אוקלנד,IL,איקרה ביתית לבנה 300,גרמים,300.00,100 גרם,false,,19.90,0.0663,true,1,2384374
7290008345583,false,"סלט איקרה ורודה, 300 גרם דלידג",כלורוקס אוקלנד,IL,איקרה ביתית ורוד 300,גרמים,300.00,100 גרם,false,,19.90,0.0663,true,1,2384375
7290008347211,false,אצבעות דג מצופות נטו,אף.סי תבליני בגליל ב,IL,אצבעות דג 700 ג,גרמים,700.00,100 גרם,false,,19.90,0.0284,true,1,1329567
7290008347730,false,פילה סלמון מעושן,דלידג ק.מלאכי,,פילה סלמון מעושן,קילוגרמים,1.00,"ק""ג",true,,199.00,199.0000,true,1,1397932
7290008403238,false,"גבינה ברי איסני ק""ג",,,"גבינה ברי איסני ק""ג",קילוגרמים,1.00,"ק""ג",true,,120.00,120.0000,true,1,1579437
7290008403900,false,גאודה עגבניות וזיתים,מיוצר עי קונדיטוריית,NL,גבינה גאודה עגבניות,קילוגרמים,1.00,"ק""ג",true,,120.00,120.0000,true,1,2403276
7290008403917,false,גבינה גאודה פסטו ירו,הנרי ויליך,NL,גבינה גאודה פסטו ירו,קילוגרמים,1.00,"ק""ג",true,,135.00,135.0000,true,1,2403277
7290008403924,false,גבינה גאודה פסטו אדו,מיוצר עי קונדיטוריית,FR,גבינה גאודה פסטו אדו,קילוגרמים,1.00,"ק""ג",true,,135.00,135.0000,true,1,2403265
7290008403931,false,גבינה גאודה כמון,מיוצר עי קונדיטוריית,FR,גבינה גאודה כמון,קילוגרמים,1.00,"ק""ג",true,,120.00,120.0000,true,1,2403278
7290008409049,false,מיני שניצלונים ושומשום מאמא עוף 500 ג',תנובה גליל שותפות מו,IL,שניצלונים מיני דק דק,גרמים,500.00,100 גרם,false,,27.90,0.0558,true,1,1340612
7290008409100,false,אצבעות שניצל ציפוי שומשום 700 ג' מאמא עוף,תנובה גליל שותפות מו,IL,אצבעות שניצל בציפוי,גרמים,700.00,100 גרם,false,,34.90,0.0499,true,1,1340615
7290008409124,false,מאמא עוף קפוא שניצל ג'ונגל פריך 700 גרם,תנובה גליל שותפות מו,IL,שניצל ג'ונגל מאמאעוף,גרמים,700.00,100 גרם,false,,32.90,0.0470,true,1,1340617
7290008409216,false,מאמא עוף קפוא שניצל דק פריך 700 גרם,תנובה גליל,IL,שניצל דק דק פריך מאמ,גרמים,700.00,100 גרם,false,,39.90,0.0570,true,1,1340618
7290008409223,false,שניצל דק מתובל מאמא עוף 700 ג',תנובה גליל שותפות מו,IL,שניצל דק דק מתובל מא,גרמים,700.00,100 גרם,false,,39.90,0.0570,true,1,1340619
7290008409315,false,מיני מיני דק שניצלונים בציפוי פריך מאמא עוף 500 ג',תנובה גליל,IL,שניצלונים מיני דק דק,גרמים,500.00,100 גרם,false,,27.90,0.0558,true,1,1340622
7290008409407,false,שניצל דק ציפס מאמא עוף 700 ג',תנובה גליל שותפות מו,IL,שניצל דק דק צ'יפס מא,גרמים,700.00,100 גרם,false,,39.90,0.0570,true,1,1340626
7290008409551,false,שניצל עוף אמיתי בציפוי מעודן 700 ג' מאמא עוף,תנובה גליל שותפות מו,IL,חזה עוף בציפוי מעודן,גרמים,700.00,100 גרם,false,,42.90,0.0613,true,1,1340633
7290008409568,false,שניצל ציפס אמיתי מאמא עוף 700 ג',תנובה גליל שותפות מו,IL,חזה עוף בציפוי שבבי,גרמים,700.00,100 גרם,false,,42.90,0.0613,true,1,1340634
7290008409582,false,שניצל אמיתי בציפוי ביתי מאמא עוף 700 ג',תנובה גליל שותפות מו,IL,חזה עוף בציפוי ביתי,גרמים,700.00,100 גרם,false,,42.90,0.0613,true,1,1340636
7290008409605,false,כוכבי עוף מאמא עוף 700 גר',תנובה גליל שותפות מו,IL,כוכבי עוף 700 גרם מא,גרמים,700.00,100 גרם,false,,32.90,0.0470,true,1,1340637
7290008409773,false,קציצות עוף ביתיות מאמא עוף 700 ג',תנובה גליל שותפות מו,IL,קציצות עוף אמיתיות מ,גרמים,700.00,100 גרם,false,,32.90,0.0470,true,1,1340641
7290008423014,false,פלפל שחור גרוס פרג 1,תבליני הדור השלישי,IL,פלפל שחור,גרמים,100.00,100 גרם,false,,13.90,0.1390,true,1,2528193
7290008423045,false,תבלין לקציצות פרג 10,תבליני הדור השלישי,IL,תבלין קציצות,גרמים,100.00,100 גרם,false,,13.90,0.1390,true,1,1334542
7290008423052,false,ממרח עגבניות מיובשות בשמן זית 250גר,תבליני הדור השלישי,IL,עגבניות מיובשות בשמן,גרמים,250.00,100 גרם,false,,14.90,0.0596,true,1,1334543
7290008423243,false,מלח שולחן הים האדום,מלח הארץ,IL,מלח הים האדום דק,גרמים,650.00,100 גרם,false,,7.90,0.0122,true,1,1334548
7290008423250,false,מלח גס הים האדום 630,מלח הארץ,IL,מלח גס,גרמים,630.00,100 גרם,false,,7.90,0.0125,true,1,2528306
7290008443265,false,סופטקר-אל סבון נוזלי 2 ל',אמיליה קוסמטיקס,IL,סופטקר אל סבון קלאסי 2 לי,ליטרים,2.00,ליטר,false,,29.90,14.9500,true,1,1344637
7290008443616,false,"מרכך לשיער יבש אדום 750 מ""ל נקה 7",אמיליה קוסמטיקס בעמ,IL,מרכך נקה 7 לשיר יבש 750מ,מיליליטרים,750.00,"100 מ""ל",false,,11.90,0.0159,true,1,1344641
7290008443630,false,"נקה 7 - שמפו מתולתל סגול 750 מ""ל",טרופיקל דגיל תעשיות,IL,שמפו נקה7 שיער מתולתל750,מיליליטרים,750.00,"100 מ""ל",false,,11.90,0.0159,true,1,1344643
7290008443647,false,"מרכך לשיער מתולתל סגול, 750 מ""ל נקה 7",אמיליה קוסמטיקס בעמ,IL,מרכך נקה7 שיער מתולתל750,מיליליטרים,750.00,"100 מ""ל",false,,11.90,0.0159,true,1,1344644
7290008444538,false,דאודורנט ספריי פריטי,,,דאודורנט ספריי פריטי,מיליליטרים,175.00,"100 מ""ל",false,,19.90,0.1137,true,1,1344655
7290008449281,false,ארגז אחסון שקוף דניא,,,ארגז אחסון שקוף דניא,יחידה,0.00,יחידה,false,,49.90,0.0000,true,1,2490535
7290008461047,false,ברי לרוסטיק סיימן במ,נטו מלינדה סיימן,,"גבינה ברי לרוסטיק ק""",קילוגרמים,1.00,"ק""ג",true,,169.00,169.0000,true,1,1579440
7290008461283,false,צ'דר טריפל הגבינות ש,דאוליי צ'סמייקרס,,צ'דר טריפל*200 גרם,גרמים,200.00,100 גרם,false,,20.90,0.1045,true,1,1580476
7290008464024,false,בירה גולדסטאר לא מסונן פחית 500 מל,"טמפו משקאות בע""מ",IL,פחית גולדסטאר לא מסו,מיליליטרים,500.00,"100 מ""ל",false,,9.90,0.0198,true,1,1323944
7290008464109,false,בירה גולדסטאר לא מסונן מארז 6X330מ:ל,"טמפו משקאות בע""מ",IL,בירה גולדסטאר לא מסו,מיליליטרים,330.00,"100 מ""ל",false,,8.90,0.0270,true,1,1323945
7290008464130,false,"בירה גולדסטאר לא מסונן 330X6מ""ל",טמפו,IL,שישייה בירה גולדסטאר,ליטרים,1.98,ליטר,false,,39.90,20.1515,true,1,1323946
7290008464208,false,מכבי 7.9% בקבוק בודד 330 מל,טמפו משקאות בע''מ,IL,בירה מכבי 7.9% אלכוה,מיליליטרים,330.00,"100 מ""ל",false,,6.90,0.0209,true,1,1323947
7290008464222,false,"בירה מכבי 7.9% פחית 500 מ""ל","טמפו משקאות בע""מ",IL,בירה מכבי 7.9 פחית 5,מיליליטרים,500.00,"100 מ""ל",false,,9.90,0.0198,true,1,1371211
7290008464338,false,"בירה מכבי בקבוק ח""פ 330 מ""ל",בירה מכבי,IL,"מכבי בקבוק 330 מ""ל.",מיליליטרים,330.00,"100 מ""ל",false,,6.90,0.0209,true,1,1364765
7290008464345,false,"בירה גולדסטאר בקבוק 330 מ""ל",טמפו משקאות בע''מ,IL,בירה גולדסטאר בקבוק,מיליליטרים,330.00,"100 מ""ל",false,,6.90,0.0209,true,1,1364766
7290008464369,false,פחית פפסי קולה 330 מ,,,פחית פפסי קולה 330 מ,מיליליטרים,330.00,"100 מ""ל",false,,3.50,0.0106,true,1,1323950
7290008464376,false,"מרינדה תפוז פחית 330 מ""ל",,,"פחית מירנדה 330 מ""ל",מיליליטרים,330.00,"100 מ""ל",false,,3.50,0.0106,true,1,1323951
7290008464383,false,"פחית סבן אפ 330 מ""ל",,,"פחית סבן אפ 330 מ""ל",מיליליטרים,330.00,"100 מ""ל",false,,3.50,0.0106,true,1,1323952
7290008464390,false,"פחית דיאט סבן אפ 330 מ""ל",,,פחית סבן אפ דיאט 330,מיליליטרים,330.00,"100 מ""ל",false,,3.50,0.0106,true,1,1323953
7290008464406,false,"פפסי מקס פחית 330 מ""ל","טמפו משקאות בע""מ",IL,"פחית פפסי מקס 330 מ""",מיליליטרים,330.00,"100 מ""ל",false,,3.50,0.0106,true,1,1323954
7290008464468,false,"בירה גולדסטאר פחית 500 מ""ל","טמפו משקות בע""מ",IL,בירה גולדסטאר בפחית,מיליליטרים,500.00,"100 מ""ל",false,,8.90,0.0178,true,1,1323955
7290008464505,false,סאן בנדטו בקבוק פלסטיק 500מל,אקווה מינרלה סאן בנד,IT,מים סן בנדטו 0.5 ליט,מיליליטרים,500.00,"100 מ""ל",false,,4.90,0.0098,true,1,1323957
7290008464604,false,"בירה היינקן פחית 500מ""ל",טמפו משקאות בע''מ,NL,"היינקן פחית 500 מ""ל.",מיליליטרים,500.00,"100 מ""ל",false,,11.90,0.0238,true,1,1323959
7290008464611,false,"סודה טמפו בקבוק זכוכית 275 מ""ל",טמפו משקאות בעמ,IL,סודה טמפו,מיליליטרים,275.00,"100 מ""ל",false,,3.90,0.0142,true,1,2024882
7290008464628,false,"ביטר למון בקבוק 275 מ""ל","טמפו משקאות בע""מ",IL,סודה ביטר לימון 275מ,מיליליטרים,275.00,"100 מ""ל",false,,4.50,0.0164,true,1,2022636
7290008464635,false,"מי טוניק בקבוק 275 מ""ל",טמפו משקאות בעמ,IL,"מי טוניק 275 מ""ל",מיליליטרים,275.00,"100 מ""ל",false,,4.50,0.0164,true,1,2022637
7290008464642,false,משקה ג'ינג'ר אייל 27,"טמפו משקאות בע""מ",IL,משקה ג'ינג'ר אייל 27,מיליליטרים,275.00,"100 מ""ל",false,,4.50,0.0164,true,1,2022638
7290008464673,false,"בירה גולדסטאר SLOWBREW פחית 10%, 500 מ""ל","טמפו משקאות בע""מ",IL,"פחית גולדסטאר 500 מ""",מיליליטרים,500.00,"100 מ""ל",false,,9.90,0.0198,true,1,2170270
7290008464697,false,"בירה מכבי 7.9% מארז 330X6 מ""ל",טמפו,,שישיית בירה מכבי 7.9,ליטרים,1.98,ליטר,false,,30.00,15.1515,true,1,1323960
7290008464703,false,"שישיית בירה מכבי 6 *330מ""ל",טמפו,,מכבי מארז שישיה 330,ליטרים,1.98,ליטר,false,,30.00,15.1515,true,1,1323961
7290008464741,false,"בירה גולדסטאר בק' מארז 330X6מ""ל",קריות זול,IL,שישייה בירה גולדסטאר,ליטרים,1.98,ליטר,false,,30.00,15.1515,true,1,1323962
7290008464796,false,"בירה היינקין ח""פ בקבוק 330X6מ""ל",קריות זול,IL,הייניקן שישייה 330 מ,ליטרים,1.98,ליטר,false,,32.90,16.6162,true,1,1323963
7290008470759,false,מסטיק אורביט ספירמינט מארז שמינייה,ריגלי,FR,מסטיק אורביט שמניות,גרמים,104.00,100 גרם,false,,14.90,0.1433,true,1,1336772
7290008470766,false,מסטיק אורביט סטיקס פפרמינט שמינייה,ריגלי,FR,מסטיק אורביט שמניות,גרמים,104.00,100 גרם,false,,14.90,0.1433,true,1,1336773
7290008473057,false,מגבונים קמיל בלו טו גו שקית 3*30 יח,"ד""ר פישר Dr fischer",IL,קמיל בלו סנסטיב מגבונים 3,יח',90.00,יח',false,,15.90,0.1767,true,1,1351912
7290008473637,false,מגבונים לניקוי האף לתינוק 30יח,"ד""ר פישר Dr fischer",IL,'קמיל בלו מגבונאף 30 יח,יח',30.00,יח',false,,6.90,0.2300,true,1,1351913
7290008482486,false,אבקת אינסטנט להכנת מלאבי פרווה 112ג' נאמן,י.כהן,,"מלאבי 112 ג""ר.",גרמים,112.00,100 גרם,false,,6.90,0.0616,true,1,1329655
7290008482530,false,תערובת להכנה קלה פנקייק 400 ג',י.כהן,,אבקה להכנת פנקייק.,גרמים,400.00,100 גרם,false,,14.90,0.0373,true,1,1329656
7290008482561,false,פודינג אינסטנט בטעם,י.כהן,,פודינג אינסטנט,גרמים,85.00,100 גרם,false,,4.90,0.0576,true,1,1329657
7290008482578,false,פודינג אינסטנט וניל,י.כהן,,פודינג אינסטנט,גרמים,85.00,100 גרם,false,,4.90,0.0576,true,1,1329658
7290008482585,false,גלי אינסטנט בטעם משמ,י.כהן,,אינסטנט פודינג ג'לי,גרמים,85.00,100 גרם,false,,4.90,0.0576,true,1,1329659
7290008482592,false,גלי אינסטנט תות פרוו,י.כהן,,אינסטנט ג'לי תות,גרמים,85.00,100 גרם,false,,4.90,0.0576,true,1,1329660
7290008493413,false,פירורי גריסיני קלאסי 200גרם-חדש,מאיר בייגל,IL,פירורי גריסיני 200 ג,גרמים,200.00,100 גרם,false,,5.90,0.0295,true,1,1306844
7290008493710,false,פרורי גריסני זהב מאיר בייגל 200 ג',מאיר בייגל,,פירורי גריסיני 200 ג,גרמים,200.00,100 גרם,false,,5.90,0.0295,true,1,1306853
7290008618007,false,פילה סלמון טרי פרוס,,,פילה סלמון טרי פרוס,קילוגרמים,1.00,"ק""ג",true,,120.00,120.0000,true,1,2465350
7290008618021,false,פילה דניס טרי ארוז מ,,,פילה דניס טרי ארוז מ,קילוגרמים,1.00,"ק""ג",true,,109.00,109.0000,true,1,2465352
7290008618069,false,פילה ברמונדי טרי ארו,,,פילה ברמונדי טרי ארו,קילוגרמים,1.00,"ק""ג",true,,99.00,99.0000,true,1,2465356
7290008634045,false,"פלסטר שקוף 30 יחידות ""SUNNY PLASTER""",,,פלסטר ציבעוני,יח',30.00,יח',false,,5.90,0.1967,true,1,1322161
7290008634663,false,בקבוק גדול-שלישיה במבצע,,,מארז בקבוקים לתינוקו,יח',3.00,יח',false,,14.90,4.9667,true,1,1322166
7290008636193,false,תבלין כמון 300 גרם,מיה תעשיות מזון בעמ,IL,כמון 300גרם,גרמים,300.00,100 גרם,false,,19.90,0.0663,true,1,1334099
7290008636209,false,תבלין כורכום 300גרם,מיה תעשיות מזון בעמ,IL,כורכום 300גרם,גרמים,300.00,100 גרם,false,,19.90,0.0663,true,1,1334100
7290008636216,false,תבלין אבקת שום 300 גרם,מיה תעשיות מזון בעמ,IL,אבקת שום 300גרם,גרמים,300.00,100 גרם,false,,19.90,0.0663,true,1,1334101
7290008636339,false,שבבי תפוחי אדמה 400גרם,מיה תעשיות מזון,IL,שבבי תפוחי אדמה 400גרם,גרמים,400.00,100 גרם,false,,9.90,0.0248,true,1,1334102
7290008636650,false,קמח מצה מיה 500 גר',מיה תעשיות מזון,IL,קמח מצה 500גרם,גרמים,500.00,100 גרם,false,,6.90,0.0138,true,1,1334106
7290008636919,false,קקאו הולנדי שקית 250גרם מיה,מיה תעשיות מזון,IL,קקאו הולנדי 250גרם בשקית,גרמים,250.00,100 גרם,false,,10.90,0.0436,true,1,1334109
7290008636926,false,קקאו הולנדי 500גרם מיה,מיה תעשיות מזון,IL,קקאו הולנדי 500גרם בשקית,גרמים,500.00,100 גרם,false,,16.90,0.0338,true,1,1334110
7290008636933,false,אגוזי מלך גרוסים 100 גר' מיה,מיה תעשיות מזון,IL,אגוזי מלך גרוסים 100גרם,גרמים,100.00,100 גרם,false,,10.90,0.1090,true,1,1334111
7290008636957,false,שקדים מולבנים גרוסים 100גרם,מיה תעשיות מזון,IL,שקדים מולבנים גרוסים 100ג,גרמים,100.00,100 גרם,false,,10.90,0.1090,true,1,1334113
7290008636964,false,שקד מולבן שבבים גרוס 100 גר' מיה,מיה תעשיות מזון,IL,שקדים מולבנים שבבים 100גר,גרמים,100.00,100 גרם,false,,10.90,0.1090,true,1,1334114
7290008636988,false,גרעיני חמניות קלופים 100 גר' מיה,מיה תעשיות מזון,IL,גרעיני חמניה קלופים 100גר,גרמים,100.00,100 גרם,false,,2.90,0.0290,true,1,1334116
7290008636995,false,גרעיני דלעת קלופים 100 גר' מיה,מיה תעשיות מזון,IL,גרעיני דלעת קלופים 100גרם,גרמים,100.00,100 גרם,false,,5.90,0.0590,true,1,1334117
7290008644112,false,סלט מטבוחה יום יום אחלה 125 ג',"שטראוס גרופ בע""מ",IL,מטבוחה יום יום 125 גר',גרמים,125.00,100 גרם,false,,4.50,0.0360,true,1,1341908
7290008645935,false,חומוס לניגוב אחלה 750 ג',"שטראוס גרופ בע""מ",IL,חומוס 750 מ. כתומה,גרמים,750.00,100 גרם,false,,9.90,0.0132,true,1,1341915
7290008690713,false,פריגת אושן ספריי חמוציות 1ל',מבשלות בירה בינלאומי,IL,פריגתאושןספרי חמוציות1ליט,ליטרים,1.00,ליטר,false,,11.90,11.9000,true,1,1335100
7290008693134,false,מעדן גבינה ויוגורט בטעם תות 5% שומן 88 ג' דניאלה,"שטראוס בריאות בע""מ",IL,דניאלה תות,גרמים,88.00,100 גרם,false,,3.90,0.0443,true,1,1341916
7290008739986,false,בוקט גרליק,,,בוקט גרליק,יחידה,0.00,יחידה,false,,19.90,0.0000,true,1,2439337
7290008745239,false,תפוצ'יפס אקסטרא טבעי 50 ג',"שטראוס פריטו ליי בע""",IL,תפו קראנצ טבעי 50,גרמים,50.00,100 גרם,false,,3.90,0.0780,true,1,1343260
7290008747547,false,תפוצ'יפס אקסטרא 200גר טבעי,"שטראוס פריטו ליי בע""",IL,תפו קראנצ טבעי 200,גרמים,200.00,100 גרם,false,,9.90,0.0495,true,1,1343262
7290008750264,false,גומי מאסט בטעם דובדבן 28 ג' עלית,"שטראוס גרופ בע""מ",IL,MUST LL פליפ. דובדבן,גרמים,28.00,100 גרם,false,,3.90,0.1393,true,1,1342610
7290008752244,false,תפוצ'יפס אקסטרא גריל 50 גרם,"שטראוס פריטו ליי בע""",IL,תפו קראנצ גריל 50,גרמים,50.00,100 גרם,false,,3.90,0.0780,true,1,1343264
7290008752435,false,צ'יטוס קראנצי גבינה עלית 30 ג',קריות זול,,צ'יטוס קראנצ'י גבינה,גרמים,30.00,100 גרם,false,,2.00,0.0667,true,1,1343265
7290008753111,false,תפוציפס קראנץ מקסיקנ,"שטראוס פריטו ליי בע""",IL,תפו קראנצ מקסיקני 50,גרמים,50.00,100 גרם,false,,3.90,0.0780,true,1,1343266
7290008754040,false,ממרח פרה שוקולד 850 גר - מגדים,STRAUSS-ISRAEL,IL,ממרח פרה 850 מגדים/6יח'/8,גרמים,850.00,100 גרם,false,,15.90,0.0187,true,1,1342618
7290008754415,false,גומי מאסט בטעם ספירמינט עדין פליפטופ 28 ג' עלית,"שטראוס גרופ בע""מ",IL,כשלפ מסטיק MUST ספירמינט,גרמים,28.00,100 גרם,false,,3.90,0.1393,true,1,1342619
7290008757034,false,"שוופס סודה זכוכית 250 מ""ל","יפאורה תבורי בע""מ",IL,"סודה בקבוק 250 מ""ל",מיליליטרים,250.00,"100 מ""ל",false,,4.00,0.0160,true,1,1324385
7290008757980,false,נקטר ספרינג רימונים קרטונית 1 ל',"יפאורה תבורי בע""מ",IL,ספרינג רימונים קרטונ,ליטרים,1.00,ליטר,false,,6.60,6.6000,true,1,1324391
7290008775816,false,ערגליות שוקו חדש12*300גרם 2020,מיוצר עי קונדיטוריית,IL,אסם ערגליות שוקו 300גרם,גרמים,300.00,100 גרם,false,,9.90,0.0330,true,1,1305647
7290008775823,false,ערגליות תות חדש12*300גרם 2020,מיוצר עי קונדיטוריית,IL,אסם ערגליות תות 300גרם,גרמים,300.00,100 גרם,false,,9.90,0.0330,true,1,1305648
7290008784542,false,ספוג רחצה קויוטה מסג,סודובסקי,IL,קויוטה מסג,יחידה,0.00,יחידה,false,,7.90,0.0000,true,1,1308629
7290008801010,false,"יין קברנה סוביניון מרלו פרייוט קולקשן 750 מ""ל",אגודת הכורמים הקאופו,IL,יין קברנה / מרלו,מיליליטרים,750.00,"100 מ""ל",false,,38.90,0.0519,true,1,1308275
7290008801089,false,"יין P.C קברנה סוביון 375 מ""ל",,,קברנה סוביניון,מיליליטרים,375.00,"100 מ""ל",false,,20.20,0.0539,true,1,2393350
7290008801119,false,סלקטד סוביניון בלאן כרמל 750 מל,אגודת הכורמים הקואופ,IL,יין סובניון בלאן,מיליליטרים,750.00,"100 מ""ל",false,,29.90,0.0399,true,1,1308276
7290008801157,false,מרלו סלקטד כרמל מזרחי 750 מל,קריות זול,IL,יין מרלו סלקטד,מיליליטרים,750.00,"100 מ""ל",false,,29.90,0.0399,true,1,1308277
7290008801430,false,מיץ ענבים תירוש אדום,"כד בני דרום בע""מ",IL,"תירוש ענבים 750 מ""ל",מיליליטרים,750.00,"100 מ""ל",false,,12.90,0.0172,true,1,1308279
7290008801461,false,יין הנצחון לקידוש,יקבי כרמל Carmel Winery,,יין הנצחון,מיליליטרים,750.00,"100 מ""ל",false,,18.90,0.0252,true,1,2275812
7290008801478,false,יין טופז זהב אדום מת,קריות זול,,יין טופז זהב,מיליליטרים,750.00,"100 מ""ל",false,,18.90,0.0252,true,1,1308282
7290008801539,false,כרמל קינג דיוויד מתוק כרמל 750 מל,אגודת הכורמים הקואופ,IL,יין כרמל,מיליליטרים,750.00,"100 מ""ל",false,,18.90,0.0252,true,1,1308284
7290008801546,false,"יין מוסקט קינג דויד 750 מ""ל",אגודת הכורמים הקואופ,IL,יין מוסקט מתוק,מיליליטרים,750.00,"100 מ""ל",false,,18.90,0.0252,true,1,1851182
7290008801843,false,"יין סלקטד קברנה סובניון 750מ""ל","כד בני דרום בע""מ",IL,יין קברנה סוביניון ס,מיליליטרים,750.00,"100 מ""ל",false,,29.90,0.0399,true,1,1308286
7290008801850,false,"יין סלקטד אמרלד ריזלינג 750מ""ל",אגודת הכורמים הקואופ,IL,יין אמרלנד רזלינג,מיליליטרים,750.00,"100 מ""ל",false,,29.90,0.0399,true,1,1308287
7290008802291,false,"יין מרלו פרייוט קולקשן 750 מ""ל",אגודת הכורמים הקואופ,IL,יין מרלו,מיליליטרים,750.00,"100 מ""ל",false,,38.90,0.0519,true,1,1308288
7290008802512,false,"יין וינו אדום יבש 750 מ""ל","כד בני דרום בע""מ",IL,יין אדום וינו,מיליליטרים,750.00,"100 מ""ל",false,,18.90,0.0252,true,1,1308289
7290008802529,false,"יין לבן חצי יבש וינו 750 מ""ל",קריות זול,IL,יין וינו לבן,מיליליטרים,750.00,"100 מ""ל",false,,18.90,0.0252,true,1,1308290
7290008802895,false,יין קברנה סוביניון פרייוט קולקשן,אגודת הכורמים הקאופו,IL,יין קברנה סוביניון,מיליליטרים,750.00,"100 מ""ל",false,,38.90,0.0519,true,1,1308291
7290008803014,false,יין כרמל הוק,,,יין כרמל הוק,מיליליטרים,750.00,"100 מ""ל",false,,19.90,0.0265,true,1,1308292
7290008803090,false,"יין מרלו קולקשיין הסדרה האזורית כרמל 750 מ""ל",אגודת הכורמים הקואופ,IL,מרלו גליל עליון,מיליליטרים,750.00,"100 מ""ל",false,,54.90,0.0732,true,1,2242598
7290008804332,false,שיראז אדום יבש פריווט קולקשיין 750מל,אגודת הכורמים הקואופ,IL,יין שיראז,מיליליטרים,750.00,"100 מ""ל",false,,38.90,0.0519,true,1,1308299
7290008804462,false,יין פרייבט קולקשן מו,אגודת הכורמים הקואופ,IL,יין מוסקט קינוח,מיליליטרים,500.00,"100 מ""ל",false,,38.90,0.0778,true,1,1308303
7290008805049,false,סלקטד זינפנדל כרמל מזרחי 750 מל,"כד בני דרום בע""מ",IL,יין רוזה חצי יבש,מיליליטרים,750.00,"100 מ""ל",false,,29.90,0.0399,true,1,1308308
7290008805384,false,"יין סלקטד מוסקטו 750מ""ל",אגודת הכורמים הקואופ,IL,יין מוסקטו סלקטד,מיליליטרים,750.00,"100 מ""ל",false,,29.90,0.0399,true,1,1308309
7290008805520,false,"יין סלקטד קברנה מרלו 750מ""ל","כד בני דרום בע""מ",IL,יין קברנה /מרלו,מיליליטרים,750.00,"100 מ""ל",false,,29.90,0.0399,true,1,1308310
7290008805964,false,"יין קברנה שיראז אזורית 750 מ""ל",אגודת הכורמים הקואופ,IL,יין אדום קברנה שיראז,מיליליטרים,750.00,"100 מ""ל",false,,54.90,0.0732,true,1,1308313
7290008807012,false,יין בינימינה טבע מוס,אליעז בנימינה,IL,טבע מוסקט חצי יבש N,מיליליטרים,750.00,"100 מ""ל",false,,24.90,0.0332,true,1,1347377
7290008807029,false,יין טבע אמרלד רזלינג,אליעז בנימינה,IL,טבע אמרלד ריזלינג N,מיליליטרים,750.00,"100 מ""ל",false,,24.90,0.0332,true,1,1347378
7290008807050,false,יין טבע קברנה סוביני,אליעז בנימינה,IL,טבע קברנה סוביניון N,מיליליטרים,750.00,"100 מ""ל",false,,24.90,0.0332,true,1,1347379
7290008807067,false,יין טבע מרלו בינימינ,אליעז בנימינה,IL,טבע מרלו N 750,מיליליטרים,750.00,"100 מ""ל",false,,24.90,0.0332,true,1,1347380
7290008807210,false,ליקר אפרסק 700 מל,אליעז בנימינה,IL,ליקר בנימינה אפרסק 700מל,מיליליטרים,750.00,"100 מ""ל",false,,54.90,0.0732,true,1,1347384
7290008807272,false,יין בנימינה רזרב גוו,בנימינה Binyamina,IL,ב.רזרב גוורצטרמינר חצי יב,מיליליטרים,750.00,"100 מ""ל",false,,59.90,0.0799,true,1,1347385
7290008807289,false,ייו קיסריה,בנימינה Binyamina,IL,קיסריה יין אדום מתוק 750מ,מיליליטרים,750.00,"100 מ""ל",false,,14.90,0.0199,true,1,1347386
7290008807302,false,ליקר שוקולד 700 מל,אליעז בנימינה,IL,ליקר בנימינה שוקולד 750מל,מיליליטרים,700.00,"100 מ""ל",false,,54.90,0.0784,true,1,1347387
7290008807319,false,ליקר בנימינה וישיניא,אליעז בנימינה,IL,ליקר בנימינה וישיניאק 750,מיליליטרים,700.00,"100 מ""ל",false,,54.90,0.0784,true,1,1347388
7290008807326,false,ליקר בנימינה אמרטו 7,אליעז בנימינה,IL,ליקר בנימינה אמרטו 750מל,מיליליטרים,700.00,"100 מ""ל",false,,54.90,0.0784,true,1,1347389
7290008807333,false,ליקר בננה 700 מל,אליעז בנימינה,IL,ליקר בנימינה בננה 750מל,מיליליטרים,750.00,"100 מ""ל",false,,54.90,0.0732,true,1,1347390
7290008807364,false,ליקר קרם דה קסיס יקב,אליעז בנימינה,IL,ליקר בנימינה ק.קסיס 700מל,מיליליטרים,750.00,"100 מ""ל",false,,54.90,0.0732,true,1,1347391
7290008807371,false,ליקר טריפלסק יקבי בנ,אליעז בנימינה,IL,ליקר בנימינה טריפל סק 750,מיליליטרים,750.00,"100 מ""ל",false,,54.90,0.0732,true,1,1347392
7290008807449,false,יין יוגב סובניון בלא,בנימינה Binyamina,IL,יוגב סוביניון בלאן שרדונה,מיליליטרים,750.00,"100 מ""ל",false,,39.90,0.0532,true,1,1347393
7290008807487,false,יין יוגב קברנה סובינ,בניאמינה,,יין יוגב קברנה סובינ,מיליליטרים,750.00,"100 מ""ל",false,,39.90,0.0532,true,1,1347394
7290008807494,false,יין יוגב ארומטי 750,בנימינה Binyamina,IL,יוגב ארומטי 2014,מיליליטרים,750.00,"100 מ""ל",false,,39.90,0.0532,true,1,1347395
7290008807562,false,ליקר לימונצלו 700 מל,אליעז בנימינה,IL,ליקר בנימינה לימונצ'לו 70,מיליליטרים,750.00,"100 מ""ל",false,,54.90,0.0732,true,1,1347396
7290008834117,false,סטייק אנטריקוט טרי,,,סטייק אנטריקוט טרי,קילוגרמים,1.00,"ק""ג",true,,129.00,129.0000,true,1,1344170
7290008834131,false,אשכי עגל טרי,,,אשכי עגל טרי,קילוגרמים,1.00,"ק""ג",true,,39.90,39.9000,true,1,1344172
7290008834551,false,חזה עוף עם נקיון,,,חזה עוף עם נקיון,קילוגרמים,1.00,"ק""ג",true,,39.90,39.9000,true,1,1344177
7290008834674,false,טחון טרי עם כבש,,,טחון טרי עם כבש,קילוגרמים,1.00,"ק""ג",true,,89.90,89.9000,true,1,1344180
7290008834704,false,אוסובוקו עגל טרי,,,אוסובוקו עגל טרי,קילוגרמים,1.00,"ק""ג",true,,59.90,59.9000,true,1,1344181
7290008834711,false,פילה מדומה טרי,,,פילה מדומה טרי,קילוגרמים,1.00,"ק""ג",true,,59.90,59.9000,true,1,1344182
7290008834759,false,צוואר טרי,,,צוואר טרי,קילוגרמים,1.00,"ק""ג",true,,69.00,69.0000,true,1,1344186
7290008834766,false,בקר טחון טרי,,,בקר טחון טרי,קילוגרמים,1.00,"ק""ג",true,,59.90,59.9000,true,1,1344187
7290008834773,false,חזה בקר טרי,,,חזה בקר טרי,קילוגרמים,1.00,"ק""ג",true,,79.90,79.9000,true,1,1344188
7290008834810,false,שומן כבש (ליה כבש),,,שומן כבש (ליה כבש),קילוגרמים,1.00,"ק""ג",true,,120.00,120.0000,true,1,1344190
7290008834834,false,טחון עוף,,,טחון עוף,קילוגרמים,1.00,"ק""ג",true,,34.90,34.9000,true,1,1344191
7290008834841,false,חזה הודו טחון,,,חזה הודו טחון,קילוגרמים,1.00,"ק""ג",true,,44.90,44.9000,true,1,1344192
7290008834865,false,ריאות עגל טרי,,,ריאות עגל טרי,קילוגרמים,1.00,"ק""ג",true,,29.90,29.9000,true,1,1344194
7290008834889,false,בשר ראש טרי,,,בשר ראש טרי,קילוגרמים,1.00,"ק""ג",true,,69.90,69.9000,true,1,1344196
7290008834896,false,לב עגל טרי,,,לב עגל טרי,קילוגרמים,1.00,"ק""ג",true,,19.90,19.9000,true,1,1344197
7290008834902,false,זנב עגל טרי,,,זנב עגל טרי,קילוגרמים,1.00,"ק""ג",true,,69.00,69.0000,true,1,1344198
7290008834919,false,רוטפלש(נתח קצבים),,,רוטפלש(נתח קצבים),קילוגרמים,1.00,"ק""ג",true,,149.00,149.0000,true,1,1344199
7290008834926,false,רגל עגל פרוס,,,רגל עגל פרוס,קילוגרמים,1.00,"ק""ג",true,,59.90,59.9000,true,1,1344200
7290008835831,false,פרגיות קוביות,,,פרגיות קוביות,קילוגרמים,1.00,"ק""ג",true,,79.90,79.9000,true,1,1344201
7290008835879,false,בשר צלעות טרי,,,בשר צלעות טרי,קילוגרמים,1.00,"ק""ג",true,,79.90,79.9000,true,1,1344202
7290008849470,false,ממרחפלפל צומה 185 ג' אוליביה,אוליביה גורמה בעמ,IL,פלפל צומה 185 ג,גרמים,185.00,100 גרם,false,,12.90,0.0697,true,1,1309120
7290008849586,false,רוטב ריבת בצל אוליבי,קריות זול,IL,רוטב לעוף ריבת בצל,גרמים,310.00,100 גרם,false,,12.90,0.0416,true,1,1309124
7290008849609,false,אוליביה רוטב לכרעיים,אוליביה גורמה (1996),IL,רוטב לעוף שום דבש,מיליליטרים,330.00,"100 מ""ל",false,,12.90,0.0391,true,1,1309125
7290008849739,false,"רוטב סויה קלאסי אוליביה 290 מ""ל",קריות זול,IL,רוטב סויה אמיתי,מיליליטרים,290.00,"100 מ""ל",false,,12.90,0.0445,true,1,1309126
7290008849753,false,רוטב טריאקי עשיר אוליביה 300 מל,מיוצר עי קונדיטוריית,IL,רוטב טריאקי,מיליליטרים,290.00,"100 מ""ל",false,,12.90,0.0445,true,1,1309128
7290008849777,false,רוטב צילי מתוק אוליביה 350 ג',קריות זול,IL,רוטב צ'ילי מתוק,גרמים,290.00,100 גרם,false,,12.90,0.0445,true,1,1309129
7290008849838,false,טפנד זיתים אוליביה 190 גר',"אוליביה גורמה בע""מ",IL,טפנד זיתים-אוליביה,גרמים,180.00,100 גרם,false,,9.90,0.0550,true,1,1996822
7290008849845,false,ממרח אוליביה אריסה פיקנטי 180 ג',"אוליביה גרומה בע""מ",IL,אריסה פיקנטית-אוליבי,גרמים,185.00,100 גרם,false,,9.90,0.0535,true,1,1996823
7290008909853,false,קוקה קולה זירו בקבוק 500מל,החברה המרכזית לייצור,IL,קולה ZERO בקבוק 500 מל,מיליליטרים,500.00,"100 מ""ל",false,,6.90,0.0138,true,1,1335111
7290008909884,false,"קוקה קולה זירו 350 מ""ל בקבוק זכוכית",החברה המרכזית לייצור,IL,קולה זירו קלאסי 350,מיליליטרים,350.00,"100 מ""ל",false,,5.90,0.0169,true,1,1335114
7290008961585,false,כוסמת פוסולסקי דבור,סנקי,,כוסמת 800 גרם,גרמים,800.00,100 גרם,false,,12.90,0.0161,true,1,1507019
7290008975551,false,מטרנה מהדרין חסכון שלב 3 700 גרם,מולינו ניקולי s.p.a,IL,תרכובת מזון המשך לפעוטות,גרמים,700.00,100 גרם,false,,59.90,0.0856,true,1,1305656
7290008989015,false,בטר אנד דיפרנט דייסת אורז 400 גרם,בטר אנד דיפרנט B&D,IL,דייסת אורז 400 גרם,גרמים,400.00,100 גרם,false,,16.90,0.0422,true,1,1348258
7290008989091,false,פירכיות אורז מארז 100X3ג',בטר אנד דיפרנט B&D,IL,פריכיות שלישיות אריזת חסכ,גרמים,310.00,100 גרם,false,,11.90,0.0384,true,1,1348262
7290008989282,false,שמן פשתן 250 גר',בטר אנד דיפרנט B&D,IL,"שמן פשתן 250 מ""ל",גרמים,250.00,100 גרם,false,,19.90,0.0796,true,1,1348264
7290008989305,false,שבבי סויה 200 גרם .5,בטר אנד דיפרנט B&D,IL,שבבי סויה 200 גרם 55% חלב,גרמים,200.00,100 גרם,false,,6.90,0.0345,true,1,1348265
7290008989312,false,גולש סויה 200 גרם 55,בטר אנד דיפרנט B&D,IL,גולש סויה 200 גרם 55% חלב,גרמים,200.00,100 גרם,false,,6.90,0.0345,true,1,1348266
7290008989473,false,ממרח חרובים טעם שוקו' 350ג' בי&די,בטר אנד דיפרנט B&D,IL,ממרח חרובים בטעם שוקולד 3,גרמים,350.00,100 גרם,false,,12.90,0.0369,true,1,1348268
7290008989749,false,פריכיות קינואה +אורז מלא 200 גרם,בטר אנד דיפרנט,IL,פירכיות קינואה 200 ג,גרמים,200.00,100 גרם,false,,10.90,0.0545,true,1,1348277
7290008989848,false,חמאת בוטנים קרנצ'י 350 גר',בטר אנד דיפרנט B&D,IL,חמאת בוטנים קרנצ'ית 350 ג,גרמים,350.00,100 גרם,false,,12.90,0.0369,true,1,1348278
7290008989855,false,בטר אנד דיפרנט פריכיות אורז מלא 80 גר,בטר אנד דיפרנט B&D,IL,פריכוני אורז 80 גרם,גרמים,80.00,100 גרם,false,,4.90,0.0613,true,1,1348279
7290010023141,false,תה לימונענע הגן הקסום 25 שיקיקים,קריות זול,IL,חליטת לימונענע,גרמים,55.00,100 גרם,false,,16.90,0.3073,true,1,1339370
7290010023622,false,תה ויסוצקי קלאסיק 1ג' נגיעות נענע 100יח',ויסוצקי,IL,תה ויסוצקי קלאסי בנגיעות,גרמים,100.00,100 גרם,false,,19.90,0.1990,true,1,1339372
7290010023943,false,חליטה מצמח הרויבוש Red tea בטעם קינמון ווניל,מולינו ניקולי s.p.a,IL,רויבוש קינמון וניל,גרמים,50.00,100 גרם,false,,24.90,0.4980,true,1,1339375
7290010045013,false,עוגיות חמאה צרפתיות 200 ג',מאפיית אריאל,IL,עוגיות חמאה צרפתיות,גרמים,200.00,100 גרם,false,,18.90,0.0945,true,1,1339377
7290010049004,false,סירופ בטעם ענבים ללא תוספת סוכר,מרמולייט,IL,מרמולייט סירופ בטעם ענבים,ליטרים,1.00,ליטר,false,,19.90,19.9000,true,1,1353360
7290010049028,false,סירופ בטעם פטל ללא תוספת סוכר,מרמולייט,IL,מרמולייט סירופ בטעם פטל 1,ליטרים,1.00,ליטר,false,,19.90,19.9000,true,1,1353362
7290010065059,false,פרינוק - ג'וניור פירות מעורבים 190 גרם,פרינוק,CZ,ג'וניור פירות מעור.190 ג',גרמים,190.00,100 גרם,false,,5.90,0.0311,true,1,1309169
7290010065295,false,פרינוק - מחית תפוחי עץ ובננה 130 גרם,פרינוק,CZ,מחית תפ'ע+בננה 130ג'ירוק,גרמים,130.00,100 גרם,false,,4.90,0.0377,true,1,1309174
7290010065301,false,פרינוק - מחית סלט פירות 130 גרם,פרינוק,CZ,מחית סלט פירות 130ג'ירוק,גרמים,130.00,100 גרם,false,,4.90,0.0377,true,1,1309175
7290010065318,false,פרינוק - ג'וניור תפוחי עץ 190 גרם,פרינוק,CZ,ג'וניור תפ'ע 190 ג' אדום,גרמים,190.00,100 גרם,false,,5.90,0.0311,true,1,1309176
7290010065332,false,פרינוק - ג'וניור פתוחי עץ ובננה 190 גרם,פרינוק,CZ,ג'וניור תפ'ע בננה 190 ג',גרמים,190.00,100 גרם,false,,5.90,0.0311,true,1,1309178
7290010065349,false,פרינוק גרבר גוניור סלט פירות 190 גר',כלורוקס אוקלנד,CZ,ג'וניור סלט פירות 190 ג',גרמים,190.00,100 גרם,false,,5.90,0.0311,true,1,1309179
7290010065721,false,פרינוק - מחית לפתן פירות 130 גרם,fruta,CZ,מחית לפתן פירות 130 ג' יר,גרמים,130.00,100 גרם,false,,4.90,0.0377,true,1,1309184
7290010065745,false,ג`וניור פרינוק מחית לפתן פירות 190ג',פרינוק,CZ,ג'וניור לפתן פירות 190 ג',גרמים,190.00,100 גרם,false,,5.90,0.0311,true,1,1309186
7290010116980,false,אבקת שוקולית שקית עלית 850 ג',הנסיך- מפעל לייצור ט,IL,שוקולית 850 גרם 6 יח,גרמים,850.00,100 גרם,false,,18.90,0.0222,true,1,1342656
7290010117864,false,דוריטוס בטעם חריף אש,שטראוס פריטו ליי בע,IL,דוריטוס חריף אש 70 גרם,גרמים,70.00,100 גרם,false,,3.50,0.0500,true,1,1343279
7290010118328,false,מארז תפוצ'יפס בטעם טבעי,שטראוס,IL,מארז תפוציפס 240*6ג/1מארז,גרמים,240.00,100 גרם,false,,12.90,0.0538,true,1,1343282
7290010119240,false,מארז תפוצ'יפס בטעם טבעי 12 יחידות,שטראוס,IL,מארז תפוציפס1 /12*18מארז/,גרמים,216.00,100 גרם,false,,16.90,0.0782,true,1,1343283
7290010153480,false,לדר פאפיה 100גרם,מיה תעשיות מזון,IL,לדר פאפיה 100גרם,גרמים,100.00,100 גרם,false,,7.90,0.0790,true,1,1334120
7290010153541,false,שיבולת שועל קוואקר מהיר הכנה מיה 500 גר',מיה תעשיות מזון,IL,קווקר מהיר הכנה 500גרם,גרמים,500.00,100 גרם,false,,6.90,0.0138,true,1,1334122
7290010153688,false,"חומץ טבעי מיה 1 ליטר בד""צ",פרידמן תעשיות חומץ ו,IL,חומץ טבעי 1ליטר בד''ץ,ליטרים,1.00,ליטר,false,,6.90,6.9000,true,1,1334123
7290010153725,false,קונפיטורה דובדבן מיה 340 גר',מיה תעשיות מזון בעמ,IL,קונפיטורה דובדבן 340גרם,גרמים,340.00,100 גרם,false,,12.90,0.0379,true,1,1334124
7290010153770,false,ציפוי לשניצל פיקנטי מיה 500 גר',מיה תעשיות מזון,IL,ציפוי לשניצל פיקנטי 500גר,גרמים,500.00,100 גרם,false,,9.90,0.0198,true,1,1334128
7290010153787,false,ציפוי לשניצל עם שום מיה 500 גר',מיה תעשיות מזון,IL,ציפוי לשניצל עם שום 500גר,גרמים,500.00,100 גרם,false,,9.90,0.0198,true,1,1334129
7290010153794,false,ציפוי לשניצל עם עשבי תיבול מיה 500 גר',מיה תעשיות מזון,IL,ציפוי לשניצל עם עשבי תיבו,גרמים,500.00,100 גרם,false,,9.90,0.0198,true,1,1334130
7290010153800,false,ציפוי לשניצל עם תיבול עדין מיה 500 גר',מיה תעשיות מזון,IL,ציפוי לשניצל עם תיבול עדי,גרמים,500.00,100 גרם,false,,9.90,0.0198,true,1,1334131
7290010153817,false,ריבת חלב אמיתי 400גרם,מיה תעשיות מזון בעמ,IL,ריבת חלב בד''ץ,גרמים,400.00,100 גרם,false,,10.90,0.0273,true,1,1334132
7290010153848,false,תבלין פפריקה מרוקאי בשמן 80 גר' מיה,מיה תעשיות מזון בעמ,IL,פפריקה מרוקאית בשמן 80גרם,גרמים,80.00,100 גרם,false,,6.90,0.0863,true,1,1334134
7290010153855,false,פפריקה מרוקאית בשמן 300גרם צנצנת,מיה תעשיות מזון בעמ,IL,פפריקה מרוקאית בשמן 300גר,גרמים,300.00,100 גרם,false,,19.90,0.0663,true,1,1334135
7290010153862,false,תבלין פלפל שחור גרוס 70 גר',מיה תעשיות מזון בעמ,IL,פלפל שחור גרוס 70גרם,גרמים,70.00,100 גרם,false,,7.90,0.1129,true,1,1334136
7290010153879,false,ריבת חלב מרוכזת בטעם שמנת מיה 400 גר',מיה תעשיות מזון בעמ,IL,ריבת חלב בטעם שמנת 400גרם,גרמים,400.00,100 גרם,false,,10.90,0.0273,true,1,1334137
7290010153978,false,קונפיטורה שזיפים מיה 340 גר',מיה תעשיות מזון בעמ,IL,קונפיטורה שזיפים 340גרם,גרמים,340.00,100 גרם,false,,12.90,0.0379,true,1,1334139
7290010154050,false,אריסה מתוקה 250 ג' ביטון,ביטון יוחאי,,ממרח שיפקה כבוש ביטו,גרמים,250.00,100 גרם,false,,12.90,0.0516,true,1,2505000
7290010154418,false,סחוג אדום ביטון 130 גר',תבליני ביטון יוחאי,IL,סחוג אדום 130 גרם,יחידה,0.00,יחידה,false,,7.90,0.0000,true,1,2199472
7290010154425,false,סחוג ירוק ביטון 130 גר',,,סחוג ירוק 130 גרם,יחידה,0.00,יחידה,false,,7.90,0.0000,true,1,2199473
7290010154548,false,ממרח שום טבעי 225 גר' מעדני ביטון,ביטון יוחאי,,ממרח שום ביטון יוחאי,גרמים,235.00,100 גרם,false,,12.90,0.0549,true,1,2199474
7290010154555,false,ממרח לימון כבוש 250 גר' מעדני ביטון,ביטון יוחאי,,ממרח לימון כבוש 250ג,גרמים,250.00,100 גרם,false,,12.90,0.0516,true,1,2199475
7290010154685,false,סלט שום כתוש 250 ג' ביטון יוחאי,תבליני ביטון יוחאי,IL,סלט שום כתוש 250 גרם,גרמים,250.00,100 גרם,false,,12.90,0.0516,true,1,2199477
7290010161669,false,"דאודורנט ספריי לגבר 200מ""ל אדם",זוהר קוסמטיקס,IL,דאו אדם פרימייר,מיליליטרים,200.00,"100 מ""ל",false,,14.90,0.0745,true,1,1336275
7290010175291,false,קקאו הולנדי לאפייה ולהכנת משקה,טעמן,,קקאו הולנדי 500 גרם,גרמים,500.00,100 גרם,false,,19.90,0.0398,true,1,1333360
7290010175819,false,חמאת בוטנים קלאסית ט,ניצה אס סיי,AR,חמאת בוטנים,גרמים,510.00,100 גרם,false,,10.90,0.0214,true,1,1333366
7290010175826,false,חמאת בוטנים עם שברי בוטנים 510 גר',ניצה אס סיי,AR,חמאת בוטנים עם שברי,גרמים,510.00,100 גרם,false,,10.90,0.0214,true,1,1333367
7290010175840,false,לבבות דקל שלמים במי מלח,אינאקספו,UY,לבבות דקל שלם 400 גר,גרמים,400.00,100 גרם,false,,10.90,0.0273,true,1,1333369
7290010175857,false,פרוסות לבבות דקל 400 ג' טעמן,אינאקספו,UY,פרוסות לבבות דקל 400,גרמים,400.00,100 גרם,false,,9.90,0.0248,true,1,1333370
7290010176793,false,סוכריות מיני רולים 375 ג,גואנגדונג צאואן פוד,CN,סוכריות רולס 375 גרם,גרמים,385.00,100 גרם,false,,18.90,0.0491,true,1,2517766
7290010176977,false,סוכריות שעון עשיריה,,,סוכריות שעון עשיריה,גרמים,140.00,100 גרם,false,,8.90,0.0636,true,1,1333379
7290010182053,false,דאורדורנט ספריי לגבר,,,דאורדורנט ספריי לגבר,מיליליטרים,200.00,"100 מ""ל",false,,19.90,0.0995,true,1,1327753
7290010182237,false,דאודורנט רול און לאב,,,דאודורנט רול און לאב,מיליליטרים,80.00,"100 מ""ל",false,,14.90,0.1863,true,1,1327754
7290010182985,false,לאבילין דאודורנט סטיק 72 כחול 50 מל,,,דאודורנט סטיק כחול,מיליליטרים,50.00,"100 מ""ל",false,,24.90,0.4980,true,1,1700637
7290010195268,false,פופקורן למיקרו בטעם טבעי מופחת שומן,פופ סטאר,US,פופסטאר מופחת שומן טבעי 5,גרמים,500.00,100 גרם,false,,12.90,0.0258,true,1,1353374
7290010195275,false,פופקורן להכנה במיקרוגל בטעם חמאה מופחת שומן,פופ סטאר,US,פופסטאר מופחת שומן חמאה 5,גרמים,500.00,100 גרם,false,,12.90,0.0258,true,1,1353375
7290010234004,false,"פנינה סבון אינטימי 450 מ""ל",,,"סבון אינטימי 450 מ""ל",מיליליטרים,450.00,"100 מ""ל",false,,19.90,0.0442,true,1,1348104
7290010237531,false,"פפסי קולה פלסטיק 500 מ""ל","טמפו משקאות בע""ם.",IL,"פפסי קולה 500 מ""ל",מיליליטרים,500.00,"100 מ""ל",false,,4.50,0.0090,true,1,1323998
7290010237548,false,פפסי מקס בקבוק 500 מ``ל,טמפו משקאות בעמ,IL,"פפסי מקס 500 מ""ל",מיליליטרים,500.00,"100 מ""ל",false,,4.50,0.0090,true,1,1323999
7290010237562,false,מירינדה פלסטיק 500מל,"טמפו משקאות בע""מ",IL,"משקה מירנדה 500 מ""ל",מיליליטרים,500.00,"100 מ""ל",false,,4.50,0.0090,true,1,1324000
7290010237579,false,סבן אפ פלסטיק 500מל,"טמפו משקאות בע""מ",IL,"משקה סבן-אפ 500 מ""ל",מיליליטרים,500.00,"100 מ""ל",false,,4.50,0.0090,true,1,1324001
7290010237586,false,סבן אפ דיאט פלסטיק 500מל,"טמפו משקאות בע""מ",IL,"סבן-אפ דיאט 500 מ""ל",מיליליטרים,500.00,"100 מ""ל",false,,4.50,0.0090,true,1,1324002
7290010237685,false,"הייניקן בירה צואר ארוך 330מ""ל",טמפו משקאות בע''מ,IL,"הייניקן בקבוק 330 מ""",מיליליטרים,330.00,"100 מ""ל",false,,9.90,0.0300,true,1,1324005
7290010237777,false,בירה שנדי בתוספת משקה לימון ליים,טמפו משקאות בע''מ,IL,בירה שנדי לימון ליים,מיליליטרים,330.00,"100 מ""ל",false,,5.90,0.0179,true,1,1324009
7290010259007,false,"עוגיות איטלקיות מובחרות ויליפוד 1 ק""ג",דן קייק,PT,עוגיות ביצים בישקוטים 200,גרמים,200.00,100 גרם,false,,6.90,0.0345,true,1,1308844
7290010259311,false,חלב קוקוס ויליפוד 400ג',וילי פוד,TH,קרם קוקוס 400 גרם,גרמים,400.00,100 גרם,false,,7.90,0.0198,true,1,1947631
7290010259359,false,וילי פוד נודלס אטר.ביצים להקפצה בדץ 200ג,פוג'יאן לונגהאי אנלי,TH,אטריות להקפצה נודלס 200גר,גרמים,200.00,100 גרם,false,,4.90,0.0245,true,1,1308848
7290010259366,false,וילי פוד נודלס אטר.ביצים מסולסל בדץ 200ג,פוג'יאן לונגהאי אנלי,CN,אטריות להקפצה מסולסלות נו,גרמים,200.00,100 גרם,false,,4.90,0.0245,true,1,1308849
7290010259823,false,מנת השף מרק עם נודלס טעם עוף בדץ 70ג,נמצ'או(תאילנד) בעמ,TH,מנת השף- מרק עם נודלס בטע,גרמים,70.00,100 גרם,false,,4.90,0.0700,true,1,1308850
7290010259830,false,מנת השף נודלס בסגנון סיני פיקנטי,נמצ'או(תאילנד) בעמ,TH,מנת השף מרק עם נודלס בסגנ,גרמים,70.00,100 גרם,false,,4.90,0.0700,true,1,1308851
7290010259847,false,מנת השף מרק עם נודלס טעם תירס בדץ 70ג,קריות זול,TH,מנת השף- מרק עם נודלס בטע,גרמים,70.00,100 גרם,false,,4.90,0.0700,true,1,1308852
7290010259854,false,מנת השף נודלס בטעם פטריות בדץ 70ג,נמצ'או(תאילנד) בעמ,TH,מנת השף - מרק עם נודלס בט,גרמים,70.00,100 גרם,false,,4.90,0.0700,true,1,1308853
7290010259861,false,מנת השף מרק עם נודלס בטעם ירקות בדץ 70ג,קריות זול,TH,מנת השף -מרק עם נודלס בטע,גרמים,70.00,100 גרם,false,,4.90,0.0700,true,1,1308854
7290010259977,false,שמן קנולה ויליפוד 1ליטר,וילי פוד,PL,שמן קנולה מזוכך 1 לי,ליטרים,1.00,ליטר,false,,9.90,9.9000,true,1,2485606
7290010259991,false,וילי פוד צנימים בדץ 250ג,קריות זול,PT,צנימים 250גרם,גרמים,250.00,100 גרם,false,,7.90,0.0316,true,1,1308858
7290010300211,false,מפת דובדבן ניילון 24 מטר,אשפלסט,,מפת שולחן דובדבן 24,מטרים,24.00,מטר,false,,14.90,0.6208,true,1,1329674
7290010300471,false,חוט דנטלי ושעווה מנטה קלין 50 מטר,,,חוט דנטלי עם שעווה 5,מטרים,50.00,מטר,false,,8.90,0.1780,true,1,1329677
7290010300488,false,קיסמים וחוט דנטלי דנטה קלין 40 יח',,,קיסם+חוטדנטלי 40 יח,יח',40.00,יח',false,,8.90,0.2225,true,1,1329678
7290010300594,false,גלטין טהור קופסא,ר.ס.,,גלטין טהור קופסא,גרמים,24.00,100 גרם,false,,11.90,0.4958,true,1,1329680
7290010300860,false,"אציטון אלפא 100מ""ל",מעבדות קליאו,,"אציטון 100 מ""ל",מיליליטרים,100.00,"100 מ""ל",false,,4.90,0.0490,true,1,2265712
7290010328093,false,ממרח חלווה אחווה 400 ג' מהדרין,אחדות בית חרושת לטחי,IL,ממרח חלוה 400 גרם,גרמים,400.00,100 גרם,false,,10.90,0.0273,true,1,1306648
7290010328178,false,חלבה מסולסלת שערות אחוה 250 ג',אחדות ביחר לטחינה חל,IL,חלוה מסולסלת 250 גרם,גרמים,250.00,100 גרם,false,,9.90,0.0396,true,1,2385199
7290010328246,false,טחינה גולמית שומשום מלא אחווה 500 ג',,IL,טחינה אחוה שומשום מל,גרמים,500.00,100 גרם,false,,10.90,0.0218,true,1,1306651
7290010328253,false,טחינה משומשום טבעי 500 גר מהדרין,"אחדות ביח""ר בעמ",IL,טחינה אחוה גולמית 50,גרמים,500.00,100 גרם,false,,10.90,0.0218,true,1,1306652
7290010328451,false,אחווה חלווה עם פולי קקאו 400 גר,אחדות ביחר לטחינה חל,IL,חלוה עם פולי קקאו 400 גרם,גרמים,400.00,100 גרם,false,,12.90,0.0323,true,1,1306653
7290010328468,false,אחוה חטיפי מיני חלווה 12*18 יח,שוורצקוף& הנקל דיסלד,IL,חטיפי מיני חלוה בטעמים 18,יח',18.00,יח',false,,10.90,0.6056,true,1,1306654
7290010328505,false,"חלבה חטיפי מיני לייטר לל""ס אחוה 150ג'",אחדות ביחר לטחינה חל,IL,חטיפי מיני חלוה ללא תוספת,גרמים,150.00,100 גרם,false,,10.90,0.0727,true,1,1306656
7290010328680,false,עוגה שוקולדו שוקוצ'יפ מריר ולבן אחוה 450ג',אחדות ביחר לטחינה חל,IL,עוגה בטעם שוקולד עם שוקוצ,גרמים,450.00,100 גרם,false,,9.90,0.0220,true,1,1306662
7290010328710,false,קיצפיות אחווה 180 גר,אחדות ביחר לטחינה חל,IL,קצפיות במגש 180 גרם,גרמים,180.00,100 גרם,false,,7.90,0.0439,true,1,2434026
7290010328727,false,ממרח טחינה עם שוקולד אחווה 400 ג',אחדות ביחר לטחינה חל,IL,ממרח טחינה עם שוקולד,גרמים,400.00,100 גרם,false,,10.90,0.0273,true,1,2385521
7290010328734,false,ממרח טחינה עם סילאן משומשום מלא,אחדות ביחר לטחינה חל,IL,ממרח שומשום עם סילאן,גרמים,400.00,100 גרם,false,,10.90,0.0273,true,1,1426515
7290010328789,false,עוגה וניל אחדות 350 גר',אחדות ביחר לטחינה חל,IL,עוגה בטעם וניל 350 ג,גרמים,350.00,100 גרם,false,,6.90,0.0197,true,1,2385249
7290010328802,false,עוגת שוקוצ'יפס 350 ג' אחדות.,אחדות ביחר לטחינה חל,IL,עוגה שוקוציפס 350 גר,גרמים,350.00,100 גרם,false,,6.90,0.0197,true,1,2385251
7290010328819,false,"ממרח טחינה עם שוקולד לל""ס 400 ג' אחדות!.",אחדות ביחר לטחינה חל,IL,ממרח שומשום בטעם שוק,גרמים,400.00,100 גרם,false,,10.90,0.0273,true,1,1490015
7290010328895,false,מאפין בטעם שוקולד45 גרם אחוה,אחדות ביחר לטחינה חל,IL,מאפין בטעם שוקולד.,גרמים,45.00,100 גרם,false,,1.90,0.0422,true,1,2389444
7290010328901,false,מאפין בטעם וניל 45 גרם אחוה,אחדות ביחר לטחינה חל,IL,מאפין וניל.,גרמים,45.00,100 גרם,false,,1.90,0.0422,true,1,2389445
7290010329854,false,עוגיות מיני קוקיס בטעם חמאה ללא תוספת סוכר,כרמית,,עוגיות מיני קוקיס בט,גרמים,600.00,100 גרם,false,,18.90,0.0315,true,1,1405934
7290010382811,false,"לחות קלילה לשיער מתולתל נטורל פורמולה, 400 מ""ל",,,קרם לחות קלילה לשיער,מיליליטרים,300.00,"100 מ""ל",false,,24.90,0.0830,true,1,1344745
7290010382828,false,"נטורל פורמולה לחות קלילה לשיער יבש 400 מ""ל",אמיליה קוסמטיקס,IL,קרם לחות קליל-יבש 400מל,מיליליטרים,300.00,"100 מ""ל",false,,24.90,0.0830,true,1,1344746
7290010429554,false,"שמן זית כתית מעולה יד מרדכי 2 קלאסי, 750 מ""ל",מכוורת יד מרדכי שטרא,IL,"שמן זית 2 קלאסי 750 מ""ל",מיליליטרים,750.00,"100 מ""ל",false,,33.90,0.0452,true,1,1342663
7290010471669,false,יוגורט תות עם קורנפלקס מצופה שוקולד ללא גלוטן 3.9%,"שטראוס בריאות בע""מ",IL,בר תות קורנפלקס בודד- מקט,גרמים,175.00,100 גרם,false,,4.50,0.0257,true,1,1341931
7290010472390,false,מארז 8 יחידות מעדן דני בטעם שוקולד 1.5%,מיוצר עי קונדיטוריית,IL,מארז 8 דני שוקולד,גרמים,1000.00,100 גרם,false,,15.90,0.0159,true,1,1341936
7290010548514,false,עשבי תיבול לבישול איטלקי,עיצובים 2020 (3.8),IL,תערובת איטלקית 70 גרם,גרמים,70.00,100 גרם,false,,9.90,0.1414,true,1,1305712
7290010561360,false,ברילי באגט EXTRA קמח טף 360 ג',קרלו,IL,ברילי באגט EXTRA קמח,גרמים,360.00,100 גרם,false,,17.90,0.0497,true,1,2432976
7290010561407,false,ברילי לחם פרוס EXTRA ויטמינים ומינרלים 500 ג',ברילי Barili,IL,ברילי לחם פרוס EXTRA,גרמים,500.00,100 גרם,false,,19.90,0.0398,true,1,2432977
7290010561414,false,לחם קל EXTRA צ'יה וטף ללא גלוטן,אשבל מזון פונקציונלי,IL,ברילי לחם קל EXTRA צ,גרמים,500.00,100 גרם,false,,22.90,0.0458,true,1,2432978
7290010561445,false,פיתות ללא גלוטן - 5 יח',אשבל מזון פונקציונלי,IL,ברילי פיתות,גרמים,420.00,100 גרם,false,,19.90,0.0474,true,1,2432980
7290010561469,false,מאפה אצבע ללא גלוטן 330 גרם,אשבל מזון פונקציונלי,IL,לחמניות אצבע ללא גלו,גרמים,330.00,100 גרם,false,,19.90,0.0603,true,1,2462139
7290010561964,false,ג'בטה EXTRA קמח טף ללא גלוטן - 3 יח',אשבל מזון פונקציונלי,IL,ברילי ג'בטה EXTRA קמ,גרמים,380.00,100 גרם,false,,19.90,0.0524,true,1,2432982
7290010609727,false,פופס קידס משקה להקפאה בטעם פירות 70יח,הדיל,,פופס קידס-שלוקים מאר,מיליליטרים,2240.00,"100 מ""ל",false,,13.90,0.0062,true,1,1335502
7290010609734,false,אייס לי משקה להקפאה בטעמי פירות - מארז 8 יח',הדיל,IL,אייס לי שלוקים 8 יח',מיליליטרים,800.00,"100 מ""ל",false,,4.90,0.0061,true,1,1562927
7290010609864,false,טרופיX משקה בטעם ענבים- מארז 40 יח',הדיל,,טרופיקס משקה ענבים,ליטרים,8.00,ליטר,false,,34.90,4.3625,true,1,1562906
7290010613809,false,תרסיס לניקוי ריפודים,,,תרסיס לניקוי ריפודים,יחידה,0.00,יחידה,false,,24.90,0.0000,true,1,2471104
7290010613823,false,נוזל לניקוי כלים 1.6,,,נוזל לניקוי כלים 1.6,ליטרים,1.60,ליטר,false,,14.90,9.3125,true,1,2476095
7290010613830,false,נוזל לניקוי כלים 1.6,,,נוזל לניקוי כלים 1.6,ליטרים,1.60,ליטר,false,,14.90,9.3125,true,1,2476096
7290010613892,false,תרסיס לניקוי כללי בתוספת חומץ בריח פריחה סגולה,פרפקט Perfect,,תרסיס לניקוי כללי בת,ליטרים,1.00,ליטר,false,,12.90,12.9000,true,1,2455279
7290010613939,false,תרסיס לניקוי כללי בתוספת אבקת סודה,פרפקט Perfect,,תרסיס לניקוי כללי בת,ליטרים,1.00,ליטר,false,,12.90,12.9000,true,1,2455265
7290010627004,false,טחינה גולמית מסורתית ירושלים 500 ג',"בראשית ירושלים בע""מ",IL,טחינה גולמית ירושלים,גרמים,500.00,100 גרם,false,,12.90,0.0258,true,1,1473441
7290010627844,false,טחינה גולמית שומשום מלא ירושלים 500גרם,"בראשית ירושלים בע""מ",IL,טחינה גולמית ירושלים,גרמים,500.00,100 גרם,false,,12.90,0.0258,true,1,1473442
7290010632121,false,כוס אימון עם ידיות ופיה רכה ML360 טוליפס פרמיום,טוליפס Tulips,CN,כוס אימון עם ידיות ר,יח',1.00,יח',false,,16.90,16.9000,true,1,1322181
7290010632299,false,בקבוק ספורט עם קש נו,,,כוס עם קשית,יח',1.00,יח',false,,24.90,24.9000,true,1,1322183
7290010632343,false,מברשת לבקבוק ופיטמה,נובי Nuby,,מברשת לבקבוק ופיטמה,יחידה,0.00,יחידה,false,,27.90,0.0000,true,1,1322188
7290010632404,false,נובי מיכל לאבקת חלב,מולינו ניקולי s.p.a,CN,מיכל לאבקת חלב נובי,יח',1.00,יח',false,,17.90,17.9000,true,1,1322194
7290010632541,false,קערות + מכסים - מארז 6 יח',נובי Nuby,,קערה ומכסה 6 יח נובי,יח',6.00,יח',false,,35.90,5.9833,true,1,1322208
7290010632558,false,כפית ארוכה 18 יח נוב,,,כפית ארוכה 18 יח נוב,יח',18.00,יח',false,,19.90,1.1056,true,1,1322209
7290010632572,false,נשכן שרשרת חרוזים נו,מולינו ניקולי s.p.a,CN,נשכן שרשרת נובי,יח',1.00,יח',false,,35.90,35.9000,true,1,1322211
7290010632787,false,צימרוני אוזניים עץ 300יח',הדקלאים אגודת שיתופי,CN,צימרוני אוזנים מעץ 3,יח',300.00,יח',false,,3.50,0.0117,true,1,1322225
7290010711673,false,100 שקיות אוכל מנייר,מ.א ייצור ושיווק מטל,,100 שקיות אוכל מנייר 20 ב,יח',100.00,יח',false,,11.90,0.1190,true,1,1326822
7290010711703,false,שקיות אוכל מנייר 50 יח',מ.א ייצור ושיווק מטל,,50 שקיות אוכל מנייר 40 בק,יח',50.00,יח',false,,6.90,0.1380,true,1,1326823
7290010748853,false,"ד""ר פישר - אפקטיב קר קרם ידיים סנסיטיב 150 מ""ל","ד""ר פישר Dr fischer",IL,אפקטיב קר קרם ידיים סנסיט,מיליליטרים,150.00,"100 מ""ל",false,,15.90,0.1060,true,1,1351926
7290010748860,false,"ד""ר פישר - אפקטיב קר קרם ידיים אינטנסיב 150 מ""ל",פישר מעבדות פרמצבטיו,IL,אפקטיב קר קרם ידיים אינטנ,מיליליטרים,150.00,"100 מ""ל",false,,15.90,0.1060,true,1,1351927
7290010748877,false,קרם גוף סנסטיב Senstive לעור רגיש,פישר מעבדות פרמצבטיו,IL,אפקטיב קר קרם גוף סנסיטיב,מיליליטרים,700.00,"100 מ""ל",false,,24.90,0.0356,true,1,1351928
7290010748884,false,קרם גוף אינטנסיב Intensive לעור יבש במיוחד,פישר מעבדות פרמצבטיו,IL,אפקטיב קר קרם גוף אינטנסי,מיליליטרים,700.00,"100 מ""ל",false,,24.90,0.0356,true,1,1351929
7290010748891,false,קרם גוף מולטי ויטמין Multi vitamin לעור רגיל- יבש,פישר מעבדות פרמצבטיו,IL,אפקטיב קר קרם גוף מולטי ו,מיליליטרים,700.00,"100 מ""ל",false,,24.90,0.0356,true,1,1351930
7290010757893,false,"בורקס תפו""א ללא גלוטן פרווה - מוקפא",מאפיית ישראל חיפה,IL,בורקס תפוא ללא גלוטן,גרמים,500.00,100 גרם,false,,19.90,0.0398,true,1,2495224
7290010757909,false,בורקס גבינה ללא גלוטן - מוקפא,מאפיית ישראל חיפה,IL,בורקס גבינה ללא גלוט,גרמים,500.00,100 גרם,false,,19.90,0.0398,true,1,2495225
7290010757916,false,בורקס פיצה ללא גלוטן,מאפיית ישראל חיפה,IL,בורקס פיצה ללא גלוטן,גרמים,500.00,100 גרם,false,,19.90,0.0398,true,1,2495226
7290010757923,false,ריבועי בצק עלים ל.גל,מאפיית ישראל חיפה,IL,ריבועי בצק עלים ללא,גרמים,450.00,100 גרם,false,,17.90,0.0398,true,1,2495236
7290010757930,false,מלאווח ללא גלוטן פרווה - מוקפא,מאפיית ישראל חיפה,IL,מלוואח ללא גלוטן 500,גרמים,500.00,100 גרם,false,,19.90,0.0398,true,1,2495227
7290010757954,false,זיווה גבינה ללא גלוט,מאפיית ישראל חיפה,IL,זיווה גבינה ללא גלוט,גרמים,500.00,100 גרם,false,,19.90,0.0398,true,1,2495229
7290010757961,false,ג'חנון ללא גלוטן ארי,מאפיית ישראל חיפה,IL,ג'חנון ללא גלוטן 450,גרמים,450.00,100 גרם,false,,19.90,0.0442,true,1,2495230
7290010760688,false,בצק פילאס שחף מגולגל,מאפית אריאל,,בצק פילאס מגולגל 600,גרמים,600.00,100 גרם,false,,14.90,0.0248,true,1,2471703
7290010760947,false,עוגיות בדלי בטעמים ש,מאפיית ישראל חיפה,IL,עוגיות בדלי בטעמים ש,גרמים,600.00,100 גרם,false,,15.90,0.0265,true,1,1340743
7290010766185,false,רוטב פסטה בזיליקום ע.תיבול אוליביה 420ג',אוליביה,IL,רוטב לפסטה עג.בזיליקום,גרמים,420.00,100 גרם,false,,12.90,0.0307,true,1,1309193
7290010766307,false,רוטב לפסטה בולונז אוליביה 420 ג' אסם,אוליביה,IL,רוטב לפסטה בולונז,גרמים,420.00,100 גרם,false,,12.90,0.0307,true,1,1309195
7290010766697,false,רוטב שקשוקה אוליביה 415 ג',קריות זול,IL,רוטב שקשוקה,גרמים,415.00,100 גרם,false,,12.90,0.0311,true,1,1309196
7290010766734,false,רוטב פיצה אוליביה אסם 430 ג',אוליביה,IL,רוטב פיצה,מיליליטרים,415.00,"100 מ""ל",false,,12.90,0.0311,true,1,1309197
7290010766949,false,ממרח תחתיות ארטישוק 180ג' אוליביה,אוליביה,IL,ממרח ארטישוק,גרמים,180.00,100 גרם,false,,12.90,0.0717,true,1,1309199
7290010766956,false,אוליביה ממרח פלפלים מתוקים אדומים 180 גר,אוליביה,IL,ממרח פלפלים מתוקים אדומים,גרמים,190.00,100 גרם,false,,12.90,0.0679,true,1,1309200
7290010770762,false,אקווה פרש מברשת שיניים קלין פלקס,גלקסו סמית קליין,DE,א.פרש מברשת פלקס,יח',1.00,יח',false,,4.90,4.9000,true,1,1346561
7290010814244,false,שלשות שוקולד מריר 85 גרם*3 בלמינט *18 בקרטון,כרמית תעשיות ממתקים,IL,כרמית שוקולד מריר שלשות 1,גרמים,255.00,100 גרם,false,,11.90,0.0467,true,1,1338908
7290010838219,false,ממתיק על בסיס צמח הסטיביה - שקיות,תות ממתקי איכות,IL,מר' סטיביה 100שקיות,יח',100.00,יח',false,,25.90,0.2590,true,1,1353378
7290010838424,false,ג'ל לניקוי מתקדם בניחוח רענן - מארז זוג,"איטיליאן פוד, אס.פי.",NL,טואלט דאק * 750זוג *ירוק,מיליליטרים,1500.00,"מ""ל",false,,16.90,0.0113,true,1,1353379
7290010838431,false,ג'ל לניקוי מתקדם בניחוח ים - מארז זוג,מיוצר עי קונדיטוריית,NL,טואלט דאק * 750זוג *כחול,מיליליטרים,1500.00,"מ""ל",false,,16.90,0.0113,true,1,1353380
7290010839865,false,רוטב רכז רימונים ויליפוד 320 ג',ניו ג'רסי סטאר סנקס,TR,רוטב רימונים 320 גרם,גרמים,320.00,100 גרם,false,,9.90,0.0309,true,1,1308864
7290010849505,false,יין למברוסקו די לואיג'י רוסו דולצ'ה,פארייפאבה אגרואינדוס,IT,יין למברוסקו מבעבע,מיליליטרים,750.00,"100 מ""ל",false,,29.90,0.0399,true,1,1333857
7290010849512,false,יין למברוסקו די לואיג'ירוזטו אמבילה,פארייפאבה אגרואינדוס,IT,יין למברוסקו מבעבע,מיליליטרים,750.00,"100 מ""ל",false,,29.90,0.0399,true,1,1333858
7290010849529,false,יין למברוסקו די לואיג'י ביאנקו,פארייפאבה אגרואינדוס,IT,יין למברוסקו מבעבע,מיליליטרים,750.00,"100 מ""ל",false,,29.90,0.0399,true,1,1333859
7290010849789,false,יין מבעבע קאווה די מארמו Cave Di Marmo,קאויקיולי,,משקה מבוסס יין קאווה,מיליליטרים,750.00,"100 מ""ל",false,,29.90,0.0399,true,1,1333870
7290010883042,false,סנובון עם אפקט הקצף הפעיל בריח רענן,סנו,IL,סנובון נוזלי רענן 750 מל,מיליליטרים,750.00,"100 מ""ל",false,,10.90,0.0145,true,1,1319895
7290010883356,false,כפפות אלוורה רב שימושיות מרופדות גדול L,סנו סושי,CN,XL סנו סושי כפפות אלוורה,יח',1.00,יח',false,,9.90,9.9000,true,1,1319897
7290010883363,false,כפפות אלוורה רב שימושיות מרופדות קטן S,האי נאם סי או אל.טי.,CN,S סנו סושי כפפות אלוורה,יח',1.00,יח',false,,9.90,9.9000,true,1,1319898
7290010931330,false,סלט מטבוחה אחלה 500ג,מיוצר עי קונדיטוריית,IL,מטבוחה 500,גרמים,500.00,100 גרם,false,,13.90,0.0278,true,1,1341939
7290010945146,false,קוטג' 3% מועשר בסידן טרה 250 ג' מהדרין,קריות זול,IL,קוטג' 3% 250 גרם- נעמ,גרמים,250.00,100 גרם,false,,5.40,0.0216,true,1,1328537
7290010945306,false,חלב 3% בקרטון 2 ל' טרה,קריות זול,IL,חלב בקרטון 2 ליטר 3% חרדי,ליטרים,2.00,ליטר,false,,12.40,6.2000,true,1,1328538
7290010945450,false,טרה גבינה לבנה מהדרין 3% 250ג,קריות זול,IL,גבינה לבנה 250 גרם 3% מהד,גרמים,250.00,100 גרם,false,,4.95,0.0198,true,1,1328539
7290010945481,false,גבינה לבנה 5% שומן 500 ג' טרה,קריות זול,IL,גבינה לבנה 500 גרם 5%,גרמים,500.00,100 גרם,false,,9.90,0.0198,true,1,1328540
7290010970063,false,שמן שומשום כבישה קרה,טעמים,IL,שמן שומשום 500 מל,מיליליטרים,500.00,"100 מ""ל",false,,39.90,0.0798,true,1,1352637
7290010970100,false,שמן שומשום כבישה קרה,טעמים,IL,שמן שומשום 250 מל,מיליליטרים,250.00,"100 מ""ל",false,,24.90,0.0996,true,1,1352638
7290010970193,false,סילאן תמרים טבעי 100% תמרים,טעמים,,סילאן 100% תמרים 900,גרמים,900.00,100 גרם,false,,19.90,0.0221,true,1,1472724
7290010970216,false,חומץ בלסמי איטלקי,טעמים,IL,חומץ בלסמי  500 מל,מיליליטרים,500.00,"100 מ""ל",false,,19.90,0.0398,true,1,1352639
7290010970223,false,חומץ יין אדום מונטני,יושלם,IL,חומץ יין אדום  500 מל,מיליליטרים,500.00,"100 מ""ל",false,,10.90,0.0218,true,1,1352640
7290010970230,false,חומץ יין עם הדרים,טעמים,IL,"חומץ פירות הדר 500 מ""ל",מיליליטרים,500.00,"100 מ""ל",false,,10.90,0.0218,true,1,1352641
7290010970254,false,חומץ בן יין לבן מונט,יושלם,IL,חומץ יין לבן   500 מל,מיליליטרים,500.00,"100 מ""ל",false,,10.90,0.0218,true,1,1352642
7290010970261,false,"חומץ תפוחי עץ 500 מ""",יושלם,IL,חומץ תפוחי עץ 500 מל,מיליליטרים,500.00,"100 מ""ל",false,,10.90,0.0218,true,1,1352643
7290010970346,false,תמרים מרוסקים 500 גר,,,תמרים מרוסקים 500 גר,גרמים,500.00,100 גרם,false,,12.90,0.0258,true,1,2449087
7290010970407,false,חומץ תפוחים בלסמי 50,,,חומץ תפוחים בלסמי 50,מיליליטרים,500.00,"100 מ""ל",false,,19.90,0.0398,true,1,2449088
7290010970452,false,טחינה גולמית מעודנת,,,טחינה גולמית מעודנת,גרמים,380.00,100 גרם,false,,14.90,0.0392,true,1,2449089
7290010970520,false,תרסיס שמן קנולה בטעם חמאה,טעמים,IL,שמן בטעם חמאה בתרסיס  200,גרמים,200.00,100 גרם,false,,19.90,0.0995,true,1,1352648
7290010970537,false,תרסיס שמן קנולה,טעמים,IL,שמן קנולה בתרסיס  200 גרם,גרמים,200.00,100 גרם,false,,19.90,0.0995,true,1,1352649
7290010970544,false,שמן אבוקדו בטעם מעודן,טעמים,IL,שמן זית כתית מעולה 750 מל,מיליליטרים,500.00,"100 מ""ל",false,,39.90,0.0798,true,1,1380366
7290010970551,false,שמן אבוקדו בטעם מעודן,טעמים,IL,שמן זית כתית מעולה 750 מל,מיליליטרים,250.00,"100 מ""ל",false,,24.90,0.0996,true,1,1380367
7290010970568,false,שמן בוטנים בכבישה קר,טעמים,IL,שמן זית כתית מעולה 750 מל,מיליליטרים,500.00,"100 מ""ל",false,,39.90,0.0798,true,1,1380368
7290010970575,false,שמן בוטנים בכבישה קרה,טעמים,IL,שמן זית כתית מעולה 750 מל,מיליליטרים,250.00,"100 מ""ל",false,,24.90,0.0996,true,1,1380369
7290010970582,false,"רוטב סויה 350 מ""ל",טעמים,,"רוטב סויה 350 מ""ל",מיליליטרים,350.00,"100 מ""ל",false,,7.90,0.0226,true,1,1472725
7290010970650,false,קרם מצומצם מחומץ בלסמי ממודנה,טעמים,,"קרם בלסמי 250 מ""ל",מיליליטרים,250.00,"100 מ""ל",false,,19.90,0.0796,true,1,1471809
7290010970704,false,ממרח זיתים ירוקים 18,טעמים,,ממרח זיתים ירוקים 18,גרמים,180.00,100 גרם,false,,12.90,0.0717,true,1,1588389
7290010970711,false,פסטו בזיליקום א-לה ג'נובזה,טעמים,,ממרח פסטו בזיליקום 1,גרמים,180.00,100 גרם,false,,12.90,0.0717,true,1,1588366
7290010970728,false,ממרח עגבניות מיובשות,טעמים,,ממרח עגבניות מיובשות,גרמים,180.00,100 גרם,false,,12.90,0.0717,true,1,1588367
7290010970735,false,ממרח ארטישוק 180 כאם,טעמים,,ממרח ארטישוק 180 כאם,גרמים,180.00,100 גרם,false,,12.90,0.0717,true,1,1591232
7290010970742,false,ממרח פלפלים 180 גרם,,,ממרח פלפלים 180 גרם,גרמים,180.00,100 גרם,false,,12.90,0.0717,true,1,1588369
7290010970773,false,סילאן תמרים טבעי בקב,,,סילאן תמרים טבעי בקב,גרמים,350.00,100 גרם,false,,12.90,0.0369,true,1,2449090
7290010970940,false,ממרח פסטו אדום 180 ג,טעמים,,ממרח פסטו אדום 180 ג,גרמים,180.00,100 גרם,false,,12.90,0.0717,true,1,2048260
7290010970971,false,תרסיס שמן זית 200 גר,,,תרסיס שמן זית 200 גר,גרמים,200.00,100 גרם,false,,19.90,0.0995,true,1,2518967
7290011015862,false,"פריגת סירופ דיאט לימונענע 750 מ""ל",סירופ - גבעת חיים,IL,סירופ ד.לנענע 750,מיליליטרים,750.00,"100 מ""ל",false,,22.90,0.0305,true,1,1335130
7290011015985,false,"מיץ אננס דאיט 750 מ""ל פריגת",סירופ - גבעת חיים,IL,סירופ דיאט אננס 750,מיליליטרים,750.00,"100 מ""ל",false,,22.90,0.0305,true,1,1335131
7290011017866,false,קוקה קולה קלאסי בפחית,החברה המרכזית לייצור,IL,"סליק קוקה-קולה 330 מ""ל",מיליליטרים,330.00,"100 מ""ל",false,,5.40,0.0164,true,1,1335141
7290011017873,false,"קוקה קולה זירו פחית 330 מ""ל",החברה המרכזית לייצור,IL,"סליק קולה זירו 330 מ""ל",מיליליטרים,330.00,"100 מ""ל",false,,5.40,0.0164,true,1,1335142
7290011017880,false,דיאט קוקה קולה פחית סליק 330מל,החברה המרכזית לייצור,IL,"סליק ד.קוקה-קולה 330 מ""ל",מיליליטרים,330.00,"100 מ""ל",false,,5.40,0.0164,true,1,1335143
7290011018184,false,"אייס תה FUZE TEAאפרסק 500 מ""ל",מבשלות בירה בינלאומי,IL,FUZE tea אפרסק 0.5 ליטר,מיליליטרים,500.00,"100 מ""ל",false,,6.90,0.0138,true,1,1335146
7290011018368,false,שישיית בירה ויינשטפן,"ויינשטפן, ת.ד 1155 פ",DE,ויינשטפן 6 בק 330 פקדון,מיליליטרים,1980.00,"100 מ""ל",false,,56.90,0.0287,true,1,1335157
7290011018443,false,"פנטה אורנג פחית סליק 330 מ""ל",החברה המרכזית לייצור,IL,"סליק פאנטה אורנג' 330 מ""ל",מיליליטרים,330.00,"100 מ""ל",false,,5.40,0.0164,true,1,1335159
7290011018467,false,פאנטה אקזוטיק סליק 330מל,קוקה קולה,,פאנטה אקזוטי פחית 33,מיליליטרים,330.00,"100 מ""ל",false,,5.40,0.0164,true,1,1915695
7290011018917,false,קוקה קולה זירו פרידג'פק סליק 6*330מל,החברה המרכזית לייצור,IL,מארז zero 6 פח FRIDGE-PAC,ליטרים,1.98,ליטר,false,,23.90,12.0707,true,1,1335167
7290011022419,false,תבניות אלומיניום 7 י,,,תבניות אלומיניום 7 י,יח',7.00,יח',false,,7.90,1.1286,true,1,1813627
7290011022426,false,תבניות אלומיניום 5 י,,,תבניות אלומיניום 5 י,יח',5.00,יח',false,,9.90,1.9800,true,1,1813628
7290011026066,false,"ד""ר פישר - סרקל שמפו + מרכך לילדים 1 ליטר","ד""ר פישר Dr fischer",IL,סרקל שמפו + מעצב ליטר,ליטרים,1.00,ליטר,false,,28.90,28.9000,true,1,1351931
7290011026301,false,"ד""ר פישר - שמפו לשיער כסוף 400 מ""ל",,,שמפו לשיער כסוף 400,מיליליטרים,400.00,"100 מ""ל",false,,24.90,0.0622,true,1,1351932
7290011026516,false,קמיל בלו קרמאף 30 ג',"ד""ר פישר Dr fischer",IL,קמיל בלו קרמאף 30 גרם,גרמים,30.00,100 גרם,false,,24.90,0.8300,true,1,1351933
7290011026523,false,שמפו לתינוק לפני השינה Senstive עם לבנדר וקמומיל,"ד""ר פישר Dr fischer",IL,קמיל בלו סנסיטיב אל דמע ל,מיליליטרים,500.00,"100 מ""ל",false,,19.90,0.0398,true,1,1351934
7290011026530,false,אל סבון לתינוק קמיל בלו סנסטיב לפני השינה,פישר מעבדות פרמצבטיו,IL,קמיל בלו סנסיטיב אל סבון,גרמים,500.00,100 גרם,false,,19.90,0.0398,true,1,1351935
7290011064075,false,מעדן לאבנה ניצן אבו גוש 200 ג',גבינות עמיר ניצן,,גבינה לבנה אבו גוש 2,גרמים,200.00,100 גרם,false,,12.90,0.0645,true,1,2362883
7290011064099,false,טאפס פלפלוני שרי ממולאים במעדן גבינה,"ניצן מותגי מזון בע""מ",IL,טאפס שכונתי 125 גרם,גרמים,125.00,100 גרם,false,,19.90,0.1592,true,1,2362884
7290011091071,false,פפריקה חריפה בשמן 500 גרם,תבליני הדור השלישי,IL,פפריקה חריפה בשמן 50,גרמים,500.00,100 גרם,false,,29.90,0.0598,true,1,2528291
7290011091088,false,כורכום פרג 500 גרם,תבליני הדור השלישי,IL,כרכום גדול,גרמים,500.00,100 גרם,false,,29.90,0.0598,true,1,2528282
7290011091125,false,תבלין לסטייק 120 גרם,,,תבלין לסטייק 120 גרם,גרמים,120.00,100 גרם,false,,13.90,0.1158,true,1,1334557
7290011091132,false,תבלין קארי הודי 120גר,תבליני פרג,,קארי הודי 120 גרם,גרמים,120.00,100 גרם,false,,13.90,0.1158,true,1,2528209
7290011091149,false,קייטג'ון 150 גרם,תבליני פרג,,תבלין קייטגון,גרמים,150.00,100 גרם,false,,13.90,0.0927,true,1,1334559
7290011091156,false,פפריקה חריפה,,,פפריקה חריפה,גרמים,500.00,100 גרם,false,,29.90,0.0598,true,1,1334560
7290011091170,false,פרג כוסברה ירוקה 40 גרם,תבליני פרג,,כוסברה 20 גרם,גרמים,20.00,100 גרם,false,,13.90,0.6950,true,1,1334561
7290011091200,false,פרג בזיליקום 40 גרם,תבליני פרג,,בזיליקום 40 גרם,גרמים,40.00,100 גרם,false,,13.90,0.3475,true,1,1334562
7290011091217,false,פרג תבלין שמיר 40ג,תבליני פרג,,שמיר 40 גרם,גרמים,40.00,100 גרם,false,,13.90,0.3475,true,1,1334563
7290011091224,false,פרג תבלין רוזמרין 40 גרם.,תבליני פרג,,תבלין רוזמרין,גרמים,60.00,100 גרם,false,,13.90,0.2317,true,1,1334564
7290011091231,false,עלי דפנה ופלפל אנגלי,תבליני פרג,,עלי דפנה 40 גרם,גרמים,40.00,100 גרם,false,,13.90,0.3475,true,1,1334565
7290011091248,false,פרג טימין 40ג,תבליני פרג,,טימין,גרמים,40.00,100 גרם,false,,13.90,0.3475,true,1,2528172
7290011091262,false,פרג תבלין אורגנו 40ג,תבליני פרג,,אורגנו 60 גרם,גרמים,60.00,100 גרם,false,,13.90,0.2317,true,1,2528158
7290011091323,false,זעתר בלאדי פרג 150 ג,תבליני פרג,,זעתר בלאדי,גרמים,120.00,100 גרם,false,,13.90,0.1158,true,1,1334568
7290011091347,false,תבלין עוף בגריל,תבליני פרג,,גריל עוף 120 גרם,גרמים,120.00,100 גרם,false,,13.90,0.1158,true,1,1334569
7290011091354,false,תבלין לשווארמה ופרגיות,תבליני פרג,,תבלין לשווארמה,גרמים,120.00,100 גרם,false,,13.90,0.1158,true,1,1334570
7290011091361,false,תבלין לדגים 120 גרם,תבליני פרג,,תבלין לדגים 120 גרם,גרמים,120.00,100 גרם,false,,13.90,0.1158,true,1,1334571
7290011091392,false,תבלין בהרט לקובה 100 גרם,תבליני הדור השלישי,IL,בהרט לקובה,גרמים,100.00,100 גרם,false,,13.90,0.1390,true,1,1334573
7290011091408,false,תבליין חוויג מרק 120,תבליני פרג,,תבליין חוויג מרק 120,גרמים,120.00,100 גרם,false,,13.90,0.1158,true,1,1334574
7290011091415,false,חוויג לקפה 100 גרם,תבליני פרג,,חוויג לקפה,גרמים,100.00,100 גרם,false,,13.90,0.1390,true,1,1334575
7290011091453,false,כוסברה טחונה 100 גרם,תבליני פרג,,כוסברה טחונה 100 גרם,גרמים,100.00,100 גרם,false,,13.90,0.1390,true,1,2528173
7290011091460,false,כורכום טחון 150 גרם,תבליני פרג,,כורכום טחון 150 גרם,גרמים,150.00,100 גרם,false,,13.90,0.0927,true,1,1334578
7290011091477,false,מלח לימון 200 גרם,תבליני פרג,,מלח לימון,גרמים,200.00,100 גרם,false,,13.90,0.0695,true,1,1334579
7290011091491,false,קינמון טחון 120 גרם,תבליני פרג,,קינמון טחון 120 גרם,גרמים,120.00,100 גרם,false,,13.90,0.1158,true,1,1334581
7290011091507,false,פלפל שחור טחון 120 גרם,תבליני הדור השלישי,IL,פלפל שחור טחון,גרמים,100.00,100 גרם,false,,13.90,0.1390,true,1,1334582
7290011091514,false,פרג פפריקה מתוקה בשמן 120ג,תבליני פרג,,פפריקה מתוקה בשמן,גרמים,120.00,100 גרם,false,,13.90,0.1158,true,1,1334583
7290011091521,false,פרג תבלין כמון טחון 120ג,תבליני פרג,,כמון טחון,גרמים,120.00,100 גרם,false,,13.90,0.1158,true,1,1334584
7290011091576,false,פרג זנגביל טחון 100ג,תבליני פרג,,זנגויל טחון,גרמים,100.00,100 גרם,false,,13.90,0.1390,true,1,1334585
7290011091606,false,פפריקה מתוקה 150 גרם פרג,תבליני פרג,,פפריקה מתוקה,גרמים,150.00,100 גרם,false,,13.90,0.0927,true,1,1334588
7290011091637,false,בהר פלפל אנגלי טחון,תבליני הדור השלישי,IL,בהר פלפל אנגלי טחון,גרמים,120.00,100 גרם,false,,13.90,0.1158,true,1,1334590
7290011091651,false,שום גבישי פרג 150 גר,תבליני הדור השלישי,IL,תבלין גבישי שום,גרמים,150.00,100 גרם,false,,13.90,0.0927,true,1,1334592
7290011091958,false,צילי מקסיקני 80 גרם,תבליני פרג,,צילי מקסיקני 80 גרם,גרמים,80.00,100 גרם,false,,13.90,0.1738,true,1,1334595
7290011112523,false,"דאודורנט לנשים 150 מ""ל YOU PRETTY",קרליין Careline,,דאודורנט ספריי פריטי,מיליליטרים,175.00,"100 מ""ל",false,,19.90,0.1137,true,1,1344771
7290011113926,false,דאודורנט ספריי טיטניום בלאק Titanium Black,משווק: וסמופארם בעממ,IL,200מל BLACK דאו.טיטניום,מיליליטרים,180.00,"100 מ""ל",false,,14.90,0.0828,true,1,1344808
7290011115159,false,נקה 7-סבון מוצק לחות פרחים- רביעייה * 100 ג',גליל כימיכלים,IL,רביעיית סבון מוצק נקה 7 ל,גרמים,400.00,100 גרם,false,,9.90,0.0248,true,1,1344833
7290011115166,false,נקה 7 ארומה סבון נוזלי לבנדר 1 ל',טרופיקל דגיל תעשיות,IL,תחליב רחצה ארומה לבנדר1ל,ליטרים,1.00,ליטר,false,,14.90,14.9000,true,1,1344834
7290011115173,false,נקה 7 ארומה סבון נוזלי וניל 1 ל',טרופיקל דגיל תעשיות,IL,תחליב רחצה ארומה וניל שקד,ליטרים,1.00,ליטר,false,,14.90,14.9000,true,1,1344835
7290011115203,false,אל סבון מוצק מבושם בניחוח עדין קלאסיק - מארז רביעיה,טרופיקל דגיל תעשיות,IL,רבעיית סבון מוצק נקה 7 קל,גרמים,400.00,100 גרם,false,,9.90,0.0248,true,1,1344836
7290011115241,false,אל סבון ארומטי מוצק ורוד ורד ויסמין - מארז רביעיה,גליל כימיקלים בעמ,IL,רבעיית סבון מוצק נקה 7 אר,גרמים,400.00,100 גרם,false,,9.90,0.0248,true,1,1344837
7290011115258,false,אל סבון מוצק מבושם בניחוח עדין קלאסיק - מארז רביעיה,גליל כימיקלים בעמ,IL,רבעיית סבון מוצק נקה 7 קל,גרמים,400.00,100 גרם,false,,9.90,0.0248,true,1,1344838
7290011115265,false,מארז סבון מוצק ארומה אל סבון מועשר בשמנים ארומטיים,גליל כימיקלים בעמ,IL,רבעיית סבון מוצק נקה 7 אר,גרמים,400.00,100 גרם,false,,9.90,0.0248,true,1,1344839
7290011115272,false,אל סבון מוצק מועשר בקרם לחות צמחים - מארז רביעיה,קוסמופארם בע''מ,IL,רבעיית סבון מוצק נקה 7 לח,גרמים,400.00,100 גרם,false,,9.90,0.0248,true,1,1344840
7290011115289,false,אל סבון מוצק מבושם בניחוח עדין קלאסיק - מארז רביעיה,"גליל כימיכלים בע""מ",IL,רבעיית סבון מוצק נקה 7 קל,גרמים,400.00,100 גרם,false,,9.90,0.0248,true,1,1344841
7290011115296,false,אל סבון מוצק מועשר בקרם לחות לבנדר - מארז רביעיה,נקה 7,,רביעיית סבון מוצק לח,גרמים,400.00,100 גרם,false,,9.90,0.0248,true,1,1344842
7290011115401,false,אל סבון ארומטי מוצק צהוב קמומיל - רביעייה,נקה 7,IL,רביעיית סבון מוצק אר,גרמים,400.00,100 גרם,false,,9.90,0.0248,true,1,1344850
7290011126209,false,תה הגן הקסום תפוח וקינמון - סיידר 25 שקיקים,קריות זול,IL,חליטת תפוח וקינמון סיידר,גרמים,67.50,100 גרם,false,,16.90,0.2504,true,1,1339381
7290011126216,false,חליטה מצמח הרויבוש Red tea קלאסי,ויסוצקי,IL,רויבוש קלאסי,גרמים,50.00,100 גרם,false,,24.90,0.4980,true,1,1339382
7290011126452,false,תה הגן הקסום קמומיל ונענע 25 יח',קריות זול,IL,חליטת קמומיל ונענע,גרמים,37.50,100 גרם,false,,16.90,0.4507,true,1,1339389
7290011126469,false,תה קמומיל ודבש 1.5ג' *25 שקיקים,קריות זול,IL,חליטת קמומיל ודבש,גרמים,37.50,100 גרם,false,,16.90,0.4507,true,1,1339390
7290011126940,false,תה ירוק בתוספת מרווה 25 שקיקים,ויסוצקי ירוק,IL,תה ירוק מרווה,גרמים,37.50,100 גרם,false,,22.90,0.6107,true,1,1339396
7290011126957,false,תה יסוצקי ירוק ארל גריי 25 יח',ויסוצקי ירוק,IL,תה ירוק ארל גרי,גרמים,37.50,100 גרם,false,,22.90,0.6107,true,1,1339397
7290011131050,false,גרנולה בתוספת פקאן וצימוקים,ויטליאה ניקולה דו,MK,גרנולה 1 ק'ג פקאן,גרמים,1000.00,100 גרם,false,,20.90,0.0209,true,1,1319075
7290011131371,false,מוזלי קראנצ'י שקדים ואגוזים,ויטליאה ניקולה דו,MK,מיזלי 1קג קראנצ' אלמונד,גרמים,1000.00,100 גרם,false,,20.90,0.0209,true,1,1319084
7290011131654,false,מוזלי קראנצ'י ביג מיקס עם פירות ואגוזים,ויטליה ניקולא דו,MK,מיזלי 1 קג ביג מיקס,גרמים,1000.00,100 גרם,false,,20.90,0.0209,true,1,1319092
7290011131975,false,גרנולה בתוספת פירות מיובשים ומסוכרים,ויטליאה ניקולה דו,MK,גרנולה 1 ק'ג פירות,גרמים,1000.00,100 גרם,false,,20.90,0.0209,true,1,1319097
7290011132514,false,בירה פאולנר בקבוק 33,מבשלת פאולנר.,DE,"בירה פאולנר 330 מ""ל.",מיליליטרים,330.00,"100 מ""ל",false,,14.90,0.0452,true,1,1324020
7290011132552,false,רביעיית בירה פאולנר,פאולנר Paulaner,,רביעייה בירה פאולנר,ליטרים,1.32,ליטר,false,,39.90,30.2273,true,1,1324021
7290011133368,false,בירה שנדי בתוספת משקה תפוח - שישייה,"טמפו משקאות בע""מ",IL,שישיית בירה שנדי תפו,ליטרים,1.98,ליטר,false,,29.90,15.1010,true,1,1324025
7290011133375,false,בירה שנדי בתוספת משקה אפרסק - שישייה,"טמפו משקאות בע""מ",IL,שישיית בירה שנדי אפר,ליטרים,1.98,ליטר,false,,29.90,15.1010,true,1,1324026
7290011133498,false,"מכבי שנדי תפוח בקבוק בודד 330 מ""ל","טמפו משקאות בע""מ",IL,בירה שנדי תפוח 330 מ,מיליליטרים,330.00,"100 מ""ל",false,,5.90,0.0179,true,1,1324027
7290011133634,false,"פפסי מקס פחית צרה מארז שישייה 330 מ""ל","טמפו משקאות בע""מ",IL,מארז שישיית פפסי קול,ליטרים,1.98,ליטר,false,,18.90,9.5455,true,1,2371520
7290011164164,false,לקקן סודה טעמן 40 יח,גואנגדונג צאואן פוד,CN,לקקן סודה 40 יחידות,100 יח',40.00,100 יח',false,,18.90,0.4725,true,1,1333381
7290011174156,false,גרעיני תירס מתוק,פרי הגליל,IL,תירס א -2ויטה בדצ,גרמים,550.00,100 גרם,false,,5.90,0.0107,true,1,1347459
7290011174163,false,גרעיני תירס מתוק,פרי הגליל,IL,תירס 12אונק ויטה בדצ,גרמים,340.00,100 גרם,false,,5.90,0.0174,true,1,1347460
7290011174170,false,שעועית ירוקה חתוכה,פרי הגליל,IL,שע ירוק א -2ויטה בדצ,גרמים,550.00,100 גרם,false,,6.90,0.0125,true,1,1347461
7290011174187,false,אפונת גינה בינונית,פרי הגליל,IL,אפונה א -2ויטה בדצ,גרמים,550.00,100 גרם,false,,5.90,0.0107,true,1,1347462
7290011174323,false,"צ'יפס אמריקאי 1.5 ק""ג פרי הגליל","פרי הגליל בע""""מ",IL,צ'יפס אמריקאי 1.5פג רבנות,קילוגרמים,1.50,"ק""ג",false,,18.90,12.6000,true,1,1347464
7290011174392,false,שעועית לבנה ברוטב עגבניות,פרי הגליל,IL,שע ברוטב א -2ויטה בדצ - ח,גרמים,580.00,100 גרם,false,,6.90,0.0119,true,1,1347466
7290011174491,false,תירס קל - מופחת קלוריות וללא תוספת סוכר,פרי הגליל,IL,תירס קל א -2ויטה בדצ,גרמים,550.00,100 גרם,false,,6.90,0.0125,true,1,1347468
7290011174897,false,אפונה עדינה פרי גליל 600 גר',"פרי הגליל בע""""מ",IL,אפונה עדינה 600פג,גרמים,600.00,100 גרם,false,,12.90,0.0215,true,1,1347475
7290011174903,false,שעועית עדינה שלמה,פרי הגליל,,שעועית עדינה,גרמים,600.00,100 גרם,false,,14.90,0.0248,true,1,1368387
7290011194215,false,מעדן גבינה ויוגורט בטעם בננה 5% שומן 88 ג' דניאלה,"שטראוס בריאות בע""מ",IL,דניאלה בננה,גרמים,88.00,100 גרם,false,,3.90,0.0443,true,1,1341940
7290011194246,false,קוטג שטראוס 5% עם סידן 250ג,מיוצר עי קונדיטוריית,IL,קוטג' %5 עם סידן 250 גרם,גרמים,250.00,100 גרם,false,,5.90,0.0236,true,1,1341941
7290011210564,false,יין יוגב קברנה סוביניון פטי ורדו,בנימינה Binyamina,IL,יוגב קברנה סוביניון פטי ו,מיליליטרים,750.00,"100 מ""ל",false,,39.90,0.0532,true,1,1347481
7290011210847,false,יין רזרב Reserve שרדונה גלבוע,בנימינה Binyamina,,יין לבן רזרב שרדונה,מיליליטרים,750.00,"100 מ""ל",false,,49.90,0.0665,true,1,1347482
7290011223038,false,עלים לקרמשניט - בונומי 300גרם,בונומי ס.פ.א,IT,עלים לקרמשניט - בונומי 30,גרמים,300.00,100 גרם,false,,14.90,0.0497,true,1,1353389
7290011223045,false,בונומי בישקוטים 200 גרם,בונומי ס.פ.א,IT,בישקוטים בונומי 200גרם,גרמים,200.00,100 גרם,false,,4.90,0.0245,true,1,1353390
7290011223229,false,"טואלט דאק ג'ל לאסלה טיפות טל רעננות 55 מ""ל","איטיליאן פוד, אס.פי.",IT,ט.ד ג'ל אסלה טיפות טל רענ,מיליליטרים,55.00,"100 מ""ל",false,,9.90,0.1800,true,1,1353394
7290011223243,false,"טואלט דאק ג'ל לאסלה בניחוח לבנדר 55 מ""ל","איטיליאן פוד, אס.פי.",IT,ט.ד ג'ל אסלה ניחוח לבנדר,מיליליטרים,55.00,"100 מ""ל",false,,9.90,0.1800,true,1,1353395
7290011249212,false,וופל קראנצ' במילוי בטעם לימון,עלמה,IL,וופל בלגי לימון.,גרמים,200.00,100 גרם,false,,2.90,0.0145,true,1,1346868
7290011249250,false,גביעי גלידה אמריקה 24 יח' מעולה,"גילרו בע""מ",,גביעי גלידה 24 יח'.,גרמים,120.00,100 גרם,false,,9.90,0.0825,true,1,1346870
7290011249748,false,רולים גלילי ופל במילוי קרם שוקולד 100 ג' עלמה,גילרו,,רולים שוקולד.,גרמים,100.00,100 גרם,false,,2.90,0.0290,true,1,1346879
7290011249755,false,רולים גלילי ופל במילוי קרם אגוזים 100 ג' עלמה,"גילרו בע""מ",,רולים אגוז.,גרמים,100.00,100 גרם,false,,2.90,0.0290,true,1,1346880
7290011254001,false,זרעי פשתן 450 גר,מיה תעשיות מזון,IL,פשתן 450גרם,גרמים,450.00,100 גרם,false,,6.90,0.0153,true,1,1334140
7290011254018,false,שעועית מש מיה 500 גר',מיה תעשיות מזון,IL,שעועית מש 500גרם,גרמים,500.00,100 גרם,false,,8.90,0.0178,true,1,1334141
7290011254049,false,סובין שבולת שועל 400גרם,מיה תעשיות מזון,IL,סובין שבולת שועל 400גרם,גרמים,400.00,100 גרם,false,,9.90,0.0248,true,1,1334143
7290011254070,false,תבלין פלפל שחור בשקית 50ג' מיה,מיה תעשיות מזון בעמ,IL,פלפל שחור 50גרם שקית,גרמים,50.00,100 גרם,false,,6.90,0.1380,true,1,1334145
7290011254087,false,תבלין קינמון בשקית 80 גר' מיה,מיה תעשיות מזון בעמ,IL,קינמון 80גרם שקית,גרמים,80.00,100 גרם,false,,4.90,0.0613,true,1,1334146
7290011254094,false,תבלין כמון 80גר' שקית,מיה תעשיות מזון בעמ,IL,כמון 80גרם שקית,גרמים,80.00,100 גרם,false,,4.90,0.0613,true,1,1334147
7290011254100,false,תבלין כרכום בשקית 80 גר' מיה,מיה תעשיות מזון בעמ,IL,כורכום 80גרם שקית,גרמים,80.00,100 גרם,false,,4.90,0.0613,true,1,1334148
7290011254117,false,תבלין פפריקה מתוקה בשקית 80 גר' מיה,מיה תעשיות מזון בעמ,IL,פפריקה מתוקה 80גרם שקית,גרמים,80.00,100 גרם,false,,4.90,0.0613,true,1,1334149
7290011254124,false,תבלין פפריקה חריפה בשקית 80 גר' מיה,מיה תעשיות מזון בעמ,IL,פפריקה חריפה 80גרם שקית,גרמים,80.00,100 גרם,false,,4.90,0.0613,true,1,1334150
7290011254131,false,תבלין אורגנו 20גרם- שקית,מיה תעשיות מזון בעמ,IL,אורגנו 20גרם שקית,גרמים,20.00,100 גרם,false,,4.90,0.2450,true,1,1334151
7290011254148,false,תבלין אבקת שום 80 ג' מיה,מיה תעשיות מזון בעמ,IL,אבקת שום 80גרם שקית,גרמים,80.00,100 גרם,false,,7.90,0.0988,true,1,1334152
7290011254155,false,תבלין מלח לימון בשקית 80 גר' מיה,מיה תעשיות מזון בעמ,IL,מלח לימון 80גרם שקית,גרמים,80.00,100 גרם,false,,4.90,0.0613,true,1,1334153
7290011254179,false,תבלין גריל עוף בשקית 80 גר' מיה,מיה תעשיות מזון בעמ,IL,גריל עוף 80גרם שקית,גרמים,80.00,100 גרם,false,,4.90,0.0613,true,1,1334154
7290011254186,false,תבלין שבבי בצל 30ג' מיה,מיה תעשיות מזון,IL,שבבי בצל 30גרם שקית,גרמים,30.00,100 גרם,false,,4.90,0.1633,true,1,1334155
7290011254193,false,תבלין שביבי שום 50גרם שקית,מיה תעשיות מזון בעמ,IL,שבבי שום 50גרם שקית,גרמים,50.00,100 גרם,false,,7.90,0.1580,true,1,1334156
7290011254209,false,תבלין גבישי שום 80 גר' מיה,מיה תעשיות מזון בעמ,IL,גבישי שום 80גרם שקית,גרמים,80.00,100 גרם,false,,9.90,0.1238,true,1,1334157
7290011254254,false,נטיפים צמקאו בטעם שוקולד,מיה תעשיות מזון,IL,נטיפים בטעם שוקולד 300גרם,גרמים,300.00,100 גרם,false,,9.90,0.0330,true,1,1334160
7290011254346,false,"קינואה מיה בד""צ 1 ק""ג",מיה תעשיות מזון בעמ,IL,קינואה 1 קג,קילוגרמים,1.00,"100 ק""ג",false,,16.90,16.9000,true,1,1858949
7290011254452,false,סוכריות מנטה ללא סוכר 80גרם,מיה תעשיות מזון,IL,סוכריות מנטה ללא סוכר 80ג,גרמים,80.00,100 גרם,false,,6.90,0.0863,true,1,1334164
7290011254469,false,סוכריות לימון ללא סוכר 80גרם,מיה תעשיות מזון,IL,סוכריות לימון ללא סוכר 80,גרמים,80.00,100 גרם,false,,6.90,0.0863,true,1,1334165
7290011254476,false,סוכריות תפוח דובדבן ללא סוכר 80גרם,מיה תעשיות מזון,IL,סוכריות תפוח דובדבן ללא ס,גרמים,80.00,100 גרם,false,,6.90,0.0863,true,1,1334166
7290011254483,false,סוכריות אפרסק ללא סוכר 80גרם,מיה תעשיות מזון,IL,סוכריות אפרסק ללא סוכר 80,גרמים,80.00,100 גרם,false,,6.90,0.0863,true,1,1334167
7290011254490,false,סוכריות פירות יער ללא סוכר 80גרם,מיה תעשיות מזון,IL,סוכריות פירות יער ללא סוכ,גרמים,80.00,100 גרם,false,,6.90,0.0863,true,1,1334168
7290011254605,false,תערובת לקדירה לקט חמין מיה 600 גר',מיה תעשיות מזון,IL,תערובת קדירה לקט לחמין גר,גרמים,600.00,100 גרם,false,,8.90,0.0148,true,1,1334169
7290011254612,false,תערובת קדירה לקט בריאות 600גרם,מיה תעשיות מזון,IL,תערובת קדירה לקט בריאות 0,גרמים,600.00,100 גרם,false,,8.90,0.0148,true,1,1334170
7290011254698,false,"שמן זית כתית מעולה 750מ""ל בד''ץ",מיולאוליבה ספרד,ES,שמן זית כתית מעולה 750מ'ל,מיליליטרים,750.00,"100 מ""ל",false,,29.90,0.0399,true,1,1334173
7290011254728,false,ג'לטין טהור 25גרם בקרטונית,מיה תעשיות מזון,IL,ג'לטין טהור 25גרם בד'ץ,גרמים,25.00,100 גרם,false,,8.90,0.3560,true,1,1334174
7290011254803,false,סוכריות ג'לילנד טבעות פרי 125 גרם,מיה תעשיות מזון,IL,ג'לילנד טבעות פרי 125גרם,גרמים,125.00,100 גרם,false,,4.90,0.0392,true,1,1334175
7290011254827,false,סוכריות ג'לילנד פלחי הדר מיה 125ג',מיה תעשיות מזון,IL,ג'לילנד פירות גדולים 125ג,גרמים,125.00,100 גרם,false,,4.90,0.0392,true,1,1334177
7290011254841,false,"סוכריות ג'לילנד חמוצמוצים 125ג' מיה בד""צ",מיה תעשיות מזון,IL,ג'לילנד חמוצמוצים 125גרם,גרמים,125.00,100 גרם,false,,4.90,0.0392,true,1,1334179
7290011316242,false,סרט מדידה 5 מטר 19 מ,,,סרט מדידה 5 מטר 19 מ,יחידה,0.00,יחידה,false,,12.90,0.0000,true,1,2513835
7290011332983,false,מגבונים לניקוי אף מגבונאף קמיל בלו- מארז שלישייה,"ד""ר פישר Dr fischer",IL,קמיל בלו מגבונאף שלישייה,יח',90.00,יח',false,,19.90,0.2211,true,1,1351941
7290011378028,false,חלבה קלאסית בטעם וניל ללא תוספת סוכר,רושדי תעשיות מזון בע,IL,חלבה בארכה קלאסית וניל לל,גרמים,350.00,100 גרם,false,,15.90,0.0454,true,1,1339399
7290011378233,false,בארכה מאגדת חטיפי חלווה וניל ל.סוכר 120גר,רושדי תעשיות מזון בע,IL,מאגדת חטיף חלבה בארכה בקט,גרמים,120.00,100 גרם,false,,9.90,0.0825,true,1,1339400
7290011424787,false,זרעים אורגניים-אפונה,,,זרעים אורגניים-אפונה,יחידה,0.00,יחידה,false,,5.90,0.0000,true,1,2347555
7290011438142,false,"משקה יטבתה אייס קפה בבקבוק אישי 350 מ""ל",שטראוס גרופ,IL,"אייסקפה 350 מ""ל מהדרין",מיליליטרים,350.00,"100 מ""ל",false,,5.90,0.0169,true,1,1341947
7290011447014,false,מטרנה דייסת סלט פירות 200גרם,קריות זול,IL,אבקה להכנת דייסת סולת עם,גרמים,200.00,100 גרם,false,,14.90,0.0745,true,1,1305726
7290011447267,false,תרכובת מזון המשך לפעוטות שלב 1 חלבי,מטרנה תעשיות ש.מ,IL,תרכובת מזון לתינוקות על ב,גרמים,700.00,100 גרם,false,,59.90,0.0856,true,1,1305731
7290011447281,false,תרכובת מזון המשך לפעוטות שלב 2 חלבי,מטרנה תעשיות ש.מ,IL,תרכובת מזון המשך לתינוקות,גרמים,700.00,100 גרם,false,,59.90,0.0856,true,1,1305733
7290011447304,false,תרכובת מזון המשך לפעוטות שלב 3 חלבי,מטרנה תעשיות ש.מ,IL,תרכובת מזון המשך לפעוטות,גרמים,700.00,100 גרם,false,,59.90,0.0856,true,1,1305734
7290011473051,false,קוואקר אורגני תבואות,תבואות,,קוואקר עבה אורגני 50,גרמים,500.00,100 גרם,false,,10.90,0.0218,true,1,1359000
7290011473068,false,אורז פרא מעורב אורגנ,תבואות,IL,אורז פרא מעורב אורגנ,גרמים,500.00,100 גרם,false,,15.90,0.0318,true,1,1359001
7290011473082,false,אורז בשמתי מלא אורגני,תבואות,IN,אורז בשמתי מלא אורגנ,גרמים,500.00,100 גרם,false,,12.90,0.0258,true,1,1359002
7290011473129,false,חמניות קלופות אורגני,תבואות,,חמניות קלופות אורגני,גרמים,300.00,100 גרם,false,,9.90,0.0330,true,1,1359004
7290011473136,false,גרעיני דלעת קלופים אורגניים,תבואות,,דלעת קלופה אורגני 30,גרמים,300.00,100 גרם,false,,19.90,0.0663,true,1,1359005
7290011473143,false,קוסקוס אורגני 500 גר,תבואות,,קוסקוס אורגני 500 גר,גרמים,500.00,100 גרם,false,,12.90,0.0258,true,1,1359006
7290011473150,false,שומשום מלא אורגני תב,תבואות,BO,שומשום מלא אורגני 40,גרמים,400.00,100 גרם,false,,12.90,0.0323,true,1,1359007
7290011473181,false,עדשים שחורות אורגניות,תבואות,CA,עדש שחור אורגני 500,גרמים,500.00,100 גרם,false,,14.90,0.0298,true,1,1359009
7290011473198,false,עדש חום אורגני 500 ג,,,עדש חום אורגני 500 ג,גרמים,500.00,100 גרם,false,,12.90,0.0258,true,1,1359010
7290011473211,false,עדשים אדומות אורגניות,תבואות,TR,עדש אדום אורגני 500,גרמים,500.00,100 גרם,false,,12.90,0.0258,true,1,1359012
7290011473228,false,אפונה ירוקה אורגנית,תבואות,,אפונה ירוקה אורגנית,גרמים,500.00,100 גרם,false,,10.90,0.0218,true,1,1359013
7290011473242,false,פשתן זרעים אורגני 50,תבואות,CN,פשתן זרעים אורגני 50,גרמים,500.00,100 גרם,false,,9.90,0.0198,true,1,1359015
7290011473259,false,פשתן טחון אורגני 350,תבואות,CN,פשתן טחון אורגני 350,גרמים,350.00,100 גרם,false,,10.90,0.0311,true,1,1359016
7290011473266,false,אמרנט אורגני 500 גרם,תבואות,,אמרנט אורגני 500 גרם,גרמים,500.00,100 גרם,false,,19.90,0.0398,true,1,1359017
7290011473273,false,בורגול אורגני תבואות,תבואות,TR,בורגול מלא אורגני 50,גרמים,500.00,100 גרם,false,,9.90,0.0198,true,1,1359018
7290011473280,false,חומוס אורגני תבואות,תבואות,IL,חומוס אורגני 500 גרם,גרמים,500.00,100 גרם,false,,9.90,0.0198,true,1,1359019
7290011473297,false,גריסי פנינה אורגנים,תבואות,,גריסי פנינה אורגני 5,גרמים,500.00,100 גרם,false,,9.90,0.0198,true,1,1359020
7290011473310,false,פולי אזוקי אורגניים,תבואות,CN,אזוקי אורגני 500 גרם,גרמים,500.00,100 גרם,false,,12.90,0.0258,true,1,1359021
7290011473334,false,שעועית לבנה אורגנית,תבואות,,שעועית לבנה אורגנית,גרמים,500.00,100 גרם,false,,9.90,0.0198,true,1,1359022
7290011473341,false,שעועית אדומה אורגנית,תבואות,,שעועית אדומה אורגנית,גרמים,500.00,100 גרם,false,,11.90,0.0238,true,1,1404582
7290011473365,false,דוחן מקולף אורגני,תבואות,US,דוחן אורגני 500 גרם,גרמים,500.00,100 גרם,false,,9.90,0.0198,true,1,1359024
7290011473396,false,חיטת כוסמין אורגנית,תבואות,,חיטת כוסמין אורגנית,גרמים,500.00,100 גרם,false,,9.90,0.0198,true,1,1359025
7290011473426,false,גרגרי שיפון אורגני 5,,,גרגרי שיפון אורגני 5,גרמים,500.00,100 גרם,false,,9.90,0.0198,true,1,1359026
7290011473440,false,גריסי שיבולת שועל אורגניים,תבואות,,גריסי שיבולת שועל או,גרמים,500.00,100 גרם,false,,9.90,0.0198,true,1,1359028
7290011473464,false,סובין שיבולת שועל אורגנית,תבואות,,סובין ש.שועל אורגני,גרמים,400.00,100 גרם,false,,10.90,0.0273,true,1,1359029
7290011473471,false,אורז בשמתי לבן אורגני,תבואות,IN,אורז בשמתי לבן אורגנ,גרמים,500.00,100 גרם,false,,12.90,0.0258,true,1,1359030
7290011473495,false,שמרי בירה פתיתים טבע,תבואות,,שמרי בירה פתיתים טבע,גרמים,200.00,100 גרם,false,,24.90,0.1245,true,1,1444114
7290011473525,false,אורז בר טבעי 400 גרם,תבואות,US,אורז בר טבעי 400 גרם,גרמים,400.00,100 גרם,false,,27.90,0.0697,true,1,1359032
7290011473556,false,סוכר פירות תבואות 500גרם,תבואות,US,סוכר פירות טבעי 500,גרמים,500.00,100 גרם,false,,12.90,0.0258,true,1,1359034
7290011473570,false,קמח חומוס טבעי 500 ג,תבואות מוצרי מזון או,IL,קמח חומוס טבעי 500 ג,גרמים,500.00,100 גרם,false,,12.90,0.0258,true,1,1359035
7290011473587,false,נבט חיטה טבעי 250 גר,תבואות,IL,נבט חיטה טבעי 250 גר,גרמים,250.00,100 גרם,false,,6.90,0.0276,true,1,1359036
7290011473648,false,סוכר דמררה אורגני תב,תבואות,BR,סוכר דמררה אורגני 1,גרמים,1000.00,100 גרם,false,,14.90,0.0149,true,1,1359038
7290011473655,false,סוכר קנים אורגני תבו,תבואות,BR,סוכר קנים אורגני 1 ק,גרמים,1000.00,100 גרם,false,,10.90,0.0109,true,1,1359039
7290011473860,false,שמרי בירה אבקה טבעית,תבואות,FR,שמרי בירה אבקה טבעית,גרמים,250.00,100 גרם,false,,24.90,0.0996,true,1,1444117
7290011473877,false,קינואה אדומה אורגנית,תבואות,BO,קינואה אדומה אורגנית,גרמים,500.00,100 גרם,false,,19.90,0.0398,true,1,1359040
7290011473884,false,קינואה שחורה אורגנית,תבואות,BO,קינואה שחורה אורגנית,גרמים,500.00,100 גרם,false,,24.90,0.0498,true,1,1359041
7290011473891,false,עדשים צהובים אורגניים,תבואות,TR,עדש צהוב אורגני 500,גרמים,500.00,100 גרם,false,,12.90,0.0258,true,1,1359042
7290011473907,false,סובין חיטה תבואות,תבואות,IL,סובין חיטה טבעי 200,גרמים,200.00,100 גרם,false,,4.90,0.0245,true,1,1359043
7290011473921,false,סובין שיבולת שועל תב,תבואות,,סובין ש.שועל טבעי 50,גרמים,500.00,100 גרם,false,,14.90,0.0298,true,1,1359044
7290011473983,false,קדרה אורגנית 500 גרם,תבואות,,קדרה אורגנית 500 גרם,גרמים,500.00,100 גרם,false,,14.90,0.0298,true,1,1359046
7290011474010,false,קמח כוסמין לבן-תבואו,תבואות,IT,קמח כוסמין לבן טבעי,קילוגרמים,1.00,"ק""ג",false,,19.90,19.9000,true,1,1404764
7290011474058,false,ספגטי כוסמין אורגני מלא,תבואות,,ספגטי כוסמין אורגני,גרמים,500.00,100 גרם,false,,18.90,0.0378,true,1,1359049
7290011474133,false,מג'דרה אורגנית 500 ג,תבואות,,מג'דרה אורגנית 500 ג,גרמים,500.00,100 גרם,false,,14.90,0.0298,true,1,1359051
7290011474256,false,מלח הימליה גס שקית 1,תבואות,,"הימליה גס שקית 1 ק""ג",גרמים,1000.00,100 גרם,false,,19.90,0.0199,true,1,1506013
7290011474362,false,קמח עדשים אורגניות 5,תבואות,TR,קמח עדשים אורגניות 5,גרמים,500.00,100 גרם,false,,15.90,0.0318,true,1,1404767
7290011474386,false,קוואקר דק אורגני תבו,תבואות,,קוואקר אורגני דק 500,גרמים,500.00,100 גרם,false,,10.90,0.0218,true,1,1359053
7290011474577,false,פולי קקאו גרוס אורגנ,,,פולי קקאו גרוס אורגנ,גרמים,200.00,100 גרם,false,,29.90,0.1495,true,1,1444118
7290011474591,false,פנה פסטה מקמח כוסמין,,,פנה כוסמין מלא אורגנ,גרמים,500.00,100 גרם,false,,19.90,0.0398,true,1,1359057
7290011474683,false,מג'דרה קינואה אורגנית,תבואות,,מג'דרה קינואה אורגני,גרמים,500.00,100 גרם,false,,19.90,0.0398,true,1,1359059
7290011474898,false,סוכר קוקוס אורגני 30,תבואות,,סוכר קוקוס אורגני 30,גרמים,300.00,100 גרם,false,,15.90,0.0530,true,1,1404583
7290011489298,false,הדר קרם קרקר חיטה מלאה 250 גרם,אפיפית נצרת,IL,קרם קרקר חיטה מלאה 20/0.2,גרמים,250.00,100 גרם,false,,6.90,0.0276,true,1,1348215
7290011489595,false,טופז קרקר שומשום 110גר,אפיפית נצרת,IL,קרקר טופז שומשום 24/0.110,גרמים,110.00,100 גרם,false,,2.90,0.0264,true,1,1348222
7290011489601,false,קרקר טופז בטעם בצל ה,אפיפית נצרת,IL,קרקר טופז בצל 24/0.110 הד,גרמים,110.00,100 גרם,false,,2.90,0.0264,true,1,1348223
7290011489625,false,פתי בר ביסקויט בטעם שוקו,אפיפית נצרת,IL,ביסקויט תה ביסקויט שוקו 2,גרמים,110.00,100 גרם,false,,3.90,0.0355,true,1,1348225
7290011489694,false,פרורי ביסקוויט בטעם וניל 300 גר'.,אפיפית נצרת,IL,פירורי בסקויט בטעם וניל,גרמים,300.00,100 גרם,false,,5.90,0.0197,true,1,1348230
7290011489700,false,פרורי ביסקוויט בטעם שוקו 300 גר'.,אפיפית נצרת,IL,פירורי בסקויט בטעם שוקו,גרמים,300.00,100 גרם,false,,5.90,0.0197,true,1,1348231
7290011499051,false,פטה כבשים מסורתית 20% בגביע 250 גרם - רובין,MKN עבור מחלבות גד ב,IL,פטה כבשים 20% בגביע 250 ג,גרמים,250.00,100 גרם,false,,25.90,0.1036,true,1,1327933
7290011499105,false,בולגרית מסורתית 5% 250 גרם -רבנות,ג'נרל מילס סאן אדריא,IL,בולגרית גביע 250 גרם 5%,גרמים,250.00,100 גרם,false,,23.90,0.0956,true,1,1327934
7290011499112,false,בולגרית מסורתית 16% 250 גרם - רבנות,"מיוצר ע""י dsh",IL,בולגרית גביע 250 גרם 16%,גרמים,250.00,100 גרם,false,,23.90,0.0956,true,1,1327935
7290011499129,false,בולגרית מעודנת קוביות קטנות 5% 200 גרם - רבנות,קוד יצרן DSH,IL,קוביות בולגרית מעודנת 200,גרמים,200.00,100 גרם,false,,21.90,0.1095,true,1,1327936
7290011499303,false,פטה עיזים מעודנת 5% בגביע 250 גרם - רבנות,ג'נרל מילס סאן אדריא,IL,בולגרית מעודנת עזים 5% 25,גרמים,250.00,100 גרם,false,,30.90,0.1236,true,1,1327941
7290011499327,false,גבינה בולגרית מעודנת 5% 250 גרם - רבנות,מיוצר על ידי DSH עבו,IL,בולגרית מעודנת 250 גרם 5%,גרמים,250.00,100 גרם,false,,22.90,0.0916,true,1,1327943
7290011499341,false,קשקבל בוואקום 26% 200 גרם - רבנות,הנסיך- מפעל לייצור ט,IL,קשקבל 250 גרם,גרמים,200.00,100 גרם,false,,27.90,0.1395,true,1,1327945
7290011499358,false,פטה עיזים מסורתית 20% בגביע 200 גרם - רובין,מיוצר על ידי קוד יצר,IL,פטה עיזים 20% בשקית 200 ג,גרמים,200.00,100 גרם,false,,26.90,0.1345,true,1,1327946
7290011499365,false,גד חלומי 24% 200 גרם רובין,"מחלבות גד בע""מ",IL,"חלומי 200 גרם בד""ץ",גרמים,200.00,100 גרם,false,,21.90,0.1095,true,1,1327947
7290011499419,false,גבינה במרקם שמנת בטעם טבעי 5% ניו יורק,מחלבות גד,IL,גבינת שמנת NEY YORK לייט,גרמים,200.00,100 גרם,false,,13.90,0.0695,true,1,1327949
7290011499525,false,גד לאבנה דרוזית 9% 500 ג',מחלבות גד בעמ,IL,לאבנה דרוזית 9% 500 גרם,גרמים,500.00,100 גרם,false,,20.90,0.0418,true,1,1327953
7290011499624,false,שמנת 30% ניו יורק טבעי 200 גרם רבנות,מחלבות גד,IL,גבינת שמנת NEY YORK טבעי,גרמים,200.00,100 גרם,false,,13.90,0.0695,true,1,1327955
7290011499853,false,גבינת שמנת עם זיתים 30% ניו יורק,מחלבות גד (שיווק 199,IL,גבינת שמנת NEY YORK זיתים,גרמים,200.00,100 גרם,false,,13.90,0.0695,true,1,1327968
7290011501617,false,חמוציות ברכז פרי ללא,אף.סי תבליני בגליל ב,IL,חמוציות ברכז תפוחים,גרמים,250.00,100 גרם,false,,12.90,0.0516,true,1,1327577
7290011501686,false,גרעיני אבטיח קלויים,דין שיווק,,גרעיני אבטיח קלויים,גרמים,250.00,100 גרם,false,,16.90,0.0676,true,1,1327579
7290011501716,false,שקד טבעי 250 גרם,דין שיווק,,שקד טבעי 250 גרם,גרמים,250.00,100 גרם,false,,24.90,0.0996,true,1,1327580
7290011501723,false,תערובת פיצוחים 250 ג,דין שיווק,,תערובת פיצוחים 250 ג,גרמים,250.00,100 גרם,false,,19.90,0.0796,true,1,1327581
7290011501747,false,חמוציות מסוכרות,דין שיווק,,חמוציות 300 גרם,גרמים,300.00,100 גרם,false,,9.90,0.0330,true,1,1327582
7290011502850,false,דלישס מיזלי עם פירות 500גר,"דין שיווק וקליה בע""מ",,גרנולה מוזלי פירות 5,גרמים,500.00,100 גרם,false,,12.90,0.0258,true,1,1327583
7290011502867,false,דלישס גרנולה במבחר אגוזים 500גר,"דין שיווק וקליה בע""מ",,גרנולה אגוזים 500 גר,גרמים,500.00,100 גרם,false,,12.90,0.0258,true,1,1327584
7290011502874,false,דלישס גרנולה עם פירות יבשים 500גר,"דין שיווק וקליה בע""מ",,גרנולה פירות 500 גרם,גרמים,500.00,100 גרם,false,,12.90,0.0258,true,1,1327585
7290011505493,false,כפות מהודר עבה במיוח,הוסטס,,כף מהודרת 50 יח' עבה,יח',50.00,יח',false,,10.90,0.2180,true,1,1322260
7290011505509,false,מזלגות מהודר עבה במי,הוסטס Hostess,,מזלג מהודר 50 יח' עב,יח',50.00,יח',false,,10.90,0.2180,true,1,1322261
7290011505516,false,סכין מהודר עבה במיוחד 50 יחידות הוסטס,הוסטס Hostess,,סכין מהודר 50 יח' עב,יח',50.00,יח',false,,10.90,0.2180,true,1,1322262
7290011505561,false,סינר ויניל עם כיס,,,סינר ויניל עם כיס,יח',1.00,יח',false,,35.90,35.9000,true,1,1322265
7290011505769,false,צימרוני אוזניים מפלסטיק 200 יח'* רביעיה,קוטון סופט Cotton soft,,צימרוני אוזנים מפלסט,יח',800.00,יח',false,,12.90,0.0161,true,1,1322276
7290011505790,false,צימרוני אוזניים מפלסטיק 500 יח',קוטון סופט Cotton soft,,צימרוני אוזניים מפלס,יח',500.00,יח',false,,8.90,0.0178,true,1,1322277
7290011505806,false,קיסמי שיניים דנטאליים מפלסטיק 200 יחידות בחבית,הוסטס Hostess,,קיסמי שיניים דנטאליי,יח',200.00,יח',false,,5.90,0.0295,true,1,1322278
7290011515911,false,שלגונים מופחתי קלוריות בטעם ריבת חלב - 6 יח',גלידות נסטלה (נגה גל,IL,לייט ריבת חלב 6 יח’,גרמים,312.00,100 גרם,false,,29.90,0.0958,true,1,1329775
7290011517069,false,מארז חבצלת השרון,,,מארז חבצלת השרון,יחידה,0.00,יחידה,false,,69.90,0.0000,true,1,1327756
7290011517076,false,סט טיפוח חבצלת השרון,,,סט טיפוח חבצלת השרון,יחידה,1.00,יחידה,false,,69.90,69.9000,true,1,1327757
7290011517564,false,דאודורנט רול און אדום Love line,חלאבין Halvin,,דאודורנט רול און,מיליליטרים,80.00,"100 מ""ל",false,,12.90,0.1613,true,1,1327760
7290011517571,false,דאודורנט ספריי לאב ליין אדום,חלאבין Halvin,,דאודורנט ספריי,מיליליטרים,275.00,"100 מ""ל",false,,19.90,0.0724,true,1,1327761
7290011518561,false,"אקטימל תות משפחתי מארז 14X100מ""ל",מיוצר עי קונדיטוריית,IL,אקטימל 14 תות,גרמים,1512.00,100 גרם,false,,31.50,0.0208,true,1,1341954
7290011522605,false,"גלייז מעצב שיער לתלתלים 400 מ""ל",ג'נרל מילס סאן אדריא,IL,גלייז לשיער כחול,מיליליטרים,400.00,"100 מ""ל",false,,24.90,0.0622,true,1,1346575
7290011524524,false,4 יח' טונה בשמן זית,,,4 יח' טונה בשמן זית,גרמים,560.00,100 גרם,false,,29.90,0.0534,true,1,2405995
7290011524548,false,גרגירי חומוס 800 ג' פרי הגליל,"פרי הגליל בע""""מ",IL,חומוס 800פג,גרמים,800.00,100 גרם,false,,14.90,0.0186,true,1,1347495
7290011524555,false,שעועית לבנה אפויה 800 ג' פרי הגליל,"פרי הגליל בע""""מ",IL,שע.לבנה 800פג,גרמים,800.00,100 גרם,false,,14.90,0.0186,true,1,1347496
7290011524968,false,פולי סויה מוקפאים Green & Fresh,גרין אנד פרש Green & Fresh,IL,פולי סויה 1קג פג,קילוגרמים,1.00,"ק""ג",false,,14.90,14.9000,true,1,1347505
7290011525316,false,"ד""ר פישר - קמיל בלו סנסיטיב תחליב לתינוק שיבולת 500 מ""ל","ד""ר פישר Dr fischer",IL,קמיל בלו סנסיטיב תחליב לת,מיליליטרים,500.00,"100 מ""ל",false,,19.90,0.0398,true,1,1351943
7290011525712,false,"קמיל בלו סנסיטיב אל סבון לפני השינה, 1 ליטר","ד""ר פישר Dr fischer",IL,קמיל בלו סנסיטיב אל סבון,ליטרים,1.00,ליטר,false,,24.90,24.9000,true,1,1351947
7290011525729,false,שמפו לתינוק קמיל בלו סנסטיב לפני השינה עם לבנדר וקמומיל,"ד""ר פישר Dr fischer",IL,קמיל בלו סנסיטיב שמפו לפנ,ליטרים,1.00,ליטר,false,,24.90,24.9000,true,1,1351948
7290011570132,false,"קמח תחליף ללא גלוטן 1 ק""ג",גלעם,,קמח ללא גלוטן,קילוגרמים,1.00,"ק""ג",false,,18.90,18.9000,true,1,1339700
7290011570781,false,תערובת להכנת עוגה בטעם וניל ללא גלוטן,כרגיל - אשבל,,תערובת להכנת עוגה בט,גרמים,450.00,100 גרם,false,,19.90,0.0442,true,1,1479604
7290011570798,false,תערובת להכנת עוגה בטעם שוקולד ללא גלוטן,כרגיל - אשבל,,תערובת להכנת עוגה בט,גרמים,450.00,100 גרם,false,,19.90,0.0442,true,1,1479605
7290011570934,false,"קמח לל""ג כרגיל פנקייק תומר 450 ג'",,,קמח לפנקייק ללא גלוט,גרמים,400.00,100 גרם,false,,19.90,0.0497,true,1,1985018
7290011575007,false,"הפי מרסס שומר ברק למקלחון 750 מ""ל",מיפא,DE,הפי למקלחון - מסיר אבנית-,מיליליטרים,750.00,"100 מ""ל",false,,14.90,0.0199,true,1,1325624
7290011575250,false,הפי ספוג מבריק נעליים,יעקבי - הפי Hepi,ES,הפי מבריק נעלים שקוף 8548,יחידה,0.00,יחידה,false,,9.90,0.0000,true,1,1325629
7290011575809,false,"הגרטי ספריי להברקת כלי כסף 200 מ""ל",יוליניבר,NL,הפי נוצץ-ספרי הגרטי,מיליליטרים,200.00,"200 מ""ל",false,,29.90,0.1495,true,1,1325634
7290011587444,false,מוזלי קראנצ'י בתוספת פירות,ויטליה,,מוזלי 600 גרם קראהצי,גרמים,600.00,100 גרם,false,,14.90,0.0248,true,1,1339710
7290011587451,false,גרנולה בתוספת פירות ואגוזים,ויטליה,,גרנולה+פירות ואגוזים,גרמים,600.00,100 גרם,false,,14.90,0.0248,true,1,1339711
7290011587468,false,מוזלי קראנצ'י בתוספת אגוזים,ויטליה,,מוזלי 600 גרם קראהצי,גרמים,600.00,100 גרם,false,,14.90,0.0248,true,1,1339712
7290011587697,false,ממרח עגבניות מיובשות פסטו תומר 340 ג',,,ממרח עגבניות 360 גרם,גרמים,360.00,100 גרם,false,,12.90,0.0358,true,1,1339718
7290011587703,false,עגבניות מיובשות פסטו חריף תומר 340ג',תומר,,ממרח עגבניות חריף 36,גרמים,360.00,100 גרם,false,,12.90,0.0358,true,1,1339719
7290011587833,false,חצאי עגבניות מיובשות מתובלות בשמן חמניות ועשבי תיבול,Sunto gida sun ve ti,,עגבניות מיובשות בשמן,גרמים,340.00,100 גרם,false,,12.90,0.0379,true,1,1339722
7290011587840,false,עגבניות קצוצות בשמן,,,עגבניות קצוצות בשמן,גרמים,370.00,100 גרם,false,,12.90,0.0349,true,1,1339723
7290011587857,false,עגבניות מיובשות בשמן חמניות ועשבי תיבול,Sunto gida sun ve ti,,עגבניות מיובשות 250,גרמים,250.00,100 גרם,false,,9.90,0.0396,true,1,1339724
7290011598211,false,"סנו - אנטי קאלק מרסס ניקוי כללי 4 ב-1 700 מ""ל",מיוצר עי קונדיטוריית,IL,סנו אנטי קאלק נ.כללי700מ,מיליליטרים,700.00,"100 מ""ל",false,,18.90,0.0270,true,1,1319916
7290011598259,false,"סנו - פרש מילוי למטהר אוויר מאסק 250 מ""ל",סנו מפעלי ברונוס בעמ,IL,מטהר אוויר פרש אוטומ,מיליליטרים,250.00,"100 מ""ל",false,,13.90,0.0556,true,1,1319917
7290011598365,false,מטליות מקרופייבר מקצועיות 4 יח' סנו סושי,סנו סושי,,ארבע מטליות מיקורופי,יח',4.00,יח',false,,19.90,4.9750,true,1,1319918
7290011598372,false,מטלית מיקרופייבר פרופשיונל לרצפה סנו סושי,סנו מפעלי ברונוס.,CN,מטלית רצפה פרופשיונל,יח',1.00,יח',false,,16.90,16.9000,true,1,1319919
7290011607098,false,ביק מחק ללוח מחיק,,,ביק מחק ללוח מחיק,יחידה,0.00,יחידה,false,,4.90,0.0000,true,1,2322348
7290011607180,false,"קולון 101 לכביסה 1.25 ק""ג",ריקט בנקיזר ( ניר אי,IL,קולון 101 1.25,קילוגרמים,1.25,"ק""ג",false,,19.90,15.9200,true,1,1309399
7290011607197,false,"אבקת כביסה קולון 5 ק""ג",רקיט בנקיזר,IL,קולון 5.101 קג,קילוגרמים,5.00,"ק""ג",false,,39.90,7.9800,true,1,2245347
7290011615260,false,עלי טורטיה 12X20יח' ויליפוד 540ג',מוטלוקל גידה סאנאי ט,TR,טורטייה ( 20ס'מ קוטר) 540,גרמים,540.00,100 גרם,false,,7.90,0.0146,true,1,1308871
7290011615277,false,"עלי טורטיוה קמח חיטה 25ס""מ 12יח' ויליפוד 840 ג'",מוטלוקל גידה סאנאי ט,TR,טורטייה ( 25ס'מ קוטר) 840,גרמים,840.00,100 גרם,false,,14.90,0.0177,true,1,1875355
7290011615406,false,בולגרית בקוביות בשמן ותבלינים הבולגריה 325 ג' קוליוס,"קוליוס אס. איי, גריק",GR,הבולגריה בקוביות (בשמן ות,גרמים,325.00,100 גרם,false,,12.90,0.0397,true,1,1308874
7290011618025,false,חטיף אורז אפוי לתינוקות בטעם טבעי +6,גואנז'ו יונג וואנט פ,CN,נגיסי אורז לתינוקות בטעם,גרמים,50.00,100 גרם,false,,11.90,0.2380,true,1,1353407
7290011618124,false,חטיף אורז אפוי לתינוקות בטעם ירקות +6,גואנז'ו יונג וואנט פ,CN,נגיסי אורז לתינוקות בטעם,גרמים,50.00,100 גרם,false,,11.90,0.2380,true,1,1353411
7290011618131,false,"בייבי ביס חטיף אורז כשל""פ בטעם גזר",גואנז'ו יונג וואנט פ,CN,נגיסי אורז לתינוקות בטעם,גרמים,50.00,100 גרם,false,,11.90,0.2380,true,1,1353412
7290011618216,false,בייבי ביס חטיף אורז בטעם בננה,גואנז'ו יונג וואנט פ,CN,נגיסי אורז לתינוקות בטעם,גרמים,50.00,100 גרם,false,,11.90,0.2380,true,1,1353414
7290011622305,false,כתמטמינים חטיף לתינוקות אצבעות בוטנים ותירס - רביעיה,הארט Heart,IL,מארז 4 יחידות כתמטמינים 4,גרמים,20.00,100 גרם,false,,10.00,0.5000,true,1,1309201
7290011622428,false,כתמטמינים-חטיף בריאות לתינוקות וילדים 45 ג',מיוצר עבור גולדן האר,IL,'כתמטמינים 45גר,גרמים,45.00,100 גרם,false,,5.90,0.1311,true,1,1309206
7290011622664,false,כתמטמינים - חטיף אצבעות טחינה אורז ותירס 45 גרם,אלס נוטרישן,IL,כתמטמינים טחינה 45 ג,גרמים,45.00,100 גרם,false,,5.90,0.1311,true,1,1723603
7290011622756,false,ביסקוויטמינים פלוס ש,,,ביסקווטמינים פלוס שו,גרמים,150.00,100 גרם,false,,14.90,0.0993,true,1,2423105
7290011622763,false,ביסקוויטמינים פלוס ו,מולינו ניקולי s.p.a,IL,ביסקווטמינים פלוס ונ,גרמים,150.00,100 גרם,false,,14.90,0.0993,true,1,2423106
7290011644000,false,חטיף מקלות תירס מתוקים,סנקי,,"""סנקי"" חטיף תירס מקל",גרמים,80.00,100 גרם,false,,3.90,0.0487,true,1,2430000
7290011644598,false,דג יבש ארוז,,,דג יבש ארוז,קילוגרמים,1.00,"ק""ג",true,,99.00,99.0000,true,1,2513291
7290011648589,false,"צלחת 20 ס""מ פרחי יפן",,,"צלחת 20 ס""מ פרחי יפן",יחידה,0.00,יחידה,false,,16.90,0.0000,true,1,2531175
7290011668136,false,מסכה מרככת לשיער מתולתל וגלי,פנינה רוזנבלום PR,IL,מסיכה מחליקה,מיליליטרים,1000.00,"100 מ""ל",false,,29.90,0.0299,true,1,1348122
7290011668143,false,מסיכה משקמת ומטפחת לשיער צבוע ופגום,פנינה רוזנבלום PR,IL,מסיכה משקמת,מיליליטרים,1000.00,"100 מ""ל",false,,29.90,0.0299,true,1,1348123
7290011668426,false,פנינה רוזנבלום-מרכך אובליפיחה ליומי 750,א.ארמן,IL,מרכך אובלי,מיליליטרים,750.00,"100 מ""ל",false,,12.90,0.0172,true,1,1348137
7290011668433,false,"שמפו שיאה לשיער וצבוע פנינה 750 מ""ל",א.ארמן,IL,שמפו לשיער צבוע,מיליליטרים,750.00,"100 מ""ל",false,,12.90,0.0172,true,1,1348138
7290011668440,false,פנינה רוזנבלום-מרכך שיאה לצבוע 750,א.ארמן,IL,מרכך שיאה לשיער צבוע,מיליליטרים,750.00,"100 מ""ל",false,,12.90,0.0172,true,1,1348139
7290011668457,false,פנינה רוזנבלום-שמפו שמן זית לשיער גלי 750,א.ארמן,IL,שמפו שמן זית,מיליליטרים,750.00,"100 מ""ל",false,,12.90,0.0172,true,1,1348140
7290011668570,false,גרנולה פירות יבשים ללא תוספת סוכר,בריא מהטבע פנינה רוזנבלום,IL,גרנולה פירות יבשים,גרמים,450.00,100 גרם,false,,22.90,0.0509,true,1,1348147
7290011668587,false,גרנולה טעם עשיר 500 גר',בריא מהטבע פנינה רוזנבלום,IL,גרנולה טעם עשיר.,גרמים,500.00,100 גרם,false,,22.90,0.0458,true,1,1348148
7290011668594,false,פנינה תוספת בריאה לס,בריא מהטבע פנינה רוזנבלום,IL,תוספת בריאה לסלט.,גרמים,550.00,100 גרם,false,,29.90,0.0544,true,1,1348149
7290011695651,false,צנימים עגולים 300 גרם,S.P.A ניולט,,צנימים עגולים.,גרמים,300.00,100 גרם,false,,11.90,0.0397,true,1,1329692
7290011695712,false,חמאת בוטנים עם שברי 510 ג' NEEMAN,SUPER NUTRI,,חמאת בוטנים קרמי אדו,גרמים,510.00,100 גרם,false,,9.90,0.0194,true,1,1329694
7290011695958,false,"חומץ תפוחים נאמן 750 מ""ל",הילל תעשיות,,חומץ תפוחים,מיליליטרים,750.00,"100 מ""ל",false,,12.90,0.0172,true,1,1329696
7290011695972,false,טוסטים טעימים 100 גר,נאמן Neeman,,טוסטים טעימים.,גרמים,100.00,100 גרם,false,,7.90,0.0790,true,1,1329697
7290011716103,false,פירורי לחם יפני לבן עדין שקית 250 גר,סו שף Su Chef,,פירורי לחם פנקו יפני,גרמים,250.00,100 גרם,false,,5.90,0.0236,true,1,1327588
7290011723101,false,טחינה הר ברכה 1 ליטר,הר ברכה תעשיות,,"טחינה הר ברכה 1 ק""ג",גרמים,1000.00,100 גרם,false,,31.90,0.0319,true,1,1328007
7290011732820,false,תירס גרעינים טעמן 34,,,גרעיני תירס 340גר' ט,גרמים,340.00,100 גרם,false,,5.90,0.0174,true,1,2544664
7290011732943,false,שקדי מרק טעמן 400 גר',,,שקדי מרק 400גר' טעמן,גרמים,400.00,100 גרם,false,,8.90,0.0223,true,1,2544665
7290011743833,false,משחת שיניים פרונמל Pro namel מנטה,גלקסו סמית קליין,GB,"סנסודיין פרונמל 75 מ""ל",מיליליטרים,75.00,"100 מ""ל",false,,23.90,0.3187,true,1,1346579
7290011744892,false,"אקווה פרש - משחת שיניים ילדים ג'וניור 6+ 50 מ""ל",גלקסו סמית קליין,SK,א.פרש משחת ילדים ג'וניור,מיליליטרים,50.00,"100 מ""ל",false,,12.90,0.2580,true,1,1346581
7290011745707,false,משחת שיניים פרונמל Pro namel לילדים לגילאי 6-12,גלקסו סמית קליין,SK,סנסודיין פרונמל ילדים 50,גרמים,50.00,100 גרם,false,,14.90,0.2980,true,1,1346583
7290011765071,false,ג'ל גילוח לעור רגיל לחות והגנה Moisture,טרופיקל דגיל תעשיות,TR,ג'ל גילוח קרמה רגיל 200מ,מיליליטרים,200.00,"100 מ""ל",false,,19.90,0.0995,true,1,1319922
7290011765088,false,ג'ל גילוח לעור רגיל מנטול Cool,טרופיקל דגיל תעשיות,TR,200מ COOL ג'ל גילוח קרמה,מיליליטרים,200.00,"100 מ""ל",false,,19.90,0.0995,true,1,1319923
7290011765200,false,"סנו מדיק ג'ל לניקוי ידיים עם אולוורה 300 מ""ל",גוד פוד פרודקטס S.p,IL,ג'ל לניקוי ידיים 300,מיליליטרים,300.00,"100 מ""ל",false,,11.90,0.0397,true,1,1319929
7290011765217,false,"סנו מדיק ג'ל לניקוי ידיים אלוורה 100 מ""ל",גוד פוד פרודקטס S.p,IL,ג'ל לניקוי ידיים אלוורה,מיליליטרים,100.00,"100 מ""ל",false,,9.90,0.0990,true,1,1319930
7290011765309,false,אורביטול diamond זוג מברשות שיניים,אורביטול Orbitol,CN,2מברשות אורביטול דיימונד,יח',2.00,יח',false,,15.90,7.9500,true,1,1319934
7290011765392,false,שמפו בוב ספוג לסירוק קל מכיל רוזמרין,טרופיקל דגיל תעשיות,IL,שמ.כיף ילדים בוב ספוג750,מיליליטרים,750.00,"100 מ""ל",false,,14.90,0.0199,true,1,1319941
7290011765415,false,"כיף - בוב ספוג מרכך שיער 750 מ""ל",קוסמופארם,IL,מרכ כיף ילד בוב ספוג750מ,מיליליטרים,750.00,"100 מ""ל",false,,14.90,0.0199,true,1,1319943
7290011765422,false,אל סבון מועשר בלחות ותמצית קמומיל - בוב ספוג,קוסמופארם בע''מ,IL,אלסבון כיף בוב ספוג750מל,מיליליטרים,750.00,"100 מ""ל",false,,14.90,0.0199,true,1,1319944
7290011765446,false,משחת שיניים לילדים בוב ספוג בטעם מיץ ענבים עם פלואוריד למניעת עששת,טרופיקל דגיל תעשיות,IL,משחה אורביטול ענבים 70 ג,גרמים,70.00,100 גרם,false,,8.90,0.1271,true,1,1319945
7290011765613,false,סנו מסיר עובש בניחות לימון מתז 1 ל',סנו,,מתז מסיר עובש בניחוח,ליטרים,1.00,ליטר,false,,18.90,18.9000,true,1,2185926
7290011765620,false,"נוזל כלים אקולוגי גרין פאוור 700 מ""ל",סנו מפעלי ברונוס בעמ,IL,נוזל כלים אקולוגי GR,מיליליטרים,700.00,"100 מ""ל",false,,9.90,0.0141,true,1,2404532
7290011800840,false,טחינה בלאדי רפי כהן 400 ג' צבר,סלטי צבר,IL,צבר טחינה בלאדי סלטי השף,גרמים,400.00,100 גרם,false,,14.90,0.0373,true,1,1305742
7290011830526,false,מיני פריכיות אורגניו,השדה מוצרים אורגניים,IL,מיני פריכיות אורגניות מאו,גרמים,80.00,100 גרם,false,,9.90,0.1238,true,1,1309219
7290011830564,false,ביסקוויט פתי בר כוסמין אורגני,השדה מוצרים אורגניים,IL,פתי בר כוסמין אורגני,גרמים,200.00,100 גרם,false,,11.90,0.0595,true,1,1428775
7290011851606,false,סחלב תערובת הכנה 500 ג',י.כהן,,"סחלב 500 ג""ר.",גרמים,500.00,100 גרם,false,,15.90,0.0318,true,1,1329698
7290011857844,false,"עוגת פס חלבי ללא תוספת סוכר ""אדל"" 500 גר'",,,עוגת דואט חלבי ללא ת,גרמים,600.00,100 גרם,false,,40.00,0.0667,true,1,1974130
7290011860271,false,ביסבול כדורי פירה בציפוי פריך,"תעשיות תפוגן בע""מ",IL,תפוגן ביסבול טבעי 700 גרם,גרמים,700.00,100 גרם,false,,14.90,0.0213,true,1,1305744
7290011877088,false,"רדיד אלומיניום רוחב 30 ס""מ, 18 מיקרון - מארז זוג",בורסה פאזרי,TR,זוג רדיד אלומיניום ע,מטרים,15.00,מטר,false,,15.90,1.0600,true,1,1319951
7290011877101,false,מבשם אוויר נטול גז מאסק,מיוצר עי קונדיטוריית,IL,"סנומוד ניחוח מאסק 150מ""ל",מיליליטרים,150.00,"100 מ""ל",false,,10.90,0.0727,true,1,1319952
7290011877156,false,"מבשם אוויר, בגדים וארונות פרש בניחוח מאסק",מיוצר עי קונדיטוריית,IL,"סנו פרש ענק מאסק 375 מ""ל",מיליליטרים,375.00,"100 מ""ל",false,,9.90,0.0264,true,1,1319953
7290011877446,false,"כיף - בייבי כיף קרם גירויים 100 מ""ל",קוסמופארם בע''מ,IL,בייבי כיף קרם נגד גירוד,מיליליטרים,100.00,"100 מ""ל",false,,19.90,0.1990,true,1,1319955
7290011877842,false,סנו סושי שקיות ואקום לאחסון 2 יח' XXXL,סנו סושי,,אריזות ואקום לאחסון,יח',2.00,יח',false,,24.90,12.4500,true,1,1319963
7290011877859,false,סנו אינסטלטור חדש פותח סתימות 200ג',מיוצר עי קונדיטוריית,IL,סנו אינסטלטור 200 גרם,גרמים,200.00,100 גרם,false,,15.90,0.0795,true,1,1319964
7290011923273,false,טופו אורגני 300גרם ל,א.י.ן תעשיות מזון בע,IL,טופו אורגני 300גרם ל,גרמים,300.00,100 גרם,false,,11.90,0.0397,true,1,1396101
7290011923303,false,טופו טבעי 300גרם ליב,א.י.ן תעשיות מזון בע,IL,טופו טבעי 300גרם ליב,גרמים,300.00,100 גרם,false,,9.90,0.0330,true,1,1396148
7290011931162,false,סוכרלייט ממתיק נוזלי על בסיס סוכרלוז,אף.סי תבליני בגליל ב,IL,סוכרלייט נוזלי/6יח'/220גר,גרמים,220.00,100 גרם,false,,24.90,0.1132,true,1,1342669
7290011931193,false,ממתיק על בסיס סוכרלוז כפית לכפית,סוכרזית Sucrazit,IL,סוכרלייט כפית לכפית/6יח'/,גרמים,100.00,100 גרם,false,,28.90,0.2890,true,1,1342670
7290011947316,false,זיתא זיתי קלמטה בשמן זית כתית מעולה 215ג,סטאר סנקס,IL,זיתי קלמטה זיתא 215,גרמים,215.00,100 גרם,false,,12.90,0.0600,true,1,2036008
7290011947781,false,מיקס זית ירוק וזית קלמטה ללא גלעין עם שמן זית 190 ג',זיתא,IL,מיקס זית ירוק וזית ק,גרמים,165.00,100 גרם,false,,12.90,0.0782,true,1,2433428
7290011947798,false,זית קלמטה ללא גלעין עם שמן זית כתית 190 ג',זיתא,IL,זית קלמטה ללא גלעין,גרמים,190.00,100 גרם,false,,12.90,0.0679,true,1,2433429
7290011947903,false,מיקס זיתים יווני זיתא 215 ג',זיתא,IL,מיקס זית יווני,גרמים,215.00,100 גרם,false,,12.90,0.0600,true,1,2474544
7290011964344,false,תבלין שום גבישי 120 ג',תות ממתקי איכות,IL,מיכל שום גבישי 120 גר',גרמים,120.00,100 גרם,false,,9.90,0.0825,true,1,1350798
7290011964542,false,תבלין פפריקה מתוקה 400ג',תות ממתקי איכות,IL,פפריקה מתוקה מ.400 גר',גרמים,400.00,100 גרם,false,,17.90,0.0447,true,1,1350799
7290011964566,false,תבלין לעוף בגריל,תבליני טעם וריח,IL,גריל עוף מיכל 400 גר',גרמים,400.00,100 גרם,false,,14.90,0.0373,true,1,1350801
7290011964597,false,תבלין כמון טחון 400גר,תבליני טעם וריח,IL,כמון טחון מ.400 גר',גרמים,400.00,100 גרם,false,,17.90,0.0447,true,1,1350803
7290011964603,false,תבלין כרכום 400 גר',תבליני טעם וריח,IL,כורכום טחון מ.400 גר',גרמים,400.00,100 גרם,false,,19.90,0.0497,true,1,1350804
7290011964627,false,תבלין פפריקה מתוקה בשמן 400ג',תבליני טעם וריח,IL,פפריקה מתוקה בשמן מ.400גר,גרמים,400.00,100 גרם,false,,17.90,0.0447,true,1,1350806
7290011964658,false,תבלין מלח לימון טעם,תות ממתקי איכות,IL,מיכל מלח לימון 170 גר',גרמים,170.00,100 גרם,false,,6.90,0.0406,true,1,1350807
7290011964689,false,תבלין תיבול על האש ללא מונוס' 100ג',תות ממתקי איכות,IL,מיכל על האש ללא מונוסודיו,גרמים,100.00,100 גרם,false,,7.90,0.0790,true,1,1350808
7290011964702,false,תבלין תיבול לשווארמה ללא מונוסו' 100ג',תות ממתקי איכות,IL,מיכל שוארמה ללא מונוסודיו,גרמים,100.00,100 גרם,false,,7.90,0.0790,true,1,1350810
7290011977627,false,סרדינים בשמן צמחי 125 גר',טעים,MA,סרדינים בשמן 125 גרם,גרמים,125.00,100 גרם,false,,4.90,0.0392,true,1,1333412
7290011977634,false,סרדינים פלפל חריף 125ג - רובין טעים,טעים,MA,סרדינים פלפל חריף 12,גרמים,125.00,100 גרם,false,,4.90,0.0392,true,1,1333413
7290011977641,false,סרדינים בלימון 125 גרם - רובין טעים,טעים,MA,סרדינים לימון 125 גר,גרמים,125.00,100 גרם,false,,4.90,0.0392,true,1,1333414
7290011977665,false,טעים סרדינים ברוטב עגבניות 125 גר,טעים,MA,סרדינים רוטב עגבניות,גרמים,125.00,100 גרם,false,,4.90,0.0392,true,1,1333416
7290011996000,false,טעם אסיה אטריות עגבניות 454 ג',טעמי אסיה Taste of Asia,CN,אטריות עגבניות 454 גרם כש,גרמים,454.00,100 גרם,false,,8.90,0.0196,true,1,1343449
7290011996017,false,טעם אסיה אטריות תרד 454 ג',טעמי אסיה Taste of Asia,CN,אטריות תרד 454 גרם - כשר,גרמים,454.00,100 גרם,false,,8.90,0.0196,true,1,1343450
7290011996031,false,טעם אסיה אטריות בצים 454 ג',טעמי אסיה Taste of Asia,CN,אטריות ביצים 454 גרם - כש,גרמים,454.00,100 גרם,false,,8.90,0.0196,true,1,1343452
7290011996086,false,"רוטב צ''ילי חריף 700 מ""ל",טעמי אסיה Taste of Asia,TH,"רוטב צ'ילי חריף 700 מ""ל כ",גרמים,700.00,100 גרם,false,,9.90,0.0141,true,1,1343455
7290011996093,false,צילי מתוק 300 גרם,טעמי אסיה Taste of Asia,,צילי מתוק 300 גרם,גרמים,300.00,100 גרם,false,,7.90,0.0263,true,1,1343456
7290011996109,false,"רוטב צ''ילי מתוק 700 מ""ל",טעמי אסיה Taste of Asia,TH,"רוטב צ'ילי מתוק 700 מ""ל כ",גרמים,700.00,100 גרם,false,,9.90,0.0141,true,1,1343457
7290011996123,false,אצות ים נורי גולד 10 דפים כשר,טעמי אסיה Taste of Asia,CN,אצות נורי גולד 10 דפים כש,יח',10.00,יח',false,,10.90,1.0900,true,1,1343458
7290011996130,false,אצות ים קלויות נורי לסושי - 10 דפים,טעמי אסיה Taste of Asia,CN,אצות נורי סילוור 10 דפים,גרמים,25.00,100 גרם,false,,9.90,0.3960,true,1,1343459
7290011996178,false,"רוטב סויה בסגנון יפני 280 מ""ל",guangdong good taste,CN,רוטב סויה נוסח יפני 300 כ,מיליליטרים,280.00,"100 מ""ל",false,,9.90,0.0354,true,1,1343461
7290011996185,false,"חומץ אורז לבן (לסושי) 250 מ""ל",טעמי אסיה Taste of Asia,CN,"חומץ אורז לסושי 250 מ""ל כ",מיליליטרים,250.00,"100 מ""ל",false,,8.90,0.0356,true,1,1343462
7290011996222,false,נוזל אגוזי קוקוס ללא,טעמי אסיה Taste of Asia,TH,"חלב קוקוס מבצע 400 מ""ל כש",מיליליטרים,400.00,"100 מ""ל",false,,6.90,0.0173,true,1,1343465
7290011996277,false,מחצלת עגולה לגלגול סושי,טעמי אסיה Taste of Asia,CN,מחצלת עגולה לגלגול סושי,יחידה,0.00,יחידה,false,,5.90,0.0000,true,1,1343467
7290011996499,false,אטריות אורז דקות טעם וריח 400ג',fujian longhai,CN,אטריות אורז דקות 400 ג' כ,גרמים,400.00,100 גרם,false,,8.90,0.0223,true,1,1343475
7290011996512,false,"טעם אסיה טעם אסיה אטריות אורז 3מ""מ 400ג'",טעמי אסיה Taste of Asia,TH,"אטריות אורז 3 מ""מ 400ג' כ",גרמים,400.00,100 גרם,false,,8.90,0.0223,true,1,1343476
7290011996529,false,אטריות אורז 5 מ''מ טעם אסיה 400 גרם,טעמי אסיה Taste of Asia,TH,"אטריות אורז 5מ""מ 400 ג' כ",גרמים,400.00,100 גרם,false,,8.90,0.0223,true,1,1343477
7290011996550,false,טעם אסיה רוטב הויסין 240 ג',קיי.אר.אס.ספייסי פוד,TH,רוטב הויסין 240 גרם כשר,גרמים,240.00,100 גרם,false,,11.90,0.0496,true,1,1343478
7290011996567,false,רוטב סאטה 240 גר,קיי.אר.אס.ספייסי פוד,TH,רוטב סאטה 240 גרם כשר,גרמים,240.00,100 גרם,false,,12.90,0.0538,true,1,1343479
7290011996581,false,"רוטב חמוץ מתוק 300 מ""ל",טעמי אסיה Taste of Asia,TH,"רוטב חמוץ-מתוק 300 מ""ל- כ",מיליליטרים,300.00,"100 מ""ל",false,,10.90,0.0363,true,1,1343480
7290011996604,false,רוטב פד תאי בקבוק 30,טעמי אסיה Taste of Asia,TH,"רוטב פד-תאי 300 מ""ל כשר",גרמים,300.00,100 גרם,false,,13.90,0.0463,true,1,1343481
7290011996642,false,טעם אסיה שומשום שחור קלוי 100גר,טעמי אסיה Taste of Asia,CN,"שומשום שחור 100 ג""ר -כשר",גרמים,100.00,100 גרם,false,,12.90,0.1290,true,1,1343482
7290011996703,false,טעם אסיה אצות וקאמה 100גר,טעמי אסיה Taste of Asia,,אצות וואקמה 100 גרם,גרמים,100.00,100 גרם,false,,14.90,0.1490,true,1,1343483
7290011996741,false,"חומץ אורז לסושי כשר 500 מ""ל",טעמי אסיה Taste of Asia,,חומץ אורז לסושי 500,מיליליטרים,500.00,"100 מ""ל",false,,11.90,0.0238,true,1,1343484
7290011996758,false,מזרח מערב קמח טמפורה כשר 500ג',טעמי אסיה Taste of Asia,CN,תערובת קמחים לטמפורה 500,גרמים,500.00,100 גרם,false,,10.90,0.0218,true,1,1343485
7290011996765,false,וואסבי שפורפרת 43 גר,טעמי אסיה Taste of Asia,CN,משחת ווסאבי 43 גרם כשר,גרמים,43.00,100 גרם,false,,8.90,0.2070,true,1,1343486
7290011996789,false,פנקו פירורי לחם בסגנון יפני,טעמי אסיה Taste of Asia,CN,פנקו - פירורי לחם יפניים,גרמים,200.00,100 גרם,false,,7.90,0.0395,true,1,1343487
7290011996802,false,אבקת ווסאבי 70 גרם,טעמי אסיה Taste of Asia,CN,"אבקת ווסאבי 70 ג""ר כשר",גרמים,70.00,100 גרם,false,,14.90,0.2129,true,1,1343489
7290011996819,false,מזרח מערב אטריות שעועית 250ג,טעמי אסיה Taste of Asia,CN,אטריות שעועית סיני 250ג-כ,גרמים,250.00,100 גרם,false,,5.90,0.0236,true,1,1343490
7290011996888,false,רוטב טריאקי 300 כשר,קיי.אר.אס.ספייסי פוד,TH,"רוטב טריאקי 300 מ""ל כשר",מיליליטרים,300.00,"100 מ""ל",false,,10.90,0.0363,true,1,1343492
7290012001994,false,חרדל דיז'ון גרעינים 350 ג' ריין דיזון,ריין דיז'ון reine dijon,FR,חרדל דיזון 350 גרם,גרמים,350.00,100 גרם,false,,9.90,0.0283,true,1,1306923
7290012019036,false,שיני שום כבושים בחומץ,Qingdao canned foods,,שיני שום צנצנת,קילוגרמים,330.00,"ק""ג",false,,10.90,0.0330,true,1,1339729
7290012019043,false,שום צעיר כבוש צנצנת,Qingdao canned foods,,שום צעיר כבוש בחומץ,קילוגרמים,330.00,"ק""ג",false,,10.90,0.0330,true,1,1339730
7290012019050,false,שום צעיר ושיני שום כבושים בחומץ,Qingdao canned foods,,שום צעיר ובוגר וציפו,גרמים,330.00,100 גרם,false,,10.90,0.0330,true,1,1339731
7290012027789,false,מנג'ט כתר בורדו מס 2,,,מנג'ט כתר בורדו מס 2,יחידה,0.00,יחידה,false,,6.90,0.0000,true,1,1342352
7290012027796,false,מנג'ט כתר בורדו מס 3,,,מנג'ט כתר בורדו מס 3,יחידה,0.00,יחידה,false,,8.90,0.0000,true,1,1342353
7290012052163,false,גרנולה רפאל אגוזים ז,,,גרנולה אגזים ופירות.,גרמים,350.00,100 גרם,false,,17.90,0.0511,true,1,1361641
7290012052200,false,גרנולה עם אגוזים ופירות יבשים,רפאלס,IL,גרנולה אגזים ופירות,גרמים,800.00,100 גרם,false,,29.90,0.0374,true,1,1361645
7290012052217,false,גרנולה עם אגוזים ופירות יבשים במתיקות מעודנת,רפאלס,,גרנולה ללא סוכר אגוז,גרמים,800.00,100 גרם,false,,29.90,0.0374,true,1,1361646
7290012052224,false,"גרנולה עם חלבה, תמרים ושקדים",רפאלס,IL,גרנולה חלבה תמרים וש,גרמים,800.00,100 גרם,false,,29.90,0.0374,true,1,1361647
7290012052231,false,גרנולה עם חמוציות וקשיו,רפאלס,,גרנולה פירות יער וקש,גרמים,800.00,100 גרם,false,,29.90,0.0374,true,1,1361648
7290012052309,false,"גרנולה תענות עם בננות צימוקים ושקדים 1 ק""ג.",רפאלס,IL,גרנולה בננה וצימוק 1,קילוגרמים,1.00,"ק""ג",false,,27.90,27.9000,true,1,1361649
7290012052316,false,"גרנולה תענוג - שפע פירות 1 ק""ג",פוקה,IL,גרנולה שפע פירות.,קילוגרמים,1.00,"ק""ג",false,,27.90,27.9000,true,1,1361650
7290012052323,false,מוזלי עם פירות יבשים ושקדים ללא תוספת סוכר,רפאלס,IL,גרנולה מוזלי מיקס.,קילוגרמים,1.00,"ק""ג",false,,27.90,27.9000,true,1,1361651
7290012052347,false,"גרנולה תענוג ללא סוכר צימוקים ושקדים 1 ק""ג.",רפאלס,IL,גרנולה ללא סוכר צימו,קילוגרמים,1.00,"ק""ג",false,,27.90,27.9000,true,1,1361653
7290012052354,false,גרנולה עם שוקולד ואגוזי לוז,רפאלס,IL,גרנולה שוקולד ואגוזי,גרמים,350.00,100 גרם,false,,17.90,0.0511,true,1,1361654
7290012052385,false,מוזלי עם חמוציות ושקדים ללא תוספת סוכר,רפאלס,IL,גרנולה מוזלי עם חמוצ,גרמים,720.00,100 גרם,false,,29.90,0.0415,true,1,1361657
7290012052460,false,תערובת לסלט צוקולומו,רפאלס,IL,צוקולומומו מיקס זרעי,גרמים,250.00,100 גרם,false,,17.90,0.0716,true,1,1361658
7290012052880,false,חטיפי 7 דגנים בתוספת חלבה,רפאלס,,חטיף 7 דגנים חלבה רפ,גרמים,132.00,100 גרם,false,,12.90,0.0977,true,1,1406584
7290012052897,false,חטיפי 7 דגנים בתוספת שוקולד מריר,רפאלס,,חטיף 7 דגנים שוקולד,גרמים,132.00,100 גרם,false,,12.90,0.0977,true,1,1406585
7290012052903,false,חטיפי 7 דגנים פירות יבשים,רפאלס,,7 דגנים- חטיף מיקס פ,גרמים,132.00,100 גרם,false,,12.90,0.0977,true,1,1406586
7290012052910,false,חטיפי 7 דגנים בתוספת תפוח קינמון,רפאלס,,חטיף 7 דגנים תפוח וק,גרמים,132.00,100 גרם,false,,12.90,0.0977,true,1,1406587
7290012071003,false,"ד""ר פישר - קמיל בלו משחה לתינוק 200 גרם",פישר מעבדות פרמצבטיו,IL,קמיל בלו משחה לתינוק 200,גרמים,200.00,100 גרם,false,,19.90,0.0995,true,1,1351952
7290012071690,false,אלכו ג'ל Alco-Gel מגבונים אנטי בקטריאליים לניקוי וחיטוי משטחים ואביזרים,"ד""ר פישר Dr fischer",IL,אלכוגל מגבונים אנטי בקטרי,יח',20.00,יח',false,,12.90,0.6450,true,1,1351955
7290012116025,false,שמפו פיית הפרפרים לסירוק קל מכיל רוזמרין,קוסמופארם בע''מ,IL,"שמפו כיף פיות 750 מ""ל",מיליליטרים,750.00,"100 מ""ל",false,,14.90,0.0199,true,1,1319976
7290012116032,false,מרכך לסירוק קל פיית הפרפרים,טרופיקל דגיל תעשיות,IL,"מרכך כיף פיות 750 מ""ל",מיליליטרים,750.00,"100 מ""ל",false,,14.90,0.0199,true,1,1319977
7290012116063,false,"כיף אל סבון פיות בתמציות קמומיל 750 מ""ל",טרופיקל דגיל תעשיות,IL,אלסב.כיף פיות קמומיל750מ,מיליליטרים,750.00,"100 מ""ל",false,,14.90,0.0199,true,1,1319978
7290012116070,false,אל סבון מועשר בתמצית אלוורה - פיית הקשתות,בייבי כיף Baby,IL,אלסב.כיף פיות אלוורה750מ,מיליליטרים,750.00,"100 מ""ל",false,,14.90,0.0199,true,1,1319979
7290012116360,false,פוליויקס לטיפול ברצפות גרניט פורצלן וקרמיקה,"מפעלי סנו ברונוס בע""",IL,'פוליויקס גרניט פורצלן2ל,ליטרים,2.00,ליטר,false,,24.90,12.4500,true,1,1319985
7290012116537,false,"סנו מקסימה אבקת כביסה 2.5 ק""ג מאסק",טרופיקל דגיל תעשיות,IL,אבקת כב.מקסימה מאסק 2.5ק,קילוגרמים,2.50,"ק""ג",false,,21.90,8.7600,true,1,1319988
7290012116551,false,סנו אנטי קאלק רב שימושי 4ב1- 2 ליטר,מיוצר עי קונדיטוריית,IL,"סנו אנטי קאלק רב""ש 2ליטר",ליטרים,2.00,ליטר,false,,27.90,13.9500,true,1,1319989
7290012116612,false,אורביטול מברשת שיניים מארז 4 יח',ג'נרל מילס סאן אדריא,CN,4 מברשות שיניים אורביטול,יח',4.00,יח',false,,14.90,3.7250,true,1,1319995
7290012116629,false,תחליב רול און דוחה יתושים לתינוקות ולילדים סנו די,מיוצר עי קונדיטוריית,IL,סנו די לתינוקות לילדים50,גרמים,50.00,100 גרם,false,,19.90,0.3980,true,1,1319996
7290012116674,false,קרמה מן דאודורנט גל קול 75 מל,קוסמופארם,IL,"קרמה דאו.ג'ל קול 70 מ""ל",מיליליטרים,70.00,"100 מ""ל",false,,14.90,0.2129,true,1,1320001
7290012116681,false,דאודורנט ג'ל אנטיפרספירנט אקטיב בלוק Calm,קוסמופארם בעמ,IL,"קרמה דאו.ג'ל קאלם 70מ""ל",מיליליטרים,70.00,"100 מ""ל",false,,14.90,0.2129,true,1,1320002
7290012116698,false,דאודורנט ג'ל אנטיפרספירנט אקטיב בלוק Ultimate,קוסמופארם,IL,קרמה דאו.ג'ל אולטימט 70מ,מיליליטרים,70.00,"100 מ""ל",false,,14.90,0.2129,true,1,1320003
7290012116704,false,דאודורנט ג'ל אנטיפרספירנט אקטיב בלוק Power,קוסמופארם,IL,"קרמה דאו.ג'ל פאוור 70מ""ל",מיליליטרים,70.00,"100 מ""ל",false,,14.90,0.2129,true,1,1320004
7290012117039,false,מסיר אבנית ומנקה לאמבטיה 00,סנו,IL,"סנו""00"" לניקוי אמבטיה 1ל",ליטרים,1.00,ליטר,false,,7.90,7.9000,true,1,1320015
7290012117275,false,נוזל רב תכליתי לניקוי ולהברקה מילוי,טרופיקל דגיל תעשיות,IL,סנוקליר שקית מילוי 750מל,מיליליטרים,750.00,"100 מ""ל",false,,8.90,0.0119,true,1,1320020
7290012117350,false,ריצפז פרש 2 ליטר לילך לבנדר,"סנו מפעלי ברונוס בע""",IL,סנו ריצפז פרש לילך 2ליטר,ליטרים,2.00,ליטר,false,,19.90,9.9500,true,1,1320021
7290012117411,false,שמפו וג'ל רחצה לגבר רויבוס Rooibos,קוסמופארם,IL,קרמה ג'ל רח.גבר במבוק700,מיליליטרים,700.00,"100 מ""ל",false,,18.90,0.0270,true,1,1320026
7290012117428,false,"קרמה - שמפו וג'ל רחצה 2 ב-1 מנטה 700 מ""ל",טרופיקל דגיל תעשיות,IL,קרמה ג'ל רח.ושמפו גבר700,מיליליטרים,700.00,"100 מ""ל",false,,18.90,0.0270,true,1,1320027
7290012117435,false,"קרמה - שמפו וג'ל רחצה 2 ב-1 אלוורה 700 מ""ל",טרופיקל דגיל תעשיות,IL,קרמה ג'ל רחצה אלוורה700מ,מיליליטרים,700.00,"100 מ""ל",false,,18.90,0.0270,true,1,1320028
7290012117466,false,"קרמה תרחיץ פנים תה ירוק 180 מ""ל",קוסמופארם,IL,קרמה ת.רחצה פנים תה 180מ,מיליליטרים,180.00,"100 מ""ל",false,,14.90,0.0828,true,1,1320029
7290012117534,false,סנו - מקסימה מרכך כביסה מרוכז קול 1 ליטר,"סנו מפעלי ברונוס בע""",IL,מרכ.מקסימה ס.מרוכז קול1ל,ליטרים,1.00,ליטר,false,,17.90,17.9000,true,1,1320034
7290012117541,false,מרכך כביסה מקסימה קומפקט צהוב 1 ל' סנו,סנו מקסימה,IL,מרכך כביסה מקסימה סו,ליטרים,1.00,ליטר,false,,17.90,17.9000,true,1,1320035
7290012117565,false,כפפות סנו סושי לטקס S אריזת 100יח',סנו סושי,IL,100יח S כפפות לטקס מידה,יח',100.00,יח',false,,32.90,0.3290,true,1,1320037
7290012117572,false,כפפות לטקס 100 יח' - M סנו סושי,סנו סושי,TH,M כפפות לטקס 100 יח מידה,יח',100.00,יח',false,,32.90,0.3290,true,1,1320038
7290012117589,false,כפפות סנו סושי לטקס L אריזת 100יח',סנו סושי,TH,לטקס 100יח Lכפפות מידה,יח',100.00,יח',false,,32.90,0.3290,true,1,1320039
7290012117626,false,שטיפת פה דנטלית לילדים בטעם ענבים בוב ספוג,אורביטול Orbitol,IL,אורביטול קיד מי פה 250מל,מיליליטרים,250.00,"100 מ""ל",false,,14.90,0.0596,true,1,1320042
7290012117763,false,אורביטול מברשת שיניים בוב ספוג מנצנצת,,,מברשת שיניים לילדים,יחידה,0.00,יחידה,false,,9.90,0.0000,true,1,1747292
7290012117916,false,סנו אינסטלאטור פותח סתימות נוזלי 1 ל',"סנו מפעלי ברונוס בע""",IL,'סנו אינסטלטור נוזלי 1 ל,ליטרים,1.00,ליטר,false,,29.90,29.9000,true,1,1320057
7290012159275,false,מיונז אמיתי לינה 430,לינה,,מיונז אמיתי לינה 430,גרמים,430.00,100 גרם,false,,7.90,0.0184,true,1,1334928
7290012159329,false,מיונז אמיתי לינה 860,KKF,,מיונז אמיתי לינה 860,גרמים,860.00,100 גרם,false,,14.90,0.0173,true,1,1334929
7290012159480,false,קאווה גוטה דה מרוויה,,,יין לבן חצי יבש מבעב,מיליליטרים,700.00,"100 מ""ל",false,,24.90,0.0356,true,1,1334937
7290012159497,false,יין לבן יבש מבעבע גוטה דה מרוויה Gota De Maravilla,יושלם,,יין לבן יבש מבעבע גו,מיליליטרים,700.00,"100 מ""ל",false,,24.90,0.0356,true,1,1334938
7290012191374,false,מדליק פחמים מנורה,,CN,מדליק פחמים מנורה,יחידה,0.00,יחידה,false,,5.90,0.0000,true,1,2389490
7290012191985,false,גפרור קטן מנורה,,,גפרור קטן מנורה,יחידה,0.00,יחידה,false,,2.40,0.0000,true,1,2389491
7290012191992,true,חבילת גפרורים ארוכים,,,חבילת גפרורים ארוכים,יח',45.00,יח',false,,4.90,0.1089,true,1,1344210
7290012192098,false,רולאון לאבילין 72 אדום 60 מל,חלאבין Halvin,,רול און דאודורנט,מיליליטרים,50.00,"100 מ""ל",false,,24.90,0.4980,true,1,1327765
7290012192104,false,רולאון לאבילין 72 כחול 60 מל,חלאבין Halvin,,רול און דאודורנט,מיליליטרים,50.00,"100 מ""ל",false,,24.90,0.4980,true,1,1327766
7290012192975,false,קרם לחות,,,קרם לחות,מיליליטרים,200.00,"100 מ""ל",false,,27.90,0.1395,true,1,1327769
7290012193125,false,ממתיק על בסיס סוכרלוז - טבליות,מיוצר עי קונדיטוריית,CN,מר' סוכרלוז 150טבליות,גרמים,10.80,100 גרם,false,,24.90,2.3056,true,1,1353431
7290012208027,false,ממרח חזרת 180גרם מוט,"איטיליאן פוד, אס.פי.",IL,ממרח חזרת 180גרם מוט,גרמים,180.00,100 גרם,false,,19.90,0.1106,true,1,1414501
7290012212048,false,מלפפון במלח פרוסות,,,מלפפון במלח פרוסות,גרמים,560.00,100 גרם,false,,6.90,0.0123,true,1,2420776
7290012212055,false,קוקטייל זיתים ישראלי,מוטולה,,קוקטייל זיתים,גרמים,560.00,100 גרם,false,,11.90,0.0213,true,1,1592501
7290012226021,false,סלמי מעושן פראג יבש 400 ג' זוגלובק,נקניק נהריה כשר זוגל,IL,נקניק סלמי מעושן פרא,גרמים,400.00,100 גרם,false,,17.90,0.0447,true,1,1322707
7290012226120,false,קבנוס זוגלובק 135גר,נקניק נהריה כשר זוגל,IL,קבנוס 135 גרם,גרמים,135.00,100 גרם,false,,9.90,0.0733,true,1,1322708
7290012226342,false,נקניקיה טבעונית למחבת או לתנור עשירה בחלבון,זוגלו'ס Zoglos,,נקניקיה מן הצומח עשי,גרמים,460.00,100 גרם,false,,24.90,0.0541,true,1,1891592
7290012226922,false,קבנוס בטעם שום 135 ג' זוגלובק,נקניק נהריה כשר זוגל,IL,קבנוס בטעם שום 135 ג,גרמים,135.00,100 גרם,false,,9.90,0.0733,true,1,1322710
7290012226939,false,קבנוס עם צ'ילי חריף 135ג' זוגלובק,נקניק נהריה כשר זוגל,IL,קבנוס בטעם צ'ילי חרי,גרמים,135.00,100 גרם,false,,9.90,0.0733,true,1,1322711
7290012226991,false,"נקניקיות עוף באריזת ג''מבו 1.5 ק""ג זוגלובק",נקניק נהריה כשר זוגל,IL,נקניקיות ג'מבו 1.5 ק,קילוגרמים,1.50,"ק""ג",false,,34.90,23.2667,true,1,1322714
7290012227172,false,חרמן הודו בדבש וברביקיו זוג במארז 600 ג' זוגלובק,נקניק נהריה כשר זוגל,IL,זוג נקניקים כפרית +ח,גרמים,600.00,100 גרם,false,,29.90,0.0498,true,1,1322717
7290012227325,false,סלמי דק דק מעושן איטלקי 120 ג' זוגלובק,זוגלובק,IL,סלמי מעושן דק דק 120,גרמים,120.00,100 גרם,false,,11.90,0.0992,true,1,1868952
7290012227912,false,קבנוס עודן 135 ג' זוגלובק,זוגלובק,,קבנוס מעודן 135 גרם,גרמים,135.00,100 גרם,false,,9.90,0.0733,true,1,1648817
7290012227974,false,פסטרמה הודו בדבש טהור דק דק דק,זוגלובק,IL,פסטרמה בדבש 120,גרמים,120.00,100 גרם,false,,11.90,0.0992,true,1,1868960
7290012227981,false,פסטרמה דק דק ברביקיו 120 ג' זוגלובק,זוגלובק,IL,פסטרמה ברביקיו 120 ג,גרמים,120.00,100 גרם,false,,11.90,0.0992,true,1,1869008
7290012227998,false,פסטרמה דק דק חזה בקר 120 ג' זוגלובק,זוגלובק,IL,חזה בקר פרוס דק 120,גרמים,120.00,100 גרם,false,,11.90,0.0992,true,1,1869009
7290012228728,false,קבנוס סטיקס בסגנון מקסיקני חריף סדרת ריינהולד'ס,זוגלובק,IL,חטיף קבנוסטיקס-בטעם,גרמים,50.00,100 גרם,false,,9.90,0.1980,true,1,2374996
7290012228766,false,קבנוס מחפוד זוגלובק,זוגלובק,IL,קבנוס מחפוד 120 גרם,גרמים,120.00,100 גרם,false,,9.90,0.0825,true,1,2416954
7290012309311,false,ערמונים קלופים וקלויים,"דין שיווק וקליה בע""מ",CN,ערמונים 100 גרם,גרמים,100.00,100 גרם,false,,6.90,0.0690,true,1,1327592
7290012309939,false,חלבה מסולסלת דין שיווק 500 ג',אף.סי תבליני בגליל ב,IL,חלבה מסולסלת 500 גרם,גרמים,500.00,100 גרם,false,,14.90,0.0298,true,1,1327597
7290012313141,false,מלפפון פרוס במלח A2 ק.יבנה 540ג',אף.סי תבליני בגליל ב,IL,מלפפון פרוסות במלח,גרמים,560.00,100 גרם,false,,6.50,0.0116,true,1,1359288
7290012335020,false,סוכריות סודה שעון מארז משפחתי 375 גר',גואנגדונג צאואן פוד,CN,סוכריות שעון 30 יחיד,יחידה,0.00,יחידה,false,,19.90,0.0000,true,1,1333422
7290012352010,false,קרם לחות מזינה עם שמן ארגן מרוקאי לשיער יבש מאוד ופגום,נטורל פורמולה Natural Formula,IL,קרם לחות לשיער +שמן,מיליליטרים,400.00,"100 מ""ל",false,,19.90,0.0497,true,1,1344953
7290012367700,false,קרם גוף אינטנסיב רליף Intensive relief לעור יבש ומגורה,"ד""ר פישר Dr fischer",IL,אפקטיב קר קרם גוף שיבולת,מיליליטרים,700.00,"100 מ""ל",false,,24.90,0.0356,true,1,1351956
7290012367717,false,קרם ידיים וציפורניים Intensive relief לעור יבש ומגורה,פישר מעבדות פרמצבטיו,IL,אפקטיב קר קרם ידיים שיבול,מיליליטרים,150.00,"100 מ""ל",false,,15.90,0.1060,true,1,1351957
7290012404177,false,"שוופס Fruits תפוח זכוכית 330 מ""ל",יפאורה תבורי בעמ,IL,"שוופס תפוח 330 מ""ל",מיליליטרים,330.00,"100 מ""ל",false,,5.90,0.0179,true,1,1324409
7290012404955,false,ספרינג קולקשן נקטר חמוציות 1.25 ל',"יפאורה תבורי בע""מ",IL,ספרינג נקטר חמוציות,ליטרים,1.25,ליטר,false,,11.90,9.5200,true,1,1324417
7290012404993,false,ספרינג נקטר חמוציות דיאט קולקשיין 1.25ל,"יפאורה תבורי בע""מ",IL,ספרינג נקטר דיאט חמו,ליטרים,1.25,ליטר,false,,11.90,9.5200,true,1,1324419
7290012413636,false,תה ויסוצקי ירוק צ'אי מסאלה 25 יח',ויסוצקי ירוק,IL,תה ירוק צ'אי מסאלה,גרמים,37.50,100 גרם,false,,22.90,0.6107,true,1,1339414
7290012413643,false,תה ויסוצקי ירוק קמומיל 25 יח',ויסוצקי ירוק,IL,תה ירוק קמומיל,גרמים,37.50,100 גרם,false,,22.90,0.6107,true,1,1339415
7290012454172,false,סוכריות ללא סוכר בטעם יוגורט- תות שדה,מיה תעשיות מזון,IL,סוכריות יוגורט תות ללא סו,גרמים,80.00,100 גרם,false,,6.90,0.0863,true,1,1334187
7290012454189,false,סוכריות ללא סוכר בטעם יוגורט- אפרסק,מיה תעשיות מזון,IL,סוכריות יוגורט אפרסק ללא,גרמים,80.00,100 גרם,false,,6.90,0.0863,true,1,1334188
7290012454196,false,סוכריות קפוצ'ינו ללא סוכר 80גרם,מיה תעשיות מזון,IL,סוכריות קפוצ'ינו ללא סוכר,גרמים,80.00,100 גרם,false,,6.90,0.0863,true,1,1334189
7290012454202,false,סוכריות ריבת חלב ללא סוכר 80גרם,מיה תעשיות מזון,IL,סוכריות ריבת חלב ללא סוכר,גרמים,80.00,100 גרם,false,,6.90,0.0863,true,1,1334190
7290012454592,false,סוכריות ללא סוכר בטעם דבש לימון,מיה תעשיות מזון,IL,סוכריות דבש לימון ללא סוכ,גרמים,80.00,100 גרם,false,,6.90,0.0863,true,1,1334197
7290012454608,false,תן צ'אפ חטיף גלגלים 50 גר',מיה תעשיות מזון,IL,תן צ'אפ גלגלים 50גרם,גרמים,50.00,100 גרם,false,,3.90,0.0780,true,1,1334198
7290012470202,false,דוקרני קישוט דקטרטיב,מיה טריידינג,CN,דוקרני קישוט,יחידה,0.00,יחידה,false,,4.90,0.0000,true,1,1308651
7290012470264,false,דוקרן גבינות דגים,מיה טריידינג,CN,דוקרני גבינות ופירות,יחידה,1.00,יחידה,false,,9.90,9.9000,true,1,1308652
7290012483608,false,"אורז בסמטי מובחר 5 ק""ג",הנסיך- מפעל לייצור ט,IN,אורז בסמטי מובחר 5ק'ג DAA,קילוגרמים,5.00,"ק""ג",false,,52.90,10.5800,true,1,1786602
7290012493218,false,צלי כתף בשר מס' 5,,,צלי כתף בשר מס' 5,קילוגרמים,1.00,"ק""ג",true,,69.90,69.9000,true,1,1341766
7290012522581,false,טבעול שניצל תירס ללא גלוטן טבעול 664 גרם,עיצובים 2020 (4.8),IL,טבעול שניצל תירס ללא גלוט,גרמים,664.00,100 גרם,false,,29.90,0.0450,true,1,1305760
7290012561313,false,בצל קצוץ מטוגן דורות,עיצובים 2020 (3.8),IL,דורות בצל מטוגן 400,גרמים,400.00,100 גרם,false,,19.90,0.0497,true,1,2384427
7290012561337,false,כורכום טרי כתוש 70 ג' דורות,גוד פוד פרודקטס S.p,IL,כורכום טרי כתוש,גרמים,70.00,100 גרם,false,,9.90,0.1414,true,1,2304738
7290012561405,false,בצל חצי מטוגן דורות 180 גרם,עיצובים 2020 (3.8),IL,בצל קצוץ ומטוגן 180 גרם,גרמים,180.00,100 גרם,false,,9.90,0.0550,true,1,1305771
7290012576591,false,יין רזרב גוורצטרמינר,יקבי ברקן שיווק והפצ,IL,יין רזרב גוורצטרמינר,מיליליטרים,750.00,"100 מ""ל",false,,59.90,0.0799,true,1,1872061
7290012576614,false,יין Premieur לבן חצי יבש אמרלד ריזלינג קולומברד,יקבי ברקן שיווק והפצ,IL,יין פרימייר לבן 750,מיליליטרים,750.00,"100 מ""ל",false,,26.90,0.0359,true,1,1324037
7290012642678,false,אננס בכוסות פלסטיק 4*113 ג' תומר,תומר,,לפתן אננס בכוסות פלס,גרמים,452.00,100 גרם,false,,10.90,0.0241,true,1,1339754
7290012642685,false,אפרסק פירות בכוסות פלסטיק 4*113ג' תומר,תומר,,לפתן אפרסק פירות בכו,גרמים,452.00,100 גרם,false,,10.90,0.0241,true,1,1339755
7290012642807,false,פלפלים ירוקים חריפים כבושים שלמים,תומר,,פלפלים ירוקים חריפים,גרמים,530.00,100 גרם,false,,9.90,0.0187,true,1,1339757
7290012642814,false,פלפלים חריפים מעורבים כבושים שלמים,תומר,,פלפל מעורב בחומץ חרי,גרמים,530.00,100 גרם,false,,9.90,0.0187,true,1,1339758
7290012642838,false,רצועות פלפלים אדומים מוחמצים,תומר,,פלפל רצועות אדום בחו,גרמים,520.00,100 גרם,false,,9.90,0.0190,true,1,1339759
7290012642845,false,פלפלים אדומים שלמים מוחמצים,תומר,,פלפל אדום בחומץ,גרמים,520.00,100 גרם,false,,9.90,0.0190,true,1,1339760
7290012642852,false,פלפל אדום קלוי על הא,,,פלפל אדום על האש,גרמים,540.00,100 גרם,false,,9.90,0.0183,true,1,1339761
7290012642869,false,פלפלים קטנים חריפים כבושים שלמים,תומר,,פלפלונים אדום בחומץ,גרמים,530.00,100 גרם,false,,9.90,0.0187,true,1,1339762
7290012642876,false,פלפלים קטנים חריפים כבושים שלמים,יושלם,,פלפלונים מעורב בחומץ,מיליליטרים,530.00,"100 מ""ל",false,,9.90,0.0187,true,1,1339763
7290012642906,false,פלפלים ירוקים מוחמצים שלמים בחריפות עדינה,תומר,,פלפלונים ירוק בחומץ,גרמים,450.00,100 גרם,false,,9.90,0.0220,true,1,1339765
7290012645051,false,יוגורט עיזים בגביע 350 ג',חלב הארץ,IL,יוגורט עיזים 350 גרם,גרמים,350.00,100 גרם,false,,9.90,0.0283,true,1,2400853
7290012645075,false,יוגורט כבשים יווני בגביע 350 ג',חלב הארץ,IL,יוגורט כבשים יווני ב,גרמים,350.00,100 גרם,false,,9.90,0.0283,true,1,2458037
7290012645112,false,"יוגורט עיזים בדלי חלב הארץ 750מ""ל",מחלבות סוסיא,IL,יוגורט עיזים 750 גרם,גרמים,750.00,100 גרם,false,,19.90,0.0265,true,1,1820667
7290012645129,false,"יוגורט כבשים בדלי חלב הארץ 750מ""ל",מחלבות סוסיא,IL,יוגורט כבשים 750 גרם,גרמים,750.00,100 גרם,false,,19.90,0.0265,true,1,1820668
7290012645174,false,לאבנה עיזים 5% 200 גר',חלב הארץ,IL,גבינת עיזים 5% 200 ג,גרמים,200.00,100 גרם,false,,13.90,0.0695,true,1,2520498
7290012645280,false,"יוגורט כבשים טבעי 2.8% בגביע חלב הארץ 150מ""ל",מחלבות סוסיא,IL,יוגורט בסגנון יווני,גרמים,150.00,100 גרם,false,,5.90,0.0393,true,1,1820671
7290012645297,false,סוסיא יוגורט עיזים ביו 2.8% ט.טבעי 150מל,מחלבות סוסיא,IL,יוגורט עיזים 150 גרם,גרמים,150.00,100 גרם,false,,5.90,0.0393,true,1,1820672
7290012645389,false,יוגורט עיזים טבעי חלב הארץ 1 ל',מחלבות סוסיא,IL,יוגורט עיזים טבעי 1,ליטרים,1.00,ליטר,false,,19.90,19.9000,true,1,1820675
7290012697241,false,סוכרזית מהטבע סטיוויה נוזלי 220מל,אף.סי תבליני בגליל ב,IL,סוכרזית מצמח הסטיוויה נוז,מיליליטרים,220.00,"100 מ""ל",false,,26.90,0.1223,true,1,1342674
7290012803055,false,ממתיק על בסיס סוכרלוז - שקיות,תות ממתקי איכות,IL,מר' סוכרלוז 100שקיות,יח',100.00,יח',false,,24.90,0.2490,true,1,1353441
7290012803215,false,וופל בלגי בטעם שוקולד ללא תוספת סוכר,בטר אנד דיפרנט,IL,טוסו ופל בלגי בטעם שוקולד,גרמים,200.00,100 גרם,false,,9.90,0.0495,true,1,1353445
7290012803222,false,וופל בלגי בטעם לימון ללא תוספת סוכר,בטר אנד דיפרנט,IL,טוסו ופל בלגי בטעם לימון,גרמים,200.00,100 גרם,false,,9.90,0.0495,true,1,1353446
7290012803314,false,ממתיק על בסיס סוכרלוז - טבליות,מיוצר עי קונדיטוריית,IL,מר' סוכרלוז 300טבליות,יח',300.00,יח',false,,39.90,0.1330,true,1,1353447
7290012803321,false,מרמולייט סוכרלוז 200 שקיות אישיות,מרמולייט,IL,מר' סוכרלוז 200שקיות,יח',200.00,יח',false,,39.90,0.1995,true,1,1353448
7290012803352,false,"רייד ארוסול קוטל מעופפים 300מ""ל",אס.סי.ג'ונסון מידרכט,NL,RAIDקוטל זבובים ויתושים 3,מיליליטרים,300.00,"100 מ""ל",false,,15.90,0.0530,true,1,1353449
7290012803451,false,שוקולד מריר מעולה 62% ללא תוספת סוכר,טוסו tusso,TR,טוסו שוקולד מריר מעולה 10,גרמים,100.00,100 גרם,false,,7.90,0.0790,true,1,1353451
7290012803765,false,שוקולד מריר ללא תוספת סוכר,אלטינמארקה גידה סאן,TR,טוסו שוקולד מריר 100גרם,גרמים,100.00,100 גרם,false,,7.90,0.0790,true,1,1353461
7290012803772,false,שוקולד חלב ללא תוספת סוכר,אלטינמארקה גידה סאן,TR,טוסו שוקולד חלב 100גרם,גרמים,100.00,100 גרם,false,,7.90,0.0790,true,1,1353462
7290012803789,false,שוקולד מריר עם אגוזים ללא תוספת סוכר,האי נאם סי או אל.טי.,TR,טוסו שוקולד מריר עם אגוזי,גרמים,100.00,100 גרם,false,,7.90,0.0790,true,1,1353463
7290012803796,false,שוקולד חלב עם אגוזים ללא תוספת סוכר,אלטינמארקה גידה סאן,TR,טוסו שוקולד חלב עם אגוזים,גרמים,100.00,100 גרם,false,,7.90,0.0790,true,1,1353464
7290012823251,false,אל סבון כיף יסמין לבנדר 1 ליטר,קוסמופארם,IL,אל סבון כיף יסמין 1 ליטר,ליטרים,1.00,ליטר,false,,10.90,10.9000,true,1,1320068
7290012823343,false,משחת שיניים אורביטול קידס 70גר' Shimer & Shine,טרופיקל דגיל,IL,משחת שיניים אורביטול,גרמים,70.00,100 גרם,false,,8.90,0.1271,true,1,2404893
7290012823374,false,מטליות לניקוי כללי אנטי קאלק,מיוצר עי קונדיטוריית,IL,'אנטי קאלק מטליות 50 יח,יח',50.00,יח',false,,10.90,0.2180,true,1,1320071
7290012823381,false,מרכך כביסה מקסימה סנסיטיב מרוכז ורוד 1 ל' סנו,"סנו מפעלי ברונוס בע""",IL,מקסימה ס.מרוכז סנסטיב 1ל,ליטרים,1.00,ליטר,false,,17.90,17.9000,true,1,1320072
7290012823398,false,מטליות חד פעמיות לניקוי הרצפה בניחוח מרכך כביסה 10יח' סנו,סנו מפעלי ברונו בעמ,IL,ריצפז פרש מטליות ענק,יח',10.00,יח',false,,14.90,1.4900,true,1,1679666
7290012823541,false,מטליות ריצפז פרש בריח לבנדר 10 יח' סנו,"סנו מפעלי ברונוס בע""",IL,10 מטל.לחות לריצפה ריצפז,יח',10.00,יח',false,,14.90,1.4900,true,1,1320077
7290012823558,false,מטליות ענק לחות לרצפה 10 יח' סנו סושי,סנו מפעלי ברונוס בעמ,IL,10מטליות לחות לרצפה סושי,יח',10.00,יח',false,,12.90,1.2900,true,1,1320078
7290012823565,false,פוליויקס פרקט מטליות ענק לחות 10יח,דינאמיק תעשיות,IL,10 מטליות לחות פוליויקס,יח',10.00,יח',false,,19.90,1.9900,true,1,1320079
7290012823589,false,ריצפז פרש בניחוח לימון מרענן,סנו פרש Fresh,IL,סנו ריצפז פרש לימון 2 לי,ליטרים,2.00,ליטר,false,,19.90,9.9500,true,1,1320081
7290012823602,false,נייר טואלט סופט סילק לבן - מארז 32 גלילים,טרופיקל דגיל תעשיות,IL,נייר טואלט סופט לבן 32גל,מטרים,589.00,מטר,false,,35.90,0.0610,true,1,1320082
7290012823657,false,מסיר כתמים רסס וכבס מילוי,סנו קל,IL,"שק.מילוי רסס כבס 750 מ""ל",מיליליטרים,750.00,"100 מ""ל",false,,12.90,0.0172,true,1,1320085
7290012823787,false,"סנו רסס ונגב שקית מילוי 750 מ""ל",סנו,IL,סנו רסס ונגב מילוי 750מל,מיליליטרים,750.00,"100 מ""ל",false,,9.90,0.0132,true,1,1320095
7290012823794,false,כיף אלסבון 2ליטר יסמין לבנדר,קוסמופארם,IL,אל סבון כיף יסמין 2 ליטר,ליטרים,2.00,ליטר,false,,22.90,11.4500,true,1,1320096
7290012823886,false,כיף סבון מוצק אוקינוס 100 ג' * 4 יח',קוסמופארם,IL,סבון כיף אוקיינוס4*100 ג,יח',4.00,יח',false,,10.90,2.7250,true,1,1320103
7290012823916,false,סנו מקסימה ג'ל כביסה קריסטל 5 ל',סנו מקסימה,IL,מקסימה ג'ל כביסה 5ל,ליטרים,5.00,ליטר,false,,44.90,8.9800,true,1,1320104
7290012823923,false,מרכך כביסה סופר מרוכז פרפיום גולדן סנרייז,סנו מפעלי ברונוס בעמ,IL,מ.מקסימה פרפיום גולדן750,מיליליטרים,750.00,"100 מ""ל",false,,17.90,0.0239,true,1,1320105
7290012823947,false,"סנו - מרכך כביסה מרוכז פרפיום קריסטל נואר 750 מ""ל",מיוצר עי קונדיטוריית,IL,מ.מקסימה פרפיום קריסט750,מיליליטרים,750.00,"100 מ""ל",false,,17.90,0.0239,true,1,1320107
7290012838026,false,עוגיות מלוחות עדי 35,,,עוגיות מלוחות,גרמים,350.00,100 גרם,false,,15.90,0.0454,true,1,1364098
7290012850035,false,מחית ביליבד תפוח ואפרסק 190ג',NOVOFRUCHT SK S.R.O,SK,BELOVED מחית תפוח ואפרסק,גרמים,190.00,100 גרם,false,,5.90,0.0311,true,1,1306578
7290012850073,false,בי לאב מחית סלט פירות 190 גר,בילובד Beloved,SK,BELOVED מחית סלט פירות 19,גרמים,190.00,100 גרם,false,,5.90,0.0311,true,1,1306582
7290012871054,false,חיטה תפוחה מתוקה שלווה,מפעלי דגן,,חטיף שלווה מתוקה 220,גרמים,200.00,100 גרם,false,,5.90,0.0295,true,1,1410740
7290012871061,false,דגן תירס פופ מתוק 15,מפעלי דגן,IL,חטיף תירס תפוח 150ג.,גרמים,150.00,100 גרם,false,,5.90,0.0393,true,1,1410741
7290012878817,false,"שוורץ - קרם חמצן 6% 60 מ""ל",שוורץ Schwartz,IL,"תח' חמ % 6 60 סמ""ק שוו","100 סמ""ק",60.00,"100 סמ""ק",false,,3.00,0.0500,true,1,1328098
7290012878831,false,תחליב חמצן 9%,שוורץ Schwartz,IL,"תח' חמ'9% 60 סמ""ק שוור","100 סמ""ק",60.00,"100 סמ""ק",false,,3.00,0.0500,true,1,1328099
7290012884986,false,תפוגן ציפס לתנור עד 4% שומן 1.5 קג,"תעשיות תפוגן בע""מ",IL,תפוגן צ'יפס לתנור 4% שומן,קילוגרמים,1.50,"ק""ג",false,,24.90,16.6000,true,1,1305775
7290012888359,false,סיר מיקרו 1 ליטר פסי,,,סיר מיקרו 1 ליטר פסי,יחידה,0.00,יחידה,false,,12.90,0.0000,true,1,2490541
7290012888380,false,סיר מיקרו 1.5 ליטר פ,,,סיר מיקרו 1.5 ליטר פ,יחידה,0.00,יחידה,false,,14.90,0.0000,true,1,2490544
7290012901355,false,דודלס ארוחת אטריות עם גבינה 206 גרם,האי נאם סי או אל.טי.,US,דודלס ארוחת אטריות ע,גרמים,206.00,100 גרם,false,,9.90,0.0481,true,1,2459924
7290012901959,false,ארוחת אטריות עם גבינה מסולסלים 156 גרם,,US,דודלס ארוחת אטריות ע,גרמים,156.00,100 גרם,false,,9.90,0.0635,true,1,2459925
7290012911071,false,ערכת לסושי,,,ערכה לסושי,יחידה,0.00,יחידה,false,,54.90,0.0000,true,1,1343494
7290012911088,false,"רוטב סויה בהירה 500 מ""ל",healthy food product,TH,רוטב סויה בהירה 500 מל' -,מיליליטרים,500.00,"100 מ""ל",false,,11.90,0.0238,true,1,1343495
7290012911095,false,"רוטב סויה כהה 500 מ""ל",הלסי פוד,,"רוטב סויה כהה 500 מ""",מיליליטרים,500.00,"100 מ""ל",false,,10.90,0.0218,true,1,1343496
7290012911156,false,"רוטב טריאקי שומשום 300 מ""ל",קיי.אר.אס.ספייסי פוד,TH,"רוטב טריאקי שומשום 300 מ""",מיליליטרים,300.00,"100 מ""ל",false,,13.90,0.0463,true,1,1343497
7290012911170,false,מיסו כהה-מחית פולי סויה,טעמי אסיה Taste of Asia,,"מיסו כהה 500 ג""ר -כש",גרמים,500.00,100 גרם,false,,10.90,0.0218,true,1,1343498
7290012911187,false,מיסו בהיר-מחית פולי סויה,טעמי אסיה Taste of Asia,,"מיסו בהיר 500 ג""ר -כ",גרמים,500.00,100 גרם,false,,10.90,0.0218,true,1,1343499
7290012911224,false,יין אורז סאקה,ningbo yimin,CN,"סאקה 750 מ""ל -כשר",מיליליטרים,750.00,"100 מ""ל",false,,21.90,0.0292,true,1,1343500
7290012911248,false,שיכר שזיפים 750 מל,ningbo yimin,CN,"שיכר שזיפים 750 מ""ל -כשר",מיליליטרים,750.00,"100 מ""ל",false,,20.90,0.0279,true,1,1343501
7290012911262,false,"מירין משובח 500 מ""ל",פוקולוקו,CN,"מירין משובח 500 מ""ל - כשר",מיליליטרים,500.00,"100 מ""ל",false,,16.90,0.0338,true,1,1343502
7290012911293,false,דפי אורז ללא גלוטן 300 ג',טעמי אסיה Taste of Asia,VN,"דפי אורז 22 ס""מ (כשר) 300",גרמים,300.00,100 גרם,false,,12.90,0.0430,true,1,1343503
7290012911415,false,ממרח קארי ירוק 400ג',קיי אר אס ספייסי פוד,TH,ממרח קארי ירוק 400 גרם- כ,גרמים,400.00,100 גרם,false,,16.90,0.0422,true,1,1343508
7290012911422,false,ממרח קארי אדום 400ג',טעמי אסיה Taste of Asia,TH,ממרח קארי אדום 400 גרם -כ,גרמים,400.00,100 גרם,false,,16.90,0.0422,true,1,1343509
7290012911439,false,ממרח קארי צהוב 400ג',טעמי אסיה Taste of Asia,TH,ממרח קארי צהוב 400 גרם -כ,גרמים,400.00,100 גרם,false,,16.90,0.0422,true,1,1343510
7290012911477,false,קרם קוקוס גולד 400 ג,אסיאטיק אגרו אינדסטר,TH,"קרם קוקוס מבצע 400 מ""ל",גרמים,400.00,100 גרם,false,,8.90,0.0223,true,1,1343511
7290012911583,false,רצועות דלעת כבושה-קנפיו,טעמי אסיה Taste of Asia,CN,רצועות דלעת כבושה - קנפיו,גרמים,100.00,100 גרם,false,,10.90,0.1090,true,1,1343513
7290012911644,false,רוטב סריראצ'ה- רוטב צ'ילי חריף,טעמי אסיה Taste of Asia,,רוטב סריראג'ה צילי ח,מיליליטרים,435.00,"100 מ""ל",false,,19.90,0.0457,true,1,1343515
7290012911651,false,"מקלוני אורז 10 מ""מ Rice stick",טעמי אסיה Taste of Asia,TH,"אטריות אורז 10 מ""מ 400 ג""",גרמים,400.00,100 גרם,false,,8.90,0.0223,true,1,1343516
7290012911675,false,פטריות שיטאקה מיובשות,טעמי אסיה Taste of Asia,IL,"פטריות שטאקה 85 ג""ר - כשר",גרמים,85.00,100 גרם,false,,13.90,0.1635,true,1,1343517
7290012911729,false,ג'ינג'ר ורוד לסושי 250ג',טעמי אסיה Taste of Asia,CN,ג'ינג'ר לסושי ( ורוד ) כש,גרמים,250.00,100 גרם,false,,7.90,0.0316,true,1,1343518
7290012911804,false,"שמן שומשום כשר 150 מ""ל",גואנגדונג גוד טייסט,SG,"שמן שומשום 150 מ""ל - כשר",מיליליטרים,150.00,"100 מ""ל",false,,11.90,0.0793,true,1,1343520
7290012911866,false,דפי אורז מרובעים ללא,טעמי אסיה Taste of Asia,VN,"דפי אורז מרובעים- 22 ס""מ,",גרמים,300.00,100 גרם,false,,12.90,0.0430,true,1,1343522
7290012911934,false,שבבי אורז 227 גרם כש,טעמי אסיה Taste of Asia,TH,שבבי אורז 227ג' -כשר,גרמים,227.00,100 גרם,false,,5.90,0.0260,true,1,1343523
7290012911941,false,רוטב צ'ילי מתוק ללא תוספת סוכר,טעמי אסיה Taste of Asia,TH,"רוטב צ'ילי מתוק 700 מ""ל",גרמים,700.00,100 גרם,false,,13.90,0.0199,true,1,1343524
7290012911965,false,ג'ינג'ר לסושי ללא צבע כשר 250ג',טעמי אסיה Taste of Asia,CN,"ג'ינג'ר לסושי , ללא צבע -",גרמים,250.00,100 גרם,false,,7.90,0.0316,true,1,1343525
7290012921025,false,מלכה בוטיק בירה בהיר,בירה מלכה בעמ,IL,בירה מלכה בהירה.,מיליליטרים,330.00,"100 מ""ל",false,,12.90,0.0391,true,1,1333873
7290012921032,false,מלכה בוטיק בירה אדמו,בירה מלכה בעמ,IL,בירה מלכה אדמונית.,מיליליטרים,330.00,"100 מ""ל",false,,12.90,0.0391,true,1,1333874
7290012921056,false,מלכה בוטיק בירה חיטה,מבשלת בירה ישראלית,IL,בירה מלכה חיטה.,מיליליטרים,330.00,"100 מ""ל",false,,12.90,0.0391,true,1,1333876
7290012921063,false,בירה מלכה הינדי בבקבוק,בירה מלכה בעמ,IL,בירה מלכה הינדי.,מיליליטרים,330.00,"100 מ""ל",false,,12.90,0.0391,true,1,1333877
7290012921070,false,בירה מלכה אדמונית 75,מלכה,IL,בירה מלכה אדמונית,מיליליטרים,750.00,"100 מ""ל",false,,29.90,0.0399,true,1,2422780
7290012929779,false,פסטה ספירלה מקמח מלא טעמן 500 ג',מוטלו,TR,פסטה ספירלה מקמח מלא,גרמים,500.00,100 גרם,false,,4.90,0.0098,true,1,1333440
7290012929786,false,טעמן פסטה צינורות חיטה מלאה 500גר,מוטלו,TR,פסטה צינורות מקמח מל,גרמים,500.00,100 גרם,false,,4.90,0.0098,true,1,1333441
7290012929793,false,פסטה ספגטי מקמח מלא טעמן 500 גר',מוטלו,TR,ספגטי מקמח מלא 500 ג,גרמים,500.00,100 גרם,false,,4.90,0.0098,true,1,1333442
7290012931055,false,מגב חלון פלסטיק 24 ס,,,מגב חלון פלסטיק 24 ס,יחידה,0.00,יחידה,false,,7.90,0.0000,true,1,2409051
7290012931734,false,"שייני מבשם נוזלי לבנדר 400 מ""ל",מ.א ייצור ושיווק מטל,,מבשם נוזלי לבנדר 1/24,מיליליטרים,400.00,"100 מ""ל",false,,9.90,0.0248,true,1,1326842
7290012938580,false,"סנסודיין משחת שיניים להלבנה עדינה 75 מ""ל",גלקסוסמית'קליין קונס,GB,סנסודיין הלבנה עדינה 75 מ,מיליליטרים,75.00,"100 מ""ל",false,,19.90,0.2653,true,1,1346600
7290012938597,false,"סנסודיין משחת שיניים רפיד רליף 75 מ""ל","סמיתקליין ביצ'ם בע""מ",SK,סנסודיין רפיד רליף 75 מ'',מיליליטרים,75.00,"100 מ""ל",false,,23.90,0.3187,true,1,1346601
7290012938740,false,"משחת שיניים פרש מינט מנטה 75מ""ל סנסודיין",גלקסו סמית קליין,GB,"סנסודיין פרש מינט 75 מ""ל",מיליליטרים,75.00,"100 מ""ל",false,,19.90,0.2653,true,1,1346604
7290012938924,false,מי פה הגנה משולשת מנטה מרענן,מולינו ניקולי s.p.a,GB,"א.פרש מיי פה 500 מ""ל",מיליליטרים,500.00,"100 מ""ל",false,,19.90,0.0398,true,1,1346605
7290012962134,false,קיסמי שיניים מפלסטיק עם מברשת 100 יחידות,הוסטס Hostess,,קיסמי שיניים מפלסטיק,יח',100.00,יח',false,,8.90,0.0890,true,1,1322287
7290012962561,false,הוסטוס קיסמי שיניים 500 יח',הוסטס Hostess,,קיסמי שיניים 500יח',יח',500.00,יח',false,,3.90,0.0078,true,1,1322294
7290012962578,false,צימרוני אוזניים עץ בקופסת פלסטיק 300יח',הדקלאים אגודת שיתופי,CN,צימרוני אוזנים עץ בק,יח',300.00,יח',false,,6.90,0.0230,true,1,1322295
7290012962608,false,"צלחות פלסטיק עבות במיוחד 22 ס""מ-לבן 25 יח'",הוסטס Hostess,,צלחות פלסטיק עבות במ,יח',25.00,יח',false,,12.90,0.5160,true,1,1322297
7290012962714,false,כוס אולטרא נובי מצוי,,,כוס אולטרא נובי מצוי,יחידה,0.00,יחידה,false,,24.90,0.0000,true,1,1391252
7290012962790,false,כפית האכלה מסיליקון רך טוליפס,טוליפס Tulips,,כפית האכלה טוליפס רך,יח',1.00,יח',false,,14.90,14.9000,true,1,1391217
7290012996672,false,הפי סבון לאסלה מבושם זוג,יוליניבר,IT,סבון אסלה בושם ירוק - זוג,יחידה,1.00,יחידה,false,,9.90,9.9000,true,1,1325671
7290012996702,false,מגן + מבשם דוחה עש בניחוח לבנדר,יעקבי - הפי Hepi,IT,הפי שקיות ריחניות לבגדים,יח',2.00,יח',false,,9.90,4.9500,true,1,1325674
7290013038432,false,מים מזוככים אקווה נובה,אקווה נובה Aqua Nova,IL,מים אקווה נובה 2 ליט,ליטרים,2.00,ליטר,false,,3.20,1.6000,true,1,1324043
7290013083661,false,תרכובת מזון המשך לפעוטות שלב 1 Extra Care,מטרנה תעשיות ש.מ,IL,תרכובת מזון לתינוקות על ב,גרמים,700.00,100 גרם,false,,59.90,0.0856,true,1,1305776
7290013083678,false,תרכובת מזון המשך לפעוטות שלב 2 Extra Care,מולינו ניקולי s.p.a,IL,תרכובת מזון המשך לתינוקו,גרמים,700.00,100 גרם,false,,59.90,0.0856,true,1,1305777
7290013083685,false,תרכובת מזון המשך לפעוטות שלב 3 Extra Care,מטרנה תעשיות ש.מ,IL,תרכובת מזון המשך לפעוטות,גרמים,700.00,100 גרם,false,,59.90,0.0856,true,1,1305778
7290013117212,false,בורקס פילו גבינה מעדנות מעדנות 600 ג',מיוצר עי קונדיטוריית,IL,בורקס פילו במילוי גבינה מ,גרמים,600.00,100 גרם,false,,19.90,0.0332,true,1,1340653
7290013117229,false,בורקס פילו תפוא מעדנות 600 גרם,מיוצר עי קונדיטוריית,IL,"בורקס פילו במילוי תפו""א מ",גרמים,600.00,100 גרם,false,,19.90,0.0332,true,1,1340654
7290013117236,false,בורקס פילו פיצה מעדנות 600 ג',מיוצר עי קונדיטוריית,IL,בורקס פילו פיצה 600 גר,גרמים,600.00,100 גרם,false,,19.90,0.0332,true,1,1340655
7290013117243,false,בורקס פילו בולגרית מעדנות 600 ג',מיוצר עי קונדיטוריית,IL,בורקס פילו בולגרית 600 גר,גרמים,600.00,100 גרם,false,,19.90,0.0332,true,1,1340656
7290013117410,false,בצק פריך מרודד למאפים מתוקים 900 ג' מעדנות,מיוצר עי קונדיטוריית,IL,בצק פריך מתוק 900 גר מעדנ,גרמים,900.00,100 גרם,false,,22.90,0.0254,true,1,1340659
7290013117427,false,בצק פריך מרודד למאפים מלוחים 900 ג' מעדנות,מיוצר עי קונדיטוריית,IL,בצק פריך מלוח 900 גר מעדנ,גרמים,900.00,100 גרם,false,,22.90,0.0254,true,1,1340660
7290013117526,false,מעדנות בצק שמרים למאפים מתוקים 900 גרם,"מעדנות בע""מ",IL,בצק שמרים למאפים מתוקים 9,גרמים,900.00,100 גרם,false,,22.90,0.0254,true,1,1340664
7290013121011,false,חלת שבת ללא גלוטן 50,אביב קונדיטוריה מעול,IL,חלת שבת 500,גרמים,500.00,100 גרם,false,,21.90,0.0438,true,1,1350591
7290013121028,false,לחם לבן ללא גלוטן גר,אביב קונדיטוריה מעול,IL,לחם לבן 500,גרמים,500.00,100 גרם,false,,18.90,0.0378,true,1,1350592
7290013121035,false,לחם פשתן ללא גלוטן 5,אביב קונדיטוריה מעול,IL,לחם פשתן 500,גרמים,500.00,100 גרם,false,,19.90,0.0398,true,1,1350593
7290013121042,false,לחם איטלקי ללא גלוטן,אביב קונדיטוריה מעול,IL,לחם איטלקי 500,גרמים,500.00,100 גרם,false,,19.90,0.0398,true,1,1350594
7290013121103,false,רביעיית שליש באגט ללא גלוטן,אביב קונדיטוריה מעול,IL,שליש באגט 4 400,גרמים,400.00,100 גרם,false,,19.90,0.0497,true,1,1350596
7290013121110,false,רביעיית לחמניות בורגר ללא גלוטן,אביב קונדיטוריה מעול,IL,לחמניות בורגר 4 350,גרמים,350.00,100 גרם,false,,19.90,0.0569,true,1,1350597
7290013121127,false,לחמניות מיני ללא גלוטן,אביב קונדיטוריה מעול,IL,לחמניות מיני 420,גרמים,480.00,100 גרם,false,,19.90,0.0415,true,1,1350598
7290013121134,false,בייגל אמריקאי ללא גלוטן,אביב קונדיטוריה מעול,IL,בייגל 430,גרמים,400.00,100 גרם,false,,19.90,0.0497,true,1,1350599
7290013121158,false,רביעיית לחמניות סנדביץ ללא גלוטן,אביב קונדיטוריה מעול,IL,רביעיית לחמניות סנדביץ 46,גרמים,460.00,100 גרם,false,,19.90,0.0433,true,1,1350601
7290013121165,false,לחמניות נקניקיה ללא גלוטן,אביב קונדיטוריה מעול,IL,6 לחמניות נקניקיה,גרמים,460.00,100 גרם,false,,19.90,0.0433,true,1,1350602
7290013121684,false,כדורי שוקולד ללא גלוטן,אביב קונדיטוריה מעול,IL,כדורי שוקולד 400,גרמים,400.00,100 גרם,false,,29.90,0.0747,true,1,1350616
7290013121752,false,לחם לבן ביתי ללא גלוטן,אביב קונדיטוריה מעול,IL,לחם לבן בייתי 700 גרם,גרמים,700.00,100 גרם,false,,24.90,0.0356,true,1,1350622
7290013121769,false,רביעיית שליש באגט ללא תוספת סוכר וללא גלוטן,אביב קונדיטוריה מעול,IL,באגט שליש ללא סוכר 400 גר,גרמים,400.00,100 גרם,false,,19.90,0.0497,true,1,1350623
7290013121776,false,לחם כפרי ללא תוספת סוכר וללא גלוטן,אביב קונדיטוריה מעול,IL,לחם כפרי ללא סוכר 700 גרם,גרמים,700.00,100 גרם,false,,24.90,0.0356,true,1,1350624
7290013121868,false,זוג באגטים רוסטיק גר,,,זוג באגטים רוסטיק גר,גרמים,480.00,100 גרם,false,,19.90,0.0415,true,1,2431728
7290013145857,false,אבקת אפייה 10 יח' בצלופן,י. כהן בעמ,IL,אבקת אפיה 10 יח בצלו,גרמים,100.00,100 גרם,false,,2.20,0.0220,true,1,1391734
7290013153395,false,פריגת סחוט טרי רימונים 1ליטר,פריגת,IL,סחוט 750 רימונים,ליטרים,1.00,100 ליטר,false,,21.90,21.9000,true,1,2459364
7290013153418,false,פריגת סחוט לימונענע 1ל',,,משקה פריגת טעם לימונ,ליטרים,1.00,ליטר,false,,15.90,15.9000,true,1,2522521
7290013153579,false,משקה בטעם אפרסק מרוכז קפוא,פריגת,,מיץ אפרסק קפוא 280 ג,גרמים,280.00,100 גרם,false,,9.90,0.0354,true,1,1627619
7290013153593,false,רכז פריגת תפוזים מתק,"גת גבעת חיים,",IL,מיץ תפוזים מתקתק 100,ליטרים,1.00,ליטר,false,,11.90,11.9000,true,1,2477047
7290013156006,false,עוגיות כעכים לקפה מרוקאיות 200גר,,,עוגיות מרוקאיות,גרמים,350.00,100 גרם,false,,16.90,0.0483,true,1,1364099
7290013156822,false,עוגיות רייף גיקובס 3,,,עוגיות רייף,גרמים,350.00,100 גרם,false,,16.90,0.0483,true,1,2464967
7290013156921,false,עצבעות מתוקות ללא תו,,,עצבעות מתוקות ללא תו,גרמים,350.00,100 גרם,false,,16.90,0.0483,true,1,2464970
7290013237873,false,דאודורנט ספריי טסקיו,,,דאודורנט ספריי טסקיו,יחידה,0.00,יחידה,false,,19.90,0.0000,true,1,1327786
7290013268020,false,סנו - מקסימה מרכך כביסה מרוכז אולטרה פרש 1 ליטר,"סנו מפעלי ברונוס בע""",IL,מקסימה סופר מרוכז פרש 1ל,ליטרים,1.00,ליטר,false,,17.90,17.9000,true,1,1320110
7290013268037,false,סנו מקסימה מרכך כביסה פצ''ולי מרוכז סגול 1 ל',סנו מקסימה,IL,'מקסימה ס.מרוכז לבנדר 1ל,ליטרים,1.00,ליטר,false,,17.90,17.9000,true,1,1320111
7290013268204,false,מגבונים לניקוי וחיטוי מושב האסלה 20 יח' סנו,טרופיקל דגיל- תעשיות,IL,מגבונים לחיטוי מושב,יח',20.00,יח',false,,9.90,0.4950,true,1,1959632
7290013268242,false,תרכיז ריחני לניקוי רצפות בריח מלון מפנק ריצפז פרש,"סנו מפעלו ברונוס בע""",IL,ריצפז פרש הום תרכיז,ליטרים,2.00,ליטר,false,,22.90,11.4500,true,1,2383183
7290013268297,false,אורביטול מברשות שיניים לגילאי 0-2,,,מברשת שיניים לילדים,יחידה,0.00,יחידה,false,,9.90,0.0000,true,1,2336681
7290013268372,false,פוליויקס פרקט בתוספת שמן אורגן 2 ל',סנו פוליויקס,IL,פוליויקס פרקט בתוספת,ליטרים,2.00,ליטר,false,,19.90,9.9500,true,1,2401986
7290013268440,false,זוג מברשות שיניים בוב ספוג לילדים מגיל 4,אורביטול Orbitol,IL,צמד מברשות שיניים בו,יח',2.00,יח',false,,14.90,7.4500,true,1,1399813
7290013268570,false,דאודורנט ספריי אנטיפרספירנט אקטיב בלוק Calm,אמיליה קוסמטיקס,IL,"דאו.קרמה מן קלאם 200 מ""ל",מיליליטרים,200.00,"100 מ""ל",false,,11.90,0.0595,true,1,1320137
7290013268594,false,דאודורנט ספריי לגבר Body Power הגנה אפקטיבית,אמיליה קוסמטיקס,IL,"דאו.קרמה מן פאוור 200מ""ל",מיליליטרים,200.00,"100 מ""ל",false,,11.90,0.0595,true,1,1320139
7290013268839,false,סנו פוליויקס פרקט בריח מלון חלומי,סנו פוליויקס,IL,פוליויקס פרקט 2 ליטר,ליטרים,2.00,ליטר,false,,19.90,9.9500,true,1,2013535
7290013268884,false,ריצפז פרש בניחוח מאסק,מיוצר עי קונדיטוריית,IL,סנו ריצפז פרש מאסק 2ליטר,ליטרים,2.00,ליטר,false,,19.90,9.9500,true,1,1320160
7290013268891,false,מסיר כתמים ג'ל אוקסיג'ן ללא אקונומיקה,"סנו מפעלי ברונוס בע""",IL,אוקסיג'ן ג'ל 3ליטר,ליטרים,3.00,ליטר,false,,29.90,9.9667,true,1,1320161
7290013268907,false,ג'ל כביסה מרוכז מקסימה Bio cold water,"סנו מפעלי ברונוס בע""",IL,מקסימה ג'ל לכביסה 3ל,ליטרים,3.00,ליטר,false,,34.90,11.6333,true,1,1320162
7290013268938,false,סנובון סבון אסלה בניחוח מאסק - מארז 3 יח',סנו,IL,55 ג X 'סנובון מאסק 3 יח,יח',3.00,יח',false,,12.90,4.3000,true,1,1320164
7290013268983,false,מרכך כביסה סופר מרוכז בבישום עוצמתי סנו מקסימה 1 ל',"סנו מפעלי ברונוס בע""",IL,מרכך כביסה מרוכז מקס,ליטרים,1.00,ליטר,false,,17.90,17.9000,true,1,2461918
7290013268990,false,סנו - מקסימה מרכך כביסה מרוכז ביו 1 ליטר,"סנו מפעלי ברונוס בע""",IL,מקסימה מרכך מרוכז ביו1ל,ליטרים,1.00,ליטר,false,,17.90,17.9000,true,1,1320165
7290013269003,false,מרכך כביסה סופר מרוכז בייבי לתינוקות ולעור רגיש,"סנו מפעלי ברונוס בע""",IL,מקסימה מרכך בייבי 1 ליטר,ליטרים,1.00,ליטר,false,,19.90,19.9000,true,1,1320166
7290013269096,false,מטליות לחות לטיפול במוצרי עור,מיוצר עי קונדיטוריית,IL,מטליות למוצרי עור 20יח,יח',1.00,יח',false,,18.90,18.9000,true,1,1320170
7290013269157,false,"מרכך ומבשם מקסימה למייבש לבנדר 750 מ""ל סנו",סנו מקסימה,,מרסס למייבש כביסה סנ,מיליליטרים,750.00,"100 מ""ל",false,,19.90,0.0265,true,1,1320173
7290013269263,false,ג'ל כביסה מרוכז מקסימה בבישום קריסטל נואר,סנו מפעלי ברונוס בעמ,IL,מקסימה ג'ל כביסה 3ליטר,ליטרים,3.00,ליטר,false,,34.90,11.6333,true,1,1320179
7290013269287,false,סנו - מקסימה ג'ל כביסה מרוכז מאסק 3 ליטר,"סנו מפעלי ברונוס בע""",IL,מקסימה ג'ל כביסה מאסק3ל,ליטרים,3.00,ליטר,false,,34.90,11.6333,true,1,1320181
7290013269300,false,ניילון נצמד + לשימוש במיקרוגל,"מיוצר בהונג קונג, סי",CN,ניילון נצמד פלוס 150 מטר,מטרים,150.00,מטר,false,,24.90,0.1660,true,1,1320182
7290013269621,false,ריצפז פרש לניקוי רצפות בניחוח מלון בוטיק,מיוצר עי קונדיטוריית,IL,ריצפז פרש הום תרכיז,ליטרים,2.00,ליטר,false,,22.90,11.4500,true,1,2110587
7290013269638,false,ספוג הפלא אקסטרה Extra- מארז 6 יח',סנו סושי,US,ספוג הפלא אקסטרה 6 יחידו,יח',6.00,יח',false,,14.90,2.4833,true,1,1320190
7290013269645,false,מטליות לחות לניקוי הרצפה בניחוח מאסק ריצפז פרש,סנו מפעלי ברונוס בעמ,IL,10מטליות לחות מאסק,יח',10.00,יח',false,,14.90,1.4900,true,1,1320191
7290013269652,false,פולייויקס גרניט פורצלן בניתוח מאסק 2 ל',סנו פוליויקס,IL,פוליויקס ג.פורצלן מאסק2ל,ליטרים,2.00,ליטר,false,,24.90,12.4500,true,1,1320192
7290013269669,false,ריצפז בניחוח פנטזיה לניקוי הרצפה,"סנו מפעלי ברונוס בע""",IL,'ריצפז בניחוח פנטזיה 3 ל,ליטרים,3.00,ליטר,false,,15.90,5.3000,true,1,1320193
7290013269706,false,סנובון ג'ל לניקוי האסלה בניחוח אוקיינוס,סנו,PL,סנובון ג'ל אוקיינוס55מל,מיליליטרים,55.00,"100 מ""ל",false,,7.90,0.1436,true,1,1320195
7290013269751,false,מטליות לחותריצפז פרש לניקוי ריצפה בניחות מלון בוטיק 10 יח' סנו,טרופיקל דגיל תעשיות,IL,ריצפז פרש מטליות ענק,יח',10.00,יח',false,,14.90,1.4900,true,1,2110595
7290013269850,false,סנו - סושי נייר אפייה אקולוגי 50 יח',מולינו ניקולי s.p.a,IL,'נייר אפיה אקולוגי 50 יח,יח',50.00,יח',false,,14.90,0.2980,true,1,1320200
7290013269867,false,סנו סושי זוג מפות אירוח,מיוצר עי קונדיטוריית,IL,סנו סושי צמד מפות שולחן,יח',2.00,יח',false,,9.90,4.9500,true,1,1320201
7290013269911,false,"סנו K-333 קוטל חרקים ללא ריח 750מ""ל","סנו מפעלי ברונוס בע""",IL,"סנו ק-333 750מ""ל",מיליליטרים,750.00,"100 מ""ל",false,,29.90,0.0399,true,1,1320204
7290013276124,false,בירה נגב אמבר אייל ח,"איי, בי, אינבוו",IL,בירה אמבר אלון 330 מ,ליטרים,330.00,100 ליטר,false,,14.90,0.0452,true,1,1501992
7290013276131,false,בירה פורטר אלון 330,,,בירה פורטר אלון 330,ליטרים,330.00,100 ליטר,false,,14.90,0.0452,true,1,1501993
7290013302014,false,"אבקה שוקו שוקו טעמן 1 ק""ג",,,"שוקו שוקו 1ק""ג 12 Xב",קילוגרמים,1.00,"ק""ג",false,,12.90,12.9000,true,1,2544668
7290013302656,false,פילה סרדין בשמו זית ופלפל חריף 125 גרם,טעים,,פילה סרדין בשמן זית,גרמים,125.00,100 גרם,false,,9.90,0.0792,true,1,1333461
7290013302663,false,"פילה סרדין בשמן זית ""טעים"".",טעים,,פילה סרדין בשמן זית,גרמים,125.00,100 גרם,false,,9.90,0.0792,true,1,1333462
7290013310019,false,קיסמי שיניים רפואיים עם חוט דנטאלי הוסטס,הוסטס,,קיסמי שיניים רפואיים,יח',30.00,יח',false,,5.90,0.1967,true,1,1322302
7290013310057,false,"כוסות נייר 50 יח' 210מ""ל לשתיה חמה/קרה הוסטס",הוסטס Hostess,,כוסות נייר 50 יח',יח',50.00,יח',false,,8.90,0.1780,true,1,1322303
7290013310064,false,חוט דנטלי בטעם מנטה מצופה שעווה,הוסטס Hostess,,חוט דנטאלי רפואי עם,מטרים,50.00,מטר,false,,5.90,0.1180,true,1,1322304
7290013310316,false,סט מברשות שינים רכות,,,סט מברשות שינים רכות,יחידה,0.00,יחידה,false,,27.90,0.0000,true,1,1322314
7290013310378,false,כפפות ניטריל S כחולות ללא אבקה 80 יח' EASY TOUCH,איזי טאץ' Easy touch,,כפפות כחולות S ללא א,יח',80.00,יח',false,,21.90,0.2737,true,1,1322316
7290013310385,false,כפפות ניטריל M כחולות ללא אבקה 80 יח' EASY TOUCH,איזי טאץ' Easy touch,,כפפות כחולות M ללא א,יח',80.00,יח',false,,21.90,0.2737,true,1,1322317
7290013310392,false,כפפות ניטריל L כחולות ללא אבקה 80 יח' EASY TOUCH,איזי טאץ' Easy touch,,כפפות כחולות L ללא א,יח',80.00,יח',false,,21.90,0.2737,true,1,1322318
7290013310408,false,כפפות ניטריל XL כחולות ללא אבקה 80 יח' EASY TOUCH,איזי טאץ' Easy touch,,כפפות כחולות XL ללא,יח',80.00,יח',false,,21.90,0.2737,true,1,1322319
7290013310576,false,"כוסות נייר 240-8BOZמ""ל שתיה חם/קר הוסטס 50 יח'",ACSP,CN,כוסות נייר 50 יח',יח',50.00,יח',false,,9.90,0.1980,true,1,1322321
7290013310712,false,כוס אימון עם מכסה מתהפך וידיות רכות טוליפס קידס,טוליפס Tulips,,כוס שתיה טוליפס,יח',1.00,יח',false,,15.90,15.9000,true,1,1322323
7290013310927,false,מברשת+מסרק לתינוק נו,נובי Nuby,,מברשת+מסרק לתינוק נו,יחידה,0.00,יחידה,false,,19.90,0.0000,true,1,1322329
7290013358356,false,מאסטר שף - פירורי לחם מוזהבים 320 גרם,מנה י.א בעמ,IL,מנה פירורי לחם מוזהבים 35,גרמים,320.00,100 גרם,false,,9.90,0.0309,true,1,1338933
7290013358363,false,פירורי לחם פנקו מזוהבים מאסטר שף מנה 300 ג',קריניציה ויטמינה אס,IL,מנה פירורי לחם פנקו מוזהב,גרמים,300.00,100 גרם,false,,9.90,0.0330,true,1,1338934
7290013358370,false,פירורי לחם פנקו בטעם שום מאסטר שף 300 ג',"מיוצר ע""י מנה י.א בע",IL,מנה פירורי לחם פנקו מוזהב,גרמים,300.00,100 גרם,false,,9.90,0.0330,true,1,1338935
7290013358417,false,"רוטב טיריאקי מאסטר שף אסייאתי 300 מ""ל",קריניציה ויטמינה אס,TH,"רוטב טריאקי 300 מ""ל",מיליליטרים,300.00,"100 מ""ל",false,,10.90,0.0363,true,1,1399396
7290013358431,false,קרוטונים לסלט בתיבול עגבניות ובזיליקום,"עינת תעשיות מזון אג""",IL,מנה קרוטונים לסלט עגבניות,גרמים,200.00,100 גרם,false,,9.90,0.0495,true,1,1338938
7290013358462,false,"מיני קרוטונים למרק בתיבול שום, בצל ופטרוזיליה","עינת תעשיות מזון, אג",IL,מנה מיני קרוטונים למרק שו,גרמים,350.00,100 גרם,false,,17.90,0.0511,true,1,1338941
7290013358486,false,פירורי לחם מוזהבים ללא צורך בביצה,"מיוצר ע""י מנה י.א בע",IL,מנה פירורי לחם מוזהבים לל,גרמים,300.00,100 גרם,false,,9.90,0.0330,true,1,1338942
7290013358509,false,"מיקסלט גרעינים, קטניות ואגוזים",בטר אנד דיפרנט,IL,מנה מיקסלט 200 גרם,גרמים,200.00,100 גרם,false,,14.90,0.0745,true,1,1338943
7290013358516,false,"מיקסלט חמוציות, גרעינים, קטניות ואגוזים",המאפיה של הרמן,IL,מנה מיקסלט עם חמוציות 200,גרמים,200.00,100 גרם,false,,14.90,0.0745,true,1,1338944
7290013358523,false,מאסטר שף שבבי בצל מטוגן 150ג,קריניציה ויטמינה אס,NL,שבבי בצל מטוגן 150 ג,גרמים,150.00,100 גרם,false,,9.90,0.0660,true,1,1694054
7290013358530,false,מאסטר שף אסייאתי רוטב צ'ילי מתוק 700 מל,קריניציה ויטמינה אס,TH,"רטבים מתוק 700 מ""ל א",מיליליטרים,700.00,"100 מ""ל",false,,12.90,0.0184,true,1,1399441
7290013358547,false,מאסטר שף אסייאתי רוטב צ'ילי חריף 700 מל,קי אר אס ספייסי פוד,TH,"רטבים חריף 700 מ""ל א",מיליליטרים,700.00,"100 מ""ל",false,,12.90,0.0184,true,1,1399398
7290013358578,false,מאסטר שף אטריות אורז רחבות 5 ממ 400גר,ליינג טונג רייס פלוו,TH,איטריות אורז רחבות מ,גרמים,400.00,100 גרם,false,,8.90,0.0223,true,1,1399399
7290013358585,false,נודלס ביצים מאסטר שף,הנסיך- מפעל לייצור ט,CN,נודלס ביצים מנה 400,גרמים,400.00,100 גרם,false,,8.90,0.0223,true,1,1399400
7290013361103,false,נתחי טונה בהירה במים,פרי הגליל,IL,מארז טונה 160X4במים פג,גרמים,640.00,100 גרם,false,,22.90,0.0358,true,1,1347513
7290013361172,false,נתחי טונה בהירה בשמן קנולה,פרי הגליל,,4 יח' טונה בשמן קנול,גרמים,640.00,100 גרם,false,,22.90,0.0358,true,1,1812409
7290013361981,false,"צ'יפס קפוא פרי הגליל 2 ק""ג","פרי הגליל בע""""מ",IL,צ'יפס קטרינג 2פג,קילוגרמים,2.00,"ק""ג",false,,24.90,12.4500,true,1,1347528
7290013361998,false,"סטייק צ'יפס 2 ק""ג פרי הגליל","פרי הגליל בע""""מ",IL,סטייק צ'יפס 2קג פג רבנות,קילוגרמים,2.00,"ק""ג",false,,24.90,12.4500,true,1,1347529
7290013381088,false,עמבה הודית נאמן 500 גר',נאמן,,עמבה הודית,גרמים,500.00,100 גרם,false,,9.90,0.0198,true,1,1329699
7290013381323,false,לימונלה מיץ לימון,ITAL LEMON,,מיץ לימון,ליטרים,1.00,ליטר,false,,15.90,15.9000,true,1,1329703
7290013381361,false,שטחון לציפוי ואחסנה צבעוני,אלפא Alfa,,משטח לציפוי ואחסנה,יחידה,0.00,יחידה,false,,7.90,0.0000,true,1,1329704
7290013381675,false,"סירופ למלבי נאמן 750מ""ל",הילל תעשיות,IL,"סירופ מלבי 750 מ""ל",מיליליטרים,750.00,"100 מ""ל",false,,16.90,0.0225,true,1,1329715
7290013381699,false,קקאו טופ מותגים 500,נאמן לאורך זמן,,אבקת קקאו,גרמים,500.00,100 גרם,false,,19.90,0.0398,true,1,1329716
7290013389084,false,טורטיה קמח תירס 320 ג' תומר,Azteca foods europe,,טורטיה קמח תירס 20 ס,גרמים,320.00,100 גרם,false,,9.90,0.0309,true,1,1339770
7290013389374,false,קמח תירס פולנטה תומר 500ג',פיקטה piccata,,קמח תירס פולנטה 500,גרמים,500.00,100 גרם,false,,6.90,0.0138,true,1,1339780
7290013389381,false,"קמח תירס פולנטה מולינו 1 ק""ג",פיקטה piccata,,"קמח תירס פולנטה 1 ק""",קילוגרמים,1.00,"ק""ג",false,,9.90,9.9000,true,1,1339781
7290013389398,false,"קמח תירס דק 1 ק""ג פולנטה",פיקטה piccata,,"קמח תירס דק 1 ק""ג",גרמים,1000.00,100 גרם,false,,9.90,0.0099,true,1,1339782
7290013389893,false,סרדין פילה מרוקאי בש,,,פילה סרדין בשמן 125,גרמים,125.00,100 גרם,false,,7.90,0.0632,true,1,1339791
7290013389909,false,סרדין פילה מרוקאי חריף תומר 125 ג',,,פילה סרדין חריף 125,גרמים,125.00,100 גרם,false,,7.90,0.0632,true,1,1339792
7290013412348,false,נועם סדינית {15*4},,,סדינית נועם 4*15,יחידה,0.00,יחידה,false,,34.90,0.0000,true,1,2113803
7290013412409,false,נועם סופגנית FREE - 15,,,נועם סופגנית 15-FREE,יח',15.00,יח',false,,9.90,0.6600,true,1,1409745
7290013412966,false,מגבוני תולי רביעייה*72יח,,,מגבון תולי רביעייה 7,יח',288.00,יח',false,,9.90,0.0344,true,1,2065801
7290013424914,false,אפרסק פלחים קפוא פיל,א.מ שרון,PL,אפרסק פלחים 500 גרם,גרמים,500.00,100 גרם,false,,11.90,0.0238,true,1,2521351
7290013424921,false,קיווי פרוסות קפוא פי,א.מ שרון,PL,קיווי פרוס ארוז 500,גרמים,500.00,100 גרם,false,,11.90,0.0238,true,1,2521352
7290013430250,false,"בירה אלכסנדר חיטה ישראלית 330 מ""ל",יקבי כרמל,IL,בירה אלכסנדר,מיליליטרים,330.00,"100 מ""ל",false,,12.90,0.0391,true,1,2457337
7290013430304,false,בירה אלכסנדר גרין GREEN בירה ישראלית,מנדלז סי.אר. פרודקשן,IL,בירה אלכסנדר,מיליליטרים,330.00,"100 מ""ל",false,,12.90,0.0391,true,1,2457338
7290013440648,false,מאגדת שלגוני אבטיח נסטלה 108X5ג',גלידות נסטלה (נגה גל,IL,אבטיח 5 יח׳,גרמים,540.00,100 גרם,false,,25.90,0.0480,true,1,1329793
7290013451927,false,פריכיות כוסמת ללא תוספת מלח,זן - בר,IL,פריכיות כוסמת ללא מל,גרמים,175.00,100 גרם,false,,9.90,0.0566,true,1,2437825
7290013453082,false,עוגיות כוסמין שוקוצי,,,עוגיות כוסמין שוקולד,גרמים,230.00,100 גרם,false,,24.90,0.1083,true,1,2370041
7290013453105,false,עוגיות לתה מקמח מלא,,,עוגיות לתה מקמח מלא,גרמים,230.00,100 גרם,false,,19.90,0.0865,true,1,2370063
7290013453112,false,עוגיות כוסמין ללא תו,,,עוגיות כוסמין ללא תו,גרמים,230.00,100 גרם,false,,24.90,0.1083,true,1,2370064
7290013453143,false,עוגיות טחינה ולוז לל,האי נאם סי או אל.טי.,IL,עוגיות טחינה ולוז לל,גרמים,270.00,100 גרם,false,,24.90,0.0922,true,1,2370043
7290013453181,false,קריספיס שקדים ורוזמר,,,קריספיס שקדים ורוזמר,גרמים,170.00,100 גרם,false,,24.90,0.1465,true,1,2370066
7290013453280,false,עוגיות מקלוני כוסמין,,,עוגיות מקלוני כוסמין,גרמים,200.00,100 גרם,false,,19.90,0.0995,true,1,2370049
7290013453617,false,עוגיות ביסקוטי שקדים,האי נאם סי או אל.טי.,IL,עוגיות ביסקוטי שקדים,גרמים,200.00,100 גרם,false,,25.90,0.1295,true,1,2370071
7290013472199,false,ערמונים קלוף וקלוי ו.פוד 105 ג',בייג'גג פוינונג,CN,ערמונים קלופים וקלויים 10,גרמים,100.00,100 גרם,false,,5.90,0.0590,true,1,1308884
7290013472892,false,בולגריה קוביות במי מלח - מרכיבי חלב ושומן צמחי,"קוליוס אס.איי, גריק",GR,הבולגריה בקוביות 200גרם (,גרמים,200.00,100 גרם,false,,9.90,0.0495,true,1,1308888
7290013472908,false,גבינה בולגרית קוביות ו.פוד 400 ג,וילי פוד,TW,הבולגריה בקוביות 400גרם (,גרמים,400.00,100 גרם,false,,19.90,0.0497,true,1,1308889
7290013521101,false,פסטה כוסמין בטעם תרד,השדה מוצרים אורגניים,HU,פסטה פוטציני כוסמין,גרמים,350.00,100 גרם,false,,19.90,0.0569,true,1,1428436
7290013521231,false,פסטה כוסמין אורגנית עם תרד ועגבניות,השדה מוצרים אורגניים,HU,פסטה כוסמין טריקולר,גרמים,400.00,100 גרם,false,,19.90,0.0497,true,1,1428439
7290013521309,false,מיונז אורגני 330 גרם,מחנדל,NL,מיונז אורגני 330 גרם,גרמים,330.00,100 גרם,false,,22.90,0.0694,true,1,1428467
7290013521316,false,ממרח אורגני בטעם מיונז ללא ביצים,השדה מוצרים אורגניים,NL,ממרח אורגני בטעם מיו,גרמים,230.00,100 גרם,false,,16.90,0.0735,true,1,1428468
7290013521408,false,אבקת מרק ירקות אורגנית,השדה מוצרים אורגניים,NL,אבקת מרק ירקות אורגנ,גרמים,200.00,100 גרם,false,,24.90,0.1245,true,1,1428455
7290013521415,false,אבקת מרק אורגנית בטעם עוף,השדה מוצרים אורגניים,NL,אבקת מרק אורגנית בטע,גרמים,200.00,100 גרם,false,,24.90,0.1245,true,1,1428793
7290013521422,false,סוכר קנים אורגני 1 ק,,,סוכר קנים אורגני 1 ק,קילוגרמים,1.00,"ק""ג",false,,17.90,17.9000,true,1,1428779
7290013521613,false,שעועית לבנה אורגנית,,,שעועית לבנה אורגנית,גרמים,350.00,100 גרם,false,,15.90,0.0454,true,1,1428472
7290013525789,false,אריסה מרוקאית שמיר 150 גר',סלטי שמיר,,עריסה 150גרם,גרמים,150.00,100 גרם,false,,9.90,0.0660,true,1,2379643
7290013525796,false,סחוג תימני שמיר 150 גר',,,סחוג תימני 150גרם,גרמים,150.00,100 גרם,false,,9.90,0.0660,true,1,2379644
7290013525802,false,סחוג אדום שמיר 150 גר',,,סחוג אדום 150 גרם,גרמים,150.00,100 גרם,false,,9.90,0.0660,true,1,2379645
7290013525819,false,סלט שום כתוש שמיר 15,,,שום כתוש 150גרם,גרמים,150.00,100 גרם,false,,9.90,0.0660,true,1,2379646
7290013531117,false,רוטב פסטה לילדים 240 גרם יכין,"זנלכל בע""מ",IL,רוטב פסטה לילדים 260 ג יכ,גרמים,240.00,100 גרם,false,,5.50,0.0229,true,1,1322792
7290013531346,false,סירופ דיאט לימונענע יכין 1 ליטר,יכין,IL,סירופ דיאט למונענע 1,ליטרים,1.00,ליטר,false,,16.90,16.9000,true,1,1322793
7290013531612,false,רוטב נפוליטנה יכין 240 ג',,,רוטב פסטה נפוליטנה 2,גרמים,240.00,100 גרם,false,,5.50,0.0229,true,1,2432601
7290013531629,false,רוטב פומדורו יכין 240ג,היינץ צפון אמריקה מק,IL,רוטב פסטה פומדורו 24,גרמים,240.00,100 גרם,false,,5.50,0.0229,true,1,2432607
7290013539502,false,קרם לחות לשיער ארגן,א.ארמן,IL,AS לחות ארגן,מיליליטרים,400.00,"100 מ""ל",false,,24.90,0.0622,true,1,1346606
7290013539892,false,אל סבון נוזלי משאבה תה ירוק סטייל 1 ל',סטייל Style,TR,סבון ידיים תה ירוק,ליטרים,1.00,ליטר,false,,10.90,10.9000,true,1,1346620
7290013539915,false,סטייל - אל סבון ארומטי תה לבן 1 ליטר,סטייל Style,TR,סבון ידיים תה לבן,ליטרים,1.00,ליטר,false,,10.90,10.9000,true,1,1346622
7290013585233,false,"ספרייט זירו פחית סליק 330 מ""ל",קוקה קולה Coca Cola,IL,ספרייט ZERO סליק 330 מל,מיליליטרים,330.00,"100 מ""ל",false,,4.50,0.0136,true,1,1335181
7290013585257,false,ספרייט זירו בקבוק 500מל,החברה המרכזית לייצור,IL,ספרייט 500 מל פקד ZERO,מיליליטרים,500.00,"100 מ""ל",false,,6.90,0.0138,true,1,1335183
7290013585387,false,קוקה קולה זירו בקבוק,החברה המרכזית לייצור,IL,קולה זירו 1 ליטר,ליטרים,1.00,ליטר,false,,6.90,6.9000,true,1,1780910
7290013585394,false,קוקה קולה קלאסי,החברה המרכזית לייצור,IL,קוקה קולה 1 ליטר,ליטרים,1.00,ליטר,false,,6.90,6.9000,true,1,1780898
7290013608482,false,פרימור נקטר מנגו 1לי,פרימור,,נקטר מנגו 1 ליטר,ליטרים,1.00,ליטר,false,,7.90,7.9000,true,1,2370154
7290013608550,false,נקטר תפוזים 1 ל' פרימור,סטאר סנקס,IL,נקטר תפוזים 1 ליטר,ליטרים,1.00,ליטר,false,,7.90,7.9000,true,1,2370158
7290013608635,false,משקה לימונים עם נענע 1ל' פרימור,סטאר סנקס,IL,משקה לימונים עם נענע,ליטרים,1.00,ליטר,false,,7.90,7.9000,true,1,2370160
7290013608673,false,נקטר תפוחי עץ 1 ל' פרימור,סטאר סנקס,IL,נקטר תפוחי עץ 1 ליטר,ליטרים,1.00,ליטר,false,,7.90,7.9000,true,1,2370162
7290013608680,false,מיץ עגבניות 1ל' פרימור,סטאר סנקס,IL,מיץ עגבניות 1 ליטר,ליטרים,1.00,ליטר,false,,5.90,5.9000,true,1,2370163
7290013622273,false,צלחות מתכלה 9 עגול 2,,,צלחות מתכלה 9 עגול 2,100 יח',25.00,100 יח',false,,14.90,0.5960,true,1,2512410
7290013622679,false,כוסות מתכלה 25 יח,,,כוסות מתכלה 25 יח,יח',25.00,יח',false,,7.90,0.3160,true,1,2379616
7290013625212,false,פילה מקרל בשמן צמחי 125 גרם טעים,,,פילה מקרל בשמן צמחי,גרמים,125.00,100 גרם,false,,8.90,0.0712,true,1,1333476
7290013625229,false,פילה מקרל בשמן צמחי ופ. חריף 125 גרם טעי,טעים,,פילה מקרל בשמן צמחי,גרמים,125.00,100 גרם,false,,8.90,0.0712,true,1,1333477
7290013625670,false,סינטטי חומצה אצטית מדוללת למזון 5%,טעמן,,חומץ סינטטי 1 ליטר,ליטרים,1.00,ליטר,false,,3.90,3.9000,true,1,1333485
7290013625700,false,"טעמן חצאי משמש בסירופ קל 820 ג""ר",,,משמש חצאים בסירופ קל,גרמים,820.00,100 גרם,false,,12.90,0.0157,true,1,2521958
7290013625922,false,אטריות דקות טעמן 400 ג,מוטלו,TR,איטריות 400 גרם דקות,גרמים,400.00,100 גרם,false,,4.90,0.0123,true,1,1333495
7290013625939,false,אטריות דקיקות טעמן 400 גר',מוטלו,TR,איטריות 400 גרם דקיק,גרמים,400.00,100 גרם,false,,4.90,0.0123,true,1,1333496
7290013645364,false,עוגיות מזרחיות ללא ג,,,עוגיות מזרחיות GFREE,גרמים,200.00,100 גרם,false,,18.90,0.0945,true,1,1413651
7290013645371,false,עוגיות שוקולד ציפס 2,,,עוגיות שוקולד צ'יפס,גרמים,200.00,100 גרם,false,,18.90,0.0945,true,1,1413686
7290013652027,false,קרם גוף נטורל קר 450,"ד""ר פישר Dr fischer",IL,נטורל קר קרם גוף רגיל - ס,מיליליטרים,450.00,"100 מ""ל",false,,24.90,0.0553,true,1,1351990
7290013652157,false,"ד""ר פישר - נטורל קר מגבונים להסרת איפור לעור רגיל יבש 30 יח' * 3","ד""ר פישר Dr fischer",IL,נטורל קר שלישיית מגבונים,יח',90.00,יח',false,,26.90,0.2989,true,1,1352001
7290013652164,false,"ד""ר פישר - נטורל קר מגבונים להסרת איפור לעור רגיש 30 יח' * 3","ד""ר פישר Dr fischer",IL,נטורל קר שלישיית מגבונים,יח',90.00,יח',false,,26.90,0.2989,true,1,1352002
7290013652171,false,"ד""ר פישר - נטורל קר מגבונים להסרת איפור לעור שמן מעורב 30 יח' * 3","ד""ר פישר Dr fischer",IL,נטורל קר שלישיית מגבונים,יח',90.00,יח',false,,26.90,0.2989,true,1,1352003
7290013652645,false,אוליביול Oliveyol קרם לטיפול ומניעת תפרחת חיתולים,"ד""ר פישר Dr fischer",IL,'אוליביול משחה לתינוק 100,גרמים,100.00,100 גרם,false,,29.90,0.2990,true,1,1352006
7290013652768,false,"מסכת החייאה לשיער יבש, צבוע ופגום Natural care","ד""ר פישר Dr fischer",IL,נטורל קר מסכה לשיער יבש/צ,מיליליטרים,450.00,"100 מ""ל",false,,34.90,0.0776,true,1,1352007
7290013652782,false,קרם לחות לשיער מתולתל Natural care,"ד""ר פישר Dr fischer",IL,נטורל קר קרם לחות לשיער מ,מיליליטרים,400.00,"100 מ""ל",false,,16.90,0.0422,true,1,1352009
7290013652799,false,קרם לחות לשיער רגיל Natural care,"ד""ר פישר Dr fischer",IL,נטורל קר קרם לחות לשיער ר,מיליליטרים,400.00,"100 מ""ל",false,,16.90,0.0422,true,1,1352010
7290013652805,false,"נטורל קר קרם לחות לשיער יבש צבוע פגום, 400 מ""ל","ד""ר פישר Dr fischer",IL,נטורל קר קרם לחות לשיער י,מיליליטרים,400.00,"100 מ""ל",false,,16.90,0.0422,true,1,1352011
7290013652812,false,"נטורל קר קרם ידיים רגיל/יבש 150 מ""ל","ד""ר פישר Dr fischer",IL,נטורל קר קרם ידיים רגיל/י,מיליליטרים,150.00,"100 מ""ל",false,,15.90,0.1060,true,1,1352012
7290013652829,false,קרם ידיים לעור יבש במיוחד Natural care,"ד""ר פישר Dr fischer",IL,נטורל קר קרם ידיים יבש/יב,מיליליטרים,150.00,"100 מ""ל",false,,15.90,0.1060,true,1,1352013
7290013652843,false,שמפו נטורל קר לשיער רגיל ורדים וחלב רימונים,"ד""ר פישר Dr fischer",IL,נטורל קר שמפו לשיער רגיל,מיליליטרים,700.00,"100 מ""ל",false,,14.90,0.0213,true,1,1352015
7290013652850,false,שמפו נטורל קר לשיער יבש ופגום חינה ושמן ארגאן,"ד""ר פישר Dr fischer",IL,נטורל קר שמפו לשיער יבש/פ,מיליליטרים,700.00,"100 מ""ל",false,,14.90,0.0213,true,1,1352016
7290013652874,false,מרכך נטורל קר לשיער רגיל ורדים וחלב רימונים,"ד""ר פישר Dr fischer",IL,נטורל קר מרכך לשיער רגיל,מיליליטרים,700.00,"100 מ""ל",false,,14.90,0.0213,true,1,1352018
7290013652881,false,מרכך נטורל קר לשיער יבש ופגום חינה ושמן ארגאן,"ד""ר פישר Dr fischer",IL,נטורל קר מרכך לשיער יבש/פ,מיליליטרים,700.00,"100 מ""ל",false,,14.90,0.0213,true,1,1352019
7290013652904,false,נטורל קר שמפו+מרכך לשיער רגיל ורדים וחלב רימונים,"ד""ר פישר Dr fischer",IL,נטורל קר שמפו מרכך רגיל -,מיליליטרים,700.00,"100 מ""ל",false,,14.90,0.0213,true,1,1352021
7290013652935,false,שמפו נטורל קר לשיער רגיל יסמין ופרחי מגנוליה,"ד""ר פישר Dr fischer",IL,נטורל קר שמפו לשיער רגיל,מיליליטרים,700.00,"100 מ""ל",false,,14.90,0.0213,true,1,1352024
7290013652942,false,מרכך נטורל קר לשיער רגיל יסמין ופרחי מגנוליה,"ד""ר פישר Dr fischer",IL,נטורל קר מרכך לשיער רגיל,מיליליטרים,700.00,"100 מ""ל",false,,14.90,0.0213,true,1,1352025
7290013652966,false,מרכך לשיער צבוע נטורל 700מ,"ד""ר פישר Dr fischer",IL,נטורל קר מרכך לשיער צבוע,מיליליטרים,700.00,"100 מ""ל",false,,14.90,0.0213,true,1,1352027
7290013655318,false,כוס שמפניה ארוז 12 י,,,כוס שמפניה ארוז 12 י,יחידה,0.00,יחידה,false,,14.90,0.0000,true,1,1982913
7290013655486,false,כוס ליקר ארוז 25 יחי,,,כוס ליקר ארוז 25 יחי,יחידה,0.00,יחידה,false,,6.90,0.0000,true,1,1362299
7290013655561,false,מגש קריסטל שקוף,,,מגש קריסטל שקוף,יחידה,0.00,יחידה,false,,6.90,0.0000,true,1,1362301
7290013655585,false,קערה 9.5 קריסטל,,,קערה 9.5 קריסטל,יחידה,0.00,יחידה,false,,9.90,0.0000,true,1,1362303
7290013655592,false,קערה 11 קריסטל,,,קערה 11 קריסטל,יחידה,0.00,יחידה,false,,9.90,0.0000,true,1,1362304
7290013655943,false,מגש ענק קריסטל,,,מגש ענק קריסטל,יחידה,0.00,יחידה,false,,16.90,0.0000,true,1,1362306
7290013677020,false,שעועית לבנה בוואקום מיה 500 גר',מיה תעשיות מזון בעמ,IL,שעועית לבנה סלקטד וו,גרמים,500.00,100 גרם,false,,8.90,0.0178,true,1,1500763
7290013677037,false,עדשים ירוקות באריזת וואקום Selected,מיה תעשיות מזון בעמ,IL,עדשים ירוקות סלקטד ו,גרמים,500.00,100 גרם,false,,9.90,0.0198,true,1,1500830
7290013677068,false,כוסמת בוואקום מיה 500 גר',מיה תעשיות מזון בעמ,IL,כוסמת סלקטד וואקום,גרמים,500.00,100 גרם,false,,8.90,0.0178,true,1,1500831
7290013677099,false,גריסי פנינה בוואקום מיה 500 גר',מיה תעשיות מזון בעמ,IL,גריסים פנינה סלקטד ו,גרמים,500.00,100 גרם,false,,8.90,0.0178,true,1,1500764
7290013677105,false,אפונה בוואקום 500 גר',מיה תעשיות מזון בעמ,IL,אפונה סלקטד וואקום,גרמים,500.00,100 גרם,false,,9.90,0.0198,true,1,1500823
7290013677112,false,בורגול באריזת וואקום Selected,מיה תעשיות מזון בעמ,IL,בורגול סלקטד וואקום,גרמים,500.00,100 גרם,false,,8.90,0.0178,true,1,1500833
7290013677129,false,שעועית מעורבת בוואקום מיה 500 גר',מיה תעשיות מזון בעמ,IL,שעועית מעורבת סלקטד,יחידה,0.00,יחידה,false,,9.90,0.0000,true,1,1500824
7290013677136,false,חומוס לבן ענק בוואקום יבש 500 גר',מיה תעשיות מזון בעמ,IL,חומוס לבן ענק סלקטד,גרמים,500.00,100 גרם,false,,10.90,0.0218,true,1,1500765
7290013677204,false,תן צ'אפ כריות בטעם טבעי 50גרם,מיה תעשיות מזון,IL,תן צ'אפ כריות בטעם טבעי 5,יחידה,0.00,יחידה,false,,3.90,0.0000,true,1,1334202
7290013677211,false,תן צ'אפ כריות בטעם קטשופ 50גרם,מיה תעשיות מזון,IL,תן צ'אפ כריות בטעם קטשופ,יחידה,0.00,יחידה,false,,3.90,0.0000,true,1,1334203
7290013677228,false,תן צ'אפ כריות בטעם פלאפל 50גרם,מיה תעשיות מזון,IL,תן צ'אפ כריות בטעם פלאפל,גרמים,50.00,100 גרם,false,,3.90,0.0780,true,1,1334204
7290013677259,false,תבלין זעתר 50 גרם שקית,מיה תעשיות מזון בעמ,IL,זעתר 50גרם שקית,גרמים,50.00,100 גרם,false,,4.90,0.0980,true,1,1334205
7290013677266,false,תבלין לפיצה 80 גרם-שקית,מיה תעשיות מזון בעמ,IL,תבלין לפיצה 80גרם שקית,גרמים,80.00,100 גרם,false,,4.90,0.0613,true,1,1334206
7290013677273,false,תבלין גריל דג 80 גרם-שקית,מיה תעשיות מזון,IL,גריל דג 80גרם שקית,גרמים,80.00,100 גרם,false,,4.90,0.0613,true,1,1334207
7290013677280,false,תבלין ציפורן שלם 40 גרם שקית,מיה תעשיות מזון בעמ,IL,ציפורן שלם 40גרם גרם שקית,גרמים,40.00,100 גרם,false,,4.90,0.1225,true,1,1334208
7290013677297,false,תבלין אבקת בצל 80 גרם-שקית,מיה תעשיות מזון,IL,אבקת בצל 80גרם שקית,גרמים,80.00,100 גרם,false,,4.90,0.0613,true,1,1334209
7290013677303,false,תבלין חוויג תימני 50 גרם שקית,מיה תעשיות מזון בעמ,IL,חוואיג' תימני 50גרם שקית,גרמים,50.00,100 גרם,false,,4.90,0.0980,true,1,1334210
7290013677310,false,תבלין גרילבשר 80 גרם שקית,מיה תעשיות מזון,IL,גריל בשר 80גרם שקית,גרמים,80.00,100 גרם,false,,4.90,0.0613,true,1,1334211
7290013677334,false,תבלין על האש 50 גרם שקית,מיה תעשיות מזון בעמ,IL,תבלין על האש 50גרם שקית,גרמים,50.00,100 גרם,false,,4.90,0.0980,true,1,1334213
7290013677372,false,ג'לילנד - ג'ליבינס - תפוח /דובדבן - 100גרם *(12יח'),מיה תעשיות מזון,IL,ג'לי לנד תפוח דובדבן 100ג,גרמים,100.00,100 גרם,false,,4.90,0.0490,true,1,1334217
7290013677419,false,תן צ'אפ טבעות שמנת בצל 50גרם,מיה תעשיות מזון,IL,תן צ'אפ טבעות שמנת בצל 50,גרמים,50.00,100 גרם,false,,3.90,0.0780,true,1,1334219
7290013677426,false,תן צ'אפ גלגלים צ'ילי 50גרם,מיה תעשיות מזון,IL,תן צ'אפ גלגלים צ'ילי 50גר,גרמים,50.00,100 גרם,false,,3.90,0.0780,true,1,1334220
7290013677556,false,אורז פרסי עממי סלקטד 1ק''ג בואקום,מיה תעשיות מזון בעמ,IL,אורז פרסי עממי בואקו,קילוגרמים,1.00,"ק""ג",false,,9.90,9.9000,true,1,1858950
7290013677563,false,קינואה אדומה יבשה מיה 500 גר',,,קינואה אדומה 500 גר,גרמים,500.00,100 גרם,false,,14.90,0.0298,true,1,1861639
7290013677648,false,שמן זית למאור 1 ליטר,מיה תעשיות מזון בעמ,IL,שמן זית למאור 1ליטר בד''ץ,ליטרים,1.00,ליטר,false,,18.90,18.9000,true,1,1334222
7290013677655,false,סודה לשתייה 600גרם צנצנת,מיה תעשיות מזון בעמ,IL,סודה לשתיה 600גרם,גרמים,600.00,100 גרם,false,,19.90,0.0332,true,1,1334223
7290013677679,false,סודה לשתייה 80גרם שקית,מיה תעשיות מזון בעמ,IL,סודה לשתיה 80גרם שקית,גרמים,80.00,100 גרם,false,,4.90,0.0613,true,1,1334225
7290013677686,false,תבלין פפריקה מרוקאית 80 גרם בשקית,מיה תעשיות מזון בעמ,IL,פפריקה מרוקאית בשמן 80גרם,גרמים,80.00,100 גרם,false,,4.90,0.0613,true,1,1334226
7290013677693,false,תבלין פלפל שחור גרוס שקית 50 גרם,מיה תעשיות מזון בעמ,IL,פלפל שחור גרוס 50גרם שקית,גרמים,50.00,100 גרם,false,,6.90,0.1380,true,1,1334227
7290013677747,false,"שוקו של מיה 500גרם בשקית בד""ץ",מיה תעשיות מזון,IL,שוקו של מיה 500גרם בשקית,גרמים,500.00,100 גרם,false,,9.90,0.0198,true,1,1334231
7290013713018,false,בירה גמס לאגר כהה בק,,,בירה ג'מס,ליטרים,0.33,100 ליטר,false,,12.90,39.0909,true,1,2515599
7290013713025,false,בירה ג'מס בקבוקי פיל,"אביר הבר בע""מ",IL,בירה ג'מס בקבוקי פיל,ליטרים,0.33,100 ליטר,false,,12.90,39.0909,true,1,2303632
7290013713032,false,בירה ג'מס בקבוקי חיט,"אביר הבר בע""מ",IL,בירה ג'מס בקבוקי חיט,ליטרים,0.33,100 ליטר,false,,12.90,39.0909,true,1,2303633
7290013713049,false,בירה גמס חזקה בק 330,"אביר הבר בע""מ",IL,בירה ג'מס בקבוק,ליטרים,0.33,100 ליטר,false,,12.90,39.0909,true,1,2303634
7290013713094,false,בירה ג'מס בקבוקי חיט,יקבי כרמל,IL,בירה ג'מס בקבוקי חיט,ליטרים,0.33,100 ליטר,false,,12.90,39.0909,true,1,2515531
7290013724946,false,משוקלדים שקד מריר 160 גר' קופסא,"דין שיווק וקליה בע""מ",IL,שקדים בשוקולד מריר 1,גרמים,140.00,100 גרם,false,,9.90,0.0707,true,1,1350441
7290013724960,false,משוקלדים שקד חלב 160 גר' קופסא,"דין שיווק וקליה בע""מ",IL,שקדים בשוקולד חלב 14,גרמים,140.00,100 גרם,false,,9.90,0.0707,true,1,1350443
7290013724977,false,משוקולדים צימוק מריר 140 ג' קופסא,"דין שיווק וקליה בע""מ",IL,צימוקים בשוקולד מריר,גרמים,140.00,100 גרם,false,,9.90,0.0707,true,1,1350444
7290013724991,false,משוקולדים לוז חלב 160 גר' סקופסא,דין שיווק,IL,אגוזי לוז בשוקולד חל,גרמים,140.00,100 גרם,false,,9.90,0.0707,true,1,1350446
7290013725639,false,רוטב צילי חריף סו שף,"דין שיווק וקליה בע""מ",TH,רוטב צילי חריף 700 ג,גרמים,700.00,100 גרם,false,,7.90,0.0113,true,1,1327601
7290013725646,false,רוטב צילי מתוק סו שף,"דין שיווק וקליה בע""מ",TH,רוטב צילי מתוק 700 ג,גרמים,700.00,100 גרם,false,,7.90,0.0113,true,1,1327602
7290013725820,false,משוקלדים לוז מריר 160 גר' קופסא,"דין שיווק וקליה בע""מ",IL,אגוזי לוז בשוקולד מר,גרמים,140.00,100 גרם,false,,9.90,0.0707,true,1,1350447
7290013725837,false,חטיף שומשום בשוקולד חלב 160גר,"דין שיווק וקליה בע""מ",,שומשום בשוקולד חלב 1,גרמים,140.00,100 גרם,false,,9.90,0.0707,true,1,1350448
7290013725844,false,חטיף שומשום בשוקולד מריר 160ג,"דין שיווק וקליה בע""מ",,שומשום בשוקולד מריר,גרמים,140.00,100 גרם,false,,9.90,0.0707,true,1,1350449
7290013757272,false,מנג'ט מודפס מס 2 ארו,,,מנג'ט מודפס מס 2 ארו,יח',100.00,יח',false,,6.90,0.0690,true,1,1342381
7290013767639,false,משחרר ברגים קטן,,,משחרר ברגים קטן,יחידה,0.00,יחידה,false,,14.90,0.0000,true,1,2384431
7290013787156,false,רוטב שמנת גראנה פדאנו 200 גרם ריקו - בית יוסף,קריניסה ויטמין אס אי,IL,רוטב שמנת גראנה פאדנ,גרמים,200.00,100 גרם,false,,13.90,0.0695,true,1,2404577
7290013787163,false,רוטב ריקו רוזה 200 ג,קריניסה ויטמין אס אי,IL,רוטב רוזה 200 גרם,גרמים,200.00,100 גרם,false,,13.90,0.0695,true,1,2404578
7290013787170,false,רוטב שמנת פטריות ריק,קריניסה ויטמין אס אי,IL,רוטב שמנת פטריות 200,גרמים,200.00,100 גרם,false,,13.90,0.0695,true,1,2404579
7290013787194,false,רוטב ריקו שמנת בטטה,,,רוטב שמנת בטטה 200 ג,גרמים,200.00,100 גרם,false,,13.90,0.0695,true,1,2404580
7290013787392,false,רביולי גבינות קלאסי 330 גרם ריקו בית יוסף,יוניליוור גרמניה Gm,IL,רביולי גבינות קלאסי,גרמים,330.00,100 גרם,false,,26.90,0.0815,true,1,2404583
7290013787408,false,רביולי בטטה 330 גרם ריקו בית יוסף,יוניליוור גרמניה Gm,IL,רביולי בטטה 330 גרם,גרמים,330.00,100 גרם,false,,26.90,0.0815,true,1,2404584
7290013787422,false,רביולי פלין פטריות - כמהין 330 גרם ריקו בית יוסף,פסטה ריקו Pasta Ricco,,פלין פטריות בטעם כמה,גרמים,330.00,100 גרם,false,,26.90,0.0815,true,1,2404586
7290013800343,false,צלחת flower 7 שחור-,,,צלחת flower 7 שחור-,יחידה,0.00,יחידה,false,,13.90,0.0000,true,1,2465179
7290013800350,false,מרק flower שחור- אר',,,מרק flower שחור- אר',יחידה,0.00,יחידה,false,,17.90,0.0000,true,1,2465180
7290013801845,false,כוסות מעוטרות כסף 50,,,כוסות מעוטרות כסף 50,100 יחידה,50.00,100 יחידה,false,,13.90,0.2780,true,1,1362309
7290013847102,false,נתחי טונה בהירה בשמן - מארז שלישיה,סטארקיסט Starkist,,טונה בשמן סטארקיסט ש,גרמים,240.00,100 גרם,false,,12.90,0.0538,true,1,2493334
7290013847386,false,נתחי טונה לייט במים ושמן קנולה בטעם טבעי 4%,סטארקיסט Starkist,IL,טונה ס.ק לייט 4 % שו,גרמים,140.00,100 גרם,false,,7.90,0.0564,true,1,1882666
7290013847393,false,נתחי טונה לייט 4% שומן עם עשבי תיבול 140 ג' סטארקיסט,סטארקיסט Starkist,IL,טונה ס.ק לייט 4 % שו,גרמים,140.00,100 גרם,false,,7.90,0.0564,true,1,1882667
7290013847409,false,נתחי טונה לייט במים ושמן קנולה עם לימון ופלפל חריף 4%,סטארקיסט Starkist,IL,טונה ס.ק לייט 4 % שו,גרמים,140.00,100 גרם,false,,7.90,0.0564,true,1,1882668
7290013847454,false,טונה בשמן קנולה סטארקיסט 4*160 ג',קריות זול,,טונה סטארקיסט רביעיה,גרמים,640.00,100 גרם,false,,24.90,0.0389,true,1,2474883
7290013847553,false,נתחי טונה בהירה במים דל נתרן - מארז רביעיה,"סטארקיסט פודור בע""מ",TH,טונה סטארקיסט רביעיה,גרמים,640.00,100 גרם,false,,24.90,0.0389,true,1,2201694
7290013847645,false,סטארקיסט טונה בשמן זית 80 גר' שלישיות - בית,סטארקיסט Starkist,TR,טונה סטארקיסט שלישיי,גרמים,240.00,100 גרם,false,,19.90,0.0829,true,1,2157385
7290013847812,false,נתחי טונה בהירה בשמן זית כתית מעולה Yellowfin,סטארקיסט Starkist,,טונה ילופין בשמן זית,גרמים,140.00,100 גרם,false,,8.90,0.0636,true,1,1957672
7290013847867,false,מארז זוג טונה בשמן סויה 140 ג' סטארקיסט,טונה ויטנאם קו. אל.ט,IL,מארז זוג טונה סטארקי,גרמים,280.00,100 גרם,false,,12.90,0.0461,true,1,2323269
7290013848017,false,תרסיס ניקוי והברקת נירוסטה,"סנו מפעלי ברונוס בע""",IL,סנו נירוסטה מרסס 500,מיליליטרים,500.00,"100 מ""ל",false,,19.90,0.0398,true,1,2013543
7290013848055,false,קרמה מן קרם גוף בניחוח גברי 400 מ' ל,,,קרם גוף קרמה מן בניח,מיליליטרים,400.00,"100 מ""ל",false,,24.90,0.0622,true,1,1486250
7290013848345,false,מארז מטליות לחיטוי וניקוי יסודי אנטיבקטריאלי 99.9%,סנו מפעלי ברונוס בעמ,IL,מארז שלישיה מגבונים,יח',150.00,יח',false,,19.90,0.1327,true,1,2245077
7290013848383,false,ג'ל רחצה לגבר 12 שעות של הגנה Active block,טרופיקל דגיל תעשיות,IL,קמה מן ג'ל רחצה אקטיב700,מיליליטרים,700.00,"100 מ""ל",false,,18.90,0.0270,true,1,1320219
7290013848420,false,"קרמה מן דאודורנט ג'ל אקטיב 70 מ""ל",גוד פוד פרודקטס S.p,IL,70 דאו.קרמה מן ג'ל אקטיב,מיליליטרים,70.00,"100 מ""ל",false,,14.90,0.2129,true,1,1320220
7290013848437,false,"קרמה - דאודורנט ספריי לגבר אקטיב בלוק 200 מ""ל",מיוצר עי אמיליה קוסמ,IL,דאו.קרמה מן אקטיב 200מל,מיליליטרים,200.00,"100 מ""ל",false,,11.90,0.0595,true,1,1320221
7290013848611,false,רדיד אלומיניום עבה וחזק 61 מטר,סנו סושי,IL,רדיד אלומיניום עבה 61מטר,מטרים,61.00,מטר,false,,39.90,0.6541,true,1,1320231
7290013848727,false,מכשיר אוטומטי לבישום אוויר בתוספת מילוי SOFT HARMONY,סנו פרש Fresh,IL,מכשיר לבישום סנו פרש,יחידה,0.00,יחידה,false,,49.90,0.0000,true,1,1772405
7290013848734,false,מכשיר אוטומטי לבישום אוויר בתוספת מילוי SOFT BALANCE,סנו פרש Fresh,,מכשיר לבישום סנו פרש,יחידה,0.00,יחידה,false,,49.90,0.0000,true,1,1772406
7290013848758,false,סנו - מקסימה ג'ל כביסה מרוכז בייבי 3 ליטר,"סנו מפעלי ברונוס בע""",IL,ג'ל לכביסה בייבי 3 ליטר,ליטרים,3.00,ליטר,false,,34.90,11.6333,true,1,1320241
7290013848789,false,כיף רביעיה סבון מוצק דבש-מרכז,יבואן ומשווק: ש. שסט,IL,סבון מוצק כיף דבש4*100ג,גרמים,400.00,100 גרם,false,,10.90,0.0273,true,1,1320244
7290013848796,false,אל סבון מוצק שקד - מארז רביעיה,קוסמופארם,IL,100 *4 סבון מוצק כיף שקד,גרמים,400.00,100 גרם,false,,10.90,0.0273,true,1,1320245
7290013848802,false,אל סבון מוצק לבנדר - מארז רביעיה,קוסמופארם,IL,סבון מוצק כיף לבנד4*100ג,גרמים,400.00,100 גרם,false,,10.90,0.0273,true,1,1320246
7290013848819,false,אל סבון כיף מוצק לוטוס מארז 100X4ג',קוסמופארם,IL,100*סבון מוצק כיף לוטוס4,גרמים,400.00,100 גרם,false,,10.90,0.0273,true,1,1320247
7290013848826,false,אל סבון מוצק קוקוס וניל - מארז רביעיה,קוסמופארם,IL,סבון מוצק כיף קוקס4*100ג,גרמים,400.00,100 גרם,false,,10.90,0.0273,true,1,1320248
7290013848833,false,כיף סבון מוצק אצות ים 100 ג' *4 יח',קוסמופארם,IL,סבון מוצק כיף רגיל4*100ג,גרמים,400.00,100 גרם,false,,10.90,0.0273,true,1,1320249
7290013861054,false,משוקלדים צימוק חלב 140 ג' קופסא,"דין שיווק וקליה בע""מ",IL,צימוקים בשוקולד חלב,גרמים,140.00,100 גרם,false,,9.90,0.0707,true,1,1350450
7290013861740,false,ניוקי תפוחי אדמה סו שף 500 ג',סו שף Su Chef,,ניוקי 500 גרם,גרמים,500.00,100 גרם,false,,8.90,0.0178,true,1,1327609
7290013863317,false,LL-R סטיק דאודורנט 60 מל,,,דאודורנט סטיק רוז,יחידה,0.00,יחידה,false,,14.90,0.0000,true,1,1327791
7290013863591,false,חלאבילין סטיק דאודורנט 60 מל,,,דאודורנט סטיק חלאבלי,מיליליטרים,60.00,"100 מ""ל",false,,14.90,0.2483,true,1,1327797
7290013863683,false,L.L שמפו נגד קשקשים 500 מל,,,שמפו נגד קשקשים 500,מיליליטרים,500.00,"100 מ""ל",false,,14.90,0.0298,true,1,1327800
7290013883148,false,הפי סופג ריחות במקרר,יעקבי - הפי Hepi,IT,הפי סופג ריחות במקרר,יחידה,0.00,יחידה,false,,9.90,0.0000,true,1,1325681
7290013883407,false,"מרסס דזיטול לחיטוי כללי 750 מ""ל",יעקבי - דזיטול Desytol,ES,דזיטול מרסס לחיטוי,מיליליטרים,750.00,"100 מ""ל",false,,14.90,0.0199,true,1,1325691
7290013903051,false,מחית תפוחי עץ אורגני,,,מחית תפוחי עץ אורגני,גרמים,452.00,100 גרם,false,,14.90,0.0330,true,1,2410060
7290013903273,false,אדממה אורגני פולי סו,זהג'יאנג קינגסור פוד,CN,אדממה אורגני פולי סו,גרמים,500.00,100 גרם,false,,9.90,0.0198,true,1,2443413
7290013903389,false,שעועית ירוקה אורגנית קפואה,ליב אורגני,,שעועית ירוקה אורגנית,גרמים,500.00,100 גרם,false,,12.90,0.0258,true,1,2443414
7290013903464,false,פולי סויה אורגנים קלופים מוקפאים,זהג'יאנג קינגסור,CN,פולי סויה אורגנים קל,גרמים,500.00,100 גרם,false,,14.90,0.0298,true,1,2443415
7290013903549,false,טופו רך טבעי 300גרם,ג'נרל מילס סאן אדריא,IL,טופו במרקם רך,גרמים,300.00,"100 ג""ר",false,,11.90,0.0397,true,1,2084061
7290013903594,false,רסק תפוחים טבעי ליב,טעמי הגליל בעמ,IL,רסק תפוחים טבעי 670,גרמים,670.00,100 גרם,false,,11.90,0.0178,true,1,1678542
7290013906052,false,נקניקיות פרגיות טירת צבי 300 גר',הנסיך- מפעל לייצור ט,IL,נקניקיות פרגיות 300,גרמים,300.00,100 גרם,false,,11.90,0.0397,true,1,1340690
7290013906212,false,"נקנקיות וינר טירת 1 ק""ג טירת צבי",הנסיך- מפעל לייצור ט,IL,טירת צבי נקניקיות וינר 1,קילוגרמים,1.00,"ק""ג",false,,32.90,32.9000,true,1,1340692
7290013906236,false,סלמי גלבוע טירת צבי 400 ג`,הנסיך- מפעל לייצור ט,IL,סלמי גלבוע 400 ג',גרמים,400.00,100 גרם,false,,24.90,0.0622,true,1,1340693
7290013906441,false,קבנוס 120 ג' טירת צבי,הנסיך- מפעל לייצור ט,IL,קבנוס טירת צבי 120 גר',גרמים,120.00,100 גרם,false,,12.90,0.1075,true,1,1340694
7290013906458,false,קבנוס טעם פיקנטי טירת צבי 120 ג',הנסיך- מפעל לייצור ט,IL,קבנוס פיקנטי טירת צבי 120,גרמים,120.00,100 גרם,false,,12.90,0.1075,true,1,1340695
7290013906489,false,חטיפי מיני קבנוס 120 ג' טירת צבי,הנסיך- מפעל לייצור ט,IL,חטיפי קבנוס טירת צבי 120,גרמים,120.00,100 גרם,false,,12.90,0.1075,true,1,1340696
7290013906519,false,טירת צבי פרושוטו בקר,הנסיך- מפעל לייצור ט,IL,פרושוטו בקר טירת צבי 100,גרמים,100.00,100 גרם,false,,23.90,0.2390,true,1,1340698
7290013906687,false,פסט' צמד כפרית ברביקיו ודבש 300X2ג' טירת צבי,הנסיך- מפעל לייצור ט,IL,צמד כפרית ברביקיו וד,גרמים,600.00,100 גרם,false,,26.90,0.0448,true,1,1377058
7290013906694,false,נקניקיות שקית קילו וחצי טירת צבי,הנסיך- מפעל לייצור ט,IL,"נקניקיות עוף 1.5 ק""ג",קילוגרמים,1.50,"ק""ג",false,,29.90,19.9333,true,1,2511977
7290013927200,false,עוגת שוקולד צ'יפס עשירה אחווה 400ג',אחדות ביחר לטחינה חל,IL,עוגת שוקולד צי'פס עשירה 4,גרמים,400.00,100 גרם,false,,10.90,0.0273,true,1,1306666
7290013927637,false,חלווה ללא תוספת סוכר 400 גר' אחוה,אחדות ביחר לטחינה חל,IL,חלוה ללא תוספת סוכר,גרמים,400.00,100 גרם,false,,12.90,0.0323,true,1,2385207
7290013927996,false,עוגת שמרים קראץ' בטעם שוקולד 400 גר',אחדות ביחר לטחינה חל,IL,עוגת שמרים קרנץ בטעם,גרמים,400.00,100 גרם,false,,10.90,0.0273,true,1,2405983
7290013939319,false,שמן טיפולי לשיער תמר,ש.שוורץ,IL,שמן טיפולי לשיער תמרים 10,מיליליטרים,100.00,"100 מ""ל",false,,39.90,0.3990,true,1,1328105
7290013939326,false,מסכה לשיער תמרים 500,ש.שוורץ,IL,"מסכה לשיער תמרים500 סמ""ק",מיליליטרים,500.00,"100 מ""ל",false,,39.90,0.0798,true,1,1328106
7290013939340,false,קרם גוף תמרים 500,ש.שוורץ,IL,"קרם גוף תמרים500 סמ""ק",מיליליטרים,500.00,"100 מ""ל",false,,29.90,0.0598,true,1,1328108
7290013939357,false,שמפו לשיער רגיל 500,ש.שוורץ,IL,"שמפו תמרים רגיל 500סמ""ק",מיליליטרים,500.00,"100 מ""ל",false,,14.90,0.0298,true,1,1328109
7290013939364,false,"שמפו לשיער יבש צבוע 500 סמ""ק",שוורץ,IL,שמפו תמרים יבש-צבוע 500סמ,מיליליטרים,500.00,"100 מ""ל",false,,14.90,0.0298,true,1,1328110
7290013939654,false,תרסיס ג'ל אלוורה,שוורץ,IL,"תרסיס ג'ל אלוורה 250 סמ""ק","100 סמ""ק",250.00,"100 סמ""ק",false,,19.90,0.0796,true,1,1328116
7290013941398,false,יאלוט חטיף חטיף רך ל,,,יאלוט חטיף חטיף רך ל,יחידה,0.00,יחידה,false,,14.90,0.0000,true,1,2527595
7290013941404,false,יאלוט חטיף חטיף רך ל,,,יאלוט חטיף חטיף רך ל,יחידה,0.00,יחידה,false,,14.90,0.0000,true,1,2527596
7290013941411,false,יאלוט חטיף חטיף רך ל,,,יאלוט חטיף חטיף רך ל,יחידה,0.00,יחידה,false,,14.90,0.0000,true,1,2527597
7290013986818,false,"תחליב פנים 200 מ""ל ג",,,"תחליב פנים 200 מ""ל ג",מיליליטרים,200.00,"100 מ""ל",false,,39.90,0.1995,true,1,1508668
7290013994042,false,זרעי פשתן אורגני300.,אול אורגני,IL,זרעי פשתן הרדוף 300,גרמים,300.00,100 גרם,false,,6.90,0.0230,true,1,1389591
7290013994295,false,קינואה אדומה אורגנית,הרדוף,,קינואה אדומה אורגנית,גרמים,500.00,100 גרם,false,,24.90,0.0498,true,1,1500457
7290013994301,false,קינואה שחורה אורגנית,,,קינואה שחורה אורגנית,גרמים,500.00,100 גרם,false,,24.90,0.0498,true,1,1500427
7290013994585,false,גרעיני דלעת קלופים אורגניים,אול אורגני,IL,גרעיני דלעת קלופים א,גרמים,300.00,100 גרם,false,,24.90,0.0830,true,1,1500359
7290013994653,false,קינואה רויאל אורגנית,אול אורגני,IL,קינואה רויאל אורגנית,גרמים,500.00,100 גרם,false,,17.90,0.0358,true,1,1500430
7290013994677,false,עדשים שחורות אורגניות,אול אורגני,IL,עדשים שחורות אורגניו,גרמים,500.00,100 גרם,false,,19.90,0.0398,true,1,1389592
7290013994752,false,מקלות בייגלה עם מלח,,,מקלות בייגלה עם מלח,גרמים,200.00,100 גרם,false,,12.90,0.0645,true,1,1758608
7290013994912,false,קמח כוסמין 70% אורגני,עץ השדה,IL,קמח כוסמין 70% מלא א,קילוגרמים,1.00,"ק""ג",false,,19.90,19.9000,true,1,2385445
7290014002128,false,תה ירוק לימונית ומנטה 25 שקיקים ויסוצקי,ויסוצקי ירוק,IL,תה ירוק לימונית מנטה,גרמים,37.50,100 גרם,false,,22.90,0.6107,true,1,1339424
7290014002135,false,תה ויסוצקי ירוק מיקס 5 טעמים 25 יח',HIQ FOOD PRODUCTS,IL,תה ירוק מיקס,גרמים,37.50,100 גרם,false,,22.90,0.6107,true,1,1339425
7290014002197,false,ויסוצקי חליטת קמומיל ולימונית 25*1.5ג,ויסוצקי,IL,חליטת קמומיל ולימונית,גרמים,62.50,100 גרם,false,,16.90,0.2704,true,1,1339428
7290014002203,false,תה ויסוצקי חליטת לימונית ולואיזה 20יח',HIQ FOOD PRODUCTS,IL,חליטת לימונית ולואיזה,גרמים,62.50,100 גרם,false,,16.90,0.2704,true,1,1339429
7290014002579,false,ויסוצקי תה ירוק וניל 37.5 גר,ויסוצקי ירוק,IL,תה ירוק וניל,גרמים,37.50,100 גרם,false,,22.90,0.6107,true,1,1339430
7290014002944,false,גן קסום חליטת פירות וצמחים חמדת שקד 25 שקיקים,HIQ FOOD PRODUCTS,IL,חליטת חמדת השקד,גרמים,62.50,100 גרם,false,,16.90,0.2704,true,1,1339438
7290014002982,false,תה ירוק לימונית לואיזה בתוספת עלי סטיביה 25 שקיקים,ויסוצקי ירוק,IL,תה ירוק סטיביה,גרמים,37.50,100 גרם,false,,22.90,0.6107,true,1,1339440
7290014046047,false,צמד פסטרמות 600 ג' יחיעם,מעדני יחיעם 1993,IL,צמד פסטרמות 600גר',גרמים,600.00,100 גרם,false,,24.90,0.0415,true,1,1343228
7290014046436,false,נשנושי קבנוס 125 ג' יחיעם,מעדני יחיעם 1993,IL,נשנושי קבנוס 125גר',גרמים,125.00,100 גרם,false,,12.90,0.1032,true,1,1343229
7290014046580,false,פסטרמה מעודנת על גחלים 300 ג' יחיעם,מעדני יחיעם 1993,IL,פסט' הודו מעודנת על גחלים,גרמים,300.00,100 גרם,false,,24.90,0.0830,true,1,1343238
7290014046764,false,סלמי פפרוני יחיעם 20,,,סלמי פפרוני,גרמים,200.00,100 גרם,false,,10.90,0.0545,true,1,1910046
7290014056053,false,בירה שפירא-אי.פי.אי,שפירא,IL,בירה שפירא-אי.פי.אי,מיליליטרים,330.00,"100 מ""ל",false,,14.90,0.0452,true,1,2399984
7290014059085,false,"סנוסדין משחת שיניים לשיקום והגנה 75 מ""ל",סמית קליין ביצ'ם,GB,סנסודיין משחה לשיקום והגנ,מיליליטרים,75.00,"100 מ""ל",false,,23.90,0.3187,true,1,1346627
7290014059436,false,"סנסודיין משחת שיניים לשיקום והגנה מלבינה 75 מ""ל",סמית קליין ביצ'ם,GB,75 סנסודיין שיקום והגנה מ,מיליליטרים,75.00,"100 מ""ל",false,,23.90,0.3187,true,1,1346634
7290014066359,false,לנדוור-קפסולות אספרסו בלנסד(06) - 10יח'12X יח,האחים פלם הגפן,IL,קפסולות קפה לנדוור 1,גרמים,80.00,100 גרם,false,,15.90,0.1988,true,1,2212676
7290014066366,false,לנדוור-קפסולות אספרסו ריסטרטו(08) - 10יח'12X יח,קפה לנדוור,IL,קפסולות קפה לנדוור 1,גרמים,80.00,100 גרם,false,,15.90,0.1988,true,1,2212677
7290014066373,false,לנדוור-קפסולות אספרסו קלאסיק(09) - 10יח'12X יח,קפה לנדוור,IL,קפסולות קפה לנדוור 1,גרמים,80.00,100 גרם,false,,15.90,0.1988,true,1,2212678
7290014066380,false,לנדוור-קפסולות אספרסו סופרימו(10) - 10יח'12X יח,קפה לנדוור,IL,קפסולות קפה לנדוור 1,גרמים,80.00,100 גרם,false,,15.90,0.1988,true,1,2212679
7290014066441,false,לנדוור-קפסולות אספרסו נטול קפאין(07) - 10יח'12X יח,קפה לנדוור,IL,קפסולות קפה לנדוור 1,גרמים,80.00,100 גרם,false,,15.90,0.1988,true,1,2400967
7290014066526,false,לנדוור-קפסולות אספרסו תערובת הבית(11) - 10יח'12X יח,קפה לנדוור,IL,קפסולות קפה לנדוור 1,גרמים,80.00,100 גרם,false,,15.90,0.1988,true,1,2400973
7290014066533,false,לנדוור-קפסולות אספרסו קלייה כפולה(12) - 10יח'12X יח,לנדוור,IL,קפסולות קפה לנדוור 1,גרמים,80.00,100 גרם,false,,15.90,0.1988,true,1,2400974
7290014083479,false,גבינת גאודה פרוסות 150 גרם 29% שומן,ג.וילי פוד אינטרנשיו,IL,גבינת גאודה פרוסות 150גרם,גרמים,150.00,100 גרם,false,,12.90,0.0860,true,1,1814031
7290014083806,false,עוגיות בטעם חמאה .400 ג',דן קייק,PT,עוגיות בטעם חמאה 350גרם (,גרמים,350.00,100 גרם,false,,11.90,0.0340,true,1,1308911
7290014083813,false,וילי פוד מריגה שפרוטים מעושנים בשמן 190ג,הנסיך- מפעל לייצור ט,LV,שפרוטים מעושנים בשמן 190ג,גרמים,190.00,100 גרם,false,,7.90,0.0416,true,1,1308912
7290014094338,false,גרעיני דלעת קלופים ש,"דין שיווק וקליה בע""מ",,דלעת מקולפת 200 גרם,גרמים,200.00,100 גרם,false,,14.90,0.0745,true,1,1327611
7290014094345,false,גרעיני חמניות קלופות,"דין שיווק וקליה בע""מ",,חמניה מקולפת 200 גרם,גרמים,200.00,100 גרם,false,,9.90,0.0495,true,1,1327612
7290014094352,false,אגוזי מלך בקופסא 200 ג',"דין שיווק וקליה בע""מ",,אגוזי מלך 200 גרם בק,גרמים,200.00,100 גרם,false,,19.90,0.0995,true,1,1327613
7290014094369,false,ששון הקולה שקד טבעי,"דין שיווק וקליה בע""מ",IL,שקד טבעי 200 גרם בקו,גרמים,200.00,100 גרם,false,,19.90,0.0995,true,1,1327614
7290014094376,false,שזיפים ללא גלעין ששו,"דין שיווק וקליה בע""מ",,שזיף ללא גלעין 250 ג,גרמים,250.00,100 גרם,false,,19.90,0.0796,true,1,1327615
7290014094383,false,משמש מיובש ששון הקול,"דין שיווק וקליה בע""מ",,משמש 250 גרם בקופסא,גרמים,250.00,100 גרם,false,,19.90,0.0796,true,1,1327616
7290014094390,false,חמוציות מסוכרות ששון,"דין שיווק וקליה בע""מ",,חמוציות 250 גרם בקופ,גרמים,250.00,100 גרם,false,,12.90,0.0516,true,1,1327617
7290014094406,false,צימוק לבן 330 ג' בקופסא,"דין שיווק וקליה בע""מ",,צימוק לבן 250 גרם בק,גרמים,250.00,100 גרם,false,,14.90,0.0596,true,1,1327618
7290014094505,false,אורז בסמתי טהור אהרוני 1 ק''ג,האי נאם סי או אל.טי.,IN,"אורז בסמטי 1 ק""ג",קילוגרמים,1.00,"ק""ג",false,,12.90,12.9000,true,1,1327626
7290014094529,false,"רוטב סויה 300 מ""ל אהרוני",דין שיווק,,"רוטב סויה 300 מ""ל",מיליליטרים,300.00,"100 מ""ל",false,,10.90,0.0363,true,1,1327628
7290014094536,false,רוטב סויה 623מ''ל אהרוני,דין שיווק,,"רוטב סויה 623 מ""ל",מיליליטרים,623.00,"100 מ""ל",false,,19.90,0.0319,true,1,1327629
7290014094628,false,פקאן טבעי 200 ג' בקופסא,ששון הקולה,,פקאן טבעי 200 גרם בק,גרמים,200.00,100 גרם,false,,22.90,0.1145,true,1,1327635
7290014094642,false,קשיו טבעי גדול בקופס,"דין שיווק וקליה בע""מ",,קשיו טבעי גדול 200 ג,גרמים,200.00,100 גרם,false,,24.90,0.1245,true,1,1327637
7290014095472,false,חטיף דגנים עם חמוציות ושוקולד מריר 125 ג',דין שיווק,MK,חטיף דגנים עם חמוציו,גרמים,125.00,100 גרם,false,,9.90,0.0792,true,1,1327639
7290014095496,false,חטיף דגנים עם אגוזים ושוקלד מריר 125 ג',דין שיווק,MK,חטיף דגנים אגוזים בש,גרמים,125.00,100 גרם,false,,9.90,0.0792,true,1,1327640
7290014095861,false,שיבולת שועל דקה להכנה מהירה,"דין שיווק וקליה בע""מ",IL,שיבולת שועל דקה 500,גרמים,500.00,100 גרם,false,,4.90,0.0098,true,1,1327652
7290014095946,false,משוקלדים פקאן בשוקולד מריר 140 גרם,"דין שיווק וקליה בע""מ",IL,פקאן בשוקולד מריר 14,גרמים,140.00,100 גרם,false,,9.90,0.0707,true,1,1350454
7290014095953,false,משוקלדים פקאן בשוקולד חלב 140 ג',שקדיה גבע בתעשיות עמ,IL,פקאן בשוקולד חלב 140,גרמים,140.00,100 גרם,false,,9.90,0.0707,true,1,1350455
7290014095960,false,שיבולת שועל עבה להכנה מהירה,"דין שיווק וקליה בע""מ",IL,שיבולת שועל עבה 500,גרמים,500.00,100 גרם,false,,4.90,0.0098,true,1,1364167
7290014126343,false,עוגיות בישקוטים וניל,Bonomi,,ביסקוטים בונומי קקאו,גרמים,200.00,100 גרם,false,,4.90,0.0245,true,1,1572828
7290014126428,false,סוכרלוז סטיביה 150 ג,מיוצר עי קונדיטוריית,CN,מר' סטיביה 150טבליות,יח',150.00,יח',false,,26.90,0.1793,true,1,1353485
7290014126473,false,בייבי ביס חטיף אורז בטעם תפוח,,,חטיפי אורז בייבי ביס,גרמים,50.00,100 גרם,false,,11.90,0.2380,true,1,1686095
7290014204003,false,פנינה רוזנבלום-שמפו צבוע ורוד 750,א.ארמן,IL,שמפו לשיער צבוע 750,מיליליטרים,750.00,"100 מ""ל",false,,12.90,0.0172,true,1,1348157
7290014204010,false,פנינה רוזנבלום-מרכך צבוע ורוד 750,א.ארמן,IL,מרכך לשיער צבוע 750,מיליליטרים,750.00,"100 מ""ל",false,,12.90,0.0172,true,1,1348158
7290014204027,false,פנינה רוזנבלום-שמפו יומי ורוד 750,א.ארמן,IL,"שמפו יומי 750 מ""ל",מיליליטרים,750.00,"100 מ""ל",false,,12.90,0.0172,true,1,1348159
7290014204584,false,"מרכך לילדים 750 מ""ל",,,"מרכך לילדים 750 מ""ל",מיליליטרים,750.00,"100 מ""ל",false,,19.90,0.0265,true,1,1348167
7290014204591,false,"שמפו לילדים 750 מ""ל",פנינה רוזנבלום PR,,"שמפו לילדים 750 מ""ל",מיליליטרים,750.00,"100 מ""ל",false,,19.90,0.0265,true,1,1348168
7290014204638,false,מרכך לאחר החלקה מועשר בקרטין,פנינה רוזנבלום PR,,מרכך שיער לאחר החלקה,מיליליטרים,750.00,"100 מ""ל",false,,24.90,0.0332,true,1,1371311
7290014217003,false,תבלין פפריקה מעושנת מיכל 90ג',תות ממתקי איכות,IL,מיכל פפריקה מעושנת 90 גר',גרמים,90.00,100 גרם,false,,7.90,0.0878,true,1,1350818
7290014217010,false,תבלין תיבול דגים מיכל 90גר,תבליני טעם וריח,IL,T-BUL לדגים מיכל 90 גר',גרמים,90.00,100 גרם,false,,12.90,0.1433,true,1,1350819
7290014217027,false,תבלין טי בול לעוף 120 גר',תות ממתקי איכות,IL,T-BUL לעוף מיכל 120 גר',גרמים,120.00,100 גרם,false,,12.90,0.1075,true,1,1350820
7290014217065,false,תבלין אורגנו עלים 30 גר',תות ממתקי איכות,IL,מיכל אורגנו 30 גר',גרמים,30.00,100 גרם,false,,5.90,0.1967,true,1,1350824
7290014217119,false,תערובת לצ'יפס מיכל 100 ג',תות ממתקי איכות,IL,מיכל תע' לצ'יפס 100 גר',גרמים,100.00,100 גרם,false,,7.90,0.0790,true,1,1350825
7290014217157,false,תערובת תיבול טוסקנה מיכל 120 גר,תות ממתקי איכות,IL,מיכל טוסקנה תיבול 120גר',גרמים,120.00,100 גרם,false,,7.90,0.0658,true,1,1350828
7290014217164,false,תבלין פטרוזיליה מיכל גדול 20 ג',תות ממתקי איכות,IL,מיכל פטרוזיליה 20 גר',גרמים,20.00,100 גרם,false,,5.90,0.2950,true,1,1350829
7290014217171,false,תערובת תיבול תיבול גריל דג מיכל 100ג',תות ממתקי איכות,IL,מיכל גריל דג תיבול 100גר',גרמים,100.00,100 גרם,false,,7.90,0.0790,true,1,1350830
7290014217201,false,תערובת תיבול סומק 45 ג',תות ממתקי איכות,IL,תערובת תיבול סומק,גרמים,45.00,100 גרם,false,,4.90,0.1089,true,1,1396965
7290014217225,false,תבלין גריל עוף מיכל 120גר,תות ממתקי איכות,IL,מיכל גריל עוף 120 גר',גרמים,120.00,100 גרם,false,,7.90,0.0658,true,1,1350831
7290014217263,false,תערובת תיבול לפרגיות 100ג',תות ממתקי איכות,IL,תיבול לפרגיות,גרמים,100.00,100 גרם,false,,7.90,0.0790,true,1,1418772
7290014217348,false,צ'ילי כתוש חריף (פלפל קיינה),תות ממתקי איכות,IL,מיכל צ'ילי כתוש 70 גר',גרמים,70.00,100 גרם,false,,7.90,0.1129,true,1,1350834
7290014217355,false,תבלין אבקת קרי מיכל 100ג',תות ממתקי איכות,IL,מיכל קרי אבקה 100 גר',גרמים,100.00,100 גרם,false,,7.90,0.0790,true,1,1350835
7290014217362,false,תבלין תיבול לקציצות מיכל 100 ג',תות ממתקי איכות,IL,מיכל תיבול לקציצות 100גר',גרמים,100.00,100 גרם,false,,7.90,0.0790,true,1,1350836
7290014217393,false,אבקת צילי חריף 30 גר,,,אבקת צילי חריף 30 גר,גרמים,30.00,100 גרם,false,,4.90,0.1633,true,1,2470571
7290014217478,false,תערובת עשבי תיבול איטלקי ים תיכוני 30ג',תות ממתקי איכות,IL,תערובת עשבי תיבול אי,גרמים,30.00,100 גרם,false,,5.90,0.1967,true,1,1426190
7290014217485,false,תערובת תיבול קייג'ון,תות ממתקי איכות,IL,קייגון תיבול מיכל,גרמים,100.00,100 גרם,false,,7.90,0.0790,true,1,2097813
7290014217492,false,תבלין פילדלפיה תערובת 100 גר,תות ממתקי איכות,IL,פילדלפיה תיבול מיכל,גרמים,100.00,100 גרם,false,,7.90,0.0790,true,1,2097814
7290014217515,false,תבלין ציפוי ללחם מלוח טעם וריח 90 ג',תות ממתקי איכות,IL,ציפוי מאפה מלוח מיכל,גרמים,90.00,100 גרם,false,,8.90,0.0989,true,1,2097804
7290014217522,false,תערובת ללחם שום טעם וריח 100 ג',תות ממתקי איכות,IL,לחם שום תערובת מיכל,גרמים,100.00,"100 ג""ר",false,,8.90,0.0890,true,1,2097805
7290014217911,false,תבלין פלפל אדום מתוק בשקית 150 גר,יוליניבר,IL,פלפל מתוק שלם 150 גר,גרמים,150.00,100 גרם,false,,12.90,0.0860,true,1,2434406
7290014218321,false,בורקס אישי גבינה מעדנות 600 ג',מיוצר עי קונדיטוריית,IL,בורקס יפו גבינה מעדנ,גרמים,600.00,100 גרם,false,,14.90,0.0248,true,1,1490844
7290014218338,false,בורקס יפו במילוי תפוחי אדמה,מיוצר עי קונדיטוריית,IL,"בורקס יפו תפו""א מעדנ",גרמים,600.00,100 גרם,false,,12.90,0.0215,true,1,1490845
7290014218536,false,"בצק עלים מופחת שומן מעדנות 1 ק""ג","מעדנות בע""מ",IL,בצק עלים מופחת שומן,קילוגרמים,1.00,"ק""ג",false,,22.90,22.9000,true,1,1500113
7290014218932,false,חטיפי פיצה בתוספת זיתים 710 ג' מעדנות,מיוצר עי קונדיטוריית,IL,חטיפי פיצה בתוספת זי,גרמים,710.00,100 גרם,false,,32.90,0.0463,true,1,2357412
7290014256620,false,יין אדום מתוק מבעבע Buzz קריניאנו,יקבי כרמל Carmel Winery,IL,יין קריניאנו,מיליליטרים,750.00,"100 מ""ל",false,,24.90,0.0332,true,1,1308316
7290014256637,false,יין לבן מתוק מבעבע Buzz מוסקטו,יקבי כרמל Carmel Winery,IL,יין מוסקטו,מיליליטרים,750.00,"100 מ""ל",false,,24.90,0.0332,true,1,1308317
7290014258716,false,תרכובת מזון צמחי על בסיס חלבון סויה מגיל לידה,מטרנה תעשיות ש.מ,IL,תרכובת מזון לתינוקות על ב,גרמים,700.00,100 גרם,false,,54.90,0.0784,true,1,1305825
7290014308626,false,פלפל שחור גרוס 100 גרם,תבליני פרג,,פלפל שחור גרוס דק דק,גרמים,100.00,100 גרם,false,,13.90,0.1390,true,1,2528194
7290014308633,false,פלפל שחור שלם,,,פלפל שחור שלם,גרמים,80.00,100 גרם,false,,13.90,0.1738,true,1,2528657
7290014309012,false,אגוז מוסקט טחון פרג,תבליני הדור השלישי,IL,אגוז מוסקט טחון,גרמים,40.00,100 גרם,false,,13.90,0.3475,true,1,2528159
7290014309128,false,תבלין קצח פרג 120 גר,תבליני הדור השלישי,IL,קצח 120 גרם,גרמים,120.00,100 גרם,false,,13.90,0.1158,true,1,2528218
7290014309180,false,סומך טחון פרג,תבליני פרג,,סומק,גרמים,100.00,100 גרם,false,,13.90,0.1390,true,1,2528187
7290014309449,false,תבלין לשוארמה ופרגית,,,תבלין לשוארמה ופרגית,גרמים,350.00,100 גרם,false,,29.90,0.0854,true,1,2528922
7290014318090,false,מיני ניוקי ללא גלוטן,,,מיני ניוקי ללא גלוטן,גרמים,500.00,100 גרם,false,,16.90,0.0338,true,1,1511935
7290014318113,false,ניוקי תפוח אדמה ללא,,,ניוקי תפוח אדמה ללא,גרמים,500.00,100 גרם,false,,16.90,0.0338,true,1,1511936
7290014318243,false,פולנטה איטלקית עדינה,,,פולנטה איטלקית עדינה,גרמים,1000.00,100 גרם,false,,12.90,0.0129,true,1,1499198
7290014318250,false,"פולנטה איטלקית מקורית 1 ק""ג (10)",,,פולנטה איטלקית,קילוגרמים,1.00,"ק""ג",false,,12.90,12.9000,true,1,1499216
7290014318311,false,מארז שלישיית עגבניות חתוכות דק במיץ עגבניות Rosso,,,עגבניות פולפה (מעגבנ,גרמים,1200.00,100 גרם,false,,14.90,0.0124,true,1,1499051
7290014318441,false,עגבניות פאסאטא 680 ג,,,מחית עגבניות חלקה,גרמים,680.00,100 גרם,false,,9.90,0.0146,true,1,1580473
7290014318458,false,מחית עגבניות חתוכות דק Rustica,איטליקה Italica,,עגבניות חתוכות דק,גרמים,680.00,100 גרם,false,,12.90,0.0190,true,1,1580474
7290014318663,false,חומץ תפוחים אורגני 7,,,"חומץ תפוחים אורגני """,מיליליטרים,750.00,"1000מ""ל",false,,18.90,0.0252,true,1,2151895
7290014318670,false,"רכז רימונים 250מ""ל",,,רכז רימונים,מיליליטרים,250.00,"100 מ""ל",false,,27.90,0.1116,true,1,2383781
7290014318748,false,סירופ אגבה 330 מל,,,סירופ אגבה,מיליליטרים,330.00,"100 מ""ל",false,,22.90,0.0694,true,1,2383782
7290014318861,false,קרם קוקוס אורגנני 18,,,קרם קוקוס אורגנני 18,מיליליטרים,250.00,"100 מ""ל",false,,9.90,0.0396,true,1,2383794
7290014321007,false,"שמן קוקוס 350 מ""ל או",כפרי בריא,,"שמן קוקוס 350 מ""ל או",מיליליטרים,350.00,"100 מ""ל",false,,29.90,0.0854,true,1,1364790
7290014325036,false,סוכריות ג'לי עטופות שמחות 600גרם,מיה תעשיות מזון בעמ,IL,סוכריות ג'לי שמחות 600גרם,גרמים,600.00,100 גרם,false,,15.90,0.0265,true,1,1334235
7290014325043,false,"פודינג וניל 1 ק""ג שקית",מיה תעשיות מזון בעמ,IL,פודינג וניל 1ק'ג,גרמים,1000.00,100 גרם,false,,19.90,0.0199,true,1,1334236
7290014325050,false,קורנפלור מיה 500 גרם,מיה תעשיות מזון בעמ,IL,קורנפלור 500גרם,גרמים,500.00,100 גרם,false,,4.90,0.0098,true,1,1334237
7290014397163,false,"מטהר אוויר פרש הום פריחת השקד, ורד אנגלי וכותנה",סנו פרש Fresh,,מטהר אוויר פרש אוטומ,מיליליטרים,250.00,"100 מ""ל",false,,13.90,0.0556,true,1,1838586
7290014397170,false,"פרש מיכל מילוי אוטומטיק סופט בלאנס 250 מ""ל סנו",מיוצר עי קונדיטוריית,IL,מטהר אוויר פרש אוטומ,מיליליטרים,250.00,"100 מ""ל",false,,13.90,0.0556,true,1,1832876
7290014397200,false,מברשת שיניים סופט - מארז שלישיה,אורביטול Orbitol,CN,3 מברשות שיניים אורביטול,יח',3.00,יח',false,,9.90,3.3000,true,1,1320274
7290014397279,false,שקיות מזון נשלפות XL גדולות במיוחד,אשפלסט תעשיות,IL,סנו סושי 300 שקיות מזון,יח',300.00,יח',false,,12.90,0.0430,true,1,1320279
7290014397286,false,מרכך כביסה מקסימה מרוכז חלב ודבש 1 ל' סנו,סנו מקסימה,IL,מרכך מרוכז חלב ודבש 1ל,ליטרים,1.00,ליטר,false,,17.90,17.9000,true,1,1320280
7290014397453,false,מסיר כתמים לכביסה לבנה אוקסיג'ן ג'ל,סנו אוקסיג'ן,IL,מסיר כתמים לכביסה לבנה3ל,ליטרים,3.00,ליטר,false,,29.90,9.9667,true,1,1320283
7290014397491,false,"סנו פרש הום וניל קוקוס 350 מ""ל",סנו פרש Fresh,IL,סנופרש וניל קוקוס 350מל,מיליליטרים,350.00,"100 מ""ל",false,,14.90,0.0426,true,1,1320284
7290014397507,false,"מטהר אויר פרש הום פריחת יסמין 350מ""ל",מיוצר עי קונדיטוריית,IL,סנופרש מאסק מעודן350,מיליליטרים,350.00,"100 מ""ל",false,,14.90,0.0426,true,1,1320285
7290014397514,false,"סנו פרש הום מבשם כותנה מלטפת 350מ""ל","סנו מפעלי ברונוס בע""",IL,סנופרש הום כותנה 350מל,מיליליטרים,350.00,"100 מ""ל",false,,14.90,0.0426,true,1,1320286
7290014397538,false,פרש Home מבשם לבית בוקר אביבי,סנו מפעלי ברונוס בעמ,IL,סנופרש הום סבון מפנק,מיליליטרים,350.00,"100 מ""ל",false,,14.90,0.0426,true,1,1320288
7290014397705,false,פוליויקס פרקט בניחוח מאסק,סנו פוליויקס,IL,פוליויקס פרקט 2 ליטר,ליטרים,2.00,ליטר,false,,19.90,9.9500,true,1,1320300
7290014397712,false,סנובון ג'ל אסלה בניחוח פריחה ורודה,Nicols polandמשווק ו,PL,סנובון ג'ל בניחוח פריחה,מיליליטרים,65.00,"100 מ""ל",false,,7.90,0.1215,true,1,1320301
7290014397767,false,סנו ריצפז פרש הום 2 ליטר בניחוח כותנה-מרכז,"סנו מפעלי ברונוס בע""",IL,ריצפז פרש הום כותנה 2 לי,ליטרים,2.00,ליטר,false,,22.90,11.4500,true,1,1320305
7290014397774,false,רצפז פרש הום טבע רענן 2 ל',סנו פרש Fresh,IL,ריצפז פרש הום טבע רענן2ל,ליטרים,2.00,ליטר,false,,22.90,11.4500,true,1,1320306
7290014397781,false,סנו ריצפז פרש הום 2 ליטר בניחוח סבון,סנו פרש Fresh,IL,'ריצפז פרש סבון מפנק 2ל,ליטרים,2.00,ליטר,false,,22.90,11.4500,true,1,1320307
7290014397835,false,סנו - מט דוחה יתושים נוזלי מכשיר + מילוי 45 לילות,זובאלה,IT,סנומט סמרט 45לילות יחיד,יחידה,0.00,יחידה,false,,44.90,0.0000,true,1,1320309
7290014397897,false,"מבשם בגדים ואריגים כותנה מקסימה 350 מ""ל סנו",סנו מקסימה,IL,מבשם בגדים ואריגים 350מל,מיליליטרים,350.00,"100 מ""ל",false,,18.90,0.0540,true,1,1320314
7290014397903,false,מבשם בגדים ואריגים מקסימה Soft linen,סנו מקסימה,IL,מבשם בגדים לילך 350מל,מיליליטרים,350.00,"100 מ""ל",false,,18.90,0.0540,true,1,1320315
7290014426061,false,משחת שיניים הלו קיטי בטעם ענבים לגיל 2-6,כצט נוביס,IL,משחת שיניים הלו קיטי,מיליליטרים,50.00,"100 מ""ל",false,,11.90,0.2380,true,1,1346643
7290014435360,false,חומוס שמיר עם רוטב חריף 400 גר',סלטי שמיר 2006 בעמ,,חומוס עם רוטב חריף,גרמים,400.00,100 גרם,false,,10.90,0.0273,true,1,2379647
7290014435384,false,חומוס שמיר עם טחינה מיוחדת 400 גר',סלטי שמיר 2006 בעמ,,חומוס עם טחינה מיוחד,גרמים,400.00,100 גרם,false,,10.90,0.0273,true,1,2379649
7290014435704,false,סלמון מעושן 100גר' שמיר,שבעת הימים - שמיר,IL,סלמון מעושן פרוס 100,גרמים,100.00,100 גרם,false,,21.90,0.2190,true,1,2201021
7290014435803,false,מטיאס הולנדי (פרובנציאל) עם בצל בשמן 180 גרם,שבעת הימים - שמיר,IL,מטיאס הולנדי (פרובנצ,גרמים,200.00,100 גרם,false,,18.90,0.0945,true,1,2204689
7290014435810,false,הרינג כבוש ובצל במרינת חמוץ מתוק שמיר 180 ג',שבעת הימים - שמיר,IL,הרינג כבוש עם בצל במ,גרמים,220.00,100 גרם,false,,18.90,0.0859,true,1,2204690
7290014435827,false,פילה מקרל מעושן בשמן שמיר 180 ג',שבעת הימים - שמיר,IL,פילה מקרל מעושן בשמן,גרמים,190.00,100 גרם,false,,24.90,0.1311,true,1,2204691
7290014435834,false,מקרל מעושן פרוס בשמן 180 גרם,שבעת הימים - שמיר,IL,מקרל מעושן פרוס בשמן,גרמים,190.00,100 גרם,false,,24.90,0.1311,true,1,2204692
7290014435841,false,פילה מטיאס הולנדי בשמן שמיר 180ג',סלטי שמיר 2006 בעמ,IL,פילה מטיאס הולנדי בש,גרמים,200.00,100 גרם,false,,18.90,0.0945,true,1,2204693
7290014435872,false,סלט הרינג ומיונז שמיר 250ג',שבעת הימים - שמיר,IL,סלט הרינג עם מיונז,גרמים,200.00,100 גרם,false,,18.90,0.0945,true,1,2204694
7290014435889,false,סלט מטיאס עם מיונז 180 גרם,שבעת הימים - שמיר,IL,סלט מטיאס עם מיונז,גרמים,200.00,100 גרם,false,,18.90,0.0945,true,1,2204695
7290014435896,false,סלט סלומון עם מיונז 180 גר',שבעת הימים - שמיר,IL,סלט סלומון עם מיונז,גרמים,200.00,100 גרם,false,,21.90,0.1095,true,1,2204696
7290014454132,false,דאודורנט ספריי love,,,דאודורנט ספריי love,יחידה,0.00,יחידה,false,,19.90,0.0000,true,1,1327809
7290014454149,false,דאודורנט רול-און lov,חלאבין Halvin,,דאודורנט רול-און lov,מיליליטרים,80.00,"100 מ""ל",false,,12.90,0.1613,true,1,1327810
7290014454972,false,"קרם גוף 275 מ""ל גולד",,,"קרם גוף 275 מ""ל גולד",מיליליטרים,275.00,"100 מ""ל",false,,29.90,0.1087,true,1,1327824
7290014455245,false,גבינת גרנה פדנו משולש 29% 200 גרם בית יוסף,מחלבת סוציאלה מנטובה,IT,גבינה גרנה פדנו משול,גרמים,200.00,100 גרם,false,,24.90,0.1245,true,1,1401671
7290014455252,false,גבינה קשה מגורדת גרנה פדנו 29% שומן,מחלבות גד שיווק 1992,IT,גבינה גרנה פדנו מגור,גרמים,100.00,100 גרם,false,,11.90,0.1190,true,1,1401672
7290014455320,false,גבינה כדורי מוצרלה פרסקה גד 100ג',מחלבות גד בעמ,IL,כדור מוצרלה פרסקה 10,גרמים,100.00,100 גרם,false,,10.90,0.1090,true,1,1327979
7290014455467,false,ירח מתוק מעדן חלב 2% ושיבולת שועל גד 150ג',מחלבות גד,IL,מעדן שיבולת שועל וחל,גרמים,150.00,100 גרם,false,,6.50,0.0433,true,1,1401674
7290014455610,false,יוגורט עיזים עם תות,מיוצר על ידי קוד יצר,IL,יוגורט עיזים עם תות,גרמים,125.00,100 גרם,false,,6.20,0.0496,true,1,1471914
7290014455627,false,יוגורט עיזים עם דובדבן אמרנה,מיוצר עי קוד יצרן MK,IL,יוגורט עיזים דובדבן,גרמים,125.00,100 גרם,false,,6.20,0.0496,true,1,1471915
7290014459137,false,"צ'יפס תפוגן סטייק 1.5 ק""ג","תעשיות תפוגן בע""מ",IL,"תפוגן סטייק צ'יפס 1.5 ק""ג",קילוגרמים,1.50,"ק""ג",false,,19.90,13.2667,true,1,1305831
7290014459373,false,"צ'יפס קראנצ'י לתנור קפוא תפוגן 1.5ק""ג",עיצובים 2020 (4.5),,תפוגן צ'יפס קראנצי 1,קילוגרמים,1.50,"ק""ג",false,,22.90,15.2667,true,1,1403798
7290014459472,false,"צ'יפס תפוגן קלאסי 2 ק""ג",עיצובים 2020 (4.5),,תפוגן צ'יפס קלאסי 2,קילוגרמים,2.00,"ק""ג",false,,24.90,12.4500,true,1,1491958
7290014471412,false,"מוזלי בוטנים אגוזים ושקדים 1 ק""ג - 412 ירוק שקדיה",דין שיווק,IL,מיזלי בוטנים אגוזים,גרמים,1000.00,100 גרם,false,,19.90,0.0199,true,1,1327653
7290014471429,false,"מוזלי עם פירות 1 ק""ג - 429 סגול שקדיה",דין שיווק,IL,"מיזלי פירות 1 ק""ג.",גרמים,1000.00,100 גרם,false,,19.90,0.0199,true,1,1327654
7290014471436,false,"מיזלי צימוקים תפוח קינמון וגרעיני חמניה שקדיה 1ק""ג",דין שיווק,IL,מיזלי צימוקים תפוח ק,גרמים,1000.00,100 גרם,false,,19.90,0.0199,true,1,1327655
7290014471443,false,"גרנולה צימוקים אגוזים ושקדים1 ק""ג חדש - 443 כתום שקדיה (כתום)",דין שיווק,IL,"גרנולה אגוזים 1ק""ג",גרמים,1000.00,100 גרם,false,,19.90,0.0199,true,1,1327656
7290014472235,false,פקאן סיני מסוכר בקופ,ששון הקולה,,פקאן סיני מסוכר 200,גרמים,200.00,100 גרם,false,,24.90,0.1245,true,1,1327663
7290014472426,false,קונפיטורה דובדבן חמוץ 450 ג' שקדיה,"דין שיווק וקליה בע""מ",IL,קונפיטורה 450 גרם דו,גרמים,450.00,100 גרם,false,,12.90,0.0287,true,1,1704132
7290014472433,false,קונפיטורה תות שדה 450 ג' שקדיה,"דין שיווק וקליה בע""מ",IL,קונפיטורה 450 גרם תו,גרמים,450.00,100 גרם,false,,12.90,0.0287,true,1,1704133
7290014472440,false,קונפיטורה שקדיה תפוז 450 ג',"דין שיווק וקליה בע""מ",IL,קונפיטורה 450 גרם תפ,גרמים,450.00,100 גרם,false,,12.90,0.0287,true,1,1704134
7290014472464,false,קונפיטורה משמש 450גר,"דין שיווק וקליה בע""מ",IL,קונפיטורה 450 גרם מש,גרמים,450.00,100 גרם,false,,12.90,0.0287,true,1,1704136
7290014472990,false,ממרח 100% שקדים שקדיה 300 ג',דין שיווק,IL,ממרח שקדים 300 גרם,גרמים,300.00,100 גרם,false,,34.90,0.1163,true,1,1490524
7290014473676,false,חמאת בוטנים טבעית טעמן 510 גר',ניצה אס סיי,AR,חמאת בוטנים 510 גר,גרמים,510.00,100 גרם,false,,10.90,0.0214,true,1,1333518
7290014499133,false,קעריות לב קטן קינוח,,,קעריות לב קטן קינוח,100 יח',12.00,100 יח',false,,9.90,0.8250,true,1,1362346
7290014499140,false,קעריות לב גדול גדול,,,קעריות לב גדול גדול,100 יח',12.00,100 יח',false,,19.90,1.6583,true,1,1362347
7290014499720,false,גביעי אפולו 24 יחידו,,,גביעי אפולו 24 יחידו,100 יח',24.00,100 יח',false,,18.90,0.7875,true,1,1362379
7290014499744,false,גביע טוביטו 24 יחידו,,,גביע טוביטו 24 יחידו,100 יחידה,24.00,100 יחידה,false,,15.90,0.6625,true,1,1362381
7290014499973,false,קש מעוצב בצבעי נאון-,,,קש מעוצב בצבעי נאון-,יחידה,0.00,יחידה,false,,5.90,0.0000,true,1,1982915
7290014499997,false,שקיות קוקי+סוגרים בא,,,שקיות קוקי+סוגרים בא,יח',10.00,יח',false,,4.90,0.4900,true,1,1362393
7290014500037,false,לפתן עגולה מתכלה,,,לפתן עגולה מתכלה,100 יח',100.00,100 יח',false,,7.90,0.0790,true,1,1362397
7290014500105,false,צלחת 6 מרובע מתכלה 2,,,צלחת 6 מרובע מתכלה 2,יחידה,0.00,יחידה,false,,9.90,0.0000,true,1,1727614
7290014500419,false,מגש גלים קטן,,,מגש גלים קטן,יחידה,0.00,יחידה,false,,7.90,0.0000,true,1,1386963
7290014500440,false,קש בצבעי נאון באריזת,,,קש בצבעי נאון באריזת,יחידה,0.00,יחידה,false,,13.90,0.0000,true,1,1982916
7290014500761,false,כוס קריספנו,,,כוס קריספנו,יחידה,0.00,יחידה,false,,13.90,0.0000,true,1,1387037
7290014503137,false,יין דלתון יובלים אדו,"איי, בי, אינבוו",IL,יין דלתון יובלים אדו,מיליליטרים,750.00,"100 מ""ל",false,,39.90,0.0532,true,1,1333880
7290014503144,false,יין דלתון יובלים לבן,"איי, בי, אינבוו",IL,יין דלתון יובלים לבן,מיליליטרים,750.00,"100 מ""ל",false,,39.90,0.0532,true,1,1333881
7290014503328,false,יין עלמה סקארלט 750,דלתון,,יין דלתון עלמה,מיליליטרים,750.00,"100 מ""ל",false,,79.90,0.1065,true,1,1844612
7290014503618,false,יין דלתון עלמה קוראל,יקב דלתון בעמ,IL,יין דלתון עלמה,מיליליטרים,750.00,"100 מ""ל",false,,79.90,0.1065,true,1,1844613
7290014525009,false,חטיף סלים פרוט Slim fruit בטעם יוגורט ובמילוי תפוח,סלים דליס Slim Delis,ES,מרבה סלים פרוט בטעם יוגור,גרמים,182.00,100 גרם,false,,10.90,0.0599,true,1,1338953
7290014525016,false,חטיף סלים פרוט Slim fruit בטעם יוגורט ובמילוי תות שדה,סלים דליס Slim Delis,ES,מרבה סלים פרוט בטעם יוגור,גרמים,182.00,100 גרם,false,,10.90,0.0599,true,1,1338954
7290014525023,false,מרבה סלים פרוט בטעם יוגורט ופירות יער,סלים דליס Slim Delis,ES,מרבה סלים פרוט בטעם פירות,גרמים,215.00,100 גרם,false,,10.90,0.0507,true,1,1338955
7290014525177,false,חטיף סלים פרוט Slim fruit בטעם יוגורט ופירות יער,סלים דליס Slim Delis,ES,מרבה סלים פרוט בטעם יוגור,גרמים,120.00,100 גרם,false,,10.90,0.0908,true,1,1338959
7290014525290,false,חטיף קריספי עם מילוי בטעם תות שדה,סלים דליס Slim Delis,NL,חטיף קריספי עם מילוי,גרמים,125.00,100 גרם,false,,10.90,0.0872,true,1,1420679
7290014525306,false,מרבה סלים דליס קריספי אוכמניות 125 גר,סלים דליס Slim Delis,NL,חטיף קריספי עם מילוי,גרמים,125.00,100 גרם,false,,10.90,0.0872,true,1,1420680
7290014525665,false,מרבה על חלל עוגיות קקאו וסוכריות שוק חלב 140 יח',"מרבה בע""מ",NL,עוגיות על חלל קקאו ע,גרמים,140.00,100 גרם,false,,9.90,0.0707,true,1,2454866
7290014525672,false,מרבה על חלל עוגיות עם סוכריות שוקולד 140 יח',"מרבה בע""מ",NL,עוגיות על חלל עם סוכ,גרמים,140.00,100 גרם,false,,9.90,0.0707,true,1,2454867
7290014547353,false,זוג מברשות שיניים סנ,,,זוג מברשות שיניים סנ,יחידה,0.00,יחידה,false,,19.90,0.0000,true,1,1875306
7290014562387,false,גרגירים נמסים להכנת משקה קמומיל,סילקו אם איי ספולקה,,תה קמומיל 200 גרם,גרמים,200.00,100 גרם,false,,19.90,0.0995,true,1,1348297
7290014562394,false,משקה גרגירים שומר בטר& דיפרנט 200ג',סילקו אם איי ספולקה,,תה שומר 200 גרם,גרמים,200.00,100 גרם,false,,19.90,0.0995,true,1,1348298
7290014562684,false,פריכיות אורז דקות מרובעות 130 ג',,,פריכיות אורז דקות מר,גרמים,130.00,100 גרם,false,,5.90,0.0454,true,1,1408476
7290014562691,false,פריכיות תירס מרובעות דקות 130 ג,,,פריכיות תירס דקות מר,גרמים,130.00,100 גרם,false,,5.90,0.0454,true,1,1408477
7290014581074,false,רשת למנגל גדול,,,רשת למנגל גדול,יחידה,0.00,יחידה,false,,19.90,0.0000,true,1,2455808
7290014581166,false,רשת קטנה לצליית כבד,,,רשת קטנה לצליית כבד,יחידה,0.00,יחידה,false,,9.90,0.0000,true,1,2454148
7290014581173,false,רשת בינונית לצליית כ,,,רשת בינונית לצליית כ,יחידה,0.00,יחידה,false,,12.90,0.0000,true,1,2454149
7290014581319,false,מנגל פח + רשת,,,מנגל + רשת,יחידה,0.00,יחידה,false,,29.90,0.0000,true,1,2454151
7290014581333,false,מניפה (נפנף),,,נפנף,יחידה,0.00,יחידה,false,,4.90,0.0000,true,1,2457188
7290014581500,false,מנגל ענק עם רגליים ו,,,מנגל מגולוון ענק 30*,יחידה,0.00,יחידה,false,,89.90,0.0000,true,1,2454152
7290014648432,false,"תחבושת אלסטית 7.5ס""מ",,,"תחבושת אלסטית 7.5ס""מ",יחידה,0.00,יחידה,false,,5.90,0.0000,true,1,2173932
7290014648616,false,אטמי אוזניים מסיליקו,,,אטמי אוזניים מסיליקו,יחידה,0.00,יחידה,false,,12.90,0.0000,true,1,1930024
7290014648630,false,מסרק כינים חירוץ כפו,,,מסרק כינים חירוץ כפו,יחידה,0.00,יחידה,false,,9.90,0.0000,true,1,2173948
7290014648753,false,חוצה וכותש כדורים,,,חוצה וכותש כדורים,יחידה,0.00,יחידה,false,,9.90,0.0000,true,1,2311635
7290014648760,false,חוצה כדורים,,,חוצה כדורים,יחידה,0.00,יחידה,false,,6.90,0.0000,true,1,2311636
7290014649019,false,ספוג כפפה לאמבט לבן,,,ספוג כפפה לאמבט לבן,יחידה,0.00,יחידה,false,,14.90,0.0000,true,1,2311647
7290014649026,false,ספוג כפפה משולב לאמב,,,ספוג כפפה משולב לאמב,יחידה,0.00,יחידה,false,,14.90,0.0000,true,1,2311648
7290014666344,false,פלסטר נקסקר נושם צבע,,,פלסטר נקסקר נושם צבע,יח',48.00,יח',false,,14.90,0.3104,true,1,2435251
7290014666764,false,פלסטר נקסקר נושם בצב,,,פלסטר נקסקר נושם בצב,יח',100.00,יח',false,,24.90,0.2490,true,1,2435253
7290014666993,false,פלסטר נקסקר נושם שקו,,,פלסטר נקסקר נושם שקו,יח',100.00,יח',false,,24.90,0.2490,true,1,2435254
7290014692299,false,גבינת ברי 125 ג' קסטיאלו ויליפוד,יורו צ'יז Euro Cheese,DK,גבינת ברי 125גרם CASTELLO,גרמים,125.00,100 גרם,false,,19.90,0.1592,true,1,1308916
7290014692305,false,גבינת קממבר 125ג' CASTELLO ויליפוד,הנסיך- מפעל לייצור ט,DK,גבינת קממבר 125גרם CASTEL,גרמים,125.00,100 גרם,false,,19.90,0.1592,true,1,1308917
7290014692817,false,גבינת מוצרלה מגורדת 200 ג' EURO CHEESE ויליפוד,הנסיך- מפעל לייצור ט,IL,גבינת מוצרלה מגורדת 200גר,גרמים,200.00,100 גרם,false,,15.00,0.0750,true,1,1308924
7290014748613,false,מקלוני דג בציפוי צ'יפס,עיצובים 2020 (4.9),IL,דג טוב - מקלוני דגים,גרמים,600.00,100 גרם,false,,24.90,0.0415,true,1,2105293
7290014748675,false,קציצות דגים דג טוב 6,עיצובים 2020 (4.9),IL,דג טוב - קציצות דגים,גרמים,600.00,100 גרם,false,,24.90,0.0415,true,1,2105294
7290014749245,false,ספיישל רצועות שניצל שומשום עוף טוב 600 גרם,מוצרי עוף טוב (2001),IL,רצועות שניצל בציפוי,גרמים,600.00,100 גרם,false,,34.90,0.0582,true,1,2383718
7290014749764,false,עוף טוב שניצל עוף ביתי עדין 700,מוצרי עוף טוב (2001),IL,שניצל עוף ביתי עדין,גרמים,700.00,100 גרם,false,,42.90,0.0613,true,1,2400810
7290014749887,false,עוף טוב שניצל עוף דק ענק קריספי קלאסי,מולינו ניקולי s.p.a,IL,שניצל עוף דק ענק קרי,גרמים,720.00,100 גרם,false,,39.90,0.0554,true,1,2456003
7290014758117,false,מאגדת יוגורט ביו 1.5% שומן 8 יח' *150 ג' תנובה,מיוצר עי קונדיטוריית,IL,מאגדת 8 יוגורט ביו ת,גרמים,1200.00,100 גרם,false,,15.90,0.0133,true,1,1340264
7290014758162,false,חלב עיזים מלא 3.6% קרטון 1 ל' תנובה,תנובה מרכז שיתופי לש,IL,חלב עיזים קרטון 1 לי,ליטרים,1.00,ליטר,false,,15.90,15.9000,true,1,1340265
7290014758681,false,קוטג' תנובה 1% גביע 250 ג',מיוצר עי קונדיטוריית,IL,קוטג 1% תנובה 250 גר,גרמים,250.00,100 גרם,false,,5.40,0.0216,true,1,1340285
7290014759084,false,גבינת שמנת 16% בטעם טבעי 225 ג' נפוליאון,תנובה מרכז שיתופי לש,IL,גבינת נפולאון טבעי מ,גרמים,225.00,100 גרם,false,,13.90,0.0618,true,1,1340299
7290014759534,false,גבינה בולגרית למריחה טבעי 5% 200 ג' פיראוס,"תנובה, מחלבת תל יוסף",IL,בולגרית למריחה 5% טב,גרמים,200.00,100 גרם,false,,13.90,0.0695,true,1,1340313
7290014759909,false,פיראוס פטה עזים פיראוס 5% 250גר,"תנובה, מחלבת טנא נוג",IL,פטה עיזים 5% פיראוס,גרמים,250.00,100 גרם,false,,28.50,0.1140,true,1,1340321
7290014759978,false,"גבינת קצקבל פלח גלעד 27%, 200 ג'",תנובה,IL,גבינה גלעד קשקבל 200,גרמים,200.00,100 גרם,false,,27.90,0.1395,true,1,1340322
7290014759985,false,"גבינת פרמזן גבע 23% פלח, 200 ג'",תנובה,IL,גבינה גבע פרמזן 200,גרמים,200.00,100 גרם,false,,25.90,0.1295,true,1,1340323
7290014759992,false,גבינת רוקפור גליל פלח 140 ג' תנובה,"תנובה, מחלבת תל יוסף",IL,גבינה גליל רוקפור גו,גרמים,140.00,100 גרם,false,,19.90,0.1421,true,1,1340324
7290014760134,false,מעדן סויה בטעם וניל אלטרנטיב,תנובה Alternative,IL,מעדן סויה בטעם וניל,מיליליטרים,125.00,"100 מ""ל",false,,4.30,0.0344,true,1,1845342
7290014760141,false,משקה שקדים תנובה E אלטרנטיב,תנובה Alternative,IL,רייס דרים משקה שקדים 1 לי,ליטרים,1.00,ליטר,false,,12.90,12.9000,true,1,1338967
7290014760448,false,גבינה צהובה גלבוע 400 גרם 22% שומן תנובה,מחלבת בית יצחק,IL,גבינה גלבוע 400 גרם,גרמים,400.00,100 גרם,false,,24.90,0.0622,true,1,1340336
7290014760912,false,פרוסות גבינה 28% שומן 400 ג' גוש חלב,תנובה מרכז שיתופי לש,IL,גבינה צהובה גוש חלב,גרמים,400.00,100 גרם,false,,26.90,0.0672,true,1,1340357
7290014761056,false,מעדן שוקולד חלב מעולה 123 ג' יולו,מיוצר עי קונדיטוריית,IL,מעדן YOLO שוקולד חלב,גרמים,123.00,100 גרם,false,,4.90,0.0398,true,1,1340359
7290014761063,false,מעדן שוקולד מריר מעולה 123 ג' יולו,מיוצר עי קונדיטוריית,IL,מעדן YOLO שוקולד מרי,גרמים,123.00,100 גרם,false,,4.90,0.0398,true,1,1340360
7290014761070,false,מעדן שוקולד לבן מעולה 123 ג' יולו,מיוצר עי קונדיטוריית,IL,מעדן YOLO שוקולד לבן,גרמים,123.00,100 גרם,false,,4.90,0.0398,true,1,1340361
7290014761193,false,יוגורט עם פירות יער 1.5% שומן 125 ג' פרילי,תנובה מרכז שיתופי לש,IL,פרילי פירות יער 125,גרמים,125.00,100 גרם,false,,3.50,0.0280,true,1,1340363
7290014761414,false,מעדן שכבות שוקולד חלב ולבן 123 ג' יולו,מיוצר עי קונדיטוריית,IL,מעדן YOLO שכבות שוקו,גרמים,123.00,100 גרם,false,,4.90,0.0398,true,1,1340369
7290014761612,false,מעדן עם שוקולד מריר ולבן 122 ג' יולו,מיוצר עי קונדיטוריית,IL,מעדן YOLO שכבות שוקו,גרמים,122.00,100 גרם,false,,4.90,0.0402,true,1,1340373
7290014761698,false,פרוסות גבינה צהובה עמק קלאסית 28%,תנובה מרכז שיתופי לש,IL,גבינת עמק 600 גרם בד,גרמים,600.00,100 גרם,false,,31.90,0.0532,true,1,2279658
7290014762756,false,נפוליאון גבינת שמנת עם בצל 16% שומן,הרדוף חלב,IL,גבינת נפולאון 16% בט,גרמים,225.00,100 גרם,false,,13.90,0.0618,true,1,1404779
7290014762800,false,מעדן סויה שוקולד גביע 125 גרם אלטרנטיב,תנובה מרכז שיתופי לש,IL,גביע מעדן סויה בטעם,מיליליטרים,125.00,"100 מ""ל",false,,4.30,0.0344,true,1,1481687
7290014762831,false,גבינת שמנת חלפיניו 24% שומן 225 ג' נפוליאון,תנובה מרכז שיתופי לש,IL,גבינת נפוליאון 24% ע,גרמים,225.00,100 גרם,false,,13.90,0.0618,true,1,1423409
7290014762848,false,גבינה צהובה מגורדת 22% שומן 500 ג' פתיתי גלבוע,גלבוע - תנובה,IL,פתיתי גלבוע 22% 500,גרמים,500.00,100 גרם,false,,34.90,0.0698,true,1,1791362
7290014762909,false,פתיתי מוצרלה 20% שומן 200 ג' השף הלבן,"תנובה, מחלבת תל יוסף",IL,פתיתי גבינת מוצרלה.,גרמים,200.00,100 גרם,false,,16.90,0.0845,true,1,1419096
7290014763098,false,קרם גבינת שמנת 5% עם פלפל שום ובצל 200 ג' תנובה,תנובה,IL,קרם גבינת שמנת 5% טו,גרמים,200.00,100 גרם,false,,11.90,0.0595,true,1,1419113
7290014763395,false,עמק סמי מעדניה 600 ג' ועדת מהדרין,תנובה מרכז שיתופי לש,IL,עמק סמי מעדניה מהדרי,גרמים,600.00,100 גרם,false,,31.90,0.0532,true,1,1500111
7290014785007,false,גרגרי טפיוקה קטנים,טעמי אסיה Taste of Asia,,גרגרי טפיוקה קטנים,גרמים,400.00,100 גרם,false,,7.90,0.0198,true,1,1343527
7290014785014,false,גרגרי טפיוקה גדולים.,טעמי אסיה Taste of Asia,,גרגרי טפיוקה גדולים.,גרמים,400.00,100 גרם,false,,7.90,0.0198,true,1,1343528
7290014785052,false,"רוטב פטריות צמחוני 500 מ""ל",טעמי אסיה Taste of Asia,TH,"רוטב פטריות צמחוני 500 מ""",מיליליטרים,500.00,"100 מ""ל",false,,12.90,0.0258,true,1,1343531
7290014785069,false,רוטב מירין מתוק לבישול,טעמי אסיה Taste of Asia,CN,"מירין משובח 250 מ""ל - כשר",מיליליטרים,250.00,"100 מ""ל",false,,11.90,0.0476,true,1,1343532
7290014785168,false,שיראטקי ג'ל קונג'אק בצורת אטריות,ננטונג דינגבורג סיוי,CN,אטריות שירטאקה 200 גר' דק,גרמים,200.00,100 גרם,false,,8.90,0.0445,true,1,1343540
7290014785175,false,שיראטקי אטריות קונג'אק עבות,ננטונג דינגבורג סיוי,CN,אטריות שירטאקה 200 גרם עב,גרמים,200.00,100 גרם,false,,8.90,0.0445,true,1,1343541
7290014785441,false,אטריות ביצים מקצועי 450 גר,,,אטריות ביצים 450 גרם,גרמים,450.00,100 גרם,false,,8.90,0.0198,true,1,1729657
7290014785564,false,אטריות אודון מוכנות 200 ג',קינגדאן פרימה פודס ק,CN,אטריות אודון מוכנות,גרמים,200.00,100 גרם,false,,4.90,0.0245,true,1,2337586
7290014785571,false,"אטריות מוכנות מתאים להקפצה, מרקים ומנות קרות",טעמי אסיה Taste of Asia,,אטריות מוכנות להקפצה,גרמים,200.00,100 גרם,false,,4.90,0.0245,true,1,2337587
7290014785588,false,אטריות ראמן מוכנות 180 ג',קינגדאן פרימה פודס ק,CN,אטריות ראמן מוכנות 1,גרמים,180.00,100 גרם,false,,4.90,0.0272,true,1,2337588
7290014785984,false,רוטב סויה ללא גלוטן,טעמי אסיה Taste of Asia,,רוטב סויה 150 מל ללא,מיליליטרים,150.00,"100 מ""ל",false,,8.90,0.0593,true,1,1979626
7290014785991,false,רוטב סויה ללא גלוטן,טעמי אסיה Taste of Asia,,רוטב סויה 500 מל ללא,מיליליטרים,500.00,"100 מ""ל",false,,10.90,0.0218,true,1,1979627
7290014803206,false,"חומץ יין אדום 5% 500מ""ל",COMTEMP,,חומץ יין אדום 5% 500,מיליליטרים,500.00,"100 מ""ל",false,,12.90,0.0258,true,1,1469699
7290014803213,false,"חומץ יין לבן 5% 500מ""ל",COMTEMP,,חומץ יין לבן 5% 500,מיליליטרים,500.00,"100 מ""ל",false,,12.90,0.0258,true,1,1469700
7290014803220,false,"חומץ בלסמי 5% נאמן 500מ""ל",COMTEMP,,"חומץ בלסמי 5% 500 מ""",מיליליטרים,500.00,"100 מ""ל",false,,15.90,0.0318,true,1,1469701
7290014803503,false,רוטב פלפל חריף 100 גר',BAAECO,,רוטב פלפל אדום חריף,מיליליטרים,100.00,"100 מ""ל",false,,8.90,0.0890,true,1,1469702
7290014803565,false,צנימים עגולים מחיטה מלאה 300ג',NEWLAT,,צנימים עגולים.,גרמים,300.00,גרם,false,,11.90,0.0397,true,1,1387739
7290014828117,false,סט 4 גמישונים KITCHE,,,סט 4 גמישונים KITCHE,יחידה,0.00,יחידה,false,,29.90,0.0000,true,1,2438459
7290014855403,false,תחבושות סופט נועם אק,,,תחבושות סופט נועם אק,"י""ח",0.00,"י""ח",false,,49.90,0.0000,true,1,2113804
7290014855434,false,מגבונים בייביסיטר פרפורמנס מבושם רביעיה,בייביסיטר Babysitter,,מגבונים בייביסיטר פר,יח',288.00,יח',false,,19.90,0.0691,true,1,1397479
7290014855458,false,מגבוני בייביסיטר פרפורמנס ללא בישום מארז 72X4יח',בייביסיטר Babysitter,,מגבונים בייביסיטר פר,יח',288.00,יח',false,,19.90,0.0691,true,1,1397480
7290014855731,false,נועם מגבוני מבוגרים 72 יח' (9 יח' בקרטון),,,מגבוני מבוגרים נועם,יח',72.00,יח',false,,12.90,0.1792,true,1,2113787
7290014855809,false,מטליות לחות לניקוי כללי,פרפקט Perfect,,מטליות לחות לניקוי כ,יח',50.00,יח',false,,9.90,0.1980,true,1,1425698
7290014855854,false,מגבונים לחים מועשרים בקמומיל,בייבי בייסיק,,בייבי בייסיק מגבונים,יח',360.00,יח',false,,19.90,0.0553,true,1,1826106
7290014890145,false,גבינת שמנת בטעם טבעי 25%,גבינות משק יעקבס,IL,גבינת שמנת טבעית 225,גרמים,225.00,100 גרם,false,,9.90,0.0440,true,1,1849196
7290014890176,false,גבינת ריקוטה בסגנון,גבינות משק יעקבס,IL,גבינת ריקוטה 5% 250,גרמים,250.00,100 גרם,false,,9.90,0.0396,true,1,2381183
7290014890237,false,גבינת קממברט בייבי ב,גבינות משק יעקבס,IL,גבינת קממברט בייבי ב,גרמים,125.00,100 גרם,false,,14.90,0.1192,true,1,2381187
7290014890572,false,יוגורט עיזים יעקובס,משק יעקבס,IL,יוגורט עיזים,מיליליטרים,850.00,"100 מ""ל",false,,20.90,0.0246,true,1,2518288
7290014901247,false,"סטייל שמפו 0חר החלקה מועשר בקרטין, 750 מ""ל",א.ל. ארמן ייצור תמרו,IL,שמפו קרטין סטייל לאח,מיליליטרים,750.00,"100 מ""ל",false,,24.90,0.0332,true,1,1346650
7290014901254,false,"סטייל מרכך לשיער קרטין לאחר החלקה, 750 מ""ל",א.ל ארמן ייצור תמרוק,IL,מרכך קרטין סטייל לאח,מיליליטרים,750.00,"100 מ""ל",false,,24.90,0.0332,true,1,1346651
7290014901308,false,"סנסודיין משחת שיניים להגנה מלאה 75 מ""ל - סדרת פרמיום",סמית קליין ביצ'ם,GB,"סנסודיין הגנה מלאה 75 מ""ל",מיליליטרים,75.00,"100 מ""ל",false,,23.90,0.3187,true,1,1346654
7290014901315,false,משחת שיניים לשיניים רגישות Extra fresh,סמית קליין ביצ'ם,GB,סנסודיין הגנה מלאה פרש 75,מיליליטרים,75.00,"100 מ""ל",false,,23.90,0.3187,true,1,1346655
7290014901896,false,"מי פה סנסודיין מנטה מרענן 500 מ""ל",סנסודיין Sensodyne,,מיי פה סנסודיין 500,מיליליטרים,500.00,"100 מ""ל",false,,29.90,0.0598,true,1,1727574
7290014905344,false,הפי קצף לניקוי שטיחי,שרווין ויליאמס,US,הפי קצף לשטיחים,מיליליטרים,800.00,"100 מ""ל",false,,17.90,0.0224,true,1,1325710
7290014905498,false,הפי - גליל טבליות גם וגם דו צדדי,ג'נרל מילס סאן אדריא,TR,הפי גם וגם--גליל צהוב דו,יחידה,0.00,יחידה,false,,9.90,0.0000,true,1,1325715
7290014905719,false,הפי לימונית למדיח כלים - מנטרל ריחות רעים,יעקבי - הפי Hepi,IT,הפי לימונית גדולה למדיח,יחידה,0.00,יחידה,false,,9.90,0.0000,true,1,1325719
7290014945753,false,"שייני מבשם נוזלי פרחי אביב 400 מ""ל",,,מבשם נוזלי בניחוח פר,מיליליטרים,400.00,"100 מ""ל",false,,9.90,0.0248,true,1,1404123
7290014945760,false,"שייני מבשם נוזלי וניל קוקוס 400 מ""ל",,,מבשם נוזלי בניחוח ונ,מיליליטרים,400.00,"100 מ""ל",false,,9.90,0.0248,true,1,1404124
7290014945777,false,"מבשם נוזלי בניחוח ים 400 מ""ל",מ.א ייצור ושיווק מטל,,מבשם נוזלי לבנדר 1/24,מיליליטרים,400.00,"100 מ""ל",false,,9.90,0.0248,true,1,1385311
7290014945784,false,מבשם נוזלי בניחוח יע,מ.א ייצור ושיווק מטל,,מבשם נוזלי לבנדר 1/24,מיליליטרים,400.00,"100 מ""ל",false,,9.90,0.0248,true,1,1385312
7290014945890,false,מברשת שטיחים,,,מברשת שטיחים,יחידה,0.00,יחידה,false,,14.90,0.0000,true,1,2409052
7290014947047,false,פריכיות כוסמת בתוספת מלח,זן בר המכללה לטבעונו,,פריכיות כוסמת עם מלח,גרמים,175.00,100 גרם,false,,9.90,0.0566,true,1,2437826
7290014949744,false,אוטן טרופי ספריי יבש,מיוצר עי קונדיטוריית,PL,אוטן טרופי ספריי יבש ל- 8,מיליליטרים,100.00,"100 מ""ל",false,,18.90,0.1890,true,1,1353503
7290014962521,false,"טפטפים משחת שיניים לילדים מגיל 2-6 50 מ""ל",כצט CTS,IL,2-6משחת שיניים טפטפים לגי,מיליליטרים,50.00,"100 מ""ל",false,,9.90,0.1980,true,1,1346670
7290014962538,false,משחת שיניים ג'וניור מנטה מעודן לגילאי 6+,כצט CTS,IL,6משחת שיניים טפטפים ג'ניו,גרמים,50.00,100 גרם,false,,9.90,0.1980,true,1,1346671
7290014973213,false,הרמס סלמון מעושן מדג,"הרמס דגים בע""מ",IL,הרמס סלמון מעושן מדג,גרמים,200.00,100 גרם,false,,44.90,0.2245,true,1,2407159
7290014973329,false,פילה הרינג אדום הרמס,"הרמס דגים בע""מ",IL,הרמס פילה הרינג אדום,גרמים,200.00,100 גרם,false,,16.90,0.0845,true,1,2407116
7290014973374,false,פילה מקרל בשמן הרמס,"הרמס דגים בע""מ",IL,הרמס פילה מקרל בשמן,גרמים,200.00,100 גרם,false,,24.90,0.1245,true,1,2407134
7290014973411,false,הרמס סלמון מעושן מדג,"הרמס דגים בע""מ",IL,הרמס סלמון מעושן מדג,גרמים,100.00,100 גרם,false,,22.90,0.2290,true,1,2407160
7290014973480,false,הרמס טונה מעושן פרוס,"הרמס דגים בע""מ",IL,הרמס טונה מעושן פרוס,גרמים,200.00,100 גרם,false,,36.90,0.1845,true,1,2407147
7290014973558,false,פילה סלמון גרבלקס הר,"הרמס דגים בע""מ",IL,הרמס גרבלקס,גרמים,200.00,100 גרם,false,,39.90,0.1995,true,1,2407148
7290014973664,false,איקרה אדומה הרמס 250,"הרמס דגים בע""מ",IL,הרמס איקרה אדום,גרמים,250.00,100 גרם,false,,19.90,0.0796,true,1,2455918
7290014973671,false,איקרה לבנה הרמס 250,"הרמס דגים בע""מ",IL,הרמס איקרה לבן,גרמים,250.00,100 גרם,false,,19.90,0.0796,true,1,2455919
7290014974562,false,גביעי גלידה רגיל טילון עלמה גילרו 24 יח',"א.ג גילרו בע""מ",IL,גביע גלידה,גרמים,120.00,100 גרם,false,,6.90,0.0575,true,1,1612347
7290014974593,false,גביעי גלידריה ללא גלוטן 12 יחי',גילרו,IL,גביע גלידה ללא גלוטן,יח',24.00,יח',false,,15.90,0.6625,true,1,1610901
7290015005555,false,"צ'יפס אמריקאי 2 ק""ג פרי הגליל","פרי הגליל בע""""מ",IL,צ'יפס אמריקאי 2קג פג רבנו,קילוגרמים,2.00,"ק""ג",false,,24.90,12.4500,true,1,1347625
7290015009225,false,ריבת חלב מקורית דניא,קארו,,ריבת חלב 450 גרם,גרמים,450.00,100 גרם,false,,19.90,0.0442,true,1,2384389
7290015009232,false,רוטב סלסה בינוני צהו,,,רוטב סלסלה,גרמים,454.00,100 גרם,false,,14.90,0.0328,true,1,2384390
7290015009249,false,"רוטב סלסה חריף ארה""ב",לינדסטרי פודס,US,רוטב סלסלה חריף,גרמים,454.00,100 גרם,false,,14.90,0.0328,true,1,2384391
7290015009256,false,רוטב סלסה רגיל סבורי,לינדסטרי פודס אנד דר,US,רוטב סלסלה ירוק,גרמים,454.00,100 גרם,false,,14.90,0.0328,true,1,2384392
7290015009294,false,גבינת פרמיזאנו ראזאנ,פורגאנה,IT,פרמיז'אנו ראז'אנו,גרמים,170.00,100 גרם,false,,29.90,0.1759,true,1,2384288
7290015009317,false,נאצוס חטיף תירס טבעי,אוקי סנייקס,DK,נאצ'וס תירס טבעי 200,גרמים,200.00,100 גרם,false,,11.90,0.0595,true,1,2384394
7290015009324,false,נאצוס סבוריטו ברביקי,אוקי סנקס,DK,נאצ'וס ברבקיו 200 גר,גרמים,200.00,100 גרם,false,,11.90,0.0595,true,1,2384395
7290015025942,false,"פנג'ל ק. ידיים קלאסי עם שמן שקדים 80מ""ל",מיוצר עי קונדיטוריית,IL,חדש -פנג'ל ק.ידיים קלאסיק,מיליליטרים,80.00,"100 מ""ל",false,,6.90,0.0863,true,1,1388364
7290015039055,false,וילי פוד רוטב צילי חריף בדץ 700מל,הנסיך- מפעל לייצור ט,TH,רוטב צילי חריף,מיליליטרים,700.00,"100 מ""ל",false,,9.90,0.0141,true,1,1875356
7290015039246,false,נתחי טונה בשמן צמחי רביעיה * 160 ג' וילי פוד,וילי פוד,TH,רביעית נתחי טונה בהירה בש,גרמים,640.00,100 גרם,false,,20.90,0.0327,true,1,1308934
7290015039253,false,וילי פוד עלי גפן במי מלח 620 גר,קוראהן פזלרמה וי דיס,TR,עלי גפן במי מלח 620גרם,גרמים,620.00,100 גרם,false,,9.90,0.0160,true,1,1308935
7290015039338,false,נתחי טונה במי מלח רביעיה * 160 ג' וילי פוד,וילי פוד,,רביעית טונה במי מלח,גרמים,640.00,100 גרם,false,,20.90,0.0327,true,1,1308937
7290015057110,false,מקלות חמוצים בטעם תות שדה 18ג,אלבן מזון תעשיות ומס,TR,מקלות חמוצים,גרמים,20.00,100 גרם,false,,1.90,0.0950,true,1,2507661
7290015057127,false,טעמן מקלות חמוצים קולה 20 גרם,אלבן מזון תעשיות ומס,TR,מקלות חמוצים,גרמים,20.00,100 גרם,false,,1.90,0.0950,true,1,2507662
7290015057134,false,טעמן מקלות חמוצים פטל 20 גרם,אלבן מזון תעשיות ומס,TR,מקלות חמוצים,גרמים,20.00,100 גרם,false,,1.90,0.0950,true,1,2507663
7290015081955,false,"ד""ר פישר - אולטרסול ספורט מקס ספריי שקוף 200 מ""ל 50SPF",פישר מעבדות פרמצבטיו,IL,אולטרסול MAX -200/50,מיליליטרים,200.00,"100 מ""ל",false,,59.90,0.2995,true,1,1352055
7290015102384,false,סיליקון שפורפרת,,,סיליקון שפורפרת,יחידה,0.00,יחידה,false,,9.90,0.0000,true,1,2384467
7290015129121,false,אטריות קונג'אק בתוספת טפיוקה בצורת נודלס,הוויזאי וואנגייה פוד,CN,סקיני פסטה נודלס 270 ג',גרמים,270.00,100 גרם,false,,12.90,0.0478,true,1,1350637
7290015129145,false,אטריות קונג'אק בתוספת טפיוקה בצורת ספגטי,הוויזאי וואנגייה פוד,CN,סקיני פסטה ספגטי 270 ג',גרמים,270.00,100 גרם,false,,12.90,0.0478,true,1,1350639
7290015129220,false,אטריות קונגאק בצורת פתיתים,אף.סי תבליני בגליל ב,CN,סקיני פסטה קוסקוס לל,גרמים,270.00,100 גרם,false,,12.90,0.0478,true,1,1370861
7290015129251,false,אטריות קונג'אק בצורת פטוצ'יני,אף.סי תבליני בגליל ב,CN,סקיני פסטה פטוציני,גרמים,200.00,100 גרם,false,,12.90,0.0645,true,1,1370863
7290015139465,false,מיקסים בייגלה מצופה שוקולד חלב 55 גר,כרמית תעשיות ממתקים,IL,בייגלה מצופה שוקולד,גרמים,55.00,100 גרם,false,,3.90,0.0709,true,1,1405937
7290015139519,false,אגו מיקס קוביות וופל 55 גר',כרמית,IL,קוביות וופל 55 גר' M,גרמים,55.00,100 גרם,false,,3.90,0.0709,true,1,1405942
7290015139533,false,וופל לימון ללא ציפוי 200 ג' -חופשי-ללא גלוטן,כרמית תעשיות ממתקים,IL,וופל לימון ללא ציפוי,גרמים,200.00,100 גרם,false,,9.90,0.0495,true,1,1405944
7290015150088,false,מחית עגבניות גרנד איטליה 700גרם,שוורצקוף& הנקל דיסלד,IT,מחית עגבניות 700 גרם,גרמים,700.00,100 גרם,false,,9.90,0.0141,true,1,1473446
7290015150361,false,תה ירוק נענע סטיביה 25 שקיקים ויסוצקי,ויסוצקי ירוק,IL,תה ירוק נענע סטיביה,גרמים,37.50,100 גרם,false,,22.90,0.6107,true,1,1339463
7290015150583,false,ויסוצקי תה ירוק לימון ודבש 25 יח,ויסוצקי ירוק,IL,תה ירוק לימונית ולואיזה,גרמים,37.50,100 גרם,false,,22.90,0.6107,true,1,1381161
7290015150590,false,ויסוצקי תה ירוק ג'ינג'ר חריף 25 יח,ויסוצקי ירוק,IL,תה ירוק לימונית ולואיזה,גרמים,37.50,100 גרם,false,,22.90,0.6107,true,1,1381162
7290015150729,false,תה ירוק סקיני גריני 25 שקיקים,ויסוצקי,IL,תה ירוק סקיני גריני,גרמים,37.50,100 גרם,false,,22.90,0.6107,true,1,1408674
7290015150903,false,תה ירוק קינמון דבש 25 שקיקים,ויסוצקי ירוק,IL,תה ירוק קינמון ודבש,גרמים,37.50,100 גרם,false,,22.90,0.6107,true,1,1472332
7290015155021,false,פרמיו דנטל מיני 110ג',,,פרמיו דנטל מיני 110ג,גרמים,110.00,100 גרם,false,,9.90,0.0900,true,1,1389612
7290015155243,false,פרמיו חטיף כריות לתמיכה באנטי -היירבול לחתול 60ג',פרמיו Premio,,פרמיו כריות אנטי היי,גרמים,60.00,100 גרם,false,,9.90,0.1650,true,1,2538603
7290015155267,false,פרמיו כריות קטניפ לחתול,פרמיו Premio,,פרמיו כריות קטניפ 60,גרמים,60.00,100 גרם,false,,9.90,0.1650,true,1,2538605
7290015155427,false,פרמיו עוף וכבד לחתול,פרמיו Premio,,פרמיו עוף וכבד 15ג',גרמים,15.00,100 גרם,false,,6.90,0.4600,true,1,2538609
7290015155793,false,פרמיו כריות מיקס לחתול,פרמיו Premio,AT,פרמיו כריות מיקס 60ג,גרמים,60.00,100 גרם,false,,9.90,0.1650,true,1,2538614
7290015155816,false,פרמיו כריות עוף וגבי,,,פרמיו כריות עוף וגבי,גרמים,60.00,100 גרם,false,,9.90,0.1650,true,1,2540881
7290015155823,false,מחית תפוחי עץ חטיפטף ללא תוספת סוכר,פרוטה פודיווין איי.א,CZ,חטיפטף פרינוק תפוח 1,גרמים,120.00,100 גרם,false,,5.90,0.0492,true,1,1857979
7290015155830,false,מחית תפוחי עץ ובננה חטיפטף ללא תוספת סוכר,פרוטה פודיווין,CZ,חטיפטף פרינוק תפוח ב,גרמים,120.00,100 גרם,false,,5.90,0.0492,true,1,1857980
7290015155847,false,מחית סלט פירות חטיפטף ללא תוספת סוכר,פרוטה פודיווין איי.א,CZ,חטיפטף פרינוק מחית ס,גרמים,120.00,100 גרם,false,,5.90,0.0492,true,1,1857981
7290015156103,false,הוריזן סטיק סלמון ופ,,,הוריזן סטיק סלמון ופ,גרמים,50.00,100 גרם,false,,16.90,0.3380,true,1,2538615
7290015156110,false,הוריזן סטיק בקר וכבד לחתולים,הורייזן Horizon,,הוריזן סטיק בקר וכבד,גרמים,50.00,100 גרם,false,,16.90,0.3380,true,1,2538616
7290015156769,false,מחית פרינוק פאוץ' תפוח ואוכמניות 120 גרם,,,חטיפטף פרינוק תפוח ו,גרמים,120.00,100 גרם,false,,5.90,0.0492,true,1,2072403
7290015156776,false,מחית פירות טרופיים חטיפטף ללא תוספת סוכר,פרינוק,,חטיפטף פרינוק פירות,גרמים,120.00,100 גרם,false,,5.90,0.0492,true,1,1941792
7290015156790,false,מחית לפתן פירות חטיפטף ללא תוספת סוכר,פרינוק,,חטיפטף פרינוק לפתן פ,גרמים,120.00,100 גרם,false,,5.90,0.0492,true,1,1941793
7290015156813,false,מחית פרינוק פאוץ' פירות מעורבים 120 גרם,,,חטיפטף פרינוק פירות,גרמים,120.00,100 גרם,false,,5.90,0.0492,true,1,1941794
7290015161145,false,קוואקר כוסמין מלא עב,נוטרה זן NutraZen,DK,קוואקר כוסמין מלא עב,גרמים,400.00,100 גרם,false,,19.90,0.0497,true,1,2437350
7290015161152,false,גרנולה כוסמין פירות,,,גרנולה כוסמין פירות,גרמים,300.00,100 גרם,false,,26.90,0.0897,true,1,2432983
7290015161176,false,"שמן קוקוס אורגני לא מזוכך 330 מ""ל",נוטרה זן NutraZen,,שמן קוקוס אורגני NUT,מיליליטרים,330.00,"100 מ""ל",false,,18.90,0.0573,true,1,2432985
7290015161206,false,קמח קוקוס אורגני ללא גלוטן 500 גרם- Nutra Zen,נוטרה זון,LK,קמח קוקוס אורגני ללא,גרמים,500.00,100 גרם,false,,18.90,0.0378,true,1,2432987
7290015161336,false,רוטב סויה תמרי אורגני ללא גלוטן,חברת גואנגזהו סיטי ר,CN,רוטב סויה תמרי אורגנ,גרמים,250.00,100 גרם,false,,19.90,0.0796,true,1,2432989
7290015161350,false,אבקת מרק ירקות אורגנ,,,אבקת מרק ירקות אורגנ,גרמים,200.00,100 גרם,false,,22.90,0.1145,true,1,2432990
7290015161534,false,קוואקר שיבולת שועל עבה ללא גלוטן - 400 גרם,נוטרה זן NutraZen,DK,קוואקר עבה ללא גלוטן,גרמים,400.00,100 גרם,false,,17.90,0.0447,true,1,2432992
7290015161541,false,קוואקר שיבולת שועל אינסטנט ללא גלוטן - 400 גרם,נוטרה זן NutraZen,DK,קוואקר דק ללא גלוטן,גרמים,400.00,100 גרם,false,,17.90,0.0447,true,1,2432993
7290015161558,false,קמח שיבולת שועל מלאה אורגני ללא גלוטן,נוטרה זן NutraZen,DK,קמח שיבולת שועל מלאה,גרמים,500.00,100 גרם,false,,24.90,0.0498,true,1,2432994
7290015161572,false,גרנולה אגוזים וגרעינים ללא תוספת סוכר,נוטרה זן NutraZen,,"גרנולה ש""ש 28% אגוזי",גרמים,300.00,100 גרם,false,,22.90,0.0763,true,1,2432996
7290015161589,false,פת פריכה אורגנית עם ירקות גינה,אקסטרודו בצ'יצה,,פת פריכה אורגנית ללא,גרמים,100.00,100 גרם,false,,12.90,0.1290,true,1,2432997
7290015161688,false,דגני בוקר שיפון אורג,,,דגני בוקר שיפון אורג,גרמים,200.00,100 גרם,false,,18.90,0.0945,true,1,2432998
7290015161763,false,אבקת מרק ירקות אורגני ללא שמרים,נוטרה זן NutraZen,,אבקת מרק ירקות אורגנ,גרמים,200.00,100 גרם,false,,22.90,0.1145,true,1,2432999
7290015161848,false,פת פריכה אורגנית עם כוסמת וקינואה ללא גלוטן,אקסטרודו בצ'יצה,,פת פריכה אורגנית ללא,גרמים,100.00,100 גרם,false,,12.90,0.1290,true,1,2433000
7290015161855,false,פת פריכה אורגנית עם קינואה וחרובים ללא גלוטן,נוטרה זן NutraZen,,פת פריכה אורגנית ללא,גרמים,100.00,100 גרם,false,,12.90,0.1290,true,1,2433001
7290015161862,false,פת פריכה אורגנית עם ערמונים ללא גלוטן,אקסטרודו בצ'יצה,,פת פריכה אורגנית ללא,גרמים,100.00,100 גרם,false,,12.90,0.1290,true,1,2433002
7290015161879,false,פת פריכה PRO עדשים אדומות וחומות ללא גלוטן,נוטרה זן NutraZen,,פת פריכה אורגנית PRO,גרמים,100.00,100 גרם,false,,15.90,0.1590,true,1,2433003
7290015161886,false,פת פריכה אורגנית PRO,,,פת פריכה אורגנית PRO,גרמים,100.00,100 גרם,false,,15.90,0.1590,true,1,2433004
7290015161930,false,"פסטPRO קסרצ'ה פתיתים אורגניים, ללא גלוטן",נוטרה זן NutraZen,,פסטPRO עדשים צהובות,גרמים,250.00,100 גרם,false,,16.90,0.0676,true,1,2433007
7290015161978,false,"פסטPRO סלנטאני פתיתים אורגניים, ללא גלוטן",נוטרה זן NutraZen,,פסטPRO עדשים אדומות,גרמים,250.00,100 גרם,false,,16.90,0.0676,true,1,2433008
7290015172011,false,גיוזה בטטה דים סאם,דים סאם,,גיוזה עוף,גרמים,330.00,100 גרם,false,,26.90,0.0815,true,1,2499628
7290015172028,false,גיוזה כיסוני חיטה בט,דים סאם מטבח מרכזי כ,,גיוזה בטטה,גרמים,330.00,100 גרם,false,,26.90,0.0815,true,1,2499629
7290015172073,false,גיוזה כיסוני חיטה פט,דים סאם מטבח מרכזי כ,,גיוזה פטריות,גרמים,330.00,100 גרם,false,,26.90,0.0815,true,1,2499630
7290015172097,false,גיוזה בקר דים סאם,דים סאם מטבח מרכזי כ,IL,גיוזה בקר,גרמים,330.00,100 גרם,false,,26.90,0.0815,true,1,2499631
7290015172172,false,אגרול ירקות אסייתי,דים סאם,,מארז אגרול ירקות,גרמים,330.00,100 גרם,false,,26.90,0.0815,true,1,2499633
7290015172202,false,גיוזה ירקות אדממה,דים סאם,,גיוזה ירקות אדממה,גרמים,330.00,100 גרם,false,,26.90,0.0815,true,1,2499634
7290015172219,false,גיוזה עוף פטריות ופקאן,דים סאם,,גיוזה עוף פקאן,גרמים,330.00,100 גרם,false,,26.90,0.0815,true,1,2499635
7290015178174,false,פסטו בטעם פרמז'ן אוליביה 180 גר',יוניליוור גרמניה Gm,IL,פסטו בטעם פרמג'ן-אול,גרמים,180.00,100 גרם,false,,9.90,0.0550,true,1,2432931
7290015178198,false,ממרח חצילים שרופים 180 ג',אוליביה,,ממרח חצילים שרופים-א,גרמים,180.00,100 גרם,false,,9.90,0.0550,true,1,2432933
7290015178204,false,עגבניות מיובשות בשמש עם לימון אוליביה 180 גר',אוליביה,,עגבניות מיובשות בשמש,גרמים,180.00,100 גרם,false,,9.90,0.0550,true,1,2432934
7290015178228,false,מאזטים - ארטישוק בסלסת עגבניות מיובשות,אוליביה,,מאזטים - ארטישוק בס,גרמים,190.00,100 גרם,false,,9.90,0.0521,true,1,2466848
7290015178235,false,מאזטים - זיתים מושחר,אוליביה,,מאזטים - זיתים מושח,גרמים,180.00,100 גרם,false,,9.90,0.0550,true,1,2466849
7290015178266,false,רוטב פלפלת שחורה לבי,,,רוטב פלפלת שחור ה,גרמים,350.00,100 גרם,false,,12.90,0.0369,true,1,2530984
7290015178273,false,רוטב מרינדה לעוף בגר,,,מרינדה לעוף בגריל,גרמים,350.00,100 גרם,false,,12.90,0.0369,true,1,2530985
7290015223850,false,"אלכוהול ספרי 70% 60 סמ""ק",,,ספריי אלכוהול,"100 סמ""ק",60.00,"100 סמ""ק",false,,9.90,0.1650,true,1,1945518
7290015264174,false,טחינה אבן ריחיים 500 גר',,,טחינה 500 גר' ממלכת,גרמים,500.00,100 גרם,false,,19.90,0.0398,true,1,2544669
7290015264204,false,טחינה שומשום מלא 500 גר',,,טחינה שומשום מלא 500,גרמים,500.00,100 גרם,false,,19.90,0.0398,true,1,2544670
7290015282000,false,איקרה אדומה שמיר 200 ג',שבעת הימים - שמיר,,איקרה אדומה,גרמים,200.00,100 גרם,false,,12.90,0.0645,true,1,2204698
7290015282024,false,איקרה לבנה סלטי שמיר,שבעת הימים - שמיר,,איקרה לבנה,גרמים,200.00,100 גרם,false,,12.90,0.0645,true,1,2204700
7290015282390,false,סלט תורכי שמיר 200 גר',"סלטי שמיר 2006 בע""מ",IL,סלט תורכי 200 גרם,גרמים,200.00,100 גרם,false,,11.90,0.0595,true,1,2379661
7290015282581,false,חומוס שמיר אבו גוש עם חריף 200 גר',"סלטי שמיר 2006 בע""מ",IL,חומוס עם חריף 200 גר,גרמים,200.00,100 גרם,false,,9.90,0.0495,true,1,2379663
7290015282598,false,חומוס שמיר מסעדות 200 גר',"סלטי שמיר 2006 בע""מ",IL,חומוס מסעדות 200 גרם,גרמים,200.00,100 גרם,false,,9.90,0.0495,true,1,2379664
7290015282604,false,טחינה שמיר מיוחדת גורמה 200ג',"סלטי שמיר 2006 בע""מ",IL,טחינה מיוחדת 200 גרם,גרמים,200.00,100 גרם,false,,9.90,0.0495,true,1,2379665
7290015282611,false,סלט ביצים שמיר 200 גר',"סלטי שמיר 2006 בע""מ",IL,סלט ביצים 200 גרם,גרמים,200.00,100 גרם,false,,16.90,0.0845,true,1,2379666
7290015282628,false,חציל שמיר בטעם כבד 200 גר',"סלטי שמיר 2006 בע""מ",IL,חציל בטעם כבד 200 גר,גרמים,200.00,100 גרם,false,,11.90,0.0595,true,1,2379667
7290015282635,false,חומוס שמיר מסבחה 200 גר',"סלטי שמיר 2006 בע""מ",IL,חומוס מסבחה 200 גרם,גרמים,200.00,100 גרם,false,,9.90,0.0495,true,1,2379668
7290015282642,false,חומוס שמיר אבו גוש 200 גר',"סלטי שמיר 2006 בע""מ",IL,חומוס אבו גוש 200 גר,גרמים,200.00,100 גרם,false,,9.90,0.0495,true,1,2379669
7290015282666,false,סלט טונה עם ירקות שמ,"סלטי שמיר 2006 בע""מ",IL,סלט טונה בריאות 200,גרמים,200.00,100 גרם,false,,16.90,0.0845,true,1,2379670
7290015282673,false,חציל שמיר במיונז ביתי 200 גורמה גר',"סלטי שמיר 2006 בע""מ",IL,חציל במיונז ביתי 200,גרמים,200.00,100 גרם,false,,9.90,0.0495,true,1,2379671
7290015282680,false,קישוא בטעם כבד שמיר 200 גר',"סלטי שמיר 2006 בע""מ",IL,קישוא בטעם כבד 200 ג,גרמים,200.00,100 גרם,false,,11.90,0.0595,true,1,2379672
7290015282710,false,קוביות סלק שמיר 200 גר',"סלטי שמיר 2006 בע""מ",IL,קוביות סלק 200 גרם,גרמים,200.00,100 גרם,false,,9.90,0.0495,true,1,2379674
7290015282727,false,גזר מרוקאי ברוטב פיקנטי אסלי שמיר 200 ג',"סלטי שמיר 2006 בע""מ",IL,גזר מרוקאי פיקנטי 20,גרמים,200.00,100 גרם,false,,11.90,0.0595,true,1,2379675
7290015282734,false,מטבוחה שמיר ביתית גורמה 200 ג ',"סלטי שמיר 2006 בע""מ",IL,מטבוחה ביתית 200 גרם,גרמים,200.00,100 גרם,false,,11.90,0.0595,true,1,2379676
7290015282741,false,חציל תאילנדי אסלי שמיר 200 ג',"סלטי שמיר 2006 בע""מ",IL,חציל תאילנדי 200 גרם,גרמים,200.00,100 גרם,false,,11.90,0.0595,true,1,2379677
7290015282772,false,פלפל רצועות קלוי/מטוגן 200 גרם,"סלטי שמיר 2006 בע""מ",IL,פלפל רצועות קלוי 200,גרמים,200.00,100 גרם,false,,11.90,0.0595,true,1,2379680
7290015282796,false,"סלט תפו""א שמיר במיונז 200ג'","סלטי שמיר 2006 בע""מ",IL,"סלט תפו""א 200 גרם",גרמים,200.00,100 גרם,false,,11.90,0.0595,true,1,2379681
7290015289023,false,בירה הרצל,,,בירה הרצל,מיליליטרים,330.00,"100 מ""ל",false,,12.90,0.0391,true,1,2400625
7290015293259,false,"מוס רחצה לתינוק שיבולת שועל ד""ר פישר 450 מ""ל","ד""ר פישר Dr fischer",,מוס רחצה קמיל בלו 45,מיליליטרים,450.00,"100 מ""ל",false,,29.90,0.0664,true,1,1479150
7290015293624,false,"אל סבון ושמפו לתינוק 400מ""ל קמיל בלו","ד""ר פישר Dr fischer",,"אל סבון 400 מ""ל קמיל",מיליליטרים,400.00,"100 מ""ל",false,,19.90,0.0497,true,1,1776849
7290015304214,false,סבון נוזלי,,,סבון נוזלי,מיליליטרים,500.00,"100 מ""ל",false,,14.90,0.0298,true,1,1700664
7290015304252,false,TAL PURPLE קרם ידיים 100 מל,,,קרם ידיים,מיליליטרים,100.00,"100 מ""ל",false,,12.90,0.1290,true,1,1700647
7290015304269,false,רול און דאודורנט,,,רול און דאודורנט,מיליליטרים,80.00,"100 מ""ל",false,,19.90,0.2487,true,1,1700639
7290015320481,false,שוקולד מריר 60% יעד,,,שוקולד מריר 60% 100,גרמים,100.00,100 גרם,false,,3.90,0.0390,true,1,2398861
7290015321853,false,תיבול על הבייגל,תבליני פרג,,תיבול על הבייגל,גרמים,120.00,100 גרם,false,,13.90,0.1158,true,1,2528229
7290015324007,false,תבלין פלפל שחור גרוס 80 ג',תות ממתקי איכות,IL,שק.80 גר' פל.שחור גרוס,גרמים,80.00,100 גרם,false,,8.90,0.1113,true,1,1350837
7290015324014,false,תבלין פלפל שחור טחון 80 ג',תות ממתקי איכות,IL,שק.80 גר' פל.שחור טחון,גרמים,80.00,100 גרם,false,,8.90,0.1113,true,1,1350838
7290015324038,false,פפריקה מרוקאית מתוקה בשמן,תות ממתקי איכות,IL,שק.80 גר' פפריקה בשמן,גרמים,80.00,100 גרם,false,,4.90,0.0613,true,1,1350839
7290015324045,false,תבלין פפריקה חריפה 80 גר' שק',תות ממתקי איכות,IL,שק.80 גר' פפריקה חריפה,גרמים,80.00,100 גרם,false,,4.90,0.0613,true,1,1350840
7290015324052,false,תבלין פפריקה מתוקה 80 ג',תות ממתקי איכות,IL,שק.80 גר' פפריקה מתוקה,גרמים,80.00,100 גרם,false,,4.90,0.0613,true,1,1350841
7290015324069,false,תערובת תיבול גריל עוף,תות ממתקי איכות,IL,שק.80 גר' גריל עוף,גרמים,80.00,100 גרם,false,,4.90,0.0613,true,1,1350842
7290015324076,false,טעם וריח זעתר שקית 8,תות ממתקי איכות,IL,שק.80 גר' זעתר מעורב,גרמים,80.00,100 גרם,false,,4.90,0.0613,true,1,1350843
7290015324083,false,טעם וריח מלח לימון ש,תות ממתקי איכות,IL,שק.80 גר' מלח לימון,גרמים,80.00,100 גרם,false,,4.90,0.0613,true,1,1350844
7290015324090,false,תבלין כמון טחון 80 ג',תות ממתקי איכות,IL,שק.80 גר' כמון טחון,גרמים,80.00,100 גרם,false,,4.90,0.0613,true,1,1350845
7290015324106,false,תבלין כורכום טחון 80 גר',תות ממתקי איכות,IL,שק.80 גר' כורכום טחון,גרמים,80.00,100 גרם,false,,4.90,0.0613,true,1,1350846
7290015324113,false,טעם וריח בהרט שקית 8,תות ממתקי איכות,IL,שק.80 גר' בהרט,גרמים,80.00,100 גרם,false,,4.90,0.0613,true,1,1350847
7290015324120,false,טעם וריח שום גבישי ב,תות ממתקי איכות,IL,שק.80 גר' שום גבישי,גרמים,80.00,100 גרם,false,,6.90,0.0863,true,1,1350848
7290015324151,false,תבלין חוויאג למרק ב,תות ממתקי איכות,IL,שק.80 גר' חוואיג' למרק,גרמים,80.00,100 גרם,false,,4.90,0.0613,true,1,1350849
7290015324168,false,תבלין על האש תיבול 80 גר' שק',תות ממתקי איכות,IL,שק.80 גר' על האש תיבול,גרמים,80.00,100 גרם,false,,4.90,0.0613,true,1,1350850
7290015324175,false,תבלין שווארמה תיבול 80 גר' שק',תבליני טעם וריח,IL,שק.80 גר' שוארמה תיבול,גרמים,80.00,100 גרם,false,,4.90,0.0613,true,1,1350851
7290015324427,false,סודה לשתיה טעם וריח 80 גר',תבליני טעם וריח,IL,סודה לשתיה,גרמים,80.00,100 גרם,false,,3.90,0.0487,true,1,1761375
7290015324519,false,תערובת לפיצה שקית 80 ג',"תבליני טעם וריח בע""מ",IL,תבלין תערובת לפיצה,גרמים,80.00,100 גרם,false,,4.90,0.0613,true,1,2382431
7290015324526,false,תערובת תיבול לפרגיות 80 ג',יוליניבר,IL,תבלין תיבול לפרגיות,גרמים,80.00,100 גרם,false,,4.90,0.0613,true,1,2382432
7290015324533,false,רוזמרין מיכל גדול 55 ג',"תבליני טעם וריח בע""מ",IL,תבלין רוזמרין,גרמים,55.00,100 גרם,false,,5.90,0.1073,true,1,2382444
7290015324540,false,טימין מיכל גדול 30 ג',"תבליני טעם וריח בע""מ",IL,תבלין טימין,גרמים,30.00,100 גרם,false,,5.90,0.1967,true,1,2382445
7290015324557,false,בהרט לבישול מיכל גדול 80 ג',"תבליני טעם וריח בע""מ",IL,תבלין בהרט לבישול,גרמים,80.00,100 גרם,false,,7.90,0.0988,true,1,2382446
7290015324564,false,כוסברה טחונה מיכל גדול 70 ג',"תבליני טעם וריח בע""מ",IL,מיכל כוסברה טחונה,גרמים,70.00,100 גרם,false,,7.90,0.1129,true,1,2382433
7290015324571,false,פפריקה מתוקה בשמן בסגנון מרוקאי 400 גר',תבליני טעם וריח,IL,פפריקה מתוקה,גרמים,400.00,100 גרם,false,,17.90,0.0447,true,1,2402809
7290015324588,false,פלפל לבן 100 גרם,תות ממתקי איכות,IL,פלפל לבן 100 גרם,גרמים,100.00,100 גרם,false,,12.90,0.1290,true,1,2402616
7290015324663,false,צ'ילי גרוס חריף אש 70 ג',תבליני טעם וריח,IL,מיכל צילי גרוס חריף,גרמים,70.00,100 גרם,false,,7.90,0.1129,true,1,2430522
7290015339483,false,ערמונים קלופים וקלויים טעמן 100ג',טאנגשאלן היואן פוד,CN,ערמונים,גרמים,100.00,100 גרם,false,,5.90,0.0590,true,1,2521967
7290015339551,false,פסטה פתיתים קוסקוס טעמן 500 גר',טעמן,,פתיתים קוסקוס 500גר',גרמים,500.00,100 גרם,false,,4.90,0.0098,true,1,2544671
7290015339650,false,"שוקולד חלבי בד""ץ 100 גר'",אלבה שוקולד,,שוקולד חלבי בדץ,יחידה,0.00,יחידה,false,,6.90,0.0000,true,1,2521968
7290015339698,false,דובדבנים חמוצים מגולענים בסירופ,,,דובדבנים חמוצים מגול,יחידה,0.00,יחידה,false,,11.90,0.0000,true,1,2544676
7290015339933,false,טעמן ריבת חלב 340 גרם,,,ריבת חלב 340 גר,גרמים,350.00,100 גרם,false,,11.90,0.0340,true,1,2507664
7290015347181,false,"שעועית לבנה סלקטד מיה 1 ק""ג",מיה תעשיות מזון בעמ,IL,שעועית לבנה סלקטד 1,קילוגרמים,1.00,"ק""ג",false,,14.90,14.9000,true,1,1858952
7290015347204,false,"חומוס גדול סלקטד מיה 1 ק""ג",מיה תעשיות מזון בעמ,IL,חומוס גדול סלקטד 1 ק,קילוגרמים,1.00,"ק""ג",false,,18.90,18.9000,true,1,1858953
7290015347273,false,נטיפי שוקולד אמיתי לאפיה 250 גר',,,שוקולד צ'יפס,גרמים,300.00,100 גרם,false,,9.90,0.0330,true,1,1492803
7290015347280,false,מעדן תות 280 גרם בדץ,,,מעדן תות 280 גרם בדץ,גרמים,280.00,100 גרם,false,,12.90,0.0461,true,1,2437750
7290015347303,false,מעדן אוכמניות 280 גר' מיה,,,מעדן אוכמניות 280 גר,גרמים,280.00,100 גרם,false,,12.90,0.0461,true,1,2437751
7290015347426,false,סוכריות קולה לימון ללא סוכר 80גרם,,,סוכריות ללא סוכר,גרמים,80.00,100 גרם,false,,6.90,0.0863,true,1,1386989
7290015347433,false,סוכריות פינה קולדה ללא סוכר 80גרם,,,סוכריות ללא סוכר,גרמים,80.00,100 גרם,false,,6.90,0.0863,true,1,1386990
7290015347457,false,קינואה שחורה יבשה מיה 400 גר',,,קינואה שחורה 400 גר,גרמים,400.00,100 גרם,false,,14.90,0.0373,true,1,1858954
7290015347464,false,קינואה מעורבת 400גרם,,,קינואה מעורבת 400 גר,גרמים,400.00,100 גרם,false,,14.90,0.0373,true,1,1858955
7290015347488,false,"סוכר דמררה חום שקית מיה 1 ק""ג",מיה,IL,סוכר דמררה שקית,קילוגרמים,1.00,"ק""ג",false,,9.90,9.9000,true,1,1500860
7290015347525,false,צ'יפס בטטה עם שום ורוזמרין 80גרם,מיה תעשיות מזון בעמ,IL,ציפס בטטה,גרמים,80.00,100 גרם,false,,7.90,0.0988,true,1,1677518
7290015347532,false,צ'יפס בטטה עם שמן זית ועשבי תיבול 80גרם,מיה תעשיות מזון בעמ,IL,ציפס בטטה,גרמים,80.00,100 גרם,false,,7.90,0.0988,true,1,1677519
7290015347556,false,גבישי שום בצנצנת 300 גר',מיה תעשיות מזון בעמ,IL,אבקת שום,גרמים,300.00,100 גרם,false,,19.90,0.0663,true,1,2410363
7290015347679,false,"תבלין צ'ילי גרוס 70 גר' צנצנת כשל""פ",מיה תעשיות מזון בעמ,IL,תבלין צילי,גרמים,70.00,100 גרם,false,,7.90,0.1129,true,1,1414134
7290015347686,false,תבלין צ'ילי גרוס 50 גר' שקית,מיה תעשיות מזון בעמ,IL,תבלין צילי,גרמים,50.00,100 גרם,false,,6.90,0.1380,true,1,1414135
7290015347709,false,תבלין מוסקט טחון 70 גר' צנצנת,מיה תעשיות מזון בעמ,IL,אגוז מוסקט,גרמים,70.00,100 גרם,false,,7.90,0.1129,true,1,1414136
7290015347761,false,סוכריות ג'לילנד כוכבים 125 גר',,,סוכריות ג'לי כוכבים,גרמים,125.00,100 גרם,false,,4.90,0.0392,true,1,1862217
7290015347778,false,סוכריות ג'לילנד דגים 125 גר',,,סוכריות ג'לי כוכבים,גרמים,125.00,100 גרם,false,,4.90,0.0392,true,1,1862218
7290015347785,false,סוכריות ג'לילנד לבבות 125 גר',,,סוכריות ג'לי לבבות,גרמים,125.00,100 גרם,false,,4.90,0.0392,true,1,1862219
7290015348072,false,אמיליאנו למברוסקו אדום 750מל,vlmo- גאטטיק,IT,יין אמיליאנו למברוסק,מיליליטרים,750.00,"100 מ""ל",false,,29.90,0.0399,true,1,1365737
7290015348089,false,"יין למברוסקו/קאווה ביאנקו לבן 750 מ""ל",vi.mo - גאטטיקו,IT,יין לבן למברוסקו ביא,מיליליטרים,750.00,"100 מ""ל",false,,29.90,0.0399,true,1,1410066
7290015348096,false,אמיליאנו למברוסקו רוזה 750 מל,,,יין אמיליאנו למברוסק,מיליליטרים,750.00,"100 מ""ל",false,,29.90,0.0399,true,1,1365738
7290015348386,false,יין מרום גליל רוזה 7,יקבי ברקן,,יין מרום גליל רוזה 7,מיליליטרים,750.00,"100 מ""ל",false,,29.90,0.0399,true,1,1422040
7290015350136,false,יין קברנה סוביניון Free Run,סגל Segal,,יין יוקרתי קרבנה סוב,מיליליטרים,750.00,"100 מ""ל",false,,55.00,0.0733,true,1,2156442
7290015350143,false,יין אדום פרי ראן מר,סגל Segal,,יין יוקרתי מרלו 750,מיליליטרים,750.00,"100 מ""ל",false,,55.00,0.0733,true,1,2156419
7290015350150,false,"יין אדום חצי יבש סגל 750 מ""ל",כרמי צבי - אחים סגל,IL,סגל אדום חצי יבש,מיליליטרים,750.00,"100 מ""ל",false,,24.90,0.0332,true,1,2402196
7290015350242,false,שטוק 84 משקה כוהלי על בסיס ברנדי בטעם דבש,יינות סגל,IL,"ברנדי שטוק 84 750 מ""",מיליליטרים,750.00,"100 מ""ל",false,,81.90,0.1092,true,1,1869287
7290015350402,false,יין רזרב מוסקט ורוד,יקבי ברקן Barkan,IL,יין רזרב מוסקט ורוד,מיליליטרים,750.00,"100 מ""ל",false,,59.90,0.0799,true,1,1872062
7290015366373,false,"ספירה - אנתוש ילדים רול 50 מ""ל",,,דוחה יתושים ספירה,מיליליטרים,50.00,"100 מ""ל",false,,11.90,0.2380,true,1,2319534
7290015366663,false,"אקווה פרש משחת שיניים מנטה עדין 100מ""ל",אקווה פרש Aquafresh,SK,משחת שיניים אקווה פר,גרמים,100.00,100 גרם,false,,7.90,0.0790,true,1,1408622
7290015366670,false,משחת שיניים הגנה משולשת מנטה מרענן,אקווה פרש Aquafresh,SK,משחת שיניים אקוה פרש,גרמים,100.00,100 גרם,false,,7.90,0.0790,true,1,1408623
7290015366731,false,שמן ארגן מרוקאי קוקו,,,שמן ארגן מרוקאי קוקו,מיליליטרים,120.00,"100 מ""ל",false,,44.90,0.3742,true,1,1408862
7290015395021,false,גרגרי גוגי ששון הקול,דין שיווק,,גרגירי גוג'י ברי 180,גרמים,180.00,100 גרם,false,,19.90,0.1106,true,1,1327674
7290015395045,false,קינואה שקדיה 400 גרם,"דין שיווק וקליה בע""מ",IL,קינואה 400 גרם,גרמים,400.00,100 גרם,false,,9.90,0.0248,true,1,2401889
7290015395939,false,חטיף יפני 150 ג' - ENJOY,דין שיווק,IL,חטיף יפני 150 גרם -,גרמים,150.00,100 גרם,false,,12.90,0.0860,true,1,2452699
7290015395960,false,בוטן רביולי 150 גרם,דין שיווק,IL,בוטן רביולי 150 גרם,גרמים,150.00,100 גרם,false,,12.90,0.0860,true,1,2452700
7290015437431,false,רכז רימונים תומר 420,תומר,,רכז רימונים 420 גרם,גרמים,420.00,100 גרם,false,,19.90,0.0474,true,1,1339811
7290015437578,false,מוזלי קראנצ'י צימוק תפוח מיובש גרעיני חמנ' 600ג',ויטליה,,מיזלי קראנצי+צימוק ת,גרמים,600.00,100 גרם,false,,14.90,0.0248,true,1,1367898
7290015437585,false,מוזלי קראנצ'י צימוק שוקולד ובננה 600ג',,,מיזלי קראנצי+צימוק ו,גרמים,600.00,100 גרם,false,,14.90,0.0248,true,1,1367899
7290015470094,false,טוסו שוקולד מריר תפוז ללא סוכר 100 ג',ALTINMARKA,TR,טוסו שוקולד מריר תפו,גרמים,100.00,100 גרם,false,,7.90,0.0790,true,1,1471415
7290015470384,false,קרם ידיים מטפח אינטנסיב מועשר בשמן שקדים,אינטרקוסמא,IL,חדש-פנג'ל פלוס קרם ידיים,מיליליטרים,100.00,"100 מ""ל",false,,9.90,0.0990,true,1,1395241
7290015470391,false,קרם ידיים מועשר בשמן זית לעור רגיל עד יבש,אינטרקוסמא,IL,חדש-פנג'ל פלוס קרם ידיים,מיליליטרים,100.00,"100 מ""ל",false,,9.90,0.0990,true,1,1395242
7290015483247,false,תחבושת אלסטית נצמדת,,,תחבושת אלסטית נצמדת,יח',1.00,יח',false,,24.90,24.9000,true,1,2455291
7290015519496,false,כירת גז ניידת,,,כירת גז ניידת,יחידה,0.00,יחידה,false,,99.90,0.0000,true,1,2461122
7290015519816,false,"מזרון שטח כמו בבית 170*60*4 ס""מ",ארטוס,,מזרון שטח כמו בבית,יחידה,0.00,יחידה,false,,99.90,0.0000,true,1,2461605
7290015596398,false,"אלכוג'ל תפוח לשמירת הגיינת ידיים 100 מ""ל","ד""ר פישר Dr fischer",IL,"אלכוג'ל 100 מ""ל קיווי-לימ",מיליליטרים,100.00,"10 מ""ל",false,,9.90,0.0990,true,1,1352063
7290015596831,false,"ד""ר פישר EFFECTIVE CARE קרם גוף בשמן אבוקדו 450 מ""ל","ד""ר פישר Dr fischer",,קרם גוף מועשר בשמן א,מיליליטרים,450.00,"100 מ""ל",false,,21.90,0.0487,true,1,2409391
7290015599054,false,פרוסות צהובה טבעונית בטעם גבינת צ'דר,וגה מוצרים טבעוניים VEGA,GR,צהובה טבעונית בטעם צ,גרמים,200.00,100 גרם,false,,23.90,0.1195,true,1,2207106
7290015599078,false,פרוסות צהובה טבעונית בתוספת עשבי תיבול,וגה מוצרים טבעוניים VEGA,,צהובה טבעונית עם עשב,גרמים,200.00,100 גרם,false,,23.90,0.1195,true,1,2207108
7290015599191,false,ממרח שמנת טבעונית בס,ביוט איילנד פודס,,ממרח טבעוני בסגנון ג,גרמים,170.00,100 גרם,false,,17.90,0.1053,true,1,2207110
7290015599207,false,ממרח שמנת טבעונית בט,ביוט איילנד פודס,,ממרח טבעוני בסגנון ג,גרמים,170.00,100 גרם,false,,17.90,0.1053,true,1,2207111
7290015599283,false,תחליף חביתה,,,תחליף חביתה,גרמים,250.00,100 גרם,false,,26.90,0.1076,true,1,2207112
7290015599306,false,ממרח שמנת טבעונית עם,ביוט איילנד פודס,,ממרח טבעוני בסגנון ג,גרמים,170.00,100 גרם,false,,17.90,0.1053,true,1,2207113
7290015599313,false,ממרח שמנת טבעונית בצ,ביוט איילנד פודס,,ממרח טבעוני בסגנון ג,גרמים,170.00,100 גרם,false,,17.90,0.1053,true,1,2207114
7290015599504,false,ממרח בטעם חמאה אורגנ,גוד פוד פרודקטס S.p,DK,ממרח בטעם חמאה אורגנ,גרמים,225.00,100 גרם,false,,17.90,0.0796,true,1,2046492
7290015602112,false,שקיות קוקי+סוגרים בא,,,שקיות קוקי+סוגרים בא,יח',5.00,יח',false,,4.90,0.9800,true,1,1362439
7290015641470,false,תבניות אלומיניום 3 י,,,תבניות אלומיניום 3 י,יח',3.00,יח',false,,9.90,3.3000,true,1,2530110
7290015641487,false,תבניות אלומיניום 4 י,,,תבניות אלומיניום 4 י,יח',4.00,יח',false,,9.90,2.4750,true,1,2530361
7290015641494,false,תבניות אלומיניום 4 י,,,תבניות אלומיניום 4 י,יח',4.00,יח',false,,9.90,2.4750,true,1,2530121
7290015641500,false,תבניות אלומיניום 10,,,תבניות אלומיניום 10,יח',10.00,יח',false,,9.90,0.9900,true,1,2530122
7290015641517,false,תבניות אלומיניום 7 י,,,תבניות אלומיניום 7 י,יח',7.00,יח',false,,9.90,1.4143,true,1,2530123
7290015652384,false,"קמח תירס ללא גלוטן 1 ק""ג",דין שיווק,IT,"קמח תירס 1 ק""ג ללא ג",קילוגרמים,1.00,"ק""ג",false,,9.90,9.9000,true,1,1490537
7290015652391,false,"קמח תירס ללא גלוטן 1 ק""ג",דין שיווק,IT,"קמח תירס 1 ק""ג ללא ג",קילוגרמים,1.00,"ק""ג",false,,8.90,8.9000,true,1,1490545
7290015652513,false,תערובת תבלינים לסטייק ובשרים על האש,"דין שיווק וקליה בע""מ",IL,תבלין לסטייק 150 גרם,גרמים,150.00,100 גרם,false,,9.90,0.0660,true,1,1704117
7290015652520,false,"תערובת השף עשבי תיבול ושום לתיבול דגים, עופות, מאפים ועוד","דין שיווק וקליה בע""מ",IL,תבלין תערובת השף 70,גרמים,70.00,100 גרם,false,,9.90,0.1414,true,1,1704118
7290015652537,false,"תערובת תיבול פלפל, לימון פרסי ושום לבשר ותבשילים","דין שיווק וקליה בע""מ",IL,תבלין פלפל לימון פרס,גרמים,130.00,100 גרם,false,,9.90,0.0762,true,1,1704119
7290015652551,false,תערובת תיבול זעתר ושומשום בלדי,נווה התבלין,IL,תבלין זעתר שומשום 15,גרמים,150.00,100 גרם,false,,9.90,0.0660,true,1,1704121
7290015652568,false,עשבי תיבול לדגים אהר,"דין שיווק וקליה בע""מ",IL,תבלין תיבול לדג 70 ג,גרמים,70.00,100 גרם,false,,9.90,0.1414,true,1,1704122
7290015652575,false,תבלין ראס אל חנות 150 גרם - אהרוני,"דין שיווק וקליה בע""מ",IL,תבלין ראס אל חנות 15,גרמים,150.00,100 גרם,false,,9.90,0.0660,true,1,1704123
7290015652582,false,תבלין לחריימה דג אהר,"דין שיווק וקליה בע""מ",IL,תבלין חרימה דג 150 ג,גרמים,150.00,100 גרם,false,,9.90,0.0660,true,1,1704124
7290015652599,false,תערובת מתובלת להכנת צלי בקר,"דין שיווק וקליה בע""מ",IL,תבלין צלי בקר 120 גר,גרמים,120.00,100 גרם,false,,9.90,0.0825,true,1,1704125
7290015673150,false,קציצות אוקרה ברוקולי,,,קציצות אוקרה ברוקולי,גרמים,400.00,100 גרם,false,,24.90,0.0622,true,1,1414951
7290015673181,false,בורגר על האש קליפורנ,טבע דלי,IL,בורגר קליפורניה 400,גרמים,400.00,100 גרם,false,,24.90,0.0622,true,1,1414935
7290015673570,false,קריספי נגיסי טופו מו,טבע דלי,IL,קריספי טופו מוכן לאכ,גרמים,350.00,100 גרם,false,,24.90,0.0711,true,1,2500583
7290015673587,false,קריספי נגיסי טופו רו,טבע דלי,IL,קריספי טופו ברוטב אס,גרמים,350.00,100 גרם,false,,24.90,0.0711,true,1,2500584
7290015673662,false,שניצלוני טופו טבע ד,טבע דלי,IL,שניצלוני טופו,גרמים,400.00,100 גרם,false,,29.90,0.0747,true,1,2500587
7290015699730,false,סבון דה מארסיי יעקבי 1.5 ליטר *חדש-,וונדפוט,,הפי רצפות מבושם 1.5,ליטרים,1.50,ליטר,false,,14.90,9.9333,true,1,1500266
7290015733441,false,מטרנה דייסת גם וגם דגנים פרו 300 גר',מטרנה תעשיות ש.מ,IL,דייסת גם וגם דגנים 3,גרמים,300.00,100 גרם,false,,22.90,0.0763,true,1,2379273
7290015733465,false,דייסת מטרנה גם וגם קרנפלור פרו 300 גרם,מטרנה,,דייסת גם וגם קורנפלו,גרמים,300.00,100 גרם,false,,22.90,0.0763,true,1,2379274
7290015733939,false,"תרכובת מזון A.R על בסיס חלבי בתוספת עמילן תפו""א ותירס",מטרנה,,"A.R מטרנה בד""ץ 700 ג",גרמים,700.00,100 גרם,false,,79.90,0.1141,true,1,2437169
7290015733977,false,תרכובת מזון קומפורט על בסיס חלבי דל לקטוז,מטרנה,,מטרנה אקסטרה קר קומפ,גרמים,700.00,100 גרם,false,,59.90,0.0856,true,1,2448680
7290015804400,false,עגבניות מרוסקות טל 260 ג',טל,,עגבניות מרוסקות טל,גרמים,250.00,100 גרם,false,,3.50,0.0140,true,1,1398059
7290015804417,false,עגבניות מרוסקות מתובלות עם שום,טל,,עגבניות מרוסקות עם ש,גרמים,250.00,100 גרם,false,,3.50,0.0140,true,1,1398060
7290015804424,false,עגבניות מרוסקות ובזיליקום ועשבי תיבול טל 260 ג',טל,,עגבניות מרוסקות בטעם,גרמים,250.00,100 גרם,false,,3.50,0.0140,true,1,1398061
7290015804486,false,עגבניות מרוסקות בטעם שקשוקה טל 260 ג',טל,,רוטב עגבניות מרוכז ו,גרמים,250.00,100 גרם,false,,3.50,0.0140,true,1,1398063
7290015848961,false,אולטרסול קרם פנים 75,,,אולטרסול קרם פנים 75,מיליליטרים,75.00,"100 מ""ל",false,,49.90,0.6653,true,1,1414092
7290015856492,false,חטיפי קרקר עם מלח 180 גר',,,קרקר חטיפית מלוח,גרמים,180.00,100 גרם,false,,4.90,0.0272,true,1,2271905
7290015856508,false,חטיפי קרקר עם שומשום 180 גר',הדר,,חטיפי קרקר עם שומשום,גרמים,180.00,100 גרם,false,,4.90,0.0272,true,1,2271906
7290015856515,false,חטיפי קרקר בטעם בצל הדר,,,קרק חטיפית בצל,גרמים,180.00,100 גרם,false,,4.90,0.0272,true,1,2271907
7290015856539,false,חטיפי ביסקוויט בצורת חיות,הדר,,בסקויט גן חיות,גרמים,180.00,100 גרם,false,,4.90,0.0272,true,1,2271915
7290015856607,false,קרקר תירוש מלוח מתוק חצי מצופה בטעם שוקולד,אפיפית נצרת תעשיות ב,IL,קרקר תירוש חצי מצופה,גרמים,175.00,100 גרם,false,,7.90,0.0451,true,1,2393801
7290015856621,false,ביסקוויט תירוש בטעם קרמל 175 גר'.,אפיפית נצרת תעשיות ב,IL,בסקויט תירוש קרמל חצ,גרמים,175.00,100 גרם,false,,7.90,0.0451,true,1,2393802
7290015856690,false,"קרם קרקר ""הדר"" 1 ק""ג",אפיפית נצרת תעשיות ב,IL,קרם קרקר,קילוגרמים,1.00,"ק""ג",false,,18.90,18.9000,true,1,2410977
7290015856706,false,חטיף אפונה אפויה טבע,תות תעשיות מזון (201,IL,סנקסו חטיף אפונה,גרמים,50.00,100 גרם,false,,5.90,0.1180,true,1,2465882
7290015856720,false,חטיף אפונה אפויה עם,תות תעשיות מזון (201,IL,סנקסו חטיף אפונה,גרמים,50.00,100 גרם,false,,5.90,0.1180,true,1,2465884
7290015856737,false,חטיף אפונה אפויה עם,אפיפית נצרת (1971) ב,IL,סנקסו חטיף אפונה,גרמים,50.00,100 גרם,false,,5.90,0.1180,true,1,2465885
7290015856775,false,עוגיות סנדביץ קרמל ו,,,עוגיות סנדביץ קרמל ו,גרמים,300.00,100 גרם,false,,9.90,0.0330,true,1,2514703
7290015856805,false,קרקר דגן ללא סוכר 25,,,קרקר דגן ללא סוכר 25,גרמים,250.00,100 גרם,false,,7.90,0.0316,true,1,2439651
7290015856935,false,ביסקוויט אקסטרא בטעם חמאה 400 גר',הדר,,ביסקוויט בטעם חמאה ה,גרמים,400.00,100 גרם,false,,8.90,0.0223,true,1,2470857
7290015856942,false,קרם קרקר עם זעתר 250,,,קרם קרקר 250 גרם הדר,גרמים,250.00,100 גרם,false,,5.90,0.0236,true,1,2498056
7290015856973,false,פתי בר ללא סוכר 150 גר הדר וניל,,,ביסקוויט תה וניל ללא,גרמים,150.00,100 גרם,false,,5.90,0.0393,true,1,2513396
7290015856980,false,פתי בר ללא סוכר 150 גר הדר שוקו,,,ביסקוויט תה שוקו ללא,גרמים,150.00,100 גרם,false,,5.90,0.0393,true,1,2513397
7290015858106,false,ממרח פסטו ביתי 180 ג' עללחם,"מדשא תעשיות מזון בע""",IL,ממרח פסטו ביתי 180 ג,גרמים,180.00,100 גרם,false,,14.90,0.0828,true,1,2307848
7290015858113,false,ממרח עגבניות מיובשות 180 גרם עללחם,"מדשא תעשיות מזון בע""",IL,ממרח עגבניות מיובשות,גרמים,180.00,100 גרם,false,,14.90,0.0828,true,1,2307857
7290015858144,false,ממרח ארטישוק עלחחם 180 ג',זאביק יצור ושיווק מז,IL,ממרח ארטישוק 180 גרם,גרמים,180.00,100 גרם,false,,14.90,0.0828,true,1,2307849
7290015858151,false,ממרח שום 180 גרם עללחם בית יוסף,רוג'ר אנד רוג'ר,IL,ממרח שום עללחם 180 ג,גרמים,180.00,100 גרם,false,,14.90,0.0828,true,1,2449054
7290015858175,false,ממרח פלפלים קלויים 180 גרם עללחם,זאביק יצור ושיווק מז,IL,ממרח פלפלים קלויים 1,גרמים,180.00,100 גרם,false,,14.90,0.0828,true,1,2307858
7290015858212,false,ממרח לימון כבוש עללחם 180 ג',,,ממרח לימון כבוש 180,גרמים,180.00,100 גרם,false,,14.90,0.0828,true,1,2307859
7290015858229,false,טפנד זיתי קלמטה 180 גרם עללחם,"מדשא תעשיות מזון בע""",IL,ממרח טפנד זיתי קלמטה,גרמים,180.00,100 גרם,false,,14.90,0.0828,true,1,2307860
7290015858243,false,ממרח צימיצורי עללחם 180 ג',זאביק יצור ושיווק מז,IL,ממרח צימיצורי 180 גר,גרמים,180.00,100 גרם,false,,14.90,0.0828,true,1,2307861
7290015858328,false,ממרח איולי פסטו 295 ג' עללחם,עלית,IL,איולי פסטו עללחם,גרמים,295.00,גרם,false,,13.90,0.0471,true,1,2540692
7290015858441,false,ממרח איולי פלפלים 295 ג' עללחם,עלית,IL,איולי פלפלים עללחם,גרמים,295.00,גרם,false,,13.90,0.0471,true,1,2540693
7290015858687,false,ממרח איולי שום 295 ג' עללחם,עלית,IL,איולי שום עללחם,גרמים,295.00,גרם,false,,13.90,0.0471,true,1,2540700
7290015858694,false,"עללחם איולי שום לימון, 295 גרם",אסם,,איולי שום לימון עללח,גרמים,295.00,גרם,false,,13.90,0.0471,true,1,2540694
7290015865722,false,קונפיטורת תות שדה ענ,ענבי ציון,IL,קונפיטורת תות שדה ענ,גרמים,400.00,100 גרם,false,,19.90,0.0497,true,1,2506707
7290015865739,false,קונפיטורת לייט אוכמנ,,,קונפיטורת אוכמניות ע,גרמים,400.00,100 גרם,false,,19.90,0.0497,true,1,2506708
7290015865746,false,קונפיטורת לייט פירות,,,קונפיטורת פירות יער,גרמים,400.00,100 גרם,false,,19.90,0.0497,true,1,2506709
7290015899390,false,תרסיס לניקוי והברקת נירוסטה ומתכות אחרות,סאסאטק SASATECK,,תרסיס לניקוי והברקת,מיליליטרים,500.00,"100 מ""ל",false,,9.90,0.0198,true,1,1547712
7290015899505,false,חיטוי פירות וירקות מסיר שאריות של חומרי הדברה,פרפקט Perfect,,חיטוי פירות וירקות 1,ליטרים,1.00,ליטר,false,,9.90,9.9000,true,1,1787774
7290015899512,false,אקונומיקה בניחוח לימון,סאסאטק SASATECK,,אקונומיקה מבושמת לימ,ליטרים,4.00,ליטר,false,,8.90,2.2250,true,1,1374921
7290015899529,false,אקונומיקה בניחוח פרחים,סאסאטק SASATECK,,אקונומיקה מבושמת פרח,ליטרים,4.00,ליטר,false,,8.90,2.2250,true,1,1374922
7290015899628,false,נוזל רב תכליתי מנקה ומבריק,סאסאטק SASATECK,,נוזל רב תכליתי 1 ליט,ליטרים,1.00,ליטר,false,,9.90,9.9000,true,1,1383354
7290015899970,false,אקונומיקה סמיכה בניחוח לימון,סאסאטק SASATECK,,אקונומיקה סמיכה בניח,ליטרים,4.00,ליטר,false,,8.90,2.2250,true,1,1396864
7290015899994,false,מסיר אבן 1 ליטר פרפק,סאסאטק SASATECK,,מסיר אבן 1 ליטר פרפק,ליטרים,1.00,ליטר,false,,9.90,9.9000,true,1,1397834
7290015968010,false,כפפות ניטריל שחורות ללא אבקה - S,סייף טאץ' Safe Touch,,כפפות ניטריל שחורות,יח',100.00,יח',false,,24.90,0.2490,true,1,2336699
7290015968089,false,"צלחות פלסטיק עבות כ-17 ס""מ במבחר צבעים",הוסטס Hostess,,צלחות פלסטיק עבות 25,יח',25.00,יח',false,,6.90,0.2760,true,1,1432296
7290015968737,false,צלחת קריסטל מעוטרת ענקית 10 יח',הוסטס Hostess,,צלחות מעוטרות ענקיות,יח',10.00,יח',false,,35.90,3.5900,true,1,1855490
7290015968805,false,"מפיות מודפסות 33*33 ס""מ הוסטס",W.W.P.CO,CN,מפיות מודפסות 20 יח',יח',20.00,יח',false,,8.90,0.4450,true,1,1855631
7290015968843,false,מפיות מודפסות 20 יח',W.W.P.CO,,מפיות מודפסות 20 יח',יח',20.00,יח',false,,8.90,0.4450,true,1,1855635
7290015968898,false,מפיות מודפסות 20 יח',W.W.P.Co.Ltd,CN,מפיות מודפסות 20 יח',יח',20.00,יח',false,,8.90,0.4450,true,1,1855640
7290015968904,false,מפיות מודפסות 20 יח',W.W.P.Co.Ltd,,מפיות מודפסות 20 יח',יח',20.00,יח',false,,8.90,0.4450,true,1,1855641
7290015968911,false,"מפיות מודפסות 33*33 ס""מ הוסטס",W.W.P.Co.Ltd,,מפיות מודפסות 20 יח',יח',20.00,יח',false,,8.90,0.4450,true,1,1855642
7290015968935,false,מפיות מודפסות 20 יח',,,מפיות מודפסות 20 יח',יח',20.00,יח',false,,8.90,0.4450,true,1,1855644
7290015968959,false,מפיות מודפסות 20 יח',W.W.P.CO,,מפיות מודפסות 20 יח',יח',20.00,יח',false,,8.90,0.4450,true,1,1855646
7290015968966,false,"מפיות מודפסות 33*33 ס""מ הוסטס",W.W.P.CO,,מפיות מודפסות 20 יח',יח',20.00,יח',false,,8.90,0.4450,true,1,1855647
7290015968973,false,כפפות ניטריל שחורות ללא אבקה - M,סייף טאץ' Safe Touch,,כפפות ניטריל שחורות,יח',100.00,יח',false,,24.90,0.2490,true,1,2336700
7290015968980,false,כפפות ניטריל שחורות ללא אבקה - L,סייף טאץ' Safe Touch,,כפפות ניטריל שחורות,יח',100.00,יח',false,,24.90,0.2490,true,1,2336701
7290015968997,false,כפפות ניטריל שחורות,,,כפפות ניטריל שחורות,יח',100.00,יח',false,,24.90,0.2490,true,1,2336702
7290015996983,false,סוכרזית סוכרלוז 0קלוריות 130גר,ביסקול בעn,IL,סוכרזית סוכרלוז 100,גרמים,130.00,100 גרם,false,,26.90,0.2069,true,1,1957725
7290016006292,false,נקטר מנגו בננה מלון קרטונית 1 ל' ספרינג,"יפאורה תבורי בע""מ",IL,ספרינג קרטונית מנגו,ליטרים,1.00,ליטר,false,,6.60,6.6000,true,1,1420250
7290016006339,false,מים מינרלים - מארז רביעייה,מופק ממקור בזלתי עדן,IL,רביעייה מי עדן 1 ליט,ליטרים,4.00,ליטר,false,,9.90,2.4750,true,1,1826057
7290016006346,false,שוופס סודה מארז שישייה * 0.5 ל',יפאורה תבורי בעמ,IL,שוופס סודה שישייה מו,ליטרים,3.00,ליטר,false,,14.90,4.9667,true,1,1826058
7290016034141,false,מאפינס קטן 50 יח' תבניכל,,,מאפינס קטן בשרינק מס,יחידה,0.00,יחידה,false,,6.90,0.0000,true,1,1710973
7290016034158,false,מאפינס גדול 50 יח' תבניכל,,,מאפינס גדול בשרינק 2,יחידה,0.00,יחידה,false,,7.90,0.0000,true,1,1710974
7290016034462,false,צלחות 7 שבלול זהב 10,,,צלחות 7 שבלול זהב 10,יחידה,0.00,יחידה,false,,14.90,0.0000,true,1,1710994
7290016034486,false,קערת מרק שבלול זהב 1,,,קערת מרק שבלול זהב 1,יחידה,0.00,יחידה,false,,21.90,0.0000,true,1,1712065
7290016077759,false,רוטב היינץ ברביקיו ק,היינץ Heinz,,רוטב ברבקיו 480 גרם,גרמים,480.00,100 גרם,false,,12.90,0.0269,true,1,1812457
7290016080551,false,מתבל עגבניות היינץ א,היינץ Heinz,,היינץ מתבל עגבניות א,גרמים,580.00,100 גרם,false,,14.90,0.0257,true,1,1590143
7290016083323,false,עוגיות בדלי בטעמים ש,מאפיית ישראל חיפה,IL,עוגיות בדלי בטעמים ש,גרמים,500.00,100 גרם,false,,15.90,0.0318,true,1,2488615
7290016083347,false,עוגיות בדלי בטעמים ש,מאפיית ישראל חיפה,IL,עוגיות בדלי בטעמים ש,גרמים,500.00,100 גרם,false,,15.90,0.0318,true,1,2488617
7290016083583,false,עוגיות בדלי בטעמים ש,,,עוגיות בדלי בטעמים ש,גרמים,500.00,100 גרם,false,,15.90,0.0318,true,1,2438949
7290016083590,false,עוגיות בדלי בטעמים ש,,,עוגיות בדלי בטעמים ש,גרמים,500.00,100 גרם,false,,15.90,0.0318,true,1,2456719
7290016083644,false,עוגיות בדלי בטעמים ש,,,עוגיות בדלי בטעמים ש,גרמים,600.00,100 גרם,false,,15.90,0.0265,true,1,2456724
7290016083651,false,עוגיות בדלי בטעמים ש,,,עוגיות בדלי בטעמים ש,גרמים,600.00,100 גרם,false,,15.90,0.0265,true,1,2456725
7290016094695,false,אלכוג'ל לשמירה על הייגיינת הידיים 70% אלכוהול,פישר מעבדות פרמצבטיו,IL,אלכוג'ל טבעי 500 מל,מיליליטרים,500.00,"100 מ""ל",false,,19.90,0.0398,true,1,2373408
7290016106411,false,פרוסות מנגו 425 גר' בסירופ קל,לונגהי גואנגפה פוד ב,,פרוסות מנגו 425 גרם,גרמים,425.00,100 גרם,false,,7.90,0.0186,true,1,2462690
7290016106657,false,נתחי טונה בהירה בשמן צמחי - מארז רביעייה,דיאמוד פוד פרודקט סי,IL,רביעיית טונה בשמן בד,גרמים,560.00,100 גרם,false,,19.90,0.0355,true,1,2529762
7290016106664,false,נתחי טונה בהירה במי מלח - מארז רביעייה,דיאמוד פוד פרודקט סי,IL,רביעיית טונה במים בד,גרמים,560.00,100 גרם,false,,19.90,0.0355,true,1,2529768
7290016106855,false,תירס גמדי 410 גר',,,תירס גמדי,גרמים,410.00,100 גרם,false,,6.90,0.0168,true,1,2521952
7290016117189,false,ברזלית 5 יחידות פרפק,פרפקט Perfect,,ברזלית 5 יחידות פרפק,יח',5.00,יח',false,,7.90,1.5800,true,1,1427066
7290016117196,false,כריות יפניות דו צדדיות,פרפקט Perfect,,כרית יפנית דו צדדית,יח',4.00,יח',false,,9.90,2.4750,true,1,1427048
7290016117202,false,שלישיית כריות קרצוף,פרפקט Perfect,,כריות קרצוף שלישייה,יח',3.00,יח',false,,9.90,3.3000,true,1,1427067
7290016117226,false,כרית יפנית שישיה פרפ,פרפקט Perfect,,כרית יפנית שישיה פרפ,יח',6.00,יח',false,,9.90,1.6500,true,1,1427050
7290016117233,false,כריות קרצוף 6 יחידות,פרפקט Perfect,,כריות קרצוף 6 יחידות,יח',6.00,יח',false,,7.90,1.3167,true,1,1427068
7290016135541,false,אטריות ביצים 3 צבעים פוזילי,,,פסטה ביצים 3 צבעים פ,גרמים,400.00,100 גרם,false,,9.90,0.0248,true,1,1474084
7290016136111,false,תערובת להכנת מאפים ללא גלוטן,ג'י פרי Gfree,,תערובת קמח רב תכליתי,גרמים,500.00,100 גרם,false,,16.90,0.0338,true,1,1413690
7290016136692,false,משחת שיניים הגנה משולשת מנטה מרענן- שלישייה,אקווה פרש Aquafresh,,משחת שיניים שלישיה מ,מיליליטרים,300.00,"100 מ""ל",false,,19.90,0.0663,true,1,1470871
7290016136708,false,משחת שיניים הגנה משולשת מנטה עדין- שלישייה,אקווה פרש Aquafresh,,א.פרש שלישיה עדין,מיליליטרים,300.00,"100 מ""ל",false,,19.90,0.0663,true,1,1470872
7290016136722,false,פתיתים פנה ללא גלוטן 340 ג',,,פתיתים פנה ללא גלוטן,גרמים,340.00,100 גרם,false,,7.90,0.0232,true,1,1527154
7290016136746,false,אטריות בצורת מקלונים ללא גלוטן 340 ג',,,אטריות בצורת מקלונים,גרמים,340.00,100 גרם,false,,7.90,0.0232,true,1,1527155
7290016144000,false,"קמח חיטה מלאה נפלאות 80% 1 ק""ג","קמח מלכים בע""מ",IL,קמח חיטה מלא 80% נפל,קילוגרמים,1.00,"ק""ג",false,,9.90,9.9000,true,1,1397140
7290016144017,false,"קמח חיטה מלאה נפלאות 100% 1 ק""ג",קמח מלכים,IL,קמח חיטה מלא 100% נפ,קילוגרמים,1.00,"ק""ג",false,,9.90,9.9000,true,1,1397141
7290016144031,false,"קמח חיטה לבן נפלאות 1 ק""ג",קמח מלכים,IL,קמח לבן מנופה נפלאות,קילוגרמים,1.00,"ק""ג",false,,6.90,6.9000,true,1,1487109
7290016144048,false,"קמח כוסמין לבן נפלאות 1 ק""ג","קמח מלכים בע""מ",IL,קמח כוסמין לבן נפלאו,קילוגרמים,1.00,"ק""ג",false,,14.90,14.9000,true,1,1561402
7290016144055,false,"קמח כוסמין נפלאות 80% 1 ק""ג",קמח מלכים,IL,קמח כוסמין מלא 80% נ,קילוגרמים,1.00,"ק""ג",false,,14.90,14.9000,true,1,1792381
7290016144062,false,"קמח שיפון מלא נפלאות, 1 ק""ג",קמח מלכים,IL,קמח שיפון מלא,קילוגרמים,1.00,"ק""ג",false,,8.90,8.9000,true,1,2544775
7290016144079,false,"קמח חיטה כפרי 1 ק""ג נפלאות",קמח מלכים,IL,קמח חיטה כפרי,קילוגרמים,1.00,"ק""ג",false,,8.90,8.9000,true,1,2544776
7290016144086,false,נפלאות קמח חלה מנופה 1 ק”ג,קמח מלכים,IL,קמח חלה,קילוגרמים,1.00,"ק""ג",false,,6.90,6.9000,true,1,2544777
7290016144093,false,"קמח לחם נפלאות, 1 ק""ג",קמח מלכים,IL,קמח לחם,קילוגרמים,1.00,"ק""ג",false,,6.90,6.9000,true,1,2544778
7290016144116,false,"קמח תופח נפלאות, 1 ק""ג",קמח מלכים,IL,קמח תופח,קילוגרמים,1.00,"ק""ג",false,,8.90,8.9000,true,1,2544779
7290016150865,false,"מיזלי קרנצ'י 1 ק""ג ב",,,"מיזלי קרנצ'י 1 ק""ג ב",גרמים,1000.00,100 גרם,false,,20.90,0.0209,true,1,2495361
7290016162264,false,עוגת גבינה רנססנס 450 גר',קפולסקי שיווק וקמעונ,IL,עוגת גבינה רנסנס 450,גרמים,450.00,100 גרם,false,,34.90,0.0776,true,1,1414735
7290016188585,false,יין מבעבע למברוסקו רוזה חצי יבש,יקב גאקובזי,,יין למברוסקו רוזה חצ,מיליליטרים,750.00,"100 מ""ל",false,,23.90,0.0319,true,1,2133429
7290016188592,false,"יין למברוסקו אדום חצי יבש 750 מ""ל","כד בני דרום בע""מ",IT,יין למברוסקו אדום חצ,מיליליטרים,750.00,"100 מ""ל",false,,23.90,0.0319,true,1,2133430
7290016188608,false,"יין למברוסקו לבן חצי יבש 750מ""ל",יקב גאקובזי,IT,יין למברוסקו לבן חצי,מיליליטרים,750.00,"100 מ""ל",false,,23.90,0.0319,true,1,2133431
7290016217735,false,חציל על האש סלטי שמי,"סלטי שמיר 2006 בע""מ",IL,חציל אש 200 גרם,גרמים,200.00,100 גרם,false,,9.90,0.0495,true,1,2379687
7290016217742,false,חציל בטחינה שמיר 200 ג',"סלטי שמיר 2006 בע""מ",IL,חציל בטחינה,גרמים,200.00,100 גרם,false,,9.90,0.0495,true,1,2379688
7290016217759,false,חצילים בסגנון מרוקאי,"סלטי שמיר 2006 בע""מ",IL,חציל מרוקאי 200 גרם,גרמים,200.00,100 גרם,false,,11.90,0.0595,true,1,2379689
7290016217971,false,נסיכת הנילוס מעושנת 00ג',שבעת הימים - שמיר,,נסיכת הנילוס מעושנת,גרמים,100.00,100 גרם,false,,18.90,0.1890,true,1,2204702
7290016217988,false,גרבדלקס סלמון כבוש 100 גרם,"סלטי שמיר 2006 בע""מ",,גרבלקס חדש,גרמים,100.00,100 גרם,false,,21.90,0.2190,true,1,2490726
7290016217995,false,סלט ביצים עם אבוקדו,"סלטי שמיר 2006 בע""מ",IL,סלט ביצים עם אבוקדו,גרמים,200.00,100 גרם,false,,16.90,0.0845,true,1,2379690
7290016233254,false,עגבניות מיובשות קצוצות מתובלות,תומר,,עגבניות מיובשות 250,גרמים,250.00,100 גרם,false,,9.90,0.0396,true,1,1408252
7290016233261,false,עגבניות מיובשות 250,,,עגבניות מיובשות 250,גרמים,250.00,100 גרם,false,,9.90,0.0396,true,1,1408253
7290016246018,false,בארכה מיקס פינוקיות חלווה 10*20ג,רושדי תעשיות מזון בע,IL,בארכה מיקס פינוקיות,גרמים,200.00,100 גרם,false,,11.90,0.0595,true,1,1408410
7290016246025,false,בארכה מיקס פינוקיות חלווה ללא סוכר 10*20ג,רושדי תעשיות מזון בע,IL,בארכה מיקס פינוקיות,גרמים,200.00,100 גרם,false,,11.90,0.0595,true,1,1408411
7290016246209,false,בארכה חטיף חלווה וניל 100 ג',בארכה,,חלבה בארכה חטיף וניל,גרמים,100.00,100 גרם,false,,3.00,0.0300,true,1,1513864
7290016246445,false,טחינה גולמית מעודנת שמשום מלא בארכה 310ג',בארכה,IL,טחינה גולמית מעודנת,גרמים,310.00,100 גרם,false,,11.90,0.0384,true,1,2099518
7290016246452,false,טחינה גולמית מעודנת לימון שום בארכה 310ג',בארכה,IL,טחינה גולמית מעודנת,גרמים,310.00,100 גרם,false,,11.90,0.0384,true,1,2099519
7290016246490,false,בארכה חלבה קלאסיק 400 גר',,,בארכה חלבה קלאסית 40,גרמים,400.00,100 גרם,false,,9.90,0.0248,true,1,2156486
7290016246711,false,בארכה - טחינה מתובלת גולמית מעודנת משומשום מלא אריסה 310 גרם,בארכה,IL,טחינה גולמית מעודנת,גרמים,310.00,100 גרם,false,,11.90,0.0384,true,1,2370796
7290016246773,false,בארכה טחינה מתובלת גולמית מעודנת משומשום מלא זעתר 310 גר',רושדי תעשיות מזון בע,IL,טחינה גולמית מעודנת,גרמים,310.00,100 גרם,false,,11.90,0.0384,true,1,2431004
7290016248173,false,יין מסע ישראלי ויתקי,,,יין מסע ישראלי ויתקי,מיליליטרים,750.00,"100 מ""ל",false,,69.90,0.0932,true,1,2387393
7290016255003,false,מסיר שומנים להסרת לכלוך קשה,סאסאטק SASATECK,,"מסיר שומנים 750 מ""ל",מיליליטרים,750.00,"100 מ""ל",false,,9.90,0.0132,true,1,1404098
7290016255010,false,מסיר אבנית ולכלוך קשה,סאסאטק SASATECK,,מרסס מסיר אבנית 750,מיליליטרים,750.00,"100 מ""ל",false,,9.90,0.0132,true,1,1404109
7290016255034,false,ג'ל לניקוי אסלות בניחוח אורנים,סאסאטק SASATECK,,ג'ל לניקוי אסלות בני,מיליליטרים,750.00,"100 מ""ל",false,,7.90,0.0105,true,1,1396870
7290016255157,false,דלי מטליות לחות לרצפה בבישום מרענן,פרפקט Perfect,,דלי מטליות לחות לניק,יח',50.00,יח',false,,24.90,0.4980,true,1,1844559
7290016255393,false,מטליות נשלפות לניקוי וחיטוי כללי בבישום עדין 400 יח',פרפקט Perfect,,מטליות נשלפות לניקוי,יח',400.00,יח',false,,24.90,0.0622,true,1,1408420
7290016255492,false,נוזל מבושם לשטיפת פר,פרפקט Perfect,,נוזל מבושם לשטיפת פר,ליטרים,2.00,ליטר,false,,9.90,4.9500,true,1,1415415
7290016255508,false,נוזל לניקוי כלים בניחוח לימון,פרפקט Perfect,,נוזל לניקוי כלים 750,מיליליטרים,750.00,"100 מ""ל",false,,9.90,0.0132,true,1,1451371
7290016255515,false,נוזל לניקוי כלים בניחוח תפוח,פרפקט Perfect,,נוזל לניקוי כלים 750,מיליליטרים,750.00,"100 מ""ל",false,,9.90,0.0132,true,1,1451372
7290016255638,false,נוזל מנקה רצפות בניחוח לבנדר,פרפקט Perfect,,נוזל לניקוי רצפות בנ,ליטרים,2.00,ליטר,false,,9.90,4.9500,true,1,1415416
7290016255645,false,נוזל מנקה רצפות בניחוח מאסק,פרפקט Perfect,,נוזל לניקוי רצפות בנ,ליטרים,2.00,ליטר,false,,9.90,4.9500,true,1,1415417
7290016255652,false,נוזל מנקה רצפות בניחוח אורנים,פרפקט Perfect,,נוזל לניקוי רצפות בנ,ליטרים,2.00,ליטר,false,,9.90,4.9500,true,1,1415418
7290016255928,false,ג'ל מרוכז לכביסה לבנה וצבעונית,סאסאטק SASATECK,,ג'ל כביסה לבנה וצבעו,ליטרים,3.00,ליטר,false,,17.90,5.9667,true,1,1429577
7290016276534,false,"שמן קוקוס לא מזוכך 500 מ""ל",דין שיווק,IL,שמן קוקוס לא מזוכך 5,מיליליטרים,500.00,"100 מ""ל",false,,24.90,0.0498,true,1,2464521
7290016302059,false,מארז לחמניות פרנה ביס 10 יח',פרנה בייקרי,,מארז פרנה ביס 10 יח',יח',10.00,יח',false,,9.90,0.9900,true,1,2434621
7290016308495,false,קינוח כוסות שוט ניצו,,,קינוח כוסות שוט ניצו,יחידה,0.00,יחידה,false,,10.90,0.0000,true,1,2382686
7290016320343,false,"דאק נוזל ג'ל לניקוי מתקדם בניחות לבנדר זוג * 750 מ""ל",טואלט דאק Toilet Duck,,"זוג ט.דאק 750 מ""ל בנ",מיליליטרים,1500.00,"מ""ל",false,,16.90,0.0113,true,1,1792399
7290016321531,false,רצועות שעווה מגע המש,שוורצקוף& הנקל דיסלד,ES,רצועות שעווה מגע המש,יחידה,0.00,יחידה,false,,19.90,0.0000,true,1,2409069
7290016321555,false,רצועות שעווה מגע המש,VIOKOX,ES,רצועות שעווה מגע המש,יחידה,0.00,יחידה,false,,19.90,0.0000,true,1,2409076
7290016321661,false,מגבונים פרש וואנס סנסיטיב קר רביעיה,עלבד משואות יצחק,IL,רביעיית מגבוני פרשוו,יח',256.00,יח',false,,15.90,0.0621,true,1,2345526
7290016321678,false,מגבונים לחים בניחוח מרענן עם תמציות קמומיל ואלוורה,עלבד משואות יצחק,IL,רביעיית מגבוני פרשוו,יח',256.00,יח',false,,15.90,0.0621,true,1,2345527
7290016321777,false,רצועות שעווה לפנים מ,שוורצקוף& הנקל דיסלד,ES,רצועות שעווה לפנים מ,יחידה,0.00,יחידה,false,,19.90,0.0000,true,1,2409077
7290016321883,false,פ.ו נייר טואלט מתכלה ילדים 40יח- שלישייה,עלבד משואות יצחק,IL,מארז שלישייה נייר טו,יח',40.00,יח',false,,14.90,0.3725,true,1,2378074
7290016321890,false,פ.ו נייר טואלט מתכלה מבוגרים 40יח- שלישייה,עלבד משואות יצחק בעמ,IL,מארז שלישייה נייר טו,יח',40.00,יח',false,,14.90,0.3725,true,1,2378075
7290016323900,false,קומקום פלסטיק 2 ליטר,,,קומקום פלסטיק 2 ליטר,יחידה,0.00,יחידה,false,,69.90,0.0000,true,1,2512386
7290016323917,false,קומקום זכוכית חדש HH,,,קומקום זכוכית חדש HH,יחידה,0.00,יחידה,false,,99.90,0.0000,true,1,2512387
7290016329865,false,קרם ידיים לעור יבש Intensive,"ד""ר פישר Dr fischer",,קרם ידיים אפקטיב קר,מיליליטרים,50.00,"100 מ""ל",false,,14.90,0.2980,true,1,1470995
7290016329971,false,קרם ידיים לעור יבש ומגורה Intensive Relief,"ד""ר פישר Dr fischer",,קרם ידיים אפקטיב קר,מיליליטרים,50.00,"100 מ""ל",false,,14.90,0.2980,true,1,1470996
7290016372342,false,עגבניות חתוך קוביות גראנד איטליה מארז 400X3ג',גרנד איטליה Grand Italia,,עגבניות חתוכות 3*400,גרמים,1200.00,100 גרם,false,,14.90,0.0124,true,1,1841404
7290016372397,false,"תה ויסוצקי ירוק תפוז,ג'ינגר וכורכום 25 יח'",ויסוצקי ירוק,IL,תה ירוק תפוז ג'ינג'ר,גרמים,37.50,100 גרם,false,,22.90,0.6107,true,1,1749915
7290016372458,false,חליטת צמחים לימונית ולואיזה הגן הקסום,קריות זול,,תה הגן הקסום לימונית,גרמים,75.00,100 גרם,false,,29.90,0.3987,true,1,1695058
7290016372489,false,ויסוצקי חליטת ג'ינג'ר ולימון סודות הצמחים 25 שקיקים,HIQ FOOD PRODUCTS,IL,חליטת ג'ינג'ר ולימון,גרמים,45.00,100 גרם,false,,17.90,0.3978,true,1,1750022
7290016372496,false,חליטת פירות וצמחים בטעם ג'ינג'ר ודבש -אפקט הג'ינג'ר,קריות זול,IL,חליטת ג'ינג'ר ודבש ס,גרמים,45.00,100 גרם,false,,17.90,0.3978,true,1,1750023
7290016373691,false,מקלות חמוצים תפוח 18ג',אלבן מזון תעשיות ומס,TR,מקלות חמוצים,גרמים,20.00,100 גרם,false,,1.90,0.0950,true,1,2514811
7290016373707,false,מקלות חמוצים אפרסק 18 ג',אלבן מזון תעשיות ומס,TR,מקלות חמוצים,גרמים,20.00,100 גרם,false,,1.90,0.0950,true,1,2514812
7290016373721,false,מקלות חמוצים תות וניל 180 גר',אלוון גידה סאן,TR,מקלות חצוצים 275 גרם,גרמים,275.00,100 גרם,false,,9.90,0.0360,true,1,2507673
7290016408119,false,טרליני כעכים בטעם קלאסי 225 גר' - בדץ,אפוליה,IL,כעכים טרליני בטעם קל,גרמים,225.00,100 גרם,false,,6.90,0.0307,true,1,1486180
7290016408140,false,טרליני כעכים בטעם רוטב פיצה 225 גר',,,כעכים טרליני בטעם רו,גרמים,225.00,100 גרם,false,,6.90,0.0307,true,1,1486183
7290016408294,false,"מרשמלו ורוד לבן וסטהיים 150 ג', 26 בקרטון",מנדלז סי.אר. פרודקשן,IL,מרשמלו ורוד לבן,גרמים,150.00,100 גרם,false,,4.90,0.0327,true,1,1901657
7290016408393,false,חטיף קרקר עם שומשום פניני 130 ג',רפאדוויטה גיי אס,LT,חטיף קרקר עם שומשום,גרמים,130.00,100 גרם,false,,6.90,0.0531,true,1,1486187
7290016408416,false,קרקר דגנים קמח שיפון,תות תעשיות מזון (201,LT,חטיף קרקר עם צ'ילי פ,גרמים,130.00,100 גרם,false,,6.90,0.0531,true,1,1486189
7290016408423,false,קרקר עם זיתים שחורים,תות תעשיות מזון (201,LT,חטיף קרקר עם זיתים ש,גרמים,130.00,100 גרם,false,,6.90,0.0531,true,1,1486190
7290016408430,false,קרקר עם תערובת תבלינ,דנוויטה ג'יי. אס. סי,LT,חטיף קרקר עם תערובת,גרמים,130.00,100 גרם,false,,6.90,0.0531,true,1,1486191
7290016408447,false,חטיף קרקר עם עגבניות ובזיליקום פניני 130 ג',דנוויטה ג'יי. אס. סי,LT,חטיף קרקר עם עגבניות,גרמים,130.00,100 גרם,false,,6.90,0.0531,true,1,1486192
7290016408744,false,"מרשמלו טוויסטר בד""צ 150 גר",כרמית,,מרשמלו טוויסטר,גרמים,150.00,100 גרם,false,,4.90,0.0327,true,1,1901658
7290016408980,false,"מטבעות שוקולד חלב 36 ג' כשל""פ בד""ץ",כרמית,IL,מטבעות חלב,גרמים,36.00,100 גרם,false,,3.90,0.1083,true,1,2091809
7290016416961,false,מוס גבינה תות שדה 400 גר',קפולסקי שיווק וקמעונ,IL,עוגת מוס גבינה תות ש,גרמים,400.00,100 גרם,false,,34.90,0.0872,true,1,1506851
7290016429992,false,"ד""ר פישר - אלכוג'ל במארז סיליקון עם דמות 30 מ""ל",,,"אלכו-גיל 30 מ""ל דמות",מיליליטרים,30.00,"100 מ""ל",false,,19.90,0.6633,true,1,1776864
7290016437614,false,"תחתוני חיתולים פרידום דריי מידה 3 6-11 ק""ג",האגיס Huggies,CZ,חיתולי האגיס פרידום,יח',44.00,יח',false,,44.90,1.0205,true,1,1596263
7290016440218,false,עמבה מקורית עם פיר,,,עמבה מקורית עם פיר,גרמים,500.00,100 גרם,false,,12.90,0.0258,true,1,1503726
7290016440607,false,עמבה לחיץ,,,עמבה לחיץ,גרמים,300.00,100 גרם,false,,12.90,0.0430,true,1,2469918
7290016440652,false,תערובת פרוסות ירקות חמוצים,,,תערובת ירקות חמוצים,גרמים,500.00,100 גרם,false,,19.90,0.0398,true,1,2469919
7290016440874,false,לפת אדומה,,,לפת אדומה,גרמים,500.00,100 גרם,false,,19.90,0.0398,true,1,2506264
7290016440881,false,תערובת ירקות חמוצים בטעם טבעי,,,תערובת ירקות חמוצים,גרמים,500.00,100 גרם,false,,19.90,0.0398,true,1,2469920
7290016440911,false,מלפפונים ביתיים כבושים,מעדני עופר,,מלפפון ביתיים כבושים,גרמים,750.00,100 גרם,false,,19.90,0.0265,true,1,2469921
7290016440928,false,ירקות כבושים חמוץ מתוק (סיני),מעדני עופר,IL,ירקות כבושים חמוץ מת,גרמים,750.00,100 גרם,false,,19.90,0.0265,true,1,2469922
7290016475067,false,מארז 4 לאפות במלאכת יד,מאפיית המכבים,IL,4 יח' לאפות במארז עב,יח',4.00,יח',false,,10.90,2.7250,true,1,2325711
7290016492118,false,פפריקה מתוקה מעושנת,תבליני הדור השלישי,IL,פפריקה מעושנת,גרמים,120.00,100 גרם,false,,13.90,0.1158,true,1,2528203
7290016492125,false,פרג תבלין פילדפיה 120 גר',תבליני הדור השלישי,IL,פילדלפיה 120 גרם,גרמים,120.00,100 גרם,false,,13.90,0.1158,true,1,2528196
7290016492132,false,תבלין טוסקנה פרג 160 גר',תבליני הדור השלישי,IL,טוסקנה 160 גרם,גרמים,160.00,100 גרם,false,,13.90,0.0869,true,1,2528174
7290016492453,false,מג'דרה אורז עם עדשים,תבליני פרג,,אורז עם עדשים,גרמים,300.00,100 גרם,false,,14.90,0.0497,true,1,2528148
7290016492507,false,אורז עם ירקות,תבליני פרג,,אורז עם ירקות,גרמים,300.00,100 גרם,false,,14.90,0.0497,true,1,2528149
7290016492514,false,בורגול עם עדשים,תבליני פרג,,בורגול עם עדשים,גרמים,300.00,100 גרם,false,,14.90,0.0497,true,1,2528150
7290016492521,false,קינואה עם עדשים,תבליני פרג,,קינואה עם עדשים,גרמים,300.00,100 גרם,false,,14.90,0.0497,true,1,2528151
7290016492538,false,קינואה עם ירקות,תבליני פרג,,קינואה עם ירקות,גרמים,300.00,100 גרם,false,,14.90,0.0497,true,1,2528152
7290016492620,false,"סומסומיה - ממרח טחינה, דבש ואגוזים",תבליני פרג,,סומסומיה-ממרח,גרמים,150.00,100 גרם,false,,14.90,0.0993,true,1,2528396
7290016509304,false,סוד סבון לאסלה 4 כדוריותבניחוח לבנדר 50 ג',סוד,,סוד סבון לאסלה לבנדר,גרמים,50.00,100 גרם,false,,8.90,0.1780,true,1,1614307
7290016509342,false,סוד שלישייה סבון לאסל כחול אקטיבי אקנומיקה,הנקל סוד,IL,כדוריות שלישייה אסלה,יח',3.00,יח',false,,14.00,4.6667,true,1,1812511
7290016509786,false,פרסיל - ג'ל כביסה ירוק 2.50 ליטר,פרסיל Persil,IL,פרסיל גל 2.5 ליטר יר,ליטרים,2.50,ליטר,false,,29.90,11.9600,true,1,2036107
7290016509809,false,ג'ל מרוכז לכביסה קולור 2.5 ל' פרסיל,פרסיל Persil,IL,פרסיל גל 2.5 ליטר קו,ליטרים,2.50,ליטר,false,,29.90,11.9600,true,1,2036108
7290016509823,false,ג'ל לכביסה לבנה וצבעונית בניחוח רענן,פרסיל Persil,,פרסיל גל 2.5 ליטר בל,ליטרים,2.50,ליטר,false,,29.90,11.9600,true,1,2036109
7290016509830,false,ג'ל כביסה לבגדי תינוקות ובעלי עור רגיש Sensitive,פרסיל Persil,IL,פרסיל גל 2.5 ליטר בי,ליטרים,2.50,ליטר,false,,29.90,11.9600,true,1,2036110
7290016509847,false,ג'ל כביסה לבגדים שחורים וכהים,פרסיל Persil,IL,פרסיל גל 2.5 ליטר בל,ליטרים,2.50,ליטר,false,,29.90,11.9600,true,1,2084118
7290016510331,false,"הוואי אל סבון לילדים בנות 700 מ""ל",,,אל סבון ילדים הוואי,מיליליטרים,700.00,"100 מ""ל",false,,9.90,0.0141,true,1,2406059
7290016510348,false,"הוואי אל סבון לילדים בנים 700 מ""ל",,,אל סבון ילדים הוואי,מיליליטרים,700.00,"100 מ""ל",false,,9.90,0.0141,true,1,2406060
7290016566888,false,"בקבוק טרמי כוס מכסה 700 מ""ל",,,בקבוק תרמי כוס מכסה,יחידה,0.00,יחידה,false,,79.90,0.0000,true,1,2494803
7290016566901,false,"בקבוק טרמי פקק קש 770 מ""ל",,,בקבוק נירוסטה תרמי 7,יחידה,0.00,יחידה,false,,79.90,0.0000,true,1,2494805
7290016567007,false,מחית אסאי ריבאר קפוא,בלהאיסה,BR,מחית אסאי,גרמים,100.00,100 גרם,false,,10.90,0.1090,true,1,2433014
7290016601206,false,פותח סתימות בצנרת ניקוז,פרפקט Perfect,,פותח סתימות פרפקט 1,ליטרים,1.00,ליטר,false,,14.90,14.9000,true,1,1797188
7290016601596,false,מבשם לבית בניחוח ורד אנגלי,פרפקט Perfect,,מבשם לבית ורד אנגלי,מיליליטרים,350.00,"100 מ""ל",false,,14.90,0.0426,true,1,1509484
7290016601602,false,מבשם לבית פריחת הנרקיס,פרפקט Perfect,,מבשם לבית פריחת הנרק,מיליליטרים,350.00,"100 מ""ל",false,,14.90,0.0426,true,1,1509485
7290016601619,false,מבשם לבית מאסק מרענן,,,מבשם לבית מאסק מרענן,מיליליטרים,350.00,"100 מ""ל",false,,14.90,0.0426,true,1,1509486
7290016601626,false,מבשם לבית בניחוח לבנדר טוסקנה,פרפקט Perfect,,מבשם לבית לבנדר טוסק,מיליליטרים,350.00,"100 מ""ל",false,,14.90,0.0426,true,1,1509487
7290016601701,false,סבון נוזלי בניחוח ים Blue Lagoon- מארז שלישייה,פרפקט Perfect,,שלישיית אל סבון בני,מיליליטרים,1500.00,"100 מ""ל",false,,14.90,0.0099,true,1,1508074
7290016601725,false,סבון נוזלי בניחוח טרופי Fresh Yellow- מארז שלישייה,פרפקט Perfect,,שלישיית אל סבון בני,מיליליטרים,1500.00,"100 מ""ל",false,,14.90,0.0099,true,1,1508063
7290016601732,false,סבון נוזלי בניחוח ים,פרפקט Perfect,,אל סבון נוזלי בניחוח,מיליליטרים,1000.00,"100 מ""ל",false,,9.90,0.0099,true,1,1508097
7290016601749,false,סבון נוזלי בניחוח ורדים,פרפקט Perfect,,אל סבון נוזלי בניחוח,מיליליטרים,1000.00,"100 מ""ל",false,,9.90,0.0099,true,1,1508098
7290016601756,false,סבון נוזלי בניחוח טרופי,פרפקט Perfect,,אל סבון נוזלי בניחוח,מיליליטרים,1000.00,"100 מ""ל",false,,9.90,0.0099,true,1,1508099
7290016601800,false,תרסיס לניקוי רהיטים,סאסאטק SASATECK,,תרסיס לניקוי רהיטים,מיליליטרים,300.00,"100 מ""ל",false,,9.90,0.0330,true,1,1544270
7290016601817,false,מרסס לניקוי שטיחים פ,פרפקט Perfect,,מרסס לניקוי שטיחים פ,מיליליטרים,600.00,"100 מ""ל",false,,12.90,0.0215,true,1,1528995
7290016607345,false,יין דלתון רזרב שיראז,,,יין דלתון רזרב שיראז,מיליליטרים,750.00,"100 מ""ל",false,,99.90,0.1332,true,1,2375765
7290016607390,false,יין דלתון רזרב מרלו,,,יין דלתון רזרב מרלו,מיליליטרים,750.00,"100 מ""ל",false,,99.90,0.1332,true,1,2431613
7290016607406,false,יין דלתון קברנה סובנ,,,יין דלתון קברנה סובנ,מיליליטרים,750.00,"100 מ""ל",false,,99.90,0.1332,true,1,2384973
7290016607772,false,יין רוזה גליל דלתון,"איי, בי, אינבוו",IL,יין דלתון רוזה גליל,מיליליטרים,750.00,"100 מ""ל",false,,59.90,0.0799,true,1,2428714
7290016621013,false,"ד""ר פישר - קרם גוף קמיל בלו 500 מ""ל","ד""ר פישר Dr fischer",,קרם גוף קמיל בלו לתי,מיליליטרים,500.00,"100 מ""ל",false,,19.90,0.0398,true,1,1493209
7290016621341,false,אל סבון היגייני לניקוי יסודי קמיל Clean & Moisture,"ד""ר פישר Dr fischer",,קמיל בלו אל סבון 1 ל,ליטרים,1.00,ליטר,false,,15.90,15.9000,true,1,1632241
7290016621358,false,"ד""ר פישר - קמיל אל סבון ניקיון והזנה ורוד 1 ליטר","ד""ר פישר Dr fischer",,קמיל בלו אל סבון 1 ל,ליטרים,1.00,ליטר,false,,15.90,15.9000,true,1,1632242
7290016621365,false,אל סבון היגייני לניקוי יסודי קמיל Clean & Moisture,"ד""ר פישר Dr fischer",,קמיל בלו אל סבון 1 ל,ליטרים,1.00,ליטר,false,,15.90,15.9000,true,1,1632243
7290016621952,false,קמיל בלו סנסיטיב קרם פנים לתינוק 30SPF,"ד""ר פישר Dr fischer",,קרם פנים קמיל בלו לת,מיליליטרים,75.00,"100 מ""ל",false,,29.90,0.3987,true,1,1776851
7290016621990,false,"נטורל קר מסיכה לשיער יבש צבוע פגום 200 מ""ל",,,מסכה לשיער נטורל קר,מיליליטרים,200.00,"100 מ""ל",false,,19.90,0.0995,true,1,1776825
7290016624083,false,"תבנית פאי 12/3 ס""מ ב",,,"תבנית פאי 12/3 ס""מ ב",יחידה,0.00,יחידה,false,,1.90,0.0000,true,1,1982930
7290016624090,false,"תבנית פאי 12/6 ס""מ ב",,,"תבנית פאי 12/6 ס""מ ב",יחידה,0.00,יחידה,false,,1.90,0.0000,true,1,1982931
7290016624113,false,תבנית פאי לעוגה 18/6,,,תבנית פאי לעוגה 18/6,יחידה,0.00,יחידה,false,,2.90,0.0000,true,1,1982932
7290016624120,false,תבנית פאי לעוגה 22/6,,,תבנית פאי לעוגה 22/6,יחידה,0.00,יחידה,false,,2.90,0.0000,true,1,1982933
7290016624144,false,תבנית פאי לעוגת סבתא,,,תבנית פאי לעוגת סבתא,יחידה,0.00,יחידה,false,,2.90,0.0000,true,1,1982934
7290016624168,false,תבנית אינגלישקייק קש,,,תבנית אינגלישקייק קש,יחידה,0.00,יחידה,false,,2.90,0.0000,true,1,1982935
7290016624175,false,תבנית גדולה קשיחה מנ,,,תבנית גדולה קשיחה מנ,יחידה,0.00,יחידה,false,,2.90,0.0000,true,1,1982936
7290016624939,false,צלחת קסרול כיסופים ז,,,צלחת קסרול כיסופים ז,יחידה,0.00,יחידה,false,,14.90,0.0000,true,1,2382694
7290016634914,false,זרעים אורגניים-מיקס,,,זרעים אורגניים-מיקס,יחידה,0.00,יחידה,false,,5.90,0.0000,true,1,2515793
7290016667424,false,"חומץ אורז 5% 500 מ""ל",COMTEMP,,חומץ יין לבן 5% 500,מיליליטרים,500.00,"100 מ""ל",false,,12.90,0.0258,true,1,2011466
7290016667462,false,פריכיות חסכוני אורז 265 ג',פרח תעשיות,,פריכיות אורז במארז 2,גרמים,265.00,100 גרם,false,,11.90,0.0449,true,1,1979614
7290016667479,false,פריכיות כוסמת אריזה חסכונית 130 גרם,פרח תעשיות,,פרכיות כוסמת 130 גרם,גרמים,130.00,100 גרם,false,,8.90,0.0685,true,1,2099619
7290016667486,false,פריכיות כוסמת דל נתרן 130 ג',פרח תעשיות,,פריכיות כוסמת דל נתר,גרמים,130.00,100 גרם,false,,8.90,0.0685,true,1,2099620
7290016682038,false,"מיץ תפוזים סחוט 100% טבעי. מפוסטר, מקורר",פריניב,IL,מיץ תפוזים פריניב 40,מיליליטרים,400.00,"100 מ""ל",false,,8.90,0.0223,true,1,2393334
7290016682052,false,"משקה קל לימונענע. מפוסטר, מקורר",פריניב,IL,מיץ לימונענע פריניב,מיליליטרים,400.00,"100 מ""ל",false,,8.90,0.0223,true,1,2393419
7290016682083,false,"פריניב נקטר תות בננה 400 מ""ל",פריניב,,מיץ תות בננה פריניב,מיליליטרים,400.00,"100 מ""ל",false,,8.90,0.0223,true,1,2393341
7290016682168,false,"פריניב מיץ תפוזים ולנסיה סחוט 100% 400 מ""ל",פריניב,,מיץ תפוזים וולנסיה ס,מיליליטרים,400.00,"100 מ""ל",false,,8.90,0.0223,true,1,2461470
7290016682182,false,פריניב שייק תמר בננה מופחת סוכר 1 ליטר,פריניב בעמ,IL,שייק תמר בננה מופחת,ליטרים,1.00,ליטר,false,,12.90,12.9000,true,1,1662636
7290016682199,false,פריניב שייק תות בננה מופחת סוכר 1 ליטר,פריניב בעמ,IL,שייק תות בננה מופחת,ליטרים,1.00,ליטר,false,,12.90,12.9000,true,1,1662637
7290016682243,false,פריניב אשכולית אדומה סחוט 100% 1 ליטר,פריניב,IL,מיץ אשכולית אדומה סח,ליטרים,1.00,ליטר,false,,14.90,14.9000,true,1,2114922
7290016682335,false,מיץ תפוזים 100% סחוט טבעי,פריניב,IL,מיץ תפוזים סחוט 100%,ליטרים,2.00,ליטר,false,,24.90,12.4500,true,1,2488505
7290016682342,false,מיץ תפוזים ולנסיה 2 ליטר,פריניב,IL,מיץ תפוזים סחוט וולנ,ליטרים,2.00,ליטר,false,,25.90,12.9500,true,1,2488506
7290016682359,false,מיץ תפוזים שמוטי 2 ליטר,פריניב,IL,מיץ תפוזים סחוט שמוט,ליטרים,2.00,ליטר,false,,25.90,12.9500,true,1,2488514
7290016682366,false,מיץ תפוח צלול 2 ליטר,פריניב,IL,מיץ תפוח צלול 2 ליטר,ליטרים,2.00,ליטר,false,,16.90,8.4500,true,1,2488515
7290016682380,false,משקה קל לימונדה לואיזה ולמון גארס 2 ל',פריניב,IL,מיץ לימונדה לואיזה ו,ליטרים,2.00,ליטר,false,,16.90,8.4500,true,1,2488517
7290016682397,false,נקטר פריניב חמוציות,פריניב,IL,מיץ חמוציות 2 ליטר,ליטרים,2.00,ליטר,false,,24.90,12.4500,true,1,2488518
7290016682441,false,100% מיץ תפוזים מיוצר מרכז טבעי,פריניב,IL,מיץ תפוזים 1 ליטר פר,ליטרים,1.00,ליטר,false,,13.90,13.9000,true,1,2523542
7290016717044,false,באז משקה מבוסס יין מ,יקבי כרמל,IL,יין מנגו,מיליליטרים,750.00,"100 מ""ל",false,,24.90,0.0332,true,1,2315941
7290016717051,false,משקה Buzz מוגז בטעם רימון מבוסס יין אדום מתוק,יקבי כרמל Carmel Winery,IL,יין רימון באזז,מיליליטרים,750.00,"100 מ""ל",false,,24.90,0.0332,true,1,2393382
7290016717099,false,"יין כרמל סלקטד אדום חצי יבש, 750 מ""ל",יקבי כרמל Carmel Winery,IL,יין סלקטד אדום,מיליליטרים,750.00,"100 מ""ל",false,,29.90,0.0399,true,1,1503666
7290016717235,false,יין קונקורד אדום ממותק קינג דיוויד - בקבוק אישי,יקבי כרמל Carmel Winery,IL,קונקורד קינג דויד,מיליליטרים,187.00,"100 מ""ל",false,,5.90,0.0316,true,1,2393351
7290016717631,false,יין מוסקטו בעל חוזק אלכוהול נמוך פרייבט קולקשן,אגודת הכורמים הקואופ,IL,יין מוסקטו,מיליליטרים,750.00,"100 מ""ל",false,,38.90,0.0519,true,1,2132607
7290016717754,false,"יין ישן נושן היובל 750 מ""ל",אגודת הכורמים הקואופ,IL,יין ישן נושן,מיליליטרים,750.00,"100 מ""ל",false,,18.90,0.0252,true,1,2047487
7290016717976,false,יין באזז ספארקלינג א,קריות זול,IL,יין ספארקלינג,מיליליטרים,750.00,"100 מ""ל",false,,24.90,0.0332,true,1,2403300
7290016862966,false,מטחנה קרמית מלח פלפל,,,מטחנה קרמית מלח פלפל,יחידה,0.00,יחידה,false,,26.90,0.0000,true,1,2424365
7290016865943,false,אטריות ביצים פטוציני 400 ג',,,פסטה ביצים פטוצ'ילי,גרמים,400.00,100 גרם,false,,9.90,0.0248,true,1,1723617
7290016866445,false,תערובת קמח תפוח 500 ג',ג'י פרי Gfree,,קמח תופח 500 גר' חדש,גרמים,500.00,100 גרם,false,,14.90,0.0298,true,1,1527181
7290016866643,false,משחת שיניים פרודונטקס אקסטרה פרש,פרודונטקס Parodontax,SK,משחת שיניים פרודונטק,מיליליטרים,75.00,"100 מ""ל",false,,29.90,0.3987,true,1,1970156
7290016866650,false,"פרודונטקס - משחת שיניים אוריג'ינל 75 מ""ל",פרודונטקס Parodontax,SK,משחת שיניים פרודונטק,מיליליטרים,75.00,"100 מ""ל",false,,29.90,0.3987,true,1,1970157
7290016866667,false,"פרודונטקס - משחת שיניים ללא פלאוריד 75 מ""ל",פרודונטקס Parodontax,SK,משחת שיניים פרודונטק,מיליליטרים,75.00,"100 מ""ל",false,,29.90,0.3987,true,1,1970158
7290016866674,false,"פרודונטקס - משחת שיניים מלבינה 75 מ""ל",פרודונטקס Parodontax,SK,משחת שיניים פרודונטק,מיליליטרים,75.00,"100 מ""ל",false,,29.90,0.3987,true,1,1970159
7290016866704,false,"סטייל שמפו לאחר החלקה מועשר בויטמין אי, 750 מ""ל",סטייל Style,,שמפו קרטין סטייל E 7,מיליליטרים,750.00,"100 מ""ל",false,,24.90,0.0332,true,1,1812994
7290016866711,false,"סטייל מרכך לשיער קרטין פלוס לאחר החלקה, 750 מ""ל",סטייל Style,,מרכך קרטין סטייל E 7,מיליליטרים,750.00,"100 מ""ל",false,,24.90,0.0332,true,1,1813004
7290016866728,false,"סטייל - מסכה קרטין אי 750 מ""ל",סטייל Style,,מסכת קרטין סטייל E 5,מיליליטרים,500.00,"100 מ""ל",false,,29.90,0.0598,true,1,1813005
7290016882414,false,קונפיטורה שזיפים 70%,דין שיווק,IL,קונפיטורה 450 גרם שז,גרמים,450.00,100 גרם,false,,12.90,0.0287,true,1,1704138
7290016883176,false,"מוזלי פתיתי שיבולת שועל עם שוקולד מריר ושבבי קוקוס 1 ק""ג",דין שיווק,MK,מיזלי עם שוקולד מריר,גרמים,1000.00,100 גרם,false,,19.90,0.0199,true,1,2427987
7290016912463,false,משחת החתלה לתינוק 100גר NATUREקמיל בלו,"ד""ר פישר Dr fischer",,משחה החתלה 100 גרם ק,גרמים,100.00,100 גרם,false,,19.90,0.1990,true,1,1776865
7290016912494,false,"ד""ר פישר - אפקטיב קר תרחיץ פנים לכל סוגי העור 180 מ""ל","ד""ר פישר Dr fischer",,תרחיץ פנים אפקטיב קר,מיליליטרים,180.00,"100 מ""ל",false,,17.90,0.0994,true,1,1776827
7290016912500,false,"ד""ר פישר - אפקטיב קר תרחיץ פנים לעור רגיש 180 מ""ל","ד""ר פישר Dr fischer",,תרחיץ פנים אפקטיב קר,מיליליטרים,180.00,"100 מ""ל",false,,17.90,0.0994,true,1,1776828
7290016912609,false,"סרקל מסיכת הזנה לשיער ילדים 200 מ""ל","ד""ר פישר Dr fischer",,סרקל מסכה לילדים 200,מיליליטרים,200.00,"100 מ""ל",false,,24.90,0.1245,true,1,1776852
7290016912616,false,סרקל שמפו לילדים לשיער בהיר - בלונדיני,"ד""ר פישר Dr fischer",,שמפו סרקל 1 ליטר בלו,ליטרים,1.00,ליטר,false,,28.90,28.9000,true,1,1776866
7290016912623,false,סרקל מרכך לילדים לשיער בהיר - בלונדיני,"ד""ר פישר Dr fischer",,מרכך סרקל 1 ליטר בלו,ליטרים,1.00,ליטר,false,,28.90,28.9000,true,1,1776867
7290017023212,false,"שוויפס מוגז פירות תפוח מארז רביעייה* 330 מ""ל",יפאורה תבורי,IL,רבעיית פחיות שוופס מ,ליטרים,1.32,ליטר,false,,15.80,11.9697,true,1,1911116
7290017023229,false,רביעיית פחיות שוופס מוגז פירות תות ליים 330 מל.,יפאורה תבורי,IL,רבעיית פחיות שוופס מ,ליטרים,1.32,ליטר,false,,15.80,11.9697,true,1,1911122
7290017023236,false,רביעיית פחיות שוופס מוגז פירות ענבים 330 מל.,יפאורה תבורי,IL,רבעיית פחיות שוופס מ,ליטרים,1.32,ליטר,false,,15.80,11.9697,true,1,1911123
7290017023526,false,"שוויפס מוגז פירות תות תפוח 330 מ""ל No Sugar",שוופס Schweppes,,שוופס מוגז פירות 330,מיליליטרים,330.00,"100 מ""ל",false,,5.90,0.0179,true,1,1948574
7290017023663,false,"שוופס מיץ פירות לימונייד פחית מארז 330X4מ""ל",יפאורה תבורי,IL,רבעיית פחיות שוופס מ,ליטרים,1.32,ליטר,false,,15.80,11.9697,true,1,2015578
7290017023809,false,"ספרינג אגס סברס תפוח רביעיה * 250 מ""ל",יפאורה תבורי,IL,ספרינג תות בננה 250,ליטרים,1.00,ליטר,false,,11.90,11.9000,true,1,2517661
7290017023816,false,"רביעיית ספרינג פירות טרופיים 250 מ""ל",יפאורה תבורי,IL,ספרינג תות בננה 250,ליטרים,1000.00,ליטר,false,,11.90,0.0119,true,1,2517662
7290017023823,false,"רביעיית ספרינג תות בננה 250 מ""ל",יפאורה תבורי,IL,ספרינג תות בננה 250,ליטרים,1.00,ליטר,false,,11.90,11.9000,true,1,2517663
7290017023854,false,מי סודה בקבוקים אישיים - מארז 4 יח',יפאורה תבורי בעמ,IL,רביעיית סודה שוופס 2,ליטרים,1.00,ליטר,false,,10.90,10.9000,true,1,2200992
7290017023861,false,סודה בטעם לימון בקבוקים אישיים - מארז 4 יח',יפאורה תבורי בעמ,IL,רביעיית סודה לימון ש,ליטרים,1.00,ליטר,false,,10.90,10.9000,true,1,2200993
7290017031156,false,דפים על בסיס קמח תירס ואורז ללא גלוטן 250 גר',,,דפי לזניה על בסיס קמ,גרמים,250.00,100 גרם,false,,10.90,0.0436,true,1,2431558
7290017031170,false,פתיתים על בסיס קמח עדשים אדומות בצורת פוזילי ללא גלוטן 250 גר',,,פוזוילי עדשים,גרמים,200.00,100 גרם,false,,9.90,0.0495,true,1,2423096
7290017031194,false,פתיתים על בסיס קמח אפונה בצורת פנה ללא גלוטן 250 ג',"אנדיריאני בע""מ",IT,פנה קמח אפונה,גרמים,200.00,100 גרם,false,,9.90,0.0495,true,1,2423097
7290017031323,false,"אטריות ביצים פפרדלה 400 מ""ל",,,איטריות ביצים פפרדלה,גרמים,400.00,100 גרם,false,,9.90,0.0248,true,1,1862211
7290017031477,false,"סנסודיין משחת שיניים רפיד רליף להלבנה 75 מ""ל","סמיתקליין ביצ'ם בע""מ",GB,משחת שיניים סנסודיין,מיליליטרים,75.00,"100 מ""ל",false,,23.90,0.3187,true,1,2259718
7290017031705,false,"סנסודיין - משחת שיניים קלין&פרש 75 מ""ל",DE MICLEN,SK,משחת שיניים סנסודיין,מיליליטרים,75.00,"100 מ""ל",false,,19.90,0.2653,true,1,2128801
7290017031811,false,פרודונטקס - זוג מברשות שיניים,,,זוג מברשות שיניים פר,יחידה,0.00,יחידה,false,,24.90,0.0000,true,1,2369729
7290017031859,false,"פרודונטקס - משחת שיניים אולטרא קלין 75 מ""ל",סמיתקליין ביצ'ם בעמ,SK,משחת שיניים פרודונטק,מיליליטרים,75.00,"100 מ""ל",false,,29.90,0.3987,true,1,2128802
7290017040035,false,דונאטס מיני מארז 2טע,,,דונאטס מיני 8 יחידו,גרמים,184.00,100 גרם,false,,19.90,0.1082,true,1,2491966
7290017040295,false,קורנפלקס כדורוני תיר,,,קורנפלקס כדורוני תיר,גרמים,375.00,100 גרם,false,,10.90,0.0291,true,1,2512867
7290017040301,false,קורנפלקס טבעות דגנים,,,קורנפלקס טבעות דגנים,גרמים,375.00,100 גרם,false,,10.90,0.0291,true,1,2512868
7290017040363,false,מארז דואנטס אורו רבי,,,מארז דואנטס אורו רבי,גרמים,292.00,100 גרם,false,,29.90,0.1024,true,1,2546339
7290017040370,false,מארז דואנטס מילקה רב,,,מארז דואנטס מילקה רב,גרמים,260.00,100 גרם,false,,29.90,0.1150,true,1,2546346
7290017058160,false,שימורי אנשובי עם צ'ילי חריף 45 ג' תומר,תומר,,אנשובי עם צילי חריף,גרמים,45.00,100 גרם,false,,4.90,0.1089,true,1,1714919
7290017058528,false,ממרח זיתים ירוקים יווני,תומר,,ממרח זיתים ירוקים,גרמים,200.00,100 גרם,false,,11.90,0.0595,true,1,2025093
7290017058535,false,ממרח זיתי קלמטה יווני,תומר,,ממרח זיתי קלמטה,גרמים,200.00,100 גרם,false,,11.90,0.0595,true,1,2025079
7290017058573,false,תומר פרוסות פלפל חלפיניו בחומץ 340 גרם,,,פרוסות פלפל חלפיניו,גרמים,340.00,100 גרם,false,,7.90,0.0232,true,1,2374259
7290017062181,false,אנטי-תוש דוחה יתושים,פרפקט Perfect,,אנטיתוש תכשיר דו,"100 סמ""ק",50.00,"100 סמ""ק",false,,9.90,0.1980,true,1,1703337
7290017062242,false,תחליב רחצה Fresh Spa בניחוח מרענן,פרפקט Perfect,,תחליב רחצה פרפקט בני,מיליליטרים,700.00,"100 מ""ל",false,,9.90,0.0141,true,1,1981629
7290017062259,false,תחליב רחצה פרפקט בני,,,תחליב רחצה פרפקט בני,מיליליטרים,700.00,"100 מ""ל",false,,9.90,0.0141,true,1,1981630
7290017062266,false,תחליב רחצה Fresh Spa בניחוח חלב ודבש,פרפקט Perfect,,תחליב רחצה פרפקט בני,מיליליטרים,700.00,"100 מ""ל",false,,9.90,0.0141,true,1,1981631
7290017062273,false,תחליב רחצה Fresh Spa בניחוח קוקוס,פרפקט Perfect,,תחליב רחצה פרפקט בני,מיליליטרים,700.00,"100 מ""ל",false,,9.90,0.0141,true,1,1981632
7290017065007,false,פרוסות גבינה מוצרלה חצי קשה 22% שומן 200 ג' גד,מחלבות גד בעמ,IL,מוצרלה פרוסה גד 200,גרמים,200.00,100 גרם,false,,18.90,0.0945,true,1,1584186
7290017065137,false,ריקוטה למריחה 5% טבעית 200 גרם - רובין,האי נאם סי או אל.טי.,IL,גבינת ריקוטה 5% טבעי,גרמים,200.00,100 גרם,false,,9.90,0.0495,true,1,1855927
7290017065144,false,גבינת ריקוטה למריחה 5% בזיליקום 200ג' גד,האי נאם סי או אל.טי.,IL,גבינת ריקוטה 5% עם ב,גרמים,200.00,100 גרם,false,,9.90,0.0495,true,1,1855928
7290017065168,false,גבינה כחלוה 100 גרם בית יוסף,מחלבות גד,DK,גבינה כחולה גד 100 ג,גרמים,100.00,100 גרם,false,,17.90,0.1790,true,1,1931852
7290017065175,false,גבינת מנצ'גו פרוסה 3,הנסיך- מפעל לייצור ט,ES,גבינת מנצ'גו פרוסה 3,גרמים,150.00,100 גרם,false,,22.90,0.1527,true,1,1931858
7290017065236,false,גבינה בולגרית מעודנת 24% גד 250 ג',הנסיך- מפעל לייצור ט,IL,בולגרית מעודנת 24% 2,גרמים,250.00,100 גרם,false,,23.90,0.0956,true,1,1931860
7290017065311,false,גבינת מוצרלה מעושנת פרוסות 200ג' גד,מחלבות גד בעמ,IL,פרוסות מוצרלה מעושנת,גרמים,200.00,100 גרם,false,,19.90,0.0995,true,1,1932658
7290017065380,false,גרנה פדנו שבבים 29% 100 גרם בית יוסף,מחלבות גד,IT,גבינה גרנה פדנו שבבי,גרמים,100.00,100 גרם,false,,14.90,0.1490,true,1,2262846
7290017065434,false,פרוסות גבינה גאודה הולנדית חצי קשה 200 גרם בית יוסף,מחלבות גד בעמ,NL,גבינה גאודה הולנדית,גרמים,200.00,100 גרם,false,,21.90,0.1095,true,1,2385163
7290017065441,false,גבינה גאודה עיזים פרוסה הולנדית 200 גר',מחלבות גד,NL,גבינת גאודה עיזים 20,גרמים,200.00,100 גרם,false,,32.90,0.1645,true,1,2385164
7290017065526,false,קוואטרו פורמאג'י 4 גבינות מגוררות 26%,מחלבות גד בעמ,IL,גבינות קוואטרו פורמא,גרמים,300.00,100 גרם,false,,28.90,0.0963,true,1,2385165
7290017065588,false,יוגורט יווני 10% שומן 600 ג' גד,"מיוצר ע""י קוד יצרן M",IL,יוגורט יווני 600 גרם,גרמים,600.00,100 גרם,false,,16.90,0.0282,true,1,2403561
7290017065618,false,גבינת פקורינו פרוס מחלב כבשים,הנסיך- מפעל לייצור ט,ES,גבינת פקורינו פרוס 1,גרמים,150.00,100 גרם,false,,21.90,0.1460,true,1,2403562
7290017065649,false,קרם פטיסייר מחלבות ג,מיוצר עי קוד יצרן ED,IL,קרם פטיסייר 250 גרם,גרמים,250.00,100 גרם,false,,21.90,0.0876,true,1,2403553
7290017065731,false,גבינת שמנת 30% ניו יורק +כמהין 200 גרם רבנות,פ.פ.ח. שאביט,IL,גבינת שמנת ניו יורק,גרמים,200.00,100 גרם,false,,13.90,0.0695,true,1,2457966
7290017065762,false,מאנורי גבינה בסגנון יווני לצליה 30% שומן 100 גרם,מחלבות גד,IL,מאנורי גד,גרמים,100.00,100 גרם,false,,11.90,0.1190,true,1,2511741
7290017065786,false,גבינת צ'דר אנגלית גד 210 ג',מחלבות גד,IL,צדר,גרמים,200.00,100 גרם,false,,20.90,0.1045,true,1,2511742
7290017065861,false,קאצ'יו אה פפה - רוטב פקורינו ופלפל שחור 200 גרם בית יוסף,מחלבות גד,IL,קאצ'יו אה פפה,גרמים,200.00,100 גרם,false,,16.90,0.0845,true,1,2517455
7290017065878,false,מק אנד צ'יז 200 גרם בית יוסף,מחלבות גד,IL,מק אנד ציז,גרמים,200.00,100 גרם,false,,16.90,0.0845,true,1,2517456
7290017065960,false,"רוטב פורצ`יני גד, 200 גרם",מחלבות גד,IL,רוטב פורצ'יני,גרמים,200.00,100 גרם,false,,14.90,0.0745,true,1,2544980
7290017068121,false,שקדים מולבנים פרוסים 250גרם,,,שקדים פרוסים 250 גרם,גרמים,250.00,100 גרם,false,,18.90,0.0756,true,1,2024721
7290017068367,false,שמרים בוואקום 125 גר',מיה,IL,שמרים,גרמים,125.00,100 גרם,false,,4.90,0.0392,true,1,2455051
7290017068374,false,שמרים בוואקום 500 גר',angle yeast co ltd,CN,שמרים בוואקים,גרמים,500.00,100 גרם,false,,9.90,0.0198,true,1,2332858
7290017068848,false,סוכריות קישוט לעוגה ציבעוני 200 גר',מיה,IL,סוכריות קישוט לעוגה,גרמים,200.00,100 גרם,false,,7.90,0.0395,true,1,2437752
7290017068886,false,ג'לי דובונים בציפוי שמן 350 גר',מיה תעשיות מזון בעמ,IL,סוכריות ג'לי דובונים,גרמים,350.00,100 גרם,false,,14.90,0.0426,true,1,2437753
7290017068893,false,ג'לי דגיגים בציפוי סוכר 350 גר',מיה תעשיות מזון בעמ,IL,סוכריות ג'לי דגיגים,גרמים,350.00,100 גרם,false,,14.90,0.0426,true,1,2437754
7290017068909,false,ג'לי לבבות בציפוי שמן 350 גר',מיה תעשיות מזון בעמ,IL,סוכריות ג'לי לבבות,גרמים,350.00,100 גרם,false,,14.90,0.0426,true,1,2437755
7290017068916,false,ג'לי טבעות בציפוי סוכר 350 גר',מיה תעשיות מזון בעמ,IL,סוכריות ג'לי טבעות,גרמים,350.00,100 גרם,false,,14.90,0.0426,true,1,2437756
7290017068923,false,ג'לי בינס קרנבל 375 גר',מיה תעשיות מזון בעמ,IL,סוכריות ג'לי בינס קר,גרמים,375.00,100 גרם,false,,14.90,0.0397,true,1,2437757
7290017068930,false,סוכריות ג'לי בינס-חמוצמוצים,מיה תעשיות מזון בעמ,IL,סוכריות ג'לי בינס חמ,גרמים,375.00,100 גרם,false,,14.90,0.0397,true,1,2437758
7290017068947,false,"אורז יסמין סלקטד 1 ק""ג",,,אורז יסמין סלקטד 1 ק,קילוגרמים,1.00,"ק""ג",false,,14.90,14.9000,true,1,2435713
7290017068978,false,שיבולת שועל מלאה להכנה מהירה 500 גר',,,שיבולת שועל מלאה להכ,גרמים,500.00,100 גרם,false,,9.90,0.0198,true,1,2437742
7290017068985,false,שיבולת שועל מלאה עבה 500 גר',,,שיבולת שועל מלאה עבה,גרמים,500.00,100 גרם,false,,9.90,0.0198,true,1,2437743
7290017068992,false,ערמונים קלופיים וקלו,טאנגשאלן היואן פוד,CN,ערמונים קלופיים וקלו,גרמים,100.00,100 גרם,false,,5.90,0.0590,true,1,2456129
7290017079189,false,אננס חתיכות דקות במיץ אננס 825 גר',פ.ת גרייט פנאפל,ID,חתיכות אננס דק במיץ,גרמים,825.00,100 גרם,false,,10.90,0.0132,true,1,2521960
7290017079615,false,עגבניות קוביות שלישייה,,,עגבניות קוביות טעמן,יחידה,0.00,יחידה,false,,14.90,0.0000,true,1,2544679
7290017079639,false,עגבניות קצוצות שלישייה,,,עגבניות קצוצות טעמן,יחידה,0.00,יחידה,false,,14.90,0.0000,true,1,2544680
7290017079677,false,שוקולד חלב טעמן 270,מילאנו ספולקה זד,PL,שוקולד חלב,גרמים,270.00,100 גרם,false,,11.90,0.0441,true,1,2506546
7290017079684,false,שוקולד מריר טעמן 270,מילאנו ספולקה זד,PL,שוקולד מריר,גרמים,270.00,100 גרם,false,,11.90,0.0441,true,1,2506547
7290017079691,false,שוקולד חלב עם אגוזים 270 גר',מילאנו ספולקה זד,PL,שוקולד חלב עם אגוזים,גרמים,270.00,100 גרם,false,,11.90,0.0441,true,1,2510558
7290017079714,false,שוקולד חלב עם בוטנים 270 גר',מילאנו ספולקה זד,PL,שוקולד מריר עם בוטני,גרמים,270.00,100 גרם,false,,11.90,0.0441,true,1,2506549
7290017079769,false,מחית תפוח עץ ובננה בפאוץ פריטוב קידס,פרוטה,CZ,מחית פאו'ץ תפוח עץ ב,גרמים,120.00,100 גרם,false,,3.90,0.0325,true,1,2411133
7290017079776,false,מחיות פאוץ סלט פירות 120 גר'.,פרוטה,CZ,מחית פאו'ץ סלט פירות,גרמים,120.00,100 גרם,false,,3.90,0.0325,true,1,2411134
7290017079783,false,מחית תפוח עץ בפאוץ פריטוב קידס,פרוטה,CZ,מחית פאו'ץ תפוח עץ,גרמים,120.00,100 גרם,false,,3.90,0.0325,true,1,2411135
7290017079790,false,מחית פירות מעורבים בפאוץ פריטוב קידס,פרוטה,CZ,מחית פאו'ץ פירות מעו,גרמים,120.00,100 גרם,false,,3.90,0.0325,true,1,2411136
7290017086057,false,"כדורי פלאפל ""קציצות",,,"כדורי פלאפל ""קציצות",גרמים,400.00,100 גרם,false,,19.90,0.0497,true,1,2437942
7290017088006,false,מטליות לניקוי וחיטוי אמבטיה ושירותים בניחוח לבנדר,פרפקט Perfect,,מטליות לניקוי וחיטוי,יח',50.00,יח',false,,9.90,0.1980,true,1,1772533
7290017088051,false,בייביסיטר - חיתולי סטנדרט מידה 3 - 52 יח',,,חיתולים בייביסיטר מי,יח',50.00,יח',false,,34.90,0.6980,true,1,1932644
7290017088068,false,בייביסיטר - חיתולי סטנדרט מידה 4 - 42 יח',,,חיתולים בייביסיטר מי,יח',42.00,יח',false,,34.90,0.8310,true,1,1932631
7290017088075,false,בייביסיטר - חיתולי סטנדרט מידה 4+ - 40 יח',,,חיתולים בייביסיטר מי,יח',40.00,יח',false,,34.90,0.8725,true,1,1932632
7290017088082,false,בייביסיטר - חיתולי סטנדרט מידה 5 - 36 יח',,,חיתולים בייביסיטר מי,יח',36.00,יח',false,,34.90,0.9694,true,1,1932633
7290017088099,false,בייביסיטר - חיתולי סטנדרט מידה 6 - 30 יח',,,חיתולים בייביסיטר מי,יח',34.00,יח',false,,34.90,1.0265,true,1,1932634
7290017088341,false,מגבון דוחה יתושים אי,DPL קסריה,IL,מגבון דוחה יתושים IC,יח',20.00,יח',false,,12.90,0.6450,true,1,2405850
7290017088464,false,תחבושות סופגנית מקסי לונג טופ פד 20 יח',D.P.L,IT,טופ-פד סופגנית מקסי,יח',20.00,יח',false,,14.90,0.7450,true,1,2421792
7290017088495,false,תחבושות טופ פד אקסטרה 20 יח',D.P.L,IT,טופ-פד אקסטרה,יח',20.00,יח',false,,9.90,0.4950,true,1,2421793
7290017088501,false,תחבושות טופ פד אקסטרה לונג 20 יח',D.P.L,IT,טופ-פד אקסטרה לונג,יח',20.00,יח',false,,9.90,0.4950,true,1,2421794
7290017088815,false,BREEZE תחבושות לבריחת שתן נורמל(12 יח),בריז Breeze,,BREEZE תחבושות נורמל,יח',12.00,יח',false,,16.90,1.4083,true,1,2464568
7290017088846,false,BREEZE תחבושות לבריחת שתן מקסי (8 יח'),בריז Breeze,,BREEZE תחבושות מקסי,יח',8.00,יח',false,,16.90,2.1125,true,1,2464571
7290017088969,false,חיתולי בייביסיטר ניו בורן מידה 1 42 יח',,,חיתולים בייביסיטר NB,יח',42.00,יח',false,,25.90,0.6167,true,1,2489271
7290017088983,false,חיתולי בייביסיטר ניו בורן מידה 2 38 יחי',,,חיתולים בייביסיטר NB,יח',38.00,יח',false,,25.90,0.6816,true,1,2489272
7290017094199,false,סלט קוביות חציל ברוטב 200 גר',,,מעדן חצילים,גרמים,200.00,100 גרם,false,,9.90,0.0495,true,1,2490422
7290017105369,false,סירופ דיאט אייס תה אפרסק 1 ליטר,זנלכל,IL,סירופ דיאט אייס טי א,ליטרים,1.00,ליטר,false,,16.90,16.9000,true,1,2405433
7290017106069,false,יכין קוביות סלק 550 ג',היינץ צפון אמריקה מק,IL,קוביות סלק 550 גרם,גרמים,550.00,100 גרם,false,,9.90,0.0180,true,1,2396745
7290017121048,false,פלפל צ'ומה 250 גרם עללחם,"מדשא תעשיות מזון בע""",IL,פלפל צ'ומה 250 גרם,גרמים,250.00,100 גרם,false,,12.90,0.0516,true,1,2307862
7290017121086,false,"אריסה ביתית מתוקה עללחם, 250 גרם","מדשא תעשיות מזון בע""",IL,אריסה ביתית מתוקה 25,גרמים,250.00,100 גרם,false,,12.90,0.0516,true,1,2499442
7290017121093,false,אריסה חריפה 250 גרם עללחם,"מדשא תעשיות מזון בע""",IL,אריסה חריפה 250 גרם,גרמים,250.00,100 גרם,false,,12.90,0.0516,true,1,2307863
7290017129495,false,אגו מיקס כדורי תירס מצופים שוקולד חלב 55 גר,כרמית תעשיות ממתקים,IL,אגו מיקס כדורי תירס,גרמים,55.00,100 גרם,false,,3.90,0.0709,true,1,1901665
7290017129501,false,אגו מיקס כדורי תירס מצופים שוקולד לבן 55 גר,כרמית,IL,אגו מיקס כדורי תירס,גרמים,55.00,100 גרם,false,,3.90,0.0709,true,1,1901666
7290017129518,false,כדורים פריכים מצופים שוקולדחלב ולבן אגו מיקס,כרמית תעשיות ממתקים,IL,אגו מיקס כדורי תירס,גרמים,55.00,100 גרם,false,,3.90,0.0709,true,1,1901667
7290017129532,false,לקקן תות10 יח' 90 גר' כרמית,,,לקקן תות 90 גרם,גרמים,90.00,100 גרם,false,,4.90,0.0544,true,1,2087918
7290017129549,false,לקקן גלידה 10 יח' 90 גר' כרמית,,,לקקן גלידה 90 גרם,גרמים,90.00,100 גרם,false,,4.90,0.0544,true,1,2087919
7290017129624,false,לקקן ענבים תפוח 50 יח' כרמית,Carmit,,לקקן בטעם תפוח ענבים,גרמים,450.00,100 גרם,false,,18.90,0.0420,true,1,2087921
7290017129754,false,"שוקולד מריר מעולה 70% מוצקי קקאו 100 גר בד""ץ","כד בני דרום בע""מ",IL,שוקולד מריר מעולה אג,גרמים,100.00,100 גרם,false,,7.90,0.0790,true,1,1970100
7290017129778,false,"שוקולד פרימיום 70% בטעם קפה בד""ץ 100 גר'",כרמית תעשיות ממתקים,IL,שוקולד מריר קפה אגו,גרמים,100.00,100 גרם,false,,7.90,0.0790,true,1,1970112
7290017129822,false,מטבעות שוקולד מריר 36 ג' !..,כרמית,IL,מטבעות שוקולד,גרמים,36.00,100 גרם,false,,3.90,0.1083,true,1,2091813
7290017129846,false,מיני קוקיס בטעם קרמל 600 גר',קריות זול,IL,עוגיות מיני קוקיס בט,גרמים,600.00,100 גרם,false,,18.90,0.0315,true,1,1982743
7290017129877,false,מיקס לקקנים שטוחים פירות 40*7.5 גר' * 24 בקר',דורקן סקרלמה סאן. וי,TR,מיקס לקקנים,גרמים,300.00,100 גרם,false,,12.90,0.0430,true,1,2091814
7290017129983,false,שוקולד צ'יפס לבן פרו,"כד בני דרום בע""מ",IL,שוקולד ציפס 250 גרם,גרמים,250.00,100 גרם,false,,12.90,0.0516,true,1,2369504
7290017142005,false,"שמן קוקוס אורגני כתית 320 מ""ל עץ הזית",עץ הזית,,שמן קוקוס אורגני 320,מיליליטרים,320.00,"100 מ""ל",false,,23.90,0.0747,true,1,1890145
7290017142128,false,"שמן זית כתית מעולה עץ הזית 750 מ""ל",שמן תעשיות,,"שמן זית 750 מ""ל קלאס",מיליליטרים,750.00,"100 מ""ל",false,,32.90,0.0439,true,1,2101679
7290017142159,false,מארז נתחי טונה בהירה בשמן זית 3*80 ג' עץ הזית,יוניקורד ח.צ בעמ,TH,נתחי טונה בהירה בשמן,גרמים,240.00,100 גרם,false,,23.90,0.0996,true,1,2001347
7290017142166,false,פילה טונה בשמן זית עץ הזית 120 גר',"יוניקורד ח.צ בע""מ",TH,פילה טונה בשמן זית 1,גרמים,120.00,100 גרם,false,,14.90,0.1242,true,1,2322406
7290017142180,false,פילה פרוס ושמן זית בנגיעות טעם לימון ופלפל שחור,"יוניקורד ח.צ בע""מ",TH,פילה טונה בשמן זית ב,גרמים,120.00,100 גרם,false,,14.90,0.1242,true,1,2322413
7290017142203,false,פילה טונה בשמן זית בטעם מעושן עץ המוצר 120 ג',"יוניקורד ח.צ בע""מ",TH,פילה טונה בשמן זית ב,גרמים,120.00,100 גרם,false,,14.90,0.1242,true,1,2322414
7290017142289,false,"תרסיס שמן חמניות לל""ת גז עץ הזית 200מ""ל",שמן תעשיות,,תרסיס שמן חמניות מזו,מיליליטרים,200.00,"100 מ""ל",false,,12.90,0.0645,true,1,2162169
7290017142364,false,שמן זרעי דלעת עץ הזי,עץ השדה,IL,"שמן זרעי דלעת 250 מ""",מיליליטרים,250.00,"100 מ""ל",false,,39.90,0.1596,true,1,2384639
7290017142371,false,"שמן שומשום 250 מ""ל עץ הזית",עץ הזית,,"שמן שומשום 250 מ""ל",מיליליטרים,250.00,"100 מ""ל",false,,29.90,0.1196,true,1,2384640
7290017142388,false,שמן חמניות אומגה 3 פלוס 1 ליטר עץ הזית,עץ הזית,,שמן חמניות פלוס אומג,ליטרים,1.00,ליטר,false,,15.90,15.9000,true,1,2363227
7290017142395,false,ארוחה פסטה עם טונה בשמן זית 160 גר',,,פסטה עם טונה,גרמים,160.00,100 גרם,false,,10.90,0.0681,true,1,2384632
7290017142401,false,קינואה לבנה ואדומה עם טונה בשמן זית 160 ג',ג'נרל מילס סאן אדריא,TH,קינואה לבנה ואדומה ע,גרמים,160.00,100 גרם,false,,10.90,0.0681,true,1,2424968
7290017142418,false,ארוחה אורז עם עדשים טונה בשמן זית 160 גר',יוניקורד ח.צ בעמ,TH,אורז עדשים עם טונה,גרמים,160.00,100 גרם,false,,12.90,0.0806,true,1,2384633
7290017142456,false,מארז נתחי טונה בהירה בשמן זית 2 * 160 ג' עץ הזית,עץ הזית,,נתחי טונה בהירה בשמן,גרמים,320.00,100 גרם,false,,27.90,0.0872,true,1,2384641
7290017142487,false,בורגול וגרגירי חומוס עם טונה בשמן זית,עץ הזית,,בורגול וגרגרי חומוס,גרמים,160.00,100 גרם,false,,10.90,0.0681,true,1,2456764
7290017142609,false,תרסיס שמן זית כתית ב,,,תרסיס שמן זית בטעם ל,מיליליטרים,150.00,"100 מ""ל",false,,16.90,0.1127,true,1,2531340
7290017142623,false,תרסיס שמן זית כתית מעולה בטעם צ'ילי 150 מל',קומטמפ קומפניה פורטו,IT,תרסיס שמן זית בטעם צ,מיליליטרים,150.00,"100 מ""ל",false,,16.90,0.1127,true,1,2531341
7290017197777,false,מגבוני טואלט לחים להיגיינה אישית- מארז שלישייה,פרפקט Perfect,,מגבונים לחים להי,יח',144.00,יח',false,,12.90,0.0896,true,1,2137003
7290017197784,false,מגבונים לחים לעור רגיש ללא בישום - מארז רביעיה,פרפקט Perfect,,רביעיית מגבונים סנסט,יח',288.00,יח',false,,14.90,0.0517,true,1,1960541
7290017217086,false,זוג סינרי טטרה עם נשכן,נובי Nuby,,סינר טטרה עם נשכן 2,יח',2.00,יח',false,,24.90,12.4500,true,1,2408635
7290017217710,false,"שיפודי במבוק יקיטורי 15 ס""מ 100 יחידות",הוסטס Hostess,,שיפודי במבוק 100 יח',יח',100.00,יח',false,,5.90,0.0590,true,1,2403301
7290017266916,false,"וופלבמילוי קרם לימון, 200 ג SUN",,,וופלים במילוי קרם בט,גרמים,200.00,100 גרם,false,,4.90,0.0245,true,1,2531328
7290017275338,false,טחינה גולמית 500 גרם-טורקיז,אחדות ביחר לטחינה חל,IL,טחינה גולמית 500 גרם,גרמים,500.00,100 גרם,false,,13.90,0.0278,true,1,2487843
7290017275369,false,טחינה משומשום מלא 500 גרם-טורקיז,אחדות ביחר לטחינה חל,IL,טחינה משומשום מלא 50,גרמים,500.00,100 גרם,false,,13.90,0.0278,true,1,2487844
7290017275741,false,חלווה עם אגוזי לוז במגש 400 גר אחווה,,,חלווה עם אגוזי לוז 4,גרמים,400.00,100 גרם,false,,12.90,0.0323,true,1,2537693
7290017296142,false,גרנולה חלבה ושוקולד,,,גרנולה חלבה ושוקולד,גרמים,400.00,100 גרם,false,,22.90,0.0572,true,1,2402305
7290017296159,false,גרנולה תפוח וקינמון.,,,גרנולה תפוח וקינמון.,גרמים,400.00,100 גרם,false,,22.90,0.0572,true,1,2402306
7290017297149,false,גרגירי חומוס להכנת חומוס ביתי 550 ג',פרי הגליל,,גרגירי חומוס להכנת ח,גרמים,550.00,100 גרם,false,,6.90,0.0125,true,1,2428124
7290017297156,false,"צ'יפס עם קליפה 1.5 ק""ג פרי הגליל","פרי הגליל בע""""מ",,ציפס עם קליפה 1.5 ק,קילוגרמים,1.50,"ק""ג",false,,18.90,12.6000,true,1,2430704
7290017297187,false,לקט להקפצה פרי הגליל 800 ג',פרי הגליל,,לקט ירקות להקפצה 800,גרמים,800.00,100 גרם,false,,12.90,0.0161,true,1,2432106
7290017297194,false,לקט לקט ירקות לתנור פרי הגליל 800 ג',,,לקט ירקות לתנור 800,גרמים,800.00,100 גרם,false,,12.90,0.0161,true,1,2432114
7290017297200,false,לקט ירקות לצד העוף פרי הגליל 800 ג',פרי הגליל,,לקט ירקות לצד העוף 8,גרמים,800.00,100 גרם,false,,12.90,0.0161,true,1,2432107
7290017297217,false,עדשים ירוקות מושרות מבושלות ומקפאות פרי הגליל 800 ג',פרי הגליל,,עדשים ירוקות,גרמים,800.00,100 גרם,false,,14.90,0.0186,true,1,2434412
7290017297224,false,"שעועית אדומה מושרית, מבושלת ומוקפאת",פרי הגליל,,שעועית אדומה פרי הגל,גרמים,800.00,100 גרם,false,,12.90,0.0161,true,1,2436319
7290017297323,false,רוטב עגבניות מרוכז 100 גר' 22 BX טל וטרי,"מילוז(1989)בע""""מ",,רוטב עגבניות מרוכז ט,גרמים,100.00,100 גרם,false,,1.50,0.0150,true,1,2477991
7290017297330,false,"טל רוטב עגבניות מרוכז, 240 גרם",טל וטרי,,רוטב עגבניות מרוכז,גרמים,240.00,100 גרם,false,,3.50,0.0146,true,1,2506047
7290017297378,false,גרעיני תירס מתוק ללא תוספת סוכר ומלח,פרי הגליל,,תירס ללא סוכר ומלח,גרמים,550.00,100 גרם,false,,6.90,0.0125,true,1,2492909
7290017297620,false,רסק עגבניות A2 BX22 טל וטרי 570 גר',"מילוז(1989)בע""""מ",,רוטב עגבניות 22BX A2,גרמים,570.00,100 גרם,false,,5.90,0.0104,true,1,2490421
7290017297637,false,רוטב עגבניות מרוכז 2,"מילוז(1989)בע""""מ",,רוטב עגבניות 28BX,גרמים,580.00,100 גרם,false,,6.50,0.0112,true,1,2490431
7290017297743,false,צ'יפס אמריקאי 800 ג' פרי הגליל,"פרי הגליל בע""""מ",,ציפס אמריקאי פרי הגל,גרמים,800.00,100 גרם,false,,9.90,0.0124,true,1,2497535
7290017303482,false,מלאווח 700 גרם-שחף,,,מלאווח 700 גרם-שחף,גרמים,700.00,100 גרם,false,,12.90,0.0184,true,1,2471695
7290017322797,false,קרש חיתוך 51.5*27.5*,,,קרש חיתוך 51.5*27.5*,יחידה,0.00,יחידה,false,,104.90,0.0000,true,1,2395612
7290017325347,false,מקלות בייגלה מקמח כוסמין מלא אורגני,הרדוף,,מקלות ביילגה כמקמח כ,גרמים,350.00,100 גרם,false,,16.90,0.0483,true,1,2385415
7290017325422,false,פריכיות אורז מלא ללא תוספת מלח,פרח תעשיות,IL,פריכות דקות מאורז מל,גרמים,100.00,100 גרם,false,,10.90,0.1090,true,1,2385425
7290017325583,false,קוסקוס כוסמין אורגני,הרדוף,,קוסקוס כוסמין אורגני,גרמים,350.00,100 גרם,false,,14.90,0.0426,true,1,2385416
7290017325613,false,משקה שיבולת שועל הרד,סוי מג'יק,ES,משקה שובילת שועל אור,מיליליטרים,1000.00,"100 מ""ל",false,,11.90,0.0119,true,1,2519834
7290017325620,false,משקה אורז ושקדים אור,ליקואטס,ES,משקה אורז בתופסת שקד,מיליליטרים,1000.00,"100 מ""ל",false,,11.90,0.0119,true,1,2519835
7290017325897,false,משקה סויה במתיקות מע,ליקואטס,ES,משקה סויה במתיקות מע,מיליליטרים,1000.00,"100 מ""ל",false,,11.90,0.0119,true,1,2519847
7290017361246,false,קומקום פלסטיק חדיש ש,,,קומקום פלסטיק חדיש ש,יחידה,0.00,יחידה,false,,59.90,0.0000,true,1,2512388
7290017361253,false,קומקום פלסטיק חדיש ל,המילטון Hemilton,,קומקום פלסטיק חדיש ל,יחידה,0.00,יחידה,false,,59.90,0.0000,true,1,2512389
7290017374390,false,סט שרותים מיוחד PINA,,,סט שירותים טורינו,יחידה,0.00,יחידה,false,,24.90,0.0000,true,1,2409053
7290017374727,false,מברשת אבק מיקרופייבר,,,מברשת אבק מיקרופייבר,יח',1.00,יח',false,,9.90,9.9000,true,1,2409054
7290017374925,false,מטאטא אמור+מקל,,,מטאטא אמור+מקל,יחידה,0.00,יחידה,false,,24.90,0.0000,true,1,2409055
7290017389028,false,אננס מיובש ללא סוכר 160 ג' בקופסא,שקדיה,,אננס מיובש ללא סוכר,גרמים,160.00,100 גרם,false,,14.90,0.0931,true,1,1831596
7290017433042,false,קולפן Y שווצרי,,,קולפן Y שווצרי,יחידה,0.00,יחידה,false,,22.90,0.0000,true,1,2395675
7290017433059,false,קולפן Y שווצרי,,,קולפן Y שווצרי,יחידה,0.00,יחידה,false,,24.90,0.0000,true,1,2395676
7290017440279,false,"ד""ר פישר - קידס אל סבון ויטמינים 750 מ""ל",,IL,"אל סבון קידס 750 מ""ל",מיליליטרים,750.00,"100 מ""ל",false,,16.90,0.0225,true,1,2355630
7290017440286,false,"ד""ר פישר - קידס מרכך ויטמינים 750 מ""ל","ד""ר פישר Dr fischer",IL,"מרכך קידס 750 מ""ל",מיליליטרים,750.00,"100 מ""ל",false,,16.90,0.0225,true,1,2355631
7290017440309,false,"ד""ר פישר - קידס שמפו ויטמינים 750 מ""ל","ד""ר פישר Dr fischer",IL,"שמפו קידס 750 מ""ל",מיליליטרים,750.00,"100 מ""ל",false,,16.90,0.0225,true,1,2355632
7290017440323,false,"ד""ר פישר - קידס שמפו + מרכך ויטמינים 750 מ""ל","ד""ר פישר Dr fischer",,שמפו+מרכך קידס 750 מ,מיליליטרים,750.00,"100 מ""ל",false,,16.90,0.0225,true,1,2355633
7290017440682,false,שמפו לשיער בהיר-בלונדיני,"ד""ר פישר Dr fischer",,שמפו לשיער בלונד 400,מיליליטרים,400.00,"100 מ""ל",false,,24.90,0.0622,true,1,2384076
7290017440699,false,"ד""ר פישר מרכך בלונד 400 מ""ל",,,מרכך לשיער בלונד 400,מיליליטרים,400.00,"100 מ""ל",false,,24.90,0.0622,true,1,2384077
7290017440965,false,אל סבון היגייני לניקוי יסודי ולהזנת העור clean & nourish,"ד""ר פישר Dr fischer",,קמיל בלו אל סבון ניק,ליטרים,1.00,ליטר,false,,15.90,15.9000,true,1,2323241
7290017457574,false,כדוריות סבון נתלה לאסלה בניחוח פרחים - 3 יח',סוד,,סוד כדוריות אסלה,יח',3.00,יח',false,,14.00,4.6667,true,1,2312690
7290017457581,false,"סוד מרכך כביסה מרוכז קוקוס 900 מ""ל",הנקל סוד,IL,סוד מרכך כביסה 20%+ב,מיליליטרים,900.00,"100 מ""ל",false,,11.90,0.0132,true,1,2318552
7290017457598,false,"סוד מרכך מרוכז סאמר בלוסום 900 מ""ל",הנקל סוד,IL,סוד מרכך כביסה 20%+ב,מיליליטרים,900.00,"100 מ""ל",false,,11.90,0.0132,true,1,2318553
7290017457611,false,ג'ל כביסה ורוד 2.5 ל' סוד,הנקל סוד,IL,סוד ג'ל לכביסה2.5 לי,ליטרים,2.50,ליטר,false,,19.90,7.9600,true,1,2411003
7290017457727,false,"סוד - מרכך כביסה מרוכז פרש סקיי 900 מ""ל",הנקל סוד,IL,סוד מרכך כביסה 20%+ב,מיליליטרים,900.00,"100 מ""ל",false,,11.90,0.0132,true,1,2318556
7290017457734,false,"סוד - מרכך כביסה מרוכז ווילד רוז 900 מ""ל",הנקל סוד,IL,סוד מרכך כביסה 20%+ב,מיליליטרים,900.00,"100 מ""ל",false,,11.90,0.0132,true,1,2318557
7290017457741,false,"מרוכז כביסה סגול 900 מ""ל סוד",,,סוד מרכך כביסה 20%+ב,מיליליטרים,900.00,"100 מ""ל",false,,11.90,0.0132,true,1,2318558
7290017457871,false,ג'ל כביסה ורוד 4 ל' סוד,הנקל סוד,IL,סוד ג'ל כביסה 4 ליטר,ליטרים,4.00,ליטר,false,,29.90,7.4750,true,1,2411005
7290017457925,false,סוד מרכך כביסה מרוכז פרש קונטרול ורוד,הנקל סוד,IL,סוד מרכך כביסה 20%+ב,מיליליטרים,900.00,"100 מ""ל",false,,11.90,0.0132,true,1,2431400
7290017457932,false,סוד מרכך כביסה מרוכז פרש קונטרול כחול,הנקל סוד,IL,סוד מרכך כביסה 20%+ב,מיליליטרים,900.00,"100 מ""ל",false,,11.90,0.0132,true,1,2431401
7290017457949,false,"פרסיל א.כ לבגדי תינוקות ולבעלי עור רגיש 2.5 ק""ג",קריות זול,,אבקת כביסה פרסיל שקי,קילוגרמים,2.50,"ק""ג",false,,28.90,11.5600,true,1,2431394
7290017477275,false,גרעיני חמנייה קלופים קלויים 200 ג',דין שיווק,,גרעיני חמנייה קלופים,גרמים,200.00,100 גרם,false,,9.90,0.0495,true,1,1959491
7290017477299,false,ג'עלה 200 גרם.,דין שיווק,,ג'עלה 200 גרם,גרמים,200.00,100 גרם,false,,9.90,0.0495,true,1,1959493
7290017477305,false,זרעי ציה 250 גר שקדי,דין שיווק,IL,זרעי צ'יה 250 גרם,גרמים,250.00,100 גרם,false,,9.90,0.0396,true,1,1959494
7290017477350,false,תערובת לסלט ירוק 200גר,דין שיווק,,תערובת לסלט ירוק 200,גרמים,200.00,100 גרם,false,,9.90,0.0495,true,1,1959495
7290017477367,false,מטבעות שוקולד לבן לאפייה 300ג',דין שיווק,,מטבעות שוקולד לבן לא,גרמים,300.00,100 גרם,false,,12.90,0.0430,true,1,1959510
7290017477374,false,מטבעות שוקולד חלב לאפייה 300ג',דין שיווק,,מטבעות שוקולד חלב לא,גרמים,300.00,100 גרם,false,,12.90,0.0430,true,1,1959511
7290017477381,false,מטבעות שוקולד מריר 45% לאפייה 300ג',דין שיווק,,מטבעות שוקולד מריר 4,גרמים,300.00,100 גרם,false,,12.90,0.0430,true,1,1959512
7290017477398,false,שוקולד ציפס מריר 45% לאפייה 300 ג',דין שיווק,,שוקולד צ'יפס מריר 45,גרמים,300.00,100 גרם,false,,12.90,0.0430,true,1,1959513
7290017513393,false,תה ירוק סופר גרין 25 שקיקים,קריות זול,IL,תה ירוק בתוספת ספירו,יחידה,0.00,יחידה,false,,22.90,0.0000,true,1,2377677
7290017513409,false,תה ירוק סופר פיורפל 25 שקיקים,HIQ FOOD PRODUCTS,IL,תה ירוק עם צמחים סגו,יחידה,0.00,יחידה,false,,22.90,0.0000,true,1,2377678
7290017513485,false,מחית עגבניות רוסטיקה בלה איטליה 680 ג',היצרן: ס.פ. פודנצנו,IT,מחית עגבניות רוסטיקה,גרמים,680.00,100 גרם,false,,10.90,0.0160,true,1,2379259
7290017513775,false,פליפז בייגלה מצופה שוקולד חלב 140 גרם,שוורצקוף& הנקל דיסלד,TR,בייגלה מצופה שוקולד,גרמים,140.00,100 גרם,false,,8.90,0.0636,true,1,2385328
7290017513782,false,פליפז בייגלה מצופה שוקולד מריר 140 גרם,שוורצקוף& הנקל דיסלד,TR,בייגלה מצופה שוקולד,גרמים,140.00,100 גרם,false,,8.90,0.0636,true,1,2385329
7290017513829,false,תה ירוק לימונית ג'ינג'ר 25 שקיקים בתוספת ויטמין Cּּ+D,ויסוצקי ירוק,IL,תה ירוק לימונית ג'ינ,גרמים,37.50,100 גרם,false,,22.90,0.6107,true,1,2428068
7290017513850,false,תה ירוק נענע 25 שקיקים בתוספת ויטמינים Cּּ+D,ויסוצקי ירוק,IL,תה ירוק נענע בתוספת,גרמים,37.50,100 גרם,false,,22.90,0.6107,true,1,2428069
7290017516295,false,חטיף פרוטאין חלבון שוקולד ואגוז לוז,פנגיאה,,חטיף פרוטאין אגוז לו,גרמים,50.00,100 גרם,false,,9.90,0.1980,true,1,2433019
7290017516318,false,חטיף פרוטאין בטעם שוקולד,פנגיאה,,חטיף פרוטאין שוקולד,גרמים,50.00,100 גרם,false,,9.90,0.1980,true,1,2433020
7290017516332,false,חטיף פרוטאין עם חמאת בוטנים,פנגיאה,,חטיף פרוטאין חמאת בו,גרמים,50.00,100 גרם,false,,9.90,0.1980,true,1,2433021
7290017516424,false,שוקלד + פנגיאה שוקולד קוקוס ואגוזי לוז 300 גרם,ש.ר רגע בטבע,IL,שוקלד + פנגיאה שוקול,גרמים,300.00,100 גרם,false,,29.90,0.0997,true,1,2433022
7290017516448,false,שוקלד פנגיאה שוקולד קוקוס תמריםשקדים וחרוב 300 גרם,פנגיאה,,שוקלד + פנגיאה שוקול,גרמים,300.00,100 גרם,false,,29.90,0.0997,true,1,2433024
7290017516479,false,חטיף פרוטאין בטעם וניל וקפה,פנגיאה,,חטיף פרוטאין וניל קפ,גרמים,50.00,100 גרם,false,,9.90,0.1980,true,1,2433025
7290017516486,false,חטיף פרוטאין בטעם טרופי,פנגיאה,,חטיף פרוטאין טרופי פ,גרמים,50.00,100 גרם,false,,9.90,0.1980,true,1,2433026
7290017516509,false,חטיף פרוטאין בטעם קרמל מלוח,פנגיאה,,חטיף פרוטאין קרמל מל,גרמים,50.00,100 גרם,false,,9.90,0.1980,true,1,2435071
7290017520933,false,"ערק שליט לימונים 700 מ""ל",,,ארק שליט הלימונים,מיליליטרים,700.00,"100 מ""ל",false,,54.90,0.0784,true,1,2434093
7290017589565,false,"יין קלאסיק גוורצטרמינר 750 מ""ל.",יקבי ברקן שיווק והפצ,IL,יין קלאסיק גוורצטרמי,מיליליטרים,750.00,"100 מ""ל",false,,39.90,0.0532,true,1,2204751
7290017589633,false,יין רזרב קברנה סוביניון Gold Edition,יקבי ברקן Barkan,IL,יין רזרב קברנה גולד,מיליליטרים,750.00,"100 מ""ל",false,,59.90,0.0799,true,1,2208501
7290017599229,false,ממתיק סוכרלוז 200 טבליות סוכרזית,"סוכרזית בע""מ",IL,סוכרזית סוכרלוז 200,גרמים,365.00,100 גרם,false,,20.90,0.0573,true,1,2489428
7290017599236,false,סוכרזית סטיוויה 200 טבליות,סנו מפעלי ברונוס.,IL,סוכרזית סטיוויה 200,גרמים,365.00,100 גרם,false,,24.90,0.0682,true,1,2489441
7290017599250,false,סוכרזית קלאסי 120 שקיות,ביסקול בע''מ,IL,סוכרזית קלאסי 120 שק,גרמים,120.00,100 גרם,false,,15.50,0.1292,true,1,2523088
7290017599267,false,סוכרלוז 120 שקיות ממתיק שולחני,סוכרזית Sucrazit,IL,סוכרזית סוכרלוז 120,גרמים,120.00,100 גרם,false,,23.90,0.1992,true,1,2523081
7290017599281,false,סוכרזית סטיוויה פלוס 100 שקיות,,,סוכרזית סטיוויה פלוס,יח',100.00,יח',false,,34.90,0.3490,true,1,2544308
7290017617084,false,סטארקיסט מיקס טוגו טונה עם שעועית 185 גר',דרדנל אוננטאס גידה,TR,טונה סטארקיסט מיקס ט,גרמים,185.00,100 גרם,false,,13.90,0.0751,true,1,2439879
7290017617091,false,סטארקיסט מיקס טוגו טונה עם פתיתים 185 גר',דרדנל אוננטאס גידה,TR,טונה סטארקיסט מיקס ט,גרמים,185.00,100 גרם,false,,13.90,0.0751,true,1,2439880
7290017617107,false,סארקיסט מיקס טוגו טונה עם 4 דגנים 185 גר',"איטיליאן פוד, אס.פי.",TR,טונה סטארקיסט מיקס ט,גרמים,185.00,100 גרם,false,,13.90,0.0751,true,1,2439881
7290017617138,false,נתחי טונה בהירה בשמן קנולה דל נתרן - מארז 4 יח',סטארקיסט פודור,,טונה סטארקיסט רביעיה,גרמים,640.00,100 גרם,false,,24.90,0.0389,true,1,2428675
7290017617282,false,נתחי טונה בהירה בשמן צמחי - מארז 4 יח',טונה וייטנאם קומפני,VN,טונה יונה רביעיות 14,גרמים,560.00,100 גרם,false,,22.90,0.0409,true,1,2495925
7290017617411,false,מיקס סלמון עם אורז מלא וירקות 160 ג' סטארקיסט,סטארקיסט Starkist,PL,סטארקיסט נתחי סלמון,גרמים,160.00,100 גרם,false,,14.90,0.0931,true,1,2514946
7290017617428,false,"סטארקיסט נתחי סלמון עם פסטה, עגבניות וזיתים פיקנטי",סטארקיסט Starkist,PL,סטארקיסט נתחי סלמון,גרמים,160.00,100 גרם,false,,14.90,0.0931,true,1,2514947
7290017617435,false,מיקס סלמון עם עדשים קינואה וירק 160 ג' סטארקיסט,סטארקיסט Starkist,PL,סטארקיסט נתחי סלמון,גרמים,160.00,100 גרם,false,,14.90,0.0931,true,1,2514948
7290017618111,false,עוגיות מלבן שקדים עם טריפל שוקולד 180 גר',מאפיית אריאל,IL,עוגיות מלבן שקדים עם,גרמים,180.00,100 גרם,false,,18.90,0.1050,true,1,2180180
7290017619293,false,מפיץ ריח אפור זהב,,,מפיץ ריח אפור זהב,יחידה,0.00,יחידה,false,,22.90,0.0000,true,1,2394137
7290017619316,false,גומא אפור גבוה מוסקו מקלות,מוסקו,,מפיץ ריח אפור גבוה,יחידה,0.00,יחידה,false,,22.90,0.0000,true,1,2394139
7290017619378,false,מפיץ ריח עם מקלות 12,,,מפיץ ריח 170 מ,יחידה,0.00,יחידה,false,,39.90,0.0000,true,1,2514236
7290017619996,false,אטבי כביסה מסיליקון,,,אטבי כביסה מסיליקון,יחידה,0.00,יחידה,false,,19.90,0.0000,true,1,2495828
7290017637365,false,ספריי לשיער לסירוק ק,,,ספריי לשיער לסירוק ק,מיליליטרים,200.00,"100 מ""ל",false,,9.90,0.0495,true,1,2448867
7290017637426,false,שמפו למניעת קשקשים M,מיקי בוגנים,,שמפו למניעת קשקשים M,מיליליטרים,500.00,"100 מ""ל",false,,23.90,0.0478,true,1,2512114
7290017637532,false,שמפו לשיער בלונד\בהיר,מיקי בוגנים,,שמפו לשיער בלונד\בהי,מיליליטרים,500.00,"100 מ""ל",false,,34.90,0.0698,true,1,2512115
7290017637549,false,מרכך לשיער בלונד\בהיר,מיקי בוגנים,,מרכך לשיער בלונד\בהי,מיליליטרים,500.00,"100 מ""ל",false,,34.90,0.0698,true,1,2512116
7290017637556,false,שמפו לקרקפת שומנית M,מיקי בוגנים,,שמפו לקרקפת שומנית M,מיליליטרים,500.00,"100 מ""ל",false,,23.90,0.0478,true,1,2512117
7290017637563,false,שמפו לתלתלים מושלמים,מיקי בוגנים,,שמפו לתלתלים מושלמים,מיליליטרים,500.00,"100 מ""ל",false,,23.90,0.0478,true,1,2512118
7290017637570,false,מרכך לתלתלים מושלמים,מיקי בוגנים,,מרכך לתלתלים מושלמים,מיליליטרים,500.00,"100 מ""ל",false,,23.90,0.0478,true,1,2512119
7290017637587,false,קרם לתלתלים מושלמים,מיקי בוגנים,,קרם לתלתלים מושלמים,מטרים,200.00,100 מ'ל,false,,23.90,0.1195,true,1,2512130
7290017637594,false,שמפו יומיומי זכרונות,מיקי בוגנים,,שמפו לשיער רגיל MB S,מיליליטרים,500.00,"100 מ""ל",false,,23.90,0.0478,true,1,2512105
7290017637600,false,מרכך יומיומי זכרונות,מיקי בוגנים,,מרכך לשיער רגיל MB S,מיליליטרים,500.00,"100 מ""ל",false,,23.90,0.0478,true,1,2512106
7290017637617,false,מסיכת הזנה לשיער רגיל,מיקי בוגנים,,מסיכת הזנה לשיער רגי,מטרים,250.00,100 מ'ל,false,,27.90,0.1116,true,1,2512120
7290017637624,false,שמפו יומיומי יסמין ק,מיקי בוגנים,,שמפו לשיער רגיל MB M,מיליליטרים,500.00,"100 מ""ל",false,,23.90,0.0478,true,1,2512107
7290017637631,false,מרכך יומיומי יסמין ק,מיקי בוגנים,,מרכך לשיער רגיל MB M,מיליליטרים,500.00,"100 מ""ל",false,,23.90,0.0478,true,1,2512108
7290017637648,false,מסיכת הזנה לשיער רגיל,מיקי בוגנים,,מסיכת הזנה לשיער רגי,מטרים,250.00,100 מ'ל,false,,27.90,0.1116,true,1,2512121
7290017637662,false,שמפו להדגשת גוונים זהובים,מיקי בוגנים,,שמפו להדגשת גוונים ז,מיליליטרים,500.00,"100 מ""ל",false,,23.90,0.0478,true,1,2512123
7290017637679,false,מרכך להדגשת גוונים זהובים,מיקי בוגנים,,מרכך להדגשת גוונים ז,מיליליטרים,500.00,"100 מ""ל",false,,23.90,0.0478,true,1,2512124
7290017671642,false,מיכל מרובע,,,מיכל מרובע,יחידה,0.00,יחידה,false,,32.90,0.0000,true,1,2381600
7290017675008,false,טחינה גולמית היונה,היונה,,טחינה היונה 900 גרם,גרמים,900.00,100 גרם,false,,19.90,0.0221,true,1,1981774
7290017677804,false,"רוטב סויה קיקומן 444 מ""ל",ראקוטו קאסיי,US,רוטב סויה קיקומן 444,מיליליטרים,444.00,"100 מ""ל",false,,19.90,0.0448,true,1,2328326
7290017677811,false,"רוטב סויה קיקומן ללא חומרים משמרים 296 מ""ל",קיקומן פודז אינק,NL,רוטב סויה קיקומן 296,מיליליטרים,296.00,"100 מ""ל",false,,17.90,0.0605,true,1,2328327
7290017682020,false,"מגב תחנות דלק 20 ס""מ",,,"מגב תחנות דלק 20 ס""מ",יחידה,0.00,יחידה,false,,14.90,0.0000,true,1,2409068
7290017682334,false,מטאטא ריץ'+מקל,,,מטאטא ריץ'+מקל,יחידה,0.00,יחידה,false,,19.90,0.0000,true,1,2409056
7290017682617,false,"מגב 40 ס""מ עם תפס להצמדה סחבה",,,"מגב עם תפסן 40 ס""מ+מ",יחידה,0.00,יחידה,false,,19.90,0.0000,true,1,2409044
7290017682648,false,מגב חד להב עם תופסן,,,מגב חד להב עם תופסן,יחידה,0.00,יחידה,false,,24.90,0.0000,true,1,2409058
7290017682655,false,מגב חד להב עם תופסן,,,מגב חד להב עם תופסן,יחידה,0.00,יחידה,false,,29.90,0.0000,true,1,2409549
7290017682945,false,מגב חד להב סיליקון+מ,,,מגב חד להב סיליקון+מ,יחידה,0.00,יחידה,false,,34.90,0.0000,true,1,2409059
7290017697031,false,קולב גדול,,,קולב גדול,יחידה,0.00,יחידה,false,,39.90,0.0000,true,1,2396496
7290017712192,false,פרמיו נתחי פילה עוף לחתול,פרמיו Premio,FR,פרמיו נתחי פילה עוף,גרמים,100.00,100 גרם,false,,3.90,0.0390,true,1,2538620
7290017712208,false,פרמיו נתחי פילה ברוו,סאטורן,DE,פרמיו פילה ברווז 100,גרמים,100.00,100 גרם,false,,3.90,0.0390,true,1,2538621
7290017712239,false,פרמיו פטה עוף לכלב 150ג',פרמיו Premio,DE,פרמיו פטה עוף לכלב 1,גרמים,150.00,100 גרם,false,,3.90,0.0260,true,1,2538624
7290017712246,false,פרמיו בקר ולבבות לכלב,פרמיו Premio,FR,פרמיו בקר ולבבות 150,גרמים,150.00,100 גרם,false,,3.90,0.0260,true,1,2538625
7290017712277,false,פרמיו פטה כבש לכלב 150ג',פרמיו Premio,DE,פרמיו פטה כבש לכלב 1,גרמים,150.00,100 גרם,false,,3.90,0.0260,true,1,2538627
7290017712574,false,הורייזן עוף לחתלתול,הורייזן Horizon,,הורייזן עוף לחתלתול,גרמים,85.00,100 גרם,false,,3.90,0.0459,true,1,2538631
7290017712581,false,הורייזן עוף לחתול מעדן,הורייזן Horizon,,הורייזן עוף לחתול מע,גרמים,85.00,100 גרם,false,,3.90,0.0459,true,1,2538632
7290017712598,false,הורייזן סלמון לחתול,הורייזן Horizon,,הורייזן סלמון לחתול,גרמים,85.00,100 גרם,false,,3.90,0.0459,true,1,2538633
7290017712659,false,הורייזן עוף לגור כלבים ננסי,הורייזן Horizon,DE,הורייזן עוף לגור כלב,גרמים,100.00,100 גרם,false,,3.90,0.0390,true,1,2538635
7290017712666,false,הורייזן בקר לכלב ננסי,הורייזן Horizon,DE,הורייזן בקר לכלב ננס,גרמים,100.00,100 גרם,false,,3.90,0.0390,true,1,2538636
7290017712680,false,הורייזן עוף לכלב ננסי,הורייזן Horizon,DE,הורייזן עוף לכלב ננס,גרמים,100.00,100 גרם,false,,3.90,0.0390,true,1,2538638
7290017712710,false,הורייזן סלמון לכלב בוגר 150ג',הורייזן Horizon,,הורייזן סלמון לכלב ב,גרמים,150.00,100 גרם,false,,5.90,0.0393,true,1,2538641
7290017712727,false,פרמיו גור חתולים בקר וכבד,פרמיו Premio,,פרמיו גור בקר וכבד 1,גרמים,100.00,100 גרם,false,,3.90,0.0390,true,1,2538642
7290017712734,false,פרמיו לגור חתולים עוף וכבד,פרמיו Premio,,פרמיו גור עוף וכבד 1,גרמים,100.00,100 גרם,false,,3.90,0.0390,true,1,2538643
7290017712758,false,פרמיו סלמון לחתול,פרמיו Premio,,פרמיו סלמון 100ג',גרמים,100.00,100 גרם,false,,3.90,0.0390,true,1,2538645
7290017712789,false,פרמיו סטירליז עוף 100ג',,,פרמיו סטירליז עוף 10,גרמים,100.00,100 גרם,false,,3.90,0.0390,true,1,2538648
7290017712796,false,פרמיו סטירליז דג קוד,פרמיו Premio,,פרמיו סטירליז דג קוד,גרמים,100.00,100 גרם,false,,3.90,0.0390,true,1,2538649
7290017712932,false,פרמיו כריות בקר לחתול,פרמיו Premio,,פרמיו כריות בקר 60ג',גרמים,60.00,100 גרם,false,,9.90,0.1650,true,1,2538654
7290017712956,false,פרמיו כריות עוף וגבינה,פרמיו Premio,,פרמיו כריות עוף וגבי,גרמים,60.00,100 גרם,false,,9.90,0.1650,true,1,2538656
7290017715285,false,מחית תפוחי עץ עם דובדבנים,Cherry growers inc,,"רסק תפו""ח עץ עם דובד",גרמים,452.00,100 גרם,false,,9.90,0.0219,true,1,2373184
7290017724003,false,עוגיות גרסיני אקלר 2,אקלר,IL,גרסיני,גרמים,250.00,100 גרם,false,,22.90,0.0916,true,1,2464934
7290017724027,false,עוגיות אלפא חורס אקל,"אקלר בע""מ",IL,עוגיות אלפא חורס,גרמים,300.00,100 גרם,false,,22.90,0.0763,true,1,2464875
7290017724034,false,עוגיות סנדוויץ ריבה,אקלר,IL,עוגיות סנדויץ ריבה,גרמים,250.00,100 גרם,false,,22.90,0.0916,true,1,2464876
7290017724041,false,עוגיות תותי פרוטי אק,אקלר,IL,עוגיות תותי פרוטי,גרמים,250.00,100 גרם,false,,22.90,0.0916,true,1,2464877
7290017724058,false,עוגיות מעדן תמר אגוז,אקלר,IL,עוגיות מעדן תמר אגוז,גרמים,250.00,100 גרם,false,,22.90,0.0916,true,1,2464922
7290017724065,false,עוגיות מעדן תפוע ואג,אקלר,IL,"עוגיות מעדן תפו""ע וא",גרמים,250.00,100 גרם,false,,22.90,0.0916,true,1,2464923
7290017724089,false,עוגיות ואן גוך אקלר,,,עוגיות ואן גוך,גרמים,200.00,100 גרם,false,,22.90,0.1145,true,1,1364096
7290017724102,false,עוגיות סיגרים תמרים/,אקלר,IL,עוגיות סיגרים תמרים,גרמים,200.00,100 גרם,false,,22.90,0.1145,true,1,2464924
7290017724119,false,עוגיות אוזניים אקלר,אקלר,IL,עוגיות אוזניים,גרמים,250.00,100 גרם,false,,22.90,0.0916,true,1,2464937
7290017724157,false,עוגיות מעדן תפוע ללא,אקלר,IL,"עוגיות מעדן תפו""ע לל",גרמים,200.00,100 גרם,false,,22.90,0.1145,true,1,2464948
7290017724164,false,עוגיות אוזניים ללא ת,אקלר,IL,עוגיות אוזניים ללא ת,גרמים,200.00,100 גרם,false,,22.90,0.1145,true,1,2464938
7290017724171,false,עוגיות סנדביץ ריבה ל,אקלר,IL,עוגיות סנדביץ ריבה ל,גרמים,250.00,100 גרם,false,,22.90,0.0916,true,1,2464939
7290017724201,false,עוגיות ואן גוך ללא ת,אקלר,IL,עוגיות ואן גוך ללא ת,גרמים,250.00,100 גרם,false,,22.90,0.0916,true,1,2464949
7290017724218,false,עוגיות מעדן תמר אגוז,אקלר,IL,עוגיות מעדן תמר ללא,גרמים,200.00,100 גרם,false,,22.90,0.1145,true,1,2464950
7290017724232,false,עוגיות שומשומית אקלר,אקלר,IL,סומסומית,גרמים,200.00,100 גרם,false,,22.90,0.1145,true,1,2464940
7290017724256,false,עוגיות שומשומיות ללא,אקלר,IL,שומשומית ללא תוספת ס,גרמים,200.00,100 גרם,false,,22.90,0.1145,true,1,2464951
7290017724263,false,עוגיות בטהובן ללא תו,אקלר,IL,עוגיות בטהובן ללא תו,גרמים,300.00,100 גרם,false,,22.90,0.0763,true,1,2464952
7290017724270,false,עוגיות אשכול בריאות,,,עוגיות אשכול בריאות,גרמים,200.00,100 גרם,false,,22.90,0.1145,true,1,2464953
7290017724294,false,עוגיות גרנולה ציפס ח,אקלר,IL,גרנולה ציפס חמוציות,גרמים,200.00,100 גרם,false,,22.90,0.1145,true,1,2464960
7290017758862,false,"מכסה סיליקון 28 ס""מ",,,"מכסה סיליקון 28 ס""מ",יחידה,0.00,יחידה,false,,34.90,0.0000,true,1,2475493
7290017812052,false,יין שיראז קברנה סוביניון אקסלנס Excellence,יקבי כרמל Carmel Winery,IL,יין קברנה סוביניון א,מיליליטרים,750.00,"100 מ""ל",false,,24.90,0.0332,true,1,2130678
7290017812069,false,יין אמרלד ריזלינג שרדונה אקסלנס Excellence,יקבי כרמל Carmel Winery,IL,יין שרדונה אקסלנס רי,מיליליטרים,750.00,"100 מ""ל",false,,24.90,0.0332,true,1,2130679
7290017812342,false,ספארקלינג מוג'ו אדום,"כד בני דרום בע""מ",IL,יין ספארקלינג מוג'ו,מיליליטרים,750.00,"100 מ""ל",false,,29.90,0.0399,true,1,2393360
7290017812373,false,יין שרדונה לבן יבש פרייבט קולקשן - בקבוק אישי,יקבי כרמל Carmel Winery,,שרדונה,מיליליטרים,375.00,"100 מ""ל",false,,17.90,0.0477,true,1,2393352
7290017812571,false,מיץ ענבים אדום 100% טבעי 1 ליטר,יקבי כרמל Carmel Winery,IL,מיץ ענבים תירוש אדום,ליטרים,1.00,ליטר,false,,19.90,19.9000,true,1,2393383
7290017812588,false,מיץ ענבים לבן 100% טבעי 1 ליטר,יקבי כרמל Carmel Winery,IL,מיץ ענבים תירוש לבן,ליטרים,1.00,ליטר,false,,19.90,19.9000,true,1,2393384
7290017812595,false,"ישן נושן לייט 750 מ""ל",יקבי כרמל Carmel Winery,IL,יין ישן נושן לייט,מיליליטרים,750.00,"100 מ""ל",false,,18.90,0.0252,true,1,2393385
7290017812618,false,מיץ ענבים תירוש רוזה 1 ליטר.,קריות זול,,תירוש ענבים 1 ליטר,ליטרים,1.00,ליטר,false,,19.90,19.9000,true,1,2393386
7290017812656,false,תירוש מבעבע מיץ ענבים מבעבע אדום,מנדלז סי.אר. פרודקשן,IL,תירוש מבעבע אדום,מיליליטרים,750.00,"100 מ""ל",false,,19.90,0.0265,true,1,2440234
7290017812663,false,מיץ ענבים טבעי מבעבע לבן,מנדלז סי.אר. פרודקשן,IL,תירוש מבעבע אדום,מיליליטרים,750.00,"100 מ""ל",false,,19.90,0.0265,true,1,2440235
7290017812830,false,"יין רוזה פרייבט קולקשיין 750 מ""ל","כד בני דרום בע""מ",IL,יין רוזה P.C,מיליליטרים,750.00,"100 מ""ל",false,,38.90,0.0519,true,1,2433313
7290017812861,false,"יין וינו לבן יבש 750 מ""ל",קריות זול,IL,יין לבן וינו,מיליליטרים,750.00,"100 מ""ל",false,,18.90,0.0252,true,1,2431541
7290017812878,false,"יין אקסלנס רוזה 750 מ""ל",קריות זול,,יין אקסלנס רוזה,מיליליטרים,750.00,"100 מ""ל",false,,24.90,0.0332,true,1,2433320
7290017812885,false,יין קברנה סוביניון בלאן גוורצטרמינר,אגודת הכורמים א.ת אל,IL,יין סובניון בלאן,מיליליטרים,750.00,"100 מ""ל",false,,38.90,0.0519,true,1,2454928
7290017812977,false,"יין לבן מתוק מוגז בטעם אננס, 750 מ""ל",קריות זול,IL,יין מבעבע באז אננס,מיליליטרים,750.00,"100 מ""ל",false,,24.90,0.0332,true,1,2459535
7290017816005,false,בייגלה כוסמין שמיניו,יוליניבר,IL,בייגלה כוסמין שמיניו,יחידה,0.00,יחידה,false,,14.90,0.0000,true,1,2372671
7290017816012,false,קרם קרקר כוסמין 250 גר',,,קרקר כוסמין,גרמים,250.00,100 גרם,false,,14.90,0.0596,true,1,2372683
7290017816128,false,קרקר מקור הכוסמין 22,,,קרקר כוסמין 220 גרם,גרמים,220.00,100 גרם,false,,14.90,0.0677,true,1,2431577
7290017871363,false,"סבון ידיים מועשר בשמן מקדמיה פמלי 500 מ""ל יהלום",המאפיה של הרמן,TR,אל סבון פמילי יהלום,מיליליטרים,500.00,"100 מ""ל",false,,9.90,0.0198,true,1,2402564
7290017871370,false,"סבון ידיים מועשר בשמן אבוקדו פמלי 500 מ""ל יהלום",המאפיה של הרמן,TR,אל סבון פמילי יהלום,מיליליטרים,500.00,"100 מ""ל",false,,9.90,0.0198,true,1,2402565
7290017871431,false,טוסו חטיף תמרים אגוזי לוז וחמוציות ללא גלוטן וללא תוספת סוכר,טוסו tusso,,חטיף תמרים ואגוזי לו,גרמים,140.00,100 גרם,false,,16.90,0.1207,true,1,2377591
7290017871448,false,טוסו חטיף תמרים וקשיו ללא גלוטן וללא תוספת סוכר,,,חטיף תמרים וקשיו ללא,גרמים,140.00,100 גרם,false,,16.90,0.1207,true,1,2377592
7290017871462,false,טוסו חטיף פצפוצי אורז מצופה שוקולד מריר ללא תוספת סוכר,המאפיה של הרמן,IL,חטיף פיצפוצי אורז מצ,גרמים,140.00,100 גרם,false,,16.90,0.1207,true,1,2377594
7290017871554,false,טוסו חטיף תמרים ושברי קקאו ללא גלוטן וללא תוספת סוכר,טוסו tusso,,חטיף תמרים ושברי קקא,גרמים,140.00,100 גרם,false,,16.90,0.1207,true,1,2377595
7290017871707,false,חטיף פיצפוצי אורז וקוקוס מצופה שוקולד מריר ללא תוספת סוכר,הגביע מוצרי ופלים,IL,חטיף פיצפוצי אורז וק,גרמים,140.00,100 גרם,false,,16.90,0.1207,true,1,2377601
7290017871950,false,פרשוואנס נייר טואלט לח מתכלה בניחוח לוונדר מארז שלישייה,,IL,מארז שלישייה נייר טו,יח',40.00,יח',false,,14.90,0.3725,true,1,2437230
7290017871967,false,גלי טוסו בטעם אננס 2,קריות זול,IL,ג'לי טוסו בטעם אננס,גרמים,25.00,100 גרם,false,,9.90,0.3960,true,1,2430496
7290017871974,false,גלי טוסו בטעם תות שד,קריות זול,IL,ג'לי טוסו בטעם תות ש,גרמים,25.00,100 גרם,false,,9.90,0.3960,true,1,2430497
7290017871981,false,גלי טוסו בטעם משמש 2,קריות זול,,ג'לי טוסו בטעם משמש,גרמים,25.00,100 גרם,false,,9.90,0.3960,true,1,2430498
7290017871998,false,פודינג וניל טוסו ללא,קריות זול,IL,ג'לי טוסו בטעם וניל,גרמים,25.00,100 גרם,false,,9.90,0.3960,true,1,2430499
7290017872001,false,"קרם החתלה פרשוואנס שמן זית ופרופוליס 100 סמ""ק",,,משחת החתלה פרשוונאס,גרמים,100.00,100 גרם,false,,12.50,0.1250,true,1,2410984
7290017872162,false,טוסו עוגיות אגוזי לוז 200 ג',היינץ צפון אמריקה מק,IL,טוסו עוגיות אגוזי לו,גרמים,200.00,100 גרם,false,,14.90,0.0745,true,1,2400612
7290017872179,false,עוגיות טחינה ללא תוספת סוכר,היינץ צפון אמריקה מק,IL,טוסו עוגיות טחינה 20,גרמים,200.00,100 גרם,false,,14.90,0.0745,true,1,2400613
7290017872186,false,עוגיות פקאן ללא תוספת סוכר,היינץ צפון אמריקה מק,IL,טוסו עוגיות פקאן 200,גרמים,200.00,100 גרם,false,,14.90,0.0745,true,1,2400614
7290017872193,false,עוגיות שקדים וקינמון ללא תוספת סוכר,היינץ צפון אמריקה מק,IL,טוסו עוגיות שקדים וק,גרמים,200.00,100 גרם,false,,14.90,0.0745,true,1,2400615
7290017872230,false,"פרש וואנס מגבונים,דיספנסר 100 יחידות",פרש וואנס Fresh Ones,,מגבונים פרשוואנס 100,יח',100.00,יח',false,,7.90,0.0790,true,1,2465027
7290017872278,false,טוסו חטיף קראנצ'י בטעם בוטנים וחלווה 105 גר',,,חטיף טוסו קראנצ'י בט,גרמים,140.00,100 גרם,false,,16.90,0.1207,true,1,2400642
7290017872285,false,טוסו חטיף קראנצ'י בטעם פירות יבשים 105 גר',,,חטיף טוסו קראנצ'י בט,גרמים,140.00,100 גרם,false,,16.90,0.1207,true,1,2400617
7290017872650,false,"פמלי יהלום-סבון ידיים 500מ""ל עם שמן לבנדר",המאפיה של הרמן,TR,אל סבון פמילי יהלום,מיליליטרים,500.00,"100 מ""ל",false,,9.90,0.0198,true,1,2412516
7290017872667,false,פמלי יהלום סבון ידיי,המאפיה של הרמן,TR,אל סבון פמילי יהלום,מיליליטרים,500.00,"100 מ""ל",false,,9.90,0.0198,true,1,2412517
7290017872872,false,בייביביס חטיפי דגנים אפויים לתינוקות בטעם גזר וסלק,,,חטיפי דגנים אפויים ב,גרמים,35.00,100 גרם,false,,12.90,0.3686,true,1,2507504
7290017872964,false,אדג' - מכשיר גילוח רב פעמי ידית + 3 סכינים לחות מוגברת,,,מכשיר גילוח אדג' +3,יחידה,0.00,יחידה,false,,54.90,0.0000,true,1,2520331
7290017888019,false,"משקה תפוח רימון סלק גינגיר פרות &ווג 350 מ""ל",פרוט אנד וג' Fruit & Veg,IL,משקה קל תפוח רימון ס,מיליליטרים,350.00,"100 מ""ל",false,,6.50,0.0186,true,1,2312757
7290017888026,false,"משקה אננס תפוח גזר פרות & ווג 350 מ""ל",פרוט אנד וג' Fruit & Veg,IL,משקה קל אננס תפוח גז,מיליליטרים,350.00,"100 מ""ל",false,,6.50,0.0186,true,1,2312758
7290017888033,false,"משקה בננה מלון נענע פרות &ווג 350 מ""ל",פרוט אנד וג' Fruit & Veg,IL,משקה קל בננה מלון נע,מיליליטרים,350.00,"100 מ""ל",false,,6.50,0.0186,true,1,2312759
7290017888095,false,"רביעיית פחיות שוופס מוגז עדין פירות יער 330 מ""ל.",יפאורה תבורי,IL,רביעיית פחיות שוופס,ליטרים,1.32,ליטר,false,,12.80,9.6970,true,1,2307855
7290017888101,false,"שוויפס מוגז עדין אפרסק מארז רביעייה* 330 מ""ל",יפאורה תבורי,IL,רביעיית פחיות שוופס,ליטרים,1.32,ליטר,false,,12.80,9.6970,true,1,2307856
7290017888644,false,"משקה אננס בננה כורכום פרות & ווג 350 מ""ל",פרוט אנד וג' Fruit & Veg,IL,משקה אננס בננה כורכו,מיליליטרים,350.00,"100 מ""ל",false,,6.50,0.0186,true,1,2399626
7290017888729,false,שוופס סודה בקבוק 1 ל',"יפאורה תבורי בע""מ",IL,סודה שוופס 1 ליטר,ליטרים,1.00,ליטר,false,,3.90,3.9000,true,1,2402724
7290017888972,false,מי עדן 1 ליטר פקק ספורט בודד,מופק ממקור בזלתי עדן,IL,מי עדן 1 ליטר פקק ספ,ליטרים,1.00,ליטר,false,,4.90,4.9000,true,1,2409043
7290017894072,false,אל-אקונומיקה אבקה אק,אקופרנד,IL,אבקת הלבנה אקולוגי 5,גרמים,500.00,100 גרם,false,,17.90,0.0358,true,1,2399896
7290017907215,false,קמח תמי למאפי שמרים ללא גלוטן 500 גרם,פוראטוס ישראל,IL,"קמח ""תמי"" למאפי שמרי",גרמים,500.00,100 גרם,false,,18.90,0.0378,true,1,2438597
7290017907222,false,תערובת קמח תופח לנמנעים מגלוטן,פוראטוס ישראל,IL,"קמח ""תמי"" תופח",גרמים,500.00,100 גרם,false,,18.90,0.0378,true,1,2438591
7290017907239,false,"תערובת ""תמי"" לעוגת ש",,,"תערובת ""תמי"" לעוגת ש",גרמים,450.00,100 גרם,false,,18.90,0.0420,true,1,2438598
7290017907253,false,פתיתים מאורז לנמנעים מגלוטן,פוראטוס ישראל,IL,"פתיתים ""תמי""",גרמים,300.00,100 גרם,false,,15.90,0.0530,true,1,2438600
7290017907260,false,תערובת להכנת כדורי פלאפל לנמנעים מגלוטן,פוראטוס ישראל,IL,"תערובת ""תמי"" להכנת פ",גרמים,300.00,100 גרם,false,,15.90,0.0530,true,1,2438601
7290017908991,false,כותש שום,,,כותש שום,יחידה,0.00,יחידה,false,,39.90,0.0000,true,1,2381539
7290017917283,false,מגבוני קמיל בלו ללא בישום רביעיה,,,רביעיית מגבונים קמיל,4 יח',256.00,4 יח',false,,15.90,0.0621,true,1,2381876
7290017917382,false,אל סבון היגייני לניקוי יסודי ולהרגע העור clean & calm,"ד""ר פישר Dr fischer",,קמיל אל סבון 1 ליטר,ליטרים,1.00,ליטר,false,,15.90,15.9000,true,1,2351691
7290017917405,false,מגבוני פוליאסטר מיוחדים לשימוש בשבת,,,מגבוני פוליאסטר מיוח,יח',40.00,יח',false,,9.90,0.2475,true,1,2409398
7290017917450,false,קמיל בלו סנסיטיב אל סבון ושמפו לתינוק קמומיל ואלוורה,"ד""ר פישר Dr fischer",,קמיל בלו סנסטיב אל ס,ליטרים,1.00,ליטר,false,,24.90,24.9000,true,1,2355634
7290017917467,false,קמיל בלו סנסטי בשיבולת שועל אל סבון טיפולי לתינוק,"ד""ר פישר Dr fischer",,קמיל בלו אל סבון שיב,ליטרים,1.00,ליטר,false,,24.90,24.9000,true,1,2355635
7290017917566,false,"ד""ר פישר - שמפו סילבר ללא מלחים 400 מ""ל",,,שמפו לשיער כסוף,מיליליטרים,300.00,"100 מ""ל",false,,29.90,0.0997,true,1,2384080
7290017917580,false,אולטרסול ספקטרום קרם,,,אולטרסול ספקטרום קרם,מיליליטרים,50.00,"100 מ""ל",false,,59.90,1.1980,true,1,2397861
7290017917597,false,אולטרסול ספקטרום תחל,,,אולטרסול ספקטרום תחל,מיליליטרים,200.00,"100 מ""ל",false,,59.90,0.2995,true,1,2397862
7290017917757,false,"ד""ר פישר EFFECTIVE CARE קרם גוף בשמן כותנה 450 מ""ל",,,קרם גוף מועשר בשמן כ,מיליליטרים,450.00,"100 מ""ל",false,,21.90,0.0487,true,1,2409392
7290017917764,false,"ד""ר פישר - אפקטיב קר קרם גוף מועשר בשמן ארגן 450 מ""ל",,,קרם גוף מועשר בשמן א,מיליליטרים,450.00,"100 מ""ל",false,,21.90,0.0487,true,1,2409399
7290017925554,false,בירה באדוויזר חמישה,,,בירה באדוויזר חמישה,ליטרים,1.65,ליטר,false,,26.90,16.3030,true,1,2462281
7290017925837,false,מארז הנדריקס + 2 טונ,,,מארז הנדריקס + 2 טונ,מיליליטרים,700.00,"100 מ""ל",false,,149.00,0.2129,true,1,2529090
7290017928036,false,מאיר בייגל מקלות גריסיני שומשום 175 ג',מאיר בייגל,,בייגל מקלות גריסיני,גרמים,175.00,100 גרם,false,,9.90,0.0566,true,1,2382263
7290017928043,false,מאיר בייגל גריסיני קראנץ' מלח 175 ג',מאיר בייגל,,בייגל גריסיני קראנץ,גרמים,175.00,100 גרם,false,,9.90,0.0566,true,1,2382264
7290017928098,false,מאיר בייגל שטוחלה מלח 330 גר',מאיר בייגל,IL,בייגל שטוחלה מלח 330,גרמים,300.00,100 גרם,false,,9.90,0.0330,true,1,2485794
7290017928128,false,מאיר בייגל מקלות עם מלח 400 ג,,,בייגל ה מקלות 400 גר,גרמים,400.00,100 גרם,false,,9.90,0.0248,true,1,2539505
7290017928210,false,מאיר בייגל בייגלה גדול שומשום 300 גר',מאיר בייגל,,בייגלה גדול שומשום 2,גרמים,250.00,100 גרם,false,,9.90,0.0396,true,1,2382250
7290017928432,false,מאיר בייגל גריסיני קראנץ פרג 175 גר',מאיר בייגל,,בייגל גריסיני קראנץ,גרמים,175.00,100 גרם,false,,9.90,0.0566,true,1,2382267
7290017928449,false,בייגלה שטוחל'ה PRO עם מלח עשיר בחלבון,מאיר בייגל,,בייגל שטוחלה פרו מלח,גרמים,170.00,100 גרם,false,,9.90,0.0582,true,1,2382252
7290017928463,false,סמאש- שבורים בטעם דבש חרדל ובצל 300גרם,מאיר בייגל,,בייגל סמאש שבורים בט,גרמים,300.00,100 גרם,false,,10.90,0.0363,true,1,2488512
7290017928524,false,בייגלה שטוח ניגובים מלח 330 ג' מאיר בייגל,מאיר בייגל,IL,בייגל שטוחלה ניגובים,גרמים,330.00,100 גרם,false,,9.90,0.0300,true,1,2486175
7290017928609,false,בייגלה טבעות עם שומשום 300גרם- .חדש,מאיר בייגל,,בייגלה טבעות שומשום,גרמים,300.00,100 גרם,false,,9.90,0.0330,true,1,2382253
7290017928616,false,מאיר בייגל שטוחהלה שומשום 300 גר',מאיר בייגל,,בייגל שטוחלה שומשום,גרמים,300.00,100 גרם,false,,9.90,0.0330,true,1,2382268
7290017928661,false,סמאש שבורים בטעם צ'דר ובצל 300 גרם,מאיר בייגל,,בייגל סמאש שבורים בט,גרמים,300.00,100 גרם,false,,12.90,0.0430,true,1,2488513
7290017928685,false,בייגלה שמיניות עם מלח 400גרם -חדש,מאיר בייגל,IL,בייגלה שמיניות מלח 4,גרמים,400.00,100 גרם,false,,9.90,0.0248,true,1,2485788
7290017928807,false,בייגלה אצבעות עם שומשום 300גרם - חדש,מאיר בייגל,,בייגלה אצבעות שומשום,גרמים,300.00,100 גרם,false,,9.90,0.0330,true,1,2382254
7290017946399,false,"מרכך כביסה מרוכז ארומתרפי אדום 900 מ""ל סוד",הנקל סוד,IL,סוד מרכך כביסה מרוכז,מיליליטרים,900.00,"100 מ""ל",false,,11.90,0.0132,true,1,2495362
7290017946764,false,מנקה מכונת כביסה 150 ג',הנקל Henkel,,מנקה מכונת כביסה,יח',2.00,יח',false,,14.90,7.4500,true,1,2431403
7290017946979,false,ג'ל מרוכז לכביסה מנטרל ריחות 2.4 ל' פרסיל,פרסיל Persil,,פרסיל ג'ל פרמיום 2.4,ליטרים,2.40,ליטר,false,,29.90,12.4583,true,1,2437256
7290017962023,false,גרנולה מייפל תמר פקא,דני וגלית בעמ,IL,גרנולה מייפל תמר פקא,גרמים,330.00,100 גרם,false,,19.90,0.0603,true,1,2370055
7290017993454,false,מחית וניל,,,מחית וניל,גרמים,60.00,100 גרם,false,,79.90,1.3317,true,1,2495737
7290018043189,false,פראוד - חטיף חלבון בטעם קשיו קרמל 60 גרם,מרס נדרלנד,NL,חטיף פרוטאין קשיו מק,גרמים,60.00,100 גרם,false,,10.90,0.1817,true,1,2434470
7290018043196,false,פראוד - חטיף חלבון בטעם שוקולד לבן עוגיות 60 גרם,הרת'סייד פוד סולושיי,NL,חטיף פרוטאין עוגיות,גרמים,60.00,100 גרם,false,,10.90,0.1817,true,1,2434471
7290018043295,false,חטיף חלבון בטעם ונילה קראנץ',הרת'סייד פוד סולושיי,NL,חטיף פרוטאין קראנץ',גרמים,60.00,100 גרם,false,,10.90,0.1817,true,1,2434472
7290018043844,false,חטיף חלבון בוטנים קרמל קראנץ 60 ג' פראוד,פראוד PROUD,NL,חטיף פרוטאין בוטנים,גרמים,60.00,100 גרם,false,,10.90,0.1817,true,1,2518475
7290018045084,false,דגנים במילוי קרם בטעם בראוניז 480 ג' BON & BON,,DE,דגנים במילוי קרם בטע,גרמים,480.00,100 גרם,false,,23.90,0.0498,true,1,2496621
7290018045312,false,זוג ספוגים לניקוי סק,,,ספוג ניקוי סקראב דד,יחידה,0.00,יחידה,false,,17.90,0.0000,true,1,2542348
7290018045497,false,דגנים במילוי קרם שוקולד 480 ג' BON & BON,מונדיי Monday,,דגנים במילוי קרם שוק,גרמים,480.00,100 גרם,false,,23.90,0.0498,true,1,2496608
7290018045503,false,דגני בוקר הלו קיטי לבבות 311 גרם,נורדגטריידה,DE,דגני בוקר הלו קיטי ל,גרמים,311.00,100 גרם,false,,23.90,0.0768,true,1,2547381
7290018045695,false,דגנים במילוי קרם קרמל מלוח 480 ג' BON & BON,מונדיי Monday,DE,דגנים במילוי קרם קרמ,גרמים,480.00,100 גרם,false,,23.90,0.0498,true,1,2496609
7290018045893,false,דגנים במילוי קרם נוגט 480ג' BON & BON,מונדיי Monday,DE,דגנים במילוי קרם נוג,גרמים,480.00,100 גרם,false,,23.90,0.0498,true,1,2496610
7290018071205,false,כפפות ניטרו כחולות אלסטיות S 100יח',איזיטאצ,CN,כפפות ויניל ללא אבקה,יח',100.00,יח',false,,29.90,0.2990,true,1,2487746
7290018071212,false,כפפות ניטרו כחולות אלסטיות M ללא אבקה 100יח',איזיטאצ,CN,כפפות ויניל ללא אבקה,יח',100.00,יח',false,,29.90,0.2990,true,1,2487747
7290018071229,false,כפפות ניטרו כחולות אלסטיות L ללא אבקה 100יח',איזיטאצ,CN,כפפות ויניל ללא אבקה,יח',100.00,יח',false,,29.90,0.2990,true,1,2487748
7290018071236,false,כפפות ניטרו כחולות אלסטיות XL ללא אבקה 100יח',איזיטאצ,CN,כפפות ויניל ללא אבקה,יח',100.00,יח',false,,29.90,0.2990,true,1,2487749
7290018075883,false,"סכין משוננת 10 ס""מ",,,"סכין משוננת 10 ס""מ",יחידה,0.00,יחידה,false,,12.90,0.0000,true,1,2432853
7290018075906,false,"סכין משוננת 10 ס""מ",,,"סכין משוננת 10 ס""מ",יחידה,0.00,יחידה,false,,12.90,0.0000,true,1,2432855
7290018075913,false,"סכין משוננת 10 ס""מ",,,"סכין משוננת 10 ס""מ",יחידה,0.00,יחידה,false,,12.90,0.0000,true,1,2432856
7290018075937,false,"סכן משוננת 11 ס""מ פר",,,"סכן משוננת 11 ס""מ פר",יחידה,0.00,יחידה,false,,12.90,0.0000,true,1,2432858
7290018075975,false,"סכין משוננת 10 ס""מ",,,"סכין משוננת 10 ס""מ",יחידה,0.00,יחידה,false,,12.90,0.0000,true,1,2432862
7290018076200,false,מייסן קערית פרחי יפן,,,מייסן קערית פרחי יפן,יחידה,0.00,יחידה,false,,9.90,0.0000,true,1,2397525
7290018076217,false,מייסן כלי לרוטב פרחי,,,מייסן כלי לרוטב פרחי,יחידה,0.00,יחידה,false,,9.90,0.0000,true,1,2397526
7290018076231,false,מייסן קערית 10.5סמ פ,,,מייסן קערית 10.5סמ פ,יחידה,0.00,יחידה,false,,12.90,0.0000,true,1,2397528
7290018076972,false,קולפן Y להב חלק דו צ,,,קולפן Y להב חלק דו צ,יחידה,0.00,יחידה,false,,16.90,0.0000,true,1,2531187
7290018076989,false,קולפן Y להב חלק דו צ,,,קולפן Y להב חלק דו צ,יחידה,0.00,יחידה,false,,25.90,0.0000,true,1,2531188
7290018091029,false,מקלות פילו תפוחי אדמה מעדנות 450 ג',"מעדנות בע""מ",IL,"מקלות פילו תפו""א מעד",גרמים,450.00,100 גרם,false,,16.90,0.0376,true,1,2398289
7290018091074,false,בצק עוגיות שוקולד צ'יפס 300ג' מעדנות,מעדנות,,בצק עוגיות שוקולד צ',גרמים,300.00,100 גרם,false,,19.90,0.0663,true,1,2529104
7290018091470,false,גלילת ביסקוויטים בטעם שוקולד 300ג',מעדנות,IL,גלילת ביסקוויטים בטע,גרמים,300.00,100 גרם,false,,19.90,0.0663,true,1,2529106
7290018091616,false,מקלות פילו גבינה מעדנות 450 ג',מיוצר עי קונדיטוריית,IL,מקלות פילו גבינה מעד,גרמים,450.00,100 גרם,false,,16.90,0.0376,true,1,2398291
7290018091661,false,פיצה ירקות שוק 380 ג' מעדנות,"מעדנות בע""מ",IL,פיצה שוק,גרמים,330.00,100 גרם,false,,19.90,0.0603,true,1,2491163
7290018091838,false,חטיפי פילאס גבינה מעדנות 600ג',מעדנות,,חטיפי פילאס גבינה מע,גרמים,600.00,100 גרם,false,,21.90,0.0365,true,1,2517721
7290018091876,false,"מאפה פילו גבינה, 320 גרם מעדנות","מעדנות בע""מ",IL,מאפה פילו גבינה מעדנ,גרמים,320.00,100 גרם,false,,18.90,0.0591,true,1,2517722
7290018098486,false,פיצה טבעונית משפחתית מרגריטה 350 גרם MILK FREE,נטורל קייקס,IL,פיצה משפחתית מרגריטה,גרמים,350.00,100 גרם,false,,21.90,0.0626,true,1,2527080
7290018098493,false,פיצה טבעונית משפחתית זיתים 350 גרם MILK FREE,נטורל קייקס,IL,פיצה משפחתית זיתים 3,גרמים,350.00,100 גרם,false,,21.90,0.0626,true,1,2527071
7290018098585,false,קציצות 300גרם ביף פ,,,קציצות 300 גרם BEEF,גרמים,300.00,100 גרם,false,,21.90,0.0730,true,1,2527073
7290018098592,false,שווארמה 300 גרם ביף,,,שווארמה 300 גרם BEEF,גרמים,300.00,100 גרם,false,,21.90,0.0730,true,1,2527074
7290018131756,false,מאגדת וניל מצופה תות נסטלה 8*55 ג',גלידות נסטלה,IL,מאגדת שלגוניםוניל מצ,גרמים,470.00,100 גרם,false,,27.90,0.0594,true,1,2440772
7290018131879,false,אקסטרים טילון ריבת חלב בדצ 6*72 גר',גלידות נסטלה (נגה גל,IL,גלידת טילון אקסטרים,גרמים,432.00,100 גרם,false,,32.90,0.0762,true,1,2455977
7290018131954,false,קרחון שרבט פרווה לה פרוטה תות שדה ושוקולד מריר,גלידות נסטלה Nestle,IL,מאגדת לה פרוטה שוקול,גרמים,350.00,100 גרם,false,,29.90,0.0854,true,1,2440766
7290018132340,false,מטרנה גולד שלב אחד 700גרם,,,מטרנה גולד שלב 1 700,גרמים,700.00,100 גרם,false,,74.90,0.1070,true,1,2529398
7290018132388,false,מטרנה גולד שלב 2 תרכובת מזון על בסיס חלבי,מטרנה,,מטרנה גולד שלב 2 700,גרמים,700.00,100 גרם,false,,74.90,0.1070,true,1,2529399
7290018132425,false,מטרנה גולד שלב 3 תרכובת מזון על בסיס חלבי,מטרנה,,מטרנה גולד שלב 3 700,גרמים,700.00,100 גרם,false,,74.90,0.1070,true,1,2529400
7290018156483,false,סרקל שמפו קיץ מסייע בטיפול בנזקי הקיץ והכלור,"ד""ר פישר Dr fischer",,"סרקל קיץ שמפו 750 מ""",מיליליטרים,750.00,"100 מ""ל",false,,24.90,0.0332,true,1,2409400
7290018156513,false,"ד""ר פישר - אלכוג'ל מגבונים היגיינים לידיים 40 יח'",,,אלכוגי'ל וויפס מגבונ,10 יח',40.00,10 יח',false,,29.90,0.7475,true,1,2397176
7290018165010,false,"יין ברקן רזרב גולד גוורצטרמינר 750 מ""ל",יקבי ברקן שיווק והפצ,IL,יין רזרב גולד גוורצט,מיליליטרים,750.00,"100 מ""ל",false,,59.90,0.0799,true,1,2383159
7290018165447,false,"יין רזרב גולד מרלו 750 מ""ל",יקבי ברקן שיווק והפצ,IL,יין רזרב גולד מרלו 7,מיליליטרים,750.00,"100 מ""ל",false,,59.90,0.0799,true,1,2432684
7290018195048,false,"חתיכות אננס בסירופ קל טעמן, 850 גרם",פ.ת גרייט פנאפל,TH,חתיכות אננס בסירופ ק,גרמים,850.00,100 גרם,false,,10.90,0.0128,true,1,2521961
7290018195086,false,חלב מרוכז טעמן 340 גרם,,,חלב מרוכז 340גר',גרמים,340.00,100 גרם,false,,12.90,0.0379,true,1,2544681
7290018195178,false,שוקולד מריר 62% קקאו 100 גר' טעמן,אס.קיי ראיס אינטרנשי,PL,שוקולד מריר 62% 100,גרמים,100.00,100 גרם,false,,5.90,0.0590,true,1,2521979
7290018195512,false,תבשיל אורז אושפלו 250 גרם,,,ארוחת אורז בסגנון מק,יחידה,0.00,יחידה,false,,9.90,0.0000,true,1,2544682
7290018195529,false,תבשיל אורז מג'דרה 250 גרם,,,ארוחת אורז מג'דרה,יחידה,0.00,יחידה,false,,9.90,0.0000,true,1,2544683
7290018195536,false,תבשיל אורז בסיגנון איטלקי 250 גרם,,,ארוחת אורז בסגנון אי,יחידה,0.00,יחידה,false,,9.90,0.0000,true,1,2544684
7290018195543,false,תבשיל אורז בסגנון מקסיקני 250 גרם,,,ארוחת אורז שעועית אד,יחידה,0.00,יחידה,false,,9.90,0.0000,true,1,2544685
7290018198056,false,"קוביות תפוחי אדמה תפוגן 1.5 ק""ג",עיצובים 2020 (4.5),,תפוגן קוביות תפוח אד,קילוגרמים,1.50,"ק""ג",false,,22.90,15.2667,true,1,2405883
7290018198148,false,"תפוגן קריספי צ'יפס קלאסי 1.25 ק""ג",עיצובים 2020 (4.5),,תפוגן קריספי ציפס קל,קילוגרמים,1.25,"ק""ג",false,,22.90,18.3200,true,1,2455986
7290018198209,false,תפוגן ציפס בטטה קראנ,"תעשיות תפוגן בע""מ",IL,תפוגן צ'יפס בטטה קרא,גרמים,500.00,100 גרם,false,,17.90,0.0358,true,1,2432639
7290018198254,false,"תפוגן קריספי צ'יפס פוטטוס 1.25 ק""ג",עיצובים 2020 (4.5),,תפוגן קריספי ציפס פו,קילוגרמים,1.25,"ק""ג",false,,22.90,18.3200,true,1,2455987
7290018213476,false,כף אשפה מתקפל GLOW (,,,יעה מתקפל .,יחידה,0.00,יחידה,false,,17.90,0.0000,true,1,2521419
7290018228265,false,"מגב לרצפה 40 ס""מ",,,"מגב לרצפה 40 ס""מ",יחידה,0.00,יחידה,false,,9.90,0.0000,true,1,2456336
7290018228463,false,מקל למטאטא/מגב 1.3 מ,,,מקל למטאטא/מגב 1.3 מ,יחידה,0.00,יחידה,false,,4.90,0.0000,true,1,2456338
7290018228586,false,מפיץ ריח מיוחד,,,מפיץ ריח מיוחד,יחידה,0.00,יחידה,false,,29.90,0.0000,true,1,2494806
7290018228654,false,מטאטא טי,,,מטאטא טי,יחידה,0.00,יחידה,false,,12.90,0.0000,true,1,2456339
7290018228869,false,יעה+מקל,,,יעה+מקל,יחידה,0.00,יחידה,false,,14.90,0.0000,true,1,2456341
7290018236635,false,צ'ונגו פופקורן מצופה עוף טוב 600 גר',מוצרי עוף טוב (2001),IL,עוף טוב צונגו פופקור,גרמים,600.00,100 גרם,false,,34.90,0.0582,true,1,2435703
7290018236659,false,צ'ונגו פופקורן ציפוי מתובל עוף טוב 600 גר',מולינו ניקולי s.p.a,IL,עוף טוב צונגו פופקור,גרמים,600.00,100 גרם,false,,34.90,0.0582,true,1,2435704
7290018237373,false,פסטרמה צרובה על הגריל נתח שלם עוף טוב 300 ג',עיצובים 2020 (4.9),IL,עוף טוב פסטרמה צרובה,גרמים,300.00,100 גרם,false,,27.90,0.0930,true,1,2470612
7290018237410,false,עוף טוב פסטרמה במעשנה נתח שלם 300 גר',מולינו ניקולי s.p.a,IL,עוף טוב פסטרמה במעשנ,גרמים,300.00,100 גרם,false,,27.90,0.0930,true,1,2470614
7290018237489,false,פסטרמה ברביקיו דק-דק 220 גרם,עיצובים 2020 (4.9),IL,עוף טוב דק דק פסטרמה,גרמים,220.00,100 גרם,false,,16.90,0.0768,true,1,2491071
7290018237496,false,פסטרמה בדבש דקדק 220 גר,עיצובים 2020 (4.9),IL,עוף טוב דק דק פסטרמה,גרמים,220.00,100 גרם,false,,16.90,0.0768,true,1,2491072
7290018237502,false,עוף טוב דק דק כתף בקר 200 גר',עיצובים 2020 (4.9),IL,עוף טוב דק דק כתף בק,גרמים,200.00,100 גרם,false,,16.90,0.0845,true,1,2491065
7290018237731,false,פסטרמות ברביקיו ומעושנת 2*300גרם,עוף טוב,IL,עוף טוב זוג פסטר.ברב,גרמים,600.00,100 גרם,false,,26.90,0.0448,true,1,2503093
7290018237922,false,שניצלונים ציפוי ציפס עוף טוב 700 גר',עיצובים 2020 (4.9),IL,שניצלונים ציפוי צ'יפ,גרמים,700.00,100 גרם,false,,19.90,0.0284,true,1,2509846
7290018237939,false,שניצלונים ציפוי שומשום עוף טוב 700 גר',עיצובים 2020 (4.9),IL,שניצלונים ציפוי שומש,גרמים,700.00,100 גרם,false,,19.90,0.0284,true,1,2509847
7290018237960,false,עוף טוב כתף בקר עסיסי 265גרם,עיצובים 2020 (4.9),,עוף טוב כתף בקר עסיס,גרמים,320.00,100 גרם,false,,24.90,0.0778,true,1,2521217
7290018241141,false,עציץ סחלב מלאכותי,אליס אריזות,,עציץ סחלב,יחידה,0.00,יחידה,false,,69.90,0.0000,true,1,2399650
7290018249123,false,אינסטנט פודינג סוויטאנגו בטעם וניל,מתבל תעשיות מזון,IL,פודינג וניל סוויטאנג,גרמים,50.00,100 גרם,false,,11.90,0.2380,true,1,2438722
7290018249154,false,ממרח שוקולד עם אגוזי,,,ממרח קקאו אגוזי לוז,גרמים,350.00,100 גרם,false,,32.90,0.0940,true,1,2539069
7290018249222,false,ממתיק סוויטנגו אבקה 100 ג',סוויטאנגו Sweetango,,אבקת ממתיק סוויטאנגו,גרמים,100.00,100 גרם,false,,14.90,0.1490,true,1,2438723
7290018249550,false,אינסטנט פודינג בטעם שוקולד 55 ג',מתבל תעשיות מזון,IL,פודינג שוקולדסוויטאנ,גרמים,50.00,100 גרם,false,,11.90,0.2380,true,1,2509591
7290018249727,false,אבקת סוכר סוויטנגו,,,אבקת סוכר סוויטנגו,גרמים,350.00,100 גרם,false,,39.90,0.1140,true,1,2547041
7290018249802,false,ממתיק סוויטאנגו צנצנת 280 גרם,סוויטאנגו Sweetango,IL,ממתיק סוויטאנגו צנצנ,גרמים,280.00,100 גרם,false,,26.90,0.0961,true,1,2438714
7290018249994,false,סוויטאנגו תחליף סוכר ממתיק 700 גר',מתבל תעשיות מזון,IL,ממתיק סוויטאנגו צנצנ,גרמים,700.00,100 גרם,false,,56.90,0.0813,true,1,2438715
7290018276150,false,שקית אישית פיור וואי,,,שקית אישית פיור וואי,גרמים,33.00,100 גרם,false,,5.90,0.1788,true,1,2430946
7290018276167,false,שקית אישית פיור וואי,,,שקית אישית פיור וואי,גרמים,33.00,100 גרם,false,,5.90,0.1788,true,1,2430947
7290018276174,false,שקית אישית פיור וואי,,,שקית אישית פיור וואי,גרמים,33.00,100 גרם,false,,5.90,0.1788,true,1,2430948
7290018282441,false,ג'ל 70% אלכוהול מועשר באלוורה,ויש Vish,,ג'ל לניקוי ידיים 500,מיליליטרים,500.00,"100 מ""ל",false,,14.90,0.0298,true,1,2410872
7290018294192,false,"יין בלנד היינן אדום יבש 750 מ""ל p.c",קריות זול,IL,יין בלנד היינן,מיליליטרים,750.00,"100 מ""ל",false,,38.90,0.0519,true,1,2494440
7290018294208,false,"סלקטד אדום יין ישראלי, 750 מ""ל","כד בני דרום בע""מ",IL,יין אדום יבש סלקטד,מיליליטרים,750.00,"100 מ""ל",false,,29.90,0.0399,true,1,2469090
7290018294314,false,מארז מחייה זוגי + 2,,,מארז מחייה זוגי + 2,ליטרים,1400.00,100 ליטר,false,,99.90,0.0714,true,1,2529162
7290018294352,false,"ארק יקבי כרמל 700 מ""",יקבי כרמל Carmel Winery,IL,ארק כרמל,מיליליטרים,700.00,"100 מ""ל",false,,54.90,0.0784,true,1,2495111
7290018294895,false,"יין מונלייט לבן חצי מתוק 750 מ""ל",יקבי כרמל Carmel Winery,IL,יין מונלייט לבן חצי,מיליליטרים,750.00,"100 מ""ל",false,,28.90,0.0385,true,1,2527091
7290018294901,false,מונלייט אדום יבש 750 מל',יקבי כרמל Carmel Winery,IL,יין מונלייט אדום יבש,מיליליטרים,750.00,"100 מ""ל",false,,28.90,0.0385,true,1,2527092
7290018294918,false,מונלייט מוסקטו רוזה מתוק מבעבע 750מל,יקבי כרמל Carmel Winery,IL,יין מונלייט מוסקטו ו,מיליליטרים,750.00,"100 מ""ל",false,,28.90,0.0385,true,1,2527093
7290018311264,false,"סכין משוננת 10 ס""מ",,,"סכין משוננת 10 ס""מ",יחידה,0.00,יחידה,false,,12.90,0.0000,true,1,2432864
7290018311301,false,"סכן משוננת 11 ס""מ פר",,,"סכן משוננת 11 ס""מ פר",יחידה,0.00,יחידה,false,,12.90,0.0000,true,1,2432868
7290018311318,false,"סכן משוננת 11 ס""מ פר",,,"סכן משוננת 11 ס""מ פר",יחידה,0.00,יחידה,false,,12.90,0.0000,true,1,2432869
7290018311325,false,"סכן משוננת 11 ס""מ פר",,,"סכן משוננת 11 ס""מ פר",יחידה,0.00,יחידה,false,,12.90,0.0000,true,1,2432870
7290018311332,false,"סכין משוננת 10 ס""מ",,,"סכין משוננת 10 ס""מ",יחידה,0.00,יחידה,false,,12.90,0.0000,true,1,2432871
7290018311370,false,"סכין משוננת 10 ס""מ",,,"סכין משוננת 10 ס""מ",יחידה,0.00,יחידה,false,,12.90,0.0000,true,1,2432874
7290018312025,false,מאג ניו בון ציינה,,,מאג ניו בון ציינה,יחידה,0.00,יחידה,false,,14.90,0.0000,true,1,2424459
7290018313008,false,"סכין משוננת 10 ס""מ",,,"סכין משוננת 10 ס""מ",יחידה,0.00,יחידה,false,,12.90,0.0000,true,1,2432875
7290018313084,false,"סכין סנטוקו 13 ס""מ א",,,"סכין סנטוקו 13 ס""מ א",יחידה,0.00,יחידה,false,,44.90,0.0000,true,1,2449037
7290018333082,false,אגו מיקס קורנפלקס מצופה ש.חלב 55 גר' 24 בקר' בדצ,כרמית,IL,אגו מיקס קורנפלקס,גרמים,55.00,100 גרם,false,,3.90,0.0709,true,1,2413736
7290018333945,false,חטיף אגוזים רפאלס שקד ווניל בדצ 150 גר *12יח,רפאלס,IL,חטיף אגוזים רפאלס שק,גרמים,150.00,100 גרם,false,,14.90,0.0993,true,1,2466474
7290018333952,false,חטיף אגוזים רפאלס וחמוציות בדצ 150 גר *12יח,רפאלס,IL,חטיף אגוזים רפאלס חמ,גרמים,150.00,100 גרם,false,,14.90,0.0993,true,1,2466475
7290018333969,false,חטיף גרנולה רפאלס שקדים וטחינה בדצ 150 גר *12יח,רפאלס,IL,חטיף גרנולה רפאלס שק,גרמים,150.00,100 גרם,false,,14.90,0.0993,true,1,2466476
7290018333976,false,חטיף גרנולה רפאלס קשיו וקוקוס בדצ 150 גר *12יח,רפאלס,,חטיף גרנולה רפאלס קש,גרמים,150.00,100 גרם,false,,14.90,0.0993,true,1,2466477
7290018339077,false,ריקו טורטליני עוף 100% חיטת דורום,פסטה ריקו Pasta Ricco,,טורטליני עוף 300 גרם,גרמים,300.00,100 גרם,false,,29.90,0.0997,true,1,2544584
7290018339084,false,ריקו טורטליני ראגו 100% חיטת דורום,פסטה ריקו Pasta Ricco,,טורטליני ראגו מכסה א,גרמים,300.00,100 גרם,false,,29.90,0.0997,true,1,2544585
7290018339091,false,ריקו אניולוטי ראגו 100% חיטת דורום,פסטה ריקו Pasta Ricco,,אניולוטי ראגו מכסה א,גרמים,300.00,100 גרם,false,,29.90,0.0997,true,1,2544586
7290018343296,false,"ד""ר פישר אלכו-ג'ל 100 מ""ל",,,"אלכוג'ל 100 מ""ל",מיליליטרים,100.00,"100 מ""ל",false,,9.90,0.0990,true,1,2399214
7290018343319,false,"ד""ר פישר שמפו לשיער מתולתל -400 מ""ל PERFECT CURLS",,,שמפו לשיער מתולתל פר,מיליליטרים,400.00,"100 מ""ל",false,,24.90,0.0622,true,1,2435131
7290018343326,false,"ד""ר פישר מרכך לשיער מתולתל -400 מ""ל PERFECT CURLS",,,מרכך לשיער מתולתל פר,מיליליטרים,400.00,"100 מ""ל",false,,24.90,0.0622,true,1,2435132
7290018343333,false,"ד""ר פישר - פרפקט קרלס מסכת הזנה לשיער מתולתל 300 מ""ל",,,מסכת הזנה לשיער מתול,מיליליטרים,300.00,"100 מ""ל",false,,29.90,0.0997,true,1,2435284
7290018343340,false,"ד""ר פישר - שמפו משקם לאחר החלקה ללא תוספת מלח 400 מ""ל",,,שמפו משקם לאחר החלקה,מיליליטרים,400.00,"100 מ""ל",false,,29.90,0.0747,true,1,2435285
7290018343357,false,"ד""ר פישר SMOOTH & REPAIR מרכך משקם לאחר החלקה או עיצוב בחום",,,מרכך משקם לאחר החלקה,מיליליטרים,400.00,"100 מ""ל",false,,29.90,0.0747,true,1,2435286
7290018343630,false,קרם גוף מועשר בחמאת,,,קרם גוף מועשר בחמאת,מיליליטרים,450.00,"100 מ""ל",false,,21.90,0.0487,true,1,2435299
7290018359457,false,קראנצ' בננה טבעי יכין 19 גר',,,חטיף קראנצ'י בננה טב,גרמים,19.00,100 גרם,false,,9.90,0.5211,true,1,2488570
7290018359464,false,קראנצ' תירס טבעי יכין 27 גר',,,חטיף קראנצ'י תירס טב,גרמים,27.00,100 גרם,false,,9.90,0.3667,true,1,2488571
7290018359471,false,קראנצ' תפוחים טבעי יכין 18גר',,,חטיף קראנצ'י תפוחים,גרמים,18.00,100 גרם,false,,9.90,0.5500,true,1,2488572
7290018359488,false,חטיף קראנצ'י דובדבן,,,חטיף קראנצ'י דובדבן,גרמים,21.00,100 גרם,false,,9.90,0.4714,true,1,2488563
7290018359495,false,תירס מהשדה בלי תוספת סוכר יכין 550 גר',היינץ צפון אמריקה מק,IL,תירס השדה בלי תוספת,גרמים,550.00,100 גרם,false,,8.90,0.0162,true,1,2422254
7290018359716,false,רוטב פיצה טוסקנה יכין 240 גר',"זנלכל בע""מ",IL,רוטב פיצה טוסקנה 240,גרמים,240.00,100 גרם,false,,5.50,0.0229,true,1,2450283
7290018359884,false,פולפה ליקופן טבעית 400*2ג,,,שימורי עגבניות פולפה,גרמים,800.00,100 גרם,false,,16.90,0.0211,true,1,2499485
7290018380260,false,מזון לכלב עם כבד 415 ג' BUDDY,Effeffe pet food,,מזון לכלב עם כבד,גרמים,400.00,100 גרם,false,,3.90,0.0097,true,1,2440366
7290018380284,false,שימורי מזון מלא לחתולים עם בקר,Effeffe pet food,,מזון לחתול עם בקר,גרמים,415.00,100 גרם,false,,3.90,0.0094,true,1,2429873
7290018380307,false,שימורי מזון מלא לחתולים עם כבד,באדי Buddy,,מזון לחתול עם בשר כב,גרמים,415.00,100 גרם,false,,3.90,0.0094,true,1,2429875
7290018380321,false,שימורי מזון מלא לחתולים עם בשר אייל,Effeffe pet food,,מזון לחתול עם בשר צי,גרמים,415.00,100 גרם,false,,3.90,0.0094,true,1,2429877
7290018380628,false,צלפים שלמים עם גבעול,,,צלפים שלמים עם גבעול,גרמים,370.00,100 גרם,false,,8.90,0.0241,true,1,2517887
7290018400036,false,ירקות מוקפאים מעורבי,סנפרוסט,IL,חגיגת טעמים כתומים 8,גרמים,800.00,100 גרם,false,,24.90,0.0311,true,1,2462579
7290018400234,false,חומוס לחומוס סנפרוסט,סנפרוסט,IL,חומוס לחומוס גרגירי,גרמים,800.00,100 גרם,false,,19.90,0.0249,true,1,2443421
7290018400456,false,סמוטיז עם פיטאיה 300,,,סמוטיז עם פיטאיה,גרמים,300.00,100 גרם,false,,12.90,0.0430,true,1,2518164
7290018400470,false,כרישה חתוכה קפואה סנ,,,כרישה חתוכה מוקפאת,גרמים,600.00,100 גרם,false,,16.90,0.0282,true,1,2537227
7290018400609,false,פיאסטה מקסיקנית 800 ג' סנפרוסט,סנפרוסט,,לקט ירקות פיאסטה מקס,גרמים,800.00,100 גרם,false,,21.90,0.0274,true,1,2427645
7290018400647,false,תערובת של בננה ותמר,"סנפרוסט בע""מ",IL,בננה תמר מוקפא,גרמים,300.00,100 גרם,false,,12.90,0.0430,true,1,2457200
7290018400661,false,לקט פאייה בסגנון ספרדי סנפרוסט 800 ג',"סנפרוסט בע""מ",IL,לקט פאייה בסגנון ספר,גרמים,800.00,100 גרם,false,,21.90,0.0274,true,1,2472484
7290018400807,false,טברנה יוונית סנפרוסט,סנפרוסט,,לקט ירקות טברנה יוונ,גרמים,800.00,100 גרם,false,,21.90,0.0274,true,1,2427646
7290018440070,false,תרכיז עגבניות בשפורפרת 28BX בלה איטליה 200 ג',בלה איטליה Bella Italia,IT,תרכיז עגבניות בשפורפ,גרמים,200.00,100 גרם,false,,7.90,0.0395,true,1,2433461
7290018440193,false,בייגלה בציפוי קרם בטעם חמאת בוטנים פליפז 140 גר',שוורצקוף& הנקל דיסלד,TR,בייגלה מצופה קרם בטע,גרמים,140.00,100 גרם,false,,8.90,0.0636,true,1,2436777
7290018440209,false,בייגלה בציפוי פאדג' לבן פליפז 140 גר',שוורצקוף& הנקל דיסלד,TR,בייגלה בציפוי פאדג',גרמים,140.00,100 גרם,false,,8.90,0.0636,true,1,2436778
7290018440223,false,חווית הצ'אי- מסאלה עוצמתי,קריות זול,IL,צאי מסאלה,גרמים,50.00,100 גרם,false,,17.90,0.3580,true,1,2488795
7290018440230,false,צ'אי ורדים 25 שק' ויסוצקי,קריות זול,IL,צאי מסאלה,גרמים,50.00,100 גרם,false,,17.90,0.3580,true,1,2488796
7290018440247,false,צ'אי שקדים 25 שק' ויסוצקי,קריות זול,IL,צאי מסאלה,גרמים,50.00,100 גרם,false,,17.90,0.3580,true,1,2488797
7290018440254,false,צ'אי קרמל מלוח 25 שק' ויסוצקי,קריות זול,IL,צאי מסאלה,גרמים,50.00,100 גרם,false,,17.90,0.3580,true,1,2488798
7290018440391,false,תה ירוק מאטה נענע גוארנה 25 שק' ויסוצקי,ויסוצקי,IL,תה ירוק מאטה נענע גו,גרמים,37.50,100 גרם,false,,22.90,0.6107,true,1,2487577
7290018440407,false,תה ירוק מאטה קקאו לוז 25 שק' ויסוצקי,ויסוצקי,IL,תה ירוק מאטה קקאו לו,גרמים,37.50,100 גרם,false,,22.90,0.6107,true,1,2487578
7290018440438,false,טונה בשמן זית פתיחה קלה 3 * 65 גר,,,טונה EASY FLIP בשמן,יחידה,0.00,יחידה,false,,22.90,0.0000,true,1,2531409
7290018440445,false,נתחי טונה בהירה בשמן,,,טונה בשמן זית 160 גר,יחידה,0.00,יחידה,false,,13.90,0.0000,true,1,2531410
7290018440476,false,בייגלה מצופה קרם עוגת גבינה ותותים פליפז 140 גר',אולקר מקבוצת פלאדיס,TR,בייגלה מצופה ברקם עו,גרמים,140.00,100 גרם,false,,8.90,0.0636,true,1,2474398
7290018440483,false,בייגלה מצופה קרמל מלוח ושוקולד פליפז 140 גר',שוורצקוף& הנקל דיסלד,TR,בייגלה מצופה שוקולד,גרמים,140.00,100 גרם,false,,8.90,0.0636,true,1,2474399
7290018440490,false,סלט טונה עם קוסקוס- 150 גCALVO,,,סלט טונה עם קוסקוס-,יחידה,0.00,יחידה,false,,11.90,0.0000,true,1,2531411
7290018440513,false,סלט טונה קליפורניה עם טונה 150 גר',,,סלט קליפורניה עם טונ,יחידה,0.00,יחידה,false,,11.90,0.0000,true,1,2531413
7290018440520,false,סלט טונה מקסיקני- 150 ג CALVO,,,סלט טונה מקסיקני- 15,יחידה,0.00,יחידה,false,,11.90,0.0000,true,1,2531414
7290018440896,false,חליטת צמחים ג'ינג'ר וכורכום - אפקט הג'ינג'ר,ויסוצקי,IL,חליטת ג'ינג'ר וכרכום,גרמים,50.00,100 גרם,false,,17.90,0.3580,true,1,2495746
7290018441916,false,תות שדה קפוא ברכת הא,מוצרי איכות אמריקאיי,GE,תות שדה קפוא,גרמים,300.00,100 גרם,false,,10.90,0.0363,true,1,2465767
7290018468302,false,נקניקיה צמחית בסגנון מרגז 400 ג' טירת צבי,טירת צבי,IL,נקניקיה צמחית בסגנו,גרמים,400.00,100 גרם,false,,39.90,0.0997,true,1,2517723
7290018468432,false,"נקניק טבעוני בטעם מעושן, 100 גרם",טיב טירת צבי 2000,IL,נקניק טבעוני בטעם מע,גרמים,100.00,100 גרם,false,,19.90,0.1990,true,1,2537220
7290018471128,false,"ספרינג שייק אננס מנגו פסיפלורה זכוכית 330 מ""ל","יפאורה תבורי בע""מ",IL,ספרינג שייק 330 אננס,מיליליטרים,330.00,"100 מ""ל",false,,6.90,0.0209,true,1,2469574
7290018471135,false,"ספרינג שייק בננה תמר תפוז זכוכית 330 מ""ל","יפאורה תבורי בע""מ",IL,ספרינג שייק 330 בננה,מיליליטרים,330.00,"100 מ""ל",false,,6.90,0.0209,true,1,2469584
7290018471142,false,"ספרינג שייק בננה אננס קוקוס פירות יער זכוכית 330 מ""ל","יפאורה תבורי בע""מ",IL,ספרינג שייק 330 בננה,מיליליטרים,330.00,"100 מ""ל",false,,6.90,0.0209,true,1,2469585
7290018471180,false,פרוט&ווג אננס תפוח גזר 1 ליטר,פרוט אנד וג' Fruit & Veg,IL,משקה קל אננס תפוח פר,ליטרים,1.00,100 ליטר,false,,12.90,12.9000,true,1,2450620
7290018471197,false,פרוט&ווג' תפוח בננה מלון נענע 1 ליטר,פרוט אנד וג' Fruit & Veg,IL,משקה קל תפוח בננה מל,ליטרים,1.00,100 ליטר,false,,12.90,12.9000,true,1,2450621
7290018471210,false,ספרינג קרטונית אגס סברס תפוח 1 ליטר,"יפאורה תבורי בע""מ",IL,ספרינג אגס סברס תפוח,ליטרים,1.00,ליטר,false,,6.60,6.6000,true,1,2450622
7290018471395,false,פרוט&ווג' תפוח רימון סלק ג'ינג'ר 1 ליטר,פרוט אנד וג' Fruit & Veg,IL,משקה קל תפוח רימון ס,ליטרים,1.00,100 ליטר,false,,12.90,12.9000,true,1,2450623
7290018471401,false,פרוט&ווג' אננס בננה כורכום 1 ליטר,פרוט אנד וג' Fruit & Veg,IL,משקה קל תפוח אננס בנ,ליטרים,1.00,100 ליטר,false,,12.90,12.9000,true,1,2450624
7290018471449,false,ספרינג שייק בננה תמר תפוז קרטונית 1 ליטר,"יפאורה תבורי בע""מ",IL,ספרינג שייק 1 ליטר ב,ליטרים,1.00,ליטר,false,,12.60,12.6000,true,1,2469575
7290018471463,false,תפוזינה נקטר תפוז מנגו קרטונית 1 ליטר,"יפאורה תבורי בע""מ",IL,תפוזינה נקטר תפוז מנ,ליטרים,1.00,ליטר,false,,6.60,6.6000,true,1,2456847
7290018471487,false,תפוזינה נקטר תפוז אננס קרטונית 1 ליטר,"יפאורה תבורי בע""מ",IL,תפוזינה נקטר תפוז אנ,ליטרים,1.00,ליטר,false,,6.60,6.6000,true,1,2456849
7290018471494,false,תפוזינה משקה תפוז גזר קרטונית 1 ליטר,"יפאורה תבורי בע""מ",IL,תפוזינה נקטר תפוז גז,ליטרים,1.00,ליטר,false,,6.60,6.6000,true,1,2456850
7290018471616,false,שוופס אינדיאן טוניק 1 ליטר,"יפאורה תבורי בע""מ",IL,שוופס אינדיאן טוניק,ליטרים,1.00,ליטר,false,,9.90,9.9000,true,1,2461990
7290018471623,false,שוופס טוניק אשכוליות ליצ'י 1 ליטר,"יפאורה תבורי בע""מ",IL,שוופס טוניק אשכוליות,ליטרים,1.00,ליטר,false,,9.90,9.9000,true,1,2461991
7290018471692,false,ספרינג שייק בננה אננס קוקוס פירות יער קרטונית 1 ליטר,"יפאורה תבורי בע""מ",IL,ספרינג שייק 1 ליטר,ליטרים,1.00,ליטר,false,,12.60,12.6000,true,1,2469577
7290018471906,false,שוופס מוגז פירות לימונדה ורודה 1.5 ליטר פיקדון,"יפאורה תבורי בע""מ",IL,שוופס מוגז 1.5 ליטר,ליטרים,1.50,ליטר,false,,9.50,6.3333,true,1,2490360
7290018471913,false,שוופס מוגז פירות תפוחים 1.5 ל',"יפאורה תבורי בע""מ",IL,שוופס תפוח מוגז 1.5,ליטרים,1.50,ליטר,false,,9.50,6.3333,true,1,2490361
7290018471920,false,שוופס מוגז פירות ענבים 1.5 ליטר פיקדון,"יפאורה תבורי בע""מ",IL,שוופס ענבים מוגז 1.5,ליטרים,1.50,ליטר,false,,9.50,6.3333,true,1,2490362
7290018471937,false,שוופס מוגז פירות תות ליים 1.5 ליטר פיקדון,"יפאורה תבורי בע""מ",IL,שוופס תות ליים מוגז,ליטרים,1.50,ליטר,false,,9.50,6.3333,true,1,2490363
7290018471944,false,שוופס מוגז פירות לימונייד 1.5 ליטר פיקדון,"יפאורה תבורי בע""מ",IL,שוופס מוגז 1.5 ליטר,ליטרים,1.50,ליטר,false,,9.50,6.3333,true,1,2490364
7290018493045,false,"קרם ידיים בשמן קוקוס ד""ר פישר 100מ""ל",,,קרם ידיים אפקטיב קר,מיליליטרים,100.00,"100 מ""ל",false,,11.90,0.1190,true,1,2523116
7290018493052,false,"ד""ר פישר - אפקטיב קר קרם ידיים מועשר בשמן אבוקדו 100 מ""ל",,,קרם ידיים אפקטיב קר,מיליליטרים,100.00,"100 מ""ל",false,,11.90,0.1190,true,1,2523117
7290018493069,false,"קרם ידיים בשמן כותנה ד""ר פישר 100מ""ל",,,קרם ידיים אפקטיב קר,מיליליטרים,100.00,"100 מ""ל",false,,11.90,0.1190,true,1,2523118
7290018493076,false,"ד""ר פישר - אפקטיב קר קרם ידיים שמן ארגן 100 מ""ל",,,קרם ידיים אפקטיב קר,מיליליטרים,100.00,"100 מ""ל",false,,11.90,0.1190,true,1,2523119
7290018493144,false,"ד""ר פישר אל סבון נוזלי לידיים קמיל ש ארגן 1 ל'",,,קמיל קלין אל סבון 1,ליטרים,1.00,ליטר,false,,15.90,15.9000,true,1,2435125
7290018493403,false,"ד""ר פישר - קידס קצף אמבט ויטמינים 750 מ""ל",,,"קצף אמבט קידס 750 מ""",מיליליטרים,750.00,"100 מ""ל",false,,16.90,0.0225,true,1,2459334
7290018493700,false,"סבון ידיים ויטמינים לילדים כחול 500 מ""ל ד""ר פישר",,,קידס סבון ידיים לילד,מיליליטרים,500.00,"100 מ""ל",false,,7.90,0.0158,true,1,2523120
7290018493717,false,"סבון ידיים ויטמינים לילדים ורוד מסטיק 500 מ""ל ד""ר פישק",,,קידס סבון ידיים לילד,מיליליטרים,500.00,"100 מ""ל",false,,7.90,0.0158,true,1,2523121
7290018493724,false,"סבון ידיים ויטמינים לילדים ירוק מילון 500 מ""ל ד""ר פישר",,,קידס סבון ידיים לילד,מיליליטרים,500.00,"100 מ""ל",false,,7.90,0.0158,true,1,2523122
7290018493748,false,"ד""ר פישר - מגבונים להסרת איפור אקסטרה סופט 30 יח' * 3",,,מגבונים להסרת איפור,יח',90.00,יח',false,,21.90,0.2433,true,1,2488605
7290018493977,false,"אל סבון כתום ד""ר פישר 1 ל'",,,קמיל בלו אל סבון מו,ליטרים,1.00,ליטר,false,,15.90,15.9000,true,1,2462158
7290018494004,false,חגורות /לירון,,,חגורות /לירון,יחידה,0.00,יחידה,false,,24.90,0.0000,true,1,2412007
7290018494011,false,חגורות /לירון,,,חגורות /לירון,יחידה,0.00,יחידה,false,,65.00,0.0000,true,1,2412008
7290018494028,false,חגורות /לירון,,,חגורות /לירון,יחידה,0.00,יחידה,false,,44.90,0.0000,true,1,2412009
7290018495667,false,מגש עץ דקורטיבי אליפ,,,מגש עץ דקורטיבי אליפ,יחידה,0.00,יחידה,false,,49.90,0.0000,true,1,2436583
7290018495698,false,מגש עץ דקורטיבי עגול,,,מגש עץ דקורטיבי עגול,יחידה,0.00,יחידה,false,,44.90,0.0000,true,1,2436586
7290018516072,false,פרמיו דליקט טונה וצדפות לחתול,פרמיו Premio,,פרמיו דליקט טונה וצד,גרמים,56.00,100 גרם,false,,9.90,0.1768,true,1,2538660
7290018516102,false,פרימו קטניפ לחתולים,פרמיו Premio,,פרמיו קטניפ 15ג',גרמים,15.00,100 גרם,false,,6.90,0.4600,true,1,2538662
7290018516324,false,פאוץ תפוח ושבולת שועל 120 ג' פירונק,,,חטיפטף פרינוק תפוח ו,גרמים,120.00,100 גרם,false,,5.90,0.0492,true,1,2488549
7290018516348,false,מחית פרינוק פאוץ' שיבולת שועל סלט פירות 120 גרם,,,חטיפטף פרינוק סלט פי,גרמים,120.00,100 גרם,false,,5.90,0.0492,true,1,2488556
7290018516355,false,מחיט תפוח עץ ושבולות שועל 190 ג' פרינוק גוניור,,,מחית פרינוק תפע+ש.שו,גרמים,190.00,100 גרם,false,,5.90,0.0311,true,1,2493165
7290018516362,false,מחיט תפוח עץ בננה ושבולות שועל 190 ג' פרינוק גוניור,,,מחית פרינוק בננה+ש.ש,גרמים,190.00,100 גרם,false,,5.90,0.0311,true,1,2493166
7290018516379,false,מחיט סלט פירות ושבולות שועל 190 ג' פרינוק גוניור,,,מחית ג'וניות סלט פיר,גרמים,190.00,100 גרם,false,,5.90,0.0311,true,1,2493167
7290018516850,false,פרמיו עוף וכבש לחתול,,,פרמיו עוף וכבש לחתול,גרמים,400.00,100 גרם,false,,5.90,0.0148,true,1,2542700
7290018516966,false,פרמיו סופרים עופות לכלב בוגר,פרמיו Premio,,פרמיו סופרים עופות ל,קילוגרמים,3.00,"ק""ג",false,,59.90,19.9667,true,1,2538982
7290018517147,false,פופקורן למיקרוגל בטעם טבעי 300 ג',RAMSEY,,פופקורן למיקרוגל טבע,גרמים,300.00,100 גרם,false,,8.90,0.0297,true,1,2465143
7290018517154,false,פופקורן למיקרוגל חמא,RAMSEY,,פופקורן למיקרוגל חמא,גרמים,300.00,100 גרם,false,,8.90,0.0297,true,1,2465144
7290018517338,false,שלישיה גפרורים רב שי,SUGRAIN,TH,שלישיה גפרורים רב שי,יחידה,0.00,יחידה,false,,4.90,0.0000,true,1,2545984
7290018571071,false,פספסים טופי מיה 450,מיה תעשיות מזון בעמ,IL,טופי פספסים,גרמים,450.00,100 גרם,false,,22.90,0.0509,true,1,2511643
7290018571088,false,טופי חמוצמוץ 600 גרם.,מיה תעשיות מזון בעמ,IL,סוכריות בטעם פירות,גרמים,600.00,100 גרם,false,,22.90,0.0382,true,1,2450599
7290018571408,false,מיה-לקקנים מולטיקולור תותי פרוטי 220 גר',,,לקקנים תותי פרוטי,גרמים,220.00,100 גרם,false,,7.90,0.0359,true,1,2511492
7290018571422,false,מיה-לקקנים מולטיקולור מיקס 65 יחידות,מיה תעשיות מזון בעמ,IL,לקקנים מיקס,"י""ח",65.00,"י""ח",false,,15.90,0.2446,true,1,2511502
7290018571507,false,"סוכריות ויטמין C ילדים דובונים מיה, 175 גרם",מיה תעשיות מזון בעמ,IL,סוכריות ויטמין סי דו,גרמים,175.00,100 גרם,false,,29.90,0.1709,true,1,2542796
7290018571545,false,סוכריות ג'לי עם מיצוי כורכומין וג'ינג'ר למבוגרים,מיה תעשיות מזון בעמ,IL,סוכריות כורכומין מבו,גרמים,210.00,100 גרם,false,,29.90,0.1424,true,1,2542810
7290018571552,false,סוכריות ג'לי ללא סוכר עם חומצות שומן אומגה 3 למבוגרים,מיה תעשיות מזון בעמ,IL,סוכריות אומגה 3 ילדי,גרמים,240.00,100 גרם,false,,29.90,0.1246,true,1,2542811
7290018571606,false,תערובת תיבול ראס אל חנות 70גר,מיה תעשיות מזון בעמ,IL,תבלין ראס אל חות,גרמים,70.00,100 גרם,false,,7.90,0.1129,true,1,2510926
7290018571613,false,סוכריות אומגה 3 מבוגרים אצבעות רחבות 240גרם,מיה תעשיות מזון בעמ,IL,סוכריות אומגה 3 מבוג,גרמים,210.00,100 גרם,false,,29.90,0.1424,true,1,2542812
7290018571637,false,סוכריות ג'לי מולטי ויטמין עם מינרליים MEN ENERGY,מיה תעשיות מזון בעמ,IL,סוכריות מולטי ויטמין,גרמים,220.00,100 גרם,false,,29.90,0.1359,true,1,2542814
7290018571644,false,סוכריות ג'לי ללא סוכר מולטי ויטמין בשילוב תוספת ביוטין,מיה תעשיות מזון בעמ,IL,סוכריות קוסמטיקה מבו,גרמים,210.00,100 גרם,false,,29.90,0.1424,true,1,2542815
7290018571651,false,סוכריות קולגן מבוגרים אצבעות רחבות 210גרם,מיה תעשיות מזון בעמ,IL,סוכריות קולגן מבוגרי,גרמים,210.00,100 גרם,false,,29.90,0.1424,true,1,2542831
7290018571668,false,"סוכריות ג'לי עם ויטמינים C, D3 ואבץ לילדים ומבוגרים",מיה תעשיות מזון בעמ,IL,סוכריות C+D+אבץ משפח,גרמים,210.00,100 גרם,false,,29.90,0.1424,true,1,2542832
7290018571699,false,קמח שקדים מיה 250 גר,מיה תעשיות מזון בעמ,IL,קמח שקדים,גרמים,250.00,100 גרם,false,,24.90,0.0996,true,1,2511944
7290018571705,false,"אורז יסמין 1 ק""ג מיה.",,,אורז יסמין 1 קג,קילוגרמים,1.00,"ק""ג",false,,9.90,9.9000,true,1,2527292
7290018571712,false,"אורז פרסי 1 ק""ג מיה.",,,אורז פרסי 1 קג,קילוגרמים,1.00,"ק""ג",false,,9.90,9.9000,true,1,2527293
7290018571729,false,"אורז ריזוטו עגול 1 ק""ג מיה.",,,אורז ריזוטו עגול,קילוגרמים,1.00,"ק""ג",false,,9.90,9.9000,true,1,2527294
7290018571798,false,סוכריות גלי שמחות 2,מיה תעשיות מזון בעמ,IL,סוכריות ג'לי שמחות,גרמים,540.00,100 גרם,false,,15.90,0.0294,true,1,2530312
7290018620458,false,מאג ניו בון ציינה יש,,,מאג ניו בון ציינה יש,יחידה,0.00,יחידה,false,,7.90,0.0000,true,1,2475517
7290018652039,false,לה קרמריה קרמל מלוח ונוגט בדצ 1.4 ליטר,גלידות נסטלה,IL,גלידה ל'קרמריה קרמל,ליטרים,1.40,ליטר,false,,20.90,14.9286,true,1,2455979
7290018652213,false,מאגדת קפה שוקולד ופא,נסטלה,IL,מאגדת קפה שוקולד ופא,"י""ח",5.00,"י""ח",false,,21.00,4.2000,true,1,2548636
7290018677216,false,פסטPRO כוסמת ללא גלו,,,פסטPRO כוסמת ללא גלו,גרמים,250.00,100 גרם,false,,16.90,0.0676,true,1,2509592
7290018677223,false,פסטPRO אורגני ללא גל,,,פסטPRO אורגני ללא גל,גרמים,250.00,100 גרם,false,,16.90,0.0676,true,1,2509593
7290018677278,false,פתיתי PRO מעדשים צהו,,,פתיתי PRO מעדשים צהו,גרמים,250.00,100 גרם,false,,16.90,0.0676,true,1,2549643
7290018677292,false,אטריות PRO מעדשים אד,,,אטריות PRO מעדשים אד,גרמים,250.00,100 גרם,false,,16.90,0.0676,true,1,2548737
7290018677308,false,אטריות PRO מעדשים צה,,,אטריות PRO מעדשים צה,גרמים,250.00,100 גרם,false,,16.90,0.0676,true,1,2548738
7290018700655,false,מאג BELLY פורצלן 400,,,מאג BELLY פורצלן 400,יחידה,0.00,יחידה,false,,19.90,0.0000,true,1,2531193
7290018703083,false,חטיף חלבון דאבל שוקולד קראנץ 60 ג' פראוד,פראוד PROUD,NL,חטיף פרוטאין דאבל ש,גרמים,60.00,100 גרם,false,,10.90,0.1817,true,1,2518476
7290018703229,false,חטיף פרוטאין טבעוני,פראוד,,חטיף פרוטאין טבעוני,גרמים,60.00,100 גרם,false,,10.90,0.1817,true,1,2518477
7290018703243,false,חטיף פרוטאין טבעוני,פראוד,,חטיף פרוטאין טבעוני,גרמים,60.00,100 גרם,false,,10.90,0.1817,true,1,2518478
7290018703496,false,פראוד - חטיף חלבון בטעם בננה טופי 60 גרם,פראוד PROUD,,חטיף פרוטאין בננה ט,גרמים,60.00,100 גרם,false,,10.90,0.1817,true,1,2519344
7290018708118,false,בארכה חלבה וניל פיסטוק ללא סוכר 350ג,,,חלבה וניל פיסטוק ללא,גרמים,350.00,100 גרם,false,,15.90,0.0454,true,1,2491105
7290018708125,false,חלבה מסולסלת וניל 250 גר' בארכה,רושדי תעשיות מזון,IL,חלבה מסולסלת וניל,גרמים,250.00,100 גרם,false,,14.90,0.0596,true,1,2494225
7290018724552,false,קמח שקדים ללא גלוטן 250 גר',השקד אומנות ומסחר,IL,קמח שקדים ללא גלוטן,גרמים,250.00,100 גרם,false,,19.90,0.0796,true,1,2487864
7290018724804,false,"זרעי צ'יה ""נטורלה"" 230 גרם",,,זרעי צ'יה נטורלה,גרמים,230.00,100 גרם,false,,11.90,0.0517,true,1,2433261
7290018724811,false,זרעי פשתן קופסא,,,זרעי פשתן קופסא,גרמים,400.00,100 גרם,false,,12.90,0.0323,true,1,2436800
7290018724897,false,"פירורי לחם ""נטורלה"" ללא גלוטן 300 גרם",,,פירורי לחם נטורלה לל,גרמים,300.00,100 גרם,false,,12.90,0.0430,true,1,2510016
7290018790038,false,ביסקוויט תה 110גרם ה,קריות זול,,ביסקוויט תה 110גרם ה,גרמים,110.00,100 גרם,false,,3.50,0.0318,true,1,2544833
7290018813003,false,פלייסמנט ווטרגאס קוט,,,פלייסמנט ווטרגאס קוט,יחידה,0.00,יחידה,false,,19.90,0.0000,true,1,2476314
7290018893005,false,"חטיפי בייגלה אפוי בטעם חרדל ודבש, 160 גרם",צ'וקטה Chocketa,RO,חטיף בייגלה אפוי בטע,גרמים,160.00,100 גרם,false,,5.90,0.0369,true,1,2488229
7290018893036,false,עוגיות סנדוויץ' בטעם שוקולד ממולאות קרם בטעם וניל,צ'וקטה Chocketa,ES,עוגיות סנדוויץ בטעם,גרמים,176.00,100 גרם,false,,6.90,0.0392,true,1,2488206
7290018893098,false,צ'וקטה ביסקוויט מצופה שוקולד חלב 100 גרם משולש K,צ'וקטה Chocketa,,עוגיות מצופות בשוקול,גרמים,100.00,100 גרם,false,,8.90,0.0890,true,1,2493583
7290018893104,false,צ'וקטה ביסקוויט מצופה שוקולד מריר 100 גרם משולש K,צ'וקטה Chocketa,,עוגיות מצופות בשוקול,גרמים,100.00,100 גרם,false,,8.90,0.0890,true,1,2493584
7290018893111,false,שוקולד מריר בלגי 70% -100 ג' צוקטה,צ'וקטה Chocketa,BE,שוקולד מריר בלגי 70%,גרמים,100.00,100 גרם,false,,8.90,0.0890,true,1,2498124
7290018893128,false,שוקולד מריר בלגי 34%- 100 ג' צוקטה,צ'וקטה Chocketa,BE,שוקולד חלב בלגי 34%,גרמים,100.00,100 גרם,false,,8.90,0.0890,true,1,2498125
7290018893135,false,מקלות אפויים בתוספת מלח Salty,צ'וקטה Chocketa,,גריסיני צ'וקטה מלח 1,גרמים,120.00,100 גרם,false,,5.90,0.0492,true,1,2522984
7290018893142,false,מקלות אפויים בתוספת שמן זית Salty,צ'וקטה Chocketa,,גריסיני צ'וקטה שמן ז,גרמים,120.00,100 גרם,false,,5.90,0.0492,true,1,2522985
7290018893258,false,צ'וקטה עוגות אישיות קרמל 300 גר,צ'וקטה Chocketa,,צוקטה עוגות אישיות.,גרמים,300.00,100 גרם,false,,11.90,0.0397,true,1,2474129
7290018893265,false,צ'וקטה עוגות אישיות מריר במילוי קרם 240 ג',פרדי קונדיטוריה אס פ,IT,צוקטה עוגות אישיות.,גרמים,240.00,100 גרם,false,,11.90,0.0496,true,1,2474130
7290018893272,false,צ'וקטה צדפי שוקולד 125 ג ',צ'וקטה Chocketa,,בונבוניירה צדפות בלג,גרמים,125.00,100 גרם,false,,7.90,0.0632,true,1,2488231
7290018893289,false,עוגות מגולגלות בטעם קקאו - 6 יחידות במארז,צ'וקטה Chocketa,,צוקטה עוגות מגולגלות,גרמים,222.00,100 גרם,false,,7.90,0.0356,true,1,2488637
7290018893296,false,עוגיות חמאה מצופות שוקולד חלב בעיטור שוקולד לבן,צ'וקטה Chocketa,BE,עוגיות מיני חמאה מצו,גרמים,100.00,100 גרם,false,,8.90,0.0890,true,1,2491472
7290018893319,false,צ'וקטה שוקולד מריר בלגי 85% 100 גרם משולש K,צ'וקטה Chocketa,BE,שוקולד מריר בלגי 85%,גרמים,100.00,100 גרם,false,,8.90,0.0890,true,1,2498118
7290018893333,false,צ'וקטה קרקרים במליחות מעודנת 500 גרם,סטרופוופל,PT,קרקרים במליחות מעודנ,גרמים,500.00,100 גרם,false,,14.90,0.0298,true,1,2543541
7290018893340,false,מקלות אפויים בתוספת שומשום Salty,צ'וקטה Chocketa,,גריסיני צ'וקטה שומשו,גרמים,120.00,100 גרם,false,,5.90,0.0492,true,1,2522986
7290018893401,false,שוקולד מריר פרימיום 70% 100 גרם צ'וקטה איגוד רבנים,צ'וקטה Chocketa,ES,שוקולד מריר 70% צוקט,גרמים,100.00,100 גרם,false,,5.90,0.0590,true,1,2488244
7290018893418,false,שוקולד מריר 60% מארז 6 יח' *100 ג' צ'וקטה,צ'וקטה Chocketa,,שוקולד מריר 60% שישי,גרמים,600.00,100 גרם,false,,19.90,0.0332,true,1,2488242
7290018893449,false,עלי וופל במילוי קרמל 175 ג',ארלוי אס.אל.יו.,NL,וופל במילוי קרמל צוק,גרמים,175.00,100 גרם,false,,10.90,0.0623,true,1,2489016
7290018893456,false,צ'וקטה מארז עוגות אישיות במילוי קרם ובציפוי שוקולד 10*30ג,פרדי קונדטוריה אס.פי,IT,צוקטה עוגות אישיות.,גרמים,300.00,100 גרם,false,,11.90,0.0397,true,1,2474131
7290018893487,false,צ'וקטה עוגה אישית בטעם קוקוס 350 ג' נוכרי,צ'וקטה Chocketa,,צוקטה עוגות אישיות.,גרמים,350.00,100 גרם,false,,11.90,0.0340,true,1,2488638
7290018893494,false,עוגיות עלי וופל דקות עם חמאה,צ'וקטה Chocketa,,עלי וופל דקים בטעם ח,גרמים,100.00,100 גרם,false,,8.90,0.0890,true,1,2488245
7290018893500,false,צ'וקטה עוגיות סנדביץ שוקו 180 גרם חלב נכרי,,,עוגיות סנדביץ שוקו צ,גרמים,180.00,100 גרם,false,,6.90,0.0383,true,1,2493585
7290018893517,false,בייגלה שטוח מצופה שוקולד מריר חלב נכרי 80 גרם צ'וקטה,,,בייגלה שטוח מצופה שו,גרמים,80.00,100 גרם,false,,5.90,0.0738,true,1,2496554
7290018893531,false,צ'וקטה קרקרים מלוחים 500 גרם,סטרופוופל,PT,קרקרים מלוחים צ'וקטה,גרמים,500.00,100 גרם,false,,14.90,0.0298,true,1,2543521
7290018893609,false,שוקולד מריר פרימיום 85% 100 גרם איגוד רבנים,צ'וקטה Chocketa,ES,שוקולד מריר 85% צוקט,גרמים,100.00,100 גרם,false,,5.90,0.0590,true,1,2488246
7290018893616,false,שוקולד מריר 48% 6 יח' *100 ג' צ'וקטה,צוקטה,ES,שישיית שוקולד מריר צ,גרמים,600.00,100 גרם,false,,19.90,0.0332,true,1,2488247
7290018893647,false,צ'וקטה עוגיות סנדביץ מצופות 150 גרם חלב נוכרי,צ'וקטה Chocketa,,ביסקוויט סנדווי'ץ מצ,גרמים,150.00,100 גרם,false,,10.90,0.0727,true,1,2488248
7290018893654,false,חטיפי בייגלה דקיקים ופריכים מלח צ'וקטה 200 ג',צ'וקטה Chocketa,RO,חטיפי בייגלה דקיקים,גרמים,200.00,100 גרם,false,,5.90,0.0295,true,1,2488207
7290018893708,false,עוגיות סנדוויץ' במילוי קרם בטעם שוקולד,צ'וקטה Chocketa,,עוגיות סנדווי'ץ במיל,גרמים,250.00,100 גרם,false,,8.90,0.0356,true,1,2493591
7290018893715,false,בייגלה שטוח מצופה שוקולד חלב נכרי 80 גרם צ'וקטה,,,בייגלה שטוח מצופה שו,גרמים,80.00,100 גרם,false,,5.90,0.0738,true,1,2496555
7290018893753,false,צ'וקטה וופל חמאה בטעם לימון 100 ג,,,וופל חמאה בטעם לימון,גרמים,100.00,100 גרם,false,,8.90,0.0890,true,1,2527915
7290018893807,false,צ'וקטה - שוקולד מריר שלישייה 3 * 100 גרם,צ'וקטה Chocketa,,שוקולד מריר 60% שליש,גרמים,300.00,100 גרם,false,,11.90,0.0397,true,1,2488249
7290018893814,false,צ'וקטה שוקולד מריר 48% 5 יח' *100 ג',הדקלאים אגודת שיתופי,ES,שוקולד מריר 48% אריז,גרמים,500.00,100 גרם,false,,17.90,0.0358,true,1,2488250
7290018893845,false,פתי בר -ביסקוויט בטעם חמאה 400ג',צ'וקטה Chocketa,,ביסקוויט בטעם חמאה,גרמים,400.00,100 גרם,false,,6.90,0.0173,true,1,2488233
7290018893852,false,חטיפי בייגלה דקיקים ופריכים שומשום צ'וקטה 200 ג',צ'וקטה Chocketa,RO,חטיפי בייגלה דקיקים,גרמים,200.00,100 גרם,false,,5.90,0.0295,true,1,2488208
7290018893876,false,עוגות אישיות רכות עם מילוי קרם בטעם וניל,פרדי קונדיטוריה אס פ,IT,צוקטה עוגות אישיות.,גרמים,200.00,100 גרם,false,,11.90,0.0595,true,1,2474138
7290018893906,false,עוגיות סנדוויץ' במילוי קרם בטעם וניל,צ'וקטה Chocketa,,עוגיות סנדווי'ץ במיל,גרמים,250.00,100 גרם,false,,8.90,0.0356,true,1,2493592
7290018893920,false,לוקיטוס סוכריות ג'לי בטעמי פירות 700 גרם,צ'וקטה Chocketa,,סוכריות ג'לי בטעמי פ,גרמים,700.00,100 גרם,false,,14.90,0.0213,true,1,2541955
7290018893951,false,עוגיות וופל חמאה קינמון 100 ג',,BE,עוגיות וופל חמאה וקי,גרמים,100.00,100 גרם,false,,8.90,0.0890,true,1,2529795
7290018894002,false,קוביות וופל במילוי קרם קקאו - חלבי,בלקוני Balconi,IT,וופל קוביות קקאו בלק,גרמים,250.00,100 גרם,false,,9.90,0.0396,true,1,2499754
7290018894019,false,עוגות אישיות במילוי קרם חלבי ובציפוי קרם קקאו,בלקוני Balconi,IT,עוגות מיקס מקס חלב ב,גרמים,350.00,100 גרם,false,,11.90,0.0340,true,1,2500043
7290018894071,false,צ'וקטה מארז סביבון לחנוכה,צ'וקטה Chocketa,IL,צוקטה מארז סביבון לח,גרמים,225.00,100 גרם,false,,9.90,0.0440,true,1,2545441
7290018894200,false,בלקוני וופל קוביות ויל 250 גרם חלבי OU,בלקוני Balconi,IT,וופל קוביות וניל בלק,גרמים,250.00,100 גרם,false,,9.90,0.0396,true,1,2499755
7290018894217,false,עוגות אישיות במילוי קרם קקאו ובציפוי קרם קקאו,בלקוני Balconi,IT,עוגות מיקס מקס קקאו,גרמים,350.00,100 גרם,false,,11.90,0.0340,true,1,2500044
7290018894248,false,צ'וקטה - שוקולד חלב שלישייה 3 * 100 גרם,צ'וקטה Chocketa,FR,שוקולד חלב שלישייה צ,גרמים,300.00,100 גרם,false,,11.90,0.0397,true,1,2539216
7290018894408,false,קוביות וופל במילוי קרם אגוזי לוז - חלבי,בלקוני Balconi,IT,וופל קוביות אגוזים ב,גרמים,250.00,100 גרם,false,,9.90,0.0396,true,1,2499756
7290018894446,false,שוקולד חלב במילוי קר,נטרה אונטייטי,ES,שוקולד חלב במילוי קר,גרמים,126.00,100 גרם,false,,9.90,0.0786,true,1,2546473
7290018894606,false,בלקוני וופל קקאו 175 גרם חלבי OU,בלקוני Balconi,IT,וופל קקאו בלקוני 175,גרמים,175.00,100 גרם,false,,5.90,0.0337,true,1,2499757
7290018894804,false,וופלים במילוי קרם אגוזי לוז - חלבי,בלקוני Balconi,IT,וופל אגוזים בלקוני 1,גרמים,175.00,100 גרם,false,,5.90,0.0337,true,1,2499758
7290018921029,false,"ד""ר פישר - קמיל בלו מגבוני סנסיטיב 64 יח' * 4",,,רביעיית מגבוני קמיל,64 יח',256.00,64 יח',false,,17.90,0.0699,true,1,2496006
7290018921067,false,"ד""ר פישר - אפקטיב קר תחליב רחצה שמן שקדים 700 מ""ל","ד""ר פישר Dr fischer",,תחליב רחצה אפקטיב קר,מיליליטרים,700.00,"100 מ""ל",false,,12.90,0.0184,true,1,2495996
7290018921166,false,"אל סבון נוזלי ניקוי יסודי ד""ר פישר 1 ל""",,,קמיל בלו אל סבון 1,ליטרים,1.00,ליטר,false,,15.90,15.9000,true,1,2488624
7290018921265,false,"תחליב רחצה מועשר בתמצית אלוורה 700 מ""ל אפקטיב קר","ד""ר פישר Dr fischer",,תחליב רחצה אפקטיב קר,מיליליטרים,700.00,"100 מ""ל",false,,12.90,0.0184,true,1,2495997
7290018921456,false,"ד""ר פישר - אפקטיב קר תחליב רחצה שמן כותנה 700 מ""ל","ד""ר פישר Dr fischer",,תחליב רחצה אפקטיב קר,מיליליטרים,700.00,"100 מ""ל",false,,12.90,0.0184,true,1,2495998
7290018921609,false,"ד""ר פישר - קמיל בלו קרם החתלה קלנדולה 120 גרם",,,משחה לתינוק קמיל בלו,גרמים,120.00,100 גרם,false,,21.90,0.1825,true,1,2536318
7290018921616,false,רביעיית מגבוני שיבול,,,רביעיית מגבוני שיבול,64 יח',256.00,64 יח',false,,19.90,0.0777,true,1,2496013
7290018921654,false,"ד""ר פישר - אפקטיב קר תחליב רחצה תמצית לוונדר 700 מ""ל","ד""ר פישר Dr fischer",,תחליב רחצה אפקטיב קר,מיליליטרים,700.00,"100 מ""ל",false,,12.90,0.0184,true,1,2495999
7290018921753,false,"אל סבון לתחושת רעננות לבנדר קמיל ד""ר פישר 1 ל""",,,קמיל בלו אל סבון 1,ליטרים,1.00,ליטר,false,,15.90,15.9000,true,1,2488625
7290018921852,false,"תחליב רחצה מועשר בשמן ארגן 700 מ""ל אפקטיב קר","ד""ר פישר Dr fischer",,תחליב רחצה אפקטיב קר,מיליליטרים,700.00,"100 מ""ל",false,,12.90,0.0184,true,1,2496000
7290018925065,false,פרימור מיץ תפוזים סחוט 2 ליטר,פרימור,IL,מיץ תפוזים סחוט 2 לי,ליטרים,2.00,ליטר,false,,26.90,13.4500,true,1,2488502
7290018925072,false,פרימור מיץ לימונענע סחוט 2 ליטר,פרימור,IL,משקה לימונים ונענע 2,ליטרים,2.00,ליטר,false,,26.90,13.4500,true,1,2488503
7290018925096,false,משקה קל תפוזים 1.5 ל' פרימור,פרימור,IL,משקה קל תפוזים 1.5 ל,ליטרים,1.50,ליטר,false,,7.90,5.2667,true,1,2487786
7290018925102,false,משקה קל ענבים 1.5 ל' פרימור,פרימור,IL,משקה קל ענבים 1.5 לי,ליטרים,1.50,ליטר,false,,7.90,5.2667,true,1,2487787
7290018925119,false,משקה קל דיאט אשכוליות 1.5ל' פרימור,פרימור,IL,משקה קל דיאט אשכוליו,ליטרים,1.50,ליטר,false,,7.90,5.2667,true,1,2487788
7290018925126,false,משקה קל תפוחי עץ 1.5ל' פרימור,פרימור,IL,משקה קל תפוחי עץ 1.,ליטרים,1.50,ליטר,false,,7.90,5.2667,true,1,2487789
7290018925133,false,משקה קל מנגו 1.5ל' פרימור,פרימור,IL,משקה קל מנגו 1.5 ליט,ליטרים,1.50,ליטר,false,,7.90,5.2667,true,1,2487798
7290018925140,false,משקה קל אשכוליות 1.5ל' פרימור,פרימור,IL,משקה קל אשכוליות 1.5,ליטרים,1.50,ליטר,false,,7.90,5.2667,true,1,2487790
7290018925157,false,משקה קל לימונים 1.5ל' פרימור,פרימור,IL,משקה קל לימונים 1.5,ליטרים,1.50,ליטר,false,,7.90,5.2667,true,1,2487791
7290018925164,false,משקה קל תות-בננה 1.5ל' פרימור,פרימור,IL,משקה קל תות בננה 1.5,ליטרים,1.50,ליטר,false,,7.90,5.2667,true,1,2487792
7290018925409,false,"מיץ לימון ואננס 400 מ""ל פרימור",קריות זול,IL,מיץ לימון ואננס 400,מיליליטרים,400.00,"100 מ""ל",false,,7.90,0.0197,true,1,2523606
7290018925416,false,"מיץ לימון ופסיפלורה 400 מ""ל פרימור",קריות זול,IL,מיץ לימון ופסיפלורה,מיליליטרים,400.00,"100 מ""ל",false,,7.90,0.0197,true,1,2523607
7290018972144,false,תומר שניצל תירס,,,תומר שניצל תירס,גרמים,500.00,100 גרם,false,,19.90,0.0398,true,1,2548929
7290018972151,false,תומר נאגטס תירס,,,תומר נאגטס תירס,גרמים,500.00,100 גרם,false,,19.90,0.0398,true,1,2548930
7290018972182,false,תומר פלאפל,,,תומר פלאפל,גרמים,500.00,100 גרם,false,,19.90,0.0398,true,1,2548931
7290018972199,false,תומר שניצל צמחי,,,תומר שניצל צמחי,גרמים,500.00,100 גרם,false,,19.90,0.0398,true,1,2548932
7290018972786,false,נודלס טעם ירקות להכנה מהירה 72 גרם,,,נודלס מנה חמה ירקות,גרמים,72.00,100 גרם,false,,5.90,0.0819,true,1,2548935
7290018989005,false,יכין פולפה טבעית 400*3 גר,זנלכל,IL,שימורי עגבניות פולפה,גרמים,1200.00,100 גרם,false,,16.90,0.0141,true,1,2499493
7290019015017,false,נר פנינה 9/9.4,,,נר מראה,יחידה,0.00,יחידה,false,,34.90,0.0000,true,1,2494808
7290019015154,false,"מבשם אוויר בוהו 250 מ""ל",,,מבשם אווירה בוהו (פר,יחידה,0.00,יחידה,false,,29.90,0.0000,true,1,2494809
7290019015642,false,"בקבוק טריטן 520 מ""ל",,,"בקבוק טריטן 520 מ""ל",יחידה,0.00,יחידה,false,,24.90,0.0000,true,1,2516295
7290019015659,false,"בקבוק טריטן 700 מ""ל",,,"בקבוק טריטן 700 מ""ל",יחידה,0.00,יחידה,false,,29.90,0.0000,true,1,2516296
7290019015697,false,רצועת רחצה עשויה סיבים מסולסלים,,,רצועת רחצה,יחידה,0.00,יחידה,false,,14.90,0.0000,true,1,2531440
7290019015703,false,כפפת רחצה הידרופילית,,,כפפת רחצה,יחידה,0.00,יחידה,false,,19.90,0.0000,true,1,2531441
7290019015710,false,מטלית רחצה הידרופילית,,,מטלית רחצה,יחידה,0.00,יחידה,false,,19.90,0.0000,true,1,2531442
7290019015826,false,צלחת מנה ראשונה 20 ס,,,צלחת מנה ראשונה 20 ס,יחידה,0.00,יחידה,false,,9.90,0.0000,true,1,2516301
7290019015833,false,צלחת מנה עיקרית 25 ס,,,צלחת מנה עיקרית 25 ס,יחידה,0.00,יחידה,false,,14.90,0.0000,true,1,2516302
7290019015840,false,כוס שתייה במבוק,,,כוס שתייה במבוק,יחידה,0.00,יחידה,false,,9.90,0.0000,true,1,2516303
7290019015994,false,דפיוזר פרמיום 17,,,דפיוזר פרמיום 17,יחידה,0.00,יחידה,false,,34.90,0.0000,true,1,2514237
7290019035060,false,חצאי משמש קפוא פילד,א.מ שרון,PL,חצאי משמש קפואים 500,גרמים,500.00,100 גרם,false,,11.90,0.0238,true,1,2521356
7290019035091,false,רימון קפוא פילד גוד,דה נייל אג'יפטיאן,EG,רימון 500 גרם ארוז,גרמים,500.00,100 גרם,false,,11.90,0.0238,true,1,2521345
7290019035244,false,מיקס פירות בננה פסיפ,קונגלדוס אקיואטוריאנ,EC,מיקס פירות קפואים 4*,גרמים,600.00,100 גרם,false,,29.90,0.0498,true,1,2521359
7290019035251,false,מיקס פירות אננס בננה,קונגלדוס אקיואטוריאנ,EC,מיקס פירות קפואים 4*,גרמים,600.00,100 גרם,false,,29.90,0.0498,true,1,2521360
7290019035329,false,מיקס פירות תות קפוא 600 ג' פילד גוד,קונגלדוס אקיואטוריאנ,EC,מיקס פירות קפואים 4*,גרמים,600.00,100 גרם,false,,29.90,0.0498,true,1,2521361
7290019056027,false,שוופס מוגז פירות תפוחים ללא סוכר 1.5 ליטר פיקדון,"יפאורה תבורי בע""מ",IL,שוופס מוגז תפוחים לל,ליטרים,1.50,ליטר,false,,8.90,5.9333,true,1,2490366
7290019056034,false,שוופס מוגז פירות אננס ללא סוכר 1.5 ליטר פיקדון,"יפאורה תבורי בע""מ",IL,שוופס מוגז אננס ללא,ליטרים,1.50,ליטר,false,,8.90,5.9333,true,1,2490367
7290019056041,false,שוופס מוגז פירות לימונייד ללא סוכר 1.5 ליטר פיקדון,"יפאורה תבורי בע""מ",IL,שוופס מוגז פירות ללא,ליטרים,1.50,ליטר,false,,8.90,5.9333,true,1,2490368
7290019056058,false,שוופס מוגז עדין תפוח ליים 1.5 ליטר פיקדון,"יפאורה תבורי בע""מ",IL,שוופס מוגז עדין 1.5,ליטרים,1.50,ליטר,false,,8.90,5.9333,true,1,2490350
7290019056065,false,שוופס מוגז עדין פירות יער 1.5 ליטר פיקדון,"יפאורה תבורי בע""מ",IL,שוופס מוגז עדין 1.5,ליטרים,1.50,ליטר,false,,8.90,5.9333,true,1,2490351
7290019056072,false,שוופס מוגז עדין אננס 1.5 ליטר פיקדון,"יפאורה תבורי בע""מ",IL,שוופס מוגז עדין 1.5,ליטרים,1.50,ליטר,false,,8.90,5.9333,true,1,2490352
7290019056089,false,שוופס מוגז עדין ענבי ריזלינג 1.5 ליטר פיקדון,"יפאורה תבורי בע""מ",IL,שוופס ריזלינג מוגז ע,ליטרים,1.50,ליטר,false,,8.90,5.9333,true,1,2490353
7290019056096,false,שוופס מוגז עדין אפרסק 1.5 ליטר פיקדון,"יפאורה תבורי בע""מ",IL,שוופס מוגז עדין 1.5,ליטרים,1.50,ליטר,false,,8.90,5.9333,true,1,2490369
7290019056119,false,שוופס סודה 1.5 ליטר פיקדון,"יפאורה תבורי בע""מ",IL,סודה שוופס 1.5 ליטר,ליטרים,1.50,ליטר,false,,3.20,2.1333,true,1,2490313
7290019056126,false,שוופס סודה לימון 1.5 ליטר בק' בודד פיקדון,"יפאורה תבורי בע""מ",IL,שוופס סודה לימון 1.5,ליטרים,1.50,ליטר,false,,3.20,2.1333,true,1,2490326
7290019056133,false,שוופס סודה נענע ליים 1.5 ליטר בק' בודד,"יפאורה תבורי בע""מ",IL,סודה שוופס נענע ליים,ליטרים,1.50,ליטר,false,,3.20,2.1333,true,1,2490327
7290019056140,false,שוופס סודה למון גראס,"יפאורה תבורי בע""מ",,סודה שוופס לימון גרא,ליטרים,1.50,ליטר,false,,3.20,2.1333,true,1,2490328
7290019056157,false,שוופס סודה פירות יער 1.5 ליטר בק' בודד פיקדון,,,סודה שוופס פירות יער,ליטרים,1.50,ליטר,false,,3.20,2.1333,true,1,2490354
7290019056164,false,שוופס סודה 1.5 ליטר רביעייה פיקדון,"יפאורה תבורי בע""מ",IL,מארז שוופס סודה 1.5,ליטרים,6.00,ליטר,false,,12.10,2.0167,true,1,2490314
7290019056171,false,שוופס סודה לימון 1.5 ליטר רביעייה פיקדון,"יפאורה תבורי בע""מ",IL,רביעית שוופס סודה לי,ליטרים,6.00,ליטר,false,,12.10,2.0167,true,1,2490329
7290019056188,false,שוופס סודה נענע ליים 1.5 ליטר רביעייה פיקדון,"יפאורה תבורי בע""מ",IL,מארז 4 יח' שוופס סוד,ליטרים,6.00,ליטר,false,,12.10,2.0167,true,1,2490330
7290019056195,false,שוופס סודה למון גראס ג'ינג'ר 1.5 ליטר רביעייה פיקדון,"יפאורה תבורי בע""מ",,מארז שוופס סודה למון,ליטרים,6.00,ליטר,false,,12.10,2.0167,true,1,2490331
7290019056201,false,שוופס סודה פירות יער 1.5 ליטר רביעייה פיקדון,"יפאורה תבורי בע""מ",IL,מארז 4 יח' שוופס סוד,ליטרים,6.00,ליטר,false,,12.10,2.0167,true,1,2490343
7290019056232,false,משקה מוגז בטעם ליים מוחיטו 1.5 ל' שוופס,"יפאורה תבורי בע""מ",IL,שוופס מוגז ליים מוחי,ליטרים,1.50,ליטר,false,,9.50,6.3333,true,1,2490370
7290019056249,false,שוופס מים בטעמים ענבים 1.5 ליטר פיקדון,"יפאורה תבורי בע""מ",IL,שוופס Water ענבים 1.,ליטרים,1.50,ליטר,false,,8.90,5.9333,true,1,2490298
7290019056256,false,שוופס מים בטעמים תפוחים 1.5 ליטר פיקדון,"יפאורה תבורי בע""מ",IL,שוופס Water תפוחים 1,ליטרים,1.50,ליטר,false,,8.90,5.9333,true,1,2490299
7290019056263,false,שוופס מים בטעמים אפרסק 1.5 ליטר פיקדון,"יפאורה תבורי בע""מ",IL,שוופס Water אפרסק 1.,ליטרים,1.50,ליטר,false,,8.90,5.9333,true,1,2490300
7290019056270,false,שוופס מים בטעמים פירות יער 1.5 ליטר פיקדון,"יפאורה תבורי בע""מ",IL,שוופס Water פירות יע,ליטרים,1.50,ליטר,false,,8.90,5.9333,true,1,2490301
7290019056294,false,שוופס ג'ינג'ר אייל 1.5 ליטר פיקדון,"יפאורה תבורי בע""מ",IL,"שוופס ג""ינג""ר 1.5 לי",ליטרים,1.50,ליטר,false,,11.90,7.9333,true,1,2490371
7290019056300,false,משקה בטעם ביטר לימון 1.5 ל' שוויפס,"יפאורה תבורי בע""מ",IL,שוופס ביטר לימון 1.5,ליטרים,1.50,ליטר,false,,11.90,7.9333,true,1,2490377
7290019056317,false,שוופס ראשן 1.5 ליטר פיקדון,"יפאורה תבורי בע""מ",IL,שוופס RUSSCHIAN,ליטרים,1.50,ליטר,false,,11.90,7.9333,true,1,2490378
7290019056324,false,שוופס טוניק 1.5 ליטר פיקדון,"יפאורה תבורי בע""מ",IL,שוופס טוניק 1.5 ליטר,ליטרים,1.50,ליטר,false,,11.90,7.9333,true,1,2490379
7290019056331,false,שוופס טוניק ללא סוכר 1.5 ליטר פיקדון,"יפאורה תבורי בע""מ",IL,שוופס טוניק ללא סוכר,ליטרים,1.50,ליטר,false,,10.90,7.2667,true,1,2490385
7290019056355,false,משקה בטעם לימונענע עם חתיכות פרי,"יפאורה תבורי בע""מ",IL,תפוזינה 1.5 ליטר לימ,ליטרים,1.50,ליטר,false,,8.90,5.9333,true,1,2490246
7290019056362,false,תפוזינה ענבים 1.5 ליטר פיקדון,"יפאורה תבורי בע""מ",IL,תפוזינה 1.5 ליטר ענב,ליטרים,1.50,ליטר,false,,8.90,5.9333,true,1,2490247
7290019056379,false,תפוזינה תפוזים 1.5 ליטר פיקדון,"יפאורה תבורי בע""מ",IL,תפוזינה 1.5 ליטר תפו,ליטרים,1.50,ליטר,false,,8.90,5.9333,true,1,2490248
7290019056386,false,פתוזינה אשכולית 1.5 ליטר פיקדון,"יפאורה תבורי בע""מ",IL,תפוזינה 1.5 ליטר אשכ,ליטרים,1.50,ליטר,false,,8.90,5.9333,true,1,2490249
7290019056393,false,תפוזינה תות בננה 1.5 ליטר פיקדון,"יפאורה תבורי בע""מ",IL,תפוזינה 1.5 ליטר תות,ליטרים,1.50,ליטר,false,,8.90,5.9333,true,1,2490250
7290019056409,false,תפוזינה מנגו 1.5 ליטר פיקדון,"יפאורה תבורי בע""מ",IL,תפוזינה 1.5 ליטר מנג,ליטרים,1.50,ליטר,false,,8.90,5.9333,true,1,2490251
7290019056416,false,מיץ בטעם לימונדה ורודה 1.5 ל' תפוזינה,"יפאורה תבורי בע""מ",IL,תפוזינה 1.5 ליטר לימ,ליטרים,1.50,ליטר,false,,8.90,5.9333,true,1,2490252
7290019056423,false,מיץ בטעם תפוח רענן 1.5ל' תפוזינה,"יפאורה תבורי בע""מ",IL,תפוזינה 1.5 ליטר תפו,ליטרים,1.50,ליטר,false,,8.90,5.9333,true,1,2490253
7290019056430,false,תפוזינה תפוזים לייט 1.5 ליטר פיקדון,"יפאורה תבורי בע""מ",IL,תפוזינה 1.5 ליטר תפו,ליטרים,1.50,ליטר,false,,7.90,5.2667,true,1,2490254
7290019056447,false,תפוזינה אשכוליות לייט 1.5 ליטר פיקדון,"יפאורה תבורי בע""מ",IL,תפוזינה 1.5 ליטר אשכ,ליטרים,1.50,ליטר,false,,7.90,5.2667,true,1,2490255
7290019056461,false,מארז משקה בטעם קולה שישייה * 1.5 ל' אר.סי,"יפאורה תבורי בע""מ",IL,RC קולה שישיית 1.5,ליטרים,9.00,ליטר,false,,39.90,4.4333,true,1,2490403
7290019056478,false,ספרינג טי קר אפרסק 1.5ליטר פיקדון,"יפאורה תבורי בע""מ",IL,ספרינג TEA אפרסק 1.5,ליטרים,1.50,ליטר,false,,7.90,5.2667,true,1,2490277
7290019056485,false,ספריג תה ירוק לימון לואיזה 1.5 ליטר פיקדון,"יפאורה תבורי בע""מ",IL,ספרינג TEA תה ירוק ל,ליטרים,1.50,ליטר,false,,7.90,5.2667,true,1,2490278
7290019056492,false,ספרינג תה מנגו אפרסק 1.5 ליטר פיקדון,"יפאורה תבורי בע""מ",IL,ספרינג TEA תה מנגו א,ליטרים,1.50,ליטר,false,,7.90,5.2667,true,1,2490279
7290019056508,false,פרוט ווטר ענבים 1.5 ליטר פיקדון,"יפאורה תבורי בע""מ",IL,משקה Fruit Water ענב,ליטרים,1.50,ליטר,false,,8.90,5.9333,true,1,2490286
7290019056515,false,פרוט ווטר אננס 1.5 ליטר פיקדון,"יפאורה תבורי בע""מ",IL,משקה Fruit Water אננ,ליטרים,1.50,ליטר,false,,8.90,5.9333,true,1,2490287
7290019056522,false,פרוט ווטר תות 1.5 ליטר פיקדון,"יפאורה תבורי בע""מ",IL,משקה Fruit Water תות,ליטרים,1.50,ליטר,false,,8.90,5.9333,true,1,2490288
7290019056539,false,פרוט ווטר אפרסק 1.5 ליטר פיקדון,"יפאורה תבורי בע""מ",IL,משקה Fruit Water אפר,ליטרים,1.50,ליטר,false,,8.90,5.9333,true,1,2490289
7290019056546,false,פרוט ווטר אבטיח 1.5 ליטר פיקדון,"יפאורה תבורי בע""מ",IL,משקה Fruit Water אבט,ליטרים,1.50,ליטר,false,,8.90,5.9333,true,1,2490290
7290019056553,false,עין גדי מים מינרלים 2 ליטר*6 יח',עין גדי מים מינרליים,IL,עין גדי מים שישייה 2,ליטרים,12.00,ליטר,false,,12.70,1.0583,true,1,2490230
7290019056560,false,עין גדי 2 ליטר בק' בודד פיקדון,יפאורה תבורי,IL,עין גדי 2 ליטר מים,ליטרים,2.00,ליטר,false,,3.20,1.6000,true,1,2490413
7290019056577,false,ספרינג מנגו 1.5 ליטר פיקדון,"יפאורה תבורי בע""מ",IL,ספרינג מנגו 1.5 ליטר,ליטרים,1.50,ליטר,false,,8.90,5.9333,true,1,2490231
7290019056584,false,ספרינג תפוזים 1.5 ליטר פיקדון,"יפאורה תבורי בע""מ",IL,ספרינג תפוזים 1.5 לי,ליטרים,1.50,ליטר,false,,8.90,5.9333,true,1,2490232
7290019056591,false,ספרינג ענבים 1.5 ליטר פיקדון,"יפאורה תבורי בע""מ",IL,ספרינג ענבים 1.5 ליט,ליטרים,1.50,ליטר,false,,8.90,5.9333,true,1,2490233
7290019056607,false,ספרינג תפוחים 1.5 ליטר פיקדון,"יפאורה תבורי בע""מ",IL,ספרינג תפוחים 1.5 לי,ליטרים,1.50,ליטר,false,,8.90,5.9333,true,1,2490234
7290019056614,false,ספרינג אפרסק 1.5 ליטר פיקדון,"יפאורה תבורי בע""מ",IL,ספרינג אפרסק 1.5 ליט,ליטרים,1.50,ליטר,false,,8.90,5.9333,true,1,2490235
7290019056621,false,ספרינג פירות טרופיים 1.5 ליטר פיקדון,"יפאורה תבורי בע""מ",IL,ספרינג פירות טרופיים,ליטרים,1.50,ליטר,false,,8.90,5.9333,true,1,2490236
7290019056638,false,ספרינג תות בננה 1.5 ליטר פיקדון,"יפאורה תבורי בע""מ",IL,ספרינג תות בננה 1.5,ליטרים,1.50,ליטר,false,,8.90,5.9333,true,1,2490237
7290019056645,false,ספרחנג אגס תפוח סברס 1.5 ליטר פיקדון,"יפאורה תבורי בע""מ",IL,ספרינג אגס תפוח סברס,ליטרים,1.50,ליטר,false,,8.90,5.9333,true,1,2490238
7290019056652,false,ספרינג אננס בננה 1.5 ליטר פיקדון,"יפאורה תבורי בע""מ",IL,ספרינג אננס בננה 1.5,ליטרים,1.50,ליטר,false,,8.90,5.9333,true,1,2490239
7290019056669,false,ספרינג תפוחים גיאט 1.5 ליטר פיקדון,"יפאורה תבורי בע""מ",IL,ספרינג תפוחים דיאט 1,ליטרים,1.50,ליטר,false,,7.90,5.2667,true,1,2490240
7290019056676,false,מיץ דיאט בטעם אשכוליות ואננס 1.5ל' ספרינג,"יפאורה תבורי בע""מ",IL,ספרינג אשכוליות אננס,ליטרים,1.50,ליטר,false,,7.90,5.2667,true,1,2490256
7290019056720,false,קריסטל מיץ ענבים 2 ליטר פיקדון,יפאורה תבורי,IL,קריסטל ענבים,ליטרים,2.00,ליטר,false,,7.90,3.9500,true,1,2490386
7290019056737,false,מיץ בטעם אשכוליות 2 ל' קריסטל,יפאורה תבורי,IL,קריסטל אשכוליות,ליטרים,2.00,ליטר,false,,7.90,3.9500,true,1,2490387
7290019056744,false,קריסטל מיץ תפוזים 2 ליטר פיקדון,יפאורה תבורי,IL,קריסטל תפוזים,ליטרים,2.00,ליטר,false,,7.90,3.9500,true,1,2490388
7290019056751,false,קריסטל מיץ אשכוליות דיאט 2 ליטר פיקדון,יפאורה תבורי,IL,קריסטל דיאט אשכולית,ליטרים,2.00,ליטר,false,,6.90,3.4500,true,1,2490389
7290019056768,false,קריסטל מיץ מנגו 2 ליטר פיקדון,יפאורה תבורי,IL,קריסטל מנגו,ליטרים,2.00,ליטר,false,,7.90,3.9500,true,1,2490390
7290019056775,false,קריסטל מוגז ענבים 2 ליטר פיקדון,יפאורה תבורי,IL,קריסטל ענבים,ליטרים,2.00,ליטר,false,,7.90,3.9500,true,1,2490391
7290019056782,false,משקה מוגז בטעם לימון ליים 2 ל' קריסטל,יפאורה תבורי,IL,קריסטל לימון,ליטרים,2.00,ליטר,false,,7.90,3.9500,true,1,2490392
7290019056805,false,קריסטל מוגז תפוחים 2 ליטר פיקדון,יפאורה תבורי,IL,קריסטל תפוח מוגז,ליטרים,2.00,ליטר,false,,7.90,3.9500,true,1,2490394
7290019056812,false,קריסטל מוגז מנטה 2 ליטר פיקדון,יפאורה תבורי,IL,קריסטל מנטה,ליטרים,2.00,ליטר,false,,7.90,3.9500,true,1,2490395
7290019056829,false,קריסטל מוגז תפוזים 2 ליטר פיקדון,קריות זול,,קריסטל אורנג',ליטרים,2.00,ליטר,false,,7.90,3.9500,true,1,2490396
7290019056836,false,קריסטל מוגז תות 2 ליטר פיקדון,יפאורה תבורי,IL,קריסטל תות,ליטרים,2.00,ליטר,false,,7.90,3.9500,true,1,2490404
7290019056850,false,ספרינג תה אפרסק דיאט 1.5 ליטר פיקדון,"יפאורה תבורי בע""מ",IL,ספרינג תה 1.5 אפרסק,ליטרים,1.50,ליטר,false,,7.90,5.2667,true,1,2490280
7290019056959,false,מי עדן 1.5 ליטר בק' בודד פיקדון,מופק ממקור בזלתי עדן,IL,מי עדן 1.5 ליטר,ליטרים,1.50,ליטר,false,,2.90,1.9333,true,1,2490406
7290019056973,false,מי עדן 1.5 ליטר שישייה פיקדון,מופק ממקור בזלתי עדן,IL,מי עדן שישייה 1.5 לי,ליטרים,9.00,ליטר,false,,13.70,1.5222,true,1,2490407
7290019074090,false,"ד""ר פישר - קמיל בלו אקסטרה סופט אל סבון לתינוק 500 מ""ל",,,אלסבון קמיל בלו אקסט,מיליליטרים,500.00,"מ""ל",false,,22.90,0.0458,true,1,2536331
7290019074298,false,"ד""ר פישר - קמיל בלו אקסטרה סופט שמפו לתינוק 500 מ""ל",,,שמפו קמיל בלו אקסטר,מיליליטרים,500.00,"100 מ""ל",false,,22.90,0.0458,true,1,2536339
7290019075103,false,קמיל בלו אקסטרה סופט שמפו לתינוק ל',,,שמפו קמיל בלו אקסטר,ליטרים,1.00,ליטר,false,,32.90,32.9000,true,1,2536333
7290019075400,false,תחליב רחצה עדין שיבו,פישר מעבדות פרמצבטיו,IL,תחליב רחצה אפקטיב קר,מיליליטרים,700.00,"100 מ""ל",false,,12.90,0.0184,true,1,2530454
7290019075479,false,"ד""ר פישר - קמיל בלו קלאסיק שמפו לתינוק 1 ליטר",,,קמיל בלו קלאסיק שמפ,ליטרים,1.00,ליטר,false,,21.90,21.9000,true,1,2530104
7290019075608,false,תחליב רחצה אפקטיב קר,פישר מעבדות פרמצבטיו,IL,תחליב רחצה אפקטיב קר,מיליליטרים,700.00,"100 מ""ל",false,,12.90,0.0184,true,1,2530455
7290019075899,false,קמיל בלו אקסטרה סופט אל סבון לתינוק ל',,,אלסבון קמיל בלו אקסט,ליטרים,1.00,ליטר,false,,32.90,32.9000,true,1,2536325
7290019142096,false,קולפן Y להב ג'וליאן,,,קולפן Y להב ג'וליאן,יחידה,0.00,יחידה,false,,25.90,0.0000,true,1,2531202
7290019142355,false,כוס תרמית נירוסטה 38,,,כוס תרמית נירוסטה 38,יחידה,0.00,יחידה,false,,59.90,0.0000,true,1,2531222
7290019142652,false,"קערית בול 14 ס""מ לוצ",,,"קערית בול 14 ס""מ לוצ",יחידה,0.00,יחידה,false,,16.90,0.0000,true,1,2531240
7290019143086,false,מאג ניו בון ציינה פר,,,מאג ניו בון ציינה פר,יחידה,0.00,יחידה,false,,16.90,0.0000,true,1,2531253
7290019144144,false,מאג ניו בון ציינה גד,,,מאג ניו בון ציינה גד,יחידה,0.00,יחידה,false,,19.90,0.0000,true,1,2509706
7290019153078,false,"שוופס ביטר למון לייט, 1.5 ליטר פקדון","יפאורה תבורי בע""מ",IL,שוופס ביטר למון לייט,ליטרים,1.50,ליטר,false,,10.90,7.2667,true,1,2499520
7290019153085,false,"שוופס ללא סוכר מוחיטו, 1.5 ליטר פקדון","יפאורה תבורי בע""מ",IL,שוופס ליים מוחיטו לל,ליטרים,1.50,ליטר,false,,9.50,6.3333,true,1,2499514
7290019153245,false,שוופס סודה לימון 500,,,שוופס סודה לימון 0.5,ליטרים,0.50,ליטר,false,,4.20,8.4000,true,1,2515861
7290019153252,false,שוופס סודה תפוח 1.5 ליטר רביעייה פיקדון,"יפאורה תבורי בע""מ",IL,רביעית שוופס סודה תפ,ליטרים,6.00,ליטר,false,,12.10,2.0167,true,1,2515611
7290019153269,false,שוופס סודה אננס 1.5 ליטר רביעייה פיקדון,"יפאורה תבורי בע""מ",IL,רביעית שוופס סודה אנ,ליטרים,6.00,ליטר,false,,12.10,2.0167,true,1,2515612
7290019153276,false,שוופס סודה אננס 1.5 ליטר בק' בודד פיקדון,,,סודה שוופס אננס 1.5,ליטרים,1.50,ליטר,false,,3.20,2.1333,true,1,2522249
7290019153290,false,שוופס סודה תפוח 1.5 ליטר בק' בודד פיקדון,,,סודה שוופס תפוח 1.5,ליטרים,1.50,ליטר,false,,3.20,2.1333,true,1,2522250
7290019153313,false,"משקהתפוח חמוציות אוכמניות 350 מ""ל פרות & ווג",יפאורה תבורי בעמ,IL,משקה קל תפוח חמוציות,מיליליטרים,350.00,"100 מ""ל",false,,6.50,0.0186,true,1,2520339
7290019153344,false,מיץ בטעם סנגרייה 1.5 ל' תפוזינה,"יפאורה תבורי בע""מ",IL,תפוזינה 1.5 ליטר סנג,ליטרים,1.50,ליטר,false,,8.90,5.9333,true,1,2515618
7290019153375,false,מיץ בטעם מוחיטו 1.5 ל' תפוזינה,"יפאורה תבורי בע""מ",IL,תפוזינה 1.5 ליטר מוח,ליטרים,1.50,ליטר,false,,8.90,5.9333,true,1,2515620
7290019153566,false,ספרינג רימון אוכמניות דובדבן 1.5 ליטר,יפאורה תבורי,IL,ספרינג רימון אוכמניו,ליטרים,1.50,ליטר,false,,9.20,6.1333,true,1,2528835
7290019167020,false,עוגת גבינה עם פירות יער לייט 80 ג' קינוחי עדן,עדן קינוחים Eden,,עוגת גבינה עם פירות,גרמים,80.00,100 גרם,false,,6.90,0.0863,true,1,2541619
7290019167037,false,תותים בקצפת 82 ג' קינוחי עדן,עדן קינוחים Eden,,תותים בקצפת 82 גרם,גרמים,82.00,100 גרם,false,,6.90,0.0841,true,1,2541620
7290019167044,false,קצפת עם קרם בייגלה מתוק מלוח 82 ג' עדן,עדן קינוחים Eden,,קצפת עם קרם בייגלה מ,גרמים,82.00,100 גרם,false,,6.90,0.0841,true,1,2541621
7290019204008,false,עוף טוב פסטרמה ארבעה פלפלים 350גרם,עיצובים 2020 (4.9),,עוף טוב פסטרמה ארבע,גרמים,350.00,100 גרם,false,,24.90,0.0711,true,1,2521219
7290019204206,false,עוף טוב פסטרמה בסגנון רומני 320גרם,עיצובים 2020 (4.9),,עוף טוב פסטרמה בסגנו,גרמים,320.00,100 גרם,false,,24.90,0.0778,true,1,2521221
7290019204305,false,חזה הודו פסטרמה ברביקיו 350 גר',עיצובים 2020 (4.9),,עוף טוב פסטרמה ברביק,גרמים,350.00,100 גרם,false,,24.90,0.0711,true,1,2521222
7290019226109,false,אננס פרוס תומר 565 ג,,,תומר אננס פרוס,גרמים,565.00,100 גרם,false,,7.90,0.0140,true,1,2548937
7290019232155,false,"חליטת ""לילה טוב"" קמומיל לבנדר ו25 שקיקים ויסוצקי",ויסוצקי,IL,תה חליטה קמומיל לבנד,גרמים,37.50,100 גרם,false,,19.90,0.5307,true,1,2542786
7290019232162,false,"חליטת ""לילה טוב"" קמומיל מליסה 25 שקיקים ויסוצקי",ויסוצקי,IL,תה חליטה קמומיל מליס,גרמים,37.50,100 גרם,false,,19.90,0.5307,true,1,2542787
7290019232179,false,תה ירוק נענע STAY WELL שקיקים 25 ויסוצקי,ויסוצקי,IL,תה ירוק נענע STAY WA,גרמים,37.50,100 גרם,false,,19.90,0.5307,true,1,2542788
7290019232186,false,תה ירוק לימונית לואיזהSTAY WELL 25 שקיקים ויסוצקי,ויסוצקי,IL,תה ירוק לימונית ולוא,גרמים,37.50,100 גרם,false,,19.90,0.5307,true,1,2542789
7290019232193,false,תה ירוק לימונית ג'ינג'ר STAY WELL שקיקים 25 ויסוצקי,ויסוצקי,IL,תה ירוק לימונית וג'י,גרמים,37.50,100 גרם,false,,19.90,0.5307,true,1,2542790
7290019232353,false,תה ירוק סיני 50 שקיקים ויסוצקי,ויסוצקי,IL,תה ירוק סיני 50,גרמים,75.00,100 גרם,false,,39.90,0.5320,true,1,2530263
7290019232377,false,חווית הצ'איתה שחור בטעם וניל והל 25 יח' ויסוצקי,קריות זול,IL,צאי וניל הל,גרמים,50.00,100 גרם,false,,17.90,0.3580,true,1,2541940
7290019232384,false,חווית הצ'אי תה שחור בטעם מוקה 25*50 ג' ויסוצקי,קריות זול,IL,צאי מוקה,גרמים,50.00,100 גרם,false,,17.90,0.3580,true,1,2541941
7290019232827,false,הולגריין ביסקוויט במילוי אגוזי לוז 300 גרם רבנות,"אולקר ביסקווי סנאי,",TR,הולגריין ביסקוויט במ,גרמים,300.00,100 גרם,false,,10.90,0.0363,true,1,2544782
7290019232834,false,בייגלה מצופה קרם עוגיות ושוקולד 140 גרם פליפז - רבנות,אולקר מקבוצת פלאדיס,TR,בייגלה מצופה שוקולד,גרמים,140.00,100 גרם,false,,8.90,0.0636,true,1,2514000
7290019233008,false,רוטב עגבניות עם קוביות ארטישוק ושמן זית 420ג ויסוצקי,זיתא,IT,שקשוקה ארטישוק- רוטב,גרמים,420.00,100 גרם,false,,12.90,0.0307,true,1,2531415
7290019233015,false,רוטב שקשוקה תבשיל ירקות עם שמן זית כתית מעולה 420ג זיתא,זיתא,IT,שקשוקה ירוקה- תבשיל,יחידה,0.00,יחידה,false,,12.90,0.0000,true,1,2531416
7290019233022,false,שקשוקה חצילים רוטב עגבניות עם קוביות חצילים צלויים,זיתא,IT,שקשוקה חצילים- רוטב,גרמים,420.00,100 גרם,false,,12.90,0.0307,true,1,2531417
7290019233039,false,שקשוקה קלאסית- רוטב עגבניות עם קוביות פלפלים צלויים,זיתא,IT,שקשוקה קלאסית- רוטב,יחידה,0.00,יחידה,false,,12.90,0.0000,true,1,2531418
7290019233046,false,זיתא זית קלמטה בלונד 215 גר',זיתא,IL,זית קלמטה בלונד מרינ,גרמים,215.00,100 גרם,false,,12.90,0.0600,true,1,2495772
7290019297192,false,חטיף גרנולה עם שקדים ושוקולד 175 ג',,MK,חטיף גרנולה עם שקדים,גרמים,175.00,100 גרם,false,,9.90,0.0566,true,1,2544741
7290019297208,false,חטיף גרנולה עם פירות יבשים 175 ג',,MK,חטיף גרנולה עם פירות,גרמים,175.00,100 גרם,false,,9.90,0.0566,true,1,2544742
7290019297239,false,צימוק חום 250 גרם בק,"דין שיווק וקליה בע""מ",,צימוק חום 250 גרם בק,גרמים,250.00,100 גרם,false,,12.90,0.0516,true,1,1327682
7290019297246,false,שזיף מיובש עם גרעין,"דין שיווק וקליה בע""מ",,שזיפים 250 גרם בקופס,גרמים,250.00,100 גרם,false,,17.90,0.0716,true,1,1327683
7290019297451,false,מי ורדים שקדיה 500 מ,אף.סי תבליני בגליל ב,BE,"מי ורדים 500 מ""ל",מיליליטרים,500.00,"100 מ""ל",false,,13.90,0.0278,true,1,2527214
7290019297505,false,רוטב רימונים שקדיה 700 ג',דין שיווק,TR,"רוטב רימונים בד""צ 1",מיליליטרים,1000.00,"100 מ""ל",false,,19.90,0.0199,true,1,1327684
7290019297512,false,רוטב רימונים שקדיה 340 ג',דין שיווק,TR,"רוטב רימונים בד""צ 34",גרמים,340.00,100 גרם,false,,9.90,0.0291,true,1,1327685
7290019297536,false,חמאת בוטנים עם שברי בוטנים Crazy or Nuts,דין שיווק,,חמאת בוטנים עם שברי,גרמים,510.00,100 גרם,false,,9.90,0.0194,true,1,1327686
7290019297543,false,חמאת בוטנים שקדיה 51,דין שיווק,,חמאת בוטנים 510 גרם,גרמים,510.00,100 גרם,false,,9.90,0.0194,true,1,1327687
7290019297550,false,בוטנים מטוגנים בקופסא 185 גרם,קריניציה ויטמינה אס,IL,בוטנים מטוגנים 185 ג,גרמים,185.00,100 גרם,false,,7.90,0.0427,true,1,1327688
7290019302315,false,"באזז אבטיח מלון 750 מ""ל",יקבי כרמל,IL,באזז אבטיח מלון,מיליליטרים,750.00,"100 מ""ל",false,,24.90,0.0332,true,1,2521848
7290019443124,false,בירה נגב אואזיס חדש,הכרם משקאות חריפים ב,IL,בירה נגב אואזיס,ליטרים,330.00,100 ליטר,false,,14.90,0.0452,true,1,2527183
7290024486482,false,פרמיו בקר וכבד 15 גר,,,פרמיו בקר וכבד 15 גר,גרמים,15.00,100 גרם,false,,6.90,0.4600,true,1,2538667
7290100235324,false,בונז'ור עוגת בריוש גבינה 500ג',בונז'ור,IL,בונז'ור עוגת בריוש גבינה,גרמים,550.00,100 גרם,false,,29.90,0.0544,true,1,1305873
7290100235553,false,בונז'ור עוגת בריוש תפוח עם אגוזים 550 ג',בונז'ור,IL,בונז'ור עוגת בריוש תפוחים,יחידה,0.00,יחידה,false,,29.90,0.0000,true,1,1305878
7290100240632,false,"פתית 6 דגנים תלמה 250 גר בד""צ",יוניליוור ישראל מזון,IL,"פתית 6 דגנים בד""צ חדש 250",גרמים,250.00,100 גרם,false,,15.90,0.0636,true,1,1341461
7290100240656,false,"פתית שיפון תלמה 300ג' בד""צ",יוניליוור ישראל מזון,IL,"פתית שיפון בד""צ חדש 300 ג",גרמים,300.00,100 גרם,false,,15.90,0.0530,true,1,1341462
7290100243671,false,מרכך כביסה אקסטרא בניחוח יסמין מרענן,יוניליוור סנאיי וי ט,TR,Badin RC Conc Liquid Blue,מיליליטרים,960.00,"100 מ""ל",false,,15.90,0.0166,true,1,1341487
7290100245231,false,נמס בכוס מרק בטעם עוף עם אטריות ושקדי מרק-2 שקיות,יוניליוור ישראל מזון,IL,נמס בכוס טעם עוף ושקדי מר,גרמים,48.00,100 גרם,false,,6.50,0.1354,true,1,1341503
7290100249598,false,"רוטב לבישול שום ודבש קנור 320ג' בד""צ",יוניליוור ישראל מזון,IL,קנור בישול ברטבים שום ודב,גרמים,320.00,100 גרם,false,,12.90,0.0403,true,1,1341574
7290100249659,false,רוטב לעוף צ'ילי ושום 320 ג' קנור,יוניליוור ישראל מזון,IL,רוטב צ'ילי שום 320 ג,גרמים,320.00,100 גרם,false,,12.90,0.0403,true,1,1341579
7290100412343,false,קוויק מגבונים לניקוי כללי בניחוח לימון 50 יח',,,מגבונים לניקוי כללי,יח',50.00,יח',false,,7.90,0.1580,true,1,1470224
7290100412435,false,קוויק מגבונים לניקוי כללי בניחוח פרחי בר 50 יח',האי נאם סי או אל.טי.,IL,מגבונים לניקוי כללי,יח',50.00,יח',false,,7.90,0.1580,true,1,1470225
7290100412732,false,"תחליב גוף לעור יבש וילד פלאויר דר עור 400 מ""ל","ד""ר עור DOCTOR OR",,"תחליב גוף ד""ר עור 40",מיליליטרים,400.00,"100 מ""ל",false,,19.90,0.0497,true,1,1758576
7290100412749,false,ג'ל ניקוי פנים לעור יבש פרחי בר 150 מל DR OR,אמיליה קוסמטיקס בעמ,IL,ג'ל ניקוי פנים 150 מ,מיליליטרים,150.00,"100 מ""ל",false,,19.90,0.1327,true,1,1758589
7290100412756,false,קרם ידיים לעור יבש פרחי בר 100 מל DR OR,"ד""ר עור DOCTOR OR",,"קרם ידיים 100 מ""ל ד""",מיליליטרים,100.00,"100 מ""ל",false,,10.90,0.1090,true,1,1758590
7290100412763,false,"תחליב רחצה ד""ר עור לבנדר 700 מ""ל","ד""ר עור DOCTOR OR",,"תחליב רחצה 700 מ""ל ד",מיליליטרים,700.00,"100 מ""ל",false,,19.90,0.0284,true,1,1758598
7290100412787,false,"ד""ר עור - תחליב רחצה קלאסי בניחוח פריחת הכותנה 700 מ""ל","ד""ר עור DOCTOR OR",,"תחליב רחצה 700 מ""ל ד",מיליליטרים,700.00,"100 מ""ל",false,,19.90,0.0284,true,1,1758600
7290100412794,false,"תרחיץ פנים קלאסק מאסק פילינג דר עור 150 מ""ל","ד""ר עור DOCTOR OR",,"פילינג לפנים 150 מ""ל",מיליליטרים,150.00,"100 מ""ל",false,,19.90,0.1327,true,1,1758591
7290100412800,false,"תחליב רחצה לעור יבש וילד פלאור דר עור 700 מ""ל","ד""ר עור DOCTOR OR",,"תחליב רחצה 700 מ""ל ד",מיליליטרים,700.00,"100 מ""ל",false,,19.90,0.0284,true,1,1758601
7290100412831,false,תחליב רחצה אנטי אייג'ינג בניחוח וניל טרופי,"ד""ר עור DOCTOR OR",,"תחליב רחצה 700 מ""ל ד",מיליליטרים,700.00,"100 מ""ל",false,,19.90,0.0284,true,1,1758602
7290100412848,false,DR OR תחליב גוף אנטי אייגינג וניל מעודן 400 מל,"ד""ר עור DOCTOR OR",,"תחליב גוף ד""ר עור 40",מיליליטרים,400.00,"100 מ""ל",false,,19.90,0.0497,true,1,1758577
7290100653463,false,"פלמוליב - ארומה ג'ל רחצה מסאז' 500 מ""ל",קולגייט פלמוליב,IT,פלמוליב סבון נוזלי ספא מס,מיליליטרים,500.00,"100 מ""ל",false,,15.90,0.0318,true,1,1339005
7290100653586,false,"דאו' ליידי ספיד סטיק 24/7 ג'ל ורוד 50מ""ל",ליידי ספיד סטיק Lady Speed Stick,US,ליידי ספיד סטיק 24/7 גל ו,גרמים,65.00,100 גרם,false,,17.90,0.2754,true,1,1339006
7290100658338,false,נוזל כלים אוקסי פלוס עם נוסחת החמצן הפעיל,הנסיך- מפעל לייצור ט,GR,פלמוליב כלים אוקסי כחול פ,מיליליטרים,750.00,"100 מ""ל",false,,11.90,0.0159,true,1,1339012
7290100659090,false,פרי חטיפים ללא סוכר מארז 5 תמרים וקינמו,טבעית מוצרים מן הטבע,IL,פרי חטיפים ללא סוכר מארז,גרמים,110.00,100 גרם,false,,15.90,0.1445,true,1,1339013
7290100680650,false,מנה חמה נודלס-אטריות ירקות טעם תאילנדי אסם 76 ג',THAI PRESIDENT FOODS,TH,מנה חמה נודלס בסגנון תיאל,גרמים,76.00,100 גרם,false,,6.50,0.0855,true,1,1305888
7290100680667,false,מנה חמה נודלס-אטריות+ירקות טעם סצ'ואן,THAI PRESIDENT FOODS,TH,מנה חמה נודלס בסגנון סצ'ו,גרמים,76.00,100 גרם,false,,6.50,0.0855,true,1,1305889
7290100680711,false,פירורית זהב אסם זהב 350ג',עינת תעשיות מזון,IL,אסם פירורית זהב 350 גרם,גרמים,350.00,100 גרם,false,,7.90,0.0226,true,1,1305890
7290100680728,false,פירורית רגילה שקית 350 גרם,מיוצר עי קונדיטוריית,IL,אסם פירורית 350 גרם,גרמים,350.00,100 גרם,false,,6.90,0.0197,true,1,1305891
7290100681015,false,פודינג אינסטנט ריבת חלב 84 ג' אסם,מיוצר עי קונדיטוריית,IL,אסם פודינג אינסטנט בטעם ר,גרמים,84.00,100 גרם,false,,5.50,0.0655,true,1,1305893
7290100681138,false,מארז אפרופו חטיף תירס 3 יחידות,"אסם השקעות בע""מ",IL,אפרופו קלאסי 50 גרם מארז,גרמים,150.00,100 גרם,false,,11.90,0.0793,true,1,1305895
7290100681503,false,עסיס סירופ לימונענע דיאטטי 1 ליטר,בית-השיטה עסיס תעשיו,IL,עסיס סירופ דיאט בטעם לימו,ליטרים,1.00,ליטר,false,,16.90,16.9000,true,1,1305897
7290100683880,false,אבקה להכנת פירה 260 ג' אסם,"אסם השקעות בע""מ",IL,פירה אסם 260 גר',גרמים,260.00,100 גרם,false,,12.90,0.0496,true,1,1305906
7290100684139,false,פסטה מיני מקרוני 500 ג' אסם,פסטה זארה,IT,אסם פסטה מיני מקרוני 500,גרמים,500.00,100 גרם,false,,5.90,0.0118,true,1,1305907
7290100685068,false,פודינג וניל עם פצפוצי שוקולד 110 ג' אסם,אסם תעשיות,IL,אסם פודינג אינסטנט בטעם ו,גרמים,110.00,100 גרם,false,,5.90,0.0536,true,1,1305913
7290100685136,false,"מרק בטעם עוף 1 ק""ג אסם","אסם השקעות בע""מ",IL,"אסם מרק בטעם עוף 1 ק""ג",גרמים,1000.00,100 גרם,false,,13.90,0.0139,true,1,1305914
7290100685334,false,אבקת מרק עוף אמיתי ר.טבעיים 400ג' אסם,"אסם השקעות בע""מ",IL,אסם מרק עוף אמיתי רכיבים,גרמים,400.00,100 גרם,false,,24.90,0.0622,true,1,1305916
7290100685341,false,מרק בטעם עוף זך רכיבים טבעיים 400 ג' אסם,"אסם השקעות בע""מ",IL,אסם מרק בטעם עוף זך רכיבי,גרמים,400.00,100 גרם,false,,16.90,0.0422,true,1,1305917
7290100686164,false,ביסלי ברביקיו מארז 6 יח' * 35 ג' אסם,מיוצר עי קונדיטוריית,IL,ביסלי ברביקיו 35 גרם מארז,גרמים,210.00,100 גרם,false,,12.90,0.0614,true,1,1305924
7290100686171,false,ביסלי גריל מארז 6 יח' * 35 ג' אסם,אסם תעשיות,IL,ביסלי גריל 35 גרם מארז 6,גרמים,210.00,100 גרם,false,,12.90,0.0614,true,1,1305925
7290100687109,false,במבה במילוי קרם נוגט 60ג' אסם,"אסם השקעות בע""מ",IL,במבה במילוי קרם נוגט 60 ג,גרמים,60.00,100 גרם,false,,4.50,0.0750,true,1,1305928
7290100689301,false,אבקת מרק עוף זך עדיף אסם 400 גר',"אסם השקעות בע""מ",IL,אסם מרק בטעם עוף זך 400 ג,גרמים,400.00,100 גרם,false,,12.90,0.0323,true,1,1305937
7290100700020,false,סוגת גריסי פנינה 500גרם,האי נאם סי או אל.טי.,IL,גריסי פנינה 500 גרם,יחידה,0.00,יחידה,false,,4.90,0.0000,true,1,2396218
7290100700068,false,סוגת שעועית צבעונית 500גרם,,,שעועית צבעונית 500 ג,יחידה,0.00,יחידה,false,,7.90,0.0000,true,1,2396219
7290100700242,false,"אורז מלא עגול סוגת 1 ק""ג","סוגת תעשיות בע""מ",IL,"אורז עגול מלא 1 ק""ג",קילוגרמים,1.00,"ק""ג",false,,12.90,12.9000,true,1,1333143
7290100700273,false,קינואה סוגת 500 גרם,האי נאם סי או אל.טי.,IL,קינואה 500 גרם,גרמים,500.00,100 גרם,false,,12.90,0.0258,true,1,2396220
7290100700297,false,עדשים שחורות סוגת 500 ג',,,עדשים מנומרות 500 גר,יחידה,0.00,יחידה,false,,7.90,0.0000,true,1,2396221
7290100700372,false,"סוגת אורז בסמטי מלא 1 ק""ג",האי נאם סי או אל.טי.,IL,"אורז בסמטי 1מלא ק""ג",קילוגרמים,1.00,"ק""ג",false,,12.90,12.9000,true,1,1333144
7290100700389,false,"אורז אדום סוגת 1 ק""ג",סוגת תעשיות,IL,"אורז אדום 1 ק""ג",קילוגרמים,1.00,"ק""ג",false,,12.90,12.9000,true,1,1333145
7290100700396,false,"סוגת אורז יסמין קלאסי 1 ק""ג",האי נאם סי או אל.טי.,IL,"אורז יסמין קלאסי 1 ק""ג",קילוגרמים,1.00,"ק""ג",false,,11.90,11.9000,true,1,1333146
7290100700563,false,אורז מיקס קלאסי 1 ק',סוגת תעשיות,IL,"אורז מיקס קלאסי 1 ק""ג",קילוגרמים,1.00,"ק""ג",false,,12.90,12.9000,true,1,1333149
7290100700587,false,סוגת בורגול 500 גרם,האי נאם סי או אל.טי.,IL,בורגול 500 גרם,גרמים,500.00,100 גרם,false,,4.90,0.0098,true,1,2396222
7290100701300,false,סוגת קינואה אדומה 500גרם,Unknown,,קינואה אדומה 500 גרם,יחידה,0.00,יחידה,false,,12.90,0.0000,true,1,2396223
7290100701331,false,קמח רב תכליתי שטיבל קמח חיטה לבן בהיר,"שטיבל בע""מ - טחנות ק",IL,קמח רב תכליתי,קילוגרמים,1.00,"ק""ג",false,,6.90,6.9000,true,1,1333163
7290100701348,false,"קמח שיפון מלא 1ק""ג סוגת",טחנות קמח שטיבל באר,IL,קמח שיפון מלא,קילוגרמים,1.00,"ק""ג",false,,6.90,6.9000,true,1,1333164
7290100701386,false,קמח לחלה קמח חיטה לבן שטיבל,"שטיבל בע""מ - טחנות ק",IL,קמח לחלה,קילוגרמים,1.00,"ק""ג",false,,6.90,6.9000,true,1,1333166
7290100701454,false,גרישה - בורגול דק,"סוגת תעשיות בע""מ",IL,גרישה 500 גרם,גרמים,500.00,100 גרם,false,,4.90,0.0098,true,1,2396224
7290100701577,false,קמח לחם קמח חיטה לבן שטיבל,שטיבל טחנות קמח,IL,קמח לחם,קילוגרמים,1.00,"ק""ג",false,,6.90,6.9000,true,1,1333170
7290100701874,false,"קמח כוסמין 1 ק""ג סוגת",טחנות קמח שטיבל באר,IL,קמח כוסמין מלא + 12,קילוגרמים,1.00,"ק""ג",false,,10.90,10.9000,true,1,1333173
7290100701881,false,קמח פיצה ופוקצ'ה- קמח חיטה לבן בהיר שטיבל,"שטיבל בע""מ - טחנת קמ",IL,קמח פיצה ופוקצ'ה,קילוגרמים,1.00,"ק""ג",false,,6.90,6.9000,true,1,1333174
7290100701898,false,קמח סוגת לפסטה 1 קג,שטיבל טחנות קמח,IL,קמח פסטה + 9,קילוגרמים,1.00,"ק""ג",false,,13.90,13.9000,true,1,1333175
7290100702260,false,קוסקוס דק סוגת 350 גר',סוגת,IL,קוסקוס דק 350 גרם,גרמים,350.00,100 גרם,false,,4.90,0.0140,true,1,1333176
7290100702277,false,קוסקוס עבה סוגת 350 גר',סוגת,IL,קוסקוס עבה 350 גרם,גרמים,350.00,100 גרם,false,,4.90,0.0140,true,1,1333177
7290100702284,false,קוסקוס מלא סוגת 350 גרם,סוגת,IL,קוסקוס מלא 350 גרם,גרמים,350.00,100 גרם,false,,4.90,0.0140,true,1,1333178
7290100702314,false,סוגת שעועית שחורה 500 גרם,,,שעועית שחורה 500 גרם,יחידה,0.00,יחידה,false,,7.90,0.0000,true,1,2396225
7290100702383,false,"קמח תופח סוגת 1 ק""ג",שטיבל טחנות קמח,IL,קמח תופח,קילוגרמים,1.00,"ק""ג",false,,6.90,6.9000,true,1,1333180
7290100703007,false,עדשים שחורות בלוגה סוגת 500 גר',האי נאם סי או אל.טי.,IL,עדשים שחורות בלוגה 5,יחידה,0.00,יחידה,false,,7.90,0.0000,true,1,2396226
7290100703182,false,תבשיל אישי נודלס בטעם ירקות 65 ג' סוגת,,,תבשיל אישי נודלס בטע,גרמים,65.00,100 גרם,false,,4.90,0.0754,true,1,2379712
7290100703199,false,תבשיל אישי נודלס בטעם פיקנטי 65 ג' סוגת,,,תבשיל אישי נודלס בטע,גרמים,65.00,100 גרם,false,,4.90,0.0754,true,1,2379713
7290100703533,false,קמח קסם תערובת קמח עם שמרים,"שטיבל בע""מ",IL,"קמח שמרים 1 ק""ג",קילוגרמים,1.00,"ק""ג",false,,9.90,9.9000,true,1,1500291
7290100703625,false,קמח חיטה לבן ללא צורך בניפוי,סוגת,,קמח לבן ללא ניפוי 1,קילוגרמים,1.00,"ק""ג",false,,7.90,7.9000,true,1,1500292
7290100703632,false,קמח חיטה מלא ללא צורך בניפוי,סוגת,,קמח מלא ללא ניפוי 1,קילוגרמים,1.00,"ק""ג",false,,9.90,9.9000,true,1,1500293
7290100703649,false,"קמח מלא 80% חיטה ללא ניפוי סוגת 1ק""ג",סוגת,,קמח מלא חיטה 80% ללא,קילוגרמים,1.00,"ק""ג",false,,9.90,9.9000,true,1,1500294
7290100703687,false,"קמח חלה ללא ניפוי 1 ק""ג סוגת",סוגת,,קמח חלה ללא ניפוי 1,קילוגרמים,1.00,"ק""ג",false,,9.90,9.9000,true,1,1500297
7290100703861,false,"קמח תערובת קסם לחלה 1 ק""ג סוגת",סוגת,IL,קמח תערובת קסם לחלה,קילוגרמים,1.00,"ק""ג",false,,9.90,9.9000,true,1,2405915
7290100703915,false,פופקורן להכנה במיקרוגל בטעם חמאה - מארז 6 שקיות,סוגת,,מארז פופקורן למיקרו,גרמים,540.00,100 גרם,false,,9.90,0.0183,true,1,1959574
7290100703922,false,פופקורן להכנה במיקרוגל בטעם טבעי - מארז 6 שקיות,סוגת,,מארז פופקורן למיקרו,גרמים,540.00,100 גרם,false,,9.90,0.0183,true,1,1959575
7290100704530,false,סוגת קמח כוסמין לבן ללא צורך בניפוי 1 קג,טחנות קמח שטיבל באר,IL,קמח כוסמין לבן מנופ,קילוגרמים,1.00,"ק""ג",false,,14.90,14.9000,true,1,2464185
7290100704578,false,קמח סוגת כוסמין לבן,,,"קמח כוסמין לבן 1 ק""",קילוגרמים,1.00,"ק""ג",false,,13.90,13.9000,true,1,2464063
7290100704615,false,סוכר לבן דק דק בצנצנת 500 ג',סוגת,,סוכר לבן דק דק בצנצנ,גרמים,500.00,100 גרם,false,,7.90,0.0158,true,1,2488587
7290100704622,false,סוכר דמררה דק דק בצנצנת 500 גרם,סוגת,,סוכר דמררה דק דק בצנ,גרמים,500.00,100 גרם,false,,7.90,0.0158,true,1,2488588
7290100704639,false,קמח שמרים פיתה סוגת,,,"קמח שמרים פיתה 1 ק""ג",קילוגרמים,1.00,"ק""ג",false,,9.90,9.9000,true,1,2464064
7290100704660,false,קינואה מיקס סוגת 500 ג',"סוגת תעשיות בע""מ",IL,קינואה מיקס 500 גרם,גרמים,500.00,100 גרם,false,,12.90,0.0258,true,1,2461476
7290100850909,false,דוריטוס בטעם נאצ'ו מקסיקני,שטראוס פריטו ליי בע,IL,דו.נאצו מקסיקני 70ג/1שק'/,גרמים,70.00,100 גרם,false,,3.50,0.0500,true,1,1343285
7290100850916,false,דוריטוס בטעם חמוץ חריף,"שטראוס פריטו ליי בע""",IL,דוריטוס 70 גרם חמוץ,גרמים,70.00,100 גרם,false,,3.50,0.0500,true,1,1343286
7290100850923,false,דוריטוס גריל 70 גרם,שטראוס פריטו ליי בע,IL,דוריטוס גריל 70גר/1שק'/70,גרמים,70.00,100 גרם,false,,3.50,0.0500,true,1,1343287
7290100850930,false,דוריטוס דיפ טבעי 70ג,שטראוס פריטו ליי בע,IL,דוריטוס דיפ טבעי 70 גר,גרמים,70.00,100 גרם,false,,3.50,0.0500,true,1,1343288
7290100858592,false,אבקת קקאו עלית שקית 150 ג',הנסיך- מפעל לייצור ט,IL,שקית קקאו 150גרם/20שק/150,גרמים,150.00,100 גרם,false,,9.90,0.0660,true,1,1342704
7290100858608,false,אבקת קקאו עלית שקית 500 ג',שטראוס גרופ,IL,קקאו עלית 500 גרם,גרמים,500.00,100 גרם,false,,25.90,0.0518,true,1,1342705
7290100921593,false,מנקה אסלה סוד 4 כדוריות לאסלה לימון נתלה 50 ג',"הנקל סוד בע""מ",HU,סוד סבון אסלה לימון 50 גר,גרמים,50.00,100 גרם,false,,8.90,0.1780,true,1,1360971
7290100921609,false,סוד סבון לאסלה 4 כדוריות בניחוח אוקיינוס 50 ג',הנקל סוד,HU,סוד סבון אסלה אקיינוס 50,גרמים,50.00,100 גרם,false,,8.90,0.1780,true,1,1360972
7290100921616,false,סוד סבון לאסלה 4 כדוריות בניחוח אורנים 50 ג',הנקל סוד,HU,סוד סבון אסלה אורנים 50 ג,גרמים,50.00,100 גרם,false,,8.90,0.1780,true,1,1360973
7290100921623,false,מנקה אסלה סוד 4 כדוריות נתלה אקונומיקה נתלה 50 ג',"הנקל סוד בע""מ",HU,סוד סבון אסלה אקונומיקה 5,גרמים,50.00,100 גרם,false,,8.90,0.1780,true,1,1360974
7290100922569,false,קרם לטיפוח עוד הידיים והגוף- מארז שלישייה,טרופיקל דגיל,IL,קרם ידיים ולוטה מארז 100,מיליליטרים,300.00,"100 מ""ל",false,,19.90,0.0663,true,1,1323182
7290100922651,false,הוואי - סבון מוצק מי קוקוס 100 גרם רביעייה,,,סבון מוצק הוואי מארז,יח',4.00,יח',false,,10.90,2.7250,true,1,1481995
7290100924457,false,כדוריות סבון נתלה לאסלה לימון רענן - 3 יח',הנקל סוד,HU,סוד סבון אסלה שלישיה לימו,גרמים,150.00,100 גרם,false,,14.00,0.0933,true,1,1360992
7290100924464,false,כדוריות סבון נתלה לאסלה עם אקונומיקה - 3 יח',הנקל סוד,HU,סוד סבון אסלה שלישיה אקונ,יח',3.00,יח',false,,14.00,4.6667,true,1,1812520
7290100924631,false,מרכך כביסה מרוכז לבגדי תינוקות ובעלי עור רגיש,"הנקל סוד בע""מ",IL,מרכך כביסה סוד מרוכז בייב,מיליליטרים,900.00,"100 מ""ל",false,,8.90,0.0099,true,1,1391654
7290100924693,false,סוד סבון לאסלה 4 כדוריות בניחוח אוקנומיקה 50 ג',הנקל סוד,HU,סוד סבון אסלה לימון 50 גר,גרמים,50.00,100 גרם,false,,8.90,0.1780,true,1,1373661
7290100925669,false,קולור קאצ'ר - דפים למכונת כביסה 10 יח',הנקל Henkel,,דפים למכונה כביסה קו,יח',10.00,יח',false,,14.90,1.4900,true,1,1446500
7290100925676,false,קולור קאצ'ר- לוכד צבעים בכביסה 20 יח',הנקל סוד,IE,דפים למכונה כביסה קו,יח',20.00,יח',false,,14.90,0.7450,true,1,1446501
7290100925751,false,"סוד נוזל כלים תפוח 650 מ""ל",סוד,,סוד כלים קלאסי 650 מ,מיליליטרים,650.00,"100 מ""ל",false,,5.90,0.0091,true,1,1474111
7290100926147,false,אבקת כביסה פרסיל קולור שקית 2.5 קג,"הנקל סוד בע""מ",IL,פרסיל קולור אבקת כביסה 2.,קילוגרמים,2.50,"ק""ג",false,,28.90,11.5600,true,1,1361010
7290100927717,false,"פרסיל קולור אבקת כביסה 5 ק""ג -מרכז",פרסיל Persil,IL,אבקת כביסה פרסיל קולור 5,קילוגרמים,5.00,"ק""ג",false,,44.90,8.9800,true,1,1361020
7290100928516,false,סוד - ג'ל לכביסה ביד 1 ליטר,"הנקל סוד בע""מ",IL,סוד ג'ל שמפו לכביסה ביד 1,ליטרים,1.00,ליטר,false,,13.90,13.9000,true,1,1361026
7290101110262,false,גלידה מלבי אוריינטלי 1.8ל',,,גלידה מלבי 1.8 ליטר.,ליטרים,1.80,ליטר,false,,27.90,15.5000,true,1,1334753
7290101110279,false,גלידת בליסימו בטעם שוקולד פאדג' פקאן,הגלידות של פלדמן,IL,גלידה שוקו פקאן.,ליטרים,1.30,ליטר,false,,16.90,13.0000,true,1,1334754
7290101110460,false,גלידה בליסימו וניל צרפתי 1.3 ל' פלדמן,הגלידות של פלדמן,IL,גלידת בליסימו וניל צ,ליטרים,1.30,ליטר,false,,16.90,13.0000,true,1,1334756
7290101110811,false,גלידל שלגון בטעם וניל מצופה סורבה פסיפלורה - 8 יח',הגלידות של פלדמן,IL,גלידל פסיפלורה 8יח,גרמים,600.00,100 גרם,false,,29.90,0.0498,true,1,1334758
7290101111269,false,גלידה משפחתית שרבט פ,הגלידות של פלדמן,IL,גלידת טריפל 5טעמים.,ליטרים,1.80,ליטר,false,,19.90,11.0556,true,1,1334762
7290101112112,false,גלידה טירמיסו 1.8 לי,,,גלידה טירמיסו 1.8 לי,ליטרים,1.80,ליטר,false,,27.90,15.5000,true,1,2324830
7290101112228,false,גלידל פרי קרחון מופחת קלוריות בטעם אננס - 8 יח',הגלידות של פלדמן,IL,שמיניית קרחוני דיאט,גרמים,640.00,100 גרם,false,,19.90,0.0311,true,1,1334785
7290101112921,false,גלידל פרי קרחון מופחת קלוריות פירות טרופיים - 8 יח',הגלידות של פלדמן,IL,שמיניית קרחוני דיאט,גרמים,640.00,100 גרם,false,,19.90,0.0311,true,1,1941651
7290101113157,false,גלידל וניל עוגיות מאגדת שישייה 312 ג',הגלידות של פלדמן,IL,מאגדת גלידל וניל עוג,גרמים,312.00,100 גרם,false,,24.90,0.0798,true,1,2470387
7290101113379,false,גלידה יופלה פריזי סורבה תות מאגדת 350 ג',פלדמן,IL,שלגוני יוגורט וסורבה,גרמים,350.00,100 גרם,false,,19.90,0.0569,true,1,2401949
7290101113584,false,מאגדת טילונים שוקולד לבן עם ליבת שוקולד 400 ג',הגלידות של פלדמן,IL,מאגדת טילונים שוקולד,גרמים,400.00,100 גרם,false,,19.90,0.0497,true,1,2473389
7290101113591,false,טילוני יולו גלידת שוקולד לבן עם שברי עוגיות,הגלידות של פלדמן,IL,מאגדת טילונים שוקולד,גרמים,400.00,100 גרם,false,,19.90,0.0497,true,1,2473390
7290101113638,false,גלידת סנקור XL בטעם שוקו וניל עם ביסקוויטים 8 יח',גלידות פלדמן,,גלידה חלבית בשומן צמ,גרמים,560.00,100 גרם,false,,26.90,0.0480,true,1,2473383
7290101411772,false,משקל אדם דיגיטלי עגו,,,משקל אדם דיגיטלי עגו,יחידה,0.00,יחידה,false,,59.90,0.0000,true,1,2335697
7290101413745,false,מערבל יד,,,מערבל יד,יחידה,0.00,יחידה,false,,99.90,0.0000,true,1,2425875
7290101486688,false,פרי חטיפי בריאות מארז 5 דגנים עם שוקולד,טבעית מוצרים מן הטבע,IL,פרי חטיפי בריאות מארז 5 ד,גרמים,100.00,100 גרם,false,,15.90,0.1590,true,1,1339017
7290101488248,false,"ליידי ספיד סטיק - דאודורנט רול און לאישה ורוד פרש פיושן 50 מ""ל",ליידי ספיד סטיק Lady Speed Stick,IT,ליידי 24/7 רול און ורוד ח,מיליליטרים,50.00,"100 מ""ל",false,,14.90,0.2980,true,1,1339020
7290101488286,false,"ליידי ספיד סטיק - דאודורנט ספריי לאישה 24/7 פרש פיוזן ורוד 150 מ""ל",ליידי ספיד סטיק Lady Speed Stick,RU,ליידי 24/7 ספריי ורוד חדש,מיליליטרים,150.00,"100 מ""ל",false,,14.90,0.0993,true,1,1339022
7290101488323,false,ליידי ספיד סטיק - דאודורנט סטיק לאישה ללא סימן ירוק סטיק 65 גרם,ליידי ספיד סטיק Lady Speed Stick,BY,ליידי ספיד סטיק ללא סימן,גרמים,65.00,100 גרם,false,,19.90,0.3062,true,1,1339025
7290101551027,false,קפסולות קפה אספרסו חזק במיוחד 14 עלית 10 יח',הנסיך- מפעל לייצור ט,IL,קפסולות למכונות נספר,גרמים,50.00,100 גרם,false,,16.50,0.3300,true,1,2201015
7290101551263,false,סילאן טבעי ללא תוספת סוכר,"פוליבה בע""מ",IL,סילאן טבעי ללא תוספת,גרמים,700.00,100 גרם,false,,21.90,0.0313,true,1,2064676
7290101551300,false,סילאן טבעי ללא תוספת סוכר בקבוק לחיץ,"פוליבה בע""מ",IL,סילאן טבעי לחיץ 380,גרמים,380.00,100 גרם,false,,15.90,0.0418,true,1,2064677
7290101551539,false,יוגורט PRO בטעם אפרסק 0% 20 גרם חלבון בגביע,דנונה - שטראוס,IL,דנונה פרו 20 גרם חלב,גרמים,200.00,100 גרם,false,,5.90,0.0295,true,1,2093816
7290101551584,false,תפוצ'יפס קידס מארז 10 יח' * 20 ג',"שטראוס פריטו ליי בע""",IL,מארז תפוציפס קידס,גרמים,200.00,100 גרם,false,,12.90,0.0645,true,1,2110847
7290101551614,false,חטיף צ'יטוס קראנץ בטעם גבינה - מארז 8 יח',הנסיך- מפעל לייצור ט,IL,מארז ציטוס קראנצ גבי,גרמים,240.00,100 גרם,false,,12.90,0.0538,true,1,2110854
7290101551638,false,חטיף צ'יטוס כאפה בטעם קטשופ - מארז 10 יח',"שטראוס פריטו ליי בע""",IL,מארז צ'יטוס כאפה 10*,גרמים,200.00,100 גרם,false,,12.90,0.0645,true,1,2110644
7290101551645,false,צ'יטוס איקס עיגול עלית מארז 10 יח' *20ג',הנסיך- מפעל לייצור ט,IL,מארז ציטוס איקס עיגו,גרמים,200.00,100 גרם,false,,12.90,0.0645,true,1,2110841
7290101580409,false,יין כרמים לבן,בנימינה Binyamina,IL,כרמים לבן,מיליליטרים,750.00,"100 מ""ל",false,,29.90,0.0399,true,1,1347639
7290101580942,false,יין כרם קברנה סובניון,בנימינה Binyamina,IL,כרם קברנה סוביניון 2010,מיליליטרים,750.00,"100 מ""ל",false,,19.90,0.0265,true,1,1347658
7290101580959,false,יין כרם מרלו,בנימינה Binyamina,IL,כרם מרלו 2010,מיליליטרים,750.00,"100 מ""ל",false,,19.90,0.0265,true,1,1347659
7290101580966,false,יין כרם אמרלד ריזלינג,בנימינה Binyamina,IL,כרם אמרלד ריזלינג 2010,מיליליטרים,750.00,"100 מ""ל",false,,19.90,0.0265,true,1,1347660
7290101581208,false,יין רזרב Reserve קברנה סוביניון גליל,בנימינה Binyamina,IL,ב.רזרב קברנה סוביניון 201,מיליליטרים,750.00,"100 מ""ל",false,,49.90,0.0665,true,1,1347663
7290101581338,false,יין לבן יבש אבני החושן ישפה,בנימינה Binyamina,,יין לבן אבני החושן י,מיליליטרים,750.00,"100 מ""ל",false,,74.90,0.0999,true,1,1347669
7290101581598,false,יין אבני החושם שוהם,,,יין אבני החושם שוהם,מיליליטרים,750.00,"100 מ""ל",false,,74.90,0.0999,true,1,2409646
7290101581604,false,יין אדום יבש אבני החושן אודם,בנימינה Binyamina,,יין אדום אבני החושן,מיליליטרים,750.00,"100 מ""ל",false,,74.90,0.0999,true,1,1481690
7290101581628,false,יין אדום יבש אבני חושן יהלום,בנימינה Binyamina,,יין אדום אבני החושן,מיליליטרים,750.00,"100 מ""ל",false,,74.90,0.0999,true,1,1530766
7290101581642,false,יין אדום אבני החושן,,,יין אדום אבני החושן,מיליליטרים,750.00,"100 מ""ל",false,,74.90,0.0999,true,1,1347677
7290101581710,false,יין רזרב Reserve שיראז גליל,בנימינה Binyamina,,יין אדום רזרב שיראז,מיליליטרים,750.00,"100 מ""ל",false,,49.90,0.0665,true,1,1474310
7290101581734,false,יין רזרב Reserve מרלו גליל,בנימינה Binyamina,,יין אדום רזרב מרלו,מיליליטרים,750.00,"100 מ""ל",false,,49.90,0.0665,true,1,1476752
7290101582304,false,יין יוגב רוזה גראנש,,,יין יוגב רוזה גראנש,מיליליטרים,750.00,"100 מ""ל",false,,39.90,0.0532,true,1,2507686
7290101582359,false,יין שרדונה המושבה בי,בנימינה Binyamina,,יין המושבה שרדונה,מיליליטרים,750.00,"100 מ""ל",false,,29.90,0.0399,true,1,1879171
7290101582366,false,יין קברנה סוביניון המושבה,בנימינה Binyamina,,יין המושבה קברנה סוב,מיליליטרים,750.00,"100 מ""ל",false,,29.90,0.0399,true,1,1879172
7290101582373,false,ייו רוזה גרנאש המושבה,בנימינה Binyamina,IL,יין המושבה גראנש בלא,מיליליטרים,750.00,"100 מ""ל",false,,29.90,0.0399,true,1,1879173
7290101582380,false,יין המושבה גוורצטרמי,,,יין המושבה גוורצטרמי,מיליליטרים,750.00,"100 מ""ל",false,,29.90,0.0399,true,1,1879174
7290101582397,false,יין מרלו המושבה ביני,בנימינה Binyamina,,יין המושבה מרלו,מיליליטרים,750.00,"100 מ""ל",false,,29.90,0.0399,true,1,1879175
7290101582403,false,יין שיראז המושבה בינ,בנימינה Binyamina,,יין המושבה שיראז,מיליליטרים,750.00,"100 מ""ל",false,,29.90,0.0399,true,1,1879176
7290101582410,false,יין גוורצטרמינר לבן חצי יבש,בנימינה Binyamina,,יין גוורצטרמינר חצי,מיליליטרים,750.00,"100 מ""ל",false,,49.90,0.0665,true,1,2013562
7290101582496,false,יין לבן חצי מתוק אמרלד ריזלינג,בנימינה Binyamina,,יין כחול אמרלד ריזלי,מיליליטרים,750.00,"100 מ""ל",false,,49.90,0.0665,true,1,2379232
7290101582571,false,יין רוזה חצי יבש גרנאש,בנימינה Binyamina,,יין אדום רוזה גראנש,מיליליטרים,750.00,"100 מ""ל",false,,49.90,0.0665,true,1,2394825
7290101582632,false,יין אדום יבש המערה,המערה The Cave,,יין המערה,מיליליטרים,750.00,"100 מ""ל",false,,259.00,0.3453,true,1,2481718
7290101582748,false,יין פרפום דה רוזה בי,,,יין פרפום דה רוזה בי,מיליליטרים,750.00,"100 מ""ל",false,,69.90,0.0932,true,1,2446050
7290101863410,false,"סיליט ניקוי עוצמתי מכיל אקונומיקה 750 מ""ל",סיליט באנג Cillit Bang,PL,סיליט ספריי אקונומיקה שרו,מיליליטרים,750.00,"100 מ""ל",false,,14.90,0.0199,true,1,1309415
7290101864127,false,"ספריי להסרת כתמים 750 מ""ל וניש קליה",קליה וניש Kalia Vanish,IL,"וניש ספריי 750 מ""ל סולו 1",מיליליטרים,750.00,"100 מ""ל",false,,19.90,0.0265,true,1,1309418
7290101865261,false,"פיניש נוזל הברקה 800 מ""ל",רקיט בנקיזר,PL,"פיניש נוזל הברקה 800 מ""""ל",מיליליטרים,800.00,"100 מ""ל",false,,19.90,0.0249,true,1,1309423
7290101866633,false,ווניש קליה ג`ל להסרת כתמים 3 ל',קליה וניש Kalia Vanish,IL,וניש ורוד TITAN 3L,ליטרים,3.00,ליטר,false,,29.90,9.9667,true,1,1309429
7290101866787,false,מסיר כתמים ומלבין לכביסה לבנה 3 ל וניש קליה,קליה וניש Kalia Vanish,PL,וניש נוזל להלבנה TITAN 3L,ליטרים,3.00,ליטר,false,,29.90,9.9667,true,1,1309433
7290101868460,false,"אבקת כביסה 101 8 ק""ג קולון",רקיט בנקיזר,IL,קולון 101 8 ק''ג,קילוגרמים,8.00,"ק""ג",false,,54.90,6.8625,true,1,1309458
7290101868958,false,"פיניש נוזל הברקה למדיח בניחוח לימון 800 מ""ל",רקיט בנקיזר,PL,"פיניש נוזל הברקה 800 מ""ל",מיליליטרים,800.00,"100 מ""ל",false,,19.90,0.0249,true,1,1309461
7290101869726,false,ג'ל מרוכז למדיח פיניש all in one max,רקיט בנקיזר,PL,פיניש ג'ל 1000 AIO ל,מיליליטרים,1000.00,"100 מ""ל",false,,42.90,0.0429,true,1,1309471
7290101869733,false,ג'ל למדיח פיניש לימון,רקיט בנקיזר,PL,פיניש ג'ל 1000 AIO ל,מיליליטרים,1000.00,"100 מ""ל",false,,42.90,0.0429,true,1,1309472
7290101869740,false,פרשמטיק קומפליט חטאים,רקיט בנקיזר,HU,מבשם אויר מכשיר אוטומטי ח,מיליליטרים,250.00,"100 מ""ל",false,,39.90,0.1596,true,1,1309473
7290101869764,false,אירוויק מבשם אוויר מכשיר אוטומטי חלום ליל קיץ,רקיט בנקיזר,PL,מבשם אויר מכשיר אוטומטי ח,מיליליטרים,250.00,"100 מ""ל",false,,39.90,0.1596,true,1,1309475
7290101869788,false,מילוי למכשיר ספריי אוטומטי אואזיס,איירוויק Air Wick,GB,מילוי מבשם אויר אוטומטי א,מיליליטרים,250.00,"100 מ""ל",false,,19.90,0.0796,true,1,1309477
7290101869795,false,מילוי למכשיר ספריי אוטומטי חלום ליל קיץ,איירוויק Air Wick,GB,מילוי מבשם אויר אוטומטי ח,מיליליטרים,250.00,"100 מ""ל",false,,19.90,0.0796,true,1,1309478
7290101869825,false,מילוי למכשיר מבשם אויר חשמלי אואזיס,איירוויק Air Wick,PL,מילוי מבשם אויר חשמלי אוא,מיליליטרים,19.00,"100 מ""ל",false,,14.90,0.7842,true,1,1309481
7290101869832,false,מילוי למכשיר מבשם אויר חשמלי חלום ליל קיץ,איירוויק Air Wick,PL,מילוי מבשם אויר חשמלי חלו,מיליליטרים,19.00,"100 מ""ל",false,,14.90,0.7842,true,1,1309482
7290101869917,false,מילוי למכשיר ספריי אוטומטי היער הקסום,איירוויק Air Wick,GB,מילוי מבשם אויר אוטומטי ה,מיליליטרים,250.00,"100 מ""ל",false,,19.90,0.0796,true,1,1309485
7290101869979,false,איירוויק מקלות ריחניים אואזיס,איירוויק Air Wick,HU,מקלות ריחניים אואזיס,מיליליטרים,30.00,"100 מ""ל",false,,14.90,0.4967,true,1,1309491
7290101920083,false,כפפות לטקס מידה 100,,,כפפות לטקס מידה 100,יח',100.00,יח',false,,39.90,0.3990,true,1,1345648
7290101925606,false,ממחטות אף רכות פרפקט,פרפקט Perfect,,ממחטות אף רכות פרפקט,יח',120.00,יח',false,,9.90,0.0825,true,1,1489307
7290101925620,false,ממחטות אף רכות 3 שכבות,פרפקט Perfect,,ממחטות אף רכות 3 שכ,יח',56.00,יח',false,,7.90,0.1411,true,1,1492355
7290101982371,false,סוכריות ספריי נחש בט,,,סוכריות ספריי נחש בט,יחידה,0.00,יחידה,false,,4.90,0.0000,true,1,1337712
7290102030330,false,תפוצ'יפס קראנצ' בטעם מקסיקני,"שטראוס פריטו ליי בע""",IL,תפוציפס קראנצ מקסיקני 200,גרמים,200.00,100 גרם,false,,9.90,0.0495,true,1,1343291
7290102031276,false,מארז 8 יחידות אקטימל משקה יוגורט בטעם תות בננה,מיוצר עי קונדיטוריית,IL,אקטימל 8 תות בננה,גרמים,864.00,100 גרם,false,,19.90,0.0230,true,1,1341970
7290102032334,false,אבקה להכנת משקה קפה בטעם וניל,STRAUSS-ISRAEL,IL,קפה נמס וניל 200 גר' חדש,גרמים,200.00,100 גרם,false,,26.90,0.1345,true,1,1342715
7290102035151,false,יוגורט אקטיביה 1.5%,שטראוס גרופ,IL,אקטיביה 1.5%- מקט החזרות,גרמים,150.00,100 גרם,false,,3.50,0.0233,true,1,1341972
7290102060764,false,מארז זוג מברשות שיניים מרידול,יבואן ומשווק: ש. שסט,CH,מרידול מברשת שיניים זוג,יח',2.00,יח',false,,34.90,17.4500,true,1,1339029
7290102060979,false,"אלמקס משחת שיניים משפחתי 100 מ""ל",יבואן ומשווק: ש. שסט,PL,אלמקס משחת שיניים למניעת,גרמים,100.00,100 גרם,false,,18.90,0.1890,true,1,1339031
7290102062195,false,"אלמקס משחת שיניים אלמקס גוניור 75 מ""ל",יבואן ומשווק: ש. שסט,PE,אלמקס ג'וניור משחת שיניים,גרמים,75.00,100 גרם,false,,15.90,0.2120,true,1,1339034
7290102300822,false,גבינת צ'דר אנגלי כתום 35%,דאולי צ'יסמייקרס,GB,גבינת צ'דר אנגלית כתום,גרמים,200.00,100 גרם,false,,20.90,0.1045,true,1,1329606
7290102300860,false,גבינת צ'דר אנגלי לבן 35%,דאוליי צ'יסמייקרס,GB,גבינת צ'דר אנגלית,גרמים,200.00,100 גרם,false,,20.90,0.1045,true,1,1329608
7290102301881,false,גבינת טרטר עשבי תיבו,בונגראן,FR,גבינת טרטר עשבי תיבול,גרמים,150.00,100 גרם,false,,20.90,0.1393,true,1,1329610
7290102302246,false,גאודה הנרי ויליך 200,מיוצר עי קונדיטוריית,NL,גאודה בקר 200 גרם,גרמים,200.00,100 גרם,false,,24.90,0.1245,true,1,1580478
7290102302833,false,גבינת גאודה פרוסה ש,קאסמאקרי הנרי ויליך,NL,גאודה בקר 150 גרם פר,גרמים,150.00,100 גרם,false,,19.90,0.1327,true,1,2402689
7290102302840,false,גבינת עיזים הולנדית פרוסה 34%,מיוצר עי קונדיטוריית,NL,גאודה עיזים 150גרם פ,גרמים,150.00,100 גרם,false,,29.90,0.1993,true,1,2402695
7290102302864,false,גבינה הולנדית עם פסטו ירוק 34%,הנרי ויליך Henri Willig,NL,גאודה פסטו ירוק 200,גרמים,200.00,100 גרם,false,,34.90,0.1745,true,1,2403268
7290102302888,false,גבינה הולנדית עם כמו,מיוצר עי קונדיטוריית,NL,גאודה עם כמון 200 גר,גרמים,200.00,100 גרם,false,,24.90,0.1245,true,1,2403270
7290102390427,false,יוגורט ביו עם קציפת תות 3% שומן 150 ג' מולר,מולר Muller,IL,"Muller Froop תות 150 מ""ל",מיליליטרים,150.00,"100 מ""ל",false,,4.70,0.0313,true,1,1328548
7290102390465,false,יוגורט ביו עם קציפת אפרסק ופסיפלורה 3% שומן 150 ג' מולר,מולר Muller,IL,Muller Froop אפרסק פסיפלו,מיליליטרים,150.00,"100 מ""ל",false,,4.70,0.0313,true,1,1328549
7290102390489,false,יוגורט ביו עם קציפת לימון 3% שומן 150 ג' מולר,מולר Muller,IL,"Muller Froop לימון 150 מ""",מיליליטרים,150.00,"100 מ""ל",false,,4.70,0.0313,true,1,1328550
7290102391301,false,"יוגורט ביו 1.7%טבעי מולר 150מ""ל",,,יוגורט מולר ביו טבעי,גרמים,150.00,100 גרם,false,,2.90,0.0193,true,1,1328552
7290102391844,false,יוגורט ביו עם קציפת פירות יער3% שומן 150 ג' מולר,מולר Muller,IL,Muller Froop פירות יער 15,מיליליטרים,150.00,"100 מ""ל",false,,4.70,0.0313,true,1,1328554
7290102392049,false,גבינה תבור לאפייה 5% 500 ג' צוריאל,מחלבת משק צוריאל,IL,תבור- גבינה לאפייה 5% 500,גרמים,500.00,100 גרם,false,,22.90,0.0458,true,1,1328556
7290102392094,false,חלב עיזים 4.1% צוריאל 1 ל' קרטון,מילקו תעשיות בעמ,IL,חלב עיזים בקרטון 1 ליטר,ליטרים,1.00,ליטר,false,,14.90,14.9000,true,1,1328557
7290102392728,false,מולר ביאנקו נטורל לבן טבעי 2.8% 200 ג',"טרה, פארק תעשיות בע""",IL,מולר ביאנקו נטורל 2.8% 20,גרמים,200.00,100 גרם,false,,3.70,0.0185,true,1,1328565
7290102393039,false,מולר מיקס יוגורט קרמי בתוספת פצפוצי שוקולד 170 ג',קריות זול,IL,Muller mix פצפוצי שוקולד-,גרמים,170.00,100 גרם,false,,5.40,0.0318,true,1,1328567
7290102393169,false,סימפלי פרוט יוגורט תות 3% שומן 150 ג' מולר,מולר Muller,IL,תות שדה Muller Simply fru,גרמים,150.00,100 גרם,false,,4.80,0.0320,true,1,1328577
7290102393176,false,סימפלי פרוט יוגורט אפרסק 3% שומן 150 ג' מולר,מילקו תעשיות בעמ,IL,אפרסק Muller Simply fruit,גרמים,150.00,100 גרם,false,,4.80,0.0320,true,1,1328578
7290102393190,false,סימפלי פרוט פירות היער 3% שומן 150 ג' מולר,מילקו תעשיות בעמ,IL,פירות יער Muller Simply f,גרמים,150.00,100 גרם,false,,4.80,0.0320,true,1,1328579
7290102393268,false,**טרה גבינה לבנה אריזת חיסכון 5% 750ג,טרה,IL,גבינה לבנה 750 גרם 5%,גרמים,750.00,100 גרם,false,,14.85,0.0198,true,1,1328580
7290102393299,false,יוגורט עיזים לשתייה 3% שומן 500 ג' צוריאל,מיוצר עי קוד יצרן HG,IL,יוגורט עיזים לשתייה 3% שו,גרמים,500.00,100 גרם,false,,12.90,0.0258,true,1,1328581
7290102393718,false,גבינת חלומי חלב בקר 28% 200 ג' צוריאל,משק צוריאל,IL,חלומי בקר 200 גרם,גרמים,200.00,100 גרם,false,,19.90,0.0995,true,1,1328583
7290102393848,false,יוגורט עיזים ביו 2.4% תות צוריאל 150ג',משק צוריאל,IL,יוגורט עיזים עם תות 150 ג,גרמים,150.00,100 גרם,false,,5.90,0.0393,true,1,1328584
7290102393855,false,יוגורט עיזים 2.5% אפרסק צוריאל 150ג',מחלבת משק צוריאל,IL,יוגורט עיזים עם אפרסק 150,גרמים,150.00,100 גרם,false,,5.90,0.0393,true,1,1328585
7290102393947,false,סימפלי פרוט יוגורט בטעם קיווי 3% שומן 150 ג' מולר,מילקו תעשיות בעמ,IL,קיווי Muller Simply fruit,גרמים,150.00,100 גרם,false,,4.80,0.0320,true,1,1328586
7290102394258,false,גבינת מה עז 9% שומן צוריאל 180 ג',מחלבת משק צוריאל,IL,מה עז 9% 180 גרם,גרמים,180.00,100 גרם,false,,21.90,0.1217,true,1,1328589
7290102394463,false,נעם גבינה צהובה וואקום 28% 500גרם,Unknown,IL,וואקום 28% שומן 500 גרם,גרמים,500.00,100 גרם,false,,26.90,0.0538,true,1,1328593
7290102394821,false,נעם גבינה צהובה דק דק פ.ח 28% 200גר,מילקו תעשיות בעמ,IL,"דק דק פ""ח 28% 200 גרם",גרמים,200.00,100 גרם,false,,15.60,0.0780,true,1,1328595
7290102394845,false,פרוסות גבינת נעם מופחתת שומן 9%,מילקו תעשיות בעמ,IL,"דק דק פ""ח 9% 200 גרם",גרמים,200.00,100 גרם,false,,16.90,0.0845,true,1,1328596
7290102395101,false,גבינה עם ממרח שוקולד 200ג' טרה,מילקו תעשיות בעמ,IL,ממרח גבינה ושוקולד 200 גר,גרמים,200.00,100 גרם,false,,10.90,0.0545,true,1,1328600
7290102395217,false,מאגדת שמיניה מולר במתיקות מעודנת 1.2% 8*150 ג',מולר Muller,IL,מאגדת שמיניה מולר ביאנקו,גרמים,1200.00,100 גרם,false,,17.90,0.0149,true,1,1328608
7290102395231,false,מולר נטורל 2.8% ביאנקו מאגדת 8 יח' * 150 ג',מולר Muller,IL,מאגדת שמינייה 2.8% מולר נ,גרמים,1200.00,100 גרם,false,,15.90,0.0133,true,1,1328610
7290102395262,false,מארז 8 גביעים יוגורט בטעם תות שדה ואפרסק 3% Simply Fruit,מולר Muller,IL,מאגדת שמינייה סימפלי 3% ת,גרמים,1200.00,100 גרם,false,,29.90,0.0249,true,1,1328612
7290102395378,false,גבינה צהובה נועם 28% וואקום פרוס 360ג',טרה,IL,גבינה צהובה נעם 28% ואקום,גרמים,360.00,100 גרם,false,,19.90,0.0553,true,1,1328613
7290102395439,false,מארז 8 גביעים יוגורט בטעם פירות יער וקיווי 3% Simply Fruit,מילקו תעשיות בעמ,IL,מאגדת שמינייה סימפלי פירו,גרמים,1200.00,100 גרם,false,,29.90,0.0249,true,1,1328616
7290102395446,false,מעדן חלב בטעם וניל עם קצפת 123 ג' טרה,טרה,IL,מוו וניל קצפת,גרמים,123.00,100 גרם,false,,2.90,0.0236,true,1,1328617
7290102395477,false,מעדן חלב בטעם שוקולד עם קצפת 123 ג' טרה,Unknown,IL,מוו שוקולד קצפת,גרמים,123.00,100 גרם,false,,2.90,0.0236,true,1,1328620
7290102395521,false,"שמנת לבישול 15% שומן 500 מ""ל טרה",מילקו תעשיות בעמ,IL,"שמנת לבישול 15% 500 מ""ל",מיליליטרים,500.00,"100 מ""ל",false,,15.90,0.0318,true,1,1328621
7290102396399,false,מארז 8 יחידות מעדן חלב בטעם שוקולד 1.5%,טרה,IL,מאגדת שמינייה מעדן שוקולד,גרמים,800.00,100 גרם,false,,12.90,0.0161,true,1,1328657
7290102396405,false,מארז 8 יחידות מעדן חלב בטעם וניל 1.5%,טרה,IL,מאגדת שמינייה מעדן וניל 1,גרמים,800.00,100 גרם,false,,12.90,0.0161,true,1,1328658
7290102396436,false,מעדן שוקולד 1.5% שומן 125 ג' טרה,טרה,IL,מוו מעדן שוקולד 1.5% 125,גרמים,125.00,100 גרם,false,,2.70,0.0216,true,1,1328661
7290102396443,false,מעדן וניל 1.5% שומן 125 ג' טרה,טרה,IL,מוו מעדן וניל 1.5% 125 גר,גרמים,125.00,100 גרם,false,,2.70,0.0216,true,1,1328662
7290102396580,false,מעדן שוקולד ומוס שוקולד 123 ג' טרה,טרה,IL,מעדן מוו שוקולד ומוס שוקו,גרמים,123.00,100 גרם,false,,2.90,0.0236,true,1,1328670
7290102396597,false,מעדן חלב עם מוס בטעם שוקו וניל,טרה,IL,מעדן מוו וניל ומוס שוקולד,גרמים,123.00,100 גרם,false,,2.90,0.0236,true,1,1328671
7290102396665,false,פרוסות גבינת נעם מופחתת שומן 15%,מילקו תעשיות בעמ,IL,גבינה צהובה דק דק 15,גרמים,200.00,100 גרם,false,,15.60,0.0780,true,1,1399299
7290102396672,false,גבינה צהובה נעם 9% דק דק 360ג',טרה,,גבינה צהובה 9% נעם 3,גרמים,360.00,100 גרם,false,,25.90,0.0719,true,1,1395565
7290102396719,false,יוגורט ביו עם תות שדה 0% Simply Fruit,מולר Muller,IL,תות 0% Muller Simply fru,גרמים,150.00,100 גרם,false,,4.80,0.0320,true,1,1328678
7290102396726,false,מולר סימפלי פרוט אפרסק 0% 150מל,טרה,IL,אפרסק 0% Muller Simply f,גרמים,150.00,100 גרם,false,,4.80,0.0320,true,1,1328679
7290102396740,false,מארז 8 גביעים יוגורט בטעם תות שדה ואפרסק 0% Simply Fruit,מילקו תעשיות בעמ,IL,מאגדת שמינייה סימפלי 0% ת,גרמים,1200.00,100 גרם,false,,29.90,0.0249,true,1,1328681
7290102397075,false,יוגורט בקרטון 4% שומן 1.5ל' טרה,טרה,IL,יוגורט 1.5ליטר בקרטו,ליטרים,1.50,ליטר,false,,12.90,8.6000,true,1,1328697
7290102397204,false,פרוסות גבינה 22% שומן 200 ג' נעם,מילקו תעשיות בעמ,IL,גבינה צהובה 22% נעם,גרמים,200.00,100 גרם,false,,15.60,0.0780,true,1,1395559
7290102397310,false,מעדן מיני בטעם שוקולד קצפת מוו מאגדת 8 יח' * 70 ג',טרה,IL,מאגדת שמינייה מיני מ,גרמים,560.00,100 גרם,false,,9.90,0.0177,true,1,1415448
7290102397464,false,יוגורט ביו בתוספת גרעינים אגוזים וחמוציות 170 ג' מולר,מולר Muller,IL,יוגורט מיקס מולר נטו,גרמים,170.00,100 גרם,false,,5.40,0.0318,true,1,1842500
7290102397600,false,מיקס יוגורט בתוספת שקדים ובוטנים מקורמלים 170 ג' מולר,מילקו תעשייה בעמ,IL,יוגורט מיקס מולר שקד,גרמים,170.00,100 גרם,false,,5.40,0.0318,true,1,1439567
7290102397617,false,יוגורט ביו קרמי עם כדורים מצופים שוקולד חום לבן,מולר Muller,IL,יוגורט מיקס מולר קלי,גרמים,170.00,100 גרם,false,,5.40,0.0318,true,1,1439568
7290102397679,false,קוטג' וחצי 5% טרה 375 ג',Unknown,IL,קוטג' וחצי 5% טרה 37,גרמים,375.00,100 גרם,false,,7.90,0.0211,true,1,1512103
7290102397730,false,פרוסות גבינה אמנטל חצי קשה 30% שומן 200 ג' נעם,Unknown,IL,גבינה אמנטל 200 גר נ,גרמים,200.00,100 גרם,false,,14.90,0.0745,true,1,2019547
7290102397747,false,פרוסות גבינת מוצרלה נעם מחלב בקר 22%,טרה,IL,מוצרלה נעם 200 גרם ר,גרמים,200.00,100 גרם,false,,14.90,0.0745,true,1,1829707
7290102398065,false,**חלב בקרטון 2 ליטר 3% מהדרין - טרה,Unknown,IL,חלב קרטון 2 ליטר 3%,ליטרים,2.00,ליטר,false,,12.40,6.2000,true,1,1867474
7290102398072,false,**חלב בקרטון 1 ליטר 3% מהדרין,Unknown,IL,חלב בקרטון 1 ליטר 3%,ליטרים,1.00,ליטר,false,,6.20,6.2000,true,1,1700722
7290102398478,false,לאבנה 9% שומן 500 ג' טרה,טרה,IL,לאבנה טרה 500 גרם .,גרמים,500.00,100 גרם,false,,19.90,0.0398,true,1,2386566
7290102398577,false,משקה חלב בטעם שוקו 2% בבקבוק אישי,מילקו תעשיות בעמ,IL,שוקו טרה מועשר בבקבו,מיליליטרים,250.00,"100 מ""ל",false,,5.20,0.0208,true,1,1984012
7290102398614,false,משקה חלב בטעם בננה 1 ליטר טרה,מילקו תעשיות בעמ,IL,משקה חלב בטעם בננה 1,ליטרים,1.00,ליטר,false,,10.90,10.9000,true,1,1984026
7290102398638,false,משקה חלב בטעם מוקה 1 ליטר טרה,מילקו תעשיות בעמ,IL,משקה חלב בטעם מוקה 1,ליטרים,1.00,ליטר,false,,10.90,10.9000,true,1,1984027
7290102398782,false,משקה סויה קלאסי צוריאל 1 ל',משק צוריאל,IT,משקה סויה קלאסיק צור,ליטרים,1.00,ליטר,false,,9.90,9.9000,true,1,2382208
7290102398805,false,משקה סויה - וניל 1 ליטר משק צוריאל,משק צוריאל,IT,משקה סויה בטעם וניל,ליטרים,1.00,ליטר,false,,9.90,9.9000,true,1,2382210
7290102399635,false,"מולר פרופ יוגורט ביו עם קציפת קוקוס ואננס 150 מ""ל",מולר Muller,IL,יוגורט מולר פרופ 4.1,מיליליטרים,150.00,"100 מ""ל",false,,4.70,0.0313,true,1,2411560
7290102399697,false,סימפלי פרוט מנגו 1.5% שומן 150 ג' מולר,מילקו,IL,יוגורט מולר סימפלי פ,גרמים,150.00,100 גרם,false,,4.80,0.0320,true,1,2382256
7290102399772,false,ממרח חמאת מולר ושמן לפתית במליחות עדינה,Molkerei Weihensteph,DE,ממרח חמאת מולר במליח,גרמים,250.00,100 גרם,false,,16.90,0.0676,true,1,2400414
7290102399802,false,יוגורט עם תות מולר אקטיב מועשר בחלבון 200 גר',מולר Muller,IL,יוגורט מולר אקטיב עם,גרמים,200.00,100 גרם,false,,5.80,0.0290,true,1,2386557
7290102399819,false,יוגורט עם פירות יער מולר אקטיב מועשר בחלבון 200 גר',מולר Muller,IL,יוגורט מולר אקטיב עם,גרמים,200.00,100 גרם,false,,5.80,0.0290,true,1,2386567
7290102399857,false,"יוגורט אקטיב עם תות 0% , 20 גרם חלבון בגביע",מולר Muller,IL,יוגורט מולר אקטיב עם,גרמים,200.00,100 גרם,false,,5.80,0.0290,true,1,2407052
7290102448807,false,לקיטשן צנצנת מ.זהב,,,לקיטשן צנצנת מ.זהב,יחידה,0.00,יחידה,false,,6.90,0.0000,true,1,2420393
7290102448845,false,צנצנת רטרו 0.085 ל',,,צנצנת רטרו 0.085 ל',יחידה,0.00,יחידה,false,,4.90,0.0000,true,1,2247119
7290102448852,false,לקיטשן צנצנת רטרו 0.,,,לקיטשן צנצנת רטרו 0.,יחידה,0.00,יחידה,false,,4.90,0.0000,true,1,2247120
7290102842346,false,ממתיק על בסיס סוכרלו,י.כהן,,סוויט לוז ממתיק דל ק,יח',100.00,יח',false,,19.90,0.1990,true,1,1329727
7290102842360,false,תערובת להכנת סופלה בטעם שוקולד בלגי,י.כהן Kahan's,,תערובת להכנת סופלה ש,גרמים,250.00,100 גרם,false,,15.90,0.0636,true,1,1329728
7290102844357,false,גלי אינסטנט בטעם אננ,י.כהן,,אינסטנט ג'לי אננס,גרמים,85.00,100 גרם,false,,4.90,0.0576,true,1,1475663
7290102844364,false,תערובת להכנת עוגת שיש 560ג',י.כהן,,תערובת להכנת סופלה ש,גרמים,250.00,100 גרם,false,,15.90,0.0636,true,1,1477944
7290103120658,false,דאודורנט סטיק ג'ל לגבר Cool Night 24/7,הנסיך- מפעל לייצור ט,US,ספיד סטיק 24/7 גל שחור,גרמים,50.00,100 גרם,false,,17.90,0.3580,true,1,1339041
7290103124588,false,פלמוליב סבון נוזלי סגול משאבה 750 מל,הנסיך- מפעל לייצור ט,TR,פלמוליב סבון נוזלי ארומה,מיליליטרים,750.00,"100 מ""ל",false,,16.90,0.0225,true,1,1339047
7290103124601,false,"תחליב רחצה נוזל חלב ודבש משאבה 750מ""ל פלמוליב",הנסיך- מפעל לייצור ט,TR,פלמוליב חלב ודבש 750מל חד,מיליליטרים,750.00,"100 מ""ל",false,,16.90,0.0225,true,1,1339049
7290103128739,false,בלונס צימרוני אוזניים לתינוק 50 יח',הנסיך- מפעל לייצור ט,GR,בלונס מקלות אוזניים תינוק,יח',50.00,יח',false,,5.90,0.1180,true,1,1339066
7290103129378,false,ספיד סטיק - דאודורנט ג'ל לגבר איקס 5 85 גרם,הנסיך- מפעל לייצור ט,US,ספיד סטיק גל X5,גרמים,85.00,100 גרם,false,,17.90,0.2106,true,1,1339071
7290103129392,false,ליידי ספיד סטיק פרש פרח אינפיוזן,ליידי ספיד סטיק Lady Speed Stick,BY,לסס פרש אסנס פרח הפרזיה ס,גרמים,65.00,100 גרם,false,,17.90,0.2754,true,1,1339072
7290103129408,false,ליידי ספיד סטיק - דאודורנט סטיק לאישה פרש אסנס פריחת הפרדס 65 גרם,ליידי ספיד סטיק Lady Speed Stick,BY,לסס פרש אסנס פריחת הפרדס,גרמים,65.00,100 גרם,false,,17.90,0.2754,true,1,1339073
7290103129637,false,פדים קוסמטיים אובליים להסרת איפור,הנסיך- מפעל לייצור ט,GR,בלונס פדים אובאליים להסרת,יח',40.00,יח',false,,7.90,0.1975,true,1,1339075
7290103243340,false,מאפנס ממולא שוקולד 4,,,מאפינס ממולא שוקולד,גרמים,50.00,100 גרם,false,,1.30,0.0260,true,1,1569018
7290103243357,false,מאפינס ממולא תות,,,מאפינס ממולא תות,גרמים,50.00,100 גרם,false,,1.30,0.0260,true,1,1569019
7290103401429,false,עלית אוריגינס קצב ברזילאי 200ג,הנסיך- מפעל לייצור ט,IL,קפה קצב ברזילאי,גרמים,200.00,100 גרם,false,,29.90,0.1495,true,1,1342728
7290103404758,false,כרוב אדום במיונז אחל,מיוצר עי קונדיטוריית,IL,כרוב 120,גרמים,120.00,100 גרם,false,,4.50,0.0375,true,1,1341979
7290103681173,false,"יין תבור הר קברנה סוביניון 750 מ""ל",מיוצר על ידי יקב תבו,IL,יין תבור הר קברנה סו,מיליליטרים,750.00,"100 מ""ל",false,,34.90,0.0465,true,1,2229580
7290103681180,false,"יין תבור הר מרלו 750 מ""ל",מיוצר על ידי יקב תבו,IL,יין תבור הר מרלו 750,מיליליטרים,750.00,"100 מ""ל",false,,34.90,0.0465,true,1,2229581
7290103681197,false,"יין תבור הר שיראז 750 מ""ל",מיוצר על ידי יקב תבו,IL,יין תבור הר שיראז 75,מיליליטרים,750.00,"100 מ""ל",false,,34.90,0.0465,true,1,2229582
7290103681227,false,"יין תבור הר גיוורצטרמינר 750 מ""ל",מיוצר על ידי יקב תבו,IL,יין תבור הר גוורצטרמ,מיליליטרים,750.00,"100 מ""ל",false,,34.90,0.0465,true,1,2229584
7290103681234,false,יין תבור הר רוזה 750,,,יין תבור הר רוזה 750,מיליליטרים,750.00,"100 מ""ל",false,,34.90,0.0465,true,1,2229585
7290103681241,false,יין תבור הר מוסקטו 7,תבור TABOR,IL,יין תבור הר מוסקטו 7,מיליליטרים,750.00,"100 מ""ל",false,,34.90,0.0465,true,1,2229871
7290103681364,false,יין תבור קברנה סובינ,מיוצר על ידי יקב תבו,IL,יין אדמה קברנה סובינ,מיליליטרים,750.00,"100 מ""ל",false,,59.90,0.0799,true,1,2229571
7290103681371,false,"יין מרלו 750 מ""ל סדר",מיוצר על ידי יקב תבו,IL,"יין אדמה מרלו 750 מ""",מיליליטרים,750.00,"100 מ""ל",false,,59.90,0.0799,true,1,2229572
7290103681388,false,יין תבור שרדונה 750,,,יין תבור שרדונה 750,מיליליטרים,750.00,"100 מ""ל",false,,59.90,0.0799,true,1,2229573
7290103681630,false,"תבור יין לבן מבעבע 750 מ""ל",תבור TABOR,,יין תבור פנינים לבן,מיליליטרים,750.00,"100 מ""ל",false,,34.90,0.0465,true,1,2432941
7290103702649,false,מארז חמישייה מגבוני טישו דו שכבתי,שניב,IL,ממחטות טישו חמישייה,יח',500.00,יח',false,,8.90,0.0178,true,1,2544793
7290103702687,false,מגבות נייר - מארז 8 גלילים,פרפקט Perfect,,מגבות נייר 8 יחידות,מטרים,84.64,מטר,false,,12.90,0.1524,true,1,1413118
7290103702731,false,מגבות נייר - מארז 6 גלילים,פרפקט Perfect,,מגבות נייר 6 יחידות,מטרים,63.48,מטר,false,,12.90,0.2032,true,1,1425050
7290103702748,false,מגבות נייר - מארז 12 גלילים,פרפקט Perfect,,מגבות נייר 12 יחידות,מטרים,126.96,מטר,false,,14.90,0.1174,true,1,1425425
7290103702755,false,נייר טואלט דו שכבתי - מארז 32 גלילים,פרפקט Perfect,,נייר טואלט דו שכבתי,מטרים,573.44,מטר,false,,32.90,0.0574,true,1,1426822
7290103702908,false,ממחטות נייר- מארז חמישייה,פרפקט Perfect,,ממחטות טישו 5 יחידות,יח',500.00,יח',false,,9.90,0.0198,true,1,1487197
7290103702915,false,נייר טואלט דו שכבתי - מארז 48 גלילים,פרפקט Perfect,,נייר טואלט דו שכבתי,מטרים,860.16,מטר,false,,34.90,0.0406,true,1,1491653
7290104061417,false,חומוס טחינה אחלה 400 ג',"שטראוס גרופ בע""מ",IL,חומוס טחינה 400 גרם,גרמים,400.00,100 גרם,false,,9.90,0.0248,true,1,1341986
7290104061431,false,חומוס אחלה עם צנובר 400 ג',"שטראוס גרופ בע""מ",IL,חומוס צנובר 400 גרם,גרמים,400.00,100 גרם,false,,9.90,0.0248,true,1,1341988
7290104061448,false,חומוס עם חריף 400 ג' אחלה,מיוצר עי קונדיטוריית,IL,חומוס חריף 400 גרם,גרמים,400.00,100 גרם,false,,9.90,0.0248,true,1,1341989
7290104062599,false,מארז 8 יחידות מעדן גמדים בטעמי תות ובננה,STRAUSS-ISRAEL,IL,8 גמדים תות בננה,גרמים,800.00,100 גרם,false,,17.90,0.0224,true,1,1341990
7290104064012,false,חטיף פסק זמן שוקולד לבן 36 ג' עלית,SOLEN CIKOLATA GIDA,TR,"פ""ז 2good שוק.לבן 36ג",גרמים,36.00,100 גרם,false,,4.90,0.1361,true,1,1982869
7290104065187,false,אבקה להכנת משקה קפה בטעם מוקה,STRAUSS-ISRAEL,IL,קפה נמס מוקה 200 גר',גרמים,200.00,100 גרם,false,,26.90,0.1345,true,1,1342765
7290104067693,false,אחלה חומוס עם חריף 150 גרם,מיוצר עי קונדיטוריית,IL,חומוס 150 חריף,גרמים,150.00,100 גרם,false,,4.90,0.0327,true,1,1341998
7290104068539,false,גומי מאסט בטעם מלון ואבטיח 28 ג' עלית,"שטראוס גרופ בע""מ",IL,MUST LL פליפ. אבטיח מלון,גרמים,28.00,100 גרם,false,,3.90,0.1393,true,1,1342773
7290104068546,false,גומי מאסט בטעם לימון קולה ללא סוכר 28 ג' עלית,"שטראוס גרופ בע""מ",IL,MUST פליפ קולה,גרמים,28.00,100 גרם,false,,3.90,0.1393,true,1,1342774
7290104500572,false,אפרופו חטיף איטליאנו 50 ג' אסם,מיוצר עי קונדיטוריית,IL,אפרופו איטלקי 50 גרם,גרמים,50.00,100 גרם,false,,4.50,0.0900,true,1,1305944
7290104501661,false,אינסטנט פודינג בטעם וניל צרפתי,מיוצר עי קונדיטוריית,IL,אסם פודינג אינסטנט בטעם ו,גרמים,80.00,100 גרם,false,,5.50,0.0688,true,1,1305947
7290104501784,false,מיני מאפינס שוקו צ'יפס חמישיה,בונז'ור,IL,בונז'ור מיני מאפינס שוקוצ,יחידה,0.00,יחידה,false,,9.90,0.0000,true,1,1305948
7290104501807,false,מיני מאפינס שוקו חמישיה,תבואות בר,IL,בונז'ור מיני מאפינס שוקו,יחידה,0.00,יחידה,false,,9.90,0.0000,true,1,1305949
7290104503184,false,עוגת הבית שבת בראוניס שוק' ריבת חלב 380ג',מיוצר עי קונדיטוריית,IL,אסם הבית עוגת בראוניס בטע,גרמים,380.00,100 גרם,false,,15.90,0.0418,true,1,1305956
7290104504228,false,מארז אריזות מיני חטיף דובונים - 5 יח',"אסם השקעות בע""מ",IL,חבורת דובונים 20 גרם מאר,גרמים,100.00,100 גרם,false,,12.90,0.1290,true,1,1305964
7290104508189,false,גביעי וופל ממותקים לגלידה 24 יח',בטר אנד דיפרנט,IL,אסם גביעי גלידה ממותקים,גרמים,95.00,100 גרם,false,,11.90,0.1253,true,1,1305973
7290104508202,false,גביעי גלידה אמריקאים 24 יח' אסם 120 ג',"גילרו בע""מ",IL,אסם גביעי גלידה אמריקאים,גרמים,120.00,100 גרם,false,,11.90,0.0992,true,1,1305974
7290104508943,false,במבה אריזת חסכון 200 גרם,"אסם השקעות בע""מ",IL,במבה קלאסית 200 גרם,גרמים,200.00,100 גרם,false,,9.90,0.0495,true,1,1305980
7290104509247,false,בונז'ור-עוגת קראנץ' שוקולד עשיר 650 גר',בונז'ור,IL,בונז'ור עוגת קרנץ בטעם שו,יח',1.00,יח',false,,29.90,29.9000,true,1,1305985
7290104509353,false,בונז'ור עוגת בריוש פרג 550 ג',בונז'ור,IL,בונז'ור עוגת בריוש פרג,גרמים,550.00,100 גרם,false,,29.90,0.0544,true,1,1305987
7290104570162,false,תמרים כבוש ביסאן 500 ג',תמר העמקים בית שאן,,תמר כבוש 500 גרם,גרמים,500.00,100 גרם,false,,12.90,0.0258,true,1,1319301
7290104570629,false,ממרח גביע ירוק 450 ג' ירדן,,,ממרח תמרים 450 גרם ב,גרמים,450.00,100 גרם,false,,4.90,0.0109,true,1,1380044
7290104570711,false,"סילאן טהור ללת""ס הדקלאים 900 גרם",,,סילאן טבעי ללא סוכר,גרמים,900.00,100 גרם,false,,19.90,0.0221,true,1,1380058
7290104570735,false,סילאן לחיץ 500 גרם,,,סילאן לחיץ 500 גרם,גרמים,500.00,100 גרם,false,,14.90,0.0298,true,1,1423257
7290104720499,false,מארז 8 יחידות מעדן דני בטעם וניל 1.5%,מיוצר עי קונדיטוריית,IL,מארז 8 דני וניל,גרמים,1000.00,100 גרם,false,,15.90,0.0159,true,1,1342001
7290104721533,false,רצועות פלפלים קלויים אחלה 400 ג',מיוצר עי קונדיטוריית,IL,פלפל קלויים 400,גרמים,400.00,100 גרם,false,,13.90,0.0348,true,1,1342007
7290104721953,false,לקט סלט מסולסלים 7 סוגי עלים,שטראוס בריאות ירקות,IL,לקט מסולסלים 350 ג' ירקות,גרמים,350.00,100 גרם,false,,12.90,0.0369,true,1,1342008
7290104722530,false,תפוצ'יפס בטעם שמנת ובצל,"שטראוס פריטו ליי בע""",IL,תפוצ'יפס שמנת בצל 200 גר,גרמים,200.00,100 גרם,false,,9.90,0.0495,true,1,1343304
7290104726262,false,מארז 4 יחידות דני לשתייה בטעם שוקולד + קשים,מיוצר עי קונדיטוריית,IL,מארז 4 דני לשתייה,גרמים,500.00,100 גרם,false,,10.90,0.0218,true,1,1342019
7290104726712,false,מארז 8 יחידות מעדן מילקי בטעם שוקולד עם קצפת,"שטראוס גרופ בע""מ",IL,מארז 8 מילקי שוקולד,גרמים,1064.00,100 גרם,false,,19.90,0.0187,true,1,1342021
7290104728310,false,"שמנת עמידה לקצפת 38% שומן 250 מ""ל יוטבתה",מחלבת יטבתה,IL,שמנת להקצפה 38% מהדרין,מיליליטרים,250.00,"100 מ""ל",false,,6.10,0.0244,true,1,1342028
7290104729010,false,"לבן בטעם תות 3% יוטבתה 100 מ""ל",STRAUSS-ISRAEL,IL,לבן בטעם תות 100 מל'- מהד,גרמים,100.00,100 גרם,false,,1.40,0.0140,true,1,1342032
7290104960239,false,"תחליב רחצה נקה 7 ארומה לבן 750 מ""ל",טרופיקל דגיל תעשיות,IL,תחליב רחצה ארומה קמומיל 7,מיליליטרים,750.00,"100 מ""ל",false,,12.90,0.0172,true,1,1344977
7290104960246,false,"נקה 7 - תחליב רחצה ורד ויסמין 750 מ""ל",אמיליה קוסמטיקס,IL,תחליב רחצה ארומה ורד יסמי,מיליליטרים,750.00,"100 מ""ל",false,,12.90,0.0172,true,1,1344978
7290104960253,false,"תחליב רחצה נקה 7 לבנדר סגול 750מ""ל",טרופיקל דגיל תעשיות,IL,תחליב רחצה ארומה לבנדר 75,מיליליטרים,750.00,"100 מ""ל",false,,12.90,0.0172,true,1,1344979
7290104960338,false,"נקה 7 תחליב רחצה ארומה אלוורה ותה ירוק 750מ""ל",אמיליה קוסמטיקס,IL,תחליב רחצה ארומה אלוורה ו,מיליליטרים,750.00,"100 מ""ל",false,,12.90,0.0172,true,1,1344980
7290104960352,false,"נקה 7 תחליב רחצה ארומה שקד וניל 750מ""ל",אמיליה קוסמטיקס,IL,תחליב רחצה ארומה וניל שקד,מיליליטרים,750.00,"100 מ""ל",false,,12.90,0.0172,true,1,1344982
7290104961205,false,"נקה 7 תחליב רחצה מגע קטיפה מ""לפפון קיווי 750 מ""ל",טרופיקל דגיל תעשיות,IL,תח.רחצה נקה7 מלפפון 750 מ,מיליליטרים,750.00,"100 מ""ל",false,,12.90,0.0172,true,1,1345048
7290104961229,false,"מי פנים לניקוי, הסרה ורענון הפנים לעור רגיל או יבש",קרליין Careline,,מי פנים לעור רגיל/יב,מיליליטרים,250.00,"100 מ""ל",false,,24.90,0.0996,true,1,1345050
7290104961243,false,"נקה 7 תחליב רחצה מגע קטיפה קוקוס ליים 750 מ""ל",ג'נרל מילס סאן אדריא,IL,"תח.רחצה נקה7 קוקוס 750מ""ל",מיליליטרים,750.00,"100 מ""ל",false,,12.90,0.0172,true,1,1345052
7290104961526,false,דאודורנט ספריי גוף טיטניום קלאסיק Titanium Classic,אמיליה קוסמטיקס,IL,טיטניום ספריי קלאסי150מ,מיליליטרים,150.00,"100 מ""ל",false,,12.90,0.0860,true,1,1345060
7290104961533,false,דאודורנט ספריי גוף טיטניום בלק Titanium Black,אמיליה קוסמטיקס,IL,טיטניום ספריי בלק 150מ,מיליליטרים,150.00,"100 מ""ל",false,,12.90,0.0860,true,1,1345061
7290104961540,false,דאודורנט ספריי גוף טיטניום מטאל Titanium Metal,אמיליה קוסמטיקס,IL,טיטניום ספריי מטאל 150מ,מיליליטרים,150.00,"100 מ""ל",false,,12.90,0.0860,true,1,1345062
7290104961557,false,"טיטניום - דאודורנט ספריי לגבר בלו 150 מ""ל",אמיליה קוסמטיקס,IL,טיטניום ספריי אייס 150מ,מיליליטרים,150.00,"100 מ""ל",false,,12.90,0.0860,true,1,1345063
7290104961601,false,"מי מאסק דאודורנט ספרי תרסיס 175מ""ל",קרליין Careline,,דאודורנט תרסיס מי מא,מיליליטרים,175.00,"100 מ""ל",false,,19.90,0.1137,true,1,1345065
7290104961878,false,"שמפו לשיער קרטין אינטנס פורמולה 400 מ""ל נטורל",נטורל פורמולה Natural Formula,IL,"שמפו קרטין נטורל 400 מ""ל",מיליליטרים,400.00,"100 מ""ל",false,,29.90,0.0747,true,1,1345075
7290104961885,false,מרכך קרטין טהור לשיער שעבר החלקה או עיצוב בחום,נטורל פורמולה Natural Formula,IL,"מרכך קרטין נטורל 400 מ""ל",מיליליטרים,400.00,"100 מ""ל",false,,29.90,0.0747,true,1,1345076
7290104961892,false,מסכת קרטין טהור לשיער שעבר החלקה או עיצוב בחום,נטורל פורמולה Natural Formula,IL,"מסכת קרטין נטורל 350 מ""ל",מיליליטרים,350.00,"100 מ""ל",false,,39.90,0.1140,true,1,1345077
7290104961908,false,"נטורל - סרום לשיער קרטין אינטנס 145 מ""ל",נטורל פורמולה Natural Formula,IL,"סרום קרטין נטורל 145 מ""ל",מיליליטרים,145.00,"100 מ""ל",false,,49.90,0.3441,true,1,1345078
7290104962004,false,"סבון בניחוח וניל ומאסק נקה 7 שלישייה * 500 מ""ל",אמיליה קוסמטיקס,IL,נקה 7 - שלישיית אלסבון מפ,מיליליטרים,1500.00,"100 מ""ל",false,,17.90,0.0119,true,1,1345083
7290104962073,false,דאודורנט ספריי גוף טיטניום גולד Titanium Gold,אמיליה קוסמטיקס בעמ,IL,"דאו.טיטניום גולד 180 מ""ל",מיליליטרים,180.00,"100 מ""ל",false,,14.90,0.0828,true,1,1345089
7290104962080,false,"טיטניום - דאודורנט ספריי לגבר גולד 150 מ""ל",משווק: קוסמופארם בעמ,IL,ספריי גוף טיטניום 150מ,מיליליטרים,150.00,"100 מ""ל",false,,12.90,0.0860,true,1,1345090
7290104962110,false,"קרליין - נושם דאודורנט ספריי לבנות 150 מ""ל",מיוצר עי : אמיליה קו,IL,דאו.קרליין ספריי נושם לנע,מיליליטרים,150.00,"100 מ""ל",false,,12.90,0.0860,true,1,1345092
7290104962127,false,קרליין דאודורנט סטיק נושם,אמיליה קוסמטיקס,IL,דאו.קרליין סטיק נושם לנער,מיליליטרים,50.00,"100 מ""ל",false,,16.90,0.3380,true,1,1345093
7290104962134,false,דאודורנט רול און נושם+ For Girls ללא אלומיניום,אמיליה קוסמטיקס,IL,דאו.קרליין רול און נושם ל,מיליליטרים,75.00,"100 מ""ל",false,,12.90,0.1720,true,1,1345094
7290104962509,false,קרם קרטין טהור לשיער Keratin intense,נטורל פורמולה Natural Formula,IL,"קרם קרטין נטורל 145 מ""ל",מיליליטרים,145.00,"100 מ""ל",false,,39.90,0.2752,true,1,1345103
7290104962684,false,"קרליין - נושם דאודורנט רול און לאישה ללא אלומיניום 75 מ""ל",אמיליה קוסמטיקס,IL,דאו.קרליין רול און נושם ל,מיליליטרים,75.00,"100 מ""ל",false,,12.90,0.1720,true,1,1345106
7290104962707,false,קרליין - מגבונים להסרת איפור 25 יח',,,25 מגבונים להסרת איפ,יח',25.00,יח',false,,9.90,0.3960,true,1,1345107
7290104962752,false,"סקינגארד - ג'ל הגנה שקוף לפנים 60 מ""ל SPF50",,,סקינגארד ג'ל פנים 60,מיליליטרים,60.00,"100 מ""ל",false,,34.90,0.5817,true,1,1410425
7290104962844,false,"שמפו אמפולה לטיפול אינטנסיבי לשיער יבש, צבוע ופגום",נטורל פורמולה Natural Formula,,שמפו נטורל פורמולה א,מיליליטרים,400.00,"100 מ""ל",false,,29.90,0.0747,true,1,1320318
7290104962851,false,"מרכך אמפולה לטיפול אינטנסיבי לשיער יבש, צבוע ופגום",נטורל פורמולה Natural Formula,,מרכך נטורל פורמולה א,מיליליטרים,400.00,"100 מ""ל",false,,29.90,0.0747,true,1,1320319
7290104962868,false,"מסכת אמפולה לטיפול אינטנסיבי לשיער יבש, צבוע ופגום",נטורל פורמולה Natural Formula,IL,"מסכת קרטין נטורל 350 מ""ל",מיליליטרים,350.00,"100 מ""ל",false,,39.90,0.1140,true,1,1345108
7290104962875,false,"סרום אמפולה לטיפול אינטנסיבי לשיער יבש, צבוע ופגום",נטורל פורמולה Natural Formula,IL,"סרום קרטין נטורל 145 מ""ל",מיליליטרים,145.00,"100 מ""ל",false,,49.90,0.3441,true,1,1345109
7290104963124,false,מים מיסלריים להסרת א,,,מים מיסלריים להסרת א,מיליליטרים,260.00,"100 מ""ל",false,,24.90,0.0958,true,1,1399675
7290104963216,false,סופטקר - אל סבון עדין לתינוק לעור רגיש 1 ליטר,קוסמופארם בע''מ,IL,אלסבון לתינוק סופטקר,ליטרים,1.00,ליטר,false,,18.90,18.9000,true,1,1430356
7290104963223,false,סופטקר - אל סבון עדין לתינוק לעור רגיש 1 ליטר,סופטקר Softcare,,אל סבון סופטקר נוזלי,ליטרים,1.00,ליטר,false,,18.90,18.9000,true,1,1430357
7290104963650,false,סופטקר - שמפו אל דמע 1 ליטר,סופטקר Softcare,,שמפו אל דמע סופטקר 1,ליטרים,1.00,ליטר,false,,18.90,18.9000,true,1,1430358
7290104963667,false,סופטקר 2 ב1 אלסבון ושמפו אלדמע 1ל',קוסמופארם בע''מ,IL,אלסבון +שמפו אל דמע,ליטרים,1.00,ליטר,false,,18.90,18.9000,true,1,1430359
7290104963711,false,"סופטקר שמפו אל דמע 770 מ""ל",גוד פוד פרודקטס S.p,IL,שמפו אל דמע סופטקר 7,מיליליטרים,770.00,"100 מ""ל",false,,18.90,0.0245,true,1,1931799
7290104963940,false,מגבוני פחם שחורים להסרת איפור פנים ועיניים,קרליין Careline,,25 מגבוני פחם לניקוי,יח',25.00,יח',false,,9.90,0.3960,true,1,2185872
7290104964091,false,"קרליין - מולטי אפקט קרם לילה 50 מ""ל",,,קרם לילה MULTI EFFEC,מיליליטרים,50.00,"100 מ""ל",false,,34.90,0.6980,true,1,1589366
7290104964190,false,מסכה מתחממת קרליין,,,מסכה מתחממת קרליין,מיליליטרים,100.00,"100 מ""ל",false,,29.90,0.2990,true,1,1889001
7290104964206,false,ג'ל מיסלרי להסרת איפור וניקוי הפנים והעיניים,קרליין Careline,,ג'ל מיסלרי להסרת איפ,מיליליטרים,260.00,"100 מ""ל",false,,24.90,0.0958,true,1,1692827
7290104964220,false,"קרליין - ג'ל מרענן לניקוי הפנים 300 מ""ל",,,ג'ל מרענן לניקוי הפנ,מיליליטרים,300.00,"100 מ""ל",false,,24.90,0.0830,true,1,1747305
7290104964251,false,"תרחיץ פנים פעולה משולשת מסכה, פילינג וניקוי",קרליין Careline,,תרחיץ פעולה משולשת-A,מיליליטרים,150.00,"100 מ""ל",false,,24.90,0.1660,true,1,1747295
7290104964398,false,"שלשיית אלסבון מפנק נקה 7 וניל רענן 3* 500 מ""ל",,,שלישייה סבון נוזלי נ,מיליליטרים,1500.00,"100 מ""ל",false,,17.90,0.0119,true,1,1677545
7290104964565,false,קרליין - מסכה מתקלפת שחור,,,מסכה מתקלפת-שחור,מיליליטרים,150.00,"100 מ""ל",false,,34.90,0.2327,true,1,2378468
7290104964572,false,מסכה מתקלפת לחות והזנה לכל סוגי העור,קרליין Careline,,מסכה מתקלפת-זהב,מיליליטרים,150.00,"100 מ""ל",false,,34.90,0.2327,true,1,2378469
7290104964770,false,"קרליין - ספלאש קרם לילה 50 מ""ל",קרליין Careline,,ספלאש-קרם לילה,מיליליטרים,50.00,"100 מ""ל",false,,69.90,1.3980,true,1,2394002
7290104965647,false,קרליין דיאודורנט בנות רולאון סוויט קיס,מיוצר עי : אמיליה קו,IL,דאודרנט רול און נושם,מיליליטרים,75.00,"100 מ""ל",false,,12.90,0.1720,true,1,2456290
7290104965654,false,"דאדורנט סטיק נושם בנות קרליין 50 מ""ל",,,דאודורנט סטיק נושם ב,גרמים,50.00,100 גרם,false,,16.90,0.3380,true,1,2456391
7290105040794,false,בנפייבר סיבים תזונתי,בנפייבר Benefiber,,בנפייבר סיבים תזונתי,גרמים,261.00,100 גרם,false,,39.90,0.1529,true,1,1698978
7290105100085,false,כלי מניקור,,,כלי מניקור,יחידה,0.00,יחידה,false,,9.90,0.0000,true,1,2407407
7290105100191,false,פינצטה מוזהבת / צבעו,,,פינצטה מוזהבת / צבעו,יחידה,0.00,יחידה,false,,14.90,0.0000,true,1,2407411
7290105100252,false,סט קוצצים,,,סט קוצצים,יחידה,0.00,יחידה,false,,9.90,0.0000,true,1,2407413
7290105100269,false,קאטר לציפורניים,,,קאטר לציפורניים,יחידה,0.00,יחידה,false,,29.90,0.0000,true,1,2407414
7290105100283,false,מספרי ספרים,,,מספרי ספרים,יחידה,0.00,יחידה,false,,29.90,0.0000,true,1,2407416
7290105100313,false,משייף לרגל לעור קשה,,,משייף לרגל לעור קשה,יחידה,0.00,יחידה,false,,14.90,0.0000,true,1,2407419
7290105100320,false,פצירה ברזל,,,פצירה ברזל,יחידה,0.00,יחידה,false,,9.90,0.0000,true,1,2407420
7290105100375,false,פצירה דוצדדי,,,פצירה דוצדדי,יחידה,0.00,יחידה,false,,9.90,0.0000,true,1,2407424
7290105100450,false,סט כלי מניקיור,,,סט כלי מניקיור,יחידה,0.00,יחידה,false,,14.90,0.0000,true,1,2518900
7290105100641,false,כובע אופנתי,,,כובע אופנתי,יחידה,0.00,יחידה,false,,34.90,0.0000,true,1,2517688
7290105107237,false,תיק רחצה,,,תיק רחצה,יחידה,0.00,יחידה,false,,19.90,0.0000,true,1,1360746
7290105108944,false,מברשת שיער מודפס/פות,,,מברשת שיער מודפס/פות,יחידה,0.00,יחידה,false,,14.90,0.0000,true,1,1512666
7290105360250,false,קפסולות 09 עשיר וארומטי למכונת נספרסו עלית 10יח',הנסיך- מפעל לייצור ט,IL,קפסולות מקיאטו למכונות נס,גרמים,50.00,100 גרם,false,,16.50,0.3300,true,1,1342821
7290105360328,false,קפסולות אספרסו חזק למכונות נספרסו 10 יח',הנסיך- מפעל לייצור ט,IL,קפסולות אספרסו חזק למכונו,גרמים,50.00,100 גרם,false,,16.50,0.3300,true,1,1342822
7290105360335,false,קפסולות קפה אספרסו עדין וקטיפתי,הנסיך- מפעל לייצור ט,IL,קפסולות אספרסו מעודן למכו,גרמים,50.00,100 גרם,false,,16.50,0.3300,true,1,1342823
7290105360755,false,שמן זית כתית מעולה חזק 3,מכוורת יד מרדכי שטרא,IL,"שמן זית 3 חזק 750 מ""ל",מיליליטרים,750.00,"100 מ""ל",false,,33.90,0.0452,true,1,1342830
7290105360762,false,שמן כתית מעולה עדין 1,מכוורת יד מרדכי שטרא,IL,"שמן זית 1 עדין 750 מ""ל",מיליליטרים,750.00,"100 מ""ל",false,,33.90,0.0452,true,1,1342831
7290105360878,false,תפוצ'יפס מארז 4 יח' *50ג',"שטראוס פריטו ליי בע""",IL,מארז תפוציפס 50*4,גרמים,200.00,100 גרם,false,,9.90,0.0495,true,1,1343311
7290105362339,false,"שמנת לבישול 15% 250 מ""ל יטבתה מהדרין",מחלבת יטבתה,IL,שמנת לבישול 15% מהדרין,מיליליטרים,250.00,"100 מ""ל",false,,5.90,0.0236,true,1,1342037
7290105363602,false,כיף כף - מקלות קלאסי 40 גרם,"איי, בי, אינבוו",TR,כיף כף מקלות קלאסי 20% תו,גרמים,40.00,100 גרם,false,,4.90,0.1225,true,1,1342840
7290105364289,false,כיף כף - מקלות פצפוצים 40 גרם,"איי, בי, אינבוו",TR,כיף כף מקלות פצפוצים 20%,גרמים,40.00,100 גרם,false,,4.90,0.1225,true,1,1342842
7290105364302,false,"עלית חטיף שוקולד כיף כף מקלות אגוזים, 40 גרם","איי, בי, אינבוו",TR,חטיף כיף כף מקלות אג,גרמים,42.00,100 גרם,false,,4.90,0.1167,true,1,1342843
7290105364678,false,משקה אקטיביה בטעם אפרסק 1.3% שומן 265 ג' דנונה,מיוצר עי קונדיטוריית,IL,משקה אקטיביה אפרסק 1.2% ב,מיליליטרים,250.00,"100 מ""ל",false,,4.90,0.0196,true,1,1342039
7290105366047,false,טחינה אחלה לבנה 400 גר',מיוצר עי קונדיטוריית,IL,טחינה לבנה 400 גר,גרמים,400.00,100 גרם,false,,13.90,0.0348,true,1,1342048
7290105366993,false,סימפוניה גבינה במרקם שמנת פלפל שיפקה חריף 5%,"שטראוס בריאות בע""מ",IL,סימפוניה פילפל שיפקה חריף,גרמים,200.00,100 גרם,false,,10.90,0.0545,true,1,1342055
7290105368225,false,חומוס עם פלפל שיפקה אחלה 400 ג',מיוצר עי קונדיטוריית,IL,חומוס עם פלפל שיפקה,גרמים,400.00,100 גרם,false,,9.90,0.0248,true,1,1342069
7290105368331,false,מעדן מילקי בטעם תות עם קצפת,מחלבת אחיהוד,IL,מילקי תות,גרמים,133.00,100 גרם,false,,2.80,0.0211,true,1,1342071
7290105368904,false,"שמנת מתוקה להקצפה 32% שומן 250 מ""ל יוטבתה",מחלבת יטבתה,IL,שמנת מתוקה להקצפה 32% מהד,מיליליטרים,250.00,"100 מ""ל",false,,6.90,0.0276,true,1,1342082
7290105368928,false,"שמנת 9% שומן 200 מ""ל יוטבתה",מחלבת יטבתה,IL,שמנת 9% 200 גר-מהדרין,גרמים,200.00,100 גרם,false,,3.00,0.0150,true,1,1342083
7290105369130,false,סימפוניה גבינה במרקם שמנת בצל ירוק 5%,"שטראוס בריאות בע""מ",IL,סימפוניה בצל ירוק,גרמים,200.00,100 גרם,false,,10.90,0.0545,true,1,1342087
7290105430441,false,תחליב רחצה סחלב שחור וקרם לחות Naturals משאבה,הנסיך- מפעל לייצור ט,TR,פלמוליב סחלב שחור 750מל ח,מיליליטרים,750.00,"100 מ""ל",false,,16.90,0.0225,true,1,1339077
7290105430458,false,תחליב רחצה מועשר בשקדים וקרם לחות Naturals משאבה,הנסיך- מפעל לייצור ט,TR,פלמוליב שקדים 750מל חדש,מיליליטרים,750.00,"100 מ""ל",false,,16.90,0.0225,true,1,1339078
7290105430496,false,ספייד סטיק סטין גארד,קולגייט פלמוליב,BY,ספיד סטיק ספריי סטיין גאר,מיליליטרים,50.00,"100 מ""ל",false,,14.90,0.2980,true,1,1339082
7290105430502,false,דאודורנט סטיק-ספיד ס,COLGATE PALMOLIVE,US,ספיד סטיק סטיק סטיין גארד,גרמים,50.00,100 גרם,false,,17.90,0.3580,true,1,1339083
7290105431516,false,פרי חטיפי בריאות מארז 5 תמרים בוטנים,טבעית מוצרים מן הטבע,IL,פרי חטיפי בריאות מארז 5 ת,גרמים,125.00,100 גרם,false,,15.90,0.1272,true,1,1339088
7290105431868,false,"סבון פלמוליב נוזלי ספא קוקוס גרגרים 500 מ""ל",הנסיך- מפעל לייצור ט,TR,פלמוליב ספא קוקוס גרגרים,מיליליטרים,500.00,"100 מ""ל",false,,15.90,0.0318,true,1,1339093
7290105433985,false,דאודורנט ספריי בריח פריחת הדובדבן 48h Fresh&essence,ליידי ספיד סטיק Lady Speed Stick,US,לסס פרש אסנס פריחת הדובדב,גרמים,65.00,100 גרם,false,,17.90,0.2754,true,1,1339108
7290105434029,false,"ספיד סטיק - דאודורנט ספריי לגבר נוטרו פאואר 150 מ""ל",הנסיך- מפעל לייצור ט,BY,ספיד סטיק נוטרו ספריי,מיליליטרים,165.00,"100 מ""ל",false,,14.90,0.0903,true,1,1339110
7290105434050,false,ספיד סטיק - דאודורנט סטיק לגבר XL ירוק רגיולר 85 גרם,ספיד סטיק Speed Stick,,דאודורנט ספיד סטיק 8,גרמים,85.00,100 גרם,false,,17.90,0.2106,true,1,1399351
7290105434067,false,ספיד סטיק - דאודורנט סטיק לגבר XL אושן סרף 85 גרם,קולגייט פלמוליב,BY,דאודורנט ספיד סטיק 8,גרמים,85.00,100 גרם,false,,17.90,0.2106,true,1,1399352
7290105436382,false,פריי חטיף תמרים וקשיו מארז 125ג',טבעית מוצרים מן הטבע,IL,פרי מארז 5 תמרים קשיו,גרמים,125.00,100 גרם,false,,15.90,0.1272,true,1,1339115
7290105438539,false,קוקי נייר אפייה 40 יח',קוקי,,נייר אפייה קוקי,יח',40.00,יח',false,,12.90,0.3225,true,1,2051306
7290105438546,false,קוקי נייר אפייה פרימיום 40 יח',קוקי,,נייר אפייה קוקי פרימ,יח',40.00,יח',false,,12.90,0.3225,true,1,2051307
7290105439499,false,מיונז הולנדי 481 ג' מאסטר שף,רמיה סי.וי. הולנד,NL,מיונז מאסטר שף,גרמים,481.00,100 גרם,false,,11.90,0.0247,true,1,1410974
7290105439505,false,קרם בטעם מיונז לייט מנה 479 ג' מאסטר שף,רמיה סי.וי. הולנד,NL,מיונז לייט מאסטר שף,גרמים,479.00,100 גרם,false,,11.90,0.0248,true,1,1692967
7290105439581,false,חרדל דיז'ון צרפתי 370ג' מ.שף,סאס קווינור,FR,חרדל צרפתי 370 גרם מ,גרמים,370.00,100 גרם,false,,11.90,0.0322,true,1,1408069
7290105500151,false,וודקה פינלנדיה בקבוק,"אלטיה קורפ, הלסינקי,",FI,וודקה פינלנדיה 700 מ,מיליליטרים,700.00,"100 מ""ל",false,,54.90,0.0784,true,1,1867872
7290105500236,false,וויסקי ג'ק דניאלס מס' 7 Brand No,ג'ק דניאלס Jack Daniel's,US,ויסקי ג'ק דניאלס.,מיליליטרים,700.00,"100 מ""ל",false,,99.90,0.1427,true,1,1867873
7290105500748,false,וויסקי פיימוס גראוס The Famouse Grouse,מתיו גלוג אנד סאן,GB,וויסקי פיימוס גראוס,מיליליטרים,700.00,"100 מ""ל",false,,89.90,0.1284,true,1,1867875
7290105500953,false,"וויסקי ג'ק דניאלס דבש 700 מ""ל",ג'ק דניאל'ס,BE,ג'ק דניאלס דבש,מיליליטרים,700.00,"100 מ""ל",false,,99.90,0.1427,true,1,1867900
7290105501219,false,מארז ויסקי גק דניאלס,בראון,,ג'ק דניאלס וויסקי,מיליליטרים,700.00,"100 מ""ל",false,,99.90,0.1427,true,1,2472075
7290105501547,false,מארז וודקה גריי גוס,בקרדי מרטיני,FR,וודקה גריי גוס 700 מ,מיליליטרים,700.00,"100 מ""ל",false,,104.90,0.1499,true,1,2487831
7290105541697,false,קינואה 500 גרם,חצי חינם,,קינואה 500 גרם,גרמים,500.00,100 גרם,false,,9.90,0.0198,true,1,1364168
7290105546609,false,בורגר בקר 400 גרם,מעדני הגליל,,בורגר בקר 400 גרם,גרמים,400.00,100 גרם,false,,24.90,0.0622,true,1,1360912
7290105546623,false,קבב מזרחי 400 גרם,מעדני הגליל,,קבב מזרחי 400 גרם,גרמים,400.00,100 גרם,false,,24.90,0.0622,true,1,1360914
7290105546630,false,קבב כבש 400 גרם,מעדני הגליל,,קבב כבש 400 גרם,גרמים,400.00,100 גרם,false,,29.90,0.0747,true,1,1360915
7290105547378,false,מארז לחמניות פרנה 4 יח',פרנה בייקרי,IL,מארז פרנה 150 ג,גרמים,600.00,100 גרם,false,,9.90,0.0165,true,1,1363531
7290105548658,false,"טורטייה - 12 יח', קוטר 20 ס""מ",,,טורטייה 540 גרם.,גרמים,540.00,100 גרם,false,,9.90,0.0183,true,1,1364942
7290105548665,false,"טורטייה בתוספת חיטה מלאה- 12 יח', קוטר 20 ס""מ",,,טורטייה קמח מלא 540,גרמים,540.00,100 גרם,false,,9.90,0.0183,true,1,1364943
7290105549792,false,שבבי סבון פרפקט,פרפקט Perfect,,שבבי סבון פרפקט,גרמים,750.00,100 גרם,false,,19.90,0.0265,true,1,1400300
7290105691224,false,פריכונים חטיפי טורטיה שום בצל 60 ג' אוסם,"מיוצר ע""י PT, משווק",IL,אסם חטיפי פריכונים טורטיה,גרמים,60.00,100 גרם,false,,6.90,0.1150,true,1,1306008
7290105691248,false,פריכונים חטיפי טורטיה תירס 60 ג' אוסם,"מיוצר ע""י PT, משווק",IL,אסם חטיפי פריכונים טורטיה,גרמים,60.00,100 גרם,false,,6.90,0.1150,true,1,1306009
7290105691897,false,קוסקוס פלוס עם קמח חיטה מלא,"מיוצר ע""י קוד יצרן K",IL,אסם קוסקוס עם חיטה מלאה 3,גרמים,350.00,100 גרם,false,,6.90,0.0197,true,1,1306017
7290105693341,false,במבה מארז 10 יח' * 25 ג' אסם,"אסם השקעות בע""מ",IL,במבה אריזת תינוק 25 גרם מ,גרמים,250.00,100 גרם,false,,15.90,0.0636,true,1,1306031
7290105693457,false,עוגת הבית דמקה שוקו וניל 320 ג' אסם,מיוצר עי קונדיטוריית,IL,אסם הבית עוגת דמקה בטעם ש,גרמים,320.00,100 גרם,false,,12.90,0.0403,true,1,1306032
7290105694614,false,פסטה ספגטי מהיר הכנה 500ג' אסם,זארה,IT,אסם פסטה ספגטי מהיר הכנה,גרמים,500.00,100 גרם,false,,6.90,0.0138,true,1,1306043
7290105695024,false,אסם פתיתים אפויים אורז עם אטריות 500 גר,"אסם השקעות בע""מ",IL,אסם פתיתים אפויים אורז עם,גרמים,500.00,100 גרם,false,,7.90,0.0158,true,1,1306054
7290105695321,false,עוגת שוקולד בראוניז פאדג' 380 ג',מיוצר עי קונדיטוריית,IL,אסם הבית עוגת בראוניס פאד,גרמים,380.00,100 גרם,false,,15.90,0.0418,true,1,1306059
7290105962331,false,זחוק אדום תימני מקורי חריף מאוד,קריניסה ויטמין אס אי,IL,סחוג חריף מאד זהבי 220 גר,גרמים,220.00,100 גרם,false,,10.90,0.0495,true,1,1342091
7290105964564,false,אחלה חומוס אחלה 400ג,מיוצר עי קונדיטוריית,IL,חומוס 400 גרם,גרמים,400.00,100 גרם,false,,7.90,0.0198,true,1,1420637
7290105965738,false,יוגורט לשתיה בטעם תות בננה267 ג' דנונה,מיוצר עי קונדיטוריית,IL,דנונה לשתיה תות בננה 267ג,גרמים,267.00,100 גרם,false,,4.90,0.0184,true,1,1342106
7290105966469,false,"חומץ בלסמי יד מרדכי 250מ""ל",אצטייה ג'וזפה קרמוני,IT,חומץ בלסמי יד מרדכי,מיליליטרים,250.00,"100 מ""ל",false,,12.90,0.0516,true,1,1342901
7290105968654,false,רביולי בטטה פרווה פסטה נונה 400 ג',מיוצר עי קונדיטוריית,IL,רביולי בטטה פרווה 400 גרם,גרמים,400.00,100 גרם,false,,18.90,0.0472,true,1,1342121
7290105968777,false,פריכיות עם תחתית שוקולד מריר 70 ג' אנרגי,"טחנת האבן תעשיות בע""",IL,פריכיות אנרג'י שוק.מריר,גרמים,70.00,100 גרם,false,,7.90,0.1129,true,1,1342913
7290105999054,false,ג'ו - קפסולות קרים אלומיניום תערובת אולטרא,,,מארז 10 קפסולות תערו,יחידה,0.00,יחידה,false,,19.90,0.0000,true,1,2542684
7290105999214,false,ג'ו - קפסולות קרים אלומיניום תערובת טריאסטה,,,מארז 10 קפסולות תערו,יחידה,0.00,יחידה,false,,19.90,0.0000,true,1,2542656
7290105999221,false,מארז 10 קפסולות תערו,,,מארז 10 קפסולות תערו,יחידה,0.00,יחידה,false,,19.90,0.0000,true,1,2542657
7290105999238,false,ג'ו - קפסולות קרים אלומיניום תערובת אקסטרה,,,מארז 10 קפסולות תערו,יחידה,0.00,יחידה,false,,19.90,0.0000,true,1,2542658
7290105999245,false,ג'ו - קפסולות קרים אלומיניום תערובת קובה,,,מארז 10 קפסולות תערו,יחידה,0.00,יחידה,false,,19.90,0.0000,true,1,2542659
7290105999252,false,ג'ו - קפסולות קרים אלומיניום תערובת קולומביה,,,מארז 10 קפסולות תערו,יחידה,0.00,יחידה,false,,19.90,0.0000,true,1,2542660
7290105999269,false,ג'ו - קפסולות קרים אלומיניום תערובת קוסטה ריקה,,,מארז 10 קפסולות תערו,יחידה,0.00,יחידה,false,,19.90,0.0000,true,1,2542667
7290105999276,false,מארז 10 קפסולות תערו,,,מארז 10 קפסולות תערו,יחידה,0.00,יחידה,false,,19.90,0.0000,true,1,2542668
7290105999283,false,מארז 10 קפסולות תערו,,,מארז 10 קפסולות תערו,יחידה,0.00,יחידה,false,,19.90,0.0000,true,1,2542669
7290105999290,false,מארז 10 קפסולות תערו,,,מארז 10 קפסולות תערו,יחידה,0.00,יחידה,false,,19.90,0.0000,true,1,2542670
7290105999306,false,ג'ו - קפסולות קרים אלומיניום תערובת ג'ו,,,מארז 10 קפסולות תערו,יחידה,0.00,יחידה,false,,19.90,0.0000,true,1,2542671
7290105999313,false,מארז 10 קפסולות תערו,,,מארז 10 קפסולות תערו,יחידה,0.00,יחידה,false,,19.90,0.0000,true,1,2542672
7290106394575,false,באפלו סכין סטייק ידי,,,באפלו סכין סטייק ידי,יחידה,0.00,יחידה,false,,9.90,0.0000,true,1,2247147
7290106509825,false,תחבושות אלוויז פלטני,פרוקטר & גמבל,DE,תחבושות אולוויז פלטי,יח',28.00,יח',false,,39.90,1.4250,true,1,2376122
7290106520066,false,רבע לשבע במילוי קרם אגוזים ובציפוי שוקולד חלב,הגביע מוצרי וופלים ב,IL,רבע לשבע,גרמים,160.00,100 גרם,false,,10.90,0.0681,true,1,1342916
7290106520288,false,יוגורט פרו חלבון עם תות 2.4% שומן 150 ג' דנונה,"שטראוס בריאות בע""מ",IL,דנונה WOW תות 2.4% ש,גרמים,150.00,100 גרם,false,,4.50,0.0300,true,1,1408285
7290106520905,false,סלט טורקי עם פלפל קל,"שטראוס גרופ בע""מ",IL,סלט טורקי 400 גרם,גרמים,400.00,100 גרם,false,,13.90,0.0348,true,1,1342128
7290106520912,false,"שמנת לבישול 9% 250 מ""ל יטבתה",מחלבת יטבתה,IL,שמנת לבישול 9% מהדרין,מיליליטרים,250.00,"100 מ""ל",false,,5.90,0.0236,true,1,1342129
7290106521049,false,קוביות סלק אחלה 400 גר',מיוצר עי קונדיטוריית,IL,קוביות סלק 400,גרמים,400.00,100 גרם,false,,13.90,0.0348,true,1,1342135
7290106521926,false,שקית קפה טורקי 150 ג' עלית,,,קפה טורקי 150 גרם,גרמים,150.00,100 גרם,false,,12.90,0.0860,true,1,2493446
7290106524439,false,תפוצ'יפס טבעי פופס 60גר',"שטראוס פריטו ליי בע""",IL,תפוצ'יפס 60 גרם פופס,גרמים,60.00,100 גרם,false,,3.90,0.0650,true,1,1842489
7290106525320,false,אבקת שוקולית לאפייה קופסא 500ג' עלית,הנסיך- מפעל לייצור ט,IL,שוקולית לאפיה,גרמים,500.00,100 גרם,false,,11.90,0.0238,true,1,1342949
7290106525399,false,קפסולות 06 ברזיל למכונות נספרסו עלית 10יח',הנסיך- מפעל לייצור ט,IL,קפסולות למכונות נספר,גרמים,50.00,100 גרם,false,,16.50,0.3300,true,1,1430098
7290106525405,false,קפסולות למכונת נספרסו נטול קפאין,שטראוס קפה בי.וי,IL,קפסולות נטול למכונות נספר,גרמים,50.00,100 גרם,false,,16.50,0.3300,true,1,1342951
7290106526822,false,פריכיות אורז עם תחתית שוקולד חלב 80 ג' אנרגי,"טחנת האבן תעשיות בע""",IL,פריכיות אנרגי תחתית שוק.ח,גרמים,80.00,100 גרם,false,,7.90,0.0988,true,1,1342967
7290106528567,false,דוריטוס גריל עלית 185 ג',הנסיך- מפעל לייצור ט,IL,דוריטוס גריל 185 גר,גרמים,185.00,100 גרם,false,,7.90,0.0427,true,1,1424740
7290106528628,false,דוריטוס טבעי עלית 185 ג',"שטראוס פריטו ליי בע""",IL,דוריטוס טבעי 185 גר,גרמים,185.00,100 גרם,false,,7.90,0.0427,true,1,1424741
7290106571921,false,עוגיות פיטנס עוגיות חמוציות 180 גר',מיוצר עי קונדיטוריית,IL,פיטנס עוגיות עם חמוציות 1,גרמים,180.00,100 גרם,false,,10.90,0.0606,true,1,1306091
7290106572027,false,אוסם - לחמית חמישה דגנים 190 גרם,"אסם השקעות בע""מ",IL,לחמית חמישה דגנים 190 גרם,גרמים,190.00,100 גרם,false,,7.90,0.0416,true,1,1306093
7290106572959,false,מארז אפרופו חטיף תירס 5 יחידות,אסם תעשיות,IL,אפרופו קלאסי 25 גרם מארז,גרמים,125.00,100 גרם,false,,11.90,0.0952,true,1,1306102
7290106573598,false,צבר חומוס לבנוני 400גרם,סלטי צבר,IL,צבר חומוס לבנוני 400 גרם,גרמים,400.00,100 גרם,false,,11.90,0.0298,true,1,1306114
7290106573642,false,צבר חומוס צנובר 400גרם,סלטי צבר,IL,צבר חומוס צנובר 400 גרם,גרמים,400.00,100 גרם,false,,11.90,0.0298,true,1,1306116
7290106574793,false,עוגת הבית שוקו שוקוצ''יפס 350 ג' אסם,מיוצר עי קונדיטוריית,IL,אסם הבית עוגת שוקו שוקוצי,גרמים,350.00,100 גרם,false,,12.90,0.0369,true,1,1306132
7290106574953,false,בייגלה שטוחים כעכים שטוחים עם שומשום,מיוצר עי קונדיטוריית,IL,אסם בייגלה שטוחים שומשום,גרמים,300.00,100 גרם,false,,10.90,0.0363,true,1,1306133
7290106574977,false,בייגלה שטוחים כעכים שטוחים עם מלח,מיוצר עי קונדיטוריית,IL,אסם בייגלה שטוחים עם מלח,גרמים,300.00,100 גרם,false,,10.90,0.0363,true,1,1306134
7290106575011,false,פתיתים אפויים פלוס חיטה מלאה 400 ג' אסם,אסם תעשיות,IL,אסם פתיתים פלוס חיטה מלאה,גרמים,400.00,100 גרם,false,,7.90,0.0198,true,1,1306135
7290106575257,false,עוגת הבית סופלה בטעם שוקולד 340 ג' אסם,מיוצר עי קונדיטוריית,IL,אסם הבית עוגת סופלה בטעם,גרמים,340.00,100 גרם,false,,12.90,0.0379,true,1,1306140
7290106575332,false,פתיתים אפויים פלוס בורגול 400 ג' אסם,"מיוצר ע""י קוד יצרן K",IL,אסם פתיתים פלוס בורגול 40,גרמים,400.00,100 גרם,false,,7.90,0.0198,true,1,1306144
7290106575431,false,עוגת הבית סופלה בטעם שוקוניל 340 ג' אסם,מיוצר עי קונדיטוריית,IL,אסם הבית עוגת סופלה בטעם,גרמים,340.00,100 גרם,false,,12.90,0.0379,true,1,1306146
7290106576223,false,אפרופו מצופה שוקולד 40 ג',מיוצר עי קונדיטוריית,IL,אפרופו שוקולד 40 גרם,גרמים,40.00,100 גרם,false,,4.50,0.1125,true,1,1482995
7290106576513,false,סלט חומוס צבר 400 גר,סלטי צבר,IL,צבר חומוס חלק 400 גרם,גרמים,400.00,100 גרם,false,,8.90,0.0223,true,1,1306161
7290106576537,false,צבר חומוס מסעדה 700 גר,סלטי צבר,IL,צבר חומוס מסעדה 700 גרם,גרמים,700.00,100 גרם,false,,10.90,0.0156,true,1,1306162
7290106576810,false,גלידה לה קרמריה ריבת חלב 1.4 ל' נסטלה,המאפיה של הרמן,IL,לה קרמריה ריבת חלב,ליטרים,1.40,ליטר,false,,20.90,14.9286,true,1,1329826
7290106576834,false,גלידה לה קרמריה פונטש בננה1.4 ל' נסטלה,תות תעשיות מזון (201,IL,לה קרמריה פונטש בננה,ליטרים,1.40,ליטר,false,,20.90,14.9286,true,1,1329827
7290106576858,false,גלידה לה קרמריה תותים בשמנת 1.4 ל' נסטלה,המאפיה של הרמן,IL,לה קרמריה תותים בשמנת,ליטרים,1.40,ליטר,false,,20.90,14.9286,true,1,1329828
7290106576995,false,גלידה סורבה לה קרמריה תות מנגו לייט 1.4 ל' נסטלה,המאפיה של הרמן,IL,לה קרמריה לייט סורבה תות,ליטרים,1.40,ליטר,false,,20.90,14.9286,true,1,1329834
7290106577039,false,גלידה לה קרמריה שוקו וניל פליק 1.4 ל' נסטלה,תות תעשיות מזון (201,IL,לה קרמריה שוקו וניל פליק,ליטרים,1.40,ליטר,false,,20.90,14.9286,true,1,1329835
7290106577282,false,צבר טחינה מרובע 400גרם,סלטי צבר,IL,צבר טחינה אמיתית 400 גרם,גרמים,400.00,100 גרם,false,,10.90,0.0273,true,1,1306170
7290106577527,false,סלט קולסלאו כרוב לבן וגזר 400 ג' צבר,סלטי צבר,IL,צבר סלט קולסלו כרוב לבן ו,גרמים,400.00,100 גרם,false,,10.90,0.0273,true,1,1306177
7290106577541,false,כרוב אדום מרובע 400 ג' צבר,סלטי צבר,IL,צבר סלט כרוב אדום 400 גרם,גרמים,400.00,100 גרם,false,,10.90,0.0273,true,1,1306178
7290106577572,false,צבר מטבוחה מרובע 400גרם,סלטי צבר,IL,צבר מטבוחה אמיתית 400 גרם,גרמים,400.00,100 גרם,false,,10.90,0.0273,true,1,1306179
7290106578692,false,אוסם - במבה ביסלי מיקס 80 גרם,פרו מן יו פתרונות אר,IL,ביסלי במבה מיקס,גרמים,80.00,100 גרם,false,,4.50,0.0563,true,1,1306195
7290106578821,false,הבית עוגת שמרים קלאסית בטעם שוקולד 350גר.,מיוצר עי קונדיטוריית,IL,אסם הבית עוגת שמרים שוקול,גרמים,350.00,100 גרם,false,,15.90,0.0454,true,1,1306197
7290106652996,false,כיף כף מקלות קוקוס חלבי 40 גר',SOLEN CIKOLATA GIDA,TR,כיף כף מקלות קוקוס,גרמים,40.00,100 גרם,false,,4.90,0.1225,true,1,2539516
7290106654099,false,מילקי CAKE עוגות אישיות במילוי קרם חלב,STRAUSS-ISRAEL,,מאגדת 8 מילקי cake,גרמים,272.00,100 גרם,false,,17.90,0.0658,true,1,1410782
7290106658479,false,עלית וופל בטעם טורטית אגוזים 40ג,"שטראוס גרופ בע""מ",IL,טורטית מגדים 40ג,גרמים,40.00,100 גרם,false,,3.90,0.0975,true,1,1343037
7290106663091,false,לאבנה טבעי 9% שטראוס 500ג',הדקלאים אגודת שיתופי,IL,לאבנה 9% שומן 500 גר,גרמים,500.00,100 גרם,false,,16.90,0.0338,true,1,1398631
7290106663503,false,יד מרדכי קונפיטורת לייט תות 230 גר,אף.סי תבליני בגליל ב,IL,קונפיטורת תות שדה לייט,גרמים,230.00,100 גרם,false,,12.90,0.0561,true,1,1343073
7290106663558,false,"רוטב טריאקי ורימון יד מרדכי 280מ""ל",אף.סי תבליני בגליל ב,IL,רוטב טריאקי 320 גרם,גרמים,320.00,100 גרם,false,,12.90,0.0403,true,1,1373044
7290106664067,false,לאבנה עם שמן זית וזעתר 10% שטראוס 400 ג',הדקלאים אגודת שיתופי,IL,לאבנה 10%שומן 400 גר,גרמים,400.00,100 גרם,false,,13.90,0.0348,true,1,1398632
7290106664555,false,"רוטב שמנת עם עגבניות 9% שומן 250 מ""ל יוטבתה",מחלבת יטבתה,IL,רוטב שמנת עם פטריות 9%,גרמים,250.00,100 גרם,false,,9.90,0.0396,true,1,1392338
7290106666122,false,אנרגי פירכיות מיני ב,,,אנרגי פירכיות מיני ב,גרמים,45.00,100 גרם,false,,5.90,0.1311,true,1,1404369
7290106666788,false,עלית - סוכריות נוסטלגיה דבש ממולאות 80 גרם,פלזנסקי,PL,סוכריות דבש ממולאות,גרמים,80.00,100 גרם,false,,4.90,0.0613,true,1,1343085
7290106667266,false,דוריטוס חמוץ חריף עלית 185 ג',הנסיך- מפעל לייצור ט,IL,דוריטוס חמוץ חריף 18,גרמים,185.00,100 גרם,false,,7.90,0.0427,true,1,1424743
7290106668577,false,"מיץ לימון טבעי יד מרדכי 250 מ""ל",האי נאם סי או אל.טי.,IT,מיץ לימון יכין 1 ליטר,מיליליטרים,250.00,"100 מ""ל",false,,6.90,0.0276,true,1,1373045
7290106668713,false,יוגורט עם פירות יער 3% שומן 150 ג' דנונה,מיוצר עי קונדיטוריית,IL,דנונה תות 3%,גרמים,150.00,100 גרם,false,,3.40,0.0227,true,1,1377103
7290106669857,false,קפסולות 06 אספרסו בטעם וניל עלית 10יח',הנסיך- מפעל לייצור ט,IL,קפסולות למכונות נספר,גרמים,50.00,100 גרם,false,,16.50,0.3300,true,1,1566838
7290106720626,false,צ'יטוס קראנצ' בטעם גבינה - חלבי,"שטראוס פריטו ליי בע""",IL,ציטוס גבינה 80 גר,גרמים,80.00,100 גרם,false,,3.90,0.0487,true,1,1596403
7290106721913,false,מסטיק מאסט MUST ללא סוכר בטעם מנטה מרעננת,"שטראוס גרופ בע""מ",IL,כשלפ בזוקה רגיל 30,גרמים,66.00,100 גרם,false,,8.90,0.1348,true,1,1343114
7290106721920,false,צנצנת מסטיק מאסט בטעם ספירמינט עדין 66 ג' עלית,"שטראוס גרופ בע""מ.",IL,כשלפ בזוקה רגיל 30,גרמים,66.00,100 גרם,false,,8.90,0.1348,true,1,1343115
7290106724488,false,דנונה טבעי פרוביוטי 1.7% טבעי 150ג',שטראוס,IL,מארז דנונה שמינייה 1.7% ח,גרמים,150.00,100 גרם,false,,1.90,0.0127,true,1,1342265
7290106725867,false,"סירופ מייפל טהור 189 מ""ל יד מרדכי",קוסלסי פוד,CA,סירופ מייפל טבעי 189,מיליליטרים,189.00,"100 מ""ל",false,,24.90,0.1317,true,1,1398609
7290106726178,false,יוגורט PRO עם פירות יער 2.4% 10 גרם חלבון בגביע,מיוצר עי קונדיטוריית,IL,דנונה WOW פירות יער,גרמים,150.00,100 גרם,false,,4.50,0.0300,true,1,1398663
7290106727984,false,כיף כף פצפוצים ושוקולד 135 ג',שולן צ'יקולטה גידה ס,TR,גביע פצפצים 135 גרם,גרמים,135.00,100 גרם,false,,8.90,0.0659,true,1,1483252
7290106729650,false,יוגורט עם תות מאגדת 8 יח' * 150ג' דנונה,דנונה - שטראוס,,מארז 8 דנונה תות 3%,גרמים,1200.00,100 גרם,false,,22.90,0.0191,true,1,1420578
7290107020572,false,יין אלכסנדר סנדרו בל,,,יין אלכסנדר,מיליליטרים,750.00,"100 מ""ל",false,,99.90,0.1332,true,1,2413853
7290107280020,false,מטליות לחות סנו סושי לניקוי כללי שלישיה *50 יח',טרופיקל דגיל- תעשיות,IL,מטליות לניקוי כללי50*3יח,יח',150.00,יח',false,,19.90,0.1327,true,1,1320321
7290107280037,false,50 מטליות לחות לניקוי כללי גדולות ועבות,דינאמיק תעשיות,IL,50מגבונים לניקוי כללי,יח',50.00,יח',false,,8.90,0.1780,true,1,1320322
7290107280068,false,זוג תבניות אלומיניום לאפייה XL,סנו סושי,,זוג תבניות אלומיניום,יח',2.00,יח',false,,7.90,3.9500,true,1,1320324
7290107280075,false,מארז 4 תבניות אלומיניום לאפייה L,סנו סושי,,מארז 4 תבניות אלומינ,יח',4.00,יח',false,,7.90,1.9750,true,1,1320325
7290107280082,false,מארז 7 תבניות אלומיניום מוארכות לאפייה אינגליש קייק,סנו סושי,,מארז 7 תבניות אלומינ,יח',7.00,יח',false,,7.90,1.1286,true,1,1320326
7290107280099,false,מגבוני טואלט לחים סנו סופט שלישייה * 48 יח',טרופיקל דגיל- תעשיות,IL,מגבוני נייר טואלט3*48יח,יח',144.00,יח',false,,15.90,0.1104,true,1,1320327
7290107280129,false,שקיות אשפה חזקות גדולות במיוחד XXL,אשפלסט תעשיות,IL,שקיות אשפה חזקות 20יח,יח',20.00,יח',false,,22.90,1.1450,true,1,1320329
7290107280389,false,"סנו - ג'ט מרסס לניקוי בחדר האמבטיה 750 מ""ל","איי, בי, אינבוו",IL,"מתז ג'ט לאמבט 750 מ""ל",מיליליטרים,750.00,"100 מ""ל",false,,19.90,0.0265,true,1,1320336
7290107280396,false,"סנו - ג'ט מרסס לניקוי יסודי במטבח 750 מ""ל","סנו מפעלי ברונוס בע""",IL,"מתז ג'ט למטבח 750 מ""ל",מיליליטרים,750.00,"100 מ""ל",false,,19.90,0.0265,true,1,1320337
7290107280402,false,סנו ג`ט ניקוי כללי ורצפות סנו 2ל',סנו ג'ט Jet,IL,ג'ט ניקוי כללי ורצפות2ל,ליטרים,2.00,ליטר,false,,14.90,7.4500,true,1,1320338
7290107280563,false,אוקסיג'ן ג'ל לכביסה בייבי 3ל',"איי, בי, אינבוו",IL,ג'ל אוקסיג'ן בייבי 3 ל,ליטרים,3.00,ליטר,false,,29.90,9.9667,true,1,1320343
7290107280570,false,סנו - מקסימה ג'ל כביסה מרוכז לכביסה צבעונית 3 ליטר,מיוצר עי קונדיטוריית,IL,ג'ל לכביסה מעורבת 3ל,ליטרים,3.00,ליטר,false,,34.90,11.6333,true,1,1320344
7290107280587,false,סנובון סבון לאסלה דאבל אקשן בריח פרחים ורודים,סנו,,שלישייה סנובון לאסלה,גרמים,165.00,100 גרם,false,,12.90,0.0782,true,1,1399714
7290107280594,false,סנובון סבון לאסלה דאבל אקשן בניחוח לבנדר,סנו,,שלישייה סנובון לאסלה,גרמים,165.00,100 גרם,false,,12.90,0.0782,true,1,1399715
7290107280655,false,אבקת כביסה Baby לתינוקות ולעור רגיש,סנו מקסימה,IL,מקסימה בייבי 3.25קג,קילוגרמים,3.25,"ק""ג",false,,29.90,9.2000,true,1,1320345
7290107280662,false,"סנו מקסימה בייבי אבקת לכביסה 1.25 ק""ג",סנו,IL,אבקת מקסימה ג'אבל 1.25קג,קילוגרמים,1.25,"ק""ג",false,,16.90,13.5200,true,1,2549349
7290107280709,false,"סנו ספארק נוזל הברקה למדיח 700 מ""ל","סנו מפעלי ברונוס בע""",IL,נוזל הברקה למדיח סנו,מיליליטרים,700.00,"100 מ""ל",false,,14.90,0.0213,true,1,1320347
7290107280723,false,נוזל לניקוי כלים סנו ספארק Spark בניחוח לימון רענן,סנו כימיקלים,IL,נוזל לכלים לימון 700מל,מיליליטרים,700.00,"100 מ""ל",false,,9.90,0.0141,true,1,1320349
7290107280730,false,נוזל לניקוי כלים סנו ספארק Spark בניחוח לבנדר,מיוצר עי קונדיטוריית,IL,"נוזל לכלים לבנדר 700 מ""ל",מיליליטרים,700.00,"100 מ""ל",false,,9.90,0.0141,true,1,1320350
7290107280747,false,נוזל לניקוי כלים סנו ספארק Spark קלאסי,סנו כימיקלים,IL,"נוזל לכלים קלאסי 700מ""ל",מיליליטרים,700.00,"100 מ""ל",false,,9.90,0.0141,true,1,1320351
7290107280754,false,נוזל כלים סנו ספארק Spark היפואלרגני פריחת השקד,סנו,IL,"נוזל לכלים שקד 700 מ""ל",מיליליטרים,700.00,"100 מ""ל",false,,9.90,0.0141,true,1,1320352
7290107280761,false,נוזל לניקוי כלים בניחוח לימון רענן סנו ספארק Spark,מיוצר עי קונדיטוריית,IL,סנו ספארק לכלים לימון1ל,ליטרים,1.00,ליטר,false,,12.90,12.9000,true,1,1320353
7290107280822,false,סנו ריצפז פרש הום 2 ליטר בניחוח ספא,סנו פרש Fresh,IL,ריצפז פרש הום ספא 2 ליטר,ליטרים,2.00,ליטר,false,,22.90,11.4500,true,1,1320354
7290107521666,false,מארז 3 כיפות,אוהב ציון,,מארז 3 כיפות,יח',3.00,יח',false,,12.90,4.3000,true,1,2538535
7290107544481,false,קרם להסרת שיער אורנה 19 80 ג',אורנה 19 Orna,,דפילטור-קרם אורנה 19,גרמים,80.00,100 גרם,false,,14.90,0.1863,true,1,2470994
7290107544511,false,קרם להסרת שיער לנעורת אורנה 19 80 ג',,,דפילטור אורנה 19 לנע,מיליליטרים,80.00,"100 מ""ל",false,,14.90,0.1863,true,1,2470997
7290107645584,false,אבקת מרק עוף אמיתי רכיבים טבעיים 400 גרם - רבנות,יוניליוור ישראל מזון,IL,מרק עוף אמיתי 400 גר,גרמים,400.00,100 גרם,false,,24.90,0.0622,true,1,1919931
7290107645591,false,אבקת מרק בטעם עוף 100% רכיבים טבעיים 400 גרם,יוניליוור ישראל מזון,IL,מרק בטעם עוף רכיבים,גרמים,400.00,100 גרם,false,,18.90,0.0472,true,1,1919942
7290107646062,false,אבקת מרק בצל רכיבים טבעיים קנור 400 ג',יוניליוור ישראל מזון,IL,מרק בצל 400 גר רכיבי,גרמים,400.00,100 גרם,false,,24.90,0.0622,true,1,1919933
7290107646826,false,שוגי חטיף פתיתי תירס קלויים בטעם שוקולד,יוניליוור ישראל מזון,IL,מאגדת חטיפי שוגי בטע,גרמים,156.00,100 גרם,false,,12.90,0.0827,true,1,1891369
7290107646833,false,שוגי חטיף עם פצפוצי שוקולד לבן ושוקולד חלב,יוניליוור ישראל מזון,IL,מאגדת חטיפי שוגי פצפ,גרמים,138.00,100 גרם,false,,12.90,0.0935,true,1,1891370
7290107646895,false,קנור - רוטב פסטה נפוליטנה 415 גרם חתם סופר,קונסורזיו קאסאלאסקו,IT,רוטב עגבניות נפוליטנ,גרמים,415.00,100 גרם,false,,12.90,0.0311,true,1,1934098
7290107646918,false,רוטב עגבניות ופלפלים לשקשוקה 415 ג' קנור,קונסורזיו קאסאלאסקו,IT,רוטב עגבניות לשקשוקה,גרמים,415.00,100 גרם,false,,12.90,0.0311,true,1,1934099
7290107646970,false,ממרח איולי שום 250 גרם,,,ממרח איולי שום תלמה,גרמים,250.00,100 גרם,false,,7.90,0.0316,true,1,2534995
7290107647731,false,קוקומן חום לבן מופחת סוכר 375 ג',אתר שפע,,"קוקומן 375 גרם בד""צ",גרמים,375.00,100 גרם,false,,19.90,0.0531,true,1,1756347
7290107647816,false,ברנפלקס ללא סוכר בדצ 500גרם***,יוניליוור ישראל מזון,IL,ברנפלקס ללא סוכר 500,גרמים,500.00,100 גרם,false,,22.90,0.0458,true,1,1820625
7290107648974,false,רוטב עגבניות בזיליקום 415 ג' קינור,יוניליוור,IT,רוטב עגבניות בזיליקו,גרמים,415.00,100 גרם,false,,12.90,0.0311,true,1,1958584
7290107871990,false,פסטה צינורות 500 ג' אסם,פסטה זארה,IT,אסם פסטה צינורות 500 גרם,גרמים,500.00,100 גרם,false,,5.90,0.0118,true,1,1306241
7290107874427,false,אוסם - מיני פריכונים זעתר 25 גרם,פרח תעשיות מזון,IL,אסם אסם פריכונים מיני זעת,גרמים,25.00,100 גרם,false,,3.90,0.1560,true,1,1306279
7290107874441,false,פריכונים מיני בצל מקורמל אסם 25ג',"מיוצר ע""י PT, משווק",IL,אסם פריכונים מיני בצל מקו,גרמים,25.00,100 גרם,false,,3.90,0.1560,true,1,1306280
7290107875820,false,קרוטונים אפויים בתיבול ביתי אוסם 180 ג',עינת תעשיות מזון,IL,קרוטונים אפויים בתיבול בי,גרמים,180.00,100 גרם,false,,10.90,0.0606,true,1,1306290
7290107877619,false,מארז במבה במילוי קרם נוגט 5*30ג' אסם,אסם תעשיות,IL,במבה במילוי קרם נוגט 60 ג,גרמים,150.00,100 גרם,false,,12.90,0.0860,true,1,1395604
7290107879521,false,קרחוני לה פרוטה La Frutta תות שדה - 5 יח',גלידות נסטלה Nestle,IL,מאגדת שלגוני לה פרוט,יח',5.00,יח',false,,22.90,4.5800,true,1,1419237
7290107879569,false,קרחון לה פרוטה שרבט מנגו מאגדת 5יח',גלידות נסטלה Nestle,IL,מאגדת שלגוני לה פרוט,גרמים,350.00,100 גרם,false,,22.90,0.0654,true,1,1419238
7290107930321,false,קונפיטורה דובדבן יד מרדכי 340 ג',בית אל מזון,IL,קונפיטורת תות 340 גרם,גרמים,340.00,100 גרם,false,,12.90,0.0379,true,1,1388353
7290107931397,false,כיף כף פצפוצים ביסקוויט 40ג',שולן צ'יקולטה גידה ס,TR,חטיף כיף כף פצפצים,גרמים,40.00,100 גרם,false,,4.90,0.1225,true,1,1424679
7290107932080,false,חלב בבקבוק 3% שומן 1 ל' יוטבתה,מחלבת יטבתה,IL,חלב 1ליטר בבקבוק 3%,ליטרים,1.00,ליטר,false,,7.40,7.4000,true,1,1399890
7290107932134,false,חלב בבקבוק 1% שומן 1 ל' יוטבתה,מחלבת יטבתה,IL,חלב 1 ליטר בבקבוק 1%,ליטרים,1.00,ליטר,false,,7.40,7.4000,true,1,1399892
7290107934473,false,מארז 8 יח' אקטיביה יוגורט קרמי 1.5% שומן,דנונה - שטראוס,IL,מ.אקטיביה שמינייה 1.5% חג,גרמים,1200.00,100 גרם,false,,18.90,0.0157,true,1,1390177
7290107936309,false,דנונה יוגורט 7% יווני לבן 130 ג',"שטראוס בריאות בע""מ",IL,דנונה יווני לבן,גרמים,130.00,100 גרם,false,,3.40,0.0262,true,1,1491120
7290107936958,false,עד חצות ביסקוויט אצבעות שוקולד 125 גרם,הדקלאים אגודת שיתופי,FR,ביסקויט עד חצות אצבע,גרמים,125.00,100 גרם,false,,9.90,0.0792,true,1,1793433
7290107937542,false,משקה יוגורט אקטיביה עם תות 1.2% שומן,מיוצר עי קונדיטוריית,IL,משקה אקטיביה תות 1.2,מיליליטרים,265.00,"100 מ""ל",false,,4.90,0.0185,true,1,1430828
7290107937627,false,מסטיק מאסט Must קוביות ללא סוכר בטעם מנטה עדינה,אסקום קונפקשיין,DE,קופסא מסטיק קוביות ס,גרמים,58.00,100 גרם,false,,8.90,0.1534,true,1,1493056
7290107937634,false,צנצנית מסטיק מאסט קוביות פפירמינט 58 ג' עלית,אסקום קונפקשיין,DE,קופסא מסטיק קוביות פ,גרמים,58.00,100 גרם,false,,8.90,0.1534,true,1,1493057
7290107937641,false,מסטיק בצנצנת קוביות בזוקה 58 ג',אסקום קונפקשיין,DE,קופסא מסטיק בזוקה קו,גרמים,58.00,100 גרם,false,,8.90,0.1534,true,1,1493058
7290107937856,false,קפסולות 11חזק למכונות נספרסו עלית 10יח',הנסיך- מפעל לייצור ט,IL,קפסולות למכונות נספר,גרמים,50.00,100 גרם,false,,16.50,0.3300,true,1,1487368
7290107940467,false,אקטיביה יוגורט 1.5% שומן 200 ג' דנונה,מיוצר עי קונדיטוריית,IL,אקטיבייה 1.5% 200 גר,גרמים,200.00,100 גרם,false,,3.90,0.0195,true,1,1471119
7290107943192,false,"שמנת חמוצה מהערבה 27% שומן 200 מ""ל יטבתה",יטבתה,,שמנת חמוצה מהערבה 27,מיליליטרים,200.00,"100 מ""ל",false,,3.90,0.0195,true,1,1798048
7290107943369,false,קוואקר שיבולת שועל ללא גלוטן 511 גר'.,היידי שוקולד בירונטי,US,קוואקר שיבולת שועל ל,גרמים,511.00,100 גרם,false,,16.90,0.0331,true,1,1753624
7290107944472,false,סימפוניה גבינה במרקם שמנת 5% שום שמיר,"שטראוס בריאות בע""מ",IL,סימפוניה שום שמיר 5%,גרמים,200.00,100 גרם,false,,10.90,0.0545,true,1,1504284
7290107945165,false,קונפיטורה משמש יד מרדכי 340 ג',אף.סי תבליני בגליל ב,IL,קונפיטורת משמש 340 ג,גרמים,340.00,100 גרם,false,,12.90,0.0379,true,1,1566839
7290107950190,false,מעדן חלב דל קלוריות בטעם שוקולד מריר 0.5% שומן,מיוצר עי קונדיטוריית,IL,מעדן שטראוס דיאט שוק,גרמים,130.00,100 גרם,false,,2.90,0.0223,true,1,1491134
7290107950206,false,מעדן חלב דל קלוריות בטעם שוקולד 0% שומן,מיוצר עי קונדיטוריית,IL,מעדן שטראוס בטעם שוק,גרמים,130.00,100 גרם,false,,2.90,0.0223,true,1,1491135
7290107951104,false,בפלות ופלים ארוכים בטעם שוקולד,"א.ג. גילרו בע""מ",IL,בפלות בטעם שוקולד 20,גרמים,200.00,100 גרם,false,,3.90,0.0195,true,1,1504950
7290107951111,false,בפלות ופלים ארוכים בטעם לימון,"א.ג. גילרו בע""מ",IL,בפלות בטעם לימון 200,גרמים,200.00,100 גרם,false,,3.90,0.0195,true,1,1504951
7290107951715,false,צנצנת מסטיק מאסט קוביות בטעם ענבים 58 ג' עלית,אסקום קונפקשיין,IL,קופסא מסטיק קוביות ע,גרמים,58.00,100 גרם,false,,8.90,0.1534,true,1,1566829
7290107953559,false,קפה טורקי עלית לדרך שקיות 24X7ג',הנסיך- מפעל לייצור ט,IL,מארז קפה טורקי אישי,גרמים,168.00,100 גרם,false,,17.90,0.1065,true,1,1510484
7290107954709,false,קונפיטורה יד מרדכי פירות יער 340 ג',יד מרדכי,IL,קונפיטורת פירות יער,גרמים,340.00,100 גרם,false,,12.90,0.0379,true,1,1653299
7290107954976,false,"משקה יטבתה חלבון פרו קפה 350מ""ל",מחלבת יטבתה,DE,משקה יטבתה פרו בטעם,מיליליטרים,350.00,"100 מ""ל",false,,5.90,0.0169,true,1,1708633
7290107956642,false,"תרסיס שמן זית יד מרדכי 150 מ""ל",פארייפאבה אגרואינדוס,ES,"תרסיס שמן זית 150 מ""",מיליליטרים,150.00,"100 מ""ל",false,,17.90,0.1193,true,1,1851218
7290107956901,false,קפסולות אגוזי לוז למוכנת נספרסו,עלית,,קפסולות למכונות נספר,גרמים,50.00,100 גרם,false,,16.50,0.3300,true,1,1813343
7290107956925,false,קפסולות 13 אוגנדה למכונת נספרסו עלית 10יח',שטראוס קפה בי.וי,IL,קפסולות למכונות נספר,גרמים,50.00,100 גרם,false,,16.50,0.3300,true,1,2099590
7290107956932,false,קפסולות 12 אינדונזיה למכונות NESPRESSO,שטראוס קפה בי.וי,IL,קפסולות למכונות נספר,גרמים,50.00,100 גרם,false,,16.50,0.3300,true,1,1793446
7290107957069,false,צנצנת מסטיק בטעם אוכמניות 66 ג' עלמה,"שטראוס גרופ בע""מ",IL,קופסא מסטיק עלמה אוכ,גרמים,66.00,100 גרם,false,,8.90,0.1348,true,1,1793447
7290107957076,false,צנצנת מסטיק בטעם ספירמינט 66 ג' עלמה,"שטראוס גרופ בע""מ",IL,קופסא מסטיק עלמה ספי,גרמים,66.00,100 גרם,false,,8.90,0.1348,true,1,1793448
7290107957113,false,סימפוניה 5% זיתים פיקנטיים 200 ג' שטראוס,קריות זול,IL,סימפוניה זיתים פיקנט,גרמים,200.00,100 גרם,false,,10.90,0.0545,true,1,2093819
7290107957229,false,שוקולד צ'יפס מריר מעולה לאפיה עלית 250 ג',"פוליבה בע""מ",IL,נטיפי שוקולד צ'יפס מ,גרמים,250.00,100 גרם,false,,10.90,0.0436,true,1,1902467
7290107957991,false,מילקי CAKE מיניס קרם חלב בציפוי שוקולד חלב שקית 16X9ג',בובארד איטליה אס.פי.,IT,מילקי CAKE מיניס,גרמים,144.00,100 גרם,false,,12.90,0.0896,true,1,2039223
7290107958035,false,יוגורט במתיקות מעודנת 2% ללא תוספת סוכר- מארז 8 יח,דנונה - שטראוס,IL,מארז 8 יוגורט מתיקות,גרמים,1200.00,100 גרם,false,,17.90,0.0149,true,1,1813844
7290107958639,false,מטבוחה אחלה מרוקאית חריפה 400 גר',מיוצר עי קונדיטוריית,IL,מטבוחה מרוקאית חריפה,גרמים,400.00,100 גרם,false,,13.90,0.0348,true,1,1813845
7290107971522,false,חטיף בוטנים ושקדים עם שוקולד מריר ופיסטוק,אמקו סאם מילס ספול,CZ,חטיף בוטנים שקדים וש,גרמים,140.00,100 גרם,false,,14.90,0.1064,true,1,1492166
7290107971539,false,חטיף בוטנים וקשיו עם שוקולד מריר ללא גלוטן,אמקו סאם מילס ספול,CZ,חטיף בוטנים וקשיו עם,גרמים,140.00,100 גרם,false,,14.90,0.1064,true,1,1492167
7290107971744,false,"קולגייט - מי פה טוטל ירוק ספרמינט 500 מ""ל",יבואן ומשווק: ש. שסט,PL,מי פה קולגייט טוטל י,מיליליטרים,500.00,"100 מ""ל",false,,17.90,0.0358,true,1,1492168
7290107971751,false,מי פה קולגייט טוטל ללא אלכוהול פפרמינט,יבואן ומשווק: ש. שסט,PL,מי פה קולגייט טוטל כ,מיליליטרים,500.00,"100 מ""ל",false,,17.90,0.0358,true,1,1492169
7290107973014,false,פלמוליב סבון ידיים חלב ודבש 300 מ'ל,הנסיך- מפעל לייצור ט,TR,סבון ידיים פלמוליב ח,מיליליטרים,300.00,"100 מ""ל",false,,8.90,0.0297,true,1,1675699
7290107973038,false,"פלמוליב סבון ידיים אקווריום 300 מ""ל",הנסיך- מפעל לייצור ט,IT,סבון ידיים פלמוליב 3,מיליליטרים,300.00,"100 מ""ל",false,,8.90,0.0297,true,1,1675701
7290107973311,false,קולגייט מברשת שיניים 360 פחם זהב זוג,הנסיך- מפעל לייצור ט,,זוג מברשת שיניים קול,יח',2.00,יח',false,,19.90,9.9500,true,1,2497659
7290107973809,false,שימורי עגבניות קוביות 400 ג' מאסטר שף,פראנו אריקו ופיגלי ס,IT,עגבניות קוביות 400 ג,גרמים,400.00,100 גרם,false,,5.90,0.0148,true,1,1560591
7290107974066,false,"עלי טורטיה קמח מלא 20ס""מ 8יח' מאסטר שף 320ג'",אלקטי קורביישיסי,DE,עלי טורטיה 5 דגנים מ,גרמים,320.00,100 גרם,false,,9.90,0.0309,true,1,1692986
7290107974073,false,עלי טורטיה קמח לבן מאסטר שף 320ג',הנסיך- מפעל לייצור ט,DE,עלי טורטיה מקמח לבן,גרמים,320.00,100 גרם,false,,9.90,0.0309,true,1,1692987
7290107974301,false,ליידי ספיד סטיק - דאודורנט ג'ל לאישה אלוורה 45 גרם,ליידי ספיד סטיק Lady Speed Stick,US,ליידי ספיד סטיק 24/7 גל ו,גרמים,65.00,100 גרם,false,,19.90,0.3062,true,1,1647660
7290107974646,false,מרידול הליטוזיס שטיפת פה 400מל,הנסיך- מפעל לייצור ט,PL,מרידול מי פה נשימה ר,מיליליטרים,400.00,"100 מ""ל",false,,32.90,0.0822,true,1,1492183
7290107974806,false,"מאסטר שף - אורז בסמטי 1 ק""ג",דווה סינג שיהם,,אורז בסמטי מאסטר שף,קילוגרמים,1.00,"ק""ג",false,,11.90,11.9000,true,1,1693003
7290107974813,false,"אורז יסמין 1 ק""ג מאסטר שף",מאסטר שף,,אורז יסמין מאסטר שף,קילוגרמים,1.00,"ק""ג",false,,10.90,10.9000,true,1,1693004
7290107974820,false,ממרח מתובל ספייסי מאסטר שף 248 ג',מאסטר שף,,ממרח מתובל ספייסי מא,גרמים,250.00,100 גרם,false,,6.90,0.0276,true,1,1692968
7290107974837,false,ממרח מתובל שום מאסטר שף 253ג',מאסטר שף,,ממרח מתובל שום מאסטר,גרמים,250.00,100 גרם,false,,6.90,0.0276,true,1,1692969
7290107975278,false,דאודורנט סטיק עם הגנת אלוורה Aloe Protection,ליידי ספיד סטיק Lady Speed Stick,,דאודורנט סטיק- ליידי,גרמים,45.00,100 גרם,false,,17.90,0.3978,true,1,1647672
7290107975346,false,ספיד סטיק - דאודורנט ג'ל לגבר כוח הטבע 85 גרם,קולגייט פלמוליב,BY,דאודורנט סטיק גל-כח,גרמים,50.00,100 גרם,false,,17.90,0.3580,true,1,1797208
7290107975360,false,ליידי ספיד סטיק - דאודורנט ג'ל לאישה 24/7 פיור פרש 65 גרם,ליידי ספיד סטיק Lady Speed Stick,BY,דאודורנט ג'ל ספיד סט,גרמים,65.00,100 גרם,false,,17.90,0.2754,true,1,1668040
7290107975544,false,"קולגייט משחת שיניים סמיילס ברבי לגילאי 6 50מ""ל",קולגייט פלמוליב,PL,משחת שיניים קולגייט,מיליליטרים,50.00,"100 מ""ל",false,,12.90,0.2580,true,1,1668047
7290107976589,false,"שטיפת פה קולגייט אופטיק וייט 250 מ""ל",,,מיי פה קולגייט אופטי,מיליליטרים,250.00,"100 מ""ל",false,,14.90,0.0596,true,1,1888964
7290107976848,false,פלמוליב סבון מוצק קמומיל 4*90 ג',קולגייט פלמוליב,,סבון מוצק רביעייה פל,גרמים,400.00,100 גרם,false,,16.90,0.0422,true,1,1813582
7290107977456,false,"פלמוליב - ג'ל רחצה ושמפו ספורט לגבר 750 מ""ל",קולגייט פלמוליב,TR,ג'ל רחצה ושמפו לגבר,מיליליטרים,750.00,"100 מ""ל",false,,16.90,0.0225,true,1,2378185
7290107977753,false,"משחת שיניים פרודונט אקספרט מרידול , 75 מ""ל",קולגייט פלמוליב,,מרידול משחת שיניים פ,גרמים,75.00,100 גרם,false,,25.90,0.3453,true,1,2402551
7290107978101,false,"קולגייט אופטיק וויטן אקסטרה פאוור 75מ""ל",קולגייט-פלמוליב,PL,משחת שינים קולגייט א,מיליליטרים,75.00,"100 מ""ל",false,,24.90,0.3320,true,1,1972235
7290107978132,false,קולגייט מברשת זיגזג שישייה,קולגייט פלמוליב,PL,קולגייט מברשת זיגזג,יח',6.00,יח',false,,29.90,4.9833,true,1,2549322
7290107978323,false,מאסטר שף אטריות דקיקות 400 ג',הדקלאים אגודת שיתופי,PL,איטריות דקיקות מאסטר,גרמים,400.00,100 גרם,false,,5.90,0.0148,true,1,1675731
7290107978330,false,מאסטר שף אטריות דקות 400 ג',הדקלאים אגודת שיתופי,PL,איטריות דקות מאסטר ש,גרמים,400.00,100 גרם,false,,5.90,0.0148,true,1,1675732
7290107978347,false,מאסטר שף אטריות ביניניות 400 ג',הדקלאים אגודת שיתופי,PL,איטריות בנוניות מאסט,גרמים,400.00,100 גרם,false,,5.90,0.0148,true,1,1675733
7290107978637,false,"מרידול משחת שיניים 75 מ""ל כשל""פ-מרכז",מרידול Meridol,,מרידול משחת שיניים 7,גרמים,75.00,100 גרם,false,,19.90,0.2653,true,1,1882452
7290107979184,false,"תבניות אלומיניום פלוס נייר אפייה 32/26 ס""מ L",HAI PLASTIC,CN,תבנית אלומיניום עם נ,יח',3.00,יח',false,,12.90,4.3000,true,1,1723595
7290107979191,false,"תבניות אלומיניום פלוס נייר אפיה 40/34 ס""מ XL",HAI PLASTIC,CN,תבנית אלומיניום עם נ,יח',2.00,יח',false,,12.90,6.4500,true,1,1723596
7290108201284,false,"אירוויק מקלות ריחניים ניחוח לבנדר 30מ""ל",איירוויק Air Wick,,מקלות ריחניים לבנדר,מיליליטרים,30.00,"100 מ""ל",false,,14.90,0.4967,true,1,1576556
7290108201437,false,אבקת כביסה קולון 101,,,"אבקת כביסה 2.5 ק""ג -",קילוגרמים,2.50,"ק""ג",false,,24.90,9.9600,true,1,2243840
7290108201864,false,קולון ג'ל קפסולות לכביסה 28 יח',קולון Colon,,קפסולות ג'ל לכביסה -,יח',28.00,יח',false,,29.90,1.0679,true,1,1975589
7290108350142,false,שקיות רב שימושיות ענק סנו סושי 270 יח',אשפלסט תעשיות,IL,35*25 שקיות רב שימושיות,יח',270.00,יח',false,,14.90,0.0552,true,1,1320365
7290108350180,false,סנו סושי מפיות מודפסות 100 יח',חי מוצרי נייר בעמ,IL,מפיות מודפסות 100 יח,יח',100.00,יח',false,,6.90,0.0690,true,1,1399672
7290108350203,false,כריות קרצוף אקסטרה חזקות עם ספוג מקציף - 6 יח',סנו סושי,US,כריות קרצוף עם ספוג,יח',6.00,יח',false,,9.90,1.6500,true,1,1462205
7290108350258,false,נייר טואלט דו שכבתי ארוך פי 3 - מארז 12 גלילים,מפעלי ברונוס בעמ,IL,נייר טואלט סופט 12 ג,מטרים,662.00,מטר,false,,39.90,0.0603,true,1,1404881
7290108350524,false,טבליות בניחוח לבנדר לבישום ורענון ארונות בגדים,"סנו מפעלי ברונוס בע""",IL,ריח לארון פרש בניחוח,יח',4.00,יח',false,,18.90,4.7250,true,1,1498456
7290108350548,false,סנו ספארק נוזל כלים בניחוח לבנדר עם משאבה 1 ל',מיוצר עי קונדיטוריית,IL,סנו ספארק לכלים לימון1ל,ליטרים,1.00,ליטר,false,,12.90,12.9000,true,1,1373269
7290108350555,false,נוזל כלים סנו ספארק Spark היפואלרגני פריחת השקד,סנו,IL,סנו ספארק לכלים לימון1ל,ליטרים,1.00,ליטר,false,,12.90,12.9000,true,1,1373270
7290108350586,false,נוזל לניקוי כלים סנו ספארק Spark בניחוח לימון רענן,סנו,,נוזל לכלים סנו ספארק,ליטרים,1.50,ליטר,false,,14.90,9.9333,true,1,1399663
7290108350616,false,סנו - מקסימה מרכך כביסה מרוכז פריחה כחולה 1 ליטר,"סנו מפעלי ברונוס בע""",IL,מרכך כביסה מקסימה סו,ליטרים,1.00,ליטר,false,,17.90,17.9000,true,1,1462206
7290108350623,false,מרכך כביסה סופר מרוכז סופט סילק מקסימה 1 ל' סנו,"סנו מפעלי ברונוס בע""",IL,מרכך כביסה מקסימה סו,ליטרים,1.00,ליטר,false,,17.90,17.9000,true,1,1462207
7290108350654,false,"כיף פיות תרסיס להתרת קשרים 350 מ""ל",קוסמופארם בע''מ,IL,תרסיס להתרת קשרים כי,מיליליטרים,350.00,"100 מ""ל",false,,24.90,0.0711,true,1,1418135
7290108350685,false,"סנו ספארק מנקה למדיח כלים 250מ""ל",סנו,IL,מנקה למדיח כלים סנו,מיליליטרים,250.00,"100 מ""ל",false,,14.90,0.0596,true,1,1959633
7290108350722,false,אורביטול - משחת שיניים 6+ בוב ספוג 70 גרם,טרופיקל דגיל תעשיות,IL,משחת שיניים אורביטול,גרמים,70.00,100 גרם,false,,8.90,0.1271,true,1,2433345
7290108350739,false,משחת שיניים לילדים בטעם סוכריות ג'לי גילאי 2-6,טרופיקל דגיל תעשיות,IL,משחת שיניים אורביטול,גרמים,70.00,100 גרם,false,,8.90,0.1271,true,1,2185928
7290108350746,false,אורביטול מברשת שיניים חשמ פיות,,,מברשת שיניים חשמלית,יחידה,0.00,יחידה,false,,39.90,0.0000,true,1,1679667
7290108350791,false,אורביטול מברשות שיניים כדורגל +8,,,מברשת שיניים לילדים,יחידה,0.00,יחידה,false,,12.90,0.0000,true,1,2172018
7290108351149,false,סנו - ג'ט לניקוי כללי ורצפות בתוספת אבקת סודה 1.5 ליטר,"סנו מפעלי ברונוס בע""",IL,סנו ג'ט ניקוי כללי ו,ליטרים,1.50,ליטר,false,,12.90,8.6000,true,1,1523058
7290108351156,false,סנו - ג'ט לניקוי כללי ורצפות בתוספת חומץ 1.5 ליטר,"סנו מפעלי ברונוס בע""",IL,סנו ג'ט ניקוי כללי ו,ליטרים,1.50,ליטר,false,,12.90,8.6000,true,1,1512778
7290108351521,false,ג'ל כביסה מקסימה מאסק 5 ל' סנו,סנו מקסימה,IL,ג'ל כביסה מרוכז סנו,ליטרים,5.00,ליטר,false,,44.90,8.9800,true,1,1507280
7290108351538,false,"סנו פרש הום פרש הום מבשם יבש בלו 200 מ""ל",סנו מפעלי ברונוס בעמ,IL,מבשם אוויר פרש הום י,מיליליטרים,200.00,"100 מ""ל",false,,12.90,0.0645,true,1,2013536
7290108351545,false,מבשם לבית - בניחוח מרכך כביסה soft silk,מיוצר עי קונדיטוריית,IL,מבשם אוויר פרש הום י,מיליליטרים,200.00,"100 מ""ל",false,,12.90,0.0645,true,1,2013537
7290108351552,false,"סנו - ג'ט לניקוי כללי בתוספת חומץ בניחוח לבנדר 750 מ""ל","סנו מפעלי ברונוס בע""",IL,מתז לניקוי כללי ג'ט+,מיליליטרים,750.00,"100 מ""ל",false,,19.90,0.0265,true,1,1846432
7290108351569,false,מבשם ומרכך למייבש כביסה Baby לתינוקות ולעור רגיש,"איי, בי, אינבוו",IL,מרסס למייבש כביסה סנ,מיליליטרים,750.00,"100 מ""ל",false,,19.90,0.0265,true,1,1690153
7290108351583,false,"סנו - ג'ט פלוס חומץ ג'ל לניקוי אסלות לבנדר 750 מ""ל",טרופיקל דגיל תעשיות,IL,סנו ג'ט + לניקוי אסל,מיליליטרים,750.00,"100 מ""ל",false,,9.90,0.0132,true,1,1960535
7290108351590,false,"סנופרש הום בלו בלוסון בניחוח מרכך כביסה 350 מ""ל",סנו פרש Fresh,IL,מבשם אוויר פרש הום נ,מיליליטרים,350.00,"100 מ""ל",false,,14.90,0.0426,true,1,1679668
7290108351606,false,"סנופרש הום בניחוח מרכך כביסה 350 מ""ל",סנו פרש Fresh,,מבשם אוויר פרש הום נ,מיליליטרים,350.00,"100 מ""ל",false,,14.90,0.0426,true,1,1679669
7290108351613,false,סנו ריצפז פרש הום 2 ליטר בניחוח מלון חלומי,"סנו מפעלי ברונוס בע""",IL,ריצפז פרש הום תרכיז,ליטרים,2.00,ליטר,false,,22.90,11.4500,true,1,1609613
7290108351637,false,"אבקת כביסה מקסימה סמארט 5 ק""ג סנו",סנו מקסימה,,אבקת כביסה SMART מקס,קילוגרמים,5.00,"ק""ג",false,,49.90,9.9800,true,1,1747302
7290108351668,false,מטליות לחות לניקוי כללי בתוספת חומץ בניחוח לבנדר,טרופיקל דיגל- תעשיות,IL,מטליות לחות לניקוי כ,יח',50.00,יח',false,,9.90,0.1980,true,1,2013544
7290108351675,false,ג'ל כביסה מקסימה מיקס 5 ל' סנו,סנו,IL,ג'ל כביסה מרוכז 5 לי,ליטרים,5.00,ליטר,false,,44.90,8.9800,true,1,2052430
7290108351682,false,ג'ל כביסה מקסימה ביו 5 ל' סנו,סנו,IL,ג'ל כביסה מרוכז סנו,ליטרים,5.00,ליטר,false,,44.90,8.9800,true,1,2052431
7290108351699,false,סנו - ג'ט מטליות לחות לניקוי כללי בתוספת חומץ לבנדר שלישיה,סנו מפעלי ברונוס על,IL,מגבונים לניקוי ג'ט+ח,יח',150.00,יח',false,,19.90,0.1327,true,1,2052437
7290108351705,false,פניני בישום -275 ג' FRESH LINEN,value smart prodacts,US,פניני בישום מקסימה ל,גרמים,275.00,100 גרם,false,,29.90,0.1087,true,1,2378466
7290108351712,false,פניני בישום לכביסה 275 ג' מקסימה,value smart prodacts,US,פניני בישום מקסימה ל,גרמים,275.00,100 גרם,false,,29.90,0.1087,true,1,2378467
7290108351729,false,"נוזל לניקוי אסלות אקולוגי 750 מ""ל GREEN POWER",מיוצר עי קונדיטוריית,IL,נוזל לניקוי אסלות אק,מיליליטרים,750.00,"100 מ""ל",false,,12.90,0.0172,true,1,2404533
7290108351736,false,ניקוי חלונות אקולוגי Green Power,סנו,,נוזל לניקוי חלונות א,מיליליטרים,750.00,"100 מ""ל",false,,12.90,0.0172,true,1,2404534
7290108351743,false,"סנו נוזל לניקוי כללי אקולוגי 750 מ""ל GREEN POWER",סנו,,נוזל לניקוי כללי אקו,מיליליטרים,750.00,"100 מ""ל",false,,12.90,0.0172,true,1,2404546
7290108351774,false,"סנו מתז לניקוי וטיפול במוצרי עור 500מ""ל",,,מתז לניקוי וטיפול במ,מיליליטרים,500.00,"100 מ""ל",false,,29.90,0.0598,true,1,2110579
7290108351781,false,ג'ל לניקוי אסלות + חומץ ומלח לימון בריח הדרים,"סנו מפעלי ברונוס בע""",IL,סנו ג'ט + לניקוי אסל,מיליליטרים,750.00,"100 מ""ל",false,,9.90,0.0132,true,1,2130721
7290108351804,false,סנו - מקסימה מרכך כביסה מרוכז ג'נטל בריז 1 ליטר,מיוצר עי קונדיטוריית,IL,מרכך כביסה מרוכז מקס,ליטרים,1.00,ליטר,false,,17.90,17.9000,true,1,2366456
7290108351842,false,"מקסימה בושם מרוכז לכביסה FOREVER כחול 600מ""ל","איי, בי, אינבוו",IL,בושם מרוכז לכביסה FO,מיליליטרים,600.00,"100 מ""ל",false,,19.90,0.0332,true,1,2200644
7290108351866,false,"מקסימה בושם מרוכז לכביסה FOREVER בורדו 600מ""ל",סנו מקסימה,,בושם מרוכז לכביסה FO,מיליליטרים,600.00,"100 מ""ל",false,,19.90,0.0332,true,1,2200646
7290108351910,false,סנו ספארק טבליות למדיח 30 יח',גרופה אינקו,PL,טבליות למדיח סנו ספא,יח',30.00,יח',false,,19.90,0.6633,true,1,2185878
7290108351927,false,סנו ספארק טבליות למדיח 70 יח',סנו,,טבליות למדיח סנו ספא,יח',70.00,יח',false,,39.90,0.5700,true,1,2185879
7290108351934,false,סנובון סבון אסלה מוצק RINGS בניחוח לימון שלישיה,DRAMERSSA SWARZEDZ,PL,שלישייה סנובון מוצק,יח',3.00,יח',false,,12.90,4.3000,true,1,2366458
7290108351965,false,סנו ג'ט סבון אסלה בחומץ שלישיה,סנו מפעלי ברונוס בעמ,IL,ג'ט סבון אסלה מוצק ש,יח',3.00,יח',false,,12.90,4.3000,true,1,2245078
7290108351972,false,"סנו פרש הום פרש הום מלון בוטיק 200 מ""ל",מיוצר עי קונדיטוריית,IL,מבשם אוויר פרש הום י,מיליליטרים,200.00,"100 מ""ל",false,,12.90,0.0645,true,1,2377112
7290108351989,false,"סנו פרש הום פרש הום מלון מפנק 200 מ""ל",מיוצר עי קונדיטוריית,IL,מבשם אוויר פרש הום י,מיליליטרים,200.00,"100 מ""ל",false,,12.90,0.0645,true,1,2377113
7290108351996,false,"חיטוי בייבי 99.9% לחיטוי וניקוי בסביבת תינוקות 750 מ""ל",סנו,,מתז בייבי לחיטוי משט,מיליליטרים,750.00,"100 מ""ל",false,,18.90,0.0252,true,1,2304634
7290108352009,false,סנו ספארק קפסולות למדיח כלים 50 יח',טרופיקל דגיל תעשיות,PL,קפסולות ג'ל למדיח סנ,יח',50.00,יח',false,,49.90,0.9980,true,1,2400938
7290108352023,false,סנובון DESIGN בניחוח סחלב פראי - שלישיה,סנו,,שלישייה סנובון מוצק,יח',3.00,יח',false,,19.90,6.6333,true,1,2362758
7290108352047,false,אורביטול - צמד מברשות שיניים 808 + חוט דנטלי במתנה,סנו,IL,צמד מברשות שיניים או,יח',2.00,יח',false,,14.90,7.4500,true,1,2497518
7290108352054,false,אורביטול - צמד מברשות שיניים 980 + חוט דנטלי במתנה,סנו,IL,צמד מברשות שיניים או,יח',2.00,יח',false,,14.90,7.4500,true,1,2497519
7290108352061,false,משחת שיניים 145ג 'אורביטול Charcoal Go White,טרופיקל דגיל תעשיות,IL,משחת שיניים אורביטול,גרמים,145.00,100 גרם,false,,9.90,0.0683,true,1,2519306
7290108352078,false,"שטיפת פה protective salt אורביטול 500 מ""ל",טרופיקל דגיל תעשיות,IL,אורביטול מי-פה פרוטק,מיליליטרים,500.00,"100 מ""ל",false,,17.90,0.0358,true,1,2412289
7290108352085,false,"אורביטול - מי פה שוקינג פרש 500 מ""ל",טרופיקל דגיל תעשיות,IL,שטיפת פה שוקינג פרש,מיליליטרים,500.00,"100 מ""ל",false,,19.90,0.0398,true,1,2412290
7290108352092,false,משחת שיניים אורביטול פרוטקטיב סולט בטעם מנטה,טרופיקל דגיל תעשיות,IL,משחת שיניים אורביטול,גרמים,145.00,100 גרם,false,,9.90,0.0683,true,1,2412528
7290108352108,false,משחת שיניים shocking fresh אורביטול 145 גר',ג'נרל מילס סאן אדריא,IL,משחת שיניים אורביטול,גרמים,145.00,100 גרם,false,,9.90,0.0683,true,1,2412291
7290108352139,false,ג'ל כביסה גרין פוויר אקולוגי 3 ל' סנו,סנו מפעלי ברונוס בעמ,IL,ג'ל כביסה אקולוגי 3,ליטרים,3.00,ליטר,false,,34.90,11.6333,true,1,2404594
7290108352146,false,"סנובון נוזלי בניחוח מגנוליה ונרולי 750 מ""ל",סנו מפעלי ברונוס בעמ,IL,סנובון נוזלי סנסורי,מיליליטרים,750.00,"100 מ""ל",false,,11.90,0.0159,true,1,2400939
7290108352153,false,"סנובון נוזלי בניחוח לוטוס וסחלב 750 מ""ל",מיוצר עי קונדיטוריית,IL,סנובון נוזלי סנסורי,מיליליטרים,750.00,"100 מ""ל",false,,11.90,0.0159,true,1,2400940
7290108352207,false,קפסולות כביסה מקסימה פלורל 40 יח' סנו,טרופיקל דגיל תעשיות,IL,קפסולות ג'ל לכביסה מ,יח',40.00,יח',false,,39.90,0.9975,true,1,2404535
7290108352214,false,סנו - מקסימה קפסולות כביסה בניחוח בריזה מרעננת 40 יח',טרופיקל דגיל תעשיות,IL,קפסולות ג'ל לכביסה מ,יח',40.00,יח',false,,39.90,0.9975,true,1,2404536
7290108352221,false,"סנו פרש הום פרש הום מלון מפנק 350 מ""ל",סנו מפעלי ברונוס בעמ,IL,מבשם אוויר פרש הום נ,מיליליטרים,350.00,"100 מ""ל",false,,14.90,0.0426,true,1,2404894
7290108352252,false,נוזל לניקוי כלים מתאים לניקוי ירקות ופירות סנו ספארק,"סנו מפעלי ברונוס בע""",IL,נוזל לכלים סנו ספארק,ליטרים,1.00,ליטר,false,,12.90,12.9000,true,1,2412341
7290108352269,false,דלי מטליות לחיטוי ולניקוי 99.9 % 400 יח' סנו,הורביץ סחר,IL,מטליות לחיטוי וניקוי,יח',400.00,יח',false,,34.90,0.0872,true,1,2404537
7290108352276,false,מטליות לחיטוי ולניקוי רצפות 70*40 + פתח למגב,"סנו מפעלי ברונס בע""מ",IL,מטליות לחיטויי וניקו,יח',10.00,יח',false,,14.90,1.4900,true,1,2400951
7290108352283,false,סנו נוזל לחיטוי וניקוי רצפות- 99.9% 2ל',"סנו מפעלי ברונוס בע""",IL,נוזל לחיטוי וניקוי ר,ליטרים,2.00,ליטר,false,,19.90,9.9500,true,1,2400952
7290108352290,false,שלישיית מטליות לחיטוי ולניקוי לחדר האמבטיה,מיוצר עי קונדיטוריית,IL,מארז שלישיה מגבונים,יח',150.00,יח',false,,19.90,0.1327,true,1,2400953
7290108352313,false,שקית מילוי 99.9% מחטא ומשמיד חיידקים למשטחים,"מפעלו ברונוס בע""מ",IL,שקית מילוי למתז חיטו,מיליליטרים,750.00,"100 מ""ל",false,,9.90,0.0132,true,1,2404538
7290108352320,false,מבשם אוויר פרש הום נטול גז בניחוח מלון בוטיק,מיוצר עי קונדיטוריית,IL,מבשם אוויר פרש הום נ,מיליליטרים,350.00,"100 מ""ל",false,,14.90,0.0426,true,1,2404895
7290108352337,false,"סנו - פרש מילוי למטהר אוויר מלון מפנק 250 מ""ל",מיוצר עי קונדיטוריית,IL,מטהר אוויר פרש אוטומ,מיליליטרים,250.00,"100 מ""ל",false,,13.90,0.0556,true,1,2404896
7290108352344,false,"סנו - פרש מילוי למטהר אוויר מלון בוטיק 250 מ""ל",מיוצר עי קונדיטוריית,IL,מטהר אוויר פרש אוטומ,מיליליטרים,250.00,"100 מ""ל",false,,13.90,0.0556,true,1,2404897
7290108352351,false,"סנו תרסיס לחיטוי משטחים 99.9% - 400 מ""ל","סנו מפעלי ברונוס בע""",IL,תרסיס לחיטוי משטחים,מיליליטרים,400.00,"100 מ""ל",false,,9.90,0.0248,true,1,2404539
7290108352368,false,תוסף לחיטוי כביסה 99.9% סנו מקסימה 3 ל',סנו מקסימה,,תוסף לחיטוי כביסה 99,ליטרים,3.00,ליטר,false,,29.90,9.9667,true,1,2473887
7290108352382,false,מטליות לחות באריזה אישית לחיטוי משטחים ואביזרים,טרופיקל דגיל תעשיות,IL,מגבונים הגיינים לחיט,יח',20.00,יח',false,,9.90,0.4950,true,1,2421807
7290108352399,false,ריצפז פרש הום בניחוח מרכך כביסה פלורל טאצ',"סנו מפעלי ברונוס בע""",IL,ריצפז פרש הום תרכיז,ליטרים,2.00,ליטר,false,,22.90,11.4500,true,1,2491744
7290108352405,false,מבשם לבית ולטקסטיל verbena & green grass,סנו פרש Fresh,,מבשם אוויר פרש הום v,מיליליטרים,300.00,"100 מ""ל",false,,14.90,0.0497,true,1,2412353
7290108352436,false,סנובון מוצק שלישיה מגנוליה ונרולי,סנו מפעלי ברונוס בעמ,IL,שלישייה סנובון לאסלה,גרמים,165.00,100 גרם,false,,15.90,0.0964,true,1,2436971
7290108352443,false,סנובון מוצק שלישיה לוטס וסחלב,,,שלישייה סנובון לאסלה,גרמים,165.00,100 גרם,false,,15.90,0.0964,true,1,2436972
7290108352450,false,ריצפז פרש הום בניחוח מרכך כביסה בלו בלוסום,סנו מפעלי ברונוס בעמ,IL,ריצפז פרש הום תרכיז,ליטרים,2.00,ליטר,false,,22.90,11.4500,true,1,2428977
7290108352474,false,סנומוד ליידי קוקו Lady COCO בושם לבית,"סנו מפעלי ברונוס בע""",IL,מטהר אויר סנומוד ליי,מיליליטרים,150.00,"100 מ""ל",false,,10.90,0.0727,true,1,2437869
7290108352481,false,סנומוד נרסיסוס Narcissus בושם לבית,"סנו מפעלי ברונוס בע""",IL,מטהר אויר סנומוד נרס,מיליליטרים,150.00,"100 מ""ל",false,,10.90,0.0727,true,1,2437870
7290108352498,false,מכשיר אוטומטי מעוצב ואלגנטי עם מילוי מלון בוטיק סנו פרש,"יצרן מכשיר: זובלה,",IL,מכשיר לבישום סנו פרש,יחידה,0.00,יחידה,false,,49.90,0.0000,true,1,2455242
7290108352511,false,ניקוי וחיטוי מכונת הכביסה בתוספת חומץ סנו מקסימה,"איי, בי, אינבוו",IL,סנו מקסימה לניקוי וח,מיליליטרים,500.00,"100 מ""ל",false,,12.90,0.0258,true,1,2456902
7290108352535,false,סנו - מקסימה דפי בישום לחים למייבש הכביסה בניחוח מרכך כביסה,סנו מקסימה,IL,דפי בישום למייבש כבי,יח',20.00,יח',false,,12.90,0.6450,true,1,2490944
7290108352566,false,מרכך כביסה בבישום עוצמתי 4 ל' סנו מקסינה,"סנו מפעלי ברונוס בע""",IL,מרכך כביסה מקסימה 4,ליטרים,4.00,ליטר,false,,22.90,5.7250,true,1,2485990
7290108352573,false,מרכך כביסה מקסימה בבישום עוצמתי 4 ל' סנו,סנו,IL,מרכך כביסה מקסימה CA,ליטרים,4.00,ליטר,false,,22.90,5.7250,true,1,2506219
7290108352641,false,סנו סושי מטלית הפלא לניקוי כללי במארז שלישייה,סנו מפעלי ברונוס.,CN,שלישיית מטליות הפלא,יח',3.00,יח',false,,14.90,4.9667,true,1,1747303
7290108352689,false,סנו סושי כריות קרצוף ללכלוך קשה 9 יח',טרופיקל דגיל תעשיות,US,כריות קרצוף לליכלוך,יח',9.00,יח',false,,9.90,1.1000,true,1,1462187
7290108352696,false,"סנו סושי ניילון נצמד רחב במיוחד 45ס""מ",סנו סושי,IL,ניילון נצמד רחב במיו,מטרים,100.00,מטר,false,,30.90,0.3090,true,1,2013545
7290108352702,false,מגבוני טואלט לחים סנו סופט בוב ספוג שלישיה,סנו סופט Soft,,מארז שלישייה מגבוני,יח',144.00,יח',false,,15.90,0.1104,true,1,1430360
7290108352788,false,סנו סושי שקיות זיפר 20יח' L,פיין ונטג,CN,שקיות זיפר 20 יח' מי,יח',20.00,יח',false,,12.90,0.6450,true,1,2185965
7290108352801,false,"שקיות אשפה S לפחים קטנים 56*45 ס""מ בניחוח עדין","סנו מפעלי ברונוס בע""",IL,סושי שקיות אשפה 45*5,יח',100.00,יח',false,,19.90,0.1990,true,1,1960537
7290108352818,false,מטלית במבוק לניקוי דוחה ריחות רעים,טרופיקל דגיל תעשיות,CN,מטלית במבוק לניקוי ס,יח',1.00,יח',false,,8.90,8.9000,true,1,2185943
7290108352825,false,ספוג הפלא נירוסטה סנו סושי 3יח',s.k.a.t ltdסנו מפעלי,CN,ספוג הפלא נירוסטה סנ,יח',3.00,יח',false,,9.90,3.3000,true,1,2013546
7290108352849,false,שלישיית מטליות הפלא לניקוי כללי דקור סנו סושי,טרופיקל דגיל תעשיות,CN,שלישיית מטליות הפלא,יח',3.00,יח',false,,14.90,4.9667,true,1,2412342
7290108352863,false,סנו סושי שקיות צלייה 20יח' מידה L,מיוצר עי קונדיטוריית,TR,שקיות צליה סנו סושי,יח',20.00,יח',false,,7.90,0.3950,true,1,2110588
7290108352870,false,סנו סושי שקיות צלייה 10יח' מידה XL,מיוצר עי קונדיטוריית,TR,שקיות צליה סנו סושי,יח',10.00,יח',false,,7.90,0.7900,true,1,2110589
7290108352887,false,"זוג מפות שולחן עשויות מבד בלתי ארוג 180*120 ס""מ",מיוצר עי קונדיטוריית,CN,זוג מפות שולחן לבנות,יח',2.00,יח',false,,9.90,4.9500,true,1,2110580
7290108352894,false,סנו סושי מפת שולחן חגיגית,שואוגאנג,CN,מפת שולחן חגיגית סנו,יח',1.00,יח',false,,7.90,7.9000,true,1,2185936
7290108352917,false,כפפות ניטריל כחולות 80 יח' S סנו סושי,,,כפפות ניטריל כחולות,יח',80.00,יח',false,,28.90,0.3612,true,1,2200647
7290108352924,false,כפפות ניטריל כחולות 80 יח' M סנו סושי,,,כפפות ניטריל כחולות,יח',80.00,יח',false,,28.90,0.3612,true,1,2200648
7290108352931,false,כפפות ניטריל כחולות 80 יח' L סנו סושי,,,כפפות ניטריל כחולות,יח',80.00,יח',false,,28.90,0.3612,true,1,2200649
7290108352948,false,"תבניות מאפינס אקסטרא חזקות 24 *16ס""מ סנו",,,7 תבניות מאפינס סנו,יח',7.00,יח',false,,14.90,2.1286,true,1,2200650
7290108352955,false,"4 תבניות אקסטרא חזקות 31*16ס""מ סנו",יויו טינואט,CN,4 תבניות אינגליש סנו,יח',4.00,יח',false,,14.90,3.7250,true,1,2200651
7290108352962,false,"תבניות עמוקות אקסטרא חזקות 30*25ס""מ סנו",סנו סושי,,3 תבניות עמוקות סנו,יח',3.00,יח',false,,14.90,4.9667,true,1,2200652
7290108352979,false,"4 תבניות L אקסטרא חזקות 36*26ס""מ סנו",,,4 תבניות L סנו סושי,יח',4.00,יח',false,,14.90,3.7250,true,1,2200653
7290108352986,false,"3 תבניות XL אקסטרא חזקות 40*29ס""מ סנו",,,3 תבניות XL סנו סושי,יח',3.00,יח',false,,14.90,4.9667,true,1,2200654
7290108352993,false,"סנו סושי 2 תבניות XL אקסטרא חזקות 43*31ס""מ",,,2 תבניות XL עמוקות ס,יח',2.00,יח',false,,14.90,7.4500,true,1,2200655
7290108353006,false,שקיות מזון נקשרות סנו סושי 250 יח',מיוצר עי קונדיטוריית,CN,שקיות מזון נקשרות סנ,יח',250.00,יח',false,,12.90,0.0516,true,1,2336683
7290108353044,false,תבנית אפייה מנייר L סנו,מיוצר עי קונדיטוריית,CN,תבניות אפייה למאפינס,יח',24.00,יח',false,,9.90,0.4125,true,1,2371060
7290108353068,false,ספוג הפלא נירוסטה עם סיבי קירצוף סנו סושי 2 יח',מיוצר עי קונדיטוריית,CN,כרית קירצוף עם סיבי,יח',2.00,יח',false,,9.90,4.9500,true,1,2371080
7290108353075,false,סנו סושי מפיות אירוח עבות 3שכבות 50 יח',,,מפיות אירוח סנו סושי,יח',50.00,יח',false,,9.90,0.1980,true,1,2336684
7290108353334,false,"שמפו למניעת קשקשים עם שמן עץ התה ואסאי 700 מ""ל כיף",קוסמופארם בעמ,IL,"שמפו כיף 700 מ""ל עם",מיליליטרים,700.00,"100 מ""ל",false,,14.90,0.0213,true,1,2377204
7290108353372,false,צמד מברשות שיניים 12 אלף סיבי פחם,סנו,IL,מברשת שיניים NANO פח,יח',2.00,יח',false,,29.90,14.9500,true,1,2519307
7290108353389,false,"אורביטול - מי פה ג'וניור לגילאי 8+ 250 מ""ל",,,אורביטול קיד מי פה ג,מיליליטרים,250.00,"100 מ""ל",false,,14.90,0.0596,true,1,2511762
7290108353396,false,צמד מברשות שיניים עם סיבים דקים ורכים במיוחד,יבואן ומשווק: ש. שסט,CN,צמד מברשות שיניים או,יח',2.00,יח',false,,14.90,7.4500,true,1,2393871
7290108353419,false,צמד מברשות שיניים עם סיבי הלבנה ספירליים,,,צמד מברשות שיניים או,יח',2.00,יח',false,,14.90,7.4500,true,1,2393873
7290108353433,false,שטיפת פה לרעננות מתמשכת מנטה עדין Protect & Fresh,"קוסמופארם בע""מ",IL,שטיפת פה PROTECT & F,מיליליטרים,500.00,"100 מ""ל",false,,19.90,0.0398,true,1,2185937
7290108353440,false,"אורביטול - מברשת שיניים 12,000 סיבים","ב.א מזון בע""מ",CN,מברשת שיניים NANO או,יח',2.00,יח',false,,29.90,14.9500,true,1,2474286
7290108353471,false,סנו - סנובון מעוצב בניחוח ספא,סנו,,סנובון DESIGN בניחוח,גרמים,65.00,100 גרם,false,,7.90,0.1215,true,1,2362764
7290108353488,false,סנו - סנובון מעוצב בניחוח סחלב פראי,מיוצר עי קונדיטוריית,IL,סנובון DESIGN בניחוח,גרמים,55.00,100 גרם,false,,7.90,0.1436,true,1,2362765
7290108353495,false,אורביטול - חוט דנטאלי 50 מטר בתוספת שעווה ופלואוריד,,,חוט דנטלי עם שעווה א,מטרים,50.00,מטר,false,,9.90,0.1980,true,1,2528065
7290108353501,false,סנו סושי שקיות אשפה עם ידיות 25 יח' XXL,טרופיקל דגיל תעשיות,TR,סושי שקיות אשפה 75*9,יח',25.00,יח',false,,21.90,0.8760,true,1,2387328
7290108353518,false,"תבניות אלומיניום עם ידיות אחיזה 34*29 ס""מ",קריניסה ויטמין אס אי,CN,2 תבניות אלומיניום ע,יח',2.00,יח',false,,9.90,4.9500,true,1,2382196
7290108353525,false,תבניות אלומיניום עם ידיות אחיזה 25*20,קריניסה ויטמין אס אי,CN,4 תבניות אלומיניום ע,יח',4.00,יח',false,,9.90,2.4750,true,1,2382197
7290108353532,false,"שקיות אשפה נשלפות עם שרוך 65*54 ס""מ L",סנו סושי,IL,סושי שקיות אשפה 54*6,יח',100.00,יח',false,,29.90,0.2990,true,1,2387329
7290108353549,false,נייר אפיה סנו סושי 100 יח',"טופ פלסט 2002 בע""מ",IL,נייר אפיה סנו סושי 1,יח',100.00,יח',false,,19.90,0.1990,true,1,2387330
7290108353563,false,צלחות מקנה סוכר טבעי סנו סושי - 10'' *25,הנסיך- מפעל לייצור ט,CN,צלחות מקנה סוכר טבעי,יח',25.00,יח',false,,19.90,0.7960,true,1,2412567
7290108353570,false,סנו סושי צלחות קטנות 25 יח',,,צלחות מקנה סוכר טבעי,יח',25.00,יח',false,,9.90,0.3960,true,1,2412568
7290108353587,false,"קעריות מעוטרות מקנה סוכר בקוטר 15 ס""מ","שנדונג , סין",CN,קעריות מקנה סוכר טבע,יח',25.00,יח',false,,13.90,0.5560,true,1,2412569
7290108353594,false,סנו סושי צלחות אובליות 25 יח',סנו סושי,,צלוחיות מקנה סוכר טב,יח',25.00,יח',false,,9.90,0.3960,true,1,2412570
7290108353655,false,"סנו סושי - 50 מפיות אירוח איכותיות גדולות ועבות 3 שכבות לבנות """,האנק טישו,PL,מפיות אירוח סנו סושי,יח',50.00,יח',false,,9.90,0.1980,true,1,2387355
7290108353662,false,"סנו סושי מפת שולחן מוטבעת 120*270 ס""מ",,,מפת שולחן מוטבעת סנו,יח',1.00,יח',false,,10.90,10.9000,true,1,2499702
7290108353679,false,סנו סושי – ניילון שקופות 10 מפות,מיוצר עי קונדיטוריית,IL,מפות ניילון שקופות 1,יח',10.00,יח',false,,14.90,1.4900,true,1,2404540
7290108353686,false,מטלית חלומית לריצפה מיקרופייבר,נינגבו סנבנג,CN,מטלית חלומית לרצפה ס,יח',1.00,יח',false,,10.90,10.9000,true,1,2412335
7290108353709,false,כפפות ניטריל שחורות 80 יח' S סנו סושי,,,כפפות ניטריל שחורות,יח',80.00,יח',false,,28.90,0.3612,true,1,2511763
7290108353730,false,"קרמה - תחליב רחצה חימר אוכמניות כחולות 500 מ""ל",,,תחליב רחצה קרמה חימר,מיליליטרים,500.00,"100 מ""ל",false,,16.90,0.0338,true,1,2507751
7290108353747,false,"תחליב רחצה אירוודה, בניחוח טונקה 600 מ""ל קרימה",קוסמופארם,IL,תחליב רחצה קרמה אירו,מיליליטרים,600.00,"100 מ""ל",false,,17.90,0.0298,true,1,2528049
7290108353761,false,"תחליב רחצה זן, בניחוח קשמיר 600 מ""ל קרימה",קוסמופארם,IL,תחליב רחצה קרמה זן 6,מיליליטרים,600.00,"100 מ""ל",false,,17.90,0.0298,true,1,2528050
7290108353778,false,"תחליב רחצה נקה שוודיה בניחות פיטנגו 750 מ""ל",קוסמופארם בע''מ,IL,תחליב רחצה נקה 7 שוו,מיליליטרים,750.00,"100 מ""ל",false,,12.90,0.0172,true,1,2421833
7290108353785,false,תחליב רחצה נקה 7 בניחוח טונקה,נקה 7,,תחליב רחצה נקה 7 מרו,מיליליטרים,750.00,"100 מ""ל",false,,12.90,0.0172,true,1,2425773
7290108353792,false,"תחליב רחצה נקה יפן פריחת הדובדבנים 750 מ""ל",קוסמופארם בע''מ,IL,תחליב רחצה נקה 7 פרי,מיליליטרים,750.00,"100 מ""ל",false,,12.90,0.0172,true,1,2421827
7290108353808,false,"תחליב רחצה נקה מדגסקר בניחות אמבר 750 מ""ל",קוסמופארם בע''מ,IL,תחליב רחצה נקה 7 מדג,מיליליטרים,750.00,"100 מ""ל",false,,12.90,0.0172,true,1,2421834
7290108353815,false,"תחליב רחצה מדיטציה, בניחוח פצ'ולי לבנדר 600 מ""ל קרימה",קוסמופארם,IL,תחליב רחצה קרמה מדיט,מיליליטרים,600.00,"100 מ""ל",false,,17.90,0.0298,true,1,2528057
7290108353839,false,כפפות ניטריל שחורות 80 יח' M סנו סושי,,,כפפות ניטריל שחורות,יח',80.00,יח',false,,28.90,0.3612,true,1,2511764
7290108353846,false,כפפות ניטריל שחורות 80 יח' L סנו סושי,,,כפפות ניטריל שחורות,יח',80.00,יח',false,,28.90,0.3612,true,1,2511765
7290108353891,false,"קרמה - דאודורנט רול און לאישה קרמה מאסק 75 מ""ל","קוסמופארם בע""מ",IL,דאודרנט קרמה רול און,מיליליטרים,75.00,"100 מ""ל",false,,12.90,0.1720,true,1,2412319
7290108353907,false,"קרמה - דאודורנט רול און לאישה קרמה קלאסי 75 מ""ל","קוסמופארם בע""מ",IL,דאודרנט קרמה רול און,מיליליטרים,75.00,"100 מ""ל",false,,12.90,0.1720,true,1,2412307
7290108353945,false,דאודורנט ספריי קרמה בניחוח אשכולית ולמון גראס,קרמה Crema,,דאודורנט קרמה ספריי,מיליליטרים,150.00,"100 מ""ל",false,,12.90,0.0860,true,1,2473888
7290108353952,false,"קרמה - דאודורנט ספריי לאישה קרמה קלאסי 150 מ""ל",קרמה Crema,IL,דאודורנט קרמה ספריי,מיליליטרים,150.00,"100 מ""ל",false,,12.90,0.0860,true,1,2473889
7290108353983,false,"קרמה - קרם גוף קרמה קלאסי 500 מ""ל",טרופיקל דגיל תעשיות,IL,קרם גוף קרמה קלאסי,מיליליטרים,500.00,"100 מ""ל",false,,24.90,0.0498,true,1,2423098
7290108353990,false,"קרמה - קרם גוף קרמה מאסק 500 מ""ל",טרופיקל דגיל תעשיות,IL,קרם גוף קרמה מאסק,מיליליטרים,500.00,"100 מ""ל",false,,24.90,0.0498,true,1,2423099
7290108354003,false,"תחליב רחצה קרמה ג'ינג'ר ולמון גראס 700 מ""ל",קרמה Crema,,תחליב רחצה קרמה ג'ינ,מיליליטרים,700.00,"100 מ""ל",false,,16.90,0.0241,true,1,2412320
7290108354034,false,"סבון ידיים חמאת שיאה וקוקוי 300 מ""ל קרמה",טרופיקל דגיל תעשיות,IL,סבון ידיים קרמה חמאת,מיליליטרים,300.00,"100 מ""ל",false,,9.90,0.0330,true,1,2412529
7290108354065,false,"קרמה - מן ג'ל רחצה פילינג 700 מ""ל",קוסמופארם בע''מ,IL,קרמה מן ג'ל רחצה פיל,מיליליטרים,700.00,"100 מ""ל",false,,18.90,0.0270,true,1,2497455
7290108354164,false,אל סבון כיף מועשר בשמנים מארז שלישייה,טרופיקל דגיל תעשיות,IL,אל סבון כיף מועשר בש,יח',3.00,יח',false,,19.90,6.6333,true,1,2433346
7290108354263,false,אורביטול - משחת שיניים 6+ חד קרן 70 גרם,טרופיקל דגיל תעשיות,IL,משחת שיניים אורביטול,גרמים,70.00,100 גרם,false,,8.90,0.1271,true,1,2433347
7290108354270,false,מרכך כביסה מרוכז בבישום עוצמתי 1 ל' סנו מקסימה,מיוצר עי קונדיטוריית,IL,מרכך כביסה מרוכז מקס,ליטרים,1.00,ליטר,false,,17.90,17.9000,true,1,2485991
7290108354355,false,סנו מגבוני היגיינים לניקוי הידיים 70 % אלכוהול 20 יח',דן - מור חומרי טבע ו,IL,מגבונים הגיינים לחיט,יח',20.00,יח',false,,9.90,0.4950,true,1,2420259
7290108354416,false,"תחליב רחצה יוגה, בניחוח ברגמוט 600מ""ל קרימה",קוסמופארם,IL,תחליב רחצה קרמה יוגה,מיליליטרים,600.00,"100 מ""ל",false,,17.90,0.0298,true,1,2528051
7290108354430,false,"שמפו כיף לשיקום והזנה שמן קוקוס וקרטין 700 מ""ל",קוסמופארם בעמ,IL,שמפו כיף שמן קוקוס ו,מיליליטרים,700.00,"100 מ""ל",false,,14.90,0.0213,true,1,2441089
7290108354447,false,"מרכך כיף לשיקום והזנה שמן קוקוס וקרטין 700 מ""ל",גוד פוד פרודקטס S.p,IL,מרכך כיף שמן קוקוס ו,מיליליטרים,700.00,"100 מ""ל",false,,14.90,0.0213,true,1,2441090
7290108354461,false,"שמפו קרליין 10 חימר 700 מ""ל",,,שמפו קרליין 10 חימר,מיליליטרים,700.00,"100 מ""ל",false,,12.90,0.0184,true,1,2544691
7290108354478,false,"מרכך קרליין 10 חימר 700 מ""ל",,,מרכך קרליין 10 חימר,מיליליטרים,700.00,"100 מ""ל",false,,12.90,0.0184,true,1,2544692
7290108354492,false,"קרליין - שמפו 10 שמן ארגן 700 מ""ל",קרליין Careline,IL,שמפו קרליין 10 לשיער,מיליליטרים,700.00,"100 מ""ל",false,,12.90,0.0184,true,1,2506540
7290108354577,false,דאודורנט רול און קרמה וניל ופלפל ורוד,,,דאודרנט קרמה רול און,מיליליטרים,75.00,"100 מ""ל",false,,12.90,0.1720,true,1,2477167
7290108354607,false,"שמפו בניחוח מי קקטוס ושמן באבאסו 750 מ""ל נקה 7",אמיליה קוסמטיקס,IL,נקה 7 שמפו ביו 750 מ,מיליליטרים,750.00,"100 מ""ל",false,,11.90,0.0159,true,1,2514862
7290108354614,false,"מרכך בניחוח מי קקטוס ושמן באבאסו 750 מ""ל נקה 7",אמיליה קוסמטיקס,IL,נקה 7 מרכך ביו 750 מ,מיליליטרים,750.00,"100 מ""ל",false,,11.90,0.0159,true,1,2514863
7290108354621,false,"מסיכה לשיער לחות מוגברת עם אפרסק וחמאת מורומורו 500 מ""ל כיף",סנו,IL,מסיכה לשיער לחות מוג,מיליליטרים,500.00,"100 מ""ל",false,,25.90,0.0518,true,1,2530781
7290108354706,false,"קרמה - תחליב רחצה מאסק 500 מ""ל",קוסמופארם,IL,תחליב רחצה קרמה מאסק,מיליליטרים,500.00,"100 מ""ל",false,,16.90,0.0338,true,1,2477168
7290108354713,false,"קרמה - תחליב רחצה קלאסי 500 מ""ל",קוסמופארם,IL,תחליב רחצה קרמה קלאס,מיליליטרים,500.00,"100 מ""ל",false,,16.90,0.0338,true,1,2477169
7290108354720,false,סנו פרש הום מקלות ריחניים בניחוח ליידי קוקו 100מל',,,מקלות ריחניים לבית ל,מיליליטרים,100.00,"100 מ""ל",false,,24.90,0.2490,true,1,2545348
7290108354751,false,"סנו - ג'ט מרסס לניקוי כללי בתוספת אבקת סודה 750 מ""ל","סנו מפעלי ברונוס בע""",IL,מתז לניקוי כללי ג'ט+,מיליליטרים,750.00,"100 מ""ל",false,,19.90,0.0265,true,1,2130722
7290108354768,false,קרמה קרם גוף דבש 500,מיוצר בסין.יבוא ושיו,IL,קרם גוף קרמה דבש 500,מיליליטרים,500.00,"100 מ""ל",false,,24.90,0.0498,true,1,2477170
7290108354805,false,"שמן גוף קרמה נרולי ומגנוליה 150 מ""ל",,,שמן גוף קרמה נרולי ו,מיליליטרים,150.00,"100 מ""ל",false,,24.90,0.1660,true,1,2432240
7290108354829,false,"קרמה - קרם ידיים ורד הוניל 100 מ""ל",קוסמופארם,IL,קרם ידיים קרמה ורד ו,מיליליטרים,100.00,"100 מ""ל",false,,12.90,0.1290,true,1,2421580
7290108354850,false,"קרמה דאודורנט רול און בריזת ים 75 מ""ל",קרמה Crema,IL,דאודרנט קרמה רול און,מיליליטרים,75.00,"100 מ""ל",false,,12.90,0.1720,true,1,2412308
7290108354911,false,"שמפו, ג'ל רחצה וגילוח מועשר בתמצית אלוורה",טרופיקל דגיל תעשיות,IL,קרמה מן 3 ב-1 שמפו/ג,מיליליטרים,700.00,"100 מ""ל",false,,18.90,0.0270,true,1,2400960
7290108354973,false,"סבון ידיים ורד ווניל קרמה 300 מ""ל",טרופיקל דגיל תעשיות,IL,סבון ידיים קרמה ורד,מיליליטרים,300.00,"100 מ""ל",false,,9.90,0.0330,true,1,2412530
7290108354980,false,קרם ידיים מרוכז לידיים יבשות מאוד ללא בישום,קוסמופארם,IL,קרם ידיים קרמה מרוכז,מיליליטרים,50.00,"100 מ""ל",false,,15.90,0.3180,true,1,2433251
7290108355000,false,"שמפו מיניונים לילדים נקה 7 750 מ""ל",נקה 7,,שמפו נקה 7 קידס מיני,מיליליטרים,750.00,"100 מ""ל",false,,14.90,0.0199,true,1,1418136
7290108355017,false,"נקה 7 - מרכך לשיער מיניונים 750 מ""ל",נקה 7,,מרכך נקה 7 קידס מיני,מיליליטרים,750.00,"100 מ""ל",false,,14.90,0.0199,true,1,1418137
7290108355024,false,"שמפו ומרכך מיניונים קידס נקה 7 750 מ""ל",קוסמופארם בע''מ,IL,שמפו+מרכך נקה 7 קידס,מיליליטרים,750.00,"100 מ""ל",false,,14.90,0.0199,true,1,1418138
7290108355031,false,"נקה 7 אלסבון קידס מיניונים 750 מ""ל",נקה 7,,אל סבון נקה 7 קידס מ,מיליליטרים,750.00,"100 מ""ל",false,,14.90,0.0199,true,1,1418139
7290108355055,false,לחות עם גלייז לתלתול מעוצב ומוגדר,נטורל פורמולה Natural Formula,,לחות לשיער עם גלייז,מיליליטרים,400.00,"100 מ""ל",false,,29.90,0.0747,true,1,1653400
7290108355062,false,"קרם לחות מקצועית עם קרטין נטורל 400 מ""ל",,,קרם לחות לשיער עם קר,מיליליטרים,400.00,"100 מ""ל",false,,29.90,0.0747,true,1,1653401
7290108355079,false,"נטורל - לחות לשיער עם שמן קוקוס 400 מ""ל",,,לחות לשיער עם קוקוס,מיליליטרים,400.00,"100 מ""ל",false,,29.90,0.0747,true,1,1653402
7290108355116,false,בייבי כיף אל סבון לפני שינה 750 מל,,,אל סבון בייבי כיף לפ,מיליליטרים,750.00,"100 מ""ל",false,,17.90,0.0239,true,1,2110564
7290108355123,false,"בייבי כיף קרם גוף לפני שינה 500 מ""ל",,,קרם גוף בייבי כיף לפ,מיליליטרים,500.00,"100 מ""ל",false,,24.90,0.0498,true,1,2110565
7290108355130,false,"בייבי כיף שמן גוף לפני שינה 500 מ""ל",,,שמן גוף בייבי כיף לפ,מיליליטרים,500.00,"100 מ""ל",false,,24.90,0.0498,true,1,2110566
7290108355147,false,"תחליב רחצה נקה 7שמני רחצה 750 מ""ל",נקה 7,,תחליב רחצה נקה 7 שמנ,מיליליטרים,750.00,"100 מ""ל",false,,12.90,0.0172,true,1,1958580
7290108355161,false,"מרכך שיער שמני הזנה 750 מ""ל נקה 7",אמיליה קוסמטיקס,IL,מרכך שיער נקה 7 שמני,מיליליטרים,750.00,"100 מ""ל",false,,11.90,0.0159,true,1,1958582
7290108355178,false,"קרמה - קרם ידיים חמאת שיאה וקוקוי 100 מ""ל",קוסמופארם,IL,קרם ידיים קרמה חמאת,מיליליטרים,100.00,"100 מ""ל",false,,12.90,0.1290,true,1,2421814
7290108355185,false,"נטורל מסיכת קרטין אינטנס למניעת קשקשים 350 מ""ל",נטורל פורמולה Natural Formula,IL,מסיכה לשיער קרטין אי,מיליליטרים,350.00,"100 מ""ל",false,,39.90,0.1140,true,1,1846543
7290108355192,false,"נטורל מרכך קרטין אינטנס למניעת קשקשים 400 מ""ל",נטורל פורמולה Natural Formula,IL,מרכך קרטין אינטנס למ,מיליליטרים,400.00,"100 מ""ל",false,,29.90,0.0747,true,1,1846534
7290108355208,false,"שמפו קרטין אינטנס למניעת קשקשים נטורל 400 מ""ל",נטורל פורמולה Natural Formula,IL,שמפו קרטין אינטנס למ,מיליליטרים,400.00,"100 מ""ל",false,,29.90,0.0747,true,1,1846535
7290108355215,false,"מסיכת קרטין איטנס נטורל 450 מ""ל משאבה",,,מסיכה לשיער קרטין אי,מיליליטרים,450.00,"100 מ""ל",false,,49.90,0.1109,true,1,1846544
7290108355253,false,"נקה 7 - ג'ל רחצה אקסטרה פרש לגבר 750 מ""ל",,,נקה 7 ג'ל רחצה לגבר,מיליליטרים,750.00,"100 מ""ל",false,,11.90,0.0159,true,1,2109559
7290108355260,false,"נקה 7-שמפו 3ב1 שמפו ג'ל רחצה וסבון פנים לגבר 750 מ""ל",גוד פוד פרודקטס S.p,IL,נקה 7 שמפו+ג'ל רחצה+,מיליליטרים,750.00,"100 מ""ל",false,,11.90,0.0159,true,1,2109560
7290108355277,false,"נקה 7 - שמפו ומרכך לגבר 2 ב-1 750 מ""ל",,,נקה 7 שמפו 2 ב-1 לגב,מיליליטרים,750.00,"100 מ""ל",false,,11.90,0.0159,true,1,2109561
7290108355307,false,"נקה 7 - שמפו סירוק קל רוזמרין 750 מ""ל",גוד פוד פרודקטס S.p,IL,נקה 7 שמפו לשיער רגי,מיליליטרים,750.00,"100 מ""ל",false,,11.90,0.0159,true,1,2336687
7290108355314,false,מרכך לסירוק קל בתוספת רוזמרין,גוד פוד פרודקטס S.p,IL,מרכך שיער נקה 7 לשיע,מיליליטרים,750.00,"100 מ""ל",false,,11.90,0.0159,true,1,2336688
7290108355352,false,שמפו מעצים גוונים נט,,,שמפו מעצים גוונים נט,מיליליטרים,250.00,"100 מ""ל",false,,29.90,0.1196,true,1,2433545
7290108355420,false,מרכך פיגמנט אדום נטו,,,מרכך פיגמנט אדום נטו,מיליליטרים,250.00,"100 מ""ל",false,,29.90,0.1196,true,1,2433550
7290108355437,false,מרכך פיגמנט שחור נטו,,,מרכך פיגמנט שחור נטו,מיליליטרים,250.00,"100 מ""ל",false,,29.90,0.1196,true,1,2433551
7290108355451,false,"קרמה - דאודורנט רול און לאישה קרמה ורד ווניל 75 מ""ל",קרמה Crema,IL,דאודרנט קרמה רול און,מיליליטרים,75.00,"100 מ""ל",false,,12.90,0.1720,true,1,2412309
7290108355468,false,"קרמה דאודורנט רול און נרולי ומגנוליה 75 מ""ל",קרמה Crema,IL,דאודרנט קרמה רול און,מיליליטרים,75.00,"100 מ""ל",false,,12.90,0.1720,true,1,2412310
7290108355482,false,"קרמה - דאודורנט רול און לאישה קרמה לבנדר ואקליפטוס 75 מ""ל",קרמה Crema,,דאודרנט קרמה רול און,מיליליטרים,75.00,"100 מ""ל",false,,12.90,0.1720,true,1,2412312
7290108355543,false,דאודורנט ספריי קרמה בניחוח נרולי ומגנוליה,קרמה Crema,IL,דאודורנט קרמה ספריי,מיליליטרים,150.00,"100 מ""ל",false,,12.90,0.0860,true,1,2473892
7290108355710,false,"קרליין בודי מיסט BLUE HEAVEN מתז 250 מ""ל",,,בישום בודי מיסט קרלי,מיליליטרים,250.00,"100 מ""ל",false,,39.90,0.1596,true,1,2404597
7290108356007,false,תחליב רחצה כיף בניחו,,,תחליב רחצה כיף בניחו,מיליליטרים,700.00,"100 מ""ל",false,,12.90,0.0184,true,1,2185944
7290108356021,false,"כיף תחליב רחצה בניחות קרם עוגיות 700 מ""ל",גוד פוד פרודקטס S.p,IL,תחליב רחצה כיף בניחו,מיליליטרים,700.00,"100 מ""ל",false,,12.90,0.0184,true,1,2185945
7290108356045,false,"כיף תחליב רחצה בניחות גלידת סוכריות גלי 700 מ""ל",כיף,,תחליב רחצה כיף בניחו,מיליליטרים,700.00,"100 מ""ל",false,,12.90,0.0184,true,1,2185947
7290108356090,false,"תרחיץ ג'ל לשטיפה אינטימית 220 מ""ל",,,תרחיץ ג'ל לשטיפה אינ,מיליליטרים,220.00,"100 מ""ל",false,,19.90,0.0905,true,1,2456909
7290108356106,false,"תחליב רחצה כיף שקדים 700 מ""ל",קריות זול,IL,תחליב רחצה כיף שקד 7,מיליליטרים,700.00,"100 מ""ל",false,,12.90,0.0184,true,1,2120145
7290108356113,false,"כיף תחליב רחצה דבש 700 מ""ל-מרכז",קוסמופארם בעמ,IL,תחליב רחצה כיף דבש 7,מיליליטרים,700.00,"100 מ""ל",false,,12.90,0.0184,true,1,2120146
7290108356120,false,"כיף תחליב רחצה קוקוס וניל 700 מ""ל",קריות זול,IL,תחליב רחצה כיף קוקוס,מיליליטרים,700.00,"100 מ""ל",false,,12.90,0.0184,true,1,2120147
7290108356137,false,"כיף - תחליב רחצה לבנדר 700 מ""ל",קריות זול,IL,תחליב רחצה כיף לבנדר,מיליליטרים,700.00,"100 מ""ל",false,,12.90,0.0184,true,1,2120148
7290108356151,false,"תחליב רחצה כיף מאסק יסמין 700 מ""ל",גוד פוד פרודקטס S.p,IL,תחליב רחצה כיף מאסק,מיליליטרים,700.00,"100 מ""ל",false,,12.90,0.0184,true,1,2120149
7290108356168,false,"כיף - תחליב רחצה אוקיינוס 700 מ""ל",גוד פוד פרודקטס S.p,IL,תחליב רחצה כיף אוקיי,מיליליטרים,700.00,"100 מ""ל",false,,12.90,0.0184,true,1,2120150
7290108356175,false,כיף אל סבון אבטיח ומנטה 1 ליטר,טרופיקל דגיל תעשיות,IL,אל סבון כיף אבטיח ומ,ליטרים,1.00,ליטר,false,,10.90,10.9000,true,1,2408524
7290108356182,false,כיף אל סבון תאנה ותה ירוק 1 ליטר,סנו,IL,אל סבון כיף תאנה ותה,ליטרים,1.00,ליטר,false,,10.90,10.9000,true,1,2408525
7290108356199,false,כיף אל סבון אפרסק ופלפל שחור 1 ליטר,טרופיקל דגיל תעשיות,IL,אל סבון כיף אפרסק ופ,ליטרים,1.00,ליטר,false,,10.90,10.9000,true,1,2408526
7290108356274,false,"כיף - מוס רחצה בניחוח תותים ושמנת 150 מ""ל",כיף,,מוס רחצה כיף בניחוח,מיליליטרים,150.00,"100 מ""ל",false,,12.90,0.0860,true,1,2490945
7290108356298,false,"כיף - מוס רחצה בניחוח קרם עוגיות 150 מ""ל",כיף,,מוס רחצה כיף בניחוח,מיליליטרים,150.00,"100 מ""ל",false,,12.90,0.0860,true,1,2490946
7290108356359,false,"קרמה - מן קרם לחות לגוף לאחר גילוח 400 מ""ל",קוסמופארם בעמ,IL,קרם לחות לגוף לאחר ג,מיליליטרים,400.00,"100 מ""ל",false,,24.90,0.0622,true,1,2400961
7290108356489,false,"כיף - תחליב רחצה אפרסק וחמאת מורומורו 700 מ""ל",קוסמופארם,IL,תחליב רחצה כיף אפרסק,מיליליטרים,700.00,"100 מ""ל",false,,14.90,0.0213,true,1,2506220
7290108356519,false,קרליין שמפו 10למניעת קשקשים 700מל,קרליין Careline,IL,שמפו קרליין 10 לשיער,מיליליטרים,700.00,"100 מ""ל",false,,12.90,0.0184,true,1,2497469
7290108356526,false,"קרליין - שמפו 10 לשיער יבש 700 מ""ל",קרליין Careline,IL,שמפו קרליין 10 לשיער,מיליליטרים,700.00,"100 מ""ל",false,,12.90,0.0184,true,1,2497470
7290108356533,false,"שמפו 10 לשיער מתולתל 700 מ""ל קרליין",קרליין Careline,IL,שמפו קרליין 10 לשיער,מיליליטרים,700.00,"100 מ""ל",false,,12.90,0.0184,true,1,2497471
7290108356540,false,"שמפו 10 לשיער צבוע 700 מ""ל קרליין",סנו,IL,שמפו קרליין 10 לשיער,מיליליטרים,700.00,"100 מ""ל",false,,12.90,0.0184,true,1,2497472
7290108356557,false,"שמפו 10 לשיער למניעת קשקשים 700 מ""ל קרליין",קרליין Careline,IL,שמפו קרליין 10 למניע,מיליליטרים,700.00,"100 מ""ל",false,,12.90,0.0184,true,1,2497473
7290108356564,false,"קרליין - מרכך 10 לשיער רגיל 700 מ""ל",קרליין Careline,IL,מרכך קרליין 10 לשיער,מיליליטרים,700.00,"100 מ""ל",false,,12.90,0.0184,true,1,2497474
7290108356571,false,"קרליין - מרכך 10 לשיער יבש 700 מ""ל",קרליין Careline,IL,מרכך קרליין 10 לשיער,מיליליטרים,700.00,"100 מ""ל",false,,12.90,0.0184,true,1,2497475
7290108356588,false,"מרכך 10 לשיער מתולתל 700 מ""ל קרליין",קרליין Careline,IL,מרכך קרליין 10 לשיער,מיליליטרים,700.00,"100 מ""ל",false,,12.90,0.0184,true,1,2497476
7290108356595,false,"מרכך 10 לשיער צבוע 700 מ""ל קרליין",קרליין Careline,IL,מרכך קרליין 10 לשיער,מיליליטרים,700.00,"100 מ""ל",false,,12.90,0.0184,true,1,2497477
7290108356809,false,סבון בוטני ורד ומרווה לניקוי וטיפוח הידיים טבעוני 1 ל' כיף,"קוסופארם בע""מ",IL,אל סבון כיף + משאבה,ליטרים,1.00,ליטר,false,,10.90,10.9000,true,1,2528042
7290108356816,false,"סבון בוטני גרניום ופטצ'ולי לניקוי וטיפוח הידיים, טבעוני 1 ל' כיף","קוסופארם בע""מ",IL,אל סבון כיף + משאבה,ליטרים,1.00,ליטר,false,,10.90,10.9000,true,1,2528043
7290108357004,false,"שמפו כיף ורד ושמן קוקוי 700 מ""ל",טרופיקל דגיל תעשיות,IL,"שמפו כיף 700 מ""ל ורד",מיליליטרים,700.00,"100 מ""ל",false,,14.90,0.0213,true,1,2382235
7290108357011,false,"מרכך כיף ורד ושמן קוקוי 700 מ""ל",טרופיקל דגיל תעשיות,IL,"מרכך כיף 700 מ""ל ורד",מיליליטרים,700.00,"100 מ""ל",false,,14.90,0.0213,true,1,2382236
7290108357028,false,"כיף תחליב רחצה ורד ושמן קוקוי 700 מ""ל",קוסמופארם בעמ,IL,תחליב רחצה כיף 700 מ,מיליליטרים,700.00,"100 מ""ל",false,,12.90,0.0184,true,1,2382237
7290108357042,false,"קרליין - נושם ביו דאודורנט רול און 75 מ""ל Citrus Blossoms לאישה",קרליין Careline,IL,דאודורנט רול און נו,מיליליטרים,75.00,"100 מ""ל",false,,12.90,0.1720,true,1,2506531
7290108357059,false,"קרליין - נושם ביו דאודורנט רול און 75 מ""ל Secret Garden לאישה",קרליין Careline,IL,דאודורנט רול און נו,מיליליטרים,75.00,"100 מ""ל",false,,12.90,0.1720,true,1,2506541
7290108357080,false,"קרליין - נושם ביו דאודורנט ספריי 150 מ""ל Secret Garden לאישה",קרליין Careline,IL,דאודורנט ספריי נושם,מיליליטרים,150.00,"100 מ""ל",false,,12.90,0.0860,true,1,2506543
7290108357110,false,"קרליין - נושם ביו דאודורנט רול און 75 מ""ל Valvet Rose לאישה",קרליין Careline,,דאודורנט רול און נו,מיליליטרים,75.00,"100 מ""ל",false,,12.90,0.1720,true,1,2506545
7290108357189,false,"מבשם ומרכך למייבש הכביסה מקסימה פלורל 750 מ""ל סנו","איי, בי, אינבוו",IL,מרסס למייבש כביסה סנ,מיליליטרים,750.00,"100 מ""ל",false,,19.90,0.0265,true,1,2383184
7290108357196,false,"ג'ט פלוס לניקוי כללי בתוספת תמצית עץ התה 750 מ""ל סנו",מיוצר עי קונדיטוריית,IL,מתז לניקוי כללי ג'ט+,מיליליטרים,750.00,"100 מ""ל",false,,19.90,0.0265,true,1,2461919
7290108357202,false,מתס קליר סנו בניחוח בלו בלוסם 1 ליטר,"סנו מפעלי ברונוס בע""",IL,סנוקליר רב תכליתי בנ,ליטרים,1.00,ליטר,false,,10.90,10.9000,true,1,2437876
7290108357226,false,"אוקסיגן POWER אבקה לכביסה לבנה והסרת כתמים 1.4 ק""ג סנו",,IL,אוקסיג'ן מסיר כתמים,גרמים,1400.00,100 גרם,false,,29.90,0.0214,true,1,2499715
7290108357233,false,סנוקליר מטליות לחות לניקוי והברקה 50יח,סנו קליר,IL,מטליות לחות לניקוי ו,יח',50.00,יח',false,,10.90,0.2180,true,1,2497462
7290108357240,false,"אוקסיג'ן פאוור תוסף להסרת כתמים קשים 1.4 ק""ג",סנו,IL,אוקסיג'ן מסיר כתמים,גרמים,1400.00,100 גרם,false,,29.90,0.0214,true,1,2499722
7290108357257,false,סנו - פרש מכשיר אוטומטי לבישום אוויר בתוספת מילוי אולטרא פרש,סנו פרש Fresh,IL,מכשיר לבישום סנו פרש,יחידה,0.00,יחידה,false,,49.90,0.0000,true,1,2511766
7290108357264,false,"פרש אוטומטי מילוי בניחוח מרכך הכביסה אולטרה 375 מ""ל סנו",סנו פרש Fresh,IL,מטהר אויר בהתזה אולט,מיליליטרים,250.00,"100 מ""ל",false,,13.90,0.0556,true,1,2511767
7290108357288,false,אקונומיקה ז'אוול בניחוח פריחה לבנה 4 ל' סנו,סנו ז'אוול Javel,IL,אקונומיקה סנו ז'אוול,ליטרים,4.00,ליטר,false,,16.90,4.2250,true,1,2497463
7290108357295,false,"סנו - אוקסיג'ן פאוור מרסס להסרת כתמים 750 מ""ל",סנו,IL,מרסס כביסה מסיר כתמי,מיליליטרים,750.00,"100 מ""ל",false,,19.90,0.0265,true,1,2516529
7290108357301,false,"סנו - K300 קוטל חרקים תיקנים ונמלים 300 מ""ל","סנו מפעלי ברונוס בע""",IL,K-300 קוטל חרקים מיי,מיליליטרים,300.00,"100 מ""ל",false,,19.90,0.0663,true,1,2511768
7290108357394,false,"תחליב רחצה קרמה חלב ודבש 700 מ""ל",קוסמופארם,IL,תחליב רחצה קרמה חלב,מיליליטרים,700.00,"100 מ""ל",false,,16.90,0.0241,true,1,2440851
7290108357448,false,"קרמה - קרם גוף קרמה לבנדר ואקליפטוס 500 מ""ל",קוסמופארם בע''מ,IL,קרם גוף קרמה לבנדר ו,מיליליטרים,500.00,"100 מ""ל",false,,24.90,0.0498,true,1,2421847
7290108357493,false,"תחליב רחצה קרמה וניל ופלפל ורוד 700 מ""ל",גוד פוד פרודקטס S.p,IL,תחליב רחצה קרמה וניל,מיליליטרים,700.00,"100 מ""ל",false,,16.90,0.0241,true,1,2440852
7290108357509,false,"קרם גוף קרמה וניל ופלפל ורוד 500 מ""ל",טרופיקל דגיל תעשיות,IL,קרם גוף קרמה וניל ופ,מיליליטרים,500.00,"100 מ""ל",false,,24.90,0.0498,true,1,2440833
7290108357516,false,"קרמה - סבון ידיים וניל ופלפל ורוד 500 מ""ל",,,סבון ידיים קרמה וניל,מיליליטרים,500.00,"100 מ""ל",false,,12.90,0.0258,true,1,2499716
7290108357578,false,קרם ידיים קרמה וניל פלפ ורוד,,,קרם ידיים קרמה וניל,מיליליטרים,100.00,"100 מ""ל",false,,12.90,0.1290,true,1,2477171
7290108357707,false,"כיף שמפו לשיער רגיל-תפוח זרעי צ'יה 700 מ""ל",גוד פוד פרודקטס S.p,IL,"שמפו כיף 700 מ""ל תפו",מיליליטרים,700.00,"100 מ""ל",false,,14.90,0.0213,true,1,2187758
7290108357714,false,"כיף שמפו לשיער יבש -רימונים ושמן ארגן 700 מ""ל",גוד פוד פרודקטס S.p,IL,"שמפו כיף 700 מ""ל רימ",מיליליטרים,700.00,"100 מ""ל",false,,14.90,0.0213,true,1,2187759
7290108357745,false,שמפו ומרכך 2 ב-1 תאנה ומנטה לכל סוגי השיער,גוד פוד פרודקטס S.p,IL,שמפו ומרכך 2+1 תאנה,מיליליטרים,700.00,"100 מ""ל",false,,14.90,0.0213,true,1,2187769
7290108357769,false,"מרכך לשיער רגיל תפוח וזרעי צ'יה 700 מ""ל כיף",גוד פוד פרודקטס S.p,IL,"מרכך כיף 700 מ""ל תפו",מיליליטרים,700.00,"100 מ""ל",false,,14.90,0.0213,true,1,2187761
7290108357776,false,"כיף מרכך לשיער יבש -רימונים ושמן ארגן 700 מ""ל",גוד פוד פרודקטס S.p,IL,מרכך רימונים ושמן אר,מיליליטרים,700.00,"100 מ""ל",false,,14.90,0.0213,true,1,2187762
7290108357806,false,"כיף מרכך לשיער יבש -רימונים ושמן ארגן 700 מ""ל",קוסמופארם בעמ,IL,"מרכך כיף 700 מ""ל קרט",מיליליטרים,700.00,"100 מ""ל",false,,14.90,0.0213,true,1,2187771
7290108357837,false,שקית מילוי אל סבון בניחוח אצות ים 1 ל' כיף,,,אל סבון כיף שקית מי,ליטרים,1.00,ליטר,false,,9.90,9.9000,true,1,2510649
7290108357844,false,שקית מילוי אל סבון בניחוח גינסנג 1 ל' כיף,סנו,IL,אל סבון כיף שקית מי,ליטרים,1.00,ליטר,false,,9.90,9.9000,true,1,2510650
7290108357851,false,"כיף - ג'ל רחצה אליקסיר אוילס מועשר בשמן קוקוס 700 מ""ל","קוסמופארם בע""מ",IL,תחליב רחצה כיף ELIXI,מיליליטרים,700.00,"100 מ""ל",false,,12.90,0.0184,true,1,2491924
7290108357868,false,"כיף - ג'ל רחצה אליקסיר אויל מועשר בשמן מקדמיה 700 מ""ל",קוסמופארם,IL,תחליב רחצה כיף ELIXI,מיליליטרים,700.00,"100 מ""ל",false,,12.90,0.0184,true,1,2491925
7290108357875,false,"כיף - שמפו לחות מוגברת עם אפרסק וחמאת מורומורו 700 מ""ל",קוסמופארם,IL,שמפו כיף לחות מוגברת,מיליליטרים,700.00,"100 מ""ל",false,,14.90,0.0213,true,1,2506221
7290108357882,false,"כיף - מרכך לחות מוגברת עם אפרסק וחמאת מורומורו 700 מ""ל",קוסמופארם,IL,מרכך כיף לחות מוגברת,מיליליטרים,700.00,"100 מ""ל",false,,14.90,0.0213,true,1,2506222
7290108358070,false,"תחליב רחצה קרמה קלאסי 700 מ""ל",גוד פוד פרודקטס S.p,IL,תחליב רחצה קרמה קלאס,מיליליטרים,700.00,"100 מ""ל",false,,16.90,0.0241,true,1,2423259
7290108358094,false,"קרמה - תחליב רחצה חמאת שיאה וקוקוי 500 מ""ל",,,תחליב רחצה קרמה שיאה,מיליליטרים,500.00,"100 מ""ל",false,,16.90,0.0338,true,1,2477172
7290108358100,false,"פרש הום מקלות ריחניים לבית בניחוח בייבי 100 מ""ל",סנו,IL,מקלות ריחניים לבית ב,מיליליטרים,100.00,"100 מ""ל",false,,24.90,0.2490,true,1,2499708
7290108358124,false,דפי בישום לחים למייבש הכביסה בניחוח מרכך כביסה 20 יח' מקסימה,קוסמופארם,IL,דפי בישום למייבש כבי,יח',20.00,יח',false,,12.90,0.6450,true,1,2523623
7290108359008,false,סושי שקיות זיפר עם סליידר 15 יח לארג',,,שקיות זיפר סליידר L,יח',15.00,יח',false,,14.90,0.9933,true,1,2496378
7290108359015,false,סושי שקיות זיפר עם סליידר 20 יח מדיום,,,שקיות זיפר סליידר M,יח',20.00,יח',false,,14.90,0.7450,true,1,2496379
7290108359039,false,שקיות אשפה עם ידיות סנו סושי לפחים 30 יחידות,סנאט גרופ,IL,סושי שקיות אשפה עם י,יח',30.00,יח',false,,21.90,0.7300,true,1,2456903
7290108359046,false,שקיות אשפה EXTRA חזקאות במיוחד XXL סנו סושי 20 יח',,,שקיות אשפה סנו סושי,יח',20.00,יח',false,,24.90,1.2450,true,1,2474292
7290108359060,false,כריות לניקוי כלים לשבת סנו סושי 4 יח',סנו,IL,כריות ניקוי לשבת סנו,יח',4.00,יח',false,,12.90,3.2250,true,1,2478594
7290108359077,false,סנו - סופט לושן ממחטות אף בקופסא 3 שכבות 120 יח',סנו סופט Soft,EG,ממחטות סנו סופט לושן,יח',120.00,יח',false,,12.90,0.1075,true,1,2496385
7290108359084,false,כיסוי ניילון עם גומי 30 יח' M סנו סושי,סנו,IL,כיסוי ניילון עם גומי,יח',30.00,יח',false,,9.90,0.3300,true,1,2528058
7290108359091,false,כיסוי ניילון עם גומי 30 יח' L סנו סושי,סנו,IL,כיסוי ניילון עם גומי,יח',30.00,יח',false,,9.90,0.3300,true,1,2528059
7290108359114,false,סושי חמגשית אלומיניום עם מכסה,,,חמגשית אלומיניום עם,יח',10.00,יח',false,,10.90,1.0900,true,1,2500941
7290108359121,false,סנו סושי שקיות אשפה חזקות במיוחד 100 יח' L,,,שקיות אשפה EXTRA חזק,יח',100.00,יח',false,,64.90,0.6490,true,1,2500315
7290108359138,false,שקיות אשפה חזקות במיוחד 200 יח',,,שקיות אשפה 200 יח' ב,יח',200.00,יח',false,,64.90,0.3245,true,1,2500316
7290108359145,false,סושי דפי ספוג הפלא 12יח',קריות זול,IL,דפי ספוג הפלא סנו סו,יח',12.00,יח',false,,14.90,1.2417,true,1,2529391
7290108359152,false,"תבנית אלומיניום עגולה 25 ס""מ -6 יחי סנו סושי",,,תבניות אלומינים עגול,יח',6.00,יח',false,,11.90,1.9833,true,1,2529381
7290108359169,false,"תבנית אלומיניום עגולה 628 ס""מ יחי סנו סושי",,,תבניות אלומינים עגול,יח',6.00,יח',false,,11.90,1.9833,true,1,2529382
7290108359176,false,סנו סופט ממחטות אף תלת שכבתיות עשירות בלחות,סנו סופט Soft,IL,ממחטות סנו סופט לושן,יח',200.00,יח',false,,14.90,0.0745,true,1,2545332
7290108359183,false,שקית אשפה חזקות 70*50 60 יח' סנו סושי,,,סושי שקיות אשפה 52*7,יח',60.00,יח',false,,22.90,0.3817,true,1,2529392
7290108359190,false,סושי מגבת הפלא 4 יח' = 12 גליל ארוך פי 3,סנו סושי,IL,מגבות נייר 4=12 סנו,מטרים,126.96,מטר,false,,24.90,0.1961,true,1,2546278
7290108359213,false,נייר טואלט סופט דו שכבתי 18 גלילים כפולים,סנו סופט Soft,IL,נייר טואלט סנו סופט,מטרים,674.80,מטר,false,,39.90,0.0591,true,1,2546493
7290108359824,false,"כיף - בייבי כיף קרם 500 מ""ל",קוסמופארם בעמ,IL,קרם גוף בייבי כיף 50,מיליליטרים,500.00,"100 מ""ל",false,,24.90,0.0498,true,1,2110567
7290108359848,false,בייבי כיף שמפו אל דמע 1 ל',בייבי כיף Baby,IL,שמפו בייבי כיף אל דמ,ליטרים,1.00,ליטר,false,,19.90,19.9000,true,1,2110569
7290108359855,false,"בייבי כיף שמפו אל דמע 750 מ""ל",גוד פוד פרודקטס S.p,IL,שמפו בייבי כיף אל דמ,מיליליטרים,750.00,"100 מ""ל",false,,17.90,0.0239,true,1,2110570
7290108359862,false,בייבי כיף אל סבון 1 ליטר,בייבי כיף Baby,IL,אל סבון בייבי כיף 1,ליטרים,1.00,ליטר,false,,19.90,19.9000,true,1,2110571
7290108359879,false,"כיף - בייבי אלסבון 750 מ""ל",קוסמופארם בעמ,IL,אל סבון בייבי כיף 75,מיליליטרים,750.00,"100 מ""ל",false,,17.90,0.0239,true,1,2110581
7290108359886,false,תחליב רחצה בייבי כיף 1 ליטר,בייבי כיף Baby,IL,תחליב רחצה בייבי כיף,ליטרים,1.00,ליטר,false,,19.90,19.9000,true,1,2110572
7290108359893,false,"בייבי כיף תחליב רחצה 750 מ""ל",גוד פוד פרודקטס S.p,IL,תחליב רחצה בייבי כיף,מיליליטרים,750.00,"100 מ""ל",false,,17.90,0.0239,true,1,2110573
7290108359985,false,סנו - ז'אוול מרסס קצף לניקוי וחינו בניחוח פריחה לבנה 1 ליטר,סנו ז'אוול Javel,IL,תרסיס סנו ז'אוול קצף,ליטרים,1.00,ליטר,false,,19.90,19.9000,true,1,2497456
7290108500677,false,כבד דג שיבוט מעושן בשמן הדג,"איטיליאן פוד, אס.פי.",IT,כבד דג שיבוט,גרמים,120.00,100 גרם,false,,8.90,0.0742,true,1,1473239
7290108501346,false,גבינה מגורדת גאודה 500 גר',Euro יורו מחלבות אירופה,IL,גבינת גאודה מגורדת 5,גרמים,500.00,100 גרם,false,,24.90,0.0498,true,1,1813098
7290108501360,false,גבינת צ'דר בשלה 200גרם MATURED ORANGE,Wyke Farms,,גבינת צ'דר בשלה,גרמים,200.00,100 גרם,false,,19.90,0.0995,true,1,1875416
7290108501377,false,שפרוטים מעושנים בשמן מרינה מכסה שקוף 160 ג',וילי פוד,,שפרוטים מעושנים בשמן,גרמים,160.00,100 גרם,false,,9.90,0.0619,true,1,1855837
7290108501391,false,גבינה חצי קשה מחלב עזים 150 ג',,,גבינה חצי קשה מחלב ע,גרמים,150.00,100 גרם,false,,19.90,0.1327,true,1,1875406
7290108501490,false,גבינה מוצרלה פרוסות ו.פוד 150ג',,,גבינת מוצרלה פרוסות,גרמים,150.00,100 גרם,false,,13.90,0.0927,true,1,1875442
7290108501827,false,קדאיף שערות בצק 450 גר',הנסיך- מפעל לייצור ט,GR,קדאיף שערות בצק 450ג,גרמים,450.00,100 גרם,false,,19.90,0.0442,true,1,2003615
7290108501964,false,חטיף אגוזים וצימוקים הפי נאטס מארז 35X4ג',וילי פוד,GR,חטיף שקדים וצימוקים,גרמים,140.00,100 גרם,false,,10.00,0.0714,true,1,2003629
7290108501971,false,חטיף בוטנים ומשמש הפי נאטס מארז 35X4ג',וילי פוד,GR,חטיף שקדים ומשמש HAP,גרמים,140.00,100 גרם,false,,10.00,0.0714,true,1,2003630
7290108501988,false,חטיף שקדים וחמוציות הפי נוטס מארז 35X4ג',וילי פוד,GR,חטיף שקדים וחמוציות,גרמים,140.00,100 גרם,false,,10.00,0.0714,true,1,2003631
7290108502305,false,גבינת גרדה פדנו משולש 150 גר`וילי פוד,וילי פוד,IT,גבינת גרנה פדנו משול,גרמים,150.00,100 גרם,false,,22.90,0.1527,true,1,2115903
7290108502329,false,מארז נתחי טונה בהירה בשמן זית כתית,וילי פוד,,רביעית נתחי טונה בשמ,גרמים,640.00,100 גרם,false,,29.90,0.0467,true,1,2029952
7290108502336,false,גבינת גורגונזולה איטלקית 150 ג' 29%שומן,,,גבינת גורגונזולה איט,גרמים,150.00,100 גרם,false,,19.90,0.1327,true,1,2003638
7290108502381,false,בסיסים להכנת פיצה קוטר 26 וילי פוד 480ג',מוטלוקל גידה סאנאי ט,TR,תחתיות לפיצה (קוטר 2,גרמים,480.00,100 גרם,false,,12.90,0.0269,true,1,2153609
7290108502558,false,גבינת שמנת לייט טבעי 200ג' EURO CHEESE,אטלסר ואלפרי,TW,גבינה במרקם שמנת ליי,גרמים,200.00,100 גרם,false,,12.90,0.0645,true,1,2070094
7290108502596,false,גבינת שמנת לייט שום 200ג' EURO CHEESE,,,גבינת שמנת לייט שום,גרמים,200.00,100 גרם,false,,12.90,0.0645,true,1,2070098
7290108502725,false,גבינת גאודה פרוסות 400 גר`וילי פוד,Euro יורו מחלבות אירופה,,גבינת גאודה פרוסות 4,גרמים,400.00,100 גרם,false,,19.90,0.0497,true,1,2029982
7290108502763,false,גבינת קממבר 200 גרם,,,גבינת קממבר 200גרם,גרמים,200.00,100 גרם,false,,22.90,0.1145,true,1,2029976
7290108502862,false,מלפפונים כבושים במלח 18-25קטנים מאוד 600ג',וילי פוד,TR,מלפפונים כבושים במלח,גרמים,600.00,100 גרם,false,,11.90,0.0198,true,1,2178960
7290108502985,false,תפוחונים תפוע מיובשי,הנסיך- מפעל לייצור ט,CN,תפוחונים-תפוחי עץ מי,גרמים,22.00,100 גרם,false,,3.90,0.1773,true,1,2129752
7290108503043,false,תפוחונים חטיף פלחים מיובשים מארז 22X4ג',ינטאי זונגקאן פוד קו,CN,מארז תפוחונים 4 יח',גרמים,88.00,100 גרם,false,,13.90,0.1580,true,1,2178963
7290108503067,false,פרמזנו משולש ויליפוד,וילי פוד,IL,פרמז'נו משולש,גרמים,150.00,100 גרם,false,,14.90,0.0993,true,1,2115910
7290108503159,false,גבינה כחולה עם עובש 100 גר,קסוס אל פסטור,ES,גבינה כחולה עם עובש,גרמים,100.00,100 גרם,false,,14.90,0.1490,true,1,2143168
7290108503708,false,פיצה פטריות ויליפוד,מוטלוקל גידה סאנאי ט,IT,פיצה עם פטריות 390 ג,גרמים,390.00,100 גרם,false,,15.90,0.0408,true,1,2362834
7290108503715,false,פיצה זיתים ויליפוד 3,מוטלוקל גידה סאנאי ט,IT,פיצה עם זיתים 385 גר,גרמים,385.00,100 גרם,false,,15.90,0.0413,true,1,2362835
7290108503791,false,ניוקי תפוח אדמה 3 צבעים 500 גרם (ללא גלוטן),,,ניוקי תפוחי אדמה 3 צ,גרמים,500.00,100 גרם,false,,10.90,0.0218,true,1,2428697
7290108503975,false,קנלוני פסטה איטליאנה,ויליפוד,IT,קנלוני 250 גרם,גרמים,250.00,100 גרם,false,,7.90,0.0316,true,1,2264267
7290108503999,false,פרוסות גבינה 150גרם בטעם גאודה לכריכים וטוסטים,,,פרוסות גבינה בטעם גא,גרמים,150.00,100 גרם,false,,9.90,0.0660,true,1,2307662
7290108504002,false,פרוסות גבינה לייט 150גרם 9%שומן לכריכים וטוסטים,Euro יורו מחלבות אירופה,,פרוסות גבינה לייט 9%,גרמים,150.00,100 גרם,false,,9.90,0.0660,true,1,2307663
7290108504187,false,פרוסות גבינה בטעם צ'דר לכריכים וטוסטים 800 ג',,,פרוסות גבינה בטעם צ',גרמים,800.00,100 גרם,false,,34.90,0.0436,true,1,2307664
7290108504286,false,גבינת איבריקו צ'אנק 150 ג',ג.וילי פוד אינטרנשיו,ES,גבינה איבריקו צ'אנק,גרמים,150.00,100 גרם,false,,15.90,0.1060,true,1,2370309
7290108504293,false,גבינה מנצ'גו צ'אנק 150 גר',ג.וילי פוד אינטרנשיו,ES,גבינה מנצ'גו צ'אנק 1,גרמים,150.00,100 גרם,false,,15.90,0.1060,true,1,2370310
7290108504699,false,נתחי טונה בשמן קנולה רביעיה * 160 ג' וילי פוד,וילי פוד,,רביעית נתחי טונה בשמ,גרמים,640.00,100 גרם,false,,21.90,0.0342,true,1,2382873
7290108504934,false,"דפי אורז למילוי 22 ס""מ 300 גרם בית יוסף",וילי פוד - מנת השף,,דפי אורז למילוי קוטר,גרמים,300.00,100 גרם,false,,7.90,0.0263,true,1,2491169
7290108505092,false,"יוגורט בטעם טבעי 1 ק""ג 10% שומן - דלתא",דלתא פודס,GR,יוגורט בטעם טבעי 1 ק,קילוגרמים,1.00,"ק""ג",false,,24.90,24.9000,true,1,2394653
7290108505153,false,יוגורט בטעם טבעי 2% שומן 150 ג',Euro יורו מחלבות אירופה,GR,יוגורט בטעם טבעי 150,גרמים,150.00,100 גרם,false,,4.90,0.0327,true,1,2394656
7290108505160,false,יוגורט עם אגסים 4% שומן 150 ג',Euro יורו מחלבות אירופה,GR,יוגורט עם אגסים 150,גרמים,150.00,100 גרם,false,,4.90,0.0327,true,1,2394657
7290108505177,false,יוגורט עם אננס 0% שומן 150 ג',Euro יורו מחלבות אירופה,GR,יוגורט עם אננס 150 ג,גרמים,150.00,100 גרם,false,,4.90,0.0327,true,1,2394658
7290108505184,false,יוגורט עם קוקוס 5% שומן 150 ג',Euro יורו מחלבות אירופה,GR,יוגורט עם קוקוס 150,גרמים,150.00,100 גרם,false,,4.90,0.0327,true,1,2394659
7290108505191,false,יוגורט עם פצפוצי שוקולד 5% שומן 150 ג',Euro יורו מחלבות אירופה,GR,יוגורט עם פצפוצי שוק,גרמים,150.00,100 גרם,false,,4.90,0.0327,true,1,2394660
7290108505207,false,יוגורט עם אוכמניות 0% שומן 150 ג',Euro יורו מחלבות אירופה,GR,יוגורט עם אוכמניות 1,גרמים,150.00,100 גרם,false,,4.90,0.0327,true,1,2394661
7290108505214,false,יוגורט עם אפרסק 0% שומן 150 ג',Euro יורו מחלבות אירופה,GR,יוגורט עם אפרסק 150,גרמים,150.00,100 גרם,false,,4.90,0.0327,true,1,2394662
7290108505689,false,גבינת גרנה פדנו מגורדת 100 גרם,זנאטי,IT,גבינת גרנה פדנו מגור,גרמים,100.00,100 גרם,false,,9.90,0.0990,true,1,2380931
7290108505726,false,גבינה חצי קשה-אצבעות,סאסו פטוראגס קומטויס,TR,גבינה חצי קשה-אצבעות,גרמים,200.00,100 גרם,false,,19.90,0.0995,true,1,2400285
7290108505733,false,צמות - גבינה חצי קשה 25% שומן 200 ג',אונטד גידה,TR,גבינה חצי קשה-צמות 2,גרמים,200.00,100 גרם,false,,19.90,0.0995,true,1,2400286
7290108505740,false,גבינת קשקבל קשה למחצה 25% שומן,Euro יורו מחלבות אירופה,TR,גבינה חצי קשה-קשקבל,גרמים,200.00,100 גרם,false,,19.90,0.0995,true,1,2400287
7290108505962,false,שזיפים מיובשים וילי,,,שזיפים יבשים 400 גרם,גרמים,400.00,100 גרם,false,,24.90,0.0622,true,1,2402959
7290108506037,false,יוגורט בטעם טבעי 5% שומן דלתא 150 ג',Euro יורו מחלבות אירופה,GR,יוגורט בטעם טבעי 150,גרמים,150.00,100 גרם,false,,4.90,0.0327,true,1,2435196
7290108506426,false,בייגלה קראנצ'י טורקי אותנטי - מוקפא,וילי פוד,TR,בייגלה קפוא סימיט 40,גרמים,400.00,100 גרם,false,,9.90,0.0248,true,1,2401984
7290108506488,false,סופלה שוקולד קפוא 200 ג',ארמה גרופ,TR,סופלה שוקולד קפוא,גרמים,200.00,100 גרם,false,,8.90,0.0445,true,1,2402232
7290108506495,false,"כנאפה מאפה בצק ""שערות"" קדאיף וגבינה",ארמה גרופ,TR,כנאפה קפוא,גרמים,192.50,100 גרם,false,,6.90,0.0358,true,1,2401985
7290108506549,false,גליליות וופל במילוי קרם וניל 400ג' ויליפוד,Unknown,GR,גליליות וופל במילוי,גרמים,400.00,100 גרם,false,,12.90,0.0323,true,1,2401926
7290108506624,false,גבינת עיזים צ'אנק 15,אל פסטור,ES,גבינת עזים צאנק 32%,גרמים,150.00,100 גרם,false,,22.90,0.1527,true,1,2404800
7290108506709,false,גבינת פרמג'יאנו רג'יאנו 150 גר' רבנות,וילי פוד,IT,גבינת פרמג'יאנו רג'י,גרמים,150.00,100 גרם,false,,22.90,0.1527,true,1,2412263
7290108506969,false,מאפה בורקס מים תורכי - גבינה 300 ג',וילי פוד,TR,מאפה בורקס מים תורכי,גרמים,300.00,100 גרם,false,,14.90,0.0497,true,1,2409412
7290108507065,false,גבינת פרמגיאנו רגיאנ,זנאתי,IT,גבינת פרמג'יאנו מגור,גרמים,100.00,100 גרם,false,,12.90,0.1290,true,1,2438290
7290108507072,false,שבבי גבינת גרנה פדנו,זנאתי,IT,שבבי גבינת גרנה פדנו,גרמים,100.00,100 גרם,false,,9.90,0.0990,true,1,2438187
7290108507188,false,"כנאפה קפוא 657 גרם אריזה משפחתית חתם סופר פ""ת",ארמה גרופ,TR,כנאפה אריזה משפחתית,גרמים,450.00,100 גרם,false,,24.90,0.0553,true,1,2413219
7290108507645,false,ביסקויט פריך בשוקולד מריר 100 גרם -קהילות,מודרן צוקולטה,TR,ביסקוויט פריך בשוקול,גרמים,100.00,100 גרם,false,,6.90,0.0690,true,1,2493525
7290108507652,false,ביסקויט פריך בשוקולד לבן 100 גרם -קהילות,מודרן צוקולטה,TR,ביסקוויט פריך בשוקול,גרמים,100.00,100 גרם,false,,6.90,0.0690,true,1,2493526
7290108507911,false,קינואה עם טונה וירקות - מוכן לאכילה,וילי פוד,,קינואה עם טונה וירקו,גרמים,160.00,100 גרם,false,,12.90,0.0806,true,1,2449043
7290108507942,false,ירקות גינה+טונה 160 גרם בית יוסף,,,ירקות גינה עם טונה 1,גרמים,160.00,100 גרם,false,,12.90,0.0806,true,1,2449044
7290108508031,false,ויליפוד אננס שלם 830 גרם,אנגס פארם,IL,אננס שלם 830 גרם,גרמים,830.00,100 גרם,false,,10.90,0.0131,true,1,2510838
7290108508130,false,עגבניות איטלקיות מרוסקות 390 גרם,וילי פוד,,עגבניות איטלקיות מרו,גרמים,390.00,100 גרם,false,,9.90,0.0254,true,1,2475912
7290108508147,false,מחית עגבניות איטלקיות 500 גרם,וילי פוד,,מחית עגבניות איטלקיו,גרמים,500.00,100 גרם,false,,9.90,0.0198,true,1,2488322
7290108508192,false,פסטה פוסילי ללא גלוטן 400 גרם חתם סופר,,,פסטה פוסילי ללא גלוט,גרמים,400.00,100 גרם,false,,12.90,0.0323,true,1,2446105
7290108508369,false,גבינת שערות צ'יז לונ,אונטד גידה,TR,גבינת שערות צ'יז לונ,גרמים,200.00,100 גרם,false,,19.90,0.0995,true,1,2439364
7290108508451,false,"משקה יוגורט טבעי 3.2% שומן יורו 200 מ""ל",Euro יורו מחלבות אירופה,TR,משקה יוגורט טבעי 200,מיליליטרים,200.00,"100 מ""ל",false,,5.90,0.0295,true,1,2450552
7290108508499,false,"איירן משקה יוגורט בסגנון טורקי יורו 293 מ""ל",Euro יורו מחלבות אירופה,TR,איירן משקה יוגורט בס,מיליליטרים,293.00,"100 מ""ל",false,,5.90,0.0201,true,1,2450556
7290108508581,false,פסטה ברוטב עגבניות נאפוליטנה 250 ג'-מוכנה לאכילה,,,פסטה ברוטב עגבניות נ,גרמים,250.00,100 גרם,false,,12.90,0.0516,true,1,2463939
7290108508765,false,פתיתים קונכיות ויליפ,וילי פוד,TR,קונכיות פתיתים 400 ג,גרמים,400.00,100 גרם,false,,7.90,0.0198,true,1,2461535
7290108508772,false,קונכיות פתיתים עם תרד 400 גרם,וילי פוד,TR,קונכיות פתיתים עם תר,גרמים,400.00,100 גרם,false,,7.90,0.0198,true,1,2461536
7290108508888,false,ביסקוויטים פתי בר ויליפוד 500 ג',ארגון ציקולאטה,TR,ביסקוויטים פתי בר 50,גרמים,500.00,100 גרם,false,,9.90,0.0198,true,1,2458287
7290108508901,false,יוגורט+דובדבנים ושקדים 150 גרם 0.6% שומן - דלתא,Euro יורו מחלבות אירופה,GR,יוגורט עם דובדבנים ו,גרמים,150.00,100 גרם,false,,4.90,0.0327,true,1,2449000
7290108508963,false,גבינת קשקבל מגורדת 25% שומן,Euro יורו מחלבות אירופה,TR,גבינת קשקבל מגורדת ח,גרמים,200.00,100 גרם,false,,19.90,0.0995,true,1,2440544
7290108508970,false,תה גרבה 500 גרם,אוסוואלדי קרוז בואנס,,תה גרבה 500 גרם,גרמים,500.00,100 גרם,false,,14.90,0.0298,true,1,2459976
7290108509052,false,מאפה פילו יווני מסורתי ממולא גבינת פטה,וילי פוד,,מאפה פילו ממולא גבינ,גרמים,400.00,100 גרם,false,,18.90,0.0472,true,1,2463587
7290108509106,false,"גבינה בולגרית מעודנת בקוביות 13% שומן 200 ג' חת""ס פ""ת",קוליוס,TW,גבינת בולגרית מעודנת,גרמים,200.00,100 גרם,false,,12.90,0.0645,true,1,2472066
7290108509113,false,"גבינה בולגרית מעודנת 18% שומן 250 גרם חת""ס פ""ת",Euro יורו מחלבות אירופה,TR,גבינת בולגרית מעודנת,גרמים,250.00,100 גרם,false,,12.90,0.0516,true,1,2472067
7290108509144,false,מארז שלישיית עגבניות מרוסקות POLPA,וילי פוד,IT,שלישיית עגבניות מרוס,גרמים,1200.00,100 גרם,false,,14.90,0.0124,true,1,2464123
7290108509151,false,שלישיית עגבניות שלמו,P.S.U.S,IT,שלישיית עגבניות שלמו,גרמים,1200.00,100 גרם,false,,14.90,0.0124,true,1,2464124
7290108509168,false,קוביות עגבניות במיץ עגבניות - מארז שלישיה,וילי פוד,IT,שלישיית עגבניות קובי,גרמים,1200.00,100 גרם,false,,14.90,0.0124,true,1,2464125
7290108509199,false,גבינת פטה 17% שומן יורו 500 ג',קוליוס,TW,גבינה פטה 17% שומן 5,גרמים,500.00,100 גרם,false,,22.90,0.0458,true,1,2465389
7290108509205,false,חטיף אורז אפוי - טבעי לתינוקות 50 גרם,,,חטיף אורז אפוי בטעם,גרמים,50.00,100 גרם,false,,10.90,0.2180,true,1,2491180
7290108509212,false,ויליפוד חטיף אורז אפוי בטעם ירקות לתינוקות 50 גר',,,חטיף אורז אפוי בטעם,גרמים,50.00,100 גרם,false,,10.90,0.2180,true,1,2491181
7290108509229,false,חטיף אורז אפוי - בננה לתינוקות 50 גרם,,,חטיף אורז אפוי בטעם,גרמים,50.00,100 גרם,false,,10.90,0.2180,true,1,2491182
7290108509250,false,"אנטיפסטי ארטישוק+עגבניות מיובשות וצלפים בשמן חמניות 380 מ""ל",,,אנטיפסטי ארטישוק תחת,גרמים,530.00,100 גרם,false,,24.90,0.0470,true,1,2463848
7290108509359,false,פופקורן בציפוי בטעם קרמל 90 ג' ויליפוד,סנרו ס.א,UA,פופקורן בציפוי בטעם,גרמים,90.00,100 גרם,false,,5.90,0.0656,true,1,2491183
7290108509397,false,עלי בצק פילו (משולשים) 360 גרם,וילי פוד,,עלי בצק פילו (משולשי,גרמים,360.00,100 גרם,false,,8.90,0.0247,true,1,2462341
7290108509403,false,חלווה טורקית קלאסית 350 גרם,וילי פוד,,חלבה טורקית קלאסית 3,גרמים,350.00,100 גרם,false,,11.90,0.0340,true,1,2464576
7290108509410,false,חלווה טורקית +קקאו 350 גרם,וילי פוד,,חלבה טורקית עם קקאו,גרמים,350.00,100 גרם,false,,11.90,0.0340,true,1,2464577
7290108509618,false,זיתים ירוקים על הגרי,,,זיתים ירוקים על הגרי,גרמים,730.00,100 גרם,false,,23.90,0.0327,true,1,2543192
7290108509625,false,זיתים ירוקים ופלפל ע,,,זיתים ירוקים ופלפל ע,גרמים,730.00,100 גרם,false,,23.90,0.0327,true,1,2543203
7290108509700,false,אורז פרסי דאווט 1 קג,אל טי פוד,IN,אורז פרסי DAAWAT 1 ק,קילוגרמים,1.00,"ק""ג",false,,9.90,9.9000,true,1,2472751
7290108509731,false,משקה יוגורט איירן בס,MEVGAL,,איירן משקה יוגורט בס,ליטרים,1000.00,ליטר,false,,13.90,0.0139,true,1,2496562
7290108509755,false,גבינת חלומי 23% 250גרם,,קפריסין,גבינת חלומי 250 גרם,גרמים,250.00,100 גרם,false,,22.90,0.0916,true,1,2541982
7290108509908,false,"מנת השף בשקית-אטריות בטעם ירקות 85 ג' חתם סופר ב""ב",וילי פוד - מנת השף,TH,מנת השף-אטריות להכנה,גרמים,85.00,100 גרם,false,,3.90,0.0459,true,1,2476778
7290108509915,false,"מנת השף בשקית-אטריות בטעם סיני פיקנטי 85 ג' חתם סופר ב""ב",וילי פוד - מנת השף,TH,מנת השף-אטריות להכנה,גרמים,85.00,100 גרם,false,,3.90,0.0459,true,1,2476779
7290108509939,false,פרוסות פילה טונה בשמן זית כתית מעולה,וילי פוד,,פרוסות פילה טונה 120,גרמים,120.00,100 גרם,false,,10.00,0.0833,true,1,2485983
7290108509984,false,"רוטב סויה 300 מ""ל וילי פוד",,,"רוטב סויה 300 מ""ל",מיליליטרים,300.00,"100 מ""ל",false,,9.90,0.0330,true,1,2476786
7290108509991,false,"רוטב טריאקי 300 מ""ל וילי פוד",,,"רוטב טריאקי 300 מ""ל",מטרים,300.00,100 מ'ל,false,,9.90,0.0330,true,1,2476787
7290108983234,false,"רשת צלייה 29/18/4 ס""",,,"רשת צלייה 29/18/4 ס""",יחידה,0.00,יחידה,false,,24.90,0.0000,true,1,2508082
7290108988277,false,מתקן לייבוש כביסה מת,,,מתקן לייבוש כביסה מת,יחידה,0.00,יחידה,false,,59.90,0.0000,true,1,2379635
7290109060132,false,מגבת נייר ג'מבו- 6 גלילים בגליל ענק,פרפקט Perfect,,מגבת נייר ג'מבו ענק,מטרים,63.50,מטר,false,,10.90,0.1717,true,1,1431331
7290109060293,false,ניירות אפיה נשלפים אחד אחד,פרפקט Perfect,,נייר אפייה 50 יח פרפ,יח',50.00,יח',false,,9.90,0.1980,true,1,1470582
7290109060378,false,מטליות רב שימושיות לכל סוגי המשטחים,פרפקט Perfect,,מטליות רב שימושיות 4,יח',40.00,יח',false,,19.90,0.4975,true,1,1475971
7290109060385,false,מטליות לחות לניקוי רצפות,פרפקט Perfect,,מטליות לחות לניקוי ר,יח',10.00,יח',false,,14.90,1.4900,true,1,1486477
7290109060392,false,מטליות רב שימושיות ת,פרפקט Perfect,,מטליות רב שימושיות ת,יח',9.00,יח',false,,8.90,0.9889,true,1,1488257
7290109060408,false,מטלית מיקרופייבר ריצ,,,מטלית מיקרופייבר ריצ,יחידה,0.00,יחידה,false,,9.90,0.0000,true,1,1480927
7290109060415,false,מטליות מיקרופייבר לרצפה,פרפקט Perfect,,מטליות מיקרופייבר לר,יח',3.00,יח',false,,19.90,6.6333,true,1,1480928
7290109060422,false,מטלית מיקרופייבר למשטחים,פרפקט Perfect,,מטלית מיקרופייבר לני,יחידה,0.00,יחידה,false,,8.90,0.0000,true,1,1480929
7290109060439,false,מטליות מיקרופייבר למשטחים,פרפקט Perfect,,מטליות מיקרופייבר לנ,יח',3.00,יח',false,,14.90,4.9667,true,1,1480930
7290109060446,false,מטלית מיקרופייבר למשטחים XL,פרפקט Perfect,,מטלית מיקרופייבר לני,יחידה,0.00,יחידה,false,,9.90,0.0000,true,1,1480931
7290109060453,false,ספוג הפלא 6 יח'-פרפק,פרפקט Perfect,,ספוג הפלא 6 יח'-פרפק,יח',6.00,יח',false,,8.90,1.4833,true,1,1508094
7290109060460,false,סחבה לבנה זיג זג 3 י,פרפקט Perfect,,סחבה לבנה זיג זג 3 י,יח',3.00,יח',false,,9.90,3.3000,true,1,1490323
7290109060521,false,"זוג רדיד אלומיניום עבה במיוחד רוחב 30 ס""מ",פרפקט Perfect,,זוג רדיד פרפקט אלו',מטרים,15.00,מטר,false,,9.90,0.6600,true,1,1523292
7290109060538,false,זוג רדיד פרפקט אלו',,,זוג רדיד פרפקט אלו',מטרים,15.00,מטר,false,,13.90,0.9267,true,1,1523293
7290109060613,false,מפיות לבן דו שכבתי 1,פרפקט Perfect,,מפיות לבן דו שכבתי 1,יח',180.00,יח',false,,7.90,0.0439,true,1,1498912
7290109060651,false,משטח מיקרופייבר לייבוש כלים,פרפקט Perfect,,משטח ייבוש כלים מיקר,יח',1.00,יח',false,,14.90,14.9000,true,1,1631209
7290109060699,false,כריות ברזל לקרצוף חזק,פרפקט Perfect,,כריות ברזל 3 יח'-פרפ,יח',3.00,יח',false,,8.90,2.9667,true,1,1654293
7290109060828,false,אטבי כביסה איכותיים בשלל צבעים,פרפקט Perfect,,9 אטבים מעוצבים-בשלל,יח',9.00,יח',false,,8.90,0.9889,true,1,1670817
7290109060835,false,אטבי כביסה גדולים וחזקים עם גומי- מארז 10 יח',פרפקט Perfect,,10 אטבים גדולים וחזק,יח',10.00,יח',false,,8.90,0.8900,true,1,1670818
7290109060842,false,אטבי כביסה איכותיים - מארז 10 יח',פרפקט Perfect,,10 אטבים מילניום הזר,יח',10.00,יח',false,,8.90,0.8900,true,1,1670819
7290109060873,false,מפיות אירוח בצבעים כהים,פרפקט Perfect,,מפיות אירוח 100 יח',יח',100.00,יח',false,,5.90,0.0590,true,1,1671898
7290109060880,false,מפיות אירוח בצבעי פסטל,פרפקט Perfect,,מפיות אירוח 100 יח',יח',100.00,יח',false,,5.90,0.0590,true,1,1671899
7290109060897,false,מפיות נייר מפיון 100,,,מפיות נייר מפיון 100,יח',100.00,יח',false,,2.90,0.0290,true,1,1678583
7290109061054,false,מגבונים לחים לתינוק בניחוח עדין- מארז רביעיה,פרפקט Perfect,,רביעיית מגבונים בביש,יח',288.00,יח',false,,14.90,0.0517,true,1,1812427
7290109061061,false,מגבונים לחים לתינוק ללא בישום- מארז רביעיה,פרפקט Perfect,,רביעיית מגבונים ללא,יח',288.00,יח',false,,14.90,0.0517,true,1,1812428
7290109061085,false,מגבונים+דיספנסר פרפק,,,מגבונים+דיספנסר פרפק,יח',100.00,יח',false,,7.90,0.0790,true,1,1812430
7290109061320,false,ספוג הפלא לנירוסטה פ,פרפקט Perfect,,ספוג הפלא לנירוסטה פ,יח',3.00,יח',false,,10.90,3.6333,true,1,2086993
7290109061405,false,"כוסות לשתיה חמה 250 מ""ל+ מכסים - מארז 16 יח'",פרפקט Perfect,,כוסות נייר+מכסים 16,יח',16.00,יח',false,,12.90,0.8063,true,1,2257363
7290109061450,false,צמרוני אוזניים עם שסתום ביטחון לתינוקות,פרפקט Perfect,,צימרוני אוזניים שסתו,יח',55.00,יח',false,,3.90,0.0709,true,1,2343798
7290109061474,false,זוג צמר גפן פרפקט,פרפקט Perfect,,זוג צמר גפן פרפקט,גרמים,200.00,100 גרם,false,,9.90,0.0495,true,1,2343800
7290109061535,false,שקיות אשפה ענקיות עם ידית 90*75 עבות וחזקות,פרפקט Perfect,,שקיות אשפה ענקיות,יח',25.00,יח',false,,12.90,0.5160,true,1,2315873
7290109061542,false,"שקיות גופיה גדולות 60*50 ס""מ עם ידיות - 50 במארז",פרפקט Perfect,,שקיות גופיה פרפ,יח',50.00,יח',false,,4.90,0.0980,true,1,2334912
7290109061566,false,סט 3 מגבות מטבח משובצות בצבע לבחירה,SK home fashion,,סט 3 מגבות מטבח משוב,מארז,1.00,מארז,false,,14.90,14.9000,true,1,2377277
7290109061795,false,כוס יין פלסטיק לבן לשימוש רב פעמי,,,כוס יין לבנה,יחידה,0.00,יחידה,false,,14.90,0.0000,true,1,2388390
7290109061801,false,כוס יין פלסטיק זהב לשימוש רב פעמי,,,כוס יין זהב,יחידה,0.00,יחידה,false,,14.90,0.0000,true,1,2388391
7290109061818,false,כוס יין שקופה,,,כוס יין שקופה,יחידה,0.00,יחידה,false,,14.90,0.0000,true,1,2388392
7290109062006,false,שטיחון אמבט 50X80 סמ,,,שטיחון אמבט 50X80 סמ,יחידה,0.00,יחידה,false,,39.90,0.0000,true,1,2408375
7290109062068,false,שמיכת פוך יחיד 200*150,SK home fashion,,שמיכת פוך יחיד 200*1,יחידה,0.00,יחידה,false,,179.90,0.0000,true,1,2426319
7290109062075,false,שמיכת פוך זוגית 220*200,SK home fashion,,שמיכת פוך זוגית 220*,יחידה,0.00,יחידה,false,,229.90,0.0000,true,1,2426320
7290109062082,false,שמיכת מיקרו פלנל פונ,,,שמיכת מיקרו פלנל פונ,יחידה,0.00,יחידה,false,,59.90,0.0000,true,1,2426129
7290109062105,false,נוזל לניקוי רצפות בנ,,,נוזל לניקוי רצפות בנ,ליטרים,2.00,ליטר,false,,9.90,4.9500,true,1,2433218
7290109062112,false,נוזל לניקוי רצפות בנ,,,נוזל לניקוי רצפות בנ,ליטרים,2.00,ליטר,false,,9.90,4.9500,true,1,2433219
7290109062129,false,סל קניה כחול,,,סל קניה כחול,יחידה,0.00,יחידה,false,,5.00,0.0000,true,1,2448543
7290109062143,false,מפת שולחן ג'קארד 14,,,מפת שולחן ג'קארד 14,יחידה,0.00,יחידה,false,,39.90,0.0000,true,1,2440998
7290109062174,false,קרחום חצי חינם,חצי חינם,,קרחום חצי חינם,יח',1.00,יח',false,,9.90,9.9000,true,1,2465969
7290109062204,false,"כרית שינה פרימיום 70*50 ס""מ",SK home fashion,,כרית שינה פרימיום 70,יחידה,0.00,יחידה,false,,59.90,0.0000,true,1,2479338
7290109062211,false,מפת שולחן עגולה ג'ק,,,מפת שולחן עגולה ג'ק,יחידה,0.00,יחידה,false,,39.90,0.0000,true,1,2476592
7290109062235,false,מפת שולחן דמוי פשתן,,,מפת שולחן דמוי פשתן,יחידה,0.00,יחידה,false,,39.90,0.0000,true,1,2476594
7290109062334,false,כפפות ויניל S פרפקט,,,כפפות ויניל S פרפקט,יח',100.00,יח',false,,24.90,0.2490,true,1,2491284
7290109062341,false,כפפות ויניל M פרפקט,,,כפפות ויניל M פרפקט,יח',100.00,יח',false,,24.90,0.2490,true,1,2491285
7290109062358,false,כפפות ויניל L פרפקט,,,כפפות ויניל L פרפקט,יח',100.00,יח',false,,24.90,0.2490,true,1,2491286
7290109062365,false,כפפות ויניל XL פרפקט,,,כפפות ויניל XL פרפקט,יח',100.00,יח',false,,24.90,0.2490,true,1,2491287
7290109062372,false,תיק צידנית 35 ליטר ח,חצי חינם,,תיק צידנית 35 ליטר ח,יחידה,0.00,יחידה,false,,59.90,0.0000,true,1,2479340
7290109062396,false,"כרית ויסקו ממורי במידות 40/60/12 ס""מ",SK home fashion,,כרית ויסקו ממורי 40/,יחידה,0.00,יחידה,false,,89.90,0.0000,true,1,2485157
7290109062426,false,מגבת ידיים 50*30 פרמ,,,מגבת ידיים 50*30 פרמ,יחידה,0.00,יחידה,false,,9.90,0.0000,true,1,2487674
7290109062433,false,מגבת פנים 90*50 פרמי,,,מגבת פנים 90*50 פרמי,יחידה,0.00,יחידה,false,,19.90,0.0000,true,1,2487675
7290109062440,false,מגבת רחצה 130*70 פרמ,,,מגבת רחצה 130*70 פרמ,יחידה,0.00,יחידה,false,,39.90,0.0000,true,1,2487676
7290109062457,false,מגבת רחצה ענקית 140*,,,מגבת רחצה ענקית 140*,יחידה,0.00,יחידה,false,,49.90,0.0000,true,1,2487677
7290109062464,false,שמן זית כתית מעולה אוליבה,אוליבה Oliva,,שמן זית כתית מעולה א,מיליליטרים,750.00,"100 מ""ל",false,,27.90,0.0372,true,1,2493843
7290109062471,false,"שטיחון אמבט במידות ס""מ 50*70 -גוון לפי בחירה",SK home fashion,,שטיחון אמבט SK 50*70,יחידה,0.00,יחידה,false,,19.90,0.0000,true,1,2492197
7290109062488,false,סט 3 קולבים עץ טבעי,SK home fashion,,סט 3 קולבים עץ טבעי,יחידה,0.00,יחידה,false,,19.90,0.0000,true,1,2499261
7290109062495,false,סט 3 קולבים עץ צבוע,SK home fashion,,סט 3 קולבים עץ צבוע,יחידה,0.00,יחידה,false,,19.90,0.0000,true,1,2499262
7290109062501,false,סט 3 קולבים עץ ציפוי סיליקון,SK home fashion,,סט 3 קולבים עץ ציפוי,יחידה,0.00,יחידה,false,,29.90,0.0000,true,1,2499263
7290109062518,false,סט קולבי קטיפה - 5 יחידות,SK home fashion,,סט 5 קולבים קטיפה,יחידה,0.00,יחידה,false,,14.90,0.0000,true,1,2499264
7290109062549,false,"שטיחון כניסה לבית 75*45 ס""מ SK",SK home fashion,,שטיחון כניסה לבית 75,יחידה,0.00,יחידה,false,,59.90,0.0000,true,1,2497572
7290109062556,false,"סט 2 מגבות מטבח פרימיום פסים 60*40 ס""מ",SK home fashion,,סט 2 מגבות מטבח פרימ,יח',2.00,יח',false,,24.90,12.4500,true,1,2506161
7290109062563,false,"שמיכת מיקרו פלנל פסים 180*130 ס""מ - בצבע לבחירה",SK home fashion,,שמיכת מיקרו פלנל פסי,יחידה,0.00,יחידה,false,,79.90,0.0000,true,1,2507734
7290109062587,false,סל קניה כחול בד,,,סל קניה כחול בד,יחידה,0.00,יחידה,false,,5.00,0.0000,true,1,2510812
7290109062594,false,"שטיחון אמבטיה פופקורן 70*50 ס""מ בצבע לבחירה",SK home fashion,,שטיחון אמבטיה 70*50,יחידה,0.00,יחידה,false,,49.90,0.0000,true,1,2514849
7290109062600,false,"שטיח נורדי 60/120 ס""",,,"שטיח נורדי 60/120 ס""",יחידה,0.00,יחידה,false,,79.90,0.0000,true,1,2514850
7290109062617,false,מגבת ידיים 50*30 פרמיום כותנה סרוקה,SK home fashion,,מגבת ידיים 50*30 פרמ,יחידה,0.00,יחידה,false,,9.90,0.0000,true,1,2514835
7290109062624,false,מגבת פנים 90*50 פרמיום כותנה סרוקה,SK home fashion,,מגבת פנים 90*50 פרמי,יחידה,0.00,יחידה,false,,19.90,0.0000,true,1,2514836
7290109062631,false,מגבת רחצה 130*70 פרמיום כותנה סרוקה,SK home fashion,,מגבת רחצה 130*70 פרמ,יחידה,0.00,יחידה,false,,39.90,0.0000,true,1,2514837
7290109062648,false,מגבת רחצה ענקית 140*90 פרמיום כותנה סרוקה,SK home fashion,,מגבת רחצה ענקית 140*,יחידה,0.00,יחידה,false,,49.90,0.0000,true,1,2514838
7290109062655,false,טורטייה בתוספת קמח כ,,,טורטייה בתוספת קמח כ,גרמים,360.00,100 גרם,false,,9.90,0.0275,true,1,2539355
7290109062662,false,"מנגל גדול מנירוסטה 30*77 ס""מ + רגליים",בסט BEST,,מנגל ענק מנירוסטה +ר,יח',1.00,יח',false,,119.00,119.0000,true,1,2529370
7290109134598,false,סוחט הדרים גדול אלומ,,,סוחט הדרים גדול אלומ,יחידה,0.00,יחידה,false,,24.90,0.0000,true,1,2417069
7290109136677,false,"מסננת נירוסטה 12.5 ס""מ Bake-it",,,מסננת נירוסטה 12.5 ס,יחידה,0.00,יחידה,false,,19.90,0.0000,true,1,2264302
7290109136684,false,"מסננת נירוסטה 18 ס""מ",,,"מסננת נירוסטה 18 ס""מ",יחידה,0.00,יחידה,false,,24.90,0.0000,true,1,2264303
7290109136691,false,"מטרפה נירוסטה 15 ס""מ",,,"מטרפה נירוסטה 15 ס""מ",יחידה,0.00,יחידה,false,,9.90,0.0000,true,1,2449402
7290109136707,false,"מטרפה נירוסטה 23 ס""מ Bake-it up סולתם",,,"מטרפה נירוסטה 23 ס""מ",יחידה,0.00,יחידה,false,,14.90,0.0000,true,1,2417081
7290109136714,false,מטרפה נירוסטה 30.5 ס,,,מטרפה נירוסטה 30.5 ס,יחידה,0.00,יחידה,false,,19.90,0.0000,true,1,2449403
7290109137001,false,כף עץ במבוק 30 ס''מ סולתם,,,"כף עץ במבוק 30 ס""מ",יחידה,0.00,יחידה,false,,12.90,0.0000,true,1,2449404
7290109139661,false,"מסננת נירוסטה 26 ס""מ",,,"מסננת נירוסטה 26 ס""מ",יחידה,0.00,יחידה,false,,34.90,0.0000,true,1,2417101
7290109139678,false,"מסננת נירוסטה 28 ס""מ",,,"מסננת נירוסטה 28 ס""מ",יחידה,0.00,יחידה,false,,36.90,0.0000,true,1,2417102
7290109351025,false,מלך החומוס חומוסטחינה 40% טחינה גולמית,סלטי צבר,IL,חומוסטחינה מלך החומו,גרמים,400.00,100 גרם,false,,11.90,0.0298,true,1,1403800
7290109351957,false,פריכיות אורז מלא פיטנס עם שכבת שוקולד חלב,סנורייס בלגיום אן. ו,BE,פירכיות גדולות שוקול,גרמים,100.00,100 גרם,false,,7.90,0.0790,true,1,1493045
7290109351971,false,פריכיות דגנים פיטנס מצופות שוקולד חלב,נסטלה Nestle,IL,פירכיות פיטנס שוקולד,גרמים,84.00,100 גרם,false,,11.90,0.1417,true,1,1472647
7290109352916,false,פריכיות דגנים פיטנס מצופות שוקולד לבן,נסטלה Nestle,IL,פירכיות פיטנס שוקולד,גרמים,84.00,100 גרם,false,,11.90,0.1417,true,1,1472648
7290109353494,false,פסטה פרפקטו פארפאלה 500ג' אסם,אסם פרפקטו Perfecto,IT,פסטה פרפקטו פאפאלה 5,גרמים,500.00,100 גרם,false,,6.90,0.0138,true,1,1482958
7290109354101,false,לחמית ללא גלוטן 200 ג' אסם,אסם,IL,לחמית ללא גלוטן,גרמים,200.00,100 גרם,false,,9.90,0.0495,true,1,1633211
7290109358482,false,עוגיות קרמוגית במילוי קרם בטעם חלבה,היינץ צפון אמריקה מק,IL,עוגיות קרמוגית במילו,גרמים,200.00,100 גרם,false,,10.90,0.0545,true,1,2194014
7290109358765,false,דגני בוקר רולס 450 ג' קראנץ',"אסם השקעות בע""מ",IL,דגני בוקר קראנץ' רול,גרמים,450.00,100 גרם,false,,23.90,0.0531,true,1,1561396
7290109580043,false,"שניצל תירס קלאסי זוגלובק 1.75 ק""ג",זוגלובק,IL,"שניצל תירס 1.750 ק""ג",קילוגרמים,1.75,"ק""ג",false,,49.90,28.5143,true,1,2435552
7290109580050,false,נקניקיות צ'וריסוס וונדרס 0% בשר טבעוני ללא גלוטן,זוגלובק וונדרס Wonders,IL,נקניקיות 226 ג' Won,גרמים,226.00,100 גרם,false,,34.90,0.1544,true,1,2456765
7290109580067,false,"טחון וונדרס 0% בשר , טבעוני",זוגלובק וונדרס Wonders,,טחון 340 ג' Wonders,גרמים,340.00,100 גרם,false,,34.90,0.1026,true,1,2456766
7290109580104,false,פסטרמה פרימיום רוסטביף 150 גר',זוגלובק,IL,רוסטביף זוגלובק פרימ,גרמים,150.00,100 גרם,false,,24.90,0.1660,true,1,2443633
7290109580111,false,"צלעות אסאדו מעושנות פרימיום, 120 גרם",זוגלובק,IL,צלעות אסאדו מעושנות,גרמים,120.00,100 גרם,false,,24.90,0.2075,true,1,2496556
7290109580159,false,זוגלובק פרימיום פסטרמה בנוסח טוסקנה,זוגלובק,,פסטרמה בנוסח טוסקנה,גרמים,180.00,100 גרם,false,,24.90,0.1383,true,1,2443636
7290109580166,false,פרימיום סרוולד קלאסי זוגלובק 150 ג',זוגלובק,IL,סרוולד קלאסי זוגלובק,גרמים,150.00,100 גרם,false,,24.90,0.1660,true,1,2443637
7290109580234,false,"נקניקיות מרגז חריפות וונדרס 0% בשר, טבעוני",זוגלובק וונדרס Wonders,IL,נקניקיות מרגז 226ג',גרמים,226.00,100 גרם,false,,34.90,0.1544,true,1,2492264
7290109580241,false,נאגטס מן הצומח 500 ג' זוגלובק,זוגלובק טבע,IL,נאגטס מן הצומח 500 ג,גרמים,500.00,100 גרם,false,,24.90,0.0498,true,1,2514967
7290109580319,false,"בורגר וונדרס 0% בשר , טבעוני",זוגלובק וונדרס Wonders,IL,בורגר 280ג' WONDERS,גרמים,280.00,100 גרם,false,,34.90,0.1246,true,1,2492265
7290109580432,false,פסטרמה חזה הודו מעושן 120 גר' זוגלובק,זוגלובק,IL,פסטרמה הודו 120 גרם,גרמים,120.00,100 גרם,false,,11.90,0.0992,true,1,2516629
7290109640198,false,מגורדת טבעונית לפיצה ואפיה ללא לקטוז,MASHUמשו,,גבינה מגורדת לפיצה ו,גרמים,200.00,100 גרם,false,,19.90,0.0995,true,1,1989154
7290109640204,false,גוש גבינה מעודנת לאפ,,,גוש גבינה מעודנת לאפ,גרמים,300.00,100 גרם,false,,19.90,0.0663,true,1,1989155
7290109640372,false,ממרח עם זיתים על בסיס רכיבי קוקוס 9%,MASHUמשו,,ממרח עם זיתים 9% שומ,גרמים,200.00,100 גרם,false,,14.90,0.0745,true,1,2186727
7290109640396,false,ממרח עם שום שמיר 9% שומן 200 גר' משומשו,,,ממרח שום שמיר 9% שומ,גרמים,200.00,100 גרם,false,,14.90,0.0745,true,1,2186729
7290109640402,false,ממרח בטעם טבעי על בסיס רכיבי קוקוס 9%,MASHUמשו,,ממרח בטעם טבעי 9% שו,גרמים,200.00,100 גרם,false,,14.90,0.0745,true,1,2185773
7290109640464,false,פתיתים טבעוניים בסגנ,"טרופיקל דגיל בע""מ אז",IL,פתיתים טבעוניים בסגנ,גרמים,150.00,100 גרם,false,,19.90,0.1327,true,1,2382045
7290109640631,false,לאבנה טבעונית 9% שומן 200 גר' משומשו,"טרופיקל דגיל בע""מ אז",IL,לאבנה טבעונית 200 גר,גרמים,200.00,100 גרם,false,,14.90,0.0745,true,1,2416976
7290109640648,false,ממרח בטעם חמאה 150 גר' משומשו,"טרופיקל דגיל בע""מ אז",IL,ממרח בטעם חמאה,גרמים,150.00,100 גרם,false,,9.90,0.0660,true,1,2463795
7290109640761,false,מאפה בצק פילאס במילוי פטה טבעונית,סנו מפעלי ברונוס.,IL,מאפה טבעוני משומשו,גרמים,600.00,100 גרם,false,,22.90,0.0382,true,1,2464202
7290109640778,false,מאפה פילאס טבעוני במילוי בטעם בשר,סנו מפעלי ברונוס.,IL,מאפה טבעוני משומשו,גרמים,600.00,100 גרם,false,,22.90,0.0382,true,1,2464203
7290109640785,false,מאפה פילאס טבעוני במילוי בסגנון פיצה,סנו מפעלי ברונוס.,IL,מאפה טבעוני משומשו,גרמים,600.00,100 גרם,false,,22.90,0.0382,true,1,2464204
7290109920061,false,"ספריי להסרת מדבקות 450 מ""ל",,,ספריי מסיר מדבקות שו,מיליליטרים,450.00,"100 מ""ל",false,,29.90,0.0664,true,1,2497809
7290109920146,false,"דורגול מסיר אבנית מקומקומים 750 מ""ל",דורינג,,דורגול מסיר אבנית מק,מיליליטרים,750.00,"100 מ""ל",false,,18.90,0.0252,true,1,2497802
7290109920153,false,"מלבין לכביסה לבנה לובן צח, 790 גרם יעקבי",יעקבי,,מלבין כביסה לבנה,גרמים,790.00,100 גרם,false,,29.90,0.0378,true,1,1887123
7290109920313,false,"אסטוניש מרסס לניקוי חלונות 750 מ""ל",יעקבי- אסטוניש Astonish,,אסטוניש מרסס מבריק ש,מיליליטרים,750.00,"100 מ""ל",false,,11.90,0.0159,true,1,1874143
7290109920597,false,"אסטוניש - מרסס לניקוי המקלחון 750 מ""ל",יעקבי- אסטוניש Astonish,,אסטוניש מרסס למקלחון,מיליליטרים,750.00,"100 מ""ל",false,,11.90,0.0159,true,1,1874146
7290109920627,false,"אסטוניש קרם ואקונומיקה לניקוי אמבטיות 500 מ""ל",אסטוניש,GB,אסטוניש קרם אמבט אקו,יחידה,0.00,יחידה,false,,11.90,0.0000,true,1,1874148
7290109920665,false,"אסטוניש - מרסס מסיר אוכל שרוף במטבח 750 מ""ל",יעקבי- אסטוניש Astonish,,אסטוניש מרסס מסיר או,מיליליטרים,750.00,"100 מ""ל",false,,11.90,0.0159,true,1,1874150
7290109920825,false,צמד-דורגול אספרסו + דורגול מקציף חלב מתנה,מרקה,CH,דורגול לניקוי מכונת,מיליליטרים,500.00,"100 מ""ל",false,,28.90,0.0578,true,1,2171991
7290109920832,false,דורגול לניקוי מקציף חלב 500מ'ל,מרקה,CH,דורגול לניקוי מקציף,מיליליטרים,500.00,"100 מ""ל",false,,29.90,0.0598,true,1,2169217
7290109920849,false,"אסטוניש - מרסס לניקוי כללי בניחוח תפוז 750 מ""ל",יעקבי- אסטוניש Astonish,,אסטוניש מרסס תפוז לנ,מיליליטרים,750.00,"100 מ""ל",false,,11.90,0.0159,true,1,1874151
7290109920863,false,הפי מיוחד לכביסה בגדי ספורט,,,ג'ל כביסה,ליטרים,1.00,ליטר,false,,14.90,14.9000,true,1,1989084
7290109920887,false,הפי מיוחד לכביסה ביד צמר ממש,,,הפי לכביסה ביד,ליטרים,1.00,ליטר,false,,14.90,14.9000,true,1,1989091
7290109920894,false,הפי GEL DE LINE לשטיפת רצפות 1ליטר,,,נוזל רצפות הפי,ליטרים,1.00,ליטר,false,,12.90,12.9000,true,1,1989023
7290109920917,false,"הפי ג'ל אסלות עם כלור 750 מ""ל",אורו,,ג'ל לניקוי האסלה,מיליליטרים,750.00,"100 מ""ל",false,,7.90,0.0105,true,1,2033513
7290109921303,false,טורבול סופג לחות 2 מגשיות,טורבול,SE,סופג לחות 2 מגשיות,יחידה,0.00,יחידה,false,,24.90,0.0000,true,1,2425067
7290109921334,false,יעקבי דפי כביסה אידא,מרקה,ES,15 דפי כביסה,יח',15.00,יח',false,,12.90,0.8600,true,1,2222207
7290109921372,false,אסטוניש משחה לניקוי תנורים וגריל+ספוג 250 גר',אסטוניש,GB,אסטוניש משחה לניקוי,גרמים,250.00,100 גרם,false,,14.90,0.0596,true,1,2425048
7290109921488,false,"דורגול לניקוי וחיטוי מכונת הכביסה 500 מ""ל",דורינג,DE,דורגול למכונות הכביס,מיליליטרים,500.00,"100 מ""ל",false,,28.90,0.0578,true,1,2425049
7290109921686,false,פוליבוי מטליות לחות לניקוי רהיטים 24 יח,,,מטליות עם חומר לניקו,יחידה,0.00,יחידה,false,,9.90,0.0000,true,1,2425055
7290109921754,false,חידוש פוליטורה עץ,,,חידוש פוליטורה עץ,מיליליטרים,100.00,"100 מ""ל",false,,14.90,0.1490,true,1,2455487
7290109921853,false,אסטוניש המשחה המקורית לניקוי עם עוצמה,יעקבי- אסטוניש Astonish,GB,אסטוניש משחת פרימיום,גרמים,150.00,100 גרם,false,,17.90,0.1193,true,1,2431780
7290109921952,false,הפי ג'ל לכל כביסה ירוק 2.5ל',,,ג'ל כביסה מסיר כתמים,ליטרים,2.50,ליטר,false,,24.90,9.9600,true,1,2448268
7290109921976,false,הפי ג'ל כביסה היפואלרגני 2.5 ל',,,ג'ל כביסה לתינוקות,ליטרים,2.50,ליטר,false,,24.90,9.9600,true,1,2448270
7290109923024,false,"אסטוניש - מרסס פרמיום ארומטיק למטבח 750 מ""ל",,,אסטוניש מרסס פרמיום,מיליליטרים,750.00,"100 מ""ל",false,,14.90,0.0199,true,1,2508693
7290109923031,false,"מרסס פרמיום ארומטיק למקלחון 750 מ""ל אסטוניש",,,אסטוניש מרסס פרמיום,מיליליטרים,750.00,"100 מ""ל",false,,14.90,0.0199,true,1,2508694
7290109923048,false,"אסטוניש - מרסס פרמיום ארומטיק לכל הבית 750 מ""ל",,,אסטוניש מרסס פרמיום,מיליליטרים,750.00,"100 מ""ל",false,,14.90,0.0199,true,1,2508695
7290109923130,false,מדליק לפחמים קוביות הפי 24 יח',,,מדליק פחמים הפי,יח',40.00,יח',false,,7.90,0.1975,true,1,2519476
7290109923147,false,"פלא של אקונומיקה 750 מ""ל אסטוניש",יעקבי- אסטוניש Astonish,,אסטוניש מרסס פרמיום,מיליליטרים,750.00,"100 מ""ל",false,,14.90,0.0199,true,1,2527431
7290110000493,false,חמאת בוטנים טבעית קראנצ'י 350 גר',בטר אנד דיפרנט,IL,חמאת בוטנים טבעית עם,גרמים,350.00,100 גרם,false,,12.90,0.0369,true,1,2315947
7290110058555,false,שוקולד,,,שוקולד,גרמים,42.00,100 גרם,false,,6.90,0.1643,true,1,1508835
7290110058821,false,שלישיית ביצי שוקולד הלו קיטי,מונדזיר,,מארז שלישיית ביצי שו,גרמים,60.00,100 גרם,false,,12.90,0.2150,true,1,1524524
7290110058869,false,שלישית ביצי שוקולד סמי הכבאי,מונדזיר,,מארז שלישיית ביצי שו,גרמים,60.00,100 גרם,false,,12.90,0.2150,true,1,1524527
7290110058876,false,מארז שלישיית ביצי שו,,,מארז שלישיית ביצי שו,גרמים,60.00,100 גרם,false,,12.90,0.2150,true,1,1524528
7290110110024,false,"פאנטה תות פחית סליק 330מ""ל",,,פאנטה תות פחית 330 מ,מיליליטרים,330.00,"100 מ""ל",false,,4.50,0.0136,true,1,1683421
7290110110277,false,סיידר תפוחים מוגז - מארז רביעייה,"קרלסברג קרואטיה , יב",RO,רביעיית סומרסבי סייד,ליטרים,1.32,ליטר,false,,29.90,22.6515,true,1,1956870
7290110110352,false,בירה קרלסברג ללא אלכ,קרלסברג רומניהיבואן:,RO,בירה קרלסברג 0% אלכו,מיליליטרים,330.00,"100 מ""ל",false,,5.90,0.0179,true,1,2384606
7290110110451,false,"פריגת צלול ענבים 500 מ""ל",מבשלות בירה בינלאומי,IL,פריגת צלול ענבים 500,מיליליטרים,500.00,"100 מ""ל",false,,6.90,0.0138,true,1,1894473
7290110110475,false,"פריגת צלול אננס מ""ל 500 מ""ל",מבשלות בירה בינלאומי,IL,פריגת צלול אננס 500,מיליליטרים,500.00,"100 מ""ל",false,,6.90,0.0138,true,1,1894475
7290110110574,false,"קוקה קולה זירו לימון פחית 330 מ""ל",החברה המרכזית לייצור,IL,קולה זירו לימון פחית,מיליליטרים,330.00,"100 מ""ל",false,,4.50,0.0136,true,1,1983889
7290110110635,false,ספרייט בטעם למון ליים,החברה המרכזית לייצור,IL,"ספרייט 500 מ""ל",מיליליטרים,500.00,"100 מ""ל",false,,6.90,0.0138,true,1,1895464
7290110110659,false,"ספרייט לימון ליים פחית 330מ""ל",החברה המרכזית לייצור,IL,"ספרייט פחית 330 מ""ל",מיליליטרים,330.00,"100 מ""ל",false,,4.50,0.0136,true,1,1895465
7290110110703,false,"ספרייט 6 פחיות *330 מ""ל FRIDGE-PACK",קוקה קולה,IL,מארז שישיית פחיות ספ,ליטרים,1.98,ליטר,false,,23.90,12.0707,true,1,1895466
7290110111557,false,"משקה ספורט איזוטוני בטעם פירות 500 מ""ל פאוורייד",Caslino al Piano pla,IT,פאוורייד בטעם פירות,מיליליטרים,500.00,"100 מ""ל",false,,9.90,0.0198,true,1,2515184
7290110111564,false,"משקה ספורט איזוטוני בטעם הדרים ליין 500 מ""ל פאוורייד",פאווראייד POWERADE,IT,פאוורייד סיטרוס הדרי,מיליליטרים,500.00,"100 מ""ל",false,,9.90,0.0198,true,1,2515185
7290110111809,false,"מארז פאנטה אורנג' 330 מ""ל * 6 יח'",החברה המרכזית לייצור,IL,מארז שישיית פחיות פא,ליטרים,1.98,ליטר,false,,22.90,11.5657,true,1,2311851
7290110113261,false,נקטר אושן ספריי 19 קלוריות חמוציות 1 ליטר,קריות זול,,נקטר חמוציות 1 ליטר,ליטרים,1.00,ליטר,false,,11.90,11.9000,true,1,2489265
7290110113377,false,מארז קוקה קולה 1 ליטר*4 יח',Unknown,,מארז רביעיית קוקה קו,ליטרים,4.00,ליטר,false,,29.90,7.4750,true,1,2450591
7290110113476,false,בירה קרלסברג ללא אלכוהול - שישייה,קרלסברג רומניהיבואן:,RO,שישייה בירה קרלסברג,ליטרים,1.98,ליטר,false,,24.90,12.5758,true,1,2394272
7290110113490,false,"פיוז טי אפרסק 19 קלוריות 500 מ""ל",מבשלות בירה בינלאומי,IL,"FUZE- T אפרסק 500 מ""",מיליליטרים,500.00,"100 מ""ל",false,,6.90,0.0138,true,1,2407970
7290110113605,false,בירה שקמה בק איי 330,מבשלות בירה בינלאומי,IL,בירה שקמה IPA בקבוק,מיליליטרים,330.00,"100 מ""ל",false,,12.90,0.0391,true,1,2527195
7290110113629,false,בירה שקמה אייל ענברי,מבשלות בירה בינלאומי,IL,בירה שקמה אייל ענברי,מיליליטרים,330.00,"100 מ""ל",false,,12.90,0.0391,true,1,2527196
7290110113636,false,בירה שקמה מרצן לאגר,מבשלות בירה בינלאומי,IL,בירה שקמה מרצן לאגר,מיליליטרים,330.00,"100 מ""ל",false,,12.90,0.0391,true,1,2527197
7290110114787,false,נביעות + תפוח 1.5 ליטר פיקדון,נביעות טבע הגליל בעמ,IL,נביעות בטעמים 1.5 לי,ליטרים,1.50,ליטר,false,,8.90,5.9333,true,1,2490414
7290110114794,false,נביעות + אפרסק 1.5 ליטר פיקדון,"נביעות טבע הגליל בע""",IL,נביעות בטעמים 1.5 לי,ליטרים,1.50,ליטר,false,,8.90,5.9333,true,1,2490415
7290110114800,false,נביעות + ענבים 1.5 ליטר פיקדון,"נביעות טבע הגליל בע""",IL,נביעות בטעמים 1.5 לי,ליטרים,1.50,ליטר,false,,8.90,5.9333,true,1,2490416
7290110114824,false,נביעות+רכיבי פרי אבטיח 1.5 ליטר פיקדון,"נביעות טבע הגליל בע""",IL,נביעות + פרי אבטיח 1,ליטרים,1.50,ליטר,false,,9.90,6.6000,true,1,2490429
7290110114855,false,"נביעות מים מינרליים, שישיה 6 * 1.5 ליטר פקדון",נביעות טבע הגליל בעמ,IL,נביעות שישייה מים 1.,ליטרים,9.00,ליטר,false,,12.90,1.4333,true,1,2490677
7290110114886,false,מיץ סחוט קלמנטינה 2 ל' פריגת,גת,IL,מיץ סחוט קלמנטינה 2,ליטרים,2.00,ליטר,false,,26.90,13.4500,true,1,2490683
7290110114893,false,מיץ סחוט תפוז 2 ל' פריגת,פריגת,IL,מיץ תפוזים סחוט 2 לי,ליטרים,2.00,ליטר,false,,26.90,13.4500,true,1,2490690
7290110114909,false,100% מיץ תפוחים צלול עשוי מרכז,היינץ צפון אמריקה מק,IL,מיץ תפוח סחוט 2 ליטר,ליטרים,2.00,ליטר,false,,26.90,13.4500,true,1,2490691
7290110114954,false,מיץ תפוזים מתקתקים 100% 2 ל' פריגת,פריגת,IL,מיץ תפוזים מתקתק 100,ליטרים,2.00,ליטר,false,,21.90,10.9500,true,1,2490698
7290110114961,false,מיץ בטעם תפוזים 1.5ל' פריגת,מבשלות בירה בינלאומי,IL,פריגת תפוזים 1.5 ליט,ליטרים,1.50,ליטר,false,,8.90,5.9333,true,1,2490704
7290110114985,false,פריגת אשכולית 1.5 ליטר פיקדון,מבשלות בירה בינלאומי,IL,פריגת אשכוליות 1.5 ל,ליטרים,1.50,ליטר,false,,8.90,5.9333,true,1,2490706
7290110114992,false,פריגת light אשכולית 1.5 ליטר פיקדון,מבשלות בירה בינלאומי,IL,פריגת אשכוליות דיאט,ליטרים,1.50,ליטר,false,,8.90,5.9333,true,1,2490712
7290110115005,false,פריגת ענבים 1.5 ליטר פיקדון,מבשלות בירה בינלאומי,IL,פריגת ענבים 1.5 ליטר,ליטרים,1.50,ליטר,false,,8.90,5.9333,true,1,2490723
7290110115029,false,"פריגת משק""ל תפוח 1.5 ליטר פיקדון",מבשלות בירה בינלאומי,IL,פריגת תפוחים 1.5 ליט,ליטרים,1.50,ליטר,false,,8.90,5.9333,true,1,2490725
7290110115036,false,פריגת מנגו 1.5 ליטר פיקדון,מבשלות בירה בינלאומי,IL,פריגת מנגו 1.5 ליטר,ליטרים,1.50,ליטר,false,,8.90,5.9333,true,1,2490732
7290110115043,false,פריגת לימונענע 1.5 ליטר פיקדון,מבשלות בירה בינלאומי,IL,פריגת לימונענע 1.5 ל,ליטרים,1.50,ליטר,false,,8.90,5.9333,true,1,2490733
7290110115050,false,פריגת מיקס תות בננה 1.5 ליטר פיקדון,מבשלות בירה בינלאומי,IL,פריגת תות בננה 1.5 ל,ליטרים,1.50,ליטר,false,,8.90,5.9333,true,1,2490739
7290110115067,false,פריגת אפרסק 1.5 ליטר פיקדון,מבשלות בירה בינלאומי,IL,פריגת אפרסק 1.5 ליטר,ליטרים,1.50,ליטר,false,,8.90,5.9333,true,1,2490755
7290110115074,false,פריגת תפוח דובדבן 1.5 ליטר פיקדון,מבשלות בירה בינלאומי,IL,פריגת דובדבן 1.5 לי,ליטרים,1.50,ליטר,false,,8.90,5.9333,true,1,2490781
7290110115081,false,פריגת צלול ענבים 1.5 ליטר פיקדון,מבשלות בירה לישראל ב,IL,פריגת צלול ענבים 1.5,ליטרים,1.50,ליטר,false,,8.90,5.9333,true,1,2490788
7290110115098,false,פריגת צלול תפוחים 1.5 ליטר פיקדון,מבשלות בירה לישראל ב,IL,פריגת צלול תפוח 1.5,ליטרים,1.50,ליטר,false,,8.90,5.9333,true,1,2490796
7290110115104,false,פריגת צלול אפרסק 1.5 ליטר פיקדון,מבשלות בירה בינלאומי,IL,פריגת צלול אפרסק 1.5,ליטרים,1.50,ליטר,false,,8.90,5.9333,true,1,2490797
7290110115111,false,פריגת צלול אננס 1.5 ליטר פיקדון,מבשלות בירה לישראל ב,IL,פריגת צלול אננס 1.5,ליטרים,1.50,ליטר,false,,8.90,5.9333,true,1,2490798
7290110115128,false,פריגת צלול בטעם לימונענע 1.5 ליטר פיקדון,מבשלות בירה לישראל ב,IL,פריגת צלול לימונענע,ליטרים,1.50,ליטר,false,,8.90,5.9333,true,1,2490804
7290110115180,false,מים מינרליים נביעות,"נביעות טבע הגליל בע""",IL,מים נביעות 1.5 ליטר,ליטרים,1.50,ליטר,false,,3.80,2.5333,true,1,2494069
7290110115203,false,קוקה קולה 1.5 ליטר פיקדון,קוקה קולה Coca Cola,IL,קוקה קולה 1.5 ליטר,ליטרים,1.50,ליטר,false,,8.60,5.7333,true,1,2490820
7290110115210,false,דיאט קוקה קולה 1.5 ליטר פיקדון,קוקה קולה Coca Cola,IL,דיאט קוקה קולה 1.5 ל,ליטרים,1.50,ליטר,false,,8.60,5.7333,true,1,2490821
7290110115227,false,קולה ZERO 1.5 ליטר פיקדון,קוקה קולה Coca Cola,IL,קולה זירו 1.5 ליטר,ליטרים,1.50,ליטר,false,,8.60,5.7333,true,1,2490822
7290110115241,false,קוקה קולה זירו לימון 1.5 ליטר,החברה המרכזית לייצור,IL,קולה זירו לימון 1.5ל,ליטרים,1.50,ליטר,false,,8.60,5.7333,true,1,2490831
7290110115265,false,ספרייט 1.5 ליטר LIME פיקדון,החברה המרכזית לייצור,IL,ספרייט 1.5 ליטר,ליטרים,1.50,ליטר,false,,8.50,5.6667,true,1,2490833
7290110115272,false,ZERO ספרייט זירו 1.5 ליטר פיקדון,החברה המרכזית לייצור,IL,ZERO ספרייט 1.5 ליטר,ליטרים,1.50,ליטר,false,,8.50,5.6667,true,1,2492610
7290110115289,false,ספרייט 19 קל' לימון-נענע 1.5 ליטר פיקדון,החברה המרכזית לייצור,IL,ספרייט 1.5 ליטר לימו,ליטרים,1.50,ליטר,false,,8.50,5.6667,true,1,2490875
7290110115296,false,פאנטה אורנג' 1.5 ליטר פיקדון,החברה המרכזית לייצור,IL,פאנטה אורנג' 1.5 ליט,ליטרים,1.50,ליטר,false,,8.80,5.8667,true,1,2490883
7290110115302,false,פאנטה ZERO אורנג' 1.5 ליטר פיקדון,החברה המרכזית לייצור,IL,פאנטה זירו אורנג' 1.,ליטרים,1.50,ליטר,false,,8.80,5.8667,true,1,2490884
7290110115333,false,פאנטה תות 1.5 ליטר פיקדון,החברה המרכזית לייצור,IL,פאנטה תות 1.5 ליטר,ליטרים,1.50,ליטר,false,,8.80,5.8667,true,1,2490893
7290110115340,false,פאנטה ענבים 1.5 ליטר פיקדון,קוקה קולה,IL,פאנטה ענבים 1.5 ליטר,ליטרים,1.50,ליטר,false,,8.80,5.8667,true,1,2490894
7290110115357,false,קינלי סודה 1.5 ליטר פיקדון,קריות זול,,סודה קינלי 1.5ליטר,ליטרים,1.50,ליטר,false,,3.80,2.5333,true,1,2490952
7290110115364,false,קוקה קולה שישיות 1.5 ליטר פיקדון,החברה המרכזית לייצור,IL,קוקה קולה שישייה 1.5,ליטרים,9.00,ליטר,false,,49.90,5.5444,true,1,2490834
7290110115371,false,דיאט קוקה קולה שישיות 1.5 ליטר פיקדון,החברה המרכזית לייצור,IL,קוקה קולה דיאט שישיי,ליטרים,9.00,ליטר,false,,46.50,5.1667,true,1,2490835
7290110115388,false,ספרייט ליים שישיות 1.5 ליטר פיקדון,החברה המרכזית לייצור,IL,ספרייט שישייה 1.5 לי,ליטרים,9.00,ליטר,false,,49.90,5.5444,true,1,2490876
7290110115395,false,ZERO ספרייט שישיות 1.5 ליטר פיקדון,החברה המרכזית לייצור,IL,שישיית ZERO ספרייט 1,ליטרים,9.00,ליטר,false,,46.50,5.1667,true,1,2490877
7290110115401,false,קינלי סודה שישייה 1.5 ליטר פיקדון,החברה המרכזית לייצור,IL,שישיית סודה קינלי 1.,ליטרים,9.00,ליטר,false,,14.90,1.6556,true,1,2490953
7290110115418,false,מארז שישייה קוקה קולה זירו 1.5 ל',החברה המרכזית לייצור,IL,ZERO קולה שישייה 1.5,ליטרים,9.00,ליטר,false,,46.50,5.1667,true,1,2490836
7290110115425,false,FUZE TEA גרין לימונענע -נענע 1.5 ליטר פיקדון,מבשלות בירה בינלאומי,IL,FUZE-T לימון נענע 1.,ליטרים,1.50,ליטר,false,,8.90,5.9333,true,1,2490954
7290110115449,false,אייס תה בטעם מנגו אננס 1.5ל' FUZE TEA,מבשלות בירה בינלאומי,IL,FUZE-T מנגו אננס 1.5,ליטרים,1.50,ליטר,false,,8.90,5.9333,true,1,2490961
7290110115456,false,"תה קר בטעם אפרסק 19 קלוריות ב- 100 מ""ל",מבשלות בירה בינלאומי,IL,FUZE-T אפרסק 1.5 ליט,ליטרים,1.50,ליטר,false,,8.90,5.9333,true,1,2490962
7290110115463,false,אייס תה בטעם אפרסק 1.5ל' FUZE TEA,מבשלות בירה בינלאומי,IL,FUZE-T אפרסק 1.5 ליט,ליטרים,1.50,ליטר,false,,8.90,5.9333,true,1,2490968
7290110115494,false,אייס תה בטעם ענבים 1.5ל' FUZE TEA,מבשלות בירה בינלאומי,IL,FUZE-T ענבים 1.5 ליט,ליטרים,1.50,ליטר,false,,8.90,5.9333,true,1,2490971
7290110115531,false,פאנטה ZERO תפוח 1.5 ליטר פיקדון,החברה המרכזית לייצור,IL,פאנטה זירו בטעם תפוח,ליטרים,1.50,ליטר,false,,8.80,5.8667,true,1,2490885
7290110115593,false,פריגת אשכוליות 40% פחות סוכר 1.5 ליטר פיקדון,מבשלות בירה בינלאומי,IL,פריגת אשכוליות 40% פ,ליטרים,1.50,ליטר,false,,8.90,5.9333,true,1,2490789
7290110115609,false,פריגת ענבים 40% פחות סוכר 1.5 ליטר פיקדון,מבשלות בירה בינלאומי,IL,פריגת ענבים 40% פחות,ליטרים,1.50,ליטר,false,,8.90,5.9333,true,1,2490790
7290110115616,false,FUZE tea zero גרין אננס 1.5 ליטר פיקדון,מבשלות בירה בינלאומי,IL,FUZE-T זירו גרין אננ,ליטרים,1.50,ליטר,false,,8.90,5.9333,true,1,2495962
7290110115739,false,פריגת קוביות בטעם פינקולדה עם קוביות ג'ל קוקוס,החברה המרכזית למשקאו,IL,משקה קל בטעם פינקולד,מיליליטרים,315.00,"100 מ""ל",false,,7.90,0.0251,true,1,2546572
7290110115913,false,"משקה ספורט איזוטוני זירו בטעם אננס 500 מ""ל פאוורייד",Caslino al Piano pla,IT,פאוורייד ZERO בטעם א,מיליליטרים,500.00,"100 מ""ל",false,,9.90,0.0198,true,1,2515186
7290110116064,false,פאנטה ZERO פירות ירוק 1.5 ליטר פיקדון,החברה המרכזית לייצור,IL,פאנטה זירו פירות ירו,ליטרים,1.50,ליטר,false,,8.80,5.8667,true,1,2520595
7290110116125,false,סירופ בטעם פטל במתיק,סירופ גבעת חיים,IL,"סירופ פטל 750 מ""ל",מיליליטרים,750.00,"100 מ""ל",false,,24.90,0.0332,true,1,2541610
7290110116132,false,"מיץ לימון 750 מ""ל פריגת",סירופ גבעת חיים,IL,"סירופ לימון 750 מ""ל",מיליליטרים,750.00,"100 מ""ל",false,,24.90,0.0332,true,1,2541611
7290110116149,false,"מיץ ענבים 750 מ""ל פריגת",סירופ גבעת חיים,IL,"סירופ ענבים 750 מ""ל",מיליליטרים,750.00,"100 מ""ל",false,,24.90,0.0332,true,1,2541612
7290110116156,false,נביעות+ רכיבי פרי מנגו פסיפלורה 1.5 ליטר,נביעות,IL,נביעות+רכיבי פרי מנג,ליטרים,1.50,ליטר,false,,8.90,5.9333,true,1,2543204
7290110116170,false,נביעות+ רכיבי פרי קוקוס אננס 1.5 ליטר,נביעות,IL,נביעות+רכיבי פרי קוק,ליטרים,1.50,ליטר,false,,8.90,5.9333,true,1,2543286
7290110116194,false,"מים לימון ליים 0 קלוריות, 1.5 ל נביעות","נביעות טבע הגליל בע""",IL,נביעות + לימון ליים,ליטרים,1.50,ליטר,false,,9.90,6.6000,true,1,2537248
7290110116200,false,מים 0 קלוריות בטעם לימון-ליים 0.5 ל נביעות,"נביעות טבע הגליל בע""",IL,בקבוק נביעות+ לימון,מיליליטרים,500.00,"100 מ""ל",false,,6.50,0.0130,true,1,2537249
7290110116217,false,נביעות+ אשכוליות 0קלוריות 1.5 ליטר,"נביעות טבע הגליל בע""",IL,נביעות + אשכוליות 1.,ליטרים,1.50,ליטר,false,,9.90,6.6000,true,1,2537250
7290110116224,false,נביעות 0 קלוריות בטעם אשכולית,"נביעות טבע הגליל בע""",IL,בקבוק נביעות+ אשכולי,מיליליטרים,500.00,"100 מ""ל",false,,6.50,0.0130,true,1,2537251
7290110116385,false,"קולה זירו בטעם אבטיח תות, 330 מ""ל",החברה המרכזית למשקאו,IL,קולה זירו בטעם אבטיח,מיליליטרים,330.00,"100 מ""ל",false,,5.40,0.0164,true,1,2528789
7290110116392,false,מיץ תפוזים 750 מל פריגת,סירופ גבעת חיים,IL,"סירופ תפוזים 750 מ""ל",מיליליטרים,750.00,"100 מ""ל",false,,24.90,0.0332,true,1,2541613
7290110116521,false,"פריגת מיקס אפרסק ומשמש 400 מ""ל",פריגת,IL,פריגת מיקס,מיליליטרים,400.00,"100 מ""ל",false,,9.90,0.0248,true,1,2545369
7290110116552,false,ספרייט לימון היט 1.5 ליטר LIME פיקדון,החברה המרכזית לייצור,IL,ספרייט 1.5 ליטר LEMO,ליטרים,1.50,ליטר,false,,8.50,5.6667,true,1,2541653
7290110116569,false,"ספרייט זירו ZERO בק LEMON HIT, 1.5 ליטר",החברה המרכזית לייצור,IL,ספרייט זירו 1.5 ליטר,ליטרים,1.50,ליטר,false,,8.50,5.6667,true,1,2541213
7290110116576,false,"ספרייט זירו למון היט 500 מ""ל",החברה המרכזית לייצור,IL,"ספרייט זירו 500 מ""ל",מיליליטרים,500.00,"100 מ""ל",false,,8.50,0.0170,true,1,2541214
7290110116637,false,בירה שקמה חיטה מעוננת Bitter Wheat,שקמה,,בירה שקמה בירת חיטה,מיליליטרים,330.00,"100 מ""ל",false,,12.90,0.0391,true,1,2543271
7290110320591,false,גבינה בולגרית מעודנת 16%,פיראוס,IL,בולגרית 16% פיראוס ב,גרמים,250.00,100 גרם,false,,22.90,0.0916,true,1,1603914
7290110320683,false,משקה יוגורט בטעם תות 1.5% - מארז 8 יח',מיוצר עי קונדיטוריית,IL,מארז 8 יופלה 360 טעם,גרמים,856.00,100 גרם,false,,17.90,0.0209,true,1,1770172
7290110320850,false,פתיתים גבינה חצי קשה מגורדת 28% שומן,תנובה מרכז שיתופי לש,IL,פתיתי עמק למאפים 200,גרמים,200.00,100 גרם,false,,15.90,0.0795,true,1,1791343
7290110320867,false,פתיתים גבינה חצי קשה מגורדת 28% שומן,תנובה מרכז שיתופי לש,IL,פתיתי עמק למאפים 28%,גרמים,500.00,100 גרם,false,,34.90,0.0698,true,1,1770174
7290110320935,false,גבינת מוצרלה תנובה 150ג' פרוסות,תנובה מרכז שיתופי לש,IL,פרוסות מוצרלה 150 גר,גרמים,150.00,100 גרם,false,,15.90,0.1060,true,1,1770187
7290110321031,false,מעדן חלב GO יוגורט מועשר בחלבון טבעי 200 ג' יופלה,"תנובה, מחלבת אלון תב",IL,יוגורט יופלה GO,גרמים,200.00,100 גרם,false,,5.90,0.0295,true,1,1770175
7290110321277,false,קוטג' בקטנה % 5 100 ג' תנובה,פארייפאבה אגרואינדוס,IL,קוטג' 5% בקטנה 100 ג,גרמים,100.00,100 גרם,false,,2.90,0.0290,true,1,1813743
7290110321284,false,קוטג' בקטנה 9% 100 ג' תנובה,פארייפאבה אגרואינדוס,IL,קוטג' 9% בקטנה מהדרי,גרמים,100.00,100 גרם,false,,2.90,0.0290,true,1,1813744
7290110321604,false,קוביות פיראוס בולגרית מעודנת 5% 200 גרם - רבנות,פיראוס,IL,קוביות בולגרית 5% פי,גרמים,200.00,100 גרם,false,,20.90,0.1045,true,1,1995768
7290110321680,false,יוגורט GO בטעם תות 20 גרם חלבון בגביע,מיוצר עי קונדיטוריית,IL,יוגורט יופלה GO תות,גרמים,200.00,100 גרם,false,,5.90,0.0295,true,1,1891543
7290110321697,false,יוגורט GO בטעם אפרסק 20 גרם חלבון בגביע,מיוצר עי קונדיטוריית,IL,יוגורט יופלה GO אפרס,גרמים,200.00,100 גרם,false,,5.90,0.0295,true,1,1891544
7290110321703,false,יוגורט GO בטעם פירות יער 20 גרם חלבון בגביע,מיוצר עי קונדיטוריית,IL,יוגורט יופלה GO פירו,גרמים,200.00,100 גרם,false,,5.90,0.0295,true,1,1965797
7290110322014,false,טופו בטעם טבעי תנובה ALTERNATIVE,שוורצקוף& הנקל דיסלד,IL,טופו טבעי 300 גרם תנ,גרמים,300.00,100 גרם,false,,12.90,0.0430,true,1,1965798
7290110322021,false,טופו עם בזיליקום תנובה ALTERNATIVE,שוורצקוף& הנקל דיסלד,IL,טופו בזיליקום 300 גר,גרמים,300.00,100 גרם,false,,12.90,0.0430,true,1,1965799
7290110322038,false,טופו פיקנטי תנובה ALTERNATIVE,שוורצקוף& הנקל דיסלד,IL,טופו פיקנטי 300 גרם,גרמים,300.00,100 גרם,false,,12.90,0.0430,true,1,1965802
7290110322946,false,יופלה טיוב יוגורט במרקם חלק בטעם תות בננה כשרות רבנות 348 ג',,,מארז 6 יופלה טיוב תו,גרמים,348.00,100 גרם,false,,12.50,0.0359,true,1,2096003
7290110323301,false,טל העמק בסגנון אמנטל 32% שומן 200 גרם,עמק - תנובה,IL,גבינת טל העמק 32% שו,גרמים,200.00,100 גרם,false,,18.90,0.0945,true,1,2208434
7290110323585,false,יופלה יוגורט עם דובדבן מופחת קלוריות 200 ג' GO,יופלה Yoplait,,יוגורט יופלה GO דובד,גרמים,200.00,100 גרם,false,,5.90,0.0295,true,1,2153512
7290110323592,false,יופלה יוגורט עם אפרסק מופחת קלוריות 200 ג' GO,יופלה Yoplait,,יוגורט יופלה GO אפרס,גרמים,200.00,100 גרם,false,,5.90,0.0295,true,1,2153513
7290110323714,false,משקה קוקוס שקדים תנובה E אלטרנטיב,מיוצר עי קונדיטוריית,IL,משקה קוקוס שקדים 1 ל,ליטרים,1.00,ליטר,false,,12.90,12.9000,true,1,2208435
7290110324070,false,גבינת חלומי מחלב בקר 22%שומן 200גר,"תנובה בע""מ",IL,גבינת חלומי מחלב בקר,גרמים,200.00,100 גרם,false,,18.90,0.0945,true,1,2230547
7290110324353,false,יוגורט GO לייט בטעם אננס 20 גרם חלבון בגביע,"תנובה בע""מ",IL,יוגורט יופלה GO לייט,גרמים,200.00,100 גרם,false,,5.90,0.0295,true,1,2343064
7290110324711,false,ממרח סויה בטעם טבעי 9% שומן אלטרנטיב,מיוצר עי קונדיטוריית,IL,ממרח סויה בסגנון גבי,גרמים,250.00,100 גרם,false,,9.30,0.0372,true,1,2357389
7290110324728,false,ממרח סויה עם שום שמיר 9% שומן אלטרנטיב,מיוצר עי קונדיטוריית,IL,ממרח סויה בסגנון גבי,גרמים,250.00,100 גרם,false,,9.30,0.0372,true,1,2357390
7290110324841,false,מעדן שקדים עם שוקולד מריר אלטרנטיב,מיוצר עי קונדיטוריית,IL,מעדן שקדים עם שוקולד,גרמים,125.00,100 גרם,false,,4.30,0.0344,true,1,2380740
7290110324858,false,מעדן שקדים בטעם אגוזי לוז אלטרנטיב,תנובה Alternative,IL,מעדן שקדים בטעם אגוז,גרמים,125.00,100 גרם,false,,4.30,0.0344,true,1,2380741
7290110324872,false,גבינה צהובה גלבוע 5% שומן 200 גרם,גלבוע - תנובה,IL,גבינה גלבוע פרוס 200,גרמים,200.00,100 גרם,false,,18.90,0.0945,true,1,2383096
7290110324926,false,משקה סויה ללא תוספת סוכר E אלטרנטיב,תנובה מרכז שיתופי לש,IL,משקה סויה ללא תוספת,ליטרים,1.00,ליטר,false,,11.40,11.4000,true,1,2377041
7290110325084,false,מאגדת שמינייה מיני קרלו שוניל 8*100גרם,קריות זול,,מאגדת שמינייה מיני ק,מיליליטרים,800.00,"100 מ""ל",false,,14.90,0.0186,true,1,2370007
7290110325114,false,"משקה יוגורט יופלה גו לייט תות בננה 250 מ""ל - רבנות",מיוצר עי קונדיטוריית,IL,משקה יוגורט גו לייט,מיליליטרים,250.00,"100 מ""ל",false,,6.90,0.0276,true,1,2370013
7290110325169,false,פרוסות גבינת גאודה 30%,תנובה,IL,גבינת גאודה פרוסות 1,גרמים,170.00,100 גרם,false,,20.90,0.1229,true,1,2399533
7290110325305,false,מעדן סויה GO מועשר בחלבון במתיקות מעודנת,מיוצר עי קונדיטוריית,IL,מעדן סויה גו 20 גרם,גרמים,200.00,100 גרם,false,,6.00,0.0300,true,1,2380750
7290110325510,false,יופלה טיוב יוגורט במרקם חלק בטעם וניל - 348 ג',"תנובה בע""מ",IL,מארז 6 יופלה טיוב ונ,גרמים,348.00,100 גרם,false,,12.50,0.0359,true,1,2383707
7290110325619,false,משקה שיבולת שועל תנובה E אלטרנטיב,מיוצר עי קונדיטוריית,IL,משקה שיבולת שועל 1 ל,ליטרים,1.00,ליטר,false,,12.90,12.9000,true,1,2386805
7290110325879,false,פתיתי גאודה 200 ג' תנובה,תנובה- השף הלבן,IL,פתיתי גאודה 200 גרם,גרמים,200.00,100 גרם,false,,16.90,0.0845,true,1,2399534
7290110325893,false,משקה חלב GO מועשר בחלבון בטעם אייס קפה,מיוצר עי קונדיטוריית,IL,משקה תנובה GO אייס ק,מיליליטרים,340.00,"100 מ""ל",false,,8.90,0.0262,true,1,2386810
7290110326173,false,יולו COOKIES שוקולדלבן בטעם קרם עוגיות+עוגיות ונטיפי שוקולד 120 ג',תנובה,IL,מעדן YOLO COOKIES בט,גרמים,120.00,100 גרם,false,,5.10,0.0425,true,1,2398306
7290110326180,false,יולו COOKIES שוקולד חלב נוגט+עוגיות ונטיפי שוקולד 120 ג'.,תנובה,IL,מעדן YOLO COOKIES בט,גרמים,120.00,100 גרם,false,,5.10,0.0425,true,1,2398298
7290110326210,false,יופלה און טופ פצפוצים 157 גרם.,מיוצר עי קונדיטוריית,IL,יופלה און טופ פצפוצי,גרמים,157.00,100 גרם,false,,5.50,0.0350,true,1,2399535
7290110326227,false,יוגורט און טופ קורנפלקס 157 ג' יופלה,מיוצר עי קונדיטוריית,IL,יופלה און טופ קורנפל,גרמים,157.00,100 גרם,false,,5.50,0.0350,true,1,2399536
7290110326234,false,יוגורט און טופ כוכבים 157 ג' יופלה,מיוצר עי קונדיטוריית,IL,יופלה און טופ כוכבים,גרמים,157.00,100 גרם,false,,5.50,0.0350,true,1,2399537
7290110326241,false,יופלה און טופ גרנולה 157 גרם.,מיוצר עי קונדיטוריית,IL,יופלה און טופ גרנולה,גרמים,157.00,100 גרם,false,,5.50,0.0350,true,1,2399538
7290110326449,false,חמאה השף הלבן 250 גר,אמרלנד,DE,חמאה 250 גרם השף הלב,גרמים,250.00,100 גרם,false,,10.50,0.0420,true,1,2410677
7290110326876,false,לאבנה עיזים פיראוס 2,Unknown,,לאבנה עיזים 250 גרם,גרמים,250.00,100 גרם,false,,16.90,0.0676,true,1,2549264
7290110326906,false,חלב נטול לקטוז 3% 1 ליטר,מיוצר עי קונדיטוריית,IL,חלב נטול לקטוז 3% שו,ליטרים,1.00,ליטר,false,,7.50,7.5000,true,1,2423661
7290110327279,false,גבינת שמנת בסגנון טוסקנה נפוליאון 24% שומן 225 ג',תנובה מרכז שיתופי לש,IL,גבינת נפולאון טוסקנה,גרמים,225.00,100 גרם,false,,13.90,0.0618,true,1,2414367
7290110327514,false,משקה שיבולת שועל בטעם אגוזי לוז 1 ליטר אלטרנטיב,תנובה מרכז שיתופי לש,IL,משקה שיבולת שועל 1 ל,ליטרים,1.00,ליטר,false,,12.90,12.9000,true,1,2489299
7290110327545,false,מעדן און טופ תות פצפוצים מצופים שוקולד 157ג' יופלה,מיוצר עי קונדיטוריית,IL,יופלה און טופ בטעם ת,גרמים,157.00,100 גרם,false,,5.50,0.0350,true,1,2432919
7290110327637,false,יוגורט דיאט יופלה קיווי 0% שומן 150 ג' יופלה,תנובה מרכז שיתופי לש,IL,יופלה דיאט בטעם קיוו,גרמים,150.00,100 גרם,false,,5.20,0.0347,true,1,2432920
7290110327798,false,חטיף חלבון GO - שוקולד 60 ג' חלב נוכרי - רבנות,"בלמונט קונפקציות בע""",US,חטיף חלבון GO בטעם ש,גרמים,20.00,100 גרם,false,,11.90,0.5950,true,1,2464572
7290110327804,false,חטיף חלבון GO - עוגיות 60 ג' חלב נוכרי - רבנות,"בלמונט קונפקציות בע""",US,חטיף חלבון GO בטעם ב,גרמים,20.00,100 גרם,false,,11.90,0.5950,true,1,2464573
7290110327811,false,חטיף חלבון GO - קוקוס 60 ג' חלב נוכרי - רבנות,"בלמונט קונפקציות בע""",US,חטיף חלבון GO בטעם ק,גרמים,20.00,100 גרם,false,,11.90,0.5950,true,1,2464574
7290110327828,false,חטיף חלבון GO - חמאת בוטנים 60 ג' חלב נוכרי - רבנות,"בלמונט קונפקציות בע""",US,חטיף חלבון GO בטעם ח,גרמים,20.00,100 גרם,false,,11.90,0.5950,true,1,2464575
7290110328016,false,משקה סויה מועשר בחלבון בטעם אגוזי לוז 250 גרם,תנובה מרכז שיתופי לש,IL,משקה סויה מועשר בחלב,גרמים,250.00,100 גרם,false,,6.90,0.0276,true,1,2441056
7290110328023,false,משקה סויה מועשר בחלבון בטעם קפה 250 גרם,תנובה מרכז שיתופי לש,IL,משקה סויה מועשר בחלב,גרמים,250.00,100 גרם,false,,6.90,0.0276,true,1,2441057
7290110328221,false,יוגורט תנובה נטול לקטוז 200 ג',מיוצר עי קונדיטוריית,IL,יוגורט תנובה נטול לק,גרמים,200.00,100 גרם,false,,3.90,0.0195,true,1,2441039
7290110328474,false,גבינת פרמג'יאנו רג'יאנו 30% מחלב בקר,מנדלז סי.אר. פרודקשן,IT,גבינת פרמג'יאנו רג'י,גרמים,150.00,100 גרם,false,,29.90,0.1993,true,1,2455837
7290110328504,false,טריו - מיקס גבינות מוצרלה סקנדינבית וגאודה 300 גרם,מיוצר עי קונדיטוריית,IL,טריו-מיקס מוצרלה סקנ,גרמים,300.00,100 גרם,false,,26.90,0.0897,true,1,2455802
7290110328610,false,משקה אורז ושקדים בריסטה אלטרנטיב 1 ליטר,תנובה Alternative,IL,משקה אורז ושקדים ברי,ליטרים,1.00,ליטר,false,,12.90,12.9000,true,1,2521326
7290110328627,false,יוגורט יופלה GO במרקם סמיך בטעם בננה קרמל 0%,מיוצר עי קונדיטוריית,IL,יוגורט יופלה GO בננה,גרמים,200.00,100 גרם,false,,5.90,0.0295,true,1,2465290
7290110328764,false,יוגורט יופלה GO במרקם סמיך עם תות 0%,מיוצר עי קונדיטוריית,IL,יוגורט יופלה GO תות,גרמים,200.00,100 גרם,false,,5.90,0.0295,true,1,2465291
7290110328788,false,יוגורט יופלה GO במרקם סמיך בטעם אפרסק 0%,תנובה מרכז שיתופי לש,IL,יוגורט יופלה GO אפרס,גרמים,200.00,100 גרם,false,,5.90,0.0295,true,1,2465293
7290110328887,false,"חלב תנובה בקבוק 3%, כשרות מהדרין, 1 ליטר",תנובה מרכז שיתופי לש,IL,חלב 3% בבקבוק 1 ליטר,ליטרים,1.00,ליטר,false,,6.20,6.2000,true,1,2527018
7290110328955,false,קוביות גבינת עזים בש,דודוני תעשיית החלב ה,GR,קוביות גבינת עזים בש,גרמים,350.00,100 גרם,false,,26.90,0.0769,true,1,2516111
7290110329136,false,מעדן חלב מעושר בחלבון בטעם שוקולד 120 ג' GO,תנובה מרכז שיתופי לש,IL,מעדן חלב גו בטעם שוק,גרמים,120.00,100 גרם,false,,5.50,0.0458,true,1,2491142
7290110329143,false,מעדן חלב מעושר בחלבון בטעם וניל גביע 120 ג' GO,תנובה מרכז שיתופי לש,IL,מעדן חלב גו בטעם וני,גרמים,120.00,100 גרם,false,,5.50,0.0458,true,1,2491143
7290110329303,false,פרוסות צהובה 200 גרם אלטרנטיב אלטרנטיב,תנובה Alternative,IL,פרוסות בטעם צהובה קל,גרמים,200.00,100 גרם,false,,22.90,0.1145,true,1,2491150
7290110329686,false,"משקה חלב בטעם עוגיות 340 מ""ל GO",מיוצר עי קונדיטוריית,IL,משקה תנובה GO בטעם ע,מיליליטרים,340.00,"100 מ""ל",false,,8.50,0.0250,true,1,2489293
7290110329709,false,יוגורט תנובה 0% שומן,מיוצר עי קונדיטוריית,IL,יוגורט תנובה 0% שומן,גרמים,200.00,100 גרם,false,,2.90,0.0145,true,1,2493983
7290110329716,false,משקה קפה קר בטעם קפוצ'ינו 230 ג' תנובה,תנובה מרכז שיתופי לש,IL,משקה קפה קר בטעם קפו,גרמים,230.00,100 גרם,false,,6.90,0.0300,true,1,2517649
7290110329723,false,משקה קפה קר בטעם לאטה 230 ג' תנובה,תנובה מרכז שיתופי לש,IL,משקה קפה קר בטעם לאט,גרמים,230.00,100 גרם,false,,6.90,0.0300,true,1,2517655
7290110329792,false,יוגורט סויה BIO Alternative אפרסק 150 ג' תנובה,מיוצר עי קונדיטוריית,IL,מעדן סויה ביו אפרסק,גרמים,150.00,100 גרם,false,,4.90,0.0327,true,1,2497588
7290110329808,false,יוגורט סויה BIO Alternative תות 150 ג' תנובה,מיוצר עי קונדיטוריית,IL,מעדן סויה ביו תות אל,גרמים,150.00,100 גרם,false,,4.90,0.0327,true,1,2497589
7290110329815,false,סויה BIO מתיקות מעודנת גביע 150 גרם אלטרנטיב,מיוצר עי קונדיטוריית,IL,מעדן סויה ביו מתיקות,גרמים,150.00,100 גרם,false,,4.90,0.0327,true,1,2497590
7290110329822,false,יוגורט סויה BIO Alternative פירות יער 150 ג' תנובה,מיוצר עי קונדיטוריית,IL,מעדן סויה ביו בטעם פ,גרמים,150.00,100 גרם,false,,4.90,0.0327,true,1,2497591
7290110329839,false,פרוסות צהובה בטעם זיתים 200 ג' אלטרנטיב אלטרנטיב,מיוצר עי קונדיטוריית,IL,פרוסות צהובה בטעם זי,גרמים,200.00,100 גרם,false,,22.90,0.1145,true,1,2491151
7290110329846,false,יוגורט סויה BIO Alternative בטעם טבעי 150 ג' תנובה,תנובה Alternative,IL,מעדן סויה ביו טבעי א,גרמים,150.00,100 גרם,false,,4.90,0.0327,true,1,2497592
7290110463779,false,קופסאת איחסון מלבנית,,,קופסאת איחסון מלבנית,יחידה,0.00,יחידה,false,,19.90,0.0000,true,1,2438809
7290110466022,false,כפית דבש מעץ BOTANIC,,,כפית דבש מעץ BOTANIC,יחידה,0.00,יחידה,false,,9.90,0.0000,true,1,2537613
7290110474690,false,כבל טייפ סי‏‏‏‏,Unknown,,כבל טייפ סי‏‏‏‏,יחידה,0.00,יחידה,false,,49.90,0.0000,true,1,2548045
7290110476281,false,מיטת קמפינג מתקפלת,Unknown,,מיטת קמפינג מתקפלת,יחידה,0.00,יחידה,false,,149.90,0.0000,true,1,2541296
7290110550202,false,מטבעות שוקולד חלב לאפיה 400 ג עילת,שטראוס,IL,מטבעות שוקולד חלב לא,גרמים,400.00,100 גרם,false,,29.90,0.0747,true,1,2515355
7290110550226,false,מטבעות שוקולד מריר לאפיה 400 ג עלית,שטראוס,IL,מטבעות שוקולד מריר ל,גרמים,400.00,100 גרם,false,,29.90,0.0747,true,1,2515357
7290110550370,false,פריכיות משולשות קינואה ופלפל שחור 65 גרם,Unknown,,פירכיות משולשות קינו,גרמים,65.00,100 גרם,false,,9.90,0.1523,true,1,2530954
7290110550394,false,שוקולד PERFECT BITE קרם אגוזים ושברי אגוזים 234 ג' עלית,"שטראוס גרופ בע""מ",IL,עלית פרפקט בייט קרם,גרמים,234.00,100 גרם,false,,17.90,0.0765,true,1,2489429
7290110552121,false,יוגורט בתוספת סידן וויטמין ד 100 ג' דנונה,תנובה מרכז שיתופי לש,IL,יוגורט 5%+ויטמין D,גרמים,100.00,100 גרם,false,,2.20,0.0220,true,1,2514804
7290110552220,false,יוגורט PRO בטעם תות 0% סוכר לבן 20 גרם חלבון בגביע,"שטראוס בריאות בע""מ",IL,דנונה פרו 20 גר ללא,גרמים,200.00,100 גרם,false,,5.90,0.0295,true,1,2495803
7290110552237,false,יוגורט פרו בטעם אפרסק מנגו ללא סוכר 200 ג' דנונה,"שטראוס בריאות בע""מ",IL,דנונה פרו 20 גר ללא,גרמים,200.00,100 גרם,false,,5.90,0.0295,true,1,2495804
7290110552817,false,עלית - צנצנת מאסט בטעם גלידה לימון,STRAUSS-ISRAEL,,קופסא מסטיק קוביות ב,גרמים,58.00,100 גרם,false,,8.90,0.1534,true,1,2523089
7290110553104,false,נסקפה קפוצ'ינו סטיק קלאסי 130 ג' עלית,,,קפוצ'ינו סטיק קלאסי,גרמים,130.00,100 גרם,false,,12.90,0.0992,true,1,2540701
7290110553135,false,נסקפה קפוצ'ינו סטיק וניל 130 ג' עלית,,,קפוצ'ינו סטיק וניל,גרמים,130.00,100 גרם,false,,12.90,0.0992,true,1,2540702
7290110553173,false,אנרג'י - פריכיות בטעם קרמל 40 גרם,סאנורייס בלגיום,IL,פרכיות אנרג'י בטעם ק,גרמים,40.00,100 גרם,false,,6.90,0.1725,true,1,2534952
7290110553180,false,אנרג'י - פריכיות בטעם תפוח קינמון 40 גרם,סאנורייס בלגיום,IL,פרכיות אנרג'י בטעם ת,גרמים,40.00,100 גרם,false,,6.90,0.1725,true,1,2534953
7290110553340,false,נמס מילקשייק- אבקה להכנת משקה קר בטעם מלבי,עלית,,קפה נמס מילקשייק מלב,גרמים,200.00,100 גרם,false,,14.90,0.0745,true,1,2519350
7290110553623,false,צ'יטוס קראנצ'י בטעם צ'דר חלפיניו - חלבי,"שטראוס פריטו ליי בע""",IL,ציטוס קראנץ צ'דר חלפ,גרמים,80.00,100 גרם,false,,3.90,0.0487,true,1,2521333
7290110554118,false,נודלס מלזי חריף עם טופו וירקות ברוטב קארי ירוק,"טרופיקל דגיל בע""מ אז",IL,נודלס מלזי חריף,גרמים,350.00,100 גרם,false,,26.90,0.0769,true,1,2494365
7290110554125,false,נודלס סצ'ואן חריף 350 ג' דלישס,אוכל ביתי ניר עציון,IL,נודלס סצ'ואן חריף,גרמים,350.00,100 גרם,false,,26.90,0.0769,true,1,2494366
7290110554262,false,חלבית מלבין קפה חלבי 350 ג' עלית,עלית,,חלבית אבקה חלבי 350,גרמים,350.00,100 גרם,false,,18.90,0.0540,true,1,2529525
7290110554422,false,רוטב עגבניות ופלפלים לשקשוקה 350 גר' יד מרדכי,אימילאנה,IT,רוטב עגבניות ופלפלים,גרמים,350.00,100 גרם,false,,11.90,0.0340,true,1,2500075
7290110554583,false,מארז חטיפי צ'יטוס פאפס בטעם גבינה - 10 יחידות,שטראוס,IL,מארז צ'יטוס פאפס גבי,גרמים,200.00,100 גרם,false,,12.90,0.0645,true,1,2496104
7290110554699,false,"קפה עולה קפסולות אספרסו קלייה איטית וכהה מאוד, 10 * 50 ג'",שטראוס קפה בי.וי.,IL,"קפסולות שת""פ למכונות",גרמים,50.00,100 גרם,false,,18.90,0.3780,true,1,2535155
7290110554705,false,"קפסולות קפה יונילקו אספרסו קלוי וטחון, 10 * 50 ג'",שטראוס קפה בי.וי.,IL,"קפסולות שת""פ למכונות",גרמים,50.00,100 גרם,false,,18.90,0.3780,true,1,2535156
7290110554712,false,"קפסולות קפה אספרסו קלייה איטית ובהירה, 10 * 50 ג'",,,"קפסולות שת""פ למכונות",גרמים,50.00,100 גרם,false,,18.90,0.3780,true,1,2535157
7290110555009,false,מארז זוג רוטב פסאטה 2* 350 ג' יד מרדכי,אימילאנה,IT,פסאטה זוג 700ג' יד מ,גרמים,700.00,100 גרם,false,,11.90,0.0170,true,1,2515349
7290110555078,false,לאבנה עם שמן זית ועשבי תיבול 250 גר',"מחלבות בר בכפר בע""מ",IL,לאבנה עם שמן זית ועש,גרמים,250.00,100 גרם,false,,10.90,0.0436,true,1,2516661
7290110555092,false,לאבנה+שמן זית וצ'ילי 250 גרם,"מחלבות בר בכפר בע""מ",IL,לאבנה עם שמן זית וצי,גרמים,250.00,100 גרם,false,,10.90,0.0436,true,1,2516662
7290110555603,false,ספלנדיד אבקה להכנת משקה בטעם שוקולטה,"ג'אלוסיס י. בע""מ",GR,שוקולוטה ספלנדיד בפח,גרמים,360.00,100 גרם,false,,21.90,0.0608,true,1,2540725
7290110555665,false,קקאו דל שומן קופסא 220 ג' עלית,,,קקאו דל שומן בפחית,גרמים,220.00,100 גרם,false,,18.90,0.0859,true,1,2540726
7290110555788,false,נסקפה קפוצ'ינו פחית וניל 200 ג' עלית,שטראוס,IL,קפוצינו וניל פחית,גרמים,200.00,100 גרם,false,,19.90,0.0995,true,1,2540708
7290110555795,false,נסקפה קפוצ'ינו פחית קלאסי 200 ג' עלית,שטראוס,IL,קפוצינו קלאסי פחית,גרמים,200.00,100 גרם,false,,19.90,0.0995,true,1,2540709
7290110556242,false,"שוקולד מריר פרווה 100 גר' בד""ץ תוצרת חוץ","שטראוס גרופ בע""מ.",IL,שוקולד מריר פרווה 10,גרמים,100.00,100 גרם,false,,5.90,0.0590,true,1,2530955
7290110557027,false,חומוס עשיר 50% טחינה גולמית 400 ג' אחלה,מיוצר עי קונדיטוריית,IL,חומוס אחלה עשיר ב-50,גרמים,400.00,100 גרם,false,,11.90,0.0298,true,1,2492445
7290110557102,false,מעדן חלב עם שוקולד מועשר בחלבון 150 ג' שטראוס,מיוצר עי קונדיטוריית,IL,מעדן חלב דנונה פרו 1,גרמים,150.00,100 גרם,false,,4.90,0.0327,true,1,2485296
7290110557133,false,מעדן הגולן וניל 125 ג' שטראוס,מיוצר עי קונדיטוריית,IL,מעדן הגולן וניל 125,גרמים,125.00,100 גרם,false,,2.90,0.0232,true,1,2488995
7290110557317,false,יוגורט בתוספת סידן וויטמין ד עם שיבולת שועל 100 ג' דנונה,תנובה מרכז שיתופי לש,IL,יוגורט שיבולת שועל ד,גרמים,100.00,100 גרם,false,,2.20,0.0220,true,1,2514805
7290110557478,false,חומוס גלילי במרקם מעודן 600 גרם,שטראוס,IL,חומוס גלילי 600 גרם,גרמים,600.00,100 גרם,false,,11.90,0.0198,true,1,2507466
7290110557645,false,אנרג'י מיקס צימוקים חמוציות וש.לבן 100 גר שטראוס,Unknown,,אנרג'י מיקס צימוקים,גרמים,100.00,100 גרם,false,,15.90,0.1590,true,1,2528711
7290110558130,false,אקטיביה עם שיבולת שועל ודבש 150 ג' דנונה,"שטראוס בריאות בע""מ",IL,דנונה אקטיביה עם שיב,גרמים,150.00,100 גרם,false,,4.50,0.0300,true,1,2520350
7290110558154,false,דנונה לייט אנד פרי עוגת תפוחים 150ג דנונה,"שטראוס בריאות בע""מ",IL,דנונה לייט אנד עוגת,גרמים,150.00,100 גרם,false,,4.50,0.0300,true,1,2527780
7290110558215,false,"דנונה קראנצ`פיסטוק עם פיצפוץ לבן קראנצי פיסטוק, 173 גרם","שטראוס בריאות בע""מ",IL,דנונה בר קראנץ' פיסט,גרמים,173.00,100 גרם,false,,4.50,0.0260,true,1,2543840
7290110558222,false,"וואו יוגורט עם שכבה בטעם בנופי פאי 5.4%, 150ג דנונה","שטראוס בריאות בע""מ",IL,דנונה WOW בנופי 150,גרמים,150.00,100 גרם,false,,4.50,0.0300,true,1,2527772
7290110558239,false,"וואו יוגורט עם שכבה בטעם קראק פאי 5.4%, 150 ג דנונה","שטראוס בריאות בע""מ",IL,דנונה WOW קראק פאי 1,גרמים,150.00,100 גרם,false,,4.50,0.0300,true,1,2527773
7290110558253,false,"דנונה ריפרש בננה אננס וצ`יה, 250 גרם","שטראוס בריאות בע""מ",IL,דנונה לשתייה ריפרש,גרמים,250.00,100 גרם,false,,5.50,0.0220,true,1,2520351
7290110558284,false,יוגורט ביו מולטי 200 ג' דנונה,"שטראוס בריאות בע""מ",IL,יוגורט דנונה ביו מול,גרמים,200.00,100 גרם,false,,3.90,0.0195,true,1,2523563
7290110558307,false,יוגורט דנונה PRO עם שיבולת שועל במתיקות מעודנת,"שטראוס בריאות בע""מ",IL,דנונה פרו 20 גרם עם,גרמים,200.00,100 גרם,false,,5.90,0.0295,true,1,2520359
7290110558314,false,דנונה פרו 20 ג' חלבון ללא סוכר פיסטוק 200 גרם,"שטראוס בריאות בע""מ",IL,דנונה פרו 20 גר ללא,גרמים,200.00,100 גרם,false,,5.90,0.0295,true,1,2527781
7290110558338,false,יוגורט PRO בטעם מתיקות מעודנת 1.5% שומן,"שטראוס בריאות בע""מ",IL,דנונה פרו 25 גרם חלב,גרמים,200.00,100 גרם,false,,5.90,0.0295,true,1,2520360
7290110558741,false,"גמדים פאוץ תפוח בננה, 100 ג' שטראוס","שטראוס בריאות בע""מ",IL,גמדים סקוויז לדרך בו,גרמים,100.00,100 גרם,false,,5.50,0.0550,true,1,2546597
7290110559007,false,"שועועית חומה טעם הטבע קופסה, 380 גרם",,,שעועית חומה טעם הטבע,גרמים,380.00,100 גרם,false,,6.90,0.0182,true,1,2528719
7290110559014,false,שעועית שחורה טעם הטבע 380ג שטראוס,,,שעועית שחורה טעם הטב,גרמים,380.00,100 גרם,false,,6.90,0.0182,true,1,2528720
7290110559755,false,ריל - מאגדת בוטנים פיסטוק וחמוציות 35 גרם * 3,ואמואליס פודס,GR,REAL מאגדת בוטנים פי,גרמים,105.00,100 גרם,false,,15.90,0.1514,true,1,2520518
7290110559762,false,ריל - מאגדת אגוזים תמרם קוקוס 35 גרם * 3,ואמואליס פודס,GR,REAL מאגדת אגוזים תמ,גרמים,105.00,100 גרם,false,,15.90,0.1514,true,1,2520519
7290110559939,false,שווארמה מנתחי סויה ו,אוכל ביתי ניר עציון,IL,נתחי סויה בסגנון שוא,גרמים,350.00,100 גרם,false,,26.90,0.0769,true,1,2530262
7290110560300,false,"הפריכיות הטעימות חומוס, עדשים שחורות, קינואה ופלפל שחור",אנרג'י Energy - שטראוס,IL,פירכיות משולשות פלפל,גרמים,30.00,100 גרם,false,,4.90,0.1633,true,1,2156366
7290110560317,false,"הפריכיות הטעימות חומוס, עדשים שחורות, קינואה ומלח ים","פרח תעשיו מזון בע""מ",IL,פירכיות משולשות מלח,גרמים,30.00,100 גרם,false,,4.90,0.1633,true,1,2156367
7290110560324,false,"הפריכיות הטעימות תפו""א, אורז, אפונה ומלח ים","פרח תעשיו מזון בע""מ",IL,פירכיות משולשות אפונ,גרמים,30.00,100 גרם,false,,4.90,0.1633,true,1,2156368
7290110560836,false,מילקי פסק זמן מהדרין 133ג',מיוצר עי קונדיטוריית,IL,מעדן מילקי בטעם פסק,גרמים,133.00,100 גרם,false,,2.80,0.0211,true,1,1927759
7290110561352,false,דנונה יוגורט ביו פרוביוטי 3% דל לקטוז 150ג',"שטראוס בריאות בע""מ",IL,יוגורט דנונה שטראוס,גרמים,200.00,100 גרם,false,,3.30,0.0165,true,1,1957705
7290110561604,false,מארז 8 יחידות מעדן גמדים בטעם תות בננה,שטראוס,IL,מארז 8 גמדים שמינייה,גרמים,800.00,100 גרם,false,,17.90,0.0224,true,1,1873971
7290110563431,false,"משקה קפה קר בסגנון קלאסי 230 מ""ל 1.6% יוטבתה",האי נאם סי או אל.טי.,AT,משקה קפה קר בסגנון ק,מיליליטרים,230.00,"100 מ""ל",false,,7.90,0.0343,true,1,2256134
7290110563448,false,"משקה קפה קר בסגנון מעודן 230 מ""ל 1.6% יוטבתה",האי נאם סי או אל.טי.,AT,משקה קפה קר בסגנון מ,מיליליטרים,230.00,"100 מ""ל",false,,7.90,0.0343,true,1,2256143
7290110563462,false,חלב בבקבוק נטול לקטוז 2% יטבתה 1 ל',מחלבת יטבתה,IL,חלב 1ליטר בקבוק נטול,ליטרים,1.00,ליטר,false,,7.90,7.9000,true,1,2255109
7290110564339,false,חומוס אחלה הסידרה המובחר 30% טחינה 400 גר',מיוצר עי קונדיטוריית,IL,חומוס אחלה עשיר ב-30,גרמים,400.00,100 גרם,false,,11.90,0.0298,true,1,1873973
7290110564360,false,חומוס אחלה הסידרה המובחר 40% טחינה 400 גר',מיוצר עי קונדיטוריית,IL,חומוס אחלה עשיר ב-40,גרמים,400.00,100 גרם,false,,11.90,0.0298,true,1,1864237
7290110564414,false,חומוס אחלה הסידרה המובחר 30% טחינה 600 גר',מיוצר עי קונדיטוריית,IL,חומוס אחלה עשיר ב-30,גרמים,600.00,100 גרם,false,,14.90,0.0248,true,1,1873976
7290110564742,false,"משקה קפה קר בסגנון חזק 230 מ""ל 1.2% יוטבתה",האי נאם סי או אל.טי.,AT,משקה קפה קר בסגנון ח,מיליליטרים,230.00,"100 מ""ל",false,,7.90,0.0343,true,1,2256144
7290110564919,false,"דנונה יוגורט מעודן לל""ס 150 מ""ל",מיוצר עי קונדיטוריית,IL,דנונה מעודנת ללא סוכ,גרמים,150.00,100 גרם,false,,3.40,0.0227,true,1,2387501
7290110565435,false,ג'לי לימבו פטל חלבי שטראוס 125ג',STRAUSS-ISRAEL,,ג'לי בטעם פטל לימבו,גרמים,125.00,100 גרם,false,,2.00,0.0160,true,1,1840259
7290110565527,false,יוגורט PRO פרו 1.5% 20 גרם חלבון בגביע,"שטראוס בריאות בע""מ",IL,דנונה פרו 20 גרם חלב,גרמים,200.00,100 גרם,false,,5.90,0.0295,true,1,1813850
7290110565572,false,מנות אישיות קפה טורקי לדרך עם הל,שטראוס קפה בי.וי,IL,מארז קפה טורקי עם הל,גרמים,168.00,100 גרם,false,,17.90,0.1065,true,1,2362895
7290110566043,false,יוגורט 4.5% שומן 3 ל' שטראוס,"מחלבות בר בכפר בע""מ",IL,יוגורט כד 3 ליטר 4%,ליטרים,3.00,ליטר,false,,24.90,8.3000,true,1,1987900
7290110566623,false,קפסולות קולומביה עלית 08 למכונת נספרסו מארז 5X10ג',שטראוס קפה בי.וי,IL,קפסולות למכונות נספר,גרמים,50.00,100 גרם,false,,16.50,0.3300,true,1,2007897
7290110566975,false,דנונה פרו יוגורט 0% תות עשיר בחלבון 200ג',"שטראוס בריאות בע""מ",IL,דנונה פרו 20 גרם חלב,גרמים,200.00,100 גרם,false,,5.90,0.0295,true,1,1957723
7290110568238,false,"קצפת צמחית 21% שומן 250 מ""ל יוטבתה",מחלבת יטבתה,IL,קצפת צימחית 21% שומן,מיליליטרים,250.00,"100 מ""ל",false,,7.90,0.0316,true,1,2016455
7290110568276,false,משקה וניל פרו Pro מועשר בחלבון 1.5%,מילקוורק,DE,משקה יטבתה פרו בטעם,מיליליטרים,350.00,"100 מ""ל",false,,5.90,0.0169,true,1,1987901
7290110568511,false,קונפיטורה פירות יער במתיקות מעודנת 265 ג' יד מרדכי,קריות זול,FR,קונפיטורת פירות יער,גרמים,265.00,100 גרם,false,,12.90,0.0487,true,1,2280808
7290110568627,false,עלית - פסק זמן רול שוקולד חלב עם קרם אגוזים 26 גרם,STRAUSS-ISRAEL,,חטיף פסק זמן רול שוק,גרמים,48.00,100 גרם,false,,3.90,0.0812,true,1,2398535
7290110568924,false,עלית - פסק זמן רול שוקולד חלב עם קרם חלב וקוקוס 26 גרם,STRAUSS-ISRAEL,,חטיף פסק זמן רול שוק,גרמים,48.00,100 גרם,false,,3.90,0.0812,true,1,2398536
7290110570224,false,משקה קפה קר בטעם עוגיות 230ג' יוטבתה,אנסטל מילק kg,AT,משקה קפה קר בטעם עוג,מיליליטרים,230.00,"100 מ""ל",false,,7.90,0.0343,true,1,2527789
7290110570569,false,"פולי אספרסו עשירים וארומטיים עוצמה 08 1 ק""ג עלית",,,פולי אספרסו עלית 1 ק,גרמים,1000.00,100 גרם,false,,74.90,0.0749,true,1,2512513
7290110570576,false,פולי אספרסו עשירים וארומטיים עוצמה 10 500 ג' עלית,,,פולי אספרסו עלית 500,גרמים,500.00,100 גרם,false,,39.90,0.0798,true,1,2512521
7290110570880,false,פולי אספרסו עשירים וארומטיים עוצמה 14 250 ג' עלית,,,פולי אספרסו עלית 250,גרמים,250.00,100 גרם,false,,21.90,0.0876,true,1,2514570
7290110570897,false,"פולי אספרסו עשירים וארומטיים עוצמה 14 1 ק""ג עלית",,,פולי אספרסו עלית 1 ק,גרמים,1000.00,100 גרם,false,,74.90,0.0749,true,1,2514571
7290110571184,false,עדשים חומות טעם הטבע 380ג שטראוס,,,עדשים חומות טעם הטבע,גרמים,380.00,100 גרם,false,,6.90,0.0182,true,1,2528721
7290110571375,false,"אנרג'י מיקס תערובת צימוקים, תמרים, טופי ושברי פקאן",אנרג'י Energy - שטראוס,,אנרג'י מיקס צימוקים,גרמים,100.00,100 גרם,false,,15.90,0.1590,true,1,2528712
7290110571382,false,מעדן חלב בטעם וניל מעושר בחלבון 150 ג' שטראוס,"שטראוס בריאות בע""מ",IL,מעדן חלב דנונה פרו,גרמים,150.00,100 גרם,false,,4.90,0.0327,true,1,2512259
7290110571405,false,עלית - מיני פינוקיות בגביע פסק זמן 180 גרם,הגביע מוצרי ופלים בע,IL,מיני פינוקיות בגביע,גרמים,180.00,100 גרם,false,,9.90,0.0550,true,1,2539522
7290110571412,false,מיני פינוקיות - פאדג' שוקולד בגביע 180 גרם,הגביע מוצרי ופלים בע,IL,מיני פינוקיות בגביע,גרמים,180.00,100 גרם,false,,9.90,0.0550,true,1,2539523
7290110571535,false,מארז קפה טורקי הל 3*100 ג' עלית,שטראוס קפה בי.וי,IL,קפה טורקי + הל 100 ג,גרמים,300.00,100 גרם,false,,25.90,0.0863,true,1,2515358
7290110572129,false,כיף כף מקלות שוקולד לבן 40 ג' עלית,עלית,,חטיף כיף כף מקלות שו,גרמים,40.00,100 גרם,false,,4.90,0.1225,true,1,2539524
7290110572884,false,"קפסולות קפה מספר 20 למכונת אספרס אספרסו, 50 גרם",שטראוס קפה בי.וי.,IL,קפסולות למכונות נספר,גרמים,50.00,100 גרם,false,,16.50,0.3300,true,1,2539533
7290110572969,false,כיף כף פצפצים עקרם לבן 40ג' עלית,שולן צ'יקולטה גידה ס,TR,חטיף כיף כף פצפצים ק,גרמים,40.00,100 גרם,false,,4.90,0.1225,true,1,2528713
7290110572976,false,כיף כף פצפצים בגביע במילוי קרם בטעם שוקולד לבן,שולן צ'יקולטה גידה ס,TR,גביע פצפצים 135 גרם,גרמים,135.00,100 גרם,false,,8.90,0.0659,true,1,2528722
7290110574413,false,עלית - פופקורן בטעם טעמי 70 גרם,סראנו עבור שטראוס,קפריסין,פופקורן בטעם טעמי,גרמים,70.00,100 גרם,false,,6.90,0.0986,true,1,2540685
7290110574420,false,עלית - פופקורן בטעם פסק זמן 70 גרם,סראנו עבור שטראוס,קפריסין,פופקורן בטעם פסק זמן,גרמים,70.00,100 גרם,false,,6.90,0.0986,true,1,2540686
7290110576318,false,מאגדת שלישיית שוקולד אגוז לבן 300 ג' עלית,עלית,FR,מאגדת שלישיית אגוז ל,גרמים,300.00,100 גרם,false,,22.90,0.0763,true,1,2530961
7290110576356,false,"שוקולד ספלנדיד מריר 64% - חלבי , מפולי קקאו מפרו",קימ'ס גריפלנן,BE,שוקולד ספלנדיד מריר,גרמים,100.00,100 גרם,false,,8.90,0.0890,true,1,2527437
7290110576363,false,"שוקולד ספלנדיד מריר 80% חלבי ,פולי קקאו מאוגנדה",קימ'ס גריפלנן,BE,שוקולד ספלנדיד מריר,גרמים,100.00,100 גרם,false,,8.90,0.0890,true,1,2527438
7290110576370,false,מארז שלישייה שוקולד מריר חלבי עם אגוזי לוז,עלית,FR,מאגדת שלישיית אגוז מ,גרמים,300.00,100 גרם,false,,22.90,0.0763,true,1,2530962
7290110576387,false,מאגדת שלישיית שוקולד אגוז חלב 300 ג' עלית,עלית,FR,מאגדת שלישייה שוקולד,גרמים,300.00,100 גרם,false,,22.90,0.0763,true,1,2530963
7290110576752,false,טבלאות שוקולד ספלנדיד מריר 70% 100 ג' עלית,קימ'ס גריפלנן,BE,שוקולד ספלנדיד מריר,גרמים,100.00,100 גרם,false,,9.90,0.0990,true,1,2539525
7290110576776,false,טבלאות שוקולד ספלנדיד מריר 85% 100 ג' עלית,קימ'ס גריפלנן,BE,שוקולד ספלנדיד מריר,גרמים,100.00,100 גרם,false,,9.90,0.0990,true,1,2539526
7290110576790,false,סקי בטעם מוקה 125 ג' שטראוס,"שטראוס בריאות בע""מ",IL,סקי מוקה 125 גרם,גרמים,125.00,100 גרם,false,,3.70,0.0296,true,1,2543819
7290110576851,false,"גמדים לשתיה סלט פירות 8 יח' *100מ""ל",קריות זול,IL,מארז 8 משקה גמדים סל,גרמים,864.00,100 גרם,false,,14.90,0.0172,true,1,2543841
7290110576868,false,רבעיית גמדים סלט פירוט * 100 ג' שטראוס,קריות זול,IL,מארז 4 סופר גמדים סל,גרמים,400.00,100 גרם,false,,10.50,0.0263,true,1,2543842
7290110730109,false,נוטרילון קומפורט תרכובת מזון מגיל לידה,נוטרילון Nutrilon,,נוטרילון קומפורט חלב,גרמים,900.00,100 גרם,false,,99.90,0.1110,true,1,2007834
7290111091513,false,קוויק XLלניקוי שירותים ואמבטיה - בריח לוונדר 40 יח,קוויק,,מגבונים קוויק XL לאמ,יח',40.00,יח',false,,6.90,0.1725,true,1,1682510
7290111091520,false,"תחליב רחצה ד""ר עור קוקוס 700 מ""ל","ד""ר עור DOCTOR OR",,"תחליב רחצה 700 מ""ל ד",מיליליטרים,700.00,"100 מ""ל",false,,19.90,0.0284,true,1,2083992
7290111092985,false,מגב'וני ביביסיטר רבעיה מהדורה מעוצבת,,,מגבונים בייביסיטר פר,יח',288.00,יח',false,,19.90,0.0691,true,1,2520593
7290111093005,false,"I-CARE מג'להסרת איפור, 25 יח בפלופק",די פי אל,IL,מגבונים מסיר איפור I,יח',25.00,יח',false,,5.90,0.2360,true,1,2231625
7290111093760,false,מגבונים לניקוי רצפות בניחוח מרכך כביסה 10 יח' קוויק,,,קוויק מטליות לחות לנ,יח',10.00,יח',false,,9.90,0.9900,true,1,2529208
7290111093982,false,טרופיקל תחליב רחצה פסיפלורה ואינקה אינצ'י דר עור,,,"תחליב רחצה 700 מ""ל ד",מיליליטרים,700.00,"100 מ""ל",false,,19.90,0.0284,true,1,2529209
7290111094248,false,"קוויק שקית אשפה חזקה וגדולה במיוחד (90*78), 20 יח'",,,קוויק שקיות אשפה XL,יח',20.00,יח',false,,16.90,0.8450,true,1,2397908
7290111094361,false,קוויק שקיות אשפה XL עם ידית 20 יח' במארז,,,קוויק שקיות אשפה XL,יח',25.00,יח',false,,10.90,0.4360,true,1,2486673
7290111094392,false,"טרופיקל תחליב רחצה קוקוס וליים 700 מ""ל דר עור",,,"תחליב רחצה 700 מ""ל ד",מיליליטרים,700.00,"100 מ""ל",false,,19.90,0.0284,true,1,2529210
7290111094651,false,שקיות אשפה L עם ידית 40 יח' קוייק,,,קוויק שקיות אשפה L ע,יח',40.00,יח',false,,10.90,0.2725,true,1,2486674
7290111095818,false,"קוויק שקית אשפה חזקה במיוחד (65*54), 40 יח'",,,קוויק שקיות אשפה L,יח',40.00,יח',false,,16.90,0.4225,true,1,2397909
7290111096921,false,מגבונים לניקוי כללי קוויק חומץ ומלח לימון 50 יחי',,,מגבונים קוויק לניקוי,יח',50.00,יח',false,,7.90,0.1580,true,1,2478953
7290111340178,false,מטליות לחות ניקול לניקוי כללי בניחוח מרכך כביסה 50 יח',ניקול,,מטליות לחות חד פעמיו,יח',50.00,יח',false,,10.90,0.2180,true,1,2242876
7290111340185,false,מטליות לחות ניקול לניקוי רצפות בניחוח מרכך 10 יח',ניקול,,ניקול מטליות לחות לר,יח',10.00,יח',false,,10.90,1.0900,true,1,2242877
7290111340888,false,תחתוני דיפנד גברים M,,,תחתוני דיפנד גברים M,יח',10.00,יח',false,,52.90,5.2900,true,1,2113863
7290111340895,false,תחתוני דיפנד גברים L,,,תחתוני דיפנד גברים L,יחידה,0.00,יחידה,false,,54.90,0.0000,true,1,2113860
7290111340956,false,ניקול מטליות לחות לרצפה בניחוח פריחה לבנה,עלבד,,מטליות לחות לרצפה בנ,יח',10.00,יח',false,,11.90,1.1900,true,1,2427662
7290111342042,false,כריות יפניות לניקוי וקרצוף אנטיבקטריאלי,פלסטו פוליש,IL,כריות יפנית ניקול אנ,יח',4.00,יח',false,,10.90,2.7250,true,1,2403046
7290111342059,false,מטליות לחות לניקוי משטחים אנטיבקטריאלי,ניקול,IL,מטלית לחות לחיטוי מש,יח',50.00,יח',false,,11.90,0.2380,true,1,2403047
7290111342073,false,מטליות מקרופייבר למשטחים אנטיבקטריאלי ניקול,סנו,CN,מטלית מיקרופייבר למש,יח',2.00,יח',false,,15.90,7.9500,true,1,2403048
7290111342523,false,מפיות אירוח ניקול 100 יח',חוגלה קימברלי,,מפיות ניקול צבעוניות,יח',100.00,יח',false,,7.90,0.0790,true,1,2386634
7290111343759,false,תחתוני דיפנד נשים XL,,,תחתוני דיפנד נשים XL,יח',9.00,יח',false,,54.90,6.1000,true,1,2440634
7290111343797,false,מטליות לחות לניקוי חלונות 48 יח' ניקול,עלבד,IL,מטליות לחות לניקוי ח,יח',48.00,יח',false,,11.90,0.2479,true,1,2427674
7290111343827,false,ניקול מטליות רב שימו,UFO,IL,מטליות רב-שימושיות ל,יח',6.00,יח',false,,11.90,1.9833,true,1,2427675
7290111343841,false,ספוגית הקסם נירוסטה - מארז 3 יחידות,ניקול,CN,ספוגית הקסם נירוסטה,יח',3.00,יח',false,,12.90,4.3000,true,1,2427676
7290111343858,false,מטליות לחות לרצפה אנטיבקטריאלי 10 יחי',עלבד משואות יצחק,IL,מטליות לחות לניקוי ו,יח',10.00,יח',false,,13.90,1.3900,true,1,2427664
7290111344138,false,מטליות לחות אנטיבקטר,עלבד,IL,מטליות רב-שימושיות א,יח',6.00,יח',false,,12.90,2.1500,true,1,2427666
7290111344183,false,תחתוני דיפנד נשים M,,,תחתוני דיפנד נשים M,יח',10.00,יח',false,,54.90,5.4900,true,1,2440636
7290111344206,false,האגיס נטורל קר מגבונים לחים בבישום עדין רביעייה,חוגלה קימברלי,IL,מגבוני האגיס מארז 4,יח',256.00,יח',false,,22.90,0.0895,true,1,2489527
7290111344930,false,מטליות לחות לרצפה בניחוח מרכך כביסה 10 יח' ניקול,עלבד,,מטליות לחות לרצפה בנ,יח',10.00,יח',false,,11.90,1.1900,true,1,2492875
7290111345043,false,מטלית מיקרופייבר למש,,,מטלית מיקרופייבר למש,יח',2.00,יח',false,,14.90,7.4500,true,1,2492877
7290111345050,false,כרית מיקרופייבר לניקוי עדין,,,מטלית מיקרופייבר למש,יח',2.00,יח',false,,14.90,7.4500,true,1,2492878
7290111345821,false,נייר טואלט נטורל קר - מארז 16 גלילי ג'מבו,קימברלי,IL,גליל כפול לילי 16 גל,מטרים,552.00,מטר,false,,34.90,0.0632,true,1,2492879
7290111345999,false,מארז זוג מטליות לחות לריצפה ניחוח מרכך,,CN,זוג מטליות לחות לריצ,יחידה,0.00,יחידה,false,,19.90,0.0000,true,1,2510139
7290111346088,false,נייר טואלט מולט דו שכבתי 30 גל,חוגלה קימברלי,IL,נייר טואלט מולט 30 ג,מטרים,495.00,מטר,false,,29.90,0.0604,true,1,2546515
7290111346118,false,מגבוני האגיס לחים מהדורה בבישום עדין 56*4,,,מגבוני האגיס מהדורה,יח',256.00,יח',false,,22.90,0.0895,true,1,2528488
7290111346293,false,מגבת נייר ניקול שישייה מהדורת חג,קימברלי קלארק,IL,מגבות נייר ניקול *6,מטרים,59.20,מטר,false,,11.90,0.2010,true,1,2546516
7290111346347,false,מגבוני אף אוריגינל סופט חמישיה קלינקס,קימברלי,IL,ממחטות אף קלינקס חמי,יח',350.00,יח',false,,14.90,0.0426,true,1,2546509
7290111350092,false,מארז חטיפי לואקר המיטב 200 ג',לואקר Loacker,,מארז חטיפי לואקר 200,גרמים,200.00,100 גרם,false,,19.90,0.0995,true,1,1700645
7290111350665,false,דבש טהור לחיץ קליית,חקלאות עין חרוד מאוח,IL,דבש לחיץ 350 גרם,גרמים,350.00,100 גרם,false,,19.90,0.0569,true,1,2017513
7290111350672,false,דבש טהור קליית גת 700ג',חקלאות עין חרוד מאוח,IL,דבש בצנצנת 700 גרם,גרמים,700.00,100 גרם,false,,29.90,0.0427,true,1,2017514
7290111350719,false,נאצוס הופופ בטעם מסעדות 322ג',הוט פופ Hot pop,US,נאצ'וס חטיף תירס הוט,גרמים,322.00,100 גרם,false,,14.90,0.0463,true,1,2369500
7290111350740,false,הוט פופ קידס טבעי+מלח 500 ג' +5 גביעים,פופז בעמ,US,פופקורן עם מלח הוט פ,גרמים,500.00,100 גרם,false,,16.90,0.0338,true,1,2114883
7290111352430,false,ממרח תמרים טבעי קליי,"כד בני דרום בע""מ",IL,ממרח תמרים טבעי 440,גרמים,440.00,100 גרם,false,,9.90,0.0225,true,1,2423070
7290111352935,false,יוגטה סוכריות טופי ממולאות 600 גרם 3 טעמים,יוגטה yogueta,TR,סוכריות טופי יוגטה 6,גרמים,600.00,100 גרם,false,,24.90,0.0415,true,1,2411119
7290111352959,false,מקלות חמוצים ממולאות בטעם פירות,יוגטה yogueta,,מקלות חמוצים סוכריות,גרמים,100.00,100 גרם,false,,5.90,0.0590,true,1,2411121
7290111352966,false,יוגטה סוכריות ממולאות בטעם פירות 250 גרם ללא ג'לטין,סאדאט,TR,סוכריות ממולאות חמוצ,גרמים,250.00,100 גרם,false,,9.90,0.0396,true,1,2411122
7290111352973,false,יוגוטה קוביות חמוצות ממולאות בטעם פירות,יוגטה yogueta,TR,סוכריות גומי יוגטה ח,גרמים,250.00,100 גרם,false,,9.90,0.0396,true,1,2411123
7290111353093,false,"סוכריות טופי מקלות בטעמי פירות 600 גרם בד""ץ",טאייש,TR,סוכריות טופי בטעמי פ,גרמים,600.00,100 גרם,false,,24.90,0.0415,true,1,2438179
7290111353437,false,חטיף בטטה ומלח ים 120 גרם הוט פופ,קריות זול,,חטיף בטטה ומלח ים,גרמים,120.00,100 גרם,false,,14.90,0.1242,true,1,2436393
7290111353451,false,חטיף ירקות שורש ומלח ים 120 גרם הוט פופ,קריות זול,,חטיף ירקות שורש ומלח,גרמים,120.00,100 גרם,false,,14.90,0.1242,true,1,2436395
7290111353468,false,סוכריות טופי במילוי בטעם פירות 600 גר',,,סוכריות טופי יוגטה ב,גרמים,600.00,100 גרם,false,,24.90,0.0415,true,1,2438180
7290111353475,false,"שטיחים חמוצים בטעם פירות 200 גרם בד""ץ",סאאדת,TR,ממתק חמוץ בטעם פירות,גרמים,200.00,100 גרם,false,,7.90,0.0395,true,1,2438239
7290111353482,false,יוגטה סוכריות חמוצות ממלאות בטעמי פירות 200 ג',סאאדת,TR,סוכריות חמוצות ממולא,גרמים,200.00,100 גרם,false,,7.90,0.0395,true,1,2438240
7290111564239,false,שלגוני קראנץ' Crunch בטעם וניל - 5 יח',גלידות נסטלה (נגה גל,IL,מאגדת מיני קראנץ וני,גרמים,275.00,100 גרם,false,,29.90,0.1087,true,1,1878981
7290111564277,false,פריכיות דקות ונימוחות 3 דגנים פיטנס Fitness,פרח תעשיות,IL,פיטנס פריכיות 3 דגני,גרמים,120.00,100 גרם,false,,9.90,0.0825,true,1,1653346
7290111564291,false,פריכיות דקות ונימוחות 3 דגנים וקינואה פיטנס Fitness,פרח תעשיות,IL,פיטנס פריכיות דקות ק,גרמים,120.00,100 גרם,false,,9.90,0.0825,true,1,1653347
7290111564666,false,כדורי בשר צמחוניים עם המון חלבון,עיצובים 2020 (4.8),IL,כדורי בשר מן הצומח,גרמים,500.00,100 גרם,false,,29.90,0.0598,true,1,1841424
7290111565038,false,"לה קרמריה וניל קוקילידה בד""צ 1.4 ל'",המאפיה של הרמן,IL,גלידה ל'קרמריה קוקיל,ליטרים,1.40,ליטר,false,,20.90,14.9286,true,1,1940472
7290111566103,false,טבעול פלאפל מרכיבים ביתיים בלבד 590 ג',עיצובים 2020 (4.8),IL,פלאפל מרכיבים ביתיים,גרמים,590.00,100 גרם,false,,29.90,0.0507,true,1,1841425
7290111566127,false,מעדן אוראו קפוא בטעם וניל עם עוגיות בטעם שוקולד,ג'נרל מילס סאן אדריא,IT,מאגדת אוראו סנדביץ 6,גרמים,198.00,100 גרם,false,,24.90,0.1258,true,1,1878988
7290111566226,false,טבעול שניצל ברוקולי 667 גר',עיצובים 2020 (4.8),IL,שניצל ברוקולי,גרמים,667.00,100 גרם,false,,29.90,0.0448,true,1,1841426
7290111566240,false,טבעול שניצל דק בטעם צילי חריף 564 ג',עיצובים 2020 (4.8),IL,שניצל דק בטעם צילי ח,גרמים,564.00,100 גרם,false,,29.90,0.0530,true,1,1841427
7290111566271,false,טבעול חטיפי תירס 657 גר',עיצובים 2020 (4.8),IL,חטיפי תירס.,גרמים,657.00,100 גרם,false,,29.90,0.0455,true,1,1841428
7290111566318,false,טבעול שניצל דק מן הצומח 564 גר',עיצובים 2020 (4.8),IL,שניצל דק מן הצומח.,גרמים,564.00,100 גרם,false,,29.90,0.0530,true,1,1841429
7290111566332,false,טבעול נקניקיות וינר צמחוניות 680 גר',עיצובים 2020 (4.8),IL,נקניקיות וינר צמחוני,גרמים,680.00,100 גרם,false,,29.90,0.0440,true,1,1841430
7290111566417,false,טחון צמחוני עם המון חלבון,עיצובים 2020 (4.8),IL,טבעול טחון צמחוני,גרמים,500.00,100 גרם,false,,29.90,0.0598,true,1,1841458
7290111566547,false,טבעול חזה בגריל צמחוני 99 קלוריות 560ג',עיצובים 2020 (4.8),IL,חזה בגריל צמחוני,גרמים,560.00,100 גרם,false,,29.90,0.0534,true,1,1841460
7290111566561,false,טבעול שניצל ברוקולי 99 קלוריות 560גר',עיצובים 2020 (4.8),IL,שניצל ברוקלי 99 קלור,גרמים,560.00,100 גרם,false,,29.90,0.0534,true,1,1841461
7290111566585,false,טבעול שניצל צמחוני 99 קלוריות 650 גר',עיצובים 2020 (4.8),IL,שניצל צמחוני 99 קלור,גרמים,650.00,100 גרם,false,,29.90,0.0460,true,1,1841462
7290111566691,false,טבעול שניצל תרד 99 קלוריות 560 גר',עיצובים 2020 (4.8),IL,שניצל תרד 99 קלוריות,גרמים,560.00,100 גרם,false,,29.90,0.0534,true,1,1920864
7290111566714,false,טבעול המבורגר צמחוני 99 קלוריות 600 גר',עיצובים 2020 (4.8),IL,המבורגר צמחוני 99 קל,גרמים,600.00,100 גרם,false,,29.90,0.0498,true,1,1841463
7290111566752,false,טבעול שניצל תירס 99 קלוריות 693 גר',עיצובים 2020 (4.8),IL,שניצל תירס 99 קלוריו,גרמים,693.00,100 גרם,false,,29.90,0.0431,true,1,1841433
7290111566776,false,טבעול נקניקיות קוקטייל צמחוניות 680 גר',עיצובים 2020 (4.8),IL,נקניקיות קוקטייל צמח,גרמים,680.00,100 גרם,false,,29.90,0.0440,true,1,1841434
7290111568206,false,"מיקס ביסלי, אפרופו ופיצוחים מתובלים",פרו מן יו פתרונות אר,IL,ביסלי במבה מיקס 150,גרמים,150.00,100 גרם,false,,8.90,0.0593,true,1,1953072
7290111568251,false,אטריות נודלס להקפצה אסם אסייתי 350 גר',תאי פרזידנטפוד,TH,נודלס אטריות להקפצה,גרמים,350.00,100 גרם,false,,9.90,0.0283,true,1,1947588
7290111568275,false,אטריות נודלס אורז רחבות אסם אסייתי 300גרם,תאי פרזידנט,TH,נודלס אטריות אורז רח,גרמים,300.00,100 גרם,false,,9.90,0.0330,true,1,1947589
7290111568299,false,אטריות נודלס עם תרד אסם אסייתי 300 גר',אסם,,נודלס אטריות עם תרד,גרמים,300.00,100 גרם,false,,9.90,0.0330,true,1,1947590
7290111568466,false,רוטב אסייתי למוקפץ הסדרה האסייתית,אסיף תעשיות מזון בעמ,IL,רוטב אסייתי למוקפץ 2,מיליליטרים,290.00,"100 מ""ל",false,,12.90,0.0445,true,1,1947581
7290111568961,false,בייגלה טבעות מלח 400 ג' אסם,אסם,IL,בייגלה טבעות מלח 400,גרמים,400.00,100 גרם,false,,9.90,0.0248,true,1,1982792
7290111660689,false,צלחת 9 פרלה 10 יחידו,,,צלחת 9 פרלה 10 יחידו,יחידה,0.00,יחידה,false,,23.90,0.0000,true,1,1715645
7290111660948,false,מזלגות ענתיק - אר' 1,,,מזלגות ענתיק - אר' 1,יחידה,0.00,יחידה,false,,7.90,0.0000,true,1,1982949
7290111660955,false,סכינים ענתיק - אר' 1,,,סכינים ענתיק - אר' 1,יחידה,0.00,יחידה,false,,7.90,0.0000,true,1,1982950
7290111660962,false,כפות ענתיק- אר' 12,,,כפות ענתיק- אר' 12,יחידה,0.00,יחידה,false,,7.90,0.0000,true,1,1982951
7290111660979,false,כפיות ענתיק -אר' 12,,,כפיות ענתיק -אר' 12,יחידה,0.00,יחידה,false,,5.90,0.0000,true,1,1982952
7290111660993,false,כפות הגשה ענתיק,,,כפות הגשה ענתיק,יחידה,0.00,יחידה,false,,2.90,0.0000,true,1,1982953
7290111662010,false,כוס פסים- אר' 10,,,כוס פסים- אר' 10,יחידה,0.00,יחידה,false,,14.90,0.0000,true,1,1983005
7290111662638,false,תבניות עגולות בחבק -,,,תבניות עגולות בחבק -,יחידה,0.00,יחידה,false,,6.90,0.0000,true,1,1983029
7290111663260,false,כוס יין קריסטל ניצוצ,,,כוס יין קריסטל ניצוצ,יחידה,0.00,יחידה,false,,21.90,0.0000,true,1,2382698
7290111663277,false,כוס יין קריסטל ניצוצ,,,כוס יין קריסטל ניצוצ,יחידה,0.00,יחידה,false,,21.90,0.0000,true,1,2382699
7290111663833,false,מנג'ט מס' 3 כסף-אר',,,מנג'ט מס' 3 כסף-אר',יחידה,0.00,יחידה,false,,5.90,0.0000,true,1,2382702
7290111663840,false,מנג'ט מס' 3 זהב-אר',,,מנג'ט מס' 3 זהב-אר',יחידה,0.00,יחידה,false,,5.90,0.0000,true,1,2382703
7290111663857,false,מנג'ט מס' 4 כסף-אר',,,מנג'ט מס' 4 כסף-אר',יחידה,0.00,יחידה,false,,5.90,0.0000,true,1,2382704
7290111663864,false,מנג'ט מס' 4 זהב-אר',,,מנג'ט מס' 4 זהב-אר',יחידה,0.00,יחידה,false,,5.90,0.0000,true,1,2382705
7290111664052,false,כף ורסאי שקוף -אר' 1,,,כף ורסאי שקוף -אר' 1,יחידה,0.00,יחידה,false,,6.90,0.0000,true,1,2381657
7290111664069,false,כפית ורסאי שקוף -אר',,,כפית ורסאי שקוף -אר',יחידה,0.00,יחידה,false,,3.90,0.0000,true,1,2381658
7290111664076,false,מזלג ורסאי קרם -אר',,,מזלג ורסאי קרם -אר',יחידה,0.00,יחידה,false,,5.90,0.0000,true,1,2381659
7290111664106,false,כפית ורסאי קרם -אר',,,כפית ורסאי קרם -אר',יחידה,0.00,יחידה,false,,3.90,0.0000,true,1,2381662
7290111664113,false,מזלג ורסאי לבן -אר',,,מזלג ורסאי לבן -אר',יחידה,0.00,יחידה,false,,5.90,0.0000,true,1,2381663
7290111664137,false,כף ורסאי לבן -אר' 10,,,כף ורסאי לבן -אר' 10,יחידה,0.00,יחידה,false,,6.90,0.0000,true,1,2381665
7290111664151,false,מזלג ורסאי אפור -אר',,,מזלג ורסאי אפור -אר',יחידה,0.00,יחידה,false,,5.90,0.0000,true,1,2381667
7290111664168,false,סכין ורסאי אפור -אר',,,סכין ורסאי אפור -אר',יחידה,0.00,יחידה,false,,6.90,0.0000,true,1,2381668
7290111664175,false,כף ורסאי אפור -אר' 1,,,כף ורסאי אפור -אר' 1,יחידה,0.00,יחידה,false,,6.90,0.0000,true,1,2381669
7290111664182,false,כפית ורסאי אפור -אר',,,כפית ורסאי אפור -אר',יחידה,0.00,יחידה,false,,3.90,0.0000,true,1,2381670
7290111664199,false,מזלג ורסאי שחור -אר',,,מזלג ורסאי שחור -אר',יחידה,0.00,יחידה,false,,5.90,0.0000,true,1,2381671
7290111664205,false,סכין ורסאי שחור -אר',,,סכין ורסאי שחור -אר',יחידה,0.00,יחידה,false,,6.90,0.0000,true,1,2381672
7290111664212,false,כף ורסאי שחור -אר' 1,,,כף ורסאי שחור -אר' 1,יחידה,0.00,יחידה,false,,6.90,0.0000,true,1,2381673
7290111664229,false,כפית ורסאי שחור -אר',,,כפית ורסאי שחור -אר',יחידה,0.00,יחידה,false,,3.90,0.0000,true,1,2381674
7290111664441,false,כוסות יין קטנות פסים,,,כוסות יין קטנות פסים,יחידה,0.00,יחידה,false,,10.90,0.0000,true,1,2382713
7290111664885,false,תבניות אפייה עץ גדול,,,תבניות אפייה עץ גדול,יחידה,0.00,יחידה,false,,9.90,0.0000,true,1,2382732
7290111665028,false,קערות מרק דקל מרובעו,,,קערות מרק דקל מרובעו,יחידה,0.00,יחידה,false,,18.90,0.0000,true,1,2382741
7290111665158,false,סירות דקל בינוניות 2,,,סירות דקל בינוניות 2,יחידה,0.00,יחידה,false,,12.90,0.0000,true,1,2382742
7290111665240,false,מפיות נקודתיים כסף-א,,,מפיות נקודתיים כסף-א,יחידה,0.00,יחידה,false,,4.90,0.0000,true,1,2382745
7290111665264,false,מפיות נקודתיים טורקי,,,מפיות נקודתיים טורקי,יחידה,0.00,יחידה,false,,4.90,0.0000,true,1,2382747
7290111665271,false,מפיות נקודתיים ירוק,,,מפיות נקודתיים ירוק,יחידה,0.00,יחידה,false,,4.90,0.0000,true,1,2382748
7290111665417,false,מזלג ורסאי זהב -אר',,,מזלג ורסאי זהב -אר',יחידה,0.00,יחידה,false,,5.90,0.0000,true,1,2381676
7290111665424,false,סכין ורסאי זהב -אר',,,סכין ורסאי זהב -אר',יחידה,0.00,יחידה,false,,6.90,0.0000,true,1,2381677
7290111665448,false,כפית ורסאי זהב -אר',,,כפית ורסאי זהב -אר',יחידה,0.00,יחידה,false,,3.90,0.0000,true,1,2381679
7290111665455,false,מזלג ורסאי טורקיז -א,,,מזלג ורסאי טורקיז -א,יחידה,0.00,יחידה,false,,5.90,0.0000,true,1,2381680
7290111665462,false,סכין ורסאי טורקיז -א,,,סכין ורסאי טורקיז -א,יחידה,0.00,יחידה,false,,6.90,0.0000,true,1,2381681
7290111665479,false,כף ורסאי טורקיז -אר',,,כף ורסאי טורקיז -אר',יחידה,0.00,יחידה,false,,6.90,0.0000,true,1,2381682
7290111665486,false,כפית ורסאי טורקיז -א,,,כפית ורסאי טורקיז -א,יחידה,0.00,יחידה,false,,3.90,0.0000,true,1,2381683
7290111665493,false,מזלג ורסאי ורוד -אר',,,מזלג ורסאי ורוד -אר',יחידה,0.00,יחידה,false,,5.90,0.0000,true,1,2381684
7290111665509,false,סכין ורסאי ורוד -אר',,,סכין ורסאי ורוד -אר',יחידה,0.00,יחידה,false,,6.90,0.0000,true,1,2381685
7290111665516,false,כף ורסאי ורוד -אר' 1,,,כף ורסאי ורוד -אר' 1,יחידה,0.00,יחידה,false,,6.90,0.0000,true,1,2381686
7290111665523,false,כפית ורסאי ורוד -אר',,,כפית ורסאי ורוד -אר',יחידה,0.00,יחידה,false,,3.90,0.0000,true,1,2381687
7290111665554,false,כף ורסאי ניצוצות זהב,,,כף ורסאי ניצוצות זהב,יחידה,0.00,יחידה,false,,6.90,0.0000,true,1,2381690
7290111665615,false,כפית ורסאי ניצוצות כ,,,כפית ורסאי ניצוצות כ,יחידה,0.00,יחידה,false,,3.90,0.0000,true,1,2381694
7290111665943,false,מגש מלבן קנה סוכר-אר,,,מגש מלבן קנה סוכר-אר,יחידה,0.00,יחידה,false,,8.90,0.0000,true,1,2382770
7290111665950,false,מגש אובלי בינוני קנה,,,מגש אובלי בינוני קנה,יחידה,0.00,יחידה,false,,8.90,0.0000,true,1,2382771
7290111666230,false,"מגש עגול 30 ס""מ-דקל-",,,"מגש עגול 30 ס""מ-דקל-",יחידה,0.00,יחידה,false,,12.90,0.0000,true,1,2382778
7290111667084,false,כפיות מיני ורסאי זהב,,,כפיות מיני ורסאי זהב,יחידה,0.00,יחידה,false,,5.90,0.0000,true,1,2422805
7290111667091,false,כפיות מיני ורסאי לבן,,,כפיות מיני ורסאי לבן,יחידה,0.00,יחידה,false,,5.90,0.0000,true,1,2422806
7290111667138,false,כפיות מיני ורסאי כסף,,,כפיות מיני ורסאי כסף,יחידה,0.00,יחידה,false,,5.90,0.0000,true,1,2422810
7290111667367,false,קשים מעץ טבעי-אר' 8,,,קשים מעץ טבעי-אר' 8,יחידה,0.00,יחידה,false,,7.90,0.0000,true,1,2422811
7290111667541,false,קשים מנייר פסים צבעו,,,קשים מנייר פסים צבעו,יחידה,0.00,יחידה,false,,4.90,0.0000,true,1,2422817
7290111776380,false,זוג עצמות דחוסות טבע,,,זוג עצמות דחוסות טבע,יחידה,0.00,יחידה,false,,19.90,0.0000,true,1,2527616
7290111778056,false,שקיות לאיסוף צרכים 3,,,שקיות לאיסוף צרכים 3,יחידה,0.00,יחידה,false,,9.90,0.0000,true,1,2527626
7290111873041,false,אצבעות שוקולד ממולא בקרם חלב 50 ג'- מפרץ הרפתקאות,,,אצבעות שוקולד בקרם ח,יחידה,0.00,יחידה,false,,4.90,0.0000,true,1,2118049
7290111930898,false,פוף כוכבים גריל אמריקאי 40 גר',פוף POOF,IL,חטיף פוף כוכבים גריל,גרמים,40.00,100 גרם,false,,3.90,0.0975,true,1,1786588
7290111930904,false,פוף כוכבים בצל 40 גר',פוף POOF,IL,חטיף פוף כוכבים בצל,גרמים,40.00,100 גרם,false,,3.90,0.0975,true,1,1786589
7290111930911,false,פוף חטיף לבבות קלאסי 40 ג',פוף POOF,IL,חטיף פוף לבבות קלאסי,גרמים,40.00,100 גרם,false,,3.90,0.0975,true,1,1786547
7290111930928,false,פוף חטיף לבבות גריל 40 ג',פוף POOF,IL,חטיף פוף לבבות גריל,גרמים,40.00,100 גרם,false,,3.90,0.0975,true,1,1786590
7290111930935,false,פוף חטיף טבעות קלאסי 40 ג',פוף POOF,IL,חטיף פוף טבעות קלאסי,גרמים,40.00,100 גרם,false,,3.90,0.0975,true,1,1786591
7290111931321,false,"קולגייט מיניונים משחת שיניים ילדים 6+ 50 מ""ל",קולגייט Colgate,,משחת שיניים קולגייט,מיליליטרים,50.00,"100 מ""ל",false,,12.90,0.2580,true,1,1965634
7290111932502,false,"קולגייט משחת שיניים אופטיק וייט אקספרט 75 מ""ל",קולגייט Colgate,MX,משחת שינים קולגייט א,מיליליטרים,75.00,"100 מ""ל",false,,24.90,0.3320,true,1,2036995
7290111932717,false,בלונס מסיכת אשכוליות,,,מסכה לפנים אשכוליות,יח',1.00,יח',false,,9.90,9.9000,true,1,2463868
7290111932724,false,בלונס מסיכת פטל שחור,,,מסכה לפנים פטל שחור,יח',1.00,יח',false,,9.90,9.9000,true,1,2463869
7290111932748,false,"בלונס - קרם לחות רגיל יבש 50 מ""ל",,,"קרם לחות לפנים 50 מ""",מיליליטרים,50.00,"100 מ""ל",false,,17.90,0.3580,true,1,2473700
7290111932755,false,"בלונס - קרם ג'ל לחות לפנים 50 מ""ל",,,קרם ג'ל לחות לפנים 5,מיליליטרים,50.00,"100 מ""ל",false,,17.90,0.3580,true,1,2473701
7290111932786,false,"בלונס - ג'ל לניקוי הפנים רגיל יבש 250 מ""ל",,,ג'ל ניקוי לפנים רגיל,מיליליטרים,230.00,"100 מ""ל",false,,8.90,0.0387,true,1,2473687
7290111932823,false,"בלונס - קרם גוף במרקם מוס לבן 150 מ""ל",,,קרם גוף במרקם מוס בל,מיליליטרים,150.00,"100 מ""ל",false,,21.90,0.1460,true,1,2495316
7290111933554,false,עגבניות איטלקיות קוביות - מארז שלישיה,פראנו אנריקו ופיגלי,IT,עגבניות קוביות מארז,גרמים,1200.00,100 גרם,false,,15.90,0.0133,true,1,2086732
7290111933561,false,תערובת ציפוי נגטס 250 ג' מאסטר שף,טסט וסנט קו.לטד,TH,תערובת לציפוי נאגטס,גרמים,250.00,100 גרם,false,,9.90,0.0396,true,1,2347643
7290111933998,false,קוקי תבנית אינגליש עם נייר אפיה 4 יח',קוקי,,תבנית אינגליש עם ניי,יח',4.00,יח',false,,12.90,3.2250,true,1,2269971
7290111934018,false,"בלונס - קרם עיניים קלוגן 30 מ""ל",,,קרם עיניים קלוגן בלו,מיליליטרים,30.00,"100 מ""ל",false,,17.90,0.5967,true,1,2473707
7290111934827,false,"סבון ידיים היגיינה 300 מ""ל פלמוליב",פלמוליב Palmolive,TR,סבון ידיים פלמוליב 3,מיליליטרים,300.00,"100 מ""ל",false,,10.90,0.0363,true,1,2261804
7290111935527,false,"קולגייט זוג משחת שיניים טוטל קלין מינט 100 מ""ל",,,קולגייט טוטל קלין מי,מיליליטרים,200.00,"100 מ""ל",false,,24.90,0.1245,true,1,2230540
7290111935800,false,ליידי ספיד סטיק דרמה סטיק ויטמנין אי 45 גר',ליידי ספיד סטיק Lady Speed Stick,US,דאודורנט ליידי ספיד,גרמים,45.00,100 גרם,false,,17.90,0.3978,true,1,2347644
7290111935817,false,דאודורנט סטיק דרמה מכיל תמצית אם הפנינה,ליידי ספיד סטיק Lady Speed Stick,US,דאודורנט ליידי ספיד,גרמים,45.00,100 גרם,false,,17.90,0.3978,true,1,2371268
7290111935824,false,ליידי ספיד סטיק אומגה 3 דרמה סטיק 45 ג',CP UK,US,דאודורנט ליידי ספיד,גרמים,45.00,100 גרם,false,,17.90,0.3978,true,1,2371269
7290111935961,false,מאסטר שף מחית עגבניות 690 ג',קליסה,IT,מחית עגבניות מאסטר ש,גרמים,690.00,100 גרם,false,,9.90,0.0143,true,1,2363112
7290111935992,false,אטריות להקצפה מאסטר שף 350 ג',ליהאנג פוד,CN,איטריות להקפצה מאסטר,גרמים,350.00,100 גרם,false,,8.90,0.0254,true,1,2386842
7290111936203,false,"ליידי ספיד סטיק דרמה ספריי ויטמין אי 150 מ""ל",ליידי ספיד סטיק Lady Speed Stick,US,דאודורנט ספריי ליידי,מיליליטרים,150.00,"100 מ""ל",false,,14.90,0.0993,true,1,2347645
7290111936296,false,"פלמוליב - ג'ל רחצה ארומה מסאז' 750 מ""ל",קולגייט פלמוליב,TR,סבון נוזלי פלמוליב א,מיליליטרים,750.00,"100 מ""ל",false,,16.90,0.0225,true,1,2304625
7290111936487,false,"קולגייט זוג משחת שיניים טוטל קלין להלבנה 100 מ""ל",,,קולגייט טוטל הלבנה 1,מיליליטרים,200.00,"100 מ""ל",false,,24.90,0.1245,true,1,2230546
7290111936647,false,"משחת שיניים קולגייט מקס כחול 125 מ""ל*2 כשלפ",קולגייט פלמוליב,PL,מארז זוג קולגייט מקס,מיליליטרים,250.00,"100 מ""ל",false,,24.90,0.0996,true,1,2395200
7290111936784,false,"מארז פרי חטיפים 5 יח' כשל""פ תמרים ואגוזי לוז",טבעית מוצרים מן הטבע,IL,חטיף תמרים וגוזי לוז,גרמים,125.00,100 גרם,false,,15.90,0.1272,true,1,2249860
7290111937231,false,"מארז פרי חטיפים 5 יח' כשל""פ תמרים וקוקוס",טבעית מוצרים מן הטבע,IL,חטיף תמרים וקוקוס FR,גרמים,125.00,100 גרם,false,,15.90,0.1272,true,1,2249862
7290111937248,false,פרי מארז חטיפי 5יח תמרים קשיו ונגיעת לוז 125ג',הדקלאים אגודת שיתופי,IL,חטיף תמרים קשיו ונגי,גרמים,125.00,100 גרם,false,,15.90,0.1272,true,1,2249863
7290111937255,false,פרי מארז חטיפי 5יח תמרים בוטנים ואגוזי לוז 125ג',טבעית מוצרים מן הטבע,IL,חטיף תמרים בוטנים וא,גרמים,125.00,100 גרם,false,,15.90,0.1272,true,1,2249870
7290111937262,false,"פרי מארז חטיפי 5יח תמרים ,אגוזים ושברי קקאו 125גר",טבעית מוצרים מן הטבע,IL,חטיף תמרים אגוזים וש,גרמים,125.00,100 גרם,false,,15.90,0.1272,true,1,2249864
7290111937644,false,פצצת אמבט קוקוס לכל סוגי העור,בלונס Balloons,,פצצת אמבט קוקוס בלונ,יח',1.00,יח',false,,9.90,9.9000,true,1,2463860
7290111937668,false,פצצת אמבט תפוח לכל סוגי העור,בלונס Balloons,,פצצת אמבט תפוח בלונס,יח',1.00,יח',false,,9.90,9.9000,true,1,2463861
7290111937743,false,סרט ראש ארנב בלונס,,,סרט ראש ארנב בלונס,יחידה,0.00,יחידה,false,,9.90,0.0000,true,1,2464320
7290111938481,false,"רוטב סויה בהיר מאסטר שף 300 מ""ל",מאסטר שף,TH,רוטב סויה בהירה מאסט,מיליליטרים,300.00,"100 מ""ל",false,,9.90,0.0330,true,1,2402552
7290111938498,false,"מאסטר שף רוטב סויה בהירה 700 מ""ל",תאי סופרים,TH,"רוטב סויה 700מ""ל מאס",מיליליטרים,700.00,"100 מ""ל",false,,12.90,0.0184,true,1,2387489
7290111939136,false,קוקי נייר אפייה עגול קוטר 26,קוקי,IL,קוקי נייר אפייה עגול,יח',20.00,יח',false,,7.90,0.3950,true,1,2391937
7290111939143,false,קוקי נייר אפייה עגול קוטר 28,,IL,קוקי נייר אפייה עגול,יח',20.00,יח',false,,7.90,0.3950,true,1,2391938
7290111939174,false,קוקי כיסוי ניילון עם גומי מידה L,קוקי,,קוקי ניילון נצמד עם,יח',18.00,יח',false,,9.90,0.5500,true,1,2391924
7290111939181,false,כיסוי ניילון עם גומי במגוון גדלים,קוקי,CN,קוקי ניילון נצמד עם,יח',20.00,יח',false,,9.90,0.4950,true,1,2391925
7290111960901,false,לידרס צ'ויס חטיף ספא,,,לידרס צ'ויס חטיף ספא,יחידה,0.00,יחידה,false,,14.90,0.0000,true,1,2492991
7290111961021,false,לידר'ס צ'ויס חטיף פר,,,לידר'ס צ'ויס חטיף פר,יחידה,0.00,יחידה,false,,14.90,0.0000,true,1,2477837
7290111961076,false,לידר'ס צ'ויס חטיף פר,,,לידר'ס צ'ויס חטיף פר,יחידה,0.00,יחידה,false,,14.90,0.0000,true,1,2477839
7290111961106,false,לידר'ס צ'ויס חטיף מק,,,לידר'ס צ'ויס חטיף מק,יחידה,0.00,יחידה,false,,14.90,0.0000,true,1,2477841
7290111961113,false,לידר'ס צ'ויס חטיף נק,,,לידר'ס צ'ויס חטיף נק,יחידה,0.00,יחידה,false,,14.90,0.0000,true,1,2477842
7290111961168,false,לידר'ס צ'ויס חטיף רצ,,,לידר'ס צ'ויס חטיף רצ,יחידה,0.00,יחידה,false,,14.90,0.0000,true,1,2477844
7290111961939,false,צמח פדים חד פעמיים ל,,,צמח פדים חד פעמיים ל,יחידה,0.00,יחידה,false,,16.90,0.0000,true,1,2477845
7290111963872,false,אלפה דוג צמח חטיף שי,,,אלפה דוג צמח חטיף שי,יחידה,0.00,יחידה,false,,12.90,0.0000,true,1,2477847
7290111963902,false,אלפה דוג צמח חטיף מק,,,אלפה דוג צמח חטיף מק,יחידה,0.00,יחידה,false,,12.90,0.0000,true,1,2477848
7290111963926,false,אלפה דוג צמח חטיף מק,,,אלפה דוג צמח חטיף מק,יחידה,0.00,יחידה,false,,12.90,0.0000,true,1,2477849
7290111963933,false,אלפה דוג צמח חטיף מש,,,אלפה דוג צמח חטיף מש,יחידה,0.00,יחידה,false,,12.90,0.0000,true,1,2477850
7290111963988,false,אלפה דוג צמח חטיף פי,,,אלפה דוג צמח חטיף פי,יחידה,0.00,יחידה,false,,12.90,0.0000,true,1,2477854
7290111964008,false,אלפה דוג צמח חטיף שי,,,אלפה דוג צמח חטיף שי,יחידה,0.00,יחידה,false,,12.90,0.0000,true,1,2477856
7290111964060,false,אלפה דוג צמח חטיף סו,,,אלפה דוג צמח חטיף סו,יחידה,0.00,יחידה,false,,12.90,0.0000,true,1,2477859
7290112000057,false,ג'ל כביסה בתוספת קראטין,ווליט Woolite,,ווליט ג'ל גולד לשמיר,ליטרים,3.00,ליטר,false,,29.90,9.9667,true,1,1813724
7290112000132,false,מפזר אדים אוטומטי + מילוי בניחוח לבנדר ופריחת השקד,איירוויק Air Wick,,אירוויק מפיץ אדים קו,מיליליטרים,20.00,"100 מ""ל",false,,49.90,2.4950,true,1,2024943
7290112000156,false,"איירוויק מילוי מפיץ אדים אוטמטי לבנדר 20 מ""ל",איירוויק Air Wick,,אירוויק מילוי מפיץ א,מיליליטרים,20.00,"100 מ""ל",false,,19.90,0.9950,true,1,2024959
7290112000163,false,מילוי למפזר אדים בניחוח יסמין ואדמונית,איירוויק Air Wick,,אירוויק מילוי מפיץ א,מיליליטרים,20.00,"100 מ""ל",false,,19.90,0.9950,true,1,2024945
7290112000170,false,איירוויק מילוי מפיץ אדים אוטמטי פרש,איירוויק Air Wick,,אירוויק מילוי מפיץ א,מיליליטרים,20.00,"100 מ""ל",false,,19.90,0.9950,true,1,2024960
7290112000286,false,"סיליט באנג לשירותים לימון 750 מ""ל",סיליט באנג Cillit Bang,,גל אסלות סיליט באנג,מיליליטרים,750.00,"100 מ""ל",false,,9.90,0.0132,true,1,1874183
7290112000293,false,"סיליט באנג ג'ל לחיטוי וניקוי האסלה פרש, 750 מ""ל",סיליט באנג Cillit Bang,,גל אסלות סיליט באנג,מיליליטרים,750.00,"100 מ""ל",false,,9.90,0.0132,true,1,1874184
7290112000385,false,מנקה ומחטא עוצמתי למטבח ללא אקונומיקה,רקיט בנקיזר,PL,תרסיס למטבח דטול 750,מיליליטרים,750.00,"100 מ""ל",false,,14.90,0.0199,true,1,2109525
7290112000392,false,מנקה ומחטא עוצמתי לחדר האמבטיה ללא אקונומיקה,דטול Dettol,,תרסיס לאמבטיה דטול 7,מיליליטרים,750.00,"100 מ""ל",false,,14.90,0.0199,true,1,2110665
7290112000408,false,מנקה ומחטא עוצמתי לניקוי כללי בניחוח לימון,רקיט בנקיזר,PL,תרסיס דטול לניקוי כל,מיליליטרים,750.00,"100 מ""ל",false,,14.90,0.0199,true,1,2109513
7290112000736,false,טבליות למדיח Power All In One,פיניש Finish,,פיניש 80 טבליות AIO,יח',80.00,יח',false,,54.90,0.6862,true,1,2024948
7290112000798,false,"דיטול תרסיסי חיטוי וניקוי אנטי בקטריאלי 750 מ""ל",רקיט בנקיזר,PL,תרסיס דטול לניקוי וח,מיליליטרים,750.00,"100 מ""ל",false,,14.90,0.0199,true,1,2110666
7290112000828,false,דטול - מגבונים חיטוי וניקוי אנטי בקטריאלי 60 יח',דטול Dettol,,דטול מגבונים לניקוי,יח',60.00,יח',false,,9.90,0.1650,true,1,2110667
7290112000842,false,דטול מגבונים לניקוי כללי בניחות לימון 60 יח',דטול Dettol,,דטול מגבונים לניקוי,יח',60.00,יח',false,,9.90,0.1650,true,1,2109519
7290112000873,false,מטליות לחות לחדר האמבטיה מנקה ומחטא עוצמתי,דטול Dettol,,דטול מגבונים לאמבטיה,יח',60.00,יח',false,,9.90,0.1650,true,1,2110668
7290112000880,false,מטליות לחות למטבח מנקה ומחטא עוצמתי,דטול Dettol,,דטול מגבונים למטבח 6,יח',60.00,יח',false,,9.90,0.1650,true,1,2109526
7290112001016,false,"אירוויק פרשמטיק מכשיר אוטמטי ומלוי בניחוח תענוגות האביב 250 מ""ל",,,מבשם אויר מכשיר אוטו,מיליליטרים,250.00,"100 מ""ל",false,,39.90,0.1596,true,1,2110678
7290112001023,false,"אירוויק ספרי אוטמטי מילוי תענוגות האביב 250 מ""ל",איירוויק Air Wick,,מילוי מבשם אויר אוטו,מיליליטרים,250.00,"100 מ""ל",false,,19.90,0.0796,true,1,2110679
7290112001030,false,"אירוויק ספרי אוטמטי מילוי פריחת הדובדבן 250 מ""ל",איירוויק Air Wick,,מילוי מבשם אויר אוטו,מיליליטרים,250.00,"100 מ""ל",false,,19.90,0.0796,true,1,2110680
7290112001221,false,מנקה מכונת כביסה בניחוח נקי ורענן,קולון Colon,,קולון מנקה למכונת כב,מיליליטרים,250.00,"100 מ""ל",false,,14.90,0.0596,true,1,2110681
7290112001238,false,מנקה מכונת כביסה בניחוח לימון,קולון Colon,,קולון מנקה למכונת כב,מיליליטרים,250.00,"100 מ""ל",false,,14.90,0.0596,true,1,2110682
7290112001436,false,"פיניש מנקה ומחדש בניחוח לימון 250 מ""ל",רקיט בנקיזר,PL,מנקה מדיח כלים 250 מ,מיליליטרים,250.00,"100 מ""ל",false,,14.90,0.0596,true,1,2379318
7290112001870,false,"סיליט באנג ספריי ניקוי אמבטיה 750 מ""ל",רקיט בנקיזר,PL,סיליט באנג לאמבטיות,מיליליטרים,750.00,"100 מ""ל",false,,14.90,0.0199,true,1,2374679
7290112001900,false,ג'ל למדיח כלים אקולוגי פיניש,פיניש Finish,,פיניש ג'ל 1 ליטר אקו,ליטרים,1.00,ליטר,false,,42.90,42.9000,true,1,2374680
7290112002099,false,ג'ל כביסה מרוכז קולון 101 קלאסי,רקיט בנקיזר,IL,ג'ל קולון 2.5 ליטר ר,ליטרים,2.50,ליטר,false,,24.90,9.9600,true,1,2379099
7290112002105,false,ג'ל כביסה מרוכז קולון 101 בניחוח לילך,זוהר דליה,IL,ג'ל קולון 2.5 ליטר מ,ליטרים,2.50,ליטר,false,,24.90,9.9600,true,1,2379100
7290112002112,false,ג'ל כביסה מרוכז קולון 101 בניחוח ורדים,רקיט בנקיזר,IL,ג'ל קולון 2.5 ליטר ב,ליטרים,2.50,ליטר,false,,24.90,9.9600,true,1,2379101
7290112002136,false,ג'ל כביסה מרוכז קולון 101 קלאסי,רקיט בנקיזר,IL,קולון ג'ל 4 ליטר רגי,ליטרים,4.00,ליטר,false,,34.90,8.7250,true,1,2379103
7290112002143,false,ג'ל כביסה מרוכז קולון 101 בניחוח לילך,רקיט בנקיזר,IL,קולון ג'ל 4 ליטר ליל,ליטרים,4.00,ליטר,false,,34.90,8.7250,true,1,2379104
7290112002150,false,ג'ל כביסה מרוכז קולון 101 בניחוח ורדים,קולון Colon,,קולון ג'ל 4 ליטר בני,ליטרים,4.00,ליטר,false,,34.90,8.7250,true,1,2379105
7290112002167,false,ג'ל כביסה מרוכז קולון 101 בניחוח פריחה מרענן,קולון Colon,,קולון ג'ל 4 ליטר בני,ליטרים,4.00,ליטר,false,,34.90,8.7250,true,1,2379106
7290112002259,false,"איירוויק פחית ג'ל בניחוח מרענן, 70 גרם",Unknown,,מטהר אוויר איירויק פ,גרמים,70.00,100 גרם,false,,7.90,0.1129,true,1,2411542
7290112002457,false,דטול - שלישיית מגבונים לניקוי וחיטוי בניחוח לימון,רקיט בנקיזר,PL,דטול מגבונים לניקוי,יח',180.00,יח',false,,21.90,0.1217,true,1,2391932
7290112002983,false,"סיליט באנג ספריי ניקוי כללי 750מ""ל",,,ספריי לניקוי כללי סי,מיליליטרים,750.00,"100 מ""ל",false,,19.90,0.0265,true,1,2412908
7290112002990,false,"סיליט באנג ספריי מסיר שומנים טבעי 750 מ""ל",,,ספריי לניקוי כללי סי,מיליליטרים,750.00,"100 מ""ל",false,,19.90,0.0265,true,1,2412909
7290112003249,false,אבקת כביסה בניחוח מאסק קולון 5 ק''ג,,,"אבקת כביסה 5 ק""ג קול",קילוגרמים,5.00,"ק""ג",false,,39.90,7.9800,true,1,2412895
7290112003461,false,"מקלות ריחניים ורדים אירוויק 80 מ""ל",,,מקלות ריחניים ורדים,מיליליטרים,80.00,"100 מ""ל",false,,24.90,0.3112,true,1,2437708
7290112003508,false,"איירוויק ספריי נטול גז יער ועשבי בר 236 מ""ל",,,מבשם אויר ספריי אירו,מיליליטרים,236.00,"100 מ""ל",false,,19.90,0.0843,true,1,2437717
7290112003522,false,איירוויק נר ריחני אננס ורוזמרין 205 גר',,,נר ריחני אירוויק אנ,גרמים,205.00,100 גרם,false,,24.90,0.1215,true,1,2437709
7290112003553,false,איירוויק נר ריחני יער ועשבי בר 205 גר',,,נר ריחני אירוויק יע,גרמים,205.00,100 גרם,false,,24.90,0.1215,true,1,2437700
7290112003843,false,ג'ל למניעת אבנית אנט,,,ג'ל למניעת אבנית אנט,מיליליטרים,750.00,"100 מ""ל",false,,27.90,0.0372,true,1,2461772
7290112004024,false,ג'ל מסיר כתמים לכביסה לבנה וניש אוקסי אקשן,קליה וניש Kalia Vanish,,"וניש גולד ג'ל 940 מ""",מיליליטרים,940.00,"100 מ""ל",false,,24.90,0.0265,true,1,2490324
7290112004031,false,ג'ל מסיר כתמים לכביסה צבעונית וניש אוקסי אקשן,קליה וניש Kalia Vanish,,"וניש גולד ג'ל 940 מ""",מיליליטרים,940.00,"100 מ""ל",false,,24.90,0.0265,true,1,2490325
7290112004109,false,מטליות לחות לניקוי כללי וחיטוי בריח ליים ונענע- מארז,רקיט בנקיזר,PL,דטול מגבונים לניקוי,יח',180.00,יח',false,,21.90,0.1217,true,1,2432892
7290112004154,false,מבשם אויר מכשיר אוטו,,,מבשם אויר מכשיר אוטו,מיליליטרים,250.00,"100 מ""ל",false,,39.90,0.1596,true,1,2436207
7290112004161,false,"ספריי אוטמטי מילוי בניחוח סנטורל 250 מ""ל אירוויק",,,מילוי מבשם אויר אוטו,מיליליטרים,250.00,"100 מ""ל",false,,19.90,0.0796,true,1,2436208
7290112004192,false,טבליות פיניש אקולוגי,רקיט בנקיזר,PL,טבליות אקולוגי למדיח,יח',70.00,יח',false,,49.90,0.7129,true,1,2488949
7290112004208,false,טבליות למדיח בניחוח לימון 50 יח' פיניש,,,פיניש 50 טבליות לימו,יח',50.00,יח',false,,39.90,0.7980,true,1,2470809
7290112004314,false,"דטול - תרסיס חיטוי וניקוי בניחוח לימון רימונים 750 מ""ל",,,תרסיס למטבח דטול רימ,מיליליטרים,750.00,"100 מ""ל",false,,14.90,0.0199,true,1,2470741
7290112004321,false,מגבונים לניקוי כללי בניחוח רימונים וליים 60 יח' דטול,,,דטול מגבונים למטבח ב,יח',60.00,יח',false,,9.90,0.1650,true,1,2470742
7290112004413,false,"אבקה מסיר כתמים לכביסה לבנה 750 מ""ל וניש",רקיט בנקיזר,PL,וניש ספריי לבן 750 מ,מיליליטרים,750.00,"100 מ""ל",false,,19.90,0.0265,true,1,2508231
7290112004451,false,מחטא כביסה דטול אנטיבקטריאלי ספורט,דטול Dettol,,מחטא כביסה דטול לספו,ליטרים,1.50,ליטר,false,,14.90,9.9333,true,1,2491750
7290112004468,false,דטול - מחטא כביסה לכותנה 1.50 ליטר,,,מחטא כביסה דטול לכות,ליטרים,1.50,ליטר,false,,14.90,9.9333,true,1,2491751
7290112004604,false,דטול - שלישיית מגבונים לניקוי וחיטוי בניחוח לימון רימונים,,,דטול מגבונים לניקוי,יח',180.00,יח',false,,21.90,0.1217,true,1,2470743
7290112004611,false,"וניש קליה ג'ל מרוכז לטיפול נקודתי בכתמים 200 מ""ל",רקיט בנקיזר,PT,ג'ל מרוכז להסרת כתמי,מיליליטרים,200.00,"100 מ""ל",false,,16.90,0.0845,true,1,2508232
7290112004703,false,ג'ל וניש שקוף לכביסה צבעונית ועדינה 750מל',,,ג'ל וניש ג'ליסימו 75,מיליליטרים,750.00,"100 מ""ל",false,,19.90,0.0265,true,1,2543015
7290112004710,false,"ג'ל וניש שקוף לכביסה לבנה ועדינה 750 מ""ל",,,ג'ל וניש ג'ליסימו 75,מיליליטרים,750.00,"100 מ""ל",false,,19.90,0.0265,true,1,2543016
7290112004772,false,"מילוי למכשיר חשמל ניחוח כביסה, 19 מ""ל",,,מילוי מבשם אויר חשמל,מיליליטרים,19.00,"100 מ""ל",false,,14.90,0.7842,true,1,2521407
7290112004963,false,"פיניש אולטימייט קפסולות לניקוי כלים במדיח, 25 יחידות",רקיט בנקיזר,PL,טבליות למדיח כלים 25,יח',25.00,יח',false,,39.90,1.5960,true,1,2529096
7290112004970,false,פיניש אולטימייט 50 קפסולות גיל,,,טבליות למדיח כלים 50,יח',50.00,יח',false,,54.90,1.0980,true,1,2529097
7290112005045,false,וניש תוסף כביסה רב תכליתי לבגדים לבנים,קליה וניש Kalia Vanish,IT,וניש אבקה לכביסה לבנ,גרמים,480.00,100 גרם,false,,16.90,0.0352,true,1,2529084
7290112005052,false,וניש תוסף כביסה רב תכליתי לבגדים לבנים,קליה וניש Kalia Vanish,IT,וניש אבקה לכביסה לבנ,קילוגרמים,1.50,"ק""ג",false,,34.90,23.2667,true,1,2529085
7290112005076,false,וניש תוסף כביסה רב תכליתי לכביסה צבעונית,קליה וניש Kalia Vanish,IT,וניש אבקה לכביסה צבע,גרמים,480.00,100 גרם,false,,16.90,0.0352,true,1,2529086
7290112005083,false,וניש תוסף כביסה רב תכליתי לכביסה צבעונית,קליה וניש Kalia Vanish,IT,וניש אבקה לכביסה צבע,קילוגרמים,1.50,"ק""ג",false,,34.90,23.2667,true,1,2529087
7290112005168,false,קפסולות ג'יל לימון קואנטום 60 יח' פיניש,רקיט בנקיזר,PL,טבליות למדיח כלים 60,יח',60.00,יח',false,,54.90,0.9150,true,1,2529098
7290112192158,false,"ניוקי תפו""א ללא גלוט",,,"ניוקי תפו""א ללא גלוט",גרמים,500.00,100 גרם,false,,9.90,0.0198,true,1,2372648
7290112192295,false,עוגיות סנדויץ במילוי ללא גלוטן 200 ג',,,עוגיות סנדויץ שוקולד,גרמים,200.00,100 גרם,false,,18.90,0.0945,true,1,2146170
7290112192561,false,משחת שיניים whitening עם פלואוריד להגנה מלאה,פרודונטקס Parodontax,,משחת שיניים הגנה מלא,מיליליטרים,75.00,"100 מ""ל",false,,29.90,0.3987,true,1,2378540
7290112192578,false,משחת שיניים פרודונטקס אקסטרה פרש הגנה מלאה,פרודונטקס Parodontax,,משחת שיניים הגנה מלא,מיליליטרים,75.00,"100 מ""ל",false,,29.90,0.3987,true,1,2378541
7290112192585,false,פרודונטקס מברשת שיניים הגנה מלאה Soft,,,מברשת שיניים הגנה מל,מיליליטרים,75.00,"100 מ""ל",false,,29.90,0.3987,true,1,2378542
7290112192875,false,"סנסודיין - משחת שיניים רגישות וחניכיים 75 מ""ל",סנסודיין Sensodyne,,סנסודיין משחת שיניים,מיליליטרים,75.00,"100 מ""ל",false,,29.90,0.3987,true,1,2383862
7290112192882,false,"סנסודיין - משחת שיניים רגישות וחניכיים מלבינה 75 מ""ל",ג'י.אס.קיי קונסיומר,DE,סנסודיין משחת שיניים,מיליליטרים,75.00,"100 מ""ל",false,,29.90,0.3987,true,1,2383863
7290112192905,false,מברשת לשיניים רגישות ובעיות חניכיים סנסודיין,סנסודיין Sensodyne,DE,סנסודיין מברשת רגישו,יחידה,0.00,יחידה,false,,24.90,0.0000,true,1,2383872
7290112192943,false,"ספירה אנתוש אלוורה 50 מ""ל",ספירה Spira,,דוחה יתושים ספירה,מיליליטרים,70.00,"100 מ""ל",false,,11.90,0.1700,true,1,2406523
7290112192998,false,"סטייל - קרם לחות לשיער מקורזל 400 מ""ל",,,סטייל קרם לחות לשיער,מיליליטרים,400.00,"100 מ""ל",false,,32.90,0.0822,true,1,2543473
7290112193292,false,"סטייל - מתולתלות מסכה לטיפול עמוק 500 מ""ל",,,סטייל מסכה מתולתלת,מיליליטרים,500.00,"100 מ""ל",false,,32.90,0.0658,true,1,2414501
7290112193308,false,"סטייל - מתולתלות גלייז מעצב ומאיץ ברק לשיער 400 מ""ל",,,סטייל גלייז מתולתלת,מיליליטרים,400.00,"100 מ""ל",false,,32.90,0.0822,true,1,2414502
7290112193315,false,"סטייל - מתולתלות קרם לחות להורדת פריז 400 מ""ל",,,סטייל קרם לחות מתולת,מיליליטרים,400.00,"100 מ""ל",false,,32.90,0.0822,true,1,2414503
7290112193582,false,תערובת לעוגה בטעם שוקולד 500גר' GFREE,,,תערובת לעוגה,גרמים,480.00,100 גרם,false,,16.90,0.0352,true,1,2397299
7290112193889,false,"סטייל - אל סבון ארומטי שחור 500 מ""ל",,,אל סבון ארומטי משאבה,מיליליטרים,500.00,"100 מ""ל",false,,8.90,0.0178,true,1,2449113
7290112194251,false,איטריות ביצים קונכיות 400 ג',,,אטריות ביצים קונכיות,גרמים,400.00,100 גרם,false,,9.90,0.0248,true,1,2385214
7290112195227,false,איטריות ביצים דקיקות,,,איטריות ביצים דקיקות,גרמים,500.00,100 גרם,false,,13.90,0.0278,true,1,2449219
7290112197061,false,"סטייל - תחליב רחצה לניקוי וטיפוח הידיים ארגן 500 מ""ל",,,תחליב רחצה לידיים אר,מיליליטרים,500.00,"100 מ""ל",false,,11.90,0.0238,true,1,2518671
7290112197078,false,"סטייל - תחליב רחצה לניקוי וטיפוח הידיים חמאת שיאה 500 מ""ל",,,תחליב רחצה לידיים חמ,מיליליטרים,500.00,"100 מ""ל",false,,11.90,0.0238,true,1,2518672
7290112197122,false,"סטייל - סבון ידיים ירוק 500 מ""ל חדש",,,אל סבון ארומטי משאבה,מיליליטרים,500.00,"100 מ""ל",false,,8.90,0.0178,true,1,2535932
7290112197139,false,"סטייל - סבון ידיים אדום 500 מ""ל חדש",,,אל סבון ארומטי משאבה,מיליליטרים,500.00,"100 מ""ל",false,,8.90,0.0178,true,1,2535933
7290112197177,false,דגני בוקר במילוי קרם בטעם נוגט ללא גלוטן 375 ג' G FREE,,,דגני בוקר במילוי קר,גרמים,375.00,100 גרם,false,,21.90,0.0584,true,1,2509973
7290112197184,false,דגני בוקר במילוי קרם קרמל מלוח ללא גלוטן 375 ג' G FREE,,,דגני בוקר במילוי קר,גרמים,375.00,100 גרם,false,,21.90,0.0584,true,1,2509974
7290112197191,false,דגני בוקר כהים במילוי קרם וניל ללא גלוטן 375 ג' G FREE,,,דגני בוקר כהים במיל,גרמים,375.00,100 גרם,false,,21.90,0.0584,true,1,2509975
7290112197207,false,דגני בוקר מיני כריו,,,דגני בוקר מיני כריו,גרמים,65.00,100 גרם,false,,7.90,0.1215,true,1,2509981
7290112330352,false,"יוגורט PRO בטעם וניל 0% , 20 גרם חלבון בגביע","שטראוס בריאות בע""מ",IL,דנונה פרו 20 גרם חלב,גרמים,200.00,100 גרם,false,,5.90,0.0295,true,1,2304726
7290112330390,false,יוגורט PRO בטעם פירות יער 0% 20 גרם חלבון בגביע,"שטראוס בריאות בע""מ",IL,דנונה פרו 20 גרם חלב,גרמים,200.00,100 גרם,false,,5.90,0.0295,true,1,2304727
7290112330420,false,דנונה פרו לבן 2.9% שומן 150 ג',מיוצר עי קונדיטוריית,IL,דנונה פרו לבן 2.9% ש,גרמים,150.00,100 גרם,false,,4.40,0.0293,true,1,2235863
7290112332585,false,"פריכיות תפו""א, אורז בתיבול סלק ומלח חי 30 גר'","פרח תעשיו מזון בע""מ",IL,פירכיות משולשות בתיב,גרמים,30.00,100 גרם,false,,4.90,0.1633,true,1,2344634
7290112332691,false,עוגיות קרם אגוזים פסק זמן 200 ג' עלית,הגביע מוצרי ופלים בע,IL,פינוקיות עוגיית קרם,גרמים,200.00,100 גרם,false,,9.90,0.0495,true,1,2362898
7290112332899,false,עלית - צנצנת בזוקה פופים קלאסי 58 גרם,רוג'ר אנד רוג'ר,DE,קופסאת מסטיק בזוקה פ,גרמים,58.00,100 גרם,false,,8.90,0.1534,true,1,2344605
7290112334305,false,סלט כרובית בטחינה אחלה 330 ג',STRAUSS-ISRAEL,IL,סלט כרובית בטחינה אח,גרמים,330.00,100 גרם,false,,13.90,0.0421,true,1,2186794
7290112335487,false,פריכיות טעימות קצח ודגנים 135 ג' שטראוס,אנרג'י Energy - שטראוס,IL,הפירכיות הטעימות קצח,גרמים,135.00,100 גרם,false,,11.90,0.0881,true,1,2344607
7290112335494,false,הפריכיות הטעימות תפוחי אדמה בטעם פוטטוס,"פרח תעשיות מזון בע""מ",IL,הפירכיות הטעימות פוט,גרמים,135.00,100 גרם,false,,11.90,0.0881,true,1,2366393
7290112335500,false,"הפריכיות הטעימות חומוס, אורז, עדשים שחורות וקינואה",אנרג'י Energy - שטראוס,IL,הפירכיות הטעימות חלב,גרמים,135.00,100 גרם,false,,11.90,0.0881,true,1,2344635
7290112336637,false,סוכריות מאסט Must ללא סוכר יוגורט תות ואוכניות,MIESZKO S.A - MS. JO,PL,סוכריות מאסט ללא סוכ,גרמים,80.00,100 גרם,false,,7.90,0.0988,true,1,2377430
7290112336644,false,סוכריות מאסט ללא סוכר לימון 80 ג' עלית,MIESZKO S.A - MS. JO,PL,סוכריות מאסט ללא סוכ,גרמים,80.00,100 גרם,false,,7.90,0.0988,true,1,2377431
7290112336651,false,סוכריות מאסט ללא סוכר ריבת חלב 80 ג' עלית,MIESZKO S.A - MS. JO,PL,סוכריות מאסט ללא סוכ,גרמים,80.00,100 גרם,false,,7.90,0.0988,true,1,2377432
7290112336712,false,יוגורט PRO לבן 0% 21 גרם חלבון בגביע,"שטראוס בריאות בע""מ",IL,דנונה פרו 21 גרם חלב,גרמים,200.00,100 גרם,false,,5.90,0.0295,true,1,2255110
7290112337474,false,סוכריות מאסט ללא סוכר פטל לימון 80 ג' עלית,MIESZKO S.A - MS. JO,PL,סוכריות מאסט ללא סוכ,גרמים,80.00,100 גרם,false,,7.90,0.0988,true,1,2377433
7290112337481,false,סוכריות מאסט ללא סוכר קפצ''ינו 80 ג' עלית,MIESZKO S.A - MS. JO,PL,סוכריות מאסט ללא סוכ,גרמים,80.00,100 גרם,false,,7.90,0.0988,true,1,2377434
7290112338877,false,מעדן גבינה בטעם תות 3% 125ג' סקי,"שטראוס בריאות בע""מ",IL,סקי תות 3% 125 גרם,גרמים,125.00,100 גרם,false,,3.70,0.0296,true,1,2186796
7290112339171,false,מעדן מילקי מוס שוקול,מיוצר עי קונדיטוריית,IL,מילקי מוס,גרמים,81.00,100 גרם,false,,3.20,0.0395,true,1,2186798
7290112339362,false,דנונה לייט אנד פריי בטעם קפוצינו 150 גר',דנונה - שטראוס,IL,דנונה לייט אנד פרי ב,גרמים,150.00,100 גרם,false,,4.50,0.0300,true,1,2380128
7290112339867,false,גמדים לדרך גבינה לבנה עם מחית תות,שטראוס,IL,גמדים סקוויז לדרך בו,גרמים,100.00,100 גרם,false,,5.50,0.0550,true,1,2255411
7290112339874,false,גמדים לדרך גבינה לבנה עם מחיות תות ובננה,שטראוס,IL,גמדים סקוויז לדרך בו,גרמים,100.00,100 גרם,false,,5.50,0.0550,true,1,2255410
7290112340122,false,הפריכיות הטעימות 3 דגנים 135 גרם.,אנרג'י Energy - שטראוס,IL,הפירכיות הטעימות 3 ד,גרמים,135.00,100 גרם,false,,11.90,0.0881,true,1,2344612
7290112340245,false,צנצנת מסטיק מאסט בטעם דובדבן 66 ג' עלית,"שטראוס גרופ בע""מ",IL,קופסאת מסטיק מאסט בט,גרמים,66.00,100 גרם,false,,8.90,0.1348,true,1,2280814
7290112340276,false,עוגיות קרם קפה נמס 200 ג' עלית,הגביע מוצרי ופלים בע,IL,עוגיית קרם קפה נמס,גרמים,200.00,100 גרם,false,,9.90,0.0495,true,1,2362900
7290112340900,false,קפה טורקי נטול קפאין,הנסיך- מפעל לייצור ט,IL,קפה טורקי האג 200 גר,גרמים,200.00,100 גרם,false,,25.90,0.1295,true,1,2421027
7290112341556,false,אקטיביה עם צ'יה ותות 150 ג' דנונה,דנונה - שטראוס,IL,יוגורט אקטיביה עם צ',גרמים,150.00,100 גרם,false,,4.50,0.0300,true,1,2377691
7290112341679,false,אקטיביה 3% שומן 200 ג' דנונה,מיוצר עי קונדיטוריית,IL,אקטיבייה 3% 200 גרם,גרמים,200.00,100 גרם,false,,3.90,0.0195,true,1,2377692
7290112341686,false,מארז שמיניה אקטיביה 3% 150 ג',מיוצר עי קונדיטוריית,IL,מארז 8 יח' אקטיביה 3,גרמים,1200.00,100 גרם,false,,18.90,0.0157,true,1,2377710
7290112342102,false,סימפוניה גבינה במרקם שמנת בצל מקורמל 5%,"שטראוס בריאות בע""מ",IL,סימפוניה בצל מקורמל,גרמים,200.00,100 גרם,false,,10.90,0.0545,true,1,2387502
7290112342270,false,קפה פלטינום אינטנס מחוזק ב- 10% אספרסו,שטראוס קפה בי.וי,IL,קפה פלטינום אינטנס 1,גרמים,125.00,100 גרם,false,,19.90,0.1592,true,1,2375947
7290112343260,false,"יטבתה רוטב שמנת קלאסי 9% שומן 260 מ""ל",STRAUSS-ISRAEL,IL,רוטב שמנת קלאסי 9% ש,גרמים,260.00,100 גרם,false,,9.90,0.0381,true,1,2382949
7290112343420,false,"משקה חלב עם דגנים מלאים ובננה פרו יטבתה 350מ""ל",מחלבת יטבתה,IL,משקה יוטבתה פרו ארוח,מיליליטרים,350.00,"100 מ""ל",false,,6.90,0.0197,true,1,2382952
7290112343499,false,חטיף צ'יטוס פאפס אפוי בטעם גבינה,"שטראוס פריטו ליי בע""",IL,צ'יטוס פאפס 55 גרם,גרמים,55.00,100 גרם,false,,3.50,0.0636,true,1,2487446
7290112343512,false,חטיף ציטוס פאפס בטעם,"שטראוס פריטו ליי בע""",IL,ציטוס פאפס 160 גרם,גרמים,160.00,100 גרם,false,,7.90,0.0494,true,1,2487447
7290112344564,false,רביולי גבינה קלאסי שטראוס 400 ג',"שטראוס גרופ בע""מ",IL,רביולי גבינה 400 גרם,גרמים,400.00,100 גרם,false,,19.90,0.0497,true,1,2377729
7290112344724,false,מעדן בטעם שוקולד בלונדי 170 ג' מילקי,מיוצר עי קונדיטוריית,IL,מילקי בטעם שוקולד בל,גרמים,133.00,100 גרם,false,,3.20,0.0241,true,1,2383000
7290112344755,false,מילקי שוקולד 26% פחות סוכר 135 גרם,מיוצר עי קונדיטוריית,IL,מעדן מילקי 26% פחות,גרמים,135.00,100 גרם,false,,2.80,0.0207,true,1,2436405
7290112344786,false,קפה פלטינום קלאסיק 200 ג' עלית,שטראוס קפה בי.וי.,IL,קפה פלטינום קלאסיק,גרמים,200.00,100 גרם,false,,29.90,0.1495,true,1,2399418
7290112344953,false,סימפוניה חציל קלוי גבינה במקרם שמנת 5%,"שטראוס בריאות בע""מ",IL,סימפוניה חציל קלוי 5,גרמים,200.00,100 גרם,false,,10.90,0.0545,true,1,2449055
7290112346360,false,בפלות אחת אחת ופל בטעם שוקולד מצופה שוקולד,הגביע מוצרי וופלים ב,GR,בפלות אחת אחת בציפוי,גרמים,180.00,100 גרם,false,,12.90,0.0717,true,1,2386422
7290112346506,false,דנונה לייט אנד פריי בטעם אפרסק 150 גר',שטראוס,IL,דנונה לייט אנד פרי ב,גרמים,150.00,100 גרם,false,,4.50,0.0300,true,1,2380133
7290112346629,false,דנונה בר יוגורט+קורנפלקס מצופה שוקולד חלב ולבן 172 גרם,"שטראוס בריאות בע""מ",IL,יוגורט בר עם קורנפלק,גרמים,172.00,100 גרם,false,,4.50,0.0262,true,1,2409455
7290112346773,false,יוגורט בטעם וניל 0% לייט אנד פרי 10 גרם חלבון בגביע,מיוצר עי קונדיטוריית,IL,דנונה לייט אנד פריי,גרמים,150.00,100 גרם,false,,4.50,0.0300,true,1,2438431
7290112346797,false,יוגורט אקטיביה עם שיבולת שועל ושזיף 2.5%,מיוצר עי קונדיטוריית,IL,יוגורט אקטיביה שיבול,גרמים,150.00,100 גרם,false,,4.50,0.0300,true,1,2400741
7290112346827,false,"אקטימל ויטמין C פטל 8*100 מ""ל",קריות זול,IL,אקטימל מארז 8 יח' וי,גרמים,864.00,100 גרם,false,,19.90,0.0230,true,1,2433272
7290112347008,false,גמדים לדרך גבינה לבנה עם מחית תות ושיבולת שועל,מיוצר עי קונדיטוריית,IL,גמדים ארוחת בוקר תות,גרמים,100.00,100 גרם,false,,5.50,0.0550,true,1,2382982
7290112347473,false,דנונה לייט אנד פריי תות ואפרסק מאגדת 8 יח' * 150 ג',מיוצר עי קונדיטוריית,IL,מארז 8 דנונה לייט אנ,גרמים,1200.00,100 גרם,false,,25.90,0.0216,true,1,2380137
7290112348142,false,שעועית לבנה 380 גר' בקופסה טעם הטבע,שטראוס טעם הטבע,,שעועית לבנה טעם הטבע,גרמים,380.00,100 גרם,false,,6.90,0.0182,true,1,2403098
7290112348616,false,עלית - קפה נמס אגוזי לוז 100 גרם,עלית,,קפה נמס אגוזי לוז,גרמים,100.00,100 גרם,false,,14.90,0.1490,true,1,2429086
7290112349316,false,מסטיק בזוקה פופים ממולא בטעם תות ללא סוכר,רוג'ר אנד רוג'ר,DE,מסטיק בזוקה ביג פופי,גרמים,86.00,100 גרם,false,,12.90,0.1500,true,1,2399406
7290112349606,false,מעדן גבינה ויוגורט תות בננה 88 ג' דניאלה,"שטראוס בריאות בע""מ",IL,מעדן דניאלה תות בננ,גרמים,88.00,100 גרם,false,,3.90,0.0443,true,1,2496169
7290112349705,false,פומודורו רוטב עגבניות קלאסי לפסטה 350 גר' יד מרדכי,אמיליאנה קונסרב סוסי,IT,רוטב עגבניות קלאסי ל,גרמים,350.00,100 גרם,false,,11.90,0.0340,true,1,2386425
7290112349736,false,בזיליקום רוטב עגבניות לפסטה 350 גר' יד מרדכי,אמיליאנה קונסרב סוסי,IT,רוטב עגבניות בזילקום,גרמים,350.00,100 גרם,false,,11.90,0.0340,true,1,2386426
7290112349743,false,ארביאטה רוטב עגבניות פיקנטי לפסטה 350 ג' יד מרדכי,אימילאנה,IT,רוטב עגבניות פיקנטי,גרמים,350.00,100 גרם,false,,11.90,0.0340,true,1,2386427
7290112349750,false,פיצה רוטב עגבניות לפיצה 350 גר' יד מרדכי,אימילאנה,IL,רוטב עגבניות לפיצה 3,גרמים,350.00,100 גרם,false,,11.90,0.0340,true,1,2386428
7290112349897,false,מסטיק מאסט Must קוביות בטעם מנטה ללא סוכר,רוג'ר אנד רוג'ר,DE,מסטיק קוביות מנטה,גרמים,86.00,100 גרם,false,,12.90,0.1500,true,1,2399424
7290112350589,false,אבקה להכנת משקה ציקוריה ציקו 65ג',עלית,IL,אבקה להכנת משקה ציקו,גרמים,65.00,100 גרם,false,,10.90,0.1677,true,1,2412475
7290112351067,false,סילאן טבעי 100% תמר מג'הול ללא תוספת סוכר,יד מרדכי,,סילאן לחיץ 630 גרם,גרמים,630.00,100 גרם,false,,22.90,0.0363,true,1,2399425
7290112351104,false,שוקולד פרה ממולא פיצפוצי אורז 100 ג' עלית,STRAUSS-ISRAEL,IL,שוקולד פרה פיצפוצי א,גרמים,100.00,100 גרם,false,,5.90,0.0590,true,1,2403087
7290112351128,false,שוקולד פרה סוכריות קופצות 100 ג' עלית,"שטראוס גרופ בע""מ",IL,שוקולד פרה סוכריות ק,גרמים,90.00,100 גרם,false,,5.90,0.0656,true,1,2412459
7290112351258,false,פינוקיות שחור לבן 200 ג' עלית,הגביע מוצרי ופלים,IL,פינוקיות שחור לבן,גרמים,200.00,100 גרם,false,,9.90,0.0495,true,1,2421028
7290112351463,false,שלישיית סוכריות מאסט FRESH פטל לימון 45 ג' עלית,עלית,,שלישיית סוכריות פרש,גרמים,45.00,100 גרם,false,,7.90,0.1756,true,1,2408991
7290112351470,false,סוכריות ללא סוכר בטעם תות רימון מאסט פרש,עלית,,שלישיית סוכריות פרש,גרמים,45.00,100 גרם,false,,7.90,0.1756,true,1,2408992
7290112353887,false,"משקה קפה קר בטעם אגוזים יטבתה 230 מ""ל",אנסטל מילק kg,AT,משקה קפה קר בטעם אגו,מיליליטרים,230.00,"100 מ""ל",false,,7.90,0.0343,true,1,2412128
7290112354174,false,פסטה רוזה שטראוס דלי,גסטרונומיה פרוסט אס.,IT,פסטה רוזה,גרמים,280.00,100 גרם,false,,21.90,0.0782,true,1,2494367
7290112354204,false,ארוחה אישית ספגטי עגבניות,גסטרונומיה פרוסט אס.,IT,ספגטי עגבניות 280 גר,גרמים,280.00,100 גרם,false,,21.90,0.0782,true,1,2494370
7290112354235,false,ברקטה פיצה - 2 יחידות במארז,גסטרונומיה פרוסט אס.,IT,ברקטה פיצה,גרמים,300.00,100 גרם,false,,25.90,0.0863,true,1,2494373
7290112354242,false,קונוס פיצה 320 ג' דלישס,,,קונוס פיצה,גרמים,280.00,100 גרם,false,,25.90,0.0925,true,1,2494374
7290112354945,false,חטיף תפוצ'יפס WAVY בטעם טבעי,שטראוס פריטו ליי בע”,IL,תפוצ'יפס 50 גרם טבעי,גרמים,50.00,100 גרם,false,,3.90,0.0780,true,1,2542571
7290112354952,false,"תפוציפס WAVY בטעם פפריקה , 50 גרם",שטראוס פריטו ליי בע”,IL,תפוצ'יפס 50 גרם פפרי,גרמים,50.00,100 גרם,false,,3.90,0.0780,true,1,2542577
7290112355027,false,יוגורט פרו בטעם קרמל מלוח 200 ג' דנונה,"שטראוס בריאות בע""מ",IL,דנונה פרו 20 גרם חלב,גרמים,200.00,100 גרם,false,,5.90,0.0295,true,1,2436410
7290112355102,false,גמדים פאוץ סלט פירות 100 ג' שטראוס,"שטראוס בריאות בע""מ",IL,גמדים פאוץ' סלט פירו,גרמים,100.00,100 גרם,false,,5.50,0.0550,true,1,2438439
7290112355393,false,"יטבתה רוטב שמנת+בטטה 9% שומן 250 מ""ל",מחלבת יטבתה,IL,רוטב שמנת עם בטטה יט,גרמים,257.00,100 גרם,false,,9.90,0.0385,true,1,2543822
7290112355812,false,מעדן מילקי עם טופ קורנפלקס מצופה שוקולד,"שטראוס גרופ בע""מ",IL,מעדן מילקי טופ קורנפ,גרמים,141.00,100 גרם,false,,4.30,0.0305,true,1,2520366
7290112355867,false,מילקי קצפת טופ פיצפוץ 86 גרם,"שטראוס גרופ בע""מ",IL,מעדן מילקי קצפת טופ,גרמים,86.00,100 גרם,false,,4.30,0.0500,true,1,2523595
7290112356536,false,אבקת קקאו עלית 150+10% גר',הנסיך- מפעל לייצור ט,IL,שקית קקאו עלית 150 +,גרמים,165.00,100 גרם,false,,9.90,0.0600,true,1,2412477
7290112357045,false,עגבניות איטלקיות מרוסקות 390 גר' בקופסה טעם הטבע,שטראוס טעם הטבע,IT,עגבניות איטלקיות מרו,גרמים,380.00,100 גרם,false,,6.90,0.0182,true,1,2403099
7290112357069,false,מחית עגבניות איטלקיות בקופסה 500 גר' טעם הטבע,שטראוס טעם הטבע,IT,מחית עגבניות איטלקית,גרמים,500.00,100 גרם,false,,7.90,0.0158,true,1,2403100
7290112357076,false,קוביות עגבניות איטלקיות 390 גר' בקופסה טעם הטבע,שטראוס טעם הטבע,,עגבניות איטלקיות קוב,גרמים,390.00,100 גרם,false,,6.90,0.0177,true,1,2423679
7290112357083,false,אפונת גינה טעם הטבע 380 גר' בקופסה,שטראוס טעם הטבע,,אפונת גינה טעם הטבע,גרמים,380.00,100 גרם,false,,6.90,0.0182,true,1,2403112
7290112357106,false,שעועית אדומה 380 גר' בקופסה טעם הטבע,שטראוס טעם הטבע,,שעועית אדומה טעם הטב,גרמים,380.00,100 גרם,false,,6.90,0.0182,true,1,2403101
7290112357175,false,קפסולות BOOST למכונות נספרסו 50 ג',שטראוס קפה בי.וי,IL,קפסולות BOOST למכונו,גרמים,50.00,100 גרם,false,,16.50,0.3300,true,1,2391881
7290112357892,false,סוכריות ללא סוכר בטעם מנטה מאסט פרש,עלית,,שלישיית סוכריות פרש,גרמים,45.00,100 גרם,false,,7.90,0.1756,true,1,2408995
7290112358004,false,חטיף שוקולד פסק זמן,שולן צ'יקולטה גידה ס,TR,חטיף פסק זמן קראנץ,גרמים,32.00,100 גרם,false,,4.90,0.1531,true,1,2435894
7290112358127,false,יוגורט PRO בטעם וניל עוגיות פלוס מגנזיום,מיוצר עי קונדיטוריית,IL,דנונה פרו 20 גרם עם,גרמים,200.00,100 גרם,false,,5.90,0.0295,true,1,2433279
7290112358219,false,יד מרדכי רוטב צ'ילי מתוק 300 גרם,אף.סי תבליני בגליל ב,IL,רוטב צ'ילי מתוק 320,גרמים,300.00,100 גרם,false,,12.90,0.0430,true,1,2412484
7290112358233,false,יד מרדכי רוטב צילי חריף 300גרם,יד מרדכי,,רוטב צ'ילי חריף 300,גרמים,300.00,100 גרם,false,,12.90,0.0430,true,1,2421030
7290112358240,false,יד מרדכי רוטב גריל 300 גרם,יד מרדכי,,רוטב לעוף גריל,גרמים,300.00,100 גרם,false,,12.90,0.0430,true,1,2403090
7290112358257,false,רוטב לעוף עם שזיפים יד מרדכי 300 גר',יד מרדכי,,רוטב לעוף עם שזיפים,גרמים,300.00,100 גרם,false,,12.90,0.0430,true,1,2403091
7290112358431,false,עד חצות דאבל ביסקוויט עם שוקולד חלב -8 אריזות אישיות,הדקלאים אגודת שיתופי,FR,ביסקויט עד חצות דאבל,גרמים,200.00,100 גרם,false,,12.90,0.0645,true,1,2459274
7290112358554,false,"קפה נמס עלית לדרך, 50 גרם 10 יח'",שטראוס רומניה,RO,מארז נמס לדרך,גרמים,50.40,100 גרם,false,,11.90,0.2361,true,1,2423692
7290112359353,false,קפה טורקי קלוי וטחון אלדין,STRAUSS-ISRAEL,IL,קפה אלדין 200 גרם,גרמים,200.00,100 גרם,false,,18.90,0.0945,true,1,2494428
7290112415400,false,עוגיות אלפחורס קפולסקי 280 גר',קפולסקי אדל בעמ,IL,עוגיות אלפאחורס,גרמים,280.00,100 גרם,false,,29.90,0.1068,true,1,2520467
7290112490032,false,"נמס בכוס תירס קנור בד""ץ, זוגי 22.5X2 גרם,",יוניליוור,IL,נמס בכוס תירס זוגות,גרמים,45.00,100 גרם,false,,6.50,0.1444,true,1,2046271
7290112490117,false,טבלת קליק XL אגוז וופל 85 ג' ורד הגליל,יוניליוור ישראל מזון,IL,טבלאות קליק ווופל אג,גרמים,85.00,100 גרם,false,,4.90,0.0576,true,1,1946526
7290112490216,false,נמס בכוס מרק עוף עם קרוטונים רכיבים טבעיים,יוניליוור,,נמס בכוס זוג עוף עם,גרמים,48.00,100 גרם,false,,6.50,0.1354,true,1,2032348
7290112490230,false,נמס בכוס אפונה רכיבים טבעיים 50 ג' קנור,יוניליוור,,נמס בכוס אפונה 100%ר,גרמים,50.00,100 גרם,false,,6.50,0.1300,true,1,2032355
7290112490667,false,קונפיטורה 778 משמש 340 גר,אתר חיפה 778,BE,קונפיטורת משמש 778 3,גרמים,340.00,100 גרם,false,,12.90,0.0379,true,1,2022618
7290112490674,false,קונפיטורת דובדבן 340 גר' 778 כשלפ,אתר חיפה 778,BE,קונפיטורת דובדבן 778,גרמים,340.00,100 גרם,false,,12.90,0.0379,true,1,2022619
7290112490728,false,מרק עשיר ירקות עם בורגול רכיבים טבעיים 95 ג' קנור,יוניליוור ישראל מזון,IL,מרק עשיר ר.טיבעיים י,גרמים,80.00,100 גרם,false,,9.90,0.1238,true,1,2110875
7290112490735,false,מרק עשיר עגבניות פסטה ר.טבעי קנור 105ג',יוניליוור,IL,מרק עשיר ר.טיבעיים ע,גרמים,80.00,100 גרם,false,,9.90,0.1238,true,1,2110876
7290112490759,false,מרק עשיר עוף עם אטריות רכיבים טבעיים 74 ג' קנור,יוניליוור,IL,מרק עשיר ר.טיבעיים א,גרמים,80.00,100 גרם,false,,9.90,0.1238,true,1,2110878
7290112490896,false,"קנור רוטב צ'ילי חריף 370 מ""ל PAL",אתר חיפה 778,,רוטב צ'ילי חריף 370,מיליליטרים,370.00,"100 מ""ל",false,,12.90,0.0349,true,1,2129673
7290112492449,false,"פינוק - שמפו לשיער רגיל 700 מ""ל",יוניליוור ישראל טיפו,IL,שמפו פינוק רגיל,מיליליטרים,700.00,"100 מ""ל",false,,11.90,0.0170,true,1,2402197
7290112492456,false,"פינוק - פינוק לשיער יבש 700 מ""ל",יוניליוור ישראל טיפו,IL,שמפו פינוק יבש,מיליליטרים,700.00,"100 מ""ל",false,,11.90,0.0170,true,1,2402082
7290112492463,false,"שמפו ומרכך לשיער רגיל 700 מ""ל פינוק",יוניליוור ישראל טיפו,IL,שמפו פינוק 2 ב-1 רגי,מיליליטרים,700.00,"100 מ""ל",false,,11.90,0.0170,true,1,2402198
7290112492470,false,"שמפו ומרכך 2ב-1 לשיער יבש 700 מ""ל",,,שמפו פינוק 2 ב-1 יבש,מיליליטרים,700.00,"100 מ""ל",false,,11.90,0.0170,true,1,2437084
7290112492487,false,"שמפו שמן מרוקאי 700 מ""ל פינוק",יוניליוור ישראל טיפו,IL,שמפו פינוק שמן מרוקא,מיליליטרים,700.00,"100 מ""ל",false,,11.90,0.0170,true,1,2402083
7290112492531,false,"מרכך לשיער רגיל 700 מ""ל פינוק",יוניליוור,IL,מרכך פינוק רגיל,מיליליטרים,700.00,"100 מ""ל",false,,11.90,0.0170,true,1,2383030
7290112492609,false,"פינוק - תחליב רחצה לבנדר וניל 700 מ""ל",יוניליוור,IL,תחליב רחצה פינוק לבנ,מיליליטרים,700.00,"100 מ""ל",false,,10.90,0.0156,true,1,2383036
7290112492630,false,"שמפו וג'ל רחצה וסבון פנים לגבר 700 מ""ל פינוק",יוניליוור,IL,שמפו פינוק 3 ב-1 לגב,מיליליטרים,700.00,"100 מ""ל",false,,11.90,0.0170,true,1,2383039
7290112492944,false,תיבול עוף קנור 400 גר' כשלפ,יוניליוור ישראל מזון,IL,מרק עוף אמיתי בשרי ק,גרמים,400.00,100 גרם,false,,19.90,0.0497,true,1,2394214
7290112492999,false,מרק בטעם עוף קנור 400 ג' צנצנת,יוניליוור ישראל מזון,IL,קנור מרק טעם עוף 400,גרמים,400.00,100 גרם,false,,14.90,0.0373,true,1,2382033
7290112493293,false,קנור - נמס ירקות וקרוטונים ר.טבעי 44 גרם,יוניליוור,IL,נמס בכוס זוג ירקות 1,גרמים,44.00,100 גרם,false,,6.50,0.1477,true,1,2349687
7290112493316,false,מרק אפונה רכיבים טבעיים 117 ג' קנור,יוניליוור,IL,מרק אפונה 100% רכיבי,גרמים,117.00,100 גרם,false,,9.90,0.0846,true,1,2349688
7290112493965,false,גלידה מסטיגם 1.33ל'קרמיסימו,"גלידת שטראוס בע""מ, ר",IL,גלידה קרמיסימו מסטיג,ליטרים,1.33,ליטר,false,,19.90,14.9624,true,1,2384229
7290112494016,false,מיונז מופחת שומן תלמה 500 גר',יוניליוור,IL,מיונז תלמה מופחת שומ,גרמים,500.00,100 גרם,false,,9.90,0.0198,true,1,2377411
7290112494153,false,תיבולית בטעם צלי קנור 72 ג',יוניליוור ישראל מזון,IL,תיבולית קנור צלי 72,גרמים,72.00,100 גרם,false,,9.90,0.1375,true,1,2379088
7290112494238,false,קליק - כדורים חלב תפזורת 65 גרם,יוניליוור ישראל מזון,IL,חטיף שוקולד קליק כדו,גרמים,65.00,100 גרם,false,,5.90,0.0908,true,1,2379599
7290112494351,false,תלמה קורנפלקס של אלופים 850 ג',יוניליוור שפע ישראל,IL,קורנפלקס אלופים 850,גרמים,850.00,100 גרם,false,,19.90,0.0234,true,1,2397093
7290112494382,false,פירה בטעם ביתי - מוכן ברגע,יוניליוור ישראל מזון,IL,קנור פירה בטעם ביתי,גרמים,260.00,100 גרם,false,,12.90,0.0496,true,1,2378797
7290112494610,false,קנור רוטב פיקנטי לדג 415 ג',קונסורזיו קאסאלאסקו,IT,רוטב קנור פיקנטי לדג,גרמים,415.00,100 גרם,false,,12.90,0.0311,true,1,2379089
7290112494993,false,דגני בוקר וניל 686ג' כריות,יוניליוור שפע ישראל,IL,כריות וניל 686 גרם.,גרמים,686.00,100 גרם,false,,24.90,0.0363,true,1,2379588
7290112495006,false,כריות - כריות נוגט 686 גרם,יוניליוור שפע ישראל,IL,"כריות נוגט בד""צ 686",גרמים,686.00,100 גרם,false,,24.90,0.0363,true,1,2379589
7290112495044,false,קוקומן פצפוצים בטעם שוקולד,יוניליור שפע ישראל ב,IL,"קוקומן פצפוצים בד""צ",גרמים,375.00,100 גרם,false,,19.90,0.0531,true,1,2379606
7290112495228,false,"קורנפלקס דבש תלמה 448 ג' בד""צ",יוניליוור שפע ישראל,IL,"קורנפלקס דבש בד""צ 44",גרמים,448.00,100 גרם,false,,19.90,0.0444,true,1,2379614
7290112495488,false,תלמה קורנפלקס ללא גלוטן 500 ג',"מולינו ניקולי S.p.A,",IT,קורנפלקס ללא גלוטן 5,גרמים,500.00,100 גרם,false,,24.90,0.0498,true,1,2394217
7290112495785,false,רוטב לסלט שום הלמנס 300ג,יוניליוור ישראל מזון,IL,רוטב הלמנס שום,גרמים,300.00,100 גרם,false,,12.90,0.0430,true,1,2387093
7290112495808,false,"הלמנס רוטב חרדל ודבש 290 מ""ל",יוניליוור ישראל מזון,IL,רוטב לסלט הלמנס חרדל,גרמים,305.00,100 גרם,false,,12.90,0.0423,true,1,2394218
7290112495815,false,רוטב סלט חרדל דבש לייט הלמנס 305ג',יוניליוור ישראל מזון,IL,רוטב הלמנס חרדל דבש,גרמים,305.00,100 גרם,false,,12.90,0.0423,true,1,2397173
7290112495938,false,קרקר משפחתי 6 דגנים 250 ג',"מיוצר ע""י קוד יצרן A",IL,קרקר 6 דגנים,גרמים,250.00,100 גרם,false,,8.90,0.0356,true,1,2426015
7290112496027,false,"סירופ שוקולד 580 מ""ל אפיכל",יוניליוור ישראל מזון,IL,סירופ שוקולד 580 גרם,גרמים,580.00,100 גרם,false,,14.90,0.0257,true,1,2394412
7290112496034,false,סירופ מייפל אפיכל 580 גרם,יוניליוור ישראל מזון,IL,סירופ מייפל 580 גרם,גרמים,580.00,100 גרם,false,,14.90,0.0257,true,1,2394413
7290112496201,false,"אקס - בושם גוף טיקט לגבר שוקולד 17 מ""ל","קוסטר אירוסול, גבזה,",TR,אקס בושם כיס שוקולד,מיליליטרים,17.00,"100 מ""ל",false,,19.90,1.1706,true,1,2456748
7290112496218,false,קנור רוטב טריאקי הפחתה של מעל 50% סוכר ונתרן 310 ג',יוניליוור,IL,רוטב טריאקי קנור 340,גרמים,340.00,100 גרם,false,,12.90,0.0379,true,1,2400288
7290112496287,false,פתית - צ'יפס בטטה בטעם טבעי 21 גרם,JLM גלובל פודס37 דרך,GB,פתית צ'יפס בטטה בטעם,גרמים,22.00,100 גרם,false,,4.90,0.2227,true,1,2414389
7290112496294,false,חטיף פתית צ'יפס עם אפונה ירוקה צהובה וצ'ילי,JLM גלובל פודס37 דרך,GB,פתית צ'יפס אפונה בתו,גרמים,22.00,100 גרם,false,,4.90,0.2227,true,1,2414390
7290112496331,false,קורנפלקס בננה תלמה 448 גר'.,אתר שפע,,קורנפלקס בננה 448 גר,גרמים,448.00,100 גרם,false,,19.90,0.0444,true,1,2456460
7290112497031,false,רוטב עגבניות לקציצות קנור 415 ג',יוניליוור,IT,רוטב עגבניות לקציצות,גרמים,415.00,100 גרם,false,,12.90,0.0311,true,1,2456461
7290112497123,false,תערובת להכנת מעדן בטעם סחלב,יוניליוור ישראל מזון,IL,סחלב 112 גרם קנור,גרמים,112.00,100 גרם,false,,12.90,0.1152,true,1,2430754
7290112497369,false,דאב רול און טלק סופט,,,דאב רולאון טלק,מיליליטרים,50.00,"100 מ""ל",false,,17.90,0.3580,true,1,2433199
7290112497710,false,"פינוק - שמפו אל דמע בייבי 700 מ""ל",יוניליוור,IL,שמפו אל דמע בייבי פי,מיליליטרים,700.00,"100 מ""ל",false,,14.90,0.0213,true,1,2535007
7290112497727,false,"פינוק - אל סבון בייבי 700 מ""ל",אתר ליוור,,אל סבון בייבי פינוק,מיליליטרים,700.00,"100 מ""ל",false,,14.90,0.0213,true,1,2535014
7290112497932,false,נשנושים שמנת בצל 60 גרם,"דרך השוקולד 1, צפת 1",IL,נישנושים חטיף בטעם ש,גרמים,60.00,100 גרם,false,,3.90,0.0650,true,1,2433995
7290112497994,false,גרנולה פרוטאין בתוספת חלבון ואגוזים תלמה 300 ג',יוניליוור,IL,גרנולה פרוטאין בתוספ,גרמים,300.00,100 גרם,false,,15.90,0.0530,true,1,2449274
7290112498007,false,גרנולה פרוטאין בתוספת חלבון שקדים וחמוציות תלמה 300 ג',יוניליוור,IL,גרנולה פרוטאין בתוספ,גרמים,300.00,100 גרם,false,,15.90,0.0530,true,1,2458061
7290112498069,false,#קוקומן ללא גלוטן כשלפ 375ג - חדש,אתר שפע,,קוקומן 375 גרם ללא ג,גרמים,375.00,100 גרם,false,,19.90,0.0531,true,1,2437078
7290112498298,false,"אל סבון ליידים בתוספת שמן מרוקאי פינוק 950 מ""ל",קוסטר אירוסול ולף סנ,TR,סבון ידיים פינוק שמן,מיליליטרים,950.00,"100 מ""ל",false,,12.90,0.0136,true,1,2467036
7290112498441,false,רוטב אסייתי למוקפץ קנור 370 גרם,אתר חיפה 778,,רוטב אסייאתי למוקפץ,מיליליטרים,370.00,"100 מ""ל",false,,12.90,0.0349,true,1,2449286
7290112499462,false,תחליב רחצה פינוק בתוספת שמן קוקוס,יוניליוור ישראל טיפו,IL,תחליב רחצה פינוק שמן,מיליליטרים,700.00,"100 מ""ל",false,,10.90,0.0156,true,1,2456447
7290112499493,false,"רקסונה - דאודורנט ספריי לאישה אלוורה 150 מ""ל",,,דאודורנט ספריי רקסונ,מיליליטרים,150.00,"100 מ""ל",false,,13.90,0.0927,true,1,2495348
7290112499509,false,"רקסונה - דאודורנט ספריי לאישה בניחוח אפרסק ולמון גראס 150 מ""ל",,,דאודורנט ספריי רקסונ,מיליליטרים,150.00,"100 מ""ל",false,,13.90,0.0927,true,1,2525411
7290112707512,false,זיקוק 7 סמ 5 יח 192 בקרטון 3גר כסף,,,"זיקוק 7 ס""מ 3 גר-5 י",יח',5.00,יח',false,,4.90,0.9800,true,1,2545428
7290112707529,false,זיקוק 7 סמ 5 יח 192 בקרטון 3גר צבעוני,,,"זיקוק 7 ס""מ 3 גר-5 י",יח',5.00,יח',false,,4.90,0.9800,true,1,2545429
7290112707949,false,קישוט עוגה - שחקני כ,,,קישוט עוגה - שחקני כ,יחידה,0.00,יחידה,false,,8.90,0.0000,true,1,2439965
7290112708021,false,מפת שולחן מטאלית 137,,,מפת שולחן מטאלית 137,יחידה,0.00,יחידה,false,,14.90,0.0000,true,1,2164745
7290112960115,false,אסם שקדי מרק 30% קמח חיטה מלא 12*350גרם,אסם,IL,שקדי מרק 30% קמח מלא,גרמים,350.00,100 גרם,false,,12.90,0.0369,true,1,2041022
7290112960580,false,בונזור לחם מחמצת כוסמין 12*480גר קנוי,בונז'ור,,לחם מחמצת כוסמין (בר,יחידה,0.00,יחידה,false,,16.90,0.0000,true,1,2079459
7290112960603,false,בונז'ור לחם מחמצת אגוזים צימוקים 480ג',בונז'ור,,לחם מחמצת אגוזים צימ,יחידה,0.00,יחידה,false,,16.90,0.0000,true,1,2079460
7290112961372,false,פיטנס חטיפי פריכיות דגנים עם קינמון,"פרח תעשיות מזון בע""מ",IL,פירכיות דקות פיטנס ק,גרמים,60.00,100 גרם,false,,7.90,0.1317,true,1,2164702
7290112961440,false,פיטנס בר פריכיות שוקולד מריר 84 גר',כרמית,IL,פיטנס בר פריכיות שוק,גרמים,72.00,100 גרם,false,,11.90,0.1653,true,1,2406308
7290112961464,false,פיטנס חטיפי פריכיות דגנים וחומוס מתובלות,"פרח תעשיות מזון בע""מ",IL,פירכיות דקות פיטנס מ,גרמים,60.00,100 גרם,false,,7.90,0.1317,true,1,2164703
7290112962287,false,טבעול שווארמה טבעונית 6*450 גרם,מיוצר עי קונדיטוריית,IL,שוארמה טבעונית טבעול,גרמים,450.00,100 גרם,false,,29.90,0.0664,true,1,2387438
7290112962546,false,ארטיק לה פרוטה מלון תפוח מאגדת 443 גר',שוורצקוף& הנקל דיסלד,IL,מאגדת שלגוני לה פרוט,יח',5.00,יח',false,,22.90,4.5800,true,1,2186767
7290112962737,false,טבעול שניצל מן הצומח עם חלבון 664 גר',עיצובים 2020 (4.8),,טבעול שניצל מן הצומח,גרמים,664.00,100 גרם,false,,29.90,0.0450,true,1,2391351
7290112963321,false,בייגלה שטוח ללא גלוטן 300 גר',מיוצר עי קונדיטוריית,IL,בייגלה שטוח ללא גלוט,גרמים,300.00,100 גרם,false,,14.90,0.0497,true,1,2403229
7290112963697,false,עוגיות שוקו שוקולד צ,,,עוגיות שוקו שוקולד צ,קילוגרמים,1.00,"ק""ג",true,,40.00,40.0000,true,1,2275858
7290112963918,false,חטיפי קרקר דק רוזמרין 140 ג' פיטנס,נסטלה Nestle,IL,חטיפי קרקר דק רוזמרי,גרמים,140.00,100 גרם,false,,10.90,0.0779,true,1,2354602
7290112964410,false,רוטב אוסם אלף האיים לסלט 290 ג' אסם,Unknown,IL,רוטב אלף האיים לסלט,מיליליטרים,290.00,"100 מ""ל",false,,10.90,0.0376,true,1,2369780
7290112964434,false,רוטב לסלט קיסר 295 ג' אוסם,אסם,IL,רוטב לסלט קיסר 295 מ,מיליליטרים,295.00,"100 מ""ל",false,,10.90,0.0369,true,1,2354604
7290112964458,false,רוטב וינגרט לסלט 295 ג' אסם,Unknown,IL,רוטב וינגרט קלאסי 29,מיליליטרים,295.00,"100 מ""ל",false,,10.90,0.0369,true,1,2354605
7290112964472,false,רוטב שום לסלט 290 ג' אסם,Unknown,IL,"רוטב שום לסלט 290 מ""",מיליליטרים,290.00,"100 מ""ל",false,,10.90,0.0376,true,1,2354606
7290112964564,false,רוטב אלף האיים לייט לסלט 310 ג' אסם,אסם,IL,רוטב אלף האיים לייט,מיליליטרים,295.00,"100 מ""ל",false,,10.90,0.0369,true,1,2379453
7290112964601,false,רוטב בנוסח סצ'ואן הסדרה האסייתית,"אסם השקעות בע""מ",IL,רוטב בנוסח סצואן 290,מיליליטרים,290.00,"100 מ""ל",false,,14.90,0.0514,true,1,2304725
7290112964724,false,טבעול המבורגרטבעוני 580 גר',מיוצר עי קונדיטוריית,IL,טבעול המבורגר טבעוני,גרמים,580.00,100 גרם,false,,29.90,0.0516,true,1,2369783
7290112965103,false,תבשיל קוסקוס עם ירקות 146 גר',אסם,,תבשיל קוסקוס עם ירקו,גרמים,146.00,100 גרם,false,,9.90,0.0678,true,1,2383127
7290112965141,false,תבשיל פתיתים אפויים עם ירקות 130 גר',אסם,IL,תבשיל פתיתים אפויים,גרמים,117.00,100 גרם,false,,9.90,0.0846,true,1,2383128
7290112965288,false,אוסם - מרק נמס ירקות זוג 28 גרם * 2,Unknown,IL,זוג מרק נמס ירקות,גרמים,30.00,100 גרם,false,,5.50,0.1833,true,1,2369789
7290112965325,false,תבשיל אורז ספרדי אוסם 140 גרם,אסם,IL,תבשיל אורז ספרדי.,גרמים,128.00,100 גרם,false,,9.90,0.0773,true,1,2383130
7290112965363,false,קציצות קינואה וברוקולי,מיוצר עי קונדיטוריית,IL,טבעול קציצות קינואה,גרמים,525.00,100 גרם,false,,29.90,0.0570,true,1,2376050
7290112965585,false,פרפקטו פסטה קסרצה 500 גר',אסם פרפקטו Perfecto,IL,פסטה פרפקטו קסרצה 50,גרמים,500.00,100 גרם,false,,6.90,0.0138,true,1,2369791
7290112965660,false,פיטנס - חטיף מולטיגריין מלח פלפל 25 גרם,מיוצר עי קונדיטוריית,IL,חטיף פיטנס מלח פלפל,גרמים,25.00,100 גרם,false,,4.90,0.1960,true,1,2432081
7290112965684,false,פיטנס - חטיף מולטיגריין עשבי תיבול 25 גרם,מיוצר עי קונדיטוריית,IL,חטיף פיטנס עשבי תיבו,גרמים,25.00,100 גרם,false,,4.90,0.1960,true,1,2432082
7290112965707,false,פיטנס - חטיף מולטיגריין צילי מעודן 25 גרם,"אסם השקעות בע""מ",IL,חטיף פיטנס צ'ילי מעו,גרמים,25.00,100 גרם,false,,4.90,0.1960,true,1,2432088
7290112965745,false,אוסם - ביסלי פריסטייל בצל מעושן 60 גרם,"אסם השקעות בע""מ",IL,ביסלי פריסטייל בלצל,גרמים,60.00,100 גרם,false,,4.30,0.0717,true,1,2465013
7290112965783,false,אוסם - ביסלי פריסטייל על האש 60 גרם,"אסם השקעות בע""מ",IL,ביסלי בטעם על האש,גרמים,60.00,100 גרם,false,,4.30,0.0717,true,1,2465014
7290112965806,false,אוסם - ביסלי פריסטייל חמוץ חריף 60 גרם,Unknown,IL,ביסלי פריסטייל חמוץ,גרמים,60.00,100 גרם,false,,4.30,0.0717,true,1,2465015
7290112965868,false,קרם קרקר במלחיות מעודנת 250 גר' אסם,אסם,,קרם קרקר במליחות מוע,גרמים,250.00,100 גרם,false,,9.90,0.0396,true,1,2383110
7290112965943,false,טבעול נאגטס ירקות ירוקים 500 גר',טבעול תעשיות מזון בע,IL,טבעול נאגטס ירקות יר,גרמים,500.00,100 גרם,false,,29.90,0.0598,true,1,2400788
7290112965967,false,טבעול נאגטס ירקות כתומים 500 גר',טבעול תעשיות מזון בע,IL,טבעול נאגטס ירקות כת,גרמים,500.00,100 גרם,false,,29.90,0.0598,true,1,2400789
7290112965981,false,טבעול גורמה ארוחת דגנים 450 גר',טבעול (מקבוצת אסם הש,IL,טבעול גורמה ארוחת דג,גרמים,450.00,100 גרם,false,,32.90,0.0731,true,1,2503094
7290112966001,false,טבעול גורמה ארוחת ירוקים,טבעול (מקבוצת אסם הש,IL,טבעול גורמה ארוחת יר,גרמים,450.00,100 גרם,false,,32.90,0.0731,true,1,2503095
7290112966094,false,עוגת הבית בטעם תפוז - פחות סוכר,מיוצר עי קונדיטוריית,IL,עוגת הבית תפוז מופחת,גרמים,400.00,100 גרם,false,,12.90,0.0323,true,1,2383112
7290112966124,false,אסם פתי בר מופחת סוכר 500 גר' אסם.,מיוצר עי קונדיטוריית,IL,פתיבר מופחת סוכר 500,גרמים,500.00,100 גרם,false,,11.90,0.0238,true,1,2383113
7290112966247,false,לחמית כוסמין 200 ג' אסם,אסם יקנעם,IL,לחמית כוסמין,גרמים,200.00,100 גרם,false,,9.90,0.0495,true,1,2406310
7290112966728,false,צבר טחינה בלאדי פלפלים חריפים 350 גר',שוורצקוף& הנקל דיסלד,IL,טחינה בלאדי פלפלים ח,גרמים,350.00,100 גרם,false,,13.90,0.0397,true,1,2376052
7290112966766,false,טחינה בלאדי חציל עגבניות ושום צבר 350 גר',שוורצקוף& הנקל דיסלד,IL,טחינה בלאדי חציל עגב,גרמים,350.00,100 גרם,false,,13.90,0.0397,true,1,2376054
7290112966803,false,פודינג אינסטנט שוקולד 88 ג' אסם,"אסם השקעות בע""מ",IL,אינסטנט פודינג בטעם,גרמים,88.00,100 גרם,false,,5.50,0.0625,true,1,2383025
7290112967114,false,חטיפי פריכיות פיטנס קטניות ופלפל 60 גר',"פרח תעשיות מזון בע""מ",IL,חטיפי פירכיות קטניות,גרמים,60.00,100 גרם,false,,7.90,0.1317,true,1,2406311
7290112967138,false,בייגלה שמיניות ללא גלוטן 250 גר' אסם,מיוצר עי קונדיטוריית,IL,בייגלה שמיניות ללא ג,גרמים,250.00,100 גרם,false,,11.90,0.0476,true,1,2379301
7290112967381,false,פיטנס חטיפי פריכיות קטניות ומלח ים 60 גר',"פרח תעשיות מזון בע""מ",IL,חטיפי פירכיות קטניות,גרמים,60.00,100 גרם,false,,7.90,0.1317,true,1,2406312
7290112967572,false,"אסם רוטב ברביקיו 290 מ""ל אסם",אסם,IL,"רוטב ברבקיו 335 מ""ל",מיליליטרים,335.00,"100 מ""ל",false,,10.90,0.0325,true,1,2383027
7290112968203,false,סלט טחינה בלאדי צבר 250 גרם,שוורצקוף& הנקל דיסלד,IL,סלט טחינה בלאדי 250,גרמים,250.00,100 גרם,false,,8.90,0.0356,true,1,2387464
7290112968449,false,סלט כרוב אדום צבר 250 גר',שוורצקוף& הנקל דיסלד,IL,סלט כרוב אדום 250 גר,גרמים,250.00,100 גרם,false,,8.90,0.0356,true,1,2387465
7290112968524,false,סלט חומוס גרגירים רכים צבר 250 גרם,שוורצקוף& הנקל דיסלד,IL,סלט חומוס סמיר 250 ג,גרמים,250.00,100 גרם,false,,8.90,0.0356,true,1,2387467
7290112968685,false,חומוס גרגרים בתטבילה צבר 400 גרם,שוורצקוף& הנקל דיסלד,IL,חומוס גרגרים בתטבילה,גרמים,400.00,100 גרם,false,,10.90,0.0273,true,1,2387451
7290112968807,false,פיטנס - קרקר דק סלק 140 גרם,מפעל אסם יקנעם,IL,חטיפי קרקר דק סלק פי,גרמים,140.00,100 גרם,false,,10.90,0.0779,true,1,2425748
7290112968821,false,פיטנס - קרקר דק בטטה 140 גרם,מפעל אסם יקנעם,IL,חטיפי קרקר דק בטטה פ,גרמים,140.00,100 גרם,false,,10.90,0.0779,true,1,2425749
7290112969248,false,אסם בישולים רוטב סילאן ובצל 335 גר'.,"אסם השקעות בע""מ",IL,רוטב סילאן ובצל,גרמים,335.00,100 גרם,false,,15.90,0.0475,true,1,2435706
7290112969286,false,אסם בישולים רוטב חרדל ודבש 330 גר'.,"אסם השקעות בע""מ",IL,רוטב חרדל דבש,גרמים,330.00,100 גרם,false,,15.90,0.0482,true,1,2435707
7290112969903,false,נאגטס ירקות לבנים טב,טבעול תעשיות מזון בע,IL,טבעול נאגטס ירקות לב,גרמים,500.00,100 גרם,false,,29.90,0.0598,true,1,2400793
7290113190375,false,סילאן סירופ תמרים טב,שקדיה,TR,סילאן טבעי 900 גרם,גרמים,900.00,100 גרם,false,,29.90,0.0332,true,1,2509758
7290113190771,false,חלבה תלתלים בטעם שוק,,,חלבה תלתלים בטעם שוק,גרמים,350.00,100 גרם,false,,13.90,0.0397,true,1,2530821
7290113191938,false,"סירופ רוזטה בטעם שקדים 750 מ""ל",דין שיווק,IL,"סירופ רוזטה 750 מ""ל",מיליליטרים,750.00,"100 מ""ל",false,,16.90,0.0225,true,1,2394634
7290113192072,false,בוטנים מצופים בטעם צ,דין שיווק,IL,בוטנים מצופים בטעם צ,גרמים,100.00,100 גרם,false,,7.90,0.0790,true,1,2452701
7290113192089,false,בוטנים מצופים בטעם ת,דין שיווק,IL,בוטנים מצופים בטעם ת,גרמים,100.00,100 גרם,false,,7.90,0.0790,true,1,2452702
7290113192096,false,בוטנים מצופים בטעם ו,דין שיווק,IL,בוטנים מצופים בטעם ו,גרמים,100.00,100 גרם,false,,7.90,0.0790,true,1,2452703
7290113192157,false,אגוז ברזיל קלופים 15,דין שיווק,,אגוז ברזיל קלופים 15,גרמים,150.00,100 גרם,false,,14.90,0.0993,true,1,2394635
7290113192164,false,אגוזי קשיו קלופים ששון הקולה 150 ג',דין שיווק,,אגוז קשיו קלופים 150,גרמים,150.00,100 גרם,false,,14.90,0.0993,true,1,2394636
7290113192171,false,מיקס אגוזים שקדים וחמוציות 150 גר',דין שיווק,IL,מיקס אגוזים שקדים וח,גרמים,150.00,100 גרם,false,,14.90,0.0993,true,1,2385260
7290113192201,false,תערובת להכנת סחלב 500 גרם,דין שיווק,IL,תערובת להכנת סחלב,גרמים,500.00,100 גרם,false,,14.90,0.0298,true,1,2394643
7290113192218,false,תערובת להכנת מלבי 500 ג',דין שיווק,IL,תערובת להכנת מלבי,גרמים,500.00,100 גרם,false,,14.90,0.0298,true,1,2394644
7290113192300,false,זיתים חרוזית מושחר A2 בית השיטה 275 גר',בית השיטה,IL,זית חרוזית שחור,גרמים,275.00,100 גרם,false,,9.90,0.0360,true,1,2383774
7290113192317,false,בית השיטה טבעות זיתים מושחרים 280 גר',בית השיטה,IL,טבעות זיתים,גרמים,280.00,100 גרם,false,,10.90,0.0389,true,1,2383775
7290113192324,false,זיתים ירוקים שלמים בינוניים,בית השיטה,IL,זית ירוק,גרמים,560.00,100 גרם,false,,7.90,0.0141,true,1,2383776
7290113192331,false,זיתים ירוק גדול A2 בית השיטה 340ג',בית השיטה,IL,זית ירוק גדול,גרמים,560.00,100 גרם,false,,9.90,0.0177,true,1,2383777
7290113192348,false,זיתים ירוקים שלמים גדולים מאוד בטעם שום,בית השיטה,IL,זיתים גודל 17-19 טעם,גרמים,560.00,100 גרם,false,,9.90,0.0177,true,1,2383778
7290113192355,false,חרוזית זיתים ירוקים ללא גלעין 275 ג' בית השיטה,בית השיטה,IL,זית חרוזית ירוק,גרמים,560.00,100 גרם,false,,9.90,0.0177,true,1,2383779
7290113192362,false,טבעות זיתים ירוקים 280 ג' בית השיטה,בית השיטה,IL,טבעות זיתים,גרמים,560.00,100 גרם,false,,9.90,0.0177,true,1,2383831
7290113192379,false,בית השיטה זיתים ירוקים מבוקעים א2 340גר',בית השיטה,IL,זיתים מבוקעים,גרמים,560.00,100 גרם,false,,10.90,0.0195,true,1,2383832
7290113192386,false,זיתים סורי מבוקע A2 בית השיטה 340ג',בית השיטה,IL,זית סורי מבוקע,גרמים,560.00,100 גרם,false,,9.90,0.0177,true,1,2383833
7290113192393,false,בית השיטה קוקטייל זיתים א2 336גר',בית השיטה,IL,קוקטייל זיתים,גרמים,560.00,100 גרם,false,,10.90,0.0195,true,1,2383834
7290113192478,false,בית השיטה מלפפונים במלח בינוני 10-12 320 גרם,בית השיטה,IL,מלפפון במלח 10-12,גרמים,560.00,100 גרם,false,,7.50,0.0134,true,1,2383841
7290113192485,false,בית השיטה מלפפונים בחומץ בינוני 10-12 290 גרם,בית השיטה,IL,מלפפון בחומץ 10-12,גרמים,560.00,100 גרם,false,,7.50,0.0134,true,1,2383842
7290113192492,false,בית השיטה מלפפונים בחומץ קטנים 1317 290 גרם,בית השיטה,IL,מלפפון בחומץ 13-17,גרמים,560.00,100 גרם,false,,9.90,0.0177,true,1,2383843
7290113192508,false,בית השיטה מלפפונים במלח קטן 1317 320 גרם,בית השיטה,IL,מלפפון במלח 13-17,גרמים,560.00,100 גרם,false,,9.90,0.0177,true,1,2383844
7290113192515,false,בית השיטה מלפפונים במלח קטן מאוד 1825 320 גרם,בית השיטה,IL,מלפפון במלח 18-25,גרמים,560.00,100 גרם,false,,10.90,0.0195,true,1,2383850
7290113192522,false,בית השיטה מלפפונים בחומץ קטן מאוד 1825 290 גרם,בית השיטה,IL,מלפפון בחומץ 18-25,גרמים,560.00,100 גרם,false,,10.90,0.0195,true,1,2383851
7290113192539,false,בית השיטה מלפפונים במלח גדול 79 320 גרם,בית השיטה,IL,מלפפון במלח 7-9,גרמים,560.00,100 גרם,false,,6.50,0.0116,true,1,2383852
7290113192546,false,בית השיטה מלפפונים בחומץ גדול 79 290 גרם,בית השיטה,IL,מלפפון בחומץ 7-9,גרמים,560.00,100 גרם,false,,6.50,0.0116,true,1,2383853
7290113192553,false,בית השיטה מלפפונים במלח 13-17 בלדי 320 גר',בית השיטה,IL,מלפפון בלאדי 13-17,גרמים,560.00,100 גרם,false,,9.90,0.0177,true,1,2383854
7290113192577,false,בית השיטה כרוב כבוש חתוך 430 גרם,בית השיטה,IL,כרוב כבוש,גרמים,560.00,100 גרם,false,,7.90,0.0141,true,1,2383855
7290113192881,false,"טורטיה חיטה מופחת קלוריות, קוטר 20 ס""מ - 6 יח'",דין שיווק,IL,טורטיה חיטה מופחתת ק,גרמים,270.00,100 גרם,false,,10.90,0.0404,true,1,2394637
7290113192997,false,בית השיטה זית מרוקאי 340 גר',בית השיטה,IL,זית מרוקאי,גרמים,340.00,100 גרם,false,,11.90,0.0350,true,1,2398802
7290113193000,false,בית השיטהפלפל שיפקונית 230 גר',שוורצקוף& הנקל דיסלד,IL,שיפקונית,גרמים,560.00,100 גרם,false,,10.90,0.0195,true,1,2398803
7290113193017,false,בית השיטה קוקטייל זיתים 275 גר',בית השיטה,IL,זית חרוזית קוקטיל,גרמים,560.00,100 גרם,false,,11.90,0.0213,true,1,2399995
7290113193031,false,חרוזית קלמטה - זיתים שחורים ללא גלעין קלמטה,שוורצקוף& הנקל דיסלד,IL,בית השיטה חרוזית זיתים י,גרמים,560.00,100 גרם,false,,11.90,0.0213,true,1,2397345
7290113193321,false,"שמן זית כתית מעולה בית השיטה 750 מ""ל",בית השיטה,IL,שמן זית כתית מעולה,מיליליטרים,750.00,"100 מ""ל",false,,29.90,0.0399,true,1,2407797
7290113193369,false,"בית השיטה תרסיס שמן קנולה 150 מ""ל",בית השיטה,,תרסיס שמן קנולה מזוכ,מיליליטרים,150.00,"100 מ""ל",false,,16.90,0.1127,true,1,2439721
7290113193406,false,"קוקטייל טבעות זיתים - זיתים ירוקים, שחורים מרינד",בית השיטה,IL,קוקטיל טבעות זיתים,גרמים,560.00,100 גרם,false,,11.90,0.0213,true,1,2399996
7290113193888,false,חצילים מוחמצים בית השיטה 320 גר',שוורצקוף& הנקל דיסלד,IL,חצילים מוחמצים,גרמים,560.00,100 גרם,false,,9.90,0.0177,true,1,2433248
7290113194090,false,בית השיטה טבעות קלמטה 280 גר',בית השיטה,IL,טבעות זיתים קלמטה,גרמים,560.00,100 גרם,false,,10.90,0.0195,true,1,2424072
7290113194632,false,ממרח שקדים שקדיה 500,דין שיווק,IL,ממרח שקדים 500 גרם,גרמים,500.00,100 גרם,false,,49.90,0.0998,true,1,2421320
7290113194649,false,מלפפונים במלח קוביות בית השיטה 320 גר',בית-השיטה עסיס תעשיו,IL,מלפפונים במלח קוביות,גרמים,560.00,100 גרם,false,,8.90,0.0159,true,1,2431660
7290113195042,false,מלפפון חמוץ במלח כבישה ביתית בית השיטה 750 גר',שוורצקוף& הנקל דיסלד,IL,מלפפון במלח כבישה בי,גרמים,1500.00,100 גרם,false,,25.90,0.0173,true,1,2433249
7290113195066,false,חלבה טורקית בטעם וניל 400 גרם,,,חלבה טורקית בטעם וני,גרמים,400.00,100 גרם,false,,11.90,0.0298,true,1,2507509
7290113195073,false,חלווה טורקית עם פיסט,,,חלבה טורקית עם פיסטו,גרמים,400.00,100 גרם,false,,13.90,0.0348,true,1,2507510
7290113195080,false,חלבה טורקית בטעם שוקו וניל 400 גרם,,,חלבה טורקית בטעם שוק,גרמים,400.00,100 גרם,false,,11.90,0.0298,true,1,2507511
7290113195264,false,ממרח פלפלים קלויים 360 ג',דין שיווק,,ממרח פלפלים קלויים 3,גרמים,360.00,100 גרם,false,,9.90,0.0275,true,1,2452706
7290113195271,false,ממרח פלפלים פיקנטיים 360 ג',דין שיווק,,ממרח פלפלים פיקנטיים,גרמים,360.00,100 גרם,false,,9.90,0.0275,true,1,2452707
7290113195356,false,שמן קנולה מזוכך בית,בית השיטה,,שמן קנולה מזוכך בית,ליטרים,1.00,ליטר,false,,14.90,14.9000,true,1,2470025
7290113195363,false,שמן חמניות מזוכך בית,בית השיטה,,שמן חמניות מזוכך בית,ליטרים,1.00,ליטר,false,,13.90,13.9000,true,1,2470031
7290113195479,false,קמח שקדים 200 גר שקד,דין שיווק,IL,קמח שקדים 200 גרם -,גרמים,200.00,100 גרם,false,,12.90,0.0645,true,1,2452715
7290113196414,false,"אורז בסמטי שקדיה 1 ק""ג",קריות זול,IN,"אורז בסמטי 1 ק""ג שקד",קילוגרמים,1.00,"ק""ג",false,,9.90,9.9000,true,1,2484772
7290113196490,false,פריכיות כוסמת בתוספת זרעי ציה שקדיה 150 ג',דין שיווק,IL,פריכיות כוסמת צ'יה 1,גרמים,150.00,100 גרם,false,,10.90,0.0727,true,1,2475068
7290113196506,false,פריכיות כוסמת ללא מלח שקדיה 150 ג',דין שיווק,IL,פריכיות כוסמת 150 גר,גרמים,150.00,100 גרם,false,,10.90,0.0727,true,1,2475069
7290113196513,false,פריכיות כוסמת בתוספת שקדים שקדיה 150 ג',דין שיווק,IL,פריכיות כוסמת שקדים,גרמים,150.00,100 גרם,false,,10.90,0.0727,true,1,2475070
7290113196520,false,פריכיות כוסמין ללא מלח שקדיה 150 ג',דין שיווק,IL,פריכיות כוסמין 150 ג,גרמים,150.00,100 גרם,false,,10.90,0.0727,true,1,2475071
7290113197169,false,חמאת בוטנים טבעית שק,,,חמאת בוטנים טבעית 51,גרמים,510.00,100 גרם,false,,15.90,0.0312,true,1,2528366
7290113197176,false,חמאת בוטנים טבעית עם,,,חמאת בוטנים טבעית טב,גרמים,510.00,100 גרם,false,,15.90,0.0312,true,1,2528372
7290113197800,false,בית השיטה פלפל קלוי 400 גר',,,פלפל קלוי בית השיטה,גרמים,400.00,100 גרם,false,,11.90,0.0298,true,1,2509848
7290113197817,false,בית השיטה חציל קלוי 670 גר',בית השיטה,,חציל קלוי בית השיטה,גרמים,670.00,100 גרם,false,,10.90,0.0163,true,1,2509849
7290113197824,false,בית השיטה לבבות דקל 220 דקל,בית השיטה,,לבבות דקל בית השיטה,גרמים,400.00,100 גרם,false,,9.90,0.0248,true,1,2527795
7290113197855,false,תירס גמדי בית השיטה,בית השיטה,,תירס גמדי בית השיטה,גרמים,425.00,100 גרם,false,,9.90,0.0233,true,1,2527796
7290113197923,false,בית השיטה טונה בשמן קנולה *4,,,טונה בשמן קנולה *4 ב,גרמים,560.00,100 גרם,false,,24.90,0.0445,true,1,2527802
7290113198029,false,פקאן מצופה חלבה שקדי,דין שיווק,IL,פקאן מצופה חלבה 150,גרמים,150.00,100 גרם,false,,14.90,0.0993,true,1,2478900
7290113198050,false,פקאן מצופה בייגלה מל,דין שיווק,IL,פקאן מצופה בייגלה מל,גרמים,150.00,100 גרם,false,,14.90,0.0993,true,1,2478903
7290113198067,false,פקאן מצופה שוקולד לב,"דין שיווק וקליה בע""מ",IL,פקאן מצופה שוקולד לב,גרמים,150.00,100 גרם,false,,14.90,0.0993,true,1,2478904
7290113198074,false,פקאן מצופה שוקולד שי,דין שיווק,IL,פקאן מצופה בשוקולד ש,גרמים,150.00,100 גרם,false,,14.90,0.0993,true,1,2478905
7290113199323,false,טורטיה מיני 150ג' שקדיה,,TR,טורטיה מיני 150 גרם,גרמים,150.00,100 גרם,false,,4.90,0.0327,true,1,2528345
7290113199606,false,חטיף בוטנים עם דלעת בוטנים ללא סוכר 220 ג' שקדיה,שקדיה,IL,חטיף בוטנים עם דלעת,גרמים,220.00,100 גרם,false,,14.90,0.0677,true,1,2507512
7290113199637,false,חטיף בוטנים עם גרעיני דלעת ללא סוכר 220 ג' שקדיה,Unknown,,חטיף בוטנים עם גרעינ,גרמים,220.00,100 גרם,false,,14.90,0.0677,true,1,2507515
7290113274761,false,פילה בקלה מצופה פירו,,,פילה בקלה מצופה פירו,קילוגרמים,1.00,"ק""ג",true,,59.90,59.9000,true,1,2549140
7290113300217,false,פאוצ' לה קט בקר ברוטב 85 ג',יו פי אף,FR,פאוץ נתחוני לה קט עם,יחידה,0.00,יחידה,false,,3.90,0.0000,true,1,2539421
7290113300224,false,פאוצ' לה קט סלמון ברוטב 85 ג',"ביופט- מזון לבע""ח",FR,פאוץ נתחוני לה קט עם,גרמים,85.00,100 גרם,false,,3.90,0.0459,true,1,2387306
7290113300231,false,פאוצ' לה קט בקר ג'לי 85 ג',"ביופט- מזון לבע""ח",FR,פאוץ נתחוני לה קט עם,גרמים,85.00,100 גרם,false,,3.90,0.0459,true,1,2387307
7290113300248,false,פאוצ' להקט עוף ג'לי 85 גר',,,פאוץ נתחוני לה קט עם,יחידה,0.00,יחידה,false,,3.90,0.0000,true,1,2539422
7290113300262,false,פאוצ' לה קט טונה ג'לי 85 ג',"ביופט- מזון לבע""ח",,פאוץ נתחוני לה קט עם,גרמים,85.00,100 גרם,false,,3.90,0.0459,true,1,2387313
7290113300347,false,חטיף מקלות לחתול לה,,,חטיף מקלות לחתול לה,גרמים,30.00,100 גרם,false,,14.90,0.4967,true,1,2542608
7290113300354,false,חטיף מקלות לחתול לה,,,חטיף מקלות לחתול לה,גרמים,30.00,100 גרם,false,,14.90,0.4967,true,1,2542609
7290113310155,false,טופר אקרילי לעוגה- 1 יח- HB זהב,,,טופר אקרילי לעוגה- 1,יחידה,0.00,יחידה,false,,9.90,0.0000,true,1,2164778
7290113312647,false,באנר לתליה- HB גליטר,,,באנר לתליה- HB גליטר,יחידה,0.00,יחידה,false,,12.90,0.0000,true,1,2164806
7290113312746,false,וילון מטאלי פרנזים-,,,וילון מטאלי פרנזים-,יחידה,0.00,יחידה,false,,7.90,0.0000,true,1,2439970
7290113312937,false,טופר קטן לעוגה- HB 3,,,טופר קטן לעוגה- HB 3,יחידה,0.00,יחידה,false,,5.90,0.0000,true,1,2164807
7290113560055,false,מי פה ללא אלכוהול בטעם מנטה מרענן,פרודונטקס Parodontax,,פרודונטקס מי פה טיפו,מיליליטרים,500.00,"100 מ""ל",false,,29.90,0.0598,true,1,2414669
7290113560109,false,משחת שיניים פרודונטקס בטעם צמחי,פרודונטקס Parodontax,,משחת שיניים פרודונטק,מיליליטרים,75.00,"100 מ""ל",false,,29.90,0.3987,true,1,2432495
7290114310215,false,"**טרה שמנת מתוקה 38% 250 מ""ל בקבוק.",מילקו תעשיות בעמ,IL,"שמנת מתוקה 250 מ""ל 3",מיליליטרים,250.00,"100 מ""ל",false,,6.40,0.0256,true,1,2434049
7290114310239,false,חלב טרה נטול לקטוז מועשר בוויטמין D 2% 1.5 ל',מילקו תעשיות בעמ,IL,חלב נטול לקטוז מועשר,ליטרים,1.50,ליטר,false,,11.90,7.9333,true,1,2411028
7290114310246,false,גבינת גרנה פדנו מחלב בקר 29%,מחלבת משק צוריאל,IL,גבינה גרנה פדנו צאנק,גרמים,125.00,100 גרם,false,,17.90,0.1432,true,1,2434050
7290114310253,false,גבינה גרנה פדנו מגו,,,גבינה גרנה פדנו מגו,גרמים,100.00,100 גרם,false,,11.90,0.1190,true,1,2434051
7290114310338,false,צפתית מעודנת 5% 225 גר' משק צוריאל,מחלבת משק צוריאל,IL,צפתית מעודנת 5% גביע,גרמים,225.00,100 גרם,false,,16.90,0.0751,true,1,2434043
7290114310383,false,מולר קציפת יוגורט בטעם וניל צרפתי 97 גרם,מולר Muller,IL,יוגורט מולר פרופ 3%,מיליליטרים,150.00,"100 מ""ל",false,,4.70,0.0313,true,1,2529743
7290114310390,false,"מולר פרופ קציפת יוגורט בננה לוטי 5% 150 מ""ל",מולר Muller,IL,יוגורט מולר פרופ 3%,מיליליטרים,150.00,"100 מ""ל",false,,4.70,0.0313,true,1,2529749
7290114310406,false,"מולר פרופ קציפת יוגורט תות 5% 150 מ""ל",מולר Muller,IL,יוגורט מולר פרופ 3%,מיליליטרים,150.00,"100 מ""ל",false,,4.70,0.0313,true,1,2529750
7290114310550,false,פטה עיזים מעודנת בגביע 5% 200 ג',משק צוריאל,IL,גבינת פטה עזים מעודנ,גרמים,200.00,100 גרם,false,,22.90,0.1145,true,1,2458323
7290114310567,false,לאבנה עיזים 5% שומן 200 גרם,משק צוריאל,IL,לאבנה עזים 5% משק צו,גרמים,200.00,100 גרם,false,,13.90,0.0695,true,1,2458346
7290114310574,false,גבינת קרם שמנת עיזים 5% 200 גרם צוריאל,משק צוריאל,IL,קרם שמנת עזים מעודנת,גרמים,200.00,100 גרם,false,,12.90,0.0645,true,1,2458324
7290114310611,false,"משקה חלב בננה בבקבוק פקק ספורט טרה 250 מ""ל",Unknown,IL,משקה חלב בננה טרה מו,מיליליטרים,250.00,"100 מ""ל",false,,5.20,0.0208,true,1,2456418
7290114310628,false,משקה חלב בטעם וניל עוגיות 1.5% שומן,מילקו תעשיות בעמ,IL,משקה חלב וניל עוגיות,ליטרים,1.00,ליטר,false,,10.90,10.9000,true,1,2459735
7290114310673,false,גבינת לאבנה 9% 250 גרם,טרה,IL,לאבנה טרה 9% 250 גרם,גרמים,250.00,100 גרם,false,,12.90,0.0516,true,1,2458305
7290114310895,false,סימפלי מולר מאגדת שמינייה מנגו תות 1.5% 150X8 גר',מולר Muller,IL,מאגדת 8 יוגורט מולר,גרמים,1200.00,100 גרם,false,,29.90,0.0249,true,1,2486280
7290114311014,false,"משקה חלב אייס קפוצ'ינו בבקבוק 250 מ""ל",Unknown,IL,שוקו טרה מועשר בבקבו,מיליליטרים,250.00,"100 מ""ל",false,,5.20,0.0208,true,1,2513736
7290114311021,false,משקה חלב בטעם וניל עוגיות 1.5% שומן,Unknown,IL,שוקו טרה מועשר בבקבו,מיליליטרים,250.00,"100 מ""ל",false,,5.20,0.0208,true,1,2513737
7290114311038,false,שמנת מתוקה עמידה 32% 250מל בקבוק,מילקו,IL,שמנת מתוקה 32%,מיליליטרים,250.00,"100 מ""ל",false,,6.90,0.0276,true,1,2513751
7290114311069,false,יוגורט לבן מועשר בחלבון 0% שומן 200 גרם muller active,מולר Muller,IL,מולר אקטיב לבן,גרמים,200.00,100 גרם,false,,5.50,0.0275,true,1,2506375
7290114311076,false,"חמאת מולר צהובה עם שום, 200 גרם",מולר Muller,IL,חמאת מולר צהובה עם ש,גרמים,200.00,100 גרם,false,,10.90,0.0545,true,1,2515471
7290114311083,false,"חמאת מולר צהובה עם מלח, 200 גרם",מילקו,IL,חמאת מולר צהובה עם מ,גרמים,200.00,100 גרם,false,,10.90,0.0545,true,1,2515472
7290114311106,false,מולר נטורל חצוי+יוגורט ביו+גרנולה וסירופ עם סילאן 177 ג',מולר,IL,מולר נטורל +יוגורט ב,גרמים,177.00,100 גרם,false,,6.40,0.0362,true,1,2499735
7290114311304,false,יוגורט קציפת מנגו פסיפלורה בננה 150 ג' מולר,מולר Muller,IL,יוגורט מולר פרופ 3%,גרמים,150.00,100 גרם,false,,4.70,0.0313,true,1,2522579
7290114311328,false,חלב נטול לקטוז 2% שומן מועשר בויטמין D,ג'י.אר.אמ.גרופו אלימ,IL,חלב מועשר דל לקטוז 2,ליטרים,1.00,ליטר,false,,7.40,7.4000,true,1,2527172
7290114311359,false,יוגורט עם קציפת מנגו 3% שומן פרופ 150 ג' מולר,מולר Muller,IL,יוגורט מולר פרופ 3%,גרמים,150.00,100 גרם,false,,4.70,0.0313,true,1,2522572
7290114311434,false,"מולר אקטיב בטעם קרמל מלוח 0% שומן, 200 גרם",מולר Muller,IL,יוגורט מולר אקטיב קר,גרמים,200.00,100 גרם,false,,5.80,0.0290,true,1,2543277
7290114311441,false,"מולר אקטיב בטעם עוגיות חמאה 0% שומן, 200 גרם",מולר Muller,IL,יוגורט מולר אקטיב עם,גרמים,200.00,100 גרם,false,,5.80,0.0290,true,1,2529756
7290114311526,false,מולר יוגורט פרופ עם קציפת תפוז ג'ינג'ר 3%,מולר Muller,IL,יוגורט מולר פרופ קצי,מיליליטרים,150.00,"100 מ""ל",false,,4.70,0.0313,true,1,2543278
7290114311533,false,מולר יוגורט פרופ עם קציפה בטעם סנגריה 3%,מולר Muller,IL,יוגורט מולר פרופ בט,מיליליטרים,150.00,"100 מ""ל",false,,4.70,0.0313,true,1,2543284
7290114311557,false,יוגורט נטורל ו גרנולה בתוספת סירופ מייפל 170 ג' מולר,מולר Muller,IL,מולר נטורל גרנולה ומ,גרמים,177.00,100 גרם,false,,6.40,0.0362,true,1,2543285
7290114600750,false,קו-קווים חטיף אפוי עם גבינת פקורינו - חלבי,הדקלאים אגודת שיתופי,IT,חטיף אפוי עם גבינת פ,גרמים,150.00,100 גרם,false,,11.90,0.0793,true,1,2411847
7290114600767,false,FREE קו-קווים חטיף אפוי עם זיתים ועגבניות 150 גר',הדקלאים אגודת שיתופי,IT,חטיף אפוי עם זיתים ו,גרמים,150.00,100 גרם,false,,11.90,0.0793,true,1,2411848
7290114600774,false,FREE קו-קווים חטיף אפוי עם רוזמרין 150 גר',הדקלאים אגודת שיתופי,IT,חטיף אפוי עם רוזמרין,גרמים,150.00,100 גרם,false,,11.90,0.0793,true,1,2411849
7290114600927,false,עלי טורטיה חיטה מלאה מאסטר שף 320 ג',אלקטי קורביישיסי,ES,טורטיה חיטה מלאה מאס,גרמים,320.00,100 גרם,false,,9.90,0.0309,true,1,2430485
7290114600941,false,מיונז מאסטר שף מיונז לחיץ 435 ג',קפה לנדוור,NL,מיונז לחיץ מאסטר שף,גרמים,435.00,100 גרם,false,,12.90,0.0297,true,1,2435030
7290114600989,false,"רוטב אלף האיים מאסטר שף 250 מ""ל",קפה לנדוור,,רוטב אלף האיים מאסטר,מיליליטרים,250.00,"100 מ""ל",false,,9.90,0.0396,true,1,2420247
7290114600996,false,"רוטב שום מאסטר שף 250 מ""ל",קפה לנדוור,NL,רוטב שום מאסטר שף 25,מיליליטרים,250.00,"100 מ""ל",false,,9.90,0.0396,true,1,2420248
7290114603034,false,"פרי גרנולה אגוזים צימוקים וחמוציות, 300 ג'","אפקט טבעי בע""מ",IL,פרי גרנולה אגוזים/צי,גרמים,300.00,100 גרם,false,,17.90,0.0597,true,1,2435846
7290114603508,false,"רוטב להקצפה מאסטר שף 300 מ""ל",מאסטר שף,TH,רוטב להקפצה מאסטר שף,מיליליטרים,300.00,"100 מ""ל",false,,9.90,0.0330,true,1,2422522
7290114603522,false,רוטב קארי ירוק מאסטר שף 340 ג',תאי סופרים,TH,רוטב קארי ירוק מאסטר,גרמים,340.00,100 גרם,false,,14.90,0.0438,true,1,2427595
7290114603539,false,מאסטר שף קרוטונים למרק שום בצל 350ג,מאסטר שף,IL,קרוטונים למרק 350 גר,גרמים,350.00,100 גרם,false,,17.90,0.0511,true,1,2422500
7290114603591,false,פוף PLAY בטעם קטשופ 40 גר',,,חטיף פוף משולש אפוי,גרמים,40.00,100 גרם,false,,3.90,0.0975,true,1,2409955
7290114603607,false,פוף PLAY בטעם חמוץ חריף 40 גר',,,חטיף פוף משולש אפוי,גרמים,40.00,100 גרם,false,,3.90,0.0975,true,1,2409966
7290114603768,false,"אג'קס לשירותים, זוג 2 * 750 מ""ל",,,אג'קס לשירותים 750 מ,מיליליטרים,1500.00,"100 מ""ל",false,,29.90,0.0199,true,1,2420241
7290114604857,false,דפי אורז קוטר 22 מאסטר שף 400 ג',מאסטר שף,,דפי אורז עגולים קוטר,גרמים,400.00,100 גרם,false,,9.90,0.0248,true,1,2435833
7290114604864,false,קוסקוס דק מאסטר שף 350 ג',דוידוביץ,IL,קוסקוס סולת דק מאסט,גרמים,350.00,100 גרם,false,,5.90,0.0169,true,1,2435823
7290114604871,false,קוסקוס בינוני מאסטר שף 350 ג',דוידוביץ,IL,קוסקוס סולת בינוני מ,גרמים,350.00,100 גרם,false,,5.90,0.0169,true,1,2435824
7290114604895,false,ממרח ספייסי לחיץ 446 גר' מאסטר שף,מאסטר שף,NL,ממרח ספייסי לחיץ מאס,גרמים,446.00,100 גרם,false,,12.90,0.0289,true,1,2459255
7290114604901,false,ממרח שום לחיץ מאסטר שף444 ג',מאסטר שף,NL,ממרח שום לחיץ מאסטר,גרמים,444.00,100 גרם,false,,12.90,0.0291,true,1,2459256
7290114604925,false,"מאסטר שף אסייאתי קרם קוקוס לייט 400 מ""ל","תאי קוקונאט חברה בע""",TH,קרם קוקוס לייט 400 מ,מיליליטרים,400.00,"100 מ""ל",false,,7.90,0.0198,true,1,2478530
7290114604949,false,רוטב ברביקיו מאסטר שף 524 ג',רמיה סי.וי. הולנד,NL,רוטב ברביקיו מאסטר ש,גרמים,524.00,100 גרם,false,,9.90,0.0189,true,1,2466781
7290114604963,false,מאסטר שף פירורי לחם מתובלים 230ג,מאסטר שף,IL,פירורי לחם מתובלים מ,גרמים,230.00,100 גרם,false,,7.90,0.0343,true,1,2437630
7290114605359,false,"פירסט סמייל רפידות הנקה לארג`, 50 יחידות",,,רפידות הנקה פירסט סמ,יח',50.00,יח',false,,24.90,0.4980,true,1,2473744
7290114605533,false,משטח חיתוך חד פעמי 30 יח' קוקי,,,משטח חיתוך חד פעמי,גרמים,276.00,100 גרם,false,,19.90,0.0721,true,1,2513237
7290114605557,false,נייר עטיפה לסנדוויץ קוקי 80 יח',כרמל,CN,נייר עטיפה לסנדוויץ-,יח',80.00,יח',false,,12.90,0.1613,true,1,2457155
7290114605571,false,תבנית אפייה מתקפלת ק,כרמל,CN,תבנית אפייה מתקפלת ק,יח',3.00,יח',false,,12.90,4.3000,true,1,2455488
7290114606530,false,רוטב בטעם מיונז וקטשופ מאסטר שף 515 ג',מאסטר שף,NL,רוטב בטעם מיונז וקטש,גרמים,515.00,100 גרם,false,,12.90,0.0250,true,1,2459257
7290114606547,false,מיונז עם פטריות כמהין מאסטר שף 242 ג',מאסטר שף,NL,מיונז עם פיטריות כמה,גרמים,242.00,100 גרם,false,,12.90,0.0533,true,1,2459258
7290114606554,false,מיונז מופחת קלוריות בקבוק לחיץ,מאסטר שף,NL,מיונז לייט לחיץ מאסט,גרמים,470.00,100 גרם,false,,12.90,0.0274,true,1,2459259
7290114606561,false,מאסטר שף אטריות אורז דקות ורמיצ'לי 400 ג,,TH,איטריות אורז דקות 40,גרמים,400.00,100 גרם,false,,8.90,0.0223,true,1,2478537
7290114606578,false,מאסטר שף שקדי מרק 400 גר,,,שקדי מרק מאסטר שף 40,גרמים,400.00,100 גרם,false,,7.90,0.0198,true,1,2488009
7290114606592,false,רוטב סויה מסורתי מכיל 46% פולי סויה,קריניציה ויטמינה אס,TH,סויה 46% פולי סויה מ,מיליליטרים,620.00,"100 מ""ל",false,,9.90,0.0160,true,1,2484799
7290114606608,false,מאסטר שף סויה מסורתית דל נתרן,קריניציה ויטמינה אס,TH,סויה 40% פולי סויה מ,מיליליטרים,620.00,"100 מ""ל",false,,9.90,0.0160,true,1,2484800
7290114607315,false,"מקס וויט מארז זוג 125 מ""ל",קולגייט פלמוליב,PL,מארז זוג קולגייט ויי,מיליליטרים,250.00,"100 מ""ל",false,,24.90,0.0996,true,1,2459322
7290114607391,false,"קולגייט משחת לילדים ברבי 2-5 שנים, 75 מ""ל",CP UK,MX,משחת שיניים קולגייט,מיליליטרים,75.00,"100 מ""ל",false,,16.90,0.2253,true,1,2473708
7290114608633,false,"דפי אצה מאסטר שף, 25 גרם",מאסטר שף,,דפי אצות 25 גרם מאסט,גרמים,25.00,100 גרם,false,,9.90,0.3960,true,1,2513238
7290114608640,false,קרוטונים לסלט כוסמין מאסטר שף 260 גר',EinatFood,IL,קרוטונים לסלט כוסמין,גרמים,260.00,100 גרם,false,,17.90,0.0688,true,1,2477637
7290114659949,false,50 מסכות כירוגיות- חדש,,,מארז מסיכות 50 יח',יח',50.00,יח',false,,9.90,0.1980,true,1,2438394
7290114821469,false,כבד דג שיבוט מעושן במיץ טבעי 120 גרם,אופיסר Officer,,מעדן כבד דג מעושן 12,גרמים,120.00,100 גרם,false,,10.90,0.0908,true,1,2439850
7290115077490,false,בקבוק נירוסטה דופן כ,,,בקבוק נירוסטה דופן כ,יחידה,0.00,יחידה,false,,39.90,0.0000,true,1,2500764
7290115079579,false,בקבוק בועות סבון הנו,,,בקבוק בועות סבון הנו,יחידה,0.00,יחידה,false,,4.90,0.0000,true,1,2500803
7290115200003,false,פתי בר פינוקי וניל 220 גר' אסם,תאי פרזידנט פוד פאבל,PL,פתיבר פינוקי וניל 22,גרמים,220.00,100 גרם,false,,10.90,0.0495,true,1,2412351
7290115200027,false,פתי בר פינוקי שוקו 220 גר' אסם.,קריות זול,PL,פתיבר פינוקי שוקו 22,גרמים,220.00,100 גרם,false,,10.90,0.0495,true,1,2412352
7290115200676,false,עוגיות קרמוגית במילוי קרם בטעם קרמל מלוח,היינץ צפון אמריקה מק,IL,עוגיות קרמוגית קרמל,גרמים,200.00,100 גרם,false,,10.90,0.0545,true,1,2425364
7290115200713,false,מארז במבה קלאסי 5*50 ג' אסם,אסם,IL,מארז במבה קלאסי 5*50,גרמים,250.00,100 גרם,false,,12.90,0.0516,true,1,2410666
7290115201031,false,אסם פתיבר דובוני שוקולד 175 גרם,טרופיקל דגיל תעשיות,PL,פתיבר דובי שוקולד 17,גרמים,178.00,100 גרם,false,,9.90,0.0556,true,1,2455453
7290115201451,false,טבעול גורמה לביבות בטטה 455 גר',טבעול (מקבוצת אסם הש,IL,טבעול גורמה לביבות ב,גרמים,455.00,100 גרם,false,,32.90,0.0723,true,1,2503096
7290115201475,false,טבעול גורמה לביבות כרישה 434 גר',טבעול (מקבוצת אסם הש,IL,טבעול גורמה לביבות כ,גרמים,434.00,100 גרם,false,,32.90,0.0758,true,1,2503097
7290115201536,false,טבעול גורמה לביבות כרובית ותפוא 442 גר',עיצובים 2020 (4.8),,טבעול גורמה לביבות כ,גרמים,442.00,100 גרם,false,,32.90,0.0744,true,1,2503098
7290115201550,false,ביסלי קרנבל מיקס 150 ג' אסם,פרו מן יו פתרונות אר,IL,ביסלי קרנבל מיקס 150,גרמים,150.00,100 גרם,false,,8.90,0.0593,true,1,2429039
7290115201680,false,ביסלי ברביקיו אסם 70,"אסם השקעות בע""מ",IL,ביסלי ברביקיו 70 גרם,גרמים,70.00,100 גרם,false,,4.30,0.0614,true,1,2429040
7290115201703,false,ביסלי בטעם ברביקיו 200 ג' אסם,מיוצר עי קונדיטוריית,IL,ביסלי ברביקיו 200 גר,גרמים,200.00,100 גרם,false,,7.90,0.0395,true,1,2429041
7290115201741,false,ביסלי בטעם בצל אסם 7,"אסם השקעות בע""מ",IL,ביסלי בצל 70 גרם,גרמים,70.00,100 גרם,false,,4.30,0.0614,true,1,2429043
7290115202212,false,טבעול גורמה לביבות סלק 434 גר',עיצובים 2020 (4.8),,טבעול גורמה לביבות ס,גרמים,434.00,100 גרם,false,,32.90,0.0758,true,1,2503099
7290115202236,false,טבעול טופו קראנצים 470 גר',עיצובים 2020 (4.8),IL,טבעול טופו קראנצים,גרמים,470.00,100 גרם,false,,29.90,0.0636,true,1,2491088
7290115202786,false,מנה חמה פאוצ' נדלס טעם בקר 70 ג' אסם,Unknown,,מנה חמה פאוצ נודלס,גרמים,70.00,100 גרם,false,,4.90,0.0700,true,1,2456004
7290115202816,false,מנה חמה פאוצ' נדלס טעם עוף 70 ג' אסם,Unknown,,מנה חמה פאוצ נודלס,גרמים,70.00,100 גרם,false,,4.90,0.0700,true,1,2456005
7290115202847,false,מנה חמה פאוצ' נדלס ספייסי אסם 70 ג',Unknown,,מנה חמה פאוצ נודלס,גרמים,70.00,100 גרם,false,,4.90,0.0700,true,1,2456006
7290115203134,false,פופקו פופקורן במבה - פופקורן בציפוי קרמל ובוטנים,"אסם השקעות בע""מ",IL,פופקו פופקורן במבה,גרמים,80.00,100 גרם,false,,4.50,0.0563,true,1,2465017
7290115203172,false,במבה PRO מכיל 18 גרם חלבון בשקית,"אסם השקעות בע""מ",IL,במבה פרו 80 גרם,גרמים,80.00,100 גרם,false,,4.50,0.0563,true,1,2529388
7290115203486,false,פירורית בטעם ביסלי גריל אסם 200 גר',קיבוץ עינת,IL,פירורית ביסלי גריל 2,גרמים,200.00,100 גרם,false,,5.90,0.0295,true,1,2458122
7290115203806,false,"רוטב בסיס לבישול אסם 290 מ""ל","אסם השקעות בע""מ",IL,רוטב בסיס לבישול,מיליליטרים,290.00,"100 מ""ל",false,,12.90,0.0445,true,1,2487616
7290115204018,false,מנה חמה איטלקי פסטה בסגנון אלפרדו 60 ג' אסם,נסטלה,IL,מנה חמה איטלקי פסטה,גרמים,60.00,100 גרם,false,,6.50,0.1083,true,1,2458113
7290115204056,false,אסם קטשופ מופחת סוכר 690 גר',קריות זול,IL,קטשופ 56% פחות סוכר,גרמים,690.00,100 גרם,false,,12.90,0.0187,true,1,2457149
7290115204131,false,צבר סחוג ירוק 6*190גרם חדש,צבר,,סחוג ירוק 190 גרם,גרמים,190.00,100 גרם,false,,10.90,0.0574,true,1,2494204
7290115204155,false,סחוג אדום המעדנייה ש,צבר,,סחוג אדום 190 גרם,גרמים,190.00,100 גרם,false,,10.90,0.0574,true,1,2494205
7290115204186,false,פסטו המעדינה של צבר,צבר,,ממרח פסטו 190 גרם,גרמים,190.00,100 גרם,false,,14.90,0.0784,true,1,2494189
7290115204247,false,ממרח עגבניות מיובשות 190 ג' צבר,צבר,,ממרח עגבניות מיובשות,גרמים,190.00,100 גרם,false,,14.90,0.0784,true,1,2494198
7290115204261,false,אריסה חריפה המעדנייה,צבר,,אריסה 190 גרם,גרמים,190.00,100 גרם,false,,10.90,0.0574,true,1,2494206
7290115205022,false,אוסם - שקדי מרק מקלונים 350 גרם,אסם,IL,שקדי מרק מקלונים 350,גרמים,350.00,100 גרם,false,,12.90,0.0369,true,1,2478386
7290115205176,false,פיטנס - קרקר דק כפרי פיטנס 140 גרם,נסטלה Nestle,IL,חטיפי קרקר דק כפרי פ,גרמים,140.00,100 גרם,false,,10.90,0.0779,true,1,2485378
7290115205251,false,פיטנס בר פריכיות קרמל מלוח 84 גרם,כרמית,IL,פירכיות פיטנס קרמל מ,גרמים,84.00,100 גרם,false,,11.90,0.1417,true,1,2530117
7290115205312,false,קרקר פיטנס דק עם זיתי קלמטה ועשבי תיבול,"אסם השקעות בע""מ",IL,חטיפי קרקר זיתים פיט,גרמים,140.00,100 גרם,false,,10.90,0.0779,true,1,2510097
7290115205336,false,עוגיות שוקו שוקולד צ,Unknown,,עוגיות שוקו שוקולד צ,קילוגרמים,1.00,"ק""ג",true,,40.00,40.0000,true,1,2472014
7290115205527,false,פיטנס חטיף מולטגריין עם עדשים 25גר,פיטנס,IL,חטיף פיטנס עם עדשים,גרמים,25.00,100 גרם,false,,4.90,0.1960,true,1,2520723
7290115205541,false,חטיף מולטיגריין עם חומוס 25 ג' פיטנס,"אסם השקעות בע""מ",IL,חטיף פיטנס עם חומוס,גרמים,25.00,100 גרם,false,,4.90,0.1960,true,1,2520724
7290115205633,false,טבעול סנסשיונל/גורמה נקנקיות 350 גר',עיצובים 2020 (4.8),,טבעול סנסשיונל נקנקי,גרמים,350.00,100 גרם,false,,32.90,0.0940,true,1,2503100
7290115205695,false,אסם בונזור בצק מצונן לפיצה 460 גר',נסטלה סוויס (שוויץ),IL,בצק מצונן לפיצה בונז,גרמים,460.00,100 גרם,false,,18.90,0.0411,true,1,2494182
7290115205718,false,בצק מצונן עלים 230 גר' בונז'ור,נסטלה סוויס (שוויץ),IL,בצק מצונן עלים בונזו,גרמים,230.00,100 גרם,false,,14.90,0.0648,true,1,2494183
7290115205978,false,פתיבר ואצבעות שוקולד 180 גרם - רבנות,"ד""ר ג'רארד בע""מ",PL,אסם פתי בר אצבעות שו,גרמים,180.00,100 גרם,false,,10.90,0.0606,true,1,2503101
7290115206135,false,טבעול גורמה ארוחת קינואה,טבעול (מקבוצת אסם הש,IL,טבעול גורמה ארוחת קי,גרמים,450.00,100 גרם,false,,32.90,0.0731,true,1,2503102
7290115206319,false,מטרנה פגים סנסיטיב 7,,,מטרנה פגים סנסיטיב 7,גרמים,700.00,100 גרם,false,,59.90,0.0856,true,1,2521224
7290115206333,false,"עוגיות מיני שוקוצ`יפס אסם, 225 גרם","אסם השקעות בע""מ",IL,אסם עוגיות מיני שוקו,גרמים,225.00,100 גרם,false,,10.90,0.0484,true,1,2503103
7290115206531,false,אסם קרמוגית במילוי קרם בייגלה 12*200 גרם,אסם-נסטלה,IL,עוגיות קרמוגית במילו,גרמים,200.00,100 גרם,false,,10.90,0.0545,true,1,2486043
7290115207361,false,ביסקוויט פתיבר בטעם פיסטוק,אסם השקעות,IL,פתיבר פיסטוק 500ג,גרמים,500.00,100 גרם,false,,11.90,0.0238,true,1,2510106
7290115207484,false,צבר חציל על האש היתר 6*400גרם.,ג'נרל מילס סאן אדריא,IL,סלט חציל על האש,גרמים,360.00,100 גרם,false,,13.90,0.0386,true,1,2494219
7290115207507,false,צבר סלט טורקי 6*360גרם,ג'נרל מילס סאן אדריא,IL,סלט טורקי 360גרם,גרמים,360.00,100 גרם,false,,13.90,0.0386,true,1,2494212
7290115207620,false,"רוטב בסגנון סויה קלאסי 290 מ""ל אסם",,,רוטב סויה קלאסי אסם,מיליליטרים,290.00,"100 מ""ל",false,,14.90,0.0514,true,1,2510107
7290115207682,false,"רוטב בסגנון סויה סיני 290 מ""ל",Unknown,,רוטב סויה בסגנון סינ,מיליליטרים,290.00,"100 מ""ל",false,,10.90,0.0376,true,1,2510109
7290115207767,false,אוזני פיל בונז'ור,Unknown,,אוזני פיל בונז'ור,קילוגרמים,1.00,"ק""ג",true,,24.90,24.9000,true,1,2506020
7290115207798,false,טבעול המבורגר חריף טבעוני 420 גרם,עיצובים 2020 (4.8),,בורגר חריף טבעוני *6,גרמים,420.00,100 גרם,false,,29.90,0.0712,true,1,2507374
7290115207880,false,ויטמינצ'יק פטל 2 ליטר,בית השיטה עסיס תעשיו,IL,ויטמינצ'יק פטל 2 ליט,ליטרים,2.00,ליטר,false,,39.90,19.9500,true,1,2497761
7290115207941,false,סירופ אננס 1 ל' ויטמינצ'יק,בית-השיטה עסיס תעשיו,IL,ויטמינצ'יק אננס 1 לי,ליטרים,1.00,ליטר,false,,19.90,19.9000,true,1,2497764
7290115207965,false,סירופ מנגו ואפרסק 1 ל' ויטמינצ'יק,בית-השיטה עסיס תעשיו,IL,ויטמינצ'יק מנגו אפרס,ליטרים,1.00,ליטר,false,,19.90,19.9000,true,1,2497765
7290115207989,false,סירופ לימון 1 ל' ויטמינצ'יק,בית-השיטה עסיס תעשיו,IL,ויטמינצ'יק לימון 1 ל,ליטרים,1.00,ליטר,false,,19.90,19.9000,true,1,2497766
7290115208009,false,סירופ ענבים 1ל' ויטמינצ'יק,בית-השיטה עסיס תעשיו,IL,ויטמינצ'יק ענבים 1 ל,ליטרים,1.00,ליטר,false,,19.90,19.9000,true,1,2497767
7290115208047,false,סירופ פטל 1 ל' ויטמינצ'יק,בית-השיטה עסיס תעשיו,IL,ויטמינצ'יק פטל 1 ליט,ליטרים,1.00,ליטר,false,,19.90,19.9000,true,1,2497769
7290115208061,false,סירופ תפוח 1ל' ויטמינצ'יק,בית השיטה עסיס תעשיו,IL,ויטמינצ'יק תפוח 1 לי,ליטרים,1.00,ליטר,false,,19.90,19.9000,true,1,2497770
7290115208597,false,אסם קרמוגית מיניס קרמל מלוח 200 גרם,"אסם השקעות בע""מ",IL,עוגיות קרמוגית מיניס,גרמים,200.00,100 גרם,false,,10.90,0.0545,true,1,2521264
7290115208696,false,רוטב פלפל שאטה 300 ג' אסם,,,רוטב פלפל שאטה אסם,מיליליטרים,300.00,"100 מ""ל",false,,10.90,0.0363,true,1,2538415
7290115208801,false,לחמית דבש ואגוזים 190ג אסם,Unknown,IL,לחמית דבש ואגוזים,גרמים,190.00,100 גרם,false,,9.90,0.0521,true,1,2529404
7290115208849,false,"מנה חמה פסטה מוקרמת ט.עוף בד""צ 55גר",קריות זול,IL,מנה חמה פירה עם בטטה,גרמים,55.00,100 גרם,false,,6.50,0.1182,true,1,2542391
7290115209198,false,במבה אורירית 80 ג' אסם,אסם השקעות בעמ,IL,במבה אוורירית 80 גרם,גרמים,80.00,100 גרם,false,,4.50,0.0563,true,1,2520725
7290115209235,false,אסם פתי בר קפה 500 גרם,קריות זול,IL,פתיבר קפה 500 ג,גרמים,500.00,100 גרם,false,,11.90,0.0238,true,1,2530119
7290115405774,false,פחזניות ממולאות בטעם וניל 180 גרם,תופינים מקבוצת קפולס,IL,פחזניות ממולאות בטעמ,גרמים,180.00,100 גרם,false,,13.90,0.0772,true,1,2520459
7290115405804,false,פחזניות ממולאות בטעם תות 180 גרם,קפולסקי אדל בעמ,IL,פחזניות ממולאות בטעמ,גרמים,180.00,100 גרם,false,,13.90,0.0772,true,1,2520474
7290115405811,false,קינוח אישי גבינה פרו,קפולסקי אדל בעמ,IL,קינוח אישי בטעמים,גרמים,200.00,100 גרם,false,,14.90,0.0745,true,1,2520475
7290115480016,false,קפסולות ג'ל כביסה 26 יח' סוד,סוד,,סוד קפסולות ג'ל לכבי,יח',26.00,יח',false,,24.90,0.9577,true,1,2524303
7290115620689,false,צנצנת לתבלינים 100 מ,,,צנצנת לתבלינים 100 מ,יחידה,0.00,יחידה,false,,9.90,0.0000,true,1,2458391
7290115623123,false,"לקקן סיליקון 21 ס""מ",,,"לקקן סיליקון 21 ס""מ",יחידה,0.00,יחידה,false,,9.90,0.0000,true,1,2438513
7290115623147,false,לקקן סיליקון מקומר E,,,לקקן סיליקון מקומר E,יחידה,0.00,יחידה,false,,9.90,0.0000,true,1,2438515
7290115623185,false,"מערוך סיליקון 5.5*42 ס""מ ELEMENTAL מבית Food appeal",,,מערוך סיליקון 5.5*42,יחידה,0.00,יחידה,false,,49.90,0.0000,true,1,2454686
7290115625202,false,סט 3 קלפים לעבודה עם,,,סט 3 קלפים לעבודה עם,יחידה,0.00,יחידה,false,,19.90,0.0000,true,1,2499949
7290115627862,false,"תבנית פאי 10 ס""מ SUP",,,"תבנית פאי 10 ס""מ SUP",יחידה,0.00,יחידה,false,,9.90,0.0000,true,1,2516805
7290115628463,false,מיכל לאיחסון תבלין\מ,,,מיכל לאיחסון תבלין\מ,יחידה,0.00,יחידה,false,,10.90,0.0000,true,1,2511651
7290115628623,false,סט סיליקון 4 חל' לאפ,,,סט סיליקון 4 חל' לאפ,יחידה,0.00,יחידה,false,,69.90,0.0000,true,1,2516821
7290115629125,false,כף גלידה קפיצית נירו,,,כף גלידה קפיצית נירו,יחידה,0.00,יחידה,false,,29.90,0.0000,true,1,2537614
7290115629132,false,כף גלידה נירוסטה SI,,,כף גלידה נירוסטה SI,יחידה,0.00,יחידה,false,,16.90,0.0000,true,1,2537615
7290115629828,false,פלטה מדורגת רחבה ניר,,,פלטה מדורגת רחבה ניר,יחידה,0.00,יחידה,false,,16.90,0.0000,true,1,2516827
7290115641028,false,סט 3 קופסאות פרומו 8,,,סט 3 קופסאות פרומו 8,יחידה,0.00,יחידה,false,,9.90,0.0000,true,1,2476867
7290115641035,false,סט 3 קופסאות פרומו 1,,,סט 3 קופסאות פרומו 1,יחידה,0.00,יחידה,false,,12.90,0.0000,true,1,2476868
7290115641042,false,סט 3 קופסאות פרומו 1,,,סט 3 קופסאות פרומו 1,יחידה,0.00,יחידה,false,,14.90,0.0000,true,1,2476869
7290115670691,false,גרנולה שיבולת שועל עם פירות יער,אנרג'י Energy - שטראוס,CZ,גרנולה פירות יער 400,גרמים,400.00,100 גרם,false,,12.90,0.0323,true,1,2456859
7290115671155,false,שלישיית סוכריות FRESH ענבים 45 ג' בזוקה,ALPRO,,שלישיית סוכריות פרש,גרמים,45.00,100 גרם,false,,7.90,0.1756,true,1,2495263
7290115671223,false,מסטיק מאסט פאן בצנצנת אבטיח מנגו,אסקום קונפקשיין,DE,קופסא מסטיק מאסט פאן,גרמים,58.00,100 גרם,false,,8.90,0.1534,true,1,2495264
7290115671339,false,מיני פינוקיות בראוניז בייגל בוטן עלית 180 ג' עלית,הגביע מוצרי ופלים בע,IL,מיני פינוקיות בראוני,גרמים,180.00,100 גרם,false,,9.90,0.0550,true,1,2473266
7290115671346,false,מיני פינוקיות טופי קרמל מלוח 180 ג' עלית,הגביע מוצרי ופלים בע,IL,מיני פינוקיות טופי כ,גרמים,180.00,100 גרם,false,,9.90,0.0550,true,1,2473272
7290115671353,false,מיני פינוקיות עוגיות קקאו במילוי קרם בטעם וניל,עלית,IL,מיני פינוקיות שחור ל,גרמים,180.00,100 גרם,false,,9.90,0.0550,true,1,2495279
7290115675559,false,מארז קפה טורקי לדרך 70ג' עלית,שטראוס קפה בי.וי.,IL,מארז קפה טורקי לדרך,גרמים,70.00,100 גרם,false,,7.50,0.1071,true,1,2439500
7290115675719,false,דגני בוקר קראנצ'ים שיבולת שועל וחתיכות שוקולד מריר,קוואקר Quaker,IL,דגני בוקר קוואקר שוק,גרמים,375.00,100 גרם,false,,19.90,0.0531,true,1,2474093
7290115676037,false,דנונה ריפרש יוגורט עם תות ודומדמניות 1.6% שומן,מיוצר עי קונדיטוריית,IL,דנונה לשתייה ריפרש ת,גרמים,250.00,100 גרם,false,,5.50,0.0220,true,1,2463772
7290115676051,false,"אקטיביה משקה+שיבולת שועל במתיקות מעודנת 250 מ""ל",מיוצר עי קונדיטוריית,IL,משקה אקטיביה עם ש.שו,גרמים,265.00,100 גרם,false,,4.90,0.0185,true,1,2488987
7290115676082,false,משקה דנונה פרו 20 יוגורט תות 255 ג' רבנות,"שטראוס בריאות בע""מ.",IL,משקה דנונה פרו 20 תו,גרמים,255.00,100 גרם,false,,6.40,0.0251,true,1,2463774
7290115676099,false,משקה דנונה פרו 20 יוגורט וניל 255 ג' רבנות,"שטראוס בריאות בע""מ.",IL,משקה דנונה פרו 20 ונ,גרמים,255.00,100 גרם,false,,6.40,0.0251,true,1,2463775
7290115676341,false,אריזות דבש אישיות טו גו 18 * 162 ג' יד מרדכי,קריות זול,IL,דבש טהור בסשטים 18 י,גרמים,162.00,100 גרם,false,,17.90,0.1105,true,1,2520527
7290115676389,false,חרוסת תמרים עם אגוזי,"פוליבה בע""מ",IL,חרוסת 250 גרם,גרמים,250.00,100 גרם,false,,14.90,0.0596,true,1,2449079
7290115677089,false,קונפיטורה תפוח וקינמון יד מרדכי 340 ג',"ב.א מזון בע""מ",IL,קונפיטורת תות 340 גרם,גרמים,340.00,100 גרם,false,,12.90,0.0379,true,1,2471881
7290115677140,false,"תפוצ'יפס WAVY פפריקה, 200 ג'",שטראוס פריטו ליי בע”,IL,תפוצ'יפס 200 גרם פפר,גרמים,200.00,100 גרם,false,,9.90,0.0495,true,1,2542579
7290115677362,false,נודלס טריאקי 350 ג' דלישס,"טרופיקל דגיל בע""מ אז",IL,נודלס טריאקי,גרמים,350.00,100 גרם,false,,26.90,0.0769,true,1,2494376
7290115677676,false,חומוס עשיר בטחינה גולמית עם מלא חריף 400 גר אחלה,,,חומוס אחלה בתוספת חר,גרמים,400.00,100 גרם,false,,11.90,0.0298,true,1,2440360
7290115678222,false,מארז 8 גביעים יוגורט Greek בסגנון יווני 6.5% שומן,דנונה - שטראוס,IL,מארז 8 יוגורט יווני,גרמים,1040.00,100 גרם,false,,23.90,0.0230,true,1,2463784
7290115678376,false,מעדן הגולן שוקולד 125 גרם,מיוצר עי קונדיטוריית,IL,מעדן הגולן שוקולד 12,גרמים,125.00,100 גרם,false,,2.90,0.0232,true,1,2473945
7290115678383,false,מעדן הגולן שוקולד מריר 125 גר,מיוצר עי קונדיטוריית,IL,מעדן הגולן שוקולד מר,גרמים,125.00,100 גרם,false,,2.90,0.0232,true,1,2473946
7290115678635,false,נשנושי גבינה -גבינת שמנת 16%+כעכים שטוחים עם מלח,"מחלבת טבע עז בע""מ",IL,נשנושי גבינה 16% עם,גרמים,67.00,100 גרם,false,,7.90,0.1179,true,1,2527877
7290115678642,false,נשנושי גבינה 16% עם חטיף אפוי עם זיתים 67 ג' שטראוס,"מחלבת טבע עז בע""מ",IL,נשנושי גבינה 16% עם,גרמים,67.00,100 גרם,false,,7.90,0.1179,true,1,2523572
7290115678871,false,שוקולית נוגט 500 ג' עלית,שטראוס גרופ,IL,שוקולית נוגט 500 גרם,גרמים,500.00,100 גרם,false,,11.90,0.0238,true,1,2500081
7290115678888,false,שוקולית טופי קרמל 500 ג' עלית,שטראוס גרופ,IL,שוקולית טופי קרמל 50,גרמים,500.00,100 גרם,false,,11.90,0.0238,true,1,2500082
7290115679878,false,פיצה מבצק עם סלק שטר,גסטרונומיה פרוסט אס.,IT,פיצה מבצק עם סלק,גרמים,400.00,100 גרם,false,,27.90,0.0697,true,1,2494383
7290115679885,false,פיצה מבצק עם כרובית עם רוטב עגבניות ומוצרלה,גסטרונומיה פרוסט אס.,IT,פיצה מבצק עם כרובית,גרמים,400.00,100 גרם,false,,27.90,0.0697,true,1,2494384
7290115679960,false,ציטוס פופקורן טבעי 60 גר',"שטראוס פריטו ליי בע""",IL,ציטוס פופקורן טבעי 6,גרמים,60.00,100 גרם,false,,3.50,0.0583,true,1,2487448
7290115730067,false,צלחת flower 9 שחור-,,,צלחת flower 9 שחור-,יחידה,0.00,יחידה,false,,23.90,0.0000,true,1,2465188
7290115730265,false,צלחת flower 9 שקוף-,,,צלחת flower 9 שקוף-,יחידה,0.00,יחידה,false,,23.90,0.0000,true,1,2465207
7290115730333,false,צלחת flower 7 ורוד-,,,צלחת flower 7 ורוד-,יחידה,0.00,יחידה,false,,13.90,0.0000,true,1,2465214
7290115730364,false,קסרול flower ורוד-אר,,,קסרול flower ורוד-אר,יחידה,0.00,יחידה,false,,12.90,0.0000,true,1,2465217
7290115730401,false,מרק flower מנטה- אר',,,מרק flower מנטה- אר',יחידה,0.00,יחידה,false,,18.90,0.0000,true,1,2465221
7290115730425,false,קערה flower מנטה- אר,,,קערה flower מנטה- אר,יחידה,0.00,יחידה,false,,12.90,0.0000,true,1,2465223
7290115730876,false,כוסות ליקר ניאון 2OZ,,,כוסות ליקר ניאון 2OZ,יחידה,0.00,יחידה,false,,7.90,0.0000,true,1,2422832
7290115731019,false,קסרול פרח מתכלות מקנ,,,קסרול פרח מתכלות מקנ,יחידה,0.00,יחידה,false,,7.90,0.0000,true,1,2513087
7290115731279,false,תחתיות זהב מקרטון לע,,,תחתיות זהב מקרטון לע,יח',20.00,יח',false,,4.90,0.2450,true,1,2472273
7290115731293,false,תחתיות זהב מקרטון לע,,,תחתיות זהב מקרטון לע,יח',20.00,יח',false,,4.90,0.2450,true,1,2472275
7290115731484,false,שקיות ריצ'רץ 28*27,,,שקיות ריצ'רץ 28*27,יחידה,0.00,יחידה,false,,9.90,0.0000,true,1,2513092
7290115731569,false,כוס נייר נחלים עבה ג,,,כוס נייר נחלים עבה ג,יח',20.00,יח',false,,14.90,0.7450,true,1,2472282
7290115731675,false,צלחת flower 11.5 שקו,,,צלחת flower 11.5 שקו,יח',10.00,יח',false,,32.90,3.2900,true,1,2472285
7290115731712,false,צלחת flower 11.5 שחו,,,צלחת flower 11.5 שחו,יח',10.00,יח',false,,32.90,3.2900,true,1,2472289
7290115731729,false,צלחת flower 11.5 ורו,,,צלחת flower 11.5 ורו,יח',10.00,יח',false,,32.90,3.2900,true,1,2472290
7290115732030,false,צלחות 10 גרניט לבן ז,,,צלחות 10 גרניט לבן ז,יח',10.00,יח',false,,34.90,3.4900,true,1,2472298
7290115732153,false,צלחות 7 גרניט לבן זה,,,צלחות 7 גרניט לבן זה,יח',10.00,יח',false,,19.90,1.9900,true,1,2472309
7290115732177,false,צלחות 7 גרניט לבן בר,,,צלחות 7 גרניט לבן בר,יח',10.00,יח',false,,19.90,1.9900,true,1,2472311
7290115732238,false,מרקיות גרניט לבן ברו,,,מרקיות גרניט לבן ברו,יח',10.00,יח',false,,19.90,1.9900,true,1,2472317
7290115732276,false,צלחות 6 גרניט לבן זה,,,צלחות 6 גרניט לבן זה,יח',10.00,יח',false,,16.90,1.6900,true,1,2472321
7290115732443,false,קערות קסרול גרניט לב,,,קערות קסרול גרניט לב,יח',1.00,יח',false,,14.90,14.9000,true,1,2472331
7290115732504,false,מגש מרובע גרניט 35*3,,,מגש מרובע גרניט 35*3,יח',1.00,יח',false,,12.90,12.9000,true,1,2472337
7290115732511,false,מגש מרובע גרניט 35*3,,,מגש מרובע גרניט 35*3,יח',1.00,יח',false,,12.90,12.9000,true,1,2472338
7290115732528,false,מגש מרובע גרניט 35*3,,,מגש מרובע גרניט 35*3,יח',1.00,יח',false,,12.90,12.9000,true,1,2472339
7290115732573,false,"מגש מרובע 30*30 ס""מ",,,"מגש מרובע 30*30 ס""מ",יח',1.00,יח',false,,9.90,9.9000,true,1,2472344
7290115732597,false,"מגש מרובע 30*30 ס""מ",,,"מגש מרובע 30*30 ס""מ",יח',1.00,יח',false,,9.90,9.9000,true,1,2472346
7290115732719,false,מגש עגול גרניט 40*40,,,מגש עגול גרניט 40*40,יח',1.00,יח',false,,13.90,13.9000,true,1,2472349
7290115732726,false,מגש עגול גרניט 40*40,,,מגש עגול גרניט 40*40,יח',1.00,יח',false,,13.90,13.9000,true,1,2472350
7290115732863,false,מגש עגול גרניט 40*40,,,מגש עגול גרניט 40*40,יח',1.00,יח',false,,13.90,13.9000,true,1,2472352
7290115733044,false,לפתניה קשתות טורקיז-,,,לפתניה קשתות טורקיז-,יח',25.00,יח',false,,6.90,0.2760,true,1,2472365
7290115733051,false,קסרול קשתות טורקיז-א,,,קסרול קשתות טורקיז-א,יח',25.00,יח',false,,5.90,0.2360,true,1,2472366
7290115733068,false,קערות קשתות טורקיז-א,,,קערות קשתות טורקיז-א,יח',10.00,יח',false,,9.90,0.9900,true,1,2472367
7290115733228,false,מאפינס ברונזה,,,מאפינס ברונזה,יחידה,0.00,יחידה,false,,7.90,0.0000,true,1,2513093
7290115733259,false,מאפינס צבעוני מוזהב,,,מאפינס צבעוני מוזהב,יחידה,0.00,יחידה,false,,11.90,0.0000,true,1,2513094
7290115733525,false,"זוג תבניות 22 ס""מ עג",,,"זוג תבניות 22 ס""מ עג",יחידה,0.00,יחידה,false,,17.90,0.0000,true,1,2513096
7290115733549,false,"זוג תבניות 25 ס""מ עג",,,"זוג תבניות 25 ס""מ עג",יחידה,0.00,יחידה,false,,19.90,0.0000,true,1,2513098
7290115733563,false,זוג תבניות מלבניות T,,,זוג תבניות מלבניות T,יחידה,0.00,יחידה,false,,17.90,0.0000,true,1,2513100
7290115733600,false,זוג תבניות אובליות ב,,,זוג תבניות אובליות ב,יחידה,0.00,יחידה,false,,17.90,0.0000,true,1,2513104
7290115733624,false,זוג תבניות אובליות ג,,,זוג תבניות אובליות ג,יחידה,0.00,יחידה,false,,19.90,0.0000,true,1,2513106
7290115733778,false,מזלג מוכסף סטיקס,,,מזלג מוכסף סטיקס,יחידה,0.00,יחידה,false,,6.90,0.0000,true,1,2513107
7290115733785,false,סכין מוכסף סטיקס,,,סכין מוכסף סטיקס,יחידה,0.00,יחידה,false,,6.90,0.0000,true,1,2513108
7290115733792,false,כף מוכסף סטיקס,,,כף מוכסף סטיקס,יחידה,0.00,יחידה,false,,6.90,0.0000,true,1,2513109
7290115733808,false,כפית מוכסף סטיקס,,,כפית מוכסף סטיקס,יחידה,0.00,יחידה,false,,6.90,0.0000,true,1,2513110
7290115733914,false,זהב שחור-תבנית אינגל,,,זהב שחור-תבנית אינגל,יחידה,0.00,יחידה,false,,17.90,0.0000,true,1,2513111
7290115733921,false,זהב שחור-תבנית אינגל,,,זהב שחור-תבנית אינגל,יחידה,0.00,יחידה,false,,17.90,0.0000,true,1,2513112
7290115734010,false,צלחת 10 אורבניק לבן,,,צלחת 10 אורבניק לבן,יחידה,0.00,יחידה,false,,39.90,0.0000,true,1,2513121
7290115734041,false,צלחת 9 אורבניק לבן,,,צלחת 9 אורבניק לבן,יחידה,0.00,יחידה,false,,28.90,0.0000,true,1,2513124
7290115734072,false,צלחת 7 אורבניק לבן,,,צלחת 7 אורבניק לבן,יחידה,0.00,יחידה,false,,19.90,0.0000,true,1,2513127
7290115734102,false,מרק אורבניק לבן,,,מרק אורבניק לבן,יחידה,0.00,יחידה,false,,29.90,0.0000,true,1,2513130
7290115734171,false,צלחת 10 אורבניק ורוד,,,צלחת 10 אורבניק ורוד,יחידה,0.00,יחידה,false,,39.90,0.0000,true,1,2513137
7290115734232,false,צלחת 7 אורבניק ורוד,,,צלחת 7 אורבניק ורוד,יחידה,0.00,יחידה,false,,19.90,0.0000,true,1,2513143
7290115734270,false,קסרול אורבניק עכבר,,,קסרול אורבניק עכבר,יחידה,0.00,יחידה,false,,15.90,0.0000,true,1,2513147
7290115734348,false,צלחת 9 אורבניק מנטה,,,צלחת 9 אורבניק מנטה,יחידה,0.00,יחידה,false,,28.90,0.0000,true,1,2513153
7290115734430,false,קסרול אורבניק מנטה,,,קסרול אורבניק מנטה,יחידה,0.00,יחידה,false,,15.90,0.0000,true,1,2513159
7290115734461,false,קערה קטנה אורבניק מנ,,,קערה קטנה אורבניק מנ,יחידה,0.00,יחידה,false,,19.90,0.0000,true,1,2513161
7290115734478,false,קערה קטנה אורבניק אפ,,,קערה קטנה אורבניק אפ,יחידה,0.00,יחידה,false,,19.90,0.0000,true,1,2513162
7290115734508,false,קערה קטנה אורבניק ור,,,קערה קטנה אורבניק ור,יחידה,0.00,יחידה,false,,19.90,0.0000,true,1,2513165
7290115734515,false,קערה קטנה אורבניק מו,,,קערה קטנה אורבניק מו,יחידה,0.00,יחידה,false,,19.90,0.0000,true,1,2513166
7290115734539,false,קערה גדולה אורבניק פ,,,קערה גדולה אורבניק פ,יחידה,0.00,יחידה,false,,28.90,0.0000,true,1,2513168
7290115734553,false,קערה גדולה אורבניק א,,,קערה גדולה אורבניק א,יחידה,0.00,יחידה,false,,28.90,0.0000,true,1,2513170
7290115734560,false,קערה גדולה אורבניק ע,,,קערה גדולה אורבניק ע,יחידה,0.00,יחידה,false,,28.90,0.0000,true,1,2513171
7290115734591,false,קערה גדולה אורבניק מ,,,קערה גדולה אורבניק מ,יחידה,0.00,יחידה,false,,28.90,0.0000,true,1,2513174
7290115734607,false,קערה גדולה אורבניק ש,,,קערה גדולה אורבניק ש,יחידה,0.00,יחידה,false,,28.90,0.0000,true,1,2513175
7290115735741,false,קסרול מטאור קרם זהב,,,קסרול מטאור קרם זהב,יחידה,0.00,יחידה,false,,16.90,0.0000,true,1,2513181
7290115735758,false,קסרול מטאור לבן כסף,,,קסרול מטאור לבן כסף,יחידה,0.00,יחידה,false,,16.90,0.0000,true,1,2513182
7290115735772,false,מרקיה מטאור כחול,,,מרקיה מטאור כחול,יחידה,0.00,יחידה,false,,23.90,0.0000,true,1,2513184
7290115735802,false,מרקיה מטאור קרם זהב,,,מרקיה מטאור קרם זהב,יחידה,0.00,יחידה,false,,23.90,0.0000,true,1,2513187
7290115735819,false,מרקיה מטאור לבן כסף,,,מרקיה מטאור לבן כסף,יחידה,0.00,יחידה,false,,23.90,0.0000,true,1,2513188
7290115735826,false,צלחת 7 מטאור ורוד,,,צלחת 7 מטאור ורוד,יחידה,0.00,יחידה,false,,18.90,0.0000,true,1,2513189
7290115735833,false,צלחת 7 מטאור כחול,,,צלחת 7 מטאור כחול,יחידה,0.00,יחידה,false,,18.90,0.0000,true,1,2513190
7290115735871,false,צלחת 7 מטאור לבן כסף,,,צלחת 7 מטאור לבן כסף,יחידה,0.00,יחידה,false,,18.90,0.0000,true,1,2513194
7290115735925,false,צלחת 9 מטאור קרם זהב,,,צלחת 9 מטאור קרם זהב,יחידה,0.00,יחידה,false,,25.90,0.0000,true,1,2513199
7290115735932,false,צלחת 9 מטאור לבן כסף,,,צלחת 9 מטאור לבן כסף,יחידה,0.00,יחידה,false,,25.90,0.0000,true,1,2513200
7290115735949,false,צלחת 10 מטאור ורוד,,,צלחת 10 מטאור ורוד,יחידה,0.00,יחידה,false,,39.90,0.0000,true,1,2513201
7290115735956,false,צלחת 10 מטאור כחול,,,צלחת 10 מטאור כחול,יחידה,0.00,יחידה,false,,39.90,0.0000,true,1,2513202
7290115735987,false,צלחת 10 מטאור קרם זה,,,צלחת 10 מטאור קרם זה,יחידה,0.00,יחידה,false,,39.90,0.0000,true,1,2513205
7290115735994,false,צלחת 10 מטאור לבן כס,,,צלחת 10 מטאור לבן כס,יחידה,0.00,יחידה,false,,39.90,0.0000,true,1,2513206
7290115736649,false,כוס לונג,,,כוס לונג,יחידה,0.00,יחידה,false,,8.90,0.0000,true,1,2513208
7290115736885,false,מיקס שקיות אשפה ריחנ,,,מיקס שקיות אשפה ריחנ,יחידה,0.00,יחידה,false,,11.90,0.0000,true,1,2513210
7290115737325,false,תבנית בוטיק טארט מינ,,,תבנית בוטיק טארט מינ,יחידה,0.00,יחידה,false,,13.90,0.0000,true,1,2513215
7290115737349,false,תבנית בוטיק מרובע 11,,,תבנית בוטיק מרובע 11,יחידה,0.00,יחידה,false,,13.90,0.0000,true,1,2513217
7290115737356,false,תבנית בוטיק מלבן 10*,,,תבנית בוטיק מלבן 10*,יחידה,0.00,יחידה,false,,13.90,0.0000,true,1,2513218
7290115737363,false,תבנית בוטיק מלבן 10*,,,תבנית בוטיק מלבן 10*,יחידה,0.00,יחידה,false,,13.90,0.0000,true,1,2513219
7290115737387,false,תבנית בוטיק מלבן 20*,,,תבנית בוטיק מלבן 20*,יחידה,0.00,יחידה,false,,13.90,0.0000,true,1,2513221
7290115737394,false,תבנית בוטיק אובל 12*,,,תבנית בוטיק אובל 12*,יחידה,0.00,יחידה,false,,13.90,0.0000,true,1,2513222
7290115737417,false,תבנית בוטיק חלה 13.5,,,תבנית בוטיק חלה 13.5,יחידה,0.00,יחידה,false,,13.90,0.0000,true,1,2513224
7290115901399,false,מוזרקים LOL,,,מוזרקים LOL,יחידה,0.00,יחידה,false,,29.90,0.0000,true,1,2487387
7290115902761,false,מטריה שקופה ברבי,,,מטריה שקופה ברבי,יחידה,0.00,יחידה,false,,16.90,0.0000,true,1,2538437
7290115903577,false,מטרית ילדים ברבי,,,מטרית ילדים ברבי,יחידה,0.00,יחידה,false,,16.90,0.0000,true,1,2538461
7290116244037,false,אצבעות שוקולד חלב 84 גר'-חד קרן,,,אצבעות שוקולד חלב חד,יחידה,0.00,יחידה,false,,9.90,0.0000,true,1,2500819
7290116244075,false,אצבעות שוקולד חלב 84 גר'-סמי הכבאי,,,אצבעות שוקולד חלב סמ,יחידה,0.00,יחידה,false,,6.90,0.0000,true,1,2500823
7290116244853,false,סוכריות קישוט 8 יח ב,,,סוכריות קישוט 8 יח ב,יחידה,0.00,יחידה,false,,20.90,0.0000,true,1,2517489
7290116244877,false,סוכריות קישוט 8 יח ב,,,סוכריות קישוט 8 יח ב,יחידה,0.00,יחידה,false,,20.90,0.0000,true,1,2517491
7290116244945,false,סוכריות קישוט 25 גר',,,סוכריות קישוט 25 גר',יחידה,0.00,יחידה,false,,7.90,0.0000,true,1,2517498
7290116244952,false,סוכריות קישוט 25 גר',,,סוכריות קישוט 25 גר',יחידה,0.00,יחידה,false,,7.90,0.0000,true,1,2517499
7290116244969,false,סוכריות קישוט 25 גר',,,סוכריות קישוט 25 גר',יחידה,0.00,יחידה,false,,7.90,0.0000,true,1,2517500
7290116244976,false,סוכריות קישוט 25 גר',,,סוכריות קישוט 25 גר',יחידה,0.00,יחידה,false,,7.90,0.0000,true,1,2517501
7290116249773,false,כוס קפה לנסיעה נירוס,,,כוס קפה לנסיעה נירוס,יחידה,0.00,יחידה,false,,39.90,0.0000,true,1,2500865
7290116530000,false,"דאב - תרחיץ פנים מרענן בניחוח מלפפון ותה ירוק 180 מ""ל",דאב Dove,,תרחיץ פנים דאב מלפפו,מיליליטרים,180.00,"100 מ""ל",false,,14.90,0.0828,true,1,2525412
7290116530215,false,דאודרנט סטיק לגבר דרק טמפטיישן 76 ג' אקס,אקס Axe,,אקס סטיק שוקולד,גרמים,77.00,100 גרם,false,,18.90,0.2455,true,1,2456377
7290116530222,false,דאודרנט סטיק לגבר אנרכי 76 ג' אקס,אקס Axe,,אקס סטיק אנרכי,גרמים,77.00,100 גרם,false,,18.90,0.2455,true,1,2456378
7290116530239,false,אקס דאו סטיק לגבר בלאק 7 גרם,אקס Axe,,אקס סטיק בלאק,גרמים,77.00,100 גרם,false,,18.90,0.2455,true,1,2456385
7290116530871,false,מיקס נשנושים 240 ג' בייגל בייגל,בייגל בייגל BB,IL,נשנושים חטיף מיקס,גרמים,240.00,100 גרם,false,,12.90,0.0538,true,1,2456490
7290116530895,false,"תרסיס ריחני למייבש כביסה פינוק כחול בדין 500 מ""ל","זוהר דליה, קיבוץ דלי",IL,בדין תרסיס למייבש 50,מיליליטרים,500.00,"100 מ""ל",false,,16.90,0.0338,true,1,2464610
7290116531069,false,מרק בצל רכיבים טבעיים קטן 225 ג' קנור,יוניליוור ישראל מזון,IL,מרק בצל רכיבים טבעיי,גרמים,220.00,100 גרם,false,,16.90,0.0768,true,1,2491893
7290116531083,false,ברנפלקס קוקומן שוקו בננה 375ג' תלמה,יוניליוור שפע ישראל,IL,ברנפלקס ללא סוכר בטע,גרמים,400.00,100 גרם,false,,22.90,0.0572,true,1,2486682
7290116531496,false,דגני בוקר קינמונים 375 ג' תלמה,נאוג'אזיס נווזיס UAB,LT,קינמונים דגנים פריכי,גרמים,375.00,100 גרם,false,,19.90,0.0531,true,1,2516668
7290116531557,false,מאגדת פתית פריכיות תירס דקות 150 ג',פתית,,מאגדת פתית פירכיות ת,גרמים,150.00,100 גרם,false,,12.90,0.0860,true,1,2508720
7290116531564,false,מאגדת פתית פריכיות תירס דקות עם קינואה ובזיליקום 150 ג',פתית,,מאגדת פתית פירכיות ק,גרמים,150.00,100 גרם,false,,12.90,0.0860,true,1,2508721
7290116531830,false,דגני בוקר קינמון 686 ג' כריות,יוניליוור שפע ישראל,IL,כריות קינמון 686 גרם,גרמים,686.00,100 גרם,false,,24.90,0.0363,true,1,2490823
7290116532011,false,קליק - חטיף נוגט שוקולד חלב 35 גרם,אזור התעשייה רמת גבר,IL,חטיף שוקולד קליק נוג,גרמים,35.00,100 גרם,false,,3.90,0.1114,true,1,2499728
7290116532219,false,קורנפלקס תות 448 גרם תלמה רבנות,אתר שפע,,קורנפלקס תות 448 גרם,גרמים,448.00,100 גרם,false,,19.90,0.0444,true,1,2514871
7290116532240,false,קליק טבלה שוקולד חלב פצפוצי דגנים ועוגי 85 גרם רבנות,אתר צפת טבלאות ותעשי,IL,טבלת XL קליק שוקולד,גרמים,85.00,100 גרם,false,,4.90,0.0576,true,1,2514872
7290116532622,false,"פינוק - מרכך גוגי ברי 700 מ""ל",,,מרכך פינוק בתוספת תמ,מיליליטרים,700.00,"100 מ""ל",false,,11.90,0.0170,true,1,2515311
7290116532721,false,רוטב הלמנס ישראלי לסלט לימון וזעתר 305 ג,יוניליוור,IL,רוטב לסלט לימון וזעת,גרמים,295.00,100 גרם,false,,12.90,0.0437,true,1,2539264
7290116532738,false,רוטב לסלט הלמנס איטלקי בז' ואורגנו 305 ג,יוניליוור,IL,רוטב איטלקי הלמנס,גרמים,295.00,100 גרם,false,,12.90,0.0437,true,1,2539265
7290116532875,false,"פינוק סבון נוזלי בייבי 900מ""ל",אתר ליוור,,אל סבון בייבי פינוק,מיליליטרים,900.00,"100 מ""ל",false,,19.90,0.0221,true,1,2535001
7290116532882,false,נשנושים איירביס בצל 155 גר',קריות זול,,נישנושים איירביס טעם,גרמים,155.00,100 גרם,false,,12.90,0.0832,true,1,2527470
7290116532899,false,נשנושים איירביס פלאפל 155 גר',קריות זול,,נישנושים איירביס טעם,גרמים,155.00,100 גרם,false,,12.90,0.0832,true,1,2527471
7290116533063,false,שוגי בטעם קרטיב ענבים 400 גרם,יוניליוור,IL,דגני בוקר שוגי בטעם,גרמים,400.00,100 גרם,false,,19.90,0.0497,true,1,2519300
7290116533216,false,מרק ירקות קנור רכיבי,,,מרק ירקות קנור רכיבי,גרמים,235.00,100 גרם,false,,16.90,0.0719,true,1,2539258
7290116914442,false,מארז סוכריות על מקל 12 גרם בטעמי פירות הפוני הקטן שלי 50 יח',,,מארז סוכריות על מקל,יחידה,0.00,יחידה,false,,19.90,0.0000,true,1,2517539
7290116914466,false,מארז סוכריות על מקל 12 גרם בטעמי פירות בארבי 50 יח',,,מארז סוכריות על מקל,יחידה,0.00,יחידה,false,,19.90,0.0000,true,1,2517541
7290116915067,false,ממתק צעצוע קנדי דיספ,,,ממתק צעצוע קנדי דיספ,יחידה,0.00,יחידה,false,,9.90,0.0000,true,1,2517568
7290116930015,false,חטיף חלבון GO קרמל ח.בוטנים קריספי 20 גרם חלבון,תנובה,IL,חטיף חלבון GO קרמל ח,גרמים,20.00,100 גרם,false,,11.90,0.5950,true,1,2517365
7290116930282,false,ארוחה בקטנה לאבנה עם קרקרים 150ג' תנובה,תנובה,IL,ארוחה בקטנה לאבנה 9%,גרמים,150.00,100 גרם,false,,8.90,0.0593,true,1,2530841
7290116930435,false,יוגורט יופלה GO במרקם סמיך עם דובדבן 0%,תנובה מרכז שיתופי לש,IL,יוגורט יופלה GO סמיך,גרמים,200.00,100 גרם,false,,5.90,0.0295,true,1,2516613
7290116930459,false,"משקה SHAKE בננה אננס וקוקוס 230 מ""ל יופלה",יופלה Yoplait,IL,יופלה SHAKE בננה אננ,מיליליטרים,230.00,"100 מ""ל",false,,7.90,0.0343,true,1,2522513
7290116930466,false,"משקה SHAKE בננה מנגן פסיפלורה והל 230 מ""ל יופלה",יופלה Yoplait,IL,יופלה SHAKE מנגו בננ,מיליליטרים,230.00,"100 מ""ל",false,,7.90,0.0343,true,1,2522514
7290116930480,false,"משקה SHAKE בננה קיווי תפוח 230 מ""ל יופלה",יופלה Yoplait,IL,יופלה SHAKE בננה קיו,מיליליטרים,230.00,"100 מ""ל",false,,7.90,0.0343,true,1,2522515
7290116930657,false,"משקה חלב GO בננה תמר שיבולת שועל 340 מ""ל",תנובה מרכז שיתופי לש,IL,משקה תנובה GO בננה,מיליליטרים,340.00,"100 מ""ל",false,,8.90,0.0262,true,1,2544840
7290116930701,false,מעדן חלב GO מועשר בחלבון בטעם קרמל מלוח,תנובה מרכז שיתופי לש,IL,יוגורט יופלה GO בטעם,גרמים,120.00,100 גרם,false,,4.90,0.0408,true,1,2521327
7290116930718,false,מעדן תנובה דיאט בטעם שוקולד וקרמל מלוח 0% 150ג' תנובה,"תנובה בע""מ",IL,מעדן דיאט בטעם שוקול,גרמים,150.00,100 גרם,false,,4.20,0.0280,true,1,2523524
7290116930725,false,סויה BIO קוקוס גביע 150 גרם אלטרנטיב,תנובה בעמ,IL,מעדן סויה ביו קוקוס,גרמים,150.00,100 גרם,false,,4.90,0.0327,true,1,2528997
7290116930954,false,יוגורט טעם פאי תפוחים 3% 150 ג' יופלה,"תנובה בע""מ",IL,יופלה בטעם פאי תפוחי,גרמים,150.00,100 גרם,false,,5.20,0.0347,true,1,2544818
7290116931012,false,יופלה דיאט 0% שומן תפוח וקינמון 150 גרם,תנובה מרכז שיתופי לש,IL,יופלה דיאט 0% שומן ת,גרמים,150.00,100 גרם,false,,5.20,0.0347,true,1,2544826
7290116931081,false,מעדן סויה - טופי קרמל 125 גרם אלטרנטיב,תנובה מרכז שיתופי לש,IL,גביע מעדן סויה בטעם,מיליליטרים,125.00,"100 מ""ל",false,,4.30,0.0344,true,1,2528998
7290116931159,false,יופלה דיאט 0% שומן תות בננה 150 גרם,תנובה מרכז שיתופי לש,IL,יופלה דיאט 0% שומן ת,גרמים,150.00,100 גרם,false,,5.20,0.0347,true,1,2544827
7290116931289,false,יוגורט GO סמיך אלפחורס 200 גרם,תנובה מרכז שיתופי לש,IL,יוגורט יופלה GO סמיך,גרמים,200.00,100 גרם,false,,5.40,0.0270,true,1,2547100
7290117050842,false,"מועך תפו""א עם קצה מס",,,"מועך תפו""א עם קצה מס",יחידה,0.00,יחידה,false,,19.90,0.0000,true,1,2539099
7290117050880,false,תרבד עם קצה מסיליקון,,,תרבד עם קצה מסיליקון,יחידה,0.00,יחידה,false,,19.90,0.0000,true,1,2539102
7290117051719,false,סט 6 כוסות יין בצבע,,,סט 6 כוסות יין בצבע,יחידה,0.00,יחידה,false,,139.90,0.0000,true,1,2537725
7290117051870,false,פורס תפוחים,,,פורס תפוחים,יחידה,0.00,יחידה,false,,16.90,0.0000,true,1,2537616
7290117055199,false,מארז 2 כוסות ויסקי 3,,,מארז 2 כוסות ויסקי 3,יחידה,0.00,יחידה,false,,39.90,0.0000,true,1,2548200
7290117260005,false,קונפיטורה תות שדה 380 ג' ויליפוד,וילי פוד,,קונפיטורה תות שדה 38,גרמים,380.00,100 גרם,false,,9.90,0.0261,true,1,2487626
7290117260029,false,קונפיטורה דובדבנים 380 ג' ויליפוד,וילי פוד,,קונפיטורה דובדבנים 3,גרמים,380.00,100 גרם,false,,9.90,0.0261,true,1,2487628
7290117260036,false,קונפיטורה משמש 380 ג' ויליפוד,,,קונפיטורה משמש 380 ג,גרמים,380.00,100 גרם,false,,9.90,0.0261,true,1,2487629
7290117260043,false,ריבת עלי ורדים 380 ג' ויליפוד,וילי פוד,,ריבת עלי ורדים 380 ג,גרמים,380.00,100 גרם,false,,9.90,0.0261,true,1,2487617
7290117260050,false,קונפיטורה חבושים 380 ג' ויליפוד,וילי פוד,,קונפיטורה חבושים 380,גרמים,380.00,100 גרם,false,,9.90,0.0261,true,1,2487630
7290117260098,false,חטיף גבינה לבנה בטעם,,,חטיף גבינה לבנה בטעם,גרמים,120.00,100 גרם,false,,12.90,0.1075,true,1,2522532
7290117260104,false,חטיף גבינה לבנה בטעם,,,חטיף גבינה לבנה בטעם,גרמים,120.00,100 גרם,false,,12.90,0.1075,true,1,2522533
7290117260111,false,חטיף גבינה קרם ברולה,,,חטיף גבינה לבנה בטעם,גרמים,120.00,100 גרם,false,,12.90,0.1075,true,1,2522534
7290117260227,false,קפה טורקי אמיתי 100 גר',,,קפה טורקי אמיתי מטור,גרמים,100.00,100 גרם,false,,5.90,0.0590,true,1,2495205
7290117260234,false,"קפה טורקי אמיתי מטורקיה, שלישיה 3 * 100 גרם",וילי פוד,,קפה טורקי אמיתי מטו,גרמים,300.00,100 גרם,false,,7.90,0.0263,true,1,2495206
7290117260395,false,מאפה פילו יווני מסורתי ממולא תרד וגבינת פטה,וילי פוד,,מאפה פילו ממולא גבינ,גרמים,400.00,100 גרם,false,,18.90,0.0472,true,1,2490066
7290117260449,false,גבינה בולגרית מעודנת למריחה בטעם טבעי 5% שומן 200 ג' יורו,,,גבינת בולגרית מעודנת,גרמים,200.00,100 גרם,false,,12.90,0.0645,true,1,2512954
7290117260456,false,גבינה בולגרית מעודנת למריחה עם זיתים 5% שומן 200 ג' יורו,,,גבינת בולגרית מעודנת,גרמים,200.00,100 גרם,false,,12.90,0.0645,true,1,2512955
7290117260463,false,גבינה בולגרית מעודנת למריחה עם חלפיניו 5% שומן 200 ג' יורו,Euro יורו מחלבות אירופה,,גבינת בולגרית מעודנת,גרמים,200.00,100 גרם,false,,12.90,0.0645,true,1,2512956
7290117260470,false,גבינה בולגרית מעודנת למריחה עם שום 5% שומן 200 ג' יורו,,,גבינת בולגרית מעודנת,גרמים,200.00,100 גרם,false,,12.90,0.0645,true,1,2512957
7290117260562,false,חמאה כפרית מסורתית בגביע,וילי פוד,TR,חמאה בגביע 225 גרם,גרמים,225.00,100 גרם,false,,16.90,0.0751,true,1,2543471
7290117260579,false,חטיף קראנצ'י על בסיס קמח עדשים בטעם שמנת חמוצה ובצל 80 ג',וילי פוד,,חטיף קראנצ'י על בסיס,גרמים,80.00,100 גרם,false,,9.90,0.1238,true,1,2527838
7290117260586,false,חטיף קראנצ'י על בסיס קמח עדשים בטעם פלפל חלפיניו וליים 80 ג',וילי פוד,,חטיף קראנצ'י על בסיס,גרמים,80.00,100 גרם,false,,9.90,0.1238,true,1,2527839
7290117260593,false,חטיף קראנצ'י על בסיס קמח עדשים בטעם צ'דר 80 ג',וילי פוד,,חטיף קראנצ'י על בסיס,גרמים,80.00,100 גרם,false,,9.90,0.1238,true,1,2527840
7290117260685,false,תן בו וניל בציפויים בטעמים שונים 12 יח',אלוויר,DK,תן בו בטעם וניל בציפ,גרמים,230.00,100 גרם,false,,19.90,0.0865,true,1,2494106
7290117260821,false,גבינת כבשים צ'אנק עם פטריות כמהין 150 ג' אל פסטור,,,גבינת כבשים צ'אנק עם,גרמים,150.00,100 גרם,false,,22.90,0.1527,true,1,2527511
7290117260906,false,פופקורן בטעם פירות 90 ג' ויליפוד,אלאלסי,UA,פופקורן בציפוי בטעם,גרמים,90.00,100 גרם,false,,5.90,0.0656,true,1,2496617
7290117260982,false,זיתים שחורים מגולענים במי מלח 300ג',,,זיתים שחורים מגולעני,גרמים,300.00,100 גרם,false,,7.90,0.0263,true,1,2543230
7290117261019,false,זיתים ירוקים ממולאים מחית פלפלים אדומים במי מלח 300 גרם,,,זיתים ירוקים ממולאים,גרמים,300.00,100 גרם,false,,7.90,0.0263,true,1,2543231
7290117261026,false,זיתים ירוקים מגולעני,,,זיתים ירוקים מגולעני,גרמים,300.00,100 גרם,false,,7.90,0.0263,true,1,2543232
7290117261033,false,זיתים שחורים מיובשים בסגנון טאסוס 200 גרם,,,זיתים שחורים מיובשים,גרמים,300.00,100 גרם,false,,7.90,0.0263,true,1,2543233
7290117261040,false,זיתים שחורים מרינד 454 ג' ויליפוד,,,זיתים שחורים מרינד 4,גרמים,454.00,100 גרם,false,,14.90,0.0328,true,1,2507160
7290117261088,false,בוראטה גבינת מוצרלה רכה 125ג' 18%שומן,,,בוראטה גבינת מוצרלה,גרמים,125.00,100 גרם,false,,24.90,0.1992,true,1,2543244
7290117261163,false,פיתה יוונית מוקפאת - מארז 10 יחידות,וילי פוד,,פיתה יוונית מוקפאת 7,גרמים,750.00,100 גרם,false,,10.00,0.0133,true,1,2517265
7290117261170,false,פיתה יוונית עם קמח תירס מוקפאת - מארז 8 יחידות,וילי פוד,,פיתה יוונית עם קמח ת,גרמים,680.00,100 גרם,false,,10.00,0.0147,true,1,2517266
7290117261187,false,ארוחת פסטה בהקפאה פנ,,,ארוחת פסטה בהקפאה פנ,גרמים,600.00,100 גרם,false,,17.90,0.0298,true,1,2527855
7290117261200,false,ארוחת פסטה בהקפאה פו,,,ארוחת פסטה בהקפאה פו,גרמים,600.00,100 גרם,false,,17.90,0.0298,true,1,2527856
7290117261217,false,ארוחת אורז בהקפאה עם,,,ארוחת אורז בהקפאה ע,גרמים,600.00,100 גרם,false,,17.90,0.0298,true,1,2527857
7290117261224,false,ארוחת אורז בהקפאה עם,,,ארוחת אורז בהקפאה ע,גרמים,600.00,100 גרם,false,,17.90,0.0298,true,1,2527864
7290117261231,false,ארוחת אורז בהקפאה עם,,,ארוחת אורז בהקפאה עם,גרמים,600.00,100 גרם,false,,17.90,0.0298,true,1,2527876
7290117261354,false,גבינת ריקוטה 200ג5%שומן,באלבן גידה סנאי,TR,גבינת ריקוטה 200 גרם,גרמים,200.00,100 גרם,false,,9.90,0.0495,true,1,2517251
7290117261378,false,גבינת קשקבל לייט 250 גר 8% שומן,סאסו פטוראגס קומטויס,TR,גבינת קשקבל לייט 250,גרמים,250.00,100 גרם,false,,19.90,0.0796,true,1,2517258
7290117261415,false,יוגורט פרוביוטי 2.7%שומן 125ג',Euro יורו מחלבות אירופה,TR,יוגורט פרוביוטי 2.7%,גרמים,125.00,100 גרם,false,,3.50,0.0280,true,1,2541601
7290117261422,false,יוגורט פרוביוטי עם תות שדה 2%שומן 125ג',Euro יורו מחלבות אירופה,TR,יוגורט פרוביוטי עם ת,גרמים,125.00,100 גרם,false,,3.50,0.0280,true,1,2541602
7290117261439,false,יוגורט פרוביוטי עם פירות יער 2%שומן 125ג',Euro יורו מחלבות אירופה,TR,יוגורט פרוביוטי עם פ,גרמים,125.00,100 גרם,false,,3.50,0.0280,true,1,2541603
7290117261446,false,יוגורט פרוביוטי עם אפרסק ומשמש 2%שומן 125ג',Euro יורו מחלבות אירופה,TR,יוגורט פרוביוטי עם א,גרמים,125.00,100 גרם,false,,3.50,0.0280,true,1,2541604
7290117261491,false,מאפה יווני ממולא פטה,,,מאפה יווני ממולא פטה,גרמים,450.00,100 גרם,false,,19.90,0.0442,true,1,2507411
7290117261514,false,סלמון אטלנטי בשמן קנולה ולימון 120 גרם,קריות זול,,סלמון אטלנטי בשמן קנ,גרמים,120.00,100 גרם,false,,10.00,0.0833,true,1,2518399
7290117261521,false,סלמון אטלנטי בשמן קנולה 120 גרם,קריות זול,LV,סלמון אטלנטי בשמן קנ,גרמים,120.00,100 גרם,false,,10.00,0.0833,true,1,2518400
7290117261538,false,סלמון אטלנטי בשמן קנולה וצ'ילי 120ג',קריות זול,LV,סלמון אטלנטי בשמן קנ,גרמים,120.00,100 גרם,false,,10.00,0.0833,true,1,2518401
7290117261545,false,סלמון אטלנטי ברוטב טריאקי 120 גרם,קריות זול,LV,סלמון אטלנטי ברוטב ט,גרמים,120.00,100 גרם,false,,10.00,0.0833,true,1,2518402
7290117261552,false,סלמון אטלנטי ברוטב עגבניות 120 גרם,קריות זול,,סלמון אטלנטי ברוטב ע,גרמים,120.00,100 גרם,false,,10.00,0.0833,true,1,2518403
7290117261569,false,סלמון אטלנטי מעושן בשמן קנולה 120 גרם,קריות זול,LV,סלמון אטלנטי מעושן ב,גרמים,120.00,100 גרם,false,,10.00,0.0833,true,1,2518404
7290117261576,false,סרדינים בריסלינג מעושנים ברוטב עגבניות 129 גרם,קריות זול,,סרדינים בריסלינג מעו,גרמים,185.00,100 גרם,false,,13.90,0.0751,true,1,2535433
7290117261583,false,סרדינים בריסלינג מעושנים בשמן קנולה 129 גרם (צנצנת),קריות זול,,סרדינים בריסלינג מעו,גרמים,185.00,100 גרם,false,,13.90,0.0751,true,1,2535434
7290117261590,false,סרדינים בריסלינג מעושנים בשמן זית 129 גרם,קריות זול,,סרדינים בריסלינג מעו,גרמים,185.00,100 גרם,false,,13.90,0.0751,true,1,2535435
7290117261606,false,פרוסות צהובה טבעונית בטעם טבעי 140ג',,,פרוסות צהובה טבעונית,גרמים,140.00,100 גרם,false,,14.90,0.1064,true,1,2544436
7290117261613,false,מגורדת טבעונית בטעם טבעי 200ג',,,מגורדת טבעונית בטעם,גרמים,200.00,100 גרם,false,,18.90,0.0945,true,1,2530006
7290117261651,false,מגורדת טבעונית בטעם מוצרלה 200ג',,,מגורדת טבעונית בטעם,גרמים,200.00,100 גרם,false,,18.90,0.0945,true,1,2530007
7290117261668,false,לבנה טבעונית בסגנון,,,לבנה טבעונית בסגנון,גרמים,200.00,100 גרם,false,,18.90,0.0945,true,1,2530000
7290117261675,false,מגורדת טבעונית בטעם צ'דר 200גר',,,מגורדת טבעונית בטעם,גרמים,200.00,100 גרם,false,,18.90,0.0945,true,1,2530008
7290117261705,false,חמאת עיזים 200 גר' וילי פוד,באלבן גידה סנאי,TR,חמאת עיזים 200 גרם,גרמים,200.00,100 גרם,false,,13.90,0.0695,true,1,2517274
7290117261712,false,מלבי קינוח על בסיס חלב 154גרם,,,מלבי קינוח על בסיס ח,גרמים,154.00,100 גרם,false,,9.90,0.0643,true,1,2544440
7290117261927,false,גבינת פקורינו מחלב כ,,,גבינת פקורינו מחלב כ,גרמים,150.00,100 גרם,false,,22.90,0.1527,true,1,2522590
7290117261934,false,בסיסים לחצפורי מוקפא,,,בסיס לחצ'פורי מוקפאי,גרמים,460.00,100 גרם,false,,14.90,0.0324,true,1,2535436
7290117261989,false,גבינת מנורי רכה מחלב צאן 43% שומן 170 ג',,,גבינת מנורי רכה מחלב,גרמים,170.00,100 גרם,false,,16.90,0.0994,true,1,2519487
7290117262054,false,וופל במילוי עם שוקולד שוויצרי 200 ג',,,וופל במילוי עם שוקול,גרמים,200.00,100 גרם,false,,8.90,0.0445,true,1,2527815
7290117262221,false,"משקה יוגורט פרוביוטי עם אננס 200מ""ל 2.3%שומן יורו",Euro יורו מחלבות אירופה,TR,משקה יוגורט פרוביוטי,מיליליטרים,200.00,"100 מ""ל",false,,5.90,0.0295,true,1,2528145
7290117262238,false,"משקה יוגורט פרוביוטי עם תות שדה 200מ""ל 2.3%שומן יורו",Euro יורו מחלבות אירופה,TR,משקה יוגורט פרוביוטי,מיליליטרים,200.00,"100 מ""ל",false,,5.90,0.0295,true,1,2528146
7290117262245,false,"משקה יוגורט פרוביוטי עם אפרסק ומשמש 200מ""ל 2.3%שומן יורו",Euro יורו מחלבות אירופה,TR,משקה יוגורט פרוביוטי,מיליליטרים,200.00,"100 מ""ל",false,,5.90,0.0295,true,1,2528147
7290117262252,false,"קוביות בטעם אפרסק מצופה שוקולד 125 גרם בעל""ז",עלית צ'קולטה,TR,קוביות בטעם אפרסק מצ,גרמים,125.00,100 גרם,false,,10.90,0.0872,true,1,2542518
7290117262269,false,קוביות בטעם דובדבנים חמוצים מצופים שוקולד מריר 125 גרם,עלית צ'קולטה,TR,קוביות בטעם דובדבנים,גרמים,125.00,100 גרם,false,,10.90,0.0872,true,1,2542519
7290117262276,false,קוביות בטעם תות שדה מצופות בשוקולד חלב 125גרם,עלית צ'קולטה,TR,קוביות בטעם תות שדה,גרמים,125.00,100 גרם,false,,10.90,0.0872,true,1,2542520
7290117262290,false,פרלינים אגוזים במילוי פצפוצי דגנים פריכים מצופים שוקולד חלב 50 גרם,מודרן צוקולטה,TR,פרלינים אגוזים במילו,גרמים,50.00,100 גרם,false,,4.90,0.0980,true,1,2542521
7290117262306,false,"קורנפלקס מצופה שוקולד חלב ד, 50 גרם",מודרן צוקולטה,TR,קורנפלקס מצופים שוקו,גרמים,50.00,100 גרם,false,,4.90,0.0980,true,1,2542522
7290117262320,false,"ביסקוויט מצופה שוקולד חלב, 40 גרם",מודרן צוקולטה,TR,ביסקוויט מצופה שוקול,גרמים,50.00,100 גרם,false,,4.90,0.0980,true,1,2542524
7290117262931,false,"קינוח בטעם מנגו, 85 גרם",,,קינוח בטעם מנגו 85 ג,גרמים,85.00,100 גרם,false,,9.90,0.1165,true,1,2544530
7290117262955,false,"קינוח בטעם שוקולד בלגי, 85 גרם",,,קינוח בטעם שוקולד בל,גרמים,85.00,100 גרם,false,,9.90,0.1165,true,1,2546928
7290117262979,false,קינוח בטעם שוקולד ופירות יער 85 גרם,,,קינוח בטעם שוקולד ופ,גרמים,85.00,100 גרם,false,,9.90,0.1165,true,1,2546930
7290117263020,false,משקה יוגורט פרוביוטי פ.יער 2.3% 200מל',אקר,TR,משקה יוגורט פרוביוטי,מיליליטרים,200.00,"100 מ""ל",false,,5.90,0.0295,true,1,2544583
7290117380154,false,רוטב אסייתי סויה ושו,Remia CV,NL,רוטב אסיאתי עם סויה,מיליליטרים,260.00,"100 מ""ל",false,,9.90,0.0381,true,1,2512730
7290117380178,false,"סוויט פוף שוקולד חלב, 50 גרם","טחנת האבן תעשיות בע""",IL,חטיף פוף סוויט שוקול,גרמים,50.00,100 גרם,false,,4.90,0.0980,true,1,2522510
7290117380192,false,פוף קראנצ' בטעם גריל 60 גר',מנה,IL,פוף קראנץ בטעם גריל,גרמים,60.00,100 גרם,false,,3.90,0.0650,true,1,2490418
7290117380208,false,פוף קראנצ' בטעם חמוץ חריף 60 גר',מנה,IL,חטיף פוף קראנצ בטעם,גרמים,60.00,100 גרם,false,,3.90,0.0650,true,1,2490419
7290117380215,false,פוף קראנצ' בטעם טאקו 60 גר',מנה,IL,חטיף פוף קראנצ בטעם,גרמים,60.00,100 גרם,false,,3.90,0.0650,true,1,2490420
7290117380697,false,קולגייט מארז אופטיק,,,קולגייט מארז אופטיק,מיליליטרים,150.00,"100 מ""ל",false,,21.90,0.1460,true,1,2531342
7290117380864,false,עוגות בראוניס אישיות בטעם שוקולד 120 ג' סלים דליס פייבר,הלמה הלום,NL,עוגות בראוניס אישיות,גרמים,120.00,100 גרם,false,,10.90,0.0908,true,1,2516456
7290117380871,false,עוגות אישיות בטעם אוכמניות 120 ג' סלים דליס פייבר,הלמה הלום,NL,עוגות אישיות בטעם או,גרמים,120.00,100 גרם,false,,10.90,0.0908,true,1,2516449
7290117380888,false,עוגיות סנדוויץ' מרבה 140 ג' טייק אווי,,,עוגיות סנדוויץ' 140,גרמים,200.00,100 גרם,false,,8.90,0.0445,true,1,2522256
7290117381182,false,רוטב סרירציה מאסטר ש,תאי סופרים סוד,TH,רוטב סרירציה מאסטר ש,מיליליטרים,360.00,"100 מ""ל",false,,14.90,0.0414,true,1,2546474
7290117381205,false,שמן שומשום מאסטר שף,,,"שמן שומשום 370 מ""ל מ",מיליליטרים,370.00,"100 מ""ל",false,,22.90,0.0619,true,1,2542511
7290117381229,false,פוף פריכיות מצופות שוקולד חלב 70 ג,,,פוף פירכיות מצופות ש,גרמים,70.00,100 גרם,false,,7.90,0.1129,true,1,2530328
7290117381236,false,פוף פריכיות מצופות שוקולד מריר 70 ג,,,פוף פירכיות מצופות ש,גרמים,70.00,100 גרם,false,,7.90,0.1129,true,1,2530329
7290117381250,false,פוף פריכיות מצופות שוקולד מריר ותפוז 70 ג,,,פוף פירכיות מצופות ש,גרמים,70.00,100 גרם,false,,7.90,0.1129,true,1,2530331
7290117382264,false,"משחת שיניים טוטאל עם פחם 2 *75 מ""ל קולגייט",,,משחת שיניים קולגייט,מיליליטרים,150.00,"100 מ""ל",false,,24.90,0.1660,true,1,2522504
7290117382325,false,סלים דליס - פרו 33 חטיף חלבון מצופה שוקולד חלב 60 גרם,"י. מרבה ישראל בע""מ",IT,חטיף חלבון מצופה שוק,גרמים,60.00,100 גרם,false,,11.90,0.1983,true,1,2530338
7290117382332,false,סלים דליס - חטיף חלבון מצופה שוקולד בטעם עוגיות 60 גרם,"י. מרבה ישראל בע""מ",IT,חטיף חלבון מצופה שוק,גרמים,60.00,100 גרם,false,,11.90,0.1983,true,1,2530339
7290117383742,false,"מארז זוג ג'ל רחצה לגבר 750 מ""ל פלמוליב",קולגייט פלמוליב,TR,סבון נוזלי גבר מרענן,ליטרים,1.50,ליטר,false,,30.00,20.0000,true,1,2543511
7290117750018,false,צלחת מרק מתכלה עגולה,,,צלחת מרק מתכלה עגולה,יח',100.00,יח',false,,12.90,0.1290,true,1,2512420
7290117750025,false,צלחת מתכלה 7 עגול 25,,,צלחת מתכלה 7 עגול 25,יח',25.00,יח',false,,9.90,0.3960,true,1,2512412
7290117750032,false,צלחת מתכלה 10 עגולה,,,צלחת מתכלה 10 עגולה,יח',25.00,יח',false,,19.90,0.7960,true,1,2512351
7290117750049,false,צלחת מרובע 7 מתכלה 2,,,צלחת מרובע 7 מתכלה 2,100 יח',20.00,100 יח',false,,9.90,0.4950,true,1,2512421
7290117750056,false,צלחת מרובע 9 מתכלה 2,,,צלחת מרובע 9 מתכלה 2,יח',20.00,יח',false,,18.90,0.9450,true,1,2512413
7290117750063,false,צלחת מרובע 10מתכלה 2,,,צלחת מרובע 10מתכלה 2,יח',20.00,יח',false,,24.90,1.2450,true,1,2512414
7290117823682,false,ממתק צעצוע משחק מים גדול סמי הכבאי עם סוכריות דקסטרוז 10 גרם,,,צעצוע משחק מים סמי ה,גרמים,10.00,100 גרם,false,,9.90,0.9900,true,1,2545319
7290117823798,false,בדיקה עצמית מהירה לז,,,בדיקה עצמית לזיהוי א,יחידה,0.00,יחידה,false,,39.90,0.0000,true,1,2499968
7290117860038,false,"הוואי - תחליב רחצה יוגורט בניחוח אוכמניות 700 מ""ל",הוואי,,הוואי תחליב רחצה יוג,מיליליטרים,700.00,"100 מ""ל",false,,11.90,0.0170,true,1,2544353
7290117860045,false,שמפו תמציות אלוורה ותה ירוק לשיער רגיל,"טרופיקל גליל בע""מ",IL,הוואי שמפו מטפח לשיע,מיליליטרים,700.00,"100 מ""ל",false,,11.90,0.0170,true,1,2544354
7290117860083,false,"קרם רחצה בניחוח אירוס זהוב ודבש 700 מ""ל הוואי",הוואי,,הוואי קרם רחצה בניחו,מיליליטרים,700.00,"100 מ""ל",false,,11.90,0.0170,true,1,2544355
7290117860090,false,מרכך תמציות אלוורה ותה ירוק לשיער רגיל,"טרופיקל גליל בע""מ",IL,הוואי מרכך מטפח לשיע,מיליליטרים,700.00,"100 מ""ל",false,,11.90,0.0170,true,1,2544356
7290117860137,false,"הוואי קרם רחצה בניחוח פרח הקמליה, 700 מ""ל",הוואי,,הוואי קרם רחצה בניחו,מיליליטרים,700.00,"100 מ""ל",false,,11.90,0.0170,true,1,2544357
7290117860144,false,שמפו למניעת קשקשים לשימוש יומיומי,"טרופיקל גליל בע""מ",IL,הוואי שמפו למניעת קש,מיליליטרים,700.00,"100 מ""ל",false,,11.90,0.0170,true,1,2544358
7290117860182,false,"הוואי - תחליב רחצה בניחוח מגנוליה ושמן שקדים 700 מ""ל",הוואי,,הוואי תחליב רחצה בני,מיליליטרים,700.00,"100 מ""ל",false,,11.90,0.0170,true,1,2544359
7290117860199,false,שמפו שמן ורד הבר ושמן מקדמיה לשיער יבש,קריות זול,,הוואי שמפו מעניק לחו,מיליליטרים,700.00,"100 מ""ל",false,,11.90,0.0170,true,1,2544360
7290117860236,false,"הוואי - קרם רחצה בניחוח ויולה ורודה 700 מ""ל",הוואי,,הוואי קרם רחצה בניחו,מיליליטרים,700.00,"100 מ""ל",false,,11.90,0.0170,true,1,2544361
7290117860243,false,"הוואי - מרכך מעניק לחות לשיער יבש 700 מ""ל","טרופיקל גליל בע""מ",IL,הוואי מרכך מעניק לחו,מיליליטרים,700.00,"100 מ""ל",false,,11.90,0.0170,true,1,2544362
7290117860281,false,"הוואי - ג'ל רחצה לגבר בניחוח עוצמתי 700 מ""ל",הוואי,,הוואי ג'ל רחצה לגבר,מיליליטרים,700.00,"100 מ""ל",false,,11.90,0.0170,true,1,2544363
7290117860298,false,שמפו קומפלקס קרטין לשיער עדין או חלש,הוואי,,הוואי שמפו קרטין מחז,מיליליטרים,700.00,"100 מ""ל",false,,11.90,0.0170,true,1,2544364
7290117860342,false,מרכך קומפלקס קרטין לשיער עדין או חלש,"טרופיקל גליל בע""מ",IL,הוואי מרכך קרטין מחז,מיליליטרים,700.00,"100 מ""ל",false,,11.90,0.0170,true,1,2544366
7290117860380,false,"תחליב רחצה יוגורט בניחוח אלוורה 700 מ""ל הוואי",הוואי,,הוואי תחליב רחצה יוג,מיליליטרים,700.00,"100 מ""ל",false,,11.90,0.0170,true,1,2544367
7290117860397,false,שמפו תמצית פריחת הדובדבן לשיער רגיל,קריות זול,,הוואי שמפו פריחת הדו,מיליליטרים,700.00,"100 מ""ל",false,,11.90,0.0170,true,1,2544368
7290117860441,false,"מרכך פריחת הדובדבן 700 מ""ל הוואי",קריות זול,,הוואי מרכך פריחת הדו,מיליליטרים,700.00,"100 מ""ל",false,,11.90,0.0170,true,1,2544369
7290117860496,false,שמפו + מרכך 2 ב 1 לגבר תמצית ג'ינג'ר,קריות זול,,הוואי שמפו + מרכך 2,מיליליטרים,700.00,"100 מ""ל",false,,11.90,0.0170,true,1,2544370
7290117860540,false,"הוואי - שמפו עדין לילדים 700 מ""ל",קריות זול,,הוואי שמפו עדין לילד,מיליליטרים,700.00,"100 מ""ל",false,,11.90,0.0170,true,1,2544371
7290117860595,false,"הוואי - מרכך מתיר קשרים לילדים 700 מ""ל","טרופיקל גליל בע""מ",IL,הוואי מרכך מתיר קשרי,מיליליטרים,700.00,"100 מ""ל",false,,11.90,0.0170,true,1,2544372
7290117860649,false,"שמפו קרטין, שמן קיק ומי ורדים",טרופיקל דגיל,IL,הוואי שמפו ללא סולפט,מיליליטרים,700.00,"100 מ""ל",false,,11.90,0.0170,true,1,2544373
7290117860694,false,"מרכך קרטין, שמן קיק ומי ורדים","טרופיקל גליל בע""מ",IL,הוואי מרכך ללא סולפט,מיליליטרים,700.00,"100 מ""ל",false,,11.90,0.0170,true,1,2544374
7290117860748,false,שמפו תמצית יסמין מעניק נפח לשיער דק,קריות זול,,הוואי שמפו מעניק נפח,מיליליטרים,700.00,"100 מ""ל",false,,11.90,0.0170,true,1,2544375
7290117860793,false,מרכך תמצית יסמין מעניק נפח לשיער דק,קריות זול,,הוואי מרכך מעניק נפח,מיליליטרים,700.00,"100 מ""ל",false,,11.90,0.0170,true,1,2544376
7290117860847,false,"הוואי רעננות מושלמת לגבר לשיער, גוף, פנים וזקן",קריות זול,,הוואי שמפו 4 ב-1 לגב,מיליליטרים,700.00,"100 מ""ל",false,,11.90,0.0170,true,1,2544377
7290117860892,false,"הוואי - תחליב רחצה יוגורט בניחוח וניל ודבש 700 מ""ל",הוואי,,הוואי תחליב רחצה יוג,מיליליטרים,700.00,"100 מ""ל",false,,11.90,0.0170,true,1,2544378
7290117860946,false,"תחליב רחצה יוגורט בניחוח קוקוס 700 מ""ל הוואי",הוואי,,הוואי תחליב רחצה יוג,מיליליטרים,700.00,"100 מ""ל",false,,11.90,0.0170,true,1,2544379
7290117901250,false,ממרח עגבניות מיובשות בתוספת זיתים ירוקים 290 ג' גורמה,,,ממרח עגבניות מיובשות,גרמים,290.00,100 גרם,false,,13.90,0.0479,true,1,2530823
7290117901274,false,ממרח זיתים 290 גר' גורמה,,,ממרח זיתים 290 גרם,גרמים,290.00,100 גרם,false,,13.90,0.0479,true,1,2530824
7290118420378,false,פתיבר פינוקים בטעם תותים בשמנת - חלבי,קריות זול,IL,אסם פתי בר פינוקים ת,גרמים,220.00,100 גרם,false,,10.90,0.0495,true,1,2542392
7290118420415,false,קטשופ קלאסי היתר מכירה 750ג' אסם,"אסם תעשיות מזון בע""מ",IL,קטשופ אסם 750 גרם,גרמים,750.00,100 גרם,false,,12.90,0.0172,true,1,2548709
7290205610001,false,חולצה מכופתרת קרלוס,,,חולצה מכופתרת קרלוס,יחידה,0.00,יחידה,false,,49.90,0.0000,true,1,2535889
7290205610005,false,חולצה מכופתרת קרלוס,,,חולצה מכופתרת קרלוס,יחידה,0.00,יחידה,false,,49.90,0.0000,true,1,2535892
7290205610011,false,חולצה מכופתרת פלנל ע,,,חולצה מכופתרת פלנל ע,יחידה,0.00,יחידה,false,,79.90,0.0000,true,1,2546064
7291019117343,false,מחבת קרפ /פנקייק 22,,,מחבת קרפ /פנקייק 22,יחידה,0.00,יחידה,false,,64.90,0.0000,true,1,2537510
7291044080391,false,כבל מאריך 3X1.5 עד 1 מטר,,,כבל מאריך,יחידה,0.00,יחידה,false,,14.90,0.0000,true,1,2410031
7291044087314,false,מעמד מגנטי לרכב,,,מעמד מגנטי לרכב,יחידה,0.00,יחידה,false,,29.90,0.0000,true,1,2374356
7291044089868,false,נורת לד,,,נורת לד,יחידה,0.00,יחידה,false,,29.90,0.0000,true,1,2378929
7291044089875,false,נורת לד,,,נורת לד,יחידה,0.00,יחידה,false,,29.90,0.0000,true,1,2378930
7291044089981,false,שלישיה לד DL 15W E27 A60 SAFETY,,,שלישית נורות לד,יח',3.00,יח',false,,24.90,8.3000,true,1,2378914
7291044089998,false,שלישית נורות לד,,,שלישית נורות לד,יח',3.00,יח',false,,24.90,8.3000,true,1,2378931
7291044096613,false,נורת לד 15W,,,נורת לד 15W,יחידה,0.00,יחידה,false,,9.90,0.0000,true,1,2378917
7291044096620,false,נורת לד 15W,,,נורת לד 15W,יחידה,0.00,יחידה,false,,9.90,0.0000,true,1,2378918
7291044098631,false,קומקום נירוסטה כסוף,,,קומקום נירוסטה כסוף,יחידה,0.00,יחידה,false,,99.90,0.0000,true,1,2463613
7291044099850,false,מפצל חשמל 1 ל-4 פרפר,,,מפצל חשמל,יחידה,0.00,יחידה,false,,14.90,0.0000,true,1,2410042
7291044110579,false,מנורת לילה סנופי DL,,,מנורת לילה סנופי DL,יחידה,0.00,יחידה,false,,9.90,0.0000,true,1,2453678
7291044110593,false,מנורת לילה ומטען 2*U,,,מנורת לילה ומטען 2*U,יחידה,0.00,יחידה,false,,39.90,0.0000,true,1,2453691
7291044114645,false,מטען קיר USB 2.1A+כב,,,מטען קיר USB 2.1A+כב,יחידה,0.00,יחידה,false,,19.90,0.0000,true,1,2475125
7291044114652,false,מטען קיר USB 2.1A+כב,,,מטען קיר USB 2.1A+כב,יחידה,0.00,יחידה,false,,19.90,0.0000,true,1,2475126
7291044120868,false,גוף תאורה 40W IP65,,,גוף תאורה 40W IP65,יחידה,0.00,יחידה,false,,69.90,0.0000,true,1,2538824
7291044124439,false,תקע כוח עם מפסק מואר,,,תקע כוח עם מפסק מואר,יח',3.00,יח',false,,12.90,4.3000,true,1,2538828
7291044124446,false,שקע כוח+תקע+מפסק מוא,,,שקע כוח+תקע+מפסק מוא,יח',3.00,יח',false,,14.90,4.9667,true,1,2538829
7291044124453,false,מפצל חשמל 1 ל-3 פרפר,,,מפצל חשמל 1 ל-3 פרפר,יחידה,0.00,יחידה,false,,16.90,0.0000,true,1,2538830
7291061475309,false,נר 10סמ מכסה זכוכית,,,נר 10סמ מכסה זכוכית,יחידה,0.00,יחידה,false,,84.90,0.0000,true,1,2506920
7291074000246,false,כפות סט (6) A72 Toscana סולתם,,,סט 6 כפות Toscana,יחידה,0.00,יחידה,false,,24.90,0.0000,true,1,2382295
7291074000253,false,מזלגות סט (6) A72 Toscana סולתם,,,סט 6 מזלגות Toscana,יחידה,0.00,יחידה,false,,24.90,0.0000,true,1,2382296
7291074000260,false,סכינים סט (3) A72 Toscana סולתם,,,סט 3 סכינים Toscana,יחידה,0.00,יחידה,false,,19.90,0.0000,true,1,2417105
7291074000284,false,מזלגות עוגה סט (6) A72 Toscana סולתם,,,סט 6 מזלגות עוגה Tos,יחידה,0.00,יחידה,false,,14.90,0.0000,true,1,2382298
7291074002950,false,"מסננת נירוסטה 24 ס""מ",,,"מסננת נירוסטה 24 ס""מ",יחידה,0.00,יחידה,false,,34.90,0.0000,true,1,2264315
7291074003001,false,"קערה נירוסטה 32 ס""מ",,,"קערה נירוסטה 32 ס""מ",יחידה,0.00,יחידה,false,,39.90,0.0000,true,1,2449417
7291074003926,false,תרמוס 1 ליטר נירוסטה,,,תרמוס 1 ליטר נירוסטה,יחידה,0.00,יחידה,false,,59.90,0.0000,true,1,2264322
7291074003995,false,סכין Princess בדיספלי עם כיסוי מגן Forged Pro סולתם,,,"סכין 14.4 ס""מ עם כיס",יחידה,0.00,יחידה,false,,29.90,0.0000,true,1,2395412
7291074004336,false,תרווד נירוסטה,,,תרווד נירוסטה,יחידה,0.00,יחידה,false,,19.90,0.0000,true,1,2417130
7291074005692,false,כפפת הגנה לחיתוך,,,כפפת הגנה לחיתוך,יחידה,0.00,יחידה,false,,19.90,0.0000,true,1,2264368
7291074007801,false,קולפן ידית פלסטיק אדום/לבן בדיספליי 24 יח',,,קולפן ידית פלסטיק אד,יחידה,0.00,יחידה,false,,9.90,0.0000,true,1,2449425
7291074008624,false,"מחבת מלבנית 18*13 ס""",,,"מחבת מלבנית 18*13 ס""",יחידה,0.00,יחידה,false,,49.90,0.0000,true,1,2395436
7291074008907,false,משטח סיליקון לאפייה,,,משטח סיליקון לאפייה,יחידה,0.00,יחידה,false,,29.90,0.0000,true,1,2382413
7291074009225,false,סט 4 סכיני סטייק עץ,,,סט 4 סכיני סטייק עץ,יחידה,0.00,יחידה,false,,49.90,0.0000,true,1,2417181
7291074009256,false,"תרווד מיני ניילון ידית נירוסטה 23.3 ס""מ סולתם",,,תרווד מיני ניילון יד,יחידה,0.00,יחידה,false,,9.90,0.0000,true,1,2417184
7291074009270,false,תחתית סיליקון מרובעת,,,תחתית סיליקון מרובעת,יחידה,0.00,יחידה,false,,14.90,0.0000,true,1,2417185
7291074010436,false,"סט 2 מאגים 290 מ""ל ז",,,"סט 2 מאגים 290 מ""ל ז",יחידה,0.00,יחידה,false,,39.90,0.0000,true,1,2417240
7291074010856,false,מכסה זכוכית בייסיק 2,,,מכסה זכוכית בייסיק 2,יחידה,0.00,יחידה,false,,34.90,0.0000,true,1,2399097
7291074012362,false,סט 2 מאג עם ידית זכו,,,סט 2 מאג עם ידית זכו,יחידה,0.00,יחידה,false,,24.90,0.0000,true,1,2449448
7291074013512,false,מברשת סיליקון מיני 2,,,מברשת סיליקון מיני 2,יחידה,0.00,יחידה,false,,9.90,0.0000,true,1,2449502
7291074013574,false,"סכין שף 20 ס""מ ציפוי",,,"סכין שף 20 ס""מ ציפוי",יחידה,0.00,יחידה,false,,59.90,0.0000,true,1,2474678
7291074013659,false,סכיני סטייק ידית עץ,,,סכיני סטייק ידית עץ,יחידה,0.00,יחידה,false,,14.90,0.0000,true,1,2449507
7291074013925,false,"סכין סטייק 12.50 ס""מ ידית שחורה CASUAL סולתם",,,"סכין סטייק 12.50 ס""מ",יחידה,0.00,יחידה,false,,14.90,0.0000,true,1,2464412
7291074014892,false,קנקן/תרמוס קפה נירוסטה 1.5 ליטר שיש//סולתם,,,קנקן/תרמוס קפה נירוס,יחידה,0.00,יחידה,false,,149.90,0.0000,true,1,2464419
7291074015660,false,סכין פריסה ידית עץ,,,סכין פריסה ידית עץ,יחידה,0.00,יחידה,false,,49.90,0.0000,true,1,2474698
7291074016513,false,"מחבת 30 ס""מ CASUAL",,,"מחבת 30 ס""מ CASUAL",יחידה,0.00,יחידה,false,,99.90,0.0000,true,1,2474721
7291074017602,false,"סיר 18 ס""מ 2.5 ליטר",,,"סיר 18 ס""מ 2.5 ליטר",יחידה,0.00,יחידה,false,,99.90,0.0000,true,1,2474727
7291074017848,false,גלגלת בצק קוצים Bake,,,גלגלת בצק קוצים Bake,יחידה,0.00,יחידה,false,,24.90,0.0000,true,1,2491985
7291074018753,false,"סיר 24 ס""מ 5 ליטר OPTIMA ציפוי שיש ידית שחורה סולתם",,,"סיר 24 ס""מ 5 ליטר צי",יחידה,0.00,יחידה,false,,189.90,0.0000,true,1,2536579
7291074019590,false,סכין חיתוך משוננת 10,,,סכין חיתוך משוננת 10,יחידה,0.00,יחידה,false,,14.90,0.0000,true,1,2535610
7291074019989,false,"מחבת 24 ס""מ OPTIMA ציפוי שיש ידית שחורה סולתם",,,"מחבת 24 ס""מ ציפוי שי",יחידה,0.00,יחידה,false,,89.90,0.0000,true,1,2536021
7291074019996,false,"מחבת 26 ס""מ OPTIMA ציפוי שיש ידית שחורה סולתם",,,"מחבת 26 ס""מ ציפוי שי",יחידה,0.00,יחידה,false,,99.90,0.0000,true,1,2536022
7291074020015,false,"מחבת 30 ס""מ OPTIMA ציפוי שיש ידית שחורה סולתם",,,"מחבת 30 ס""מ ציפוי שי",יחידה,0.00,יחידה,false,,119.90,0.0000,true,1,2536024
7291074020077,false,"סיר מרק 15.5*26 ס""מ",,,"סיר מרק 15.5*26 ס""מ",יחידה,0.00,יחידה,false,,219.90,0.0000,true,1,2536030
7291074020084,false,"סוטז' 5.3*26 ס""מ 2.4",,,"סוטז' 5.3*26 ס""מ 2.4",יחידה,0.00,יחידה,false,,149.90,0.0000,true,1,2536031
7291074020435,false,"סיר 9*18 ס""מ 2 ליטר יציקת אלומיניום ידיות זהב",סולתם רדד,,"סיר 9*18 ס""מ 2 ליטר",יחידה,0.00,יחידה,false,,179.90,0.0000,true,1,2536600
7291074020718,false,דיספנסר סבון עם ספוג,,,דיספנסר סבון עם ספוג,יחידה,0.00,יחידה,false,,49.90,0.0000,true,1,2545019
7291074020725,false,דיספנסר סבון עם ספוג,,,דיספנסר סבון עם ספוג,יחידה,0.00,יחידה,false,,49.90,0.0000,true,1,2545020
7291074020732,false,"מחבת 4.3*20 יציקת אלומיניום ידיות זהב ס""מ",סולתם רדד,,מחבת 4.3*20 יציקת אל,יחידה,0.00,יחידה,false,,129.90,0.0000,true,1,2536607
7291074020794,false,סט 6 סכינים ידיות דמ,,,סט 6 סכינים ידיות דמ,יחידה,0.00,יחידה,false,,29.90,0.0000,true,1,2535995
7296001029086,false,רצועות נייר לסוכה,,,רצועות נייר לסוכה,יחידה,0.00,יחידה,false,,2.90,0.0000,true,1,2372608
7296015108234,false,סיכות 10 3 חב בשקית,,,סיכות 10 3 חב בשקית,יחידה,0.00,יחידה,false,,3.90,0.0000,true,1,2486557
7296015116116,false,קידס ארט טוש סודי 2,גורי לינרו,,קידס ארט טוש סודי 2,יחידה,0.00,יחידה,false,,4.90,0.0000,true,1,2406143
7296015117519,false,קידס ארט טוש כסף ופס,,,קידס ארט טוש כסף ופס,יחידה,0.00,יחידה,false,,14.90,0.0000,true,1,2464888
7296015117762,false,מספריים 5.5 לינרו יד,,,מספריים 5.5 לינרו יד,יחידה,0.00,יחידה,false,,4.90,0.0000,true,1,2464904
7296015119575,false,עט רולר מחיק 3 יח,,,עט רולר מחיק 3 יח,יח',3.00,יח',false,,12.90,4.3000,true,1,2253916
7296015120434,false,לוח מחיק צום צום,,,לוח מחיק צום צום,יחידה,0.00,יחידה,false,,9.90,0.0000,true,1,2322076
7296015124784,false,בצק משחק איכותי בגבי,,,בצק משחק איכותי בגבי,יחידה,0.00,יחידה,false,,6.90,0.0000,true,1,2316730
7296015124791,false,בצק משחק איכותי גדול,,,בצק משחק איכותי גדול,יחידה,0.00,יחידה,false,,29.90,0.0000,true,1,2301652
7296015126641,false,שרשרת לד 40 נורות לב,,,שרשרת לד 40 נורות לב,יחידה,0.00,יחידה,false,,14.90,0.0000,true,1,2372611
7296015126658,false,שרשרת לד 40 נורות צב,,,שרשרת לד 40 נורות צב,יחידה,0.00,יחידה,false,,14.90,0.0000,true,1,2372622
7296015127013,false,רינג ברצלונה,,,רינג ברצלונה,יחידה,0.00,יחידה,false,,9.90,0.0000,true,1,2405588
7296015128171,false,רינג מיני מאוס,,,רינג מיני מאוס,יחידה,0.00,יחידה,false,,9.90,0.0000,true,1,2405669
7296015130310,false,גרילנדות 2 מטר mcg,,,גרילנדות 2 מטר mcg,יחידה,0.00,יחידה,false,,4.50,0.0000,true,1,2422760
7296015130792,false,רינג קומקס,,,רינג קומקס,יחידה,0.00,יחידה,false,,9.90,0.0000,true,1,2405803
7296015130952,false,עפרות עם מחק זוהרים,,,עפרות עם מחק זוהרים,יחידה,0.00,יחידה,false,,4.90,0.0000,true,1,2405957
7296015131034,false,שקית מתנה,,,שקית מתנה,יחידה,0.00,יחידה,false,,2.90,0.0000,true,1,2387054
7296015131041,false,שקית מתנה,,,שקית מתנה,יחידה,0.00,יחידה,false,,3.90,0.0000,true,1,2387055
7296015131065,false,שקית מתנה,,,שקית מתנה,יחידה,0.00,יחידה,false,,1.90,0.0000,true,1,2387044
7296015131089,false,שקית מתנה,,,שקית מתנה,יחידה,0.00,יחידה,false,,3.90,0.0000,true,1,2387058
7296015131096,false,שקית מתנה,,,שקית מתנה,יחידה,0.00,יחידה,false,,4.90,0.0000,true,1,2387059
7296015132215,false,עופרת,,,עופרת,יחידה,0.00,יחידה,false,,4.50,0.0000,true,1,2405962
7296015132260,false,עופרת,,,עופרת,יחידה,0.00,יחידה,false,,4.50,0.0000,true,1,2405967
7296015132284,false,עט ג'ל,,,עט ג'ל,יחידה,0.00,יחידה,false,,8.90,0.0000,true,1,2405969
7296015133090,false,חוברת צביעה סופיה,,,חוברת צביעה סופיה,יחידה,0.00,יחידה,false,,6.90,0.0000,true,1,2413706
7296015133120,false,חוברת צביעה נסיכות,,,חוברת צביעה נסיכות,יחידה,0.00,יחידה,false,,6.90,0.0000,true,1,2413709
7296015133137,false,חוברת צביעה הכבאי,,,חוברת צביעה הכבאי,יחידה,0.00,יחידה,false,,6.90,0.0000,true,1,2413710
7296015133144,false,חוברת צביעה מטוסי ע,,,חוברת צביעה מטוסי ע,יחידה,0.00,יחידה,false,,6.90,0.0000,true,1,2413711
7296015133717,false,צבעי אקריל 6 צבעים ת,,,צבעי אקריל 6 צבעים ת,יחידה,0.00,יחידה,false,,12.90,0.0000,true,1,2413383
7296015136404,false,חרוזי גיהוץ 6000 יח,,,חרוזי גיהוץ 6000 יח,יחידה,0.00,יחידה,false,,49.90,0.0000,true,1,2486528
7296015136510,false,סול דביק דינזואור,,,סול דביק דינזואור,יחידה,0.00,יחידה,false,,6.90,0.0000,true,1,2500458
7296015136534,false,סול דביק לאמה,,,סול דביק לאמה,יחידה,0.00,יחידה,false,,7.50,0.0000,true,1,2500460
7296015137340,false,סט מכשירי כתיבה כדור,,,סט מכשירי כתיבה כדור,יחידה,0.00,יחידה,false,,12.90,0.0000,true,1,2519914
7296015137647,false,"סרגל 15 ס""מ חד קרן",,,"סרגל 15 ס""מ חד קרן",יחידה,0.00,יחידה,false,,1.90,0.0000,true,1,2519944
7296015138262,false,יומן כיס שבועי 7.5/1,,,יומן כיס שבועי 7.5/1,יחידה,0.00,יחידה,false,,14.90,0.0000,true,1,2519995
7296015139184,false,דבק סטיק ספיידר,,,דבק סטיק ספיידר,יחידה,0.00,יחידה,false,,4.90,0.0000,true,1,2520054
7296015139733,false,לד עצמאות,,,לד עצמאות,יחידה,0.00,יחידה,false,,29.90,0.0000,true,1,2511722
7296015140500,false,דבק סטיק גדול 2 יח',,,דבק סטיק גדול 2 יח',יחידה,0.00,יחידה,false,,7.90,0.0000,true,1,2527346
7296015140562,false,שרשרת אורות צבעונית,,,שרשרת אורות צבעונית,יחידה,0.00,יחידה,false,,29.90,0.0000,true,1,2534892
7296021135453,false,מזלג בשר,,,מזלג בשר,יח',1.00,יח',false,,36.90,36.9000,true,1,2410731
7296021136030,false,קולפן Y נירוסטה,,,קולפן צבעוני.,יחידה,0.00,יחידה,false,,19.90,0.0000,true,1,2371026
7296021161148,false,צנצנת הרמטיקו,,,צנצנת הרמטיקו,יחידה,0.00,יחידה,false,,14.90,0.0000,true,1,2372812
7296021179068,false,מגרדת 8 ידית נוחה.,,,מגרדת 8 ידית נוחה.,יח',1.00,יח',false,,29.90,29.9000,true,1,2342078
7296021180217,false,תבניות סיליקון לב 1,,,תבניות סיליקון לב 1,יחידה,0.00,יחידה,false,,22.90,0.0000,true,1,2387409
7296021183881,false,מאג זכוכית ידית אפור,,,מאג חסינת חום,יחידה,0.00,יחידה,false,,14.90,0.0000,true,1,2372877
7296021183904,false,מאג זכוכית ידית כתומ,,,מאג חסינת חום,יחידה,0.00,יחידה,false,,14.90,0.0000,true,1,2372879
7296021184178,false,מעמד לנייר נעמן.,,,מעמד לנייר נעמן.,יחידה,0.00,יחידה,false,,26.90,0.0000,true,1,2371293
7296021187636,false,"כוסות מדידה 250,125,80,60 מ""ל",נעמן,,כלי מדידה - כוסות מי,יח',1.00,יח',false,,19.90,19.9000,true,1,2422138
7296021191367,false,קרחון עם מכסה (עיגול,,,קרחון עם מכסה (עיגול,יחידה,0.00,יחידה,false,,9.90,0.0000,true,1,2328237
7296021226885,false,מפת משבצות עם גומי לשולחן מתקפל,נעמן,,מפת פלנל לשולחן מתקפ,יחידה,0.00,יחידה,false,,20.90,0.0000,true,1,2403555
7296021228513,false,"קערה 13 ס""מ.",,,"קערה 13 ס""מ.",יחידה,0.00,יחידה,false,,12.90,0.0000,true,1,2389568
7296021228575,false,קופסת איחסון מלבנית,,,קופסת איחסון מלבנית,יחידה,0.00,יחידה,false,,39.90,0.0000,true,1,2389569
7296021228674,false,BLACK RIO צלחת ראשונ,,,BLACK RIO צלחת ראשונ,יחידה,0.00,יחידה,false,,29.90,0.0000,true,1,2508379
7296021232237,false,צנצנת + מיכסה,,,צנצנת + מיכסה,יח',1.00,יח',false,,19.90,19.9000,true,1,2413648
7296021232244,false,צנצנת זכוכית.,,,צנצנת זכוכית.,יחידה,0.00,יחידה,false,,16.90,0.0000,true,1,2413649
7296021232251,false,צנצנת נעמן.,,,צנצנת נעמן.,יחידה,0.00,יחידה,false,,16.90,0.0000,true,1,2413650
7296021248245,false,"מחבת שקשוקה 16 ס""מ כ",,,"מחבת שקשוקה 16 ס""מ כ",יחידה,0.00,יחידה,false,,54.90,0.0000,true,1,2428778
7296021248801,false,סלסלת אחסון 26.5*40,,,סלסלת אחסון 26.5*40,יחידה,0.00,יחידה,false,,22.90,0.0000,true,1,2406999
7296021248917,false,"מארז סכו""ם נירוסטה 24 חלקים - שחור",נעמן,,"סכו""ם נירוסטה 24 חל'",יחידה,0.00,יחידה,false,,129.90,0.0000,true,1,2414620
7296021248924,false,"מארז סכו""ם נירוסטה 24 חלקים - זהב",נעמן,,"סכו""ם נירוסטה 24 חל'",יחידה,0.00,יחידה,false,,129.90,0.0000,true,1,2414621
7296021249471,false,סלסלת אחסון 40*30*14,,,סלסלת אחסון 40*30*14,יחידה,0.00,יחידה,false,,34.90,0.0000,true,1,2423200
7296021255564,false,מנדולינה - סלייסר 39,,,מנדולינה - סלייסר 39,יחידה,0.00,יחידה,false,,99.90,0.0000,true,1,2458325
7296021256158,false,"מרחן זווית 15 ס""מ נע",,,"מרחן זווית 15 ס""מ נע",יחידה,0.00,יחידה,false,,12.90,0.0000,true,1,2508388
7296021256479,false,סט 2 צנצנות תבלינים,,,סט 2 צנצנות תבלינים,יחידה,0.00,יחידה,false,,22.90,0.0000,true,1,2456691
7296021256745,false,הופכן סיליקון אפור 2,,,הופכן סיליקון אפור 2,יחידה,0.00,יחידה,false,,14.90,0.0000,true,1,2470831
7296021256769,false,"כף מחורצת אפור 28 ס""",,,"כף מחורצת אפור 28 ס""",יחידה,0.00,יחידה,false,,14.90,0.0000,true,1,2470838
7296021262593,false,כפפת ניקיון עם מברשת,,,כפפת ניקיון עם מברשת,יחידה,0.00,יחידה,false,,22.90,0.0000,true,1,2464747
7296021262890,false,"סכין מולטי 14 ס""מ 1.",,,"סכין מולטי 14 ס""מ 1.",יחידה,0.00,יחידה,false,,9.90,0.0000,true,1,2456528
7296021263156,false,זוג פמוטים 9.8*8.4 ס,,,זוג פמוטים 9.8*8.4 ס,יחידה,0.00,יחידה,false,,34.90,0.0000,true,1,2449948
7296021265112,false,סט 2 קורצני עוגיות ב,,,סט 2 קורצני עוגיות ב,יחידה,0.00,יחידה,false,,16.90,0.0000,true,1,2464774
7296021265181,false,מערכת אוכל 18 חלק 2,,,מערכת אוכל 18 חלק 2,יחידה,0.00,יחידה,false,,129.90,0.0000,true,1,2477056
7296021266119,false,"סכין לחם 19 ס""מ משונ",,,"סכין לחם 19 ס""מ משונ",יחידה,0.00,יחידה,false,,34.90,0.0000,true,1,2490905
7296021266676,false,"מסננת ידית עץ 8 ס""מ פרפקטו",נעמן,,"מסננת ידית עץ 8 ס""מ",יחידה,0.00,יחידה,false,,5.90,0.0000,true,1,2470509
7296021266683,false,"מסננת ידית עץ 12 ס""מ",,,"מסננת ידית עץ 12 ס""מ",יחידה,0.00,יחידה,false,,15.90,0.0000,true,1,2471640
7296021266690,false,"מסננת ידית עץ 15 ס""מ",,,"מסננת ידית עץ 15 ס""מ",יחידה,0.00,יחידה,false,,19.90,0.0000,true,1,2471641
7296021266713,false,"מסננת ידית עץ 22 ס""מ",,,"מסננת ידית עץ 22 ס""מ",יחידה,0.00,יחידה,false,,24.90,0.0000,true,1,2470510
7296021266720,false,"מסננת ידית עץ 26 ס""מ",,,"מסננת ידית עץ 26 ס""מ",יחידה,0.00,יחידה,false,,39.90,0.0000,true,1,2471643
7296021266843,false,פטיש לשניצל עץ פרפקט,,,פטיש לשניצל עץ 5*10,יחידה,0.00,יחידה,false,,14.90,0.0000,true,1,2471654
7296021268434,false,קופסת אחסון 1.35 ליט,,,קופסת אחסון 1.35 ליט,יחידה,0.00,יחידה,false,,24.90,0.0000,true,1,2490908
7296021268793,false,מסננת עם ידית נירוסט,,,מסננת עם ידית נירוסט,יחידה,0.00,יחידה,false,,39.90,0.0000,true,1,2490916
7296021268816,false,מסננת עם ידית נירוסט,,,מסננת עם ידית נירוסט,יחידה,0.00,יחידה,false,,32.90,0.0000,true,1,2490923
7296021268847,false,מסננת עם ידית נירוסט,,,מסננת עם ידית נירוסט,יח',1.00,יח',false,,19.90,19.9000,true,1,2490926
7296021270789,false,NEW BONE CHINA Delft,,,NEW BONE CHINA Delft,יחידה,0.00,יחידה,false,,29.90,0.0000,true,1,2536105
7296021270802,false,"מאג 330 מ""ל Delft Blue",נעמן,,NEW BONE CHINA Delft,יחידה,0.00,יחידה,false,,24.90,0.0000,true,1,2536106
7296021270819,false,NEW BONE CHINA Delft,,,NEW BONE CHINA Delft,יחידה,0.00,יחידה,false,,34.90,0.0000,true,1,2536107
7296021270956,false,NEW BONE CHINA Delft,,,NEW BONE CHINA Delft,יחידה,0.00,יחידה,false,,24.90,0.0000,true,1,2536111
7296021272646,false,"כוס שתיה קרה 370 מ""ל אקריליק ETHNICA",נעמן,,ETHNICA כוס שתיה קרה,יחידה,0.00,יחידה,false,,18.90,0.0000,true,1,2536118
7296021272820,false,צלחת מנה עיקרית 26 סמ כחול COLOR BASIC,נעמן,,צלחת מנה עיקרית 26 ס,יחידה,0.00,יחידה,false,,26.90,0.0000,true,1,2536121
7296021272837,false,"צלחת מנה עיקרית 26 ס""מ לילך COLOR BASIC",נעמן,,צלחת מנה עיקרית 26 ס,יחידה,0.00,יחידה,false,,26.90,0.0000,true,1,2536122
7296021272950,false,"צלחת בול 15 ס""מ צהוב COLOR BASIC",נעמן,,בול 15 סמ צהוב COLOR,יחידה,0.00,יחידה,false,,18.90,0.0000,true,1,2536132
7296021273162,false,סט שישיית סכינים לחי,,,סט 6 סכיני ירקות אדו,יחידה,0.00,יחידה,false,,14.90,0.0000,true,1,2494173
7296021273643,false,סט סכיני ירקות פרפקט,,,סט 6 סכיני ירקות לבן,יחידה,0.00,יחידה,false,,14.90,0.0000,true,1,2494175
7296021274848,false,פלטת הגשה אובלית 22*31 סמ פורצלן VERSAI A,נעמן,,VERSAI A פלטת הגשה,יחידה,0.00,יחידה,false,,44.90,0.0000,true,1,2508462
7296021275708,false,פלייסמט עגול 38 סמ מ,,,פלייסמט עגול 38 סמ מ,יחידה,0.00,יחידה,false,,19.90,0.0000,true,1,2529866
7296021276576,false,סט 6 מזלגות זהב,,,סט 6 מזלגות זהב,יחידה,0.00,יחידה,false,,34.90,0.0000,true,1,2523769
7296021276590,false,סט 6 כפיות זהב,,,סט 6 כפיות זהב,יחידה,0.00,יחידה,false,,19.90,0.0000,true,1,2523771
7296021276613,false,סט 6 מזלגות שחור,,,סט 6 מזלגות שחור,יחידה,0.00,יחידה,false,,34.90,0.0000,true,1,2523773
7296021276620,false,סט 6 כפות שחור,,,סט 6 כפות שחור,יחידה,0.00,יחידה,false,,34.90,0.0000,true,1,2523774
7296021276637,false,סט 6 כפיות שחור,,,סט 6 כפיות שחור,יחידה,0.00,יחידה,false,,19.90,0.0000,true,1,2523775
7296021281402,false,"מאג 340 מ""ל דצמבר פורצלן",נעמן,,MONTH NEW BONE CHINA,יחידה,0.00,יחידה,false,,19.90,0.0000,true,1,2536159
7296021281419,false,MONTH NEW BONE CHINA,,,MONTH NEW BONE CHINA,יחידה,0.00,יחידה,false,,19.90,0.0000,true,1,2536160
7296021281426,false,MONTH NEW BONE CHINA,,,MONTH NEW BONE CHINA,יחידה,0.00,יחידה,false,,19.90,0.0000,true,1,2536161
7296021281440,false,MONTH NEW BONE CHINA,,,MONTH NEW BONE CHINA,יחידה,0.00,יחידה,false,,19.90,0.0000,true,1,2536163
7296021281464,false,"מאג 360 מ""ל פורצלן S",,,"מאג 360 מ""ל פורצלן S",יחידה,0.00,יחידה,false,,12.90,0.0000,true,1,2545304
7296021644498,false,"כף הנחה 19 ס""מ SW פו",,,"כף הנחה 19 ס""מ SW פו",יחידה,0.00,יחידה,false,,12.90,0.0000,true,1,2508483
7296049013009,false,"צנצנת 1500 מ""ל מכסה",,,"צנצנת 1500 מ""ל מכסה",יחידה,0.00,יחידה,false,,22.90,0.0000,true,1,2496112
7296049013016,false,"צנצנת 1100 מ""ל מכסה",,,"צנצנת 1100 מ""ל מכסה",יחידה,0.00,יחידה,false,,19.90,0.0000,true,1,2496113
7296049013139,false,צנצנת 9/14.5 מרובעת,,,צנצנת 9/14.5 מרובעת,יחידה,0.00,יחידה,false,,14.90,0.0000,true,1,2496122
7296049013153,false,"מאג לוריין 425 מ""ל י",,,"מאג לוריין 425 מ""ל י",יחידה,0.00,יחידה,false,,12.90,0.0000,true,1,2496124
7296049013610,false,"מטחנת מלח/פלפל ""4 לק",,,"מטחנת מלח/פלפל ""4 לק",יחידה,0.00,יחידה,false,,29.90,0.0000,true,1,2496131
7296049014075,false,ניקולטי כרית נוי 40/,,,ניקולטי כרית נוי 40/,יחידה,0.00,יחידה,false,,39.90,0.0000,true,1,2495702
7296049014488,false,"תרמוס נירוסטה 1000 מ""ל",,,"תרמוס נירוסטה 100 מ""",יחידה,0.00,יחידה,false,,54.90,0.0000,true,1,2496147
7296049014495,false,"תרמוס חכם 500 מ""ל מד",,,"תרמוס חכם 500 מ""ל מד",יחידה,0.00,יחידה,false,,39.90,0.0000,true,1,2496148
7296049014624,false,בקבוק שתיה תבור 650מ,,,בקבוק שתיה תבור 650מ,יחידה,0.00,יחידה,false,,19.90,0.0000,true,1,2519406
7296049014686,false,"מאג תרמי 450 מ""ל מאח",,,"מאג תרמי 450 מ""ל מאח",יחידה,0.00,יחידה,false,,16.90,0.0000,true,1,2519412
7296049016574,false,כוס קידוש פורצלן ותח,,,כוס קידוש פורצלן ותח,יחידה,0.00,יחידה,false,,29.90,0.0000,true,1,2519444
7296049016710,false,מלחיה פתוחה עיטור רי,,,מלחיה פתוחה עיטור רי,יחידה,0.00,יחידה,false,,14.90,0.0000,true,1,2519449
7296049017182,false,מגן משטחים שקוף 150/,,,מגן משטחים שקוף 150/,יחידה,0.00,יחידה,false,,19.90,0.0000,true,1,2519462
7296049017199,false,מגן משטחים ספוג צבעו,,,מגן משטחים ספוג צבעו,יחידה,0.00,יחידה,false,,14.90,0.0000,true,1,2519463
7296049018950,false,מד 3 מטר סוזוקי,,,מד 3 מטר סוזוקי,יחידה,0.00,יחידה,false,,9.90,0.0000,true,1,2541530
7296049018967,false,סט מברגי דיוק במארז,,,סט מברגי דיוק במארז,יחידה,0.00,יחידה,false,,19.90,0.0000,true,1,2541531
7296049019322,false,מפזר חום עומד בוס,,,מפזר חום עומד 501/80,יחידה,0.00,יחידה,false,,69.90,0.0000,true,1,2548474
7296049225259,false,מארז 2 נורות כדור לב,,,מארז 2 נורות כדור לב,יחידה,0.00,יחידה,false,,16.90,0.0000,true,1,2466301
7296049225822,false,טריו אדום קולפן Y לק,,,טריו אדום קולפן Y לק,יחידה,0.00,יחידה,false,,19.90,0.0000,true,1,2466331
7296049226256,false,"קופסא זכוכית עגול 580 מ""ל",,,פרש זכוכית עגול 580,יחידה,0.00,יחידה,false,,14.90,0.0000,true,1,2466340
7296049258011,false,דן אחסונית 850cc,,,דן אחסונית 850cc,יחידה,0.00,יחידה,false,,9.90,0.0000,true,1,2508117
7296049258042,false,דן אחסונית 1500cc,,,דן אחסונית 1500cc,יחידה,0.00,יחידה,false,,15.90,0.0000,true,1,2508120
7296049258059,false,דן אחסונית 1600cc 21,,,דן אחסונית 1600cc 21,יחידה,0.00,יחידה,false,,14.90,0.0000,true,1,2508121
7296049258110,false,דן קערית מילאנו קטנה,,,דן קערית מילאנו קטנה,יחידה,0.00,יחידה,false,,3.90,0.0000,true,1,2508127
7296049258127,false,דן קערה מילאנו בינונ,,,דן קערה מילאנו בינונ,יחידה,0.00,יחידה,false,,5.90,0.0000,true,1,2508128
7296049258134,false,דן קערה מילאנו גדולה,,,דן קערה מילאנו גדולה,יחידה,0.00,יחידה,false,,9.90,0.0000,true,1,2508129
7296049258141,false,דן קערה 5 ליטר,,,דן קערה 5 ליטר,יחידה,0.00,יחידה,false,,9.90,0.0000,true,1,2508130
7296049258158,false,דן קערה 7 ליטר,,,דן קערה 7 ליטר,יחידה,0.00,יחידה,false,,12.90,0.0000,true,1,2508131
7296049258202,false,קערה פלסטיק 28,,,קערה פלסטיק 28,יחידה,0.00,יחידה,false,,4.90,0.0000,true,1,2508134
7296049258233,false,דן קערה 35 עם ידיות,,,דן קערה 35 עם ידיות,יחידה,0.00,יחידה,false,,11.90,0.0000,true,1,2508136
7296049258240,false,דן קערה 45 עם ידיות,,,דן קערה 45 עם ידיות,יחידה,0.00,יחידה,false,,20.90,0.0000,true,1,2508137
7296049258325,false,דן מסננת פסטה עם ידי,,,דן מסננת פסטה עם ידי,יחידה,0.00,יחידה,false,,6.90,0.0000,true,1,2508144
7296049258356,false,דן קליק קלאק קטן,,,דן קליק קלאק קטן,יחידה,0.00,יחידה,false,,14.90,0.0000,true,1,2508147
7296049258387,false,דן סלסלה מיני מיני 1,,,דן סלסלה מיני מיני 1,יחידה,0.00,יחידה,false,,2.90,0.0000,true,1,2508150
7296049258400,false,דן סלסלה כלבו קטנה,,,דן סלסלה כלבו קטנה,יחידה,0.00,יחידה,false,,4.90,0.0000,true,1,2508152
7296049258417,false,דן סלסלה כלבו גדולה,,,דן סלסלה כלבו גדולה,יחידה,0.00,יחידה,false,,9.90,0.0000,true,1,2508153
7296049258431,false,דן סלסלת קשת בינונית,,,דן סלסלת קשת בינונית,יחידה,0.00,יחידה,false,,9.90,0.0000,true,1,2508155
7296049258462,false,דן סלסלת מדף,,,דן סלסלת מדף,יחידה,0.00,יחידה,false,,9.90,0.0000,true,1,2508158
7296049258479,false,דן סלסלה A4,,,דן סלסלה A4,יחידה,0.00,יחידה,false,,6.90,0.0000,true,1,2508159
7296049258721,false,דן סכומון מרובע,,,דן סכומון מרובע,יחידה,0.00,יחידה,false,,9.90,0.0000,true,1,2508184
7296049258745,false,דן סכומית מגירה קטן,,,דן סכומית מגירה קטן,יחידה,0.00,יחידה,false,,9.90,0.0000,true,1,2508186
7296049258752,false,דן סכומון מגירה בינו,,,דן סכומון מגירה בינו,יחידה,0.00,יחידה,false,,12.90,0.0000,true,1,2508187
7296049258790,false,דן מתקן לסבון כלים,,,דן מתקן לסבון כלים,יחידה,0.00,יחידה,false,,6.90,0.0000,true,1,2508191
7296049258998,false,דן סל ניירות עצמון,,,דן סל ניירות עצמון,יחידה,0.00,יחידה,false,,10.90,0.0000,true,1,2508211
7296049259001,false,דן דלי פייה 11 ליטר,,,דן דלי פייה 11 ליטר,יחידה,0.00,יחידה,false,,14.90,0.0000,true,1,2508212
7296049259018,false,דן דלי 11 ליטר+ ידית,,,דן דלי 11 ליטר+ ידית,יחידה,0.00,יחידה,false,,14.90,0.0000,true,1,2508213
7296049259049,false,דן שרפרף קטן,,,דן שרפרף קטן,יחידה,0.00,יחידה,false,,19.90,0.0000,true,1,2508100
7296049259070,false,דן שטיח לכיור,,,דן שטיח לכיור,יחידה,0.00,יחידה,false,,7.90,0.0000,true,1,2508215
7296049259087,false,דן שטיח מקרר 35*52 ס,,,דן שטיח מקרר 35*52 ס,יחידה,0.00,יחידה,false,,8.90,0.0000,true,1,2508102
7296049259155,false,דלי פייה 12 ליטר שקו,,,דלי פייה 12 ליטר שקו,יחידה,0.00,יחידה,false,,14.90,0.0000,true,1,2508219
7296049259179,false,דן קופסא לעוגה מרובעת,,,קופסא לעוגה מרובעת,יחידה,0.00,יחידה,false,,18.90,0.0000,true,1,2508221
7296049259308,false,פח אשפה עגול ראטן לב,,,פח אשפה עגול ראטן לב,יחידה,0.00,יחידה,false,,29.90,0.0000,true,1,2509909
7296049259933,false,דן סלסלה ראטן קטנה,,,דן סלסלה ראטן קטנה,יחידה,0.00,יחידה,false,,14.90,0.0000,true,1,2508303
7296049259971,false,דן סל שוק רטרו,,,דן סל שוק רטרו,יחידה,0.00,יחידה,false,,29.90,0.0000,true,1,2508307
7296049266023,false,דן נפה קוסקוס 26,,,דן נפה קוסקוס 26,יחידה,0.00,יחידה,false,,30.90,0.0000,true,1,2508312
7296049299007,false,פיקס קלין מקל עץ 1.5,,,פיקס קלין מקל עץ 1.5,יחידה,0.00,יחידה,false,,9.90,0.0000,true,1,2508271
7296049299038,false,פיקס קלין מגב שיש/חל,,,פיקס קלין מגב שיש/חל,יחידה,0.00,יחידה,false,,9.90,0.0000,true,1,2508274
7296049299045,false,פיקס קלין מברשת אסלה,,,פיקס קלין מברשת אסלה,יחידה,0.00,יחידה,false,,11.90,0.0000,true,1,2508275
7296049299052,false,פיקס קלין מברשת אסלה,,,פיקס קלין מברשת אסלה,יחידה,0.00,יחידה,false,,6.90,0.0000,true,1,2508276
7296049299076,false,פיקס קלין מברשת בגדי,,,פיקס קלין מברשת בגדי,יחידה,0.00,יחידה,false,,14.90,0.0000,true,1,2508278
7296049299168,false,פיקס קלין כף אשפה נא,,,פיקס קלין כף אשפה נא,יחידה,0.00,יחידה,false,,22.90,0.0000,true,1,2508292
7296049299182,false,פיקס קלין מגב שיש פ,,,פיקס קלין מגב שיש פ,יחידה,0.00,יחידה,false,,8.90,0.0000,true,1,2514125
7296049299243,false,פיקס קלין כף אשפה עם,,,פיקס קלין כף אשפה עם,יחידה,0.00,יחידה,false,,5.90,0.0000,true,1,2514131
7296049299359,false,פיקס קלין מטאטא שיער,,,פיקס קלין מטאטא שיער,יחידה,0.00,יחידה,false,,49.90,0.0000,true,1,2514142
7296049299397,false,פיקס קלין חבל כביסה,,,פיקס קלין חבל כביסה,יחידה,0.00,יחידה,false,,20.90,0.0000,true,1,2514146
7296049299526,false,פטנט פקק כיור UFO 10,,,פטנט פקק כיור UFO 10,יחידה,0.00,יחידה,false,,9.90,0.0000,true,1,2538083
7296049299588,false,משולש/מארגן כיור פטנ,,,משולש/מארגן כיור פטנ,יחידה,0.00,יחידה,false,,9.90,0.0000,true,1,2538088
7296102061848,false,מטאטא לוגנו+מקל,מ.א. ייצור ויבוא מטליות,,מטאטא לוגנו+מקל,יחידה,0.00,יחידה,false,,24.90,0.0000,true,1,2409060
7296111000012,false,מי קולון Royal,,,ROYAL מי קולון,מיליליטרים,500.00,"100 מ""ל",false,,39.90,0.0798,true,1,1343241
7296168000966,false,חוצה כדורים,,,חוצה כדורים,יחידה,0.00,יחידה,false,,9.90,0.0000,true,1,2436185
7296168000980,false,מסרק כינים פור אוור,,,מסרק כינים פור אוור,יחידה,0.00,יחידה,false,,14.90,0.0000,true,1,2436157
7296168001055,false,אגד גזה נמתח,,,אגד גזה נמתח,יחידה,0.00,יחידה,false,,4.90,0.0000,true,1,2436158
7296168001062,false,אגד גזה נמתח,,,אגד גזה נמתח,יחידה,0.00,יחידה,false,,7.90,0.0000,true,1,2436159
7296168008047,false,חיתולי טטרה 6 יח',,,חיתולי טטרה 6 יח',יחידה,0.00,יחידה,false,,34.90,0.0000,true,1,2546563
7296168017124,false,פלסטר חום 30 יח',,,פלסטר חום 30 יח',יחידה,0.00,יחידה,false,,5.90,0.0000,true,1,2436200
7296168017278,false,פלסטר ילדים 20 יח,,,פלסטר ילדים 20 יח,יחידה,0.00,יחידה,false,,7.90,0.0000,true,1,1429678
7296168017308,false,פלסטר שקוף גדלים מעו,,,פלסטר שקוף גדלים מעו,יחידה,0.00,יחידה,false,,5.90,0.0000,true,1,2436189
7296168017322,false,טבעות הגנה ליבלות אובליות,,,פלסטר להקלה על יבלות,יחידה,0.00,יחידה,false,,4.90,0.0000,true,1,2436201
7296168017339,false,טבעות הגנה ליבלות עגולות,,,פלסטר להקלה על יבלות,יחידה,0.00,יחידה,false,,4.90,0.0000,true,1,2437018
7296168100079,false,ערכה לבדיקת הריון,,,ערכה לבדיקת הריון,יחידה,0.00,יחידה,false,,9.90,0.0000,true,1,2436168
7296168100253,false,פד סטרילי,,,פד סטרילי,יחידה,0.00,יחידה,false,,5.90,0.0000,true,1,2436170
7296168100321,false,פד סטרילי,,,פד סטרילי,יחידה,0.00,יחידה,false,,7.90,0.0000,true,1,2436171
7296168110016,false,ערכת הריון 6 סטריפים,,,ערכה לבדיקת הריון 6,יחידה,0.00,יחידה,false,,14.90,0.0000,true,1,2436172
7296168173615,false,פדים,,,פדים,יחידה,0.00,יחידה,false,,7.90,0.0000,true,1,2436173
7296168173622,false,פדים,,,פדים,יחידה,0.00,יחידה,false,,9.90,0.0000,true,1,2436174
7296168173639,false,פדים,,,פדים,יחידה,0.00,יחידה,false,,14.90,0.0000,true,1,2436175
7296168174605,false,פד אלכוהול,,,פד אלכוהול,יחידה,0.00,יחידה,false,,9.90,0.0000,true,1,2436176
7296179006261,false,לק עמיד שיק 234,,,לק עמיד שיק 234,יחידה,0.00,יחידה,false,,12.90,0.0000,true,1,1921050
7296179008036,false,לק עמיד שיק 456,,,לק עמיד שיק 456,יחידה,0.00,יחידה,false,,12.90,0.0000,true,1,1921061
7296179008241,false,טופ קוט למראה ג'ל בת,,,טופ קוט למראה ג'ל בת,מיליליטרים,17.00,"100 מ""ל",false,,24.90,1.4647,true,1,2420576
7296179008319,false,לק עמיד שיק 480,,,לק עמיד שיק 480,יחידה,0.00,יחידה,false,,12.90,0.0000,true,1,1921067
7296179008357,false,לק עמיד שיק 319,,,לק עמיד שיק 319,יחידה,0.00,יחידה,false,,12.90,0.0000,true,1,1921071
7296179012132,false,לק עמיד שיק 289,,,לק עמיד שיק 289,יחידה,0.00,יחידה,false,,12.90,0.0000,true,1,1921079
7296179012224,false,לק עמיד שיק 278,,,לק עמיד שיק 278,יחידה,0.00,יחידה,false,,12.90,0.0000,true,1,1921088
7296179014181,false,לק עמיד שיק 250,,,לק עמיד שיק 250,יחידה,0.00,יחידה,false,,12.90,0.0000,true,1,1921101
7296179014495,false,"מסיר לק עם ספוג ורוד ללא אצטון 70 מ""ל",,,מסיר לק ספוג ורוד לל,מיליליטרים,70.00,"100 מ""ל",false,,12.90,0.1843,true,1,2420539
7296179014501,false,"מסיר לק עם ספוג ירוק 70 מ""ל",,,מסיר לק ספוג ירוק,מיליליטרים,70.00,"100 מ""ל",false,,12.90,0.1843,true,1,2420540
7296179021714,false,מידנייט סט בראשית נייט N.M,,,סט קרמים בראשית MN,מיליליטרים,100.00,"100 מ""ל",false,,59.90,0.5990,true,1,2107294
7296179021721,false,M.N קרם ידיים 100 סמ'ק,,,קרם ידיים מידנייט,מיליליטרים,100.00,"100 מ""ל",false,,9.90,0.0990,true,1,1921125
7296179021738,false,רול און מידנייט,,,רול און מידנייט,מיליליטרים,80.00,"100 מ""ל",false,,12.90,0.1613,true,1,1921126
7296179021769,false,ספריי מידנייט,,,ספריי מידנייט,מיליליטרים,150.00,"100 מ""ל",false,,14.90,0.0993,true,1,1921128
7296179021820,false,לאב לין רוז סט בראשית R.L.L,,,סט קרמים בראשית LLR,מיליליטרים,100.00,"100 מ""ל",false,,59.90,0.5990,true,1,2107297
7296179022759,false,"חמאת גוף 350 מ""ל שיק",,,"חמאת גוף 350 מ""ל שיק",מיליליטרים,350.00,"100 מ""ל",false,,29.90,0.0854,true,1,1438347
7296179022766,false,"חמאת גוף 350 מ""ל שיק",,,"חמאת גוף 350 מ""ל שיק",מיליליטרים,350.00,"100 מ""ל",false,,29.90,0.0854,true,1,1438348
7296179024562,false,מסיר לק אדום תות,,,מסיר לק אדום תות,מיליליטרים,100.00,"100 מ""ל",false,,7.90,0.0790,true,1,1921129
7296179024579,false,מסיר לק צהוב לימון,,,מסיר לק צהוב לימון,מיליליטרים,100.00,"100 מ""ל",false,,7.90,0.0790,true,1,1921130
7296179024593,false,מסיר לק לבן קוקוס,,,מסיר לק לבן קוקוס,מיליליטרים,100.00,"100 מ""ל",false,,7.90,0.0790,true,1,1921132
7296179029567,false,M.N WILD סט בראשית MN WILD מנומר,,,מארז מידנייט מנומר,יחידה,0.00,יחידה,false,,59.90,0.0000,true,1,2394024
7296179029642,false,דאו רול און מידנייט,,,דאו רול און מידנייט,מיליליטרים,80.00,"100 מ""ל",false,,14.90,0.1863,true,1,2374437
7296179029659,false,"M.N WILD קרם גוף 275 מ""ל",,,קרם גוף מידנייט,מיליליטרים,275.00,"100 מ""ל",false,,29.90,0.1087,true,1,2374424
7296179029673,false,"M.N WILD ספריי דיאודורנט 187 מ""ל",,,דאודרנט מידנייט,מיליליטרים,187.00,"100 מ""ל",false,,14.90,0.0797,true,1,2374425
7297304000895,false,מכנס פרנץ טרי ארוך,,,מכנס פרנץ טרי ארוך,יחידה,0.00,יחידה,false,,39.00,0.0000,true,1,2382862
7297304001878,false,מכנס פוטר מידות S-3X,,,מכנס פוטר מידות S-3X,יחידה,0.00,יחידה,false,,39.00,0.0000,true,1,2382864
7297304001885,false,חליפת פוטר מידות M-3,,,חליפת פוטר מידות M-3,יחידה,0.00,יחידה,false,,99.90,0.0000,true,1,2382865
7297304001908,false,ג'קט פוטר עם דמוי פר,,,ג'קט פוטר עם דמוי פר,יחידה,0.00,יחידה,false,,79.00,0.0000,true,1,2382866
7297304001960,false,מכנס דגמח מידות 38-5,,,מכנס דגמח מידות 38-5,יחידה,0.00,יחידה,false,,59.00,0.0000,true,1,2382867
7297304002004,false,פריט לבוש גברים/נשים,,,פריט לבוש גברים/נשים,יחידה,0.00,יחידה,false,,49.90,0.0000,true,1,2486733
7297304002035,false,מכנס פוטר ביג 4XL-8X,,,מכנס פוטר ביג 4XL-8X,יחידה,0.00,יחידה,false,,39.90,0.0000,true,1,2542596
7297304002127,false,מעיל,,,מעיל,יחידה,0.00,יחידה,false,,89.90,0.0000,true,1,2537153
7297391131786,false,טי לייקרה גברים מארז,,,טי לייקרה גברים מארז,יחידה,0.00,יחידה,false,,39.90,0.0000,true,1,2404489
7297391135401,false,תחתון בנים מארז 5 יח,,,תחתון בנים מארז 5 יח,יחידה,0.00,יחידה,false,,34.90,0.0000,true,1,2400400
7297391141587,false,תחתון בנים 4 יח' כדו,,,תחתון בנים 4 יח' כדו,יחידה,0.00,יחידה,false,,29.90,0.0000,true,1,2459089
7297391141747,false,תחתון בנים רביעייה,,,תחתון בנים רביעייה,יחידה,0.00,יחידה,false,,22.90,0.0000,true,1,2459105
7297423059187,false,חולצה תרמית-דיאדורה,,,חולצה תרמית-דיאדורה,יחידה,0.00,יחידה,false,,34.90,0.0000,true,1,2547663
7297423059194,false,חולצה תרמית-דיאדורה,,,חולצה תרמית-דיאדורה,יחידה,0.00,יחידה,false,,34.90,0.0000,true,1,2547664
7297423059262,false,חולצה תרמית-דיאדורה,,,חולצה תרמית-דיאדורה,יחידה,0.00,יחידה,false,,34.90,0.0000,true,1,2547676
7297423059279,false,חולצה תרמית-דיאדורה,,,חולצה תרמית-דיאדורה,יחידה,0.00,יחידה,false,,34.90,0.0000,true,1,2547677
7297423059286,false,חולצה תרמית-דיאדורה,,,חולצה תרמית-דיאדורה,יחידה,0.00,יחידה,false,,34.90,0.0000,true,1,2546129
7297423059293,false,חולצה תרמית-דיאדורה,,,חולצה תרמית-דיאדורה,יחידה,0.00,יחידה,false,,34.90,0.0000,true,1,2547678
7297423059309,false,חולצה תרמית-דיאדורה,,,חולצה תרמית-דיאדורה,יחידה,0.00,יחידה,false,,34.90,0.0000,true,1,2547679
7297423180584,false,חולצה תרמית-דיאדורה,,,חולצה תרמית-דיאדורה,יחידה,0.00,יחידה,false,,34.90,0.0000,true,1,2546145
7297423180591,false,חולצה תרמית-דיאדורה,,,חולצה תרמית-דיאדורה,יחידה,0.00,יחידה,false,,34.90,0.0000,true,1,2547669
7297423180607,false,חולצה תרמית-דיאדורה,,,חולצה תרמית-דיאדורה,יחידה,0.00,יחידה,false,,34.90,0.0000,true,1,2547670
7297423240745,false,שלישיית גרבי פוטיס נ,,,שלישיית גרבי פוטיס נ,יחידה,0.00,יחידה,false,,24.90,0.0000,true,1,2547444
7297423845797,false,שלישיית גרבי 1/4 -גב,,,שלישיית גרבי 1/4 -גב,יחידה,0.00,יחידה,false,,24.90,0.0000,true,1,2546146
7297423845872,false,שלישיית גרבי פוטיס-ג,,,שלישיית גרבי פוטיס-ג,יחידה,0.00,יחידה,false,,24.90,0.0000,true,1,2546154
7297423845896,false,שלישיית גרבי פוטיס-ג,,,שלישיית גרבי פוטיס-ג,יחידה,0.00,יחידה,false,,24.90,0.0000,true,1,2546156
7297423845919,false,שלישיית גרבי פוטיס-ג,,,שלישיית גרבי פוטיס-ג,יחידה,0.00,יחידה,false,,24.90,0.0000,true,1,2546157
7297423845926,false,שלישיית גרבי פוטיס-ג,,,שלישיית גרבי פוטיס-ג,יחידה,0.00,יחידה,false,,24.90,0.0000,true,1,2546158
7297423845957,false,שלישיית גרבי פוטיס-ג,,,שלישיית גרבי פוטיס-ג,יחידה,0.00,יחידה,false,,24.90,0.0000,true,1,2546161
7297423845964,false,שלישיית גרבי פוטיס-ג,,,שלישיית גרבי פוטיס-ג,יחידה,0.00,יחידה,false,,24.90,0.0000,true,1,2546162
7297423846039,false,שלישיית גרבי פוטיס-נ,,,שלישיית גרבי פוטיס-נ,יחידה,0.00,יחידה,false,,24.90,0.0000,true,1,2546169
7297423846084,false,שלישיית גרבי פוטיס-נ,,,שלישיית גרבי פוטיס-נ,יחידה,0.00,יחידה,false,,24.90,0.0000,true,1,2546171
7297423846091,false,שלישיית גרבי פוטיס-נ,,,שלישיית גרבי פוטיס-נ,יחידה,0.00,יחידה,false,,24.90,0.0000,true,1,2546172
7297423846107,false,שלישיית גרבי פוטיס-נ,,,שלישיית גרבי פוטיס-נ,יחידה,0.00,יחידה,false,,24.90,0.0000,true,1,2548703
7297425341013,false,מזרונית 90/200,,,מזרונית 90/200,יחידה,0.00,יחידה,false,,49.90,0.0000,true,1,2445854
7297425341020,false,מזרונית 120/200,,,מזרונית 120/200,יחידה,0.00,יחידה,false,,59.90,0.0000,true,1,2445855
7297425341044,false,מזרונית 160/200,,,מזרונית 160/200,יחידה,0.00,יחידה,false,,69.90,0.0000,true,1,2445856
7297425341051,false,מזרונית 180/200,,,מזרונית 180/200,יחידה,0.00,יחידה,false,,79.90,0.0000,true,1,2445857
7297425663917,false,מסילה מתכווננת 16/19,,,מסילה מתכווננת 16/19,יחידה,0.00,יחידה,false,,49.90,0.0000,true,1,2445535
7297488097995,false,גרנולה דבש ללא גלוטן,תות תעשיות מזון (201,IL,גרנולה דבש דגש 250,גרמים,250.00,100 גרם,false,,15.90,0.0636,true,1,1350644
7297488098015,false,גרנולה קרנץ' עם שוקולד צ'יפס מריר,תות תעשיות מזון (201,IL,גרנולה קרנצ'י שוקו דגש 25,גרמים,250.00,100 גרם,false,,15.90,0.0636,true,1,1350646
7297488098152,false,דגש קמח חומוס ללא גל,אף.סי תבליני בגליל ב,IL,קמח חומוס 500,גרמים,500.00,100 גרם,false,,15.90,0.0318,true,1,1350658
7297488098183,false,קמח אורז לבן ללא גלו,תבליני העליון 2007 ב,IL,קמח אורז דגש 500 ג',גרמים,500.00,100 גרם,false,,9.90,0.0198,true,1,1350661
7297488098190,false,קמח אורז מלא ללא גלוטן,אף.סי תבליני בגליל ב,IL,קמח אורז מלא 500 גרם,גרמים,500.00,100 גרם,false,,12.90,0.0258,true,1,1350662
7297488098213,false,קמח קינואה ללא גלוטן,תבליני העליון 2007 ב,IL,קמח קינואה,גרמים,500.00,100 גרם,false,,22.90,0.0458,true,1,1350663
7297488098220,false,קמח תפוח אדמה ללא גלוטן,תות תעשיות מזון (201,IL,"קמח תפו""א",גרמים,500.00,100 גרם,false,,11.90,0.0238,true,1,1350664
7297488098282,false,דגש אבקת מרק בטעם עו,אף.סי. תבליני הגליל,IL,אבקת מרק בטעם עוף,גרמים,500.00,100 גרם,false,,19.90,0.0398,true,1,1350670
7297488098299,false,קמח טפיוקה ללא גלוטן,אף סי תבליני הגליל ב,IL,קמח טפיוקה,גרמים,500.00,100 גרם,false,,10.90,0.0218,true,1,1350671
7297488098305,false,קמח שקדים ללא גלוטן,תות תעשיות מזון (201,IL,"קמח שקדים ""דגש""",גרמים,250.00,100 גרם,false,,27.90,0.1116,true,1,1350672
7297488098688,false,פצפוצי אורז מלא ללא,,,פצפוצי אורז מלא ללא,גרמים,450.00,100 גרם,false,,20.90,0.0464,true,1,1868753
7297488099753,false,עוגיות עם שוקולד וקוקוס,תות תעשיות מזון (201,IL,עוגיות בטעם שוקולד ו,גרמים,250.00,100 גרם,false,,28.90,0.1156,true,1,1857989
7297488099784,false,עוגיות דגש בטעם קינמ,תות תעשיות מזון (201,IL,עוגיות בטעם קינמון ד,גרמים,250.00,100 גרם,false,,28.90,0.1156,true,1,1857992
7297488099821,false,גרנולה ללא תוספת סוכר לנמנעים מגלוטן,תות תעשיות מזון (201,IL,גרנולה ללא תוספת סוכ,גרמים,250.00,100 גרם,false,,14.90,0.0596,true,1,1857993
7297488099890,false,פרוסות בסגנון קלאסי 9% שומן טבעוני,"טרופיקל דגיל בע""מ אז",IL,גבינה טבעונית פרוסות,גרמים,200.00,100 גרם,false,,19.90,0.0995,true,1,1386805
7297488099906,false,פרוסות בסגנון קלאסי 18% שומן טבעוני,"טרופיקל דגיל בע""מ אז",IL,גבינה טבעונית צהובה,גרמים,200.00,100 גרם,false,,19.90,0.0995,true,1,1386806
7297488099951,false,גבינה טבעונית מלוחה,"טרופיקל דגיל בע""מ אז",IL,גבינה טבעונית מלוחה,גרמים,250.00,100 גרם,false,,19.90,0.0796,true,1,1386808
7297488099968,false,גבינה טבעונית מלוחה,"טרופיקל דגיל בע""מ אז",IL,גבינה טבעונית מלוחה,גרמים,250.00,100 גרם,false,,19.90,0.0796,true,1,1386809
7297488199590,false,פצפוצי אורז לבן תפוח ללא גלוטן,דגש- דוכן גן שמואל,IL,פצפוצי אורז 450 גר' דגש,גרמים,450.00,100 גרם,false,,20.90,0.0464,true,1,1350680
7297488199606,false,פצפוצי אורז תפוח ללא תוספת סוכר ומלח ללא גלוטן,דגש- דוכן גן שמואל,IL,פצפוצי אורז קל 450 ג' דגש,גרמים,450.00,100 גרם,false,,20.90,0.0464,true,1,1350681
7297488199620,false,פצפוצי אורז מלא תפוח ללא גלוטן,דגש- דוכן גן שמואל,IL,פצפוצי אורז מלא 450 ג' דג,גרמים,450.00,100 גרם,false,,20.90,0.0464,true,1,1350682
7297488199682,false,קמח כוסמת ללא גלוטן,תות תעשיות מזון (201,IL,קמח כוסמת 500 ג' דגש,גרמים,500.00,100 גרם,false,,14.90,0.0298,true,1,1350686
7297488199781,false,תערובת להכנת קניידלך,חיים טובים מזון,IL,קניידלך דגש,גרמים,140.00,100 גרם,false,,19.90,0.1421,true,1,1350692
7297491083718,false,חמישיית גרביים גבר-,,,חמישיית גרביים גבר-,יחידה,0.00,יחידה,false,,24.90,0.0000,true,1,2546176
7297534040258,false,שלישיית גרבי נשים כו,,,שלישיית גרבי נשים כו,יחידה,0.00,יחידה,false,,14.90,0.0000,true,1,2548763
7297534040265,false,שלישיית גרבי גברים,,,שלישיית גרבי גברים,יחידה,0.00,יחידה,false,,14.90,0.0000,true,1,2548764
7297534040296,false,שלישיית קרסוליות גבר,,,שלישיית קרסוליות גבר,יחידה,0.00,יחידה,false,,14.90,0.0000,true,1,2548766
7297534040524,false,שלישיית קרסוליות ספו,,,שלישיית קרסוליות ספו,יחידה,0.00,יחידה,false,,14.90,0.0000,true,1,2548767
7297534040531,false,שלישיית קרסוליות ספו,,,שלישיית קרסוליות ספו,יחידה,0.00,יחידה,false,,14.90,0.0000,true,1,2548768
7297534040609,false,2 זוגות גרבי מגבת רכ,,,2 זוגות גרבי מגבת רכ,יחידה,0.00,יחידה,false,,9.90,0.0000,true,1,2545077
7297534070149,false,גופיה טרמית נשים,,,גופיה טרמית נשים,יחידה,0.00,יחידה,false,,19.90,0.0000,true,1,2545080
7297534071108,false,גטקס לגבר,,,גטקס לגבר,יחידה,0.00,יחידה,false,,19.90,0.0000,true,1,2545995
7297541839142,false,תחתוני סליפ,,,תחתוני סליפ,יחידה,0.00,יחידה,false,,89.90,0.0000,true,1,2366563
7297576788354,false,חולצת T ש.ק 2PP,,,חולצת T ש.ק 2PP,יחידה,0.00,יחידה,false,,69.90,0.0000,true,1,2410305
7297579004673,false,סט לתינוק מודפס דיסנ,,,סט לתינוק מודפס דיסנ,יחידה,0.00,יחידה,false,,69.90,0.0000,true,1,2423210
7297611133323,false,מארז שלישיית רגליות,,,מארז שלישיית רגליות,יחידה,0.00,יחידה,false,,69.90,0.0000,true,1,2441868
7297611228500,false,בוקסר ארוך,,,בוקסר ארוך,יחידה,0.00,יחידה,false,,110.00,0.0000,true,1,2442260
7297611388471,false,שני זוגות גרבי רבע פ,,,שני זוגות גרבי רבע פ,יחידה,0.00,יחידה,false,,26.90,0.0000,true,1,2498680
7312040017034,false,וודקה אבסולוט Absolut,,,וודקה אבסלוט ליטר,מיליליטרים,1000.00,"100 מ""ל",false,,89.90,0.0899,true,1,1324046
7332531063135,false,"סאיוס ספרי סרמיד לחיזוק @ 400 מ""ל",,,ספרי לשיער סאיוס,מיליליטרים,400.00,"100 מ""ל",false,,24.90,0.0622,true,1,1656693
7393714368584,false,קופרברג סיידר תותליי,לני אנד לארי,UA,סיידר תות ליים קופרב,מיליליטרים,330.00,"100 מ""ל",false,,8.90,0.0270,true,1,2355613
7393714369000,false,קופרברג סיידר אגסים,לני אנד לארי,UA,סיידר אגסים קופרברג,מיליליטרים,330.00,"100 מ""ל",false,,8.90,0.0270,true,1,2355614
7393714369208,false,סיידר פירות יער קופר,לני אנד לארי,UA,סיידר פירות יער קופר,מיליליטרים,330.00,"100 מ""ל",false,,8.90,0.0270,true,1,2355615
7393714507020,false,סיידר תות ליים קופרב,BEVERAGES FOODS & SE,UA,סיידר תות ליים קופרב,מיליליטרים,330.00,"100 מ""ל",false,,8.90,0.0270,true,1,2355616
7393714509604,false,סיידר קופרברג תפוח ב,BEVERAGES FOODS & SE,UA,סיידר תפוח קופרברג,מיליליטרים,330.00,"100 מ""ל",false,,8.90,0.0270,true,1,2355618
7394376123337,false,"משקה שיבולת שועל אורגני אוטלי , 1 ל'",טרנסומס פוד איי.בי,SE,משקה שיבולת שועל או,ליטרים,1.00,ליטר,false,,13.90,13.9000,true,1,2412203
7394376615825,false,"אוטלי משקה שיבולת שועל בתוספת סידן וויטמינים , 1 ל'",אוטלי OATLY,SE,משקה שיבולת שועל אוט,ליטרים,1.00,ליטר,false,,13.90,13.9000,true,1,2412204
7394376615832,false,אוטלי משקה שיבולת שועל בטעם שוקולד 1 ליטר,אוטלי OATLY,SE,משקה שיבולת שועל בט,ליטרים,1.00,ליטר,false,,15.90,15.9000,true,1,2412205
7394376616778,false,אוטלי משקה שיבולת שועל להקצפה בריסטה 1 ליטר,אוטלי OATLY,SE,משקה שיבולת שועל לה,ליטרים,1.00,ליטר,false,,15.90,15.9000,true,1,2412206
7394376620294,false,משקה שיבולת שועל וני,איי אם פי אס איי תעש,NL,משקה שיבולת שועל בט,ליטרים,1.00,ליטר,false,,15.90,15.9000,true,1,2537067
7456258458538,false,פקק כיור בבליסטר,,,פקק כיור בבליסטר,יחידה,0.00,יחידה,false,,6.90,0.0000,true,1,2425898
7501013101348,false,"נקטר 100% JUMEX מנגו 473 מ""ל",חומקס קומר קומרסאליז,MX,נקטר מנגו -ג'ומקס 47,מיליליטרים,473.00,"100 מ""ל",false,,8.90,0.0188,true,1,2371121
7501013101355,false,"נקטר אפרסק ג'ומקס 473 מ""ל",חומקס קומר קומרסאליז,MX,נקטר אפרסק-ג'ומקס 47,מיליליטרים,473.00,"100 מ""ל",false,,8.90,0.0188,true,1,2371122
7501013101362,false,"משקה קוקוס אננס ג'ומקס 473 מ""ל",חומקס קומר קומרסאליז,MX,נקטר קוקוס אננס -ג'ו,מיליליטרים,473.00,"100 מ""ל",false,,8.90,0.0188,true,1,2371123
7501013101393,false,"נקטר 100% JUMEX אננס 473 מ""ל",חומקס קומר קומרסאליז,MX,נקטר אננס -ג'ומקס 47,מיליליטרים,473.00,"100 מ""ל",false,,8.90,0.0188,true,1,2371124
7501013122039,false,ג'ומקס מיץ מנגו קרטונית ליטר תריסר,חומקס קומר קומרסאליז,MX,נקטר מנגו ג'ומקס קרט,ליטרים,1.00,ליטר,false,,9.90,9.9000,true,1,2378675
7501013122053,false,ג'ומקס מיץ אפרסק קרטונית ליטר תריסר,חומקס קומר קומרסאליז,MX,נקטר אפרסק-ג'ומקס קר,ליטרים,1.00,ליטר,false,,9.90,9.9000,true,1,2371135
7501013122114,false,"נקטר משקה אננס בקרטונית ג'ומקס, 1 ל'",חומקס קומר קומרסאליז,MX,נקטר אננס ג'ומקס קרט,ליטרים,1.00,ליטר,false,,9.90,9.9000,true,1,2371136
7501013122190,false,ג'ומקס מיץ תפוחים קרטונית ליטר תריסר,חומקס קומר קומרסאליז,MX,משקה תפוחים ג'ומקס ק,ליטרים,1.00,ליטר,false,,9.90,9.9000,true,1,2371137
7501013122992,false,ג'ומקס מיץ קוקוס אננס קרטונית ליטר תריסר,חומקס קומר קומרסאליז,MX,משקה מנגו ג'ומקס קרט,ליטרים,1.00,ליטר,false,,9.90,9.9000,true,1,2371138
7501013138047,false,יוניקו פרסקו משקה רימונים קרטונית 1 ל',COMERCIALIZADORA ELO,,נקטר רימונים פרסקו י,ליטרים,1.00,ליטר,false,,11.90,11.9000,true,1,2371131
7501013138184,false,יוניקו פרסקו משקה חמוציות קרטונית 1 ל',חומקס קומר קומרסאליז,MX,נקטר חמוציות יוניקו,ליטרים,1.00,ליטר,false,,11.90,11.9000,true,1,2371132
7501049936945,false,"שישיית בירה סול 330 מ""ל",היינקן,NL,שישייה בירה סול 330,ליטרים,1.98,ליטר,false,,39.90,20.1515,true,1,2405075
7501064191398,false,שישיית בירה קורונה אקסטרא *355 מל,קריניציה ויטמינה אס,MX,בירה קורונה שישייה 3,ליטרים,2.13,ליטר,false,,39.90,18.7324,true,1,2342133
7502231540858,false,שמרים בוואקום 500 גר,,,שמרים בוואקום 500 גר,גרמים,500.00,100 גרם,false,,9.90,0.0198,true,1,1360933
7503012779306,false,סירופ אגבה כחולה אורגני,נוטריגבאס דה מקסיקו,MX,סירופ אגבה כחולה אור,גרמים,330.00,100 גרם,false,,16.90,0.0512,true,1,1486099
7503012779405,false,סירופ אגבה כחולה נטו,נוטריאגבס דה מקסיקו,MX,סירופ אגבה כחולה אור,מיליליטרים,660.00,"100 מ""ל",false,,29.90,0.0453,true,1,1486100
7509546057545,false,ליידי ספיד סטיק פרו 5 סטיק 45 גר',קולגייט פלמוליב,BY,דאודורנט ליידי ספיד,גרמים,45.00,100 גרם,false,,17.90,0.3978,true,1,2471594
7509546061160,false,"משחת שיניים לילדים מיניונים 2-5 75 מ""ל קולגייט",CP UK,MX,משחת שיניים קולגייט,מיליליטרים,75.00,"100 מ""ל",false,,16.90,0.2253,true,1,2473709
7509546061665,false,דאודורנט סטיק ג'ל לגבר 24/7 אקסטרים אינטנס,קולגייט פלמוליב,US,דאודורנט סטיק גל-אקס,גרמים,85.00,100 גרם,false,,17.90,0.2106,true,1,2529801
7509546061672,false,דאודורנט סטיק אקסטרים אינטנס,קולגייט פלמוליב,BY,דאודורנט סטיק-אקסטרי,גרמים,50.00,100 גרם,false,,17.90,0.3580,true,1,2529802
7509546063515,false,ליידי ספיד סטיק -סטיק פרו 5 ספריי 150 מל,קולגייט פלמוליב,MX,דאודורנט ספריי ליידי,מיליליטרים,150.00,"100 מ""ל",false,,19.90,0.1327,true,1,2529803
7509546666846,false,"קולגייט טוטאל משחת שיניים פחם 75 מ""ל",קולגייט פלמוליב,MX,משחת שיניים קולגייט,מיליליטרים,75.00,"100 מ""ל",false,,19.90,0.2653,true,1,2462022
7509546678702,false,קולגייט משחת שיניים טוטל אנטי טרטר 100 מ,קולגייט-פלמוליב,BR,משחת שיניים קולגייט,מיליליטרים,100.00,"100 מ""ל",false,,14.90,0.1490,true,1,2527916
7610023050215,false,פמיליה גרנולה קראנצי 500 ג',פמיליה familia,CH,"מיזלי ""קראנצ איקס 500 ""ג'",גרמים,500.00,100 גרם,false,,18.90,0.0378,true,1,1353516
7610023051212,false,פמיליה מיזלי שוקו איקס בשקית 500ג,מיוצר עי קונדיטוריית,CH,"מיזלי ""שוקו איקס 500 ""ג'",גרמים,500.00,100 גרם,false,,18.90,0.0378,true,1,1353518
7610100034084,false,מיונז טומי בשפורפרת,נסטלה שוויץ ס.א,US,מיונז טומי בשפורפרת,גרמים,265.00,100 גרם,false,,12.90,0.0487,true,1,1588355
7610113000175,false,"בקרדי מוחיטו 700 מ""ל",בקרדי מרטיני,DE,רום בקרדי מוחיטו,מיליליטרים,700.00,"100 מ""ל",false,,74.90,0.1070,true,1,1968872
7610113011652,false,"בקרדי בריזר תפוח 275 מ""ל בקבוק",בקרדי בריזר Bacardi Breezer,BE,בקרדי בריזר-תפוח 275,מיליליטרים,275.00,"100 מ""ל",false,,12.90,0.0469,true,1,2405076
7610211130903,false,סוכרזית הרמזית 800+2,מרום את קונפינו,,סוכרזית הרמזית 800+2,גרמים,800.00,100 גרם,false,,24.90,0.0311,true,1,2500994
7610400010481,false,שוקולד לינדט אקסלנס,לינדט Lindt,FR,לינדט אקסלנס מילק 100 גרם,גרמים,100.00,100 גרם,false,,14.90,0.1490,true,1,1319105
7610400014632,false,שוקולד שויצרי לבן בו,לינדט Lindt,CH,לינדור בודד וואיט 100 גרם,גרמים,100.00,100 גרם,false,,15.90,0.1590,true,1,1319109
7610400014649,false,שוקולד חלב במילוי קרם רך,לינדט ושפרונגלי,CH,לינדור בודד מילק 100גרם,גרמים,100.00,100 גרם,false,,15.90,0.1590,true,1,1319110
7610400068369,false,שוקולד חלב במילוי קרם אגוזים,לינדט ושפרונגלי,CH,לינדור בודד הזלנט 100 גרם,גרמים,100.00,100 גרם,false,,15.90,0.1590,true,1,1319113
7610400068505,false,בונבוניירת לינדור Lindor שוקולד חלב,לינדט ושפרונגלי,CH,לינדור בונ' מילק 200 גרם,גרמים,200.00,100 גרם,false,,22.90,0.1145,true,1,1319114
7610400068529,false,בונבוניירת לינדור Lindor מעורבב,לינדט ושפרונגלי,CH,לינדור בונ' אסורטד 200 גר,גרמים,200.00,100 גרם,false,,22.90,0.1145,true,1,1319115
7610400070577,false,שוקולד מריר אקסלנס עם צ'ילי,לינדט Lindt,CH,לינדט אקסלנס צ'ילי 100 גר,גרמים,100.00,100 גרם,false,,14.90,0.1490,true,1,1319122
7610400074155,false,שוקולד מריר במילוי קרם,"לינדט ושפרונגלי, CH-",CH,לינדור בודד 60% 100 גרם,גרמים,100.00,100 גרם,false,,15.90,0.1590,true,1,1319125
7610400075770,false,שוקולד מריר עם אגוזי לוז שלמים,לינדט ושפרונגלי,CH,לינדט לגרנד דארק הזלנט 15,גרמים,150.00,100 גרם,false,,19.90,0.1327,true,1,1319126
7610400075787,false,שוקולד חלב עם אגוזי לוז שלמים,"לינדט ושפרונגלי, קיל",CH,לינדט לגרנד מילק הזלנט 15,גרמים,150.00,100 גרם,false,,19.90,0.1327,true,1,1319127
7610400075794,false,שוקולד לינדט לה גרנד,לינדט ושפרונגלי,CH,לינדט לגרנד ואיט אלמוד 15,גרמים,150.00,100 גרם,false,,19.90,0.1327,true,1,1319128
7610400085946,false,שוקולד לינדט לגרנד ש,לינדט,,שוקולד לינדט לגרנד,גרמים,150.00,100 גרם,false,,19.90,0.1327,true,1,2370312
7610400091060,false,שוקולד מריר לינדט אקסלנס בתוספת תפוז ושקדים,לינדט ושפרונגלי,,שוקולד מריר לינדט אק,גרמים,100.00,100 גרם,false,,14.90,0.1490,true,1,2404822
7610700002681,false,ריקולה סוכריות ללא סוכר בטעם צמחים 50 גר',,,סוכריות ריקולה צמחים,גרמים,50.00,100 גרם,false,,12.90,0.2580,true,1,2402755
7610700009956,false,ריקולה ללא ת.סוכר 50 ג'-סמבוקוס,,,סוכריות ריקולה צמחים,גרמים,50.00,100 גרם,false,,12.90,0.2580,true,1,2410710
7610700012642,false,ריקולה לימון מנטה שקית 70,ריקולה,CH,סוכריות ריקולה צמחים,גרמים,70.00,100 גרם,false,,9.90,0.1414,true,1,2434960
7610700013083,false,ריקולה ס.לל'ס מנטה 50 גרם,,,סוכריות ריקולה צמחים,גרמים,50.00,100 גרם,false,,12.90,0.2580,true,1,2477226
7610700607046,false,סוכריות צמחים לימון ומנטה ללא תוספת סוכר,ריקולה Ricola,,סוכריות ריקולה צמחים,גרמים,50.00,100 גרם,false,,12.90,0.2580,true,1,1337248
7610700607077,false,סוכריות צמחים תפוז ומנטה ללא תוספת סוכר,ריקולה Ricola,,סוכריות ריקולה צמחים,גרמים,50.00,100 גרם,false,,12.90,0.2580,true,1,1337249
7610700614914,false,סוכריות צמחים וחמוציות ללא תוספת סוכר,ריקולה Ricola,,סוכריות ריקולה צמחים,גרמים,50.00,100 גרם,false,,12.90,0.2580,true,1,1337252
7612720201563,false,ריחנית LITTLE TREE B,,,ריחנית LITTLE TREE B,יחידה,0.00,יחידה,false,,4.90,0.0000,true,1,2513895
7612720201723,false,ריחנית LITTLE TREE S,,,ריחנית LITTLE TREE S,יחידה,0.00,יחידה,false,,4.90,0.0000,true,1,2513897
7613030979647,false,דגני בוקר טריקס פירות עולם היורה 480 ג',ג'נרל מילס סאן אדריא,IL,דגני בוקר טריקס 480,גרמים,480.00,100 גרם,false,,23.90,0.0498,true,1,1925673
7613032045753,false,פיטנס - דגני בוקר שוקולד 375 גרם,נסטלה צרפת איטנקורט,FR,פיטנס שוקולד 375 גרם,גרמים,375.00,100 גרם,false,,19.90,0.0531,true,1,1306306
7613033548192,false,פיטנס - דגני בוקר שוקולד מריר 375 גרם,נסטלה צרפת איטנקורט,FR,פיטנס שוקולד מריר 375 גרם,גרמים,375.00,100 גרם,false,,19.90,0.0531,true,1,1306331
7613033635571,false,פורינה וואן - חתול סטרילייז סלמון 800 גרם,נסטלה פורינה צרפת,FR,פורינה ONE חתול גור,גרמים,800.00,100 גרם,false,,39.90,0.0499,true,1,2375958
7613035027022,false,מזון לכלבים קטנים גורים פורינה ONE,פורינה Purina,,פורינה ONE כלב מיני,גרמים,800.00,100 גרם,false,,34.90,0.0436,true,1,2375961
7613035378643,false,דנטלייף חטיף דנטלי לכלבים מגזע גדול - 4 יחידות,פורינה Purina,US,דנטלייף לכלב גזע גדו,גרמים,142.00,100 גרם,false,,14.90,0.1049,true,1,2485395
7613035379794,false,דנטלייף חטיף דנטלי לכלבים מגזע בינוני - 4 יחידות,פורינה Purina,US,דנטלייף לכלב גזע בינ,גרמים,115.00,100 גרם,false,,14.90,0.1296,true,1,2485386
7613035379817,false,דנטלייף חטיף דנטלי לכלבים מגזע קטן - 4 יחידות,פורינה Purina,US,דנטלייף לכלב גזע קטן,גרמים,115.00,100 גרם,false,,14.90,0.1296,true,1,2485387
7613035622623,false,פיטנס - גרנולה שקדים ודבש 300 גרם,שוורצקוף& הנקל דיסלד,LT,פיטנס גרנולה שקדים ו,גרמים,300.00,100 גרם,false,,12.90,0.0430,true,1,1420756
7613035635845,false,פיטנס גרנולה שוקולד 14*300 גרם,שוורצקוף& הנקל דיסלד,LT,פיטנס גרנולה שוקולד,גרמים,300.00,100 גרם,false,,12.90,0.0430,true,1,1420757
7613035758834,false,גרנולה חומציות 300 ג' פיטנס,שוורצקוף& הנקל דיסלד,LT,פיטנס גרנולה חמוציות,גרמים,300.00,100 גרם,false,,12.90,0.0430,true,1,1482998
7613035807778,false,פרפקטו רוטב עגבניות לבולונז 400 ג' אסם,אסם פרפקטו Perfecto,ES,רוטב עגבניות לבלונז,גרמים,400.00,100 גרם,false,,8.90,0.0223,true,1,1482964
7613035809109,false,פרפקטו רוטב עגבניות ובזיליקום 400 ג'אסם,אסם פרפקטו Perfecto,ES,רוטב עגבניות ובזילקו,גרמים,400.00,100 גרם,false,,8.90,0.0223,true,1,1482965
7613035809123,false,פרפקטו רוטב עגבניות עם פלפלים 400 ג' אסם,אסם פרפקטו Perfecto,ES,רוטב עגבניות עם פלפל,גרמים,400.00,100 גרם,false,,8.90,0.0223,true,1,1482966
7613035809857,false,פרפקטו רוטב עגבניות לפסטה ולבישול 400 ג' אסם,אסם פרפקטו Perfecto,ES,רוטב עגבניות לפסטה ו,גרמים,400.00,100 גרם,false,,8.90,0.0223,true,1,1482967
7613035975897,false,מים מינרלים מוגזים רביעייה בקבוק אישי,פרייה Perrier,,רביעיית מים פרייה מו,ליטרים,1.32,ליטר,false,,22.90,17.3485,true,1,1557256
7613036105576,false,דוגלי עוף לכלבים בוגרים,נסטלה פורינה פטקר הו,HU,"דוגלי בשר ועוף 3 ק""ג",קילוגרמים,3.00,"ק""ג",false,,42.90,14.3000,true,1,1679644
7613036105606,false,דוגלי בקר לכלבים בוגרים,נסטלה פורינה פטקר הו,HU,"דוגלי בשר וכבד 3 ק""ג",קילוגרמים,3.00,"ק""ג",false,,42.90,14.3000,true,1,1679652
7613036120395,false,"פורינה ONE כלב מידמקסי בקר 2.5 ק""ג",נסטלה פורינה איטליה,IT,פורינה ONE כלב מידמק,קילוגרמים,2.50,"ק""ג",false,,89.90,35.9600,true,1,2375976
7613036280334,false,רביעיית אנד ג'וס אפר,,,רביעיית אנד ג'וס אפר,ליטרים,1.00,ליטר,false,,24.90,24.9000,true,1,2434131
7613036286015,false,רביעיית אנד ג'וס אננ,,,רביעיית אנד ג'וס אננ,ליטרים,1.00,ליטר,false,,24.90,24.9000,true,1,2434132
7613036288026,false,"דוגלי גורים 4*3ק""ג",,,"דוגלי גורים 3 ק""ג",קילוגרמים,3.00,"ק""ג",false,,42.90,14.3000,true,1,1875208
7613036314114,false,נסקפה גולד Gold קפה נמס מיובש בתוספת קפה קלוי,נסקפה Nescafe,,נס קפה גולד,גרמים,200.00,100 גרם,false,,44.90,0.2245,true,1,2030214
7613036520492,false,פרפקטו רוטב עגבניות לפיצה 400 ג',אסם פרפקטו Perfecto,ES,רוטב עגבניות לפיצה פ,גרמים,400.00,100 גרם,false,,8.90,0.0223,true,1,1935003
7613036710879,false,מארז מיני חטיפי קיט קט צ'אנקי Kit Kat Chanky,נסטלה Nestle,,חטיף קיט קט מיני,גרמים,194.00,100 גרם,false,,12.90,0.0665,true,1,2134509
7613036725286,false,דנטלייף חטיף דנטלי לחתול בטעם סלמון,פורינה Purina,US,דנטלייף חתול בטעם סל,גרמים,40.00,100 גרם,false,,9.90,0.2475,true,1,2485396
7613036725309,false,דנטלייף חטיף דנטלי לחתול בטעם עוף,פורינה Purina,US,דנטלייף חתול בטעם עו,גרמים,40.00,100 גרם,false,,9.90,0.2475,true,1,2485397
7613036867870,false,נסקפה דולצה גוסטו אספרסו בריסטה קפסולות 112 ג',,,נסקפה דולצה גוסטו אס,גרמים,112.00,100 גרם,false,,28.90,0.2580,true,1,2212508
7613036880534,false,גרבר מחית ירקות מעורבים מטרנה 190 גר',נסטלה פולסקה אס.איי,PL,גרבר מחית מרק ירקות,גרמים,190.00,100 גרם,false,,6.50,0.0342,true,1,2376063
7613036976657,false,מזון לחתולים פריסקיז פאוצ' הודו,נסטלה פורינה,HU,פריסקיז פאוצ' הודו,גרמים,85.00,100 גרם,false,,3.90,0.0459,true,1,2432513
7613036976671,false,פריסקיז - פאוץ עוף ברוטב 85 גרם,יו פי אף,FR,פריסקיז פאוצ' עוף,גרמים,85.00,100 גרם,false,,3.90,0.0459,true,1,2387474
7613036976695,false,פריסקיז - פאוץ בקר ברוטב 85 גרם,נסטלה פורינה הונגריה,HU,פריסקיז פאוצ' בקר,גרמים,85.00,100 גרם,false,,3.90,0.0459,true,1,2387468
7613036976718,false,פריסקיז - פאוץ ברווז ברוטב 85 גרם,יו פי אף,FR,פריסקיז פאוצ' ברווז,גרמים,85.00,100 גרם,false,,3.90,0.0459,true,1,2387475
7613036976732,false,פריסקיז - פאוץ סולומון 85 גרם,נסטלה פורינה,HU,פריסקיז פאוצ' סלמון,גרמים,85.00,100 גרם,false,,3.90,0.0459,true,1,2432506
7613037012095,false,פיטנס - גרנולה שוקולד קינואה ושקדים 300 גרם,NESTLE WATERS,,פיטנס גרנולה שוקולד,גרמים,300.00,100 גרם,false,,12.90,0.0430,true,1,2324167
7613037012200,false,גרבר - מחית תפוח מנגו גזר פאוץ 90 גרם,כלורוקס אוקלנד,ES,גרבר מחית תפוח מנגו,גרמים,90.00,100 גרם,false,,6.50,0.0722,true,1,2379285
7613037204889,false,סטארבקס - פולי קפה אספרסו 450 גרם,Unknown,IL,סטארבקס פולי קפה בלו,גרמים,450.00,100 גרם,false,,49.90,0.1109,true,1,2455994
7613037276091,false,נסטלה מיקס מיני אריזות דגני בוקר 200 ג',נסטלה Nestle,FR,דגני בוקר מיקס מיני,גרמים,200.00,100 גרם,false,,16.90,0.0845,true,1,2354616
7613037686906,false,פיטנס - דגני בוקר שקדים ודבש 355 גרם,נסטלה צרפת איטנקורט,FR,דגני בוקר פיטנס שקדי,גרמים,355.00,100 גרם,false,,19.90,0.0561,true,1,2379287
7613037687132,false,דגני פיטנס שקדים ודב,נסטלה צרפת איטנקורט,,דגני בוקר שקדים 585,גרמים,585.00,100 גרם,false,,26.90,0.0460,true,1,2379288
7613037811629,false,דגני בוקר קורנפלקס גו פרי 500 גר',שוורצקוף& הנקל דיסלד,IL,קורנפלקס גו פרי 500,גרמים,500.00,100 גרם,false,,14.90,0.0298,true,1,2389527
7613038268262,false,דגני בוקר צ'יריוס דבש ושקדים במתיקות מעודנת,נסטלה פולין דגני בוק,FR,דגני בוקר האני ציריו,גרמים,410.00,100 גרם,false,,19.90,0.0485,true,1,2383706
7613038451954,false,דגני בוקר שוקולד מופחת סוכר 410 ג' קראנץ',סי. פי. צרפת,FR,דגני בוקר קראנץ שוקו,גרמים,410.00,100 גרם,false,,21.90,0.0534,true,1,2383677
7613039547632,false,גרבר מחית תפוח בננה תות פאוץ' 90 גר',שוורצקוף& הנקל דיסלד,ES,גרבר מחית תפוח בננה,גרמים,90.00,100 גרם,false,,5.90,0.0656,true,1,2421555
7613039547731,false,גרבר - מחית תפוח משמש פאוץ 90 גרם,כלורוקס אוקלנד,IL,גרבר מחית תפוח משמש,גרמים,90.00,100 גרם,false,,5.90,0.0656,true,1,2421556
7613039547922,false,גרבר מחית תפוח בננה אגס פאוץ' 90 גר',,ES,גרבר מחית תפוח בננה,גרמים,90.00,100 גרם,false,,5.90,0.0656,true,1,2421557
7613039770450,false,סנסשיונל בורגר טבעול 226 ג',ג'נרל מילס סאן אדריא,IL,טבעול סנסשיונל בורגר,גרמים,226.00,100 גרם,false,,34.90,0.1544,true,1,2423061
7613039771174,false,טחון צמחוני סנסשיונל מינס,ג'נרל מילס סאן אדריא,IL,טבעול סנסשיונל מינס,גרמים,400.00,100 גרם,false,,34.90,0.0872,true,1,2423062
7613039879382,false,גרבר - מחית תפוחי עץ 190 גרם,מטרנה,PL,גרבר מחית תפוחי עץ,גרמים,190.00,100 גרם,false,,6.50,0.0342,true,1,2439743
7613039880807,false,גרבר מחית תפוח גזר 190 גר',נסטלה פולסקה אס.איי,PL,גרבר מחית תפוח גזר,גרמים,190.00,100 גרם,false,,6.50,0.0342,true,1,2435709
7613039881521,false,גרבר - מחית מנגו 190 גרם,נסטלה פולסקה אס.איי,PL,גרבר מחית מנגו,גרמים,190.00,100 גרם,false,,6.50,0.0342,true,1,2435710
7613039881965,false,גרבר מחית גזר תפוח ומנגו 190 גר',נסטלה פולסקה אס.איי,PL,גרבר מחית גזר תפוח מ,גרמים,190.00,100 גרם,false,,6.50,0.0342,true,1,2435711
7613287008497,false,סטארבקס - פולי קפה פייק פלייס 450 גרם,Unknown,IL,סטארבקס פולי קפה פיי,גרמים,450.00,100 גרם,false,,49.90,0.1109,true,1,2455995
7613287121783,false,חטיף סמרטיס מיני מאר,נסטלה Nestle,,חטיף סמרטיס מיני מאר,גרמים,187.00,100 גרם,false,,12.90,0.0690,true,1,2465021
7613287155832,false,מטרנה מחית תפוח פאוץ' 90 גר',כלורוקס אוקלנד,IL,גרבר מחית תפוח פאוץ,גרמים,90.00,100 גרם,false,,6.50,0.0722,true,1,2455409
7613287155863,false,מטרנה מחית אגס פאוץ' 90 גר',גרבר Gerber,IL,גרבר מחית אגס פאוץ,גרמים,90.00,100 גרם,false,,5.90,0.0656,true,1,2439751
7613287155894,false,"גרבר - מחית אפרסק כל""פ פאוץ 90 גרם",גרבר Gerber,IL,גרבר מחית אפרסק פאוץ,גרמים,90.00,100 גרם,false,,6.50,0.0722,true,1,2449796
7613287155924,false,מטרנה מחית תפוח וגזר פאוץ' 90 גר',גרבר Gerber,IL,גרבר מחית תפוח גזר פ,גרמים,90.00,100 גרם,false,,5.90,0.0656,true,1,2439752
7613287162281,false,קפסולות קפה אספרסו גרנדה אינטנסו דולצ'ה גוסטו 144 ג',נסטלה UK,GB,נסקפה דולצה גוסטו גר,גרמים,144.00,100 גרם,false,,28.90,0.2007,true,1,2464247
7613287186928,false,קפסולות סטארבקס ברקפסט רוסט 12 יח',נסטלה שוויץ - קפה,CH,סטארבקס קפסולות ברקפ,גרמים,56.00,100 גרם,false,,21.90,0.3911,true,1,2475817
7613287302373,false,קפסולות סטארבקס איטלאן סטייל רוסט 57*10גר',נסטלה שוויץ - קפה,IL,סטארבקס איטלאן סטייל,גרמים,55.00,100 גרם,false,,21.90,0.3982,true,1,2452765
7613287325808,false,אוסם - דיפ אנד ספרד מטבל איולי שום 295 גרם,נסטלה פולין,PL,רוטב איולי שום 295 מ,מיליליטרים,295.00,"100 מ""ל",false,,13.90,0.0471,true,1,2478479
7613287325822,false,אוסם - דיפ אנד ספרד מטבל מיקס 295 גרם,אסם,PL,"רוטב מיקס 295 מ""ל",מיליליטרים,295.00,"100 מ""ל",false,,13.90,0.0471,true,1,2478480
7613287325853,false,אוסם - דיפ אנד ספרד מטבל איולי ספייסי 295 גרם,נסטלה פולין,PL,רוטב ספייסי איולי שו,מיליליטרים,295.00,"100 מ""ל",false,,13.90,0.0471,true,1,2478481
7613287325983,false,אוסם - דיפ אנד ספרד מטבל סלסה 335 גרם,דפטונה פולין,PL,רוטב סלסה לחיץ,מיליליטרים,335.00,"100 מ""ל",false,,13.90,0.0415,true,1,2478483
7613287394323,false,אסם מולטי צ'יריוס 14*600 גרם 2021,פרומבראפ - אנגליה,GB,דגני בוקר מולטי צ'רי,גרמים,600.00,100 גרם,false,,22.90,0.0382,true,1,2452754
7613287476494,false,אוסם - דיפ אנד ספרד מיונז בסגנון צרפתי 280 גרם,נסטלה פולין,PL,מיונז לחיץ,מיליליטרים,280.00,"100 מ""ל",false,,13.90,0.0496,true,1,2478484
7613287821348,false,נתחוני עוף טבעוני סנסשיונל טבעול 350 ג',ג'נרל מילס סאן אדריא,CZ,נתחוני עוף טבעוני טב,גרמים,350.00,100 גרם,false,,34.90,0.0997,true,1,2478375
7613287855640,false,סטארבקס קפסולות גוואטמלה 52ג אסם,נסטלה שוויץ - קפה,IL,סטארבקס קפסולות גווא,גרמים,57.00,100 גרם,false,,21.90,0.3842,true,1,2529405
7614500035788,false,טובלרון שוקולד חלב 200 גרם,טובלרון,,שוקולד טובלרון חלב 2,גרמים,200.00,100 גרם,false,,11.90,0.0595,true,1,1819593
7622010001858,false,עוגיות אוראו ממולאות קרם וניל 176 ג',פי אר ג'יי אס אי מנד,UA,עוגיות אוראו 176 גרם,גרמים,176.00,100 גרם,false,,8.90,0.0506,true,1,1414464
7622201050757,false,שוקולד מילקה טבלת חלב עם קרמל 100 ג',מילקה Milka,,מילקה שוקולד קרמל 90,גרמים,90.00,100 גרם,false,,5.90,0.0656,true,1,1306972
7622201137052,false,אוראו מיני קוקיס - עוגיות שוקולד צ'יפס ותחתית מצופה שוקולד חלב,מונדלז אספנה גלטאס פ,ES,מילקה מיני קוקיז 110,גרמים,110.00,100 גרם,false,,8.90,0.0809,true,1,2463648
7622201139278,false,גבינת שמנת 27% שומן 150 ג' פילדלפיה,מיודלז אספניה פרודוק,ES,גבינת פילדלפיה שמנה,גרמים,150.00,100 גרם,false,,12.90,0.0860,true,1,2387987
7622201401900,false,עוגיות מילקה סנסיישן אוראו 156 גר',מונדלז פולסקה פרודקש,PL,עוגיות מילקה סנסיישן,גרמים,156.00,100 גרם,false,,12.90,0.0827,true,1,2428663
7622201502515,false,מילקה - עוגיות קוקי לופ 132 גרם,גיורי קייקס קייאפטי,HU,עוגיות מילקה קוקי לו,גרמים,132.00,100 גרם,false,,12.90,0.0977,true,1,2485357
7622201521493,false,גבינת שמנת עם שום ועשבי תיבול 12% שומן,מיודלז אספניה פרודוק,ES,גבינת פילדלפיה שום ו,גרמים,150.00,100 גרם,false,,12.90,0.0860,true,1,2520158
7622201801809,false,מילקה- שוק' חלב עם אגוזים 100 גר' חדש,מנדלז דויצ'לנד סנקס,DE,מילקה שוקולד אגוזים,גרמים,100.00,100 גרם,false,,5.90,0.0590,true,1,2470727
7622201802363,false,שוקולד מילקה טבלה חלב צימוקים ואגוזים 100ג',מנדלז דויצ'לנד סנקס,DE,מילקה שוקולד צימוקים,גרמים,100.00,100 גרם,false,,5.90,0.0590,true,1,2470728
7622201802394,false,שוקולד מילקה טבלה חלב 100 ג',מנדלז דויצ'לנד סנקס,DE,מילקה שוקולד חלב 100,גרמים,100.00,100 גרם,false,,5.90,0.0590,true,1,2470729
7622201808631,false,מיני עוגיות אוראו במילוי קרם בטעם וניל,פי.טי. מונדלז אינדונ,ID,עוגיות אוראו מיני כו,גרמים,67.00,100 גרם,false,,7.90,0.1179,true,1,2470730
7622201813390,false,וופל במילוי קרם קקאו בציפוי שוקולד חלב,מונדליז סי.אר. ביסקו,,מילקה וופל במילוי קר,גרמים,150.00,100 גרם,false,,12.90,0.0860,true,1,2457977
7622201819170,false,שוקולד דארק שקדים מילקה 85 ג',מונדלז דויטשלנד סנאק,DE,מילקה דארק שקדים 85,גרמים,85.00,100 גרם,false,,5.90,0.0694,true,1,2486262
7622201819408,false,שוקולד מילקה דארק קר,מונדלז דויטשלנד סנאק,DE,מילקה דארק קרמל 85 ג,גרמים,85.00,100 גרם,false,,5.90,0.0694,true,1,2486263
7622201819552,false,שוקולד מילקה דארק 85,מונדלז דויטשלנד סנאק,DE,מילקה שוקולד דרק,גרמים,85.00,100 גרם,false,,5.90,0.0694,true,1,2486264
7622210078131,false,מילקה שוקולד חלב במילוי קרם שמנת 100 ג',מנדלז דויצ'לנד סנקס,DE,מילקה שוקולד 100 גרם,גרמים,100.00,100 גרם,false,,5.90,0.0590,true,1,1627586
7622210117762,false,"קוטדור בונבונירה בושה, 200 גרם כשל""פ",קראפט,,שוקולד קוטדור בושה 2,גרמים,200.00,100 גרם,false,,14.90,0.0745,true,1,1859916
7622210137234,false,עוגיות אוראו עם דאבל קרם וניל 170 ג',אוראו Oreo,,עוגיות אוראו דאבל קר,גרמים,170.00,100 גרם,false,,7.90,0.0465,true,1,1475798
7622210163899,false,שוקולד חלב במילוי סוכריות עדשים,מונדלז דויצ'לנד סנקס,DE,מילקה שוקולד 100 גרם,גרמים,100.00,100 גרם,false,,5.90,0.0590,true,1,1957673
7622210453327,false,עוגיות שוקוצ'יפס במילוי שוקולד סנסיישן,מנדלז פולסקה פרודקשן,PL,עוגיות מילקה סנסיישן,גרמים,150.00,100 גרם,false,,12.90,0.0860,true,1,1813516
7622210597915,false,פרלינים לבבות שוקולד חלב ממולא קרם נוגט,מונדלז בולגריה פרודק,BG,מילקה לבבות פרלינים,גרמים,110.00,100 גרם,false,,12.90,0.1173,true,1,2417047
7622210635105,false,"עוגיות אוראו תות, 154 גרם",מונדלז אספנה גאלטס פ,ES,עוגיות אוראו תות 154,גרמים,154.00,100 גרם,false,,5.90,0.0383,true,1,2363201
7622210637994,false,מיני עוגיות אוראו קראנצ'י בייטס אורגינל,מונדלז אספניה ג'לאטס,ES,עוגיות אוראו ביס קרא,גרמים,110.00,100 גרם,false,,7.90,0.0718,true,1,2428664
7622210638021,false,מיני עוגיות אוראו קראנצ'י בייטס מצופים,מונדלז אספניה ג'לאטס,ES,עוגיות אוראו ביס קרא,גרמים,110.00,100 גרם,false,,7.90,0.0718,true,1,2428665
7622210826053,false,שוקולד מילקה אוראו סנדוויץ 92 גר',גיאורי קאקסז קייאףטי,HU,שוקולד מילקה אוראו ס,גרמים,96.00,100 גרם,false,,5.90,0.0615,true,1,2431944
7622210835338,false,עוגיות אוראו בטעם בראוניז,מנדלז אספנה גאלטס פר,ES,עוגיות אוראו בראוניז,גרמים,176.00,100 גרם,false,,8.90,0.0506,true,1,1957675
7622300270506,false,מילקה גריינס - עוגיות שיבולת שועל מצופות שוקולד 168 ג',מונדלז פולסקה פרודקש,PL,עוגיות מילקה שיבולת,גרמים,168.00,100 גרם,false,,12.90,0.0768,true,1,1306977
7622300315283,false,"עוגיות אוראו וניל, כשרות בד""ץ, 154 גרם","מונדלז CR פרודקשיין,",UA,עוגיות אוראו וניל 15,גרמים,154.00,100 גרם,false,,8.90,0.0578,true,1,2470731
7622300489427,false,עוגיות אוראו בציפוי שוקולד לבן 246 ג',מנדלז אספנה גאלטס פר,ES,עוגיות אוראו בציפוי,גרמים,246.00,100 גרם,false,,12.90,0.0524,true,1,1916833
7622300489434,false,"עוגיות אוראו פאדג' בציפוי שוקולד חלב, 246 גרם",מנדלז אספנה גאלטס פר,ES,עוגיות אוראו בציפוי,גרמים,246.00,100 גרם,false,,12.90,0.0524,true,1,1916834
7622300495046,false,מילקה אקסטרא קקאו 100 ג',מנדלז דויצ'לנד סנקס,DE,מילקה אקסטרה קקאו 10,גרמים,100.00,100 גרם,false,,5.90,0.0590,true,1,1306981
7622300503079,false,"מילקה, עוגיות ביסקוויט מצופות שוקולד - 200 גרם",מונדלז פולסקה פרודקש,PL,עוגיות מילקה ביסקווי,גרמים,200.00,100 גרם,false,,12.90,0.0645,true,1,1306983
7622300617820,false,שוקלד מילקה טבלת חלב אוראו 100ג',מנדלז דויצ'לנד סנקס,DE,מילקה אוראו 100 גרם,גרמים,100.00,100 גרם,false,,5.90,0.0590,true,1,1306984
7622300761363,false,עוגיות אוראו מיני כוסות בטעם שוקו 67 ג',פי.טי. מונדלז אינדונ,ID,עוגיות אוראו מיני כו,גרמים,67.00,100 גרם,false,,7.90,0.1179,true,1,1708328
7622400005190,false,שוקולד חלב ושוקולד לבן Happy Cow,מנדלז דויצ'לנד סנקס,DE,מילקה שוקולד 100 גרם,גרמים,100.00,100 גרם,false,,5.90,0.0590,true,1,1306990
7630311507016,false,קפסולות סאני דיי 57 ג' סטארבקס,נסטלה שוויץ - קפה,CH,סטארבקס קפסולות סאני,גרמים,57.00,100 גרם,false,,21.90,0.3842,true,1,2507375
7630477891592,false,קפסולות האוס בלנד לונגו עוצמה 8 - 10 יח',נסטלה שוויץ - קפה,CH,סטארבקס קפסולות האוס,גרמים,57.00,100 גרם,false,,21.90,0.3842,true,1,2420701
7630477891615,false,קפסולות קפה סומטרה עוצמה 10 - 10 יח',נסטלה שוויץ - קפה,CH,סטארבקס קפסולות סומט,גרמים,57.00,100 גרם,false,,21.90,0.3842,true,1,2420702
7630477891639,false,קפסולות קפה ורונה עוצמה 10 - 10 יח',נסטלה שוויץ - קפה,CH,סטארבקס קפסולות ורונ,גרמים,57.00,100 גרם,false,,21.90,0.3842,true,1,2420703
7630477891653,false,סטארבקס - קפסולות אספרסו נטול 57 גרם * 10,נסטלה שוויץ - קפה,IL,סטארבקס קפסולות נטול,גרמים,57.00,100 גרם,false,,21.90,0.3842,true,1,2420704
7630477891677,false,קפסולות פייק פלייס לונגו עוצמה 7 - 10 יח',נסטלה שוויץ - קפה,IL,סטארבקס קפסולות פייק,גרמים,57.00,100 גרם,false,,21.90,0.3842,true,1,2420705
7630477891691,false,סטארבקס - קפסולות קולומביה 57 גרם * 10,נסטלה שוויץ - קפה,IL,סטארבקס קפסולות קולמ,גרמים,57.00,100 גרם,false,,21.90,0.3842,true,1,2420706
7630477891714,false,סטארבקס - קפסולות אספרסו 57 גרם * 10,נסטלה שוויץ - קפה,CH,סטארבקס קפסולות אספר,גרמים,57.00,100 גרם,false,,21.90,0.3842,true,1,2420707
7630477891738,false,סטארבקס - קפסולות אספרסו בלונד 53 גרם * 10,נסטלה שוויץ - קפה,CH,סטארבקס קפסולות אספר,גרמים,57.00,100 גרם,false,,21.90,0.3842,true,1,2420708
7638900083071,false,"סוללות אנרג""יזר A76",,,"סוללות אנרג""יזר A76",יח',2.00,יח',false,,14.90,7.4500,true,1,2200549
7638900248333,false,סוללות ליתיום 2025 - זוג,אנרג'יזר Energizer,,"סוללות אנרג""יזר 2025",יח',2.00,יח',false,,19.90,9.9500,true,1,2200550
7638900295641,false,אנרג'ייזר סוללות A23,,,"סוללות אנרג""יזר A23",יח',2.00,יח',false,,19.90,9.9500,true,1,2200552
7638900426663,false,סוללת אדוונס פורמולה,,,סוללה 9V אנרג'ייזר,יח',1.00,יח',false,,22.90,22.9000,true,1,2383045
7638900426809,false,סוללת MAX אנרג'ייזר,אנרג'יזר Energizer,,סוללות C*,יח',2.00,יח',false,,19.90,9.9500,true,1,2402507
7640175743451,false,פחית בקרדי מוחיטו/בו,בקרדי מרטיני,BE,פחית בקרדי מוחיטו/בו,מיליליטרים,250.00,"100 מ""ל",false,,12.90,0.0516,true,1,2472024
7702018016808,false,ג'ילט ונוס ריווירה 2 סכיני גילוח חד פעמי,ג'ילט ונוס Gillette Venus,PL,ונוס ריווירה - סכין  חד,יחידה,0.00,יחידה,false,,19.90,0.0000,true,1,1307680
7702018263783,false,סכיני גילוח מאך 3 - 8 יח',ג'ילט Gillette,,מאך 3 שמינייה,יח',8.00,יח',false,,69.90,8.7375,true,1,2121084
7702018263875,false,8 סכיני גילוח פיוזן,,,8 סכיני גילוח פיוזן,יח',8.00,יח',false,,139.90,17.4875,true,1,1307700
7702018263936,false,8 סכיני גילוח פיוזן,,,8 סכיני גילוח פיוזן,יח',8.00,יח',false,,169.90,21.2375,true,1,1307702
7702018271788,false,דאודורנט ג'ל לגבר Pro Sport,פרוקטר אנד גמבל,PL,70 מל Sport דאו קליר ג'ל,מיליליטרים,70.00,"100 מ""ל",false,,19.90,0.2843,true,1,1307708
7702018321520,false,דאודורנט סטיק לגבר Pro G Arctic ice,תות ממתקי איכות,US,דאו סטיק מתקדם 45 מל AI,גרמים,45.00,100 גרם,false,,16.90,0.3756,true,1,1307719
7702018321582,false,דאודורנט סטיק לגבר Pro G Cool Wave,פרוקטר אנד גמבל,US,דאו סטיק מתקדם 45 מל CW,גרמים,45.00,100 גרם,false,,16.90,0.3756,true,1,1307720
7702018347629,false,סכיני גילוח ונוס אקסטרה סמוט - 4 יח',ג'ילט ונוס Gillette Venus,,גילט רביעיית ונוס אמ,יח',4.00,יח',false,,54.90,13.7250,true,1,2413515
7702018357871,false,ג'ל גילוח ג'ילט פרוג,,,ג'ל גילוח ג'ילט 200,מיליליטרים,200.00,"100 מ""ל",false,,19.90,0.0995,true,1,1483094
7702018404476,false,קצף גילוח סירייס הגנה - 250 מל,,,סירייס קצף גילוח 250,מיליליטרים,250.00,"100 מ""ל",false,,19.90,0.0796,true,1,1489792
7702018413539,false,סכיני גילוח פיוזן פר,פרוקטר אנד גמבל,,6 סכיני גילוח פיוזן,יח',6.00,יח',false,,149.00,24.8333,true,1,1430722
7702018421237,false,מארז פרוגלייד פלקסבול ידית+7 סכינים,ג'ילט Gillette,,מכשיר גילוח + 7 סכינ,יח',7.00,יח',false,,82.90,11.8429,true,1,1414928
7702018458110,false,מכשיר גילט פיוזן ידי,מולינו ניקולי s.p.a,PL,מכשיר גילוח ג'ילט פי,יח',1.00,יח',false,,49.90,49.9000,true,1,1957619
7702018468447,false,עשיריית סכיני בלו 2 פלוס,,,סכיני גילוח אולטרה ג,יח',10.00,יח',false,,24.90,2.4900,true,1,2344780
7702018484522,false,גילט ונוס פלטינום יד,פרוקטר & גמבל,PL,גילט ונוס מכשיר פלטי,יחידה,0.00,יחידה,false,,39.90,0.0000,true,1,2411757
7702018489619,false,סכיני גילוח ג'ילט בלו 3 קומפורט,ג'ילט Gillette,,סכיני גילוח ג'לט בלו,יח',3.00,יח',false,,14.90,4.9667,true,1,2375946
7702018514472,false,גילט מאך 3 טורבו מכש,,,מכשיר מאך 3 טורבו,יח',1.00,יח',false,,42.90,42.9000,true,1,2413517
7702018607518,false,מארז גילוח ג'ילט פיו,,,מארז גילוח ג'ילט פיו,יח',6.00,יח',false,,82.90,13.8167,true,1,2543754
7702018852444,false,מכשיר פיוזן פאוור ג'ילט,,,מכשיר גילוח ג'ילט פי,יח',1.00,יח',false,,49.90,49.9000,true,1,1307734
7702018866984,false,סכיני גילוח פיוזן Fusion,תות ממתקי איכות,DE,4 סכיני גילוח פיוז'ן ידני,יח',4.00,יח',false,,69.90,17.4750,true,1,1307735
7702018978106,false,"ג'ילט - דאודורנט ג'ל לגבר ארטיק אייס 70 מ""ל",פרוקטר אנד גמבל,PL,דאודורנט קליר ג'ל AI,מיליליטרים,70.00,"100 מ""ל",false,,19.90,0.2843,true,1,1307747
7702018978120,false,"ג'ילט - דאודורנט ג'ל לגבר קול וייב 70 מ""ל",פרוקטר אנד גמבל,PL,דאודורנט קליר ג'ל CW,מיליליטרים,70.00,"100 מ""ל",false,,19.90,0.2843,true,1,1307748
7702024074625,false,פיטנס - חטיפי קרקר חיטה מלאה 234 גרם,קומסטיבלס לה רוזה אס,CO,חטיפי קרקר חיטה מלאה,גרמים,234.00,100 גרם,false,,10.90,0.0466,true,1,2041001
7702174066631,false,לקקן פין פופ 10 יח' 170 גר' וסטהיים,הדקלאים אגודת שיתופי,CO,סוכריות לקקן יוגטה-פ,גרמים,216.00,100 גרם,false,,10.90,0.0505,true,1,1326591
7702174068826,false,סוכריות לקקן במילוי טופי בטעמי יוגורט פירות,יוגטה yogueta,CO,סוכריות לקקן יוגטה-פ,גרמים,216.00,100 גרם,false,,10.90,0.0505,true,1,1326595
7702174068833,false,סוכריות לקקן במילוי טופי בטעמי גלידת פירות,יוגטה yogueta,CO,סוכריות לקקן יוגטה ע,גרמים,216.00,100 גרם,false,,10.90,0.0505,true,1,1326596
7702174070201,false,סוכריות לקקן במילוי טופי בטעם מסטיק,יוגטה yogueta,CO,סוכריות לקקן יוגטה-מ,גרמים,216.00,100 גרם,false,,10.90,0.0505,true,1,1326599
7702174073783,false,סוכריות על מקל בטעם קולה במילוי גומי לעיסה,הדקלאים אגודת שיתופי,CO,סוכריות לקקן יוגטה-פ,גרמים,216.00,100 גרם,false,,10.90,0.0505,true,1,1390964
7702174073844,false,לקקן פין פופ בטעם פירות 48 יח',הדקלאים אגודת שיתופי,CO,לקקן פין פופ 48 יח,100 יח',48.00,100 יח',false,,19.90,0.4146,true,1,1842529
7766554422134,false,נעלי נשים ניילון מבר,,,נעלי נשים ניילון מבר,יחידה,0.00,יחידה,false,,34.90,0.0000,true,1,2543158
7766554422141,false,נעלי נשים צמר נשים,,,נעלי נשים צמר נשים,יחידה,0.00,יחידה,false,,34.90,0.0000,true,1,2543159
7766554422219,false,נעלי נשים שפן,,,נעלי נשים שפן,יחידה,0.00,יחידה,false,,34.90,0.0000,true,1,2543166
7766554422257,false,נעלי נשים מנוקד,,,נעלי נשים מנוקד,יחידה,0.00,יחידה,false,,34.90,0.0000,true,1,2543169
7766554422325,false,נעלי גבר קורדורי,,,נעלי גבר קורדורי,יחידה,0.00,יחידה,false,,34.90,0.0000,true,1,2543174
7766554422332,false,נעלי גבר פליז,,,נעלי גבר פליז,יחידה,0.00,יחידה,false,,34.90,0.0000,true,1,2543175
7766554422387,false,נעלי גבר קטיפה,,,נעלי גבר קטיפה,יחידה,0.00,יחידה,false,,34.90,0.0000,true,1,2543180
7766554422547,false,סמיילי ילדות,,,סמיילי ילדות,יחידה,0.00,יחידה,false,,29.90,0.0000,true,1,2543183
7766554422578,false,קורדרוי בנים,,,קורדרוי בנים,יחידה,0.00,יחידה,false,,29.90,0.0000,true,1,2543186
7792860006218,false,סוכריות לקקנים בייבי דול Baby Doll לריטר,גוד פוד פרודקטס S.p,AR,בייבידול לקקן 24 גרם,גרמים,24.00,100 גרם,false,,2.00,0.0833,true,1,1319136
7804414000860,false,יין דון חוליו קברנה סוביניון,לואיס פליפה אדוארדס,,יין קברנה סובניון דו,מיליליטרים,750.00,"100 מ""ל",false,,29.90,0.0399,true,1,1333886
7804414000877,false,יין דון חוליו צרלו 7,לואיס פליפה אדוארדס,,יין מרלו דון חוליו,מיליליטרים,750.00,"100 מ""ל",false,,29.90,0.0399,true,1,1333887
7804414000884,false,יין שרדונה דון חוליו,לואיס פליפה אדוארדס,,יין שרדונה דון חוליו,מיליליטרים,750.00,"100 מ""ל",false,,29.90,0.0399,true,1,1333888
7804414001614,false,יין דון חוליו שיראז,לואיס פליפה אדוארדס,,יין שירז,מיליליטרים,750.00,"100 מ""ל",false,,29.90,0.0399,true,1,1333889
7804414001621,false,יין שיראז קאזה דה לואיג'י,קאסה די לואיג'י Casa di luigi,,יין שירז,מיליליטרים,750.00,"100 מ""ל",false,,24.90,0.0332,true,1,1333890
7804414012344,false,יין סוביניון בלאן דו,לואיס פליפה אדוארדס,,יין סוביניון בלאן דו,מיליליטרים,750.00,"100 מ""ל",false,,29.90,0.0399,true,1,1844550
7804414012351,false,יין דון חולין מלבק 7,לואיס פליפה אדוארדס,,יין דון חוליו מלבק,מיליליטרים,750.00,"100 מ""ל",false,,29.90,0.0399,true,1,1844551
7804414012368,false,יין דון חולין רוזה 7,לואיס פליפה אדוארדס,,יין דון חוליו רוזה,מיליליטרים,750.00,"100 מ""ל",false,,29.90,0.0399,true,1,1844552
7804414017110,false,יין דון חוליו פינו נ,,,יין דון חוליו פינו נ,מיליליטרים,750.00,"100 מ""ל",false,,29.90,0.0399,true,1,2389603
7804414017127,false,יין שרדונה מונטסאנו,מונטסאו,צ'ילה (TDE),יין שרדונה מונטסאנו,מיליליטרים,750.00,"100 מ""ל",false,,39.90,0.0532,true,1,2431811
7804414017141,false,יין מרלו מונטסאו 750,מונטסאו,צ'ילה (TDE),יין מרלו מונטסאנו,מיליליטרים,750.00,"100 מ""ל",false,,39.90,0.0532,true,1,2431813
7891024030974,false,"קולגייט משחת שיניים טריפל אקשן 75 מ""ל",הנסיך- מפעל לייצור ט,BR,קולגייט טריפל אקשן 7,גרמים,75.00,100 גרם,false,,6.90,0.0920,true,1,1499540
7891024124826,false,קולגייט משחת אופטיק ספרקלינג וייט 75מל,הנסיך- מפעל לייצור ט,BR,קולגייט משחת אופטיק וייט,מיליליטרים,75.00,"100 מ""ל",false,,19.90,0.2653,true,1,1339121
7891024130063,false,"קולגייט מי פה פלאקס ללא אלכוהול 500 מ""ל מהדרין",קולגייט Colgate,BR,קולגייט מי פה פלאקס סופט,גרמים,500.00,100 גרם,false,,29.90,0.0598,true,1,1339123
7891024179482,false,"שטיפת פה קולגייט אופטיק וייט 500מ""ל",יבואן ומשווק: ש. שסט,PL,קולגייט שטיפת פה אופטיק ו,גרמים,500.00,100 גרם,false,,29.90,0.0598,true,1,1339126
7891173006981,false,נייר צילום A4 ירוק,,,נייר צילום A4 ירוק,יח',500.00,יח',false,,19.90,0.0398,true,1,2434601
7891173023117,false,נייר צילום A4 צהוב,,,נייר צילום A4 צהוב,יח',500.00,יח',false,,19.90,0.0398,true,1,2434602
7898549354844,false,פומפיה מרובעת נרוסטה,,,פומפיה מרובעת נרוסטה,יחידה,0.00,יחידה,false,,19.90,0.0000,true,1,2397722
8000040001106,false,"קאמפרי ביטר אפרטיף 700 מ""ל",קמפרי,,"קמפרי 700 מ""ל",מיליליטרים,700.00,"100 מ""ל",false,,69.90,0.0999,true,1,1352630
8000070003798,false,קפסולות קפה דליסיוזו AMM8 לוואצה 120 ג',לוואצה Lavazza,,מארז 16 קפסולות דליס,גרמים,120.00,100 גרם,false,,29.90,0.2492,true,1,2537525
8000070003811,false,קפסולות קפה פסיונלה AMM11 לוואצה 120 ג',Unknown,,מארז 16 קפסולות פסיו,100 1,120.00,100 1,false,,29.90,0.2492,true,1,2537526
8000070003842,false,מארז 16 קפסולות קרמו,Unknown,,מארז 16 קפסולות קרמו,100 1,120.00,100 1,false,,29.90,0.2492,true,1,2537527
8000070003880,false,קפסולות קפה קרמה דולצ'ה AMM6 לוואצה 120ג',לוואצה Lavazza,,מארז 16 קפסולות קרמה,גרמים,120.00,100 גרם,false,,29.90,0.2492,true,1,2537528
8000070012219,false,פולי קפה אורו לוואצה,,,פולי קפה אורו לוואצה,גרמים,250.00,100 גרם,false,,29.90,0.1196,true,1,1342418
8000070012783,false,קפה קלוי וטחון חוזק 5 -250 ג' ORO,לוואצה Lavazza,IT,קפה לוואצה אורו,גרמים,250.00,100 גרם,false,,29.90,0.1196,true,1,1342419
8000070029996,false,קפה לוואצה אורו שחור,,,קפה לוואצה אורו שחור,גרמים,250.00,100 גרם,false,,38.90,0.1556,true,1,2546396
8000070032835,false,לוואצה קפה מטינו -קלוי וטחון 250ג,לוואצה Lavazza,,קפה לוואצה מאטינו,גרמים,250.00,100 גרם,false,,26.90,0.1076,true,1,1342427
8000070035980,false,לוואצה קפה רוסה קלוי וטחון נטול 250ג,לוואצה Lavazza,,קפה לוואצה רוסה,גרמים,250.00,100 גרם,false,,29.90,0.1196,true,1,1342428
8000070038868,false,לוואצה קרמה גוסטו קלוי וטחון 250ג,לוואצה Lavazza,,קפה לוואצה קרמה גוסט,גרמים,250.00,100 גרם,false,,29.90,0.1196,true,1,1342429
8000070038974,false,פולי קפה קרמה אה גוס,,,פולי קפה קרמה אה גוס,קילוגרמים,1.00,"ק""ג",false,,99.90,99.9000,true,1,2527954
8000070053472,false,קפסולות קרמה גוסטו קלאסיקו חוזק 12 57 ג' לוואצה,לוואצה Lavazza,IT,מארז 10 קפסולות קרמה,100 1,57.00,100 1,false,,19.90,0.3491,true,1,2539361
8000070053502,false,קפסולות קפה אספרסו ריקו נטול קפאין דרגת חוזק 7,לוואצה Lavazza,IT,מארז 10 קפסולות נטול,100 1,58.00,100 1,false,,19.90,0.3431,true,1,2539370
8000070053526,false,קפסולות קפה אספרסו רוסה דרגת חוזק 10,לוואצה Lavazza,IT,מארז 10 קפסולות רוסה,100 1,57.00,100 1,false,,19.90,0.3491,true,1,2539371
8000070055254,false,קפסולות קרמה גוסטו פורטה חוזק 13 55 ג' לוואצה,לוואצה Lavazza,,מארז 10 קפסולות קרמה,100 1,55.00,100 1,false,,19.90,0.3618,true,1,2539362
8000070059832,false,קפסולות קרמה גוסטו ריקו חוזק 11 55 ג' לוואצה,לוואצה Lavazza,,מארז 10 קפסולות קרמה,100 1,55.00,100 1,false,,19.90,0.3618,true,1,2539363
8000070064553,false,קפסולות קפה אורו 120 ג' AMM8 לוואצה,Unknown,,מארז 16 קפסולות רוסה,100 1,120.00,100 1,false,,29.90,0.2492,true,1,2537529
8000070064577,false,קפסולות קפה לוואצה קוואליטה אורו חוזק 8,לוואצה Lavazza,,מארז 16 קפסולות אורו,גרמים,120.00,100 גרם,false,,29.90,0.2492,true,1,2537530
8000113003402,false,"קמח תירס בוואקום 1 ק""ג",מולינו ניקולי אס.פי.,IT,קמח תירס בווקום 1 קג,קילוגרמים,1.00,"ק""ג",false,,15.90,15.9000,true,1,1309265
8000193000452,false,"אורז ריזוטו ארבוריו 1 ק""ג (10)",,,ארבוריו ריזוטו אורז,קילוגרמים,1.00,"ק""ג",false,,19.90,19.9000,true,1,1352699
8000215204219,false,משקה ואורז אורגני וי,בטר אנד דיפרנט,IT,משקה אורז אורגני 1 ל,ליטרים,1.00,ליטר,false,,13.90,13.9000,true,1,1486366
8000215204240,false,משקה אורז עם שקדים אורגני,בטר אנד דיפרנט,IT,משקה אורז אורגני 1 ל,ליטרים,1.00,ליטר,false,,13.90,13.9000,true,1,1486260
8000215204264,false,משקה אורז אורגני ויט,בטר אנד דיפרנט,IT,משקה אורז אישי 200 מ,מיליליטרים,200.00,"100 מ""ל",false,,3.90,0.0195,true,1,1486158
8000215204370,false,תחליף שמנת צמחי לביש,ויטריז,IT,תחליף שמנת צמחי אורג,מיליליטרים,200.00,"100 מ""ל",false,,5.90,0.0295,true,1,1486263
8000215204387,false,רוטב לבישול ויטריז ב,,,רוטב בשמל צמחי אורגנ,מיליליטרים,500.00,"100 מ""ל",false,,13.90,0.0278,true,1,1973459
8000215204394,false,משקה אורז ואגוזי לוז אורגני,בטר אנד דיפרנט,US,משקה אגוזי לוז ואורז,ליטרים,1.00,ליטר,false,,16.90,16.9000,true,1,1486367
8000215204677,false,משקה שיבולת שועל ויט,בטר אנד דיפרנט,IT,משקה שיבולת שועל ויט,ליטרים,1.00,ליטר,false,,13.90,13.9000,true,1,2497556
8000320010088,false,"רוטב עגבניות במרקם גס 680 מ""ל MUTTI",סיריו,,רוטב עגבניות פסאטה צ,מיליליטרים,680.00,"100 מ""ל",false,,8.90,0.0131,true,1,1342431
8000320010095,false,"רוטב עגבניות במרקם עדין 700 מ""ל MUTTI",סיריו,,רוטב עגבניות פסאטה צ,מיליליטרים,700.00,"100 מ""ל",false,,8.90,0.0127,true,1,2538090
8000320353659,false,שפורפרת רכז עגבניות צ'ירו 130 גרם,סיריו,,שפורפרת רכז עגבניות,גרמים,130.00,100 גרם,false,,7.90,0.0608,true,1,2538091
8000320414855,false,עגבניות מרוסקות,,,עגבניות מרוסקות,גרמים,400.00,100 גרם,false,,6.90,0.0173,true,1,1342434
8000380001446,false,שוקולד חלב לואקיני ל,"כד בני דרום בע""מ",IT,שוקולד חלב לואקיני ל,גרמים,100.00,100 גרם,false,,14.90,0.1490,true,1,1840448
8000380004669,false,וופל לואקר סנדוויץ קוביות ושוקולד 200ג',"א. לואקר, קונפקט ג'י",AT,וופל קקאו 200 גרם,גרמים,200.00,100 גרם,false,,12.90,0.0645,true,1,1326603
8000380004676,false,קוביות וופל סנדוויץ Sandwich עם וניל וחלב,"א. לואקר, קונפקט ג'י",AT,וופל וניל 200 גרם,גרמים,200.00,100 גרם,false,,12.90,0.0645,true,1,1326604
8000380004942,false,וופל לואקר קוארדטיני קוביות ווניל 250ג',לואקר Loacker,AT,קואדרטיני וניל 250 גר,גרמים,250.00,100 גרם,false,,14.90,0.0596,true,1,1326607
8000380004966,false,וופל קוארדטיני לואקר קוביות שוקולד 250ג',קריניציה ויטמינה אס,AT,וופל קוארדטיני קקאו 250 ג,גרמים,250.00,100 גרם,false,,14.90,0.0596,true,1,1326608
8000380005598,false,מארז וופל שוקולד טורטינה Tortina שוקולד מריר,לואקר Loacker,IT,טורטינה מריר 1/6 125 גר ל,גרמים,125.00,100 גרם,false,,15.90,0.1272,true,1,1326609
8000380007257,false,וופל גרנדה מצופה שוקולד 200ג',קריניציה ויטמינה אס,IT,וופל גרדנה 200 גרם,גרמים,200.00,100 גרם,false,,14.90,0.0745,true,1,1326611
8000380007271,false,וופל לואקר קרם חלב 175ג',לואקר Loacker,AT,וופל לואקר חלב 175 גרם,גרמים,175.00,100 גרם,false,,10.00,0.0571,true,1,1326613
8000380106028,false,טורטינה לואקר וופל שוקולד ואגוזים שישיה 125ג',קריניציה ויטמינה אס,IT,טורטינה אורגינל 1/6 125 ג,גרמים,125.00,100 גרם,false,,15.90,0.1272,true,1,1326614
8000380142484,false,קוביות וופל קואדרטיני Quadratini בטעם שוקולד מריר,"אינסטנטה בע""מ",AT,קואדרטיני שוקולד מריר 250,גרמים,250.00,100 גרם,false,,14.90,0.0596,true,1,1326615
8000380144044,false,וופל גרדנה לואקר שוקולד 200ג',"א. לואקר , AG/SpA, ו",IT,וופל גרדנה שוקולד 200 ג,גרמים,200.00,100 גרם,false,,14.90,0.0745,true,1,1326616
8000380152704,false,וופל אצבעות גרדנה חטיפי אגוז שוקו' 125גר,"אינסטנטה בע""מ",IT,מארז חטיפי אצבעות גרנדה א,גרמים,125.00,100 גרם,false,,14.90,0.1192,true,1,1326621
8000380152728,false,וופל גרדנה אצבעות שוקו 125ג',"אינסטנטה בע""מ",IT,מארז חטיפי אצבעות גרנדה ש,גרמים,125.00,100 גרם,false,,14.90,0.1192,true,1,1326622
8000380153442,false,ופל לואקר קרם אגוזים,לואקר,IT,וופל לואקר אגוז 90 ג,גרמים,90.00,100 גרם,false,,6.90,0.0767,true,1,1410256
8000380153466,false,וופל לואקר שוקולד 90,קריניציה ויטמינה אס,IT,וופל לואקר שוקולד 90,גרמים,90.00,100 גרם,false,,6.90,0.0767,true,1,1410257
8000380153534,false,מארז וופל שוקולד טורטינה Tortina שוקולד לבן,לואקר Loacker,IT,טורטינה לבן 1/6 125 גר לו,גרמים,125.00,100 גרם,false,,15.90,0.1272,true,1,1326623
8000380156009,false,לואקר ורד הדולמיטים שוקולד חלב 150 גר',קריניציה ויטמינה אס,IT,שוקולד חלב דולומיטים,גרמים,150.00,100 גרם,false,,19.90,0.1327,true,1,2013506
8000380156573,false,"פרלין שוקולד חלב, מריר ולבן Rose",קריניציה ויטמינה אס,IT,שוקולד דולומיטים מגו,גרמים,150.00,100 גרם,false,,19.90,0.1327,true,1,2013499
8000380156825,false,שוקולד לואקר חלב 87 ג',לואקר Loacker,IT,שוקולד לואקר חלב 87 גרם,גרמים,87.00,100 גרם,false,,7.90,0.0908,true,1,1326625
8000380156849,false,שוקולד לואקר מריר 87 ג',לואקר,IT,שוקולד לואקר מריר 87 גרם,גרמים,87.00,100 גרם,false,,7.90,0.0908,true,1,1326627
8000380156856,false,לואקר שוקולד לבן 87ג',לואקר,IT,שוקולד לואקר לבן 87 גרם,גרמים,87.00,100 גרם,false,,7.90,0.0908,true,1,1326628
8000380157570,false,וופל קלאסי לואקר 262,,,וופל לואקר אגוז,גרמים,262.00,100 גרם,false,,9.90,0.0378,true,1,1683651
8000380157587,false,וופל שוקולד לואקר 26,,,וופל לואקר קרם קקאו,גרמים,262.00,100 גרם,false,,9.90,0.0378,true,1,1683652
8000380158546,false,פרלינים וופל ושוקולד מריר לואקיני Loackini,"כד בני דרום בע""מ",IT,שוקולד מריר לואקיני,גרמים,100.00,100 גרם,false,,14.90,0.1490,true,1,1840449
8000380180721,false,וופל לואקר קקאו וקרם חלב 175ג',קריניציה ויטמינה אס,AT,וופל לואקר 175 גרם,גרמים,175.00,100 גרם,false,,10.00,0.0571,true,1,1414596
8000380180745,false,קוביות וופל קואדרטיני קקאו במילוי קר חלב,"א. לואקר, קונפקט ג'י",AT,וופל לואקר שוקו חלב,גרמים,250.00,100 גרם,false,,14.90,0.0596,true,1,1414597
8000380180837,false,וופל שוקולד לבן וקוקוס גראן פטיסרי Gran Pasticceria,"אינסטנטה בע""מ",IT,לואקר גרנד אגוזים 10,גרמים,100.00,100 גרם,false,,9.90,0.0990,true,1,1472179
8000380181032,false,אצבעות וופל גרדנה Gardena שוקולד לבן,"אינסטנטה בע""מ",IT,חטיפי שוקולד אגוז גר,גרמים,125.00,100 גרם,false,,14.90,0.1192,true,1,1472180
8000380187119,false,עוגיות אגוזי לוז 100 ג'-לואקר,לואקר Loacker,AT,עוגיות אגוזי לוז 100,גרמים,100.00,100 גרם,false,,14.90,0.1490,true,1,2436396
8000380187249,false,עוגיות עם מילוי קרם שקדים ושוקולד חלב,לואקר Loacker,AT,עוגיות שקדים 100 גרם,גרמים,100.00,100 גרם,false,,14.90,0.1490,true,1,2436397
8000380187300,false,עוגיות פתיתי שוקולד 120 ג'-לואקר,לואקר Loacker,AT,עוגיות פתיתי שלג 120,גרמים,120.00,100 גרם,false,,14.90,0.1242,true,1,2436398
8000380192151,false,טורטינה טריפל שוקולד מריר 125 ג',לואקר Loacker,,שוקולד טורטינה 1/6 ט,גרמים,125.00,100 גרם,false,,15.90,0.1272,true,1,2506777
8000380192199,false,לואקר דאבל שוקולד 175 גר',לואקר Loacker,IT,וופל לואקר 175 גרם,גרמים,175.00,100 גרם,false,,10.00,0.0571,true,1,2277151
8000380192243,false,וופלים לואקר מקסי בטעם אגוז 200 גר',לואקר Loacker,AT,ופלים מלבנים פריכיים,גרמים,200.00,100 גרם,false,,12.90,0.0645,true,1,2492867
8000380192250,false,וופלים לואקר מקסי בטעם שוקולד 200 גר',לואקר Loacker,AT,ופל שוקולד מקסי לואק,גרמים,200.00,100 גרם,false,,12.90,0.0645,true,1,2492882
8000380192588,false,קוביות וופל קואדרטיני דאבל שוקולד,קריניציה ויטמינה אס,AT,וופל דאבל שוקולד ממו,גרמים,250.00,100 גרם,false,,14.90,0.0596,true,1,2280846
8000380198221,false,וופלים לואקר מקסי דאבל שוקולד 200 גר',לואקר Loacker,AT,וופל לואקר קקאו ממול,גרמים,200.00,100 גרם,false,,12.90,0.0645,true,1,2402563
8000380201525,false,לואקר פטיסרי אגוז 1/,לואקר,IT,שוקולד טורטינה 1/6 א,גרמים,126.00,100 גרם,false,,16.90,0.1341,true,1,2486130
8000380205400,false,קוביות וופל קואדרטיני בטעם חמאת בוטנים,לואקר Loacker,AT,וופל אגוז ממולא 250,גרמים,250.00,100 גרם,false,,14.90,0.0596,true,1,2513729
8000380205523,false,וופל קלאסיק בטעם חמאת בוטנים,לואקר Loacker,AT,וופל לואקר 175 גרם,גרמים,175.00,100 גרם,false,,10.00,0.0571,true,1,2513759
8000380206896,false,וופל גרדנה בטעם חמאת בוטנים מצופה,לואקר Loacker,,וופל גרדנה 200 גרם,גרמים,200.00,100 גרם,false,,14.90,0.0745,true,1,2513730
8000380207183,false,טורטינה חמאת בוטנים לואקר 6*21גר,לואקר Loacker,,שוקולד טורטינה 1/6 ש,גרמים,126.00,100 גרם,false,,15.90,0.1262,true,1,2513760
8000392050074,false,כרית קירצוף מסיליקון,,,כרית קירצוף מסיליקון,יחידה,0.00,יחידה,false,,19.90,0.0000,true,1,2422293
8000392503136,false,פומפה,מ.א ייצור ושיווק מטל,IT,פומפה 1/48,יח',1.00,יח',false,,7.90,7.9000,true,1,1326856
8000500009673,false,בונבוניירה פררו רושה 300ג',קריות זול,IT,שוקולד פררו רושר 300,גרמים,300.00,100 גרם,false,,40.90,0.1363,true,1,1326629
8000500018828,false,קינדר שוקולד 300 גרם 1/2 מטר,קינדר Kinder,IT,שוקולד אצבעות קינדר,גרמים,300.00,100 גרם,false,,18.90,0.0630,true,1,1797295
8000500023624,false,חטיפי הפי היפו Happy Hippo במילוי קרם חלב וקקאו,קינדר Kinder,DE,הפי היפו חמישייה,גרמים,103.50,100 גרם,false,,11.90,0.1150,true,1,1326630
8000500023976,false,בונבוניירת רפאלו Raffaello,קריות זול,PL,חטיף רפאלו שוקולד 15,גרמים,150.00,100 גרם,false,,15.90,0.1060,true,1,1326631
8000500026731,false,שוקולד ביצי הפתעה קינדר שלישייה,קריות זול,IT,ביצת הפתעה קינדר שלי,גרמים,60.00,100 גרם,false,,15.90,0.2650,true,1,1368426
8000500028124,false,"קינדר ג'וי, שלישיה 3 * 20 גרם",קריות זול,,ביצת הפתעה קינדר ג'ו,גרמים,60.00,100 גרם,false,,15.90,0.2650,true,1,2530300
8000500029350,false,מארז וופל מצופה 3יח' *43 גרם קינדר בואנו,קינדר Kinder,PL,קינדר בואנו 3 יח שוק,גרמים,129.00,100 גרם,false,,10.90,0.0845,true,1,1326633
8000500032237,false,בונבוניירה פררו רושר 375ג',פררו Ferrero,IT,שוקולד פררו רושר 375,גרמים,375.00,100 גרם,false,,40.90,0.1091,true,1,1326634
8000500037874,false,בונבוניירה פררו רושה 200ג',קריות זול,IT,שוקולד פררו רושר 200,גרמים,200.00,100 גרם,false,,23.90,0.1195,true,1,1326635
8000500071083,false,אצבעות שוקולד קינדר Kinder שש עשרה יחידות,קינדר Kinder,IT,שוקולד קינדר אצבעות,גרמים,200.00,100 גרם,false,,12.50,0.0625,true,1,1326637
8000500094976,false,"בונבוניירה פררו רושר רושה קונוס, 212 גרם T17X4",פררו,IT,פררו רושה קונוס 212,גרמים,212.00,100 גרם,false,,33.90,0.1599,true,1,1326639
8000500121436,false,מארז קינדר בואנו Kinder Bueno לבן שלוש יחידות,קינדר Kinder,PL,קינדר בואנו 3 יח לבן,גרמים,117.00,100 גרם,false,,10.90,0.0932,true,1,1326640
8000500167656,false,קינדר שוקולד עם דגנים סיריאל 94 ג',,,שוקולד קינדר סיריאל,גרמים,94.00,100 גרם,false,,7.90,0.0840,true,1,2433353
8000500172810,false,סוכריות בטעם תות שדה מנטה- מארז רביעייה,טיק טק Tic Tac,ZA,סוכריות טיק-טק רביעי,גרמים,64.00,100 גרם,false,,7.90,0.1234,true,1,1326643
8000500227848,false,נוטלה - בי רדי אצבעות ביסקוויט במילוי שוקולד 6 יח' * 22 גרם,Unknown,,נוטלה בי-ריידי וופל,גרמים,132.00,100 גרם,false,,10.90,0.0826,true,1,1959533
8000500249352,false,קינדר בואנו מיני מיקס שקית 205 ג',קינדר Kinder,PL,קינדר בואנו מיני מיק,גרמים,205.00,100 גרם,false,,18.90,0.0922,true,1,1792408
8000500256213,false,קינדר שוקולד מיני בשקית.,קדבורי,IT,קינדר שוקולד מיני,גרמים,120.00,100 גרם,false,,9.90,0.0825,true,1,2242890
8000500267103,false,קינדר דליס שוקול' אישי מארז 10 יח' 420 גר',קינדר Kinder,,קינדר דליס מארז עשיר,גרמים,390.00,100 גרם,false,,19.90,0.0510,true,1,2032203
8000500269169,false,קינדר קארדס Kinder Cards - חמישייה,קריות זול,IT,קינדר קארדס חמישייה,גרמים,128.00,100 גרם,false,,12.90,0.1008,true,1,2527208
8000500294345,false,שוקולד איש שלג פררו,,,שוקולד איש שלג פררו,גרמים,90.00,100 גרם,false,,14.90,0.1656,true,1,2379243
8000500310397,false,נוטלה עוגיות נוטלה בגליל 12יח' - NUTELLA BISCUITTS,נוטלה Nutella,IT,נוטלה ביסקוויט בקופס,גרמים,166.00,100 גרם,false,,13.90,0.0837,true,1,2546327
8000500328750,false,כדור וופל פריך מצופה שוקולד פררו רושר 141 ג',,,פררו קולקשן פררו רונ,גרמים,141.00,100 גרם,false,,26.90,0.1908,true,1,2474006
8000500353738,false,רביעיה סוכריות בטעם מנטה חזק 4 * 16 ג' טחק טק,פררו,ZA,סוכריות טיק-טק רביעי,גרמים,64.00,100 גרם,false,,7.90,0.1234,true,1,2432272
8000500366073,false,נוטלה עוגיות נוטלה בשקית 20 יח'- NUTELLA BISCUITTS,נוטלה Nutella,IT,נוטלה ביסקוויט בשקית,גרמים,276.00,100 גרם,false,,19.90,0.0721,true,1,2546328
8000500374429,false,גרנד פררו רושה מעטפת שוקולד חלב עם אגוזי לוז,פררו Ferrero,IT,שוקולד גרנד רושה 125,גרמים,125.00,100 גרם,false,,16.90,0.1352,true,1,2473999
8000500374542,false,שוקולד גרנד רושה מרי,Unknown,PL,שוקולד גרנד רושה מרי,גרמים,125.00,100 גרם,false,,15.90,0.1272,true,1,2507312
8000570283607,false,מרטיני אסטי Asti יין לבן מתוק מבעבע,מרטיני Martini,IT,מרטיני אסטי מבעבע.,מיליליטרים,750.00,"100 מ""ל",false,,59.90,0.0799,true,1,2157335
8001003100164,false,יוגטה סוכריות ג'לי בטעמי פירות,יוגטה yogueta,,סוכריות ג'לי,גרמים,450.00,100 גרם,false,,9.90,0.0220,true,1,2012563
8001003100218,false,סוכריות יוגטה ג'לי פירות 800 גר',תות ממתקי איכות,TR,סוכריות גומי יוגטה ג,גרמים,800.00,100 גרם,false,,19.90,0.0249,true,1,1326646
8001010062844,false,חומץ בלסמי פונטי 500,פונט סלאם וולנסיה,IT,חומץ בלסמי PONTI,מיליליטרים,500.00,"100 מ""ל",false,,17.90,0.0358,true,1,2490432
8001060037038,false,אנטיפסטי ארטישוק ועג,היינץ,,אנטיפסטי ארטישוק ועג,גרמים,280.00,100 גרם,false,,17.90,0.0639,true,1,2387342
8001090016003,false,טבליות למדיח הכל באחד,פרוקטר & גמבל,FR,טבליות פיירי למדיח כ,יח',84.00,יח',false,,59.90,0.7131,true,1,1503878
8001090111685,false,תחתונים אולוויז דיסקריט מידה L לבריחת שתן,אולוויז Always,BE,אוולוויז דיסקר תחתונ,יח',8.00,יח',false,,29.90,3.7375,true,1,2194091
8001090111715,false,תחתונים אולוויז דיסקריט מידה M לבריחת שתן,אולוויז Always,BE,אוולוויז דיסקר תחתונ,יח',9.00,יח',false,,29.90,3.3222,true,1,2194092
8001090128836,false,"משחת שיניים 3D white מנטה עדינה 75 מ""ל אורל בי",,,משחת שיניים אורל בי,מיליליטרים,75.00,"100 מ""ל",false,,10.90,0.1453,true,1,2547121
8001090184375,false,"פיירי נוזל לניקוי כלים קלאסי שקוף, 900 מ""ל",,,"פיירי אורגינל 900 מ""",מיליליטרים,900.00,"100 מ""ל",false,,12.90,0.0143,true,1,2522001
8001090184412,false,"פיירי נוזל לניקוי כלים לימון שקוף, 900 מ""ל",,,"פיירי לימון 900 מ""ל",מיליליטרים,900.00,"100 מ""ל",false,,12.90,0.0143,true,1,2522007
8001090222428,false,"הרבל אסנסס - שמפו חלב קוקוס 400 מ""ל",הרבל אסנס Herbal Essences,,שמפו הרבל אסנסס חלב,מיליליטרים,400.00,"100 מ""ל",false,,14.90,0.0373,true,1,2369687
8001090222541,false,"שמפו תות שדה ומנטה 400 מ""ל הרבל אסנסס",הרבל אסנס Herbal Essences,,שמפו הרבל אסנסס תות,מיליליטרים,400.00,"100 מ""ל",false,,14.90,0.0373,true,1,2369513
8001090222572,false,"הרבל אסנסס מרכך תות שדה ומנטה 400 מ""ל",הרבל אסנס Herbal Essences,,מרכך הרבל אסנסס תות,מיליליטרים,400.00,"100 מ""ל",false,,14.90,0.0373,true,1,2369514
8001090222725,false,"הרבל אסנסס - שמפו שמן מורינגה 400 מ""ל",הרבל אסנס Herbal Essences,,שמפו הרבל אסנסס שמן,מיליליטרים,400.00,"100 מ""ל",false,,14.90,0.0373,true,1,2369515
8001090222756,false,"הרבל אסנסס - מרכך שמן מורינגה 400 מ""ל",הרבל אסנס Herbal Essences,,מרכך הרבל אסנסס שמן,מיליליטרים,400.00,"100 מ""ל",false,,14.90,0.0373,true,1,2369516
8001090222848,false,"הרבל אסנסס - שמפו שיקום שמן ארגן 400 מ""ל",הרבל אסנס Herbal Essences,,שמפו הרבל אסנסס שיקו,מיליליטרים,400.00,"100 מ""ל",false,,14.90,0.0373,true,1,2369517
8001090222879,false,"הרבל אסנסס - מרכך שיקום שמן ארגן 400 מ""ל",הרבל אסנס Herbal Essences,,מרכך הרבל אסנסס שיקו,מיליליטרים,400.00,"100 מ""ל",false,,14.90,0.0373,true,1,2369518
8001090290830,false,"משחת שיניים אורל בי 3D white פנינה בוהקת 75 מ""ל",פרוקטר & גמבל,DE,אורל בי משחת שיניים,מיליליטרים,75.00,"100 מ""ל",false,,19.90,0.2653,true,1,2435793
8001090290939,false,"משחת שיניים אורל בי 3D white לבן בוהק 500 מ""ל",פרוקטר & גמבל,DE,אורל בי משחת שיניים,מיליליטרים,75.00,"100 מ""ל",false,,19.90,0.2653,true,1,2435794
8001090290984,false,"משחת שיניים 3D white רעננות מעוררת 75 מ""ל אורל בי",,,משחת שיניים אורל בי,מיליליטרים,75.00,"100 מ""ל",false,,10.90,0.1453,true,1,2547122
8001090291035,false,"משחת שיניים 3D white להלבנה רעננות ארקטית 75 מ""ל אורל בי",,,משחת שיניים אורל בי,מיליליטרים,75.00,"100 מ""ל",false,,10.90,0.1453,true,1,2547112
8001090316103,false,קפסולות לכתמים קשים 45 יח' אריאל,,FR,אריאל קפסולות לכביסה,יח',45.00,יח',false,,69.90,1.5533,true,1,2547277
8001090336354,false,טיטולי פמפרס בייבי דריי מידה 2 46 יח',פרוקטר אנד גמבל,DE,פמפרס בייבי דריי מיד,יח',46.00,יח',false,,34.90,0.7587,true,1,2383523
8001090336408,false,חיתולים בייבי דריי מידה 3 38 יח' פמפרס,פרוקטר אנד גמבל,DE,פמפרס בייבי דריי מיד,יח',38.00,יח',false,,34.90,0.9184,true,1,2383524
8001090336446,false,טיטולי פמפרס בייבי דריי מידה 4 34 יח',פרוקטר אנד גמבל,DE,פמפרס בייבי דריי מיד,יח',34.00,יח',false,,34.90,1.0265,true,1,2383535
8001090336491,false,טיטולי פמפרס בייבי דריי מידה 4+ 31 יח',פרוקטר אנד גמבל,DE,פמפרס בייבי דריי מיד,יח',31.00,יח',false,,34.90,1.1258,true,1,2383536
8001090336606,false,טיטולי פמפרס בייבי דריי מידה 6 26 יח',פרוקטר אנד גמבל,DE,פמפרס בייבי דריי מיד,יח',26.00,יח',false,,34.90,1.3423,true,1,2383538
8001090364104,false,"משחת שיניים אורל בי G&E אורגינל 75 מ""ל",אורל בי Oral B,,אורל בי משחת שיניים,מיליליטרים,75.00,"100 מ""ל",false,,14.90,0.1987,true,1,2435795
8001090364159,false,"משחת שיניים אורל בי G&E רעננות מוגברת 75 מ""ל",אורל בי Oral B,,אורל בי משחת שיניים,מיליליטרים,75.00,"100 מ""ל",false,,14.90,0.1987,true,1,2435796
8001090364203,false,"משחת שיניים אורל בי G&E להלבנה עדינה 75 מ""ל",אורל בי Oral B,,אורל בי משחת שיניים,מיליליטרים,75.00,"100 מ""ל",false,,14.90,0.1987,true,1,2435797
8001090375186,false,"מרכך מרוכז לצבע מלא חיים 200 מ""ל פנטן",פנטן Pantene,,מרכך מרוכז לצבע מלא,מיליליטרים,200.00,"100 מ""ל",false,,19.90,0.0995,true,1,1801461
8001090375230,false,"מרכך מרוכז לחות מוגברת 200 מ""ל פנטן",פנטן Pantene,,מרכך מרוכז לחות מוגב,מיליליטרים,200.00,"100 מ""ל",false,,19.90,0.0995,true,1,1801462
8001090375285,false,"מרכך מרוכז למגע רך כמשי 200 מ""ל פנטן",פנטן Pantene,,מרכך מרוכז למגע רך כ,מיליליטרים,200.00,"100 מ""ל",false,,19.90,0.0995,true,1,1801463
8001090377487,false,מסכה לשיער לחות מוגברת,פנטן Pantene,,מסכת לחות פנטן מוגבר,מיליליטרים,300.00,"100 מ""ל",false,,30.90,0.1030,true,1,1917854
8001090377531,false,מסכת פנטן לצבע מלא ח,,,מסכת פנטן לצבע מלא ח,מיליליטרים,300.00,"100 מ""ל",false,,30.90,0.1030,true,1,1917847
8001090379337,false,פמפרס פרימיום חיתולי VP מידה 3 40 יח',פרוקטר אנד גמבל,DE,חיתולי פמפרס פרימיום,יח',40.00,יח',false,,34.90,0.8725,true,1,1762223
8001090379368,false,פמפרס פרימיום חיתולי VP מידה 4 34 יח',פרוקטר אנד גמבל,DE,חיתולי פמפרס פרימיום,יח',34.00,יח',false,,34.90,1.0265,true,1,1762224
8001090379399,false,פמפרס פרימיום חיתולי VP מידה 5 30 יח',פרוקטר אנד גמבל,DE,חיתולי פמפרס פרימיום,יח',30.00,יח',false,,34.90,1.1633,true,1,1762225
8001090458322,false,פיירי ורדים ומשי 1.015 ל',פרוקטר & גמבל,GB,פיירי 1.015 ליטר ורד,ליטרים,1.01,ליטר,false,,17.90,17.7228,true,1,1653275
8001090458353,false,סבון כלים פעולה אנטי-בקטריאלית אקליפטוס,פיירי Fairy,,"פיירי 515 מ""ל אנטי ב",מיליליטרים,515.00,"100 מ""ל",false,,11.90,0.0231,true,1,1634326
8001090493637,false,"הד אנד שולדרס שמפו אולטרא טוטאל קר 450 מ""ל",הד אנד שולדרס H&S,,שמפו הד אנד שולדרס 4,מיליליטרים,450.00,"100 מ""ל",false,,20.90,0.0464,true,1,2096812
8001090540577,false,מי פה אוראל בי 500 מ,אורל בי Oral B,,מי פה אוראל בי 500 מ,מיליליטרים,500.00,"100 מ""ל",false,,24.90,0.0498,true,1,2435784
8001090580122,false,"הד אנד שולדרס שמפו סופרים משקם 400 מ""ל",הד אנד שולדרס H&S,,שמפו משקם הד אנד שול,מיליליטרים,400.00,"100 מ""ל",false,,20.90,0.0522,true,1,2230652
8001090632715,false,אורל בי משחת שיניים,,,אורל בי משחת שיניים,גרמים,75.00,100 גרם,false,,14.90,0.1987,true,1,2411760
8001090645487,false,הרבל אסנסס שמפו ג'ינ,הרבל אסנס Herbal Essences,,הרבל אסנסס שמפו ג'ינ,מיליליטרים,400.00,"100 מ""ל",false,,14.90,0.0373,true,1,2376105
8001090645517,false,הרבל אסנסס מרכך ג'ינ,הרבל אסנס Herbal Essences,,הרבל אסנסס מרכך ג'ינ,מיליליטרים,400.00,"100 מ""ל",false,,14.90,0.0373,true,1,2376106
8001090678195,false,"שולדרס מרכך סופרים לחות 275 מ""ל",הד אנד שולדרס H&S,,מרכך לחות הד אנד שול,מיליליטרים,275.00,"100 מ""ל",false,,11.90,0.0433,true,1,2230653
8001090678225,false,"שולדרס מרכך סופרים משקם 275מ""ל",הד אנד שולדרס H&S,RO,מרכך משקם הד אנד שול,מיליליטרים,275.00,"100 מ""ל",false,,11.90,0.0433,true,1,2230654
8001090678614,false,"שמפו סופרים לחות הד אנד שולדרס 400 מ""ל",הד אנד שולדרס H&S,,שמפו לחות הד אנד שול,מיליליטרים,400.00,"100 מ""ל",false,,20.90,0.0522,true,1,2230656
8001090721099,false,טבליות ג'ל לכביסה 3 ב-1 בניחוח אביב הרים,פרוקטר אנד גמבל,FR,אריאל קפסולות לכביסה,יח',27.00,יח',false,,37.90,1.4037,true,1,2003421
8001090721129,false,אריאל קפסולות לכביסה קולור 27 יח,פרוקטר אנד גמבל,FR,אריאל קפסולות לכביסה,יח',27.00,יח',false,,37.90,1.4037,true,1,2003422
8001090734044,false,מגני תחתון אולוויז לארג' בניחוח רענן,אולוויז Always,,אולוויז 64 יחידות מ,יח',64.00,יח',false,,21.90,0.3422,true,1,1866831
8001090737809,false,אולוויז מגן תחתון סינגל טנגה 36 יחידות,אולוויז Always,DE,אולדייז טנגה 36 יחיד,יח',36.00,יח',false,,14.90,0.4139,true,1,1867267
8001090740717,false,מגני תחתון אולוויז נורמל עם ניחוח רענן Fresh Scent,אולוויז Always,,אולוויז 76 יחידות מ,יח',76.00,יח',false,,21.90,0.2882,true,1,1867268
8001090745903,false,"טייד אלפיין פרש 4 ק""ג אבקה",פרוקטר אנד גמבל,,"טייד אלפין 4 ק""ג",קילוגרמים,4.00,"ק""ג",false,,34.90,8.7250,true,1,2003423
8001090802385,false,טייד קפסולות ג'ל בניחוח לנור 26 יחידות,פרוקטר & גמבל,FR,טייד קפסולות ג'ל בני,יח',26.00,יח',false,,34.90,1.3423,true,1,2291709
8001090832450,false,"שמפו פנטן נוסחה קלאסית 660 מ""ל",פרוקטר & גמבל,RO,פנטן שמפו קלאסית 660,מיליליטרים,660.00,"100 מ""ל",false,,19.90,0.0302,true,1,2405527
8001090832535,false,"שמפו פנטן שמן מרוקאי משקם 660 מ""ל",פרוקטר & גמבל,RO,פנטן שמפו קלאסית 660,מיליליטרים,660.00,"100 מ""ל",false,,19.90,0.0302,true,1,2405534
8001090832573,false,"שמפו פנטן לחות מוגברת 660 מ""ל",פרוקטר & גמבל,RO,פנטן שמפו קלאסית 660,מיליליטרים,660.00,"100 מ""ל",false,,19.90,0.0302,true,1,2405535
8001090832610,false,"שמפו פנטן למגע רך כמשי 660 מ""ל",פנטן Pantene,,פנטן שמפו קלאסית 660,מיליליטרים,660.00,"100 מ""ל",false,,19.90,0.0302,true,1,2405536
8001090832696,false,"פנטן שמפו לתלתלים מושלמים 660 מ""ל",פנטן Pantene,,פנטן שמפו קלאסית 660,מיליליטרים,660.00,"100 מ""ל",false,,19.90,0.0302,true,1,2405537
8001090832771,false,"שמפו פנטן הזנת קרטין 660 מ""ל",פנטן Pantene,,פנטן שמפו קלאסית 660,מיליליטרים,660.00,"100 מ""ל",false,,19.90,0.0302,true,1,2405538
8001090832818,false,מרכך פנטן הנוסחה הקלאסית לשיער רגיל ומעורב,פרוקטר & גמבל,RO,מרכך קונדישינר פנטן,מיליליטרים,660.00,"100 מ""ל",false,,19.90,0.0302,true,1,2405544
8001090832856,false,"פנטן קונדישנר מרוקאי משקם 660 מ""ל",פרוקטר & גמבל,RO,מרכך קונדישינר פנטן,מיליליטרים,660.00,"100 מ""ל",false,,19.90,0.0302,true,1,2405579
8001090832894,false,"פנטן קונדישנר לחות מוגברת 660 מ""ל",פרוקטר & גמבל,RO,מרכך קונדישינר פנטן,מיליליטרים,660.00,"100 מ""ל",false,,19.90,0.0302,true,1,2405580
8001090832931,false,"פנטן קונדישנר למגע רך כמשי 660 מ""ל",פנטן Pantene,,מרכך קונדישינר פנטן,מיליליטרים,660.00,"100 מ""ל",false,,19.90,0.0302,true,1,2405581
8001090832979,false,"פנטן מרכך לתלתלים מושלמים 660 מ""ל",פנטן Pantene,,מרכך קונדישינר פנטן,מיליליטרים,660.00,"100 מ""ל",false,,19.90,0.0302,true,1,2405582
8001090833051,false,"פנטן מרכך הזנת קרטין 660 מ""ל",פנטן Pantene,,מרכך קונדישינר פנטן,מיליליטרים,660.00,"100 מ""ל",false,,19.90,0.0302,true,1,2405583
8001090833136,false,אריאל ג'ל כביסה בייבי 2.255 ליטר,אריאל Ariel,FR,אריאל ג'ל בייבי,ליטרים,2.26,ליטר,false,,26.90,11.9027,true,1,2137891
8001090833167,false,אריאל ג'ל כביסה ניחוח הרים 2.365 ליטר,פרוקטור אנד גמבל,FR,אריאל ג'ל 2.365 ליטר,ליטרים,2.37,ליטר,false,,32.90,13.8819,true,1,2137892
8001090833198,false,אריאל ג'ל כביסה ניחוח מרענן 2.365 ליטר,פרוקטור אנד גמבל,FR,אריאל ג'ל 2.365 ליטר,ליטרים,2.37,ליטר,false,,32.90,13.8819,true,1,2137893
8001090833228,false,אריאל ג'ל כביסה קולור 2.365 ליטר,אריאל Ariel,FR,אריאל ג'ל 2.365 ליטר,ליטרים,2.37,ליטר,false,,32.90,13.8819,true,1,2137894
8001090833259,false,ג'ל כביסה בניחוח הרים,אריאל Ariel,FR,אריאל ג'ל 3.74 ליטר,ליטרים,3.74,ליטר,false,,42.90,11.4706,true,1,2137895
8001090891273,false,לנור כדוריות הבושם בניחוח סחלב 210 ג',פרוקטר אנד גמבל,US,מבשמי כדוריות לנור ב,גרמים,210.00,100 גרם,false,,25.90,0.1233,true,1,2425221
8001090899194,false,תחבושות אולוויז פלטינום נורמל 24 יח',אולוויז Always,,תחבושות אולוויז פלטי,יח',24.00,יח',false,,19.90,0.8292,true,1,2376124
8001090899224,false,תחבושות אולוויז פלטינום לונג 20 יח',אולוויז Always,,תחבושות אולוויז פלטי,יח',20.00,יח',false,,19.90,0.9950,true,1,2376125
8001090899255,false,תחבושות אולוויז פלטינום לילה 16 יח',Unknown,,תחבושות אולוויז פלטי,יח',16.00,יח',false,,19.90,1.2437,true,1,2376126
8001090899286,false,תחבושות אולוויז פלטינום לילה בטוח 14 יח',אולוויז Always,,תחבושות אולוויז פלטי,יח',14.00,יח',false,,19.90,1.4214,true,1,2376127
8001090943095,false,סבון כלים פעולה אנטי-בקטריאלית אקליפטוס,פיירי Fairy,,פיירי אנטי בקטריאלי,ליטרים,1.01,ליטר,false,,17.90,17.7228,true,1,2096816
8001090992338,false,טבליות למדיח פיירי פלטינום פלוס,פרוקטר & גמבל,FR,טבליות פיירי למדיח כ,יח',50.00,יח',false,,59.90,1.1980,true,1,2391353
8001110016303,false,ליקר אמרטו דיסרונו 7,,,דיסארונו אמרטו ליקר,מיליליטרים,700.00,"100 מ""ל",false,,74.90,0.1070,true,1,1333896
8001160000888,false,"גטורייד משקה ספורט תפוז 500 מ""ל",,,משקה ספורט גטורייד,מיליליטרים,500.00,"100 מ""ל",false,,9.90,0.0198,true,1,1306431
8001160001892,false,"משקה אנרגיה גטורייד ספורט תפוז אדום 500מ""ל",פפסיקו בוואדג' איטלי,IT,מיץ גטורייד ספורט תפ,מיליליטרים,500.00,"100 מ""ל",false,,9.90,0.0198,true,1,1306434
8001250003652,false,פסטה רדיאטורי דה ציק,דה צ'אקו DE CECCO,,פסטה רדיאטורי 199 D,גרמים,500.00,100 גרם,false,,9.90,0.0198,true,1,2486373
8001250120908,false,פסטה ראקט דה ציקו 50,דה צ'אקו DE CECCO,,פסטה ראקט 90 DE CEC,גרמים,500.00,100 גרם,false,,9.90,0.0198,true,1,2486374
8001250121264,false,פסטה קונצ'יליוני 12,דה צ'אקו DE CECCO,,פסטה קונצ'יליוני 12,גרמים,500.00,100 גרם,false,,14.90,0.0298,true,1,2515035
8001294869306,false,נייר קרפט גליל מטר,,,נייר קרפט גליל מטר,יחידה,0.00,יחידה,false,,12.90,0.0000,true,1,2456584
8001435310018,false,"בירה מורטי בק 330 מ""",,,"בירה מורטי בק 330 מ""",מיליליטרים,330.00,"100 מ""ל",false,,7.90,0.0239,true,1,2378779
8001440118944,false,שלישיית עגבניות פולפה *400 ג' צ'יריו,סיריו,,שלישיית עגבניות פולפ,גרמים,400.00,100 גרם,false,,11.90,0.0298,true,1,2538820
8001440124167,false,"רוטב פומודורו לפסטה צ'ריו 446 מ""ל CIRIO",סיריו,,רוטב עגבניות פומודור,גרמים,420.00,100 גרם,false,,11.90,0.0283,true,1,2538093
8001440124181,false,"רוטב עגבניות בזיליקום לפסטה צ'ריו 446 מ""ל CIRIO",סיריו,,רוטב עגבניות בזיליקו,גרמים,420.00,100 גרם,false,,11.90,0.0283,true,1,2538094
8001505000177,false,מעדן משמש אורגני ללא,Rigoni Di Asiago,,מעדן משמש אורגני,גרמים,250.00,100 גרם,false,,19.90,0.0796,true,1,1486020
8001505000184,false,מעדן אוכמניות אורגני,אף.סי תבליני בגליל ב,IT,מעדן אוכמניות אורגני,גרמים,250.00,100 גרם,false,,19.90,0.0796,true,1,1486021
8001505000306,false,מעדן פירות יער אורגנ,,,מעדן פירות יער אורגנ,גרמים,250.00,100 גרם,false,,19.90,0.0796,true,1,1486068
8001505000320,false,מעדן תותים ותותי בר אורגני,אף.סי תבליני בגליל ב,IT,מעדן תותים ותותי בר,גרמים,250.00,100 גרם,false,,19.90,0.0796,true,1,1486070
8001620011935,false,מים מינרלים מוגזים שישייה בקבוק אישי,אקווה מינרלה סאן בנד,IT,מים סאן בנדטו מוגז 6,מיליליטרים,3000.00,"100 מ""ל",false,,11.90,0.0040,true,1,1324054
8001620015612,false,"משקה פירות פרוטה-גזר תפוז לימון 400 מ""ל סאן בנדטו",אקווה מינרלה סאן בנד,IT,פרוטה גזר תפוז לימו,מיליליטרים,400.00,"100 מ""ל",false,,6.90,0.0172,true,1,2457367
8001620015636,false,"משקה פירות פרוטה-מיקס פירות 400 מ""ל סאן בנדטו",אקווה מינרלה סאן בנד,IT,פורטה מיקס פירות 400,מיליליטרים,400.00,"100 מ""ל",false,,6.90,0.0172,true,1,2457361
8001620017456,false,"מים מינרלים שישיה ספורט סאן בנדטו 500 מ""ל",סאן בנדטו San Benedetto,,שישייה סאן בנדטו פקק,ליטרים,3.00,ליטר,false,,14.90,4.9667,true,1,1869278
8001620018408,false,"משקה פירות בטעם מנגו תפוח 400 מ""ל פרוטה",אקווה מינרלה סאן בנד,IT,פרוטה מנגו תפוח 400,מיליליטרים,400.00,"100 מ""ל",false,,6.90,0.0172,true,1,2494549
8001620019160,false,"סן בנדטו אפרסק 400 מ""ל 12 יח'",אקווה מינרלה סאן בנד,IT,משקה סן בנדטו בטעם א,מיליליטרים,400.00,"100 מ""ל",false,,6.90,0.0172,true,1,2530367
8001620019177,false,"סן בנדטו ענבים 400 מ""ל 12 יח'",אקווה מינרלה סאן בנד,IT,משקה סן בנדטו בטעם ע,מיליליטרים,400.00,"100 מ""ל",false,,6.90,0.0172,true,1,2530368
8001780499307,false,דובדבני אמרנה בסירופ,פאברי Fabbri,IT,דובדבני אמרנה FABBRI,גרמים,230.00,100 גרם,false,,19.90,0.0865,true,1,2490433
8001841006710,false,לנור כדוריות הבושם בניחוח רענן 210 ג',פרוקטר & גמבל,GB,מבשמי כדוריות לנור ב,גרמים,210.00,100 גרם,false,,25.90,0.1233,true,1,2425222
8001841006833,false,לנור כדוריות הבושם בניחוח אביבי 210 ג',,,מבשמי כדוריות לנור ב,גרמים,210.00,100 גרם,false,,25.90,0.1233,true,1,2425223
8001841053684,false,אולוויז תחבושת מקסי לונג 12יח,פרוקטר & גמבל,HU,תחבושות אולוויז עבה,יח',12.00,יח',false,,12.90,1.0750,true,1,2194068
8001841053806,false,תחבושות היגייניות אולוויז מקסי עבה לילה,פרוקטר & גמבל,DE,תחבושות אולוויז עבה,יח',9.00,יח',false,,12.90,1.4333,true,1,2194069
8001841062624,false,מארז מגבוני פמפרס ללא בישום - רביעייה,פרוקטר אנד גמבל.,DE,מגבוני פמפרס ללא ביש,יח',208.00,יח',false,,19.90,0.0957,true,1,2433206
8001841077949,false,מארז מגבוני פמפרס בניחוח מרענן - רביעייה,פרוקטר אנד גמבל,DE,מגבוני פמפרס פרש 4*5,יח',208.00,יח',false,,19.90,0.0957,true,1,2380609
8001841096889,false,"נוזל לניקוי כלים לימון קלאסי 900 מ""ל",פרוקטר & גמבל,TR,פיירי לימון קלאסי 90,מיליליטרים,900.00,"100 מ""ל",false,,9.90,0.0110,true,1,2077157
8001841104751,false,"חיתולי פמפרס פרימיום קר שלב 1, 2-5 ק""ג",פרוקטר אנד גמבל,DE,חיתולי פמפרס פרימיום,יח',52.00,יח',false,,34.90,0.6712,true,1,2369529
8001841104799,false,"חיתולי פמפרס פרימיום קר שלב 2, 4-8 ק""ג",פרוקטר אנד גמבל,DE,חיתולי פמפרס פרימיום,יח',46.00,יח',false,,34.90,0.7587,true,1,2307764
8001841105093,false,"חיתולי פמפרס פרימיום קר שלב 6, +13 ק""ג",פרוקטר & גמבל,PL,חיתולי פמפרס פרימיום,יח',26.00,יח',false,,34.90,1.3423,true,1,2307765
8001841137179,false,"ה&ש קונדישנר-הנוסחה הקלאסית 275 מ""ל",פרוקטר אנד גמבל,RO,מרכך הד אנד שולדרס 2,מיליליטרים,275.00,"100 מ""ל",false,,11.90,0.0433,true,1,2383539
8001841137216,false,"קונדישנר למגע רך כמשי הד אנד שולדרס 275 מ""ל",הד אנד שולדרס H&S,RO,מרכך לחות הד אנד שול,מיליליטרים,275.00,"100 מ""ל",false,,11.90,0.0433,true,1,2383540
8001841216584,false,תחבושות אולוויז אולטרה לילה בטוח,פרוקטר & גמבל,HU,תחבושות אולוויז לילה,יח',36.00,יח',false,,39.90,1.1083,true,1,2380610
8001841272757,false,אורל-בי משחת שיניים להלבנה פחם- לניקוי עמוק,פרוקטר & גמבל,DE,אורל בי משחת שיניים,מיליליטרים,75.00,"100 מ""ל",false,,19.90,0.2653,true,1,2488814
8001841500799,false,"הרבל אסנסס - שמפו ללא סולפטים אלוורה ומנגו 380 מ""ל",הרבל אסנס Herbal Essences,FR,שמפו הרבל אסנסס ללא,מיליליטרים,380.00,"100 מ""ל",false,,14.90,0.0392,true,1,2431447
8001841500942,false,"הרבל אסנסס - שמפו ללא סולפטים אלוורה ובמבוק 380 מ""ל",הרבל אסנס Herbal Essences,FR,שמפו הרבל אסנסס ללא,מיליליטרים,380.00,"100 מ""ל",false,,14.90,0.0392,true,1,2431453
8001841502298,false,"הרבל אסנסס - מרכך ללא סולפטים אלוורה ומנגו 275 מ""ל",הרבל אסנס Herbal Essences,FR,שמפו הרבל אסנסס ללא,מיליליטרים,275.00,"100 מ""ל",false,,14.90,0.0542,true,1,2431454
8001841502601,false,"הרבל אסנסס - מרכך ללא סולפטים אלוורה ובמבוק 275 מ""ל",הרבל אסנס Herbal Essences,FR,שמפו הרבל אסנסס ללא,מיליליטרים,275.00,"100 מ""ל",false,,14.90,0.0542,true,1,2431455
8001841566771,false,לנור כדוריות הבושם בניחוח יסמין 210 ג',פרוקטר & גמבל,GB,מבשמי כדוריות לנור ב,גרמים,210.00,100 גרם,false,,25.90,0.1233,true,1,2425224
8001841587684,false,ג'ל דאודורנט היידה ג,,,ג'ל דאודורנט היידה ג,מיליליטרים,70.00,"100 מ""ל",false,,18.90,0.2700,true,1,2475056
8001841587738,false,ג'ל דאודורנט היידה ג,,,ג'ל דאודורנט היידה ג,מיליליטרים,70.00,"100 מ""ל",false,,18.90,0.2700,true,1,2475057
8001841623061,false,חיתולי פמפרס בייבי דריי שלב 1- 21 יח',פרוקטר & גמבל,PL,פמפרס ניו בייבי 21 י,יח',43.00,יח',false,,14.90,0.3465,true,1,2405182
8001841625188,false,סבון כלים פלטינום לימון X3 פעולות להסרת שומנים,פרוקטר אנד גמבל,GB,"פיירי פלטינום 515 מ""",מיליליטרים,515.00,"100 מ""ל",false,,11.90,0.0231,true,1,2394408
8001841625287,false,סבון כלים פלטינום לימון X3 פעולות להסרת שומנים,פרוקטר אנד גמבל,TR,פיירי פלטינום 1.015,ליטרים,1.01,ליטר,false,,17.90,17.7228,true,1,2394409
8001841625362,false,"נוזל כלים בניחוח לימון פלטינום 780 מ""ל פיירי",,,פיירי פלטינום לימון,מיליליטרים,780.00,"100 מ""ל",false,,12.90,0.0165,true,1,2522008
8001841625461,false,סבון כלים פלטינום X3 פעולות להסרת שומנים,פרוקטר אנד גמבל,GB,"פיירי פלטינום 515 מ""",מיליליטרים,515.00,"100 מ""ל",false,,11.90,0.0231,true,1,2394410
8001841640204,false,טייד קפסולות ג'ל בניחוח לנור 58 יחידות,,,טייד קפסולות בניחוח,יחידה,58.00,יחידה,false,,69.90,1.2052,true,1,2457988
8001841660257,false,מסכת מינרלס במבוק לשיער חזק וארוך,פנטן Pantene,,מיראקלס פנטן מסכה ב,מיליליטרים,160.00,"100 מ""ל",false,,18.90,0.1181,true,1,2464487
8001841660530,false,קרם לחות מינרלס במבוק + חלבון משקם לשיער ארוך,פנטן Pantene,FR,מיראקלס קרם לחות פנט,מיליליטרים,270.00,"100 מ""ל",false,,18.90,0.0700,true,1,2464480
8001841669465,false,אריאל קפסולות לכביסהבניחוח לנור 24 יח',פרוקטר אנד גמבל,FR,אריאל קפסולות לכביסה,יח',24.00,יח',false,,31.90,1.3292,true,1,2437391
8001841669519,false,אריאל טבליות ג'ל כביסה 55 יח',פרוקטר & גמבל,FR,אריאל קפסולות לכביסה,יח',55.00,יח',false,,69.90,1.2709,true,1,2411762
8001841715957,false,"הד&שולדרס - ג'ל רחצה ושמפו ניקוי אינטנסיבי 360 מ""ל","נארז ע""י : א.ג. גילר",FR,ג'ל רחצה ושמפו ניקוי,מיליליטרים,360.00,"100 מ""ל",false,,16.90,0.0469,true,1,2466706
8001841716312,false,הד אנד שולדרס ג'ל רחצה ושמפו ספורט 360מל,"פרוקטר אנד גמבל, צרפ",FR,ג'ל רחצה ושמפו ספורט,מיליליטרים,360.00,"100 מ""ל",false,,16.90,0.0469,true,1,2466707
8001841716435,false,"הד אנד שולדרס ג'ל רחצה ושמפו לעור רגיש 360 מ""ל","נארז ע""י : א.ג. גילר",FR,ג'ל רחצה ושמפו לעור,מיליליטרים,360.00,"100 מ""ל",false,,16.90,0.0469,true,1,2466708
8001841716596,false,"הד אנד שולדרס ג'ל רחצה ושמפו מרענן 360 מ""ל","נארז ע""י : א.ג. גילר",FR,ג'ל רחצה ושמפו מרענן,מיליליטרים,360.00,"100 מ""ל",false,,16.90,0.0469,true,1,2466709
8001841893990,false,פיירי טבליות למדיח פלטינום פלוס - מארז 30 יח',פיירי Fairy,,טבליות פיירי למדיח כ,יח',30.00,יח',false,,39.90,1.3300,true,1,2437356
8001841941929,false,תחבושות אולוייז וליו,פרוקטר אנד גמבל,,אולוויז בטוח אקסטרא,יח',16.00,יח',false,,19.90,1.2437,true,1,2464474
8001841958460,false,פיירי טבליות למדיח אורגינל הכל באחד - מארז 48 יח',פרוקטר אנד גמבל,BE,טבליות פיירי למדיח כ,יח',48.00,יח',false,,39.90,0.8312,true,1,2437357
8001841960081,false,פיירי טבליות למדיח פלטינום הכל באחד - מארז 37 יח',פרוקטר אנד גמבל,BE,טבליות פיירי למדיח כ,יח',37.00,יח',false,,39.90,1.0784,true,1,2437358
8001895001259,false,מכונת בשר,,,מכונת בשר,יחידה,0.00,יחידה,false,,99.90,0.0000,true,1,2434194
8002066001399,false,אטריות ביצים טלייאטלה ללא גלוטן 250גר,,,איטריות ביצים טלייאט,גרמים,250.00,100 גרם,false,,14.90,0.0596,true,1,1970141
8002066001405,false,אטריות ביצים טלייאטלה ללא גלוטן 250גר,,,איטריות ביצים פאפארד,גרמים,250.00,100 גרם,false,,14.90,0.0596,true,1,1970142
8002066001412,false,אטריות ביצים טליאוליני ללא גלוטן 250גר,,,איטריות ביצים טאליול,גרמים,250.00,100 גרם,false,,14.90,0.0596,true,1,1970143
8002110383709,false,נוטרוגינה ס.נורבגית ק.ידיים לא מבושם 50מל,ניוטרוג'ינה Neutrogena,FR,נוטרוגינה ס.נורבגית ק.ידי,מיליליטרים,75.00,"100 מ""ל",false,,19.90,0.2653,true,1,1339127
8002205319835,false,מזון לחתולים בוגרים בטעם סלמון פורינה ONE,נסטלה פורינה צרפת,FR,פורינה ONE חתול גור,גרמים,800.00,100 גרם,false,,39.90,0.0499,true,1,2375966
8002213004068,false,קמח לפיצה ורוד 1 קג,,,קמח לפיצה pz2 (ורוד),קילוגרמים,1.00,"100 ק""ג",false,,14.90,14.9000,true,1,2387207
8002230000012,false,מארז משקה קוקטייל אפ,אלכוהול (איי.בי.בי),,מארז משקה קוקטייל אפ,ליטרים,1.00,ליטר,false,,99.00,99.0000,true,1,1640251
8002267014662,false,שלישייה ביצי שוקולד חלב עם צעצוע ברבי,צ'וקטה Chocketa,,ביצת הפתעה ברבי שליש,גרמים,60.00,100 גרם,false,,9.90,0.1650,true,1,1842568
8002267014945,false,שלישייה ביצי שוקולד חלב עם צעצוע הוט ווילס,צ'וקטה Chocketa,,ביצת הפתעה הוט ווילס,גרמים,60.00,100 גרם,false,,9.90,0.1650,true,1,1842569
8002267015263,false,ביצי שוקולד חלב עם הפתעת צעצוע - מארז 3 יח',צ'וקטה Chocketa,,ביצת הפתעה מאשה והדו,גרמים,60.00,100 גרם,false,,9.90,0.1650,true,1,2420178
8002267016475,false,צ'וקטה ביצת הפתעה בוב הבנאי מארז 3,מולינו ניקולי s.p.a,IT,ביצת הפתעה בוב הבנאי,גרמים,60.00,100 גרם,false,,9.90,0.1650,true,1,2108352
8002270166594,false,שישייה מים סאן פלגרי,,,שישייה מים סאן פלגרי,ליטרים,1.50,ליטר,false,,29.40,19.6000,true,1,1429603
8002270866524,false,סאן פלנגרינו מים מינ,סן פלגרינו San Pellegrino,IT,מים סן פלגרינו פלסט,ליטרים,1.00,ליטר,false,,7.90,7.9000,true,1,1324059
8002450006559,false,יין קאסה די לואיג'י שרדונה,קאסה די לואיג'י Casa di luigi,,יין שרדונה קאזה דה ל,מיליליטרים,750.00,"100 מ""ל",false,,24.90,0.0332,true,1,1333898
8002450201008,false,ורדי רספברי ספרקלטיני,בוסקה Bosca,,סדרת וורדי,מיליליטרים,750.00,"100 מ""ל",false,,19.90,0.0265,true,1,1333899
8002450202005,false,ורדי ספרקלטיני אסאי Verdi acai Sparkletini,בוסקה Bosca,,סדרת וורדי,מיליליטרים,750.00,"100 מ""ל",false,,19.90,0.0265,true,1,1333900
8002450203002,false,משקה כהלי מוגז ורדי,בוסקה,,סדרת וורדי,מיליליטרים,750.00,"100 מ""ל",false,,19.90,0.0265,true,1,2247644
8002450204009,false,ורדי ספרקלטיני אפרסק,"איי, בי, אינבוו",IT,סדרת וורדי,מיליליטרים,750.00,"100 מ""ל",false,,19.90,0.0265,true,1,1333901
8002450205006,false,משקה כהלי מוגז ורדי,בוסקה,,סדרת וורדי,מיליליטרים,750.00,"100 מ""ל",false,,19.90,0.0265,true,1,1523082
8002450206508,false,יין קברנה קאזה דה לו,קאסה די לואיג'י Casa di luigi,,יין קברנה קאזה דה לו,מיליליטרים,750.00,"100 מ""ל",false,,24.90,0.0332,true,1,1333903
8002450206522,false,יין קאזה די לואיגי מ,קאסה די לואיג'י Casa di luigi,,יין מרלו קאזה דה לוא,מיליליטרים,750.00,"100 מ""ל",false,,24.90,0.0332,true,1,1333904
8002450208007,false,ורדי גרין אפל ספרקלטיני,בוסקה Bosca,,סדרת וורדי,מיליליטרים,750.00,"100 מ""ל",false,,19.90,0.0265,true,1,1333906
8002450208304,false,משקה כהלי מוגז ורדי,בוסקה,,סדרת וורדי,מיליליטרים,750.00,"100 מ""ל",false,,19.90,0.0265,true,1,2366363
8002960103199,false,CA70W 'רוטב פומודורינה בצנצנת 370 ג MENU,מנורה,IT,רוטב עגבניות איטלקי,גרמים,370.00,100 גרם,false,,12.90,0.0349,true,1,2544325
8002960103205,false,CR70W 'רוטב ארביאטה בצנצנת 370 ג MENU,מנורה,IT,רוטב עגבניות איטלקי,גרמים,370.00,100 גרם,false,,12.90,0.0349,true,1,2544326
8002960103212,false,K070W 'רוטב שקשוקה בצנצנת 370 ג MENU,מנורה,IT,רוטב עגבניות איטלקי,גרמים,370.00,100 גרם,false,,12.90,0.0349,true,1,2544327
8003007800484,false,פתיתים צוקה 4 טעמים,,IT,פתיתים צוקה 4 טעמים,גרמים,500.00,100 גרם,false,,14.90,0.0298,true,1,1352708
8003007800712,false,פתיתים פיורי 4 טעמים,,IT,פתיתים פיורי 4 טעמים,גרמים,500.00,100 גרם,false,,14.90,0.0298,true,1,1352710
8003007800842,false,פסטה קונקיליוני צבעו,,IT,פתיתי קונקיליוני,גרמים,500.00,100 גרם,false,,14.90,0.0298,true,1,1352711
8003007810001,false,פתיתים פנטה 4 טעמים,,IT,פתיתים פנטה 4 טעמים,גרמים,500.00,100 גרם,false,,14.90,0.0298,true,1,1352712
8003007811473,false,פסטה פנוני 4 טעמים 5,,,פנוני ריגטה,גרמים,500.00,100 גרם,false,,14.90,0.0298,true,1,1352716
8003007815648,false,פסטה לבבות,,,פסטה לבבות,גרמים,500.00,100 גרם,false,,14.90,0.0298,true,1,1352724
8003007816683,false,פסטה ארמוניקה לבבות,,IT,פסטה ארמוניקה לבבות,גרמים,500.00,100 גרם,false,,14.90,0.0298,true,1,1352729
8003007817000,false,פתיתים פוזילי טרפילט,,,פתיתים פוזילי טרפילט,גרמים,500.00,100 גרם,false,,14.90,0.0298,true,1,1352731
8003007817918,false,פסטה לומקוני 4 טעמים,,IT,פתיתים לומקוני,גרמים,500.00,100 גרם,false,,14.90,0.0298,true,1,1352732
8003340091280,false,בונבוניירת לינדור Lindor שוקולד מריר,לינדוט ושופרונגלי אי,IT,לינדור בונ' 60% 200 גרם,גרמים,200.00,100 גרם,false,,22.90,0.1145,true,1,1319137
8003576901827,false,כוס פיור לבנה,,,כוס פיור לבנה,יחידה,0.00,יחידה,false,,6.90,0.0000,true,1,2423572
8003576901834,false,סבונייה פיור לבנה,,,סבונייה פיור לבנה,יחידה,0.00,יחידה,false,,6.90,0.0000,true,1,2423573
8003576901841,false,מתקן למברשת שיינים,,,מתקן למברשת שיינים,יחידה,0.00,יחידה,false,,9.90,0.0000,true,1,2423586
8003576901858,false,דיספנסר לסבון פיור,,,דיספנסר לסבון פיור,יחידה,0.00,יחידה,false,,14.90,0.0000,true,1,2423587
8003576901872,false,מברשת שרותים פיור מע,,,מברשת שרותים פיור מע,יחידה,0.00,יחידה,false,,39.90,0.0000,true,1,2423589
8003576901889,false,פח 5 ליטר לבן,,,פח 5 ליטר לבן,יחידה,0.00,יחידה,false,,39.90,0.0000,true,1,2423590
8003576901940,false,מברשת שרותים ליאופרד,,,מברשת שרותים ליאופרד,יחידה,0.00,יחידה,false,,44.90,0.0000,true,1,2514201
8003653011807,false,אטבים מפלסטיק 20 יח',,,אטבים מפלסטיק 20 יח',יח',20.00,יח',false,,12.90,0.6450,true,1,1305037
8003653033755,false,אטבים מעץ 12 יח',,,אטבים מעץ 12 יח,יח',12.00,יח',false,,7.90,0.6583,true,1,1305042
8003753158556,false,קפסולות אספרסו אילי קלאסיקו - 10 יח',ג'ייקובס דאו אגרבטס,FR,קפסולות אילי אספרסו,גרמים,57.00,100 גרם,false,,16.90,0.2965,true,1,2463188
8003753158587,false,אילי קפסולות אספרסו פורטה 10 יח' 57 גרם,ג'ייקובס דאו אגרבטס,FR,קפסולות אילי אספרסו,גרמים,57.00,100 גרם,false,,16.90,0.2965,true,1,2463189
8003753158617,false,אילי קפסולות אספרסו לונגו קלאסיקו 10 יח' 57 גרם,ג'ייקובס דאו אגרבטס,FR,קפסולות אילי אספרסו,גרמים,57.00,100 גרם,false,,16.90,0.2965,true,1,2463196
8003753158648,false,אילי קפסולות אספרסו אינטנסו 10 יח' 57 גר',ג'ייקובס דאו אגרבטס,FR,קפסולות אילי אספרסו,גרמים,57.00,100 גרם,false,,16.90,0.2965,true,1,2463190
8003753900438,false,קפה טחון לאספרסו קליה בינונית,קפה לנדוור,IL,אילי קפה קלוי וטחון לאספר,גרמים,250.00,100 גרם,false,,49.90,0.1996,true,1,1306351
8003866002111,false,קפסולות קפה 10 יח' (כחול) MENTE,דאמה קפה Diemme Caffe,,קפסולות קפה 10 יח' (,יח',10.00,יח',false,,18.90,1.8900,true,1,2486378
8003866016538,false,קפסולות קפה דיאמה כת,,,קפסולות קפה 10 יח' (,יח',10.00,יח',false,,18.90,1.8900,true,1,2486380
8004030022010,false,ירקות גינה עם טונה ריו מרה אינסלטיסימי 160 ג',"בולטון אלימנטרי בע""מ",IT,ריו מארה טונה עם ירק,גרמים,160.00,100 גרם,false,,15.90,0.0994,true,1,1399365
8004030026018,false,"מקסיקני עם טונה ריו מרה אינסלטיסימי, 160 ג'","בולטון אלימנטרי בע""מ",IT,ריו מארה טונה מקסיקנ,גרמים,160.00,100 גרם,false,,15.90,0.0994,true,1,1399366
8004030044005,false,נתחי טונה בשמן זית ריו מרה 160 ג',"בולטון אלימנטרי בע""מ",IT,ריו מרה טונה בשמן זית 160,גרמים,160.00,100 גרם,false,,15.90,0.0994,true,1,1339128
8004030081024,false,טונה ריו מרה בשמן זית שום ופלפל160 גר',"בולטון אלימנטרי בע""מ",IT,ריו מרה טונה בשמן זית שום,גרמים,160.00,100 גרם,false,,15.90,0.0994,true,1,1339129
8004030102033,false,טונה בשמן זית עם מיץ לימון ופלפל שחור - מארז 3 יח',בולטון אלימנטרי,IT,ריו מארה טונה בשמן ע,גרמים,240.00,100 גרם,false,,27.90,0.1162,true,1,2146092
8004030103399,false,טונה בשמן זית רביעיו,,,טונה בשמן זית רביעיו,גרמים,320.00,100 גרם,false,,29.90,0.0934,true,1,2539435
8004030177000,false,טונה בשמן זית וצ'ילי ריו מרה מארז 80X3 גר',ריו מארה Rio Mare,,ריו מארה טונה בשמן ז,גרמים,240.00,100 גרם,false,,27.90,0.1162,true,1,1976535
8004030180000,false,ריו מרה טונה בשמן זי,בולטון אלימנטרי,IT,ריו מארה טונה בשמן ז,גרמים,240.00,100 גרם,false,,27.90,0.1162,true,1,2540825
8004030344938,false,טונה בשמן זית ריו מרה שלישיה * 80 ג',"בולטון אלימנטרי בע""מ",IT,ריו מארה טונה בשמן ז,גרמים,240.00,100 גרם,false,,27.90,0.1162,true,1,1399354
8004030381681,false,טונה בשמן זית ריו מרה זוגות * 160 ג',,,טונה בשמן זית זוגות,גרמים,320.00,100 גרם,false,,31.90,0.0997,true,1,2539436
8004030845046,false,טונה עם ירקות בתוספת עם אורז ריו מרה אינסלטיסימי 160 ג',בולטון אלימנטרי,IT,ריו מארה טונה בתוספת,גרמים,160.00,100 גרם,false,,15.90,0.0994,true,1,2261805
8004030860001,false,ירקות עם קוקוס וטונה ריו מרה אינסלטיסימי 160 ג',"בולטון אלימנטרי בע""מ",IT,ריו מארה טונה עם קוס,גרמים,160.00,100 גרם,false,,15.90,0.0994,true,1,1504876
8004123010726,false,שמן זית כתית מעולה ב,,,שמן זית כתית מעולה 7,מיליליטרים,750.00,"100 מ""ל",false,,39.90,0.0532,true,1,2384365
8004350130037,false,פסטה ספגטי 500 ג' זארה,,,פסטה זארה ספגטי,גרמים,500.00,100 גרם,false,,5.90,0.0118,true,1,2305952
8004708018963,false,מלח אפור אטלנטי מטחנ,דרוגריה ואלימנטרי אס,IT,מלח אפור אטלנטי מטחנה 70ג,גרמים,70.00,100 גרם,false,,12.90,0.1843,true,1,1337029
8004708018987,false,מלח ורוד הימלאיה במטחנה,דרוגריה ואלימנטרי אס,IT,מלח ורוד הימלאיה במטחנה 9,גרמים,90.00,100 גרם,false,,12.90,0.1433,true,1,1337030
8004708036516,false,אורגנו ים תיכוני מטח,דרוגריה ואלימנטרי אס,IT,אורגנו במטחנה 12גרם,גרמים,12.00,100 גרם,false,,12.90,1.0750,true,1,1337031
8004800000064,false,לאגו פלאסיר- גלילי ופל קרם קקאו בציפוי ש.חלב - 100 ג',לאגו,IT,לאגו פלאסיר- גלילי ו,יחידה,0.00,יחידה,false,,12.90,0.0000,true,1,2531419
8004800000071,false,לאגו פלאסיר- גלילי ופל במילוי קרם אגוזי לוז שוקולד חלב - 100 ג',לאגו,IT,לאגו פלאסיר- גלילי ו,יחידה,0.00,יחידה,false,,12.90,0.0000,true,1,2531420
8004800004802,false,"גלילי וופל קרם דומדמניות, 100 גרם",לאגו,IT,לאגו פלאסיר- גלילי ו,יחידה,0.00,יחידה,false,,12.90,0.0000,true,1,2531421
8004800004819,false,"וופלים במילוי ק.פסיפלורה, 110 גרם",לאגו,IT,לאגו פלאסיר- וופלים,יחידה,0.00,יחידה,false,,12.90,0.0000,true,1,2531422
8004800004826,false,לאגו פלאסיר - וופלים במילוי קרם קוקוס שוקולד מריר - 98ג,לאגו,IT,לאגו פלאסיר- וופלים,יחידה,0.00,יחידה,false,,12.90,0.0000,true,1,2531423
8004800005502,false,וופל מיני רול גלילי ופל במילוי קרם קקאו- 125 ג' לאגו,לגו גרופ ס.פ.א.,IT,לאגו מיני רול- גלילי,יחידה,0.00,יחידה,false,,9.90,0.0000,true,1,2531424
8004800005519,false,וופל רול גלילי במילוי קרם אגוזי לוז- 125 ג' לאגו,לגו גרופ ס.פ.א.,IT,לאגו מיני רול- גלילי,יחידה,0.00,יחידה,false,,9.90,0.0000,true,1,2531425
8004800005526,false,וופל מיני רול גלילי ופל במילוי קרם קוקוס- 125 ג' לאגו,לגו גרופ ס.פ.א.,IT,לאגו מיני רול- גלילי,יחידה,0.00,יחידה,false,,9.90,0.0000,true,1,2531426
8005110001413,false,מארז זוג רסק עגבניות 140 ג' MUTTI,"איי, בי, אינבוו",IT,זוג רסק עגבניות MU,גרמים,280.00,100 גרם,false,,10.90,0.0389,true,1,2512213
8005110002243,false,רכז עגבניות Doppio Concentr בשפופרת 185 ג' MUTTI,"איי, בי, אינבוו",IT,רכז עגבניות Doppio C,גרמים,185.00,100 גרם,false,,7.90,0.0427,true,1,2486381
8005110170300,false,עגבניות מרוסקות חתוכות מוטי MUTTI שלישיה *400,מוטי Mutti,IT,שלישיית עגבניות חתוכ,גרמים,400.00,100 גרם,false,,17.90,0.0447,true,1,2455109
8005110200014,false,רסק עגבניות 210 ג' CONCENTRATO MUTTI,"איי, בי, אינבוו",IT,רסק עגבניות CONCENTR,גרמים,210.00,100 גרם,false,,6.50,0.0310,true,1,2486382
8005110551253,false,רוטב עגבניות לפיצה MUTTI,"איי, בי, אינבוו",IT,רוטב לפיצה MUTTI,גרמים,400.00,100 גרם,false,,8.90,0.0223,true,1,2490434
8005200256587,false,משקה תה בטעם אפרסק 1.5ל' NESTEA,מפעל סאנפלגרינו S.P.,IT,נסטי אפרסק 1.5 ליטר,ליטרים,1.50,ליטר,false,,8.50,5.6667,true,1,2491634
8005200286584,false,משקה תה בטעם מנגו אננס 1.5 ל' NESTEA,מפעל סאנפלגרינו S.P.,IT,נסטי מנגו אננס 1.5 ל,ליטרים,1.50,ליטר,false,,8.50,5.6667,true,1,2491657
8005200316588,false,משקה תה דיאט בטעם אפרסק 1.5ל' NESTEA,מפעל סאנפלגרינו s.p.,IT,נסטי אפרסק דיאט 1.5,ליטרים,1.50,ליטר,false,,8.50,5.6667,true,1,2491658
8005469951452,false,ממרח אנשובי עם שמן חמניות,בנדטו סקלייה סרל,IT,ממרח אנשובי איטלקי,גרמים,60.00,100 גרם,false,,11.90,0.1983,true,1,2384366
8005469981602,false,פילה אנשובי איטלקי ש,,,פילה אנשובי איטלקי,גרמים,75.00,100 גרם,false,,12.90,0.1720,true,1,2384368
8005709201279,false,פסטה פאפרדלה,,,פסטה פאפרדלה,גרמים,500.00,100 גרם,false,,12.90,0.0258,true,1,1580452
8005709204638,false,פסטה מפלדיני,,,פסטה מפלדיני,גרמים,500.00,100 גרם,false,,12.90,0.0258,true,1,1580454
8005709204959,false,פסטה פוזילו (12) 500 ג'GRANO ARMANDO,,,פסטה פוזילו,גרמים,500.00,100 גרם,false,,9.90,0.0198,true,1,1580457
8005709206052,false,"ספגטו אורגני חיטה מלאה+ש""ש 500 ג' (20) GRANO ARMANDO",,,ספגטו אורגני חיטה מל,גרמים,500.00,100 גרם,false,,12.90,0.0258,true,1,1580458
8005803010357,false,אמור די פאן - קלאסי 125 גרם,"אינסטנטה בע""מ",IT,גריסיני קלאסי 125 גר,גרמים,125.00,100 גרם,false,,5.00,0.0400,true,1,1503994
8005803010371,false,מקלות גריסיני עם רוזמרין,"אינסטנטה בע""מ",IT,גריסיני רוזמרין 125,גרמים,125.00,100 גרם,false,,5.00,0.0400,true,1,1503995
8005803010586,false,מקלות גריסיני בטעם פיצה,"הוסטה איטליה, ס.ר.ל.",IT,גריסיני פיצה 125 גרם,גרמים,125.00,100 גרם,false,,5.00,0.0400,true,1,1503996
8005989240036,false,סט סכום פלסטיק לבן פ,,,סט סכום פלסטיק לבן פ,יחידה,0.00,יחידה,false,,9.90,0.0000,true,1,2488961
8006540091906,false,כדוריות הבושם בניחוח אריאל 140 ג' לנור,פרוקטר אנד גמבל,GB,מבשמי כדוריות לנור 1,גרמים,140.00,100 גרם,false,,19.90,0.1421,true,1,2474977
8006540091937,false,כדוריות הבושם בניחוח אריאל 210 ג' לנור,פרוקטר & גמבל,GB,מבשמי כדוריות לנור ב,גרמים,210.00,100 גרם,false,,25.90,0.1233,true,1,2474978
8006540110317,false,שמפו מינרלס ביוטין + במבוק לשיער חזק וארוך,פנטן Pantene,RO,מיראקלס שמפו פנטן במ,מיליליטרים,400.00,"100 מ""ל",false,,18.90,0.0472,true,1,2464481
8006540112793,false,"מרכך כביסה מרוכז בניחוח יסמין לנור 900 מ""ל",פרוקטר & גמבל,FR,לנור מרכך מרוכז בניח,מיליליטרים,900.00,"100 מ""ל",false,,15.90,0.0177,true,1,2477935
8006540112823,false,"לנור מרכך כביסה מרוכז בניחוח האוקיינוס 900 מ""ל",פרוקטר אנד גמבל,FR,לנור מרכך כביסה מרוכ,מיליליטרים,900.00,"100 מ""ל",false,,15.90,0.0177,true,1,2464026
8006540112854,false,"מרכך כביסה מרוכז בניחוח סחלב לנור 900 מ""ל",פרוקטר & גמבל,FR,לנור מרכך כביסה מרוכ,מיליליטרים,900.00,"100 מ""ל",false,,15.90,0.0177,true,1,2461689
8006540157374,false,מרכך מינרלס ביוטין + במבוק לשיער חזק וארוך,פנטן Pantene,FR,מיראקלס פנטן מרכך ב,מיליליטרים,275.00,"100 מ""ל",false,,18.90,0.0687,true,1,2464488
8006540163986,false,אריאל קפסולות לכביסה,,,אריאל קפסולות לכביסה,יח',35.00,יח',false,,49.90,1.4257,true,1,2506387
8006540252468,false,תחבושות אלוויז פלטינ,פרוקטר & גמבל,HU,תחבושות אולוויז פלטי,יח',48.00,יח',false,,39.90,0.8312,true,1,2506388
8006540252499,false,תחבושות אלוויז פלטינ,פרוקטר & גמבל,HU,תחבושות אולוויז פלטי,יח',40.00,יח',false,,39.90,0.9975,true,1,2506389
8006540252529,false,תחבושות אלוויז פלטינ,פרוקטר & גמבל,HU,תחבושות אולוויז פלטי,יח',32.00,יח',false,,39.90,1.2469,true,1,2506390
8006540352960,false,טמפונים טמפקס פרל רג,פרוקטר & גמבל,HK,טמפקס פרל רגולר 20 י,יח',20.00,יח',false,,24.90,1.2450,true,1,2484955
8006540353004,false,טמפונים טמפקס פרל סו,פרוקטר & גמבל,HK,טמפקס פרל סופר 18 יח,יח',18.00,יח',false,,24.90,1.3833,true,1,2484956
8006540358498,false,פרל טמפונים סופר פלו,פרוקטר & גמבל,HK,טמפקס פרל סופר פלוס,יח',18.00,יח',false,,24.90,1.3833,true,1,2484957
8006540404850,false,תחבושות אלוויז דיסקר,פרוקטר & גמבל,DE,תחבושות אולוויז דיסק,יח',10.00,יח',false,,14.90,1.4900,true,1,2529858
8006540404898,false,תחבושות אלוויז דיסקר,פרוקטר & גמבל,DE,תחבושות אולוויז דיסק,יח',8.00,יח',false,,14.90,1.8625,true,1,2529850
8006540404935,false,תחבושות אלוויז דיסקר,פרוקטר & גמבל,DE,תחבושות אולוויז דיסק,יח',12.00,יח',false,,14.90,1.2417,true,1,2529859
8006540405031,false,תחבושות אלוויז דיסקר,פרוקטר & גמבל,DE,תחבושות אולוויז דיסק,יח',16.00,יח',false,,14.90,0.9313,true,1,2529860
8006540406694,false,מכנסונים בייבי דריי,,,מכנסונים בייבי דריי,יח',42.00,יח',false,,44.90,1.0690,true,1,2538676
8006540406724,false,מכנסונים בייבי דריי,,,מכנסונים בייבי דריי,יח',38.00,יח',false,,44.90,1.1816,true,1,2538677
8006540406793,false,מכנסונים בייבי דריי,,,מכנסונים בייבי דריי,יח',34.00,יח',false,,44.90,1.3206,true,1,2538678
8006540425930,false,קפסולות לכתמים קשים 24 יח' אריאל,פרוקטר אנד גמבל,FR,אריאל קפסולות לכביסה,יח',24.00,יח',false,,31.90,1.3292,true,1,2495972
8006540429327,false,פיירי מקס פאוור לימון עם מנגנון למניעת נזילות,פרוקטר אנד גמבל,,"פיירי לימון 440 מ""ל",מיליליטרים,440.00,"100 מ""ל",false,,11.90,0.0270,true,1,2495990
8006540452110,false,תחבושות אולוויז עבה,,,תחבושות אולוויז עבה,יח',16.00,יח',false,,12.90,0.8063,true,1,2529862
8006540463550,false,טבליות פיירי פלטינום,פרוקטר & גמבל,BE,טבליות פיירי למדיח כ,יח',63.00,יח',false,,59.90,0.9508,true,1,2522769
8006540491539,false,"נוזל כלים פלטינום אורגינל 780 מ""ל פיירי",,,פיירי פלטינום אורגינ,מיליליטרים,780.00,"100 מ""ל",false,,12.90,0.0165,true,1,2522009
8006540495186,false,"לנור מרכך כביסה בניחוח בייבי 900 מ""ל",פרוקטר & גמבל,FR,לנור מרכך כביסה בייב,מיליליטרים,900.00,"100 מ""ל",false,,12.90,0.0143,true,1,2520909
8006540495216,false,"מרכך כביסה בניחוח אמאטיסט 900 מ""ל לנור",פרוקטר & גמבל,FR,לנור מרכך כביסה בניח,מיליליטרים,900.00,"100 מ""ל",false,,15.90,0.0177,true,1,2520910
8006540495247,false,"לנור מרכך כביסה בניחוח פרחי בר 900 מ""ל",פרוקטר & גמבל,FR,לנור מרכך כביסה בניח,מיליליטרים,900.00,"100 מ""ל",false,,15.90,0.0177,true,1,2543060
8006540566701,false,אריאל ג'ל כביסה להסרת כתמים קשים 1.925 ליטר,,IT,אריאל ג'ל 2.365 ליטר,ליטרים,2.37,ליטר,false,,32.90,13.8819,true,1,2547278
8007150901623,false,שמן זרעי ענבים 1 ליטר +1/2 ליטר במארז,,,שמן זרעי ענבים 1 ליט,100 מארז,1.00,100 מארז,false,,54.90,54.9000,true,1,1861103
8007150909513,false,קרם בלסמי קלאסי 250,,,קרם בלסמי קלאסי,יחידה,0.00,יחידה,false,,29.90,0.0000,true,1,1499026
8007178120310,false,חומץ בלסמי ד'מודנה Giacobazzi,פטורייה ג'יאקובאזי ס,IT,"חומץ בלסמי 500 מ""ל",מיליליטרים,500.00,"100 מ""ל",false,,19.90,0.0398,true,1,1306994
8007178223547,false,קרם מצומצם עם חומץ בלסמי ממודנה,פארייפאבה אגרואינדוס,IT,קרם בלסמי מצומצם 250,גרמים,250.00,100 גרם,false,,22.90,0.0916,true,1,2261897
8007270999012,false,שמן גרעיני ענבים 1 ל,קוסטה דיאורו,IT,שמן גרעיני ענבים 1 ל,ליטרים,1.00,ליטר,false,,42.90,42.9000,true,1,1486081
8007520013031,false,מעדן לחתול בטעם בשר וצייד 100 גרם,,,מיגלאור פטה בשר צייד,יחידה,0.00,יחידה,false,,6.90,0.0000,true,1,2492980
8007520013062,false,מעדן לחתול בטעם בקר ולב 100 גרם,מיגליאור Miglior,,מיגלאור פטה בקר ולב,גרמים,100.00,100 גרם,false,,6.90,0.0690,true,1,2492982
8007537000543,false,טורטיליה ציפס טבעי 4,,,טורטיליה צ'יפס טבעי,גרמים,450.00,100 גרם,false,,24.90,0.0553,true,1,2152007
8007537005203,false,טורטיליה נאצוס ציפס,,,טורטיליה נאצ'וס צ'יפ,גרמים,450.00,100 גרם,false,,24.90,0.0553,true,1,2162217
8007537005920,false,פרמיום ציפס מלח ים 3,,,פרמיום צ'יפס מלח ים,גרמים,300.00,100 גרם,false,,24.90,0.0830,true,1,2151901
8007537005937,false,פרמיום ציפס פלפל שחו,,,פרמיום צ'יפס פלפל שח,גרמים,300.00,100 גרם,false,,24.90,0.0830,true,1,2151902
8007537006538,false,טורטיליה ציפס תירס כ,,,טורטיליה צ'יפס תירס,גרמים,300.00,100 גרם,false,,24.90,0.0830,true,1,2151907
8007633701818,false,סל כביסה אובלי 60/40,,,סל כביסה אובלי 60/40,יחידה,0.00,יחידה,false,,89.90,0.0000,true,1,2509885
8008245004847,false,ממרח אגוזי לוז וקקאו,נאטקו,IT,ממרח אגוזי לוז וקקאו,גרמים,300.00,100 גרם,false,,14.90,0.0497,true,1,2437157
8008245004861,false,ממרח חלב עם אגוזי לוז 300ג M?venpick,יבואן ומשווק: ש. שסט,IT,ממרח אגוזי לוז עם חל,גרמים,300.00,100 גרם,false,,14.90,0.0497,true,1,2437158
8008343200035,false,פסטה ספגטי Spaghetti,רומו Rummo,,פסטה RUMMO ספגטי 500,גרמים,500.00,100 גרם,false,,6.90,0.0138,true,1,1813242
8008343200134,false,פסטה לינגוויני Linguine,רומו Rummo,,פסטה RUMMO ריגטה 500,גרמים,500.00,100 גרם,false,,6.90,0.0138,true,1,1813243
8008343200424,false,פסטה קונקילי ריגטה Conchiglie rigate,רומו Rummo,,פסטה RUMMO קונקילי ר,גרמים,500.00,100 גרם,false,,6.90,0.0138,true,1,1813228
8008343200486,false,פסטה RUMMO פוזילי 50,רומו Rummo,,פסטה RUMMO פוזילי 50,גרמים,500.00,100 גרם,false,,6.90,0.0138,true,1,1813229
8008343200516,false,פסטה מזי ריגטוני Mezzi rigatoni,רומו Rummo,,פסטה RUMMO מזי ריגטו,גרמים,500.00,100 גרם,false,,6.90,0.0138,true,1,1813230
8008343200547,false,פסטה ריצ'יולי Riccioli,רומו Rummo,,פסטה RUMMO ריציולי 5,גרמים,500.00,100 גרם,false,,6.90,0.0138,true,1,1813997
8008343200660,false,פסטה פנה ריגטה Penne rigate,רומו Rummo,,פסטה RUMMO פנה ריגטה,גרמים,500.00,100 גרם,false,,6.90,0.0138,true,1,1813231
8008343200851,false,פסטה RUMMO פרפלה 500,רומו Rummo,,פסטה RUMMO פרפלה 500,גרמים,500.00,100 גרם,false,,6.90,0.0138,true,1,1813232
8008343200882,false,פסטה קזארצ'ה Casarecce,רומו Rummo,,פסטה RUMMO קזארצה 50,גרמים,500.00,100 גרם,false,,6.90,0.0138,true,1,1813233
8008343201377,false,פסטה רדיאטורי Radiatori,רומו Rummo,,פסטה RUMMO רדיאטורי,גרמים,500.00,100 גרם,false,,6.90,0.0138,true,1,1813246
8008621003280,false,עט לחצן 4 יח,,,עט לחצן 4 יח,יחידה,0.00,יחידה,false,,12.90,0.0000,true,1,2342221
8008660210014,false,מעדן פרי משמש 100% רכיבי פרי,קריניציה ויטמינה אס,IT,מעדן משמש,גרמים,320.00,100 גרם,false,,12.90,0.0403,true,1,1635425
8008660210021,false,מעדן פרי דובדבן 100% רכיבי פרי,שוורצקוף& הנקל דיסלד,IT,מעדן דובדבן,גרמים,320.00,100 גרם,false,,12.90,0.0403,true,1,1635426
8008660210038,false,מעדן פרי תות שדה 100% רכיבי פרי,קריניציה ויטמינה אס,IT,מעדן תות שדה,גרמים,320.00,100 גרם,false,,12.90,0.0403,true,1,1635427
8008660210045,false,מעדן פרי פירות יער 100% רכיבי פרי,שוורצקוף& הנקל דיסלד,IT,מעדן פירות יער,גרמים,320.00,100 גרם,false,,12.90,0.0403,true,1,1635418
8008660210052,false,מעדן פרי תפוז 100% רכיבי פרי,מנז אנד גאסר Menz&Gasser,IT,מעדן פרי תפוז 320 גר,גרמים,320.00,100 גרם,false,,12.90,0.0403,true,1,2180188
8008698002049,false,קרקרים עגולים ללא גלוטן,ס.ר.ל פוסטל,IT,קרקרים עגולים 175,גרמים,175.00,100 גרם,false,,24.90,0.1423,true,1,1350698
8008698003503,false,קרקרים מלבנים ללא גלוטן,"דר שר ס.ר.ל פוסטל, א",IT,קרקרים 210 מלבניים,גרמים,210.00,100 גרם,false,,28.90,0.1376,true,1,1350703
8008698004548,false,שר ביסקוויט בציפוי קרם שוקולד חלב ללא גלוטן 150 גר',שר Schar,,ביסקווטים בציפוי קרם,גרמים,150.00,100 גרם,false,,16.90,0.1127,true,1,1487784
8008698004630,false,עוגיות ממולאות קרם קקאו ללא גלוטן,ס.ר.ל פוסטל,DE,עוגיות דבל שוקולד,גרמים,250.00,100 גרם,false,,24.90,0.0996,true,1,1350706
8008698004807,false,תערובת קמחים לאפיית,ס.ר.ל פוסטל,AT,"קמח B ד""ר שר 1 ק""ג",קילוגרמים,1.00,"ק""ג",false,,29.90,29.9000,true,1,1350707
8008698004852,false,תערובת על בסיס עמילן תירס להכנת מאפה,שר Schar,,תערובת קמחים לאפיית,קילוגרמים,1.00,"ק""ג",false,,29.90,29.9000,true,1,1388645
8008698005231,false,עוגיות סנדוויץ בטעם שוקולד ממולאות קרם חלב ללא גלוט,שר Schar,IT,עוגיות שוקולד,גרמים,165.00,100 גרם,false,,19.90,0.1206,true,1,2425300
8008698005347,false,ביסקוטי עם שוקולד מריר ללא גלוטן,שר Schar,IT,ביסקוויט שוקולד,גרמים,150.00,100 גרם,false,,14.90,0.0993,true,1,2425301
8008698008157,false,שר עוגיות שוקולד במילוי קרם שמנת ללא גלוטן 100 גר',דר שר ס.ר.ל פוסטל,IT,עוגיות דבל וניל,גרמים,100.00,100 גרם,false,,13.90,0.1390,true,1,1350708
8008698010358,false,תערובת על בסיס קמח אורז,שר Schar,IT,מיקס IT תערובת קמחים,גרמים,500.00,100 גרם,false,,15.90,0.0318,true,1,1487777
8008698012857,false,פתי בר חמאה ללא גלוט,שר Schar,IT,פתי בר חמאה ללא גלוט,גרמים,165.00,100 גרם,false,,18.90,0.1145,true,1,1350712
8008698013021,false,עוגיות ללא גלוטן עם שבבי שוקולד מריר,דר שר פוסטל,IT,עוגיות שוקולד צ'פס פ,גרמים,100.00,100 גרם,false,,12.90,0.1290,true,1,1487786
8008743002536,false,שוקולד מטבעות ברשת 5,,,שוקולד מטבעות ברשת 5,גרמים,50.00,100 גרם,false,,4.90,0.0980,true,1,2378824
8008743005766,false,פרלין זהב אגוז 1 קג,,,פרלין זהב אגוז 1 קג,גרמים,1000.00,100 גרם,false,,49.90,0.0499,true,1,2372973
8008743005803,false,שוקולד ורוד תכלת 1 ק,,,שוקולד ורוד תכלת 1 ק,גרמים,1000.00,100 גרם,false,,49.90,0.0499,true,1,2372974
8008743030713,false,שוקולד כדורגל ברשת 1,,,שוקולד כדורגל ברשת 1,גרמים,100.00,100 גרם,false,,9.90,0.0990,true,1,2544984
8008743035633,false,שוקולד חיפושיות ברשת,,,שוקולד חיפושיות ברשת,גרמים,100.00,100 גרם,false,,9.90,0.0990,true,1,2378825
8008743036609,false,שוקולד מכוניות ברשת,,,שוקולד מכוניות ברשת,גרמים,100.00,100 גרם,false,,9.90,0.0990,true,1,2434961
8008743037897,false,לבבות שוקולד ברשת 100 ג',,,שוקולד לבבות ברשת 10,גרמים,100.00,100 גרם,false,,9.90,0.0990,true,1,2378826
8008743045366,false,פרלין חצי חצי אגוז,,,פרלין חצי חצי אגוז,גרמים,1000.00,100 גרם,false,,49.90,0.0499,true,1,2372982
8008743047346,false,פרלין צבעי פסטל 1 קג,,,פרלין צבעי פסטל 1 קג,גרמים,1000.00,100 גרם,false,,49.90,0.0499,true,1,2372984
8008743048176,false,פרלין צבעי לבן זהב ו,,,פרלין צבעי לבן זהב ו,גרמים,1000.00,100 גרם,false,,49.90,0.0499,true,1,2545003
8008743048190,false,פרלין צבע סגול במילו,,,פרלין צבע סגול במילו,גרמים,1000.00,100 גרם,false,,49.90,0.0499,true,1,2545005
8008743048695,false,שוקולד דובים ברשת 10,,,שוקולד דובים ברשת 10,גרמים,100.00,100 גרם,false,,9.90,0.0990,true,1,2544987
8008743049166,false,פרלין מריר 72% קרמל,,,פרלין מריר 72% קרמל,גרמים,1000.00,100 גרם,false,,49.90,0.0499,true,1,2545006
8008743146384,false,פרלין מריר 1קג,,,פרלין מריר 1קג,גרמים,1000.00,100 גרם,false,,49.90,0.0499,true,1,2372985
8008743205845,false,פרלין כסף 1קג,,,פרלין כסף 1קג,גרמים,1000.00,100 גרם,false,,49.90,0.0499,true,1,2372986
8008743304852,false,פרלין ורוד 1קג,,,פרלין ורוד 1קג,גרמים,1000.00,100 גרם,false,,49.90,0.0499,true,1,2372987
8008743505815,false,פרלין אדום 1קג,,,פרלין אדום 1קג,גרמים,1000.00,100 גרם,false,,49.90,0.0499,true,1,2372990
8008857500003,false,רג'יה פסטה 609 אטריות עגולות דקות 500ג,פסטה רג'יה Pasta Reggia,,אטריות דקות,גרמים,500.00,100 גרם,false,,7.90,0.0158,true,1,1339834
8008857601052,false,פסטה לזניה דפים רג'יה 500ג',פסטה רג'יה Pasta Reggia,,דפי לזניה 500 גרם,גרמים,500.00,100 גרם,false,,9.90,0.0198,true,1,2042968
8008857601090,false,פסטה קנלוני רג'יה 250 גר',פסטה רג'יה Pasta Reggia,,קנלוני 250 גרם.,גרמים,250.00,100 גרם,false,,7.90,0.0316,true,1,2054206
8008912010034,false,ספגטי ליגורי 500 גר',,,פסטה פרפלה,גרמים,500.00,100 גרם,false,,7.90,0.0158,true,1,2473366
8008912010072,false,ספגטי לינגוויני 500ג ליגורי,,,פסטה פרפלה,גרמים,500.00,100 גרם,false,,7.90,0.0158,true,1,2473367
8008912010270,false,פסטה קסרצ'ה 500ג ליגורי,ליגורי LIGUORI,,פסטה קסרצ'ה,גרמים,500.00,100 גרם,false,,7.90,0.0158,true,1,2473368
8008912010300,false,פסטה פרפלה ליגורי 500 גר',ליגורי LIGUORI,,פסטה פרפלה,גרמים,500.00,100 גרם,false,,7.90,0.0158,true,1,2473369
8008912010317,false,פסטה פוזלי ליגורי 500 גר',,,פסטה פוזילי,גרמים,500.00,100 גרם,false,,7.90,0.0158,true,1,2473370
8008912010331,false,פסטה ניוקטי סרדי בצורת קונכיות מס' 33,ליגורי LIGUORI,,פסטה בצורת קונכיות,גרמים,500.00,100 גרם,false,,7.90,0.0158,true,1,2473371
8008912010423,false,פסטה פנה ריגטה 500 ג ליגורי,ליגורי LIGUORI,,פסטה פנה,גרמים,500.00,100 גרם,false,,7.90,0.0158,true,1,2473372
8008990006004,false,ספוג רחצה עדין שיש א,אריקס Arix,IT,אקווה ספוג רחצה עדין שיש,יחידה,0.00,יחידה,false,,9.90,0.0000,true,1,1361608
8008990006011,false,ספוג אקווה עדין צבעו,אריקס Arix,IT,אקווה ספוג עדין צבעוני של,יחידה,0.00,יחידה,false,,9.90,0.0000,true,1,1361609
8008990095831,false,ספוג רשת היפואלרגני,אריקס Arix,IT,אקווה ספוג רשת היפולארגני,יחידה,0.00,יחידה,false,,19.90,0.0000,true,1,1361619
8009404201374,false,סיר לילה - לבן,,,סיר לילה - לבן,יחידה,0.00,יחידה,false,,22.90,0.0000,true,1,2490573
8009404711033,false,מייבש סכום + מגש,,,מייבש סכום + מגש,יחידה,0.00,יחידה,false,,14.90,0.0000,true,1,2490586
8009470009225,false,סימבה מעדן לחתול עוף 100 ג',,,סימבה מעדן פטה 100 ג,גרמים,100.00,100 גרם,false,,3.90,0.0390,true,1,1670907
8009470009232,false,מעדן לחתול דג 100 ג' סימבה,,,סימבה מעדן פטה 100 ג,גרמים,100.00,100 גרם,false,,3.90,0.0390,true,1,1670908
8009470009812,false,"סימבה מזון לכלבים בטעם עוף 4 ק""ג",אמ.או.אן.ג'י.אי.אמונ,IT,סימבה מזון יבש לכלב,קילוגרמים,4.00,"ק""ג",false,,49.90,12.4750,true,1,1679727
8009915000039,false,פסטה תירס קפיליני ללא גלוטן,לה וואניציאני La Venezian,,פסטה קפילינ ללא גלוט,גרמים,250.00,100 גרם,false,,14.90,0.0596,true,1,1352766
8009915000282,false,פסטה פטוציני ללא גלו,,,פסטה פטוציני ללא גלו,גרמים,250.00,100 גרם,false,,14.90,0.0596,true,1,1352767
8009915000367,false,פסטה אנליני ללא גלוט,,,פסטה אנליני ללא גלוט,גרמים,250.00,100 גרם,false,,14.90,0.0596,true,1,1352768
8009915000374,false,פסטה דיטאליני ללא גל,,,פסטה דיטאליני ללא גל,גרמים,250.00,100 גרם,false,,14.90,0.0596,true,1,1352769
8009915000701,false,פסטה תירס ריגוטיני ללא גלוטן,לה וואניציאני La Venezian,,פסטה ריגטוני ללא גלו,גרמים,250.00,100 גרם,false,,14.90,0.0596,true,1,1352770
8009915001227,false,פסטה תירס פנה ללא גלוטן,לה וואניציאני La Venezian,,פסטה פנה ללא גלוטן,גרמים,250.00,100 גרם,false,,14.90,0.0596,true,1,1352771
8009915001340,false,פסטה תירס אליקה ללא גלוטן,לה וואניציאני La Venezian,,פסטה אליקה ללא גלוטן,גרמים,250.00,100 גרם,false,,14.90,0.0596,true,1,1352772
8009915002064,false,פסטה ניוקי ללא גלוטן,,,פסטה ניוקי ללא גלוטן,גרמים,250.00,100 גרם,false,,14.90,0.0596,true,1,1352773
8009915004150,false,ביסקוויט קמח תירס שו,מולינו דה פירו,IT,ביסקוויט מקמח תירס ש,גרמים,250.00,100 גרם,false,,14.90,0.0596,true,1,2151917
8009915004167,false,ביסקוויט מקמח תירס ק,מולים די פיירו ס.פ.א,IT,ביסקוויט מקמח תירס ב,גרמים,250.00,100 גרם,false,,14.90,0.0596,true,1,2151918
8009915004204,false,ביסקוויט מקמח תירס ק,מולינו דה פירו,IT,ביסקוויט מקמח תירס ק,גרמים,300.00,100 גרם,false,,14.90,0.0497,true,1,2151919
8010024006003,false,חמאת שקדים השקד 100%,,,חמאת שקדים 100% שקד,גרמים,250.00,100 גרם,false,,29.90,0.1196,true,1,1486264
8010024006010,false,חמאת שקדים השקד 100%,תות תעשיות מזון (201,IT,חמאת שקדים 100% שקד,גרמים,350.00,100 גרם,false,,39.90,0.1140,true,1,1486265
8013183106225,false,קופסת סי 2 ליטר,,,קופסת סי 2 ליטר,יחידה,0.00,יחידה,false,,16.90,0.0000,true,1,2266479
8013399145278,false,סוכריות ג'לי בטעם ליקריץ ללא תוספת סוכר,דיאטורל Dietorelle,IT,סט.דיטורל ליקורי רך 70ג,גרמים,70.00,100 גרם,false,,7.90,0.1129,true,1,1309273
8013399145315,false,סוכריות ג'לי ללא סוכר בטעם תות,דיאטורל Dietorelle,IT,סט.דיטורל תות שקית רך 70ג,גרמים,70.00,100 גרם,false,,7.90,0.1129,true,1,1309275
8017070766530,false,קרקר סקיני עם רוזמרי,,,קרקר סקיני עם רוזמרי,גרמים,150.00,100 גרם,false,,9.90,0.0660,true,1,2548938
8017070766554,false,קרקר סקיני קלאסי,,,קרקר סקיני קלאסי,גרמים,150.00,100 גרם,false,,9.90,0.0660,true,1,2548939
8017070766578,false,קרקר סקיני עגב+אורגנ,,,קרקר סקיני עגב+אורגנ,גרמים,150.00,100 גרם,false,,9.90,0.0660,true,1,2548940
8017938005122,false,חומץ תפוחים אורגני 7,מריה לוצ'יה מלצ'יורי,IT,"חומץ תפוחים 750 מ""ל",מיליליטרים,750.00,"100 מ""ל",false,,18.90,0.0252,true,1,1486022
8017938005764,false,מיץ תפוחים אורגני 100% טבעי,לוצ'ה מריה,IT,מיץ תפוחים אורגני 10,ליטרים,1.00,ליטר,false,,18.90,18.9000,true,1,1486323
8019428000105,false,משקה שיבולת שועל אור,,,משקה שיבולת שועל אור,ליטרים,1.00,ליטר,false,,14.90,14.9000,true,1,1352797
8019428005001,false,תחליף שמנת לבישול על,,,תחליף שמנת לבישול על,מיליליטרים,200.00,"100 מ""ל",false,,9.90,0.0495,true,1,2151922
8019428007173,false,משקה אורז אורגני קוק,,,משקה אורז אורגני בתו,ליטרים,1.00,ליטר,false,,16.90,16.9000,true,1,1352801
8019428007449,false,משקה שקדים 6% טהור,,,משקה שקדים 6% טהור,ליטרים,1.00,ליטר,false,,18.90,18.9000,true,1,2151926
8019428009085,false,מעדן אורז אורגני שוק,The Bridge S.R.L,IT,מעדן אורז אורגני שוק,גרמים,260.00,100 גרם,false,,11.90,0.0458,true,1,2513716
8019428009108,false,מעדן שיבולת שועל אור,דה ברידג' ס.ר.ל,IT,מעדן אורז שיבולת שוא,גרמים,260.00,100 גרם,false,,11.90,0.0458,true,1,2513723
8021228902442,false,רביולי (ללא גלוטן)במ,,,רביולי (ללא גלוטן)במ,גרמים,250.00,100 גרם,false,,29.90,0.1196,true,1,2507298
8023678161363,false,משקה שיבולת שועל אורגני,איזולה ביו Isola Bio,IT,משקה שבלת שועל טבעי,ליטרים,1.00,ליטר,false,,9.90,9.9000,true,1,1395915
8023678161387,false,משקה סויה אורגני 1 ל,איזולה ביו Isola Bio,,משקה סויה אורגני 1 ל,ליטרים,1.00,ליטר,false,,9.90,9.9000,true,1,1395916
8023678162360,false,משקה שקדים טבעי אורגני,איזולה ביו Isola Bio,,משקה שקדים טבעי אורג,ליטרים,1.00,ליטר,false,,14.90,14.9000,true,1,1395917
8023678164517,false,משקה שקדים טבעי ללא סוכר אורגני,איזולה ביו Isola Bio,,משקה שקדים ללא תוספת,ליטרים,1.00,ליטר,false,,14.90,14.9000,true,1,2322007
8023678728269,false,משקה קוקוס אורגני 1,איזולה ביו Isola Bio,,משקה קוקוס אורגני 1,ליטרים,1.00,ליטר,false,,14.90,14.9000,true,1,2402450
8024985000079,false,מחית תפוח משמש אורגנ,נטורה נובה,IT,מחית תפוח משמש אורגנ,גרמים,200.00,100 גרם,false,,9.90,0.0495,true,1,1486162
8024985000086,false,מחית תפוח בננה אורגנ,"נטורפוד בע""מ",IT,מחית תפוח בננה אורגנ,גרמים,200.00,100 גרם,false,,9.90,0.0495,true,1,1486163
8024985000093,false,מחית תפוח שזיף אורגנ,"נטורפוד בע""מ",IT,מחית תפוח שזיף אורגנ,גרמים,200.00,100 גרם,false,,9.90,0.0495,true,1,1486164
8024985000116,false,מחית אוכמניות אורגני,"נטורפוד בע""מ",IT,מחית אוכמניות אורגני,גרמים,200.00,100 גרם,false,,9.90,0.0495,true,1,1486166
8024985003988,false,סמוצ'י בטעם תפוח בננה אורגני,נטורה נובה Natura Nuova,IT,מחית סמוזי תפוח בננה,גרמים,100.00,100 גרם,false,,5.90,0.0590,true,1,1486221
8024985004299,false,סמוזי נטורה נובה אגס,,,סמוט'י פירות אדומים+,גרמים,400.00,100 גרם,false,,18.90,0.0472,true,1,1486223
8024985004695,false,סמוזי נטורה נובה בננ,נטורה נובה,IT,מחית סמוזי בננה רביע,גרמים,400.00,100 גרם,false,,18.90,0.0472,true,1,1486225
8024985005296,false,סמוזי נטורה נובה אגס,,,מחית סמוזי אגס בננה,גרמים,120.00,100 גרם,false,,6.90,0.0575,true,1,1973477
8024985008037,false,סמוזי נטורה נובה תפו,"נטורפוד בע""מ",IT,מחית סמוזי תפוח 100,גרמים,100.00,100 גרם,false,,5.90,0.0590,true,1,1486167
8024985008044,false,סמוזי נטורה נובה אגס,"נטורפוד בע""מ",IT,מחית סמוזי אגס אורגנ,גרמים,100.00,100 גרם,false,,5.90,0.0590,true,1,1486168
8024985008051,false,סמוצ'י בטעם פירות אדומים,נטורה נובה Natura Nuova,IT,מחית סמוזי פירות אדו,גרמים,100.00,100 גרם,false,,5.90,0.0590,true,1,1486169
8025358011654,false,מצית להבה קמפינג בתצ,,,מצית להבה קמפינג בתצ,יחידה,0.00,יחידה,false,,9.90,0.0000,true,1,2458231
8025358602265,false,צנצנת רונדו סטיל,,,צנצנת רונדו סטיל,יחידה,0.00,יחידה,false,,14.90,0.0000,true,1,2397728
8025358603156,false,מלחיית תבלינים,,,מלחיית תבלינים,יחידה,0.00,יחידה,false,,9.90,0.0000,true,1,2408140
8025358609639,false,תבנית אפיה,,,תבנית אפיה,יחידה,0.00,יחידה,false,,9.90,0.0000,true,1,2397735
8025358613377,false,מלקחיים ללחם נירוסטה,,,מלקחיים ללחם נירוסטה,יחידה,0.00,יחידה,false,,7.90,0.0000,true,1,2514207
8025358613889,false,צנצנת רונדו סטיל,,,צנצנת רונדו סטיל,יחידה,0.00,יחידה,false,,12.90,0.0000,true,1,2397749
8025358613896,false,צנצנת רונדו סטיל,,,צנצנת רונדו סטיל,יחידה,0.00,יחידה,false,,9.90,0.0000,true,1,2397750
8025358616842,false,מתלה לכיור סיליקון,,,מתלה לכיור סיליקון,יחידה,0.00,יחידה,false,,12.90,0.0000,true,1,2514208
8025358616866,false,אלמוגית סקוטש,,,אלמוגית סקוטש,יחידה,0.00,יחידה,false,,14.90,0.0000,true,1,2514209
8025358616873,false,דיספנסר זכוכית 475 מ,,,דיספנסר זכוכית 475 מ,יחידה,0.00,יחידה,false,,34.90,0.0000,true,1,2514210
8025358616897,false,מברשת ספוג לניקוי בק,,,מברשת ספוג לניקוי בק,יחידה,0.00,יחידה,false,,12.90,0.0000,true,1,2514212
8025358629064,false,סט 6 שיפודים עבים 45,,,סט 6 שיפודים עבים 45,יחידה,0.00,יחידה,false,,24.90,0.0000,true,1,2458239
8025358630695,false,אלמוגית פסים כפולה A,,,אלמוגית פסים כפולה A,יחידה,0.00,יחידה,false,,19.90,0.0000,true,1,2514213
8025358630701,false,אלמוגית בקבוק שקופה,,,אלמוגית בקבוק שקופה,יחידה,0.00,יחידה,false,,24.90,0.0000,true,1,2514214
8025358630800,false,חותך בצק נירוסטה,,,חותך בצק נירוסטה,יחידה,0.00,יחידה,false,,24.90,0.0000,true,1,2514216
8025358632446,false,צנצנת בורו 0.60 לט',,,צנצנת בורו 0.60 לט',יחידה,0.00,יחידה,false,,19.90,0.0000,true,1,2458240
8025358635980,false,סיליסקוטש - כרית קרצ,,,סיליסקוטש - כרית קרצ,יחידה,0.00,יחידה,false,,9.90,0.0000,true,1,2397773
8025358636154,false,סט קליפס מגנט,,,סט קליפס מגנט,יחידה,0.00,יחידה,false,,9.90,0.0000,true,1,2397774
8025358638080,false,קערת ערבוב עמוקה ניר,,,קערת ערבוב עמוקה ניר,יחידה,0.00,יחידה,false,,14.90,0.0000,true,1,2397778
8025358638097,false,קערת ערבוב עמוקה ניר,,,קערת ערבוב עמוקה ניר,יחידה,0.00,יחידה,false,,12.90,0.0000,true,1,2397779
8025358638219,false,מלחיה גדולה נירוסטה,,,מלחיה גדולה נירוסטה,יחידה,0.00,יחידה,false,,12.90,0.0000,true,1,2397790
8031842014858,false,תחתון 1485,,,תחתון 1485,יחידה,0.00,יחידה,false,,34.90,0.0000,true,1,2395098
8031842070021,false,שלישיית תחתונים 7002,,,שלישיית תחתונים 7002,יחידה,0.00,יחידה,false,,69.90,0.0000,true,1,2393909
8032523530452,false,ממרח פיסטוק 200 גר,,,ממרח פיסטוק,גרמים,200.00,100 גרם,false,,34.90,0.1745,true,1,2513700
8032523531015,false,ממרח פסטו פיסטוק אלת,,,ממרח פסטו פיסטוק,גרמים,190.00,100 גרם,false,,41.90,0.2205,true,1,2513706
8032523531299,false,ממרח קקאו עם אגוזי ל,,,ממרח קקאו אגוזי לוז,גרמים,200.00,100 גרם,false,,29.90,0.1495,true,1,2513707
8032793344292,false,עגבניות חתוכות דק בק,פומי Pomi,,עגבניות מרוסקות,גרמים,750.00,100 גרם,false,,13.90,0.0185,true,1,2404923
8032793344520,false,תרכיז עגבניות רסק עגבניות מרוכז מאוד,פומי Pomi,,תרכיז עגבניות מרוכז,גרמים,200.00,100 גרם,false,,7.90,0.0395,true,1,2431596
8032804430440,false,אטריות כוסמת אורגניות ללא גלוטן,אף.סי תבליני בגליל ב,IT,ספגטי כוסמת אורגני-פ,גרמים,400.00,100 גרם,false,,18.90,0.0472,true,1,1973433
8032804430501,false,אטריות פוזילי אפונה ירוקה ללא גלוטן,אף.סי תבליני בגליל ב,IT,פוזילי אפונה ירוקה 2,גרמים,250.00,100 גרם,false,,12.90,0.0516,true,1,1486349
8032804431287,false,אטריות אורז מלא אורגניות ללא גלוטן,פליסיה Felicia Bio,,ספגטי אורז מלא אורגנ,גרמים,400.00,100 גרם,false,,12.90,0.0323,true,1,1486227
8032804432000,false,אטריות פנה כוסמת אורגני,פליסיה Felicia Bio,,פסטה פנה כוסמת אורגנ,גרמים,340.00,100 גרם,false,,14.90,0.0438,true,1,1973434
8032804432017,false,אטריות פוזילי כוסמת ללא גלוטן,פליסיה Felicia Bio,,פסטה פוזילי כוסמת או,גרמים,340.00,100 גרם,false,,14.90,0.0438,true,1,1973435
8032804432024,false,דפי לזניה אורז-תירס אורגנית ללא גלוטן,פליסיה Felicia Bio,,לזנייה אורז תירס אור,גרמים,250.00,100 גרם,false,,17.90,0.0716,true,1,1486228
8032804432031,false,פסטה פליסיה פנה אורז,,,פנה אורז מלא אורגני,גרמים,400.00,100 גרם,false,,11.90,0.0298,true,1,1486229
8032804435636,false,אטריות פוזילי אורגניות 4 דגנים ללא גלוטן,פליסיה Felicia Bio,,פוזלי 4 דגנים אורגני,גרמים,340.00,100 גרם,false,,16.90,0.0497,true,1,1486372
8032804435643,false,אטריות פוזילי אורז מלא,פליסיה Felicia Bio,,פוזילי אורז מלא אורג,גרמים,340.00,100 גרם,false,,11.90,0.0350,true,1,1486373
8032880800243,false,פיקניק הפתעה 50 גרם-איגוד רבנים,"הוסטה איטליה, ס.ר.ל.",IT,פיקניק הפתעה 50 גרם,גרמים,50.00,100 גרם,false,,5.00,0.1000,true,1,1326647
8033020445973,false,קמח 00 Antigrumi לכל,פיווטי Pivetti,IT,קמח 00 Antigrumi לכל,גרמים,1000.00,100 גרם,false,,6.90,0.0069,true,1,2486383
8033020446000,false,"קמח איטלקי לפיצה ופוקצה 1 ק""ג 00 PIVETTI",פיווטי Pivetti,IT,קמח איטלקי לפיצה ופו,גרמים,1000.00,100 גרם,false,,9.90,0.0099,true,1,2486385
8033413430050,false,קרם ליקר לימונצלו וי,וילה מסה,,ליקר לימונצ'לו 700 מ,מיליליטרים,700.00,"100 מ""ל",false,,99.00,0.1414,true,1,2486049
8033413430708,false,ליקר למונצ'ילו וילה מסה,וילה מסה,,ליקר לימונצ'לו 700 מ,מיליליטרים,700.00,"100 מ""ל",false,,94.90,0.1356,true,1,1406718
8052440756216,false,שמן חמניות אורגני נט,תות תעשיות מזון (201,IT,שמן חמניות אורגני 1,ליטרים,1.00,ליטר,false,,32.90,32.9000,true,1,1486102
8052440756315,false,שמן קנולה אורגני נטו,תות תעשיות מזון (201,IT,שמן קנולה אורגני 1 ל,ליטרים,1.00,ליטר,false,,32.90,32.9000,true,1,1486103
8076800195019,false,ברילה - צ.א ספגטי מס1 קפליני 500 גרם,ברילה גי.אי.אר פרטלי,IT,ברילה צ.א ספגטי מס1 קפלינ,גרמים,500.00,100 גרם,false,,7.90,0.0158,true,1,1339131
8076800195033,false,ברילה - צ.א ספגטיני מס3 חדש 500 גרם,ברילה גי.אי.אר פרטלי,IT,ברילה צ.א ספגטי מס3 500 ג,גרמים,500.00,100 גרם,false,,7.90,0.0158,true,1,1339132
8076800195057,false,ברילה - צ.א ספגטי מס5 חדש 500 גרם,ברילה גי.אי.אר פרטלי,IT,ברילה צ.א ספגטי מס5 500 ג,גרמים,500.00,100 גרם,false,,7.90,0.0158,true,1,1339133
8076800195132,false,ברילה - צ.א בבטה מס13 500 גרם,ברילה גי.אי.אר פרטלי,IT,ברילה צ.א בבטה מס13 500 ג,גרמים,500.00,100 גרם,false,,7.90,0.0158,true,1,1339134
8076800315097,false,ברילה - צ.א בוקטיני מס9 500 גרם,ברילה גי.אי.אר פרטלי,IT,ברילה צ.א בוקטיני מס9 500,גרמים,500.00,100 גרם,false,,7.90,0.0158,true,1,1339135
8076802085738,false,ברילה - צ.ק פנה רגטה חדש 500 גרם,ברילה גי.אי.אר פרטלי,IT,ברילה צ.ק פנה רגטה מס73 5,גרמים,500.00,100 גרם,false,,7.90,0.0158,true,1,1339137
8076802085837,false,ברילה - צ.ק טורטליוני מס83 500 גרם,הנסיך- מפעל לייצור ט,IT,ברילה צ.ק טורטליוני מס83,גרמים,500.00,100 גרם,false,,7.90,0.0158,true,1,1339138
8076802085936,false,ברילה פסטה צ.ק. קונצילה ריגטה חדש,ברילה גי.אי.אר פרטלי,IT,ברילה צ.ק קונצילה ריגטה מ,גרמים,500.00,100 גרם,false,,7.90,0.0158,true,1,1339139
8076802085981,false,ברילה - צ.ק פוזילי חדש 500 גרם,ברילה גי.אי.אר פרטלי,IT,ברילה צ.ק פוזילי מס98 500,גרמים,500.00,100 גרם,false,,7.90,0.0158,true,1,1339140
8076808050440,false,ברילה פסטה מקרוני מס 44 500 גר,ברילה Barilla,IT,ברילה צ.ק מקרוני מס44 500,גרמים,500.00,100 גרם,false,,7.90,0.0158,true,1,1339142
8076808060654,false,ברילה - צ.ק פרפלה חדש 500 גרם,ברילה גי.אי.אר פרטלי,IT,ברילה צ.ק פרפלה מס65 500,גרמים,500.00,100 גרם,false,,7.90,0.0158,true,1,1339143
8076808150072,false,ברילה - צ.א ספגטוני מס7 חדש 500 גרם,ברילה גי.אי.אר פרטלי,IT,ברילה צ.א ספגטי מס7 500 ג,גרמים,500.00,100 גרם,false,,7.90,0.0158,true,1,1339145
8076809501415,false,ברילה פנה טריקולור מס' 78 500גר,ברילה Barilla,IT,ברילה צ.ק מצה פנה טרקולור,גרמים,500.00,100 גרם,false,,11.90,0.0238,true,1,1339146
8076809512268,false,ברילה - צ.ק גירנדולה חדש 500 גרם,ברילה גי.אי.אר פרטלי,IT,ברילה צ.ק גירנדולה מס34 5,גרמים,500.00,100 גרם,false,,7.90,0.0158,true,1,1339147
8076809513388,false,ברילה - רוטב ארביאטה 400 גרם,ברילה גי.אי.אר פרטלי,IT,ברילה רוטב ארביאטה 400 ג,גרמים,400.00,100 גרם,false,,13.90,0.0348,true,1,1339148
8076809513395,false,רוטב פסטה ברילה פורמודרו 400ג',ברילה גי.אי.אר פרטלי,IT,ברילה רוטב פומודורו 400 ג,גרמים,400.00,100 גרם,false,,13.90,0.0348,true,1,1339149
8076809513654,false,בסיס רוטב עגבניות לבולונז 400 ג' ברילה,ברילה גי.אי.אר פרטלי,IT,ברילה בסיס לבולונז 400 גר,גרמים,400.00,100 גרם,false,,13.90,0.0348,true,1,1339150
8076809513692,false,רוטב פסטה ברילה נפוליטנה 400ג',ברילה גי.אי.אר פרטלי,IT,ברילה רוטב נפולטנה 400 גר,גרמים,400.00,100 גרם,false,,13.90,0.0348,true,1,1339151
8076809513739,false,רוטב פסטה ברילה בזיליקום 400 ג',ברילה גי.אי.אר פרטלי,IT,ברילה רוטב בזיליקום 400 ג,גרמים,400.00,100 גרם,false,,13.90,0.0348,true,1,1339152
8076809514774,false,ברילה איטריות ביצים פפרדלה 250ג',ברילה גי.אי.אר פרטלי,IT,ברילה צ.מ פפרדלה ביצים 25,גרמים,250.00,100 גרם,false,,14.90,0.0596,true,1,1339153
8076809523561,false,רוטב עגבניות עם עשבי תיבול 400 ג' ברילה,ברילה גי.אי.אר פרטלי,IT,ברילה רוטב פסטה בטעם טוסק,גרמים,400.00,100 גרם,false,,13.90,0.0348,true,1,1339155
8076809523714,false,"פסטה ברילה טליאטלה, 500 ג'","ש. שסטוביץ בע""מ",IT,ברילה צ.מ טליאטלה 500 גרם,גרמים,500.00,100 גרם,false,,17.90,0.0358,true,1,1339157
8076809523738,false,פסטה ברילה לזניה 500ג',ברילה גי.אי.אר פרטלי,IT,ברילה צ.מ לזניה 500 גרם,גרמים,500.00,100 גרם,false,,17.90,0.0358,true,1,1339158
8076809529419,false,ספגטי מחיטה מלאה מס' 5 500 ג' ברילה,ברילה גי. אי. אר פרט,IT,ברילה פ. חיטה מלאה ספגטי,גרמים,500.00,100 גרם,false,,12.90,0.0258,true,1,1339159
8076809529433,false,ברילה פנטה רגטה מחיטה מלאה 500ג',"ש. שסטוביץ בע""מ",IT,ברילה פ.חיטה מלאה ק. פנה,גרמים,500.00,100 גרם,false,,12.90,0.0258,true,1,1339160
8076809545440,false,אטריות ללא גלוטין ברילה 400ג',ברילה ג'.אי.אר פרטלי,IT,איטריות ללא גלוטן 40,גרמים,400.00,100 גרם,false,,14.90,0.0373,true,1,1399407
8076809545457,false,פסטה צינורות ללא גלוטין ברילה 400ג',ברילה ג'.אי.אר פרטלי,IT,פסטה ללא גלוטן 400 ג,גרמים,400.00,100 גרם,false,,14.90,0.0373,true,1,1399408
8076809545464,false,פסטה ספירלי ללא גלוטין ברילה 400ג',מולינו אנדריאני אס.א,IT,פסטה ללא גלוטן 400 ג,גרמים,400.00,100 גרם,false,,14.90,0.0373,true,1,1399409
8076809547956,false,ברילה - צ.ק קיפרי 500 גרם,ברילה ג'.אי.אר פרטלי,IT,ברילה ספגטי קיפרי 50,גרמים,500.00,100 גרם,false,,7.90,0.0158,true,1,2399085
8076809576352,false,ברילה לזניה ללא גלוטן 250 ג',ברילה גי.אי.אר פרטלי,IT,ברילה לזניה ללא גלוט,גרמים,250.00,100 גרם,false,,19.90,0.0796,true,1,2459977
8076809578998,false,ברילה - צ.ק. סטלינה 500 גרם,ברילה Barilla,,ספגטי סטלינה מס 27 -,גרמים,500.00,100 גרם,false,,7.90,0.0158,true,1,2462107
8076809580496,false,פסטה פפירי 450 ג' ברילה,BARILLA,IT,ברילה צ.מ פפירי 450,גרמים,450.00,100 גרם,false,,11.90,0.0264,true,1,2481652
8121300206946,false,ממתיק סיטיביה טרוביה 80 שקיות אישיות,טרוביה Truvia,,טרוביה סטיביה ממתיק,גרמים,80.00,100 גרם,false,,29.90,0.3737,true,1,2383864
8121300207004,false,טרוביה - סטיביה ממתיק בצנצנת 270 גרם,טרוביה Truvia,,טרוביה סטיביה ממתיק,גרמים,270.00,100 גרם,false,,32.90,0.1219,true,1,2383865
8121300208780,false,תחליף סוכר לכל מטרה 360 ג' טרוביה,טרוביה Truvia,,טרוביה תחליף סוכר לכ,גרמים,360.00,100 גרם,false,,24.90,0.0692,true,1,2543542
8121300209466,false,תחליף סוכר חום 320 ג' טרוביה,טרוביה Truvia,,טרוביה תחליף סוכר חו,גרמים,320.00,100 גרם,false,,24.90,0.0778,true,1,2543523
8174780143676,false,תמצית טבעית בטעם ברנ,,,תמצית טבעית בטעם ברנ,מיליליטרים,29.00,"100 מ""ל",false,,29.90,1.0310,true,1,1364069
8174780173512,false,תמצית וניל טבעית,,,תמצית וניל טבעית,מיליליטרים,29.00,"100 מ""ל",false,,29.90,1.0310,true,1,1857825
8174780173680,false,תמצית וניל טבעית,,,תמצית וניל טבעית,מיליליטרים,59.00,"100 מ""ל",false,,59.90,1.0153,true,1,1857826
8410076600622,false,חטיפי גרנולה Crunchy שיבולת שועל מלאה ושבבי שוקולד מריר,ג'נרל מילס סאן אדריא,ES,חטיף 1/5 קראנצ'י ניי,גרמים,210.00,100 גרם,false,,14.90,0.0710,true,1,1326649
8410076610379,false,נייטשר ואלי פרוטאין בוטנים ושבבי שוקולד 160 ג',סריילטו ספיין פודס,ES,חטיף נייטשר ואלי פרו,גרמים,160.00,100 גרם,false,,22.90,0.1431,true,1,1456150
8410076610386,false,נייטשר ואלי פרוטאין בוטנים עם ציפוי בטעם קרמל מלוח 160 ג',סריילטו ספיין פודס,ES,חטיף נייטשר ואלי פרו,גרמים,160.00,100 גרם,false,,22.90,0.1431,true,1,1456151
8410076610492,false,סוויט אנד סולטי שוקולד מריר בציפוי חמאת בוטנים,יבואן ומשווק: ש. שסט,,חטיף 1/5 צואי-בציפוי,גרמים,150.00,100 גרם,false,,14.90,0.0993,true,1,1490467
8410076610508,false,"נייטשר וואלי צ'ואי שוקולד מריר בוטנים ושקדים, חמישיה 5 * 30 גרם",נייצ'ר ואלי Nature Valley,,חטיף 1/5 צואי-שוקולד,גרמים,150.00,100 גרם,false,,14.90,0.0993,true,1,1490456
8410076621009,false,עוגות אישיות בטעם קרמל עם חתיכות בטעם קרמל מלוח,"גלאטס סירו בע""מ",ES,חטיף פייבר 1 קרמל מל,גרמים,120.00,100 גרם,false,,12.90,0.1075,true,1,2428940
8410076621047,false,עוגות אישיות בטעם שוקולד עם חתיכות בטעם שוקולד,"גלאטס סירו בע""מ",ES,חטיף פייבר 1 טעם שוק,גרמים,120.00,100 גרם,false,,12.90,0.1075,true,1,2428941
8410104039134,false,"פיניש מנקה ומחדש מדיח 250מ""ל",הדקלאים אגודת שיתופי,PL,פיניש מנקה ומחדש,מיליליטרים,250.00,"100 מ""ל",false,,14.90,0.0596,true,1,1309505
8410104044916,false,אבקה למדיח פיניש קלאסיק,רקיט בנקיזר,PL,פיניש 2.7 PP קג רגיל,קילוגרמים,2.70,"ק""ג",false,,44.90,16.6296,true,1,1309506
8410104045111,false,"פיניש מלח למדיח כלים 2ק""ג",פ.פ.ח. שאביט,IL,פיניש מלח 2 קילו 6 בקרטון,קילוגרמים,2.00,"ק""ג",false,,14.90,7.4500,true,1,1309507
8410104437268,false,פיניש דאו ציטרופרש מנטה,רקיט בנקיזר,PL,פיניש דאוסטופ לריח מראה ח,יחידה,0.00,יחידה,false,,14.90,0.0000,true,1,1309512
8410104511340,false,רצועות שעווה מוכנות לעור יבש עם אלוורה,רקיט בנקיזר,FR,ויט רצועות שעווה יבש,יח',12.00,יח',false,,29.90,2.4917,true,1,1309514
8410128783587,false,ויוה סוי שיבולת שועל,,,ויוה סוי שיבולת שועל,ליטרים,1.00,ליטר,false,,12.90,12.9000,true,1,2521095
8410128785734,false,משקה סויה בריסטה ויו,,,ויוה סוי סויה בריסטה,ליטרים,1.00,ליטר,false,,11.90,11.9000,true,1,2541574
8410182420114,false,בצלצלי פנינה בחומץ ד,דליסיאס,,בצל פנינה בחומץ,גרמים,370.00,100 גרם,false,,9.90,0.0268,true,1,2384345
8410436218054,false,צבע לשיער אולאו - 3-82 מהגוני עדין,סאיוס syoss,DE,סאיוס אולאו אינטנס קיט 3-,יחידה,1.00,יחידה,false,,29.90,29.9000,true,1,1323227
8410436218139,false,צבע לשיער אולאו - 2-10 שחור חום,סאיוס syoss,DE,סאיוס אולאו אינטנס קיט 2-,יחידה,1.00,יחידה,false,,29.90,29.9000,true,1,1323229
8410436218290,false,צבע לשיער אולאו - 1-10 שחור עז,סאיוס syoss,DE,סאיוס אולאו אינטנס קיט 1-,יחידה,1.00,יחידה,false,,29.90,29.9000,true,1,1323233
8410436227698,false,צבע לשיער אולאו - 3-10 חום עמוק,סאיוס syoss,DE,סאיוס אולאו אינטנס קיט 3-,יחידה,1.00,יחידה,false,,29.90,29.9000,true,1,1323235
8410644611203,false,יין קאווה איבריקה לבן יבש Cava Iberica,יוסף מסאקס ס.ל.,ES,"יין קאווה לבן 750 מ""",מיליליטרים,750.00,"100 מ""ל",false,,26.90,0.0359,true,1,1324061
8410644611210,false,יין קאווה איבריקה לבן חצי יבש Cava Iberica,יוסף מסאקס ס.ל.,ES,"יין קאווה לבן 750 מ""",מיליליטרים,750.00,"100 מ""ל",false,,26.90,0.0359,true,1,1324062
8410793001764,false,בירה אסטרייה דאם - מארז רביעייה,אסטרייה Estrella,,בירה אסטריה דאם רביע,ליטרים,1.32,ליטר,false,,23.90,18.1061,true,1,2522743
8410793262936,false,בירה ללא גלוטן אסטרי,"סי סי דאם, אס.אל, בר",ES,בירה ללא גלוטן אסטרי,מיליליטרים,330.00,"100 מ""ל",false,,8.90,0.0270,true,1,1753616
8411320105276,false,פילה אנשובי בשמן זית,אורטיז ORTIZ,,פילה אנשובי בשמן זית,גרמים,47.50,100 גרם,false,,21.90,0.4611,true,1,2486387
8411320234006,false,נתחי טונה לבנה בשמן זית (פחית) 112 ג ORTIZ,אורטיז ORTIZ,ES,נתחי טונה לבנה בשמן,גרמים,112.00,100 גרם,false,,18.90,0.1687,true,1,2486388
8411320334027,false,נתחי טונה צהובה בשמן זית (פחית) 112 ג ORTIZ,אורטיז ORTIZ,ES,נתחי טונה צהובה בשמן,גרמים,112.00,100 גרם,false,,14.90,0.1330,true,1,2486389
8411320382967,false,נתחי טונה בהירה בשמן זית,אורטיז ORTIZ,ES,טונה צהובה בשמן זית,גרמים,220.00,100 גרם,false,,34.90,0.1586,true,1,2486390
8412168002529,false,מחייה 13 משקה כוהלי בטעם לימונים,מנדלז סי.אר. פרודקשן,ES,ערק מחייה 13 לימוני,מיליליטרים,700.00,"100 מ""ל",false,,54.90,0.0784,true,1,2071700
8412168003106,false,ערק מחייה 13 בטעם פס,,,ערק מחייה 13 בטעם פס,מיליליטרים,700.00,"100 מ""ל",false,,54.90,0.0784,true,1,2494434
8412300801072,false,"ניוואה קרם רב שימושי 400 מ""ל",,,ניוואה קרם רב שימושי,גרמים,400.00,100 גרם,false,,39.90,0.0997,true,1,2434245
8412497132034,false,"כוס עם קש ופייטים 370 מ""ל פרוזן",,,כוס עם קש ופייטים 37,יחידה,0.00,יחידה,false,,27.90,0.0000,true,1,2440132
8412497142927,false,צלחת פולי פרימיום פס,,,צלחת פולי פרימיום פס,יחידה,0.00,יחידה,false,,9.90,0.0000,true,1,2440138
8412497188918,false,קערת פולי פרימיום פס,,,קערת פולי פרימיום פס,יחידה,0.00,יחידה,false,,7.90,0.0000,true,1,2440139
8412497189922,false,צלחת פולי פרימיום פס,,,צלחת פולי פרימיום פס,יחידה,0.00,יחידה,false,,9.90,0.0000,true,1,2440142
8412497350827,false,צלחת פולי פרימיום פס,,,צלחת פולי פרימיום פס,יחידה,0.00,יחידה,false,,9.90,0.0000,true,1,2440144
8412497379910,false,קערת פולי פרימיום פס,,,קערת פולי פרימיום פס,יחידה,0.00,יחידה,false,,7.90,0.0000,true,1,2440145
8413376022965,false,גבינת עיזים רכה 29%שומן 110גרם,,,גבינת עזים רכה 29% ש,גרמים,110.00,100 גרם,false,,12.90,0.1173,true,1,1813099
8413376024839,false,גבינת עיזים רכה עם עשבי תיבול 29% שומן 110 ג',,,גבינת עזים רכה עם עש,גרמים,110.00,100 גרם,false,,12.90,0.1173,true,1,1813100
8420708018817,false,מנצגו בשלה 150 גרם נ,האי נאם סי או אל.טי.,ES,מנצ'גו 200 גרם,גרמים,150.00,100 גרם,false,,24.90,0.1660,true,1,1597646
8420822130600,false,"ספריי סופר מסיר שומנים 750מ""ל יעקבי",יעקבי,,סופר מסיר שומנים,מיליליטרים,750.00,"100 מ""ל",false,,15.90,0.0212,true,1,2508709
8420822130624,false,"ספריי סופר מסיר כתמים 750מ""ל יעקבי",יעקבי,,סופר מסיר כתמים,מיליליטרים,750.00,"100 מ""ל",false,,16.90,0.0225,true,1,2508710
8421401201209,false,פפריקה מתוקה מעושנת,lachinata,ES,פפריקה מתוקה מעושנת,גרמים,70.00,100 גרם,false,,13.90,0.1986,true,1,2434382
8421401301206,false,פפריקה חריפה מעושנת,lachinata,ES,פפריקה חריפה מעושנת,גרמים,70.00,100 גרם,false,,13.90,0.1986,true,1,2434383
8423207206488,false,מרבה סלים דליס שוקולד חלב חדש,אף.סי תבליני בגליל ב,ES,מרבה סלים דליס שוקולד חלב,גרמים,120.00,100 גרם,false,,10.90,0.0908,true,1,1339164
8423207206495,false,מרבה סלים דליס שוקולד מריר חדש,אף.סי תבליני בגליל ב,ES,מרבה סלים דליס שוקולד מרי,גרמים,120.00,100 גרם,false,,10.90,0.0908,true,1,1339165
8423207206501,false,חטיף מרבה סלים דליס חצי מצופה 78ג',סלים דליס Slim Delis,ES,מרבה סלים דליס חצי מצופה,גרמים,78.00,100 גרם,false,,10.90,0.1397,true,1,1339166
8423207207362,false,סלים דליס חטיף דגנים שוקולד לבן 120 ג',ביסנצ'ורי אס.אל.יו,ES,מרבה סלים דליס,גרמים,120.00,100 גרם,false,,10.90,0.0908,true,1,1339168
8423207208260,false,מרבה סלים דליס שוקולד חלב ללא גלוטן חדש,ביסנצ'ורי אס.אל.יו,ES,מרבה סלים דליס חלב ללא גל,גרמים,78.00,100 גרם,false,,10.90,0.1397,true,1,1379842
8423207208680,false,מרבה סלים דליס לילדים עם שוקולד חלב,ביסנצ'ורי אס.אל.יו,ES,חטיף דגנים לילדים עם,גרמים,120.00,100 גרם,false,,10.90,0.0908,true,1,1399940
8423207208697,false,מרבה סלים דליס לילדים עם שוקולד לבן חדש,ביסנצ'ורי אס.אל.יו,ES,חטיף דגנים לילדים עם,גרמים,78.00,100 גרם,false,,10.90,0.1397,true,1,1399941
8423207208703,false,חטיף דגנים מצופה אקסטרה שוקולד מריר,ביסנצ'ורי אס.אל.יו,ES,חטיף דגנים עם שוקולד,גרמים,120.00,100 גרם,false,,10.90,0.0908,true,1,1399942
8423207208871,false,פרכיות תירס בטעם טבעי סלים דליס 130ג',סלים דליס Slim Delis,,פריכיות תירס בטעם טב,גרמים,130.00,100 גרם,false,,9.90,0.0762,true,1,1416653
8423207208888,false,פריכיות תירס בטעם עגבניות ועשבי תיבול סלים דליס 123 ג',ביסנצ'ורי אס.אל.יו,ES,פריכיות תירס בטעם עג,גרמים,123.50,100 גרם,false,,9.90,0.0802,true,1,1416654
8423207208895,false,פריכיות תירס בטעם זיתים ועירית סלים דליס 123 ג',ביסנצורי אס.אל.יו. ג,ES,פריכיות תירס בטעם זי,גרמים,123.50,100 גרם,false,,9.90,0.0802,true,1,1416655
8423207209885,false,סלים דליס מהדורה מיוחדת שוקולד חלב 120 ג',סלים דליס Slim Delis,,חטיף דגנים עם שוקולד,גרמים,120.00,100 גרם,false,,10.90,0.0908,true,1,1824795
8423207210287,false,מרבה סלים דליס שוקולד לבן בטעם יוגורט 120 ג',סלים דליס Slim Delis,,חטיף שוקולד לבן בטעם,גרמים,120.00,100 גרם,false,,10.90,0.0908,true,1,2085123
8423207210928,false,חטיף דגנים מצופה שוקולד חלב ואגוזי לוז - 5 במארז,ביסנצ'ורי אס.אל.יו,ES,חטיף דגנים סלים דליס,גרמים,90.00,100 גרם,false,,10.90,0.1211,true,1,2412957
8423207210942,false,חטיף דגנים מצופה שוקולד לבן ופירות יער,אף.סי תבליני בגליל ב,ES,חטיף דגנים סלים דליס,גרמים,78.00,100 גרם,false,,10.90,0.1397,true,1,2412958
8423207210966,false,חטיף רב דגנים מצופה שוקולד לבן קוקוס ולימון,אף.סי תבליני בגליל ב,ES,חטיף דגנים סלים דליס,גרמים,90.00,100 גרם,false,,10.90,0.1211,true,1,2412959
8423207210980,false,סלים דליס טופינג קליפת תפוז 90 ג',מרבה,ES,חטיף דגנים סלים דליס,גרמים,78.00,100 גרם,false,,10.90,0.1397,true,1,2412966
8423371000202,false,משפחתי בוטנים מלוחים,Unknown,,משפחתי בוטנים מלוחים,גרמים,150.00,100 גרם,false,,9.90,0.0660,true,1,2465523
8423371002312,false,סאליסול פיצוחים בפחי,סאליסול,ES,משפחתי בוטנים צ'ילי,גרמים,150.00,100 גרם,false,,9.90,0.0660,true,1,2486098
8423371002725,false,משפחתי קוקטייל מיקס,Unknown,ES,משפחתי קוקטייל מיקס,גרמים,100.00,100 גרם,false,,9.90,0.0990,true,1,2465395
8423371002749,false,פיצוחים בפחית בוטנים,סאליסול,ES,משפחתי בוטנים ושקדים,גרמים,135.00,100 גרם,false,,9.90,0.0733,true,1,2465403
8423371005085,false,משפחתי מיקס פיקנטי ס,Unknown,ES,משפחתי מיקס פיקנטי ס,גרמים,100.00,100 גרם,false,,9.90,0.0990,true,1,2465405
8423371007089,false,משפחתי בוטנים מלוחים,Unknown,ES,משפחתי בוטנים מלוחים,גרמים,150.00,100 גרם,false,,9.90,0.0660,true,1,2465406
8423371007492,false,גרעיני חמניות סאליסו,Unknown,,משפחתי גרעיני חמניה,גרמים,150.00,100 גרם,false,,9.90,0.0660,true,1,2486099
8425206000081,false,ריבת חלב מרדל 450 גר,כלורוקס אוקלנד,ES,ריבת חלב מרדל 450 ג,גרמים,450.00,100 גרם,false,,16.90,0.0376,true,1,1389783
8427030005010,false,תרכובת מזון על בסיס חלב A.R מלידה ואילך,אבוט מעבדות רפואיות,ES,SIMILAC SPIT-UP RELIEF 37,גרמים,375.00,100 גרם,false,,49.90,0.1331,true,1,1306609
8427030007298,false,סימילאק גולד קומפורט 2 תרכובת מזון על בסיס חלב,סימילאק Similac,,סימילאק גולד קומפורט,גרמים,820.00,100 גרם,false,,109.90,0.1340,true,1,2421548
8435495805106,false,"ביומט אבקת כביסה בניחוח רענן 5ק""ג",ביומט,,ביומט אבקת כביסה 5 ק,קילוגרמים,5.00,"ק""ג",false,,29.90,5.9800,true,1,1844611
8435495805168,false,"תינוקלין לכביסה לעור רגיש אולימפיק 1.25ק""ג",מולינו ניקולי s.p.a,TR,"תינוקלין 1.25 ק""ג",קילוגרמים,1.25,"ק""ג",false,,21.90,17.5200,true,1,1941650
8435495805199,false,"תינוקלין אבקת כביסה 3 ק""ג",מולינו ניקולי s.p.a,TR,"תינוקלין 3 ק""ג",קילוגרמים,3.00,"ק""ג",false,,34.90,11.6333,true,1,1960539
8435495807605,false,תינוקלין - מרכך כביסה היפואלרגני 1 ליטר,מולינו ניקולי s.p.a,TR,מרכך כביסה תינוקלין,ליטרים,1.00,ליטר,false,,17.90,17.9000,true,1,2513278
8435495819363,false,תינוקלין - מרכך כביסה פרש & ג'נטל 1 ליטר,תינוקלין,,מרכך כביסה תינוקלין,ליטרים,1.00,ליטר,false,,17.90,17.9000,true,1,2513279
8437000906209,false,טורטייה קמח חיטה 320,Azteca foods europe,,"טורטיה קמח 20 ס""מ",גרמים,320.00,100 גרם,false,,9.90,0.0309,true,1,1339845
8445290341587,false,פנסי פיסט פטה דג לבן ועוף 85גר,נסטלה פורינה USA ג',US,פנסי פיסט פטה דג לבן,גרמים,85.00,100 גרם,false,,4.90,0.0576,true,1,2530143
8445290341617,false,פנסי פיסט פטה עוף וסלמון 85גר,נסטלה פורינה USA ג',US,פנסי פיסט פטה עוף וס,גרמים,85.00,100 גרם,false,,4.90,0.0576,true,1,2530144
8445290341655,false,פנסי פיסט פטה עוף 85גר,נסטלה פורינה USA ג',US,פנסי פיסט פטה עוף,גרמים,85.00,100 גרם,false,,4.90,0.0576,true,1,2530145
8445290427120,false,דגני פיטנס Fitness שוקולד מריר ובננה,נסטלה צרפת איטנקורט,FR,דגני בוקר שוקולד מרי,גרמים,330.00,100 גרם,false,,19.90,0.0603,true,1,2529406
8585632874752,false,מאפרה נירוסטה גדולה,,,מאפרה נירוסטה גדולה,יחידה,0.00,יחידה,false,,9.90,0.0000,true,1,2461753
8593868006014,false,בירה בלו מון פחית 50,"איי, בי, אינבוו",CZ,בירה בלו מון פחית,מיליליטרים,500.00,"100 מ""ל",false,,10.90,0.0218,true,1,2438800
8594006931328,false,בירה פרימטור וויצן 5,,,"בירה פרימטור 500 מ""ל",מיליליטרים,500.00,"100 מ""ל",false,,9.90,0.0198,true,1,1501994
8606018615865,false,גלידת קרמל ליבת שוקולד 480 ג' מילקה,נסטלה,IL,גלידה פיינט קרמל ליב,גרמים,480.00,גרם,false,,18.90,0.0394,true,1,2518317
8606109023593,false,מיץ פרוויטה תפוע ואג,,IL,מיץ פרוויטה,מיליליטרים,750.00,"100 מ""ל",false,,11.90,0.0159,true,1,2463527
8606109023623,false,מיץ פרוויטה תפוע ולי,,IL,מיץ פרוויטה,מיליליטרים,750.00,"100 מ""ל",false,,11.90,0.0159,true,1,2463529
8606109023715,false,מיץ פרוויטה תפוע ואפ,,,מיץ פרוויטה,מיליליטרים,750.00,"100 מ""ל",false,,11.90,0.0159,true,1,2463532
8606109023722,false,מיץ פרוויטה תפוע ומש,,,מיץ פרוויטה,מיליליטרים,750.00,"100 מ""ל",false,,11.90,0.0159,true,1,2463533
8680202110824,false,שמרים לאפיה יבשים נמסים אינסטנט,,,שמרים נמסים בוואקום,גרמים,125.00,100 גרם,false,,3.90,0.0312,true,1,1329745
8680202110848,false,שמרים לאפיה יבשים נמסים אינסטנט,DOSU MAYA,,שמרים נמסים בוואקום,גרמים,454.00,100 גרם,false,,11.90,0.0262,true,1,1329746
8681863065287,false,מלח הימלאיה 350 ג' ויליפוד,SALTBAE,,מלח ים עם רוזמרין 35,גרמים,350.00,100 גרם,false,,17.90,0.0511,true,1,2515208
8681863065300,false,מלח עם שום קלוי 280,,,מלח עם שום קלוי 280,גרמים,280.00,100 גרם,false,,17.90,0.0639,true,1,2515338
8681863065324,false,מלח ים עם רוזמרין 200 ג' ויליפוד,SALTBAE,,מלח ים עם רוזמרין 20,גרמים,200.00,100 גרם,false,,17.90,0.0895,true,1,2515210
8681863065362,false,מלח ים עם פלפל שחור 350 ג' ויליפוד,,,מלח ים עם פלפל שחור,גרמים,350.00,100 גרם,false,,17.90,0.0511,true,1,2515202
8681863065379,false,מלח ים עם פלפל צ'ילי 220 ג' ויליפוד,SALTBAE,,מלח ים עם פלפל צ'ילי,גרמים,220.00,100 גרם,false,,17.90,0.0814,true,1,2515211
8681863065492,false,מלח מתובל מעושן 110 ג' ויליפוד,,,מלח מתובל מעושן 110,גרמים,110.00,100 גרם,false,,9.90,0.0900,true,1,2515194
8682328740084,false,מזון לכלב בוגר מיני עם כבש ואוכמניות,פרו פרפורמנס Pro Preformance,,פרופרפורמנס מזון אול,קילוגרמים,2.00,"ק""ג",false,,59.90,29.9500,true,1,2478288
8682328740169,false,מזון לגורי כלבים מיני עם כבש ואוכמניות,פרו פרפורמנס Pro Preformance,,פרופרפורמנס מזון אול,קילוגרמים,2.00,"ק""ג",false,,59.90,29.9500,true,1,2478294
8682328740213,false,מזון לחתול בוגר מסורס / מעוקרת עם עוף ואורז,פרו פרפורמנס Pro Preformance,,פרופרפורמנס מזון אול,קילוגרמים,2.00,"ק""ג",false,,59.90,29.9500,true,1,2478297
8683130008935,false,ממרח קטשיונז הלמנס ל,יוניליוור ישראל שיוו,TR,ממרח קטשיונז הלמנס ל,גרמים,425.00,100 גרם,false,,16.90,0.0398,true,1,2490824
8683323063024,false,ממתק בטעם תותי פרוטי בצורת שטיח,מוטקה החולב,TR,ממתק גומי שטיחים תות,גרמים,220.00,100 גרם,false,,4.90,0.0223,true,1,1567804
8690030003076,false,פבילה קערית 12.5 500,,,פבילה קערית 12.5 500,יחידה,0.00,יחידה,false,,3.90,0.0000,true,1,2458248
8690504081913,false,טינס מצופה שוקולד חלב 150 גר,"אולקר ביסקווי סנאי,",TR,ביסקוויט מקויטיס טינ,גרמים,150.00,100 גרם,false,,9.90,0.0660,true,1,2277833
8690504081920,false,טינס מצופה שוקולד מריר 150 גר,"אולקר ביסקווי סנאי,",TR,ביסקוויט מקויטיס טינ,גרמים,150.00,100 גרם,false,,9.90,0.0660,true,1,2277834
8690504081937,false,טינס שוקולד חלב וקפוצינו 150 גר,"אולקר ביסקווי סנאי,",TR,ביסקוויט מקויטיס טינ,גרמים,150.00,100 גרם,false,,9.90,0.0660,true,1,2277835
8690504153740,false,שוקולד מריר במילוי קרם בטעם שוקולד מריר,ביסקוט ביסקווי סילבר,TR,טבלת שוקולד מריר עם,גרמים,86.00,100 גרם,false,,12.90,0.1500,true,1,2018520
8690504153849,false,שוקולד חלב במילוי קרם בטעם פרלין אגוזים,"אולקר מקבוצת פלאדיס,",TR,טבלת שוקולד חלב ק.אג,גרמים,83.00,100 גרם,false,,12.90,0.1554,true,1,2018521
8690504156543,false,טבלת שוקלד חלב ממולא בקרם גנאש שוקולד חלב 88 גר',ביסקוט ביסקווי סילבר,TR,שוקולד גודייבה ממולא,גרמים,88.00,100 גרם,false,,12.90,0.1466,true,1,2385422
8690526009254,false,אי טי אי - מיני עוגה אישית מצופה במילוי קרם קקאו 144 גרם,,,מיני עוגה אישית מצופ,גרמים,144.00,100 גרם,false,,7.90,0.0549,true,1,2414095
8690526009278,false,אי טי אי - חטיף קרמל מצופה שוקולד וחלב כדורוני דגנים 126 גרם,ETi,,חטיף קרמל מצופה שוקו,גרמים,126.00,100 גרם,false,,7.90,0.0627,true,1,2414108
8690526009308,false,אי טי אי - חטיף קוקוס מצופה שוקולד חלב וכדורוני דגנים 126 גרם,ETi,,חטיף קוקוס מצופה שוק,גרמים,126.00,100 גרם,false,,7.90,0.0627,true,1,2414109
8690526009353,false,אי טי אי - מיני חטיף בוטנים נוגט קרמל מצופה שוקולד חלב 140 גרם,,,חטיף מיני בוטנים נוג,גרמים,140.00,100 גרם,false,,7.90,0.0564,true,1,2414110
8690526016207,false,אי טי אי - מיני עוגה מצופה במילוי קרמל 144 גרם,,,מיני עוגה קרמל 144 ג,גרמים,144.00,100 גרם,false,,7.90,0.0549,true,1,2519491
8690526019147,false,אי טי אי - וופל במילוי קרם אגוזי לוז 142 גרם,ETi,,וופל קקאו במילוי קרם,גרמים,142.00,100 גרם,false,,4.90,0.0345,true,1,2414096
8690526019154,false,אי טי אי - וופל קקאו במילוי קרם קקאו 142 גרם,מולינו ניקולי s.p.a,TR,וופל קקאו במילוי קרם,גרמים,142.00,100 גרם,false,,4.90,0.0345,true,1,2414097
8690526019178,false,אי טי אי - וופל קקאו במילוי קרם קוקוס 142 גרם,מולינו ניקולי s.p.a,TR,וופל קקאו במילוי קרם,גרמים,142.00,100 גרם,false,,4.90,0.0345,true,1,2414098
8690526019185,false,אי טי אי - וופל במילוי קרם שוקולד חלב 142 גרם,מולינו ניקולי s.p.a,TR,וופל קקאו במילוי קרם,גרמים,142.00,100 גרם,false,,4.90,0.0345,true,1,2414099
8690526019376,false,שוקולד מריר עם מוצקי,,,שוקולד מריר עם מוצקי,גרמים,90.00,100 גרם,false,,5.90,0.0656,true,1,2518368
8690526029191,false,מיני וופל במילוי קרם אגוזים וחתיכות בוטנים 140 ג' WANTED WAFER,,,וופל מיני אגוזי לוז,גרמים,140.00,100 גרם,false,,7.90,0.0564,true,1,2519492
8690526029238,false,וופל שוקולד מריר 3*50 ג',,,וופל שוקולד מריר אתי,גרמים,150.00,100 גרם,false,,7.90,0.0527,true,1,2445898
8690526032047,false,אי טי אי - שוקולד מריר 54% עם פיסטוק 90 גרם,,,שוקולד מריר עם פיסטו,גרמים,90.00,100 גרם,false,,5.90,0.0656,true,1,2518370
8690526049335,false,אי טי אי - שוקולד חלב עם פיסטוק 90 גרם,,,שוקולד חלב עם פיסטוק,גרמים,90.00,100 גרם,false,,5.90,0.0656,true,1,2518371
8690572775288,false,"גליס מרכך סרום שיקום עמוק 400 מ""ל",שוורצקוף Schwarzkopf,DE,גליס שמפו צבע אולטימטיבי,מיליליטרים,400.00,"100 מ""ל",false,,18.90,0.0472,true,1,1380778
8690572778326,false,פה ד.ספרי אנטיפרספינט 200 מל 1/12,פה Fa,,דאודורנט פה-ספריי,מיליליטרים,200.00,"100 מ""ל",false,,9.90,0.0495,true,1,1504830
8690572783931,false,"פה - דאודורנט ספריי לגבר אינוויזיבל פאוואר 200 מ""ל",,,דאודורנט פה-ספריי,מיליליטרים,200.00,"100 מ""ל",false,,9.90,0.0495,true,1,1878562
8690572784303,false,שמפו גליס Gliss לשיער ארוך Supreme Length,שוורצקוף Schwarzkopf,,שמפו גליס אולטימט רי,מיליליטרים,400.00,"100 מ""ל",false,,18.90,0.0472,true,1,2030133
8690572784327,false,מסכה לשיער ארוך עם קצוות מפוצלים Supreme Length,שוורצקוף Schwarzkopf,,גליס מסכה,מיליליטרים,300.00,"100 מ""ל",false,,24.90,0.0830,true,1,2030134
8690572786222,false,מרכך גליס Gliss לשיער ארוך Supreme Length,שוורצקוף Schwarzkopf,,מרכך גליס אולטימט רי,מיליליטרים,400.00,"100 מ""ל",false,,18.90,0.0472,true,1,2030137
8690572788851,false,"גליס - שמפו ביו טק 400 מ""ל",,,שמפו גליס ביו-טק,מיליליטרים,400.00,"100 מ""ל",false,,18.90,0.0472,true,1,2384662
8690572788912,false,"גליס - ביו טק מרכך 400 מ""ל",,,מרכך גליס ביו-טק,מיליליטרים,400.00,"100 מ""ל",false,,18.90,0.0472,true,1,2384670
8690572794692,false,"גליס - שמפו לאיזון והזנת הקרקפת 400 מ""ל",,,שמפו גליס נוטרי באלא,מיליליטרים,400.00,"100 מ""ל",false,,18.90,0.0472,true,1,2440746
8690572794715,false,"גליס - מרכך לאיזון והזנת הקרקפת 400 מ""ל",,,מרכך גליס נוטרי באלא,מיליליטרים,400.00,"100 מ""ל",false,,18.90,0.0472,true,1,2440747
8690572799482,false,"מרכך לשיער גלי ומתולתל סאיוס 500מ""ל",,,"מרכך סאיוס 500 מ""ל",מיליליטרים,500.00,"100 מ""ל",false,,9.90,0.0198,true,1,2459351
8690572799499,false,"סאיוס - מרכך אולאו 500 מ""ל",,,"מרכך סאיוס 500 מ""ל",מיליליטרים,500.00,"100 מ""ל",false,,9.90,0.0198,true,1,2459352
8690572799505,false,"סאיוס - מרכך לשיער דליל 500 מ""ל",,,"מרכך סאיוס 500 מ""ל",מיליליטרים,500.00,"100 מ""ל",false,,9.90,0.0198,true,1,2459353
8690572799512,false,"מרכך לחיזוק שורשי סיב השערה סאיוס 500מ""ל",,,"מרכך סאיוס 500 מ""ל",מיליליטרים,500.00,"100 מ""ל",false,,9.90,0.0198,true,1,2459354
8690572799529,false,"סאיוס - שמפו קרטין 500 מ""ל",,,"שמפו סאיוס 500 מ""ל",מיליליטרים,500.00,"100 מ""ל",false,,9.90,0.0198,true,1,2459355
8690572799536,false,"שמפו שמני הזנה סאיוס 500מ""ל",,,"שמפו סאיוס 500 מ""ל",מיליליטרים,500.00,"100 מ""ל",false,,9.90,0.0198,true,1,2459356
8690572799543,false,"שמפו לחזיק שורשי סיב השערה סאיוס 500מ""ל",,,"שמפו סאיוס 500 מ""ל",מיליליטרים,500.00,"100 מ""ל",false,,9.90,0.0198,true,1,2459357
8690572799550,false,"שמפו לשיער גלי ומתולתל סאיוס 500מ""ל",,,"שמפו סאיוס 500 מ""ל",מיליליטרים,500.00,"100 מ""ל",false,,9.90,0.0198,true,1,2459358
8690637073373,false,תה ארל גריי בטעם ברגמוט ליפטון 25 שקיקים,יונילוור - תורכיה,TR,ארל גריי 50 גר,גרמים,50.00,100 גרם,false,,7.90,0.1580,true,1,1341619
8690637504426,false,"קרם ניקוי כללי לימון 500 מ""ל סיף",יונילוור - תורכיה,,"סיף קרם לימון 500 מ""",מיליליטרים,500.00,"100 מ""ל",false,,10.90,0.0218,true,1,2488010
8690637505935,false,"דאב - סבון ידיים אבוקדו 500 מ""ל",דאב Dove,,סבון ידיים דאב אבוקד,מיליליטרים,500.00,"100 מ""ל",false,,16.90,0.0338,true,1,2489049
8690637505959,false,דאב סבון ידיים הזנה לוטוס 500 מל,,,סבון ידיים דאב לוטוס,מיליליטרים,500.00,"100 מ""ל",false,,16.90,0.0338,true,1,2489050
8690637506956,false,"דאב שמפו נגד קשקשים אלוורה 600 מ""ל",,,שמפו דאב למניעת קשקש,מיליליטרים,600.00,"100 מ""ל",false,,18.90,0.0315,true,1,2528494
8690637688195,false,ליפטון תה ירוק מעטפות קלאסי 30 ג',יונילוור - תורכיה,TR,ליפטון תה ירוק מעטפות קלא,גרמים,34.00,100 גרם,false,,15.90,0.4676,true,1,1341656
8690637704277,false,"שמפו ומרכך לשיער רגיל 600 מ""ל דאב",יונילוור - תורכיה,TR,דאב שמפו יום יומי 2 ב-1 6,מיליליטרים,600.00,"100 מ""ל",false,,18.90,0.0315,true,1,1341660
8690637704291,false,שמפו לשיקום אינטנסיבי לשיער פגום,יוניליוור טורקיה. אז,TR,דאב שמפו משקם 600מל,מיליליטרים,600.00,"100 מ""ל",false,,18.90,0.0315,true,1,1341661
8690637704390,false,"מרכך לשיער רגיל 600 מ""ל דאב",יוניליוור טורקיה. אז,TR,דאב מרכך יום יומי 600מל,מיליליטרים,600.00,"100 מ""ל",false,,18.90,0.0315,true,1,1341663
8690637704413,false,מרכך לשיקום אינטנסיבי לשיער פגום,יוניליוור טורקיה. אז,TR,דאב מרכך משקם 600מל,מיליליטרים,600.00,"100 מ""ל",false,,18.90,0.0315,true,1,1341664
8690637704437,false,שמפו עם שמני הזנה לטיפוח לשיער יבש,יוניליוור טורקיה. אז,TR,דאב שמפו שמני הזנה 600 מל,מיליליטרים,600.00,"100 מ""ל",false,,18.90,0.0315,true,1,1341665
8690637799594,false,תה ירוק נענע בסגנון מרוקאי 36 ג',בסן בסין סנאיי וי טי,TR,תה ירוק ליפטון נענע,גרמים,34.00,100 גרם,false,,15.90,0.4676,true,1,1455093
8690637835643,false,תה ליפטון ירוק לואיזה לימונית 20יח',יונילוור - תורכיה,TR,תה ירוק ליפטון לואיז,גרמים,30.00,100 גרם,false,,15.90,0.5300,true,1,1742994
8690637871047,false,"שמפו שמן קוקוס וכורכום 600 מ""ל דאב",,TR,שמפו דאב 600 עם שמן,מיליליטרים,600.00,"100 מ""ל",false,,18.90,0.0315,true,1,2046283
8690637871061,false,"דאב שמפו שמן אבוקדו ותמצית קלנדולה 600 מ""ל",יוניליוור,TR,שמפו דאב 600 עם שמן,מיליליטרים,600.00,"100 מ""ל",false,,18.90,0.0315,true,1,2046284
8690637916977,false,מרכך עם שמן קוקוס וכורכום למראה שיער משוקם,יונילוור - תורכיה,TR,מרכך דאב עם שמן קוקס,מיליליטרים,600.00,"100 מ""ל",false,,18.90,0.0315,true,1,2349689
8690637916991,false,"מרכך דאב אבוקדו ותמצית קלנדולה 600 מ""ל",יונילוור - תורכיה,TR,מרכך דאב עם שמן אבוק,מיליליטרים,600.00,"100 מ""ל",false,,18.90,0.0315,true,1,2322458
8690637946301,false,"בדין - מרכך כביסה אקסטרא בייביי כחול 960 מ""ל",יוניליוור סנאיי וי ט,TR,בדין אקסטרא בייבי 96,מיליליטרים,960.00,"100 מ""ל",false,,15.90,0.0166,true,1,2397174
8690637976995,false,"בדין - מרכך כביסה אקסטרא ורוד סחלבים פראי 960 מ""ל",יוניליוור סנאיי וי ט,TR,בדין אקסטרא ורוד- 96,מיליליטרים,960.00,"100 מ""ל",false,,15.90,0.0166,true,1,2425824
8690757002376,false,"משחה להברקת נעליים עם ספוג 50 SILVERמ""ל-צבע שחור",סילבר Silver,,משחת נעליים,מיליליטרים,50.00,"100 מ""ל",false,,4.90,0.0980,true,1,1322335
8690757002444,false,"נוזל להברקת נעליים שחור 75 SILVERמ""ל",סילבר Silver,,נוזל לנעליים,מיליליטרים,75.00,"100 מ""ל",false,,4.90,0.0653,true,1,1322341
8690757002475,false,ספוג להברקת נעליים גדול SILVER -נטורל,סילבר Silver,,ספוג להברקת נעליים,יחידה,0.00,יחידה,false,,4.90,0.0000,true,1,1322344
8690766156367,false,שוקולד גודייבה חלב מעולה 90 גר,"אולקר מקבוצת פלאדיס,",TR,שוקולד גודייבה חלב מ,גרמים,90.00,100 גרם,false,,14.90,0.1656,true,1,2385431
8690766156374,false,שוקולד גודייבה מריר 72% מוצרי קקאו 90 גר,"אולקר מקבוצת פלאדיס,",TR,שוקולד גודייבה מריר,גרמים,90.00,100 גרם,false,,14.90,0.1656,true,1,2385432
8690766156381,false,שוקולד גודייבה מריר מעולה 90% קקאו 90 גר,"אולקר מקבוצת פלאדיס,",TR,שוקולד גודייבה מריר,גרמים,90.00,100 גרם,false,,14.90,0.1656,true,1,2385433
8690766156398,false,שוקולד חלב מעולה בתוספת שברי שקדים קלויים דבש ומלח 90ג',"אולקר מקבוצת פלאדיס,",TR,שוקולד גודייבה חלב ב,גרמים,90.00,100 גרם,false,,14.90,0.1656,true,1,2385434
8690766156404,false,שוקולד מריר מעולה גודייבה תפוז אדום 90 גרם,גודייבה,TR,שוקולד גודייבה מריר,גרמים,90.00,100 גרם,false,,14.90,0.1656,true,1,2385435
8690766156411,false,שוקולד מריר מעולה בטעם פלפל ורוד עם חתיכות תות מסוכר 90ג',"אולקר מקבוצת פלאדיס,",TR,שוקולד גודייבה מריר,גרמים,90.00,100 גרם,false,,14.90,0.1656,true,1,2385436
8690770322598,false,"שמרים יבשים 125 גר` בד""צ",בראבו Bravo,,שמרים יבשים 125 גרם,גרמים,125.00,100 גרם,false,,3.90,0.0312,true,1,1321686
8690777203012,false,פלפל ירוק כבוש לא חריף סארה 600ג',יוליניבר,TR,פלפל ירוק כבוש לא חריף 60,גרמים,600.00,100 גרם,false,,12.90,0.0215,true,1,1308985
8690777204071,false,פלפלים כבושים - חריפים,יוליניבר,TR,פלפל חריף 640גרם מותג SER,גרמים,640.00,100 גרם,false,,12.90,0.0202,true,1,1308986
8690777206051,false,חצילים קלויים על האש סארה 650 גר',קוראהן פזלרמה וי דיס,TR,חצילים קלויים על האש 650ג,גרמים,650.00,100 גרם,false,,12.90,0.0198,true,1,1308987
8690777221405,false,פלפל אדום קלוי על האש סארה 650גרם,קוראהן פזלרמה וי דיס,TR,פלפל אדום קלוי על האש 650,גרמים,650.00,100 גרם,false,,12.90,0.0198,true,1,1308988
8690784516440,false,"דאק נוזל ג'ל לניקוי מתקדם בניחות לבנדר 750 מ""ל",SC Jonson,,טואלט דאק ג'ל לניקוי,מיליליטרים,750.00,"100 מ""ל",false,,12.90,0.0172,true,1,1792401
8690784611442,false,סבון מוצק לניקוי אסלה בניחוח הדרים בתוספת אקונומיקה,טואלט דאק Toilet Duck,PL,דאק סבון ניקוי אסלה,גרמים,30.00,100 גרם,false,,7.90,0.2633,true,1,2383573
8690784614665,false,סבון מוצק לניקוי אסלה בניחוח ים,טואלט דאק Toilet Duck,PL,דאק סבון ניקוי אסלה,גרמים,30.00,100 גרם,false,,7.90,0.2633,true,1,2015552
8690784614771,false,סבון דאק לניקוי אסלה בניחוח רענן נתלה,טואלט דאק Toilet Duck,PL,דאק סבון ניקוי אסלה,גרמים,30.00,100 גרם,false,,7.90,0.2633,true,1,2015553
8690784616775,false,סבון ניקוי לאסלה דאק 4ב-1 בלו,טואלט דאק Toilet Duck,,סבון ניקוי לאסלה דאק,יח',1.00,יח',false,,9.90,9.9000,true,1,2221321
8690784711777,false,דאק סבון אקטיבי בתוספת אקונומיקה מקציפה בניחוח ים,טואלט דאק Toilet Duck,,דאק סבון ניקוי אסלה,גרמים,30.00,100 גרם,false,,7.90,0.2633,true,1,2370834
8690799022905,false,ריבת אפרסקים מתין 1,בוזטופרק גידה סאנאי,,ריבת אפרסקים,קילוגרמים,1.00,"100 ק""ג",false,,19.90,19.9000,true,1,2404905
8690799023025,false,ריבת משמש עם תפוזים,בוזטופרק גידה סאנאי,,ריבת משמש עם תפוזים,גרמים,1000.00,100 גרם,false,,19.90,0.0199,true,1,2438589
8691530924670,false,סירופ רימונים נטורסא,נטורסן,TR,סירופ רימונים 345 גר,גרמים,345.00,100 גרם,false,,16.90,0.0490,true,1,1350230
8691530924687,false,סירופ רימונים 1 ליטר,,,סירופ רימונים 1 ליטר,ליטרים,1.00,ליטר,false,,39.90,39.9000,true,1,2316751
8692952070020,false,"כוס בירה 380 מ""ל",,,"כוס בירה 380 מ""ל",יחידה,0.00,יחידה,false,,6.90,0.0000,true,1,2516354
8693323085100,false,שטיחים חמוצים ממתק בטעם פירות,יוגטה yogueta,,ממתק חמוץ בצורת שטיח,גרמים,100.00,100 גרם,false,,5.90,0.0590,true,1,2089840
8693357101555,false,סט 6 כוס מים זכוכית,,,סט 6 כוסות מים 200,יחידה,0.00,יחידה,false,,12.90,0.0000,true,1,2514728
8693357376182,false,סט 6 כוסות מים 265 מ,,,סט 6 כוסות מים 265 מ,יחידה,0.00,יחידה,false,,34.90,0.0000,true,1,2521580
8693495037853,false,זוג מברשת סלים סופט קולגייט,הנסיך- מפעל לייצור ט,CN,קולגייט מברשת סלים סופט ז,יח',2.00,יח',false,,29.90,14.9500,true,1,1339187
8693495041461,false,זוג מברשת שיניים סלים סופט פחם קולגייט,הנסיך- מפעל לייצור ט,CN,קולגייט מברשת סלים סופט פ,יח',2.00,יח',false,,29.90,14.9500,true,1,1339190
8693495050333,false,"פלמוליב סבון נוזלי לגבר לימון ירוק 500 מ""ל",פלמוליב Palmolive,,סבון נוזלי פלמוליב ל,מיליליטרים,500.00,"100 מ""ל",false,,15.90,0.0318,true,1,1668033
8693495051002,false,קולגייט מברשת שיניים לילדים מיניונים 6+,קולגייט Colgate,,מברשת שיניים קולגייט,יח',1.00,יח',false,,9.90,9.9000,true,1,1737137
8693495051255,false,זוג מברשות שיניים מוזהבות Slimsoft Mikrolince,קולגייט - פלמוליב,CN,זוג מברשות שיניים קו,יח',2.00,יח',false,,29.90,14.9500,true,1,1778993
8693495052931,false,זוג מברשות שיניים אדוונסט 360 לניקוי כל חלל הפה,קולגייט פלמוליב,CN,מברשת שיניים קולגייט,יח',2.00,יח',false,,29.90,14.9500,true,1,2371260
8695593792085,false,קוביות צעצוע (בתיק ג,,,קוביות צעצוע (בתיק ג,יחידה,0.00,יחידה,false,,69.90,0.0000,true,1,2500490
8695593792511,false,מיני בלוקים צעצוע,,,מיני בלוקים צעצוע,יחידה,0.00,יחידה,false,,37.90,0.0000,true,1,2500499
8695593793761,false,מגדל פיזה,,,מגדל פיזה,יחידה,0.00,יחידה,false,,44.90,0.0000,true,1,2500508
8695593795024,false,ערכת תה פיקניק,,,ערכת תה פיקניק,יחידה,0.00,יחידה,false,,44.90,0.0000,true,1,2500519
8696219331473,false,סט יעה עומד+מטאטא פי,,,סט יעה עומד+מטאטא פי,יחידה,0.00,יחידה,false,,42.90,0.0000,true,1,2490597
8696219368813,false,לוח חיתוך מהודר 37X2,,,לוח חיתוך מהודר 37X2,יחידה,0.00,יחידה,false,,24.90,0.0000,true,1,2490620
8696219376146,false,דלי שקוף מקושט 12 לי,,,דלי שקוף מקושט 12 לי,יחידה,0.00,יחידה,false,,19.90,0.0000,true,1,2490622
8696219382840,false,קערה רטאן 4 ליטר,,,קערה רטאן 4 ליטר,יחידה,0.00,יחידה,false,,14.90,0.0000,true,1,2490624
8696219395017,false,כד מידה מקצועי 0.5 ל,,,כד מידה מקצועי 0.5 ל,יחידה,0.00,יחידה,false,,9.90,0.0000,true,1,2490626
8696219395260,false,כד מידה מקצועי 1.75,,,כד מידה מקצועי 1.75,יחידה,0.00,יחידה,false,,14.90,0.0000,true,1,2490629
8696219406027,false,קופסא קורנפלקס 6 ליט,,,קופסא קורנפלקס 6 ליט,יחידה,0.00,יחידה,false,,22.90,0.0000,true,1,2490638
8696219412561,false,קופסת אחסון 30 ביצים,,,קופסת אחסון 30 ביצים,יחידה,0.00,יחידה,false,,24.90,0.0000,true,1,2490642
8697040108975,false,אסותא סבון נוזלי לש.אינטמ,,,סבון נוזלי אסותא נשי,מיליליטרים,400.00,"100 מ""ל",false,,14.90,0.0373,true,1,1653409
8697418280104,false,עלי טורטייה 1.1 קג,,,עלי טורטייה 12יח,יחידה,0.00,יחידה,false,,27.90,0.0000,true,1,2316752
8697418280128,false,עלי טורטייה 12יח 540,מרום את קונפינו,,עלי טורטייה 12יח 540,גרמים,540.00,100 גרם,false,,19.90,0.0369,true,1,2316753
8697418280180,false,"עלי טורטייה 15 ס""מ 3",פרינסס,,עלי טורטייה,גרמים,360.00,100 גרם,false,,14.90,0.0414,true,1,2316755
8697418280333,false,שערות קדאיף מיובשות,פרנסס און וה,TR,שערות קדאיף 500 גרם,גרמים,500.00,100 גרם,false,,19.90,0.0398,true,1,2384291
8697430885417,false,פסטה מסולסלת ארבלה ו,DURUM,TR,פסטה מסולסלת 6 ARBELLA,גרמים,500.00,100 גרם,false,,4.90,0.0098,true,1,1347689
8697430885424,false,פסטה פרפרים ארבלה וי,ארבלה Arbella,TR,פרפרים 5 ARBELLA,גרמים,500.00,100 גרם,false,,4.90,0.0098,true,1,1347690
8697430885431,false,פסטה פנה ארבלה ויטה,ארבלה Arbella,TR,פנה 4 ARBELLA,גרמים,500.00,100 גרם,false,,4.90,0.0098,true,1,1347691
8697430885455,false,קונכיות ארבלה ויטה,ארבלה Arbella,TR,קונכיות 3 ARBELLA,גרמים,500.00,100 גרם,false,,4.90,0.0098,true,1,1347692
8697430885479,false,פוזילי ארבלה ויטה,ארבלה Arbella,TR,פוזילי 2 ARBELLA,גרמים,500.00,100 גרם,false,,4.90,0.0098,true,1,1347693
8697430885493,false,ספגטי ארבלה ויטה,ארבלה Arbella,TR,ספגטי 1 ARBELLA,גרמים,500.00,100 גרם,false,,4.90,0.0098,true,1,1347694
8697431460217,false,קונפיטורה 70% תפוזים 450 ג' FRUPPA,פרוטנגו Fruitango,,קונפיטור 70% תפוזים,גרמים,450.00,100 גרם,false,,12.90,0.0287,true,1,1339847
8697431460378,false,קונפיטורה70% שזיף 450 ג' FRUPPA,פרוטנגו Fruitango,,קונפיטורה 70% שזיפים,גרמים,450.00,100 גרם,false,,12.90,0.0287,true,1,1339850
8697464940595,false,מעמד מחסנית נייר טוא,,,מעמד מחסנית נייר טוא,יחידה,0.00,יחידה,false,,49.90,0.0000,true,1,2465724
8697633820062,false,סלסלת פירות / ירקות,,,סלסלת פירות / ירקות,יחידה,0.00,יחידה,false,,9.90,0.0000,true,1,2531098
8697633820246,false,סלסלת פירות / ירקות,,,סלסלת פירות / ירקות,יחידה,0.00,יחידה,false,,16.90,0.0000,true,1,2531104
8697659232733,false,"מבשם אריגים -פרש כותנה 425מ""ל",ATAK,TR,מבשם אריגים,מיליליטרים,475.00,"100 מ""ל",false,,12.90,0.0272,true,1,2169210
8697659238124,false,"פרש&מור - הכוכב האדום 400 מ""ל",,,מטהר אוויר פרש&מור,יחידה,0.00,יחידה,false,,19.90,0.0000,true,1,2425058
8697826469092,false,טורטיות ראפ בקוטר 20,דין שיווק,TR,טורטיות ראפ 540 גרם,גרמים,540.00,100 גרם,false,,9.90,0.0183,true,1,1327699
8697853092874,false,"שייקר 750 מ""ל",,,"שייקר 750 מ""ל",יחידה,0.00,יחידה,false,,9.90,0.0000,true,1,2531142
8697853093543,false,מלחיית ביצה,,,מלחיית ביצה,יחידה,0.00,יחידה,false,,6.90,0.0000,true,1,2531146
8699073291273,false,פלפל כבוש חריף 640 גרם MELIS כשרות K,מליס Melis,,פלפל כבוש חריף 640 ג,גרמים,640.00,100 גרם,false,,12.90,0.0202,true,1,2433361
8699073292768,false,חציל קלוי על האש 640 גרם MELIS כשרות K,,,חציל קלוי על האש 640,גרמים,640.00,100 גרם,false,,12.90,0.0202,true,1,2433362
8699273551276,false,מרק WINDMILL קרם- אר,,,מרק WINDMILL קרם- אר,יחידה,0.00,יחידה,false,,19.90,0.0000,true,1,1983069
8699273551313,false,צלחת WINDMILL 9 קרם-,,,צלחת WINDMILL 9 קרם-,יח',10.00,יח',false,,19.90,1.9900,true,1,1983073
8699273551566,false,צלחת WINDMILL 9 שקוף,,,צלחת WINDMILL 9 שקוף,יח',10.00,יח',false,,19.90,1.9900,true,1,1983086
8699273552549,false,קסרול WINDMILL קרם-,,,קסרול WINDMILL קרם-,יח',10.00,יח',false,,12.90,1.2900,true,1,1983094
8699568532003,false,וולה פלקס ספריי לעיצוב שיער מגה עמיד 250,,,וולה פלקס ספריי לעיצ,מיליליטרים,250.00,"100 מ""ל",false,,29.90,0.1196,true,1,2431130
8699863090901,false,מברשת אסלה סט שרותים,,,מברשת אסלה סט שרותים,יחידה,0.00,יחידה,false,,14.90,0.0000,true,1,2490648
8710103803874,false,6-18 חלל בנים ULTRA.SOFT מוצצי,,,מוצצי  ultra soft 6-,יח',2.00,יח',false,,44.90,22.4500,true,1,2525053
8710103845645,false,6-18 DECO MIX מוצץ,,,6-18 Ultra Air Deco,יח',2.00,יח',false,,42.90,21.4500,true,1,2525058
8710103873938,false,פטמה נטורל 2 מעבר בינוני,,,פטמת נטורל מעבר בינו,יח',2.00,יח',false,,42.90,21.4500,true,1,2525059
8710103874119,false,אוונט פיליפס פטמה נטורל 2,,,פטמת נטורל מעבר מהיר,יח',2.00,יח',false,,42.90,21.4500,true,1,2525061
8710103876540,false,בקבוק אוונט נטורל 26,,,בקבוק אוונט נטורל 26,יח',1.00,יח',false,,44.90,44.9000,true,1,2525067
8710103938538,false,SEA SOFT 6-18 BOY מו,,,SEA SOFT 6-18 BOY מו,יח',2.00,יח',false,,44.90,22.4500,true,1,2544138
8710103949398,false,AIR COLL6-18 BOY ANI,,,AIR COLL6-18 BOY ANI,יח',2.00,יח',false,,42.90,21.4500,true,1,2525091
8710428005762,false,תרכובת מזון לתינוקות על בסיס חלבון סויה איזומיל טף שלב 2,אבוט מעבדות רפואיות,NL,SIMILAC ISOMIL TAF NG 400,גרמים,400.00,100 גרם,false,,44.90,0.1122,true,1,1306611
8710428017024,false,אבקה להכנת משקה בטעם שוקולד,פדיאשור Pediasure,,פדיאשור משקה להשלמה,גרמים,850.00,100 גרם,false,,79.90,0.0940,true,1,2421529
8710447275306,false,"דאב - קרם ידיים אבוקדו 75 מ""ל",,,קרם ידיים דאב שמן אב,מיליליטרים,75.00,"100 מ""ל",false,,12.90,0.1720,true,1,2328294
8710447275313,false,"דאב - קרם ידיים קוקוס 75 מ""ל",,,קרם ידיים דאב שמן קו,מיליליטרים,75.00,"100 מ""ל",false,,12.90,0.1720,true,1,2328295
8710502064814,false,עוגיות שוקולד ציפס במרקם רך 175 ג',בנקטבקריי מרבה בי.וי,NL,עוגיות שוקולד ציפס 1,גרמים,175.00,100 גרם,false,,8.90,0.0509,true,1,1339192
8710502139017,false,עוגיות מרבה טריפל שוקולד שוקוצ'יפס 180ג',בנקטבקריי מרבה בי.וי,NL,מרבה עוגיות טריפל שוקולד,גרמים,180.00,100 גרם,false,,8.90,0.0494,true,1,1339193
8710502194801,false,עוגיות שוקולד צ'יפס במרקם רך עם פירות יער,בנקטבקריי מרבה בי.וי,NL,עוגיות שוקולד צי'פס,גרמים,175.00,100 גרם,false,,8.90,0.0509,true,1,1453939
8710502231018,false,מרבה עוגיות שוקולד צ'יפס מיני 175 ג',"מרבה בע""מ",NL,עוגיות מרבה שוקולד צ,גרמים,175.00,100 גרם,false,,8.90,0.0509,true,1,2438161
8710502279010,false,מרבה עוגיות שוקולד צ'יפס מצופות שוקולד 175 ג',"מרבה בע""מ",NL,עוגיות שוקולד צ'יפס,גרמים,175.00,100 גרם,false,,8.90,0.0509,true,1,2434908
8710502285509,false,עוגיות לימון ושוקולד צ'יפס במרקם רך 175 ג' מרבה,בנקטבקריי מרבה בי.וי,NL,עוגיות לימון ושוקולד,גרמים,175.00,100 גרם,false,,8.90,0.0509,true,1,2478506
8710502405204,false,מרבה עוגיות שוקוציפס ממולא קרם שוקולד 175ג',קריניציה ויטמינה אס,NL,מרבה עוגיות ממולאות קרם,גרמים,175.00,100 גרם,false,,8.90,0.0509,true,1,1339195
8710502470028,false,עוגיות שוקולד צ'יפס ממולאות בקרם נוגט,COLGATE PALMOLIVE,NL,מרבה עוגיות נוגטלי 160 ג,גרמים,160.00,100 גרם,false,,8.90,0.0556,true,1,1339197
8710522584200,false,"דאב - תחליב רחצה ורדים ואלוורה 500 מ""ל",דאב Dove,,תחליב רחצה דאב 500 מ,מיליליטרים,500.00,"100 מ""ל",false,,14.90,0.0298,true,1,2466741
8710552274614,false,"וניש גולד קצף לשטיחים 600 מ""ל",קליה וניש Kalia Vanish,,וניש גולד קצף שטיחים,מיליליטרים,600.00,"100 מ""ל",false,,24.90,0.0415,true,1,2024963
8710800027573,false,סוכריות מיני מנטוס פירות שקית 178ג',מנטוס Mentos,NL,שקית מיני מנטוס,גרמים,178.00,100 גרם,false,,10.00,0.0562,true,1,1326711
8710800961310,false,סוכריות מנטוס תות מארז 37.5X4ג',פרפטי ואן מלה ברדה,NL,מנטוס 1/4 טעם תות,גרמים,150.00,100 גרם,false,,10.90,0.0727,true,1,1326712
8710847860829,false,"רקסונה - דאודורנט רול און לאישה כותנה 50 מ""ל",יוניליוור,,דאודורנט רול און רקס,מיליליטרים,50.00,"100 מ""ל",false,,15.90,0.3180,true,1,2374702
8710847860843,false,"רקסונה - דאודורנט רולאון לאישה אינביזיבל 50 מ""ל",,,דאודורנט רול און רקס,מיליליטרים,50.00,"100 מ""ל",false,,15.90,0.3180,true,1,2377342
8710847942693,false,"טרזמה - מרכך שמן המפ 400 מ""ל",יוניליוור,PL,מרכך טרזמה קרטין 400,מיליליטרים,400.00,"100 מ""ל",false,,14.90,0.0373,true,1,2464597
8710908326691,false,"דאב תחליב רחצה פיסטוק 750 מ""ל","יוניליוור גרמניה, gm",DE,דאב תחליב רחצה אדמונ,מיליליטרים,750.00,"100 מ""ל",false,,19.90,0.0265,true,1,1422344
8710908882463,false,תחליב רחצה Invigorating Ritual עם שמן אבוקדו וקלנדולה,דאב Dove,,תחליב רחצה דאב 500 מ,מיליליטרים,500.00,"100 מ""ל",false,,14.90,0.0298,true,1,1919915
8711000362556,false,קפסולות אספרסו סונטוסו 10*52 ג' LOR,גיקובס דאו אגברטס צר,FR,לור קפסולות קפה אספר,גרמים,52.00,100 גרם,false,,19.90,0.3827,true,1,2098699
8711000362570,false,קפסולות אספרסו פורזה עוצמה 9,גיקובס דאו אגברטס צר,FR,לור קפסולות קפה אספר,גרמים,52.00,100 גרם,false,,19.90,0.3827,true,1,2098700
8711000362617,false,קפסולות אספרסו לונגו פרופונדו עוצמה 8,יוניליוור גרמניה Gm,FR,לור קפסולות קפה אספר,גרמים,52.00,100 גרם,false,,19.90,0.3827,true,1,2098701
8711000362631,false,קפסולות אספרסו אוניקס עוצמה 12,גיקובס דאו אגברטס צר,FR,לור קפסולות קפה אספר,גרמים,52.00,100 גרם,false,,19.90,0.3827,true,1,2098702
8711000362655,false,קפסולות קפה לור אספר,קראפט,FR,לור קפסולות קפה אספר,גרמים,52.00,100 גרם,false,,19.90,0.3827,true,1,2410537
8711000362679,false,לור קפסולות קפה אספרסו קולומביה 52 גר,קריניציה ויטמינה אס,FR,לור קפסולות קפה אספר,גרמים,52.00,100 גרם,false,,19.90,0.3827,true,1,2344642
8711000371176,false,קפסולות קפה אספרסו קלאסיקו 10*52 ג' ג'ייקובס,קריניציה ויטמינה אס,FR,ג'ייקובס קפסולות קפה,גרמים,52.00,100 גרם,false,,12.90,0.2481,true,1,2157379
8711000371183,false,קפסולות קפה אספרסו אינטנסו 10*52 ג' ג'ייקובס,קריניציה ויטמינה אס,FR,ג'ייקובס קפסולות קפה,גרמים,52.00,100 גרם,false,,12.90,0.2481,true,1,2193142
8711000371206,false,קפסולות קפה אספרסו ריסטרטו 10*52 ג' ג'ייקובס,קריניציה ויטמינה אס,FR,ג'ייקובס קפסולות קפה,גרמים,52.00,100 גרם,false,,12.90,0.2481,true,1,2193143
8711000371244,false,קפסולות קפה אספרסו לונגו 10*52 ג' ג'ייקובס,ג'ייקובס Jacobs,FR,ג'ייקובס קפסולות קפה,גרמים,52.00,100 גרם,false,,12.90,0.2481,true,1,2383780
8711000397466,false,קפסולות אספרסו נטול קפאין עוצמה 9,קריניציה ויטמינה אס,FR,לור קפסולות קפה אספר,גרמים,52.00,100 גרם,false,,19.90,0.3827,true,1,2187811
8711000431108,false,לור קפסולות קפה אספרסו הודו 52 גר,"ג'ייקובס דאו אגרבטס,",FR,לור קפסולות קפה אספר,גרמים,52.00,100 גרם,false,,19.90,0.3827,true,1,2344644
8711000471296,false,לור קפסולות קפה אספרסו 13 אול 52ג,קראפט,FR,לור קפסולות קפה אספר,גרמים,52.00,100 גרם,false,,19.90,0.3827,true,1,2410538
8711000472040,false,קפסולות קפה סלקשיין 10*52 ג' ג'ייקובס,ג'ייקובס Jacobs,FR,ג'ייקובס קפסולות קפה,גרמים,52.00,100 גרם,false,,12.90,0.2481,true,1,2469978
8711231169825,false,"חטיף סופר לקר 1 ק""ג",,,"חטיף סופר לקר 1 ק""ג",יחידה,0.00,יחידה,false,,39.90,0.0000,true,1,2527629
8711428077155,false,נקסקר סטריסטריפ 8 יח,,,נקסקר סטריסטריפ 8 יח,יח',8.00,יח',false,,24.90,3.1125,true,1,2435190
8712100739231,false,תה PG פירמידה,,,תה PG פירמידה,גרמים,110.00,100 גרם,false,,19.90,0.1809,true,1,1498925
8712400802499,false,תרכובת מזון המשך לפעוטות על בסיס חלב שלב 1,פרוטרופיק סיה.,NL,נוטרילון חלב לתינוקו,גרמים,800.00,100 גרם,false,,64.90,0.0811,true,1,1306998
8712400802512,false,תרכובת מזון המשך לפעוטות על בסיס חלב שלב 2,פרוטרופיק סיה.,NL,נוטרילון חלב לתינוקו,גרמים,800.00,100 גרם,false,,64.90,0.0811,true,1,1307000
8712400802536,false,תרכובת מזון המשך לפעוטות על בסיס חלב שלב 3,פרוטרופיק סיה.,NL,נוטרילון חלב לתינוקו,גרמים,800.00,100 גרם,false,,64.90,0.0811,true,1,1307002
8712561594240,false,"דאב תחליב רחצה להזנה עמוקה500 מ""ל-מרכז","יוניליוור גרמניה, Gm",DE,דאב ת.ר הזנה עמוקה 250ML,מיליליטרים,500.00,"100 מ""ל",false,,14.90,0.0298,true,1,1368177
8712561594608,false,"דאב תחליב רחיצה להזנה עמוקה 750 מ""ל","יוניליוור גרמניה, Gm",DE,דאב ת.ר מענג 750ML,מיליליטרים,750.00,"100 מ""ל",false,,19.90,0.0265,true,1,1368178
8712561609647,false,"דאב - תחליב רחצה חמאת שיאה 500 מ""ל",,,דאב תחליב רחצה חמאת,מיליליטרים,500.00,"100 מ""ל",false,,16.90,0.0338,true,1,2539277
8712561611183,false,"דאב - תחליב רחצה תה ירוק ומלפפון 500 מ""ל","יוניליוור גרמניה, Gm",DE,דאב ת.ר פרש 500ML,מיליליטרים,500.00,"100 מ""ל",false,,14.90,0.0298,true,1,1368179
8712561611411,false,תחליב רחצה מזין בניחוח מלפפון ותה ירוק,"יוניליוור גרמניה, Gm",DE,דאב ת.ר פרש 750ML,מיליליטרים,750.00,"100 מ""ל",false,,19.90,0.0265,true,1,1368180
8712561631570,false,"דאב סבון נוזלי חלב קוקוס 750מ""ל",יוניליוור,DE,דאב תחליב רחצה קוקוס ללא,מיליליטרים,750.00,"100 מ""ל",false,,19.90,0.0265,true,1,1368184
8712561646024,false,תחליב רחצה קרם פיסטוק ומגנוליה,דאב Dove,,תחליב רחצה דאב 750 מ,מיליליטרים,750.00,"100 מ""ל",false,,19.90,0.0265,true,1,2499526
8714100730003,false,מים מיסלרים מזינים לעור רגיל או יבש,דאב Dove,,מים מיסלרים לעור רגי,מיליליטרים,240.00,"100 מ""ל",false,,19.90,0.0829,true,1,2373531
8714599104316,false,ג'ייקובס קפה שחור קלוי וטחון טורקי 200ג',ג'ייקובס Jacobs,,קפה שחור ג'יקובס 200,גרמים,200.00,100 גרם,false,,14.90,0.0745,true,1,2382922
8714599104330,false,ג'ייקובס קפה שחור קלוי וטחון טורקי 85 ג',ג'ייקובס Jacobs,,קפה שחור ג'יקובס 85,גרמים,85.00,100 גרם,false,,6.90,0.0812,true,1,2382923
8714599410578,false,גייקובס גולד צנצנת קפה 48 גרם.,קראפט,,קפה ג'יקובס גולד צנצ,גרמים,47.50,100 גרם,false,,7.90,0.1663,true,1,2242654
8714599410806,false,קפה נמס קרוננג בשקית עם סגירה חוזרת,ג'ייקובס Jacobs,RU,קפה ג'יקובס 160 גרם,גרמים,160.00,100 גרם,false,,17.90,0.1119,true,1,2187799
8714599412220,false,קפה גייקובס וולווט מ,קראפט,,קפה ג'יקובס וולווט ק,גרמים,95.00,100 גרם,false,,14.90,0.1568,true,1,2459741
8714599412336,false,קפה נמס בריסטה אמריקנו קלוי וטחון 160 ג' ג'ייקובס,ג'ייקובס דאו אגברטס,RU,קפה ג'יקובס בריסטה,גרמים,160.00,100 גרם,false,,24.90,0.1556,true,1,2469980
8714599513781,false,קפה נמס גולד מיובש בהקפאה 200 ג' ג'ייקובס,אל.אל. סי ג''יקובס ד,RU,קפה ג'יקובס גולד 200,גרמים,200.00,100 גרם,false,,24.90,0.1245,true,1,1404121
8714599513828,false,ג'ייקובס קרוננג מיובש בהקפאה 47.5 ג' צנצנת,קראפט,,קפה ג'יקובס קרוננג ב,גרמים,47.50,100 גרם,false,,7.90,0.1663,true,1,2229804
8714599513835,false,קפה ג'יקובס נטול קופאין מיובש בהקפאה 200 ג',ג'ייקובס Jacobs,,קפה ג'יקובס נטול קפא,גרמים,200.00,100 גרם,false,,32.90,0.1645,true,1,1609522
8714599513866,false,"ג'ייקובס קרוננג מיובש בהקפאה כשל""פ 200 ג'",אל.אל.סי גייקובס דאו,DE,קפה ג'יקובס 200 גרם,גרמים,200.00,100 גרם,false,,24.90,0.1245,true,1,1404122
8714789177229,false,מברשת שיניים אקסטרה קלין מדיום - מארז רביעיה,הנסיך- מפעל לייצור ט,CN,קולגייט אקסטרה קלין רביעי,יח',4.00,יח',false,,9.90,2.4750,true,1,1339203
8714789218465,false,קולגייט מברשת שיניים 360 סופט זוג,הנסיך- מפעל לייצור ט,CN,קולגייט מברשת 360 זוג S ח,יח',2.00,יח',false,,19.90,9.9500,true,1,1339208
8714789292939,false,זוג מברשות שניים מקס,COLGATE PALMOLIVE,CN,קולגייט מברשת מקס פרש S ז,יח',2.00,יח',false,,24.90,12.4500,true,1,1339212
8714789303925,false,מברשת שיניים 360 Sensitive אקסטרא סופט - מארז זוג,קולגייט- פלמוליב,CH,קולגייט מברשת 360 סנסטיב,יח',2.00,יח',false,,19.90,9.9500,true,1,1339214
8714789402932,false,נוזל לניקוי כללי ולרצפה בניחוח ורדים,הנסיך- מפעל לייצור ט,GR,אגקס חגיגת הפרחים ורוד 1.,ליטרים,1.50,ליטר,false,,14.90,9.9333,true,1,1339218
8714789402970,false,נוזל לניקוי כללי ולרצפה בניחוח פרחי אביב,הנסיך- מפעל לייצור ט,GR,אגקס חגיגת הפרחים ירוק 1.,ליטרים,1.50,ליטר,false,,14.90,9.9333,true,1,1339219
8714789450315,false,נוזל כלים בניחוח פריחת הלימון,הנסיך- מפעל לייצור ט,GR,פלמוליב כלים שקוף לימון 1,ליטרים,1.50,ליטר,false,,15.90,10.6000,true,1,1339220
8714789529561,false,קולגייט משחת שיניים סנסטיב להלבנה 111 ג',קולגייט פלמוליב,PL,קולגייט סנסיטיב פרו ריליף,מיליליטרים,75.00,"100 מ""ל",false,,14.90,0.1987,true,1,1339227
8714789582764,false,אג'קס ספריי לניקוי חלונות ומשטחים,"ש. שסטוביץ בע""מ",GR,אגקס טריגר 750 מל,מיליליטרים,750.00,"100 מ""ל",false,,12.90,0.0172,true,1,1339230
8714789797786,false,נוזל כלים 4 ב- 1 מסיר כתמי אוכל,יבואן ומשווק: ש. שסט,GR,פלמוליב כלים שקוף גרםיס ב,מיליליטרים,750.00,"100 מ""ל",false,,11.90,0.0159,true,1,1339245
8714789831275,false,קולגייט מברשת שיניים 360 אופטיק וואיט זוג,קולגייט פלמוליב,CN,קולגייט מברשת 360 אופטיק,יח',2.00,יח',false,,19.90,9.9500,true,1,1339251
8714789834467,false,פלמוליב נוזל כלים 1.5 ליטר,פלמוליב Palmolive,GR,פלמוליב כלים שקוף קלאסי 1,ליטרים,1.50,ליטר,false,,15.90,10.6000,true,1,1339252
8714789835112,false,מברשת קולגייט חשמלי 360,COLGATE PALMOLIVE,CN,קולגייט מברשת 360 אופטיק,יח',1.00,יח',false,,69.90,69.9000,true,1,1339253
8714789930848,false,"משחת שיניים אופטיק וויט אינסטנט 75 מ""ל קולגייט",הנסיך- מפעל לייצור ט,PL,קולגייט משחת אופטיק וייט,מיליליטרים,75.00,"100 מ""ל",false,,19.90,0.2653,true,1,1339258
8715035520301,false,פונזו רוטב יפני מסורתי מבוסס על רוטב סויה ולימון,קיקומן פודז יורופ בי,NL,רוטב סויה ולימון פונ,מיליליטרים,250.00,"100 מ""ל",false,,19.90,0.0796,true,1,2275943
8715700110141,false,מיונז קרמי היינץ צנצנת 460ג',ה.י.היינץ הולדינג בי,NL,ממרח מיונז היינץ בצנ,גרמים,460.00,100 גרם,false,,11.90,0.0259,true,1,1794643
8715700110158,false,מיונז לייט היינץ צנצנת 490 גר',ה.י.היינץ הולדינג בי,NL,מיונז היינץ בצנצנת 4,גרמים,490.00,100 גרם,false,,11.90,0.0243,true,1,1794644
8715700115641,false,ממרח מיונז לחיץ לייט במרקם קרמי 420 ג' היינץ,היינץ Heinz,,ממרח היינץ 420 גרם ל,גרמים,420.00,100 גרם,false,,14.90,0.0355,true,1,1661698
8715700117805,false,"קטשופ היינץ מתבל עגבניות ללא תוספת סוכר ומלח 425 מ""ל",ה.י היינץ הולדינג בי,NL,קטשופ היינץ מופחת סו,גרמים,425.00,100 גרם,false,,11.90,0.0280,true,1,2396670
8715700118925,false,קטשופ חריף 460 ג' היינץ,,,קטשופ היינץ חריף 460,גרמים,460.00,100 גרם,false,,11.90,0.0259,true,1,2548262
8715700419695,false,רוטב היינץ ברביקיו מ,היינץ Heinz,,רוטב ברבקיו 500 גרם,גרמים,500.00,100 גרם,false,,12.90,0.0258,true,1,1812458
8715700419732,false,מתבל עגבניות היינץ 7,ה.י. היינץ,NL,קטשופ היינץ 700 גרם,גרמים,700.00,100 גרם,false,,11.90,0.0170,true,1,1307003
8715700421322,false,רוטב ברביקיו עם צ'ילי,היינץ Heinz,,רוטב ברבקיו 490 גרם,גרמים,490.00,100 גרם,false,,12.90,0.0263,true,1,1812459
8715700423906,false,קטשופ מתובל עגבניות 50% פחות סוכר 555ג' היינץ,היינץ צפון אמריקה מק,NL,קטשופ היינץ 555 גרם,גרמים,555.00,100 גרם,false,,11.90,0.0214,true,1,1874970
8717163655764,false,"רקסונה - דאודורנט ספריי לאישה שוואר פרש 150 מ""ל",,,דאודורנט ספריי רקסונ,מיליליטרים,150.00,"100 מ""ל",false,,13.90,0.0927,true,1,2377343
8717163655825,false,"רקסונה דאו' ספריי לנשים בניחוח כותנה, 150 מ""ל",יוניליוור,,דאודורנט ספריי רקסונ,מיליליטרים,150.00,"100 מ""ל",false,,13.90,0.0927,true,1,2377336
8717163658314,false,תחליב רחצה מים מיסלריים היפואלרגני לעור רגיש,יוניליוור,DE,דאב תחליב רחצה מים מ,מיליליטרים,500.00,"100 מ""ל",false,,16.90,0.0338,true,1,2223066
8717163714850,false,"דאב - דאודורנט ספריי לאישה קוקוס ויסמין 150 מ""ל",דאב Dove,,דאב ספריי קוקוס ויסמ,מיליליטרים,150.00,"100 מ""ל",false,,17.90,0.1193,true,1,2349694
8717163842669,false,"דאב - תחליב רחצה חימר ירוק 500 מ""ל",יוניליוור גרמניה,DE,דאב תחליב רחצה חימר,מיליליטרים,500.00,"100 מ""ל",false,,16.90,0.0338,true,1,2379081
8717163842676,false,"דאב - תחליב רחצה חימר ורוד 500 מ""ל",יוניליוור גרמניה Gmb,DE,דאב תחליב רחצה חימר,מיליליטרים,500.00,"100 מ""ל",false,,16.90,0.0338,true,1,2379082
8717163947692,false,"אקס ג'ל רחצה לגבר פרש ברגמוט ופינק פפר 400 מ""ל","יוניליוור גרמניה, רח",DE,אקס ג'ל רחצה פינק פפ,מיליליטרים,400.00,"100 מ""ל",false,,15.90,0.0398,true,1,2398683
8717644390566,false,סבון מוצק ירוק מלפפון 4* 100 ג' דאב,יוניליוור גרמניה (בו,DE,דאב סבון מוצק פרש טאץ' 40,גרמים,400.00,100 גרם,false,,18.90,0.0472,true,1,1341702
8717677336593,false,טוניס שוקולד חלב 180 גרם רבנות - נוכרי,טוניס Tony's,,שוקולד חלב 180 גרם ט,גרמים,180.00,100 גרם,false,,17.90,0.0994,true,1,2495882
8717677336616,false,טוניס שוקולד מריר+שקדים ומלח 180 גרם רבנות - נוכרי,אלפרד ריטר,NL,שוקולד מריר עם שקדים,גרמים,180.00,100 גרם,false,,17.90,0.0994,true,1,2495883
8717677336630,false,שוקולד חלב מעולה שקדים ודבש 180 גרם,אלפרד ריטר,NL,שוקולד חלב עם שקדים,גרמים,180.00,100 גרם,false,,17.90,0.0994,true,1,2495884
8717677336654,false,טוניס - שוקולד חלב מעולה עם שברי קרמל מלוח,קימס שוקולאטס,NL,שוקולד חלב עם שברי ק,גרמים,180.00,100 גרם,false,,17.90,0.0994,true,1,2527194
8717677336661,false,טוניס שוקולד מריר מעולה 70% 180 גרם רבנות - נוכרי,אלפרד ריטר,NL,שוקולד מריר 70% 180,גרמים,180.00,100 גרם,false,,17.90,0.0994,true,1,2495885
8717677338436,false,טוניס שוקולד חלב+אגוזי לוז 180 גרם רבנות - נוכרי,אלפרד ריטר,NL,שוקולד חלב עם אגוזי,גרמים,180.00,100 גרם,false,,17.90,0.0994,true,1,2495886
8718114734484,false,מיונז מיילי 320 גרם,MAILLE,,מיונז מיילי,גרמים,320.00,100 גרם,false,,15.90,0.0497,true,1,1598875
8718117607662,false,נוטרילון A.R תרכובת מזון מגיל לידה,נוטרילון Nutrilon,,נוטרילון אנטי ריפלוק,גרמים,900.00,100 גרם,false,,99.90,0.1110,true,1,2378278
8718951001589,false,"אגקס ספריי מסיר שומנים במטבח 600 מ""ל",הנסיך- מפעל לייצור ט,GR,אג'קס ספריי רב פעולות,מיליליטרים,600.00,"100 מ""ל",false,,12.90,0.0215,true,1,1373534
8718951001596,false,ספריי לניקוי אמבטיה מסיר אבנית,הנסיך- מפעל לייצור ט,GR,אג'קס ספריי רב פעולות,מיליליטרים,600.00,"100 מ""ל",false,,12.90,0.0215,true,1,1373535
8718951001602,false,"אגקס ספריי רב פעולות 600 מ""ל",הנסיך- מפעל לייצור ט,GR,אג'קס ספריי רב פעולות,מיליליטרים,600.00,"100 מ""ל",false,,12.90,0.0215,true,1,1373536
8718951030169,false,משחת שיניים Sensifoam לשיניים רגישות ולהלבנה,קולגייט Colgate,,משחת קולגייט סנסטיב+,מיליליטרים,75.00,"100 מ""ל",false,,14.90,0.1987,true,1,2402878
8718951030206,false,"קולגייט סנסיטיב מולטי פרוטקשן משחת שיניים 75 מ""ל",קולגייט-פלמוליב,PL,משחת קולגייט סנסטיב,מיליליטרים,75.00,"100 מ""ל",false,,14.90,0.1987,true,1,2398322
8718951031241,false,משחת שיניים הגנה מקצ,,,משחת שיניים הגנה מקצ,מיליליטרים,75.00,"100 מ""ל",false,,18.90,0.2520,true,1,2546300
8718951044913,false,מרידול משחת שיניים הלבנה 75 מל,COLGATE PALMOLIVE,DE,מרידול משחת שיניים הליטוז,גרמים,75.00,100 גרם,false,,21.90,0.2920,true,1,1373470
8718951048669,false,אג'קס ספריי לניקוי חלונות בניחוח חגיגת הפרחים,אג'קס Ajax,,אג'קס חלונות טריגרם,מיליליטרים,750.00,"100 מ""ל",false,,12.90,0.0172,true,1,2497660
8718951079205,false,"קולגייט סנסיטיב פרו רליף רפיר פריוונט 75 מ""ל",קולגייט Colgate,,משחת שיניים סנסטיב פ,מיליליטרים,75.00,"100 מ""ל",false,,14.90,0.1987,true,1,1806392
8718951093331,false,מרידול מברשת שיניים אקסטרה סופט זוג,קולגייט פלמוליב,,מברשות שיניים זוג מר,יח',2.00,יח',false,,34.90,17.4500,true,1,1415854
8718951144064,false,מרידול מברשת שיניים פרודונט אקספרט זוג,מרידול Meridol,,זוג מברשות שיניים מר,יח',2.00,יח',false,,34.90,17.4500,true,1,1700874
8718951159808,false,מברשות שיניים 360 מדיום- מארז שלישייה,קולגייט פלמוליב,CN,מברשות שיניים שלישיי,יח',3.00,יח',false,,29.90,9.9667,true,1,1694048
8718951160897,false,תרסיס ניקוי אופטימל 7 מכיל אקונומיקה,קולגייט פלמוליב,GR,א'גקס ספריי עוצמת ה7,מיליליטרים,500.00,"100 מ""ל",false,,12.90,0.0258,true,1,1753636
8718951166288,false,משחת שיניים Max White קריסטלים לבנים,הנסיך- מפעל לייצור ט,PL,משחת שינים מקס וייט,גרמים,125.00,100 גרם,false,,19.90,0.1592,true,1,2116033
8718951166561,false,משחת שיניים לרעננות מוגברת max fresh cooling crystals,הנסיך- מפעל לייצור ט,PL,משחת שינים מקס פרש כ,גרמים,125.00,100 גרם,false,,19.90,0.1592,true,1,2116034
8718951175280,false,"קולגייט משחת שיניים טוטל פרו ויזבל עם קציף 75 מ""ל",קולגייט Colgate,,משחת שיניים קולגייט,מיליליטרים,75.00,"100 מ""ל",false,,14.90,0.1987,true,1,2177816
8718951176874,false,"קולגייט מי פה מיניון 250 מ""ל",קולגייט-פלמוליב,PL,מי פה קולגייט מיניון,מיליליטרים,250.00,"100 מ""ל",false,,16.90,0.0676,true,1,2473715
8718951187115,false,זוג מברשות שיניים אלמקס לילדים גילאי 3-6,אלמקס,,מברשת שיניים זוג ילד,יח',2.00,יח',false,,22.90,11.4500,true,1,2513239
8718951187122,false,זוג מברשות שיניים אלמקס לילדים גילאי 0-3,אלמקס,,מברשת שיניים זוג ילד,יח',2.00,יח',false,,22.90,11.4500,true,1,2513240
8718951222779,false,"מרידול פור משחה לשיניים וחניכיים בריאות 75 מ""ל",קולגייט פלמוליב,PL,מרידול פור משחת שיני,גרמים,75.00,100 גרם,false,,25.90,0.3453,true,1,2379552
8718951236790,false,"קולגייט טוטאל משחת שיניים קלין מינט לפה בריא 100 מ""ל",קולגייט Colgate,PL,משחת שינים קולגייט ט,מיליליטרים,100.00,"100 מ""ל",false,,14.90,0.1490,true,1,2177867
8718951236806,false,"קולגייט טוטאל הלבנה להסרת כתמים מהשן 100 מ""ל",קולגייט Colgate,PL,משחת שיניים קולגייט,מיליליטרים,100.00,"100 מ""ל",false,,14.90,0.1490,true,1,2177868
8718951236813,false,"קולגייט טוטאל משחת שיניים ניקוי מתקדם לפה בריא יותר 100 מ""ל",קולגייט Colgate,PL,משחת שיניים קולגייט,מיליליטרים,100.00,"100 מ""ל",false,,14.90,0.1490,true,1,2177844
8718951254527,false,משחת שיניים רגישות פרו רליף חוזק מוגבר,קולגייט Colgate,PL,משחת שיניים סנסטיב פ,מיליליטרים,75.00,"100 מ""ל",false,,14.90,0.1987,true,1,2371261
8718951259409,false,תחליב פלמוליב נטורלס,קולגייט פלמוליב,TR,סבון נוזלי פלמוליב נ,מיליליטרים,750.00,"100 מ""ל",false,,16.90,0.0225,true,1,2537817
8718951264618,false,"קולגייט אופטיק וייט פחם צ'רקול משחת שיניים, 75 מ""ל",קולגייט-פלמוליב,PL,משחת שינים קולגייט א,מיליליטרים,75.00,"100 מ""ל",false,,24.90,0.3320,true,1,2399086
8718951265103,false,קולגייט מברשת אולטרה סופט זוג,קולגייט פלמוליב,CN,מברשת שיניים קולגייט,יח',2.00,יח',false,,29.90,14.9500,true,1,2371262
8718951281738,false,אלמקס סנסיטיב משחה לשיניים רגישות,אלמקס,,משחת שיניים אלמקס 75,מיליליטרים,75.00,"100 מ""ל",false,,18.90,0.2520,true,1,2407731
8718951286672,false,"משחת שיניים לחניכיים, 75 מ""ל קולגייט",,,משחת שניים לחניכיים,מיליליטרים,75.00,"100 מ""ל",false,,24.90,0.3320,true,1,2544015
8718951286733,false,"קולגייט אופטיק וייט לסטינג וויט 75 מ""ל",קולגייט Colgate,PL,משחת שינים קולגייט א,מיליליטרים,75.00,"100 מ""ל",false,,24.90,0.3320,true,1,2478492
8718951288492,false,"משחת שיניים מרידול בי טיוב מארז 2*75 מ""ל",,,מארז זוג משחת שיניים,מיליליטרים,150.00,"100 מ""ל",false,,24.90,0.1660,true,1,2387483
8718951289833,false,פלמוליב סבון מוצק לומינוס 4*90 ג',קולגייט פלמוליב,TR,סבון מוצק רביעייה פל,גרמים,360.00,100 גרם,false,,16.90,0.0469,true,1,2381127
8718951290150,false,מי פה לחניכיים Gum Invigorate רעננות וטיהור החניכיים קולגייט 360ג',,,מי פה לחניכיים 500מל,מיליליטרים,500.00,"100 מ""ל",false,,29.90,0.0598,true,1,2544016
8718951313927,false,"פלמוליב סבון ידיים חימר ואקליפטוס 300 מ""ל",פלמוליב Palmolive,TR,סבון ידיים פלמוליב ח,מיליליטרים,300.00,"100 מ""ל",false,,10.90,0.0363,true,1,2413534
8718951314023,false,"תחליב רחצה אפרסק 750 מ""ל פלמוליב",,,סבון נוזלי פלמוליב א,מיליליטרים,750.00,"100 מ""ל",false,,16.90,0.0225,true,1,2490318
8718951315303,false,משחת שיניים קולגייט הגנה מקסימלית - מארז זוג,קולגייט-פלמוליב,PL,משחת שיניים קולגייט,מיליליטרים,200.00,"100 מ""ל",false,,16.90,0.0845,true,1,2407732
8718951319806,false,פלמוליב לגבר ג'ל רחצה ושמפו מרענן 750 מל,פלמוליב Palmolive,TR,שמפו וג'ל רחצה פלמול,מיליליטרים,750.00,"100 מ""ל",false,,16.90,0.0225,true,1,2387539
8718951320093,false,זוג מברשות 360 אדוונס וויט שיניים קולגייט,קולגייט-פלמוליב,CN,מברשת שיניים קולגייט,יח',2.00,יח',false,,29.90,14.9500,true,1,2407733
8718951334069,false,"אגקס טריגר שירותים 500 מ""ל",,,אג'קס טריגר לשירותים,מיליליטרים,500.00,"100 מ""ל",false,,12.90,0.0258,true,1,2521515
8718951338128,false,"ליידי ספיד סטיק רול און שאוור פרש 50 מ""ל",Colgate - Mexico,,דאודורנט רול און שאו,מיליליטרים,50.00,"100 מ""ל",false,,14.90,0.2980,true,1,2471596
8718951338395,false,"אגקס תגריד פיור הום סמבוק שחור 500 מ""ל",,GR,א'גקס טריגא פיור הום,מיליליטרים,500.00,"100 מ""ל",false,,12.90,0.0258,true,1,2422530
8718951345119,false,"אג'קס לניקוי כללי עוצמת 7 היביסקוס, 2 ל'",הנסיך- מפעל לייצור ט,GR,ניקוי כללי אג'קס 2 ל,ליטרים,2.00,ליטר,false,,22.90,11.4500,true,1,2434902
8718951350137,false,תחליב רחצה נטורלס עם,,,סבון נוזלי פלמוליב נ,מיליליטרים,750.00,"100 מ""ל",false,,16.90,0.0225,true,1,2537818
8718951354807,false,אג`קס רצפות ח.הפרחים בר אדום 1.5ל',אג'קס Ajax,,אג'קס חגיגת הפרחים י,ליטרים,1.50,ליטר,false,,14.90,9.9333,true,1,2420222
8718951365865,false,מברשת עם סיבי פחם בצפיפות גבוהה קולגייט,קולגייט פלמוליב,CN,זוג מברשות שיניים קו,יח',2.00,יח',false,,29.90,14.9500,true,1,2465562
8718951366015,false,"קולגייט - משחת שיניים אופטיק וויט אקס קומפ 75 מ""ל",,,משחת שיניים להלבנה מ,מיליליטרים,75.00,"100 מ""ל",false,,49.90,0.6653,true,1,2542512
8718951370135,false,"סבון נוזלי ארומה סנסיישן גלואו 750 מ""ל פלמוליב",קולגייט פלמוליב,TR,סבון נוזלי פלמוליב א,מיליליטרים,750.00,"100 מ""ל",false,,16.90,0.0225,true,1,2409978
8718951377998,false,מברשת שיניים סופט פואם סיבים רכים,קולגייט Colgate,,מברשת שיניים קולגייט,יח',2.00,יח',false,,29.90,14.9500,true,1,2433217
8718951381292,false,"משחת שיניים מקס דיטוקס פואם קולגייט 125 מ""ל",קולגייט Colgate,PL,משחת שינים מקס דיטוק,גרמים,125.00,100 גרם,false,,19.90,0.1592,true,1,2434909
8718951382787,false,"משחת שיניים אופטיק וויט חימר ומינרלים 75 מ""ל קולגייט",קולגייט Colgate,PL,משחת שינים קולגייט א,מיליליטרים,75.00,"100 מ""ל",false,,24.90,0.3320,true,1,2496672
8718951385290,false,אגקס לניקוי כללי כחול 2 ל',קולגייט פלמוליב,GR,ניקוי כללי אג'קס 2 ל,ליטרים,2.00,ליטר,false,,22.90,11.4500,true,1,2439008
8718951391253,false,נוזל אנטיבקטריאלי לניקוי כללי ורצפות,אג'קס Ajax,GR,אג'קס אנטי בקטריאלי,ליטרים,1.50,ליטר,false,,21.90,14.6000,true,1,2456393
8718951391284,false,נוזל אנטיבקטריאלי לניקוי כללי ורצפות רעננות הים,אג'קס Ajax,GR,אג'קס אנטי בקטריאלי,ליטרים,1.50,ליטר,false,,21.90,14.6000,true,1,2456394
8718951391314,false,"טריגר אנטי בקטריאלי אגקס , 500 מ""ל",אג'קס Ajax,GR,א'גקס טריגר אנטי בקט,מיליליטרים,500.00,"100 מ""ל",false,,12.90,0.0258,true,1,2438284
8718951400474,false,"תחליב רחצה קמליה ושקדים ללא משאבה750 מ""ל פלמולי",,,סבון נוזלי פלמוליב ק,מיליליטרים,750.00,"100 מ""ל",false,,16.90,0.0225,true,1,2522237
8718951400597,false,"תחליב רחצה קוקוס וחלב ללא משאבה750 מ""ל פלמוליב",פלמוליב Palmolive,,סבון נוזלי פלמוליב ק,מיליליטרים,750.00,"100 מ""ל",false,,16.90,0.0225,true,1,2522238
8718951409798,false,זוג מברשות שיניים מקס וויט פחם קולגייט,הנסיך- מפעל לייצור ט,CN,זוג מברשות שניים קול,יח',2.00,יח',false,,19.90,9.9500,true,1,2462023
8718951412378,false,משחת שיניים לחניכיים רגישות ולנשימה רעננה,קולגייט פלמוליב,,מרידול משחת שיניים נ,גרמים,75.00,100 גרם,false,,25.90,0.3453,true,1,2522225
8718951415836,false,"מי פה פלאקס פחם קולגייט 500 מ""ל",קולגייט Colgate,PL,מי פה קולגייט פלאקס,גרמים,500.00,100 גרם,false,,29.90,0.0598,true,1,2462029
8718951428492,false,"ג'ל רחצה לגבר 4 ב -1 מועשר בפחם פלמוליב 750 מ""ל",CP - Turkey+60,TR,סבון נוזלי פלמוליב ל,מיליליטרים,750.00,"100 מ""ל",false,,16.90,0.0225,true,1,2497661
8718951428522,false,"פלמוליב סבון רחצה לגבר 4 ב-1 המפ 750 מ""ל",CP - Turkey+60,TR,סבון נוזלי פלמוליב ל,מיליליטרים,750.00,"100 מ""ל",false,,16.90,0.0225,true,1,2488189
8718951431614,false,"סבון רחצה סו פירם מינרלים 750 מ""ל פלמוליב",קולגייט פלמוליב,TR,סבון נוזלי פלמוליב ס,מיליליטרים,750.00,"100 מ""ל",false,,16.90,0.0225,true,1,2478493
8718951433120,false,"קולגייט טוטאל ג'וניור 7-12 50 מ""ל",קולגייט פלמוליב,PL,משחת שיניים קולגייט,מיליליטרים,50.00,"100 מ""ל",false,,16.90,0.3380,true,1,2527965
8718951443358,false,"סבון ידיים הגיינה פלמוליב מארז 3*300 מ""ל",CP UK,TR,סבון ידיים פלמוליב ה,מיליליטרים,900.00,"100 מ""ל",false,,24.90,0.0277,true,1,2473722
8718951443372,false,סבון ידיים פלמוליב ז,,,סבון ידיים פלמוליב ז,מיליליטרים,900.00,"100 מ""ל",false,,24.90,0.0277,true,1,2543522
8718951461444,false,"זוג משחת שיניים טוטאל הלבנה ביטיו *100 מ""ל קולגייט",קולגייט פלמוליב,PL,קולגייט טוטל הלבנה 1,מיליליטרים,200.00,"100 מ""ל",false,,24.90,0.1245,true,1,2506568
8718951466371,false,משחת שיניים מרידול 7,קריות זול,PL,מרידול משחת שיניים 7,גרמים,75.00,100 גרם,false,,19.90,0.2653,true,1,2528744
8718951470323,false,קולגייט מברשת סופט פואם פחם 2יח,קולגייט פלמוליב,CN,מברשת שיניים קולגייט,יח',2.00,יח',false,,29.90,14.9500,true,1,2522231
8718951477384,false,"קולגייט משחת שיניים טוטאל ג'ל מתקדם פיור 75 מ""ל",קולגייט פלמוליב,PL,משחת שיניים קולגייט,מיליליטרים,75.00,"100 מ""ל",false,,19.90,0.2653,true,1,2497443
8718951497184,false,תחליב רחצה ים תיכוני,,IT,סבון גוף ים תיכוני 7,מיליליטרים,750.00,"100 מ""ל",false,,16.90,0.0225,true,1,2544017
8718951497207,false,"סבון גוף מועשר בלחות 750 מ""ל פלמוליב",,IT,סבון גוף מועשר בלחות,מיליליטרים,750.00,"100 מ""ל",false,,16.90,0.0225,true,1,2544018
8718951509627,false,"משחת שיניים אופטיק וויט לאוהבי קפה 75 מ""ל קולגייט",קולגייט פלמוליב,PL,משחת שינים קולגייט א,מיליליטרים,75.00,"100 מ""ל",false,,24.90,0.3320,true,1,2512860
8719128110349,false,"סירופ פטל פירות יער סודה, 500 מ""ל",סודהסטרים sodastream,,סירופ פירות יער 500,מיליליטרים,500.00,"100 מ""ל",false,,22.90,0.0458,true,1,1927745
8719128117232,false,סירופ פפסי סודה סטרי,סודה סטרים,IL,סירופ פפסי,מיליליטרים,440.00,"100 מ""ל",false,,22.90,0.0520,true,1,2458051
8719128117249,false,"סירופ פפסי מקס – 440 מ""ל",סודה סטרים,IL,סירופ פפסי מקס,מיליליטרים,500.00,"100 מ""ל",false,,22.90,0.0458,true,1,2458052
8719128117263,false,"סירופ מירינדה – 440 מ""ל",סודה סטרים,IL,סירופ מירנדה,מיליליטרים,440.00,"100 מ""ל",false,,22.90,0.0520,true,1,2458054
8719200998001,false,מרגרינה לאפיה ובישול בלי מלח 200 ג' בלו בנד,מיוצר עי קונדיטוריית,IL,בלובנד בלי מלח 200 ג,גרמים,200.00,100 גרם,false,,4.30,0.0215,true,1,2378781
8719200998018,false,מחמאה מרגרינה בטעם חמאה 200 ג' בלו בנד,פארייפאבה אגרואינדוס,IL,מחמאה בלובנד 200 גרם,גרמים,200.00,100 גרם,false,,4.60,0.0230,true,1,2378782
8719200998032,false,מזולה גלורי טעם חמאה 250ג',פארייפאבה אגרואינדוס,IL,מזולה בטעם חמאה 250,גרמים,250.00,100 גרם,false,,10.90,0.0436,true,1,2378784
8719200998094,false,מרגרינה מזולה בטעם טבעי ללא תוספת מלח,"מיוצר ע""י יוניליוור",IL,מזולה לאפיה ללא מלח,גרמים,200.00,100 גרם,false,,6.90,0.0345,true,1,2378790
8720181046612,false,"דאב - דאודורנט רול און לאישה אורגינל 50 מ""ל",יוניליוור,IL,דאב רולאון אורגינל,מיליליטרים,50.00,"100 מ""ל",false,,17.90,0.3580,true,1,2456454
8720181090202,false,"דאב תחליב רחצה משי 750 מ""ל",,,תחליב רחצה דאב 750 מ,מיליליטרים,750.00,"100 מ""ל",false,,19.90,0.0265,true,1,2439859
8720181090219,false,תחליב רחצה רימונים ותמצית פרח היביסקוס,דאב Dove,,תחליב רחצה דאב 750 מ,מיליליטרים,750.00,"100 מ""ל",false,,19.90,0.0265,true,1,2456398
8720181123955,false,"אקס - ג'ל רחצה ריצארג קריד 400 מ""ל",אקס Axe,,אקס ג'ל רחצה ריצארג,מיליליטרים,400.00,"100 מ""ל",false,,15.90,0.0398,true,1,2489037
8720181201332,false,דאב רביעיית סבון מוצק גרגירים,קריות זול,,סבון מוצק דאב 4 יח',גרמים,360.00,100 גרם,false,,16.90,0.0469,true,1,2521116
8720182253156,false,דאב רביעיית סבון מוצק ירוק,,,סבון מוצק דאב מלפפונ,גרמים,360.00,100 גרם,false,,16.90,0.0469,true,1,2521117
8720182253194,false,שישייה סבון מוצק דאב,יוניליוור גרמניה (בו,DE,שישייה סבון מוצק דאב,גרמים,540.00,100 גרם,false,,22.50,0.0417,true,1,2525596
8720182256362,false,סבון מוצק קלאסי 90X6 ג דאב,יוניליוור גרמניה (בו,DE,שישייה סבון מוצק דאב,גרמים,540.00,100 גרם,false,,22.50,0.0417,true,1,2525597
8720182256850,false,דאב רביעיית סבון מוצק,קריות זול,,סבון דאב לבן 4 יח',גרמים,360.00,100 גרם,false,,16.90,0.0469,true,1,2521118
8723400756552,false,מארז סוכריות מנטוס Mentos ריינבואו,פרפטי ואן מלה ברדה,NL,מנטוס 1/4 טעמים,גרמים,150.00,100 גרם,false,,10.90,0.0727,true,1,1326713
8723400782520,false,מנטוס סוכריות לעיסה בתפזורת בטעם פירות 160 ג',קדבורי,NL,סוכריות מנטוס לעיסה,גרמים,160.00,100 גרם,false,,7.90,0.0494,true,1,1839569
8723400782544,false,מנטוס סוכריות לעיסה בתפזורת בטעם מנטה 160 ג',פרפטי ואן מלה,NL,סוכריות מנטוס לעיסה,גרמים,160.00,100 גרם,false,,7.90,0.0494,true,1,1839570
8801055706440,false,מנות אישיות קפה נמס טייסטרס צ'ויס Taster's Choice,נסקפה Nescafe,KR,המוצר שייך ל - ONP,גרמים,36.00,100 גרם,false,,12.90,0.3583,true,1,1306367
8801055707966,false,קפה טייסטר צו'יס נס קפה בריסטה 180ג',נסטלה קוריאה - קפה,IL,טסטרס צ'ויס בריסטה,גרמים,180.00,100 גרם,false,,29.90,0.1661,true,1,1425873
8801055709427,false,נסקפה טייסטרס צ'ויס אלטה ריקה 100 ג',לוטה נסטלה קוריאה,KR,טסטרס צ'ויס אלטה ריק,גרמים,100.00,100 גרם,false,,16.90,0.1690,true,1,2478499
8801055709434,false,קפה נמס טייסטר צ'ויס קולומביה 100 גר',לוטה נסטלה קוריאה,KR,טסטרס צ'ויס קולומביה,גרמים,100.00,100 גרם,false,,16.90,0.1690,true,1,2478500
8801055709458,false,אבקה להכנת משקה קפה בטעם קפוצ'ינו קרמל,נסטלה קוריאה - קפה,,נסקפה קפוצ'ינו קרמל,גרמים,170.00,100 גרם,false,,21.90,0.1288,true,1,2505018
8801055709465,false,אבקה להכנת משקה קפה בטעם קפוצ'ינו וניל,נסטלה קוריאה - קפה,DE,נסקפה קפוצ'ינו וניל,גרמים,185.00,100 גרם,false,,21.90,0.1184,true,1,2505019
8801055709472,false,נסטלה - נסקפה קפוצ'ינו קלאסי 12.50 גרם * 10,נסטלה קוריאה - קפה,DE,נסקפה קפוצ'ינו קלאסי,גרמים,125.00,100 גרם,false,,21.90,0.1752,true,1,2505020
8801055709489,false,אבקה להכנת משקה קפה בטעם קפוצ'ינו אגוזים,נסטלה קוריאה - קפה,,נסקפה קפוצ'ינו אגוזי,גרמים,180.00,100 גרם,false,,21.90,0.1217,true,1,2505021
8801055709526,false,אבקה להכנת משקה קפה בטעם קפוצ'ינו שוקולד לבן,נסקפה Nescafe,,נסקפה קפוצ'ינו שוקול,גרמים,180.00,100 גרם,false,,21.90,0.1217,true,1,2510110
8802241131664,false,חטיף אצות קלויות עם מלח ים Laverland Crunch,טעמי אסיה Taste of Asia,,חטיף אצות ים,גרמים,40.50,100 גרם,false,,24.90,0.6148,true,1,1641193
8809395490098,false,מדבקות,,,מדבקות,יחידה,0.00,יחידה,false,,5.90,0.0000,true,1,2435155
8809395490531,false,מדבקות DAILY GIRL,,,מדבקות DAILY GIRL,יחידה,0.00,יחידה,false,,5.90,0.0000,true,1,2429939
8850006331699,false,קולגייט מברשת שיניים סלים סופט שלישיה,קולגייט פלמוליב,,מברשות שיניים שלישיי,יח',3.00,יח',false,,29.90,9.9667,true,1,2004631
8850006932964,false,מארז מברשות שיניים טוויסטר קולגייט חמישייה,קולגייט פלמוליב,VN,חמישיית מברשות שיניי,יח',5.00,יח',false,,29.90,5.9800,true,1,2442446
8850161160851,false,מי קוקוס קוקו מקס 35,טויו סייקאן קו.אל.טי,TH,מי קוקוס קוקו מקס 35,מיליליטרים,350.00,"100 מ""ל",false,,8.90,0.0254,true,1,2355609
8850161161247,false,מי קוקוס קוקו מקס 1,קוקו מקס Cocomax,,מי קוקוס קוקו מקס 1,ליטרים,1.00,ליטר,false,,14.90,14.9000,true,1,2355610
8850161167041,false,חלק קוקוס קוקו וואי,טויו טייקאן קו.אל.טי,TH,חלב קוקוס קוקו וואי,מיליליטרים,270.00,"100 מ""ל",false,,7.90,0.0293,true,1,2355611
8850161167089,false,חלב קוקוס קוקו וואי 1 ל',קוקו וואי Cocoway,,חלב קוקוס קוקו וואי,ליטרים,1.00,ליטר,false,,14.90,14.9000,true,1,2355612
8850372000472,false,מקלוני שעועית תאילנד,טעמי אסיה Taste of Asia,CN,מקלוני שעועית תאילנדי 20,גרמים,200.00,100 גרם,false,,8.90,0.0445,true,1,1343557
8850389103111,false,"סאפה אלוורה ענבים 300מ""ל",סאפה פובליק קומפני ל,TH,סאפה משקה ענבים 300,מיליליטרים,300.00,"100 מ""ל",false,,6.50,0.0217,true,1,1306435
8850389103128,false,"סאפה אלוורה תפוח 300מ""ל",סאפה פובליק קומפני ל,TH,סאפה משקה תפוח 300 מ,מיליליטרים,300.00,"100 מ""ל",false,,6.50,0.0217,true,1,1306436
8850389103159,false,"משקה ליצ'י עם חתיכות גלי קוקוס 320 מ""ל מוגו מוגו",סאפה פובליק קומפני ל,TH,מוגו מוגו ליצ'י עם ח,מיליליטרים,320.00,"100 מ""ל",false,,6.90,0.0216,true,1,2516104
8850389104637,false,"סאפה אלוורה בטעם אפרסק 300 מ""ל",סאפה פובליק קומפני ל,TH,סאפה משקה אפרסק 300,מיליליטרים,300.00,"100 מ""ל",false,,6.50,0.0217,true,1,1306437
8850389105825,false,סאפה אלוורה ענבים 1ליטר,סאפה פובליק קומפני ל,TH,סאפה משקה אלוורה ענב,ליטרים,1.00,ליטר,false,,12.90,12.9000,true,1,1306438
8850389105832,false,משקה אלוורה בטעם תפוחים,סאפה פובליק קומפני ל,TH,סאפה משקה אלוורה תפו,ליטרים,1.00,ליטר,false,,12.90,12.9000,true,1,1306439
8850389105849,false,משקה אלוורה בטעם אפרסק,סאפה פובליק קומפני ל,TH,סאפה משקה אלוורה אפר,ליטרים,1.00,ליטר,false,,12.90,12.9000,true,1,1306440
8850389111352,false,"משקה מלון עם חתיכות גלי קוקוס 320 מ""ל מוגו מוגו",סאפה פובליק קומפני ל,TH,מוגו מוגו מלון עם חת,מיליליטרים,320.00,"100 מ""ל",false,,6.90,0.0216,true,1,2516105
8850389115312,false,"סאפה אלוורה מלון 300 מ""ל",סאפה פובליק קומפני ל,TH,משקה סאפה מלון 300 מ,מיליליטרים,300.00,"100 מ""ל",false,,6.50,0.0217,true,1,1946582
8850389115336,false,סאפה מלון בקבוק תריסר 1ל',סאפה פובליק קומפני ל,TH,סאפה משקה מלון ליטר,ליטרים,1.00,ליטר,false,,12.90,12.9000,true,1,1946576
8850632604259,false,חיספוסים ממתק בטעם תות שדה בצורת מקלות,ג'נרל קנדי בעמ,TH,ממתק חמוץ מקלות בטעם,גרמים,50.00,100 גרם,false,,4.90,0.0980,true,1,1326717
8850632604266,false,יוגטה מקלות חמוצות בטעם קולה 50 גרם 24 יח',ג'נרל קנדי בעמ,TH,ממתק חמוץ מקלות בטעם,גרמים,50.00,100 גרם,false,,4.90,0.0980,true,1,1326718
8850632604372,false,יוגטה מקלות חמוצות שטיח - תות שדה 50 גרם,ג'נרל קנדי בעמ,TH,ממתק חמוץ שטיח בטעם,גרמים,50.00,100 גרם,false,,4.90,0.0980,true,1,1326719
8850632604402,false,יוגטה מקלות חמוצות שטיח בטעם מעורב24 יח',"ג'נרל קנדי בע""מ",TH,ממתק חמוץ שטיח בטעם,גרמים,50.00,100 גרם,false,,4.90,0.0980,true,1,1326720
8850632605201,false,חיספוסים ממתק בטעמי פירות בצורת שטיח,הדקלאים אגודת שיתופי,TH,ממתק חמוץ מקלות בטעם,גרמים,50.00,100 גרם,false,,4.90,0.0980,true,1,1326721
8850632606390,false,חיספוסים ממתק חמוץ בטעם אבטיח בצורת שטיח,ג'נרל קנדי בעמ,TH,יוגטה חיספוסים בטעם,גרמים,50.00,100 גרם,false,,4.90,0.0980,true,1,1326724
8850851700381,false,ספוג לתינוק רך במיוחד,טוליפס Tulips,,ספוג לתינוק רך במיוח,יחידה,0.00,יחידה,false,,11.90,0.0000,true,1,1322346
8851251060815,false,סופרלוק זכוכית עגול,,,סופרלוק זכוכית עגול,יחידה,0.00,יחידה,false,,19.90,0.0000,true,1,2397806
8851251060891,false,סופרלוק זכוכית מלבן,,,סופרלוק זכוכית מלבן,יחידה,0.00,יחידה,false,,24.90,0.0000,true,1,2397811
8851251096302,false,קופסת מידה עגולה,,,קופסת מידה עגולה,יחידה,0.00,יחידה,false,,6.90,0.0000,true,1,2423575
8851251096326,false,קופסת מידה עגולה,,,קופסת מידה עגולה,יחידה,0.00,יחידה,false,,12.90,0.0000,true,1,2423577
8851251096340,false,קופסת מידה עגולה,,,קופסת מידה עגולה,יחידה,0.00,יחידה,false,,12.90,0.0000,true,1,2423579
8852633119039,false,אסיה רוטב דגים 300 מ,טעמי אסיה Taste of Asia,,רוטב דגים,גרמים,300.00,100 גרם,false,,7.90,0.0263,true,1,1451332
8852633119077,false,רוטב דגים 700 מל,,,רוטב דגים,מיליליטרים,700.00,"100 מ""ל",false,,10.90,0.0156,true,1,1451333
8853602001263,false,קמח אורז דביק 500 גר,lhian thai rice verm,CN,קמח אורז דביק כשר,גרמים,500.00,100 גרם,false,,7.90,0.0158,true,1,1343561
8853662056098,false,סריראצה רוטב צילי חר,,,רוטב סריראצ'ה צילי ח,מיליליטרים,455.00,"100 מ""ל",false,,24.90,0.0547,true,1,2518861
8853662056661,false,רוטב סריראצה מיו 455,,,רוטב סריראצ'ה מיו,מיליליטרים,455.00,"100 מ""ל",false,,24.90,0.0547,true,1,2151928
8853662060026,false,רוטב סריראצה חריף 45,,,רוטב סריראצ'ה חריף,מיליליטרים,455.00,"100 מ""ל",false,,24.90,0.0547,true,1,2518869
8854692000976,false,רוטב צילי מתוק 700 ג,KRS,TH,רוטב צ'ילה מתוק 700 מל,גרמים,700.00,100 גרם,false,,10.90,0.0156,true,1,1309305
8854692001515,false,רוטב צילי חריף 700 מ,KRS,TH,רוטב צ'ילה חריף 700 מל,מיליליטרים,700.00,"100 מ""ל",false,,14.90,0.0213,true,1,1309307
8858744800019,false,ממרח קארי ירוק 50 גר,קנוקוואן פוד פרודקטס,TH,ממרח קארי ירוק 50 גר' כשר,גרמים,50.00,100 גרם,false,,5.90,0.1180,true,1,1343567
8858744800033,false,מחית קארי פאנאנג 50,,,מחית קארי פננג,גרמים,50.00,100 גרם,false,,5.90,0.1180,true,1,1343568
8858744800057,false,ממרח טום יאם 30 גר,קנוקוואן פוד פרודקטס,,ממרח טום ים,גרמים,30.00,100 גרם,false,,5.90,0.1967,true,1,1343569
8858744800064,false,ממרח קארי אדום 50 גר,קנוקוואן פוד פרודקטס,TH,מחית קארי אדום 50 גר' כשר,גרמים,50.00,100 גרם,false,,5.90,0.1180,true,1,1343570
8858744800149,false,תערובת חמשת התבלינים,קנוקוואן פוד פרודקטס,,תערובת חמשת תבלינים,יחידה,0.00,יחידה,false,,7.90,0.0000,true,1,1343573
8886303210504,false,רוטב קארה קרם קוקונט,ג'ומא,ID,קארה קרם קוקונט 24%,מיליליטרים,500.00,"100 מ""ל",false,,14.90,0.0298,true,1,2384214
8886303210542,false,רוטב קארה קרם קוקונט,ג'ומא,ID,קארה קרם קוקונט 17%,גרמים,400.00,100 גרם,false,,9.90,0.0248,true,1,2384215
8888021200256,false,סוללות אנרגייזר שמינ,יצרן: אנרג'ייזר סינג,SG,סוללות ENERGIZER 1X8 AA M,יח',8.00,יח',false,,22.90,2.8625,true,1,1353542
8888021200720,false,סוללת אנרגייזר שמיני,יצרן: אנרג'ייזר סינג,SG,סוללות ENERGIZER 1X8 *AAA,יח',8.00,יח',false,,22.90,2.8625,true,1,1353543
8888351100011,false,טופו במרקם משי,,,טופו במרקם משי,גרמים,300.00,100 גרם,false,,10.90,0.0363,true,1,1343576
8888351200070,false,טופו במרקם קשה 400 מ,יוניקורד Unicurd,,טופו במרקם קשה 400 מ,גרמים,400.00,100 גרם,false,,15.90,0.0398,true,1,1343580
8888351200124,false,טופו במרקם קשה,,,טופו במרקם קשה,גרמים,1200.00,100 גרם,false,,25.90,0.0216,true,1,1451370
8901138500306,false,משחת שיניים איורודית עם פלואוריד מן הטבע,הימלאיה Himalaya,IN,הימלאיה משחת שיניים 100 ג,גרמים,100.00,100 גרם,false,,17.90,0.1790,true,1,1306614
8901138511784,false,"הימלאיה - תרחיץ פנים ללא סבון 150 מ""ל",,,תרחיץ פנים ללא סבון,מיליליטרים,150.00,"100 מ""ל",false,,17.90,0.1193,true,1,1932635
8901138825577,false,"משחת שיניים הימלאיה להגנה מושלמת 75 מ""ל",הימלאיה Himalaya,IN,הימלאיה משחת שיניים להגנה,מיליליטרים,75.00,"100 מ""ל",false,,17.90,0.2387,true,1,1306615
8901138825591,false,"משחת שיניים הימלאיה מלבינה 75 מ""ל",הימלאיה Himalaya,IN,הימלאיה משחת שיניים מלבינ,מיליליטרים,75.00,"100 מ""ל",false,,17.90,0.2387,true,1,1306616
8901537024014,false,"אורז בסמטי מובחר 1 ק""ג - דוואט) יורה דיעה",הנסיך- מפעל לייצור ט,IN,אורז בסמטי מובחר 1 DAAWAT,קילוגרמים,1.00,"ק""ג",false,,12.90,12.9000,true,1,1308995
8901537076679,false,"אורז בסמטי חום מלא 1 ק""ג דאוואט",האי נאם סי או אל.טי.,IN,אורז בסמטי חום מלא 1,קילוגרמים,1.00,"ק""ג",false,,12.90,12.9000,true,1,1920896
8904228156773,false,עט Cello Rainbow 1.0,,,עט Cello Rainbow 1.0,יחידה,0.00,יחידה,false,,7.90,0.0000,true,1,2464919
8904228165942,false,עט 0.7 ראש סיכה Cell,,,עט 0.7 ראש סיכה Cell,יחידה,0.00,יחידה,false,,4.90,0.0000,true,1,2406195
8904228165980,false,עט 0.7 ראש סיכה Cell,,,עט 0.7 ראש סיכה Cell,יחידה,0.00,יחידה,false,,4.90,0.0000,true,1,2406196
8904228166147,false,עט 0.7 עט לחצן סט 3,,,עט 0.7 עט לחצן סט 3,יחידה,0.00,יחידה,false,,4.90,0.0000,true,1,2406197
8904228166185,false,עט 0.7 עט לחצן סט 3,,,עט 0.7 עט לחצן סט 3,יחידה,0.00,יחידה,false,,4.90,0.0000,true,1,2406198
8960360022208,false,תמצית טבעית בטעם קפה,Bakto Flavors LLC,US,תמצית טבעית בטעם קפה,מיליליטרים,29.00,"100 מ""ל",false,,29.90,1.0310,true,1,1364076
8960360024042,false,תמצית טבעית בטעם דוב,Bakto Flavors LLC,US,תמצית טבעית בטעם דובדבן,מיליליטרים,29.00,"100 מ""ל",false,,29.90,1.0310,true,1,1364090
8960360025032,false,תמצית טבעית בטעם תות,Bakto Flavors LLC,US,תמצית טבעית בטעם תות שדה,מיליליטרים,29.00,"100 מ""ל",false,,29.90,1.0310,true,1,1364092
8997206332016,false,סוכר קוקוס אורגני Co Co Sugar,,,סוכר קוקוס אורגני 45,גרמים,454.00,100 גרם,false,,21.90,0.0482,true,1,1973461
9000100590693,false,"סאיוס - מוס לשיער לייצוב מקסימלי 250 מ""ל",,,מוס לשיער סאיוס,מיליליטרים,250.00,"100 מ""ל",false,,19.90,0.0796,true,1,1323263
9000100590938,false,"סאיוס - מוס לשיער ליצירת נפח 250 מ""ל",הנקל סוד,DE,סאיוס מוס לשיער ליצירת נפ,מיליליטרים,250.00,"100 מ""ל",false,,19.90,0.0796,true,1,1323264
9000100591058,false,"סאיוס - ג'ל לשיער לייצוב מקסימלי 250 מ""ל",הנקל סוד,DE,סאיוס ג'ל לשיער לייצוב מק,מיליליטרים,250.00,"100 מ""ל",false,,14.90,0.0596,true,1,1323265
9000100760591,false,"פה - דאודורנט רול און לגבר אינוויזיבל פאוואר 50 מ""ל",,,דאודורנט פה רול-און,מיליליטרים,50.00,"100 מ""ל",false,,9.90,0.1980,true,1,1878563
9000100806657,false,"פה - דאודורנט רול און לאישה בלתי נראה 50 מ""ל",הנקל סוד,DE,פה דאודורנט רולאון אינווי,מיליליטרים,50.00,"100 מ""ל",false,,9.90,0.1980,true,1,1323270
9000100843256,false,גליס תמציות שמן 6 פעולות Miracles Oil Essence,שוורצקוף Schwarzkopf,DE,גליס שמן לשיער קופסא זהב,מיליליטרים,150.00,"100 מ""ל",false,,24.90,0.1660,true,1,1323273
9000101329322,false,סבון אסלה בניחוח מתחלף תפוח נופר 50 ג' ברף,,,ברף בניחוח מתחלף תפו,יחידה,0.00,יחידה,false,,9.90,0.0000,true,1,2513467
9000101329742,false,סבון אסלה בניחוח מתחלף אפרסק תפוח 50 ג' ברף,,,ברף בניחוח מתחלף תפו,יחידה,0.00,יחידה,false,,9.90,0.0000,true,1,2513468
9000101375268,false,ברף סבון אסלה בניחוח,,,ברף סבון אסלה בניחוח,גרמים,150.00,100 גרם,false,,16.90,0.1127,true,1,2542084
9000101375299,false,ברף סבון אסלה בניחוח,,,ברף סבון אסלה בניחוח,גרמים,150.00,100 גרם,false,,16.90,0.1127,true,1,2542078
9000101380255,false,דיסקס לכביסה ניקיון הגייני 22 יח' פרסיל,פרסיל Persil,,פרסיל דיסקס לכביסה ע,יח',22.00,יח',false,,34.90,1.5864,true,1,2479420
9000101418163,false,"סבון אסלה בניחוח מתחלף תפוח ירוק נופר, 3 יחידות",ברף Bref,,ברף בניחוח מתחלף תפו,גרמים,150.00,100 גרם,false,,16.90,0.1127,true,1,2514035
9000101509069,false,ברף - סבון אסלה ג'ל גשם אביב שלשות,,,ברף סבון אסלה בניחוח,גרמים,126.00,100 גרם,false,,16.90,0.1341,true,1,2542085
9000101509151,false,ברף - סבון אסלה ג'ל אוקיינוס הקרח הצפוני שלשות,,,ברף סבון אסלה בניחוח,גרמים,126.00,100 גרם,false,,16.90,0.1341,true,1,2542086
9000101511635,false,קפסולות ג'ל לכביסה פרסיל דיסקס לעור רגיש,פרסיל Persil,HU,פרסיל דיסקס לכביסה ל,יח',22.00,יח',false,,34.90,1.5864,true,1,2495369
9000101512526,false,פרסיל - פאוור קאפס קפסולות ג'ל מרוכזות לכביסה 26 יח',קריות זול,,פרסיל קפסולות ג'ל 2,יח',26.00,יח',false,,27.50,1.0577,true,1,2485543
9000101521436,false,ברף בניחוח מתחלף תפו,,,ברף בניחוח מתחלף תפו,יחידה,0.00,יחידה,false,,9.90,0.0000,true,1,2513469
9000101537550,false,פרסיל קאפסולות לכביסה לבנה וצבעונית 52 יח',הנקל סוד,HU,פרסיל קאפסולות ג'ל 5,יח',52.00,יח',false,,59.90,1.1519,true,1,2523792
9000101537581,false,פרסיל קאפסולות לכביסה צבעונית 52 יחידו,הנקל סוד,HU,פרסיל קאפסולות ג'ל 5,יח',52.00,יח',false,,59.90,1.1519,true,1,2525025
9000101548419,false,קולור קאצ`ר דפים למכונת לכביסה מחדש צבע לבן 18 יח',הנקל סוד,IE,דפים למכונה כביסה קו,יח',18.00,יח',false,,14.90,0.8278,true,1,2543217
9001616202117,false,זוג מוצצי סיליקון לאב אנד אפקשן 0-6,טרופיקל דגיל תעשיות,HU,זוג מוצצי MAM 0-6,יחידה,0.00,יחידה,false,,34.90,0.0000,true,1,1333775
9001616202131,false,זוג מוצצי סיליקון 0-6 חודשים Original,מאם Mam,,זוג מוצצי MAM 0-6 קל,יחידה,0.00,יחידה,false,,34.90,0.0000,true,1,1333776
9001616202155,false,זוג מוצצי סיליקון 16+ חודשים,מאם Mam,,זוג מוצצי MAM +16,יחידה,0.00,יחידה,false,,34.90,0.0000,true,1,1333778
9001616202186,false,"בקבוק לתינוק 330 מ""ל 4+ חודשים Easy Active",טרופיקל דגיל תעשיות,AU,"בקבוק 330מ""ל MAM",יחידה,0.00,יחידה,false,,34.90,0.0000,true,1,1333780
9001616202360,false,זוג מוצצי סיליקון זוהר בחושך 6+ חודשים Original Night,מאם Mam,,זוג מוצצי MAM +6,יחידה,0.00,יחידה,false,,34.90,0.0000,true,1,1333782
9001616202377,false,מוצצי 0-6 לילה זוהרים בחושך BOY,,,זוג מוצצי MAM 0-6 לי,יחידה,0.00,יחידה,false,,34.90,0.0000,true,1,1333783
9001616202445,false,זוג מוצצי סיליקון כיתובים 0-6,,,זוג מוצצי MAM 0-6,יחידה,0.00,יחידה,false,,34.90,0.0000,true,1,1333784
9001616202988,false,זוג מוצצי סיליקון 6+ חודשים Air,מאם Mam,,זוג מוצצי MAM +6 איר,יחידה,0.00,יחידה,false,,34.90,0.0000,true,1,1333786
9001616203305,false,זוג פטמות X לבקבוק 6+ חודשים,מאם Mam,,פטמה X,יח',2.00,יח',false,,24.90,12.4500,true,1,1333787
9001616203343,false,"כוס למידה 270 מ""ל",,,"כוס שתיה 270 מ""ל",יחידה,0.00,יחידה,false,,34.90,0.0000,true,1,1333789
9001616203350,false,פטמה מס' 1 זרימה איטית,,,פטמה מס' 1 MAM,יחידה,0.00,יחידה,false,,24.90,0.0000,true,1,1333790
9001616203367,false,פטמה מס' 2 זרימה בינונית,,,פטמה מס' 2 MAM,יחידה,0.00,יחידה,false,,24.90,0.0000,true,1,1333791
9001616203626,false,פטמה מס' 3 זרימה מהירה,,,פטמה מס' 3 MAM,יחידה,0.00,יחידה,false,,24.90,0.0000,true,1,1333792
9001616205774,false,מאם אנימלס מוצצי סיליקון 0-6 תכלת,,,זוג מוצצי MAM 0-6,יחידה,0.00,יחידה,false,,34.90,0.0000,true,1,1333794
9001616205835,false,"בקבוק ספורט 330 מ""ל",,,"בקבוק ספורט 330 מ""ל",יחידה,0.00,יחידה,false,,34.90,0.0000,true,1,1904706
9001616209727,false,מאמ פוד BOY (נרתיק למוצץ),,,נרתיק איחסון ל - 2 מ,יחידה,0.00,יחידה,false,,29.90,0.0000,true,1,1333797
9001616620065,false,זוג מוצצי סיליקון 6+חודשים Hebrew Sayings,מאם Mam,,זוג מוצצי MAM +6,יחידה,0.00,יחידה,false,,34.90,0.0000,true,1,1333798
9001616639050,false,מברשת שיניים MAM,,,מברשת שיניים MAM,יחידה,0.00,יחידה,false,,19.90,0.0000,true,1,1904707
9001616661099,false,"בקבוק לתינוק 270 מ""ל 2+ חודשים Easy Active",מאם Mam,,"בקבוק 270מ""ל MAM",יחידה,0.00,יחידה,false,,34.90,0.0000,true,1,1333799
9001616669927,false,"בקבוק לתינוק 260 מ""ל",מאם Mam,,"בקבוק MAM 260 מ""ל",יחידה,0.00,יחידה,false,,34.90,0.0000,true,1,1333801
9001616671579,false,זוג מוצצי סיליקון 0-6 חודשים Air,מאם Mam,,זוג מוצצים 0-6 MAM,יחידה,0.00,יחידה,false,,34.90,0.0000,true,1,1333802
9001616676406,false,בקבוק אנטי קוליק 320 BOY,,,בקבוק 320מל MAM,יחידה,0.00,יחידה,false,,34.90,0.0000,true,1,1904708
9001616681363,false,"בקבוק אנטי קוליק 160 מ""ל ורוד",,,בקבוק אנטי קוליק 260,יחידה,0.00,יחידה,false,,34.90,0.0000,true,1,2096846
9001616682216,false,"בקבוק אנטי קוליק 160 מ""ל",,,בקבוק אנטי קוליק 160,יחידה,0.00,יחידה,false,,34.90,0.0000,true,1,2096847
9001616692857,false,"בקבוק אימון 220 מ""ל",,,"בקבוק אימון 220 מ""ל",יחידה,0.00,יחידה,false,,34.90,0.0000,true,1,1904709
9001616702600,false,מוצצים 0-2 סיליקון GIRL,,,זוג מוצצים סיליקון 0,יחידה,0.00,יחידה,false,,34.90,0.0000,true,1,2096849
9001616702655,false,זוג מוצצי סיליקון לילה 0-6 ורוד,,,זוג מוצצים סיליקון 0,יחידה,0.00,יחידה,false,,34.90,0.0000,true,1,2096854
9001616702662,false,זוג מוצצים סיליקון פ,,,זוג מוצצים סיליקון פ,יחידה,0.00,יחידה,false,,34.90,0.0000,true,1,2096855
9001616702679,false,סיליקון 0-6 זמן לאהבה GIRL,,,זוג מוצצים סיליקון 0,יחידה,0.00,יחידה,false,,34.90,0.0000,true,1,2096856
9001616702686,false,זוג מוצצי סיליקון כיתובים 0-6 ורוד,,,זוג מוצצים סיליקון 0,יחידה,0.00,יחידה,false,,34.90,0.0000,true,1,2096857
9001616702723,false,זוג מוצצים 6+ זוהר יניס,,,זוג מוצצים סיליקון 6,יחידה,0.00,יחידה,false,,34.90,0.0000,true,1,2096861
9001616702822,false,זוג מוצצי סיליקון קליר 6+ ורוד,,,זוג מוצצים סיליקון 6,יחידה,0.00,יחידה,false,,34.90,0.0000,true,1,2096871
9001616702839,false,סיליקון דגם רוקנרול,,AU,זוג מוצצים סיליקון 6,יחידה,0.00,יחידה,false,,34.90,0.0000,true,1,2096872
9001616702846,false,זוג מוצצים איר 0-6 ס,,,זוג מוצצים איר 0-6 ס,יחידה,0.00,יחידה,false,,34.90,0.0000,true,1,2096873
9001616702853,false,זוג מוצצים איר 6+ סי,,,זוג מוצצים איר 6+ סי,יחידה,0.00,יחידה,false,,34.90,0.0000,true,1,2096874
9001616702860,false,זוג מוצצים איר 6+ סי,,,זוג מוצצים איר 6+ סי,יחידה,0.00,יחידה,false,,34.90,0.0000,true,1,2096875
9001616702877,false,זוג מוצצי סיליקון 16+ ורוד,,,זוג מוצצים סיליקון 1,יחידה,0.00,יחידה,false,,34.90,0.0000,true,1,2096876
9001616702921,false,בקבוק אנטי קוליק 260 UNISEX,,,בקבוק אנטי קוליק 260,יחידה,0.00,יחידה,false,,34.90,0.0000,true,1,2096879
9001616702938,false,בקבוק אנטי קוליק 320 GIRL,,,בקבוק אנטי קוליק 320,יחידה,0.00,יחידה,false,,34.90,0.0000,true,1,2096880
9001616702952,false,"מאמ - בקבוק אנטי קוליק ירוק 320 מ""ל",,,בקבוק אנטי קוליק 320,יחידה,0.00,יחידה,false,,34.90,0.0000,true,1,2096882
9001616702969,false,"בקבוק תינוק 270 מ""ל סגול",,,"בקבוק תינוק 270 מ""ל",יחידה,0.00,יחידה,false,,34.90,0.0000,true,1,2096883
9001616702976,false,בקבוק תינוק 270 UNISEX,,,"בקבוק תינוק 270 מ""ל",יחידה,0.00,יחידה,false,,34.90,0.0000,true,1,2096884
9001616702983,false,"בקבוק לתינוק, 330 מ""ל",,AU,"בקבוק תינוק 330 מ""ל",יחידה,0.00,יחידה,false,,34.90,0.0000,true,1,2096885
9001616702990,false,"מאמ בקבוק 330 מ""ל ירוק",,,"בקבוק תינוק 330 מ""ל",יחידה,0.00,יחידה,false,,34.90,0.0000,true,1,2096886
9001616703010,false,"בקבוק תינוק 330 מ""ל ורוד",,,"בקבוק תינוק 330 מ""ל",יחידה,0.00,יחידה,false,,34.90,0.0000,true,1,2096887
9001616703027,false,בקבוק תינוק 330 UNISEX,,,"בקבוק תינוק 330 מ""ל",יחידה,0.00,יחידה,false,,34.90,0.0000,true,1,2096888
9001616703072,false,"מאם כוס נגד נזילות-סגול 270 מ""ל",,,"כוס 270 מ""ל - סגול",יחידה,0.00,יחידה,false,,34.90,0.0000,true,1,2096889
9001616703089,false,"כוס ספורט 330 מ""ל -",,,"כוס ספורט 330 מ""ל -",יחידה,0.00,יחידה,false,,34.90,0.0000,true,1,2096890
9001616703096,false,"בקבוק אימון 220 מ""ל",,,"בקבוק אימון 220 מ""ל",יחידה,0.00,יחידה,false,,34.90,0.0000,true,1,2096891
9001616703102,false,"בקבוק אימון 220 מ""ל",,,"בקבוק אימון 220 מ""ל",יחידה,0.00,יחידה,false,,34.90,0.0000,true,1,2096892
9001616703225,false,מאמ מחזיק מוצץ ורוד,טרופיקל דגיל תעשיות,HU,מחזיק מוצץ - בת,יחידה,0.00,יחידה,false,,24.90,0.0000,true,1,2096900
9001616703232,false,מחזיק מוצץ - יוניסקס,,,מחזיק מוצץ - יוניסקס,יחידה,0.00,יחידה,false,,24.90,0.0000,true,1,2096901
9001616703409,false,"בקבוק אנטי קוליק אפור מאם, 160 מ""ל",,,בקבוק אנטי קוליק 160,יחידה,0.00,יחידה,false,,34.90,0.0000,true,1,2096906
9001616820687,false,זוג מוצצי סיליקון לילה 6+ורוד מאט,,,זוג מוצצים סיליקון 6,יחידה,0.00,יחידה,false,,34.90,0.0000,true,1,2513956
9002975393812,false,סוכריות הריבו האפי צ,Unknown,,סוכריות הריבו האפי צ,גרמים,70.00,100 גרם,false,,6.90,0.0986,true,1,2434261
9002975393829,false,סוכריות הריבו פיצ'ס,Unknown,,סוכריות הריבו פיצ'ס,גרמים,70.00,100 גרם,false,,6.90,0.0986,true,1,2434262
9002975393836,false,סוכריות הריבו האפי ק,"האריבו , ג'י.אם.בי.א",AT,סוכריות הריבו האפי ק,גרמים,70.00,100 גרם,false,,6.90,0.0986,true,1,2434263
9002975393843,false,סוכריות הריבו גולדבר,"האריבו , ג'י.אם.בי.א",AT,סוכריות הריבו גולדבר,גרמים,70.00,100 גרם,false,,6.90,0.0986,true,1,2434264
9002975393850,false,סוכריות גומי בטעמי פ,"האריבו , ג'י.אם.בי.א",AT,סוכריות הריבו וורמס,גרמים,70.00,100 גרם,false,,6.90,0.0986,true,1,2434265
9003400304939,false,בירה שטיגל וויז חיטה,מבשלת שטיגל,,בירה שטיגל-חיטה 500,מיליליטרים,500.00,"100 מ""ל",false,,11.90,0.0238,true,1,1510869
9003400393032,false,בירה הל שטיגל בפחית,,,בירה הל שטיגל בפחית,מיליליטרים,500.00,"100 מ""ל",false,,8.90,0.0178,true,1,2512094
9003402660088,false,פחית בירה שטיגל גולדברו Goldbrau,שטיגל Stiegl,LV,בירה שטיגל גולדבראו,מיליליטרים,500.00,"100 מ""ל",false,,8.90,0.0178,true,1,2018542
9005800317007,false,ניוואה סקראב אורז עור רגיל אוכמניות 75מל,,,פילינג רייס לעור רגי,מיליליטרים,75.00,"100 מ""ל",false,,19.90,0.2653,true,1,2443727
9005835312732,false,"קלרו נוזל הברקה למדיח כלים 500 מ""ל CLARO",יעקבי,AT,נוזל הברקה למדיח קלר,מיליליטרים,500.00,"100 מ""ל",false,,19.90,0.0398,true,1,2421422
9005835312756,false,"קלרו ניקוי יסודי למדיח כלים 250 מ""ל CLARO",יעקבי,AT,מנקה מדיח קלרו,מיליליטרים,250.00,"100 מ""ל",false,,14.90,0.0596,true,1,2421423
9008700111546,false,נקטר דובדבן חמוץ Happy Day,Rauch fruchtsafte gm,,נקטר דובדבן חמוץ,ליטרים,1.00,ליטר,false,,11.90,11.9000,true,1,1339856
9008700128971,false,מיץ קרנברי ראוך 1 לי,ראוך Rauch,,מיץ קרנברי ראוך 1 לי,ליטרים,1.00,ליטר,false,,11.90,11.9000,true,1,2408203
9008700155458,false,נקטר ראוך גויאבה 1 ל,Rauch fruchtsafte gm,,נקטר גויאבה 1 ליטר,ליטרים,1.00,ליטר,false,,11.90,11.9000,true,1,2189867
9044400826861,false,סוכריות פז מילוי בטע,,,סוכריות פז למילוי,גרמים,82.00,100 גרם,false,,9.90,0.1207,true,1,2536304
9044400849105,false,שקית סוכריות פז במגו,פז פרודוקשיין,GB,שקית סוכריות פז במגו,גרמים,85.00,100 גרם,false,,13.90,0.1635,true,1,2536305
9044400851672,false,סוכריות פז סוגים שונים + 3 מילויים,פז פרודוקשיין,HU,סוכריית פז פו הדב,גרמים,25.50,100 גרם,false,,12.90,0.5059,true,1,2513452
9044400885578,false,סוכריות פז בטעם פירות 82 ג',,,סוכריות פז למילוי,גרמים,82.00,100 גרם,false,,9.90,0.1207,true,1,2524733
9120025834723,false,חטיף אוראו מצונן 120 גרם רבנות,בובארד איטליה אס.פי.,IT,חטיף אוראו מצונן 120,גרמים,120.00,100 גרם,false,,13.90,0.1158,true,1,2527829
9120025839896,false,חטיף מילקה מצונן 128 גר',בובארד איטליה אס.פי.,IT,חטיף מילקה מצונן 128,גרמים,128.00,100 גרם,false,,13.90,0.1086,true,1,2529058
9120097310583,false,"חטיף שוקו בננה מיניונים מצונן, 108 גרם",בובארד איטליה אס.פי.,IT,חטיף שוקו בננה מיניו,גרמים,108.00,100 גרם,false,,13.90,0.1287,true,1,2527831
9300601301317,false,מברשת כלים פלסטיק,,,מברשת כלים פלסטיק,יחידה,0.00,יחידה,false,,6.90,0.0000,true,1,2476990
9300621019711,false,מרסס שמן האוסטרלי המ,,,מרסס שמן האוסטרלי המ,יחידה,0.00,יחידה,false,,49.90,0.0000,true,1,2544082
9310072028743,false,טים טם Tim Tam וופל שוקולד קלאסי,"ארנוטס ביסקוויטס בע""",AU,וופל טים טם שוקולד 2,גרמים,200.00,100 גרם,false,,15.90,0.0795,true,1,1419756
9310072028750,false,טים טם Tim Tam וופל שוקולד ציפוי כפול,"ארנוטס ביסקוויטס בע""",AU,וופל טים טם שוקולד 2,גרמים,200.00,100 גרם,false,,15.90,0.0795,true,1,1414982
9310714206126,false,שוורצקופף - ג'ל צביעה לגבר חום בינוני,הנקל סוד,DE,מן פרפקט ג'ל צבע לגבר קיט,מיליליטרים,40.00,"100 מ""ל",false,,49.90,1.2475,true,1,1323277
9310714206157,false,שוורצקופף - ג'ל צביעה לגבר שחור,הנקל סוד,DE,מן פרפקט ג'ל צבע לגבר קיט,מיליליטרים,40.00,"100 מ""ל",false,,49.90,1.2475,true,1,1323280
9312931720300,false,שיק אינטואישן נשים סכינים שלישה,שיק Schick,,סכיני גילוח שיק אינט,יח',3.00,יח',false,,29.90,9.9667,true,1,1972368
9322969000015,false,פריכיות תירס בטעם אורגינל ריל פודס 150 ג',אף.סי תבליני בגליל ב,AU,פריכיות תירס - 150ג' בטעם,גרמים,150.00,100 גרם,false,,10.90,0.0727,true,1,1353546
9322969000022,false,פריכיות תירס עם סויה וזרעי פשתן ללא גלוטן,אף.סי תבליני בגליל ב,AU,פריכיות תירס - 150ג' עם ס,גרמים,150.00,100 גרם,false,,10.90,0.0727,true,1,1353547
9322969000039,false,פריכיות תירס עם 4דגנים מלאים 150ג',,AU,פריכיות תירס,גרמים,150.00,100 גרם,false,,10.90,0.0727,true,1,2086964
9322969000046,false,פריכיות תירס שומשום אורגני ריל פודס 150 ג',אף.סי תבליני בגליל ב,AU,פריכיות תירס אורגניות - 1,גרמים,125.00,100 גרם,false,,10.90,0.0872,true,1,1353548
9720188050109,false,טופוטי ממרח טופו בטעם גבינה 227 ג`,טופוטי ברנדס אינק.ג',IL,טופוטי - ממרח טופו בטעם ג,גרמים,225.00,100 גרם,false,,19.90,0.0884,true,1,1328700
9720188060108,false,טופוטי ממרח על בסיס סויה בסגנון שמנת 340ג',טופוטי ברנדס אינק.ג',IL,טופוטי - ממרח טופו בטעם ש,גרמים,340.00,100 גרם,false,,19.90,0.0585,true,1,1328701
9720205590003,false,חולצה מכופתרת קרלוס,,,חולצה מכופתרת קרלוס,יחידה,0.00,יחידה,false,,49.90,0.0000,true,1,2478934
9720205590014,false,חולצה מכופתרת קרלוס,,,חולצה מכופתרת קרלוס,יחידה,0.00,יחידה,false,,49.90,0.0000,true,1,2478961
9720205600009,false,חולצה מכופתרת קרלוס,,,חולצה מכופתרת קרלוס,יחידה,0.00,יחידה,false,,49.90,0.0000,true,1,2509857
9771565038357,false,עיתון ידיעות אחרונות,,,עיתון יום חול ידיעות,יחידה,0.00,יחידה,false,,5.00,0.0000,true,1,1972280
