code,internal_code,name,manufacturer_name,manufacture_country,manufacturer_item_description,unit_qty,quantity,unit_of_measure,weighted,qty_in_package,price,unit_of_measure_price,allow_discount,status,item_id
10,true,הפרדה צלופן לשניצלים,,,תיבה 20+,יחידה,0.00,יחידה,false,,45.00,0.0000,true,1,6764
55,true,משלוחים לבית,,,משלוחים לבית,יחידה,0.00,יחידה,false,,29.90,0.0000,true,1,34409
103,true,לחמניה בריאות,,,לחמניה בריאות,יח',1.00,יח',false,,3.20,3.2000,true,1,2400
161,true,קישוא עגול,,,קישוא עגול,קילוגרמים,1.00,"ק""ג",true,,12.90,12.9000,true,1,50761
163,true,פטריות שמפיניון תפזו,,,פטריות שמפיניון תפזו,קילוגרמים,1.00,"ק""ג",true,,39.90,39.9000,true,1,50762
164,true,פטריות חורש תפזורת,,,פטריות חורש תפזורת,קילוגרמים,1.00,"ק""ג",true,,39.90,39.9000,true,1,50763
301,true,בקבוק ריק חוזר בירה,,,בקבוק ריק חוזר בירה,יחידה,0.00,יחידה,false,,1.20,0.0000,true,1,6864
374,true,פטריות שמפניון,,,פטריות שמפניון,יח',1.00,יח',false,,8.90,8.9000,true,1,50765
401,true,פיתה (1461303),,,פיתה (1461303),יח',1.00,יח',false,,2.00,2.0000,true,1,2409
403,true,מאפה כיס פרלין פרימי,,,מאפה כיס פרלין פרימי,קילוגרמים,1.00,"ק""ג",true,,45.50,45.5000,true,1,2410
413,true,רול/קוקטייל בולגרית/,,,רול/קוקטייל בולגרית/,קילוגרמים,1.00,"ק""ג",true,,50.00,50.0000,true,1,2411
996,true,חלה קלועה,,,חלה קלועה,יח',1.00,יח',false,,11.90,11.9000,true,1,2420
998,true,חלה מתוקה קלועה,,,חלה מתוקה קלועה,יח',1.00,יח',false,,11.90,11.9000,true,1,2422
1009,true,בגט שלם,,,בגט שלם,יח',1.00,יח',false,,4.90,4.9000,true,1,2426
1014,true,בגט רוסטיק,,,בגט רוסטיק,יח',1.00,יח',false,,8.50,8.5000,true,1,2428
1020,true,שליש בגט,,,שליש בגט,יח',1.00,יח',false,,2.70,2.7000,true,1,2430
1028,true,חצי בגט,,,חצי בגט,יח',1.00,יח',false,,3.50,3.5000,true,1,2431
1043,true,כרוב לבן כשר,,,כרוב לבן כשר,קילוגרמים,1.00,"ק""ג",true,,14.90,14.9000,true,1,47730
1050,true,לחמניה חיטה מלאה (10,,,לחמניה חיטה מלאה (10,יח',1.00,יח',false,,2.90,2.9000,true,1,2432
1058,true,חלה רגילה/חלה ציפורי,,,חלה רגילה/חלה ציפורי,גרמים,500.00,100 גרם,false,,5.17,0.0103,true,1,4440
1073,true,סופגניה גדולה בודדת,,,סופגניה גדולה בודדת,יחידה,0.00,יחידה,false,,3.90,0.0000,true,1,2435
1074,true,כרוב אדום כשר,,,כרוב אדום כשר,קילוגרמים,1.00,"ק""ג",true,,14.90,14.9000,true,1,47731
1079,true,מיני סופגניה בודדת,,,מיני סופגניה בודדת,יחידה,0.00,יחידה,false,,3.30,0.0000,true,1,2438
1091,true,צנונית בייבי,,,צנונית בייבי,גרמים,400.00,100 גרם,false,,5.90,0.0148,true,1,35543
1095,true,בייבי בטטה,,,בייבי בטטה,יח',1.00,יח',false,,6.90,6.9000,true,1,50768
1108,true,לחמנית יאמיס,,,לחמנית יאמיס,יח',1.00,יח',false,,2.70,2.7000,true,1,2440
1128,true,אגס חום,,,אגס חום,קילוגרמים,1.00,"ק""ג",true,,15.90,15.9000,true,1,50772
1216,true,לחמנית אצבע/מיוחדת,,,לחמנית אצבע/מיוחדת,יחידה,0.00,יחידה,false,,2.00,0.0000,true,1,4447
1477,true,עגבניות מגי,,,עגבניות מגי,גרמים,450.00,100 גרם,false,,14.90,0.0331,true,1,67590
1488,true,אשכולית אדומה,,,אשכולית אדומה,קילוגרמים,1.00,"ק""ג",true,,5.90,5.9000,true,1,50781
1494,true,תפו`א לבן תפזורת,,,תפו`א לבן תפזורת,קילוגרמים,1.00,"ק""ג",true,,4.90,4.9000,true,1,50786
1495,true,תפו`א אדום תפזורת,,,תפו`א אדום תפזורת,קילוגרמים,1.00,"ק""ג",true,,4.90,4.9000,true,1,50787
1500,true,פלפל כתום,,,פלפל כתום,קילוגרמים,1.00,"ק""ג",true,,9.90,9.9000,true,1,50790
1501,true,עגבניות,,,עגבניות,קילוגרמים,1.00,"ק""ג",true,,6.90,6.9000,true,1,50791
1502,true,מלפפונים,,,מלפפונים,קילוגרמים,1.00,"ק""ג",true,,5.90,5.9000,true,1,50792
1503,true,גזר ארוז,,,גזר ארוז,קילוגרמים,1.00,"ק""ג",true,,3.90,3.9000,true,1,50793
1504,true,סלק,,,סלק,קילוגרמים,1.00,"ק""ג",true,,3.90,3.9000,true,1,50794
1505,true,כרוב לבן,,,כרוב לבן,קילוגרמים,1.00,"ק""ג",true,,3.90,3.9000,true,1,50795
1506,true,כרוב אדום,,,כרוב אדום,קילוגרמים,1.00,"ק""ג",true,,5.90,5.9000,true,1,50796
1507,true,כרובית,,,כרובית,קילוגרמים,1.00,"ק""ג",true,,8.90,8.9000,true,1,50797
1510,true,קישואים,,,קישואים,קילוגרמים,1.00,"ק""ג",true,,6.90,6.9000,true,1,50798
1511,true,חצילים,,,חצילים,קילוגרמים,1.00,"ק""ג",true,,6.90,6.9000,true,1,50799
1513,true,פלפל ירוק,,,פלפל ירוק,קילוגרמים,1.00,"ק""ג",true,,7.90,7.9000,true,1,50800
1515,true,פלפל חריף,,,פלפל חריף,קילוגרמים,1.00,"ק""ג",true,,7.90,7.9000,true,1,50802
1516,true,פלפל אדום,,,פלפל אדום,קילוגרמים,1.00,"ק""ג",true,,9.90,9.9000,true,1,50803
1517,true,פלפל רומרו,,,פלפל רומרו,קילוגרמים,1.00,"ק""ג",true,,12.90,12.9000,true,1,50804
1518,true,מלון,,,מלון,קילוגרמים,1.00,"ק""ג",true,,7.90,7.9000,true,1,50805
1519,true,בצל יבש,,,בצל יבש,קילוגרמים,1.00,"ק""ג",true,,4.90,4.9000,true,1,50806
1521,true,קולורבי,,,קולורבי,קילוגרמים,1.00,"ק""ג",true,,6.90,6.9000,true,1,50807
1522,true,חסה ערבית,,,חסה ערבית,יח',1.00,יח',false,,4.90,4.9000,true,1,50808
1527,true,פטרוזיליה גומי,,,פטרוזיליה גומי,יח',1.00,יח',false,,3.50,3.5000,true,1,35544
1528,true,כוסברה גומי,,,כוסברה גומי,יח',1.00,יח',false,,3.50,3.5000,true,1,35545
1529,true,שמיר גומי,,,שמיר גומי,יח',1.00,יח',false,,3.50,3.5000,true,1,35546
1530,true,נענע גומי,,,נענע גומי,יח',1.00,יח',false,,3.50,3.5000,true,1,35547
1531,true,לפת,,,לפת,קילוגרמים,1.00,"ק""ג",true,,6.90,6.9000,true,1,50811
1535,true,תפו`א אדום ארוז,,,תפו`א אדום ארוז,קילוגרמים,1.00,"ק""ג",true,,4.90,4.9000,true,1,50814
1541,true,ארטישוק,,,ארטישוק,קילוגרמים,1.00,"ק""ג",true,,18.90,18.9000,true,1,50818
1542,true,ערמונים,,,ערמונים,קילוגרמים,1.00,"ק""ג",true,,17.90,17.9000,true,1,50819
1545,true,שום ארוז ייבוא יח',,,שום ארוז ייבוא יח',יח',1.00,יח',false,,4.90,4.9000,true,1,50822
1547,true,שומר,,,שומר,קילוגרמים,1.00,"ק""ג",true,,6.90,6.9000,true,1,50824
1548,true,תות שדה ביח',,,תות שדה ביח',יח',1.00,יח',false,,19.90,19.9000,true,1,47863
1550,true,תפו`א לבן ארוז,,,תפו`א לבן ארוז,קילוגרמים,1.00,"ק""ג",true,,3.90,3.9000,true,1,50825
1551,true,לימון,,,לימון,קילוגרמים,1.00,"ק""ג",true,,7.90,7.9000,true,1,50826
1552,true,תפוז,,,תפוז,קילוגרמים,1.00,"ק""ג",true,,5.90,5.9000,true,1,50827
1553,true,ענב לבן,,,ענב לבן,קילוגרמים,1.00,"ק""ג",true,,29.90,29.9000,true,1,50828
1555,true,תפוז ארוז,,,תפוז ארוז,קילוגרמים,1.00,"ק""ג",true,,4.90,4.9000,true,1,50830
1556,true,בננה מובחרת,,,בננה מובחרת,קילוגרמים,1.00,"ק""ג",true,,6.90,6.9000,true,1,50831
1557,true,צנון,,,צנון,קילוגרמים,1.00,"ק""ג",true,,6.90,6.9000,true,1,50832
1558,true,אשכולית צהובה,,,אשכולית צהובה,קילוגרמים,1.00,"ק""ג",true,,5.90,5.9000,true,1,50833
1560,true,דלעת ארוזה,,,דלעת ארוזה,קילוגרמים,1.00,"ק""ג",true,,9.90,9.9000,true,1,50835
1561,true,תפוח עץ זהוב,,,תפוח עץ זהוב,קילוגרמים,1.00,"ק""ג",true,,9.90,9.9000,true,1,50836
1563,true,תפוח עץ חרמון,,,תפוח עץ חרמון,קילוגרמים,1.00,"ק""ג",true,,9.90,9.9000,true,1,50838
1564,true,תפוח עץ סמיט,,,תפוח עץ סמיט,קילוגרמים,1.00,"ק""ג",true,,9.90,9.9000,true,1,50839
1568,true,רימון,,,רימון,קילוגרמים,1.00,"ק""ג",true,,8.90,8.9000,true,1,50842
1570,true,קלמנטינה,,,קלמנטינה,קילוגרמים,1.00,"ק""ג",true,,5.90,5.9000,true,1,50843
1571,true,פלפל שושקה,,,פלפל שושקה,קילוגרמים,1.00,"ק""ג",true,,12.90,12.9000,true,1,50844
1572,true,אבוקדו מובחר,,,אבוקדו מובחר,קילוגרמים,1.00,"ק""ג",true,,7.90,7.9000,true,1,50845
1574,true,בטטה מתוקה,,,בטטה מתוקה,קילוגרמים,1.00,"ק""ג",true,,8.90,8.9000,true,1,50847
1576,true,אגס,,,אגס,קילוגרמים,1.00,"ק""ג",true,,11.90,11.9000,true,1,50848
1577,true,אגס נאשי,,,אגס נאשי,קילוגרמים,1.00,"ק""ג",true,,16.90,16.9000,true,1,50849
1581,true,פלפל צהוב,,,פלפל צהוב,קילוגרמים,1.00,"ק""ג",true,,9.90,9.9000,true,1,50850
1588,true,תירס ארוז,,,תירס ארוז,קילוגרמים,1.00,"ק""ג",true,,9.90,9.9000,true,1,50854
1590,true,משורית סרט 1590 ממ,,,פומלה,קילוגרמים,1.00,"ק""ג",true,,7.90,7.9000,true,1,50855
1591,true,ענב אדום,,,ענב אדום,קילוגרמים,1.00,"ק""ג",true,,29.90,29.9000,true,1,50856
1595,true,חציל בלדי,,,חציל בלדי,קילוגרמים,1.00,"ק""ג",true,,7.90,7.9000,true,1,50859
1601,true,סלרי חתוך ליח,,,סלרי חתוך ליח,יח',1.00,יח',false,,6.90,6.9000,true,1,47732
1604,true,אפרסמון,,,אפרסמון,קילוגרמים,1.00,"ק""ג",true,,14.90,14.9000,true,1,50862
1607,true,תפו`א קטן אפיה ארוז,,,תפו`א קטן אפיה ארוז,קילוגרמים,1.00,"ק""ג",true,,3.90,3.9000,true,1,50865
1608,true,זנגוויל\גינגיר תפזור,,,זנגוויל\גינגיר תפזור,קילוגרמים,1.00,"ק""ג",true,,22.90,22.9000,true,1,50866
1610,true,שרי אשכולות לקג,,,שרי אשכולות לקג,קילוגרמים,1.00,"ק""ג",true,,18.90,18.9000,true,1,50867
1613,true,דלורית,,,דלורית,קילוגרמים,1.00,"ק""ג",true,,5.90,5.9000,true,1,50869
1615,true,בצל אדום,,,בצל אדום,קילוגרמים,1.00,"ק""ג",true,,6.90,6.9000,true,1,50871
1616,true,כוסברה כשר,,,כוסברה כשר,יח',1.00,יח',false,,5.90,5.9000,true,1,47733
1617,true,אננס,,,אננס,יח',1.00,יח',false,,37.90,37.9000,true,1,50872
1618,true,אפרסמון קרמבו,,,אפרסמון קרמבו,קילוגרמים,1.00,"ק""ג",true,,15.90,15.9000,true,1,50873
1619,true,פומלית,,,פומלית,קילוגרמים,1.00,"ק""ג",true,,5.90,5.9000,true,1,50874
1620,true,קיווי,,,קיווי,קילוגרמים,1.00,"ק""ג",true,,15.90,15.9000,true,1,50875
1632,true,קישוא זוקיני ירוק,,,קישוא זוקיני ירוק,קילוגרמים,1.00,"ק""ג",true,,11.90,11.9000,true,1,50877
1645,true,תפוח עץ גלה,,,תפוח עץ גלה,קילוגרמים,1.00,"ק""ג",true,,9.90,9.9000,true,1,50883
1670,true,"בטטה קסביה (תפו""א יר",,,"בטטה קסביה (תפו""א יר",קילוגרמים,1.00,"ק""ג",true,,15.90,15.9000,true,1,50891
1683,true,תפוח עץ פינק קריפס,,,תפוח עץ פינק קריפס,קילוגרמים,1.00,"ק""ג",true,,13.90,13.9000,true,1,50895
1708,true,גזר תפזורת,,,גזר תפזורת,קילוגרמים,1.00,"ק""ג",true,,4.90,4.9000,true,1,50906
1859,true,שיבה ליח',,,שיבה ליח',יח',1.00,יח',false,,4.90,4.9000,true,1,35549
1876,true,עירית ליח,,,עירית ליח,יח',1.00,יח',false,,5.90,5.9000,true,1,41532
1880,true,רוקולה ליח,,,רוקולה ליח,גרמים,100.00,100 גרם,false,,7.90,0.0790,true,1,35552
1977,true,לימון,,,לימון,קילוגרמים,1.00,"ק""ג",true,,7.90,7.9000,true,1,314929
2000,true,"בורקס גבינה/תפו""א",,,"בורקס גבינה/תפו""א",קילוגרמים,1.00,"ק""ג",true,,42.00,42.0000,true,1,33978
2001,true,מב בורקס תורכי בטעמי,,,בורקס תורכי בטעמים,קילוגרמים,1.00,"ק""ג",true,,35.00,35.0000,true,1,2443
2012,true,מב אוזני פיל פרווה,,,אוזני פיל פרווה,קילוגרמים,1.00,"ק""ג",true,,26.90,26.9000,true,1,2450
3080,true,עוגת סבתא שוקולד,,,עוגת סבתא שוקולד,יח',1.00,יח',false,,25.90,25.9000,true,1,2460
3500,true,עוף טרי שלם,,,עוף טרי שלם,קילוגרמים,1.00,"ק""ג",true,,18.90,18.9000,true,1,26501
3501,true,כרעיים עוף טרי,,,כרעיים עוף טרי,קילוגרמים,1.00,"ק""ג",true,,26.90,26.9000,true,1,26502
3502,true,חזה עוף טרי,,,חזה עוף טרי,קילוגרמים,1.00,"ק""ג",true,,31.90,31.9000,true,1,26503
3506,true,גרון הודו זכר טרי,,,גרון הודו זכר טרי,קילוגרמים,1.00,"ק""ג",true,,29.90,29.9000,true,1,26505
3507,true,שניצל עוף פרוס טרי,,,שניצל עוף פרוס טרי,קילוגרמים,1.00,"ק""ג",true,,34.90,34.9000,true,1,26506
3511,true,חזה הודו טרי,,,חזה הודו טרי,קילוגרמים,1.00,"ק""ג",true,,33.90,33.9000,true,1,26508
3515,true,שוקיים הודו טרי,,,שוקיים הודו טרי,קילוגרמים,1.00,"ק""ג",true,,26.90,26.9000,true,1,26511
3516,true,שווארמה הודו זכר טרי,,,שווארמה הודו זכר טרי,קילוגרמים,1.00,"ק""ג",true,,69.90,69.9000,true,1,26512
3520,true,ירכיים עוף טרי,,,ירכיים עוף טרי,קילוגרמים,1.00,"ק""ג",true,,26.90,26.9000,true,1,26514
3522,true,שוארמה פרגיות טרי,,,שוארמה פרגיות טרי,קילוגרמים,1.00,"ק""ג",true,,54.90,54.9000,true,1,26515
3527,true,הודו טחון טרי,,,הודו טחון טרי,קילוגרמים,1.00,"ק""ג",true,,34.90,34.9000,true,1,26516
3531,true,גרון הודו נקבה טרי,,,גרון הודו נקבה טרי,קילוגרמים,1.00,"ק""ג",true,,29.90,29.9000,true,1,26519
3534,true,סטייק פרגית טרי,,,סטייק פרגית טרי,קילוגרמים,1.00,"ק""ג",true,,49.90,49.9000,true,1,26521
3535,true,פילה עוף טרי,,,פילה עוף טרי,קילוגרמים,1.00,"ק""ג",true,,34.90,34.9000,true,1,26522
3543,true,ירכיים הודו טרי,,,ירכיים הודו טרי,קילוגרמים,1.00,"ק""ג",true,,54.90,54.9000,true,1,26524
3546,true,בשר עוף טרי טחון,,,בשר עוף טרי טחון,קילוגרמים,1.00,"ק""ג",true,,36.90,36.9000,true,1,26525
3547,true,קצוות תנובה מעדניה ח,,,קצוות תנובה מעדניה ח,קילוגרמים,1.00,"ק""ג",true,,35.00,35.0000,true,1,25617
3611,true,זנבות הודו טרי,,,זנבות הודו טרי,קילוגרמים,1.00,"ק""ג",true,,5.90,5.9000,true,1,26526
4015,true,קוקוס ראש,,,קוקוס ראש,יח',1.00,יח',false,,5.90,5.9000,true,1,50956
4650,true,5 יח' לחמניות שמיניה,,,5 יח' לחמניות שמיניה,יח',1.00,יח',false,,15.90,15.9000,true,1,52924
5504,true,דונאטס בטעמים מצופה,,,דונאטס בטעמים מצופה,גרמים,45.00,100 גרם,false,,6.90,0.1533,true,1,2755
5506,true,דונאטס בטעמים ממולא,,,דונאטס בטעמים ממולא,גרמים,65.00,100 גרם,false,,7.90,0.1215,true,1,310277
6303,true,6 יח' יאמיס,,,6 יח' יאמיס,יח',1.00,יח',false,,15.70,15.7000,true,1,2472
7664,true,שרי תמר תפזורת לובלו,,,שרי תמר תפזורת לובלו,קילוגרמים,1.00,"ק""ג",true,,22.90,22.9000,true,1,50957
9999,true,פיקדון בקבוקים,,,פיקדון בקבוקים,יחידה,0.00,יחידה,false,,0.30,0.0000,true,1,75
5678585,true,ענב סקרלוטה,,,ענב סקרלוטה,קילוגרמים,1.00,"ק""ג",true,,29.90,29.9000,true,1,50971
40052403,false,קיט קט אצבעות 40 גרם,,,קיט קט אצבעות 40 גרם,גרמים,40.00,100 גרם,false,,3.90,0.0975,true,1,41935
40099132,false,מסטיק הובה בובה תות 35ג',,DE,הובה בובה צאנק תות 3,גרמים,35.00,100 גרם,false,,3.00,0.0857,true,1,20594
42138105,false,סיגריות וינסטון סופר סלימס כחול,גיי טי אינטרנשיונל,,וינסטון סלימס כחול ק,יחידה,0.00,יחידה,false,,32.00,0.0000,false,1,4090
50398904,false,"קרם חמצן 6% אינדולה 60 מ""ל",,,קרם חמצן 6% אינדולה,מיליליטרים,60.00,"100 מ""ל",false,,4.50,0.0750,true,1,68089
50398911,false,חמצן %9 60 מ''ל אינדולה,,,אינדולה קרם חמצן 9%,מיליליטרים,60.00,"100 מ""ל",false,,4.00,0.0667,true,1,7903
59068907,false,סיגריות פאל מאל כחול דמי סלימס,גלוברנס,,פאל מאל כחול דמי סלי,יחידה,0.00,יחידה,false,,26.00,0.0000,false,1,4096
59068914,false,סיגריות פאל מאל סילבר דמי סלימס,,,פאל מאל סילבר דמי סל,יחידה,0.00,יחידה,false,,26.00,0.0000,false,1,4097
59082637,false,"רקסונה - דאודורנט רולאון לגבר אקסטרא קול 50 מ""ל",,GB,רקסונה רול-און אקסטר,מיליליטרים,50.00,"100 מ""ל",false,,14.90,0.2980,true,1,10038
72917367,false,טעמי 28 חטיף 40 גר',"שטראוס גרופ בע""מ",IL,טעמי 40 גר',גרמים,40.00,100 גרם,false,,3.90,0.0975,true,1,22141
72940754,false,מילקי וניל 133 גרם,"שטראוס גרופ בע""מ",IL,"מילקי וניל 170 מ""ל",מיליליטרים,170.00,"100 מ""ל",false,,3.00,0.0176,true,1,23207
72940761,false,מילקי שוקולד מהדרין 170 ג',מיוצר עי קונדיטוריית,IL,מילקי שוקולד מהדרין,מיליליטרים,170.00,"100 מ""ל",false,,3.00,0.0176,true,1,23208
72940952,false,מילקי פי 2 קצפת אקסטרה 170 ג',"שטראוס גרופ בע""מ",IL,מילקי אקסטראה קצפת מ,מיליליטרים,110.00,"100 מ""ל",false,,3.80,0.0345,true,1,23209
72940983,false,חומוס אחלה 250 גרם,,,אחלה חומוס 250ג,גרמים,250.00,100 גרם,false,,6.90,0.0276,true,1,23211
72941041,false,מיני מילקי שוקולד 62 גרם,"שטראוס גרופ בע""מ",IL,מיני מילקי שוקולד 70,מיליליטרים,70.00,"100 מ""ל",false,,2.60,0.0371,true,1,23212
72961209,false,"שמנת חמוצהבד""צ תנובה",,IL,"שמנת חמוצהבד""צ תנובה",מיליליטרים,200.00,"100 מ""ל",false,,2.40,0.0120,true,1,25687
72961223,false,"גילה גדול 200 מ""ל",,IL,"גיל 3% בד""צ 200 מ""ל",מיליליטרים,200.00,"100 מ""ל",false,,1.51,0.0076,true,1,25689
72961520,false,יוגורט עם אננס 1.5% שומן 125 ג' פרילי,מיוצר עי קונדיטוריית,IL,פרילי אננס 1.5% 125מ,מיליליטרים,125.00,"100 מ""ל",false,,3.70,0.0296,true,1,25692
72961544,false,יוגרט תות 3% 125שומן ג' באדי,מחלבת אלון תבור,IL,באדי תות 125מל,מיליליטרים,125.00,"100 מ""ל",false,,2.90,0.0232,true,1,25693
72963753,false,שמנת אורגינל של פעם 27% שומן 200 ג' תנובה,תנובה מרכז שיתופי לש,IL,תנובה שמנת של פעם 27,מיליליטרים,200.00,"100 מ""ל",false,,4.20,0.0210,true,1,25698
72964132,false,פרילי טבע 1.9% גביע 200 גר,מיוצר עי קונדיטוריית,IL,פרילי טבע עם גרנולה,מיליליטרים,200.00,"100 מ""ל",false,,4.90,0.0245,true,1,25700
72964422,false,"יוגורט פרחים גביע 4.5% 200 מ""ל",מחלבת תנובה,IL,תנובה יוגורט פרחים 4,מיליליטרים,200.00,"100 מ""ל",false,,2.90,0.0145,true,1,25701
72986240,false,באדי מעדן שוקו גביע 125גרם 2% בדצ,מחלבת אלון תבור,IL,באדי שוקו בדץ 125מל,מיליליטרים,125.00,"100 מ""ל",false,,2.90,0.0232,true,1,25703
72986370,false,"גלידת בן & ג'ריס פיינטים וניל 500מ""ל",מוצרי איכות אמריקאים,IL,גלידת פיינטים וניל צ,מיליליטרים,420.00,"100 מ""ל",false,,19.90,0.0474,true,1,14339
72986424,false,"גלידת בן & ג'ריס פיינטים קרם עוגיות 500מ""ל",מוצרי איכות אמריקאיי,IL,גלידת פיינטים קרם עו,מיליליטרים,420.00,"100 מ""ל",false,,19.90,0.0474,true,1,14340
72986448,false,"גלידת בן & ג'ריס פיינטים טופי קראנץ 500מ""ל",מוצרי איכות אמריקאיי,IL,גלידת טופי קרנץ,מיליליטרים,420.00,"100 מ""ל",false,,19.90,0.0474,true,1,14341
72986455,false,"גלידת בן & ג'ריס פיינטים ניו-יורק 500מ""ל",מוצרי איכות אמריקאיי,IL,גלידת פיינטים ניו-יו,מיליליטרים,420.00,"100 מ""ל",false,,19.90,0.0474,true,1,14342
72986479,false,"גלידה שוקולד אגוז עם בננות בן וג'ירי 500 מ""ל",מוצרי איכות אמריקאיי,IL,גלידת פיינטים צאנקי,מיליליטרים,420.00,"100 מ""ל",false,,19.90,0.0474,true,1,14343
72989425,false,"גלידת בן & ג'ריס פיינטים שוקולד בראוניז 500מ""ל",מוצרי איכות אמריקאיי,IL,גלידת פיינטים שוקולד,מיליליטרים,500.00,"100 מ""ל",false,,19.90,0.0398,true,1,14345
72991374,false,סיגריות טיים רד חפיס,דובק,,טיים רד,יחידה,0.00,יחידה,false,,28.90,0.0000,false,1,4541
72993637,false,מעדן חלב בטעם שוקולד 125 ג' דני,מחלבת אחיהוד,IL,דני מהדרין שוקו בודד,מיליליטרים,125.00,"100 מ""ל",false,,3.10,0.0248,true,1,23216
72994061,false,חטיף פסק זמן GOOD גלילית לבן 40 גרם,שולן צ'יקולטה גידה ס,TR,פסק זמן 36גר,גרמים,36.00,100 גרם,false,,4.90,0.1361,true,1,22151
76136184,false,פאל מאל סופרסלימס כחול קופסה,BAT,,פאל מאל בלו סופרסלימ,יחידה,0.00,יחידה,false,,29.00,0.0000,false,1,4102
80050025,false,סוכריות טיק טק בטעם תפוז,קדבורי,ZA,טיק טק תפוז,גרמים,16.00,100 גרם,false,,3.19,0.1994,true,1,41447
80050124,false,סוכריות טיק טק בטעם מנטה,קדבורי,ZA,טיק טק סוכריות,גרמים,16.00,100 גרם,false,,3.19,0.1994,true,1,41448
80052760,false,קינדר בואנו קלאסי 43 ג',קדבורי,PL,חטיף קינדר בואנו שוק,גרמים,43.00,100 גרם,false,,4.20,0.0977,true,1,41454
80052883,false,סוכריות מנטה חזק 16 ג' טיק טק,,ZA,טיק טק מנטה כחול,יחידה,0.00,יחידה,false,,3.19,0.0000,true,1,265701
80136194,false,קינדר הפי היפו אגוזי לוז חמישייה 103.5 ג,קדבורי,IT,הפי היפו 5*20ג,גרמים,102.00,100 גרם,false,,12.90,0.1265,true,1,41455
80176800,false,נוטלה ממרח שוקולד 750 גרם,פררו תעשיות איטליה ס,IT,ממרח שוקולד נוטלה 75,גרמים,750.00,100 גרם,false,,26.90,0.0359,true,1,41457
80177173,false,ממרח נוטלה קקאו עם א,פררו,IT,ממרח נוטלה קקאו עם א,גרמים,350.00,100 גרם,false,,15.90,0.0454,true,1,41458
80177609,false,קינדר - אצבעות שוקולד רביעייה,קדבורי,IT,קינדר אצבעות שוק.חלב,גרמים,50.00,100 גרם,false,,4.90,0.0980,true,1,41460
80177616,false,טבלת שוקולד קינדר 100 גרם,פררו,IT,אצבעות שוקולד קינדר,גרמים,100.00,100 גרם,false,,8.40,0.0840,true,1,41461
80273677,false,צילי במטחנה 20 גר ארומה דה טוסקנה,DROGHERIA E ALIMENTA,,צ'ילי במטחנה 20 גרם,גרמים,20.00,100 גרם,false,,12.90,0.6450,true,1,41207
80273684,false,תערובת עשבי פרובנס במטחנה 20 גר ארומה דה,ארומה דה טוסקנה,,תערובת עשבי פרובנס ב,גרמים,20.00,100 גרם,false,,12.90,0.6450,true,1,41208
80718758,false,טונה בשמן זית 160 גר CALIPO,קליפו קונסרב,IT,טונה בשמן זית 160 גר,גרמים,160.00,100 גרם,false,,22.90,0.1431,true,1,47900
80761761,false,קינדר בואנו לבן בודד 39 גר,קדבורי,PL,קינדר בואנו לבן 39ג,גרמים,43.00,100 גרם,false,,4.20,0.0977,true,1,41463
80768838,false,מסטיק מנטוס וויט ביג פירות ומנטה 105 ג',"אינסטנטה בע""מ",IT,מסטיק מנטוס וויט מנט,גרמים,105.00,100 גרם,false,,16.30,0.1552,true,1,12545
80773429,false,מסטיק מנטוס פיור פרש בבקבוק בינוני בטעם תות 60 ג',"פרפטי ואן מלה ג'ידה,",TR,מסטיק מנטוס בקבוק בט,גרמים,60.00,100 גרם,false,,10.90,0.1817,true,1,12549
80773443,false,מסטיק מנטוס בבקבוק מעוגל בטעם מנטה מעודנת 60 ג',"פרפטי ואן מלה ג'ידה,",TR,מסטיק מנטוס בקבוק בט,גרמים,60.00,100 גרם,false,,10.90,0.1817,true,1,12550
80780595,false,מסטיק מנטוס ביג בבקבוק מעוגל טעם מנטה-עדינה 90 ג',הרשי,TR,מסטיק מנטוס ביג בבקב,גרמים,90.00,100 גרם,false,,16.30,0.1811,true,1,12552
80790990,false,מסטיק מנטוס בבקבוק מעוגל בטעם פירות -מנטה 60 ג',"פרפטי ואן מלה ג'ידה,",TR,מסטיק מנטוס בקבוק בט,גרמים,60.00,100 גרם,false,,10.90,0.1817,true,1,12554
80804697,false,מסטיק מנטוס וויט ביג סוויטמינט 105 גר,"אינסטנטה בע""מ",TR,מסטיק מנטוס וויט מנט,גרמים,105.00,100 גרם,false,,16.30,0.1552,true,1,12560
80828174,false,מסטיק מנטוס וויט בטעם מנטה מתוקה,פרפטי ואן מלה,IT,מסטיק מנטוס ויט טעם,גרמים,60.00,100 גרם,false,,9.90,0.1650,true,1,12565
80854753,false,סוכרית מנטוס מנטה ללא סוכר 21 גרם Clean Breath,קדבורי,NL,"ס.מנטוס מנטה לל""ס 30",גרמים,21.00,100 גרם,false,,6.90,0.3286,true,1,70008
80862130,false,מסטיק מנטוס פיור פרש בטעם אבטיח 28 גרם,פרפטי ואן מלה ברדה,TR,מסטיק מנטוס פיור פרש,גרמים,28.00,100 גרם,false,,4.50,0.1607,true,1,114057
80864295,false,סוכריות פיור וויט טעם מנטה עדינה 60 ג' מנטוס,"פרפטי ואן מלה ג'ידה,",TR,מנטוס פיור וויט ללא,גרמים,60.00,100 גרם,false,,10.90,0.1817,true,1,199436
80896081,false,מסטיק מנטוס פיור פרש בבקבוק בינוני בטעם אבטיח 60 ג',"פרפטי ואן מלה ג'ידה,",TR,מסטיק מנטוס בקבוק בט,גרמים,60.00,100 גרם,false,,10.90,0.1817,true,1,12573
80913467,false,מסטיק מנטו בבקבוק מעוגל בטעם מנטה 60 ג',פרפטי ואן מלה ברדה,TR,מסטיק מנטוס בקבוק בט,גרמים,60.00,100 גרם,false,,10.90,0.1817,true,1,12575
80945468,false,סוכריות פיור וויט טעם מנטה מתוקה 60 ג' מנטוס,"פרפטי ואן מלה ג'ידה,",TR,מנטוס פיור וויט ללא,גרמים,60.00,100 גרם,false,,10.90,0.1817,true,1,199437
80954521,false,מסטיק מנטוס פיור פרש בטעם תות 28 גרם,פרפטי ואן מלה ברדה,TR,מסטיק מנטוס פיור פרש,גרמים,28.00,100 גרם,false,,4.50,0.1607,true,1,114058
80986348,false,סוכריות פיור וויט טעם מנטה 60 ג' מנטוס,"פרפטי ואן מלה ג'ידה,",TR,מנטוס פיור וויט ללא,גרמים,60.00,100 גרם,false,,10.90,0.1817,true,1,199438
80995128,false,מנטוס - מסטיק בטעם הדרים בתוספת ויטמינים 60 גרם,ווינפאק,TR,מסטיק מנטוס ויטמין ל,גרמים,60.00,100 גרם,false,,10.90,0.1817,true,1,312768
87108538,false,סוכריות מנטוס תות גל,הדקלאים אגודת שיתופי,NL,מנטוס תות בגליל 37.5,גרמים,37.50,100 גרם,false,,2.90,0.0773,true,1,12588
87108651,false,מנטוס מנטה מארז 4 יח' * 37.5 ג',הדקלאים אגודת שיתופי,NL,סוכריות מנטוס מנטה 1,גרמים,150.00,100 גרם,false,,10.90,0.0727,true,1,12589
87108712,false,מנטוס פירות מארז 4 יח' * 37.5 ג',קדבורי,NL,סוכריות מנטוס פירות,גרמים,150.00,100 גרם,false,,10.90,0.0727,true,1,12590
90087011,false,מיץ תפוחים 100% קרטונית ראוך,,AT,מיץ תפוחים 1 ליטר,ליטרים,1.00,ליטר,false,,11.50,11.5000,true,1,24895
90087066,false,מיץ תפוזים 100% טבעי 1 ל' RAUCH,,AT,מיץ תפוזים 100%,יחידה,0.00,יחידה,false,,11.50,0.0000,true,1,24896
90087806,false,מיץ אשכוליות 100% 1 ליטר,,AT,מיץ אששכוליות 100% 1,ליטרים,1.00,ליטר,false,,11.50,11.5000,true,1,24900
90087974,false,"חומץ תפוחים 5% 750 מֿֿֿֿ""ל 12X",ראוך פרוכטסאפה,AT,חומץ תפוחים 5% תומר,מיליליטרים,750.00,"100 מ""ל",false,,12.90,0.0172,true,1,24901
90162602,false,"משקה רד בול מוגז פחית 250 מ""ל",רד בול ג'י.אם.בי. אץ,AT,משקה אנרגיה RED BULL,מיליליטרים,250.00,"100 מ""ל",false,,5.90,0.0236,true,1,5222
198888886,false,עיגול אגורות,,,עיגול אגורות,יחידה,0.00,יחידה,false,,1.00,0.0000,true,1,47157
11182700954,false,קינג קול שעועית שחורה 439 גרם,קינג קול,,שעועית שחורה 232 גרם,גרמים,439.00,100 גרם,false,,9.90,0.0226,true,1,36854
11210000094,false,"רוטב טבסקו אדום 60 מ""ל",מקאילהייני אייבורי,,טבסקו,מיליליטרים,60.00,"100 מ""ל",false,,10.90,0.1817,true,1,37922
11210006508,false,רוטב פלפל הבנרו חריף טבסקו 60 מל,,,רוטב טבסקו הבנרו 60,מיליליטרים,60.00,"100 מ""ל",false,,14.90,0.2483,true,1,37925
16000185517,false,נסטלה - דגני בוקר פייבר 555 גרם,בטר אנד דיפרנט,US,פייבר1- דגני בוקר עת,גרמים,555.00,100 גרם,false,,24.90,0.0449,true,1,194420
16000548404,false,ניטשר ואלי חטיף קראנצי גרנולה שיבולת שועל 210 ג',ג'נרל מילס סאן אדריא,ES,חטיף קראנצי גרנולה ש,גרמים,210.00,100 גרם,false,,19.50,0.0929,true,1,12604
16000548909,false,חטיף ניישטר וואלי 1/5 בריאות מעורב 210 ג,ג'נרל מילס סאן אדריא,ES,חטיף קראנצי גרנולה מ,גרמים,210.00,100 גרם,false,,19.50,0.0929,true,1,12609
18000701223,false,תערובת לעוגת שוקולד 517 גרם פילסבורי,הדקלאים אגודת שיתופי,IL,תערובת לעוגת שוק.דוי,גרמים,500.00,100 גרם,false,,16.90,0.0338,true,1,12611
18000703494,false,תערובת עוגת וניל פיסברי 500 גר',הדקלאים אגודת שיתופי,IL,תערובת לעוגת וניל פר,גרמים,517.00,100 גרם,false,,16.90,0.0327,true,1,12612
25675120006,false,חמצוצים 4 צבעים טבעי 100 גרם,,,חמצוצים חמצוצים טבעי,גרמים,100.00,100 גרם,false,,8.90,0.0890,true,1,3758
37600207188,false,חמאת בוטנים סקיפי קלאסי 462 גר',חברת המזון אלגוד,US,סקיפי חמאת בוטנים קל,גרמים,462.00,100 גרם,false,,17.90,0.0387,true,1,5226
37600207256,false,חמאת בוטנים סקיפי עם שברי בוטנים 462 גר',חברת המזון אלגוד,US,סקיפי חמאת בוטנים עם,גרמים,462.00,100 גרם,false,,17.90,0.0387,true,1,5227
38000232152,false,פרינגלס ברביקיו 158 גרם – חדש,פרינגלס מניופקצ'ורינ,US,פרינגלס ביג ברביקיו,גרמים,158.00,100 גרם,false,,8.90,0.0563,true,1,26730
38000232176,false,פרינגלס שמנת ובצל 158 גרם,פרינגלס מניופקצ'ורינ,US,פרינגלס ביג שמנת בצל,גרמים,158.00,100 גרם,false,,8.90,0.0563,true,1,26731
38000232183,false,פרינגלס אוריגינל 149 גרם,פרינגלס מניופקצ'ורינ,US,פרינגלס ביג אורגינל,גרמים,158.00,100 גרם,false,,8.90,0.0563,true,1,26732
38527591053,false,קואקר דגנים מרובעים שיבולת שועל וקינמון,BEVERAGES FOODS & SE,,דגני בוקר מרובעים קי,גרמים,412.00,100 גרם,false,,19.90,0.0483,true,1,24150
40000514480,false,M&M אריזה קטנה's שוקולד אריזה קטנה 48 גרם,מרס נדרלנד,,עדשי שוקולד M&M שוקו,גרמים,48.00,100 גרם,false,,4.90,0.1021,true,1,20653
40000514510,false,M&M אריזה קטנה's בוטנים אריזה קטנה 49 גרם,מרס נדרלנד,,בוטנים 49 גרם M&M עד,גרמים,49.00,100 גרם,false,,4.90,0.1000,true,1,20654
41500007007,false,חרדל צהוב פרנצס קלאסי לחיץ 226 גרם,,US,חרדל צהוב קלאסי 226,גרמים,226.00,100 גרם,false,,12.90,0.0571,true,1,270350
45600022687,true,אותיות האלף בת,,,אותיות האלף בת,יחידה,0.00,יחידה,false,,24.90,0.0000,true,1,58114
46214372250,false,"עוגיות שטרודל פריכות תפו""ע וצימוקים",,,מרבה עוגיות שטרודל פ,גרמים,225.00,100 גרם,false,,9.90,0.0440,true,1,21199
46214731552,false,עוגיות שוקולד ציפס מובחרות 225 ג',קריניציה ויטמינה אס,NL,מרבה עוגיות שוקולד צ,גרמים,225.00,100 גרם,false,,9.90,0.0440,true,1,21201
49022698499,false,מגן תחתון וולגרין 18,,,מגן תחתון וולגרין 18,יחידה,0.00,יחידה,false,,3.90,0.0000,true,1,51778
50000015474,false,פריסקיז מעדני הים 4*,פורינה,US,פריסקיז מעדני הים 4*,קילוגרמים,1.40,"ק""ג",false,,38.90,27.7857,true,1,132587
50000084500,false,"פריסקיז מנתחי ברביקיו 1.4 ק""ג",פורינה,US,פריסקיז מעדני השף מנ,קילוגרמים,1.43,"ק""ג",false,,38.90,27.2028,true,1,18357
50000100347,false,"פריסקיז - מעדני החתול מועשר בחלב 1.40 ק""ג",פורינה,US,פריסקיז מעדני החתול,קילוגרמים,1.40,"ק""ג",false,,38.90,27.7857,true,1,18359
50000225224,false,פריסקיז פריים פילה הודו ברוטב 156 גר,פורינה,US,פריסקיז פריים פילה ה,גרמים,156.00,100 גרם,false,,6.90,0.0442,true,1,18362
50000237951,false,פריסקיז פארטי מיקס מ,פורינה,US,פריסקיז פארטי מיקס מ,גרמים,60.00,100 גרם,false,,11.90,0.1983,true,1,290664
50000429448,false,פנסי פיסט - מוס סלמון 85 גרם,פורינה,US,פנסי פיסט פטה מוס סל,גרמים,85.00,100 גרם,false,,6.10,0.0718,true,1,18372
50000429646,false,פנסי פיסט דגי אוקיינוס 85 גרם,פורינה,US,פנסי פיסט פטה דג אוק,גרמים,85.00,100 גרם,false,,5.70,0.0671,true,1,18373
52100004266,false,תימין ( עלים ) 67 גר,,US,תימין ( עלים ) 67 גר,גרמים,67.00,100 גרם,false,,19.90,0.2970,true,1,269942
54881005654,false,תה ירוק יסמין 20 שקיות AHMAD TEA,,,תה ירוק יסמין 20 שקי,גרמים,180.00,100 גרם,false,,9.90,0.0550,true,1,110332
64144090013,false,"ספריי שמן PAM בטעם חמאה 141 מ""ל",קונאגרה פודס,,תרסיס שמן פאם חמאה 1,מיליליטרים,148.00,"100 מ""ל",false,,17.90,0.1209,true,1,12641
64144090051,false,"ספריי שמן PAM קנולה אורגינל 148 מ""ל",קונאגרה פודס,FI,תרסיס שמן קנולה פאם,מיליליטרים,148.00,"100 מ""ל",false,,17.90,0.1209,true,1,12643
70177077693,false,תה אנגליש ברקפסט 25 שקיות טוינינגס 50 גר,אר. טווינינגס אנד קו,PL,טווינינג אינגליש ברק,גרמים,50.00,100 גרם,false,,18.90,0.3780,true,1,13670
70177078775,false,טווינינג ליידי גריי,,,טווינינג ליידי גריי,גרמים,50.00,100 גרם,false,,18.90,0.3780,true,1,13671
70177273330,false,חליטת ורבנה 37.5 גרם טווינינג,,PL,טווינינגס חליטת לואי,גרמים,37.50,100 גרם,false,,17.90,0.4773,true,1,219918
76840100156,false,"בן אנד גריס גלידת צרי גרסיה 500 מ""ל",מוצרי איכות אמריקאיי,US,בן&גרי גלידה צרי גרס,גרמים,473.00,100 גרם,false,,19.90,0.0421,true,1,14356
76840100583,false,"גלידת וניל עם בצק עוגיות בן וג'ירי 473 מ""ל",מוצרי איכות אמריקאיי,,גלידה וניל +בצק עוגי,מיליליטרים,473.00,"100 מ""ל",false,,19.90,0.0421,true,1,14357
76840400218,false,"גלידה בן&ג'ריס תות שדה ועוגת גבינה 500מ""ל",מוצרי איכות אמריקאיי,,בן&גריס גלידה תות שד,מיליליטרים,475.00,"100 מ""ל",false,,19.90,0.0419,true,1,14370
77245110610,false,סוכריות מאסט ללא סוכר בטעם מנטה 80 ג'עלית,MIESZKO S.A - MS. JO,CO,סוכריות מאסט ללא סוכ,גרמים,80.00,100 גרם,false,,8.90,0.1113,true,1,22156
77975010167,false,סניידרס מקלוני חיטה בתוספת דבש 340 גר,סניידרס,,טוויסטס דבש 340 גר'.,גרמים,340.00,100 גרם,false,,15.90,0.0468,true,1,12644
77975034071,false,סניידרס חטיף בייגלה ניברלס 255.2 גרם,סיינדרס,US,בייגלה סניידרס ניבלר,גרמים,255.00,100 גרם,false,,15.90,0.0624,true,1,12649
77975036976,false,מטבל עגבניות בחריפות עדינה סניידרס 439 ג',סניידרס,,סניידרס מטבל סלסה בח,גרמים,439.00,100 גרם,false,,16.90,0.0385,true,1,12650
77975094631,false,סנדוויץ' בייגלה במילוי בטעם קרם צ'דר 226 גר',סיינדרס,US,סניידרס בייגלה סנדוו,גרמים,266.00,100 גרם,false,,15.90,0.0598,true,1,125366
77975094761,false,שברי בייגלה סניידרס בטעם צידר 340 גרם,סניידרס,US,סניידרס צ'דר 340 גרם,גרמים,340.00,100 גרם,false,,15.90,0.0468,true,1,125367
77975094778,false,שברי בייגלה סניידרס בטעם דבש חרדל 340 גר,סניידרס,US,סניידרס שברי בייגלה,גרמים,340.00,100 גרם,false,,15.90,0.0468,true,1,159084
77975095133,false,שברי בייגלה בטעם פיקנטי 318 ג' סניידרס,סניידרס,US,בייגלה סניידרס פיקנט,גרמים,318.00,100 גרם,false,,15.90,0.0500,true,1,312780
77975095164,false,שברי בייגלה בטעם פרמז'ן ושום 318 ג' סניידרס,סניידרס,US,בייגלה סניידרס בטעם,גרמים,318.00,100 גרם,false,,15.90,0.0500,true,1,312781
611745285432,false,סט 3 מגבות מטבח,,,סט 3 מגבות מטבח,יחידה,0.00,יחידה,false,,14.90,0.0000,true,1,66571
611745285685,true,אבוקדו בשל יח,,,אבוקדו בשל יח,גרמים,470.00,100 גרם,false,,8.90,0.0189,true,1,50972
628154383659,false,דגני בוקר פרוטי פבלס 311 ג' POST,PO קוד יצרן,PL,דגני בוקר פרוטי פבלס,גרמים,311.00,100 גרם,false,,23.80,0.0765,true,1,238002
645173911038,false,מלפפון קורנישון מיני בצנצנת 720ג',קלמן אינדיה,,מלפפונים קורנישון מי,גרמים,720.00,100 גרם,false,,10.90,0.0151,true,1,24905
651080161510,false,"פלאקרס ""פלוסר ""חוט דנטלי משופר 35יח'-חדש",מיוצר עי קונדיטוריית,CN,פלקרס קיסם עם חוט ג',יחידה,0.00,יחידה,false,,9.90,0.0000,true,1,5471
651080647519,false,"פלאקרס ""פלוסר ""חוט דנטלי ירוק -מנטה",המאפיה של הרמן,US,פלאקרס חוט דנטלי מנט,יחידה,0.00,יחידה,false,,9.90,0.0000,true,1,5475
693493065641,false,טחינה הר כנען טחינה שכם לבנה 100% 500 ג,,,טחינת הר כנען 100% ש,גרמים,500.00,100 גרם,false,,15.90,0.0318,true,1,203684
728229123590,false,טרה צ'יפס ירקות אורגינל 110 גרם,הונדורס צ'יפס יצור א,HN,טרה צ'יפס ירקות שורש,גרמים,110.00,100 גרם,false,,15.50,0.1409,true,1,5478
768404001640,false,"גלידה בן&ג'ריס קפה משפחתית 500מ""ל",מוצרי איכות אמריקאיי,,גלידה פיינטס קפה 473,מיליליטרים,473.00,"100 מ""ל",false,,19.90,0.0421,true,1,14380
811250030699,false,פלפל שחור טחון 50 גר,,,פלפל שחור טחון 50 גר,גרמים,50.00,100 גרם,false,,5.90,0.1180,true,1,34733
835811001522,false,כפיות 100 יח` לקפה ו,,,כפיות 100 יח` לקפה ו,יחידה,0.00,יחידה,false,,9.90,0.0000,true,1,7437
835811001676,false,מגש הכסף תבנית מלבן,,IL,תבנית גדולה 9 יח. R-,יחידה,0.00,יחידה,false,,11.90,0.0000,true,1,7448
835811001713,false,נילון נצמד 150 מטר רוחב 30 סמ,,,נילון ניצמד 150 מ' ר,מטרים,150.00,מטר,false,,17.90,0.1193,true,1,7451
835811003427,false,"צלחות גדולות מקנה סוכר 1 ק""ג",,,צלחות גדול מקנה סוכר,יחידה,0.00,יחידה,false,,34.90,0.0000,true,1,315416
835811003458,false,מזלגות אלגנט שחור / שקוף 50 יח' הנמל,,,מזלגות אלגנט שקוף 50,יחידה,0.00,יחידה,false,,9.90,0.0000,true,1,290108
835811003472,false,כפות אלגנט שחור / שקוף 50 יח' הנמל,,,כפות אלגנט שקוף 50 י,יחידה,0.00,יחידה,false,,9.90,0.0000,true,1,290110
835811003489,false,כפיות אלגנט שחור / שקוף 50 יח' הנמל,,,כפיות אלגנט שקוף 50,יחידה,0.00,יחידה,false,,9.90,0.0000,true,1,290122
835811003588,false,צלחות קלאסי גדול לבן 65 יח' הנמל,,,צלחות קלאסי לבן גדול,יחידה,0.00,יחידה,false,,34.90,0.0000,true,1,231854
835811004431,false,מארז ממחטות טישו משי 100X5 יח',,,מארז ממחטות נייר טי,יח',5.00,יח',false,,9.90,1.9800,true,1,202318
835811004523,false,קשים מיוחדים לשייק 75 יח הנמל,,CN,הנמל קשים מיוחדים לש,יח',75.00,יח',false,,9.90,0.1320,true,1,7519
835811005339,false,שקיות אוכל קרטון הנמל זוג*150 יח',,,זוג שקיות אוכל הנמל,יח',300.00,יח',false,,8.90,0.0297,true,1,7549
835811005728,false,עלים לעוגת קרמשניט 400 גרם,,IT,עלים לקרמשניט 400 גר,גרמים,400.00,100 גרם,false,,18.90,0.0472,true,1,7565
835811005803,false,"שקיות אשפה עם ידיות 75x90 ס""מ 25 יח'",,,הנמל שקיות אשפה עם י,יחידה,0.00,יחידה,false,,12.90,0.0000,true,1,7566
835811005810,false,תבנית אלמניום מרובע קטן מכסה10 יח',,IL,תבנית אלומיניום מרוב,יחידה,0.00,יחידה,false,,11.90,0.0000,true,1,7567
835811005933,false,תבנית אלמניום ענק 5יח',ווינפאק,,תבנית ענקית 5 יח. R-,יחידה,0.00,יחידה,false,,11.90,0.0000,true,1,7569
835811005957,false,תבנית אלמניום מכסה 8 יח',יבוא ושיווק: הנמל אר,IL,תבנית מלבנית עם מכסה,יחידה,0.00,יחידה,false,,11.90,0.0000,true,1,7571
835811006435,false,מגש הכסף תבנית מלבן עמוק מכסה 9 יח',,IL,תבנית מלבנית עמוקה ע,יחידה,0.00,יחידה,false,,11.90,0.0000,true,1,7602
835811006497,false,אבקת סוכר 500 גרם הנמל,ר.ס. חברה ליבוא וייצ,IL,אבקת סוכר 500 גר,גרמים,500.00,100 גרם,false,,8.90,0.0178,true,1,7605
835811006534,false,"כוס קרטון 16OZ ח""פ 50יח'",,,כוסות קרטון 50 יח 16,יחידה,0.00,יחידה,false,,23.90,0.0000,true,1,7608
835811006770,false,תבנית אולמניום עגול 5 יח',,,תבנית אלומניום עגולה,יחידה,0.00,יחידה,false,,11.90,0.0000,true,1,7626
835811007166,false,כוס לשתיה חמה לדרך+מכסה הנמל 16 יח',,,'כוסות לקפה לדרך+מכס,יחידה,0.00,יחידה,false,,12.90,0.0000,true,1,7636
835811007296,false,כפיות אלגנט קרם 50 יח' הנמל,,,כפיות אלגנט קרם 50,יחידה,0.00,יחידה,false,,9.90,0.0000,true,1,290134
835811007302,false,כפות אלגנט קרם 50 יח' הנמל,,,כפות אלגנט קרם 50 יח,יחידה,0.00,יחידה,false,,9.90,0.0000,true,1,290135
835811007319,false,מזלגות אלגנט קרם 50 יח' הנמל,,,מזלגות אלגנט קרם 50,יחידה,0.00,יחידה,false,,9.90,0.0000,true,1,290136
835811007326,false,סכינים אלגנט קרם 50 יח' הנמל,,,סכינים אלגנט קרם 50,יחידה,0.00,יחידה,false,,9.90,0.0000,true,1,290137
835811007357,false,לפתניות אובלי 25 יח',,TR,סלטינות 25 יחידות,יחידה,0.00,יחידה,false,,7.90,0.0000,true,1,7644
835811008347,false,גפרור ארוך מאוד להבי,הנמל,,גפרור ענק,יחידה,0.00,יחידה,false,,5.90,0.0000,true,1,7659
835811008989,false,כוסות קרטון 12 אוז 5,,,כוסות קרטון 12 אוז 5,יחידה,0.00,יחידה,false,,19.90,0.0000,true,1,7678
835811008996,false,כוס קרטון10 ozהנמל 50 יח',אכיף,CN,כוסות קרטון 10 אוז,יחידה,0.00,יחידה,false,,15.90,0.0000,true,1,7679
835811009016,false,כוסות קרטון 50 יח 4 OZ,,,כוסות קרטון 50 יח 4O,יחידה,0.00,יחידה,false,,7.90,0.0000,true,1,7681
844510013507,false,"נח ריזלינג 750 מ""ל",,,"נח ריזלינג 750 מ""ל",מיליליטרים,750.00,"100 מ""ל",false,,30.90,0.0412,true,1,71
851621000050,false,"שישיית בירה 1664 Blanc בקבוק 330 מ""ל",קרלסברג ספליי קומפאנ,PL,בירה BLANC שישיה 330,ליטרים,1.98,ליטר,false,,41.70,21.0606,true,1,71510
859547004329,false,ספוג ניקוי סקראב דדי,סקארקיסט,US,ספוג ניקוי כלים בצבע,גרמים,34.00,100 גרם,false,,17.90,0.5265,true,1,227328
859547004466,false,קירצוף וספוג ניקוי SCRUB DADDY,סקארקיסט,US,ספוג ניקוי דו צדדי ס,גרמים,34.00,100 גרם,false,,17.90,0.5265,true,1,227315
877300000074,false,פלפל שחור גרוס צנצנת,,,פלפל שחור גרוס צנצנת,גרמים,100.00,100 גרם,false,,14.90,0.1490,true,1,34742
877300000081,false,פלפל שחור טחון צנצנת,,,פלפל שחור טחון צנצנת,גרמים,100.00,100 גרם,false,,14.90,0.1490,true,1,34743
877300000364,false,אורגנו 20 גרם שקית.,,,אורגנו 20 גרם שקית.,גרמים,20.00,100 גרם,false,,4.90,0.2450,true,1,34744
877300001019,false,כוסברה טחון 120גר,,,כוסברה טחון 120גר,גרמים,120.00,100 גרם,false,,10.90,0.0908,true,1,34750
877300001057,false,נפטון פלפל לבן טחון,,,נפטון פלפל לבן טחון,גרמים,100.00,100 גרם,false,,14.90,0.1490,true,1,34753
877300001071,false,שום גבישי דק 150גר,,,שום גבישי דק 150גר,גרמים,150.00,100 גרם,false,,10.90,0.0727,true,1,34755
877300001101,false,נפטון קינמון טחון 15,,,נפטון קינמון טחון 15,גרמים,150.00,100 גרם,false,,10.90,0.0727,true,1,34756
877300001170,false,פפריקה מתוקה 150 גרם,,,פפריקה מתוקה 150 גרם,גרמים,150.00,100 גרם,false,,10.90,0.0727,true,1,34761
877300001361,false,נפטון תבלין לשווארמה,,,נפטון תבלין לשווארמה,גרמים,150.00,100 גרם,false,,10.90,0.0727,true,1,34767
877300001866,false,נפטון תערובת תיבול פ,,,נפטון תערובת תיבול פ,גרמים,150.00,100 גרם,false,,10.90,0.0727,true,1,34779
877300002078,false,רוטב שום דבש נפטון 3,,,רוטב שום דבש נפטון 3,גרמים,360.00,100 גרם,false,,13.90,0.0386,true,1,34785
877300002290,false,נפטון פפריקה מעושנת,,,נפטון פפריקה מעושנת,גרמים,150.00,100 גרם,false,,10.90,0.0727,true,1,34792
877300003242,false,רוטב ברביקיו נפטון 3,,,רוטב ברביקיו נפטון 3,גרמים,350.00,100 גרם,false,,13.90,0.0397,true,1,34801
877300003280,false,רוטב סויה נפטון 340,,,רוטב סויה נפטון 340,גרמים,340.00,100 גרם,false,,13.90,0.0409,true,1,34804
877300003358,false,ממרח פלפל צ`ומה נפטו,,,ממרח פלפל צ`ומה נפטו,גרמים,180.00,100 גרם,false,,12.90,0.0717,true,1,34810
877300004102,false,ממרח פסטו שום נפטון,,,ממרח פסטו שום נפטון,גרמים,180.00,100 גרם,false,,12.90,0.0717,true,1,34816
877300004270,false,ציפוי לשניצל ים תיכו,,,ציפוי לשניצל ים תיכו,גרמים,400.00,100 גרם,false,,10.00,0.0250,true,1,34820
877300004553,false,פפריקה מתוקה 80 גרם,,,פפריקה מתוקה 80 גרם,גרמים,80.00,100 גרם,false,,5.90,0.0738,true,1,34824
877300004577,false,כמון טחון 50 גרם שקי,,,כמון טחון 50 גרם שקי,גרמים,50.00,100 גרם,false,,5.90,0.1180,true,1,34826
877300004584,false,כורכום טחון 80 גרם ש,,,כורכום טחון 80 גרם ש,גרמים,80.00,100 גרם,false,,5.90,0.0738,true,1,34827
877300004942,false,טוסקנה 60 גרם במטחנה,,,טוסקנה 60 גרם במטחנה,גרמים,60.00,100 גרם,false,,13.90,0.2317,true,1,34828
877300007714,false,כורכום טחון 400גר,,,כורכום טחון 400גר,גרמים,400.00,100 גרם,false,,17.90,0.0447,true,1,34831
877300007752,false,פפריקה מתוקה 400גר,,,פפריקה מתוקה 400גר,גרמים,400.00,100 גרם,false,,17.90,0.0447,true,1,34834
877300008001,false,פפריקה חריפה בשמן 40,,,פפריקה חריפה בשמן 40,גרמים,400.00,100 גרם,false,,17.90,0.0447,true,1,34836
877300008698,false,פלפלת 4 עונות שלם 30,,,פלפלת 4 עונות שלם 30,גרמים,30.00,100 גרם,false,,13.90,0.4633,true,1,34844
877300008711,false,סטייק מונטריאול 65 ג,,,סטייק מונטריאול 65 ג,גרמים,65.00,100 גרם,false,,13.90,0.2138,true,1,34846
877300009367,false,ממרח פסטו בזיליקום נ,,,ממרח פסטו בזיליקום נ,גרמים,180.00,100 גרם,false,,12.90,0.0717,true,1,34850
877300009848,false,מלח לימון 150 גרם נפ,,,מלח לימון 150 גרם נפ,גרמים,150.00,100 גרם,false,,10.90,0.0727,true,1,34855
884912002372,false,דגני בוקר גרייט גריינס פוסט453 גרם,post consumer brands,US,פוסט דגנים קרנברי 39,גרמים,396.00,100 גרם,false,,22.90,0.0578,true,1,267922
884912365200,false,דגני בוקר אוראו 311 גרם מתכון חדש,פוסט,US,דגני בוקר עם פירורי,גרמים,311.00,100 גרם,false,,22.90,0.0736,true,1,291289
3010470158221,false,פריסקיז פטה עוף וירק,ניו פטפוד איטליה,IT,פריסקיז פטה עוף וירק,גרמים,400.00,100 גרם,false,,9.90,0.0248,true,1,18384
3014260201753,false,סכיני גילוח בלו 2 פלוס חמישייה,פרוקטר אנד גמבל,PL,סכיני גילוח חד פעמיי,יחידה,0.00,יחידה,false,,12.90,0.0000,true,1,26762
3045206360609,false,"דזיטול נוזל מחטא בגדים בכביסה, 1 ליטר",,,דזיטול נוזל מחטא בגד,מיליליטרים,1.00,"100 מ""ל",false,,23.90,23.9000,true,1,239635
3046920010856,false,לינדט שוקולד אקסלנס לימון גינגיר 100 גר,,CH,לינדט אקסלנס לימון ג,גרמים,100.00,100 גרם,false,,14.90,0.1490,true,1,13701
3046920028004,false,לינדט שוקולד אקסלנס מריר 70% 100 גר,לינדט ושפרונגלי,FR,לינדט אקסלנס 70% 100,גרמים,100.00,100 גרם,false,,14.90,0.1490,true,1,13707
3046920028752,false,לינדט אקסלנס מינט 100 גרם,לינדט ושפרונגלי,FR,לינדט אקסלנס מריר מנ,גרמים,100.00,100 גרם,false,,14.90,0.1490,true,1,13711
3046920029759,false,לינדט אקסלנס 90% 100גרם,לינדט ושפרונגלי ג'י.,DE,לינדט אקסלנס 90% 100,גרמים,100.00,100 גרם,false,,14.90,0.1490,true,1,13714
3059940007768,false,"אירוויק ספריי בניחוח וניל ואורכידאה 240 מ""ל",אירוויק,,אירוויק ספרי וניל או,מיליליטרים,240.00,"100 מ""ל",false,,9.90,0.0413,true,1,20774
3059943015104,false,"איירוויק ספריי נטול גז פריסה ויסמן 345 מ""ל",,,איירוויק ספריי נטול,מיליליטרים,345.00,"100 מ""ל",false,,14.90,0.0432,true,1,20782
3059943015128,false,"איירוויק ספריי נטול גז לבנדר 345 מ""ל",הדקלאים אגודת שיתופי,PL,איירוויק ספריי נטול,מיליליטרים,345.00,"100 מ""ל",false,,14.90,0.0432,true,1,20783
3059944025003,false,Veet רצועות שעווה לעור רגיל אריזת חיסכון (20 יח'),,,רצועות שעווה לעור רג,יחידה,0.00,יחידה,false,,40.90,0.0000,true,1,20798
3073781161663,false,גבינת לה וואש קירי 8,בל,FR,גבינת לה וואש קירי 8,גרמים,128.00,100 גרם,false,,11.90,0.0930,true,1,140810
3073781162790,false,גבינת בייבי בל אדום,מחלבות בל,FR,בייבי בל 24% אדום 12,גרמים,120.00,100 גרם,false,,22.90,0.1908,true,1,260284
3161911229199,false,חמאה רכה אלוויר 250 גרם,אלל אה וויר,FR,אלוויר חמאה רכה 250ג,גרמים,250.00,100 גרם,false,,21.90,0.0876,true,1,16719
3161911366429,false,חמאה רכה מלוחה אלוויר 250 גרם,ארזינא,FR,אלוויר חמאה רכה מלוח,גרמים,250.00,100 גרם,false,,21.90,0.0876,true,1,16721
3161911393210,false,אלוויר חמאה נורמנדי מלוחה 200 גרם,אלוויר,FR,חמאת נורמנדי מלוחה 2,גרמים,200.00,100 גרם,false,,21.90,0.1095,true,1,250160
3162330060479,false,בירה SAER BRAU 6*250,,,בירה SAER BRAU 6*250,ליטרים,1.50,ליטר,false,,14.90,9.9333,true,1,313829
3178530407938,false,עוגיות מיני מדלן שוקולד 175 גרם,סאן מישל,FR,עוגיות שוקולד צ'יפס,גרמים,175.00,100 גרם,false,,12.90,0.0737,true,1,16732
3245412211393,false,שוקולד חלב מעולה קרפ,,FR,שוקולד חלב מעולה קרפ,גרמים,300.00,100 גרם,false,,7.90,0.0263,true,1,265506
3245412211409,false,שוקולד חלב מעולה עם,,FR,שוקולד חלב מעולה עם,גרמים,300.00,100 גרם,false,,15.90,0.0530,true,1,265333
3267682136176,false,ויסקי היילנד קווין בלנדד 1 ליטר,,,ויסקי היילנד קווין ב,ליטרים,1.00,ליטר,false,,100.90,100.9000,true,1,72
3267793000007,false,סף אינסטנט שמרים יבש,,,סף אינסטנט שמרים יבש,גרמים,500.00,100 גרם,false,,13.90,0.0278,true,1,11145
3270190111108,false,קרפור מוזלי פירות 7,,,קרפור מוזלי פירות 7,גרמים,750.00,100 גרם,false,,15.90,0.0212,true,1,297873
3270190128151,false,קרפור שוקולד חלב אור,,FR,קרפור שוקולד חלב אור,גרמים,100.00,100 גרם,false,,6.90,0.0690,true,1,326702
3270190151654,false,שוקולד מריר מעולה עם,,FR,שוקולד מריר מעולה עם,גרמים,100.00,100 גרם,false,,5.90,0.0590,true,1,265349
3278480396310,false,"קוניאק VS גודה 700 מ""ל","יורוסטדנרט בע""מ",FR,קוניאק גודה VSכשל'פ,מיליליטרים,700.00,"100 מ""ל",false,,129.90,0.1856,true,1,11149
3387390525960,false,קראנץ' דגנים פריכים עם שוקולד 500 גרם,הנסיך- מפעל לייצור ט,FR,דגני קראנץ' נסטלה 50,גרמים,500.00,100 גרם,false,,22.90,0.0458,true,1,18386
3560070230778,false,קרפור-תה אנגלי שחור,,,קרפור-תה אנגלי שחור,גרמים,50.00,100 גרם,false,,6.90,0.1380,true,1,314044
3560070249343,false,קרפור- שוקולד חלב עם,,FR,קרפור- שוקולד חלב עם,גרמים,100.00,100 גרם,false,,5.90,0.0590,true,1,326621
3560070415755,false,קרפור-תה ירוק 25 יחי,,,קרפור-תה ירוק 25 יחי,גרמים,32.50,100 גרם,false,,7.90,0.2431,true,1,313901
3560070659517,false,קרפור-תה ארל גריי 20,,,קרפור-תה ארל גריי 20,גרמים,36.00,100 גרם,false,,9.90,0.2750,true,1,313889
3560070669981,false,שוקולד מריר מעולה 80,,FR,שוקולד מריר מעולה 80,גרמים,80.00,100 גרם,false,,4.90,0.0613,true,1,265320
3560070701407,false,שוקולד מריר מעולה עם,,FR,שוקולד מריר מעולה עם,גרמים,100.00,100 גרם,false,,5.90,0.0590,true,1,265350
3560070720859,false,שוקולד מריר מעולה 72,,FR,שוקולד מריר מעולה 72,גרמים,80.00,100 גרם,false,,4.90,0.0613,true,1,265335
3560070820221,false,קרפור-חטיף דגנים אגו,,,קרפור-חטיף דגנים אגו,גרמים,125.00,100 גרם,false,,5.90,0.0472,true,1,314116
3560070852116,false,קרפור-תה ירוק נענע 5,,,קרפור-תה ירוק נענע 5,גרמים,80.00,100 גרם,false,,8.90,0.1113,true,1,313984
3560070888108,false,קרפור-תה שחור בטעם ל,,,קרפור-תה שחור בטעם ל,גרמים,40.00,100 גרם,false,,6.90,0.1725,true,1,314020
3560070888122,false,קרפור-חליטת קמומיל 2,,,קרפור-חליטת קמומיל 2,גרמים,30.00,100 גרם,false,,6.90,0.2300,true,1,313913
3560070888139,false,קרפור-תה שחור בטעם פ,,,קרפור-תה שחור בטעם פ,גרמים,42.50,100 גרם,false,,6.90,0.1624,true,1,314008
3560070888153,false,קרפור-תה ירוק בטעם ל,,,קרפור-תה ירוק בטעם ל,גרמים,40.00,100 גרם,false,,6.90,0.1725,true,1,314032
3560070928194,false,קרפור-חליטת לואיזה 2,,,קרפור-חליטת לואיזה 2,גרמים,32.50,100 גרם,false,,6.90,0.2123,true,1,313925
3560071005191,false,קרפור -שוקולד לבן עם,,FR,קרפור -שוקולד לבן עם,גרמים,100.00,100 גרם,false,,5.90,0.0590,true,1,326633
3560071006327,false,שוקולד מריר מעולה קר,,FR,שוקולד מריר מעולה קר,גרמים,200.00,100 גרם,false,,5.90,0.0295,true,1,265336
3560071013127,false,קרפור סטייליס עם שוק,,,קרפור סטייליס עם שוק,גרמים,300.00,100 גרם,false,,8.90,0.0297,true,1,297860
3560071013196,false,קרפור סטייליס בטעם ט,,,קרפור סטייליס בטעם ט,גרמים,500.00,100 גרם,false,,9.90,0.0198,true,1,297861
3560071018566,false,קרפור-חטיף דגנים בוט,,,קרפור-חטיף דגנים בוט,גרמים,125.00,100 גרם,false,,5.90,0.0472,true,1,314117
3560071081256,false,קרפור-תה שחור 20 יחי,,,קרפור-תה שחור 20 יחי,גרמים,36.00,100 גרם,false,,9.90,0.2750,true,1,313853
3560071081263,false,קרפור-תה ירוק סיני 2,,,קרפור-תה ירוק סיני 2,גרמים,36.00,100 גרם,false,,9.90,0.2750,true,1,313877
3560071081270,false,קרפור-תה ירוק נענע 2,,,קרפור-תה ירוק נענע 2,גרמים,36.00,100 גרם,false,,9.90,0.2750,true,1,313865
3560071090821,false,קרפור שוקו בולז 375,,,קרפור שוקו בולז 375,גרמים,375.00,100 גרם,false,,6.90,0.0184,true,1,297888
3560071095598,false,קרפור-חטיף דגנים חמו,,,קרפור-חטיף דגנים חמו,גרמים,125.00,100 גרם,false,,5.90,0.0472,true,1,314129
3560071095659,false,קרפור-חטיף דגנים קוק,,,קרפור-חטיף דגנים קוק,גרמים,125.00,100 גרם,false,,5.90,0.0472,true,1,314141
3560071188689,false,בירה Walberg 6*250 מ,,,בירה Walberg 6*250 מ,ליטרים,1.50,ליטר,false,,17.90,11.9333,true,1,313817
3560071341947,false,שמן זית כתית מעולה ב,,FR,שמן זית כתית מעולה ב,מיליליטרים,750.00,"100 מ""ל",false,,11.50,0.0153,true,1,297059
3560071413750,false,קרפור-שוקולד מריר 80,,FR,קרפור-שוקולד מריר 80,גרמים,100.00,100 גרם,false,,6.90,0.0690,true,1,326690
3560071431914,false,קפסולות קפה קרפור עו,,FR,קפסולות קפה קרפור עו,גרמים,52.00,100 גרם,false,,6.90,0.1327,true,1,298657
3560071431945,false,קפסולות קפה קרפור עו,,FR,קפסולות קפה קרפור עו,גרמים,52.00,100 גרם,false,,6.90,0.1327,true,1,298682
3560071432003,false,קפסולות קפה קרפור עו,,FR,קפסולות קפה קרפור עו,גרמים,52.00,100 גרם,false,,6.90,0.1327,true,1,298683
3560071432034,false,קפסולות קפה נטול קרפ,,FR,קפסולות קפה נטול קרפ,גרמים,52.00,100 גרם,false,,6.90,0.1327,true,1,298684
3560071432065,false,קפסולות קפה קרפור עו,,FR,קפסולות קפה קרפור עו,גרמים,52.00,100 גרם,false,,6.90,0.1327,true,1,298685
3560071432096,false,קפסולות קפה קרפור עו,,FR,קפסולות קפה קרפור עו,גרמים,52.00,100 גרם,false,,6.90,0.1327,true,1,298686
3560071432157,false,קפסולות קפה וניל קרפ,,FR,קפסולות קפה וניל קרפ,גרמים,52.00,100 גרם,false,,6.90,0.1327,true,1,298687
3560071432188,false,קפסולות קפה קרמל קרפ,,FR,קפסולות קפה קרמל קרפ,גרמים,52.00,100 גרם,false,,6.90,0.1327,true,1,298688
3560071432218,false,קפסולות קפה אגוז קרפ,,FR,קפסולות קפה אגוז קרפ,גרמים,52.00,100 גרם,false,,6.90,0.1327,true,1,298689
3560071432249,false,קפסולות קפה ברזיל קר,,FR,קפסולות קפה ברזיל קר,גרמים,52.00,100 גרם,false,,6.90,0.1327,true,1,298690
3560071432270,false,קפסולות קפה קולומביה,,FR,קפסולות קפה קולומביה,גרמים,52.00,100 גרם,false,,6.90,0.1327,true,1,298691
3560071432300,false,קפסולות קפה אתיופיה,,FR,קפסולות קפה אתיופיה,גרמים,52.00,100 גרם,false,,6.90,0.1327,true,1,298692
3560071432331,false,קפסולות קפה לאוס קרפ,,FR,קפסולות קפה לאוס קרפ,גרמים,52.00,100 גרם,false,,6.90,0.1327,true,1,298693
3560071432362,false,קפסולות קפה קניה קרפ,,FR,קפסולות קפה קניה קרפ,גרמים,52.00,100 גרם,false,,6.90,0.1327,true,1,298694
3560071432393,false,קפסולות קפה קוסטה רי,,FR,קפסולות קפה קוסטה רי,גרמים,52.00,100 גרם,false,,6.90,0.1327,true,1,298695
3560071432515,false,קפסולות קפה קרפור עו,,FR,קפסולות קפה קרפור עו,גרמים,52.00,100 גרם,false,,6.90,0.1327,true,1,298696
3560071432690,false,קפסולות קפה קרפור עו,,FR,קפסולות קפה קרפור עו,גרמים,52.00,100 גרם,false,,6.90,0.1327,true,1,298697
3560071442545,false,בירה SAER BRAU 6*250,,,בירה SAER BRAU 6*250,ליטרים,1.50,ליטר,false,,14.90,9.9333,true,1,313841
3574660089547,false,או-בה טמפונים קלאסי נורמל 32יח',ג'ונסון אנד ג'ונסון,GR,טמפון קלאסי נורמל או,יחידה,0.00,יחידה,false,,21.90,0.0000,true,1,21215
3574660115154,false,או-בה טמפונים קלאסי סופר 32יח',ג'ונסון אנד ג'ונסון,GR,אובה קלאסי סופר אובה,יחידה,0.00,יחידה,false,,21.90,0.0000,true,1,21220
3574661003924,false,"מי פה ליסטרין טוטל קר 500 מ""ל",,,מי פה טוטאל קאר ליסט,מיליליטרים,500.00,"100 מ""ל",false,,19.90,0.0398,true,1,29404
3574661114637,false,"מי פה ליסטרין זירו מנטה עדין 500 מ""ל",ג'ונסון אנד ג'ונסון,IT,מי פה זירו ליסטרין 5,מיליליטרים,500.00,"100 מ""ל",false,,22.90,0.0458,true,1,29409
3574661352275,false,ליסטירין מי פה פירות יער 250 מל,,,ליסטרין מי פה לילדים,מיליליטרים,250.00,"100 מ""ל",false,,14.90,0.0596,true,1,83864
3574661363998,false,"מי פה ליסטרין תה ירוק 500 מ""ל",,,מי פה תה ירוק ליסטרי,מיליליטרים,500.00,"100 מ""ל",false,,19.90,0.0398,true,1,29421
3574661401140,false,"שטיפת פה ליסטרין נייטלי ריסיט 400 מ""ל",,IT,מי פה ליסטרין למניעת,מיליליטרים,400.00,"100 מ""ל",false,,22.90,0.0572,true,1,29422
3574661552811,false,מגן תחתון קרפרי כותון אוורירי 56 יח,הדקלאים אגודת שיתופי,GR,קרפרי כותון אוורירי,יחידה,0.00,יחידה,false,,15.90,0.0000,true,1,62591
3574661554884,false,מגן תחתון קרפרי רגיל ריחני 56 יח,הדקלאים אגודת שיתופי,GR,קרפרי רגיל טנגה יחני,יחידה,0.00,יחידה,false,,15.90,0.0000,true,1,62524
3574669907675,false,אל סבון גונסון 300 מל,,,ג'ונסון בייבי אל סב,מיליליטרים,330.00,"100 מ""ל",false,,6.90,0.0209,true,1,166054
3600521720219,false,לוריאל - דרמו פעולה משולשת לילה עברית,,,קרם לחות דרמו ללילה,מיליליטרים,50.00,"100 מ""ל",false,,45.90,0.9180,true,1,12133
3600523642489,false,לוריאל - אלביב מסכה 6 שמנים 300 חדש,לוריאל,DE,מסכה לשיער 6 שמנים א,מיליליטרים,300.00,"100 מ""ל",false,,24.90,0.0830,true,1,12282
3600523651870,false,"לוריאל - אלביב שמפו ארגנין 550 מ""ל",לוריאל,TR,שמפו ארגנין אלביב 55,מיליליטרים,550.00,"100 מ""ל",false,,14.90,0.0271,true,1,12286
3600523652280,false,"לוריאל אלביב שמפו מועשר ב 6 שמנים, 550 מ""ל",,,שמפו 6 שמנים אלביב 5,מיליליטרים,550.00,"100 מ""ל",false,,14.90,0.0271,true,1,12295
3600523782567,false,"לוריאל - אלביב שמפו דרים לונג 500 מ""ל",,FR,שמפו דרים לונג אלביב,מיליליטרים,500.00,"100 מ""ל",false,,14.90,0.0298,true,1,12300
3600523823611,false,לוריאל - היאלורון אקספרט יום SPF20,,,קרם לחות ליום + חומצ,מיליליטרים,50.00,"100 מ""ל",false,,49.90,0.9980,true,1,258711
3600524055400,false,לוריאל - אלביב שמפו היאלורונית 500 מ''ל,,,אלביב שמפו היאלורוני,מיליליטרים,400.00,"100 מ""ל",false,,14.90,0.0373,true,1,274015
3600542431835,false,גרנייה - קולור נטורלס 3 חום כהה מאוד חדש,,,קולור נטורלס 3 חום,יחידה,0.00,יחידה,false,,19.90,0.0000,true,1,257885
3608580071389,false,ממרח ערמונים 370 גרם BONNE MAMAN,,FR,ממרח ערמונים 370 גרם,גרמים,370.00,100 גרם,false,,19.90,0.0538,true,1,268034
3608580730231,false,קונפיטורה בון ממאן תות שדה 370 גר',אף.סי תבליני בגליל ב,FR,קונפיטורה תות 370 גר,גרמים,370.00,100 גרם,false,,19.90,0.0538,true,1,43100
3614223736003,false,"אדידס - דאודורנט ספריי לגבר אדיפיור 150 מ""ל",איגפק אס.איי,PT,דאודורנט ספריי לגבר,מיליליטרים,150.00,"100 מ""ל",false,,12.90,0.0860,true,1,98405
3614224050986,false,"אדידס - דאודורנט ספריי לגבר אדיפאוור 72 שעות 150 מ""ל","ב.א מזון בע""מ",PT,דאודורנט ספריי לגבר,מיליליטרים,150.00,"100 מ""ל",false,,12.90,0.0860,true,1,98406
3616180424931,false,קרפור הום -30 מפיות,,,קרפור הום -30 מפיות,יחידה,0.00,יחידה,false,,5.90,0.0000,true,1,320656
3616180424948,false,קרפור הום -30 מפיות,,,קרפור הום -30 מפיות,יחידה,0.00,יחידה,false,,5.90,0.0000,true,1,320657
3616180425099,false,קרפור הום -30 מפיות,,,קרפור הום -30 מפיות,יחידה,0.00,יחידה,false,,5.90,0.0000,true,1,320659
3616180425174,false,קרפור הום -30 מפיות,,,קרפור הום -30 מפיות,יחידה,0.00,יחידה,false,,5.90,0.0000,true,1,320663
3616180425198,false,קרפור הום -30 מפיות,,,קרפור הום -30 מפיות,יחידה,0.00,יחידה,false,,5.90,0.0000,true,1,320665
3661163970448,false,"אדידס דאודורנט ספריי מקס פרש לגברים 200 מ""ל",מיוצר עי קונדיטוריית,PT,דאו' ספריי לגבר פרש,מיליליטרים,200.00,"100 מ""ל",false,,15.90,0.0795,true,1,5566
3838824127200,false,פלטה סמי קיט 5-68 ערמונים בינוני,,,סמי קיט חום כהה 3-0,יחידה,0.00,יחידה,false,,15.00,0.0000,true,1,7910
3838824127262,false,פלטה סמי קיט בלונד כהה 6-0 צבע שיער,,,סמי קיט בלונד כהה 6-,יחידה,0.00,יחידה,false,,15.00,0.0000,true,1,7913
3838824327112,false,פאלטה בלונד בז' אפרפר 12-46 סמי קיט,,,סמי קיט בלונד בז' אפ,יחידה,0.00,יחידה,false,,15.00,0.0000,true,1,7943
4000417101211,false,וופל קרם אגוז מצופה שוקלד חלב 150 ג' אמיצלי,קימס,AT,גלילי וופל עם קרם אג,גרמים,150.00,100 גרם,false,,17.90,0.1193,true,1,225283
4000417101273,false,אימצ'לי-גלילי וופל עם קרם אגוזי לוז 300 גרם,,,אמיצ'לי חנוכה - גליל,גרמים,300.00,100 גרם,false,,29.90,0.0997,true,1,318441
4000417101310,false,אימצ'לי-גלילי וופל עם קרם קקאו 150 גרם,,,גלילי וופל קרם קקאו,גרמים,150.00,100 גרם,false,,17.90,0.1193,true,1,312815
4000417222008,false,שוקולד ריטר ספורט חלב עם אגוזים 100 גר,מולינו ניקולי s.p.a,DE,ריטר שוקולד ספורט חל,גרמים,100.00,100 גרם,false,,8.90,0.0890,true,1,12672
4000417224002,false,"ריטר ספורט טבלת שוקולד מריר אגוזים, 100 גרם",מולינו ניקולי s.p.a,DE,שוקולד ריטר ספורט מר,גרמים,100.00,100 גרם,false,,9.90,0.0990,true,1,12673
4002448017684,false,"סיליט באנג ספריי רב שימושי כתום 750 מ""ל",הדקלאים אגודת שיתופי,PL,סיליט באנג ספריי רב,מיליליטרים,750.00,"100 מ""ל",false,,14.90,0.0199,true,1,20804
4002448019480,false,"סיליט באנג מסיר שומנים רב שימושי 750 מ""ל",רקיט בנקיזר,PL,סיליט באנג ספריי מסי,מיליליטרים,750.00,"100 מ""ל",false,,14.90,0.0199,true,1,20805
4002720005736,false,קפה לפילטר מליטה 250 גרם PREMIUM,המאפיה של הרמן,DE,מליטה פרימיום קפה פי,גרמים,250.00,100 גרם,false,,17.90,0.0716,true,1,5576
4005808670611,false,קרם לחות אקווה אפקט לעור יבש,ביירסדורף,,קרם לחות ויסאג ניווא,מיליליטרים,50.00,"100 מ""ל",false,,39.90,0.7980,true,1,51101
4005900816115,false,"ניוואה - דאודורנט רול און לאישה יבש 50 מ""ל",,,ניואה דאודורנט רול א,מיליליטרים,50.00,"100 מ""ל",false,,13.90,0.2780,true,1,51193
4005900874931,false,"דאודורנט ספריי דיפ ביט לגבר 150 מ""ל ניוויה",,DE,ניוואה דאודורנט ספרי,מיליליטרים,150.00,"100 מ""ל",false,,14.90,0.0993,true,1,312931
4006387085407,false,שלישיית פילטר מקסטרא סודהסטרים,,,שלישיית פילטר מקסטרה,יח',3.00,יח',false,,100.00,33.3333,true,1,17519
4008287051032,false,בירה קרומבאכר פילס 0.50 ליטר פחית,מנדלז סי.אר. פרודקשן,DE,בירה קרומבכר פילס בפ,מיליליטרים,500.00,"100 מ""ל",false,,10.20,0.0204,true,1,248003
4008287058161,false,"שישייה בירה קרומבאכר פילס 330X6 מ""ל",מנדלז סי.אר. פרודקשן,DE,בירה קרומבכר פילס שי,ליטרים,1.98,ליטר,false,,30.90,15.6061,true,1,159377
4008287905786,false,בירה קרומבאכר חיטה 5.3% פחית 500 מל,מנדלז סי.אר. פרודקשן,DE,בירה קרומבכר חיטה בפ,מיליליטרים,500.00,"100 מ""ל",false,,10.20,0.0204,true,1,248004
4008400230726,false,ביצת שוקולד הפתעה קינדר ענקית 100ג' בנים,פררו,BE,ביצת הפתעה קינדר מקס,גרמים,100.00,100 גרם,false,,23.90,0.2390,true,1,41472
4009300524588,false,תה פומפדור חליטת צמחים פירות יער 20 יח',טיקנה,DE,פומפדור חליטת פירות,גרמים,60.00,100 גרם,false,,15.90,0.2650,true,1,21319
4009300525684,false,תה חליטת פומפדור לימון וגינגיר 20 יח,טיקנה,DE,פומפדור חליטת לימוןג,גרמים,35.00,100 גרם,false,,15.90,0.4543,true,1,21322
4009900379564,false,מסטיק הובה בובה באבל טייפ פירות 56 גר',מארס,GB,הובה בובה טייפ פירות,גרמים,56.00,100 גרם,false,,6.50,0.1161,true,1,20663
4009900385824,false,מסטיק אורביט משפחתי חמישיות כחול 65ג',,DE,אורביט סטיקס פפרמינט,גרמים,65.00,100 גרם,false,,9.90,0.1523,true,1,20666
4009900403023,false,מסטיק אורביט בקבוקון דאבל white קלאסי 64ג',"ב.א מזון בע""מ",PL,אורביט וויט מנטה בקב,גרמים,64.00,100 גרם,false,,10.50,0.1641,true,1,20671
4009900406918,false,מסטיק הובה בובה טייפ טריפל מיקס 56ג',מארס,GB,הובה בובה טייפ טריפל,גרמים,56.00,100 גרם,false,,6.50,0.1161,true,1,20674
4009900420129,false,מסטיק אורביט פרופשנל פפרמינט בקבוקון 64 גר',מרס נדרלנד,PL,אורביט פרופשייונל פפ,גרמים,64.00,100 גרם,false,,10.50,0.1641,true,1,20678
4009900465304,false,סקיטלס פירות חמוצים 174 גרם,מארס,CZ,סקיטלס פירות חמוצים,גרמים,174.00,100 גרם,false,,7.90,0.0454,true,1,20688
4009900479998,false,"מסטיק אורביט לל""ס אוכמניות בקבוקון",ריגלי פולין,PL,אורביט מסטיק בקבוקון,גרמים,64.00,100 גרם,false,,10.50,0.1641,true,1,20691
4009900482417,false,מסטיק אורביט פירות מנטה בקבוקון באבל מינט 45יח,ריגלי פולין,PL,אורביט באבל מינט בקב,גרמים,64.00,100 גרם,false,,10.50,0.1641,true,1,20693
4009900483803,false,מסטיק איירובס מנטה אקליפטוס בקבוקון 60יח',,,אירוויבז בקבוק M מנט,גרמים,84.00,100 גרם,false,,12.50,0.1488,true,1,20694
4009900484060,false,מסטיק אורביט פפרמינט ביגי מנטה כחול 50יח',,,אורביט פרופשיונל מנט,יחידה,0.00,יחידה,false,,12.50,0.0000,true,1,20696
4009900484091,false,אורביט באריזת בקבוק ספירמנט 60 יח',,,אורביט פרופשיונל ספי,גרמים,84.00,100 גרם,false,,12.50,0.1488,true,1,20697
4009900491044,false,מסטיק איירובס אוכמניות בקבוקון 60יח',,,אירוויבז בקבוק M מנט,גרמים,84.00,100 גרם,false,,12.50,0.1488,true,1,20708
4009900496247,false,"מסטיק אורביט לל""ס מלבניות בקבוק בבלימנט 60 יח",,,אורביט בבלמינט בקבוק,גרמים,84.00,100 גרם,false,,12.50,0.1488,true,1,20709
4009900531122,false,"מסטיק בטעם מנטה ספירמינט, 64 ג' פרופשיונל אורפיט",מרס נדרלנד,PL,אורביט פרופשייונל ספ,גרמים,64.00,100 גרם,false,,10.50,0.1641,true,1,20730
4009900531573,false,סוכריות סקיטליס סמודיס 174 גר',,,סקיטלס סמודיס 174 גר,גרמים,174.00,100 גרם,false,,7.90,0.0454,true,1,20731
4009900534611,false,בקבוקון איירוויבז מלון מנטה 64 גר',ריגלי,IL,איירוויבז בטעם מלון,גרמים,64.00,100 גרם,false,,10.50,0.1641,true,1,70017
4009900535519,false,מסטיק אורביט רפרשרס ספירמינט ללא סוכר 15.6גר',,PL,אורביט רפרשרס אריזה,גרמים,15.00,100 גרם,false,,3.90,0.2600,true,1,110384
4009900535823,false,מסטיק אורביט רפרשרס באבלמינט ללא סוכר 15.6גר',,PL,אורביט רפרשרס באבלמי,גרמים,15.00,100 גרם,false,,3.90,0.2600,true,1,110386
4009900536288,false,מסטיק אורביט רפרשרס פפרמינט בקבוקון ללא סוכר 67 גר',מרס ריגלי קונפקשונרי,PL,מסטיק אורביט רפרשרס,גרמים,67.00,100 גרם,false,,11.90,0.1776,true,1,132868
4009900536486,false,מסטיק אורביט רפרשרס באבלמינט בקבוקון ללא סוכר 67 גר',מרס ריגלי קונפקשונרי,PL,מסטיק אורביט רפרשרס,גרמים,67.00,100 גרם,false,,11.90,0.1776,true,1,110399
4009900539340,false,סקיטלס ג'יינט סאוור 141 גרם,מרס ריגלי קונפקשונרי,PL,סוכריות סקיטלס ענקיו,גרמים,141.00,100 גרם,false,,7.90,0.0560,true,1,222837
4009900539432,false,מסטיק פייב באונס בטעם אבטיח HP,,,מסטיק בטעם אבטיח פיי,גרמים,14.40,100 גרם,false,,3.90,0.2708,true,1,259460
4009900539685,false,"מסטיק פייב באונס בטעם מנטה בקבוקון, 61.8 גרם",ריגלי בעמ רוסיה,PL,מסטיק בטעם מנטה ללא,גרמים,61.80,100 גרם,false,,11.90,0.1926,true,1,231189
4009900539746,false,"מסטיק פייב באונס בטעם אבטיח בקבוקון, 61.8 גרם",ריגלי בעמ רוסיה,PL,מסטיק בטעם אבטיח ללא,גרמים,31.80,100 גרם,false,,11.90,0.3742,true,1,231190
4009900540551,false,מסטיק אורביט רפרשרס טרופיקל בקבוקון ללא סוכר,מרס פולין,PL,אורביט רפרשרס טרופיק,גרמים,67.00,100 גרם,false,,11.90,0.1776,true,1,225002
4011100001220,false,מארז שוקולד מארס מיניס,מרס הולנד בי.וי.,NL,מרס מיני 403 גרם,גרמים,403.00,100 גרם,false,,19.90,0.0494,true,1,20733
4011800567613,false,קורני מילק דארק וואיט 4 יח 120 גר,מיוצר עי קונדיטוריית,DE,חטיף דגנים סנדוויץ ש,גרמים,120.00,100 גרם,false,,11.90,0.0992,true,1,13739
4011800617615,false,1X24X50G קורני ביג שוקולד,שוורטאוור וורקה,DE,חטיף דגנים ביג שוקול,גרמים,50.00,100 גרם,false,,4.90,0.0980,true,1,13741
4011800632519,false,קורני בייס קוקונט 6 יח 150 גר,מיוצר עי קונדיטוריית,DE,חטיף דגנים עם שוקולד,גרמים,150.00,100 גרם,false,,11.90,0.0793,true,1,13747
4011800633516,false,קורני בייס דרק שוקו 6 יח 138 גר,שוורטאוור וורקה,DE,חטיף דגנים שוקולד מר,גרמים,138.00,100 גרם,false,,11.90,0.0862,true,1,13748
4014400901191,false,בונבוניירה שוקולד מרסי 250 ג`,אוגוסט שטורק,DE,בונבונירה מרסי 250 ג,גרמים,250.00,100 גרם,false,,24.90,0.0996,true,1,12699
4014400903409,false,בונבוניירה טופיפי שוקולד 250 ג',קריניציה ויטמינה אס,DE,טופיפי 250גר',גרמים,250.00,100 גרם,false,,20.90,0.0836,true,1,12702
4014400904277,false,סוכריות שטרוק אייס פרש בשקית 425 גרם,תות ממתקי איכות,DE,סוכריות אייס פרש 425,גרמים,425.00,100 גרם,false,,14.90,0.0351,true,1,12703
4014400904376,false,סוכריות טופי שוקולדן שטורק 325 ג',קריניציה ויטמינה אס,DE,סוכ.שטורק שוקולדן 32,גרמים,325.00,100 גרם,false,,14.90,0.0458,true,1,12706
4014400904390,false,סוכריות וולמילש ממולא ט.חלב 325גרם,קריניציה ויטמינה אס,DE,סוכריות וולמליש 325ג,גרמים,325.00,100 גרם,false,,14.90,0.0458,true,1,12707
4014400914696,false,סוכריות חמאה וורטר אור ללא סוכר 80 גרם,אוגוסט שטורק,DE,80 סוכריות חמאה וורט,גרמים,80.00,100 גרם,false,,8.90,0.1113,true,1,12716
4014400923711,false,טופיפי בונבונירה שוק,אוגוסט שטורק,DE,טופיפי בונבונירה שוק,גרמים,125.00,100 גרם,false,,11.90,0.0952,true,1,12721
4014400925319,false,סוכריות וורטר פופקורן קרמל 140 גר',שטורק,DE,חטיף פופקורן בציפוי,גרמים,140.00,100 גרם,false,,14.90,0.1064,true,1,99105
4014522120104,false,בודטה-סוכריות פירות מולטיויטמין לל.ס 100ג,,DE,סוכריות פירות מולטיו,גרמים,100.00,100 גרם,false,,10.00,0.1000,true,1,275178
4014600202623,false,רגולדס סוכריות בפח בטעם דובדובן 150 גרם,,,סוכריות בפח בטעם דוב,גרמים,150.00,100 גרם,false,,9.90,0.0660,true,1,278551
4014600203149,false,רגולדס -סוכריות בפח בטעםי פירות יער 150 ג',,,סוכריות בפח בטעם פיר,גרמים,150.00,100 גרם,false,,9.90,0.0660,true,1,278552
4015400564034,false,אולוויז מגן תחתון לונג+ מגה פק 58 יח',פרוקטר אנד גמבל,DE,מגן תחתון לונג פלוס,יחידה,0.00,יחידה,false,,18.90,0.0000,true,1,26871
4015400564454,false,אולוויז מגן תחתון לארג' מגה פק 68 יח',פרוקטר אנד גמבל,DE,מגן תחתון לארג מגה פ,יחידה,0.00,יחידה,false,,18.90,0.0000,true,1,26875
4015400746812,false,אולוויז מגן תחתון נורמל מגה פק 80 יח',פרוקטר אנד גמבל,UA,מגן תחתון מגה פק נור,יחידה,0.00,יחידה,false,,18.90,0.0000,true,1,26937
4015400755241,false,אולוויז תחבושות כפול אולטרא נורמל 28 יח',פרוקטר אנד גמבל,UA,תחבושות וליו פק נורמ,יחידה,0.00,יחידה,false,,18.90,0.0000,true,1,26941
4015400759263,false,אולוויז ירוק נורמאל בלאס אלתרא ירוק 28 יחידה,,,תחבושות כפול נורמל א,יח',28.00,יח',false,,16.90,0.6036,true,1,18062
4015400990482,false,אריאל אבקת כביסה קולור 3 קג,,,אבקת כביסה אריאל קול,קילוגרמים,3.00,"ק""ג",false,,34.90,11.6333,true,1,26951
4017100198151,false,ביסקוויט ממולא קרם וניל היט 220 גרם,הדקלאים אגודת שיתופי,PL,היט עוגיות סנדביץ בט,גרמים,220.00,100 גרם,false,,8.90,0.0405,true,1,41954
4017100364112,false,ביסקוויט ממולא קרם שוקולד היט 220 גרם,הדקלאים אגודת שיתופי,PL,היט עוגיות סנדביץ בט,גרמים,220.00,100 גרם,false,,8.90,0.0405,true,1,41965
4018722100133,false,אטריות כוסמין וביצים אורגניות 250 גרם,אלב גולד,DE,אלב גולד - איטריות כ,גרמים,250.00,100 גרם,false,,15.90,0.0636,true,1,100101
4022025001905,false,"בלו ווין זהב כשר 750 מ""ל",היי סישל סוהן טראבן,DE,בלו וויין מבעבע זהב,מיליליטרים,750.00,"100 מ""ל",false,,55.90,0.0745,true,1,41612
4022025002100,false,בלו וויין מבעבע רוזה,היי סישל סוהן טראבן,DE,בלו וויין מבעבע רוזה,מיליליטרים,750.00,"100 מ""ל",false,,55.90,0.0745,true,1,41618
4022025261002,false,יין בלו נאן בלו וויי,לנגוט טראבן,DE,יין בלו נאן בלו וויי,מיליליטרים,750.00,"100 מ""ל",false,,50.90,0.0679,true,1,41619
4025700001962,false,שוקולד מילקה לבן 100 גרם,פי אר ג'יי אס סי מונ,HU,מילקה שוקולד לבן 100,גרמים,100.00,100 גרם,false,,6.90,0.0690,true,1,67994
4033100014536,false,אל.די סלימס פאקט 10,,,אל.די סלימס פאקט 10,יחידה,0.00,יחידה,false,,260.00,0.0000,false,1,4128
4033100024146,false,סיגריות וינסטון קוד,JTI,,וינסטון קופסא בודדת,יחידה,0.00,יחידה,false,,32.00,0.0000,false,1,4132
4045787068290,false,"אינדולה - פרוטאין צבע 3 חום שחור 60 מ""ל",,,פרוטאין קולור 3 חום,מיליליטרים,60.00,"100 מ""ל",false,,13.90,0.2317,true,1,8028
4045787068375,false,"אינדולה - פרוטאין צבע 6 בלונד כהה 60 מ""ל",,,פרוטאין קולור 6 בלונ,מיליליטרים,60.00,"100 מ""ל",false,,13.90,0.2317,true,1,8036
4053700288205,false,"ויט קרם הסרת שיער לעור עדין 100 מ""ל",,,ויט קרם להסרת שיער 9,מיליליטרים,100.00,"100 מ""ל",false,,30.90,0.3090,true,1,20807
4053700292455,false,ויט רצועות שעווה תמצית צמחים לעור רגיל,רקיט בנקיזר,FR,רצועות שעווה תמצית צ,יחידה,0.00,יחידה,false,,30.90,0.0000,true,1,20808
4062400543125,false,"טקילה סיירה רפוסאדו 700 מ""ל",Sierra Unidas,MX,טקילה סיירה זהב רפוס,מיליליטרים,700.00,"100 מ""ל",false,,99.90,0.1427,true,1,100
4066600999614,false,"בירה פאולנר חיטה 500 מ""ל בקובק",מבשלת פאולנר,DE,בירה פאולנר בקבוק 50,מיליליטרים,500.00,"100 מ""ל",false,,10.90,0.0218,true,1,9273
4084500853836,false,"נוזל כלים פיירי ורדים ומשי 515 מ""ל",פרוקטר אנד גמבל,GB,פיירי נוזל כלים ורדי,מיליליטרים,515.00,"100 מ""ל",false,,9.90,0.0192,true,1,27104
4100130937163,false,בירה בקס שישייה 6*275 מל,"איי, בי, אינבוו",DE,"בירה בקס 6* 275 מ""ל",ליטרים,1.65,ליטר,false,,24.90,15.0909,true,1,9960
4260147890513,false,אטריות ביצים דקות ורמיצ'לי 500ג',,,אטריות ביצים דקות במ,גרמים,500.00,100 גרם,false,,10.00,0.0200,true,1,4588
4260147890551,false,אטריות ביצים רחבות א,,,אטריות ביצים רחבות א,גרמים,500.00,100 גרם,false,,10.00,0.0200,true,1,4590
4600659010854,false,וודקה סטולי בקבוק 70,איי. אס. לטבייאס בלז,LV,וודקה סטוליצ'ניה 700,מיליליטרים,700.00,"100 מ""ל",false,,60.90,0.0870,true,1,7288
4603400000043,false,"וודקה רוסקיי סטנדרט 700 מ""ל",רוסקי סטנדרט וודקה,RU,רוסקי סטנדרט 700מ'ל,מיליליטרים,700.00,"100 מ""ל",false,,69.90,0.0999,true,1,11177
4610028130052,false,"וודקה לגנד אוף קרמלין 700 מ""ל",מפעל משקאות,,לגינד אוף קרמלין ווד,מיליליטרים,700.00,"100 מ""ל",false,,109.90,0.1570,true,1,108
4640018993350,false,פיניש קוואנטום קפסולות ג'ל למדיח כלים לימון 30 יח',רקיט בנקיזר,PL,פיניש קוואנטום לימון,יחידה,0.00,יחידה,false,,40.90,0.0000,true,1,65418
4800888150080,false,"דאב - דאודורנט רול און לאישה פרש טאצ' מלפפונים 50 מ""ל",,PH,דאו' רולאון מלפפונים,מיליליטרים,50.00,"100 מ""ל",false,,14.90,0.2980,true,1,10071
4860019001346,false,בורז'ומי מים מינרליים טבעיים 500מ'ל חדש,אי די אס בורגומי,,בורז'ומי מים מינרליי,מיליליטרים,500.00,"100 מ""ל",false,,7.90,0.0158,true,1,11194
4860019001414,false,"בקבוק מים בוז'ורמי 750 מ""ל",אי.די.אס בורג'יומי,,בורז'ומי מים מינרלים,מיליליטרים,750.00,"100 מ""ל",false,,7.90,0.0105,true,1,11196
4891228430061,false,סכיני גילוח שיק אקזקטה 2 לנשים ורוד 10 יח',הנסיך- מפעל לייצור ט,CN,סכיני גילוח לאישה שי,יחידה,0.00,יחידה,false,,23.90,0.0000,true,1,21341
4902430815758,false,כדוריות הבושם DOWNY,,,כדוריות הבושם DOWNY,גרמים,150.00,100 גרם,false,,6.90,0.0460,true,1,166069
4902430815956,false,כדוריות הבושם DOWNY,,,כדוריות הבושם DOWNY,גרמים,150.00,100 גרם,false,,6.90,0.0460,true,1,166070
4903001904208,false,רוטב סויה יאמסה פרימיום 1 ליטר,הדקלאים אגודת שיתופי,JP,רוטב סויה פרימיום יא,ליטרים,1.00,ליטר,false,,31.90,31.9000,true,1,12724
4903001925784,false,"רוטב סויה יאמאסה פרמיום דל מלח 500 מ""ל",הדקלאים אגודת שיתופי,JP,רוטב סויה יאמאסה דל,מיליליטרים,500.00,"100 מ""ל",false,,17.90,0.0358,true,1,12725
5000127533196,false,קלוגס וורייטי שמינייה 191 גרם,חברת קלוגס בריטניה,,דגני בוקר ווראייטי ק,גרמים,191.00,100 גרם,false,,22.90,0.1199,true,1,5249
5000157143365,false,מתבל בטעם מיונז וקטשופ היינץ 425 ג',,PL,מתבל בטעם מיונז וקטש,מיליליטרים,425.00,"100 מ""ל",false,,14.90,0.0351,true,1,5250
5000159020312,false,מלטיזרס אריזה קטנה 37 גרם,,,חטיף מלטיזרס 37 גרם,גרמים,37.00,100 גרם,false,,4.90,0.1324,true,1,20738
5000159376655,false,סוכריות סקיטליס פירות 38 גר',ריגלי ממתקים,GB,סוכריות סקיטלס פירות,גרמים,38.00,100 גרם,false,,3.50,0.0921,true,1,20741
5000159452663,false,מארס מארז חמישייה,,,חטיף מרס מארז 5*2 22,גרמים,225.00,100 גרם,false,,10.90,0.0484,true,1,140769
5000159538626,false,טוויקס מארז חמישייה,,,חטיף טוויקס מארז 5*2,גרמים,250.00,100 גרם,false,,10.90,0.0436,true,1,140782
5000189974579,false,קיט קאט מיני 200 גרם,,,קיט קט מיני 200 גרם,גרמים,200.00,100 גרם,false,,10.00,0.0500,true,1,41973
5000204114898,false,"גלייד ארוסול בניחוח מרכך כביסה 300 מ""ל",אס.סי גונוסון,NL,גלייד ארוסול בניחוח,מיליליטרים,300.00,"100 מ""ל",false,,7.90,0.0263,true,1,5636
5000204115048,false,"מטהר אוויר גלייד ארוסול לבנדר 300 מ""ל","אס.סי ג'ונסון,מידרכט",NL,גלייד ארוסול בניחוח,מיליליטרים,300.00,"100 מ""ל",false,,7.90,0.0263,true,1,5640
5000204254587,false,סבון מוצק לאסלהאפרסק על חלל 38.6 ג' דאק,,,דאק סבון מוצק לאסלה,גרמים,38.60,100 גרם,false,,8.90,0.2306,true,1,237882
5000204254617,false,סבון מוצק לאסלה ירח פורח 38.6 ג' דאק,,,דאק סבון מוצק לאסלה,גרמים,38.60,100 גרם,false,,8.90,0.2306,true,1,237883
5000204658187,false,"קיווי נוזל נעליים קראון שחור 75 מ""ל",אס' סי' ג'ונסון במה,PL,קיווי נוזל נעליים שח,מיליליטרים,75.00,"100 מ""ל",false,,14.50,0.1933,true,1,5655
5000204886566,false,"פלדג 475 מ""ל ORANGE OIL",,,"פלדג 475 מ""ל ORANGE",מיליליטרים,475.00,"100 מ""ל",false,,24.50,0.0516,true,1,5664
5000219120112,false,פאל מאל כחול ארוך סטרים פילטר עשירייה,BAT,,פאל מאל כחול ארוך סט,יחידה,0.00,יחידה,false,,280.00,0.0000,false,1,4153
5000267024233,false,"וויסקי ג'וני בלאק לייבל עם פורר 700מ""ל",ג'וני ווקר ובניו,,ג'וני ווקר בלאק לייב,מיליליטרים,700.00,"100 מ""ל",false,,120.90,0.1727,true,1,51418
5000394017764,false,דורסל שמיניות AA פלו,,,דורסל שמיניות AA פלו,יחידה,0.00,יחידה,false,,19.90,0.0000,true,1,106941
5000394018549,false,דורסל בייסיק שמינייה AAA,,,דורסל שמיניות AAA פל,יחידה,0.00,יחידה,false,,19.90,0.0000,true,1,106964
5000394140820,false,שישיות סוללות AA פלוס פאוור דורסל,,BE,סוללות דורסל שישיות,יחידה,0.00,יחידה,false,,21.90,0.0000,true,1,233770
5000394141209,false,שישיות סוללות AAA פלוס פאוור דורסל,,BE,סוללות דורסל שישיות,יחידה,0.00,יחידה,false,,21.90,0.0000,true,1,233756
5000396037531,false,מקוויטיס ביסקוויט מצופה שוקולד חלב 200 ג',,,מקוויטיס מצופה שוקול,גרמים,200.00,100 גרם,false,,10.90,0.0545,true,1,24581
5000396037944,false,מקוויטיס ביסקוייט קלאסי 250 גרם,,,מקוויטים ביסקוויטים,גרמים,250.00,100 גרם,false,,9.90,0.0396,true,1,24584
5010026515919,false,מוזלי קריספי נאטי 650 גרם,,GB,מוזלי קריספי אגוזים,גרמים,650.00,100 גרם,false,,24.90,0.0383,true,1,162362
5010123703547,false,"מי פה פרש בורסט ליסטרין 500 מ""ל",גונסון אנד גונסון,,מי פה פרש בוסט ליסטר,מיליליטרים,500.00,"100 מ""ל",false,,14.90,0.0298,true,1,51791
5010182996799,false,"טואלט דאק ג'ל לאסלה פרחי בר ורודים 55 מ""ל",דאופלור אס.פי.אי איט,,דאק ג'ל אסלה בניחוח,מיליליטרים,55.00,"100 מ""ל",false,,10.90,0.1982,true,1,5667
5010182997918,false,"טואלט דאק ג'ל אסלה בניחוח ים 55 מ""ל","איטיליאן פוד, אס.פי.",IT,דאק ג'ל אסלה ניחוח י,גרמים,55.00,100 גרם,false,,10.90,0.1982,true,1,5675
5010182998847,false,נוזל לניקוי אסלה דאק בניחוח ים 806 גר,מיוצר עי קונדיטוריית,NL,דאק ג'ל נוזל לניקוי,מיליליטרים,750.00,"100 מ""ל",false,,9.90,0.0132,true,1,5676
5010265002836,false,רייויטה פת פריכה אורגינל שיפון 250 גרם,,,פת פריכה אורגינל 250,גרמים,250.00,100 גרם,false,,14.90,0.0596,true,1,99625
5010677551397,false,"בקרדי בריזר לימון ליים 275 מ""ל","ברקדי בע""מ",BE,בקרדי בריזר ליים,מיליליטרים,275.00,"100 מ""ל",false,,13.90,0.0505,true,1,9279
5010677552387,false,"בקרדי בריזר אננס 275 מ""ל",בקרדי בעמ,BE,בקרדי בריזר אננס.,מיליליטרים,275.00,"100 מ""ל",false,,13.90,0.0505,true,1,9280
5010677554398,false,"בקרדי בריזר אבטיח 275 מ""ל",בקרדי בעמ,BE,בקרדי בריזר אבטיח,מיליליטרים,275.00,"100 מ""ל",false,,13.90,0.0505,true,1,9281
5011007003005,false,"וויסקי ג'יימסון אירי מזוקק 700 מ""ל",אייריש דיסטילרז,IE,וויסקי אירי גיימסון,מיליליטרים,700.00,"100 מ""ל",false,,89.90,0.1284,true,1,33784
5014271330426,false,מעדן סאנט דלפור אוכמניות כחולות 284 גר,פלזנסקי,FR,סאן דלפור מעדן אוכמנ,גרמים,284.00,100 גרם,false,,20.90,0.0736,true,1,16768
5014271400426,false,סן דלפו מעדן תות שדה ללא סוכר 284 ג',המאפיה של הרמן,FR,סאן דלפור מעדן תות ש,גרמים,284.00,100 גרם,false,,20.90,0.0736,true,1,16774
5016840033219,false,ויסקי לוך לומונד סינ,לוך לומונוד דיסטלרי,GB,לוך לונונד אוריג'נל,מיליליטרים,700.00,"100 מ""ל",false,,119.00,0.1700,true,1,275375
5024546366609,false,"וויסקי 700 מ""ל LAUDERS SCOTCH",מקדוף אינטרנשנל דיסט,,וויסקי לאודרס 700מל,מיליליטרים,700.00,"100 מ""ל",false,,100.90,0.1441,true,1,134
5029053002439,false,קלינקס - נייר טואולט קליניקס צהוב 9 גלילים,חוגלה קימברלי,GB,נייר טואלט קליניקס צ,מטרים,243.00,מטר,false,,32.90,0.1354,true,1,8796
5029053510828,false,קוטקס - תחבושות אולטרה סופר + כנפיים 22 יח',קימברלי קלארק,GB,תחבושת אולטרה סופר+כ,יחידה,0.00,יחידה,false,,18.90,0.0000,true,1,8805
5029053523446,false,קוטקס - תחבושות אולטרה נייט + כנפיים 20 יח',קימברלי קלארק,GB,תחבושות אולטרה נייט+,יחידה,0.00,יחידה,false,,18.90,0.0000,true,1,8807
5029053535234,false,קוטקס טמפון עם מוליך 16 יח',KC Czech,,טמפון עם מוליך סופר,יחידה,0.00,יחידה,false,,21.90,0.0000,true,1,8821
5029053578309,false,קופסת ממחטות אולטרה סופט 48 דף קלינקס,קימברלי,IL,טישו אולטרה סופט קוב,יחידה,0.00,יחידה,false,,7.90,0.0000,true,1,180506
5029054220085,false,האגיס - מגבוני האגיס אקסטרה קר לא מבושם 56 יח' * 4,קימברלי,IL,האגיס אקסטרה קר מגבו,יחידה,0.00,יחידה,false,,27.90,0.0000,true,1,8825
5035766060253,false,"בירה מרפיס פחית 500 מ""ל",הייניקן,,מרפיס אייריש סטאוט פ,מיליליטרים,500.00,"100 מ""ל",false,,11.90,0.0238,true,1,9286
5053827215862,false,קלוגס קוקו פופס שוקו 500ג',,,דגני בוקר קוקו פופס,גרמים,500.00,100 גרם,false,,18.90,0.0378,true,1,77772
5060250343741,false,הרשיז ראונדס קוקיס אנד קרים 96ג',,PL,הרשיז ראונדס קוקיס א,גרמים,96.00,100 גרם,false,,10.90,0.1135,true,1,259060
5060517886486,false,"מונסטר משקה אנרגיה קלאסי 500 מ""ל",Monster energy סרביה,RU,מונסטר אנרג'י פחית 5,מיליליטרים,500.00,"100 מ""ל",false,,6.90,0.0138,true,1,6795
5060751218173,false,"משקה אנרגיה מונסטר Pipline punch פח 500 מ""ל",Monster energy סרביה,IE,מונסטר פייפלין פאנץ',מיליליטרים,500.00,"100 מ""ל",false,,6.90,0.0138,true,1,249260
5099864006377,false,סימיילאק שלב 1 חלבי מהדרין 900 גרם,,,"סימילאק מהדרין בד""צ",גרמים,900.00,100 גרם,false,,75.90,0.0843,true,1,29445
5201004020338,false,קפריס וופל רול ממולא קרם אגוזי לוז 400 ג',פפדופולוס,GR,קפריס רולס קלאסיק 40,גרמים,400.00,100 גרם,false,,19.90,0.0497,true,1,13768
5201340003392,false,טונה מעושנת בלימון 160 ג' TRATA,,GR,טונה מעושנת בלימון 1,גרמים,160.00,100 גרם,false,,15.90,0.0994,true,1,187077
5201340026704,false,טונה מעושנת פיקנטי 160 ג' TRATA,,GR,טונה מעושנת פיקנטי 1,גרמים,160.00,100 גרם,false,,15.90,0.0994,true,1,187078
5201347175030,false,פיניש קוואנטום 32 יח,,,פיניש קוואנטום 32 יח,יחידה,0.00,יחידה,false,,34.90,0.0000,true,1,283769
5201940010110,false,זיתים שחורים מזן קלמטה בפח 454 גרם,סיוארס אס.איי,GR,זיתים שחורים קלמטה ו,גרמים,250.00,100 גרם,false,,14.90,0.0596,true,1,2841
5202175001515,false,נאצ`וס בטעם מלוח 225 גר,,,נאצ'וס בטעם מלוח מזר,גרמים,225.00,100 גרם,false,,10.90,0.0484,true,1,245250
5202175001546,false,"נאצוס בטעם ברביקיו לל""ג 225 גרם",,GR,נאצ'וס בטעם ברביקיו,גרמים,225.00,100 גרם,false,,10.90,0.0484,true,1,290855
5202300014496,false,ולה פלקס ספריי אקסטרה סטרונג,,,אקסטרה סטרונג וולה פ,מיליליטרים,250.00,"100 מ""ל",false,,30.00,0.1200,true,1,27162
5203064007625,false,עוגיות שוקולד צ'יפס 180 גרם תומר,,,תומר עוגיות שוקו צ'י,גרמים,180.00,100 גרם,false,,9.90,0.0550,true,1,200954
5203064007649,false,עוגיות שוקולד צ'יפס טריפל 180 גרם תומר,,,תומר עוגיות שוקו צ'י,גרמים,180.00,100 גרם,false,,9.90,0.0550,true,1,200956
5203819013406,false,אוזו מלטמי 38%,,,אוזו מלטמי 38%,מיליליטרים,700.00,"100 מ""ל",false,,70.20,0.1003,true,1,79938
5391523058070,false,סימילאק אדוונס פלוס שלב 3 700 גרם,טרופיקל דגיל תעשיות,IE,סימילאק אדוונס פלוס,גרמים,700.00,100 גרם,false,,64.90,0.0927,true,1,29458
5391523058087,false,סימילאק אדוונס פלוס שלב 2 700 גרם,טרופיקל דגיל תעשיות,IE,סימילאק אדוואנס פלוס,גרמים,700.00,100 גרם,false,,64.90,0.0927,true,1,29459
5410126006087,false,ביסקוויט לוטוס קרמל 700 גרם,כלורוקס אוקלנד,BE,לוטוס עוגיות קרמל 70,גרמים,700.00,100 גרם,false,,24.90,0.0356,true,1,5265
5410126106183,false,ביסקויט לוטוס קרמל 312 גר 50 יח ארוז,כלורוקס אוקלנד,BE,ביסקוויט קרמל 312גרם,גרמים,312.00,100 גרם,false,,16.80,0.0538,true,1,5270
5410126116953,false,ממרח עוגיות לוטוס קרמל 400 גר,לוטוס בייקרי בלגיה נ,BE,לוטוס ממרח ביסקוויט,גרמים,400.00,100 גרם,false,,20.90,0.0522,true,1,5272
5410126666038,false,עוגיות לוטוס 18*2 279 גרם,,BE,עוגיות לוטוס 279 גרם,גרמים,279.00,100 גרם,false,,12.90,0.0462,true,1,5273
5410126716016,false,"ביסקוויט בטעם קרמל לוטוס בד""צ 250 ג'",לוטוס ביקרי בלגיה,BE,ביסקוויט בטעם קרמל ל,גרמים,250.00,100 גרם,false,,11.90,0.0476,true,1,5274
5410228267515,false,"שישיית בירה לאגר באדוויזר 6*330 מ""ל","איי, בי, אינבוו",GB,בירה באדוויזר שישייה,ליטרים,1.98,ליטר,false,,30.90,15.6061,true,1,7308
5410291021991,false,צ`וקטה ממרח אגוזי לו,,,צ`וקטה ממרח אגוזי לו,גרמים,700.00,100 גרם,false,,19.90,0.0284,true,1,41976
5410291022011,false,ממרח אגוזי לוז עם קקאוי 350 ג' צ'וקטה,,,צ`וקטה ממרח אגוזי לו,גרמים,350.00,100 גרם,false,,11.90,0.0340,true,1,41977
5411081008192,false,"בירה קסטיל רוז 330 מ""ל פחית",,,בירה קסטיל רוז' 300,מיליליטרים,330.00,"100 מ""ל",false,,11.90,0.0361,true,1,313011
5411188110835,false,אלפרו חלב סויה שקדים וניל 1ל',הנסיך- מפעל לייצור ט,BE,אלפרו משקה שקדים 1 ל,ליטרים,1.00,ליטר,false,,15.50,15.5000,true,1,21368
5411188112709,false,"משקה קוקוס אלפרו 1 ליטר משקה שקדים לל""ס",הנסיך- מפעל לייצור ט,BE,אלפרו משקה שקדים ללא,יחידה,0.00,יחידה,false,,15.50,0.0000,true,1,21372
5411188115366,false,משקה קוקוס אלפרו 1 ליטר משקה שיבולת שועל 1 ליטר,הנסיך- מפעל לייצור ט,BE,אלפרו משקה שיבולת שו,יחידה,0.00,יחידה,false,,15.50,0.0000,true,1,21374
5411188115472,false,אלפרו משקה סויה 1 ליטר,הנסיך- מפעל לייצור ט,BE,אלפרו משקה סויה 1 לי,ליטרים,1.00,ליטר,false,,14.10,14.1000,true,1,85749
5411188120742,false,משקה קוקוס אלפרו 1 ליטר שקדים וניל 1 ל',הנסיך- מפעל לייצור ט,BE,אלפרו משקה שקדים בטע,ליטרים,1.00,ליטר,false,,15.50,15.5000,true,1,21381
5411188134985,false,אלפרו NOT MILK שיבולת שועל 3.8% שומן 1 ליטר,הנסיך- מפעל לייצור ט,BE,אלפרו 3.5% שומן NOT,ליטרים,1.00,ליטר,false,,14.10,14.1000,true,1,160157
5411188135005,false,אלפרו NOT MILK שיבולת שועל 1.8% שומן 1 ליטר,הנסיך- מפעל לייצור ט,BE,אלפרו 1.8% שומן NOT,ליטרים,1.00,ליטר,false,,14.10,14.1000,true,1,163167
5411188513483,false,"אלפרו סויה לבישול 14% שומן 250 מ""ל",אלפרו C.V.A,BE,אלפרו סויה לבישול 14,מיליליטרים,250.00,"100 מ""ל",false,,9.90,0.0396,true,1,225074
5411188543398,false,אלפרו משקה סויה ללא סוכר 1 ליטר,הנסיך- מפעל לייצור ט,BE,אלפרו משקה סויה ללא,ליטרים,1.00,ליטר,false,,14.10,14.1000,true,1,89228
5413121355143,false,בלג'יאן-שוקולד לבן משובח 100 גר' 1/25 (640175),,,שוקולד לבן משובח בלג,גרמים,100.00,100 גרם,false,,11.90,0.1190,true,1,277749
5413548040479,false,בונבוניירה רפאלו 240 גרם,קדבורי,PL,בונבוניירה רפאלו 240,גרמים,240.00,100 גרם,false,,24.90,0.1037,true,1,41476
5413548280189,false,קינדר שוקובון 16 יחידות,פררו,BE,קינדר שוקו בון 125ג,גרמים,125.00,100 גרם,false,,13.90,0.1112,true,1,41477
5601008200444,false,עוגיות טבעת מצופה שוק. חלב 150 גר גודיס,הנסיך- מפעל לייצור ט,PT,גודיס עוגיות טבעת מצ,גרמים,150.00,100 גרם,false,,6.90,0.0460,true,1,21393
5601217129420,false,וולייט דפים לשמירה על צבע הבגד 20 יח,,,וולייט דפים 20 יח',יחידה,0.00,יחידה,false,,19.90,0.0000,true,1,20855
5689456012109,false,מארז סביבונים מעץ 4 יח,,,מארז סביבונים 4 יח',יחידה,0.00,יחידה,false,,5.90,0.0000,true,1,186044
5701932026964,false,פופקורן הוטפופ מלוח 600ג',פופז בעמ,US,הוט פופ .פופקורן עם,גרמים,600.00,100 גרם,false,,14.90,0.0248,true,1,12731
5701932026971,false,פופקורן הוט חמאה מאגדת 100X6ג',"פופז בע""מ",US,הוט פופ פופקורן בטעם,גרמים,600.00,100 גרם,false,,14.90,0.0248,true,1,12732
5701932026995,false,פופקורן הוט פופ טבעי לייט 510 ג,קריניציה ויטמינה אס,US,הוט פופ פופקורן לייט,גרמים,510.00,100 גרם,false,,14.90,0.0292,true,1,12733
5706516031358,false,פופקורן להכנה במיקרוגל בטעם טבעי מופחת שומן,"פופז בע""מ",US,הוט פופ 100 קלוריות,גרמים,160.00,100 גרם,false,,14.90,0.0931,true,1,12734
5711953106583,false,גבינת שמנת בטעם טבעי 200 ג' ארלה,ארלה פודס אמבה,DK,ארלה גבינת שמנת טבעי,גרמים,200.00,100 גרם,false,,16.60,0.0830,true,1,23226
5711953106590,false,גבינת שמנת ארלה שמנת שום 200 גרם,ארלה פודס אמבה,DK,ארלה גבינת שמנת שום,גרמים,200.00,100 גרם,false,,16.60,0.0830,true,1,23227
5711953106606,false,גבינת שמנת ארלה עשבי תיבול 200 גרם,ארלה פודס אמבה,DK,ארלה גבינת שמנת עשבי,גרמים,200.00,100 גרם,false,,16.60,0.0830,true,1,23228
5740900403215,false,ממרח מחמאת לורפק עם מלח 250 ג',,DK,ממרח לורפק עם מלח 25,גרמים,250.00,100 גרם,false,,16.90,0.0676,true,1,23229
5740900403222,false,ממרח לורפק חמאה עם מלח מופחת שומן 250 ג,,DK,ממרח לורפק עם מלח מו,גרמים,250.00,100 גרם,false,,16.90,0.0676,true,1,23230
5740900403239,false,ממרח מחמאת לורפק ללא מלח 250 ג',,DK,ממרח לורפק ללא מלח 2,גרמים,250.00,100 גרם,false,,16.90,0.0676,true,1,23231
5740900403246,false,ממרח מחמאת לורפק ללא מלח 500 ג',,DK,ממרח לורפק ללא מלח 5,גרמים,500.00,100 גרם,false,,30.30,0.0606,true,1,23232
5740900403253,false,ממרח מחמאת לורפק עם מלח 500 ג',,DK,ממרח לורפק עם מלח 50,גרמים,500.00,100 גרם,false,,30.30,0.0606,true,1,23233
5740900403260,false,"ממרח לורפק חמאה לל""מ מופחת שומן 250 ג'",ארלה פודס אמבה,DK,ממרח לורפק ללא מלח מ,גרמים,250.00,100 גרם,false,,16.90,0.0676,true,1,23234
5765220190140,false,עטרות נייר לאפייה 1.,,,עטרות נייר לאפייה 1.,יח',130.00,יח',false,,3.50,0.0269,true,1,107822
5765220190188,false,עטרות נייר לאפייה 5,,,עטרות נייר לאפייה 5,יח',130.00,יח',false,,5.90,0.0454,true,1,107848
5765220190522,false,סביבון חללית אורות מנגן,,,סביבון חללית אורות מ,יחידה,0.00,יחידה,false,,15.90,0.0000,true,1,95594
5765220190539,false,סביבון קפיץ אורות מנגן,,,סביבון קפיץ אורות מנ,יחידה,0.00,יחידה,false,,15.90,0.0000,true,1,95595
5765571206613,false,נר נשמה 9 ימים בפלסט,,,נר נשמה 9 ימים בפלסט,יחידה,0.00,יחידה,false,,9.90,0.0000,true,1,310924
5900020012814,false,דגנים נסקוויק מלחמת הכוכבים 500 גרם,מיוצר עי קונדיטוריית,PL,דגני בוקר נסקוויק נס,גרמים,500.00,100 גרם,false,,24.90,0.0498,true,1,18389
5900020015174,false,פיטנס - חטיף דגנים שוקולד 23.50 גרם * 6,מיוצר עי קונדיטוריית,PL,פיטנס חטיף דגנים שוק,גרמים,141.00,100 גרם,false,,14.90,0.1057,true,1,18390
5900020018908,false,פיטנס - חטיף דגנים עוגיות שוקולד 23.50 גרם * 6,מיוצר עי קונדיטוריית,PL,פיטנס חטיף דגנים קרם,גרמים,141.00,100 גרם,false,,14.90,0.1057,true,1,18391
5900020024770,false,פיטנס - דליס חטיף דגנים שוקולד אגוז 22.50 גרם * 6,סי. פי. פולין,PL,פיטנס בר דליס שוקולד,גרמים,135.00,100 גרם,false,,14.90,0.1104,true,1,18397
5900020026552,false,האני נאט ציריוס מלחמת הכוכבים 625 גרם,הנסיך- מפעל לייצור ט,FR,האני נאט ציריוס נסטל,גרמים,625.00,100 גרם,false,,24.90,0.0398,true,1,18405
5900020029669,false,פיטנס - חטיף דגנים פירות יער 23.50 גרם * 6,,,פיטנס חטיף דגנים פיר,גרמים,141.00,100 גרם,false,,14.90,0.1057,true,1,18407
5900020033314,false,נסטלה - ליון חטיף דגנים 25 גרם * 6,סי.פי. פולין,PL,חטיף דגנים ליון נסטל,גרמים,150.00,100 גרם,false,,16.90,0.1127,true,1,18410
5900020034991,false,דגני בוקר צדפים בטעם שוקולד 450 ג' קראנץ',סי. פי. פולין,IL,קראנץ' צדפים בטעם שו,גרמים,450.00,100 גרם,false,,24.90,0.0553,true,1,18412
5900020036407,false,דגני בוקר שוקולד וקרמל ליון 480 גרם,,FR,דגני בוקר שוקולד וקר,גרמים,480.00,100 גרם,false,,24.90,0.0519,true,1,63514
5900020039590,false,פיטנס חטיף דגנים קלאסי פרווה 8 6*23.5 ג,,PL,פיטנס חטיף דגנים קלא,גרמים,141.00,100 גרם,false,,14.90,0.1057,true,1,188755
5900020039620,false,פיטנס חטיף דגנים שקדים ודבש פרווה 8 6*23 ג,,PL,חטיף דגנים שקדים ודב,גרמים,141.00,100 גרם,false,,14.90,0.1057,true,1,188742
5900020041142,false,קורנפלקס פיטנס 500 ג' אסם,סי.פי פולין,PL,קורנפלקס פיטנס 500גר,גרמים,500.00,100 גרם,false,,12.90,0.0258,true,1,320175
5900627063233,false,טבליות למדיח AIO 50 יח פיניש,רקיט בנקיזר,PL,50 יח AIO טבליות פינ,גרמים,800.00,100 גרם,false,,39.90,0.0499,true,1,20870
5900627066715,false,טבליות למדיח פיניש הכל ב-1 100 יח,,PL,פיניש 100 טבליות AIO,יחידה,0.00,יחידה,false,,59.90,0.0000,true,1,20871
5900627080674,false,וולייט סרום מתקן בגד,,,וולייט סרום מתקן בגד,יחידה,0.00,יחידה,false,,15.90,0.0000,true,1,20872
5900951283963,false,סניקרס חטיף קרימי ח.בוטנים בודד 50 גרם,סנו מפעלי ברונוס.,PL,חטיף סניקרס שוקולד ק,גרמים,50.00,100 גרם,false,,3.90,0.0780,true,1,222005
5902198160403,false,"משקה אנרגיה XL TEN פחית לל""ס 250מ""ל","טמפו משקאות בע""מ",IL,אקס אל משקה אנרגיה ט,מיליליטרים,250.00,"100 מ""ל",false,,4.50,0.0180,true,1,9288
5902768862553,true,עוגיות בוגטי שוקולד,,,עוגיות בוגטי שוקולד,גרמים,155.00,100 גרם,false,,5.90,0.0381,true,1,49901
5904941751302,false,"משקה אנרגיה בלו 250 מ""ל- בודד",אקו - ביט,PL,בלו משקה אנרגיה 250,מיליליטרים,250.00,"100 מ""ל",false,,4.50,0.0180,true,1,1814
5904941751920,false,"משקה אנרגיה BLU DAY בודד 250 מ""ל",אקו - ביט,PL,בלו משקה אנרגיה דיי,מיליליטרים,250.00,"100 מ""ל",false,,4.50,0.0180,true,1,1819
5906485301012,false,"משקה אנרגיה XL פחית 250 מ""ל","טמפו משקאות בע""מ",IL,אקס אל משקה אנרגיה 2,מיליליטרים,250.00,"100 מ""ל",false,,4.50,0.0180,true,1,9289
5941021001261,false,טבלת שוקולד היידי גראנדור 75% 80 ג',,RO,טבלת היידי גראנדור 7,גרמים,80.00,100 גרם,false,,9.90,0.1238,true,1,258790
5998623526739,false,"יין סי גראס גוורצטרמינר 750 מ""ל",דנוביאנה,HU,יין סי גראס גוורצטרמ,מיליליטרים,750.00,"100 מ""ל",false,,40.90,0.0545,true,1,13374
6008165274629,false,פאל מאל כחול ארוך סטרים פילטר חפיסה,יושלם,,פאל מאל כחול ארוך סט,יחידה,0.00,יחידה,false,,29.00,0.0000,false,1,4172
6111094000198,false,קוסקוס דארי דק 350 גרם,,,קוסקוס דק דארי 350 ג,גרמים,350.00,100 גרם,false,,8.10,0.0231,true,1,24926
6111094000228,false,"קוסקוס דארי דק תומר 1 ק""ג",דרי קוספט,MA,"קוסקוס דק דארי 1 ק""ג",קילוגרמים,1.00,"ק""ג",false,,17.90,17.9000,true,1,24927
6111094000242,false,תומר קוסקוס דארי דק 500גר,דרי קוספט,MA,קוסקוס דק דארי 500 ג,גרמים,500.00,100 גרם,false,,10.00,0.0200,true,1,24928
6111094000808,false,"קוסקוס דארי בינוני תומר 1 ק""ג + 10% תוספת",דרי קוספט,MA,קוסקוס בינוני דארי 1,קילוגרמים,1.10,"ק""ג",false,,17.90,16.2727,true,1,24930
6841398731244,false,מארז סביבון מצייר 3 יחידות,,,מארז סביבון מצייר 3,יחידה,0.00,יחידה,false,,5.90,0.0000,true,1,310960
6900024600672,false,מברשת לסלה+כוס,,,מברשת לסלה+כוס,יחידה,0.00,יחידה,false,,8.90,0.0000,true,1,284328
6900024600696,false,פומפיה גומית+מקל,,,פומפיה גומית+מקל,יחידה,0.00,יחידה,false,,6.90,0.0000,true,1,284316
6910191800287,false,אצות נורי לסושי מזרח,ננטונג היידה אקווטוק,CN,אצות נורי לסושי מזרח,גרמים,25.00,100 גרם,false,,11.90,0.4760,true,1,47578
6912977000140,false,אטריות שעועית דקות 250 גרם,Yantai Yinsida Longk,CN,אטריות שעועית ללא גל,גרמים,250.00,100 גרם,false,,8.90,0.0356,true,1,47579
6920185430222,false,"חול קינטי מארז 1 ק""ג",,,"חול קינטי מארז 1 ק""ג",קילוגרמים,1.00,"ק""ג",false,,25.00,25.0000,true,1,13107
6920200928017,false,מטריה אוטומט צבעונית,,,מטריה אוטומט צבעונית,יחידה,0.00,יחידה,false,,11.90,0.0000,true,1,311011
6920220650028,false,חנוכיית פח זהב/כסף,,,חנוכיה פח זהב/כסף,יחידה,0.00,יחידה,false,,4.90,0.0000,true,1,310948
6934327005728,false,מטריה הפוכה אוטומט,,,מטריה הפוכה אוטומט,יחידה,0.00,יחידה,false,,59.90,0.0000,true,1,323716
6951097101030,false,מאג לונדון,,,מאג לונדון,יחידה,0.00,יחידה,false,,5.90,0.0000,true,1,28013
6951097101078,false,מאג לאטה 240,,,מאג לאטה 240,יחידה,0.00,יחידה,false,,4.90,0.0000,true,1,150449
6951097101085,false,מאג מעוצב,,,מאג מעוצב,יחידה,0.00,יחידה,false,,4.90,0.0000,true,1,28015
6951097101139,false,מאג קליר ניו בלינק 3,,,מאג קליר ניו בלינק 3,יחידה,0.00,יחידה,false,,5.90,0.0000,true,1,28016
6970772670333,false,מצת מהודר,,,מצת מהודר,יחידה,0.00,יחידה,false,,9.90,0.0000,true,1,232353
6987965789284,false,דף יצירה עם מדבקות ח,,,דף יצירה עם מדבקות ח,יחידה,0.00,יחידה,false,,1.50,0.0000,true,1,311348
7046110030608,false,זוג מברשות סנסטיב ג',,,זוג מברשות סנסטיב ג',יחידה,0.00,יחידה,false,,22.90,0.0000,true,1,5715
7262626088180,false,טייץ טרמי שחור,,,טייץ טרמי שחור,יחידה,0.00,יחידה,false,,29.90,0.0000,true,1,90986
7290000000004,false,לחמניית אצבע עם נקני,,,לחמניית אצבע עם נקני,יחידה,0.00,יחידה,false,,9.90,0.0000,true,1,34400
7290000000104,false,סנדוויץ' עובד,,,סנדוויץ' עובד,יחידה,0.00,יחידה,false,,5.00,0.0000,true,1,34418
7290000000311,false,קרואסון ביס בטעמים ח,,,קרואסון ביס בטעמים ח,קילוגרמים,1.00,"ק""ג",true,,45.50,45.5000,true,1,2403
7290000000465,false,לחמניה שמינייה,,,לחמניה שמינייה,יח',1.00,יח',false,,3.90,3.9000,true,1,2414
7290000000626,false,ברוקולי ארוז במגשית,,,ברוקולי ארוז במגשית,יח',1.00,יח',false,,9.90,9.9000,true,1,204011
7290000000978,true,חסה כשר,,,חסה כשר,יח',1.00,יח',false,,6.90,6.9000,true,1,47740
7290000000985,true,פטרוזיליה כשר,,,פטרוזיליה כשר,יח',1.00,יח',false,,5.90,5.9000,true,1,47741
7290000001104,false,פטריות חורש מיני ארוז 200 ג',,,פטריות חורש ארוז,יח',1.00,יח',false,,9.90,9.9000,true,1,44790
7290000001193,false,בונז'ור בייבי חליות,,,בונז'ור בייבי חליות,גרמים,70.00,100 גרם,false,,2.40,0.0343,true,1,33976
7290000001579,true,סלרי אמריקאי כשר,,,סלרי אמריקאי כשר,יח',1.00,יח',false,,6.90,6.9000,true,1,47743
7290000001586,true,שמיר כשר,,,שמיר כשר,יח',1.00,יח',false,,5.90,5.9000,true,1,47744
7290000001593,true,נענע כשר,,,נענע כשר,יח',1.00,יח',false,,5.90,5.9000,true,1,47745
7290000002021,false,רוגלך פרווה,,,רוגלך פרווה,קילוגרמים,1.00,"ק""ג",true,,45.50,45.5000,true,1,2455
7290000002872,false,צפתית במים גד 5% במש,,,צפתית במים גד 5% במש,קילוגרמים,1.00,"ק""ג",true,,68.00,68.0000,true,1,14553
7290000002889,false,גבינות שמנת שום שמיר,,,גבינות שמנת שום שמיר,קילוגרמים,1.00,"ק""ג",true,,50.00,50.0000,true,1,14554
7290000003286,false,בלוז דנאבלו מחלבת אר,,,בלוז דנאבלו מחלבת אר,קילוגרמים,1.00,"ק""ג",true,,65.00,65.0000,true,1,23199
7290000004006,false,קאשקבל משולשים גד 26,,,קאשקבל משולשים גד 26,קילוגרמים,1.00,"ק""ג",true,,138.00,138.0000,true,1,14562
7290000004444,false,שקיות גופיה 20 מקרו,,,שקיות גופיה 20 מקרו,יחידה,0.00,יחידה,false,,0.10,0.0000,true,1,276289
7290000004754,false,מוצרלה כדור קטן גד 1,,,מוצרלה כדור קטן גד 1,קילוגרמים,1.00,"ק""ג",true,,102.00,102.0000,true,1,14568
7290000004792,false,בולגרית מעודנת גד 5%,,,בולגרית מעודנת גד 5%,קילוגרמים,1.00,"ק""ג",true,,60.00,60.0000,true,1,14569
7290000004815,false,מוצרלה גד 22% במשקל,,,מוצרלה גד 22% במשקל,קילוגרמים,1.00,"ק""ג",true,,88.00,88.0000,true,1,14570
7290000004969,false,גבינות שמנת טבעי גד,,,גבינות שמנת טבעי גד,קילוגרמים,1.00,"ק""ג",true,,50.00,50.0000,true,1,14576
7290000004976,false,גבינות שמנת זיתים גד,,,גבינות שמנת זיתים גד,קילוגרמים,1.00,"ק""ג",true,,50.00,50.0000,true,1,14577
7290000005025,false,בייגל בטעמים,,,בייגל בטעמים,יח',1.00,יח',false,,4.90,4.9000,true,1,36132
7290000005455,false,בולגרית מעודנת מהדרי,,,בולגרית מעודנת מהדרי,קילוגרמים,1.00,"ק""ג",true,,64.00,64.0000,true,1,14585
7290000006021,false,פטה מעדן סלט קוביות,,,פטה מעדן סלט קוביות,קילוגרמים,1.00,"ק""ג",true,,75.00,75.0000,true,1,6150
7290000009350,false,בשר טחון טרי,,,בשר טחון טרי,קילוגרמים,1.00,"ק""ג",true,,37.90,37.9000,true,1,287216
7290000009351,false,בשר טחון חלק טרי,,,בשר טחון חלק טרי,קילוגרמים,1.00,"ק""ג",true,,49.90,49.9000,true,1,287335
7290000009352,false,בשר טחון פרימיום טרי,,,בשר טחון פרימיום טרי,קילוגרמים,1.00,"ק""ג",true,,49.90,49.9000,true,1,287419
7290000009355,false,צלעות בקר חלק טרי,,,צלעות בקר חלק טרי,קילוגרמים,1.00,"ק""ג",true,,59.90,59.9000,true,1,287605
7290000009362,false,צלי כתף טרי,,,צלי כתף טרי,קילוגרמים,1.00,"ק""ג",true,,89.90,89.9000,true,1,287759
7290000009370,false,שריר טרי,,,שריר טרי,קילוגרמים,1.00,"ק""ג",true,,59.90,59.9000,true,1,287877
7290000009371,false,שריר חלק טרי,,,שריר חלק טרי,קילוגרמים,1.00,"ק""ג",true,,59.90,59.9000,true,1,287893
7290000009395,false,אסאדו ע.ע. טרי,,,אסאדו ע.ע. טרי,קילוגרמים,1.00,"ק""ג",true,,69.90,69.9000,true,1,288302
7290000009396,false,אסאדו ע.ע חלק טרי,,,אסאדו ע.ע חלק טרי,קילוגרמים,1.00,"ק""ג",true,,69.90,69.9000,true,1,288329
7290000009397,false,אוסובוקו טרי,,,אוסובוקו טרי,קילוגרמים,1.00,"ק""ג",true,,64.90,64.9000,true,1,288042
7290000009398,false,אוסובוקו חלק טרי,,,אוסובוקו חלק טרי,קילוגרמים,1.00,"ק""ג",true,,64.90,64.9000,true,1,288157
7290000009435,false,צוואר טלה טרי,,,צוואר טלה טרי,קילוגרמים,1.00,"ק""ג",true,,74.90,74.9000,true,1,288644
7290000009454,false,אנטריקוט ע.ע פרימיום,,,אנטריקוט ע.ע פרימיום,קילוגרמים,1.00,"ק""ג",true,,129.90,129.9000,true,1,295476
7290000009461,false,חזה ע.ע טרי,,,חזה ע.ע טרי,קילוגרמים,1.00,"ק""ג",true,,49.90,49.9000,true,1,296196
7290000009462,false,צוואר ע.ע טרי,,,צוואר ע.ע טרי,קילוגרמים,1.00,"ק""ג",true,,49.90,49.9000,true,1,296209
7290000009463,false,אנטריקוט פרימיום ע.ע,,,אנטריקוט פרימיום ע.ע,קילוגרמים,1.00,"ק""ג",true,,109.90,109.9000,true,1,296221
7290000009464,false,אנטריקוט ע.ע טרי,,,אנטריקוט ע.ע טרי,קילוגרמים,1.00,"ק""ג",true,,94.90,94.9000,true,1,296245
7290000009465,false,אנטריקוט ע.ע מחפוד ט,,,אנטריקוט ע.ע מחפוד ט,קילוגרמים,1.00,"ק""ג",true,,104.90,104.9000,true,1,296269
7290000009480,false,עצמות מח חלק טרי,,,עצמות מח חלק טרי,קילוגרמים,1.00,"ק""ג",true,,24.90,24.9000,true,1,296685
7290000009481,false,כתף ע.ע כשר,,,כתף ע.ע כשר,קילוגרמים,1.00,"ק""ג",true,,49.90,49.9000,true,1,296836
7290000009482,false,כבד בקר טרי,,,כבד בקר טרי,קילוגרמים,1.00,"ק""ג",true,,24.90,24.9000,true,1,296899
7290000009486,false,בשר ראש בקר טרי,,,בשר ראש בקר טרי,קילוגרמים,1.00,"ק""ג",true,,36.90,36.9000,true,1,296960
7290000009509,false,אווזית בקר טרי,,,אווזית בקר טרי,קילוגרמים,1.00,"ק""ג",true,,79.90,79.9000,true,1,297256
7290000010250,false,5 יח' בייגלה בטעמים,,,5 יח' בייגלה בטעמים,יח',1.00,יח',false,,17.90,17.9000,true,1,52928
7290000010500,false,5 יח' לחמניות חיטה,,,5 יח' לחמניות חיטה,יח',1.00,יח',false,,13.40,13.4000,true,1,52929
7290000011236,false,בולגרית מעודנת המושב,,,בולגרית מעודנת המושב,קילוגרמים,1.00,"ק""ג",true,,45.00,45.0000,true,1,14785
7290000011250,false,שמנת שום שמיר המושב,,,שמנת שום שמיר המושב,קילוגרמים,1.00,"ק""ג",true,,42.00,42.0000,true,1,14787
7290000011274,false,שמנת זיתים המושבה 30,,,שמנת זיתים המושבה 30,קילוגרמים,1.00,"ק""ג",true,,42.00,42.0000,true,1,14789
7290000011427,false,אצבעות שוקולד וניל ה,,,אצבעות שוקולד וניל ה,קילוגרמים,1.00,"ק""ג",true,,60.00,60.0000,true,1,14791
7290000013006,false,פסטרמה מקסיקנית 1% ז,,,פסטרמה מקסיקנית 1% ז,קילוגרמים,1.00,"ק""ג",true,,80.00,80.0000,true,1,38872
7290000013037,false,פסט. פרגיות על לבנים,,,פסט. פרגיות על לבנים,קילוגרמים,1.00,"ק""ג",true,,80.00,80.0000,true,1,38874
7290000013174,false,פסט. של פעם 2% זוגלו,,,פסט. של פעם 2% זוגלו,קילוגרמים,1.00,"ק""ג",true,,82.00,82.0000,true,1,38876
7290000014510,false,חסה עגולה,,,חסה עגולה,יח',1.00,יח',false,,6.90,6.9000,true,1,50959
7290000015511,false,בצל יבש אורגני,,,בצל יבש אורגני,קילוגרמים,1.00,"ק""ג",true,,9.90,9.9000,true,1,330521
7290000015563,false,תפוח עץ חרמון אורגנ,,,תפוח עץ חרמון אורגנ,קילוגרמים,1.00,"ק""ג",true,,14.90,14.9000,true,1,330571
7290000023083,false,ערק אשקלון 40% בקבוק,"יקבי ברקן בע""מ",IL,"ערק אשקלון 700 מ""ל כ",מיליליטרים,700.00,"100 מ""ל",false,,50.90,0.0727,true,1,9297
7290000023809,false,"יין ברקן קלאסיק קברנה סובניון 750מ""ל",יקבי ברקן שיווק והפצ,IL,קלאסיק קברנה סובניון,מיליליטרים,750.00,"100 מ""ל",false,,32.90,0.0439,true,1,9310
7290000023816,false,"יין ברקן קלאסיק אמרלד ריזלינג 750מ""ל",יקבי ברקן שיווק והפצ,IL,קלאסיק אמרלד ריזלינג,מיליליטרים,750.00,"100 מ""ל",false,,32.90,0.0439,true,1,9311
7290000023977,false,"יין ברקן קלאסיק מרלו 750 מ""ל",יקבי ברקן שיווק והפצ,IL,קלאסיק מרלו 750מל.,מיליליטרים,750.00,"100 מ""ל",false,,32.90,0.0439,true,1,9317
7290000024202,false,"יין ברקן רזרב קברנה סובניון 750 מ""ל",ברקן שיווק והפצה בעמ,IL,קברנה סוביניון רזרבד,מיליליטרים,750.00,"100 מ""ל",false,,42.90,0.0572,true,1,9320
7290000024264,false,"יין ברקן רזרב מרלו 750 מ""ל",כרמי צבי - אחים סגל,IL,מרלו ריזרב,מיליליטרים,750.00,"100 מ""ל",false,,42.90,0.0572,true,1,9324
7290000025786,false,דניס נקי טרי,,,דניס נקי טרי,קילוגרמים,1.00,"ק""ג",true,,69.90,69.9000,true,1,47930
7290000026650,false,צפתית פיראוס 5% במשק,,,צפתית פיראוס 5% במשק,קילוגרמים,1.00,"ק""ג",true,,58.00,58.0000,true,1,25618
7290000026813,false,אמנון טרי נקי,,,אמנון טרי נקי,קילוגרמים,1.00,"ק""ג",true,,36.90,36.9000,true,1,47933
7290000026893,false,ברמונדי נקי,,,ברמונדי נקי,קילוגרמים,1.00,"ק""ג",true,,49.90,49.9000,true,1,47938
7290000027742,false,לברק נקי טרי,,,לברק נקי טרי,קילוגרמים,1.00,"ק""ג",true,,69.90,69.9000,true,1,47945
7290000027995,false,פילה סלמון טרי,,,פילה סלמון טרי,קילוגרמים,1.00,"ק""ג",true,,99.90,99.9000,true,1,47953
7290000032665,false,רוטב עגבניות 28% 580ג' פרי זה,,,רוטב עגבניות 28% ברי,גרמים,580.00,100 גרם,false,,7.52,0.0130,true,1,8614
7290000035324,false,בולגרית חלב נוכרי פי,,,בולגרית חלב נוכרי פי,קילוגרמים,1.00,"ק""ג",true,,41.00,41.0000,true,1,25619
7290000037955,false,ממרח חמאה הולנדית וי,,,ממרח חמאה הולנדית וי,קילוגרמים,1.00,"ק""ג",true,,39.00,39.0000,true,1,2758
7290000040080,false,יוגורט אפרסק 3% שומן 150 ג' יופלה,תנובה בעמ,IL,יופלה אפרסק מאוהב 3%,מיליליטרים,150.00,"100 מ""ל",false,,5.20,0.0347,true,1,25707
7290000040318,false,גבינת ברי 24% קולאז עדי תנובה 125 ג',תנובה,IL,תנובה גבינת ברי 24%,גרמים,125.00,100 גרם,false,,18.90,0.1512,true,1,25709
7290000040462,false,גבינת טוסטי עמק אמריקאי אדם 23% 200 ג',"תנובה, מחלבת תל יוסף",IL,טוסטי טעם אדם 22% 20,גרמים,200.00,100 גרם,false,,16.90,0.0845,true,1,25711
7290000040974,false,חלב טרי דל לקטוז 1ל' תנובה,"תנובה, מחלבת רחובות",IL,חלב תנובה קרטון דל ל,ליטרים,1.00,ליטר,false,,7.10,7.1000,true,1,25712
7290000041407,false,"גיל לבן 3% תנובה 125 מ""ל בד""צ",,IL,"גיל 3% בד""צ 125 מ""ל",מיליליטרים,125.00,"100 מ""ל",false,,0.90,0.0072,true,1,25713
7290000041445,false,גבינת קוטג מהדרין 5% 250 גרם,מיוצר עי קונדיטוריית,IL,"קוטג' 5% תנובה בד""צ",גרמים,250.00,100 גרם,false,,5.50,0.0220,true,1,25714
7290000041452,false,"קוטג' 9% תנובה 250 ג' בד""צ",מחלבת אלון תבור,IL,"קוטג' תנובה בד""צ 9%",גרמים,250.00,100 גרם,false,,5.50,0.0220,true,1,25715
7290000041858,false,"שמנת חמוצה 15% יטבתה 200 מ""ל מהדרין",שטראוס גרופ,IL,יטבתה שמנת חמוצה 15%,מיליליטרים,200.00,"100 מ""ל",false,,2.70,0.0135,true,1,23235
7290000041865,false,"לבן 4.5% יטבתה מהדרין 200מ""ל",מחלבת יטבתה,IL,יטבתה לבן 4.5% 200מל,מיליליטרים,200.00,"100 מ""ל",false,,2.50,0.0125,true,1,23236
7290000042015,false,חלב טרי 3% תנובה שקית 1ל' מהדרין,תנובה,IL,חלב תנובה טרי שקית,יחידה,0.00,יחידה,false,,5.43,0.0000,true,1,25717
7290000042404,false,חלב יוטבתה מועשר 3% שקית 1ל',מחלבת יטבתה,IL,יטבתה חלב מועשר שקית,ליטרים,1.00,ליטר,false,,6.20,6.2000,true,1,23238
7290000042435,false,חלב דל שומן בקרטון+פקק 1 ליטר 1%,תנובה מרכז שיתופי לש,IL,חלב תנובה בקרטון 1%,ליטרים,1.00,ליטר,false,,5.86,5.8600,true,1,25723
7290000042503,false,"חלב עמיד קרטון 3% 1 ליטר בד""צ תנובה",תנובה מרכז שיתופי לש,IL,חלב תנובה עמיד 3% קר,ליטרים,1.00,ליטר,false,,6.90,6.9000,true,1,25726
7290000042640,false,"חלב תנובה עמיד 3% קרטון 250 מ""ל",תנובה מרכז שיתופי לש,IL,חלב תנובה עמיד 3% מה,מיליליטרים,250.00,"100 מ""ל",false,,2.90,0.0116,true,1,25728
7290000042855,false,יוטבתה שוקו שקית 225מל,שטראוס גרופ,IL,יטבתה שוקו שקית 225,מיליליטרים,225.00,"100 מ""ל",false,,2.90,0.0129,true,1,23240
7290000043012,false,"שוקו עמיד 2% בקרטון 250 מ""ל תנובה",תנובה,IL,שוק שוקו עמיד 2% בקר,מיליליטרים,250.00,"100 מ""ל",false,,4.90,0.0196,true,1,25730
7290000043814,false,"שמנת מתוקה להקצפה 38% 250 מ""ל תנובה",תנובה מרכז שיתופי לש,IL,שף לבן שמנת לקצפת עמ,מיליליטרים,250.00,"100 מ""ל",false,,6.47,0.0259,true,1,25733
7290000043890,false,רוויון קרטון 1 ליטר %1.5,תנובה מרכז שיתופי לש,IL,ריויון 1.5% 1ל,ליטרים,1.00,ליטר,false,,11.90,11.9000,true,1,25734
7290000043944,false,כד יוגורט תנובה 4% שומן 1.5 ליטר,מיוצר עי קונדיטוריית,IL,יוגורט כדים תנובה 1.,ליטרים,1.50,ליטר,false,,17.30,11.5333,true,1,25735
7290000044712,false,יוגורט עם תות 1.5% שומן 500 ג' פרילי,מיוצר עי קונדיטוריית,IL,פרילי תות 1.5% 500מל,מיליליטרים,500.00,"100 מ""ל",false,,10.90,0.0218,true,1,25739
7290000044880,false,באדי יוגורט תות 3% שומן 500 ג' תנובה,מיוצר עי קונדיטוריית,IL,באדי תות 3% 500מל,מיליליטרים,500.00,"100 מ""ל",false,,9.50,0.0190,true,1,25741
7290000045573,false,גבינת מותכת משולשים 25% שומן 200 ג' נעמה,תנובה,IL,נעמה גבינת מותכת 25%,גרמים,200.00,100 גרם,false,,14.90,0.0745,true,1,25743
7290000045580,false,"גבינת מותכת נעמה חורש 25%, 240 ג'",תנובה מרכז שיתופי לש,IL,נעמה גבינת מותכת 25%,גרמים,240.00,100 גרם,false,,17.90,0.0746,true,1,25744
7290000045771,false,יוגורט תנובה כד 3 ליטר 4%,מחלבת אלון תבור,IL,יוגורט כדים תנובה 3,ליטרים,3.00,ליטר,false,,29.90,9.9667,true,1,25745
7290000045917,false,קולאז עיזים פרומעז גליל 200 גרם,תנובה,IL,תנובה גבינת פרומעז 2,גרמים,200.00,100 גרם,false,,24.90,0.1245,true,1,25746
7290000046020,false,גלבוע פיקוח 22%,תנובה מרכז שיתופי לש,,גלבוע 22% במשקל,קילוגרמים,1.00,"ק""ג",true,,42.58,42.5800,true,1,25625
7290000046327,false,"גבינת גלבוע פרוס 22%, 200 ג' תנובה",תנובה מרכז שיתופי לש,IL,גלבוע גבינה פרוסה 22,גרמים,200.00,100 גרם,false,,12.60,0.0630,true,1,25747
7290000046563,false,גבע פרמזן תנובה במשק,תנובה מרכז שיתופי לש,,גבע פרמזן תנובה במשק,קילוגרמים,1.00,"ק""ג",true,,109.00,109.0000,true,1,25632
7290000046662,false,סקנדינבית חריץ מעדני,תנובה מרכז שיתופי לש,,סקנדינבית חריץ מעדני,קילוגרמים,1.00,"ק""ג",true,,76.00,76.0000,true,1,25633
7290000047027,false,גבינה גלעד קצקאבל27%,תנובה מרכז שיתופי לש,,קשקבל גלעד במשקל,קילוגרמים,1.00,"ק""ג",true,,120.00,120.0000,true,1,25634
7290000047034,false,רוקפור גליל במשקל,תנובה מרכז שיתופי לש,,רוקפור גליל במשקל,קילוגרמים,1.00,"ק""ג",true,,120.00,120.0000,true,1,25635
7290000047485,false,בולגרית פיראוס 24% ב,תנובה מרכז שיתופי לש,,בולגרית פיראוס 24% ב,קילוגרמים,1.00,"ק""ג",true,,59.00,59.0000,true,1,25637
7290000047546,false,כנען גבינה לבנה 5% 500 גרם ללא מלח,תנובה,IL,שף לבן כנען 5% 500ג,גרמים,500.00,100 גרם,false,,25.10,0.0502,true,1,25748
7290000047730,false,סלמון פילה מעושן מצו,,,סלמון פילה מעושן מצו,קילוגרמים,1.00,"ק""ג",true,,189.00,189.0000,true,1,16498
7290000047942,false,גבינה לבנה 5% 250 גר בדצ,,,תנובה גבינה לבנה 9%,גרמים,250.00,100 גרם,false,,5.00,0.0200,true,1,25750
7290000048185,false,גבינה לבנה 5% שומן 250 ג' תנובה,מיוצר עי קונדיטוריית,IL,גבינה לבנה רכה 5% תנ,גרמים,250.00,100 גרם,false,,4.98,0.0199,true,1,25751
7290000048192,false,גבינה לבנה 9% שומן 250 ג' תנובה,מחלבת אלון תבור,IL,גבינה לבנה רכה 9% בד,גרמים,250.00,100 גרם,false,,5.00,0.0200,true,1,25752
7290000048207,false,פילה הרינג בסגנון מט,,,פילה הרינג בסגנון מט,קילוגרמים,1.00,"ק""ג",true,,70.00,70.0000,true,1,17622
7290000048307,false,גבינת קוטג 5% עם זיתים 250ירוקים גרם,מיוצר עי קונדיטוריית,IL,קוטג תנובה עם זיתים,גרמים,250.00,100 גרם,false,,5.70,0.0228,true,1,25753
7290000048413,false,גבינה חמד %16 שקית 250 ג' פיראוס,תנובה מרכז שיתופי לש,IL,פיראוס חמד 16% 250ג,גרמים,250.00,100 גרם,false,,18.90,0.0756,true,1,25754
7290000048437,false,גבינה צפתית 5% 200 ג' פיראוס,פארייפאבה אגרואינדוס,IL,פיראוס צפתית 5% 200,גרמים,200.00,100 גרם,false,,14.90,0.0745,true,1,25755
7290000048444,false,פיראוס חמד 16% 1 קג,,,פיראוס חמד 16% 1 קג,קילוגרמים,1.00,"ק""ג",false,,51.90,51.9000,true,1,25756
7290000050447,false,יוגורט תות 500 ג' יופלה,מיוצר עי קונדיטוריית,IL,יופלהYYY תות 3% 500מ,מיליליטרים,500.00,"100 מ""ל",false,,12.95,0.0259,true,1,25762
7290000050454,false,יוגורט אפרסק 500 ג' יופלה,מיוצר עי קונדיטוריית,IL,יופלהYYY אפרסק 3% 50,מיליליטרים,500.00,"100 מ""ל",false,,12.95,0.0259,true,1,25763
7290000051307,false,מארז הפסקת אוכל עם דגני עוגי ומשקה חלב עמיד בטעם וניל,"תנובה, מחלבת טנא נוג",IL,חלב תנובה הפ.אוכל עו,מיליליטרים,150.00,"100 מ""ל",false,,9.90,0.0660,true,1,25768
7290000051376,false,יופלה דיאט אננס ספורטיבי 0% 150גר,תנובה בעמ,IL,יופלה דיאט אננס ספור,מיליליטרים,150.00,"100 מ""ל",false,,5.10,0.0340,true,1,25770
7290000051710,false,לאבנה 9% עם שמן זית וזעתר 263 ג' פיראוס,"תנובה, מחלבת אלון תב",IL,פיראוס לאבנה עם שמן,גרמים,263.00,100 גרם,false,,13.90,0.0529,true,1,25772
7290000052311,false,עמק פרוס בקופסא 200 גר 15% שומן,תנובה,IL,עמק מהדרין 15% 200 ג,גרמים,200.00,100 גרם,false,,16.90,0.0845,true,1,25777
7290000052717,false,קוטג' 5%עם שום שמיר 250 ג' תנובה,מיוצר עי קונדיטוריית,IL,קוטג תנובה עם שום שמ,גרמים,250.00,100 גרם,false,,5.70,0.0228,true,1,25781
7290000053219,false,טל העמק 32% במשקל,תנובה מרכז שיתופי לש,,טל העמק 32% במשקל,קילוגרמים,1.00,"ק""ג",true,,61.00,61.0000,true,1,25640
7290000053981,false,"מאגדת יופלה תות+אפרסק בד""צ 150X4 גרם",,IL,מאגדת יופלה תות ואפר,קילוגרמים,1.20,"ק""ג",false,,25.90,21.5833,true,1,25785
7290000055329,false,משקה יוגורט יופלה בטעם תות-מלון 250 גר,תנובה בעמ,IL,יופלה משקה יוגורט תו,מיליליטרים,250.00,"100 מ""ל",false,,5.50,0.0220,true,1,25793
7290000055336,false,משקה יוגורט יופלה בטעם בננה אפרסק 250 גר,תנובה בעמ,IL,יופלה משקה יוגורט בנ,מיליליטרים,250.00,"100 מ""ל",false,,5.50,0.0220,true,1,25794
7290000055343,false,משקה יוגורט יופלה בטעם טרופי 250 גר,תנובה בעמ,IL,יופלה משקה יוגורט טר,מיליליטרים,250.00,"100 מ""ל",false,,5.50,0.0220,true,1,25795
7290000055350,false,גבינה צהובה חריץ עמק 28% במשקל,תנובה מרכז שיתופי לש,,עמק קלאסית 28% במשקל,קילוגרמים,1.00,"ק""ג",true,,44.79,44.7900,true,1,25642
7290000055893,false,חמאה משמנת מפוסטרת 200ג' כ.מהדרין,תנובה,IL,חמאה מהדרין תנובה 20,גרמים,200.00,100 גרם,false,,8.20,0.0410,true,1,25801
7290000056081,false,מאגדת פרילי טבע 6 יח' * 200 ג',מיוצר עי קונדיטוריית,IL,"פרילי טבע 6*200 מ""ל",קילוגרמים,1.20,"ק""ג",false,,22.90,19.0833,true,1,25803
7290000056883,false,יופלה מאגדת פרי 3% 8 יח' * 150 ג',תנובה בעמ,IL,יופלה טעמים משתנים 3,קילוגרמים,1.20,"ק""ג",false,,31.90,26.5833,true,1,25810
7290000056890,false,דיאט יופלה שמינייה טעמים שונים,מיוצר עי קונדיטוריית,IL,יופלה דיאט טעמים שונ,קילוגרמים,1.20,"ק""ג",false,,31.90,26.5833,true,1,25811
7290000056906,false,מאגדת לבן טבעי 1.5% שומן 8 יח' * 150 ג' יופלה,מחלבת אלון תבור,IL,יופלה לבן 1.5% 8*150,ליטרים,1.20,ליטר,false,,18.50,15.4167,true,1,25812
7290000056951,false,שמנת לבישול 15% 500 מל עמיד השף הלבן,תנובה,IL,שף לבן שמנת לבישול +,מיליליטרים,500.00,"100 מ""ל",false,,16.60,0.0332,true,1,25814
7290000057088,false,עמק פרוס דק דק 200 גרם 28%,פ.פ.ח. שאביט,IL,עמק דק דק 28% 200גר,גרמים,200.00,100 גרם,false,,16.90,0.0845,true,1,25817
7290000057118,false,עמק סמי מעדנייה כשרות מהדרין,תנובה מרכז שיתופי לש,IL,עמק סמי 28% 400 גר,גרמים,400.00,100 גרם,false,,21.90,0.0547,true,1,25818
7290000057132,false,יוגורט תנובה טבעי 1.5% גביע 200 גרם,מחלבת אלון תבור,IL,תנובה יוגורט טבעי 1.,מיליליטרים,200.00,"100 מ""ל",false,,3.50,0.0175,true,1,25819
7290000057149,false,יוגורט תנובה טבעי 3% גביע 200 גרם,מיוצר עי קונדיטוריית,IL,תנובה יוגורט טבעי 3%,גרמים,200.00,100 גרם,false,,3.50,0.0175,true,1,25820
7290000057552,false,יופלה דיאט עוגת גבינה ותות 0% גביע 150ג',תנובה בעמ,IL,יופלה דיאט ע.גבינה ו,מיליליטרים,150.00,"100 מ""ל",false,,5.10,0.0340,true,1,25823
7290000058030,false,"יופלה שטוזים משקה יוגורט תות 8 יח' * 100 מ""ל",מיוצר עי קונדיטוריית,IL,יופלה שטוזים משקה יו,מיליליטרים,800.00,"100 מ""ל",false,,21.90,0.0274,true,1,25825
7290000058047,false,"שמנת להקצפה 38% שומן 500 מ""ל תנובה",תנובה,IL,שף לבן שמנת מתוקה מה,מיליליטרים,500.00,"100 מ""ל",false,,12.94,0.0259,true,1,25826
7290000058979,false,גיל בטעם תות 3% שומן 125 ג' תנובה,,IL,"גיל בטעם תות בד""צ 3%",גרמים,125.00,100 גרם,false,,1.60,0.0128,true,1,25832
7290000060071,false,אוסם - חטיפי פריכונים מאורז מלא קלוי 80גר,"מיוצר ע""י PT, משווק",IL,חטיפי פריכונים מאורז,גרמים,80.00,100 גרם,false,,7.90,0.0988,true,1,18418
7290000060088,false,בייגלה מקלות מלוחים 400 ג' אסם,מיוצר עי קונדיטוריית,IL,בייגלה אסם מקלות מלו,גרמים,400.00,100 גרם,false,,9.90,0.0248,true,1,18419
7290000060163,false,אטריות דקות 400 ג' אסם,"אסם השקעות בע""מ",IL,אטריות דקות אסם 400,גרמים,400.00,100 גרם,false,,6.90,0.0173,true,1,18422
7290000060200,false,אוסם - פתיתים אפויים קוסקוס 500 גרם,"אסם השקעות בע""מ",IL,פתיתים אפויים קוסקוס,גרמים,500.00,100 גרם,false,,6.90,0.0138,true,1,18423
7290000060217,false,פסטה מקרוני 7 500 ג' אסם,פסטה זארה,IT,פסטה מקרוני אסם 500,גרמים,500.00,100 גרם,false,,5.90,0.0118,true,1,18424
7290000060248,false,פסטה אסם פתיתים תלתלים 500 גר',פסטה זארה,IL,פסטה תלתלים אסם 500,גרמים,500.00,100 גרם,false,,5.90,0.0118,true,1,18425
7290000060330,false,פסטה ספירלי פרפקטו 500 ג' אסם,פסטה זארה,IL,פסטה ספירלי פרפקטו 5,גרמים,500.00,100 גרם,false,,6.90,0.0138,true,1,18429
7290000060415,false,פסטה פרפקטו לזאניה אסם 500ג',פסטה לנסי,IL,לזאניה פרפקטו 500 ג,גרמים,500.00,100 גרם,false,,12.90,0.0258,true,1,18432
7290000060781,false,פסטה מסולסלים (57) 500 גרם,פסטה זארה,IT,פסטה מסולסלים אסם 50,גרמים,500.00,100 גרם,false,,5.90,0.0118,true,1,18439
7290000060842,false,פסטה צדפים גדולים (56) 500 גרם,פסטה זארה,IT,פסטה צדפים גדולים אס,גרמים,500.00,100 גרם,false,,5.90,0.0118,true,1,18441
7290000060880,false,פסטה מס' 8 ספגטי אסם 500ג',פסטה זארה,IT,ספגטי אסם 500 גרם,גרמים,500.00,100 גרם,false,,5.90,0.0118,true,1,18444
7290000060903,false,אוסם - פתיתים אפויים אורז 500 גרם,"אסם השקעות בע""מ",IL,פתיתים אפויים אורז א,גרמים,500.00,100 גרם,false,,6.90,0.0138,true,1,18445
7290000060958,false,אטריות בינוניות 400 ג' אסם,"אסם השקעות בע""מ",IL,אטריות בינוניות אסם,גרמים,400.00,100 גרם,false,,6.90,0.0173,true,1,18447
7290000060965,false,אטריות רחבות 400 ג' אסם,"אסם השקעות בע""מ",IL,אטריות רחבות אסם 400,גרמים,400.00,100 גרם,false,,6.90,0.0173,true,1,18448
7290000061025,false,בולגרית המושבה 5% במ,,,בולגרית המושבה 5% במ,קילוגרמים,1.00,"ק""ג",true,,50.00,50.0000,true,1,14798
7290000061056,false,צפתית פרח המושבה 5%,,,צפתית פרח המושבה 5%,קילוגרמים,1.00,"ק""ג",true,,48.00,48.0000,true,1,14799
7290000061061,false,אסם קרקר בצל 250גרם,"אסם השקעות בע""מ",IL,אסם קרקר בצל 250גרם,גרמים,250.00,100 גרם,false,,9.90,0.0396,true,1,18450
7290000061070,false,צפתית קשה המושבה במש,,,צפתית קשה המושבה במש,קילוגרמים,1.00,"ק""ג",true,,75.00,75.0000,true,1,14801
7290000061085,false,"רוטב צילי מתוק 290 מ""ל-בקבוק","אסם השקעות בע""מ",IL,אסם רוטב צ'ילי מתוק,מיליליטרים,290.00,"100 מ""ל",false,,9.90,0.0341,true,1,18451
7290000061108,false,"רוטב טריאקי 290 מ""ל-בקבוק","אסם השקעות בע""מ",IL,רוטב טריאקי אסם 290,מיליליטרים,290.00,"100 מ""ל",false,,9.90,0.0341,true,1,18452
7290000061214,false,פתיתים אפויים קוסקוס עם בצל אסם 500 גר',"אסם השקעות בע""מ",IL,פתיתים קוסקוס בצל אס,גרמים,500.00,100 גרם,false,,6.90,0.0138,true,1,18453
7290000061278,false,גבינת שמנת טבעית המו,,,גבינת שמנת טבעית המו,קילוגרמים,1.00,"ק""ג",true,,42.00,42.0000,true,1,14803
7290000061285,false,טבורג המושבה 10% במש,,,טבורג המושבה 10% במש,קילוגרמים,1.00,"ק""ג",true,,37.00,37.0000,true,1,14804
7290000061315,false,לאבנה טבעי המושבה 5%,,,לאבנה טבעי המושבה 5%,קילוגרמים,1.00,"ק""ג",true,,40.00,40.0000,true,1,14805
7290000061360,false,צפתית קצח המושבה 5%,,,צפתית קצח המושבה 5%,קילוגרמים,1.00,"ק""ג",true,,54.00,54.0000,true,1,14806
7290000061407,false,כדורי מוצרלה במים המ,,,כדורי מוצרלה במים המ,קילוגרמים,1.00,"ק""ג",true,,85.00,85.0000,true,1,14809
7290000061450,false,פתיתים אפויים קוסקוס צבעוני אסם 500 גר',"אסם השקעות בע""מ",IL,פתיתים קוסקוס 3 צבעי,גרמים,500.00,100 גרם,false,,6.90,0.0138,true,1,18456
7290000061764,false,נסקפה רד מאג טעם חדש 200ג',נסטלה ספרד,ES,נס קפה רד מאג טעם חד,גרמים,200.00,100 גרם,false,,19.90,0.0995,true,1,18457
7290000063102,false,קמח עוגה אסם תופח מאליו 350ג',"אסם השקעות בע""מ",IL,קמח תופח קטן אסם 350,גרמים,350.00,100 גרם,false,,4.90,0.0140,true,1,18466
7290000063140,false,שקדי מרק רכיבים טבעיים בשקית 400 ג' אסם,"אסם השקעות בע""מ",IL,שקדי מרק רכיבים טבעי,גרמים,400.00,100 גרם,false,,10.90,0.0273,true,1,18468
7290000063157,false,"קמח עוגה תופח מאליו 1 ק""ג","אסם השקעות בע""מ",IL,קמח עוגה תופח מאליו,קילוגרמים,1.00,"ק""ג",false,,7.90,7.9000,true,1,18469
7290000064758,false,קוסקוס בינוני אמיתי אסם 350 ג',"מיוצר ע""י קוד יצרן K",IL,קוסקוס אמיתי אסם 350,גרמים,350.00,100 גרם,false,,7.90,0.0226,true,1,18479
7290000064871,false,"אוסם - מנה חמה פירה תפו""א עם בצל 56 גרם","אסם השקעות בע""מ",IL,"מנה חמה פירה תפו""א ו",גרמים,56.00,100 גרם,false,,5.90,0.1054,true,1,18480
7290000065090,false,מיני קרוטונים למרק ולסלט 400 ג' אסם,עינת תעשיות,IL,מיני קרוטונים למרק ו,גרמים,400.00,100 גרם,false,,20.90,0.0522,true,1,18481
7290000065557,false,אוסם - מנה חמה קוסקוס עם ירקות 84 גרם,"אסם תעשיות מזון בע""מ",IL,מנה חמה קוסקוס וירקו,גרמים,84.00,100 גרם,false,,5.90,0.0702,true,1,18485
7290000066134,false,ביסלי בטעם פלאפל 70 גרם,"אסם השקעות בע""מ",IL,ביסלי פלאפל 70גרם,גרמים,70.00,100 גרם,false,,3.90,0.0557,true,1,18492
7290000066141,false,ביסלי בטעם גריל 70 גרם,"אסם השקעות בע""מ",IL,ביסלי גריל 70 גר'.,גרמים,70.00,100 גרם,false,,3.90,0.0557,true,1,18493
7290000066172,false,ביסלי בטעם פיצה 70 גרם,"אסם השקעות בע""מ",IL,ביסלי פיצה 70גרם,גרמים,70.00,100 גרם,false,,3.90,0.0557,true,1,18496
7290000066189,false,ביסלי גדול בטעם פלאפל 200 ג' אסם,"אסם השקעות בע""מ",IL,ביסלי גדול פלאפל 200,גרמים,200.00,100 גרם,false,,6.90,0.0345,true,1,18497
7290000066196,false,ביסלי גדול בטעם גריל 200 ג' אסם,מיוצר עי קונדיטוריית,IL,ביסלי גריל 200גרם,גרמים,200.00,100 גרם,false,,6.90,0.0345,true,1,18498
7290000066226,false,ביסלי בטעם פיצה 200 ג' אסם,מיוצר עי קונדיטוריית,IL,ביסלי טעם פיצה 200גר,גרמים,200.00,100 גרם,false,,6.90,0.0345,true,1,18501
7290000066264,false,אוסם - חטיף דובונים 40 גרם,"אסם השקעות בע""מ",IL,דובונים 40גרם,גרמים,40.00,100 גרם,false,,4.50,0.1125,true,1,18502
7290000066295,false,אסם במבה תות מחומרים טבעיים 30גר,מיוצר עי קונדיטוריית,IL,במבה מתוקה מחומרים ט,גרמים,30.00,100 גרם,false,,2.90,0.0967,true,1,18503
7290000066318,false,במבה קלאסי 80 גרם,"אסם השקעות בע""מ",IL,במבה קלאסי 80 גרם,גרמים,80.00,100 גרם,false,,4.50,0.0563,true,1,18505
7290000066332,false,אפרופו חטיף אסם 50ג',מיוצר עי קונדיטוריית,IL,אפרופו 50 גרם,גרמים,50.00,100 גרם,false,,5.00,0.1000,true,1,18506
7290000066349,false,אפרופו גדול אסם 100ג',מיוצר עי קונדיטוריית,IL,אפרופו 100גרם,גרמים,100.00,100 גרם,false,,8.90,0.0890,true,1,18507
7290000066431,false,פופקו חטיף תירס בטעם חמאה ודבש 80 גרם,מיוצר עי קונדיטוריית,IL,פופקו חמאה ודבש 80גר,גרמים,80.00,100 גרם,false,,4.90,0.0613,true,1,18508
7290000067544,false,פירורית זהב 200 ג' אוסם,עינת תעשיות,IL,אסם פירורית פירורי ל,גרמים,200.00,100 גרם,false,,6.50,0.0325,true,1,18517
7290000067599,false,אוסם - מנה חמה ספגטי רוטב בולנז 65 גרם,"אסם השקעות בע""מ",IL,מנה חמה ספגטי בולונז,גרמים,65.00,100 גרם,false,,5.90,0.0908,true,1,18521
7290000068138,false,פודינג אינסטנט וניל 80 ג' אסם,מיוצר עי קונדיטוריית,IL,אסם פודינג אינסטנט ו,גרמים,80.00,100 גרם,false,,5.50,0.0688,true,1,18527
7290000068206,false,ג'לי משמש אסם צבע טבעי 85 ג',מיוצר עי קונדיטוריית,IL,אסם ג'לי משמש צבעים,גרמים,85.00,100 גרם,false,,5.90,0.0694,true,1,18532
7290000068343,false,אוסם - פירכונים מאורז מלא 140 גרם,"מיוצר ע""י PT, משווק",IL,פריכונים מאורז מלא א,גרמים,140.00,100 גרם,false,,6.90,0.0493,true,1,18537
7290000068394,false,קממבר בקר גלגל גד 25,,,קממבר בקר גלגל גד 25,קילוגרמים,1.00,"ק""ג",true,,104.00,104.0000,true,1,14603
7290000068770,false,במבה יום הולדת 80 גרם,"אסם השקעות בע""מ",IL,במבה יום הולדת 80גרם,גרמים,80.00,100 גרם,false,,4.50,0.0563,true,1,18539
7290000068787,false,במבה יום הולדת 25 גרם,מיוצר עי קונדיטוריית,IL,במבה יום הולדת 25גרם,גרמים,25.00,100 גרם,false,,2.50,0.1000,true,1,18540
7290000069364,false,פריכונים עגולים אורז דל נתרן אסם 140 גרם,"מיוצר ע""י PT, משווק",IL,פריכונים מאורז מלא ל,גרמים,140.00,100 גרם,false,,6.90,0.0493,true,1,18545
7290000070322,false,אבקת מרק פטריות רכיבים טבעיים אוסם 400 ג',"אסם השקעות בע""מ",IL,אבקת מרק פטריות רכיב,גרמים,400.00,100 גרם,false,,19.90,0.0497,true,1,18556
7290000070353,false,אבקת מרק בצל רכיבים טבעיים 400 ג' אסם,"אסם השקעות בע""מ",IL,אבקת מרק בצל רכיבים,גרמים,400.00,100 גרם,false,,19.90,0.0497,true,1,18557
7290000070919,false,בייגלה רשתות מלח 400 ג' אסם,מיוצר עי קונדיטוריית,IL,בייגלה אסם רשתות מלח,גרמים,400.00,100 גרם,false,,11.90,0.0298,true,1,18565
7290000071008,false,אוסם - בייגלה שטוחים מלח 60 גרם,"אסם השקעות בע""מ",IL,בייגלה אסם שטוחים מל,גרמים,60.00,100 גרם,false,,3.50,0.0583,true,1,18566
7290000072241,false,"רוטב פיצה 290 מ""ל-בקבוק","אסם השקעות בע""מ",IL,אסם רוטב פיצה 290מל,מיליליטרים,290.00,"100 מ""ל",false,,9.90,0.0341,true,1,18571
7290000072623,false,קטשופ אסם בקבוק לחיץ 750 גרם,"אסם השקעות בע""מ",IL,אסם קטשופ בקבוק לחיץ,גרמים,750.00,100 גרם,false,,10.90,0.0145,true,1,18573
7290000072630,false,קטשופ אסם חריף 750 גרם-בקבוק,"אסם השקעות בע""מ",IL,אסם קטשופ חריף 750 ג,גרמים,750.00,100 גרם,false,,11.90,0.0159,true,1,18574
7290000072753,false,קפה טייסטר צ'ויס קפה מגורען 200ג',לוטה נסטלה קוריאה,IL,נס קפה טייסטרס צ'ויס,גרמים,200.00,100 גרם,false,,29.90,0.1495,true,1,18576
7290000072968,false,דגנים סיני מיניס מלחמת הכוכבים 500 גרם,סי. פי. פולין,PL,סיני מיניס דגני נסטל,יחידה,500.00,יחידה,false,,24.90,0.0498,true,1,18584
7290000073125,false,אוסם - מנה חמה פסטה עם עגבניות 62 גרם,"אסם השקעות בע""מ",IL,מנה חמה פסטה עם עגבנ,גרמים,62.00,100 גרם,false,,5.90,0.0952,true,1,18585
7290000073415,false,אוסם - מנה חמה פסטה ברוטב פיצה 61 גרם,"אסם השקעות בע""מ",IL,מנה חמה פסטה ברוטב פ,גרמים,61.00,100 גרם,false,,5.90,0.0967,true,1,18586
7290000073699,false,סלט חומוס צבר 150 גר,סלטי צבר,IL,צבר חומוס חלק 150ג,גרמים,150.00,100 גרם,false,,5.50,0.0367,true,1,19641
7290000073750,false,מנה חמה נודלס אטר+ירקות טעם עוף 70 גרם,,,מנה חמה נודלס בטעם ע,גרמים,70.00,100 גרם,false,,5.90,0.0843,true,1,18588
7290000073767,false,מנה חמה נודלס אטר.+ירקות טעם בקר 70 גרם,,,מנה חמה נודלס בטעם ב,גרמים,70.00,100 גרם,false,,5.90,0.0843,true,1,18589
7290000073774,false,מנה חמה נודלס אטר+ירקות טעם צילי 70 גרם,,,מנה חמה נודלס בטעם פ,גרמים,70.00,100 גרם,false,,5.90,0.0843,true,1,18590
7290000074153,false,ביסקוויט פתיבר שוקו,מיוצר עי קונדיטוריית,IL,אסם פתי בר שוקו 500ג,גרמים,500.00,100 גרם,false,,13.90,0.0278,true,1,18594
7290000074184,false,אוסם - פתי בר בינוני 500 גרם,"אסם השקעות בע""מ",IL,אסם פתי בר 500גרם.,גרמים,500.00,100 גרם,false,,10.90,0.0218,true,1,18596
7290000074245,false,אוסם - קרם קרקר אסם 250 גרם,"אסם השקעות בע""מ",IL,אסם קרם קרקר 250גרם,גרמים,250.00,100 גרם,false,,8.90,0.0356,true,1,18597
7290000074252,false,אסם קרקר שומשום 250 גרם,"אסם השקעות בע""מ",IL,אסם קרקר שומשום 250ג,גרמים,250.00,100 גרם,false,,9.90,0.0396,true,1,18598
7290000074276,false,קרקר פיקנטי טבעון 250 ג' אסם,"אסם השקעות בע""מ",IL,טבעון קרקר פיקנטי 25,גרמים,250.00,100 גרם,false,,9.90,0.0396,true,1,18599
7290000074375,false,אוסם - קרקר זהב 150 גרם,"אסם השקעות בע""מ",IL,אסם קרקר זהב 150גרם,גרמים,150.00,100 גרם,false,,7.50,0.0500,true,1,18602
7290000074481,false,לחמית אגוזים אסם 160 ג',"אסם השקעות בע""מ",IL,לחמית אגוזים 160גרם,גרמים,160.00,100 גרם,false,,9.90,0.0619,true,1,18604
7290000074696,false,"קרם קרקר 1 ק""ג אוסם","אסם השקעות בע""מ",IL,אסם קרם קרקר 1קג,קילוגרמים,1.00,"ק""ג",false,,22.90,22.9000,true,1,18606
7290000074764,false,קרקר זהב אסם 900 גרם,,,קרקר זהב אסם 900 גרם,גרמים,900.00,100 גרם,false,,22.90,0.0254,true,1,18610
7290000075204,false,אוסם - לחמית חיטה מלאה 250 גרם,"אסם השקעות בע""מ",IL,לחמית חיטה מלאה 250ג,גרמים,250.00,100 גרם,false,,8.90,0.0356,true,1,18614
7290000075693,false,עוגת הבית שמרים בריוש שוקולד 360ג',מיוצר עי קונדיטוריית,IL,עוגת שמרים בריוש שוק,גרמים,360.00,100 גרם,false,,15.90,0.0442,true,1,18615
7290000076133,false,בייגלה שמיניות קטנות 400 גרם אסם,"אסם השקעות בע""מ",IL,בייגלה אסם שמיניות ק,גרמים,400.00,100 גרם,false,,9.90,0.0248,true,1,18617
7290000076645,false,אוסם - טוסטעים חיטה מלאה 100 גרם,ון דר מולן האלום,IL,טוסטעים חיטה מלאה אס,גרמים,100.00,100 גרם,false,,9.90,0.0990,true,1,18619
7290000077017,false,עוגיות קרמוגית וקרם שוקולד אסם 200 גרם,מיוצר עי קונדיטוריית,IL,אסם קרמוגית במילוי ש,גרמים,200.00,100 גרם,false,,10.90,0.0545,true,1,18621
7290000077253,false,אוסם - לחמית כפרית עם דגנים מלאים 190 גרם,"אסם השקעות בע""מ",IL,לחמית כפרית 190גרם,גרמים,190.00,100 גרם,false,,9.90,0.0521,true,1,18622
7290000078212,false,קרוטונים מתובלים 250 ג' אסם,עינת תעשיות,IL,קרוטונים מתובלים אסם,גרמים,250.00,100 גרם,false,,13.90,0.0556,true,1,18625
7290000078762,false,אוסם - חטיפי פריכונים מאורז מלא בטעם דבש 80גר,סנורייס בלגיום אן. ו,IL,חטיפי פריכונים אורז,גרמים,80.00,100 גרם,false,,7.90,0.0988,true,1,18627
7290000079344,false,גבינת מוצרלה נעם 22%,,,גבינת מוצרלה נעם 22%,קילוגרמים,1.00,"ק""ג",true,,80.00,80.0000,true,1,6288
7290000079412,false,אמנטל נעם מהדרין במש,,,אמנטל נעם מהדרין במש,קילוגרמים,1.00,"ק""ג",true,,61.00,61.0000,true,1,6289
7290000080758,false,אוסם - טוסטעים פת קלוי 100 גרם,ון דר מולן האלום,NL,טוסטעים פת קלוי אסם,גרמים,100.00,100 גרם,false,,9.90,0.0990,true,1,18630
7290000080765,false,טוסטעים פת קלויה עם שומשום 100 ג' אוסם,ון דר מולן האלום,NL,טוסטעים פת קלויה עם,גרמים,100.00,100 גרם,false,,9.90,0.0990,true,1,18631
7290000081663,false,בייגלה טבעות עם שומשום 300 גרם,מיוצר עי קונדיטוריית,IL,בייגלה אסם טבעות שומ,גרמים,300.00,100 גרם,false,,9.90,0.0330,true,1,18633
7290000084899,false,מב פטינה 20% וילי פ,,,פטינה 20% וילי פוד,קילוגרמים,1.00,"ק""ג",true,,19.00,19.0000,true,1,2762
7290000085066,false,בולגרית קוביות 5%גד,,,בולגרית קוביות 5%גד,קילוגרמים,1.00,"ק""ג",true,,64.00,64.0000,true,1,14611
7290000085180,false,גטניו פתי בר וניל 470 גרם,"אחים גטניו בע""מ",,גטניו - פתיבר וניל 4,גרמים,470.00,100 גרם,false,,9.90,0.0211,true,1,41229
7290000089045,false,הולנדי במשקל,,,הולנדי במשקל,קילוגרמים,1.00,"ק""ג",true,,41.90,41.9000,true,1,18246
7290000089199,false,חריפה במשקל,,,חריפה במשקל,קילוגרמים,1.00,"ק""ג",true,,41.90,41.9000,true,1,18248
7290000089272,false,איקרה שמיר מע.,,,איקרה שמיר מע.,קילוגרמים,1.00,"ק""ג",true,,49.00,49.0000,true,1,17638
7290000089274,false,נקניק מעושן מעדנייה,,,נקניק מעושן מעדנייה,קילוגרמים,1.00,"ק""ג",true,,41.90,41.9000,true,1,18250
7290000095408,false,נעם 28% חריץ מעדניה,,,נעם 28% חריץ מעדניה,קילוגרמים,1.00,"ק""ג",true,,44.79,44.7900,true,1,6293
7290000095415,false,נעם 9% חריץ מעדניה-,,,נעם 9% חריץ מעדניה-,קילוגרמים,1.00,"ק""ג",true,,75.00,75.0000,true,1,6294
7290000095422,false,גבינת נועם 22% חריץ,,,גבינת נועם 22% חריץ,קילוגרמים,1.00,"ק""ג",true,,42.58,42.5800,true,1,6295
7290000100081,false,לחמניה קשר/קלועה,,,לחמניה קשר/קלועה,יח',1.00,יח',false,,2.90,2.9000,true,1,34002
7290000100615,false,5 יח' חליות לחמניו,,,5 יח' חליות לחמניו,יח',1.00,יח',false,,11.90,11.9000,true,1,2507
7290000101934,false,מיקס פירות יער מוקפאות 300 ג' סנפרוסט,"סנפרוסט בע""מ",IL,מיקס פירות יער 300 ג,גרמים,300.00,100 גרם,false,,12.90,0.0430,true,1,25462
7290000101941,false,אננס חתוך מוקפא סנפרוסט 300ג',"סנפרוסט בע""מ",IL,אננס מוקפא 300 גרם,גרמים,300.00,100 גרם,false,,12.90,0.0430,true,1,201793
7290000101958,false,מנגו חתוך מוקפא סנפרוסט 300ג',"סנפרוסט בע""מ",IL,מנגו מוקפא 300 גרם,גרמים,300.00,100 גרם,false,,12.90,0.0430,true,1,25463
7290000103365,false,מרק ירקות 550 ג' סנפרוסט,"איי, בי, אינבוו",IL,סנפרוסט מרק ירקות 50,גרמים,500.00,100 גרם,false,,16.90,0.0338,true,1,25468
7290000103433,false,לקט ירקות סנפרוסט לתנור 800 גר,"איי, בי, אינבוו",IL,לקט ירקות לתנור 800,גרמים,800.00,100 גרם,false,,21.90,0.0274,true,1,25473
7290000103839,false,מרק כתום קפוא 570 ג' סנפרוסט,"סנפרוסט בע""מ",IL,סנפרוסט מרק כתום קפו,גרמים,572.00,100 גרם,false,,16.90,0.0295,true,1,25498
7290000103860,false,מרק עדשים קפוא 570 ג' סנפרוסט,"איי, בי, אינבוו",IL,סנפרוסט מרק עדשים קפ,גרמים,572.00,100 גרם,false,,17.50,0.0306,true,1,25500
7290000103877,false,מרק שעועית קפוא 640 ג' סנפרוסט,"סנפרוסט בע""מ",IL,סנפרוסט מרק שעועית ק,גרמים,644.00,100 גרם,false,,17.50,0.0272,true,1,25501
7290000104072,false,עדשים ירוקות מבושלות מוקפאות 800 ג' סנפרוסט,"איי, בי, אינבוו",IL,סנפרוסט עדשים ירוקות,גרמים,800.00,100 גרם,false,,17.90,0.0224,true,1,25504
7290000104201,false,אפונה עדינה 600 גר סנפרוסט,"איי, בי, אינבוו",IL,אפונה עדינה סנפרוסט,גרמים,600.00,100 גרם,false,,16.90,0.0282,true,1,25506
7290000104218,false,במיה 600 גר סנפרוסט,"איי, בי, אינבוו",IL,סנפרוסט במיה 600גר,גרמים,600.00,100 גרם,false,,15.90,0.0265,true,1,25507
7290000104676,false,אפונה קפואה סנפרוסט 800 גרם,"איי, בי, אינבוו",IL,אפונת גינה סנפרוסט 8,גרמים,800.00,100 גרם,false,,14.90,0.0186,true,1,25510
7290000104683,false,שעועית ירוקה שלמה 800 גר סנפרוסט,"סנפרוסט בע""מ",IL,שעועית שלמה סנפרוסט,גרמים,800.00,100 גרם,false,,19.90,0.0249,true,1,25511
7290000104690,false,תירס גרעינים 800 גרם סנפרוסט,"איי, בי, אינבוו",IL,תירס גרעינים 800גר,גרמים,800.00,100 גרם,false,,16.90,0.0211,true,1,25512
7290000104713,false,פול ירוק 800 גר סנפרוסט,"איי, בי, אינבוו",IL,פול ירוק 800גר,גרמים,800.00,100 גרם,false,,20.90,0.0261,true,1,25514
7290000104720,false,שעועית ירוקה חתוכה 800גר סנפרוסט,"סנפרוסט בע""מ",IL,שעועית ירוקה חתוכה ס,גרמים,800.00,100 גרם,false,,16.90,0.0211,true,1,25515
7290000104737,false,שעועית צהובה חתוכה סנפרוסט 800גר,"סנפרוסט בע""מ",IL,שעועית צהובה חתוכה ס,גרמים,800.00,100 גרם,false,,16.90,0.0211,true,1,25516
7290000104744,false,כרובית 800 גר סנפרוסט,"סנפרוסט בע""מ",IL,כרובית 800גר,גרמים,800.00,100 גרם,false,,23.90,0.0299,true,1,25517
7290000104775,false,מדליוני תרד 800 גר סנפרוסט,"איי, בי, אינבוו",IL,תרד מדליונים 800גר,גרמים,800.00,100 גרם,false,,21.90,0.0274,true,1,25520
7290000104799,false,שעועית לבנה מבושלת סנפרוסט 800גר,"איי, בי, אינבוו",IL,שעועית לבנה מבושלת 8,גרמים,800.00,100 גרם,false,,14.90,0.0186,true,1,25521
7290000104805,false,גרגירי חומוס קפוא 800 ג' סנפרוסט,"איי, בי, אינבוו",IL,גרגירי חומוס קפוא 80,גרמים,800.00,100 גרם,false,,14.90,0.0186,true,1,25522
7290000104829,false,"קלחוני תירס 1 ק""ג סנפרוסט","סנפרוסט בע""מ",IL,"קלחוני תירס 1 ק""ג",קילוגרמים,1.00,"ק""ג",false,,19.90,19.9000,true,1,25523
7290000104836,false,שעועית עדינה שלמה 600 גר סנפרוסט,"סנפרוסט בע""מ",IL,שעועית עדינה שלמה סנ,גרמים,600.00,100 גרם,false,,21.90,0.0365,true,1,25524
7290000104881,false,אפונה וגזר קפוא סנפרוסט 800ג',"איי, בי, אינבוו",IL,אפונה וגזר 800 גרם ס,גרמים,800.00,100 גרם,false,,14.90,0.0186,true,1,25527
7290000105183,false,צלי כתף מס' 5 חלק,,,צלי כתף מס' 5 חלק,קילוגרמים,1.00,"ק""ג",true,,99.90,99.9000,true,1,46841
7290000105220,false,שריר בשר מס' 8 מחפוד,,,שריר בשר מס' 8 מחפוד,קילוגרמים,1.00,"ק""ג",true,,63.90,63.9000,true,1,46845
7290000105312,false,שריר הזרוע מס` 8 K מ,,,שריר הזרוע מס` 8 K מ,קילוגרמים,1.00,"ק""ג",true,,59.90,59.9000,true,1,46850
7290000106526,false,חגיגה ירוקה להקפצה סנפרוסט 800 גר,"איי, בי, אינבוו",IL,סנפרוסט חגיגה ירוקה,גרמים,800.00,100 גרם,false,,19.90,0.0249,true,1,25534
7290000107165,false,פולי סויה אדממה סנפרוסט 400 ג',"איי, בי, אינבוו",IL,פולי סויה אדממה קפוא,גרמים,400.00,100 גרם,false,,13.90,0.0348,true,1,25536
7290000107189,false,תחתיות ארטישוק 400 גרם סנפרוסט,"איי, בי, אינבוו",IL,תחתיות ארטישוק 400גר,גרמים,400.00,100 גרם,false,,19.90,0.0497,true,1,25537
7290000107295,false,תפרחות ברוקולי סנפרוסט 800 ג',"איי, בי, אינבוו",IL,תפרחות ברוקולי 800ג,גרמים,800.00,100 גרם,false,,24.90,0.0311,true,1,25538
7290000111186,false,מיונז תלמה 500 גרם-צנצנת,יוניליוור ישראל מזון,IL,מיונז אמיתי תלמה 500,גרמים,500.00,100 גרם,false,,9.90,0.0198,true,1,10095
7290000111353,false,"מיונז אמיתי תלמה 1 ק""ג",יוניליוור ישראל מזון,IL,"מיונז 1 ק""ג",קילוגרמים,1.00,"ק""ג",false,,16.90,16.9000,true,1,10097
7290000112220,false,בארכה טחינה 100% שומשום 500 גרם,רושדי תעשיות מזון בע,IL,בארכה טחינה 100% שומ,גרמים,500.00,100 גרם,false,,13.90,0.0278,true,1,18634
7290000112237,false,בארכה טחינה 100% שומשום 6*1000גרם,רושדי תעשיות מזון בע,IL,בארכה טחינה 100% שומ,קילוגרמים,1.00,"ק""ג",false,,22.90,22.9000,true,1,18635
7290000112619,false,מרק עוף לתיבול והעשרה קנור 400 ג',יוניליוור ישראל מזון,IL,מרק עוף אמיתי לתיבול,גרמים,400.00,100 גרם,false,,14.90,0.0373,true,1,10104
7290000121109,false,"גבינת מון בלאן זיתים, 120 ג'",האי נאם סי או אל.טי.,IL,מון בלאן זיתים 7% 12,גרמים,120.00,100 גרם,false,,11.90,0.0992,true,1,16787
7290000122607,false,עמק לייט 9% חריץ כשר,,,עמק לייט 9% חריץ כשר,קילוגרמים,1.00,"ק""ג",true,,75.00,75.0000,true,1,25653
7290000133117,false,בולגרית מעודנת השומר,,,בולגרית מעודנת השומר,קילוגרמים,1.00,"ק""ג",true,,39.90,39.9000,true,1,14753
7290000133148,false,צפתית רכה5% שומרון מ,,,צפתית רכה5% שומרון מ,קילוגרמים,1.00,"ק""ג",true,,49.00,49.0000,true,1,14755
7290000133645,false,אורביטול משחת שיניים סודה שלישיה* 145 ג',,IL,משחת שיניים אורביטול,גרמים,435.00,100 גרם,false,,16.90,0.0389,true,1,29672
7290000134550,false,טעם וריח עלי דפנה שק,תות ממתקי איכות,IL,טעם וריח עלי דפנה שק,גרמים,20.00,100 גרם,false,,4.10,0.2050,true,1,42388
7290000134826,false,תבלין זעתר מעורב 100 גר',תות ממתקי איכות,IL,תבלין זעתר טעם וריח,גרמים,100.00,100 גרם,false,,9.00,0.0900,true,1,42394
7290000134840,false,תבלין כורכום טחון 100 גר',תות ממתקי איכות,IL,טעם וריח ת.כורכום במ,גרמים,100.00,100 גרם,false,,9.00,0.0900,true,1,42396
7290000134871,false,תבלין פלפל שחור טחון 100 גר',תות ממתקי איכות,IL,טעם וריח ת. פלפל שחו,גרמים,100.00,100 גרם,false,,13.90,0.1390,true,1,42399
7290000135045,false,"XL TEN משקה אנרגיה פתוח ללא סוכר 250 מ""ל","טמפו משקאות בע""מ",IL,אקס אל TEN פחית תפוח,מיליליטרים,250.00,"100 מ""ל",false,,4.50,0.0180,true,1,9352
7290000135113,false,"משקה אנרגיה XL פחית ten נענע ליים 250 מ""ל",,PL,פחית XL TEN נענע ליי,מיליליטרים,250.00,"100 מ""ל",false,,4.50,0.0180,true,1,9354
7290000135465,false,"מי סודה טמפו 12 יח' * 500 מ""ל",,,מארז תריסר סודה טמפו,ליטרים,6.00,100 ליטר,false,,30.90,5.1500,true,1,148467
7290000135625,false,"רביעיית פחיות גולדסטאר 500 מ""ל",טמפו,IL,גולדסטאר פחיות 4*500,ליטרים,2.00,ליטר,false,,27.90,13.9500,true,1,148162
7290000136158,false,פפסי מקס 1.5 ליטר פיקדון,טמפו,IL,פפסי מקס 1.5 ליטר,ליטרים,1.50,ליטר,false,,7.90,5.2667,true,1,191014
7290000136165,false,מירינדה בקבוק 1.5 לי,טמפו,IL,מירינדה 1.5 ליטר,ליטרים,1.50,ליטר,false,,7.90,5.2667,true,1,190957
7290000136172,false,סבן אפ בקבוק 1.5 ליט,טמפו,IL,סבן אפ 1.5 ליטר,ליטרים,1.50,ליטר,false,,7.90,5.2667,true,1,190972
7290000136189,false,דיאט סבן אפ 1.5 ליטר FREE,,IL,סבן אפ דיאט 1.5 ליטר,ליטרים,1.50,ליטר,false,,7.90,5.2667,true,1,190943
7290000136455,false,משקה בטעם אשכוליות תריסר 1.5 ל' ג'אמפ,טמפו,IL,ג`אמפ אשכול 1.5 ליטר,ליטרים,1.50,ליטר,false,,7.90,5.2667,true,1,190741
7290000136516,false,משקה בטעם מנגו פסיפלורה תריסר 1.5 ל' ג'אמפ,טמפו,IL,ג`אמפ פסיפלורה 1.5 ל,ליטרים,1.50,ליטר,false,,7.90,5.2667,true,1,190726
7290000136523,false,משקה בטעם ענבים תריסר 1.5 ל' ג'אמפ,טמפו,IL,ג`אמפ ענבים 1.5 ליטר,ליטרים,1.50,ליטר,false,,7.90,5.2667,true,1,190742
7290000136561,false,משקה בטעם תות בננה תריסר 1.5 ל' ג'אמפ,טמפו,IL,ג`אמפ תות בננה 1.5 ל,ליטרים,1.50,ליטר,false,,7.90,5.2667,true,1,190743
7290000136585,false,משקה בטעם תפוזים תריסר 1.5 ל' ג'אמפ,טמפו,IL,ג`אמפ תפוז 1.5 ליטר,ליטרים,1.50,ליטר,false,,7.90,5.2667,true,1,190727
7290000136646,false,משקה מאלט תריסר 1.5 ל' נשר,טמפו,IL,נשר מאלט 1.5 ליטר,ליטרים,1.50,ליטר,false,,8.90,5.9333,true,1,190595
7290000136660,false,סודה טמפו 1.5 ליטר,טמפו,IL,טמפו סודה 1.5 ליטר,ליטרים,1.50,ליטר,false,,2.90,1.9333,true,1,190865
7290000136677,false,פפסי קולה פיקדון 1.5 ליטר,טמפו,IL,פפסי קולה 1.5 ליטר,ליטרים,1.50,ליטר,false,,7.90,5.2667,true,1,191000
7290000136684,false,פפסי מקס פיקדון 1.5 ליטר,טמפו,IL,פפסי מקס 1.5 ליטר,ליטרים,1.50,ליטר,false,,7.90,5.2667,true,1,191015
7290000136752,false,סבן אפ דיאט מארז שישייה 1.5 ל' FREE,"טמפו משקאות בע""מ",IL,סבן אפ דיאט 6*1.5 לי,ליטרים,9.00,ליטר,false,,37.90,4.2111,true,1,190930
7290000136776,false,שישיית פפסי מקס דל קלוריות 1.5 ליטר,טמפו,IL,פפסי מקס 6*1.5 ליטר,ליטרים,9.00,ליטר,false,,37.90,4.2111,true,1,191016
7290000136790,false,מארז סודה שישייה 1.5 ל' טמפו,טמפו,IL,טמפו סודה 6*1.5 ליטר,ליטרים,9.00,ליטר,false,,17.70,1.9667,true,1,190784
7290000136813,false,סודה בטעם אננס מארז רביעייה 1.5 ל' טמפו,,IL,טמפו סודה אננס 1.5 ל,ליטרים,6.00,ליטר,false,,11.50,1.9167,true,1,190800
7290000136820,false,סודה בטעם פירות יער מארז ריבעיה * 1.5 ל' טמפו,,IL,טמפו סודה פירות יער,ליטרים,6.00,ליטר,false,,11.50,1.9167,true,1,190828
7290000136837,false,סודה בנגיעות אפרסק רביעיה 1.5 ל' טמפו,,IL,טמפו סודה אפרסק 1.5,ליטרים,6.00,ליטר,false,,11.50,1.9167,true,1,190903
7290000136844,false,מים אקווה נובה 2 ליטר שישייה-,טמפו,IL,אקווה נובה 6*2 ליטר,ליטרים,12.00,ליטר,false,,11.90,0.9917,true,1,190646
7290000136851,false,סבן אפ פיקדון 1.5 ליטר,טמפו,IL,סבן אפ 1.5 ליטר,ליטרים,1.50,ליטר,false,,7.90,5.2667,true,1,190986
7290000136868,false,מארז מים שישיה *1.5ל' סאן בנדטו,טמפו,IL,מים סאן בנדטו 6* 1.5,ליטרים,9.00,ליטר,false,,17.70,1.9667,true,1,190660
7290000136875,false,מארז מים מינרלים מוגז 6* 1.5 ל' סאן בנדטו,טמפו,IL,סאן בנדטו מים מינרלי,ליטרים,9.00,ליטר,false,,17.90,1.9889,true,1,190769
7290000143286,false,"מרכך הוואי לשיער רגיל 700 מ""ל",שוורצקוף& הנקל דיסלד,IL,מרכך רגיל הוואי 700,מיליליטרים,700.00,"100 מ""ל",false,,9.90,0.0141,true,1,8073
7290000144467,false,שמן חמניות מועשר בנוגדי חמצון 1 ל' עץ הזית,"נארז ע""י : א.ג. גילר",GR,שמן חמניות בריאות מה,ליטרים,1.00,ליטר,false,,15.90,15.9000,true,1,29344
7290000144474,false,שמן עץ הזית קנולה 1 ליטר בריאות מהטבע,סקנולה,EE,שמן קנולה בריאות עץ,ליטרים,1.00,ליטר,false,,15.90,15.9000,true,1,29345
7290000146683,false,הוואי - סבון מוצק אפקט דאודורנט 100 גרם רביעייה,,,סבון מוצק אפקט דאודו,גרמים,400.00,100 גרם,false,,11.90,0.0298,true,1,8081
7290000146997,false,"טום וג'רי - משחת שיניים מסטיק 50 מ""ל",שוורצקוף& הנקל דיסלד,IL,משחת שיניים טום וגרי,מיליליטרים,50.00,"100 מ""ל",false,,6.90,0.1380,true,1,8086
7290000148380,false,פיסטוק קלוי שקית 200 גרם,"ג'י אנד ג'י בע""מ",IL,פיסטוק קלוי 200 גרם,גרמים,200.00,100 גרם,false,,21.50,0.1075,true,1,12735
7290000148618,false,קשיו מטוגן שקית קליית גת 200 גרם,"ג'י אנד ג'י בע""מ",IL,אגוז קשיו מטוגן 200,גרמים,200.00,100 גרם,false,,18.00,0.0900,true,1,12737
7290000149851,false,סינטבון סבון מארז 460X2ג',יבואן ומשווק: ש. שסט,IL,סינטבון כפול 460גר,גרמים,460.00,100 גרם,false,,10.90,0.0237,true,1,29682
7290000149905,false,טקסטיל שמפו לכביסה ביד 1 ליטר,מיוצר עי קונדיטוריית,IL,טקסטיל שמפו-1 ליטר נ,ליטרים,1.00,ליטר,false,,14.90,14.9000,true,1,29683
7290000150956,false,עוף טוב מקלוני קבנוס 160 ג',מוצרי עוף טוב (2001),IL,עוף טוב מקלוני קבנוס,גרמים,160.00,100 גרם,false,,11.90,0.0744,true,1,19651
7290000151885,false,נקניק הודו יחידה עוף טוב 700ג',,,נקניק הודו יחידה 700,גרמים,700.00,100 גרם,false,,14.90,0.0213,true,1,19663
7290000152288,false,עוף טוב נקניקיות עוף מיס לוסי 400 גרם,מוצרי עוף טוב (2001),IL,עוף טוב נקניקיות עוף,גרמים,400.00,100 גרם,false,,14.90,0.0373,true,1,19665
7290000153445,false,קציצות בקר מתובלות עוף טוב 500 ג',מולינו ניקולי s.p.a,IL,עוף טוב קציצות בקר מ,גרמים,500.00,100 גרם,false,,29.90,0.0598,true,1,19672
7290000153469,false,קציצות עוף קלאסיות עוף טוב 600 ג',מוצרי עוף טוב (2001),IL,עוף טוב קציצות עוף ק,גרמים,600.00,100 גרם,false,,29.90,0.0498,true,1,19673
7290000155524,false,"פסטרמה פולנית לק""ג",עוף טוב,,פולנית עוף טוב,קילוגרמים,1.00,"ק""ג",true,,82.00,82.0000,true,1,19610
7290000168173,false,ברנפלקס קרנצים 375 ג' תלמה,יוניליור ישראל מזון,IL,ברנפלקס קרנצים תלמה,גרמים,375.00,100 גרם,false,,20.90,0.0557,true,1,10251
7290000170053,false,שוקולד פרה חלב 100 גרם,"תופינית בע""מ",IL,שוקולד חלב פרה 100 ג,גרמים,100.00,100 גרם,false,,5.20,0.0520,true,1,22166
7290000174723,false,שוקולית אבקה להכנת משקה שוקו 500 גרם,הנסיך- מפעל לייצור ט,IL,שוקולית 500 גרם,גרמים,500.00,100 גרם,false,,12.90,0.0258,true,1,22174
7290000175760,false,מנציגו כבשים ויליפו,,,מנציגו כבשים ויליפו,קילוגרמים,1.00,"ק""ג",true,,96.00,96.0000,true,1,2765
7290000175777,false,איבריקו ויליפוד31%,,,איבריקו ויליפוד31%,קילוגרמים,1.00,"ק""ג",true,,96.00,96.0000,true,1,2766
7290000175906,false,גאודה עיזים ויליפוד,,,גאודה עיזים ויליפוד,קילוגרמים,1.00,"ק""ג",true,,109.00,109.0000,true,1,2767
7290000176079,false,קפה עלית טורקי עם הל 100 גרם,הנסיך- מפעל לייצור ט,IL,טורקי עלית קפה עם הל,גרמים,100.00,100 גרם,false,,8.90,0.0890,true,1,22177
7290000176116,false,"קפה טורקי עלית וואקום 1 ק""ג",הנסיך- מפעל לייצור ט,IL,טורקי עלית 1קג,קילוגרמים,1.00,"ק""ג",false,,77.90,77.9000,true,1,22179
7290000176413,false,קפה נמס עלית 50 גרם,הנסיך- מפעל לייצור ט,IL,עלית נמס 50 גר',גרמים,50.00,100 גרם,false,,8.90,0.1780,true,1,22182
7290000176420,false,קפה נמס אבקתי 200ג עלית,שטראוס קפה בי.וי,IL,קפה נמס עלית פחית 20,גרמים,200.00,100 גרם,false,,19.90,0.0995,true,1,22183
7290000178707,false,תפוציפס מלוח 50 גרם,"שטראוס פריטו ליי בע""",IL,תפוציפס טבעי 50 גרם,גרמים,50.00,100 גרם,false,,3.90,0.0780,true,1,24154
7290000178721,false,תפוציפס מלוח 200 גרם,"שטראוס פריטו ליי בע""",IL,תפוציפס טבעי 200 גרם,גרמים,200.00,100 גרם,false,,10.90,0.0545,true,1,24156
7290000186030,false,מארז רביעייה מגבוני בתחליב וויטמין E האגיס,עלבד,IL,האגיס בייבי ספא מגבו,יחידה,0.00,יחידה,false,,27.90,0.0000,true,1,8829
7290000186535,false,נייר טואלט טריו לבן 32 גלילים לילי,קימברלי קלארק ישראל,IL,לילי נייר טואלט טריו,מטרים,537.00,מטר,false,,44.90,0.0836,true,1,8835
7290000186931,false,ניקול כריות קרצוף חתוכות 12 יח',,,ניקול כריות קרצוף חת,יחידה,0.00,יחידה,false,,10.90,0.0000,true,1,8839
7290000187938,false,לילי - נייר טואולט נייר טואלט פסטל 32 יח',חוגלה קימברלי,,"נייר טואלט ""לילי"" פס",מטרים,588.00,מטר,false,,42.90,0.0730,true,1,8851
7290000187952,false,נייר טואלט טריו לילי פרימיום 32גליל,חוגלה קימברלי,,נייר טאולט לילי טריו,מטרים,537.00,מטר,false,,44.90,0.0836,true,1,8852
7290000188553,false,קוטקס - מגן תחתון סילק נורמל 60 יח',קימברלי קלארק,IL,מגן תחתון סילק נורמל,יחידה,0.00,יחידה,false,,17.90,0.0000,true,1,8863
7290000189079,false,"ניקול תבניות אינגליש חזקות ועבות מארז, 7 יח'",סין,CN,ניקול תבניות אינגליש,יחידה,0.00,יחידה,false,,10.90,0.0000,true,1,8870
7290000189116,false,ניקול תבניות אלומניום עגולות 5 יח',סין,CN,ניקול תבניות עגולות,יחידה,0.00,יחידה,false,,10.90,0.0000,true,1,8871
7290000189192,false,מגבת רב שימושית סופר ניקול 64 דף,קימברלי קלארק,CO,ניקול מטלית חכמה יומ,יח',64.00,יח',false,,18.90,0.2953,true,1,8872
7290000189260,false,ניקול תבניות מלבניות 5 יח',בראבו,,ניקול תבניות מלבניות,יחידה,0.00,יחידה,false,,10.90,0.0000,true,1,8877
7290000189482,false,ניקול תבנית אפייה מקרטון מרובעת 4יח',"דוקארט בעמ, קיבוץ כפ",IL,ניקול תבנית אפייה מק,יחידה,0.00,יחידה,false,,10.90,0.0000,true,1,8881
7290000189550,false,זוג אשפתון ניקול ענק מתכלה 10 יח,אשפלסט,IL,אשפתון זוג ענק 20,יחידה,0.00,יחידה,false,,25.90,0.0000,true,1,8885
7290000189598,false,מטליות לחות חד פעמיות לניקוי כללי 50 יח' ניקול,עלבד משואות יצחק בעמ,IL,מטליות לחות חד פעמיו,יחידה,0.00,יחידה,false,,10.90,0.0000,true,1,8886
7290000189871,false,ניקול שקיות אשפה L עם שרוך 55 יח',אשפלסט,IL,אשפתון 55 שקיות,יחידה,0.00,יחידה,false,,19.90,0.0000,true,1,8895
7290000191225,false,האגיס - רך נולד מידה 2 מוקטן 44 יח',קימברלי קלארק שיווק,IL,האגיס רך נולד מידה 2,יחידה,0.00,יחידה,false,,32.90,0.0000,true,1,8913
7290000191539,false,ממחטות טישו לילי צבעוני חמישיה,,,לילי צבעוני חמישיה-9,יחידה,0.00,יחידה,false,,14.90,0.0000,true,1,8916
7290000191966,false,מגבוני טואלט לח סנסטיב לילי 40יח',עלבד משואות יצחק בעמ,IL,לילי נייר טואלט לח נ,יחידה,0.00,יחידה,false,,8.90,0.0000,true,1,8925
7290000192581,false,מגבת נייר גליל כפול ניקול 12=6 גליל,,IL,מגבת כפולה ניקול 6=1,מטרים,129.70,מטר,false,,21.90,0.1689,true,1,8926
7290000193014,false,פדיות אינטרלוד מגיני יום לילי 50יח',Ontex,,מגן תחתון אינטרלוד ל,יחידה,0.00,יחידה,false,,9.90,0.0000,true,1,8927
7290000193205,false,לילי תחבושות נטורל לילה 20 יח',Ontex,IL,תחבושות אולטרה לילה,יחידה,0.00,יחידה,false,,15.90,0.0000,true,1,8932
7290000193472,false,לילי מגני תחתון נטורל נורמל 60 יח',Ontex,,מגן תחתון נטורל נורמ,יחידה,0.00,יחידה,false,,15.90,0.0000,true,1,8934
7290000193656,false,לילי תחבושות נטורל אולטרה סופר פלוס 24 יח',Ontex,IL,תחבושות נטורל אולטרה,יחידה,0.00,יחידה,false,,15.90,0.0000,true,1,8939
7290000194208,false,כרעיים עוף חלק רב מח,,,כרעיים עוף חלק רב מח,קילוגרמים,1.00,"ק""ג",true,,33.90,33.9000,true,1,46867
7290000194239,false,מחפוד-חזה עוף קפוא מ,,,מחפוד-חזה עוף קפוא מ,קילוגרמים,1.00,"ק""ג",true,,33.90,33.9000,true,1,46868
7290000194253,false,כנפיים עוף קפוא ארוז,,,כנפיים עוף קפוא ארוז,קילוגרמים,1.00,"ק""ג",true,,13.90,13.9000,true,1,51491
7290000194837,false,ניקול - שקיות מזון + ידיות קשירה אקסטרה לארג' 200 יח',סין,CN,ניקול שקיות מזון עם,יחידה,0.00,יחידה,false,,12.90,0.0000,true,1,8951
7290000195537,false,האגיס - מגבוני האגיס דיילי קר לא מבושם 64 יח' * 4,ווטנפס בעמ,IL,מגבוני האגיס דיילי ק,יחידה,0.00,יחידה,false,,20.90,0.0000,true,1,8964
7290000195773,false,האגיס - מגבוני האגיס סנסטיב קר לא מבושם 64 יח' * 4,חוגלה קימברלי,,מגבוני האגיס סנסטיב,יחידה,0.00,יחידה,false,,20.90,0.0000,true,1,8968
7290000197029,false,ניקול שקיות ניילון ריצרץ לאחסון 12יח',קילת,,ניקול שקיות ניילון ר,יחידה,0.00,יחידה,false,,13.40,0.0000,true,1,8978
7290000197326,false,רדיד אלומניום ניקול זוגי 30X7.5מ',אופל,IL,ניקול רדיד אלומיניום,מטרים,15.00,מטר,false,,11.90,0.7933,true,1,8988
7290000197432,false,שקיות אוכל סנדביצ'ון ניקול מארז 150X2יח',אשלפסט תעשיות בעמ,IL,ניקול שקיות אוכל זוג,יחידה,0.00,יחידה,false,,13.90,0.0000,true,1,8993
7290000197470,false,מקפיאון שקיות הקפאה מתכלות ניקול 250יח',אשלפסט תעשיות בעמ,IL,"ניקול שקיות רב""ש 250",יחידה,0.00,יחידה,false,,14.90,0.0000,true,1,8996
7290000197548,false,האגיס פרידום דריי שלב 5 38 יחידות,קימברלי קלארק ישראל,IL,האגיס פרידום דריי של,יחידה,0.00,יחידה,false,,45.90,0.0000,true,1,8999
7290000197654,false,ניקול אשפתון שקיות אשפה ענקיות 45 יח',אשפלסט,IL,אשפתון שקיות אשפה ענ,יחידה,0.00,יחידה,false,,22.90,0.0000,true,1,9000
7290000197678,false,האגיס פרידום דריי שלב 6 34 יחידות,קימברלי קלארק ישראל,IL,האגיס פרידום דריי ש,יחידה,0.00,יחידה,false,,45.90,0.0000,true,1,9001
7290000197753,false,ניילון נצמד אנטי בטקריאלי ניקול 30X2מ',GTC,,ניקול ניילונית זוג,מטרים,60.00,מטר,false,,11.90,0.1983,true,1,9003
7290000197883,false,ניקול תבניות אלומיניום 4יח',ארץ ייצור: סין,CN,ניקול תבניות אלומיני,יחידה,0.00,יחידה,false,,9.90,0.0000,true,1,9006
7290000197951,false,ניקול תבנית אלומיניום ענק 3 יח',פאלאס,,ניקול תבנית אלומיניו,יחידה,0.00,יחידה,false,,9.90,0.0000,true,1,9007
7290000197982,false,רדיד אלומיניום עבה 45 ניקול 7.5 מ' זוגי,אופל,IL,ניקול רדיד אלומיניום,מטרים,15.00,מטר,false,,23.90,1.5933,true,1,9008
7290000197999,false,רדיד אלומיניום עבה ניקול זוגי 30X7.5מ',אופל,IL,ניקול רדיד אלומיניום,מטרים,15.00,מטר,false,,16.90,1.1267,true,1,9009
7290000199313,false,קוטקס - תחבושות יאנג 30 יח',KC Turkey,IL,תחבושות קוטקס יאנג 2,יחידה,0.00,יחידה,false,,18.90,0.0000,true,1,9011
7290000201856,false,טיטולים פרימיום שלב 4+ 40 יח' (10-16),,IL,טיטולים פרימיום שלב,יחידה,0.00,יחידה,false,,33.90,0.0000,true,1,9021
7290000201863,false,טיטולים פרימיום שלב 5 34 יח',חוגלה קימברלי,IL,טיטולים פרימיום שלב,יחידה,0.00,יחידה,false,,33.90,0.0000,true,1,9022
7290000204215,false,ניקול כריות יפניות 6 יח',פלסטופוליש,IL,ניקול כריות יפניות 6,יחידה,0.00,יחידה,false,,10.90,0.0000,true,1,9042
7290000204253,false,מטליות ניקול רב שימושיות 9יח',נועם אורים-קיבוץ אור,IL,מטלית רב שימושית תשע,יחידה,0.00,יחידה,false,,9.90,0.0000,true,1,9044
7290000204512,false,מטליות לחות לרצפה בניחוח לימון 10 יח' ניקול,עלבד משואות יצחק בעמ,IL,מטליות לחות לרצפה בר,יחידה,0.00,יחידה,false,,10.90,0.0000,true,1,9046
7290000207063,false,רוטב עגבניות פריכוז 28% 260 ג' יכין,היינץ צפון אמריקה מק,IL,רוטב עגבניות פריכוז,גרמים,240.00,100 גרם,false,,3.90,0.0162,true,1,8616
7290000207162,false,רוטב עגבניות מרכיב טבעי 100 ג' יכין,"זנלכל בע""מ",IL,רוטב עגבניות 100 גרם,גרמים,100.00,100 גרם,false,,2.50,0.0250,true,1,8619
7290000207438,false,עגבניות 2.5 A קוביות 850 גרם יכין,"זנלכל בע""מ",IL,עגבניות לקוביות יכין,גרמים,800.00,100 גרם,false,,9.90,0.0124,true,1,8620
7290000208022,false,עגבניות מרוסקות פריכוז 800 ג' יכין,"זנלכל בע""מ",IL,עגבניות מרוסקות יכין,גרמים,800.00,100 גרם,false,,9.90,0.0124,true,1,8623
7290000208114,false,"אפונה וגזר יכין A2 פ""ק בית יוסף","זנלכל בע""מ",IL,אפונת גינה וגזר יכין,גרמים,330.00,100 גרם,false,,8.90,0.0270,true,1,8628
7290000208138,false,סירופ דיאט ענבים יכין 1 ליטר,"זנלכל בע""מ",IL,סירופ דייאט ענבים יכ,ליטרים,1.00,ליטר,false,,16.90,16.9000,true,1,8630
7290000208145,false,גרעיני תירס מתוק לייט 550 גרם יכין,"זנלכל בע""מ",IL,גרעיני תירס לייט יכי,גרמים,335.00,100 גרם,false,,9.90,0.0296,true,1,8631
7290000208213,false,שעועית לבנה אפויה A2 ברוטב עגבניות יכין 560ג',היינץ צפון אמריקה מק,IL,שעועית לבנה ברוטב עג,גרמים,355.00,100 גרם,false,,8.90,0.0251,true,1,8633
7290000208220,false,"שעועית צ'לי יכין פ""ק A2 בית יוסף",היינץ צפון אמריקה מק,IL,שעועית צילי חריף יכי,גרמים,355.00,100 גרם,false,,9.90,0.0279,true,1,8634
7290000208244,false,"בסיס לשקשוקה יכין A2 פ""ק בית יוסף","זנלכל בע""מ",IL,A2 בסיס עגבניות לשקש,גרמים,570.00,100 גרם,false,,10.90,0.0191,true,1,8635
7290000208312,false,גרעיני תירס מתוק בואקום יכין 400 גר',"זנלכל בע""מ",IL,גרעיני תירס מתוק יכי,גרמים,400.00,100 גרם,false,,6.90,0.0173,true,1,8638
7290000208329,false,גרעיני תירס מתוק 550 גרם יכין,"זנלכל בע""מ",IL,גרעיני תירס מתוק יכי,גרמים,335.00,100 גרם,false,,8.90,0.0266,true,1,8639
7290000208336,false,רסק יכין 240גר 22% יכין בית יוסף,"זנלכל בע""מ",IL,רוטב עגבניות יכין 24,גרמים,240.00,100 גרם,false,,4.50,0.0188,true,1,8640
7290000208343,false,עגבניות מרוסקות שום יכין A2.5 בית יוסף,היינץ צפון אמריקה מק,IL,עגבניות מרוסקות שום,גרמים,800.00,100 גרם,false,,9.90,0.0124,true,1,8641
7290000208350,false,עגבניות מרוסקות בצל 850 גר יכין A 2.5,,IL,עגבניות מרוסקות עם ב,גרמים,800.00,100 גרם,false,,9.90,0.0124,true,1,8642
7290000208367,false,עגבניות מרוסקות בתוספת בזיליקום 800 ג' יכין,,,עגבניות מרוסקות בזיל,גרמים,800.00,100 גרם,false,,9.90,0.0124,true,1,8643
7290000208404,false,פול A2 בית יוסף יכין,"זנלכל בע""מ",IL,פול מצרי יכין 550 גר,גרמים,350.00,100 גרם,false,,8.90,0.0254,true,1,8644
7290000208428,false,חומוס יכין שלם 550 גר A/2,"זנלכל בע""מ",IL,חומוס שלם יכין 550 ג,גרמים,290.00,100 גרם,false,,8.90,0.0307,true,1,8645
7290000208480,false,גרעיני תירס מתוק בטעם חמאה 550 גרם יכין,,,גרעיני תירס בטעם חמא,גרמים,335.00,100 גרם,false,,9.90,0.0296,true,1,8648
7290000208534,false,גרעיני תירס מתוק לילדים 550 גרם יכין,"זנלכל בע""מ",IL,גרעיני תירס קיד מתוק,גרמים,335.00,100 גרם,false,,9.90,0.0296,true,1,8650
7290000208800,false,גרעיני תירס מתוק לילדים 400 גרם יכין,,,תירס קיד מתוק יכין 4,גרמים,400.00,100 גרם,false,,6.90,0.0173,true,1,8652
7290000208893,false,גרעיני תירס מתוק לייט 400 גרם יכין,היינץ צפון אמריקה מק,IL,תירס לייט יכין 400 ג,גרמים,400.00,100 גרם,false,,6.90,0.0173,true,1,8654
7290000208947,false,עגבניות מרוסקות 260 גרם יכין,היינץ צפון אמריקה מק,IL,עגבניות מרוסקות יכין,יחידה,260.00,יחידה,false,,5.50,0.0212,true,1,8656
7290000208978,false,פריכוז 100 גרם יכין בית יוסף,היינץ צפון אמריקה מק,IL,רוטב עגבניות פריכוז,גרמים,100.00,100 גרם,false,,2.90,0.0290,true,1,8657
7290000209012,false,חומץ הדרים 5% יכין 1,"זנלכל בע""מ",IL,חומץ הדרים 5% יכין 1,ליטרים,1.00,ליטר,false,,5.90,5.9000,true,1,8659
7290000209043,false,מיץ לימון משומר 1 ל' יכין,היינץ צפון אמריקה מק,IL,מיץ לימון משומר יכין,ליטרים,1.00,ליטר,false,,4.90,4.9000,true,1,8660
7290000209371,false,שלישיית תירס יכין 165 גר OZ 6,היינץ צפון אמריקה מק,IL,תירס שלישיה יכין 3*1,גרמים,495.00,100 גרם,false,,14.90,0.0301,true,1,8669
7290000209388,false,תירס גרגרים לייט וואקום מארז 60X3ג',,,תירס לייט שלישיה יכי,גרמים,420.00,100 גרם,false,,14.90,0.0355,true,1,8670
7290000209531,false,סירופ דיאט אשכוליות 1ל,,,סירופ דייאט אשכוליות,ליטרים,1.00,ליטר,false,,16.90,16.9000,true,1,8674
7290000209579,false,סירופ דיאט אננס 1 ל' יכין,"זנלכל בע""מ",IL,סירופ דייאט אננס יכי,ליטרים,1.00,ליטר,false,,16.90,16.9000,true,1,8677
7290000209722,false,רסק עגבניות פריכוז 28% 600 ג' יכין,"זנלכל בע""מ",IL,רוטב עגבניות מרוכז מ,גרמים,580.00,100 גרם,false,,9.90,0.0171,true,1,8681
7290000209944,false,רוטב לעגבניות בסיס לשקשוקה 240 ג' יכין,"זנלכל בע""מ",IL,רוטב לעגבניות לשקשוק,גרמים,260.00,100 גרם,false,,5.50,0.0212,true,1,8684
7290000209951,false,רוטב עגבניות לפיצה 260 גרם יכין,"זנלכל בע""מ",IL,רוטב עגבניות לפיצה י,מיליליטרים,260.00,"100 מ""ל",false,,5.50,0.0212,true,1,8685
7290000210469,false,עגבניות שלמות יכין A2.5 בית יוסף,,,עגבניות שלמות יכין 8,גרמים,800.00,100 גרם,false,,9.90,0.0124,true,1,8687
7290000211169,false,"אורז תאילנדי אחד אחד סוגת 1 ק""ג",האי נאם סי או אל.טי.,IL,אורז תאילנדי 1 ק'ג,קילוגרמים,1.00,"ק""ג",false,,6.90,6.9000,true,1,17303
7290000211374,false,"קמח מלא סוגת 1 ק""ג",תחנות קמח דגן 2006 ב,IL,"קמח מלא סוגת 1 ק""ג",קילוגרמים,1.00,"ק""ג",false,,6.90,6.9000,true,1,17305
7290000211442,false,"אורז פרסי קלאסי סוגת 1 ק""ג",האי נאם סי או אל.טי.,IL,סוגת אורז פרסי קלאסי,קילוגרמים,1.00,"ק""ג",false,,10.90,10.9000,true,1,17307
7290000211503,false,סוכר לבן ארוז בשקית,"סוגת תעשיות בע""מ",IL,"סוכר סוגת לבן 1 ק""ג",קילוגרמים,1.00,"ק""ג",false,,4.50,4.5000,true,1,17308
7290000211626,false,"אורז חיש 1 ק""ג סוגת",סוגת,IL,"אורז חיש 1 ק""ג",קילוגרמים,1.00,"ק""ג",false,,9.90,9.9000,true,1,17309
7290000211985,false,"אורז ריזוטו עגול סוגת 1 ק""ג","סוגת תעשיות בע""מ",IL,סוגת אורז עגול 1קג,קילוגרמים,1.00,"ק""ג",false,,11.90,11.9000,true,1,17311
7290000212173,false,וופל טעם שוקולד מנעמים 500 ג',,,ופל שוקו מנעמים 500,גרמים,500.00,100 גרם,false,,9.90,0.0198,true,1,36052
7290000212579,false,וופלים מצופים טעם שוקו 40 יחידות,,,ופל מצופה שוקולד מנע,גרמים,800.00,100 גרם,false,,16.90,0.0211,true,1,36054
7290000212975,false,"ופל שוקו מנעמים 1 ק""",,,"ופל שוקו מנעמים 1 ק""",קילוגרמים,1.00,"ק""ג",false,,16.90,16.9000,true,1,36056
7290000225278,false,סיימן מסוג דנבלו 27%,,,סיימן מסוג דנבלו 27%,קילוגרמים,1.00,"ק""ג",true,,60.00,60.0000,true,1,16525
7290000226545,false,קפולסקי עוגת טורט היער השחור,קפולסקי,IL,עוגת טורט היער השחור,קילוגרמים,1.10,"ק""ג",false,,65.90,59.9091,true,1,39935
7290000226569,false,קפולסקי עוגת טורט קצפת שוקולד,קריניציה ויטמינה אס,IL,עוגת טורט קצפת שוקול,קילוגרמים,1.00,"ק""ג",false,,65.90,65.9000,true,1,39937
7290000226576,false,קפולסקי עוגת טורט מצופה שוקולד,קריניציה ויטמינה אס,IL,עוגת טורט מצופה שוקו,קילוגרמים,1.00,"ק""ג",false,,65.90,65.9000,true,1,39938
7290000238029,false,"בצק עלים צרפתי מרודד מעדנות 1ק""ג",מיוצר עי קונדיטוריית,IL,"בצק עלים 1ק""ג",קילוגרמים,1.00,"ק""ג",false,,17.90,17.9000,true,1,35615
7290000238036,false,מלווח עגול מעדנות 700 ג',מיוצר עי קונדיטוריית,IL,מעדנות מלווח 700גר,גרמים,700.00,100 גרם,false,,15.90,0.0227,true,1,35616
7290000238173,false,מעדנות בורקס גבינה 800גר,מיוצר עי קונדיטוריית,IL,בורקס גבינה מעדנות 8,גרמים,800.00,100 גרם,false,,19.90,0.0249,true,1,35617
7290000238180,false,בורקס תפוחי אדמה מעדנות 800ג',מיוצר עי קונדיטוריית,IL,"בורקס תפו""א 800גר",גרמים,800.00,100 גרם,false,,14.90,0.0186,true,1,35618
7290000243566,false,"שמן קנולה בריאות 750 מ""ל",סקנולה,EE,שמן קנולה בריאות עץ,מיליליטרים,750.00,"100 מ""ל",false,,11.90,0.0159,true,1,29351
7290000244082,false,סבון נוזלי הוואי שמיים כחולים 500 מל שלש,,,סבון נוזלי כחול עמוק,ליטרים,1.50,ליטר,false,,14.90,9.9333,true,1,8088
7290000245089,false,סוד סגול אלגנט 4 ל מרכך כביסה,"הנקל סוד בע""מ",IL,מרכך כביסה סוד סגול,ליטרים,4.00,ליטר,false,,16.90,4.2250,true,1,34882
7290000245294,false,"א.כ. פרסיל סופרא שקית 2.5 ק""ג","הנקל סוד בע""מ",IL,אבקת כביסה פרסיל 2.5,קילוגרמים,2.50,"ק""ג",false,,26.90,10.7600,true,1,34887
7290000245799,false,סוד כחול מרענן 4 ל מרכך כביסה,"הנקל סוד בע""מ",IL,מרכך כביסה סוד כחול,ליטרים,4.00,ליטר,false,,16.90,4.2250,true,1,34898
7290000254066,false,פילה אמנון 5-7 קפוא,,,פילה אמנון 5-7 קפוא,קילוגרמים,1.00,"ק""ג",true,,27.90,27.9000,true,1,312499
7290000262031,false,נייר טואלט מולט לב 32 גלילים,חוגלה קימברלי,IL,נייר טואלט מולט לב 3,מטרים,563.00,מטר,false,,32.90,0.0584,true,1,9050
7290000263359,false,האגיס - פיור נטורל שלב 1 ניו בורן 40 יח',קימברלי קלארק שיווק,IL,האגיס אקסטרא קייר של,יחידה,0.00,יחידה,false,,32.90,0.0000,true,1,9066
7290000267500,false,קליפות הדר מצופות בשוקולד 200 גרם,,,קליפות הדר בציפוי שו,גרמים,200.00,100 גרם,false,,10.90,0.0545,true,1,4607
7290000272467,false,סירופ עסיס דיאט פטל 1 ליטר,בית-השיטה עסיס תעשיו,IL,סירופ דיאט פטל עסיס,ליטרים,1.00,ליטר,false,,16.90,16.9000,true,1,18640
7290000272696,false,עסיס מיץ לימון טבעי משומר 1 ל' אסם,בית-השיטה עסיס תעשיו,IL,מיץ לימון משומר עסיס,ליטרים,1.00,ליטר,false,,9.50,9.5000,true,1,18641
7290000272726,false,חומץ טבעי 5% עסיס 1 ל' אסם,,,חומץ טבעי 5% עסיס 1,ליטרים,1.00,ליטר,false,,5.90,5.9000,true,1,18642
7290000286228,false,כרית קרצוף לכלים סנו סושי 6יח',סנו מפעלי ברונו בעמ,IL,סנו סושי שישיות כריו,יחידה,0.00,יחידה,false,,11.90,0.0000,true,1,29687
7290000286549,false,סנו סושי מטליות לניקוי כללי 9 יח',טרופיקל דגיל תעשיות,IL,סנו סושי מטליות לכל,יחידה,0.00,יחידה,false,,11.90,0.0000,true,1,29696
7290000286761,false,ניילון נצמד סנו סושי פלסטיק מארז 30X2 מ',מיוצר עי קונדיטוריית,CN,סנו סושי פלסטיק נצמד,מטרים,60.00,מטר,false,,11.90,0.1983,true,1,29700
7290000286824,false,פילה דג נסיכת הנילוס,,,פילה דג נסיכת הנילוס,קילוגרמים,1.00,"ק""ג",true,,39.90,39.9000,true,1,300886
7290000286891,false,סנו מגן קריסטל 1 ליטר,"סנו מפעלי ברונוס בע""",IL,סנו מגן קריסטל 1 לי,ליטרים,1.00,ליטר,false,,22.90,22.9000,true,1,29702
7290000287409,false,סנובון שלישיה תות 3 יח' *55 ג',סנו מפעלי ברונוס בעמ,IL,סנובון שלישיה תות 3*,גרמים,165.00,100 גרם,false,,11.90,0.0721,true,1,29712
7290000287430,false,סנובון צבעוני לאסלה בריח לימון שלישייה,סנו מפעלי ברונו בעמ,IL,סנובון שלישיה צבעוני,גרמים,165.00,100 גרם,false,,11.90,0.0721,true,1,29713
7290000287492,false,"סנו - סנובון נוזלי לימון 750 מ""ל","איי, בי, אינבוו",IL,סנובון נוזלי בניחוח,מיליליטרים,750.00,"100 מ""ל",false,,9.90,0.0132,true,1,29715
7290000287621,false,"מנקה אסלות סנו אנטי קאלק 750 מ""ל,",מיוצר עי קונדיטוריית,IL,סנו אנטי קאלק W.C מנ,מיליליטרים,750.00,"100 מ""ל",false,,11.90,0.0159,true,1,29718
7290000288017,false,ז'אוול אקונומיקה 1ל'-לימון,"סנו מפעלי ברונוס בע""",IL,סנו זאוול 1ליטר לימו,ליטרים,1.00,ליטר,false,,7.90,7.9000,true,1,29722
7290000288024,false,סנו - ז'אוול אקונומיקה בריח לימון 4 ליטר,"סנו מפעלי ברונוס בע""",IL,סנו ז'אוול בריח לימו,ליטרים,4.00,ליטר,false,,16.90,4.2250,true,1,29723
7290000288031,false,סנו אקונומיקה 4 ליטר תו תקן,"סנו מפעלי ברונוס בע""",IL,סנו אקנומיקה 4 ל,ליטרים,4.00,ליטר,false,,10.90,2.7250,true,1,29724
7290000288079,false,סנו - ז'אוול אקונומיקה לימון 2 ליטר,"סנו מפעלי ברונוס בע""",IL,סנו זאוול בריח לימון,ליטרים,2.00,ליטר,false,,11.90,5.9500,true,1,29726
7290000288086,false,"סנו ז'אוול אבקת ואקונומיקה לימון 600 מ""ל",מיוצר עי קונדיטוריית,IL,אבקת ניקוי ג'אוול לי,גרמים,600.00,100 גרם,false,,11.90,0.0198,true,1,29727
7290000288352,false,"סנו K-300 חרקים ונמלים 630מ""ל","סנו מפעלי ברונוס בע""",IL,K - 300,מיליליטרים,630.00,"100 מ""ל",false,,20.90,0.0332,true,1,29732
7290000288390,false,"סנו K-600 מעופפים 500מ""ל","סנו מפעלי ברונוס בע""",IL,K - 600,מיליליטרים,475.00,"100 מ""ל",false,,24.90,0.0524,true,1,29734
7290000288727,false,"אבקת כביסה מקסימה מאסק 1.25 ק""ג סנו",סנו,,סנו מקסימה מאסק 1.25,קילוגרמים,1.25,"ק""ג",false,,14.90,11.9200,true,1,29741
7290000289069,false,סנו - ז'אוול מרסס קצף ניקוי בתוספת אקונומיקה בריח לימון 1 ליטר,"סנו מפעלי ברונוס בע""",IL,סנו ג'אוול מרסס לימו,ליטרים,1.00,ליטר,false,,17.90,17.9000,true,1,29745
7290000289236,false,קוטל נמלים בבית ובחצר K3 פיתיון גל 10 גר,"סנו מפעלי ברונוס בע""",IL,סנו K300פיתיון ג'ל ק,יחידה,0.00,יחידה,false,,50.90,0.0000,true,1,52510
7290000289380,false,"סנו - ז'אוול לניקוי אסלות לימון 750 מ""ל",,IL,סנו ג'אוול לימון לני,מיליליטרים,750.00,"100 מ""ל",false,,11.90,0.0159,true,1,29746
7290000289472,false,סנו סושי שקיות 76*90 50 יח' XXL,מיוצר עי קונדיטוריית,IL,סנו סושי שקיות HD 76,יחידה,0.00,יחידה,false,,20.90,0.0000,true,1,29748
7290000289595,false,"אורביטול משחת שיניים לילדים בטעם תות שדה 145 מ""ל",טרופיקל דגיל תעשיות,IL,משחה לילדים טעם תות,מיליליטרים,145.00,"100 מ""ל",false,,7.90,0.0545,true,1,29751
7290000289885,false,"סנו פרש ענק אושן כחול 375 מ""ל",,,סנו פרש ענק אושן כחו,מיליליטרים,375.00,"100 מ""ל",false,,10.90,0.0291,true,1,29755
7290000289915,false,"סנו פרש ענק קוקו וניל צהוב 375 מ""ל",,,סנו פרש ענק קוקו וני,מיליליטרים,375.00,"100 מ""ל",false,,10.90,0.0291,true,1,29757
7290000291932,false,"סנובון לניקוי לבנדר 750מ""ל","איי, בי, אינבוו",IL,סנובון נוזלי בניחוח,מיליליטרים,750.00,"100 מ""ל",false,,9.90,0.0132,true,1,29759
7290000292687,false,סנובון לאסלה כחול אפרסק נתלה 55X3ג',מיוצר עי קונדיטוריית,IL,סנובון כחול שלישיה,גרמים,165.00,100 גרם,false,,16.90,0.1024,true,1,29771
7290000292915,false,"סנו רסס ונגב אקדח 750מ""ל","סנו מפעלי ברונוס בע""",IL,סנו רסס ונגב אקדח 75,מיליליטרים,750.00,"100 מ""ל",false,,12.90,0.0172,true,1,29773
7290000293073,false,מרכך כביסה מקסימה ביו לבן 4 ל' סנו,"סנו מפעלי ברונוס בע""",IL,מרכך כביסה סנו מקסימ,ליטרים,4.00,ליטר,false,,22.90,5.7250,true,1,29775
7290000293530,false,סנו סופג לחות מילוי,,,מילוי סופג לחות,מיליליטרים,340.00,"100 מ""ל",false,,12.90,0.0379,true,1,29778
7290000293820,false,"קרמה מן שמפו וג'ל גל רחצה אקטיב בלוק 700מ""ל",קוסמופארם בעמ,IL,שמפו וג'ל רחצה קרבון,מיליליטרים,700.00,"100 מ""ל",false,,18.90,0.0270,true,1,29780
7290000293943,false,סנו אנטי קאלק מסיר אבנית וחלודה 1ל',מיוצר עי קונדיטוריית,IL,סנו אנטי קאלק+מתז 1,ליטרים,1.00,ליטר,false,,19.90,19.9000,true,1,29783
7290000294780,false,סנו - ז'אוול אקונומיקה סמיכה מבושמת 4 ליטר,"סנו מפעלי ברונוס בע""",IL,סנו ז'אוול סמיכה 4 ל,ליטרים,4.00,ליטר,false,,16.90,4.2250,true,1,29789
7290000295121,false,מטליות זיגזג סנו סושי לניקוי רצפות 3יח',עופרטקס,,מטלית זיגזג 3יח,יחידה,0.00,יחידה,false,,11.90,0.0000,true,1,29790
7290000295299,false,סנו סושי כריות הפלא רב תכלתיות רביעייה,סנו מפעלי ברונו בעמ,IL,כריות יפניות סנו סוש,יחידה,0.00,יחידה,false,,11.90,0.0000,true,1,29791
7290000295367,false,סנו מקסימה אפקט ג'אוול 2.5 קג,הורביץ סחר,IL,אבקת כביסה סנו מקסימ,קילוגרמים,2.50,"ק""ג",false,,26.90,10.7600,true,1,29795
7290000295404,false,סנו סושי שקית אשפה חזקות 70*50 60 יח',מיוצר עי קונדיטוריית,IL,שקיות אשפה נשלפות סנ,יחידה,0.00,יחידה,false,,22.90,0.0000,true,1,29796
7290000295503,false,סנו סושי שקיות אוכל מתכלות זוג *150 יח',הורביץ סחר,CN,סנו סושי צמד שקיות א,יחידה,0.00,יחידה,false,,14.90,0.0000,true,1,29797
7290000295558,false,רדיד אלומיניום סנו סושי זוגי 30X7.5מ',מולינו ניקולי s.p.a,CN,צמד רדיד אלומיניום ק,מטרים,15.00,מטר,false,,11.90,0.7933,true,1,29799
7290000295565,false,רדיד אלומיניום סנו סושי זוגי 45X7.5מ',,,רדיד אלומיניום רחב ב,מטרים,15.00,מטר,false,,16.90,1.1267,true,1,29800
7290000295572,false,"סנו מנקה אסלות 00 זוג * 750 מ""ל",מיוצר עי קונדיטוריית,IL,מנקה אסלות 00 צמד,ליטרים,1.50,ליטר,false,,17.90,11.9333,true,1,29801
7290000295794,false,כרית מתכת סנו סושי אל חלד 3יח',,,ספוגיות אל חלד זוג,יחידה,0.00,יחידה,false,,12.90,0.0000,true,1,29804
7290000295824,false,רדיד אלומיניום סנו סושי 100X0.30מטר,מולינו ניקולי s.p.a,TR,סנו סושי רדיד אלומינ,מטרים,100.00,מטר,false,,56.90,0.5690,true,1,29805
7290000300884,false,סיימן גבינת צ'דר אנג,,,סיימן גבינת צ'דר אנג,קילוגרמים,1.00,"ק""ג",true,,130.00,130.0000,true,1,16549
7290000300900,false,שניצל תירס 750 גרם טבעול,טבעול,IL,שניצל תירס טבעול רכי,גרמים,750.00,100 גרם,false,,24.90,0.0332,true,1,19706
7290000302027,false,סיגריות טיים רד פקט,דובק,,טיים רד (פקט),יחידה,0.00,יחידה,false,,275.00,0.0000,false,1,4513
7290000302041,false,טיים 100 רד עשיריה,,,טיים 100 רד (פקט),יחידה,0.00,יחידה,false,,275.00,0.0000,false,1,61847
7290000305882,false,אס הרינג עם ירקות ברוטב עגבניות 120 גרם,סטארקיסט פודור בעמ,IL,אס דגים עם ירקות ברו,גרמים,120.00,100 גרם,false,,4.90,0.0408,true,1,26641
7290000313160,false,עוגיות חברים זהבה ו-3 הדובים שוקו' אסם 250 גר',היינץ צפון אמריקה מק,IL,חברים זהבה ושלושת הד,גרמים,250.00,100 גרם,false,,8.50,0.0340,true,1,18643
7290000318127,false,נקניקיות ביס 380 ג' יחיעם,פ.פ.ח. שאביט,IL,נקניקיות ביס 380 גרם,גרמים,380.00,100 גרם,false,,10.90,0.0287,true,1,15519
7290000318165,false,פסטרמה אמיתית צלויה,מעדני יחיעם,IL,פסט.צ.על גחלים יחיעם,קילוגרמים,1.00,"ק""ג",true,,75.00,75.0000,true,1,15488
7290000318677,false,סלמי סרוולט 150 ג' יחיעם,פ.פ.ח. שאביט,IL,סלמי סרוולט 150גר יח,גרמים,150.00,100 גרם,false,,22.90,0.1527,true,1,15528
7290000318806,false,סלמי סרוולט מעדנ.יחי,יושלם,,סלמי סרוולט מעדנ.יחי,קילוגרמים,1.00,"ק""ג",true,,140.00,140.0000,true,1,15497
7290000319124,false,סלמי סרוולד יחיעם 25,פ.פ.ח. שאביט,IL,סלמי סרוולט 250 גרם,גרמים,250.00,100 גרם,false,,34.90,0.1396,true,1,15538
7290000319520,false,סאלמי צרפתי יחיעם 10,פ.פ.ח. שאביט,IL,סאלמי צרפתי יחיעם 10,גרמים,100.00,100 גרם,false,,18.90,0.1890,true,1,15547
7290000319834,false,קבנוס פפרוני קלאסי 125 ג',תאי פרזידנט פוד פאבל,IL,יחיעם קבנוס פפרוני ק,גרמים,125.00,100 גרם,false,,10.90,0.0872,true,1,15555
7290000321750,false,"פילה אמנון 5-7 בד""צ",,,"פילה אמנון 5-7 בד""צ",קילוגרמים,1.00,"ק""ג",true,,29.90,29.9000,true,1,53927
7290000334684,false,טבעות בצל 700 גרם תפוגן,"תעשיות תפוגן בע""מ",IL,טבעות בצל 700 גרם,גרמים,700.00,100 גרם,false,,17.90,0.0256,true,1,19720
7290000334745,false,"אמריקאן צ'יפס תפוגן 1.5 ק""ג","תעשיות תפוגן בע""מ",IL,"אמריקאן ציפס 1.5 ק""ג",קילוגרמים,1.50,"ק""ג",false,,24.90,16.6000,true,1,19721
7290000345215,false,תה ויסוצקי קלאסיק 100/1 כחול מעודן,מולינו ניקולי s.p.a,IL,תה ויסוצקי קלאסיק 10,גרמים,100.00,100 גרם,false,,15.90,0.1590,true,1,24595
7290000345260,false,תה ויסוצקי 25 שקיקים 1.5 גרם,מולינו ניקולי s.p.a,IL,תה ויסוצקי קלאסיק 25,גרמים,37.50,100 גרם,false,,6.90,0.1840,true,1,24596
7290000345277,false,תה ויסוצקי קלאסיק 75 יחידות,מולינו ניקולי s.p.a,IL,תה ויסוצקי קלאסיק 1.,גרמים,75.00,100 גרם,false,,10.90,0.1453,true,1,24597
7290000345284,false,תה ויסוצקי קלאסיק טעם עשיר 100/1.5יח',מולינו ניקולי s.p.a,IL,תה ויסוצקי 1.5 קלאסי,גרמים,150.00,100 גרם,false,,15.90,0.1060,true,1,24598
7290000345291,false,תה ארל גריי 25 שקיקים ויסוצקי,ויסוצקי,IL,תה ארל גריי 1.5/25,גרמים,37.50,100 גרם,false,,15.90,0.4240,true,1,24599
7290000345307,false,תה ארל גריי 50 שקיקים ויסוצקי,מולינו ניקולי s.p.a,IL,תה ארל גריי 1.5/50,גרמים,75.00,100 גרם,false,,28.90,0.3853,true,1,24600
7290000346120,false,חליטת קסם הקינמון 25 שקיקים גן קסום,HIQ FOOD PRODUCTS,IL,תה קסם הקנמון 25 שקי,גרמים,62.50,100 גרם,false,,17.90,0.2864,true,1,24607
7290000346137,false,חליטת הילולי פירות 25 שקיקים גן קסום,HIQ FOOD PRODUCTS,IL,תה הילולי פירות 25 ש,גרמים,62.50,100 גרם,false,,17.90,0.2864,true,1,24608
7290000346199,false,חליטת פירות היער 25 שקיקים גן קסום,HIQ FOOD PRODUCTS,IL,תה פירות יער 25 שקיק,גרמים,67.50,100 גרם,false,,17.90,0.2652,true,1,24612
7290000346205,false,חליטת קמומיל 25 שקיקים הגן קסום,HIQ FOOD PRODUCTS,IL,תה קמומיל 25 שקיקים,גרמים,37.50,100 גרם,false,,17.90,0.4773,true,1,24613
7290000346960,false,תה ויסוצקי נענע 1.7 גרם 50יח',בית ויסוצקי,IL,תה נענע 50 שקיקים 1.,גרמים,75.00,100 גרם,false,,28.90,0.3853,true,1,24618
7290000347738,false,תה ירוק נענע 25 שקיקים 1.5 גרם,HIQ FOOD PRODUCTS,IL,תה ירוק נענע 25 שקיק,גרמים,37.50,100 גרם,false,,23.90,0.6373,true,1,24619
7290000347752,false,תה ירוק לימונית ולואיזה 25 שקיקים *1.5 ג'' ויסוצקי,HIQ FOOD PRODUCTS,IL,תה ירוק לימונית ולוא,גרמים,37.50,100 גרם,false,,23.90,0.6373,true,1,24620
7290000358753,false,לשון בקר ארוז חלק קפ,,,לשון בקר ארוז חלק קפ,קילוגרמים,1.00,"ק""ג",true,,39.90,39.9000,true,1,86488
7290000363462,false,סלמי מעושן איטלקי טי,טירת צבי,,סלמי מעושן איטלקי טי,קילוגרמים,1.00,"ק""ג",true,,75.00,75.0000,true,1,25292
7290000363486,false,נקניק תה טירת צבי מע,טירת צבי,,נקניק תה טירת צבי מע,קילוגרמים,1.00,"ק""ג",true,,50.00,50.0000,true,1,25293
7290000363899,false,נקניקיות פיקנטיות טירת צבי 400 גר',,IL,נקניקיות פיקנטיות 40,גרמים,400.00,100 גרם,false,,11.90,0.0298,true,1,25326
7290000364278,false,דקניקים סילסולי סלמי איטלקי 120 ג' טירת צבי,הנסיך- מפעל לייצור ט,IL,סלסולי סלמי איטלקי מ,גרמים,120.00,100 גרם,false,,12.80,0.1067,true,1,25330
7290000364285,false,דקניקים סלסולי פסטרמה הודו 120 ג' טירת צבי,הנסיך- מפעל לייצור ט,IL,טירת צבי סלסולי פסטר,גרמים,120.00,100 גרם,false,,12.80,0.1067,true,1,25331
7290000364292,false,דקניקים סלסולי פסטרמה הודו על גחלים 120 ג' טירת צבי,הנסיך- מפעל לייצור ט,IL,סלסולי פסטרמה גחלים,גרמים,120.00,100 גרם,false,,12.80,0.1067,true,1,25332
7290000364858,false,"נקניקיות עוף טרי 1 ק""ג טירת צבי",הנסיך- מפעל לייצור ט,IL,נקניקיות עוף טרי 1 ק,קילוגרמים,1.00,"ק""ג",false,,22.90,22.9000,true,1,25337
7290000364872,false,נקניקיות עוף 400 גרםטירת צבי,טיב טירת צבי 2000,IL,נקניקיות עוף 400 גרם,גרמים,400.00,100 גרם,false,,11.90,0.0298,true,1,25338
7290000364957,false,נקניקיות מיני מיני עוף 700 גרםטירת צבי,הנסיך- מפעל לייצור ט,IL,נקנקיות מיני - מיני,גרמים,700.00,100 גרם,false,,20.90,0.0299,true,1,25339
7290000365046,false,כתף מעושן טירת צבי מ,טירת צבי,,כתף מעושן טירת צבי מ,קילוגרמים,1.00,"ק""ג",true,,89.00,89.0000,true,1,25298
7290000365107,false,כתף בקר מפולפל במשקל,,,כתף בקר מפולפל ט.צבי,קילוגרמים,1.00,"ק""ג",true,,90.00,90.0000,true,1,25300
7290000365398,false,חזה הודו בדבשטירת צבי,טירת צבי,,חזה הודו בדבש ט.צבי,קילוגרמים,1.00,"ק""ג",true,,79.00,79.0000,true,1,25304
7290000365756,false,פסט. עלגחלים ד.ש.ט.צ,,,פסט. עלגחלים ד.ש.ט.צ,קילוגרמים,1.00,"ק""ג",true,,79.00,79.0000,true,1,25306
7290000365954,false,פסט.על גחלים ט.צבי מ,טירת צבי,,פסט.על גחלים ט.צבי מ,קילוגרמים,1.00,"ק""ג",true,,79.00,79.0000,true,1,25309
7290000367590,false,צמד כפרי סלמי+פסטרמה 800 גרם טירת צבי,טיב טירת צבי 2000,IL,צמד כפרי נק.סלמי+פסט,גרמים,800.00,100 גרם,false,,25.40,0.0317,true,1,25341
7290000369037,false,קוביות בולגרית מתובלות 200 גר,מחלבות ניצן,IL,ניצן פטה קוביות בטעמ,גרמים,200.00,100 גרם,false,,14.90,0.0745,true,1,6157
7290000369341,false,לאבנה אבו גוש ניצן מ,יושלם,,לאבנה אבו גוש ניצן מ,קילוגרמים,1.00,"ק""ג",true,,50.00,50.0000,true,1,6154
7290000369709,false,ניצן חמאה ט.שונים 10,"ניצן מותגי מזון בע""מ",,ניצן חמאה ט.שונים 10,גרמים,100.00,100 גרם,false,,12.90,0.1290,true,1,6161
7290000370130,false,גבינת ברי צרפתית שקי,,,גבינת ברי צרפתית שקי,קילוגרמים,1.00,"ק""ג",true,,99.00,99.0000,true,1,2778
7290000370420,false,גבינת גאודה מהולנד 3,,,גבינת גאודה מהולנד 3,קילוגרמים,1.00,"ק""ג",true,,65.00,65.0000,true,1,2791
7290000371571,false,פסט.פרגיות לבאגט ט.צ,,,פסט.פרגיות לבאגט ט.צ,קילוגרמים,1.00,"ק""ג",true,,79.00,79.0000,true,1,25313
7290000382210,false,שקיות גופיה ינות בית,,,שקיות גופיה ינות בית,יחידה,0.00,יחידה,false,,0.10,0.0000,true,1,48
7290000387043,false,צלעות 22 צרכני חלק ב,,,צלעות 22 צרכני חלק ב,קילוגרמים,1.00,"ק""ג",true,,34.90,34.9000,true,1,2159
7290000408316,false,יוגורט דנונה דל לקטוז 200 גרם,מיוצר עי קונדיטוריית,IL,דנונה טבעי 3% 200מל,מיליליטרים,200.00,"100 מ""ל",false,,3.90,0.0195,true,1,23243
7290000408354,false,יוגורט עם אורז מצופה שוקולד קקאו 175 ג' דנונה,"שטראוס בריאות בע""מ",IL,דנונה קראנצ' פצפוצים,מיליליטרים,175.00,"100 מ""ל",false,,4.90,0.0280,true,1,23244
7290000410874,false,רבעי פרגיות מלוח,,,רבעי פרגיות מלוח,קילוגרמים,1.00,"ק""ג",true,,49.90,49.9000,true,1,16592
7290000412481,false,סנו - מנקה אסלות 00 1 ליטר,מיוצר עי קונדיטוריית,IL,מנקה אסלות 1 ליטר 00,ליטרים,1.00,ליטר,false,,7.90,7.9000,true,1,29808
7290000416021,false,ממרח שוקולד השחר חלבי 500 גר',השחר העולה,IL,ממרח שוקולד השחר 500,גרמים,500.00,100 גרם,false,,13.90,0.0278,true,1,28862
7290000416045,false,ממרח שוקולד השחר דלי,השחר העולה,IL,ממרח שוקולד השחר 1 ק,קילוגרמים,1.00,"ק""ג",false,,24.90,24.9000,true,1,28864
7290000416076,false,צימקאו שוקולד לבישול ואפיה 400 גרם,,,צימקאו לאפיה 400 גר',גרמים,400.00,100 גרם,false,,10.90,0.0273,true,1,28865
7290000416618,false,"ממרח שוקולד השחר פרווה בד""צ 400 גר'",השחר העולה בעמ,IL,ממרח שוקולד פרווה הש,גרמים,400.00,100 גרם,false,,11.90,0.0298,true,1,28872
7290000416632,false,"ממרח שוקולד השחר פרווה 1ק""ג",,,ממרח שוקולד פרווה הש,קילוגרמים,1.00,"ק""ג",false,,23.90,23.9000,true,1,28873
7290000419107,false,לנדוור כחול המקורי טחון טורקי 24*100ג,קפה לנדוור בע''מ,IL,לנדוור מקורי קפה טחו,גרמים,100.00,100 גרם,false,,8.50,0.0850,true,1,18647
7290000419220,false,מארז קפה לנדוור לבוקר 3 יח 100 גרם,,,לנדוור כחול המקורי ק,גרמים,300.00,100 גרם,false,,17.90,0.0597,true,1,18649
7290000419374,false,מארז קפה טחון המקורי 3 יח 100 גרם,,,לנדוור לבוקר קפה טחו,גרמים,300.00,100 גרם,false,,17.90,0.0597,true,1,18650
7290000419923,false,לנדוור קפה אספרסו טחון בואקום 200 גר,,,לנדוור קפה אספרסו טח,גרמים,200.00,100 גרם,false,,19.90,0.0995,true,1,18653
7290000420325,false,פופ קורן טבעי למיקרוגל 5 יח',Preston farms,US,פופסטאר פופקורן טבעי,גרמים,500.00,100 גרם,false,,12.90,0.0258,true,1,5730
7290000420332,false,פופ קורן חמאה למיקרוגל 5יח',Preston farms,US,פופסטאר פופקורן חמאה,גרמים,500.00,100 גרם,false,,12.90,0.0258,true,1,5731
7290000420417,false,גלילונית שקיות אשפה 50*70 - 60 יח',"איטיליאן פוד, אס.פי.",TH,גלילונית שקיות אשפה,יחידה,0.00,יחידה,false,,17.90,0.0000,true,1,5732
7290000430102,false,"שקיות קרח 2 ק""ג ""מר אייס""",אייס קיוב,,שקיות קרח 2 ק`ג,קילוגרמים,2.00,"ק""ג",false,,8.90,4.4500,true,1,31056
7290000435251,false,סוכריות מיני משמחים עלה 500ג',,IL,מיני משמחים 500 גרם,גרמים,500.00,100 גרם,false,,14.90,0.0298,true,1,201819
7290000436616,false,דובשניות בשקית 180 גר',,,דובשניות ברמן 180 גר,גרמים,180.00,100 גרם,false,,5.90,0.0328,true,1,41235
7290000450209,false,נתחי טונה פוסידון בשמן 110 ג',"מיוצר עי וליגר בעמ,",IL,טונה בשמן פוסידון 1,גרמים,108.00,100 גרם,false,,5.90,0.0546,true,1,16792
7290000453019,false,שמרים טריים לאפייה שקית שמרית 50 ג',"פאקא תעשיות בע""מ",IL,שמרית שמרים טריים לא,גרמים,50.00,100 גרם,false,,4.50,0.0900,true,1,23245
7290000453125,false,שמרים ומשפר אפיה ביתי שמרית 100ג',,,שמרית שמרים טריים לא,גרמים,100.00,100 גרם,false,,7.70,0.0770,true,1,23246
7290000453385,false,שמרים יבשים פארא אינסטנט 500 גרם עלית,,,פאקא שמרים יבשים 500,גרמים,500.00,100 גרם,false,,13.90,0.0278,true,1,22199
7290000453408,false,בצק פיצה דק מצונן ומוכן לאפיה 415 גר,"פאקא תעשיות בע""מ",GR,שמרית בצק פיצה דק מצ,גרמים,415.00,100 גרם,false,,17.50,0.0422,true,1,23247
7290000453415,false,בצק עלים מצונן ומוכן לאפייה שמרית,"פאקא תעשיות בע""מ",FR,שמרית בצק עלים מצונן,גרמים,300.00,100 גרם,false,,15.90,0.0530,true,1,23248
7290000453422,false,בצק פילו מצונן ומוכן לאפייה שמרית,"פאקא תעשיות בע""מ",GR,שמרית בצק פילו מוכן,גרמים,300.00,100 גרם,false,,15.90,0.0530,true,1,23249
7290000453798,false,שמרית שמרים יבשים אקטיביים 500 גר',"גי' בי' רכיבים בע""מ",,שמרים יבשים אקטיביים,גרמים,500.00,100 גרם,false,,12.90,0.0258,true,1,22200
7290000453880,false,מרגרינה ללא מלח לאפיה ובישול שמרית 200גר,"פאקא תעשיות בע""מ",,מרגרינה ללא מלח לאפי,גרמים,200.00,100 גרם,false,,4.90,0.0245,true,1,23252
7290000461625,false,בייגלה שמיניות מלח בייגל בייגל 400 ג',בייגל את בייגל מזון,IL,ביגלה 8 8 400גר,גרמים,400.00,100 גרם,false,,9.90,0.0248,true,1,10307
7290000462103,false,סחוג אדום חריף עדין זהבי 150 ג',קריניסה ויטמין אס אי,IL,סחוג אדום חריף עדין,גרמים,150.00,100 גרם,false,,7.90,0.0527,true,1,23254
7290000462141,false,סחוג אדום חריף 150 ג' זהבי,קריניסה ויטמין אס אי,IL,סחוג אדום חריף מאוד,גרמים,150.00,100 גרם,false,,7.90,0.0527,true,1,23255
7290000462172,false,סחוג ירוק חריף מאוד זהבי 150 ג',קריניסה ויטמין אס אי,IL,סחוג ירוק חריף מאוד,גרמים,150.00,100 גרם,false,,7.90,0.0527,true,1,23257
7290000467153,false,חומוס צבר סמיר הגדול 400ג',סלטי צבר,IL,צבר חומוס סמיר הגדול,גרמים,400.00,100 גרם,false,,13.90,0.0348,true,1,19732
7290000472821,false,גבינה צהובה 28% הר,,,גבינה צהובה 28% הר,קילוגרמים,1.00,"ק""ג",true,,31.00,31.0000,true,1,265664
7290000474076,false,חלב 3% טרה 1ל' קרטון מהדרין,טרה,IL,טרה חלב בקרטון 3% 1,ליטרים,1.00,ליטר,false,,6.23,6.2300,true,1,6344
7290000474090,false,חלב הומוגני 1% קרטון טרה 1ל',מילקו תעשיות בעמ,IL,טרה חלב בקרטון 1% 1ל,ליטרים,1.00,ליטר,false,,5.86,5.8600,true,1,6345
7290000474502,false,גבינה לבנה 5% 250ג' טרה מהדרין,טרה,IL,טרה גבינה לבנה 5% 25,גרמים,250.00,100 גרם,false,,4.98,0.0199,true,1,6354
7290000474540,false,גבינה טוב טעם 3% טרה 250ג' מהדרין,טרה,IL,טוב טעם גבינה 3% 250,גרמים,250.00,100 גרם,false,,11.50,0.0460,true,1,6355
7290000474830,false,גבינה צהובה מגורדת 28% שומן 500 ג' נעם,מילקו תעשיות בעמ,IL,נעם גבינה צהובה מגור,גרמים,500.00,100 גרם,false,,32.90,0.0658,true,1,6356
7290000480107,false,קוואקר שיבולת שועל פחית 500 גר,וולקרס סנקס לימיטד,,"קוואקר מהיר אטוס לל""",גרמים,500.00,100 גרם,false,,12.90,0.0258,true,1,24157
7290000480332,false,גאודה בקר משולש גד 3,,,גאודה בקר משולש גד 3,קילוגרמים,1.00,"ק""ג",true,,114.00,114.0000,true,1,224588
7290000480442,false,קוואקר שבולת שועל שקית 500 גרם,שטראוס גרופ,IL,שיבולת שועל בשקית קו,גרמים,500.00,100 גרם,false,,11.90,0.0238,true,1,24158
7290000481531,false,דגנית עין בר לחמניות אצבע מחיטה מלאה בשקית 750 ג',יוניליוור גרמניה Gm,IL,לחמניות 10 יחידות חי,גרמים,750.00,100 גרם,false,,13.90,0.0185,true,1,4462
7290000481883,false,דגנית עין בר מארז לחמניות 10 יח'*75 ג',יוניליוור גרמניה Gm,IL,10 לחמניות דגנית,גרמים,750.00,100 גרם,false,,13.90,0.0185,true,1,4466
7290000482019,false,שקיות קוקי רגיל צליה 10יח',"ש. שסטוביץ בע""מ",IL,שקיות קוקי רגיל 10יח,יחידה,0.00,יחידה,false,,11.90,0.0000,true,1,21412
7290000484747,false,עלית הארק 40% בקבוק,יקבי הגליל יוסף,,"עלית הארק 40% 700 מ""",מיליליטרים,700.00,"100 מ""ל",false,,59.90,0.0856,true,1,28897
7290000490625,false,שלגונים ציפוי שוקו מאגדת שמינייה 560 ג',,IL,מאגדת שלגונים ציפוי,גרמים,560.00,100 גרם,false,,23.90,0.0427,true,1,68665
7290000493176,false,אבקת רוטב צלי לבשר 22ג' אסם,"אסם השקעות בע""מ",IL,אסם אבקת רוטב צלי לב,גרמים,22.00,100 גרם,false,,3.90,0.1773,true,1,18683
7290000493183,false,אבקת רוטב פטריות לבשר-30 גרם,"אסם השקעות בע""מ",IL,אסם אבקת רוטב פטריות,גרמים,30.00,100 גרם,false,,3.90,0.1300,true,1,18684
7290000496360,false,פילה בקלה דרום אפרי,,,פילה בקלה דרום אפרי,קילוגרמים,1.00,"ק""ג",true,,43.90,43.9000,true,1,171037
7290000504049,false,סוכרזית קנקן 1200 טבליות,אף.סי תבליני בגליל ב,IL,סוכרזית קנקן 1200 טב,גרמים,984.00,100 גרם,false,,23.90,0.0243,true,1,22208
7290000504261,false,סוויט דיאט כמו סוכר ממתיק אבקתי 65ג',,,כמו סוכר ממתיק אבקתי,גרמים,100.00,100 גרם,false,,24.90,0.2490,true,1,22210
7290000504278,false,סוכרזית - קלאסי פטנט 700 טבליות,אף.סי תבליני בגליל ב,IL,סוכרזית פטנט 700 טבל,גרמים,574.00,100 גרם,false,,13.90,0.0242,true,1,22211
7290000511010,false,פרמז`נו בגלגל ויליפו,,,פרמז`נו בגלגל ויליפו,קילוגרמים,1.00,"ק""ג",true,,110.00,110.0000,true,1,2798
7290000511904,false,בייבי אדם הולנד וילי,,,בייבי אדם הולנד וילי,קילוגרמים,1.00,"ק""ג",true,,65.00,65.0000,true,1,2803
7290000518176,false,מתוק וקל ענק 250 שקיות,מתוק וקל בעמ,IL,מתוק וקל ענק 250 שקי,גרמים,250.00,100 גרם,false,,17.50,0.0700,true,1,15789
7290000518220,false,סוכרה דיאט ממתיק 100 שקיות,פתח תקווה,IL,סוכרה דיאט 100 יח,גרמים,80.00,100 גרם,false,,24.90,0.3112,true,1,15791
7290000518251,false,מתוק וקל ממתיק זהב 100 שקיות,פתח תקווה,IL,מתוק וקל זהב 100 שקי,גרמים,100.00,100 גרם,false,,11.90,0.1190,true,1,15793
7290000522272,false,"שמנת לקפה 10% שומן 500 מ""ל",,,חלב הרים שמנת לקפה 1,מיליליטרים,500.00,"100 מ""ל",false,,8.90,0.0178,true,1,6364
7290000523125,false,מלח הארץ הים האדום 250 ג' עדין,חברת מלח הארץ אילת ב,IL,מלח ים יבש הארץ 250,גרמים,250.00,100 גרם,false,,5.90,0.0236,true,1,24622
7290000523224,false,מלח הארץ הים האדום 500 ג' עדין,חברת מלח הארץ אילת ב,IL,מלח ים יבש הארץ 500,גרמים,500.00,100 גרם,false,,7.90,0.0158,true,1,15460
7290000523804,false,"מלח עדין צנצנת 1 ק""ג מלח הארץ",חברת מלח הארץ אילת ב,IL,מלח עדין בצנצנת הארץ,קילוגרמים,1.00,"ק""ג",false,,7.50,7.5000,true,1,24624
7290000525969,false,פרימור סחוט תפוזים טבעי 1ל',גניר,IL,פרימור מיץ תפוזים 1ל,ליטרים,1.00,ליטר,false,,15.90,15.9000,true,1,23261
7290000530024,false,תה מעושן זוגלובק,זוגלובק,IL,תה מעושן זוגלובק,קילוגרמים,1.00,"ק""ג",true,,47.00,47.0000,true,1,38891
7290000530048,false,סלמי פפרוני זוגלובק,זוגלובק,IL,סלמי פפרוני זוגלובק,קילוגרמים,1.00,"ק""ג",true,,60.00,60.0000,true,1,38893
7290000530062,false,סלמי מעו. איטלקי זוג,זוגלובק,IL,סלמי מעו. איטלקי זוג,קילוגרמים,1.00,"ק""ג",true,,82.00,82.0000,true,1,38894
7290000530086,false,נקניק סלמי מעושן 600 ג' זוגלובק,,,סלמי מעושן 7000 א.מ.,גרמים,600.00,100 גרם,false,,33.00,0.0550,true,1,38929
7290000530109,false,קבנוס זוגי בואקום זוגלובק 180ג',,,זוג קבנוס בוואקום 36,גרמים,360.00,100 גרם,false,,24.90,0.0692,true,1,38930
7290000530116,false,נקניק סלמי מעושן בשן 470 ג' זוגלובק,,,סלמי מעושן בשן זוגלו,גרמים,470.00,100 גרם,false,,22.90,0.0487,true,1,38931
7290000530291,false,נקניק מבשר הודו קטן 800 ג' זוגלובק,כצט,IL,זוגלובק נקניק מבשר ה,גרמים,800.00,100 גרם,false,,18.90,0.0236,true,1,38933
7290000530369,false,חזה הודו מעושן גולן,כצט,IL,פסט. גולן 3% זוגלובק,קילוגרמים,1.00,"ק""ג",true,,80.00,80.0000,true,1,38901
7290000530444,false,כתף בקר מעושן זוגלוב,זוגלובק,IL,כתף בקר מעושן זוגלוב,קילוגרמים,1.00,"ק""ג",true,,110.00,110.0000,true,1,38902
7290000530468,false,נקניקיות וינר טרי 1ק,,,נקניקיות וינר טרי 1ק,קילוגרמים,1.00,"ק""ג",false,,24.90,24.9000,true,1,38935
7290000530598,false,נקניקיות וינר 500 ג' טרי זוגלובק,זוגלובק,IL,נקניקיות וינר טרי זו,גרמים,500.00,100 גרם,false,,11.90,0.0238,true,1,38938
7290000530703,false,נקניק כפרית 400 + כפרית 400 גרם זוגי זוגלובק,זוגלובק,IL,זוג תה 400 + חרמון 4,גרמים,800.00,100 גרם,false,,27.90,0.0349,true,1,38940
7290000531410,false,פסטרממיה בדבש טהור,זוגלובק,IL,פסט. בדבש טהור 3% זו,קילוגרמים,1.00,"ק""ג",true,,80.00,80.0000,true,1,38904
7290000532400,false,ברביקיו חזה הודו זוג,זוגלובק,IL,ברביקיו חזה הודו זוג,קילוגרמים,1.00,"ק""ג",true,,80.00,80.0000,true,1,38905
7290000532721,false,כתף בקר מפולפל טורו,זוגלובק,IL,כתף בקר מפולפל טורו,קילוגרמים,1.00,"ק""ג",true,,110.00,110.0000,true,1,38907
7290000533353,false,"בצק עלים צרפתי 1 ק""ג זוגלובק",מאפיית אריאל וגידרון,IL,זוגלובק בצק עלים 1קג,קילוגרמים,1.00,"ק""ג",false,,13.90,13.9000,true,1,38945
7290000533636,false,פסטרמה צלויה על לבני,,,פסטרמה צלויה על לבני,קילוגרמים,1.00,"ק""ג",true,,80.00,80.0000,true,1,38909
7290000534800,false,פסטרמה רומנית 4% זוג,כצט,IL,פסטרמה רומנית 4% זוג,קילוגרמים,1.00,"ק""ג",true,,80.00,80.0000,true,1,38913
7290000534824,false,חרמון 3% זוגלובק במש,,,חרמון 3% זוגלובק במש,קילוגרמים,1.00,"ק""ג",true,,53.00,53.0000,true,1,38914
7290000537566,false,נקניקיות עוף טרי 400 ג' זוגלובק,זוגלובק,IL,נקניקיות עוף טרי 400,גרמים,400.00,100 גרם,false,,11.50,0.0288,true,1,38957
7290000537603,false,"נקנקיות עוף 1 ק""ג -ז",זוגלובק,IL,"נקנקיות עוף 1 ק""ג -ז",קילוגרמים,1.00,"ק""ג",false,,24.90,24.9000,true,1,38958
7290000538709,false,סלמי תה מעושן 200 ג' זוגלובק,זוגלובק,IL,תה מעושן 200 גרם,גרמים,200.00,100 גרם,false,,14.90,0.0745,true,1,38963
7290000552569,false,סטייק בורגר נטו 400 גרם,"טיבון ויל אחזקות בע""",IL,סטייק בורגר 400 ג'-ט,גרמים,400.00,100 גרם,false,,17.90,0.0447,true,1,16797
7290000552989,false,בשר טחון מובחר 500 גרם,"טיבון ויל אחזקות בע""",IL,בשר עגל טחון קפוא 50,גרמים,500.00,100 גרם,false,,21.90,0.0438,true,1,16801
7290000554402,false,מלבי מעדן חלב גד 170,"מיוצר ע""י קוד יצרן E",IL,"גד מלבי 160 מ""ל",מיליליטרים,160.00,"100 מ""ל",false,,6.40,0.0400,true,1,14624
7290000554457,false,גבינה צפתית מיני 5% גד 350ג',"מחלבות גד בע""מ",IL,גד צפתית מיני 5% 350,גרמים,350.00,100 גרם,false,,21.90,0.0626,true,1,14625
7290000554532,false,גבינה צפתית מעודנת במלח ים 5% 200 ג' גד,הנסיך- מפעל לייצור ט,IL,גד צפתית מעודנת במלח,גרמים,200.00,100 גרם,false,,15.80,0.0790,true,1,14627
7290000554624,false,ירח מתוק מעדן גד 150ג',"מיוצר ע""י קוד יצרן E",IL,גד ירח מתוק 150מל,גרמים,150.00,100 גרם,false,,6.40,0.0427,true,1,14629
7290000554686,false,לאבנה בשמן זית וזעתר 5% שומן 250 ג' גד,מחלבות גד בעמ,IL,גד לאבנה בשמן זית וז,גרמים,250.00,100 גרם,false,,15.50,0.0620,true,1,14630
7290000554822,false,גבינת ריקוטה טבעי 5% שומן 250 ג' גד,מחלבות גד בעמ,IL,גד ריקוטה טבעי 5% 25,גרמים,250.00,100 גרם,false,,14.90,0.0596,true,1,14632
7290000554839,false,שמנת מתוקה קשה בסגנון איטלקי 40% שומן 250 ג' גד,מחלבות גד בעמ,IL,גד מסקרפונה 40% 250ג,גרמים,250.00,100 גרם,false,,22.90,0.0916,true,1,14633
7290000560533,false,אדג' ג'ל ירוק לעור רגיל 198גרם,אס.סי ג'ונסון ובניו,US,ג'ל גילוח ירוק לעור,מיליליטרים,200.00,"100 מ""ל",false,,15.90,0.0795,true,1,5740
7290000561141,false,מיקס אגוזים טבעי 15,,,מיקס אגוזים טבעי 15,גרמים,150.00,100 גרם,false,,14.90,0.0993,true,1,1422
7290000561202,false,גרעין חמניה קלוי 200,,,גרעין חמניה קלוי 200,גרמים,200.00,100 גרם,false,,6.90,0.0345,true,1,1427
7290000561233,false,בוטן קלוי 200ג פיצוח,,,בוטן קלוי 200ג פיצוח,גרמים,200.00,100 גרם,false,,7.90,0.0395,true,1,1429
7290000561240,false,גרעין דלעת קלוי 200ג,,,גרעין דלעת קלוי 200ג,גרמים,200.00,100 גרם,false,,9.90,0.0495,true,1,1430
7290000561561,false,פוסידון מנצ'יס 200ג,,,פוסידון מנצ'יס 200ג,גרמים,200.00,100 גרם,false,,9.90,0.0495,true,1,1446
7290000561578,false,בוטן אמריקאי 200ג,,,בוטן אמריקאי 200ג,גרמים,200.00,100 גרם,false,,6.90,0.0345,true,1,1447
7290000561714,false,צנובר 100 גרם,,,צנובר 100 גרם,גרמים,100.00,100 גרם,false,,24.90,0.2490,true,1,1452
7290000561981,false,אגוז מלך 200ג,,,אגוז מלך 200ג,גרמים,200.00,100 גרם,false,,19.90,0.0995,true,1,1460
7290000572208,false,חלבה חטיף וניל אחווה 100ג',שוורצקוף& הנקל דיסלד,IL,חלוה וניל אחוה 100 ג,גרמים,100.00,100 גרם,false,,3.50,0.0350,true,1,677
7290000572628,false,חטיפי חלווה ללא סוכר בקופסא 250 גרם,שוורצקוף& הנקל דיסלד,IL,חטיפי חלוה ללא תוספת,גרמים,275.00,100 גרם,false,,12.90,0.0469,true,1,684
7290000572673,false,חלבה קופסת שי אחווה 12יח 300 ג',שוורצקוף& הנקל דיסלד,IL,חטיפי חלוה 50% שומשו,גרמים,300.00,100 גרם,false,,12.90,0.0430,true,1,686
7290000574035,false,לחם אחיד פרוס 750ג' דגנית עין בר,יוניליוור גרמניה Gm,IL,לחם אחיד פרוס דגנית,גרמים,750.00,100 גרם,false,,7.11,0.0095,true,1,4472
7290000574141,false,לחם חיטה מלא 750ג' דגנית עין בר,דגנית עין בר תעשיות,IL,לחם חיטה מלאה דגנית,גרמים,750.00,100 גרם,false,,14.90,0.0199,true,1,4478
7290000574172,false,לחם קל מחיטה מלאה 750 ג' דגנית עין בר,יוניליוור גרמניה Gm,IL,לחם קל חיטה מלאה דגנ,גרמים,750.00,100 גרם,false,,13.90,0.0185,true,1,4480
7290000574455,false,לחם חיטה מלא פלוס כוסמין 750 ג' דגנית עין בר,דגנית עין בר,IL,לחם חיטה מלא+כוסמין,גרמים,750.00,100 גרם,false,,14.90,0.0199,true,1,4492
7290000578085,false,גבינת מוצרלה 21% ויל,,,גבינת מוצרלה 21% ויל,קילוגרמים,1.00,"ק""ג",true,,58.00,58.0000,true,1,2804
7290000599441,false,סחבות מגולגלות שייני,,,סחבות מגולגלות שייני,יחידה,0.00,יחידה,false,,10.90,0.0000,true,1,13412
7290000599472,false,שייני כריות יפניות 6 יח',,,שישיית כריות יפניות,יחידה,0.00,יחידה,false,,7.90,0.0000,true,1,13451
7290000604343,false,תמר דקל נור 400גר,,,תמר דקל נור 400גר,גרמים,400.00,100 גרם,false,,9.90,0.0248,true,1,42949
7290000611039,false,פילה סלמון נורבגי קפ,,,פילה סלמון נורבגי קפ,קילוגרמים,1.00,"ק""ג",true,,79.90,79.9000,true,1,128979
7290000611299,false,פילה נסיכת הנילוס 50,,,פילה נסיכת הנילוס 50,קילוגרמים,1.00,"ק""ג",true,,69.90,69.9000,true,1,282367
7290000614498,false,צלעות בקר (2) חלק א,,,צלעות בקר (2) חלק א,קילוגרמים,1.00,"ק""ג",true,,49.90,49.9000,true,1,311890
7290000614528,false,צלי כתף מס' 5 חלק אר,,,צלי כתף מס' 5 חלק אר,קילוגרמים,1.00,"ק""ג",true,,69.90,69.9000,true,1,205594
7290000614535,false,פילה מדומה מס' 6 חלק,,,פילה מדומה מס' 6 חלק,קילוגרמים,1.00,"ק""ג",true,,37.90,37.9000,true,1,205607
7290000644783,false,נתחי פילה סלמון בואק,X MAK,IL,דגי תנובה נתחי פילה,קילוגרמים,1.00,"ק""ג",true,,89.90,89.9000,true,1,26485
7290000652177,false,נתחי פילה נסיכת הנילוס קפוא,,,נתחי פילה נסיכה 100%,קילוגרמים,1.00,"ק""ג",true,,69.90,69.9000,true,1,84941
7290000652542,false,פילה אמנון קפוא 5-7,,CN,פילה אמנון 5-7 100%,קילוגרמים,1.00,"ק""ג",true,,34.90,34.9000,true,1,84916
7290000654546,false,פילה אמנון קפוא 100% דג,תנובה,IL,פילה אמנון 7-9 100%,קילוגרמים,1.00,"ק""ג",true,,34.90,34.9000,true,1,84917
7290000658926,false,פילה מרלוזה קפוא 100% דג,תנובה,,פילה מרלוזה קפוא 100,קילוגרמים,1.00,"ק""ג",true,,32.90,32.9000,true,1,26494
7290000659312,false,פילה סלמון פרימיום דגי תנובה,PEQUERA DEL,IL,דגי תנובה פילה סלמון,קילוגרמים,1.00,"ק""ג",true,,69.90,69.9000,true,1,26495
7290000662213,false,נתח פילה סלמון קפוא,,,נתח פילה סלמון קפוא,קילוגרמים,1.00,"ק""ג",true,,89.90,89.9000,true,1,26497
7290000662817,false,תנובה סלמון מעושן 100 גרם,,צ'ילה (TDE),סלמון מעושן פרוס 100,גרמים,100.00,100 גרם,false,,18.90,0.1890,true,1,120295
7290000663036,false,פילה אמנון קפוא ללא עור 100% דג תנובה,תנובה,IL,פילה אמנון ללא עור 1,קילוגרמים,1.00,"ק""ג",true,,44.90,44.9000,true,1,143672
7290000663135,false,קוביות סלמון 100% דג קפוא 300 גרם,תנובה,IL,קוביות סלמון 300 גרם,גרמים,300.00,100 גרם,false,,29.90,0.0997,true,1,164111
7290000679462,false,חזה הודו נקבה מחפוד,,,חזה הודו נקבה מחפוד,קילוגרמים,1.00,"ק""ג",true,,34.90,34.9000,true,1,49943
7290000679479,false,שווארמה הודו מחפוד ט,,,שווארמה הודו מחפוד ט,קילוגרמים,1.00,"ק""ג",true,,69.90,69.9000,true,1,49944
7290000679493,false,שוק הודו נקבה מחפוד,,,שוק הודו נקבה מחפוד,קילוגרמים,1.00,"ק""ג",true,,26.90,26.9000,true,1,49946
7290000680123,false,כנפיים עוף טרי ארוז,,,כנפיים עוף טרי ארוז,קילוגרמים,1.00,"ק""ג",true,,10.90,10.9000,true,1,49950
7290000680130,false,שוקיים עוף טרי ארוז,,,שוקיים עוף טרי ארוז,קילוגרמים,1.00,"ק""ג",true,,28.90,28.9000,true,1,49951
7290000680147,false,כרעיים עוף טרי ארוז,,,כרעיים עוף טרי ארוז,קילוגרמים,1.00,"ק""ג",true,,26.90,26.9000,true,1,49952
7290000680161,false,חזה עוף שלם טרי ארוז,,,חזה עוף שלם טרי ארוז,קילוגרמים,1.00,"ק""ג",true,,31.90,31.9000,true,1,49954
7290000680178,false,ירכיים עוף טרי ארוז,,,ירכיים עוף טרי ארוז,קילוגרמים,1.00,"ק""ג",true,,26.90,26.9000,true,1,49955
7290000680185,false,פילה עוף טרי ארוז,,,פילה עוף טרי ארוז,קילוגרמים,1.00,"ק""ג",true,,34.90,34.9000,true,1,49956
7290000680444,false,עוף שלם טרי ארוז,,,עוף שלם טרי ארוז,קילוגרמים,1.00,"ק""ג",true,,18.90,18.9000,true,1,49958
7290000680451,false,כבד עוף טרי ארוז.,,,כבד עוף טרי ארוז.,קילוגרמים,1.00,"ק""ג",true,,19.90,19.9000,true,1,49959
7290000680475,false,לבבות עוף טרי ארוז,,,לבבות עוף טרי ארוז,קילוגרמים,1.00,"ק""ג",true,,27.90,27.9000,true,1,49961
7290000680529,false,שניצל עוף טרי ארוז,,,שניצל עוף טרי ארוז,קילוגרמים,1.00,"ק""ג",true,,36.90,36.9000,true,1,49964
7290000680536,false,סטייק פרגית טרי כרע,,,סטייק פרגית טרי כרע,קילוגרמים,1.00,"ק""ג",true,,49.90,49.9000,true,1,49965
7290000681298,false,חזה עוף טרי מחפוד אר,,,חזה עוף טרי מחפוד אר,קילוגרמים,1.00,"ק""ג",true,,32.90,32.9000,true,1,49967
7290000681304,false,כרעיים עוף טרי מחפוד,,,כרעיים עוף טרי מחפוד,קילוגרמים,1.00,"ק""ג",true,,32.90,32.9000,true,1,49968
7290000681311,false,ירכיים עוף טרי מחפוד,,,ירכיים עוף טרי מחפוד,קילוגרמים,1.00,"ק""ג",true,,32.90,32.9000,true,1,49969
7290000681328,false,מחפוד שוקיים עוף טרי,,,מחפוד שוקיים עוף טרי,קילוגרמים,1.00,"ק""ג",true,,36.90,36.9000,true,1,49970
7290000681335,false,פרגיות עוף טרי מחפוד,,,פרגיות עוף טרי מחפוד,קילוגרמים,1.00,"ק""ג",true,,74.90,74.9000,true,1,49971
7290000681366,false,כנפיים עוף מחפוד ב-ק,,,כנפיים עוף מחפוד ב-ק,קילוגרמים,1.00,"ק""ג",true,,14.90,14.9000,true,1,49974
7290000681380,false,שניצל עוף טרי מחפוד,,,שניצל עוף טרי מחפוד,קילוגרמים,1.00,"ק""ג",true,,34.90,34.9000,true,1,49976
7290000688084,false,מי עדן בקבוק ספורט 5,מופק ממקור בזלתי עדן,IL,מי עדן 1/2 ליטר ספור,מיליליטרים,500.00,"100 מ""ל",false,,2.90,0.0058,true,1,11462
7290000688381,false,שישיית מי עדן פקק ספורט 0.5 ליטר,"מי עדן בע""מ",IL,מי עדן פקק ספורט 6*5,ליטרים,3.00,ליטר,false,,13.90,4.6333,true,1,11466
7290000688503,false,"שישיית מי עדן ג'ים 750 מ""ל","מי עדן בע""מ",,מי עדן ג'ים 6*750מל,ליטרים,4.50,ליטר,false,,15.90,3.5333,true,1,11469
7290000692203,false,אגקס נוזל לניקוי כללי 2 ל',הנסיך- מפעל לייצור ט,GR,אג'קס ניקוי כללי ורצ,ליטרים,2.00,ליטר,false,,22.90,11.4500,true,1,21416
7290000692227,false,נוזל כלים פלמוליב צילינדר קלאסי 1 ליטר,יבואן ומשווק: ש. שסט,GR,פלמוליב לכלים קלאסי-,יחידה,0.00,יחידה,false,,13.90,0.0000,true,1,21418
7290000739247,false,פסט. איטלקית זוגלובק,,,פסט. איטלקית זוגלובק,קילוגרמים,1.00,"ק""ג",true,,80.00,80.0000,true,1,38923
7290000740212,false,נקניקיות ג'מבו שקיל,,,נקניקיות ג'מבו שקיל,קילוגרמים,1.00,"ק""ג",true,,19.90,19.9000,true,1,38924
7290000835954,false,פילה אמנון 5-7 בוואק,,,פילה אמנון 5-7 בוואק,קילוגרמים,1.00,"ק""ג",true,,26.90,26.9000,true,1,67274
7290000835961,false,פילה אמנון 7-9 בוואק,,,פילה אמנון 7-9 בוואק,קילוגרמים,1.00,"ק""ג",true,,29.90,29.9000,true,1,67275
7290000900313,false,פסט. ספרדית ט.צבי מע,,,פסט. ספרדית ט.צבי מע,קילוגרמים,1.00,"ק""ג",true,,79.00,79.0000,true,1,25314
7290000907970,false,פסטרמה כפרית טירת צב,,,פסטרמה כפרית טירת צב,קילוגרמים,1.00,"ק""ג",true,,49.00,49.0000,true,1,25318
7290000910291,false,פלפל צ`ילי,,,פלפל צ`ילי,גרמים,100.00,100 גרם,false,,7.90,0.0790,true,1,46599
7290000956012,false,פטאקי 18% שומרון,,,פטאקי 18% שומרון,קילוגרמים,1.00,"ק""ג",true,,33.00,33.0000,true,1,14758
7290000982393,false,סיימן ברס בלו במשקל,,,סיימן ברס בלו במשקל,קילוגרמים,1.00,"ק""ג",true,,199.00,199.0000,true,1,16643
7290001041123,false,שקד מולבן פרוס 100 גר' מיה,מיה,IL,מיה שקד מולבן פרוס 1,גרמים,100.00,100 גרם,false,,10.90,0.1090,true,1,14849
7290001041161,false,"שעועית לבנה יבשה מיה 1 ק""ג",מיה,IL,שעועית 1 ק'ג,קילוגרמים,1.00,"ק""ג",false,,14.90,14.9000,true,1,14853
7290001041185,false,"פופקורן גרעינים מיה 1 ק""ג",מיה,IL,פופקורן 1 ק'ג,קילוגרמים,1.00,"ק""ג",false,,9.90,9.9000,true,1,14855
7290001041192,false,"עדשים אדומים יבשים מיה 1 ק""ג",מיה,IL,עדשים אדומות 1 ק'ג,קילוגרמים,1.00,"ק""ג",false,,10.90,10.9000,true,1,14856
7290001041215,false,"חיטה מיה 1 ק""ג",מיה,IL,חיטה 1 ק'ג,קילוגרמים,1.00,"ק""ג",false,,6.90,6.9000,true,1,14858
7290001041222,false,"חומוס לבן ענק יבש מיה 1 ק""ג",מיה,IL,חומוס לבן ענק 1 ק'ג,קילוגרמים,1.00,"ק""ג",false,,17.90,17.9000,true,1,14859
7290001041260,false,שומשום מיה 400 גרם,מיה,IL,שומשום מיה 400 גרם,גרמים,400.00,100 גרם,false,,11.90,0.0298,true,1,14860
7290001041277,false,פירורי לחם רגיל מיה 400ג ',,,פרורי לחם 400 גרם,גרמים,400.00,100 גרם,false,,5.90,0.0148,true,1,14861
7290001041284,false,לקקן סוכריה תות על מקל 20 יח',,,לקקנים סוכריה על מקל,גרמים,220.00,100 גרם,false,,9.90,0.0450,true,1,14862
7290001041291,false,לקקן סוכריה על מקל 70יח',,,לקקנים סוכריות על מק,גרמים,70.00,100 גרם,false,,16.90,0.2414,true,1,14863
7290001041994,false,"סוכר חום דמררה מיה 1 ק""ג",מיה,IL,סוכר זהב דמררה צנצנת,קילוגרמים,1.00,"ק""ג",false,,9.90,9.9000,true,1,14886
7290001045169,false,פרימור סחוט תפוחי עץ צלול 1 ל',גניר,IL,פרימור מיץ תפוחים צל,ליטרים,1.00,ליטר,false,,15.90,15.9000,true,1,23262
7290001121054,false,יחיעם צמד חמד 700 גר,תאי פרזידנט פוד פאבל,IL,יחיעם צמד חמד 700 גר,גרמים,700.00,100 גרם,false,,24.90,0.0356,true,1,15557
7290001121979,false,יחיעם סלמי הרץ 150ג,תאי פרזידנט פוד פאבל,IL,יחיעם סלמי הרץ 150ג,גרמים,150.00,100 גרם,false,,22.90,0.1527,true,1,15566
7290001123775,false,שווארמה פרגיות 500 ג',"טיבול ויל אחזקות בע""",IL,שווארמה פרגיות 500 ג,גרמים,500.00,100 גרם,false,,19.90,0.0398,true,1,16806
7290001136287,false,"נקה 7 שמפו לשיער רגיל 750 מ""ל","קוסמופארם בעמ, ח.פ 5",IL,שמפו רגיל ירוק נקה 7,מיליליטרים,750.00,"100 מ""ל",false,,11.90,0.0159,true,1,29810
7290001136294,false,"שמפו נקה 7 לשיער יבש אדום 750מ""ל",גוד פוד פרודקטס S.p,IL,שמפו יבש אדום נקה 7,מיליליטרים,750.00,"100 מ""ל",false,,11.90,0.0159,true,1,29811
7290001136362,false,נקה 7 תחליב רחצה אלוורה ארומה ירוק 1 ל',מיוצר בסין.יבוא ושיו,IL,תחליב רחצה אלוורה ות,יחידה,0.00,יחידה,false,,13.90,0.0000,true,1,29813
7290001136799,false,נקה 7 תחליב רחצה ארומה ורוד יסמין 1 ל',מיוצר בסין.יבוא ושיו,IL,תחליב רחצה ורד ויסמי,יחידה,0.00,יחידה,false,,13.90,0.0000,true,1,29816
7290001201510,false,תבנית ביצים מדיום 30 יח',,,30 ביצים M מ.לסר,יחידה,0.00,יחידה,false,,27.87,0.0000,true,1,13625
7290001201589,false,ביצים אריזון 12 גדול,,,12 ביצים L מ.לסר,יחידה,0.00,יחידה,false,,12.05,0.0000,true,1,13628
7290001201602,false,תבנית ביצים 18 L,,,18ביצים L מ.לסר,יחידה,0.00,יחידה,false,,18.07,0.0000,true,1,201833
7290001201824,false,תבנית ביצים 12 יח' לארג' אורגני,,,12 ביצים L אורגני מ,יחידה,0.00,יחידה,false,,21.90,0.0000,true,1,13637
7290001201862,false,ביצי חופש לארג' 12 יחידות,,,12 ביצים חופש L מ. ל,יחידה,0.00,יחידה,false,,17.90,0.0000,true,1,13640
7290001201893,false,ביצים אומגה M 12 יח,,,12 ביצים M אומגה 3,יחידה,0.00,יחידה,false,,16.90,0.0000,true,1,13642
7290001216040,false,טחינה 500 גרם טחינת אל-ארז,דולפין ספא,IL,טחינה אל ארז 100% שו,גרמים,500.00,100 גרם,false,,15.90,0.0318,true,1,34857
7290001216057,false,"טחינה גולמית אל ארז 1 ק""ג",דולפין ספא,IL,טחינה אל ארז 100% שו,קילוגרמים,1.00,"ק""ג",false,,29.90,29.9000,true,1,34858
7290001216101,false,"טחינה מלא ""אל ארז"" 1 ק""ג",,IL,טחינה אל ארז 100% שו,קילוגרמים,1.00,"ק""ג",false,,32.90,32.9000,true,1,285419
7290001230739,false,כאמל קופסא בודדת כחו,JTI,,כאמל קופסא בודדת כחו,יחידה,0.00,יחידה,false,,32.00,0.0000,false,1,4079
7290001231932,false,ווינסטון כחול בוקס חפיסה,JTI,,וינסטון קופסא בודדת,יחידה,0.00,יחידה,false,,32.00,0.0000,false,1,4083
7290001245699,false,אקונומיקה סמיכה בניחוח לימון 4 ל' טאצ',,,ג'ל אקונומיקה סמיכה,ליטרים,4.00,ליטר,false,,11.90,2.9750,true,1,37990
7290001245705,false,אקונומיקה מבושמת טאצ' 4 ליטר,,,אקונומיקה מבושמת 4 ל,ליטרים,4.00,ליטר,false,,10.90,2.7250,true,1,37991
7290001245712,false,אקונומיקה 4 ליטר טאצ,,,אקונומיקה טאצ' 4 ליט,ליטרים,4.00,ליטר,false,,10.90,2.7250,true,1,37992
7290001245729,false,ג'ל כביסה ירוקה טאצ 3 ליטר סלקט,,,ג'ל כביסה ירוק 3 ליט,ליטרים,1.00,ליטר,false,,17.90,17.9000,true,1,37993
7290001245736,false,ג'ל כביסה כחול טאצ' 3 ליטר סלקט,,,ג'ל כביסה כחול 3 ליט,ליטרים,1.00,ליטר,false,,17.90,17.9000,true,1,37994
7290001245828,false,נוזל כלים קלאסי טאצ' 18% 1.6 ליטר,,,נוזל כלים קלאסי 18%,ליטרים,1.60,ליטר,false,,10.90,6.8125,true,1,37998
7290001245897,false,נוזל רצפות יסמין 4 ל' טאצ,,,נוזל רצפות יסמין 4 ל,ליטרים,4.00,ליטר,false,,13.90,3.4750,true,1,38005
7290001245972,false,מרכך כביסה לבן טאצ' 4 ליטר,,,מרכך כביסה טאצ' לבן,ליטרים,4.00,ליטר,false,,13.90,3.4750,true,1,38012
7290001245989,false,מרכך כביסה סגול טאצ' 4 ליטר,,,מרכך כביסה טאצ' סגול,ליטרים,4.00,ליטר,false,,13.90,3.4750,true,1,38013
7290001246054,false,פותח סתימות 1 ליטר טאצ,סאסאטק,IL,פותח סתימות 1 ליטר ט,ליטרים,1.00,ליטר,false,,13.90,13.9000,true,1,38014
7290001246061,false,מרכך מרוכז פרפיום פנטזי טאצ 1ל',,,מרכך פרימיום פנטזי 1,ליטרים,1.00,ליטר,false,,12.90,12.9000,true,1,38015
7290001246078,false,מרכך מרוכז פרפיום סנשואל טאצ' 1 ל',,,מרכך פרימיום סנשואל,ליטרים,1.00,ליטר,false,,12.90,12.9000,true,1,38016
7290001246085,false,טאצ' מרסס ניקוי חלונות 1 ליטר,,,תרסיס מנקה חלונות 1,ליטרים,1.00,ליטר,false,,5.90,5.9000,true,1,38017
7290001246092,false,"טאצ' תרסיס מסיר שומנים 750 מ""ל",סאסאטק,IL,תרסיס מסיר שומנים 75,מיליליטרים,750.00,"100 מ""ל",false,,12.90,0.0172,true,1,38018
7290001246139,false,חיטוי פירות וירקות 1 ליטר טאצ',,,חיטוי פירות וירקות 1,ליטרים,1.00,ליטר,false,,14.90,14.9000,true,1,38022
7290001246351,false,נוזל רצפות לבנדר 4 ל' טאצ,,,נוזל רצפות לבנדר 4 ל,ליטרים,4.00,ליטר,false,,13.90,3.4750,true,1,38029
7290001246634,false,"טאצ' נוזל אסלות ע""ב חומצה 1 ליטר",,,נוזל אסלות על בסיס ח,ליטרים,1.00,ליטר,false,,7.90,7.9000,true,1,38033
7290001246764,false,נוזל רצפות ספא מפנק טאצ' 2 ליטר,,,נוזל רצפות ספא מפנק,ליטרים,2.00,ליטר,false,,17.90,8.9500,true,1,38035
7290001246825,false,ג'ל כביסה ירוק טאצ',,,ג'ל כביסה ירוק טאצ',ליטרים,5.00,ליטר,false,,29.90,5.9800,true,1,213396
7290001247068,false,קרטונית נקטר ספרינג תות בננה 1 ליטר,"יפאורה תבורי בע""מ",IL,ספרינג תות בננה קרטו,ליטרים,1.00,ליטר,false,,6.90,6.9000,true,1,11483
7290001247082,false,קרטונית נקטר ספרינג עגבניות 1 ליטר,"יפאורה תבורי בע""מ",IL,ספרינג עגבניות קרטונ,ליטרים,1.00,ליטר,false,,6.50,6.5000,true,1,11484
7290001247099,false,קרטונית נקטר ספרינג מנגו 1 ליטר,"יפאורה תבורי בע""מ",IL,ספרינג מנגו קרטונית,ליטרים,1.00,ליטר,false,,6.90,6.9000,true,1,11485
7290001247105,false,קרטונית נקטר ספרינג אפרסק 1 ליטר,"יפאורה תבורי בע""מ",IL,ספרינג נקטר אפרסק 1ל,ליטרים,1.00,ליטר,false,,6.90,6.9000,true,1,11486
7290001247112,false,קרטונית נקטר ספרינג לימונענע 1 ליטר,"יפאורה תבורי בע""מ",IL,ספרינג לימונענע קרטו,ליטרים,1.00,ליטר,false,,6.90,6.9000,true,1,11487
7290001247129,false,נקטר ספרינג תפוזים קרטונית 1 ל',"יפאורה תבורי בע""מ",IL,ספרינג תפוז קרטונית,ליטרים,1.00,ליטר,false,,6.90,6.9000,true,1,11488
7290001247143,false,נקטר ספרינג תפוחים קרטונית 1 ל',"יפאורה תבורי בע""מ",IL,ספרינג תפוח קרטונית,ליטרים,1.00,ליטר,false,,6.90,6.9000,true,1,11490
7290001305188,false,פלמוליב כלים שקוף לימון 750 בקבוק חדש,יבואן ומשווק: ש. שסט,GR,פלמוליב לכלים פריחת,מיליליטרים,750.00,"100 מ""ל",false,,11.90,0.0159,true,1,21430
7290001327180,false,גלידה וניל ציפ 1.33 ל' קרמיסימו,"גלידת שטראוס בע""מ, ר",IL,קרמיסימו וניל ציפ 1.,ליטרים,1.33,ליטר,false,,18.90,14.2105,true,1,4228
7290001343845,false,"גרנולה פירות 1 ק""ג ורוד שקדיה",הנסיך- מפעל לייצור ט,MK,גרנולה שיבולת שועל ע,קילוגרמים,1.00,"ק""ג",false,,18.90,18.9000,true,1,4614
7290001407127,false,פרוסות חלבה קלאסית וניל 400 גרם,,,פרוסות חלבה וניל באר,גרמים,400.00,100 גרם,false,,14.30,0.0358,true,1,18691
7290001407547,false,טחינה גולמית משומשום מלא פי 6 בארכה 500ג',רושדי תעשיות מזון בע,IL,בארכה טחינה שומשום מ,גרמים,500.00,100 גרם,false,,14.90,0.0298,true,1,18695
7290001407769,false,טחינה גולמית שומשום מלא בארכה 500ג',רושדי תעשיות מזון בע,IL,בארכה טחינה עם שומשו,גרמים,500.00,100 גרם,false,,14.90,0.0298,true,1,18698
7290001407813,false,חלבה שאמית פיסטוק בקטנה בארכה 350ג',רושדי תעשיות מזון בע,IL,חלבה שאמית וניל עם פ,גרמים,350.00,100 גרם,false,,14.90,0.0426,true,1,18699
7290001407936,false,טחינה גולמית מעודנת לחיץ בארכה 310ג',רושדי תעשיות מזון בע,IL,בארכה טחינה מעודנת 3,גרמים,310.00,100 גרם,false,,10.90,0.0352,true,1,18703
7290001419618,false,וופל בלגי עלמה שחור לבן וניל 200ג',גילרו,,וופל עלמה בלגי שוקו,גרמים,200.00,100 גרם,false,,2.90,0.0145,true,1,41252
7290001419779,false,וופל שוקו' עלמה קלאסי 200 גר,"גילרו בע""מ",,וופל עלמה קלאסי 200,גרמים,200.00,100 גרם,false,,2.90,0.0145,true,1,41253
7290001419793,false,גביעי גלידה מגולגל עלמה גילרו 30 יח',"גילרו בע""מ",IL,גביעים מגולגלים עלמה,גרמים,120.00,100 גרם,false,,11.90,0.0992,true,1,41254
7290001459935,false,"אפונה 800 גר' בד""ץ (ממותג)",,,אפונה בלדי 800 גרם,גרמים,800.00,100 גרם,false,,11.90,0.0149,true,1,295005
7290001459942,false,"אפונה וגזר 800 גר' בד""ץ (ממותג)",,,אפונה וקוביות גזר בל,גרמים,800.00,100 גרם,false,,11.90,0.0149,true,1,295017
7290001468753,false,קמח תפוחי אדמה 500 ג' נאמן,תבליני ביטון,IL,קמח תפוח אדמה נאמן 5,גרמים,500.00,100 גרם,false,,4.90,0.0098,true,1,15867
7290001552025,false,הקוסקוס של אמא קפוא 800 גר,,,קוסקוס 800גר,גרמים,800.00,100 גרם,false,,14.90,0.0186,true,1,51558
7290001567555,false,פסטרמה מעודנת עם דבש 300 ג' יחיעם,,IL,פסטרמה מעודנת עם דבש,גרמים,300.00,100 גרם,false,,19.90,0.0663,true,1,201834
7290001567760,false,פסטרמה של פעם 300 ג' יחיעם,פ.פ.ח. שאביט,IL,פסטרמה של פעם 300 גר,גרמים,300.00,100 גרם,false,,24.50,0.0817,true,1,15572
7290001567814,false,סלמי מעושן בסגנון איטלקי 300 ג' יחיעם,פ.פ.ח. שאביט,IL,סלמי מעושן בסגנון אי,גרמים,300.00,100 גרם,false,,19.90,0.0663,true,1,15577
7290001591710,false,המבורגר אנגוס 600 ג' טיבון ויל,,,המבורגר אנגוס טיבון,גרמים,600.00,100 גרם,false,,22.90,0.0382,true,1,235308
7290001594155,false,קוקה קולה בקבוק 500,החברה המרכזית לייצור,IL,קוקה קולה 500מל,מיליליטרים,500.00,"100 מ""ל",false,,6.90,0.0138,true,1,6836
7290001594230,false,"קינלי סודה בקבוק 250 מ""ל",החברה המרכזית לייצור,IL,סודה קינלי 250 מ'ל,מיליליטרים,250.00,"100 מ""ל",false,,2.90,0.0116,true,1,6841
7290001594810,false,"בירה שחורה מאלטי בקב' מארז 330X6מ""ל",,,מאלטי טובורג בקבוק 6,ליטרים,1.98,ליטר,false,,31.30,15.8081,true,1,6857
7290001594858,false,"טובורג רד שישייה בקבוק 330 מ""ל",קרלסברג ישראל,,טובורג רד בקבוק פקדו,ליטרים,1.98,ליטר,false,,43.90,22.1717,true,1,6859
7290001594865,false,"קרלסברג שישיה בקבוק 330 מ""ל",קרלסברג ישראל,,קרלסברג בירה בקבוק 6,ליטרים,1.98,ליטר,false,,39.90,20.1515,true,1,6860
7290001648995,false,"מארז קפה טורקי ""רג'ואן"" 100X3 גרם",,,קפה רגואן 3*100גרם.,גרמים,100.00,100 גרם,false,,12.80,0.1280,true,1,20497
7290001670057,false,כפיות חד פעמי 100 יח,הנמל אריזות ושיווק ב,IL,.סכום ח.פ.כפיות 100י,יחידה,0.00,יחידה,false,,12.90,0.0000,true,1,7723
7290001670071,false,כפות חד פעמי לבן 100 יח',הנמל אריזות ושיווק ב,IL,.סכום ח.פ.כפות 100יח,יחידה,0.00,יחידה,false,,12.90,0.0000,true,1,7725
7290001670255,false,כוסות שתיה חמה 50 יח,,,כוסות שתיה חמה 50 יח,יח',50.00,יח',false,,8.90,0.1780,true,1,7733
7290001696620,false,מיקס פיצוחים 350 גר',,,מיקס פיצוחים 350 גר',גרמים,350.00,100 גרם,false,,12.90,0.0369,true,1,1465
7290001710111,false,נקניקיות מרגז 500 גר,לאטי עזרא גלם ודגים,,נקניקיות מרגז 500 גר,גרמים,500.00,100 גרם,false,,19.90,0.0398,true,1,16820
7290001713150,false,סנט מוריץ מתז אקונומיקה Bleach קצף לימון 1 ליטר,קומפלקס כימיקלים,IL,אקונומיקה קצף ניקוי,ליטרים,1.00,ליטר,false,,9.90,9.9000,true,1,20094
7290001713167,false,סנט מוריץ - מרסס קצף ניקוי 1 ליטר סניטרי אפור,קומפלקס כימיקלים,IL,קצף לניקוי כלים סניט,ליטרים,1.00,ליטר,false,,9.90,9.9000,true,1,20095
7290001791349,false,אקונומיקה פסגה ריחנית 4ליטר,"סנו מפעלי ברונוס בע""",IL,אקונומיקה ריחנית פסג,ליטרים,4.00,ליטר,false,,11.90,2.9750,true,1,29839
7290001813454,false,עוגיות חיוכים חגיגה שוקו 900 ג',,,חיוכים חגיגה שוק 900,גרמים,900.00,100 גרם,false,,19.90,0.0221,true,1,22217
7290001817377,false,צ'יטוס חטיף איקס עיגול פיצה 60 גרם,"שטראוס פריטו ליי בע""",IL,ציטוס איקס עיגול 60ג,גרמים,60.00,100 גרם,false,,3.50,0.0583,true,1,24159
7290001817728,false,צ'יטוס חטיף כאפה קטשופ 55 גרם,"שטראוס פריטו ליי בע""",IL,ציטוס כאפה 55 גרם,גרמים,55.00,100 גרם,false,,3.50,0.0636,true,1,24161
7290001865439,false,פמלי לקשרי 1ליטר וניל טהור +משאבה,אף.סי תבליני בגליל ב,IL,סבון נוזלי וניל + מש,יחידה,0.00,יחידה,false,,10.90,0.0000,true,1,5759
7290001865453,false,פמלי לקשרי 1ליטר לבנדר ארומטי+משאבה,מיוצר עי קונדיטוריית,TR,סבון נוזלי לבנדר+ מש,יחידה,0.00,יחידה,false,,10.90,0.0000,true,1,5760
7290001867600,false,"תפו""א בייבי פרימיום",,,"תפו""א בייבי פרימיום",קילוגרמים,1.00,"ק""ג",true,,6.90,6.9000,true,1,128268
7290001917527,false,פרש וואנס פדים להסרת איפור 80 יח' *3,,,פדיות קוסמטיות פרש ו,יחידה,0.00,יחידה,false,,18.90,0.0000,true,1,5764
7290001946121,false,פפריקה מתוקה יוחאי ביטון 400ג',,,פפריקה מתוקה בשמן בי,גרמים,400.00,100 גרם,false,,17.90,0.0447,true,1,169896
7290001990117,false,שומשום סוגת 100 גרם,האי נאם סי או אל.טי.,IL,שומשום 100 גרם,גרמים,100.00,100 גרם,false,,3.90,0.0390,true,1,17315
7290001990261,false,"סוגת חומוס 1 ק""ג",,,"סוגת חומוס 1 ק""ג",קילוגרמים,1.00,"ק""ג",false,,14.90,14.9000,true,1,17317
7290001990278,false,"שעועית לבנה סוגת 1 ק""ג",סוגת,,סוגת שעועית לבנה 1 ק,קילוגרמים,1.00,"ק""ג",false,,18.90,18.9000,true,1,17318
7290001990391,false,אפונה יבשה 1קג סוגת,,,"אפונה 1 ק""ג",קילוגרמים,1.00,"ק""ג",false,,11.90,11.9000,true,1,17320
7290001990407,false,"עדשים ירוקים 1 ק""ג סוגת",סוגת,,עדשים ירוקים 1 קג,קילוגרמים,1.00,"ק""ג",false,,14.90,14.9000,true,1,17321
7290001990414,false,"עדשים אדומים 1 ק""ג סוגת",,,סוגת עדשים אדומים 1,קילוגרמים,1.00,"ק""ג",false,,14.90,14.9000,true,1,17322
7290001990421,false,"פופקורן גרעינים סוגת 1 ק""ג",,,"סוגת פופקורן 1 ק""ג",קילוגרמים,1.00,"ק""ג",false,,9.90,9.9000,true,1,17323
7290002000266,false,מגע המשי שעווה תפוח למיקרוגל 500 ג',המאפיה של הרמן,IL,שעווה תפוח לחימום במ,גרמים,500.00,100 גרם,false,,17.90,0.0358,true,1,5768
7290002007234,false,אבקת סוכר 100 ג' הנמל,"מיוצר וארוז ע""י: ר.ס",IL,אבקת סוכר 100ג,גרמים,100.00,100 גרם,false,,1.90,0.0190,true,1,7752
7290002007357,false,שקיות צליה דליקטס מיקרוגל הנמל 10 יח',,,שקיות לצליה דליקטס מ,יחידה,0.00,יחידה,false,,4.50,0.0000,true,1,7756
7290002007487,false,צמר פלדה 100 גרם,"איטיליאן פוד, אס.פי.",IL,צמר פלדה 100 גר',גרמים,100.00,100 גרם,false,,3.90,0.0390,true,1,7762
7290002007500,false,קיסמי שיניים במבוק בחבית 500 יח',הנמל אריזות ושיווק ב,IL,קיסמים חבית הנמל 500,יח',500.00,יח',false,,3.50,0.0070,true,1,7763
7290002007890,false,כוס חד פעמי הנמל 100 יח',,IL,כוס שתיה קרה 100 יח,יחידה,0.00,יחידה,false,,12.90,0.0000,true,1,7772
7290002007975,false,"צלחות קטנות ח""פ הנמל 50 יח'",,IL,צלחות קטן 50יח,יחידה,0.00,יחידה,false,,12.90,0.0000,true,1,7774
7290002007982,false,מזלגות חד פעמי 100 י,הנמל אריזות ושיווק ב,IL,מזלגות חד פעמי 100 י,יחידה,0.00,יחידה,false,,12.90,0.0000,true,1,7775
7290002007999,false,"צלחות גדולות ח""פ הנמל 50 יח'",,IL,צלחות גדול 50יח הנמל,יחידה,0.00,יחידה,false,,15.90,0.0000,true,1,7776
7290002008149,false,מדליק פחם מוצק הנמל אריזת 40יח',"איטיליאן פוד, אס.פי.",,מדליק פחם מוצק 40 קו,גרמים,300.00,100 גרם,false,,6.50,0.0217,true,1,7784
7290002008224,false,סוכריות לקישוט צבעונית הנמל 100 ג',ממתקי עלה בעמ,IL,קישוט לעוגה גליד.,גרמים,60.00,100 גרם,false,,5.90,0.0983,true,1,7789
7290002008507,false,נייר אפייה 50 יח' הנמל,הנמל אריזות ושיווק ב,IL,נייר אפיה 50יח,יחידה,0.00,יחידה,false,,8.90,0.0000,true,1,7799
7290002008743,false,סוכר וניל 10*10 ג' הנמל,"מיוצר וארוז ע""י: ר.ס",IL,סוכר וניל 10*10 גרם,גרמים,100.00,100 גרם,false,,2.90,0.0290,true,1,7804
7290002008750,false,אבקת אפיה הנמל מארז 10X10 ג',"מיוצר ע""י:ר.ס. חברה",IL,אבקת אפיה 10*10 גרם,גרמים,100.00,100 גרם,false,,2.90,0.0290,true,1,7805
7290002008989,false,קישקשים קשים לשתיה 225יח הנמל,הנמל אריזות ושיווק ב,CN,קישקשים 225 יח,יחידה,0.00,יחידה,false,,9.90,0.0000,true,1,7814
7290002026341,false,בטטה צ'יפס רגיל אריסטו קראנץ 500 ג',האי נאם סי או אל.טי.,CA,אריסטו קראנץ-ציפס בט,גרמים,500.00,100 גרם,false,,14.90,0.0298,true,1,14389
7290002026440,false,פרצלס בייגלה בראנץ אנד קראנץ 280 ג',המאפיה של הרמן,IL,פרצלס קפוא 280 גרם,גרמים,280.00,100 גרם,false,,10.90,0.0389,true,1,14393
7290002043102,false,פריכיות 7 זרעי על אריזת חיסכון 200 גרם,,BG,פריכיות 7 זרעי על אר,גרמים,200.00,100 גרם,false,,16.50,0.0825,true,1,90610
7290002043850,false,חטיף אורז אקסטרה בציפוי שוקולד מריר 90 גרם,,,אקסטרה חטיף אורז חום,גרמים,90.00,100 גרם,false,,13.90,0.1544,true,1,312751
7290002043874,false,חטיף אורז אקסטרה שוקולד לבן קרמל 90 גרם,,,אקסטרה חטיף אורז חום,גרמים,90.00,100 גרם,false,,13.90,0.1544,true,1,312753
7290002053354,false,נודלס אטריות להקפצה בסגנון סיני 300 גר,טאביט ספ.ז.או.או,PL,נודלס סיני אוריינט 3,גרמים,300.00,100 גרם,false,,13.90,0.0463,true,1,3439
7290002057031,false,זיתים מבוקע פיקנטי A2 יבנה 560 ג',קדבורי,IL,זיתים מבוקעים פיקנטי,גרמים,560.00,100 גרם,false,,8.90,0.0159,true,1,44729
7290002057093,false,זיתים מנזנילו ירוק A2 יבנה 540ג',קדבורי,IL,זית מנזלינו גדול מנז,גרמים,540.00,100 גרם,false,,7.90,0.0146,true,1,44734
7290002057352,false,מלפפון במלח 7-9 560 ג' יבנה,אף.סי תבליני בגליל ב,IL,מלפפונים במלח 7-9 ק,גרמים,560.00,100 גרם,false,,6.90,0.0123,true,1,44751
7290002057369,false,מלפפון במלח ‏12‏-‏10‏ 560 ג' יבנה,קדבורי,IL,מלפפון במלח 10-12 קב,גרמים,560.00,100 גרם,false,,7.90,0.0141,true,1,44752
7290002057383,false,מלפפון במלח ‏25‏-‏18‏ 560 ג' יבנה,קדבורי,IL,מלפפון 18-25במלח קבו,גרמים,560.00,100 גרם,false,,12.90,0.0230,true,1,44754
7290002057437,false,שיפקונית קבוצת יבנה,קבוצת יבנה,IL,שיפקונית קבוצת יבנה,גרמים,560.00,100 גרם,false,,9.90,0.0177,true,1,105533
7290002057468,false,מלפפון חומץ ‏12‏-‏10‏ 560 ג' יבנה,קדבורי,IL,מלפפון בחומץ 10-12 ק,גרמים,560.00,100 גרם,false,,7.90,0.0141,true,1,44758
7290002057475,false,מלפפונים בחומץ 13-17 קטן A2 יבנה 540ג',קדבורי,IL,מלפפון בחומץ 13-17 ק,גרמים,560.00,100 גרם,false,,9.90,0.0177,true,1,28083
7290002057734,false,זיתים חרוזית שחור A2 יבנה 540ג',קדבורי,IL,זיתים חרוזית מושחר ק,גרמים,560.00,100 גרם,false,,8.90,0.0159,true,1,44766
7290002065555,false,לחמניה אנג'ל ארוכה שקית 6יח,מאפיית שלמה א. אנג'ל,IL,6 לחמניות רכות אנגל,גרמים,450.00,100 גרם,false,,11.50,0.0256,true,1,35432
7290002077725,false,סלומון נורווגי מצונן דלידג 100ג',,,סלמון מעושן 100 גרם,גרמים,100.00,100 גרם,false,,19.90,0.1990,true,1,16825
7290002079156,false,5 פיתות 500 גרם,מאפיית דוידוביץ,,5 פיתות 500 גרם,גרמים,500.00,100 גרם,false,,8.90,0.0178,true,1,320571
7290002079361,false,לחמניות המבורגר חתוך 6+2*60 ג',מאפיית אחדות חיפה,IL,8 לחמניות המבורגר בס,גרמים,480.00,100 גרם,false,,16.90,0.0352,true,1,316332
7290002105756,false,"בקר טחון 1 ק""ג מחפוד קפוא",,IL,"טחון בקר 1 ק""ג מחפוד",קילוגרמים,1.00,"ק""ג",false,,39.90,39.9000,true,1,47088
7290002107385,false,גבינת מה עיזים בגליל צוריאל 180 ג',משק צוריאל,IL,צוריאל גליל גבינת עי,גרמים,180.00,100 גרם,false,,21.90,0.1217,true,1,6375
7290002107491,false,גבינת עזים למריחה טבעי 5% צוריאל 250 ג',משק צוריאל,IL,צוריאל גבינת עזים למ,גרמים,250.00,100 גרם,false,,15.90,0.0636,true,1,6376
7290002107798,false,גבינה בולגרית מעודנת 5% צוריאל 250ג',משק צוריאל,IL,צוריאל בולגרית מעודנ,גרמים,250.00,100 גרם,false,,22.40,0.0896,true,1,6377
7290002109488,false,קבב אמיתי 100% 440 גר',,,קבב אמיתי 100% 440 ג,גרמים,440.00,100 גרם,false,,17.90,0.0407,true,1,16830
7290002111085,false,"רוטב עגבניות 22% ""פרי מבורך"" 100 גרם",,,רוטב עגבניות 22% פרי,גרמים,100.00,100 גרם,false,,2.50,0.0250,true,1,8691
7290002111122,false,"רסק תפו""ע מתוק A2 פרי מבורך 560 גר'",,,"רסק תפו""ע מתוק פרי מ",גרמים,560.00,100 גרם,false,,6.90,0.0123,true,1,8692
7290002111474,false,אפונה גדולה A2 פרי מבורך 600ג',,,אפונת גדולה פרי מבור,גרמים,335.00,100 גרם,false,,7.90,0.0236,true,1,8697
7290002111511,false,"אפונה וגזר A2 פרי מבורך 550ג' בד""צ.",,,אפונה וגזר פרי מבורך,גרמים,550.00,100 גרם,false,,7.90,0.0144,true,1,8699
7290002111634,false,חומוס 600 גר' פרי מבורך,,,חומוס שלם פרי מבורך,גרמים,550.00,100 גרם,false,,8.90,0.0162,true,1,8700
7290002111764,false,"שעועית לבנה ברוטב עגבניות A2 פ""מ עד""ח",,,שעועית לבנה ברוטב עג,גרמים,580.00,100 גרם,false,,8.90,0.0153,true,1,8704
7290002111818,false,גרעיני תירס מתוק ואקום פרי מבורך 400ג',,,גרעיני תירס מתוק פרי,גרמים,246.00,100 גרם,false,,5.90,0.0240,true,1,8705
7290002111825,false,"2A גרעיני תירס מתוק פ""מ עד""ח 550 ג'",,,גרעיני תירס מתוק פרי,גרמים,335.00,100 גרם,false,,7.90,0.0236,true,1,8706
7290002129455,false,פיצה איטלקית 450 ג,,,פיצה איטלקית 450 ג,גרמים,450.00,100 גרם,false,,19.90,0.0442,true,1,16832
7290002129479,false,פיצה איטלקית דקה 320 ג' שלושת האופים,האי נאם סי או אל.טי.,IT,פיצה איטלקית דקה שלש,גרמים,320.00,100 גרם,false,,16.90,0.0528,true,1,294200
7290002130567,false,דבש טהור מפרחי בר 350 ג' יד מרדכי,מכוורת יד מרדכי שטרא,IL,דבש טהור מפרחי בר בצ,גרמים,350.00,100 גרם,false,,18.90,0.0540,true,1,22228
7290002130574,false,דבש טהור מפרחי בר בזכוכית 500 ג' יד מרדכי,מכוורת יד מרדכי שטרא,IL,דבש טהור מפרחי בר בצ,גרמים,500.00,100 גרם,false,,25.90,0.0518,true,1,22229
7290002130581,false,"דבש טהור יד מרדכי 1 ק""ג",,IL,דבש טהור מפרחי בר בצ,קילוגרמים,1.00,"ק""ג",false,,45.70,45.7000,true,1,22230
7290002190141,false,ריבת חלב בצנצנת 450 גרם,קרלו,IL,ריבת חלב קונדיטור 45,גרמים,450.00,100 גרם,false,,13.90,0.0309,true,1,24934
7290002195054,false,המבורגר קפוא בלדי 400 ג',יוליניבר,IL,המבורגר בלדי 400ג,גרמים,400.00,100 גרם,false,,12.90,0.0323,true,1,35301
7290002195078,false,קבב כבש בלדי קפוא 400 ג',,,בלדי קבב כבש 400 גר,גרמים,400.00,100 גרם,false,,12.90,0.0323,true,1,35302
7290002195085,false,קבב מזרחי בלדי 400 ג'- 8 יח',יוליניבר,IL,קבב מזרחי 400 גר בלד,גרמים,400.00,100 גרם,false,,12.90,0.0323,true,1,35303
7290002204169,true,אגס נאשי מארז,,,אגס נאשי מארז,גרמים,500.00,100 גרם,false,,12.90,0.0258,true,1,298681
7290002253006,false,שום כתוש בצנצנת 200 גר דורות,דורות,IL,דורות שום כתוש טרי 2,גרמים,200.00,100 גרם,false,,15.90,0.0795,true,1,19737
7290002253105,false,מגשית קוביות שום טרי דורות 80 ג',דורות,IL,דורות מגשית קוביות ש,גרמים,80.00,100 גרם,false,,9.90,0.1238,true,1,19740
7290002253167,false,מגשית פטרוזיליה דורות 70 גר,דורות,IL,פטרוזליה טרייה קצוצה,גרמים,70.00,100 גרם,false,,10.50,0.1500,true,1,19742
7290002253174,false,מגשית שמיר קצוץ דורות 70ג,דורות,IL,שמיר טרי קצוץ 70 גרם,גרמים,70.00,100 גרם,false,,10.00,0.1429,true,1,19743
7290002253181,false,כוסברה טריה קצוצה 70 ג' דורות,דורות,IL,כוסברה טריה קצוצה 70,גרמים,70.00,100 גרם,false,,10.00,0.1429,true,1,19744
7290002253259,false,דורות רוטב עגבניות בזיליקום 160 גרם,דורות,IL,דורות רוטב עגבניות ב,גרמים,160.00,100 גרם,false,,11.90,0.0744,true,1,19748
7290002255031,false,סיגרים במילוי בשר חט,,,סיגרים במילוי בשר חט,גרמים,800.00,100 גרם,false,,22.90,0.0286,true,1,51561
7290002255130,false,"סיגרים במילוי תפו""א",,,"סיגרים במילוי תפו""א",גרמים,800.00,100 גרם,false,,22.90,0.0286,true,1,51566
7290002255215,false,עלים לסיגר 500ג,,,עלים לסיגר 500ג,גרמים,500.00,100 גרם,false,,9.90,0.0198,true,1,51569
7290002255222,false,"פסטל במילוי תפו""א חט",,,"פסטל במילוי תפו""א חט",גרמים,800.00,100 גרם,false,,22.90,0.0286,true,1,51570
7290002263562,false,"מיץ לימון משומר 200 מ""ל",,,מיץ לימון משומר תבלי,מיליליטרים,200.00,"100 מ""ל",false,,6.90,0.0345,true,1,63982
7290002278528,false,כרית קרצוף לכלים שבת כלין 2 יח',,,כריות ניקוי כלים לשב,יחידה,0.00,יחידה,false,,7.90,0.0000,true,1,13477
7290002291046,false,המבורגר מסעדות קצבייה 4 יח'-480 ג',יוליניבר,IL,בלדי המבורגר מסעדות,גרמים,480.00,100 גרם,false,,22.90,0.0477,true,1,35307
7290002317081,false,זיתים נטולי גלעין +20% 670ג A2 מטולה,מוטולה,IL,זיתים נטולי גלעין 20,גרמים,670.00,100 גרם,false,,10.90,0.0163,true,1,24409
7290002317265,false,מלפפון 650ג במלח +20% 7-9 A2 מטולה,מוטולה,IL,מלפפון במלח 20% 7-9,גרמים,670.00,100 גרם,false,,9.90,0.0148,true,1,24420
7290002317289,false,חצילים כבושים מוטול,מוטולה,IL,חצילים מוטולה 560 גר,גרמים,560.00,100 גרם,false,,9.90,0.0177,true,1,24421
7290002317296,false,פלפל חריף שיפקה 670ג 20%+A2 מטולה,,,פלפל שיפקה + 20% מוט,גרמים,550.00,100 גרם,false,,9.90,0.0180,true,1,24422
7290002317319,false,מלפפון 650ג בחומץ +20% 7-9 A2 מטולה,מוטולה,IL,מלפפון בחומץ 7-9 20%,גרמים,670.00,100 גרם,false,,9.90,0.0148,true,1,24424
7290002317326,false,זיתים מנזולינו 12-15 +20% 670ג A2 מטולה,,,זיתים מנזלינו 20% 12,גרמים,670.00,100 גרם,false,,9.90,0.0148,true,1,24425
7290002317371,false,זיתים מושחר נטול גלעין 560ג A2 מטולה,מוטולה,IL,זיתים מושחרים נטולי,גרמים,560.00,100 גרם,false,,10.90,0.0195,true,1,24428
7290002317579,false,זיתים טבעות ירוק 560ג A2 מטולה,מוטולה,IL,טבעות זיתים ירוקים מ,גרמים,560.00,100 גרם,false,,10.90,0.0195,true,1,24438
7290002317609,false,כרוב כבוש 560ג A2 מטולה,מוטולה,IL,כרוב כבוש מוטולה 560,גרמים,560.00,100 גרם,false,,6.90,0.0123,true,1,24439
7290002317661,false,זיתים מנזלינו גדול מ,מוטולה,IL,זיתים מנזלינו גדול מ,גרמים,560.00,100 גרם,false,,10.90,0.0195,true,1,24442
7290002317678,false,"זיתים נטולי גלעין צנצנת זכוכית 560 ג""ר",,,זיתים נטולי גלעין צנ,גרמים,560.00,100 גרם,false,,10.90,0.0195,true,1,24443
7290002317753,false,טבעות זיתים ירוקים ב,,,טבעות זיתים ירוקים ב,גרמים,560.00,100 גרם,false,,10.90,0.0195,true,1,24445
7290002319016,false,אבקת אפיה מיה מארז 10X10 ג',מיה,IL,אבקת אפיה 10 יח' מיה,גרמים,100.00,100 גרם,false,,1.90,0.0190,true,1,14888
7290002319023,false,סוכר וניל מיה עשיריו,מיה,IL,1/10 סוכר וניל,גרמים,100.00,100 גרם,false,,1.90,0.0190,true,1,14889
7290002319061,false,קוקוס טחון מיה 100,מיה,IL,.קוקוס טחון 100 גר.,גרמים,100.00,100 גרם,false,,3.90,0.0390,true,1,14893
7290002319078,false,שומשום מיה 100 גרם,מיה,IL,שומשום 100ג,גרמים,100.00,100 גרם,false,,3.90,0.0390,true,1,14894
7290002319221,false,חיטה מיה 500 גרם,מיה,IL,חיטה מיה 500 גרם,גרמים,500.00,100 גרם,false,,5.50,0.0110,true,1,14907
7290002319740,false,אגוזים טחונים 100 גר' מיה,מיה,IL,אגוז טחון 100 גרם,גרמים,100.00,100 גרם,false,,10.90,0.1090,true,1,14934
7290002319771,false,"תמצית אפיה וניל 50מ""ל מיה",מיה,IL,תמצית אפיה וניל,מיליליטרים,50.00,"100 מ""ל",false,,2.90,0.0580,true,1,14936
7290002319788,false,"תמצית אפיה רום 50 מ""ל מיה",מיה,IL,תמצית אפיה רום,מיליליטרים,60.00,"100 מ""ל",false,,2.90,0.0483,true,1,14937
7290002327042,false,"בורקס תפו""א 800 גרם שלושת האופים",TLV צ'יף,IL,"בורקס תפו""א 800 ג",גרמים,800.00,100 גרם,false,,19.90,0.0249,true,1,16854
7290002327059,false,"בצק עלים 1 ק""ג שלושת האופים",,,בצק עלים 1 ק`ג,קילוגרמים,1.00,"ק""ג",false,,19.90,19.9000,true,1,16855
7290002327073,false,בורקס גבינה 800 גרם שלושת האופים,TLV צ'יף,IL,בורקס גבינה 800 גרם,גרמים,800.00,100 גרם,false,,19.90,0.0249,true,1,16857
7290002331094,false,"נביעות+ מים טעם ענבים 755מ""ל",נביעות טבע הגליל בעמ,IL,755מל מים מינרלים TO,מיליליטרים,755.00,"100 מ""ל",false,,3.90,0.0052,true,1,6873
7290002331360,false,"נביעות מים מינרליים טו גו מארז 500X6מ""ל",נביעות,IL,נביעות TO GO שישייה,ליטרים,3.00,ליטר,false,,14.90,4.9667,true,1,6883
7290002331421,false,"מים אישי נביעות מארז שישייה* 755 מ""ל",נביעות,,נביעות 6*755מל,ליטרים,4.53,ליטר,false,,16.90,3.7307,true,1,6884
7290002331483,false,שישיית מים נביעות בייב 330 מל,נביעות טבע הגליל בעמ,IL,נביעות בייבי 320*6 מ,ליטרים,1.92,ליטר,false,,13.90,7.2396,true,1,6886
7290002344032,false,סחבות מיקרופייבר מא,,,סחבות מיקרופייבר מא,יחידה,0.00,יחידה,false,,12.90,0.0000,true,1,271616
7290002344056,false,מטליות מיקרופייבר מ,,,מטליות מיקרופייבר מ,יחידה,0.00,יחידה,false,,12.90,0.0000,true,1,271617
7290002345022,false,אנטריקוט דק דק אל גאצ'ו 250ג' מינוט,"טיבון ויל אחזקות בע""",IL,אנטריקוט דקדק 250 ג,גרמים,250.00,100 גרם,false,,15.90,0.0636,true,1,16864
7290002353836,false,סרדינים רוברט בשמן זית 115 גרם,קונסרבס פורטוגל נורט,PT,סרדינים רוברט בשמן ז,גרמים,120.00,100 גרם,false,,8.90,0.0742,true,1,16874
7290002360124,false,פומפדור חליטת צמחים ורד הבר והיביסקו חדש,טיקנה,DE,פומפדור חליטת ורד הב,גרמים,30.00,100 גרם,false,,15.90,0.5300,true,1,21431
7290002360278,false,חליטת תה מנטה פומפדור 20 שקיקים,"איטיליאן פוד, אס.פי.",DE,פומפדור חליטת מנטה 2,גרמים,45.00,100 גרם,false,,15.90,0.3533,true,1,21435
7290002371526,false,סלסולי פסטרמה שום וצילי 120 גר טירת צבי,הנסיך- מפעל לייצור ט,IL,טירת צבי סלסולי פסטר,גרמים,120.00,100 גרם,false,,12.80,0.1067,true,1,25344
7290002371854,false,"נקניקיות עוף מתובלות 1 ק""ג טירת צבי",הנסיך- מפעל לייצור ט,IL,נקניקיות עוף מתובלות,קילוגרמים,1.00,"ק""ג",false,,24.90,24.9000,true,1,25348
7290002371939,false,סרוולד בסגנון צרפתי דליקטיב 120 גרם,הנסיך- מפעל לייצור ט,IL,טירת צבי סרוולד צרפת,גרמים,120.00,100 גרם,false,,27.00,0.2250,true,1,25349
7290002374268,false,שמן חמניות מילומור 1 ליטר,,,שמן חמניות מילומור 1,ליטרים,1.00,ליטר,false,,9.90,9.9000,true,1,29355
7290002374312,false,"שמן קנולה מילומור 1 ל' עד""ח","נארז ע""י : א.ג. גילר",IL,שמן קנולה מילומור 1,ליטרים,1.00,ליטר,false,,11.90,11.9000,true,1,29356
7290002374640,false,שמן קנולה פלוס אומגה 3 1 ליטר עץ הזית,,,שמן קנולה פלוס אומגה,ליטרים,1.00,ליטר,false,,16.90,16.9000,true,1,29358
7290002404590,false,"היוצר בראשית מרלו 750 מ""ל ^^^",,,יין היוצר בראשית רזר,מיליליטרים,750.00,"100 מ""ל",false,,37.90,0.0505,true,1,11872
7290002404606,false,"היוצר בראשית שיראז 750 מ""ל ^^^",,,יין היוצר בראשית שיר,מיליליטרים,750.00,"100 מ""ל",false,,37.90,0.0505,true,1,11873
7290002404958,false,יין גינוסר1 ליטר,,,גינוסר 1 ליטר,ליטרים,1.00,ליטר,false,,14.90,14.9000,true,1,11888
7290002404965,false,"יין מוריה 750 מ""ל",,,"מוריה 750 מ""ל",מיליליטרים,750.00,"100 מ""ל",false,,16.90,0.0225,true,1,11889
7290002407348,false,"שמן זית כתית מעולה 750 מ""ל ג'השאן",,,שמן זית כתית מעולה ג,מיליליטרים,750.00,"100 מ""ל",false,,29.90,0.0399,true,1,5036
7290002410829,false,קבב מרוקאי 800 גרם,לאטי עזרא,,קבב מרוקאי 800 גרם,גרמים,800.00,100 גרם,false,,45.90,0.0574,true,1,16881
7290002512011,false,צנעני גחנון 900 גרם,,IL,צנעני גחנון 900 גרם,גרמים,900.00,100 גרם,false,,21.90,0.0243,true,1,51581
7290002517269,false,תבלין פלפל שחור שלם 35ג',תות ממתקי איכות,IL,תבלין פלפל שחור שלם,גרמים,35.00,100 גרם,false,,7.00,0.2000,true,1,42410
7290002542780,false,"שישייה בירה סטלה ארטואה בקבוק 330X6 מ""ל",סטלה,BE,סטלה ארטואה בקבוק 6*,ליטרים,1.98,ליטר,false,,35.90,18.1313,true,1,145265
7290002543046,false,קלוגס פרוסטיס דגנים וסוכר 750ג',קלוג מנייופרטורינג א,ES,פרוסטיס דגני קלוגס 7,גרמים,750.00,100 גרם,false,,15.90,0.0212,true,1,5285
7290002543237,false,קלוגס קורן פלקס 750 גרם,קלוגס קומפני אוף גרי,IL,קורנפלקס קלוגס 750 ג,גרמים,750.00,100 גרם,false,,14.90,0.0199,true,1,5289
7290002651116,false,"גחנון חמסי 1 ק""ג",מעדני הטלה,,"גחנון חמסי 1 ק""ג",קילוגרמים,1.00,"ק""ג",false,,15.90,15.9000,true,1,16910
7290002651123,false,חמסי מלווח 1 קילו,חמסי,,"מלווח חמסי 1 ק""ג",קילוגרמים,1.00,"ק""ג",false,,15.90,15.9000,true,1,16911
7290002651253,false,ג'חנון אפוי חמסי 60,מעדני הטלה,,ג'חנון אפוי חמסי 60,גרמים,600.00,100 גרם,false,,15.90,0.0265,true,1,16912
7290002674221,false,"אקווה פרש משחת שינים משאבה מנטה 100 מ""ל",DE MICLEN,,מש.שיניים משאבה מנטה,מיליליטרים,100.00,"100 מ""ל",false,,13.00,0.1300,true,1,3810
7290002692393,false,שמן קנולה מועשר1 ליטר-עץ הזית,,IL,שמן קנולה מועשר עץ ה,ליטרים,1.00,ליטר,false,,15.90,15.9000,true,1,29360
7290002692478,false,"שמן זית כתית מעולה 750מ""ל מעודן עץ הזית","מרקאולאו, ספרד.אבסה,",IT,שמן זית כתית מעולה מ,מיליליטרים,750.00,"100 מ""ל",false,,33.90,0.0452,true,1,29362
7290002692768,false,"תרסיס קנולה מופחת קלוריות 200 מ""ל עץ הזית",קומפניה,IT,תרסיס שמן קנולה עץ ה,מיליליטרים,200.00,"100 מ""ל",false,,15.90,0.0795,true,1,29365
7290002692775,false,"שמן תרסיס טעם חמאה 200 מ""ל לל""תוספת גז ""עץ הזית""",,IL,תרסיס שמן קנולה בטעם,מיליליטרים,200.00,"100 מ""ל",false,,15.90,0.0795,true,1,29366
7290002692782,false,"תרסיס שמן זית כתית מעולה עץ הזית 150 מ""ל","נארז ע""י : א.ג. גילר",IT,תרסיס שמן זית עץ הזי,מיליליטרים,200.00,"100 מ""ל",false,,15.90,0.0795,true,1,29367
7290002703068,false,צנצנת דבש עין חרוד 1,,,צנצנת דבש עין חרוד 1,קילוגרמים,1.00,"ק""ג",false,,40.90,40.9000,true,1,47432
7290002703358,false,צנצנת דבש עין חרוד 3,,,צנצנת דבש עין חרוד 3,גרמים,350.00,100 גרם,false,,15.90,0.0454,true,1,47438
7290002703402,false,דבש עין חרוד 400 גרם,,,דבש עין חרוד 400 גרם,גרמים,400.00,100 גרם,false,,19.90,0.0497,true,1,47439
7290002703662,false,סילאן 100% טבעי צנצנ,,,סילאן 100% טבעי צנצנ,גרמים,900.00,100 גרם,false,,19.90,0.0221,true,1,47443
7290002730262,false,פלמוליב כלים שקוף קלאסי 750 בקבוק חדש,יבואן ומשווק: ש. שסט,GR,פלמוליב לכלים קלאסי,מיליליטרים,750.00,"100 מ""ל",false,,11.90,0.0159,true,1,21440
7290002730521,false,צימרוני אוזניים בלונס בקופסא 200 יח',ספטונה,GR,צמרונים בקופסא בלונס,יחידה,0.00,יחידה,false,,6.90,0.0000,true,1,21443
7290002730675,false,"קולגייט משחת שיניים אדומה משפחתי 100 מ""ל",קולגייט פלמוליב,PL,משחת שיניים משפחתי ק,מיליליטרים,100.00,"100 מ""ל",false,,10.90,0.1090,true,1,21446
7290002730811,false,"קולגייט משחת שיניים ג'ל משפחתי 100מ""ל",הנסיך- מפעל לייצור ט,PL,משחת שיניים גל משפחת,מיליליטרים,100.00,"100 מ""ל",false,,13.10,0.1310,true,1,21447
7290002730941,false,בלונס צמר גפן פרוס 100 ג',הנסיך- מפעל לייצור ט,GR,צמר גפן פרוס בלונס 1,גרמים,100.00,100 גרם,false,,6.90,0.0690,true,1,21451
7290002730958,false,פלמוליב סבון מוצק? ירוק זית רביעייה * 100 ג',הנסיך- מפעל לייצור ט,TR,סבון מוצק ירוק זית פ,גרמים,400.00,100 גרם,false,,16.90,0.0422,true,1,21452
7290002735007,false,"בצק עלים 1 ק""ג",,,"בצק עלים 1 ק""ג",קילוגרמים,1.00,"ק""ג",false,,13.90,13.9000,true,1,20424
7290002735014,false,ינון מלווח ארוז 800,ג'נרל מילס סאן אדריא,IL,ינון מלווח ארוז 800,גרמים,800.00,100 גרם,false,,13.90,0.0174,true,1,20425
7290002735021,false,ינון גחנון ארוז 750,ג'נרל מילס סאן אדריא,IL,ינון גחנון ארוז 750,גרמים,750.00,100 גרם,false,,13.90,0.0185,true,1,20426
7290002735113,false,בורקס גבינה ינון 800,,,בורקס גבינה ינון 800,גרמים,800.00,100 גרם,false,,15.90,0.0199,true,1,20427
7290002735120,false,"בורקס תפו""א ינון 800",,,"בורקס תפו""א ינון 800",גרמים,800.00,100 גרם,false,,13.90,0.0174,true,1,20428
7290002735274,false,גחנון אפוי ינון 600ג,ג'נרל מילס סאן אדריא,IL,ינון גחנון אפוי 600,גרמים,600.00,100 גרם,false,,14.90,0.0248,true,1,20431
7290002752332,false,"סוכריות מנטוס פירות בגליל, 37.5 גרם",הדקלאים אגודת שיתופי,NL,מנטוס .סוכריות פירות,גרמים,37.50,100 גרם,false,,2.90,0.0773,true,1,12747
7290002752349,false,סוכריות מנטוס מנטה 40יח' בגליל 38ג',פרפטי ואן מלה,NL,מנטוס סוכריות מנטה 3,גרמים,37.50,100 גרם,false,,2.90,0.0773,true,1,12748
7290002757139,false,מלאווח תימני מקורי 3 האופים 700 גר',TLV צ'יף,IL,שלושת האופים מלוואח,גרמים,700.00,100 גרם,false,,12.90,0.0184,true,1,16930
7290002757511,false,קציצות דג לבישול דלידג 750ג',האי נאם סי או אל.טי.,IL,דלידג קציצות דג לביש,גרמים,750.00,100 גרם,false,,30.90,0.0412,true,1,16933
7290002757665,false,קבב מזרחי טיבון ויל 400 ג',,,קבב מזרחי 400 גרם,גרמים,400.00,100 גרם,false,,9.90,0.0248,true,1,16937
7290002757672,false,המבורגר מזרחי טיבון ויל 400ג',,,המבורגר 400גרם נטו,גרמים,400.00,100 גרם,false,,9.90,0.0248,true,1,16938
7290002768074,false,דרמופון - סבון נוזלי 1 ליטר,טרופיקל דגיל תעשיות,IL,סבון נוזלי דרמופון 1,יחידה,0.00,יחידה,false,,16.90,0.0000,true,1,29854
7290002768159,false,"בת אורן סבון קצף לאמבט 500 מ""ל",פארק תעשיות עמק חפרמ,IL,קצף אמבט בת אורן 500,מיליליטרים,500.00,"100 מ""ל",false,,16.90,0.0338,true,1,29855
7290002782131,false,"פנינה רוזנבלום - דאודורנט ספריי לאישה מס' 1 150 מ""ל",,,דאו' ספריי לאישה פ.ר,מיליליטרים,150.00,"100 מ""ל",false,,22.20,0.1480,true,1,18114
7290002782759,false,"פנינה קרם גוף רוזנבלום 400 מ""ל",א.ל ארמן,,קרם גוף מס' 2 פנינה,מיליליטרים,400.00,"100 מ""ל",false,,22.90,0.0572,true,1,18117
7290002793311,false,שירות והחלפה מילוי גז 60 סודהסטרים,סודה סטרים,,מילוי למכשיר 50,יחידה,0.00,יחידה,false,,60.00,0.0000,true,1,17529
7290002814054,false,סנט מוריץ מתז אנטרטיק מתז 1 ליטר,קומפלקס כימיקלים,IL,אנטרקטיק במתז 1 ליטר,ליטרים,1.00,ליטר,false,,9.90,9.9000,true,1,20107
7290002814160,false,מסיר שומנים קר סנט מ,,,מסיר שומנים קר סנט מ,יחידה,0.00,יחידה,false,,18.90,0.0000,true,1,20111
7290002814290,false,BLANCO קצף אקונומיקה מרוכז 1 ליטר בניחוח לימון,קומפלקס כימיקלים,IL,קצף מרוכז 1 ליטר בלנ,ליטרים,1.00,ליטר,false,,10.90,10.9000,true,1,76939
7290002814603,false,"סנט מוריץ - מרסס מסיר שומנים קר מבושם לימון 750 מ""ל",,,מסיר שומנים קר מבושם,מיליליטרים,750.00,"100 מ""ל",false,,12.90,0.0172,true,1,20123
7290002814870,false,"סנט מוריץ - מרסס מסיר שומנים קר מבושם לוונדר\פרחים 750 מ""ל",,IL,מסיר שומנים קר מבושם,מיליליטרים,750.00,"100 מ""ל",false,,12.90,0.0172,true,1,20124
7290002814931,false,נוזל רצפות שמפו פרחים סנט מוריץ 4 ליטר,קומפלקס כימיקלים,IL,חומר לניקוי רצפה 4 ל,ליטרים,4.00,ליטר,false,,10.90,2.7250,true,1,20127
7290002824183,false,גבינה לבנה 5% שומן 500 ג' שטראוס,מיוצר עי קונדיטוריית,IL,גבינה לבנה 5% סקי 50,גרמים,500.00,100 גרם,false,,9.50,0.0190,true,1,23269
7290002824466,false,יוגורט דנונה ביו 0% 200 גרם,"שטראוס בריאות בע""מ",IL,דנונה יוגורט ביו 0%,מיליליטרים,200.00,"100 מ""ל",false,,3.90,0.0195,true,1,23270
7290002824640,false,גבינה שטראוס 5% 250 ג',מיוצר עי קונדיטוריית,IL,גבינה 5% סקי 250 גרם,גרמים,250.00,100 גרם,false,,4.98,0.0199,true,1,23271
7290002825722,false,סלט כרוב אדום אחלה,מיוצר עי קונדיטוריית,IL,אחלה כרוב אדום 500ג,גרמים,500.00,100 גרם,false,,14.10,0.0282,true,1,23273
7290002827306,false,נקניקיות עוף ירושלים מחפוד 400 ג',,,עוף ירושלים נקניקיות,גרמים,400.00,100 גרם,false,,10.90,0.0273,true,1,47111
7290002830948,false,גבינה מון בלאן עיזים 120 גר,סלס קרית מלאכי ישראל,IL,מון בלאן גבינת עיזים,גרמים,120.00,100 גרם,false,,11.90,0.0992,true,1,16971
7290002868996,false,קוטג' 5% מועשר טרה 250ג' מהדרין,טרה,IL,טרה קוטג מועשר 5% 25,גרמים,250.00,100 גרם,false,,5.60,0.0224,true,1,6382
7290002871248,false,"בירה טובורג רד חוזר 500 מ""ל",מבשלות בירה בינלאומי,IL,בירה טובורג רד בקבוק,מיליליטרים,500.00,"100 מ""ל",false,,7.90,0.0158,true,1,6906
7290002871361,false,"קרלסברג בירה בק.חוזר 500 מ""ל",מבשלות בירה בינלאומי,IL,קרלסברג בירה בק.חוזר,מיליליטרים,500.00,"100 מ""ל",false,,7.90,0.0158,true,1,6907
7290002881018,false,מעדן תות שדה 100% 284 גרם,,,סן מורנו מעדן תות שד,גרמים,284.00,100 גרם,false,,11.90,0.0419,true,1,24936
7290002881032,false,מעדן אוכמניות כחולות 100% 284 גרם,,,סן מורנו מעדן אוכמני,גרמים,284.00,100 גרם,false,,11.90,0.0419,true,1,24938
7290002881230,false,אננס חתוך תומר 825 גרם,,IL,אננס חתוך תומר 850 ג,גרמים,850.00,100 גרם,false,,9.90,0.0116,true,1,24951
7290002881254,false,קוקטייל פירות טרופי תומר 820 ג',סאנרייז,,קוקטייל טרופי תומר 8,גרמים,850.00,100 גרם,false,,9.90,0.0116,true,1,24953
7290002881278,false,אפרסק חצאים תומר 820,,,אפרסק חצאים תומר 820,גרמים,820.00,100 גרם,false,,9.90,0.0121,true,1,24955
7290002881346,false,אגסים חצאים תומר 820 ג',,,אגסים חצאים תומר 820,גרמים,820.00,100 גרם,false,,9.90,0.0121,true,1,24957
7290002881414,false,נודלס עבה תומר 400ג'30X,,,נודלס עבה תומר 400 ג,גרמים,400.00,100 גרם,false,,7.90,0.0198,true,1,24961
7290002881742,false,לבבות דקל פרוסות תומר 400 ג',,IL,לבבות דקל פרוסות תומ,גרמים,400.00,100 גרם,false,,7.90,0.0198,true,1,24975
7290002881940,false,סרדינים מרוקאי בשמן חמניות 125ג' תומר,,,סרדין מרוקאי בשמן תו,גרמים,125.00,100 גרם,false,,4.90,0.0392,true,1,24983
7290002881957,false,סרדינים מרוקאי חריף בשמן חמניות 125ג' תומר,,,סרדין מרוקאי חריף תו,גרמים,125.00,100 גרם,false,,4.90,0.0392,true,1,24984
7290002900566,false,פסטרמה ברביקיו דל שומן טירת צבי 360 ג',הנסיך- מפעל לייצור ט,IL,פסטרמה ברביקיו דל שו,גרמים,360.00,100 גרם,false,,27.90,0.0775,true,1,25352
7290002904694,false,"טיטניום דאודורנט ספריי לגברים 150 מ""ל",אמיליה קוסמטיקס בעמ,IL,דאודורנט ספריי קלאסי,מיליליטרים,180.00,"100 מ""ל",false,,15.90,0.0883,true,1,29856
7290002909972,false,שעועית ירוקה שלמה בלדי 800 גר',,,שעועית ירוקה שלמה מו,גרמים,800.00,100 גרם,false,,11.90,0.0149,true,1,295100
7290002909989,false,"שעועית ירוקה חתוכה 800 גר' בד""ץ (ממותג)",,,שעועית ירוקה חתוכה ב,גרמים,800.00,100 גרם,false,,11.90,0.0149,true,1,295088
7290002921165,false,"הזלין ספריי לניקוי מוצרי עור 400 מ""ל",יוליניבר,,הזלין: חלב עור 250 מ,מיליליטרים,400.00,"100 מ""ל",false,,32.90,0.0822,true,1,11293
7290002921240,false,"שמפוזר מסיר כתים משטיחים קרבונה, 650 מ""ל",יוליניבר,MX,שמפוזר מסיר כתים משט,מיליליטרים,650.00,"100 מ""ל",false,,27.90,0.0429,true,1,11296
7290002921349,false,דבק סופר גלו מארז זוגי,הנקל,,סופר גלו 3 זוגי,יחידה,0.00,יחידה,false,,13.90,0.0000,true,1,11298
7290002971955,false,"קמח שטיבל 650 ללא ניפוי 1 ק""ג",,,קמח לבן 650 ללא צורך,קילוגרמים,1.00,"ק""ג",false,,8.50,8.5000,true,1,9224
7290002971986,false,קמח שיפון ללא צורך ב,,,קמח שיפון ללא צורך ב,קילוגרמים,1.00,"ק""ג",false,,7.90,7.9000,true,1,9225
7290002972365,false,קמח תופח שטיבל 13 ללא צורך בניפוי 1 קג,מיוצר עי קונדיטוריית,IL,קמח תופח ללא צורך בנ,קילוגרמים,1.00,"ק""ג",false,,8.50,8.5000,true,1,9228
7290002973676,false,"קמח שטיבל לחלה 18 ללא ניפוי 1 ק""ג",,,קמח לחלה ללא צורך בנ,קילוגרמים,1.00,"ק""ג",false,,7.90,7.9000,true,1,92785
7290002973812,false,קמח כוסמין 80% ללא צ,,,קמח כוסמין 80% ללא צ,קילוגרמים,1.00,"ק""ג",false,,14.90,14.9000,true,1,95979
7290002974338,false,"קמח מניטובה מנופה ""0",,,"קמח מניטובה מנופה ""0",קילוגרמים,1.00,"ק""ג",false,,12.90,12.9000,true,1,172046
7290002986652,false,גטניו פתי בר שוקו 470 גרם,"אחים גטניו בע""מ",,גטניו - פתיבר שוקו 4,גרמים,470.00,100 גרם,false,,9.90,0.0211,true,1,41276
7290002987963,false,"סלט חומוס אחלה 1 ק""ג",מיוצר עי קונדיטוריית,IL,אחלה חומוס 1קג,קילוגרמים,1.00,"ק""ג",false,,13.90,13.9000,true,1,23274
7290003009183,false,"סירופ דיאט תפוחים פריגת 750 מ""ל",גת,IL,סירופ דיאט תפוחים פר,מיליליטרים,750.00,"100 מ""ל",false,,21.60,0.0288,true,1,6915
7290003009312,false,בוטן קלוי קלית גת 200 ג',הדקלאים אגודת שיתופי,IL,בוטן קלוי 200 גרם,גרמים,200.00,100 גרם,false,,7.90,0.0395,true,1,12752
7290003009329,false,בוטן אמריקאי קלית גת 200 ג',הדקלאים אגודת שיתופי,IL,בוטן אמריקאי מצופה 2,גרמים,200.00,100 גרם,false,,6.50,0.0325,true,1,12753
7290003009336,false,קבוקים מצופים קליית,הדקלאים אגודת שיתופי,IL,קבוקים מצופים 200 גר,גרמים,200.00,100 גרם,false,,6.50,0.0325,true,1,12754
7290003009640,false,מיץ סחוט תפוזים 1 ל' פריגת,גת,IL,פריגת סחוט מיץ תפוזי,ליטרים,1.00,ליטר,false,,15.90,15.9000,true,1,6384
7290003011087,false,אורז בסמטי אלפאנט 1 קג,,,אלסקה אורז בסמטי אלפ,קילוגרמים,1.00,"ק""ג",false,,9.90,9.9000,true,1,4618
7290003015641,false,סנו ריצפז פרש 2 ליטר יסמין,סנו,IL,ריצפז פרש יסמין 2 לי,ליטרים,2.00,ליטר,false,,18.90,9.4500,true,1,29867
7290003029181,false,משקה יטבתה שוקו' בקבוק 1ל מהדרין,מחלבת יטבתה,IL,יטבתה שוקו בקבוק 1ל,ליטרים,1.00,ליטר,false,,11.90,11.9000,true,1,23278
7290003029372,false,משקה חלב בננה בקבוק 1ל' יוטבתה,מחלבת יטבתה,IL,יטבתה משקה חלב בננה,ליטרים,1.00,ליטר,false,,11.90,11.9000,true,1,23281
7290003029389,false,"משקה חלב בננה פקק ספורט 250 מ""ל יוטבתה",שטראוס גרופ,IL,יטבתה משקה חלב בננה+,מיליליטרים,250.00,"100 מ""ל",false,,5.50,0.0220,true,1,23282
7290003029433,false,"משקה יטבתה שוקו פקק 250 מ""ל מהדרין",מחלבת יטבתה,IL,יטבתה שוקו +פקק 250,מיליליטרים,250.00,"100 מ""ל",false,,5.50,0.0220,true,1,23283
7290003029792,false,"משקה יטבתה שוקו שקיות מהדרין מארז 225X8מ""ל",שטראוס גרופ,,יטבתה מהדרין שוקו שק,ליטרים,1.80,ליטר,false,,19.90,11.0556,true,1,23287
7290003029815,false,חלב יוטבתה מועשר 3% בכד 2ל',מחלבת יטבתה,IL,חלב מועשר בכד2 ליטר,ליטרים,2.00,ליטר,false,,15.90,7.9500,true,1,23288
7290003029907,false,משקה יטבתה אייס קפה 1ליטר,מחלבת יטבתה,IL,יטבתה אייס קפה 1ל,ליטרים,1.00,ליטר,false,,11.90,11.9000,true,1,23290
7290003054190,false,מסטמכר לחם שיפון עם שלושה דגנים 500ג,מסטמכר,DE,לחם שיפון 3 דגנים מס,גרמים,500.00,100 גרם,false,,13.90,0.0278,true,1,5294
7290003054657,false,חרדל דיז'ון אקסטרא פורטה 370 ג,כלורוקס אוקלנד,FR,חרדל דיג'ון אקסטרא פ,גרמים,370.00,100 גרם,false,,10.90,0.0295,true,1,5298
7290003072804,false,פסטרמה של פעם טירת צבי 200 ג',,IL,טירת צבי פסטרמה של פ,גרמים,200.00,100 גרם,false,,19.90,0.0995,true,1,25372
7290003072811,false,נקנקיות בראטוורסט טירת צבי 320 ג',,IL,טירת צבי נקניקיות בר,גרמים,320.00,100 גרם,false,,19.90,0.0622,true,1,25373
7290003072859,false,רוסטביף טירת צבי 120 ג',הנסיך- מפעל לייצור ט,IL,רוסטביף טירת צבי 120,גרמים,120.00,100 גרם,false,,22.90,0.1908,true,1,54911
7290003072965,false,קבנוס חריף מעושן טירת צבי 120 גרם,טירת צבי,IL,קבנוס חריף מעושן 120,גרמים,120.00,100 גרם,false,,9.90,0.0825,true,1,118454
7290003072972,false,קבנוס בתיבול מעושן טירת צבי 120 גרם,טירת צבי,IL,קבנוס בתיבול שום 120,גרמים,120.00,100 גרם,false,,9.90,0.0825,true,1,118455
7290003102976,false,צימרוני אוז' פל' בקופסה 200יח',הדקלאים אגודת שיתופי,CN,קיסמי אוזניים פלסטיק,יחידה,0.00,יחידה,false,,4.40,0.0000,true,1,878
7290003107216,false,"קמח לבן דגן 1 ק""ג",,,"קמח לבן דגן 1 ק""ג",קילוגרמים,1.00,"ק""ג",false,,6.50,6.5000,true,1,9234
7290003107223,false,"סולת חיטה דגן 1 ק""ג",,,"סולת חיטה דגן 1 ק""ג",קילוגרמים,1.00,"ק""ג",false,,6.50,6.5000,true,1,9235
7290003107315,false,"סולת דגן 1 ק""ג",,,"סולת דגן 1 ק""ג",קילוגרמים,1.00,"ק""ג",false,,4.50,4.5000,true,1,9238
7290003107346,false,קמח חיטה לבן דגן 1 ק,,,קמח חיטה לבן דגן 1 ק,קילוגרמים,1.00,"ק""ג",false,,4.50,4.5000,true,1,9240
7290003126958,false,טופו גבינה גוש בואקום צוריאל 300 ג',א.י.ן תעשיות מזון בע,IL,צוריאל גבינה גוש טופ,גרמים,300.00,100 גרם,false,,12.90,0.0430,true,1,6389
7290003133123,false,לחם זהב עגול אוקראיני 750 ג',מאפיית דוידוביץ ובני,IL,לחם אוקראיני מיוחד ע,גרמים,750.00,100 גרם,false,,12.90,0.0172,true,1,315808
7290003141159,false,יוגטה מרשמלו תות וניל 180 גרם,סאדאט,IL,יוגטה מרשמלו 180 גר',גרמים,180.00,100 גרם,false,,6.90,0.0383,true,1,41993
7290003142422,false,גרעיני חמניה בשקית ללא מלח קליית גת 180 גרם,,,גרעיני חמניה ללא מלח,גרמים,180.00,100 גרם,false,,6.90,0.0383,true,1,12762
7290003143146,false,ממרח תמרים קליית גת 450 גרם,הדקלאים אגודת שיתופי,IL,ממרח תמרים 450 גרם,גרמים,450.00,100 גרם,false,,6.50,0.0144,true,1,12769
7290003143276,false,יוגטה מרשמלו מגולגל( 18בקר'),מוטקה החולב,IL,יוגטה מרשמלו מגולגל,גרמים,180.00,100 גרם,false,,6.90,0.0383,true,1,41997
7290003145959,false,פקאן טבעי 150 גרם קליית גת,קוד יצרן JG,IL,אגוז פקאן טבעי 150 ג,גרמים,150.00,100 גרם,false,,19.90,0.1327,true,1,12792
7290003163939,false,"נקניקיות גריל 1.5 ק""",יושלם,,"נקניקיות גריל 1.5 ק""",קילוגרמים,1.50,"ק""ג",false,,24.90,16.6000,true,1,16996
7290003185719,false,קבב רומני 500 גרם,טיבון ויל אחזקות בעמ,IL,קבב רומני 500 גרם,גרמים,500.00,100 גרם,false,,17.90,0.0358,true,1,16997
7290003185726,false,קבב מזרחי 500 גרם ט,טיבון ויל אחזקות בעמ,IL,קבב מזרחי 500 גרם,גרמים,500.00,100 גרם,false,,17.90,0.0358,true,1,16998
7290003189076,false,פיצרלה מגורדת אישית 500 גרם,,,פיצרלה חלבון צמחי,גרמים,500.00,100 גרם,false,,19.90,0.0398,true,1,18261
7290003189144,false,"גבינה הולנדית 22% שומן 1 ק""ג כפיר",,,הולנדי כפיר חלבון צ,קילוגרמים,1.00,"100 ק""ג",false,,37.90,37.9000,true,1,18263
7290003189205,false,צהובה טובה לייט קלאסית 9% 200 גר,,,הצהובה הטובה לייט קל,גרמים,200.00,100 גרם,false,,13.90,0.0695,true,1,18266
7290003220403,false,מעדני המלך- קרקר מלוח 110 גרם,,,מעדני המלך קרקר עם מ,גרמים,110.00,100 גרם,false,,2.90,0.0264,true,1,41283
7290003220410,false,קרקר שומשום 110 ג' נאפה מעדני מלך,,,מעדני המלך קרקר שומש,גרמים,110.00,100 גרם,false,,2.90,0.0264,true,1,41284
7290003220526,false,"WOK רוטב צ'ילי חריף 700 מ""ל",THAI PREEDA TRADING,,רוטב צ'ילי חריף 700,מיליליטרים,700.00,"100 מ""ל",false,,10.90,0.0156,true,1,41292
7290003220977,false,עוגיות חצי ירח מצופה 175 נאפה מעדני מלך,אפיפית,IL,מעדני מלך ירח חצי מצ,גרמים,175.00,100 גרם,false,,5.90,0.0337,true,1,126551
7290003229116,false,פסטרמה בדבש 400 גרםטירת צבי,הנסיך- מפעל לייצור ט,IL,א.מ פסטרמה בדבש 400,גרמים,400.00,100 גרם,false,,26.90,0.0672,true,1,25379
7290003229123,false,פסטרמה על גחלים 400 גרםטירת צבי,הנסיך- מפעל לייצור ט,IL,א.מ. פסטרמה על גחלים,גרמים,400.00,100 גרם,false,,26.90,0.0672,true,1,25380
7290003229192,false,כתף בקר מעושן טירת צבי 400 ג' צבי,טיב טירת צבי 2000,IL,א.מ. כתף בקר מעושן 4,גרמים,400.00,100 גרם,false,,26.90,0.0672,true,1,25384
7290003229215,false,פסטרמה איטלקית טירת צבי 360 ג',,,פסטרמה איטלקית 360 ג,גרמים,360.00,100 גרם,false,,27.90,0.0775,true,1,25386
7290003251308,false,אציטון משובח 100מל,שוורץ,,"אציטון משובח 100 מ""",מיליליטרים,100.00,"100 מ""ל",false,,3.90,0.0390,true,1,21180
7290003258284,false,"פנינה קרם גוף מס' 3, 350 מ""ל",,,קרם גוף מס' 3 פנינה,מיליליטרים,350.00,"100 מ""ל",false,,28.90,0.0826,true,1,18112
7290003268429,false,לחם ירוק מקמח מלא 750 ג' דגנית עין בר,מולינו ניקולי s.p.a,IL,לחם מקמח מלא דגנית 7,גרמים,750.00,100 גרם,false,,14.90,0.0199,true,1,4508
7290003287253,false,נקנקיות מרגז בלאדי 500 ג',קרלו,IL,מרגז קצביה ארוז 600,גרמים,600.00,100 גרם,false,,28.90,0.0482,true,1,35316
7290003287284,false,קבב ביתי קצביה ארוז 600 ג' - 8 יח',,,קבב ביתי קצביה ארוז,גרמים,600.00,100 גרם,false,,28.90,0.0482,true,1,35318
7290003287291,false,קבב טלה וצנובר קצביה ארוז 600 ג' - 8 יח',יוליניבר,IL,קבב טלה וצנובר קצביה,גרמים,600.00,100 גרם,false,,28.90,0.0482,true,1,202007
7290003318100,false,וופל בטעם שוקולד מנעמים 200 ג',,,ופל שוקו מנעמים 200,גרמים,200.00,100 גרם,false,,4.30,0.0215,true,1,36057
7290003318131,false,וופל שוקו זהב מנעמית 200ג',,,ופל אגוז מנעמים 200,גרמים,200.00,100 גרם,false,,4.30,0.0215,true,1,36058
7290003318155,false,וופל טעם לימון מנעמים 200 ג',,,ופל לימון מנעמים 200,גרמים,250.00,100 גרם,false,,4.30,0.0172,true,1,36059
7290003318599,false,"וופל וניל ""מנעמית"" 200 ג'",,,ופל וניל מנעמים 200,גרמים,200.00,100 גרם,false,,4.30,0.0215,true,1,36061
7290003321155,false,יוגורט בר עם פקאן מצופה שוקולד 183 ג' דנונה,"שטראוס בריאות בע""מ",IL,דנונה קראנצ' ששבי פק,מיליליטרים,183.00,"100 מ""ל",false,,4.90,0.0268,true,1,23291
7290003321292,false,גבינה לבנה 9% שומן 250 ג' שטראוס,מיוצר עי קונדיטוריית,IL,גבינה 9% סקי 250 גרם,גרמים,250.00,100 גרם,false,,5.00,0.0200,true,1,23292
7290003332007,false,קפה נחלה סובחי 250ג,סובחי נחלה ובניו,,קפה נחלה סובחי 250ג,גרמים,250.00,100 גרם,false,,13.90,0.0556,true,1,33770
7290003332014,false,קפה נחלה סובחי 500 ג,,,קפה נחלה סובחי 500 ג,גרמים,500.00,100 גרם,false,,27.90,0.0558,true,1,33771
7290003387410,false,בלונס פדים להסרת איפור שלישייה,SEPTONA S.A.,GR,מגבונים להסרת איפור,יחידה,0.00,יחידה,false,,19.90,0.0000,true,1,21455
7290003411238,false,שמרים יבשים נמסים הנ,ברוגמאן גנט,BE,ברוגמן שמרים יבשים נ,גרמים,500.00,100 גרם,false,,14.90,0.0298,true,1,7839
7290003411276,false,עמבה הודית מובחרת הנמל 600ג',טרופיקל דגיל תעשיות,IL,עמבה מובחרת 500 גרם,גרמים,500.00,100 גרם,false,,8.90,0.0178,true,1,7840
7290003411566,false,צמרוני אוזניים עץ 20,שוורצקוף& הנקל דיסלד,CN,צמרוני אוזניים עץ 20,יחידה,0.00,יחידה,false,,2.90,0.0000,true,1,7848
7290003411689,false,ליפתניות חד פעמי 25,הנמל אריזות ושיווק ב,IL,לפתניות 25 יח,יחידה,0.00,יחידה,false,,4.90,0.0000,true,1,7851
7290003411696,false,"מרקיות לבן ח""פ הנמל 25 יח'",,IL,מרקיות חד פעמי 25 יח,יחידה,0.00,יחידה,false,,9.90,0.0000,true,1,7852
7290003411993,false,גפרורים הנמל 10 יחיד,"איטיליאן פוד, אס.פי.",SE,גפרורים 10 יחידות,יחידה,0.00,יחידה,false,,2.90,0.0000,true,1,7863
7290003427154,false,"שמן זית כתית מעולה מעודן זיתא 750 מ""ל",זיתא – י.ט.ב תעשיות,IL,שמן זית כתית מעולה ז,מיליליטרים,750.00,"100 מ""ל",false,,33.90,0.0452,true,1,24632
7290003438006,false,ממרח אולביה פסטו וצנובר איטלקי 190ג',מיוצר עי קונדיטוריית,IL,אוליביה ממרח פסטו אי,גרמים,180.00,100 גרם,false,,13.90,0.0772,true,1,52035
7290003438709,false,ממרח אולביה זיתים שחורים וירוקים 190 ג',גוד פוד פרודקטס S.p,IL,אוליביה ממרח זיתים ש,גרמים,190.00,100 גרם,false,,13.90,0.0732,true,1,52039
7290003444009,false,חטיף הרשי ריזס שוקולד חלב 42 גר,הרשי,,ריזס שוקולד חלב במיל,גרמים,42.00,100 גרם,false,,3.90,0.0929,true,1,12528
7290003457991,false,טילון קורנטו וניל עם וופל ואגוזי לוז מסוכרים,"גלידת שטראוס בע""מ, ר",IL,מאגדת קורנטו קלאסיק,גרמים,300.00,100 גרם,false,,33.90,0.1130,true,1,4246
7290003461677,false,"חומוס אסלי שמיר 1 ק""ג",,IL,"חומוס אסלי 1 ק""ג",קילוגרמים,1.00,"ק""ג",false,,11.90,11.9000,true,1,17694
7290003461868,false,"חציל במיונז אסלי שמיר 1 ק""ג",,IL,"חציל במיונז 1ק""ג",קילוגרמים,1.00,"ק""ג",false,,10.90,10.9000,true,1,17695
7290003514007,false,מנה שקדי מרק מנה 400 גרם,מנה,IL,שקדי מרק מנה 400 גרם,גרמים,400.00,100 גרם,false,,9.90,0.0248,true,1,21457
7290003521074,false,"ד""ר פישר - סרקל מרכך שיער לילדים 1 ליטר",הדקלאים אגודת שיתופי,IL,סרקל מרכך שיער לילדי,יחידה,0.00,יחידה,false,,29.90,0.0000,true,1,29085
7290003521081,false,"ד""ר פישר - סרקל שמפו לילדים 1 ליטר",,,סרקל שמפו לילדים 1 ל,ליטרים,1.00,ליטר,false,,29.90,29.9000,true,1,29086
7290003521197,false,"ד""ר פישר - סרקל תרסיס מתיר קשרים 340 מ""ל",פישר מעבדות פרמצבטיו,IL,סרקל מתיר קשרים 340,מיליליטרים,340.00,"100 מ""ל",false,,24.90,0.0732,true,1,29089
7290003521203,false,שמפו לילדים סרקל 2ל',,,סרקל שמפו לילדים 2 ל,ליטרים,2.00,ליטר,false,,39.90,19.9500,true,1,29090
7290003521395,false,קמיל בלו אל סבון סנסיטיב,,,קמיל בלו אל סבון ורו,ליטרים,2.00,ליטר,false,,34.90,17.4500,true,1,29093
7290003525898,false,סלט טונה שלישיה * 180 ג' וילגיר,,,סלט טונה ויליגר שליש,גרמים,480.00,100 גרם,false,,14.90,0.0310,true,1,17010
7290003525904,false,סלט טונה פיקנטי שלישיה * 160 ג',,,סלט טונה פיקנטי וילי,גרמים,480.00,100 גרם,false,,14.90,0.0310,true,1,17011
7290003570164,false,מינוט שווארמה פרגית 300 גרם,"בלדי בע""מ",IL,מינוט שוארמה פרגית 3,גרמים,300.00,100 גרם,false,,27.90,0.0930,true,1,35328
7290003570928,false,קבב בלדי קצביה ארוז קפוא 500ג',בלאדי,IL,קבב בלדי קצביה ארוז,גרמים,500.00,100 גרם,false,,28.90,0.0578,true,1,35332
7290003578078,false,לפתן קוקטיל פירות טרופיים בסירופ 850 גרם,יוליניבר,CN,לפתן קוקטיל טרופי פי,גרמים,850.00,100 גרם,false,,9.90,0.0116,true,1,2865
7290003578108,false,חתיכות אננס בסירופ קל וילי פוד 850 גרם,טקרנג פינאפל אינדסטר,TH,אננס חתוך ויליפוד 85,גרמים,490.00,100 גרם,false,,8.90,0.0182,true,1,2867
7290003578177,false,תירס גמדי שלם ויליפוד 410 ג',מגסטיק פוד אידסטרי ק,TH,תירס גמדי שלם ויליפו,גרמים,210.00,100 גרם,false,,6.90,0.0329,true,1,2870
7290003578313,false,דובדבנים חמוצים ללא חרצנים 680ג',דל מונטה היילס אס.אי,HU,דובדבנים חמוצים ללא,גרמים,350.00,100 גרם,false,,9.90,0.0283,true,1,2873
7290003578672,false,שמן חמניות מזוכך ויליפוד 1 ל',גידה,TR,שמן חמניות 1 ליטר,ליטרים,1.00,ליטר,false,,12.90,12.9000,true,1,2876
7290003598311,false,מינוט סטייק חלק ריאה 300 ג',בלדי,IL,מינוט סטייק 300 גר'/,גרמים,300.00,100 גרם,false,,35.90,0.1197,true,1,35334
7290003643004,false,"אורז בסמטי קלאסי 1 ק""ג סוגת",האי נאם סי או אל.טי.,IL,"סוגת אורז בסמטי 1 ק""",קילוגרמים,1.00,"ק""ג",false,,13.90,13.9000,true,1,17324
7290003643134,false,סוגת סוכר וניל 10 יח,גוד פוד פרודקטס S.p,IL,סוגת סוכר וניל 10 יח,גרמים,100.00,100 גרם,false,,2.50,0.0250,true,1,17326
7290003643165,false,קורנפלור 500 ג' סוגת,,,קונפלור 500 גרם,גרמים,500.00,100 גרם,false,,4.90,0.0098,true,1,17329
7290003643325,false,קוסקוס בינוני 350 גרם סוגת,סוגת,IL,קוסקוס בינוני סוגת 3,גרמים,350.00,100 גרם,false,,4.90,0.0140,true,1,17332
7290003643387,false,"סוכר לבן בצנצנת 1 ק""ג סוגת",האי נאם סי או אל.טי.,IL,סוכר לבן בצנצנת סוגת,קילוגרמים,1.00,"ק""ג",false,,9.90,9.9000,true,1,17335
7290003643646,false,"סוכר דמררה קלאסי בצנצנת סוגת 1 ק""ג",האי נאם סי או אל.טי.,IL,סוכר דמררה בצנצנת חו,קילוגרמים,1.00,"ק""ג",false,,12.90,12.9000,true,1,17336
7290003643684,false,אפונה יבשה סוגת 500 גר',האי נאם סי או אל.טי.,IL,אפונה יבשה 500 גרם,גרמים,500.00,100 גרם,false,,5.90,0.0118,true,1,17337
7290003643707,false,גריסים 500 גרם סוגת,"סוגת תעשיות בע""מ",IL,סוגת גריסים 500גר,גרמים,500.00,100 גרם,false,,4.90,0.0098,true,1,17338
7290003643714,false,חומוס סוגת 500 גרם,האי נאם סי או אל.טי.,IL,חומוס 500 גרם,גרמים,500.00,100 גרם,false,,7.90,0.0158,true,1,17339
7290003643738,false,חיטה סוגת 500 גרם,האי נאם סי או אל.טי.,IL,סוגת חיטה 500 גר,גרמים,500.00,100 גרם,false,,4.90,0.0098,true,1,17340
7290003643745,false,כוסמת סוגת 500 גרם,האי נאם סי או אל.טי.,IL,כוסמת 500 גרם,גרמים,500.00,100 גרם,false,,7.90,0.0158,true,1,17341
7290003643752,false,עדשים ירוקים יבש סוגת 500 גר',האי נאם סי או אל.טי.,IL,עדשים ירוקות 500 גרם,גרמים,500.00,100 גרם,false,,7.90,0.0158,true,1,17342
7290003643769,false,עדשים אדומים יבש סוגת 500 גר',"סוגת תעשיות בע""מ",IL,עדשים אדומות 500 גרם,גרמים,500.00,100 גרם,false,,7.90,0.0158,true,1,17343
7290003643776,false,"פופקורן גרעינים סוגת 500 ג' כשל""פ",האי נאם סי או אל.טי.,IL,סוגת פופקורן 500 גרם,גרמים,500.00,100 גרם,false,,4.90,0.0098,true,1,17344
7290003643783,false,קוקוס סוגת 100 גרם,האי נאם סי או אל.טי.,IL,קוקוס 100 גר,גרמים,100.00,100 גרם,false,,3.90,0.0390,true,1,17345
7290003643806,false,שעועית לבנה יבשה סוגת 500 ג',האי נאם סי או אל.טי.,IL,שעועית לבנה 500 גרם,גרמים,500.00,100 גרם,false,,10.90,0.0218,true,1,17346
7290003643813,false,שעועית אדומה יבשה סוגת 500 גר',האי נאם סי או אל.טי.,IL,שעועית אדומה 500 גרם,גרמים,500.00,100 גרם,false,,10.90,0.0218,true,1,17347
7290003681051,false,אגוזי פאקן סיני מסוכר 100 גר' מיה,מיה,IL,אגוז פקאן סיני מסוכר,גרמים,100.00,100 גרם,false,,13.90,0.1390,true,1,14955
7290003681334,false,"קוקוס 400 ג' בד""ץ מיה",מיה,IL,קוקוס 400 גר. בדצ,גרמים,400.00,100 גרם,false,,11.90,0.0298,true,1,14965
7290003681532,false,דובדבנים מסוכרים 80 גר' מיה,מיה,IL,דובדבן מסוכר 80 גרם,גרמים,80.00,100 גרם,false,,5.90,0.0738,true,1,14972
7290003681693,false,חומוס לבן ענק יבש מיה 500 גר',מיה,IL,חומוס לבן ענק מיה 50,גרמים,500.00,100 גרם,false,,10.90,0.0218,true,1,14981
7290003681716,false,גריסי פנינה מיה 500 גר',מיה,IL,גריסי פנינה 500 גרם,גרמים,500.00,100 גרם,false,,4.90,0.0098,true,1,14982
7290003706167,false,בצל ירוק ארוז,,,בצל ירוק ארוז,יח',1.00,יח',false,,5.90,5.9000,true,1,35558
7290003718627,false,פול ירוק 400 גרם (ממותג),,,פול ירוק בלדי 400 גר,גרמים,400.00,100 גרם,false,,11.90,0.0298,true,1,295054
7290003726141,false,טופו משק גאיה 300גרם,ג'נרל מילס סאן אדריא,IL,טופו משק גאיה 300ג,גרמים,300.00,100 גרם,false,,12.90,0.0430,true,1,14635
7290003726615,false,טופו ויילר 300 גרם.,הדקלאים אגודת שיתופי,IL,טופו ויילר 300 גרם.,גרמים,300.00,100 גרם,false,,10.90,0.0363,true,1,23294
7290003781652,false,צלפים במי מלח ויליפוד 350 ג',סוסיטס,TR,צלפים במלח ויליפוד 3,גרמים,350.00,100 גרם,false,,8.90,0.0254,true,1,2880
7290003781850,false,גבינת קשקבל פרוסות 200 גרם,,ES,גבינת קשקבל פרוסות 2,גרמים,200.00,100 גרם,false,,19.90,0.0995,true,1,179258
7290003804320,false,תיבולית שום ופטרוזיליה 72 ג' קנור,יוניליוור ישראל מזון,IL,תיבוליות שום ופטרוזי,גרמים,72.00,100 גרם,false,,7.90,0.1097,true,1,10339
7290003864478,false,סרדינים בשמן צמחי ויליפוד 110ג' פתח קל,גולדן פרייז קאנינג א,TH,סרדין בשמן צמחי וילי,גרמים,110.00,100 גרם,false,,5.30,0.0482,true,1,2882
7290003864485,false,סרדינים ברוטב עגבנ יות ויליפוד 110ג' פתח קל,גולדן פרייז קאנינג א,TH,סרדינים ברוטב עגבניו,גרמים,120.00,100 גרם,false,,5.30,0.0442,true,1,2883
7290003864492,false,סרדינים בשמן צמחי חריף פתח קל ויליפוד 110ג',גולדן פרייז קאנינג א,TH,סרדין בשמן צמחי חריף,גרמים,120.00,100 גרם,false,,5.30,0.0442,true,1,2884
7290003882922,false,עלי גפן ממולאים באורז ויליפוד 400ג',הזה פלאקספו פוד קו ב,CN,עלי גפן ממולאים באור,גרמים,360.00,100 גרם,false,,8.90,0.0247,true,1,2887
7290003976607,false,ג'ל אקונומיקה סמיכה לבנדר טאצ' 4 ליטר,,,ג'ל אקונומיקה סמיכה,ליטרים,4.00,ליטר,false,,11.90,2.9750,true,1,85724
7290003976614,false,ג'ל אקונומיקה סמיכה פרחים טאצ' 4 ליטר,,,ג'ל אקונומיקה סמיכה,ליטרים,4.00,ליטר,false,,11.90,2.9750,true,1,85725
7290003976706,false,דלי מטליות לניקוי וח,,,דלי מטליות לניקוי וח,יחידה,0.00,יחידה,false,,30.90,0.0000,true,1,64942
7290003976997,false,ג'ל ניקוי כללי ורצפות בתוספת סודה טאצ 2 ל',,,ג'ל ניקוי כללי ורצפו,ליטרים,2.00,ליטר,false,,17.90,8.9500,true,1,210755
7290003989096,false,חציל פיקנטי אחלה 500 גרם,מיוצר עי קונדיטוריית,IL,אחלה חציל פיקנטי 500,גרמים,500.00,100 גרם,false,,15.60,0.0312,true,1,23297
7290003989539,false,לורנצו רביולי במילוי גבינה,מיוצר עי קונדיטוריית,IL,EAT GOOD רביולי גבינ,גרמים,400.00,100 גרם,false,,19.90,0.0497,true,1,23298
7290003989553,false,"פסטה טורטליני פטריות, 400 גרם",מיוצר עי קונדיטוריית,IL,שטראוס טורטליני פטרי,גרמים,400.00,100 גרם,false,,19.90,0.0497,true,1,23299
7290004011284,false,"ריץ' בסיס להכנת קצפת 212 מ""ל",ריצ' פרודקטס קורפריי,US,ריצ בסיס להכנת קצפת,מיליליטרים,212.00,"100 מ""ל",false,,6.90,0.0325,true,1,17029
7290004011338,false,"קצפת מתוקה מכונה 250 מ""ל ריץ'",האי נאם סי או אל.טי.,IT,ריצ קצפת במיכל 250מל,מיליליטרים,250.00,"100 מ""ל",false,,9.90,0.0396,true,1,17031
7290004011345,false,"קצפת ריצ` פרווה במיכל 250 מ""ל",האי נאם סי או אל.טי.,IT,קצפת ריץ במיכל פרווה,מיליליטרים,238.00,"100 מ""ל",false,,9.90,0.0416,true,1,17032
7290004014407,false,סוכריות M&M בוטנים 46 ג',מרס נדרלנד,,פינאטבאטר M&M עדשי ש,גרמים,46.00,100 גרם,false,,4.90,0.1065,true,1,20767
7290004022309,false,M&M עדשי חמאת בוטנים,,,M&M עדשי חמאת בוטנים,גרמים,80.00,100 גרם,false,,6.90,0.0863,true,1,20588
7290004030216,false,פריניב נקטר חמוציות 1ליטר,פריניב בעמ,IL,פריניב נקטר חמוציות,ליטרים,1.00,ליטר,false,,12.70,12.7000,true,1,49459
7290004030544,false,פריניב לימונדה לואיזה ולמון גראס 1ל',,,לימונדה לואיזה ולמון,יחידה,0.00,יחידה,false,,13.90,0.0000,true,1,49473
7290004043108,false,M&M עדשי שוקולד 89 ג,,,M&M עדשי שוקולד 89 ג,גרמים,89.00,100 גרם,false,,6.90,0.0775,true,1,20589
7290004043205,false,M&M עדשי בוטנים 93 ג,,,M&M עדשי בוטנים 93 ג,גרמים,93.00,100 גרם,false,,6.90,0.0742,true,1,329955
7290004063016,false,מלח שולחן מעולה דק 1,האי נאם סי או אל.טי.,IL,"מלח שולחן סלית 1 ק""ג",קילוגרמים,1.00,"ק""ג",false,,1.70,1.7000,true,1,15462
7290004063115,false,"מלח מטבח עבה להמלחת בשר ובישול 1 ק""ג 1ק""ג",האי נאם סי או אל.טי.,IL,מלח מטבח גס לבישול כ,קילוגרמים,1.00,"ק""ג",false,,1.70,1.7000,true,1,15463
7290004064174,false,"תבלין מלח ההימלאיה דק בצנצנת 1 ק""ג",מלח הארץ,,מלח ההימלאיה דק בצנצ,קילוגרמים,1.00,"ק""ג",false,,16.90,16.9000,true,1,15465
7290004064303,false,מלח אטלנטי בצנצנת מלח הארץ 800 גרם,,IL,מלח אטלנטי בצנצנת הא,גרמים,800.00,100 גרם,false,,17.90,0.0224,true,1,15468
7290004068028,false,"ציזיקי יוגורט לשתיה גד 500 מ""ל",מיוצר על ידי קוד יצר,IL,גד משקה צזיקי 2% 500,מיליליטרים,500.00,"100 מ""ל",false,,10.60,0.0212,true,1,14637
7290004068035,false,"איירן יוגורט לשתייה 3% גד 500 מ""ל","מיוצר ע""י קוד יצרן M",IL,גד משקה איירן בסגנון,גרמים,500.00,100 גרם,false,,8.50,0.0170,true,1,14638
7290004078263,false,מקלות אוזניים פלסטיק 2* 200 יחידות,,,צמרונים בקופסא זוג ב,יחידה,0.00,יחידה,false,,10.90,0.0000,true,1,21477
7290004078270,false,נוזל כלים פלמוליב צילינדר לימון 1 ליטר,יבואן ומשווק: ש. שסט,GR,פלמוליב לכלים לימון-,יחידה,0.00,יחידה,false,,13.90,0.0000,true,1,21478
7290004078690,false,"אגקס נוזל לניקוי אסלות מרענן 750 מ""ל",הנסיך- מפעל לייצור ט,FR,אגקס כלורון נוזל לני,מיליליטרים,750.00,"100 מ""ל",false,,14.90,0.0199,true,1,21480
7290004078942,false,ליידי ספיד סטיק - דאודורנט ג'ל לאישה 65 גרם,קולגייט פלמוליב,US,דיאודורנט ג'ל מרענן,גרמים,65.00,100 גרם,false,,17.90,0.2754,true,1,21481
7290004091217,false,"גודרס להברקת כלי כסף 125מ""ל",המאפיה של הרמן,PT,גודרס לכלי נחושת וכס,מיליליטרים,125.00,"100 מ""ל",false,,14.90,0.1192,true,1,5795
7290004102326,false,תרד לא שטוף,,,תרד לא שטוף,גרמים,180.00,100 גרם,false,,11.90,0.0661,true,1,35560
7290004119133,false,כד יוגורט תנובה 6.5% שומן 1.5 ליטר,מיוצר עי קונדיטוריית,IL,יוגורט כדים תנובה 7%,ליטרים,1.50,ליטר,false,,17.70,11.8000,true,1,25865
7290004119928,false,קרלו מעדן וניל רביעיות גביע 125 1.5%,מחלבת אלון תבור,IL,קרלו וניל 3% 125מל,מיליליטרים,125.00,"100 מ""ל",false,,2.90,0.0232,true,1,25868
7290004119973,false,קרלו מעדן שוקו רביעיה גביע 125 1.5%,מחלבת אלון תבור,IL,קרלו שוקולדה 3% 125מ,מיליליטרים,125.00,"100 מ""ל",false,,2.90,0.0232,true,1,25869
7290004120061,false,קרלו שוניל 3% 125 גרם,תנובה מרכז שיתופי לש,IL,קרלו שוניל 3% 125מל,מיליליטרים,125.00,"100 מ""ל",false,,2.90,0.0232,true,1,25870
7290004120108,false,יופלה דיאט יוגורט דובדבן %0 גביע 150ג',תנובה בעמ,IL,יופלה דיאט דובדבן 0%,מיליליטרים,150.00,"100 מ""ל",false,,5.10,0.0340,true,1,25871
7290004120566,false,גבינה בולגרית פיראוס 24% 250 גרם,תנובה,IL,פיראוס בולגרית 24% 2,גרמים,250.00,100 גרם,false,,21.90,0.0876,true,1,25878
7290004120573,false,גבינה בולגרית פיראוס 16% 250 גרם,תנובה,IL,פיראוס בולגרית בקר 1,גרמים,250.00,100 גרם,false,,21.90,0.0876,true,1,25879
7290004120634,false,גבינה פיראוס בולגרית 5% 250 גרם,פ.פ.ח. שאביט,IL,פיראוס בולגרית 5% 25,גרמים,250.00,100 גרם,false,,21.90,0.0876,true,1,25880
7290004120832,false,חלב תנובה טרי 3% מהדרין כד 2 ל',תנובה,IL,"חלב תנובה טרי 3% בד""",ליטרים,2.00,ליטר,false,,12.46,6.2300,true,1,25882
7290004121488,false,יופלה דיאט אפרסק 0% גביע 150 ג',תנובה בעמ,IL,יופלה דיאט אפרסק 0%,מיליליטרים,150.00,"100 מ""ל",false,,5.10,0.0340,true,1,25883
7290004122119,false,פתיתי פרמזן לפסטה %23 100 ג' השף הלבן,פ.פ.ח. שאביט,IL,שף לבן פתיתי פרמזן ל,גרמים,100.00,100 גרם,false,,10.90,0.1090,true,1,25889
7290004122195,false,"גבינת גוש חלב פרוס 28%, כשרות מהדרין, 200 ג'",תנובה,IL,גוש חלב פרוס 28% 200,גרמים,200.00,100 גרם,false,,14.90,0.0745,true,1,25890
7290004122270,false,גבינה צהובה פרוס בקופסא %28 200 ג' עמק,תנובה מרכז שיתופי לש,IL,עמק פרוס סגירה חוזרת,גרמים,200.00,100 גרם,false,,16.90,0.0845,true,1,25891
7290004122348,false,גבינת עמק לייט פרוס בקופסא 200 גרם,תנובה,IL,עמק לייט 9% 200ג,גרמים,200.00,100 גרם,false,,17.90,0.0895,true,1,25892
7290004122676,false,גבינת חמד לייט 5% פיראוס 250 ג',"תנובה,מחלבת טנא נוגה",IL,פיראוס חמד לייט 5% 2,גרמים,250.00,100 גרם,false,,18.90,0.0756,true,1,25894
7290004122683,false,חטיף גבינת אצבעות 28% 172 ג' עמק,פ.פ.ח. שאביט,IL,עמק אצבעות 172ג,גרמים,172.00,100 גרם,false,,16.70,0.0971,true,1,25895
7290004124205,false,יוגורט דיאט תות %0 שומן 150 ג' יופלה,תנובה בעמ,IL,יופלה דיאט תות 0% 15,מיליליטרים,150.00,"100 מ""ל",false,,5.10,0.0340,true,1,25903
7290004124847,false,"קצפת צמחית השף הלבן 500 מ""ל תנובה",סוי מג'יק,IL,שף לבן קצפת צמחית 24,מיליליטרים,500.00,"100 מ""ל",false,,14.90,0.0298,true,1,25905
7290004125370,false,"שמנת חמוצה מופחתת שומן 9% 200 מ""ל",תנובה מרכז שיתופי לש,IL,תנובה שמנת מופחתת 9%,מיליליטרים,200.00,"100 מ""ל",false,,3.90,0.0195,true,1,25907
7290004125400,false,"שלי אשל 4.5% תנובה 200מ""ל מהדרין",פארייפאבה אגרואינדוס,IL,"אשל 4.5% בד""צ מהדרין",מיליליטרים,200.00,"100 מ""ל",false,,1.69,0.0084,true,1,25908
7290004125417,false,"שלי גיל 3% תנובה 200מ""ל מהדרין",תנובה מרכז שיתופי לש,IL,"גיל 3% בד""צ מהדרין",מיליליטרים,200.00,"100 מ""ל",false,,1.51,0.0076,true,1,25909
7290004125455,false,"שמנת אורגינל15% תנובה 200 מ""ל",תנובה מרכז שיתופי לש,IL,תנובה שמנת אורגינל מ,מיליליטרים,200.00,"100 מ""ל",false,,2.40,0.0120,true,1,25910
7290004125462,false,"שמנת אורגינל 15% מהדרין 500 מ""ל",תנובה,IL,תנובה שמנת חמוצה 15%,מיליליטרים,500.00,"100 מ""ל",false,,6.00,0.0120,true,1,25911
7290004125509,false,"שמנת 15% חצי מנה 100 מ""ל תנובה",תנובה,IL,תנובה שמנת חצי מנה 1,מיליליטרים,100.00,"100 מ""ל",false,,1.80,0.0180,true,1,25912
7290004125578,false,משקה סויה מעושר בסידן תנובה 1ל',סוי מג'יק,IL,משקה סויה תנובה מועש,ליטרים,1.00,ליטר,false,,10.90,10.9000,true,1,25913
7290004125585,false,משקה סויה וניל על הבוקר 1 ל',תנובה מרכז שיתופי לש,IL,סויה תנובה משקה סויה,ליטרים,1.00,ליטר,false,,10.90,10.9000,true,1,25914
7290004125721,false,"שמנת לבישול 15% שומן 250 מ""ל תנובה",תנובה מרכז שיתופי לש,IL,שף לבן שמנת לבישול 1,מיליליטרים,250.00,"100 מ""ל",false,,8.70,0.0348,true,1,25916
7290004125738,false,שמנת מתוקה להקצפה32% 250מל עמיד השף הלבן,תנובה מרכז שיתופי לש,IL,שף לבן שמנת להקצפה 3,מיליליטרים,250.00,"100 מ""ל",false,,6.80,0.0272,true,1,25917
7290004125776,false,גבינה צהובה עמק 28% 400 גרם בקופסא,תנובה,IL,עמק גבינה קשה פרוסה,גרמים,400.00,100 גרם,false,,29.90,0.0747,true,1,25918
7290004126674,false,פרוסות גבינה חצי קשה 9% שומן 200 ג' עמק,תנובה,IL,עמק טל לייט 9% 200ג,גרמים,200.00,100 גרם,false,,19.90,0.0995,true,1,25921
7290004126759,false,יופלה דיאט פירות יער %0 גביע 150 ג',תנובה בעמ,IL,יופלה דיאט פירות יער,מיליליטרים,150.00,"100 מ""ל",false,,5.10,0.0340,true,1,25922
7290004126872,false,"שוקו תנובה בבקבוק 250 מ""ל תנובה",תנובה,IL,משקאות חלב תנובה שוק,מיליליטרים,250.00,"100 מ""ל",false,,5.90,0.0236,true,1,25923
7290004127077,false,קוטג' 3% שומן 250 ג' תנובה,מיוצר עי קונדיטוריית,IL,קוטג תנובה 3% 250 ג,גרמים,250.00,100 גרם,false,,5.50,0.0220,true,1,25924
7290004127329,false,קוטג' 5% תנובה 250ג' מהדרין,מיוצר עי קונדיטוריית,IL,קוטג' 5% תנובה מהדרי,גרמים,250.00,100 גרם,false,,5.50,0.0220,true,1,25925
7290004127336,false,קוטג' 9% תנובה 250 ג' הדרין,מיוצר עי קונדיטוריית,IL,קוטג' תנובה מהדרין 9,גרמים,250.00,100 גרם,false,,5.50,0.0220,true,1,25926
7290004127800,false,גבינה לבנה 5% שומן 500 ג' תנובה,מיוצר עי קונדיטוריית,IL,תנובה גבינה לבנה 5%,גרמים,500.00,100 גרם,false,,9.96,0.0199,true,1,25928
7290004127817,false,גבינה לבנה 9% שומן 500 ג' תנובה,מיוצר עי קונדיטוריית,IL,תנובה גבינה לבנה 9%,גרמים,500.00,100 גרם,false,,9.20,0.0184,true,1,25929
7290004127862,false,גבינה לבנה 5% שומן 750 ג' תנובה,מחלבת אלון תבור,IL,תנובה גבינה למריחה מ,גרמים,750.00,100 גרם,false,,14.90,0.0199,true,1,25930
7290004128333,false,לאבנה על בסיס יוגורט %9 שומן 500 ג' פיראוס,תנובה,IL,פיראוס לאבנה גביע %9,גרמים,500.00,100 גרם,false,,19.90,0.0398,true,1,25933
7290004128340,false,קרם גבינת שמנת %5 בטעם טבעי 200 ג' תנובה,תנובה,IL,תנובה קרם גבינת שמנת,גרמים,200.00,100 גרם,false,,12.00,0.0600,true,1,25934
7290004128364,false,קרם גבינת שמנת 5% עם זיתים ירוקים 200 ג' תנובה,"תנובה, מחלבת תל יוסף",IL,תנובה קרם גבינת שמנת,גרמים,200.00,100 גרם,false,,12.00,0.0600,true,1,25935
7290004128432,false,פתיתים מיוחדים לפיצה על בסיס גבינה 500 ג',תנובה,IL,שף לבן פתיתי גבינה מ,גרמים,500.00,100 גרם,false,,21.90,0.0438,true,1,25936
7290004129101,false,גבינת שמנת 25% בטעם טבעי 225 ג' נפוליאון,מחלבת אלון תבור,IL,נפוליאון בטעם טבעי 2,גרמים,225.00,100 גרם,false,,14.50,0.0644,true,1,25937
7290004129118,false,גבינת שמנת 24% עם זיתים ירוקים 225 ג' נפוליאון,מחלבת אלון תבור,IL,נפוליאון בטעם זיתים,גרמים,225.00,100 גרם,false,,14.50,0.0644,true,1,25938
7290004129156,false,גבינת שמנת25% עם שום שמיר 225 ג' נפוליאון,מחלבת אלון תבור,IL,נפוליאון שום שמיר 25,גרמים,225.00,100 גרם,false,,14.50,0.0644,true,1,25939
7290004129545,false,גבינה לבנה 3% שומן 250 ג' תנובה,מחלבת אלון תבור,IL,גבינת מהדרין 3% תנוב,גרמים,250.00,100 גרם,false,,5.00,0.0200,true,1,25940
7290004129736,false,יוגורט במתיקות מעודנת 1.5% שומן 200 ג' יופלה,תנובה מרכז שיתופי לש,IL,יופלה קרם יוגרט מעוד,מיליליטרים,200.00,"100 מ""ל",false,,4.50,0.0225,true,1,25942
7290004129767,false,יופלה מאגדת לבן 3% 8 יח' *150 ג',מחלבת אלון תבור,IL,יופלה לבן מאגדת 3% 8,קילוגרמים,1.20,"ק""ג",false,,18.50,15.4167,true,1,25943
7290004130794,false,משקה סויה טבעי במתיקות מופחתת 1 ליטר,סוי מג'יק,IL,סויה תנובה טבעי במתי,ליטרים,1.00,ליטר,false,,10.50,10.5000,true,1,25946
7290004131074,false,חלב תנובה 3% 1 ליטר קרטון מהדרין,תנובה מרכז שיתופי לש,IL,חלב תנובה הומוגני מה,ליטרים,1.00,ליטר,false,,6.23,6.2300,true,1,25949
7290004131814,false,גבינה צפתית 5% מעודנת 200 ג' פיראוס,פארייפאבה אגרואינדוס,IL,פיראוס צפתית מעודנת,גרמים,200.00,100 גרם,false,,14.90,0.0745,true,1,25957
7290004132552,false,משקה סויה לייט בטעם טבעי טרי 1 ליטר,תנובה מרכז שיתופי לש,IL,סויה תנובה לייט בטעם,ליטרים,1.00,ליטר,false,,10.50,10.5000,true,1,25964
7290004132712,false,חטיף אצבעות גבינת מוצרלה 20% 172 ג' עמק,פ.פ.ח. שאביט,IL,עמק אצבעות מוצרלה 20,גרמים,174.00,100 גרם,false,,16.70,0.0960,true,1,25966
7290004133511,false,יופלה מאגדת לבן 1.5% מעודן 8 יח' * 150 ג',מיוצר עי קונדיטוריית,IL,יופלה לבן מעודן 1.5%,ליטרים,1.20,ליטר,false,,21.50,17.9167,true,1,25971
7290004134945,false,יוגורט מוקה 3% שומן 150 ג' יופלה,תנובה בעמ,IL,יופלה מוקה 3% 150מל,גרמים,150.00,100 גרם,false,,5.20,0.0347,true,1,25976
7290004135225,false,מעדן תנובה דיאט שוקולדה 0% 150 גרם,תנובה מרכז שיתופי לש,IL,מעדן תנובה דיאט שוקו,מיליליטרים,150.00,"100 מ""ל",false,,3.90,0.0260,true,1,25981
7290004135614,false,גבינה בולגרית מעודנת 5% 250 ג' פיראוס,תנובה,IL,פיראוס בולגרית מעודנ,גרמים,250.00,100 גרם,false,,21.90,0.0876,true,1,25983
7290004136598,false,מארז הפסקת אוכל עם קורנפלקס ומשקה חלב עמיד בטעם וניל,פארייפאבה אגרואינדוס,IL,מארז הפסקת אוכל חלב,גרמים,150.00,100 גרם,false,,9.90,0.0660,true,1,25990
7290004136857,false,גלי בטעם פטל 125 גרם,תנובה מרכז שיתופי לש,IL,ג'לי תנובה פטל 125מל,מיליליטרים,125.00,"100 מ""ל",false,,2.50,0.0200,true,1,25991
7290004136864,false,ג'לי תנובה אננס עם חתיכות אננס 125 ג',סוי מג'יק,IL,ג'לי תנובה אננס עם ח,מיליליטרים,125.00,"100 מ""ל",false,,2.90,0.0232,true,1,25992
7290004136871,false,ג'לי תנובה אפרסק עם חתיכות אפרסק 125 ג',סוי מג'יק,IL,ג'לי תנובה אפרסק עם,מיליליטרים,125.00,"100 מ""ל",false,,2.90,0.0232,true,1,25993
7290004137021,false,"שמנת לבישול 10% עמיד השף הלבן 250 מ""ל",תנובה מרכז שיתופי לש,IL,שף לבן שמנת לבישול 1,מיליליטרים,250.00,"100 מ""ל",false,,8.40,0.0336,true,1,25995
7290004137311,false,גבינה צהובה לייט 9% שומן 400 ג' עמק,תנובה,IL,עמק לייט משפחתית 9%,גרמים,400.00,100 גרם,false,,32.90,0.0822,true,1,25996
7290004200244,false,פרסים רמה 3,,,פרסים רמה 3,יחידה,0.00,יחידה,false,,9.50,0.0000,true,1,32233
7290004219277,false,אנשובי ארוך בצנצנת 80 גרם,,,פילה אנשובי אמיתי אר,גרמים,78.00,100 גרם,false,,10.90,0.1397,true,1,2889
7290004219284,false,אנשובי עגול בצנצנת 80 גרם,יושלם,IT,אנשובי עגול בצנצנת ו,גרמים,80.00,100 גרם,false,,14.90,0.1863,true,1,2890
7290004324605,false,"גבינת מון בלאן רוקפור 7%, 120 ג'",האי נאם סי או אל.טי.,IL,מון בלאן רוקפור 7% 1,גרמים,120.00,100 גרם,false,,9.90,0.0825,true,1,17086
7290004324858,false,קבב כבש500 גר טי,"טיבון ויל אחזקות בע""",IL,קבב כבש 500 גרם,גרמים,500.00,100 גרם,false,,17.90,0.0358,true,1,17087
7290004492274,false,בייגלה טבעות מלוחות 400 ג',אתר בייגל - Food,IL,טבעות מלוחות 400 גר,גרמים,400.00,100 גרם,false,,9.90,0.0248,true,1,10386
7290004494131,false,"יין דלתון קברנה סובניון 750 מ""ל","איי, בי, אינבוו",IL,"קברנה דלתון 750 מ""ל",מיליליטרים,750.00,"100 מ""ל",false,,58.90,0.0785,true,1,7321
7290004537241,false,אפונת גינה קפואה 800,,,אפונת גינה קפואה 800,גרמים,800.00,100 גרם,false,,13.90,0.0174,true,1,51588
7290004537265,false,אפונה עדינה קפואה 60,,,אפונה עדינה קפואה 60,גרמים,600.00,100 גרם,false,,14.90,0.0248,true,1,51590
7290004537333,false,חומוס גרגירים 800 גר,,,חומוס גרגירים 800 גר,גרמים,800.00,100 גרם,false,,13.90,0.0174,true,1,51596
7290004537340,false,גזר גמדי 800גרם שדה,,,גזר גמדי 800גרם שדה,גרמים,800.00,100 גרם,false,,13.90,0.0174,true,1,51597
7290004575502,false,גליגל חלבי מאגדת 8 יח',,,מאגדת גלי גל חלבי,גרמים,600.00,100 גרם,false,,13.90,0.0232,true,1,20574
7290004584306,false,רבעיית גמדים בטעם תות בננה * 100 ג' שטראוס,מיוצר עי קונדיטוריית,IL,גמדים תות בננה 4*100,מיליליטרים,400.00,"100 מ""ל",false,,11.60,0.0290,true,1,23300
7290004584351,false,גבינה לבנה סימפוניה עם תוספות 200 ג' חמישית 200,"שטראוס בריאות בע""מ",IL,סימפוניה חמישית 200ג,גרמים,200.00,100 גרם,false,,11.50,0.0575,true,1,23301
7290004584528,false,יוגורט דנונה ביו טבעי 1.7% 200 גרם,מיוצר עי קונדיטוריית,IL,דנונה יוגורט טבעי 1.,מיליליטרים,200.00,"100 מ""ל",false,,3.90,0.0195,true,1,23302
7290004585907,false,דני ועדן וניל 1.5% 125ג' שטראוס,מיוצר עי קונדיטוריית,IL,דני וניל מהדרין 130מ,מיליליטרים,130.00,"100 מ""ל",false,,3.10,0.0238,true,1,23303
7290004658946,false,יין שרדונה לבן יבש,"כד בני דרום בע""מ",IL,יין P.C שרדונה לבן,מיליליטרים,750.00,"100 מ""ל",false,,39.90,0.0532,true,1,508
7290004731410,false,סנו סושי כרית קרצוף ירוק שלישיה,סנו,,כרית קרצוף סנו סושי,יחידה,0.00,יחידה,false,,9.90,0.0000,true,1,29888
7290004731472,false,"אל סבון צבעוני כיף שלישיה* 500 מ""ל",טרופיקל דגיל תעשיות,IL,שלישיית אלסבון צבעונ,ליטרים,1.50,ליטר,false,,19.90,13.2667,true,1,29889
7290004731519,false,"מרכך ומבשם מקסימה למייבש אולטרה פרש 750 מ""ל סנו",,,סנו מקסימה למייבש סנ,מיליליטרים,750.00,"100 מ""ל",false,,17.90,0.0239,true,1,29890
7290004731564,false,"סנו - מקסימה מרסס למייבש כביסה פריחה כחולה 750 מ""ל",סנו,IL,סנו מקסימה מבשם ומרכ,מיליליטרים,750.00,"100 מ""ל",false,,17.90,0.0239,true,1,29892
7290004737900,false,חלב מרוכז ממותק 397 גרם ויליפוד,יו.איי.בי מאריג'אמפו,LT,וילי פוד חלב מרוכז מ,גרמים,397.00,100 גרם,false,,9.90,0.0249,true,1,2897
7290004762056,false,שקדי מרק חטיפים מן ה,,,שקדי מרק חטיפים מן ה,גרמים,400.00,100 גרם,false,,9.90,0.0248,true,1,299589
7290004762827,false,"קרוטונים למרק בטעם שום בצל, 250 גרם",,,קרוטונים למרק שקית,גרמים,250.00,100 גרם,false,,9.90,0.0396,true,1,318910
7290004944032,false,חומוס שמיר אסלי 400 גר,סלטי שמיר,,חומוס אסלי 400 גר,גרמים,400.00,100 גרם,false,,10.90,0.0273,true,1,17704
7290004944049,false,טחינה אסלי שמיר 400 ג',סלטי שמיר,,טחינה אסלי 400 גרם,גרמים,400.00,100 גרם,false,,10.90,0.0273,true,1,17705
7290004944056,false,חציל במיונז אסלי שמיר 400 ג',,,חציל במיונז 400גר,גרמים,400.00,100 גרם,false,,10.90,0.0273,true,1,17706
7290004944063,false,סלט תורכי אסלי שמיר 400 ג',סלטי שמיר,,תורכי אסלי 400 גרם,גרמים,400.00,100 גרם,false,,10.90,0.0273,true,1,17707
7290005040993,false,ערמונים קלויים קלופי,,,ערמונים קלויים קלופי,יח',1.00,יח',false,,4.90,4.9000,true,1,50976
7290005084355,false,"סנסודיין - משחת שיניים דואל קר זהב 75 מ""ל",DE MICLEN,IL,משחת שיניים דואל קר,מיליליטרים,75.00,"100 מ""ל",false,,21.90,0.2920,true,1,3820
7290005174513,false,חציל במיונז 500 ג' אחלה,מיוצר עי קונדיטוריית,IL,חציל במיונז אחלה 500,גרמים,500.00,100 גרם,false,,15.90,0.0318,true,1,23304
7290005174551,false,סלט חומוס עם צנוברים 125 ג' אחלה,מיוצר עי קונדיטוריית,IL,אחלה חומוס 125ג,גרמים,125.00,100 גרם,false,,4.90,0.0392,true,1,23305
7290005174568,false,אחלה סלט חצילים יום 125 ג',"שטראוס גרופ בע""מ",IL,אחלה חציל במיונז 125,גרמים,125.00,100 גרם,false,,4.90,0.0392,true,1,23306
7290005174575,false,טחינה אחלה יום יום משובחת 125ג',מיוצר עי קונדיטוריית,IL,אחלה טחינה 125גר,גרמים,125.00,100 גרם,false,,4.90,0.0392,true,1,23307
7290005197758,false,עוגיות חיוכים שוקו שוקו 150ג',אפיפית נצרת (1971) ב,IL,חיוכים של שוקו,גרמים,150.00,100 גרם,false,,4.90,0.0327,true,1,22243
7290005200786,false,תפוצ'יפס שמנת ובצל 50 גרם,"שטראוס פריטו ליי בע""",IL,תפוציפס שמנת ובצל 50,גרמים,50.00,100 גרם,false,,3.90,0.0780,true,1,24164
7290005201455,false,קפה נמס ארומה קלאסי 200 גרם,"אינסטנטה בע""מ",PL,ארומה קפה נמס 200 גר,גרמים,200.00,100 גרם,false,,21.90,0.1095,true,1,22252
7290005201882,false,קפה טורקי עלית 200 גרם,הנסיך- מפעל לייצור ט,IL,טורקי עלית 200 גר',גרמים,200.00,100 גרם,false,,15.90,0.0795,true,1,22254
7290005287206,false,טונה סטארקיסט בשמן רביעיות 4*160 גר,"סטארקיסט פודור בע""מ",,טונה בשמן סטארקיסט ר,גרמים,640.00,100 גרם,false,,24.90,0.0389,true,1,26659
7290005287213,false,"טונה סטארקיסט בשמן רביעייה בד""צ",,,טונה בשמן סטארקיסט ב,גרמים,640.00,100 גרם,false,,24.90,0.0389,true,1,26660
7290005287251,false,טונה סטארקיסט במים רביעיות 4*160 גר,"איטיליאן פוד, אס.פי.",,טונה במים סטארקיסט ר,גרמים,640.00,100 גרם,false,,24.90,0.0389,true,1,26662
7290005287930,false,"טונה במים רביעייה סטארקיסט בד""צ",,,טונה במים סטארקיסט ב,גרמים,640.00,100 גרם,false,,24.90,0.0389,true,1,26681
7290005326387,false,עגבניות מיובשות בשמן זית אוליבייה 270ג',,IL,עגבניות מיובשות בשמן,גרמים,280.00,100 גרם,false,,17.90,0.0639,true,1,52042
7290005326523,false,ממרח פסטו פטרוזיליה ונענע אוליביה 180 גר,,,אוליביה ממרח פסטו פט,גרמים,180.00,100 גרם,false,,13.90,0.0772,true,1,52043
7290005326585,false,ממרח אוליביה פסטו בזיליקום 180 ג',"אוליביה גורמה בע""מ",IL,אוליביה פסטו בזיליקו,גרמים,180.00,100 גרם,false,,12.90,0.0717,true,1,26003
7290005384851,false,מיץ לימון משומר וילי,יורופוד,IT,מיץ לימון משומר וילי,מיליליטרים,200.00,"100 מ""ל",false,,2.90,0.0145,true,1,2902
7290005403972,false,תחתיות ארטישוק 400 ג,,,תחתיות ארטישוק 400 ג,גרמים,400.00,100 גרם,false,,16.50,0.0413,true,1,51601
7290005423567,false,מטליות לניקוי כללי בגליל 40 יח' סנו סושי,אסותא תעשיות אלבד בע,IL,סנו סושי מטלית לכל 3,יחידה,0.00,יחידה,false,,20.00,0.0000,true,1,29918
7290005423635,false,ריצפז נוזל לניקוי רצפות דוחה חרקים 2 ל',מיוצר עי קונדיטוריית,IL,נוזל לניקוי רצפות דו,ליטרים,2.00,ליטר,false,,21.90,10.9500,true,1,29919
7290005423734,false,סנו - מקסימה מרכך כביסה אולטרה פרש 4 ליטר,"סנו מפעלי ברונוס בע""",IL,מרכך כביסה סנו מקסימ,ליטרים,4.00,ליטר,false,,22.90,5.7250,true,1,29920
7290005423833,false,סנו פוליויקס פרקט 2 ליטר,"סנו מפעלי ברונוס בע""",IL,סנו פוליויקס פרקט 2,ליטרים,2.00,ליטר,false,,21.90,10.9500,true,1,29921
7290005423918,false,סנו - מקסימה מרכך כביסה היפואלרגני אלוורה 4 ליטר,"סנו מפעלי ברונוס בע""",IL,מרכך כביסה סנו מקסימ,ליטרים,4.00,ליטר,false,,23.90,5.9750,true,1,29924
7290005424403,false,"אל סבון כיף אצות ים קטיפתי 1ליטר,",טרופיקל דגיל תעשיות,IL,אל סבון אצות ים כיף,ליטרים,1.00,ליטר,false,,12.90,12.9000,true,1,29929
7290005424755,false,מטליות ריצפז פלוס לחות לניקוי רצפות דוחה תיקנים 10 יח' סנו,סנו מפעלי ברונוס בעמ,IL,ריצפז פלוס מטליות לח,יחידה,0.00,יחידה,false,,14.90,0.0000,true,1,29936
7290005425196,false,"סנו לכביסה מקסימה סנסיטיב 2.5 ק""ג",מיוצר עי קונדיטוריית,IL,אבקת כביסה סנו מקסימ,קילוגרמים,2.50,"ק""ג",false,,26.90,10.7600,true,1,29949
7290005425646,false,סנו קליר ספריי אקדח לניקוי והברקת חלונות 1ל',"סנו מפעלי ברונוס בע""",IL,סנוקליר נוזל רב תכלי,יחידה,0.00,יחידה,false,,11.90,0.0000,true,1,29957
7290005426193,false,ספוג הפלא אריזת סנו 6יח',טרופיקל דגיל תעשיות,IL,סנו סושי ספוג הפלא,יחידה,0.00,יחידה,false,,11.90,0.0000,true,1,29967
7290005426971,false,סנובון כחול בריח תפוח 3 יח' * 55 ג',,,סנובון כחול שלישיה ב,גרמים,165.00,100 גרם,false,,16.90,0.1024,true,1,29984
7290005427725,false,מגבונים ליטופים מארז חמישיה,,,ליטופים מגבונים מבוש,יחידה,0.00,יחידה,false,,18.90,0.0000,true,1,30003
7290005427985,false,"קרמה תחליב רחצה לפנים בתוספת גרגירי פילינג 180 מ""ל",גוד פוד פרודקטס S.p,IL,תחליב רחצה לפנים בתו,מיליליטרים,180.00,"100 מ""ל",false,,13.90,0.0772,true,1,30015
7290005428845,false,סנו סושי מפיות צבעוני 100 יח,"חי מוצרי נייר בע""מ",IL,סנו סופט מפיות 33*33,יחידה,0.00,יחידה,false,,7.90,0.0000,true,1,30016
7290005429279,false,סנו מקסימה קומפקט קומפקט אפקט גאוול 6 ק,,,אבקת כביסה סנו מקסימ,קילוגרמים,6.00,"ק""ג",false,,49.90,8.3167,true,1,30024
7290005429286,false,"אבקת כביסה מקסימה ביו 6 ק""ג סנו",סנו,IL,אבקת כביסה סנו מקסימ,קילוגרמים,6.00,"ק""ג",false,,49.90,8.3167,true,1,30025
7290005430602,false,סנו אוקסיגן מסיר כתמים קשים מרסס 750 מל,"סנו מפעלי ברונוס בע""",IL,סנו אוקסיג'ן מסיר כת,מיליליטרים,750.00,"100 מ""ל",false,,17.90,0.0239,true,1,30029
7290005431159,false,תותים בקצפת לייט 80 ג' עדן,עדן קינוחים,IL,תותים בקצפת לייט 80,גרמים,80.00,100 גרם,false,,7.20,0.0900,true,1,193478
7290005431883,false,עדן מלבי חלבי 165 גר,לחמנו,IL,עדן מלבי חלבי 165 גר,גרמים,165.00,100 גרם,false,,7.20,0.0436,true,1,26014
7290005431906,false,עדן קדאיף 82 גרם,תנובה,IL,עדן קדאיף 82 גרם,גרמים,82.00,100 גרם,false,,7.20,0.0878,true,1,26016
7290005431913,false,עוגת גינה פירורים 92 גרם,תנובה,IL,קינוחי עדן עוגת גבינ,גרמים,92.00,100 גרם,false,,7.20,0.0783,true,1,26017
7290005431937,false,עדן טירמיסו 82 גרם,תנובה,IL,עדן טירמיסו 82 גרם,גרמים,82.00,100 גרם,false,,7.20,0.0878,true,1,26019
7290005477669,false,דרמפון-ס.נוזלי מועשר בלחות 1 ליטר,קוסמופארם בע''מ,IL,סבון נוזלי מועשר בלח,יחידה,0.00,יחידה,false,,16.90,0.0000,true,1,30036
7290005559587,false,מאפה נקניקיה בבצק מעדנות 800ג',מיוצר עי קונדיטוריית,IL,מאפה נקניקיות 800גר,גרמים,800.00,100 גרם,false,,29.90,0.0374,true,1,35622
7290005559709,false,בורקס פיצה מעדנות 700 ג',"מעדנות בע""מ",IL,בורקס פיצה 700 גרם,גרמים,700.00,100 גרם,false,,24.90,0.0356,true,1,35624
7290005559907,false,פיצה משפחתית גבינה מעדנות 500 גר,מיוצר עי קונדיטוריית,IL,פיצה משפחתית גבינה 5,גרמים,500.00,100 גרם,false,,19.90,0.0398,true,1,35627
7290005559914,false,פיצה משפחתית זיתים מעדנות 550 גר,מיוצר עי קונדיטוריית,IL,פיצה משפחתית זיתים 5,גרמים,550.00,100 גרם,false,,19.90,0.0362,true,1,35628
7290005559990,false,בצק פילאס תורכי מעדנות 600 גר,מיוצר עי קונדיטוריית,IL,בצק פילאס תורכי מעדנ,גרמים,600.00,100 גרם,false,,19.90,0.0332,true,1,35632
7290005591761,false,דבש טהור מפרחי בר בלחיץ 400 ג' יד מרדכי,מכוורת יד מרדכי שטרא,IL,דבש טהור מפרחי בר בל,גרמים,400.00,100 גרם,false,,20.90,0.0522,true,1,22255
7290005610127,false,תפוח אדמה לבן דוד משה,,,תפו`א גורמה לבן דוד,קילוגרמים,1.00,"ק""ג",true,,7.90,7.9000,true,1,50968
7290005610196,false,תפו`א בייבי גורמה,,,תפו`א בייבי גורמה,קילוגרמים,1.00,"ק""ג",true,,6.90,6.9000,true,1,50969
7290005838002,false,מעדן גבינה ויוגורט בטעם וניל 88 ג' דניאלה,"שטראוס בריאות בע""מ",IL,דניאלה מעדן גבינה 15,מיליליטרים,150.00,"100 מ""ל",false,,4.10,0.0273,true,1,23309
7290005838613,false,גבינת וניל שטראוס 125 ג',"שטראוס בריאות בע""מ",IL,גבינה וניל 3% סקי 12,גרמים,125.00,100 גרם,false,,4.10,0.0328,true,1,23310
7290005838972,false,גבינת יום יום 5% שטראוס 125ג',מיוצר עי קונדיטוריית,IL,גבינת יום יום 5% סקי,גרמים,125.00,100 גרם,false,,3.70,0.0296,true,1,23311
7290005839078,false,"דנונה יוגורט ביו 3% לבן מארז 150X8מ""ל",מיוצר עי קונדיטוריית,IL,דנונה ביו מארז חסכון,קילוגרמים,1.20,"ק""ג",false,,17.90,14.9167,true,1,23312
7290005839108,false,גבינה לבנה סימפוניה עם תוספות 200 ג'+זיתים 5%,"שטראוס בריאות בע""מ",IL,סימפוניה עם זיתים 5%,גרמים,200.00,100 גרם,false,,11.50,0.0575,true,1,23313
7290005839313,false,"מילקי טופ שוקולד מגולגל 170 מ""ל",מיוצר עי קונדיטוריית,IL,מילקי טופ מגולגלת 14,מיליליטרים,142.00,"100 מ""ל",false,,5.10,0.0359,true,1,23314
7290005896439,false,"בירה מכבי בקבוק חוזר 500 מ""ל","טמפו משקאות בע""מ",IL,מכבי בקבוק חוזר 500,מיליליטרים,500.00,"100 מ""ל",false,,5.90,0.0118,true,1,9397
7290005896460,false,"בירה איגל חזקה 7.8% 500 מ""ל פחית",,,איגל בירה חזקה 7.8%,מיליליטרים,500.00,"100 מ""ל",false,,6.90,0.0138,true,1,9399
7290005901348,false,קבב כבש מעדני המנגל,,,קבב כבש מעדני המנגל,גרמים,400.00,100 גרם,false,,12.90,0.0323,true,1,51603
7290005901379,false,המבורגר מעדני המנגל,,,המבורגר מעדני המנגל,גרמים,400.00,100 גרם,false,,12.90,0.0323,true,1,51606
7290005901409,false,"""טעים טעים"" נקניקיות",,,"""טעים טעים"" נקניקיות",גרמים,500.00,100 גרם,false,,28.90,0.0578,true,1,51609
7290005901423,false,קבב קציצות ביתי טעים,,,קבב קציצות ביתי טעים,גרמים,500.00,100 גרם,false,,28.90,0.0578,true,1,51611
7290005901454,false,סטייק מינוט טעים טעי,,,סטייק מינוט טעים טעי,גרמים,300.00,100 גרם,false,,35.90,0.1197,true,1,51614
7290005938245,false,ממרח פסטו קלאסי פרסקו 220ג' מצונן,מיוצר עי פרסקו חצבה,IL,פרסקו ממרח מצונן פסט,גרמים,220.00,100 גרם,false,,17.90,0.0814,true,1,17095
7290005992575,false,גבינה בולגרית למריחה 5% גד 250ג',מחלבות גד בעמ,IL,גד בולגרית למריחה 5%,גרמים,250.00,100 גרם,false,,17.00,0.0680,true,1,14647
7290005992735,false,גבינה לבנה טבעית 250 גר,הנסיך- מפעל לייצור ט,IL,גד לאבנה 5% 250ג,גרמים,250.00,100 גרם,false,,13.50,0.0540,true,1,14649
7290005996078,false,סלמי סרוולט הונגרי 1,מעדני יחיעם,IL,סלמי סרוולט הונגרי 1,גרמים,125.00,100 גרם,false,,27.90,0.2232,true,1,57826
7290006065018,false,אמנון 7-9 80% דג קפו,,,אמנון 7-9 80% דג קפו,קילוגרמים,1.00,"ק""ג",true,,34.90,34.9000,true,1,263803
7290006065179,false,סטייק טונה קפוא בואק,,,סטייק טונה קפוא בואק,קילוגרמים,1.00,"ק""ג",true,,39.90,39.9000,true,1,116456
7290006065391,false,פילה דג נסיכת הנילו,,,פילה דג נסיכת הנילו,קילוגרמים,1.00,"ק""ג",true,,43.90,43.9000,true,1,157759
7290006065599,false,פילה בקלה מרלוזה ארג,,,פילה בקלה מרלוזה ארג,קילוגרמים,1.00,"ק""ג",true,,37.90,37.9000,true,1,157773
7290006185501,false,"פנינה רוזנבלום -אל סבון נוזלי ורוד,1 ליטר",,,אל סבון נוזלי ורוד פ,יחידה,0.00,יחידה,false,,8.90,0.0000,true,1,18139
7290006185518,false,פנינה אל סבון נוזלי כחול פנינה 1 ל',,,אל סבון נוזלי כחול פ,יחידה,0.00,יחידה,false,,8.90,0.0000,true,1,18140
7290006229427,false,שישיית מים מינרלים סאן בנדטו 500 מל,טמפו,,"סאן בנדטו 6*500 מ""ל",ליטרים,3.00,ליטר,false,,11.90,3.9667,true,1,9414
7290006229588,false,בירה איגל לאגר פרימיום חזקה 6.3% 500 מל,"טמפו משקאות בע""מ",IL,איגל בירה פחית זהב 5,מיליליטרים,500.00,"100 מ""ל",false,,5.90,0.0118,true,1,9415
7290006241504,false,"פריגת קפוא תפוזים 280 מ""ל",גת,IL,קפוא תפוזים 340 גרם,גרמים,340.00,100 גרם,false,,13.90,0.0409,true,1,6393
7290006251275,false,תה ירוק סיני 25 שקיקים של 1.5 ג,HIQ FOOD PRODUCTS,IL,תה ירוק סיני,גרמים,37.50,100 גרם,false,,23.90,0.6373,true,1,24658
7290006251343,false,תה חליטה הגן הקסום פסיפלורה מנגו 25 שקיקים,HIQ FOOD PRODUCTS,IL,תה חליטה הגן הקסום פ,גרמים,62.50,100 גרם,false,,17.90,0.2864,true,1,24660
7290006265548,false,נבטים סינים מרינה ארוז 360ג',"מרינה פטריות הגליל בע""מ",IL,נבטים סינים,יח',1.00,יח',false,,6.90,6.9000,true,1,41538
7290006271174,false,ג'חנון לאפיה בתנור מעדנות 700 ג',מיוצר עי קונדיטוריית,IL,גחנון לאפיה בתנור מע,גרמים,700.00,100 גרם,false,,16.90,0.0241,true,1,35633
7290006271181,false,ג'חנון אפוי מעדנות 750 ג',מיוצר עי קונדיטוריית,IL,מעדנות גחנון אפוי 75,גרמים,750.00,100 גרם,false,,21.90,0.0292,true,1,35634
7290006271648,false,"מיני בורקס תפו""א מוזל מעדנות","מעדנות בע""מ",IL,מיני בורקס תפו`א 800,גרמים,800.00,100 גרם,false,,19.90,0.0249,true,1,35638
7290006271655,false,מיני בורקס גבינה מוזל מעדנות,מיוצר עי קונדיטוריית,IL,מיני בורקס גבינה 800,גרמים,800.00,100 גרם,false,,19.90,0.0249,true,1,35639
7290006272072,false,חטיפי פיצה בשקית מעדנות 650ג',"מעדנות בע""מ",IL,חטיפי פיצה מעדנות 65,גרמים,650.00,100 גרם,false,,29.90,0.0460,true,1,35642
7290006272430,false,בצק עלים חמאה מעדנות 600 ג',מיוצר עי קונדיטוריית,IL,בצק עלים חמאה 600 גר,גרמים,600.00,100 גרם,false,,28.90,0.0482,true,1,35644
7290006306326,false,רביולי במילוי פטריות וגבינת פרמזן פסטה נונה 400 ג',דורום תעשיות מזון ופ,IL,פסטה נונה ריביולי פט,גרמים,400.00,100 גרם,false,,25.90,0.0647,true,1,14659
7290006322111,false,לחמניות רחיים כהה קל,מאפיית דוידוביץ ובני,IL,6 לחמניות ריחיים מאפ,גרמים,450.00,100 גרם,false,,12.90,0.0287,true,1,316317
7290006322128,false,לחמניות קלות 6 יח בחבילה,מאפיית דוידוביץ ובני,IL,6 לחמניות קלות מאפיי,גרמים,450.00,100 גרם,false,,12.90,0.0287,true,1,316318
7290006322487,false,לחם קוביות קמח מלא 750 גר,מאפיית דוידוביץ,IL,לחם קוביות קמח מלא ד,גרמים,750.00,100 גרם,false,,14.90,0.0199,true,1,315831
7290006322838,false,לחם 100% קמח מלא 750 גרם,מאפיית דוידוביץ ובני,IL,לחם 100% מלא דוידובי,גרמים,750.00,100 גרם,false,,14.90,0.0199,true,1,315868
7290006322968,false,לחם זיץ ברויט דוידוב,מאפיית אחדות חיפה בע,IL,לחם זיץ ברויט דוידוב,קילוגרמים,1.20,"ק""ג",false,,19.90,16.5833,true,1,315996
7290006342065,false,בוטנים קלויים 200 ג ששון הקולה,,,בוטנים קלויים 200 ג,גרמים,200.00,100 גרם,false,,8.90,0.0445,true,1,4627
7290006342447,false,גרעין אבטיח 200 גרם ששון הקולה,,,גרעיני אבטיח 200 גר,גרמים,200.00,100 גרם,false,,12.90,0.0645,true,1,4630
7290006342515,false,מנצס 200 גרם ששון הקולה,יושלם,,מנציס 200 גרם,גרמים,200.00,100 גרם,false,,7.90,0.0395,true,1,4633
7290006342560,false,בוטן אמריקאי 200 גרם ששון הקולה,דין שיווק,IL,בוטן אמריקאי 200 גרם,גרמים,200.00,100 גרם,false,,7.90,0.0395,true,1,4635
7290006342645,false,עלי טורטייה גדולה 84,אלקטי קוראבייכיסיגיד,TR,טורטייה 840 גרם,גרמים,840.00,100 גרם,false,,14.90,0.0177,true,1,4638
7290006374653,false,דבש לייט מופחת קלוריות יד מרדכי 350 ג',,,דש לייט דבש מופחת קל,גרמים,350.00,100 גרם,false,,26.90,0.0769,true,1,22259
7290006374738,false,קונפיטורת יד מרדכי תות 340 גרם,אף.סי תבליני בגליל ב,IL,קונפיטורת תות יד מור,גרמים,340.00,100 גרם,false,,11.90,0.0350,true,1,22262
7290006449955,false,מלפפון בייבי ארוז,"מרינה פטריות הגליל בע""מ",IL,מלפפון בייבי,יח',1.00,יח',false,,8.90,8.9000,true,1,155693
7290006459510,false,נרות חנוכה רגיל 44 יח,,CN,נרות חנוכה שקד,גרמים,157.00,100 גרם,false,,2.90,0.0185,true,1,318846
7290006459527,false,נרות חנוכה לוקס לא נוטפים 45 יח,,CN,נרות חנוכה לוקס שקד,גרמים,330.00,100 גרם,false,,5.90,0.0179,true,1,318847
7290006492432,false,גבינת מוצרלה בייבי 18% 300 ג' גד,מחלבות גד בעמ,IL,גד בייבי מוצרלה 150ג,גרמים,170.00,100 גרם,false,,14.90,0.0876,true,1,14665
7290006492616,false,גבינה בולגרית פרוסות 5% 250 ג' גד,DSH עבור מחלבות גד ב,IL,גד בולגרית פרוסות 5%,גרמים,250.00,100 גרם,false,,28.90,0.1156,true,1,14666
7290006492630,false,גבינת גליל עזים 22% 180 ג' גד,מחלבות גד בעמ,IL,גד גבינת גליל גד עזי,גרמים,180.00,100 גרם,false,,24.50,0.1361,true,1,14667
7290006492852,false,גבינת עיזים למריחה 5% שומן 250 ג' גד,מחלבות גד,IL,גד גבינת עיזים למריח,גרמים,250.00,100 גרם,false,,17.80,0.0712,true,1,14670
7290006511157,false,פטריות שלמות 400 ג' וילי פוד,אוקצ'מפס אס.איי אויי,PL,פטריות שלמות שמפיניו,גרמים,230.00,100 גרם,false,,6.90,0.0300,true,1,2906
7290006511751,false,פטריות שמפניון חתוך ויליפוד 290X3 ג' בד”צ,,,פטריות חתוכות ויליפו,גרמים,870.00,100 גרם,false,,11.90,0.0137,true,1,2909
7290006532008,false,צ'יפס טעים טעים 1.8,,,צ'יפס טעים טעים 1.8,קילוגרמים,1.80,"ק""ג",false,,22.90,12.7222,true,1,51616
7290006556004,false,מלפפון מובחר ארוז,,,מלפפון מובחר ארוז,יח',1.00,יח',false,,6.90,6.9000,true,1,50977
7290006567048,false,קוסקוס ישראלי מפתול אסם 350ג',"מיוצר ע""י קוד יצרן K",IL,קוסקוס ישראלי בשקית,גרמים,350.00,100 גרם,false,,7.90,0.0226,true,1,18708
7290006618146,false,"הפי נוזל הדלקת פחמים 500 מ""ל",תות תעשיות מזון (201,NL,הפי-מדליק פחמים 500,מיליליטרים,500.00,"100 מ""ל",false,,13.90,0.0278,true,1,11317
7290006644480,false,"תפוזינה תפוזים 500 מ""ל","יפאורה תבורי בע""מ",IL,משקה תפוזים Move תפו,מיליליטרים,500.00,"100 מ""ל",false,,5.40,0.0108,true,1,11538
7290006644510,false,"מיץ ענבים 500 מ""ל תפוזינה","יפאורה תבורי בע""מ",IL,משקה ענבים Move תפוז,מיליליטרים,500.00,"100 מ""ל",false,,5.40,0.0108,true,1,11541
7290006644527,false,"תפוזינה תות בננה 500 מ""ל","יפאורה תבורי בע""מ",IL,משקה תות בננה Move ת,מיליליטרים,500.00,"100 מ""ל",false,,5.40,0.0108,true,1,11542
7290006652027,false,מארז במבה יום הולדת 15X20 גרם,מיוצר עי קונדיטוריית,IL,במבה יום הולדת מאח.1,גרמים,300.00,100 גרם,false,,23.90,0.0797,true,1,18713
7290006653765,false,פסטה פרפקטו פטוציני 500ג' אסם,פסטה זארה,IL,פטוציני פרפקטו 500 ג,גרמים,500.00,100 גרם,false,,6.90,0.0138,true,1,18715
7290006653819,false,פתיתי קוסקוס דק 350 גרם,"מיוצר ע""י קוד יצרן K",IL,קוסקוס דק בשקית אסם,גרמים,350.00,100 גרם,false,,7.90,0.0226,true,1,18716
7290006664037,false,גמדים דגנים ארוחת בוקר מארז 100X4ג',"שטראוס בריאות בע""מ",IL,גמדים ארוחת בוקר 4*1,מיליליטרים,400.00,"100 מ""ל",false,,11.60,0.0290,true,1,23317
7290006664051,false,"אקטימל לבן מארז 100X14 מ""ל",מיוצר עי קונדיטוריית,IL,אקטימל טבעי 14*100מל,ליטרים,1.40,ליטר,false,,29.90,21.3571,true,1,23318
7290006664310,false,גבינה לבנה 3% שומן 250 ג' שטראוס,מיוצר עי קונדיטוריית,IL,גבינה 3% סקי 250 גרם,גרמים,250.00,100 גרם,false,,5.00,0.0200,true,1,23321
7290006664402,false,גבינה 5% שומן 750 ג' שטראוס,מיוצר עי קונדיטוריית,IL,שטראוס גבינה 5% 750ג,גרמים,750.00,100 גרם,false,,13.60,0.0181,true,1,23322
7290006664532,false,יוגורט עם תות 3% שומן 150 ג' דנונה,מיוצר עי קונדיטוריית,IL,דנונה תות 3% 150מל,גרמים,150.00,100 גרם,false,,4.10,0.0273,true,1,23323
7290006664655,false,"אקטימל לבן טבעי מארז 100X8 מ""ל",מיוצר עי קונדיטוריית,IL,אקטימל טבעי 8*100מל,מיליליטרים,800.00,"100 מ""ל",false,,19.90,0.0249,true,1,23325
7290006664693,false,יוגורט עם אפרסק 3% שומן 150 ג' דנונה,מיוצר עי קונדיטוריית,IL,דנונה אפרסק 3% 150מל,גרמים,150.00,100 גרם,false,,4.10,0.0273,true,1,23326
7290006664990,false,דנונה ביו מארז חיסכון 1.5% 8 יח' *150 ג',מיוצר עי קונדיטוריית,IL,דנונה ביו מארז חיסכו,קילוגרמים,1.20,"ק""ג",false,,17.90,14.9167,true,1,23328
7290006681003,false,גלידה תות לימון סורבה 1.33 ל' קרמיסימו,"גלידת שטראוס בע""מ, ר",IL,קרמיסימו תות לימון ס,ליטרים,1.33,ליטר,false,,18.90,14.2105,true,1,4261
7290006681843,false,מאגדת שלגון שרבט מינ,"גלידת שטראוס בע""מ, ר",IL,מאגדת לייט מיני פרי,גרמים,300.00,100 גרם,false,,23.90,0.0797,true,1,4268
7290006704016,false,בזיליקום ארוז יחידה,,,בזיליקום ארוז יחידה,יח',1.00,יח',false,,5.90,5.9000,true,1,35562
7290006704047,false,רוזמרין,,,רוזמרין,יח',1.00,יח',false,,5.90,5.9000,true,1,41541
7290006704078,false,אורגנו,,,אורגנו,יח',1.00,יח',false,,5.90,5.9000,true,1,41542
7290006704092,false,מרווה יחידה,,,מרווה יחידה,יח',1.00,יח',false,,5.90,5.9000,true,1,41543
7290006704511,false,"תפו""א גמדי אדום למיקרו מרינה 750ג'","מרינה פטריות הגליל בע""מ",IL,תפוא ננסי מיקרוגל,גרמים,750.00,100 גרם,false,,6.90,0.0092,true,1,35565
7290006737878,false,מארז קרטוניה סביבון \נר 80ג',,,מארז קרטוניה סביבון.,יחידה,0.00,יחידה,false,,6.90,0.0000,true,1,13164
7290006737885,false,סביבונים לחנוכה מבחר 4 יח',,,מארז סביבונים 4 יח',יחידה,0.00,יחידה,false,,6.90,0.0000,true,1,13165
7290006739131,false,בצק גולמי פילו זוגלובק 500ג',,IL,זוגלובק בצק פילו 500,גרמים,500.00,100 גרם,false,,12.90,0.0258,true,1,38982
7290006739346,false,נקניקיות פרגיות טרי 400 גרם זוגלובק,זוגלובק,IL,נקניקיות פרגיות טרי,גרמים,400.00,100 גרם,false,,13.90,0.0348,true,1,38987
7290006739445,false,שניצל תירס קלאסי 750 ג' זוגלובק,זוגלובק,IL,שניצל תירס קלאסי 750,גרמים,750.00,100 גרם,false,,21.90,0.0292,true,1,38992
7290006741363,false,"בורקס תפו""א זוגלובק בד""צ 800ג'",מאפיית אריאל וגידרון,IL,"זוגלובק בורקס תפו""א",גרמים,800.00,100 גרם,false,,13.90,0.0174,true,1,39005
7290006742278,false,פסטרמה הודו צלויה על לבנים 330 ג' זוגלובק,זוגלובק,IL,פסטרממיה צלויה על לב,גרמים,330.00,100 גרם,false,,27.90,0.0845,true,1,39014
7290006764065,false,"בירה נשר מאלט בקבוק חוזר 500 מ""ל","טמפו משקאות בע""ם.",IL,נשר מאלט בקבוק פקדון,מיליליטרים,500.00,"100 מ""ל",false,,4.90,0.0098,true,1,9417
7290006764096,false,"בירה איגל 500 מ""ל 3.8% בקבוק חוזר","טמפו משקאות בע""מ",IL,בירה איגל בקבוק 500,מיליליטרים,500.00,"100 מ""ל",false,,5.50,0.0110,true,1,9419
7290006764485,false,"בירה נשר מאלט שחורה מארז 330X6מ""ל",טמפו,,נשר מאלט 6*330מל,ליטרים,1.98,ליטר,false,,31.90,16.1111,true,1,9426
7290006765000,false,טורטיות חיטה מלאה 8יח 540 ג',אלקטי קוראבייכיסיגיד,TR,8 טורטיות חיטה מלאה,גרמים,540.00,100 גרם,false,,9.90,0.0183,true,1,4646
7290006765895,false,בוטן בקליפה 200 גרם שושן הקולה,דין שיווק,IL,בוטן קלוי בקליפה 200,גרמים,200.00,100 גרם,false,,7.90,0.0395,true,1,4650
7290006775030,false,עוגת שוקולד צ'יפס 450 ג אחוה,אחדות בעמ,IL,עוגת שוקו-ציפס מבית,גרמים,450.00,100 גרם,false,,10.90,0.0242,true,1,691
7290006775047,false,עוגת שוקולד אחווה 450 ג',"אחדות ביח""ר לטחינה",IL,עוגת שוקולד מבית טוב,גרמים,450.00,100 גרם,false,,10.90,0.0242,true,1,692
7290006775795,false,"עוגת תפו""ע אחוה במילוי עדין 450'",,,אחווה עוגת תפוע ממול,גרמים,450.00,100 גרם,false,,11.90,0.0264,true,1,706
7290006784308,false,"PURE מבשם אוויר ניחוח חופשה בפרובנס 400 מ""ל",,,"מבשם אוויר 400 מ""ל נ",מיליליטרים,400.00,"100 מ""ל",false,,9.90,0.0248,true,1,188854
7290006788375,false,קרליין דאודורנט סטיק נושם ורוד,,,דאו' נושם סטיק ורוד,מיליליטרים,50.00,"100 מ""ל",false,,14.90,0.2980,true,1,30056
7290006788436,false,"קרליין - נושם פיור דאודורנט רול און לאישה ורוד 75 מ""ל",משווק: קוסמופארם בעמ,IL,דאו' רולאון נושם פיו,גרמים,75.00,100 גרם,false,,12.90,0.1720,true,1,30062
7290006788467,false,"קרליין - נושם אקטיב דאודורנט ספריי לאישה בורדו 200 מ""ל",מיוצר עי : אמיליה קו,IL,דאו' תרסיס נושם בורד,מיליליטרים,200.00,"100 מ""ל",false,,12.90,0.0645,true,1,30065
7290006788504,false,"קרליין - נושם אוקסיג'ן דאודורנט ספריי לאישה סגול 200 מ""ל",מיוצר עי : אמיליה קו,IL,דאו' תרסיס נושם סגול,מיליליטרים,200.00,"100 מ""ל",false,,12.90,0.0645,true,1,30069
7290006789631,false,קרליין קרם לחות לשיער רגיל 400 גרם,,,קרם לחות לשיער רגיל,מיליליטרים,400.00,"100 מ""ל",false,,14.90,0.0373,true,1,30077
7290006789648,false,"קרליין קרם לחות לשיער יבש 400 מ""ל",קוסמופארם,IL,קרם לחות לשיער יבש ק,מיליליטרים,400.00,"100 מ""ל",false,,14.90,0.0373,true,1,30078
7290006789655,false,"קרליין קרם לחות לבניית תלתלים 400 מ""ל",מיוצר עי : אמיליה קו,IL,קרם לחות לבניית תלתל,מיליליטרים,400.00,"100 מ""ל",false,,14.90,0.0373,true,1,30079
7290006805355,false,תערובת להכנת כדורי שוקולד פילסברי 500ג',הדקלאים אגודת שיתופי,IL,תערובת כדורי שוקולד,גרמים,500.00,100 גרם,false,,16.90,0.0338,true,1,12806
7290006805850,false,תערובת להכנת פנקייק פילסבורי 500 גר,הדקלאים אגודת שיתופי,IL,תערובת להכנת פנקייקס,גרמים,500.00,100 גרם,false,,16.90,0.0338,true,1,12807
7290006822192,false,מיץ חמוציות דיאט אושן ספריי 1 ליטר,מבשלות בירה בינלאומי,IL,אושן ספרי דיאט חמוצי,ליטרים,1.00,ליטר,false,,11.90,11.9000,true,1,6968
7290006908377,false,שקד טבעי 150 גר` פיצ,,,שקד טבעי 150 גר` פיצ,גרמים,150.00,100 גרם,false,,13.90,0.0927,true,1,1477
7290006908414,false,חמנייה 400 גרם,,,חמנייה 400 גרם,גרמים,400.00,100 גרם,false,,10.90,0.0273,true,1,1480
7290006920836,false,"תחליפי גבינ""צ מעושן פרוס 350 גר'",,,מעושן פרוס כפיר 350,גרמים,350.00,100 גרם,false,,15.90,0.0454,true,1,18278
7290006983152,false,קרוטונים מתובלים למרק 400 ג' אסם,עינת תעשיות,IL,קרוטונים מתובלים אסם,גרמים,400.00,100 גרם,false,,17.90,0.0447,true,1,18719
7290006983176,false,אוסם - לחמית שיפון 250 גרם,"אסם השקעות בע""מ",IL,לחמית שיפון אסם 250,גרמים,230.00,100 גרם,false,,8.90,0.0387,true,1,18720
7290006983763,false,עוגת הבית שוקולד 400 ג' אסם,מיוצר עי קונדיטוריית,IL,עוגת הבית שוקולד 400,גרמים,400.00,100 גרם,false,,11.90,0.0298,true,1,18724
7290006983770,false,עוגת הבית שיש 400 ג' אסם,מיוצר עי קונדיטוריית,IL,עוגת הבית שיש 400גר,גרמים,400.00,100 גרם,false,,11.90,0.0298,true,1,18725
7290006983787,false,עוגת הבית שוקוציפס 400 ג' אסם,מיוצר עי קונדיטוריית,IL,עוגת הבית שוקוציפס 4,גרמים,400.00,100 גרם,false,,11.90,0.0298,true,1,18726
7290006983794,false,עוגת הבית תפוז 400 ג' אסם,מיוצר עי קונדיטוריית,IL,עוגת הבית תפוז 400גר,גרמים,400.00,100 גרם,false,,11.90,0.0298,true,1,18727
7290006992390,false,"מטרנה - דייסת וניל פרוביוטי כשל""פ 200 גרם",מולינו ניקולי s.p.a,IL,מטרנה דייסת וניל פרו,גרמים,200.00,100 גרם,false,,13.50,0.0675,true,1,18733
7290008000246,false,"פמינה - שטיפה אינטימית מועשר באלוורה 220 מ""ל",,,סבון שטיפה מועשר באל,מיליליטרים,220.00,"100 מ""ל",false,,24.90,0.1132,true,1,3828
7290008000796,false,"כצט - סופרמן משחת שיניים לילדים 50 מ""ל",כצט נוביס,,משחת שיניים סופרמן ל,מיליליטרים,50.00,"100 מ""ל",false,,10.90,0.2180,true,1,3833
7290008101318,false,קריספ פירורי לחם זהוב 300 גרם,,IL,פירורי לחם זהוב קלאס,גרמים,300.00,100 גרם,false,,6.90,0.0230,true,1,259316
7290008104050,false,"פמינה - שטיפה אינטימית קלאסית 220 מ""ל",כצט נוביס סעמ,IL,סבון שטיפה אינטימית,מיליליטרים,220.00,"100 מ""ל",false,,23.90,0.1086,true,1,3839
7290008116541,false,"שטיפת פה ליסטרין קול מינט 500 מ""ל",ג'ונסון אנד ג'ונסון,IT,מי פה ליסטרין בטעם מ,מיליליטרים,500.00,"100 מ""ל",false,,22.90,0.0458,true,1,29482
7290008116565,false,מי פה ליסטרין פרש בר,ג'ונסון אנד ג'ונסון,IT,מי פה פרש ליסטרין 50,מיליליטרים,500.00,"100 מ""ל",false,,22.90,0.0458,true,1,29484
7290008154222,false,שניצלונים עוף טוב 700 גרם,מולינו ניקולי s.p.a,IL,שניצלונים עוף טוב 70,גרמים,700.00,100 גרם,false,,19.90,0.0284,true,1,19773
7290008175210,false,גבינת פרמזן מגורדת 90ג' ויליפוד,זנטי אס.איי.,IT,וילי פוד פרמזן מגורד,גרמים,90.00,100 גרם,false,,14.90,0.1656,true,1,2911
7290008268288,true,מארז תפוח קריפס פינק,,,מארז תפוח קריפס פינק,גרמים,900.00,100 גרם,false,,12.90,0.0143,true,1,326959
7290008268301,false,אוכמניות יחידה,מרינה,IL,אוכמניות,גרמים,120.00,100 גרם,false,,14.90,0.1242,true,1,47870
7290008268455,false,קיווי ישראלי ארוז 4,חקלאי,IL,קיווי ארוז בראשית,יח',1.00,יח',false,,11.90,11.9000,true,1,194796
7290008343466,false,בצק פילו 500 גרם שלושת האופים,כלורוקס אוקלנד,IL,בצק פילו 500 גרם,גרמים,500.00,100 גרם,false,,19.90,0.0398,true,1,17115
7290008343558,false,"סיגרים בשר שלושת האופים 1 ק""ג",,,סיגרים בשר 1 ק`ג שלו,קילוגרמים,1.00,"ק""ג",false,,16.90,16.9000,true,1,17119
7290008343565,false,"סיגרים תפו""א 1 ק""ג שלושת האופים",,,סיגרים תפו`א 1 ק`ג ש,קילוגרמים,1.00,"ק""ג",false,,16.90,16.9000,true,1,17120
7290008343619,false,"פסטלים תפו""א שלושת האופים 1 ק""ג",,,פסטלים תפו`א שלושת ה,קילוגרמים,1.00,"ק""ג",false,,16.90,16.9000,true,1,17123
7290008343626,false,"כדורי פלאפל 1 ק""ג שלושת האופים",,,כדורי פלאפל 1 ק`ג של,קילוגרמים,1.00,"ק""ג",false,,19.90,19.9000,true,1,17124
7290008344272,false,המבורגר 100% 400 ג' טיבון ויל,טיבון ויל אחזקות בעמ,IL,המבורגר 100% 400 ג'-,גרמים,400.00,100 גרם,false,,17.90,0.0447,true,1,17131
7290008345583,false,איקרה ביתית ורוד 300 גרם דלידג,כלורוקס אוקלנד,IL,300 איקרה ביתית ורוד,גרמים,300.00,100 גרם,false,,19.90,0.0663,true,1,17136
7290008409049,false,מאמא עוףמיני שניצלים בציפוי שומשום 500 ג,תנובה גליל שותפות מו,IL,מאמא עוף מיני דק שני,גרמים,500.00,100 גרם,false,,24.90,0.0498,true,1,25551
7290008409100,false,אצבעות שניצל בציפוי שומשום מאמא עוף 700 גרם,תנובה גליל שותפות מו,IL,אצבעות שניצל ציפוי ש,גרמים,700.00,100 גרם,false,,30.90,0.0441,true,1,25552
7290008409124,false,שניצל ג'ונגל פריך 700 ג' מאמא עוף,תנובה גליל שותפות מו,IL,מאמא עוף קפוא שניצל,גרמים,700.00,100 גרם,false,,30.90,0.0441,true,1,25553
7290008409216,false,שניצל דק פריך מאמא עוף 700 ג',תנובה גליל,IL,מאמא עוף קפוא שניצל,גרמים,700.00,100 גרם,false,,35.90,0.0513,true,1,25554
7290008409407,false,שניצל דק ציפס מאמא עוף 700 ג',תנובה גליל שותפות מו,IL,מאמא עוף שניצל דק צי,גרמים,700.00,100 גרם,false,,35.90,0.0513,true,1,25564
7290008409551,false,שניצל עוף אמיתי בציפוי מעודן 700 ג' מאמא עוף,תנובה גליל שותפות מו,IL,שניצל עוף אמיתי בציפ,גרמים,700.00,100 גרם,false,,34.90,0.0499,true,1,25570
7290008409568,false,שניצל עוף אמיתי בציפוי שבבי ציפס 700 גר,תנובה גליל שותפות מו,IL,שניצל ציפס אמיתי מאמ,גרמים,700.00,100 גרם,false,,34.90,0.0499,true,1,25571
7290008409605,false,כוכבי עוף בציפוי מעודן מאמא עף 700 גרם,תנובה גליל שותפות מו,IL,כוכבי עוף בציפוי מעו,גרמים,700.00,100 גרם,false,,30.90,0.0441,true,1,25574
7290008409773,false,קציצות עוף ביתיות מאמא עוף 700 ג',תנובה גליל שותפות מו,IL,מאמא עוף קפוא קציצות,גרמים,700.00,100 גרם,false,,28.90,0.0413,true,1,25578
7290008415514,false,חומוס צבר עם חריף עגול 150ג',סלטי צבר,IL,צבר סלט חומוס עם חרי,גרמים,150.00,100 גרם,false,,4.90,0.0327,true,1,19777
7290008443616,false,"מרכך לשיער יבש אדום 750 מ""ל נקה 7",אמיליה קוסמטיקס בעמ,IL,מרכך לשיער יבש אדום,מיליליטרים,750.00,"100 מ""ל",false,,11.90,0.0159,true,1,30091
7290008443647,false,"מרכך לשיער מתולתל סגול, 750 מ""ל נקה 7",אמיליה קוסמטיקס בעמ,IL,מרכך לשיער מתולתל סג,מיליליטרים,750.00,"100 מ""ל",false,,11.90,0.0159,true,1,30094
7290008464130,false,"שישיית בירה גולדסטאר 330 מ""ל UNFILTERED",טמפו,IL,גולדסטאר לא מסונן 6*,ליטרים,1.98,ליטר,false,,36.90,18.6364,true,1,9437
7290008464222,false,"בירה מכבי 7.9% פחית 500 מ""ל","טמפו משקאות בע""מ",IL,מכבי 7.9 פחית 500 מל,מיליליטרים,500.00,"100 מ""ל",false,,7.90,0.0158,true,1,9438
7290008464475,false,"בירה מכבי פחית 500 מ""ל","טמפו משקאות בע""מ",IL,"מכבי פחית 500מ""ל",מיליליטרים,500.00,"100 מ""ל",false,,6.90,0.0138,true,1,9450
7290008464604,false,"בירה היינקן פחית 500מ""ל",טמפו משקאות בע''מ,NL,הייניקן בירה פח 500מ,מיליליטרים,500.00,"100 מ""ל",false,,12.50,0.0250,true,1,9458
7290008464611,false,"סודה טמפו בקבוק זכוכית 275 מ""ל",טמפו משקאות בעמ,IL,"מי סודה טמפו 275 מ""ל",מיליליטרים,275.00,"100 מ""ל",false,,3.50,0.0127,true,1,9459
7290008464697,false,"שישיית בירה מכבי 7.9% 330 מ""ל",טמפו,IL,מכבי 7.9% בקבוק 6* 3,ליטרים,1.98,ליטר,false,,37.90,19.1414,true,1,9462
7290008464703,false,"שישיית בקבוקי מכבי 330 מ""ל",טמפו,,בירה מכבי מארז 6 *33,ליטרים,1.98,ליטר,false,,34.90,17.6263,true,1,9463
7290008464741,false,"שישייית בירה גולדסטאר כהה 330X6 מ""ל",טמפו,IL,"גולדסטאר ח""פ בקבוק 6",ליטרים,1.98,ליטר,false,,37.90,19.1414,true,1,9465
7290008464796,false,"בירה היינקין ח""פ בקבוק 330X6מ""ל",טמפו,,"הייניקן בקבוק ח""פ 6*",ליטרים,1.98,ליטר,false,,38.90,19.6465,true,1,9468
7290008470766,false,שמינייה אורביט סטיקס בטעם פפרמינט,,,אורביט סטיקס בטעם פפ,יחידה,0.00,יחידה,false,,14.00,0.0000,true,1,20772
7290008500128,false,עוגת שמרים טעם שוקול,פילסברי,IL,עוגת שמרים טעם שוקול,גרמים,500.00,100 גרם,false,,25.90,0.0518,true,1,124511
7290008500142,false,"עוגת שמרים טעם תפו""ע",פילסברי,IL,"עוגת שמרים טעם תפו""ע",גרמים,480.00,100 גרם,false,,25.90,0.0540,true,1,176189
7290008636018,false,שוקולד כפתורי ם שמיניה 40 ג',,,1/8 כפתורי שוקולד 30,גרמים,30.00,100 גרם,false,,9.90,0.3300,true,1,15007
7290008636919,false,קקאו הולנדי 200ג' שקית,,,קקאו הולנדי 200 גרם,גרמים,200.00,100 גרם,false,,10.90,0.0545,true,1,15021
7290008636926,false,קקאו הולנדי 500 ג' שקית,,,קקאו הולנדי 500גר. ב,גרמים,500.00,100 גרם,false,,13.90,0.0278,true,1,15022
7290008636957,false,שקדים מולבנים גרוסים,מיה,IL,מיה שקד מולבן גרוס 1,גרמים,100.00,100 גרם,false,,10.90,0.1090,true,1,15025
7290008644112,false,סלט מטבוחה יום יום אחלה 125 ג',"שטראוס גרופ בע""מ",IL,אחלה מטבוחה 125ג,גרמים,125.00,100 גרם,false,,4.90,0.0392,true,1,23330
7290008644235,false,עלי בייבי 120 גר' שטראוס,שטראוס בריאות ירקות,IL,עלי בייבי 120 ג ירקו,גרמים,120.00,100 גרם,false,,10.50,0.0875,true,1,23331
7290008644945,false,סלט המושבה שטופים שט,שטראוס בריאות ירקות,IL,סלט המושבה 450 ג ירק,גרמים,450.00,100 גרם,false,,11.90,0.0264,true,1,23333
7290008645935,false,חומוס לניגוב אחלה 750 ג',"שטראוס גרופ בע""מ",IL,אחלה חומוס 750ג,גרמים,750.00,100 גרם,false,,9.90,0.0132,true,1,23334
7290008670012,false,"יין רקאנטי קברנה סוביניון 2019 750 מ""ל",תות ממתקי איכות,IL,רקנאטי קברנה סובניו,מיליליטרים,750.00,"100 מ""ל",false,,54.90,0.0732,true,1,41638
7290008670210,false,"יין רקאנטי סירה 2019 750 מ""ל",תות ממתקי איכות,IL,"רקנאטי שירז 750 מ""ל",ליטרים,750.00,100 ליטר,false,,54.90,0.0732,true,1,41642
7290008690713,false,פריגת אושן ספריי חמוציות 1ל',מבשלות בירה בינלאומי,IL,אושן ספרי חמוציות 1ל,ליטרים,1.00,ליטר,false,,11.90,11.9000,true,1,6989
7290008693134,false,מעדן גבינה ויוגורט בטעם תות 5% שומן 88 ג' דניאלה,"שטראוס בריאות בע""מ",IL,דניאלה תות מעדן גבינ,מיליליטרים,150.00,"100 מ""ל",false,,4.10,0.0273,true,1,23335
7290008713900,false,לחם שיפון עגול 750 ג' אנג'ל,מאפיית אנג'ל אורנים,IL,לחם שיפון עגול אנגל,גרמים,750.00,100 גרם,false,,13.90,0.0185,true,1,35475
7290008713917,false,לחם שיפון כהה 750 ג' אנג'ל,,,לחם שיפון כהה אנגל 7,גרמים,750.00,100 גרם,false,,13.90,0.0185,true,1,35476
7290008745239,false,תפוציפס אקסטרא טבעי 50 גרם,"שטראוס פריטו ליי בע""",IL,תפוציפס קראנץ טבעי 5,גרמים,50.00,100 גרם,false,,3.90,0.0780,true,1,24166
7290008747547,false,תפוציפס קראנץ טבעי 200 גרם,"שטראוס פריטו ליי בע""",IL,תפוציפס קראנץ טבעי 2,גרמים,200.00,100 גרם,false,,10.90,0.0545,true,1,24168
7290008750264,false,מסטיק מאסט LL פליפ.דובדבן מגדים 28 גר,"שטראוס גרופ בע""מ",IL,מאסט דובדבן 28ג,גרמים,28.00,100 גרם,false,,4.10,0.1464,true,1,22273
7290008752244,false,תפוצ'יפס אקסטרא גריל 50 גרם,"שטראוס פריטו ליי בע""",IL,תפוציפס קראנץ גריל 5,גרמים,50.00,100 גרם,false,,3.90,0.0780,true,1,24170
7290008753111,false,תפוציפס קראנצי מקסיקני 50 גרם,"שטראוס פריטו ליי בע""",IL,תפוציפס מקסיקני 50גר,גרמים,50.00,100 גרם,false,,3.90,0.0780,true,1,24171
7290008754040,false,ממרח פרה שוקולד 850 גר - מגדים,,,ממרח פרה שוקולד 850,גרמים,850.00,100 גרם,false,,14.90,0.0175,true,1,22281
7290008754415,false,גומי מאסט בטעם ספירמינט עדין פליפטופ 28 ג' עלית,"שטראוס גרופ בע""מ",IL,מאסט מנטה עדין 28 גר,גרמים,28.00,100 גרם,false,,4.10,0.1464,true,1,22282
7290008757034,false,"שוופס סודה זכוכית 250 מ""ל",יפאורה תבורי בעמ,IL,"סודה שוופס 250 מ""ל ב",מיליליטרים,250.00,"100 מ""ל",false,,3.90,0.0156,true,1,11559
7290008757980,false,נקטר ספרינג רימונים קרטונית 1 ל',"יפאורה תבורי בע""מ",IL,ספרינג רימונים 1ל,ליטרים,1.00,ליטר,false,,6.90,6.9000,true,1,11579
7290008775816,false,ערגליות שוקו חדש12*300גרם 2020,מיוצר עי קונדיטוריית,IL,ערגליות שוקולד 300 ג,גרמים,300.00,100 גרם,false,,9.90,0.0330,true,1,18736
7290008775823,false,ערגליות תות חדש12*300גרם 2020,מיוצר עי קונדיטוריית,IL,ערגליות תות שדה 300,גרמים,300.00,100 גרם,false,,9.90,0.0330,true,1,18737
7290008792257,false,מפיות נייר מפיון טאצ,"שניב תעשיות נייר בע""",,מפיות נייר מפיון טאצ,יחידה,0.00,יחידה,false,,3.90,0.0000,true,1,24458
7290008792264,false,מפיות טישיו טאצ' 100יח',"שניב תעשיות נייר בע""",IL,מפיות טאצ' 100,יחידה,0.00,יחידה,false,,4.90,0.0000,true,1,24459
7290008801010,false,"יין קברנה סוביניון מרלו פרייוט קולקשן 750 מ""ל",אגודת הכורמים הקאופו,IL,יין P.C קברנה סובי,מיליליטרים,750.00,"100 מ""ל",false,,39.90,0.0532,true,1,511
7290008801539,false,כרמל קינג דיוויד מתוק כרמל 750 מל,אגודת הכורמים הקואופ,IL,יין קונקורד קינג דיו,מיליליטרים,750.00,"100 מ""ל",false,,21.90,0.0292,true,1,521
7290008801546,false,"יין קינג דויד מוסקט מתוק לבן 750 מ""ל",אגודת הכורמים הקואופ,IL,יין קונקורד קינג דיו,מיליליטרים,750.00,"100 מ""ל",false,,21.90,0.0292,true,1,522
7290008801850,false,סלקטד אמרלד ריזלינג לבן חצי יבש 750 מל,אגודת הכורמים הקואופ,IL,יין סלקטד אמרלד ריזל,מיליליטרים,750.00,"100 מ""ל",false,,29.90,0.0399,true,1,524
7290008802291,false,"יין מרלו פרייוט קולקשן 750 מ""ל",אגודת הכורמים הקואופ,IL,"יין P.C מרלו 750מ""",מיליליטרים,750.00,"100 מ""ל",false,,39.90,0.0532,true,1,525
7290008802512,false,"יין וינו אדום יבש 750 מ""ל","כד בני דרום בע""מ",IL,יין וינו אדום יבש,מיליליטרים,750.00,"100 מ""ל",false,,21.90,0.0292,true,1,526
7290008802895,false,יין קברנה סוביניון פרייוט קולקשן,אגודת הכורמים הקאופו,IL,יין P.C קברנה סובי,מיליליטרים,750.00,"100 מ""ל",false,,39.90,0.0532,true,1,528
7290008805049,false,יין רוזה חצי יבש סלקטד 2016 750 מל,"כד בני דרום בע""מ",IL,יין סלקטד רוזה כרמל,מיליליטרים,750.00,"100 מ""ל",false,,29.90,0.0399,true,1,543
7290008805520,false,קברנה מרלו אדום יבש 750 מל סלקטד,"כד בני דרום בע""מ",IL,יין סלקטד קברנה סובנ,מיליליטרים,750.00,"100 מ""ל",false,,29.90,0.0399,true,1,545
7290008837866,false,שירת הלל 100% מיץ 1 ליטר,,IL,שירת הלל 100% מיץ ענ,ליטרים,1.00,ליטר,false,,17.90,17.9000,true,1,11917
7290008849609,false,רוטב לעוף שום דבש אוליביה 330 גרם,אוליביה גורמה (1996),IL,רוטב שום דבש אוליבי,גרמים,330.00,100 גרם,false,,12.90,0.0391,true,1,3506
7290008849661,false,ממרח אוליביה עגבניות מיובשות פיקנטי 180 גר',טרופיקל דגיל תעשיות,IL,אוליביה ממרח עגבניות,גרמים,180.00,100 גרם,false,,12.90,0.0717,true,1,26023
7290008849753,false,רוטב טריאקי אוליביה 300 גרם,מיוצר עי קונדיטוריית,IL,רוטב טריאקי עשיר אול,מיליליטרים,300.00,"100 מ""ל",false,,12.90,0.0430,true,1,52049
7290008849845,false,ממרח אוליביה אריסה פיקנטי 180 ג',"אוליביה גרומה בע""מ",IL,אוליביה אריסה פיקנטי,גרמים,185.00,100 גרם,false,,12.90,0.0697,true,1,26026
7290008909853,false,"קולה זירו 500 מ""ל בקבוק",החברה המרכזית לייצור,IL,קוקה קולה זירו 500 מ,מיליליטרים,500.00,"100 מ""ל",false,,6.90,0.0138,true,1,7005
7290008975551,false,מטרנה מהדרין חיסכון שלב 3 700גר',מולינו ניקולי s.p.a,IL,מטרנה מהדרין שלב 3,גרמים,700.00,100 גרם,false,,49.90,0.0713,true,1,18741
7290009018004,false,פיקדון בקבוק/פחית בו,,,פיקדון בקבוק/פחית בו,יחידה,0.00,יחידה,false,,0.30,0.0000,true,1,66
7290009018011,false,פיקדון בקבוק/פחיות ש,,,פיקדון בקבוק/פחיות ש,יחידה,0.00,יחידה,false,,1.80,0.0000,true,1,64
7290009018264,false,פיקדון בקבוק/פחית רב,,,פיקדון בקבוק/פחית רב,יחידה,0.00,יחידה,false,,1.20,0.0000,true,1,105
7290009023480,false,פיקדון בקבוק 12 יח,,,פיקדון בקבוק 12 יח,יחידה,0.00,יחידה,false,,3.60,0.0000,true,1,49320
7290009164664,false,לחמניית דגנים,,,לחמניית דגנים,יח',1.00,יח',false,,3.90,3.9000,true,1,2572
7290010002023,false,כורכום הודי טחון 100 גרם,א.ל ייצור ושיווק תבל,IL,מימון כורכום הודי טח,גרמים,100.00,100 גרם,false,,11.90,0.1190,true,1,245
7290010002030,false,כמון טחון 100גרם יורדן,א.ל ייצור ושיווק תבל,IL,מימון כמון במיכל 100,גרמים,100.00,100 גרם,false,,11.90,0.1190,true,1,246
7290010002047,false,תבליני מימון מלח לימון,א.ל ייצור ושיווק תבל,IL,מימון מלח לימון במיכ,גרמים,200.00,100 גרם,false,,9.50,0.0475,true,1,247
7290010002061,false,פלפל לבן טחון 100 גרם,,,מימון פלפל לבן טחון,גרמים,100.00,100 גרם,false,,17.50,0.1750,true,1,249
7290010002078,false,פלפל שחור טחון 100 גרם,א.ל ייצור ושיווק תבל,IL,מימון פלפל שחור טחון,גרמים,100.00,100 גרם,false,,14.50,0.1450,true,1,250
7290010002092,false,פלפל שחור גרוס דק 90 ג',,,מימון פלפל שחור גרוס,גרמים,90.00,100 גרם,false,,14.50,0.1611,true,1,252
7290010002122,false,פפריקה הונגרית מתוקה 100 גרם,א.ל ייצור ושיווק תבל,IL,מימון פפריקה הונגרית,גרמים,100.00,100 גרם,false,,11.90,0.1190,true,1,255
7290010002139,false,פפריקה הונגרית חריפה 100 גרם,,,מימון פפריקה הונגרית,גרמים,100.00,100 גרם,false,,11.90,0.1190,true,1,256
7290010002146,false,פפריקה מרוקאית מתוקה 100 גרם,א.ל ייצור ושיווק תבל,IL,מימון פפריקה מרוקאית,גרמים,100.00,100 גרם,false,,11.90,0.1190,true,1,257
7290010002153,false,פפריקה מרוקאית חריפה 100 גרם,א.ל ייצור ושיווק תבל,IL,מימון פפריקה מרוקאית,גרמים,100.00,100 גרם,false,,11.90,0.1190,true,1,258
7290010002207,false,מימון קינמון טחון במ,א.ל ייצור ושיווק תבל,IL,מימון קינמון טחון במ,גרמים,100.00,100 גרם,false,,9.50,0.0950,true,1,260
7290010002214,false,צילי מקסיקני גרוס 70 גרם,TLV צ'יף,IL,מימון צילי גרוס 80 ג,גרמים,80.00,100 גרם,false,,11.90,0.1488,true,1,261
7290010002283,false,מימון תבלין על האש ב,א.ל ייצור ושיווק תבל,IL,מימון תבלין על האש ב,גרמים,100.00,100 גרם,false,,11.90,0.1190,true,1,263
7290010002306,false,תערובת לקציצות 100 גרם,א.ל ייצור ושיווק תבל,IL,מימון תיבול לקציצות,גרמים,100.00,100 גרם,false,,11.90,0.1190,true,1,265
7290010002313,false,תבלין קציצות מרוקני,א.ל ייצור ושיווק תבל,IL,מימון ראס אל חנות 10,גרמים,100.00,100 גרם,false,,11.90,0.1190,true,1,266
7290010002320,false,תבלין גריל עוף 100 גרם,א.ל ייצור ושיווק תבל,IL,מימון תיבול לגריל עו,גרמים,100.00,100 גרם,false,,11.90,0.1190,true,1,267
7290010002382,false,תבליני מימון אורגנו,,,מימון אורגנו במיכל 4,גרמים,40.00,100 גרם,false,,9.50,0.2375,true,1,273
7290010002481,false,מימון שום טחון במיכל,,,מימון שום טחון במיכל,גרמים,100.00,100 גרם,false,,14.50,0.1450,true,1,280
7290010002498,false,מימון שום גבישי 120,א.ל ייצור ושיווק תבל,IL,מימון שום גבישי 120,גרמים,120.00,100 גרם,false,,14.50,0.1208,true,1,281
7290010002696,false,אקסטרה ציפס אורז חום מלא שמנת בצל 60 גרם,,BG,אקסטרא צ'יפס אורז חו,גרמים,60.00,100 גרם,false,,8.50,0.1417,true,1,259357
7290010003051,false,פפריקה הונגרית מתוקה 400 גרם,,,מימון פפריקה הונגרית,גרמים,400.00,100 גרם,false,,24.90,0.0622,true,1,285
7290010003075,false,פפריקה מרוקאית מתוקה 400 גרם,TLV צ'יף,IL,מימון פפריקה מרוקאית,גרמים,400.00,100 גרם,false,,24.90,0.0622,true,1,286
7290010003686,false,מימון עלי דפנה שקית,,,מימון עלי דפנה שקית,גרמים,20.00,100 גרם,false,,5.90,0.2950,true,1,290
7290010003693,false,פפריקה מתוקה 80 גרם שקית,TLV צ'יף,IL,מימון פפריקה מתוקה ש,גרמים,80.00,100 גרם,false,,5.90,0.0738,true,1,291
7290010003709,false,פלפל שחור טחון 50 גרם שקית,TLV צ'יף,IL,מימון פלפל שחור טחון,גרמים,50.00,100 גרם,false,,7.90,0.1580,true,1,292
7290010003754,false,מימון כמון טחון שקית,TLV צ'יף,IL,מימון כמון טחון שקית,גרמים,50.00,100 גרם,false,,5.90,0.1180,true,1,293
7290010003761,false,מימון כורכום טחון שק,א.ל ייצור ושיווק תבל,IL,מימון כורכום טחון שק,גרמים,80.00,100 גרם,false,,5.90,0.0738,true,1,294
7290010003778,false,תיבול לגריל עוף שקית 80 גרם,TLV צ'יף,IL,מימון תיבול לגריל עו,גרמים,80.00,100 גרם,false,,5.90,0.0738,true,1,295
7290010003815,false,מימון פלפל שטה יבש 1,,,מימון פלפל שטה יבש 1,גרמים,150.00,100 גרם,false,,15.90,0.1060,true,1,299
7290010003822,false,פפריקה חריפה 80 גרם שקית,א.ל ייצור ושיווק תבל,IL,מימון פפריקה חריפה ש,גרמים,80.00,100 גרם,false,,5.90,0.0738,true,1,300
7290010003839,false,קינמון טחון 80 גרם שקית,TLV צ'יף,IL,מימון קינמון טחון שק,גרמים,80.00,100 גרם,false,,5.90,0.0738,true,1,301
7290010003846,false,מימון אורגנו שקית 20,,,מימון אורגנו שקית 20,גרמים,20.00,100 גרם,false,,5.90,0.2950,true,1,302
7290010023141,false,תה לימונענע הגן הקסום 25 שיקיקים,HIQ FOOD PRODUCTS,IL,תה לימונענע 25 שק',גרמים,50.00,100 גרם,false,,17.90,0.3580,true,1,24674
7290010045068,false,עוגיות הנסיכה 250 גרם לחמי,,,עוגיות הנסיכה לחמי 2,גרמים,250.00,100 גרם,false,,18.90,0.0756,true,1,24685
7290010065745,false,ג`וניור פרינוק מחית לפתן פירות 190ג',,,פרינוק ג'וניור לפתן,גרמים,190.00,100 גרם,false,,6.90,0.0363,true,1,3535
7290010066513,false,נתחי טונה בשמן צמחי רביעיה *158ג' פילטונה,,,נתחי טונה בשמן צמחי,גרמים,632.00,100 גרם,false,,22.90,0.0362,true,1,26591
7290010066520,false,טונה בשמן קנולה פילט,,,טונה בשמן קנולה פילט,גרמים,158.00,100 גרם,false,,6.00,0.0380,true,1,26592
7290010066575,false,נתחי טונה במים רביעיה *158ג' פילטונה,,,נתחי טונה במים פילטו,גרמים,632.00,100 גרם,false,,22.90,0.0362,true,1,26593
7290010066582,false,נתחי טונה בשמן קנולה רביעיה * 158 ג' פילטונה,,,נתחי טונה בשמן קנולה,גרמים,632.00,100 גרם,false,,22.90,0.0362,true,1,26594
7290010066599,false,מארז רביעיית טונה בשמן זית 4*160 גרם,,,נתחי טונה בשמן זית פ,גרמים,632.00,100 גרם,false,,26.90,0.0426,true,1,26595
7290010116980,false,אבקת שוקולית שקית עלית 850 ג',הנסיך- מפעל לייצור ט,IL,שוקולית 850 גרם,גרמים,850.00,100 גרם,false,,15.90,0.0187,true,1,22295
7290010117864,false,דוריטוס בטעם חריף אש 70 גרם,שטראוס פריטו ליי בע,IL,דוריטוס חריף אש 70 ג,גרמים,70.00,100 גרם,false,,3.90,0.0557,true,1,24178
7290010118328,false,תפוצ'יפס טבעי 6*40 ג,,,תפוצ'יפס טבעי 6*40 ג,גרמים,240.00,100 גרם,false,,12.90,0.0538,true,1,24182
7290010124107,false,סטייקבורגר זהב 400 גר',,,סטייק בורגר 400 גרם,גרמים,400.00,100 גרם,false,,15.90,0.0398,true,1,35353
7290010124503,false,שומן כבש מעובד ארוז בלדי 200גר,,,שומן כבש 200 גר',גרמים,200.00,100 גרם,false,,11.90,0.0595,true,1,35357
7290010129324,false,עוגיות מעמול 600 גרם,שיבולים א.ד.ל,IL,עוגיות מעמול 600 גרם,גרמים,600.00,100 גרם,false,,19.90,0.0332,true,1,20177
7290010129652,false,עוגיות לקפה דולצ'ה ו,שיבולים א.ד.ל,IL,עוגיות לקפה דולצ'ה ו,גרמים,350.00,100 גרם,false,,17.90,0.0511,true,1,20191
7290010129720,false,עוגיות שמרים קינמון 400 גרם דולצה ויטה,שיבולים א.ד.ל,IL,עוגיות שמרים שניק קי,גרמים,400.00,100 גרם,false,,11.90,0.0298,true,1,20196
7290010129959,false,עוגיות שמרים 400 גרם דולצה ויטה,שיבולים א.ד.ל,IL,עוגיות שמרים רוגלעך,גרמים,400.00,100 גרם,false,,11.90,0.0298,true,1,20207
7290010153510,false,בורגול יבש מיה 500 גר',מיה,IL,בורגול מיה 500 גרם,גרמים,500.00,100 גרם,false,,5.50,0.0110,true,1,15035
7290010153534,false,קמח תירס מיה 400 גרם,מיה,IL,קמח תירס מיה 400 גרם,גרמים,400.00,100 גרם,false,,5.90,0.0148,true,1,15037
7290010153688,false,"חומץ טבעי מיה 1 ליטר בד""צ",,,חומץ טבעי מיה 1 ליטר,ליטרים,1.00,ליטר,false,,5.90,5.9000,true,1,15042
7290010153770,false,ציפוי לשניצל פיקנטי מיה 500 גר',,,ציפוי לשניצל פיקנטי,גרמים,500.00,100 גרם,false,,8.90,0.0178,true,1,15049
7290010153787,false,ציפוי לשניצל עם שום מיה 500 גר',,,ציפוי לשניצל עם שום,גרמים,500.00,100 גרם,false,,8.90,0.0178,true,1,15050
7290010153800,false,ציפוי לשניצל עם תיבול עדין מיה 500 גר',,,ציפוי לשניצל עם תיבו,גרמים,500.00,100 גרם,false,,8.90,0.0178,true,1,15052
7290010153817,false,ממרח ריבת חלב 400 גרם מיה,,IL,ריבת חלב מיה 400 גרם,גרמים,400.00,100 גרם,false,,12.50,0.0313,true,1,15053
7290010153978,false,קונפיטורה שזיפים מיה 340 גר',,,קונפיטורה שזיפים 340,גרמים,340.00,100 גרם,false,,8.90,0.0262,true,1,15063
7290010154012,false,לימון כבוש בלאדי ביטון 250 ג',תבליני ביטון יוחאי,IL,לימון כבוש 250 ביטון,גרמים,250.00,100 גרם,false,,13.90,0.0556,true,1,17147
7290010154241,false,סלט חזרת ריף ביטון 250 ג',תבליני ביטון יוחאי,IL,סלט חזרת ביטון 250 ג,גרמים,250.00,100 גרם,false,,13.90,0.0556,true,1,17150
7290010154418,false,יוחאי ביטון סחוג אדו,תבליני ביטון יוחאי,IL,יוחאי ביטון סחוג אדו,גרמים,130.00,100 גרם,false,,8.90,0.0685,true,1,17156
7290010154678,false,אריסה מרוקאית ביטון 250 ג' ביטון,תבליני ביטון יוחאי,IL,יוחאי ביטון אריסה מר,גרמים,250.00,100 גרם,false,,13.90,0.0556,true,1,17161
7290010154685,false,סלט שום כתוש 250 ג' ביטון,תבליני ביטון יוחאי,IL,סלט שום כתוש 250 גר',גרמים,250.00,100 גרם,false,,13.90,0.0556,true,1,17162
7290010173174,false,"יין אלון 2019 750 מ""ל הרי גליל",,IL,"הרי גליל אלון 750מ""ל",מיליליטרים,750.00,"100 מ""ל",false,,54.90,0.0732,true,1,41647
7290010173181,false,יין אלה הרי גליל 750 מל,,IL,יין הר גליל אלה אירו,מיליליטרים,750.00,"100 מ""ל",false,,54.90,0.0732,true,1,41648
7290010192007,false,פטרוזיליה,,,פטרוזיליה,יח',1.00,יח',false,,3.50,3.5000,true,1,35570
7290010192014,false,שמיר,,,שמיר,יח',1.00,יח',false,,3.50,3.5000,true,1,35571
7290010192021,false,כוסברה,,,כוסברה,יח',1.00,יח',false,,3.50,3.5000,true,1,35572
7290010192038,false,שורש פטרוזיליה ארוז,,,שורש פטרוזיליה ארוז,יח',1.00,יח',false,,5.90,5.9000,true,1,35573
7290010192045,false,נענע יחידה,חקלאי,IL,נענע יחידה,יח',1.00,יח',false,,3.50,3.5000,true,1,35574
7290010192052,false,סלרי עלים (אמריקאי),,,סלרי עלים (אמריקאי),יח',1.00,יח',false,,5.90,5.9000,true,1,35575
7290010192069,false,סלרי ראש ארוז,,,סלרי ראש ארוז,יח',1.00,יח',false,,5.90,5.9000,true,1,35576
7290010192083,false,מנגולד ארוז,,,מנגולד ארוז,יח',1.00,יח',false,,6.90,6.9000,true,1,35577
7290010192137,false,לוף ארוז ליח,,,לוף ארוז ליח,יח',1.00,יח',false,,8.90,8.9000,true,1,35578
7290010195268,false,פופקורן פופסטאר חמישייה מופחת שומן טבעי,Preston farms,US,פופסטאר פופקורן מופח,גרמים,425.00,100 גרם,false,,12.90,0.0304,true,1,5843
7290010237531,false,"פפסי קולה פלסטיק 500 מ""ל","טמפו משקאות בע""ם.",IL,פפסי קולה 500 מ'ל,מיליליטרים,500.00,"100 מ""ל",false,,4.90,0.0098,true,1,9475
7290010237548,false,"פפסי מקס דל קלוריות 500 מ""ל בקבוק",טמפו משקאות בעמ,IL,"פפסי מקס 500 מ""ל",מיליליטרים,500.00,"100 מ""ל",false,,4.50,0.0090,true,1,9476
7290010237562,false,"מרינדה בקבוק 500 מ""ל","טמפו משקאות בע""מ",IL,מירנדה 500 מ'ל,מיליליטרים,500.00,"100 מ""ל",false,,4.90,0.0098,true,1,9477
7290010237586,false,"סבן אפ דיאט בקבוק 500 מ""ל","טמפו משקאות בע""מ",IL,דיאט סבן אפ 500 מ'ל,מיליליטרים,500.00,"100 מ""ל",false,,4.50,0.0090,true,1,9479
7290010237890,false,"בירה הייניקן בקבוק 500 מ""ל חוזר",טמפו משקאות בע''מ,IL,הייניקן בירה בקבוק ח,מיליליטרים,500.00,"100 מ""ל",false,,8.50,0.0170,true,1,9488
7290010259823,false,מרק עם נודלס טעם עוף מנת השף 70 גר,נמצ'או(תאילנד) בעמ,TH,נודלס בטעם עוף מנת ה,גרמים,70.00,100 גרם,false,,4.90,0.0700,true,1,2925
7290010259830,false,מרק עם נודלס סיני פיקנטי מנת השף 70 גר,נמצ'או(תאילנד) בעמ,TH,נודלס בטעם סיני פיקנ,גרמים,70.00,100 גרם,false,,4.90,0.0700,true,1,2926
7290010259847,false,מרק עם נודלס טעם תירס מנת השף 70 גר,יוליניבר,TH,נודלס טעם תירס מנת ה,גרמים,70.00,100 גרם,false,,4.90,0.0700,true,1,2927
7290010259854,false,מרק עם נודלס טעם פטריות מנת השף 70 גר,נמצ'או(תאילנד) בעמ,TH,נודלס בטעם פטריות מנ,גרמים,70.00,100 גרם,false,,4.90,0.0700,true,1,2928
7290010259861,false,מרק עם נודלס טעם ירקות מנת השף 70 גר,יוליניבר,TH,נודלס בטעם ירקות מנת,גרמים,70.00,100 גרם,false,,4.90,0.0700,true,1,2929
7290010259977,false,שמן קנולה וילי פוד 1 ליטר,יושלם,PL,שמן קנולה ויליפוד 1,ליטרים,1.00,ליטר,false,,10.90,10.9000,true,1,2933
7290010259991,false,צנימים וילי פוד 250 גרם,,IL,"צנימים בד""ץ וילי פוד",גרמים,250.00,100 גרם,false,,7.90,0.0316,true,1,2934
7290010279227,false,"זיקוק 15 ס""מ 6 בשקית",,,זיקוק 15 ס`מ 6 יח`,יחידה,0.00,יחידה,false,,14.00,0.0000,true,1,32255
7290010328468,false,אחווה חטיפי מיני חלווה ב- 3 טעמים 18 יח,שוורצקוף& הנקל דיסלד,IL,חטיפי מיני חלבה בטעמ,גרמים,216.00,100 גרם,false,,10.90,0.0505,true,1,719
7290010429554,false,"שמן זית כתית מעולה יד מרדכי 2 קלאסי, 750 מ""ל",מכוורת יד מרדכי שטרא,IL,שמן זית כתית מעולה 2,מיליליטרים,750.00,"100 מ""ל",false,,33.90,0.0452,true,1,22300
7290010471669,false,יוגורט בר תות קורנפלקס מצופה שוקולד 175 ג' דנונה,"שטראוס בריאות בע""מ",IL,דנונה קראנצ' יוגורט,מיליליטרים,175.00,"100 מ""ל",false,,4.90,0.0280,true,1,23336
7290010472390,false,מארז שמינייה מעדן דני שוקולד,מיוצר עי קונדיטוריית,IL,מארז דני שוקולד 8*,מיליליטרים,1000.00,"100 מ""ל",false,,16.90,0.0169,true,1,23340
7290010513727,false,פירורי לחם קינגדאו פנקו 200 גר,,,פנקו פרורי לחם יפניי,גרמים,200.00,100 גרם,false,,7.90,0.0395,true,1,47584
7290010617258,false,מוצץ סיליקון קטן לרך נולד פרח זוגי,,,מוצץ קצר,יחידה,0.00,יחידה,false,,16.50,0.0000,true,1,1218
7290010627004,false,טחינה גולמית מסורתית ירושלים 500 ג',"בראשית ירושלים בע""מ",IL,טחינה ירושלים 500 גר,גרמים,500.00,100 גרם,false,,14.90,0.0298,true,1,24686
7290010632572,false,נובי478-נשכן שרשרת חרוזים,מולינו ניקולי s.p.a,CN,נשכן שרשרת חרוזים נו,יחידה,0.00,יחידה,false,,35.90,0.0000,true,1,933
7290010632787,false,צימרוני אוזניים עץ 300יח',הדקלאים אגודת שיתופי,CN,צימרוני אוזניים עץ כ,יחידה,0.00,יחידה,false,,4.50,0.0000,true,1,941
7290010650064,false,פטריות יער מיובשות 2,קרלו,IL,פטריות יער מיובשות 2,גרמים,25.00,100 גרם,false,,9.90,0.3960,true,1,50982
7290010650231,false,פטריות מאיטאקי מיובש,קרלו,IL,פטריות מאיטאקי מיובש,יח',1.00,יח',false,,11.90,11.9000,true,1,50988
7290010711123,false,"ננס רביעיה ""שייני"" ח",,,"ננס רביעיה ""שייני"" ח",יחידה,0.00,יחידה,false,,6.90,0.0000,true,1,13489
7290010711208,false,שייני גליל מטליות צהוב 33 יח',,,SHINY גליל מטליות 33,יחידה,0.00,יחידה,false,,19.00,0.0000,true,1,13492
7290010711543,false,כף אשפה + גומי SHINY,,,כף אשפה + גומי SHINY,יחידה,0.00,יחידה,false,,5.90,0.0000,true,1,13501
7290010711550,false,דלי שטיפה עם פיה ( 1,,,דלי שטיפה עם פיה ( 1,יחידה,0.00,יחידה,false,,11.90,0.0000,true,1,13502
7290010711901,false,שייני מיקרופייבר לרצפה,,,שייני מטליות מיקרופי,יחידה,0.00,יחידה,false,,15.90,0.0000,true,1,13508
7290010718627,false,פנינה - אל סבון נוזלי ירוק 1 ל',,,אל סבון נוזלי ירוק פ,יחידה,0.00,יחידה,false,,8.90,0.0000,true,1,18148
7290010718634,false,"פנינה רוזנבלום -אל סבון נוזלי לבן,1 ליטר",,,אל סבון נוזלי לבן פנ,יחידה,0.00,יחידה,false,,8.90,0.0000,true,1,18149
7290010748860,false,"ד""ר פישר - אפקטיב קר קרם ידיים אינטנסיב 150 מ""ל",פישר מעבדות פרמצבטיו,IL,קרם ידיים אינטנסיב א,מיליליטרים,150.00,"100 מ""ל",false,,15.90,0.1060,true,1,29125
7290010760749,false,"מארז שישיית לחמניות כשל""פ",,,לחמניות במארז שישיה,גרמים,360.00,100 גרם,false,,16.90,0.0469,true,1,51630
7290010766697,false,רוטב שקשוקה אוליביה 415 גר,,,אוליביה רוטב שקשוקה,גרמים,415.00,100 גרם,false,,12.90,0.0311,true,1,52054
7290010766734,false,רוטב פיצה אוליביה אסם 430 ג',,,רוטב פיצה אוליביה 41,מיליליטרים,415.00,"100 מ""ל",false,,12.90,0.0311,true,1,52055
7290010777099,false,פיתה עבודת יד אקספרס מארז 8 יח',מגוון שיווק והפצת מא,,8 פיתות במרקם מיוחד,גרמים,800.00,100 גרם,false,,11.30,0.0141,true,1,21164
7290010777150,false,פיתה חיטה מלאה בריבוע 8יח' שקית 800 גר',מגוון שיווק והפצת מא,,8 פיתות בריבוע חיטה,גרמים,500.00,100 גרם,false,,13.90,0.0278,true,1,21165
7290010777297,false,פיתה אקספרס מארז 12יח',מגוון שיווק והפצת מא,,10 פיתות ביס,קילוגרמים,1.00,"ק""ג",false,,12.90,12.9000,true,1,21170
7290010777358,false,מארז שמיניית פיתות 100% כוסמין מלא,מגוון שיווק והפצת מא,,8 פיתות כוסמין מלא 1,גרמים,400.00,100 גרם,false,,15.90,0.0398,true,1,21173
7290010777488,false,מארז פיתות 100% מחמצת קמח מלא 500 גרם,מאפיית ביכורים מזון,IL,פיתה מחמצת מקמח מלא,יחידה,0.00,יחידה,false,,15.90,0.0000,true,1,255146
7290010777525,false,פיתות 100% כוסמין דק 99 קל 6 יח,מאפיית ביכורים מזון,IL,פיתות קוסמין-פיתה אק,גרמים,50.00,100 גרם,false,,15.90,0.3180,true,1,255133
7290010849505,false,למברוסקו די לואיגי א,פארייפאבה אגרואינדוס,IT,למברוסקו די לואיג'י,מיליליטרים,750.00,"100 מ""ל",false,,24.90,0.0332,true,1,7334
7290010849512,false,למברוסקו די לואיגי ר,פארייפאבה אגרואינדוס,IT,למברוסקו די לואיג'י,מיליליטרים,750.00,"100 מ""ל",false,,24.90,0.0332,true,1,7335
7290010883356,false,כפפות אלוורה סנו סושי גדול גדול,Z.H.RUBBER,CN,סנו סושי זוג כפפות א,יחידה,0.00,יחידה,false,,9.90,0.0000,true,1,30117
7290010883370,false,כפפות אלוורה סנו סושי גדול בינוני,האי נאם סי או אל.טי.,CN,סנו סושי זוג כפפות א,יחידה,0.00,יחידה,false,,9.90,0.0000,true,1,30119
7290010931330,false,מטבוחה אחלה 500 גר',מיוצר עי קונדיטוריית,IL,אחלה מטבוחה 500ג,גרמים,500.00,100 גרם,false,,14.50,0.0290,true,1,23342
7290010945146,false,קוטג' 3% מועשר בסידן טרה 250 ג' מהדרין,טרה,IL,טרה קוטג מועשר 3% 25,גרמים,250.00,100 גרם,false,,5.60,0.0224,true,1,6413
7290010945306,false,חלב 3% בקרטון 2 ל' טרה,טרה,IL,טרה חלב בקרטון 3% 2,ליטרים,2.00,ליטר,false,,12.46,6.2300,true,1,6414
7290010945450,false,גבינה לבנה 3% 250 גר מועשר בסידן וויטמין,טרה,,טרה גבינה לבנה מהדרי,גרמים,250.00,100 גרם,false,,4.98,0.0199,true,1,6416
7290011015862,false,"פריגת סירופ דיאט לימונענע 750 מ""ל",גת,IL,סירופ דיאט לימונענע,מיליליטרים,750.00,"100 מ""ל",false,,21.60,0.0288,true,1,7010
7290011017866,false,"קוקה קולה פחית 330 מ""ל",החברה המרכזית לייצור,IL,קוקה קולה פחית סליק,מיליליטרים,330.00,"100 מ""ל",false,,5.50,0.0167,true,1,7031
7290011017873,false,"קוקה קולה זירו פחית 330 מ""ל",החברה המרכזית לייצור,IL,ZERO קולה פחית סליק,מיליליטרים,330.00,"100 מ""ל",false,,5.50,0.0167,true,1,7032
7290011017880,false,"קוקה קולה דיאט פחית 330 מ""ל",החברה המרכזית לייצור,IL,קולה דיאט פחית סליק,מיליליטרים,330.00,"100 מ""ל",false,,5.50,0.0167,true,1,7033
7290011018368,false,"שישיית בירה ויינשטפן 330 מ""ל","ויינשטפן, ת.ד 1155 פ",DE,ויינשטפן בירה לבנה 6,ליטרים,1.98,ליטר,false,,71.70,36.2121,true,1,7049
7290011018443,false,"פנטה אורנג פחית סליק 330 מ""ל",החברה המרכזית לייצור,IL,פאנטה אורנג פחית סלי,מיליליטרים,330.00,"100 מ""ל",false,,5.50,0.0167,true,1,7053
7290011018924,false,"מארז פחיות דיאט קוקה קולה שישייה 330 מ""ל",החברה המרכזית לייצור,IL,דיאט קוקה קולה פרידג,ליטרים,1.98,ליטר,false,,22.30,11.2626,true,1,7064
7290011051440,false,שוופס מוגז עדין פירות יער 0.5 ליטר,,,שוופס מוגז עדין פ.יע,מיליליטרים,500.00,"100 מ""ל",false,,6.20,0.0124,true,1,11591
7290011064075,false,מעדן לאבנה ניצן אבו גוש 200 ג',גבינות ניצן,,ניצן אבו גוש מעדן לא,גרמים,200.00,100 גרם,false,,13.10,0.0655,true,1,6163
7290011064099,false,טאפס שכונתי פלפלוני ניצן 125 ג',"ניצן מותגי מזון בע""מ",,נועם פלפלוני שרי ממו,גרמים,125.00,100 גרם,false,,19.90,0.1592,true,1,6164
7290011081492,false,גלידה בטעם שלושה שוקולדים 1.33ל' קרמיסימו,"גלידת שטראוס בע""מ, ר",IL,קרמיסימו שלושה שוקול,ליטרים,1.33,ליטר,false,,18.90,14.2105,true,1,4291
7290011115166,false,נקה 7 ארומה סבון נוזלי לבנדר 1 ל',טרופיקל דגיל תעשיות,IL,תחליב רחצה לבנדר נקה,יחידה,0.00,יחידה,false,,13.90,0.0000,true,1,30134
7290011115173,false,נקה 7 ארומה סבון נוזלי וניל 1 ל',טרופיקל דגיל תעשיות,IL,תחליב רחצה וניל שקד,יחידה,0.00,יחידה,false,,13.90,0.0000,true,1,30135
7290011115258,false,נקה 7 סבון מוצק ירוק - רביעייה * 100 ג',גליל כימיקלים בעמ,IL,סבון מוצק ירוק נקה 7,גרמים,400.00,100 גרם,false,,10.90,0.0273,true,1,30138
7290011126209,false,תה הגן הקסום תפוח וקינמון - סיידר 25 שקיקים,HIQ FOOD PRODUCTS,IL,תה הגן הקסום תפוח וק,גרמים,55.00,100 גרם,false,,17.90,0.3255,true,1,24690
7290011126452,false,חליטת קמומיל ונענע 25 שקיקים גן קסום,HIQ FOOD PRODUCTS,IL,תה קמומיל ונענע 1.5ג,גרמים,37.50,100 גרם,false,,17.90,0.4773,true,1,24698
7290011126469,false,חליטת קמומיל ודבש 25 שקיקים גן קסום,HIQ FOOD PRODUCTS,IL,תה קמומיל ודבש 1.5גר,גרמים,37.50,100 גרם,false,,17.90,0.4773,true,1,24699
7290011126957,false,תה ירוק ויסוצקי ארל גריי 25 שקיקים,HIQ FOOD PRODUCTS,IL,תה ירוק ארל גריי T.T,גרמים,37.50,100 גרם,false,,23.90,0.6373,true,1,24704
7290011132507,false,"סודה סן בנדטו מוגז עדין 500מ""ל",אקווה מינרלה סאן בנד,IT,סאן בנדטו מוגז עדין,מיליליטרים,500.00,"100 מ""ל",false,,2.90,0.0058,true,1,9496
7290011133375,false,"מארז מכבי שנדי אפרסק 330 מ""ל שישייה","טמפו משקאות בע""מ",IL,מכבי שנדי אפרסק בקבו,ליטרים,1.98,ליטר,false,,30.90,15.6061,true,1,9505
7290011148911,false,פלפלים מתוקים טינקרב,חקלאי,IL,פלפלים מתוקים טינקרב,גרמים,300.00,100 גרם,false,,9.90,0.0330,true,1,35580
7290011194215,false,מעדן גבינה ויוגורט בטעם בננה 5% שומן 88 ג' דניאלה,"שטראוס בריאות בע""מ",IL,"דניאלה בננה 150 מ""ל",מיליליטרים,150.00,"100 מ""ל",false,,4.10,0.0273,true,1,23343
7290011194246,false,קוטג' 5% שומן 250 ג' שטראוס,מיוצר עי קונדיטוריית,IL,קוטג שטראוס 5% עם סי,גרמים,250.00,100 גרם,false,,5.90,0.0236,true,1,23344
7290011223243,false,"טואלט דאק ג'ל לאסלה בניחוח לבנדר 55 מ""ל","איטיליאן פוד, אס.פי.",IT,דאק ג'ל אסלה ניחוח ל,מיליליטרים,55.00,"100 מ""ל",false,,10.90,0.1982,true,1,5863
7290011239404,false,עמוס חטיפים שונים אר,ממתקי מחרום,,עמוס חטיפים שונים אר,גרמים,300.00,100 גרם,false,,14.90,0.0497,true,1,42811
7290011240332,false,יין תירוש ענבים אדום 1 ליטר.,,,תירוש ענבים טבעי אדו,ליטרים,1.00,ליטר,false,,13.90,13.9000,true,1,11976
7290011240837,false,"יין שאטו דה למר מרלו 750 מ""ל",,,יין שאטו דה למר מרלו,מיליליטרים,750.00,"100 מ""ל",false,,19.90,0.0265,true,1,11989
7290011249755,false,רולים גלילי ופל במילוי קרם אגוזים 100 ג' עלמה,"גילרו בע""מ",,רולים אגוז 100 גרם,גרמים,100.00,100 גרם,false,,3.90,0.0390,true,1,41324
7290011254032,false,קינואה מיה 500 גרם,מיה,IL,קינואה 500 גרם,גרמים,500.00,100 גרם,false,,12.90,0.0258,true,1,15067
7290011254117,false,תבלין פפריקה מתוקה בשקית 80 גר' מיה,,,פפריקה מתוקה שקית מי,גרמים,80.00,100 גרם,false,,3.90,0.0487,true,1,15075
7290011254728,false,"ג'לטין טהור 25ג' בד""ץ",מיה,IL,ג'לטין טהור 25 גר' ב,גרמים,25.00,100 גרם,false,,9.90,0.3960,true,1,15106
7290011254773,false,שעועית ארגנטינאית יבשה מיה 500 גר',מיה,IL,שעועית ארגנטינאית 50,גרמים,500.00,100 גרם,false,,8.90,0.0178,true,1,15109
7290011254780,false,"שעועית ארגנטינאית יבשה מיה 1 ק""ג",מיה,IL,מיה שעועית ארגנטינאי,קילוגרמים,1.00,"ק""ג",false,,15.90,15.9000,true,1,15110
7290011378028,false,"חלבה לל""ס משומשום מלא בארכה 350ג'",רושדי תעשיות מזון בע,IL,בארכה חלבה וניל ללא,גרמים,350.00,100 גרם,false,,14.90,0.0426,true,1,18743
7290011378769,false,בארכה - חטיף בקטנה חלבה וניל 20 גרם * 6,רושדי תעשיות מזון בע,IL,בארכה בקטנה מאגדת ונ,גרמים,120.00,100 גרם,false,,11.90,0.0992,true,1,18749
7290011378776,false,חלבה חטיף פיסטוק בארכה בקטנה מארז 126ג',רושדי תעשיות מזון בע,IL,בארכה בקטנה מאגדת פי,גרמים,120.00,100 גרם,false,,11.90,0.0992,true,1,18750
7290011379018,false,מארז משפחתי שמפיניון 500 ג' מרינה,מרינה,IL,פטריות צמד חמד,גרמים,500.00,100 גרם,false,,15.90,0.0318,true,1,41552
7290011438142,false,"משקה יטבתה אייס קפה בבקבוק אישי 350 מ""ל",שטראוס גרופ,IL,יטבתה אייס קפה בבקבו,מיליליטרים,350.00,"100 מ""ל",false,,6.50,0.0186,true,1,23350
7290011447267,false,מטרנה פרימיום חלבי שלב 1 700 גרם חיסכון,מטרנה תעשיות ש.מ,IL,מטרנה חלבי שלב 1 70,גרמים,700.00,100 גרם,false,,48.90,0.0699,true,1,18758
7290011447281,false,מטרנה פרימיום חלבי שלב 2 700 גרם חיסכון,מטרנה תעשיות ש.מ,IL,מטרנה חלבי שלב 2 70,גרמים,700.00,100 גרם,false,,48.90,0.0699,true,1,18759
7290011447304,false,מטרנה פרימיום חלבי שלב 3 700 גרם חיסכון,מטרנה תעשיות ש.מ,IL,מטרנה חלבי שלב 3 12*,גרמים,700.00,100 גרם,false,,48.90,0.0699,true,1,18760
7290011447359,false,מטרנה שלב 1 אריזת חסכון 700 גר',מולינו ניקולי s.p.a,IL,מטרנה מהדרין שלב 1,גרמים,700.00,100 גרם,false,,49.90,0.0713,true,1,18762
7290011447373,false,מטרנה שלב 2 אריזת חסכון 700 גר',מטרנה תעשיות ש.מ,IL,מטרנה מהדרין שלב 2,גרמים,700.00,100 גרם,false,,49.90,0.0713,true,1,18763
7290011499051,false,גבינה פטה כבשים בגביע 20% 250 גר',MKN עבור מחלבות גד ב,IL,גד פטה כבשים גביע 20,גרמים,250.00,100 גרם,false,,26.90,0.1076,true,1,14672
7290011499112,false,גבינה בולגרית 16% 250 ג' גד,"מיוצר ע""י dsh",IL,גד בולגרית 16% 250ג,גרמים,250.00,100 גרם,false,,23.90,0.0956,true,1,14674
7290011499129,false,"גבינה בולגרית קוביות קטנות מעודנת 5% 200 ג""ר",קוד יצרן DSH,IL,גד בולגרית מעודנת קו,גרמים,200.00,100 גרם,false,,22.90,0.1145,true,1,14675
7290011499327,false,גבינה בולגרית מעודנת חלב בקר 250 גר,מיוצר על ידי DSH עבו,IL,גד בולגרית בקר מעודנ,גרמים,250.00,100 גרם,false,,23.90,0.0956,true,1,14679
7290011499341,false,גד גבינת קשקבל 26% 200 ג',הנסיך- מפעל לייצור ט,IL,קשקבל מחלבות גד 200,גרמים,250.00,100 גרם,false,,28.50,0.1140,true,1,14681
7290011499365,false,גבינה חלומי נענע גד,"מחלבות גד בע""מ",IL,גד חלומי 24% 200ג,גרמים,200.00,100 גרם,false,,22.40,0.1120,true,1,14683
7290011499419,false,גבינה במרקם שמנת 5% שומן 200 ג' גד,מחלבות גד,IL,גבינה במרקם שמנת 5%,גרמים,200.00,100 גרם,false,,12.30,0.0615,true,1,14685
7290011499624,false,גבינת שמנת טבעי 30% שומן 200 ג' גד,מחלבות גד,IL,גד ניו יורק גבינת שמ,גרמים,200.00,100 גרם,false,,14.10,0.0705,true,1,14688
7290011505608,false,נובי בקבוק האכלה טבע,,,נובי בקבוק האכלה טבע,יחידה,0.00,יחידה,false,,14.90,0.0000,true,1,954
7290011515911,false,שלגון לייט ריבת חלב מאגדת 6 יח',גלידות נסטלה (נגה גל,IL,מאגדת לייט ריבת חלב,גרמים,312.00,100 גרם,false,,27.90,0.0894,true,1,16112
7290011518561,false,"אקטימל תות משפחתי מארז 14X100מ""ל",מיוצר עי קונדיטוריית,IL,אקטימל תות משפחתי 14,ליטרים,1.40,ליטר,false,,29.90,21.3571,true,1,23355
7290011525729,false,"ד""ר פישר - קמיל בלו אל דמע סנסיטיב לפני השינה 1 ליטר",,,קמיל בלו סנסיטיב לפנ,יחידה,0.00,יחידה,false,,33.90,0.0000,true,1,29145
7290011553456,false,קרוטונים למרק שקית,,,קרוטונים למרק שקית,גרמים,400.00,100 גרם,false,,14.90,0.0373,true,1,318923
7290011553876,false,פרורי לחם קלאסי שקית,,,פרורי לחם קלאסי שקית,גרמים,800.00,100 גרם,false,,11.90,0.0149,true,1,318849
7290011553883,false,פרורים מוזהבים שקית,,,פרורים מוזהבים שקית,גרמים,800.00,100 גרם,false,,11.90,0.0149,true,1,318863
7290011587093,false,תירס גמדי תומר 400 ג,איידונג יוזו,IL,תירס גמדי תומר 400 ג,גרמים,400.00,100 גרם,false,,5.90,0.0148,true,1,25021
7290011587758,false,נודלס ביצים דק 200 ג' תומר,,,נודלס דק תומר 200 גר,גרמים,200.00,100 גרם,false,,5.10,0.0255,true,1,25044
7290011593087,false,"שמן זית כתית מעולה 750 מ""ל סבא חביב",סאן אויל עיבוד ושיוו,IL,סבא חביב שמן זית כתי,מיליליטרים,750.00,"100 מ""ל",false,,30.90,0.0412,true,1,201667
7290011598211,false,"סנו - אנטי קאלק מרסס ניקוי כללי 4 ב-1 700 מ""ל",מיוצר עי קונדיטוריית,IL,מנקה כללי אנטיקאלק 7,מיליליטרים,700.00,"100 מ""ל",false,,17.90,0.0256,true,1,30152
7290011598402,false,סנו מקסימה מרכך כביסה וויט מילק 4 ליטר,סאנו,IL,מרכך כביסה סנו מקסימ,ליטרים,4.00,ליטר,false,,22.90,5.7250,true,1,30156
7290011607197,false,"אבקת כביסה קולון 101 5 ק""ג",רקיט בנקיזר,IL,"קולון 101 5 ק""ג",קילוגרמים,5.00,"ק""ג",false,,39.90,7.9800,true,1,20893
7290011615260,false,"טורטייה 20 ס""מ קוטר וילי פוד 540 גר",מוטלוקל גידה סאנאי ט,TR,"עלי טורטיה בד""ץ וילי",גרמים,540.00,100 גרם,false,,8.90,0.0165,true,1,2944
7290011615277,false,"עלי טורטיוה קמח חיטה 25ס""מ 12יח' ויליפוד 840 ג'",מוטלוקל גידה סאנאי ט,TR,"עלי טורטיה בד""ץ וילי",גרמים,840.00,100 גרם,false,,14.90,0.0177,true,1,2945
7290011622428,false,כתמטמינים-חטיף בריאות לתינוקות וילדים 45 ג',מיוצר עבור גולדן האר,IL,כתמטמינים-חטיף בריאו,גרמים,100.00,100 גרם,false,,5.90,0.0590,true,1,3591
7290011765095,false,קרמה מן גל גילוח אלוורה ירוק 200 מל,טרופיקל דגיל תעשיות,TR,ג'ל גילוח לעור עדין,מיליליטרים,200.00,"100 מ""ל",false,,10.90,0.0545,true,1,30160
7290011765217,false,"סנו מדיק ג'ל לניקוי ידיים אלוורה 100 מ""ל",גוד פוד פרודקטס S.p,IL,ס. מדיק היגניק ג'ל ל,מיליליטרים,100.00,"100 מ""ל",false,,9.90,0.0990,true,1,30164
7290011800840,false,טחינה בלאדי רפי כהן 400 ג' צבר,סלטי צבר,IL,צבר רפי כהן טחינה בל,גרמים,400.00,100 גרם,false,,15.40,0.0385,true,1,19795
7290011877088,false,"סנו סושי צמד רדידי אלומיניום קצר 30 ס""מ",בורסה פאזרי,TR,סנו סושי צמד רדידי א,מטרים,15.00,מטר,false,,16.90,1.1267,true,1,30180
7290011877156,false,סנופרש מטהר אויר בניחוח מאסק 375 מל,מיוצר עי קונדיטוריית,IL,סנו פרש ענק מאסק 375,מיליליטרים,375.00,"100 מ""ל",false,,10.90,0.0291,true,1,30183
7290011877859,false,סנו אינסטלטור חדש פותח סתימות 200ג',מיוצר עי קונדיטוריית,IL,סנו אינסטלטור פותח ס,מיליליטרים,200.00,"100 מ""ל",false,,15.90,0.0795,true,1,30190
7290011877866,false,"סנו מקסימה אבקת כביסה מאסק 6 ק""ג","איי, בי, אינבוו",IL,אבקת כביסה סנו מקסימ,קילוגרמים,6.00,"ק""ג",false,,49.90,8.3167,true,1,30191
7290011947743,false,זיתים זיתא מיקס זית ירוק וזית קלמטה 215 גרם,ויסוצקי,IL,מיקס זית ירוק וזית ק,גרמים,215.00,100 גרם,false,,13.90,0.0647,true,1,24732
7290011947781,false,מיקס זית ירוק וזית קלמטה ללא גלעין עם שמן זית 190 ג',זיתא,IL,מיקס זית ירוק קלמטה,גרמים,190.00,100 גרם,false,,13.90,0.0732,true,1,110179
7290011947798,false,זית קלמטה ללא גלעין עם שמן זית כתית 190 ג',זיתא,IL,זית קלמטה ללא גלעין,גרמים,190.00,100 גרם,false,,13.90,0.0732,true,1,110180
7290011947903,false,מיקס זיתים יווני זיתא 215 ג',זיתא,IL,זיתים מיקס ייווני זי,גרמים,215.00,100 גרם,false,,13.90,0.0647,true,1,172033
7290011964344,false,תבלין שום גבישי 120 ג',תות ממתקי איכות,IL,שום גבישי 120 גר' במ,גרמים,120.00,100 גרם,false,,10.90,0.0908,true,1,42443
7290012001994,false,חרדל דיז'ון גרעינים 350 ג' ריין דיזון,כלורוקס אוקלנד,FR,חרדל דיגון גרעינים 3,גרמים,350.00,100 גרם,false,,11.90,0.0340,true,1,5332
7290012019265,false,"רסק תפוֿֿֿֿ""ע פלסטיק דיאט 4יח'12X",Cherry growers inc,,"מחית תפו""ע ללא סוכר",גרמים,452.00,100 גרם,false,,10.90,0.0241,true,1,25066
7290012022203,false,קליליות חיטה מלאה די,דילייט,,קליליות חיטה מלאה די,גרמים,100.00,100 גרם,false,,13.90,0.1390,true,1,31562
7290012025495,false,"טחינה אסלי 1 ק""ג",,,"טחינה אסלי 1 ק""ג",קילוגרמים,1.00,"ק""ג",false,,13.90,13.9000,true,1,17730
7290012025822,false,שמיר סלק אסלי 400 גר,,,שמיר סלק אסלי 400 גר,גרמים,400.00,100 גרם,false,,10.90,0.0273,true,1,17731
7290012086113,false,עגבניות שרי צימן קופסא 500ג',ירקט,IL,עגבניות שרי,גרמים,500.00,100 גרם,false,,9.90,0.0198,true,1,51000
7290012117091,false,אבקת -כביסה סנו מקסימה סנסיטיב 6 קג,הורביץ סחר,IL,אבקת כביסה סנו מקסימ,קילוגרמים,6.00,"ק""ג",false,,49.90,8.3167,true,1,30220
7290012117275,false,"סנו קליר שקית מילוי 750 מ""ל",טרופיקל דגיל תעשיות,IL,סנוקליר שקית מילוי 7,מיליליטרים,750.00,"100 מ""ל",false,,6.90,0.0092,true,1,30223
7290012117534,false,סנו - מקסימה מרכך כביסה מרוכז קול 1 ליטר,"סנו מפעלי ברונוס בע""",IL,סנו מקסימה מרכך קומפ,יחידה,0.00,יחידה,false,,18.90,0.0000,true,1,30233
7290012117541,false,מרכך כביסה מקסימה קומפקט צהוב 1 ל' סנו,,IL,סנו מקסימה מרכך קומפ,יחידה,0.00,יחידה,false,,18.90,0.0000,true,1,30234
7290012117558,false,מרכך כביסה קומפקט מאסק ורוד סנו מקסימה 1 ל',"סנו מפעלי ברונוס בע""",IL,סנו מקסימה מרכך קומפ,יחידה,0.00,יחידה,false,,18.90,0.0000,true,1,30235
7290012117572,false,כפפות לטקס 100 יח' - M סנו סושי,ווינפאק,TH,M סנו סושי כפפות לטק,יחידה,0.00,יחידה,false,,44.90,0.0000,true,1,30237
7290012117589,false,כפפות סנו סושי לטקס L אריזת 100יח',ווינפאק,TH,L סנו סושי כפפות לטק,יחידה,0.00,יחידה,false,,44.90,0.0000,true,1,30238
7290012117732,false,סנו - מקסימה מרכך כביסה קול שחור 4 ליטר,"סנו מפעלי ברונוס בע""",IL,מרכך כביסה סנו מקסימ,ליטרים,4.00,ליטר,false,,22.90,5.7250,true,1,30243
7290012193125,false,סוכרלוז מרמולייט 150 יחידות,מיוצר עי קונדיטוריית,CN,מרמולייט סוכרלוז 150,גרמים,150.00,100 גרם,false,,23.90,0.1593,true,1,5901
7290012212161,false,זיתים קלמנטה בצנצנת,,,זיתים קלמנטה בצנצנת,גרמים,560.00,100 גרם,false,,12.90,0.0230,true,1,259657
7290012226021,false,סלמי מעושן פראג יבש 400 ג' זוגלובק,זוגלובק,IL,סלמי מעושן פראג יבש,גרמים,400.00,100 גרם,false,,16.90,0.0422,true,1,39027
7290012226120,false,מב זוגלובק קבנוס 135,זוגלובק,IL,זוגלובק קבנוס 135ג.,גרמים,135.00,100 גרם,false,,9.90,0.0733,true,1,39028
7290012227325,false,סלמי דק דק מעושן איטלקי 120 ג' זוגלובק,זוגלובק,IL,זוגלובק סלמי מעושן ד,גרמים,120.00,100 גרם,false,,11.90,0.0992,true,1,39050
7290012227912,false,קבנוס עודן 135 ג' זוגלובק,,IL,קבנוס מעודן זוגלובק,גרמים,135.00,100 גרם,false,,9.90,0.0733,true,1,39072
7290012227974,false,פסטרמה דק דק בדבש 120 ג' זוגלובק,זוגלובק,IL,זוגלובק פסטרמה בדבש,גרמים,120.00,100 גרם,false,,11.90,0.0992,true,1,39073
7290012227981,false,פסטרמה דק דק ברביקיו 120 ג' זוגלובק,זוגלובק,IL,פסטרמה ברביקיו זוגלו,גרמים,120.00,100 גרם,false,,11.90,0.0992,true,1,39074
7290012228261,false,נקנקיות קנקרס הודו ועוף ריינהולד'ס זוגלובק 300 ג',זוגלובק,IL,נקנקיות הודו קנקרס ר,גרמים,300.00,100 גרם,false,,19.90,0.0663,true,1,39085
7290012260827,false,שערות קדאיף 475 גרם,,,שערות קדאיף 475 גרם,גרמים,475.00,100 גרם,false,,13.90,0.0293,true,1,49402
7290012372117,false,"קמח 100% רובינפלד 1ק""ג",,,קמח חיטה מלא 100% רו,קילוגרמים,1.00,"ק""ג",false,,10.90,10.9000,true,1,36833
7290012372124,false,"קמח כוסמין 100% 1 ק""ג רובינפלד",,,קמח כוסמין 100% רובי,קילוגרמים,1.00,"ק""ג",false,,16.90,16.9000,true,1,241676
7290012372155,false,"קמח כוסמין 80% 1ק""ג רובינפלד",,,קמח כוסמין 80% רובינ,קילוגרמים,1.00,"ק""ג",false,,16.90,16.9000,true,1,36835
7290012372209,false,"קמח חיטה לבן 1 ק""ג רובינפלד",,,קמח חיטה לבן מנופה ר,קילוגרמים,1.00,"ק""ג",false,,7.90,7.9000,true,1,241651
7290012372247,false,"קמח כוסמין לבן 1 ק""ג רובינפלד",,,קמח כוסמין לבן רובינ,קילוגרמים,1.00,"ק""ג",false,,16.90,16.9000,true,1,241689
7290012404955,false,ספרינג קולקשן נקטר חמוציות 1.25 ל',"יפאורה תבורי בע""מ",IL,ספרינג נקטר חמוציות,ליטרים,1.25,ליטר,false,,12.50,10.0000,true,1,11631
7290012413643,false,תה ירוק קמומיל 25 שקיקים ויסוצקי,בית ויסוצקי,IL,תה ירוק קמומיל T.Tשמ,גרמים,37.50,100 גרם,false,,23.90,0.6373,true,1,24738
7290012454189,false,"סוכריות לל""ס יוגורט אפרסק מיה 80 גר'",,,סוכריות ללא סוכר מיה,גרמים,80.00,100 גרם,false,,5.90,0.0738,true,1,15128
7290012454561,false,סוכריות קישוט לעוגה חום 70 גר',,,70 סוכריות קישוט לעו,גרמים,70.00,100 גרם,false,,4.90,0.0700,true,1,15134
7290012454608,false,תן צ'אפ חטיף גלגלים 50 גר',,,תן צ'אפ גלגלים 50 גר,גרמים,50.00,100 גרם,false,,3.90,0.0780,true,1,15137
7290012561405,false,בצל חצי מטוגן דורות 180גר,דורות,IL,בצל חצי מטוגן דורות,גרמים,180.00,100 גרם,false,,10.50,0.0583,true,1,19809
7290012576607,false,"יין פרימייר אדום קברנה סובניון ומלבק 750 מ""ל","ברקן שיווק והפצה בע""",IL,ברקן יין פרמייר אדום,מיליליטרים,750.00,"100 מ""ל",false,,26.90,0.0359,true,1,9531
7290012576614,false,פרימייר לבן ריזלינג,יקבי ברקן שיווק והפצ,IL,ברקן יין פרמייר לבן,מיליליטרים,750.00,"100 מ""ל",false,,26.90,0.0359,true,1,9532
7290012588242,false,"מים מינרליים כדוררגל מארז שישיה 500 מ""ל",נרה קריטיס אס איי בא,GR,כדורגל מים מינרליים,ליטרים,3.00,ליטר,false,,12.90,4.3000,true,1,9533
7290012642852,false,פלפל אדום על האש 520 גר,,IL,פלפל אדום קלוי על הא,גרמים,330.00,100 גרם,false,,11.90,0.0361,true,1,25096
7290012642876,false,פלפלונים מעורב צבעוני בחומץ חריף6X,יושלם,,פלפלונים מעורב כבושי,גרמים,530.00,100 גרם,false,,11.90,0.0225,true,1,25098
7290012645112,false,"יוגורט עיזים בדלי חלב הארץ 750מ""ל",מחלבות סוסיא,IL,יוגורט עיזים בדלי 75,מיליליטרים,750.00,"100 מ""ל",false,,18.90,0.0252,true,1,23363
7290012697081,false,סוכרזית מהטבע סטיוויה 100 טבליות,ביסקול בע''מ,IL,סוכרזית מהטבע סטיווי,גרמים,100.00,100 גרם,false,,32.00,0.3200,true,1,22317
7290012803215,false,וופל בלגי בטעם שוקולד 200 גר טוסו,בטר אנד דיפרנט,IL,טוסו וופל בלגי שוקול,גרמים,200.00,100 גרם,false,,9.50,0.0475,true,1,5917
7290012803321,false,מרמולייט סוכרלוז 200 שקיות אישיות,,,מרמולייט סוכרלוז 200,גרמים,200.00,100 גרם,false,,39.90,0.1995,true,1,5920
7290012803772,false,טוסו מר' שוקולד חלב 100 גר',אלטינמארקה גידה סאן,TR,טוסו שוקלד חלב 100ג,גרמים,100.00,100 גרם,false,,8.90,0.0890,true,1,5933
7290012823237,false,"תחליב רחצה קרמה בריזת ים 700 מ""ל",קוסמופארם,IL,קרמה תחליב רחצה בריז,מיליליטרים,700.00,"100 מ""ל",false,,16.90,0.0241,true,1,82550
7290012823381,false,מרכך כביסה מקסימה סנסיטיב מרוכז ורוד 1 ל' סנו,"סנו מפעלי ברונוס בע""",IL,סנו מקסימה סנסטיב מר,יחידה,0.00,יחידה,false,,18.90,0.0000,true,1,30278
7290012823398,false,מטליות חד פעמיות לניקוי הרצפה בניחוח מרכך כביסה 10יח' סנו,סנו מפעלי ברונו בעמ,IL,ריצפז מטליות לחות בנ,יחידה,0.00,יחידה,false,,11.90,0.0000,true,1,30279
7290012823558,false,סנו סושי מטליות לחות לריצפה ענק 10 יח,סנו מפעלי ברונוס בעמ,IL,סנו סושי מטליות ענק,יחידה,0.00,יחידה,false,,10.90,0.0000,true,1,30283
7290012823916,false,גל כביסה סנו מקסימ מרוכז קריסטל נואר 5 ל,,,מקסימה ג'ל כביסה קרי,ליטרים,5.00,ליטר,false,,47.90,9.5800,true,1,30299
7290012823923,false,"מרכך כביסה פרפיום גולדן מקסימה 750 מ""ל סנו",סנו מפעלי ברונוס בעמ,IL,סנו מקסימה מרכך פרפי,מיליליטרים,750.00,"100 מ""ל",false,,18.90,0.0252,true,1,30300
7290012823947,false,"סנו - מרכך כביסה מרוכז פרפיום קריסטל נואר 750 מ""ל",מיוצר עי קונדיטוריית,IL,סנו מקסימה מרכך פרפי,מיליליטרים,750.00,"100 מ""ל",false,,18.90,0.0252,true,1,30302
7290012884986,false,צ'יפס לתנור קפוא תפוגן 1.5קר:ג,"תעשיות תפוגן בע""מ",IL,תפוגן ציפס לתנור עד,קילוגרמים,1.50,"ק""ג",false,,24.90,16.6000,true,1,19815
7290012931055,false,מגב חלון פלסטיק ( 24,,,מגב חלון פלסטיק ( 24,יחידה,0.00,יחידה,false,,7.90,0.0000,true,1,13513
7290012931611,false,שייני כריות ברזל שלשייה,,,כריות ברזל שלישייה,יחידה,0.00,יחידה,false,,5.90,0.0000,true,1,13525
7290012936944,false,תבלינים אגוז מוסקט טחון 40 גרם,,,מימון אגוז מוסקט טחו,גרמים,40.00,100 גרם,false,,14.50,0.3625,true,1,356
7290012938405,false,דיימונד רדיד אלומיניום עבה במיוחד 7 מטר,,IL,דאיימונד נייר כסף 87,מטרים,7.60,מטר,false,,17.50,2.3026,true,1,3876
7290012938580,false,"סנסודיין משחת שיניים להלבנה עדינה 75 מ""ל",גלקסוסמית'קליין קונס,,משחת שיניים הלבנה עד,מיליליטרים,75.00,"100 מ""ל",false,,21.90,0.2920,true,1,3878
7290012938597,false,"סנסודיין משחת שיניים רפיד רליף 75 מ""ל","סמיתקליין ביצ'ם בע""מ",,משחת שיניים רפיד רלי,מיליליטרים,75.00,"100 מ""ל",false,,24.90,0.3320,true,1,3879
7290012938740,false,"משחת שיניים פרש מינט מנטה 75מ""ל סנסודיין",DE MICLEN,,משחת שיניים פרש מינט,מיליליטרים,75.00,"100 מ""ל",false,,21.90,0.2920,true,1,3881
7290013027399,false,לחם קמח מלא קל בתוספת שיפון 750 ג' אנג'ל,מאפיית שלמה א. אנג'ל,IL,לחם 100 בתוספת שיפון,גרמים,750.00,100 גרם,false,,13.90,0.0185,true,1,35494
7290013038432,false,מים אקווה נובה בקבוק,אקווה נובה,IL,אקווה נובה 2 ליטר,ליטרים,2.00,ליטר,false,,4.50,2.2500,true,1,9541
7290013083661,false,מטרנה אקסטרה קר שלב 1 חסכון 700 גר,מטרנה תעשיות ש.מ,IL,מטרנה אקסטרה קר חסכו,גרמים,700.00,100 גרם,false,,58.90,0.0841,true,1,18767
7290013083685,false,מטרנה אקסטרה קר שלב 3 חסכון 700 גר,מטרנה תעשיות ש.מ,IL,מטרנה אקסטרה קר שלב,גרמים,700.00,100 גרם,false,,58.90,0.0841,true,1,18769
7290013117212,false,בורקס פילו במילוי גבינה מעדנות 600 גר,מיוצר עי קונדיטוריית,IL,בורקס פילו גבינה מעד,גרמים,600.00,100 גרם,false,,18.90,0.0315,true,1,35649
7290013117410,false,בצק פריך מרודד למאפים מתוקים 900 ג' מעדנות,מיוצר עי קונדיטוריית,IL,מעדנות בצק פריך מרוד,גרמים,900.00,100 גרם,false,,19.90,0.0221,true,1,35654
7290013117427,false,בצק פריך מרודד למאפים מלוחים 900 ג' מעדנות,מיוצר עי קונדיטוריית,IL,מעדנות בצק פריך מרוד,גרמים,900.00,100 גרם,false,,19.90,0.0221,true,1,35655
7290013117526,false,בצק שמרים למאפים מתוקים מעדנות 900 ג',"מעדנות בע""מ",IL,מעדנות בצק שמרים למא,גרמים,900.00,100 גרם,false,,19.90,0.0221,true,1,35658
7290013121127,false,לחמניות מיני ללא גלוטן 420 גר קפוא,דולפין ספא,IL,לחמניות מיני ללא גלו,גרמים,480.00,100 גרם,false,,17.90,0.0373,true,1,49770
7290013121158,false,רביעיית לחמניות סנדויץ 460 גר קפוא,דולפין ספא,IL,רביעיית לחמניות סנדב,גרמים,460.00,100 גרם,false,,17.90,0.0389,true,1,49773
7290013121165,false,שישיית לחמניות ללא גלוטן 460 גר קפוא,דולפין ספא,IL,"לחמניות נקניקיה כשל""",גרמים,460.00,100 גרם,false,,17.90,0.0389,true,1,49774
7290013144171,false,תערובת עוגת שוקולד מימונס 560 ג',מיוצר עי קונדיטוריית,IL,תערובת עוגת שוקולד 5,גרמים,560.00,100 גרם,false,,15.90,0.0284,true,1,15354
7290013144195,false,תערובת כדורי שוקולד מימונס 500 ג',מיוצר עי קונדיטוריית,IL,תערובת כדורי שוקולד,גרמים,500.00,100 גרם,false,,15.90,0.0318,true,1,15356
7290013144232,false,פודינג בטעם וניל מימונס 80 ג',מיוצר עי קונדיטוריית,IL,פודינג וניל מימונס 8,גרמים,80.00,100 גרם,false,,4.90,0.0613,true,1,15360
7290013144270,false,קרם פטיסייר מימונס 100 ג',מיוצר עי קונדיטוריית,IL,קרם פטיסייר 100 גרם,גרמים,100.00,100 גרם,false,,9.90,0.0990,true,1,15363
7290013144287,false,ג'לי בטעם תות מימונס 85 ג',א.ל ייצור ושיווק תבל,IL,ג`לי תות 85 גרם,גרמים,85.00,100 גרם,false,,5.80,0.0682,true,1,15364
7290013144317,false,גלילית וופל למילוי מימונס 18 יח',הגביע מוצרי וופלים ב,IL,ג`וני - גלילית וופל,גרמים,400.00,100 גרם,false,,21.90,0.0547,true,1,15365
7290013144393,false,"תמצית בטעם וניל מימונס 50 מ""ל",מיוצר עי קונדיטוריית,IL,תמצית בטעם וניל 50גר,גרמים,50.00,100 גרם,false,,4.50,0.0900,true,1,15369
7290013144416,false,"תמצית בטעם שקדים מימונס 50 מ""ל",מיוצר עי קונדיטוריית,IL,תמציתבטעם שקדים 50גר,גרמים,50.00,100 גרם,false,,4.50,0.0900,true,1,15371
7290013144515,false,צבע מאכל צהוב מימונס 50 ג',מיוצר עי קונדיטוריית,IL,צבע מאכל צהוב 50גר,גרמים,50.00,100 גרם,false,,4.50,0.0900,true,1,15374
7290013144522,false,צבע מאכל ירוק מימונס 50 ג',מיוצר עי קונדיטוריית,IL,צבע מאכל ירוק 50גר,גרמים,50.00,100 גרם,false,,4.50,0.0900,true,1,15375
7290013144539,false,צבע מאכל אדום מימונס 50 ג',מיוצר עי קונדיטוריית,IL,צבע מאכל אדום 50גר,גרמים,50.00,100 גרם,false,,4.50,0.0900,true,1,15376
7290013144614,false,"סירופ מייפל אמיתי 100% מימונס 236 מ""ל",הנסיך- מפעל לייצור ט,DK,סירופ מייפל אמיתי 10,מיליליטרים,236.00,"100 מ""ל",false,,30.90,0.1309,true,1,15378
7290013144751,false,סירופ בטעם מייפל מימונס 500 ג',,,מימונס סירופ בטעם מי,מיליליטרים,500.00,"100 מ""ל",false,,13.90,0.0278,true,1,15379
7290013144768,false,סירופ בטעם שוקולד מימונס 500ג',,,מימונס סירופ בטעם שו,מיליליטרים,500.00,"100 מ""ל",false,,13.90,0.0278,true,1,15380
7290013144805,false,אבקת אייס קפה דיאט 320 גרם מימונס,,IL,אייס קפה לייט להכנה,גרמים,245.00,100 גרם,false,,20.90,0.0853,true,1,272234
7290013144812,false,אבקת אייס קפה וניל 320 גרם מימונס,,IL,אייס קפה וניל 320 גר,גרמים,320.00,100 גרם,false,,17.90,0.0559,true,1,272247
7290013145031,false,אגוזי לוז מסוכרים מימונס 100 ג',מיוצר עי קונדיטוריית,IL,מימונס ברס אגוזי לוז,גרמים,100.00,100 גרם,false,,12.90,0.1290,true,1,15387
7290013145109,false,שקד מולבן טחון מימונס 100 ג',,,מימונס שקד מולבן טחו,גרמים,100.00,100 גרם,false,,12.90,0.1290,true,1,15393
7290013145116,false,שקד מולבן מקלות מימונס 100 ג',,,מימונס שקד מולבן מקל,גרמים,100.00,100 גרם,false,,12.90,0.1290,true,1,15394
7290013145123,false,שקד מולבן פרוס מימונס 100 ג',,,מימונס שקד מולבן פרו,גרמים,100.00,100 גרם,false,,12.90,0.1290,true,1,15395
7290013145178,false,קוקוס טחון לבן מימונס 100 ג',,IL,קוקוס טחון לבן 100 ג,גרמים,100.00,100 גרם,false,,4.90,0.0490,true,1,15399
7290013145192,false,שומשום מימונס 100 ג',,,שומשום 100גר,גרמים,100.00,100 גרם,false,,4.90,0.0490,true,1,15400
7290013145215,false,שומשום מימונס 400 ג',מיוצר עי קונדיטוריית,IL,שומשום 400גר,גרמים,400.00,100 גרם,false,,14.90,0.0373,true,1,15401
7290013145277,false,עלים לקמשניט מימונס 300 גרם,,IL,עלים לקרמשניט 300 גר,גרמים,300.00,100 גרם,false,,15.90,0.0530,true,1,15403
7290013145406,false,שוקולד ציפס לבן מימונס 250 ג',אינטרגטה תעשיות מזון,IL,מימונס שוקולד ציפס ל,גרמים,250.00,100 גרם,false,,9.90,0.0396,true,1,15406
7290013145437,false,שוקולד מריר מעולה ציפס מימונס 250 ג',הנסיך- מפעל לייצור ט,IL,מימונס שוקולד ציפס 4,גרמים,250.00,100 גרם,false,,12.90,0.0516,true,1,15408
7290013145574,false,ערכה לקישוט מימונס 100 ג',א.ל ייצור ושיווק תבל,IL,ערכה לקישוט 100 גרם.,גרמים,100.00,100 גרם,false,,10.80,0.1080,true,1,15415
7290013145628,false,סוכריות צבעוניות לקישוט מימונס 200 ג',א.ל ייצור ושיווק תבל,IL,סוכריות צבעוניות לקי,גרמים,200.00,100 גרם,false,,8.90,0.0445,true,1,15417
7290013145840,false,סוכר וניל מימונס 10* 10 ג',מיוצר עי קונדיטוריית,IL,מימונס סוכר וניל 10*,גרמים,100.00,100 גרם,false,,2.50,0.0250,true,1,15431
7290013145857,false,מימונס אבקת אפיה 10* 10ג',י. כהן בעמ,IL,אבקת אפיה 10* 10 גרם,גרמים,100.00,100 גרם,false,,2.50,0.0250,true,1,15432
7290013145901,false,סודה לשתיה מימונס 100 ג',,,סודה לשתיה 100 גרם,גרמים,100.00,100 גרם,false,,2.00,0.0200,true,1,15435
7290013145918,false,אבקת סוכר 100 ג' מימונס,א.ל. ייצור ושיווק תב,IL,אבקת סוכר 100 גרם,גרמים,100.00,100 גרם,false,,2.00,0.0200,true,1,15436
7290013145949,false,אבקת סוכר אריזת פטנט 250 גר,מיוצר עי קונדיטוריית,IL,אבקת סוכר באריזת פטנ,גרמים,250.00,100 גרם,false,,15.90,0.0636,true,1,15438
7290013145956,false,שמרים יבשים בוואקום מימונס 500 ג',הנסיך- מפעל לייצור ט,CN,מימונס שמרים יבשים ב,גרמים,500.00,100 גרם,false,,12.90,0.0258,true,1,15439
7290013145970,false,קורנפלור מימונס בשקית 200 ג',א.ל ייצור ושיווק תבל,IL,מימונס קורנפלור 200,גרמים,200.00,100 גרם,false,,3.90,0.0195,true,1,15441
7290013146243,false,פודינג בטעם וניל מימונס 320 גרם,,,פודינג בטעם וניל 320,גרמים,320.00,100 גרם,false,,18.90,0.0591,true,1,287481
7290013146298,false,טארטלטים תחתיות בצק פריך אפויות למילוי מימונס 120 ג',,,טארטלטים-תחתיות בצק,גרמים,120.00,100 גרם,false,,19.90,0.1658,true,1,15452
7290013146304,false,קורנפלור מימונס 500 ג',,,מימונס קורנפלור 500,גרמים,500.00,100 גרם,false,,6.90,0.0138,true,1,15453
7290013146403,false,סירופ בטעם קרמל מלוח מימונס 500 גרם,TLV צ'יף,IL,סירופ בטעם קרמל מלוח,גרמים,500.00,100 גרם,false,,16.90,0.0338,true,1,15454
7290013146663,false,סוכריות קונפטי לקישוט מימונס 55 ג',"מימונס אפיה בע""מ",IL,קונפטי לקישוט צבעוני,גרמים,55.00,100 גרם,false,,11.90,0.2164,true,1,63375
7290013146724,false,אבקת אייס קפה 350 גרם מימונס,,,אייס קפה להכנה ביתית,גרמים,350.00,100 גרם,false,,17.90,0.0511,true,1,201104
7290013146762,false,מימונס קצפת 24% 200 גרם,,IL,קצפת לזילוף 24% שומן,גרמים,500.00,100 גרם,false,,6.90,0.0138,true,1,178065
7290013153395,false,פריגת סחוט טרי רימונים 1ליטר,,,פריגת סחוט רימונים 1,ליטרים,1.00,ליטר,false,,22.90,22.9000,true,1,6427
7290013153418,false,פריגת סחוט לימונענע 1ל',,,פריגת מצונן סחוט לימ,יחידה,0.00,יחידה,false,,15.90,0.0000,true,1,6429
7290013153432,false,"פריגת סחוט לימונענע 400 מ""ל",היינץ צפון אמריקה מק,IL,פריגת סחוט לימונענע,מיליליטרים,400.00,"100 מ""ל",false,,9.90,0.0248,true,1,6431
7290013203182,false,שרי מנומר -ליקופן,,,שרי מנומר -ליקופן,גרמים,200.00,100 גרם,false,,9.90,0.0495,true,1,51001
7290013215123,false,פטריות שמפניון למילו,,,פטריות שמפניון למילו,יח',1.00,יח',false,,19.90,19.9000,true,1,198842
7290013220103,false,דובדבן קפוא 500 גרם,,,דובדבן קפוא 500 גרם,גרמים,500.00,100 גרם,false,,19.90,0.0398,true,1,51680
7290013220929,false,אוכמנית כחולות 400,,,אוכמנית כחולות 400,גרמים,400.00,100 גרם,false,,19.90,0.0497,true,1,51690
7290013268020,false,סנו - מקסימה מרכך כביסה מרוכז אולטרה פרש 1 ליטר,"סנו מפעלי ברונוס בע""",IL,סנו מקסימה אולטרא פר,יחידה,0.00,יחידה,false,,18.90,0.0000,true,1,30304
7290013268037,false,סנו מקסימה מרכך כביסה פצ''ולי מרוכז סגול 1 ל',,,סנו מקסימה פצ'ולי מר,יחידה,0.00,יחידה,false,,18.90,0.0000,true,1,30305
7290013268242,false,נוזל רצפות ריצפז פרש הום מלון מפנק 2 ל,"סנו מפעלו ברונוס בע""",IL,ריצפז פרש הום בניחוח,ליטרים,2.00,ליטר,false,,21.90,10.9500,true,1,30312
7290013268884,false,סנו ריצפז פרש 2 ליטר מאסק,מיוצר עי קונדיטוריית,IL,ריצפז פרש מאסק 2 ליט,ליטרים,2.00,ליטר,false,,18.90,9.4500,true,1,30339
7290013268891,false,אוקסיג'ן ג'ל מסיר כתמים 3 ל' סנו,"סנו מפעלי ברונוס בע""",IL,סנו אוקסיג'ן 3 ליטר,ליטרים,3.00,ליטר,false,,30.90,10.3000,true,1,30340
7290013268907,false,ג'ל כביסה ביו בטמפרטורות נמוכות,"סנו מפעלי ברונוס בע""",IL,מקסימה ג'ל כביסה ביו,ליטרים,3.00,ליטר,false,,33.90,11.3000,true,1,30341
7290013268938,false,סנובון שלישייה גל סופר קצף מאסק,,,סנובון שלישיה מאסק 3,גרמים,195.00,100 גרם,false,,11.90,0.0610,true,1,30343
7290013268990,false,סנו - מקסימה מרכך כביסה מרוכז ביו 1 ליטר,"סנו מפעלי ברונוס בע""",IL,סנו מקסימה מרכך מרוכ,יחידה,0.00,יחידה,false,,18.90,0.0000,true,1,30344
7290013269003,false,סנו - מקסימה מרכך כביסה מרוכז בייבי 1 ליטר,"סנו מפעלי ברונוס בע""",IL,סנו מקסימה קר בייבי,ליטרים,1.00,ליטר,false,,19.90,19.9000,true,1,30345
7290013269263,false,סנו מקסימה גל כביסה 3 ל מרוכז קריסטל נוא,סנו מפעלי ברונוס בעמ,IL,מקסימה גל כביסה קריס,ליטרים,3.00,ליטר,false,,33.90,11.3000,true,1,30351
7290013269287,false,סנו - מקסימה ג'ל כביסה מרוכז מאסק 3 ליטר,"סנו מפעלי ברונוס בע""",IL,מקסימה מאסק גל כביסה,ליטרים,3.00,ליטר,false,,33.90,11.3000,true,1,30352
7290013269300,false,סנו סושי ניילון נצמד ללא PVC,"מיוצר בהונג קונג, סי",IL,סנו סושי פלסטיק נצמד,מטרים,150.00,מטר,false,,23.90,0.1593,true,1,30353
7290013269621,false,נוזל רצפות ריצפז פרש הום מלון בוטיק 2 ל,מיוצר עי קונדיטוריית,IL,ריצפז פרש הום בניחוח,ליטרים,2.00,ליטר,false,,21.90,10.9500,true,1,30359
7290013269751,false,מטליות לחותריצפז פרש לניקוי ריצפה בניחות מלון בוטיק 10 יח' סנו,טרופיקל דגיל תעשיות,IL,ריצפז מטליות לחות לנ,יחידה,0.00,יחידה,false,,11.90,0.0000,true,1,30366
7290013284310,false,רוטב פסטה לילדים 240 גרם פריניר,פריניר ( הדס 1987) ב,IL,רוטב לפסטה לילדים פר,גרמים,240.00,100 גרם,false,,4.90,0.0204,true,1,41346
7290013284662,false,רוטב פיצה פיתה לילדים 240 ג' פריניר,פריניר ( הדס 1987) ב,IL,רוטב פיצה פיתה פריני,גרמים,240.00,100 גרם,false,,4.90,0.0204,true,1,41347
7290013358356,false,מאסטר שף - פירורי לחם מוזהבים 320 גרם,מנה י.א בעמ,IL,מאסטר שף פירורי לחם,גרמים,350.00,100 גרם,false,,6.90,0.0197,true,1,21504
7290013358363,false,פירורי לחם פנקו מזוהבים מאסטר שף מנה 300 ג',קריניציה ויטמינה אס,IL,מאסטר שף פירורי לחם,גרמים,300.00,100 גרם,false,,9.90,0.0330,true,1,21505
7290013358370,false,פירורי לחם פנקו מוזהבים שום 300 גרם מנה,"מיוצר ע""י מנה י.א בע",IL,מאסטר שף פירורי לחם,גרמים,300.00,100 גרם,false,,9.90,0.0330,true,1,21506
7290013358417,false,מנה אסייאתי רוטב טריאקי 300 מל מאסטר שף,קריניציה ויטמינה אס,TH,מאסטר שף אסייאתי רוט,מיליליטרים,300.00,"100 מ""ל",false,,12.90,0.0430,true,1,21509
7290013358448,false,מנה קרוטונים לסלט 4 דגנים 200 גרם,,,מנה קרוטונים לסלט 4,גרמים,200.00,100 גרם,false,,12.90,0.0645,true,1,21512
7290013358493,false,מנה אסייאתי קרם קוקוס פחית 400 מל מ.שף,תאי קוקונט פבליק קומ,TH,מאסטר שף אסייאתי קרם,מיליליטרים,400.00,"100 מ""ל",false,,9.90,0.0248,true,1,21515
7290013358530,false,מאסטר שף אסייאתי רוטב צ'ילי מתוק 700 מל,קריניציה ויטמינה אס,TH,מאסטר שף רוטב צ'ילי,מיליליטרים,700.00,"100 מ""ל",false,,12.90,0.0184,true,1,21519
7290013358806,false,מנה מאגדת פריכיות עם מלח 264 גרם,מנה,IL,מאגדת פריכיות עם מלח,גרמים,264.00,100 גרם,false,,11.90,0.0451,true,1,21526
7290013358837,false,מנה מאגדת פריכיות אורז ללא מלח 264 גר,,,מאגדת פריכיות אורז ל,גרמים,264.00,100 גרם,false,,11.90,0.0451,true,1,21527
7290013389381,false,"1 קֿֿֿֿ""ג 10X( פולנטה) קמח תירס",,IL,"קמח תירס תומר 1 ק""ג",קילוגרמים,1.00,"ק""ג",false,,10.80,10.8000,true,1,25115
7290013412966,false,טולי רביעיית מגבונים לחים,,,תולי מגבונים לחים 4*,יחידה,0.00,יחידה,false,,9.90,0.0000,true,1,29534
7290013424914,false,אפרסק פלחים קפוא 500,,,אפרסק פלחים קפוא 500,גרמים,500.00,100 גרם,false,,12.90,0.0258,true,1,129252
7290013424976,false,תות שדה שלם קפוא 500 ג' פילד גוד,,,תות שדה שלם קפוא 500,גרמים,500.00,100 גרם,false,,12.90,0.0258,true,1,129268
7290013440648,false,מאגדת שלגוני אבטיח נסטלה 108X5ג',גלידות נסטלה (נגה גל,IL,אבטיח קרחונים מאגדת,גרמים,540.00,100 גרם,false,,24.90,0.0461,true,1,16120
7290013472199,false,ערמונים קלופים וקלויים 105 גרם,בייג'גג פוינונג,CN,וילי פוד ערמונים 100,גרמים,100.00,100 גרם,false,,5.90,0.0590,true,1,2961
7290013525789,false,אריסה מרוקאית שמיר 150 גר',,,שמיר אריסה מרוקאית ח,גרמים,150.00,100 גרם,false,,8.90,0.0593,true,1,17742
7290013525802,false,סחוג אדום שמיר 150 גר',,,שמיר סחוג אדום 150ג,גרמים,150.00,100 גרם,false,,8.90,0.0593,true,1,17744
7290013525819,false,שום כתוש שמיר 150 ג',,IL,שמיר שום כתוש 150ג,גרמים,150.00,100 גרם,false,,8.90,0.0593,true,1,17745
7290013531759,false,שעועית אפויה במים 550 ג' יכין,"זנלכל בע""מ",IL,שעועית אפויה במים יכ,גרמים,550.00,100 גרם,false,,9.90,0.0180,true,1,8746
7290013534057,false,"צ'יפס בטטה טבעי מיה 100ג' 'כשל""פ",,,מיה ציפס בטטה טבעי 1,גרמים,100.00,100 גרם,false,,8.90,0.0890,true,1,15141
7290013580009,false,המבורגר זהב 400 ג' 12 יח',,,המבורגר זהב 400 גרם,גרמים,400.00,100 גרם,false,,15.90,0.0398,true,1,35362
7290013585233,false,"ספרייט ZERO פחית סליק 330 מ""ל",קוקה קולה,IL,פחית סליק 330 מל ZER,מיליליטרים,330.00,"100 מ""ל",false,,5.50,0.0167,true,1,7083
7290013585257,false,"ספרייט ZERO בקבוק 500 מ""ל",החברה המרכזית לייצור,IL,ZERO ספרייט 0.5 ל,מיליליטרים,500.00,"100 מ""ל",false,,6.80,0.0136,true,1,7085
7290013585387,false,קוקה קולה זירו בקבוק,החברה המרכזית לייצור,IL,קולה זירו 1 ליטר,ליטרים,1.00,ליטר,false,,6.90,6.9000,true,1,7095
7290013585394,false,קוקה קולה 1 ליטר,החברה המרכזית לייצור,IL,קוקה קולה 1 ליטר,ליטרים,1.00,ליטר,false,,7.50,7.5000,true,1,7096
7290013608260,false,פרימור מיץ רימונים 100% סחוט טרי 1ל',גניר,IL,פרימור מיץ רימונים ס,יחידה,0.00,יחידה,false,,22.90,0.0000,true,1,23377
7290013608482,false,נקטר מנגו 1 ל' פרימור,,,נקטר מנגו פרימור 1 ל,ליטרים,1.00,ליטר,false,,8.50,8.5000,true,1,51654
7290013608604,false,"משקה קל תפוחי עץ פרימור 500 מ""ל",סטאר סנקס,IL,פרימור משקה קל תפוחי,ליטרים,0.50,ליטר,false,,5.90,11.8000,true,1,293746
7290013608628,false,פרימור משקה קל ענבים,סטאר סנקס,IL,פרימור משקה קל ענבים,ליטרים,0.50,ליטר,false,,5.90,11.8000,true,1,293747
7290013608772,false,"משקה קל תפוזים פרימור 500 מ""ל",סטאר סנקס,IL,פרימור משקה קל תפוזי,ליטרים,0.50,ליטר,false,,5.90,11.8000,true,1,293749
7290013608796,false,"משקה קל תות בננה 500 מ""ל פרימור",,,פרימור משקה קל תות ב,ליטרים,0.50,ליטר,false,,5.90,11.8000,true,1,293750
7290013608864,false,משקה פירות הדר בתוספת ויטמין 1 ליטר,,IL,פרימור משקה פירות הד,ליטרים,1.00,ליטר,false,,15.90,15.9000,true,1,82466
7290013675545,false,שניצל כלי תחבורה מאמא עוף 700 ג',,,שניצל כלי תחבורה 700,גרמים,700.00,100 גרם,false,,30.90,0.0441,true,1,25603
7290013677211,false,תן צ'אפ חטיף כריות קטשופ 50 גר',,,תן צ'אפ כריות בטעם ק,גרמים,50.00,100 גרם,false,,3.90,0.0780,true,1,15162
7290013677419,false,תן צ'אפ טבעות בטעם שמנת בצל,,,תן צ'אפ פלאפל 50 גרם,גרמים,50.00,100 גרם,false,,3.50,0.0700,true,1,15179
7290013677648,false,שמן זית למאור 1 ליטר,,,שמן זית למאור 1 ל' ב,ליטרים,1.00,ליטר,false,,19.90,19.9000,true,1,15184
7290013677839,false,"בורגול יבש מיה 1 ק""ג",מיה,IL,בורגול 1 ק'ג,קילוגרמים,1.00,"ק""ג",false,,6.90,6.9000,true,1,15195
7290013677846,false,"כוסמת מיה 1 ק""ג",מיה,IL,כוסמת 1 ק'ג,קילוגרמים,1.00,"ק""ג",false,,12.90,12.9000,true,1,15196
7290013702388,false,"שוופס וואטר תפוח 500מ""ל",יפאורה תבורי בעמ,IL,שוופס תפוח ווטר 0.5,מיליליטרים,500.00,"100 מ""ל",false,,5.50,0.0110,true,1,11643
7290013724939,false,חמוציות בשוקולד מריר 140 גר שקדיה,דין שיווק,IL,שקדיה חמוציות בשוק.מ,גרמים,140.00,100 גרם,false,,10.90,0.0779,true,1,4676
7290013724946,false,שקדים בשוקולד מריר 140 גר שקדיה,דין שיווק,IL,שקדים בציפוי שוקלד מ,גרמים,140.00,100 גרם,false,,10.90,0.0779,true,1,4677
7290013724953,false,חמוציות בשוקולד חלב 140 גר שקדיה,,,חמוציות בציפוי שוקול,גרמים,140.00,100 גרם,false,,10.90,0.0779,true,1,4678
7290013724960,false,שקדים בשוקולד חלב 140 גר שקדיה,,,שקדים בציפוי שוקולד,גרמים,140.00,100 גרם,false,,10.90,0.0779,true,1,4679
7290013724991,false,אגוזי לוז בשוקולד חלב 140 גר שקדיה,דין שיווק,IL,אגוזי לוז בציפוי שוק,גרמים,140.00,100 גרם,false,,10.90,0.0779,true,1,4682
7290013725820,false,אגוזי לוז בשוקולד מריר 140 גר שקדיה,"דין שיווק וקליה בע""מ",IL,אגוזי לוז בציפוי שוק,גרמים,140.00,100 גרם,false,,10.90,0.0779,true,1,4685
7290013787392,false,רביולי גבינות קלאסי פסטה ריקו 330 גרם,יוניליוור גרמניה Gm,IL,רביולי גבינות קלאסי,גרמים,330.00,100 גרם,false,,24.90,0.0755,true,1,85665
7290013793072,false,ערכת נוזלי אור והדר.,,,ערכת נוזלי אור והדר.,יחידה,0.00,יחידה,false,,70.90,0.0000,true,1,18023
7290013847102,false,ס.ק טונה בשמן 80 ג' שלישיות -בי,,,טונה בשמן סטארקיסט ש,גרמים,240.00,100 גרם,false,,12.90,0.0538,true,1,26688
7290013847867,false,מארז זוג טונה בשמן סויה 140 ג' סטארקיסט,טונה ויטנאם קו. אל.ט,IL,נתחי טונה בהירה בשמן,גרמים,140.00,100 גרם,false,,12.90,0.0921,true,1,315337
7290013848345,false,מארז מטליות לחות לחיטוי שלישיה 3 * 50 יח' סנו,סנו מפעלי ברונוס בעמ,IL,מטליות לחות לחיטוי י,יחידה,0.00,יחידה,false,,22.90,0.0000,true,1,30381
7290013848383,false,"קרמה מן גל רחצה אקטיב בלוק 700 מ""ל",טרופיקל דגיל תעשיות,IL,ג'ל רחצה אנטי בלוק ק,מיליליטרים,700.00,"100 מ""ל",false,,18.90,0.0270,true,1,30382
7290013848758,false,סנו - מקסימה ג'ל כביסה מרוכז בייבי 3 ליטר,"סנו מפעלי ברונוס בע""",IL,סנו מקסימה ג'ל כביסה,ליטרים,3.00,ליטר,false,,36.90,12.3000,true,1,30401
7290013861054,false,צימוקים בשוקולד חלב 140 גר שקדיה,,,שקדיה צימוקים בשוק.ח,גרמים,140.00,100 גרם,false,,10.90,0.0779,true,1,4688
7290013883407,false,דזיטול מחטא ומשמיד חיידקים-מרסס,קרלו,ES,דזיטול מחטא ומשמיד ח,מיליליטרים,700.00,"100 מ""ל",false,,11.90,0.0170,true,1,11356
7290013906052,false,נקניקיות פרגיות טירת צבי 300 גר',הנסיך- מפעל לייצור ט,IL,טירת צבי נקניקיות פר,גרמים,300.00,100 גרם,false,,11.80,0.0393,true,1,25389
7290013906205,false,פסטרמה עם שום וצילי טירת צבי 400 ג',הנסיך- מפעל לייצור ט,IL,טירת צבי פסטרמה שום,גרמים,400.00,100 גרם,false,,26.90,0.0672,true,1,25390
7290013906212,false,"נקנקיות וינר טירת 1 ק""ג טירת צבי",הנסיך- מפעל לייצור ט,IL,טירת צבי נקניקיות וי,קילוגרמים,1.00,"ק""ג",false,,22.90,22.9000,true,1,25391
7290013906441,false,קבנוס טירת צבי 120 גר,הנסיך- מפעל לייצור ט,IL,טירת צבי קבנוס 120 ג,גרמים,120.00,100 גרם,false,,9.90,0.0825,true,1,25402
7290013906458,false,קבנוס בטעם פיקנטי טירת צבי 120 גר,הנסיך- מפעל לייצור ט,IL,טירת צבי קבנוס פיקנט,גרמים,120.00,100 גרם,false,,9.90,0.0825,true,1,25403
7290013906489,false,חטיפי מיני קבנוס 120 ג' טירת צבי,הנסיך- מפעל לייצור ט,IL,טירת צבי חטיפי מיני,גרמים,120.00,100 גרם,false,,9.90,0.0825,true,1,25404
7290013906496,false,פסטרמה עגל בסגנון רומני טירת צבי 120 גר,הנסיך- מפעל לייצור ט,IL,טירת צבי פסטרמה עגל,גרמים,120.00,100 גרם,false,,13.90,0.1158,true,1,25405
7290013906519,false,פרושוטו בקר דליקטיב 100 גרם,הנסיך- מפעל לייצור ט,IL,טירת צבי פרשוטו בקר,גרמים,100.00,100 גרם,false,,24.90,0.2490,true,1,25406
7290013906687,false,פסט' צמד כפרית ברביקיו ודבש 300X2ג' טירת צבי,הנסיך- מפעל לייצור ט,IL,טירת צבי צמד כפרית ב,גרמים,600.00,100 גרם,false,,24.90,0.0415,true,1,25408
7290013906694,false,נקניקיות שקית קילו וחצי טירת צבי,הנסיך- מפעל לייצור ט,IL,"נקניקיות עוף 1.5 ק""ג",קילוגרמים,1.50,"100 ק""ג",false,,34.90,23.2667,true,1,222976
7290013906700,false,"נקניקיות הודו טירת צבי כשרות הרב מחפוד 1.5 ק""ג",,IL,"נקניקיות הודו 1.5 ק""",קילוגרמים,1.50,"100 ק""ג",false,,35.90,23.9333,true,1,222963
7290014002197,false,חליטת קמומיל ולימונית 25 שק הגן הקסום,,,תה חליטת קמומיל ולימ,גרמים,37.50,100 גרם,false,,17.90,0.4773,true,1,24748
7290014002944,false,גן קסום חליטת פירות וצמחים חמדת שקד 25 שקיקים,HIQ FOOD PRODUCTS,IL,תה גן קסום חליטת חמא,גרמים,62.50,100 גרם,false,,17.90,0.2864,true,1,24761
7290014046474,false,"נקניקיות עוף 1.5 ק""ג יחיעם",יחיעם,IL,יחיעם נקניקיות עוף 1,קילוגרמים,1.50,"ק""ג",false,,27.90,18.6000,true,1,15592
7290014046580,false,פסטרמה מעודנת על גחלים 300 ג' יחיעם,פ.פ.ח. שאביט,IL,יחיעם פסטרמה מעודנת,גרמים,300.00,100 גרם,false,,19.90,0.0663,true,1,15599
7290014046757,false,סלמי תה מעדני יחיעם,פ.פ.ח. שאביט,IL,סלמי תה `שרולה` 300,גרמים,300.00,100 גרם,false,,19.90,0.0663,true,1,15604
7290014059436,false,"משחת שיניים סנסודיין 75 מ""ל פרימיום לשיקום והגנה מלבינה 75 מ""ל",DE MICLEN,,משחת שיניים לשיקום ס,מיליליטרים,75.00,"100 מ""ל",false,,24.90,0.3320,true,1,3903
7290014066533,false,לנדוור-קפסולות אספרסו קלייה כפולה(12) - 10יח'12X יח,לנדוור,IL,לנדוור קפסולות אספרס,יחידה,0.00,יחידה,false,,14.90,0.0000,true,1,61888
7290014079014,false,לבבות קיסר בנספק,"מרינה פטריות הגליל בע""מ",IL,לבבות קיסר,גרמים,300.00,100 גרם,false,,9.90,0.0330,true,1,35583
7290014083806,false,עוגיות בטעם חמאה 350 גרם בפח,דן קייק,PT,וילי פוד עוגיות בטעם,גרמים,350.00,100 גרם,false,,11.90,0.0340,true,1,2989
7290014083813,false,שפרוטים מעושנים בשמן מריגה 190 גר',הנסיך- מפעל לייצור ט,LV,בריוולס וילניס שפרוט,גרמים,190.00,100 גרם,false,,7.90,0.0416,true,1,2990
7290014094345,false,ששון הקולה גרעיני חמ,"דין שיווק וקליה בע""מ",,ששון הקולה גרעיני חמ,גרמים,300.00,100 גרם,false,,9.90,0.0330,true,1,4702
7290014094352,false,אגוזי מלך בקופסא 200 ג',"דין שיווק וקליה בע""מ",,ששון הקולה אגוז מלך,גרמים,200.00,100 גרם,false,,16.90,0.0845,true,1,4703
7290014094369,false,שקד טבעי 200 גר קופסא ששון הקולה,"דין שיווק וקליה בע""מ",,ששון הקולה שקד טבעי,גרמים,200.00,100 גרם,false,,21.90,0.1095,true,1,4704
7290014094383,false,משמש מיובש בקופסא 33,"דין שיווק וקליה בע""מ",,שקדיה משמש מיובש 250,גרמים,250.00,100 גרם,false,,23.90,0.0956,true,1,4706
7290014094406,false,צימוק לבן 250 גרם ששון הקולה,"דין שיווק וקליה בע""מ",,צימוק בהיר בקופסא 2,גרמים,250.00,100 גרם,false,,16.90,0.0676,true,1,4708
7290014094505,false,אורז בסמתי טהור אהרוני 1 ק''ג,האי נאם סי או אל.טי.,IL,אהרוני אורז בסמטי 1,קילוגרמים,1.00,"ק""ג",false,,9.90,9.9000,true,1,4716
7290014094628,false,פקאן טבעי 200 ג' בקופסא,חקלאי,,פקאן טבעי 200גר ששון,גרמים,200.00,100 גרם,false,,25.90,0.1295,true,1,4725
7290014094659,false,אגוזי לוז טבעיים 250,דין שיווק,IL,אגוז לוז טבעי 250 גר,גרמים,250.00,100 גרם,false,,24.90,0.0996,true,1,4728
7290014094864,false,פיסטוק קלוי 170 גר עם קליפה ששון הקולה,דין שיווק,IL,פיסטוק קלוי 170 גרם,גרמים,170.00,100 גרם,false,,16.90,0.0994,true,1,4735
7290014094895,false,אגוזים מלך קלופים 150 גרם ששון הקולה,,,אגוז מלך 150גר ששון,גרמים,150.00,100 גרם,false,,10.90,0.0727,true,1,4738
7290014095861,false,שיבולת שועל דקה 500 גרם קוואקר,"דין שיווק וקליה בע""מ",,שיבולת שועל דקה קווא,גרמים,500.00,100 גרם,false,,4.90,0.0098,true,1,4742
7290014095946,false,משוקלדים פקאן בשוקולד מריר 140 גרם,,,פקאן בציפוי שוקולד מ,גרמים,140.00,100 גרם,false,,10.90,0.0779,true,1,4743
7290014095953,false,משוקלדים פקאן בשוקולד חלב 140 ג',שקדיה גבע בתעשיות עמ,IL,שקדיה פקאן בשוקולד ח,גרמים,160.00,100 גרם,false,,10.90,0.0681,true,1,4744
7290014204003,false,פנינה רוזנבלום-שמפו צבוע ורוד 750,,,פנינה שמפו צבוע 750,מיליליטרים,750.00,"100 מ""ל",false,,9.90,0.0132,true,1,18176
7290014204560,false,"סבון נוזלי שלישייה * 500 מ""ל פנינה",,,סבון נוזלי פנינה רוז,ליטרים,1.50,ליטר,false,,10.90,7.2667,true,1,18186
7290014217157,false,תערובת תיבול טוסקנה מיכל 120 גר,תות ממתקי איכות,IL,תבלין תערובת תיבול ט,גרמים,120.00,100 גרם,false,,11.80,0.0983,true,1,42463
7290014217348,false,תבלין צ'ילי כתוש מיכל 70ג',תות ממתקי איכות,IL,תבליני טעם וריח צילי,גרמים,70.00,100 גרם,false,,10.80,0.1543,true,1,42470
7290014218536,false,בצק עלים מרודד מופחת שומן מעדנות 1 קג,"מעדנות בע""מ",IL,בצק עלים מופחת שומן,קילוגרמים,1.00,"ק""ג",false,,21.90,21.9000,true,1,35682
7290014218932,false,חטיפי פיצה בתוספת זיתים 710 ג' מעדנות,מיוצר עי קונדיטוריית,IL,חטיפי פיצה בתוספת זי,גרמים,710.00,100 גרם,false,,27.90,0.0393,true,1,35708
7290014258723,false,מטרנה צמחי 0-12 חודשים 700 גרם,,IL,מטרנה צמחי מגיל 0-12,גרמים,700.00,100 גרם,false,,68.90,0.0984,true,1,18784
7290014258730,false,מטרנה צמחי מגיל שנה ואילך 700 גרם,,,מטרנה צמחי מגיל שנה,גרמים,700.00,100 גרם,false,,63.90,0.0913,true,1,18785
7290014325050,false,מיה קורנפלור 500גרם,מיה,IL,מיה קורנפלור 500גרם,גרמים,500.00,100 גרם,false,,3.90,0.0078,true,1,15201
7290014397279,false,סנו סושי שקיות מזון XL 300 יח,הורביץ סחר,CN,סנו סושי שקיות מזון,יחידה,0.00,יחידה,false,,13.90,0.0000,true,1,30429
7290014397453,false,סנו אוקסיגן גל מסיר כתמים כביסה לבנה 3 ל,,IL,סנו אוקסיג'ן לכביסה,ליטרים,3.00,ליטר,false,,30.90,10.3000,true,1,30434
7290014397873,false,מרכך כביסה סנו מקסימה גנטל בריז 4 ל,,IL,מרכך כביסה סנו מקסימ,ליטרים,4.00,ליטר,false,,22.90,5.7250,true,1,30464
7290014435704,false,סלמון מעושן 100גר' שמיר,"סלטי שמיר 2006 בע""מ",,סלמון מעושן סלטי שמי,גרמים,100.00,100 גרם,false,,23.90,0.2390,true,1,17752
7290014435803,false,מטיאס הולנדי עם בצל בשמן 200 גר,"סלטי שמיר 2006 בע""מ",IL,מטיאס הולנדי פרובנצי,גרמים,180.00,100 גרם,false,,18.90,0.1050,true,1,17754
7290014435834,false,מקרל מעושן פרוס בשמן 180 גר',"סלטי שמיר 2006 בע""מ",,מקרל מעושן פרוס בשמן,גרמים,180.00,100 גרם,false,,24.90,0.1383,true,1,17757
7290014455245,false,גבינה גרנה פדנו משולש גד 200 גר',מחלבת סוציאלה מנטובה,IT,גד גרנה פדנו משולש כ,גרמים,200.00,100 גרם,false,,25.90,0.1295,true,1,14702
7290014455252,false,גבינת גרנה פדנו מגורד 100 ג' גד,מחלבות גד,IT,גד גרנה פדנו מגורד כ,גרמים,100.00,100 גרם,false,,12.90,0.1290,true,1,14703
7290014455320,false,גבינה כדורי מוצרלה פרסקה גד 100ג',מחלבות גד בעמ,IL,גד כדור מוצרלה פרסקה,גרמים,100.00,100 גרם,false,,10.40,0.1040,true,1,14706
7290014455467,false,ירח מתוק מעדן חלב 2% ושיבולת שועל גד 150ג',מחלבות גד,IL,גד מעדן שיבולת שועל,מיליליטרים,150.00,"100 מ""ל",false,,6.40,0.0427,true,1,14711
7290014459137,false,"צ'יפס תפוגן סטייק 1.5 ק""ג","תעשיות תפוגן בע""מ",IL,תפוגן סטייק ציפס 1.5,קילוגרמים,1.50,"ק""ג",false,,23.90,15.9333,true,1,19825
7290014459373,false,"צ'יפס קראנצ'י לתנור קפוא תפוגן 1.5ק""ג",,IL,תפוגן ציפס קראנצי 1.,קילוגרמים,1.50,"ק""ג",false,,24.90,16.6000,true,1,19830
7290014459472,false,"צ'יפס קפוא תפוגן 2 ק""ג כשל""פ",,IL,תפוגן צ`יפס קלאסי 2,קילוגרמים,2.00,"ק""ג",false,,24.90,12.4500,true,1,19832
7290014459632,false,"צ'יפס טוגן תפוגן 1.5 ק""ג",תפוגן,IL,"טוגן 1.5 ק""ג",קילוגרמים,1.50,"ק""ג",false,,16.90,11.2667,true,1,19835
7290014466463,false,"יין הר חרמון מוסקטו 750 מ""ל",יקב רמת הגולן,IL,יקבי רמת הגולן הר חר,מיליליטרים,750.00,"100 מ""ל",false,,35.90,0.0479,true,1,41664
7290014472136,false,גרעין שחור קלוי ששון הקולה 150 ג',דין שיווק,IL,גרעין שחור קלוי 150,גרמים,150.00,100 גרם,false,,4.90,0.0327,true,1,4759
7290014472235,false,פקאן סיני מסוכר בקופ,שקרצי,,פקאן סיני מסוכר בקופ,גרמים,200.00,100 גרם,false,,24.90,0.1245,true,1,4762
7290014472495,false,קשיו קלוי ענק 250 גר פרימיום ששון הקולה,דין שיווק,IL,קשיו קלוי ענק פרימיו,גרמים,250.00,100 גרם,false,,21.90,0.0876,true,1,4771
7290014472501,false,פיסטוק קלוי ענק 250 ג פרימיום ששון הקולה,דין שיווק,IL,פיסטוק קלוי ענק 250,גרמים,250.00,100 גרם,false,,25.90,0.1036,true,1,4772
7290014525016,false,חטיף בריאות יוגורט במילוי תות שדה 182 גר,,,חטיף בטעם יוגורט תות,גרמים,180.00,100 גרם,false,,10.90,0.0606,true,1,21537
7290014525023,false,חטיף בריאות יוגורט במילוי פירות יער 182ג,,,חטיף פירות יער סלים,גרמים,215.00,100 גרם,false,,10.90,0.0507,true,1,21538
7290014525290,false,חטיף מרבה סלים דליס קריספי תות 125 גר,הלמה הלום,NL,חטיף מרבה קריספי תות,גרמים,125.00,100 גרם,false,,10.90,0.0872,true,1,21551
7290014525306,false,חטיף מרבה סלים דליס קריספי אוכמניות 125,"ש. שסטוביץ בע""מ",NL,חטיף מרבה קריספי אוכ,גרמים,125.00,100 גרם,false,,10.90,0.0872,true,1,21552
7290014525313,false,חטיף מרבה סלים דליס קריספי שוקולד 125 ג,הלמה הלום בי. וי,NL,חטיף מרבה קריספי שוק,גרמים,125.00,100 גרם,false,,10.90,0.0872,true,1,21553
7290014534704,false,"פסטה ""לה פסטה"" 400 ג' אטריות מרק 400 ג'",,IL,אטריות מרק לה פסטה 4,גרמים,400.00,100 גרם,false,,3.70,0.0093,true,1,25141
7290014636378,false,סט מצעים זוגי סטאן ר,,,סט מצעים זוגי סטאן ר,יחידה,0.00,יחידה,false,,99.90,0.0000,true,1,28143
7290014636545,false,שלישית מגבות מטבח ג'קרד,,,שלישית מגבות מטבח פס,יחידה,0.00,יחידה,false,,19.90,0.0000,true,1,223969
7290014636613,false,שמיכת כירבולית פליז,,,שמיכת כירבולית פליז,יחידה,0.00,יחידה,false,,49.90,0.0000,true,1,28148
7290014636651,false,סט סאטן תחרה זוגי מנהטן,,,סט סאטן זוגי תחרה,יחידה,0.00,יחידה,false,,119.90,0.0000,true,1,15476
7290014636675,false,מגבת גוף חלקה 550 גר,,,מגבת גוף מנהטן 70*13,יחידה,0.00,יחידה,false,,34.90,0.0000,true,1,28150
7290014636682,false,מגבת פנים חלקה 550 גרם,,,מגבת פנים,יחידה,0.00,יחידה,false,,19.90,0.0000,true,1,28151
7290014636842,false,כרית ממורי ויסקו,,,כרית ויסקו,יחידה,0.00,יחידה,false,,89.90,0.0000,true,1,227714
7290014636903,false,כרבולית קורל מינק 170*130,,,כרבולית מינק 130/170,יחידה,0.00,יחידה,false,,49.90,0.0000,true,1,307855
7290014673380,false,מימון כמון טחון 250,,,מימון כמון טחון 250,גרמים,250.00,100 גרם,false,,21.90,0.0876,true,1,364
7290014673403,false,פלפל שחור טחון 250 גרם,TLV צ'יף,IL,מימון פלפל שחור טחון,גרמים,250.00,100 גרם,false,,30.00,0.1200,true,1,366
7290014673434,false,פלפל שחור גרוס דק שקית 80 גרם,,,פלפל שחור גרוס דק בש,גרמים,80.00,100 גרם,false,,8.90,0.1113,true,1,368
7290014674004,false,קריספ פירורי לחם שומשום ומלח ים 300 גרם,,IL,פירורי לחם עם שומשום,גרמים,300.00,100 גרם,false,,7.90,0.0263,true,1,259329
7290014692299,false,גבינת ברי 125 ג' קסטיאלו ויליפוד,"ארלה פודס אמבא,",DK,גבינת ברי 125 גרם EU,גרמים,125.00,100 גרם,false,,14.90,0.1192,true,1,2993
7290014692305,false,גבינת קממבר 125ג' CASTELLO ויליפוד,הנסיך- מפעל לייצור ט,DK,גבינת קממבר 125 גרם,גרמים,125.00,100 גרם,false,,14.90,0.1192,true,1,2994
7290014692817,false,גבינת מוצרלה מגורדת 200 ג' EURO CHEESE ויליפוד,הנסיך- מפעל לייצור ט,IL,סיי צ'יז גבינת מוצרל,גרמים,200.00,100 גרם,false,,10.90,0.0545,true,1,3005
7290014731264,false,"כוס שתיה ח""פ ר.שמאי 100יח'",,,כוסות לשתיה קרה חד פ,יח',100.00,יח',false,,6.90,0.0690,true,1,28152
7290014749245,false,ספיישל רצועות שניצל שומשום עוף טוב 600 גרם,מוצרי עוף טוב (2001),IL,רצועות שניצל שומשום,גרמים,600.00,100 גרם,false,,30.90,0.0515,true,1,63387
7290014749764,false,שניצל עוף ביתי עדין עוף טוב 700 גרם,מוצרי עוף טוב (2001),IL,שניצל עוף ביתי כזה ע,גרמים,700.00,100 גרם,false,,38.90,0.0556,true,1,63337
7290014749849,false,שניצל דק ענק קריספי שומשום עוף טוב 720 גר',מולינו ניקולי s.p.a,IL,שניצל עוף דקיק בציפו,גרמים,720.00,100 גרם,false,,28.90,0.0401,true,1,134211
7290014749863,false,עוף טוב שניצל עוף דק ענק קריספי ציפס 720,מוצרי עוף טוב (2001),IL,שניצל עוף דקיק בציפו,גרמים,720.00,100 גרם,false,,28.90,0.0401,true,1,134212
7290014758100,false,מאגדת יוגורט ביו 3% שומן 8 יח' *150ג' תנובה,מיוצר עי קונדיטוריית,IL,יוגורט תנובה 3% 8*15,קילוגרמים,1.20,"ק""ג",false,,16.90,14.0833,true,1,26032
7290014758117,false,מאגדת יוגורט ביו 1.5% שומן 8 יח' *150 ג' תנובה,מיוצר עי קונדיטוריית,IL,יוגורט תנובה 1.5% 8*,קילוגרמים,1.20,"ק""ג",false,,16.90,14.0833,true,1,26033
7290014758681,false,קוטג' תנובה 1% גביע 250 ג',מיוצר עי קונדיטוריית,IL,קוטג תנובה 1% 250ג,גרמים,250.00,100 גרם,false,,5.50,0.0220,true,1,26039
7290014759084,false,גבינת שמנת 16% בטעם טבעי 225 ג' נפוליאון,הרדוף חלב,IL,נפוליאון 16% 225גר,גרמים,225.00,100 גרם,false,,14.50,0.0644,true,1,26040
7290014759701,false,"מאגדת שמינייה יופלה מעודן בד""צ בנגיעות וניל",,IL,יופלה יוגורט מעודן ט,קילוגרמים,1.20,"ק""ג",false,,21.50,17.9167,true,1,26046
7290014759909,false,פטה עיזים 5% פיראוס גביע 250 גרם,"תנובה, מחלבת טנא נוג",IL,פיראוס פטה עזים פירא,גרמים,250.00,100 גרם,false,,28.90,0.1156,true,1,26047
7290014759985,false,"גבינת פרמזן גבע 23% פלח, 200 ג'",תנובה,IL,גבינה קשה מחלב בקר 2,גרמים,200.00,100 גרם,false,,23.90,0.1195,true,1,26050
7290014759992,false,גבינת רוקפור גליל פלח 140 ג' תנובה,"תנובה, מחלבת תל יוסף",IL,גבינות תנובה רוקפור,גרמים,140.00,100 גרם,false,,18.90,0.1350,true,1,26051
7290014760134,false,מעדן סויה ביו בטעם ו,פ.פ.ח. שאביט,IL,גביע מעדן סויה בטעם,גרמים,125.00,100 גרם,false,,4.40,0.0352,true,1,26052
7290014760141,false,משקה שקדים טרי 1 ל' תנובה,,IL,תנובה משקה שקדים טרי,יחידה,0.00,יחידה,false,,13.50,0.0000,true,1,26053
7290014760448,false,מאגדת גלבוע 22% 400 גר,מחלבת בית יצחק,IL,גלבוע 22% 400 גרם,גרמים,400.00,100 גרם,false,,25.10,0.0628,true,1,26056
7290014760912,false,פרוסות גבינה 28% שומן 400 ג' גוש חלב,,IL,גוש חלב 28% מהדרין 4,גרמים,400.00,100 גרם,false,,26.90,0.0672,true,1,26060
7290014761056,false,מעדן שוקולד חלב מעולה 123 ג' יולו,מיוצר עי קונדיטוריית,IL,יולו שוקולד חלב מעול,גרמים,122.00,100 גרם,false,,5.10,0.0418,true,1,26062
7290014761063,false,מעדן שוקולד מריר מעולה 123 ג' יולו,מיוצר עי קונדיטוריית,IL,יולו שוקולד מריר מעו,גרמים,122.00,100 גרם,false,,5.10,0.0418,true,1,26063
7290014761070,false,מעדן שוקולד לבן מעולה 123 ג' יולו,מיוצר עי קונדיטוריית,IL,יולו שוקולד לבן מעול,גרמים,122.00,100 גרם,false,,5.10,0.0418,true,1,26064
7290014761193,false,יוגורט עם פירות יער 1.5% שומן 125 ג' פרילי,,IL,פרילי פירות יער 1.5%,גרמים,125.00,100 גרם,false,,3.70,0.0296,true,1,26065
7290014761414,false,יולו מעדן שכבות שוקולד חלב ולבן 123 גר,מיוצר עי קונדיטוריית,IL,יולו מעדן שכבות שוקו,גרמים,122.00,100 גרם,false,,5.10,0.0418,true,1,26073
7290014761612,false,YOLO מעדן שכבות שוקולד מריר ולבן מעולה,מיוצר עי קונדיטוריית,IL,יולו שכבות שוקולד מר,גרמים,122.00,100 גרם,false,,5.10,0.0418,true,1,26077
7290014762831,false,גבינת שמנת חלפיניו 24% שומן 225 ג' נפוליאון,הרדוף חלב,IL,גבינת שמנת נפוליאון,גרמים,225.00,100 גרם,false,,14.50,0.0644,true,1,26098
7290014762909,false,פתיתי מוצרלה 20% שומן 200 ג' השף הלבן,"תנובה, מחלבת תל יוסף",IL,פתיתי מוצרלה 200 גר`,גרמים,200.00,100 גרם,false,,15.90,0.0795,true,1,26102
7290014763098,false,קרם גבינת שמנת 5% עם פלפל שום ובצל 200 ג' תנובה,תנובה,IL,קרם גבינת שמנת 5% טו,גרמים,200.00,100 גרם,false,,12.00,0.0600,true,1,26107
7290014791091,false,"שוויפס לימונייד 500 מ""ל",,,משקה למונייד שוופס 5,מיליליטרים,500.00,"100 מ""ל",false,,5.90,0.0118,true,1,11665
7290014855434,false,מגבונים בייביסיטר פרפורמנס מבושם רביעיה,די פי אל,,בייביסיטר פרפורמנס מ,יחידה,0.00,יחידה,false,,15.90,0.0000,true,1,29548
7290014855458,false,מגבוני בייביסיטר פרפורמנס ללא בישום מארז 72X4יח',די פי אל,,מגבוני בייבי פרפורמנ,יחידה,0.00,יחידה,false,,15.90,0.0000,true,1,29549
7290014860070,false,"מקלות אורז ללא גלוטן 5 מ""מ 454 גרם",Oriental food co. lt,TH,"מקלוני אורז 5 מ""מ לל",גרמים,454.00,100 גרם,false,,10.90,0.0240,true,1,47585
7290014860094,false,"מקלות אורז ללא גלוטן 3 מ""מ 454 גרם",,,"מקלוני אורז 3 מ""מ לל",גרמים,454.00,100 גרם,false,,9.90,0.0218,true,1,47587
7290014860988,false,שימורי קרם קוקוס 17%,,,שימורי קרם קוקוס 17%,מיליליטרים,400.00,"100 מ""ל",false,,9.90,0.0248,true,1,47588
7290014901247,false,"סטייל שמפו 0חר החלקה מועשר בקרטין, 750 מ""ל",א.ל. ארמן ייצור תמרו,IL,שמפו קרטין סטייל 750,מיליליטרים,750.00,"100 מ""ל",false,,24.90,0.0332,true,1,3923
7290014905696,false,"נוזל כלים הפי מרוכז 24% לימון 750 מ""ל",פרח,IL,הפי לכלים צהוב לימון,מיליליטרים,750.00,"100 מ""ל",false,,7.90,0.0105,true,1,11384
7290014905733,false,"הפי פרפקט לניקוי שמשות 750 מ""ל",יוליניבר,IL,הפי מרסס לניקוי חלונ,מיליליטרים,750.00,"100 מ""ל",false,,7.50,0.0100,true,1,11386
7290014910515,false,שימורי שפרוטים מעושנים בשמן צמחי 250 גר,,,שפרוטים מעושנים רויא,גרמים,250.00,100 גרם,false,,11.90,0.0476,true,1,11231
7290014940901,false,לחם פשוט מלא 750 ג' אנג'ל,,IL,לחם פשוט מלא אנגל 75,גרמים,750.00,100 גרם,false,,14.90,0.0199,true,1,35504
7290014945029,false,גליל מפת אלבד 25 מטר,,,גליל מפת אלבד 25 מטר,מטרים,25.00,מטר,false,,29.90,1.1960,true,1,13543
7290015009003,false,"חומץ בן יין לבן 500 מ""ל",מנדלז סי.אר. פרודקשן,ES,חומץ בן יין לבן דניא,מיליליטרים,500.00,"100 מ""ל",false,,20.00,0.0400,true,1,253082
7290015009041,false,חומץ תפוחים חומציות,מנדלז סי.אר. פרודקשן,ES,חומץ תפוחים חומציות,מיליליטרים,500.00,"100 מ""ל",false,,20.00,0.0400,true,1,47911
7290015009171,false,ניוקי תפוחי אדמה דני,,,ניוקי תפוחי אדמה דני,גרמים,300.00,100 גרם,false,,9.90,0.0330,true,1,47915
7290015009195,false,ניוקי תפוחי אדמה עם עגבניות 300 גרם,,,ניוקי תפוחי אדמה עם,גרמים,300.00,100 גרם,false,,9.90,0.0330,true,1,47917
7290015009232,false,רוטב סלסה בינוני צהוב 454 גרם,,,רוטב סלסה בחריפות בי,גרמים,454.00,100 גרם,false,,19.90,0.0438,true,1,258878
7290015009249,false,רוטב סלסה חריף אדום 454 גר,לינדסטרי פודס,US,"רוטב סלסה חריף ארה""ב",גרמים,454.00,100 גרם,false,,19.90,0.0438,true,1,258317
7290015009317,false,נאצ`וס תירס טבעי 200 גרם,אוקי סנייקס,DK,חטיף  נאצ'וס טבעי צה,גרמים,200.00,100 גרם,false,,12.90,0.0645,true,1,119130
7290015009331,false,חטיף נאצוס חריף סגול,מנדלז סי.אר. פרודקשן,DK,חטיף נאצוס חריף סגול,גרמים,200.00,100 גרם,false,,12.90,0.0645,true,1,101051
7290015009461,false,שימורי שעועית שחורה במי מלח,יורקום סרל,IT,שעועית שחורה במי מלח,גרמים,240.00,100 גרם,false,,9.90,0.0413,true,1,253874
7290015025942,false,"פנג'ל ק. ידיים קלאסי עם שמן שקדים 80מ""ל",מיוצר עי קונדיטוריית,IL,קרם ידיים מועשר בשמן,מיליליטרים,80.00,"100 מ""ל",false,,6.90,0.0863,true,1,6000
7290015033084,false,קוסקוס חיטה בינוני ד,,,קוסקוס חיטה בינוני ד,גרמים,350.00,100 גרם,false,,5.90,0.0169,true,1,319075
7290015033299,false,פרורי לחם קלאסי שקית,,,פרורי לחם קלאסי שקית,גרמים,400.00,100 גרם,false,,5.00,0.0125,true,1,318851
7290015039246,false,נתחי טונה בשמן צמחי רביעיה * 160 ג' וילי פוד,,TH,טונה בהירה בשמן וילי,גרמים,640.00,100 גרם,false,,21.40,0.0334,true,1,3012
7290015039253,false,עלי גפן מי מלח ויליפוד 620 ג',קוראהן פזלרמה וי דיס,TR,עלי גפן במי במלח ויל,גרמים,620.00,100 גרם,false,,8.90,0.0144,true,1,3013
7290015039338,false,נתחי טונה במי מלח רביעיה * 160 ג' וילי פוד,,TH,טונה במי מלח ויליפוד,גרמים,640.00,100 גרם,false,,21.40,0.0334,true,1,3014
7290015150088,false,מחית עגבניות גראנד איטליה 700 גרם,שוורצקוף& הנקל דיסלד,IT,מחית עגבניות בלה איט,גרמים,700.00,100 גרם,false,,11.90,0.0170,true,1,24785
7290015150118,false,עגבניות חתוכות דק בלה איטליה 3*400 ג',אמיליאנה קונסרב ס.פ.,IT,עגבניות חתוכות דק בל,גרמים,400.00,100 גרם,false,,16.90,0.0422,true,1,24788
7290015150361,false,תה ירוק נענע סטיביה 25 שקיקים ויסוצקי,HIQ FOOD PRODUCTS,IL,תה ירוק נענע סטיביה,גרמים,50.00,100 גרם,false,,23.90,0.4780,true,1,24790
7290015150903,false,תה ירוק גן קסום קינמון ודבש 25 שק*1.5 גר,HIQ FOOD PRODUCTS,IL,תה ירוק קינמון ודבש,גרמים,37.50,100 גרם,false,,23.90,0.6373,true,1,24802
7290015155830,false,מחית תפוח בננה חטיפטף פרינוק 120 גר,פרוטה פודיווין,CZ,פאוץ' פרינוק מחית תפ,גרמים,120.00,100 גרם,false,,5.90,0.0492,true,1,3658
7290015156776,false,מחית פרינוק פאוץ' פירות טרופיים 120 גרם,,,פאוץ' פרינוק פירות ט,גרמים,120.00,100 גרם,false,,5.90,0.0492,true,1,3665
7290015156813,false,מחית פרינוק פאוץ' פירות מעורבים 120 גרם,,,פאוץ' פרינוק פירות מ,גרמים,120.00,100 גרם,false,,5.90,0.0492,true,1,3667
7290015178204,false,ממרח אוליביה - עגבניות מיובשות בשמש עם לימון 180 גרם,,IL,אוליביה עגבניות מיוב,גרמים,180.00,100 גרם,false,,12.90,0.0717,true,1,104613
7290015193566,false,מעדני המלך אובלטים שומשום 300 גרם,אם החיטה,IL,אובלטים שומשום 300 ג,גרמים,300.00,100 גרם,false,,9.90,0.0330,true,1,41401
7290015193634,false,אובלטים דקיקים קימל מעדני המלך 300 גר',אם החיטה,IL,אובלטים קימל 300 גרם,גרמים,300.00,100 גרם,false,,9.90,0.0330,true,1,41405
7290015193832,false,קרקר עם שומשום ארומה 300 גרם,פפושדו,IL,ארומה קרקר עם שומשום,גרמים,300.00,100 גרם,false,,8.70,0.0290,true,1,41407
7290015193849,false,קרקר עם מלח ארומה 300 גרם,פפושדו,IL,ארומה קרקר עם מלח 30,גרמים,300.00,100 גרם,false,,8.70,0.0290,true,1,41408
7290015282000,false,איקרא אדומה SEVEN SEAS 200 גרם,,IL,איקרה אדומה סלטי שמי,גרמים,200.00,100 גרם,false,,13.90,0.0695,true,1,17763
7290015282024,false,איקרא לבנה SEVEN SEAS 200 גרם,,IL,איקרה לבנה סלטי שמיר,גרמים,200.00,100 גרם,false,,13.90,0.0695,true,1,17765
7290015282581,false,חומוס שמיר אבו גוש עם חריף 200 גר',"סלטי שמיר 2006 בע""מ",IL,חומוס אבו גוש עם חרי,גרמים,200.00,100 גרם,false,,10.90,0.0545,true,1,17782
7290015282598,false,חומוס שמיר מסעדות 200 גר',"סלטי שמיר 2006 בע""מ",IL,חומוס מסעדות,גרמים,200.00,100 גרם,false,,10.90,0.0545,true,1,17783
7290015282635,false,חומוס שמיר מסבחה 200 גר',"סלטי שמיר 2006 בע""מ",IL,חומוס מסבחה,גרמים,200.00,100 גרם,false,,10.90,0.0545,true,1,17787
7290015282673,false,חציל שמיר במיונז ביתי 200 גורמה גר',"סלטי שמיר 2006 בע""מ",IL,חציל במיונז ביתי,גרמים,200.00,100 גרם,false,,10.90,0.0545,true,1,17790
7290015282697,false,כרוב אדום שמיר גורמה 200גר,"סלטי שמיר 2006 בע""מ",IL,סלט כרוב אדום 200ג ש,גרמים,200.00,100 גרם,false,,12.90,0.0645,true,1,17792
7290015282710,false,קוביות סלק שמיר 200 גר',"סלטי שמיר 2006 בע""מ",IL,קוביות סלק סלטי שמיר,גרמים,200.00,100 גרם,false,,10.90,0.0545,true,1,17793
7290015282772,false,רצועות פלפל קלוי שמיר 200 גר',"סלטי שמיר 2006 בע""מ",IL,פלפל רצועות קלוי/מטו,גרמים,200.00,100 גרם,false,,12.90,0.0645,true,1,17799
7290015324014,false,תבלין פלפל שחור טחון 80 ג',תות ממתקי איכות,IL,טעם וריח פלפל שחור ט,גרמים,80.00,100 גרם,false,,9.90,0.1238,true,1,42480
7290015324045,false,תבלין פפריקה חריפה 80 גר' שק',תות ממתקי איכות,IL,תבלין פפריקה חריפה ב,גרמים,80.00,100 גרם,false,,6.50,0.0813,true,1,42482
7290015324052,false,תבלין פפריקה מתוקה 80 ג',תות ממתקי איכות,IL,טעם וריח פפריקה מתוק,גרמים,80.00,100 גרם,false,,6.50,0.0813,true,1,42483
7290015324083,false,טעם וריח מלח לימון ש,תות ממתקי איכות,IL,טעם וריח מלח לימון ש,גרמים,80.00,100 גרם,false,,6.50,0.0813,true,1,42486
7290015324090,false,תבלין כמון טחון 80 ג',תות ממתקי איכות,IL,טעם וריח כמון שקית 8,גרמים,80.00,100 גרם,false,,6.80,0.0850,true,1,42487
7290015324106,false,תבלין כורכום טחון 80 גר',תות ממתקי איכות,IL,טעם וריח כורכום שקית,גרמים,80.00,100 גרם,false,,6.80,0.0850,true,1,42488
7290015324120,false,טעם וריח שום גבישי ב,תות ממתקי איכות,IL,טעם וריח שום גבישי ב,גרמים,80.00,100 גרם,false,,10.10,0.1262,true,1,42490
7290015324151,false,תבלין חוויאג למרק ב,תות ממתקי איכות,IL,תבלין חוויאג למרק ב,גרמים,80.00,100 גרם,false,,6.00,0.0750,true,1,42491
7290015324175,false,תבלין שווארמה תיבול 80 גר' שק',תבליני טעם וריח,IL,תערובת תיבול לשווארמ,גרמים,80.00,100 גרם,false,,7.00,0.0875,true,1,42493
7290015324731,false,"מחית ג`ינג`ר `טעם וריח', 210 גרם",,,מחית ג'ינג'ר 210 גרם,גרמים,210.00,100 גרם,false,,13.90,0.0662,true,1,251606
7290015328531,false,להבונים 50 יח' 3 שעו,,,להבונים 50 יח' 3 שעו,יחידה,0.00,יחידה,false,,9.90,0.0000,true,1,13240
7290015328661,false,נר נשמה 48 שעות ירוש,,,נר נשמה 48 שעות ירוש,יחידה,0.00,יחידה,false,,4.90,0.0000,true,1,13249
7290015328814,false,צימרוני אוזניים 300 יחידות,,,צימרוני אוזניים לירו,יחידה,0.00,יחידה,false,,3.90,0.0000,true,1,13262
7290015328838,false,קיסמי עץ לירון קרביץ,,,קיסמי עץ לירון קרביץ,יחידה,0.00,יחידה,false,,2.90,0.0000,true,1,13264
7290015347488,false,"סוכר דמררה חום שקית מיה 1 ק""ג",מיה,IL,סוכר דמררה בשקית מיה,קילוגרמים,1.00,"ק""ג",false,,8.90,8.9000,true,1,15241
7290015350150,false,"יין אדום חצי יבש סגל 750 מ""ל",כרמי צבי - אחים סגל,IL,סגל אדום חצי יבש 750,מיליליטרים,750.00,"100 מ""ל",false,,21.90,0.0292,true,1,85356
7290015366663,false,"אקווה פרש משחת שיניים מנטה עדין 100מ""ל",DE MICLEN,IL,מש.שיניים מנטה עדין,גרמים,100.00,100 גרם,false,,7.90,0.0790,true,1,3963
7290015366670,false,"אקווה פרש משחת שיניים מנטה 100 מ""ל",DE MICLEN,SK,מש.שיניים מנטה אקווה,גרמים,100.00,100 גרם,false,,7.90,0.0790,true,1,3964
7290015572033,false,שרי צהוב,,,שרי צהוב,יח',1.00,יח',false,,9.90,9.9000,true,1,46613
7290015603188,false,אטריות ביצים מזרח ומ,,,אטריות ביצים מזרח ומ,גרמים,454.00,100 גרם,false,,9.90,0.0218,true,1,47591
7290015603225,false,איטריות בתוספת גזר 454 גרם,,,אטריות עם גזר מזרח ו,גרמים,454.00,100 גרם,false,,10.90,0.0240,true,1,47595
7290015603546,false,שימורי קרם קוקוס 17-19% 400 מל ASIATIC,,,שימורי קרם קוקוס 17-,מיליליטרים,400.00,"100 מ""ל",false,,8.90,0.0223,true,1,47598
7290015603560,false,"שימורי קרם קוקוס 20-22% 400 מ""ל",ASIATIC AGRO INDUSTR,TH,שימורי קרם קוקוס 20-,מיליליטרים,400.00,"100 מ""ל",false,,9.90,0.0248,true,1,47599
7290015603584,false,גינגר לבן כבוש ללא מונוסודיום 160 גרם,Laiwu Taifeng Foods,CN,ג'ינג'ר לבן כבוש ללא,גרמים,160.00,100 גרם,false,,7.90,0.0494,true,1,47600
7290015652070,false,קשיו קלוי 150 גרם ששון הקולה,דין שיווק,IL,קשיו קלוי 150 גרם שש,גרמים,150.00,100 גרם,false,,12.90,0.0860,true,1,4802
7290015652087,false,תערובת פיצוחים 150 גרם ששון הקולה,דין שיווק,IL,תערובת פיצוחים 150גר,גרמים,150.00,100 גרם,false,,11.90,0.0793,true,1,4803
7290015652254,false,גרעיני חמניה קלויים 400 גרם ששון הקלה,,,גרעיני חמניה קלויים,גרמים,400.00,100 גרם,false,,10.00,0.0250,true,1,4812
7290015652261,false,בוטנים קלויים 300 גרם ששון הקולה,,,בוטנים קלויים ששון ה,גרמים,300.00,100 גרם,false,,10.00,0.0333,true,1,4813
7290015652278,false,תערובת פיצוחים 250 גרם ששון הקולה,,,תערובת פיצוחים ששון,גרמים,250.00,100 גרם,false,,20.00,0.0800,true,1,4814
7290015652285,false,אגוזים קלופים 250 גרם ששון הקולה,,,אגוזים קלופים 250 גר,גרמים,250.00,100 גרם,false,,20.00,0.0800,true,1,4815
7290015652292,false,קבוקים עם שומשום 400 גרם ששון הקלה,,,קבוקים עם שומשום ששו,גרמים,400.00,100 גרם,false,,10.00,0.0250,true,1,4816
7290015652308,false,מנצס 300 גרם ששון הקולה,,,מנצ'ס ששון הקולה 300,גרמים,300.00,100 גרם,false,,10.00,0.0333,true,1,4817
7290015652315,false,חמוציות מסוכרות 300 גרם ששון הקולה,,,חמוציות מסוכרות ששון,גרמים,300.00,100 גרם,false,,10.00,0.0333,true,1,4818
7290015652322,false,בוטנים אמריקאיים מצופים 400 גר ששון הקלה,,,בוטנים אמריקאים מצופ,גרמים,400.00,100 גרם,false,,10.00,0.0250,true,1,4819
7290015652407,false,פיסטוק קלוי 250 גר דין שיווק,,,פיסטוק קלוי ששון הקו,גרמים,250.00,100 גרם,false,,20.00,0.0800,true,1,4826
7290015652605,false,פיסטוק קלוף 100 גרם השף,"דין שיווק וקליה בע""מ",,פיסטוק קלוף 100 גרם,גרמים,100.00,100 גרם,false,,21.90,0.2190,true,1,4838
7290015733229,false,מטרנה אקסטרה קר מהדרין שלב 2 700גר',,IL,מטרנה אקסטרה קר מהדר,גרמים,700.00,100 גרם,false,,59.90,0.0856,true,1,18795
7290015733243,false,מטרנה אקסטרה קר מהדרין שלב 3 700ג',,IL,מטרנה אקסטרה קר מהדר,גרמים,700.00,100 גרם,false,,59.90,0.0856,true,1,18796
7290015733977,false,מטרנה קומפורט 700 ג' HM-O,,,מטרנה קומפורט 700 גר,גרמים,700.00,100 גרם,false,,59.90,0.0856,true,1,121137
7290015759168,false,נרות חנוכה רגילים,,,נרות חנוכה רגילים,יח',1.00,יח',false,,2.50,2.5000,true,1,46539
7290015766005,false,שרי וויטני יחידה,,,שרי וויטני יחידה,גרמים,500.00,100 גרם,false,,9.90,0.0198,true,1,51003
7290015766029,false,שרי כתום יח',,,שרי כתום יח',גרמים,460.00,100 גרם,false,,9.90,0.0215,true,1,51004
7290015781008,false,"יין ויז'ן מרלו 750 מ""ל",יקב טפרברג 1870,,ויז'ן מרלו,מיליליטרים,750.00,"100 מ""ל",false,,39.90,0.0532,true,1,11824
7290015781015,false,"יין ויז'ן מלבק 750 מ""ל",יקב טפרברג 1870,,ויז'ן מלבק,מיליליטרים,750.00,"100 מ""ל",false,,39.90,0.0532,true,1,11825
7290015781091,false,"יין ויז'ן קברנה סובניון 750 מ""ל",יקב טפרברג 1870,,ויז'ן קברנה סובניון,מיליליטרים,750.00,"100 מ""ל",false,,39.90,0.0532,true,1,11828
7290015781121,false,"יין קברנה סוביניון יבש אימפרשן 750מ""ל",יקב טפרברג,IL,אימפרשן קברנה סובניו,מיליליטרים,750.00,"100 מ""ל",false,,49.90,0.0665,true,1,11831
7290015855143,false,שום קלוף,,,שום קלוף,גרמים,170.00,100 גרם,false,,11.90,0.0700,true,1,49373
7290015855181,false,ג'ינג'ר ארוז,,,ג'ינג'ר ארוז,יח',1.00,יח',false,,8.90,8.9000,true,1,49374
7290015855938,false,עלי בייבי 250 גר' אד,,,עלי בייבי 250 גר' אד,גרמים,300.00,100 גרם,false,,11.90,0.0397,true,1,124965
7290015858106,false,ממרח פסטו ביתי 180 ג' עללחם,"מדשא תעשיות מזון בע""",IL,ממרח פסטו ביתי עללחם,גרמים,180.00,100 גרם,false,,16.90,0.0939,true,1,23389
7290015858229,false,טפנד זיתי קלמטה עללחם 180 גרם,"מדשא תעשיות מזון בע""",IL,ממרח טפנד זיתי קלמטה,גרמים,180.00,100 גרם,false,,16.90,0.0939,true,1,23394
7290015865722,false,קונפיטורה לייט תות ש,ענבי ציון,IL,קונפיטורה לייט תות ש,גרמים,400.00,100 גרם,false,,19.90,0.0497,true,1,203307
7290015865746,false,קונפיטורה לייט פירות,,,קונפיטורה לייט פירות,גרמים,400.00,100 גרם,false,,19.90,0.0497,true,1,203309
7290015872096,false,חומוס שמיר אסלי 700 גר',,,חומוס אסלי שמיר 700,גרמים,700.00,100 גרם,false,,8.90,0.0127,true,1,17806
7290016006339,false,רביעיית מי עדן 1 ליטר,מופק ממקור בזלתי עדן,IL,מי עדן רביעייה 1 ליט,ליטרים,4.00,ליטר,false,,10.90,2.7250,true,1,11710
7290016006346,false,שישיית שרינק 500 מל שוופס סודה,יפאורה תבורי בעמ,IL,שוופס סודה שישייה 0.,ליטרים,3.00,ליטר,false,,13.90,4.6333,true,1,11711
7290016087123,false,רוטב עגבניות מתובל לפסטה 240 ג' פריניר,,,רוטב עגבניות מתובל ל,גרמים,240.00,100 גרם,false,,4.90,0.0204,true,1,41412
7290016087147,false,רוטב עגבניות לפיצה מרגריטה 240 ג' פריניר,,,רוטב עגבניות מתובל ל,גרמים,240.00,100 גרם,false,,4.90,0.0204,true,1,41413
7290016096491,false,נתחי טונה בהירה בשמן צמחי שלישיה *80ג' פילטונה,,IL,נתחי טונה בשמן צמחי,גרמים,240.00,100 גרם,false,,11.90,0.0496,true,1,26605
7290016096675,false,טונה בשמן זית פילטונ,,,טונה בשמן זית פילטונ,גרמים,240.00,100 גרם,false,,17.90,0.0746,true,1,26610
7290016096804,false,ממרח טונה פילטונה רב,,,ממרח טונה פילטונה רב,גרמים,160.00,100 גרם,false,,5.30,0.0331,true,1,151121
7290016096811,false,מארז ממרח טונה 4 * 160 ג' פילטונה,,,ממרח טונה פילטונה רב,גרמים,160.00,100 גרם,false,,19.90,0.1244,true,1,103487
7290016096934,false,מארז זוגות סלט טונה 2*160 ג' פילטונה,,,סלט טונה 2 יח' פילטו,גרמים,320.00,100 גרם,false,,11.90,0.0372,true,1,140850
7290016104271,false,ריבת חלב פוליבה 340 ג',,,ריבת חלב 340 גר`,גרמים,340.00,100 גרם,false,,12.90,0.0379,true,1,13283
7290016104295,false,ממרח תמרים 450 גרם.,,,ממרח תמרים 450 גרם.,גרמים,450.00,100 גרם,false,,5.90,0.0131,true,1,13284
7290016104417,false,ריבת טעם תות פוליבה 850 ג',,,"ריבה בטעם תות 850 ג""",גרמים,850.00,100 גרם,false,,13.90,0.0164,true,1,13287
7290016104615,false,סילאן סירופ תמרים פוליבה צנצנת 900 ג',,,סילאן תמרים 900 גרם,גרמים,900.00,100 גרם,false,,12.90,0.0143,true,1,13290
7290016104868,false,סירופ מייפל פוליבה 700 גר',,,סירופ בטעם מייפל 700,גרמים,700.00,100 גרם,false,,12.90,0.0184,true,1,13297
7290016106671,false,טונה בשמן 140 גרם טעמן,,,"טונה בשמן טעמן בד""ץ",גרמים,140.00,100 גרם,false,,5.30,0.0379,true,1,151095
7290016114300,false,נייר טואלט לילי לבן דאבל 16 גל=32 גל,,,לילי גליל כפול 16 גל,מטרים,588.00,מטר,false,,37.90,0.0645,true,1,9079
7290016136111,false,תערובת להכנת מאפים ללא גלוטן 500 G FREE,,,תערובת קמח להכנת לחם,גרמים,500.00,100 גרם,false,,16.90,0.0338,true,1,40084
7290016144000,false,"קמח חיטה מלאה נפלאות 80% 1 ק""ג","קמח מלכים בע""מ",IL,קמח חיטה 80% נפלאות,קילוגרמים,1.00,"ק""ג",false,,9.90,9.9000,true,1,47426
7290016144017,false,"קמח מלא נפלאות 100% ללא ניפוי 1 ק""ג",קמח מלכים,IL,קמח חיטה מלאה 100% נ,קילוגרמים,1.00,"ק""ג",false,,9.90,9.9000,true,1,47427
7290016144024,false,"קמח כוסמין מלא נפלאות 100% 1 ק""ג","קמח מלכים בע""מ",IL,קמח כוסמין מלא 100%,קילוגרמים,1.00,"ק""ג",false,,14.90,14.9000,true,1,47428
7290016144031,false,"קמח לבן מנופה נפלאות 1 ק""ג",,,קמח נפלאות חיטה לבן,קילוגרמים,1.00,"ק""ג",false,,6.90,6.9000,true,1,47429
7290016144048,false,"קמח כוסמין לבן נפלאות 1 ק""ג","קמח מלכים בע""מ",IL,קמח כוסמין לבן נפלאו,קילוגרמים,1.00,"ק""ג",false,,16.90,16.9000,true,1,47430
7290016150117,false,סלק מקולף בוואקום 50,חקלאי,IL,מעדן סלק בוואקום 500,גרמים,500.00,100 גרם,false,,5.90,0.0118,true,1,47290
7290016162233,false,קפולסקי עוגיות דיזרט פרמיום 200 גר',,,עוגיות דיזרט פרימיום,גרמים,200.00,100 גרם,false,,19.90,0.0995,true,1,39978
7290016197488,false,מטליות מיקרופייבר למשטחים ניקול 3יח',UFO INC,CN,מטלית קסם לשיש מארז,יחידה,0.00,יחידה,false,,11.90,0.0000,true,1,9092
7290016197877,false,ניקול שקיות לפחי מטבח קטנים 60 יח' M,,,שקית לפחי מטבח קטנים,יחידה,0.00,יחידה,false,,21.90,0.0000,true,1,9101
7290016217643,false,חמוצים שמיר סיני אסלי 400 גר',,,חמוצים סיני אסלי 400,גרמים,400.00,100 גרם,false,,12.90,0.0323,true,1,17812
7290016217759,false,חצילים בסגנון מרוקאי,"סלטי שמיר 2006 בע""מ",IL,חצילים בסגנון מרוקאי,גרמים,200.00,100 גרם,false,,12.90,0.0645,true,1,17815
7290016233384,false,גפילטע פיש 7 קציצות 540 גרם תומר,,,גפילטא פיש 7 קציצות,גרמים,555.00,100 גרם,false,,14.90,0.0268,true,1,25187
7290016246025,false,"בארכה ללת""ס פנוקיות חלבה 200 גר",רושדי תעשיות מזון בע,IL,בארכה פנוקיות חלבה ל,גרמים,200.00,100 גרם,false,,11.90,0.0595,true,1,18800
7290016246490,false,בארכה חלבה קלאסית 400 גרם,,IL,בארכה חלבה קלאסית 40,גרמים,400.00,100 גרם,false,,10.50,0.0263,true,1,18808
7290016270907,false,ברוקולי,,,ברוקולי,יח',1.00,יח',false,,8.90,8.9000,true,1,51006
7290016273090,false,סוכריה על מקל בטעם תות בננה 31 גרם,אוריגינל גורמה,US,סוכרית לוליפופ על מק,גרמים,31.00,100 גרם,false,,5.50,0.1774,true,1,4006
7290016304404,false,לחם קוביות 100% כוסמין 600 גרם,מאפיית דוידוביץ ובני,IL,לחם מלא כוסמין 100%,גרמים,600.00,100 גרם,false,,14.90,0.0248,true,1,315844
7290016304596,false,לחמניות לסנדביץ 75 גרם,מאפית דוידוביץ ובניו,IL,10 לחמניות לסנדוויץ,גרמים,750.00,100 גרם,false,,16.90,0.0225,true,1,316506
7290016321661,false,מגבונים פרש וואנס סנסיטיב קר רביעייה,עלבד משואות יצחק,IL,מגבוני פרש וואנס רבי,יחידה,0.00,יחידה,false,,15.90,0.0000,true,1,6048
7290016321678,false,מגבונים פרש וואנס נטורל קר רביעייה,עלבד משואות יצחק,IL,פרשוואנס רביעייה נטו,יחידה,0.00,יחידה,false,,15.90,0.0000,true,1,6049
7290016321890,false,פ.ו נייר טואלט מתכלה מבוגרים 40יח- שלישייה,עלבד משואות יצחק בעמ,IL,פרשוואנס נייר טואלט,יחידה,0.00,יחידה,false,,13.50,0.0000,true,1,6052
7290016329278,false,רביעייה מגבוני קמיל בלו 64 יח',,IL,מגבוני קמיל 64 יח` מ,יחידה,0.00,יחידה,false,,19.90,0.0000,true,1,29277
7290016334500,false,לבבות חסה זוגות בשקי,,,לבבות חסה זוגות בשקי,יח',1.00,יח',false,,9.90,9.9000,true,1,47794
7290016334692,false,בצל ירוק אדמה,,,בצל ירוק אדמה,יח',1.00,יח',false,,5.90,5.9000,true,1,35588
7290016370270,false,זית קלמטה מגולען 560 ג' -יבנה,,,זית קלמטה ללא גלעין,גרמים,560.00,100 גרם,false,,11.90,0.0213,true,1,105535
7290016370300,false,זית קלמטה שלם צנצנת יבנה,,,זית קלמטה שלם בצנצנת,גרמים,560.00,100 גרם,false,,14.90,0.0266,true,1,105394
7290016370959,false,חציל קלוי פירה בצנצנת ‏580‏ ג' יבנה,תאי פרזידנט פוד פאבל,IL,חציל קלוי על האש בצנ,גרמים,580.00,100 גרם,false,,9.90,0.0171,true,1,44783
7290016370973,false,פלפל קלוי גמביה בצנצנת 580 ג' ‏יבנה,קדבורי,IL,פלפל קלוי על האש בצ,גרמים,580.00,100 גרם,false,,9.90,0.0171,true,1,44784
7290016372373,false,רסק עגבניות גרנד איטליה מארז 140X2ג',,IT,רסק עגבניות איטליה ב,גרמים,280.00,100 גרם,false,,6.90,0.0246,true,1,24816
7290016372496,false,חליטת ג'יג'ר ודבש -סודות הצמחים 20 שקיקים,ויסוצקי,IL,סודות הצמחים ג'ינג'ר,גרמים,30.00,100 גרם,false,,17.90,0.5967,true,1,24823
7290016387841,false,אטבי כביסה ג`וי צבעוניים 50 יח',,,אטבי ג'וי צבעוניים,יחידה,0.00,יחידה,false,,10.50,0.0000,true,1,13586
7290016437645,false,תחתוני חיתולים האגיס פרידום דריי (5),קימברלי,CZ,האגיס פרידום דריי 32,יחידה,0.00,יחידה,false,,46.90,0.0000,true,1,9112
7290016437652,false,תחתוני חיתולים האגיס פרידום דריי (6),קימברלי,CZ,האגיס פרידום דריי 26,יחידה,0.00,יחידה,false,,46.90,0.0000,true,1,9113
7290016440881,false,ירקות חמוצים בטעם טב,,,ירקות חמוצים בטעם טב,גרמים,500.00,100 גרם,false,,19.90,0.0398,true,1,177952
7290016440911,false,מלפפונים ביתיים כבוש,,,מלפפונים ביתיים כבוש,גרמים,500.00,100 גרם,false,,19.90,0.0398,true,1,177938
7290016440928,false,ירקות כבושים חמוץ מת,מעדני עופר,IL,ירקות כבושים חמוץ מת,גרמים,500.00,100 גרם,false,,19.90,0.0398,true,1,177953
7290016509243,false,קפסולות פרסיל ג'ל 24,,,קפסולות פרסיל ג'ל 24,גרמים,600.00,100 גרם,false,,32.90,0.0548,true,1,34912
7290016509786,false,פרסיל - ג'ל כביסה ירוק 2.50 ליטר,,,פרסיל ג'ל 2.5 ליטר י,ליטרים,2.50,ליטר,false,,34.90,13.9600,true,1,34921
7290016509809,false,ג'ל מרוכז לכביסה קולור 2.5 ל' פרסיל,,,פרסיל ג'ל 2.5 ליטר ק,ליטרים,2.50,ליטר,false,,34.90,13.9600,true,1,34923
7290016509830,false,ג'ל כביסה מרוכז בייבי 2.5 ל' פרסיל,,,פרסיל ג'ל 2.5 ליטר ב,ליטרים,2.50,ליטר,false,,34.90,13.9600,true,1,34926
7290016509847,false,פרסיל ג'ל לכביסה בלאק 2.5 ליטר,,,פרסיל ג'ל 2.5 ליטר ב,ליטרים,2.50,ליטר,false,,34.90,13.9600,true,1,34927
7290016510898,false,"שמפו+מרכך הוואי פריחת הדובדבן 700 מ""ל",שוורצקוף& הנקל דיסלד,IL,שמפו פריחת הדובדבן ה,מיליליטרים,700.00,"100 מ""ל",false,,9.90,0.0141,true,1,8129
7290016513684,false,כיסונים כפרי במילוי בשר הודו 750 גרם,,,כיסונים כפריים במילו,גרמים,0.75,100 גרם,false,,29.90,39.8667,true,1,283478
7290016682038,false,"פריניב סחוט תפוזים 400מ""ל",פריניב,IL,"מיץ תפוזים 400 מ""ל פ",מיליליטרים,400.00,"100 מ""ל",false,,9.50,0.0238,true,1,49497
7290016682052,false,מיץ לימונענע פריניב 400 מל,פריניב,IL,"מיץ לימונענע 400 מ""ל",מיליליטרים,400.00,"100 מ""ל",false,,9.50,0.0238,true,1,49498
7290016682168,false,"מיץ תפוזים ולנסיה פרי ניב 400 מ""ל",,,מיץ תפוזים סחוט וולנ,מיליליטרים,400.00,"100 מ""ל",false,,8.90,0.0223,true,1,139094
7290016682328,false,מיץ תפוזים סחוט פרי ניב 2 ליטר-,,,פרי ניב מיץ תפוזים ט,ליטרים,2.00,ליטר,false,,20.60,10.3000,true,1,189713
7290016682373,false,משקה קל לימונדה בלאדי 2 ליטר פריניב,,,פרי ניב סחוט לימונדה,ליטרים,2.00,ליטר,false,,18.80,9.4000,true,1,189753
7290016682397,false,מיץ חמוציות פרי ניב 2 ליטר-,פריניב,IL,נקטר חמוציות פריניב,ליטרים,2.00,ליטר,false,,18.90,9.4500,true,1,189740
7290016682465,false,מיץ לימון 100% סחוט בקבוק זכוכית 250 מל,,,מיץ לימון לתיבול 100,מיליליטרים,250.00,"100 מ""ל",false,,9.90,0.0396,true,1,281587
7290016693058,false,"יין אמירים רזרב מרלו 750 מ""ל",,,יין אמירים מרלו 750,מיליליטרים,750.00,"100 מ""ל",false,,17.90,0.0239,true,1,11925
7290016693065,false,"יין אמירים רזרב רוזה 750 מ""ל",,,יין אמירים רזרב רוזה,מיליליטרים,750.00,"100 מ""ל",false,,17.90,0.0239,true,1,11926
7290016693072,false,"יין אמירים רזרב ריזלינג 750 מ""ל",,,יין אמירים ריזלינג 7,מיליליטרים,750.00,"100 מ""ל",false,,17.90,0.0239,true,1,11927
7290016693553,false,"סדרת עונות מרלו 750 מ""ל",,,יין עונות מרלו 750 מ,מיליליטרים,750.00,"100 מ""ל",false,,30.90,0.0412,true,1,11936
7290016717235,false,"יין קונקורד קינג דויד 187 מ""ל",,IL,קונקורד קינג דויד 1,מיליליטרים,187.00,"100 מ""ל",false,,5.90,0.0316,true,1,633
7290016717631,false,"יין לבן מוסקטו מבעבע פרייבט קולקשין 750 מ""ל",אגודת הכורמים הקואופ,IL,יין P.C מוסקטו יין,מיליליטרים,750.00,"100 מ""ל",false,,39.90,0.0532,true,1,637
7290016717754,false,"יין ישן נושן יקבי כרמל 750 מ""ל ^^^",אגודת הכורמים הקואופ,IL,"ישן נושן 750מ""ל.",מיליליטרים,750.00,"100 מ""ל",false,,18.90,0.0252,true,1,638
7290016717976,false,"יין BUZZ ספארקלינג אפרסק 750 מ""ל",,IL,יין באזז ספארקלינג א,מיליליטרים,750.00,"100 מ""ל",false,,27.90,0.0372,true,1,66129
7290016865943,false,אטריות ביצים פטוציני אוריינט 400 גרם,,,אטריות ביצים פטוצ'ינ,גרמים,400.00,100 גרם,false,,13.90,0.0348,true,1,3674
7290016866650,false,"פרודונטקס - משחת שיניים אוריג'ינל 75 מ""ל",DE MICLEN,SK,מש.שיניים אוריגינל פ,מיליליטרים,75.00,"100 מ""ל",false,,31.90,0.4253,true,1,4031
7290016867053,false,לחם קל כוסמין בתוספת מחמצת 450 גרם,,,לחם קל כוסמין בתוספת,גרמים,450.00,100 גרם,false,,18.90,0.0420,true,1,177325
7290016867152,false,פיתות קלות כוסמין 5 יחידות 330 גר,,,פיתות קלות כוסמין 29,גרמים,292.00,100 גרם,false,,13.90,0.0476,true,1,177386
7290016967074,false,לחם חיטה מלאה עם גרעינים ודגנים,מאפיית שלמה א. אנג'ל,IL,חיטה מלאה אנגל 750 ג,גרמים,750.00,100 גרם,false,,16.90,0.0225,true,1,35510
7290017023236,false,"משקה מוגז שוופס מיץ פירות ענבים מארז 330X4מ""ל",,,רביעיית משקה שוופס ב,ליטרים,1.32,ליטר,false,,13.90,10.5303,true,1,11732
7290017023663,false,"שוופס מיץ פירות לימונייד פחית מארז 330X4מ""ל",,,רביעיית משקה שוופס ל,ליטרים,1.32,ליטר,false,,13.90,10.5303,true,1,11747
7290017023809,false,"ספרינג אגס סברס תפוח רביעיה * 250 מ""ל",,IL,ספרינג אגס סברס תפוח,ליטרים,1.00,ליטר,false,,11.20,11.2000,true,1,11752
7290017023816,false,"ספרינג  פירות טרופיים 250 מ""ל רביעייה",,IL,ספרינג פירות טרופיים,ליטרים,1.00,ליטר,false,,11.20,11.2000,true,1,11753
7290017023823,false,"רביעיית ספרינג תות בננה 250 מ""ל",,IL,ספרינג תות בננה 250,ליטרים,1.00,ליטר,false,,11.20,11.2000,true,1,11754
7290017023854,false,"שוופס סודה מארז רביעייה 250 מ""ל",יפאורה תבורי בעמ,IL,"שוופס סודה 250 מ""ל ר",ליטרים,1.00,ליטר,false,,9.90,9.9000,true,1,11756
7290017031323,false,"אטריות ביצים פפרדלה 400 מ""ל",,,אטריות ביצים פפרדלה,גרמים,400.00,100 גרם,false,,13.90,0.0348,true,1,3676
7290017031705,false,"סנסודיין - משחת שיניים קלין&פרש 75 מ""ל",DE MICLEN,SK,משחת שיניים קלין&פרש,מיליליטרים,75.00,"100 מ""ל",false,,21.90,0.2920,true,1,4049
7290017058573,false,תומר פרוסות פלפל חלפיניו בחומץ 340 גרם,,,פרוסות פלפל חלפיניו,גרמים,340.00,100 גרם,false,,8.90,0.0262,true,1,25206
7290017062693,false,מרכך כביסה מרוכז לבן 1*5 ליטר טאצ,,,מרכך כביסה מרוכז טאצ,ליטרים,1.00,ליטר,false,,12.90,12.9000,true,1,105139
7290017062723,false,מרכך כביסה מרוכז ירוק 1*5 ליטר טאצ,,,מרכך כביסה מרוכז טאצ,ליטרים,1.00,ליטר,false,,12.90,12.9000,true,1,105140
7290017062730,false,"נ.כלים 36% לבנדר טאצ' +משאבה 750 מ""ל",,,נוזל כלים לבנדר 36%,מיליליטרים,750.00,"100 מ""ל",false,,8.90,0.0119,true,1,97255
7290017065007,false,פרוסות גבינה מוצרלה חצי קשה 22% שומן 200 ג' גד,מחלבות גד בעמ,IL,מוצרלה פרוסה חצי קש,גרמים,200.00,100 גרם,false,,19.60,0.0980,true,1,14721
7290017065137,false,גבינת ריקוטה למריחה 5% טבעית 200ג' גד,האי נאם סי או אל.טי.,IL,גבינה ריקוטה למריחה,גרמים,200.00,100 גרם,false,,10.90,0.0545,true,1,14724
7290017065144,false,גבינת ריקוטה למריחה 5% בזיליקום 200ג' גד,האי נאם סי או אל.טי.,IL,גבינה ריקוטה למריחה,גרמים,200.00,100 גרם,false,,10.90,0.0545,true,1,14725
7290017065212,false,גבינת קרם מסקרפונה מחלבות גד 250 גר,מיוצר עי קוד יצרן ED,IL,קרם מסקרפונה להקצפה,גרמים,250.00,100 גרם,false,,19.90,0.0796,true,1,14730
7290017065236,false,גבינה בולגרית מעודנת 24% גד 250 ג',הנסיך- מפעל לייצור ט,IL,בולגרית מעודנת 24% 2,גרמים,250.00,100 גרם,false,,23.90,0.0956,true,1,14731
7290017065526,false,גבינה קוואטרו פורמאג'י 300 גר',מחלבות גד בעמ,IL,גד קוואטרו פורמאג'י,גרמים,300.00,100 גרם,false,,30.90,0.1030,true,1,14748
7290017065731,false,גבינת שמנת עם כמהין 30% ניו יורק 200 ג',פ.פ.ח. שאביט,IL,גבינת שמנת ניו יורק,גרמים,200.00,100 גרם,false,,14.10,0.0705,true,1,128715
7290017065786,false,גבינת צ'דר אנגלית גד 210 ג',מחלבות גד,IL,גבינה אנגלית קשה צ'ד,גרמים,210.00,100 גרם,false,,21.90,0.1043,true,1,210990
7290017068350,false,עדשים שחורות בלוגה מיה 500 גר',מיה,IL,עדשים שחורות בלוגה מ,גרמים,500.00,100 גרם,false,,7.90,0.0158,true,1,221425
7290017068367,false,שמרים בוואקום 125 גרם,מיה,IL,מיה שמרים בוואקום 12,גרמים,125.00,100 גרם,false,,4.90,0.0392,true,1,15283
7290017068374,false,שמרים בוואקום 500 גרם,מיה,IL,מיה שמרים בוואקום 50,גרמים,500.00,100 גרם,false,,10.90,0.0218,true,1,15284
7290017068381,false,"ריבה משמש לל""ג מיה 370 גר' מיה",,,מעדן משמש 370 גר' לל,גרמים,370.00,100 גרם,false,,12.90,0.0349,true,1,58603
7290017068978,false,שיבולת שועל מלאה להכנה מהירה 500 גר',,,שיבולת שועל מלאה להכ,קילוגרמים,1.00,"ק""ג",false,,9.90,9.9000,true,1,268185
7290017088075,false,בייביסיטר - חיתולי סטנדרט מידה 4+ - 40 יח',,,חיתולי ביייביסיטר סט,יח',40.00,יח',false,,34.90,0.8725,true,1,271502
7290017088082,false,בייביסיטר - חיתולי סטנדרט מידה 5 - 36 יח',,,חיתולי ביייביסיטר סט,יח',36.00,יח',false,,34.90,0.9694,true,1,271503
7290017088099,false,בייביסיטר - חיתולי סטנדרט מידה 6 - 30 יח',,,חיתולי ביייביסיטר סט,יח',34.00,יח',false,,34.90,1.0265,true,1,271504
7290017088105,false,חיתולי בייביסיטר נוח,די.פי.אל תעשיות מוצר,IL,ביייביסיטר נוחות מיד,יח',40.00,יח',false,,34.90,0.8725,true,1,29565
7290017088112,false,חיתולי בייביסיטר נוחות 4 36 יח,די.פי.אל תעשיות מוצר,IL,ביייביסיטר נוחות מיד,יח',36.00,יח',false,,34.90,0.9694,true,1,29566
7290017088631,false,מגבוני תולי רביעייה ללא בישום 72X4 יח',,,מגבון Tooly רביעייה,יחידה,0.00,יחידה,false,,9.90,0.0000,true,1,61159
7290017088839,false,BREEZE תחבושות לבריחת שתן אקסטרה פלוס (8 יח'),,,תחבושות Breeze לבריח,יח',12.00,יח',false,,18.90,1.5750,true,1,137300
7290017088914,false,מגבונים בייביסיטר מבושם 66X6 יח',,,מגבונים מבושם בייביס,יחידה,0.00,יחידה,false,,16.90,0.0000,true,1,91799
7290017088969,false,חיתולי בייביסיטר NB מידה 1 42 יח',,,חיתולי בייביסיטר NB,יחידה,0.00,יחידה,false,,29.90,0.0000,true,1,183147
7290017090986,false,כירה חשמלית יחיד פלט,,,כירה חשמלית יחיד פלט,יחידה,0.00,יחידה,false,,99.90,0.0000,true,1,80583
7290017094854,false,סלט קולסלאו אסלי שמיר 400 ג',,,סלט קולסאו אסלי 400,גרמים,400.00,100 גרם,false,,10.90,0.0273,true,1,17668
7290017094861,false,חומוס עם רוטב מסבחה אסלי שמיר 400 ג',,,חומוס עם רוטב מסבחה,גרמים,400.00,100 גרם,false,,10.90,0.0273,true,1,17831
7290017105048,false,שלישייה שימורי טבעות זיתים יכין 200 גר,,IL,טבעות ירוקים זיתים י,גרמים,200.00,100 גרם,false,,11.90,0.0595,true,1,69113
7290017105062,false,גרגירי חומוס שלם יכין הקטניה הטובה 200 ג,היינץ צפון אמריקה מק,IL,חומוס 6OZ יכין 200 ג,גרמים,200.00,100 גרם,false,,3.90,0.0195,true,1,8751
7290017105079,false,שעועית ברוטב עגבניות 200 גרם יכין,היינץ צפון אמריקה מק,IL,שעועית אפויה 6OZ יכי,גרמים,200.00,100 גרם,false,,3.90,0.0195,true,1,8752
7290017105086,false,שימורי יכין שעועית צילי 200 גר,"זנלכל בע""מ",IL,שעועית צ'ילי 6OZ יכי,גרמים,200.00,100 גרם,false,,3.90,0.0195,true,1,8753
7290017105116,false,שימורי יכין תורמוס 200 גר,"זנלכל בע""מ",IL,תורמוס 6OZ יכין 200,גרמים,200.00,100 גרם,false,,3.90,0.0195,true,1,8756
7290017105123,false,שימורי פול יכין הקטניה הטובה 200 גר,היינץ צפון אמריקה מק,IL,פול מצרי 6OZ יכין 20,גרמים,200.00,100 גרם,false,,3.90,0.0195,true,1,8757
7290017105468,false,מארז שלישייה אפונה קטנה יכין 3*200 גר,קשקמט קונסרב הונגריה,IL,אפונה יכין 3*120 גרם,גרמים,360.00,100 גרם,false,,13.90,0.0386,true,1,8760
7290017105550,false,רביעיית רסק עגבניות 100% יכין 4X100 גרם,היינץ צפון אמריקה מק,IL,מאגדת רסק עגבניות יכ,גרמים,400.00,100 גרם,false,,11.90,0.0298,true,1,8761
7290017105895,false,גרגירי חומוס מסעדות יכין 550 גרם,זנלכל,IL,גרגרי חומוס מסעדות י,גרמים,550.00,100 גרם,false,,9.90,0.0180,true,1,78060
7290017106069,false,קוביות סלק יכין 550 גרם,היינץ צפון אמריקה מק,IL,קוביות סלק יכין 550,גרמים,550.00,100 גרם,false,,9.90,0.0180,true,1,60904
7290017121093,false,אריסה חריפה עללחם 250 גרם,"מדשא תעשיות מזון בע""",IL,ממרח אריסה חריפה עלל,גרמים,250.00,100 גרם,false,,14.90,0.0596,true,1,23398
7290017142012,false,שמן קוקוס אורגני כתית 500 גר עץ הזית,,,שמן קוקוס אורגני כתי,מיליליטרים,500.00,"100 מ""ל",false,,40.90,0.0818,true,1,29370
7290017142128,false,"שמן זית כתית מעולה קלאסי עץ הזית 750 מ""ל",,IL,שמן זית כתית מעולה ק,מיליליטרים,750.00,"100 מ""ל",false,,33.90,0.0452,true,1,29377
7290017142166,false,פילה טונה פרוס עם שמן זית עץ הזית 120 גר,יוניקורד ח.צ בעמ,TH,פילה טונה פרוס עם בש,גרמים,120.00,100 גרם,false,,14.90,0.1242,true,1,29379
7290017142234,false,פתיתי טונה בשמן זית טעם מעושן טו גו 85 ג,,TH,פתיתי טונה בהירה בשמ,גרמים,85.00,100 גרם,false,,9.90,0.1165,true,1,29382
7290017142258,false,נתחי טונה בשמן זית עץ הזית 100 גרם,,TH,טונה בהירה בשמן זית,גרמים,100.00,100 גרם,false,,7.90,0.0790,true,1,29384
7290017142289,false,"תרסיס שמן חמניות לל""ת גז עץ הזית 200מ""ל",,IL,תרסיס שמן חמניות עץ,מיליליטרים,200.00,"100 מ""ל",false,,15.90,0.0795,true,1,29386
7290017142388,false,שמן חמניות פלוס אומגה 3 - 1 ליטר,,IL,שמן חמניות פלוס אומג,ליטרים,1.00,ליטר,false,,15.90,15.9000,true,1,29394
7290017142401,false,קינואה לבנה ואדומה עם טונה בשמן זית 160 ג',ג'נרל מילס סאן אדריא,TH,קינואה לבנה ואדומה ע,גרמים,160.00,100 גרם,false,,13.90,0.0869,true,1,93839
7290017142418,false,ארוחה אורז עם עדשים טונה בשמן זית 160 גר',יוניקורד ח.צ בעמ,TH,אורז עדשים עם טונה ב,גרמים,160.00,100 גרם,false,,13.90,0.0869,true,1,29396
7290017232218,false,לחם קלאסי מופחת פחמימות איטסיין 430 גרם,,,לחם eatsane קלאסי דו,גרמים,430.00,100 גרם,false,,24.90,0.0579,true,1,316066
7290017232225,false,לחם גלילי מופחת פחמימות איטסיין 450 גרם,,,לחם eatsane גלילי 45,גרמים,450.00,100 גרם,false,,24.90,0.0553,true,1,316089
7290017232263,false,לחם עם מחמצת איטסיין,,,לחם עם מחמצת איטסיין,גרמים,430.00,100 גרם,false,,29.90,0.0695,true,1,322247
7290017266046,false,וופל חטיף קראנצ' שוקולד בשקית 30 יח',,,חטיף וופל קראנצ במיל,גרמים,600.00,100 גרם,false,,17.90,0.0298,true,1,41421
7290017266725,false,וופל קראנצ' במילוי בטעם שוקולד 30 יח',,,חטיף וופל קראנצ' במ,גרמים,480.00,100 גרם,false,,17.90,0.0373,true,1,99315
7290017275413,false,מיני קצפיות בטעם וניל אחוה 140 גרם,,,מיני קצפיות בטעם וני,גרמים,140.00,100 גרם,false,,8.90,0.0636,true,1,231885
7290017275420,false,מיני קצפיות בטעם תות אחוה 140 גרם,,,מיני קצפיות בטעם תות,גרמים,140.00,100 גרם,false,,8.90,0.0636,true,1,231886
7290017275437,false,מיני קצפיות בטעם פירות יער אחוה 140 גרם,,,מיני קצפיות בטעם פיר,גרמים,140.00,100 גרם,false,,8.90,0.0636,true,1,231887
7290017275444,false,מיני קצפיות בטעם ענבים אחוה 140 גרם,,,מיני קצפיות בטעם ענב,גרמים,140.00,100 גרם,false,,8.90,0.0636,true,1,231888
7290017304885,false,לחם שיפון מחיטה מלאה ללא תוספת סוכר 750 ג' אנג'ל,,,לחם שיפון וחיטה מלאה,גרמים,750.00,100 גרם,false,,16.90,0.0225,true,1,35516
7290017374390,false,סט שרותים מיוחד PINA,,,סט לשרותים TORINO (,יחידה,0.00,יחידה,false,,24.90,0.0000,true,1,13589
7290017440965,false,אל סבון לידיים קמיל בלו ניקיון ולחות 1 ל,,IL,אל סבון ניקיון ולחות,ליטרים,1.00,ליטר,false,,15.90,15.9000,true,1,29335
7290017457628,false,גל כביסה סוד טוטאל כחול 2.5 ליטר,הנקל סוד,IL,ג'ל כביסה סוד כחול,ליטרים,2.50,ליטר,false,,24.90,9.9600,true,1,69249
7290017457710,false,"מרכך כביסה מרוכז ארומתרפי סגול 900 מ""ל סוד",,IL,מרכך כביסה מרוכז סוד,מיליליטרים,900.00,"100 מ""ל",false,,11.90,0.0132,true,1,34944
7290017457727,false,"סוד - מרכך כביסה מרוכז פרש סקיי 900 מ""ל",הנקל סוד,IL,מרכך כביסה מרוכז סוד,מיליליטרים,900.00,"100 מ""ל",false,,11.90,0.0132,true,1,34945
7290017457925,false,סוד מרכך כביסה מרוכז פרש קונטרול ורוד,,IL,מרכך כביסה מרוכז סוד,מיליליטרים,900.00,"100 מ""ל",false,,11.90,0.0132,true,1,97568
7290017457932,false,סוד מרכך כביסה מרוכז פרש קונטרול כחול,,IL,מרכך כביסה מרוכז סוד,מיליליטרים,900.00,"100 מ""ל",false,,11.90,0.0132,true,1,97569
7290017589633,false,"רזרב גולד אדישיין קברנה סוביניון 750 מ""ל",,IL,יין רזרב קברנה גולד,מיליליטרים,750.00,"100 מ""ל",false,,48.90,0.0652,true,1,9557
7290017599250,false,סוכרזית קלאסי 120 שקיות,ביסקול בע''מ,IL,סוכרזית קלאסי ממתיק,גרמים,120.00,100 גרם,false,,16.90,0.1408,true,1,290491
7290017599267,false,סוכרזית סוכרלוז 120 שקיות,ביסקול בע''מ,IL,סוכרזית סוכרלוז ממתי,גרמים,120.00,100 גרם,false,,24.90,0.2075,true,1,293204
7290017617046,false,נתחי טונה בשמן זית כתית מעולה רביעיה * 140 ג',,,טונה בשמן זית סטארקי,גרמים,560.00,100 גרם,false,,24.90,0.0445,true,1,26719
7290017617091,false,סטארקיסט מיקס טוגו טונה עם פתיתים 185 גרם,דרדנל אוננטאס גידה,TR,סטארקיסט מיקס 185 גר,גרמים,185.00,100 גרם,false,,12.90,0.0697,true,1,189458
7290017617107,false,סטארקיסט מיקס טוגו טונה עם 4 דגנים 185 גרם,"איטיליאן פוד, אס.פי.",TR,סטארקיסט מיקס 185 גר,גרמים,185.00,100 גרם,false,,12.90,0.0697,true,1,189459
7290017618111,false,עוגיות שקדים עם טריפל שוקולד 200 גר לחמי,,IL,עוגיות מלבן שקדים עם,גרמים,180.00,100 גרם,false,,18.90,0.1050,true,1,24855
7290017637624,false,מרכך יומיומי יסמין קסום 500 מל בוגנים,,,שמפו לשיער רגיל 500,מיליליטרים,500.00,"100 מ""ל",false,,24.90,0.0498,true,1,256109
7290017641744,false,"כרמית איגלו סטיקס 800 מ""ל",HIQ FOOD PRODUCTS,IL,איגלו סטיקס כרמית 8*,גרמים,800.00,100 גרם,false,,5.50,0.0069,true,1,68864
7290017641997,false,"שוקולד 70% לל""ס שברי אגוז לוז 100ג*12בדיס*2 בקר",כרמית,IL,שוקולד מריר מעולה עם,גרמים,100.00,100 גרם,false,,9.90,0.0990,true,1,230969
7290017677804,false,"רוטב סויה קיקומן 444 מ""ל",קיקומן,US,קיקומן רוטב סויה ללא,מיליליטרים,444.00,"100 מ""ל",false,,19.90,0.0448,true,1,5347
7290017682099,false,מקל טיטניום 1.3 מטר,,,מקל טיטניום 1.3 מטר,יחידה,0.00,יחידה,false,,5.90,0.0000,true,1,52004
7290017682617,false,מגב קלינג CLING עם ת,,,מגב קלינג CLING עם ת,יחידה,0.00,יחידה,false,,15.90,0.0000,true,1,13590
7290017682624,false,"מגב קלינג עם תפסן 50 ס""מ",,,מגב קלינג CLING עם ת,יחידה,0.00,יחידה,false,,18.90,0.0000,true,1,291493
7290017715834,false,A2 זית נובו מבוקע ג.מאוד תומר 560 גרם,,IL,זית נובו מבוקע ג.מאו,גרמים,560.00,100 גרם,false,,10.90,0.0195,true,1,63289
7290017746135,false,מארז 10 פיתות ביס כוסמין,,,10 מיני פיתות כוסמין,גרמים,500.00,100 גרם,false,,13.90,0.0278,true,1,316553
7290017746197,false,6 לחמניות המבורגר מא,,IL,6 לחמניות המבורגר מא,גרמים,600.00,100 גרם,false,,16.90,0.0282,true,1,316355
7290017746258,true,פרנה לחם מרוקאי מסור,,,פרנה לחם מרוקאי מסור,גרמים,400.00,100 גרם,false,,13.90,0.0348,true,1,316576
7290017812380,false,תירוש מיץ ענבים אדום,,,תירוש מיץ ענבים אדום,מיליליטרים,750.00,"100 מ""ל",false,,12.90,0.0172,true,1,649
7290017812571,false,יין תירוש אדום 100%ה טבעי 1 ליטר,"כד בני דרום בע""מ",IL,תירוש מיץ ענבים אדום,ליטרים,1.00,ליטר,false,,19.90,19.9000,true,1,52393
7290017812588,false,יין תירוש לבן 100%ה טבעי 1 ליטר,"כד בני דרום בע""מ",IL,תירוש מיץ ענבים לבן,ליטרים,1.00,ליטר,false,,19.90,19.9000,true,1,52601
7290017812618,false,תירוש מיץ ענבים רוזה 1 ליטר,,IL,מיץ ענבים רוזה תירוש,ליטרים,1.00,ליטר,false,,19.90,19.9000,true,1,66151
7290017812830,false,"יין רוזה פרייבט קולקשיין 750 מ""ל","כד בני דרום בע""מ",IL,יין רוזה פרייבט קולק,מיליליטרים,750.00,"100 מ""ל",false,,39.90,0.0532,true,1,159288
7290017812847,false,"יין סלקטד פרנץ' גוורצטרמינר 750 מ""ל","כד בני דרום בע""מ",IL,סלקטד פרנץ קולומברד,מיליליטרים,750.00,"100 מ""ל",false,,29.90,0.0399,true,1,108253
7290017812861,false,יין וינו לבן יבש יקב,,,יין וינו לבן יבש יקב,מיליליטרים,750.00,"100 מ""ל",false,,21.90,0.0292,true,1,159314
7290017812878,false,"יין אקסלנס רוזה 750 מ""ל",,,יין רוזה אקסלנס יקבי,מיליליטרים,750.00,"100 מ""ל",false,,25.90,0.0345,true,1,159301
7290017812977,false,"יין מבעבע באזז אננס יקבי כרמל 750 מ""",,IL,יין באזז אננס יקבי כ,מיליליטרים,750.00,"100 מ""ל",false,,27.90,0.0372,true,1,140662
7290017816135,false,פריכיות כוסמין מקור הכוסמין 90 גר,זן-בר,IL,פריכיות כוסמין ללא ת,גרמים,90.00,100 גרם,false,,9.90,0.1100,true,1,211862
7290017871974,false,ג'ילי בטעם תות שדה 2,,,ג'ילי בטעם תות שדה 2,גרמים,25.00,100 גרם,false,,10.90,0.4360,true,1,99493
7290017872001,false,"קרם החתלה פרשוואנס שמן זית ופרופוליס 100 סמ""ק",,IL,משחת החתלה פרשוואנס,מיליליטרים,100.00,"100 מ""ל",false,,12.50,0.1250,true,1,67871
7290017872070,false,מארז מגבונים לחים בניחוח מרענן פרש וואנס שלישייה,ווטנאפס,IL,פרשוואנס מגבונים מאר,יחידה,0.00,יחידה,false,,12.90,0.0000,true,1,266441
7290017872193,false,טוסו עוגיות שקדים וקינמון ללא סוכר 200 גרם,היינץ צפון אמריקה מק,IL,עוגיות שקדים וקינמון,גרמים,200.00,100 גרם,false,,14.90,0.0745,true,1,70412
7290017872872,false,בייביביס חטיפי דגנים אפויים לתינוקות בטעם גזר וסלק,,IL,חטיפי דגנים אפויים ל,גרמים,40.00,100 גרם,false,,12.90,0.3225,true,1,226624
7290017873008,false,שקיות להקפאה גלילונית 275 יח',,,גלילונית שקיות רב שי,יחידה,0.00,יחידה,false,,11.90,0.0000,true,1,196262
7290017873039,false,מארז זוג שקיות לסנדוויץ גלילונית 2*160 יח',,,גלילונית שקיות אוכל,יחידה,0.00,יחידה,false,,10.90,0.0000,true,1,196287
7290017888095,false,"שוופס מוגז עדין פירות יער פחיות רביעייה 330 מ""ל",,IL,רביעיית מ.עדין שוופס,ליטרים,1.32,ליטר,false,,9.90,7.5000,true,1,11773
7290017888101,false,"שוויפס מוגז עדין אפרסק מארז רביעייה* 330 מ""ל",,IL,רביעיית מ.עדין שוופס,ליטרים,1.32,ליטר,false,,9.90,7.5000,true,1,11774
7290017888248,false,תרומה מי עדן 1 ל' פ,,,תרומה מי עדן 1 ל' פ,ליטרים,1.00,ליטר,false,,5.00,5.0000,true,1,115120
7290017888729,false,שוופס סודה בקבוק 1 ל',"יפאורה תבורי בע""מ",IL,שוופס סודה 1 ליטר,ליטרים,1.00,ליטר,false,,4.50,4.5000,true,1,67405
7290017888910,false,"תפוזינה לימונענע 500 מ""ל",,,משקה לימונענע Move ת,מיליליטרים,500.00,"100 מ""ל",false,,5.40,0.0108,true,1,132980
7290017888972,false,בקבוק מי עדן פקק ספורט 1 ליטר,מופק ממקור בזלתי עדן,IL,מי עדן פקק ספורט 1 ל,ליטרים,1.00,ליטר,false,,4.90,4.9000,true,1,71686
7290017917283,false,"מגבוני קמיל בלו ד""ר פישר ללא בישום רביעי",,IL,מגבוני קמיל 64 יח` מ,יחידה,0.00,יחידה,false,,19.90,0.0000,true,1,108277
7290017917450,false,קמיל בלו סנסיטיב אל סבון ושמפו צמחי מרפא 1 ל',,IL,קמיל בלו סנסטיב אל ס,יחידה,0.00,יחידה,false,,33.90,0.0000,true,1,29338
7290017928036,false,מאיר בייגל מקלות גריסיני שומשום 175 ג',,IL,מקלות גריסיני שומשום,גרמים,175.00,100 גרם,false,,11.90,0.0680,true,1,5348
7290017928043,false,מאיר בייגל גריסיני קראנץ' מלח 175 ג',,IL,גריסיני קראנץ' מלח מ,גרמים,175.00,100 גרם,false,,11.90,0.0680,true,1,5349
7290017928098,false,שטוחלה מלח מאיר בייגל 330 ג',מאיר בייגל,IL,בייגלה שטוח מלח מאיר,גרמים,330.00,100 גרם,false,,11.90,0.0361,true,1,179348
7290017928616,false,מאיר בייגלה שטוחלה שומשום 300 ג',,IL,שטוחלה שומשום מאיר ב,גרמים,300.00,100 גרם,false,,11.90,0.0397,true,1,5360
7290017928661,false,מאיר בייגל -סמאש-שבורים בטעם צ'דר 300 גרם,,BG,שברי בייגלה בטעם צ'ד,גרמים,300.00,100 גרם,false,,12.90,0.0430,true,1,113769
7290017928746,false,פירורי בייגלה מאיר בייגל 200 גר,,,פירורי בייגלה מאיר ב,גרמים,200.00,100 גרם,false,,6.90,0.0345,true,1,231628
7290017928807,false,בייגלה אצבעות עם שומשום 300גרם - חדש,,IL,אצבעות שומשום מאיר ב,גרמים,300.00,100 גרם,false,,11.90,0.0397,true,1,5363
7290017928821,false,מאיר בייגל מקלות גריסיני קלאסי 200 ג',,IL,מקלות גריסיני קלאסי,גרמים,200.00,100 גרם,false,,11.90,0.0595,true,1,5365
7290017941103,false,מזלגות 100 יח' לבן,,,מזלגות 100 יח' לבן,יחידה,0.00,יחידה,false,,7.90,0.0000,true,1,141291
7290017941226,false,מזלגות 40 יח' עבה במ,,,מזלגות 40 יח' עבה במ,יחידה,0.00,יחידה,false,,7.90,0.0000,true,1,118937
7290017941264,false,מזלגות 40 יח' עבה במ,,,מזלגות 40 יח' עבה במ,יחידה,0.00,יחידה,false,,7.90,0.0000,true,1,118924
7290017941288,false,נר נשמה 24 שעות,,,נר נשמה 24 שעות,יחידה,0.00,יחידה,false,,1.90,0.0000,true,1,154457
7290017941295,false,שישיית נרות נשמה,,,שישיית נרות נשמה,יחידה,0.00,יחידה,false,,10.90,0.0000,true,1,165458
7290017941318,false,נר נשמה 72 שעות בזכו,,,נר נשמה 72 שעות בזכו,יחידה,0.00,יחידה,false,,5.50,0.0000,true,1,154471
7290017941325,false,נר נשמה 7 ימים בזכוכ,,,נר נשמה 7 ימים בזכוכ,יחידה,0.00,יחידה,false,,9.90,0.0000,true,1,156341
7290017941356,false,נר שבת 72 יח',,,נר שבת 72 יח',יחידה,0.00,יחידה,false,,31.90,0.0000,true,1,165429
7290017941370,false,להבונים 50 יח' 3 שעו,,,להבונים 50 יח' 3 שעו,יחידה,0.00,יחידה,false,,9.90,0.0000,true,1,154473
7290017941400,false,כוסות 4OZ אספרסו 50,,,כוסות 4OZ אספרסו 50,יחידה,0.00,יחידה,false,,9.90,0.0000,true,1,144115
7290017941455,false,כוסות 9oz לשתיה חמה,,,כוסות 9oz לשתיה חמה,יחידה,0.00,יחידה,false,,14.90,0.0000,true,1,132622
7290017941462,false,כוסות שתיה חמה 8B י,,,כוסות שתיה חמה 8B י,יחידה,0.00,יחידה,false,,9.90,0.0000,true,1,125402
7290017941684,false,מארז תבניות רוסטר ענ,,,מארז תבניות רוסטר ענ,יחידה,0.00,יחידה,false,,12.90,0.0000,true,1,118348
7290017941691,false,מפת שולחן מהודרת 270,,,מפת שולחן מהודרת 270,יחידה,0.00,יחידה,false,,8.90,0.0000,true,1,154487
7290017941776,false,מארז צלחות מהודר 20+,,,מארז צלחות מהודר 20+,יחידה,0.00,יחידה,false,,55.90,0.0000,true,1,115530
7290017941813,false,קיסמי במבוק בעטיפה א,,,קיסמי במבוק בעטיפה א,יחידה,0.00,יחידה,false,,4.90,0.0000,true,1,120982
7290017941820,false,כוסות שתיה קרה כחול,,,כוסות שתיה קרה כחול,יחידה,0.00,יחידה,false,,13.90,0.0000,true,1,111901
7290017941844,false,מגש איכותי מרובע 12*,,,מגש איכותי מרובע 12*,יחידה,0.00,יחידה,false,,14.90,0.0000,true,1,111914
7290017941851,false,מגש איכותי מרובע 9*1,,,מגש איכותי מרובע 9*1,יחידה,0.00,יחידה,false,,6.90,0.0000,true,1,111915
7290017941875,false,קערת פלסטיק עגולה 9.,,,קערת פלסטיק עגולה 9.,יחידה,0.00,יחידה,false,,8.90,0.0000,true,1,111917
7290017941912,false,שיפודי במבוק עובי 5,,,שיפודי במבוק עובי 5,יחידה,0.00,יחידה,false,,5.90,0.0000,true,1,120984
7290017941929,false,"שיפודי יקטורי 18 ס""מ",,,"שיפודי יקטורי 18 ס""מ",יחידה,0.00,יחידה,false,,7.90,0.0000,true,1,120985
7290017941943,false,שיפודי במבוק עובי 3,,,שיפודי במבוק עובי 3,יחידה,0.00,יחידה,false,,2.90,0.0000,true,1,120986
7290017941967,false,שקיות אוכל XL 300 י,,,שקיות אוכל XL 300 י,יחידה,0.00,יחידה,false,,8.90,0.0000,true,1,146907
7290017941998,false,שיפודים רחבים לקבב 9,,,שיפודים רחבים לקבב 9,יחידה,0.00,יחידה,false,,5.90,0.0000,true,1,120987
7290017946368,false,סוד סבון 4 כדוריות לאסלה אוקיינוס 3*50 ג,,,סוד כדוריות לאסלה P.,גרמים,150.00,100 גרם,false,,16.90,0.1127,true,1,107777
7290017947105,false,לחם בסגנון אמריקה 500 גר',מאפיית שלמה א. אנג'ל,IL,לחם בסגנון אמריקה אנ,גרמים,500.00,100 גרם,false,,14.90,0.0298,true,1,35517
7290017947464,false,מארז 8 פיתות מקמח כוסמין מלא 400ג',"איטיליאן פוד, אס.פי.",IL,שמיניית פיתות כוסמין,גרמים,400.00,100 גרם,false,,15.90,0.0398,true,1,89389
7290017947891,false,לחם כוסמין וחיטה מלאה 750 ג' אנג'ל,מאפיית שלמה א. אנג'ל,IL,לחם כוסמין וחיטה מלא,גרמים,750.00,100 גרם,false,,16.90,0.0225,true,1,35518
7290017947921,true,מארז לחמניות המבורגר,,,מארז לחמניות המבורגר,גרמים,450.00,100 גרם,false,,14.90,0.0331,true,1,68884
7290018023020,false,זיתים בסגנון שחור מרוקאי 215 ג' סבא חביב,,,זית שחור מרוקאי סבא,גרמים,215.00,100 גרם,false,,11.90,0.0553,true,1,52368
7290018023495,false,טחינה גולמית 500ג' סבא חביב,,,טחינה גולמית סבא חבי,גרמים,500.00,100 גרם,false,,14.90,0.0298,true,1,274366
7290018043196,false,פראוד - חטיף חלבון בטעם שוקולד לבן עוגיות 60 גרם,הרת'סייד פוד סולושיי,NL,חטיף חלבון בטעם שוקו,גרמים,60.00,100 גרם,false,,13.90,0.2317,true,1,241520
7290018045084,false,דגנים במילוי קרם בטעם בראוניז 480 ג' BON & BON,,DE,דגנים במילוי קרם ברא,גרמים,480.00,100 גרם,false,,23.90,0.0498,true,1,209806
7290018045503,false,דגני בוקר הלו קיטי לבבות 311 גר MONDAY,,DE,דגני חיטה ואורז בטעם,גרמים,311.00,100 גרם,false,,25.90,0.0833,true,1,320819
7290018045695,false,דגנים במילוי קרם קרמל מלוח 480 ג' BON & BON,,DE,דגנים במילוי קרם קרמ,גרמים,480.00,100 גרם,false,,23.90,0.0498,true,1,209808
7290018045893,false,בון בון דגנים במילוי קרם נוגט 480 גרם,,DE,דגנים במילוי קרם נוג,גרמים,480.00,100 גרם,false,,23.90,0.0498,true,1,209809
7290018091029,false,מקלות פילו תפוחי אדמה מעדנות 450 ג',"מעדנות בע""מ",IL,מקלות פילו תפוח אדמה,גרמים,450.00,100 גרם,false,,14.90,0.0331,true,1,76879
7290018091616,false,מקלות פילו גבינה מעדנות 450 ג',מיוצר עי קונדיטוריית,IL,מקלות פילו גבינה 450,גרמים,450.00,100 גרם,false,,14.90,0.0331,true,1,76880
7290018091661,false,פיצה ירקות שוק מעדנות 330 גרם,"מעדנות בע""מ",IL,פיצה שוק ירקות מעדנו,גרמים,380.00,100 גרם,false,,19.90,0.0524,true,1,194496
7290018098486,false,פיצה מרגריטה 350 גרם MILK FREE,נטורל קייקס,IL,פיצה משפחתית מרגריטה,גרמים,350.00,100 גרם,false,,21.90,0.0626,true,1,268224
7290018127414,false,מצות בצל ללא גלוטן כ,,,מצות בצל ללא גלוטן כ,גרמים,300.00,100 גרם,false,,26.90,0.0897,true,1,52184
7290018131879,false,אקסטרים טילון ריבת חלב מאגדת 6 יח 432 גר,גלידות נסטלה (נגה גל,IL,אקסטרים מאגדת טילון,גרמים,432.00,100 גרם,false,,36.90,0.0854,true,1,136804
7290018132388,false,מטרנה גולד בדץ שלב2 700גר,,IL,מטרנה גולד בדץ שלב 2,גרמים,700.00,100 גרם,false,,75.90,0.1084,true,1,275620
7290018194065,false,אורז בסמטי 1 קילו PRIMO,,,אורז בסמטי 1 קילו PR,קילוגרמים,1.00,"ק""ג",false,,9.90,9.9000,true,1,287493
7290018213476,false,כף אשפה מתקפל GLOW (,,,כף אשפה מתקפל GLOW (,יחידה,0.00,יחידה,false,,17.90,0.0000,true,1,291595
7290018225011,false,קומקום חשמלי נשלף פל,,,קומקום חשמלי נשלף פל,יחידה,0.00,יחידה,false,,79.90,0.0000,true,1,80595
7290018225851,false,מסחטת הדרים חשמלית,,,מסחטת הדרים חשמלית,יחידה,0.00,יחידה,false,,64.90,0.0000,true,1,80636
7290018237281,false,נקניק סלמי ירדן 550 ג' עוף טוב,,,נקניק סלמי ירדן עוף,גרמים,550.00,100 גרם,false,,21.90,0.0398,true,1,176472
7290018237410,false,עוף טוב פסטרמה במעשנה נתח שלם 8*300 גרם,מולינו ניקולי s.p.a,IL,פסטרמה במעשנה נתח של,גרמים,300.00,100 גרם,false,,27.90,0.0930,true,1,153518
7290018237502,false,עוף טוב דק דק כתף בק,עוף טוב,IL,עוף טוב דק דק כתף בק,גרמים,200.00,100 גרם,false,,20.90,0.1045,true,1,201718
7290018237922,false,עוף טוב שניצלונים ציפוי צ'יפס 700 גרם,,IL,שניצלונים ציפוי ציפס,גרמים,700.00,100 גרם,false,,19.90,0.0284,true,1,273162
7290018237939,false,שניצלונים ציפוי שומשום עוף טוב 700 גרם,,IL,שניצלונים ציפוי שומש,גרמים,700.00,100 גרם,false,,19.90,0.0284,true,1,273175
7290018237960,false,עוף טוב כתף בקר עסיסי 265גרם,,,כתף בקר עסיסי עוף טו,גרמים,265.00,100 גרם,false,,24.90,0.0940,true,1,289902
7290018249055,false,ממתיק סוויטאנגו 100 שקיות 300 גר,,,כמו סוכר באריזה אישי,גרמים,300.00,100 גרם,false,,33.90,0.1130,true,1,75003
7290018249086,false,סוויטאנגו ממרח בטעם,,,סוויטאנגו ממרח בטעם,גרמים,350.00,100 גרם,false,,32.90,0.0940,true,1,320889
7290018249154,false,ממרח קקאו סוויטאנגו 350 גר,,,ממרח שוקולד עם אגוזי,גרמים,350.00,100 גרם,false,,32.90,0.0940,true,1,320890
7290018249802,false,ממתיק סוויטאנגו 280 גר,מתבל,IL,כמו סוכר באריזת צנצנ,קילוגרמים,280.00,"ק""ג",false,,27.90,0.0996,true,1,75006
7290018344125,false,חטיף חלבון אגוזי לוז קקאו טבע ירוק 50 גר,טבע ירוק,IL,חטיף חלבון אגוזי לוז,גרמים,50.00,100 גרם,false,,9.90,0.1980,true,1,184278
7290018359334,false,רכז עגבניות טבעי פריכוז שף יכין 580 גרם,,IL,רכז עגבניות טבעי פרי,גרמים,580.00,100 גרם,false,,9.90,0.0171,true,1,93734
7290018359495,false,תירס מהשדה בלי תוספת סוכר יכין 550 גרם,היינץ צפון אמריקה מק,IL,תירס מהשדה בלי תוספת,גרמים,550.00,100 גרם,false,,8.90,0.0162,true,1,93757
7290018359686,false,חומוס ענק יכין 550 גרם,היינץ צפון אמריקה מק,IL,חומוס ענק יכין 550 ג,גרמים,550.00,100 גרם,false,,9.90,0.0180,true,1,168995
7290018359853,false,עדשים שחורות יכין 400 גרם,"זנלכל בע""מ",IL,עדשים שחורות יכין 40,גרמים,400.00,100 גרם,false,,7.90,0.0198,true,1,168982
7290018359860,false,רסק עגבניות ליקופן טבעי יכין 200 גר*2,,,רסק עגבניות ליקופן י,גרמים,400.00,100 גרם,false,,10.00,0.0250,true,1,214225
7290018359877,false,רסק עגבניות טבעי יכין 200 גר*3,יכין,IL,רסק עגבניות טבעי יכי,גרמים,600.00,100 גרם,false,,15.90,0.0265,true,1,214238
7290018380871,false,פטיסון כבוש 670 גרם תומר,,,פטיסון כבוש שלם תומר,גרמים,670.00,100 גרם,false,,12.90,0.0193,true,1,234406
7290018440445,false,טונה קאלוו בשמן זית 160 גר,,,נתחי טונה בהירה בשמן,גרמים,160.00,100 גרם,false,,16.90,0.1056,true,1,266026
7290018440490,false,סלט טונה קאלוו עם קוסקוס 150 גר,,,סלט טונה עם ירקות וק,גרמים,150.00,100 גרם,false,,14.90,0.0993,true,1,276859
7290018440520,false,סלט טונה קאלוו מקסיקני 150 גר,קאלוו,,סלט טונה עם ירקות בס,גרמים,150.00,100 גרם,false,,14.90,0.0993,true,1,276862
7290018443040,false,נבטים סיניים (בוסתן,,,נבטים סיניים (בוסתן,גרמים,300.00,100 גרם,false,,7.90,0.0263,true,1,162952
7290018468401,false,פסטרמה צמחונית בטעם גריל 100 גר טירת צבי,טיב טירת צבי 2000,IL,פסטרמה צמחונית בטעם,גרמים,120.00,100 גרם,false,,15.90,0.1325,true,1,303571
7290018468432,false,נקניק טבעוני בטעם מעושן 100 גרם טירת צבי,טיב טירת צבי 2000,IL,נקניק טבעוני בטעם פי,גרמים,100.00,100 גרם,false,,15.90,0.1590,true,1,303559
7290018471029,false,"שוופס סודה בטעם לימון שישיה * 500 מ""ל",יפאורה תבורי בעמ,IL,שוופס סודה לימון שיש,ליטרים,3.00,ליטר,false,,13.90,4.6333,true,1,97448
7290018471210,false,קרטונית נקטר ספרינג תפוח סברס 1 ליטר,,,קרטונית אגס תפוח וסב,ליטרים,1.00,ליטר,false,,6.90,6.9000,true,1,123649
7290018471395,false,משקה פרוט& ווג' תפוח רימון ג'ינג'ר 1 ליטר,יפאורה תבורי בעמ,IL,פרוט ווג תפוח רימון,ליטרים,1.00,ליטר,false,,13.50,13.5000,true,1,122611
7290018471449,false,קרטונית ספרינג שייק בננה תמר תפוז 1 ליטר,"יפאורה תבורי בע""מ",IL,ספרינג שייק בננה תמ,ליטרים,1.00,ליטר,false,,13.10,13.1000,true,1,148148
7290018471470,false,תפוזינה נקטר תפוז פסיפלורה קרטונית 1 ליטר,"יפאורה תבורי בע""מ",IL,נקטר תפוזינה ENJOY ב,ליטרים,1.00,ליטר,false,,6.90,6.9000,true,1,136454
7290018471487,false,תפוזינה נקטר תפוז אננס קרטונית 1 ליטר,"יפאורה תבורי בע""מ",IL,נקטר תפוזינה ENJOY ב,ליטרים,1.00,ליטר,false,,6.90,6.9000,true,1,136455
7290018471548,false,"רביעיית ספרינג ענבים 250 מ""ל",,IL,ענבים ספרינג 4*250,ליטרים,1.00,ליטר,false,,11.20,11.2000,true,1,122624
7290018471692,false,ספרינג שייק בננה אננס קוקוס פירות יער קרטונית 1 ל',"יפאורה תבורי בע""מ",IL,ספרינג שייק בננה אננ,ליטרים,1.00,ליטר,false,,13.10,13.1000,true,1,148149
7290018471906,false,שוופס מוגז פירות לימונדה ורודה 1.5 ליטר פיקדון,"יפאורה תבורי בע""מ",IL,שוופס מוגז לימונדה ו,ליטרים,1.50,ליטר,false,,9.50,6.3333,true,1,191057
7290018471913,false,שוופס מוגז פירות תפוחים 1.5 ליטר-,"יפאורה תבורי בע""מ",IL,שוופס פרוטס תפוחים 1,ליטרים,1.50,ליטר,false,,9.50,6.3333,true,1,191058
7290018471920,false,שוופס מוגז פירות ענבים 1.5 ליטר פיקדון,"יפאורה תבורי בע""מ",IL,שוופס ענבים מוגז 1.5,ליטרים,1.50,ליטר,false,,9.50,6.3333,true,1,191071
7290018471937,false,שוופס מוגז פירות תות ליים 1.5 ליטר פיקדון,"יפאורה תבורי בע""מ",IL,שוופס מוגז פירות תות,ליטרים,1.50,ליטר,false,,9.50,6.3333,true,1,191072
7290018471944,false,שוופס מוגז פירות לימונייד 1.5 ליטר פיקדון,"יפאורה תבורי בע""מ",IL,שוופס מוגז למונייד 1,ליטרים,1.50,ליטר,false,,9.50,6.3333,true,1,191073
7290018471951,false,שוופס מוגז פירות אשכולית אדומה 1.5 ליטר פיקדון,"יפאורה תבורי בע""מ",IL,שוופס פרוטס אשכולית,ליטרים,1.50,ליטר,false,,9.50,6.3333,true,1,191086
7290018474211,false,פלפל מתוק ללא גרעיני,,,פלפל מתוק ללא גרעיני,גרמים,300.00,100 גרם,false,,7.90,0.0263,true,1,198473
7290018493045,false,"קרם ידיים מועשר בשמן קוקוס ד""ר פישר 100 מ""ל",,IL,קרם ידיים אפקטיב קר,מיליליטרים,100.00,"100 מ""ל",false,,15.90,0.1590,true,1,255345
7290018493069,false,"קרם ידיים מועשר בשמן כותנה ד""ר פישר 100 מ""ל",,IL,קרם ידיים אפקטיב קר,מיליליטרים,100.00,"100 מ""ל",false,,15.90,0.1590,true,1,256832
7290018493748,false,"ד""ר פישר - מגבונים להסרת איפור אקסטרה סופט 30 יח' * 3",,,מגבונים להסרת איפור,יחידה,0.00,יחידה,false,,29.90,0.0000,true,1,183509
7290018500361,false,לחם אנג'ל אחיד פרוס 900 גר',מאפיית שלמה א. אנג'ל,IL,לחם אחיד פרוס מאפיית,גרמים,900.00,100 גרם,false,,8.32,0.0092,true,1,272470
7290018500385,true,חלה רגילה אנגל 650 ג,,,חלה רגילה אנגל 650 ג,גרמים,650.00,100 גרם,false,,6.50,0.0100,true,1,292049
7290018500392,true,חלה קלועה אנגל 650 ג,,,חלה קלועה אנגל 650 ג,גרמים,650.00,100 גרם,false,,6.50,0.0100,true,1,292050
7290018540329,false,שקית פיתה פיתה בלדי 800 ג' אנג'ל,מאפיית שלמה א. אנג'ל,IL,פיתה פיתה אנגל 880 ג,יח',10.00,יח',false,,12.90,1.2900,true,1,115554
7290018556474,false,ארק בן חיים אננס 700,,,ארק בן חיים אננס 700,מיליליטרים,700.00,"100 מ""ל",false,,39.90,0.0570,true,1,211147
7290018564677,false,ממרח ארטישוק שף הטבע,,,ממרח ארטישוק שף הטבע,גרמים,200.00,100 גרם,false,,11.90,0.0595,true,1,231867
7290018564684,false,ממרח פסטו בזיליקום ו,,,ממרח פסטו בזיליקום ו,גרמים,200.00,100 גרם,false,,11.90,0.0595,true,1,231868
7290018564707,false,ממרח פלפל קלוי שף הט,,,ממרח פלפל קלוי שף הט,גרמים,200.00,100 גרם,false,,11.90,0.0595,true,1,231870
7290018564721,false,ממרח אריסה שף הטבע 2,,,ממרח אריסה שף הטבע 2,גרמים,200.00,100 גרם,false,,11.90,0.0595,true,1,231872
7290018571415,false,מיה לקקנים מולטיקולור תות בננה 220 גרם,,IL,לקקנים מולטיקולור תו,גרמים,220.00,100 גרם,false,,9.90,0.0450,true,1,219893
7290018571699,false,קמח שקדים 250 גרם מיה,,,קמח שקדים מיה 250 גר,גרמים,250.00,100 גרם,false,,25.90,0.1036,true,1,245560
7290018571729,false,"אורז ריזוטו עגול מיה 1 ק""ג",,IL,אורז ריזווטו עגול 1,קילוגרמים,1.00,"ק""ג",false,,9.90,9.9000,true,1,268133
7290018571743,false,"אורז מלא מיה 1 ק""ג",,IL,"אורז מלא 1 ק""ג",קילוגרמים,1.00,"ק""ג",false,,9.90,9.9000,true,1,268147
7290018626085,false,לפתניות 4.5 שקוף 50,,,לפתניות 4.5 שקוף 50,יחידה,0.00,יחידה,false,,8.90,0.0000,true,1,118376
7290018626108,false,קערות אובליות שקוף 5,,,קערות אובליות שקוף 5,יחידה,0.00,יחידה,false,,10.90,0.0000,true,1,118377
7290018626191,false,צלחות וינטג' גדולות,,,צלחות וינטג' גדולות,יחידה,0.00,יחידה,false,,17.90,0.0000,true,1,129184
7290018626283,false,פיצה מרגריטה 350 גרם,,,פיצה מרגריטה 350 גרם,גרמים,350.00,100 גרם,false,,11.90,0.0340,true,1,159009
7290018626405,false,צלחות וינטג' ענקיות,,,צלחות וינטג' ענקיות,יחידה,0.00,יחידה,false,,21.90,0.0000,true,1,129171
7290018626528,false,ניילון נצמד 30*150 ע,,,ניילון נצמד 30*150 ע,מטרים,150.00,מטר,false,,18.90,0.1260,true,1,138248
7290018626573,false,ניילון נצמד 40*100 ע,,,ניילון נצמד 40*100 ע,מטרים,100.00,מטר,false,,18.90,0.1890,true,1,138249
7290018626641,false,מארז תבניות רוסטר גד,,,מארז תבניות רוסטר גד,יחידה,0.00,יחידה,false,,14.90,0.0000,true,1,208412
7290018626733,false,מארז צלחות 12+12 נק,,,מארז צלחות 12+12 נק,יחידה,0.00,יחידה,false,,49.90,0.0000,true,1,179876
7290018626795,false,מגש עגול מחולק ל-6 ג,,,מגש עגול מחולק ל-6 ג,יחידה,0.00,יחידה,false,,9.90,0.0000,true,1,180336
7290018626863,false,כוסות ליקר 20 יח' WI,,,כוסות ליקר 20 יח' WI,יחידה,0.00,יחידה,false,,7.90,0.0000,true,1,180353
7290018626887,false,כוסות P.P יהלום שוחר,,,כוסות P.P יהלום שוחר,יחידה,0.00,יחידה,false,,9.90,0.0000,true,1,159722
7290018626894,false,כוסות P.P יהלום כסף,,,כוסות P.P יהלום כסף,יחידה,0.00,יחידה,false,,9.90,0.0000,true,1,159723
7290018652886,false,נסטלה מאגדת מצופים שוקו בננה 8 יח',נגה גלידות,IL,מאגדת שוקו בננה 8 יח,גרמים,476.00,100 גרם,false,,28.90,0.0607,true,1,228039
7290018703311,false,חטיף חלבון קרם עוגיות קראנץ 60 ג' פראוד,v.s.i,NL,חטיף חלבון בטעם קרם,גרמים,60.00,100 גרם,false,,13.90,0.2317,true,1,243828
7290018818305,false,פיצה אובליינה 260 גר,,,פיצה אובליינה 260 גר,גרמים,260.00,100 גרם,false,,14.90,0.0573,true,1,258569
7290018835029,false,מרק בטעם עוף פרווה ת,,,מרק בטעם עוף פרווה ת,גרמים,400.00,100 גרם,false,,15.90,0.0398,true,1,281682
7290018835043,false,תערובת תיבול סטייק מונטריאול 140 גרם מימון,,,תערובת תיבול סטייק מ,גרמים,140.00,100 גרם,false,,16.90,0.1207,true,1,323332
7290018860984,false,אטריות ביצים דקות 400 גרם,,CN,אטריות ביצים דקות מז,גרמים,400.00,100 גרם,false,,9.90,0.0248,true,1,291276
7290018886175,false,כפיות עבות 50 יח' ש,,,כפיות עבות 50 יח' ש,יחידה,0.00,יחידה,false,,9.90,0.0000,true,1,159686
7290018886182,false,כפיות עבות 50 יח' ק,,,כפיות עבות 50 יח' ק,יחידה,0.00,יחידה,false,,9.90,0.0000,true,1,159687
7290018886199,false,סכינים עבות 50 יח',,,סכינים עבות 50 יח',יחידה,0.00,יחידה,false,,9.90,0.0000,true,1,159688
7290018886205,false,סכינים עבות 50 יח',,,סכינים עבות 50 יח',יחידה,0.00,יחידה,false,,9.90,0.0000,true,1,159689
7290018886212,false,מזלגות עבות 50 יח',,,מזלגות עבות 50 יח',יחידה,0.00,יחידה,false,,9.90,0.0000,true,1,159690
7290018886229,false,מזלגות עבות 50 יח',,,מזלגות עבות 50 יח',יחידה,0.00,יחידה,false,,9.90,0.0000,true,1,159691
7290018886236,false,כפות עבות 50 יח' שק,,,כפות עבות 50 יח' שק,יחידה,0.00,יחידה,false,,9.90,0.0000,true,1,159692
7290018886243,false,כפות עבות 50 יח' קר,,,כפות עבות 50 יח' קר,יחידה,0.00,יחידה,false,,9.90,0.0000,true,1,159693
7290018886281,false,זוג כפות הגשה שקוף W,,,זוג כפות הגשה שקוף W,יחידה,0.00,יחידה,false,,5.90,0.0000,true,1,205981
7290018886304,false,פת דגנים סגנון שוודי,,,פת דגנים סגנון שוודי,גרמים,340.00,100 גרם,false,,11.90,0.0350,true,1,179484
7290018886311,false,פת דגנים סגנון שוודי,,,פת דגנים סגנון שוודי,גרמים,170.00,100 גרם,false,,7.90,0.0465,true,1,179457
7290018886328,false,פת דגנים שיפון 340 ג,,,פת דגנים שיפון 340 ג,גרמים,340.00,100 גרם,false,,11.90,0.0350,true,1,180992
7290018886342,false,פת דגנים 7 דגנים 340,,,פת דגנים 7 דגנים 340,גרמים,340.00,100 גרם,false,,11.90,0.0350,true,1,180993
7290018886359,false,פת דגנים 7 דגנים 170,,,פת דגנים 7 דגנים 170,גרמים,170.00,100 גרם,false,,7.90,0.0465,true,1,179471
7290018886625,false,כוסות דמוי שיש 40 יח,,,כוסות דמוי שיש 40 יח,יחידה,0.00,יחידה,false,,8.90,0.0000,true,1,159708
7290018886687,false,גביעי יין מהודרים 12,,,גביעי יין מהודרים 12,יחידה,0.00,יחידה,false,,13.90,0.0000,true,1,206165
7290018886717,false,כוס קינוח כתר גדול 1,,,כוס קינוח כתר גדול 1,יחידה,0.00,יחידה,false,,12.90,0.0000,true,1,206097
7290018886878,false,קערת סלט בועות ורוד,,,קערת סלט בועות ורוד,יחידה,0.00,יחידה,false,,9.90,0.0000,true,1,180385
7290018893005,false,"חטיפי בייגלה אפוי בטעם חרדל ודבש, 160 גרם",,RO,בייגלה שטוח בתוספת ח,גרמים,200.00,100 גרם,false,,6.90,0.0345,true,1,203556
7290018893135,false,צ'וקטה גריסיני מלח 120 גרם,,US,צ'וקטה גריסיני מלח 1,גרמים,120.00,100 גרם,false,,8.90,0.0742,true,1,274416
7290018893142,false,צ'וקטה גריסיני בתוספת שמן זית 120 גרם,,US,צ'וקטה גריסיני שמן ז,גרמים,120.00,100 גרם,false,,8.90,0.0742,true,1,274417
7290018893258,false,צוקטה עוגות אישיות במילוי קרמל 10*30 גר,,IT,צ'וקטה עוגות אישיות,גרמים,300.00,100 גרם,false,,12.90,0.0430,true,1,163831
7290018893289,false,יוגטה עוגות אישיות מגולגלות קקאו 222 גר,,IL,צ'וקטה מגולגלות קקאו,גרמים,222.00,100 גרם,false,,9.90,0.0446,true,1,180834
7290018893340,false,צ'וקטה גריסיני שומשום 120 גרם,,US,צ'וקטה גריסיני שומשו,גרמים,120.00,100 גרם,false,,8.90,0.0742,true,1,274418
7290018893456,false,צוקטה עוגות אישיות במילוי קרם 10*30 גר,פרדי קונדטוריה אס.פי,IT,צ'וקטה עוגות אישיות,יחידה,300.00,יחידה,false,,12.90,0.0430,true,1,163818
7290018893487,false,צוקטה עוגות אישיות בטעם קוקוס-350 גרם,,,צ'וקטה עוגות אישיות,גרמים,350.00,100 גרם,false,,12.90,0.0369,true,1,180850
7290018893500,false,עוגיות סנדוויץ שוקו 180 ג' צ'וקטה,,,צ'וקטה עוגיות סנדביץ,גרמים,180.00,100 גרם,false,,4.90,0.0272,true,1,251633
7290018893616,false,מארז צוקטה שוקולד מריר 48% 6*100 גר,,,שישיית צוקטה שוקולד4,גרמים,600.00,100 גרם,false,,20.90,0.0348,true,1,193516
7290018893654,false,חטיפי בייגלה דקיקים ופריכים מלח צ'וקטה 200 ג',,RO,צ'וקטה חטיף בייגלה ב,גרמים,200.00,100 גרם,false,,6.90,0.0345,true,1,180836
7290018893708,false,צ'וקטה עוגיות סנדביץ קרם שוקו 250גר,,,צ'וקטה עוגיות סנדביץ,גרמים,250.00,100 גרם,false,,7.90,0.0316,true,1,251658
7290018893746,false,צ'וקטה בייגלה עגבניות ועשבי תיבול 180 גרם,,US,צ'וקטה בייגלה עגבניו,גרמים,180.00,100 גרם,false,,6.90,0.0383,true,1,300236
7290018893807,false,צ'וקטה - שוקולד מריר שלישייה 3 * 100 גרם,,,מארז שוקולד מריר 60%,גרמים,300.00,100 גרם,false,,12.90,0.0430,true,1,211726
7290018893814,false,צ'וקטה שוקולד מריר 48% 5 יח' *100 ג',הדקלאים אגודת שיתופי,ES,צ'וקטה שוקולד 48% 5*,גרמים,500.00,100 גרם,false,,18.90,0.0378,true,1,188511
7290018893852,false,חטיפי בייגלה דקיקים ופריכים שומשום צ'וקטה 200 ג',,RO,צ'וקטה חטיף בייגלה ב,גרמים,200.00,100 גרם,false,,6.90,0.0345,true,1,180837
7290018893937,false,לוקיטוס סוכריות ג'לי,,,לוקיטוס סוכריות ג'לי,גרמים,300.00,100 גרם,false,,9.90,0.0330,true,1,312908
7290018894002,false,בלקוני וופל קוביות קקאו 250 גרם,בלקוני,IT,בלקוני קוביות וופל ק,גרמים,250.00,100 גרם,false,,12.50,0.0500,true,1,265176
7290018894019,false,בלקוני עוגות אישיות מיקמקס חלב 350 גרם,בלקוני,IT,עוגות אישיות מיקס מק,גרמים,350.00,100 גרם,false,,14.90,0.0426,true,1,255600
7290018894200,false,בלקוני וופל קוביות וניל 250 גרם,בלקוני,IT,בלקוני קוביות וופל ו,גרמים,250.00,100 גרם,false,,12.50,0.0500,true,1,265177
7290018894217,false,בלקוני עוגות אישיות מיקמקס קקאו 350 גרם,בלקוני,IT,עוגות אישיות מיקס מק,גרמים,350.00,100 גרם,false,,14.90,0.0426,true,1,255626
7290018894606,false,בלקוני וופל קקאו 175 גרם,בלקוני,IT,וופל במילוי קרם קקאו,גרמים,175.00,100 גרם,false,,7.90,0.0451,true,1,255640
7290018921807,false,"קמיל בלו משחת החתלה צמחי מרפא 120 ג' ד""ר פישר",,IL,קמיל בלו משחת החתלה,גרמים,120.00,100 גרם,false,,21.90,0.1825,true,1,282965
7290018925065,false,מיץ פרימור תפוזים סחוט 2 ליטר-,גניר,IL,פרימור מיץ תפוזים סח,ליטרים,2.00,ליטר,false,,27.90,13.9500,true,1,198079
7290018925102,false,משקה קל ענבים 1.5 ל' פרימור,השחר,IL,פרימור משקה קל ענבים,ליטרים,1.50,ליטר,false,,8.90,5.9333,true,1,190464
7290018925140,false,משקה קל אשכוליות 1.5ל' פרימור,השחר,IL,פרימור משקה קל אשכול,ליטרים,1.50,ליטר,false,,8.90,5.9333,true,1,190450
7290018925157,false,משקה קל לימונים 1.5ל' פרימור,השחר,IL,פרימור משקה קל לימונ,ליטרים,1.50,ליטר,false,,8.90,5.9333,true,1,190465
7290018925164,false,משקה קל תות-בננה 1.5ל' פרימור,השחר,IL,פרימור משקה קל תות ב,ליטרים,1.50,ליטר,false,,8.90,5.9333,true,1,190451
7290018929032,false,150 שקיות סנדוויץ' H,,,150 שקיות סנדוויץ' H,100 יח',450.00,100 יח',false,,9.90,0.0220,true,1,285111
7290018989081,false,חומוס הבית להכנת חומוס טרי יכין 400 גר,זנלכל,IL,חומוס הבית יכין 400,גרמים,400.00,100 גרם,false,,7.90,0.0198,true,1,269889
7290018989128,false,סירופ בטעם ענבים 1 ליטר יכין,,,סירופ בטעם ענבים יכי,יחידה,0.00,יחידה,false,,18.90,0.0000,true,1,270978
7290018989135,false,סירופ בטעם פטל 1 ליטר יכין,,,סירופ בטעם פטל יכין,יחידה,0.00,יחידה,false,,18.90,0.0000,true,1,271487
7290019014041,false,טאצ' נוזל רצפות 2 ליטר פסגה מושלגת,,,נוזל רצפות פסגה מושל,ליטרים,2.00,ליטר,false,,17.90,8.9500,true,1,210713
7290019014089,false,טאצ' נוזל רצפות 2 ליטר דיונה פראית,,,נוזל רצפות דיונה פרא,ליטרים,2.00,ליטר,false,,17.90,8.9500,true,1,210728
7290019031000,false,WIZ מארז חמישיית ניי,,,WIZ מארז חמישיית ניי,יחידה,0.00,יחידה,false,,10.90,0.0000,true,1,208450
7290019031062,false,תבנית R-2 מלבנית 7 י,,,תבנית R-2 מלבנית 7 י,יחידה,0.00,יחידה,false,,9.90,0.0000,true,1,231597
7290019031079,false,תבנית R-29 מרובעת קט,,,תבנית R-29 מרובעת קט,יחידה,0.00,יחידה,false,,9.90,0.0000,true,1,231598
7290019031086,false,תבנית R-31 גדולה 7 י,,,תבנית R-31 גדולה 7 י,יחידה,0.00,יחידה,false,,9.90,0.0000,true,1,231599
7290019031093,false,תבנית R-64 בינונית 7,,,תבנית R-64 בינונית 7,יחידה,0.00,יחידה,false,,9.90,0.0000,true,1,231600
7290019031109,false,תבנית R-88 אינגליש 1,,,תבנית R-88 אינגליש 1,יחידה,0.00,יחידה,false,,9.90,0.0000,true,1,231601
7290019031116,false,תבנית R-99 ענקית 3 י,,,תבנית R-99 ענקית 3 י,יחידה,0.00,יחידה,false,,9.90,0.0000,true,1,231602
7290019031147,false,WIZ תבניות מאפינס אל,,,WIZ תבניות מאפינס אל,יחידה,0.00,יחידה,false,,17.90,0.0000,true,1,256639
7290019031178,false,כפפות לטקס 100 יח' S,,,כפפות לטקס 100 יח' S,יחידה,0.00,יחידה,false,,30.90,0.0000,true,1,222192
7290019031314,false,קערות אובליות לבנות,,,קערות אובליות לבנות,יחידה,0.00,יחידה,false,,6.90,0.0000,true,1,226516
7290019031321,false,"מרקיות 7"" לבנות 25 י",,,"מרקיות 7"" לבנות 25 י",יחידה,0.00,יחידה,false,,9.90,0.0000,true,1,226517
7290019031338,false,"צלחות קטנות 7"" לבנות",,,"צלחות קטנות 7"" לבנות",יחידה,0.00,יחידה,false,,8.90,0.0000,true,1,226530
7290019031345,false,צלחות גדולות 9 לבן 2,,,צלחות גדולות 9 לבן 2,יחידה,0.00,יחידה,false,,12.90,0.0000,true,1,211820
7290019031352,false,"צלחות ענקיות 10"" לבנ",,,"צלחות ענקיות 10"" לבנ",יחידה,0.00,יחידה,false,,23.90,0.0000,true,1,226531
7290019031369,false,"צלחות גדולות 9"" קרם",,,"צלחות גדולות 9"" קרם",יחידה,0.00,יחידה,false,,14.90,0.0000,true,1,226544
7290019031475,false,WIZ צלחות מתכלות גדו,,,WIZ צלחות מתכלות גדו,יחידה,0.00,יחידה,false,,9.90,0.0000,true,1,283537
7290019031574,false,מארז 10 גביעיים + מכ,,,מארז 10 גביעיים + מכ,ליטרים,250.00,ליטר,false,,9.90,0.0396,true,1,232259
7290019031581,false,מארז 10 גביעיים + מכ,,,מארז 10 גביעיים + מכ,ליטרים,500.00,ליטר,false,,9.90,0.0198,true,1,232272
7290019031598,false,מארז 5 מכלים + מכסים,,,מארז 5 מכלים + מכסים,ליטרים,0.50,ליטר,false,,9.90,19.8000,true,1,232273
7290019031604,false,מארז 5 מכלים + מכסים,,,מארז 5 מכלים + מכסים,ליטרים,1.00,ליטר,false,,9.90,9.9000,true,1,232274
7290019031611,false,מארז 4 מכלים + מכסים,,,מארז 4 מכלים + מכסים,ליטרים,1.00,ליטר,false,,9.90,9.9000,true,1,232313
7290019031628,false,מטליות מיקרופייבר לר,,,מטליות מיקרופייבר לר,יחידה,0.00,יחידה,false,,12.90,0.0000,true,1,283593
7290019031642,false,WIZ צלחות ענקיות שקו,,,WIZ צלחות ענקיות שקו,יחידה,0.00,יחידה,false,,21.90,0.0000,true,1,283565
7290019031659,false,WIZ צלחות גדולות  שק,,,WIZ צלחות גדולות  שק,יחידה,0.00,יחידה,false,,13.90,0.0000,true,1,283566
7290019031666,false,WIZ צלחות קטנות שקופ,,,WIZ צלחות קטנות שקופ,יחידה,0.00,יחידה,false,,9.90,0.0000,true,1,283567
7290019031673,false,"WIZ מרקיות שקופות 7""",,,"WIZ מרקיות שקופות 7""",יחידה,0.00,יחידה,false,,9.90,0.0000,true,1,283579
7290019031680,false,WIZ קערות אובליות שק,,,WIZ קערות אובליות שק,יחידה,0.00,יחידה,false,,8.90,0.0000,true,1,283580
7290019031697,false,WIZ לפתניות שקופות 2,,,WIZ לפתניות שקופות 2,יחידה,0.00,יחידה,false,,5.90,0.0000,true,1,283581
7290019031840,false,WIZ מפות שולחן 6 יחי,,,WIZ מפות שולחן 6 יחי,יחידה,0.00,יחידה,false,,7.90,0.0000,true,1,321533
7290019031857,false,WIZ מפות שולחן 8 יחי,,,WIZ מפות שולחן 8 יחי,יחידה,0.00,יחידה,false,,7.90,0.0000,true,1,321534
7290019056041,false,שוופס מוגז פירות לימונייד ללא סוכר 1.5 ליטר פיקדון,יפאורה תבורי,IL,שוופס מוגז פירות ללא,ליטרים,1.50,ליטר,false,,8.50,5.6667,true,1,191101
7290019056065,false,שוופס מוגז עדין פירות יער 1.5 ליטר פיקדון,"יפאורה תבורי בע""מ",IL,שוופס מוגז עדין פירו,ליטרים,1.50,ליטר,false,,8.50,5.6667,true,1,190785
7290019056072,false,שוופס מוגז עדין אננס 1.5 ליטר פיקדון,יפאורה תבורי בעמ,IL,שוופס מוגז עדין אננס,ליטרים,1.50,ליטר,false,,8.50,5.6667,true,1,190786
7290019056089,false,שוופס מוגז עדין ענבי ריזלינג 1.5 ליטר פיקדון,"יפאורה תבורי בע""מ",IL,שוופס מוגז עדין טעם,ליטרים,1.50,ליטר,false,,8.50,5.6667,true,1,190801
7290019056096,false,שוופס מוגז עדין אפרסק 1.5 ליטר פיקדון,"יפאורה תבורי בע""מ",IL,שוופס מוגז עדין אפרס,ליטרים,1.50,ליטר,false,,8.50,5.6667,true,1,190802
7290019056119,false,שוופס סודה 1.5 ליטר פיקדון,"יפאורה תבורי בע""מ",IL,שוופס סודה 1.5ליטר,ליטרים,1.50,ליטר,false,,3.50,2.3333,true,1,190633
7290019056164,false,שוופס סודה 1.5 ליטר רביעייה פיקדון,"יפאורה תבורי בע""מ",IL,שוופס סודה 4*1.5ליטר,ליטרים,6.00,ליטר,false,,12.10,2.0167,true,1,190647
7290019056171,false,שוופס סודה לימון 1.5 ליטר רביעייה פיקדון,"יפאורה תבורי בע""מ",IL,שוופס סודה לימון 4*1,ליטרים,6.00,ליטר,false,,12.10,2.0167,true,1,190674
7290019056188,false,שוופס סודה נענע ליים 1.5 ליטר רביעייה פיקדון,"יפאורה תבורי בע""מ",IL,שוופס סודה נענע ליים,ליטרים,6.00,ליטר,false,,12.10,2.0167,true,1,190687
7290019056201,false,שוופס סודה פירות יער 1.5 ליטר רביעייה פיקדון,"יפאורה תבורי בע""מ",IL,שוופס פירות יער סודה,ליטרים,6.00,ליטר,false,,12.10,2.0167,true,1,190728
7290019056232,false,משקה מוגז בטעם ליים מוחיטו 1.5 ל' שוופס,"יפאורה תבורי בע""מ",IL,שוופס ליים מוחיטו 1.,ליטרים,1.50,ליטר,false,,9.50,6.3333,true,1,190815
7290019056249,false,שוופס מים בטעמים ענבים 1.5 ליטר פיקדון,יפאורה תבורי בעמ,IL,שוופס וואטר ענבים 1.,ליטרים,1.50,ליטר,false,,8.50,5.6667,true,1,190568
7290019056256,false,שוופס מים בטעמים תפוחים 1.5 ליטר פיקדון,יפאורה תבורי בעמ,IL,שוופס וואטר בטעם תפו,ליטרים,1.50,ליטר,false,,8.50,5.6667,true,1,190581
7290019056270,false,שוופס מים בטעמים פירות יער 1.5 ליטר פיקדון,"יפאורה תבורי בע""מ",IL,שוופס וואטר פירות יע,ליטרים,1.50,ליטר,false,,8.50,5.6667,true,1,192577
7290019056300,false,משקה בטעם ביטר לימון 1.5 ל' שוויפס,"יפאורה תבורי בע""מ",IL,שוופס ביטר לימון 1.5,ליטרים,1.50,ליטר,false,,12.50,8.3333,true,1,191154
7290019056317,false,שוופס ראשן 1.5 ליטר פיקדון,"יפאורה תבורי בע""מ",IL,שוופס ראשן 1.5 ליטר,ליטרים,1.50,ליטר,false,,12.50,8.3333,true,1,191155
7290019056324,false,שוופס טוניק 1.5 ליטר פיקדון,"יפאורה תבורי בע""מ",IL,שוופס מי טוניק 1.5 ל,ליטרים,1.50,ליטר,false,,12.50,8.3333,true,1,191156
7290019056331,false,שוופס טוניק ללא סוכר 1.5 ליטר פיקדון,יפאורה תבורי בעמ,IL,שוופס טוניק ללא סוכר,ליטרים,1.50,ליטר,false,,11.90,7.9333,true,1,191169
7290019056355,false,תפוזינה לימונדה MIX לימונענע 1.5 ליטר,"יפאורה תבורי בע""מ",IL,תפוזינה לימונדה נענע,ליטרים,1.50,ליטר,false,,8.50,5.6667,true,1,190104
7290019056362,false,תפוזינה ענבים 1.5 ליטר פיקדון,"יפאורה תבורי בע""מ",IL,תפוזינה ענבים 1.5 לי,ליטרים,1.50,ליטר,false,,8.50,5.6667,true,1,190224
7290019056379,false,תפוזינה תפוזים 1.5 ליטר פיקדון,"יפאורה תבורי בע""מ",IL,תפוזינה תפוזים 1.5 ל,ליטרים,1.50,ליטר,false,,8.50,5.6667,true,1,190277
7290019056386,false,פתוזינה אשכולית 1.5 ליטר פיקדון,"יפאורה תבורי בע""מ",IL,תפוזינה אשכוליות 1.5,ליטרים,1.50,ליטר,false,,8.50,5.6667,true,1,190295
7290019056393,false,תפוזינה תות בננה 1.5 ליטר פיקדון,"יפאורה תבורי בע""מ",IL,תפוזינה תות בננה 1.5,ליטרים,1.50,ליטר,false,,8.50,5.6667,true,1,190309
7290019056409,false,תפוזינה מנגו 1.5 ליטר פיקדון,"יפאורה תבורי בע""מ",IL,תפוזינה מנגו עסיסי 1,ליטרים,1.50,ליטר,false,,8.50,5.6667,true,1,190310
7290019056416,false,מיץ בטעם לימונדה ורודה 1.5 ל' תפוזינה,"יפאורה תבורי בע""מ",IL,תפוזינה לימונדה 1.5,ליטרים,1.50,ליטר,false,,8.50,5.6667,true,1,190324
7290019056423,false,מיץ בטעם תפוח רענן 1.5ל' תפוזינה,"יפאורה תבורי בע""מ",IL,תפוזינה תפוח רענן 1.,ליטרים,1.50,ליטר,false,,8.50,5.6667,true,1,190361
7290019056430,false,תפוזינה תפוזים לייט 1.5 ליטר פיקדון,"יפאורה תבורי בע""מ",IL,תפוזינה תפוז 1.5 ליט,ליטרים,1.50,ליטר,false,,7.90,5.2667,true,1,190386
7290019056447,false,תפוזינה אשכוליות לייט 1.5 ליטר פיקדון,"יפאורה תבורי בע""מ",IL,תפוזינה אשכוליות 1.5,ליטרים,1.50,ליטר,false,,7.90,5.2667,true,1,190399
7290019056508,false,פרוט ווטר ענבים 1.5 ליטר פיקדון,"יפאורה תבורי בע""מ",IL,פרוט ווטר ענבים 1.5,ליטרים,1.50,ליטר,false,,8.90,5.9333,true,1,190478
7290019056515,false,פרוט ווטר אננס 1.5 ליטר פיקדון,"יפאורה תבורי בע""מ",IL,פרוט ווטר אננס 1.5 ל,ליטרים,1.50,ליטר,false,,8.90,5.9333,true,1,190504
7290019056522,false,פרוט ווטר תות 1.5 ליטר פיקדון,"יפאורה תבורי בע""מ",IL,פרוט ווטר תות 1.5 לי,ליטרים,1.50,ליטר,false,,8.90,5.9333,true,1,190529
7290019056539,false,פרוט ווטר אפרסק 1.5 ליטר פיקדון,"יפאורה תבורי בע""מ",IL,פרוט ווטר אפרסק 1.5,ליטרים,1.50,ליטר,false,,8.90,5.9333,true,1,190542
7290019056546,false,פרוט ווטר אבטיח 1.5 ליטר פיקדון,"יפאורה תבורי בע""מ",IL,פרוט ווטר אבטיח 1.5,ליטרים,1.50,ליטר,false,,8.90,5.9333,true,1,190543
7290019056553,false,שישית מים מינרליים 2ל' עין גדי,עין גדי מים מינרליים,IL,עין גדי מים מינרלים,ליטרים,12.00,ליטר,false,,13.30,1.1083,true,1,191321
7290019056560,false,עין גדי 2 ליטר בק' בודד פיקדון,יפאורה,IL,עין גדי מים מינרלים,ליטרים,2.00,ליטר,false,,3.50,1.7500,true,1,191322
7290019056577,false,ספרינג מנגו 1.5 ליטר פיקדון,"יפאורה תבורי בע""מ",IL,ספרינג מנגו 1.5 ליטר,ליטרים,1.50,ליטר,false,,8.50,5.6667,true,1,189935
7290019056584,false,ספרינג תפוזים 1.5 ליטר פיקדון,"יפאורה תבורי בע""מ",IL,ספרינג תפוזים 1.5 לי,ליטרים,1.50,ליטר,false,,8.50,5.6667,true,1,189963
7290019056591,false,ספרינג ענבים 1.5 ליטר פיקדון,"יפאורה תבורי בע""מ",IL,ספרינג ענבים 1.5 ליט,ליטרים,1.50,ליטר,false,,8.50,5.6667,true,1,189976
7290019056607,false,ספרינג תפוחים 1.5 ליטר פיקדון,"יפאורה תבורי בע""מ",IL,ספרינג תפוחים 1.5 לי,ליטרים,1.50,ליטר,false,,8.50,5.6667,true,1,189989
7290019056614,false,ספרינג אפרסק 1.5 ליטר פיקדון,"יפאורה תבורי בע""מ",IL,ספרינג אפרסק 1.5 ליט,ליטרים,1.50,ליטר,false,,8.50,5.6667,true,1,189990
7290019056621,false,ספרינג פירות טרופיים 1.5 ליטר פיקדון,"יפאורה תבורי בע""מ",IL,ספרינג פירות טרופיים,ליטרים,1.50,ליטר,false,,8.50,5.6667,true,1,190003
7290019056638,false,ספרינג תות בננה 1.5 ליטר פיקדון,"יפאורה תבורי בע""מ",IL,ספרינג תות בננה 1.5,ליטרים,1.50,ליטר,false,,8.50,5.6667,true,1,190004
7290019056645,false,ספרחנג אגס תפוח סברס 1.5 ליטר פיקדון,"יפאורה תבורי בע""מ",IL,ספרינג אגס סברס תפוח,ליטרים,1.50,ליטר,false,,8.50,5.6667,true,1,190019
7290019056652,false,ספרינג אננס בננה 1.5 ליטר פיקדון,"יפאורה תבורי בע""מ",IL,ספרינג אננס בננה 1.5,ליטרים,1.50,ליטר,false,,8.50,5.6667,true,1,190067
7290019056669,false,ספרינג תפוחים גיאט 1.5 ליטר פיקדון,"יפאורה תבורי בע""מ",IL,ספרינג תפוחים דיאט 1,ליטרים,1.50,ליטר,false,,7.90,5.2667,true,1,190068
7290019056676,false,מיץ דיאט בטעם אשכוליות ואננס 1.5ל' ספרינג,"יפאורה תבורי בע""מ",IL,ספרינג דיאט אשכוליות,ליטרים,1.50,ליטר,false,,7.90,5.2667,true,1,201767
7290019056720,false,קריסטל מיץ ענבים 2 ליטר פיקדון,,IL,קריסטל מיץ ענבים 2 ל,ליטרים,2.00,ליטר,false,,7.90,3.9500,true,1,191170
7290019056744,false,קריסטל מיץ תפוזים 2 ליטר פיקדון,,,קריסטל מיץ תפוזים 2,ליטרים,2.00,ליטר,false,,7.90,3.9500,true,1,191184
7290019056751,false,קריסטל מיץ אשכוליות דיאט 2 ליטר פיקדון,,,קריסטל דיאט מיץ אשכו,ליטרים,2.00,ליטר,false,,6.90,3.4500,true,1,191197
7290019056768,false,קריסטל מיץ מנגו 2 ליטר פיקדון,,IL,קריסטל מיץ מנגו 2 לי,ליטרים,2.00,ליטר,false,,7.90,3.9500,true,1,191198
7290019056775,false,קריסטל מוגז ענבים 2 ליטר פיקדון,,,קריסטל ענבים מוגז 2,ליטרים,2.00,ליטר,false,,7.90,3.9500,true,1,191199
7290019056782,false,משקה מוגז בטעם לימון ליים 2 ל' קריסטל,,,קריסטל למון ליים 2 ל,ליטרים,2.00,ליטר,false,,7.90,3.9500,true,1,191212
7290019056799,false,קריסטל מוגז אקזוטי 2 ליטר פיקדון,,,קריסטל אקזוטי 2 ליטר,ליטרים,2.00,ליטר,false,,7.90,3.9500,true,1,191213
7290019056805,false,קריסטל מוגז תפוחים 2 ליטר פיקדון,,,משקה מוגז קריסטל תפו,ליטרים,2.00,ליטר,false,,7.90,3.9500,true,1,191214
7290019056812,false,קריסטל מוגז מנטה 2 ליטר פיקדון,,IL,קריסטל מנטה 2 ליטר,ליטרים,2.00,ליטר,false,,7.90,3.9500,true,1,191227
7290019056829,false,קריסטל מוגז תפוזים 2 ליטר פיקדון,,,קריסטל תפוזים 2 ליטר,ליטרים,2.00,ליטר,false,,7.90,3.9500,true,1,191228
7290019056836,false,קריסטל מוגז תות 2 ליטר פיקדון,,IL,תות קריסטל 2 ליטר,ליטרים,2.00,ליטר,false,,7.90,3.9500,true,1,191241
7290019056959,false,מי עדן 1.5 ליטר בק' בודד פיקדון,מופק ממקור בזלתי עדן,IL,מי עדן 1.5 ליטר,ליטרים,1.50,ליטר,false,,3.90,2.6000,true,1,201768
7290019056973,false,שישיית מי עדן 1.5 ליטר משפחתי,מופק ממקור בזלתי עדן,IL,מי עדן 6*1.5 ליטר,ליטרים,9.00,ליטר,false,,12.90,1.4333,true,1,191269
7290019153238,false,"סודה בטעם תפוח 500 מ""ל שוופס",,,שוופס סודה תפוח 500,מיליליטרים,500.00,"100 מ""ל",false,,5.00,0.0100,true,1,253284
7290019153252,false,שוופס סודה תפוח 1.5 ליטר רביעייה פיקדון,,IL,שוופס סודה תפוח 4*1.,ליטרים,6.00,ליטר,false,,12.10,2.0167,true,1,253299
7290019153269,false,שוופס סודה אננס 1.5 ליטר רביעייה פיקדון,,IL,שוופס סודה אננס 4*1.,ליטרים,6.00,ליטר,false,,12.10,2.0167,true,1,253286
7290019153375,false,מיץ בטעם מוחיטו 1.5 ל' תפוזינה,"יפאורה תבורי בע""מ",IL,תפוזינה מוחיטו 1.5 ל,ליטרים,1.50,ליטר,false,,8.50,5.6667,true,1,261387
7290019204008,false,פסטרמה ארבעה פלפלים 8*350ג עוף טוב,,,פסטרמה ארבעה פלפלים,גרמים,350.00,100 גרם,false,,24.90,0.0711,true,1,289904
7290019204305,false,פסטרמה ברביקיו 8*350ג עף טוב,,,פסטרמה ברביקיו עוף ט,גרמים,350.00,100 גרם,false,,24.90,0.0711,true,1,289879
7290019232155,false,"חליטת ""לילה טוב"" קמומיל לבנדר ו25 שקיקים ויסוצקי",ויסוצקי,IL,לילה טוב חליטת קמומי,גרמים,37.50,100 גרם,false,,22.90,0.6107,true,1,319026
7290019232186,false,תה ירוק לימונית לואיזהSTAY WELL 25 שקיקים ויסוצקי,ויסוצקי,IL,תה ירוק לימונית לואי,גרמים,37.50,100 גרם,false,,22.90,0.6107,true,1,319029
7290019245001,false,שמן קנולה אלומות 1 ל,,,שמן קנולה אלומות 1 ל,ליטרים,1.00,ליטר,false,,10.90,10.9000,true,1,248539
7290019297161,false,טורטיות ראפ מקמח תירס 540 ג' 12 יח',,,טורטיות ראפ מקמח תיר,גרמים,540.00,100 גרם,false,,9.90,0.0183,true,1,4911
7290019297239,false,צימוק חום 250 גרם ששון הקולה,"דין שיווק וקליה בע""מ",,צימוק כהה 250 גרם,גרמים,250.00,100 גרם,false,,13.90,0.0556,true,1,4912
7290019297536,false,חמאת בוטנים עם שברי בוטנים 510 גרם,,,חמאת בוטנים עם שברי,גרמים,510.00,100 גרם,false,,11.90,0.0233,true,1,4925
7290019297543,false,חמאת בוטנים שקדיה 51,,,חמאת בוטנים שקדיה 51,גרמים,510.00,100 גרם,false,,9.90,0.0194,true,1,4926
7290019297628,false,שקד טבעי 150 גרם ששון הקולה,דין שיווק,IL,שקד טבעי 150 גרם ששו,גרמים,150.00,100 גרם,false,,13.90,0.0927,true,1,4932
7290019393016,false,"קמח חיטה לבן ללא צורך בניפוי 1 ק""ג האופה",טבע ירוק,IL,קמח חיטה לבן מנופה,קילוגרמים,1.00,"ק""ג",false,,8.90,8.9000,true,1,307549
7290100249659,false,"רוטב לבישול קנור צ'ילי שום בד""צ",יוניליוור ישראל מזון,IL,רוטב לעוף צילי שום ב,גרמים,310.00,100 גרם,false,,10.50,0.0339,true,1,10507
7290100412343,false,קוויק מגבונים לניקוי כללי בניחוח לימון 50 יח',,,מגבונים לניקוי וחיטו,יחידה,0.00,יחידה,false,,8.90,0.0000,true,1,29587
7290100412435,false,קוויק מגבונים לניקוי כללי בניחוח פרחי בר 50 יח',,,מגבונים לניקוי וחיטו,יחידה,0.00,יחידה,false,,8.90,0.0000,true,1,29590
7290100412442,false,קוויק מגבונים לניקוי שירותים ואמבטיה מנטה 50יח',,,קוויק מגבונים לניקוי,יחידה,0.00,יחידה,false,,8.90,0.0000,true,1,29591
7290100412466,false,מגבונים קוויק לניקוי וחיטוי רצפות בניחוח לימון 10 יח',,IL,מגבונים לניקוי רצפות,יח',10.00,יח',false,,9.90,0.9900,true,1,29593
7290100412718,false,"תרחיץ פנים קלאסק מאסק דר עור 150 מ""ל",,,דר' עור ג'ל ניקוי פנ,מיליליטרים,150.00,"100 מ""ל",false,,24.90,0.1660,true,1,29596
7290100570234,false,אביזרי מטבח,,,אביזרי מטבח,יחידה,0.00,יחידה,false,,12.90,0.0000,true,1,34278
7290100572610,false,אביזרי מטבח ב-11.99,,,אביזרי מטבח ב-11.99,יחידה,0.00,יחידה,false,,12.00,0.0000,true,1,34289
7290100572702,false,אביזרי מטבח ב-11.00,,,אביזרי מטבח ב-11.00,יחידה,0.00,יחידה,false,,10.90,0.0000,true,1,34290
7290100573402,false,אביזרי מטבח,,,אביזרי מטבח,יחידה,0.00,יחידה,false,,14.90,0.0000,true,1,34293
7290100653463,false,"פלמוליב - ארומה ג'ל רחצה מסאז' 500 מ""ל",קולגייט פלמוליב,TR,סבון נוזלי ספא מסאג',מיליליטרים,500.00,"100 מ""ל",false,,15.90,0.0318,true,1,21567
7290100680650,false,מנה חמה נודלס-אטריות ירקות טעם תאילנדי אסם 76 ג',THAI PRESIDENT FOODS,TH,מנה חמה נודלס תאילנד,גרמים,76.00,100 גרם,false,,5.90,0.0776,true,1,18812
7290100680667,false,אוסם - מנה חמה נודלס בטעם סצ'ואן 76 גרם,THAI PRESIDENT FOODS,TH,מנה חמה נודלס ירקות,גרמים,76.00,100 גרם,false,,5.90,0.0776,true,1,18813
7290100680711,false,פירורית זהב אסם זהב 350ג',עינת תעשיות,IL,אסם פירורית זהב 350,גרמים,350.00,100 גרם,false,,8.90,0.0254,true,1,18814
7290100680728,false,פירורית רגילה 350 ג' אוסם,מיוצר עי קונדיטוריית,IL,פירורית רגילה שקית 3,גרמים,350.00,100 גרם,false,,7.90,0.0226,true,1,18815
7290100681015,false,פודינג אינסטנט בטעם ריבת חלב 80 גר,מיוצר עי קונדיטוריית,IL,אסם פודינג אינסטנט ר,גרמים,84.00,100 גרם,false,,5.50,0.0655,true,1,18817
7290100681138,false,אפרופו מארז שלישיה * 50ג' אסם,"אסם השקעות בע""מ",IL,אפרופו מאח 3*50 גר',גרמים,150.00,100 גרם,false,,12.90,0.0860,true,1,18819
7290100681503,false,סירופ עסיס לימונענע דיאט 1 ליטר,בית-השיטה עסיס תעשיו,IL,סירופ דיאט לימונענע,ליטרים,1.00,ליטר,false,,16.90,16.9000,true,1,18821
7290100683880,false,תבשילים משפחתיים פירה 260 גרם,"אסם השקעות בע""מ",IL,פירה אסם 260 גרם,גרמים,260.00,100 גרם,false,,13.90,0.0535,true,1,18829
7290100685068,false,פודינג וניל עם פצפוצי שוקולד 110 ג' אסם,,,אסם פדנג.אינס.ונל.פצ,גרמים,110.00,100 גרם,false,,5.50,0.0500,true,1,18835
7290100685136,false,"מרק טעם עוף 1 ק""ג בשקית","אסם השקעות בע""מ",IL,מרק בטעם עוף אסם 1 ק,קילוגרמים,1.00,"ק""ג",false,,14.90,14.9000,true,1,18836
7290100685334,false,מרק עוף אמיתי מרכיבים טבעיים 400 גרם,"אסם השקעות בע""מ",IL,מרק עוף מרכיבים טבעי,גרמים,400.00,100 גרם,false,,19.90,0.0497,true,1,18838
7290100686164,false,מארז מולטיפק ביסלי ברביקיו 6 יח 35 גר יח,מיוצר עי קונדיטוריית,IL,ביסלי ברביקיו מאח.8,גרמים,210.00,100 גרם,false,,12.90,0.0614,true,1,18846
7290100686171,false,מארז מולטיפק ביסלי גריל 6 יח 35 גר ליח,,,ביסלי גריל מאח.8 6*3,גרמים,210.00,100 גרם,false,,12.90,0.0614,true,1,18847
7290100687109,false,במבה במילוי קרם נוגט 60ג' אסם,"אסם השקעות בע""מ",IL,במבה במילוי קרם נוגט,גרמים,60.00,100 גרם,false,,4.50,0.0750,true,1,18850
7290100689301,false,אבקת מרק עוף זך עדיף אסם 400 גר',"אסם השקעות בע""מ",IL,מרק בטעם עוף זך אסם,גרמים,400.00,100 גרם,false,,13.90,0.0348,true,1,18857
7290100700006,false,"סוגת חיטה 1 ק""ג",,,"סוגת חיטה 1 ק""ג",קילוגרמים,1.00,"ק""ג",false,,8.90,8.9000,true,1,17351
7290100700020,false,גריסי פנינה סוגת 500 גר',האי נאם סי או אל.טי.,IL,סוגת גריסי פנינה 500,גרמים,500.00,100 גרם,false,,4.90,0.0098,true,1,17352
7290100700075,false,פירורי לחם מוזהבים 200 ג' סוגת,"סוגת תעשיות בע""מ",IL,פירורי לחם מוזהבים ש,גרמים,200.00,100 גרם,false,,3.90,0.0195,true,1,17353
7290100700242,false,"אורז מלא עגול סוגת 1 ק""ג","סוגת תעשיות בע""מ",IL,סוגת אורז מלא עגול 1,קילוגרמים,1.00,"ק""ג",false,,11.90,11.9000,true,1,17354
7290100700273,false,קינואה סוגת 500 גרם,האי נאם סי או אל.טי.,IL,קינואה סוגת 500 גרם,גרמים,500.00,100 גרם,false,,12.80,0.0256,true,1,17356
7290100700310,false,"כוסמת 1ק""ג סוגת",,,כוסמת 1 ק'ג,קילוגרמים,1.00,"ק""ג",false,,14.90,14.9000,true,1,17358
7290100700334,false,קינואה לבנה סוגת 1,"סוגת תעשיות בע""מ",IL,סוגת קינואה 1קג,קילוגרמים,1.00,"ק""ג",false,,19.90,19.9000,true,1,17360
7290100700372,false,"אורז בסמטי מלא סוגת 1 ק""ג",האי נאם סי או אל.טי.,IL,אורז בסמטי מלא 1 ק'ג,קילוגרמים,1.00,"ק""ג",false,,10.00,10.0000,true,1,17362
7290100700396,false,"אורז יסמין קלאסי 1 ק""ג סוגת",האי נאם סי או אל.טי.,IL,סוגת אורז יסמין קלאס,קילוגרמים,1.00,"ק""ג",false,,11.90,11.9000,true,1,17364
7290100700402,false,"חומוס ענק 1 ק""ג סוגת",,,חומוס ענק 1 ק'ג,קילוגרמים,1.00,"ק""ג",false,,19.90,19.9000,true,1,17365
7290100700587,false,"בורגול ""סוגת"" 500 גרם",האי נאם סי או אל.טי.,IL,סוגת בורגול 500 גר,גרמים,500.00,100 גרם,false,,5.90,0.0118,true,1,17370
7290100701157,false,"אורז לסושי סוגת 1 ק""ג",,IL,אורז סושי 1 קג,קילוגרמים,1.00,"ק""ג",false,,11.90,11.9000,true,1,17373
7290100701331,false,"קמח רב תכליתי 1 ק""ג סוגת","שטיבל בע""מ - טחנות ק",IL,קמח רב תכליתי סוגת,קילוגרמים,1.00,"ק""ג",false,,6.90,6.9000,true,1,17376
7290100701454,false,גרישה 500 גרם סוגת,"סוגת תעשיות בע""מ",IL,גרישה 500 גרם,גרמים,500.00,100 גרם,false,,5.90,0.0118,true,1,17382
7290100701577,false,קמח לחם מועשר בויטמי,שטיבל,IL,קמח לחם מועשר בויטמי,קילוגרמים,1.00,"ק""ג",false,,6.90,6.9000,true,1,17383
7290100701881,false,"קמח פיצה ופוקצה 1 ק""ג סוגת","שטיבל בע""מ - טחנת קמ",IL,קמח פיצה ופוקצה סוגת,קילוגרמים,1.00,"ק""ג",false,,6.90,6.9000,true,1,17388
7290100702260,false,קוסקוס דק סוגת 350 גר',,,קוסקוס דק סוגת 350 ג,גרמים,350.00,100 גרם,false,,4.90,0.0140,true,1,17393
7290100702277,false,קוסקוס עבה סוגת 350 גר',,IL,קוסקוס עבה סוגת 350,גרמים,350.00,100 גרם,false,,4.90,0.0140,true,1,17394
7290100702284,false,קוסקוס מלא סוגת 350 גרם,,,קוסקוס מלא סוגת 350,גרמים,350.00,100 גרם,false,,4.90,0.0140,true,1,17395
7290100702611,false,פתיתים אפויים אורז 500 גרם סוגת,אסיף,,פתיתים אפויים אורז ס,גרמים,500.00,100 גרם,false,,4.90,0.0098,true,1,17407
7290100702628,false,פתיתים אפויים קוסקוס 500 גרם סוגת,יושלם,IL,פתיתים אפויים קוסקוס,גרמים,500.00,100 גרם,false,,4.90,0.0098,true,1,17408
7290100702635,false,פתיתים אפויים כוכבים סוגת 500 ג',,,פתיתים אפויים כוכבים,גרמים,500.00,100 גרם,false,,4.90,0.0098,true,1,17409
7290100702741,false,"סוכר חום בהיר בצנצנת 1 ק""ג סוגת",,,סוכר חום בהיר בצנצנת,קילוגרמים,1.00,"ק""ג",false,,12.90,12.9000,true,1,17418
7290100702987,false,פתיתי שיבולת שועל דק סוגת 500ג',סוגת תעשיות,,פתיתי שיבולת שועל סו,גרמים,500.00,100 גרם,false,,5.90,0.0118,true,1,17435
7290100702994,false,סוכר דמררה קלאסי בשקית 500 גר סוגת,"סוגת תעשיות בע""מ",IL,סוכר דמררה בשקית סוג,גרמים,500.00,100 גרם,false,,6.90,0.0138,true,1,17436
7290100703007,false,עדשים שחורות בלוגה סוגת 500 גר',האי נאם סי או אל.טי.,IL,סוגת עדשים שחורות בל,גרמים,500.00,100 גרם,false,,8.90,0.0178,true,1,17437
7290100703649,false,"קמח מלא 80% חיטה ללא ניפוי סוגת 1ק""ג",,,קמח מלא חיטה 80% ללא,קילוגרמים,1.00,"ק""ג",false,,7.90,7.9000,true,1,17466
7290100703687,false,"קמח חלה ללא ניפוי 1 ק""ג סוגת",,,קמח חלה ללא ניפוי סו,קילוגרמים,1.00,"ק""ג",false,,7.90,7.9000,true,1,17469
7290100703861,false,"תערובת קמח קסם לחלה סוגת 1 ק""ג",סוגת,IL,קמח תערובת קסם לחלה,קילוגרמים,1.00,"ק""ג",false,,7.90,7.9000,true,1,17472
7290100703915,false,מארז פופקורן למיקרוגל בטעם חמאה 5+1 במתנה,,IL,מארז פופקורן למיקרוג,גרמים,540.00,100 גרם,false,,9.90,0.0183,true,1,17476
7290100704615,false,סוכר לבן דק דק בצנצנת 500 גרם,,IL,סוכר לבן דק דק בצנצנ,גרמים,500.00,100 גרם,false,,7.90,0.0158,true,1,187572
7290100704622,false,סוכר דמררה דק דק בצנצנת 500 גרם,,IL,סוכר דמררה דק דק בצנ,גרמים,500.00,100 גרם,false,,7.90,0.0158,true,1,187573
7290100704660,false,קינואה מיקס 500 גרם סוגת,"סוגת תעשיות בע""מ",IL,קינואה מיקס סוגת 500,גרמים,500.00,100 גרם,false,,12.80,0.0256,true,1,138880
7290100850909,false,דוריטוס נאצו מקסיקני 70 גרם,שטראוס פריטו ליי בע,IL,דוריטוס נאצו מקסיקני,גרמים,70.00,100 גרם,false,,3.90,0.0557,true,1,24185
7290100850916,false,דוריטוס חמוץ חריף 70 גרם,"שטראוס פריטו ליי בע""",IL,דוריטוס חמוץ חריף 70,גרמים,70.00,100 גרם,false,,3.90,0.0557,true,1,24186
7290100850923,false,דוריטוס גריל 70 גרם,שטראוס פריטו ליי בע,IL,דוריטוס גריל 70 גרם,גרמים,70.00,100 גרם,false,,3.90,0.0557,true,1,24187
7290100850930,false,דוריטוס טבעי 70 גרם,שטראוס פריטו ליי בע,IL,דוריטוס טבעי 70 גרם,גרמים,70.00,100 גרם,false,,3.90,0.0557,true,1,24188
7290100858592,false,אבקת קקאו עלית שקית 150 ג',הנסיך- מפעל לייצור ט,IL,עלית קקאו 150ג,גרמים,150.00,100 גרם,false,,9.90,0.0660,true,1,22371
7290100858608,false,אבקת קקאו עלית שקית 500 ג',שטראוס גרופ,,עלית קקאו 500ג,גרמים,500.00,100 גרם,false,,23.90,0.0478,true,1,22372
7290100921418,false,"הוואי - מרכך קרטין מחזק 700 מ""ל",תאי פרזידנט פוד פאבל,IL,מרכך קרטין מחזק הווא,מיליליטרים,700.00,"100 מ""ל",false,,9.90,0.0141,true,1,8144
7290100921609,false,סוד סבון לאסלה 4 כדוריות בניחוח אוקיינוס 50 ג',,,סוד סבון 4 כדוריות ל,גרמים,50.00,100 גרם,false,,8.90,0.1780,true,1,34961
7290100924631,false,"סוד - מרכך כביסה מרוכז בייבי סנסטיב 900 מ""ל","הנקל סוד בע""מ",IL,מרכך כביסה סוד מרוכז,מיליליטרים,900.00,"100 מ""ל",false,,11.90,0.0132,true,1,34986
7290100925676,false,קולור קאצ'ר 20 דפים לכביסה,,,קולור קאצ'ר 20 דפים,יחידה,0.00,יחידה,false,,22.90,0.0000,true,1,35025
7290101110460,false,גלידה בליסימו וניל צרפתי 1.3 ל' פלדמן,פלדמן,IL,בליסימו בטעם וניל צר,ליטרים,1.30,ליטר,false,,21.90,16.8462,true,1,128319
7290101112921,false,מאגדת גלידל פרי פירות טרופים 679 גר,,IL,פופסיקל בטעם פירות ט,גרמים,640.00,100 גרם,false,,24.90,0.0389,true,1,36094
7290101113447,false,עשירייה גלידל מיני קסטה בטעמי שוקו ווניל 270 ג' פלדמן,,,גלידל מיני סנדוויץ',גרמים,270.00,100 גרם,false,,31.90,0.1181,true,1,200698
7290101113584,false,טילון שוקולד לבן עם ליבת שוקולד - מאגדת יולו [5],,,מאגדת טילון YOLO בט,גרמים,400.00,100 גרם,false,,24.90,0.0622,true,1,128457
7290101113591,false,טילון שוקולד לבן עם עוגיות - מאגדת יולו[5],,,מאגדת טילון YOLO בט,גרמים,400.00,100 גרם,false,,24.90,0.0622,true,1,128445
7290101113751,false,מאגדת שלגון קרמל ושוקולד בלונדי רביעיה * 50 ג' יולו,,FR,מאגדת רביעייה שלגון,גרמים,200.00,100 גרם,false,,19.90,0.0995,true,1,229844
7290101113768,false,מאגדת שלגון עוגיות ושוקולד חלב רביעיה * 50 ג' יולו,,FR,מאגדת רביעייה שלגון,גרמים,200.00,100 גרם,false,,19.90,0.0995,true,1,229845
7290101113904,false,מארז מנבו וניל 12 יח' פלדמן,,IL,מנבו וניל 12 יח 288,גרמים,288.00,100 גרם,false,,20.90,0.0726,true,1,304333
7290101453918,false,נר מספר - 4,סודי,CN,נר מספר 4,יחידה,0.00,יחידה,false,,4.50,0.0000,true,1,32295
7290101459880,false,נרות אותיות- יום הול,,,נרות אותיות- יום הול,יחידה,0.00,יחידה,false,,9.90,0.0000,true,1,32494
7290101486688,false,חטיף פרי אנרגיה דגנים עם שוקולד חמישייה,טבעית מוצרים מן הטבע,IL,פרי חטיפי בריאות מאר,גרמים,100.00,100 גרם,false,,14.90,0.1490,true,1,21578
7290101488316,false,ליידי ספיד סטיק - דאודורנט סטיק לאישה ללא סימן ורוד סטיק 65 גרם,הנסיך- מפעל לייצור ט,US,דאו' ללא סימן ורוד ל,מיליליטרים,65.00,"100 מ""ל",false,,19.30,0.2969,true,1,21584
7290101551263,false,סילאן טבעי 700 גרם יד מרדכי,"פוליבה בע""מ",IL,סילאן טבעי יד מרדכי,גרמים,700.00,100 גרם,false,,23.00,0.0329,true,1,22381
7290101551300,false,סילאן טבעי טהור לחיץ יד מרדכי 380 גר,"פוליבה בע""מ",IL,סילאן טבעי לחיץ יד מ,גרמים,380.00,100 גרם,false,,15.60,0.0411,true,1,22382
7290101551539,false,דנונה פרו 20 ג' חלבון בטעם אפרסק 200 ג',,IL,דנונה פרו 20 אפרסק 2,גרמים,200.00,100 גרם,false,,6.20,0.0310,true,1,23403
7290101551584,false,תפוצ'יפס קידס מארז 10 יח' * 20 ג',"שטראוס פריטו ליי בע""",IL,מארז תפוצ'יפס קידס 1,גרמים,200.00,100 גרם,false,,14.10,0.0705,true,1,24193
7290101551614,false,צ'יטוס קראנצ גבינה עלית מארז 8 יח' *30ג',הנסיך- מפעל לייצור ט,IL,מארז צ'יטוס קראנצ' ג,גרמים,240.00,100 גרם,false,,15.20,0.0633,true,1,24195
7290101551645,false,מארז ציטוס טעם פיצה איקס עיגול 10* 20 גר,הנסיך- מפעל לייצור ט,IL,מארז צ'יטוס איקס עיג,גרמים,200.00,100 גרם,false,,14.10,0.0705,true,1,24198
7290101825234,false,כפפות חד פעמי לטקס ע,,,כפפות חד פעמי לטקס ע,יחידה,0.00,יחידה,false,,22.90,0.0000,true,1,123966
7290101863410,false,"סיליט ניקוי עוצמתי מכיל אקונומיקה 750 מ""ל",רקיט בנקיזר,PL,סיליט באנג ספריי אקו,מיליליטרים,750.00,"100 מ""ל",false,,14.90,0.0199,true,1,20908
7290101864127,false,"ספריי להסרת כתמים 750 מ""ל וניש קליה",רקיט בנקיזר,IL,קליה אוקסי ספריי 750,מיליליטרים,750.00,"100 מ""ל",false,,16.90,0.0225,true,1,20912
7290101865261,false,"פיניש נוזל הברקה 800 מ""ל",רקיט בנקיזר,PL,פיניש הברקה 800 מל,מיליליטרים,800.00,"100 מ""ל",false,,19.90,0.0249,true,1,20919
7290101866633,false,וניש קליה ג'ל מסיר כתמים 3 ליטר,רקיט בנקיזר,IL,וניש קליה ג'ל 3 ליטר,ליטרים,3.00,ליטר,false,,29.90,9.9667,true,1,20925
7290101866787,false,מסיר כתמים ומלבין לכביסה לבנה 3 ל וניש קליה,רקיט בנקיזר בעמ,IL,וניש נוזל מסיר כתמים,ליטרים,3.00,ליטר,false,,29.90,9.9667,true,1,20928
7290101868460,false,"אבקת כביסה 101 8 ק""ג קולון",,,אבקת כביסה קולון 101,קילוגרמים,8.00,"ק""ג",false,,54.90,6.8625,true,1,20947
7290101869733,false,גל AIO פיניש לימון 1 ליטר,,,ג'ל 1 ליטר לימון AIO,ליטרים,1.00,ליטר,false,,42.90,42.9000,true,1,20963
7290101982470,false,ממתק רולר 30 מל' בטעמים,יושלם,,ממתק רולר 30 גרם,גרמים,30.00,100 גרם,false,,5.90,0.1967,true,1,32518
7290101985365,false,בקבוק אלומיניום גדול,,,בקבוק אלומיניום גדול,יחידה,0.00,יחידה,false,,22.50,0.0000,true,1,32573
7290101994497,false,כרזה לדלת נסיכות,,,כרזה לדלת נסיכות,יחידה,0.00,יחידה,false,,14.00,0.0000,true,1,32698
7290102030330,false,תפוציפס קראנצ מקסיקני 200 גרם,"שטראוס פריטו ליי בע""",IL,תפוצ'יפס קראנץ מקסיק,גרמים,200.00,100 גרם,false,,10.90,0.0545,true,1,24206
7290102032334,false,קפה נמס בטעם וניל 200 ג' עלית,,,קפה נמס עלית בטעם ונ,גרמים,200.00,100 גרם,false,,19.90,0.0995,true,1,22385
7290102303977,false,גוש טונה בשמן זית רוברט 140 גרם,Ramirez,PT,טונה בשמן זית רוברט,גרמים,120.00,100 גרם,false,,12.90,0.1075,true,1,281539
7290102390427,false,יוגורט ביו עם קציפת תות 3% שומן 150 ג' מולר,טרה,,מולר פרופ תות 3% 150,גרמים,150.00,100 גרם,false,,5.30,0.0353,true,1,6444
7290102390465,false,יוגורט ביו עם קציפת אפרסק ופסיפלורה 3% שומן 150 ג' מולר,טרה,,מולר פרופ אפרסק פסיפ,גרמים,150.00,100 גרם,false,,5.30,0.0353,true,1,6445
7290102390489,false,יוגורט ביו עם קציפת לימון 3% שומן 150 ג' מולר,טרה,,מולר פרופ לימון 3% 1,גרמים,150.00,100 גרם,false,,5.30,0.0353,true,1,6447
7290102391844,false,יוגורט ביו עם קציפת פירות יער3% שומן 150 ג' מולר,טרה,,מולר פרופ לבן+קציפת,גרמים,150.00,100 גרם,false,,5.30,0.0353,true,1,6454
7290102392094,false,חלב עיזים 4.1% צוריאל 1 ל' קרטון,מילקו תעשיות בעמ,IL,צוריאל חלב עיזים 1ל,ליטרים,1.00,ליטר,false,,16.50,16.5000,true,1,6457
7290102392254,false,חלב 1% בקרטון 2 ל' טרה,מילקו תעשיות בעמ,IL,טרה חלב 1% 2ל,ליטרים,2.00,ליטר,false,,11.72,5.8600,true,1,6460
7290102393039,false,מולר מיקס יוגורט קרמי בתוספת פצפוצי שוקולד 170 ג',טרה,IL,מולר מיקס בתוספת פצפ,מיליליטרים,170.00,"100 מ""ל",false,,6.20,0.0365,true,1,6473
7290102393176,false,סימפלי פרוט יוגורט אפרסק 3% שומן 150 ג' מולר,מילקו תעשיות בעמ,IL,מולר סימפלי פרוט אפר,גרמים,150.00,100 גרם,false,,5.10,0.0340,true,1,6481
7290102393190,false,סימפלי פרוט פירות היער 3% שומן 150 ג' מולר,מילקו תעשיות בעמ,IL,מולר סימפלי פרוט פיר,גרמים,150.00,100 גרם,false,,5.10,0.0340,true,1,6482
7290102393268,false,גבינה לבנה 5% שומן 750 ג' טרה,,,טרה גבינה לבנה אריזת,גרמים,750.00,100 גרם,false,,14.90,0.0199,true,1,6483
7290102393299,false,יוגורט עיזים לשתייה 3% שומן 500 ג' צוריאל,מיוצר עי קוד יצרן HG,IL,צוריאל יוגורט עיזים,מיליליטרים,500.00,"100 מ""ל",false,,12.50,0.0250,true,1,6484
7290102393947,false,סימפלי פרוט יוגורט בטעם קיווי 3% שומן 150 ג' מולר,מילקו תעשיות בעמ,IL,מולר סימפלי פרוט קיו,מיליליטרים,150.00,"100 מ""ל",false,,5.10,0.0340,true,1,6490
7290102394081,false,מיקס יוגורט קורנפקלס מצופה שוקולד 170 ג' מולר,מילקו תעשייה בעמ,IL,מולר מיקס קורנפקלס מ,גרמים,170.00,100 גרם,false,,6.20,0.0365,true,1,6492
7290102394463,false,נעם גבינה צהובה וואקום 28% 500 גרם,טרה,IL,נעם גבינה צהובה וואק,גרמים,500.00,100 גרם,false,,28.90,0.0578,true,1,6501
7290102394845,false,גבינה צהובה דק דקה 9% 200 ג' נעם,מילקו תעשיות בעמ,IL,נעם גבינה צהובה דק ד,גרמים,200.00,100 גרם,false,,17.90,0.0895,true,1,6506
7290102395101,false,ממרח גבינה ושוקולד שוקי 200 גר,מילקו תעשיות בעמ,IL,מוו ממרח גבינה ושוקו,גרמים,200.00,100 גרם,false,,11.90,0.0595,true,1,6509
7290102395217,false,מאגדת שמיניה מולר במתיקות מעודנת 1.2% 8*150 ג',טרה,,מולר ביאנקו במתיקות,קילוגרמים,1.20,"ק""ג",false,,19.50,16.2500,true,1,6513
7290102395224,false,יוגורט מולר ביאנקו 1.7% מארז 150X8ג',טרה,,מולר נטורל 1.7% 8*15,קילוגרמים,1.20,"ק""ג",false,,18.50,15.4167,true,1,6514
7290102395231,false,מולר נטורל 2.8% ביאנקו מאגדת 8 יח' * 150 ג',טרה,,מולר נטורל 2.8% 8*15,קילוגרמים,1.20,"ק""ג",false,,18.50,15.4167,true,1,6515
7290102395262,false,מולר סימפלי תות אפרסק 3% מאגדת 8 יח' * 150 ג',טרה,IL,מולר תות שדה ואפרסק,קילוגרמים,1.20,"ק""ג",false,,31.90,26.5833,true,1,6516
7290102395378,false,גבינה צהובה נועם 28% וואקום פרוס 360ג',טרה,IL,נעם גבינה צהובה ואקו,גרמים,360.00,100 גרם,false,,20.90,0.0581,true,1,6518
7290102395439,false,מולר סימפלי פירות יער וקיווי 3% מאגדת 8 יח' * 150 ג',מילקו תעשיות בעמ,IL,מולר סימפלי פירות יע,קילוגרמים,1.20,"ק""ג",false,,31.90,26.5833,true,1,6520
7290102395446,false,מעדן חלב בטעם וניל עם קצפת 123 ג' טרה,טרה,IL,מוו וניל קצפת 123מל,מיליליטרים,123.00,"100 מ""ל",false,,3.10,0.0252,true,1,6521
7290102395477,false,מעדן חלב בטעם שוקולד עם קצפת 123 ג' טרה,טרה,IL,מוו שוקולד קצפת 123מ,מיליליטרים,123.00,"100 מ""ל",false,,3.10,0.0252,true,1,6524
7290102395521,false,"שמנת לבישול 15% שומן 500 מ""ל טרה",מילקו תעשיות בעמ,IL,טרה שמנת לבישול 15%+,מיליליטרים,500.00,"100 מ""ל",false,,17.50,0.0350,true,1,6525
7290102396399,false,מאגדת שמיניה מעדן שוקולד 100*8 גר,,,מוו מעדן שוקולד 100*,גרמים,800.00,100 גרם,false,,14.20,0.0177,true,1,6542
7290102396405,false,מאגדת שמיניה מעדן וניל 100*8 גר,,,מוו מעדן וניל 100*8,גרמים,800.00,100 גרם,false,,14.20,0.0177,true,1,6543
7290102396436,false,מעדן שוקולד 1.5% שומן 125 ג' טרה,,,מוו מעדן שוקולד 1.5%,גרמים,125.00,100 גרם,false,,3.00,0.0240,true,1,6546
7290102396443,false,מעדן וניל 1.5% שומן 125 ג' טרה,,,מוו מעדן וניל 1.5% 1,גרמים,125.00,100 גרם,false,,3.00,0.0240,true,1,6547
7290102396580,false,מעדן שוקולד ומוס שוקולד 123 ג' טרה,טרה,IL,מוו מעדן שוקולד ומוס,גרמים,118.00,100 גרם,false,,3.10,0.0263,true,1,6551
7290102396665,false,פרוסות גבינה 15% שומן 200 ג' נעם,מילקו תעשיות בעמ,IL,גבנ`צ דקדק פתח סגור,גרמים,200.00,100 גרם,false,,16.90,0.0845,true,1,6555
7290102396719,false,מולר סימפלי פרוט תות 0% 150 ג',טרה,IL,מולר סימפלי פרוט תות,גרמים,170.00,100 גרם,false,,5.10,0.0300,true,1,6558
7290102396740,false,מולר סימפלי %0 תות ואפרסק מאגדת 8 יח' * 150 ג',מילקו תעשיות בעמ,IL,מולר סימפלי פרוט 0%,קילוגרמים,1.20,"ק""ג",false,,31.90,26.5833,true,1,6561
7290102397464,false,יוגורט ביו בתוספת גרעינים אגוזים וחמוציות 170 ג' מולר,טרה,IL,מולר יוגורט נטורל +,גרמים,150.00,100 גרם,false,,6.20,0.0413,true,1,6597
7290102397600,false,מיקס יוגורט בתוספת שקדים ובוטנים מקורמלים 170 ג' מולר,מילקו תעשייה בעמ,IL,מולר מיקס שקדים ובוט,גרמים,168.00,100 גרם,false,,6.20,0.0369,true,1,6607
7290102397617,false,מיקס מולר יוגורט און טופ קליק חטיף חום לבן 170ג',טרה,IL,מולר מיקס קליק 168 ג,גרמים,168.00,100 גרם,false,,6.20,0.0369,true,1,6608
7290102397730,false,פרוסות גבינה אמנטל חצי קשה 30% שומן 200 ג' נעם,טרה,IL,גבינת אמנטל נעם פתיח,גרמים,200.00,100 גרם,false,,17.90,0.0895,true,1,6616
7290102397747,false,מוצרלה נעם רכיבים טבעיים 200 גרם,טרה,IL,מוצרלה נעם רכיבים ט,גרמים,200.00,100 גרם,false,,19.90,0.0995,true,1,6617
7290102397891,false,גבינת מותכת 18% צוריאל 100ג',משק צוריאל,IL,רביעייה גבינה מותכת,גרמים,100.00,100 גרם,false,,7.90,0.0790,true,1,6624
7290102398065,false,חלב 3% וסטהיים בקרטון 2 ל' טרה,טרה,IL,טרה חלב קרטון 3% מהד,יחידה,0.00,יחידה,false,,12.46,0.0000,true,1,6633
7290102398331,false,חלב מעושר 2% דל לקטוז טרה 1ל',טרה,IL,חלב מועשר 1 ליטר דל,ליטרים,1.00,ליטר,false,,7.70,7.7000,true,1,6652
7290102398553,false,שוקו טרה בבקבוק 1.5 ליטר,מילקו תעשיות בעמ,IL,שוקו טרה בבקבוק 1.5,ליטרים,1.50,ליטר,false,,16.90,11.2667,true,1,6666
7290102398560,false,שוקו מעושר בבקבוק 1ל' טרה,מילקו תעשיות בעמ,IL,שוקו טרה מועשר בבקבו,ליטרים,1.00,ליטר,false,,12.20,12.2000,true,1,6667
7290102398577,false,"שוקו מועשר בבקבוק פקק 250 מ""ל טרה",מילקו תעשיות בעמ,IL,שוקו טרה מועשר בבקבו,מיליליטרים,250.00,"100 מ""ל",false,,5.80,0.0232,true,1,6668
7290102398614,false,משקה חלב בטעם בננה 1ל' טרה,מילקו תעשיות בעמ,IL,משקה חלב בטעם בננה 1,ליטרים,1.00,ליטר,false,,12.20,12.2000,true,1,6669
7290102398638,false,משקה חלב בטעם מוקה 1ל' טרה,מילקו תעשיות בעמ,IL,משקה חלב בטעם מוקה 1,ליטרים,1.00,ליטר,false,,12.20,12.2000,true,1,6670
7290102398669,false,משקה חלב אייס קפוצינו 1 ל' טרה,מילקו תעשיות בעמ,IL,אייס קפוצ'ינו מווו ט,ליטרים,1.00,ליטר,false,,12.20,12.2000,true,1,75133
7290102398805,false,משקה סויה בטעם וניל משק צוריאל 1 ליטר,,IL,משקה סויה בטעם וניל,ליטרים,1.00,ליטר,false,,9.90,9.9000,true,1,6678
7290102398836,false,משקה שקדים קלאסי משק צוריאל 1 ליטר,,IT,משקה שקדים קלאסי משק,ליטרים,1.00,ליטר,false,,12.90,12.9000,true,1,6680
7290102399048,false,פרוסות גבינת קשקבל נעם 200 ג' טרה,טרה,IL,קשקבל נעם פתיחה חוזר,גרמים,200.00,100 גרם,false,,23.00,0.1150,true,1,6687
7290102399635,false,"מולר פרופ יוגורט ביו עם קציפת קוקוס ואננס 150 מ""ל",טרה,IL,מעדן מולר פרופ קוקוס,גרמים,150.00,100 גרם,false,,5.30,0.0353,true,1,75816
7290102399772,false,מולר ספרדבל ממרח חמאה מליחות עדינה 200 ג,Molkerei Weihensteph,DE,מולר ממרח חמאה במליח,גרמים,250.00,100 גרם,false,,16.90,0.0676,true,1,73547
7290102399802,false,יוגורט עם תות מולר אקטיב מועשר בחלבון 200 גר',טרה,IL,יוגורט חלבון תות 20,גרמים,200.00,100 גרם,false,,6.20,0.0310,true,1,70434
7290102399819,false,יוגורט עם פירות יער מולר אקטיב מועשר בחלבון 200 גר',טרה,IL,יוגורט חלבון פ.יער 2,גרמים,200.00,100 גרם,false,,6.20,0.0310,true,1,70435
7290102399857,false,מולר אקטיב יוגורט חלבון תות 0% שומן 200 ג',,IL,יוגורט מולר אקטיב לי,גרמים,150.00,100 גרם,false,,6.20,0.0413,true,1,81375
7290102840175,false,"פודינג 85 גרם ""מיה"" וניל 85 גרם",,IL,פודינג וניל 85 גר מי,גרמים,85.00,100 גרם,false,,3.80,0.0447,true,1,15286
7290102840182,false,פודינג שוקולד 85 ג' מיה,,,פודינג שוקולד 85 ג,גרמים,85.00,100 גרם,false,,3.80,0.0447,true,1,15287
7290102840205,false,ג'לי תות 85 גר מיה,,IL,גלי תות 85 גר מיה,גרמים,90.00,100 גרם,false,,3.90,0.0433,true,1,15289
7290103120658,false,דאו' ספיד סטיק 24/7 ג'ל שחור 85ג',הנסיך- מפעל לייצור ט,US,דאודורנט ג'ל שחור ספ,מיליליטרים,85.00,"100 מ""ל",false,,18.90,0.2224,true,1,21598
7290103124601,false,"תחליב רחצה נוזל חלב ודבש משאבה 750מ""ל פלמוליב",הנסיך- מפעל לייצור ט,TR,תחליב רחצה חלב ודבש,מיליליטרים,750.00,"100 מ""ל",false,,19.90,0.0265,true,1,21606
7290103126797,false,"קולגייט משחת שיניים סנסטיב פרו רליף 75 מ""ל",הנסיך- מפעל לייצור ט,BR,סנסטיב פרו רילף קולג,מיליליטרים,110.00,"100 מ""ל",false,,21.90,0.1991,true,1,21610
7290103128739,false,בלונס צימרוני אוזניים לתינוק 50 יח',הנסיך- מפעל לייצור ט,GR,בלונס צימרוני אוזניי,יחידה,0.00,יחידה,false,,6.90,0.0000,true,1,21615
7290103129378,false,ספיד סטיק - דאודורנט ג'ל לגבר איקס 5 85 גרם,הנסיך- מפעל לייצור ט,US,דאו' ג'ל X5 לגבר ספי,גרמים,51.00,100 גרם,false,,19.90,0.3902,true,1,21620
7290103129408,false,ליידי ספיד סטיק - דאודורנט סטיק לאישה פרש אסנס פריחת הפרדס 65 גרם,קולגייט פלמוליב,US,דאו' פריחת הפרדס ליי,גרמים,65.00,100 גרם,false,,19.30,0.2969,true,1,21622
7290103400231,false,"גזר 400 גר בד""צ ירקות שטראוס",תות תעשיות מזון (201,IL,גזר גוליאן בדצ 400גר,גרמים,400.00,100 גרם,false,,9.30,0.0233,true,1,23428
7290103401429,false,קפה קצב ברזילאי אוריגינס 200 גר,הנסיך- מפעל לייצור ט,IL,קפה אוריגינס קצב ברז,גרמים,200.00,100 גרם,false,,24.90,0.1245,true,1,22399
7290103404758,false,סלט כרוב אדום יום יו,מיוצר עי קונדיטוריית,IL,אחלה כרוב אדום 120ג,גרמים,120.00,100 גרם,false,,5.50,0.0458,true,1,23432
7290103408206,false,עלי חסה בקופסא 250 גרם ירקות שטראוס,שטראוס בריאות ירקות,IL,עלי חסה ערבית שטופים,גרמים,250.00,100 גרם,false,,10.50,0.0420,true,1,23435
7290103700195,false,שאפו רדיד אלומיניום צר 30*7.5 2יח',"שניב תעשיות נייר בע""",,טאצ רדיד אלומיניום ק,מטרים,15.00,מטר,false,,11.90,0.7933,true,1,24463
7290103700386,false,טאצ כריות יפניות מארז שישיה,"שניב תעשיות נייר בע""",IL,טאצ' כריות יפניות 6י,יחידה,0.00,יחידה,false,,9.90,0.0000,true,1,24466
7290103700393,false,טאצ' כריות יפניות עבות עם תעלות 4 יח',"שניב תעשיות נייר בע""",IL,טאצ' כריות יפניות עב,יחידה,0.00,יחידה,false,,8.90,0.0000,true,1,24467
7290103700997,false,נייר טואלט לובלי 40 גלילים,,IL,לאבלי נייר טואלט 40,מטרים,716.00,מטר,false,,38.90,0.0543,true,1,24471
7290103701017,false,טאצ' נייר אפייה נשלף 50 יח',"שניב תעשיות נייר בע""",IL,טאצ' נייר אפייה נשלף,יחידה,0.00,יחידה,false,,9.90,0.0000,true,1,24472
7290103701093,false,טאצ' מטליות מיקרופייבר לרצפה 2 יח',"שניב תעשיות נייר בע""",,טאצ מטליות מקרופייבר,יחידה,0.00,יחידה,false,,13.90,0.0000,true,1,24475
7290103701130,false,מטליות מיקרופייבר לניקוי כללי טאצ 7 יח,,,טאצ מטליות מקרופייבר,יחידה,0.00,יחידה,false,,13.90,0.0000,true,1,24476
7290103702229,false,טאצ מפות שולחן שמינייה עבות במיוחד,"שניב תעשיות נייר בע""",,טאצ מפות עבות במיוחד,יחידה,0.00,יחידה,false,,8.90,0.0000,true,1,24484
7290103702298,false,טאצ' אשפתון עבה בגליל 77*90 50 יח',"שניב תעשיות נייר בע""",,טאצ אשפתון בגליל 50,יחידה,0.00,יחידה,false,,15.90,0.0000,true,1,24489
7290103702304,false,טאצ אשפתון עבה במיוחד 35 יחידות,"שניב תעשיות נייר בע""",,טאצ אשפתון בגליל 35,יחידה,0.00,יחידה,false,,15.90,0.0000,true,1,24490
7290103702328,false,טאצ אשפתון עבה וחזק במיוחד 25 יחידות,"שניב תעשיות נייר בע""",,טאצ אשפתון בגליל 25,יחידה,0.00,יחידה,false,,15.90,0.0000,true,1,24492
7290103702526,false,קופסת ממחטות טאצ' 100 יח',,,ממחטות טאצ` 100 יח`,יחידה,0.00,יחידה,false,,6.90,0.0000,true,1,24496
7290103702540,false,נייר טואלט מהדרות כדור פורח 30 גלילים טאצ',,,נייר טואלט 30 יח' מ,יחידה,0.00,יחידה,false,,23.90,0.0000,true,1,62794
7290103702779,false,מפיות אירוח טאצ` 15,,,מפיות אירוח טאצ` 15,יחידה,0.00,יחידה,false,,8.90,0.0000,true,1,24500
7290103703219,false,דלי מטליות לחות לניקוי כללי בניחוח לימון טאצ',,,טאצ' מטליות לחות לני,יחידה,0.00,יחידה,false,,20.90,0.0000,true,1,38150
7290103703226,false,טאצ מטליות לחות לניקוי כללי,,,טאצ' מטליות לחות לני,יח',50.00,יח',false,,7.90,0.1580,true,1,24505
7290103703240,false,טאצ' מטליות לחות לניקוי רצפות,,,טאצ' מטליות לחות לרי,יח',10.00,יח',false,,9.90,0.9900,true,1,24506
7290103703370,false,טאצ מגבוני טואלט לחים מארז שלישייה,,,טאצ' מגבוני נייר טוא,יח',3.00,יח',false,,14.90,4.9667,true,1,24507
7290103703394,false,טאצ ניילון נצמד זוגות,,,טאצ' ניילון נצמד זוג,יחידה,0.00,יחידה,false,,9.90,0.0000,true,1,24508
7290103703455,false,טאצ' ספוג לניקוי כתמים שלישיה,,IL,טאצ' ספוג מבריק הפלא,גרמים,50.00,100 גרם,false,,9.90,0.1980,true,1,24509
7290103703578,false,לובלי נייר טואלט תלת,,,לובלי נייר טואלט תלת,יחידה,0.00,יחידה,false,,42.90,0.0000,true,1,24510
7290103704162,false,נייר טואלט טאצ' פרימיום 32 גלילים,"שניב תעשיות נייר בע""",IL,נייר טואלט טאצ' 32 ג,יח',0.00,יח',false,,28.90,0.0000,true,1,126482
7290103704193,false,מגבות טאצ 8 גליל כפול,,,מגבות טאצ' גליל כפול,יחידה,0.00,יחידה,false,,24.90,0.0000,true,1,210672
7290103704575,false,נייר טואלט טאצ' פרימיום 48 גלילים,,,נייר טואלט טאצ' 48 י,יחידה,0.00,יחידה,false,,39.90,0.0000,true,1,126495
7290103704681,false,טאצ' שקיות קוקי גדולות 10 יח',,,שקיות קוקי 10 יח' טא,יחידה,0.00,יחידה,false,,4.90,0.0000,true,1,274190
7290103704766,false,נייר טואלט 24 גליל כפול מהדורת פרח סגול,,,נייר טואלט 24 גליל,יחידה,0.00,יחידה,false,,42.90,0.0000,true,1,260446
7290103746001,false,ממחטות אף טאצ' מארז 100X5יח',"שניב תעשיות נייר בע""",IL,ממחטות טאצ' חמישייה,יחידה,0.00,יחידה,false,,11.90,0.0000,true,1,24522
7290104061417,false,חומוס טחינה אחלה 400 ג',"שטראוס גרופ בע""מ",IL,אחלה חומוס טחינה 400,גרמים,400.00,100 גרם,false,,9.90,0.0248,true,1,23437
7290104061431,false,חומוס אחלה עם צנובר 400 ג',"שטראוס גרופ בע""מ",IL,אחלה חומוס צנובר 400,גרמים,400.00,100 גרם,false,,10.90,0.0273,true,1,23439
7290104061448,false,חומוס עם חריף 400 ג' אחלה,מיוצר עי קונדיטוריית,IL,אחלה חומוס חריף 400ג,גרמים,400.00,100 גרם,false,,10.90,0.0273,true,1,23440
7290104062599,false,גמדים בכפית תות בננה דיסני 8 יח' * 100 ג',,,גמדים תות בננה 8*100,מיליליטרים,800.00,"100 מ""ל",false,,19.80,0.0248,true,1,23441
7290104065187,false,קפה נמס בטעם מוקה 200 ג' עלית,,,קפה נמס עלית בטעם מו,גרמים,200.00,100 גרם,false,,19.90,0.0995,true,1,22427
7290104065934,false,עלי רוקט 150 גרם שטראוס,שטראוס בריאות ירקות,IL,שטראוס עלי רוקט 150ג,גרמים,150.00,100 גרם,false,,10.50,0.0700,true,1,23442
7290104066566,false,טחינה שומשום מלא אחלה 500 גר',מיוצר עי קונדיטוריית,IL,אחלה טחינה 500ג,גרמים,500.00,100 גרם,false,,14.40,0.0288,true,1,23444
7290104067693,false,חומוס עם חריף 150 ג' אחלה,מיוצר עי קונדיטוריית,IL,אחלה חומוס עם חריף 1,גרמים,150.00,100 גרם,false,,5.90,0.0393,true,1,23447
7290104500572,false,אפרופו חטיף איטליאנו 50 ג' אסם,מיוצר עי קונדיטוריית,IL,אפרופו איטלקי 36*50ג,גרמים,50.00,100 גרם,false,,5.00,0.1000,true,1,18860
7290104501661,false,פודינג אינסטנט בטעם וניל צרפתי 80 גר,מיוצר עי קונדיטוריית,IL,אסם פודינג בטעם וניל,גרמים,80.00,100 גרם,false,,5.50,0.0688,true,1,18861
7290104504228,false,דובונים מולטיפק מארז 5 יח' * 20 ג' אסם,"אסם השקעות בע""מ",IL,דובונים קדמ.מארז אחי,גרמים,100.00,100 גרם,false,,13.90,0.1390,true,1,18866
7290104508202,false,גביעי גלידה אמריקאים 24 יח' אסם 120 ג',"גילרו בע""מ",IL,גביעי גלידה אמריקאים,גרמים,120.00,100 גרם,false,,12.90,0.1075,true,1,18873
7290104508943,false,במבה אריזת חסכון 200 גרם,"אסם השקעות בע""מ",IL,במבה קלאסי 18*200 גר,גרמים,200.00,100 גרם,false,,8.90,0.0445,true,1,18875
7290104570131,false,"תמר מג'הול 1 ק""ג",,,"תמר מג'הול 1 ק""ג",קילוגרמים,1.00,"ק""ג",false,,17.90,17.9000,true,1,42955
7290104570162,false,תמרים כבוש ביסאן 500 ג',,,תמר כבוש 500 גרם,גרמים,500.00,100 גרם,false,,9.90,0.0198,true,1,42956
7290104720499,false,דני וניל מאגדת 8 יח' *125 ג',מיוצר עי קונדיטוריית,IL,מארז דני וניל 8*125,מיליליטרים,125.00,"100 מ""ל",false,,16.90,0.1352,true,1,23449
7290104721762,false,מארז קפה טורקי עלית 3*85 גר,,IL,טורקי עלית 3*85 גר'.,גרמים,255.00,100 גרם,false,,18.90,0.0741,true,1,22438
7290104722530,false,תפוצ'יפס שמנת בצל 200 גרם,"שטראוס פריטו ליי בע""",IL,תפוציפס שמנת בצל 200,גרמים,200.00,100 גרם,false,,10.90,0.0545,true,1,24229
7290104726262,false,דני לשתיה שוקולד דיסני מארז 125X4 ג',מיוצר עי קונדיטוריית,IL,דני שוקולד לשתייה מא,מיליליטרים,500.00,"100 מ""ל",false,,11.40,0.0228,true,1,23459
7290104726712,false,"מילקי שוקולד וקצפת מארז 170X8מ""ל","שטראוס גרופ בע""מ",IL,מילקי שמינייה מארז 8,קילוגרמים,1.06,"ק""ג",false,,20.90,19.7170,true,1,23460
7290104960239,false,"תחליב רחצה נקה 7 ארומה לבן 750 מ""ל",טרופיקל דגיל תעשיות,IL,תחליב רחצה קמומיל נק,מיליליטרים,750.00,"100 מ""ל",false,,11.90,0.0159,true,1,30474
7290104960338,false,"נקה 7 תחליב רחצה ארומה אלוורה ותה ירוק 750מ""ל",,,תחליב רחצה אלוורה ות,מיליליטרים,750.00,"100 מ""ל",false,,11.90,0.0159,true,1,30477
7290104960970,false,"טיטניום מטאל דאודורנט ספריי 180מ""ל",אמיליה קוסמטיקס בעמ,IL,דאו' ספריי מטאל טיטנ,מיליליטרים,180.00,"100 מ""ל",false,,15.90,0.0883,true,1,30483
7290104961250,false,"נקה 7 תחליב רחצה מגע קטיפה וניל מאסק 750 מ""ל",טרופיקל דגיל תעשיות,IL,תחליב רחצה וניל מאסק,מיליליטרים,750.00,"100 מ""ל",false,,11.90,0.0159,true,1,30488
7290104961526,false,"טיטניום - דאודורנט ספריי לגבר קלאסיק 150 מ""ל",,,ספריי גוף קלאסיק טיט,מיליליטרים,150.00,"100 מ""ל",false,,11.90,0.0793,true,1,30495
7290104961540,false,"טיטניום דאדורנט ספריי גוף מטאל 150 מ""ל",אמיליה קוסמטיקס,IL,טיטניום דאודורנט ספר,מיליליטרים,150.00,"100 מ""ל",false,,11.90,0.0793,true,1,30497
7290104961878,false,"שמפו לשיער קרטין אינטנס פורמולה 400 מ""ל נטורל",טרופיקל דגיל תעשיות,IL,קרטין אינטנס שמפו נט,מיליליטרים,400.00,"100 מ""ל",false,,30.90,0.0772,true,1,30499
7290104961885,false,"נטורל פורמולה מרכך קרטין אינטנס 400 מ""ל",טרופיקל דגיל תעשיות,IL,מרכך קרטין אינטנס נט,מיליליטרים,400.00,"100 מ""ל",false,,30.90,0.0772,true,1,30500
7290104962073,false,"טיטניום דאודורנט ספריי גולד 180 מ""ל",אמיליה קוסמטיקס בעמ,IL,דאו' ספריי גולד טיטנ,מיליליטרים,180.00,"100 מ""ל",false,,15.90,0.0883,true,1,30509
7290104962080,false,"טיטניום - דאודורנט ספריי לגבר גולד 150 מ""ל",משווק: קוסמופארם בעמ,IL,ספריי גוף גולד טיטני,מיליליטרים,150.00,"100 מ""ל",false,,11.90,0.0793,true,1,30510
7290104963223,false,סופטקר - אל סבון עדין לתינוק לעור רגיש 1 ליטר,,,סופטקר אלסבון קלאסי,יחידה,0.00,יחידה,false,,17.90,0.0000,true,1,30542
7290104964107,false,"קרליין - מולטי אפקט קרם עיניים 30 מ""ל",,,קרם עיניים קרליין 3,מיליליטרים,50.00,"100 מ""ל",false,,29.90,0.5980,true,1,148031
7290104964350,false,"נקה 7 סבון בניחוח פרחי מים שלישייה * 500 מ""ל",,,סבון נוזלי פרחי מים,ליטרים,1.50,ליטר,false,,19.90,13.2667,true,1,30559
7290105180377,false,מוצץ סיליקון צבעוני שלישייה בינוני,,,מוצץ סיליקון שלישייה,יחידה,0.00,יחידה,false,,16.00,0.0000,true,1,1274
7290105360250,false,קפסולות 09 עשיר וארומטי למכונת נספרסו עלית 10יח',הנסיך- מפעל לייצור ט,IL,עלית קפסולות מקיאטו,גרמים,50.00,100 גרם,false,,16.90,0.3380,true,1,22455
7290105360335,false,קפסולות אספרסו למכונות נספרסו 50 גר,הנסיך- מפעל לייצור ט,IL,עלית קפסולות אספרסו,גרמים,50.00,100 גרם,false,,16.90,0.3380,true,1,22457
7290105360755,false,"שמן זית 3 חזק 750 מ""ל יד מרדכי",מכוורת יד מרדכי שטרא,IL,שמן זית 3 חזק כתית י,מיליליטרים,750.00,"100 מ""ל",false,,33.90,0.0452,true,1,22460
7290105360878,false,מארז תפוציפס טבעי 50 גרם * 4,"שטראוס פריטו ליי בע""",IL,תפוציפס מארז 4*50ג,גרמים,200.00,100 גרם,false,,11.90,0.0595,true,1,24238
7290105362339,false,"שמנת לבישול 15% 250 מ""ל יטבתה מהדרין",מחלבת יטבתה,IL,יטבתה שמנת לבישול 15,מיליליטרים,250.00,"100 מ""ל",false,,8.40,0.0336,true,1,23470
7290105363602,false,כיף כף - מקלות קלאסי 40 גרם,"איי, בי, אינבוו",TR,כיף כף מקלות קלאסי 4,גרמים,40.00,100 גרם,false,,5.20,0.1300,true,1,22466
7290105364289,false,כיף כף - מקלות פצפוצים 40 גרם,"איי, בי, אינבוו",TR,כיף כף מקלות פצפוצים,גרמים,40.00,100 גרם,false,,5.20,0.1300,true,1,22467
7290105364302,false,"עלית חטיף שוקולד כיף כף מקלות אגוזים, 40 גרם","איי, בי, אינבוו",TR,כיף כף מקלות אגוזים,גרמים,42.00,100 גרם,false,,5.20,0.1238,true,1,22468
7290105366023,false,חציל אחלה בטעם כבד 400 גר' אחלה,מיוצר עי קונדיטוריית,IL,אחלה חציל בטעם כבד 4,גרמים,400.00,100 גרם,false,,15.90,0.0398,true,1,23473
7290105366047,false,טחינה אחלה לבנה 400 גר',מיוצר עי קונדיטוריית,IL,אחלה טחינה לבנה 400ג,גרמים,400.00,100 גרם,false,,15.90,0.0398,true,1,23475
7290105366993,false,גבינה לבנה סימפוניה עם תוספות 200 ג' פלפל שיפקה,"שטראוס בריאות בע""מ",IL,סימפוניה פלפל שיפקה,גרמים,200.00,100 גרם,false,,11.50,0.0575,true,1,23480
7290105368331,false,מילקי תות 8% וקצפת 133ג',מחלבת אחיהוד,IL,"מילקי תות 170 מ""ל",מיליליטרים,170.00,"100 מ""ל",false,,3.00,0.0176,true,1,23491
7290105368904,false,"שמנת מתוקה להקצפה 32% שומן 250 מ""ל יוטבתה",מחלבת יטבתה,IL,יטבתה שמנת עמידה לקצ,מיליליטרים,250.00,"100 מ""ל",false,,7.90,0.0316,true,1,23500
7290105431868,false,"פלמוליב ספא קוקוס גרגרים נוזלי 500 מ""ל",הנסיך- מפעל לייצור ט,TR,פלמוליב סבון נוזלי ס,מיליליטרים,500.00,"100 מ""ל",false,,15.90,0.0318,true,1,21636
7290105434050,false,ספיד סטיק - דאודורנט סטיק לגבר XL ירוק רגיולר 85 גרם,,,דאו' ירוק רגיולר ספי,גרמים,85.00,100 גרם,false,,14.90,0.1753,true,1,21649
7290105434067,false,ספיד סטיק - דאודורנט סטיק לגבר XL אושן סרף 85 גרם,,,ספיד סטיק כחול אושיי,גרמים,85.00,100 גרם,false,,19.90,0.2341,true,1,21650
7290105439505,false,מנה מאסטר שף קרם בטעם מיונז לייט 479 גר,רמיה סי.וי,NL,מאסטר שף קרם בטעם מ,גרמים,479.00,100 גרם,false,,11.90,0.0248,true,1,21663
7290105439581,false,מנה מאסטר שף חרדל דיזיון צרפתי 370 גר,סאם קווינור,FR,מאסטר שף מאסטר שף חר,מיליליטרים,370.00,"100 מ""ל",false,,10.90,0.0295,true,1,21664
7290105500151,false,וודקה פינלנדיה בקבוק,"אלטיה קורפ, הלסינקי,",FI,וודקה פינלנדיה 700 מ,מיליליטרים,700.00,"100 מ""ל",false,,60.90,0.0870,true,1,13399
7290105691224,false,פריכונים חטיפי טורטיה שום בצל 60 ג' אוסם,"מיוצר ע""י PT, משווק",IL,חטיפי פריכונים טורטי,גרמים,60.00,100 גרם,false,,7.50,0.1250,true,1,18886
7290105691248,false,פריכונים חטיפי טורטיה תירס 60 ג' אוסם,"מיוצר ע""י PT, משווק",IL,חטיפי פריכונים טורטי,גרמים,60.00,100 גרם,false,,7.50,0.1250,true,1,18887
7290105693341,false,במבה מארז 10 יח' * 25 ג' אסם,"אסם השקעות בע""מ",IL,במבה מאח.15 10*25גרם,גרמים,250.00,100 גרם,false,,14.90,0.0596,true,1,18901
7290105693457,false,עוגת הבית דמקה שוקו וניל 320 ג' אסם,מיוצר עי קונדיטוריית,IL,עוגת הבית דמקה שוקו,גרמים,320.00,100 גרם,false,,11.90,0.0372,true,1,18902
7290105695024,false,פתיתים אפויים אורז עם אטריות 500 ג' אסם,"אסם השקעות בע""מ",IL,פתיתים אפויים אורז ע,גרמים,500.00,100 גרם,false,,6.90,0.0138,true,1,18910
7290105695321,false,עוגת שוקולד בראוניז פאדג' 380 ג',מיוצר עי קונדיטוריית,IL,הבית עוגות בראוניס פ,גרמים,380.00,100 גרם,false,,15.90,0.0418,true,1,18913
7290105962331,false,זחוק אדום תימני מקורי חריף מאוד 220 גר,קריניסה ויטמין אס אי,IL,סחוג חריף מאוד זהבי,גרמים,220.00,100 גרם,false,,10.90,0.0495,true,1,23506
7290105964564,false,אחלה חומוס אחלה 400ג,מיוצר עי קונדיטוריית,IL,אחלה חומוס אחלה 400ג,גרמים,400.00,100 גרם,false,,8.20,0.0205,true,1,23511
7290105965738,false,יוגורט לשתיה בטעם תות בננה267 ג' דנונה,מיוצר עי קונדיטוריית,IL,דנונה משקה תות בננה,גרמים,267.00,100 גרם,false,,5.10,0.0191,true,1,23517
7290105966469,false,"חומץ בלסמי יד מרדכי 250מ""ל",אצטייה ג'וזפה קרמוני,IT,חומץ בלסמי יד מרדכי,גרמים,250.00,100 גרם,false,,13.90,0.0556,true,1,22500
7290105968098,false,סלט קולסלאו אחלה 500 ג',,,אחלה קולסלאו 500ג,גרמים,500.00,100 גרם,false,,15.90,0.0318,true,1,23523
7290105968654,false,רביולי בטטה פרווה פסטה נונה 400 ג',מיוצר עי קונדיטוריית,IL,שטראוס רביולי בטטה 4,גרמים,400.00,100 גרם,false,,19.90,0.0497,true,1,23524
7290105968777,false,פריכיות עם תחתית שוקולד מריר 70 ג' אנרגי,"טחנת האבן תעשיות בע""",IL,פריכיות תחתית שוקלד,גרמים,70.00,100 גרם,false,,8.30,0.1186,true,1,22505
7290106520066,false,רבע לשבע וופל שוקולד 120 גרם,הגביע מוצרי וופלים ב,IL,רבע לשבע 160 גרם,גרמים,160.00,100 גרם,false,,10.90,0.0681,true,1,22507
7290106520288,false,יוגורט פרו חלבון עם תות 2.4% שומן 150 ג' דנונה,"שטראוס בריאות בע""מ",IL,דנונה פרו תות 150 גר,גרמים,150.00,100 גרם,false,,5.10,0.0340,true,1,23526
7290106520912,false,"שמנת לבישול 9% 250 מ""ל יטבתה",מחלבת יטבתה,IL,יטבתה שמנת לבישול 9%,מיליליטרים,250.00,"100 מ""ל",false,,8.40,0.0336,true,1,23535
7290106521926,false,שקית קפה טורקי 150 ג' עלית,,,קפה טורקי עלית 150 ג,גרמים,150.00,100 גרם,false,,12.90,0.0860,true,1,22515
7290106524439,false,תפוצ'יפס טבעי פופס 60גר',"שטראוס פריטו ליי בע""",IL,תפוציפס פופס 60 גרם,גרמים,60.00,100 גרם,false,,3.90,0.0650,true,1,24248
7290106526822,false,פריכיות אורז עם תחתית שוקולד חלב 80 ג' אנרגי,"טחנת האבן תעשיות בע""",IL,פריכיות עם תחתית שוק,גרמים,80.00,100 גרם,false,,8.30,0.1038,true,1,22532
7290106528628,false,חטיף דוריטוס טבעי 185 גרם,"שטראוס פריטו ליי בע""",IL,דוריטוס טבעי 185 גר`,גרמים,185.00,100 גרם,false,,8.20,0.0443,true,1,24255
7290106528949,false,לקט ערוגות 450 גרם ש,שטראוס בריאות ירקות,IL,לקט ערוגות,גרמים,450.00,100 גרם,false,,12.10,0.0269,true,1,23544
7290106572065,false,חטיפי פריכונים טורטיה חמוץ מתוק 60 גרם,"מיוצר ע""י PT, משווק",IL,טורטיה בטעם תירס חמו,גרמים,60.00,100 גרם,false,,7.50,0.1250,true,1,18934
7290106572959,false,אפרופו מארז 5 יח' *25 ג' אסם,,IL,אפרופו קלאסי מאח.8 5,גרמים,75.00,100 גרם,false,,12.90,0.1720,true,1,18938
7290106573598,false,חומוס צבר לבנוני 400 ג',סלטי צבר,IL,צבר חומוס לבנוני 400,גרמים,400.00,100 גרם,false,,11.90,0.0298,true,1,19928
7290106573628,false,חומוס צבר עם טחינה 400 ג',סלטי צבר,IL,צבר חומוס עם טחינה 4,גרמים,400.00,100 גרם,false,,11.90,0.0298,true,1,19929
7290106573642,false,חומוס עם צנובר צבר 400 גר,סלטי צבר,IL,צבר חומוס צנובר 400,גרמים,400.00,100 גרם,false,,11.90,0.0298,true,1,19930
7290106574793,false,עוגת הבית שוקו שוקוצ''יפס 350 ג' אסם,מיוצר עי קונדיטוריית,IL,עוגת הבית שוקו שוקוצ,גרמים,350.00,100 גרם,false,,11.90,0.0340,true,1,18953
7290106574953,false,בייגלה אסם שטוחים שומשום 300 גר,מיוצר עי קונדיטוריית,IL,אסם בייגלה שטוחים שו,גרמים,300.00,100 גרם,false,,10.90,0.0363,true,1,18954
7290106574977,false,בייגלה שטוחים עם מלח 300 ג' אסם,מיוצר עי קונדיטוריית,IL,אסם בייגלה שטוחים עם,גרמים,300.00,100 גרם,false,,10.90,0.0363,true,1,18955
7290106575011,false,פתיתים אפויים קוסקוס פלוס חיטה מלא 400 ג,מיוצר עי קונדיטוריית,IL,פתיתים אפויים חיטה מ,גרמים,400.00,100 גרם,false,,6.90,0.0173,true,1,18956
7290106575257,false,עוגת הבית סופלה בטעם שוקולד 340 ג' אסם,מיוצר עי קונדיטוריית,IL,עוגת הבית סופלה בטעם,גרמים,340.00,100 גרם,false,,11.90,0.0350,true,1,18958
7290106575431,false,עוגת הבית סופלה בטעם שוקוניל 340 ג' אסם,מיוצר עי קונדיטוריית,IL,עוגת הבית סופלה בטעם,גרמים,340.00,100 גרם,false,,11.90,0.0350,true,1,18962
7290106576513,false,סלט חומוס צבר 400 גר,סלטי צבר,IL,צבר חומוס 400 גרם,גרמים,400.00,100 גרם,false,,8.90,0.0223,true,1,19934
7290106576537,false,חומוס מסעדה צבר 700 גר,סלטי צבר,IL,צבר חומוס מסעדה 700,גרמים,700.00,100 גרם,false,,10.90,0.0156,true,1,19935
7290106576797,false,"לה קרמריה גלידת וניל איטלקי כשל""פ 1.4ל'",תות תעשיות מזון (201,IL,לה קרמריה וניל איטלק,ליטרים,1.40,ליטר,false,,22.90,16.3571,true,1,16150
7290106576858,false,גלידה לה קרמריה תותים בשמנת 1.4 ל' נסטלה,המאפיה של הרמן,IL,גלידה קרמריה תותים ב,ליטרים,1.40,ליטר,false,,22.90,16.3571,true,1,16153
7290106576919,false,לה קרמריה גלידת סורבה תות לימון 1.4ל',המאפיה של הרמן,IL,גלידה קרמריה סורבה ת,ליטרים,1.40,ליטר,false,,22.90,16.3571,true,1,16155
7290106576971,false,גלידה לה קרמריה שוקולד בלגי 1.4 ל' נסטלה,תות תעשיות מזון (201,IL,לה קרמריה שוקולד בלג,ליטרים,1.40,ליטר,false,,22.90,16.3571,true,1,16158
7290106577282,false,טחינה צבר מרובע 400 ג',סלטי צבר,IL,צבר מרובע טחינה 400ג,גרמים,400.00,100 גרם,false,,12.90,0.0323,true,1,19936
7290106577527,false,סלט קולסלאו כרוב לבן וגזר 400 ג' צבר,סלטי צבר,IL,צבר מרובע קולסלו 400,גרמים,400.00,100 גרם,false,,12.90,0.0323,true,1,19941
7290106577541,false,כרוב אדום מרובע 400 ג' צבר,סלטי צבר,IL,צבר מרובע כרוב אדום,גרמים,400.00,100 גרם,false,,12.50,0.0313,true,1,19942
7290106577572,false,מטבוחה מרובע 400 ג' צבר,סלטי צבר,IL,צבר מרובע מטבוחה 40,גרמים,400.00,100 גרם,false,,12.90,0.0323,true,1,19943
7290106578692,false,אוסם - במבה ביסלי מיקס 80 גרם,פרו מן יו פתרונות אר,IL,במבה ביסלי מיקס 36*8,גרמים,80.00,100 גרם,false,,4.50,0.0563,true,1,18977
7290106578821,false,הבית עוגת שמרים קלאסית בטעם שוקולד 350גר,מיוצר עי קונדיטוריית,IL,עוגת הבית שמרים קלאס,גרמים,350.00,100 גרם,false,,16.90,0.0483,true,1,18978
7290106654099,false,מארז שמיניית מילקי 272 גר CAKE,,,עוגות אישיות מילקי ק,גרמים,272.00,100 גרם,false,,20.70,0.0761,true,1,23548
7290106658479,false,וופל טורטית שוקלד מגדים 40ג',"שטראוס גרופ בע""מ",IL,עלית וופל בטעם טורטי,גרמים,40.00,100 גרם,false,,3.90,0.0975,true,1,22564
7290106663503,false,קונפיטורה תות לייט יד מרדכי 250 ג',אף.סי תבליני בגליל ב,IL,קונפיטורת לייט תות 2,גרמים,230.00,100 גרם,false,,11.90,0.0517,true,1,22599
7290106663558,false,"רוטב טריאקי ורימון יד מרדכי 280מ""ל",אף.סי תבליני בגליל ב,IL,יד מרדכי רוטב טריאקי,מיליליטרים,280.00,"100 מ""ל",false,,13.90,0.0496,true,1,22604
7290106664555,false,"רוטב שמנת עם עגבניות 9% שומן 250 מ""ל יוטבתה",מחלבת יטבתה,IL,יטבתה רוטב שמנת עם ע,מיליליטרים,250.00,"100 מ""ל",false,,9.90,0.0396,true,1,23580
7290106667266,false,חטיף דוריטוס חמוץ חריף 185 גרם,הנסיך- מפעל לייצור ט,IL,דוריטוס חמוץ חריף 18,גרמים,185.00,100 גרם,false,,8.20,0.0443,true,1,24308
7290106668577,false,"מיץ לימון טבעי יד מרדכי 250 מ""ל",האי נאם סי או אל.טי.,IT,מיץ לימון טבעי יד מר,מיליליטרים,250.00,"100 מ""ל",false,,7.80,0.0312,true,1,22623
7290106668713,false,יוגורט עם פירות יער 3% שומן 150 ג' דנונה,מיוצר עי קונדיטוריית,IL,דנונה פירות יער3% 15,מיליליטרים,150.00,"100 מ""ל",false,,4.10,0.0273,true,1,23584
7290106669857,false,קפסולות 06 אספרסו בטעם וניל עלית 10יח',הנסיך- מפעל לייצור ט,IL,עלית קפסולות בטעם ונ,גרמים,50.00,100 גרם,false,,16.90,0.3380,true,1,22636
7290106720626,false,ציטוס בטעם גבינה 80 גר,"שטראוס פריטו ליי בע""",IL,ציטוס גבינה 80 גרם,גרמים,80.00,100 גרם,false,,4.90,0.0613,true,1,24311
7290106721913,false,מסטיק מאסט בטעם מנטה מרעננת 66 ג' עלית,"שטראוס גרופ בע""מ",IL,מאסט צנצנת ריח פה צ',גרמים,66.00,100 גרם,false,,10.50,0.1591,true,1,22650
7290106721920,false,צנצנת מסטיק מאסט בטעם ספירמינט עדין 66 ג' עלית,"שטראוס גרופ בע""מ.",IL,מאסט צנצנת ספירמינט,גרמים,66.00,100 גרם,false,,10.50,0.1591,true,1,22651
7290106723689,false,עלי תרד בייבי שטראוס 200 גרם,שטראוס בריאות ירקות,IL,שטראוס תרד בייבי 200,גרמים,200.00,100 גרם,false,,10.40,0.0520,true,1,23591
7290106725874,false,"סירופ מייפל טהור יד מרדכי 236 מ""ל",,IL,יד מרדכי סירופ מייפל,מיליליטרים,236.00,"100 מ""ל",false,,39.90,0.1691,true,1,22687
7290106727984,false,כיף כף פצפוצים ושוקולד 135 ג',שולן צ'יקולטה גידה ס,TR,כיף כף פצפצים 135 גר,גרמים,135.00,100 גרם,false,,10.40,0.0770,true,1,22690
7290106729650,false,יוגורט עם תות מאגדת 8 יח' * 150ג' דנונה,,,דנונה יוגורט תות 8יח,קילוגרמים,1.20,"ק""ג",false,,26.10,21.7500,true,1,23616
7290107280013,false,מגבונים ליטופים ללא בושם חמישיה,,,ליטופים מגבונים ללא,יחידה,0.00,יחידה,false,,18.90,0.0000,true,1,30570
7290107280020,false,מטליות לחות סנו סושי לניקוי כללי שלישיה *50 יח',טרופיקל דגיל- תעשיות,IL,סנו סושי מגבונים לני,יחידה,0.00,יחידה,false,,19.90,0.0000,true,1,30571
7290107280099,false,מגבוני טואלט לחים סנו סופט שלישייה * 48 יח',טרופיקל דגיל- תעשיות,IL,סנו סופט מגבוני טואל,יחידה,0.00,יחידה,false,,15.90,0.0000,true,1,30577
7290107280112,false,נייר טואלט סופט סילק 24 גליל,,,סנו סופט נייר טואלט,מטרים,441.00,מטר,false,,25.90,0.0587,true,1,30579
7290107280563,false,אוקסיג'ן ג'ל לכביסה בייבי 3ל',"איי, בי, אינבוו",IL,סנו ג'ל אוקסיג'ן ביי,ליטרים,3.00,ליטר,false,,30.90,10.3000,true,1,30595
7290107280570,false,סנו - מקסימה ג'ל כביסה מרוכז לכביסה צבעונית 3 ליטר,מיוצר עי קונדיטוריית,IL,מקסימה ג'ל כביסה מיק,ליטרים,3.00,ליטר,false,,33.90,11.3000,true,1,30596
7290107280600,false,סנו ספארק טבליות למדיח 100יח',גרופה אינקו,PL,סנו ספארק טבליות למד,יחידה,0.00,יחידה,false,,60.90,0.0000,true,1,30599
7290107280709,false,"סנו ספארק נוזל הברקה למדיח 700 מ""ל","סנו מפעלי ברונוס בע""",IL,סנו ספארק נוזל הברקה,מיליליטרים,700.00,"100 מ""ל",false,,14.90,0.0213,true,1,30605
7290107280723,false,"סנו ספארק נוזל כלים לימון 700 מ""ל",סנו כימיקלים,IL,סנו ספארק נוזל לניקו,מיליליטרים,700.00,"100 מ""ל",false,,9.90,0.0141,true,1,30607
7290107280730,false,"סנו ספארק נוזל כלים לבנדר 700 מ""ל",מיוצר עי קונדיטוריית,IL,סנו ספארק נוזל לניקו,מיליליטרים,700.00,"100 מ""ל",false,,9.90,0.0141,true,1,30609
7290107280747,false,"סנו ספארק נוזל כלים קלאסי 700 מ""ל",סנו כימיקלים,IL,סנו ספארק נוזל לניקו,מיליליטרים,700.00,"100 מ""ל",false,,9.90,0.0141,true,1,30610
7290107280761,false,סנו ספארק נוזל כלים בניחוח לימון עם משאבה 1 ל',מיוצר עי קונדיטוריית,IL,ספארק נוזל לכלים לימ,יחידה,0.00,יחידה,false,,11.90,0.0000,true,1,30612
7290107341370,false,כבל טייפ סי,,,כבל טייפ סי,יחידה,0.00,יחידה,false,,19.90,0.0000,true,1,248844
7290107646383,false,מט.לחות לניקוי רצפות בניחוח לימון סיף 10,עלבד משואות יצחק בעמ,IL,סיף מטליות לחות לניק,יחידה,0.00,יחידה,false,,11.90,0.0000,true,1,10625
7290107647731,false,קוקומן חום לבן 20% פחות סוכר 375 גרם,,IL,קוקומן חום לבן 20% ת,גרמים,375.00,100 גרם,false,,19.90,0.0531,true,1,10672
7290107647816,false,"דגני ברנפלקס ללא תוספת סוכר 500 גרם בד""צ",יוניליוור ישראל מזון,IL,ברנפלקס ללא סוכר בד',גרמים,500.00,100 גרם,false,,20.90,0.0418,true,1,10679
7290107649100,false,בייגלה טבעות שומשום 300 גר',בייגל את בייגל מזון,IL,בייגלה טבעות שומשום,גרמים,300.00,100 גרם,false,,9.90,0.0330,true,1,10714
7290107871990,false,פסטה צינורות 500 גר אסם,פסטה זארה,IT,פסטה צינורות אסם 500,גרמים,500.00,100 גרם,false,,5.90,0.0118,true,1,19004
7290107874502,false,ביסלי גריל קדמ. מארז אחיד 10 4*55 גרם,מיוצר עי קונדיטוריית,IL,ביסלי גריל 4*55 גרם,גרמים,220.00,100 גרם,false,,12.90,0.0586,true,1,19026
7290107875004,false,פופקורן חמאה ודבש מארז12*20גר',,,פופקו חמאה ודבש מארז,גרמים,240.00,100 גרם,false,,18.90,0.0787,true,1,19031
7290107875271,false,ביסלי ברביקיו קדמ. מארז אחיד10 4*55 גרם,,IL,ביסלי ברבקיו מארז 4*,גרמים,220.00,100 גרם,false,,12.90,0.0586,true,1,19037
7290107875820,false,קרוטונים אפויים בתיבול ביתי אוסם 180 ג',עינת תעשיות,IL,קרוטונים אפויים בתיב,גרמים,180.00,100 גרם,false,,10.90,0.0606,true,1,19042
7290107877619,false,מארז במבה במילוי קרם נוגט 5*30ג' אסם,,IL,במבה במילוי קרם נוגט,גרמים,150.00,100 גרם,false,,13.90,0.0927,true,1,19072
7290107879132,false,פריכיות פיטנס מיני פריכיות שוקולד חלב 22 ג',CA,IL,מיני פריכיות שוקולד,גרמים,22.00,100 גרם,false,,4.90,0.2227,true,1,19959
7290107879569,false,קרחון לה פרוטה שרבט מנגו מאגדת 5יח',המאפיה של הרמן,IL,לה פרוטה מנגו 5 יח,גרמים,350.00,100 גרם,false,,23.90,0.0683,true,1,16194
7290107930321,false,קונפיטורת יד מרדכי דובדובן 340 גרם,,,יד מרדכי קונפיטורה ד,גרמים,340.00,100 גרם,false,,11.90,0.0350,true,1,22707
7290107931397,false,כיף כף פצפוצים במילוי שוקולד 40 גרם,שולן צ'יקולטה גידה ס,TR,כיף כף פצפצים 40גר`,גרמים,40.00,100 גרם,false,,5.20,0.1300,true,1,22715
7290107932080,false,חלב מועשר יוטבתה בבקבוק 3% 1 ליטר,מחלבת יטבתה,IL,יטבתה חלב בבקבוק 3%,ליטרים,1.00,ליטר,false,,8.10,8.1000,true,1,23629
7290107932134,false,חלב מועשר יוטבתה בבקבוק 1% 1 ליטר,מחלבת יטבתה,IL,יטבתה חלב בבקבוק 1%,ליטרים,1.00,ליטר,false,,8.10,8.1000,true,1,23631
7290107934473,false,יוגורט לבן 1.5%שומן 8 יח' * 150 ג' אקטיביה,,,אקטיביה מארז מיוחד 1,קילוגרמים,1.20,"ק""ג",false,,20.90,17.4167,true,1,23646
7290107936309,false,דנונה יוגורט 7% יווני לבן 130 ג',"שטראוס בריאות בע""מ",IL,דנונה יווני לבן 130,גרמים,130.00,100 גרם,false,,3.50,0.0269,true,1,23652
7290107936958,false,עד חצות ביסקוויט אצבעות שוקולד 125 גרם,הדקלאים אגודת שיתופי,FR,עד חצות אצבעות 125 ג,גרמים,125.00,100 גרם,false,,9.90,0.0792,true,1,22752
7290107936965,false,עיגולים עד חצות עם שוקולד חלב 225 גר,ביסקווטרי עוגיות סנט,FR,עד חצות עיגולים 225,גרמים,125.00,100 גרם,false,,12.90,0.1032,true,1,22753
7290107937542,false,משקה אקטיביה תות 265 ג' דנונה,מיוצר עי קונדיטוריית,IL,משקה אקטיביה תות 1.2,מיליליטרים,265.00,"100 מ""ל",false,,5.20,0.0196,true,1,23657
7290107937627,false,צנצנת מסטיק מאסט קוביות ספירמינט 58 ג' עלית,אסקום קונפקשיין,DE,צנצנת קוביות ספירמינ,גרמים,58.00,100 גרם,false,,10.50,0.1810,true,1,22763
7290107937641,false,מסטיק בצנצנת קוביות בזוקה 58 ג',אסקום קונפקשיין,DE,צנצנת קוביות בזוקה 5,גרמים,58.00,100 גרם,false,,10.50,0.1810,true,1,22765
7290107937856,false,קפסולות 11חזק למכונות נספרסו עלית 10יח',הנסיך- מפעל לייצור ט,IL,עלית קפסולות בטעם נס,גרמים,50.00,100 גרם,false,,16.90,0.3380,true,1,22768
7290107938396,false,"אקטימל משקה פרוביוטי תות 100X8 מ""ל",מיוצר עי קונדיטוריית,IL,דנונה Actimel בנים ב,גרמים,864.00,100 גרם,false,,20.90,0.0242,true,1,23663
7290107939027,false,גזרדק דק 250 גרם בד`,שטראוס בריאות ירקות,IL,גזרדק דק 250 גרם בד`,גרמים,250.00,100 גרם,false,,8.30,0.0332,true,1,23667
7290107940030,false,חומוס אחלה 650 גר',,,חומוס אחלה 650 גר,גרמים,650.00,100 גרם,false,,8.90,0.0137,true,1,23680
7290107943192,false,"שמנת חמוצה מהערבה 27% שומן 200 מ""ל יטבתה",,IL,יטבתה שמנת 27% 200מ,מיליליטרים,200.00,"100 מ""ל",false,,4.10,0.0205,true,1,23724
7290107944243,false,וופלים אפיפיות בטעם שוקולד 200 גר,"שטראוס גרופ בע""מ",IL,"אפיפית ללא גלוטן בד""",גרמים,200.00,100 גרם,false,,6.90,0.0345,true,1,22820
7290107944472,false,סימפוניה שום שמיר 5% 200 ג' שטראוס,"שטראוס בריאות בע""מ",IL,סימפוניה 5% שום שמיר,גרמים,200.00,100 גרם,false,,11.50,0.0575,true,1,23731
7290107945165,false,קונפיטורת יד מרדכי משמש 340 גר,אף.סי תבליני בגליל ב,IL,יד מרדכי קונפיטורת מ,גרמים,340.00,100 גרם,false,,11.90,0.0350,true,1,22836
7290107950190,false,מעדן שטראוס דיאט 0% שוקולד מריר 130ג',מיוצר עי קונדיטוריית,IL,מעדן דיאט שוקולד מרי,גרמים,130.00,100 גרם,false,,3.70,0.0285,true,1,23791
7290107950206,false,מעדן שטראוס דיאט 0% שוקולד 130ג',מיוצר עי קונדיטוריית,IL,מעדן דיאט שוקולד % 0,גרמים,130.00,100 גרם,false,,3.70,0.0285,true,1,23792
7290107951104,false,בפלות שוקולד ארוך עלית 200ג',"א.ג. גילרו בע""מ",IL,בפלות 200 גרם שוקולד,גרמים,200.00,100 גרם,false,,4.10,0.0205,true,1,22872
7290107951111,false,בפלות לימון ארוך עלית 200ג',"א.ג. גילרו בע""מ",IL,בפלות בטעם לימון עלי,גרמים,200.00,100 גרם,false,,4.10,0.0205,true,1,22873
7290107951715,false,צנצנת מסטיק מאסט קוביות בטעם ענבים 58 ג' עלית,אסקום קונפקשיין,IL,מאסט צנצנת קוביות ענ,גרמים,58.00,100 גרם,false,,10.50,0.1810,true,1,22888
7290107953559,false,קפה טורקי עלית לדרך שקיות 24X7ג',הנסיך- מפעל לייצור ט,IL,קפה טורקי לדרך 168 ג,גרמים,168.00,100 גרם,false,,17.90,0.1065,true,1,22899
7290107954976,false,"משקה יטבתה חלבון פרו קפה 350מ""ל",מחלבת יטבתה,DE,משקה פרו בטעם קפה יט,מיליליטרים,350.00,"100 מ""ל",false,,7.30,0.0209,true,1,23858
7290107956901,false,קפסולות בטעם אגוזים למכונות נספרסו 50 גר,,,עלית קפסולות אספרסו,גרמים,150.00,100 גרם,false,,16.90,0.1127,true,1,22962
7290107957069,false,"צנצנת עלמה בטעם אוכמניות לל""ס 66 גרם","שטראוס גרופ בע""מ",IL,מסטיק עלמה בטעם אוכמ,גרמים,66.00,100 גרם,false,,10.50,0.1591,true,1,22969
7290107957076,false,"צנצנת עלמה בטעם ספירמינט לל""ס 66 גרם","שטראוס גרופ בע""מ",IL,מסטיק עמלה בטעם ספיר,גרמים,66.00,100 גרם,false,,10.50,0.1591,true,1,22970
7290107957113,false,סימפוניה 5% זיתים פיקנטיים 200 ג' שטראוס,,IL,סימפוניה עם זיתים פי,גרמים,200.00,100 גרם,false,,11.50,0.0575,true,1,23874
7290107957991,false,מילקי CAKE מיניס קרם חלב בציפוי שוקולד חלב שקית 16X9ג',בובארד איטליה אס.פי.,IT,"מילקי מייניס 9*16 מ""",גרמים,144.00,100 גרם,false,,14.50,0.1007,true,1,23891
7290107958035,false,יוגורט במתיקות מעודנת 2% מאגדת 8 יח' *120 ג' דנונה,,,8 דנונה מתיקות מעודנ,קילוגרמים,1.20,"ק""ג",false,,19.40,16.1667,true,1,23892
7290107958639,false,מטבוחה אחלה מרוקאית חריפה 400 גר',מיוצר עי קונדיטוריית,IL,אחלה מטבוחה מרוקאית,גרמים,400.00,100 גרם,false,,15.90,0.0398,true,1,23898
7290107972307,false,משחת שיניים אופטיק ו,הנסיך- מפעל לייצור ט,PL,משחת שיניים אופטיק ו,מיליליטרים,75.00,"100 מ""ל",false,,27.90,0.3720,true,1,21697
7290107973861,false,מאסטר שף - עגבניות קצוצות דק שלישיה 400 גרם * 3,קונסרזיו קאסאלאסקו ד,IT,עגבניות קצוצות דק מא,קילוגרמים,1.20,"ק""ג",false,,15.90,13.2500,true,1,21714
7290107974066,false,"עלי טורטיה קמח מלא 20ס""מ 8יח' מאסטר שף 320ג'",אורגניק,DE,עלי טורטיה קמח מלא מ,גרמים,320.00,100 גרם,false,,9.90,0.0309,true,1,21719
7290107974073,false,מנה עלי טורטיה קמח לבן מ.שף 20 סמ 320 גר,הנסיך- מפעל לייצור ט,DE,עלי טורטיה קמח לבן מ,גרמים,320.00,100 גרם,false,,9.90,0.0309,true,1,21720
7290107974080,false,מנה עלי טורטיה קמח לבן מ.שף 25 סמ 840 גר,הדקלאים אגודת שיתופי,DE,עלי טורטיה קמח לבן מ,גרמים,820.00,100 גרם,false,,16.90,0.0206,true,1,21721
7290107974301,false,ליידי ספיד סטיק - דאודורנט ג'ל לאישה אלוורה 45 גרם,,,דיאודורנט ג'ל אלוורה,גרמים,65.00,100 גרם,false,,17.90,0.2754,true,1,21722
7290107974806,false,"מאסטר שף - אורז בסמטי 1 ק""ג",,,אורז בסמטי מאסטר שף,קילוגרמים,1.00,"ק""ג",false,,12.90,12.9000,true,1,21729
7290107974813,false,"אורז יסמין 1 ק""ג מאסטר שף",,,אורז יסמין מאסטר שף,קילוגרמים,1.00,"ק""ג",false,,12.90,12.9000,true,1,21730
7290107974820,false,מנה מאסטר שף ממרח מתובל ספייסי 248 גר,,,מאסטר שף ממרח מתובל,גרמים,252.00,100 גרם,false,,7.90,0.0313,true,1,21731
7290107976916,false,"פלמוליב סבון ידיים חלב זיתים 300 מ""ל",,,פלמוליב סבון ידיים ח,מיליליטרים,300.00,"100 מ""ל",false,,9.90,0.0330,true,1,21764
7290107977753,false,"משחת שיניים פרודונט אקספרט מרידול , 75 מ""ל",,,מרידול משחת שיניים פ,מיליליטרים,75.00,"100 מ""ל",false,,24.90,0.3320,true,1,21766
7290107978330,false,מאסטר שף איטריות דקות 400 גרם,הדקלאים אגודת שיתופי,PL,איטריות דקות מאסטר ש,גרמים,400.00,100 גרם,false,,5.90,0.0148,true,1,21769
7290107978453,false,קראנצו'ס גריל 55 גרם,,,קראנצו'ס גריל 55 גרם,גרמים,55.00,100 גרם,false,,3.90,0.0709,true,1,21773
7290108074659,false,סוכריה טבעת הלו קיטי,,,סוכריה טבעת הלו קיטי,יחידה,0.00,יחידה,false,,5.50,0.0000,true,1,33218
7290108350142,false,שקיות רב שימושיות ענק סנו סושי 270 יח',,,סנו סושי שקיות רב שי,יחידה,0.00,יחידה,false,,14.90,0.0000,true,1,30621
7290108350180,false,סנו סושי מפיות מודפסות 100 יח',חי מוצרי נייר בעמ,IL,סנו סושי מפיות מודפס,יחידה,0.00,יחידה,false,,7.90,0.0000,true,1,30624
7290108350210,false,סנו סושי שקיות אשפה חזקות 30 יח' XL,מיוצר עי קונדיטוריית,IL,סושי שקיות אקסטרא חז,יחידה,0.00,יחידה,false,,24.90,0.0000,true,1,30627
7290108350258,false,סופט נייר טואלט גליל ארוך 12 גלילים=36,מפעלי ברונוס בעמ,IL,סופט נייר טואלט גליל,מטרים,180.00,מטר,false,,42.90,0.2383,true,1,30629
7290108350531,false,סנו ספארק נוזל כלים בניחוח קלאסי עם משאבה 1 ל',מיוצר עי קונדיטוריית,IL,סנו ספארק משאבה בניח,ליטרים,1.00,ליטר,false,,11.90,11.9000,true,1,30635
7290108350555,false,סנו ספארק נוזל כלים בניחוח שקדים עם משאבה 1 ל',,,סנו ספארק משאבה בניח,ליטרים,1.00,ליטר,false,,11.90,11.9000,true,1,30637
7290108350586,false,ספארק נוזל כלים בניחוח לימון רענן 1.5 ל,,,ספארק נוזל כלים בניח,ליטרים,1.50,ליטר,false,,14.90,9.9333,true,1,30639
7290108350616,false,סנו - מקסימה מרכך כביסה מרוכז פריחה כחולה 1 ליטר,"סנו מפעלי ברונוס בע""",IL,מרכך כביסה מקסימה סו,יחידה,0.00,יחידה,false,,18.90,0.0000,true,1,30642
7290108350623,false,מרכך כביסה סופר מרוכז סופט סילק מקסימה 1 ל' סנו,"סנו מפעלי ברונוס בע""",IL,מרכך כביסה מקסימה סו,יחידה,0.00,יחידה,false,,18.90,0.0000,true,1,30643
7290108351118,false,"קוטל מעופפים 750 מ""ל K4000",סנו מפעלי ברונוס בעמ,IL,K4000,מיליליטרים,750.00,"100 מ""ל",false,,30.90,0.0412,true,1,30672
7290108351149,false,סנו - ג'ט לניקוי כללי ורצפות בתוספת אבקת סודה 1.5 ליטר,"סנו מפעלי ברונוס בע""",IL,סנו ג`ט פלוס לניקוי,יחידה,0.00,יחידה,false,,12.90,0.0000,true,1,30674
7290108351156,false,סנו - ג'ט לניקוי כללי ורצפות בתוספת חומץ 1.5 ליטר,"סנו מפעלי ברונוס בע""",IL,סנו ג`ט פלוס לניקוי,יחידה,0.00,יחידה,false,,12.90,0.0000,true,1,30675
7290108351507,false,מרכך כביסה מקסימה סופט סילק 4 ל' סנו,הורביץ סחר,IL,מרכך כביסה סנו מקסימ,ליטרים,4.00,ליטר,false,,22.90,5.7250,true,1,30677
7290108351552,false,"סנו - ג'ט לניקוי כללי בתוספת חומץ בניחוח לבנדר 750 מ""ל","סנו מפעלי ברונוס בע""",IL,סנו ג'ט מתז חומץ 750,מיליליטרים,750.00,"100 מ""ל",false,,12.90,0.0172,true,1,30682
7290108351583,false,"סנו - ג'ט פלוס חומץ ג'ל לניקוי אסלות לבנדר 750 מ""ל",טרופיקל דגיל תעשיות,IL,סנו ג'ט+לניקוי אסלות,מיליליטרים,750.00,"100 מ""ל",false,,11.90,0.0159,true,1,30684
7290108351613,false,סנו ריצפז פרש הום בניחוח מלון חלומי 2 ל,"סנו מפעלי ברונוס בע""",IL,ריצפז פרש הום מלון ח,ליטרים,2.00,ליטר,false,,21.90,10.9500,true,1,30687
7290108351675,false,גל כביסה סנו מקסימה מיקס אנד ווש 5 ל,,IL,ג'ל כביסה סנו מקסימה,ליטרים,5.00,ליטר,false,,47.90,9.5800,true,1,30693
7290108351699,false,סנו - ג'ט מטליות לחות לניקוי כללי בתוספת חומץ לבנדר שלישיה,סנו מפעלי ברונוס על,IL,מגבונים ג'ט+חומץ מאר,יחידה,0.00,יחידה,false,,18.90,0.0000,true,1,30695
7290108351781,false,"ג'ט פלוס סנו לניקוי אסלות בניחוח הדרים 750 מ""ל","סנו מפעלי ברונוס בע""",IL,סנו ג'ט+לניקוי אסלות,מיליליטרים,750.00,"100 מ""ל",false,,11.90,0.0159,true,1,30700
7290108351804,false,סנו - מקסימה מרכך כביסה מרוכז ג'נטל בריז 1 ליטר,מיוצר עי קונדיטוריית,IL,סנו מקסימה מרכך כביס,יחידה,0.00,יחידה,false,,18.90,0.0000,true,1,30701
7290108351811,false,מקסימה מרכך כביסה סופר מרוכז פלור טאצ' 1 ליטר,מיוצר עי קונדיטוריית,IL,סנו מקסימה מרכך כביס,יחידה,0.00,יחידה,false,,18.90,0.0000,true,1,30702
7290108351996,false,"חיטוי בייבי 99.9% לחיטוי וניקוי בסביבת תינוקות 750 מ""ל",,IL,מתז בייבי 99.9% לחיט,מיליליטרים,750.00,"100 מ""ל",false,,12.90,0.0172,true,1,30716
7290108352078,false,"שטיפת פה protective salt אורביטול 500 מ""ל",טרופיקל דגיל תעשיות,IL,אורביטול מי פה להלב,מיליליטרים,500.00,"100 מ""ל",false,,25.90,0.0518,true,1,76288
7290108352207,false,מקסימה קפסולות לכביסה פלורל 40 יחידות,טרופיקל דגיל תעשיות,IL,קפס' כביסה בניחוח פל,גרמים,840.00,100 גרם,false,,35.90,0.0427,true,1,66195
7290108352214,false,סנו - מקסימה קפסולות כביסה בניחוח בריזה מרעננת 40 יח',טרופיקל דגיל תעשיות,IL,קפסולות כביסה בניחוח,גרמים,840.00,100 גרם,false,,35.90,0.0427,true,1,66196
7290108352221,false,"מטהר אוויר סנו פרש הום מלון מפנק 350 מ""ל",סנו מפעלי ברונוס בעמ,IL,סנו פרש הום מלון מפנ,מיליליטרים,350.00,"100 מ""ל",false,,11.90,0.0340,true,1,69051
7290108352252,false,סנו ספארק נוזל כלים בניחוח קלאסי עם משאבה 1 ל'',"סנו מפעלי ברונוס בע""",IL,ספארק נוזל לכלים 1,יחידה,0.00,יחידה,false,,11.90,0.0000,true,1,82538
7290108352283,false,סנו נוזל לחיטוי וניקוי רצפות- 99.9% 2ל',"סנו מפעלי ברונוס בע""",IL,נוזל לחיטוי ולניקוי,ליטרים,2.00,ליטר,false,,18.90,9.4500,true,1,57658
7290108352337,false,"סנו - פרש מילוי למטהר אוויר מלון מפנק 250 מ""ל",מיוצר עי קונדיטוריית,IL,סנו פרש הום אוטומטיק,גרמים,250.00,100 גרם,false,,13.90,0.0556,true,1,69053
7290108352344,false,"סנו - פרש מילוי למטהר אוויר מלון בוטיק 250 מ""ל",מיוצר עי קונדיטוריית,IL,סנו פרש הום אוטומטיק,גרמים,250.00,100 גרם,false,,13.90,0.0556,true,1,69054
7290108352399,false,רצפז פ.הום בניחוח מרכך כביסה מקסימה 2 ליטר,"סנו מפעלי ברונוס בע""",IL,ריצפז פרש הום פלורל,ליטרים,2.00,ליטר,false,,21.90,10.9500,true,1,209920
7290108352436,false,סנובון מוצק בניחוח נגוליה ונרולי שלישייה,סנו מפעלי ברונוס בעמ,IL,סנובון מוצק שלישיה כ,גרמים,165.00,100 גרם,false,,16.90,0.1024,true,1,87484
7290108352535,false,סנו - מקסימה דפי בישום לחים למייבש הכביסה בניחוח מרכך כביסה,סנו,IL,דפי בישום לחים למייב,יחידה,0.00,יחידה,false,,12.90,0.0000,true,1,185487
7290108352566,false,מרכך כביסה בבישום עוצמתי 4 ל' סנו מקסינה,"סנו מפעלי ברונוס בע""",IL,מרכך JOY בבישום עוצמ,ליטרים,4.00,ליטר,false,,22.90,5.7250,true,1,185422
7290108352573,false,מרכך כביסה מקסימה בבישום עוצמתי 4 ל' סנו,סנו,IL,מרכך כביסה CALM בבי,ליטרים,4.00,ליטר,false,,22.90,5.7250,true,1,237976
7290108352641,false,סנו סושי מטלית הפלא לניקוי כללי במארז שלישייה,סנו מפעלי ברונוס.,CN,סנו סושי מטלית הפלא,יחידה,0.00,יחידה,false,,14.90,0.0000,true,1,30724
7290108352672,false,מטלית הפלא לריצפה זוג סנו סושי,סנו מפעלי ברונוס.,CN,סנו סושי זוג מטלית ה,יחידה,0.00,יחידה,false,,19.90,0.0000,true,1,30727
7290108352689,false,סנו סושי כריות קרצוף ללכלוך קשה 9 יח',טרופיקל דגיל תעשיות,US,כריות קרצוף ללכלוך ק,יחידה,0.00,יחידה,false,,9.90,0.0000,true,1,30728
7290108352795,false,שקיות סנו סושי M זיפר 50 יח,,,סנו סושי שקיות זיפר,יחידה,0.00,יחידה,false,,12.90,0.0000,true,1,30733
7290108352801,false,סנו - סושי שקיות אשפה לפח קטן 100 יחידות,"סנו מפעלי ברונוס בע""",IL,סנו סושי 100 שקיות א,יח',100.00,יח',false,,19.90,0.1990,true,1,30734
7290108352825,false,ספוג הפלא נירוסטה סנו סושי 3יח',s.k.a.t ltdסנו מפעלי,CN,סנו סושי-ספוג הפלא נ,יח',3.00,יח',false,,9.90,3.3000,true,1,30736
7290108352887,false,סנו סושי זוג מפות שולחן לבנות,מיוצר עי קונדיטוריית,IL,סנו סושי זוג מפות שו,יחידה,0.00,יחידה,false,,8.90,0.0000,true,1,30741
7290108353006,false,שקיות אוכל סנו סושי נקשרות 250 יח,מיוצר עי קונדיטוריית,IL,סנו סושי 250 שקיות א,יחידה,0.00,יחידה,false,,13.90,0.0000,true,1,30753
7290108353068,false,ספוג הפלא נירוסטה עם סיבי קירצוף סנו סושי 2 יח',מיוצר עי קונדיטוריית,IL,סנו סושי-כרית קרצוף,יח',3.00,יח',false,,9.90,3.3000,true,1,30759
7290108353341,false,"מרכך למניעת קשקשים עם שמן עץ התה ואסאי 700 מ""ל כיף",קוסמופארם בעמ,IL,מרכך למניעת קשקשים ש,מיליליטרים,700.00,"100 מ""ל",false,,11.90,0.0170,true,1,30764
7290108353501,false,סנו סושי שקיות אשפה עם ידיות 25 יח' XXL,טרופיקל דגיל תעשיות,TR,שקיות אשפה עם ידיות,יחידה,0.00,יחידה,false,,19.90,0.0000,true,1,30772
7290108353532,false,סנו סושי שקיות אשפה בגליל 100 יח',Elif,IL,שקיות אשפה בגליל סנו,יחידה,0.00,יחידה,false,,30.90,0.0000,true,1,30775
7290108353549,false,נייר אפייה סנו סושי 100 יח,"טופ פלסט 2002 בע""מ",IL,נייר אפיה סנו סושי 1,יחידה,0.00,יחידה,false,,19.90,0.0000,true,1,30776
7290108353648,false,סנו סושי שקיות אוכל מנייר + מדבקות,סנו מפעלי ברונוס.,TR,סנו סושי 70 שקיות או,יחידה,0.00,יחידה,false,,10.90,0.0000,true,1,76634
7290108353730,false,"קרמה - תחליב רחצה חימר אוכמניות כחולות 500 מ""ל",,IL,תחליב רחצה חימר אוכמ,מיליליטרים,500.00,"100 מ""ל",false,,12.90,0.0258,true,1,238582
7290108353792,false,"תחליב רחצה נקה יפן פריחת הדובדבנים 750 מ""ל",קוסמופארם בע''מ,IL,תחליב רחצה יפן פריחת,מיליליטרים,750.00,"100 מ""ל",false,,11.90,0.0159,true,1,94336
7290108353815,false,"תחליב רחצה מדיטציה, בניחוח פצ'ולי לבנדר 600 מ""ל קרימה",,,קרמה תחליב רחצה ספא,מיליליטרים,600.00,"100 מ""ל",false,,18.90,0.0315,true,1,286203
7290108353990,false,"קרמה - קרם גוף קרמה מאסק 500 מ""ל",טרופיקל דגיל תעשיות,IL,קרם גוף קרמה מאסק 50,מיליליטרים,500.00,"100 מ""ל",false,,24.90,0.0498,true,1,91711
7290108354140,false,קרליין - נושם מגבוני דיאורדורנט פיור ורוד,,IL,מגבוני דאודורנט נושם,יח',20.00,יח',false,,9.90,0.4950,true,1,70098
7290108354164,false,"שלשיית אלסבון כיף מועשר בשמנים 3*500מ""ל",טרופיקל דגיל תעשיות,IL,כיף שלישיית אלסבון ק,ליטרים,1.50,ליטר,false,,19.90,13.2667,true,1,105124
7290108354270,false,מרכך כביסה מרוכז בבישום עוצמתי 1 ל' סנו מקסימה,מיוצר עי קונדיטוריית,IL,מרכך בבישום עוצמתי מ,ליטרים,1.00,ליטר,false,,18.90,18.9000,true,1,185409
7290108354416,false,"תחליב רחצה יוגה, בניחוח ברגמוט 600מ""ל קרימה",,,קרמה תחליב רחצה ספא,מיליליטרים,600.00,"100 מ""ל",false,,18.90,0.0315,true,1,286204
7290108354430,false,"שמפו כיף לשיקום והזנה שמן קוקוס וקרטין 700 מ""ל",קוסמופארם בעמ,IL,שמפו כיף לשיקום והזנ,מיליליטרים,700.00,"100 מ""ל",false,,11.90,0.0170,true,1,175385
7290108354850,false,"קרמה דאודורנט רול און בריזת ים 75 מ""ל",,IL,דאודורנט רול און ברי,מיליליטרים,75.00,"100 מ""ל",false,,12.90,0.1720,true,1,83913
7290108354911,false,"שמפו ג'ל רחצה וגילוח 700 מ""ל קרמה מן",טרופיקל דגיל תעשיות,IL,שמפו ג'ל רחצה וגילו,מיליליטרים,700.00,"100 מ""ל",false,,18.90,0.0270,true,1,63876
7290108355147,false,"נקה 7 תחליב רחצה שמני הזנה 750מ""ל",,,תחליב רחצה שמני הזנה,מיליליטרים,750.00,"100 מ""ל",false,,11.90,0.0159,true,1,30796
7290108355154,false,"שמפו שמני הזנה 750 מ""ל נקה 7",גוד פוד פרודקטס S.p,IL,שמפו שמני הזנה נקה 7,מיליליטרים,750.00,"100 מ""ל",false,,11.90,0.0159,true,1,30797
7290108355161,false,"מרכך שיער שמני הזנה 750 מ""ל נקה 7",,,מרכך שמני הזנה נקה 7,מיליליטרים,750.00,"100 מ""ל",false,,11.90,0.0159,true,1,30798
7290108355307,false,"נקה 7 - שמפו סירוק קל רוזמרין 750 מ""ל",גוד פוד פרודקטס S.p,IL,שמפו סירוק קל נקה 7,מיליליטרים,750.00,"100 מ""ל",false,,12.90,0.0172,true,1,30808
7290108356137,false,"כיף - תחליב רחצה לבנדר 700 מ""ל",,IL,תחליב רחצה לבנדר כיף,מיליליטרים,700.00,"100 מ""ל",false,,11.90,0.0170,true,1,30836
7290108356151,false,"תחליב רחצה כיף מאסק יסמין 700 מ""ל",גוד פוד פרודקטס S.p,IL,תחליב רחצה מאסק יסמי,מיליליטרים,700.00,"100 מ""ל",false,,11.90,0.0170,true,1,30837
7290108356168,false,"כיף - תחליב רחצה אוקיינוס 700 מ""ל",גוד פוד פרודקטס S.p,IL,תחליב רחצה אוקיינוס,מיליליטרים,700.00,"100 מ""ל",false,,11.90,0.0170,true,1,30838
7290108356489,false,"כיף - תחליב רחצה אפרסק וחמאת מורומורו 700 מ""ל",קוסמופארם,IL,תחליב רחצה אפרסק וחמ,מיליליטרים,700.00,"100 מ""ל",false,,11.90,0.0170,true,1,238463
7290108356519,false,קרליין שמפו 10למניעת קשקשים 700מל,סנו,IL,שמפו לשיער בתוספת שמ,מיליליטרים,700.00,"100 מ""ל",false,,13.90,0.0199,true,1,210173
7290108356526,false,"קרליין - שמפו 10 לשיער יבש 700 מ""ל",סנו,IL,שמפו לשיער יבש קרליי,מיליליטרים,700.00,"100 מ""ל",false,,13.90,0.0199,true,1,210186
7290108356533,false,קרוליין 10 שמפו לשיער מתולתל 700 מל,,IL,שמפו לשיער מתולתל קר,מיליליטרים,700.00,"100 מ""ל",false,,13.90,0.0199,true,1,210199
7290108356540,false,קרוליין 10 שמפו לשיער צבוע 700 מל,,IL,שמפו לשיער צבוע קרלי,מיליליטרים,700.00,"100 מ""ל",false,,13.90,0.0199,true,1,210200
7290108356564,false,"קרליין - מרכך 10 לשיער רגיל 700 מ""ל",סנו,IL,מרכך לשיער רגיל קרלי,מיליליטרים,700.00,"100 מ""ל",false,,13.90,0.0199,true,1,210214
7290108356588,false,קרוליין 10 מרכך לשיער מתולתל 700 מל,,IL,מרכך לשיער מתולתל קר,מיליליטרים,700.00,"100 מ""ל",false,,13.90,0.0199,true,1,210216
7290108357028,false,"תחליב רחצה כיף ורד ושמן קוקוי 700 מ""ל",קוסמופארם בעמ,IL,כיף תחליב רחצה ורד ו,מיליליטרים,700.00,"100 מ""ל",false,,11.90,0.0170,true,1,30841
7290108357202,false,סנוקליר לניקוי בניחוח בלו בלוסום 1 ליטר,"סנו מפעלי ברונוס בע""",IL,סנו קליר אקדח בניחוח,ליטרים,1.00,ליטר,false,,11.90,11.9000,true,1,118080
7290108357226,false,"אוקסיגן POWER אבקה לכביסה לבנה והסרת כתמים 1.4 ק""ג סנו",,,אוקסיג'ן אבקה להסרת,קילוגרמים,1.40,"ק""ג",false,,29.90,21.3571,true,1,224974
7290108357271,false,"ג'ל לניקוי אסלות עם כח אסלות 750 מ""ל סנו",סנו,IL,סנובון ג'ל לניקוי אס,מיליליטרים,750.00,"100 מ""ל",false,,11.90,0.0159,true,1,267039
7290108357288,false,אקונומיקה ז'אוול בניחוח פריחה לבנה 4 ל' סנו,סנו,IL,סנו ז'אוול בניחוח פר,ליטרים,4.00,ליטר,false,,16.90,4.2250,true,1,226490
7290108357394,false,"תחליב רחצה קרמה חלב ודבש 700 מ""ל",,,קרמה תחליב רחצה חלב,מיליליטרים,700.00,"100 מ""ל",false,,16.90,0.0241,true,1,118056
7290108357714,false,"כיף שמפו לשיער יבש -רימונים ושמן ארגן 700 מ""ל",גוד פוד פרודקטס S.p,IL,שמפו לשיער יבש רימונ,מיליליטרים,700.00,"100 מ""ל",false,,11.90,0.0170,true,1,30844
7290108357721,false,"כיף שמפו לשיער דק ושביר גוג'י ברי ומורינגה 700 מ""ל",,,שמפו לשיער דק ושביר,מיליליטרים,700.00,"100 מ""ל",false,,11.90,0.0170,true,1,30845
7290108357745,false,"כיף שמפו ומרכך 700 מ""ל 2ב-1 תאנה ומנטה",גוד פוד פרודקטס S.p,IL,שמפו ומרכך תאנה ומנט,מיליליטרים,700.00,"100 מ""ל",false,,11.90,0.0170,true,1,30846
7290108357769,false,"מרכך לשיער רגיל תפוח וזרעי צ'יה 700 מ""ל כיף",גוד פוד פרודקטס S.p,IL,מרכך לשיער רגיל תפוח,מיליליטרים,700.00,"100 מ""ל",false,,11.90,0.0170,true,1,30848
7290108357844,false,שקית מילוי אל סבון בניחוח גינסנג 1 ל' כיף,סנו,IL,אל סבון כיף שקית מיל,ליטרים,1.00,ליטר,false,,8.90,8.9000,true,1,267131
7290108359039,false,שקיות אשפה סנו 30 יח +ידית לפחים גבוהים,סנאט גרופ,IL,שקיות אשפה לפח גבוהה,יח',100.00,יח',false,,19.90,0.1990,true,1,134261
7290108359060,false,סנו סושי כריות הפלא רב תכלתיות *4 לשבת,,IL,כריות ניקוי לשבת 4 י,יחידה,0.00,יחידה,false,,11.90,0.0000,true,1,187240
7290108359077,false,סנו - סופט לושן ממחטות אף בקופסא 3 שכבות 120 יח',Solo Soft,IL,ממחטות אף בקופסא 3 ש,יחידה,0.00,יחידה,false,,12.90,0.0000,true,1,211701
7290108359183,false,שקית אשפה חזקות 70*50 60 יח' סנו סושי,,IL,שקיות אשפה L עם ידי,יחידה,0.00,יחידה,false,,22.90,0.0000,true,1,299804
7290108359190,false,סושי מגבת הפלא 4 יח' = 12 גליל ארוך פי 3,,IL,סנו סושי מגבות הפלא,יחידה,0.00,יחידה,false,,24.90,0.0000,true,1,316917
7290108359824,false,"כיף - בייבי כיף קרם 500 מ""ל",קוסמופארם בעמ,IL,קרם גוף HYDROMOIST ב,מיליליטרים,500.00,"100 מ""ל",false,,21.90,0.0438,true,1,30852
7290108359893,false,"תחליב רחצה בייבי כיף+משאבה 750 מ""ל",גוד פוד פרודקטס S.p,IL,תחליב רחצה HYDROMOIS,מיליליטרים,750.00,"100 מ""ל",false,,15.90,0.0212,true,1,30859
7290108359985,false,סנו - ז'אוול מרסס קצף לניקוי וחינו בניחוח פריחה לבנה 1 ליטר,סנו,IL,אקונומיקה מרסס עם ממ,ליטרים,1.00,ליטר,false,,17.90,17.9000,true,1,226610
7290108468830,false,גרביי גבים זוגות,,,גרביי גבים זוגות,יחידה,0.00,יחידה,false,,15.90,0.0000,true,1,1658
7290108500677,false,כבד דג שיבוט בשמן הדג 115 גרם,"איטיליאן פוד, אס.פי.",IS,כבד דג שיבוט בשמן וי,גרמים,115.00,100 גרם,false,,8.90,0.0774,true,1,3046
7290108501490,false,גבינה מוצרלה פרוסות ו.פוד 150ג',,,גבינה מוצרלה פרוסות,גרמים,150.00,100 גרם,false,,12.90,0.0860,true,1,3084
7290108502725,false,גבינת גאודה פרוסות 400 גר`וילי פוד,,IL,גבינת גאודה פרוסות 4,גרמים,400.00,100 גרם,false,,16.90,0.0422,true,1,3164
7290108503043,false,תפוחונים חטיף פלחים מיובשים מארז 22X4ג',הביי דונגפנג פוד קו.,CN,מארז רביעייה תפוחוני,גרמים,88.00,100 גרם,false,,12.90,0.1466,true,1,3181
7290108503159,false,גבינה כחולה עם עובש 31% שומן,קסוס אל פסטור,ES,וילי פוד גבינה כחולה,גרמים,100.00,100 גרם,false,,10.00,0.1000,true,1,3188
7290108503791,false,ניוקי תפוחי אדמה 3 צבעים ללא גלוטן 500גר,,,ניוקי תפוחי אדמה 3 צ,גרמים,500.00,100 גרם,false,,11.90,0.0238,true,1,122254
7290108504699,false,נתחי טונה בשמן קנולה רביעיה * 160 ג' וילי פוד,,TH,נתחי טונה בשמן קנולה,גרמים,640.00,100 גרם,false,,21.40,0.0334,true,1,3262
7290108505160,false,יוגורט עם אגסים 4% שומן 150 גרם,,GR,יוגורט יווני עם אגסי,גרמים,150.00,100 גרם,false,,4.90,0.0327,true,1,68815
7290108505191,false,יוגורט עם פצפוצי שוקולד 5% שומן 150 גרם,דלתא,GR,י.יווני עם פצפוצי שו,גרמים,150.00,100 גרם,false,,4.90,0.0327,true,1,68817
7290108505214,false,יוגורט עם אפרסק 150 גרם 0% שומן,,GR,יוגורט יווני עם אפרס,גרמים,150.00,100 גרם,false,,4.90,0.0327,true,1,68819
7290108505726,false,אצבעות-גבינה חצי קשה 25% שומן 200גר,סאסו פטוראגס קומטויס,TR,אצבעות גבינה חצי קשה,גרמים,200.00,100 גרם,false,,12.90,0.0645,true,1,68595
7290108506495,false,פינוקים כנאפה קפוא ויליפוד,ארמה גרופ,TR,כנאפה קפוא 192.5 גרם,גרמים,192.50,100 גרם,false,,12.90,0.0670,true,1,62250
7290108506518,false,אצבעות בצק פילו ממולאות גבינה ותרד 500 ג' ויליפוד,,,אצבעות בצק פילו ממול,גרמים,500.00,100 גרם,false,,15.90,0.0318,true,1,234355
7290108506969,false,מאפה בורקס מים תורכי - גבינה 300 ג',גידה,TR,מ.בורקס מים תורכי גב,גרמים,300.00,100 גרם,false,,12.90,0.0430,true,1,68572
7290108507072,false,שבבי גבינת גרנה פדנו 100 גרם,זנאתי,IT,שבבי גבינת גרנה פדנו,גרמים,100.00,100 גרם,false,,9.90,0.0990,true,1,124588
7290108507188,false,כנאפה קפוא אריזה משפחתית 657.5 גרם,ארמה גרופ,TR,כנאפה קפוא 657.50 גר,גרמים,657.50,100 גרם,false,,30.90,0.0470,true,1,79799
7290108508499,false,"איירן משקה יוגורט בסגנון טורקי יורו 293 מ""ל",,TR,משקה יוגורט בסגנון ט,גרמים,293.00,100 גרם,false,,4.90,0.0167,true,1,124548
7290108508901,false,יוגורט עם דובדבנים ושקדים 0.6 %שומן דלתא 150 ג',,GR,יוגורט עם דובדבנים ו,גרמים,150.00,100 גרם,false,,4.90,0.0327,true,1,142147
7290108509106,false,גבינה בולגרית מעודנת בקוביות 13% שומן יורו 200 ג',,,גבינה בולגרית מעודנת,גרמים,200.00,100 גרם,false,,11.90,0.0595,true,1,154683
7290108509113,false,גבינה בולגרית מעודנת 18% שומן יורו 250 ג',,TR,גבינה בולגרית מעודנת,גרמים,250.00,100 גרם,false,,11.90,0.0476,true,1,146879
7290108509618,false,זיתים ירוקים על הגריל מגולענים 730 גר,,TR,זיתים ירוקים על הגרי,גרמים,730.00,100 גרם,false,,19.90,0.0273,true,1,174390
7290108509649,false,זיתי קלמטה מגולענים 780 גרם,,TR,זיתים קלמטה מגולענים,גרמים,780.00,100 גרם,false,,15.90,0.0204,true,1,174446
7290108509700,false,"אורז פרסי DAAWAT 1 ק""ג",אל טי פוד,IN,"אורז פרסי 1 ק""ג DAAW",קילוגרמים,1.00,"ק""ג",false,,9.90,9.9000,true,1,188276
7290108509816,false,גבינת בייבי מוצרלה 22 שומן 22% 200 גרם,,,גבינת בייבי מוצרלה 2,גרמים,200.00,100 גרם,false,,13.90,0.0695,true,1,179233
7290108509939,false,פרוסות פילה טונה 120 ג' ויליפוד,,,פרוסות פילה טונה 120,גרמים,120.00,100 גרם,false,,12.90,0.1075,true,1,206698
7290109351025,false,חומוס צבר מלך חומוס טחינה חלק 400ג',סלטי צבר,IL,מלך החומוס חומוס טחי,גרמים,400.00,100 גרם,false,,13.90,0.0348,true,1,19961
7290109351971,false,פיטנס בר פריכיות שוקולד חלב 84 גרם,CA,IL,בר פריכיות שוקולד חל,גרמים,84.00,100 גרם,false,,12.90,0.1536,true,1,19966
7290109352916,false,פיטנס בר פריכיות שוקולד לבן 84 גרם,PT,IL,בר פריכיות שוקולד לב,גרמים,84.00,100 גרם,false,,12.90,0.1536,true,1,19970
7290109354101,false,לחמית ללא גלוטן 200 ג' אסם,אסם,IL,לחמית ללא גלוטן 200,גרמים,200.00,100 גרם,false,,9.90,0.0495,true,1,19152
7290109354972,false,אוסם - פתי בר וניל חלבי ללא גלוטן 200 גרם,מיוצר עי קונדיטוריית,IL,אסם פתי בר ללא גלוטן,גרמים,200.00,100 גרם,false,,9.90,0.0495,true,1,19156
7290109354996,false,פתי בר ללא גלוטן שוקו 200 גרם אסם,מיוצר עי קונדיטוריית,IL,אסם פתי בר ללא גלוטן,גרמים,200.00,100 גרם,false,,9.90,0.0495,true,1,19157
7290109580043,false,"שניצל תירס קלאסי זוגלובק 1.75 ק""ג",,IL,זוגלובק שניצל תירס 1,קילוגרמים,1.75,"ק""ג",false,,49.90,28.5143,true,1,95706
7290109580104,false,רוסביף פרימיום 150 גרם זוגלובק,זוגלובק,IL,רוסטביף זוגלובק פרמי,גרמים,150.00,100 גרם,false,,24.90,0.1660,true,1,124367
7290109580159,false,פסטרמה פרימיום בנוסח טוסקנה 200 גר',,IL,פסטרמה בנוסח טוסקנה,גרמים,180.00,100 גרם,false,,24.90,0.1383,true,1,124370
7290109580166,false,סרוולד קלאסי פרימיום 150 גרם זוגלובק,זוגלובק,IL,סרוולד קלאסי זוגלובק,גרמים,150.00,100 גרם,false,,24.90,0.1660,true,1,124371
7290109580432,false,פסטרמה חזה הודו מעושן 120 גר' זוגלובק,זוגלובק,IL,פסטרמה אקסטרה מעושנת,גרמים,120.00,100 גרם,false,,13.50,0.1125,true,1,266376
7290110058814,false,ביצי שוקולד סמיילי שלישייה,,,שלישיית ביצי שוקולד,גרמים,60.00,100 גרם,false,,12.90,0.2150,true,1,33420
7290110110369,false,שישיית בירה קרלסברג LUMA בקבוק 330 מל,מבשלות בירה בינלאומי,IL,שישיית בירה קרלסברג,ליטרים,1.98,ליטר,false,,35.90,18.1313,true,1,71521
7290110110574,false,"קוקה קולה זירו לימון פחית 330 מ""ל",החברה המרכזית לייצור,IL,פחית סליק קולה ZERO,מיליליטרים,330.00,"100 מ""ל",false,,5.50,0.0167,true,1,7190
7290110110659,false,"ספרייט לימון ליים פחית 330מ""ל",החברה המרכזית לייצור,IL,סליק ספרייט חדש 330,מיליליטרים,330.00,"100 מ""ל",false,,5.50,0.0167,true,1,7196
7290110110703,false,מארז ספרייט שישייה פחיות FRIDGE PACK,,,שישיית ספרייט פחיות,ליטרים,1.98,ליטר,false,,23.00,11.6162,true,1,7200
7290110111564,false,"משקה ספורט איזוטוני בטעם הדרים ליין 500 מ""ל פאוורייד",Caslino al Piano pla,IT,משקה ספורט איזוטוני,מיליליטרים,500.00,"100 מ""ל",false,,10.00,0.0200,true,1,241191
7290110114787,false,נביעות+תפוח 1.5 ליטר פיקדון,נביעות טבע הגליל בעמ,IL,נביעות + תפוח 1.5 לי,ליטרים,1.50,ליטר,false,,8.90,5.9333,true,1,189766
7290110114794,false,נביעות+אפרסק 1.5 ליטר פיקדון,"נביעות טבע הגליל בע""",IL,נביעות + אפרסק 1.5 ל,ליטרים,1.50,ליטר,false,,8.90,5.9333,true,1,189767
7290110114800,false,נביעות פלוס בטעם ענבים 1.5 ליטר-,"נביעות טבע הגליל בע""",IL,נביעות + ענבים 1.5 ל,ליטרים,1.50,ליטר,false,,8.90,5.9333,true,1,189781
7290110114824,false,נביעות+רכיבי פרי אבטיח 1.5 ליטר פיקדון,"נביעות טבע הגליל בע""",IL,נביעות+ פרי אבטיח 1.,ליטרים,1.50,ליטר,false,,8.90,5.9333,true,1,190017
7290110114855,false,"נביעות מים מינרליים, שישיה 6 * 1.5 ליטר פקדון",נביעות טבע הגליל בעמ,IL,מי נביעות שישייה 1.5,ליטרים,9.00,ליטר,false,,13.90,1.5444,true,1,189831
7290110114886,false,פריגת סחוט טרי קלמנטינה 2 ליטר,גת,IL,פריגת משקה קלמנטינה,ליטרים,2.00,ליטר,false,,29.20,14.6000,true,1,189632
7290110114893,false,פריגת סחוט טרי תפוז 2 ליטר,גת,IL,פריגת סחוט תפוזים 2,ליטרים,2.00,ליטר,false,,29.20,14.6000,true,1,189657
7290110114916,false,פריגת סחוט לימון נענע 2 ליטר,גת,IL,פריגת סחוט לימונענע,ליטרים,2.00,ליטר,false,,29.20,14.6000,true,1,189672
7290110114954,false,מיץ תפוזים מתקתקים 100% 2 ל' פריגת,,,מיץ תפוזים מתקתק 100,ליטרים,2.00,ליטר,false,,22.20,11.1000,true,1,189673
7290110114961,false,מיץ בטעם תפוזים 1.5ל' פריגת,מבשלות בירה בינלאומי,IL,פריגת תפוזים 1.5 ליט,ליטרים,1.50,ליטר,false,,8.90,5.9333,true,1,189844
7290110114985,false,פריגת אשכולית 1.5 ליטר פיקדון,מבשלות בירה בינלאומי,IL,פריגת אשכולית 1.5 לי,ליטרים,1.50,ליטר,false,,8.90,5.9333,true,1,189858
7290110115005,false,פריגת ענבים 1.5 ליטר פיקדון,מבשלות בירה בינלאומי,IL,פריגת ענבים 1.5 ליטר,ליטרים,1.50,ליטר,false,,8.90,5.9333,true,1,189896
7290110115012,false,מיץ ענבים בניחוח מרלו 1.5 ל' פריגת,,IL,פריגת ענבים בניחוח מ,ליטרים,1.50,ליטר,false,,8.90,5.9333,true,1,189897
7290110115029,false,"פריגת משק""ל תפוח 1.5 ליטר פיקדון",מבשלות בירה בינלאומי,IL,פריגת תפוחים 1.5 ליט,ליטרים,1.50,ליטר,false,,8.90,5.9333,true,1,189934
7290110115036,false,פריגת מנגו 1.5 ליטר פיקדון,מבשלות בירה בינלאומי,IL,פריגת מנגו 1.5 ליטר,ליטרים,1.50,ליטר,false,,8.90,5.9333,true,1,189948
7290110115043,false,פריגת לימונענע 1.5 ליטר פיקדון,מבשלות בירה בינלאומי,IL,פריגת לימונענע 1.5 ל,ליטרים,1.50,ליטר,false,,8.90,5.9333,true,1,189949
7290110115050,false,פריגת מיקס תות בננה 1.5 ליטר פיקדון,מבשלות בירה בינלאומי,IL,פריגת מיקס תות בננה,ליטרים,1.50,ליטר,false,,8.90,5.9333,true,1,189962
7290110115074,false,פריגת תפוח דובדבן 1.5 ליטר פיקדון,מבשלות בירה בינלאומי,IL,פריגת דובדבן 1.5 ליט,ליטרים,1.50,ליטר,false,,8.90,5.9333,true,1,190033
7290110115081,false,פריגת צלול ענבים 1.5 ליטר פיקדון,מבשלות בירה לישראל ב,IL,פריגת צלול ענבים 1.5,ליטרים,1.50,ליטר,false,,8.50,5.6667,true,1,190046
7290110115104,false,פריגת צלול אפרסק 1.5 ליטר פיקדון,מבשלות בירה בינלאומי,IL,פריגת צלול אפרסק 1.5,ליטרים,1.50,ליטר,false,,8.50,5.6667,true,1,190063
7290110115128,false,פריגת צלול בטעם לימונענע 1.5 ליטר פיקדון,מבשלות בירה לישראל ב,IL,פריגת צלול בטעם לימו,ליטרים,1.50,ליטר,false,,8.50,5.6667,true,1,190065
7290110115180,false,מים נביעות בקבוק 1.5,"נביעות טבע הגליל בע""",IL,נביעות 1.5 ליטר,ליטרים,1.50,ליטר,false,,3.70,2.4667,true,1,204738
7290110115203,false,קוקה קולה 1.5 ליטר פיקדון,,IL,קוקה קולה 1.5 ליטר,ליטרים,1.50,ליטר,false,,8.90,5.9333,true,1,190083
7290110115210,false,דיאט קוקה קולה 1.5 ליטר פיקדון,,IL,דיאט קוקה קולה 1.5 ל,ליטרים,1.50,ליטר,false,,8.50,5.6667,true,1,190084
7290110115227,false,קוקה קולה זירו 1.5 ליטר -,,IL,קוקה קולה זירו בקבוק,ליטרים,1.50,ליטר,false,,8.90,5.9333,true,1,190085
7290110115234,false,קוקה קולה זירו נטול 1.5 ליטר -,החברה המרכזית לייצור,IL,קולה ZERO נטול 1.5 ל,ליטרים,1.50,ליטר,false,,8.90,5.9333,true,1,190086
7290110115241,false,קוקה קולה זירו לימון 1.5 ליטר -,החברה המרכזית לייצור,IL,קולה ZERO לימון 1.5,ליטרים,1.50,ליטר,false,,8.90,5.9333,true,1,190087
7290110115265,false,ספרייט לימון ליים 1.5 ליטר-,,IL,ספרייט 1.5 ליטר LIME,ליטרים,1.50,ליטר,false,,8.90,5.9333,true,1,190167
7290110115272,false,ZERO ספרייט 1.5 ליטר פיקדון,,IL,ספרייט זירו 1.5 ליטר,ליטרים,1.50,ליטר,false,,8.50,5.6667,true,1,190168
7290110115289,false,ספרייט 19 קל' לימון-נענע 1.5 ליטר פיקדון,החברה המרכזית לייצור,IL,ספרייט 19 קלוריות לי,ליטרים,1.50,ליטר,false,,8.50,5.6667,true,1,190207
7290110115296,false,פאנטה אורנג' 1.5 ליטר פיקדון,החברה המרכזית לייצור,IL,פאנטה אורנג' 1.5 ליט,ליטרים,1.50,ליטר,false,,8.90,5.9333,true,1,190208
7290110115302,false,פאנטה ZERO אורנג' 1.5 ליטר פיקדון,החברה המרכזית לייצור,IL,פאנטה זירו בטעם אורנ,ליטרים,1.50,ליטר,false,,8.90,5.9333,true,1,190221
7290110115319,false,פאנטה אקזוטיק 1.5 ליטר פיקדון,החברה המרכזית לייצור,IL,פאנטה אקזוטיק 1.5 לי,ליטרים,1.50,ליטר,false,,8.90,5.9333,true,1,190222
7290110115333,false,פאנטה תות 1.5 ליטר פיקדון,החברה המרכזית לייצור,IL,פאנטה תות 1.5 ליטר,ליטרים,1.50,ליטר,false,,8.90,5.9333,true,1,190250
7290110115340,false,פאנטה ענבים 1.5 ליטר פיקדון,,IL,פאנטה ענבים 1.5 ליטר,ליטרים,1.50,ליטר,false,,8.90,5.9333,true,1,190251
7290110115357,false,קינלי סודה 1.5 ליטר פיקדון,,IL,קינלי סודה 1.5 ליטר,ליטרים,1.50,ליטר,false,,3.50,2.3333,true,1,190264
7290110115364,false,קוקה קולה שישיות 1.5 ליטר פיקדון,החברה המרכזית לייצור,IL,קוקה קולה 6*1.5 ליטר,ליטרים,9.00,ליטר,false,,49.90,5.5444,true,1,190101
7290110115388,false,ספרייט ליים שישיות 1.5 ליטר פיקדון,החברה המרכזית לייצור,IL,ספרייט 6*1.5 ליטר L,ליטרים,9.00,ליטר,false,,49.90,5.5444,true,1,190181
7290110115395,false,ZERO ספרייט שישיות 1.5 ליטר פיקדון,החברה המרכזית לייצור,IL,ספרייט זירו 6* 1.5 ל,ליטרים,9.00,ליטר,false,,47.10,5.2333,true,1,190194
7290110115401,false,קינלי סודה שישיה 1.5 ליטר פיקדון,החברה המרכזית לייצור,IL,קינלי סודה 6*1.5 ליט,ליטרים,9.00,ליטר,false,,14.90,1.6556,true,1,200489
7290110115418,false,מארז שישייה קוקה קולה זירו 1.5 ל',החברה המרכזית לייצור,IL,קוקה קולה זירו שישיי,ליטרים,9.00,ליטר,false,,46.90,5.2111,true,1,190103
7290110115425,false,FUZE TEA גרין לימונענע -נענע 1.5 ליטר פיקדון,מבשלות בירה בינלאומי,IL,פיוז טי לימון נענע 1,ליטרים,1.50,ליטר,false,,8.90,5.9333,true,1,190290
7290110115449,false,אייס תה בטעם מנגו אננס 1.5ל' FUZE TEA,מבשלות בירה בינלאומי,IL,פיוז טי מנגו אננס 1.,ליטרים,1.50,ליטר,false,,9.50,6.3333,true,1,190292
7290110115456,false,תה בטעם אפרסק 19 קלוריות 1.5 ל' FUZE TEA,מבשלות בירה בינלאומי,IL,פיוז טי אפרסק 19 קל,ליטרים,1.50,ליטר,false,,8.90,5.9333,true,1,190293
7290110115463,false,אייס תה בטעם אפרסק 1.5ל' FUZE TEA,מבשלות בירה בינלאומי,IL,פיוז טי אפרסק 1.5 לי,ליטרים,1.50,ליטר,false,,9.50,6.3333,true,1,190294
7290110115494,false,אייס תה בטעם ענבים 1.5ל' FUZE TEA,מבשלות בירה בינלאומי,IL,פיוז טי ענבים 1.5 לי,ליטרים,1.50,ליטר,false,,9.50,6.3333,true,1,190323
7290110115531,false,פאנטה אורנג' זירו תפוח 1.5 ליטר-,החברה המרכזית לייצור,IL,פאנטה זירו בטעם תפוח,ליטרים,1.50,ליטר,false,,8.90,5.9333,true,1,190223
7290110115586,false,פריגת תפוזים 40% פחות סוכר 1.5 ליטר פיקדון,מבשלות בירה בינלאומי,IL,משקה קל בטעם תפוזים,ליטרים,1.50,ליטר,false,,8.50,5.6667,true,1,190047
7290110115593,false,פריגת אשכוליות 40% פחות סוכר 1.5 ליטר פיקדון,מבשלות בירה בינלאומי,IL,משקה קל בטעם אשכוליו,ליטרים,1.50,ליטר,false,,8.50,5.6667,true,1,190048
7290110115609,false,פריגת ענבים 40% פחות סוכר 1.5 ליטר פיקדון,מבשלות בירה בינלאומי,IL,משקה קל בטעם ענבים 4,ליטרים,1.50,ליטר,false,,8.50,5.6667,true,1,190049
7290110115616,false,אייס תה בטעם גרין אננס 1.5ל' FUZE TEA,מבשלות בירה בינלאומי,IL,פיוז טי ZERO גרין אנ,ליטרים,1.50,ליטר,false,,8.90,5.9333,true,1,216620
7290110115623,false,אייס תה בטעם אפרסק 1.5ל' FUZE TEA,מבשלות בירה בינלאומי,IL,פיוז טי ZERO בטעם אפ,ליטרים,1.50,ליטר,false,,8.90,5.9333,true,1,215505
7290110115869,false,קוקה קולה זירו 1.5 ליטר פיקדון,תות תעשיות מזון (201,IL,קוקה קולה זירו בקבוק,ליטרים,1.50,ליטר,false,,8.90,5.9333,true,1,305677
7290110115913,false,"משקה ספורט איזוטוני זירו בטעם אננס 500 מ""ל פאוורייד",Caslino al Piano pla,IT,משקה ספורט בטעם אננס,מיליליטרים,500.00,"100 מ""ל",false,,10.00,0.0200,true,1,241204
7290110116132,false,סירופ בטעם לימון 750 מל פריגת,פריגת,IL,סירופ פריגת טעם לימו,מיליליטרים,750.00,"100 מ""ל",false,,18.90,0.0252,true,1,266937
7290110116156,false,נביעות+רכיבי פרי מנגו-פסיפלורה 1.5 ליטר-,,,נביעות+ פרי בטעם מנג,ליטרים,1.50,ליטר,false,,8.90,5.9333,true,1,281903
7290110116170,false,נביעות+רכיבי פרי אננס-קוקוס 1.5 ליטר-,,,נביעות+ פרי בטעם אננ,ליטרים,1.50,ליטר,false,,8.90,5.9333,true,1,281891
7290110116217,false,נביעות+ סדרת 0 קלוריות אשכוליות 1.5 ליטר,"נביעות טבע הגליל בע""",IL,נביעות+ אשכולית 0 קל,ליטרים,1.50,ליטר,false,,8.90,5.9333,true,1,281940
7290110116224,false,מים 0 קלוריות בטעם אשכולית 0.5 ל נביעות,"נביעות טבע הגליל בע""",IL,נביעות+ אשכולית 0 קל,מיליליטרים,500.00,"100 מ""ל",false,,6.20,0.0124,true,1,281953
7290110116323,false,שישיית קוקה קולה זירו 1.5 ליטר חג שמח-,,IL,קוקה קולה זירו 6*1.5,ליטרים,9.00,ליטר,false,,47.90,5.3222,true,1,237306
7290110116392,false,סירופ בטעם תפוזים 750 מל פריגת,פריגת,IL,סירופ בטעם תפוזים 75,מיליליטרים,750.00,"100 מ""ל",false,,18.90,0.0252,true,1,281965
7290110116514,false,"פריגת מיקס תות בננה 400 מ""ל",גת,IL,פריגת סחוט MIX תות ב,מיליליטרים,400.00,"100 מ""ל",false,,8.90,0.0223,true,1,312839
7290110320591,false,פיראוס בולגרית מעודנת 16% 250 גר,תנובה,IL,בולגרית 16% במרקם מע,גרמים,250.00,100 גרם,false,,21.90,0.0876,true,1,26179
7290110320683,false,משקה יופלה 360 בטעם תות אריזת שמיניה,מיוצר עי קונדיטוריית,IL,משקה יופלה שמיניה בט,מיליליטרים,856.00,"100 מ""ל",false,,17.90,0.0209,true,1,26185
7290110320850,false,פתיתים גבינה 28% שומן 200 ג' עמק,תנובה מרכז שיתופי לש,IL,עמק פתיתים 200 גרם,גרמים,200.00,100 גרם,false,,14.90,0.0745,true,1,26195
7290110320867,false,פתיתים גבינה 28% שומן 500 ג' עמק,"תנובה, מחלבת תל יוסף",IL,עמק פתיתים למאפים 28,גרמים,500.00,100 גרם,false,,35.90,0.0718,true,1,26196
7290110320935,false,גבינת מוצרלה תנובה 150ג' פרוסות,תנובה מחלבת תל יוסף,IL,פרוסות מוצרלה 150 גר,גרמים,150.00,100 גרם,false,,15.90,0.1060,true,1,26201
7290110321277,false,קוטג' בקטנה % 5 100 ג' תנובה,פארייפאבה אגרואינדוס,IL,קוטג' תנובה בקטנה 5,גרמים,100.00,100 גרם,false,,2.50,0.0250,true,1,26227
7290110321604,false,קוביות בולגרית מעודנת 5% 200 גר,תנובה,IL,פיראוס קוביות בולגרי,גרמים,200.00,100 גרם,false,,19.90,0.0995,true,1,26244
7290110321680,false,יופלה GO טעם תות 200 גרם,מיוצר עי קונדיטוריית,IL,יופלה גו בטעם תות 20,גרמים,200.00,100 גרם,false,,6.20,0.0310,true,1,26250
7290110321697,false,יופלה גו בטעם אפרסק,מיוצר עי קונדיטוריית,IL,יופלה גו בטעם אפרסק,מיליליטרים,200.00,"100 מ""ל",false,,6.20,0.0310,true,1,26251
7290110321703,false,יופלה GO פירות יער 200 מל,מיוצר עי קונדיטוריית,IL,יופלה גו בטעם פרות י,מיליליטרים,200.00,"100 מ""ל",false,,6.20,0.0310,true,1,26252
7290110321789,false,גבינה מסקרפונה 38% השף הלבן 250 גר,תנובה,IL,גבינת מסקרפונה 38% ש,גרמים,250.00,100 גרם,false,,18.90,0.0756,true,1,26258
7290110322014,false,טופו טבעי ALTERNATIVE 300 גרם,שוורצקוף& הנקל דיסלד,IL,טופו טבעי 300 גרם,גרמים,300.00,100 גרם,false,,12.90,0.0430,true,1,26271
7290110322038,false,טופו פיקנטי ALTERNATIVE 300 גרם,סוי מג'ק,IL,טופו פיקנטי 300 גרם,גרמים,300.00,100 גרם,false,,12.90,0.0430,true,1,26273
7290110322946,false,יופלה טיוב יוגורט במרקם חלק בטעם תות בננה כשרות רבנות 348 ג',,,יופלה טיוב יוגורט במ,מיליליטרים,348.00,"100 מ""ל",false,,11.90,0.0342,true,1,26295
7290110323097,false,מעדן גבינה עם תות 5% שומן 80 ג' תנובה,,,תאומים 80 גרם גביע ב,גרמים,80.00,100 גרם,false,,2.00,0.0250,true,1,26302
7290110323592,false,יופלה יוגורט עם אפרסק מופחת קלוריות 200 ג' GO,,IL,יופלה GO לייט עם אפר,גרמים,200.00,100 גרם,false,,6.20,0.0310,true,1,26337
7290110323714,false,משקה קוקוס שקדים 1 ל' ALTERNATIVE,מיוצר עי קונדיטוריית,IL,תנובה משקה קוקוס שקד,יחידה,0.00,יחידה,false,,13.50,0.0000,true,1,26348
7290110323998,false,מאגדת שמינייה מיני קרלו קצפת 8*77 ג',,,מאגדת 8 מיני קרלו ק,גרמים,616.00,100 גרם,false,,12.50,0.0203,true,1,145250
7290110324551,false,יופלה טיוב יוגורט במרקם חלק בטעם תות 348 ג',,IL,יופלה טיוב יוגורט במ,מיליליטרים,348.00,"100 מ""ל",false,,11.90,0.0342,true,1,26407
7290110324711,false,"ממרח סויה בסגנון גבינה טעם טבעי בד""צ",מיוצר עי קונדיטוריית,IL,ממרח סויה 9% בטעם טב,גרמים,250.00,100 גרם,false,,8.90,0.0356,true,1,26416
7290110324872,false,גלבוע גבינה פרוסה 5%,תנובה,IL,גלבוע גבינה פרוסה 5%,גרמים,200.00,100 גרם,false,,18.90,0.0945,true,1,26428
7290110324926,false,משקה סויה ללא תוספת סוכר 1 ליטר,"תנובה בע""מ",IL,משקה סויה ללא תוספת,יחידה,0.00,יחידה,false,,10.90,0.0000,true,1,26431
7290110325084,false,מאגדת שמינייה מיני קרלו שוניל 8*100גרם,,IL,מאגדת שמינייה מיני ק,מיליליטרים,800.00,"100 מ""ל",false,,13.90,0.0174,true,1,26440
7290110325114,false,משקה יוגורט גו לייט תות בננה 250 מל,מיוצר עי קונדיטוריית,IL,יופלה משקה יוגורט גו,מיליליטרים,250.00,"100 מ""ל",false,,6.50,0.0260,true,1,26443
7290110325121,false,משקה יוגורט יופלה גו לייט מנגו אננס,"תנובה בע""מ",IL,יופלה משקה יוגורט גו,מיליליטרים,250.00,"100 מ""ל",false,,6.50,0.0260,true,1,26444
7290110325312,false,מעדן סויה גו 20 גרם חלבון בטעם תות,"תנובה בע""מ",IL,יופלה סויה גו 20 גרם,גרמים,200.00,100 גרם,false,,6.20,0.0310,true,1,26448
7290110325510,false,יופלה טיוב יוגורט במרקם חלק בטעם וניל - 348 ג',"תנובה בע""מ",IL,יופלה טיוב יוגורט במ,מיליליטרים,348.00,"100 מ""ל",false,,11.90,0.0342,true,1,26453
7290110325619,false,אלטרנטיב משקה שיבולת שועל 1 ליטר,מיוצר עי קונדיטוריית,IL,תנובה משקה שיבולת שו,יחידה,0.00,יחידה,false,,13.50,0.0000,true,1,26457
7290110325893,false,תנובה GO אייס קפה 340 מל' 27 גרם חלבון,מיוצר עי קונדיטוריית,IL,משקה תנובה GO אייס ק,גרמים,340.00,100 גרם,false,,7.90,0.0232,true,1,26476
7290110326173,false,YOLO NUTS מעדן שוקולד בתוספת עוגיות 120 גרם,תנובה,IL,יולו קוקיז ש.לבן בטע,גרמים,120.00,100 גרם,false,,4.80,0.0400,true,1,66713
7290110326210,false,יופלה און טופ פצפוצים 157 גרם,מיוצר עי קונדיטוריית,IL,יופלה און טופ פצפוצי,גרמים,157.00,100 גרם,false,,4.90,0.0312,true,1,59571
7290110326227,false,יוגורט און טופ קורנפלקס 157 ג' יופלה,מיוצר עי קונדיטוריית,IL,יופלה און טופ קורנפל,גרמים,157.00,100 גרם,false,,4.90,0.0312,true,1,59592
7290110326234,false,יוגורט און טופ כוכבים 157 ג' יופלה,מיוצר עי קונדיטוריית,IL,יופלה און טופ כוכבים,גרמים,157.00,100 גרם,false,,4.90,0.0312,true,1,59593
7290110326241,false,ייופלה און טופ גרנולה 157 גרם,מיוצר עי קונדיטוריית,IL,יופלה און טופ גרנולה,יחידה,157.00,יחידה,false,,4.90,0.0312,true,1,59594
7290110326333,false,פרוסות גבינה סקנדינבית 170 גרם,פ.פ.ח. שאביט,IL,פרוסות גבינה סקנדינב,גרמים,170.00,100 גרם,false,,18.90,0.1112,true,1,137231
7290110326906,false,חלב טרי נטול לקטוז 3% 1 ליטר,מיוצר עי קונדיטוריית,IL,חלב נטול לקטוז 3% שו,ליטרים,1.00,ליטר,false,,7.90,7.9000,true,1,103262
7290110327514,false,משקה שיבולת שועל בטעם אגוזי לוז 1 ל' alternative,תנובה,IL,משקה שיבולת שועל בטע,יחידה,0.00,יחידה,false,,13.50,0.0000,true,1,155706
7290110327545,false,מעדן און טופ תות פצפוצים מצופים שוקולד 157ג' יופלה,מיוצר עי קונדיטוריית,IL,יופלה און טופ בטעם ת,גרמים,157.00,100 גרם,false,,4.90,0.0312,true,1,103337
7290110327798,false,חטיף חלבון GO בטעם שוקולד 20 גרם חלבון,"בלמונט קונפקציות בע""",US,GO חטיף חלבון בטעם ש,גרמים,60.00,100 גרם,false,,11.90,0.1983,true,1,141723
7290110327804,false,חטיף חלבון GO בטעם בצק עוגיות 20 גרם חלבון,"בלמונט קונפקציות בע""",US,GO חטיף חלבון בטעם ב,גרמים,60.00,100 גרם,false,,11.90,0.1983,true,1,141724
7290110327811,false,חטיף חלבון GO בטעם קוקוס 20 גרם חלבון,"בלמונט קונפקציות בע""",US,GO חטיף חלבון עם קוק,גרמים,60.00,100 גרם,false,,11.90,0.1983,true,1,141725
7290110327828,false,חטיף חלבון GO בטעם חמאת בוטנים 20 גרם חלבון,"בלמונט קונפקציות בע""",US,GO חטיף חלבון עם חמא,גרמים,60.00,100 גרם,false,,11.90,0.1983,true,1,141726
7290110328016,false,משקה סויה מועשר בחלבון בטעם אגוזי לוז 250ג',שוורצקוף& הנקל דיסלד,IL,משקה סויה מעושר בחלב,גרמים,250.00,100 גרם,false,,5.90,0.0236,true,1,113743
7290110328023,false,משקה סויה מועשר בחלבון בטעם קפה 250 גרם,סוי מג'ק,IL,משקה סויה מעושר בחלב,גרמים,250.00,100 גרם,false,,5.90,0.0236,true,1,113744
7290110328221,false,יוגורט תנובה נטול לקטוז 200 ג',מיוצר עי קונדיטוריית,IL,יוגורט תנובה נטול לק,גרמים,200.00,100 גרם,false,,3.90,0.0195,true,1,118431
7290110328436,false,פלח גאודה בטעם מעודן עיזים 29% קולקשין,"תנובה בע""מ",IL,פלח גאודה עיזים בטעם,גרמים,150.00,100 גרם,false,,20.90,0.1393,true,1,129133
7290110328481,false,פתיתי פרמג'יאנו רג'יאנו 100 גרם,ברטינלי גיאני א.,IT,פתיתי פרמג'יאנו רג'י,גרמים,100.00,100 גרם,false,,14.90,0.1490,true,1,129303
7290110328580,false,יוגורט תנובה טבעי 5% גביע 200 גרם,מיוצר עי קונדיטוריית,IL,יוגורט טבעי תנובה 5%,גרמים,200.00,100 גרם,false,,3.50,0.0175,true,1,210432
7290110328627,false,יוגורט סמיך 0% בננה קרמל יופלה 200 ג' GO,מיוצר עי קונדיטוריית,IL,יוגורט גו סמיך 0% בנ,גרמים,200.00,100 גרם,false,,6.20,0.0310,true,1,145222
7290110328641,false,טופו טבעי 2יח' *250 ג',,,טופו טבעי 2 יחידות,גרמים,500.00,100 גרם,false,,17.90,0.0358,true,1,161242
7290110328764,false,יוגורט סמיך 0% תות יופלה 200 ג' GO,מיוצר עי קונדיטוריית,IL,יוגורט גו סמיך 0% תו,גרמים,200.00,100 גרם,false,,6.20,0.0310,true,1,145237
7290110328771,false,יוגורט סמיך 0% פירות יער יופלה 200 ג' GO,מיוצר עי קונדיטוריית,IL,יוגורט גו סמיך 0% פי,גרמים,200.00,100 גרם,false,,6.20,0.0310,true,1,145223
7290110328788,false,יוגורט סמיך 0% אפרסק יופלה 200 ג' GO,תנובה בעמ,IL,יוגורט גו סמיך 0% אפ,גרמים,200.00,100 גרם,false,,6.20,0.0310,true,1,145224
7290110328887,false,"חלב תנובה בקבוק 3%, כשרות מהדרין, 1 ליטר","תנובה בע""מ",IL,חלב תנובה בבקבוק 3%,ליטרים,1.00,ליטר,false,,6.23,6.2300,true,1,221621
7290110329136,false,מעדן חלב מעושר בחלבון בטעם שוקולד 120 ג' GO,"תנובה בע""מ",IL,מעדן חלב גו בטעם שוק,גרמים,120.00,100 גרם,false,,4.60,0.0383,true,1,194171
7290110329143,false,מעדן חלב מעושר בחלבון בטעם וניל גביע 120 ג' GO,"תנובה בע""מ",IL,מעדן חלב גו בטעם וני,גרמים,120.00,100 גרם,false,,4.60,0.0383,true,1,194158
7290110329716,false,משקה קפה קר בטעם קפוצ'ינו 230 ג' תנובה,"תנובה בע""מ",IL,קפה קר בטעם קפוצ'ינו,מיליליטרים,230.00,"100 מ""ל",false,,6.90,0.0300,true,1,247690
7290110329723,false,משקה קפה קר בטעם לאטה 230 ג' תנובה,"תנובה בע""מ",IL,קפה קר בטעם לאטה תנו,מיליליטרים,230.00,"100 מ""ל",false,,6.90,0.0300,true,1,248307
7290110329730,false,"משקה חלב עם שוקולד וקפה בסגנון לאטה 2.7%  230 מ""ל תנובה","תנובה בע""מ",IL,קפה קר בטעם לאטה שוק,מיליליטרים,230.00,"100 מ""ל",false,,6.90,0.0300,true,1,248308
7290110329792,false,יוגורט סויה BIO Alternative אפרסק 150 ג' תנובה,מיוצר עי קונדיטוריית,IL,סויה BIO אפרסק גביע,גרמים,150.00,100 גרם,false,,4.90,0.0327,true,1,216445
7290110329808,false,יוגורט סויה BIO Alternative תות 150 ג' תנובה,מיוצר עי קונדיטוריית,IL,סויה BIO תות גביע 15,גרמים,150.00,100 גרם,false,,4.90,0.0327,true,1,216446
7290110329822,false,יוגורט סויה BIO Alternative פירות יער 150 ג' תנובה,מיוצר עי קונדיטוריית,IL,סויה BIO פירות יער ג,גרמים,150.00,100 גרם,false,,4.90,0.0327,true,1,216448
7290110550370,false,פריכיות משולשות קינואה ופלפל 65 גרם,,,אנרגי פריכיות משולשו,גרמים,65.00,100 גרם,false,,9.90,0.1523,true,1,304321
7290110550394,false,PERFECT BITE שוקולד חלב במילוי קרם ושברי אגוזי לוז 234 גרם,"שטראוס גרופ בע""מ",IL,מיני חטיפי שוקולד PE,גרמים,234.00,100 גרם,false,,19.90,0.0850,true,1,182001
7290110552121,false,יוגורט בתוספת סידן וויטמין ד 100 ג' דנונה,,IL,היוגורט הראשון שלי 5,גרמים,100.00,100 גרם,false,,2.30,0.0230,true,1,258530
7290110552220,false,יוגורט פרו בטעם תות ללא סוכר 200 ג' דנונה,"שטראוס בריאות בע""מ",IL,דנונה PRO 20 גרם חלב,גרמים,200.00,100 גרם,false,,6.20,0.0310,true,1,210023
7290110552237,false,יוגורט פרו בטעם אפרסק מנגו ללא סוכר 200 ג' דנונה,"שטראוס בריאות בע""מ",IL,דנונה PRO 20 גרם חלב,גרמים,200.00,100 גרם,false,,6.20,0.0310,true,1,210010
7290110552817,false,עלית - צנצנת מאסט בטעם גלידה לימון,,IL,מסטיק ללא סוכר בטעם,גרמים,66.00,100 גרם,false,,10.50,0.1591,true,1,266743
7290110553029,false,פריכיות חלבון קייל חומוס ומלח 60 ג' שטראוס,"פרח תעשיו מזון בע""מ",IL,פריכיות חלבון קייל ח,גרמים,60.00,100 גרם,false,,9.90,0.1650,true,1,213138
7290110553135,false,נסקפה קפוצ'ינו סטיק וניל 130 ג' עלית,,IL,נמס קפוצינו -אבקה לה,גרמים,130.00,100 גרם,false,,16.90,0.1300,true,1,311722
7290110553173,false,אנרג'י - פריכיות בטעם קרמל 40 גרם,סאנורייס בלגיום,IL,פריכיות אורז בטעם קר,גרמים,40.00,100 גרם,false,,6.90,0.1725,true,1,304442
7290110553180,false,אנרג'י - פריכיות בטעם תפוח קינמון 40 גרם,סאנורייס בלגיום,IL,פריכיות עם תפוח וקינ,גרמים,40.00,100 גרם,false,,6.90,0.1725,true,1,304443
7290110554262,false,חלבית מלבין קפה חלבי 350 ג' עלית,,,מלבין קפה חלבי 350 ג,גרמים,350.00,100 גרם,false,,17.60,0.0503,true,1,224601
7290110554422,false,פומודורו רוטב עגבניות ופלפלים לשקשוקה 350 גרם,,IT,רוטב עגבניות ופלפלים,גרמים,350.00,100 גרם,false,,11.90,0.0340,true,1,225003
7290110554583,false,מארז צ'יטוס פאפס גבינה 10 יח' *20 ג',,IL,מארז צ'יטוס PUFFS בט,גרמים,200.00,100 גרם,false,,14.10,0.0705,true,1,203152
7290110555078,false,לאבנה עם שמן זית ועשבי תיבול 250 גרם,"מחלבות בר בכפר בע""מ",IL,לאבנה עם עשבי תיבול,גרמים,250.00,100 גרם,false,,11.40,0.0456,true,1,255902
7290110555603,false,אבקת שוקולוטה ספלנדיד 360 גרם עלית,"ג'אלוסיס י. בע""מ",GR,אבקה להכנת שוקולטה ס,גרמים,360.00,100 גרם,false,,24.00,0.0667,true,1,312896
7290110556242,false,עלית - שוקולד מריר פרווה בדץ 100 גרם,"שטראוס גרופ בע""מ.",FR,שוקולד מריר מעולה 10,גרמים,100.00,100 גרם,false,,5.20,0.0520,true,1,295180
7290110557027,false,חומוס עשיר 50% טחינה גולמית 400 ג' אחלה,מיוצר עי קונדיטוריית,IL,חומוס הסדרה עשיר ב50,גרמים,400.00,100 גרם,false,,12.90,0.0323,true,1,193441
7290110557102,false,מעדן חלב עם שוקולד מועשר בחלבון 150 ג' שטראוס,מיוצר עי קונדיטוריית,IL,מעדן פרו חלב עם שוקו,גרמים,150.00,100 גרם,false,,5.80,0.0387,true,1,178613
7290110557133,false,מעדן הגולן וניל 125 ג' שטראוס,מיוצר עי קונדיטוריית,IL,מעדן הגולן מעדן חלב,גרמים,125.00,100 גרם,false,,3.10,0.0248,true,1,188498
7290110557478,false,סלט חומוס גלילי אחלה 600 גרם,,,חומוס גלילי אחלה 60,גרמים,600.00,100 גרם,false,,12.90,0.0215,true,1,238681
7290110558239,false,"וואו יוגורט עם שכבה בטעם קראק פאי 5.4%, 150 ג דנונה","שטראוס בריאות בע""מ",IL,WOW יוגורט בטעם קראק,גרמים,150.00,100 גרם,false,,5.10,0.0340,true,1,273451
7290110558253,false,"דנונה ריפרש בננה אננס וצ`יה, 250 גרם","שטראוס בריאות בע""מ",IL,יוגורט עם אננס בננה,גרמים,250.00,100 גרם,false,,5.50,0.0220,true,1,256234
7290110558284,false,יוגורט ביו מולטי 200 ג' דנונה,"שטראוס בריאות בע""מ",IL,דנונה מולטי 3% שומן,מיליליטרים,200.00,"100 מ""ל",false,,4.40,0.0220,true,1,266190
7290110558307,false,דנונה פרו 20 גר' חלבון עם שיבולת שועל 200 גרם,"שטראוס בריאות בע""מ",IL,דנונה פרו עם שיבולת,מיליליטרים,200.00,"100 מ""ל",false,,6.30,0.0315,true,1,256755
7290110558666,false,מעדן גבינה בטעם תפוח 88 ג' דניאלה,"שטראוס בריאות בע""מ",IL,דניאלה בטעם תפוח 88,גרמים,88.00,100 גרם,false,,4.10,0.0466,true,1,296744
7290110558741,false,"גמדים פאוץ תפוח בננה, 100 ג' שטראוס","שטראוס בריאות בע""מ",IL,גמדים לדרך תפוח ובננ,גרמים,100.00,100 גרם,false,,5.90,0.0590,true,1,314431
7290110558918,false,עלי חסה קראנצ שטופים,שטראוס בריאות ירקות,IL,עלי חסה קראנצ שטופים,גרמים,150.00,100 גרם,false,,11.50,0.0767,true,1,296439
7290110559748,false,ריל - מאגדת שקדים קוקוס ושוקולד מריר 35 גרם * 3,,,מאגדת חטיף Real אנר,גרמים,105.00,100 גרם,false,,15.90,0.1514,true,1,273701
7290110559762,false,"מאגדת אנרג'י ריל אגוזים,תמרים,קוקוס 115 גרם",,,מאגדת חטיף Real אנר,גרמים,105.00,100 גרם,false,,15.90,0.1514,true,1,273739
7290110560317,false,פריכיות משולשות מלח ים 30 ג' הטעימות,"פרח תעשיו מזון בע""מ",IL,פריכיות משולשות מלח,גרמים,30.00,100 גרם,false,,5.20,0.1733,true,1,22993
7290110560324,false,פריכיות משולשות אפונה ירוקה 30 ג' הטעימות,"פרח תעשיו מזון בע""מ",IL,פריכיות משולשות אפונ,גרמים,30.00,100 גרם,false,,5.20,0.1733,true,1,22994
7290110561604,false,גמדים מעדן תות בננה מעורב מארז 100x8ג',,IL,שמיניית גמדים תות בנ,גרמים,800.00,100 גרם,false,,19.80,0.0248,true,1,23939
7290110563448,false,"משקה קפה קר בסגנון מעודן 230 מ""ל 1.6% יוטבתה",האי נאם סי או אל.טי.,AT,יטבתה משקה קפה קר בס,מיליליטרים,230.00,"100 מ""ל",false,,8.30,0.0361,true,1,23944
7290110563462,false,חלב בבקבוק נטול לקטוז 2% יטבתה 1 ל',מחלבת יטבתה,IL,יטבתה חלב בבקבוק נטו,ליטרים,1.00,ליטר,false,,9.30,9.3000,true,1,23946
7290110564339,false,חומוס אחלה הסידרה המובחר 30% טחינה 400 גר',מיוצר עי קונדיטוריית,IL,חומוס הסדרה המובחרת,גרמים,400.00,100 גרם,false,,12.90,0.0323,true,1,23953
7290110564360,false,חומוס אחלה הסידרה המובחר 40% טחינה 400 גר',מיוצר עי קונדיטוריית,IL,חומוס אחלה עשיר ב 40,גרמים,400.00,100 גרם,false,,12.90,0.0323,true,1,23954
7290110565435,false,ג'לי לימבו פטל חלבי שטראוס 125ג',,IL,לימבו בטעם פטל 0% שו,גרמים,125.00,100 גרם,false,,2.50,0.0200,true,1,23969
7290110565527,false,דנונה פרו 1.5% יוגורט 20ג' חלבון 200ג',"שטראוס בריאות בע""מ",IL,דנונה PRO 20 גרם חלב,גרמים,200.00,100 גרם,false,,6.20,0.0310,true,1,23971
7290110566975,false,דנונה פרו יוגורט 0% תות עשיר בחלבון 200ג',"שטראוס בריאות בע""מ",IL,דנונה PRO 20 גרם חלב,גרמים,200.00,100 גרם,false,,6.20,0.0310,true,1,23981
7290110568276,false,"משקה פרו וניל 350 מ""ל יוטבתה",מילקוורק,IL,משקה פרו וניל יטבתה,מיליליטרים,350.00,"100 מ""ל",false,,7.30,0.0209,true,1,23994
7290110568559,false,דוריטוס עלית מארז חמוץ חריף 10 יח' *25 ג',שטראוס פריטוליי,IL,מארז דוריטוס חמוץ חר,גרמים,250.00,100 גרם,false,,13.90,0.0556,true,1,24382
7290110568566,false,דוריטוס גריל עלית מארז 10 יח' *25 ג',,IL,מארז דוריטוס גריל 10,גרמים,250.00,100 גרם,false,,13.90,0.0556,true,1,24383
7290110568627,false,עלית - פסק זמן רול שוקולד חלב עם קרם אגוזים 26 גרם,,TR,פסק זמן רול ש.חלב עם,גרמים,28.00,100 גרם,false,,3.90,0.1393,true,1,59930
7290110568924,false,עלית - פסק זמן רול שוקולד חלב עם קרם חלב וקוקוס 26 גרם,,TR,פסק זמן רול ש.חלב עם,גרמים,26.00,100 גרם,false,,3.90,0.1500,true,1,62727
7290110570569,false,"פולי אספרסו עשירים וארומטיים עוצמה 08 1 ק""ג עלית",,,פולי אספרסו עשירים ו,גרמים,500.00,100 גרם,false,,74.90,0.1498,true,1,234692
7290110570880,false,פולי אספרסו עשירים וארומטיים עוצמה 14 250 ג' עלית,,IL,פולי אספרסו עשירים ו,גרמים,250.00,100 גרם,false,,21.90,0.0876,true,1,269827
7290110571382,false,מעדן חלב בטעם וניל מעושר בחלבון 150 ג' שטראוס,"שטראוס בריאות בע""מ",IL,מעדן חלב מועשר בחלבו,גרמים,150.00,100 גרם,false,,5.00,0.0333,true,1,243549
7290110571405,false,עלית - מיני פינוקיות בגביע פסק זמן 180 גרם,הגביע מוצרי ופלים בע,IL,מיני פינוקיות פסק זמ,גרמים,180.00,100 גרם,false,,10.90,0.0606,true,1,311698
7290110572129,false,כיף כף מקלות שוקולד לבן 40 ג' עלית,,,כיף כף מקלות שוקולד,גרמים,40.00,100 גרם,false,,5.20,0.1300,true,1,313771
7290110572884,false,"קפסולות קפה מספר 20 למכונת אספרס אספרסו, 50 גרם",שטראוס קפה בי.וי.,IL,קפסולות אספרסו קפה ע,גרמים,50.00,100 גרם,false,,16.90,0.3380,true,1,311808
7290110572969,false,כיף כף פצפצים עקרם לבן 40ג' עלית,שולן צ'יקולטה גידה ס,TR,כיף כף פצפצים קרם לב,גרמים,40.00,100 גרם,false,,5.20,0.1300,true,1,273567
7290110572976,false,כיף כף פצפצים קרם לבן 135 ג עלית,שולן צ'יקולטה גידה ס,TR,כיף כף פצפצים קרם לב,גרמים,135.00,100 גרם,false,,10.40,0.0770,true,1,273505
7290110574413,false,עלית - פופקורן בטעם טעמי 70 גרם,סראנו בעבור שטראוס,קפריסין,נשנושי פופקורן מתוק,גרמים,70.00,100 גרם,false,,7.90,0.1129,true,1,318302
7290110574420,false,עלית - פופקורן בטעם פסק זמן 70 גרם,סראנו בעבור שטראוס,קפריסין,נשנושי פופקורן מתוק,גרמים,70.00,100 גרם,false,,7.90,0.1129,true,1,318303
7290110576318,false,מאגדת שלישיית שוקולד אגוז לבן 300 ג' עלית,דיפה,FR,מארז שלישיית אגוז ל,גרמים,300.00,100 גרם,false,,23.10,0.0770,true,1,297597
7290110576752,false,טבלאות שוקולד ספלנדיד מריר 70% 100 ג' עלית,קימ'ס גריפלנן,BE,שוקולד ספלנדיד מריר,גרמים,100.00,100 גרם,false,,9.90,0.0990,true,1,311877
7290110576776,false,טבלאות שוקולד ספלנדיד מריר 85% 100 ג' עלית,קימ'ס גריפלנן,BE,שוקולד ספלנדיד מריר,גרמים,100.00,100 גרם,false,,9.90,0.0990,true,1,311878
7290110576790,false,סקי בטעם מוקה 125 ג' שטראוס,"שטראוס בריאות בע""מ",IL,מעדן גבינה בטעם מוקה,גרמים,125.00,100 גרם,false,,4.10,0.0328,true,1,296732
7290110576851,false,מארז 8 גמדים שתיה סלט פירות 864 גרם,שטראוס,IL,מארז גמדים לשתייה ס,מיליליטרים,864.00,"100 מ""ל",false,,19.90,0.0230,true,1,298091
7290111091520,false,"תחליב רחצה ד""ר עור קוקוס 700 מ""ל",,,תחליב רחצה קלאסי קוק,מיליליטרים,700.00,"100 מ""ל",false,,15.90,0.0227,true,1,29621
7290111093982,false,טרופיקל תחליב רחצה פסיפלורה ואינקה אינצ'י דר עור,,,תחליב רחצה פסיפלורה,מיליליטרים,700.00,"100 מ""ל",false,,15.90,0.0227,true,1,298403
7290111094361,false,קוויק שקיות אשפה XL עם ידית 20 יח' במארז,,TR,קוויק שקיות אשפה XL,יחידה,0.00,יחידה,false,,12.90,0.0000,true,1,187289
7290111094392,false,"טרופיקל תחליב רחצה קוקוס וליים 700 מ""ל דר עור",,,תחליב רחצה קוקוס ולי,מיליליטרים,700.00,"100 מ""ל",false,,15.90,0.0227,true,1,298404
7290111094613,false,מגבונים לניקוי משקפיים 10 יח' I-CARE,,,מגבונים לניקוי משקפי,יחידה,0.00,יחידה,false,,7.90,0.0000,true,1,29626
7290111096921,false,קוויק מגבונים לניקוי כללי בתוספת חומץ ומלח לימון 50 יח',,,מטליות לחות לניקוי ב,יחידה,0.00,יחידה,false,,8.90,0.0000,true,1,188829
7290111098536,false,מגבונים לחים לתינוק,,,מגבונים לחים לתינוק,יחידה,0.00,יחידה,false,,14.90,0.0000,true,1,241574
7290111340185,false,מטליות לחות ניקול לניקוי רצפות בניחוח מרכך 10 יח',,,ניקול לחות לניקוי רצ,יחידה,0.00,יחידה,false,,10.90,0.0000,true,1,9122
7290111342042,false,כריות יפניות ניקול לניקוי אנטיבקטריאלי 4,סנו,IL,כריות יפניות אנטיבקט,יחידה,0.00,יחידה,false,,10.90,0.0000,true,1,9155
7290111342059,false,מט.לחות ניקול לחיט משטחים אנטיבקטריאלי50,סנו,IL,מטליות לחות אנטיבקטר,יחידה,0.00,יחידה,false,,10.90,0.0000,true,1,9156
7290111343117,false,ממחטות אף קלינקס לושן סופט פק 140 דף,קימברלי,IL,טישו לושן סופט קליני,יחידה,0.00,יחידה,false,,13.90,0.0000,true,1,97313
7290111343797,false,מטליות לחות לניקוי חלונות 48 יח' ניקול,עלבד,IL,ניקול מטליות לחות לנ,יח',50.00,יח',false,,9.90,0.1980,true,1,83988
7290111344206,false,האגיס נטורל קר מגבונים לחים בבישום עדין רביעייה,קימברלי,IL,מגבוני האגיס נטורל ק,יחידה,0.00,יחידה,false,,20.90,0.0000,true,1,186902
7290111344732,false,קלינקס - טיישו אלרג'י קומפורט ניילון זוגות 140 דף,קימברלי,IL,קלינקס אלרג'י קומפור,יחידה,0.00,יחידה,false,,13.90,0.0000,true,1,179072
7290111344824,false,מגן תחתון קוטקס אקסטרא אנטיבקטריאלי לארג',,CN,מגיני תחתון אנטיבקטר,יחידה,0.00,יחידה,false,,17.90,0.0000,true,1,203671
7290111344930,false,מטליות לחות לרצפה בניחוח מרכך כביסה 10 יח' ניקול,,IL,מטליות לחות לניקוי ר,יח',10.00,יח',false,,10.90,1.0900,true,1,203760
7290111345777,false,תחבושת קוטקס כותנה לילה 16 יח' קוטקס,,CZ,תחבושות כותנה נייט +,יחידה,0.00,יחידה,false,,18.90,0.0000,true,1,227554
7290111345814,false,נייר טואלט לילי נטורל קר 30 גלילים מהדורה,קימברלי,IL,נייר טואלט נטורל קר,יח',30.00,יח',false,,34.90,1.1633,true,1,203709
7290111345821,false,נייר טואלט לילי לבן גמבו 16 גל=32 גל,קימברלי,IL,נייר טואלט נטורל קר,יח',16.00,יח',false,,37.90,2.3687,true,1,203734
7290111346293,false,מגבות ניקול שישייה מהדורה חגיגית,חוגלה,IL,מגבות מטבח ניקול לבנ,מטרים,64.80,מטר,false,,13.90,0.2145,true,1,257004
7290111350726,false,חטיף נאצוס הוטפופ בסגנון מקסיקני 322 גר,פופז,US,הוטפופ נאצ'וס בסגנון,גרמים,322.00,100 גרם,false,,15.90,0.0494,true,1,12824
7290111352973,false,יוגטה קוביות חמוצות 220 גרם ללא ג'לטין,סאדאט,IL,יוגטה קוביות חמוציות,גרמים,220.00,100 גרם,false,,6.90,0.0314,true,1,83816
7290111353444,false,חטיף בטטות ומלח ים הוטפופ 120 גרם,,HN,הוטפופ ווגי' צ'יפס ח,גרמים,120.00,100 גרם,false,,13.90,0.1158,true,1,118581
7290111353680,false,גרעיני חמנייה 350 גר,,,גרעיני חמנייה 350 גר,גרמים,350.00,100 גרם,false,,10.00,0.0286,true,1,137783
7290111354748,false,כדורגל קליית גת מתנה,,CN,כדורגל קליית גת מתנה,יחידה,0.00,יחידה,false,,0.01,0.0000,true,1,304016
7290111564239,false,מאגדת מיני קראנץ וניל 5 יח' נסטלה,גלידות נסטלה (נגה גל,IL,קראנץ' מאגדת מיני ונ,גרמים,275.00,100 גרם,false,,27.90,0.1015,true,1,16226
7290111564277,false,פריכיות פיטנס שלושה דגנים דקות 120 גר,PT,IL,פריכיות 3 דגנים דקות,גרמים,120.00,100 גרם,false,,10.90,0.0908,true,1,19226
7290111564291,false,פריכיות דקות משלושה דגנים וקינואה,PT,IL,פריכיות קינואה דקות,גרמים,120.00,100 גרם,false,,10.90,0.0908,true,1,19227
7290111564666,false,טבעול כדורי בשר מן הצומח 6*500גרם,טבעול,IL,כדורי בשר 500 גרם,גרמים,630.00,100 גרם,false,,30.90,0.0490,true,1,20015
7290111565038,false,"לה קרמריה וניל קוקילידה בד""צ 1.4 ל'",המאפיה של הרמן,IL,לה קרמריה בטעם וניל,ליטרים,1.40,ליטר,false,,22.90,16.3571,true,1,16230
7290111566127,false,מאגדת אוראו מיני סנדוויץ' 6 יח' נסטלה,ג'נרל מילס סאן אדריא,IT,אוראו מאגדת סנדביץ 6,גרמים,198.00,100 גרם,false,,21.90,0.1106,true,1,16235
7290111566547,false,טבעול חזה בגריל צמחוני 99 קלוריות 560ג',טבעול ישראל,IL,חזה בגריל מו הצומח,גרמים,560.00,100 גרם,false,,30.90,0.0552,true,1,20029
7290111566561,false,שניצל ברוקולי 99 קלוריות טבעול 560 גר,טבעול ישראל,IL,טבעול שניצל ברוקולי,גרמים,630.00,100 גרם,false,,30.90,0.0490,true,1,20030
7290111566752,false,טבעול שניצל תירס 99 קלוריות 693 גר',טבעול ישראל,IL,שניצל תירס לייט טבעו,גרמים,693.00,100 גרם,false,,30.90,0.0446,true,1,20036
7290111568206,false,ביסלי פארטי מיקס 150 ג' אסם,פרו מן יו פתרונות אר,IL,ביסלי פארטי מיקס ברב,גרמים,150.00,100 גרם,false,,6.90,0.0460,true,1,19273
7290111568466,false,אסם רוטב אסייתי למוקפץ 9*290 מל-,אסם השקעות,IL,אסם רוטב אסיאתי למוק,מיליליטרים,290.00,"100 מ""ל",false,,12.90,0.0445,true,1,19282
7290111870897,false,מרשמלו מסולסל ארוך בשקית 18 גר'-LOL,,CN,מרשמלו מסולסל ארוך 1,גרמים,432.00,100 גרם,false,,29.90,0.0692,true,1,184783
7290111870934,false,מרשמלו מסולסל ארוך 18 גר'-מפרץ הרפתקאות,,CN,מרשמלו מסולסל ארוך 1,גרמים,432.00,100 גרם,false,,29.90,0.0692,true,1,184786
7290111871061,false,מרשמלו מסולסל ארוך 18 גר'-סמי הכבאי,,CN,מרשמלו מסולסל ארוך 1,גרמים,432.00,100 גרם,false,,29.90,0.0692,true,1,184787
7290111879074,false,בקבוק טריטן מרובע 60,,,בקבוק טריטן מרובע 60,יחידה,0.00,יחידה,false,,24.90,0.0000,true,1,33449
7290111930898,false,חטיף פוף כוכבים גריל אמריקאי 40 גרם,מנה,IL,פוף כוכבים גריל אמרי,גרמים,40.00,100 גרם,false,,3.90,0.0975,true,1,21800
7290111930911,false,חטיף פוף לבבות קלאסי 40 גרם,מנה,IL,פוף לבבות קלאסי 40 ג,גרמים,40.00,100 גרם,false,,3.90,0.0975,true,1,21802
7290111930928,false,חטיף פוף לבבות גריל 40 גרם,מנה,IL,"פוף לבבות גריל 40 ג""",גרמים,40.00,100 גרם,false,,3.90,0.0975,true,1,21803
7290111933462,false,"רוטב צ'ילי מתוק מאסטר שף 300 מ""ל",,,רוטב צ'ילי מתוק 300,מיליליטרים,300.00,"100 מ""ל",false,,9.90,0.0330,true,1,21829
7290111933554,false,עגבניות קוביות שלישיה * 400 ג' מאסטר שף,,IT,עגבניות קוביות מאסטר,קילוגרמים,1.20,"ק""ג",false,,15.90,13.2500,true,1,21834
7290111934827,false,"סבון ידיים פלמוליב היגיינה 300 מ""ל",פלמוליב,TR,פלמוליב סבון ידיים ה,מיליליטרים,300.00,"100 מ""ל",false,,9.90,0.0330,true,1,21837
7290111938481,false,"רוטב סויה בהירה מאסטר שף 300 מ""ל",,TH,רוטב סויה בהירה מ.שף,מיליליטרים,300.00,"100 מ""ל",false,,10.90,0.0363,true,1,71460
7290112000736,false,AIO טבליות פיניש 80 יחידות,,,פיניש הכל ב-1 80 טבל,יחידה,0.00,יחידה,false,,59.90,0.0000,true,1,21050
7290112001436,false,פיניש מנקה ומחדש למדיח בניחוח לימון,,PL,פיניש מנקה מדיח בניח,מיליליטרים,250.00,"100 מ""ל",false,,14.90,0.0596,true,1,21067
7290112002129,false,קולון ג'ל 2.5 ליטר בניחוח מרענן ירוק,,IL,קולון ג'ל 2.5 ליטר ב,ליטרים,2.50,ליטר,false,,24.90,9.9600,true,1,21081
7290112002136,false,גל כביסה קולון מרוכז כחול 4 ל,,IL,קולון ג'ל 4 ליטר רגי,ליטרים,4.00,ליטר,false,,34.90,8.7250,true,1,21082
7290112002150,false,קולון ג'ל 4 ליטר בניחוח ורדים,,IL,קולון ג'ל 4 ליטר בני,ליטרים,4.00,ליטר,false,,34.90,8.7250,true,1,21084
7290112003140,false,"אירוויק ספרי אוטמטי מילוי מנגו מרענן 250 מ""ל",,,איירוויק פרשמטיק מיל,מיליליטרים,250.00,"100 מ""ל",false,,15.90,0.0636,true,1,69171
7290112003232,false,אבקת כביסה בניחוח לבנדר קולון 5 ק''ג,,,אבקת כביסה קולון לבנ,קילוגרמים,5.00,"ק""ג",false,,39.90,7.9800,true,1,78249
7290112003249,false,אבקת כביסה בניחוח מאסק קולון 5 ק''ג,,,אבקת כביסה קולון מאס,קילוגרמים,5.00,"ק""ג",false,,39.90,7.9800,true,1,78250
7290112003478,false,"איירוויק ספריי נטול גז אננס ורוזמרין 236 מ""ל",,PL,איירוויק בוטניקה ספר,מיליליטרים,236.00,"100 מ""ל",false,,19.90,0.0843,true,1,110153
7290112003997,false,אבקה להסרת כתמים לבג,,,אבקה להסרת כתמים לבג,קילוגרמים,1.62,"ק""ג",false,,34.90,21.5432,true,1,231102
7290112004208,false,טבליות למדיח בניחוח לימון 50 יח' פיניש,,PL,טבליות למדיח כלים פי,גרמים,800.00,100 גרם,false,,39.90,0.0499,true,1,230215
7290112004413,false,וניש ספריי הסרת כתמים לבגדים לבנים 750 מ,,IL,מסיר כתמים ספריי כבי,מיליליטרים,750.00,"100 מ""ל",false,,16.90,0.0225,true,1,235133
7290112004611,false,"וניש קליה ג'ל מרוכז לטיפול נקודתי בכתמים 200 מ""ל",,IL,ג'ל מרוכז מולטי פאוו,מיליליטרים,200.00,"100 מ""ל",false,,17.90,0.0895,true,1,225638
7290112005045,false,וניש מסיר כתמים אבקה לכביסה לבנה 480 גרם,רקיט בנקיזר,IT,וניש אבקה לכביסה לבנ,מיליליטרים,480.00,"100 מ""ל",false,,16.90,0.0352,true,1,274116
7290112005052,false,וניש אבקה לבנה מולטי פאואר 1.5קג,,IT,וניש אבקה לכביסה לבנ,ליטרים,1500.00,100 ליטר,false,,39.90,0.0266,true,1,274103
7290112005168,false,טבליות למדיח פיניש קוואנטום לימון 60 יח,,PL,פיניש קוואנטום למדיח,יחידה,0.00,יחידה,false,,59.90,0.0000,true,1,285301
7290112193278,false,"סטייל - שמפו מתולתלות לניקוי יסודי 600 מ""ל",,IL,"שמפו מתולתלות 600 מ""",מיליליטרים,600.00,"100 מ""ל",false,,24.90,0.0415,true,1,82617
7290112193285,false,"סטייל - מרכך מתולתלות מגביר לחות 600 מ""ל",,IL,"מרכך מתולתלות 600 מ""",מיליליטרים,600.00,"100 מ""ל",false,,24.90,0.0415,true,1,82618
7290112193292,false,"סטייל - מתולתלות מסכה לטיפול עמוק 500 מ""ל",,,"מסכה מתולתלות 500 מ""",מיליליטרים,500.00,"100 מ""ל",false,,31.90,0.0638,true,1,82593
7290112195227,false,אטריות ביצים דקיקות,,,אטריות ביצים דקיקות,גרמים,500.00,100 גרם,false,,13.90,0.0278,true,1,167140
7290112330352,false,יוגורט פרו 20 ג' וניל 0% שומן 200 ג' דנונה,"שטראוס בריאות בע""מ",IL,דנונה פרו 20 גר וניל,גרמים,200.00,100 גרם,false,,6.20,0.0310,true,1,24003
7290112330390,false,יוגורט פרו פירות יער 0% שומן 200 ג' דנונה,"שטראוס בריאות בע""מ",IL,דנונה פרו 20 גר פירו,גרמים,200.00,100 גרם,false,,6.20,0.0310,true,1,24005
7290112332585,false,"פריכיות תפו""א, אורז בתיבול סלק ומלח חי 30 גר'","פרח תעשיו מזון בע""מ",IL,"פריכיות הטעימות תפו""",גרמים,30.00,100 גרם,false,,5.20,0.1733,true,1,23094
7290112332691,false,פינוקיות עוגיות קרם פסק זמן אגוזים 200 גרם,הגביע מוצרי ופלים בע,IL,פינוקיות עוגיית קרם,גרמים,200.00,100 גרם,false,,11.50,0.0575,true,1,23096
7290112334596,false,אבקה להכנת שוקו 850,,,אבקה להכנת שוקו 850,גרמים,935.00,100 גרם,false,,15.90,0.0170,true,1,315463
7290112335500,false,פריכיות הטעימות חלבון אנרגי 135 גר,קדבורי,IL,פריכיות הטעימות עשיר,גרמים,135.00,100 גרם,false,,10.90,0.0807,true,1,23112
7290112336637,false,סוכריות מאסט ללא סוכר תות אוכמניות 80 ג' עלית,מיישקו,PL,"סוכריות מאסט לל""ס יו",גרמים,80.00,100 גרם,false,,8.90,0.1113,true,1,23123
7290112336712,false,דנונה פרו 21 גרם חלבון 0% 200 גר,"שטראוס בריאות בע""מ",IL,דנונה פרו 21 0% שומן,גרמים,200.00,100 גרם,false,,6.20,0.0310,true,1,24035
7290112339171,false,מילקי מוס עם שוקולד וקצפת,מיוצר עי קונדיטוריית,IL,מילקי מוס 81 גרם.,גרמים,81.00,100 גרם,false,,3.50,0.0432,true,1,24044
7290112339362,false,דנונה לייט אנד פריי בטעם קפוצינו 150 גר',שטראוס,IL,דנונה לייט אנד פריי,גרמים,150.00,100 גרם,false,,4.90,0.0327,true,1,24051
7290112339867,false,גמדים סקוויז בודד תות 100 ג',,IL,גמדים סקוויז בודד תו,גרמים,100.00,100 גרם,false,,5.90,0.0590,true,1,24064
7290112339874,false,גמדים סקוויז בודד תות בננה 100ג' שטראוס,,IL,גמדים סקוויז בודד תו,גרמים,100.00,100 גרם,false,,5.90,0.0590,true,1,24065
7290112340122,false,פריכיות טעימות 3 דגנים אנרגי 135 גר,פרח תעשיות,IL,פריכיות הטעימות 3 דג,גרמים,135.00,100 גרם,false,,10.90,0.0807,true,1,23138
7290112340245,false,צנצנת מסטיק מאסט בטעם דובדבן 66 ג' עלית,"שטראוס גרופ בע""מ",IL,צנצנת מאסט בטעם דובד,גרמים,66.00,100 גרם,false,,10.50,0.1591,true,1,23139
7290112340276,false,פינוקיות עוגיות קרם קפה 200 גרם,הגביע מוצרי ופלים בע,IL,פינוקיות עוגיית קרם,גרמים,200.00,100 גרם,false,,11.50,0.0575,true,1,23142
7290112341679,false,דנונה אקטיביה 3% שומן 200 גרם,מיוצר עי קונדיטוריית,IL,דנונה אקטיביה 3% 200,גרמים,200.00,100 גרם,false,,4.10,0.0205,true,1,24078
7290112341686,false,מארז אקטיביה שמיניה 3% 150 גר*8,מיוצר עי קונדיטוריית,IL,אקטיביה מארז 3% 8*15,קילוגרמים,1.20,"ק""ג",false,,20.90,17.4167,true,1,24079
7290112342102,false,סימפוניה 5% בצל מקורמל 200 ג' שטראוס,"שטראוס בריאות בע""מ",IL,סימפוניה 5% בצל מקור,גרמים,200.00,100 גרם,false,,11.50,0.0575,true,1,24087
7290112342508,false,דוריטוס ציזי טוויסט 70 גר,שטראוס,IL,דוריטוס קול ראנץ' 70,גרמים,70.00,100 גרם,false,,3.90,0.0557,true,1,24402
7290112343260,false,יטבתה רוטב שמנת עם פטריות 9% 250 גר,,IL,יטבתה רוטב שמנת קלאס,גרמים,260.00,100 גרם,false,,9.90,0.0381,true,1,24094
7290112343420,false,"משקה חלב עם דגנים מלאים ובננה פרו יטבתה 350מ""ל",מחלבת יטבתה,IL,משקה יטבתה פרו 20 אר,מיליליטרים,350.00,"100 מ""ל",false,,7.90,0.0226,true,1,24097
7290112343499,false,ציטוס 55 גרם 48 יחידות puffs,"שטראוס פריטו ליי בע""",IL,ציטוס Puffs בטעם גבי,גרמים,55.00,100 גרם,false,,3.50,0.0636,true,1,180671
7290112344564,false,רביולי גבינה קלאסי שטראוס 400 ג',"שטראוס גרופ בע""מ",IL,EAT GOOD רביולי גבינ,גרמים,400.00,100 גרם,false,,19.90,0.0497,true,1,24099
7290112344724,false,מעדן בטעם שוקולד בלונדי 170 ג' מילקי,מיוצר עי קונדיטוריית,IL,מילקי בטעם שוקולד בל,מיליליטרים,170.00,"100 מ""ל",false,,3.50,0.0206,true,1,24104
7290112344755,false,מילקי עם 26% פחות סוכר 135 גר',מיוצר עי קונדיטוריית,IL,מילקי עם 26% פחות סו,מיליליטרים,135.00,"100 מ""ל",false,,3.00,0.0222,true,1,104107
7290112344991,false,דנונה לייט אנד פריי בטעם תות 150 ג',,,דנונה לייט אנד פריי,גרמים,150.00,100 גרם,false,,4.90,0.0327,true,1,24105
7290112345219,false,מארז קפה ברזילאי 25 סטיקים פלטינום 50 ג',,,מארז 25 סטיקים פלטינ,גרמים,50.00,100 גרם,false,,10.90,0.2180,true,1,63995
7290112346360,false,בפלות אחת אחת בציפוי שוקולד חלב 180 ג' עלית,טוטיז-בינגו סיאי,GR,בפלות אחת אחת בציפוי,גרמים,180.00,100 גרם,false,,13.90,0.0772,true,1,23182
7290112346537,false,עוגיות פינוקיות בטעם טורטית 200 ג' עלית,הגביע מוצרי ופלים בע,IL,פינוקיות עוגיות בטעם,גרמים,200.00,100 גרם,false,,11.50,0.0575,true,1,23183
7290112346629,false,"יוגורט עם קורנפלקס מצופה שוקולד חלב ולבן 172 מ""ל דנונה",,IL,דנונה קראנצ' עם קורנ,מיליליטרים,172.00,"100 מ""ל",false,,4.90,0.0285,true,1,72301
7290112346773,false,יוגורט לייט אנד פריי וניל עם חלבון 150 ג' דנונה,מיוצר עי קונדיטוריית,IL,דנונה לייט אנד פריי,מיליליטרים,150.00,"100 מ""ל",false,,4.90,0.0327,true,1,109918
7290112347008,false,גמדים ארוחת בוקר תות סקוויז 100 ג',מיוצר עי קונדיטוריית,IL,גמדים ארוחת בוקר תות,גרמים,100.00,100 גרם,false,,5.90,0.0590,true,1,24129
7290112347473,false,דנונה לייט אנד פריי תות ואפרסק מאגדת 8 יח' * 150 ג',מיוצר עי קונדיטוריית,IL,דנונה לייט אנד פריי,קילוגרמים,1.20,"ק""ג",false,,27.90,23.2500,true,1,24132
7290112348142,false,שעועית לבנה מבושלת טעם הטבע 380 ג',,IT,שעועית לבנה טעם הטבע,גרמים,380.00,100 גרם,false,,6.90,0.0182,true,1,65879
7290112348999,false,פריכיות טעימות תירס דקות 135 גרם,פרח,IL,פריכיות טעימות תירס,גרמים,135.00,100 גרם,false,,10.90,0.0807,true,1,108710
7290112349316,false,מסטיק בזוקה ביג פופים בטעם תות 86 גר,רוג'ר אנד רוג'ר,DE,בזוקה ביג פופים בטעם,גרמים,86.00,100 גרם,false,,12.90,0.1500,true,1,61183
7290112349606,false,מעדן גבינה ויוגורט תות בננה 88 ג' דניאלה,"שטראוס בריאות בע""מ",IL,דניאלה תות בננה 150,מיליליטרים,150.00,"100 מ""ל",false,,4.10,0.0273,true,1,210036
7290112349705,false,פומודורו רוטב עגבניות קלאסי לפסטה 350ג' יד מרדכי,אמיליאנה קונסרב סוסי,IT,רוטב עגבניות פומודרו,גרמים,350.00,100 גרם,false,,11.90,0.0340,true,1,23190
7290112349743,false,ארביאטה רוטב עגבניות פיקנטי לפסטה 350 ג' יד מרדכי,,IT,רוטב עגבניות ארביאטה,גרמים,350.00,100 גרם,false,,11.90,0.0340,true,1,23192
7290112349750,false,רוטב עגבניות לפסטה פיצה 350 ג' יד מרדכי,יד מרדכי,IT,רוטב עגבניות לפיצה 3,גרמים,350.00,100 גרם,false,,11.90,0.0340,true,1,23193
7290112349897,false,מסטיק מאסט קוביות מנטה ללא גלוטן 86 גר,רוג'ר אנד רוג'ר,DE,מאסט קוביות מנטה 86,גרמים,86.00,100 גרם,false,,12.90,0.1500,true,1,61184
7290112350312,false,קפסולות 15 קפה יותר למכונות נספרסו עלית 10יח',הנסיך- מפעל לייצור ט,IL,עלית קפסולות 15 למכ,גרמים,50.00,100 גרם,false,,16.90,0.3380,true,1,91488
7290112351104,false,שוקולד פרה ממולא פיצפוצי אורז 100 ג' עלית,שטראוס,IL,שוקולד פרה פיצפוצי א,גרמים,100.00,100 גרם,false,,4.90,0.0490,true,1,69974
7290112351128,false,שוקולד פרה סוכריות קופצות 100 ג' עלית,"שטראוס גרופ בע""מ",IL,שוקולד פרה חלב סוכרי,גרמים,100.00,100 גרם,false,,4.90,0.0490,true,1,147337
7290112351470,false,שלישיית סוכריות רימון תות 45 גר FRESH,,,שלישיית סוכריות FRES,גרמים,45.00,100 גרם,false,,7.90,0.1756,true,1,90470
7290112351524,false,עלי סלנובה טעם הטבע,,,עלי סלנובה טעם הטבע,גרמים,200.00,100 גרם,false,,12.50,0.0625,true,1,76335
7290112351753,false,עלית שלישיית פסק זמן קראנץ' 96 גרם,,,שלישיית פסק זמן קראנ,גרמים,96.00,100 גרם,false,,11.90,0.1240,true,1,107478
7290112354945,false,"תפוצ'יפס WAVY ט טבעי, 50 ג'",שטראוס פריטו ליי בע”,IL,תפוצ'יפס wavy 50 גר,גרמים,50.00,100 גרם,false,,3.90,0.0780,true,1,314561
7290112354952,false,תפוצ'יפס WAVY פפריקה 50 גרם,שטראוס פריטו ליי בע”,IL,תפוצ'יפס wavy פפריקה,גרמים,50.00,100 גרם,false,,3.90,0.0780,true,1,314562
7290112354969,false,"תפוציפס WAVY טבעי , 200 גרם",שטראוס פריטו ליי בע”,IL,תפוצ'יפס וויבי 200 ג,גרמים,200.00,100 גרם,false,,10.90,0.0545,true,1,314477
7290112355027,false,דנונה פרו 20 גרם חלבון קרמל מלוח 200 גרם,"שטראוס בריאות בע""מ",IL,דנונה פרו 20 גר' בטע,גרמים,200.00,100 גרם,false,,6.20,0.0310,true,1,104134
7290112357069,false,מחית עגבניות איטלקיות ט.הטבע קופסה 500 גר',קונסרברס,IT,מחית עגבניות איטלקיו,גרמים,500.00,100 גרם,false,,7.50,0.0150,true,1,65881
7290112357083,false,אפונת גינה טעם הטבע קופסה 380 גר,,IT,אפונה ירוקה טעם הטבע,גרמים,380.00,100 גרם,false,,6.90,0.0182,true,1,172509
7290112357106,false,שעועית אדומה מבושלת טעם הטבע 380 ג',,IT,שעועית אדומה טעם הטב,גרמים,380.00,100 גרם,false,,6.90,0.0182,true,1,65882
7290112357175,false,קפסולות בוסט למכונות נספרסו 50 גר,,IL,קפסולות BOOST למכונו,גרמים,50.00,100 גרם,false,,16.90,0.3380,true,1,23195
7290112357892,false,סוכריות FRESH מנטה שלישיה 3*15 גר',,,שלישיית סוכריות FRES,גרמים,45.00,100 גרם,false,,7.90,0.1756,true,1,90471
7290112358004,false,חטיף פסק זמן קראנץ 32 גרם,שולן צ'יקולטה גידה ס,TR,פסק זמן קראנץ' 32 גר,גרמים,32.00,100 גרם,false,,4.90,0.1531,true,1,118304
7290112358127,false,דנונה פרו 20 ג חלבון עם מגנזיום 200 גרם,מיוצר עי קונדיטוריית,IL,דנונה פרו 20 גר עם מ,גרמים,200.00,100 גרם,false,,6.80,0.0340,true,1,99280
7290112358257,false,רוטב לעוף עם שזיפים יד מרדכי 300 גרם,,IL,יד מורדכי רוטב לעוף,מיליליטרים,300.00,"100 מ""ל",false,,13.90,0.0463,true,1,65847
7290112358431,false,ביסקוויט עד חצות דאבל 200 גרם,הדקלאים אגודת שיתופי,IL,דאבל ביסקוויט עם שוק,גרמים,200.00,100 גרם,false,,12.90,0.0645,true,1,131375
7290112490650,false,קונפיטורה תות שדה 340 גרם-צנצנת,קונפיטורות לה-ארדניי,FR,קונפיטורה 778 תות שד,גרמים,340.00,100 גרם,false,,12.40,0.0365,true,1,10760
7290112491770,false,בייגלה דקים דקים מלח ב.בייגל 300 גר',בייגל את בייגל מזון,IL,בייגלה דקים דקים עם,גרמים,300.00,100 גרם,false,,9.90,0.0330,true,1,10803
7290112491787,false,בייגלה דקים דקים שומשום ב.בייגל 300 גר',,,בייגלה דקים דקים עם,גרמים,300.00,100 גרם,false,,9.90,0.0330,true,1,10804
7290112491794,false,בייגלה דקים דקים בטעם שמנת בצל 300 גרם,,,בייגלה דקים דקים בטע,גרמים,300.00,100 גרם,false,,9.90,0.0330,true,1,10805
7290112492531,false,"פינוק מרכך לשיער רגיל 700 מ""ל",,IL,פינוק מרכך לשיער רגי,מיליליטרים,700.00,"100 מ""ל",false,,11.90,0.0170,true,1,57588
7290112492548,false,"מרכך פינוק עם שמן חוחובה 700 מ""ל",,IL,פינוק מרכך לשיער יבש,מיליליטרים,700.00,"100 מ""ל",false,,11.90,0.0170,true,1,57599
7290112492579,false,"פינוק - מרכך שמן קוקוס 700 מ""ל",,IL,פינוק מרכך שמן קוקוס,מיליליטרים,700.00,"100 מ""ל",false,,11.90,0.0170,true,1,57600
7290112493088,false,נמס בכוס עדשים מרק רכיבים טבעיים קנור 54 ג',,IL,נמס בכוס מרק עדשים ח,גרמים,54.00,100 גרם,false,,6.90,0.1278,true,1,10828
7290112493095,false,נמס בכוס מרק עגבניות חריף רכיבים טבעיים קנור 48 ג',,IL,נמס בכוס מרק עגבניות,גרמים,48.00,100 גרם,false,,6.90,0.1438,true,1,10829
7290112493927,false,גלידה בטעם ריבת חלב 1.33ל' קרמיסימו,"גלידת שטראוס בע""מ, ר",IL,קרמיסימו ריבת חלב 1.,ליטרים,1.33,ליטר,false,,18.90,14.2105,true,1,4412
7290112493965,false,קרמיסימו חלבית בטעם מסטיק וניל 665 גר,"גלידת שטראוס בע""מ, ר",IL,קרמיסימו מסטיגם 1.33,יחידה,1.33,יחידה,false,,18.90,14.2105,true,1,4414
7290112494153,false,תיבולית ניחוח צלי קנור 72 גרם,יוניליוור ישראל מזון,IL,תיבוליות ניחוח צלי ק,גרמים,72.00,100 גרם,false,,7.90,0.1097,true,1,178747
7290112495037,false,דגני בוקר בטעם שוקולד כדורים 375 ג' קוקומן,יוניליוור שפע ישראל,IL,קוקומן כדורים תלמה ב,גרמים,375.00,100 גרם,false,,19.90,0.0531,true,1,10871
7290112495044,false,קוקומן פצפופים בדצ 375 גרם,יוניליור שפע ישראל ב,IL,קוקומן פצפוצים תלמה,גרמים,375.00,100 גרם,false,,19.90,0.0531,true,1,10872
7290112495280,false,ריבועי ברנפלקס קינמון 400 גרם,,IL,ריבועי ברנפלקס קינמו,גרמים,400.00,100 גרם,false,,20.90,0.0522,true,1,69918
7290112495761,false,רוטב אלף האיים לייט חמץ הלמנס 305 ג',יוניליוור ישראל מזון,IL,רוטב אלף האיים לייט,גרמים,305.00,100 גרם,false,,10.90,0.0357,true,1,302022
7290112495808,false,"רטבי הלמנס לסלט 300 מ""ל חרדל ודבש",יוניליוור ישראל מזון,IL,הלמנס רוטב לסלט חרדל,מיליליטרים,305.00,"100 מ""ל",false,,9.90,0.0325,true,1,54222
7290112495815,false,רוטב סלט חרדל דבש לייט הלמנס 305ג',יוניליוור ישראל מזון,IL,הלמנס רוטב לסלט חרדל,מיליליטרים,305.00,"100 מ""ל",false,,9.90,0.0325,true,1,54223
7290112496270,false,"פתית צ'יפס תפו""א בתוספת עגבניות ועשבי תיבול 22 ג'",JLM גלובל פודס37 דרך,GB,פתית צ'יפס עם תפוח א,גרמים,21.00,100 גרם,false,,4.90,0.2333,true,1,153410
7290112496430,false,נמס בכוס אקסטרה עגבניותעם המון אטריות 37 ג',יוניליוור ישראל מזון,IL,נמס בכוס אקסטרה מרק,גרמים,37.00,100 גרם,false,,3.90,0.1054,true,1,178873
7290112497031,false,קנור רוטב עגבניות לקציצות 415 גרם,,IT,רוטב עגבניות לקציצות,גרמים,415.00,100 גרם,false,,12.90,0.0311,true,1,302010
7290112497123,false,אבקת סחלב קנור 112 גרם,יוניליוור ישראל מזון,IL,קנור סחלב 112 גרם,גרמים,112.00,100 גרם,false,,10.00,0.0893,true,1,101195
7290112498526,false,פתית צ'יפס בטטה סגולה בטעם שמנת בצל 22 גרם,JLM גלובל פודס37 דרך,GB,פתית צ'יפס עם בטטה ס,גרמים,21.00,100 גרם,false,,4.90,0.2333,true,1,153412
7290112498915,false,מאגדת מיני מגנום שקדים מובחרים 250 ג',"מיוצר ע""י גלידת שטרא",IL,מאגדת מיני מגנום שקד,גרמים,310.00,100 גרם,false,,27.90,0.0900,true,1,142013
7290112499509,false,"רקסונה - דאודורנט ספריי לאישה בניחוח אפרסק ולמון גראס 150 מ""ל",,AR,רקסונה ספריי בניחוח,מיליליטרים,150.00,"100 מ""ל",false,,13.90,0.0927,true,1,281766
7290112499844,false,מאגדת מיני מגנום דואט שוקולד עם נוגט 5 יח' שטראוס,"מיוצר ע""י גלידת שטרא",IL,מגנום מיני דואט מאגד,גרמים,310.00,100 גרם,false,,27.90,0.0900,true,1,4419
7290112499943,false,מיני מאגדת מיני מגנום טעמים שונים וניל+שוקו,"מיוצר ע""י גלידת שטרא",IL,מגנום מאגדת מיני שוק,גרמים,250.00,100 גרם,false,,27.90,0.1116,true,1,4420
7290112960115,false,אסם שקדי מרק 30% קמח חיטה מלא 12*350גרם,,IL,שקדי מרק 30% קמח חיט,גרמים,350.00,100 גרם,false,,10.90,0.0311,true,1,19297
7290112961372,false,פיטנס חטיפי פריכיות דקות קינמון 60 גרם,"פרח תעשיות מזון בע""מ",IL,חטיפי פריכיות דקות ק,גרמים,60.00,100 גרם,false,,8.90,0.1483,true,1,19307
7290112961464,false,פיטנס חטיפי פריכיות דקות מתובלות 60 גרם,"פרח תעשיות מזון בע""מ",IL,חטיפי פריכיות דקות מ,גרמים,60.00,100 גרם,false,,8.90,0.1483,true,1,19310
7290112963918,false,פיטנס חטיפי קרקר דק רוזמרין 140 גרם,אסם,IL,פיטנס חטיפי קרקר דק,גרמים,140.00,100 גרם,false,,11.90,0.0850,true,1,19336
7290112964410,false,רוטב אוסם אלף האיים לסלט 290 ג' אסם,אסם,IL,אסם רוטב אלף האיים ל,מיליליטרים,290.00,"100 מ""ל",false,,9.90,0.0341,true,1,19349
7290112964458,false,רוטב ויניגרט חדש לסלט 295 גרם אסם,אסם,IL,אסם רוטב ויניגרט לסל,מיליליטרים,295.00,"100 מ""ל",false,,9.90,0.0336,true,1,19351
7290112964472,false,"רוטב שום לסלט 290 מ""ל אסם",אסם,IL,אסם רוטב שום לסלט 29,מיליליטרים,295.00,"100 מ""ל",false,,9.90,0.0336,true,1,19352
7290112964564,false,"רוטב אלף האיים לייט לסלט 290 מ""ל אסם",אסם,IL,אסם רוטב אלף האיים ל,מיליליטרים,295.00,"100 מ""ל",false,,9.90,0.0336,true,1,19355
7290112964724,false,טבעול המבורגר טבעוני 580 גרם,מיוצר עי קונדיטוריית,IL,טבעול המבורגר טבעוני,גרמים,580.00,100 גרם,false,,30.90,0.0533,true,1,20065
7290112965264,false,אוסם - מרק נמס אפונה זוג 26 גרם * 2,,IL,זוג מרק נמס אפונה בד,גרמים,30.00,100 גרם,false,,5.90,0.1967,true,1,19370
7290112965325,false,תבשיל אורז ספרדי אוסם 140 גרם,,IL,אורז ספרדי אסם 140 ג,גרמים,140.00,100 גרם,false,,11.90,0.0850,true,1,19373
7290112965660,false,פיטנס - חטיף מולטיגריין מלח פלפל 25 גרם,מיוצר עי קונדיטוריית,IL,פיטנס חטיף מולטיגריי,גרמים,25.00,100 גרם,false,,4.90,0.1960,true,1,103978
7290112965684,false,פיטנס - חטיף מולטיגריין עשבי תיבול 25 גרם,מיוצר עי קונדיטוריית,IL,פיטנס חטיף מולטיגריי,גרמים,25.00,100 גרם,false,,4.90,0.1960,true,1,103979
7290112965707,false,פיטנס - חטיף מולטיגריין צילי מעודן 25 גרם,"אסם השקעות בע""מ",IL,פיטנס חטיף מולטיגריי,גרמים,25.00,100 גרם,false,,4.90,0.1960,true,1,103980
7290112965783,false,אוסם - ביסלי פריסטייל על האש 60 גרם,"אסם השקעות בע""מ",IL,ביסלי פריסטייל על הא,גרמים,60.00,100 גרם,false,,4.50,0.0750,true,1,149766
7290112965806,false,אוסם - ביסלי פריסטייל חמוץ חריף 60 גרם,אסם,IL,ביסלי פריסטייל חמוץ,גרמים,60.00,100 גרם,false,,4.50,0.0750,true,1,149767
7290112965905,false,בייגלה אסם שמיניות במליחות מעודנת 400 גר',מיוצר עי קונדיטוריית,IL,אסם בייגלה שמיניות ב,גרמים,400.00,100 גרם,false,,9.90,0.0248,true,1,19384
7290112966094,false,הבית עוגת תפוז מופחתת סוכר 400 גרם,מיוצר עי קונדיטוריית,IL,עוגת הבית תפוז מופחת,גרמים,400.00,100 גרם,false,,11.90,0.0298,true,1,19388
7290112966445,false,במבה מתוקה אריזה גדולה 100 ג' אסם,"אסם השקעות בע""מ",IL,במבה מתוקה אריזה גדו,גרמים,100.00,100 גרם,false,,7.90,0.0790,true,1,19395
7290112966766,false,צבר טחינה בלאדי חציל עגבניות ושום 350 גרם,שוורצקוף& הנקל דיסלד,IL,צבר טחינה בלאדי חציל,גרמים,350.00,100 גרם,false,,15.90,0.0454,true,1,20070
7290112966780,false,צבר טחינה בלאדי עם חציל קלוי 350 גרם,שוורצקוף& הנקל דיסלד,IL,צבר טחינה בלאדי עם ח,גרמים,350.00,100 גרם,false,,15.90,0.0454,true,1,20071
7290112967138,false,בייגלה שמיניות ללא גלוטן 250 גרם אסם,מיוצר עי קונדיטוריית,IL,אסם בייגלה שמיניות ל,גרמים,250.00,100 גרם,false,,13.90,0.0556,true,1,19403
7290112967220,false,מארז ביסלי ברביקיו 20X10 גרם,,,ביסלי ברביקיו מארז 1,גרמים,200.00,100 גרם,false,,13.90,0.0695,true,1,70028
7290112967244,false,ביסלי גריל מארז אחיד 20*10 גרם,,,ביסלי גריל מארז 10*,גרמים,200.00,100 גרם,false,,13.90,0.0695,true,1,19405
7290112968203,false,צבר סלט טחינה בלאדי 6*250גרם,שוורצקוף& הנקל דיסלד,IL,סלט טחינה בלאדי צבר,גרמים,250.00,100 גרם,false,,10.90,0.0436,true,1,20077
7290112968524,false,צבר סלט חומוס גרגירים רכים 6*250גרם,שוורצקוף& הנקל דיסלד,IL,סלט חומוס סמיר צבר 2,גרמים,250.00,100 גרם,false,,10.90,0.0436,true,1,20082
7290112968685,false,חומוס גרגרים רכים בטבילה צבר 400 גרם,שוורצקוף& הנקל דיסלד,IL,חומוס גרגרים בטבילה,גרמים,400.00,100 גרם,false,,13.90,0.0348,true,1,20083
7290112968807,false,פיטנס - קרקר דק סלק 140 גרם,מפעל אסם יקנעם,IL,פיטנס קרקר דק סלק 14,גרמים,140.00,100 גרם,false,,11.90,0.0850,true,1,110499
7290112968821,false,פיטנס - קרקר דק בטטה 140 גרם,מפעל אסם יקנעם,IL,פיטנס קרקר דק בטטה 1,גרמים,140.00,100 גרם,false,,11.90,0.0850,true,1,110500
7290112969071,false,פסטה רדיאטורי פרפקטו 500 ג' אסם,,,פסטה רדיאטורי אסם 50,גרמים,500.00,100 גרם,false,,9.90,0.0198,true,1,59988
7290113100077,false,גורס פלפל מיני,,,גורס פלפל מיני,יחידה,0.00,יחידה,false,,18.90,0.0000,true,1,50006
7290113100589,false,מחבת 28 ס`מ אינדוקצי,,,מחבת 28 ס`מ אינדוקצי,יחידה,0.00,יחידה,false,,349.90,0.0000,true,1,50058
7290113100824,false,מברשת סיליקון,,,מברשת סיליקון,יחידה,0.00,יחידה,false,,8.90,0.0000,true,1,50082
7290113101760,false,סט 3 סכיני בשר,,,סט 3 סכיני בשר,יחידה,0.00,יחידה,false,,16.90,0.0000,true,1,50176
7290113176430,false,צנצנת ברוסיליקט טרמי,,,צנצנת ברוסיליקט טרמי,יחידה,0.00,יחידה,false,,24.00,0.0000,true,1,163288
7290113178298,false,סט 4 ספלי זכוכית,,,סט 4 ספלי זכוכית,יחידה,0.00,יחידה,false,,54.90,0.0000,true,1,295589
7290113190757,false,חלבה מסולסלת בטעם וניל 300 גרם,,IL,חלבה תלתלים בטעם וני,גרמים,300.00,100 גרם,false,,14.90,0.0497,true,1,275460
7290113190771,false,חלבה מסולסלת בטעם שוקו וניל 300 גרם,,IL,חלבה מסולסלת בטעם שו,גרמים,300.00,100 גרם,false,,14.90,0.0497,true,1,4941
7290113192171,false,מיקס אגוזים שקדים וחמוציות 150 גרם,דין שיווק,IL,מיקס אגוזים שקדים וח,גרמים,150.00,100 גרם,false,,14.90,0.0993,true,1,97923
7290113192201,false,תערובת להכנת סחלב 500 גרם,,IL,תערובת להכנת סחלב 50,גרמים,500.00,100 גרם,false,,13.90,0.0278,true,1,224626
7290113192300,false,זיתים מושחרים חרוזית 275 גרם בית השיטה,,IL,זיתים חרוזית מושחר ב,גרמים,275.00,100 גרם,false,,9.90,0.0360,true,1,19428
7290113192317,false,טבעות זיתים מושחרים 280 גרם בית השיטה,,IL,טבעות זיתים מושחרים,גרמים,280.00,100 גרם,false,,10.90,0.0389,true,1,19429
7290113192324,false,בית השיטה זית ירוק א2 12*340גרם חדש,,IL,זית ירוק בית השיטה 3,גרמים,340.00,100 גרם,false,,8.90,0.0262,true,1,19430
7290113192348,false,בית השיטה זית ירוק ט.שום 17-19 א2 340גר',,IL,זית ירוק שום 17-19בי,גרמים,560.00,100 גרם,false,,9.90,0.0177,true,1,19432
7290113192355,false,חרוזית זיתים ירוקים ללא גלעין 275 ג' בית השיטה,,IL,זיתים חרוזית ירוק בי,גרמים,275.00,100 גרם,false,,9.90,0.0360,true,1,19433
7290113192362,false,זיתים ירוקים טבעות A2 בית השיטה 280 גרם,,IL,טבעות זיתים ירוקים ב,גרמים,280.00,100 גרם,false,,10.90,0.0389,true,1,19434
7290113192379,false,בית השיטה זיתים ירוקים מבוקעים א2 340גר',,IL,זיתים ירוקים מבוקעים,גרמים,340.00,100 גרם,false,,10.90,0.0321,true,1,19435
7290113192386,false,זיתים סורי מבוקע A2 בית השיטה 340ג',,IL,זית סורי מבוקע בית ה,גרמים,340.00,100 גרם,false,,11.90,0.0350,true,1,19436
7290113192393,false,קוקטייל זיתים A2 בית השיטה 336 גרם,,IL,קוקטייל זיתים בית הש,גרמים,336.00,100 גרם,false,,10.90,0.0324,true,1,19437
7290113192478,false,מלפפונים במלח 10-12 בית השטה 320 גרם,,IL,מלפפון במלח 10-12 בי,גרמים,320.00,100 גרם,false,,7.90,0.0247,true,1,19445
7290113192485,false,בית השיטה מלפ.חומץ ר.טבע.א2 12-10 290גר',,IL,מלפפון בחומץ 12-10 ב,גרמים,290.00,100 גרם,false,,7.90,0.0272,true,1,19446
7290113192492,false,ב.הש.מלפ.חומץ ר.טבע.א2 17-13 12*290ג חדש,,IL,מלפפון בחומץ 13-17 ב,גרמים,290.00,100 גרם,false,,9.90,0.0341,true,1,19447
7290113192508,false,מלפפון במלח 17-13 בית השיטה 320 גרם,,IL,מלפפון במלח 13-17 בי,גרמים,320.00,100 גרם,false,,9.90,0.0309,true,1,19448
7290113192515,false,מלפפון במלח 18-25 320 גרם בית השיטה,,IL,מלפפון במלח 18-25 בי,גרמים,320.00,100 גרם,false,,10.90,0.0341,true,1,19449
7290113192522,false,מלפפון בחומץ א2 25-18 290ג' בית השיטה,,IL,מלפפון בחומץ 18-25 ב,גרמים,290.00,100 גרם,false,,10.90,0.0376,true,1,19450
7290113192539,false,מלפפון במלח 7-9 בית השיטה 320 גר,,IL,מלפפון במלח 7-9 בית,גרמים,560.00,100 גרם,false,,6.90,0.0123,true,1,19451
7290113192546,false,ב.הש.מלפ.בחומץ ר.טבע.א2 7-9 12*290ג חדש,,IL,מלפפון בחומץ 7-9 בית,גרמים,560.00,100 גרם,false,,6.90,0.0123,true,1,19452
7290113192553,false,מלפפונים במלח באלדי 13-17 בית השיטה 320ג,,IL,מלפפון במלח בלדי 13-,גרמים,320.00,100 גרם,false,,10.90,0.0341,true,1,19453
7290113192560,false,פלפל שיפקה A2 בית השיטה 230 גרם,,IL,פלפל שיפקה בית השיטה,גרמים,230.00,100 גרם,false,,6.90,0.0300,true,1,19454
7290113192577,false,כרוב כבוש A2 בית השיטה 430 גרם,,IL,כרוב כבוש בית השיטה,יחידה,430.00,יחידה,false,,7.90,0.0184,true,1,19455
7290113192881,false,טורטיה חיטה מופחתת קלוריות 270 גרם,דין שיווק,TR,טורטיה חיטה מופחתת ק,גרמים,270.00,100 גרם,false,,9.90,0.0367,true,1,169541
7290113193017,false,קוקטייל זיתים 275 גרם בית השיטה,,IL,בית השיטה קוקטייל זי,גרמים,275.00,100 גרם,false,,12.90,0.0469,true,1,98226
7290113193031,false,חרוזית קלמטה 275 גרם בית השיטה,שוורצקוף& הנקל דיסלד,IL,חרוזית קלמטה בית השי,גרמים,275.00,100 גרם,false,,12.90,0.0469,true,1,98227
7290113195042,false,מלפפון חמוץ במלח כבישה ביתית בית השיטה 750 גר',שוורצקוף& הנקל דיסלד,IL,מלפפון מלח כבישה בית,גרמים,750.00,100 גרם,false,,24.90,0.0332,true,1,149383
7290113196414,false,"אורז בסמטי 1 ק""ג כחול מטאלי שקדיה",,IN,אורז בסמטי שקדיה 1 ק,קילוגרמים,1.00,"ק""ג",false,,9.90,9.9000,true,1,169579
7290113196513,false,פריכיות כוסמת בתוספת שקדים שקדיה 150 ג',זן - בר,IL,פריכיות כוסמת שקדים,גרמים,150.00,100 גרם,false,,11.90,0.0793,true,1,169959
7290113196902,false,מנה חמה אטריות אורז בטעם בקר 70 ג' סו שף,,,מנה חמה אטריות אורז,גרמים,60.00,100 גרם,false,,7.90,0.1317,true,1,293873
7290113196933,false,מנה חמה אטריות אורז בטעם טום יאס70 ג' סו שף,,,מנה חמה אטריות אורז,גרמים,60.00,100 גרם,false,,7.90,0.1317,true,1,293876
7290113196957,false,חטיפי תירס [טורטיה]בטעם ברביקיו 300 גרם,,,חטיפי תירס טורטיה בט,גרמים,300.00,100 גרם,false,,13.90,0.0463,true,1,265948
7290113197169,false,חמאת בוטנים טבעית 510 גרם,סופר נוטרי פודס,IN,חמאת בוטנים טבעית שק,גרמים,510.00,100 גרם,false,,15.90,0.0312,true,1,293888
7290113197176,false,חמאת בוטנים טבעית עם,,,חמאת בוטנים טבעית עם,גרמים,510.00,100 גרם,false,,15.90,0.0312,true,1,293889
7290113198067,false,פקאן מצופה שוקולד לבן 150 גרם,"דין שיווק וקליה בע""מ",IL,פקאן מצופה שוקולד לב,גרמים,150.00,100 גרם,false,,14.90,0.0993,true,1,169974
7290113198074,false,פקאן מצופה שוקולד שיש 150 גרם,דין שיווק,IL,פקאן מצופה בשוקולד ש,גרמים,150.00,100 גרם,false,,14.90,0.0993,true,1,169989
7290113198562,false,סוכריות גומי בטעם תות שדה 200 ג' שקדיה,טופ גלוב,IL,סוכריות גומי בטעמי ת,גרמים,200.00,100 גרם,false,,9.90,0.0495,true,1,230365
7290113198593,false,סוכריות גומי מסוכרות בטעם בננה 200 ג' שקדיה,טופ גלוב,IL,סוכריות גומי מסוכר ב,גרמים,200.00,100 גרם,false,,9.90,0.0495,true,1,230368
7290113199842,false,מגש אירוח סוכריות גומי 700 ג' שקדיה,דין שיווק,IL,מגש אירוח סוכריות גו,גרמים,700.00,100 גרם,false,,29.90,0.0427,true,1,230382
7290113199927,false,סוכריות חמצוצים בטעם פירות 180 ג' שקדיה,דין שיווק,IL,סוכריות חמצוצים בטעם,גרמים,180.00,100 גרם,false,,9.90,0.0550,true,1,230387
7290113280717,false,כוסות יהלום ספלאש 4,,,כוסות יהלום ספלאש 4,יחידה,0.00,יחידה,false,,9.90,0.0000,true,1,249881
7290113284517,false,נייר טואלט דו שכבתי,,,נייר טואלט דו שכבתי,יחידה,0.00,יחידה,false,,29.90,0.0000,true,1,320865
7290113289062,false,צלחות קטנות אלגנט כס,,,צלחות קטנות אלגנט כס,יחידה,0.00,יחידה,false,,7.90,0.0000,true,1,176092
7290113289161,false,קערות ענקיות אלגנט ק,,,קערות ענקיות אלגנט ק,יחידה,0.00,יחידה,false,,9.90,0.0000,true,1,176150
7290113289192,false,צלחות מתכלות יהלום ק,,,צלחות מתכלות יהלום ק,יחידה,0.00,יחידה,false,,9.90,0.0000,true,1,198649
7290113289215,false,צלחות מתכלות יהלום ע,,,צלחות מתכלות יהלום ע,יחידה,0.00,יחידה,false,,19.90,0.0000,true,1,198663
7290113289321,false,מגשי דקל מלבניים גדו,,,מגשי דקל מלבניים גדו,יחידה,0.00,יחידה,false,,12.90,0.0000,true,1,228865
7290113289338,false,צלחות דקל מרובעות ענ,,,צלחות דקל מרובעות ענ,יחידה,0.00,יחידה,false,,17.90,0.0000,true,1,228819
7290113289345,false,צלחות דקל מרובעות גד,,,צלחות דקל מרובעות גד,יחידה,0.00,יחידה,false,,16.90,0.0000,true,1,228832
7290113289369,false,מגשי דקל מלבניים קטנ,,,מגשי דקל מלבניים קטנ,יחידה,0.00,יחידה,false,,17.90,0.0000,true,1,228849
7290113289505,false,רדיד אלומיניום כוכבי,,,רדיד אלומיניום כוכבי,יחידה,0.00,יחידה,false,,32.90,0.0000,true,1,208361
7290113289543,false,כוסות שקופות 150 יחי,,,כוסות שקופות 150 יחי,יחידה,0.00,יחידה,false,,14.90,0.0000,true,1,228647
7290113289550,false,צלחות מתכלות גדולות,,,צלחות מתכלות גדולות,יחידה,0.00,יחידה,false,,29.90,0.0000,true,1,198635
7290114310215,false,"שמנת מתוקה 38% שומן 250 מ""ל טרה",מילקו תעשיות בעמ,IL,שמנת מתוקה 38% בקבוק,מיליליטרים,250.00,"100 מ""ל",false,,6.47,0.0259,true,1,66472
7290114310222,false,חלב טרה מועשר בסידן וויטמין 3% 1.5ל',מילקו תעשיות בעמ,IL,חלב מועשר בסידן 1.5,ליטרים,1.50,ליטר,false,,11.50,7.6667,true,1,76108
7290114310239,false,חלב טרה נטול לקטוז מועשר בוויטמין D 2% 1.5 ל',מילקו תעשיות בעמ,IL,חלב נטול לקטוז 1.5,ליטרים,1.50,ליטר,false,,11.50,7.6667,true,1,76096
7290114310383,false,Muller Froop מולר יוגורט מוקצף בטעם וניל 90 גרם,מילקו,IL,יוגורט מוקצף בטעם ונ,גרמים,97.00,100 גרם,false,,5.30,0.0546,true,1,297057
7290114310390,false,מולר קציפת יוגורט בטעם בננה לוטי 97 גרם,מילקו,IL,יוגורט מוקצף בטעם בנ,גרמים,97.00,100 גרם,false,,5.30,0.0546,true,1,297071
7290114310406,false,מולר פרופ יוגורט מוקצף בטעם תות 97 גרם,מילקו,IL,יוגורט מוקצף בטעם תו,גרמים,97.00,100 גרם,false,,5.30,0.0546,true,1,297083
7290114310536,false,יוגורט לייט מעושר בחלבון בטעם וניל מולר 200 ג',,IL,מולר אקטיב לייט יוגו,גרמים,25.00,100 גרם,false,,6.20,0.2480,true,1,129750
7290114310567,false,לאבנה עיזים 5% צוריא,משק צוריאל,IL,לאבנה עיזים 5% משק צ,גרמים,200.00,100 גרם,false,,14.60,0.0730,true,1,129702
7290114310574,false,גבינת קרם שמנת עיזים 5% 200 גר',משק צוריאל,IL,גבינת קרם שמנת עיזים,גרמים,200.00,100 גרם,false,,14.60,0.0730,true,1,129657
7290114310611,false,"משקה חלב בננה בבקבוק פקק ספורט טרה 250 מ""ל",,IL,משקה חלב בננה בבקבוק,מיליליטרים,250.00,"100 מ""ל",false,,5.80,0.0232,true,1,146957
7290114310628,false,משקה חלב וניל עוגיות טרה 1ל',מילקו תעשיות בעמ,IL,משקה חלב וניל עוגיות,ליטרים,1.00,ליטר,false,,12.20,12.2000,true,1,135081
7290114310895,false,סימפלי מולר מאגדת שמינייה מנגו תות 1.5% 150X8 גר',טרה,IL,מאגדת שמינייה סימפלי,קילוגרמים,1.20,"ק""ג",false,,31.90,26.5833,true,1,178391
7290114311014,false,"משקה חלב אייס קפוצינו יטבתה 250 מ""ל פקק",,,משקה חלב אייס קפוצ'י,מיליליטרים,250.00,"100 מ""ל",false,,5.80,0.0232,true,1,251491
7290114311021,false,"משקה חלב וניל עוגיות טרה 250 מ""ל פקק ספו",,,משקה חלב וניל עוגיות,מיליליטרים,250.00,"100 מ""ל",false,,5.80,0.0232,true,1,251505
7290114311038,false,"שמנת מתוקה 32% 250 מ""ל בבקבוק טרה",,,שמנת מתוקה 32% בקבוק,מיליליטרים,250.00,"100 מ""ל",false,,7.20,0.0288,true,1,251492
7290114311069,false,מעדן יוגורט בטעם טבעי חלבון 200 ג' מולר אקטיב,טרה,IL,יוגורט בטעם טבעי 25,גרמים,200.00,100 גרם,false,,6.20,0.0310,true,1,232234
7290114311076,false,"חמאת מולר צהובה עם שום, 200 גרם",טרה,IL,חמאה צהובה עם שום מו,גרמים,200.00,100 גרם,false,,11.50,0.0575,true,1,248266
7290114311298,false,יוגורט מולר פרופ בטעם תות בננה מלון 150,,IL,מולר פרופ תות בננה מ,גרמים,150.00,100 גרם,false,,5.30,0.0353,true,1,275360
7290114311304,false,יוגורט קציפת מנגו פסיפלורה בננה 150 ג' מולר,,IL,מולר פרופ מנגו פסיפל,גרמים,150.00,100 גרם,false,,5.30,0.0353,true,1,275361
7290114311328,false,חלב דל לקטוז מועשר בויטמין D 2% 1 ליטר,מילקו תעשיות בעמ,IL,חלב נטול לקטוז טרה 1,ליטרים,1.00,ליטר,false,,7.50,7.5000,true,1,284647
7290114311434,false,מולר אקטיב יוגורט בטעם קרמל מלוח 200 גרם,טרה,IL,מולר אקטיב בטעם קרמל,גרמים,200.00,100 גרם,false,,6.20,0.0310,true,1,297033
7290114311441,false,"מולר אקטיב בטעם עוגיות חמאה 0% שומן, 200 גרם",טרה,IL,מולר אקטיב בטעם עוגי,גרמים,200.00,100 גרם,false,,6.20,0.0310,true,1,297045
7290114311502,false,"משקה חלב בקבוק בטעם סחלב, 1 ליטר",מילקו תעשיות בעמ,IL,משקה חלב בטעם סחלב 1,ליטרים,1.00,ליטר,false,,12.20,12.2000,true,1,327414
7290114600927,false,עלי טורטיה חיטה מלאה מאסטר שף 320 גרם,,,עלי טורטיה חיטה מלאה,גרמים,320.00,100 גרם,false,,9.90,0.0309,true,1,170523
7290114600996,false,"רוטב שום מאסטר שף 250 מ""ל",REMIA,NL,מאסטר שף רוטב שום 25,מיליליטרים,250.00,"100 מ""ל",false,,9.90,0.0396,true,1,79537
7290114603041,false,"פרי גרנולה בוטנים אגוזים וקוקוס, 300 ג'","אפקט טבעי בע""מ",IL,פרי גרנולה בוטנים אג,גרמים,300.00,100 גרם,false,,14.90,0.0497,true,1,103603
7290114603539,false,קרוטונים למרק שום בצל מאסטר שף 350 גרם,,,מאסטר שף קרוטונים למ,גרמים,350.00,100 גרם,false,,19.90,0.0569,true,1,174497
7290114604116,false,צימרוני אוזניים ענני,,CN,צימרוני אוזניים ענני,יחידה,0.00,יחידה,false,,9.90,0.0000,true,1,160060
7290114604840,false,דפי אורז קוטר 16 מאסטר שף 400 ג',,,דפי אורז קוטר 16 כשל,גרמים,400.00,100 גרם,false,,9.90,0.0248,true,1,116865
7290114604895,false,ממרח ספייסי לחיץ מאסטר שף 446 גרם,Remia,NL,מאסטר שף ממרח ספייסי,גרמים,446.00,100 גרם,false,,13.90,0.0312,true,1,131113
7290114604901,false,ממרח שום לחיץ מאסטר שף 444 גרם,Remia,NL,מאסטר שף ממרח שום לח,גרמים,242.00,100 גרם,false,,13.90,0.0574,true,1,131098
7290114604949,false,מאסטר שף רוטב ברביקיו 524 גרם,,,מאסטר שף רוטב ברביקי,מיליליטרים,524.00,"100 מ""ל",false,,12.90,0.0246,true,1,131086
7290114606530,false,רוטב בטעם מיונז וקטשופ מאסטר שף 515 גרם,Remia,NL,מאסטר שף רוטב בטעם מ,גרמים,515.00,100 גרם,false,,13.90,0.0270,true,1,131099
7290114606554,false,מיונז לייט לחיץ מאסטר שף 470 גרם,Remia,NL,מאסטר שף מיונז לייט,גרמים,470.00,100 גרם,false,,13.90,0.0296,true,1,131101
7290114606578,false,שקדי מרק מאסטר שף 400 גרם,,IL,שקדי מרק מאסטר שף 40,גרמים,400.00,100 גרם,false,,10.90,0.0273,true,1,174484
7290114606592,false,רוטב סויה מסורתית 46% פולי סויה מאסטר שף 620 ג',קריניציה ויטמינה אס,TH,מאסטר שף רוטב סויה מ,גרמים,620.00,100 גרם,false,,18.90,0.0305,true,1,326837
7290114653558,false,"בקבוק 350 מ"" נצנצים",,,"בקבוק 350 מ"" נצנצים",יחידה,0.00,יחידה,false,,24.90,0.0000,true,1,155960
7290115077131,true,מסכות צבעוניות 40 יח,,,מסכות צבעוניות 40 יח,יחידה,0.00,יחידה,false,,9.90,0.0000,true,1,87246
7290115190007,false,סיגריות PPמרלבורו רד,פיליפ מוריס,,מרלבורו רד פאקט 10*2,יחידה,0.00,יחידה,false,,335.00,0.0000,false,1,95656
7290115190014,false,סיגריות מרלבורו רד קצר בוקס,פיליפ מוריס,,סיגריות מרלבורו חפי,יחידה,0.00,יחידה,false,,35.00,0.0000,false,1,95554
7290115190076,false,סיגריות מרלבורו גולד ארוך 100 בוקס,פיליפ מוריס,,סיגריות מרלבורו חפי,יחידה,0.00,יחידה,false,,35.00,0.0000,false,1,102436
7290115190090,false,סיגריות מרלבורו גולד קצר בוקס,פיליפ מוריס,,סיגריות מרלבורו חפי,יחידה,0.00,יחידה,false,,35.00,0.0000,false,1,95582
7290115190144,false,מרלבורו גולד טאצ' פאקט,פיליפ מוריס,,מרלבורו טאצ פאקט 10,יחידה,0.00,יחידה,false,,300.00,0.0000,false,1,95638
7290115190151,false,מלבורו גולד טאצ 7.1 חפיסה,פיליפ מוריס,,מרלבורו גולד טאצ בוד,יחידה,0.00,יחידה,false,,31.00,0.0000,false,1,95540
7290115190199,false,סיגריות פרלמנט (חפיס,פיליפ מוריס,,סיגריות פרלמנט (חפיס,יחידה,0.00,יחידה,false,,40.00,0.0000,false,1,133495
7290115190236,false,סיגריות פרלמנט קצר בלו,פיליפ מוריס,,סיגריות פרלמנט (חפיס,יחידה,0.00,יחידה,false,,40.00,0.0000,false,1,95500
7290115190243,false,פרלמנט נייט קצר פאקט,פיליפ מוריס,,פרלמנט נייט קצר פאקט,יחידה,0.00,יחידה,false,,389.00,0.0000,false,1,89517
7290115190250,false,סיגריות פרלמנט נייטP,פיליפ מוריס,,סיגריות פרלמנט (חפיס,יחידה,0.00,יחידה,false,,40.00,0.0000,false,1,89518
7290115190335,false,ל.מ.בלו לייבל ארוך בוקס חפיסה,פיליפ מוריס,,אל אם בלו ארוך,יחידה,0.00,יחידה,false,,31.00,0.0000,false,1,135694
7290115190342,false,LM בלו לייבל קצר פאקט,פיליפ מוריס,,אל אם בלו קצר פאקט,יחידה,0.00,יחידה,false,,300.00,0.0000,false,1,89500
7290115190359,false,L&M בלו לייבל קצר-חפיסה,פיליפ מוריס,,אל אם בלו לייבל קצר,יחידה,0.00,יחידה,false,,31.00,0.0000,false,1,89501
7290115190373,false,סיגריות ל.מ. קפסולהP,פיליפ מוריס,,אל אם פוב רד בודד,יחידה,0.00,יחידה,false,,31.00,0.0000,false,1,95557
7290115190397,false,סיגריות LM רד לייבל קצר,פיליפ מוריס,,אל אם רד לייבל קצר,יחידה,0.00,יחידה,false,,31.00,0.0000,false,1,89486
7290115190434,false,סיגריות LM לייט וייב סלימס,פיליפ מוריס,IL,אל אם וייב סלימס,יחידה,0.00,יחידה,false,,31.00,0.0000,false,1,89531
7290115190441,false,סיגריות נקסט אדג פקט,פיליפ מוריס,,נקסט אדג` (פקט),יחידה,0.00,יחידה,false,,255.00,0.0000,false,1,102437
7290115190458,false,סיגריות נקסט אדג בוד,פיליפ מוריס,,נקסט אדג` בודד,יחידה,0.00,יחידה,false,,26.00,0.0000,false,1,102438
7290115190465,false,סיגריות נקסט פיין אד,פיליפ מוריס,,נקסט פיין אדג` (פקט),יחידה,0.00,יחידה,false,,255.00,0.0000,false,1,107211
7290115190472,false,סיגריות נקסט פיין אדג',פיליפ מוריס,,נקסט פיין אדג` בודד,יחידה,0.00,יחידה,false,,26.00,0.0000,false,1,107212
7290115190519,false,סיגריות נקסט פיין חפ,פיליפ מוריס,,סיגריות נקסט (בודד),יחידה,0.00,יחידה,false,,30.00,0.0000,false,1,95515
7290115190595,false,סיגריות נקסט אוריגינ,פיליפ מוריס,,סיגריות נקסט(בודד),יחידה,0.00,יחידה,false,,30.00,0.0000,false,1,95501
7290115190892,false,מרלבורו פיוזן קפסולה חפיסה,פיליפ מוריס,IL,סיגריות מרלבורו פיוז,יחידה,0.00,יחידה,false,,28.90,0.0000,false,1,149821
7290115200003,false,אסם פתי בר פינוקי וניל 220 גרם,תאי פרזידנט פוד פאבל,PL,פתי בר פינוקי וניל 2,גרמים,220.00,100 גרם,false,,10.90,0.0495,true,1,103833
7290115200027,false,אסם פתי בר פינוקי שוקו 220 גרם,DR GERARD,IL,פתי בר פינוקי שוקו 2,גרמים,220.00,100 גרם,false,,10.90,0.0495,true,1,103834
7290115200713,false,במבה קלאסי מארז אחיד 8 50*5 ג',,IL,מארז במבה קלאסי אסם,גרמים,250.00,100 גרם,false,,11.90,0.0476,true,1,105602
7290115201031,false,אסם פתי בר דובי שוקולד 175 גרם,טרופיקל דגיל תעשיות,IL,אסם פתיבר דובי שוקול,גרמים,175.00,100 גרם,false,,10.50,0.0600,true,1,129923
7290115201680,false,ביסלי ברביקיו 70 גרם,"אסם השקעות בע""מ",IL,ביסלי ברביקיו 70 גרם,גרמים,70.00,100 גרם,false,,3.90,0.0557,true,1,109868
7290115201741,false,ביסלי בטעם בצל 70 גרם,"אסם השקעות בע""מ",IL,ביסלי בצל 70 גרם,גרמים,70.00,100 גרם,false,,3.90,0.0557,true,1,105096
7290115202250,false,טבעול טופו קראנצים צ'ילי פיקנטי 470 גרם,,IL,טבעול טופו קראנצ'ים,גרמים,470.00,100 גרם,false,,30.90,0.0657,true,1,158859
7290115202786,false,מנה חמה פאוצ נדלס.אטר.טעם בקר 70 גרם,,,מנה חמה פאוצ' נדלסאט,גרמים,70.00,100 גרם,false,,4.90,0.0700,true,1,129847
7290115202816,false,מנה חמה פאוצ נדלס.אטר.טעם עוף 70 גרם,,,מנה חמה פאוצ' נדלסאט,גרמים,70.00,100 גרם,false,,4.90,0.0700,true,1,129848
7290115202847,false,מנה חמה פאוצ' נדלס ספייסי אסם 70 ג',,,מנה חמה פאוצ' נדלסאט,גרמים,70.00,100 גרם,false,,4.90,0.0700,true,1,129849
7290115202939,false,מנה חמה רייס נודלס עוף פטריות 50 ג' אסם,מיוצר עי קונדיטוריית,TH,מנה חמה רייס נודלס ע,גרמים,50.00,100 גרם,false,,7.90,0.1580,true,1,192955
7290115203134,false,פופקו פופקורן במבה 80 ג' אסם,"אסם השקעות בע""מ",IL,פופקו פופקורן במבה 4,גרמים,80.00,100 גרם,false,,4.90,0.0613,true,1,145122
7290115203172,false,במבה אסם 80 גרם PRO,"אסם השקעות בע""מ",IL,במבה אסם 80 גרם PRO,גרמים,80.00,100 גרם,false,,4.50,0.0563,true,1,273580
7290115204056,false,אסם קטשופ 56% פחות סוכר 690 גרם,אסם,IL,אסם קטשופ מופחת סוכר,גרמים,690.00,100 גרם,false,,10.50,0.0152,true,1,137335
7290115204131,false,סחוג ירוק המעדנייה ש,,,סחוג ירוק המעדנייה ש,גרמים,190.00,100 גרם,false,,10.90,0.0574,true,1,241774
7290115204261,false,אריסה חריפה המעדנייה,,,אריסה חריפה המעדנייה,גרמים,190.00,100 גרם,false,,10.90,0.0574,true,1,241776
7290115205176,false,פיטנס - קרקר דק כפרי פיטנס 140 גרם,אסם יקנעם,IL,פיטנס קרקר THIN כפרי,גרמים,140.00,100 גרם,false,,11.90,0.0850,true,1,191538
7290115205312,false,פיטנס - קרקר דק זיתי קלמטה 140 גרם,"אסם השקעות בע""מ",IL,פיטנס קרקר Thin Deli,גרמים,140.00,100 גרם,false,,11.90,0.0850,true,1,264289
7290115205527,false,חטיף פיטנס מולטיגריין עם עדשים 25 גרם,פיטנס,IL,פיטנס חטיף מולטגריין,גרמים,25.00,100 גרם,false,,4.90,0.1960,true,1,266254
7290115205541,false,חטיף פיטנס מולטיגריין עם חומוס 25 גרם,"אסם השקעות בע""מ",IL,פיטנס חטיף מולטיגריי,גרמים,25.00,100 גרם,false,,4.90,0.1960,true,1,266255
7290115205695,false,אסם בונזור בצק מצונן לפיצה 460 גרם,נסטלה סוויס (שוויץ),IL,בצק מצונן לפיצה בונז,גרמים,460.00,100 גרם,false,,17.90,0.0389,true,1,208823
7290115205718,false,אסם בונזור בצק מצונן עלים 230 גרם,נסטלה סוויס (שוויץ),IL,בצק עלים מצונן בונז',גרמים,230.00,100 גרם,false,,13.90,0.0604,true,1,208848
7290115205978,false,"פתי בר אצבעות שוקולד אוסם, 180 גרם","ד""ר ג'רארד בע""מ",PL,פתי בר אצבעות שוקולד,גרמים,180.00,100 גרם,false,,10.90,0.0606,true,1,234523
7290115206135,false,טבעול גורמה ארוחת קינואה 450 גרם,טבעול (מקבוצת אסם הש,IL,טבעול גורמה ארוחת קי,גרמים,450.00,100 גרם,false,,34.90,0.0776,true,1,275593
7290115206531,false,אסם קרמוגית במילוי קרם בייגלה 12*200 גרם,אסם-נסטלה,IL,אסם קרמוגית במילוי ק,גרמים,200.00,100 גרם,false,,10.90,0.0545,true,1,198879
7290115207484,false,"""המעדניה"" צבר חציל על האש 400 גרם",ג'נרל מילס סאן אדריא,IL,חציל על האש היתר צבר,גרמים,400.00,100 גרם,false,,15.40,0.0385,true,1,216098
7290115207682,false,"אסם רוטב בסגנון סויה סיני 290 מ""ל",,IL,אסם רוטב בסגנון סויה,מיליליטרים,330.00,"100 מ""ל",false,,9.90,0.0300,true,1,264112
7290115207811,false,"טבעול נקניקיות טבעוניות, 418 גרם",,,נקניקיות טבעוניות טב,גרמים,418.00,100 גרם,false,,34.90,0.0835,true,1,273188
7290115207941,false,ויטמינצ'יק תרכיז אננס 1 ליטר,בית-השיטה עסיס תעשיו,IL,ויטמינצ'יק אננס 1 לי,ליטרים,1.00,ליטר,false,,22.50,22.5000,true,1,221233
7290115207965,false,ויטמינצ'יק תרכיז מנגו אפרסק 1 ליטר,בית-השיטה עסיס תעשיו,IL,ויטמינצ'יק מנגו 1 לי,ליטרים,1.00,ליטר,false,,22.50,22.5000,true,1,221247
7290115207989,false,ויטמינצ'יק תרכיז לימון 1 ליטר,בית-השיטה עסיס תעשיו,IL,ויטמינצ'יק לימון 1 ל,ליטרים,1.00,ליטר,false,,22.50,22.5000,true,1,221248
7290115208009,false,ויטמינצ'יק תרכיז ענבים 1 ליטר,בית-השיטה עסיס תעשיו,IL,ויטמינצ'יק ענבים 1 ל,ליטרים,1.00,ליטר,false,,22.50,22.5000,true,1,221249
7290115208047,false,ויטמינצ'יק תרכיז פטל 1 ליטר,בית-השיטה עסיס תעשיו,IL,ויטמינצ'יק פטל 1 ליט,ליטרים,1.00,ליטר,false,,22.50,22.5000,true,1,221234
7290115208320,false,אפרופו בטעם ביסלי בצל 50ג' אסם,"אסם השקעות בע""מ",IL,אפרופו בטעם ביסלי בצ,גרמים,50.00,100 גרם,false,,5.00,0.1000,true,1,301987
7290115208801,false,לחמית דבש ואגוזים 190ג אסם,אסם,IL,לחמית דבש ואגוזים 19,גרמים,190.00,100 גרם,false,,9.90,0.0521,true,1,277103
7290115209198,false,במבה אורירית 80 ג' אסם,אסם השקעות בעמ,IL,במבה אורירית 80 גרם,גרמים,80.00,100 גרם,false,,4.50,0.0563,true,1,266270
7290115209372,false,במבה במילוי בראוניז 150ג' אסם,"אסם השקעות בע""מ",IL,במבה במילוי בראוניז,גרמים,150.00,100 גרם,false,,10.00,0.0667,true,1,301746
7290115403299,false,עוגיות פרפריות אדל 4,,,עוגיות פרפריות אדל 4,גרמים,450.00,100 גרם,false,,15.90,0.0353,true,1,253512
7290115403312,false,עוגיות מלוחות קריספי,,,עוגיות מלוחות קריספי,גרמים,450.00,100 גרם,false,,15.90,0.0353,true,1,253514
7290115403350,false,עוגיות רשת שוקו מסוכ,,,עוגיות רשת שוקו מסוכ,גרמים,450.00,100 גרם,false,,15.90,0.0353,true,1,253517
7290115403404,false,עוגיות פרפריות שוקו,,,עוגיות פרפריות שוקו,גרמים,450.00,100 גרם,false,,15.90,0.0353,true,1,253522
7290115403411,false,עוגיות עינוגים בטעם,,,עוגיות עינוגים בטעם,גרמים,500.00,100 גרם,false,,15.90,0.0318,true,1,253523
7290115403466,false,עוגיות נסיכה מיקס אד,,,עוגיות נסיכה מיקס אד,גרמים,500.00,100 גרם,false,,15.90,0.0318,true,1,253528
7290115403480,false,עוגיות בסגנון מרוקאי,,,עוגיות בסגנון מרוקאי,גרמים,500.00,100 גרם,false,,15.90,0.0318,true,1,253530
7290115405774,false,פחזניות ממולאות בטעם וניל קפולסקי 180 גר,תופינים מקבוצת קפולס,IL,פחזניות בטעם וניל תו,גרמים,180.00,100 גרם,false,,14.90,0.0828,true,1,261758
7290115410068,false,חציל במיונז 400 גרם,,,חציל במיונז 400 גרם,גרמים,400.00,100 גרם,false,,10.90,0.0273,true,1,168815
7290115410075,false,טחינה 400 גרם סלטי ה,,,טחינה 400 גרם סלטי ה,גרמים,400.00,100 גרם,false,,10.90,0.0273,true,1,168816
7290115410082,false,טורקי 400 גרם סלטי ה,,,טורקי 400 גרם סלטי ה,גרמים,400.00,100 גרם,false,,10.90,0.0273,true,1,168817
7290115410099,false,מטבוחה 400 גרם סלטי,,,מטבוחה 400 גרם סלטי,גרמים,400.00,100 גרם,false,,10.90,0.0273,true,1,168818
7290115410112,false,חומוס 400 גרם סלטי ה,,,חומוס 400 גרם סלטי ה,גרמים,400.00,100 גרם,false,,10.90,0.0273,true,1,168802
7290115410150,false,כרוב אדום 400 גרם סל,,,כרוב אדום 400 גרם סל,גרמים,400.00,100 גרם,false,,10.90,0.0273,true,1,227143
7290115410556,false,חומוס מסבחה 250 גרם,,,חומוס מסבחה 250 גרם,גרמים,250.00,100 גרם,false,,10.90,0.0436,true,1,168743
7290115410563,false,חומוס מסבחה חריף 250,,,חומוס מסבחה חריף 250,גרמים,250.00,100 גרם,false,,10.90,0.0436,true,1,168744
7290115410655,false,מטבוחה 250 גרם המעדנ,,,מטבוחה 250 גרם המעדנ,גרמים,250.00,100 גרם,false,,10.90,0.0436,true,1,168775
7290115411928,false,"תפו""א 400 גרם סלטי ה",,,"תפו""א 400 גרם סלטי ה",גרמים,400.00,100 גרם,false,,10.90,0.0273,true,1,168820
7290115670684,false,אנרג'י גרנולה אגוזים 400 גרם,,CZ,אנרג'י גרנולה שיבולת,גרמים,400.00,100 גרם,false,,13.90,0.0348,true,1,135341
7290115670707,false,אנרג'י גרנולה שוקולד ואגוזים 400 גרם,אמקו ספול אס. אר.או,CZ,אנרג'י גרנולה שיבולת,גרמים,400.00,100 גרם,false,,13.90,0.0348,true,1,135343
7290115671339,false,מיני פינוקיות בראוניז בייגל בוטן עלית 180 ג' עלית,הגביע מוצרי ופלים בע,IL,מיני פינוקיות בראוני,גרמים,180.00,100 גרם,false,,10.90,0.0606,true,1,158794
7290115671346,false,מיני פינוקיות טופי קרמל מלוח 180 ג' עלית,הגביע מוצרי ופלים בע,IL,מיני פינוקיות במילוי,גרמים,180.00,100 גרם,false,,10.90,0.0606,true,1,158807
7290115675559,false,מארז קפה טורקי לדרך 70ג' עלית,שטראוס קפה בי.וי.,IL,מארז קפה טורקי לדרך,גרמים,70.00,100 גרם,false,,7.90,0.1129,true,1,110747
7290115675986,false,מעדן דנונה בר עם אגוזים מקורמלים 173 גרם,"שטראוס בריאות בע""מ",IL,דנונה קראנצ' אגוזים,גרמים,173.00,100 גרם,false,,4.90,0.0283,true,1,110253
7290115676051,false,"משקה אקטיביה עם ש""ש מתיקות מעודנת 265 ג' דנונה",מיוצר עי קונדיטוריית,IL,משקה אקטיביה עם שיבו,גרמים,265.00,100 גרם,false,,5.20,0.0196,true,1,182533
7290115676082,false,משקה יוגורט בטעם תות פרו 20 דנונה 255 ג',"שטראוס בריאות בע""מ.",IL,משקה יוגורט עם חלבון,גרמים,255.00,100 גרם,false,,7.20,0.0282,true,1,138595
7290115676099,false,משקה יוגורט בטעם וניל פרו 20 דנונה 255 ג',"שטראוס בריאות בע""מ.",IL,משקה יוגורט עם חלבון,גרמים,265.00,100 גרם,false,,7.20,0.0272,true,1,138572
7290115677140,false,תפוצ'יפס WAVY פפריקה 200 גרם,שטראוס פריטו ליי בע”,IL,תפוצ'יפס wavy פפריקה,גרמים,200.00,100 גרם,false,,10.90,0.0545,true,1,314478
7290115677966,false,ממרח אבוקדו 200 ג' שטראוס,סנטה אירפואטו,MX,ממרח אבוקדו אחלה 200,גרמים,200.00,100 גרם,false,,14.90,0.0745,true,1,176447
7290115678376,false,מעדן הגולן שוקולד 125 גרם,מיוצר עי קונדיטוריית,IL,מעדן הגולן מעדן חלב,גרמים,125.00,100 גרם,false,,3.10,0.0248,true,1,160308
7290115678383,false,מעדן הגולן שוקולד מריר 125 גרם,מיוצר עי קונדיטוריית,IL,מעדן הגולן מעדן חלב,גרמים,125.00,100 גרם,false,,3.10,0.0248,true,1,160321
7290115678598,false,חסה אייסברג חיתוך גס,חקלאי,,חסה אייסברג חיתוך גס,גרמים,300.00,100 גרם,false,,9.90,0.0330,true,1,184224
7290115679519,false,שייק פירות ורוד דליש,סיבהפרוסט,BE,שייק פירות ורוד דליש,גרמים,300.00,100 גרם,false,,21.90,0.0730,true,1,300176
7290115679960,false,ציטוס פופקורן בטעם טבעי 60 ג 24 יח,"שטראוס פריטו ליי בע""",IL,ציטוס פופקורן בטעם ט,גרמים,60.00,100 גרם,false,,3.90,0.0650,true,1,179976
7290116244044,false,מיניונים אצבעות שוקולד חלב 84 גרם,,NL,אצבעות שוקולד חלב מי,גרמים,84.00,100 גרם,false,,7.90,0.0940,true,1,226719
7290116244051,false,אצבעות שוקולד חלב 84 גרם LOL,,NL,אצבעות שוקולד חלב 84,גרמים,84.00,100 גרם,false,,7.90,0.0940,true,1,226720
7290116244068,false,אצבעות שוקולד חלב 84 גר'-כוח פי גיי,,NL,אצבעות שוקולד חלב כו,גרמים,84.00,100 גרם,false,,7.90,0.0940,true,1,226721
7290116270715,false,פילה ברבוניה ארוז בו,,,פילה ברבוניה ארוז בו,יחידה,0.00,יחידה,false,,24.90,0.0000,true,1,235043
7290116530062,false,הלמנס רוטב ויניגרט לסלט 295 גרם,,IL,רוטב לסלט ויניגרטה 2,גרמים,295.00,100 גרם,false,,10.50,0.0356,true,1,153789
7290116530871,false,מיקס נשנושים 240 ג' בייגל בייגל,,IL,חטיף נשנושים מיקס+בי,גרמים,240.00,100 גרם,false,,11.90,0.0496,true,1,281670
7290116531793,false,הלמנס רוטב לסלט קיסר 295 גרם,יוניליוור ישראל מזון,IL,רוטב לסלט קיסר הלמנס,גרמים,295.00,100 גרם,false,,10.90,0.0369,true,1,302068
7290116532264,false,מאגדת גודיז פרי אפרסק יוגורט בציפוי 300 ג' שטראוס,"גלידת שטראוס בע""מ, ר",IL,מאגדת שלגון מופחת שו,100 יח',6.00,100 יח',false,,29.90,4.9833,true,1,256379
7290116532721,false,רוטב הלמנס ישראלי לסלט לימון וזעתר 305 ג,,IL,רוטב לסלט לימון וזעת,גרמים,295.00,100 גרם,false,,9.90,0.0336,true,1,300553
7290116532738,false,רוטב לסלט הלמנס איטלקי בז' ואורגנו 305 ג,,IL,רוטב לסלט בזיליקום ו,גרמים,295.00,100 גרם,false,,9.90,0.0336,true,1,300566
7290116533063,false,דגני בוקר שוגי קרטיב ענבים 400 גרם,,IL,שוגי דגני בוקר בטעם,גרמים,400.00,100 גרם,false,,19.90,0.0497,true,1,266693
7290116780863,false,דיספנסר סבון לחיצה ל,,,דיספנסר סבון לחיצה ל,יחידה,0.00,יחידה,false,,29.00,0.0000,true,1,172817
7290116911939,false,קנדי טוי אמבולנס גלג,GLOBAL GIDA PAZARLAMA VE DIS TIC LTD,TR,קנדי טוי אמבולנס גלג,גרמים,0.00,גרם,false,,15.90,0.0000,true,1,226752
7290116930015,false,חטיף חלבון GO קרמל חמאת בוטנים קריספי 20 גרם,תנובה,IL,חטיף חלבון בטעם קרמל,גרמים,60.00,100 גרם,false,,11.90,0.1983,true,1,238797
7290116930282,false,ארוחה בקטנה לאבנה עם קרקרים 150ג' תנובה,תנובה,IL,לאבנה 9% שומן עם קרק,גרמים,150.00,100 גרם,false,,7.90,0.0527,true,1,274582
7290116930459,false,"יופלה שייק מנגו בננה אננס וקוקוס 230 מ""ל",תנובה בעמ,IL,יופלה SHAKE בננה אנ,מיליליטרים,230.00,"100 מ""ל",false,,7.90,0.0343,true,1,274635
7290116930480,false,"משקה SHAKE בננה קיווי תפוח 230 מ""ל יופלה",תנובה בעמ,IL,יופלה SHAKE בננה קי,מיליליטרים,230.00,"100 מ""ל",false,,7.90,0.0343,true,1,274637
7290116930626,false,ארוחה בקטנה ציזיקי עם קרקרים 150ג' תנובה,תנובה,IL,ציזיקי עם קרקרים תנו,גרמים,150.00,100 גרם,false,,7.90,0.0527,true,1,274583
7290116930657,false,משקה חלב גו בטעם בננה תמר עם ש. שועל 340,"תנובה בע""מ",IL,משקה GO בננה תמר עם,מיליליטרים,340.00,"100 מ""ל",false,,7.90,0.0232,true,1,313772
7290116931012,false,יופלה דיאט 0% שומן תפוח וקינמון 150 גרם,"תנובה בע""מ",IL,יופלה דיאט 0% שומן ת,מיליליטרים,150.00,"100 מ""ל",false,,5.10,0.0340,true,1,313747
7290116931159,false,יופלה דיאט 0% שומן תות בננה 150 גרם,"תנובה בע""מ",IL,יופלה דיאט 0% שומן ת,מיליליטרים,150.00,"100 מ""ל",false,,5.10,0.0340,true,1,313759
7290116931289,false,יוגורט GO סמיך 0% אלפחורס 200 גרם,,,יוגורט גו סמיך 0% אל,גרמים,200.00,100 גרם,false,,6.20,0.0310,true,1,312131
7290117260098,false,חטיף גבינה לבנה בטעם וניל בציפוי שוקולד,,,חטיף גבינה לבנה בטעם,גרמים,120.00,100 גרם,false,,14.90,0.1242,true,1,282872
7290117260104,false,חטיף גבינה לבנה בטעם תות שדה בציפוי שוקו,,,חטיף גבינה לבנה בטעם,גרמים,120.00,100 גרם,false,,14.90,0.1242,true,1,282860
7290117260111,false,חטיף גבינה לבנה בטעם קרם ברולה בציפוי שו,,,חטיף גבינה לבנה בטעם,גרמים,120.00,100 גרם,false,,14.90,0.1242,true,1,282848
7290117260470,false,גבינה בולגרית מעודנת למריחה עם שום 5% שומן 200 ג' יורו,,,גבינה בולגרית מעודנת,גרמים,200.00,100 גרם,false,,11.90,0.0595,true,1,276263
7290117260500,false,"מיני ניוקי תפו""א מצונן 500 גרם ויליפוד",,,מיני ניוקי תפוחי אדמ,גרמים,500.00,100 גרם,false,,9.90,0.0198,true,1,314216
7290117260562,false,EURO חמאה בגביע 225 גרם,,TR,חמאה בגביע יורו 225,גרמים,225.00,100 גרם,false,,16.90,0.0751,true,1,314228
7290117260586,false,חטיף קראנצ'י על בסיס קמח עדשים בטעם פלפל חלפיניו וליים 80ג',,,חטיף קראנצ'י על בסיס,גרמים,80.00,100 גרם,false,,7.90,0.0988,true,1,300377
7290117260685,false,תן בו וניל ציפויים בטעמים שונים 230 גרם,,,תן בו בטעם וניל בציפ,גרמים,230.00,100 גרם,false,,19.90,0.0865,true,1,213656
7290117261088,false,בוראטה גבינת מוצרלה רכה 125ג' 18%שומן,,,בוראטה גבינת מוצרלה,גרמים,125.00,100 גרם,false,,19.90,0.1592,true,1,303452
7290117261347,false,תן בו בציפוי בטעם שוקולד לבן ופתיתי קוקו,,DK,תן בו בציפוי בטעם שו,גרמים,300.00,100 גרם,false,,19.90,0.0663,true,1,254140
7290117261378,false,גבינת קשקבל לייט 250 גרם 8% שומן מחלבת א,סאסו פטוראגס קומטויס,TR,גבינת קשקבל לייט 8%,גרמים,250.00,100 גרם,false,,14.90,0.0596,true,1,273631
7290117261552,false,סלמון אטלנטי ברוטב עגבניות 120 גרם,,,סלמון אטלנטי ברוטב ע,גרמים,120.00,100 גרם,false,,10.90,0.0908,true,1,298535
7290117261569,false,סלמון אטלנטי מעושן קנולה וילי פוד 120 גר,,LV,סלמון אטלנטי מעושן ב,גרמים,120.00,100 גרם,false,,10.90,0.0908,true,1,298536
7290117261774,false,כדורי גבינת בייבי מוצרלה 150ג' 14%שומן,,,כדורי גבינת בייבי מו,גרמים,150.00,100 גרם,false,,14.90,0.0993,true,1,303487
7290117261934,false,בסיסים לחצ'פורי ומאפים מוקפאים 460 גרם ויליפוד,,,בסיסים לחצ'פורי מוקפ,גרמים,460.00,100 גרם,false,,14.90,0.0324,true,1,282884
7290117380215,false,חטיף פוף קראנץ בטעם טאקו 60 גרם,מנה,IL,פוף קראנצ בטעם טאקו,גרמים,60.00,100 גרם,false,,3.90,0.0650,true,1,219360
7290117381182,false,"רוטב סריראצה מאסטר שף 360 מ""ל",תאי סופרים סוד,TH,רוטב סרירציה מאסטר ש,גרמים,360.00,100 גרם,false,,23.90,0.0664,true,1,317579
7290117383780,false,"זוג פלמוליב סבון נוזלי מסאז' 750X2 מ""ל",,,פלמוליב ארומה מסאג',ליטרים,1500.00,100 ליטר,false,,30.00,0.0200,true,1,308589
7290117760826,false,כפפות ניטריל שחורות M 100 יח',,,כפפות ניטריל כחולות,יחידה,0.00,יחידה,false,,24.90,0.0000,true,1,307796
7290117821411,false,ביצת הפתעה פלסטיק עם סוכריות קשות 10 גרם דינוזאור,שמחה,IL,ביצת הפתעה פלסטיק עם,גרמים,10.00,100 גרם,false,,5.90,0.5900,true,1,275045
7290117823798,false,בדיקה עצמית מהירה לזיהוי אנטיגן 5 יח,,CN,בדיקה עצמית מהירה לז,יחידה,0.00,יחידה,false,,39.90,0.0000,true,1,220187
7290117829585,false,צמר גפן מתוק בדלי 50,,,צמר גפן מתוק בדלי 50,גרמים,50.00,100 גרם,false,,10.00,0.2000,true,1,312735
7290117860038,false,"הוואי - תחליב רחצה יוגורט בניחוח אוכמניות 700 מ""ל",,IL,תחליב רחצה יוגורט בנ,מיליליטרים,700.00,"100 מ""ל",false,,14.90,0.0213,true,1,309330
7290117860045,false,"הוואי - שמפו מטפח לשיער רגיל 700 מ""ל",,,שמפו מטפח לשיער רגיל,מיליליטרים,700.00,"100 מ""ל",false,,14.90,0.0213,true,1,306235
7290117860083,false,"קרם רחצה בניחוח אירוס זהוב ודבש 700 מ""ל הוואי",,IL,תחליב רחצה בניחוח אי,מיליליטרים,700.00,"100 מ""ל",false,,14.90,0.0213,true,1,309331
7290117860090,false,"הוואי - מרכך מטפח לשיער רגיל 700 מ""ל",,,מרכך מטפח לשיער רגיל,מיליליטרים,700.00,"100 מ""ל",false,,14.90,0.0213,true,1,306236
7290117860137,false,"הוואי קרם רחצה בניחוח פרח הקמליה, 700 מ""ל",,IL,תחליב רחצה בניחוח פר,מיליליטרים,700.00,"100 מ""ל",false,,14.90,0.0213,true,1,309332
7290117860144,false,"הוואי - שמפו למניעת קשקשים 700 מ""ל",,,שמפו נגד קשקשים הווא,מיליליטרים,700.00,"100 מ""ל",false,,14.90,0.0213,true,1,306237
7290117860182,false,"הוואי - תחליב רחצה בניחוח מגנוליה ושמן שקדים 700 מ""ל",,IL,תחליב רחצה בניחוח מג,מיליליטרים,700.00,"100 מ""ל",false,,14.90,0.0213,true,1,309333
7290117860236,false,"הוואי - קרם רחצה בניחוח ויולה ורודה 700 מ""ל",,IL,תחליב רחצה בניחוח וי,מיליליטרים,700.00,"100 מ""ל",false,,14.90,0.0213,true,1,309334
7290117860243,false,"הוואי - מרכך מעניק לחות לשיער יבש 700 מ""ל",,,מרכך לשיער יבש הוואי,מיליליטרים,700.00,"100 מ""ל",false,,14.90,0.0213,true,1,306239
7290117860281,false,"הוואי - ג'ל רחצה לגבר בניחוח עוצמתי 700 מ""ל",,IL,ג'ל רחצה לגבר בניחוח,מיליליטרים,700.00,"100 מ""ל",false,,14.90,0.0213,true,1,309335
7290117860380,false,"תחליב רחצה יוגורט בניחוח אלוורה 700 מ""ל הוואי",,IL,תחליב רחצה יוגורט בנ,מיליליטרים,700.00,"100 מ""ל",false,,14.90,0.0213,true,1,309337
7290117860496,false,"הוואי - שמפו + מרכך 2 ב-1 לגבר 700 מ""ל",,,שמפו לגבר + מרכך 2ב-,מיליליטרים,700.00,"100 מ""ל",false,,14.90,0.0213,true,1,306242
7290117860748,false,"הוואי שמפו מעניק נפח, 700 מ""ל",,,שמפו מעניק נפח הוואי,מיליליטרים,700.00,"100 מ""ל",false,,14.90,0.0213,true,1,310701
7290117860793,false,"הוואי מרכך ללא סולפטים 700 מ""ל",,,מרכך מעניק נפח הוואי,מיליליטרים,700.00,"100 מ""ל",false,,14.90,0.0213,true,1,310702
7290117860847,false,"הוואי שמפו 4 ב 1 לגבר רעננות קרירה, 700 מ""ל",,,שמפו 4 ב 1 לגבר רעננ,מיליליטרים,700.00,"100 מ""ל",false,,14.90,0.0213,true,1,310703
7290117860892,false,"הוואי - תחליב רחצה יוגורט בניחוח וניל ודבש 700 מ""ל",,IL,תחליב רחצה יוגורט בנ,מיליליטרים,700.00,"100 מ""ל",false,,14.90,0.0213,true,1,309338
7290117860946,false,"תחליב רחצה יוגורט בניחוח קוקוס 700 מ""ל הוואי",,IL,תחליב רחצה יוגורט בנ,מיליליטרים,700.00,"100 מ""ל",false,,14.90,0.0213,true,1,309339
7290117860991,false,"תחליב רחצה יוגורט בניחוח שקדים 700 מ""ל הוואי",,IL,תחליב רחצה יוגורט בנ,מיליליטרים,700.00,"100 מ""ל",false,,14.90,0.0213,true,1,309340
7290117900963,false,בוטנים קלויים 270 גרם,,IL,בוטנים קלויים 270 גר,גרמים,270.00,100 גרם,false,,10.90,0.0404,true,1,267721
7290117900970,false,שקדים קלויים 180 גרם,,IL,שקד קלוי 180 גרם,גרמים,180.00,100 גרם,false,,15.90,0.0883,true,1,267722
7290117900994,false,פקאן סיני מסוכר 140 גרם,,IL,פקאן סיני מסוכר 140,גרמים,140.00,100 גרם,false,,15.90,0.1136,true,1,267724
7290117901014,false,קשיו קלוי 160 גרם,,IL,קשיו קלוי 160 גרם,גרמים,160.00,100 גרם,false,,15.90,0.0994,true,1,267726
7290117901038,false,אגוזי מלך קלופים 190 גרם,,IL,אגוז מלך קלוף 190 גר,גרמים,190.00,100 גרם,false,,15.90,0.0837,true,1,267728
7290117901045,false,בוטן רביולי 200 גרם,,IL,בוטן רביולי 200 גרם,גרמים,200.00,100 גרם,false,,15.90,0.0795,true,1,267729
7290118420378,false,אסם פתי בר פינוקים תותים ושמנת 220 גרם,דר גררד,IL,פתי בר פינוקים תותים,גרמים,220.00,100 גרם,false,,10.90,0.0495,true,1,301962
7290118420415,false,אסם קטשופ קלאסי היתר מכירה 750 גרם,"אסם תעשיות מזון בע""מ",IL,.אסם קטשופ בקבוק לחי,גרמים,750.00,100 גרם,false,,10.90,0.0145,true,1,331266
7290118420514,false,אסם אינסטנט פודינג נוגט 75 גרם,"אסם השקעות בע""מ",IL,אינסטנט פודינג נוגט,גרמים,80.00,100 גרם,false,,5.50,0.0688,true,1,300080
7291008084915,false,תמר מג'הול 500גר,,,תמר מג'הול 500גר,גרמים,500.00,100 גרם,false,,10.00,0.0200,true,1,237131
7293556389962,true,שום לבן (סולו) ארוז,,,שום לבן (סולו) ארוז,גרמים,250.00,100 גרם,false,,9.90,0.0396,true,1,77501
7296021107405,false,patisserie קלף בצק מ,,,patisserie קלף בצק מ,יחידה,0.00,יחידה,false,,5.90,0.0000,true,1,45051
7296021129940,false,צנצנת מלח ופלפל עם י,,,צנצנת מלח ופלפל עם י,יחידה,0.00,יחידה,false,,7.90,0.0000,true,1,233350
7296021131394,false,סכין מולטי משוננת מ,,,סכין מולטי משוננת מ,יחידה,0.00,יחידה,false,,19.90,0.0000,true,1,28489
7296021137860,false,חותך רצועות כרוב קול,,,חותך רצועות כרוב קול,יחידה,0.00,יחידה,false,,17.90,0.0000,true,1,233495
7296021141041,false,גלגלת פיצה גדולה ידי,,,גלגלת פיצה גדולה ידי,יחידה,0.00,יחידה,false,,17.90,0.0000,true,1,233652
7296021226885,false,מפה עם גומי לשולחן פ,,,מפה עם גומי לשולחן פ,יחידה,0.00,יחידה,false,,39.90,0.0000,true,1,258330
7296021256790,false,כף גלידה ידית שחורה,,,כף גלידה ידית שחורה,יחידה,0.00,יחידה,false,,14.90,0.0000,true,1,233468
7296021273643,false,סט סכיני ירקות פרפקט,,,סט סכיני ירקות פרפקט,יחידה,0.00,יחידה,false,,22.50,0.0000,true,1,234356
7296021282621,false,"מסננת נירוסטה 24 ס""מ",,,"מסננת נירוסטה 24 ס""מ",יחידה,0.00,יחידה,false,,24.90,0.0000,true,1,45433
7296021288623,false,"סיר בישוול 20 ס""מ 3.",,,"סיר בישוול 20 ס""מ 3.",יחידה,0.00,יחידה,false,,333.00,0.0000,true,1,289366
7296021645235,false,כלי לאביזרים לשימוש,,,כלי לאביזרים לשימוש,יחידה,0.00,יחידה,false,,19.90,0.0000,true,1,45569
7296102210703,false,סט 4 קופסאות מלבני,,,סט 4 קופסאות מלבני,יחידה,0.00,יחידה,false,,19.90,0.0000,true,1,218909
7296102521731,false,סט 4 קופסאות פלסטיק,,,סט 4 קופסאות פלסטיק,יחידה,0.00,יחידה,false,,19.90,0.0000,true,1,189545
7296102521762,false,סט 4 קופסאות פלסטיק,,,סט 4 קופסאות פלסטיק,יחידה,0.00,יחידה,false,,19.90,0.0000,true,1,189560
7296102831557,false,סט 4 צלחות עמוקות תמ,,,סט 4 צלחות עמוקות תמ,יחידה,0.00,יחידה,false,,15.00,0.0000,true,1,218817
7296102831564,false,סט 4 צלחות שטוחות תמ,,,סט 4 צלחות שטוחות תמ,יחידה,0.00,יחידה,false,,15.00,0.0000,true,1,218830
7297028161575,false,קרסוליות גבר (10 ) לבן/שחור/מעורב,,,עשיריית גרבי גרב,יחידה,0.00,יחידה,false,,29.90,0.0000,true,1,180146
7297094016250,false,מגבת גוף 68/135,,,מגבת גוף 68/135,יחידה,0.00,יחידה,false,,19.90,0.0000,true,1,43617
7297094019176,false,שמיכת פוך הולופייבר,,,שמיכת פוך הולופייבר,יחידה,0.00,יחידה,false,,129.90,0.0000,true,1,43678
7297373004404,false,רב מגבת לבן 800 גרם,,,רב מגבת לבן 800 גרם,יחידה,0.00,יחידה,false,,18.90,0.0000,true,1,287930
7297425300089,false,סט מצעים זוגי 160/20,,,סט מצעים זוגי 160/20,יחידה,0.00,יחידה,false,,199.90,0.0000,true,1,240872
7297478001483,false,גרב גבר,,,גרב גבר,יחידה,0.00,יחידה,false,,24.90,0.0000,true,1,308974
7297478002855,false,גרבי ספורט לבן איכות,,,גרבי ספורט לבן איכות,יחידה,0.00,יחידה,false,,24.90,0.0000,true,1,308946
7297478002886,false,גרב ספורט אכותית נשי,,,גרב ספורט אכותית נשי,יחידה,0.00,יחידה,false,,24.90,0.0000,true,1,309087
7297478004347,false,גרב גבר 3 אלגנט מדוג,,,גרב גבר 3 אלגנט מדוג,יחידה,0.00,יחידה,false,,24.90,0.0000,true,1,308975
7297478004422,false,גרב קרסול מגבת שחור,,,גרב קרסול מגבת שחור,יחידה,0.00,יחידה,false,,24.90,0.0000,true,1,309001
7297621000998,false,מגבונים בדלי 250 יח',,,מגבונים בדלי 250 יח',יחידה,0.00,יחידה,false,,18.90,0.0000,true,1,287931
7298171185395,false,גרבי בנות מיני מאוס,,,גרבי בנות מיני מאוס,יחידה,0.00,יחידה,false,,19.90,0.0000,true,1,200415
7312040017683,false,וודקה אבסולוט בקבוק,חברת אבסולוט,SE,אבסולוט וודקה 700 מל,מיליליטרים,700.00,"100 מ""ל",false,,60.90,0.0870,true,1,33790
7450026800499,false,נעלי בית חורף גברים,,,נעלי בית חורף גברים,יחידה,0.00,יחידה,false,,39.90,0.0000,true,1,31554
7450026800505,false,נעלי בית חורף גברים,,,נעלי בית חורף גברים,יחידה,0.00,יחידה,false,,39.90,0.0000,true,1,31555
7501013122039,false,ג'ומקס נקטר מנגו קרטונית 1 ליטר,חומקס קומר קומרסאליז,MX,ג'ומקס נקטר מנגו קרט,ליטרים,1.00,ליטר,false,,10.50,10.5000,true,1,39434
7501013122053,false,ג'ומקס נקטר אפרסק 1 ליטר קרטונית,חומקס קומר קומרסאליז,MX,ג'ומקס נקטר אפרסק קר,ליטרים,1.00,ליטר,false,,10.50,10.5000,true,1,39435
7501013122114,false,"נקטר משקה אננס בקרטונית ג'ומקס, 1 ל'",חומקס קומר קומרסאליז,MX,ג'ומקס נקטר אננס קרט,ליטרים,1.00,ליטר,false,,10.50,10.5000,true,1,39436
7501013122190,false,ג'ומקס משקה תפוחים קרטונית 1 ליטר,חומקס קומר קומרסאליז,MX,ג'ומקס משקה תפוחים ק,ליטרים,1.00,ליטר,false,,10.50,10.5000,true,1,39437
7501013122992,false,ג'ומקס משקה קוקוס אננס קרטונית 1 ליטר,חומקס קומר קומרסאליז,MX,ג'ומקס משקה קוקוס אנ,ליטרים,1.00,ליטר,false,,10.50,10.5000,true,1,39438
7501013138047,false,משקה יוניקו פרסקו רימונים קרטונית 1 ליטר,,,יוניקו פרסקו משקה רי,ליטרים,1.00,ליטר,false,,11.50,11.5000,true,1,39444
7501064191398,false,"שישיית בירה קורונה 355 מ""ל בקבוק",קריניציה ויטמינה אס,MX,קורונה מארז שישיה 6*,ליטרים,2.13,ליטר,false,,38.90,18.2629,true,1,29649
7501064191466,false,"שישיית בירה קורונה 355 מ""ל בקבוק",,,קורונה מארז שישיה 6*,ליטרים,2.13,ליטר,false,,35.90,16.8545,true,1,29650
7503024460681,false,"שישיית בירה קורונה אקסטרה 355 מ""ל בקבוק",,,שישיית בירה קורונה 3,ליטרים,2.13,ליטר,false,,35.90,16.8545,true,1,320383
7610008059073,false,טבלת שוקולד רגוסה קלאסי עם שקדים 100 גר,,CH,טבלת רגוסה קלאסי חדש,גרמים,100.00,100 גרם,false,,15.90,0.1590,true,1,258931
7610008059097,false,טבלת שוקולד רגוסה בלונד עם שקדים 100 גר,,CH,טבלת רגוסה בלונד חדש,גרמים,100.00,100 גרם,false,,15.90,0.1590,true,1,258945
7610100034084,false,שפורפרת מיונז טומי 265 גרם,נסטלה שוויץ ס.א,,מיונז טומי 265 גרם,גרמים,265.00,100 גרם,false,,11.90,0.0449,true,1,12840
7610113011652,false,"בקרדי בריזר תפוח 275 מ""ל",בקרדי בעמ,BE,בקרדי בריזר תפוח 275,מיליליטרים,275.00,"100 מ""ל",false,,13.90,0.0505,true,1,75519
7610243004463,false,"דורגול - מרסס להסרת אבנית במקלחון 600 מ""ל",דורינג,,דורגול מסיר אבן מרסס,יחידה,0.00,יחידה,false,,19.90,0.0000,true,1,11431
7610400068505,false,בונבוניירה לינדור מילק 200 גרם,לינדט ושפרונגלי,,לינדור בונבוניירה חל,גרמים,200.00,100 גרם,false,,22.90,0.1145,true,1,13838
7610400068529,false,בונבוניירה לינדור אבורטד 200 גרם,לינדט ושפרונגלי,,לינדור בונבוניירה אס,גרמים,200.00,100 גרם,false,,22.90,0.1145,true,1,13839
7610400075787,false,לינדט לה גרנד חלב אגוזים 150 גר,"לינדט ושפרונגלי, קיל",CH,לינדט לה גרנד חלב עם,גרמים,150.00,100 גרם,false,,23.90,0.1593,true,1,13844
7610400091060,false,לינדט שוקולד אקסלנס אורנגי 100 גרם,לינדט ושפרונגלי,,לינדט מריר אקסלנס תפ,גרמים,100.00,100 גרם,false,,14.90,0.1490,true,1,68277
7613030979647,false,דגני בוקר טריקס פירות עולם היורה 480 ג',ג'נרל מילס סאן אדריא,IL,דגני בוקר טריקס 480,גרמים,480.00,100 גרם,false,,24.90,0.0519,true,1,19458
7613032045753,false,פיטנס - דגני בוקר שוקולד 375 גרם,הנסיך- מפעל לייצור ט,FR,דגני פיטנס שוקולד נס,גרמים,375.00,100 גרם,false,,19.90,0.0531,true,1,19464
7613033548192,false,פיטנס - דגני בוקר שוקולד מריר 375 גרם,הנסיך- מפעל לייצור ט,FR,דגני בוקר פיטנס שוקו,גרמים,375.00,100 גרם,false,,19.90,0.0531,true,1,19481
7613035618794,false,"פורינה ONE חתול בוגר עוף 3 ק""ג",פורינה,US,פורינה ONE חתול בוגר,קילוגרמים,3.00,"ק""ג",false,,119.00,39.6667,true,1,19508
7613035809109,false,פרפקטו רוטב עגבניות ובזיליקום 400 ג'אסם,נסטלה ספרד,ES,פרפקטו רוטב עגבניות,גרמים,400.00,100 גרם,false,,9.90,0.0248,true,1,19514
7613035809857,false,פרפקטו רוטב עגבניות לפסטה ולבישול 400 ג' אסם,נסטלה ספרד,ES,פרפקטו רוטב עגבניות,גרמים,400.00,100 גרם,false,,9.90,0.0248,true,1,19516
7613036105576,false,"דוגלי בוגר עוף 3 ק""ג",פורינה,HU,"דוגלי בוגר עוף 3 ק""ג",קילוגרמים,3.00,"ק""ג",false,,43.90,14.6333,true,1,19524
7613036105606,false,דוגלי בוגר בקר 4*3קג,פורינה,HU,דוגלי בוגר בקר 4*3קג,קילוגרמים,3.00,"ק""ג",false,,43.90,14.6333,true,1,19525
7613036105637,false,"דוגלי בוגר עוף 12 ק""ג",,,"דוגלי בוגר עוף 12 ק""",קילוגרמים,12.00,"ק""ג",false,,112.00,9.3333,true,1,19526
7613036105651,false,דוגלי בוגר בקר 12 קג,,,"דוגלי בוגר בקר 12 ק""",קילוגרמים,12.00,"ק""ג",false,,112.00,9.3333,true,1,19527
7613036251389,false,דוגלי אקטיב 12קג,,,דוגלי אקטיב 12קג,קילוגרמים,12.00,"ק""ג",false,,112.00,9.3333,true,1,19530
7613036288026,false,"דוגלי גורים 4*3ק""ג",פורינה,HU,דוגלי גורים 4*3קג,קילוגרמים,3.00,"ק""ג",false,,48.90,16.3000,true,1,19532
7613037012200,false,גרבר - מחית תפוח מנגו גזר פאוץ 90 גרם,כלורוקס אוקלנד,ES,פאוץ' גרבר מחית בטעם,גרמים,90.00,100 גרם,false,,5.90,0.0656,true,1,19554
7613038268262,false,האני נאט ציריוס מופחת סוכר 410 גרם,סי. פי. צרפת,FR,האני נאט ציריוס מופח,גרמים,410.00,100 גרם,false,,19.90,0.0485,true,1,19562
7613038451954,false,דגני בוקר שוקולד מופחת סוכר 410 ג' קראנץ',סי. פי. צרפת,FR,קראנץ שוקולד מופחת ס,גרמים,410.00,100 גרם,false,,19.90,0.0485,true,1,19563
7613039547731,false,גרבר מחית תפוח תפוח משמש פאוץ 16*90,כלורוקס אוקלנד,IL,פאוץ' גרבר מחית תפוח,גרמים,90.00,100 גרם,false,,5.90,0.0656,true,1,97534
7613039770450,false,טבעול סנסשיונל בורגר 226 גרם,ג'נרל מילס סאן אדריא,IL,בורגר צמחוני טבעוני,גרמים,226.00,100 גרם,false,,30.90,0.1367,true,1,97935
7613287155832,false,מטרנה מחית תפוח פאוץ' 90 גר',כלורוקס אוקלנד,IL,מחית תפוח פאוץ גרבר,גרמים,90.00,100 גרם,false,,5.90,0.0656,true,1,121391
7613287155863,false,מטרנה מחית אגס פאוץ' 90 גר',,ES,מחית בטעם אגס פאוץ ג,גרמים,90.00,100 גרם,false,,5.90,0.0656,true,1,121379
7613287302373,false,קפסולות סטארבקס איטלאן סטייל רוסט 57*10גר',,CH,קפסולות סטארבקס איטל,גרמים,56.00,100 גרם,false,,21.90,0.3911,true,1,132223
7613287325808,false,אוסם - דיפ אנד ספרד מטבל איולי שום 295 גרם,נסטלה פולין,PL,רוטב איולי שום לחיץ,גרמים,295.00,100 גרם,false,,14.90,0.0505,true,1,191888
7613287325822,false,אוסם - דיפ אנד ספרד מטבל מיקס 295 גרם,אסם,PL,רוטב מיקס לחיץ אסם 2,גרמים,295.00,100 גרם,false,,14.90,0.0505,true,1,191874
7613287325853,false,אוסם - דיפ אנד ספרד מטבל איולי ספייסי 295 גרם,נסטלה פולין,PL,רוטב ספייסי איולי לח,גרמים,295.00,100 גרם,false,,14.90,0.0505,true,1,191889
7613287325952,false,אוסם - דיפ אנד ספרד מטבל ברבקיו 345 גרם,דפטונה פולין,PL,רוטב ברביקיו לחיץ אס,גרמים,345.00,100 גרם,false,,14.90,0.0432,true,1,191860
7613287476494,false,אוסם - דיפ אנד ספרד מיונז בסגנון צרפתי 280 גרם,נסטלה פולין,PL,מיונז לחיץ אסם 280 ג,גרמים,280.00,100 גרם,false,,14.90,0.0532,true,1,191875
7613287476678,false,דגני בוקר סינימיניס צ'ורוס נסטלה 360 ג',נסטלה אוונקה,PT,סינימיניס צ'ורוס 360,גרמים,360.00,100 גרם,false,,24.90,0.0692,true,1,155480
7614500010310,false,שוקולד בר לבן 100 ג' טובלרון,,,בר טובלורון לבן 100,יחידה,0.00,יחידה,false,,9.90,0.0000,true,1,259279
7622010001858,false,אוראו ממולאות קרם וניל באטמן 176 גרם,פי אר ג'יי אס אי מנד,UA,עוגיות אוראו סנדביץ,גרמים,176.00,100 גרם,false,,8.90,0.0506,true,1,5130
7622201137052,false,אוראו מיני קוקיס - עוגיות שוקולד צ'יפס ותחתית מצופה שוקולד חלב,מונדלז אספנה גלטאס פ,ES,מיני קוקיז מילקה 110,גרמים,110.00,100 גרם,false,,7.90,0.0718,true,1,191746
7622201139278,false,גבינת שמנת 27% שומן 150 ג' פילדלפיה,מונדלייז,ES,פילדלפיה גבינת שמנת,גרמים,150.00,100 גרם,false,,11.90,0.0793,true,1,17219
7622201502515,false,מילקה - עוגיות קוקי לופ 132 גרם,גיורי קייקס קייאפטי,HU,קוקי לופ מילקה 132 ג,גרמים,110.00,100 גרם,false,,12.90,0.1173,true,1,191796
7622201521493,false,גבינת פילדלפיה שום ועשבי תיבול 150 גרם,,,גבינת שמנת עם שום וע,גרמים,150.00,100 גרם,false,,11.90,0.0793,true,1,276762
7622201798154,false,גבינת פילדלפיה שמנת לייט 150 גרם,,,פילדלפיה גבינת שמנת,גרמים,150.00,100 גרם,false,,11.90,0.0793,true,1,183086
7622201801809,false,מילקה- שוק' חלב עם אגוזים 100 גר' חדש,מנדלז דויצ'לנד סנקס,DE,מילקה שוקוד חלב עם א,גרמים,100.00,100 גרם,false,,6.90,0.0690,true,1,160047
7622201802363,false,שוקולד מילקה טבלה חלב צימוקים ואגוזים 100ג',מנדלז דויצ'לנד סנקס,DE,מילקה שוקולד חלב עם,גרמים,100.00,100 גרם,false,,6.90,0.0690,true,1,160034
7622201802394,false,שוקולד מילקה חלב מסרונים 100 גרם,מנדלז דויצ'לנד סנקס,DE,מילקה שוקולד חלב 100,גרמים,100.00,100 גרם,false,,6.90,0.0690,true,1,160021
7622201808631,false,אוראו מיני כוסות בטעם וניל 67 גרם,פי.טי. מונדלז אינדונ,ID,אוראו מיני כוסות בטע,גרמים,67.00,100 גרם,false,,7.90,0.1179,true,1,165232
7622201813390,false,עוגיות מילקה וואפל במילוי קרם קקאו 150 ג,מונדליז סי.אר. ביסקו,,מילקה וואפל במילוי ק,גרמים,150.00,100 גרם,false,,10.90,0.0727,true,1,148018
7622210453327,false,עוגיות מילקה סנסיישן 156 גרם,מנדלז פולסקה פרודקשן,PL,מילקה סנסיישן 156 גר,גרמים,156.00,100 גרם,false,,10.90,0.0699,true,1,5138
7622210464729,false,"עוגיות אוראו גולדן, 154 גרם",,UA,עוגיות אוראו גולדן 1,גרמים,154.00,100 גרם,false,,7.90,0.0513,true,1,5140
7622210637994,false,"אוראו ביס קראנצי אורגינל, 110 גרם",מונדלז אספניה ג'לאטס,ES,קראנצ'י בייטס אוראו,גרמים,110.00,100 גרם,false,,7.90,0.0718,true,1,191771
7622300107949,false,טובלרון חלב צימוק 10,,,טובלרון חלב צימוק 10,גרמים,100.00,100 גרם,false,,9.90,0.0990,true,1,259241
7622300270506,false,מילקה גריינס - עוגיות שיבולת שועל מצופות שוקולד 168 ג',מונדלז פולסקה פרודקש,PL,מילקה גריינס עוגיות,גרמים,168.00,100 גרם,false,,10.90,0.0649,true,1,5158
7622300489427,false,עוגיות אוראו בציפוי שוקולד לבן 246 גרם,מנדלז אספנה גאלטס פר,ES,אוראו פאג שוקולד לבן,גרמים,246.00,100 גרם,false,,15.90,0.0646,true,1,5163
7622300489434,false,"עוגיות אוראו פאדג' בציפוי שוקולד חלב, 246 גרם",מנדלז אספנה גאלטס פר,ES,אוראו פאג שוקולד חלב,גרמים,246.00,100 גרם,false,,15.90,0.0646,true,1,5164
7622300503079,false,מילקה מוו - ביסקוויט מצופה שוקולד חלב 200 ג',מונדלז פולסקה פרודקש,PL,מילקה מוו - ביסקוויט,גרמים,200.00,100 גרם,false,,10.90,0.0545,true,1,5167
7622300617820,false,שוקלד מילקה טבלת חלב אוראו 100ג',מנדלז דויצ'לנד סנקס,DE,מילקה שוקולד אוראו 1,גרמים,100.00,100 גרם,false,,6.90,0.0690,true,1,5168
7630311507016,false,סטארבקס קפסולות סאני דיי 57 ג,,,סטארבקס קפסולות סאני,גרמים,57.00,100 גרם,false,,21.90,0.3842,true,1,266284
7630477891592,false,סטארבקס - קפסולות האוס בלנד 57 גרם * 10,נסטלה נספרסו,CH,קפסולות האוס בלנד סט,גרמים,57.00,100 גרם,false,,21.90,0.3842,true,1,102041
7630477891615,false,סטארבקס - קפסולות סומטרה 55 גרם * 10,,,סטארבקס קפסולות סומט,גרמים,55.00,100 גרם,false,,21.90,0.3982,true,1,92892
7630477891639,false,סטארבקס - קפסולות ורונה 55 גרם * 10,נסטלה נספרסו,CH,סטארבקס קפסולות ורונ,גרמים,55.00,100 גרם,false,,21.90,0.3982,true,1,92893
7630477891653,false,סטארבקס - קפסולות אספרסו נטול 57 גרם * 10,,,סטארבקס קפסולות אספר,גרמים,57.00,100 גרם,false,,21.90,0.3842,true,1,92879
7630477891691,false,סטארבקס - קפסולות קולומביה 57 גרם * 10,,,סטארבקס קפסולות קולו,גרמים,57.00,100 גרם,false,,21.90,0.3842,true,1,92894
7630477891714,false,סטארבקס - קפסולות אספרסו 57 גרם * 10,נסטלה נספרסו,CH,קפסולות אספרסו סטארב,גרמים,57.00,100 גרם,false,,21.90,0.3842,true,1,102028
7630477891738,false,סטארבקס - קפסולות אספרסו בלונד 53 גרם * 10,נסטלה נספרסו,CH,סטארבקס קפסולות אספר,גרמים,53.00,100 גרם,false,,21.90,0.4132,true,1,92880
7638900248333,false,אנרג'ייזר סוללות 202,,,אנרג'ייזר סוללות 202,יחידה,0.00,יחידה,false,,19.90,0.0000,true,1,6091
7702018321582,false,"גילט דאו סטיק מתקדם 45 מ""ל CW",,,דאודורנט סטיק מתקדם,מיליליטרים,50.00,"100 מ""ל",false,,21.90,0.4380,true,1,27337
7702018462032,false,סכיני גילוח גילט מאך 3 רביעייה,פרוקטור אנד גמבל,DE,ג'ילט מאך 3 רביעיות,יחידה,0.00,יחידה,false,,34.90,0.0000,true,1,71203
7702018469383,false,גילט סכיני גילוח פיוזן -12 יח',,,מארז סכיני גילוח פיו,יחידה,0.00,יחידה,false,,120.90,0.0000,true,1,27367
7702024074625,false,פיטנס - חטיפי קרקר חיטה מלאה 234 גרם,קומסטיבלס לה רוזה אס,CO,פיטנס חטיפי קרקר חיט,גרמים,234.00,100 גרם,false,,11.90,0.0509,true,1,19567
7702174066631,false,לקקן יוגטה פין פופ במילוי מסטיק 170 גר,הדקלאים אגודת שיתופי,CO,יוגטה פינפופ לקקן 10,גרמים,180.00,100 גרם,false,,7.90,0.0439,true,1,42098
7702174068826,false,לקקן יוגטה בטעם פירות 12 יח 204 גרם,אלדור,CO,יוגטה לקקן חדש 12יח,גרמים,216.00,100 גרם,false,,9.90,0.0458,true,1,42101
7702174068833,false,לקקן יוגטה טעם גלידה בשקית 12 יח 204 גר,אלדור,CO,'לקקן יוגטה אייס קרי,גרמים,216.00,100 גרם,false,,9.90,0.0458,true,1,42102
7702174070201,false,לקקן יוגטה מג'יק 12 יח' בשקית 216ג',אלדור,CO,לקקן בטעם מסטיק ממול,גרמים,216.00,100 גרם,false,,9.90,0.0458,true,1,42103
7702174073783,false,לקקן יוגטה פין פופ 10 יח בטעם קולה 170 ג,הדקלאים אגודת שיתופי,CO,לקקן פינפופ קולה 10,גרמים,180.00,100 גרם,false,,7.90,0.0439,true,1,42104
7790040420076,false,בון בון אלפחורס 117 גרם,,,אלפחורס עוגיות סנדבי,גרמים,117.00,100 גרם,false,,8.90,0.0761,true,1,100405
7790580315986,false,סוכריות ממולאות תות 453ג' מהדרין,,AR,סוכריות ממולאות תות,גרמים,470.00,100 גרם,false,,14.90,0.0317,true,1,13321
7790580412654,false,בון בון צהוב 270 גרם,,,בון בון צהוב 270 גרם,גרמים,270.00,100 גרם,false,,18.90,0.0700,true,1,13330
7791875005353,false,ריבת חלב הוואנה דוצה דה לצה 450 גרם,,IL,הוואנה ריבת חלב 450,גרמים,450.00,100 גרם,false,,19.90,0.0442,true,1,214030
7792860006218,false,1X48X24G בייבי דול רביעיה,גוד פוד פרודקטס S.p,AR,בייבי דול לקקן 20גר,גרמים,24.00,100 גרם,false,,2.50,0.1042,true,1,13850
7800601801005,false,פלסטרים מיקס בצבע עור 100יח,,,פלסטרים 100 יח' - לי,יחידה,0.00,יחידה,false,,7.90,0.0000,true,1,91773
7800601801098,false,נר הבדלה דקורטיבי פמוט,,,נר הבדלה דקורטיבי פמ,יחידה,0.00,יחידה,false,,16.90,0.0000,true,1,13339
7840392000454,false,"פחם בריקאפאר 5 ק""ג",,,"פחם בריקאפאר 5 ק""ג",קילוגרמים,5.00,"ק""ג",false,,49.90,9.9800,true,1,299231
7860001950123,false,מפזר סוכר רשת נירוסט,,,מפזר סוכר רשת נירוסט,יחידה,0.00,יחידה,false,,14.90,0.0000,true,1,34303
7860001950314,false,כפפה לתנור,,,כפפה לתנור,יחידה,0.00,יחידה,false,,9.90,0.0000,true,1,34309
7891024124826,false,קולגייט משחת אופטיק ספרקלינג וייט 75מל,הנסיך- מפעל לייצור ט,BR,מש.שיניים אופטיק ווי,מיליליטרים,75.00,"100 מ""ל",false,,19.90,0.2653,true,1,21884
7897654496197,true,חנוכייה מתכת,,,חנוכייה מתכת,יחידה,0.00,יחידה,false,,19.90,0.0000,true,1,186046
7898690150791,false,סט כלים למנגל,,,סט כלים למנגל,יחידה,0.00,יחידה,false,,8.90,0.0000,true,1,186047
8000070014909,false,ג'ולי אנד מילק לבנה,,,ג'ולי אנד מילק לבנה,יחידה,0.00,יחידה,false,,679.00,0.0000,true,1,292980
8000070064553,false,קפסולות אספרסו לוואצה רוסה 10 16 יח,,,קפסולת LAVAZZA ROSSA,גרמים,120.00,100 גרם,false,,29.90,0.2492,true,1,292931
8000380003723,false,גרנד פטיסרי עוגיות וופל אגוזים 100ג',קריניציה ויטמינה אס,IT,גרנד פטיסרי ופל אגוז,גרמים,100.00,100 גרם,false,,11.90,0.1190,true,1,12845
8000380004669,false,וופל לואקר סנדוויץ קוביות ושוקולד 200ג',"א. לואקר, קונפקט ג'י",AT,לואקר וופל סנדוויץ',גרמים,200.00,100 גרם,false,,12.90,0.0645,true,1,12850
8000380004676,false,וופל לואקר קוביות וניל 200ג',"א. לואקר, קונפקט ג'י",AT,לואקר וופל קרם וניל,גרמים,200.00,100 גרם,false,,12.90,0.0645,true,1,12851
8000380004911,false,וופל קוארדטיני לואקר קוביות אגוז 250ג'',קריניציה ויטמינה אס,AT,וופל קואדרטיני אגוז,גרמים,250.00,100 גרם,false,,13.90,0.0556,true,1,12853
8000380004966,false,וופל קוארדטיני לואקר קוביות שוקולד 250ג',קריניציה ויטמינה אס,AT,וופל קואדרטיני קקאו,גרמים,250.00,100 גרם,false,,13.90,0.0556,true,1,12856
8000380007219,false,וופל לואקר אגוז קלאסי 175ג',א. לואקר,AT,וופל לואקר אגוז 175,גרמים,175.00,100 גרם,false,,10.50,0.0600,true,1,12862
8000380007257,false,וופל גרנדה מצופה שוקולד 200ג',קריניציה ויטמינה אס,IT,.וופל מצופה שוקולד ג,גרמים,200.00,100 גרם,false,,13.90,0.0695,true,1,12864
8000380007264,false,וופל לואקר קקאו 175 גרם,קריניציה ויטמינה אס,AT,וופל לואקר קקאו 175,גרמים,175.00,100 גרם,false,,10.50,0.0600,true,1,12865
8000380007271,false,וופל לואקר קרם חלב 175ג',,IT,וופל לואקר חלב 175 ג,גרמים,175.00,100 גרם,false,,10.50,0.0600,true,1,12866
8000380142484,false,וופל קוארדטיני לואקר קוביות שוקו' מריר 250ג'',"אינסטנטה בע""מ",AT,וופל קואדרטיני שוקול,גרמים,250.00,100 גרם,false,,13.90,0.0556,true,1,12869
8000380144044,false,וופל גרדנה לואקר שוקולד 200ג',"א. לואקר , AG/SpA, ו",IT,וופל גרדנה שוקולד 20,גרמים,200.00,100 גרם,false,,13.90,0.0695,true,1,12871
8000380180721,false,לואקר וופל קקאו במילוי קרם חלבי 175 גר,קריניציה ויטמינה אס,AT,וופל לואקר קלאסיק שו,גרמים,175.00,100 גרם,false,,10.50,0.0600,true,1,12894
8000380180745,false,לואקר קוביות וופל קקאו עם קרם חלבי 250 ג,"א. לואקר, קונפקט ג'י",AT,וופל קואדרטיני לואקר,גרמים,250.00,100 גרם,false,,13.90,0.0556,true,1,12895
8000380187119,false,עוגיות במילוי קרם אגוזי לוז לואקר 100 גר,לואקר,AT,עוגיות לואקר אגוזי ל,גרמים,100.00,100 גרם,false,,13.90,0.1390,true,1,96791
8000380192243,false,וופלים לואקר מקסי בטעם אגוז 200 גר',,,וופל לואקר מקסי אגוז,גרמים,200.00,100 גרם,false,,12.90,0.0645,true,1,12904
8000500018828,false,קינדר אצבעות שוקולד חצי מטר 300 גר,קדבורי,IT,שוקולד חצי מטר קינדר,גרמים,300.00,100 גרם,false,,20.90,0.0697,true,1,41485
8000500023624,false,שוקולד הפי היפו חטיף קינדר מארז 20.5X5ג',קדבורי,DE,הפי היפו 5*20ג,גרמים,102.00,100 גרם,false,,12.90,0.1265,true,1,41486
8000500023976,false,בונבוניירה רפאלו 150 גרם,פררו,PL,בונבוניירת רפאלו 150,גרמים,150.00,100 גרם,false,,15.90,0.1060,true,1,41487
8000500026731,false,שוקולד ביצי הפתעה קינדר שלישייה,קדבורי,IT,קינדר ביצי שוקולד 3*,גרמים,60.00,100 גרם,false,,15.90,0.2650,true,1,41488
8000500028124,false,"קינדר ג'וי, שלישיה 3 * 20 גרם",,ZA,קינדר ג'וי 3*20 גרם,גרמים,60.00,100 גרם,false,,15.90,0.2650,true,1,320738
8000500029350,false,קינדר בואנו חטיף מארז שלישייה 129ג',פררו,IT,קינדר בואנו 3*43 גרם,גרמים,129.00,100 גרם,false,,10.90,0.0845,true,1,41489
8000500032237,false,בונבוניירה פררו רושר 375 גר,קדבורי,IT,רושר 375 גרם,גרמים,375.00,100 גרם,false,,45.90,0.1224,true,1,41490
8000500037874,false,בונבוניירה פררו רושה 200 גרם,פררו,IT,בונבוניירת רושר 200ג,גרמים,200.00,100 גרם,false,,27.90,0.1395,true,1,41492
8000500071083,false,שוקולד אצבעות קינדר חלב 200 ג',קדבורי,IT,קינדר אצבעות שוקולד,גרמים,200.00,100 גרם,false,,12.90,0.0645,true,1,41494
8000500121436,false,קינדר בואנו לבן חטיף מארז שלישייה 129ג',פררו,IT,קינדר בואנו לבן 3*43,גרמים,117.00,100 גרם,false,,10.90,0.0932,true,1,41498
8000500247167,false,פררו רושה קולקשיין 269ג',פררו,DE,פררו קולקשיין 249.5,גרמים,249.50,100 גרם,false,,45.90,0.1840,true,1,41517
8000500256213,false,קינדר שוקולד מיני 120 גרם,קדבורי,IT,פרר-קינדר שוקולד מינ,גרמים,120.00,100 גרם,false,,10.90,0.0908,true,1,41523
8000500267103,false,קינדר דליס שוקול' אישי מארז 10 יח' 420 גר',,IT,פררו-קינדר דליס עשיר,יחידה,0.00,יחידה,false,,19.90,0.0000,true,1,41527
8000500269169,false,קינדר קארדס חמישייה 128 גרם,פררו,IT,קינדר קארדס 128 גרם,גרמים,128.00,100 גרם,false,,12.90,0.1008,true,1,105348
8000500294345,false,רושר איש שלג שוקולד חלב ואגוזי לוז 90 גר,,PL,פררו איש שלג 90 גרם,גרמים,90.00,100 גרם,false,,14.90,0.1656,true,1,36777
8000500310397,true,ביסקוויטים במילוי נו,,,ביסקוויטים במילוי נו,גרמים,166.00,100 גרם,false,,14.90,0.0898,true,1,322352
8000500366073,true,ביסקוויטים במילוי נו,,,ביסקוויטים במילוי נו,גרמים,276.00,100 גרם,false,,21.90,0.0793,true,1,322340
8000500386941,false,"ממרח קקאו עם אגוזי לוז, 900 גרם",קדבורי,IT,ממרח קקאו עם אגוזי ל,גרמים,900.00,100 גרם,false,,31.90,0.0354,true,1,251578
8000798000925,false,מטאטא רך שיער איטלקי עבה,,,מטאטא יהלום,יחידה,0.00,יחידה,false,,12.90,0.0000,true,1,13606
8000798038034,false,כף אשפה מתקפל ( איטל,,,כף אשפה מתקפל ( איטל,יחידה,0.00,יחידה,false,,12.90,0.0000,true,1,13609
8001003100164,false,יוגטה סוכריות גילי בטעם פירות 450 גר,,,יוגטה סוכריות ג'לי פ,גרמים,450.00,100 גרם,false,,9.90,0.0220,true,1,42119
8001090222725,false,"הרבל אסנסס - שמפו שמן מורינגה 400 מ""ל",,FR,שמפו שמן מורינגה הרב,מיליליטרים,400.00,"100 מ""ל",false,,14.90,0.0373,true,1,27416
8001090364159,false,"משחת שיניים אורל בי G&E רעננות מוגברת 75 מ""ל",,,אורל בי משחה G&E - ר,מיליליטרים,75.00,"100 מ""ל",false,,15.90,0.2120,true,1,158262
8001090379399,false,פמפרס פרימיום חיתולי VP מידה 5 30 יח',פרוקטר & גמבל,DE,חיתולי פמפרס פרימיום,יחידה,0.00,יחידה,false,,31.90,0.0000,true,1,27437
8001090678614,false,"שמפו סופרים לחות הד אנד שולדרס 400 מ""ל",,FR,שמפו שולדרס סופרים ל,מיליליטרים,400.00,"100 מ""ל",false,,19.90,0.0497,true,1,27458
8001090832818,false,"קונדישנר פנטן הנוסחה הקלאסית 660 מ""ל",,,מרכך נוסחה קלאסית פנ,מיליליטרים,660.00,"100 מ""ל",false,,19.90,0.0302,true,1,65404
8001090832894,false,מרכך לשיער חלש ופגום לחות מוגברת,,,מרכך לחות מוגברת פנט,מיליליטרים,660.00,"100 מ""ל",false,,19.90,0.0302,true,1,65406
8001090891273,false,לנור כדוריות הבושם בניחוח סחלב 210 ג',פרוקטר אנד גמבל,US,לנור כדוריות הבושם ב,גרמים,210.00,100 גרם,false,,27.90,0.1329,true,1,93851
8001090899194,false,תחבושות אולוויז פלטינום נורמל 24 יח',,DE,תחבושות פלטינום נורמ,יחידה,0.00,יחידה,false,,18.50,0.0000,true,1,27500
8001100059259,false,שקיות וופל ריבועי פלוקו עם מילוי קרם אגוזי לוז 250 ג',,,וואפל קוביות BALOCCO,גרמים,250.00,100 גרם,false,,12.90,0.0516,true,1,124657
8001100059266,false,שקיות פרוסות ריבועי פלוקו במילוי קרם וניל וחלב 250 ג',,,וואפל קוביות BALOCCO,גרמים,250.00,100 גרם,false,,12.90,0.0516,true,1,124658
8001505000306,false,מעדן פירות יער אורגני 250 ג FIORDIFRUTT,,,מעדן פירות יער אורגנ,גרמים,250.00,100 גרם,false,,21.90,0.0876,true,1,99793
8001620011935,false,"שישיית סאן בנדטו מוגז עדין 500 מ""ל",אקווה מינרלה סאן בנד,IT,סאן בנדטו מוגז 6*500,ליטרים,3.00,ליטר,false,,11.90,3.9667,true,1,9562
8001620017456,false,"מים מינרליים סאן בנדטו פקק ספורט 500X6מ""ל",,,סאן בנדטו פקק ספורט,ליטרים,3.00,ליטר,false,,13.90,4.6333,true,1,9564
8001620019177,false,"סן בנדטו ענבים 400 מ""ל 12 יח'",אקווה מינרלה סאן בנד,IT,סאן בנדטו משקה בטעם,מיליליטרים,400.00,"100 מ""ל",false,,5.90,0.0147,true,1,267170
8001841053806,false,אולוויז תחבושת מקסי עבה לילה 9 יחידות,,,תחבושות עבה לילה אול,יחידה,0.00,יחידה,false,,12.90,0.0000,true,1,27519
8001841470252,false,נוזל ניקוי כלים פייר,,,נוזל ניקוי כלים פייר,מיליליטרים,500.00,"100 מ""ל",false,,9.90,0.0198,true,1,314549
8001841470290,false,נוזל ניקוי כלים פייר,,,נוזל ניקוי כלים פייר,מיליליטרים,750.00,"100 מ""ל",false,,13.90,0.0185,true,1,314514
8001841625188,false,"נוזל כלים פיירי פלטינום לימון 515 מ""ל",פרוקטר אנד גמבל,GB,פיירי נוזל כלים פלטי,מיליליטרים,515.00,"100 מ""ל",false,,9.90,0.0192,true,1,69146
8001841625362,false,"נוזל כלים בניחוח לימון פלטינום 780 מ""ל פיירי",,GB,פיירי נוזל כלים פלטי,מיליליטרים,780.00,"100 מ""ל",false,,12.90,0.0165,true,1,256339
8001841625461,false,"נוזל כלים פיירי פלטינום אורגינל 515 מ""ל",פרוקטר אנד גמבל,GB,פיירי נוזל כלים פלטי,מיליליטרים,515.00,"100 מ""ל",false,,9.90,0.0192,true,1,69147
8001841665139,false,"שמפו פאנטן 400 מ""ל",,,"שמפו פאנטן 400 מ""ל",מיליליטרים,400.00,"100 מ""ל",false,,14.90,0.0373,true,1,330149
8001841667782,false,"הד&שולדרס - שמפו 2 ב1 מנטול 400 מ""ל",,,שמפו הד ושולדרס 2 פע,מיליליטרים,400.00,"100 מ""ל",false,,14.90,0.0373,true,1,124246
8001943549122,false,"צ'וקטה מטבעות שוקולד חלב, 40 גרם",,,צ`וקטה מטבעות שוקולד,גרמים,40.00,100 גרם,false,,3.90,0.0975,true,1,42125
8002205319835,false,פורינה ONE חתול בוגר סלמון 800 גרם,נסטלה פורינה צרפת,FR,פורינה ONE חתול בוגר,גרמים,800.00,100 גרם,false,,45.90,0.0574,true,1,19569
8002267015263,false,ביצת שוקולד הפתעה מאשה והדוב שלישייה 60,,IT,צ'וקטה מארז 3 יח' בי,יח',60.00,יח',false,,11.90,0.1983,true,1,274443
8002270436581,false,"שישיית מים סאן פלגרינו פלסט 500 מ""ל",,,סאן פלגרינו מים מוגז,ליטרים,3.00,ליטר,false,,29.90,9.9667,true,1,9568
8002270866524,false,סאן פלנגרינו מים מינ,San Pellegrino Terme,IT,סאן פלנגרינו מים מינ,ליטרים,1.00,ליטר,false,,8.90,8.9000,true,1,9572
8002450202005,false,ורדי ספרקלטיני אסאי,,,ורדי ספרקלטיני אסאי,מיליליטרים,750.00,"100 מ""ל",false,,24.90,0.0332,true,1,7386
8002450206003,false,ורדי ספרקלטיני רימון,"איי, בי, אינבוו",IT,ורדי ספרקלטיני רימון,מיליליטרים,750.00,"100 מ""ל",false,,24.90,0.0332,true,1,7392
8002450208007,false,ורדי ספרקלטיני גרין,,,ורדי ספרקלטיני גרין,מיליליטרים,750.00,"100 מ""ל",false,,24.90,0.0332,true,1,7397
8003340091280,false,בונבוניירה לינדור60% 200 גרם,לינדוט ושופרונגלי אי,IT,בונבוניירות לינדור 6,גרמים,200.00,100 גרם,false,,22.90,0.1145,true,1,13853
8003477500365,false,פרימלוצ'י קונקילייה,,,פרימלוצ'י קונקילייה,גרמים,500.00,100 גרם,false,,5.90,0.0118,true,1,297562
8004030044005,false,נתחי טונה בשמן זית ריו מרה 160 ג',"בולטון אלימנטרי בע""מ",IT,נתחי טונה בשמן זית ר,גרמים,160.00,100 גרם,false,,18.90,0.1181,true,1,21894
8004030102033,false,טונה בשמן עם לימון ופלפל ריו מרה שלישיה *80 ג',בולטון אלימנטרי,IT,טונה בשמן עם לימון ו,גרמים,240.00,100 גרם,false,,27.90,0.1162,true,1,21896
8004030344938,false,טונה בשמן זית ריו מרה שלישיה * 80 ג',"בולטון אלימנטרי בע""מ",IT,טונה בשמן זית ריו מר,גרמים,240.00,100 גרם,false,,27.90,0.1162,true,1,21901
8004030381681,false,טונה בשמן זית ריו מרה זוגות * 160 ג',,,טונה בשמן זית ריו מר,גרמים,320.00,100 גרם,false,,32.90,0.1028,true,1,21904
8004030845046,false,טונה עם ירקות בתוספת עם אורז ריו מרה אינסלטיסימי 160 ג',בולטון אלימנטרי,IT,אינסלטיסימי אורז עם,גרמים,160.00,100 גרם,false,,16.90,0.1056,true,1,21905
8004030860001,false,ירקות עם קוקוס וטונה ריו מרה אינסלטיסימי 160 ג',"בולטון אלימנטרי בע""מ",IT,קוסקוס וטונה ריו מרה,גרמים,160.00,100 גרם,false,,16.90,0.1056,true,1,21906
8004800004802,false,גלילי וופל לאגו פלאסיר קרם דומדמניות 100,לאגו,IT,לאגו פלאסיר- גלילי ו,גרמים,100.00,100 גרם,false,,10.90,0.1090,true,1,300529
8004800004819,false,וופלים לאגו פלאסיר שוקולד חלב 110 גר,לאגו,IT,לאגו פלאסיר- וופלים,גרמים,110.00,100 גרם,false,,10.90,0.0991,true,1,300530
8004800004826,false,לאגו פלאסיר - וופלים במילוי קרם קוקוס שוקולד מריר - 98ג,לאגו,IT,ופלים במילוי קרם קוק,גרמים,98.00,100 גרם,false,,10.90,0.1112,true,1,298968
8005110170300,false,שלישיית עגבניות מרוסקות 400 גר MUTTI,Mutti,IT,עגבניות MUTTI מרוסקו,קילוגרמים,1.20,"ק""ג",false,,16.90,14.0833,true,1,51762
8005200256587,false,משקה תה בטעם אפרסק 1.5ל' NESTEA,מפעל סאנפלגרינו S.P.,IT,נסטי אפרסק 1.5 ליטר,ליטרים,1.50,ליטר,false,,8.90,5.9333,true,1,191030
8005200286584,false,משקה תה בטעם מנגו אננס 1.5 ל' NESTEA,מפעל סאנפלגרינו S.P.,IT,נסטי מנגו אננס 1.5 ל,ליטרים,1.50,ליטר,false,,8.90,5.9333,true,1,191031
8005469981602,false,פילה אנשובי איטלקי ש.חמניות 80 גר SCALIA,,,פילה אנשובי איטלקי (,גרמים,75.00,100 גרם,false,,12.90,0.1720,true,1,47924
8006227000399,false,מנצאטו-לחם פרוס לבן 400 גרם,,IT,לחם מחמצת פרוס לבן 4,גרמים,400.00,100 גרם,false,,16.90,0.0422,true,1,275271
8006227001372,false,סמנצאטו לחם לבן שמן זית ללא קשה 400 גר,רו. מאר ס.ר.ל,IT,לחם מחמצת לבן עם שמן,גרמים,400.00,100 גרם,false,,18.90,0.0472,true,1,275099
8006227001389,false,סמנצאטו לחם מלא שמן זית ללא קשה 400 גר,רו. מאר ס.ר.ל,IT,לחם מחמצת קמח מלא עם,גרמים,400.00,100 גרם,false,,18.90,0.0472,true,1,275100
8006540106709,false,אולוויז - מגן תחתון נורמל 58 יח',,,מגן תחתון מגה פק נור,יחידה,0.00,יחידה,false,,17.90,0.0000,true,1,313115
8006540112823,false,"לנור מרכך כביסה מרוכז בניחוח האוקיינוס 900 מ""ל",פרוקטר אנד גמבל,FR,לנור מרכך מרוכז בניח,מיליליטרים,900.00,"100 מ""ל",false,,15.90,0.0177,true,1,141988
8006540112854,false,"מרכך כביסה מרוכז בניחוח סחלב לנור 900 מ""ל",,,לנור מרכך מרוכז בניח,מיליליטרים,900.00,"100 מ""ל",false,,15.90,0.0177,true,1,136231
8006540405031,false,תחבושות אולוויז דיסק,,,תחבושות אולוויז דיסק,יח',16.00,יח',false,,16.90,1.0562,true,1,291839
8006540491539,false,"נוזל כלים פיירי פלטינום אוריגינל 780 מ""ל",,GB,פיירי נוזל כלים פלטי,מיליליטרים,780.00,"100 מ""ל",false,,12.90,0.0165,true,1,256286
8006540495247,false,"לנור מרכך כביסה מרוכז ורוד""פרח בר"" 900 מ""ל",,,לנור מרכך מרוכז בניח,מיליליטרים,900.00,"100 מ""ל",false,,15.90,0.0177,true,1,313735
8006540592434,false,אולוויז תחבושות נורמל 28 יח,,,תחבושות אולוויז ירוק,100 יח',16.00,100 יח',false,,18.90,1.1812,true,1,284737
8006540628737,false,שמפו הד שולדרס קלאסי,,,שמפו הד שולדרס קלאסי,מיליליטרים,350.00,"100 מ""ל",false,,16.90,0.0483,true,1,293070
8006540690260,false,"שמפו פאנטן 400 מ""ל",,,"שמפו פאנטן 400 מ""ל",מיליליטרים,400.00,"100 מ""ל",false,,14.90,0.0373,true,1,326455
8008245004847,true,ממרח אגוזי לוז וקקאו,,,ממרח אגוזי לוז וקקאו,גרמים,300.00,100 גרם,false,,14.90,0.0497,true,1,112011
8008245004861,true,ממרח אגוזי לוז עם חל,,,ממרח אגוזי לוז עם חל,גרמים,300.00,100 גרם,false,,14.90,0.0497,true,1,112012
8008620009313,false,קריץ-קרקר מלוח 250 ג',,,קרקר מלוח 250 גרם קר,גרמים,250.00,100 גרם,false,,8.90,0.0356,true,1,275243
8008620009337,false,קריץ-קרקר חיטה מלאה 250ג',,,קרקר חיטה מלאה 250 ג,גרמים,250.00,100 גרם,false,,8.90,0.0356,true,1,275244
8008912010034,false,ספגטי ליגורי 500 גר',,,פסטה ספגטי מספר 3 -,גרמים,500.00,100 גרם,false,,7.90,0.0158,true,1,266039
8008912010072,false,ספגטי לינגוויני 500ג ליגורי,,,פסטה לינגוויני מספר,גרמים,500.00,100 גרם,false,,7.90,0.0158,true,1,266040
8008912010270,false,פסטה קסרצה מספר 27 LIGUORI,,,פסטה קסרצ'ה מספר 27,גרמים,500.00,100 גרם,false,,7.90,0.0158,true,1,266041
8008912010300,false,פסטה פרפלה ליגורי 500 גר',,,פסטה פרפלה מספר 30 -,גרמים,500.00,100 גרם,false,,7.90,0.0158,true,1,266042
8008912010317,false,פסטה פוזלי ליגורי 500 גר',,,פסטה פוזלי מספר 31 -,גרמים,500.00,100 גרם,false,,7.90,0.0158,true,1,266043
8008912010331,false,פסטה ניוקטי סרדי בצורת קונכיות LIGUORI,,,פסטה ניוקטי סרדי בצו,גרמים,500.00,100 גרם,false,,7.90,0.0158,true,1,306519
8008912010423,false,פסטה פנה ריגטה מספר 42 LIGUORI,,,פסטה פנה ריגטה מספר,גרמים,500.00,100 גרם,false,,7.90,0.0158,true,1,266044
8015997000911,false,מאריני בישקוטים 200 גרם,,,בישקוטים פריכים 200,גרמים,200.00,100 גרם,false,,6.90,0.0345,true,1,275258
8023788030610,false,שוקולד חלב 300 גרם,,,שוקולד חלב 300 גרם,גרמים,300.00,100 גרם,false,,17.90,0.0597,true,1,282379
8023788030627,false,שוקולד מריר מעולה 3,,,שוקולד מריר מעולה 3,גרמים,300.00,100 גרם,false,,17.90,0.0597,true,1,282380
8023788030634,false,שוקולד חלב עם שברי א,,,שוקולד חלב עם שברי א,גרמים,300.00,100 גרם,false,,17.90,0.0597,true,1,282392
8023788030658,false,עוגיות מלוחות בטעם ט,,,עוגיות מלוחות בטעם ט,גרמים,400.00,100 גרם,false,,12.90,0.0323,true,1,305650
8023788030665,false,עוגיות מלוחות בטעם ב,,,עוגיות מלוחות בטעם ב,גרמים,400.00,100 גרם,false,,12.90,0.0323,true,1,305651
8023788030672,false,עוגיות מלוחות בתוספת,,,עוגיות מלוחות בתוספת,גרמים,400.00,100 גרם,false,,12.90,0.0323,true,1,305652
8023788030689,false,עוגיות מלוחות בטעם ע,,,עוגיות מלוחות בטעם ע,גרמים,400.00,100 גרם,false,,12.90,0.0323,true,1,305996
8024985000116,false,מחית תפוח אוכמ 100% פרי 200 ג נטורה נובה,"נטורפוד בע""מ",IT,נטורה נובה - מחית תפ,גרמים,200.00,100 גרם,false,,9.90,0.0495,true,1,243291
8032880800243,false,מקלות אפויים עם ממרח+הפתעה,"הוסטה איטליה, ס.ר.ל.",IT,פיקניק הפתעה 50ג,גרמים,50.00,100 גרם,false,,6.70,0.1340,true,1,12919
8076800105056,false,"ברילה ספגטי 1 ק""ג קופסה",,IT,פסטה ספגטי בקופסה בר,קילוגרמים,1.00,"ק""ג",false,,12.90,12.9000,true,1,281623
8076800105735,false,"ברילה פנה ריגטה 1 ק""ג קופסה",,IT,פנה ריגטה בקופסה ברי,קילוגרמים,1.00,"ק""ג",false,,12.90,12.9000,true,1,281635
8076800105988,false,"ברילה פוזילי 1 ק""ג קופסה",,IT,פוזלי בקופסה ברילה 1,קילוגרמים,1.00,"ק""ג",false,,12.90,12.9000,true,1,281647
8076800195019,false,ברילה - צ.א ספגטי מס1 קפליני 500 גרם,ברילה גי.אי.אר פרטלי,IT,ספגטי קפליני מס' 1 ב,גרמים,500.00,100 גרם,false,,6.90,0.0138,true,1,21909
8076800195033,false,ברילה - צ.א ספגטיני מס3 חדש 500 גרם,ברילה גי.אי.אר פרטלי,IT,ספגטי מס' 3 ברילה 50,גרמים,500.00,100 גרם,false,,6.90,0.0138,true,1,21910
8076800195057,false,ברילה - צ.א ספגטי מס5 חדש 500 גרם,ברילה גי.אי.אר פרטלי,IT,ספגטיני מס' 5 ברילה,גרמים,500.00,100 גרם,false,,6.90,0.0138,true,1,21911
8076802085738,false,ברילה - צ.ק פנה רגטה חדש 500 גרם,ברילה גי.אי.אר פרטלי,IT,פנה רגטה מס' 73 בריל,גרמים,500.00,100 גרם,false,,6.90,0.0138,true,1,21916
8076808060654,false,ברילה - צ.ק פרפלה חדש 500 גרם,ברילה גי.אי.אר פרטלי,IT,פסטה פרפלה 65 ברילה,גרמים,500.00,100 גרם,false,,6.90,0.0138,true,1,21921
8076808070882,false,פסטה ברילה קנלוני מס'88 250ג',פאסטיפיקו ריגו אס.אר,IT,קנלוני ברילה 250 גרם,גרמים,250.00,100 גרם,false,,14.90,0.0596,true,1,21922
8076808150072,false,ברילה - צ.א ספגטוני מס7 חדש 500 גרם,ברילה גי.אי.אר פרטלי,IT,ספגטי מס' 7 ברילה 50,גרמים,500.00,100 גרם,false,,6.90,0.0138,true,1,21923
8076809512268,false,ברילה - צ.ק גירנדולה חדש 500 גרם,ברילה גי.אי.אר פרטלי,IT,פסטה גירנדולה מס' 34,גרמים,500.00,100 גרם,false,,6.90,0.0138,true,1,21925
8076809513388,false,ברילה - רוטב ארביאטה 400 גרם,ברילה גי.אי.אר פרטלי,IT,ברילה רוטב ארביאטה 4,גרמים,400.00,100 גרם,false,,14.90,0.0373,true,1,21926
8076809513395,false,רוטב פסטה ברילה פורמודרו 400ג',ברילה גי.אי.אר פרטלי,IT,ברילה רוטב פורמודרו,גרמים,400.00,100 גרם,false,,14.90,0.0373,true,1,21927
8076809513654,false,בסיס רוטב עגבניות לבולונז 400 גרם ברילה,ברילה גי.אי.אר פרטלי,IT,ברילה רוטב עגבניות ל,גרמים,400.00,100 גרם,false,,14.90,0.0373,true,1,21929
8076809513692,false,רוטב עגבניות נפולטנה בתוספת ירקות,ברילה גי.אי.אר פרטלי,IT,ברילה רוטב נפוליטנה,גרמים,400.00,100 גרם,false,,14.90,0.0373,true,1,21930
8076809523561,false,רוטב עגבניות עם עשבי תיבול 400 ג' ברילה,ברילה גי.אי.אר פרטלי,IT,ברילה רוטב פסטה טוסק,גרמים,400.00,100 גרם,false,,14.90,0.0373,true,1,21937
8410076600622,false,חטיף נייטשר וואלי חטיף שבבי שוקולד מריר 42X5ג',ג'נרל מילס סאן אדריא,ES,חטיף קראנצי שבבי שוק,גרמים,210.00,100 גרם,false,,19.50,0.0929,true,1,12924
8410076610379,false,נייטשר ואלי פרוטאין בוטנים ושבבי שוקולד 160 ג',סריילטו ספיין פודס,ES,פרוטאין בוטנים ושבבי,גרמים,160.00,100 גרם,false,,22.90,0.1431,true,1,12931
8410076621009,false,חטיף פייבר 1 קרמל מלוח 30% פחות סוכר 120 גר',"גלאטס סירו בע""מ",ES,חטיף פייבר 1 בטעם קר,גרמים,120.00,100 גרם,false,,14.90,0.1242,true,1,104036
8410076621047,false,פייבר וואן - שוקולד בראוניז פאדג' 5 * 24 גרם,"גלאטס סירו בע""מ",ES,חטיף פייבר 1 בטעם שו,גרמים,120.00,100 גרם,false,,14.90,0.1242,true,1,104037
8410104039134,false,"פיניש מנקה ומחדש מדיח 250מ""ל",הדקלאים אגודת שיתופי,PL,פיניש מנקה ומחדש מדי,מיליליטרים,250.00,"100 מ""ל",false,,14.90,0.0596,true,1,21108
8410104045111,false,"פיניש מלח למדיח כלים 2ק""ג",פ.פ.ח. שאביט,IL,"פיניש מלח למדיח 2 ק""",קילוגרמים,2.00,"ק""ג",false,,14.90,7.4500,true,1,21110
8410128768324,false,משקה ויוה סוי שקדים קרטונים 1 ל',,ES,ויוה סוי שקדים קרטונ,ליטרים,1.00,ליטר,false,,11.90,11.9000,true,1,57366
8410182420114,false,בצלצלי פנינה בחומץ 370 גר,דליסיאס,,בצלצלי פנינה בחומץ ד,גרמים,370.00,100 גרם,false,,11.90,0.0322,true,1,47925
8410342004789,false,טוראס-שוקולד מריר 72% ללא סוכר 100 גרם,,,שוקולד מריר 72% ללא,גרמים,100.00,100 גרם,false,,14.90,0.1490,true,1,275151
8410376006070,false,בסקוויט גולון מריה 800 ג',,,גולון ביסקויט מריה 8,גרמים,800.00,100 גרם,false,,11.90,0.0149,true,1,258960
8423207206488,false,חטיף דגנים מלאים מצופה שוקולד חלב 120 גר,אף.סי תבליני בגליל ב,ES,סלים דליס חטיף דגנים,גרמים,120.00,100 גרם,false,,10.90,0.0908,true,1,21961
8423207208680,false,מרבה חטיפי סלים דליס לילדים שוקולד חלב,ביסנצ'ורי אס.אל.יו,ES,סלים דליס קידס בציפו,גרמים,121.00,100 גרם,false,,10.90,0.0901,true,1,21969
8423207208697,false,מרבה סלים דליס לילדים עם שוקולד לבן חדש,ביסנצ'ורי אס.אל.יו,ES,סלים דליס קידס עוגיו,גרמים,120.00,100 גרם,false,,10.90,0.0908,true,1,21970
8423207208703,false,מרבה חטיפי סלים דליס לילדים שוקולד מריר,ביסנצ'ורי אס.אל.יו,ES,סלים דליס אקסטרא חטי,גרמים,120.00,100 גרם,false,,10.90,0.0908,true,1,21971
8423207208888,false,פריכיות תירס בטעם עגבניות ועשבי תיבול סלים דליס 123 ג',,,פריכיות תירס בטעם עג,גרמים,123.00,100 גרם,false,,8.90,0.0724,true,1,3706
8423207210928,false,"סלים דליס טופינג אגוזי לוז, 90 גרם",ביסנצ'ורי אס.אל.יו,ES,סלים דליס טופינג בטע,גרמים,90.00,100 גרם,false,,10.90,0.1211,true,1,79692
8423207210966,false,סלים דליס טופינג קוקוס ולימון 90 גרם,אף.סי תבליני בגליל ב,ES,סלים דליס טופינג קוק,גרמים,90.00,100 גרם,false,,10.90,0.1211,true,1,79694
8424842050016,false,חטיף צ'יפס בטעם כמהי,,,חטיף צ'יפס בטעם כמהי,גרמים,130.00,100 גרם,false,,12.90,0.0992,true,1,220917
8424842050030,false,חטיף צ'יפס עם שמן זי,,,חטיף צ'יפס עם שמן זי,גרמים,125.00,100 גרם,false,,12.90,0.1032,true,1,220918
8431876293272,false,קרפור - חלב סויה ללא,,,קרפור - חלב סויה ללא,ליטרים,1.00,ליטר,false,,6.90,6.9000,true,1,331649
8437000906209,false,"טורטיה ספרדי קמח 25 ס""מ 325 גרם",,,8 טורטיות חיטה תומר,גרמים,325.00,100 גרם,false,,6.90,0.0212,true,1,25251
8485818700014,false,משקפיים,,,משקפיים,יחידה,0.00,יחידה,false,,19.90,0.0000,true,1,31560
8606018615865,false,פיינט מילקה קרמל ליבת שוקולד 480 גרם,נסטלה,IL,פיינט מילקה קרמל ליב,מיליליטרים,300.00,"100 מ""ל",false,,13.90,0.0463,true,1,317489
8682655100513,false,מארז 3 קופסאות פלסטי,,,מארז 3 קופסאות פלסטי,יחידה,0.00,יחידה,false,,19.90,0.0000,true,1,189532
8683130025574,false,"מרכך כביסה אקסטרה לבנדר 960 מ""ל בדין",,TR,בדין אקסטרא לבנדר-96,מיליליטרים,960.00,"100 מ""ל",false,,15.90,0.0166,true,1,255478
8683323063024,false,יוגטה שטיחים תותי פרוטי 220 גרם,מוטקה החולב,TR,יוגטה חיספוסים שטיחי,גרמים,220.00,100 גרם,false,,6.90,0.0314,true,1,42146
8686868600075,false,המותג אביזרי שיער,,,המותג אביזרי שיער,יחידה,0.00,יחידה,false,,9.90,0.0000,true,1,31060
8686868600105,false,המותג אביזרי שיער,,,המותג אביזרי שיער,יחידה,0.00,יחידה,false,,12.90,0.0000,true,1,31062
8686868600129,false,המותג אביזרי שיער,,,המותג אביזרי שיער,יחידה,0.00,יחידה,false,,14.90,0.0000,true,1,31064
8690526009353,false,אי טי אי - מיני חטיף בוטנים נוגט קרמל מצופה שוקולד חלב 140 גרם,,TR,מיני חטיף בוטנים נוג,גרמים,140.00,100 גרם,false,,9.90,0.0707,true,1,98966
8690526019178,false,אי טי אי - וופל קקאו במילוי קרם קוקוס 142 גרם,מולינו ניקולי s.p.a,TR,וופל קקאו במילוי קרם,יחידה,0.00,יחידה,false,,7.90,0.0000,true,1,67839
8690526019185,false,אי טי אי - וופל במילוי קרם שוקולד חלב 142 גרם,מולינו ניקולי s.p.a,TR,וופל קקאו במילוי קרם,יחידה,0.00,יחידה,false,,7.90,0.0000,true,1,67840
8690531032377,false,פלפלים קטנים חריפים במי מלח 340 גרם,,,פלפל שיפקונית במי מל,גרמים,340.00,100 גרם,false,,10.00,0.0294,true,1,16064
8690637503856,false,ממרח הלמנס לחיץ מופחת שומן 355 גרם,,TR,ממרח הלמנ'ס בקבוק לח,גרמים,355.00,100 גרם,false,,13.90,0.0392,true,1,301796
8690637505607,false,בדין אקסטרה מרכך כביסה בניחוח פינוק כחול,יוניליוור סנאיי וי ט,TR,מרכך כביסה אקסטרה כח,מיליליטרים,960.00,"100 מ""ל",false,,15.90,0.0166,true,1,160901
8690637858758,false,גל לנ.כללי סיף אקונומיקה בנ.אורנים 750 מ,,IL,סיף ג'ל אקונומיקה או,מיליליטרים,750.00,"100 מ""ל",false,,12.90,0.0172,true,1,10961
8690637946301,false,"בדין - מרכך כביסה אקסטרא בייביי כחול 960 מ""ל",יוניליוור סנאיי וי ט,TR,בדין אקסטרה בייבי כ,מיליליטרים,960.00,"100 מ""ל",false,,15.90,0.0166,true,1,54224
8690766156374,false,שוקולד גודייבה מריר 72% מוצרי קקאו 90 גר,"אולקר מקבוצת פלאדיס,",TR,גודייבה שוקולד מריר,גרמים,90.00,100 גרם,false,,14.90,0.1656,true,1,72058
8690766156381,false,גודייבה שוקולד מריר 90% מוצקי קקאו 90 גרם,"אולקר מקבוצת פלאדיס,",TR,גודייבה ש.מריר מעולה,גרמים,90.00,100 גרם,false,,14.90,0.1656,true,1,68234
8690777204071,false,פלפל חריף סרה 640 גר,יוליניבר,TR,פלפל חריף סרה 640 גר,גרמים,640.00,100 גרם,false,,10.90,0.0170,true,1,3298
8690777206051,false,חצילים קלויים על האש סארה 650 גר',קוראהן פזלרמה וי דיס,TR,חציל קלוי על האש סרה,גרמים,650.00,100 גרם,false,,10.90,0.0168,true,1,3299
8690777221405,false,פלפל אדום קלויים על האש 650 גרם SERA,קוראהן פזלרמה וי דיס,TR,פלפל אדום קלוי על הא,גרמים,650.00,100 גרם,false,,10.90,0.0168,true,1,3301
8690784614665,false,דאק סבון ניקוי לאסלה בניחוח ים,המאפיה של הרמן,PL,דאק סבון ניקוי אסלה,גרמים,38.60,100 גרם,false,,8.90,0.2306,true,1,6121
8690946270074,false,פסטה ספגטי 500 גרם B,,,פסטה ספגטי 500 גרם B,גרמים,500.00,100 גרם,false,,3.90,0.0078,true,1,306789
8690946270111,false,פסטה פוזלי 500 גרם B,,,פסטה פוזלי 500 גרם B,גרמים,500.00,100 גרם,false,,3.90,0.0078,true,1,306790
8690946270241,false,פסטה קונכיות גדולות,,,פסטה קונכיות גדולות,גרמים,500.00,100 גרם,false,,3.90,0.0078,true,1,306791
8690946272207,false,פסטה פנה 500 גרם BAH,,,פסטה פנה 500 גרם BAH,גרמים,500.00,100 גרם,false,,3.90,0.0078,true,1,306792
8690946272320,false,פסטה מקרוני 500 גרם,,,פסטה מקרוני 500 גרם,גרמים,500.00,100 גרם,false,,3.90,0.0078,true,1,306793
8691058141238,false,ערמונים שלמים קלויים וקלופים 100 ג' Avel,,,AVEL ערמונים שלמים ק,גרמים,100.00,100 גרם,false,,4.90,0.0490,true,1,48966
8691900174056,false,קוטקס תחבושות אולטרה לילה 16 י',,,תחבושות קוטקס לילה,100 יח',16.00,100 יח',false,,16.90,1.0562,true,1,271656
8693323099107,false,מרשמלו יוגטה לבבות 150 גרם,,,יוגטה מרשמלו לבבות 1,גרמים,150.00,100 גרם,false,,6.90,0.0460,true,1,42184
8693357101555,false,סט 6 כוס מים זכוכית,,,סט 6 כוס מים זכוכית,יחידה,0.00,יחידה,false,,19.90,0.0000,true,1,45694
8693357192942,false,סט 2 תבניות אובלי בו,,,סט 2 תבניות אובלי בו,יחידה,0.00,יחידה,false,,199.90,0.0000,true,1,45729
8693495051002,false,מברשת שיניים לילדים מיניונים קולגייט 6+,,,קולגייט מברשת ילדים,יחידה,0.00,יחידה,false,,9.90,0.0000,true,1,21988
8697530910743,false,סיגריות פאל מאל כחול קצר מטאליק,BAT,,פאל מאל בלו,יחידה,0.00,יחידה,false,,29.00,0.0000,false,1,4191
8697530910750,false,סיגריות פאל מאל כחול ארוך האוס,BAT,,פאל מאל בלו ארוך,יחידה,0.00,יחידה,false,,29.00,0.0000,false,1,4192
8697530910781,false,סיגריות פאל מאל אדום מטאליק,BAT,,פאל מאל רד,יחידה,0.00,יחידה,false,,29.00,0.0000,false,1,4195
8697530910941,false,פאל מאל כחול קצר האוס עשירייה,BAT,,פאל מאל בלו פאקט 10*,יחידה,0.00,יחידה,false,,280.00,0.0000,false,1,4197
8697826469092,false,טורטיה קטנה 12 יחידות 540 גרם,מוטלוקל,TR,טורטיה 540 גרם tort,גרמים,540.00,100 גרם,false,,8.90,0.0165,true,1,4959
8697975032505,false,"בקבוק ספורט 630 מ""ל",,,"בקבוק ספורט 630 מ""ל",יחידה,0.00,יחידה,false,,24.90,0.0000,true,1,269484
8698996000207,false,מגבות נייר 1/6,,,מגבות נייר 1/6,מטרים,0.00,מטר,false,,10.90,0.0000,true,1,308987
8710502064814,false,עוגיות מרבה שוקולד ציפס במרקם רך 175 גר,בנקטבקריי מרבה בי.וי,NL,מרבה עוגיות שוקוציפס,גרמים,175.00,100 גרם,false,,9.90,0.0566,true,1,21997
8710502279010,false,מרבה עוגיות שוקולד צ'יפס מצופות שוקולד 175 ג',"מרבה בע""מ",NL,מרבה עוגיות שוקולד צ,גרמים,175.00,100 גרם,false,,9.90,0.0566,true,1,116866
8710502285509,false,עוגיות לימון ושוקולד צ'יפס במרקם רך 175 ג' מרבה,בנקטבקריי מרבה בי.וי,NL,מרבה עוגיה רכה לימון,גרמים,175.00,100 גרם,false,,9.90,0.0566,true,1,222850
8710502470028,false,עוגיות מרבה נוגטלי שוקוצ'יפס 160ג',קריניציה ויטמינה אס,NL,מרבה עוגיות נוגטלי 1,גרמים,160.00,100 גרם,false,,9.90,0.0619,true,1,22006
8710732229908,false,מצת CRICKET גריל קצר,,,מצת CRICKET גריל קצר,יחידה,0.00,יחידה,false,,13.50,0.0000,false,1,92240
8710732234643,false,3 סכיני גילוח לגבר C,,,3 סכיני גילוח לגבר C,יחידה,0.00,יחידה,false,,13.00,0.0000,true,1,92204
8710732234650,false,3 סכיני גילוח לאישה,,,3 סכיני גילוח לאישה,יחידה,0.00,יחידה,false,,13.00,0.0000,true,1,92205
8711000371183,false,קפסולות קפה אספרסו אינטנסו 10*52 ג' ג'ייקובס,קריניציה ויטמינה אס,FR,ג'ייקובס קפסולות קפה,גרמים,52.00,100 גרם,false,,15.90,0.3058,true,1,5189
8712000051099,false,"שישיית בירה היינקן 0.0% אלכוהול 330 מ""ל",פארייפאבה אגרואינדוס,NL,הייניקן בירה 0% בק',ליטרים,1.98,ליטר,false,,33.90,17.1212,true,1,9586
8712400802512,false,נוטרילון מבית נוטרישה 2 800 גר,פרוטרופיק סיה.,NL,נוטרילון שלב 2- 800,גרמים,800.00,100 גרם,false,,64.90,0.0811,true,1,5214
8712561594608,false,"דאב תחליב רחיצה להזנה עמוקה 750 מ""ל","יוניליוור גרמניה, Gm",DE,תחליב רחצה להזנה עמו,מיליליטרים,750.00,"100 מ""ל",false,,16.90,0.0225,true,1,11066
8712561609647,false,"דאב - תחליב רחצה חמאת שיאה 500 מ""ל",,DE,דאב תחליב רחצה חמאת,מיליליטרים,500.00,"100 מ""ל",false,,17.90,0.0358,true,1,299357
8714599410530,false,גייקובס קרונינג שקית רפיל 200 גרם,,,גייקובס קפה נמס 200ג,גרמים,200.00,100 גרם,false,,19.90,0.0995,true,1,5196
8714599412336,false,קפה נמס בריסטה אמריקנו קלוי וטחון 160 ג' ג'ייקובס,ג'ייקובס דאו אגברטס,RU,ג'ייקובס בריסטה אמרי,גרמים,160.00,100 גרם,false,,26.90,0.1681,true,1,192704
8714599513781,false,קפה נמס גולד מיובש בהקפאה 200 ג' ג'ייקובס,אל.אל. סי ג''יקובס ד,RU,קפה ג'יקובס גולד 200,גרמים,200.00,100 גרם,false,,26.90,0.1345,true,1,5200
8714599513866,false,"ג'ייקובס קרוננג מיובש בהקפאה כשל""פ 200 ג'",אל.אל.סי גייקובס דאו,DE,קפה ג'יקובס קרונונג,גרמים,200.00,100 גרם,false,,26.90,0.1345,true,1,5203
8714789177229,false,קולגייט מברשת שיניים אקסטרא קלין רביעייה,הנסיך- מפעל לייצור ט,CN,מב.שיניים אקסטרא קלי,יחידה,0.00,יחידה,false,,9.90,0.0000,true,1,22012
8714789402932,false,אגקס חגיגת פרחים 1.5 ל ורוד ורדי בוקר,הנסיך- מפעל לייצור ט,GR,אג'קס חגיגת הפרחים ו,ליטרים,1.50,ליטר,false,,19.90,13.2667,true,1,22022
8714789402970,false,אגקס חגיגת פרחים 1.5 ל ירוק בניחוח אביב,הנסיך- מפעל לייצור ט,GR,אג'קס חגיגת הפרחים י,ליטרים,1.50,ליטר,false,,19.90,13.2667,true,1,22023
8714789450315,false,פלמוליב נוזל כלים לימון 1.5 ליטר,הנסיך- מפעל לייצור ט,GR,פלמוליב שקוף לימון 1,ליטרים,1.50,ליטר,false,,15.90,10.6000,true,1,22025
8714789834467,false,פלמוליב נוזל כלים 1.5 ליטר,,,פלמוליב נוזל כלים 1.,ליטרים,1.50,ליטר,false,,15.90,10.6000,true,1,22043
8715700419732,false,מתבל עגבניות היינץ 7,ה.י. היינץ,NL,היינץ קטשופ 700 גרם,גרמים,700.00,100 גרם,false,,9.90,0.0141,true,1,5416
8715700423906,false,קטשופ מתובל עגבניות 50% פחות סוכר 555ג' היינץ,היינץ צפון אמריקה מק,NL,מתבל עגבניות היינץ 2,גרמים,555.00,100 גרם,false,,10.90,0.0196,true,1,5424
8717163655825,false,"רקסונה דאו' ספריי לנשים בניחוח כותנה, 150 מ""ל",,GB,רקסונה ספריי כותנה 1,מיליליטרים,150.00,"100 מ""ל",false,,13.90,0.0927,true,1,69086
8717163658314,false,"דאב - תחליב רחצה מיסלרי לעור רגיש 500 מ""ל",,DE,דאב תחליב רחצה מיסלר,מיליליטרים,500.00,"100 מ""ל",false,,17.90,0.0358,true,1,11112
8717163714850,false,"דאב - דאודורנט ספריי לאישה קוקוס ויסמין 150 מ""ל",,GB,דאו' ספריי אוריגינל,מיליליטרים,150.00,"100 מ""ל",false,,14.90,0.0993,true,1,198499
8718114734484,false,מיונז מיילי 320 גרם,,,מיונז מיילי 320 גרם,גרמים,320.00,100 גרם,false,,13.90,0.0434,true,1,17252
8718951159808,false,מברשת שיניים קולגייט 360 שלישייה,,,מארז שלישייה מברשת 3,יחידה,0.00,יחידה,false,,30.90,0.0000,true,1,22074
8718951160897,false,ספריי אקונומיקה עוצמת ה7 טריגר אגקס 500מ,קולגייט פלמוליב,GR,אגקס עוצמת ה 7 טריגר,מיליליטרים,500.00,"100 מ""ל",false,,13.90,0.0278,true,1,22075
8718951175600,false,"משחת שיניים קולגייט אוטאל קליין מינט 75 מ""ל",,,קולגייט משחת שיניים,מיליליטרים,75.00,"100 מ""ל",false,,12.90,0.1720,true,1,99408
8718951176874,false,"קולגייט מי פה מיניון 250 מ""ל",קולגייט-פלמוליב,PL,שטיפת פה מיניונים בט,מיליליטרים,250.00,"100 מ""ל",false,,14.90,0.0596,true,1,162100
8718951236806,false,"קולגייט טוטאל הלבנה להסרת כתמים מהשן 100 מ""ל",Colgate (Euro)-Palmo,PL,מש.שיניים להלבנה קול,מיליליטרים,100.00,"100 מ""ל",false,,16.90,0.1690,true,1,22094
8718951240742,false,"קולגייט טוטאל משחת שיניים פסים מרעננים 100 מ""ל",Colgate (Euro)-Palmo,PL,מש.שיניים פסים מרעננ,גרמים,128.00,100 גרם,false,,16.90,0.1320,true,1,22096
8718951259409,false,פלמוליב תחליב רחצה נטורס לעור עדין,,IT,תחליב רחצה פלמוליב נ,מיליליטרים,750.00,"100 מ""ל",false,,19.90,0.0265,true,1,312224
8718951259430,false,פלמוליב נטורלס חלב פרוטאין 1 ל',,,תחליב רחצה פלמוליב נ,ליטרים,1.00,ליטר,false,,18.90,18.9000,true,1,158597
8718951264618,false,"קולגייט אופטיק וייט פחם צ'רקול משחת שיניים, 75 מ""ל",קולגייט-פלמוליב,PL,קולגייט אופטיק וייט,מיליליטרים,75.00,"100 מ""ל",false,,27.90,0.3720,true,1,60905
8718951286733,false,מ שיניים קולגייט אופטיק וייט לסטינג 75מל,,,קולגייט אופטיק וייט,מיליליטרים,75.00,"100 מ""ל",false,,27.90,0.3720,true,1,180455
8718951313927,false,"פלמוליב סבון לידיים בחימר טונוס, 300 מ""ל",CP UK,TR,סבון ידיים חימר טונו,מיליליטרים,300.00,"100 מ""ל",false,,9.90,0.0330,true,1,95668
8718951315303,false,"קולגייט - משחת שיניים אדומה ביטיוב 100 מ""ל",קולגייט-פלמוליב,PL,משחת שיניים קולגייט,מיליליטרים,200.00,"100 מ""ל",false,,19.90,0.0995,true,1,78275
8718951333048,false,"פלמוליב סבון לידיים למטבח, 300 מ""ל",הנסיך- מפעל לייצור ט,IT,סבון ידיים פלמוליב,מיליליטרים,300.00,"100 מ""ל",false,,9.90,0.0330,true,1,117646
8718951382718,false,"פלמוליב ג'ל רחצה חימר התחדשות 750 מ""ל",CP UK,TR,ג'ל רחצה חימר התחדשו,מיליליטרים,750.00,"100 מ""ל",false,,19.90,0.0265,true,1,94038
8718951400474,false,"תחליב רחצה קמליה ושקדים ללא משאבה750 מ""ל פלמולי",,,תחליב רחצה קמליה ושק,מיליליטרים,750.00,"100 מ""ל",false,,19.90,0.0265,true,1,271254
8718951409798,false,זוג מברשות שיניים מקס וויט פחם קולגייט,הנסיך- מפעל לייצור ט,CN,קולגייט מברשת שיניים,יחידה,0.00,יחידה,false,,24.90,0.0000,true,1,141518
8718951428492,false,"פלמוליב סבון רחצה לגבר 4ב1 מועשר בפחם 750 מ""ל",,,תחליב רחצה לגבר 4 ב-,מיליליטרים,750.00,"100 מ""ל",false,,19.90,0.0265,true,1,225625
8718951431614,false,"סבון רחצה סו פירם מינרלים 750 מ""ל פלמוליב",,IL,ג'ל רחצה פלמוליב So,מיליליטרים,750.00,"100 מ""ל",false,,19.90,0.0265,true,1,180480
8718951466371,false,"משחת שיניים מרידול 75 מ""ל",,PL,משחת שיניים מרידול 7,מיליליטרים,75.00,"100 מ""ל",false,,19.90,0.2653,true,1,282427
8718951498754,false,שישיית מברשות שיניים סופר פלקסי קולגייט,,,מברשת שיניים פלקסי פ,יחידה,0.00,יחידה,false,,17.90,0.0000,true,1,271779
8719200997998,false,מרגרינה למריחה בישול וטיגון 200 ג' בלו בנד,יוניליוור,IL,בלו בנד לבישול וטיגו,גרמים,200.00,100 גרם,false,,4.90,0.0245,true,1,11122
8719200998001,false,מרגרינה לאפיה ובישול בלי מלח 200 ג' בלו בנד,מיוצר עי קונדיטוריית,IL,בלו בנד ללא מלח 200,גרמים,200.00,100 גרם,false,,4.90,0.0245,true,1,11123
8719200998018,false,מחמאה מרגרינה בטעם חמאה 200 ג' בלו בנד,פארייפאבה אגרואינדוס,IL,מחמאה מרגרינה בטעם ח,גרמים,200.00,100 גרם,false,,4.90,0.0245,true,1,11124
8720100012445,false,וופל טוסט בלגי 6 יח 250 גרם בקרסלנד,דה בנקט גרופ,,וופל טוסט בלגי 250 ג,גרמים,250.00,100 גרם,false,,9.90,0.0396,true,1,18329
8720181046605,false,דאב - דאודורנט ספריי לאישה אורגינל כחול 150מל,יוניליוור,GB,דאו' ספריי אוריגינל,מיליליטרים,150.00,"100 מ""ל",false,,14.90,0.0993,true,1,102055
8720182253156,false,דאב אל סבון מוצק מלפפונים 90 גרם *4,,DE,סבון מוצק מלפפון ות,גרמים,400.00,100 גרם,false,,12.90,0.0323,true,1,271575
8720182253194,false,סבון מוצק דאב מלפפונים ותה ירוק שישיית,,DE,סבון מוצק מלפפונים ד,גרמים,540.00,100 גרם,false,,17.90,0.0331,true,1,274653
8720182256362,false,שישיית סבון מוצק דאב קלאסי 540 גר',,DE,סבון מוצק קלאסי דאב,גרמים,540.00,100 גרם,false,,17.90,0.0331,true,1,274654
8721200060107,false,סטרופ וופל 260 גר בקרסלנד,דה בנקט גרופ,,סטרופ וופל הולנדי 25,גרמים,250.00,100 גרם,false,,9.90,0.0396,true,1,18330
8723400756552,false,מנטוס ריינבו מארז 4 יח' * 37.5 ג',,,RAINBOW רביעית סוכרי,גרמים,150.00,100 גרם,false,,10.90,0.0727,true,1,12953
8801055707966,false,קפה טייסטר צו'יס נס קפה בריסטה 180ג',לוטה נסטלה קוריאה,,נס קפה טייסטרס צ'ויס,גרמים,180.00,100 גרם,false,,29.90,0.1661,true,1,19583
8801055709458,false,נסטלה - נסקפה קפוצינו קרמל 17 גרם * 10,,KR,נסקפה קפוצ'ינו קרמל,גרמים,170.00,100 גרם,false,,18.90,0.1112,true,1,267510
8801055709465,false,נסטלה - נסקפה קפוצינו וניל 18.50 גרם * 10,לוטה נסטלה קוריאה,DE,נסקפה קפוצ'ינו וניל,גרמים,185.00,100 גרם,false,,18.90,0.1022,true,1,233400
8801055709472,false,נסטלה - נסקפה קפוצ'ינו קלאסי 12.50 גרם * 10,לוטה נסטלה קוריאה,DE,נסקפה קפוצ'ינו קלאסי,גרמים,185.00,100 גרם,false,,18.90,0.1022,true,1,233401
8801055709489,false,נסטלה - נסקפה קפוצינו אגוזים 18 גרם * 10,,KR,נסקפה קפוצ'ינו אגוזי,גרמים,185.00,100 גרם,false,,18.90,0.1022,true,1,233402
8803733181525,false,"קופסא 850 מ""ל 815M",,,"קופסא 850 מ""ל 815M",יחידה,0.00,יחידה,false,,36.90,0.0000,true,1,43155
8809168840471,false,חטיף אצות מיובשות 9,,,חטיף אצות מיובשות 9,גרמים,4.50,100 גרם,false,,24.90,5.5333,true,1,245313
8850206250592,false,רוטב צ`ילי סיראצ`ה 540 גרם,יאן וואל יון קו.לטד,TH,רוטב צ'ילי סיראצ'ה מ,גרמים,540.00,100 גרם,false,,19.90,0.0369,true,1,245300
8850206280049,false,רוטב צילי חריף מיו 250 גרם,,TH,רוטב צ'ילי חריף צ'יל,גרמים,250.00,100 גרם,false,,16.90,0.0676,true,1,291186
8850367992164,false,קרם קוקוס 250 מל 20-22% ללא חומר משמר,,,קרם קוקוס ללא גלוטן,גרמים,250.00,100 גרם,false,,7.90,0.0316,true,1,47606
8850367994021,false,"רוטב צילי מתוק ללא סוכר לל""ג 280 מ""ל",Theppadungporn cocon,TH,רוטב צ'ילי מתוק ללא,מיליליטרים,280.00,"100 מ""ל",false,,10.90,0.0389,true,1,291209
8850389103111,false,"משקה קל סאפה בטעם ענבים 300 מ""ל",סאפה פובליק קומפני ל,TH,סאפה משקה אלוורה ענב,מיליליטרים,300.00,"100 מ""ל",false,,6.40,0.0213,true,1,39454
8850389105825,false,סאפה אלוורה ענבים 1 ליטר,סאפה פובליק קומפני ל,TH,סאפה משקה אלוורה ענב,ליטרים,1.00,ליטר,false,,13.50,13.5000,true,1,39458
8850389105832,false,סאפה אלוורה תפוחים 1 ליטר,סאפה פובליק קומפני ל,TH,סאפה משקה אלוורה תפו,ליטרים,1.00,ליטר,false,,13.50,13.5000,true,1,39459
8850389105849,false,סאפה אלוורה אפרסק 1 ליטר,סאפה פובליק קומפני ל,TH,סאפה משקה אלוורה אפר,ליטרים,1.00,ליטר,false,,13.50,13.5000,true,1,39460
8850389115336,false,סאפה מלון בקבוק תריסר 1ל',סאפה פובליק קומפני ל,TH,סאפה משקה מלון 1ל,ליטרים,1.00,ליטר,false,,13.50,13.5000,true,1,39466
8850632604259,false,מקלות חספוסים יוגטה טעם תות שדה 50 גר,ג'נרל קנדי בעמ,TH,יוגטה חיספוסים מקלות,גרמים,50.00,100 גרם,false,,3.90,0.0780,true,1,42194
8850632604266,false,מקלות חספוסים יוגטה טעם קולה 50 גר,ג'נרל קנדי בעמ,TH,יוגטה חיספוסים מקלות,גרמים,50.00,100 גרם,false,,3.90,0.0780,true,1,42195
8850632604372,false,יוגטה חמצוצים שטיח בטעם תות שדה 50גר,ג'נרל קנדי בעמ,TH,יוגטה ממתק תות שדה ב,גרמים,50.00,100 גרם,false,,3.90,0.0780,true,1,42196
8850632604402,false,חספוסים יוגוטה שטיח חמוץ מעורב 50 ג',"ג'נרל קנדי בע""מ",TH,יוגטה ממתק תות ענבים,גרמים,50.00,100 גרם,false,,3.90,0.0780,true,1,42197
8851613101378,false,"נוזל קוקוס ארוי די 250 מ""ל",כלורוקס אוקלנד,TH,משקה קוקוס ארוי-די,מיליליטרים,250.00,"100 מ""ל",false,,9.90,0.0396,true,1,3745
8858271002887,false,"רוטב טרייאקי 250 מ""ל מקסצאפ",Yan Wal Yun Corpora,TH,רוטב טריאקי MAXCHUP,מיליליטרים,250.00,"100 מ""ל",false,,10.90,0.0436,true,1,47620
8858271004126,false,רוטב חמוץ מתוק 700 גרם מקסצאפ,,,רוטב חמוץ מתוק MAXCH,מיליליטרים,700.00,"100 מ""ל",false,,14.90,0.0213,true,1,47629
8858271004799,false,"רוטב צילי מתוק אל פורפסיס 700 מ""ל",Yan Wal Yun Corpora,TH,רוטב צ'ילי מתוק מזרח,מיליליטרים,700.00,"100 מ""ל",false,,12.90,0.0184,true,1,47632
8858271005772,false,"רוטב סויה ללא גלוטן 300 מ""ל",,,רוטב סויה ללא גלוטן,מיליליטרים,300.00,"100 מ""ל",false,,16.90,0.0563,true,1,245287
8888021200256,false,סוללות אנרג'יזר MAX AA שמינייה,יצרן: אנרג'ייזר סינג,SG,AAאנרג'ייזר סוללות מ,יחידה,0.00,יחידה,false,,24.90,0.0000,true,1,6140
8888021200720,false,סוללות אנרג'יזר MAX AAA שמינייה,יצרן: אנרג'ייזר סינג,SG,AAAאנרג'ייזר סוללות,יחידה,0.00,יחידה,false,,24.90,0.0000,true,1,6141
8901314525055,false,רביעיית מברשת שיניים,,,רביעיית מברשת שיניים,יחידה,0.00,יחידה,false,,14.90,0.0000,true,1,231506
8901537024014,false,"אורז בסמטי מובחר דאווט 1 ק""ג",הנסיך- מפעל לייצור ט,IN,וילי פוד אורז בסמטי,גרמים,1000.00,100 גרם,false,,12.90,0.0129,true,1,3315
8934878081811,false,"דפי אורז ל0 גלוטן 400 גרם 22 ס""מ",Chanh Khang Company,CN,דפים על בסיס קמח טפי,גרמים,400.00,100 גרם,false,,11.90,0.0298,true,1,47636
8970907354532,false,משחק דגים + חכות,,,משחק דגים + חכות,יחידה,0.00,יחידה,false,,39.90,0.0000,true,1,215073
9000101515596,false,קפסולות ג'ל מרוכזות לכביסה צבעונית 56 יח' פרסיל,,RS,פרסיל פאוור קאפס קפס,יחידה,0.00,יחידה,false,,58.90,0.0000,true,1,173096
9001616202360,false,זוג מוצצי סיליקון לילה 6+,,,זוג מוצצים סיליקון 6,יח',2.00,יח',false,,34.90,17.4500,true,1,1091
9002859058172,false,בונבוניירה בננה ציפוי שוקולד מריר 300 גר,,AT,בננה ציפוי שוקולד מר,גרמים,300.00,100 גרם,false,,14.90,0.0497,true,1,278695
9002859075674,false,גונץ - אפרוחי שוקולד ברשת 100 גרם,,,אפרוחי שוקולד ברשת 1,גרמים,100.00,100 גרם,false,,9.90,0.0990,true,1,278535
9002859105753,false,גונץ-ארנבי שוקולד חלב ברשת 100 גר,,,ארנבי שוקולד חלב ברש,גרמים,100.00,100 גרם,false,,9.90,0.0990,true,1,278454
9002975393843,false,סוכריות גילי הריבו גולדברס 70 גרם,"האריבו , ג'י.אם.בי.א",AT,סוכריות גומי בטעמי פ,גרמים,70.00,100 גרם,false,,6.90,0.0986,true,1,133976
9008700128575,false,נקטר פסיפלורה 1 ל' RAUCH,,,נקטר פסיפלורה 1 ליטר,ליטרים,1.00,ליטר,false,,11.20,11.2000,true,1,25270
9044400820180,false,סוכריות פז -סוכריות,,,סוכריות פז -סוכריות,גרמים,25.50,100 גרם,false,,9.90,0.3882,true,1,173897
9044400841000,false,סוכריות פז 3 מילויים,פז,HU,פז דמויות מתחלפות 25,גרמים,25.50,100 גרם,false,,10.90,0.4275,true,1,43117
9044400851672,false,סוכריות פז סוגים שונים + 3 מילויים,פז,HU,פז דמויות מתחלפות 25,גרמים,25.50,100 גרם,false,,10.90,0.4275,true,1,268007
9120025834723,false,חטיף אוראו מצונן 120 גרם,בובארד איטליה אס.פי.,IT,חטיף אוראו מצונן 120,גרמים,120.00,100 גרם,false,,14.90,0.1242,true,1,284172
9120025839896,false,חטיף מילקה מצונן 128 גרם,בובארד איטליה אס.פי.,IT,חטיף מילקה מצונן 128,גרמים,128.00,100 גרם,false,,14.90,0.1164,true,1,284714
9310072028743,false,טים טם אורגינל 200 גרם,"ארנוטס ביסקוויטס בע""",AU,טים טם אוריגינל 200,גרמים,200.00,100 גרם,false,,19.90,0.0995,true,1,13881
9771565025005,false,`מעריב סופהשבוע`,,,`מעריב סופהשבוע`,יחידה,0.00,יחידה,false,,20.00,0.0000,true,1,35807
9771565038326,false,ידיעות אחרונות יום ב,,,ידיעות אחרונות יום ב,יחידה,0.00,יחידה,false,,0.50,0.0000,true,1,9997
9771565038333,false,ידיעות אחרונות יום ג,,,ידיעות אחרונות יום ג,יחידה,0.00,יחידה,false,,0.50,0.0000,true,1,9998
9771565038340,false,ידיעות אחרונות יום ד,,,ידיעות אחרונות יום ד,יחידה,0.00,יחידה,false,,0.50,0.0000,true,1,9999
9771565038357,false,ידיעות אחרונות יום ה,,,ידיעות אחרונות יום ה,יחידה,0.00,יחידה,false,,0.50,0.0000,true,1,10000
9771565051066,false,ידיעות אחרונות יום ו,,,ידיעות אחרונות יום ו,יחידה,0.00,יחידה,false,,12.00,0.0000,true,1,10012
