code,internal_code,name,manufacturer_name,manufacture_country,manufacturer_item_description,unit_qty,quantity,unit_of_measure,weighted,qty_in_package,price,unit_of_measure_price,allow_discount,status,item_id
14791336,false,מי עדן 1 לי,Unknown,,מי עדן 1 לי,יח',1.00,יח',false,,2.90,2.9000,true,1,1447378
16006025,false,"שוופס סודה 500 מ""ל",יפאורה,,"שוופס סודה 500 מ""ל",מיליליטרים,500.00,"100 מ""ל",false,,2.90,0.0058,true,1,1447379
16006322,false,מי עדן 1ליטר בודד,Unknown,,מי עדן 1 לי,יח',1.00,יח',false,,2.90,2.9000,true,1,1447380
19038627,false,סודה מוגז רמילוי 250,,,סודה מוגז רמילוי 250,מטרים,250.00,100 מ'ל,false,,2.80,0.0112,true,1,1472715
32147230,false,"מיץ לימון משומר 200מ""ל(לימונית אקסטרא)",ג'נרל מילס סאן אדריא,CH,"מיץ לימון משומר 200מ""ל",מיליליטרים,200.00,"100 מ""ל",false,,6.40,0.0320,true,1,1457792
40084107,false,ביצת שוקולד הפתעה קינדר,פרדי קונדטוריה אס פי,IT,ביצת קינדר הפתעה,גרמים,20.00,100 גרם,false,,4.90,0.2450,true,1,1462419
40111216,false,באונטי חטיף קוקוס ושוקולד 57ג',"נארז ע""י : א.ג. גילר",NL,חטיף באונטי שוקולד ק,גרמים,57.00,100 גרם,false,,3.90,0.0684,true,1,1470531
42101666,false,"מסטיק בטעם מנטה ואקליפטוס איירווייבס 35 גרם לל""ס",ריגלי,GB,מסטיק איירוייבוז אקל,גרמים,35.00,100 גרם,false,,5.70,0.1629,true,1,1470532
42123866,false,מסטיק הובה בובה צ'אנק פירות קלאסי 35ג',הובה בובה Hubba Bubba,,הובה בובה בטעם פירות,גרמים,35.00,100 גרם,false,,3.00,0.0857,true,1,1470534
42299363,false,"ניוואה - דאודורנט רול און לגבר פרש פאוור 50 מ""ל",ביירסדורץ,DE,דאו רול און פרש לגבר,100 מל,50.00,100 מל,false,,12.90,0.2580,true,1,1468703
42306788,false,מסטיק בטעם אוכמניות ומנטה איירווייבס 35 גרם,ריגלי,GB,מסטיק אורביט מסטיק א,גרמים,35.00,100 גרם,false,,5.70,0.1629,true,1,1470543
54051140,false,מעדן סויה טעם וניל אלפרו רביעיה * 125 ג',הנסיך- מפעל לייצור ט,BE,מעדן סויה בטעם וניל,גרמים,500.00,100 גרם,false,,15.90,0.0318,true,1,1445432
54051157,false,מעדן סויה טעם שוקו אלפרו רביעיה 125 ג',קריות זול,BE,מעדן סויה בטעם שוקו,גרמים,500.00,100 גרם,false,,15.90,0.0318,true,1,1445433
59082637,false,"רקסונה - דאודורנט רולאון לגבר אקסטרא קול 50 מ""ל",יוניליוור פיליפינים,GB,רקסונה רול און לגבר,מטרים,50.00,100 מ'ל,false,,9.90,0.1980,true,1,1447670
72940754,false,"מילקי מעדן וניל עם קצפת שטראוס 133 מ""ל","שטראוס גרופ בע""\מ",IL,מילקי מעדן וניל עם ק,מיליליטרים,133.00,"100 מ""ל",false,,2.70,0.0203,true,1,1454465
72940761,false,"מילקי מעדן שוקולד עם קצפת שטראוס 133 מ""ל",מיוצר עי קונדיטוריית,IL,מילקי מעדן שוקולד עם,מיליליטרים,133.00,"100 מ""ל",false,,2.70,0.0203,true,1,1454466
72940952,false,מעדן מילקי בטעם שוקולד עם אקסטרה קצפת,"שטראוס גרופ בע""\מ",IL,מילקי מעדן פי 2 קצפת,מיליליטרים,107.00,"100 מ""ל",false,,3.50,0.0327,true,1,1454467
72940976,false,סלט כרוב אדום אחלה 250 גרם,מיוצר עי קונדיטוריית,IL,סלט כרוב אדום אחלה 2,גרמים,250.00,100 גרם,false,,7.40,0.0296,true,1,1454468
72940983,false,סלט חומוס 250 גר אחל,מיוצר עי קונדיטוריית,IL,חומוס אחלה 250 גרם,גרמים,250.00,100 גרם,false,,6.90,0.0276,true,1,1454469
72941041,false,מעדן מילקי מיני בטעם שוקולד עם קצפת,"שטראוס גרופ בע""\מ",IL,מילקי מעדן מיני שוקו,מטרים,70.00,100 מ'ל,false,,2.00,0.0286,true,1,1454470
72945308,false,קוביית שמרים טריים לאפיה שמרית 50 גרם,"פאקא תעשיות בע""\מ",IL,שמרים טריים לאפיה שמ,גרמים,50.00,100 גרם,false,,3.30,0.0660,true,1,1454471
72961209,false,"שמנת חמוצה 15% 200מל בד""צ תנובה",תנובה מרכז שיתופי לש,IL,שמנית 15% 200מל בדצ,מיליליטרים,200.00,"100 מ""ל",false,,2.40,0.0120,true,1,1443362
72961216,false,**אשד מהדרין 5% 200מל,תנובה מרכז שיתופי לש,IL,אשל מהדרין 200מל,מיליליטרים,200.00,"100 מ""ל",false,,1.60,0.0080,true,1,1443363
72961223,false,"גילה 3% תנובה 200 מ""ל",תנובה מרכז שיתופי לש,IL,גיל 3% 200מל בדצ,מיליליטרים,200.00,"100 מ""ל",false,,1.50,0.0075,true,1,1443364
72961506,false,יוגורט עם תות 1.5% שומן 125 ג' פרילי,מיוצר עי קונדיטוריית,IL,פרילי תות גביע 125 ג,מיליליטרים,125.00,"100 מ""ל",false,,3.30,0.0264,true,1,1443365
72961520,false,"פרילי יוגורט עם אננס 1.5% תנובה 125 מ""ל",מיוצר עי קונדיטוריית,IL,פרילי יוגורט עם אננס,מיליליטרים,125.00,"100 מ""ל",false,,3.30,0.0264,true,1,1443367
72961544,false,"באדי יוגורט בטעם תות שדה 3% תנובה 125 מ""ל",מחלבת אלון תבור,IL,באדי יוגורט בטעם תות,מיליליטרים,125.00,"100 מ""ל",false,,2.90,0.0232,true,1,1443368
72986233,false,באדי מעדן וניל גביע 1.5%שומן 125 גרם בדצ,מחלבת אלון תבור,IL,"באדי וניל בד""צ 125מל",מיליליטרים,125.00,"100 מ""ל",false,,2.90,0.0232,true,1,1443375
72986240,false,באדי מעדן חלב בטעם שוקולד תנובה 125 גרם,מחלבת אלון תבור,IL,"באדי שוקו בד""צ 125מל",מיליליטרים,125.00,"100 מ""ל",false,,2.80,0.0224,true,1,1443376
72986370,false,"גלידת בן & ג'ריס פיינטים וניל 500מ""ל",מוצרי איכות אמריקאיים,IL,גלידה בן &ג'ריס וני,מיליליטרים,500.00,"100 מ""ל",false,,18.90,0.0378,true,1,1451373
72986424,false,"גלידת בן & ג'ריס פיינטים קרם עוגיות 500מ""ל",מוצרי איכות אמריקאיים בע,IL,גלידה בן&ג'ריס קרם ע,מיליליטרים,500.00,"100 מ""ל",false,,18.90,0.0378,true,1,1451374
72986448,false,"גלידת בן & ג'ריס פיינטים טופי קראנץ 500מ""ל",מוצרי איכות אמריקאיים בע,IL,גלידה בן &ג'ריס טופ,מיליליטרים,500.00,"100 מ""ל",false,,18.90,0.0378,true,1,1451375
72986455,false,"גלידה בן& ג'ריס ניו יורק סופר פאדג' צ'אנק 500 מ""ל",מוצרי איכות אמריקאיים בע,IL,גלידה בן& ג'ריס ניו,מיליליטרים,500.00,"100 מ""ל",false,,18.90,0.0378,true,1,1451376
72986479,false,"גלידה שוקולד אגוז עם בננות בן וג'ירי 500 מ""ל",מוצרי איכות אמריקאיים בע,IL,גלידה בן& ג'ריס צ'א,מיליליטרים,500.00,"100 מ""ל",false,,18.90,0.0378,true,1,1451377
72989425,false,"גלידת בן & ג'ריס פיינטים שוקולד בראוניז 500מ""ל",מוצרי איכות אמריקאיים בע,IL,גלידה בן & ג'ריס שוק,מיליליטרים,500.00,"100 מ""ל",false,,18.90,0.0378,true,1,1451378
72991886,false,"גלידת דולצ'ה בטעם ריבת חלב עם פאדג' בן וג'ירי 500 מ""ל",מוצרי איכות אמריקאיים בע,IL,גלידה בן&ג'ריס דולצ,מיליליטרים,500.00,"100 מ""ל",false,,18.90,0.0378,true,1,1451379
72993637,false,מעדן חלב בטעם שוקולד 125 ג' דני,"שטראוס גרופ בע""\מ",IL,דני בטעם שוקולד 1.5%,מיליליטרים,125.00,"100 מ""ל",false,,2.50,0.0200,true,1,1454474
80042556,false,POLPA עגבניות חתוכות דק 400 גרם MUTTI,"איי, בי, אינבוו",IT,שימורי עגבניות חתוכו,גרמים,400.00,100 גרם,false,,5.90,0.0148,true,1,1471398
80050025,false,סוכריות טיק טק תפוז 16 גרם,פררו - אלבה,ZA,טיק טק תפוז 16 גרם,גרמים,16.00,100 גרם,false,,2.90,0.1812,true,1,1462420
80050124,false,סוכריות טיק טק מנטה 16 גרם,פררו - אלבה,ZA,טיק טק מנטה 16 גרם,גרמים,16.00,100 גרם,false,,2.90,0.1812,true,1,1462421
80052760,false,קינדר בואנו Kinder Bueno עם חלב ואגוזי לוז,פררו - אלבה,PL,שוקולד קינדר בואנו 4,גרמים,43.00,100 גרם,false,,3.40,0.0791,true,1,1462423
80052883,false,סוכריות מנטה חזק 16 ג' טיק טק,פררו,ZA,טיק טק מנטה חזק 16 ג,גרמים,16.00,100 גרם,false,,2.90,0.1812,true,1,1462424
80083696,false,גנדולה עוגיות דגנים ופירות אורגני 250,,IT,עוגיות אורגניות עם פ,גרמים,250.00,100 גרם,false,,14.50,0.0580,true,1,1441403
80136194,false,חטיפי הפי היפו Happy Hippo במילוי קרם חלבי ואגוזי לוז,קינדר Kinder,DE,הפי היפו אגוז 5*20ג,גרמים,100.00,100 גרם,false,,11.50,0.1150,true,1,1462425
80176800,false,נוטלה ממרח שוקולד 750 גרם,פררו תעשיות איטליה ס,IT,ממרח נוטלה 750 גרם,גרמים,750.00,100 גרם,false,,24.70,0.0329,true,1,1462427
80177173,false,ממרח שוקולד נוטלה 350 גרם,פררו - אלבה,IT,ממרח נוטלה 350 גרם,גרמים,350.00,100 גרם,false,,12.90,0.0369,true,1,1462428
80177609,false,אצבעות שוקולד קינדר Kinder ארבע יחידות,פררו - אלבה,IT,אצבעות קינדר שוקולד,גרמים,50.00,100 גרם,false,,3.40,0.0680,true,1,1462430
80177616,false,אצבעות שוקולד קינדר Kinder שמונה יחידות,פררו - אלבה,IT,אצבעות קינדר שוקולד,גרמים,100.00,100 גרם,false,,6.80,0.0680,true,1,1462431
80310167,false,קינדר שוקולד מקסי 126 גר,קינדר,DE,קינדר שוקולד מקסי 12,גרמים,126.00,100 גרם,false,,9.50,0.0754,true,1,1462432
80310891,false,ג'וי ביצת הפתעה קינדר 20 גרם,קריות זול,ZA,ג'וי ביצת הפתעה קינד,גרמים,20.00,100 גרם,false,,4.90,0.2450,true,1,1496689
80761761,false,קינדר בואנו לבן בודד 39 גרם,ליימן שליסל,PL,קינדר בואנו לבן בודד,גרמים,43.00,100 גרם,false,,3.40,0.0791,true,1,1462434
80768838,false,מסטיק מנטוס וויט ביג פירות ומנטה 105 ג',פרפטי ואן מלה,TR,מסטיק מנטוס וויט ביג,גרמים,105.00,100 גרם,false,,16.90,0.1610,true,1,1451708
80769545,false,מסטיק מנטוס פיור פרש בבקבוק בינוני בטעם לימון 60 ג',"פרפטי ואן מלה ג'ידה,סאן",TR,מסטיק מנטוס פיור פרש,גרמים,60.00,100 גרם,false,,8.80,0.1467,true,1,1451710
80773429,false,מנטוס בקבוק מעוגל - מסטיק ללא סוכר בטעם תות 60 גרם,"פרפטי ואן מלה ג'\ידה,סאן",TR,מסטיק מנטוס פיור פרש,גרמים,60.00,100 גרם,false,,8.80,0.1467,true,1,1451712
80773443,false,מנטוס בקבוק מעוגל - מסטיק ללא סוכר בטעם מנטה 60 גרם,"פרפטי ואן מלה ג'\ידה,סאן",TR,מסטיק מנטוס מעוגל 60,גרמים,60.00,100 גרם,false,,8.80,0.1467,true,1,1451713
80776307,false,מסטיק מנטוס ביג בבקבוק מעוגל טעם פירות מנטה 90 ג',פרפטי ואן מלה הולנד,TR,מסטיק מנטוס ביג מעוג,גרמים,90.00,100 גרם,false,,16.90,0.1878,true,1,1451714
80780595,false,מסטיק מנטוס ביג בבקבוק מעוגל טעם מנטה-עדינה 90 ג',פרפטי ואן מלה הולנד,TR,מסטיק מנטוס ביג מעוג,גרמים,90.00,100 גרם,false,,16.90,0.1878,true,1,1451715
80790990,false,מסטיק מנטוס בבקבוק מעוגל בטעם פירות -מנטה 60 ג',"פרפטי ואן מלה ג'\ידה,סאן",TR,מסטיק מנטוס מעוגל 60,גרמים,60.00,100 גרם,false,,8.80,0.1467,true,1,1451716
80794233,false,מסטיק מנטוס ביג בבקבוק מעוגל טעם מנטה 90 ג',פרפטי ואן מלה הולנד,TR,מסטיק מנטוס ביג מעוג,גרמים,90.00,100 גרם,false,,16.90,0.1878,true,1,1451717
80804697,false,מסטיק וויט White בטעם מנטה מתוקה ללא סוכר,פרפטי ואן מלה,TR,מסטיק מנטוס וויט ביג,גרמים,105.00,100 גרם,false,,16.90,0.1610,true,1,1451718
80831402,false,סוכריות מנטוס מנטה עדינה 30 יח' ללא סוכר CLEAN BREATH,פרפטי ואן מלה,NL,מנטוס סוכריות מנטה ע,יח',1.00,יח',false,,6.90,6.9000,true,1,1451720
80832560,false,סוכריות מנטוס פירות יער 21 ג' ללא סוכר CLEAN BREATH,פרפטי ואן מלה,TR,סוכריות מנטוס ללא סו,יחידה,1.00,יחידה,false,,6.90,6.9000,true,1,1480072
80843184,false,מנטוס מסטיק פיור פרש בטעם ענבים 60גר,פרפטי ואן מלה הולנד,TR,מסטיק מנטוס פיור פרש,גרמים,60.00,100 גרם,false,,8.80,0.1467,true,1,1451721
80854753,false,סוכריות מנטוס מנטה 30 יח' ללא סוכר CLEAN BREATH,פרפטי ואן מלה,NL,מנטוס סוכריות מנטה ל,יח',1.00,יח',false,,6.90,6.9000,true,1,1451723
80864295,false,סוכריות פיור וויט טעם מנטה עדינה 60 ג' מנטוס,"פרפטי ואן מלה ג'ידה,סאן",TR,מסטיק מנטוס פיור ווי,גרמים,78.00,100 גרם,false,,8.80,0.1128,true,1,1451726
80896081,false,מנטוס בקבוק מעוגל - מסטיק ללא סוכר בטעם אבטיח 60 גרם,"פרפטי ואן מלה ג'\ידה,סאן",TR,מסטיק מנטוס פיור פרש,גרמים,90.00,100 גרם,false,,8.80,0.0978,true,1,1451727
80913467,false,מנטוס בקבוק מעוגל - מסטיק ללא סוכר בטעם מנטה,פרפטי ואן מלה הולנד,TR,מסטיק מנטוס מעוגל 60,גרמים,60.00,100 גרם,false,,8.80,0.1467,true,1,1451728
80926481,false,מסטיק מנטוס פיור פרש בבקבוק בינוני בטעם אבטיח 90ג',"פרפטי ואן מלה ג'ידה,סאן",TR,מסטיק מנטוס ביג אבטי,גרמים,90.00,100 גרם,false,,16.90,0.1878,true,1,1451729
80929277,false,מסטיק מנטוס פיור וויט מנטה עדינה 150 גר,"פרפטי ואן מלה ג'ידה,סאן",TR,גומי לעיסה פיור וויט,גרמים,177.00,100 גרם,false,,17.70,0.1000,true,1,1451730
80936848,false,סוכריות טיק טק תות שדה 24 יח',ליימן-שליסל,ZA,טיק טק בודד תות שדה,גרמים,16.00,100 גרם,false,,2.90,0.1812,true,1,1462436
80945468,false,סוכריות פיור וויט טעם מנטה מתוקה 60 ג' מנטוס,"פרפטי ואן מלה ג'ידה,סאן",TR,מסטיק מנטוס פיור ווי,גרמים,78.00,100 גרם,false,,8.80,0.1128,true,1,1451731
80957706,false,מסטיק מנטוס פיור וויט מנטה 150 גר,"פרפטי ואן מלה ג'ידה,סאן",TR,גומי לעיסה פיור וויט,גרמים,177.00,100 גרם,false,,17.70,0.1000,true,1,1451734
80974215,false,מסטיק מנטוס פיור פרש בבקבוק ביג בטעם תות 90ג',"פרפטי ואן מלה ג'ידה,סאן",TR,מסטיק מנטוס ביג תות,יח',1.00,יח',false,,16.90,16.9000,true,1,1451735
80979128,false,מנטוס מסטיק בקבוק מעוגל בטעם דובדבן,פרפטי ואן מלה הולנד,TR,מסטיק מנטוס פיור פרש,גרמים,60.00,100 גרם,false,,8.80,0.1467,true,1,1451737
80986348,false,סוכריות פיור וויט טעם מנטה 60 ג' מנטוס,"פרפטי ואן מלה ג'ידה,סאן",TR,מסטיק מנטוס פיור ווי,גרמים,78.00,100 גרם,false,,8.80,0.1128,true,1,1451739
80995128,false,מנטוס בקבוק עגול בטעם הדרים בתוספת ויטמינים 60 גרם,פרפטי ואן מלה הולנד,TR,מנטוס מסטיק הדרים 60,יחידה,0.00,יחידה,false,,8.80,0.0000,true,1,1508942
87108538,false,סוכריות בטעם תות מנטוס 37.5 גרם,הדקלאים אגודת שיתופי,NL,סוכריות בטעם תות מנט,גרמים,37.50,100 גרם,false,,2.80,0.0747,true,1,1451740
87108651,false,סוכריות בטעם מנטה מנטוס 4*37.5 גרם,הדקלאים אגודת שיתופי,NL,סוכריות בטעם מנטה מנ,גרמים,150.00,100 גרם,false,,10.90,0.0727,true,1,1451741
87108712,false,סוכריות בטעם פירות מנטוס 4*37.5 גרם,פרפטי ואן מלה ברדה,NL,סוכריות בטעם פירות מ,גרמים,150.00,100 גרם,false,,10.90,0.0727,true,1,1451742
87311396,false,מנטוס ריינבאוו סוכריות לעיסה בטעמי פירות,פרפטי ואן מלה ברדה,NL,מנטוס ריינבואו בודד,גרמים,37.50,100 גרם,false,,2.80,0.0747,true,1,1451743
87354041,false,סוכריות מנטוס גליל בטעם דובדבן,פרפטי ואן מלה,NL,סוכריות מנטוס לעיסה,יח',1.00,יח',false,,2.90,2.9000,true,1,1451744
90087011,false,מיץ תפוחים 100% קרטונית ראוך,Rauch fruchtsafte gm,HU,מיץ תפוחים 1 ל' 12XR,ליטרים,1.00,ליטר,false,,11.10,11.1000,true,1,1444110
90087066,false,מיץ תפוזים 100% טבעי 1 ל' RAUCH,ראוך Rauch,HU,מיץ תפוזים ראוך 100%,יח',1.00,יח',false,,11.10,11.1000,true,1,1444111
90087271,false,נקטר אוכמניות 1 ליטר קרטונית ראוך,Rauch fruchtsafte gm,,נקטר אוכמניות שחורות,100 מל,1.00,100 מל,false,,11.10,11.1000,true,1,1444112
90087547,false,מיץ עגבניות 1 ליטר ראוך קרטונית,Rauch fruchtsafte gm,HU,מיץ עגבניות 1 ל,ליטרים,1.00,ליטר,false,,11.10,11.1000,true,1,1444113
90087769,false,מיץ אננס 100% קרטונית ראוך,Rauch fruchtsafte gm,AT,מיץ אננס 12XHAPPY DA,ליטרים,1.00,ליטר,false,,11.10,11.1000,true,1,1444114
90087974,false,חומץ טבעי מתפוחים 750 מל,ראוך פרוכטסאפה,AT,חומץ תפוחים 5% 750 מ,מיליליטרים,750.00,"100 מ""ל",false,,11.70,0.0156,true,1,1444116
90162800,false,רד בול משקה אנרגיה ללא סוכר פקדון 30 אג,רד בול ג'י.אם.בי. אץ,AT,משקה אנרגיה רד בול ל,מיליליטרים,250.00,"100 מ""ל",false,,5.90,0.0236,true,1,1451430
90448867,false,"משקה אנרגיה רד בול ללא פחמימות 250 מ""ל",רד בול,AT,משקה אנרגיה רד בול 2,מיליליטרים,250.00,"100 מ""ל",false,,5.90,0.0236,true,1,1476995
8112100298,false,"שמן שומשום טהור מזרח ומערב 185 מ""ל",Flavor full foods in,TW,שמן שומשום טהור 185,מיליליטרים,185.00,"100 מ""ל",false,,14.50,0.0784,true,1,1454333
9800800056,false,חטיף שוקולד עם מקלות לחם אנד גו,פררו - אלבה,DE,נוטלה אנד גו 52 ג,יח',1.00,יח',false,,4.90,4.9000,true,1,1462439
10900634069,false,XL דיימונד שקיות אשפה חזקות במיוחד 8 יח,דיימונד,ZA,שקיות אשפה חזקות XL,יח',1.00,יח',false,,15.90,15.9000,true,1,1455717
11210607040,false,"רוטב ""טבסקו"" על בסיס פלפל צ'יפוטלי [בטעם מעושן] 60 מ""ל",מקאילהייני Mc.Ilhenn,US,טבסקו מעושן צ'יפוטלי,מטרים,60.00,100 מ'ל,false,,9.90,0.1650,true,1,1450514
11210618503,false,"רוטב טבסקו על בסיס פלפל סקורפיון 60מ""ל",מק. אילהיני קו,US,טבסקו פלפל חריף סקור,יח',1.00,יח',false,,14.90,14.9000,true,1,1450515
13300760406,false,פילסברי ציפוי שוקולד,פילסברי (ג'נל מילס),US,פילסברי ציפוי שוקולד,גרמים,453.00,100 גרם,false,,14.90,0.0329,true,1,1466004
16000185517,false,דגני בוקר פייבר וואן עתירי סובין FIBRE1,בטר אנד דיפרנט,US,פייבר וואן 555 גרם,גרמים,555.00,100 גרם,false,,24.80,0.0447,true,1,1446244
16000281684,false,חטיפי גרנולה קראנצ'י עם פקאן נייצ'ר ואלי 5*42 גרם,ליימן מותגים,US,חטיפי גרנולה קראנצ'י,גרמים,210.00,100 גרם,false,,14.90,0.0710,true,1,1451747
16000423534,false,חטיפי גרנולה קראנצ'י עם שיבולת שועל ושוקולד מריר נייצ'ר ואלי 5*42 גרם,ג'נרל מילס סאן אדריאן,ES,חטיפי גרנולה קראנצ'י,גרמים,210.00,100 גרם,false,,14.90,0.0710,true,1,1451748
16000548404,false,חטיפי גרנולה קראנצ'י עם שיבולת שועל ודבש נייצ'ר ואלי 5*42 גרם,ג'נרל מילס סאן אדריאן,ES,חטיפי גרנולה קראנצ'י,גרמים,210.00,100 גרם,false,,14.90,0.0710,true,1,1451749
16000548503,false,חטיפי גרנולה קראנצ'י עם מייפל וסוכר חום נייצ'ר ואלי 5*42 גרם,ג'נרל מילס סאן אדריאן,ES,חטיפי גרנולה קראנצ'י,גרמים,210.00,100 גרם,false,,14.90,0.0710,true,1,1451750
16000548602,false,חטיפי גרנולה קראנצ'י קינמון נייצ'ר ואלי 5*24 גרם,ג'נרל מילס סאן אדריאן,ES,חטיפי גרנולה קראנצ'י,גרמים,210.00,100 גרם,false,,14.90,0.0710,true,1,1451751
16000548909,false,חטיפי גרנולה קראנצ'י במגוון טעמים נייצ'ר ואלי 5*42 גרם,ג'נרל מילס סאן אדריאן,ES,חטיפי גרנולה קראנצ'י,גרמים,210.00,100 גרם,false,,14.90,0.0710,true,1,1451752
16229909819,false,קרם קוקוס 1 ליטר AROY-D,תאי וורלד,,קרם קוקוס 1 ליטר,ליטרים,1.00,ליטר,false,,24.90,24.9000,true,1,1442565
16229924263,false,"ארוי-די קרם קוקוס 250 מ""ל",תאי אגרי פוד פובליק קו'\,TH,קרם קוקוס 250 מל,מיליליטרים,250.00,"100 מ""ל",false,,9.80,0.0392,true,1,1442568
18000701223,false,"פילסברי, עוגה בטעם שוקולד, תערובת להכנת עוגה בטעם שוקולד. 500 גרם",הדקלאים אגודת שיתופי,IL,תערובת להכנת עוגת שו,גרמים,500.00,100 גרם,false,,15.90,0.0318,true,1,1451753
18000703494,false,"פילסברי, עוגה בטעם וניל, תערובת להכנת עוגה בטעם וניל. 500 גרם.",הדקלאים אגודת שיתופי,IL,תערובת להכנת עוגת ונ,גרמים,500.00,100 גרם,false,,15.90,0.0318,true,1,1451754
18000703517,false,"פילסברי, עוגה בטעם שוקולד וניל, תערובת להכנת עוגה בטעם וניל. 550 גרם.",הדקלאים אגודת שיתופי,IL,תערובת להכנת עוגת שי,גרמים,550.00,100 גרם,false,,15.90,0.0289,true,1,1451755
18000766413,false,"פילסברי, עוגה בטעם שוקולד, תערובת להכנת עוגה בטעם שוקולד. 550 גרם.",הדקלאים אגודת שיתופי,IL,תערובת לעוגת בראוניס,גרמים,550.00,100 גרם,false,,15.90,0.0289,true,1,1451756
21200513152,false,"שלישיית ספוגי קרצוף עדינים ""סקוטש ברייט""",3M קנדה,CA,סקוטש ברייט ספוג קרצ,יח',1.00,יח',false,,12.90,12.9000,true,1,1465261
21231828256,false,אוכמניות כחולות קפואות 500ג רמילוי,,,אוכמניות כחולות קפוא,גרמים,500.00,100 גרם,false,,14.90,0.0298,true,1,1476171
21231828263,false,מיקס פירות טרופיים מוקפא 500ג רמילוי,,,מיקס פירות טרופיים מ,גרמים,500.00,100 גרם,false,,14.90,0.0298,true,1,1476172
21231828270,false,תערובת פירות יער מוקפא 500ג רמילוי,,,תערובת פירות יער מוק,גרמים,500.00,100 גרם,false,,14.90,0.0298,true,1,1476173
21231828294,false,חתיכות אננס מוקפא 500ג רמילוי,,,חתיכות אננס מוקפא 50,גרמים,500.00,100 גרם,false,,14.90,0.0298,true,1,1476175
21231829208,false,דובדבן חמוץ מגולען קפוא 500ג רמילוי,,,דובדבן חמוץ מגולען ק,גרמים,500.00,100 גרם,false,,14.90,0.0298,true,1,1476176
21231829215,false,תות שדה מוקפא 500ג רמילוי,,,תות שדה מוקפא 500ג ר,גרמים,500.00,100 גרם,false,,14.90,0.0298,true,1,1476177
21231829239,false,קוביות מנגו מוקפא 500ג רמילוי,,,קוביות מנגו מוקפא 50,גרמים,500.00,100 גרם,false,,14.90,0.0298,true,1,1476179
21723339994,false,"רוטב דגים 300מ""ל (טיפרוס) (כ)",טאנג סאנג ראר קי,TH,"רוטב דגים 300מ""ל (טי",מיליליטרים,300.00,"100 מ""ל",false,,9.40,0.0313,true,1,1454334
22200956932,false,דאודורנט ספיד סטיק גל 24/7 כחול 85 גר,הנסיך- מפעל לייצור ט,US,דאודורנט 24/7 ג'ל כח,גרמים,51.00,100 גרם,false,,16.90,0.3314,true,1,1444675
25675120006,false,חמצוצים 4 צבעים טעמים טבעי 100 גרם,פאסין ב.ו,NL,מקלות חמוצים 4 טעמים ללא,גרמים,100.00,100 גרם,false,,8.90,0.0890,true,1,1455721
25675120020,false,סאוור סטיקס Sour Sticks בטעם אוכמניות,פשקס קנדי,NL,מקלות חמוצים פטל 100 גר',גרמים,100.00,100 גרם,false,,8.90,0.0890,true,1,1455722
25675120037,false,מקלות חמצוצים תות פשקז 100 גרם,פשקס קנדי,NL,פשקז חמצוצים תות 100,יח',1.00,יח',false,,8.90,8.9000,true,1,1455723
25675120044,false,מקלות חמצוצים תפוח עץ פשקז 100 גרם,פשקז Paskesz,NL,מקלות חמוצים תפוח עץ 100,גרמים,100.00,100 גרם,false,,8.90,0.0890,true,1,1455724
25675120068,false,מקלות חמצוצים בטעם קולה פשקז 100 גרם,פשקז Paskesz,NL,מקלות חמוצים קולה 100 גר',גרמים,100.00,100 גרם,false,,8.90,0.0890,true,1,1455725
25675121027,false,חמצוצים רחב צבעוני רחב בטעמים 115 גרם,פאסין,NL,מקלות חמוצים 4 טעמים ללא,גרמים,115.00,100 גרם,false,,10.90,0.0948,true,1,1455727
25675121041,false,סאוור בלטס Sour Belts בטעם אוכמניות,פשקז Paskesz,NL,חמצוצים רחב פטל 115 גר',גרמים,115.00,100 גרם,false,,10.90,0.0948,true,1,1455729
25675121058,false,"חמצוצים רחבים תפו""ע 115 גר",חמצוצים,NL,"חמצוצים רחב תפו""ע 115 גר'",גרמים,115.00,100 גרם,false,,10.90,0.0948,true,1,1455730
25675301092,false,פשקז חמצוצים מקלות צבעוני מיקס 50 גר,פאסין,NL,מקלות חמוצים 4 טעמים ללא,גרמים,40.00,100 גרם,false,,4.90,0.1225,true,1,1455731
25675301108,false,מקלות חמוצים חמצוצים תות 50 גרם,פאסין,NL,מקלות חמוצים תות 50 גר',גרמים,50.00,100 גרם,false,,4.90,0.0980,true,1,1455732
25675301153,false,סאוור סטיקס Sour Sticks בטעם אוכמניות,פשקז Paskesz,NL,מקלות חמוצים פטל 50 גר',גרמים,50.00,100 גרם,false,,4.90,0.0980,true,1,1455733
25675301177,false,פשקס - חמצוצים מקלות דובדבן 50 גרם,פאסין,NL,חמצוצים דובדבן חמוץ 50 גר,גרמים,50.00,100 גרם,false,,4.90,0.0980,true,1,1455734
25675301207,false,מקלות חמוצים חמצוצים תפוח עץ 50 גרם,פשקז Paskesz,NL,מקלות חמוצים תפוח עץ 50 ג,גרמים,50.00,100 גרם,false,,4.90,0.0980,true,1,1455736
25675502079,false,דקיקי שוקולד במילוי קרם תפוז 200 גר,,,דקיקי שוקולד במילוי,גרמים,200.00,100 גרם,false,,15.80,0.0790,true,1,1455737
25675502086,false,דקיקי שוקולד במילוי קרם קרמל 200 גר,,,דקיקי שוקולד במילוי,גרמים,200.00,100 גרם,false,,15.80,0.0790,true,1,1507316
25700005674,false,זיפלוק שקיות אחסון סליידר גדולות 15 יחידות,אס.סי.ג'\ונסון מידרכט,US,זיפלוק שקיות אחסון ס,יח',1.00,יח',false,,15.80,15.8000,true,1,1457796
25700005698,false,זיפלוק שקיות אחסון בינוניות 24 יחידות,אס.סי.גונסון ובניו,US,זיפלוק שקיות אחסון ב,יח',1.00,יח',false,,12.90,12.9000,true,1,1457798
30000315958,false,קוואקר פרוטאין בננה אגוזים 366 גרם,קוואקר אוטס קומפני,US,קוואקר פרוטאין בננה,גרמים,366.00,100 גרם,false,,20.90,0.0571,true,1,1450684
30000315989,false,קוואקר פרוטאין חמוציות ושקדים 372 גרם,קוואקר אוטס קומפני,US,קוואקר פרוטאין חמוצי,גרמים,372.00,100 גרם,false,,20.90,0.0562,true,1,1450685
31200001597,false,חמוציות אושן ספריי קליית גת בשקית 170 גרם,ליימן מותגים,US,חמוציות אושן ספריי 1,גרמים,170.00,100 גרם,false,,10.90,0.0641,true,1,1451757
31290140107,false,גודייבה אצבעות שוקולד 72% 90 גרם,"אולקר מקבוצת פלאדיס, ציק",TR,גודייבה פינגרס שוקול,יח',1.00,יח',false,,14.90,14.9000,true,1,1451124
33617000026,false,קרקר ואזה 203-275 גרם מקמח מלא 260,כלורוקס אוקלנד,SE,וואזה מקמח מלא 260גר,גרמים,260.00,100 גרם,false,,12.90,0.0496,true,1,1442569
33617322616,false,פת פריכה מקמח שיפון ואזה 270 גרם,כלורוקס אוקלנד,SE,קרקר שיפון ואזה 270,גרמים,270.00,100 גרם,false,,12.90,0.0478,true,1,1442571
33617340610,false,קרקר ואזה 203-275 גרם מקמח שיפון 275,כלורוקס אוקלנד,SE,פת פריכה קמח שיפון 2,גרמים,275.00,100 גרם,false,,12.90,0.0469,true,1,1442572
34000148301,false,הרשי נטיפי שוקולד מריר לאפייה 340 גר,ליימן מותגים,US,*מבצע* הרשי נטיפי שו,גרמים,340.00,100 גרם,false,,16.90,0.0497,true,1,1451758
34000196173,false,הרשי טבלה XL בטעם שוקולד לבן עם שברי עוגיות 113 גרם,ליימן מותגים,US,הרשיז קוקיס אנד קרים,גרמים,113.00,100 גרם,false,,7.50,0.0664,true,1,1451759
34000312177,false,הרשי סירופ בטעם שוקולד 680 גרם,ליימן מותגים,US,*מבצע* הרשי סירופ שו,מיליליטרים,680.00,"100 מ""ל",false,,16.90,0.0249,true,1,1451760
34000442652,false,ריזס טבלה בטעם שוקולד ממולאת קרם בוטנים 120 גרם,ליימן מותגים,US,הרשיז ריזס אקסטרא לא,גרמים,120.00,100 גרם,false,,7.50,0.0625,true,1,1451762
34000544028,false,סוכריות ארוכות בטעם תות טוויזלרס Twizzlers,ליימן מותגים,US,טוויזלרס ממתק תות 19,גרמים,198.00,100 גרם,false,,6.90,0.0348,true,1,1451765
34000544431,false,ממתקי הרשיז טוויזלרס טעם דובדבן 172 גרם,ליימן מותגים,US,טוויזלרס ממתק טעם דו,גרמים,172.00,100 גרם,false,,6.90,0.0401,true,1,1451766
35000458476,false,קולגייט מברשת שיניים ילדים מארז רביעייה,קולגייט פלמוליב,VN,קולגייט מברשת ילדים,יח',1.00,יח',false,,17.90,17.9000,true,1,1444678
37600207188,false,חמאת בוטנים קלאסי סקיפי 462 גרם,חברת המזון אלגוד,US,חמאת בוטנים סקיפי קלאסי 4,גרמים,462.00,100 גרם,false,,17.90,0.0387,true,1,1451432
37600207256,false,חמאת בוטנים עם שברי בוטנים סקיפי 462 גרם,חברת המזון אלגוד,US,חמאת בוטנים סקיפי עם שברי,גרמים,462.00,100 גרם,false,,17.90,0.0387,true,1,1451433
37600207287,false,סקיפי חמאת בוטנים בטעם דבש 462 גרם,חברת המזון אלגוד.,US,חמאת בוטנים סקיפי עם דבש,גרמים,462.00,100 גרם,false,,17.90,0.0387,true,1,1451434
37600297943,false,מטבל סלסה חריף- צ'י צ'י 439 גר,מותגים,US,מטבל סלסה חריף- צ'י,מטרים,439.00,100 מ'ל,false,,18.90,0.0431,true,1,1517240
37600297967,false,מטבל סלסה בחריפות עדינה ציי צי 439 גר,מותגים,US,מטבל סלסה בחריפות עד,מטרים,439.00,100 מ'ל,false,,18.90,0.0431,true,1,1517241
38000138638,false,חטיף צ'יפס פרינגלס פיצה 158 גרם,פרינגלס מנופקצ'ורינג קונ,US,חטיף צ'יפס פרינגלס פ,גרמים,158.00,100 גרם,false,,8.90,0.0563,true,1,1451435
38000138720,false,חטיף צ'יפס פרינגלס ראנץ 158 גרם,פרינגלס מנופקצ'ורינג קונ,US,חטיף צ'יפס פרינגלס ר,גרמים,158.00,100 גרם,false,,8.90,0.0563,true,1,1451436
38000183690,false,חטיף צ'יפס פרינגלס מידי ברביקיו 71 גרם,פרינגלס מנופקצ'ורינג,US,חטיף צ'יפס פרינגלס מ,גרמים,71.00,100 גרם,false,,4.90,0.0690,true,1,1451439
38000183928,false,פרינגלס חרדל ודבש 158 גרם,פרינגלס מניופקצ'ורינ,US,פרינגלס חרדל ודבש 15,גרמים,158.00,100 גרם,false,,8.90,0.0563,true,1,1451440
38000197840,false,פרינגלס גלי בטעם חריף מתוק 137 ג',פרינגלס מניופקצ'ורינ,US,פרינגלס ברביקיו 137,גרמים,137.00,100 גרם,false,,7.90,0.0577,true,1,1495843
38000202278,false,חטיף צ'יפס גלי בטעם אורגינל מלוח,פרינגלס מניופקצ'ורינ,US,פרינגלס אורגינל 137,גרמים,137.00,100 גרם,false,,7.90,0.0577,true,1,1476998
38000232152,false,פרינגלס חטיפי תפוח אדמה בטעם ברביקיו 158 גרם,פרינגלס מנופקצ'ורינג קומ,US,פרינגלס ביג ברביקיו,גרמים,158.00,100 גרם,false,,7.90,0.0500,true,1,1451441
38000232176,false,פרינגלס ביג שמנת בצל 158 גרם,פרינגלס מנופקצ'ורינג קונ,US,פרינגלס ביג שמנת בצל,גרמים,158.00,100 גרם,false,,8.90,0.0563,true,1,1451443
38000232183,false,פרינגלס ביג אורגינל 149 גרם,פרינגלס מנופקצ'ורינג קונ,US,פרינגלס ביג אורגינל,גרמים,149.00,100 גרם,false,,7.90,0.0530,true,1,1451444
38000845253,false,חטיף צ'יפס פרינגלס מידי שמנת בצל 71 גרם,פרינגלס מנופקצ'ורינג קונ,US,חטיף צ'יפס פרינגלס מ,גרמים,71.00,100 גרם,false,,4.90,0.0690,true,1,1451445
38527591053,false,קואקר דגנים מרובעים שיבולת שועל וקינמון,קוואקר אוטס קומפני,US,דגני בוקר מרובעים קי,גרמים,411.00,100 גרם,false,,18.90,0.0460,true,1,1450686
38527591060,false,דגני קוואקר מרובעים Quaker Squares עם סוכר חום,קוואקר אוטס קומפני,US,דגני בוקר מרובעים קו,גרמים,411.00,100 גרם,false,,18.90,0.0460,true,1,1450687
38900779238,false,מיץ אננס דול רביעיות 4*250 מל,דול פיליפינים אינק,PH,מיץ אננס דול 4*250 מ,יח',1.00,יח',false,,12.90,12.9000,true,1,1471947
40000512943,false,סוכריות אם אנד אמס M&M שוקולד חלב,M&M אם אנד אם,US,אם אנד אם שוקולד 303,גרמים,303.00,100 גרם,false,,19.90,0.0657,true,1,1470547
40000513568,false,סוכריות אם אנד אמס M&M שוקולד חלב,M&M אם אנד אם,US,אם אנד אם שוקולד 156,גרמים,155.00,100 גרם,false,,9.90,0.0639,true,1,1470549
40000513629,false,M&M's חמאת בוטנים אריזה גדולה 152 גרם,מארס,US,אם אנד אם חמאת בוטני,גרמים,142.00,100 גרם,false,,9.90,0.0697,true,1,1470551
40000514480,false,M&M אריזה קטנה's שוקולד אריזה קטנה 48 גרם,M&M אם אנד אם,US,אם אנד אם שוקו 48 גר,גרמים,48.00,100 גרם,false,,4.70,0.0979,true,1,1470552
40000514510,false,M&M אריזה קטנה's בוטנים אריזה קטנה 49 גרם,M&M אם אנד אם,US,אמ אנד אם חטיף בוטני,גרמים,49.00,100 גרם,false,,4.70,0.0959,true,1,1470553
40232885518,false,אוכמניות יחידה,אראל תוצרת חקלאית בע,IL,אוכמניות,יח',1.00,יח',false,,15.90,15.9000,true,1,1499409
41390001079,false,"רוטב סויה קיקומן מופחת נתרן 444 מ""ל",קיקומן פודז אינק,US,רוטב סויה קיקומן מופ,מיליליטרים,444.00,"100 מ""ל",false,,19.80,0.0446,true,1,1451447
41390001451,false,רוטב סויה קיקומן 1.2 קילו,קיקומן פודז אינק,US,רוטב סויה קיקומן 1.2 ליטר,מטרים,1200.00,100 מ'ל,false,,29.90,0.0249,true,1,1486050
41390010309,false,"רוטב טריאקי קיקומן 444 מ""ל",קיקומן פודז אינק,US,"רוטב טריאקי 444 מ""ל",מיליליטרים,444.00,"100 מ""ל",false,,19.80,0.0446,true,1,1451448
41500805023,false,"רוטב פלפל רד האט 354 מ""ל",רקיט בנקיזר,,רוטב פלפל רד האט 354,מטרים,354.00,100 מ'ל,false,,22.90,0.0647,true,1,1513102
42400108153,false,דגני בוקר צבעוניים בטעם פירות טוטי פרוטיס,פוסט ארצות הברית,US,דגנים ממותקים טעם פי,גרמים,350.00,100 גרם,false,,19.90,0.0569,true,1,1456838
46214372250,false,"עוגיות שטרודל פריכות תפו""ע וצימוקים",מרבה Merba,NL,עוגיות שטרודל תפוח ע,גרמים,200.00,100 גרם,false,,9.80,0.0490,true,1,1444682
46214731552,false,עוגיות שוקולד צ'יפס 37% גודיס 225 גרם,קריניציה ויטמינה אס,NL,עוגיות שוקולד צ'יפס,גרמים,225.00,100 גרם,false,,9.80,0.0436,true,1,1444684
48256214758,false,מסיר כתמים קשים לכביסה לבנה וצבעונית,יעקבי- אסטוניש Astonish,GB,אסטוניש אבקת הפלא לה,לקג,1.00,לקג,false,,19.90,19.9000,true,1,1450548
50000100347,false,"פריסקיז - מעדני החתול מועשר בחלב 1.40 ק""ג",נסטלה פורינה USA מק,US,פריסקיז מעדני החתול,קילוגרמים,1.40,"ק""ג",false,,34.90,24.9286,true,1,1469506
51500000793,false,קונפיטורת אוכמניות סמקרס,,IL,קונפיטורת אוכמניות 3,גרמים,340.00,100 גרם,false,,14.90,0.0438,true,1,1442577
51500017005,false,סמארקס חמאת בוטנים 454 גר,סמאקרס,US,סמארקס חמאת בוטנים 4,גרמים,454.00,100 גרם,false,,17.90,0.0394,true,1,1476690
51500255162,false,"חמאת בוטנים לל""ג JIF אריזת 454ג'",ג'י.אס.קיי קונסיומר,US,גיפ חמאת בוטנים חלקה,גרמים,454.00,100 גרם,false,,17.90,0.0394,true,1,1442582
52100002453,false,תערובת תיבול לסטייק 96 גר,מקורמיק,US,תערובת תיבול לסטייק,יח',1.00,יח',false,,19.90,19.9000,true,1,1456839
52100002460,false,תערובת תיבול לעוף ודג 77 גר,מקרומיק,US,תערובת תיבול לעוף ול,יח',1.00,יח',false,,19.90,19.9000,true,1,1456840
52100040806,false,תערובת שום בצל פלפל שחור ומלח ים 120 גר,מקורמיק,US,תערובת תיבול שום בצל,יח',1.00,יח',false,,24.90,24.9000,true,1,1456851
52100070643,false,תמצית בטעם שקדים מקורמיק 29 גרם,מקורמיק,US,תמצית טעם שקדים,יח',1.00,יח',false,,9.90,9.9000,true,1,1456852
52100070735,false,תמצית קוקוס מקורמיק,מקורמיק,US,תמצית קוקוס,יח',1.00,יח',false,,17.90,17.9000,true,1,1456854
52100070865,false,"תמצית וניל טהור מקורמיק 29 מ""ל",מקורמיק האנט ואלי,US,תמצית וניל טהור מקור,מטרים,28.00,100 מ'ל,false,,29.90,1.0679,true,1,1456857
52100142593,false,תערובת תיבול להמבורגר 77 גר,מקרומיק תבלינים,US,תערובת תיבול להמבורג,יח',1.00,יח',false,,19.90,19.9000,true,1,1456861
64144090013,false,פאם תרסיס על בסיס שמן קנולה בטעם חמאה,קונאגרה פודס,US,תרסיס שמן קנולה בטעם,מיליליטרים,148.00,"100 מ""ל",false,,16.90,0.1142,true,1,1451768
64144090020,false,"ספריי שמן PAM בטעם שמן זית 141 מ""ל",קונאגרה פודס,US,תרסיס שמן זית פאם 14,מיליליטרים,141.00,"100 מ""ל",false,,16.90,0.1199,true,1,1451769
64144090051,false,"ספריי שמן PAM קנולה אורגינל 148 מ""ל",קונאגרה פודס,US,תרסיס שמן פאם קנולה,מיליליטרים,148.00,"100 מ""ל",false,,16.90,0.1142,true,1,1451770
73490129919,false,ביסקוויט ביס קסטה הדר 250 גרם,אפיפית נצרת,IL,ביסקוויט ביס קסטה הד,גרמים,250.00,100 גרם,false,,4.90,0.0196,true,1,1471737
73490153419,false,מיץ ענבים קדם גאולה קונקורד 1.89 ליטר,קדם פוד פרודקטסn\,US,מיץ ענבים גאולה 1.89,ליטרים,1.89,ליטר,false,,26.90,14.2328,true,1,1444247
74234531142,false,פלפל חלפניו פרוס כבוש 210 ג' צנצנת (כ),Empacadora San Marco,IL,נקטר חמוציות 1ליטר בבקבוק,גרמים,210.00,100 גרם,false,,9.90,0.0471,true,1,1454335
76840002542,false,"גלידת בן & ג'ריס פיינט נטפליקס וצ'ילד 500מ""ל",מוצרי איכות אמריקאיים בע,IL,גלידה בן & גירס נטפל,מיליליטרים,500.00,"100 מ""ל",false,,17.90,0.0358,true,1,1451387
76840100156,false,"בן אנד גריס גלידת צרי גרסיה 500 מ""ל",מוצרי איכות אמריקאיים בע,IL,גלידה בן & ג'ריס צ'ר,מיליליטרים,500.00,"100 מ""ל",false,,18.90,0.0378,true,1,1451391
76840100583,false,"גלידת וניל עם בצק עוגיות בן וג'ירי 473 מ""ל",מוצרי איכות אמריקאיים בע,IL,גלידה בן & ג'ריס בצק,מיליליטרים,500.00,"100 מ""ל",false,,18.90,0.0378,true,1,1451392
77245110610,false,סוכריות מאסט ללא סוכר בטעם מנטה 80 ג'עלית,MIESZKO S.A - MS. JO,PL,סוכריות מנטה ללא תוס,גרמים,80.00,100 גרם,false,,6.90,0.0863,true,1,1445442
77975022757,false,בייגלה קשה מבצק שאור בסגנון אמריקאי,סניידרס אוף האנובר,US,בייגל אמריקאי 382 גר,גרמים,382.00,100 גרם,false,,14.90,0.0390,true,1,1451775
77975036976,false,מטבל עגבניות בחריפות עדינה סניידרס 439 ג',סניידרס אוף האנובר,US,מטבל עגבניות בחריפות,גרמים,439.00,100 גרם,false,,16.90,0.0385,true,1,1451776
77975094631,false,סניידרס סנדוויץ' בייגלה במילוי קרם בטעם צ'דר 226 גרם,סניידרס לאנס,US,בייגלה סנדוויץ גבינה,גרמים,266.00,100 גרם,false,,14.90,0.0560,true,1,1451786
77975094761,false,סניידרס חטיפים על בסיס קמח חיטה בטעם גבינת צ'דר,סניידרס אוף האנובר,US,שברי בייגל בטעם גבינ,גרמים,340.00,100 גרם,false,,14.90,0.0438,true,1,1451787
77975094778,false,שברי בייגלה סניידרס בטעם דבש חרדל 340 גר,סניידרס אוף האנובר,US,שברי בייגל חרדל ודבש,גרמים,340.00,100 גרם,false,,14.90,0.0438,true,1,1451788
77975095157,false,סניידרס שברי בייגלה בטעם חלפיניו 318 גרם,סניידרס Snyder's,US,סניידרס שברי בייגלה,גרמים,318.00,100 גרם,false,,14.90,0.0469,true,1,1451789
77975095164,false,שברי בייגלה בטעם פרמז'ן ושום 318 ג' סניידרס,סניידרס,US,שברי בייגלה טעם פרמז,גרמים,285.00,100 גרם,false,,14.90,0.0523,true,1,1510249
78652673064,false,סט 3 קופסאות ריבועיות עם מכסה טורקיז,,,סט 3 קופסאות ריבועיו,יח',1.00,יח',false,,8.90,8.9000,true,1,1477818
78652683063,false,סט 3 קופסאות מלבניות עם מכסה ירוק,,,סט 3 קופסאות מלבניות,יח',1.00,יח',false,,8.90,8.9000,true,1,1477819
78652693062,false,סט 3 קופסאות ריבועיות עם מכסה אדום,,,סט 3 קופסאות ריבועיו,יח',1.00,יח',false,,8.90,8.9000,true,1,1477820
85696608037,false,טופו רך ללא גלוטן 340ג' (כ) Morinaga,Morinaga NUTRITIONAL,US,טופו רך ללא גלוטן 34,גרמים,349.00,100 גרם,false,,12.70,0.0364,true,1,1454337
138600010928,false,ספר בנימין נתניהו סיפור חיי,,,ספר בנימין נתניהו סי,יחידה,0.00,יחידה,false,,89.90,0.0000,true,1,1515910
195480030088,false,שוקולד צמקאו מריר אופנהיימר לאפייה ובישול 300ג',אופנהיימר,IL,צמקאו חום 300 גר,גרמים,300.00,100 גרם,false,,8.90,0.0297,true,1,1451130
305213079004,false,"תחליב גוף להזנה עמוקה צהוב וזלין 600 מ""ל","יוניליוור, ג'פרסון סיטי,",US,וזלין תחליב גוף להזנ,מיליליטרים,618.00,"100 מ""ל",false,,19.90,0.0322,true,1,1447686
598208750822,false,בועות סבון רב קנים א,,,בועות סבון רב קנים א,יח',1.00,יח',false,,14.90,14.9000,true,1,1485686
608614331475,false,כרובית ארוזה ביכורי,חקלאי,IL,כרובית ארוזה,יח',1.00,יח',false,,12.90,12.9000,true,1,1454007
613008742348,false,בקבוק אריזונה ג'נסינג ודבש 1 ליטר,"נטורלה גטרנק בע""\מn\",BG,אריזונה ג'ינסנג ודבש,יח',1.00,יח',false,,10.50,10.5000,true,1,1444248
613008742409,false,בקבוק אריזונה אפרסק 1 ליטר,"נטורלה גטרנק בע""\מn\",DE,אריזונה אפרסק בק' 1ל,יח',1.00,יח',false,,10.50,10.5000,true,1,1444249
613008755461,false,בקבוק אריזונה אוכמניות 1 ליטר,"נטורלה גטרנק בע""\מn\",BG,אריזונה אוכמניות בק',יח',1.00,יח',false,,10.50,10.5000,true,1,1444254
628154383659,false,דגני בוקר פרוטי פבלס פוסט 311 גרם,פוסט ארצות הברית,US,סדרת ילדים פרוטי פבל,גרמים,411.00,100 גרם,false,,19.90,0.0484,true,1,1456863
638102201416,false,זון פרפקט חטיף חלבון בטעם יוגורט תות שדה,"אבוט נוטרישן, מעבדות",US,חטיף זון יוגורט תות,יח',1.00,יח',false,,13.90,13.9000,true,1,1460353
638102582737,false,חטיף על בסיס חלבון סויה עוגת קינמון עם שקדים,"אבוט נוטרישן, מעבדות",US,חטיף ZOON קלאסיק 50ג,יח',1.00,יח',false,,12.90,12.9000,true,1,1460361
649870166081,false,נייטיב בקר ברוטבלחתול 85 גר,נייטיב,TH,נייטיב בקר ברוטבלחתו,גרמים,85.00,100 גרם,false,,4.90,0.0576,true,1,1469616
649870166098,false,נייטיב עוף ברוטב חתול 85 גר,נייטיב,TH,נייטיב עוף ברוטב חתו,גרמים,85.00,100 גרם,false,,4.90,0.0576,true,1,1469617
649870166135,false,נייטיב טונה ברוטב לחתול 85 גר,נייטיב,TH,נייטיב טונה ברוטב לח,גרמים,85.00,100 גרם,false,,4.90,0.0576,true,1,1469621
649870166159,false,נייטיב פטה בקר לחתול 85 גר,,TH,נייטיב פטה בקר לחתול,גרמים,85.00,100 גרם,false,,4.90,0.0576,true,1,1469623
651080161510,false,פלקרס פולסר לשיניים צפופות-מנטה 35 יחידו,מיוצר עי קונדיטוריית,CN,"פלאקרס ""פלוסר ""חוט ד",35 יח',1.00,35 יח',false,,9.90,9.9000,true,1,1457803
651080647519,false,קיסמים עם חוט דנטלי פלאקרס מנטה 35 יחידות,"פלקרס רנור ארה""ב",US,"פלאקרס ""פלוסר ""חוט ד",36 יח',1.00,36 יח',false,,9.90,9.9000,true,1,1457804
681131129855,false,"שלוס בירה בלגית 5% פחית 500 מ""ל",מבשלת מרטנס,BE,שלוס קרון בירה 5% פח,מיליליטרים,500.00,"100 מ""ל",false,,5.90,0.0118,true,1,1446015
693493008327,false,בסגנון בולגרית טבעונית 200גר פומאז,,IL,גבינה טבעונית בולגרי,גרמים,250.00,100 גרם,false,,15.50,0.0620,true,1,1480611
693493016841,false,מפיצי ריח יוקרתי לבנדר רמילוי,,,מפיצי ריח יוקרתי לבנ,יח',1.00,יח',false,,14.90,14.9000,true,1,1464337
693493016865,false,מפיצי ריח יוקרתי למון גראס רמילוי,,,מפיצי ריח יוקרתי למו,יח',1.00,יח',false,,14.90,14.9000,true,1,1464339
693493016896,false,מפיצי ריח יוקרתי וניל רמילוי,,,מפיצי ריח יוקרתי וני,יח',1.00,יח',false,,14.90,14.9000,true,1,1464342
693493016902,false,מפיצי ריח יוקרתי פצ'ולי רמילוי,,,מפיצי ריח יוקרתי פצ',יח',1.00,יח',false,,14.90,14.9000,true,1,1464343
693493034456,false,סרדין מרוקאי בשמן זי,אטלנטיק הום סרדינס א,MA,סרדין בשמן זית 125גר,גרמים,125.00,100 גרם,false,,5.70,0.0456,true,1,1471651
693493140461,false,"קפה טורקי טחון וואקום 1 ק""ג רמילוי",,,קפה טורקי טחון וואקו,יח',1.00,יח',false,,39.90,39.9000,true,1,1471372
693493151405,false,קפה טורקי רביעייה 400 ג רמי לוי,,,קפה טורקי רביעייה 40,גרמים,400.00,100 גרם,false,,16.90,0.0422,true,1,1471374
693493182607,false,קפסולות קולומביה פרמיום רמי לוי,,,קפסולות קולומביה פרמ,יח',1.00,יח',false,,7.80,7.8000,true,1,1471377
693493182614,false,קפסולות טרדיציונה פרמיום רמי לוי,,,קפסולות טרדיציונה פר,יח',1.00,יח',false,,7.80,7.8000,true,1,1471378
693493182621,false,קפסולות אורו פרמיום רמי לוי,,,קפסולות אורו פרמיום,יח',1.00,יח',false,,7.80,7.8000,true,1,1471379
693493182638,false,קפסולות ויוצ'ה פרמיום רמי לוי,,,קפסולות ויוצ'ה פרמיו,יח',1.00,יח',false,,7.80,7.8000,true,1,1471380
693493182645,false,קפסולות ברזיל פרמיום רמי לוי,,,קפסולות ברזיל פרמיום,יח',1.00,יח',false,,7.80,7.8000,true,1,1471381
728229123590,false,טרה אורגינל חטיף על בסיס ירקות שורש בטעם טבעי 110 גרם,הונדורס צ'יפס יצור א,HN,טרה מירקות אקזוטיים 110ג[,גרמים,110.00,100 גרם,false,,14.80,0.1345,true,1,1449502
728229123811,false,טרה חטיף על בסיס ירקות שורש בתיבול ים תיכוני 110 גרם,הונדורס צ'יפס יצור א,HN,טרה מירקות אקזוטיים בנוסח,גרמים,110.00,100 גרם,false,,14.90,0.1355,true,1,1449504
728229130444,false,"חטיף על בסיס ירקות שורש עם בטטה, תפו""א כחול וסלק",היין סלסטיאל גרופ,US,טרה מירקות אקזוטיים כחולי,גרמים,110.00,100 גרם,false,,14.90,0.1355,true,1,1449509
753182231761,false,"משקה אנרגיה BLU ללא תוספת סוכר 250 מ""ל",אקווה ויט,PL,בלו סיקס ללא סוכר 25,מיליליטרים,250.00,"100 מ""ל",false,,4.20,0.0168,true,1,1456575
768404001640,false,"גלידה בן&ג'ריס קפה משפחתית 500מ""ל",מוצרי איכות אמריקאיים בע,IL,גלידה בן &ג'ריס קפה,מיליליטרים,500.00,"100 מ""ל",false,,18.90,0.0378,true,1,1451404
769904000997,false,שקדי מרק ללא גלוטן200גרם,משובח תעשיות מזון,IL,שקדי מרק 200 גרם דגש,גרמים,200.00,100 גרם,false,,13.80,0.0690,true,1,1441410
787269647824,false,נשיקות ענבים מיכל הקטנה כשלפ 2022,,,נשיקות ענבים מיכל הק,גרמים,100.00,100 גרם,false,,10.90,0.1090,true,1,1477850
787269647848,false,נשיקות וניל מיכל הקטנה כשלפ 2022,,,נשיקות וניל מיכל הקט,גרמים,100.00,100 גרם,false,,10.90,0.1090,true,1,1477852
833949000264,false,"סירופ מייפל אמיתי 100% אורגני 250 מ""ל",דיקסר קוויבק,CA,סירופ מייפל אמיתי 25,מיליליטרים,250.00,"100 מ""ל",false,,24.90,0.0996,true,1,1441411
835811000396,false,נייר אפיה לתבנית מוארכת - מארז 30 ניירות,יבוא ושיווק: הנמל אריזות,IL,נייר אפייה לתבנית מא,יח',1.00,יח',false,,9.90,9.9000,true,1,1450780
835811001232,false,"נייר אפיה לתבנית עגולה 26 ס""מ - מארז 10 ניירות",האנג טונג,CN,נייר אפיה לתבנית עגו,יח',1.00,יח',false,,9.90,9.9000,true,1,1450781
835811003199,false,נייר אפיה לתבנית מרובע 6X32 16 יח',יבוא ושיווק: הנמל אריזות,CN,נייר אפיה לתבנית מרו,יח',1.00,יח',false,,17.90,17.9000,true,1,1450784
835811009238,false,שיפודים ענק שטוח מבמבוק 25 יח`,הנמל,CN,שיפודים גדולים,יח',1.00,יח',false,,6.10,6.1000,true,1,1450805
839762000641,false,משקה איילנד מנגו נקטר 1 ל',"פאראגאלה,דה אג'יפשן",EG,נקטר מנגו איילנד 1 ל,ליטרים,1.00,ליטר,false,,11.50,11.5000,true,1,1444256
839762000658,false,איילנד גויאבה המשקה של חופי סיני 1 ליטר,The Egyptian Co. for,EG,נקטר גויאבה איילנד 1,מטרים,1.00,100 מ'ל,false,,11.50,11.5000,true,1,1444257
845899810725,false,מיקסר ידני BT-1072 BENATON,,,מיקסר BT1072 BENATO,יחידה,0.00,יחידה,false,,79.90,0.0000,true,1,1481647
850004207789,false,בשר מיטבולס 290 ג' ביונד מיט,תאי פרזידנט פוד פאבל,US,מיטבולס ביונד מיט 29,גרמים,290.00,100 גרם,false,,31.80,0.1097,true,1,1451453
850006036028,false,מאפה חיטה מקלונים בטעם סלק בצל 400 ג' עבאדי,עבאדי,IL,מאפה חיטה מקלונים טע,גרמים,400.00,100 גרם,false,,16.90,0.0422,true,1,1451134
851621000050,false,בירה חיטה בטעם הדרים 1664 בלאנק - שישייה,קרלסברג ספליי קומפאני פו,PL,שישיית 1664 בלאנק בק,יח',1.00,יח',false,,39.90,39.9000,true,1,1442313
856591000055,false,עוגיות מזרחיות קריספי שרוף במיוחד,מאפיית יוסף ושמחה עבאדי,IL,עוגיות מזרחיות עבאדי,גרמים,400.00,100 גרם,false,,16.90,0.0422,true,1,1451136
856591000062,false,עוגיות מזרחיות עם מלח עבאדי 400 גרם,מאפיית יוסף ושמחה עבאדי,IL,עוגיות מזרחיות עם מל,גרמים,400.00,100 גרם,false,,16.90,0.0422,true,1,1451137
856591000109,false,עוגיות מזרחיות פריך במיוחד עבאדי 400 גרם,מאפיית יוסף ושמחה עבאדי,IL,עוגיות מזרחיות פריך,גרמים,400.00,100 גרם,false,,16.90,0.0422,true,1,1451138
856591000512,false,עוגיות מזרחיות מקלונים עם שומשום עבאדי 400 גרם,מאפיית יוסף ושמחה עבאדי,IL,עוגיות מזרחיות מקלונ,גרמים,400.00,100 גרם,false,,16.90,0.0422,true,1,1451139
856591000918,false,מארז שמיניית חטיף טבעי עבאדי,עבאדי,IL,מארז חטיף טבעי 8*40ג,יח',1.00,יח',false,,16.90,16.9000,true,1,1451141
856591000949,false,"מאפה חיטה מלוח ""קטנטנים"" עבאדי 350 גרם",עבאדי,IL,עוגיות קטנטנים של עב,גרמים,350.00,100 גרם,false,,16.90,0.0483,true,1,1451143
859547004084,false,ספוג ניקוי לימון פרש סקראב דדי,סקראב דאבי,VN,סקראב דאדי לימון,יחידה,1.00,יחידה,false,,17.70,17.7000,true,1,1482295
859547004466,false,קירצוף וספוג ניקוי SCRUB DADDY,סקראב דאבי,VN,סקראב דדי למון,יחידה,1.00,יחידה,false,,17.70,17.7000,true,1,1477190
884912102102,false,דגני בוקר פוסט סלקט אוכמניות 382 גר,הנסיך- מפעל לייצור ט,US,סלקט אוכמניות פוסט 3,גרמים,382.00,100 גרם,false,,22.90,0.0599,true,1,1456866
884912129512,false,דגני בוקר קוקו פוסט פלינסטונס 311 גרם,פוסט לקיוויל,US,קוקו פלינסטונס טעם ק,גרמים,311.00,100 גרם,false,,19.90,0.0640,true,1,1477191
884912180629,false,דגני בוקר מחיטה מלאה גרוסה שרדד וויט,פוסט ארצות הברית,US,פוסט שרדד וויט 464 ג,גרמים,464.00,100 גרם,false,,21.90,0.0472,true,1,1456870
884912342737,false,דגני בוקר קריספי וופל פוסט 326 גרם.,הנסיך- מפעל לייצור ט,US,וואפל קריספ,גרמים,326.00,100 גרם,false,,19.90,0.0610,true,1,1456874
884912359155,false,דגני בוקר האני באנצ'ס האני רוסטד פוסט 340 גרם,פוסט ארצות הברית,US,האני באנצ' דגני בוקר,גרמים,411.00,100 גרם,false,,21.80,0.0530,true,1,1456875
884912359162,false,האני באנצ' דגני בוקר עם שקדים פוסט 411 גרם,פוסט ארצות הברית,US,האני באנצ' דגני בוקר,גרמים,411.00,100 גרם,false,,21.80,0.0530,true,1,1456876
884912359414,false,דגני בוקר האני באנצס קינמון 340 ג' POST,פוסט ארצות הברית,US,האני באנצס קינמון 41,גרמים,411.00,100 גרם,false,,21.80,0.0530,true,1,1456877
884912359421,false,דגני בוקר האני באנצס פקאן ומייפל 340 ג' POST,פוסט ארצות הברית,US,האני באנצס פקאן מייפ,גרמים,411.00,100 גרם,false,,21.80,0.0530,true,1,1456878
884912365200,false,דגני בוקר אוראו שחור ולבן 311 גרם,פוסט ארצות הברית,US,דגני בוקר אוראו 311,גרמים,311.00,100 גרם,false,,19.90,0.0640,true,1,1496688
884912377142,false,דגני בוקר האני באנצ'ס וניל פוסט 340 גרם,פוסט ארצות הברית,US,האני באנצס וניל 411,גרמים,411.00,100 גרם,false,,21.80,0.0530,true,1,1456881
887961761115,false,מגה בלוקס מגדל 100 קוביות GFG21,,,מגה בלוקס מגדל 100 ק,יחידה,0.00,יחידה,false,,149.90,0.0000,true,1,1492174
893594002051,false,"חטיף פופקורן צ`יפס בטעם גבינת צ`דר, 28ג Medora snacks",PepsiCo inc. Frito lay Division,US,פופקורנס גבינת צ'דר,יחידה,0.00,יחידה,false,,6.90,0.0000,true,1,1500687
893594002068,false,"חטיף פופקורן צ`יפס עם מלח ים,28 ג HANTRONIX",PepsiCo inc. Frito lay Division,US,פופקורנס מלח ים 28 י,יחידה,0.00,יחידה,false,,6.90,0.0000,true,1,1500688
1230000068314,false,בשר טחון מהצומח ביונד מיט 300 גרם,זנברגן וורלד פינסט מיט ב,NL,בשר טחון ביונד מיט 3,גרמים,300.00,100 גרם,false,,29.80,0.0993,true,1,1451456
1230000116022,false,ביונד בורגר Beyond Burger - מארז זוג,ביונד מיט קליפורניה ארהב,US,המבורגר ביונד מיט 2*,גרמים,226.00,100 גרם,false,,27.90,0.1235,true,1,1476999
3014260240226,false,"קצף גילוח ג'ילט לעור רגיש 200 מ""ל",מולינו ניקולי s.p.a,GB,קצף גילוח ג'ילט לעור,מיליליטרים,200.00,"100 מ""ל",false,,13.90,0.0695,true,1,1456015
3046920010801,false,שוקולד מריר אקסלנס עם אגוזי לוז,לינדט ושפרונגלי קילשברג,FR,לינדט אקסלנט 100 גרם,100 יח',100.00,100 יח',false,,14.90,0.1490,true,1,1449513
3046920028004,false,לינדט שוקולד אקסלנס מריר 70% 100 גר,לינדט ושפרונגלי קילשברג,FR,לינדט אקסלנס 70% מוצ,גרמים,100.00,100 גרם,false,,14.90,0.1490,true,1,1449517
3046920028363,false,לינדט אקסלנס 85% מוצקי קקאו 100 גרם,לינדט ושפרונגלי קילשברג,FR,לינדט אקסלנס 85% מוצ,גרמים,100.00,100 גרם,false,,14.90,0.1490,true,1,1449518
3046920029759,false,לינדט אקסלנס 90% מוצקי קקאו 100 גרם,לינדט ושפרונגלי קילשברג,DE,לינדט אקסלנס 90% מוצ,גרמים,100.00,100 גרם,false,,14.90,0.1490,true,1,1449523
3059940007768,false,"מבשם אוויר אירוויק ספריי וניל אורכידאה 240 מ""ל",איירוויק Air Wick,GB,Awick Vanilla,מיליליטרים,240.00,"100 מ""ל",false,,9.90,0.0413,true,1,1456351
3059943015128,false,מבשם אוויר נטול גז אקווה מיסט בניחוח לבנדר פראי ואוויר הרים,הדקלאים אגודת שיתופי,PL,AIRWICK W.LAVENDER 12X345,מיליליטרים,345.00,"100 מ""ל",false,,12.90,0.0374,true,1,1456353
3059943016569,false,"מבשם אוויר אירוויק ספריי פרסיה ויסמין 240 מ""ל",איירוויק Air Wick,GB,ARW Aerosol Fres&Jasm 12x,מיליליטרים,240.00,"100 מ""ל",false,,9.90,0.0413,true,1,1456355
3073781161663,false,גבינה מותכת 18.5% שומן לה וואש קירי,לה וואש קירי La Vache qui rit,FR,גבינה לואשקירי 128 ג,גרמים,128.00,100 גרם,false,,11.90,0.0930,true,1,1471950
3073781161687,false,גבינה מותכת לוואש קירי 256 גרם,פרומאג'רי בל דום סאם,FR,גבינה לואשקירי 256 ג,גרמים,256.00,100 גרם,false,,22.70,0.0887,true,1,1471951
3073781162790,false,גבינה מותכת בייבי בל 120 גרם,מחלבות בל,FR,גבינה מותכת בייבי בל,גרמים,120.00,100 גרם,false,,20.70,0.1725,true,1,1474065
3141360054405,false,פיניש מפיץ ריח למדיח בניחוח לימון וליים,הדקלאים אגודת שיתופי,HU,"FINSH,IT,DEO LEMON*20 MON",יח',1.00,יח',false,,14.90,14.9000,true,1,1456360
3161911229199,false,חמאה צרפתית רכה למריחה אל & ויר 250 גרם,אלל אה וויר,FR,חמאה צרפתית רכה למרי,גרמים,250.00,100 גרם,false,,21.90,0.0876,true,1,1474066
3161911366429,false,חמאה צרפתית מלוחה רכה למריחה אלוויר 250 גר',ארזינא,FR,חמאה צרפתית מלוחה רכ,גרמים,250.00,100 גרם,false,,21.90,0.0876,true,1,1474067
3161911393210,false,אלוויר חמאת נורמנדי מלוחה 200 גרם,אלוויר,FR,אלוויר חמאת נורמנדי,גרמים,200.00,100 גרם,false,,18.70,0.0935,true,1,1474068
3178530402353,false,עוגות מיני מדלן קלאסי סאן מישל 175 גרם,סאן מישל ביסוויט,FR,עוגות מדליין 175 גרם,גרמים,175.00,100 גרם,false,,10.70,0.0611,true,1,1474069
3178530407938,false,עוגיות מיני מדליין עם שוקוצ'יפס סאן מישל 175 גרם,סאן מישל,FR,מיני עוגיות מדליין 1,גרמים,175.00,100 גרם,false,,11.50,0.0657,true,1,1474070
3178530411478,false,ביסקוויטים גאלט עם חמאה ומלח ים,סן מישל St Michel,FR,גלאט חמאה 150 גר,גרמים,150.00,100 גרם,false,,11.50,0.0767,true,1,1474072
3290015253062,false,פחמים רמי לוי,,,פחמים רמי לוי,יח',1.00,יח',false,,10.90,10.9000,true,1,1474370
3387390320244,false,פיטנס דגני בוקר מחיטה מלאה עם פירות נסטלה 375 גרם,נסטלה צרפת איטנקורט,FR,פיטנס דגני בוקר מחיט,גרמים,375.00,100 גרם,false,,19.90,0.0531,true,1,1446245
3387390525960,false,קראנץ' דגני בוקר עם שוקולד חלב נסטלה 500 גרם,הנסיך- מפעל לייצור ט,FR,קראנץ' דגני בוקר עם,גרמים,500.00,100 גרם,false,,19.90,0.0398,true,1,1446246
3387390730852,false,פיטנס דגנים מחיטה מלאה ואורז נסטלה 375 גרם,נסטלה צרפת איטנקורט,FR,פיטנס דגנים מחיטה מל,גרמים,375.00,100 גרם,false,,19.90,0.0531,true,1,1446247
3523230025638,false,"גבינת עיזים בושה טבעי, 125 גרם",אוריאל,FR,גבינת עיזים בושה טבע,גרמים,125.00,100 גרם,false,,24.90,0.1992,true,1,1474079
3523230045827,false,גבינת סנט מור עיזים160גר,סואניון,FR,גבינת סנט מור 160 גר,גרמים,160.00,100 גרם,false,,27.50,0.1719,true,1,1474083
3563490014898,false,ריין דיז'ון חרדל דיז'ון 265 גרם,ריין דיז'ון reine dijon,FR,חרדל דיז'ון לחיץ 265 גר',גרמים,265.00,100 גרם,false,,9.90,0.0374,true,1,1451460
3574660058857,false,גונסונס בייבי שמן 500 מל חדש,גונסון אנד גונסון,IT,גונסון בייבי שמן 500,מיליליטרים,500.00,"100 מ""ל",false,,29.90,0.0598,true,1,1444688
3574660089547,false,טמפונים נורמל קלאסי אובה 32 יחידות,ג'\ונסון אנד ג'\ונסון,GR,טמפונים נורמל קלאסי,יח',32.00,יח',false,,19.90,0.6219,true,1,1444689
3574660115154,false,או-בה טמפונים קלאסי סופר 32יח',ג'\ונסון אנד ג'\ונסון,GR,טמפונים סופר אובה 32,יח',32.00,יח',false,,19.90,0.6219,true,1,1444690
3574660333466,false,טמפונים מיני פרו קומפורט אובה 32 יחידות,הנסיך- מפעל לייצור ט,DE,טמפונים מיני פרו קומ,יח',32.00,יח',false,,24.90,0.7781,true,1,1444699
3574660389128,false,ליסטרין שטיפת פה קול מינט טעם מעודן 500,General,,ליסטרין קולמינט 500מ,מיליליטרים,500.00,"100 מ""ל",false,,14.90,0.0298,true,1,1464152
3574660389142,false,"ליסטרין מי פה ירוק פרש בורסט 500 מ""ל",,,ליסטרין פרש 500מל,מיליליטרים,500.00,"100 מ""ל",false,,14.90,0.0298,true,1,1464153
3574661352275,false,ליסטירין מי פה פירות יער 250 מל,ג'\ונסון אנד ג'\ונסון,IT,ליסטרין קידס ברי 250,מיליליטרים,250.00,"100 מ""ל",false,,12.90,0.0516,true,1,1450885
3574661392486,false,"קרם ידיים ניוטרוגינה הידרו בוסט 75 מ""ל",ניוטרוג'ינה Neutrogena,GR,ניוטרוגינה קרם ידיים,מטרים,75.00,100 מ'ל,false,,24.90,0.3320,true,1,1444716
3574661487328,false,קרפרי מגני תחתון אורגינל פלוס 56 יח',הדקלאים אגודת שיתופי,IT,קרפרי מגן תחתון רגיל,יח',56.00,יח',false,,15.90,0.2839,true,1,1444721
3574661487335,false,מגן תחתון קרפרי מקסי לונג ריחני 40 יחידות,קרפרי Carefree,IT,מגן תחתון קרפרי 40 י,יח',1.00,יח',false,,15.90,15.9000,true,1,1444722
3574661487618,false,קרפרי מגן תחתון מקסי לארג'' מבושם 48 יח'',ג'ויה מעבדות לקוסמטי,IT,קרפרי מגן תחתון מקסי,יח',1.00,יח',false,,15.90,15.9000,true,1,1444723
3574661491721,false,"ליסטרין - מי פה הלבנה 500 מ""ל",,,"ליסטרין 500 מ""ל",מיליליטרים,500.00,"100 מ""ל",false,,14.90,0.0298,true,1,1497621
3574661500355,false,קרפרי מגן תחתון מקסי לונג רגיל 40 יח',ג'ויה מעבדות לקוסמטי,IT,מגן תחתון קרפרי 40 י,יח',1.00,יח',false,,15.90,15.9000,true,1,1444726
3574661552576,false,קרפרי מגן תחתון רגיל טנגה לבן 56 יח חדש,הדקלאים אגודת שיתופי,GR,קרפרימגן תחתון טנגה,יח',1.00,יח',false,,15.90,15.9000,true,1,1444730
3574661552804,false,מגן תחתון קרפרי אלוורה 56 יחידות,הדקלאים אגודת שיתופי,IT,קרפרי מגן תחתון אלוו,יח',1.00,יח',false,,15.90,15.9000,true,1,1444731
3574661552811,false,מגן תחתון קרפרי כותון אוורירי 56 יחידות,הדקלאים אגודת שיתופי,GR,קרפרי כותון אוורירי,יח',1.00,יח',false,,15.90,15.9000,true,1,1444732
3574661554877,false,מגן תחתון קרפרי כותון מבושם 56 יחידות,הנסיך- מפעל לייצור ט,GR,קרפרי כותון מבושם 56,יח',1.00,יח',false,,15.90,15.9000,true,1,1444733
3574661554884,false,קרפרי מגן תחתון רגיל טנגה מבושם 56 יח,הדקלאים אגודת שיתופי,IT,קרפרי טנגה ריחני 56,יח',1.00,יח',false,,15.90,15.9000,true,1,1444734
3574661561226,false,"ליסטרין אדוונס 600 מ""ל",,,ליסטרין אדוונס 600 מ,מיליליטרים,600.00,"100 מ""ל",false,,17.90,0.0298,true,1,1450889
3574661610344,false,נטרוגינה קרם לחות עשיר ומרוכז לעור יבש ע,גונסון אנד גונסון סנטה ב,FR,נוטרוגינה קרם לחות א,מיליליטרים,300.00,"100 מ""ל",false,,29.90,0.0997,true,1,1444735
3574669907682,false,גונסונס בייבי טלק 500 גרם חדש,גונסון אנד גונסון,IT,גונסון בייבי טלק 500,גרמים,500.00,100 גרם,false,,29.90,0.0598,true,1,1444737
3574669907729,false,גונסונס בייבי שמפו לתינוק 750 מל,גונסון אנד גונסון,IT,גונסונס בייבי שמפו ג,מיליליטרים,750.00,"100 מ""ל",false,,23.90,0.0319,true,1,1444738
3574669907767,false,גונסונס בייבי שמפו קמומיל 750 מל חדש,ג'ונסונס בייבי,IT,גונסונס בייבי שמפו ק,מיליליטרים,750.00,"100 מ""ל",false,,23.90,0.0319,true,1,1444739
3574669908481,false,גונסונס בייבי אל סבון אמבט 750 מל חדש,ג'ונסונס Johnson's,IT,גונסון בייבי אלסבון,מיליליטרים,750.00,"100 מ""ל",false,,19.90,0.0265,true,1,1444745
3574669908948,false,"גונסונס בייבי אל סבון לרחצה עדינה 750 מ""ל",גונסון אנד גונסון,IT,גונסון בייבי אלסבון,מיליליטרים,750.00,"100 מ""ל",false,,19.90,0.0265,true,1,1444748
3600522344032,false,לוריאל - אלביב מסכה טוטאל ריפר 300,kozmetik canan,DE,אלביב מסכת טוטל ריפר,מיליליטרים,300.00,"100 מ""ל",false,,24.90,0.0830,true,1,1440817
3600522344070,false,לוריאל - אלביב מסכה קולור פרוטקט 300,"לוריאל ישראל בע""מ",DE,אלביב מסכה קולור פרו,מיליליטרים,300.00,"100 מ""ל",false,,24.90,0.0830,true,1,1440818
3600522378051,false,לוריאל - אקסלנס קרם 6.32 חום בהיר זהוב מעודן,ליברמו,BE,אקסלנס קרם 6.32 חום,יח',1.00,יח',false,,34.90,34.9000,true,1,1440822
3600522550129,false,קרם אנטי-אייג'ינג יום אייג' ספשיאליסט +45,"קרלסרו, גרמניה",DE,לוריאל אייג' ספשיאלי,מיליליטרים,50.00,"מ""ל",false,,49.90,0.9980,true,1,1440824
3600522550167,false,קרם אנטי-אייג'ינג לילה אייג' ספשיאליסט +45,"קרלסרו, גרמניה",DE,לוריאל אייג' ספשיאלי,מיליליטרים,50.00,"100 מ""ל",false,,49.90,0.9980,true,1,1440825
3600522550204,false,קרם אנטי-אייג'ינג יום אייג' ספשיאליסט +55,"קרלסרו, גרמניה",DE,לוריאל אייג' ספשיאלי,מיליליטרים,50.00,"100 מ""ל",false,,49.90,0.9980,true,1,1440826
3600522632436,false,קרם אנטי-אייג'ינג לילה אייג' ספשיאליסט +55,"קרלסרו, גרמניה",DE,לוריאל אייג' ספשיאלי,מיליליטרים,50.00,"100 מ""ל",false,,49.90,0.9980,true,1,1440827
3600523193141,false,תרסיס לכיסוי שורשי השיער Magic Retouch שחור,לוריאל ליברמו,BE,ספריי צבע לשיער מג'י,מיליליטרים,200.00,"מ""ל",false,,34.90,0.1745,true,1,1440841
3600523193165,false,תרסיס לכיסוי שורשי השיער Magic Retouch חום בהיר,לוריאל ליברמו,BE,ספריי צבע לשיער מג'י,מיליליטרים,200.00,"מ""ל",false,,34.90,0.1745,true,1,1440843
3600523363193,false,לוריאל הידרה גינייס גל לחות לעור יבש,"לוריאל פרודקשן דויטשלנד,",DE,HG ג'ל לחות לעור יבש,יח',1.00,יח',false,,49.90,49.9000,true,1,1440849
3600523450435,false,לוריאל סדרת פרחים גל רחצה לעור רגיש 150,קרלסרו,DE,גל רחצה לוריאל,מיליליטרים,150.00,"100 מ""ל",false,,34.90,0.2327,true,1,1440853
3600523476619,false,לוריאל - דרמו פרחים ג'ל ניקוי כחול (החלפת ברקוד),סופרוריאל אולניי,FR,דרמו פרחים ג'ל ניקוי,יח',1.00,יח',false,,34.90,34.9000,true,1,1440856
3600523642489,false,מסכת הזנה אינטנסיבית 6 שמנים לשיער יבש,לוריאל - אלביב Elvive,DE,אלביב מסכת שמנים 300,מיליליטרים,300.00,"100 מ""ל",false,,24.90,0.0830,true,1,1440860
3600523651870,false,שמפו לחיזוק סיב השערה לכל סוגי השיער,לוריאל - אלביב Elvive,TR,אלביב שמפו פול רזיסט,מיליליטרים,550.00,"100 מ""ל",false,,14.90,0.0271,true,1,1440861
3600523651887,false,"לוריאל - אלביב שמפו טוטאל ריפר 550 מ""ל",לוריאל - אלביב Elvive,TR,אלביב שמפו טוטאל ריפ,מיליליטרים,550.00,"100 מ""ל",false,,14.90,0.0271,true,1,1440862
3600523651900,false,מרכך לחיזוק סיב השערה לכל סוגי השיער,לוריאל - אלביב Elvive,TR,אלביב מרכך פול רזיסט,מיליליטרים,550.00,"100 מ""ל",false,,14.90,0.0271,true,1,1440863
3600523652228,false,"לוריאל - אלביב מרכך טוטאל ריפר 550 מ""ל",לוריאל - אלביב Elvive,TR,אלביב מרכך טוטאל ריפ,מיליליטרים,550.00,"100 מ""ל",false,,14.90,0.0271,true,1,1440864
3600523652242,false,"לוריאל - אלביב שמפו קולור פרוטקט 550 מ""ל",לוריאל - אלביב Elvive,TR,אלביב שמפו קולור פרו,מיליליטרים,550.00,"100 מ""ל",false,,14.90,0.0271,true,1,1440866
3600523652259,false,"לוריאל - אלביב מרכך קולור פרוטקט 550 מ""ל",קוסמטיקס,TR,אלביב מרכך קולור פרו,מיליליטרים,550.00,"100 מ""ל",false,,14.90,0.0271,true,1,1440867
3600523652280,false,"לוריאל אלביב שמפו מועשר ב 6 שמנים, 550 מ""ל",לוריאל - אלביב Elvive,TR,אלביב שמפו 6 שמנים 5,מיליליטרים,550.00,"100 מ""ל",false,,14.90,0.0271,true,1,1440869
3600523652297,false,"מרכך לשיער אלביב זהב 6 שמנים , 550 מ""ל",לוריאל - אלביב Elvive,TR,אלביב מרכך 6 שמנים 5,מיליליטרים,550.00,"100 מ""ל",false,,14.90,0.0271,true,1,1440870
3600523755806,false,"לוריאל - אלביב שמפו קוקוס 550 מ""ל",קוסמטיקס,TR,אלביב שמפו קוקוס 550,יח',1.00,יח',false,,14.90,14.9000,true,1,1440873
3600523756322,false,"לוריאל - אלביב מרכך קוקוס 550 מ""ל",קוסמטיקס,TR,אלביב מרכך קוקוס 550,יח',1.00,יח',false,,14.90,14.9000,true,1,1440874
3600523782567,false,"לוריאל - אלביב שמפו דרים לונג 500 מ""ל",לוריאל - אלביב Elvive,FR,אלביב שמפו דרים לונג,מיליליטרים,500.00,"100 מ""ל",false,,14.90,0.0298,true,1,1440875
3600523782574,false,לוריאל - אלביב מסכה דרים לונג 300,לוריאל - אלביב Elvive,DE,אלביב מסכה דרים לונג,מיליליטרים,300.00,"100 מ""ל",false,,24.90,0.0830,true,1,1440876
3600523782581,false,מרכך מתיר קשרים לשיער ארוך ופגום Dream Long,לוריאל - אלביב Elvive,FR,אלביב מרכך דרים לונג,מיליליטרים,500.00,"100 מ""ל",false,,14.90,0.0298,true,1,1440877
3600523936946,false,"לוריאל - אלביב מסכת פול רזיסט 300 מ""ל","לוריאל ישראל בע""מ",DE,אלביב מסכת ארג'נין 3,מיליליטרים,300.00,"100 מ""ל",false,,24.90,0.0830,true,1,1440887
3600523953677,false,לוריאל - דרמו רויטליפט קלאסי יום SPF30 עברית,"קרלסרו, גרמניה",DE,רויטליפט קרם יום SPF,100 מל,50.00,100 מל,false,,59.90,1.1980,true,1,1440891
3600524051334,false,אלביב מרכך חומצה היאלורונית 400 מל,לוריאל,FR,אלביב מרכך היאלרונית,מטרים,400.00,100 מ'ל,false,,14.90,0.0373,true,1,1482711
3600524051570,false,לוריאל - אלביב מסכה היאלורונית 300 מ''ל,DEUT PRODUKTION L\'OREAL,FR,אלביב מסכה היאלרונית,מטרים,300.00,100 מ'ל,false,,24.90,0.0830,true,1,1482712
3600541029323,false,גרנייה אסנשיאל מסיר איפור 2 ב- 1,SOPROCOS סופרוקוס,FR,גרנייה אסנשיאל מסיר,מיליליטרים,200.00,"100 מ""ל",false,,19.90,0.0995,true,1,1440923
3600541253667,false,"גרנייה - דאודורנט ספריי לאישה אינביזיבל BWC (ורוד) 150 מ""ל","לוריאל ישראל בע""מ",FR,דאו ספריי אינביזיבל,מיליליטרים,150.00,"100 מ""ל",false,,11.90,0.0793,true,1,1440928
3600541382930,false,גרנייה - מים מיסלרים לכל סוגי העור,"קוסמופול, פולין",PL,גרנייה מי מיסלר הכול,מיליליטרים,400.00,"100 מ""ל",false,,29.90,0.0747,true,1,1440938
3600541928275,false,מי פנים מיסלריים דו-פאזיים מסיר איפור עמיד במים,"קוסמופול, פולין",PL,גרנייה מים מיסלריים,מיליליטרים,400.00,"100 מ""ל",false,,29.90,0.0747,true,1,1440951
3600541937475,false,גרניה פיור גרגרים מסיכה לעור מעורב עד שמן,לוריאל,FR,גרנייה פיור נקוי 3ב1,מיליליטרים,150.00,"100 מ""ל",false,,29.90,0.1993,true,1,1440954
3600541952720,false,ג'ל גרגירים עם פחם פעיל לטיפול בראשים שחורים,גרנייה Garnier,FR,גרנייה פיור פחם ג'ל,גרמים,150.00,100 גרם,false,,29.90,0.1993,true,1,1440959
3600542052788,false,גרנייה בוטניקל חלב פנים ורדים 200 מל,קוסמופול,DE,גרנייה בוטניקל חלב פ,מטרים,200.00,100 מ'ל,false,,24.90,0.1245,true,1,1440970
3600542097253,false,גרנייה - מסכת טישו פחם אצות שחורות,ביוטיקוס אינטרנשיונאל,CN,גרנייה מסכת טישו פחם,יח',1.00,יח',false,,14.90,14.9000,true,1,1440972
3600542154772,false,גרנייה מסכת טישו עיניים סקין אקטיב קוקוס,לוריאל,CN,גרנייה מסכת טישו עינ,יח',1.00,יח',false,,12.90,12.9000,true,1,1440974
3600542245425,false,גרנייה - אוליה מיני קיט 4.15 חום שוקולד קרח,לוריאל,PL,אוליה מיני קיט 4.15,יח',1.00,יח',false,,29.90,29.9000,true,1,1440988
3600542328647,false,גרניה סקין נט קרם גל אלוורה 50 מל,לוריאל,PL,גרנייה קרם יום אלוור,יח',1.00,יח',false,,39.90,39.9000,true,1,1441010
3600542365710,false,גרנייה - פיור ג'ל ניקוי,לוריאל,PL,גרנייה פיור ג'ל ניקו,יח',1.00,יח',false,,29.90,29.9000,true,1,1441015
3600542365758,false,גרניה בוטניקל מי פנים ענבים 200 מל,"קוסמופול, פולין",DE,גרנייה מי פנים ענבים,מיליליטרים,200.00,"100 מ""ל",false,,19.90,0.0995,true,1,1441016
3600542366113,false,גרניה בוטניקל קרם לחות ענבים 50 מל,לוריאל,DE,גרנייה בוטניקל קרם ל,יח',1.00,יח',false,,29.90,29.9000,true,1,1441018
3600542366151,false,גרנייה - קרם לחות בוטניקלס ורדים,לוריאל,DE,קרם לחות ורדים גרניי,מיליליטרים,200.00,"100 מ""ל",false,,29.90,0.1495,true,1,1441019
3600542385091,false,"גרנייה - דאודורנט רול און לאישה אקשן קונטרול 72 שעות 50 מ""ל",קוסמופול,PL,גרנייה דאו. רול אקשן,יח',1.00,יח',false,,11.90,11.9000,true,1,1441023
3600542385220,false,"גרנייה - דאודורנט רול און לאישה פרוטקשן 6 פלורל (סגול) 50 מ""ל",גרנייה Garnier,FR,גרנייה דאו. רול פרוט,יח',1.00,יח',false,,11.90,11.9000,true,1,1441025
3600542385251,false,"גרנייה - דאודורנט רול און לאישה פרוטקשן 6 כותנה (ורוד) 50 מ""ל",גרנייה Garnier,FR,גרנייה דאו. רול פרוט,יח',1.00,יח',false,,11.90,11.9000,true,1,1441026
3600542385268,false,"גרנייה - דאודורנט רול און לאישה אינביזיבל BWC (ורוד) 50 מ""ל",לוריאל ישראל קוסמטיקס בע,PL,גרנייה דאו. רול אינב,יח',1.00,יח',false,,11.90,11.9000,true,1,1441027
3600542385275,false,"גרנייה - דאודורנט רול און לאישה פיור אקטיב 50 מ""ל",גרנייה Garnier,FR,גרנייה דאו. רול און,יח',1.00,יח',false,,11.90,11.9000,true,1,1441028
3600542385312,false,גרניה טישו מסק מסכת רימונים לעור יבש,לוריאל,CN,גרנייה טישו מסק רימו,יח',1.00,יח',false,,12.90,12.9000,true,1,1441029
3600542397926,false,"גרנייה - דאודורנט ספריי לאישה פרוטקשן 6 כותנה (ורוד) 150 מ""ל","קוסמופול, פולין",FR,דאו ספריי פרוטקשן6 כ,מיליליטרים,150.00,"100 מ""ל",false,,11.90,0.0793,true,1,1441034
3600542398206,false,גרניה סקין נט תרחיץ אלוורה 200 מל,"קוסמופול, פולין",DE,גרנייה אלו ג'ל ניקוי,יח',1.00,יח',false,,21.90,21.9000,true,1,1441035
3600542421621,false,גרניה פרוקטיס מסכה לשיער בננה 390 מל,"אינטרביוטי קוסמטיק בע""\מ",IL,פרוקטיס הירפוד מסכה,גרמים,390.00,100 גרם,false,,34.90,0.0895,true,1,1441037
3600542421669,false,"גרנייה - פרוקטיס היירפוד מרכך פפאיה 350 מ""ל","אינטרביוטי קוסמטיק בע""\מ",IL,גרנייה פרוקטיס היפור,יח',1.00,יח',false,,14.90,14.9000,true,1,1441040
3600542421676,false,"גרנייה - פרוקטיס היירפוד מרכך בננה 350 מ""ל","אינטרביוטי קוסמטיק בע""\מ",IL,גרנייה פרוקטיס היפור,יח',1.00,יח',false,,14.90,14.9000,true,1,1441041
3600542421683,false,"גרנייה - פרוקטיס היירפוד שמפו בננה 350 מ""ל","אינטרביוטי קוסמטיק בע""\מ",IL,גרנייה פרוקטיס היפור,יח',1.00,יח',false,,14.90,14.9000,true,1,1441042
3600542421706,false,"גרנייה - פרוקטיס היירפוד שמפו פפאיה 350 מ""ל","אינטרביוטי קוסמטיק בע""\מ",IL,גרנייה פרוקטיס היפור,יח',1.00,יח',false,,14.90,14.9000,true,1,1441043
3600542421737,false,גרנייה פרוקטיס היפורד מסכה מקדמיה 390 גר,"אינטרביוטי קוסמטיק בע""\מ",IL,גרנייה פרוקטיס היפור,יח',1.00,יח',false,,34.90,34.9000,true,1,1441045
3600542431828,false,גרנייה - קולור נטורלס 1 שחור טבעי חדש,לוריאל ישראל קוסמטיקס בע,PL,קולור נטורלס גוון 1,יח',1.00,יח',false,,19.90,19.9000,true,1,1441046
3600542431859,false,גרנייה - קולור נטורלס 5 חום טבעי חדש,לוריאל ישראל קוסמטיקס בע,PL,קולור נטורלס גוון 5,יח',1.00,יח',false,,19.90,19.9000,true,1,1441049
3600542431873,false,גרנייה - קולור נטורלס 7 בלונד טבעי חדש,לוריאל ישראל קוסמטיקס בע,PL,קולור נטורלס גוון 7,יח',1.00,יח',false,,19.90,19.9000,true,1,1441051
3600542431934,false,גרנייה - קולור נטורלס 6.25 חום אגוז חדש,לוריאל ישראל קוסמטיקס בע,PL,קולור נטורלס גוון 6.,יח',1.00,יח',false,,19.90,19.9000,true,1,1441057
3600542431996,false,גרנייה - קולור נטורלס 5.15 חום שוקולד עשיר חדש,יבואן ומשווק: n\לוריאל י,PL,קולור נטורלס גוון 5.,יח',1.00,יח',false,,19.90,19.9000,true,1,1441063
3600542432016,false,צבע לשיער קולור נטורלס- 5.25 חום מהגוני פנינה בהיר,לוריאל ישראל קוסמטיקס בע,PL,קולור נטורלס 5.25 חו,גרמים,112.00,100 גרם,false,,19.90,0.1777,true,1,1441065
3600542432047,false,גרנייה - קולור נטורלס 10.1 בלונד סופר בהיר ב חדש,קוסמופול,PL,קולור נטורלס 10.1 בל,גרמים,112.00,100 גרם,false,,19.90,0.1777,true,1,1441068
3600542433266,false,גרנייה - סרום לפנים ויטמין C סקין אקטיב,לוריאל,DE,גרנייה סרום ויטמין C,יח',1.00,יח',false,,49.90,49.9000,true,1,1441074
3600542456593,false,גרנייה פיור אקטיב מי פנים 200 מל,General,FR,גרנייה פיור אקטיב מי,מטרים,200.00,100 מ'ל,false,,27.90,0.1395,true,1,1476667
3607343817547,false,"אדידס - דאודורנט ספריי לגבר קליימקול 150 מ""ל",קולפ,PT,דאו' אדידס ספריי לגב,מיליליטרים,150.00,"100 מ""ל",false,,12.90,0.0860,true,1,1457808
3607345264912,false,"אדידס בודי ספריי לגבר אייס דייב, ללא אלומיניום, 150 מל",אגריפק אס איי לגרדה,ES,פיוז'ן-ספריי גוף אייס דיי,מיליליטרים,150.00,"100 מ""ל",false,,14.90,0.0993,true,1,1457810
3607346736289,false,אדידס תיק רחצה נייבי,,,אדידס תיק רחצה נייבי,יח',1.00,יח',false,,9.90,9.9000,true,1,1457812
3607347320449,false,"אדידס - ג'ל רחצה ספורט אנרג'י 400 מ""ל",קוטי ס.פ,ES,אדידס ספורט אנרג'י ג,מיליליטרים,400.00,"100 מ""ל",false,,9.90,0.0248,true,1,1457813
3608580730255,false,קונפיטורה בטעם משמש 370 גר BONNE MAMAN,בון ממן,FR,קונפיטורות בן ממן 37,גרמים,370.00,100 גרם,false,,19.70,0.0532,true,1,1456887
3614221653715,false,"אדידס קליימקול ג'ל רחצה, 400 מ""ל",קוטי ס.פ,ES,אדידס קליימקול ג'ל ר,מיליליטרים,400.00,"100 מ""ל",false,,9.90,0.0248,true,1,1457815
3616303057916,false,"אדידס 8 בודי ספריי 150מ""ל",,,אדידס 8 בודי ספריי 1,מיליליטרים,150.00,"100 מ""ל",false,,14.90,0.0993,true,1,1514948
3616303057978,false,"אדידס 8 דאו ספריי לגבר150מ""ל",,,אדידס 8 דאו ספריי לג,מיליליטרים,150.00,"100 מ""ל",false,,12.90,0.0860,true,1,1514949
3616303303037,false,"אדידס 8 ג'ל רחצה 400מ""ל",,,אדידס 8 ג'ל רחצה 400,מיליליטרים,400.00,"100 מ""ל",false,,14.90,0.0373,true,1,1514950
3661163990545,false,"אדידס דאודורנט ספריי לגברים אקשיין 200 מ""ל",מיוצר עי קונדיטוריית,PT,דאו' ספריי לגבר קליי,מיליליטרים,200.00,"100 מ""ל",false,,14.90,0.0745,true,1,1457821
3661163991146,false,"אדידס - דאודורנט ספריי לאישה קול אנד קר פרש 150 מ""ל",מיוצר עי קונדיטוריית,PT,דאו' ספריי אשה קול אנד קר,מיליליטרים,150.00,"100 מ""ל",false,,14.90,0.0993,true,1,1457822
3661163991580,false,"אדידס - דאודורנט ספריי לאישה קול אנד קר 6 ב-1 150 מ""ל",מיוצר עי קונדיטוריית,PT,דאו' ספריי אישה קול אנד ק,מיליליטרים,150.00,"100 מ""ל",false,,14.90,0.0993,true,1,1457824
3665468301723,false,אירוויק באז מבשם ומנטרל ריחות בניחוח לילות לבנים 237 מ'ל,רקיט בנקיזר,PL,איירוויק נטול גז 237,מטרים,237.00,100 מ'ל,false,,14.90,0.0629,true,1,1494726
3838824127286,false,צבע לשיער פלטה - 7-0 בלונד בינוני,שוורצקופף והנקל,SI,"צבעי שיער ""פלטה""",יח',1.00,יח',false,,19.90,19.9000,true,1,1443886
3838824127507,false,פלטה סמי קיט חום קטיפתי 4-60 צבע שיער,שוורצקופף והנקל,SI,"צבעי שיער ""פלטה""",יח',1.00,יח',false,,19.90,19.9000,true,1,1443889
3838824127583,false,צבע לשיער פלטה - 6-88 אדום בוער,שוורצקופף והנקל,SI,"צבעי שיער ""פלטה""",יח',1.00,יח',false,,19.90,19.9000,true,1,1443890
3838824128849,false,פאלטה - דלוקס שמני הזנה ערמונים 5-68,שוורצקוף Schwarzkopf,DE,צבעי שיער קיט פלטה,יח',1.00,יח',false,,29.90,29.9000,true,1,1443894
3838824193915,false,צבע לשיער פאלטה סמי קיט שחור 0-1,שוורצקופף והנקל,SI,צבע שיער פאלטה סמי ק,יח',1.00,יח',false,,19.90,19.9000,true,1,1443901
3838824332178,false,פאלטה ברוז' חום אדום יין 6-80 סמי קיט,שוורצקופף והנקל,DE,צבע שיער פאלטה סמי ק,יח',1.00,יח',false,,19.90,19.9000,true,1,1443909
3838824381022,false,צבעי שיער חום שוקולד כהה 3-65 סמי קיט פאלטה,שוורצקופף והנקל,DE,פלאטה סמי קיט 3-65 ח,מטרים,110.00,100 מ'ל,false,,19.90,0.1809,true,1,1443916
4000417019004,false,שוקולד חלב אגוזי לוז שלמים ריטר ספורט 100 גרם,ריטר ספורט Ritter sport,DE,שוקולד חלב אגוזי לוז,גרמים,100.00,100 גרם,false,,9.90,0.0990,true,1,1451792
4000417023001,false,ריטר ספורט שוקולד חלב מעולה עם שקדים שלמים,ריטר ספורט Ritter sport,DE,שוקולד שקדים שלמים ר,גרמים,100.00,100 גרם,false,,9.90,0.0990,true,1,1451794
4000417025005,false,שוקולד מריר במילוי מרציפן ריטר ספורט 100 גרם,ריטר ספורט Ritter sport,DE,שוקולד מריר במילוי מ,גרמים,100.00,100 גרם,false,,7.90,0.0790,true,1,1451795
4000417026002,false,שוקולד ריטר ספורט פרלין 100 גרם חלב נוכרי,ריטר ספורט Ritter sport,DE,שוקולד ריטר ספורט פר,גרמים,100.00,100 גרם,false,,7.90,0.0790,true,1,1451796
4000417101211,false,גלילי וופל עם קרם אגוזי לוז בציפוי שוקולד חלב,אמיצ'לי Amicelli,AT,גלילי וופל בציפוי שו,גרמים,150.00,100 גרם,false,,17.70,0.1180,true,1,1451797
4000417211002,false,שוקולד חלב מעולה ממולא קרם קרמל מוקצף ושברי שקדים מומלחים,ריטר ספורט Ritter sport,DE,שוקולד ריטר מוס קרמל,גרמים,100.00,100 גרם,false,,7.90,0.0790,true,1,1451798
4000417212009,false,ריטר ספורט שוקולד מריר מעולה עם שקדים קצוצים וקליפות תפוז מסוכרות,ריטר ספורט Ritter sport,DE,שוקולד ריטר מריר תפו,גרמים,100.00,100 גרם,false,,7.90,0.0790,true,1,1451799
4000417222008,false,שוקולד ריטר ספורט חלב+שברי אגוזים 100 גרם חלב נוכרי,ריטר ספורט Ritter sport,DE,ריטר ספורט חלב ושברי,גרמים,100.00,100 גרם,false,,7.90,0.0790,true,1,1451802
4000417224002,false,"ריטר ספורט טבלת שוקולד מריר אגוזים, 100 גרם",ריטר ספורט Ritter sport,DE,שוקולד ריטר ספורט מר,גרמים,100.00,100 גרם,false,,9.90,0.0990,true,1,1451803
4000417294005,false,שוקולד ריטר מוס קקאו 100 גרם חלב נוכרי,ריטר ספורט Ritter sport,DE,שוקולד ריטר ספורט 10,גרמים,100.00,100 גרם,false,,7.90,0.0790,true,1,1451804
4000417707000,false,שוקולד חלב מעולה עם שברי קשיו קלוי ומומלח,ריטר ספורט Ritter sport,DE,ריטר ספורט קשיו,יח',1.00,יח',false,,9.90,9.9000,true,1,1451808
4000522009747,false,"מקלות בייגלה תפו""א צ'יו 80 גרם",טרופיקל דגיל תעשיות,HU,בייגלה צ'יו מקלות 80,גרמים,80.00,100 גרם,false,,3.90,0.0487,true,1,1456890
4000522061752,false,בייגלה צ'יו מקלות מלוחים 100 גרם,צ'יו Chio,HU,בייגלה צ'יו מקלות,גרמים,100.00,100 גרם,false,,3.90,0.0390,true,1,1456891
4000539280726,false,שוקולד לינדט אקסלנס מילד 70% 100 גר,לינדט ושפרונגלי,DE,לינדט אקסלנס 70% 100,גרמים,100.00,100 גרם,false,,14.90,0.1490,true,1,1480011
4001432773230,false,בלו ווין מוסקטו 1 ליטר,יקב רמת הגולן,DE,בלו ווין מוסקטו 1לי,100 קילו,1000.00,100 קילו,false,,49.90,0.0499,true,1,1462488
4001518003800,false,טורינוס מקלות פריכים עם פלפל ומלח 125 גרם,גריסון,DE,מקלות פריכים עם מלח,גרמים,125.00,100 גרם,false,,14.70,0.1176,true,1,1456892
4001518114223,false,ביסקוויט במילוי קרם אגוזי לוז 172 ג' BOCCIA,בוצ'יה Boccia,DE,ביסקוויט במילוי קרם,גרמים,172.00,100 גרם,false,,14.90,0.0866,true,1,1456896
4002103248323,false,"ארדינגר פיקנטוס 7.3% כהה 500 מ""ל",ארדינגר,DE,בירה ארדינגר פיקנטוס,מיליליטרים,500.00,"100 מ""ל",false,,9.90,0.0198,true,1,1450288
4002448017684,false,"סיליט באנג ספריי ניקוי כללי מסיר אבנית 750 מ""ל",הדקלאים אגודת שיתופי,PL,"CILLT,IL,LIME&GRIME2X6X75",מיליליטרים,750.00,"100 מ""ל",false,,12.50,0.0167,true,1,1456361
4002448019480,false,"סיליט באנג מסיר שומנים רב שימושי 750 מ""ל",סיליט באנג Cillit Bang,PL,"CILLT,IL,DEGR 12X750 VETT",מיליליטרים,750.00,"100 מ""ל",false,,12.50,0.0167,true,1,1456362
4002575016253,false,מרציפן מצופה שוקולד זנטיס 100 גרם,הדקלאים אגודת שיתופי,DE,מרציפן מצופה שוקולד,גרמים,100.00,100 גרם,false,,8.70,0.0870,true,1,1451810
4002590000022,false,סוכריות קלפני פירות יער אוכמניות 150 ג',ליימן מותגים,DE,סוכריות בטעם פירות י,גרמים,150.00,100 גרם,false,,8.90,0.0593,true,1,1451811
4002590000039,false,סוכריות בטעם פירות הדר קלפני 150 גרם,ליימן מותגים,,סוכריות בטעם פירות ה,גרמים,150.00,100 גרם,false,,8.90,0.0593,true,1,1451812
4002590000046,false,סוכריות בטעם מנטה מרענן קלפני 150 גרם,ליימן מותגים,DE,סוכריות בטעם מנטה מר,גרמים,150.00,100 גרם,false,,8.90,0.0593,true,1,1451813
4002590703541,false,קלפני סוכריות קשות בטעם תות,ליימן מותגים,DE,סוכריות קלפני 150 ג,גרמים,150.00,100 גרם,false,,8.90,0.0593,true,1,1451815
4002720005736,false,מליטה קפה לפילטר פרימיום 250 גרם,המאפיה של הרמן,DE,מליטה קפה PREMIUMלפילטר 2,גרמים,250.00,100 גרם,false,,15.90,0.0636,true,1,1457825
4004666042004,false,"מלרוד מרסס משמיד עובש יעקבי 500 מ""ל",יעקובי,DE,משמיד עובש מלרוד 500,מיליליטרים,500.00,"100 מ""ל",false,,29.90,0.0598,true,1,1450555
4004666107819,false,"מלרוד - מרסס לניקוי וטיהור המזגן 500 מ""ל",מלרוד,DE,מלרוד מרסס לניקוי וט,מיליליטרים,500.00,"100 מ""ל",false,,22.90,0.0458,true,1,1450556
4004666111656,false,"ג'ל פעיל להשמדת עובש 250 מ""ל מרלוד",מלרוד,DE,מלרוד ג'ל פעיל לעובש,מטרים,250.00,100 מ'ל,false,,28.90,0.1156,true,1,1450557
4005808406029,false,"ניוואה - תחליב רחצה סופט 750 מ""ל",ביירסדורף,DE,קרם רחצה סופט ניוואה,מיליליטרים,750.00,"100 מ""ל",false,,12.90,0.0172,true,1,1468711
4005808515554,false,ניוואה סופט קרם רב שימושי מרקם עדין 300מ,HELLAS BEIERSDORF,ES,ניוואה סופט קרם רב ש,מטרים,300.00,100 מ'ל,false,,34.90,0.1163,true,1,1477637
4005808670314,false,"קרם לחות לפנים לעור רגיל - מעורב ניוואה 50 מ""ל",ניוואה Nivea,PL,קרם לחות לפנים לעור,100 מל,50.00,100 מל,false,,39.90,0.7980,true,1,1468716
4005808698103,false,ניוואה תחליב גוף סמוד לעור יבש 500 מל,בטר אנד דיפרנט,DE,ניוואה תחליב גוף סמו,מיליליטרים,500.00,"100 מ""ל",false,,19.90,0.0398,true,1,1468718
4005808702107,false,ניוואה תחליב גוף לעור יבש מאד 500 מל,בטר אנד דיפרנט,DE,ניוואה תחליב גוף משא,מיליליטרים,500.00,"100 מ""ל",false,,19.90,0.0398,true,1,1468719
4005808811700,false,"ניוואה ג'ל לניקוי מאזן לעור, 150 מ""ל",ביירסדורץ,DE,ניוואה גל ניקוי מאזן,מיליליטרים,150.00,"100 מ""ל",false,,27.90,0.1860,true,1,1468724
4005808837359,false,"ניוואה - דאודורנט רול און לאישה פרל אנד ביוטי 50 מ""ל",ביירסדורף AG,DE,דאודורנט רול און ניו,מיליליטרים,50.00,"מ""ל",false,,12.90,0.2580,true,1,1468730
4005900036445,false,"ניוואה - דאודורנט רול און לאישה בלק&וויט פיור 50 מ""ל",ביירסדורץ,DE,ניוואה דאו אינויסיבל,100 מל,50.00,100 מל,false,,12.90,0.2580,true,1,1468736
4005900036483,false,"ניוואה - דאודורנט ספריי לגבר שקוף בלק וווי 150 מ""ל",בטר אנד דיפרנט,DE,דאודורנט ניוואה ספרי,מיליליטרים,150.00,"100 מ""ל",false,,14.90,0.0993,true,1,1468738
4005900036506,false,"ניוואה - דאודורנט רול און לגבר שקוף בלק 50 מ""ל",טרופיקל דגיל תעשיות,DE,דאודורנט רולאון ניוו,100 מל,40.00,100 מל,false,,12.90,0.3225,true,1,1468739
4005900092427,false,"ניוואה קרם לילה אנטי אייג' 35+ 50 מ""ל",ביירסדורף,DE,קרם לילה אנטי אייג',מיליליטרים,50.00,"מ""ל",false,,39.90,0.7980,true,1,1468744
4005900420220,false,"גל רחצה ניוואה פיור אימפקט לגבר 500 מ""ל",ניואה,DE,ניוואה ג'ל רחצה גבר,מיליליטרים,500.00,"100 מ""ל",false,,14.90,0.0298,true,1,1468749
4005900513069,false,"ניוואה - דאודורנט רול און לגבר דיפ 50 מ""ל",ביירסדורף,DE,דאודורנט רול און לגב,מטרים,50.00,100 מ'ל,false,,12.90,0.2580,true,1,1468755
4005900521262,false,"ג'ל רחצה לגבר פיור אימפקט ניוואה 500 מ""ל",ביירסדורף,DE,ג'ל רחצה דיפ 500 מל,מטרים,50.00,100 מ'ל,false,,12.90,0.2580,true,1,1468756
4005900542557,false,"ניוואה - דאודורנט רול און לאישה בלק אנד וויט 50 מ""ל",ניואה,DE,ניוואה דאו רולאון בל,יח',1.00,יח',false,,12.90,12.9000,true,1,1468757
4005900639554,false,"ניוואה - דאודורנט רול און לאישה פרש נטורל לאישה ללא אלומיניום 50 מ""ל",ביירסדורף AG,DE,ניוואה דאודורנט רול-,מטרים,50.00,100 מ'ל,false,,12.90,0.2580,true,1,1468761
4005900730299,false,"ניוואה דאו רול און לאשה בלק אנד וויט אימפקט 50 מ""ל",ביירסדורף,DE,ניוואה רולאון לאישה,מטרים,50.00,100 מ'ל,false,,12.90,0.2580,true,1,1490803
4005900730336,false,"ניוואה דאו רול און לגבר בלק אנד וויט אימפקט 50 מ""ל",ביירסדורף,DE,ניוואה רולאון לגבר ב,מטרים,50.00,100 מ'ל,false,,12.90,0.2580,true,1,1490805
4005900823489,false,ניוואה היידרה סקין אפקט קרם לחות במרקם ג'ל ללילה,ניואה,PL,היידרה סקין אפקט מרק,יח',1.00,יח',false,,59.90,59.9000,true,1,1468773
4005900826749,false,ניוואה היידרה סקין אפקט קרם לחות במרקם ג'ל ליום,אלפא,PL,היידרה סקין אפקט מרק,יח',1.00,יח',false,,59.90,59.9000,true,1,1468775
4005900828088,false,"ניוואה - דאודורנט רול און לגבר פרש 50 מ""ל",טרופיקל דגיל תעשיות,DE,דאודורנט רול און לגב,100 מל,50.00,100 מל,false,,12.90,0.2580,true,1,1468776
4005900833723,false,"ניוואה - פאוור פרש ג'ל רחצה לגבר 500 מ""ל",HELLAS BEIERSDORF,DE,ג'ל רחצה ניוואה לגבר,מיליליטרים,500.00,"100 מ""ל",false,,14.90,0.0298,true,1,1468778
4005900845733,false,"דאודורנט ספריי קול קיק פרש לגבר ניוואה מן 150 מ""ל",ביירסדורף,DE,דאו ספריי לגבר קול ק,מטרים,150.00,100 מ'ל,false,,14.90,0.0993,true,1,1468782
4005900864000,false,"ניוואה היידרה סקין אפקט מים מיסלריים להסרת איפור וניקוי הפנים עם חומצה היאלורונית 400 מ""ל",ניואה,DE,היידרה סקין מים מיסל,מטרים,400.00,100 מ'ל,false,,29.90,0.0747,true,1,1468783
4005900874931,false,"דאודורנט ספריי דיפ ביט לגבר 150 מ""ל ניוויה",ביירסדורף,DE,ניוואה מן ספריי דיפ,מטרים,150.00,100 מ'ל,false,,14.90,0.0993,true,1,1477641
4006387085407,false,שלישיית פילטר מקסטרא סודהסטרים,סודה קלאב,DE,שלישיית פילטר,100 יח',1.00,100 יח',false,,98.90,98.9000,true,1,1450857
4006387098667,false,קנקן בריטה סטייל סטרטרפק,סודה קלאב,DE,קנקן בריטה סטייל סטר,100 יח',4.00,100 יח',false,,149.00,37.2500,true,1,1450859
4008102002867,false,גרגירים להכנת תה לימון מילפורד 400 גרם,ליימן מותגים,DE,גרגירים להכנת תה לימ,גרמים,400.00,100 גרם,false,,14.40,0.0360,true,1,1451817
4008239313393,false,מעדן ויטקראפט דגים ב,,,מעדן ויטקראפט דגים,יחידה,0.00,יחידה,false,,5.90,0.0000,true,1,1502318
4008239313409,false,מעדן ויטקראפט בשר ו,,,מעדן ויטקראפט בשר ו,יחידה,0.00,יחידה,false,,5.90,0.0000,true,1,1502319
4008287051032,false,בירה קרומבאכר פילס 0.50 ליטר פחית,מנדלז סי.אר. פרודקשן,DE,קרומבאכר פחית בקבוק,מיליליטרים,500.00,"100 מ""ל",false,,9.90,0.0198,true,1,1453396
4008287058161,false,בירה קרומבאכר פילס 4.8% שישיה 6 * 330 מל,מנדלז סי.אר. פרודקשן,DE,קרומבכר בירה בהירה 6,ליטרים,1.80,ליטר,false,,36.90,20.5000,true,1,1453397
4008287762020,false,בירה קרומבאכר חיטה 0.50 ליטר בקבוק,קרומבכר בראורי,DE,קרומבאכר וואיזן בקבו,מיליליטרים,500.00,"100 מ""ל",false,,9.90,0.0198,true,1,1453398
4008287905786,false,בירה קרומבאכר חיטה 5.3% פחית 500 מל,מנדלז סי.אר. פרודקשן,DE,קרומבאכר פחית בקבוק,100 מל,500.00,100 מל,false,,9.60,0.0192,true,1,1453399
4008400230726,false,קינדר ביצת הפתעה מקסי 100 גרם,פררו,BE,ביצת הפתעה קינדר מקס,יח',1.00,יח',false,,22.90,22.9000,true,1,1462442
4009300522935,false,תה ירוק פומפדור לימונית ולואיזה 20 יחידות,"איטיליאן פוד, אס.פי.",DE,תה ירוק לימונית ולוא,גרמים,30.00,100 גרם,false,,16.90,0.5633,true,1,1444753
4009300522966,false,תה ירוק עם נענע פומפדור 20 יחידות,"איטיליאן פוד, אס.פי.",DE,תה ירוק עם נענע פומפ,גרמים,36.00,100 גרם,false,,16.90,0.4694,true,1,1444754
4009300524588,false,חליטת צמחים פומפדור פירות יער 20 יחידות,פומפדור Pompadour,DE,חליטת פירות יער פומפ,גרמים,60.00,100 גרם,false,,11.90,0.1983,true,1,1444755
4009300524625,false,תה צ'אי מסאלה פומפדור 20 יחידות,פומפדור Pompadour,DE,תה צ'אי מסאלה פומפדו,גרמים,40.00,100 גרם,false,,11.90,0.2975,true,1,1444756
4009300525011,false,פומפידור תה ירוק עם תפוז וג'ינגר 25 שקיקים,"איטיליאן פוד, אס.פי.",DE,פומפדור תה ירוק תפוז,גרמים,35.00,100 גרם,false,,16.90,0.4829,true,1,1444757
4009300525684,false,חליטת צמחים פומפדור ג'ינג'ר ולימון 20 יחידות,פומפדור Pompadour,DE,חליטת ג'ינגר לימון פ,גרמים,35.00,100 גרם,false,,11.90,0.3400,true,1,1444758
4009300526438,false,תה ירוק פומפדור קלאסי 20 יחידות,"איטיליאן פוד, אס.פי.",DE,פומפדור תה ירוק 20 י,20 יח',1.00,20 יח',false,,16.90,16.9000,true,1,1444759
4009300529514,false,תה חליטת פומפדור פירות אוכמניות 20 יח,TEEKANNE- POMPADOU,DE,חליטת פירות אוכמניות,גרמים,45.00,100 גרם,false,,14.90,0.3311,true,1,1476747
4009300529538,false,תה חליטת פומפדור פירות לימון 20 יח,TEEKANNE- POMPADOU,DE,פומפדור חליטת פירות,גרמים,50.00,100 גרם,false,,14.90,0.2980,true,1,1476748
4009300529552,false,תה חליטת פומפדור פירות אפרסק 20 יח,TEEKANNE- POMPADOU,DE,פומפדור חליטת פירות,גרמים,50.00,100 גרם,false,,14.90,0.2980,true,1,1476749
4009300529576,false,תה חליטת פומפדור פירות רימונים 20 יח,TEEKANNE- POMPADOU,DE,פומפדור חליטה פירות,גרמים,45.00,100 גרם,false,,11.90,0.2644,true,1,1444764
4009300530107,false,חליטה קרה בטעמי תות שדה ותפוז פומפדור 45 ג',פומפדור,DE,פומפדור חליטה קרה בט,גרמים,45.00,100 גרם,false,,13.90,0.3089,true,1,1444769
4009300530121,false,חליטה קרה בטעמי אפרסק ופסיפלורה פומפדור 45 ג',פומפדור,DE,פומפדור חליטה קרה בט,גרמים,45.00,100 גרם,false,,13.90,0.3089,true,1,1444770
4009300530145,false,חליטה קרה בטעמי מוחיטו ופירות יער פומפדור 45 ג',טיקנה,DE,פומפדור חליטה קרה בט,גרמים,45.00,100 גרם,false,,13.90,0.3089,true,1,1444771
4009300530183,false,תה חליטת פומפדור תפוז ספרדי 20 יח,TEEKANNE- POMPADOU,DE,פומפדור-חליטת תפוז ס,גרמים,44.00,100 גרם,false,,11.90,0.2705,true,1,1516007
4009300530206,false,תה חליטת פומפדור תפוח טורקי 20 יח,TEEKANNE- POMPADOU,DE,פומפדור-חליטת תפוח ט,גרמים,50.00,100 גרם,false,,11.90,0.2380,true,1,1516008
4009300530275,false,תה חליטת פומפדור מנטה מרוקאית 20 יח,TEEKANNE- POMPADOU,DE,פומפדור-חליטת מנטה מ,גרמים,36.00,100 גרם,false,,11.90,0.3306,true,1,1516009
4009300595106,false,חליטת צמחים קמומיל דבש פומפדור 45 ג',טיקנה,DE,פומפדור חליטת צמחים,יח',1.00,יח',false,,11.90,11.9000,true,1,1444772
4009900013581,false,מסטיק אורביט ספרמינט סטיקס משפחתי-חמישיות,ריגלי צרפת,FR,מארז חמישיית אורביט,גרמים,13.00,5 גרם,false,,9.90,0.7615,true,1,1470556
4009900379564,false,מסטיק הובה בובה Hubba Bubba טייפ בטעם פירות,מרס ריגלי קונפקשונרי,GB,הובה בובה עגול פירות,גרמים,56.00,100 גרם,false,,6.60,0.1179,true,1,1470557
4009900385824,false,מסטיק אורביט פפרמינט סטיקס משפחתי-חמישיות,ריגלי צרפת,FR,מארז חמישיית אורביט,גרמים,13.00,5 גרם,false,,9.90,0.7615,true,1,1470558
4009900402965,false,אורביט וויט בטעם פירות בקבוקון 46מלבניות,ריגלי פולין,PL,מסטיק אורביט בקבוקון,גרמים,46.00,100 גרם,false,,9.40,0.2043,true,1,1470559
4009900403023,false,אורביט וויט בטעם מנטה בקבוקון 46 מלבניות,"ב.א מזון בע""מ",PL,מסטיק אורביט בקבוקון,גרמים,46.00,100 גרם,false,,9.40,0.2043,true,1,1470560
4009900420129,false,מסטיק אורביט פרופשנל פפרמינט בקבוקון 64 גר',מרס נדרלנד,PL,מסטיק אורביט בקבוקון,גרמים,64.00,100 גרם,false,,9.40,0.1469,true,1,1470563
4009900465304,false,סוכריות סקיטלס פירות חמוצים 174 גרם,ריגלי ממתקים,CZ,סוכריות סקיטלס חמוצי,גרמים,174.00,100 גרם,false,,7.90,0.0454,true,1,1470568
4009900479998,false,אורביט וויט אוכמניות בקבוקון 46 מלבניות,ריגלי פולין,PL,מסטיק אורביט בקבוקון,גרמים,1.40,100 גרם,false,,9.40,6.7143,true,1,1470569
4009900482417,false,מסטיק אורביט פירות מנטה בקבוקון באבל מינט 45יח,ריגלי פולין,PL,מסטיק אורביט בקבוקון,גרמים,46.00,100 גרם,false,,9.40,0.2043,true,1,1470570
4009900483803,false,מסטיק איירובס מנטה אקליפטוס בקבוקון 60יח',איירוויבס Airwaves,PL,אורביט בקבוקון 60יח,יח',1.00,יח',false,,12.90,12.9000,true,1,1470571
4009900484060,false,מסטיק אורביט פרופשיונל בטעם מנטה ללא סוכר,ריגלי פולין,PL,אורביט בקבוקון 60יח,יח',1.00,יח',false,,12.90,12.9000,true,1,1470572
4009900484091,false,מסטיק אורביט פרופשיונל בטעם מנטה ללא סוכר,ריגלי פולין,PL,אורביט בקבוקון 60יח,גרמים,84.00,גרם,false,,12.90,0.1536,true,1,1470573
4009900484305,false,מסטיק אורביט פרופשיונל סוויטמינט ביגי לבן 60יח',אורביט Orbit,GB,אורביט בקבוקון 60יח,יח',1.00,יח',false,,12.90,12.9000,true,1,1470574
4009900491044,false,מסטיק איירובס אוכמניות בקבוקון 60יח',איירוויבס Airwaves,PL,אירוויבז בקבוקון 60י,יח',1.00,יח',false,,12.90,12.9000,true,1,1470578
4009900496247,false,"מסטיק אורביט לל""ס מלבניות בקבוק בבלימנט 60 יח",אורביט Orbit,PL,אורביט בקבוק בטעם בב,יח',1.00,יח',false,,12.90,12.9000,true,1,1470579
4009900500166,false,סוכריות פירות אדום סקיטלס בקבוקון 125ג',ריגלי ממתקים,CZ,סקיטלס פירות בקבוקון,גרמים,125.00,100 גרם,false,,7.90,0.0632,true,1,1470580
4009900509770,false,אורביט באריזת בקבוק בטעם תות 60 יח',אורביט Orbit,GB,אורביט בקבוקון 60 יח,גרמים,84.00,100 גרם,false,,12.90,0.1536,true,1,1470582
4009900514996,false,מסטיק טעם תות בקבוקון אורביט 64 גרם,חברת ריגלי בעמ,PL,מסטיק אורביט בקבוקון,גרמים,46.00,100 גרם,false,,9.40,0.2043,true,1,1519841
4009900521581,false,סוכריות אורביט מינטס מנטה בבקבוקון 77 גר,ריגלי פולין,PL,אורביט סוכריות מנטה,גרמים,77.00,גרם,false,,8.90,0.1156,true,1,1470587
4009900521611,false,סוכריות אורביט מינטס דובדבן מנטה בבקבוקון,מרס נדרלנד,PL,אורביט סוכריות דובדב,גרמים,77.00,גרם,false,,8.90,0.1156,true,1,1470588
4009900531122,false,"מסטיק בטעם מנטה ספירמינט, 64 ג' פרופשיונל אורפיט",מרס נדרלנד,PL,מסטיק אורביט בקבוקון,גרמים,64.00,100 גרם,false,,9.40,0.1469,true,1,1470591
4009900531573,false,סוכריות סקיטלס סמודיס בטעמי יוגורט ופירות,סקיטלס Skittles,CZ,סוכריות סקיטלס סמודי,גרמים,174.00,100 גרם,false,,7.90,0.0454,true,1,1470592
4009900532327,false,סוכריות סקיטלס סמודיס בטעמי יוגורט ופירות,ריגלי ממתקים,CZ,סקיטלס סוכריות סמודי,גרמים,38.00,100 גרם,false,,2.90,0.0763,true,1,1470593
4009900534918,false,סקיטלס גאיינט פירות 141 גרם,ריגלי,CZ,סקיטלס ג'איינט פירות,גרמים,141.00,100 גרם,false,,7.90,0.0560,true,1,1470596
4009900535519,false,מסטיק אורביט רפרשרס ספירמינט ללא סוכר 15.6גר',אורביט,PL,מסטיק אורביט רפרשרס,יח',1.00,יח',false,,3.70,3.7000,true,1,1470597
4009900535540,false,מסטיק אורביט רפרשרס פפרמינט ללא סוכר 15.6גר',אורביט,PL,מסטיק אורביט רפרשרס,יח',1.00,יח',false,,3.70,3.7000,true,1,1470598
4009900535823,false,מסטיק אורביט רפרשרס באבלמינט ללא סוכר 15.6גר',אורביט,PL,מסטיק אורביט רפרשרס,יח',1.00,יח',false,,3.70,3.7000,true,1,1470600
4009900536257,false,מסטיק אורביט רפרשרס ספירמינט בקבוקון ללא סוכר 67 גר',מרס ריגלי קונפקשונרי,PL,מסטיק אורביט רפרשרס,יח',1.00,יח',false,,11.90,11.9000,true,1,1470601
4009900536288,false,מסטיק אורביט רפרשרס פפרמינט בקבוקון ללא סוכר 67 גר',מרס ריגלי קונפקשונרי,PL,מסטיק אורביט רפרשרס,יח',1.00,יח',false,,11.90,11.9000,true,1,1470602
4009900536486,false,מסטיק אורביט רפרשרס באבלמינט בקבוקון ללא סוכר 67 גר',מרס ריגלי קונפקשונרי,PL,מסטיק אורביט רפרשרס,יח',1.00,יח',false,,11.90,11.9000,true,1,1470603
4009900539340,false,סוכריות סקיטלס ג'יינט סאוור 141 גרם,מרס ריגלי קונפקשונרי,CZ,סקיטלס ג'איינט סאוור,גרמים,141.00,100 גרם,false,,7.90,0.0560,true,1,1470604
4009900539401,false,מסטיק פייב באונס בטעם מנטה HP,Unknown,PL,מסטיק פייב טעם מנטה,יח',1.00,יח',false,,3.70,3.7000,true,1,1470605
4009900539432,false,מסטיק פייב באונס בטעם אבטיח HP,Unknown,PL,מסטיק פייב אבטיח,יח',1.00,יח',false,,3.70,3.7000,true,1,1470606
4009900539685,false,"מסטיק פייב באונס בטעם מנטה בקבוקון, 61.8 גרם",ריגלי בעמ רוסיה,PL,מסטיק בקבוקון פייב מ,יח',1.00,יח',false,,11.90,11.9000,true,1,1470607
4009900539746,false,"מסטיק פייב באונס בטעם אבטיח בקבוקון, 61.8 גרם",ריגלי בעמ רוסיה,PL,מסטיק בקבוקון פייב ב,יח',1.00,יח',false,,11.90,11.9000,true,1,1470608
4009900540551,false,מסטיק אורביט רפרשרס טרופיקל בקבוקון ללא סוכר,מרס פולין,PL,מסטיק אורביט רפרשס ט,יח',1.00,יח',false,,11.90,11.9000,true,1,1470610
4010492052629,false,אתנה סטיק רך לחתול עם עופות וכבד 10יח,אתנה Athena,DE,אתנה סטיק רך לחתול ע,יח',1.00,יח',false,,15.90,15.9000,true,1,1469712
4011100001220,false,מרסי חטיפי מיני שקית 403ג',לינדט ושפרונגלי קילשברג,NL,שקית מיני גדולה מרס,גרמים,403.00,100 גרם,false,,19.90,0.0494,true,1,1470611
4011100002227,false,מארז חטיפי מיני באונטי Bounty,לינדט ושפרונגלי קילשברג,NL,שקית מיני גדולה באונ,גרמים,403.00,100 גרם,false,,19.90,0.0494,true,1,1470612
4011800528416,false,קורני חטיף דגנים עם בוטנים מתוק-מלוח*6,שוורטאוור וורקה,DE,קורני בייס סוויט אנד,גרמים,150.00,100 גרם,false,,10.90,0.0727,true,1,1449529
4011800567613,false,מאגדת קורני מילק דרק & ואיט 120 גרם,מיוצר עי קונדיטוריית,DE,קורני סנדוויץ שחור ולבן ע,גרמים,120.00,100 גרם,false,,10.90,0.0908,true,1,1449530
4011800577810,false,מארז חטיפי קורני פרי נוגט 120 גרם,שוורטאוור וורקה,DE,קורני פרי נוגט 6*20,גרמים,120.00,100 גרם,false,,10.90,0.0908,true,1,1449531
4011800628512,false,חטיף קורני שוקולד חלב 6 יח 150 גר,מיוצר עי קונדיטוריית,DE,קורני עם שוקולד חלב - 1X6,גרמים,150.00,100 גרם,false,,10.90,0.0727,true,1,1449532
4011800629519,false,"מארז חטיפי דגנים אגוזים ""קורני""",שוורטאוור וורקה,DE,קורני עם אגוזים 1X6,גרמים,150.00,100 גרם,false,,10.90,0.0727,true,1,1449533
4011800630515,false,חטיף קורני שוקולד חלב ובננה 6 יח 150 גר,מיוצר עי קונדיטוריית,DE,קורני עם שוקולד חלב ובננה,גרמים,150.00,100 גרם,false,,10.90,0.0727,true,1,1449534
4011800632519,false,"מארז חטיפי שוקולד חלב וקוקוס ""קורני""",מיוצר עי קונדיטוריית,DE,קורני עם שוקולד חלב וקוקו,גרמים,150.00,100 גרם,false,,10.90,0.0727,true,1,1449535
4011800633516,false,קורני שוקולד מריר מעולה 58% קקאו 6*1,שוורטאוור וורקה,DE,קורני עם שוקולד מריר מעול,גרמים,138.00,100 גרם,false,,10.90,0.0790,true,1,1449536
4011800636517,false,קורני פרי שוקולד חלב מעולה ללא סוכר 6*1,מיוצר עי קונדיטוריית,DE,"קורני ""פרי ""עם שוקולד חלב",גרמים,120.00,100 גרם,false,,10.90,0.0908,true,1,1449537
4013227013414,false,פינה קולדה Surfers pina colada,קוימנס רויאל,NL,פינה קולדה 70,מיליליטרים,750.00,"100 מ""ל",false,,39.90,0.0532,true,1,1452677
4014388000213,false,"פחית בירה רדברגר 500 מ""ל","איי, בי, אינבוו",DE,פחית בירה רדברגר 500,מיליליטרים,500.00,"100 מ""ל",false,,8.90,0.0178,true,1,1452678
4014400900217,false,בונבונריית מרסי מבחר ממתקי שוקולד 400 גרם,קריניציה ויטמינה אס,DE,בונבוניירה מרסי 400,גרמים,400.00,100 גרם,false,,39.90,0.0997,true,1,1451818
4014400901191,false,בונבונריית מרסי מבחר ממתקי שוקולד 250 גרם,ליימן מותגים,DE,בונבוניירה שוקולד מר,גרמים,250.00,100 גרם,false,,24.90,0.0996,true,1,1451819
4014400901412,false,בונבוניירה שוקולד מריר מרסי 250 גרם,תות ממתקי איכות,DE,בונבוניירה שוקולד מר,גרמים,250.00,100 גרם,false,,24.90,0.0996,true,1,1451821
4014400903409,false,בונבוניירה שוקולד אגוזים טופיפי 250 גרם,קריניציה ויטמינה אס,DE,בונבוניירה שוקולד אג,גרמים,250.00,100 גרם,false,,24.50,0.0980,true,1,1451822
4014400904277,false,סוכריות בטעם מנטה אייס פרש סטורק 425 גרם,תות ממתקי איכות,DE,סוכריות בטעם מנטה אי,גרמים,425.00,100 גרם,false,,14.90,0.0351,true,1,1451823
4014400904307,false,סוכריות בטעם פירות קליפורניה סטורק 425 גרם,קריניציה ויטמינה אס,DE,סוכריות בטעם פירות ק,גרמים,425.00,100 גרם,false,,14.90,0.0351,true,1,1451824
4014400904376,false,סוכריות טופי בטעם שוקולד סטורק 325 גרם,קריניציה ויטמינה אס,DE,סוכריות טופי בטעם שו,גרמים,325.00,100 גרם,false,,14.90,0.0458,true,1,1451825
4014400904390,false,סוכריות טופי ממולא חלב סטורק 325 גרם,קריניציה ויטמינה אס,DE,סוכריות טופי ממולא ח,גרמים,325.00,100 גרם,false,,14.90,0.0458,true,1,1451826
4014400907902,false,"וורטרס אורגינל סוכריות חמאה ללא סוכר בקופסה
42 גרם",תות ממתקי איכות,DE,סוכריות חמאה ללא תוס,גרמים,42.00,100 גרם,false,,5.90,0.1405,true,1,1451827
4014400910063,false,סוכריות חמאה וורטרס אורגינל 135 גרם,וורטר'ס אורגינל,DE,סוכריות חמאה וורטרס,גרמים,135.00,100 גרם,false,,8.00,0.0593,true,1,1451829
4014400913910,false,וורטרס אורגינל סוכריות חמאה ממולאות קרם קרמל בשקית,תות ממתקי איכות,DE,סוכריות וורטרס אורגי,גרמים,125.00,100 גרם,false,,8.00,0.0640,true,1,1451830
4014400914696,false,וורטרס אורגינל סוכריות ללא סוכר 80 גרם,ליימן מותגים,DE,סוכריות וורטר ללא תו,גרמים,80.00,100 גרם,false,,7.90,0.0988,true,1,1451831
4014400914924,false,"סוכריות בטעם קפה וורטר אורגינל לל""ס 80 גרם",קריניציה ויטמינה אס,DE,סוכריות וורטר קפה לל,גרמים,80.00,100 גרם,false,,7.90,0.0988,true,1,1451832
4014400923711,false,בונבוניירה שוקולד אגוזים טופיפי 125 גרם,ליימן מותגים,DE,בונבוניירה שוקולד אג,גרמים,125.00,100 גרם,false,,11.90,0.0952,true,1,1451835
4014400925319,false,וורטרס אורגינל פופקורן קרמל 140 גרם,וורטרס Werther's,DE,וורטר פופקורן קרמל,גרמים,140.00,100 גרם,false,,14.90,0.1064,true,1,1451836
4015000031394,false,"ספטיל - משחה להסרת כתמים 200 מ""ל",קריות זול,HU,ספטיל מסיר כתמים 200 גר',גרמים,200.00,100 גרם,false,,14.90,0.0745,true,1,1458588
4015000280372,false,"דאודורנט רול און בניחוח לימון פה 50 מ""ל",שוורצקופף והנקל,DE,דאודורנט רול און בני,100 מל,50.00,100 מל,false,,9.90,0.1980,true,1,1443918
4015000615884,false,"פה - דאודורנט ספריי לאישה קריביין לימון 200 מ""ל",שוורצקופף והנקל,DE,דאודורנט ספריי פה בנ,מיליליטרים,200.00,"100 מ""ל",false,,9.90,0.0495,true,1,1443924
4015000615921,false,"פה - דאודורנט ספריי לגבר ספורט 200 מ""ל",שוורצקופף והנקל,TR,דאודורנט ספריי פה -ס,מיליליטרים,200.00,"100 מ""ל",false,,9.90,0.0495,true,1,1443926
4015100190793,false,גליס מסכה לשיער יבש ופגום במיוחד Ultimate Repair,שוורצקופף והנקל,SK,מסיכה גליס 300 מל,מיליליטרים,300.00,"100 מ""ל",false,,24.90,0.0830,true,1,1443941
4015100325294,false,פלטה דלוקס קיט 4-65 חום מהפנט,שוורצקופף & הנקל דיסלדור,DE,פאלטה דלוקס קיט חום,יח',1.00,יח',false,,29.90,29.9000,true,1,1443946
4015400564034,false,מגן תחתון אולוויז מגה פק לונג פלוס 58 יחידות,פרוקטר אנד גמבל,DE,אולוויז מגן תחתון לו,יח',58.00,יח',false,,16.90,0.2914,true,1,1456023
4015400564454,false,מגני תחתון אולוויז לארג' עם ניחוח מגה פק,פרוקטר אנד גמבל,DE,אולוויז מגן תחתון לא,יח',68.00,יח',false,,16.90,0.2485,true,1,1456024
4015400598329,false,תחבושות אולוויז קוואטרו נורמל פלוס 56 יחידות,פרוקטר אנד גמבל,DE,אולוויז קוואטרו נורמ,יח',56.00,יח',false,,29.90,0.5339,true,1,1456025
4015400598381,false,תחבושות היגייניות אולטרה לונג - מארז קוואטרו 48 יח',פרוקטר אנד גמבל,DE,אולוויז קוואטרו לונג,יח',48.00,יח',false,,29.90,0.6229,true,1,1456026
4015400598411,false,תחבושות היגייניות יום ולילה Day & Night - מארז 40 יח',פרוקטר אנד גמבל,DE,אולוויז קוואטרו לילה,יח',40.00,יח',false,,29.90,0.7475,true,1,1456027
4015400681670,false,תחבושות אולוויז וליו פק לילה בטוח 18 יחידות,פרוקטר אנד גמבל,HU,אולוויז תחבושות לילה,יח',18.00,יח',false,,16.90,0.9389,true,1,1456029
4015400695677,false,פמפרס בייבי דריי מידה 4+ 80 יח,פרוקטר & גמבל,TR,פמפרס בייבי דריי מיד,יח',1.00,יח',false,,64.90,64.9000,true,1,1456030
4015400695691,false,פמפרס בייבי דריי מידה 5 74 יח,פרוקטר & גמבל,TR,פמפרס בייבי דריי מיד,יח',1.00,יח',false,,64.90,64.9000,true,1,1456031
4015400731719,false,תחבושות היגייניות אולוויז יום ולילה Day & Night,פרוקטר אנד גמבל,UA,אולוויז תחבושות וליו,יח',20.00,יח',false,,16.90,0.8450,true,1,1456032
4015400746812,false,מגני תחתון אולוויז נורמל עם ניחוח מגה פק,פרוקטר אנד גמבל,UA,אולוויז מגן תחתון נו,יח',80.00,יח',false,,16.90,0.2112,true,1,1456033
4015400755241,false,תחבושות היגייניות אולוויז אולטרה נורמל - 28 יח',פרוקטר אנד גמבל,UA,אולוויז תחבושות נורמ,יח',28.00,יח',false,,16.90,0.6036,true,1,1456034
4015400755487,false,תחבושות היגייניות אולוויז אולטרה לונג - 24 יח',פרוקטר אנד גמבל,UA,אולוויז תחבושות סגול,יח',24.00,יח',false,,16.90,0.7042,true,1,1456035
4015400824725,false,טמפונים סופר עם מוליך טמפקס 30 יחידות,פרוקטר אנד גמבל,HU,טמפונים סופר עם מולי,יח',30.00,יח',false,,27.90,0.9300,true,1,1456037
4015600762742,false,שמפו יומיומי למניעת קשקשים הנוסחה הקלאסית,פרוקטר אנד גמבל,RO,שמפו אנד שולדרס קלאס,מיליליטרים,500.00,"100 מ""ל",false,,17.90,0.0358,true,1,1456042
4015600762780,false,שמפו וקונדישינר יומיומי למניעת קשקשים הנוסחה הקלאסית 2in1,פרוקטר אנד גמבל,RO,שמפו אנד שולדרס 2ב1,מיליליטרים,500.00,"100 מ""ל",false,,17.90,0.0358,true,1,1456043
4015600762902,false,"שמפו האד אנד שולדרס מנטול 500 מ""ל",פרוקטר אנד גמבל,RO,שמפו האד אנד שולדרס,מיליליטרים,500.00,"100 מ""ל",false,,17.90,0.0358,true,1,1456044
4015600762940,false,שמפו יומיומי למניעת קשקשים בניחוח תפוח,פרוקטר אנד גמבל,RO,שמפו האד אנד שולדרס,מיליליטרים,500.00,"100 מ""ל",false,,17.90,0.0358,true,1,1456045
4015600763022,false,שמפו יומיומי למניעת קשקשים לשיער יבש/פגום לשיער רך כמשי,פרוקטר אנד גמבל,RO,שמפו האד אנד שולדרס,מיליליטרים,500.00,"100 מ""ל",false,,17.90,0.0358,true,1,1456046
4015600766900,false,"שמפו ומרכ ך נגד קשקשים 500 מ""ל הד אנד שולדרס",פרוקטר אנד גמבל,RO,שמפו הד אנד שולדרס 2,מיליליטרים,500.00,"100 מ""ל",false,,17.90,0.0358,true,1,1456047
4015600810849,false,גילט דאו קליר גל 70 מל פאוור ראש,פרוקטר אנד גמבל,CZ,דאודורנט ג'ילט קליר,מטרים,75.00,100 מ'ל,false,,14.90,0.1987,true,1,1456048
4017100160110,false,בלזן גלילי וופל במילוי קרם בטעם שוקולד 75 גר',בלזן פולסקה,DE,וופל קרמי שוקולד 75,גרמים,75.00,100 גרם,false,,7.90,0.1053,true,1,1451841
4017100160417,false,בלזן גלילי וופל במילוי קרם בטעם וניל 75 גר',בלזן פולסקה,DE,וופלקרמי וניל 75 גר,גרמים,75.00,100 גרם,false,,6.90,0.0920,true,1,1451842
4017100198151,false,בלזן היט ביסקוויט עם מלית קרם בטעם וניל (41%) 220 גרם,הדקלאים אגודת שיתופי,PL,עוגיות היט 220 ג,גרמים,220.00,100 גרם,false,,7.90,0.0359,true,1,1451843
4017100210105,false,גלילי וופל בלזן וופלטן שוקו' מריר 100ג',הדקלאים אגודת שיתופי,DE,וופלטן מריר 100גר,גרמים,100.00,100 גרם,false,,10.50,0.1050,true,1,1451844
4017100216800,false,בלזן וופל מיניס מצופה שוקולד חלב 100 גרם,ליימן שליסל,DE,וופל מיניס פריך מצופ,גרמים,100.00,100 גרם,false,,7.90,0.0790,true,1,1451845
4017100219900,false,בלזן וופלטן וופל מגולגל מצופה שוקולד חלב 100 גרם,הדקלאים אגודת שיתופי,DE,גליליות וופל חלב וופ,גרמים,100.00,100 גרם,false,,10.90,0.1090,true,1,1451846
4017100290008,false,בלזן בסקויט חמאה מצופה שוקולד חלב 125 גרם,הדקלאים אגודת שיתופי,DE,ביסקוויט מצופה שוקול,גרמים,125.00,100 גרם,false,,10.90,0.0872,true,1,1451848
4017100290503,false,ביסקוויט מצופה שוקולד בטעם תפוז בלזן 125 גרם,בלזן פולסקה,PL,בלזן בסקויט מצופה שו,גרמים,125.00,100 גרם,false,,10.90,0.0872,true,1,1451849
4017100291005,false,בלזן לייבניז בסקויט חמאה מצופה שוקולד מריר 125 גרם,הדקלאים אגודת שיתופי,DE,ביסקוויט מצופה שוקול,גרמים,125.00,100 גרם,false,,10.90,0.0872,true,1,1451850
4017100364112,false,בלזן היט בסקוויט סנדביץ עם מלית קרם בטעם שוקולד קקאו (41%) 220 גרם,הדקלאים אגודת שיתופי,PL,עוגיות היט 220 ג,גרמים,220.00,100 גרם,false,,7.90,0.0359,true,1,1451853
4017100366239,false,עוגיות ביסקוויט סנדוויץ ממולא קרם בטעם שוקולד,ליימן שליסל,PL,ליבניץ אנד קרים 190,גרמים,190.00,100 גרם,false,,7.90,0.0416,true,1,1451854
4018344511188,false,סלמון פראי ברוטב שום לארסן 200 גרם,,,לרסן סלמון פראי ברוט,גרמים,200.00,100 גרם,false,,11.50,0.0575,true,1,1476730
4022025001905,false,יין בלו ווין מבעבע זהב כשר 750 מל,היי סישל סוהן טראבן,DE,בלו מבעבע זהב כשר,מיליליטרים,750.00,"100 מ""ל",false,,49.90,0.0665,true,1,1462490
4022025261002,false,יין בלו ווין גוורצטרמינר 750 מל,לנגוט טראבן,DE,"בלו וויין 750 מ""ל",מיליליטרים,750.00,"100 מ""ל",false,,44.90,0.0599,true,1,1462493
4029565000054,false,"פחמים 2 ק""ג",,,"פחמים 2 ק""ג",יח',1.00,יח',false,,10.90,10.9000,true,1,1474423
4040383131607,false,כלי לעציץ זכוכית,,,כלי לעציץ זכוכית,יח',1.00,יח',false,,14.90,14.9000,true,1,1478281
4040383131614,false,כלי לעציץ זכוכית,,,כלי לעציץ זכוכית,יח',1.00,יח',false,,14.90,14.9000,true,1,1478282
4045787068238,false,צבע לשיער פרוטאין קולור- 10 בלונד בהיר מאוד,שוורצקופף והנקל,DE,פרוטאין קולור 10 בלו,מטרים,60.00,100 מ'ל,false,,15.90,0.2650,true,1,1443956
4045787068245,false,צבע לשיער פרוטאין קולור- 1000.0 אקסטרה בלונד,שוורצקופף והנקל,DE,פרוטאין קולור 1000.0,מטרים,60.00,100 מ'ל,false,,15.90,0.2650,true,1,1443957
4056800943739,false,קרם חמצן וולוקסון Welloxon 6%,פרוקטר אנד גמבל,FR,קרם חמצן וולוקסון 6%,יח',1.00,יח',false,,3.90,3.9000,true,1,1456057
4061445096702,false,קפה דוידוף מגורען 100 גר FINE AROMA,"טשיבו, אספי.זד.או.או",PL,דוידוף פיין ארומה 10,גרמים,100.00,100 גרם,false,,22.90,0.2290,true,1,1500637
4066600612049,false,"בירה פאולנר אורטובר פאסט 500 מ""ל בקובק",מבשלת פאולנר,DE,פאולנר אוקטוברפסט בק,מיליליטרים,500.00,"100 מ""ל",false,,10.00,0.0200,true,1,1444260
4066600999614,false,"בירה פאולנר, בירת חיטה מעוננת, בקבוק 500 מ""ל",מבשלת פאולנר,DE,פאולנר 500 מל,מיליליטרים,500.00,"100 מ""ל",false,,10.90,0.0218,true,1,1444262
4072700001775,false,בירה פרנסיסקאנר בהירה מעוננת בפחית,פרנסיסקאנר Franziskaner,DE,פרנזיסקאנר בירה פחית,מיליליטרים,500.00,"100 מ""ל",false,,8.90,0.0178,true,1,1452681
4084500065536,false,פנטן קרם לחות מוגברת לעיצוב שיער 300 מל,פרוקטר אנד גמבל,FR,קרם לשיער פנטן לחות,מיליליטרים,300.00,"100 מ""ל",false,,14.90,0.0497,true,1,1456059
4084500065598,false,"קרם לחות פנטן לתלתלים מושלמים 300 מ""ל",פרוקטר אנד גמבל,FR,קרם לחות פנטן לתלתלי,מיליליטרים,300.00,"100 מ""ל",false,,14.90,0.0497,true,1,1456060
4084500088917,false,"נוזל כלים פיירי לימון 650 מ""ל בד""צ",פרוקטר אנד גמבל,US,נוזל כלים פיירי לימו,מיליליטרים,650.00,"100 מ""ל",false,,10.90,0.0168,true,1,1456061
4084500149526,false,טייד גל כביסה 2.48 ליטר אלפים רענן,פרוקטר אנד גמבל,FR,נוזל כביסה טייד 2.48,ליטרים,2.48,ליטר,false,,24.90,10.0403,true,1,1456062
4084500853553,false,פיירי נוזל כלים קלאסי אורגינל 650 מל,פרוקטר אנד גמבל,GB,נוזל כלים פיירי אורי,מיליליטרים,650.00,"100 מ""ל",false,,10.90,0.0168,true,1,1456065
4084500853836,false,"נוזל כלים פיירי ורדים ומשי 515 מ""ל בד""צ",פרוקטר אנד גמבל,GB,נוזל כלים פיירי ורדי,מיליליטרים,515.00,"100 מ""ל",false,,8.90,0.0173,true,1,1456066
4084500853898,false,"נוזל כלים פיירי אלוורה ומלפפונים 515 מ""ל בד""צ",פרוקטר אנד גמבל,GB,נוזל כלים פיירי אלוו,מיליליטרים,515.00,"100 מ""ל",false,,8.90,0.0173,true,1,1456067
4084500920880,false,נוזל כלים פיירי אורגינל ירוק 1.24 ליטר,פרוקטר אנד גמבל,GB,נוזל כלים פיירי אורג,ליטרים,1.24,ליטר,false,,12.90,10.4032,true,1,1456069
4105120623941,false,"בירה ויינשטפן בק' ח""פ 500 מ""ל","ויינשטפן, ת.ד 1155 פרייז",DE,ויינשטפן 500 מל,מיליליטרים,500.00,"100 מ""ל",false,,11.20,0.0224,true,1,1442314
4260147890513,false,אטריות ביצים דקות ורמיצ'לי 500ג',דין שיווק,PL,אטריות ביצים רצועות,גרמים,500.00,100 גרם,false,,9.90,0.0198,true,1,1473592
4260147890551,false,אטריות ביצים רצועות שקדיה 500 גרם,דין שיווק,PL,אטריות ביצים רצועות,גרמים,500.00,100 גרם,false,,9.90,0.0198,true,1,1473594
4521654103009,false,גריל שוארמה/שיפודים מסתובב BT1030,,,גריל שוארמה/שיפודים,יח',1.00,יח',false,,249.90,249.9000,true,1,1465447
4600659010854,false,"וודקה סטוליצ'ניה 700 מ""ל",איי. אס. לטבייאס בלזם,LV,"סטוליצ'ניה פרימיום 70 ס""ל",מיליליטרים,700.00,"100 מ""ל",false,,59.90,0.0856,true,1,1452686
4604248000349,false,רוטב בטעם מיונז פרובנסל מחייב 380 גרם,אסן פרודקשן,,רוטב לסלט מחייב פרוב,גרמים,380.00,100 גרם,false,,11.90,0.0313,true,1,1471195
4604248000554,false,מיונז מאחייב פרובנסל 50.5% 800 גרם,אסן פרודקשן,,מיונז פרובנסל 800 גר,גרמים,800.00,100 גרם,false,,18.90,0.0236,true,1,1471196
4604248000844,false,רוטב בטעם מיונז עם שמן זית 380 גרם,אסן פרודקשן,,מיונז מחייב עם שמן ז,גרמים,380.00,100 גרם,false,,11.90,0.0313,true,1,1471197
4604248003081,false,רוטב בטעם מיונז עם בית שליו מחייב 380 גרם,אסן פרודקשן,,רוטב לסלט מחייב עם ב,גרמים,380.00,100 גרם,false,,11.90,0.0313,true,1,1471198
4604248003517,false,חרדל רוסקיה 140 גרם,אסן פרודקשן,,חרדל 140ג,גרמים,140.00,100 גרם,false,,5.50,0.0393,true,1,1471199
4607012351999,false,גרעיני חמניות מרטין עם מלח 200 גרם,"נארז ע""י : א.ג. גילר",RU,גרעיני חמניות קלויים,גרמים,215.00,100 גרם,false,,12.90,0.0600,true,1,1470902
4640018993343,false,פיניש קוואנטום קפסולות ג'ל למדיח כלים 30 יח',רקיט בנקיזר,PL,פיניש קואנטום 30קפ ש,יח',1.00,יח',false,,34.90,34.9000,true,1,1456365
4640018993350,false,פיניש קוואנטום קפסולות ג'ל למדיח כלים לימון 30 יח',רקיט בנקיזר,PL,פיניש קואנטום 30קפ ש,יח',1.00,יח',false,,39.80,39.8000,true,1,1456366
4640018993398,false,פיניש קוואנטום 60 יח' קפסולות ג'ל למדיח כלים,רקיט בנקיזר,PL,פיניש קואנטום 60יח ש,יח',1.00,יח',false,,58.90,58.9000,true,1,1456368
4710068001692,false,"מאסטר קפה לאטה פחית 240 מ""ל",תאיט מרקטינג אנד דיסטריב,TW,מאסטר קפה לאטה פחית,מיליליטרים,240.00,"100 מ""ל",false,,5.90,0.0246,true,1,1444263
4710068001715,false,"מאסטר קפה טירמיסו פחית 240 מ""ל",יוני פרזינדנט אנטרפר,TW,מאסטר קפה טירמיסו 24,מיליליטרים,240.00,"100 מ""ל",false,,5.90,0.0246,true,1,1444264
4710068001739,false,"מאסטר קפה קולומביאני 250 מ""ל",יוני פרזינדנט אנטרפר,TW,מאסטר קפה קולומביאני,מיליליטרים,240.00,"100 מ""ל",false,,5.90,0.0246,true,1,1444265
4710068002798,false,מאסטר קפה וונילה פחית 240 מל,מאיטה פוד אינדוסטריאל קו,TW,מאסטר קפה וונילה פחי,יח',1.00,יח',false,,5.90,5.9000,true,1,1444266
4710964104916,false,"שמן שומשום טהור 370 מ""ל (כ)",פלייבור פול פודס טיי,TW,שמן שומשום טהור 370,מיליליטרים,370.00,"100 מ""ל",false,,19.90,0.0538,true,1,1454342
4710964170799,false,שומשום שחור קלוי 91 גרם,פלייבור פול פודס טיי,TW,שומשום שחור קלוי 91,גרמים,91.00,100 גרם,false,,16.40,0.1802,true,1,1454343
4740098098331,false,"קוקטייל בלו לגון אה לה קוק 330 מ""ל",אה לי קוק,EE,קוקטייל בלו לגון אה,מטרים,330.00,100 מ'ל,false,,9.90,0.0300,true,1,1477724
4740098098379,false,"קוקטייל מרגריטה אה לה קוק 330 מ""ל",אה לי קוק,EE,קוקטייל מרגריטה,מיליליטרים,620.00,"100 מ""ל",false,,9.90,0.0160,true,1,1470912
4740098098393,false,"קוקטייל און דה ביץ אה לה קוק 330 מ""ל",אה לי קוק,EE,קוקטייל סאן און דה ב,מיליליטרים,620.00,"100 מ""ל",false,,9.90,0.0160,true,1,1470913
4750142002719,false,"בירה בירה לא מסוננת צסו יורמלה 500 מ""ל","""cesu alus""",LV,בירה צ'סו יורמלה לא,מטרים,500.00,100 מ'ל,false,,6.80,0.0136,true,1,1470916
4750616000258,false,שפרוטים גדולים מעושנים בשמן צמחי,בריויאס וילניוס,LV,דגי שפרוטים גדולים מ,גרמים,215.00,100 גרם,false,,7.90,0.0367,true,1,1470920
4750616006564,false,סרדינים על הגריל בשמן זית 190 גר,,LV,סרדינים על הגריל בשמ,יח',1.00,יח',false,,10.90,10.9000,true,1,1470924
4750616006571,false,סרדינים על הגריל בשמן זית עם צילי 190 ג,,LV,סרדינים על הגריל בשמ,גרמים,190.00,100 גרם,false,,10.90,0.0574,true,1,1470925
4751007738095,false,סלט סלמון עם ירקות מקסיקני 220 ג' לארסן,ס.י.א קרבלה,LV,לרסן סלט סלמון מקסיק,גרמים,220.00,100 גרם,false,,11.50,0.0523,true,1,1476734
4751007738101,false,סלט סלמון עם ירקות איטלקי 220 ג' לארסן,ס.י.א קרבלה,LV,לרסן סלט סלמון איטלק,גרמים,220.00,100 גרם,false,,11.50,0.0523,true,1,1476735
4792032060454,false,"גרין קוקו - מי קוקוס אורגניים 330 מ""ל",גרין קוקו,VN,מי קוקוס אורגני 330,מיליליטרים,330.00,"100 מ""ל",false,,8.70,0.0264,true,1,1441439
4796019790013,false,"גרין קוקו - שמן קוקוס אורגני 300 מ""ל",כפרי בריא,,שמן קוקוס אורגני 300,מיליליטרים,300.00,"100 מ""ל",false,,19.90,0.0663,true,1,1441444
4796019790020,false,"גרין קוקו - שמן קוקוס אורגני 500 מ""ל",גרין קוקו,LK,שמן קוקוס אורגני 500,מיליליטרים,500.00,"100 מ""ל",false,,27.80,0.0556,true,1,1441445
4800888150080,false,"דאב - דאודורנט רול און לאישה פרש טאצ' מלפפונים 50 מ""ל",יוניליוור פיליפינים,PH,דאב רולאון דאודורנט,מטרים,50.00,100 מ'ל,false,,14.90,0.2980,true,1,1447689
4800888209368,false,רקסונה - דאודורנט סטיק לגבר אקסטרא קול 50 גרם,רקסונה Rexona,PH,רקסונה דאודורנט סטיק,יח',1.00,יח',false,,9.90,9.9000,true,1,1447693
4800888209382,false,רקסונה דאודורנט סטיק אינביזיבל 50 גרם (נשים),רקסונה Rexona,PH,רקסונה דאו סטיק לאשה,מטרים,50.00,100 מ'ל,false,,9.90,0.1980,true,1,1447694
4800888219510,false,דאב - דאודורנט סטיק לאישה פרש מלפפונים 50 גרם,יוניליוור פיליפינים,PH,דאב סטיק מלפפון ותה,גרמים,50.00,100 גרם,false,,14.90,0.2980,true,1,1447700
4800888219534,false,דאב - דאודורנט סטיק לאישה אנטי פרספירמט 50 גרם,יוניליוור פיליפינים,PH,דאב סטיק נשים אורגינ,גרמים,50.00,100 גרם,false,,14.90,0.2980,true,1,1447702
4820229031281,false,"וודקה חורטיצה קלאסיק 700 מ""ל.",,,וודקה חורטיצה קחאסיק,מיליליטרים,700.00,"100 מ""ל",false,,54.90,0.0784,true,1,1471218
4891228308049,false,סכין גילוח שיק היידרו 5 סנס לגבר+7סכינים,ארץ ייצור סכינים: ארהבn\,US,שיק היידרו גבר סנס י,יח',1.00,יח',false,,59.90,59.9000,true,1,1444779
4891228430047,false,שיק אקזקטה 2 רגיש סכיני גילוח לגבר,אנרג'יזר Energizer,CN,שיק אקזקטה 2 רגיש סכ,יח',10.00,יח',false,,23.90,2.3900,true,1,1444782
4891228430061,false,סכיני גילוח שיק אקזקטה 2 לנשים ורוד 10 יח',הנסיך- מפעל לייצור ט,CN,סכיני גילוח לנשים עם,יח',10.00,יח',false,,23.90,2.3900,true,1,1444784
4891228430085,false,סכיני גילוח שיק אקסטרים קומפורט לגבר 3 להבים 4 יחידות,אנרג'יזר Energizer,CN,סכין גילוח שיק אקסטר,יח',4.00,יח',false,,14.90,3.7250,true,1,1444785
4891228430092,false,סכיני גילוח שיק אקסטרים קומפורט לנשים 3 להבים 4 יחידות,אנרג'יזר Energizer,CN,סכיני גילוח לנשים שי,יח',4.00,יח',false,,14.90,3.7250,true,1,1444786
4891228460242,false,שיק קוואטרו חד פעמי לנשים 3 יחידות,אנרג'יזר Energizer,CN,סכיני גילוח חד פעמיי,יח',3.00,יח',false,,19.90,6.6333,true,1,1444787
4895060592307,false,סוכריות נטורל בטעמים בקבוק NUGGELS,איתן-מזון,CN,סוכריות בקבוק חלב,יח',1.00,יח',false,,5.90,5.9000,true,1,1452162
4903001904192,false,"רוטב סויה יאמסה פרימיום 500 מ""ל",הדקלאים אגודת שיתופי,JP,רוטב סויה יאמסה 500,מיליליטרים,500.00,"100 מ""ל",false,,17.50,0.0350,true,1,1451855
4903001904208,false,רוטב סויה פרימיום יאמסה 1 ליטר,הדקלאים אגודת שיתופי,JP,רוטב סויה פרימיום יא,ליטרים,1.00,ליטר,false,,31.90,31.9000,true,1,1451856
4903001925784,false,"רוטב סויה יאמאסה פרמיום דל מלח 500 מ""ל",הדקלאים אגודת שיתופי,JP,רוטב סויה יאמאסה פרי,מיליליטרים,500.00,"100 מ""ל",false,,17.50,0.0350,true,1,1451857
4903001930993,false,"רוטב טריאקי יאמאסה 500 מ""ל",ליימן מותגים,JP,רוטב טריאקי יאמאסה,מיליליטרים,500.00,"100 מ""ל",false,,17.50,0.0350,true,1,1451858
4987176071545,false,מברשות שיניים אורל בי שישייה,,IN,מברשת שיניים אורל בי,יח',1.00,יח',false,,9.90,9.9000,true,1,1519408
5000054353300,false,פריסקיז פטה סלמון 156 גר,נסטלה פורינה,US,פריסקיז פטה סלמון 15,יח',1.00,יח',false,,6.90,6.9000,true,1,1478485
5000054359500,false,פריסקיז פטה כבד עוף 156 ג,נסטלה פורינה,US,פריסקיז פטה כבד עוף,יח',1.00,יח',false,,6.90,6.9000,true,1,1478488
5000127163195,false,דגני בוקר קלוגס ספיישל קיי 500גרם,חברת קלוגס בריטניה,GB,דגני בוקר קלוגס ספיי,גרמים,500.00,100 גרם,false,,24.90,0.0498,true,1,1451464
5000146401568,false,וולייט דפים למניעת העברת צבע 10 דפים,רקיט בנקיזר,IT,Woolite Sheets*26,יח',10.00,יח',false,,12.90,1.2900,true,1,1456371
5000157143365,false,מתבל בטעם מיונז וקטשופ היינץ 425 גרם,"פודליצקי ספ.ז.או.או,",PL,רוטב טעם מיונז וקטשו,מיליליטרים,425.00,"100 מ""ל",false,,14.90,0.0351,true,1,1451465
5000159020312,false,מלטיזרס אריזה קטנה 37 גרם,מלטיזרס Maltesers,NL,מלטיזרס חטיף 37 גרם,גרמים,37.00,100 גרם,false,,4.90,0.1324,true,1,1470615
5000159376655,false,סוכריות SKITTLES פירות קטן 38 גרם אדום,ריגלי ממתקים,CZ,סקיטלס סוכריות פירות,גרמים,38.00,100 גרם,false,,2.90,0.0763,true,1,1470616
5000159376792,false,סוכריות סקיטלס Skittles פירות חמוצים,ריגלי ממתקים,CZ,סקיטלס סוכריות חמוץ,גרמים,38.00,100 גרם,false,,2.90,0.0763,true,1,1470617
5000159407236,false,חטיף מרס שוקולד עם ק,מרס הולנד בי.וי.,NL,חטיף מרס שוקולד עם ק,גרמים,51.00,100 גרם,false,,3.90,0.0765,true,1,1470618
5000159409179,false,מארז חטיפי מיני סניקרס Snickers,מרס הולנד בי.וי.,NL,שקית מיני גדולה סניק,גרמים,403.00,100 גרם,false,,19.90,0.0494,true,1,1470619
5000159414197,false,מלטיזרס-כדורים פריכים בציפוי שוולד חלב 135 גרם,מרס שוקולד צ.אמריקה,NL,מלטיזרס 135 גר,גרמים,135.00,100 גרם,false,,9.90,0.0733,true,1,1470620
5000159442572,false,טוויקס חטיפי מיני שקית 403ג',מרס גי אם בי אייץ,DE,שקית מיני גדולה טווי,גרמים,403.00,100 גרם,false,,19.90,0.0494,true,1,1470621
5000159452540,false,סניקרס מארז חטיף 50 גרם חמישייה,מרס הולנד בי.וי.,NL,מארז חמישייה סניקרס,גרמים,250.00,100 גרם,false,,9.90,0.0396,true,1,1470622
5000159452977,false,מיקס שקית מיניס 400 גרם מרס-באונטי-טוויק,מרס הולנד בי.וי.,NL,שקית מיני גדולה מרס,גרמים,400.00,100 גרם,false,,19.90,0.0497,true,1,1470624
5000159459228,false,חטיף שוקולד טוויקס 50 ג',"נארז ע""י : א.ג. גילר",NL,חטיף טוויקס שוקולד 5,גרמים,50.00,100 גרם,false,,3.90,0.0780,true,1,1470625
5000159461122,false,חטיף שוקולד סניקרס מקס קרמל 50 ג',"נארז ע""י : א.ג. גילר",NL,חטיף סניקרס שוקולד ו,גרמים,50.00,100 גרם,false,,3.90,0.0780,true,1,1470626
5000159500692,false,בקבוק סלבריישן - מבחר חטיפי מיני שוקולד,מארס,NL,בקבוק סלברשיין שוקול,גרמים,312.00,100 גרם,false,,29.90,0.0958,true,1,1470632
5000159538626,false,טוויקס מארז חטיף 50 גרם חמישייה,טוויקס Twix,NL,מאגדת טוויקס חמישייה,יח',1.00,יח',false,,9.90,9.9000,true,1,1470639
5000159538640,false,באונטי מארז חטיף 57 גרם חמישייה,באונטי,NL,מאגדת באונטי חמישייה,יח',1.00,יח',false,,9.90,9.9000,true,1,1470640
5000168199245,false,שוקולד חלב מעולה בתוספת קרמל מלוח פיור גודייבה 90 ג',"אולקר מקבוצת פלאדיס, ציק",TR,גודייבה שוקולד חלב ק,יח',1.00,יח',false,,14.90,14.9000,true,1,1451147
5000189974579,false,מארז מיני חטיפי קיט קט Kit Kat,נסטלה גרמניה,DE,קיט קט מיני 200ג,גרמים,200.00,100 גרם,false,,9.90,0.0495,true,1,1446248
5000204114867,false,"גלייד ארוסול בניחוח וניל 300 מ""ל",coster aerosol vail,TR,גלייד ארוסול בניחוח,מיליליטרים,300.00,"100 מ""ל",false,,7.90,0.0263,true,1,1457833
5000204114898,false,גלייד ארוסול מבשם אוויר ניחוח מרכך כביסה,"אס.סי ג'\ונסון,מידרכט, ה",NL,גלייד ארוסול בניחוח,מיליליטרים,300.00,"100 מ""ל",false,,7.90,0.0263,true,1,1457834
5000204115048,false,גלייד ארוסול מבשם אוויר בניחוח לבנדר,"אס.סי ג'\ונסון,מידרכט, ה",NL,גלייד ארוסול בניחוח,מיליליטרים,300.00,"100 מ""ל",false,,7.90,0.0263,true,1,1457836
5000204153842,false,מטהר אוויר גלייד מילוי אוטומטי וניל,קוסטר אירוסול ואלף סאן,TR,גלייד מילוי אוטומטי,מיליליטרים,269.00,"100 מ""ל",false,,13.90,0.0517,true,1,1457844
5000204153903,false,מטהר אוויר גלייד מילוי אוטומטי מרכך כביסה,"קוסטר אירוסול ואלף סאן,",TR,גלייד מילוי אוטומטי מרכך,מיליליטרים,269.00,"100 מ""ל",false,,13.90,0.0517,true,1,1457845
5000204156218,false,"מארז גלייד אוטומטי לבנדר וניל 269 מ""ל",יצרן אירוסול: קוסטור איר,TR,גלייד מארז אוטומטי ל,מיליליטרים,635.00,"100 מ""ל",false,,44.90,0.0707,true,1,1457849
5000204658125,false,"קיווי נוזל נעליים קראון חום 75 מ""ל",אס' סי' ג'ונסון במה,PL,קיווי קראון נוזלי מבריק ח,100 מל,75.00,100 מל,false,,14.90,0.1987,true,1,1457875
5000204661392,false,"קיווי אקסטרא לארג' שחור(גדול) 100מ""ל",המאפיה של הרמן,ID,קיווי אקסטרא לארג' שחור(ג,100 מל,100.00,100 מל,false,,9.90,0.0990,true,1,1457878
5000204886566,false,"תרסיס מנקה, מזין ומגן על העץ עם שמן תפוז טבעי",Jonson ג'ונסון,US,"פלדג' 473 ORANGE OILמ""ל",מיליליטרים,475.00,"100 מ""ל",false,,22.90,0.0482,true,1,1457880
5000394002272,false,דורסל סימפלי שמניות AA,,,דורסל סימפלי שמניות,יח',8.00,יח',false,,17.90,2.2375,true,1,1456070
5000394002463,false,סוללות דורסל סימפלי AAA8,דורסל,BE,דורסל סימפלי שמניות,יח',8.00,יח',false,,17.90,2.2375,true,1,1456071
5000396037531,false,מקוויטיס ביסקוויט מצופה שוקולד חלב 200 גרם,ברנדס סרטרה נשיונל,GB,מקוויטיס ביסקוויט מצ,גרמים,200.00,100 גרם,false,,10.90,0.0545,true,1,1451151
5000396037548,false,מקוויטיס ביסקוויט מצופה שוקולד מריר 200 גרם,ברנדס סרטרה נשיונל,GB,מקוויטיס ביסקוויט מצ,גרמים,200.00,100 גרם,false,,10.90,0.0545,true,1,1451152
5000396037944,false,מקוויטיס ביסקוויט אורגינל 250 גרם,ברנדס סרטרה נשיונל,GB,מקוויטיס ביסקוויט קל,גרמים,250.00,100 גרם,false,,9.90,0.0396,true,1,1451153
5010026515919,false,מוזלי קריספי נאטי מורנפלייק 650 גרם,מורנפלייק Mornflake,GB,מוזלי קריספי נאטי 65,גרמים,650.00,100 גרם,false,,23.90,0.0368,true,1,1451862
5010026515933,false,מוזלי קריספי פירות ואגוזים מורנפלייק 750 גרם,מורנינג פוד,GB,מוזלי קריספי פירות ו,גרמים,750.00,100 גרם,false,,23.90,0.0319,true,1,1451863
5010026515940,false,מורנפלייק מוזלי פרוטי 750 גרם,מורנפלייק Mornflake,GB,מורנפלייק מוזלי פרוט,גרמים,750.00,100 גרם,false,,23.90,0.0319,true,1,1451864
5010026519368,false,מורנפלייק שיבולת שועל בשקית 500 גר,,,מורנפלייק שיבולת שוע,גרמים,500.00,100 גרם,false,,7.90,0.0158,true,1,1451866
5010029000252,false,וויטביקס תערובת דגנים מחיטה מלאה 430 גרם,וויטביקס,GB,וויטביקס תערובת דגני,גרמים,430.00,100 גרם,false,,22.90,0.0533,true,1,1456900
5010029221084,false,דגני וויטביקס פרוטאין קראנץ' בטעם מקורי,טרופיקל דגיל תעשיות,,דגני בוקר וויטביקס פ,גרמים,450.00,100 גרם,false,,24.90,0.0553,true,1,1456903
5010067322453,false,טרוביה תחליף אבקת סוכר 280 גרם,טרוביה Truvia,US,טרוביה תחליף אבקת סו,גרמים,280.00,100 גרם,false,,34.90,0.1246,true,1,1455748
5010123703585,false,ליסטרין שטיפת פה קולמינט 500 מל,גונסון אנד גונסון,IT,ליסטרין קולמינט 500מ,מיליליטרים,500.00,"100 מ""ל",false,,14.90,0.0298,true,1,1464178
5010182996799,false,ג'ל אסלה מנטרל ריחות בניחוח פרחי בר ורודים,דאופלור אס.פי.אי איט,IT,דאק ג'ל אסלה פרחי בר ורוד,מטרים,55.00,100 מ'ל,false,,9.90,0.1800,true,1,1457881
5010182997338,false,דאק ג'ל לניקוי אסלות בניחוח רענן 55 מל,"איטיליאן פוד, אס.פי.",IT,ט.ד ג'ל אסלה ניחוח רענן י,100 מל,55.00,100 מל,false,,9.90,0.1800,true,1,1457884
5010182998847,false,דאק נוזל לניקוי אסלות בניחוח ים 750 מל,מיוצר עי קונדיטוריית,NL,"טואלט דאק נוזל כחול 750מ""",מיליליטרים,750.00,"100 מ""ל",false,,8.90,0.0119,true,1,1457887
5010182998861,false,דאק נוזל לניקוי אסלות בניחוח רענן 750 מל,מיוצר עי קונדיטוריית,NL,"טואלט דאק נוזל ירוק 750מ""",מיליליטרים,750.00,"100 מ""ל",false,,8.90,0.0119,true,1,1457888
5010677551281,false,"בקרדי בריזר לימון 275 מ""ל בקבוק",בקרדי בריזר Bacardi Breezer,BE,בקרדי בריזר לימון 275 בקב,מיליליטרים,275.00,"100 מ""ל",false,,12.90,0.0469,true,1,1444267
5010677551397,false,"בקרדי בריזר לימון ליים 275 מ""ל",בקרדי בריזר Bacardi Breezer,BE,בקרדי בריזר לימון לי,מיליליטרים,275.00,"100 מ""ל",false,,12.90,0.0469,true,1,1444268
5010677552387,false,"בקרדי בריזר אננס 275 מ""ל בקבוק",בקרדי בריזר Bacardi Breezer,BE,בקרדי בריזר אננס 275 בקבו,מיליליטרים,275.00,"100 מ""ל",false,,12.90,0.0469,true,1,1444269
5010677554398,false,"בקרדי בריזר אבטיח 275 מ""ל בקבוק",בקרדי בריזר Bacardi Breezer,BE,בקרדי בריזר אבטיח 275 בקב,מיליליטרים,275.00,"100 מ""ל",false,,12.90,0.0469,true,1,1444270
5011157730271,false,אורז יסמין לבן ארוך טילדה,טילדה Tilda,GB,טילדה אורז יסמין 1 ק,גרמים,1000.00,100 גרם,false,,19.90,0.0199,true,1,1444792
5011408027976,false,"ספריי לשיער רגיל לוריאל 400 מ""ל",לוריאל Loreal,FR,ספריי לשיער רגיל לור,מיליליטרים,400.00,"100 מ""ל",false,,29.60,0.0740,true,1,1441076
5011408028034,false,"ספריי לשיער חזק מאוד לוריאל 400 מ""ל",לוריאל Loreal,FR,ספריי לשיער חזק מאוד,מיליליטרים,400.00,"100 מ""ל",false,,29.60,0.0740,true,1,1441077
5011408040791,false,לוריאל - דרמו רויטליפט קלאסי לילה,"קרלסרו, גרמניה",DE,דרמו רויטליפט לילה,מטרים,50.00,100 מ'ל,false,,58.90,1.1780,true,1,1441078
5011417547885,false,"אירוויק מקלות ריחניים בניחוח כביסה באוויר 30 מ""ל",איירוויק Air Wick,HU,אירוויק מקלות ניחוח,מטרים,50.00,100 מ'ל,false,,14.80,0.2960,true,1,1456373
5011417552247,false,"אירוויק מבשם אויר נטול גז בניחוח פשתן ופרחי לילך 345 מ""ל",איירוויק Air Wick,PL,AIRWICK L&LILAC 12X345ML,מיליליטרים,345.00,"100 מ""ל",false,,12.90,0.0374,true,1,1456375
5014271300429,false,"מעדן משמש 100% פרי סנטדלפור 284 גרם לל""ס",סאן דלפור - שמבור,FR,"מעדן בטעם משמש לל""ס",גרמים,284.00,100 גרם,false,,19.80,0.0697,true,1,1474088
5014271310428,false,מעדן דובדבנים שחורים ללא תוספת סוכר 284 גרם,סאן דלפור - שמבור,FR,מעדן בטעם דובדבנים ש,גרמים,284.00,100 גרם,false,,19.80,0.0697,true,1,1474089
5014271330426,false,מעדן אוכמניות כחולות ללא תוספת סוכר 284 גרם,סאן דלפור - שמבור,FR,מעדן אוכמניות כחולות,גרמים,284.00,100 גרם,false,,19.80,0.0697,true,1,1474090
5014271350424,false,מעדן ארבעה פירות ללא תוספת סוכר 284 גרם,סאן דלפור - שמבור,FR,מעדן בטעם ארבע פירות,גרמים,284.00,100 גרם,false,,19.80,0.0697,true,1,1474091
5014271370422,false,מעדן אפרסקים ללא תוספת סוכר 284 גרם,סאן דלפור - שמבור,FR,"מעדן אפרסק לל""ס סאן",גרמים,284.00,100 גרם,false,,19.80,0.0697,true,1,1474093
5014271400426,false,"מעדן בטעם תות שדה לל""ס סאן דלפור 284 גרם",סאן דלפור - שמבור,FR,מעדן בטעם תות שדה לל,גרמים,284.00,100 גרם,false,,19.80,0.0697,true,1,1474094
5014271795980,false,מעדן חמוציות ואוכמניות ללא תוספת סוכר 284 גרם,סנדלפור St.dalfour,FR,מעדן חמוציות ואוכמני,גרמים,284.00,100 גרם,false,,19.80,0.0697,true,1,1474095
5028763009332,false,מברשת שיניים צעד צעד 0-2,,,מברשת שיניים צעד צעד,יח',1.00,יח',false,,14.90,14.9000,true,1,1460442
5029053527574,false,האגיס תחתון ספיגה 4-7 בנים דריי נייטס 10 יחידות,חוגלה קימברלי,CZ,תחתוני ספיגה לתופעת,יח',10.00,יח',false,,35.90,3.5900,true,1,1452469
5035766060253,false,"בירה מרפיס, בירת סטאוט, פחית 500 מ""ל",מרפיס Murphys,GB,מרפיס 500 פחית 24 יח',מיליליטרים,500.00,"100 מ""ל",false,,12.90,0.0258,true,1,1444273
5050083559761,false,דגני בוקר קלוגס קוקו פופס שוקוס 500 גרם,קלוגס מניופקטורינג אספנה,ES,קלוגס קוקו פופס שוקוס 500,גרמים,500.00,100 גרם,false,,14.90,0.0298,true,1,1451466
5053827193368,false,דגני בוקר קלוגס ברנפלקס 500 גרם,קלוגס קומפני אוף גרייט ב,GB,דגני בוקר קלוגס ברנפ,גרמים,500.00,100 גרם,false,,21.90,0.0438,true,1,1451467
5053827215862,false,קלוגס קוקו פופס שוקו 500ג',קלוגס מניופקטורינג אספנה,GB,קלוגס קוקו פופס 500,גרמים,500.00,100 גרם,false,,18.90,0.0378,true,1,1451468
5059001003713,false,איירוויק - מקלות ריחניים בניחוח תאנה ופירות יער,רקיט בנקיזר,HU,ארוויק מקלות תאנה פ.,מטרים,30.00,100 מ'ל,false,,14.80,0.4933,true,1,1507165
5060250343741,false,הרשיז ראונדס קוקיס אנד קרים 96ג',הרשיז,PL,עוגיות הרשי ראונדס 9,גרמים,96.00,100 גרם,false,,9.90,0.1031,true,1,1477431
5060250343765,false,ריסס עוגיות קקאו במילוי חמאת בוטנים 96 ג,הרשיז,US,עוגיות ריזס ראונדס 9,גרמים,96.00,100 גרם,false,,9.90,0.1031,true,1,1477432
5060517886486,false,"משקה אנרגיה מונסטר אנרג'י בפחית 500 מ""ל",מונסטר אנרג'י Monster Energy,RS,משקה אנרגיה קלאסי מו,מיליליטרים,500.00,"100 מ""ל",false,,6.50,0.0130,true,1,1442315
5060517886516,false,"משקה אנרגיה מונסטר אנרג'י זירו בפחית 500 מ""ל",מונסטר אנרג'י Monster Energy,RS,משקה אנרגיה זירו מונ,מיליליטרים,500.00,"100 מ""ל",false,,6.50,0.0130,true,1,1442316
5060639128051,false,"משקה אנרגיה מונסטר אולטרה בפחית 500 מ""ל",מונסטר אנרג'י לימטד,RS,משקה אנרגיה אולטרה מ,מיליליטרים,500.00,"100 מ""ל",false,,6.50,0.0130,true,1,1442318
5060639129102,false,"משקה אנרגיה מונסטר אנרג'י מנגו בפחית 500 מ""ל",מונסטר אנרג'י Monster Energy,RS,משקה אנרגיה קלאסי מו,מיליליטרים,500.00,"100 מ""ל",false,,6.50,0.0130,true,1,1442319
5060751218173,false,"משקה אנרגיה מונסטר אנרג'י piplin punch בפחית 500 מ""ל",מונסטר אנרג'י לימטד,RS,משקה אנרגיה קלאסי מו,מיליליטרים,500.00,"100 מ""ל",false,,6.50,0.0130,true,1,1442320
5060751219033,false,"משקה אנרגיה מונסטר אנרג'י זירו paradise בפחית 500 מ""ל",מונסטר אנרג'י לימטד,RS,משקה אנרגיה קלאסי מו,מיליליטרים,500.00,"100 מ""ל",false,,6.50,0.0130,true,1,1442321
5200133120476,false,גלילות וופלים ממולאים קרם אגוזים וקקאו 400 ג',יוניליוור גרמניה Gm,GR,גליליות וופלים גולדן,גרמים,400.00,100 גרם,false,,17.90,0.0447,true,1,1451472
5201004020338,false,קפריס רולס קלאסיק 400 גרם,א.ג פאפאגופולוס,GR,קפריס רול קלאסי 400,גרמים,400.00,100 גרם,false,,19.70,0.0492,true,1,1449544
5201178801054,false,"קרם רב שימושי ניוואה 250 מ""ל",טרופיקל דגיל תעשיות,DE,קרם רב שימושי ניוואה,מיליליטרים,250.00,"100 מ""ל",false,,19.90,0.0796,true,1,1468786
5201246002215,false,"בירה פילס היילס ויליפוד 500 מ""ל",הלניק בריויריס אוף א,GR,בירה פילס הילאס 500,מיליליטרים,500.00,"100 מ""ל",false,,5.50,0.0110,true,1,1450952
5201261201532,false,"רביעית פחית בירה היינקן 500 מ""ל",מבשלת אתונה S.A.\n,IL,"היינקן הולנד 500 מ""ל",ליטרים,2.00,ליטר,false,,36.90,18.4500,true,1,1444274
5201340003385,false,TRATA טונה מעושנת שמן סויה 160 גרם,נורט אגיאוסי קנריס,GR,טונה מעושנת עם שמן ס,גרמים,160.00,100 גרם,false,,14.90,0.0931,true,1,1444140
5201340026704,false,TRATA טונה מעושנת פיקנטי 160 גרם,נורט אגיאוסי קנריס,GR,טונה מעושנת פיקנטי 1,גרמים,160.00,100 גרם,false,,14.90,0.0931,true,1,1444142
5201347160326,false,גל לשמירה על חיי מכונת הכביסה קלגון 750מ,רקיט בנקיזר,IT,קלגון ג'ל למניעת אבנ,מיליליטרים,750.00,"100 מ""ל",false,,29.90,0.0399,true,1,1456380
5201347400545,false,רצועות שעווה מוכנות לשימוש לפנים ולאזורים רגישים,רקיט בנקיזר צרפת,FR,Veet Blossom face Missoni,יח',20.00,יח',false,,19.90,0.9950,true,1,1456381
5201583750510,false,זירו-סוכריות ללא סוכר בטעם תות קרמי,איתן,GR,זירו סוכריות ללא סוכ,יח',1.00,יח',false,,6.50,6.5000,true,1,1460447
5201583751111,false,זירו סוכריות ללא סוכר טעם אספרסו קרמי,איתן,GR,זירו סוכריות ללא סוכ,יח',1.00,יח',false,,6.50,6.5000,true,1,1460448
5201583752217,false,סוכריות ללא סוכר בטעם מנטה במילוי שוקולד,איתן,GR,זירו סוכריות ללא סוכ,יח',1.00,יח',false,,6.50,6.5000,true,1,1460451
5202175001515,false,נאצ'וס בטעם מלוח 225 גרם,אל סבור מקסיקן פוד,TW,נאצוס בטעם מלוח 225,גרמים,225.00,100 גרם,false,,10.50,0.0467,true,1,1454345
5202287008020,false,צלחות חד פעמיות גדולות,לפיד,,צלחות חד פעמיות גדול,יח',50.00,יח',false,,11.90,0.2380,true,1,1459027
5202287008075,false,צלחות קטנות לבן 50 יח רגיל גורי,,,צלחות קטנות לבן 50 י,יח',1.00,יח',false,,8.90,8.9000,true,1,1459028
5202300043205,false,צבע לשיער קולסטון - 3/0 חום כהה,פרוקטר אנד גמבל,DE,צבע לשיער קולסטון 3/,יח',1.00,יח',false,,15.90,15.9000,true,1,1456095
5202300043434,false,צבע לשיער קולסטון - 7/73 בלונד אביב,פרוקטר אנד גמבל,DE,צבע לשיער קולסטון 7/,יח',1.00,יח',false,,15.90,15.9000,true,1,1456104
5202390014239,false,גבינה צהובה טבעונית עשבי תיבול ויאו לייף 200 ג',פרוטרופיק סיה.,GR,צהובה טבעונית+עשבי ת,גרמים,200.00,100 גרם,false,,21.90,0.1095,true,1,1451479
5202390015618,false,גבינה צהובה טבעונית אורגינל ויאו לייף 200 ג',אריביה אס.אי. 57022,GR,צהובה טבעוני אורגינא,גרמים,200.00,100 גרם,false,,21.90,0.1095,true,1,1451480
5202390016325,false,גבינה צהובה טבעונית בטעם מעושן ויאו לייף 200ג',"אריביה אס.אי., יוון",GR,צהובה טבעונית טעם מע,גרמים,200.00,100 גרם,false,,21.90,0.1095,true,1,1451482
5202390021121,false,קרמי אוריגינל טבעוני ויולייף 150 גר,ביוט איילנד פודס בעמ,GR,קרמי אורגינל טבעוני,גרמים,150.00,100 גרם,false,,18.80,0.1253,true,1,1451485
5292982024463,false,הכדור הרשמי – MONDIAL,,,הכדור הרשמי – MONDIA,יח',1.00,יח',false,,39.90,39.9000,true,1,1524749
5292982024821,false,הכדור הרשמי – MONDIAL,,,הכדור הרשמי – MONDIA,יח',1.00,יח',false,,39.90,39.9000,true,1,1524750
5292982028652,false,הכדור הרשמי – MONDIAL,,,הכדור הרשמי – MONDIA,יח',1.00,יח',false,,39.90,39.9000,true,1,1524752
5391523057929,false,סימילאק גולד שלב 1 תרכובת מזון על בסיס חלב,אבוט מעבדות רפואיות,IE,סימילאק גולד שלב 1 7,גרמים,700.00,100 גרם,false,,69.80,0.0997,true,1,1473790
5391523057936,false,סימילאק גולד שלב 2 תרכובת מזון על בסיס חלב,אבוט מעבדות רפואיות,IE,סימילאק גולד שלב 2 7,גרמים,700.00,100 גרם,false,,69.80,0.0997,true,1,1473791
5391523057943,false,סימילאק גולד שלב 3 תרכובת מזון על בסיס חלב,אבוט מעבדות רפואיות,IE,סימילאק גולד שלב 3 7,גרמים,700.00,100 גרם,false,,69.80,0.0997,true,1,1473792
5391523058063,false,סימילאק אדבנס פלוס 1 תרכובת מזון על בסיס חלב,טרופיקל דגיל תעשיות,IE,סימילאק אדוונס פלוס,גרמים,700.00,100 גרם,false,,64.80,0.0926,true,1,1473793
5391523058070,false,סימילאק אדבנס פלוס 3 תרכובת מזון על בסיס חלב,טרופיקל דגיל תעשיות,IE,סימילאק אדוונס פלוס,גרמים,700.00,100 גרם,false,,64.80,0.0926,true,1,1473794
5391523058087,false,סימילאק אדבנס פלוס 2 תרכובת מזון על בסיס חלב,טרופיקל דגיל תעשיות,IE,סימילאק אדוונס פלוס,גרמים,700.00,100 גרם,false,,64.80,0.0926,true,1,1473795
5410091677992,false,"סאיוס - ספריי לשיער לייצוב מקסימלי 400 מ""ל",שוורצקופף והנקל,DE,סאיוס ספריי מקס הולד,מיליליטרים,400.00,"100 מ""ל",false,,24.90,0.0622,true,1,1443985
5410091678005,false,"סאיוס - ספריי לשיער ליצירת נפח 400 מ""ל",שוורצקוף,DE,סאיוס ספריי ווליום ל,מיליליטרים,400.00,"100 מ""ל",false,,27.90,0.0697,true,1,1443986
5410091678043,false,"סאיוס - מוס לשיער מתולתל 250 מ""ל",שוורצקוף,DE,סאיוס מוס קורל קונטר,מיליליטרים,250.00,"100 מ""ל",false,,19.90,0.0796,true,1,1443987
5410103161518,false,קרם יום עם פעולה משולשת לעור רגיל ומעורב,"לוריאל ישראל בע""מ",DE,דרמו פעולה משולשת רג,מטרים,50.00,100 מ'ל,false,,44.90,0.8980,true,1,1441083
5410103161617,false,קרם יום עם פעולה משולשת Triple active לעור יבש ועדין,"לוריאל ישראל בע""מ",DE,דרמו פעולה משולשת יב,מטרים,50.00,100 מ'ל,false,,44.90,0.8980,true,1,1441084
5410126006087,false,עוגיות לוטוס ארוזות בתפזורת 700 גרם,לוטוס ביקרי נ.וי.,BE,עוגיות לוטוס 700 גרם,גרמים,700.00,100 גרם,false,,19.90,0.0284,true,1,1451486
5410126006360,false,לוטוס עוגיות סנדוויץ' במילוי לוטוס 150 גר',לוטוס ביקרי בלגיה נ.,BE,לוטוס עוגיות סנדויץ,גרמים,150.00,100 גרם,false,,8.90,0.0593,true,1,1451488
5410126006377,false,לוטוס עוגיות סנדוויץ' במילוי וניל 150 גר',לוטוס ביקרי בלגיה נ.,BE,לוטוס עוגיות סנדויץ,גרמים,150.00,100 גרם,false,,8.90,0.0593,true,1,1451489
5410126106183,false,עוגיות לוטוס 50 יחידות ארוזות בנפרד 312 גרם,כלורוקס אוקלנד,BE,"ביסקויט קרמל 312 גרם בד""צ",גרמים,312.00,100 גרם,false,,16.80,0.0538,true,1,1451490
5410126116953,false,ממרח ביסקוויט קרמל לוטוס 400 גרם,לוטוס בייקרי בלגיה נ,BE,ממרח עוגיות לוטוס קרמל,גרמים,400.00,100 גרם,false,,19.90,0.0497,true,1,1451491
5410126666038,false,"ביסקוויט קרמל לוטוס 279 גרם בד""צ",לוטוס ביקרי נ.וי,BE,עוגיות לוטוס 279 גר,גרמים,279.00,100 גרם,false,,9.90,0.0355,true,1,1451492
5410126716016,false,"עוגיות לוטוס ביסקויט קרמל בד""צ 250 גרם",לוטוס ביקרי בלגיה,BE,ביסקויט בטעם קרמל לוטוס 2,גרמים,250.00,100 גרם,false,,10.90,0.0436,true,1,1451493
5410126726947,false,ממרח ביסקוויט קרמל קראנץ' לוטוס 380 גרם,לוטוס בייקרי בלגיה נ,BE,ממרח עוגיות לוטוס קראנץ',גרמים,380.00,100 גרם,false,,19.90,0.0524,true,1,1451494
5410228267515,false,"שישיית בירה לאגר באדוויזר 6*330 מ""ל",באדווייזר Budweiser,GB,בירה בדוויזר שישייה,יח',1.00,יח',false,,29.90,29.9000,true,1,1452700
5410291021991,false,ממרח אגוזי לוז עם קקאוי 700 ג' צ'וקטה,צ'וקטה Chocketa,BE,צוקטה ממרח אגוזי לוז,גרמים,700.00,100 גרם,false,,19.80,0.0283,true,1,1472188
5410291022011,false,ממרח אגוזי לוז עם קקאוי 350 ג' צ'וקטה,צ'וקטה Chocketa,BE,צוקטה ממרח אגוזי לוז,גרמים,350.00,100 גרם,false,,11.80,0.0337,true,1,1472189
5410291022738,false,צ'וקטה ממרח חלב ואגוזי לוז עם קקאוי 350ג',צ'וקטה Chocketa,BE,ממרח אגוזים צוקטה 35,גרמים,350.00,100 גרם,false,,11.80,0.0337,true,1,1472190
5410291022776,false,ממרח אגוזי לוז צ'וקטה 700 גרם פרווה,צ'וקטה Chocketa,BE,צוקטה ממרח אגוזי לוז,גרמים,700.00,100 גרם,false,,19.80,0.0283,true,1,1472192
5410316983693,false,"סמירנוף אייס בקבוק 275 מ""ל",סמירנוף אייס Smirnoff ice,IT,"אייס סמירנוף 275 מ""ל",מיליליטרים,275.00,"100 מ""ל",false,,11.70,0.0425,true,1,1442323
5410769800097,false,"בירה לה צרי שוף 8% 330 מ""ל בקבוק",פארייפאבה אגרואינדוס,BE,בירה צ'רי שוף 8% 330,מיליליטרים,330.00,"100 מ""ל",false,,13.90,0.0421,true,1,1452703
5411081000677,false,בירה קסטיל טריפל בקבוק 330מל,מבשלת קסטל ואן הונסברוק,BE,בירה קסטיל טריפל בקב,מטרים,330.00,100 מ'ל,false,,11.90,0.0361,true,1,1519836
5411081008192,false,בירה קסטיל רוז' פחית 330 מל,מבשלת קסטל ואן הונסב,BE,בירה קסטיל רוז' פחית,מטרים,330.00,100 מ'ל,false,,11.90,0.0361,true,1,1519838
5411188081852,false,אלפרו משקה סויה בטעם וניל 1 ל',הנסיך- מפעל לייצור ט,BE,אלפרו משקה סויה וניל,ליטרים,1.00,ליטר,false,,11.90,11.9000,true,1,1445446
5411188094173,false,רביעיה מעדן סויה טעם קרמל 125 ג' אלפרו,אלפרו,BE,אלפרו מעדן סויה בטעם,גרמים,100.00,100 גרם,false,,16.90,0.1690,true,1,1514470
5411188106159,false,אלפרו סויה לייט מופחת שומן 1.2% 1 ליטר,הנסיך- מפעל לייצור ט,BE,משקה סויה לייט אלפרו,ליטרים,1.00,ליטר,false,,11.90,11.9000,true,1,1445449
5411188110835,false,אלפרו חלב סויה שקדים וניל 1ל',הנסיך- מפעל לייצור ט,BE,אלפרו משקה שקדים 1 ל,ליטרים,1.00,ליטר,false,,12.90,12.9000,true,1,1445450
5411188112549,false,משקה קוקוס אלפרו 1 ליטר משקה אורז 1 ליטר,הנסיך- מפעל לייצור ט,BE,אלפרו משקה אורז 1 לי,ליטרים,1.00,ליטר,false,,12.90,12.9000,true,1,1445453
5411188112709,false,"משקה קוקוס אלפרו 1 ליטר משקה שקדים לל""ס",הנסיך- מפעל לייצור ט,BE,משקה שקדים אלפרו ללת,ליטרים,1.00,ליטר,false,,12.90,12.9000,true,1,1445454
5411188115366,false,משקה קוקוס אלפרו 1 ליטר משקה שיבולת שועל 1 ליטר,הנסיך- מפעל לייצור ט,BE,אלפרו משקה שיבולת שו,ליטרים,1.00,ליטר,false,,12.90,12.9000,true,1,1445455
5411188115472,false,משקה סויה אלפרו 1 ליטר,הנסיך- מפעל לייצור ט,BE,אלפרו חלב סויה 1 לי,יח',1.00,יח',false,,11.90,11.9000,true,1,1445457
5411188118732,false,משקה אלפרו קוקוס ושקדים 1 ליטר,הנסיך- מפעל לייצור ט,BE,אלפרו משקה קוקוס שקד,ליטרים,1.00,ליטר,false,,13.90,13.9000,true,1,1445460
5411188120742,false,משקה קוקוס אלפרו 1 ליטר שקדים וניל 1 ל',הנסיך- מפעל לייצור ט,BE,אלפרו משקה שקדים בטע,ליטרים,1.00,ליטר,false,,12.90,12.9000,true,1,1445461
5411188120957,false,"אלפרו תערובת לבישול על בסיס קוקוס 250 מ""ל",אלפרו C.V.A,BE,אלפרו קוקוס לבישול 2,מטרים,250.00,100 מ'ל,false,,9.80,0.0392,true,1,1454477
5411188121978,false,"משקה סויה בטעם שוקולד 3 * 250 מ""ל אלפרו",אלפרו סי.וי. איי,BE,משקה סויה מועשר סידן,מיליליטרים,750.00,"100 מ""ל",false,,14.90,0.0199,true,1,1445464
5411188122586,false,"משקה שקדים אלפרו 250 מ""ל",הנסיך- מפעל לייצור ט,BE,אלפרו משקה שקדים 250,מיליליטרים,250.00,"100 מ""ל",false,,6.50,0.0260,true,1,1445465
5411188122661,false,אלפרו משקה שקדים לא קלויים ללא תוספת סוכר 1 ל',הנסיך- מפעל לייצור ט,BE,"אלפרו משקה שקדים לל""",ליטרים,1.00,ליטר,false,,13.90,13.9000,true,1,1445466
5411188124689,false,משקה אלפרו שיבולת שועל ללא סוכר 1 ליטר,אלפרו C.V.A,BE,אלפרו משקה שיבולת שו,ליטרים,1.00,ליטר,false,,12.90,12.9000,true,1,1445467
5411188124726,false,אלפרו משקה שיבולת שועל שקדים 1 ליטר,הדקלאים אגודת שיתופי,BE,אלפרו משקה שיבולת שו,ליטרים,1.00,ליטר,false,,12.90,12.9000,true,1,1445468
5411188127697,false,אלפרו משקה בריסטה שיבולת שועל 1 ליטר,הנסיך- מפעל לייצור ט,BE,אלפרו בריסטה שיבולת,ליטרים,1.00,ליטר,false,,10.90,10.9000,true,1,1445471
5411188129899,false,משקה אלפרו בריסטה שקדים 1 ליטר,הנסיך- מפעל לייצור ט,BE,אלפרו בריסטה שקדים 1,ליטרים,1.00,ליטר,false,,10.90,10.9000,true,1,1445472
5411188134985,false,אלפרו 3.5% NOT M*LK שיבולת שועל 1 ליטר בית יוסף,הנסיך- מפעל לייצור ט,BE,אלפרו 3.5% שיבולת שו,גרמים,1000.00,100 גרם,false,,13.90,0.0139,true,1,1454481
5411188135005,false,אלפרו 1.8% NOT M*LK שיבולת שועל 1 ליטר בית יוסף,הנסיך- מפעל לייצור ט,BE,אלפרו 1.8% שיבולת שו,גרמים,1000.00,100 גרם,false,,13.90,0.0139,true,1,1454482
5411188300328,false,אלפרו סויה שוקו 1 ליטר * 8 יחי,הנסיך- מפעל לייצור ט,BE,אלפרו משקה סויה שוקו,ליטרים,1.00,ליטר,false,,11.90,11.9000,true,1,1445475
5411188513483,false,"סויה לבישול 14% שומן אלפרו 250 מ""ל",אלפרו C.V.A,BE,אלפרו סויה לבישול 14,מטרים,250.00,100 מ'ל,false,,7.90,0.0316,true,1,1454483
5411188543398,false,משקה סויה ללא סוכר אלפרו 1 ליטר,הנסיך- מפעל לייצור ט,BE,אלפרו חלב סויה ללא ס,יח',1.00,יח',false,,11.90,11.9000,true,1,1445477
5411616143244,false,"בירה לוקסוס 8.5% פחית 500 מ""ל",,,בירה לוקסוס 8.5%,מטרים,500.00,100 מ'ל,false,,7.50,0.0150,true,1,1490834
5412533001617,false,נוזל לניקוי כלים אלוורה ולימון 1 ליטר,אקובר,BE,נוזל ניקוי לכלי אלוו,ליטרים,1.00,ליטר,false,,15.90,15.9000,true,1,1471499
5412865030668,false,דקיקי שוקולד במילוי מנטה פשקז 200 גרם,,IL,דקיקי מנטה 200 גרם,גרמים,200.00,100 גרם,false,,15.80,0.0790,true,1,1455754
5413149922907,false,"אבקת כביסה קולור וסטייל 5 ק""ג אריאל",פרוקטר אנד גמבל,TR,אבקת כביסה אריאל קול,100 לקג,5.00,100 לקג,false,,34.50,6.9000,true,1,1477151
5413548280189,false,קינדר שוקו בון 1 יחידות 125 גרם,פררו - אלבה,BE,קינדר שוקובון 125 גר,גרמים,125.00,100 גרם,false,,11.90,0.0952,true,1,1462445
5456432168750,false,קליפס כתר,,,קליפס כתר,יח',1.00,יח',false,,8.30,8.3000,true,1,1500663
5566774568870,false,"סיר מיני שף 14 ס""מ",,,"סיר מיני שף 14 ס""מ",יח',1.00,יח',false,,29.90,29.9000,true,1,1474451
5566774568894,false,מכסה פלא אוניברסלי,,,מכסה פלא אוניברסלי,יח',1.00,יח',false,,29.90,29.9000,true,1,1474452
5566774568900,false,מכסה פלא אוניברסלי,,,מכסה פלא אוניברסלי,יח',1.00,יח',false,,39.90,39.9000,true,1,1474453
5566774569099,false,כותש שום אגרונומי,,,כותש שום אגרונומי,יח',1.00,יח',false,,19.90,19.9000,true,1,1474463
5566774569198,false,קולפן פטנט 3 מצבים,,,קולפן פטנט 3 מצבים,יח',1.00,יח',false,,19.90,19.9000,true,1,1474473
5566774570385,false,מסננת איכותית 7.5 איכותית,,,מסננת איכותית 7.5 אי,יח',1.00,יח',false,,12.90,12.9000,true,1,1474541
5566774570439,false,פורס ביצה משובח,,,פורס ביצה משובח,יח',1.00,יח',false,,14.90,14.9000,true,1,1474546
5566774570507,false,"סיר יציקה משובח 20 ס""מ",,,סיר יציקה משובח 20 ס,יח',1.00,יח',false,,39.90,39.9000,true,1,1474553
5566774570583,false,"סיר יציקה משובח סוטאז 32 ס""מ",,,סיר יציקה משובח סוטא,יח',1.00,יח',false,,99.90,99.9000,true,1,1474560
5566774570675,false,מיני ווק,,,מיני ווק,יח',1.00,יח',false,,28.90,28.9000,true,1,1474567
5566774570682,false,מחבת לפנקייק + מקל,,,מחבת לפנקייק +מקל,יח',1.00,יח',false,,39.90,39.9000,true,1,1474568
5566774570729,false,מחבת עם תרווד,,,מחבת עם תרווד,יח',1.00,יח',false,,29.90,29.9000,true,1,1474572
5566774570781,false,רבעיית מברשות שיניים סיבי פחם רמי לוי,,,רבעיית מברשות שיניים,יח',1.00,יח',false,,9.90,9.9000,true,1,1474577
5566774570798,false,רבעיית מברשות שיניים סיבי זהב ופחם רמי לוי,,,רבעיית מברשות שיניים,יח',1.00,יח',false,,9.90,9.9000,true,1,1474578
5566774570804,false,רבעיית מברשות שיניים ניקוי מלא ועמוק שקוף רמי לוי,,,רבעיית מברשות שיניים,יח',1.00,יח',false,,9.90,9.9000,true,1,1474579
5566774570811,false,רבעיית מברשות שיניים ניקוי מלא ועמוק לבן רמי לוי,,,רבעיית מברשות שיניים,יח',1.00,יח',false,,9.90,9.9000,true,1,1474580
5566774570828,false,זוג מברשות שיניים סיבי זהב ופחם רמי לוי,,,זוג מברשות שיניים סי,יח',1.00,יח',false,,9.90,9.9000,true,1,1474581
5566774570835,false,רצועת רחצה עם ידית רמילוי,,,רצועת רחצה עם ידית ר,יח',1.00,יח',false,,9.90,9.9000,true,1,1474582
5566774570859,false,רצועת רחצה עדינה רמילוי,,,רצועת רחצה עדינה רמי,יח',1.00,יח',false,,7.90,7.9000,true,1,1474584
5566774570873,false,רפפת רחצה רמילוי,,,רפפת רחצה רמילוי,יח',1.00,יח',false,,7.90,7.9000,true,1,1474586
5566774570880,false,מברשת רחצה רמילוי,,,מברשת רחצה רמילוי,יח',1.00,יח',false,,14.90,14.9000,true,1,1474587
5566774570903,false,כדורי ספוג עדינים שלישייה רמילוי,,,כדורי ספוג עדינים של,יח',1.00,יח',false,,8.90,8.9000,true,1,1474589
5566774570910,false,ספוג רחצה דו צדדי זוג רמילוי,,,ספוג רחצה דו צדדי זו,יח',1.00,יח',false,,8.90,8.9000,true,1,1474590
5566774571122,false,סכין רב שימושית משובחת,,,סכין רב שימושית משוב,יח',1.00,יח',false,,9.90,9.9000,true,1,1474607
5566774571238,false,סט צלחת אופאל איכותי,,,סט צלחת אופאל איכותי,יח',1.00,יח',false,,79.90,79.9000,true,1,1474617
5566774571252,false,צלחת אופאל בינונית,,,צלחת אופאל בינונית,יח',1.00,יח',false,,5.90,5.9000,true,1,1474619
5566774572136,false,קוצץ ירקות משובח,,,קוצץ ירקות משובח,יח',1.00,יח',false,,59.90,59.9000,true,1,1474687
5566774572204,false,פלנצה גריל פרימיום יציקה,,,פלנצה גריל פרימיום י,יח',1.00,יח',false,,119.90,119.9000,true,1,1474692
5566774572464,false,עגלת שוק רמי לוי,,,עגלת שוק רמי לוי,יח',1.00,יח',false,,39.90,39.9000,true,1,1474709
5566774572532,false,סכין שף סנטוקו,,,סכין שף סנטוקו,יח',1.00,יח',false,,24.90,24.9000,true,1,1474715
5566774572563,false,יעה עם מקל,,,יעה עם מקל,יח',1.00,יח',false,,14.90,14.9000,true,1,1474718
5566774572617,false,נורת לד 60A E27 15W,,,נורת לד 60A E27 15W,יח',1.00,יח',false,,11.90,11.9000,true,1,1474723
5566774572624,false,נורת לד 60A E27 15W,,,נורת לד 60A E27 15W,יח',1.00,יח',false,,11.90,11.9000,true,1,1474724
5566774572631,false,שלישייה 60A E27 12W,,,שלישייה 60A E27 12W,יח',1.00,יח',false,,19.90,19.9000,true,1,1474725
5566774572648,false,שלישייה 60A E27 12W,,,שלישייה 60A E27 12W,יח',1.00,יח',false,,19.90,19.9000,true,1,1474726
5566774573119,false,מתקן לתליה למייבש שי,,,מתקן לתליה למייבש שי,יח',1.00,יח',false,,29.90,29.9000,true,1,1474763
5566774573683,false,"סוטאז גריל 34 ס""מ +מכסה",,,"סוטאז גריל 34 ס""מ +מ",יח',1.00,יח',false,,119.90,119.9000,true,1,1474816
5566774573737,false,רב שקע 4+מפסק+כבל עד,,,רב שקע 4+מפסק+כבל עד,יח',1.00,יח',false,,29.90,29.9000,true,1,1474820
5566774573744,false,רב שקע 5+מפסק+כבל עד 1מ,,,רב שקע 5+מפסק+כבל עד,יח',1.00,יח',false,,34.90,34.9000,true,1,1474821
5566774574093,false,חנוכיה פרימיום מגן דוד,,,חנוכיה פרימיום מגן ד,יח',1.00,יח',false,,149.90,149.9000,true,1,1474853
5566774574185,false,מנעול הפלא,,,מנעול הפלא,יח',1.00,יח',false,,29.90,29.9000,true,1,1474862
5601008200444,false,עוגיות גודיס טבעות מצופות שוקולד חלב מרבה 150 גרם,הנסיך- מפעל לייצור ט,PT,עוגיות גודיס טבעות מ,גרמים,150.00,100 גרם,false,,5.80,0.0387,true,1,1444795
5601008200451,false,עוגיות גודיס טבעות מצופות שוקולד מריר מרבה 150 גרם,מרבה Merba,PT,עוגיות גודיס טבעות מ,גרמים,150.00,100 גרם,false,,5.80,0.0387,true,1,1444796
5601008200468,false,עוגיות גודיס טבעות מצופות שוקולד לבו מרבה 150 גרם,קריניציה ויטמינה אס,PT,עוגיות גודיס טבעות מ,גרמים,150.00,100 גרם,false,,5.80,0.0387,true,1,1444797
5601036205534,false,צבע לשיער אקסלנס קרם - 1 שחור,לוריאל Loreal,BE,אקסלנס קרם 1 שחור,יח',1.00,יח',false,,34.90,34.9000,true,1,1441085
5601036205589,false,צבע לשיער אקסלנס קרם - 5 חום טבעי,לוריאל Loreal,BE,אקסלנס קרם 5 חום טבע,יח',1.00,יח',false,,34.90,34.9000,true,1,1441089
5601036205602,false,צבע לשיער אקסלנס קרם - 5.5 חום מהגוני,לוריאל ישראל קוסמטיקס בע,BE,אקסלנס קרם 5.5 חום מ,יח',1.00,יח',false,,34.90,34.9000,true,1,1441091
5601036205626,false,צבע לשיער אקסלנס קרם - 6 בלונד כהה,לוריאל Loreal,BE,אקסלנס קרם 6 חום בהי,יח',1.00,יח',false,,34.90,34.9000,true,1,1441093
5601036205664,false,לוריאל - אקסלנס קרם 7.1 בלונד טבעי אפרפר,ליברמו,BE,אקסלנס קרם 7.1 בלונד,יח',1.00,יח',false,,34.90,34.9000,true,1,1441095
5601036205725,false,לוריאל - אקסלנס קרם 10 בלונד מאוד מאוד בהיר,לוריאל ישראל קוסמטיקס בע,BE,אקסלנס קרם 10 בלונד,יח',1.00,יח',false,,34.90,34.9000,true,1,1441099
5701932026964,false,"הוטפופ גרעיני תירס להכנת פופקורן במיקרוגל בטעם טבעי, בתוספת מלח, 600 גרם",ליימן מותגים,US,פופקורן למיקרוגל בתו,גרמים,600.00,100 גרם,false,,14.80,0.0247,true,1,1451868
5701932026971,false,הוטפופ גרעיני תירס להכנת פופקורן במיקרוגל בטעם חמאה 600 גרם,ליימן מותגים,US,פופקורן למיקרוגל בטע,גרמים,600.00,100 גרם,false,,14.80,0.0247,true,1,1451869
5701932026995,false,"הוטפופ גרעיני תירס להכנת פופקורן במיקרוגל בטעם טבעי מופחת שומן, 510 גרם",קריניציה ויטמינה אס,US,פופקורן למיקרוגל ליי,גרמים,510.00,100 גרם,false,,14.80,0.0290,true,1,1451870
5705550300963,false,ביצי דג שיבוט 200 גרם יורו פוד,אמנדה סיפודס,DK,ביצי דג שיבוט 200 גר,גרמים,200.00,100 גרם,false,,10.90,0.0545,true,1,1471956
5706516031358,false,פופקורן להכנה במיקרוגל בטעם טבעי מופחת שומן 5 שקיות,ליימן מותגים,US,פופקורן למיקרוגל מופ,גרמים,160.00,100 גרם,false,,14.80,0.0925,true,1,1451871
5706516110039,false,פופקורן למיקרוגל מופחת מלח הוטפופ 540 גרם,ליימן מותגים,US,פופקורן למיקרוגל מופ,גרמים,540.00,100 גרם,false,,14.80,0.0274,true,1,1451872
5708209201611,false,טורטיה מקמח חיטה 20 אנטיקה קנטינה 320 גרם,לייטון פודס-קנטינה,DK,טורטיה מקמח חיטה קוטר 20,גרמים,340.00,100 גרם,false,,15.90,0.0468,true,1,1451498
5711953106583,false,גבינת שמנת בטעם טבעי 200 גרם ארלה,ארלה פודס אמבה,DK,ארלה גבינת שמנת טבעי,גרמים,200.00,100 גרם,false,,13.80,0.0690,true,1,1454484
5711953106590,false,גבינת שמנת ארלה שמנת שום 200 גרם,ארלה פודס אמבה,DK,ארלה גבינת שמנת ושום,גרמים,200.00,100 גרם,false,,13.80,0.0690,true,1,1454485
5711953106606,false,גבינת שמנת עם תבלינים ועשבי תיבול 23.5%,ארלה פודס אמבה,DK,ארלה גבינת שמנת עשבי,גרמים,200.00,100 גרם,false,,13.80,0.0690,true,1,1454486
5740900403215,false,ממרח מחמאת לורפק עם מלח 250 ג',ארלה פודס אמבה,DK,ממרח לורפק עם מלח 25,גרמים,250.00,100 גרם,false,,16.90,0.0676,true,1,1454487
5740900403222,false,ממרח לורפק חמאה עם מלח מופחת שומן 250 ג,ארלה פודס אמבה,DK,ממרח לורפק 250 גר,גרמים,250.00,100 גרם,false,,16.90,0.0676,true,1,1454488
5740900403239,false,ממרח לורפק ללא תוספת מלח 250 גר,ארלה פודס אמבה,DK,ממרח לורפק ללא תוספת,גרמים,250.00,100 גרם,false,,16.90,0.0676,true,1,1454489
5740900403246,false,ממרח לורפק ללא תוספת מלח 500 גר,ארלה פודס אמבה,DK,ממרח לורפק ללא תוספת,גרמים,500.00,100 גרם,false,,27.90,0.0558,true,1,1454490
5740900403253,false,ממרח מחמאת לורפק עם מלח 500 ג',ארלה פודס אמבה,DK,ממרח לורפק עם מלח 50,גרמים,500.00,100 גרם,false,,27.90,0.0558,true,1,1454491
5740900403260,false,ממרח מחמאת לורפק ללא מלח 27% פחות שומן,ארלה פודס אמבה,DK,ממרח לורפק ללא תוספת,גרמים,250.00,100 גרם,false,,16.90,0.0676,true,1,1454492
5900020012814,false,דגנים תפוחים בטעם שוקולד נסקוויק נסטלה 500 גרם,מיוצר עי קונדיטוריית,PL,דגנים תפוחים בטעם שו,גרמים,500.00,100 גרם,false,,25.60,0.0512,true,1,1446249
5900020015174,false,פיטנס חטיפי אנרגיה דגנים בטעם שוקולד נסטלה 6*23.5 גרם,מיוצר עי קונדיטוריית,PL,פיטנס חטיפי אנרגיה ד,גרמים,141.00,100 גרם,false,,14.90,0.1057,true,1,1446250
5900020018908,false,פיטנס חטיפי אנרגיה דגנים בטעם קרם עוגיות נסטלה 6*23.5 גרם,מיוצר עי קונדיטוריית,PL,פיטנס חטיפי אנרגיה ד,גרמים,141.00,100 גרם,false,,14.90,0.1057,true,1,1446251
5900020020710,false,מארז חטיף דגנים קראנץ' בטעם שוקו וניל נסטלה,נסטלה פולין ברים,PL,מארז קראנץ בר שוקו ו,גרמים,150.00,100 גרם,false,,14.90,0.0993,true,1,1446252
5900020020741,false,חטיפי דגנים נסקוויק בר שוקו שוקו 6*25 גר,נסטלה פולין ברים,PL,נסקוויק בר דגנים שוק,גרמים,150.00,100 גרם,false,,14.90,0.0993,true,1,1446253
5900020022325,false,חטיף סיני מיניס Cini Minis בטעם קינמון - 6 במארז,נסטלה פולין דגני בוק,PL,חטיף בר סיני מיניס 6,גרמים,150.00,100 גרם,false,,14.90,0.0993,true,1,1446254
5900020024770,false,פיטנס - דליס חטיף דגנים שוקולד אגוז 22.50 גרם * 6,נסטלה פולין ברים,PL,פיטנס בר דליס שוקלד,גרמים,135.00,100 גרם,false,,14.90,0.1104,true,1,1446255
5900020024817,false,פיטנס דליס Fitness Delice חטיף דגנים עם שוקולד לבן,נסטלה פולין ברים,PL,פיטנס בר דליס שוקולד,גרמים,135.00,100 גרם,false,,14.90,0.1104,true,1,1446256
5900020025647,false,חטיף דגנים פיטנס שוקולד חלב 135 גרם מארז 6 יחידות,מיוצר עי קונדיטוריית,PL,פיטנס בר דליס שוקולד,גרמים,135.00,100 גרם,false,,15.80,0.1170,true,1,1446257
5900020026552,false,דגני בוקר האני נאט צ'יריוס בטעם דבש ושקדים,נסטלה צרפת איטנקורט,FR,האני נאט ציריוס 625,גרמים,625.00,100 גרם,false,,23.90,0.0382,true,1,1446258
5900020029669,false,פיטנס - חטיף דגנים פירות יער 23.50 גרם * 6,נסטלה פולין דגני בוק,PL,מארז חטיף פיטנס מארו,גרמים,141.00,100 גרם,false,,14.90,0.1057,true,1,1446259
5900020031877,false,נסטלה האני ציריוס חטיף דגני בוקר שישייה,נסטלה פולין דגני בוק,PL,צ'יריוס האני חטיף דג,גרמים,132.00,100 גרם,false,,14.90,0.1129,true,1,1446260
5900020033314,false,חטיף דגני בוקר Lion בטעם קרמל ושוקולד על קרם חלב,נסטלה פולין דגני בוק,PL,ליון חטיף דגנים מאגד,יח',1.00,יח',false,,14.90,14.9000,true,1,1446263
5900020034021,false,חטיף דגנים פיטנס שוקולד בננה 141 גרם,מיוצר עי קונדיטוריית,PL,חטיף דגנים פיטנס שוק,גרמים,141.00,100 גרם,false,,14.90,0.1057,true,1,1446265
5900020034991,false,דגני בוקר צדפים בטעם שוקולד 450 ג' קראנץ',סי. פי. פולין,PL,קראנץ צדפים טעם שוקו,גרמים,450.00,100 גרם,false,,21.90,0.0487,true,1,1446266
5900020036407,false,ליון דגני בוקר שוקולד וקרמל נסטלה 480 גרם,נסטלה פולין דגני בוק,PL,ליון דגני בוקר שוקול,גרמים,480.00,100 גרם,false,,23.90,0.0498,true,1,1446267
5900020037916,false,דגני בוקר שיבולת שועל צ'ריוס 375ג',ג'נרל מילס סאן אדריא,PL,צריוס שיבולת שועל,גרמים,340.00,100 גרם,false,,14.90,0.0438,true,1,1446268
5900020039590,false,פיטנס חטיף דגנים קלאסי פרווה 8 6*23.5 ג,נסטלה פולין דגני בוק,PL,פיטנס חטיף דגנים קלא,גרמים,141.00,100 גרם,false,,14.90,0.1057,true,1,1446270
5900020039620,false,פיטנס חטיף דגנים שקדים ודבש פרווה 8 6*23 ג,נסטלה פולין ברים,PL,פיטנס חטיף דגנים שקד,גרמים,141.00,100 גרם,false,,14.90,0.1057,true,1,1446271
5900020041142,false,קורנפלקס פיטנס 500 ג' אסם,סי.פי.פולין,PL,פיטנס קורנפלקס 500 ג,גרמים,500.00,100 גרם,false,,12.90,0.0258,true,1,1517176
5900627027020,false,"ויט קרם להסרת שיער בזמן מקלחת לעור רגיל 150 מ""ל",רקיט בנקיזר צרפת,IL,Veet Shower Cre Silk 5X15,מיליליטרים,150.00,"100 מ""ל",false,,19.90,0.1327,true,1,1456383
5900627063233,false,טבליות למדיח הכל ב-1 פיניש מקס 50 יחידות,רקיט בנקיזר,PL,"FINSH,IL,AIO48tabs-Morgan",יח',50.00,יח',false,,34.90,0.6980,true,1,1456384
5900951283963,false,חטיף סניקרס עם חמאת בוטנים Creamy Peanut Butter,סנו מפעלי ברונוס.,PL,חטיף סניקרס קרימי חמ,יח',1.00,יח',false,,3.90,3.9000,true,1,1470642
5901414200411,false,בלזן היט מיני ביסקוויט סנדוויץ' עם מילוי קרם בטעם שוקולד 130 גרם,ליימן שליסל,PL,עוגיות סנדוויץ' בטעם,גרמים,130.00,100 גרם,false,,5.90,0.0454,true,1,1451873
5901888020508,false,FREEYU חטיף דגנים עם קינואה בטעם צ'ילי 70 גרם,דנשר,PL,חטיף דגנים עם קינואה,גרמים,70.00,100 גרם,false,,12.70,0.1814,true,1,1482744
5902198160403,false,XL משקה אנרגיה מוגז ללא סוכר עד 10 קלוריות לפחית 250 מל,"טמפו משקאות בע""\מ",IL,TEN XL פחית 250 מל,מיליליטרים,250.00,"100 מ""ל",false,,3.80,0.0152,true,1,1444277
5904941750312,false,"משקה אנרגיה BLU מוחיטו בודד 250 מ""ל",אקו - ביט,PL,משקה אנרגייה בלו מוח,מיליליטרים,250.00,"100 מ""ל",false,,4.20,0.0168,true,1,1456579
5904941751302,false,"משקה אנרגיה בלו 250 מ""ל- בודד",אקו - ביט,PL,משקה אנרגיה בלו 250,מיליליטרים,250.00,"100 מ""ל",false,,4.20,0.0168,true,1,1456581
5904941751371,false,"בלו אקזוטי (מלון תפוח) 250 מ""ל בודד",Unknown,,משקה בלו אקזוטיק 250,מיליליטרים,250.00,"100 מ""ל",false,,4.20,0.0168,true,1,1456582
5904941751920,false,בלו משקה אנרגיה דיי חצי מכמות הקלו250 מל,אקו - ביט,PL,משקה אנרגייה בלו דיי,מיליליטרים,250.00,"100 מ""ל",false,,4.20,0.0168,true,1,1456586
5904941751975,false,"בלו משקה אנרגיה דיי ענבים 250 מ""ל",אקו - ביט,PL,בלו משקה אנרגיה דיי,מטרים,250.00,100 מ'ל,false,,4.20,0.0168,true,1,1456587
5904941752262,false,משקה אנרגיה בטעם לימון ליים ללא תוספת סוכר,אקווה ויט,PL,"בלו לימון ליים לל""ס",יח',1.00,יח',false,,2.90,2.9000,true,1,1456588
5906485301012,false,"משקה אנרגיה XL פחית 250 מ""ל","טמפו משקאות בע""מ",IL,"XL 250 מ""ל פחית 24 יח'",מיליליטרים,250.00,"100 מ""ל",false,,3.80,0.0152,true,1,1473413
5941021000639,false,טבלת שוקולד חלב אגוז היידי גראנדור 100 ג',היידי שוקולד בירונטי,,שוקולד חלב היידי אגו,גרמים,100.00,100 גרם,false,,9.50,0.0950,true,1,1466010
5941021000899,false,טבלת שוקולד מריר אגוז היידי גראנדור 100 ג',היידי שוקולד בירונטי,,שוקולד מריר היידי אג,גרמים,100.00,100 גרם,false,,9.50,0.0950,true,1,1466011
5941021001247,false,טבלת שוקולד בטעם קפה היידי גראנדור 80 ג',היידי שוקולד בירונטי,RO,טבלת היידי גראנדור ק,יח',1.00,יח',false,,9.50,9.5000,true,1,1466012
5941021002190,false,טבלת שוקולד לבן אגוז היידי גראנדור 100 ג',היידי שוקולד בירונטי,,היידי גראנדור לבן אג,גרמים,100.00,100 גרם,false,,9.50,0.0950,true,1,1466014
5941021014483,false,טבלת היידי גראנדור פלורנטין לבן 100 גר,,RO,טבלת היידי גראנדור פ,גרמים,100.00,100 גרם,false,,9.50,0.0950,true,1,1477434
5941021016401,false,טבלת שוקולד מריר שקד היידי גראנדור 100 ג',היידי שוקולד בירונטי,PL,היידי גראנדור מריר ש,גרמים,100.00,100 גרם,false,,9.50,0.0950,true,1,1466020
5941021022303,false,טבלת שוקולד היידי מריר עם דובדבן 80 גר,,RO,טבלת היידי מריר עם ד,גרמים,80.00,100 גרם,false,,9.50,0.1188,true,1,1477436
5941021024215,false,טבלת שוקולד היידי מילקברי אוכמניות חלב80,,RO,היידי שוקולד מילקברי,גרמים,80.00,100 גרם,false,,9.50,0.1188,true,1,1510152
5941021024222,false,טבלת שוקולד היידי מילקברי חמוציות חלב80ג,,RO,היידי שוקולד מילקברי,גרמים,80.00,100 גרם,false,,9.50,0.1188,true,1,1510153
5949152110838,false,"איירוויק מבשם אוויר ומנטרל ריחות - גשמים סגולים 237 מ""ל",רקיט בנקיזר,PL,איירוויק נטול גז 237,מטרים,237.00,100 מ'ל,false,,14.90,0.0629,true,1,1494728
5997321701806,false,אבקה למניעת אבנית במכונת כביסה 2 ב-1,רקיט בנקיזר פולין,PL,קלגון אבקה למניעת אב,לקג,1.00,לקג,false,,29.90,29.9000,true,1,1456386
5998623526739,false,"יין הונגרי גוורצטרמינר 750 מ""ל כשר",דנוביאנה,HU,סי גראס גוורצטרמינר,מיליליטרים,750.00,"100 מ""ל",false,,29.90,0.0399,true,1,1453163
5998749108550,false,חטיף ויסקס עוף וגבינה 60,ויסקס Whiskas,HU,1X8X60Gויסקס טמפציקן,יח',1.00,יח',false,,8.90,8.9000,true,1,1469761
5998749108574,false,חטיף בקר לחתולים 60 גרם וויסקס,ויסקס Whiskas,HU,חטיף בקר לחתולים 60,יח',1.00,יח',false,,8.90,8.9000,true,1,1469762
5999887183225,false,סבון אסלה שלישייה,,,סבון אסלה שלישייה,יח',3.00,יח',false,,9.90,3.3000,true,1,1459029
6001067017523,false,מברשת שיניים קולגייט לילדים מגיל חמש 1 יחידה,יבואן ומשווק: ש. שסט,CN,קולגייט מברשת ילדים,יח',1.00,יח',false,,9.90,9.9000,true,1,1444798
6001067017530,false,מברשת שיניים קולגייט לילדים מגיל שנתיים עד חמש 1 יחידה,יבואן ומשווק: ש. שסט,CN,מברשת קולגייט ילדים,יח',1.00,יח',false,,9.90,9.9000,true,1,1444799
6111049000051,false,סרדין חריף פיקנטי בשמן סויה 125 גרם,U.P.A,MA,סרדין מרוקאי חריף 12,גרמים,125.00,100 גרם,false,,4.90,0.0392,true,1,1471660
6111094000198,false,קוסקוס דארי בינוני 350 גרם,דארי קוספאט אס. איי. או,MA,קוסקוס דארי 350 גרם,גרמים,350.00,100 גרם,false,,6.90,0.0197,true,1,1444144
6111094000808,false,"קוסקוס דארי בינוני תומר 1 ק""ג + 10% תוספת",דארי קוספטה אל-זהרה,MA,קוסקוס דארי בינוני 1,קילוגרמים,1.00,"לק""ג",false,,17.70,17.7000,true,1,1444148
6111094002123,false,דארי אטריות דקות תוספת 10% 550 גרם,דארי,MA,אטריות דארי מרוקאיות,גרמים,550.00,100 גרם,false,,8.70,0.0158,true,1,1517206
6118000061090,false,סרדינים מרוקאים בשמן סויה -טנגיר 125,דין שיווק,,סרדינים מרוקאים בשמן,גרמים,125.00,100 גרם,false,,3.90,0.0312,true,1,1473493
6118000240501,false,סרדינים מרוקאים בשמן סויה עם פלפל חריף - 125 גרם,דין שיווק,,סרדינים מרוקאים בשמן,יח',1.00,יח',false,,3.90,3.9000,true,1,1473494
6281001510390,false,מברשת שיניים לילדים אקסטרא סופט לגילאי 0-2,קולגייט-פלמוליב,CN,מברשת שיניים ילדים ל,יח',1.00,יח',false,,9.90,9.9000,true,1,1444800
6315280325588,false,טוסטר 4 פרוסות ענק BT-2558 BENATON,,,טוסטר 4 פרוסות ענק B,יח',1.00,יח',false,,149.90,149.9000,true,1,1465516
6524543313129,false,זוג פמוט דקורטיבי לנ,מעגל הזמן,,זוג פמוט דקורטיבי לנ,יח',1.00,יח',false,,9.90,9.9000,true,1,1464539
6632122111124,false,מכשיר פופקורן BENATON BT-1112,,,מכשיר הכנת פופקורן,יח',1.00,יח',false,,79.90,79.9000,true,1,1465542
6807452794426,false,שיני שום קלופות 170,,,שיני שום קלוף,יח',1.00,יח',false,,8.90,8.9000,true,1,1454024
6910191800287,false,אצות נורי בלו 10 דף (ננגטונג),ננטונג היידה אקווטוק,CN,אצות נורי בלו 10 דף,גרמים,25.00,גרם,false,,10.80,0.4320,true,1,1454349
6920354822223,false,משחת שיניים נטורל גינגר קוקוס קולגייט 90 ג',קולגייט פלמוליב,PL,קולגייט נטורל משחת ש,מטרים,71.00,100 מ'ל,false,,29.90,0.4211,true,1,1444802
6921052701001,false,אצות וואקמה 40 גרם (רונגצ'אנג)(כ),ננטונג הידה אקוטיק פ,CN,אצות וואקמה 40 גרם (,גרמים,40.00,100 גרם,false,,8.50,0.2125,true,1,1454351
6922276100083,false,מחית וואסבי -חזרת 43 גרם (דליאן),דליאן ג'ינדה קונדימנ,CN,מחית וואסבי -חזרת 43,גרמים,43.00,100 גרם,false,,8.70,0.2023,true,1,1454352
6925621678558,false,ערכת חנוכה שמן מלכות נוזלי{ללא חזרות},מעגל הזמן,,ערכת חנוכה שמן מלכות,יח',1.00,יח',false,,39.90,39.9000,true,1,1464543
6934731200078,false,אטריות טריות דקות מזרח מערב 200 גרם,יאנטאי ינסידה לנוגקא,CN,אטריות טריות דקות 20,גרמים,200.00,100 גרם,false,,6.90,0.0345,true,1,1454355
6934731210138,false,אטריות טריות עבות מזרח מערב 200 גרם,יאנטאי ינסידה לנוגקא,CN,אטריות טריות עבות 20,גרמים,200.00,100 גרם,false,,6.90,0.0345,true,1,1454356
6934930032234,false,פומאז עשיר בחלבון ריקוטה לימונצלו 110 גר,,IL,ריקוטה לימונצ'לו עשי,גרמים,110.00,100 גרם,false,,9.90,0.0900,true,1,1480612
6934930083410,false,פומאז עשיר בחלבון ריקוטה ואמרנה 110 גרם,,IL,ריקוטה ודובדבנים עשי,גרמים,110.00,100 גרם,false,,9.90,0.0900,true,1,1480582
6934931264658,false,קופסא לתבנית אלומיניום,,,קופסת אחסון מלבנית,יחידה,0.00,יחידה,false,,12.90,0.0000,true,1,1477824
6934931264726,false,קופסת אחסון אניגליש קייק,,,קופסת אחסון אניגליש,יחידה,0.00,יחידה,false,,8.90,0.0000,true,1,1477825
6934931405464,false,פולי קפה קלויים 500 גר רמילוי,,,פולי קפה קלויים 500,יח',1.00,יח',false,,29.90,29.9000,true,1,1471382
6934931514296,false,קפה טורקי קלוי טחון עם הל 100 גר,,,קפה טורקי קלוי טחון,גרמים,100.00,100 גרם,false,,4.90,0.0490,true,1,1471385
6934931979156,false,קפה טורקי קלוי טחון 200ג מונדיאל,,,קפה טורקי קלוי טחון,גרמים,200.00,100 גרם,false,,6.90,0.0345,true,1,1509836
6936745600462,false,רוטב מירין לתיבול מז,דאנינג יוה פודס קו,CN,"מירין 500 מ""ל (דאניי",מיליליטרים,500.00,"100 מ""ל",false,,17.80,0.0356,true,1,1454357
6936745600783,false,"חומץ אורז מזרח מערב 500 מ""ל",דאנינג יוה פודס קו,CN,"חומץ אורז 500 מ""ל (ד",מיליליטרים,500.00,"100 מ""ל",false,,14.80,0.0296,true,1,1454358
6941168412417,false,GOOD PHARM - אטבי כביסה צבעוניים 50 יח',,,אטבים 50 יחידות,מיליליטרים,500.00,"100 מ""ל",false,,14.90,0.0298,true,1,1464186
6970011910237,false,מצית לגז אקדח גדול,,IL,מצת פרימיום,יח',1.00,יח',false,,8.90,8.9000,true,1,1474916
6970766341072,false,מאג רוזה,,,מאג רוזה,יח',1.00,יח',false,,4.90,4.9000,true,1,1509228
6974640730167,false,פטריות שיטאקה 100 גר (כ) (Zhejiang),CO FOOD FOREST .ZHEJIANG,CN,פטריות שיטאקה 100 גר,גרמים,100.00,100 גרם,false,,12.90,0.1290,true,1,1477079
7046110064047,false,מארז זוג מברשת שיניים ג'ורדן ילדים 6-9,דנטלון,MY,ג'ורדן מברשת לילדים,יח',2.00,יח',false,,14.90,7.4500,true,1,1457899
7271730901261,false,ווקי מאק ארוחת אטריות עם גבינה 156 גרם,ניו וורלד פסטה קומפנ,US,מקרוני עם גבינה 156,גרמים,156.00,100 גרם,false,,10.90,0.0699,true,1,1450529
7290000000100,false,אבוקדו האס,,,עגבניה,קילוגרמים,1.00,"ק""ג",true,,4.90,4.9000,true,1,1453769
7290000000101,false,חבילת פיתות קטן 10 י,ביכורי השקמה,,מלפפון,קילוגרמים,1.00,"ק""ג",true,,3.90,3.9000,true,1,1453770
7290000000102,false,מי קוקוס אמפאווה+מוט,ביכורי השקמה,,גזר ארוז,קילוגרמים,1.00,"ק""ג",true,,2.90,2.9000,true,1,1453771
7290000000103,false,חלה רגילה,ביכורי השקמה,,פלפל כהה,קילוגרמים,1.00,"ק""ג",true,,6.90,6.9000,true,1,1453772
7290000000104,false,מאפינס-אוראו/נוטלה,ביכורי השקמה,,פלפל אדום,קילוגרמים,1.00,"ק""ג",true,,7.90,7.9000,true,1,1453773
7290000000105,false,חב' עירית טריה,ביכורי השקמה,,פלפל בהיר,קילוגרמים,1.00,"ק""ג",true,,6.90,6.9000,true,1,1453774
7290000000106,false,אנונה,ביכורי השקמה,,חציל,קילוגרמים,1.00,"ק""ג",true,,3.90,3.9000,true,1,1453775
7290000000107,false,קישוא ירוק,ביכורי השקמה,,קישוא ירוק,קילוגרמים,1.00,"ק""ג",true,,6.90,6.9000,true,1,1453776
7290000000108,false,קישואים זוקיני,ביכורי השקמה,,בצל יבש,קילוגרמים,1.00,"ק""ג",true,,2.90,2.9000,true,1,1453777
7290000000109,false,כרוב לבן,ביכורי השקמה,,כרוב לבן,קילוגרמים,1.00,"ק""ג",true,,2.90,2.9000,true,1,1453778
7290000000110,false,כרוב אדום,ביכורי השקמה,,כרוב אדום,קילוגרמים,1.00,"ק""ג",true,,2.90,2.9000,true,1,1453779
7290000000111,false,תפוח אדמה לבן ארוז,ביכורי השקמה,,תפוח אדמה לבן ארוז,קילוגרמים,1.00,"ק""ג",true,,2.90,2.9000,true,1,1453780
7290000000112,false,ברוקומיני,ביכורי השקמה,,צנונית,יח',1.00,יח',false,,6.80,6.8000,true,1,1460675
7290000000113,false,שום טרי עלים,ביכורי השקמה,,אגס,קילוגרמים,1.00,"ק""ג",true,,7.90,7.9000,true,1,1453781
7290000000114,false,תפוח עץ סטרקינג (אדו,ביכורי השקמה,,תפוח עץ סטרקינג (אדו,קילוגרמים,1.00,"ק""ג",true,,8.90,8.9000,true,1,1453782
7290000000115,false,תפוח עץ מוזהב,ביכורי השקמה,,תפוח עץ מוזהב,קילוגרמים,1.00,"ק""ג",true,,8.90,8.9000,true,1,1453783
7290000000116,false,תפוח עץ ירוק גרנד סמ,ביכורי השקמה,,תפוח עץ ירוק גרנד סמ,קילוגרמים,1.00,"ק""ג",true,,8.90,8.9000,true,1,1453784
7290000000117,false,עגבניות שרי תמר,ביכורי השקמה,,לימון,קילוגרמים,1.00,"ק""ג",true,,4.90,4.9000,true,1,1453785
7290000000120,false,קיווי,ביכורי השקמה,,קיווי,קילוגרמים,1.00,"ק""ג",true,,12.90,12.9000,true,1,1453787
7290000000121,false,קלמנטינה,ביכורי השקמה,,קלמנטינה,קילוגרמים,1.00,"ק""ג",true,,3.90,3.9000,true,1,1453788
7290000000122,false,תפוח עץ פינק בראשית,ביכורי השקמה,,תפוז,קילוגרמים,1.00,"ק""ג",true,,4.90,4.9000,true,1,1453789
7290000000123,false,"קמח בהיר שטיבל 30 ק""",ביכורי השקמה,,חסה רגילה,יח',1.00,יח',false,,3.90,3.9000,true,1,1453790
7290000000125,false,פטרוזיליה (בתפזורת),ביכורי השקמה,,פטרוזיליה (בתפזורת),יח',1.00,יח',false,,1.80,1.8000,true,1,1460676
7290000000126,false,כוסברה (בתפזורת),ביכורי השקמה,,כוסברה (בתפזורת),יח',1.00,יח',false,,1.80,1.8000,true,1,1460677
7290000000127,false,"קמח אחיד שטיבל 25 ק""",אדמה,,סלרי אמריקאי אדמה,יח',1.00,יח',false,,5.90,5.9000,true,1,1460678
7290000000128,false,קמח לבן בהיר שטיבל 3,ביכורי השקמה,,נענע (בתפזורת),יח',1.00,יח',false,,3.30,3.3000,true,1,1460679
7290000000129,false,אפונת שלג/סינית 200,אדמה,,שמיר (בתפזורת),יח',1.00,יח',false,,3.30,3.3000,true,1,1460680
7290000000131,false,חבילת שמיר טרי,ביכורי השקמה,,בצל ירוק,יח',1.00,יח',false,,3.90,3.9000,true,1,1460681
7290000000132,false,תפוחי אדמה לבן תפזור,ביכורי השקמה,,פלפל חריף,קילוגרמים,1.00,"ק""ג",true,,6.90,6.9000,true,1,1453792
7290000000133,false,חסה סלנובה,ביכורי השקמה,,שום יבש,יח',1.00,יח',false,,3.30,3.3000,true,1,1453793
7290000000134,false,פטריות יער,ביכורי השקמה,,בננה,קילוגרמים,1.00,"ק""ג",true,,5.90,5.9000,true,1,1453794
7290000000135,false,אפרסמון קרמבו,ביכורי השקמה,,אבוקדו,קילוגרמים,1.00,"ק""ג",true,,9.90,9.9000,true,1,1453795
7290000000136,false,אשכולית צהובה,ביכורי השקמה,,אשכולית צהובה,קילוגרמים,1.00,"ק""ג",true,,5.90,5.9000,true,1,1453796
7290000000137,false,פומלה,ביכורי השקמה,,פומלה,קילוגרמים,1.00,"ק""ג",true,,4.90,4.9000,true,1,1453797
7290000000138,false,גויאבה,ביכורי השקמה,,בטטה,קילוגרמים,1.00,"ק""ג",true,,6.90,6.9000,true,1,1453798
7290000000139,false,שומר,ביכורי השקמה,,שומר,קילוגרמים,1.00,"ק""ג",true,,5.90,5.9000,true,1,1453799
7290000000140,false,ענבים גדולים,ביכורי השקמה,,מלון,קילוגרמים,1.00,"ק""ג",true,,5.90,5.9000,true,1,1453800
7290000000141,false,דלורית,ביכורי השקמה,,דלורית,קילוגרמים,1.00,"ק""ג",true,,2.90,2.9000,true,1,1453801
7290000000142,false,אשכולית אדומה,ביכורי השקמה,,אשכולית אדומה,קילוגרמים,1.00,"ק""ג",true,,3.90,3.9000,true,1,1453802
7290000000143,false,תפוח אדמה כסביה,ביכורי השקמה,,תפוח אדמה כסביה,קילוגרמים,1.00,"ק""ג",true,,9.90,9.9000,true,1,1453803
7290000000144,false,שעועית הילדה,ביכורי השקמה,,אפרסמון,קילוגרמים,1.00,"ק""ג",true,,9.90,9.9000,true,1,1453804
7290000000147,false,פטריות שמפיניון במשק,ביכורי השקמה,,ענבים שחור ארוז,קילוגרמים,1.00,"ק""ג",true,,19.90,19.9000,true,1,1453806
7290000000148,false,תפוח ענה,,,תירס טרי,קילוגרמים,1.00,"ק""ג",true,,6.90,6.9000,true,1,1453807
7290000000149,false,תפוח עץ חרמון,ביכורי השקמה,,תפוח עץ חרמון,קילוגרמים,1.00,"ק""ג",true,,8.90,8.9000,true,1,1453808
7290000000151,false,סלק אדום,ביכורי השקמה,,סלק אדום,קילוגרמים,1.00,"ק""ג",true,,2.90,2.9000,true,1,1453810
7290000000153,false,זוג עוגיות אלפחורס,ביכורי השקמה,,מארז אבוקדו ברשת,קילוגרמים,1.00,"ק""ג",true,,5.90,5.9000,true,1,1453811
7290000000155,false,פטריות חורש במשקל,ביכורי השקמה,,רימון אדום,קילוגרמים,1.00,"ק""ג",true,,5.90,5.9000,true,1,1453813
7290000000158,false,צנון שחור/לבן,ביכורי השקמה,,קוקוס,יח',1.00,יח',false,,5.00,5.0000,true,1,1453816
7290000000161,false,חציל בלאדי,ביכורי השקמה,,צנון,קילוגרמים,1.00,"ק""ג",true,,6.90,6.9000,true,1,1453818
7290000000162,false,עגבניות שרי אדומות,ביכורי השקמה,,עגבניות שרי אדומות,קילוגרמים,1.00,"ק""ג",true,,12.90,12.9000,true,1,1453819
7290000000163,false,פוטוס בקערה 20,ביכורי השקמה,,ברוקולי,יח',1.00,יח',false,,7.90,7.9000,true,1,1460682
7290000000164,false,קלתיאה עציץ 12,ביכורי השקמה,,לפת,קילוגרמים,1.00,"ק""ג",true,,6.90,6.9000,true,1,1453820
7290000000165,false,מנגולד עלי סלק,אדמה,,מנגולד עלי סלק,יח',1.00,יח',false,,4.90,4.9000,true,1,1460683
7290000000166,false,דלעת,ביכורי השקמה,,דלעת,קילוגרמים,1.00,"ק""ג",true,,6.90,6.9000,true,1,1460684
7290000000167,false,שרי מנומר/צהוב,ביכורי השקמה,,קולורבי,קילוגרמים,1.00,"ק""ג",true,,7.90,7.9000,true,1,1453821
7290000000168,false,פלפל צהוב,ביכורי השקמה,,פלפל צהוב,קילוגרמים,1.00,"ק""ג",true,,7.90,7.9000,true,1,1453822
7290000000183,false,פטאיה,ביכורי השקמה,,אפרסק,קילוגרמים,1.00,"ק""ג",true,,6.90,6.9000,true,1,1453832
7290000000185,false,מלפפונים קטנטנים לה,ביכורי השקמה,,ענבים ירוקים,קילוגרמים,1.00,"ק""ג",true,,24.90,24.9000,true,1,1453834
7290000000186,false,תפוח עץ יונתן,ביכורי השקמה,,תפוח עץ יונתן,קילוגרמים,1.00,"ק""ג",true,,12.80,12.8000,true,1,1453835
7290000000191,false,ענבים אדומים,ביכורי השקמה,,ענבים אדומים,קילוגרמים,1.00,"ק""ג",true,,19.90,19.9000,true,1,1453840
7290000000197,false,חבוש,ש.פשה,,חבוש,קילוגרמים,1.00,"ק""ג",true,,2.90,2.9000,true,1,1453846
7290000000199,false,פומלית,ביכורי השקמה,,פומלית,קילוגרמים,1.00,"ק""ג",true,,3.90,3.9000,true,1,1453847
7290000000201,false,אנונה,ביכורי השקמה,,אנונה,קילוגרמים,1.00,"ק""ג",true,,16.90,16.9000,true,1,1453848
7290000000209,false,ענבים אדום תפזורת,,,ענבים אדום תפזורת,קילוגרמים,1.00,"ק""ג",true,,19.90,19.9000,true,1,1453851
7290000000219,false,תפוח עץ גאלה,ישרקו שיווק מותגי מז,,תפוח עץ גאלה,קילוגרמים,1.00,"ק""ג",true,,9.90,9.9000,true,1,1453856
7290000000225,false,ג'ינג'ר תפזורת,חוות פטריות תקוע,,ג'ינג'ר תפזורת,קילוגרמים,1.00,"ק""ג",true,,19.90,19.9000,true,1,1458290
7290000000230,false,רוסקי סרוולט,ישרקו שיווק מותגי מז,,תפוז ברשת,קילוגרמים,1.00,"ק""ג",true,,3.90,3.9000,true,1,1453859
7290000000231,false,סרוולט מוסקובסקי,ישרקו שיווק מותגי מז,,עגבניה תמר,קילוגרמים,1.00,"ק""ג",true,,0.69,0.6900,true,1,1453860
7290000000237,false,פלפל מתוק שושוקה,ביכורי השקמה,,פלפל מתוק שושוקה,קילוגרמים,1.00,"ק""ג",true,,11.90,11.9000,true,1,1453862
7290000000244,false,חצילים בלדי,ביכורי השקמה,,חצילים בלדי,קילוגרמים,1.00,"ק""ג",true,,5.90,5.9000,true,1,1453864
7290000000249,false,פטריות כללי (לבן),ישרקו שיווק מותגי מז,,גזר בתפוזרת,קילוגרמים,1.00,"ק""ג",true,,2.90,2.9000,true,1,1453865
7290000000254,false,חסה עגולה,ביכורי השקמה,,חסה עגולה,יח',1.00,יח',false,,3.90,3.9000,true,1,1460688
7290000000258,false,ענב שחור יבוא רמי לו,,,ענב שחור יבוא רמי לו,יח',1.00,יח',false,,18.00,18.0000,true,1,1453868
7290000000260,false,אפרסמון קרמבו,,,אפרסמון קרמבו,קילוגרמים,1.00,"ק""ג",true,,10.90,10.9000,true,1,1453869
7290000000265,false,דליקטסנייה,ישרקו שיווק מותגי מז,,אגס תפוח,קילוגרמים,1.00,"ק""ג",true,,9.90,9.9000,true,1,1453871
7290000000267,false,סלק לבן/כתום,ישרקו שיווק מותגי מז,,סלק לבן/כתום,קילוגרמים,1.00,"ק""ג",true,,4.90,4.9000,true,1,1453872
7290000000289,false,לשון זליבנוי טילצי,ישרקו שיווק מותגי מז,,בצל אדום,קילוגרמים,1.00,"ק""ג",true,,4.90,4.9000,true,1,1453876
7290000000295,false,תפוח עץ אנה,ביכורי השקמה,,תפוח עץ אנה,קילוגרמים,1.00,"ק""ג",true,,7.90,7.9000,true,1,1453880
7290000000300,false,תפוח אדמה אדום ארוז,ביכורי השקמה,,תפוח אדמה אדום ארוז,קילוגרמים,1.00,"ק""ג",true,,3.90,3.9000,true,1,1453884
7290000000306,false,תפוח אדמה אדום במשקל,ביכורי השקמה,,תפוח אדמה אדום במשקל,קילוגרמים,1.00,"ק""ג",true,,5.90,5.9000,true,1,1453886
7290000000307,false,קישואים זוקיני ירוק,ביכורי השקמה,,פלפל כתום,קילוגרמים,1.00,"ק""ג",true,,7.90,7.9000,true,1,1453887
7290000000328,false,פלפל רומרו,ביכורי השקמה,,פלפל רומרו,קילוגרמים,1.00,"ק""ג",true,,11.90,11.9000,true,1,1453892
7290000000333,false,פקדון בקבוק 30 אגורו,ביכורי השקמה,,פטריות במשקל,קילוגרמים,1.00,"ק""ג",true,,29.90,29.9000,true,1,1462136
7290000000399,false,"תפו""ע גלה ארוז ברשת","ולדמן ביח""ר לנקניק ו",,"תפו""ע גלה ארוז ברשת",קילוגרמים,1.00,"ק""ג",true,,3.90,3.9000,true,1,1453896
7290000000400,false,דמי משלוח אור עקיבא,ביכורי השקמה,,"תפו""א למיקרו",קילוגרמים,0.70,"ק""ג",false,,2.90,4.1429,true,1,1453897
7290000000401,false,תמרים מגהול כחול 5 ק,"ולדמן ביח""ר לנקניק ו",,"תפו""א לאפיה",קילוגרמים,1.00,"ק""ג",true,,2.90,2.9000,true,1,1453898
7290000000404,false,וטצינה רוסקיה,"ולדמן ביח""ר לנקניק ו",,"אגס כוס""יה",קילוגרמים,1.00,"ק""ג",true,,7.90,7.9000,true,1,1453900
7290000000408,false,נקניק מילאנו מעושן,"ולדמן ביח""ר לנקניק ו",,מלון גולדן,קילוגרמים,1.00,"ק""ג",true,,5.90,5.9000,true,1,1453901
7290000000411,false,שום יבש יבוא רמי לוי,אראל תוצרת חקלאית בע,IL,שום יבש יבוא רמי לוי,יח',1.00,יח',false,,2.66,2.6600,true,1,1454027
7290000000420,false,קישואים זוקיני,"ולדמן ביח""ר לנקניק ו",,קישואים זוקיני,קילוגרמים,1.00,"ק""ג",true,,8.90,8.9000,true,1,1453902
7290000000422,false,תפוח אדמה לבן במשקל,"ולדמן ביח""ר לנקניק ו",,תפוח אדמה לבן במשקל,קילוגרמים,1.00,"ק""ג",true,,4.90,4.9000,true,1,1453903
7290000000453,false,בוט מורטדלה מעושן,"ולדמן ביח""ר לנקניק ו",,תפוח עץ לוליפופ,קילוגרמים,1.00,"ק""ג",true,,14.90,14.9000,true,1,1453906
7290000000468,false,כרעיים/שוקיים עוף מע,"ולדמן ביח""ר לנקניק ו",,שקשוקה,יח',1.00,יח',false,,10.00,10.0000,true,1,1455183
7290000000502,false,"תמרים מג""הול שחור 5ק",מעדני מניה תעשיות בש,,אננס שקיל,קילוגרמים,1.00,"ק""ג",true,,29.90,29.9000,true,1,1453910
7290000000503,false,תפוח אדמה אדום לאפיה,,,תפוח אדמה אדום לאפיה,קילוגרמים,1.00,"ק""ג",true,,4.90,4.9000,true,1,1461893
7290000000612,false,"תפו""א ירושלמי",קרלברג ייצור ושיווק,IL,שום טרי,קילוגרמים,1.00,"ק""ג",true,,19.90,19.9000,true,1,1453916
7290000000649,false,אגס (בשקית),ביכורי השקמה,,אגס (בשקית),קילוגרמים,1.00,"ק""ג",true,,6.90,6.9000,true,1,1453917
7290000000655,false,בקבוק מים או סודה.,,,בקבוק מים או סודה.,יח',1.00,יח',false,,5.00,5.0000,true,1,1455202
7290000000695,false,אספרגוס רמי לוי,משתנה,IL,אספרגוס רמי לוי,יח',1.00,יח',false,,24.90,24.9000,true,1,1460715
7290000000797,false,תפוח עץ פינק,ביכורי השקמה,IL,תפוח עץ פינק,קילוגרמים,1.00,"ק""ג",true,,9.90,9.9000,true,1,1453923
7290000000804,false,פלפל אדום ברשת,ביכורי השקמה,,פלפל אדום ברשת,קילוגרמים,1.00,"ק""ג",true,,5.90,5.9000,true,1,1453924
7290000000805,false,פלפל כתום ברשת,קרלברג ייצור ושיווק,,פלפל כתום ברשת,קילוגרמים,1.00,"ק""ג",true,,3.90,3.9000,true,1,1453925
7290000000848,false,תירס מתוק ארוז,ביכורי השקמה,,תירס טרי,קילוגרמים,1.00,"ק""ג",true,,14.90,14.9000,true,1,1454029
7290000000978,false,חסה ברכת קטיף מהדרין,ביכורי השקמה,IL,חסה מהדרין קטיף טרי,יח',1.00,יח',false,,4.90,4.9000,true,1,1460716
7290000000985,false,פטרוזיליה ברכת קטיף ייבול נוכרי בוסתן,ברכת קטיף,IL,פטרוזיליה מהדרין קטי,יח',1.00,יח',false,,4.90,4.9000,true,1,1460717
7290000001014,false,מלפפון,ביכורי השקמה,,מלפפון,קילוגרמים,1.00,"ק""ג",true,,3.13,3.1300,true,1,1453932
7290000001021,false,סלמי מניה,מעדני מניה תעשיות בש,,גזר ארוז,קילוגרמים,1.00,"ק""ג",true,,2.37,2.3700,true,1,1453933
7290000001038,false,פיין סלמי,מעדני מניה תעשיות בש,,פלפל כהה,קילוגרמים,1.00,"ק""ג",true,,5.96,5.9600,true,1,1453935
7290000001043,false,כרוב לבן מהדרין קטיף טרי,ברכת קטיף,IL,כרוב לבן מהדרין קטיף,קילוגרמים,1.00,"ק""ג",true,,10.90,10.9000,true,1,1460718
7290000001045,false,סלמי אגוזים אורחוביה,מעדני מניה תעשיות בש,,פלפל אדום,קילוגרמים,1.00,"ק""ג",true,,7.94,7.9400,true,1,1453936
7290000001052,false,פילה לברק מארז 6 יח,מעדני ויטו שיווק ויי,,פלפל בהיר,קילוגרמים,1.00,"ק""ג",true,,8.80,8.8000,true,1,1453937
7290000001069,false,חציל,ביכורי השקמה,,חציל,קילוגרמים,1.00,"ק""ג",true,,3.63,3.6300,true,1,1453938
7290000001074,false,כרוב אדום מהדרין קטיף טרי.,קרלברג ייצור ושיווק,IL,כרוב אדום מהדרין קטי,קילוגרמים,1.00,"ק""ג",true,,11.90,11.9000,true,1,1460719
7290000001076,false,רוסטביף מעודן,קרלברג ייצור ושיווק,,קישוא ירוק,קילוגרמים,1.00,"ק""ג",true,,3.39,3.3900,true,1,1453939
7290000001083,false,בצל יבש,ביכורי השקמה,,בצל יבש,קילוגרמים,1.00,"ק""ג",true,,1.87,1.8700,true,1,1453940
7290000001090,false,כרוב לבן,ביכורי השקמה,,כרוב לבן,קילוגרמים,1.00,"ק""ג",true,,1.90,1.9000,true,1,1453942
7290000001092,false,כרובית,,,כרובית,יח',1.00,יח',false,,10.00,10.0000,true,1,1453944
7290000001101,false,מלפפון,ביכורי השקמה,,מלפפון,קילוגרמים,1.00,"ק""ג",true,,3.86,3.8600,true,1,1453945
7290000001108,false,בצל יבש,ביכורי השקמה,,בצל יבש,קילוגרמים,1.00,"ק""ג",true,,5.00,5.0000,true,1,1453948
7290000001120,false,צנונית,ביכורי השקמה,,צנונית,יח',1.00,יח',false,,6.80,6.8000,true,1,1460689
7290000001222,false,גרבי ספורט שלישי,Unknown,,גרבי ספורט שלישי,יח',1.00,יח',false,,9.90,9.9000,true,1,1453380
7290000001401,false,עלי סלק גלאט עלי הארץ,"ולדמן ביח""ר לנקניק ו",,עלי סלק גלאט עלי האר,יח',1.00,יח',false,,5.90,5.9000,true,1,1460720
7290000001579,false,סלרי מהדרין קטיף טרי,ביכורי השקמה,IL,סלרי מהדרין קטיף טרי,יח',1.00,יח',false,,5.90,5.9000,true,1,1460722
7290000001586,false,שמיר מהדרין קטיף טרי,רביבים,,שמיר מהדרין קטיף טרי,יח',1.00,יח',false,,4.90,4.9000,true,1,1460723
7290000001593,false,נענע מהדרין קטיף טרי,רביבים,,נענע מהדרין קטיף טרי,יח',1.00,יח',false,,4.90,4.9000,true,1,1460724
7290000001603,false,מארז מסיכות 50 יח',,,שרי פנינה,יח',1.00,יח',false,,9.90,9.9000,true,1,1453957
7290000001609,false,עלי סלק מהדרין קטיף טרי,ביכורי השקמה,IL,עלי סלק מהדרין קטיף,יח',1.00,יח',false,,5.90,5.9000,true,1,1460725
7290000001616,false,כוסברה ייבול נוכרי בוסתן,ברכת קטיף,IL,כוסברה מהדרין קטיף ט,יח',1.00,יח',false,,4.90,4.9000,true,1,1460726
7290000002111,false,תפוח אדמה לבן ארוז,ביכורי השקמה,,תפוח אדמה לבן ארוז,קילוגרמים,1.00,"ק""ג",true,,5.00,5.0000,true,1,1453961
7290000005998,false,שקיות ידני,,,שקיות ידני,יח',1.00,יח',false,,0.10,0.1000,true,1,1455238
7290000005999,false,שקית גופיה בודד,,,שקיות מכונה,יח',1.00,יח',false,,0.10,0.1000,true,1,1455239
7290000006322,false,מי עדן 1 לי,מי עדן,,מי עדן 1 לי,יח',1.00,יח',false,,2.90,2.9000,true,1,1447374
7290000011006,false,כרוב אדום,ביכורי השקמה,,כרוב אדום,קילוגרמים,1.00,"ק""ג",true,,2.10,2.1000,true,1,1453967
7290000012346,false,עגבניה,,,עגבניה,קילוגרמים,1.00,"ק""ג",true,,4.74,4.7400,true,1,1453969
7290000023007,false,"ברנדי שטוק 84 37 % 750 מ""ל","יקבי ברקן בע""ם",IL,"ברנדי שטוק 84 37 % 750 מ""",מיליליטרים,750.00,"100 מ""ל",false,,64.90,0.0865,true,1,1444278
7290000023083,false,ערק אשקלון בקבוק 700,"יקבי ברקן בע""\מ",IL,"ערק אשקלון 700 מ""ל",מיליליטרים,700.00,"100 מ""ל",false,,49.90,0.0713,true,1,1444279
7290000023809,false,"יין קלאסיק קברנה סוביניון ברקן 750 מ""ל",יקבי ברקן שיווק והפצה בע,IL,קלאסיק קברנה סוביניון,מיליליטרים,750.00,"100 מ""ל",false,,31.80,0.0424,true,1,1444282
7290000023816,false,"יין קלאסיק אמרלד ריזלינג ברקן 750 מ""ל",יקבי ברקן שיווק והפצה בע,IL,קלאסיק אמרלד ריזלינג,מיליליטרים,750.00,"100 מ""ל",false,,31.80,0.0424,true,1,1444283
7290000023823,false,"יין קלאסיק סוביניון בלאן ברקן 750 מ""ל",יקבי ברקן שיווק והפצה בע,IL,קלאסיק סוביניון בלאן,מיליליטרים,750.00,"100 מ""ל",false,,31.80,0.0424,true,1,1444284
7290000023830,false,יין קלאסיק שיראז רוזה 750 מל,יקבי ברקן שיווק והפצה בע,IL,קלאסיק רוזה,מיליליטרים,750.00,"100 מ""ל",false,,31.80,0.0424,true,1,1444285
7290000023977,false,"יין קלאסיק מרלו ברקן 750 מ""ל",יקבי ברקן שיווק והפצה בע,IL,קלאסיק מרלו,מיליליטרים,750.00,"100 מ""ל",false,,31.80,0.0424,true,1,1444288
7290000024523,false,"תירוש של סגל ,מיץ ענבים , 1 ליטר",כרמי צבי - האחים סגל,IL,פרי הגפן תירוש 1 ליטר,ליטרים,1.00,ליטר,false,,12.80,12.8000,true,1,1444294
7290000024530,false,"יין אדום מתוק לקידוש סגל 750 מ""ל","כרמי צבי - אחים סגל בע""\",IL,יין אדום קידוש 750 מ,מיליליטרים,750.00,"100 מ""ל",false,,12.90,0.0172,true,1,1444295
7290000034034,false,דגנית קרקר חיטה מלאה250ג,אפיפית נצרת,IL,קרקר דגנית ללא מלח 2,גרמים,250.00,100 גרם,false,,6.90,0.0276,true,1,1471739
7290000040000,false,מטריה,,,מטריה,יח',1.00,יח',false,,9.90,9.9000,true,1,1453384
7290000040042,false,יופלה יוגורט תות %3 גביע 150 גרם,תנובה חלב,IL,יופלה יוגורט תות %3,מיליליטרים,150.00,"100 מ""ל",false,,4.80,0.0320,true,1,1443378
7290000040066,false,יופלה יוגורט דובדבן %3 גביע 150 גרם,תנובה מרכז שיתופי לש,IL,יופלה יוגורט דובדבן,מיליליטרים,150.00,"100 מ""ל",false,,4.70,0.0313,true,1,1443379
7290000040080,false,יופלה יוגורט אפרסק %3 גביע 150 גרם,תנובה חלב,IL,יופלה יוגורט אפרסק %,מיליליטרים,150.00,"100 מ""ל",false,,4.80,0.0320,true,1,1443380
7290000040301,false,תנובה עין גדי קממבר מחלב בקר 24% שומן,תנובה מרכז שיתופי לש,IL,קממבר עין גדי חפיסה,גרמים,125.00,100 גרם,false,,16.90,0.1352,true,1,1443381
7290000040318,false,גבינת ברי 24% קולאז עדי תנובה 125 ג',תנובה מרכז שיתופי לש,IL,ברי עדי חפיסה 24% 12,גרמים,125.00,100 גרם,false,,17.90,0.1432,true,1,1443382
7290000040974,false,חלב דל לקטוז 2% תנובה קרטון 1 ליטר,תנובה מרכז שיתופי לש,IL,חלב טרי דל לקטוז 1 ל,מיליליטרים,1000.00,"100 מ""ל",false,,6.80,0.0068,true,1,1443384
7290000041407,false,"גיל קטן 3% תנובה 125 מ""ל בד""ץ",תנובה מרכז שיתופי לש,IL,גילה 125 מל,מיליליטרים,125.00,"100 מ""ל",false,,0.90,0.0072,true,1,1443385
7290000041445,false,קוטג תנובה גביע 250 גרם 5% בדצ,מיוצר עי קונדיטוריית,IL,קוטג תנובה גביע 250,גרמים,250.00,100 גרם,false,,5.50,0.0220,true,1,1443386
7290000041858,false,"שמנת חמוצה 15% מועשרת יטבתה 200 מ""ל",שטראוס גרופ,IL,שמנת חמוצה 15% 200 מ,מיליליטרים,200.00,"100 מ""ל",false,,2.40,0.0120,true,1,1454495
7290000041865,false,"לבן 4.5% שומן מהדרין ""יטבתה""",שטראוס גרופ,IL,"לבן 4.5% 200 מ""ל",מיליליטרים,200.00,"100 מ""ל",false,,2.00,0.0100,true,1,1454496
7290000041872,false,"לבן 3% יטבתה 200מ""ל מהדרין",שטראוס גרופ,IL,"לבן 3% 200 מ""ל",מיליליטרים,200.00,"100 מ""ל",false,,2.00,0.0100,true,1,1454497
7290000042015,false,"חלב שתייה תנובה בד""צ בשקית 1 ליטר",תנובה מרכז שיתופי לש,IL,חלב תנובה טרי שקית 3,ליטרים,1.00,ליטר,false,,5.30,5.3000,true,1,1443389
7290000042404,false,חלב 3% בשקית יטבתה 1 ליטר מהדרין,שטראוס גרופ,IL,חלב מועשר 3% יטבתה 1,ליטרים,1.00,ליטר,false,,5.90,5.9000,true,1,1454498
7290000042435,false,חלב דל שומן בקרטון+פקק תנובה 1 ליטר,תנובה מרכז שיתופי לש,IL,חלב תנובה טרי קרט+ פ,מיליליטרים,1000.00,"100 מ""ל",false,,5.80,0.0058,true,1,1443393
7290000042640,false,"חלב תנובה עמיד 3% קרטון 250 מ""ל",תנובה מרכז שיתופי לש,IL,חלב עמיד 3% תנובה 25,מיליליטרים,250.00,"100 מ""ל",false,,2.50,0.0100,true,1,1443397
7290000042855,false,"שוקו בשקית 250 מ""ל ""יטבתה""",שטראוס גרופ,IL,שוקו בשקית יטבתה 225,מיליליטרים,225.00,"100 מ""ל",false,,2.50,0.0111,true,1,1454500
7290000043012,false,"שוקו עמיד 2% בקרטון 250 מ""ל תנובה",תנובה מרכז שיתופי לש,IL,שוקו עמיד 2% תנובה 2,מיליליטרים,250.00,"100 מ""ל",false,,4.40,0.0176,true,1,1443399
7290000043111,false,תנובה חמאה 200 גרם - מוצר בפיקוח,תנובה מרכז שיתופי לש,IL,חמאה תנובה 200 גרם,גרמים,200.00,100 גרם,false,,7.70,0.0385,true,1,1443400
7290000043814,false,השף הלבן שמנת להקצפה 38% שומן 250 מל - מוצר בפיקוח,תנובה מרכז שיתופי לש,IL,השף הלבן שמנת עמידה,מיליליטרים,250.00,"100 מ""ל",false,,6.40,0.0256,true,1,1443401
7290000043890,false,תנובה רויון לבן מחלב מפסוטר 1.5%,תנובה מרכז שיתופי לש,IL,רוויון קרטון 1 ליטר,ליטרים,1.50,ליטר,false,,10.90,7.2667,true,1,1443402
7290000043944,false,כד יוגורט תנובה 4% שומן 1.5 ליטר,מיוצר עי קונדיטוריית,IL,יוגורט תנובה כד 1.5,ליטרים,1.50,ליטר,false,,15.90,10.6000,true,1,1443403
7290000044712,false,יוגורט עם תות 1.5% שומן 500 ג' פרילי,מיוצר עי קונדיטוריית,IL,פרילי תות גביע 500 ג,מיליליטרים,500.00,"100 מ""ל",false,,9.90,0.0198,true,1,1443405
7290000044880,false,באדי יוגורט תות 3% שומן 500 ג' תנובה,מיוצר עי קונדיטוריית,IL,באדי יוגורט תות גביע,מיליליטרים,500.00,"100 מ""ל",false,,8.80,0.0176,true,1,1443407
7290000045573,false,גבינת מותכת משולשים 25% שומן 200 ג' נעמה,תנובה חלב,IL,נעמה גבינה מותכת 25%,גרמים,200.00,100 גרם,false,,13.90,0.0695,true,1,1443409
7290000045580,false,גבינה מותכת נעמה חורש תנובה 240 גרם,תנובה מרכז שיתופי לש,IL,נעמה חורש משולשים 24,גרמים,240.00,100 גרם,false,,16.90,0.0704,true,1,1443410
7290000045917,false,תנובה פרומעז גבינה מותכת מחלב עיזים 23% שומן,תנובה חלב,IL,פרומעז גבינת עזים גל,גרמים,200.00,100 גרם,false,,24.90,0.1245,true,1,1443412
7290000046006,false,גבינה צהובה עמק בלוק,תנובה מרכז שיתופי לש,IL,גבינת עמק 28% במשקל,קילוגרמים,1.00,"ק""ג",true,,44.70,44.7000,true,1,1443323
7290000046020,false,גלבוע גבינה שמנה במש,תנובה מרכז שיתופי לש,IL,גלבוע 22% במשקל,קילוגרמים,1.00,"ק""ג",true,,42.50,42.5000,true,1,1443324
7290000046327,false,גלבוע גבינה צהובה פרוסה 22% תנובה 200 גרם,תנובה מרכז שיתופי לש,IL,גלבוע גבינה צהובה פר,גרמים,200.00,100 גרם,false,,12.60,0.0630,true,1,1443413
7290000046549,false,גבינת מוצרלה 20% במשקל,תנובה מרכז שיתופי לש,IL,מוצרלה חריץ במשקל 20,קילוגרמים,1.00,"ק""ג",true,,75.00,75.0000,true,1,1443325
7290000046563,false,גב.קולאז' פרמזן 23%במשקל,תנובה מרכז שיתופי לש,IL,קולאז פרמזן חריץ %23,קילוגרמים,1.00,"ק""ג",true,,109.00,109.0000,true,1,1443326
7290000047027,false,גב.קולאז' גלעד 27% במשקל,תנובה מרכז שיתופי לש,IL,גבינת גלעד 27% משקל,קילוגרמים,1.00,"ק""ג",true,,119.00,119.0000,true,1,1443327
7290000047034,false,גבינת רוקפור 26%כבש משקל,תנובה מרכז שיתופי לש,IL,גבינה צאן קולאז' רוק,קילוגרמים,1.00,"ק""ג",true,,120.00,120.0000,true,1,1443328
7290000047546,false,השף הלבן כנען גבינה לבנה דלת נתרן 5% תנובה 500 גרם,תנובה מרכז שיתופי לש,IL,השף הלבן כנען גבינה,גרמים,500.00,100 גרם,false,,22.90,0.0458,true,1,1443414
7290000047621,false,גבינה לבנה רכה 5% תנובה 250ג' מהדרין,תנובה מרכז שיתופי לש,IL,גבינה לבנה 5% 250 גר,גרמים,250.00,100 גרם,false,,4.90,0.0196,true,1,1443415
7290000047942,false,**תנובה גבינה לבנה מהדרין 9% 250ג,תנובה מרכז שיתופי לש,IL,גבינה לבנה 9% 250 גר,גרמים,250.00,100 גרם,false,,4.70,0.0188,true,1,1443416
7290000048185,false,גבינה לבנה 5% תנובה 250 גרם מהדרין,מיוצר עי קונדיטוריית,IL,גבינה לבנה 5% 250 גר,גרמים,250.00,100 גרם,false,,4.90,0.0196,true,1,1443417
7290000048192,false,גבינה לבנה 9% תנובה 250 גרם מהדרין,מחלבת אלון תבור,IL,גבינה לבנה 9% 250 גר,גרמים,250.00,100 גרם,false,,4.70,0.0188,true,1,1443418
7290000048413,false,פיראוס חמד גבינה מלוחה 16% שומן,תנובה מרכז שיתופי לש,IL,פיראוס חמד שקית 250,גרמים,250.00,100 גרם,false,,17.50,0.0700,true,1,1443420
7290000048437,false,פיראוס צפתית 5% שומן 200 גרם,פארייפאבה אגרואינדוס,IL,פיראוס צפתית גביע 20,גרמים,200.00,100 גרם,false,,13.90,0.0695,true,1,1443421
7290000049458,false,גבינת פטה עיזים 16% גביע פיראוס 250 ג',תנובה מרכז שיתופי לש,IL,פיראוס פטה עזים 16%,גרמים,250.00,100 גרם,false,,26.90,0.1076,true,1,1443424
7290000050447,false,"יוגורט ביו בטעם תות YYY יופלה 500 מ""ל",מיוצר עי קונדיטוריית,IL,יוגורט ביו בטעם תות,מיליליטרים,500.00,"100 מ""ל",false,,12.60,0.0252,true,1,1443426
7290000050454,false,יוגורט יופלה אפרסק 3% שומן 500 גרם,מיוצר עי קונדיטוריית,IL,יוגורט אפרסק 3% YYY,מיליליטרים,500.00,"100 מ""ל",false,,12.60,0.0252,true,1,1443427
7290000051002,false,עגבניה,,,עגבניה,קילוגרמים,1.00,"ק""ג",true,,4.74,4.7400,true,1,1453972
7290000051307,false,"מארז הפסקת אוכל עם דגני עוגי ומשקה חלב עמיד בטעם וניל 150 מ""ל",תנובה מרכז שיתופי לש,IL,הפסקת אוכל דגני עוגי,מיליליטרים,150.00,"100 מ""ל",false,,8.90,0.0593,true,1,1443429
7290000051352,false,חלב מלא בטעם של פעם 3.4% תנובה קרטון 1 ל',תנובה מרכז שיתופי לש,IL,חלב של פעם 3.8% תנוב,ליטרים,1.00,ליטר,false,,7.40,7.4000,true,1,1443430
7290000051376,false,יוגורט יופלה דיאט אננס 0% שומן 150 גרם,תנובה מרכז שיתופי לש,IL,יופלה דיאט אננס גביע,מיליליטרים,150.00,"100 מ""ל",false,,4.70,0.0313,true,1,1443431
7290000051710,false,פיראוס גבינת לאבנה אסלית על בסיס יוגורט תנובה 263 גרם,"תנובה, מחלבת אלון תב",IL,פיראוס גבינת לאבנה א,גרמים,263.00,100 גרם,false,,12.90,0.0490,true,1,1443432
7290000052311,false,גבינה צהובה עמק לייט 15% שומן 200 גרם,תנובה מרכז שיתופי לש,IL,עמק לייט פרוס 200 גר,גרמים,200.00,100 גרם,false,,14.90,0.0745,true,1,1443437
7290000052649,false,גבינת לאבנה 5% שומן 500 ג' פיראוס,תנובה מרכז שיתופי לש,IL,פיראוס לאבנה 5% גביע,גרמים,500.00,100 גרם,false,,18.90,0.0378,true,1,1443438
7290000052717,false,גבינת קוטג' שום שמיר 5% תנובה 250 גרם,מיוצר עי קונדיטוריית,IL,גבינת קוטג' שום שמיר,גרמים,250.00,100 גרם,false,,5.70,0.0228,true,1,1443439
7290000053219,false,טל העמק חריץ 32% במשקל,תנובה מרכז שיתופי לש,IL,חריץ טל עמק 32%,קילוגרמים,1.00,"ק""ג",true,,55.00,55.0000,true,1,1443331
7290000055015,false,פיראוס גבינת פטה כבשים 5% תנובה 250 גרם,תנובה מרכז שיתופי לש,IL,פיראוס גבינת פטה כבש,גרמים,250.00,100 גרם,false,,24.90,0.0996,true,1,1443443
7290000055336,false,"משקה יוגורט 1.5% בטעם בננה אפרסק יופלה 250 מ""ל",תנובה מרכז שיתופי לש,IL,משקה יוגורט 1.5% בננ,מיליליטרים,250.00,"100 מ""ל",false,,4.90,0.0196,true,1,1443446
7290000055343,false,משקה יוגורט יופלה פירות טרופיים 250 גרם,תנובה מרכז שיתופי לש,IL,משקה בוקר יוגורט טרו,מיליליטרים,250.00,"100 מ""ל",false,,4.90,0.0196,true,1,1443447
7290000055350,false,גבינה צהובה חריץ עמק 28% במשקל,תנובה מרכז שיתופי לש,IL,גבינת עמק 28% במשקל,קילוגרמים,1.00,"ק""ג",true,,44.70,44.7000,true,1,1443332
7290000055893,false,חמאה משמנת מפוסטרת 200גרם 82% כ.מהדרין - מוצר בפיקוח,תנובה מרכז שיתופי לש,IL,חמאה 200ג מהדרין,גרמים,200.00,100 גרם,false,,7.60,0.0380,true,1,1443450
7290000056081,false,מארז יוגורט פרילי טבע 6*200 גרם,מיוצר עי קונדיטוריית,IL,מאגדת פרילי טבע תנוב,ליטרים,1.20,ליטר,false,,21.90,18.2500,true,1,1443451
7290000056784,false,גבינת פטה כבשים במשק,תנובה מרכז שיתופי לש,IL,פיראוס פטה כבשים 5%,קילוגרמים,1.00,"ק""ג",true,,109.00,109.0000,true,1,1443333
7290000056845,false,תנובה חלב טרי 3% שומן 1.5 ליטר - מוצר בפיקוח,פארייפאבה אגרואינדוס,IL,חלב טרי 1.5 ליטר 3%,ליטרים,1.50,ליטר,false,,9.30,6.2000,true,1,1443454
7290000056883,false,שמיניית יוגורט יופלה 3% טעמים שונים 150 גרם,תנובה מרכז שיתופי לש,IL,מאג 8*150ג יופלה פרי,קילוגרמים,1.20,"ק""ג",false,,27.90,23.2500,true,1,1443455
7290000056906,false,מאגדת לבן טבעי 1.5% שומן 8 יח' * 150 ג' יופלה,מחלבת אלון תבור,IL,מאג 8*150ג יופלה לבן,ליטרים,1.20,ליטר,false,,16.90,14.0833,true,1,1443457
7290000056951,false,"תנובה, השף הלבן, שמנת לבישול 15% שומן 500 מל",תנובה מרכז שיתופי לש,IL,שף לבן שמנת לבישול +,מיליליטרים,500.00,"100 מ""ל",false,,15.90,0.0318,true,1,1443459
7290000057088,false,עמק גבינה צהובה פרוסה דק דק 28% תנובה 200 גרם,תנובה מרכז שיתופי לש,IL,עמק גבינה צהובה פרוס,גרמים,200.00,100 גרם,false,,14.90,0.0745,true,1,1443461
7290000057118,false,גבינה צהובה עמק 28% שומן ואקום 400 גרם,תנובה מרכז שיתופי לש,IL,עמק פרוס סמי מעדנייה,גרמים,400.00,100 גרם,false,,19.90,0.0497,true,1,1443462
7290000057132,false,יוגורט תנובה טבעי 1.5% גביע 200 גרם,מחלבת אלון תבור,IL,יוגורט תנובה טבעי 1.,מיליליטרים,200.00,"100 מ""ל",false,,3.00,0.0150,true,1,1443463
7290000057149,false,יוגורט תנובה טבעי 3% גביע 200 גרם,מיוצר עי קונדיטוריית,IL,יוגורט תנובה טבעי 3%,גרמים,200.00,100 גרם,false,,3.00,0.0150,true,1,1443464
7290000057453,false,גבינת עמק בדץ 28% במ,תנובה,IL,גבינת עמק בדץ 28% במ,קילוגרמים,1.00,"ק""ג",true,,44.70,44.7000,true,1,1443334
7290000057552,false,יופלה דיאט עוגת גבינה ותות 0% גביע 150ג',תנובה חלב,IL,יופלה דיאט עוגת גבינ,מיליליטרים,150.00,"100 מ""ל",false,,4.80,0.0320,true,1,1443466
7290000058030,false,"שמיניית יופלה שטוזים משקה יוגורט תות 100 מ""ל",מיוצר עי קונדיטוריית,IL,יופלה משקה יוגורט תו,100 מל,100.00,100 מל,false,,19.90,0.1990,true,1,1443468
7290000058047,false,שמנת להקצפה 38% 500מל מהדרין עמיד השף הלבן,תנובה מרכז שיתופי לש,IL,שמנת 38% 500מל עם פק,מיליליטרים,500.00,"100 מ""ל",false,,12.80,0.0256,true,1,1443469
7290000058979,false,גיל בטעם תות 3% שומן 125 ג' תנובה,תנובה מרכז שיתופי לש,IL,גיל בטעם תות,גרמים,125.00,100 גרם,false,,1.30,0.0104,true,1,1443471
7290000060071,false,אוסם - חטיפי פריכונים מאורז מלא קלוי 80גר,"פרח תעשיות מזון בע""מ.",IL,חטיפי פריכונים בטעם,יח',1.00,יח',false,,7.50,7.5000,true,1,1446272
7290000060088,false,בייגלה מקלות מלוחים אסם 400 גרם,מיוצר עי קונדיטוריית,IL,בייגלה מקלות מלוחים,גרמים,400.00,100 גרם,false,,8.90,0.0223,true,1,1446273
7290000060156,false,פסטה אסם אטריות ביצים דקות 200גר,"אסם תעשיות בע""מ",IL,אטריות ביצים דקות אס,גרמים,200.00,100 גרם,false,,5.90,0.0295,true,1,1446274
7290000060163,false,פסטה אסם אטריות דקות 400גר,"אסם תעשיות בע""מ",IL,אטריות דקות אסם 400,גרמים,400.00,100 גרם,false,,4.90,0.0123,true,1,1446275
7290000060200,false,פסטה אסם פתיתים אפויים קוסקוס 500גר,"אסם תעשיות בע""מ",IL,פתיתים אפויים קוסקוס,גרמים,500.00,100 גרם,false,,4.90,0.0098,true,1,1446276
7290000060217,false,פסטה מקרוני מספר 7 אסם 500 גרם,קריות זול,IT,פסטה מקרוני מספר 7 א,גרמים,500.00,100 גרם,false,,4.90,0.0098,true,1,1446277
7290000060248,false,פסטה אסם פתיתים תלתלים 500 גר',קריות זול,IT,פסטה תלתלים אסם 500,גרמים,500.00,100 גרם,false,,4.90,0.0098,true,1,1446278
7290000060408,false,פסטה אסם פתיתים אפויים טבעות 500 גר,"אסם השקעות בע""\מ",IL,פתיתים אפויים טבעות,גרמים,500.00,100 גרם,false,,4.90,0.0098,true,1,1446282
7290000060781,false,פסטה אסם פתיתים מסולסלים 500גר,קריות זול,IT,פסטה מסולסלים אסם 50,גרמים,500.00,100 גרם,false,,4.90,0.0098,true,1,1446287
7290000060828,false,פסטה קרניים בינוניות אסם 500 גרם,קריות זול,IT,פסטה קרניים בינוניות,גרמים,500.00,100 גרם,false,,4.90,0.0098,true,1,1446288
7290000060880,false,פסטה ספגטי מספר 8 אסם 500 גרם,קריות זול,IT,ספגטי מספר 8 אסם 500,גרמים,500.00,100 גרם,false,,4.90,0.0098,true,1,1446291
7290000060903,false,פסטה אסם פתיתים אפויים אורז 500גר,"אסם השקעות בע""\מ",IL,פתיתים אפויים אורז א,גרמים,500.00,100 גרם,false,,4.90,0.0098,true,1,1446292
7290000060958,false,פסטה אסם אטריות בינוניות 400 גרם,"אסם השקעות בע""\מ",IL,אטריות בינוניות אסם,גרמים,400.00,100 גרם,false,,4.90,0.0123,true,1,1446293
7290000060965,false,פסטה אסם אטריות רחבות 400גר,"אסם השקעות בע""\מ",IL,אטריות רחבות אסם 400,גרמים,400.00,100 גרם,false,,4.90,0.0123,true,1,1446294
7290000061061,false,קרקר חיטה עם בצל אסם,"אסם השקעות בע""\מ",IL,קרקר בצל אסם 250 גרם,גרמים,250.00,100 גרם,false,,9.90,0.0396,true,1,1446296
7290000061108,false,"רוטב טריאקי 290 מ""ל-בקבוק","אסם השקעות בע""\מ",IL,רוטב טריאקי אסם 290,מיליליטרים,290.00,"100 מ""ל",false,,8.90,0.0307,true,1,1446298
7290000061214,false,פתיתים אפויים קוסקוס עם בצל אסם 500 גרם,"אסם השקעות בע""\מ",IL,פתיתים אפויים קוסקוס,גרמים,500.00,100 גרם,false,,4.90,0.0098,true,1,1446299
7290000061245,false,עוגיות שוקוצ'יפס במילוי שוקולד אסם 220 גרם,מיוצר עי קונדיטוריית,IL,עוגיות שוקוצ'יפס עם,גרמים,220.00,100 גרם,false,,9.90,0.0450,true,1,1446300
7290000061764,false,קפה נמס מגורען רד מאג 200 גרם,נסטלה ספרד קפה,ES,קפה נמס מגורען רד מא,גרמים,200.00,100 גרם,false,,18.90,0.0945,true,1,1446303
7290000062129,false,"אינסטנט פודינג בטעם וניל אסם 1 ק""ג","אסם תעשיות בע""מ",IL,אינסטנט פודינג בטעם,גרמים,1000.00,100 גרם,false,,19.90,0.0199,true,1,1446305
7290000062952,false,אוסם - מיני קרוטונים למרק ולסלט 250 גרם,עינת תעשיות מזון אגו,IL,מיני קרוטונים למרק ו,גרמים,250.00,100 גרם,false,,13.90,0.0556,true,1,1446307
7290000063102,false,קמח עוגה תופח מאליו אסם 350 גרם,"אסם השקעות בע""\מ",IL,קמח תופח אסם 350 גרם,גרמים,350.00,100 גרם,false,,4.90,0.0140,true,1,1446308
7290000063140,false,שקדי מרק רכיבים טבעיים בשקית 400 ג' אסם,"אסם תעשיות בע""מ",IL,שקדי מרק בשקית אסם 4,גרמים,400.00,100 גרם,false,,9.90,0.0248,true,1,1446309
7290000063157,false,"קמח עוגה תופח מאליו אסם 1 ק""ג","אסם השקעות בע""\מ",IL,"קמח תופח אסם 1 ק""ג",קילו,1.00,קילו,false,,7.90,7.9000,true,1,1446310
7290000064758,false,קוסקוס בינוני אמיתי אסם 350 ג',"מיוצר ע""י קוד יצרן K",IL,קוסקוס בינוני אסם 35,גרמים,350.00,100 גרם,false,,7.50,0.0214,true,1,1446311
7290000065090,false,מיני קרוטונים מתובלים למרק ולסלט אסם 400 גרם,עינת תעשיות מזון אגו,IL,מיני קרוטונים מתובלי,גרמים,400.00,100 גרם,false,,20.90,0.0522,true,1,1446313
7290000065335,false,אוסם - מנה חמה פירה עם ירקות 55 גרם,"אסם תעשיות בע""מ",IL,מנה חמה פירה עם ירקו,גרמים,55.00,100 גרם,false,,4.90,0.0891,true,1,1446314
7290000065540,false,אוסם - מנה חמה פסטה מוקרמת בטעם עוף 55 גרם,"אסם תעשיות בע""מ",IL,מנה חמה פסטה מוקרמת,גרמים,55.00,100 גרם,false,,4.90,0.0891,true,1,1446315
7290000065557,false,אוסם - מנה חמה קוסקוס עם ירקות 84 גרם,"אסם תעשיות מזון בע""מ",IL,מנה חמה קוסקוס עם יר,גרמים,84.00,100 גרם,false,,4.90,0.0583,true,1,1446316
7290000066134,false,ביסלי חטיף בטעם פלאפל אסם 70 גרם,"אסם השקעות בע""\מ",IL,ביסלי חטיף בטעם פלאפ,גרמים,70.00,100 גרם,false,,3.90,0.0557,true,1,1446318
7290000066141,false,ביסלי חטיף בטעם גריל אסם 70 גרם,"אסם השקעות בע""\מ",IL,ביסלי חטיף בטעם גריל,גרמים,70.00,100 גרם,false,,3.90,0.0557,true,1,1446319
7290000066189,false,ביסלי חטיף בטעם פלאפל אסם 200 גרם,"אסם השקעות בע""\מ",IL,ביסלי חטיף בטעם פלאפ,גרמים,200.00,100 גרם,false,,6.50,0.0325,true,1,1446321
7290000066196,false,ביסלי חטיף בטעם גריל אסם 200 גרם,מיוצר עי קונדיטוריית,IL,ביסלי חטיף בטעם גריל,גרמים,200.00,100 גרם,false,,6.50,0.0325,true,1,1446322
7290000066226,false,ביסלי חטיף בטעם פיצה אסם 200 גרם,מיוצר עי קונדיטוריית,IL,ביסלי חטיף בטעם פיצה,גרמים,200.00,100 גרם,false,,6.50,0.0325,true,1,1446323
7290000066295,false,במבה מתוקה מחומרים טבעיים 30 גרם,מיוצר עי קונדיטוריית,IL,במבה מתוקה בטעם תות,גרמים,30.00,100 גרם,false,,2.50,0.0833,true,1,1446325
7290000066318,false,במבה חטיף בוטנים אסם 80 גרם,"אסם השקעות בע""\מ",IL,במבה חטיף בוטנים אסם,גרמים,80.00,100 גרם,false,,3.90,0.0487,true,1,1446326
7290000066332,false,אפרופו חטיף תירס אסם 50 גרם,מיוצר עי קונדיטוריית,IL,אפרופו חטיף תירס אסם,גרמים,50.00,100 גרם,false,,3.90,0.0780,true,1,1446327
7290000066349,false,אפרופו חטיף תירס אסם 100 גרם,מיוצר עי קונדיטוריית,IL,אפרופו חטיף תירס אסם,גרמים,100.00,100 גרם,false,,7.90,0.0790,true,1,1446328
7290000066431,false,פופקו חטיף פופקורן בטעם חמאה ודבש אסם 80 גרם,מיוצר עי קונדיטוריית,IL,פופקו חטיף פופקורן ב,גרמים,80.00,100 גרם,false,,4.50,0.0563,true,1,1446329
7290000067599,false,מנה חמה ספגטי ברוטב בולונז אסם 65 גרם,"אסם השקעות בע""\מ",IL,מנה חמה ספגטי ברוטב,גרמים,65.00,100 גרם,false,,4.90,0.0754,true,1,1446335
7290000068138,false,אינסטנט פודינג בטעם וניל אסם 80 גרם,מיוצר עי קונדיטוריית,IL,אינסטנט פודינג בטעם,גרמים,80.00,100 גרם,false,,4.90,0.0613,true,1,1446339
7290000068190,false,אסם ג'לי תות שדה צבעים טבעיים 90 גרם,מיוצר עי קונדיטוריית,IL,אבקה להכנת ג'לי בטעם,גרמים,90.00,100 גרם,false,,5.90,0.0656,true,1,1446341
7290000068237,false,אבקה להכנת ג'לי בטעם פטל אסם 85 גרם,מיוצר עי קונדיטוריית,IL,אבקה להכנת ג'לי בטעם,גרמים,85.00,100 גרם,false,,5.90,0.0694,true,1,1446342
7290000068251,false,אבקה להכנת ג'לי בטעם אננס אסם 85 גרם,מיוצר עי קונדיטוריית,IL,אבקה להכנת ג'לי בטעם,גרמים,85.00,100 גרם,false,,5.90,0.0694,true,1,1446343
7290000068343,false,אסם פריכונים פרוסות קלויות מלא,"פרח תעשיות מזון בע""מ.",IL,פריכיות מאורז מלא אס,גרמים,140.00,100 גרם,false,,6.90,0.0493,true,1,1446346
7290000068701,false,אסם שקדי מרק רכיבים טבע.מיכל 400 גרם,"אסם תעשיות בע""מ",IL,שקדי מרק במיכל אסם 4,גרמים,400.00,100 גרם,false,,15.90,0.0398,true,1,1446347
7290000068787,false,במבה יום הולדת חטיף בוטנים אסם 25 גרם,מיוצר עי קונדיטוריית,IL,במבה יום הולדת חטיף,גרמים,25.00,100 גרם,false,,1.90,0.0760,true,1,1446349
7290000069364,false,פריכונים מאורז מלא ללא תוספת סוכר אסם 140 גרם,"פרח תעשיות מזון בע""מ.",IL,פריכונים מאורז מלא ל,גרמים,140.00,100 גרם,false,,6.90,0.0493,true,1,1446351
7290000069609,false,חטיפי קרקר זעתר אסם 300 גרם,"אסם תעשיות בע""מ",IL,חטיפי קרקר בטעם זעתר,גרמים,300.00,100 גרם,false,,10.90,0.0363,true,1,1446352
7290000070308,false,אבקת מרק עוף אמיתי בשרי אסם 400 גרם,"אסם השקעות בע""\מ",IL,אבקת מרק עוף אמיתי ב,גרמים,400.00,100 גרם,false,,14.90,0.0373,true,1,1446356
7290000070322,false,אבקת מרק פטריות רכיבים טבעיים אסם 400 גרם,"אסם השקעות בע""\מ",IL,אבקת מרק פטריות רכיב,גרמים,400.00,100 גרם,false,,19.90,0.0497,true,1,1446357
7290000070353,false,אבקת מרק בצל רכיבים טבעיים אסם 400 גרם,"אסם השקעות בע""\מ",IL,אבקת מרק בצל רכיבים,גרמים,400.00,100 גרם,false,,19.90,0.0497,true,1,1446358
7290000072067,false,במבה חטיף בוטנים במילוי קרם חלבה 60 גרם,מיוצר עי קונדיטוריית,IL,במבה חטיף בוטנים במי,גרמים,60.00,100 גרם,false,,4.30,0.0717,true,1,1446361
7290000072241,false,"רוטב פיצה 290 מ""ל-בקבוק","אסם השקעות בע""\מ",IL,רוטב לפיצה אסם 290 מ,מיליליטרים,290.00,"100 מ""ל",false,,8.90,0.0307,true,1,1446363
7290000072623,false,קטשופ אסם בקבוק לחיץ 750 גרם,"אסם תעשיות בע""מ",IL,קטשופ אסם 750 גרם,גרמים,750.00,100 גרם,false,,9.90,0.0132,true,1,1446364
7290000072630,false,קטשופ אסם חריף 750 גרם-בקבוק,"אסם תעשיות בע""מ",IL,קטשופ חריף אסם 750 ג,גרמים,750.00,100 גרם,false,,11.90,0.0159,true,1,1446365
7290000072753,false,קפה נמס מגורען טסטרס צ'ויס 200 גרם-,נסטלה קוריאה - קפה,KR,קפה נמס מגורען טסטרס,גרמים,200.00,100 גרם,false,,29.90,0.1495,true,1,1446366
7290000072760,false,נסקפה טייסטרס צויס 100 גר אוריגנל,נסטלה קוריאה - קפה,KR,טסטרס צו'יס 100 גר,גרמים,100.00,100 גרם,false,,24.90,0.2490,true,1,1446367
7290000072777,false,קפה נמס מגורען נטול קפאין טסטרס צ'ויס 200 גרם,נסטלה קוריאה - קפה,KR,קפה נמס מגורען נטול,גרמים,200.00,100 גרם,false,,35.90,0.1795,true,1,1446368
7290000073125,false,מנה חמה פסטה ברוטב עגבניות אסם 62 גרם,"אסם השקעות בע""\מ",IL,מנה חמה פסטה ברוטב ע,גרמים,62.00,100 גרם,false,,4.90,0.0790,true,1,1446371
7290000073415,false,אוסם - מנה חמה פסטה ברוטב פיצה 61 גרם,"אסם השקעות בע""\מ",IL,מנה חמה פסטה ברוטב פ,גרמים,61.00,100 גרם,false,,4.90,0.0803,true,1,1446372
7290000073699,false,סלט חומוס צבר 150 גרם,סלטי צבר,IL,חומוס צבר 150 גרם,גרמים,150.00,100 גרם,false,,4.50,0.0300,true,1,1446373
7290000073750,false,מנה חמה נודלס אטר+ירקות טעם עוף 70 גרם,PUB FOODS PRESIDENT THAI,TH,מנה חמה נודלס בטעם ע,גרמים,70.00,100 גרם,false,,4.90,0.0700,true,1,1446374
7290000073767,false,מנה חמה נודלס אטר.+ירקות טעם בקר 70 גרם,PUB FOODS PRESIDENT THAI,TH,מנה חמה נודלס בטעם ב,גרמים,70.00,100 גרם,false,,4.90,0.0700,true,1,1446375
7290000073774,false,מנה חמה נודלס אטר+ירקות טעם צילי 70 גרם,טאי רזידנט,TH,מנה חמה נודלס בטעם פ,גרמים,70.00,100 גרם,false,,4.90,0.0700,true,1,1446376
7290000074153,false,ביסקוויט פתי בר שוקולד אסם 500 גרם,מיוצר עי קונדיטוריית,IL,ביסקוויט פתי בר שוקו,גרמים,500.00,100 גרם,false,,8.90,0.0178,true,1,1446377
7290000074184,false,ביסקוויט פתי בר אסם 500 גרם,"אסם השקעות בע""\מ",IL,ביסקוויט פתי בר אסם,גרמים,500.00,100 גרם,false,,8.90,0.0178,true,1,1446378
7290000074245,false,אוסם - קרם קרקר אסם 250 גרם,"אסם השקעות בע""\מ",IL,קרם קרקר אסם 250 גרם,גרמים,250.00,100 גרם,false,,7.80,0.0312,true,1,1446379
7290000074276,false,קרקר פיקנטי טבעון 250 ג' אסם,"אסם השקעות בע""\מ",IL,קרקר פיקנטי אסם 250,גרמים,250.00,100 גרם,false,,9.90,0.0396,true,1,1446381
7290000074375,false,אוסם - קרקר זהב 150 גרם,"אסם השקעות בע""\מ",IL,קרקר זהב אסם 150 גרם,גרמים,150.00,100 גרם,false,,6.50,0.0433,true,1,1446382
7290000074764,false,קרקר הזהב אסם 900 גרם,"אסם השקעות בע""\מ",IL,קרקר זהב אסם 900 גרם,גרמים,900.00,100 גרם,false,,26.90,0.0299,true,1,1446385
7290000075204,false,אוסם - לחמית חיטה מלאה 250 גרם,"אסם השקעות בע""\מ",IL,לחמית חיטה מלאה אסם,גרמים,250.00,100 גרם,false,,7.90,0.0316,true,1,1446388
7290000076126,false,אוסם - בייגלה שמיניות קטנות 80 גרם,"אסם השקעות בע""\מ",IL,בייגלה שמיניות קטנות,גרמים,80.00,100 גרם,false,,2.90,0.0362,true,1,1446390
7290000076133,false,בייגלה שמיניות קטנות עם מלח אסם 400 גרם,"אסם השקעות בע""\מ",IL,בייגלה שמיניות עם מל,גרמים,400.00,100 גרם,false,,8.90,0.0223,true,1,1446391
7290000077017,false,עוגיות קרמוגית במילוי קרם שוקולד אסם 200 גרם,מיוצר עי קונדיטוריית,IL,עוגיות קרמוגית במילו,גרמים,200.00,100 גרם,false,,9.90,0.0495,true,1,1446393
7290000077253,false,אוסם - לחמית כפרית עם דגנים מלאים 190 גרם,"אסם השקעות בע""\מ",IL,לחמית כפרית עם דגנים,גרמים,190.00,100 גרם,false,,8.90,0.0468,true,1,1446394
7290000078212,false,קרוטונים מתובלים למרק אסם 250 גרם,עינת תעשיות מזון אגו,IL,קרוטונים מתובלים למר,גרמים,250.00,100 גרם,false,,13.90,0.0556,true,1,1446397
7290000078762,false,אוסם - חטיפי פריכונים מאורז מלא בטעם דבש 80גר,סנורייס בלגיום אן. ו,GB,חטיפי פריכונים מאורז,גרמים,80.00,100 גרם,false,,6.90,0.0863,true,1,1446398
7290000081663,false,"בייגלה טבעות שומשום אסם 300 גרם בד""ץ",מיוצר עי קונדיטוריית,IL,בייגלה טבעות שומשום,גרמים,300.00,100 גרם,false,,8.90,0.0297,true,1,1446402
7290000098756,false,עמלה כספומן,,,עמלה כספומן,יח',1.00,יח',false,,5.90,5.9000,true,1,1455265
7290000100128,false,פירות קפואים תות סנפרוסט 300 ג',"סנפרוסט בע""מ",IL,פירות קפואים תות,גרמים,300.00,100 גרם,false,,12.90,0.0430,true,1,1443090
7290000100135,false,פירות קפואים סנפרוסט דובדבן 300 גר,"סנפרוסט בע""מ",IL,פירות קפואים דובדבן,גרמים,300.00,100 גרם,false,,12.90,0.0430,true,1,1443091
7290000100593,false,פרוסות אנטיפסטי לתנור סנפרוסט 600 גרם,"סנפרוסט בע""\מ",IL,אנטיפסטי לתנור 600 ג,גרמים,600.00,100 גרם,false,,15.90,0.0265,true,1,1443100
7290000101132,false,לקט קטניות לחמין סנפרוסט 800 גר,"סנפרוסט בע""\מ",IL,לקט קטניות לחמיןיח ס,גרמים,800.00,100 גרם,false,,21.90,0.0274,true,1,1443102
7290000101927,false,אוכמניות כחולות מוקפאות סנפרוסט 300 גרם,"איי, בי, אינבוו",IL,אוכמניות כחולות מוקפ,גרמים,300.00,100 גרם,false,,12.90,0.0430,true,1,1443103
7290000101934,false,מיקס פירות יער מוקפאות 300 ג' סנפרוסט,"איי, בי, אינבוו",IL,מיקס פירות יער מוקפא,גרמים,300.00,100 גרם,false,,12.90,0.0430,true,1,1443104
7290000101941,false,אננס חתוך מוקפא סנפרוסט 300ג',"איי, בי, אינבוו",IL,אננס מוקפא 300 גר,גרמים,300.00,100 גרם,false,,12.90,0.0430,true,1,1443105
7290000101958,false,מנגו חתוך מוקפא סנפרוסט 300ג',"איי, בי, אינבוו",IL,מנגו מוקפא 300 גר,גרמים,300.00,100 גרם,false,,12.90,0.0430,true,1,1443106
7290000103433,false,"לקט ירקות לתנור 800 גרם ""סנפרוסט""","איי, בי, אינבוו",IL,לקט ירקות לתנור 800,גרמים,800.00,100 גרם,false,,21.90,0.0274,true,1,1443110
7290000103730,false,לקט להקפצה עם פסטה פוזילי סנפרוסט 800 גרם,"איי, בי, אינבוו",IL,לקט להקפצה עם פסטה פוזילי,גרמים,800.00,100 גרם,false,,22.90,0.0286,true,1,1443120
7290000103815,false,לקט להקפצה בסגנון תאילנדי סנפרוסט 800 גרם,"סנפרוסט בע""\מ",IL,לקט להקפצה בסגנון תאילנדי,גרמים,800.00,100 גרם,false,,22.90,0.0286,true,1,1443121
7290000103839,false,מרק כתום עשיר בירקות סנפרוסט 570 גרם,"סנפרוסט בע""\מ",IL,מרק כתום 12 יח' 570 גר,גרמים,570.00,100 גרם,false,,17.00,0.0298,true,1,1443122
7290000103846,false,מרק אפונה עשיר בירקות סנפרוסט 570 גרם,"סנפרוסט בע""\מ",IL,מרק אפונה 12 יח 570 גר,גרמים,570.00,100 גרם,false,,17.00,0.0298,true,1,1443123
7290000103860,false,מרק עדשים עשיר בירקות סנפרוסט 570 גרם,"איי, בי, אינבוו",IL,מרק עדשים 12 יח 570 גר,גרמים,570.00,100 גרם,false,,17.00,0.0298,true,1,1443124
7290000103877,false,מרק שעועית עשיר בירקות סנפרוסט 640 גרם,"סנפרוסט בע""\מ",IL,מרק שעועית 12 יח 640 גר,גרמים,640.00,100 גרם,false,,17.00,0.0266,true,1,1443125
7290000104072,false,עדשים ירוקות מבושלות מוקפאות 800 ג' סנפרוסט,"איי, בי, אינבוו",IL,עדשים מוקפאים 14 יח 800 ג,גרמים,800.00,100 גרם,false,,18.70,0.0234,true,1,1443126
7290000104188,false,שעועית אדומה מוקפאת מבושלת מוכנה לאכילה,"סנפרוסט בע""\מ",IL,שעועית אדומה מוקפאת 14 יח,גרמים,800.00,100 גרם,false,,17.90,0.0224,true,1,1443127
7290000104201,false,אפונה עדינה סנפרוסט 600 גרם,"איי, בי, אינבוו",IL,אפונה עדינה 12 יח 600 ג,גרמים,600.00,100 גרם,false,,16.90,0.0282,true,1,1443128
7290000104218,false,סנפרוסט במיה 600 גרם,"איי, בי, אינבוו",IL,במיה 14 יח 600 ג,גרמים,600.00,100 גרם,false,,15.80,0.0263,true,1,1443129
7290000104676,false,אפונה קפואה סנפרוסט 800 גרם,"איי, בי, אינבוו",IL,אפונה גינה 20 יח 800 ג,גרמים,800.00,100 גרם,false,,14.90,0.0186,true,1,1443131
7290000104683,false,שעועית ירוקה שלמה סנפרוסט 800 גרם,"סנפרוסט בע""\מ",IL,שעועית ירוקה שלמה 16 יח 8,גרמים,800.00,100 גרם,false,,19.90,0.0249,true,1,1443132
7290000104690,false,תירס גרעינים 800 גרם סנפרוסט,"איי, בי, אינבוו",IL,גרעיני תירס 20 יח 800 ג,גרמים,800.00,100 גרם,false,,17.80,0.0223,true,1,1443133
7290000104706,false,גזר גמדי סנפרוסט 800 גרם,"סנפרוסט בע""\מ",IL,גזר גמדי 16 יח 800 ג,גרמים,800.00,100 גרם,false,,16.90,0.0211,true,1,1443134
7290000104713,false,פול ירוק סנפרוסט 800 גרם,"איי, בי, אינבוו",IL,פול ירוק 20 יח 800 ג,גרמים,800.00,100 גרם,false,,20.90,0.0261,true,1,1443135
7290000104720,false,שעועית ירוקה חתוכה סנפרוסט 800 גרם,"סנפרוסט בע""\מ",IL,שעועית ירוקה חתוכה 16 יח,גרמים,800.00,100 גרם,false,,16.90,0.0211,true,1,1443136
7290000104744,false,כרובית סנפרוסט 800 גרם,"סנפרוסט בע""\מ",IL,כרובית 12 יח 800 ג,גרמים,800.00,100 גרם,false,,23.90,0.0299,true,1,1443137
7290000104751,false,"כרוב ניצנים 800 גרם ""סנפרוסט""","איי, בי, אינבוו",IL,כרוב ניצנים 16 יח 800 ג,גרמים,800.00,100 גרם,false,,16.90,0.0211,true,1,1443138
7290000104768,false,תרד עלים סנפרוסט 800 ג ',"איי, בי, אינבוו",IL,עלי תרד 14 יח 800 ג,גרמים,800.00,100 גרם,false,,19.90,0.0249,true,1,1443139
7290000104775,false,תרד מדליונים סנפרוסט 800 גרם,"איי, בי, אינבוו",IL,מדליוני תרד 16 יח 800 ג,גרמים,800.00,100 גרם,false,,23.90,0.0299,true,1,1443140
7290000104799,false,שעועית לבנה מבושלת סנפרוסט 800 גרם,"איי, בי, אינבוו",IL,שעועית לבנה 16 יח 800 גר,גרמים,800.00,100 גרם,false,,14.90,0.0186,true,1,1443141
7290000104805,false,גרגירי חומוס מבושלים סנפרוסט 800 גרם,"איי, בי, אינבוו",IL,גרגירי חומוס 14 יח 800 גר,גרמים,800.00,100 גרם,false,,18.90,0.0236,true,1,1443142
7290000104829,false,קלחי תירס חתוכים סנפרוסט 1 קילו,"איי, בי, אינבוו",IL,קלחוני תירס 16 יח 1 קג,גרמים,1000.00,100 גרם,false,,19.70,0.0197,true,1,1443143
7290000104836,false,שעועית ירוקה עדינה שלמה סנפרוסט 600 גרם,"סנפרוסט בע""\מ",IL,שעועית עדינה שלמה 12 יח,גרמים,600.00,100 גרם,false,,19.90,0.0332,true,1,1443144
7290000104904,false,לקט ירקות מעורבים סנפרוסט 800 גרם,"איי, בי, אינבוו",IL,ירקות מעורבים 14 יח 800 ג,גרמים,800.00,100 גרם,false,,23.00,0.0288,true,1,1443146
7290000104911,false,לקט נורמנדי סנפרוסט 800 גרם,"איי, בי, אינבוו",IL,לקט נורמנדי 12 יח 800 ג,גרמים,800.00,100 גרם,false,,16.90,0.0211,true,1,1443147
7290000106175,false,"לקט כפרי סנפרוסט 2 ק""ג","סנפרוסט בע""\מ",IL,לקט כפרי 6 יח 2 קג,קילוגרמים,2.00,"ק""ג",false,,36.90,18.4500,true,1,1443148
7290000107165,false,חטיף סויה אדממה סנפרוסט 400 גרם,"איי, בי, אינבוו",IL,סויה אדממה 20 יח 400 גרם,גרמים,400.00,100 גרם,false,,13.90,0.0348,true,1,1443150
7290000107189,false,תחתיות ארטישוק סנפרוסט 400 גרם,"איי, בי, אינבוו",IL,תחתיות ארטישוק 12 יח 400,גרמים,400.00,100 גרם,false,,19.90,0.0497,true,1,1443151
7290000107295,false,תפרחות ברוקולי סנפרוסט 800 גרם,"איי, בי, אינבוו",IL,תפרחות ברוקולי 12 יח 800,גרמים,800.00,100 גרם,false,,24.90,0.0311,true,1,1443152
7290000107615,false,ירקות ואננס להקפצה מנה אסייתית צבעונית ועשירה,"איי, בי, אינבוו",IL,מנה אסייתית צבעונית,גרמים,800.00,100 גרם,false,,23.00,0.0288,true,1,1443153
7290000110844,false,"כיפלי בטעם גריל 70 גרם-בד""ץ",יוניליור ישראל מזון,IL,כיפלי בטעם גריל 70 ג,גרמים,70.00,100 גרם,false,,4.90,0.0700,true,1,1447704
7290000111119,false,תפוח אדמה לבן ארוז,ביכורי השקמה,,תפוח אדמה לבן ארוז,קילוגרמים,1.00,"ק""ג",true,,5.53,5.5300,true,1,1453974
7290000111122,false,בצל שלוט,,,בצל שלוט,יח',1.00,יח',false,,9.90,9.9000,true,1,1453975
7290000111384,false,חרדל אמיתי בצנצנת 550 ג' תלמה,יוניליוור ישראל מזו,IL,חרדל תלמה 550 גרם,גרמים,550.00,100 גרם,false,,7.50,0.0136,true,1,1447711
7290000112220,false,טחינה גולמית שומשום טהור בארכה 500 גרם,"רושדי תעשיות מזון בע""\מ",IL,טחינה גולמית שומשום,גרמים,500.00,100 גרם,false,,13.90,0.0278,true,1,1446403
7290000112237,false,"טחינה גולמית שומשום טהור בארכה 1 ק""ג","רושדי תעשיות מזון בע""\מ",IL,טחינה גולמית שומשום,יח',1.00,יח',false,,19.90,19.9000,true,1,1446404
7290000112497,false,מרק עשיר עוף אטריות קנור 75 גרם - שקיות,יוניליוור ישראל מזון בע\,IL,קנור מרק עשיר עוף עם,גרמים,75.00,100 גרם,false,,11.90,0.1587,true,1,1447712
7290000112619,false,מרק עוף לתיבול והעשרה קנור 400 ג',יוניליוור ישראל מזון בע\,IL,מרק 400 עוף אמיתי,גרמים,400.00,100 גרם,false,,14.90,0.0373,true,1,1447713
7290000113180,false,"כיפלי צ'יפס בד""צ תלמה 50 ג'",יוניליור ישראל מזון,IL,כיפלי צ'יפס 50 גרם-ב,גרמים,50.00,100 גרם,false,,4.90,0.0980,true,1,1447714
7290000116204,false,"אבקת מרק דגש בטעם עוף 1ק""ג קנור",יוניליוור ישראל מזון בע\,IL,מרק דגש מופחת נתרן ק,גרמים,1000.00,100 גרם,false,,13.70,0.0137,true,1,1447717
7290000116884,false,"רוטב ברביקיו קנור 300 גרם בד""צ",יוניליוור ישראל מזון בע\,IL,רוטב ברביקיו קנור 34,מיליליטרים,340.00,"100 מ""ל",false,,9.90,0.0291,true,1,1447718
7290000117720,false,נמס בכוס פטריות קנור 21.5 גרם מארז זוגי,יוניליוור ישראל מזון בע\,IL,"נמס בכוס פטריות בד""ץ",יח',1.00,יח',false,,6.50,6.5000,true,1,1447724
7290000120836,false,"מיונז אמיתי 394 גרם ""הלמנס""",קונפקו אינק' די.בי.א,CA,מיונז הלמנס 394 גרם,גרמים,394.00,100 גרם,false,,10.90,0.0277,true,1,1447727
7290000120874,false,מיונז הלמנס לייט מופחת קלוריות 424ג,"יונילוור ארה""ב - HPC",US,מיונז הלמנס לייט 424,גרמים,424.00,100 גרם,false,,10.90,0.0257,true,1,1447728
7290000121017,false,שומרון גבינה מותכת 7% 120 גרם,שלושת האופים,IL,שומרון גבינה מותכת 7,גרמים,120.00,100 גרם,false,,8.90,0.0742,true,1,1450014
7290000121031,false,החתול המחייך גבינה מותכת 14% מון בלאן 120 גרם,שלושת האופים,IL,החתול המחייך גבינה מ,גרמים,120.00,100 גרם,false,,8.90,0.0742,true,1,1450015
7290000121079,false,גבינה מותכת למריחה עם שום שמיר 9% מון בלאן 120 גרם,שלושת האופים,IL,גבינה מותכת למריחה ע,גרמים,120.00,100 גרם,false,,8.90,0.0742,true,1,1450017
7290000121093,false,גבינה מותכת לייט בטעם שוויצרי 7% מון בלאן 120 גר',האי נאם סי או אל.טי.,IL,גבינה מותכת לייט בטע,גרמים,120.00,100 גרם,false,,8.90,0.0742,true,1,1450018
7290000121109,false,גבינה מותכת לייט עם זיתים 7% מון בלאן 120 גרם,האי נאם סי או אל.טי.,IL,גבינה מותכת לייט עם,גרמים,120.00,100 גרם,false,,8.90,0.0742,true,1,1450019
7290000121147,false,גבינה מותכת לייט בטעם פיקנטי 7% מון בלאן 120 גרם,"שלושת האופים בע""מ",IL,גבינה מותכת לייט בטע,גרמים,120.00,100 גרם,false,,8.90,0.0742,true,1,1450020
7290000121154,false,גבינה מותכת לייט עם סלמון 7% מון בלאן 120 גרם,האי נאם סי או אל.טי.,IL,גבינה מותכת לייט עם,גרמים,120.00,100 גרם,false,,8.90,0.0742,true,1,1450021
7290000122830,false,"רוטב מקסיקני סצ'ואן קנור 300 מ""ל",יוניליוור ישראל מזון בע\,IL,רוטב מקסיקני סצ'ואן,מיליליטרים,300.00,"100 מ""ל",false,,9.90,0.0330,true,1,1447731
7290000125251,false,שמפו לכביסה עדינה בדין 2 ליטר,"זוהר דליה, קיבוץ דליה, 1",IL,בדין שמפו לכביסה עדי,ליטרים,2.00,ליטר,false,,22.90,11.4500,true,1,1447734
7290000129457,false,אבקת רוטב פטריות קנור 28 ג' שקית,יוניליוור ישראל מזון בע\,IL,רוטב פטריות קנור 28,גרמים,28.00,100 גרם,false,,3.90,0.1393,true,1,1447735
7290000129785,false,מרכך כביסה ירוק בדין 4 ליטר,יוניליור ישראל טיפוח איש,IL,בדין מרכך כביסה 4 לי,ליטרים,4.00,ליטר,false,,19.90,4.9750,true,1,1447736
7290000131122,false,"בצק עלים צרפתי שחף 1.5 ק""ג",מאפיית אריאל,IL,בצק עלים צרפתי שחף 1,קילוגרמים,1.50,"ק""ג",false,,16.90,11.2667,true,1,1455081
7290000133645,false,שלישיית משחת שיניים סודה אורביטול 145 גרם,טרופיקל דגיל תעשיות קוסמ,IL,משחת שיניים בטעם מנט,גרמים,435.00,100 גרם,false,,16.50,0.0379,true,1,1448522
7290000133904,false,"מטהר אוויר דואופרש פסיפלורה תפוז סנו 300 מ""ל","סנו מפעלי ברונוס בע""מ",IL,דואופרש פסיפלורה ותפ,מיליליטרים,300.00,"100 מ""ל",false,,9.90,0.0330,true,1,1448523
7290000135045,false,"XL TEN משקה אנרגיה פתוח ללא סוכר 250 מ""ל","טמפו משקאות בע""\מ",IL,"XL פחית 250 מ""ל",מיליליטרים,250.00,"100 מ""ל",false,,3.80,0.0152,true,1,1444302
7290000135052,false,"XL TEN משקה אנרגיה מנגו ללא סוכר 250 מ""ל","טמפו משקאות בע""\מ",IL,"XL פחית 250 מ""ל",מיליליטרים,250.00,"100 מ""ל",false,,3.80,0.0152,true,1,1444303
7290000135113,false,"משקה אנרגיה XL פחית ten נענע ליים 250 מ""ל","טמפו משקאות בע""\מ",IL,"משקה אנרגיה לל""ס נענ",מיליליטרים,250.00,"100 מ""ל",false,,3.80,0.0152,true,1,1444304
7290000135342,false,"מי סודה טמפו בקבוק 500 מ""ל","טמפו משקאות בע""\מ",IL,"טמפו סודה 500 מ""ל",מיליליטרים,500.00,"100 מ""ל",false,,2.90,0.0058,true,1,1444228
7290000135465,false,"מי סודה 500 מ""ל - מארז 12 בקבוקים","טמפו משקאות בע""\מ",IL,טמפו סודה 12* 500 מל,ליטרים,6.00,ליטר,false,,24.90,4.1500,true,1,1444313
7290000136141,false,משקה בטעם קולה 1.5ל' פפסי,"טמפו משקאות בע""\מ",IL,פפסי 1.5 ליטר,ליטרים,1.50,ליטר,false,,7.40,4.9333,true,1,1444329
7290000136158,false,פפסי מקס משקה מוגז דל קלוריות בטעם קולה,"טמפו משקאות בע""\מ",IL,פפסי מקס 1.5 ליטר,ליטרים,1.50,ליטר,false,,6.90,4.6000,true,1,1444330
7290000136165,false,טמפו מירינדה 1.5 ליטר,"טמפו משקאות בע""\מ",IL,מירינדה 1.5 ליטר,ליטרים,1.50,ליטר,false,,6.90,4.6000,true,1,1444331
7290000136172,false,סבן אפ בקבוק 1.5 ליט,"טמפו משקאות בע""\מ",IL,סבן אפ 1.5 ליטר,ליטרים,1.50,ליטר,false,,6.90,4.6000,true,1,1444332
7290000136189,false,סבן אף דיאט 1.5 ליטר בודד,"טמפו משקאות בע""\ם.",IL,דיאט סבן אפ 1.5 ליטר,ליטרים,1.50,ליטר,false,,6.90,4.6000,true,1,1444333
7290000136455,false,משקה בטעם אשכוליות תריסר 1.5 ל' ג'אמפ,"טמפו משקאות בע""\ם.",IL,ג'אמפ אשכוליות 1.5 ל,ליטרים,1.50,ליטר,false,,7.50,5.0000,true,1,1444342
7290000136516,false,משקה בטעם מנגו פסיפלורה תריסר 1.5 ל' ג'אמפ,טמפו משקאות בעמ,IL,ג'אמפ מנגו פסיפלורה,ליטרים,1.50,ליטר,false,,7.50,5.0000,true,1,1444344
7290000136523,false,משקה בטעם ענבים תריסר 1.5 ל' ג'אמפ,"טמפו משקאות בע""\ם.",IL,ג'אמפ ענבים 1.5 ליטר,ליטרים,1.50,ליטר,false,,7.50,5.0000,true,1,1444345
7290000136561,false,משקה בטעם תות בננה תריסר 1.5 ל' ג'אמפ,"טמפו משקאות בע""\מ",IL,ג'אמפ תות בננה 1.5 ל,ליטרים,1.50,ליטר,false,,7.50,5.0000,true,1,1444346
7290000136585,false,משקה בטעם תפוזים תריסר 1.5 ל' ג'אמפ,"טמפו משקאות בע""\ם.",IL,ג'אמפ תפוזים 1.5 ליט,ליטרים,1.50,ליטר,false,,7.50,5.0000,true,1,1444347
7290000136608,false,משקה בטעם תפוח צלול תריסר 1.5 ל' ג'אמפ,"טמפו משקאות בע""\ם.",IL,ג'אמפ תפוח צלול 1.5,ליטרים,1.50,ליטר,false,,7.50,5.0000,true,1,1444348
7290000136646,false,בירה נשר מאלט ללא אלכוהול 1.5 ליטר,"טמפו משקאות בע""\מ",IL,בירה שחורה נשר מאלט,ליטרים,1.90,ליטר,false,,8.80,4.6316,true,1,1444349
7290000136653,false,דיאט נשר מאלט ללא אלכוהול 1.5 ליטר,"טמפו משקאות בע""\מ",IL,בירה שחורה דיאט נשר,ליטרים,1.50,ליטר,false,,8.90,5.9333,true,1,1444350
7290000136660,false,סודה טמפו ליטר וחצי,טמפו,IL,סודה 1.5 ליטר,ליטרים,1.50,ליטר,false,,3.20,2.1333,true,1,1444351
7290000136691,false,מארז שישייה סבן אפ 1.5 ל',סבן אפ 7up,IL,סבן אפ 1.5לי שישייה,מטרים,1500.00,100 מ'ל,false,,37.90,0.0253,true,1,1444352
7290000136752,false,סבן אפ דיאט מארז שישייה 1.5 ל' FREE,"טמפו משקאות בע""\מ",IL,דיאט סבן אפ 1.5 ליטר,ליטרים,9.00,ליטר,false,,35.90,3.9889,true,1,1444357
7290000136769,false,מארז שישיה בטעם קולה 1.5 ל' פפסי,"טמפו משקאות בע""\מ",IL,פפסי 1.5 ליטר שישייה,ליטרים,9.00,ליטר,false,,35.80,3.9778,true,1,1444358
7290000136776,false,שישיית פפסי מקס דל קלוריות 1.5 ליטר,פפסי Pepsi,IL,פפסי מקס 1.5 ליטר שי,ליטרים,9.00,ליטר,false,,35.90,3.9889,true,1,1444359
7290000136790,false,שישיית מי סודה טמפו 1.5 ליטר,"טמפו משקאות בע""\מ",IL,טמפו סודה 6* 1.5 ליט,מטרים,9000.00,100 מ'ל,false,,15.90,0.0018,true,1,1444361
7290000136806,false,מארז סודה רביעייה לימון ליים 1.5 ל' טמפו,טמפו משקאות בעמ,IL,סודה לימון ליים 1.5,ליטרים,6.00,ליטר,false,,10.90,1.8167,true,1,1444362
7290000136813,false,סודה בטעם אננס מארז רביעייה 1.5 ל' טמפו,טמפו משקאות בע''מn\,IL,סודה אננס 1.5לי רביע,ליטרים,6.00,ליטר,false,,10.90,1.8167,true,1,1444363
7290000136820,false,סודה בטעם פירות יער מארז ריבעיה * 1.5 ל' טמפו,טמפו משקאות בע''מn\,IL,סודה פירות יער 1.5לי,ליטרים,6.00,ליטר,false,,10.90,1.8167,true,1,1444364
7290000136837,false,רביעיית מי סודה נגיעות אפרסק טמפו 1.5 ליטר,טמפו משקאות בע''מn\,IL,רביעייה סודה טעם אפר,ליטרים,1.50,ליטר,false,,10.90,7.2667,true,1,1444365
7290000136844,false,מארז מים מזוככים אקווה נובה שישיית 2 ליטר,"טמפו משקאות בע""\מ",IL,מים אקווה נובה 2 ליט,ליטרים,12.00,ליטר,false,,10.70,0.8917,true,1,1444366
7290000137513,false,גלידונית גלידה וניל בציפוי שוקולד 60 יח' קרמיסימו,"גלידת שטראוס בע""\מ, רחוב",IL,גלידונית קרמיסימו ונ,גרמים,630.00,100 גרם,false,,39.80,0.0632,true,1,1453588
7290000137643,false,שלגוני טעמקור בטעם שוקו וניל שטראוס 8*50 גרם,"גלידת שטראוס בע""\מ, רחוב",IL,שלגוני טעמקור בטעם ש,יח',1.00,יח',false,,31.90,31.9000,true,1,1453589
7290000139180,false,שלווה חיטה מלאה תפוחה אשבול 140 גרם,אשבל מזון פונקציונלי,IL,שלווה חיטה מלאה תפוח,גרמים,140.00,100 גרם,false,,8.70,0.0621,true,1,1440493
7290000139227,false,דגן לבן משפחתי 150 גר' אשבול,אשבל מזון פונקציונלי,IL,אשבול דגן לבן 150גר,גרמים,150.00,100 גרם,false,,7.90,0.0527,true,1,1440494
7290000139234,false,דגן תפוח שלווה אשבול בטעם חמאה ודבש 150ג',אשבול,IL,אשבול דגן חמאה 150 ג,גרמים,150.00,100 גרם,false,,8.70,0.0580,true,1,1440495
7290000144160,false,"שמן זית כתית מעולה ארומתי עץ הזית 750 מ""ל","מרקאולאו, ספרד.אבסה,",IT,שמן זית כתית מעולה א,מיליליטרים,750.00,"100 מ""ל",false,,32.90,0.0439,true,1,1448297
7290000144467,false,שמן חמניות מועשר בנוגדי חמצון 1 ל' עץ הזית,"נארז ע""י : א.ג. גילר",GR,שמן בריאות חמניות עץ,ליטרים,1.00,ליטר,false,,13.90,13.9000,true,1,1448298
7290000144474,false,שמן עץ הזית קנולה 1 ליטר בריאות מהטבע,שמן תעשיות בעמ,EE,שמן בריאות קנולה עץ,ליטרים,1.00,ליטר,false,,14.80,14.8000,true,1,1448299
7290000146928,false,"משחת שיניים לילדים בטעם ענבים טום וג'רי 50 מ""ל",טרופיקל דגיל קוסמטיק,IL,משחת שיניים לילדים ב,גרמים,50.00,100 גרם,false,,7.90,0.1580,true,1,1444006
7290000146997,false,משחת שיניים לילדים מסטיק טום וג'רי 50 מל,טרופיקל דגיל קוסמטיק,IL,משחת שיניים לילדים מ,יח',1.00,יח',false,,7.90,7.9000,true,1,1444007
7290000148748,false,קליית גת גרעיני חמניה קלויים ומומלחים200,"ג'י אנד ג'י בע""מ",IL,גרעיני חמניות קלויים,גרמים,200.00,100 גרם,false,,5.90,0.0295,true,1,1451880
7290000149615,false,רביעיית סבון מוצק קלאסי לתינוק נקה 7 4*100 גרם,גליל כימיקלים בעממשו,IL,סבון מוצק לתינוק נקה,גרמים,400.00,100 גרם,false,,10.90,0.0273,true,1,1448524
7290000149844,false,סבון רב שימושי סינטבון 230 גרם,סינטבון,IL,סבון רב שימושי סינטב,גרמים,230.00,100 גרם,false,,6.90,0.0300,true,1,1448526
7290000149905,false,טקסטיל נוזל לכביסה עדינה נקה 1 ליטר,מיוצר עי קונדיטוריית,IL,טקסטיל נוזל לכביסה ע,ליטרים,1.00,ליטר,false,,12.90,12.9000,true,1,1448528
7290000149943,false,"טקסטיל אבקת כביסה ביד נקה 1 ק""ג",קריות זול,IL,טקסטיל אבקת כביסה בי,ליטרים,1.00,ליטר,false,,12.90,12.9000,true,1,1448529
7290000150956,false,עוף טוב מקלוני קבנוס 160 גרם,מוצרי עוף טוב (2001) בע\,IL,מקלוני קבנוס עוף טוב,גרמים,160.00,100 גרם,false,,9.90,0.0619,true,1,1446406
7290000151885,false,נקניק הודו יחידה עוף טוב 700ג',עוף טוב,IL,נקניק הודו יחידה 700,גרמים,700.00,100 גרם,false,,14.90,0.0213,true,1,1446412
7290000152943,false,מארז פסטרמה כפרית וסלמי כפרי עוף טוב 2*350 גרם,מוצרי עוף טוב (2001) בע\,IL,מארז פסטרמה כפרית וס,גרמים,700.00,100 גרם,false,,18.90,0.0270,true,1,1446415
7290000153445,false,קציצות בקר מתובלות 100% רכיבים טבעיים,מולינו ניקולי s.p.a,IL,קציצות בקר מתובלות 1,גרמים,600.00,100 גרם,false,,29.90,0.0498,true,1,1446416
7290000159096,false,חזה עוף צלוי ברביקיו 500 גר רכיבים טבעיי,מוצרי עוף טוב (2001),IL,חזה עוף צלוי ברביקיו,גרמים,500.00,100 גרם,false,,39.90,0.0798,true,1,1446427
7290000169538,false,"נמס בכוס עגבניות וקרוטונים מרק כשרות בד""ץ 62 ג' קנור",יוניליוור ישראל מזון בע\,IL,"נמס בכוס עגבניות בד""",גרמים,31.00,100 גרם,false,,6.50,0.2097,true,1,1447748
7290000169798,false,"עוגי מופחת סוכר 20% פצפוצי שוקו' 500ג' בד""צ",יוניליוור ישראל מזון בע\,IL,עוגי מופחת 20%סוכר 5,גרמים,500.00,100 גרם,false,,18.90,0.0378,true,1,1447749
7290000174723,false,שוקולית אבקה להכנת משקה שוקו 500 גרם,הנסיך- מפעל לייצור ט,IL,שוקולית 500 גרם,גרמים,500.00,100 גרם,false,,11.90,0.0238,true,1,1445484
7290000176079,false,קפה עלית טורקי עם הל 100 גרם,הנסיך- מפעל לייצור ט,IL,קפה טורקי עם הל 100,גרמים,100.00,100 גרם,false,,8.90,0.0890,true,1,1445486
7290000176116,false,"קפה טורקי עלית וואקום 1 ק""ג",הנסיך- מפעל לייצור ט,IL,קפה טורקי - ואקום 1,לקג,1.00,לקג,false,,74.90,74.9000,true,1,1445488
7290000176413,false,קפה נמס אבקתי 50 ג' עלית,הנסיך- מפעל לייצור ט,IL,קפה נמס 50 גרם,גרמים,50.00,100 גרם,false,,8.90,0.1780,true,1,1445490
7290000176420,false,קפה נמס פחית עלית 200 גרם,שטראוס קפה בי.וי,IL,קפה נמס 200 גרם,גרמים,200.00,100 גרם,false,,18.90,0.0945,true,1,1445491
7290000176468,false,קפה נמס נטול קפאין 50 ג' קפה האג,"איי, בי, אינבוו",IL,קפה נמס האג נטול קפא,גרמים,50.00,100 גרם,false,,10.90,0.2180,true,1,1445492
7290000176475,false,האג קפה נמס נטול קפאין עלית 200 גרם,שטראוס גרופ,VN,האג קפה נמס נטול קפא,גרמים,200.00,100 גרם,false,,33.80,0.1690,true,1,1445493
7290000178707,false,תפוצ'יפס בטעם טבעי 50 גרם,"שטראוס פריטו ליי בע""\מ )",IL,תפוצ'יפס בטעם טבעי 5,גרמים,50.00,100 גרם,false,,3.50,0.0700,true,1,1450688
7290000178721,false,תפוצ'יפס בטעם טבעי 200 גרם,"שטראוס פריטו ליי בע""\מ )",IL,תפוצ'יפס בטעם טבעי 2,גרמים,200.00,100 גרם,false,,9.90,0.0495,true,1,1450689
7290000185224,false,סילאן בקבוק לחיץ תמר כנרת 650 גר,תמר כנרת,IL,סילאן לחיץ כנרת 650,גרמים,650.00,100 גרם,false,,15.90,0.0245,true,1,1451157
7290000185330,false,סילאן טבעי תמר כנרת 900 גר,טעמי הגליל,IL,סילאן טבעי 900גר כנר,גרמים,900.00,100 גרם,false,,23.90,0.0266,true,1,1451158
7290000185590,false,סילאן טבעי בבקבוק לחיץ 650 גרם,"טעמי הגליל בע""\מ עבור וי",IL,סילאן טבעי בבקבוק לח,גרמים,635.00,100 גרם,false,,19.90,0.0313,true,1,1451160
7290000189598,false,מטליות לחות חד פעמיות לניקוי כללי 50 יח' ניקול,עלבד משואות יצחק בעמ,IL,מטליות לחות לניקוי כ,יח',50.00,יח',false,,9.90,0.1980,true,1,1452515
7290000189659,false,מטליות לחות לרצפה ניקול 10 יח'-מרכז,עלבד משואות יצחק בעמ,IL,מטליות לחות לרצפה ני,יח',10.00,יח',false,,9.90,0.9900,true,1,1452516
7290000189680,false,ניקול זוג מטליות לחות לרצפה,חוגלה קימברלי,IL,זוג מטליות לחות לרצפ,מיליליטרים,700.00,"100 מ""ל",false,,19.90,0.0284,true,1,1452517
7290000189734,false,מטליות לחות לניקוי פרקט ניקול 10 יחידות,עלבד משואות יצחק בעמ,IL,מטליות לחות לניקוי פ,יח',10.00,יח',false,,10.90,1.0900,true,1,1452518
7290000190150,false,מפיות מודפסות תלת שכבתיות ניקול 20 יחידות,חוגלה קימברלי,SI,מפיות נייר תלת שכבתי,גרמים,20.00,100 גרם,false,,5.90,0.2950,true,1,1452520
7290000190198,false,מטליות לחות לניקוי וחיטוי 99.9% ניקול 50 יחידה,עלבד משואות יצחק בעמ,IL,מטליות לניקוי וחיטוי,יח',50.00,יח',false,,9.90,0.1980,true,1,1452521
7290000191225,false,חיתולים ליטל בייביז מידה 2 האגיס 46 יחידות,קימברלי קלארק שיווק,IL,האגיס ליטל שלב 2 44,יח',46.00,יח',false,,28.90,0.6283,true,1,1452524
7290000191645,false,"חיתולים האגיס ליטל בייביס ניו בורן שלב 1 עד 4 ק""ג",קימברלי קלארק ארהב,US,חיתולים האגיס ליטל ב,יח',36.00,יח',false,,29.90,0.8306,true,1,1452528
7290000193014,false,מגן תחתון פדיות אינטרלוד לילי 50 יחידות,חוגלה קימברלי,CZ,מגן תחתון לילי 50 יח,יח',50.00,יח',false,,9.90,0.1980,true,1,1452532
7290000193076,false,"שלישיית מטליות לריצפה ""ניקול""",עופרטקס,IL,שלישיית מטליות רצפה,יח',3.00,יח',false,,9.90,3.3000,true,1,1452533
7290000193083,false,נובה-לי תחבושות היגייניות לילי 28 יחידות,חוגלה קימברלי,CZ,נובה-לי תחבושות היגי,יח',28.00,יח',false,,8.90,0.3179,true,1,1452534
7290000193205,false,תחבושות עם כנפיים ללילה נטורל לילי 20 יחידות,חוגלה קימברלי,BE,תחבושות לילה עם כנפי,יח',20.00,יח',false,,15.90,0.7950,true,1,1452535
7290000193472,false,מגן תחתון נטורל נורמל לילי 60 יחידות,חוגלה קימברלי,ES,מגן תחתון נטורל נורמ,יח',60.00,יח',false,,14.90,0.2483,true,1,1452536
7290000193540,false,מגן תחתון לונג נטורל לילי 52 יחידות,חוגלה קימברלי,ES,מגן תחתון ארוך נטורל,יח',52.00,יח',false,,14.90,0.2865,true,1,1452537
7290000193618,false,לילי אינטימייט מגן תחתון נורמל 24 יח',חוגלה קימברלי,ES,מגן תחתון לייט נטורל,יח',62.00,יח',false,,14.90,0.2403,true,1,1452538
7290000193649,false,תחבושות עם כנפיים נורמל פלוס לילי 24 יחידות,חוגלה קימברלי,ES,תחבושות עם כנפיים נו,יח',24.00,יח',false,,15.90,0.6625,true,1,1452539
7290000193656,false,תחבושות עם כנפיים סופר פלוס לילי 24 יחידות,חוגלה קימברלי,ES,תחבושות עם כנפיים סו,יח',24.00,יח',false,,15.90,0.6625,true,1,1452540
7290000193793,false,לילי תחבושות אינטימי נורמל אולט' 24 יח',חוגלה קימברלי,BE,תחבושות נורמל אולטרה,יח',24.00,יח',false,,15.90,0.6625,true,1,1452541
7290000196039,false,"מפות שולחן איריס ח""פ ניקול 2 יח'",חוגלה קימברלי,IL,מפת שולחן 110*180 ני,יח',2.00,יח',false,,9.90,4.9500,true,1,1452548
7290000197012,false,שקיות ריצ'רץ' אחסון למזון ניקול 15 יחידות,חוגלה קימברלי,CN,שקיות ריצ'רץ' אחסון,יח',15.00,יח',false,,12.90,0.8600,true,1,1452550
7290000197029,false,שקיות ריצ'רץ' רב תכליתיות ניקול 12 יחידות,קריות זול,IL,שקיות ריצ'רץ' רב תכל,יח',12.00,יח',false,,12.90,1.0750,true,1,1452551
7290000197425,false,חיתולים פרידום דריי שלב 3 האגיס 52 יחידות,קימברלי קלארק ישראל,IL,האגיס פרידום דריי של,יח',52.00,יח',false,,41.90,0.8058,true,1,1452555
7290000197456,false,חיתולים פרידום דריי שלב 4 האגיס 44 יחידות,קימברלי קלארק ישראל,IL,האגיס פרידום דריי של,יח',44.00,יח',false,,41.90,0.9523,true,1,1452557
7290000197463,false,חיתולים פרידום דריי שלב +4 האגיס 40 יחידות,קימברלי קלארק ישראל,IL,האגיס פרידום דריי של,יח',40.00,יח',false,,41.90,1.0475,true,1,1452558
7290000197548,false,חיתולים פרידום דריי שלב 5 האגיס 36 יחידות,קימברלי קלארק ישראל,IL,האגיס פרידום דריי של,יח',36.00,יח',false,,41.90,1.1639,true,1,1452560
7290000197678,false,חיתולי האגיס פרידום דריי שלב 6 30 יחידות,קימברלי קלארק ישראל,IL,האגיס פרידום דריי של,יח',30.00,יח',false,,41.90,1.3967,true,1,1452562
7290000201818,false,טיטולים פרימיום שלב 2 64 יחידות,חוגלה קימברלי,IL,טיטולים פרימיום שלב,יח',52.00,יח',false,,29.90,0.5750,true,1,1452572
7290000204086,false,ניקול כרית קרצוף מארז שלישייה,חוגלה קימברלי,US,סקוטש קרצוף ניקול 3,יח',3.00,יח',false,,9.90,3.3000,true,1,1452579
7290000204147,false,רביעיית כרית יפנית עבה ניקול 4 יחידות,חוגלה קימברלי,IL,כריות יפניות עבות ני,יח',4.00,יח',false,,9.90,2.4750,true,1,1452580
7290000204215,false,שישיית כרית יפנית ניקול 6 יחידות,חוגלה קימברלי,IL,כריות יפניות ניקול 6,יח',6.00,יח',false,,9.90,1.6500,true,1,1452581
7290000204253,false,מטליות רב שימושיות לניקיון ניקול 9 יחידות,נועם אורים-קיבוץ אור,IL,מטליות רב שימושיות ל,יח',9.00,יח',false,,9.90,1.1000,true,1,1452582
7290000204512,false,מטליות לחות לניקוי רצפה בריח לימון ניקול 10 יחידות,עלבד משואות יצחק בעמ,IL,מטליות לחות לרצפה בר,יח',10.00,יח',false,,9.90,0.9900,true,1,1452584
7290000207063,false,רסק עגבניות פריכוז 28% 240 גרם יכין,היינץ צפון אמריקה מק,IL,רוטב עגב' פריכוז 240,גרמים,260.00,100 גרם,false,,3.80,0.0146,true,1,1452322
7290000207162,false,רוטב עגבניות מרכיב טבעי 100 ג' יכין,"זנלכל בע""\מ",IL,רוטב עגבניות 22BX יכ,גרמים,100.00,100 גרם,false,,2.50,0.0250,true,1,1452323
7290000207438,false,עגבניות 2.5 A קוביות 850 גרם יכין,"זנלכל בע""\מ",IL,עגבניות קוביות יכין,גרמים,800.00,100 גרם,false,,9.90,0.0124,true,1,1452324
7290000208022,false,עגבניות 2.5 A מרוסקות 850 גרם יכין,"זנלכל בע""\מ",IL,עגבניות מרוסקות יכין,גרמים,800.00,100 גרם,false,,9.90,0.0124,true,1,1452327
7290000208077,false,אפונת גינה רגילה 550 גרם יכין,"זנלכל בע""\מ",IL,אפונת גינה יכין 550,גרמים,335.00,100 גרם,false,,7.90,0.0236,true,1,1452328
7290000208114,false,"אפונה וגזר יכין A2 פ""ק בית יוסף","זנלכל בע""\מ",IL,אפונת גינה וגזר יכין,גרמים,335.00,100 גרם,false,,6.90,0.0206,true,1,1452329
7290000208138,false,סירופ דיאט בטעם ענבים יכין 1 ליטר,"זנלכל בע""\מ",IL,סירופ דיאט בטעם ענבי,ליטרים,1.00,ליטר,false,,16.70,16.7000,true,1,1452330
7290000208145,false,גרעיני תירס מתוק לייט 550 גרם יכין,"זנלכל בע""\מ",IL,תירס מתוק לייט יכין,גרמים,335.00,100 גרם,false,,9.90,0.0296,true,1,1452331
7290000208213,false,שעועית לבנה אפויה A2 ברוטב עגבניות יכין 560ג',היינץ צפון אמריקה מק,IL,שעועית לבנה ברוטב עג,גרמים,355.00,100 גרם,false,,6.90,0.0194,true,1,1452333
7290000208220,false,"שעועית צ'לי יכין פ""ק A2 בית יוסף",היינץ צפון אמריקה מק,IL,שעועית צ'ילי יכין 58,גרמים,355.00,100 גרם,false,,9.50,0.0268,true,1,1452334
7290000208312,false,גרעיני תירס מתוק בואקום יכין 400 גר',"זנלכל בע""\מ",IL,תירס מתוק יכין 400 ג,גרמים,246.00,100 גרם,false,,6.50,0.0264,true,1,1452337
7290000208329,false,גרעיני תירס מתוק 550 גרם יכין,"זנלכל בע""\מ",IL,תירס מתוק יכין 550 ג,גרמים,335.00,100 גרם,false,,6.90,0.0206,true,1,1452338
7290000208336,false,רסק יכין 240גר 22% יכין בית יוסף,"זנלכל בע""\מ",IL,רוטב עגבניות 22BX יכ,גרמים,240.00,100 גרם,false,,3.90,0.0162,true,1,1452339
7290000208343,false,עגבניות מרוסקות שום יכין A2.5 בית יוסף,היינץ צפון אמריקה מק,IL,עגבניות מרוסקות שום,גרמים,800.00,100 גרם,false,,9.90,0.0124,true,1,1452340
7290000208350,false,עגבניות מרוסקות בצל 850 גר יכין A 2.5,זנלכל,IL,עגבניות מרוסקות בצל,גרמים,800.00,100 גרם,false,,9.90,0.0124,true,1,1452341
7290000208367,false,עגבניות מרוסקות בזיליקום יכין A2.5 בית יוסף,זנלכל,IL,מרוסקות בזיליקום A2.,גרמים,800.00,100 גרם,false,,9.90,0.0124,true,1,1452342
7290000208404,false,A2 פול מצרי 550 גרם יכין,"זנלכל בע""\מ",IL,פול יכין 580 גרם,גרמים,350.00,100 גרם,false,,7.90,0.0226,true,1,1452343
7290000208428,false,גרגרי חומוס שלם 550 גרם יכין,"זנלכל בע""\מ",IL,חומוס יכין 550גרם,גרמים,290.00,100 גרם,false,,6.90,0.0238,true,1,1452344
7290000208459,false,"לקט אפונה, תפוחי אדמה וגזר יכין 550 גרם","זנלכל בע""\מ",IL,לקט אפונה תפוחי אדמ,גרמים,335.00,100 גרם,false,,9.90,0.0296,true,1,1452345
7290000208480,false,גרעיני תירס מתוק בטעם חמאה 550 גרם יכין,"זנלכל בע""\מ",IL,תירס מתוק בטעם חמאה,גרמים,550.00,100 גרם,false,,9.90,0.0180,true,1,1452346
7290000208534,false,גרעיני תירס מתוק לילדים 550 גרם יכין,"זנלכל בע""\מ",IL,תירס מתוק לילדים יכי,גרמים,335.00,100 גרם,false,,9.90,0.0296,true,1,1452347
7290000208855,false,רוטב לפסטה קלאסי 240 גרם יכין,"זנלכל בע""\מ",IL,רוטב פסטה קלאסי יכין,גרמים,240.00,100 גרם,false,,5.50,0.0229,true,1,1452348
7290000208893,false,גרעיני תירס מתוק לייט 400 גרם יכין,היינץ צפון אמריקה מק,IL,תירס מתוק לייט יכין,גרמים,246.00,100 גרם,false,,6.50,0.0264,true,1,1452349
7290000208930,false,עגבניות מרוסקות בתוספת שום 240 גרם יכין,"זנלכל בע""מ",IL,מרוסקות שום 240 יכין,גרמים,240.00,100 גרם,false,,5.50,0.0229,true,1,1452350
7290000208947,false,עגבניות מרוסקות יכין 260 גרם,היינץ צפון אמריקה מק,IL,עגבניות מרוסקות 240,גרמים,240.00,100 גרם,false,,5.50,0.0229,true,1,1452351
7290000208978,false,רוטב עגבניות פריכוז יכין 100 גרם,היינץ צפון אמריקה מק,IL,ר.עגב' פריכוז 100 יכ,גרמים,100.00,100 גרם,false,,2.90,0.0290,true,1,1452352
7290000209012,false,חומץ 1ליטר יכין הדרים,"זנלכל בע""\מ",IL,חומץ 5% יכין 1 ליטר,ליטרים,1.00,ליטר,false,,5.90,5.9000,true,1,1452353
7290000209043,false,מיץ לימון לתיבול יכין 1 ליטר,היינץ צפון אמריקה מק,IL,מיץ לימון לתיבול יכי,100 יח',1000.00,100 יח',false,,5.90,0.0059,true,1,1452355
7290000209371,false,תירס מתוק יכין 200 גרם מארז 3 יח',היינץ צפון אמריקה מק,IL,תירס מתוק יכין 200 ג,גרמים,495.00,100 גרם,false,,14.90,0.0301,true,1,1452360
7290000209388,false,תירס מתוק לייט יכין 200 גרם מארז 3 יח',"זנלכל בע""\מ",IL,תירס מתוק לייט יכין,גרמים,369.00,100 גרם,false,,14.90,0.0404,true,1,1452361
7290000209517,false,סירופ דיאט בטעם לימון יכין 1 ליטר,היינץ צפון אמריקה מק,IL,סירופ דיאט בטעם לימו,ליטרים,1.00,ליטר,false,,16.70,16.7000,true,1,1452362
7290000209524,false,סירופ דיאט בטעם פטל יכין 1 ליטר,"זנלכל בע""\מ",IL,סירופ דיאט בטעם פטל,ליטרים,1.00,ליטר,false,,16.70,16.7000,true,1,1452363
7290000209555,false,סירופ דיאט בטעם תפוחים יכין 1 ליטר,"זנלכל בע""\מ",IL,סירופ דיאט בטעם תפוח,ליטרים,1.00,ליטר,false,,16.70,16.7000,true,1,1452365
7290000209579,false,סירופ דיאט בטעם אננס יכין 1 ליטר,"זנלכל בע""\מ",IL,סירופ דיאט בטעם אננס,ליטרים,1.00,ליטר,false,,16.70,16.7000,true,1,1452366
7290000209708,false,עגבניות מרוסקות עם בזיליקום יכין 240 גרם,היינץ צפון אמריקה מק,IL,עגבניות מרוסקות עם ב,גרמים,240.00,100 גרם,false,,5.50,0.0229,true,1,1452367
7290000209906,false,עגבניות מרוסקות בתוספת בצל 240 גרם יכין,זנלכל,IL,עגבניות מרוסקות בצל,גרמים,240.00,100 גרם,false,,5.50,0.0229,true,1,1452370
7290000209913,false,עגבניות חתוכות לקוביות 240 גרם יכין,"זנלכל בע""\מ",IL,עגבניות קוביות 240 י,גרמים,240.00,100 גרם,false,,5.50,0.0229,true,1,1452371
7290000209944,false,רוטב לעגבניות בסיס לשקשוקה 240 ג' יכין,"זנלכל בע""\מ",IL,רוטב לשקשוקה יכין 24,גרמים,240.00,100 גרם,false,,5.50,0.0229,true,1,1452372
7290000209968,false,רוטב עגבניות ללזניה יכין 240 גרם,"זנלכל בע""\מ",IL,רוטב לזניה 240 יכין,גרמים,240.00,100 גרם,false,,5.50,0.0229,true,1,1452374
7290000210896,false,רוטב לפסטה בולונז 240 גרם יכין,"זנלכל בע""\מ",IL,רוטב פסטה בולונז יכי,גרמים,240.00,100 גרם,false,,5.50,0.0229,true,1,1452379
7290000211169,false,"אורז תאילנדי אחד אחד סוגת 1 ק""ג",האי נאם סי או אל.טי.,IL,"אורז תאילנדי 1 ק""ג",גרמים,1000.00,100 גרם,false,,6.80,0.0068,true,1,1448301
7290000211312,false,סוגת אורז מלא פרסי אחד אחד 1 קג,האי נאם סי או אל.טי.,IL,"אורז מלא 1 ק""ג",גרמים,1000.00,100 גרם,false,,7.90,0.0079,true,1,1448302
7290000211374,false,"קמח חיטה מלא סוגת 1 ק""ג",טחנת קמח דגן-שטיבל,IL,"קמח מלא 1 ק""ג",גרמים,1000.00,100 גרם,false,,6.90,0.0069,true,1,1448303
7290000211442,false,"סוגת אורז פרסי קלאסי שקית 1 ק""ג",האי נאם סי או אל.טי.,IL,"אורז פרסי סוגת 1 ק""ג",גרמים,1000.00,100 גרם,false,,10.80,0.0108,true,1,1448305
7290000211626,false,"סוגת אורז חיש 1 ק""ג","סוגת תעשיות בע""\מ",IL,"אורש חיש 1 ק""ג",גרמים,1000.00,100 גרם,false,,7.90,0.0079,true,1,1448307
7290000211985,false,"סוגת אורז עגול ריזוטו 1 ק""ג","סוגת תעשיות בע""\מ",IL,"אורז עגול 1 ק""ג",גרמים,1000.00,100 גרם,false,,7.90,0.0079,true,1,1448308
7290000214115,false,מרק עוף בצנצנת ויטה 400 גרם,"פרי הגליל בע""""מ",IL,מרק עוף צנצנת ויטה 4,גרמים,400.00,100 גרם,false,,9.90,0.0248,true,1,1458101
7290000226514,false,עוגת דובוש טעם ריבת חלב קפולסקי 450 גרם,תופינים מקבוצת קפולסקי,IL,עוגת דובוש ריבת חלב,גרמים,450.00,100 גרם,false,,38.90,0.0864,true,1,1462052
7290000226545,false,"עוגת טורט היער השחור קפולסקי 1 ק""ג",קפולסקי שיווק וקמעונ,IL,עוגת טורט היער השחור,יח',1.00,יח',false,,63.90,63.9000,true,1,1462053
7290000226552,false,קפולסקי עוגת טורט ריבת חלב+ קוקוס קפוא,קפולסקי שיווק וקמעונ,IL,עוגת טורט ריבת חלב ע,גרמים,1000.00,100 גרם,false,,63.90,0.0639,true,1,1462054
7290000226569,false,"עוגת טורט קצפת שוקולד קפולסקי 1 ק""ג",תופינים מקבוצת קפולסקי,IL,עוגת טורט קצפת שוקול,קילוגרמים,1.00,"לק""ג",false,,63.90,63.9000,true,1,1462055
7290000226576,false,"עוגת טורט מצופה שוקולד קפולסקי 1 ק""ג",תופינים מקבוצת קפולסקי,IL,עוגת טורט קצפת שוקול,יח',1.00,יח',false,,63.90,63.9000,true,1,1462056
7290000226613,false,עוגת דובוש מצופה שוקולד קפולסקי 450 גרם,תופינים מקבוצת קפולסקי,IL,עוגת דובוש מצופה בטע,גרמים,450.00,100 גרם,false,,38.90,0.0864,true,1,1462058
7290000238029,false,"בצק עלים צרפתי מרודד מעדנות 1 ק""ג",מיוצר עי קונדיטוריית,IL,"בצק עלים מרודד 1 ק""ג מעדנ",גרמים,1000.00,100 גרם,false,,15.90,0.0159,true,1,1443154
7290000238036,false,מלאווח בקופסא מעדנות 700 גרם,מיוצר עי קונדיטוריית,IL,מלאווח 700גר מעדנות,גרמים,700.00,100 גרם,false,,12.90,0.0184,true,1,1443155
7290000238173,false,בורקס גבינה מעדנות 800 גרם,מיוצר עי קונדיטוריית,IL,בורקס גבינה מעדנות 800גר,גרמים,800.00,100 גרם,false,,14.90,0.0186,true,1,1443156
7290000238180,false,בורקס תפוחי אדמה מעדנות 800 גרם,מיוצר עי קונדיטוריית,IL,"בורקס תפו""א 800 גרם מעדנו",גרמים,800.00,100 גרם,false,,14.90,0.0186,true,1,1443157
7290000244051,false,"הוואי שלישיית סבון נוזלי משב טרופי 500 מ""ל",טרופיקל דגיל,IL,הוואי סבון נוזלי אדו,ליטרים,1.50,ליטר,false,,14.90,9.9333,true,1,1444008
7290000244082,false,"הוואי שלישיית סבון נוזלי שמיים כחולים 500 מ""ל",טרופיקל דגיל,IL,הוואי סבון נוזלי כחו,ליטרים,1.50,ליטר,false,,14.90,9.9333,true,1,1444009
7290000244143,false,"הוואי - קרם לאחר גילוח 120 מ""ל",טרופיקל דגיל קוסמטיק,IL,קרם לאחר גילוח הוואי,מיליליטרים,120.00,"100 מ""ל",false,,16.90,0.1408,true,1,1444010
7290000244761,false,"קרם ידיים ולווטה 100 מ""ל",טרופיקל דגיל קוסמטיק,IL,קרם ידים ולווטה 100,מטרים,100.00,100 מ'ל,false,,8.90,0.0890,true,1,1444011
7290000245072,false,סוד מרכך כביסה בייבי סנסטיב 4 ליטר,"הנקל סוד בע""\מ",IL,סוד מרכך כביסה תינוק 4 לי,ליטרים,4.00,ליטר,false,,17.90,4.4750,true,1,1458590
7290000245089,false,סוד סופט מרכך כביסה סגול 4 ליטר,"הנקל סוד בע""מ",IL,סוד מרכך כביסה סגול 4 ליט,ליטרים,4.00,ליטר,false,,17.90,4.4750,true,1,1458591
7290000245157,false,סוד סופט מרכך כביסה סנסיישן 4 ליטר,"הנקל סוד בע""\מ",IL,סוד מרכך כביסה סנסיישן 4,ליטרים,4.00,ליטר,false,,17.90,4.4750,true,1,1458592
7290000245782,false,סוד סופט מרכך כביסה ורוד 4 ליטר,"הנקל סוד בע""\מ",IL,סוד מרכך כביסה ורוד 4 ליט,ליטרים,4.00,ליטר,false,,17.90,4.4750,true,1,1458600
7290000253220,false,שוקולד צ'יפס חום אופנהיימר 260 גר',אופנהיימר,IL,שוקולד צ'יפס חום 260,גרמים,260.00,100 גרם,false,,10.90,0.0419,true,1,1451163
7290000253251,false,שוקולד צ'יפס לבן אופנהיימר 250 גרם,אופנהיימר,IL,שוקולד צ'יפס לבן 250,גרמים,250.00,100 גרם,false,,9.90,0.0396,true,1,1451165
7290000253374,false,מיני שוקולד צ'יפס 250 גרם- 66% מוצקי קקאו,אופנהיימר,IL,מיני שוקולד ציפס 250,גרמים,250.00,100 גרם,false,,14.90,0.0596,true,1,1451166
7290000263359,false,חיתולים ליטל בייביז מידה 1 האגיס 40 יחידות,קימברלי קלארק שיווק,IL,האגיס ליטל בייביס מי,יח',40.00,יח',false,,28.90,0.7225,true,1,1452592
7290000267012,false,שקד מולבן שלם100ג'שקדיה,"דין שיווק וקלייה בע""",IL,שקד מולבן שלם 100 -,גרמים,100.00,100 גרם,false,,9.90,0.0990,true,1,1474205
7290000267029,false,שקדים מולבנים חצויים השף 100 גרם,"דין שיווק וקלייה בע""",IL,שקד מולבן חצוי 100 -,גרמים,100.00,100 גרם,false,,9.90,0.0990,true,1,1474206
7290000267036,false,שקדים מולבנים משובבים השף 100 גרם,"דין שיווק וקלייה בע""",IL,שקד מולבן משובב 100,יח',1.00,יח',false,,9.90,9.9000,true,1,1474207
7290000267043,false,שקדים מולבנים פרוסים השף 100 גרם,"דין שיווק וקלייה בע""",IL,שקד מולבן פרוס 100 -,גרמים,100.00,100 גרם,false,,9.90,0.0990,true,1,1474208
7290000267678,false,גרעיני דלעת טבעי קלוף שקדיה 150 ג',"דין שיווק וקלייה בע""",IL,גרעיני דלעת טבעי קלו,גרמים,150.00,100 גרם,false,,7.90,0.0527,true,1,1496504
7290000272696,false,עסיס מיץ לימון טבעי משומר 1 ל' אסם,בית-השיטה עסיס תעשיות מז,IL,עסיס מיץ לימון משומר,100 מל,1000.00,100 מל,false,,7.90,0.0079,true,1,1446430
7290000272726,false,חומץ רכיבים רכיבים טבעיים 5% עסיס 1 ליטר,בית-השיטה עסיס תעשיות מז,IL,חומץ רכיבים רכיבים ט,100 מל,1000.00,100 מל,false,,5.90,0.0059,true,1,1446431
7290000286228,false,ספוגיות לניקוי כללי סנו סושי 6 יחידות,סנו מפעלי ברונו בעמ,IL,כריות יפניות סנו סוש,יח',6.00,יח',false,,9.90,1.6500,true,1,1448531
7290000286549,false,מטליות לניקוי כללי סנו סושי 9 יחידות,נועם אורים תעשיות בע,IL,מטליות לניקוי כללי ס,יח',9.00,יח',false,,9.90,1.1000,true,1,1448534
7290000286594,false,אבקה לניקוי במיכל לימון X סנו 600 גרם,סנו מפעלי ברונוס בעמ,IL,אבקה לניקוי ריח לימו,גרמים,600.00,100 גרם,false,,9.90,0.0165,true,1,1448535
7290000286761,false,ניילון נצמד סנו סושי פלסטיק מארז 30X2 מ',מיוצר עי קונדיטוריית,CN,ניילון נצמד פלסטיק ס,יח',2.00,יח',false,,9.90,4.9500,true,1,1448537
7290000286877,false,"רב מתכת מנקה מתכות סנו 300 מ""ל",סנו,IL,רב מתכת מנקה מתכות ס,מיליליטרים,300.00,"100 מ""ל",false,,24.90,0.0830,true,1,1448538
7290000286907,false,"ספריי מסיר כתמים באירוסול ""סנו""",סנו מפעלי ברונוס בעמ,IL,סנוקל מסיר כתמים סנו,מיליליטרים,170.00,"100 מ""ל",false,,24.90,0.1465,true,1,1448540
7290000286921,false,"ספריי להסרת כתמים סנו קל 750 מ""ל",סנו מפעלי ברונוס בעמ,IL,סנו קל רסס וכבס 750,מיליליטרים,750.00,"100 מ""ל",false,,10.90,0.0145,true,1,1448542
7290000287102,false,"ספריי שמפו לניקוי שטיחים סנו 600 מ""ל",מיוצר עי קונדיטוריית,IL,ספריי שמפו לניקוי שט,מיליליטרים,600.00,"100 מ""ל",false,,19.70,0.0328,true,1,1448544
7290000287195,false,"סנו רהיט ספריי עשיר בווקס להברקה 305 מ""ל",מיוצר עי קונדיטוריית,IL,סנו רהיט תרסיס לניקו,מיליליטרים,300.00,"100 מ""ל",false,,13.70,0.0457,true,1,1448545
7290000287355,false,פוליש נוזל מבריק רצפות סנו 1 ליטר,קריות זול,IL,פוליש נוזל מבריק רצפ,ליטרים,1.00,ליטר,false,,24.90,24.9000,true,1,1448546
7290000287492,false,"סנובון נוזל לניקוי אסלות בריח לימון סנו 750 מ""ל","סנו מפעלי ברונוס בע""מ",IL,סנובון נוזל לניקוי א,מיליליטרים,750.00,"100 מ""ל",false,,8.90,0.0119,true,1,1448551
7290000287621,false,"אנטי קאלק נוזל לניקוי אסלות סנו 750 מ""ל",מיוצר עי קונדיטוריית,IL,אנטי קאלק נוזל לניקו,מיליליטרים,750.00,"100 מ""ל",false,,9.90,0.0132,true,1,1448553
7290000288017,false,אקונומיקה בריח לימון סנו ז'אוול 1 ליטר,"סנו מפעלי ברונוס בע""",IL,אקונומיקה בריח לימון,ליטרים,1.00,ליטר,false,,7.90,7.9000,true,1,1448555
7290000288024,false,סנו - ז'אוול אקונומיקה בריח לימון 4 ליטר,"סנו מפעלי ברונוס בע""מ",IL,אקונומיקה בריח לימון,ליטרים,4.00,ליטר,false,,16.90,4.2250,true,1,1448556
7290000288048,false,סנו זאוול מרסס מונבלאן 1 ליטר,"סנו מפעלי ברונוס בע""מ",IL,מרסס גאוול לבנדר 1 ל,ליטרים,1.00,ליטר,false,,16.90,16.9000,true,1,1448558
7290000288086,false,אבקת ניקוי עם אקונומיקה בריח לימון סנו ז'אוול 600 ג',מיוצר עי קונדיטוריית,IL,אבקת ניקוי עם אקונומ,גרמים,600.00,100 גרם,false,,9.90,0.0165,true,1,1448559
7290000288352,false,"קוטל חרקים וזוחלים K-300 סנו 630 מ""ל","סנו מפעלי ברונוס בע""מ",IL,קוטל חרקים K300 סנו,מיליליטרים,630.00,"100 מ""ל",false,,19.90,0.0316,true,1,1448563
7290000288383,false,"קוטל נמלים ותיקנים K-500 סנו 400 מ""ל",מיוצר עי קונדיטוריית,IL,קוטל זוחלים K500 סנו,מיליליטרים,400.00,"100 מ""ל",false,,19.90,0.0497,true,1,1448564
7290000288413,false,סנו-די דוחה יתושים כדורי סנו 50 גרם,גוד פוד פרודקטס S.p,IL,סנו-די דוחה יתושים כ,גרמים,50.00,100 גרם,false,,19.90,0.3980,true,1,1448566
7290000288840,false,סנו - מים מזוקקים 2 ליטר,החברה הדרומית,IL,מים מזוקקים סנו 2 לי,ליטרים,2.00,ליטר,false,,12.90,6.4500,true,1,1448571
7290000289069,false,סנו - ז'אוול מרסס קצף ניקוי בתוספת אקונומיקה בריח לימון 1 ליטר,"סנו מפעלי ברונוס בע""מ",IL,קצף לניקוי כללי בריח,ליטרים,1.00,ליטר,false,,16.90,16.9000,true,1,1448573
7290000289236,false,K3 נמלים פיתיון ג'ל - קוטל נמלים בבית ובחצר,"סנו מפעלי ברונוס בע""\מ",IL,סנו K3 תחנת פיתיון ל,יח',1.00,יח',false,,39.90,39.9000,true,1,1448574
7290000289380,false,"סנו - ז'אוול לניקוי אסלות לימון 750 מ""ל",סנו מפעלי ברונוס בעמ,IL,ג'ל לניקוי אסלה ז'או,מיליליטרים,750.00,"100 מ""ל",false,,10.80,0.0144,true,1,1448575
7290000289472,false,סנו סושי שקיות אשפה - 50 יחידות,מיוצר עי קונדיטוריית,IL,סנו סושי שקיות אשפה,יח',50.00,יח',false,,16.90,0.3380,true,1,1448576
7290000289496,false,"סנו - ז'אוול ג'ל קרם לניקוי כללי לימון 750 מ""ל","סנו מפעלי ברונוס בע""\מ",IL,קרם לניקוי כללי לימו,מיליליטרים,750.00,"100 מ""ל",false,,10.80,0.0144,true,1,1448577
7290000289595,false,"אורביטול משחת שיניים לילדים בטעם תות שדה 145 מ""ל",טרופיקל דגיל תעשיות קוסמ,IL,משחת שיניים לילדים ב,מיליליטרים,145.00,"100 מ""ל",false,,6.90,0.0476,true,1,1448578
7290000291963,false,אקונומיקה סמיכה בריח לימון סנו ז'אוול 1 ליטר,סנו JAVEL,IL,אקונומיקה סמיכה בריח,ליטרים,1.00,ליטר,false,,7.90,7.9000,true,1,1448584
7290000292137,false,"נוזל לניקוי וטיפול מוצרי עור סנו 500 מ""ל",מיוצר עי קונדיטוריית,IL,נוזל לניקוי וטיפול מ,מיליליטרים,500.00,"100 מ""ל",false,,29.90,0.0598,true,1,1448586
7290000292311,false,פוליויקס נוזל רצפות בניחוח סחלבים סנו 2 ליטר,"סנו מפעלי ברונוס בע""\מ",IL,פוליויקס נוזל רצפות,ליטרים,2.00,ליטר,false,,19.90,9.9500,true,1,1448587
7290000292533,false,סנו גל לניקוי כללי על בסיס שמן אורנים 1ל,החברה הדרומית,IL,ג'ל לניקוי כללי סנו,ליטרים,1.00,ליטר,false,,16.90,16.9000,true,1,1448590
7290000292564,false,סנו K-2000 תרסיס מיקרו קפסולרי ללא ריח 750 מ”ל,מיוצר עי קונדיטוריית,IL,קוטל חרקים K2000 ללא,מיליליטרים,750.00,"100 מ""ל",false,,28.90,0.0385,true,1,1448592
7290000292687,false,סנובון מוצק לניקוי אסלה קלאסיק כחול סנו 3 יחידות,מיוצר עי קונדיטוריית,IL,סנובון מוצק לניקוי א,יח',3.00,יח',false,,14.90,4.9667,true,1,1448594
7290000292915,false,"תרסיס לניקוי כללי רסס ונגב סנו 750 מ""ל","סנו מפעלי ברונוס בע""\מ",IL,תרסיס לניקוי כללי רס,מיליליטרים,750.00,"100 מ""ל",false,,10.90,0.0145,true,1,1448596
7290000293073,false,מקסימה מרכך כביסה ביו לבן סנו 4 ליטר,"סנו מפעלי ברונוס בע""\מ",IL,מקסימה מרכך כביסה בי,ליטרים,4.00,ליטר,false,,21.50,5.3750,true,1,1448597
7290000293561,false,"תרסיס להסרת כתמי עובש עם אקונומיקה סנו 750 מ""ל","סנו מפעלי ברונוס בע""\מ",IL,תרסיס להסרת כתמי עוב,מיליליטרים,750.00,"100 מ""ל",false,,14.90,0.0199,true,1,1448600
7290000293820,false,"קרמה מן שמפו וג'ל גל רחצה אקטיב בלוק 700מ""ל",גוד פוד פרודקטס S.p,IL,שמפו וג'ל רחצה קרמה,מיליליטרים,700.00,"100 מ""ל",false,,14.90,0.0213,true,1,1448601
7290000293943,false,"מרסס לבן מסיר אבנית 1 ליטר אנטי קאלק ""סנו""",מיוצר עי קונדיטוריית,IL,אנטיקאלק תרסיס להסרת,ליטרים,1.00,ליטר,false,,16.70,16.7000,true,1,1448602
7290000294391,false,נוזל לניקוי כללי בניחוח סחלבים סנו ג'ט 4 ליטר,סנו מפעלי ברונוס בעמ,IL,נוזל לניקוי כללי בני,ליטרים,4.00,ליטר,false,,17.90,4.4750,true,1,1448603
7290000294780,false,אקונומיקה סמיכה בריח לימון סנו ז'אוול 4 ליטר,"סנו מפעלי ברונוס בע""מ",IL,אקונומיקה סמיכה בריח,ליטרים,4.00,ליטר,false,,16.90,4.2250,true,1,1448606
7290000295367,false,"מקסימה אבקת כביסה אפקט ז'אוול סנו 2.5 ק""ג",סנו מקסימה,IL,מקסימה אבקת כביסה אפ,קילוגרמים,2.50,"ק""ג",false,,22.90,9.1600,true,1,1448610
7290000295404,false,שקיות אשפה עם שרוך 54 * 65 סנו סושי 60 יחידות,מיוצר עי קונדיטוריית,IL,סנו סושי שקיות אשפה,יח',60.00,יח',false,,19.90,0.3317,true,1,1448611
7290000295503,false,זוג שקיות מזון טבע 19*25 סנו סושי 150 יחידות,"אשפלסט תעשיות בע""מ",CN,סנו סושי זוג שקיות א,יח',300.00,יח',false,,13.70,0.0457,true,1,1448612
7290000295558,false,"רדיד אלומיניום רוחב 30 ס""מ סנו סושי 2 יח' 7.5 מטר",מולינו ניקולי s.p.a,TR,רדיד אלומיניום רוחב,יח',1.00,יח',false,,9.90,9.9000,true,1,1448614
7290000295565,false,"רדיד אלומיניום רוחב 45 ס""מ סנו 2 יח' 7.5 מטר",בורסה פאזרי,TR,רדיד אלומיניום רוחב,אורך,7.50,אורך,false,,14.90,1.9867,true,1,1448615
7290000295572,false,"מארז זוגי מנקה אסלות 00 סנו 750 מ""ל",מיוצר עי קונדיטוריית,IL,נוזל לניקוי אסלה 00,מיליליטרים,750.00,"100 מ""ל",false,,16.90,0.0225,true,1,1448616
7290000295589,false,טלק לתינוק בייבי כיף 200 גרם,מייצר :אשבל בע''מ .,IL,טלק בייבי כיף 200 גר,גרמים,200.00,100 גרם,false,,14.90,0.0745,true,1,1448617
7290000295794,false,ספוגיות מתכת אל חלד לניקוי סנו 3 יחידות,סנו,,ספוגיות מתכת אל חלד,יח',3.00,יח',false,,9.90,3.3000,true,1,1448618
7290000295824,false,"רדיד אלומיניום 30 ס""מ רוחב סנו סושי 100 מטר",מולינו ניקולי s.p.a,TR,"רדיד אלומיניום 30 ס""",יח',1.00,יח',false,,47.90,47.9000,true,1,1448620
7290000300900,false,שניצל תירס מרכיבים טבעיים טבעול 750 גרם,עיצובים 2020 (4.8),IL,שניצל תירס מרכיבים ט,גרמים,750.00,100 גרם,false,,24.90,0.0332,true,1,1446437
7290000305882,false,אס הרינג עם ירקות ברוטב עגבניות 120 גרם,"סטארקיסט פודור בע""מ",TR,קוליאס 120גרם,גרמים,120.00,100 גרם,false,,4.90,0.0408,true,1,1451501
7290000311180,false,ופל ופליתעשיריות מן 250 גרם מארז 10 יחידות,"רוקחמן בע""מ",IL,מן וופלים שוקולד ציב,גרמים,250.00,100 גרם,false,,6.70,0.0268,true,1,1450455
7290000311203,false,"וופלים בטעם שוקולד ""מן"" 200 גרם",תות ממתקי איכות,IL,מן וופלים שוקולד 200,גרמים,200.00,100 גרם,false,,4.30,0.0215,true,1,1450457
7290000311210,false,"וופלים בטעם לימון ""מן"" 200 גרם","רוקחמן בע""מ",IL,מן וופל לימון 200 גר,גרמים,200.00,100 גרם,false,,4.30,0.0215,true,1,1450458
7290000311234,false,מן וופלים וניל 200 גרם,"רוקחמן בע""מ",IL,מן וופלים וניל 200 ג,גרמים,200.00,100 גרם,false,,4.30,0.0215,true,1,1450460
7290000311258,false,מן וופל מצופה שוקולד 250 גרם,"רוקחמן בע""מ",IL,מן וופל מצופה 250 גר,גרמים,250.00,100 גרם,false,,6.50,0.0260,true,1,1450461
7290000311357,false,מן וופלים בטעם אגוזים 10*28 גר-נ.ל.פ,"רוקחמן בע""מ",IL,מן וופלים בטעם אגוזי,גרמים,280.00,100 גרם,false,,9.90,0.0354,true,1,1450466
7290000311364,false,מן וופלים שוקולד טייק 1 מן 10*21 גרם,מן עוגיות,IL,מן וופלים שוקולד טיי,גרמים,210.00,100 גרם,false,,6.70,0.0319,true,1,1450467
7290000311425,false,ופל מצופה עשיריות מן 220 גרם מארז 10 יחידות,תות ממתקי איכות,IL,מן וופלים מצופים 10*,גרמים,220.00,100 גרם,false,,6.80,0.0309,true,1,1450472
7290000311432,false,עוגיות גרנולה קינמון ללא תוספת סוכר 200ג,"רוקחמן בע""מ",IL,מן עוגיות גרנולה וקי,גרמים,200.00,100 גרם,false,,8.70,0.0435,true,1,1450473
7290000311463,false,מן עוגיות חיטה מלאה חמאה ללא סוכר 200 גרם,"רוקחמן בע""מ",IL,מן עוגיות חיטה מלאה,גרמים,250.00,100 גרם,false,,8.70,0.0348,true,1,1450474
7290000311487,false,מאגדת וופל שוקולד מקמח מלא ללא סוכר 20 ג'*7 יח' מן,"רוקחמן בע""מ",IL,מן מאגדת וופל אישי,גרמים,140.00,100 גרם,false,,7.90,0.0564,true,1,1519809
7290000311500,false,מן וופלים בטעם שוקולד 500 ג-נ.ל.פ,"רוקחמן בע""מ",IL,מן וופלים בטעם שוקול,גרמים,500.00,100 גרם,false,,8.70,0.0174,true,1,1450475
7290000311708,false,מן עוגיות מחיטה מלאה 300 גרם*נ.ל.פ,תות ממתקי איכות,IL,מן עוגיות מחיטה מלאה,גרמים,300.00,100 גרם,false,,6.40,0.0213,true,1,1450478
7290000311715,false,מן עוגיות כוכבים בטעם שוקולד 300 גרם*נ.ל.פ,תות ממתקי איכות,IL,מן עוגיות כוכבים בטע,גרמים,300.00,100 גרם,false,,6.40,0.0213,true,1,1450479
7290000311722,false,"עוגיות בטעם וניל עם כוכבים ""מן"" 300 גרם",תות ממתקי איכות,IL,מן עוגיות כוכבים 300,גרמים,300.00,100 גרם,false,,6.40,0.0213,true,1,1450480
7290000311746,false,עוגיות מן בטעם קרמל 300 גר',"רוקחמן בע""מ",IL,מן עוגיות קרמל 300 ג,גרמים,300.00,100 גרם,false,,6.40,0.0213,true,1,1450482
7290000311753,false,עוגיות חיטה מלאה בטעם חלווה מן 250 גר',"רוקחמן בע""מ",IL,מן עוגיות חיטה מלאה,גרמים,250.00,100 גרם,false,,6.40,0.0256,true,1,1450483
7290000311845,false,מן עוגיות חיטה מלאה ללא תוספת סוכר 200 ג,"רוקחמן בע""מ",IL,מן עוגיות חיטה מלאה,גרמים,200.00,100 גרם,false,,8.70,0.0435,true,1,1450484
7290000311869,false,מן-וופלים בטעם שוק ללא תוספת סוכר 180ג,תות ממתקי איכות,IL,מן וופלים שוקולד ללא,גרמים,180.00,100 גרם,false,,7.70,0.0428,true,1,1450485
7290000311876,false,מן-וופלים בטעם וניל ללא תוספת סוכר 180ג,"רוקחמן בע""מ",IL,מן וופלים וניל ללא ת,גרמים,180.00,100 גרם,false,,7.70,0.0428,true,1,1450486
7290000311890,false,מן וופל לימון ללא סוכר 180 גר-חדש,"רוקחמן בע""מ",IL,מן וופל לימון ללא סו,יח',1.00,יח',false,,7.70,7.7000,true,1,1450488
7290000313160,false,זהבה ושלושת הדובים עוגיות בטעם שוקולד אסם 350 גרם,"הגביע מוצרי וופלים בע""\מ",IL,זהבה ושלושת הדובים ע,גרמים,350.00,100 גרם,false,,7.90,0.0226,true,1,1446445
7290000313184,false,עוגיות חברים גן חיות וניל אסם 250 גר',"הגביע מוצרי וופלים בע""\מ",IL,גן חיות עוגיות בטעם,גרמים,250.00,100 גרם,false,,7.90,0.0316,true,1,1446446
7290000313290,false,אסם נודלס נודלס איטריות מסולסלות 200גר,תאי פרזידנט פוד בנגק,TH,נודלס אטריות מסולסלו,גרמים,200.00,100 גרם,false,,8.90,0.0445,true,1,1446448
7290000315126,false,קנור ציר עוף משחתי 300 ג,יוניליוור ישראל מזון בע\,IL,ציר עוף קנור 300 גרם,גרמים,300.00,100 גרם,false,,24.70,0.0823,true,1,1447750
7290000318127,false,"נקניקיות ביס 380 גרם ""יחיעם""",מעדני יחיעם 1993,IL,נקניקיות ביס יחיעם 3,גרמים,380.00,100 גרם,false,,10.90,0.0287,true,1,1452864
7290000318189,false,פסטרמה ברביקיו על האש 300 גרם יחיעם,מעדני יחיעם,IL,פסטרמה ברביקיו על הא,גרמים,330.00,100 גרם,false,,24.70,0.0748,true,1,1508995
7290000318479,false,נקניק פרושוטו בקר יחיעם 100 גרם,תאי פרזידנט פוד פאבל,IL,נקניק פרושוטו בקר יח,גרמים,100.00,100 גרם,false,,24.90,0.2490,true,1,1452865
7290000318677,false,נקניק סלמי סרוולט יחיעם 150 גרם,מעדני יחיעם 1993,IL,נקניק סלמי סרוולט יח,גרמים,150.00,100 גרם,false,,22.90,0.1527,true,1,1452866
7290000318707,false,נקניק סלמי מעושן יחיעם 500 גרם,מעדני יחיעם 1993,IL,נקניק סלמי מעושן יחי,גרמים,500.00,100 גרם,false,,29.90,0.0598,true,1,1452867
7290000318943,false,פסטרמה של פעם מעושן 1.5% יחיעם 200 גרם,תאי פרזידנט פוד פאבל,IL,פסטרמה של פעם מעושן,גרמים,200.00,100 גרם,false,,21.90,0.1095,true,1,1452868
7290000319063,false,כתף בקר מפולפל יחיעם 150 גרם,מעדני יחיעם,IL,כתף בקר מעושן מפולפל,גרמים,150.00,100 גרם,false,,22.90,0.1527,true,1,1452869
7290000319124,false,סלמי סרוולט מאפ יחיעם 250 גרם,מעדני יחיעם 1993,IL,סלמי סרוולט 250 גרם,גרמים,250.00,100 גרם,false,,33.90,0.1356,true,1,1452870
7290000319131,false,נקניקיות עוף יחיעם 400 גרם,מעדני יחיעם 1993,IL,נקניקיות עוף יחיעם 4,גרמים,400.00,100 גרם,false,,10.90,0.0273,true,1,1452871
7290000319247,false,נקניק פריזר שלם 600 גרם יחיעם,,,סלמי פריזר 600 גרם,גרמים,600.00,100 גרם,false,,16.90,0.0282,true,1,1510274
7290000319520,false,נקניק סלמי צרפתי יחיעם 100 גרם,מעדני יחיעם 1993,IL,נקניק סלמי צרפתי יחי,גרמים,100.00,100 גרם,false,,18.90,0.1890,true,1,1452874
7290000319803,false,קבנוס קלאסי יחיעם 125 גרם,תאי פרזידנט פוד פאבל,IL,קבנוס קלאסי יחיעם 12,גרמים,125.00,100 גרם,false,,12.90,0.1032,true,1,1452878
7290000319834,false,קבנוס פפרוני קלאסי 125 גרם,תאי פרזידנט פוד פאבל,IL,קבנוס פפרוני קלאסי 1,גרמים,125.00,100 גרם,false,,12.90,0.1032,true,1,1452879
7290000334684,false,תפוגן טבעות בצל 700 גרם,"תעשיות תפוגן בע""\מ",IL,טבעות בצל תפוגן 700,יח',1.00,יח',false,,16.90,16.9000,true,1,1446451
7290000334745,false,"אמריקאן צ'יפס תפוגן 1.5 ק""ג","תעשיות תפוגן בע""מ",IL,תפוגן אמריקן צ'יפס 1,קילוגרמים,1.50,"לק""ג",false,,24.90,16.6000,true,1,1446452
7290000339528,false,אקונומיקה ללא בישום לובן קלין 4 ליטר,קלין,,אקונומיקה ללא בישום,מטרים,4000.00,100 מ'ל,false,,12.90,0.0032,true,1,1506558
7290000341071,false,בדין - מרכך כביסה בייבי לבן 2 ליטר,יוניליור ישראל טיפוח איש,IL,בדין מרכך כביסה לבן,ליטרים,2.00,ליטר,false,,14.90,7.4500,true,1,1447759
7290000341224,false,אקונומיקה בניחוח לימון לובן קלין 4 ליטר,קלין,,אקונומיקה בניחוח לימ,מטרים,4000.00,100 מ'ל,false,,12.90,0.0032,true,1,1506560
7290000345048,false,תה ויסוצקי 74 - 125 גרם,תה ויסוצקי,IL,תה ויסוצקי 74 125 גר,גרמים,125.00,100 גרם,false,,12.80,0.1024,true,1,1451170
7290000345055,false,תה עלים ארל גריי ויסוצקי 100 גרם,מולינו ניקולי s.p.a,IL,תה עלים ארל גריי ויס,גרמים,100.00,100 גרם,false,,12.90,0.1290,true,1,1451171
7290000345116,false,תה ירוק ויסוצקי 125 גרם,תה ויסוצקי,IL,תה ירוק תפזורת 125 ג,גרמים,125.00,100 גרם,false,,13.90,0.1112,true,1,1451172
7290000345208,false,תה כחול קלאסיק ויסוצקי 25 יחידות,תה ויסוצקי,IL,תה מעודן ויסוצקי 25,גרמים,25.00,100 גרם,false,,6.40,0.2560,true,1,1451174
7290000345260,false,תה קלאסיק מעטפות ויסוצקי 25 יחידות,מולינו ניקולי s.p.a,IL,תה קלאסיק מעטפות ויס,גרמים,37.50,100 גרם,false,,6.90,0.1840,true,1,1451176
7290000345291,false,תה ארל גריי ויסוצקי 25 יחידות,תה ויסוצקי,IL,תה ארל גריי ויסוצקי,גרמים,37.50,100 גרם,false,,14.90,0.3973,true,1,1451179
7290000345307,false,תה ארל גריי ויסוצקי 50 יחידות,מולינו ניקולי s.p.a,IL,תה ארל גריי ויסוצקי,גרמים,75.00,100 גרם,false,,24.90,0.3320,true,1,1451180
7290000345536,false,תה נענע ויסוצקי 25 יחידות,מולינו ניקולי s.p.a,IL,תה נענע ויסוצקי 25 י,גרמים,37.50,100 גרם,false,,16.50,0.4400,true,1,1451181
7290000346120,false,חליטת קינמון הגן הקסום ויסוצקי 25 יחידות,תה ויסוצקי,IL,הגן הקסום תה קינמון,גרמים,62.50,100 גרם,false,,16.90,0.2704,true,1,1451186
7290000346144,false,הגן הקסום תה עינוגי התפוח ויסוצקי 25 יחידות,תה ויסוצקי,IL,הגן הקסום תה עינוגי,גרמים,75.00,100 גרם,false,,16.90,0.2253,true,1,1451188
7290000346168,false,חליטת שומר הגן הקסום ויסוצקי 25 יחידות,תה ויסוצקי,IL,הגן הקסום חליטת שומר,גרמים,37.50,100 גרם,false,,16.90,0.4507,true,1,1451190
7290000346199,false,חליטת פירות יער הגן הקסום ויסוצקי 25 יחידות,תה ויסוצקי,IL,הגן הקסום פירות היער,גרמים,67.50,100 גרם,false,,16.90,0.2504,true,1,1451191
7290000346205,false,חליטת קמומיל הגן הקסום ויסוצקי 25 יחידות,תה ויסוצקי,IL,הגן הקסום תה קמומיל,100 יח,25.00,100 יח,false,,16.90,0.6760,true,1,1451192
7290000346212,false,חליטת מנטה הגן הקסום ויסוצקי 25 יחידות,תה ויסוצקי,IL,הגן הקסום תה מנטה וי,גרמים,50.00,100 גרם,false,,16.90,0.3380,true,1,1451193
7290000346229,false,הגן הקסום תה ורד הבר והיביסקוס ויסוצקי 25 יחידות,תה ויסוצקי,IL,הגן הקסום תה ורד הבר,גרמים,75.00,100 גרם,false,,16.90,0.2253,true,1,1451194
7290000346236,false,חליטת לואיזה וורבנה הגן הקסום ויסוצקי 25 יחידות,תה ויסוצקי,IL,הגן הקסום תה לואיזה,גרמים,50.00,100 גרם,false,,16.90,0.3380,true,1,1451195
7290000346960,false,תה ויסוצקי נענע 1.7 גרם 50יח',בית ויסוצקי,IL,תה נענע ויסוצקי 50 י,גרמים,75.00,100 גרם,false,,29.90,0.3987,true,1,1451196
7290000347738,false,תה ירוק נענע ויסוצקי 25 יחידות,תה ויסוצקי,IL,תה ירוק נענע ויסוצקי,גרמים,37.50,100 גרם,false,,22.90,0.6107,true,1,1451197
7290000347752,false,תה ירוק לימונית ולואיזה 25 שקיקים *1.5 ג'' ויסוצקי,תה ויסוצקי,IL,תה ירוק לימונית ולוא,גרמים,37.50,100 גרם,false,,22.90,0.6107,true,1,1451198
7290000363202,false,נקניק סלמי מעושן גליל שלם טירת צבי,הנסיך- מפעל לייצור ט,IL,סלמי גליל 600 גרם,גרמים,600.00,100 גרם,false,,26.90,0.0448,true,1,1443163
7290000363363,false,קבנוס נקניק מעושן יבש 160 גרם,הנסיך- מפעל לייצור ט,IL,קבנוס טירת צבי 160 ג,גרמים,160.00,100 גרם,false,,12.90,0.0806,true,1,1443165
7290000364261,false,"דקניקים, סלסולי פסטרמה כתף בקר מעושנת 120 גרם",הנסיך- מפעל לייצור ט,IL,נקניק סלסולי כתף בקר,גרמים,120.00,100 גרם,false,,13.90,0.1158,true,1,1443166
7290000364278,false,דקניקים סלסולי סלמי איטלקי משובח טירת צבי 120 גרם,הנסיך- מפעל לייצור ט,IL,נקניק סלסולי סלמי אי,גרמים,120.00,100 גרם,false,,13.90,0.1158,true,1,1443167
7290000364285,false,דקניקים סלסולי פסטרמה הודו טירת צבי 120 גרם,הנסיך- מפעל לייצור ט,IL,דקניקים סלסולי פסטרמ,גרמים,120.00,100 גרם,false,,13.90,0.1158,true,1,1443168
7290000364292,false,דקניקים סלסולי פסטרמה הודו על גחלים 1% טירת צבי 120 גרם,הנסיך- מפעל לייצור ט,IL,דקניקים סלסולי פסטרמ,גרמים,120.00,100 גרם,false,,13.90,0.1158,true,1,1443169
7290000364803,false,נקניקיות בקר אמריקאיות טירת צבי 500 גרם,הנסיך- מפעל לייצור ט,IL,נקניקיות בקר אמריקאי,גרמים,500.00,100 גרם,false,,26.90,0.0538,true,1,1443170
7290000364858,false,"נקניקיות עוף טרי טירת צבי 1 ק""ג",הנסיך- מפעל לייצור ט,IL,נקניקיות עוף טרי טיר,גרמים,1000.00,100 גרם,false,,22.90,0.0229,true,1,1443171
7290000364872,false,נקניקיות עוף טירת צבי 400 גרם,טיב טירת צבי 2000,IL,נקניקיות עוף טירת צב,גרמים,400.00,100 גרם,false,,10.90,0.0273,true,1,1443172
7290000367590,false,פסטרמה כפרית וסלמי פריזר כפרי טירת צבי 2*400 גרם,טיב טירת צבי 2000,IL,פסטרמה כפרית וסלמי פ,גרמים,800.00,100 גרם,false,,24.90,0.0311,true,1,1443174
7290000379203,false,לחם עינן קל פרוס מחיטה מלאה אנג'ל 500 גרם,מאפיית שלמה א. אנג'\ל בע,IL,לחם עינן קל פרוס מחי,גרמים,500.00,100 גרם,false,,14.90,0.0298,true,1,1444606
7290000379258,false,"חלה מתוקה קונדטוריה ארוזה ""אנג'ל""",מאפיית שלמה א. אנג'\ל בע,IL,חלה ארוזה קונדיטוריה,גרמים,500.00,100 גרם,false,,12.90,0.0258,true,1,1444607
7290000379623,false,לחם אחיד אנג'ל 750 ג,מאפיית אנג'ל,,לחם אחיד אנג'ל 750 ג,גרמים,750.00,100 גרם,false,,3.90,0.0052,true,1,1444594
7290000390314,false,ענבים שחורים,,,ענבים שחורים,קילוגרמים,1.00,"ק""ג",true,,15.90,15.9000,true,1,1453976
7290000408316,false,יוגורט דנונה דל לקטוז 200 גרם,מיוצר עי קונדיטוריית,IL,יוגורט דנונה ביו לבן,מיליליטרים,200.00,"100 מ""ל",false,,3.40,0.0170,true,1,1454502
7290000408354,false,יוגורט עם אורז מצופה שוקולד קקאו 175 ג' דנונה,"שטראוס בריאות בע""\מ",IL,יוגורט דנונה ביו עם,מיליליטרים,175.00,"100 מ""ל",false,,4.30,0.0246,true,1,1454503
7290000412139,false,נוזל רצפות בניחוח אורנים ריצפז 3 ליטר,"סנו מפעלי ברונוס בע""\מ",IL,נוזל רצפות בניחוח או,ליטרים,3.00,ליטר,false,,11.70,3.9000,true,1,1448621
7290000412481,false,נוזל לניקוי אסלות 00 סנו 1 ליטר,מיוצר עי קונדיטוריית,IL,נוזל לניקוי אסלות 00,ליטרים,1.00,ליטר,false,,7.50,7.5000,true,1,1448622
7290000416021,false,ממרח בטעם שוקולד השחר חלבי 500,השחר העולה,IL,ממרח בטעם שוקולד השח,גרמים,500.00,100 גרם,false,,13.80,0.0276,true,1,1450841
7290000416045,false,"ממרח בטעם שוקולד השחר 1 ק""ג",השחר העולה תעשייות מ,IL,ממרח בטעם שוקולד השח,יח',1.00,יח',false,,23.90,23.9000,true,1,1450842
7290000416618,false,"ממרח שוקולד פרווה השחר 400 גרם כשל""פ",השחר העולה תעשייות מ,IL,השחר ממרח שוקולד פרו,גרמים,400.00,100 גרם,false,,11.40,0.0285,true,1,1450845
7290000416632,false,"ממרח שוקולד פרווה השחר 1 ק""ג כשל""פ",השחר העולה תעשית ממת,IL,ממרח בטעם שוקולד פרו,100 לקג,1.00,100 לקג,false,,22.90,22.9000,true,1,1450846
7290000416809,false,ממרח חלב קרם חצי מובחרלמריחה 350 ג' השחר,השחר העולה תעשייות מ,IL,השחר ממרח חצי חצי 35,גרמים,350.00,גרם,false,,10.90,0.0311,true,1,1450847
7290000416922,false,השחר ממרח חלב 350 גרם,השחר העולה תעשייות מ,IL,השחר ממרח חלב 350 גר,יח',1.00,יח',false,,10.90,10.9000,true,1,1450850
7290000419107,false,לנדוור קפה מקורי לבוקר טחון טורקי 100 גרם,קפה לנדוור בע''מ,IL,קפה טורקי קלוי וטחון,גרמים,100.00,100 גרם,false,,7.90,0.0790,true,1,1444807
7290000419114,false,קפה טחון טורקי לנדור200ג,"קפה לנדוור בע""\מ",IL,קפה שחור לנדוור 200,גרמים,200.00,100 גרם,false,,13.90,0.0695,true,1,1444808
7290000419909,false,לנדוור קפה שחור לבוקר טחון טורקי 100 גרם,מולינו ניקולי s.p.a,IL,קפה שחור חזק לנדוור,גרמים,100.00,100 גרם,false,,7.90,0.0790,true,1,1444812
7290000420325,false,"פופסטאר פופקורן למקירוגל בטעם טבעי 5 שקיות,500 גרם",פרסטון פארמס,US,פופסטאר טבעי 5יח',גרמים,500.00,100 גרם,false,,11.90,0.0238,true,1,1457904
7290000420332,false,פופסטאר פופקורן למיקרוגל בטעם חמאה 5 יחידות 500 גרם,פרסטון פארמס,US,פופסטאר חמאה 5יח',גרמים,500.00,100 גרם,false,,11.90,0.0238,true,1,1457905
7290000420417,false,גלילונית שקיות אשפה 52X65 עם שרוך 60 יחידות,"איטיליאן פוד, אס.פי.",IL,גלילונית 52X65עם שרוך - 6,יח',60.00,יח',false,,17.90,0.2983,true,1,1457906
7290000435015,false,סוכריות לקישוט צבעונ,,,סוכריות לקישוט צבעונ,יח',1.00,יח',false,,4.80,4.8000,true,1,1452212
7290000435251,false,סוכריות מיני משמחים עלה 500ג',הנמל,IL,עדשים כפתורים 500ג,גרמים,500.00,100 גרם,false,,14.90,0.0298,true,1,1452214
7290000436470,false,פריכיות אורז שוקולד 80ג רמילוי,,,פריכיות אורז שוקולד,יח',1.00,יח',false,,5.90,5.9000,true,1,1471741
7290000442310,false,טפטפים בייביסקין משחה לטוסיק מבושם 100,"רצט שקיים בע""מ",IL,בייביסקין משחה לתינו,גרמים,100.00,100 גרם,false,,10.90,0.1090,true,1,1455761
7290000442587,false,"קרם רב שימושי תוספת 33% גינקו 220 מ""ל.",כ.צ.ט,IL,קרם רב שימושי תוספת,מיליליטרים,220.00,"100 מ""ל",false,,21.90,0.0995,true,1,1455762
7290000442594,false,"גינקו סאי - קרם ידיים 100 מ""ל",כצט,IL,"גינקו קרם ידיים 100 מ""ל",גרמים,100.00,100 גרם,false,,5.90,0.0590,true,1,1455763
7290000450209,false,פוסידון טונה בהירה בשמן 77 גרם,"מיוצר עי וליגר בעמ,",IL,פוסידון טונה בהירה ב,גרמים,77.00,100 גרם,false,,5.00,0.0649,true,1,1450024
7290000450308,false,פוסידון טונה בהירה במי מלח 77 גרם,ויליגר בעמ עבור נטו,IL,פוסידון טונה בהירה ב,גרמים,77.00,100 גרם,false,,5.00,0.0649,true,1,1450025
7290000453019,false,שמרים טריים לאפייה שקית שמרית 50 ג',"פאקא תעשיות בע""\מ",IL,שמרים טריים שמרית 50,גרמים,50.00,100 גרם,false,,3.90,0.0780,true,1,1454504
7290000453125,false,שמרית שמרים טריים לאפיה +משפר אפיה 100ג,"פאקא תעשיות בע""\מ",IL,שמרית + משפר אפייה 1,גרמים,100.00,100 גרם,false,,6.90,0.0690,true,1,1454505
7290000453323,false,קמח תמי עמילן חיטה ללא גלוטן 500 גרם,תמי,IL,קמח תמי עמילן חיטה ל,גרמים,500.00,100 גרם,false,,18.90,0.0378,true,1,1471301
7290000453385,false,שמרים יבשים פארא אינסטנט 500 גרם עלית,פאקא תעשיות בעמ,GB,פאקא שמרים יבשים 500,גרמים,500.00,100 גרם,false,,11.90,0.0238,true,1,1445500
7290000453408,false,בצק פיצה דק מצונן ומוכן לאפייה שמרית 415 גרם,"פאקא תעשיות בע""מ",FR,בצק פיצה דק מצונן ו,גרמים,415.00,100 גרם,false,,15.80,0.0381,true,1,1454509
7290000453415,false,בצק עלים מצונן ומוכן לאפייה שמרית 300 גרם,"פאקא תעשיות בע""מ",FR,בצק עלים מצונן ומוכן,גרמים,300.00,100 גרם,false,,14.80,0.0493,true,1,1454510
7290000453422,false,בצק פילו מצונן ומוכן לאפייה שמרית 300 גרם,"פאקא תעשיות בע""מ",GR,בצק פילו מוכן לאפייה,גרמים,300.00,100 גרם,false,,14.80,0.0493,true,1,1454511
7290000453446,false,פיצה קראסט בצק שמרים מצונן להכנת פיצה ופוקצ'ה,"פאקא תעשיות בע""מ",FR,פיצה קראסט שמרית,גרמים,500.00,100 גרם,false,,19.90,0.0398,true,1,1454512
7290000453484,false,בצק קדאיף לאפייה שמרית 350 גרם,"פאקא תעשיות בע""מ",GR,בצק קדאיף,גרמים,350.00,100 גרם,false,,12.90,0.0369,true,1,1454513
7290000453781,false,שמרים יבשים שמרית 125 גרם,"פאקא תעשיות בע""מ",PT,שמרים יבשים 125גר שמ,גרמים,125.00,100 גרם,false,,5.90,0.0472,true,1,1445501
7290000453798,false,שמרית שמרים יבשים אקטיביים 500 גר',"גי' בי' רכיבים בע""מ",IL,שמרים אקטיביים 500 ג,גרמים,500.00,100 גרם,false,,12.90,0.0258,true,1,1445502
7290000453866,false,נטורינה תחליף מרגרינה לבישול ואפיה קוקוס שמרית 200 גרם,גרונבאנג- גרונדנסק א,DK,נטורינה קוקוס שמרית,גרמים,200.00,100 גרם,false,,7.40,0.0370,true,1,1454514
7290000453897,false,מרגרינה בטעם חמאה שמרית 200 גרם,גרונבאנג- גרונדנסק א,IL,מרגרינה בטעם חמאה 20,גרמים,200.00,100 גרם,false,,4.60,0.0230,true,1,1454516
7290000461625,false,בייגלה שמיניות מלח בייגל בייגל 400 ג',בייגל את בייגל מזון 198),IL,בייגלה שמיניות מלוחו,גרמים,400.00,100 גרם,false,,8.90,0.0223,true,1,1447763
7290000461656,false,בייגלה מקלות מלוחים בייגל בייגל 400 גרם,בייגל את בייגל מזון 198),IL,בייגלה מקלות 400 גרם,גרמים,400.00,100 גרם,false,,8.90,0.0223,true,1,1447764
7290000461793,false,בייגלה ארוך ארוך סידרה ירוקה בייגל בייגל 150 גרם,בייגל את בייגל מזון 198),IL,בייגלה ארוך ארוך 150,גרמים,150.00,100 גרם,false,,5.90,0.0393,true,1,1447767
7290000462141,false,סחוג אדום תימני מקורי חריף מאוד זהבי 150 גרם,קריניסה ויטמין אס אי,IL,סחוג אדום תימני מקור,גרמים,150.00,100 גרם,false,,6.90,0.0460,true,1,1454517
7290000462172,false,סחוג תימני ירוק חריף זהבי הכרם 150 גרם,קריניסה ויטמין אס אי,IL,סחוג ירוק תימני חריף,גרמים,150.00,100 גרם,false,,6.90,0.0460,true,1,1454518
7290000467153,false,מלך החומוס סמיר הגדול 400 גרם צבר,סלטי צבר,IL,מלך החומוס סמיר הגדו,גרמים,400.00,100 גרם,false,,13.90,0.0348,true,1,1446454
7290000467320,false,מלך החומוס אבו מרוואן 400 גרם,סלטי צבר,IL,מלך החומוס אבו מרווא,גרמים,400.00,100 גרם,false,,13.90,0.0348,true,1,1446455
7290000469638,false,"ספריי לגיהוץ קל מריטו 500 מ""ל",בולטון מניטובה,IT,מריטו ספריי גיהוץ,מיליליטרים,500.00,"100 מ""ל",false,,19.90,0.0398,true,1,1444814
7290000474090,false,"חלב בקרטון 1%- 1 ליטר בד""צ - מוצר בפיקוח",מילקו תעשיות בעמ,IL,חלב 1% טרה 1 ליטר,ליטרים,1.00,ליטר,false,,5.80,5.8000,true,1,1441720
7290000474373,false,"שמנת חמוצה 15% שומן 200 מ""ל טרה",קריות זול,IL,שמנת חמוצה 15% טרה 2,מיליליטרים,200.00,"100 מ""ל",false,,2.40,0.0120,true,1,1441721
7290000474502,false,גבינה לבנה טרה 5% מרכיבים טבעיים,הפריט בפיקוח,IL,גבינה לבנה 5% טרה 25,גרמים,250.00,100 גרם,false,,4.70,0.0188,true,1,1441722
7290000474540,false,טוב טעם גבינה לבנה 3% טרה 250 גרם,קריות זול,IL,טוב טעם גבינה לבנה 3,גרמים,250.00,100 גרם,false,,10.20,0.0408,true,1,1441723
7290000474830,false,נעם גבינה צהובה מגורדת 28% טרה 500 גרם,מילקו תעשיות בעמ,IL,נעם גבינה צהובה מגור,גרמים,500.00,100 גרם,false,,29.90,0.0598,true,1,1441724
7290000480107,false,קוואקר שיבולת שועל פחית 500 גרם,וולקרס סנקס לימיטד,GB,קוואקר שיבולת שועל פ,גרמים,500.00,100 גרם,false,,11.90,0.0238,true,1,1450690
7290000480442,false,קוואקר שיבולת שועל בשקית 500 גרם,פריטו ליי FRITO-LAY,IL,קוואקר שיבולת שועל ש,גרמים,500.00,100 גרם,false,,11.90,0.0238,true,1,1450691
7290000482033,false,שקיות לצליה בתנור ובמיקרוגל קוקי 5 יחידות,הנסיך- מפעל לייצור ט,IL,שקיות לצליה בתנור וב,יח',5.00,יח',false,,10.90,2.1800,true,1,1444816
7290000484747,false,עראק עלית 700 מל 40% כהל,יקב הגליל יוסף גולד ובניו,IL,ארק עלית 700 מל,מיליליטרים,700.00,"100 מ""ל",false,,49.90,0.0713,true,1,1471904
7290000490601,false,"שמיניית גלידל וניל ""פלדמן""",הגלידות של פלדמן,IL,"גלידל וניל לל""ס 8יח",גרמים,400.00,100 גרם,false,,28.90,0.0722,true,1,1465930
7290000490762,false,גלידל שוקו פלדמן מארז שמינייה,הגלידות של פלדמן,IL,"גלידל שוקו לל""ס 8יח",גרמים,400.00,100 גרם,false,,28.90,0.0722,true,1,1465933
7290000493176,false,אסם אבקת רוטב צלי לבשר 22 ג',"אסם השקעות בע""\מ",IL,רוטב צלי לבשר אסם 22,גרמים,22.00,100 גרם,false,,3.60,0.1636,true,1,1446456
7290000493183,false,אבקת רוטב פטריות לבשר-30 גרם,"אסם השקעות בע""\מ",IL,אבקת רוטב פטריות אסם,גרמים,30.00,100 גרם,false,,3.50,0.1167,true,1,1446457
7290000497044,false,"לחם אקטיב 750 גרם ""ברמן""",מאפית י את א ברמן בע,IL,ברמן לחם אקטיב 500גר,גרמים,750.00,100 גרם,false,,15.50,0.0207,true,1,1454966
7290000497112,false,"לחם כהה פרוס וארוז ""ברמן""-מוצר בפיקוח",מאפית י את א ברמן בע,IL,לחם אחיד פרוס ברמן,גרמים,750.00,100 גרם,false,,6.50,0.0087,true,1,1454967
7290000497426,false,לחם ברמן לענין פלוס 500 גרם,מאפית י את א ברמן בע,IL,לחם ברמן לענין פלוס,גרמים,500.00,100 גרם,false,,13.90,0.0278,true,1,1454973
7290000497532,false,"לחם מקמח מלא""לעניין"" 750 גר'",מאפית י את א ברמן בע,IL,לחם ברמן לענין 750 ג,גרמים,750.00,100 גרם,false,,12.90,0.0172,true,1,1454976
7290000497570,false,לחם דגנים פלוס ברמן 500 גרם,מאפית י את א ברמן בע,IL,לחם דגנים פלוס 500 ג,גרמים,500.00,100 גרם,false,,13.90,0.0278,true,1,1454977
7290000498034,false,לחם אי פרי קמח כוסמין מלא 750 גר',מאפית י את א ברמן בע,IL,לחם כוסמין מלא 750 ג,גרמים,750.00,100 גרם,false,,14.90,0.0199,true,1,1454980
7290000498256,false,עשיריית לחמניות ברמן,מאפית י את א ברמן בע,IL,לחמניות 10יח בשקית,גרמים,750.00,100 גרם,false,,12.70,0.0169,true,1,1454983
7290000504025,false,ממתיק סוכרזית פטרייה עלית 300 גרם,אף.סי תבליני בגליל ב,IL,ממתיק סוכרזית פטריה,גרמים,246.00,100 גרם,false,,7.90,0.0321,true,1,1445503
7290000504049,false,סוכרזית קלאסי קנקן 1200 טבליות,אף.סי תבליני בגליל ב,IL,ממתיק סוכרזית 1200 ט,יח',1200.00,יח',false,,17.90,0.0149,true,1,1445504
7290000504209,false,"סוכרזית דיאט טיפ נוזלי 220 מ""ל",אף.סי תבליני בגליל ב,IL,ממתיק טיפות סוכרזית,מיליליטרים,220.00,"100 מ""ל",false,,14.80,0.0673,true,1,1445505
7290000504261,false,סוויט דיאט כמו סוכר ממתיק אבקתי 65ג',סוכרזית Sucrazit,IL,ממתיק אבקתי כמו סוכר,גרמים,65.00,100 גרם,false,,24.90,0.3831,true,1,1445506
7290000504278,false,ממתיק סוכרזית אריזת פטנט 700 טבליות,אף.סי תבליני בגליל ב,IL,ממתיק סוכרזית 700 טב,גרמים,574.00,100 גרם,false,,13.90,0.0242,true,1,1445507
7290000515014,false,קמח לבן בהיר באר שבע,השוואת מחירונים,IL,קמח חיטה לבן בהיר 1ק,יח',1.00,יח',false,,4.90,4.9000,true,1,1441393
7290000515106,false,"שטיבל סולת 1 ק""ג-חדש",השוואת מחירונים,IL,"שטיבל סולת 1 ק""ג-חדש",יח',1.00,יח',false,,4.90,4.9000,true,1,1441394
7290000518114,false,אבקת סוכר מתוק וקל 200 גרם,קריות זול,IL,מתוק וקל אבקה 200 גר,גרמים,200.00,100 גרם,false,,6.90,0.0345,true,1,1457783
7290000518152,false,ממתיק זהב מתוק וקל 50 שקיות,קריות זול,IL,ממתיק זהב מתוק וקל 5,גרמים,25.00,100 גרם,false,,5.90,0.2360,true,1,1457785
7290000518169,false,ממתיק מתוק וקל 1000 טבליות,קריות זול,IL,ממתיק מתוק וקל 1000,יח',1.00,יח',false,,6.60,6.6000,true,1,1457786
7290000518176,false,ממתיק מתוק וקל 250 שקיות,מתוק וקל בעמ,IL,ממתיק מתוק וקל 250 ש,גרמים,250.00,100 גרם,false,,16.90,0.0676,true,1,1457787
7290000518190,false,מתוק וקל סטיביה 100 יחידות,מתוק וקל,IL,מתוק וקל סטיביה 100,יח',1.00,יח',false,,24.70,24.7000,true,1,1457788
7290000518220,false,ממתיק סוכרה דיאט 100 יחידות,פתח תקווה,IL,ממתיק סוכרה דיאט 100,יח',1.00,יח',false,,23.90,23.9000,true,1,1457789
7290000521008,false,יין אדום יבש של סגל750מל,"כרמי צבי - אחים סגל בע""\",IL,"סגל אדום יבש 750 מ""ל 2013",מיליליטרים,750.00,"100 מ""ל",false,,21.40,0.0285,true,1,1444387
7290000521015,false,"יין לבן יבש של סגל750מ""ל","מיוצר ע""י כרמי צבי-",IL,"סגל לבן יבש 750 מ""ל",מיליליטרים,750.00,"100 מ""ל",false,,21.40,0.0285,true,1,1444388
7290000521022,false,"של סגל, יין לבן חצי יבש 750 מ""ל","מיוצר ע""י כרמי צבי-",IL,"סגל לבן חצי יבש 750 מ""ל",מיליליטרים,750.00,"100 מ""ל",false,,21.40,0.0285,true,1,1444389
7290000521411,false,יין מרום גליל סינגל מרלו 750 מל,כרמי צבי אחים סגל בע,IL,מרום גליל מרלו סינגל 750,מיליליטרים,750.00,"100 מ""ל",false,,29.90,0.0399,true,1,1444393
7290000522166,false,חלב הרים טהור-עמיד- נטול לקטוז 1 לי 3%,"מחלבות רמת הגולן בע""",IL,חלב הרים טהור 1 ל' נ,ליטרים,1.00,ליטר,false,,10.50,10.5000,true,1,1444150
7290000522272,false,"שמנת לקפה רמת הגולן 10% 500 מ""ל עמידה",מחלבות רמת הגולן,IL,שמנת לקפה 10% שומן 5,מיליליטרים,500.00,"100 מ""ל",false,,8.90,0.0178,true,1,1444152
7290000523125,false,מלח הארץ הים האדום 250 ג' עדין,"חברת מלח הארץ אילת בע""\מ",IL,מלח ים יבש מלח הארץ,גרמים,250.00,100 גרם,false,,5.40,0.0216,true,1,1448310
7290000523224,false,מלח הארץ הים האדום 500 ג' עדין,"חברת מלח הארץ אילת בע""\מ",IL,מלח ים יבש מלח הארץ,גרמים,500.00,100 גרם,false,,7.90,0.0158,true,1,1448311
7290000523514,false,מלח ים יבש מלח הארץ 250 גרם מופחת נתרן,"חברת מלח הארץ אילת בע""\מ",IL,מלח ים יבש מופחת נתר,גרמים,250.00,100 גרם,false,,9.90,0.0396,true,1,1448312
7290000523804,false,"מלח עדין צנצנת 1 ק""ג מלח הארץ","חברת מלח הארץ אילת בע""\מ",IL,מלח עדין מלח הארץ 1,גרמים,1000.00,100 גרם,false,,6.90,0.0069,true,1,1448314
7290000525969,false,מיץ תפוזים סחוט רכיבים טבעיים פרימור 1 ליטר,"גניר (1992) בע""מ",IL,מיץ תפוזים סחוט רכיב,ליטרים,1.00,ליטר,false,,15.80,15.8000,true,1,1454519
7290000530086,false,נקניק סלמי מעושן זוגלובק 600 גרם,נקניק נהריה כשר זוגל,IL,נקניק סלמי מעושן זוג,גרמים,600.00,100 גרם,false,,24.90,0.0415,true,1,1461709
7290000530109,false,קבנוס זוגי בואקום זוגלובק 180ג',נקניק נהריה כשר זוגל,IL,קבנוס זוגלובק 2*180,גרמים,360.00,100 גרם,false,,24.90,0.0692,true,1,1461710
7290000530116,false,נקניק סלמי מעושן בשן 470 ג' זוגלובק,נקניק נהריה כשר זוגל,IL,נקניק סלמי בשן זוגלו,גרמים,470.00,100 גרם,false,,24.90,0.0530,true,1,1461711
7290000530291,false,נקניק מבשר הודו קטן זוגלובק 750 גרם,נקניק נהריה כשר זוגל,IL,נקניק מבשר הודו קטן,גרמים,750.00,100 גרם,false,,18.90,0.0252,true,1,1461712
7290000530413,false,המבורגר זהב זוגלובק 400 גרם,נקניק נהריה כשר זוגל,IL,המבורגר זהב זוגלובק,גרמים,400.00,100 גרם,false,,19.90,0.0497,true,1,1461713
7290000530468,false,"נקניקיות וינר זוגלובק 1 ק""ג",זוגלובק,IL,נקניקיות וינר זוגלוב,גרמים,1000.00,100 גרם,false,,23.90,0.0239,true,1,1461714
7290000530598,false,נקניקיות עוף וינר זוגלובק 500 גרם,נקניק נהריה כשר זוגל,IL,נקניקיות עוף וינר זו,גרמים,500.00,100 גרם,false,,11.90,0.0238,true,1,1461715
7290000530703,false,פסטרמה חרמון כפרית ונקניק תה מעושן זוגלובק 2*400 גרם,נקניק נהריה כשר זוגל,IL,פסטרמה חרמון כפרית ו,גרמים,800.00,100 גרם,false,,25.90,0.0324,true,1,1461716
7290000531601,false,סטייקבורגר זהב זוגלובק 400 גרם,נקניק נהריה כשר זוגל,IL,סטייקבורגר זהב זוגלו,גרמים,400.00,100 גרם,false,,19.90,0.0497,true,1,1461717
7290000531977,false,בורקס גבינה זוגלובק 800 גרם,נקניק נהריה כשר זוגל,IL,בורקס גבינה זוגלובק,גרמים,800.00,100 גרם,false,,13.90,0.0174,true,1,1461718
7290000533353,false,"בצק עלים מרודד זוגלובק 1 ק""ג",מאפיית אריאל וגידרון,IL,בצק עלים מרודד זוגלו,גרמים,1000.00,100 גרם,false,,13.90,0.0139,true,1,1461719
7290000536743,false,שניצלונים קריספי ט. תירס 500 גר' זוגלובק,נקניק נהריה כשר זוגל,IL,אצבעות שניצל טבע 500,גרמים,500.00,100 גרם,false,,11.90,0.0238,true,1,1461721
7290000536774,false,"נקניקיות מן הצומח זוגלובק 1ק""ג בד""צ",זוגלובק טבע,IL,נקניקיות מן הצומח זו,גרמים,1000.00,100 גרם,false,,23.90,0.0239,true,1,1461723
7290000537566,false,נקניקיות עוף טרי 400 ג' זוגלובק,נקניק נהריה כשר זוגל,IL,נקניקיות עוף זוגלובק,גרמים,400.00,100 גרם,false,,9.90,0.0248,true,1,1461727
7290000537603,false,"נקניקיות עוף זוגלובק 1 ק""ג",זוגלובק,IL,נקניקיות עוף זוגלובק,גרמים,1000.00,100 גרם,false,,23.90,0.0239,true,1,1461728
7290000538105,false,נקניק סלמי סרוולד 200 ג' זוגלובק,נקניק נהריה כשר זוגל,,נקניק סרבלד זוגלובק,גרמים,200.00,100 גרם,false,,38.90,0.1945,true,1,1461730
7290000538709,false,נקניק סלמי תה מעושן זוגלובק 200 גרם,זוגלובק,IL,נקניק סלמי תה מעושן,גרמים,200.00,100 גרם,false,,14.90,0.0745,true,1,1461731
7290000552118,false,נקניקיות מרגז טיבון ויל 400 גרם,טיבון ויל אחזקות בעמ,IL,נקניקיות מרגז טיבון,גרמים,400.00,100 גרם,false,,20.50,0.0513,true,1,1450026
7290000552194,false,קישקע טיבון ויל 500 גרם,טיבון ויל אחזקות בעמ,IL,קישקע טיבון ויל 500,גרמים,500.00,100 גרם,false,,12.90,0.0258,true,1,1450027
7290000552569,false,סטייקבורגר בקר טיבון ויל 400 גרם,"טיבון ויל אחזקות בע""\מ",IL,סטייקבורגר בקר טיבון,גרמים,400.00,100 גרם,false,,17.90,0.0447,true,1,1450028
7290000552927,false,עוף טחון טיבון ויל 500 גרם,"טיבון ויל אחזקות בע""\מ",IL,עוף טחון טיבון ויל 5,גרמים,500.00,100 גרם,false,,12.90,0.0258,true,1,1450029
7290000552934,false,בשר הודו טחון טיבון ויל 500 גרם,"טיבון ויל אחזקות בע""\מ",IL,בשר הודו טחון טיבון,גרמים,500.00,100 גרם,false,,12.90,0.0258,true,1,1450030
7290000552989,false,בשר טחון טיבון ויל 500 גרם,"טיבון ויל אחזקות בע""\מ",IL,בשר טחון טיבון ויל 5,גרמים,500.00,100 גרם,false,,26.90,0.0538,true,1,1450031
7290000554402,false,מעדן חלב מלבי גד 160 גרם,"מיוצר ע""\י קוד יצרן EDNK",IL,מעדן חלב מלבי גד 160,מיליליטרים,160.00,"100 מ""ל",false,,5.50,0.0344,true,1,1447290
7290000554457,false,גבינה צפתית 5% 350 גרם - רבנות,"מחלבות גד בע""\מ",IL,גבינה צפתית 5% גד 35,גרמים,350.00,100 גרם,false,,19.90,0.0569,true,1,1447291
7290000554471,false,נקניק מוצרלה 22 אחוז 180גרם גד מהדרין,"מחלבות גד בע""\מ",IL,גבינת מוצרלה 22% גד,גרמים,180.00,100 גרם,false,,15.90,0.0883,true,1,1447292
7290000554532,false,גבינה צפתית מעודנת במלח ים 5% 200 ג' גד,הנסיך- מפעל לייצור ט,IL,גבינה צפתית מעודנת 5,גרמים,200.00,100 גרם,false,,13.90,0.0695,true,1,1447293
7290000554600,false,מוצרלה מגורדת 22 אחוז 300גרם גד מהדרין,מחלבות גד בעמ,IL,גבינת מוצרלה מגורדת,גרמים,300.00,100 גרם,false,,20.90,0.0697,true,1,1447294
7290000554624,false,ירח מתוק מעדן חלב עם אורז 3% גד 150 גרם,"מיוצר ע""\י קוד יצרן EDNK",IL,ירח מתוק מעדן חלב עם,מיליליטרים,150.00,"100 מ""ל",false,,4.90,0.0327,true,1,1447295
7290000554686,false,גבינת לאבנה בתוספת שמן זית וזעתר 5% גד 250 גרם,מחלבות גד בעמ,IL,גבינת לאבנה בתוספת ש,גרמים,250.00,100 גרם,false,,13.80,0.0552,true,1,1447296
7290000554822,false,ריקוטה גבינה לבנה בסגנון איטלקי 5% גד 250 גרם,מחלבות גד בעמ,IL,ריקוטה גבינה לבנה בס,גרמים,250.00,100 גרם,false,,12.90,0.0516,true,1,1447297
7290000554839,false,מסקרפונה שמנת מתוקה קשה בסגנון איטלקי 40% גד 250 גרם,מחלבות גד בעמ,IL,מסקרפונה שמנת מתוקה,גרמים,250.00,100 גרם,false,,19.30,0.0772,true,1,1447298
7290000560540,false,אדג' ג'ל כתום לעור רגיש 198גרם,המאפיה של הרמן,US,אדג' ג'ל כתום לעור רגיש 1,גרמים,198.00,100 גרם,false,,14.90,0.0753,true,1,1457908
7290000560557,false,אדג' ג'ל סגול כהה לעור יבש 198ג',אס.סי ג'ונסון ובניו,US,אדג' ג'ל סגול כהה לעור יב,גרמים,198.00,100 גרם,false,,14.90,0.0753,true,1,1457909
7290000571881,false,"משקה יוגורט מחלב עיזים 3.6% 500 מ""ל",גבינות משק אחים מאיר,IL,משקה יוגורט מחלב עיז,מיליליטרים,500.00,"100 מ""ל",false,,11.90,0.0238,true,1,1447301
7290000572536,false,אחווה חלווה ווניל במגש 400 גר,אחדות ביחר לטחינה חל,IL,אחוה חלוה וניל 400,גרמים,400.00,100 גרם,false,,8.90,0.0223,true,1,1452765
7290000599274,false,מקלות עץ ארוך מצופה 1.5 מטר,שיוך למחסן 17,BR,מקל עץ 1.5 (עם ברקוד,יח',1.00,יח',false,,6.10,6.1000,true,1,1474923
7290000602226,false,ביצים חופש לארג 12יח,,,ביצי חופש גדולות L ת,יח',12.00,יח',false,,19.90,1.6583,true,1,1452835
7290000604022,false,ביצים גדולות L תנובה 12 יחידות,ביצי תנובה,,ביצים גדולות L תנובה,יח',12.00,יח',false,,12.00,1.0000,true,1,1452841
7290000604039,false,ביצים בינוניות M תנובה 12 יחידות,תנובה,,ביצים בינוניות M תנו,יח',12.00,יח',false,,11.10,0.9250,true,1,1452842
7290000604121,false,ביצים 18 יח רגיל בינוני L תנובה,תנובה,IL,ביצים L גדול תנובה 1,יח',18.00,יח',false,,18.00,1.0000,true,1,1452845
7290000604534,false,ביצים בינוניות M תנובה 30 יחידות,תנובה,IL,ביצים בינוניות M תנו,יח',30.00,יח',false,,27.80,0.9267,true,1,1452849
7290000644783,false,נתחי פילה סלמון קפוא קג,דגי תנובה,DK,נתחי פילה סלמון תנוב,קילוגרמים,1.00,"ק""ג",true,,79.80,79.8000,true,1,1489667
7290000646299,false,פילה נסיכת הנילוס 100% דג קפוא תנובה,MORE,IL,פילה נסיכת הנילוס 10,קילוגרמים,1.00,"ק""ג",true,,39.90,39.9000,true,1,1443079
7290000652177,false,נתחי פילה נסיכה 100% דג קפוא תנובה,דגי תנובה,IL,נתחי פילה נסיכת 100%,קילוגרמים,1.00,"ק""ג",true,,54.90,54.9000,true,1,1443080
7290000652542,false,פילה אמנון קפוא 5-7 קג,דגי תנובה,IL,פילה אמנון 5-7,קילוגרמים,1.00,"ק""ג",true,,22.90,22.9000,true,1,1489639
7290000655376,false,פילה דניס קפוא תנובה,דגי תנובה,TR,פילה דניס קפוא,קילוגרמים,1.00,"ק""ג",true,,59.90,59.9000,true,1,1489691
7290000658926,false,"פילה מרלוזה קפוא 100% ""תנובה""",דגי תנובה,AR,דג מרלוזה קפוא,קילוגרמים,1.00,"ק""ג",true,,29.80,29.8000,true,1,1489692
7290000659312,false,דגי תנובה פילה סלומון קפוא בוואקום,דגי תנובה,IL,פילה סלמון פרימיום ת,קילוגרמים,1.00,"ק""ג",true,,69.80,69.8000,true,1,1489641
7290000663036,false,פילה אמנון קפוא ללא עור 100% דג תנובה,דגי תנובה,IL,פילה אמנון ללא עור,קילוגרמים,1.00,"ק""ג",true,,29.80,29.8000,true,1,1489642
7290000663166,false,דג פילה הייק דרום אפריקאי,דגי תנובה,IL,פילה הייק דרום אפריק,קילוגרמים,1.00,"ק""ג",true,,39.80,39.8000,true,1,1489693
7290000688084,false,מי עדן פקק ספורטאים500מל,"מופק ממקור בזלתי עדן ,1",IL,מי עדן ספורט 0.5,מיליליטרים,500.00,"100 מ""ל",false,,2.50,0.0050,true,1,1447375
7290000688176,false,מים מינרליים בייבי מ,מופק ממקור בזלתי עדן,IL,מים מינרלים מי עדן 2,מיליליטרים,250.00,"100 מ""ל",false,,2.50,0.0100,true,1,1447389
7290000688374,false,"מים מינרליים מי עדן בייבי 6*330 מ""ל","מופק ממקור בזלתי עדן ,1",IL,מים מינרלים מי עדן 6,ליטרים,1.98,ליטר,false,,13.80,6.9697,true,1,1447390
7290000688381,false,שישיית מי עדן פקק ספורט 0.5 ליטר,"מופק ממקור בזלתי עדן ,1",IL,מים מינרלים מי עדן 6,ליטרים,3.00,ליטר,false,,12.80,4.2667,true,1,1447391
7290000688503,false,"מים מינרלים פקק ספורט מי עדן 6*750 מ""ל","מופק ממקור בזלתי עדן ,1",IL,מים מינרלים פקק ספור,מיליליטרים,750.00,"100 מ""ל",false,,13.90,0.0185,true,1,1447393
7290000688732,false,שישיית מי עדן 1.5 ליטר משפחתי,"מופק ממקור בזלתי עדן ,1",IL,מים מינרלים מי עדן 6,ליטרים,9.00,ליטר,false,,10.90,1.2111,true,1,1447394
7290000692135,false,ספיד סטיק דאו בסיסי ירוק א.פ פרש פאוור,קולגייט-פלמוליב,TR,ספיד סטיק בסיסי ירוק,גרמים,60.00,100 גרם,false,,16.90,0.2817,true,1,1444818
7290000692203,false,נוזל לניקוי כללי ורצפות בניחוח לימון אג'קס 2 ליטר,הנסיך- מפעל לייצור ט,GR,נוזל לניקוי כללי ורצ,ליטרים,2.00,ליטר,false,,19.90,9.9500,true,1,1444819
7290000692210,false,נוזל לניקוי כללי ורצפות בניחוח לבנדר אג'קס 2 ליטר,הנסיך- מפעל לייצור ט,GR,נוזל לניקוי כללי ורצ,ליטרים,2.00,ליטר,false,,19.90,9.9500,true,1,1444820
7290000692227,false,נוזל כלים פלמוליב צילינדר קלאסי 1 ליטר,יבואן ומשווק: ש. שסט,GR,נוזל לניקוי כלים קלא,ליטרים,1.00,ליטר,false,,13.90,13.9000,true,1,1444821
7290000692456,false,אג'קס חלונות זוג 750*2 מל ספריי ורפיל,הנסיך- מפעל לייצור ט,GR,תרסיס לניקוי חלונות,מיליליטרים,750.00,"100 מ""ל",false,,23.90,0.0319,true,1,1444824
7290000799800,false,פקדון 12 יח,,,פקדון 12 יח,יח',1.00,יח',false,,3.60,3.6000,true,1,1444314
7290000799801,false,פיקדון בודד 0.3 ₪,,,פיקדון בודד 0.3 ₪,יח',1.00,יח',false,,0.30,0.3000,true,1,1440517
7290000799802,false,"פיקדון שישיה 1.8 ש""ח",,,"פיקדון שישיה 1.8 ש""ח",יח',1.00,יח',false,,1.80,1.8000,true,1,1440519
7290000803180,false,"מרידול-שטיפת פה דנטלית 400 מ""ל",קולגייט פלמוליב,CH,"מי פה מרידול 400 מ""ל",מיליליטרים,400.00,"100 מ""ל",false,,29.90,0.0747,true,1,1444827
7290000804484,false,אלמקס שטיפת פה דנטלית למניעת עששת 400מל,קולגייט פלמוליב,CH,מי פה להגנה מפני עשש,מיליליטרים,400.00,"100 מ""ל",false,,24.90,0.0622,true,1,1444828
7290000841557,false,"סטרילי נוזל חיטוי 500 מ""ל לניקוי פירות וירקות",,IL,סטרילי לחיטוי ושטיפה,מיליליטרים,700.00,"100 מ""ל",false,,11.90,0.0170,true,1,1456932
7290000888347,false,"מי עדן 500 מ""ל",,,"מי עדן 500 מ""ל",מטרים,500.00,100 מ'ל,false,,1.50,0.0030,true,1,1499385
7290000961804,false,תבלין עמבה,ברכת קטיף,IL,דלעת ארוזה,קילוגרמים,1.00,"ק""ג",true,,8.90,8.9000,true,1,1460732
7290000995410,false,נבטים סיניים נבטי העמק,נסטלה פורינה USA קר,IL,נבטים סיניים,יח',1.00,יח',false,,5.90,5.9000,true,1,1460733
7290001001899,false,עוף טרי ארוז כשר למה,עוף ירושלים מהדרין,,עוף טרי ארוז כשר למה,קילוגרמים,1.00,"ק""ג",true,,18.90,18.9000,true,1,1462957
7290001001905,false,חזה עוף טרי ארוז כשר למהדרין,עוף ירושלים מהדרין,,חזה טרי ארוז כשר למה,קילוגרמים,1.00,"ק""ג",true,,34.90,34.9000,true,1,1462958
7290001001912,false,כרעיים טרי ארוז כשר,עוף ירושלים מהדרין,,כרעיים טרי ארוז כשר,קילוגרמים,1.00,"ק""ג",true,,12.90,12.9000,true,1,1462959
7290001001943,false,שוקיים טרי ארוז כשר,עוף ירושלים מהדרין,,שוקיים טרי ארוז כשר,קילוגרמים,1.00,"ק""ג",true,,27.90,27.9000,true,1,1462962
7290001004043,false,סטייק אנטריקוט מוכשר,,,סטייק אנטריקוט מוכשר,קילוגרמים,1.00,"ק""ג",true,,129.90,129.9000,true,1,1470677
7290001004098,false,צלעות מכושר טרי,,,צלעות מכושר טרי,קילוגרמים,1.00,"ק""ג",true,,54.90,54.9000,true,1,1470679
7290001004197,false,כתף מוכשר טרי,,,כתף מוכשר טרי,קילוגרמים,1.00,"ק""ג",true,,64.90,64.9000,true,1,1470683
7290001004241,false,צלי כתף מוכשר טרי,,,צלי כתף מוכשר טרי,קילוגרמים,1.00,"ק""ג",true,,89.90,89.9000,true,1,1470684
7290001004296,false,פילה מדומה מוכשר טרי,,,פילה מדומה מוכשר טרי,קילוגרמים,1.00,"ק""ג",true,,74.90,74.9000,true,1,1470686
7290001004340,false,שריר מכושר טרי,,,שריר מכושר טרי,קילוגרמים,1.00,"ק""ג",true,,59.90,59.9000,true,1,1470688
7290001004395,false,אסאדו ללא עצם מוכשר,,,אסאדו ללא עצם מוכשר,קילוגרמים,1.00,"ק""ג",true,,54.90,54.9000,true,1,1470690
7290001004449,false,צוואר מכושר טרי,,,צוואר מכושר טרי,קילוגרמים,1.00,"ק""ג",true,,49.90,49.9000,true,1,1470692
7290001004548,false,סינטה מכושר טרי,,,סינטה מכושר טרי,קילוגרמים,1.00,"ק""ג",true,,119.00,119.0000,true,1,1470695
7290001004593,false,פילה עגל מוכשר טרי,,,פילה עגל מוכשר טרי,קילוגרמים,1.00,"ק""ג",true,,189.90,189.9000,true,1,1470696
7290001004685,false,שפיץ צ'אך טרי,,,שפיץ צ'אך טרי,קילוגרמים,1.00,"ק""ג",true,,119.90,119.9000,true,1,1470699
7290001004845,false,טחון טרי מוכשר,,,טחון טרי מוכשר,קילוגרמים,1.00,"ק""ג",true,,39.90,39.9000,true,1,1470703
7290001004944,false,אסאדו ע.ע מכושר טרי,,,אסאדו ע.ע מכושר טרי,קילוגרמים,1.00,"ק""ג",true,,54.90,54.9000,true,1,1470705
7290001004999,false,אוסובקו ע.ע מוכשר,,,אוסובקו ע.ע מוכשר,קילוגרמים,1.00,"ק""ג",true,,54.90,54.9000,true,1,1470706
7290001009123,false,לחם כוסמין לחמנו 600 גרם,לחמנו,IL,לחם כוסמין מלא 100%,גרמים,600.00,100 גרם,false,,14.90,0.0248,true,1,1457583
7290001022047,false,גבינה מלוחה מחלב עיז,,,גבינה מלוחה מחלב עיז,קילוגרמים,1.00,"ק""ג",true,,50.00,50.0000,true,1,1477361
7290001022085,false,גב.פקורינו כבשים36% משקל,היחוס דה סלבדור,ES,גבינת פקורינו כבשים,קילוגרמים,1.00,"ק""ג",true,,100.00,100.0000,true,1,1487409
7290001022177,false,רמי לוי-חלבה עם קקאו,,,חלבה עם קקאו שקיל,קילוגרמים,1.00,"ק""ג",true,,34.00,34.0000,true,1,1512195
7290001121054,false,צמד חמד פסטרמה וסלמי יחיעם 700 גרם,תאי פרזידנט פוד פאבל,IL,צמד חמד יחיעם,גרמים,700.00,100 גרם,false,,25.90,0.0370,true,1,1452880
7290001121238,false,נקניק קורנדביף 4% יחיעם 180 גרם,מעדני יחיעם 1993,IL,נקניק קורנדביף 4% יח,גרמים,180.00,100 גרם,false,,22.90,0.1272,true,1,1452882
7290001121672,false,פסטרמה מעודנת בפפריקה 300 ג' יחיעם,מעדני יחיעם 1993,IL,פסטרמה מעודנת בפפריק,גרמים,300.00,100 גרם,false,,19.90,0.0663,true,1,1452883
7290001121795,false,נקניקיות עוף חריפות יחיעם 400 גרם,מעדני יחיעם,,נקניקיות עוף חריפות,גרמים,400.00,100 גרם,false,,10.90,0.0273,true,1,1452884
7290001121849,false,פסטרמה ברביקיו יחיעם 250 גרם ר.טבעיים,מעדני יחיעם 1993,IL,פסטרמה ברביקיו 250 ג,גרמים,250.00,100 גרם,false,,24.40,0.0976,true,1,1452885
7290001121931,false,קבנוס מקסיקני דק דק יחיעם 125 גרם,מעדני יחיעם 1993,,קבנוס מקסיקני דק דק,גרמים,125.00,100 גרם,false,,12.90,0.1032,true,1,1452886
7290001123775,false,שווארמה אמיתית פרגיות טיבון ויל 500 גרם,"טיבול ויל אחזקות בע""",IL,שווארמה אמיתית פרגיו,גרמים,500.00,100 גרם,false,,19.90,0.0398,true,1,1450033
7290001123782,false,שווארמה אמיתית הודו טיבון ויל 500 גרם,טיבון ויל - נטו,IL,שווארמה אמיתית הודו,גרמים,500.00,100 גרם,false,,19.90,0.0398,true,1,1450034
7290001124536,false,ארוחת נודלס טעם תירס מג'יק 70 גרם,טאט הוי פוד בעמ,SG,ארוחת נודלס תירס מג',גרמים,70.00,100 גרם,false,,4.90,0.0700,true,1,1450035
7290001124611,false,שומן כבש טיבון ויל 200 גרם,טיבון ויל אחזקות בעמ,IL,שומן כבש טיבון ויל 2,גרמים,200.00,100 גרם,false,,14.90,0.0745,true,1,1450036
7290001136287,false,"שמפו לשיער רגיל בבושם פרחים נקה 7 750 מ""ל","אמיליה קוסמטיקס בע""מ",IL,שמפו לשיער רגיל בבוש,מיליליטרים,750.00,"100 מ""ל",false,,9.90,0.0132,true,1,1448624
7290001136294,false,"שמפו לשיער יבש בבישום פרחים נקה 7 750 מ""ל","אמיליה קוסמטיקס בע""מ",IL,שמפו לשיער יבש בבישו,מיליליטרים,750.00,"100 מ""ל",false,,9.90,0.0132,true,1,1448625
7290001136300,false,"נקה 7 שמפו ומרכך לסירוק קל 750 מ""ל",אמיליה קוסמטיקס בעמ,IL,שמפו + מרכך של נקה 7,מיליליטרים,750.00,"100 מ""ל",false,,9.90,0.0132,true,1,1448626
7290001136683,false,"מרכך לשיער רגיל בבושם פרחים נקה 7 750 מ""ל","אמיליה קוסמטיקס בע""מ",IL,מרכך לשיער רגיל בבוש,מיליליטרים,750.00,"100 מ""ל",false,,9.90,0.0132,true,1,1448627
7290001193549,false,ערכת חנוכה שלהבת מוצק{ללא חזרות},מעגל הזמן,IL,ערכת חנוכה שלהבת מוצ,יח',1.00,יח',false,,39.90,39.9000,true,1,1464580
7290001216101,false,"טחינה שומשום מלא אל ארז 1 ק""ג",טחינה אל ארז,IL,"טחינה 1 ק""ג מלאה",גרמים,1000.00,100 גרם,false,,29.90,0.0299,true,1,1479143
7290001216231,false,טחינה גולמית שומשום מלא אל ארז 500 גרם,אגס ירוק מסחר ושירותים,IL,טחינה אלארז שומשום מ,גרמים,500.00,100 גרם,false,,16.80,0.0336,true,1,1459012
7290001245651,false,נוזל רצפות מאסק 4 ליט רמילוי,,,נוזל רצפות מאסק 4 לי,יח',1.00,יח',false,,11.90,11.9000,true,1,1460976
7290001246009,false,ג'ל לכביסה אדום 3לי רמילוי,,,ג'ל לכביסה אדום 3לי,יח',1.00,יח',false,,20.90,20.9000,true,1,1460977
7290001246016,false,ג'ל לכביסה ירוק 3לי רמילוי,,,ג'ל לכביסה ירוק 3לי,יח',1.00,יח',false,,20.90,20.9000,true,1,1460978
7290001246023,false,ג'ל לכביסה כחול 3לי רמילוי,,,ג'ל לכביסה כחול 3לי,יח',1.00,יח',false,,20.90,20.9000,true,1,1460979
7290001246658,false,מבשם נטול גז בלוסום 350מל רמילוי,,,מבשם נטול גז בלוסום,מיליליטרים,350.00,"100 מ""ל",false,,7.90,0.0226,true,1,1460980
7290001246665,false,מבשם נטול גז אושיין 350מל רמילוי,,,מבשם נטול גז אושיין,מיליליטרים,350.00,"100 מ""ל",false,,7.90,0.0226,true,1,1460981
7290001246672,false,מבשם נטול גז פרש 350מל רמילוי,,,מבשם נטול גז פרש 350,מיליליטרים,350.00,"100 מ""ל",false,,7.90,0.0226,true,1,1460982
7290001246689,false,מבשם נטול גז לבנדר 350מל רמילוי,,,מבשם נטול גז לבנדר 3,מיליליטרים,350.00,"100 מ""ל",false,,7.90,0.0226,true,1,1460983
7290001246771,false,מטהר אויר לוונדר 300מל רמילוי,,,מטהר אויר לוונדר 300,מיליליטרים,300.00,"100 מ""ל",false,,4.90,0.0163,true,1,1460984
7290001246788,false,מטהר אויר לימון 300מל רמילוי,,,מטהר אויר לימון 300מ,מיליליטרים,300.00,"100 מ""ל",false,,4.90,0.0163,true,1,1460985
7290001246795,false,מטהר אוויר פריחה 300מל רמילוי,,,מטהר אוויר פריחה 300,מיליליטרים,300.00,"100 מ""ל",false,,4.90,0.0163,true,1,1460986
7290001247068,false,קרטונית נקטר ספרינג תות בננה 1 ליטר,יפאורה שותפות מובגלת לשיווק,IL,נקטר תות בננה ספרינג,ליטרים,1.00,ליטר,false,,6.50,6.5000,true,1,1447400
7290001247082,false,מיץ עגבניות רכיבים טבעיים ספרינג 1 ליטר,יפאורה שותפות מובגלת לשיווק,IL,מיץ עגבניות רכיבים ט,ליטרים,1.00,ליטר,false,,6.30,6.3000,true,1,1447401
7290001247099,false,קרטונית נקטר ספרינג מנגו 1 ליטר,יפאורה שותפות מובגלת לשיווק,IL,נקטר מנגו ספרינג 1 ל,ליטרים,1.00,ליטר,false,,6.50,6.5000,true,1,1447402
7290001247112,false,קרטונית נקטר ספרינג לימונענע 1 ליטר,יפאורה שותפות מובגלת לשיווק,IL,נקטר לימונים ספרינג,ליטרים,1.00,ליטר,false,,6.50,6.5000,true,1,1447404
7290001247129,false,נקטר ספרינג תפוזים קרטונית 1 ל',יפאורה שותפות מובגלת לשיווק,IL,נקטר תפוזים ספרינג 1,ליטרים,1.00,ליטר,false,,6.50,6.5000,true,1,1447405
7290001247143,false,קרטונית נקטר ספרינג תפוחים 1 ליטר,יפאורה שותפות מובגלת לשיווק,IL,נקטר תפוחים ספרינג 1,ליטרים,1.00,ליטר,false,,6.50,6.5000,true,1,1447406
7290001258040,false,משולש גבינת רוקפור משקל,גבינות משק יעקבס,IL,משולש רוקפור,קילוגרמים,1.00,"ק""ג",true,,92.00,92.0000,true,1,1457684
7290001258170,false,רוקפוא משק יעקבס לקג,גבינות משק יעקבס,IL,רוקפור,קילוגרמים,1.00,"ק""ג",true,,92.00,92.0000,true,1,1457689
7290001258200,false,גבינת שמנת 30% במשקל,גבינות משק יעקבס,IL,*מבצע* גבינת שמנת 25,קילוגרמים,1.00,"ק""ג",true,,31.00,31.0000,true,1,1457691
7290001258224,false,לבנה בקר יעקבס במשקל,גבינות יעקבס,IL,לאבנה בקר שקיל,קילוגרמים,1.00,"ק""ג",true,,29.00,29.0000,true,1,1457693
7290001258378,false,גבינת חלומי במשקל,גבינות משק יעקבס,IL,חלומי יעקבס,קילוגרמים,1.00,"ק""ג",true,,88.00,88.0000,true,1,1457701
7290001258385,false,מוצרלה במים 20% במשקל,גבינות משק יעקבס,IL,מוצרלה במים,קילוגרמים,1.00,"ק""ג",true,,75.00,75.0000,true,1,1457702
7290001258439,false,גבינת שמנת עז מה במש,גבינות משק יעקבס,IL,גבינת עיזים למריחה 5,קילוגרמים,1.00,"ק""ג",true,,58.00,58.0000,true,1,1457704
7290001258446,false,"יעקבס יוגורט כבשים 5% 850 מ""ל",גבינות משק יעקבס,IL,יעקבס יוגורט כבשים 5,מיליליטרים,850.00,"100 מ""ל",false,,19.50,0.0229,true,1,1457735
7290001258491,false,מוצרלה בלוק,משק יעקבס,,מוצרלה בלוק,קילוגרמים,1.00,"ק""ג",true,,64.00,64.0000,true,1,1457707
7290001258514,false,גב.רכה ריקוטה במשקל,גבינות משק יעקבס,IL,*מבצע* ריקוטה 5% במש,קילוגרמים,1.00,"ק""ג",true,,31.00,31.0000,true,1,1457708
7290001258552,false,גבינה לאבנה בקר 250 גרם,בטר אנד דיפרנט,IL,לבנה בקר 250 גר,גרמים,250.00,100 גרם,false,,9.50,0.0380,true,1,1457736
7290001258576,false,גאודה ואקום יעקובס 200 גרם,גבינות משק יעקבס,IL,גבינת גאודה יעקבס 20,גרמים,200.00,100 גרם,false,,19.70,0.0985,true,1,1457737
7290001258620,false,גבינת מנצ'גו משק יעקבס 180 גרם,גבינות יעקבס,IL,גבינת מנצ'גו משק יעק,גרמים,180.00,100 גרם,false,,23.90,0.1328,true,1,1457738
7290001258682,false,"יוגורט עיזים באריזה 500 מ""ל",גבינות משק יעקבס,IL,יעקבס יוגורט עיזים 3,מיליליטרים,500.00,"100 מ""ל",false,,12.90,0.0258,true,1,1457740
7290001258774,false,מוצרלה בייבי 150 גרם יעקובס,גבינות משק יעקבס,IL,בייבי מוצרלה 140גר,מיליליטרים,140.00,"100 מ""ל",false,,12.90,0.0921,true,1,1457742
7290001258798,false,פטה כבשים יעקבס 250 גר,בטר אנד דיפרנט,IL,יעקבס פטה כבשים 250ג,גרמים,250.00,100 גרם,false,,22.90,0.0916,true,1,1457743
7290001258804,false,קשקבל גבינה חצי קשה יעקבס 180 גרם,גבינות משק יעקבס,IL,גבינת קשקבל משק יעקב,גרמים,180.00,100 גרם,false,,21.70,0.1206,true,1,1457744
7290001258811,false,גבינת מוצרלה בייבי ב,גבינות משק יעקבס,IL,כדורי מוצרלה,קילוגרמים,1.00,"ק""ג",true,,79.00,79.0000,true,1,1457715
7290001258941,false,*מבצע* גבינת שמנת זי,משק יעקבס,,*מבצע* גבינת שמנת זי,קילוגרמים,1.00,"ק""ג",true,,31.00,31.0000,true,1,1457720
7290001258958,false,מוצרלה מגורדת יעקבס 200 גרם,גבינות משק יעקבס,IL,מוצרלה מגורדת 200 גר,גרמים,200.00,100 גרם,false,,22.50,0.1125,true,1,1457745
7290001258972,false,גבינת חלומי בואקום 2,גבינות משק יעקבס,IL,חלומי 200 גרם,גרמים,200.00,100 גרם,false,,17.90,0.0895,true,1,1457746
7290001258989,false,קממבר בקר בייבי במשקל,גבינות משק יעקבס,IL,קממברט בקר בייבי,קילוגרמים,1.00,"ק""ג",true,,87.00,87.0000,true,1,1457721
7290001258996,false,גבינת שמנת שום שמיר,משק יעקבס,,*מבצע* גבינת שמנת שו,קילוגרמים,1.00,"ק""ג",true,,31.00,31.0000,true,1,1457722
7290001260067,false,אננס,,,אננס,קילוגרמים,1.00,"ק""ג",true,,24.00,24.0000,true,1,1463677
7290001274422,false,שלגונים ציפוי בננה מאגדת שמינייה 560 ג',גלידות פלדמן,IL,מאגדת שלגונים ציפוי,10 יח',1.00,10 יח',false,,19.80,19.8000,true,1,1465935
7290001274941,false,"שמיניית גלידל פרי פטל ""פלדמן""",הגלידות של פלדמן,IL,גלידל פרי בטעם פטל 8,גרמים,640.00,100 גרם,false,,20.90,0.0327,true,1,1465939
7290001305058,false,"פלמוליב - נטורלס תחליב רחצה חלב ודבש 500 מ""ל",הנסיך- מפעל לייצור ט,TR,סבון נוזלי בניחוח חל,מיליליטרים,500.00,"100 מ""ל",false,,15.90,0.0318,true,1,1444829
7290001305188,false,"נוזל לניקוי כלים בריח לימון פלמוליב 750 מ""ל",יבואן ומשווק: ש. שסט,GR,נוזל לניקוי כלים ברי,מיליליטרים,750.00,"100 מ""ל",false,,11.90,0.0159,true,1,1444830
7290001327180,false,שטראוס קרמיסימו וניל ציפ 1.33 ליטר,"גלידת שטראוס בע""\מ, רחוב",IL,שטראוס קרמיסימו וניל,ליטרים,1.33,ליטר,false,,17.90,13.4586,true,1,1453590
7290001327791,false,גלידת קרמיסימו וניל עוגיות חלבי,"גלידת שטראוס בע""\מ, רחוב",IL,שטראוס קרמיסימו עוגי,ליטרים,1.33,ליטר,false,,17.90,13.4586,true,1,1453592
7290001343845,false,"גרנולה פירות 1 ק""ג - 845 - ורוד שקדיה",הנסיך- מפעל לייצור ט,IL,"גרנולה פירות 1 ק""ג ש",קג,1.00,קג,false,,21.90,21.9000,true,1,1473496
7290001407134,false,בארכה פרוסות חלווה שוקו וניל+פ.קקאו 400גר,רושדי תעשיות מזון בע,IL,פרוסות חלבה שוקו וני,גרמים,400.00,100 גרם,false,,12.90,0.0323,true,1,1446459
7290001407592,false,"בארכה טחינה גולמית פי 6 סידן 6*1 ק""ג",,IL,בארכה טחינה גולמית פ,גרמים,800.00,100 גרם,false,,19.90,0.0249,true,1,1446461
7290001407844,false,חלבה קלאסית בטעם וניל בארכה 350 גרם,"רושדי תעשיות מזון בע""\מ",IL,חלבה קלאסית בטעם וני,גרמים,350.00,100 גרם,false,,13.90,0.0397,true,1,1446466
7290001415214,false,עוגת סבתא שוקולד 500ג',פילסברי,,עוגת סבתא שוקולד,יח',1.00,יח',false,,24.90,24.9000,true,1,1442031
7290001427019,false,קשת מיץ תפוזים טבעי 500 מל,קשת מיצים טבעיים,IL,קשת מיץ תפוזים טבעי,100 מל,500.00,100 מל,false,,15.50,0.0310,true,1,1463950
7290001427132,false,"משקה רימון 500 מ""ל פריניב זכוכית",קשת מיצים טבעיים,IL,מיץ רימונים טבעי 500,מיליליטרים,500.00,"100 מ""ל",false,,20.50,0.0410,true,1,1463953
7290001427347,false,מיץ תפוחים 100% סחוט תוז סמית 1לי,פרי ניב,IL,מיץ תפוחים 100% סחוט,גרמים,1.00,100 גרם,false,,19.90,19.9000,true,1,1463956
7290001461112,false,לחם רוסטיק עגול פילס,פילסברי,,לחם דגנים מחמצת,יח',1.00,יח',false,,16.90,16.9000,true,1,1442039
7290001461860,false,עשריית פיתות פילסברי,פילסברי,,עשריית פיתות פילסברי,יח',1.00,יח',false,,13.50,13.5000,true,1,1442046
7290001482049,false,בולגריה בקוביות עם ש,,,הבולגריה בקוביות + ש,קילוגרמים,1.00,"ק""ג",true,,65.00,65.0000,true,1,1462833
7290001482186,false,אננס חתוך בסירופ קל ויליפוד 565 גרם,הנסיך- מפעל לייצור ט,TH,אננס חתוך ויליפוד 56,גרמים,565.00,100 גרם,false,,5.90,0.0104,true,1,1450956
7290001485019,false,גבינת קרם שמנת טבעי 5% טרה 200 גרם,קריות זול,IL,גבינת קרם שמנת 5% טר,גרמים,200.00,100 גרם,false,,10.90,0.0545,true,1,1441725
7290001491010,false,תה ירוק יסמין ויסוצקי 25 יחידות,תה ויסוצקי,IL,תה ירוק יסמין ויסוצק,גרמים,37.50,100 גרם,false,,22.90,0.6107,true,1,1451199
7290001491096,false,תה ירוק בתוספת לימונית ולואיזה 50 שקיקים ויסוצקי,תה ויסוצקי,IL,תה ירוק לימונית ולוא,גרמים,75.00,100 גרם,false,,39.90,0.5320,true,1,1451200
7290001507360,false,חטיף אובלטים אורגניים עם כוסמין 100 גר,השדה מוצרים אורגניים,IL,אובלטים כוסמין 100 ג,גרמים,100.00,100 גרם,false,,10.90,0.1090,true,1,1471524
7290001515310,false,שש כריות קרצוף יפניות סקוטש ברייט,3m,,סקוטש ברייט שש כריות,יח',1.00,יח',false,,9.90,9.9000,true,1,1465269
7290001515631,false,שלושה ספוגי קרצוף קשיחים ארוכים אדומים,שיוך למחסן 17,ES,שלושה ספוגי קרצוף קש,יח',1.00,יח',false,,7.90,7.9000,true,1,1465270
7290001552025,false,קוסקוס של אמא פרבורגר 800 גרם,פרבורגר רויאל,IL,קוסקוס של אמא פרבורג,גרמים,800.00,100 גרם,false,,14.90,0.0186,true,1,1445403
7290001552049,false,קוסקוס מרוקאי קפוא 800 גר,מטעמי פאר,IL,קוסקוס אמא 800גר,גרמים,800.00,100 גרם,false,,14.90,0.0186,true,1,1445404
7290001567760,false,פסטרמה של פעם יחיעם 300 גרם,מעדני יחיעם,IL,פסטרמה של פעם 300 גר,גרמים,300.00,100 גרם,false,,24.40,0.0813,true,1,1452891
7290001567814,false,סלמי מעושן בסגנון איטלקי 300 ג' יחיעם,מעדני יחיעם,IL,סלמי מעושן בסגנון אי,גרמים,300.00,100 גרם,false,,19.90,0.0663,true,1,1452892
7290001567906,false,פסטרמה מעודנת יחיעם 200 ג',מעדני יחיעם,IL,פסטרמה מעודנת 200 ג,גרמים,200.00,100 גרם,false,,12.70,0.0635,true,1,1452893
7290001567920,false,סלמי תה יחיעם 200 גר,מעדני יחיעם,IL,סלמי תה 200 גר,גרמים,200.00,100 גרם,false,,12.70,0.0635,true,1,1452894
7290001567937,false,"סלמי איטלקי מפולפל 200 גרם ""יחיעם""",מעדני יחיעם,IL,איטלקי מפולפל 200 ג,גרמים,200.00,100 גרם,false,,12.70,0.0635,true,1,1452895
7290001591734,false,נקניקיה מרגז בסגנון מרוקאי טיבון ויל 500 גרם,טיבון ויל,IL,מרגז נקניקייה סגנון,גרמים,500.00,100 גרם,false,,22.90,0.0458,true,1,1450043
7290001591949,false,שיפודי פרגיות 100% טיבון ויל 500 גרם,טיבון ויל,IL,שיפודי פרגיות 100%,גרמים,500.00,100 גרם,false,,48.90,0.0978,true,1,1450046
7290001594230,false,קינלי סודה בבקבוק זכוכית,החברה המרכזית לייצור,IL,קינלי סודה קלאסי 250,מיליליטרים,250.00,"100 מ""ל",false,,2.90,0.0116,true,1,1442334
7290001594377,false,פריגת תפוזים 0.5 ליטר חייב בפקדון,מבשלות בירה בינלאומיות ב,IL,פריגת תפוזים 500 מל,מיליליטרים,500.00,"100 מ""ל",false,,5.00,0.0100,true,1,1442335
7290001594568,false,"קרלסברג פחית 500 מ""ל פקדון",מבשלות בירה בינלאומיות ב,RO,בירה בפחית קרלסברג 5,מיליליטרים,500.00,"100 מ""ל",false,,8.90,0.0178,true,1,1442339
7290001594575,false,"בירה טובורג רד פחית 500 מ""ל",מבשלות בירה בינלאומיות ב,IL,בירה טובורג בפחית 50,מיליליטרים,500.00,"100 מ""ל",false,,8.90,0.0178,true,1,1442340
7290001594810,false,"בירה שחורה מאלטי בקב' מארז 330X6מ""ל",החברה המרכזית לייצור משקאות,IL,בירה שחורה מאלטי 6*3,ליטרים,1.98,ליטר,false,,19.90,10.0505,true,1,1442341
7290001594858,false,"שישייה בירה טובורג רד בקבוק 330 מ""ל",מבשלות בירה בינלאומיות ב,IL,טובורג רד מארז שישיי,מיליליטרים,1980.00,"100 מ""ל",false,,39.90,0.0202,true,1,1442342
7290001594865,false,"שישייה בירה קרלסברג בקבוק 330 מ""ל",מבשלות בירה בינלאומיות ב,IL,בירה קרלסברג 6*330 מ,ליטרים,1.98,ליטר,false,,39.90,20.1515,true,1,1442343
7290001598085,false,לחם משפחתי עם דגנים מקמח מלא,מאפית יוסף בראון,IL,לחם משפחתי עם דגנים,גרמים,400.00,100 גרם,false,,14.90,0.0373,true,1,1456670
7290001598276,false,"לחם 7 דגנים קל מקמח חיטה מלא ללא שמרים 1.1 ק""ג הברון",מאפיית יוסף ברון,IL,לחם 7 דגנים קל 1.1קג,קילוגרמים,1.10,"ק""ג",false,,14.90,13.5455,true,1,1456672
7290001598429,false,פרנה מרוקאית חמשת 4,מאפיית יוסף ברון בעמ,IL,פרנה מרוקאית,יח',1.00,יח',false,,10.90,10.9000,true,1,1456673
7290001598580,false,פיתות כוסמין 6יח 99 קלוריות,מאפיית יוסף ברון בעמ,IL,פיתות כוסמין 6יח 99,גרמים,384.00,100 גרם,false,,14.90,0.0388,true,1,1456677
7290001598597,false,פיתה כוסמין 99 קלוריות,,,פיתה כוסמין 99 קלורי,גרמים,300.00,100 גרם,false,,14.90,0.0497,true,1,1456678
7290001598771,false,פיתה כוסמין 99 קל' 8יח רמילוי,,,פיתה כוסמין 99 קל' 8,גרמים,360.00,100 גרם,false,,14.90,0.0414,true,1,1477176
7290001598856,false,פיתות כוסמין ביס חמש,,,פיתה ביס כוסמין,גרמים,400.00,100 גרם,false,,14.90,0.0373,true,1,1456679
7290001670224,false,מלית פרג פוליבה 400 גרם,"פוליבה בע""מ",IL,מלית פרג פוליבה 400,גרמים,400.00,100 גרם,false,,9.90,0.0248,true,1,1450806
7290001670514,false,מלית אוכמניות - 400 גרם פוליבה,"פוליבה בע""מ",IL,מלית אוכמניות 400 גר,גרמים,400.00,100 גרם,false,,9.90,0.0248,true,1,1450808
7290001670859,false,מלית דובדבנים פוליבה 400 ג',קריות זול,IL,מלית דובדבנים 400 גר,גרמים,400.00,100 גרם,false,,9.90,0.0248,true,1,1450812
7290001710111,false,נקניקיות מרגז ארוז 500 גר,לאטי עזרא גלם ודגים,IL,נקניקיות מרגז ארוז 5,גרמים,500.00,100 גרם,false,,19.80,0.0396,true,1,1462562
7290001710128,false,נקניקיות צוריסוס ארוז 500 גר,מעדני הטלה,,נקניקיות צוריסוס ארו,גרמים,500.00,100 גרם,false,,19.80,0.0396,true,1,1462563
7290001710159,false,גולש עגל קפוא ארוז מ,לאטי עזרא גלם ודגים,IL,גולש עגל מוכשר,קילוגרמים,1.00,"ק""ג",true,,44.90,44.9000,true,1,1449957
7290001713150,false,סנט מוריץ מתז אקונומיקה Bleach קצף לימון 1 ליטר,קומפלקס כימיקלים בעמ,IL,סנט מוריץ אקונומיקה,מטרים,1000.00,100 מ'ל,false,,9.90,0.0099,true,1,1453506
7290001713167,false,סנט מוריץ - מרסס קצף ניקוי 1 ליטר סניטרי אפור,קומפלקס כימיקלים בעמ,IL,סנט מוריץ קצף ניקוי,מיליליטרים,750.00,"100 מ""ל",false,,9.90,0.0132,true,1,1453507
7290001713242,false,עלמה שקיות אשפה 25 יחידות 75*90 עם ידית,אסיר פלסט,TR,שקיות אשפה עם ידיות,יח',1.00,יח',false,,9.90,9.9000,true,1,1505540
7290001713464,false,עלמה שקיות אשפה 100 יחידות 52*65 עם שרוך,קומפלקס כימיקלים,IL,שקיות אשפה 100 יח 62,ליטרים,1.25,ליטר,false,,11.90,9.5200,true,1,1460339
7290001713815,false,PURE מרכך כביסה בניחוח מלון מפנק 1 ליטר,"קומפלקס כימיקלים בע""",TR,מרכך כביסה בית מלון,מטרים,1000.00,100 מ'ל,false,,9.90,0.0099,true,1,1453519
7290001789711,false,סט 3 קופסאות מלבניות,,,סט 3 קופסאות עם מכסה,יח',1.00,יח',false,,8.90,8.9000,true,1,1499756
7290001789742,false,סט 3 קופסאות ריבועיות עם מכסה אדום,,,סט 3 קופסאות ריבועיו,יח',1.00,יח',false,,8.90,8.9000,true,1,1499829
7290001791349,false,פיסגה אקונומיקה ריחנית סנו 4 ליטר,"סנו מפעלי ברונוס בע""מ",IL,פיסגה אקונומיקה ריחנ,ליטרים,4.00,ליטר,false,,9.90,2.4750,true,1,1448633
7290001791356,false,"פרש מבשם אויר אוטומטי בניחוח לבנדר סנו 250 מ""ל",סנו מפעלי ברונוס בעמ,IL,פרש מבשם אויר אוטומט,מיליליטרים,250.00,"100 מ""ל",false,,12.90,0.0516,true,1,1448634
7290001791363,false,"מטהר אויר בניחוח וניל קוקוס מילוי סנו 250 מ""ל",סנו מפעלי ברונוס בעמ,IL,מטהר אויר בניחוח וני,מיליליטרים,250.00,"100 מ""ל",false,,12.90,0.0516,true,1,1448635
7290001813478,false,"עוגיות חיוכים וניל עלית 900 גרם מארז 6 יחידות בד""צ",אפיפית נצרת תעשיות ב,IL,חיוכים עוגיות בטעם ו,גרמים,900.00,100 גרם,false,,18.90,0.0210,true,1,1445509
7290001817728,false,צ'יטוס אפוי כאפה בטעם קטשופ 55 גרם,"שטראוס פריטו ליי בע""\מ )",IL,צ'יטוס אפוי כאפה בטע,גרמים,55.00,100 גרם,false,,3.10,0.0564,true,1,1450693
7290001865439,false,פמילי אל סבון נוזלי בניחוח וניל 1 ליטר,אף.סי תבליני בגליל ב,IL,פמלי אל סבון ליטר ונילה [,ליטרים,1.00,ליטר,false,,10.80,10.8000,true,1,1457913
7290001873441,false,המבורגר בלאק אנגוס 320 גרם,טיבון ויל אחזקות בעמ,IL,המבורגר,גרמים,320.00,100 גרם,false,,24.90,0.0778,true,1,1450049
7290001873458,false,סטייקבורגר בלאק אנגוס 320 גרם,טיבון ויל אחזקות בעמ,IL,סטייק בורגר,גרמים,320.00,100 גרם,false,,24.90,0.0778,true,1,1450050
7290001873472,false,"קבב בלאק אנגוס 320 גרם,",טיבון ויל אחזקות בעמ,IL,קבב,גרמים,320.00,100 גרם,false,,24.90,0.0778,true,1,1450051
7290001873489,false,קרפצ'יו בלאק אנגוס 120 ג,טיבון ויל אחזקות בעמ,IL,קרפציו,גרמים,120.00,100 גרם,false,,14.90,0.1242,true,1,1450052
7290001946121,false,פפריקה מרוקאית מתוקה תבליני ביטון 400 גרם,"דין שיווק וקלייה בע""",IL,פפריקה מרוקאית מתוקה,גרמים,400.00,100 גרם,false,,19.90,0.0497,true,1,1473596
7290001973233,false,"קמיל בלו מגבונים לחים סנסיטיב ד""ר פישר 120 יחידות",פישר מעבדות פרמצבטיות,IL,ק.ב סנסטיב מגבונים 120 יח,יח',120.00,יח',false,,10.90,0.0908,true,1,1456962
7290001973332,false,"קמיל בלו מגבונים לפנים סנסיטיב ד""ר פישר 60 יחידות","ד""ר פישר Dr fischer",IL,- ק.ב.ס מגבונים לפנים 60,יח',60.00,יח',false,,9.10,0.1517,true,1,1456963
7290001990148,false,"סוכר גולדן קלאסי בצנצנת סוגת 1 ק""ג",האי נאם סי או אל.טי.,IL,סוכר גולדן קלסי צנצנת1 קג,יח',1.00,יח',false,,10.90,10.9000,true,1,1448318
7290001990261,false,"סוגת חומוס 1 ק""ג","סוגת תעשיות בע""\מ",IL,"חומוס 1 ק""ג",גרמים,1000.00,100 גרם,false,,14.80,0.0148,true,1,1448319
7290001990278,false,"שעועית לבנה סוגת 1 ק""ג","סוגת תעשיות בע""\מ",IL,"שעועית לבנה 1 ק""ג",גרמים,1000.00,100 גרם,false,,18.90,0.0189,true,1,1448320
7290001990377,false,שעועית בובס 500 גרם סוגת,סוגת תעשיות בעמ,IL,שעועית בובס 500 גר,גרמים,500.00,100 גרם,false,,10.90,0.0218,true,1,1448321
7290001990391,false,אפונה יבשה 1קג סוגת,"סוגת תעשיות בע""\מ",IL,"אפונה 1 ק""ג",גרמים,1000.00,100 גרם,false,,9.40,0.0094,true,1,1448322
7290001990407,false,"עדשים ירוקים 1 ק""ג סוגת","סוגת תעשיות בע""\מ",IL,"עדשים ירוקים 1 ק""ג",גרמים,1000.00,100 גרם,false,,13.80,0.0138,true,1,1448323
7290001990414,false,"עדשים אדומים 1 ק""ג סוגת","סוגת תעשיות בע""\מ",IL,"עדשים אדומים 1 ק""ג",גרמים,1000.00,100 גרם,false,,13.80,0.0138,true,1,1448324
7290002000266,false,שעווה מגע המשי הדבש תפוח למיקרו 500 גרם,המאפיה של הרמן,IL,מגע המשי התפוח ש.למיקרוגל,גרמים,500.00,100 גרם,false,,19.50,0.0390,true,1,1457918
7290002002857,false,ניירות להסרת שיער בשעווה 50 יחידות,"איטיליאן פוד, אס.פי.",IL,מגע המשי נייר הדבש 50יח,יח',50.00,יח',false,,17.90,0.3580,true,1,1457919
7290002003168,false,"שלישיית קרם ידיים קלאסי פנג'ל 80 מ""ל",אינטרקוסמא 1985 במ,IL,מארז שלישית פנג'ל קלאסיק,מיליליטרים,240.00,"100 מ""ל",false,,13.90,0.0579,true,1,1457920
7290002007234,false,אבקת סוכר הנמל 100 גרם,"מיוצר וארוז ע""י: ר.ס",IL,אבקת סוכר הנמל 100 ג,גרמים,100.00,100 גרם,false,,1.60,0.0160,true,1,1450813
7290002007357,false,שקיות צליה דליקטס מיקרוגל הנמל 10 יח',הנמל,IL,שקיות לצליה הנמל 10,יח',10.00,יח',false,,3.80,0.3800,true,1,1450815
7290002008149,false,מדליק פחם מוצק הנמל אריזת 40יח',מ.א.יצור ויבוא מטליו,GB,מדליק פחם מוצק מנגל,יח',40.00,יח',false,,5.80,0.1450,true,1,1450820
7290002008347,false,קורנפלור 500 גרם הנמל,קריות זול,IL,קורנפלור 500 גרם הנמ,גרמים,500.00,100 גרם,false,,6.50,0.0130,true,1,1450824
7290002008507,false,נייר אפיה הנמל 50 יחידות,"הנמל אריזות ושיווק בע""\מ",IL,נייר אפיה הנמל 50 יח,יח',50.00,יח',false,,7.90,0.1580,true,1,1450826
7290002008569,false,מלבין קפה בקופסא הנמל 200 גרם,הנמל אריזות ושיווק ב,IL,מלבין קפה 200 ג,גרמים,200.00,100 גרם,false,,12.90,0.0645,true,1,1450827
7290002008750,false,אבקת אפיה עשירייה הנמל 100 גרם,"מיוצר ע""י:ר.ס. חברה",IL,אבקת אפיה 10x10 גרם,100 יח',100.00,100 יח',false,,1.90,0.0190,true,1,1450829
7290002014201,false,חומוס מעדני מיקי 200 גרם,"סלטי שמיר 2006 בע""\מ",IL,חומוס 200 גרם,100 יח,200.00,100 יח,false,,7.90,0.0395,true,1,1517053
7290002014218,false,טחינה מעדני מיקי 200 גרם,"סלטי שמיר 2006 בע""\מ",IL,טחינה 200 גרם,גרמים,200.00,100 גרם,false,,7.90,0.0395,true,1,1517100
7290002014225,false,חציל במיונז מעדני מיקי 200 גרם,"סלטי שמיר 2006 בע""\מ",IL,חציל במיונז 200 גרם,גרמים,200.00,100 גרם,false,,7.90,0.0395,true,1,1517101
7290002014232,false,סלט טורקי 200 גרם מעדני מיקי,מעדני מיקי,IL,סלט טורקי 200 גרם,גרמים,200.00,100 גרם,false,,7.90,0.0395,true,1,1517102
7290002014751,false,כרוב אדום מעדני מיקי 200 גרם,"סלטי שמיר 2006 בע""\מ",IL,כרוב אדום 200 גרם,גרמים,200.00,100 גרם,false,,7.90,0.0395,true,1,1517103
7290002014799,false,מטבוחה מעדני מיקי 200 גרם,"סלטי שמיר 2006 בע""\מ",IL,מטבוחה 200 גרם,גרמים,200.00,100 גרם,false,,7.90,0.0395,true,1,1517104
7290002019114,false,רוטב עגבניות מרוכז מאד 28-30BX פריניר,פרי ניר,IL,רוטב עגבניות מרוכז מ,גרמים,580.00,100 גרם,false,,6.90,0.0119,true,1,1447224
7290002019183,false,פריניר עגב שלמות במיץA2.5,נטו מלינדה,IL,פריניר עגב שלמות במי,גרמים,800.00,100 גרם,false,,6.80,0.0085,true,1,1447225
7290002019763,false,עגבניות מרוסקות פרי ניר 800 גרם,פרי ניר,IL,פריניר עגב מרוסקות A,גרמים,800.00,100 גרם,false,,6.70,0.0084,true,1,1447226
7290002019787,false,רוטב עגבניות מרוכז מאוד 260 גרם פריניר,פריניר ( הדס 1987) ב,IL,פריניר רוטב עגבניות,גרמים,260.00,100 גרם,false,,3.60,0.0138,true,1,1447227
7290002019794,false,רוטב עגבניות מרוכז מאוד 100 גרם פריניר,פריניר ( הדס 1987) ב,IL,פריניר רוטב עגבניות,גרמים,100.00,100 גרם,false,,1.90,0.0190,true,1,1447228
7290002026341,false,צ'יפס אריסטו רגיל שקיות רשת,מוצרי איכות אמריקאיים,CA,ציפס בטטה פלאנק 500,גרמים,500.00,100 גרם,false,,14.90,0.0298,true,1,1451405
7290002026358,false,צ'יפס אריסטו זיג זג שקיות רשת,מוצרי איכות אמריקאיים,CA,בטטה ציפס זיג זג 500,גרמים,500.00,100 גרם,false,,15.50,0.0310,true,1,1451406
7290002026365,false,טבעות בצל אריסטו קראנץ' 500 גרם,מוצרי איכות אמריקאיים,BE,טבעות בצל 500גר,גרמים,500.00,100 גרם,false,,8.70,0.0174,true,1,1451407
7290002026402,false,בראנץ אנד קראנץ בלינצס גבינה 350 גרם,מוצרי איכות אמריקאיים בע,IL,בלינצ'ס גבינה בראנץ,גרמים,350.00,100 גרם,false,,10.90,0.0311,true,1,1451408
7290002026440,false,פרצלס בייגלה בראנץ אנד קראנץ 280 ג',מוצרי איכות אמריקאיים בע,IL,פרצלס בראנץ קפוא 280,גרמים,280.00,100 גרם,false,,10.90,0.0389,true,1,1451409
7290002026587,false,וופל בלגי פרווה בראנץ אנד קראנץ 8 יח',בראנץ' אנד קראנץ Brunch& Crunch,BE,ופל בלגי בראנץ קפוא,גרמים,280.00,100 גרם,false,,10.90,0.0389,true,1,1451410
7290002026884,false,"מאגדת גלידת בן& ג'ריס צאנקי מיקס 400 מ""ל",מוצרי איכות אמריקאיים בע,IL,מאגדת גלידת בן& ג'רי,100 מל,400.00,100 מל,false,,24.90,0.0622,true,1,1451412
7290002037040,false,חלה קלה פרוסה 500 גרם,מאפית י את א ברמן בע,IL,חלה פלוס ודש 500 גרם,גרמים,500.00,100 גרם,false,,13.80,0.0276,true,1,1454987
7290002037309,false,שמיניית לחמניות המבורגר,מאפית י את א ברמן בע,IL,לחמניות המבורגר 8יח,גרמים,400.00,100 גרם,false,,11.90,0.0298,true,1,1454991
7290002040019,false,קוסקוס רגיל הנמל 350 גרם,"קוסקוס מזון בע""מ",IL,קוסקוס רגיל הנמל 350,גרמים,350.00,100 גרם,false,,5.30,0.0151,true,1,1450832
7290002040064,false,קוסקוס דק הנמל 350 גרם,טרופיקל דגיל תעשיות,IL,קוסקוס דק הנמל 350 ג,גרמים,350.00,100 גרם,false,,5.30,0.0151,true,1,1450833
7290002040071,false,קוסקוס עבה שקית 350 גרם הנמל,"קוסקוס מזון בע""מ",IL,קוסקוס עבה הנמל 350,גרמים,350.00,100 גרם,false,,5.30,0.0151,true,1,1450834
7290002040088,false,קוסקוס מלא הנמל 350 גרם,"קוסקוס מזון בע""מ",IL,קוסקוס מלא הנמל 350,גרמים,350.00,100 גרם,false,,6.30,0.0180,true,1,1450835
7290002043188,false,אקסטרה צ'יפס אורז חום מלא צ'ילי חריף 60 גרם,נוהלס ג'\י אס סי.,BG,אקסטרה ציפס אורז חום,יח',1.00,יח',false,,6.90,6.9000,true,1,1441116
7290002043218,false,אקסטרה צ'יפס אורז חום מלא מלח 60 גרם,נוהלס ג'\י אס סי.,BG,אקסטרה ציפס מלח ים 6,יח',1.00,יח',false,,6.90,6.9000,true,1,1441117
7290002043591,false,אקסטרה צ'יפס אורז חום מלא פפריקה 120 גרם,נוהלס ג'\י אס סי.,BG,אקסטרה ציפס משפחתי פ,גרמים,120.00,100 גרם,false,,11.90,0.0992,true,1,1441129
7290002043782,false,אקסטרה צ'יפס אורז חום מלא טקסס ברביקיו 60 גרם,נוהלס ג'\י אס סי.,BG,אקסטרה ציפס טקסס ברב,יח',1.00,יח',false,,6.90,6.9000,true,1,1441131
7290002043850,false,חטיף אורז אקסטרה בציפוי שוקולד מריר 90 גרם,,,חטיף אורז אקסטרה בצי,גרמים,90.00,100 גרם,false,,12.50,0.1389,true,1,1482740
7290002043867,false,חטיף אורז אקסטרה בציפוי שוקולד לבן 90 גרם,,,חטיף אורז אקסטרה בצי,גרמים,90.00,100 גרם,false,,12.50,0.1389,true,1,1482741
7290002053088,false,אטריות ביצים דקיקים מספר 8 אוריינט 200 גרם,פ.פ.ח טאביט,PL,אטריות ביצים מס' 8 - 200,גרמים,200.00,100 גרם,false,,7.90,0.0395,true,1,1442597
7290002053095,false,אטריות ביצים דקות מספר 10 אוריינט 200 גרם,פ.פ.ח טאביט,PL,אטריות ביצים מס' 10 - 200,גרמים,200.00,100 גרם,false,,7.90,0.0395,true,1,1442598
7290002053354,false,אטריות נודלס סיני להקפצה אוריינט 300 גרם,טאביט ספ.ז.או.או,PL,נודלס סיני 300 גר',גרמים,300.00,100 גרם,false,,13.90,0.0463,true,1,1442601
7290002053538,false,נודלס בסגנון תאילנדי 25 תוספת אוריינטל 500 גרם,פ.פ.ח. טאביה ספ זאו.או,PL,נודלס תיאלנדי 500 גר,גרמים,500.00,100 גרם,false,,13.90,0.0278,true,1,1442602
7290002057017,false,זיתים נובו ענק A2 יבנה 330ג',שיוך למחסן 17,IL,זית נובו 330 גרם,גרמים,330.00,100 גרם,false,,8.90,0.0270,true,1,1448471
7290002057031,false,זיתים מבוקעים פיקנטי קבוצת יבנה 340 גרם,קבוצת יבנה,IL,זית יבנה מבוקע פיקנט,גרמים,340.00,100 גרם,false,,8.90,0.0262,true,1,1448472
7290002057048,false,זית סורי מתובל בשמן קבוצת יבנה 560 גרם,קבוצת יבנה,IL,זית יבנה סורי מבוקע,גרמים,340.00,100 גרם,false,,10.50,0.0309,true,1,1448473
7290002057093,false,זיתים מנזנילו גדול קבוצת יבנה 340 גרם,קבוצת יבנה,IL,זית ירוק גדול מנזלינ,גרמים,340.00,100 גרם,false,,7.90,0.0232,true,1,1448477
7290002057109,false,זיתים יבנה ירוקים גדולים מאוד שום מנזלינ,קבוצת יבנה,IL,זיתים יבנה ירוקים גד,גרמים,340.00,100 גרם,false,,8.90,0.0262,true,1,1448478
7290002057123,false,זיתים ירוקים מנזנילו קבוצת יבנה 560 גרם,קבוצת יבנה,IL,זית חרוזית ירוק יבנה,גרמים,275.00,100 גרם,false,,9.50,0.0345,true,1,1448479
7290002057161,false,זיתים מרינט ביין גדול מאד קבוצת יבנה 340 גרם,קבוצת יבנה,IL,זית מרינדבחומץ יין י,גרמים,340.00,100 גרם,false,,8.90,0.0262,true,1,1448482
7290002057178,false,זיתים שחורים גדולים מנזלינו קבוצת יבנה 3,קבוצת יבנה,IL,זיתים שחורים גדולים,גרמים,340.00,100 גרם,false,,8.70,0.0256,true,1,1448483
7290002057284,false,"זיתים חרוזית קבוצת יבנה 275 גרם בד""ץ",קבוצת יבנה,,זיתים חרוזית 275 גרם,גרמים,275.00,100 גרם,false,,9.50,0.0345,true,1,1448486
7290002057291,false,פלפל חריף שיפקה A2יבנה 540 גרם,קבוצת יבנה,IL,שיפקה 225 גרם יבנה,גרמים,225.00,100 גרם,false,,5.50,0.0244,true,1,1448487
7290002057321,false,"מלפפון במלח ‏25‏-‏21‏ יבנה 1.3 ק""ג",קבוצת יבנה,IL,מלפפון במלח 21-25 יב,גרמים,725.00,100 גרם,false,,15.90,0.0219,true,1,1448488
7290002057352,false,מלפפונים במלח ‏9‏-‏7‏ קבוצת יבנה 320 גרם,קבוצת יבנה מוצרי מזון,IL,מלפפון יבנה במלח גדו,גרמים,320.00,100 גרם,false,,6.50,0.0203,true,1,1448490
7290002057376,false,מלפפונים במלח ‏17‏-‏13‏ קבוצת יבנה 320 גרם,קבוצת יבנה,IL,מלפפון יבנה במלח קטנ,גרמים,320.00,100 גרם,false,,9.90,0.0309,true,1,1448492
7290002057437,false,פלפל שיפקונית קבוצת יבנה 225 גרם,קבוצת יבנה,IL,שיפקונית יבנה,גרמים,650.00,100 גרם,false,,9.90,0.0152,true,1,1448497
7290002057451,false,מלפפונים בחומץ ‏9‏-‏7 קבוצת יבנה 290 גרם,קבוצת יבנה מוצרי מזון,IL,מלפפון יבנה בחומץ גד,גרמים,290.00,100 גרם,false,,6.50,0.0224,true,1,1448498
7290002057468,false,מלפפונים בחומץ בינוני קבוצת יבנה 560 גרם,קבוצת יבנה,IL,מלפפון יבנה בחומץ בי,גרמים,290.00,100 גרם,false,,7.50,0.0259,true,1,1448499
7290002057475,false,מלפפונים בחומץ ‏17‏-‏13 קבוצת יבנה 290 גרם,קבוצת יבנה,IL,מלפפון יבנה בחומץ קט,גרמים,290.00,100 גרם,false,,9.90,0.0341,true,1,1448500
7290002057482,false,מלפפון יבנה בחומץ קטנים מאוד 18-25 290 ג,קבוצת יבנה,IL,מלפפון יבנה בחומץ קט,גרמים,290.00,100 גרם,false,,12.90,0.0445,true,1,1448501
7290002057628,false,טבעות זיתים מושחר קבוצת יבנה 275 גרם,קבוצת יבנה,IL,זית טבעות מושחרים 2,גרמים,275.00,100 גרם,false,,8.90,0.0324,true,1,1448506
7290002057734,false,זיתים חרוזית מושחר קבוצת יבנה 275 גרם,קבוצת יבנה,IL,זית חרוזית שחור יבנה,גרמים,275.00,100 גרם,false,,8.90,0.0324,true,1,1448509
7290002065555,false,שישיית לחמנייה הכי רכה בהפסקה אנג'ל 450 גרם,מאפיית שלמה א. אנג'\ל בע,IL,לחמניות אנג'ל 6 יחיד,גרמים,450.00,100 גרם,false,,10.90,0.0242,true,1,1444616
7290002065616,false,לחם שיפון גרעינים פרוס אחדות 750 גרם,מאפיית שלמה א. אנג'\ל בע,IL,לחם שיפון גרעינים פר,גרמים,750.00,100 גרם,false,,12.50,0.0167,true,1,1444617
7290002065623,false,לחם שיפון של פעם כפרי פרוס אורנים 750 גרם,מאפיית שלמה א. אנג'\ל בע,IL,לחם שיפון של פעם כפר,גרמים,750.00,100 גרם,false,,12.50,0.0167,true,1,1444618
7290002077268,false,מיני קציצות דג לבישול 500 גרם קהילות,האי נאם סי או אל.טי.,IL,מיני קציצות דגים 500,גרמים,500.00,100 גרם,false,,18.90,0.0378,true,1,1450053
7290002105176,false,בשר מס' 4 כתף מחיר לפי מ,עוף ירושלים,IL,כתף מרכזי צרכני מס',קילוגרמים,1.00,"ק""ג",true,,44.90,44.9000,true,1,1463108
7290002105503,false,בורגר מזרחי קפוא גלאט 500ג' מחפוד,עוף ירושלים,IL,המבורגר בקר 500 גר מ,גרמים,500.00,100 גרם,false,,18.90,0.0378,true,1,1463600
7290002105510,false,קבב מזרחי מתובל וקפוא גלאט הדר בשר 500ג',עוף ירושלים,,קבב מזרחי 500-מחפוד,גרמים,500.00,100 גרם,false,,18.90,0.0378,true,1,1463601
7290002105527,false,גולש בקר הדר הבשר מחפוד 800 גרם,עוף ירושלים,IL,גולש בקר 800 גרם מחפ,גרמים,800.00,100 גרם,false,,42.90,0.0536,true,1,1463602
7290002105565,false,טחון הודו 500 גרם מחפוד מהדרין,עוף ירושלים,IL,הודו טחון עוף ירושלי,גרמים,500.00,100 גרם,false,,12.90,0.0258,true,1,1463606
7290002105572,false,צלי כתף מעובד מחפוד עוף י-ם,עוף ירושלים,IL,צלי כתף מעובד קפוא מ,קילוגרמים,1.00,"ק""ג",true,,43.90,43.9000,true,1,1463126
7290002105671,false,טחון עוף 500 גר' קפוא מחפוד,עוף ירושלים,IL,עוף טחון 500 גר מחפו,גרמים,500.00,100 גרם,false,,12.90,0.0258,true,1,1463607
7290002105749,false,"טחון בקר 100% קפוא 1 ק""ג גאלט מחפוד",עוף ירושלים,IL,"בשר טחון 1 ק""ג מחפוד",100 קילו,1.00,100 קילו,false,,44.90,44.9000,true,1,1463610
7290002105756,false,טחון בקר בתוספת חלבון מן הצומח מחפוד,עוף ירושלים,IL,"טחון בקר מחפוד 1ק""ג",גרמים,1000.00,100 גרם,false,,39.90,0.0399,true,1,1463127
7290002107071,false,גבינת פטה עיזים מעודנת 16% משק צוריאל 200 גרם,מחלבת משק צוריאל,IL,בולגרית עיזים מעודנת,גרמים,200.00,100 גרם,false,,22.50,0.1125,true,1,1441729
7290002107385,false,גליל גבינת עיזים מה עז משק צוריאל 180 גרם,מחלבת משק צוריאל,IL,גליל גבינת עיזים מה,גרמים,180.00,100 גרם,false,,19.90,0.1106,true,1,1441730
7290002107491,false,גבינה לבנה מחלב עיזים למריחה 5% משק צוריאל 250 גרם,מחלבת משק צוריאל,IL,גבינה לבנה מחלב עיזי,גרמים,250.00,100 גרם,false,,13.80,0.0552,true,1,1441731
7290002107743,false,צפתית מעודנת5%משק צוריאל,מחלבת משק צוריאל,IL,צפתית מעודנת 5% שקיל,קילוגרמים,1.00,"ק""ג",true,,36.00,36.0000,true,1,1464751
7290002107798,false,גבינה בולגרית מעודנת 5% משק צוריאל 250 גרם,מחלבת משק צוריאל,IL,גבינה בולגרית מעודנת,גרמים,250.00,100 גרם,false,,19.70,0.0788,true,1,1441732
7290002111634,false,חומוס שלם פרי מבורך 290 גרם,"זנלכל בע""\מ",IL,חומוס פרי מבורך 550,גרמים,290.00,100 גרם,false,,6.90,0.0238,true,1,1452389
7290002128397,false,נר נשמה שבועי זכוכית,,,נר נשמה שבועי זכוכית,יח',1.00,יח',false,,9.90,9.9000,true,1,1463996
7290002128410,false,נרות שבת אורה מספר 6,קריות זול,IL,נרות שבת אורה מספר 6,יח',1.00,יח',false,,2.90,2.9000,true,1,1463998
7290002128434,false,נרות שבת אורה 10 יחידות,קריות זול,IL,נרות שבת אורה מספר 1,יח',1.00,יח',false,,2.90,2.9000,true,1,1463999
7290002128458,false,נרות שבת אורה מספר 1,מנורה,,נרות שבת אורה מספר 1,יח',1.00,יח',false,,2.90,2.9000,true,1,1464000
7290002128540,false,זוג נריות זכוכית לשבת רמילוי,,,זוג נריות זכוכית לשב,יח',1.00,יח',false,,4.50,4.5000,true,1,1464003
7290002128663,false,נרות חימום בלוק 50יח רמילוי,,,נרות חימום בלוק 50יח,יח',1.00,יח',false,,9.90,9.9000,true,1,1464004
7290002128816,false,נרות חימום שקית 50יח רמילוי,,,נרות חימום שקית 50יח,יח',1.00,יח',false,,8.90,8.9000,true,1,1464006
7290002128823,false,נרות חימום 100 בשקית רמילוי,,,נרות חימום 100 בשקית,יח',1.00,יח',false,,17.80,17.8000,true,1,1464007
7290002128885,false,נרות חימום 8 שעות 48יח,,,נרות חימום 8 שעות 48,יח',1.00,יח',false,,20.90,20.9000,true,1,1464008
7290002129462,false,פיצה איטלקית דקה שלושת האופים מארז זוג 640 ג',סוילה אס.אר.אל,IT,זוג פיצה איטלקית דקה,יח',1.00,יח',false,,19.90,19.9000,true,1,1450063
7290002129479,false,פיצה איטלקית דקה 320 ג' שלושת האופים,האי נאם סי או אל.טי.,IT,פיצה איטלקית דקה שלו,יח',1.00,יח',false,,13.90,13.9000,true,1,1450064
7290002129486,false,פיצה איטלקית דקה זיתים 340 ג' שלושת האופים,האי נאם סי או אל.טי.,IT,פיצה איטלקית דקה שלו,גרמים,340.00,100 גרם,false,,13.90,0.0409,true,1,1450065
7290002130567,false,דבש דבורים טהור פרחי בר יד מרדכי 350 גרם,מכוורת יד מרדכי שטראוס ב,IL,דבש טהור 350 גרם,גרמים,350.00,100 גרם,false,,16.90,0.0483,true,1,1445514
7290002130574,false,דבש טהור מפרחי בר בזכוכית 500 ג' יד מרדכי,מכוורת יד מרדכי שטראוס ב,IL,דבש טהור 500 גרם,גרמים,500.00,100 גרם,false,,24.70,0.0494,true,1,1445515
7290002130581,false,"דבש טהור מפרחי בר בזכוכית 1 ק""ג",מכוורת יד מרדכי שטראוס ב,IL,"דבש יד מרדכי 1 ק""ג",100 לקג,1.00,100 לקג,false,,42.90,42.9000,true,1,1445516
7290002132011,false,עוגיות מזרחיות מלוחות עבאדי 400 גרם,מאפיית יוסף ושמחה עבאדי,IL,עוגיות מזרחיות מלוחו,גרמים,400.00,100 גרם,false,,16.90,0.0422,true,1,1451202
7290002133162,false,גבינה בולגרית 5% גבינות השומרון 250 גרם,מחלבת השומרון,IL,גבינה בולגרית 5% גבי,גרמים,250.00,100 גרם,false,,16.90,0.0676,true,1,1471832
7290002133551,false,גבינת לאבנה עם שמן זית וזעתר 5% השומרון 500 גרם,מחלבת השומרון,IL,גבינת לאבנה עם שמן ז,גרמים,500.00,100 גרם,false,,14.90,0.0298,true,1,1471837
7290002133889,false,גבינה בולגרית מעודנת 5% 250 גרם,מחלבת השומרון,IL,גבינה בולגרית מעודנת,גרמים,250.00,100 גרם,false,,18.90,0.0756,true,1,1471842
7290002157953,false,מארז נתחי טונה בהירה בשמן קנולה - 4 יחידות,דיאמנט פוד פרודקט,IL,טונה ויליגר 392 גרם,גרמים,392.00,100 גרם,false,,18.90,0.0482,true,1,1450066
7290002157960,false,רביעיית טונה במים ויליגר 140 גרם,ויליגר,IL,טונה ויליגר 392 גרם,גרמים,392.00,100 גרם,false,,18.90,0.0482,true,1,1450067
7290002195979,false,בלדי בשר צלעות מס 2 בדץ מוצפי,,,צלעות 22 צרכני חלק,קילוגרמים,1.00,"ק""ג",true,,37.90,37.9000,true,1,1456940
7290002232964,false,ציפוי לשניצל פז טחון דק 500 גרם דגש,"תירפז בע""מ",IL,ציפוי לשניצל פז טחון,גרמים,500.00,100 גרם,false,,26.80,0.0536,true,1,1441451
7290002232995,false,ציפוי לשניצל פז 500 גרם דגש,פ.פ.ח. שאביט,IL,ציפוי לשניצל פז 500,גרמים,500.00,100 גרם,false,,26.80,0.0536,true,1,1441452
7290002253006,false,שום כתוש דורות בצנצנת 200 גרם,עיצובים 2020 (3.8),IL,דורות שום כתוש טרי 2,גרמים,200.00,100 גרם,false,,15.90,0.0795,true,1,1446468
7290002253105,false,קוביות שום כתוש טרי דורות 80 גרם,עיצובים 2020 (3.8),IL,דורות קוביות שום טרי,גרמים,80.00,100 גרם,false,,9.90,0.1238,true,1,1446470
7290002253150,false,קוביות בזיליקום קצוץ דורות 70 גרם,עיצובים 2020 (3.8),IL,קוביות בזיליקום קצוץ,גרמים,70.00,100 גרם,false,,9.50,0.1357,true,1,1446471
7290002253167,false,פטרוזיליה קצוצה דורות 70 גרם,עיצובים 2020 (3.8),IL,פטרוזיליה קצוצה דורו,גרמים,70.00,100 גרם,false,,9.50,0.1357,true,1,1446472
7290002253181,false,קוביות כוסברה קצוצה דורות 70 גרם,עיצובים 2020 (3.8),IL,קוביות כוסברה קצוצה,גרמים,70.00,100 גרם,false,,9.50,0.1357,true,1,1446474
7290002253235,false,דורות רוטב פסטו 160 גרם,עיצובים 2020 (3.8),IL,דורות רוטב פסטו 160ג,גרמים,160.00,100 גרם,false,,10.90,0.0681,true,1,1446476
7290002253310,false,דורות שום צילי חריף קוביות תערובת 80 גר,עיצובים 2020 (3.8),IL,דורות שום צילי חריף,יח',1.00,יח',false,,12.90,12.9000,true,1,1446479
7290002253495,false,דורות תבל לטחינה ביתית תערובת קוביות 70 גרם,עיצובים 2020 (3.8),IL,דורות תיבול לטחינה ב,יח',1.00,יח',false,,10.40,10.4000,true,1,1446480
7290002259640,false,דיימונד רדיד אלומיניום צר 30 ס''מ 7.5 מ'-,ריינולדס מוצרי צריכה,US,רדיד אלומיניום צר רוחב 30,אורך,7.62,אורך,false,,11.90,1.5617,true,1,1455765
7290002259657,false,"דייאמונד רדיד אלומיניום צר 30 ס""מ ארוך פי 3, 22.5 מ'",קריות זול,US,רדיד אלומיניום צר רוחב 30,אורך,22.86,אורך,false,,23.90,1.0455,true,1,1455766
7290002259664,false,רדיד אלומיניום דיימונד גדול 60X0.60מ',ריינולדס מוצרי צריכה,US,רדיד אלומיניום צר רוחב 30,אורך,60.00,אורך,false,,54.90,0.9150,true,1,1455767
7290002263661,false,מיץ לימון 250מל 100% אחוז טבעי,,IT,מיץ לימון 250מל 100%,יח',1.00,יח',false,,7.80,7.8000,true,1,1441139
7290002269953,false,קרליין - מסיר איפור דו פאזי כחול,קרליין,IL,מסיר איפור 2 פאזות כ,גרמים,200.00,100 גרם,false,,35.00,0.1750,true,1,1457600
7290002277248,false,גבינת מון בלאן עם זעתר 120ג',שלושת האופים,IL,מון בלאן זעתר,גרמים,120.00,100 גרם,false,,8.90,0.0742,true,1,1450069
7290002281429,false,סטייק טונה אדומה מעובד ק,בון צון פישארי,VN,סטייק דג טונה אדומה,קילוגרמים,1.00,"ק""ג",true,,54.90,54.9000,true,1,1449964
7290002281436,false,סטייק דג טונה בהירה קפוא ללא עור,בין דין פישרי ויאטנם,VN,סטייק דג טונה בהירה,קילוגרמים,1.00,"ק""ג",true,,44.90,44.9000,true,1,1449965
7290002298571,false,אוסובוקו עם עצם קפוא מחפוד,,,אוסובוקו עם עצם פרוס,קילוגרמים,1.00,"ק""ג",true,,64.90,64.9000,true,1,1463172
7290002331025,false,"מים מינרלים נביעות ספורט 500 מ""ל פקדון",נביעות טבע הגליל בעמ,IL,מים מינרלים נביעות ס,מיליליטרים,500.00,"100 מ""ל",false,,3.30,0.0066,true,1,1442308
7290002331360,false,"נביעות מים מינרליים טו גו מארז 500X6מ""ל",נביעות טבע,IL,מים מינרלים נביעות 6,ליטרים,3.00,ליטר,false,,14.70,4.9000,true,1,1442352
7290002331421,false,"שישיית מים מינרליים GO TO נביעות 755 מ""ל",נביעות טבע הגליל בעמ,IL,מים מינרלים נביעות 6,ליטרים,4.53,ליטר,false,,16.90,3.7307,true,1,1442353
7290002331483,false,"שישיית נביעות אישי בייבי 320 מ""ל",נביעות טבע הגליל בעמ,IL,מים מינרלים נביעות 6,ליטרים,1.92,ליטר,false,,13.90,7.2396,true,1,1442354
7290002331490,false,מים מינרליים נביעות 1 ליטר,נביעות טבע הגליל בעמ,IL,מים מינרליים נביעות,ליטרים,1.00,ליטר,false,,2.90,2.9000,true,1,1498210
7290002333494,false,שעועית אזוקי אורגנית הרדוף 500 גרם,טריאקי,IL,הרדוף שעועית אזוקי א,גרמים,500.00,100 גרם,false,,11.90,0.0238,true,1,1471408
7290002342038,false,מיקרופייבר לניקוי והברקת זכוכיות,,,מקרופייבר לניקוי זכו,יח',1.00,יח',false,,7.90,7.9000,true,1,1464192
7290002345022,false,אנטריקוט דק דק מינוט סטייק אל גאוצ'ו 250 גרם,"טיבון ויל אחזקות בע""\מ",IL,אנטריקוט דקדק 250 גר,גרמים,250.00,100 גרם,false,,15.90,0.0636,true,1,1450080
7290002345060,false,גב.מאסדם הולנדי 29% משקל,סר קאשנדל בי.וי,NL,מאסדם הולנדי,קילוגרמים,1.00,"ק""ג",true,,75.00,75.0000,true,1,1463910
7290002345077,false,שניצל בקר מינוט אל גאוצ'ו קפוא 250 גר,"טיבון ויל אחזקות בע""\מ",IL,שניצל בקר דקדק קפוא,גרמים,250.00,100 גרם,false,,14.90,0.0596,true,1,1450081
7290002345121,false,אסאדו דקדק אל גאוצ'ו 250 גרם,"טיבון ויל אחזקות בע""\מ",IL,אסאדו דקדק 250 גר,גרמים,250.00,100 גרם,false,,24.90,0.0996,true,1,1450082
7290002345152,false,לימון כבוש 250 גרם רמי לוי,,,לימון כבוש 250 גרם ר,גרמים,250.00,100 גרם,false,,12.90,0.0516,true,1,1461997
7290002345169,false,סחוג ירוק 250גר רמי לוי,,,סחוג ירוק 250גר רמי,גרמים,250.00,100 גרם,false,,12.90,0.0516,true,1,1461998
7290002345183,false,אריסה מתוקה 250 גר רמי לוי,,,אריסה מתוקה 250 גר ר,גרמים,250.00,100 גרם,false,,12.90,0.0516,true,1,1462000
7290002345190,false,אריסה חריפה 250 גר רמי לוי,,,אריסה חריפה 250 גר ר,גרמים,250.00,100 גרם,false,,12.90,0.0516,true,1,1462001
7290002345206,false,שום כתוש 250 גר רמי לוי,,,שום כתוש 250 גר רמי,גרמים,250.00,100 גרם,false,,12.90,0.0516,true,1,1462002
7290002345213,false,פלפל צומה 250 גרם רמי לוי,,,פלפל צומה 250 גרם רמ,גרמים,250.00,100 גרם,false,,12.90,0.0516,true,1,1462003
7290002345220,false,עמבה 250 גר רמי לוי,,,עמבה 250 גר רמי לוי,גרמים,250.00,100 גרם,false,,12.90,0.0516,true,1,1462004
7290002345237,false,ממרח לימון כבוש 250 גר רמי לוי,,,ממרח לימון כבוש 250,גרמים,250.00,100 גרם,false,,12.90,0.0516,true,1,1462005
7290002345244,false,ממרח שום 250גר רמי לוי,,,ממרח שום 250גר רמי ל,גרמים,235.00,100 גרם,false,,12.90,0.0549,true,1,1462006
7290002345275,false,פילה דג סלמון מעושן 100 גר,,,פילה דג סלמון מעושן,גרמים,100.00,100 גרם,false,,17.90,0.1790,true,1,1462008
7290002345435,false,פילה מרלוזה ארגנטינאיתקפ,דלידג - נטו,IL,פילה מרלוזה ארגנטינא,קילוגרמים,1.00,"ק""ג",true,,26.90,26.9000,true,1,1449970
7290002349020,false,מלכודת עש המזון ללא,,,מלכודת עש המזון,יח',1.00,יח',false,,24.90,24.9000,true,1,1464196
7290002349044,false,ספוג הקסם שלישייה-רמ,,,ספוג הקסם WOW רמילוי,יח',1.00,יח',false,,8.90,8.9000,true,1,1464350
7290002349051,false,מלכות עש הבגדים ללא,,,מלכודת עש הבגדים,יח',1.00,יח',false,,24.90,24.9000,true,1,1464198
7290002349198,false,ספוג רחצה סאקי,,,ספוג סאקי,יח',1.00,יח',false,,11.90,11.9000,true,1,1464351
7290002349204,false,ספוג רצועות לגב,,,ספוג רצועות לגב,יח',1.00,יח',false,,11.90,11.9000,true,1,1464352
7290002349334,false,מטלית פרימיום לניקוי כללי,,,מטלית פרימיום לניקוי,יח',1.00,יח',false,,11.90,11.9000,true,1,1464358
7290002349594,false,מטליות משולבות עם ספוג מיקרופייבר,,,מטליות משולבות עם ספ,יחידה,0.00,יחידה,false,,14.90,0.0000,true,1,1477386
7290002349907,false,מטלית רצפה מיקרופייבר,,,מטלית רצפה מיקרופייב,יח',1.00,יח',false,,8.90,8.9000,true,1,1477384
7290002353836,false,סרדינים רוברט בשמן זית 115 גרם,קונסרבס פורטוגל נורטה,PT,סרדינים בשמן זית רוב,גרמים,125.00,100 גרם,false,,7.90,0.0632,true,1,1474096
7290002360124,false,חליטת צמחים ורד הבר והיביסקוס פומפדור 20 יחידות,TEEKANNE- POMPADOU,DE,חליטת צמחים ורד הבר,גרמים,30.00,100 גרם,false,,11.90,0.3967,true,1,1444831
7290002360155,false,חליטת תה פרחי שומר פומפדור 20 שקיקים,TEEKANNE- POMPADOU,DE,חליטת שומר פומפדור 2,גרמים,40.00,100 גרם,false,,11.90,0.2975,true,1,1444832
7290002360278,false,חליטת צמחים פומפדור מנטה 20 יחידות,"איטיליאן פוד, אס.פי.",DE,חליטת מנטה פומפדור 2,גרמים,45.00,100 גרם,false,,11.90,0.2644,true,1,1444833
7290002360285,false,חליטת צמחים פומפדור קמומיל 20 יחידות,TEEKANNE- POMPADOU,DE,חליטת קמומיל פומפדור,גרמים,30.00,100 גרם,false,,11.90,0.3967,true,1,1444834
7290002370253,false,גורגונזולה איטלקי29%משקל,איגור SRL,IT,*מבצע* גבינת גורגונ,קילוגרמים,1.00,"ק""ג",true,,100.00,100.0000,true,1,1480077
7290002370475,false,גבינת דנהבלו בשלה31%משקל,קסרייס,ES,*מבצע* גבינה דנבלו,קילוגרמים,1.00,"ק""ג",true,,55.00,55.0000,true,1,1462849
7290002370543,false,גבינת קשה כבשים מנצ',,,גבינת קשה כבשים מנצ',קילוגרמים,1.00,"ק""ג",true,,97.00,97.0000,true,1,1462853
7290002370598,false,גבינת גאודה בגלגל הו,,,גבינת גאודה בגלגל הו,קילוגרמים,1.00,"ק""ג",true,,67.00,67.0000,true,1,1462857
7290002370604,false,גבינת עיזים חלב ישרא,,,גבינת עיזים חצי קשה,קילוגרמים,1.00,"ק""ג",true,,98.00,98.0000,true,1,1462858
7290002370628,false,גבינת חצי קשה קשקבל,,,גבינת חצי קשה קשקבל,קילוגרמים,1.00,"ק""ג",true,,69.00,69.0000,true,1,1462860
7290002370635,false,גבינת גאודה הולנדית,,,גבינת גאודה הולנדית,קילוגרמים,1.00,"ק""ג",true,,49.00,49.0000,true,1,1462861
7290002370642,false,גבינת ברי צרפתית שקי,,,גבינת ברי צרפתית שקי,קילוגרמים,1.00,"ק""ג",true,,89.00,89.0000,true,1,1462862
7290002370727,false,גבינת איבריקו רמי לו,,,גבינת איבריקו שקיל,קילוגרמים,1.00,"ק""ג",true,,97.00,97.0000,true,1,1462865
7290002370789,false,גבינת כבשים עם פטריות כמהין במשקל 36% שו,אל פסטור,ES,*מבצע* גבינת כבשים פ,קילוגרמים,1.00,"ק""ג",true,,120.00,120.0000,true,1,1462866
7290002370802,false,גבינת עיזים בלוק רמי,,,גבינת עיזים בלוק רמי,קילוגרמים,1.00,"ק""ג",true,,100.00,100.0000,true,1,1462868
7290002370857,false,גבינת קשקבל גלגל רמי,,,גבינת קשקבל גלגל רמי,קילוגרמים,1.00,"ק""ג",true,,74.00,74.0000,true,1,1462872
7290002370864,false,גבינת מנצ'גו גלגל רמ,,,גבינת מנצ'גו גלגל רמ,קילוגרמים,1.00,"ק""ג",true,,100.00,100.0000,true,1,1462873
7290002370994,false,גבינת גאודה עם פטריות כמהין שקיל,רובין הולנד,NL,*מבצע* גבינת גאודה פ,קילוגרמים,1.00,"ק""ג",true,,110.00,110.0000,true,1,1462877
7290002371526,false,דקניקים סלסולי פסטרמה שום וצילי פיקנטי טירת צבי 120 גרם,הנסיך- מפעל לייצור ט,IL,סלסולי פסטרמה שום וצ,גרמים,120.00,100 גרם,false,,14.90,0.1242,true,1,1443180
7290002371533,false,דקניקים סלסולי פסטרמה דבש טירת צבי 120 גרם,הנסיך- מפעל לייצור ט,IL,סלסולי פסטרמה דבש,גרמים,120.00,100 גרם,false,,13.90,0.1158,true,1,1443181
7290002371540,false,דקניקים קורנדביף ללא גלוטן טירת צבי 120 גרם,הנסיך- מפעל לייצור ט,IL,קורנדביף 120 גר,גרמים,120.00,100 גרם,false,,13.90,0.1158,true,1,1443182
7290002371854,false,נקניקיות עוף חריפות טירת צבי 2 * 500 גרם,הנסיך- מפעל לייצור ט,IL,נקניקיות עוף חריפות,100 לקג,1.00,100 לקג,false,,22.90,22.9000,true,1,1443183
7290002371939,false,סרוולד בסגנון צרפתי דליקטיב 120 גרם,הנסיך- מפעל לייצור ט,IL,סרוולד צרפתי מ.ק. 12,גרמים,120.00,100 גרם,false,,23.90,0.1992,true,1,1443184
7290002374640,false,שמן בריאות קנולה פלוס אומגה 3 עץ הזית 1 ליטר,שמן תעשיות,EE,שמן קנולה פלוס אומגה,ליטרים,1.00,ליטר,false,,16.50,16.5000,true,1,1448328
7290002385738,false,גד סדרת דליקטס מנצ'גו 34% במשקל,מחלבות גד,IL,מנצ'גו משולש,קילוגרמים,1.00,"ק""ג",true,,134.00,134.0000,true,1,1447277
7290002395409,false,גבינה צהובה 28% נועם,החברה המרכזית,,ג. צהובה 28% נעם,קילוגרמים,1.00,"ק""ג",true,,44.70,44.7000,true,1,1441709
7290002395416,false,גבינה צהובה נעם 9%,החברה המרכזית,,ג. צהובה 9% נעם,קילוגרמים,1.00,"ק""ג",true,,71.00,71.0000,true,1,1441710
7290002395423,false,גבינה צהובה 22% נועם,החברה המרכזית,,ג.צהובה 22% נעם,קילוגרמים,1.00,"ק""ג",true,,42.50,42.5000,true,1,1441711
7290002402978,false,צוואר כבש לתנור ארוז קפוא מחפוד,,,צוואר כבש לתנור קפוא,קילוגרמים,1.00,"ק""ג",true,,71.90,71.9000,true,1,1463206
7290002404583,false,"יין בראשית קברנה ארזה 750 מ""ל",יקבי ארזה,IL,"קברנה 750 מנ""ל",מיליליטרים,750.00,"100 מ""ל",false,,34.90,0.0465,true,1,1469402
7290002404590,false,"יין מרלו הראשית 750 מ""ל היוצר",יקבי ארזה,IL,היוצר בראשית מרלו,מיליליטרים,750.00,"100 מ""ל",false,,34.90,0.0465,true,1,1469403
7290002404613,false,"יין וירטואוז קברנה 750 מ""ל היוצר",יקבי ארזה,IL,היוצר וירטואוזו קברנ,מיליליטרים,750.00,"100 מ""ל",false,,44.90,0.0599,true,1,1469405
7290002404620,false,"יין היוצר וירטואוזו מרלו 750 מ""ל",יקבי ארזה,IL,היוצר וירטואוזו מרלו,מיליליטרים,750.00,"100 מ""ל",false,,44.90,0.0599,true,1,1469406
7290002404637,false,"יין וירטואוז שירז 750 מ""ל היוצר",יקבי ארזה,IL,היוצר וירטואוזו שירז,מיליליטרים,750.00,"100 מ""ל",false,,44.90,0.0599,true,1,1469407
7290002404828,false,מיץ ענבים תירוש יקב ארזה 1 ליטר,יקבי ארזה,IL,מיץ ענבים תירוש יקב,ליטרים,1.00,ליטר,false,,15.90,15.9000,true,1,1469409
7290002404958,false,יין גינוסר ליטר -מתוק לקידוש 1 ליטר,יקבי ארזה,IL,גנוסר יין אדום מתוק,ליטרים,1.00,ליטר,false,,14.90,14.9000,true,1,1469411
7290002410072,false,"חמסי בצק עלים 1 ק""ג",מעדני הטלה,IL,"חמסי בצק עלים 1 ק""ג",גרמים,1000.00,100 גרם,false,,15.90,0.0159,true,1,1462564
7290002420927,false,נקניקיות קראנץ 1קג ר,,,נקניקיות קראנץ 1קג ר,100 קילו,1.00,100 קילו,false,,26.90,26.9000,true,1,1464141
7290002420934,false,נקניקיות עוף 400 גרם,,,נקניקיות עוף 400 גר,גרמים,400.00,100 גרם,false,,10.90,0.0273,true,1,1464142
7290002439981,false,קלאסיקו קבב בקר אל גאוצ'ו,"טיבון ויל אחזקות בע""\מ",IL,קלאסיקו קבב בקר אל ג,גרמים,400.00,100 גרם,false,,23.90,0.0597,true,1,1450091
7290002439998,false,קלאסיקו קבב בקר וכבש אלג,טיבון ויל - נטו,IL,קלאסיקו קבב בקר כבש,גרמים,400.00,100 גרם,false,,23.90,0.0597,true,1,1450092
7290002453383,false,מרגז טלה קצביית פרימ,קצביית פרימיום,IL,מרגז טלה 500 גר,גרמים,500.00,100 גרם,false,,24.90,0.0498,true,1,1469153
7290002453529,false,המבורגר אנטריקוט 400 ג',קצביית פרימיום,IL,אנטריקוט בורגר 400גר,גרמים,400.00,100 גרם,false,,21.80,0.0545,true,1,1469155
7290002453802,false,קבב אסלי בוואקום קפו,קצביית פרימיום,IL,קבב אסא וואקום,קילוגרמים,1.00,"ק""ג",true,,29.90,29.9000,true,1,1469143
7290002487364,false,שלושת האופים ב. פילו גבינה זיתים 700 גר לנדא,שלושת האופים שגמור,IL,בורקס פילו גבינה זית,גרמים,700.00,100 גרם,false,,17.90,0.0256,true,1,1450094
7290002488057,false,"תמר מגהול פרימיום 2 ק""",,,תמר מגהול פרימיום 2,יח',1.00,יח',false,,44.90,44.9000,true,1,1454047
7290002507123,false,שריר טרי אמריקאי קג,,IL,שריר 8 טרי נברסקה,קילוגרמים,1.00,"ק""ג",true,,59.90,59.9000,true,1,1471067
7290002507284,false,שניצל נסיכה מטוגן קפוא 700 גרם,האי נאם סי או אל.טי.,IL,שניצל דג מצופה 700 ג,גרמים,700.00,100 גרם,false,,24.90,0.0356,true,1,1449971
7290002507604,false,פיצה שגב השף מאיטליה 350 גרם,האי נאם סי או אל.טי.,IT,פיצת השף שגב 320 ג,גרמים,320.00,100 גרם,false,,15.80,0.0494,true,1,1450099
7290002511137,false,מעדניה - פטה עיזים,מחלבת המושבה,IL,פטה עיזים 18%,קילוגרמים,1.00,"ק""ג",true,,99.00,99.0000,true,1,1461829
7290002511212,false,גבינה עירקית מושבה,מחלבת המושבה,IL,צפתית עירקית 25%,קילוגרמים,1.00,"ק""ג",true,,65.00,65.0000,true,1,1461830
7290002511243,false,בולגרית מסורתית 16% משקל,"מחלבת המושבה בע""מ",IL,בולגרית מסורתית 16%,קילוגרמים,1.00,"ק""ג",true,,43.00,43.0000,true,1,1461833
7290002511250,false,גב.שמנת שום שמיר30% משקל,"מחלבת המושבה בע""מ",IL,שמנת שום שמיר 30%,קילוגרמים,1.00,"ק""ג",true,,38.00,38.0000,true,1,1461834
7290002511267,false,שמנת 30% פיקנטי המוש,"מחלבת המושבה בע""מ",IL,שמנת בטעם פסטו,קילוגרמים,1.00,"ק""ג",true,,38.00,38.0000,true,1,1461835
7290002511274,false,גבינת שמנת זיתים30%משקל,"מחלבת המושבה בע""מ",IL,שמנת זיתים 30%,קילוגרמים,1.00,"ק""ג",true,,38.00,38.0000,true,1,1461836
7290002511281,false,גבינת ברינזה צאן18% משקל,"מחלבת המושבה בע""מ",IL,ברינזה צאן 16%,קילוגרמים,1.00,"ק""ג",true,,67.00,67.0000,true,1,1461837
7290002511311,false,גבינת פיקורינו כבשים,,,גבינת פיקורינו כבשים,קילוגרמים,1.00,"ק""ג",true,,120.00,120.0000,true,1,1461838
7290002511328,false,גבינת קצ'קבל כבשים מ,מחלבת המושבה,IL,גבינת קצ'קבל כבשים מ,קילוגרמים,1.00,"ק""ג",true,,120.00,120.0000,true,1,1461839
7290002511335,false,גבינת תום כבשים מעדנ,מחלבת המושבה,IL,גבינת תום כבשים מעדנ,קילוגרמים,1.00,"ק""ג",true,,120.00,120.0000,true,1,1461840
7290002511397,false,גבינת ברי בקר במשקל,מחלבת מושבה,IL,ברי בקר המושבה,קילוגרמים,1.00,"ק""ג",true,,79.00,79.0000,true,1,1461842
7290002511427,false,אצבעות שוקולד וניל במשקל,"מחלבת המושבה בע""מ",IL,אצבעות שוקולד וניל,קילוגרמים,1.00,"ק""ג",true,,54.00,54.0000,true,1,1461843
7290002511434,false,אצבעות גבינה בטעמים משקל,מחלבת המושבה,IL,אצבעות שוקולד צימוקי,קילוגרמים,1.00,"ק""ג",true,,59.00,59.0000,true,1,1461844
7290002511670,false,גבינת צ'דר המושבה מע,,,גבינת צ'דר המושבה מע,קילוגרמים,1.00,"ק""ג",true,,87.00,87.0000,true,1,1461849
7290002511748,false,גבינת גאודה כמהין,"מחלבת המושבה בע""מ",IL,גבינת גאודה כמהין,קילוגרמים,1.00,"ק""ג",true,,128.00,128.0000,true,1,1461851
7290002511755,false,גבינת גאודה פסטו,,,גבינת גאודה פסטו,קילוגרמים,1.00,"ק""ג",true,,128.00,128.0000,true,1,1461852
7290002511762,false,גבינת ברי פקאן משקל,מחלבת מושבה,IL,ברי פקאן,קילוגרמים,1.00,"ק""ג",true,,79.00,79.0000,true,1,1461853
7290002512004,false,מלוואח צנעני 900 גרם,צנעני מוצרי בצק,IL,מלווח צנעני 900 ג,גרמים,900.00,100 גרם,false,,19.90,0.0221,true,1,1458208
7290002512011,false,ג'חנון צנעני 900 גרם,צנעני מוצרי בצק,IL,גחנון צנעני 900 ג,גרמים,900.00,100 גרם,false,,19.90,0.0221,true,1,1458209
7290002512035,false,"בצק עלים צנעני 1 ק""ג",צנעני מוצרי בצק,IL,בצק עלים 1קג,יח',1.00,יח',false,,17.90,17.9000,true,1,1458210
7290002512264,false,צנעני גחנון מופחת שומן רווי 700 גר',צנעני,IL,גחנון מופחת שומן 700,גרמים,700.00,100 גרם,false,,17.90,0.0256,true,1,1458213
7290002515333,false,"ד""ר פישר - קמיל בלו סנסיטיב אל סבון עדין לתינוק 500 מ""ל",פישר מעבדות פרמצבטיות בע,IL,קמיל בלו סנסיטיב אל סבון,מיליליטרים,500.00,"100 מ""ל",false,,17.90,0.0358,true,1,1456964
7290002543046,false,קלוגס פרוסטיס דגנים וסוכר 750ג',קלוג מנייופרטורינג א,ES,קלוגס פרוסטיס 750 ג',גרמים,750.00,100 גרם,false,,14.90,0.0199,true,1,1451507
7290002543237,false,דגני בוקר קלוגס קורנפלקס 750 גרם,קלוגס קומפני אוף גרייט ב,GB,קלוגס קורנפלקס 750 ג',גרמים,750.00,100 גרם,false,,13.90,0.0185,true,1,1451508
7290002552499,false,מאגדת שלגוני שרבט פרווה תות מנגו 8 יח' ריאו,"גלידות ריאו ביח""ר לג",IL,מאגדת שמיניות שלגוני,יח',1.00,יח',false,,14.50,14.5000,true,1,1455051
7290002552772,false,מאגדת ארטיק קרח 10 יח' ריאו,"גלידות ריאו ביח""ר לג",IL,קרחונים בטעמים שונים,יח',1.00,יח',false,,9.90,9.9000,true,1,1455052
7290002581352,false,קרקר עם חיטה מלאה ללא סוכר 250 גר',אפיפית נצרת,IL,דגן קרקר חיטה מלאה ה,גרמים,250.00,100 גרם,false,,6.90,0.0276,true,1,1471744
7290002581536,false,הדר וופל נפוליטנה ללא סוכר 250 גרם,אפיפית נצרת,IL,"וופל נפוליטנה ללת""ס",גרמים,250.00,100 גרם,false,,7.80,0.0312,true,1,1471734
7290002596448,false,חזה בקר כבוש קורנדבי,מעדני הטלה והעגל,IL,חזה בקר כבוש קורנדבי,קילוגרמים,1.00,"ק""ג",true,,35.90,35.9000,true,1,1462558
7290002596455,false,מעדני הטלה המבורגר 2,,,"המבורגר שקית 2 ק""ג",גרמים,2000.00,100 גרם,false,,54.90,0.0274,true,1,1491829
7290002603474,false,פיצת השף מאיטליה רוטב פטריות בטעם כמהין 256 גרם,סוילה אס.אר.אל,IT,פיצת השף מאיטליה שגב,גרמים,220.00,100 גרם,false,,12.90,0.0586,true,1,1450103
7290002603498,false,פיצת השף מאיטליה אנטי פסטי 256 גרם,האי נאם סי או אל.טי.,IT,פיצת השף מאיטליה שגב,גרמים,220.00,100 גרם,false,,12.90,0.0586,true,1,1450105
7290002603504,false,פיצת השף מאיטליה CHEF שגב עגבניות ובצל סגול 200 גרם,סוילה אס.אר.אל,IT,פיצת השף מאיטליה שגב,גרמים,220.00,100 גרם,false,,12.90,0.0586,true,1,1450106
7290002603764,false,כיסוני תפוא 600 גר רמי לוי,,,כיסוני תפוא 600 גר ר,גרמים,600.00,100 גרם,false,,9.90,0.0165,true,1,1462009
7290002603771,false,פלמני כיסוני בשר 600 גר רמי לוי,,,פלמני כיסוני בשר 600,גרמים,600.00,100 גרם,false,,9.90,0.0165,true,1,1462010
7290002603788,false,קובה חמוסטה 600 גר רמי לוי,,,קובה חמוסטה 600 גר ר,גרמים,600.00,100 גרם,false,,9.90,0.0165,true,1,1462011
7290002603801,false,קובה למרק 600 גר רמי לוי,,,קובה למרק 600 גר רמי,גרמים,600.00,100 גרם,false,,9.90,0.0165,true,1,1462012
7290002603863,false,אמפנדס בשר 600 גר רמי לוי,,,אמפנדס בשר 600 גר רמ,גרמים,600.00,100 גרם,false,,9.90,0.0165,true,1,1462018
7290002603887,false,קובה מטוגן 600 גר רמי לוי,,,קובה מטוגן 600 גר רמ,גרמים,600.00,100 גרם,false,,9.90,0.0165,true,1,1462019
7290002603900,false,פלאפל 500 גר רמי לוי,,,פלאפל 500 גר רמי לוי,גרמים,600.00,100 גרם,false,,9.90,0.0165,true,1,1462021
7290002603917,false,מאפה עלים למילוי 500 גר רמי לוי,,,מאפה עלים למילוי 500,גרמים,500.00,100 גרם,false,,9.90,0.0198,true,1,1462022
7290002603924,false,מאפה אגרול סיני 600 גר רמי לוי,,,מאפה אגרול סיני 600,גרמים,600.00,100 גרם,false,,9.90,0.0165,true,1,1462023
7290002603931,false,מאפה פסטל בשר 600 גר רמי לוי,,,מאפה פסטל בשר 600 גר,גרמים,600.00,100 גרם,false,,9.90,0.0165,true,1,1462024
7290002603948,false,"מאפה פסטל תפו""א 600 גר רמי לוי",,,"מאפה פסטל תפו""א 600",גרמים,600.00,100 גרם,false,,9.90,0.0165,true,1,1462025
7290002603955,false,מאפה סיגר בשר 600 גר רמי לוי,,,מאפה סיגר בשר 600 גר,גרמים,600.00,100 גרם,false,,9.90,0.0165,true,1,1462026
7290002603962,false,"מאפה סיגר תפו""א 600 גר רמי לוי",,,"מאפה סיגר תפו""א 600",גרמים,600.00,100 גרם,false,,9.90,0.0165,true,1,1462027
7290002603979,false,פיצה איטלקית 320גר רמי לוי,,,פיצה איטלקית 320גר ר,גרמים,350.00,100 גרם,false,,11.90,0.0340,true,1,1462028
7290002603986,false,פיצה מרגריטה זוג 640 גרם רמי לוי,,,פיצה מרגריטה זוג 640,גרמים,640.00,100 גרם,false,,20.90,0.0327,true,1,1462029
7290002603993,false,פיצה מרגריטה זיתים 340 גר רמי לוי,,,פיצה מרגריטה זיתים 3,גרמים,350.00,100 גרם,false,,12.90,0.0369,true,1,1462030
7290002608387,false,רבע בגט,,,רבע בגט,יח',1.00,יח',false,,1.79,1.7900,true,1,1442055
7290002608417,false,חצי בגט,,,חצי בגט,יח',1.00,יח',false,,3.20,3.2000,true,1,1442056
7290002608509,false,לחם מחמצת זיתי קלמנט,,,לחם מחמצת זיתי קלמטה,גרמים,530.00,100 גרם,false,,16.90,0.0319,true,1,1442059
7290002608516,false,לחם מחמצת מקמח מלא 5,פילסברי,,לחם מחמצת מקמח מלא,יח',1.00,יח',false,,16.90,16.9000,true,1,1442060
7290002610014,false,חזה עוף טרי תפז'-כשר,,,חזה עוף טרי תפז'-כשר,קילוגרמים,1.00,"ק""ג",true,,19.90,19.9000,true,1,1463268
7290002610175,false,כרעיים עוף קפוא ארוז חתם סופר,,,כרעיים עוף ארוז קפוא,קילוגרמים,1.00,"ק""ג",true,,25.90,25.9000,true,1,1463272
7290002610182,false,חזה עוף קפוא ארוז חתם סופר,,,חזה עוף ארוז קפוא חת,קילוגרמים,1.00,"ק""ג",true,,28.90,28.9000,true,1,1463273
7290002610199,false,כנפיים עוף קפוא ארוז חתם סופר,,,כנפיים עוף ארוז קפוא,קילוגרמים,1.00,"ק""ג",true,,8.90,8.9000,true,1,1463274
7290002610205,false,שוקיים עוף קפוא ארוז חתם סופר,,,שוקיים עוף ארוז קפוא,קילוגרמים,1.00,"ק""ג",true,,26.90,26.9000,true,1,1463275
7290002610212,false,ירכיים עוף קפוא ארוז חתם סופר,,,ירכיים עוף ארוז קפוא,קילוגרמים,1.00,"ק""ג",true,,27.90,27.9000,true,1,1463276
7290002610229,false,פרגיות עוף קפוא ארוז חתם סופר,,,פרגיות עוף ארוז קפוא,קילוגרמים,1.00,"ק""ג",true,,61.90,61.9000,true,1,1463277
7290002610236,false,שניצל עוף פרוס ארוז קפוא חתם סופר,,,שניצל עוף פרוס ארוז,קילוגרמים,1.00,"ק""ג",true,,29.90,29.9000,true,1,1463278
7290002618485,false,שניצל דג שומשום 700 ג,קניה חכמה,,שניצל דג שומשום 700,גרמים,700.00,100 גרם,false,,29.90,0.0427,true,1,1483754
7290002627128,false,פיצה איטלקית פסטו 325 ג,,,פיצה איטלקית פסטו 32,גרמים,325.00,100 גרם,false,,13.90,0.0428,true,1,1462031
7290002627135,false,פיצה איטלקית ד.גבינה 340 ג,,,פיצה איטלקית ד.גבינה,גרמים,340.00,100 גרם,false,,11.90,0.0350,true,1,1462032
7290002627210,false,גפילטע פיש קציצות מדגי קרפיון וכסיף בצנצנת 560 גרם,האי נאם סי או אל.טי.,IL,גפילטע פיש דלידג 280,גרמים,280.00,100 גרם,false,,9.90,0.0354,true,1,1450110
7290002627975,false,פיצה עבה,,,פיצה עבה,גרמים,425.00,100 גרם,false,,14.90,0.0351,true,1,1462035
7290002651116,false,גחנון חמסי ארוז 1 קג,מאפיית אריאל,IL,"ג'חנון חמסי 1 ק""ג",גרמים,1000.00,100 גרם,false,,15.90,0.0159,true,1,1462565
7290002651123,false,מלאווח חמסי ארוז 1 ק,מאפיית אריאל,IL,"מלוואח חמסי 1 ק""ג",גרמים,1000.00,100 גרם,false,,15.90,0.0159,true,1,1462566
7290002661153,false,"לחם דני קל ברמן 1 ק""",מאפית י את א ברמן בע,IL,לחם דני קל 1 קג,גרמים,1.00,100 גרם,false,,15.90,15.9000,true,1,1454995
7290002661214,false,ברמן לחם גליל קל מהדרין 750 גרם,מאפית י את א ברמן בע,IL,לחם גלילי קל 750 גר,גרמים,750.00,100 גרם,false,,11.90,0.0159,true,1,1454998
7290002674221,false,"אקווה פרש משחת שינים משאבה מנטה 100 מ""ל",גלקסו סמית קליין,GB,"אקוה פרש משאבה 100 מ""ל",גרמים,100.00,100 גרם,false,,11.80,0.1180,true,1,1455768
7290002674238,false,"אקווה פרש - משחת שיניים מנטה מרענן 125 מ""ל",גלקסוסמיתקליין,SK,"אקוה פרש מנטה 125 מ""ל",מיליליטרים,125.00,"100 מ""ל",false,,7.90,0.0632,true,1,1455769
7290002679035,false,נתחי חזה הודו טרי,,,נתחי חזה הודו טרי,קילוגרמים,1.00,"ק""ג",true,,27.90,27.9000,true,1,1465094
7290002679042,false,שוק הודו טרי,,,שוק הודו טרי,קילוגרמים,1.00,"ק""ג",true,,20.90,20.9000,true,1,1465095
7290002679066,false,שווארמה הודו נקבה טר,,,שווארמה הודו נקבה טר,קילוגרמים,1.00,"ק""ג",true,,59.90,59.9000,true,1,1465097
7290002679073,false,כנף הודו טרי,,,כנף הודו טרי,קילוגרמים,1.00,"ק""ג",true,,18.90,18.9000,true,1,1465098
7290002679080,false,גרון הודו טרי,,,גרון הודו טרי,קילוגרמים,1.00,"ק""ג",true,,24.90,24.9000,true,1,1465099
7290002679097,false,חזה חצוי הודו טרי,,,חזה חצוי הודו טרי,קילוגרמים,1.00,"ק""ג",true,,29.90,29.9000,true,1,1465100
7290002680314,false,עוף טרי,,,עוף טרי,קילוגרמים,1.00,"ק""ג",true,,18.90,18.9000,true,1,1465113
7290002680321,false,כרעיים עוף טרי,,,כרעיים עוף טרי,קילוגרמים,1.00,"ק""ג",true,,12.90,12.9000,true,1,1465114
7290002680338,false,שוקיים עוף טרי,,,שוקיים עוף טרי,קילוגרמים,1.00,"ק""ג",true,,27.90,27.9000,true,1,1465115
7290002680345,false,ירכיים עוף טרי,,,ירכיים עוף טרי,קילוגרמים,1.00,"ק""ג",true,,14.90,14.9000,true,1,1465116
7290002680352,false,שניצל עוף טרי,,,שניצל עוף טרי,קילוגרמים,1.00,"ק""ג",true,,24.90,24.9000,true,1,1465117
7290002680369,false,חזה שלם טרי,,,חזה שלם טרי,קילוגרמים,1.00,"ק""ג",true,,24.90,24.9000,true,1,1465118
7290002680376,false,פילה עוף טרי,,,פילה עוף טרי,קילוגרמים,1.00,"ק""ג",true,,21.90,21.9000,true,1,1465119
7290002680383,false,לב עוף טרי,,,לב עוף טרי,קילוגרמים,1.00,"ק""ג",true,,27.90,27.9000,true,1,1465120
7290002680406,false,כנפיים עוף טרי,הוד חפר,,כנפיים עוף טרי,קילוגרמים,1.00,"ק""ג",true,,9.90,9.9000,true,1,1465122
7290002680413,false,כבד עוף טרי לצלייה ב,,,כבד עוף טרי לצלייה ב,קילוגרמים,1.00,"ק""ג",true,,22.90,22.9000,true,1,1465123
7290002680420,false,קורקבן עוף טרי,,,קורקבן עוף טרי,קילוגרמים,1.00,"ק""ג",true,,8.90,8.9000,true,1,1465124
7290002680604,false,שניצל דק דק רמי לוי,,,שניצל דק דק רמי לוי,קילוגרמים,1.00,"ק""ג",true,,29.90,29.9000,true,1,1465125
7290002681021,false,כרעיים מפורק עוף טרי,,,כרעיים מפורק עוף טרי,קילוגרמים,1.00,"ק""ג",true,,44.90,44.9000,true,1,1465127
7290002681120,false,סטייק פרגית פרמיום,,,סטייק פרגית פרמיום,קילוגרמים,1.00,"ק""ג",true,,41.90,41.9000,true,1,1465129
7290002681137,false,שניצל דק דק פרימיום,,,שניצל דק דק פרימיום,קילוגרמים,1.00,"ק""ג",true,,31.40,31.4000,true,1,1465130
7290002681472,false,טחול עוף טרי,,,טחול עוף טרי,קילוגרמים,1.00,"ק""ג",true,,34.90,34.9000,true,1,1465134
7290002681496,false,גרון עוף טרי במגש רמ,,,גרון עוף טרי במגש רמ,קילוגרמים,1.00,"ק""ג",true,,11.90,11.9000,true,1,1465136
7290002681519,false,כרעיים מפורק טרי מחפ,,,כרעיים מפורק טרי מחפ,קילוגרמים,1.00,"ק""ג",true,,64.90,64.9000,true,1,1465137
7290002681533,false,חזה טרי מחפוד,,,חזה טרי מחפוד,קילוגרמים,1.00,"ק""ג",true,,27.90,27.9000,true,1,1465139
7290002681540,false,כרעיים טרי מחפוד,,,כרעיים טרי מחפוד,קילוגרמים,1.00,"ק""ג",true,,24.90,24.9000,true,1,1465140
7290002681557,false,ירכיים טרי מחפוד,,,ירכיים טרי מחפוד,קילוגרמים,1.00,"ק""ג",true,,29.90,29.9000,true,1,1465141
7290002681564,false,שוקיים עוף טרי מחפוד,,,שוקיים עוף טרי מחפוד,קילוגרמים,1.00,"ק""ג",true,,32.90,32.9000,true,1,1465142
7290002681601,false,כנפיים טרי מחפוד,,,כנפיים טרי מחפוד,קילוגרמים,1.00,"ק""ג",true,,7.90,7.9000,true,1,1465146
7290002681618,false,גרון עוף טרי מחפוד,,,גרון עוף טרי מחפוד,קילוגרמים,1.00,"ק""ג",true,,9.90,9.9000,true,1,1465147
7290002683742,false,שוקיים פרימיום,,,שוקיים פרימיום,קילוגרמים,1.00,"ק""ג",true,,29.90,29.9000,true,1,1465153
7290002683759,false,כנפיים פרימיום,,,כנפיים פרימיום,קילוגרמים,1.00,"ק""ג",true,,14.90,14.9000,true,1,1465154
7290002692393,false,שמן קנולה מזוכך מועשר עץ הזית 1 ליטר,שמן תעשיות בעמ,EE,שמן קנולה מזוכך מועש,ליטרים,1.00,ליטר,false,,14.80,14.8000,true,1,1448329
7290002692768,false,"תרסיס שמן קנולה מזוכך ללא תוספת גז עץ הזית 200 מ""ל",טרנסומס פוד איי בי,IT,תרסיס שמן קנולה עץ ה,מיליליטרים,200.00,"100 מ""ל",false,,15.70,0.0785,true,1,1448332
7290002692775,false,"תרסיס שמן קנולה בטעם חמאה עץ הזית 200 מ""ל",קומפניה,IT,תרסיס שמן חמאה עץ הז,מיליליטרים,200.00,"100 מ""ל",false,,15.70,0.0785,true,1,1448333
7290002710004,false,ביצים אורגניות מן הטבע 12 יחידות,מן הטבע בארותיים,IL,ביצים אורגניות מן הט,יח',1.00,יח',false,,21.90,21.9000,true,1,1471825
7290002710110,false,מן הטבע ביצי חופש 12יח.,מן הטבע בארותיים,IL,ביצי חופש 12 יח מן ה,יח',1.00,יח',false,,16.90,16.9000,true,1,1471826
7290002715504,false,ארוחת נודלס בטעם עוף מג'יק 70 גרם,טאט הוי פוד בעמ,SG,ארוחת נודלס בטעם עוף,גרמים,70.00,100 גרם,false,,4.50,0.0643,true,1,1450114
7290002715511,false,ארוחת נודלס בטעם בשר מג'יק 70 גרם,טאט הוי פוד בעמ,SG,ארוחת נודלס בטעם בשר,גרמים,70.00,100 גרם,false,,4.50,0.0643,true,1,1450115
7290002715528,false,ארוחת נודלס בטעם ירקות מג'יק 70 גרם,טאט הוי פוד בעמ,SG,ארוחת נודלס בטעם ירק,גרמים,70.00,100 גרם,false,,4.50,0.0643,true,1,1450116
7290002715580,false,ארוחת נודלס בטעם סיני חריף מג'יק 70 גרם,טאט הוי פוד בעמ,SG,ארוחת נודלס בטעם סינ,גרמים,70.00,100 גרם,false,,4.50,0.0643,true,1,1450117
7290002730262,false,"נוזל לניקוי כלים קלאסי פלמוליב 750 מ""ל",יבואן ומשווק: ש. שסט,GR,נוזל לניקוי כלים קלא,מיליליטרים,750.00,"100 מ""ל",false,,11.90,0.0159,true,1,1444835
7290002730675,false,"קולגייט משחת שיניים אדומה משפחתי 100 מ""ל",קולגייט-פלמוליב,PL,משחת שיניים קולגייט,מיליליטרים,100.00,"100 מ""ל",false,,10.90,0.1090,true,1,1444839
7290002730811,false,"משחת שיניים ג'ל פסים מרעננים קולגייט 100 מ""ל",הנסיך- מפעל לייצור ט,PL,משחת שיניים ג'ל פסים,100 מל,100.00,100 מל,false,,11.90,0.1190,true,1,1444840
7290002730903,false,פלמוליב סבון מוצק ורדים רביעייה * 125 ג',הנסיך- מפעל לייצור ט,TR,סבון מוצק ורדים פלמו,גרמים,500.00,100 גרם,false,,16.90,0.0338,true,1,1444841
7290002730941,false,כדורי צמר גפן בלונס 100 יחידות,הנסיך- מפעל לייצור ט,GR,צמר גפן פרוס בלונס 1,גרמים,100.00,100 גרם,false,,5.90,0.0590,true,1,1444843
7290002730958,false,סבון מוצק בניחוח זיתים ואלוורה פלמוליב 4*100 גרם,הנסיך- מפעל לייצור ט,TR,סבון מוצק בניחוח זית,גרמים,400.00,100 גרם,false,,16.90,0.0422,true,1,1444844
7290002735007,false,"בצק עלים מרודד ינון 1 ק""ג",קפוא-זן,,בצק עלים מרודד ינון,גרמים,1000.00,100 גרם,false,,13.90,0.0139,true,1,1441599
7290002735014,false,מלווח ארוז ינון 800 גר',ג'נרל מילס סאן אדריא,IL,מלוואח ינון 800 גרם,גרמים,800.00,100 גרם,false,,12.90,0.0161,true,1,1441600
7290002735021,false,ג'חנון קפוא ינון 750 גרם,ג'נרל מילס סאן אדריא,IL,ג'חנון ינון 750 גרם,גרמים,750.00,100 גרם,false,,12.90,0.0172,true,1,1441601
7290002735274,false,ג'חנון אפוי ינון 600 גרם,ג'נרל מילס סאן אדריא,IL,ג'חנון אפוי ינון 600,גרמים,600.00,100 גרם,false,,16.50,0.0275,true,1,1441603
7290002735809,false,בצק עלים רמי לוי 1קג,ינון,IL,בצק עלים רמי לוי 1קג,גרמים,1000.00,100 גרם,false,,11.90,0.0119,true,1,1461335
7290002735816,false,גחנון רמי לוי 750 גרם,ינון,IL,גחנון רמי לוי 750 גר,גרמים,750.00,100 גרם,false,,11.90,0.0159,true,1,1461336
7290002735823,false,מלווח רמי לוי 700 גרם,ינון,IL,מלווח רמי לוי 700 גר,גרמים,700.00,100 גרם,false,,11.90,0.0170,true,1,1461337
7290002735830,false,בורקס תפוא רמי לוי 800 גרם,ינון,IL,בורקס תפוא רמי לוי 8,גרמים,800.00,100 גרם,false,,10.90,0.0136,true,1,1461338
7290002735847,false,בורקס גבינה רמי לוי 800 גרם,ינון,IL,בורקס גבינה רמי לוי,גרמים,800.00,100 גרם,false,,12.90,0.0161,true,1,1461339
7290002735854,false,גחנון אפוי רמי לוי 600 גרם,ינון,IL,גחנון אפוי רמי לוי 6,גרמים,600.00,100 גרם,false,,11.90,0.0198,true,1,1461340
7290002735878,false,מאפה בצק עלים למילוי,,,מאפה בצק עלים למילוי,גרמים,600.00,100 גרם,false,,10.90,0.0182,true,1,1461342
7290002735946,false,בצק פריך מתוק 900ג רמילוי,,,בצק פריך מתוק 900ג ר,גרמים,900.00,100 גרם,false,,19.80,0.0220,true,1,1461343
7290002748274,false,כנפיים עוף ארוז קפוא,עוף ירושלים,,כנפיים עוף ארוז קפוא,קילוגרמים,1.00,"ק""ג",true,,8.90,8.9000,true,1,1463350
7290002748328,false,כבד עוף ארוז קפוא שק,עוף ירושלים,,כבד עוף ארוז קפוא שק,קילוגרמים,1.00,"ק""ג",true,,17.90,17.9000,true,1,1463354
7290002748335,false,לבבות עוף שקיל,עוף ירושלים מהדרין,,לבבות עוף שקיל,קילוגרמים,1.00,"ק""ג",true,,25.90,25.9000,true,1,1463355
7290002750154,false,שישיית לחמניות יאמיס,פילסברי,IL,מארז6 לחמניית יאמי,יח',1.00,יח',false,,12.90,12.9000,true,1,1442073
7290002750178,false,ג'בטה 180 כפרית,פילסברי,,ג'בטה 180 כפרית,יח',1.00,יח',false,,4.90,4.9000,true,1,1442074
7290002750338,false,לחם רוסטיק עגבניות מ,פילסברי,,לחם עגבניות מיובשות,יח',1.00,יח',false,,16.90,16.9000,true,1,1442077
7290002750383,false,לחם מחמצת טוסקני כפר,פילסברי,,לחם מחמצת טוסקני כפר,יח',1.00,יח',false,,16.90,16.9000,true,1,1442080
7290002750406,false,סופגניה עם ריבה פילסברי 95 גרם,פילסברי,,סופגנייה פילסברי,יח',1.00,יח',false,,3.90,3.9000,true,1,1442081
7290002750710,false,סופגניה מיני א.ק עם ריבה,פילסברי,,סופגנייה מיני פילסבר,יח',1.00,יח',false,,2.90,2.9000,true,1,1442086
7290002750963,false,באגט רוסטיק פילסברי,פילסברי,,באגט רוסטיק,יח',1.00,יח',false,,7.90,7.9000,true,1,1442094
7290002750987,false,חלה פילסברי קלועה מתוקה 550ג',פילסברי,,חלה רגילה קלועה פילס,יח',1.00,יח',false,,12.40,12.4000,true,1,1442095
7290002752332,false,"סוכריות מנטוס פירות בגליל, 37.5 גרם",הדקלאים אגודת שיתופי,NL,סוכריות בטעם פירות מ,גרמים,37.50,100 גרם,false,,2.90,0.0773,true,1,1451885
7290002752349,false,סוכריות מנטוס מנטה 40יח' בגליל 38ג',פרפטי ואן מלה,NL,סוכריות מנטה מנטוס 3,גרמים,37.50,100 גרם,false,,2.90,0.0773,true,1,1451886
7290002752493,false,רביעיה סוכריות מנטה 4* 16 ג' טיק טק,פררו - אלבה,ZA,טיק טק מנטה רביעייה,גרמים,64.00,100 גרם,false,,9.90,0.1547,true,1,1462446
7290002753223,false,רביעייה סוכריות תפוז 4*16 ג' טיק טק,פררו - אלבה,ZA,טיק טק תפוז רביעייה,גרמים,64.00,100 גרם,false,,9.90,0.1547,true,1,1462447
7290002753995,false,סוכריות עדשים לקישוט עוגה וורנר 6*25 גרם,היינץ צפון אמריקה מק,DE,סוכריות עדשים לקישוט,גרמים,150.00,100 גרם,false,,15.90,0.1060,true,1,1451887
7290002757511,false,דלידג קציצות דג לבישול 750 גר קהילות,האי נאם סי או אל.טי.,IL,קציצות דג לבישול דלי,גרמים,750.00,100 גרם,false,,24.90,0.0332,true,1,1450120
7290002757665,false,קבב מזרחי טיבון ויל 400 ג',טיבון ויל,IL,קבב מזרחי 400 גרם,גרמים,400.00,100 גרם,false,,9.90,0.0248,true,1,1462036
7290002757672,false,המבורגר מזרחי טיבון ויל 400ג',טיבון ויל,IL,המבורגר 400 גרם,גרמים,400.00,100 גרם,false,,9.90,0.0248,true,1,1462037
7290002768036,false,"מי פה תיאדנט ענק מונע עששת 150מ""ל",אמיליה קוסמטיקס,IL,מי פה למניעת עששת תי,מיליליטרים,150.00,"100 מ""ל",false,,14.70,0.0980,true,1,1448638
7290002768043,false,"תיאדנט מי-פה ענק פלאוריד 150 מ""ל",אמיליה קוסמטיקס בע'\'\מ,IL,"מי פה תיאדנט 150 מ""ל",מיליליטרים,150.00,"100 מ""ל",false,,14.70,0.0980,true,1,1448639
7290002768074,false,אל סבון נוזלי רגיל דרמפון 1 ליטר,"אמיליה קוסמטיקס בע""מ",IL,אל סבון נוזלי רגיל ד,ליטרים,1.00,ליטר,false,,17.80,17.8000,true,1,1448640
7290002768159,false,"קצף אמבט בת אורן קרליין 500 מ""ל",פארק תעשיות עמק חפרמ,IL,קצף אמבט בת אורן קרל,מיליליטרים,500.00,"100 מ""ל",false,,17.90,0.0358,true,1,1448641
7290002771104,false,קפה עם הל אל נחלה 500 גרם,מולינו ניקולי s.p.a,IL,קפה עם הל אל נחלה 50,גרמים,500.00,100 גרם,false,,29.90,0.0598,true,1,1456282
7290002771111,false,קפה עם הל אל נחלה 250 גרם,מולינו ניקולי s.p.a,IL,קפה עם הל אל נחלה 25,גרמים,250.00,100 גרם,false,,15.90,0.0636,true,1,1456283
7290002771128,false,קפה אלנח'לה בלי הל 250 ג',מולינו ניקולי s.p.a,IL,קפה אל נחלה 250 גרם,גרמים,250.00,100 גרם,false,,15.90,0.0636,true,1,1456284
7290002782131,false,"פנינה רוזנבלום - דאודורנט ספריי לאישה מס' 1 150 מ""ל",פנינה רוזנבלום,IL,דאודורנט ספריי מס' 1,מיליליטרים,150.00,"100 מ""ל",false,,23.90,0.1593,true,1,1453704
7290002782735,false,"דאודורנט ספריי לגבר מס' 1 180 מ""ל פנינה רוזנבלום",פנינה רוזנבלום,IL,דאודורנט ספריי לגבר,מיליליטרים,180.00,"100 מ""ל",false,,14.90,0.0828,true,1,1453705
7290002782759,false,"פנינה קרם גוף רוזנבלום 400 מ""ל",פנינה רוזנבלום,IL,קרם גוף מס' 2 פנינה,מיליליטרים,340.00,"100 מ""ל",false,,19.90,0.0585,true,1,1453703
7290002793304,false,מיכל בלון גז +מילוי באריזה 60 סודהסטרים,סודה סטרים,IL,מיכל גז באריזה,יח',1.00,יח',false,,107.90,107.9000,true,1,1450862
7290002793311,false,שירות והחלפה מילוי גז 60 סודהסטרים,סודה סטרים,IL,מילוי גז למיכל סודה,יח',1.00,יח',false,,48.90,48.9000,true,1,1450854
7290002800361,false,המבורגר מסעדות בואקו,מעדני הטלה והעגל,IL,המבורגר ואקום 500 גר,גרמים,500.00,100 גרם,false,,22.90,0.0458,true,1,1462567
7290002814054,false,סנט מוריץ מתז אנטרטיק מתז 1 ליטר,קומפלקס כימיקלים בעמ,IL,אנטרטיק במתז 1 ליטר,יח',1.00,יח',false,,9.90,9.9000,true,1,1453521
7290002814078,false,סנט מוריץ נוזל לניקוי אמבט אנטרטיק 1ל',"קומפלקס כימיקלים בע""",IL,מבריק ומחטא אנטרטיק,ליטרים,1.00,ליטר,false,,4.90,4.9000,true,1,1453522
7290002814290,false,קצף מרוכז blanco בניחוח לימון משמיד 99.9% חיידקים סנט מוריץ 1 ליטר,קומפלקס כימיקלים בעמ,IL,קצף מרוכז אקונומיקה,יח',1.00,יח',false,,9.90,9.9000,true,1,1453523
7290002814368,false,"סנט מוריץ - מרסס מסיר שומנים קר 800 מ""ל",,,מסיר שומנים קר מתז 8,מיליליטרים,800.00,"100 מ""ל",false,,13.90,0.0174,true,1,1453524
7290002814580,false,טורנדו גרגירים לפתיחת סתימות 200 גרם,"קומפלקס כימיקלים בע""",IL,טורנדו גרגרים לפתיחת,גרמים,200.00,100 גרם,false,,9.90,0.0495,true,1,1453529
7290002814597,false,סנט מוריץ טורנדו נוזל לפתיחת סתימות 1 לי,קומפלקס כימיקלים,IL,סנט מוריץ טורנדו נוז,מטרים,1000.00,100 מ'ל,false,,14.90,0.0149,true,1,1453530
7290002814610,false,סנט מוריץ מסיר שומנים מבושם שחור 1 ליטר,קומפלקס כימיקלים בעמ,IL,סנט מוריץ מסיר שומני,יח',1.00,יח',false,,12.90,12.9000,true,1,1453531
7290002814665,false,סנט מוריץ - מרסס מסיר עובש 1 ליטר,קומפלקס כימיקלים,IL,מסיר עובש 1לי-סנט מו,יח',1.00,יח',false,,9.90,9.9000,true,1,1453532
7290002814788,false,עלמה כיסוי ניילון עם גומי 33 יח',,,כיסוי ניילון עם גומי,יחידה,0.00,יחידה,false,,7.90,0.0000,true,1,1505539
7290002814849,false,סנט מוריץ סבון אסלה שלישייה כחול אוקיינוס,רקסונה,TR,סנט מוריץ סבון אסלה,יח',3.00,יח',false,,9.90,3.3000,true,1,1453534
7290002814870,false,"סנט מוריץ - מרסס מסיר שומנים קר מבושם לוונדר\פרחים 750 מ""ל",קומפלקס כימיקלים בעמ,IL,מסיר שומנים קר מבושם,מיליליטרים,750.00,"100 מ""ל",false,,12.90,0.0172,true,1,1453535
7290002814887,false,מטליות רצפה לניקוי ובישום סנטמוריץ,קומפלקס כימיקלים,CN,מטליות רצפה לניקוי ו,יח',1.00,יח',false,,8.90,8.9000,true,1,1453536
7290002814931,false,סנט מוריץ שמפו רצפות בניחוח פרחים 4 ליטר - מרכז,קומפלקס כימיקלים בעמ,IL,סנט מוריץ רצפות בניח,ליטרים,4.00,ליטר,false,,9.90,2.4750,true,1,1453537
7290002824183,false,"גבינה לבנה סקי 500 גרם 5% ""שטראוס"" -מוצר בפיקוח",מיוצר עי קונדיטוריית,IL,גבינה לבנה סקי 5% שו,גרמים,500.00,100 גרם,false,,9.20,0.0184,true,1,1454522
7290002824466,false,יוגורט דנונה ביו לבן 0% שומן 200 גרם,"שטראוס בריאות בע""\מ",IL,יוגורט דנונה ביו לבן,מיליליטרים,200.00,"100 מ""ל",false,,3.40,0.0170,true,1,1454523
7290002824640,false,"גבינת סקי 250 גרם 5% ""שטראוס"" -מוצר בפיקוח",מיוצר עי קונדיטוריית,IL,גבינה לבנה סקי 5% שו,גרמים,250.00,100 גרם,false,,4.70,0.0188,true,1,1454524
7290002825722,false,סלט כרוב אדום אחלה 500 גרם,מיוצר עי קונדיטוריית,IL,סלט כרוב אדום אחלה 5,גרמים,500.00,100 גרם,false,,12.90,0.0258,true,1,1454525
7290002827306,false,נקניקיות עוף ירושלים מחפוד 400 ג',עוף ירושלים,IL,נקניקיות עוף 400ג מח,גרמים,400.00,100 גרם,false,,9.90,0.0248,true,1,1463624
7290002827337,false,נקניקיות עוף פיקנטי חריף 400 מחפוד,עוף ירושלים,IL,נקניקיות עוף פיקנטי,גרמים,400.00,100 גרם,false,,9.90,0.0248,true,1,1463626
7290002830948,false,גבינת עיזים מותכת 30% מון בלאן 120 גרם,סלס קרית מלאכי ישראל,IL,גבינת עיזים מותכת 30,גרמים,120.00,100 גרם,false,,8.90,0.0742,true,1,1450137
7290002846253,false,לחמניה,,,לחמניה,גרמים,50.00,100 גרם,false,,2.20,0.0440,true,1,1465193
7290002862000,false,הררית אריסה טוניסאית,"הררית מזון בע""מ",IL,אריסה 250 גביע הררית,גרמים,250.00,100 גרם,false,,9.90,0.0396,true,1,1472092
7290002862031,false,אריסה 250מתובלת הררית,"הררית מזון בע""מ",IL,אריסה 250מתובלת הררי,גרמים,250.00,100 גרם,false,,9.90,0.0396,true,1,1472094
7290002862048,false,פפריקה מתוקה בשמן 35,,IL,פפריקה מתוקה בשמן 35,גרמים,350.00,100 גרם,false,,14.90,0.0426,true,1,1474244
7290002862055,false,לימון כבוש 250 גרם,,IL,לימון כבוש 250 גרם,גרמים,250.00,100 גרם,false,,9.90,0.0396,true,1,1472095
7290002862123,false,סחוג ירוק 150 גר הררית,"הררית מזון בע""מ",IL,סחוג ירוק 150 גר הרר,גרמים,250.00,100 גרם,false,,9.90,0.0396,true,1,1472097
7290002862277,false,ממרח לימון 200 גרם,הררית מזון בעמ,IL,ממרח לימון 200 גר,גרמים,200.00,100 גרם,false,,13.90,0.0695,true,1,1472098
7290002862338,false,סחוג אדום 150 גרם,"הררית מזון בע""מ",IL,סחוג אדום 150 גרם,גרמים,150.00,100 גרם,false,,9.90,0.0660,true,1,1472099
7290002862352,false,פפריקה מתוקה בשמן 400 גרם בשקית,הררית,,פפריקה מתוקה בשמן 40,גרמים,400.00,100 גרם,false,,14.90,0.0373,true,1,1474245
7290002862376,false,מעדן עגבניות מיובשות200ג,הררית מזון בעמ,IL,עגבניות מיובשות 200,גרמים,200.00,100 גרם,false,,13.90,0.0695,true,1,1472101
7290002862406,false,סחוג תימני 250 גרם,,IL,סחוג תימני 250ג,גרמים,250.00,100 גרם,false,,11.90,0.0476,true,1,1472102
7290002862468,false,"הררית מעדן פסטו 200 מ""ל",,,הררית מעדן פסטו 200,מיליליטרים,200.00,"100 מ""ל",false,,17.90,0.0895,true,1,1472103
7290002862482,false,פירורי לחם לשניצל בטעם קלאסי 500 גרם,הררית הגליל,,פירורי לחם לשניצל בט,מיליליטרים,500.00,"100 מ""ל",false,,7.90,0.0158,true,1,1474246
7290002862543,false,פלפל צומה 250 גרם,הררית הגליל,,פלפל צומה 250 ג,גרמים,250.00,100 גרם,false,,12.90,0.0516,true,1,1472104
7290002862802,false,הררית אריסה בתוספת לימון 250מל,הררית מזון בעמ,IL,הררית אריסה בתוספת ל,מיליליטרים,250.00,"100 מ""ל",false,,12.90,0.0516,true,1,1472105
7290002868996,false,"קוטג' 5% שומן, רכיבים טבעיים, 250 גרם",קריות זול,IL,גבינת קוטג' מועשר 5%,גרמים,250.00,100 גרם,false,,5.30,0.0212,true,1,1441734
7290002871248,false,"בירה טובורג רד בקבוק 500 מ""ל חוזר",מבשלות בירה בינלאומיות ב,IL,"טובורג רד 500 מ""ל",מיליליטרים,500.00,"100 מ""ל",false,,7.50,0.0150,true,1,1442355
7290002871361,false,"בירה קרלסברג בקבוק 500 מ""ל חוזר",מבשלות בירה בינלאומיות ב,IL,קרלסברג בירה בק.חוזר,מיליליטרים,500.00,"100 מ""ל",false,,7.50,0.0150,true,1,1442357
7290002881209,false,רסק תפוחי עץ דיאט 700 ג' תומר,KONSERVENFABRIEK BALTUSSEN,NL,רסק תפוחי עץ תומר 70,גרמים,708.00,100 גרם,false,,9.90,0.0140,true,1,1444155
7290002881216,false,רסק תפוחי עץ לא ממותק תומר 700 גרם,KONSERVENFABRIEK BALTUSSEN,NL,רסק תפוחי עץ לא ממות,גרמים,708.00,100 גרם,false,,9.90,0.0140,true,1,1444156
7290002881919,false,פיטריות שמפניון שלמות קטנות תומר 400 גרם,גיבונג אינדסקיאלס,,פטריות 8 שלם 220גר ת,גרמים,400.00,100 גרם,false,,7.50,0.0188,true,1,1513143
7290002900566,false,פסטרמה ברביקיו דל שומן טירת צבי 400 גרם,הנסיך- מפעל לייצור ט,IL,פסטרמה ברביקיו 1.5%,גרמים,360.00,100 גרם,false,,25.90,0.0719,true,1,1443185
7290002904694,false,"טיטניום דאודורנט ספריי לגברים 150 מ""ל","אמיליה קוסמטיקס בע""מ",IL,דאו ספריי טיטניום 18,מיליליטרים,180.00,"100 מ""ל",false,,14.90,0.0828,true,1,1448642
7290002921240,false,"קרבונה שמפוזר לניקוי שטיחים וריפוד יעקבי 650 מ""ל",קרבונה Carbona,MX,קרבונה שמפוזר לניקוי,מיליליטרים,650.00,"100 מ""ל",false,,24.80,0.0382,true,1,1450561
7290002921516,false,סופג לחות טורבול,יעקובי,,סופג לחות טורבול,מיליליטרים,340.00,"100 מ""ל",false,,38.90,0.1144,true,1,1450564
7290002923466,false,"בקר טחון טיבון ויל 1 ק""ג",טיבון ויל אחזקות בעמ,IL,בקר טחון טיבון ויל 1,גרמים,1000.00,100 גרם,false,,39.90,0.0399,true,1,1450141
7290002925729,false,"גם וגם משחת שיניים כחול ומי פה בטעם פפרמינט 120 מ""ל","אמיליה קוסמטיקס בע""מ",IL,משחת שיניים ומי פה ב,מיליליטרים,120.00,"100 מ""ל",false,,14.90,0.1242,true,1,1448643
7290002927044,false,צלי כתף מס' 5 קפוא,זהר בשר,,צלי כתף מועבד,קילוגרמים,1.00,"ק""ג",true,,34.90,34.9000,true,1,1469144
7290002927051,false,פילה מדומה מס' 6 קפו,זהר בשר,,פילה מדומה מס' 6,קילוגרמים,1.00,"ק""ג",true,,34.90,34.9000,true,1,1469145
7290002927105,false,צלי עגל ברשת קפוא,זהר בשר,,צלי עגל ברשת,קילוגרמים,1.00,"ק""ג",true,,34.90,34.9000,true,1,1469146
7290002927358,false,סטיק אנטריקוט 800גר,זהר בשר,,סטייק בקר 800 ג,גרמים,800.00,100 גרם,false,,33.90,0.0424,true,1,1469158
7290002927464,false,גולש עגל קפוא,זהר בשר,,גולש עגל,קילוגרמים,1.00,"ק""ג",true,,29.90,29.9000,true,1,1469148
7290002927655,false,שניצל עגל קפוא זהר ב,זהר בשר,,שניצל עגל קפוא זהר ב,קילוגרמים,1.00,"ק""ג",true,,36.90,36.9000,true,1,1469151
7290002929642,false,רביעיית טונה בשמן ויליגר 140 גרם,דיאמנט פוד פרודקט קו,TH,טונה ויליגר 392 גרם,גרמים,392.00,100 גרם,false,,18.90,0.0482,true,1,1450142
7290002954026,false,"שמן תירס ""שוקחה"" 3 ליטר",איי.די.אם אנטוורפאן. וי,AR,שמן תירס 3ליטר,יח',1.00,יח',false,,44.50,44.5000,true,1,1489607
7290002954040,false,שמן תירס שוקחה 1 ליטר,לסיור,FR,שמן תירס 1 ליטר,ליטרים,1.00,ליטר,false,,14.70,14.7000,true,1,1471957
7290002954163,false,שוקחה אורז ברבור עגול 5 קג,,,שוקחה אורז ברבור עגו,יחידה,5.00,יחידה,false,,39.00,7.8000,true,1,1524050
7290002970446,false,תבניות נייר איכותיות לאפיה 5 יחידות,חגיגית,IL,תבניות נייר איכותיות,יח',5.00,יח',false,,7.90,1.5800,true,1,1459048
7290002987963,false,"סלט חומוס אחלה 1 ק""ג",מיוצר עי קונדיטוריית,IL,"סלט חומוס אחלה 1 ק""ג",יח',1.00,יח',false,,13.90,13.9000,true,1,1454526
7290002996323,false,שריר הזרוע בקר קפוא,נטו מלינדה,,שריר הזרוע בקר קפוא,קילוגרמים,1.00,"ק""ג",true,,36.90,36.9000,true,1,1468904
7290003009596,false,"סירופ דיאט אשכוליות פריגת 750 מ""ל",סירופ - גבעת חיים,IL,סירופ דיאט אשכוליות,מיליליטרים,750.00,"100 מ""ל",false,,19.90,0.0265,true,1,1442364
7290003009640,false,מיץ תפוזים סחוט רכיבים טבעיים פריגת 1 ליטר,פריגת מצוננים,IL,מיץ תפוזים סחוט רכיב,ליטרים,1.00,ליטר,false,,15.90,15.9000,true,1,1441735
7290003015627,false,"נוזל רצפות אפרסק 2 ליטר ""ריצפז פרש""","סנו מפעלי ברונוס בע""",IL,ריצפז פרש 2 לי,ליטרים,2.00,ליטר,false,,16.90,8.4500,true,1,1448647
7290003015634,false,"נוזל רצפות פסיפלורה 2 ליטר ""ריצפז פרש""",קריות זול,IL,ריצפז פרש 2 לי,ליטרים,2.00,ליטר,false,,16.90,8.4500,true,1,1448648
7290003015641,false,"נוזל רצפות יסמין 2 ליטר ""ריצפז פרש""",קריות זול,IL,ריצפז פרש 2 לי,ליטרים,2.00,ליטר,false,,16.90,8.4500,true,1,1448649
7290003015672,false,סנו סופט מפיות צבעוניות חלקות 50 יחידות,סנו סופט,IL,סנו סופט מפיות צבעונ,יח',50.00,יח',false,,7.90,0.1580,true,1,1448650
7290003026029,false,"ד""ר פישר - קמיל בלו סנסיטיב שמפו אלדמע 500 מ""ל",פישר מעבדות פרמצבטיות בע,IL,קמיל בלו סנסיטיב אל דמע 5,מיליליטרים,500.00,"100 מ""ל",false,,17.90,0.0358,true,1,1456967
7290003026036,false,"ד""ר פישר - קמיל בלו סנסיטיב אל סבון עדין לתינוק 1 ליטר",פישר מעבדות פרמצבטיות בע,IL,קמיל בלו סנסיטיב אל סבון,ליטרים,1.00,ליטר,false,,32.80,32.8000,true,1,1456968
7290003026197,false,"קמיל בלו סנסטיב שמן טיפולי ד""ר פישר 500 מ""ל",פישר מעבדות פרמצבטיות בע,IL,קמיל בלו סנסיטיב שמן טיפו,מיליליטרים,500.00,"100 מ""ל",false,,26.90,0.0538,true,1,1456969
7290003026227,false,"קמיל בלו שמפו לתינוק סנסיטיב אל דמע ד""ר פישר 1 ליטר",פישר מעבדות פרמצבטיות בע,IL,קמיל בלו סנסיטיב אל דמע ל,ליטרים,1.00,ליטר,false,,32.80,32.8000,true,1,1456970
7290003026234,false,"ד""ר פישר - קמיל בלו תחליב לתינוק 500 מ""ל",פישר מעבדות פרמצבטיות בע,IL,קמיל בלו סנסיטיב תחליב לת,מיליליטרים,500.00,"100 מ""ל",false,,29.90,0.0598,true,1,1456971
7290003029181,false,משקה יטבתה שוקו' בקבוק 1ל מהדרין,שטראוס גרופ,IL,שוקו יטבתה 1 ליטר,100 מל,1000.00,100 מל,false,,11.50,0.0115,true,1,1454529
7290003029372,false,משקה חלב בטעם בננה יטבתה 1 ליטר,שטראוס גרופ,IL,משקה חלב בטעם בננה י,מיליליטרים,1000.00,"100 מ""ל",false,,11.50,0.0115,true,1,1454530
7290003029389,false,"משקה חלב בננה פקק ספורט 250 מ""ל יוטבתה",שטראוס גרופ,IL,משקה חלב בננה פקק ספ,מיליליטרים,250.00,"100 מ""ל",false,,5.20,0.0208,true,1,1454531
7290003029433,false,"משקה יטבתה שוקו פקק 250 מ""ל מהדרין",שטראוס גרופ,IL,שוקו פקק ספורט יטבתה,מיליליטרים,250.00,"100 מ""ל",false,,5.20,0.0208,true,1,1454532
7290003029532,false,מוקה בבקבוק יטבתה 1 ליטר מהדרין,שטראוס גרופ,IL,מוקה יטבתה 1 ליטר,100 מל,1000.00,100 מל,false,,11.50,0.0115,true,1,1454533
7290003029617,false,"שמנת מנה אישית יטבתה 100 מ""ל",שטראוס גרופ,IL,שמנת חמוצה 15% 100 מ,מטרים,100.00,100 מ'ל,false,,1.90,0.0190,true,1,1454534
7290003029792,false,"משקה יטבתה שוקו שקיות מהדרין מארז 225X8מ""ל",שטראוס גרופ,IL,שוקו בשקית יטבתה 8 י,יח',8.00,יח',false,,18.90,2.3625,true,1,1454535
7290003029815,false,כד חלב 3% יטבתה 2 ליטר מהדרין,שטראוס גרופ,IL,חלב מועשר 2 ל 3% מהד,ליטרים,2.00,ליטר,false,,14.90,7.4500,true,1,1454536
7290003029884,false,"מוקה בשקית יטבתה 225 מ""ל מארז 6 יחידות",שטראוס גרופ,IL,מוקה שקיות יטבתה 6*2,ליטרים,1.35,ליטר,false,,14.90,11.0370,true,1,1525367
7290003029907,false,אייס קפה יטבתה 1 ליטר מהדרין,שטראוס גרופ,IL,אייס קפה יטבתה 1 ליט,ליטרים,1.00,ליטר,false,,11.50,11.5000,true,1,1454537
7290003031757,false,פסטרמה הודו בפפריקה מחפוד טירת צבי 400 גרם,טיב טירת צבי 2000,IL,פסטרמה הודו בפפריקה,גרמים,400.00,100 גרם,false,,24.80,0.0620,true,1,1443189
7290003031788,false,צמד כפרי סלמי+פסטרמה טירת צבי 400X2ג' מחפוד,טיב טירת צבי 2000,IL,צמד כפרי מחפוד800גר,גרמים,800.00,100 גרם,false,,24.90,0.0311,true,1,1443190
7290003054657,false,חרדל ריין דיז'ון אקסטרה פורטה 370 גרם,מרום את קונפינו,FR,חרדל דיג'ון אקסטרא פורטה,גרמים,370.00,100 גרם,false,,9.90,0.0268,true,1,1451510
7290003060030,false,"קמח חיטה מלא רמילוי 1 ק""ג",טחנות ישראליות,IL,קמח חיטה מלא רמילוי,יח',1.00,יח',false,,4.90,4.9000,true,1,1458993
7290003060061,false,"קמח כוסמין טחנות ישראליות 1 ק""ג",טחנות ישראליות בעמ,IL,קמח כוסמין מלא 1 קג,יח',1.00,יח',false,,10.50,10.5000,true,1,1462804
7290003060085,false,קמח ישראלי ללחם וחלות טחנות ישראליות,טחנות ישראליות,IL,קמח ללחם וחלות מועשר,יח',1.00,יח',false,,4.90,4.9000,true,1,1458995
7290003060351,false,"קמח מלא 80% מנופה טחנות ישראליות 1 ק""ג",,,קמח מלא מנופה 80% 1ק,יח',1.00,יח',false,,5.90,5.9000,true,1,1462806
7290003060368,false,"קמח כוסמין 80% מנופה טחנות ישראליות 1 ק""ג",,,קמח כוסמין מנופה 80%,יח',1.00,יח',false,,12.90,12.9000,true,1,1462807
7290003060382,false,קמח חיטה לאפיית עוגות ועוגיות מנופה,,,קמח חיטה לאפיית עוגו,יח',1.00,יח',false,,7.50,7.5000,true,1,1458998
7290003060443,false,קמח דורום לפסטה מנופה,,,קמח דורום לפסטה מנופ,יח',1.00,יח',false,,12.90,12.9000,true,1,1458999
7290003060528,false,קמח פיצה פוקצ'ה מנופה 1קג רמילוי,,,קמח פיצה פוקצ'ה מנופ,יח',1.00,יח',false,,7.50,7.5000,true,1,1459000
7290003060535,false,"קמח חיטה לבן בהיר מנופה 1 ק""ג רמילוי",,,קמח חיטה לבן בהיר מנ,יח',1.00,יח',false,,6.50,6.5000,true,1,1459001
7290003060542,false,קמח מנופה ללחם וחלות 1 קג -רמי לוי,,,קמח מנופה ללחם וחלות,יח',1.00,יח',false,,7.50,7.5000,true,1,1459002
7290003060559,false,קמח תופח מנופה 1קג רמילוי,,,קמח תופח מנופה 1קג ר,גרמים,1000.00,100 גרם,false,,6.50,0.0065,true,1,1459003
7290003060573,false,קמח כוסמין מלא מנופה 1קג רמילוי,,,קמח כוסמין מלא מנופה,יח',1.00,יח',false,,12.90,12.9000,true,1,1459005
7290003060580,false,קמח חיטה מלא מנופה 1קג רמילוי,,,קמח חיטה מלא מנופה 1,יח',1.00,יח',false,,6.50,6.5000,true,1,1459006
7290003069590,false,"פילה פוטית עם עור קפוא דלידג 1 ק""ג",דאליאן גואופו אקאטיק,CN,"פילה סול דלידג 1 ק""ג",גרמים,1000.00,100 גרם,false,,29.90,0.0299,true,1,1450145
7290003072859,false,רוסטביף טירת צבי 120 גרם,הנסיך- מפעל לייצור ט,IL,רוסטביף 120 גר,גרמים,120.00,100 גרם,false,,23.90,0.1992,true,1,1443200
7290003072965,false,קבנוס חריף מעושן טירת צבי 120 גרם,טיב טירת צבי 2000,IL,קבנוס חריף מעושן 120,גרמים,120.00,100 גרם,false,,9.90,0.0825,true,1,1443202
7290003072972,false,קבנוס בתיבול מעושן טירת צבי 120 גרם,טיב טירת צבי 2000,IL,קבנוס בתיבול שום 120,גרמים,120.00,100 גרם,false,,9.90,0.0825,true,1,1443203
7290003121083,false,ארוחת נודלס בטעם בשר בשקית מג'יק 85 גרם,טאט הוי פוד בעמ,SG,ארוחת נודלס בטעם בשר,גרמים,85.00,100 גרם,false,,2.50,0.0294,true,1,1450147
7290003121090,false,ארוחת נודלס ירקות בשקית מג'יק 85 גרם,זנטי אס. אי לאלין,SG,ארוחת נודלס בטעם ירק,גרמים,85.00,100 גרם,false,,2.50,0.0294,true,1,1450148
7290003121106,false,ארוחת נודלס טעם עוף בשקית מג'יק 85 גרם,"טאט פוד הוי בע""מ",SG,ארוחת נודלס בטעם עוף,גרמים,85.00,100 גרם,false,,2.50,0.0294,true,1,1450149
7290003125371,false,ראס אל חנות,,,ראס אל חנות,קילוגרמים,1.00,"ק""ג",true,,58.90,58.9000,true,1,1462179
7290003126712,false,יוגורט עיזים מחלב מלא 3.7% משק צוריאל 150 גרם,מחלבת משק צוריאל,IL,יוגורט עיזים מחלב מל,מיליליטרים,150.00,"100 מ""ל",false,,5.80,0.0387,true,1,1441736
7290003126958,false,טופו גבינה גוש בואקום צוריאל 300 ג',א.י.ן תעשיות מזון בע,IL,גבינת טופו משק צוריא,גרמים,300.00,100 גרם,false,,11.90,0.0397,true,1,1441737
7290003130399,false,מברשת שיניים לילדים שלב 2 אקווה פרש.,גלקסו סמית קליין,IN,אקוה פרש מברשת חיות שלב 2,יח',1.00,יח',false,,7.90,7.9000,true,1,1455771
7290003131013,false,פול קטן משקל,,,פול קטן משקל,קילוגרמים,1.00,"ק""ג",true,,10.00,10.0000,true,1,1462181
7290003131020,false,פפריקה מעושנת,,,פפריקה מעושנת,קילוגרמים,1.00,"ק""ג",true,,50.00,50.0000,true,1,1462182
7290003131075,false,קוואקר בשקילה,אוליבלס SA,,קוואקר משקל,קילוגרמים,1.00,"ק""ג",true,,7.00,7.0000,true,1,1462186
7290003131150,false,שעועית משקל,,,שעועית משקל,קילוגרמים,1.00,"ק""ג",true,,10.00,10.0000,true,1,1462189
7290003131181,false,מלח לימון בשקילה,אוליבלס SA,,מלח לימון במשקל,קילוגרמים,1.00,"ק""ג",true,,25.00,25.0000,true,1,1462190
7290003131204,false,פול ענק משקל,,,פול ענק משקל,קילוגרמים,1.00,"ק""ג",true,,15.00,15.0000,true,1,1462191
7290003131211,false,כוסברה טחון משקל,אוליבלס SA,,כוסברה טחון משקל,קילוגרמים,1.00,"ק""ג",true,,64.00,64.0000,true,1,1462192
7290003131228,false,פישתן בשקילה,אוליבלס SA,,פישתן משקל,קילוגרמים,1.00,"ק""ג",true,,16.00,16.0000,true,1,1462193
7290003131235,false,פלפל לבן שלם,,,פלפל לבן שלם,קילוגרמים,1.00,"ק""ג",true,,100.00,100.0000,true,1,1462194
7290003131259,false,פלפל אנגלי שלם,,,פלפל אנגלי שלם,קילוגרמים,1.00,"ק""ג",true,,50.00,50.0000,true,1,1462196
7290003131266,false,גרעין שחור קלוי,אוליבלס SA,,גרעין שחור קלוי,קילוגרמים,1.00,"ק""ג",true,,25.00,25.0000,true,1,1462197
7290003131280,false,קייגין,,,קייגין,קילוגרמים,1.00,"ק""ג",true,,74.00,74.0000,true,1,1462199
7290003131303,false,חילבה משקל,,,חילבה משקל,קילוגרמים,1.00,"ק""ג",true,,39.00,39.0000,true,1,1462201
7290003131310,false,בוטנים טיבעי במשקל,אוליבלס SA,,בוטנים משקל,קילוגרמים,1.00,"ק""ג",true,,23.00,23.0000,true,1,1462202
7290003131464,false,רוזמרין,,,רוזמרין,קילוגרמים,1.00,"ק""ג",true,,100.00,100.0000,true,1,1462210
7290003131501,false,שקד טחון,,,שקד טחון,קילוגרמים,1.00,"ק""ג",true,,100.00,100.0000,true,1,1462211
7290003131549,false,אגוז מלך מסוכר,,,אגוז מלך מסוכר,קילוגרמים,1.00,"ק""ג",true,,58.00,58.0000,true,1,1462212
7290003131563,false,פקאן קלוי/מסוכר,,,פקאן קלוי/מסוכר,קילוגרמים,1.00,"ק""ג",true,,118.00,118.0000,true,1,1462214
7290003131570,false,תירס קלוי,,,תירס קלוי,קילוגרמים,1.00,"ק""ג",true,,47.00,47.0000,true,1,1462215
7290003131587,false,סויה קריספי,,,סויה קריספי,קילוגרמים,1.00,"ק""ג",true,,47.00,47.0000,true,1,1462216
7290003131709,false,מנגו ללא סוכר,,,מנגו ללא סוכר,קילוגרמים,1.00,"ק""ג",true,,80.00,80.0000,true,1,1462224
7290003131747,false,פאפיה ללא סוכר,,,פאפיה ללא סוכר,קילוגרמים,1.00,"ק""ג",true,,90.00,90.0000,true,1,1462225
7290003131778,false,טימין עלים,,,טימין עלים,קילוגרמים,1.00,"ק""ג",true,,100.00,100.0000,true,1,1462226
7290003131822,false,בזיליקום עלים,,,בזיליקום עלים,קילוגרמים,1.00,"ק""ג",true,,100.00,100.0000,true,1,1462229
7290003131853,false,פפריקה חריפה,,,פפריקה חריפה,קילוגרמים,1.00,"ק""ג",true,,40.00,40.0000,true,1,1462231
7290003131860,false,גינגר מסוכר,,,גינגר מסוכר,קילוגרמים,1.00,"ק""ג",true,,60.00,60.0000,true,1,1462232
7290003131891,false,שומשום חום,,,שומשום חום,קילוגרמים,1.00,"ק""ג",true,,45.00,45.0000,true,1,1462233
7290003140237,false,"סילאן לחיץ קליית גת 360 גרם כשל""פ",ליימן מותגים,IL,סילאן לחיץ 360גר,גרמים,360.00,100 גרם,false,,9.90,0.0275,true,1,1451892
7290003141159,false,יוגטה מרשמלו ממתק מוקצף בטעמי תות שדה ווניל 180 גרם,מוטקה החולב,IL,יוגטה מרשמלו 180 גרם,גרמים,180.00,100 גרם,false,,6.80,0.0378,true,1,1451894
7290003142477,false,ערמונים קלופים וקלויים 100 גרם,הדקלאים אגודת שיתופי,IL,ערמונים קלויים 100 ג,גרמים,100.00,100 גרם,false,,5.90,0.0590,true,1,1451896
7290003143139,false,סילאן תמרים קלית גת 900 ג',"טעמי הגליל בע""\מ",IL,סילאן קליית גת 900 ג,גרמים,900.00,100 גרם,false,,12.80,0.0142,true,1,1451898
7290003143146,false,ממרח תמרים קליית גת 450 גרם,הדקלאים אגודת שיתופי,IL,ממרח תמרים קליית 450,גרמים,450.00,100 גרם,false,,4.90,0.0109,true,1,1451899
7290003143276,false,יוגטה מרשמלו ממתק מוקצף בטעם תות שדה 180 גרם,תות ממתקי איכות,IL,יוגוטה מרשמלו רול 18,גרמים,180.00,100 גרם,false,,6.80,0.0378,true,1,1451900
7290003143337,false,סילאן רכיבים טבעיים לחיץ קליית גת 350 גרם,ליימן מותגים,IL,סילאן רכיבים טבעיים,גרמים,350.00,100 גרם,false,,14.90,0.0426,true,1,1451901
7290003144419,false,סילאן טבעי קליית גת 710 גרם,"טעמי הגליל בע""\מ",IL,סילאן רכיבים טבעיים,גרמים,710.00,100 גרם,false,,19.90,0.0280,true,1,1451907
7290003145782,false,צנובר רכיבים טבעיים קליית גת 100 גרם,הדקלאים אגודת שיתופי,IL,צנובר רכיבים טבעיים,גרמים,100.00,100 גרם,false,,21.90,0.2190,true,1,1451912
7290003155842,false,זיתים מובחרים,,,זיתים מובחרים,קילוגרמים,1.00,"ק""ג",true,,54.00,54.0000,true,1,1462234
7290003155965,false,זיתים במשקל,,,זיתים במשקל,קילוגרמים,1.00,"ק""ג",true,,59.00,59.0000,true,1,1462235
7290003163939,false,מעדני הטלה נקניקיות,מעדני הטלה,IL,נקניקיות גריל 1.5 קג,קילוגרמים,1.50,"ק""ג",false,,24.90,16.6000,true,1,1462568
7290003185719,false,קבב רומני טיבון ויל 500 גרם,טיבון ויל אחזקות בעמ,IL,קבב רומני טיבון ויל,גרמים,500.00,100 גרם,false,,19.90,0.0398,true,1,1450150
7290003185726,false,קבב מזרחי טיבון ויל 500 גרם,טיבון ויל אחזקות בעמ,IL,קבב מזרחי טיבון ויל,גרמים,500.00,100 גרם,false,,17.90,0.0358,true,1,1450151
7290003189045,false,צהובה הולנדית מחיר לפי מ,צי תעשיות מזון יבנה,IL,הצהובה הטובה הולנדית,קילוגרמים,1.00,"ק""ג",true,,34.00,34.0000,true,1,1474018
7290003189076,false,פיצרלה הצהובה הטובה מגורדת 22% כפיר 500 גרם,צי תעשיות מזון יבנה,IL,פיצרלה הצהובה הטובה,גרמים,500.00,100 גרם,false,,18.50,0.0370,true,1,1474029
7290003189199,false,צהובה טובה חריפה במש,צי תעשיות מזון יבנה,IL,הצהובה הטובה חריפה מ,קילוגרמים,1.00,"ק""ג",true,,32.00,32.0000,true,1,1474019
7290003189274,false,בנוסח מעושנת גליל26%משקל,צי תעשיות מזון יבנה,IL,הצהובה הטובה מעושנת,קילוגרמים,1.00,"ק""ג",true,,39.00,39.0000,true,1,1474021
7290003192014,false,פקאן טיבעי במשקל,אוליבלס SA,,פקאן משקל,קילוגרמים,1.00,"ק""ג",true,,89.00,89.0000,true,1,1462236
7290003192021,false,אפונה קלוי במשקל,אוליבלס SA,,אפונה קלוי,קילוגרמים,1.00,"ק""ג",true,,39.00,39.0000,true,1,1462238
7290003192038,false,שמיר עלים,,,שמיר עלים,קילוגרמים,1.00,"ק""ג",true,,100.00,100.0000,true,1,1462241
7290003192052,false,פלפל 4 עונות משקל,,,פלפל 4 עונות משקל,קילוגרמים,1.00,"ק""ג",true,,159.00,159.0000,true,1,1462243
7290003192137,false,ציפורן משקל,אוליבלס SA,,ציפורן משקל,קילוגרמים,1.00,"ק""ג",true,,100.00,100.0000,true,1,1462244
7290003192199,false,סודה לשתיה משקל,,,סודה לשתיה משקל,קילוגרמים,1.00,"ק""ג",true,,25.00,25.0000,true,1,1462246
7290003192298,false,בוטן גריל,,,בוטן גריל,קילוגרמים,1.00,"ק""ג",true,,50.00,50.0000,true,1,1462247
7290003192311,false,עלי דפנהבמשקל,אוליבלס SA,,עלי דפנהבמשקל,קילוגרמים,1.00,"ק""ג",true,,100.00,100.0000,true,1,1462248
7290003192335,false,אגוז מוסקט טחון משקל,אוליבלס SA,,אגוז מוסקט טחון משקל,קילוגרמים,1.00,"ק""ג",true,,90.00,90.0000,true,1,1462249
7290003192502,false,חמוצים,,,חמוצים,קילוגרמים,1.00,"ק""ג",true,,47.00,47.0000,true,1,1462254
7290003192519,false,זנגויל מיובש במשקל מ,אוליבלס SA,,זנגויל מיובש,קילוגרמים,1.00,"ק""ג",true,,39.00,39.0000,true,1,1462255
7290003192526,false,אגוז מלך משקל,,,אגוז מלך משקל,קילוגרמים,1.00,"ק""ג",true,,59.00,59.0000,true,1,1462256
7290003192533,false,פיסטוק טיבעי במשקל,אוליבלס SA,IL,פיסטוק טיבעי משקל,קילוגרמים,1.00,"ק""ג",true,,65.00,65.0000,true,1,1462257
7290003192557,false,חומוס ענק משקל,,,חומוס ענק משקל,קילוגרמים,1.00,"ק""ג",true,,15.00,15.0000,true,1,1462258
7290003192588,false,פלפל שחור שלם משקל,אוליבלס SA,,פלפל שחור שלם משקל,קילוגרמים,1.00,"ק""ג",true,,70.00,70.0000,true,1,1462259
7290003192595,false,ראס אל חנות משקל,,,ראס אל חנות משקל,קילוגרמים,1.00,"ק""ג",true,,99.00,99.0000,true,1,1462260
7290003192618,false,צנובר במשקל,אוליבלס SA,,צנובר משקל,קילוגרמים,1.00,"ק""ג",true,,194.00,194.0000,true,1,1462261
7290003192649,false,חמוצים,,,חמוצים,קילוגרמים,1.00,"ק""ג",true,,48.00,48.0000,true,1,1462262
7290003192656,false,חמוציות ברכז,אוליבלס SA,,חמוציות ברכז,קילוגרמים,1.00,"ק""ג",true,,69.00,69.0000,true,1,1462263
7290003192663,false,לוביה נקודה משקל,,,לוביה נקודה משקל,קילוגרמים,1.00,"ק""ג",true,,17.00,17.0000,true,1,1462264
7290003192670,false,מש ירוק משקל,,,מש ירוק משקל,קילוגרמים,1.00,"ק""ג",true,,10.00,10.0000,true,1,1462265
7290003208586,false,"וורמוט מרטיני לבן 750 מ""ל",מרטיני ורוסי,IT,מרטיני ביאנקו 750 מל,מיליליטרים,750.00,"100 מ""ל",false,,44.90,0.0599,true,1,1453170
7290003211135,false,תירס פופקורן בשקילה,אוליבלס SA,,תירס פופקורן משקל,קילוגרמים,1.00,"ק""ג",true,,10.00,10.0000,true,1,1462267
7290003211159,false,עדשים בשקילה,אוליבלס SA,,עדשים משקל,קילוגרמים,1.00,"ק""ג",true,,10.00,10.0000,true,1,1462268
7290003211166,false,כוסמת משקל,,,כוסמת משקל,קילוגרמים,1.00,"ק""ג",true,,8.90,8.9000,true,1,1462269
7290003211173,false,בורגול משקל,,,בורגול משקל,קילוגרמים,1.00,"ק""ג",true,,8.00,8.0000,true,1,1462270
7290003211197,false,שומשום בשקילה,אוליבלס SA,,שומשום משקל,קילוגרמים,1.00,"ק""ג",true,,33.00,33.0000,true,1,1462272
7290003211203,false,תאינים מיובש,אוליבלס SA,,תאנים מיובש,קילוגרמים,1.00,"ק""ג",true,,47.00,47.0000,true,1,1462273
7290003211227,false,משמש מיובש,אוליבלס SA,,משמש מיובש,קילוגרמים,1.00,"ק""ג",true,,53.00,53.0000,true,1,1462274
7290003211234,false,פפריקה בשקילה,אוליבלס SA,,פפריקה מתוקה,קילוגרמים,1.00,"ק""ג",true,,35.00,35.0000,true,1,1462275
7290003211241,false,שום גבישי משקל,אוליבלס SA,,שום גבישי משקל,קילוגרמים,1.00,"ק""ג",true,,50.00,50.0000,true,1,1462276
7290003211258,false,קינמון טחון/שלם בשקי,אוליבלס SA,,קינמון טחון/שלם במשק,קילוגרמים,1.00,"ק""ג",true,,45.00,45.0000,true,1,1462277
7290003211302,false,גרעין לבן קלוי,אוליבלס SA,,גרעין לבן קלוי,קילוגרמים,1.00,"ק""ג",true,,39.00,39.0000,true,1,1462278
7290003211319,false,קבוקים מסוכר,אוליבלס SA,,קבוקים מסוכר,קילוגרמים,1.00,"ק""ג",true,,30.00,30.0000,true,1,1462279
7290003211357,false,צימוק לבן/חום,אוליבלס SA,,צימוק חום,קילוגרמים,1.00,"ק""ג",true,,19.00,19.0000,true,1,1462281
7290003211388,false,סוכריות במשקל,אוליבלס SA,,סוכריות,קילוגרמים,1.00,"ק""ג",true,,35.00,35.0000,true,1,1462283
7290003211395,false,פרג,,,פרג,קילוגרמים,1.00,"ק""ג",true,,39.00,39.0000,true,1,1462284
7290003211418,false,צימוק ענק זמבו,אוליבלס SA,,צימוק ענק גמבו,קילוגרמים,1.00,"ק""ג",true,,43.00,43.0000,true,1,1462285
7290003211449,false,כוזברה עלים משקל,,,כוזברה עלים משקל,קילוגרמים,1.00,"ק""ג",true,,73.00,73.0000,true,1,1462286
7290003211579,false,הל משקל,,,הל משקל,קילוגרמים,1.00,"ק""ג",true,,200.00,200.0000,true,1,1462287
7290003211739,false,אננס מסוכר,אוליבלס SA,,אננס מסוכר,קילוגרמים,1.00,"ק""ג",true,,24.00,24.0000,true,1,1462288
7290003211760,false,תבלין לשוורמה משקל,אוליבלס SA,,תבלין לשוורמה משקל,קילוגרמים,1.00,"ק""ג",true,,70.00,70.0000,true,1,1462289
7290003211777,false,גריל עוף משקל,אוליבלס SA,,גריל עוף משקל,קילוגרמים,1.00,"ק""ג",true,,58.00,58.0000,true,1,1462290
7290003211807,false,תבלין לדג משקל,,,תבלין לדג משקל,קילוגרמים,1.00,"ק""ג",true,,74.00,74.0000,true,1,1462291
7290003211876,false,בצל מטוגן משקל,אוליבלס SA,,בצל מטוגן משקל,קילוגרמים,1.00,"ק""ג",true,,49.00,49.0000,true,1,1462293
7290003211890,false,חלווה במשקל,אוליבלס SA,,חלווה,קילוגרמים,1.00,"ק""ג",true,,58.00,58.0000,true,1,1462294
7290003211920,false,קינואה לבנה,,,קינואה לבנה,קילוגרמים,1.00,"ק""ג",true,,14.00,14.0000,true,1,1462296
7290003211968,false,סומק משקל,,,סומק משקל,קילוגרמים,1.00,"ק""ג",true,,55.00,55.0000,true,1,1462297
7290003211975,false,קשיו קלוי,אוליבלס SA,,קשיו קלוי,קילוגרמים,1.00,"ק""ג",true,,69.90,69.9000,true,1,1462298
7290003211982,false,מנציס,אוליבלס SA,,מנצ'ס,קילוגרמים,1.00,"ק""ג",true,,47.00,47.0000,true,1,1462299
7290003211999,false,פקאן סיני,אוליבלס SA,,פקאן סיני,קילוגרמים,1.00,"ק""ג",true,,89.00,89.0000,true,1,1462300
7290003213016,false,חטיף אורז חריף,אוליבלס SA,,חטיף אורז חריף,קילוגרמים,1.00,"ק""ג",true,,64.00,64.0000,true,1,1462302
7290003213030,false,גרעין אבטיח קלוי,אוליבלס SA,,גרעין אבטיח קלוי,קילוגרמים,1.00,"ק""ג",true,,55.00,55.0000,true,1,1462303
7290003213054,false,תמר דקל נור,,,תמר דקל נור,קילוגרמים,1.00,"ק""ג",true,,49.90,49.9000,true,1,1462304
7290003213061,false,קצח משקל,אוליבלס SA,,קצח משקל,קילוגרמים,1.00,"ק""ג",true,,64.00,64.0000,true,1,1462305
7290003213085,false,אפונה משקל,,,אפונה משקל,קילוגרמים,1.00,"ק""ג",true,,9.00,9.0000,true,1,1462306
7290003213108,false,פול קליפה קלוי מטוגן,אוליבלס SA,,פול מטוגן,קילוגרמים,1.00,"ק""ג",true,,55.00,55.0000,true,1,1462308
7290003213160,false,כורכום בשקילה,אוליבלס SA,,כורכום במשקל,קילוגרמים,1.00,"ק""ג",true,,59.00,59.0000,true,1,1462309
7290003213177,false,פילדלפיה משקל,אוליבלס SA,,פילדלפיה משקל,קילוגרמים,1.00,"ק""ג",true,,114.00,114.0000,true,1,1462310
7290003213191,false,גרוס מתוק/חריף משקל,אוליבלס SA,,גרוס מתוק/חריף משקל,קילוגרמים,1.00,"ק""ג",true,,50.00,50.0000,true,1,1462311
7290003213214,false,זעתר טחון משקל,אוליבלס SA,,זעתר טחון משקל,קילוגרמים,1.00,"ק""ג",true,,89.00,89.0000,true,1,1462313
7290003213221,false,קארי בשקילה,אוליבלס SA,,קארי משקל,קילוגרמים,1.00,"ק""ג",true,,73.00,73.0000,true,1,1462314
7290003213238,false,חיטה משקל,,,חיטה משקל,קילוגרמים,1.00,"ק""ג",true,,8.00,8.0000,true,1,1462315
7290003213306,false,כמון בשקילה,אוליבלס SA,,כמון במשקל,קילוגרמים,1.00,"ק""ג",true,,49.00,49.0000,true,1,1462316
7290003213313,false,בהרט משקל,אוליבלס SA,,בהרט משקל,קילוגרמים,1.00,"ק""ג",true,,99.00,99.0000,true,1,1462317
7290003213320,false,קימל טחון משקל,אוליבלס SA,,קימל טחון משקל,קילוגרמים,1.00,"ק""ג",true,,60.00,60.0000,true,1,1462318
7290003213337,false,חוויג' מרק משקל,אוליבלס SA,,חוויג' מרק משקל,קילוגרמים,1.00,"ק""ג",true,,89.00,89.0000,true,1,1462319
7290003213375,false,שקד טבעי במשקל,אוליבלס SA,,שקד משקל,קילוגרמים,1.00,"ק""ג",true,,69.00,69.0000,true,1,1462322
7290003213399,false,אגוז ברזיל משקל,אוליבלס SA,,אגוז ברזיל משקל,קילוגרמים,1.00,"ק""ג",true,,88.00,88.0000,true,1,1462324
7290003213443,false,אננס טיבעי,אוליבלס SA,,אננס טיבעי,קילוגרמים,1.00,"ק""ג",true,,80.00,80.0000,true,1,1462327
7290003213450,false,תמר מגהול במשקל,אוליבלס SA,IL,תמר מג'הול,קילוגרמים,1.00,"ק""ג",true,,49.00,49.0000,true,1,1462328
7290003213504,false,תבלין לקציצות משקל,,,תבלין לקציצות משקל,קילוגרמים,1.00,"ק""ג",true,,74.00,74.0000,true,1,1462331
7290003213597,false,סוכריות,,,סוכריות,קילוגרמים,1.00,"ק""ג",true,,30.00,30.0000,true,1,1462333
7290003213603,false,טוסקנה משקל,אוליבלס SA,,טוסקנה משקל,קילוגרמים,1.00,"ק""ג",true,,59.00,59.0000,true,1,1462334
7290003213634,false,זנגויל טחון משקל,,,זנגויל טחון משקל,קילוגרמים,1.00,"ק""ג",true,,69.00,69.0000,true,1,1462335
7290003213672,false,פלפל חריף/מתוק משקל,אוליבלס SA,IL,פלפל חריף/מתוק משקל,קילוגרמים,1.00,"ק""ג",true,,69.00,69.0000,true,1,1462338
7290003213696,false,בוטנים קלוים,אוליבלס SA,,בוטנים קלוי,קילוגרמים,1.00,"ק""ג",true,,25.00,25.0000,true,1,1462339
7290003213702,false,קשיו טיבעי במשקל,אוליבלס SA,,קשיו משקל,קילוגרמים,1.00,"ק""ג",true,,85.00,85.0000,true,1,1462340
7290003213733,false,מיקסים לאורז משקל,אוליבלס SA,,מיקסים לאורז משקל,קילוגרמים,1.00,"ק""ג",true,,100.00,100.0000,true,1,1462341
7290003213740,false,שקד קלוי,אוליבלס SA,,שקד קלוי,קילוגרמים,1.00,"ק""ג",true,,79.00,79.0000,true,1,1462342
7290003213757,false,קשיו מסוכר,אוליבלס SA,,קשיו מסוכר,קילוגרמים,1.00,"ק""ג",true,,85.00,85.0000,true,1,1462343
7290003213771,false,פלפל שחור/גרוס במשקל,אוליבלס SA,,פלפל שחור/גרוס במשקל,קילוגרמים,1.00,"ק""ג",true,,80.00,80.0000,true,1,1462344
7290003213825,false,פיסטוק קלוי במשקל,אוליבלס SA,,פיסטוק קלוי,קילוגרמים,1.00,"ק""ג",true,,69.00,69.0000,true,1,1462347
7290003213832,false,שקדים מולבנים משקל,אוליבלס SA,,שקדים מולבנים משקל,קילוגרמים,1.00,"ק""ג",true,,78.00,78.0000,true,1,1462348
7290003213887,false,חמוצים משקל,אוליבלס SA,,חמוצים,קילוגרמים,1.00,"ק""ג",true,,29.00,29.0000,true,1,1462353
7290003213900,false,פטרוזיליה עלים משקל,אוליבלס SA,,פטרוזיליה עלים משקל,קילוגרמים,1.00,"ק""ג",true,,100.00,100.0000,true,1,1462354
7290003219131,false,בוטנים גרוסים,,,בוטנים גרוסים,קילוגרמים,1.00,"ק""ג",true,,50.00,50.0000,true,1,1462355
7290003229109,false,פסטרמה הודו בפפריקה טירת צבי 400 גרם,הנסיך- מפעל לייצור ט,IL,פסטרמה הודו בפפריקה,גרמים,400.00,100 גרם,false,,25.90,0.0647,true,1,1443204
7290003229116,false,פסטרמה הודו בדבש שומן טירת צבי 400 גרם,הנסיך- מפעל לייצור ט,IL,פסטרמה הודו בדבש 3%,גרמים,400.00,100 גרם,false,,25.90,0.0647,true,1,1443205
7290003229123,false,פסטרמה הודו על גחלים 2% טירת צבי 400 גרם,הנסיך- מפעל לייצור ט,IL,פסטרמה הודו על גחלים,גרמים,400.00,100 גרם,false,,25.90,0.0647,true,1,1443206
7290003229154,false,נקניק סלמי קוניאק טירת צבי 300 גרם,הנסיך- מפעל לייצור ט,IL,נקניק סלמי קוניאק טי,גרמים,300.00,100 גרם,false,,24.90,0.0830,true,1,1443208
7290003229192,false,נקניק כתף בקר מעושן 2% טירת צבי 400 גרם,טיב טירת צבי 2000,IL,נקניק כתף בקר מעושן,גרמים,400.00,100 גרם,false,,25.90,0.0647,true,1,1443209
7290003229208,false,פסטרמה ספרדית 2% טירת צבי 360 גרם,טירת צבי - מדף,IL,פסטרמה ספרדית 2% טיר,גרמים,360.00,100 גרם,false,,24.90,0.0692,true,1,1443210
7290003229215,false,פסטרמה איטלקית 3.5% טירת צבי 360 גרם,טירת צבי - מדף,IL,פסטרמה איטלקית 3.5%,גרמים,360.00,100 גרם,false,,25.90,0.0719,true,1,1443211
7290003258291,false,"דאודורנט ספריי לנשים 150 מ""ל פנינה רוזנבלום",פנינה רוזנבלום,IL,דאודורנט ספריי לנשים,מיליליטרים,150.00,"100 מ""ל",false,,15.90,0.1060,true,1,1453709
7290003258406,false,"פנינה וואקס בריליאנטין לשיער 100 מ""ל",פנינה רוזנבלום,IL,ווקס לשיער פנינה רוז,מטרים,100.00,100 מ'ל,false,,16.90,0.1690,true,1,1453711
7290003310555,false,"מאגדת טילון קרם עוגיות 4*100 מ""ל בן וג'ירי",מוצרי איכות אמריקאיים,IL,מאגדת טילונים קרם עו,גרמים,400.00,100 גרם,false,,24.90,0.0622,true,1,1451417
7290003318827,false,מארז וופל 640 גר רמי לוי,,,מארז וופל 640 גר רמי,גרמים,640.00,100 גרם,false,,12.90,0.0202,true,1,1471588
7290003321155,false,יוגורט בר עם פקאן מצופה שוקולד 183 ג' דנונה,"שטראוס בריאות בע""\מ",IL,יוגורט דנונה ביו עם,מיליליטרים,183.00,"100 מ""ל",false,,4.30,0.0235,true,1,1454538
7290003332007,false,קפה שחור עם הל 250 גרם,סובחי נחלה ובניו,IL,קפה נחלה 250 ג,גרמים,250.00,100 גרם,false,,13.90,0.0556,true,1,1462800
7290003332014,false,קפה נח'לה אדום עם הל500ג,קפה אל נח'לה,IL,קפה נחלה 500 ג,גרמים,500.00,100 גרם,false,,26.90,0.0538,true,1,1462801
7290003332021,false,"קפה נחלה סובחי 1 ק""ג",,,קפה נחלה 1קג,100 קילו,1.00,100 קילו,false,,49.90,49.9000,true,1,1462802
7290003387205,false,ספיד סטיק - דאודורנט סטיק לגבר רגולר,הנסיך- מפעל לייצור ט,US,דאודורנט ספיד סטיק ר,גרמים,63.00,100 גרם,false,,16.90,0.2683,true,1,1444845
7290003400500,false,חטיף הרשי ריזס נאטרייגיס 47 גרם,ליימן מותגים,US,חטיף קרמל בוטנים בצי,גרמים,47.00,100 גרם,false,,3.90,0.0830,true,1,1451702
7290003401369,false,"קרם לחות לשיער חוחובה נטורל פורמולה 400 מ""ל",מיוצר עי אמיליה קוסמ,IL,קרם לחות לשיער חוחוב,מיליליטרים,400.00,"100 מ""ל",false,,19.90,0.0497,true,1,1448651
7290003401376,false,"קרם לחות ועיצוב לשיער אלוורה נטורל 400 מ""ל",מיוצר עי אמיליה קוסמ,IL,קרם לחות קלאסיק ירוק,מיליליטרים,400.00,"100 מ""ל",false,,19.90,0.0497,true,1,1448652
7290003401420,false,"קרם לחות לשיער סיליקון כתום נטורל 400 מ""ל",מיוצר עי אמיליה קוסמ,IL,קרם לחות לשיער נטורל,מיליליטרים,400.00,"100 מ""ל",false,,19.90,0.0497,true,1,1448653
7290003401635,false,נטורל פורמולה לחות מעצבת לפתיחת תלתלים,מיוצר עי אמיליה קוסמ,IL,נטורל פורמולה לחות מ,מיליליטרים,400.00,"100 מ""ל",false,,20.70,0.0517,true,1,1448654
7290003401642,false,"קרם לחות לתלתלים טבעיים נטורל פורמולה 400 מ""ל",מיוצר עי אמיליה קוסמ,IL,קרם לחות לתלתלים טבע,מיליליטרים,400.00,"100 מ""ל",false,,20.70,0.0517,true,1,1448655
7290003411276,false,עמבה הודית מובחרת הנמל 600ג',טרופיקל דגיל תעשיות,IL,עמבה הנמל 500 גרם,גרמים,500.00,100 גרם,false,,9.90,0.0198,true,1,1450838
7290003414406,false,הרשי ריזס נטיפי אפייה בוטנים 283 גר',ליימן מותגים,US,*מבצע* ריזס נטיפים ל,גרמים,283.00,100 גרם,false,,11.90,0.0420,true,1,1451703
7290003423909,false,חטיף קוקיס אנד קרים לבן 43 גרם,ליימן מותגים,US,חטיף שוקולד לבן עם ש,יח',1.00,יח',false,,3.90,3.9000,true,1,1451704
7290003427154,false,"שמן זית כתית מעולה טעם מעודן זיתא 750 מ""ל",זיתא תעשיות שמן זיתt\,IL,שמן זית כתית מעולה ט,מיליליטרים,750.00,"100 מ""ל",false,,32.90,0.0439,true,1,1451203
7290003438006,false,ממרח אולביה פסטו וצנובר איטלקי 190ג',מיוצר עי קונדיטוריית,IL,ממרח פסטו איטלקי,גרמים,190.00,100 גרם,false,,12.90,0.0679,true,1,1451204
7290003438013,false,ממרח זיתים ירוקים אוליביה 190 גרם,קריות זול,IL,ממרח זיתים ירוקים,גרמים,190.00,100 גרם,false,,12.90,0.0679,true,1,1451205
7290003438020,false,ממרח עגבניות מיובשות אוליביה 190 גרם,מיוצר עי קונדיטוריית,IL,ממרח עגבניות מיובשות,גרמים,190.00,100 גרם,false,,12.90,0.0679,true,1,1451206
7290003438082,false,"חזרת אוליביה ""תנובה""",אוליביה גורמה (1996),IL,חזרת מצונן 180 גרם,גרמים,180.00,גרם,false,,11.90,0.0661,true,1,1443476
7290003438709,false,ממרח אולביה זיתים שחורים וירוקים 190 ג',גוד פוד פרודקטס S.p,IL,ממרח זיתים שחורים,גרמים,190.00,100 גרם,false,,12.90,0.0679,true,1,1451207
7290003438853,false,אוליביה אריסה חריפה 185 גרם,אוליביה,IL,אריסה חריפה 185גר,גרמים,185.00,100 גרם,false,,12.90,0.0697,true,1,1451208
7290003444009,false,הרשי ריזס חטיף במילוי בוטנים 42 גרם,ליימן מותגים,US,שוקולד חלב במילוי חמ,יח',1.00,יח',false,,3.90,3.9000,true,1,1451705
7290003450602,false,חרדל אמיתי צהוב בקבוק לחיץ 255 גר,היינץ צפון אמריקה מקבוצת ה.י.היינץ,US,חרדל לחיץ 255 גרם,גרמים,255.00,100 גרם,false,,7.50,0.0294,true,1,1451511
7290003457991,false,טילון קורנטו וניל עם וופל ואגוזי לוז מסוכרים,"גלידת שטראוס בע""\מ, רחוב",IL,טילון קורנטו קלאסיקו,גרמים,300.00,100 גרם,false,,25.90,0.0863,true,1,1453594
7290003514007,false,מנה שקדי מרק מנה 400 גרם,מנה Mana,IL,שקדי מרק מנה 400 גרם,גרמים,400.00,100 גרם,false,,8.80,0.0220,true,1,1444849
7290003521074,false,"ד""ר פישר - סרקל מרכך שיער לילדים 1 ליטר",פישר מעבדות פרמצבטיות בע,IL,סרקל מעצב ליטר,ליטרים,1.00,ליטר,false,,28.90,28.9000,true,1,1456974
7290003521081,false,"סרקל שמפו אל דמע לילדים ד""ר פישר 1 ליטר",פישר מעבדות פרמצבטיות בע,IL,סרקל שמפו ליטר,ליטרים,1.00,ליטר,false,,28.90,28.9000,true,1,1456975
7290003521166,false,"ד""ר פישר - סרקל קרם רוזמרין לילדים 325 מ""ל",פישר מעבדות פרמצבטיות בע,IL,"סרקל קרם רוזמרין 325מ""ל",מיליליטרים,325.00,"100 מ""ל",false,,22.90,0.0705,true,1,1456976
7290003521197,false,"ד""ר פישר - סרקל תרסיס מתיר קשרים 340 מ""ל",פישר מעבדות פרמצבטיות בע,IL,"סרקל מתיר קשרים 340מ""ל",מיליליטרים,325.00,"100 מ""ל",false,,22.90,0.0705,true,1,1456977
7290003521203,false,"סרקל שמפו לשיער לילדים אל דמע ד""ר פישר 2 ליטר","ד""ר פישר Dr fischer",IL,סרקל שמפו 2 ליטר,ליטרים,2.00,ליטר,false,,39.90,19.9500,true,1,1456978
7290003521210,false,"סרקל מרכך לשיער לילדים ד""ר פישר 2 ליטר",פישר מעבדות פרמצבטיות,IL,סרקל מעצב 2 ליטר,ליטרים,2.00,ליטר,false,,39.90,19.9500,true,1,1456979
7290003521395,false,"קמיל בלו סנסיטיב אל סבון ד""ר פישר 2 ליטר",פישר מעבדות פרמצבטיות בע,IL,קמיל בלו סנסיטיב אל סבון,ליטרים,2.00,ליטר,false,,34.90,17.4500,true,1,1456981
7290003521463,false,"קמיל בלו שמפו לשיער אל דמע ד""ר פישר 2 ליטר",פישר מעבדות פרמצבטיות בע,IL,ק.ב סנסטיב אל דמע 2 ליטר,ליטרים,2.00,ליטר,false,,34.90,17.4500,true,1,1456982
7290003525461,false,סלט טונה פיקנטי ויליגר 160 גרם,ויליגר,IL,סלט טונה פיקנטי וילי,גרמים,160.00,100 גרם,false,,4.90,0.0306,true,1,1450154
7290003525478,false,סלט טונה ויליגר 160 גרם,"ויליגר, תעשיות בע""מ",IL,סלט טונה ויליגר 160,גרמים,160.00,100 גרם,false,,4.90,0.0306,true,1,1450155
7290003525898,false,שלישיית סלט טונה ויליגר 160 גרם,נטו מלינדה,,סלט טונה 160 גרם,גרמים,160.00,100 גרם,false,,14.90,0.0931,true,1,1450156
7290003525904,false,שלישיית סלט טונה פיקנטי ויליגר 160 גרם,ויליגר,,סלט טונה פיקנטי וילי,גרמים,480.00,100 גרם,false,,14.90,0.0310,true,1,1450157
7290003550753,false,רביעיית טונה בשמן פוסידון 108 גרם,"מיוצר עי וליגר בעמ,",IL,טונה פוסידון בשמן 4*,גרמים,308.00,100 גרם,false,,19.90,0.0646,true,1,1450159
7290003550937,false,רגל פרוסה קפואה במגש,טיבון ויל - נטו,IL,רגל קפוא בקר פרוסה נ,קילוגרמים,1.00,"ק""ג",true,,35.90,35.9000,true,1,1449992
7290003569021,false,כרובית ארוזה יח' רמי לוי,,,כרובית ארוזה יח' רמי,יח',1.00,יח',false,,7.90,7.9000,true,1,1454053
7290003578177,false,תירס צעיר שלם וילי פוד 210 גרם,מגסטיק פוד אידסטרי ק,TH,תירס צעיר שלם וילי פ,גרמים,210.00,100 גרם,false,,6.50,0.0310,true,1,1450963
7290003578412,false,לפתן חצאי אפרסק 820 גרם ויליפוד,וילי פוד,CN,אפרסקים וילי פוד 470,גרמים,470.00,100 גרם,false,,9.90,0.0211,true,1,1511962
7290003578672,false,ויליפוד שמן חמניות 1 ליטר{בית יוסף},וילי פוד,TR,ויליפוד שמן חמניות 1,ליטרים,1.00,ליטר,false,,8.90,8.9000,true,1,1457227
7290003643004,false,"סוגת אורז בסמטי קלאסי 1 ק""ג",האי נאם סי או אל.טי.,IL,סוגת אורז בסמטי קלאס,גרמים,1000.00,100 גרם,false,,12.90,0.0129,true,1,1448335
7290003643325,false,קוסקוס בינוני סוגת 350 גרם,"אסיף תעשיות מזון בע""\מ",IL,קוסקוס בינוני 350 גרם,גרמים,350.00,100 גרם,false,,4.90,0.0140,true,1,1448342
7290003643387,false,"סוכר לבן בצנצנת 1 ק""ג סוגת",האי נאם סי או אל.טי.,IL,סוכר לבן בצנצנת 1 קג,גרמים,1000.00,100 גרם,false,,7.90,0.0079,true,1,1448343
7290003643646,false,"סוכר דמררה קלאסי בצנצנת סוגת 1 ק""ג",האי נאם סי או אל.טי.,IL,סוכר חום דמררה צנצנת 1 קג,יח',1.00,יח',false,,12.90,12.9000,true,1,1448344
7290003643684,false,אפונה יבשה סוגת 500 גר',האי נאם סי או אל.טי.,IL,אפונה 500 גר,גרמים,500.00,100 גרם,false,,5.90,0.0118,true,1,1448345
7290003643707,false,סוגת גריסים 500 גרם,"סוגת תעשיות בע""מ",IL,גריסים 500 גר,גרמים,500.00,100 גרם,false,,4.50,0.0090,true,1,1448346
7290003643714,false,חומוס גרגירים 500 גרם סוגת,האי נאם סי או אל.טי.,IL,חומוס 500 גר,גרמים,500.00,100 גרם,false,,7.80,0.0156,true,1,1448347
7290003643738,false,סוגת חיטה 500 גרם,האי נאם סי או אל.טי.,IL,חיטה 500 גר,גרמים,500.00,100 גרם,false,,4.50,0.0090,true,1,1448348
7290003643745,false,סוגת כוסמת 500 גרם,האי נאם סי או אל.טי.,IL,כוסמת 500 גר,גרמים,500.00,100 גרם,false,,6.90,0.0138,true,1,1448349
7290003643752,false,עדשים ירוקים יבש סוגת 500 גר',האי נאם סי או אל.טי.,IL,עדשים ירוקים 500 גר,גרמים,500.00,100 גרם,false,,6.90,0.0138,true,1,1448350
7290003643769,false,עדשים אדומים יבש סוגת 500 גר',"סוגת תעשיות בע""\מ",IL,עדשים אדומים 500 גר,גרמים,500.00,100 גרם,false,,6.90,0.0138,true,1,1448351
7290003643776,false,"פופקורן גרעינים סוגת 500 ג' כשל""פ",האי נאם סי או אל.טי.,IL,פופקורן 500 גר,גרמים,500.00,100 גרם,false,,5.50,0.0110,true,1,1448352
7290003643806,false,שעועית לבנה יבשה סוגת 500 ג',האי נאם סי או אל.טי.,IL,שעועית לבנה 500 גר,גרמים,500.00,100 גרם,false,,10.90,0.0218,true,1,1448354
7290003643813,false,שעועית אדומה יבשה סוגת 500 גר',האי נאם סי או אל.טי.,IL,שעועית אדומה 500 גר,גרמים,500.00,100 גרם,false,,10.90,0.0218,true,1,1448355
7290003648849,false,מקרל בשמן שמיר 750 ג,סלטי שמיר 2006 בעמ,IL,מקרל בשמן 550 גר,גרמים,550.00,100 גרם,false,,39.90,0.0725,true,1,1440735
7290003680283,false,תבנית אחסון הרמטית,,,תבנית אחסון הרמטית,יח',1.00,יח',false,,9.90,9.9000,true,1,1474933
7290003680412,false,נפנף,,,נפנף,יח',1.00,יח',false,,3.50,3.5000,true,1,1474934
7290003719259,false,"ליבו לחם טבעי אקסקלוסיבי 1 ק""ג",מאפית י את א ברמן בע,IL,לחם ליבו אקסלוסיבי 1,100 לקג,1.00,100 לקג,false,,15.80,15.8000,true,1,1455017
7290003726141,false,טופו אמיתי כפרי בריא 300 גרם,ג'נרל מילס סאן אדריא,IL,טופו אמיתי כפרי בריא,גרמים,300.00,100 גרם,false,,9.90,0.0330,true,1,1447302
7290003726615,false,"טופו ויילר 300 גרם ""שטראוס""",הדקלאים אגודת שיתופי,IL,טופו ויילר 300 גר,יח',1.00,יח',false,,10.90,10.9000,true,1,1454541
7290003726622,false,טופו פיקנטי 300 ג' משק ויילר,"משק ויילר בע""\מ",IL,טופו פיקנטי 300 גר,גרמים,300.00,100 גרם,false,,10.90,0.0363,true,1,1454542
7290003726776,false,שניצל טופו טעם עוף 420 גר,"פרה מזון בע""\מ",IL,שניצל טופו טעם עוף 4,גרמים,420.00,100 גרם,false,,26.90,0.0640,true,1,1476674
7290003726868,false,טופו חומוס בתוספת עגבניות מיובשות 300 ג' משק ויילר,"משק ויילר בע""\מ",IL,טופו חומוס בתוספת עג,גרמים,300.00,100 גרם,false,,12.90,0.0430,true,1,1454544
7290003781065,false,מלפפונים בחומץ קטנים מאוד וילי פוד 370 גרם,וילי פוד,VN,מלפפונים בחומץ קטנים,גרמים,370.00,100 גרם,false,,9.90,0.0268,true,1,1450964
7290003781850,false,גבינת קשקבל פרוסות 200 גרם - דיספליי (18),וילי פוד,IL,גבינת קשקבל פרוסות 2,יח',1.00,יח',false,,19.90,19.9000,true,1,1457228
7290003804252,false,תיבולית קנור בנוסח הודי 72 גרם,יוניליוור ישראל מזון בע\,IL,תיבולית הודי קנור 72,גרמים,72.00,100 גרם,false,,7.40,0.1028,true,1,1447774
7290003804320,false,תיבולית שום ופטרוזיליה קנור 72 גרם,יוניליוור ישראל מזון בע\,IL,תיבולית שום ופטרוזיל,גרמים,80.00,100 גרם,false,,7.40,0.0925,true,1,1447775
7290003804368,false,"תיבוליות בזיליקום קנור 72 גרם בד""צ",יוניליוור ישראל מזון בע\,IL,תיבולית בזיליקום קנו,גרמים,72.00,100 גרם,false,,7.40,0.1028,true,1,1447776
7290003804382,false,"תיבוליות פטריות קנור 72 גרם בד""צ",יוניליוור ישראל מזון בע\,IL,תיבולית פטריות קנור,גרמים,72.00,100 גרם,false,,7.40,0.1028,true,1,1447777
7290003805501,false,"פתית בסגנון שוודי תלמה בד""צ 300 גרם",יוניליוור ישראל מזון בע\,IL,פתית שוודי תלמה 300,גרמים,300.00,100 גרם,false,,14.90,0.0497,true,1,1447779
7290003807178,false,"רוטב קנור סויה בסגנון סיני 300 מ""ל",יוניליוור ישראל מזון בע\,IL,רוטב סויה בסגנון סינ,מיליליטרים,300.00,"100 מ""ל",false,,9.90,0.0330,true,1,1447784
7290003807482,false,קנור רוטב טריאקי מופחת נתרן 370 גרם,יוניליוור ישראל מזון בע\,IL,רוטב טריאקי קנור 300,מיליליטרים,300.00,"100 מ""ל",false,,9.90,0.0330,true,1,1447785
7290003864478,false,סרדינים בשמן צמחי פתח קל ויליפוד 110 גרם,גולדן פרייז קאנינג א,TH,סרדין בשמן צמחי 110ג,גרמים,85.00,100 גרם,false,,4.90,0.0576,true,1,1450966
7290003864485,false,סרדינים ברוטב עגבנ יות ויליפוד 110ג' פתח קל,גולדן פרייז קאנינג א,TH,סרדין ברוטב עגבניות,גרמים,85.00,100 גרם,false,,4.90,0.0576,true,1,1450967
7290003864492,false,סרדינים בשמן צמחי חריף פתח קל ויליפוד 110ג',גולדן פרייז קאנינג א,TH,סרדין בשמן צמחי חריף,גרמים,85.00,100 גרם,false,,4.90,0.0576,true,1,1450968
7290003882922,false,עלי גפן ממולאים באורז וילי פוד 360 גרם,הזה פלאקספו פוד קו ב,CN,עלי גפן ממולאים באור,גרמים,360.00,100 גרם,false,,8.50,0.0236,true,1,1450970
7290003903771,false,קפה נמס קפוצ'ינו רגיל 200 ג',שטראס קפה בי.וי,IL,קפוצ'ינו 200 גרם,גרמים,200.00,100 גרם,false,,23.90,0.1195,true,1,1445519
7290003976430,false,"נוזל כלים לימון גרין קר 750 מ""ל",,,נוזל כלים לימון 18%,מיליליטרים,750.00,"100 מ""ל",false,,8.90,0.0119,true,1,1460994
7290003976751,false,מילוי למטהר אויר אוטמטי 250 מל,,,מילוי למטהר אויר אוט,יח',1.00,יח',false,,8.90,8.9000,true,1,1460999
7290003976799,false,ג'ל מסיר כתמים 3 ליטר,,,ג'ל מסיר כתמים 3 ליט,יח',1.00,יח',false,,23.90,23.9000,true,1,1461000
7290003989096,false,סלט חצילים פיקנטי אחלה 500 גרם,מיוצר עי קונדיטוריית,IL,סלט חצילים פיקנטי אח,גרמים,500.00,100 גרם,false,,14.90,0.0298,true,1,1454546
7290003989539,false,לורנצו רביולי במילוי גבינה,מיוצר עי קונדיטוריית,IL,פסטה רביולי גבינה 40,גרמים,400.00,100 גרם,false,,19.80,0.0495,true,1,1454547
7290003989553,false,פסטה טורטליני גבינה ופטריות 400 גרם,מיוצר עי קונדיטוריית,IL,פסטה טורטליני גבינה,גרמים,400.00,100 גרם,false,,19.80,0.0495,true,1,1454548
7290003996018,false,חסה ערבית (שקית ) חסלט,נסטלה קוריאה - קפה,IL,חסה ערבית (שקית ) חס,יח',1.00,יח',false,,7.80,7.8000,true,1,1455481
7290003996049,false,פטרוזיליה טרי ארוז חסלט,נסטלה שוויץ - רורשאך,IL,פטרוזיליה (שקית ) חס,יח',1.00,יח',false,,6.80,6.8000,true,1,1455482
7290003996056,false,כוסברה חסלט כפרי טרי,יעל ירק עלים,IL,כוסברה (שקית) חסלט,יח',1.00,יח',false,,6.80,6.8000,true,1,1455483
7290003996094,false,סלרי אמריקאי חסלט כפרי טרי,יעל ירק עלים,IL,סלרי (שקית )חסלט,יח',1.00,יח',false,,7.80,7.8000,true,1,1455487
7290003996209,false,פטריות שמפיניון חסלט ללא חרקים א.א,נסטלה קוריאה - קפה,IL,פטריות שמפניון חסלט,יח',1.00,יח',false,,9.90,9.9000,true,1,1455494
7290003996506,false,כרוב לבן קצוץ 400 גרם חסלט,יעל ירק עלים,IL,כרוב לבן חתוך חסלט 4,גרמים,400.00,100 גרם,false,,11.80,0.0295,true,1,1455503
7290003996513,false,כרוב אדום קצוץ 400 גרם חסלט-כפרי טרי,יעל ירק עלים,IL,כרוב אדום חתוך חסלט,גרמים,400.00,100 גרם,false,,11.80,0.0295,true,1,1455504
7290003996575,false,סלק אדום מבושל בואקום חסלט,,,סלק וואקום שקית 500,גרמים,500.00,100 גרם,false,,6.90,0.0138,true,1,1455508
7290004011277,false,"בסיס לבישול והקרמה צמחי ריצ' 220 מ""ל","אינסטנטה בע""מ",US,בסיס לבישול והקרמה צ,מיליליטרים,220.00,"100 מ""ל",false,,7.90,0.0359,true,1,1450162
7290004011284,false,ריצ בסיס להכנת קצפת 25% 212מל,ריצ' פרודקטס קורפריי,US,בסיס להכנת קצפת ריצ',מיליליטרים,212.00,"100 מ""ל",false,,6.90,0.0325,true,1,1450163
7290004011338,false,"ספריי קצפת מתוקה מוכנה ריץ' 250 מ""ל",האי נאם סי או אל.טי.,IT,ספריי קצפת מתוקה מוכ,מיליליטרים,250.00,"100 מ""ל",false,,8.90,0.0356,true,1,1450165
7290004011345,false,"ספריי קצפת מתוקה מוכנה פרווה ריץ' 238 מ""ל",האי נאם סי או אל.טי.,IT,ספריי קצפת מתוקה מוכ,מיליליטרים,238.00,"100 מ""ל",false,,8.90,0.0374,true,1,1450166
7290004011796,false,קבבונים בקר קפוא אל גאוצ''ו 400ג',"טיבון ויל אחזקות בע""",IL,קבבונים אל גאוצ'ו 40,גרמים,45.00,100 גרם,false,,22.90,0.5089,true,1,1450168
7290004011802,false,נקניקיות צ'וריסוס אל גאוצ'ו 400 גר',טיבון ויל אחזקות בעמ,IL,צ'וריסוס אל גאוצ'ו 4,גרמים,400.00,100 גרם,false,,23.90,0.0597,true,1,1450169
7290004011819,false,המבורגר ריב אנטריקוט אל גאוצ'ו 360 גרם,האי נאם סי או אל.טי.,IL,המבורגר ריב אנטריקוט,גרמים,360.00,100 גרם,false,,21.90,0.0608,true,1,1450170
7290004011826,false,מיני המבורגר ריב אנטריקוט,טיבון ויל אחזקות בעמ,IL,מיני המבורגר ריב 320,גרמים,320.00,100 גרם,false,,21.90,0.0684,true,1,1450171
7290004014407,false,עדשי מ&מ'ס חמאת בוטנים46,מרס נדרלנד,US,אמ אנד אם חטיף 46 גר,גרמים,46.00,100 גרם,false,,4.90,0.1065,true,1,1470523
7290004022309,false,עדשי מ&מ'ס חמאת בוטנים80,מרס,GB,אם אנד אם חמאת בוטני,גרמים,80.00,100 גרם,false,,5.90,0.0738,true,1,1470524
7290004023041,false,"לחם שיפון ללא שמרים ד""ר מרק 750 גר'",המאפה של דר מרק בריא,IL,לחם מחמצת שיפון 750,גרמים,750.00,100 גרם,false,,13.90,0.0185,true,1,1470263
7290004026776,false,לחם מחמצת אגוזים וצימוקים,פילסברי,,לחם מחמצת אגוזים וצי,יח',1.00,יח',false,,16.90,16.9000,true,1,1442098
7290004026851,false,בייגל רומני פילסברי,פילסברי,,בייגל רומני,יח',3.00,יח',false,,4.30,1.4333,true,1,1442099
7290004030018,false,"פריניב מיץ לימון סחוט פרי לתיבול 500 מ""ל",הנסיך- מפעל לייצור ט,IL,מיץ לימון סחוט רכיבי,מיליליטרים,500.00,"100 מ""ל",false,,6.40,0.0128,true,1,1463958
7290004030100,false,מיץ תפוזים ולנסיה סחוט 1 ליטר100%,פרי ניב,IL,מיץ תפוזים ולנסיה סח,מטרים,1000.00,100 מ'ל,false,,15.80,0.0158,true,1,1463962
7290004030216,false,משקה בטעם חמוציות 1 ליטר פריניב,פריניב בעמ,IL,*מבצע* נקטר חמוציות,100 מל,1000.00,100 מל,false,,8.90,0.0089,true,1,1463949
7290004030377,false,מיץ לימון לתיבול רמי לוי 500 מל,,,מיץ לימון לתיבול רמי,מיליליטרים,500.00,"100 מ""ל",false,,5.50,0.0110,true,1,1471932
7290004030445,false,מיץ תפוזים סחוט רכיבים טבעיים 1 ליטר פרי ניב,הנסיך- מפעל לייצור ט,IL,מיץ תפוזים סחוט רכיב,ליטרים,1.00,ליטר,false,,13.90,13.9000,true,1,1463966
7290004030544,false,משקה בטעם לימונדה לואיזה ולימון 1 ליטר פריניב,פריניב בעמ,IL,משקה קל לימונענע 1,ליטרים,1.00,ליטר,false,,12.90,12.9000,true,1,1463968
7290004030612,false,"מיץ תפוח, קיווי אגס ללא תוספת סוכר 1 ליטר פרי ניב",הנסיך- מפעל לייצור ט,IL,מיץ תפוח קיווי אגס,ליטרים,1.00,ליטר,false,,13.90,13.9000,true,1,1463969
7290004030810,false,שייק 100% בננה פסיפלורה תפוז מופחת סוכר1,פריניב בעמ,IL,100% מיץ תפוז בננה ו,ליטרים,1.00,ליטר,false,,16.90,16.9000,true,1,1463975
7290004030834,false,מיץ רימונים סחוט 100% רכיבים טבעיים פרי ניב 1 ליטר,פריניב בעמ,IL,מיץ רימונים סחוט 100,ליטרים,1.00,100 ליטר,false,,19.90,19.9000,true,1,1463976
7290004033705,false,הבורגריה – 6 לחמניות המבורגר בשקית,מאפית י את א ברמן בע,IL,לחמניות המבורגר ביג,יח',1.00,יח',false,,12.90,12.9000,true,1,1455018
7290004033712,false,לחם עננים מקמח מלא עם פרוסות עבות,מאפית י את א ברמן בע,IL,לחם עננים מקמח מלא 7,גרמים,750.00,100 גרם,false,,14.90,0.0199,true,1,1455019
7290004033736,false,"עננים לחם לבן בסגנון בריוש עם פרוסות עבות, 500 גרם",מאפית י את א ברמן בע,IL,לחם עננים סגנון בריו,גרמים,500.00,100 גרם,false,,13.90,0.0278,true,1,1455021
7290004033750,false,לחמניות עננים סגנון בריוש,מאפית י את א ברמן בע,IL,לחמניות עננים סגנון,100 יח',125.00,100 יח',false,,13.90,0.1112,true,1,1517106
7290004033873,false,לחמניות ארוכות ללא גלוטן,,,לחמניות ארוכות ללא ג,יחידה,0.00,יחידה,false,,14.90,0.0000,true,1,1517213
7290004034610,false,המבורגר ריב אנטריקוט 360ג רמילוי,,,המבורגר ריב אנטריקוט,גרמים,360.00,100 גרם,false,,26.90,0.0747,true,1,1464143
7290004034627,false,קבב 400גר קפוא מחפוד רמילוי,,,קבב 400גר קפוא מחפוד,גרמים,360.00,100 גרם,false,,26.90,0.0747,true,1,1464144
7290004034641,false,קציצות מתובלות לאש 4,,,קציצות מתובלות לאש 4,גרמים,360.00,100 גרם,false,,26.90,0.0747,true,1,1464146
7290004043108,false,עדשי מ&מ'ס שוקולד 89 גרם,מרס,US,אם אנד אם שוקולד 89,גרמים,89.00,100 גרם,false,,5.90,0.0663,true,1,1470525
7290004043205,false,עדשי שוק.מ&מ'ס בוטנים90ג,מרס,US,אם אנד אם בוטנים 93,גרמים,93.00,100 גרם,false,,5.90,0.0634,true,1,1470526
7290004061449,false,טופ שף שניצל אמרקאי 700 גר,ויטה,,טופ שף שניצל אמרקאי,גרמים,700.00,100 גרם,false,,11.50,0.0164,true,1,1441607
7290004061487,false,טבעות עוף 700 גר,פרסקו,,טבעות עוף 700,גרמים,700.00,100 גרם,false,,11.50,0.0164,true,1,1441608
7290004064105,false,מטחנה מלח עשבי תיבול מלח הארץ 100 גרם,חברת מלח הארץ אילת ב,IL,מטחנה מלח עשבי תיבול,גרמים,250.00,100 גרם,false,,15.90,0.0636,true,1,1448362
7290004064174,false,"תבלין מלח ההימלאיה דק בצנצנת 1 ק""ג","חברת מלח הארץ אילת בע""\מ",PK,מלח הימלאיה דק צנצנת,100 קילו,1.00,100 קילו,false,,14.90,14.9000,true,1,1448363
7290004064228,false,מלח במטחנה אקסטרא תבלינים שום ופלפל 125 גר',"חברת מלח הארץ אילת בע""\מ",IL,מטחנת מלח אקסטרא שום,גרמים,125.00,100 גרם,false,,15.90,0.1272,true,1,1448366
7290004064303,false,מלח אטלנטי בצנצנת מלח הארץ 800 גרם,"חברת מלח הארץ אילת בע""\מ",FR,מלח אטלנטי צנצנת 800,גרמים,800.00,100 גרם,false,,17.90,0.0224,true,1,1448369
7290004064358,false,"מלח דק זורם בקלות מלח הארץ קרטון 1 ק""ג","חברת מלח הארץ אילת בע""\מ",IL,מלח דק קרטון 1קג,גרמים,1000.00,100 גרם,false,,4.90,0.0049,true,1,1448373
7290004064365,false,"מלח דק מועשר ביוד מלח הארץ קרטון 1 ק""ג","חברת מלח הארץ אילת בע""\מ",IL,מלח דק מועשר ביוד קר,גרמים,1000.00,100 גרם,false,,5.90,0.0059,true,1,1448374
7290004064389,false,מלח הימלאייה דק מלחייה 250 גרם,"חברת מלח הארץ אילת בע""\מ",IL,מלח הימלאיה דק מלחיי,גרמים,250.00,100 גרם,false,,9.90,0.0396,true,1,1448375
7290004064457,false,"מלח שולחן בשקית 1 ק""ג רמי לוי",,,"מלח שולחן בשקית 1 ק""",קג,1.00,קג,false,,1.50,1.5000,true,1,1477346
7290004064464,false,"מלח גס בשקית 1 ק""ג רמי לוי",,,"מלח גס בשקית 1 ק""ג ר",קילוגרמים,1.00,"ק""ג",false,,1.50,1.5000,true,1,1512476
7290004068011,false,יוגורט כבשים בדלי 5% שומן 600 ג' גד,"מיוצר ע""י קוד יצרן M",IL,יוגורט כבשים מחלבות,מיליליטרים,600.00,"100 מ""ל",false,,16.90,0.0282,true,1,1447303
7290004068028,false,"יוגורט צזיקי לשתיה 3.5% 500 מ""ל רובין",מיוצר על ידי קוד יצר,IL,משקה ציזיקי גד 500 מ,מיליליטרים,500.00,"100 מ""ל",false,,7.90,0.0158,true,1,1447304
7290004068035,false,"איירן יוגורט לשתייה 3% גד 500 מ""ל","מיוצר ע""י קוד יצרן M",IL,איירן 500מל,מיליליטרים,500.00,"100 מ""ל",false,,7.90,0.0158,true,1,1447305
7290004068172,false,"יוגורט עיזים בדלי 5% 600 מ""ל רובין",קוד יצרן MKN,IL,יוגורט עזים דלי 600ג,גרמים,600.00,100 גרם,false,,16.90,0.0282,true,1,1447306
7290004075248,false,סינטה עגל פרימיום 300 גר דק דק מחפוד,,,סינטה עגל פרימיום פר,יח',1.00,יח',false,,25.90,25.9000,true,1,1463414
7290004078270,false,נוזל לניקוי כלים בריח לימון פלמוליב 1 ליטר,יבואן ומשווק: ש. שסט,GR,נוזל לניקוי כלים ברי,ליטרים,1.00,ליטר,false,,13.90,13.9000,true,1,1444854
7290004078690,false,"אגקס נוזל לניקוי אסלות מרענן 750 מ""ל",הנסיך- מפעל לייצור ט,GR,אג'קס נוזל לניקוי אס,מיליליטרים,750.00,"100 מ""ל",false,,14.90,0.0199,true,1,1444855
7290004078942,false,ליידי ספיד סטיק - דאודורנט ג'ל לאישה 65 גרם,קולגייט-פלמוליב,US,דאודורנט ג'ל פרש ליי,גרמים,63.00,100 גרם,false,,14.90,0.2365,true,1,1444856
7290004119225,false,יופלה יוגורט אננס %3 גביע 150 גרם,תנובה מרכז שיתופי לש,IL,יופלה יוגורט אננס %3,מיליליטרים,150.00,"100 מ""ל",false,,4.70,0.0313,true,1,1443479
7290004119522,false,"משקה תנובה שוקו 2% קרלו שקית 225מ""ל",תנובה חלב,IL,שוקו בשקית תנובה 225,מיליליטרים,225.00,"100 מ""ל",false,,2.50,0.0111,true,1,1443480
7290004119928,false,מעדן חלב בטעם וניל 2% קרלו תנובה 125 גרם,מחלבת אלון תבור,IL,קרלו מעדן וניל גביע,מיליליטרים,125.00,"100 מ""ל",false,,2.80,0.0224,true,1,1443481
7290004119973,false,קרלו מעדן שוקו רביעיה גביע 1.5% 125 גרם,תנובה מרכז שיתופי לש,IL,קרלו מעדן שוקולד 2%,מיליליטרים,125.00,"100 מ""ל",false,,2.80,0.0224,true,1,1443482
7290004120061,false,מעדן חלב בטעם שוקו וניל שוניל 2% קרלו 125 גרם,תנובה מרכז שיתופי לש,IL,קרלו שוניל 1.5% 125,מיליליטרים,125.00,"100 מ""ל",false,,2.90,0.0232,true,1,1443483
7290004120108,false,יופלה דיאט יוגורט דובדבן %0 גביע 150גרם,תנובה מרכז שיתופי לש,IL,יופלה דיאט יוגורט דו,מיליליטרים,150.00,"100 מ""ל",false,,4.70,0.0313,true,1,1443484
7290004120566,false,פיראוס 24% גבינה בולגרית 250 גרם,תנובה חלב,IL,פיראוס בולגרית גביע,גרמים,250.00,100 גרם,false,,19.90,0.0796,true,1,1443488
7290004120573,false,פיראוס 16% גבינה בולגרית 250 גרם,תנובה מרכז שיתופי לש,IL,פיראוס בולגרית גביע,גרמים,250.00,100 גרם,false,,19.90,0.0796,true,1,1443489
7290004120634,false,גבינה פיראוס בולגרית 5% 250 גרם,תנובה מרכז שיתופי לש,IL,פיראוס בולגרית גביע,גרמים,250.00,100 גרם,false,,19.90,0.0796,true,1,1443490
7290004121488,false,יופלה דיאט אפרסק 0% גביע 150 גרם,תנובה מרכז שיתופי לש,IL,יופלה דיאט אפרסק 0%,מיליליטרים,150.00,"100 מ""ל",false,,4.70,0.0313,true,1,1443492
7290004121525,false,יופלה מאגדת פרי 4 תות 4 אפרסק 3% 8 יח'*150 ג',תנובה מרכז שיתופי לש,IL,מאגדת שמיניה יופלה פ,ליטרים,1.20,ליטר,false,,27.90,23.2500,true,1,1443493
7290004121754,false,יוגורט ביו עוגת גבינה ותות 3% יופלה 150 גרם,תנובה חלב,IL,יופלה יוגורט עוגת גב,מיליליטרים,150.00,"100 מ""ל",false,,4.80,0.0320,true,1,1443494
7290004121839,false,גבינת פטה כבשים 20% פיראוס 250 גרם,תנובה מרכז שיתופי לש,IL,פיראוס פטה כבשים 20%,גרמים,250.00,100 גרם,false,,24.90,0.0996,true,1,1443495
7290004121853,false,גבינה בולגרית פיראוס 5% קוביות 200 גרם,תנובה מרכז שיתופי לש,IL,פיראוס קוביות בולגרי,גרמים,200.00,100 גרם,false,,19.90,0.0995,true,1,1443496
7290004122119,false,פתיתי פרמזן לפסטה 23% השף הלבן 100 גרם,פ.פ.ח. שאביט,IL,פתיתי פרמזן לפסטה 10,גרמים,100.00,100 גרם,false,,10.90,0.1090,true,1,1443497
7290004122195,false,גוש חלב גבינה צהובה פרוסה 28% תנובה 200 גרם,תנובה חלב,IL,גוש חלב פרוס 200 %28,גרמים,200.00,100 גרם,false,,12.90,0.0645,true,1,1443498
7290004122270,false,עמק קלאסית פרוסות גבינה חצי קשה 28% 200 גרם,תנובה מרכז שיתופי לש,IL,עמק פרוס בקופסא 200,גרמים,200.00,100 גרם,false,,15.80,0.0790,true,1,1443499
7290004122348,false,גבינת עמק לייט פרוס בקופסא 200 גרם,תנובה מרכז שיתופי לש,IL,עמק לייט פרוס 200 גר,גרמים,200.00,100 גרם,false,,16.60,0.0830,true,1,1443500
7290004122607,false,גבינת עמק לייט 9% במשקל,תנובה מרכז שיתופי לש,IL,עמק לייט 9%- חריץ,קילוגרמים,1.00,"ק""ג",true,,70.00,70.0000,true,1,1443349
7290004122676,false,גבינת חמד לייט 5% פיראוס 250 ג',"תנובה,מחלבת טנא נוגה",IL,פיראוס חמד לייט 5% 2,גרמים,250.00,100 גרם,false,,17.50,0.0700,true,1,1443501
7290004122683,false,עמק חטיף אצבעות גבינה חצי קשה 28% שומן,תנובה מרכז שיתופי לש,IL,אצבעות 28% חטיף גבינ,גרמים,172.00,100 גרם,false,,15.90,0.0924,true,1,1443502
7290004124205,false,יופלה דיאט יוגורט תות %0 גביע 150 גרם,תנובה מרכז שיתופי לש,IL,יופלה דיאט יוגורט תו,מיליליטרים,150.00,"100 מ""ל",false,,4.70,0.0313,true,1,1443503
7290004124847,false,"קצפת צמחית השף הלבן 500 מ""ל תנובה",תנובה מרכז שיתופי לש,IL,קצפת צמחית השף הלבן,מיליליטרים,500.00,"100 מ""ל",false,,13.90,0.0278,true,1,1443504
7290004125370,false,"שמנת חמוצה 9% מופחתת שומן תנובה 200 מ""ל מהדרין",תנובה מרכז שיתופי לש,IL,שמנת אורגינל 9% 200מ,מיליליטרים,200.00,"100 מ""ל",false,,3.50,0.0175,true,1,1443506
7290004125400,false,"אשל שלי מהדרין 200 מ""ל 4.5% ""תנובה""- מוצר בפיקוח",פארייפאבה אגרואינדוס,IL,אשל 4.5% 200מל מהדרי,מיליליטרים,200.00,"100 מ""ל",false,,1.60,0.0080,true,1,1443507
7290004125417,false,"גיל 3% שלי 200 מ""ל ""תנובה"" -מוצר בפיקוח",תנובה מרכז שיתופי לש,IL,גיל 3% 200מל מהדרין,מיליליטרים,200.00,"100 מ""ל",false,,1.50,0.0075,true,1,1443508
7290004125455,false,"שמנת חמוצה 200 מ""ל 15% ""תנובה"" -מוצר בפיקוח",תנובה מרכז שיתופי לש,IL,שמנת אורגינל 15% 200,מיליליטרים,200.00,"100 מ""ל",false,,2.40,0.0120,true,1,1443509
7290004125462,false,"שמנת חמוצה 15% תנובה 500 מ""ל מהדרין",תנובה מרכז שיתופי לש,IL,שמנת אורגינל 15% 500,מיליליטרים,500.00,"100 מ""ל",false,,5.90,0.0118,true,1,1443510
7290004125509,false,"שמנת חמוצה 15% מועשרת תנובה 100 מ""ל",תנובה מרכז שיתופי לש,IL,שמנת חמוצה 15% תנובה,מטרים,100.00,100 מ'ל,false,,1.60,0.0160,true,1,1443511
7290004125578,false,משקה סויה מעושר בסידן תנובה 1ל',תנובה מרכז שיתופי לש,IL,משקה סויה מועשר 1 לי,ליטרים,1.00,ליטר,false,,9.90,9.9000,true,1,1443512
7290004125585,false,משקה סויה בטעם וניל תנובה 1 ליטר,תנובה מרכז שיתופי לש,IL,משקה סויה וניל על הב,ליטרים,1.00,ליטר,false,,9.90,9.9000,true,1,1443513
7290004125721,false,"השף הלבן שמנת עמידה לבישול 15% תנובה 250 מ""ל",תנובה מרכז שיתופי לש,IL,השף הלבן שמנת עמידה,מיליליטרים,250.00,"100 מ""ל",false,,7.90,0.0316,true,1,1443515
7290004125738,false,שמנת מתוקה להקצפה32% 250מל עמיד השף הלבן,תנובה מרכז שיתופי לש,IL,השף הלבן שמנת להקצפה,מיליליטרים,250.00,"100 מ""ל",false,,5.90,0.0236,true,1,1443516
7290004125776,false,גבינה צהובה עמק 28% 400 גרם בקופסא,תנובה חלב,IL,עמק פרוס 28% 400 גרם,גרמים,400.00,100 גרם,false,,27.80,0.0695,true,1,1443517
7290004126674,false,טל העמק פרוסות גבינה חצי קשה לייט %9 200 גרם בקופסא,תנובה מרכז שיתופי לש,IL,טל העמק לייט %9 200,גרמים,200.00,100 גרם,false,,17.90,0.0895,true,1,1443518
7290004126759,false,יוגורט דיאט יופלה פירות יער 150 גרם,תנובה חלב,IL,יופלה דיאט פירות יער,מיליליטרים,150.00,"100 מ""ל",false,,4.80,0.0320,true,1,1443519
7290004126872,false,משקאות חלב תנובה שוקו בקבוק 250מל,תנובה חלב,IL,"שוקו תנובה 250 מ""ל",מיליליטרים,250.00,"100 מ""ל",false,,5.30,0.0212,true,1,1443520
7290004127077,false,קוטג תנובה 3% גביע 250 גרם מהדרין,מיוצר עי קונדיטוריית,IL,קוטג תנובה 3% גביע 2,גרמים,250.00,100 גרם,false,,5.40,0.0216,true,1,1443521
7290004127329,false,קוטג תנובה גביע 250 גרם %5 ו.מהדרין,מיוצר עי קונדיטוריית,IL,קוטג תנובה גביע 250,גרמים,250.00,100 גרם,false,,5.50,0.0220,true,1,1443522
7290004127336,false,קוטג תנובה גביע 250 גרם %9 ו.מהדרין,מיוצר עי קונדיטוריית,IL,קוטג תנובה גביע 250,גרמים,250.00,100 גרם,false,,5.40,0.0216,true,1,1443523
7290004127800,false,"גבינה לבנה 500 גרם 5% ""תנובה"" -מוצר בפיקוח",מיוצר עי קונדיטוריית,IL,גבינה לבנה 5% 500 גר,גרמים,500.00,100 גרם,false,,9.70,0.0194,true,1,1443524
7290004127817,false,גבינה לבנה 9% שומן 500 ג' תנובה,מיוצר עי קונדיטוריית,IL,גבינה לבנה 9% 500 גר,גרמים,500.00,100 גרם,false,,8.90,0.0178,true,1,1443525
7290004127862,false,"גבינה לבנה 750 גרם 5% ""תנובה"" - מוצר בפיקוח",תנובה מרכז שיתופי לש,IL,גבינה לבנה 5% 750 גר,גרמים,750.00,100 גרם,false,,14.50,0.0193,true,1,1443526
7290004127916,false,גבינה לבנה 0.5% שומן 500 ג' תנובה,תנובה מרכז שיתופי לש,IL,גבינה לבנה 1/2% תנוב,גרמים,500.00,100 גרם,false,,8.90,0.0178,true,1,1443527
7290004128333,false,לאבנה על בסיס יוגורט %9 שומן 500 ג' פיראוס,תנובה חלב,IL,פיראוס גבינת לאבנה 9,גרמים,500.00,100 גרם,false,,18.90,0.0378,true,1,1443528
7290004128340,false,קרם גבינת שמנת %5 בטעם טבעי 200 ג' תנובה,תנובה חלב,IL,קרם גבינת שמנת %5 בט,גרמים,200.00,100 גרם,false,,10.90,0.0545,true,1,1443529
7290004129101,false,גבינת שמנת 25% בטעם טבעי 225 ג' נפוליאון,תנובה מרכז שיתופי לש,IL,נפוליאון טבעי גביע 2,גרמים,225.00,100 גרם,false,,12.90,0.0573,true,1,1443532
7290004129156,false,גבינת שמנת25% עם שום שמיר 225 ג' נפוליאון,תנובה מרכז שיתופי לש,IL,נפוליאון שום שמיר גב,גרמים,225.00,100 גרם,false,,12.90,0.0573,true,1,1443534
7290004129569,false,נפוליאון שום שמיר25%משקל,תנובה,IL,גבינה שמנת שום שמיר,קילוגרמים,1.00,"ק""ג",true,,39.00,39.0000,true,1,1443351
7290004129576,false,גבינת שמנת+זיתים24% משקל,תנובה,IL,גבינת שמנת זיתים תנו,קילוגרמים,1.00,"ק""ג",true,,39.00,39.0000,true,1,1443352
7290004129767,false,"3% 'יופלה לבן מארז שמינייה 1.2 ק""ג",תנובה מרכז שיתופי לש,IL,יופלה לבן 3% מאגדת 8,קילוגרמים,1.20,"ק""ג",false,,16.90,14.0833,true,1,1443538
7290004129903,false,נפוליאון גב.שמנת25% משקל,קריות זול,IL,גבינת שמנת רכיבים טב,קילוגרמים,1.00,"ק""ג",true,,40.00,40.0000,true,1,1443353
7290004130695,false,משקאות חלב תנובה אייס קפה בבקבוק 1ל,תנובה מרכז שיתופי לש,IL,אייס קפה תנובה 1 ליט,ליטרים,1.00,ליטר,false,,12.50,12.5000,true,1,1443539
7290004130794,false,משקה סויה במתיקות מופחתת תנובה 1 ליטר,תנובה מרכז שיתופי לש,IL,משקה סויה טבעי במתיק,ליטרים,1.00,ליטר,false,,9.90,9.9000,true,1,1443540
7290004130916,false,יוגורט יופלה פירות יער בשמנת 3% 150 גרם,תנובה מרכז שיתופי לש,IL,יופלה פירות יער בשמנ,מיליליטרים,150.00,"100 מ""ל",false,,4.70,0.0313,true,1,1443541
7290004131074,false,"חלב 1 ליטר 3% קרטון ""תנובה""- מוצר בפיקוח",תנובה מרכז שיתופי לש,IL,חלב תנובה טרי1ל קרטו,ליטרים,1.00,ליטר,false,,6.20,6.2000,true,1,1443542
7290004131432,false,יוגורט יופלה לבן ביו 3% 200 גרם,מיוצר עי קונדיטוריית,IL,יופלה לבן 3% גביע 20,מיליליטרים,200.00,"100 מ""ל",false,,3.70,0.0185,true,1,1443545
7290004131456,false,יוגורט ביו 1.5% שומן 200 ג' יופלה,תנובה מרכז שיתופי לש,IL,יופלה לבן 1.5% גביע,מיליליטרים,200.00,"100 מ""ל",false,,3.70,0.0185,true,1,1443546
7290004131531,false,משקאות חלב תנובה שוקו בקבוק 1ל,תנובה מרכז שיתופי לש,IL,שוקו תנובה בקבוק 1 ל,ליטרים,1.00,ליטר,false,,11.90,11.9000,true,1,1443547
7290004131814,false,גבינה צפתית 5% מעודנת 200 ג' פיראוס,פארייפאבה אגרואינדוס,IL,פיראוס צפתית 5% מעוד,גרמים,200.00,100 גרם,false,,13.90,0.0695,true,1,1443548
7290004131845,false,גבינת לאבנה 9% שומן 750 ג' פיראוס,תנובה מרכז שיתופי לש,IL,פיראוס לאבנה 9% גביע,גרמים,750.00,100 גרם,false,,20.90,0.0279,true,1,1443549
7290004132552,false,משקה סויה בטעם טבעי לייט תנובה 1 ליטר,תנובה מרכז שיתופי לש,IL,משקה סויה לייט בטעם,ליטרים,1.00,ליטר,false,,9.90,9.9000,true,1,1443551
7290004132606,false,"קרלו מעדן חלב בטעם וניל 2% תנובה 8*100 מ""ל",תנובה מרכז שיתופי לש,IL,קרלו מעדן חלב בטעם ו,מיליליטרים,800.00,"100 מ""ל",false,,13.20,0.0165,true,1,1443552
7290004132712,false,חטיף אצבעות גבינת מוצרלה 20% 172 ג' עמק,תנובה מרכז שיתופי לש,IL,חטיף אצבעות גבינת מו,גרמים,172.00,100 גרם,false,,15.90,0.0924,true,1,1443553
7290004132903,false,גבינה לבנה 3% מהדרין תנובה 250 גרם,תנובה מרכז שיתופי לש,IL,גבינה לבנה 3% מהדרין,גרמים,250.00,100 גרם,false,,4.70,0.0188,true,1,1443554
7290004133511,false,יופלה מאגדת לבן 1.5% מעודן 8 יח' * 150 ג',מיוצר עי קונדיטוריית,IL,יופלה מאגדת שמיניה ל,ליטרים,1.20,ליטר,false,,19.90,16.5833,true,1,1443556
7290004135058,false,שמיניית קרלו מיני שוקולד 100 גרם מהדרין,תנובה מרכז שיתופי לש,IL,מאגדת קרלו מיני שוקו,מיליליטרים,800.00,"100 מ""ל",false,,13.20,0.0165,true,1,1443562
7290004135225,false,מעדן חלב דל קלוריות בטעם שוקולד 0.2שומ,תנובה מרכז שיתופי לש,IL,מעדן חלב דל קלוריות,מיליליטרים,150.00,"100 מ""ל",false,,3.80,0.0253,true,1,1443565
7290004135614,false,גבינה בולגרית מעודנת 5% פיראוס 250 גרם,תנובה חלב,IL,פיראוס בולגרית מעודנ,גרמים,250.00,100 גרם,false,,18.90,0.0756,true,1,1443567
7290004136154,false,"משקה חלב אייס קפה תנובה בבקבוק 340 מ""ל",גוד פוד פרודקטס S.p,IL,"אייס קפה 340 מ""ל",מיליליטרים,340.00,"100 מ""ל",false,,6.50,0.0191,true,1,1443569
7290004136598,false,מארז הפסקת אוכל עם קורנפלקס ומשקה חלב עמיד בטעם וניל,פארייפאבה אגרואינדוס,IL,מארז הפסקת אוכל חלב,מיליליטרים,150.00,"100 מ""ל",false,,8.90,0.0593,true,1,1443570
7290004136857,false,מעדן גלי פטל תנובה 125 גרם,תנובה מרכז שיתופי לש,IL,ג'לי תנובה פטל,מיליליטרים,125.00,"100 מ""ל",false,,2.20,0.0176,true,1,1443571
7290004136864,false,מעדן ג'לי בטעם אננס עם חתיכות תנובה 125 גרם,תנובה חלב,IL,מעדן ג'לי בטעם אננס,מיליליטרים,125.00,"100 מ""ל",false,,2.60,0.0208,true,1,1443572
7290004136871,false,מעדן ג'לי בטעם אפרסק עם חתיכות תנובה 125 גרם,תנובה מרכז שיתופי לש,IL,מעדן ג'לי בטעם אפרסק,מיליליטרים,125.00,"100 מ""ל",false,,2.50,0.0200,true,1,1443573
7290004137021,false,"שמנת עמידה לבישול מופחת שומן 10% השף הלבן 250 מ""ל",תנובה מרכז שיתופי לש,IL,שמנת עמידה לבישול 10,מיליליטרים,250.00,"100 מ""ל",false,,7.90,0.0316,true,1,1443574
7290004137311,false,עמק לייט משפחתית 9% 400ג-ועדת מהדרין,תנובה חלב,IL,עמק לייט פרוס 400 גר,גרמים,400.00,100 גרם,false,,29.90,0.0747,true,1,1443575
7290004146986,false,נקה 7 שמפו לשיער צבוע ומובהר 750 מל,אמיליה קוסמטיקס,IL,שמפו לשיער צבוע נקה,מיליליטרים,750.00,"100 מ""ל",false,,9.90,0.0132,true,1,1448657
7290004146993,false,נקה 7 מרכך שיער צבוע ומובהר 750 מל,אמיליה קוסמטיקס,IL,מרכך לשיער צבוע נקה,מיליליטרים,750.00,"100 מ""ל",false,,9.90,0.0132,true,1,1448658
7290004150143,false,חציל במיונז פיקנטי פרימיום 300 גרם שמיר,"סלטי שמיר 2006 בע""\מ",IL,חציל במיונז 300ג פיק,גרמים,250.00,100 גרם,false,,14.70,0.0588,true,1,1490453
7290004165000,false,רסק תפוחי עץ בתוספת סוכר יכין 560גר,זנלכל,IL,רסק תפוחי עץ בתוספת,גרמים,560.00,100 גרם,false,,7.90,0.0141,true,1,1452398
7290004194185,false,עוף מספר 2 קפוא חלק הרב מחפוד,עוף ירושלים,IL,עוף מספר 2 מחפוד,קילוגרמים,1.00,"ק""ג",true,,24.90,24.9000,true,1,1463445
7290004194208,false,כרעיים עוף חלק רב מחפוד קפוא,עוף ירושלים,IL,כרעיים עוף מחפוד,קילוגרמים,1.00,"ק""ג",true,,29.90,29.9000,true,1,1463446
7290004194239,false,מחפוד-חזה עוף קפוא מהדרין,עוף ירושלים,IL,חזה עוף מחפוד,קילוגרמים,1.00,"ק""ג",true,,32.90,32.9000,true,1,1463447
7290004194253,false,כנפיים עוף קפוא ארוז חלק מחפוד.,עוף ירושלים,IL,כנפיים עוף מחפוד,קילוגרמים,1.00,"ק""ג",true,,13.90,13.9000,true,1,1463448
7290004194307,false,כבד עוף קפוא ארוז מחפוד,עוף ירושלים,IL,כבד עוף קפוא מחפוד,קילוגרמים,1.00,"ק""ג",true,,29.90,29.9000,true,1,1463452
7290004194529,false,עוף שלם טרי ארוז מחפ,עוף ירושלים מהדרין ב,IL,עוף טרי מחפוד ארוז,קילוגרמים,1.00,"ק""ג",true,,21.90,21.9000,true,1,1463458
7290004225285,false,גבינה בסגנון דנאבלו 100 ג',האי נאם סי או אל.טי.,DK,סגנון דנאבלו 100 גר,גרמים,100.00,100 גרם,false,,12.10,0.1210,true,1,1450173
7290004227975,false,צלעות טלה טרי חלק קג,אס או סי ויאול פרסס,FR,צלעות טלה טרי,קילוגרמים,1.00,"ק""ג",true,,149.00,149.0000,true,1,1471108
7290004227982,false,שוק/כתף טלה טרי גספר,סניידרס,,כתף טלה טרי,קילוגרמים,1.00,"ק""ג",true,,99.90,99.9000,true,1,1471109
7290004227999,false,צוואר טלה טרי,,,צוואר טלה טרי,קילוגרמים,1.00,"ק""ג",true,,69.90,69.9000,true,1,1471110
7290004228804,false,עלי בצק לסיגרים שלושת האופים 450 גרם.,"שלושת האופים בע""\מ",IL,עלי סיגר 500 גרם,גרמים,500.00,100 גרם,false,,11.90,0.0238,true,1,1462038
7290004255107,false,"גביע 500 מ""ל + מכסה (6 יחידות במארז)",,,מנורה נרות הבדלה פרמ,יח',1.00,יח',false,,12.90,12.9000,true,1,1464009
7290004256197,false,גאודה הולנד עז30.6%משקל,וויסר קאשנדל בי.וי נ,NL,גאודה עיזים הולנדית,קילוגרמים,1.00,"ק""ג",true,,110.00,110.0000,true,1,1463914
7290004258528,false,גפרורים קטן רמי לוי 10יח,מנורה,,גפרורים קטן רמי לוי,יח',10.00,יח',false,,2.60,0.2600,true,1,1464011
7290004258535,false,גפרורים ארוכים רמי לוי,מנורה,,גפרורים ארוכים רמי ל,יח',1.00,יח',false,,4.90,4.9000,true,1,1464012
7290004258573,false,נר נשמה בפחית רמי לוי,,,נר נשמה בפחית רמי לו,יח',1.00,יח',false,,1.60,1.6000,true,1,1464013
7290004258603,false,נר נשמה שבועי בפלסטיק רמי לוי,,,נר נשמה שבועי בפלסטי,יח',1.00,יח',false,,9.90,9.9000,true,1,1464014
7290004258924,false,נריות חימום 100יח בלוק רמילוי,,,נריות חימום 100יח בל,יח',10.00,יח',false,,17.90,1.7900,true,1,1464020
7290004323882,false,טחון הודו אדום מתובל,"טיבון ויל אחזקות בע""\מ",IL,הודו אדום טחון 500 ג,גרמים,500.00,100 גרם,false,,14.90,0.0298,true,1,1450199
7290004324605,false,גבינה מותכת למריחה בטעם רוקפור 7% מון בלאן 120 ג',האי נאם סי או אל.טי.,IL,גבינה מותכת למריחה ב,גרמים,120.00,100 גרם,false,,8.90,0.0742,true,1,1450202
7290004324858,false,קבב כבש טיבון ויל 500 גרם,"טיבון ויל אחזקות בע""",IL,קבב כבש טיבון ויל 50,גרמים,500.00,100 גרם,false,,17.90,0.0358,true,1,1450203
7290004339173,false,המבורגר קינואה 400גרם טבע דלי,טבע דלי,IL,המבורגר קינואה 400גר,גרמים,400.00,100 גרם,false,,24.90,0.0622,true,1,1458111
7290004339432,false,סייטן קפוא טבעי 500 גרם טבע דלי,טבע דלי בעמ,IL,סייטן קפוא טבעי 500ג,גרמים,500.00,100 גרם,false,,16.50,0.0330,true,1,1458114
7290004339784,false,המבורגר ניו יורק מהצומח על הגריל טבע דלי 400 גרם,טבע דלי,IL,המבורגר מהצומח על הא,גרמים,400.00,100 גרם,false,,24.90,0.0622,true,1,1458118
7290004480332,false,גבינת גאודה30%משולש משקל,מחלבות גד,IL,גאודה בקר משולשים,קילוגרמים,1.00,"ק""ג",true,,99.00,99.0000,true,1,1447281
7290004480349,false,"משולש גבינת גאודה עיזים ""גד""",מחלבת אמלטי הולנד,IL,גאודה עיזים משולשים,קילוגרמים,1.00,"ק""ג",true,,120.00,120.0000,true,1,1447282
7290004492274,false,בייגלה טבעות מלוחות בייגל בייגל 400 גרם,יוניליוור מזון,IL,בייגלה טבעות מלוח 40,גרמים,400.00,100 גרם,false,,9.90,0.0248,true,1,1447789
7290004492762,false,"נשנושים תירס אפוי טעם טבעי בייגל בייגל 325 גרם בד""צ",בייגל את בייגל מזון 198),IL,נשנושים תירס 325 גרם,גרמים,325.00,100 גרם,false,,11.90,0.0366,true,1,1447790
7290004494377,false,"יין אדום שיראז סדרת דלתון 750 מ""ל","יקב דלתון בע""\מ",IL,גליל שיראז (דלתון),מיליליטרים,750.00,"100 מ""ל",false,,54.90,0.0732,true,1,1452712
7290004494919,false,יין כנען קברנה שיראז 750 מל דלתון,"יקב דלתון בע""מ",IL,כנען קברנה-שיראז (דל,מיליליטרים,750.00,"100 מ""ל",false,,37.50,0.0500,true,1,1452713
7290004554903,false,"גלידת פנטזיה שוקו וניל 900 מ""ל שטראוס","גלידת שטראוס בע""\מ, רחוב",IL,גלידת פנטזיה שוקו ונ,מיליליטרים,900.00,"100 מ""ל",false,,17.50,0.0194,true,1,1453599
7290004575007,false,טילון וניל וופך ושברי אגוז ריאו מארז 70X5ג',"גלידות ריאו ביח""ר לג",IL,גלידת טילון ריאו 5 י,יח',1.00,יח',false,,14.50,14.5000,true,1,1455053
7290004575069,false,גלידה מיניס חטיפים וניל ציפוי שוקו' ופצפוצי נ.חיטה ריאו מארז 32יח',"גלידות ריאו ביח""ר לג",IL,מיניס שוקולידה 32 יח,גרמים,700.00,100 גרם,false,,29.90,0.0427,true,1,1455055
7290004575335,false,ארטיק מגיק מיני וניל ציפוי שוקו' ופצפוצי נ.חיטה ריאו מארז 45X8ג'באריזה,"גלידות ריאו ביח""ר לג",IL,מיני מג'יק שלגונים ב,יח',1.00,יח',false,,16.90,16.9000,true,1,1455057
7290004575397,false,גלידה בטעמי מוקה וניל פיסטוק 1.8 ל' ריאו,"גלידות ריאו ביח""ר לג",IL,גלידה שוקולד תות וני,ליטרים,1.80,ליטר,false,,14.90,8.2778,true,1,1455059
7290004575403,false,טריו גלידת פרווה בטעמים 1.8 ליטר ריאו,"גלידות ריאו ביח""ר לג",IL,טריו גלידה בטעם שוקו,ליטרים,1.80,ליטר,false,,14.90,8.2778,true,1,1455060
7290004575632,false,קרמבו ריאו בטעם וניל 16יח',"גלידות ריאו ביח""ר לג",IL,קרמבו ריאו וניל 16 י,יח',1.00,יח',false,,21.70,21.7000,true,1,1455062
7290004584351,false,גבינה לבנה סימפוניה עם תוספות 200 ג' חמישית 200,"שטראוס בריאות בע""\מ",IL,סימפוניה גבינה במרקם,גרמים,200.00,100 גרם,false,,10.40,0.0520,true,1,1454550
7290004584528,false,יוגורט דנונה ביו לבן 1.7% שומן 200 גרם,מיוצר עי קונדיטוריית,IL,יוגורט דנונה ביו לבן,מיליליטרים,200.00,"100 מ""ל",false,,3.40,0.0170,true,1,1454551
7290004585907,false,דני ועדן וניל 1.5% 125ג' שטראוס,מיוצר עי קונדיטוריית,IL,1.5% דני בטעם וניל 1,מיליליטרים,125.00,"100 מ""ל",false,,2.50,0.0200,true,1,1454552
7290004603175,false,מלח הים האדום גס מלח הארץ 500 גרם,"חברת מלח הארץ אילת בע""\מ",IL,מלח הים האדום גס 500,גרמים,500.00,100 גרם,false,,7.90,0.0158,true,1,1448376
7290004639006,false,קוסקוס טוניסאי קפוא 800 גר,מטעמי פאר,IL,קוסקוס ביתי קפוא 800,גרמים,800.00,100 גרם,false,,14.90,0.0186,true,1,1445405
7290004652401,false,ג'חנון ללא מרגרינה שגב 650 גר' לנדא,"שגמור בע""\מ",IL,ג'חנון ללא מרגרינה 6,גרמים,650.00,100 גרם,false,,18.90,0.0291,true,1,1450204
7290004652418,false,מיני ג'חנון ללא מרגרינה שגב 650 גרם,"שגמור בע""\מ",IL,מיני ג'חנון ללא מרגר,גרמים,650.00,100 גרם,false,,18.90,0.0291,true,1,1450205
7290004685010,false,לחם 100% שיפון פלוס לחם הארץ 500 גר',מאפית י את א ברמן בע,IL,לחם הארץ שיפון פלוס,גרמים,500.00,100 גרם,false,,15.50,0.0310,true,1,1455031
7290004685089,false,לחם הארץ לחם חמניות 500 גר',מאפית י את א ברמן בע,IL,לחם הארץ לחם חמניות,גרמים,500.00,100 גרם,false,,15.50,0.0310,true,1,1455034
7290004685126,false,לחם פומפרניקל לחם הארץ 750 גרם,מאפית י את א ברמן בע,IL,לחם הארץ 5 דגנים 750,גרמים,750.00,100 גרם,false,,15.50,0.0207,true,1,1455035
7290004685157,false,לחם שיפון 100% 750 גרם לחם הארץ,מאפית י את א ברמן בע,IL,לחם שיפון 100% הארץ,גרמים,750.00,100 גרם,false,,15.50,0.0207,true,1,1455036
7290004685430,false,לחם הארץ כוסמין 100% 500 גרם,מאפית י את א ברמן בע,IL,לחם הארץ כוסמין 100%,גרמים,500.00,100 גרם,false,,15.50,0.0310,true,1,1455042
7290004685447,false,לחמניות כוסמין 6 בשקית 450 גרם,מאפית ברמן מקבוצת י. את,IL,לחמניות כוסמין 6יח,יח',1.00,יח',false,,13.80,13.8000,true,1,1455043
7290004685454,false,לחם שיבולת שועל 500 גר'.,מאפית י את א ברמן בע,IL,לחם שיבולת שועל 100%,יח',1.00,יח',false,,15.90,15.9000,true,1,1455044
7290004725426,false,עמק גבינה צהובה חריץ,תנובה מרכז שיתופי לש,IL,גבינת עמק בדץ 28% במ,קילוגרמים,1.00,"ק""ג",true,,44.70,44.7000,true,1,1443357
7290004725600,false,גבינה סקנדינבית31% משקל,תנובה חלב,IL,גבינת חריץ סקנדינבית,קילוגרמים,1.00,"ק""ג",true,,75.00,75.0000,true,1,1443358
7290004731519,false,"מקסימה מרכך ומבשם כביסה למייבש סנסיטיב סנו 750 מ""ל",סנו מקסימה,IL,מקסימה מרכך ומבשם כב,מיליליטרים,750.00,"100 מ""ל",false,,16.30,0.0217,true,1,1448666
7290004731557,false,"מקסימה תרסיס מרכך ומבשם כביסה במייבש מאסק סנו 750 מ""ל",סנו מקסימה,IL,מקסימה תרסיס מרכך ומ,מיליליטרים,750.00,"100 מ""ל",false,,16.30,0.0217,true,1,1448667
7290004731564,false,"מקסימה מבשם ומרכך למייבש הכביסה בלו בלוסום 750 מ""ל",סנו מקסימה,IL,מקסימה למייבש בלו בל,מיליליטרים,750.00,"100 מ""ל",false,,16.30,0.0217,true,1,1448668
7290004731670,false,"מטהר אוויר דואופרש פצ'ולי לבנדר סנו 300 מ""ל","סנו מפעלי ברונוס בע""\מ",IL,מטהר אויר בניחוח לבנ,מיליליטרים,300.00,"100 מ""ל",false,,9.90,0.0330,true,1,1448669
7290004731687,false,"מטהר אויר בניחוח וניל ולמון גראס סנו 300 מ""ל",סנו מפעלי ברונוס בעמ,IL,מטהר אויר בניחוח וני,מיליליטרים,300.00,"100 מ""ל",false,,9.90,0.0330,true,1,1448670
7290004737719,false,אספרגוס שלם מקולף בצנצנת ויליפוד 330 גרם,קריות זול,CN,אספרגוס שלם מקולף ול,גרמים,205.00,100 גרם,false,,8.90,0.0434,true,1,1450977
7290004751005,false,סופגניה מיני רגיל,מאפיית אריאל,,סופגניה מיני רגיל,יח',1.00,יח',false,,3.90,3.9000,true,1,1442102
7290004825546,false,סכומון מגירה גדול,ד.ג.ש,,סכומון מגירה,יח',1.00,יח',false,,10.00,10.0000,true,1,1474937
7290004861025,false,גבינה בולגרית 5% במשקל,"מחלבת המושבה בע""מ",IL,בולגרית 5% מסורתית,קילוגרמים,1.00,"ק""ג",true,,43.00,43.0000,true,1,1461856
7290004861063,false,גבינת קש המושבה במשק,"מחלבת המושבה בע""מ",IL,צפתית קאש 9% המושבה,קילוגרמים,1.00,"ק""ג",true,,41.00,41.0000,true,1,1461858
7290004861261,false,"גבינת טבורוג ט""ש במשקל",מחלבת המושבה,IL,גבינת טבורוג צימוקים,קילוגרמים,1.00,"ק""ג",true,,34.00,34.0000,true,1,1461860
7290004861278,false,שמנת 30% טבעי המושבה,"מחלבת המושבה בע""מ",IL,גבינה שמנת 30%,קילוגרמים,1.00,"ק""ג",true,,38.00,38.0000,true,1,1461861
7290004861285,false,גבינה טבורוג המושבה,"מחלבת המושבה בע""מ",IL,גבינת טבורוג א.ח.נ,קילוגרמים,1.00,"ק""ג",true,,33.00,33.0000,true,1,1461862
7290004861315,false,מעדניה-גבינה לאבנה ט,"מחלבת המושבה בע""מ",IL,גבינה לאבנה טבעי /זע,קילוגרמים,1.00,"ק""ג",true,,39.00,39.0000,true,1,1461863
7290004861360,false,צפתית קצח מושבה,מחלבת המושבה,IL,צפתית בטעמים 5%,קילוגרמים,1.00,"ק""ג",true,,43.00,43.0000,true,1,1461864
7290004861421,false,גבינה חלומי מושבה,"מחלבת המושבה בע""מ",IL,גבינת חלומי 30%,קילוגרמים,1.00,"ק""ג",true,,75.00,75.0000,true,1,1461868
7290004861445,false,כדורי לבנה בזעתר במשקל,מחלבת מושבה,IL,כדורי לאבנה בשמן זית,קילוגרמים,1.00,"ק""ג",true,,98.00,98.0000,true,1,1461869
7290004861520,false,גבינת שמנת 5% מושבה,"מחלבת המושבה בע""מ",IL,קרם שמנת בטעמים 5%,קילוגרמים,1.00,"ק""ג",true,,29.00,29.0000,true,1,1461870
7290004914219,false,בקבוק ריח עם מקלות עץ,סאנרייז,,מפיץ ריח לרכב,מיליליטרים,250.00,"100 מ""ל",false,,13.90,0.0556,true,1,1474943
7290004914691,false,מפיץ ריח סנרייז,,,מפיץ יוקרתי,יח',1.00,יח',false,,14.90,14.9000,true,1,1474944
7290004914912,false,מפיץ סטייל יוקרתי,,,מפיץ סטייל יוקרתי,יח',1.00,יח',false,,14.90,14.9000,true,1,1474947
7290004923099,false,שישיית מים עין גדי 2 ליטר,עין גדי מיים מינרלים,IL,מים עין גדי 2 ליטר ש,ליטרים,12.00,ליטר,false,,10.90,0.9083,true,1,1447426
7290004944032,false,חומוס אמיתי אסלי שמיר 400 גרם,"סלטי שמיר 2006 בע""מ",IL,חומוס אסלי 400 גר,יחידה,400.00,יחידה,false,,9.80,0.0245,true,1,1476655
7290004944049,false,טחינה אסלי שמיר 400 גרם,"סלטי שמיר 2006 בע""מ",IL,טחינה אסלי 400 גרם,גרמים,400.00,100 גרם,false,,9.80,0.0245,true,1,1476656
7290004944056,false,סדרת האסלי חציל במיונז שמיר 400 גרם,"סלטי שמיר 2006 בע""מ",IL,חציל במיונז אסלי 40,גרמים,400.00,100 גרם,false,,9.80,0.0245,true,1,1476657
7290004952792,false,פריכיות אורז מלא דקות אורגני הרדוף 100גר,פרח תעשיות,IL,פריכיות אורז מלא דקו,יח',1.00,יח',false,,11.80,11.8000,true,1,1471417
7290004969516,false,אסאדו 9 עם עצם פרוס קפוא מחפוד,,IL,"אסאדו ע""ע פרוס קפוא",קילוגרמים,1.00,"ק""ג",true,,81.90,81.9000,true,1,1463494
7290005008191,false,"סבון נוזלי ארומה בניחוח לבנדר פטצ'ולי וילנג ילנג פלמוליב 500 מ""ל",הנסיך- מפעל לייצור ט,TR,סבון נוזלי ארומה בני,מיליליטרים,500.00,"100 מ""ל",false,,15.90,0.0318,true,1,1444858
7290005008481,false,ספיד סטיק - דאודורנט ג'ל לגבר ספורט 85 גרם,הנסיך- מפעל לייצור ט,US,ספיד סטיק ג'ל בסיסי,גרמים,85.00,100 גרם,false,,13.50,0.1588,true,1,1444859
7290005033049,false,שקיות אוכל והקפאה 25*35,,,שקיות אוכל והקפאה 25,יח',1.00,יח',false,,10.90,10.9000,true,1,1455165
7290005033087,false,שקיות אשפה עם ידית 50*70 משי,משי,,שקיות אשפה עם ידית 5,יח',1.00,יח',false,,20.60,20.6000,true,1,1455166
7290005033100,false,שקיות אשפה ביג חזקות ללא תלישה,משי,,שקיות אשפה ביג חזקות,יח',1.00,יח',false,,24.90,24.9000,true,1,1455167
7290005033117,false,מפות שולחן עבות 8-6 יח,משי,,מפות שולחן עבות 8-6,יח',1.00,יח',false,,7.90,7.9000,true,1,1455168
7290005033162,false,מפות עבות במיוחד 6-8 יח,משי,,מפות עבות במיוחד 6-8,יח',6.00,יח',false,,13.00,2.1667,true,1,1455171
7290005033209,false,שקיות אשפה קרם עם ידית 40יח 90*75,,,שקיות אשפה קרם עם יד,יח',40.00,יח',false,,22.90,0.5725,true,1,1455172
7290005033582,false,שקיות אשפה אפור ידית 90*75 משי 25 יח,משי,,שקיות אשפה אפור ידית,יח',25.00,יח',false,,21.90,0.8760,true,1,1455176
7290005033599,false,שקיות אשפה קומפקט 90*75 משי 40 יח,משי,,שקיות אשפה קומפקט 90,יח',40.00,יח',false,,19.80,0.4950,true,1,1455177
7290005033711,false,מפות 45מ על 1.6 רוחב עבה במיוחד,,,מפות 45מ על 1.6 רוחב,יח',1.00,יח',false,,29.90,29.9000,true,1,1455179
7290005041198,false,מעדני הטלה קבב ביתי,לאטי עזרא גלם ודגים,IL,קבב ביתי 1קג,גרמים,1000.00,100 גרם,false,,44.90,0.0449,true,1,1462569
7290005079290,false,נעם גבינה צהובה15% משקל,טרה,IL,גבינה צהובה 15% נעם,קילוגרמים,1.00,"ק""ג",true,,64.00,64.0000,true,1,1441712
7290005079344,false,מוצרלה נועם רכיבים ט,מחלבת משק צוריאל,IL,מוצרלה נעם שקיל,קילוגרמים,1.00,"ק""ג",true,,74.00,74.0000,true,1,1441713
7290005079412,false,גבינה אמנטל נעם 30% משקל,טרה,IL,אמנטל נעם חריץ,קילוגרמים,1.00,"ק""ג",true,,55.00,55.0000,true,1,1441714
7290005084355,false,סנסודין משחת שיניים דואל קר פלואוריד 75,גלקסו סמית קליין,GB,"סנסודיין דואלקר 75 מ""ל",גרמים,75.00,100 גרם,false,,21.90,0.2920,true,1,1455773
7290005084737,false,טפטפים - בייביסקין קרם החתלה ללא בושם 100 גרם,כ.צ.ט,IL,בייביסקין משחה לתינו,גרמים,100.00,100 גרם,false,,10.90,0.1090,true,1,1455774
7290005111761,false,"מזון לכלבים בונזו מזון כלבים בשר 3 ק""ג","ביופט בע""מ",FR,"בונזו בשר 1+3 ק""ג תוספת",קילוגרמים,3.00,"ק""ג",false,,39.90,13.3000,true,1,1469884
7290005113222,false,זיתים קוקטייל וגמבה יבנה 350ג',קבוצת יבנה,IL,זית יבנה מיקס 340 גר,גרמים,340.00,100 גרם,false,,9.80,0.0288,true,1,1448512
7290005168253,false,"יין קליל דל אלכוהול יקבי ציון 750 מ""ל",יקבי ציון,IL,קליל יין אדום מתוק 7,מיליליטרים,750.00,"100 מ""ל",false,,13.00,0.0173,true,1,1461914
7290005168284,false,"יין גן עדן יקבי ציון 750 מ""ל",יקבי ציון,IL,"גן עדן 750 מ""ל",מיליליטרים,750.00,"100 מ""ל",false,,19.90,0.0265,true,1,1461915
7290005174513,false,סלט חצילים במיונז אחלה 500 גרם,מיוצר עי קונדיטוריית,IL,סלט חצילים במיונז אח,גרמים,500.00,100 גרם,false,,14.90,0.0298,true,1,1454553
7290005174551,false,סלט חומוס עם צנוברים 125 ג' אחלה,מיוצר עי קונדיטוריית,IL,חומוס אחלה 125 גרם,גרמים,125.00,100 גרם,false,,4.70,0.0376,true,1,1454554
7290005174568,false,סלט חצילים במיונז אחלה 125 גרם,מיוצר עי קונדיטוריית,IL,סלט חצילים במיונז אח,גרמים,125.00,100 גרם,false,,4.70,0.0376,true,1,1454555
7290005174575,false,טחינה אחלה יום יום משובחת 125ג',מיוצר עי קונדיטוריית,IL,סלט טחינה אחלה 125 ג,גרמים,125.00,100 גרם,false,,4.70,0.0376,true,1,1454556
7290005175428,false,"קמח תירס לל""ג ריבארה 500 ג'",קריות זול,AR,קמח תירס וילי פוד 50,גרמים,500.00,100 גרם,false,,5.90,0.0118,true,1,1450979
7290005197758,false,"עוגיות חיוכים שוקולד עלית 150 גרם בד""צ",אפיפית נצרת תעשיות ב,IL,עוגיות חיוכים שוקו ש,גרמים,150.00,100 גרם,false,,4.90,0.0327,true,1,1445522
7290005199578,false,קפה פלטינום נטול קפאין עלית 200 גרם,שטראוס קפה בי.וי.,IL,קפה נטול קפאין 200 ג,גרמים,200.00,100 גרם,false,,29.90,0.1495,true,1,1445526
7290005200786,false,תפוצ'יפס בטעם שמנת בצל עלית 50 גרם,"שטראוס פריטו ליי בע""\מ )",IL,תפוצ'יפס בטעם שמנת ב,גרמים,50.00,100 גרם,false,,3.50,0.0700,true,1,1450695
7290005201455,false,קפה נמס מגורען ארומה קלאסי עלית 200 גרם,"אינסטנטה בע""מ",PL,קפה נמס מגורען עלית,גרמים,200.00,100 גרם,false,,21.90,0.1095,true,1,1445530
7290005287206,false,רביעיית טונה בשמן סטארקיסט 160 גרם,"סטארקיסט פודור בע""מ",VN,טונה ס.ק בשמן 160גר 'רביע,גרמים,492.00,100 גרם,false,,24.90,0.0506,true,1,1451513
7290005287213,false,"רביעיית טונה בשמן סטארקיסט 160 גרם בד""צ",סטארקיסט,IL,טונה ס.ק בשמן 160גר 'רביע,גרמים,448.00,100 גרם,false,,24.90,0.0556,true,1,1451514
7290005287251,false,רביעיית טונה במים סטארקיסט 160 גרם,"סטארקיסט פודור בע""מ",VN,טונה ס.ק במים 160גר 'רביע,גרמים,448.00,100 גרם,false,,24.90,0.0556,true,1,1451515
7290005287534,false,"סטארקיסט טונה בשמן עישון טבעי 160 גרם בד""צ",תאי יוניון גרופ,IL,ס.ק בשמן עישון טבעי פ.ק 1,גרמים,112.00,100 גרם,false,,6.90,0.0616,true,1,1451517
7290005287657,false,"סטארקיסט ממרח טונה 160 גרם בד""צ","סטארקיסט פודור בע""מ",TH,ס.ק. ממרח טונה 160 גר' -,גרמים,160.00,100 גרם,false,,5.90,0.0369,true,1,1451518
7290005287930,false,"טונה סטארקיסט רבעיות מים בד""ץ 112 גר-עדה",סטארקיסט,IL,טונה סטארקיסט במים 160 רב,גרמים,448.00,100 גרם,false,,24.90,0.0556,true,1,1451519
7290005296246,false,"פותח סתימות דריין אאוט 946 מ""ל יעקבי",יוליניבר,US,פותח סתימות בצנרת ני,מיליליטרים,946.00,"100 מ""ל",false,,24.90,0.0263,true,1,1450566
7290005296260,false,"אסטוניש ספריי רסס ונגב לניקוי כללי יעקבי 750 מ""ל",יעקובי אסטוניש,GB,אסטוניש ספריי רסס ונ,מיליליטרים,750.00,"100 מ""ל",false,,11.90,0.0159,true,1,1450567
7290005326677,false,רוטב ברביקיו אוליביה 350 גר,,IL,רוטב ברביקיו 350 גר,גרמים,350.00,100 גרם,false,,13.90,0.0397,true,1,1451214
7290005418693,false,"קרם לחות לחיזוק נטורל פורמולה 400 מ""ל",נטורל,,קרם לחות לחיזוק נטור,מיליליטרים,400.00,"100 מ""ל",false,,20.90,0.0522,true,1,1448674
7290005418709,false,"נטורל קרם לחות לקיבוע תלתלים גלי 400 מ""ל",מיוצר עי אמיליה קוסמ,IL,קרם לחות לעיצוב תלתל,מיליליטרים,400.00,"100 מ""ל",false,,20.70,0.0517,true,1,1448675
7290005418716,false,"קרם לחות לבניית תלתלים עגולים נטורל פורמולה 400 מ""ל",מיוצר עי אמיליה קוסמ,IL,קרם לחות לבניית תלתל,מיליליטרים,400.00,"100 מ""ל",false,,20.70,0.0517,true,1,1448676
7290005418723,false,"נטורל קרם לחות לשיער חלק ברגע קליל 400 מ""ל",נטורל,,קרם לחות סירוק קל נט,מיליליטרים,400.00,"100 מ""ל",false,,20.90,0.0522,true,1,1448677
7290005418891,false,"ג'ל אסטרים חזק לעיצוב רטוב נטורל פורמולה 500 מ""ל",מיוצר עי : אמיליה קוסמטי,IL,ג'ל אסטרים חזק לעיצו,מיליליטרים,500.00,"100 מ""ל",false,,19.90,0.0398,true,1,1448678
7290005423253,false,"סנו - מקסימה מרסס למייבש כביסה אולטרה פרש 750 מ""ל","סנו מפעלי ברונוס בע""\מ",IL,מקסימה מרכך ומבשם למ,מיליליטרים,750.00,"100 מ""ל",false,,16.30,0.0217,true,1,1448680
7290005423482,false,"קרם לניקוי כיריים קרמיים סנו 300 מ""ל",מיוצר עי קונדיטוריית,IL,קרם לניקוי כיריים קר,מיליליטרים,300.00,"100 מ""ל",false,,14.90,0.0497,true,1,1448683
7290005423543,false,משחת שיניים מלבינה לבן אורביטול 145 גרם,טרופיקל דגיל קוסמטיק,IL,משחת שיניים מלבינה א,מיליליטרים,145.00,"100 מ""ל",false,,7.90,0.0545,true,1,1448686
7290005423567,false,מטליות ניקוי רב שימושיות בגליל סנו סושי 40 יחידות,אסותא תעשיות אלבד בע,IL,מטליות ניקוי רב שימו,יח',40.00,יח',false,,18.90,0.4725,true,1,1448687
7290005423635,false,ריצפז נוזל רצפות דוחה תיקנים סנו 2 ליטר,מיוצר עי קונדיטוריית,IL,ריצפז נוזל רצפות דוח,ליטרים,2.00,ליטר,false,,19.90,9.9500,true,1,1448688
7290005423734,false,מרכך כביסה מרוכז אולטרא פרש סנו מקסימה 4 ליטר,"סנו מפעלי ברונוס בע""\מ",IL,מקסימה מרכך כביסה או,ליטרים,4.00,ליטר,false,,21.50,5.3750,true,1,1448689
7290005423871,false,שלישיית משחת שיניים מנטול אורביטול 145 גרם,טרופיקל דגיל תעשיות קוסמ,IL,משחת שיניים עם פלואו,גרמים,435.00,100 גרם,false,,16.50,0.0379,true,1,1448691
7290005423918,false,סנו - מקסימה מרכך כביסה היפואלרגני אלוורה 4 ליטר,"סנו מפעלי ברונוס בע""\מ",IL,מקסימה מרכך כביסה בי,ליטרים,4.00,ליטר,false,,21.50,5.3750,true,1,1448693
7290005424021,false,"סנופרש הום מנטרל ריחות רעים 350 מ""ל",סנו fresh,IL,ריפרש מנטרל ריחות פר,מיליליטרים,1.00,"100 מ""ל",false,,14.90,14.9000,true,1,1476933
7290005424700,false,סנו - פורטה פלוס מרסס מסיר שומנים 1 ליטר,"סנו מפעלי ברונוס בע""\מ",IL,פורטה פלוס - קצף ברי,ליטרים,1.00,ליטר,false,,16.90,16.9000,true,1,1448701
7290005424762,false,ריצפז פלוס ווקס נוזל להברקת רצפות דוחה תיקנים סנו 2 ליטר,"סנו מפעלי ברונוס בע""\מ",IL,ריצפז פלוס ווקס נוזל,ליטרים,2.00,ליטר,false,,25.90,12.9500,true,1,1448703
7290005424991,false,סנו פרש אוטומטיק בהתזה קצובה ניחוח בייבי פאודר,סנו מפעלי ברונוס בעמ,IL,פרש מבשם אויר אוטומט,מיליליטרים,250.00,"100 מ""ל",false,,12.90,0.0516,true,1,1448707
7290005425073,false,"מטהר אויר בניחוח יסמין ועץ סאנדלווד סנו 300 מ""ל","סנו מפעלי ברונוס בע""\מ",IL,מטהר אויר בניחוח יסמ,מיליליטרים,300.00,"100 מ""ל",false,,9.90,0.0330,true,1,1448708
7290005425110,false,"חיטוי משטחים 99.9% מתז מחטא ומשמיד 750 מ""ל","סנו מפעלי ברונוס בע""\מ",IL,סנו מחטא ומשמיד חייד,מיליליטרים,750.00,"100 מ""ל",false,,11.90,0.0159,true,1,1448710
7290005425202,false,אבקת כביסה ביו מקסימה לכתמים קשים,"סנו מפעלי ברונוס בע""\מ",IL,מקסימה אבקת כביסה בי,קילוגרמים,2.50,"ק""ג",false,,22.90,9.1600,true,1,1448713
7290005425585,false,מטליות לחות לניקוי רהיטים סנו 20 יחידות,"סנו מפעלי ברונוס בע""\מ",IL,מטליות לחות לניקוי ר,יח',20.00,יח',false,,16.90,0.8450,true,1,1448714
7290005425646,false,קליר נוזל לניקוי חלונות רב תכליתי סנו 1 ליטר,"סנו מפעלי ברונוס בע""\מ",IL,קליר נוזל לניקוי חלו,ליטרים,1.00,ליטר,false,,9.90,9.9000,true,1,1448716
7290005425714,false,"שמפו שטיחים סנו פלוס 600 מ""ל","סנו מפעלי ברונוס בע""\מ",IL,שמפו שטיחים סנו פלוס,מיליליטרים,600.00,"100 מ""ל",false,,25.90,0.0432,true,1,1448718
7290005425912,false,אוקסיג'ן ג'ל להסרת כתמים עם חמצן פעיל סנו 4 ליטר,סנו אוקסיג'ן,IL,אוקסיג'ן ג'ל להסרת כ,ליטרים,4.00,ליטר,false,,29.90,7.4750,true,1,1448721
7290005426193,false,ספוגית הפלא סנו סושי 6 יחידות,טרופיקל דגיל תעשיות,IL,ספוגית הפלא סנו סושי,יח',1.00,יח',false,,9.90,9.9000,true,1,1448723
7290005426568,false,"קרמה - קרם לחות לשיער רגיל 400 מ""ל",טרופיקל דגיל תעשיות,IL,קרם לחות לשיער רגיל,מיליליטרים,400.00,"100 מ""ל",false,,16.90,0.0422,true,1,1448728
7290005426575,false,"קרמה לחות לשיער יבש ללא שטיפה 400 מ""ל",טרופיקל דגיל תעשיות,IL,קרם לחות לשיער יבש ק,מיליליטרים,400.00,"100 מ""ל",false,,16.90,0.0422,true,1,1448729
7290005426803,false,מקסימה מרכך כביסה פצ'ולי לבנדר סגול סנו 4 ליטר,סנו מקסימה,IL,מקסימה מרכך כביסה פצ,ליטרים,4.00,ליטר,false,,21.50,5.3750,true,1,1448732
7290005426865,false,אורביטול - משחת שיניים לילדים בטעם מסטיק 70 גרם,טרופיקל דגיל תעשיות קוסמ,IL,משחת שיניים לילדים ב,גרמים,50.00,100 גרם,false,,7.90,0.1580,true,1,1448733
7290005426964,false,סנובון סבון לאסלה בניחוח אפרסק סנו 3 יחידות,סנו מפעלי ברונו בעמ,IL,סנובון סבון לאסלה בנ,גרמים,165.00,100 גרם,false,,14.90,0.0903,true,1,1448734
7290005426971,false,סנובון סבון לאסלה תפוח כחול סנו 3 יחידות,סנו מפעלי ברונו בעמ,IL,סנובון סבון לאסלה תפ,גרמים,165.00,100 גרם,false,,14.90,0.0903,true,1,1448735
7290005427633,false,"כיף גל לשיער לשיער חזק במיוחד 1 ק""ג",קוסמופארם,IL,חוחובה ג'ל לעיצוב הש,100 לקג,1.00,100 לקג,false,,19.90,19.9000,true,1,1448741
7290005427725,false,"חמישיית מגבונים מבושם ""ליטופים""",טרופיקל דגיל קוסמטיק,IL,מגבונים ליטופים מארז,יח',5.00,יח',false,,17.90,3.5800,true,1,1448742
7290005427770,false,"קרמה - קרם לחות לשיער לגבר 400 מ""ל",טרופיקל דגיל תעשיות,IL,קרם לחות לשיער לגבר,מיליליטרים,400.00,"100 מ""ל",false,,16.90,0.0422,true,1,1448747
7290005427787,false,"קרמה - קרם לחות לשיער מתולתל 400 מ""ל",טרופיקל דגיל תעשיות,IL,קרם לחות לשיער מתולת,מיליליטרים,400.00,"100 מ""ל",false,,16.90,0.0422,true,1,1448748
7290005427978,false,"תחליב רחצה לפנים פילינג קרמה 180 מ""ל",גוד פוד פרודקטס S.p,IL,תחליב רחצה לפנים קרמ,מיליליטרים,180.00,"100 מ""ל",false,,12.90,0.0717,true,1,1448753
7290005428852,false,ממחטות טישו צבעוניים סנו סופט 5 יח' *100דף,ישרפייפר,IL,סופט ממחטות אף צבעונ,100 יח',650.00,100 יח',false,,12.90,0.0198,true,1,1448756
7290005430480,false,"מטליות פלא מייקרופייבר כחול ""סנוסושי""",קריות זול,IL,מטלית הפלא מיקרופייב,יח',1.00,יח',false,,6.90,6.9000,true,1,1448761
7290005430602,false,"סנו אוקסיג'ן ספריי להסרת כתמים עם חמצן פעיל 750 מ""ל","סנו מפעלי ברונוס בע""",IL,סנו אוקסיג'ן ספריי ל,מיליליטרים,750.00,"100 מ""ל",false,,17.70,0.0236,true,1,1448762
7290005430671,false,פוליויקס נוזל לניקוי קרמיקה סנו 2 ליטר,סנו מפעלי ברונו בעמ,IL,פוליויקס נוזל לניקוי,ליטרים,2.00,ליטר,false,,19.90,9.9500,true,1,1448763
7290005430862,false,מים מזוקקים סנו 4 ליטר,סנו,,מים מזוקקים סנו 4 לי,ליטרים,4.00,ליטר,false,,19.90,4.9750,true,1,1448764
7290005431159,false,תותים בקצפת לייט עדן קינוחים 80 גרם,עדן קינוחים,IL,מעדן תותים בקצפת ליי,גרמים,80.00,100 גרם,false,,5.90,0.0738,true,1,1443578
7290005431883,false,מלבי חלבי עדן קינוחים 165 גרם,עדן קינוחים Eden,IL,מלבי חלבי,יח',1.00,יח',false,,5.90,5.9000,true,1,1443579
7290005431906,false,קדאיף עדן קינוחים 82 גרם,עדן קינוחים Eden,IL,קדאיף,יח',1.00,יח',false,,5.90,5.9000,true,1,1443581
7290005431913,false,עוגת גבינה פירורים עדן קינוחים 92 גרם,עדן קינוחים Eden,IL,עוגת גבינה פירורים,יח',1.00,יח',false,,5.90,5.9000,true,1,1443582
7290005431920,false,עוגת גבינה פירורים לייט עדן קינוחים 78 גרם,עדן קינוחים Eden,IL,עוגת גבינה פירורים ל,יח',1.00,יח',false,,5.90,5.9000,true,1,1443583
7290005431937,false,טירמיסו עדן קינוחים 82 גרם,עדן קינוחים Eden,IL,טרמיסו,יח',1.00,יח',false,,5.90,5.9000,true,1,1443584
7290005431968,false,מלבי שמנת עדן קינוחים 150 גרם,עדן קינוחים Eden,IL,מלבי שמנת 150 גר,גרמים,150.00,100 גרם,false,,6.90,0.0460,true,1,1443585
7290005437069,false,"שמן זית למאור בד""ץ טעמן 1 ליטר",מוצרי יסוד - טעמן,IL,טעמן שמן זית למאור 1,ליטרים,1.00,ליטר,false,,19.70,19.7000,true,1,1446027
7290005437212,false,טעמן שמן זית כ.מעולה ספרדי בדץ 750מל.,מוצרי יסוד - טעמן,IL,שמן זית כתית מעולה 7,מיליליטרים,750.00,"100 מ""ל",false,,27.90,0.0372,true,1,1446029
7290005437502,false,פטריות שמפיניון חתוכות 400 גר' טעמן,מוצרי יסוד - טעמן,IL,פטריות חתוכות טעמן 2,גרמים,230.00,100 גרם,false,,4.90,0.0213,true,1,1458711
7290005437588,false,בייבי טעמן בננה 190 גר',,,מחית סלט פירות פרי ט,גרמים,190.00,100 גרם,false,,3.90,0.0205,true,1,1446030
7290005437755,false,פסטה בילאגיו צינורות 500 גרם טעמן,מוצרי יסוד - טעמן,TR,טעמן פסטה צינורות 50,גרמים,500.00,100 גרם,false,,3.90,0.0078,true,1,1458712
7290005437762,false,פסטה בילאג'יו ספירלה 500גר' טעמן,מוצרי יסוד - טעמן,TR,טעמן פסטה ספירלה 500,גרמים,500.00,100 גרם,false,,3.90,0.0078,true,1,1461261
7290005437809,false,חתיכות אננס חתבמיץ טבעי 825 גרם טעמן,פ.ת גרייט פנאפל,ID,טעמן אננס חתוך במיץ,גרמים,490.00,100 גרם,false,,10.90,0.0222,true,1,1446034
7290005437861,false,קוקטייל פירות טרופיים בסירופ קל טעמן 825 גרם,פ.ת גרייט פנאפל,ID,טעמן קוקטייל פירות 8,גרמים,825.00,100 גרם,false,,11.70,0.0142,true,1,1446036
7290005437939,false,פסטה ספגטיני מס' 10 500 גר' טעמן,מוצרי יסוד - טעמן,TR,ספגטיני טעמן 500גר,קילוגרמים,500.00,"100 ק""ג",false,,3.90,0.0078,true,1,1458713
7290005437946,false,פסטה בילאג'יו ספגטי 500גר טעמן,מוצרי יסוד - טעמן,TR,טעמן פסטה ספגטי 500,גרמים,500.00,100 גרם,false,,3.90,0.0078,true,1,1461262
7290005477669,false,סבון נוזלי דרמפון מועשר לחות קרליין 1 ליטר,"אמיליה קוסמטיקס בע""מ",IL,אל סבון נוזלי מועשר,ליטרים,1.00,ליטר,false,,17.80,17.8000,true,1,1448766
7290005489099,false,פרי קטיף רכז תפוזים 1.2 ליטר,"פרי קטיף מזון בע""מ",IL,רכז תפוזים 1.2 לי,ליטרים,1.20,ליטר,false,,32.90,27.4167,true,1,1472743
7290005500558,false,ג'ל חזק לעיצוב שיער 1 ליטר פנינה רוזנבלום,פנינה רוזנבלום,IL,ג'ל חזק לעיצוב שיער,ליטרים,1.00,ליטר,false,,15.90,15.9000,true,1,1453713
7290005500688,false,"פנינה רוזנבלום מסיכה לשיקום ורודה , 1 ק""ג",פנינה רוזנבלום,IL,"מסיכה לשיער 1 ק""ג פנ",100 לקג,1.00,100 לקג,false,,26.80,26.8000,true,1,1453715
7290005500978,false,מסיר לק ריחני פנינה רוזנבלום 220 מ''ל,פנינה רוזנבלום,,מסיר לק ריחני פנינה,מיליליטרים,220.00,"100 מ""ל",false,,9.90,0.0450,true,1,1453718
7290005505027,false,רביולי,,,רביולי,קילוגרמים,1.00,"ק""ג",true,,80.00,80.0000,true,1,1462358
7290005505041,false,אלמנדוס,,,אלמנדוס,קילוגרמים,1.00,"ק""ג",true,,55.00,55.0000,true,1,1462359
7290005505065,false,אפונה ווסאבי,,,אפונה ווסאבי,קילוגרמים,1.00,"ק""ג",true,,47.00,47.0000,true,1,1462361
7290005505089,false,קבוקים מסוכר,,,קבוקים מסוכר,קילוגרמים,1.00,"ק""ג",true,,25.00,25.0000,true,1,1462363
7290005505102,false,קוקוס טבעי,,,קוקוס טבעי,קילוגרמים,1.00,"ק""ג",true,,80.00,80.0000,true,1,1462365
7290005505126,false,בננה טבעית,,,בננה טבעית,קילוגרמים,1.00,"ק""ג",true,,79.00,79.0000,true,1,1462367
7290005505133,false,חמניה מקולף,,,חמניה מקולף,קילוגרמים,1.00,"ק""ג",true,,38.00,38.0000,true,1,1462368
7290005505140,false,שזיף עם גלעין,,,שזיף עם גלעין,קילוגרמים,1.00,"ק""ג",true,,44.00,44.0000,true,1,1462369
7290005505171,false,קיווי מיובש,,,קיווי מיובש,קילוגרמים,1.00,"ק""ג",true,,40.00,40.0000,true,1,1462372
7290005505263,false,תפוח עץ בקינמון מקור,,,תפוח עץ בקינמון מקור,קילוגרמים,1.00,"ק""ג",true,,80.00,80.0000,true,1,1462379
7290005505355,false,אפונה קלוי,,,אפונה קלוי,קילוגרמים,1.00,"ק""ג",true,,49.00,49.0000,true,1,1462385
7290005505362,false,לימון פרסי,,,לימון פרסי,קילוגרמים,1.00,"ק""ג",true,,100.00,100.0000,true,1,1462386
7290005505379,false,תאנים מיובש,,,תאנים מיובש,קילוגרמים,1.00,"ק""ג",true,,45.00,45.0000,true,1,1462387
7290005505393,false,דלעת מקולפת,אוליבלס SA,,דלעת מקולף,קילוגרמים,1.00,"ק""ג",true,,54.00,54.0000,true,1,1462389
7290005505515,false,פיסטוק מקולף,,,פיסטוק מקולף,קילוגרמים,1.00,"ק""ג",true,,115.00,115.0000,true,1,1462396
7290005505645,false,אורגנו,,,אורגנו,קילוגרמים,1.00,"ק""ג",true,,79.00,79.0000,true,1,1462405
7290005505652,false,בננה טבעית,,,בננה טבעית,קילוגרמים,1.00,"ק""ג",true,,79.00,79.0000,true,1,1462406
7290005505676,false,מייאסי,,,מייאסי,קילוגרמים,1.00,"ק""ג",true,,47.00,47.0000,true,1,1462408
7290005505997,false,צימוק בהיר קטן,,,צימוק בהיר קטן,קילוגרמים,1.00,"ק""ג",true,,36.00,36.0000,true,1,1462413
7290005509445,false,עוגיות מיני קוקיס חמאה בצנצנת כרמית 600 גרם,כרמית תעשיות ממתקים,IL,עוגיות מיני קוקיס בט,גרמים,600.00,100 גרם,false,,15.90,0.0265,true,1,1453187
7290005559709,false,בורקס פיצה מעדנות 700 גרם,מיוצר עי קונדיטוריית,IL,בורקס פיצה 700גר מעדנות,גרמים,700.00,100 גרם,false,,24.90,0.0356,true,1,1443213
7290005559907,false,פיצה משפחתית 100% גבינה מעדנות 500 גרם,מיוצר עי קונדיטוריית,IL,פיצה משפחתית גבינה מעדנות,גרמים,500.00,100 גרם,false,,16.90,0.0338,true,1,1443214
7290005559914,false,פיצה משפחתית עם 100% גבינה בתוספת זיתים מעדנות 550 גרם,מיוצר עי קונדיטוריית,IL,פיצה משפחתית זיתים מעדנות,גרמים,550.00,100 גרם,false,,16.90,0.0307,true,1,1443215
7290005559990,false,בצק פילאס תורכי מעדנות 600 גרם,מיוצר עי קונדיטוריית,IL,בצק פילאס תורכי 600גר מעד,גרמים,600.00,100 גרם,false,,19.90,0.0332,true,1,1443216
7290005587825,false,לוריאל - דרמו מסיר איפור דו פאזי 125 עברית,"קרלסרו, גרמניה",DE,מסיר איפור עדין לורי,מיליליטרים,150.00,"100 מ""ל",false,,24.90,0.1660,true,1,1441105
7290005591761,false,דבש טהור מפרחי בר בלחיץ 400 ג' יד מרדכי,מכוורת יד מרדכי שטרא,IL,דבש טהור לחיץ 400 גר,גרמים,400.00,100 גרם,false,,19.90,0.0497,true,1,1445532
7290005651069,false,"מזון חתולים לה קט מיקס 2.85 ק""ג","ביופט בע""מ",FR,לה קט מיקס 2.85 קג,קילוגרמים,2.85,"ק""ג",false,,49.90,17.5088,true,1,1469886
7290005651366,false,"מזון לכלבים בונזו מזון כלבים כבד 3 ק""ג","ביופט בע""מ",IL,בונזו כבד 3 קג' - אירוז ח,קילוגרמים,3.00,"ק""ג",false,,39.90,13.3000,true,1,1469887
7290005678387,false,ענב אוטום רויאל -שחור,מושב לכיש,IL,ענבים אוטום רויאל,קילוגרמים,1.00,"ק""ג",true,,19.90,19.9000,true,1,1454068
7290005678585,false,ענב סקרלוטהללא חרצן ארוז,ביכורי השקמה,IL,ענבים שחורים,קילוגרמים,1.00,"ק""ג",true,,12.90,12.9000,true,1,1461885
7290005680052,false,טמפונים סופר פלוס אובה 32 יחידות,גונסון אנד גונסון,GR,טמפונים סופר פלוס או,יח',32.00,יח',false,,19.90,0.6219,true,1,1444860
7290005684135,false,לחם מחמצת שיפון עם אגוזים 650 ג',המאפיה של הרמן,IL,לחם מחמצת שיפון עם א,גרמים,650.00,100 גרם,false,,14.90,0.0229,true,1,1462154
7290005684418,false,לחם כוסמין אורגני 700 גר,מאפיה מרחבית קרית שמונה,IL,לחם כוסמין מלא 700 ג,גרמים,700.00,100 גרם,false,,14.90,0.0213,true,1,1462155
7290005684487,false,לחמניות כוסמין מקמח 6*70גר,המאפיה של הרמן,IL,לחמניות קמח כוסמין מ,יח',1.00,יח',false,,12.90,12.9000,true,1,1462157
7290005684579,false,לחם מחמצת כוסמין 700 גרם,המאפיה של הרמן,IL,לחם מחמצת כוסמין,גרמים,700.00,100 גרם,false,,14.90,0.0213,true,1,1462158
7290005684654,false,לחם מחמצת שיפון 700 גרם,המאפיה של הרמן,IL,לחם מחמצת שיפון,גרמים,700.00,100 גרם,false,,14.90,0.0213,true,1,1462159
7290005692543,false,"נקניקיות מרגז חריפות קפוא 1 ק""ג מחפוד",,IL,נקניקיות מרגז חריפות,קילוגרמים,1.00,"ק""ג",false,,49.90,49.9000,true,1,1463550
7290005692550,false,נקניקיות צוריסוס חריפות מחפוד,,IL,נקניקיות צוריסוס חרי,קילוגרמים,1.00,"ק""ג",false,,49.90,49.9000,true,1,1463551
7290005719189,false,לחם מחמצת שיפון אגוז,,,לחם מחמצת שיפון אגוז,יח',1.00,יח',false,,16.90,16.9000,true,1,1442113
7290005719295,false,מאפה במבצע,,,מאפה במבצע,קילוגרמים,1.00,"ק""ג",true,,25.90,25.9000,true,1,1442115
7290005838002,false,מעדן גבינה ויוגורט בטעם וניל 88 ג' דניאלה,"שטראוס בריאות בע""מ",IL,דניאלה בטעם וניל 150,מיליליטרים,150.00,"100 מ""ל",false,,3.90,0.0260,true,1,1454557
7290005838613,false,"סקי וניל בודד 125 גרם ""שטראוס""","שטראוס בריאות בע""\מ",IL,גבינת סקי בטעם וניל,גרמים,125.00,100 גרם,false,,3.70,0.0296,true,1,1454558
7290005839078,false,שמיניית יוגורט לבן 3% ביו דנונה 150 גרם,מיוצר עי קונדיטוריית,IL,יוגורט דנונה ביו לבן,ליטרים,1.20,ליטר,false,,15.80,13.1667,true,1,1454559
7290005839108,false,גבינה לבנה סימפוניה עם תוספות 200 ג'+זיתים 5%,"שטראוס בריאות בע""\מ",IL,סימפוניה ג.שמנת זיתי,גרמים,200.00,100 גרם,false,,10.40,0.0520,true,1,1454560
7290005839313,false,"מילקי טופ מגולגלת שטראוס 170 מ""ל",מיוצר עי קונדיטוריית,IL,מילקי טופ מגולגלת שט,מיליליטרים,170.00,"100 מ""ל",false,,4.50,0.0265,true,1,1454561
7290005896453,false,"בירה מכבי 7.9%, בירה חזקה, בקבוק חוזר 500 מ''ל",פארייפאבה אגרואינדוס,IL,גולדסטאר חוזר 500 בקבוק 2,מיליליטרים,500.00,"100 מ""ל",false,,6.90,0.0138,true,1,1444396
7290005902048,false,"רב-מג, מטאטא גומי מסדרת רב-מגב",דגש,,מטאטא גומי,יח',1.00,יח',false,,59.90,59.9000,true,1,1474954
7290005902055,false,מגב גומי `רב מגבת,דגש,,רב מגב- מגב הפלא,יח',1.00,יח',false,,59.90,59.9000,true,1,1474955
7290005938030,false,פסטו זעתר פרסקו 220 גרם,נטו מלינדה,IL,פסטו זעתר 220 גרם,גרמים,220.00,100 גרם,false,,20.00,0.0909,true,1,1450206
7290005938238,false,ממרח צ'ימצ'ורי פרסקו 220ג' מצונן,"פרסקו חצבה 2006 בע""מ",IL,רוטב צ'ימיצ'ורי פרסק,גרמים,220.00,100 גרם,false,,17.90,0.0814,true,1,1450207
7290005938245,false,ממרח פסטו קלאסי פרסקו 220ג' מצונן,מיוצר עי פרסקו חצבה,IL,ממרח פסטו קלאסי פרסק,גרמים,220.00,100 גרם,false,,17.90,0.0814,true,1,1450208
7290005938603,false,טפאנד זיתים ירוקים 220גר,פרסקו חצבה,IL,טפנד זיתים שחורים 22,גרמים,220.00,100 גרם,false,,17.90,0.0814,true,1,1450209
7290005938610,false,טפנד זיתים ירוקים 220 ג,פרסקו חצבה,IL,טפנד זיתים ירוקים 22,גרמים,220.00,100 גרם,false,,18.90,0.0859,true,1,1450210
7290005981845,false,מיכל לחמוצים,ד.ג.ש,,מיכל לחמוצים,יח',1.00,יח',false,,13.00,13.0000,true,1,1474962
7290005992018,false,"יוגורט עיזים לשתיה 3% מחלבות גד 500 מ""ל","מיוצר ע""\י קוד יצרן MKN",IL,יוגורט עיזים לשתיה 3,מיליליטרים,500.00,"100 מ""ל",false,,12.20,0.0244,true,1,1447307
7290005992575,false,גבינה בולגרית למריחה 5% גד 250 גרם,מחלבות גד בעמ,IL,גבינה בולגרית למריחה,גרמים,250.00,100 גרם,false,,15.90,0.0636,true,1,1447308
7290005992735,false,לאבנה טבעית 5% 250 גר' - רבנות,הנסיך- מפעל לייצור ט,IL,גבינת לאבנה 5% גד 25,גרמים,250.00,100 גרם,false,,11.90,0.0476,true,1,1447309
7290005996009,false,סלמי גלילי מעושן 400 ג' יחיעם,מעדני יחיעםn\,IL,סלמי גלילי מעושן 400,גרמים,400.00,100 גרם,false,,22.90,0.0572,true,1,1452896
7290005996078,false,סלמי סרוולט הונגרי יחיעם 150 גרם,מעדני יחיעם,IL,סרוולט בסגנון הונגרי,גרמים,200.00,100 גרם,false,,25.90,0.1295,true,1,1452898
7290005996221,false,פסטרמה של פעם דקדק יחיעם 120 גרם,מעדני יחיעם,IL,פסטרמה של פעם דק דק,גרמים,120.00,100 גרם,false,,10.90,0.0908,true,1,1452901
7290005996238,false,פסטרמה בדבש דק דק 120 גרם,מעדני יחיעם,IL,פסטרמה דבש דק דק 120,גרמים,120.00,100 גרם,false,,10.90,0.0908,true,1,1452902
7290005996276,false,פסטרמה ברביקיו דקדק יחיעם 120 גרם,מעדני יחיעם,IL,פסטרמה בקביקיו דק דק,גרמים,120.00,100 גרם,false,,10.90,0.0908,true,1,1452903
7290005996979,false,נקניק סלמי פרח יחיעם 200 גרם,מעדני יחיעם (1993) בעמ,IL,סלמי פרח 200 גר,גרמים,200.00,100 גרם,false,,25.90,0.1295,true,1,1452908
7290006040619,false,גבינה טבורוג 5% במשקל,גבינות הכפר בעמ,IL,גבינת טובורג 5% מעדנ,קילוגרמים,1.00,"ק""ג",true,,22.00,22.0000,true,1,1474026
7290006041043,false,גבינה עם צימוקים במשקל,גבינות הכפר בעמ,IL,גבינה עם צימוקים,קילוגרמים,1.00,"ק""ג",true,,23.00,23.0000,true,1,1474027
7290006129345,false,אנטריקוט דק דק חלק 3,,,אנטריקוט דק דק,יח',1.00,יח',false,,33.90,33.9000,true,1,1468942
7290006133519,false,סינטה דק דק חלק 300,,,סינטה דק דק חלק 300,גרמים,300.00,100 גרם,false,,33.90,0.1130,true,1,1468952
7290006153432,false,כתף מרכזי קפוא,,,כתף מרכזי קפוא,קילוגרמים,1.00,"ק""ג",true,,37.90,37.9000,true,1,1468987
7290006161758,false,פילה מדומה קפוא,,,פילה מדומה קפוא,קילוגרמים,1.00,"ק""ג",true,,37.90,37.9000,true,1,1469011
7290006185198,false,"קרם לחות לשיער מתולתל 400 מ""ל פנינה רוזנבלום",פנינה רוזנבלום,,קרם לחות לשיער מתולת,מיליליטרים,400.00,"100 מ""ל",false,,15.90,0.0398,true,1,1453719
7290006185501,false,"פנינה רוזנבלום -אל סבון נוזלי ורוד,1 ליטר",פנינה רוזנבלום,IL,אל סבון נוזלי ורוד 1,ליטרים,1.00,ליטר,false,,8.90,8.9000,true,1,1453721
7290006185518,false,"פנינה רוזנבלום -אל סבון נוזלי כחול,1 ליטר",פנינה רוזנבלום,IL,אל סבון נוזלי כחול 1,ליטרים,1.00,ליטר,false,,8.90,8.9000,true,1,1453722
7290006199218,false,"שמיניית גלידל אייס מוקה ""פלדמן""",הגלידות של פלדמן,IL,"גלידל קפוצינו לל""ס 8",גרמים,400.00,100 גרם,false,,28.90,0.0722,true,1,1465941
7290006229427,false,סן בנדטו - מים מינרלים - מארז שישיית 500 מל,קריות זול,IT,"סן בנדטו 500 מ""ל שישייה",ליטרים,3.00,ליטר,false,,11.90,3.9667,true,1,1444405
7290006241511,false,"משקה לימונענע מרוכז קפוא פריגת 280 מ""ל",היינץ צפון אמריקה מק,IL,משקה לימונענע מרוכז,מיליליטרים,280.00,"100 מ""ל",false,,9.90,0.0354,true,1,1441740
7290006241689,false,"משקה לימונים מרוכז קפוא פריגת 280 מ""ל",היינץ צפון אמריקה מק,IL,משקה לימונים מרוכז ק,מיליליטרים,280.00,"100 מ""ל",false,,9.90,0.0354,true,1,1441742
7290006243713,false,בורקס גבינה שחף 800 גרם,שחף,,בורקס גבינה שחף 800,גרמים,800.00,100 גרם,false,,11.90,0.0149,true,1,1455083
7290006251107,false,תה צ'אי מסאלה ויסוצקי 25 יחידות,מולינו ניקולי s.p.a,IL,תה צ'אי מסאלה ויסוצק,גרמים,50.00,100 גרם,false,,17.50,0.3500,true,1,1451216
7290006251275,false,תה ירוק סיני קלאסי ויסוצקי 25 יחידות,תה ויסוצקי,IL,תה ירוק סיני קלאסי ו,גרמים,37.50,100 גרם,false,,22.90,0.6107,true,1,1451218
7290006251282,false,חליטת חמוציות הגן הקסום ויסוצקי 25 יחידות,תה ויסוצקי,IL,הגן הקסום תה חמוציות,יח',25.00,יח',false,,16.90,0.6760,true,1,1451219
7290006251343,false,חליטת פסיפלורה מנגו הגן הקסום ויסוצקי 25 יחידות,תה ויסוצקי,IL,הגן הקסום תה פסיפלור,יח',25.00,יח',false,,16.90,0.6760,true,1,1451220
7290006251374,false,תה ירוק לימונית וג'ינג'ר ויסוצקי 25 יחידות,תה ויסוצקי,IL,תה ירוק לימונית וג'י,יח',1.00,יח',false,,22.90,22.9000,true,1,1451221
7290006251589,false,תה ירוק עם עלי נענע 50 שקיקים ויסוצקי,בית ויסוצקי,IL,תה ירוק נענע ויסוצקי,גרמים,75.00,100 גרם,false,,39.90,0.5320,true,1,1451222
7290006256089,false,"יין אדום קברנה סוביניון גאטו נגרו 750 מ""ל",פינקה לה סליה,AR,יין אדום קברנה סובינ,מטרים,750.00,100 מ'ל,false,,35.90,0.0479,true,1,1462499
7290006256102,false,"יין אדום מרלו גאטו נגרו 750 מ""ל",פינקה לה סליה,AR,יין אדום מרלו גאטו נ,מטרים,750.00,100 מ'ל,false,,38.90,0.0519,true,1,1462500
7290006256775,false,"יין גאטו נגרו מלבק 750 מ""ל",פינקה לה סליה,AR,גאטו נגרו מלבק 750 מ,מטרים,750.00,100 מ'ל,false,,38.90,0.0519,true,1,1462501
7290006265500,false,פטריות שמפיניון ארוז מרינה,"מרינה פטריות הגליל בע""מ",IL,שמפניון ארוז מרינה,יח',1.00,יח',false,,8.90,8.9000,true,1,1456690
7290006271174,false,ג'חנון לאפיה בתנור מעדנות 700 גרם,מיוצר עי קונדיטוריית,IL,גחנון בצק 700גר מעדנות,גרמים,700.00,100 גרם,false,,16.90,0.0241,true,1,1443217
7290006271181,false,ג'חנון אפוי למיקרוגל מעדנות 750 גרם,מיוצר עי קונדיטוריית,IL,גחנון אפוי 750גר מעדנות,גרמים,750.00,100 גרם,false,,21.90,0.0292,true,1,1443218
7290006271648,false,מיני בורקס תפוחי אדמה מעדנות 800 גרם,"מעדנות בע""\מ",IL,"מיני בורקס תפו""א 800 גרם",גרמים,800.00,100 גרם,false,,19.90,0.0249,true,1,1443219
7290006272072,false,חטיפי פיצה גבינה מעדנות 650 גרם,"מעדנות בע""\מ",IL,חטיפי פיצה מעדנות 65,גרמים,650.00,100 גרם,false,,27.90,0.0429,true,1,1443222
7290006272430,false,בצק עלים חמאה מעדנות 600 גרם,מיוצר עי קונדיטוריית,IL,בצק עלים חמאה 600גר,גרמים,600.00,100 גרם,false,,27.90,0.0465,true,1,1443223
7290006342645,false,טורטיה גדולה שקדיה 840 גרם 12 יחידות,אלקטי קוראבייכיסיגיד,TR,טורטיות 12 יח 840 גר,גרמים,840.00,100 גרם,false,,14.90,0.0177,true,1,1473498
7290006374738,false,קונפיטורית תות 340 גר' יד מרדכי,אף.סי תבליני בגליל ב,IL,קונפיטורת תות 340 גר,גרמים,340.00,100 גרם,false,,10.90,0.0321,true,1,1445533
7290006376046,false,סוכר דמררה ארומתי בש,בשקביץ,IL,"סוכר דמררה שקית 1 ק""",יח',1.00,יח',false,,8.70,8.7000,true,1,1444573
7290006376053,false,"סוכר חום כהה בשקית 1 ק""ג",יושלם,,"סוכר חום 1 ק""ג פרימי",קילוגרמים,1.00,"לק""ג",false,,12.50,12.5000,true,1,1444574
7290006376336,false,ציפוי לשניצל בטעם מקסיקני 350 גרם,,,ציפוי לשניצל בטעם מק,גרמים,350.00,100 גרם,false,,10.90,0.0311,true,1,1444579
7290006376343,false,ציפוי לשניצל בטעם ים תיכוני 350ג' שקית,,,ציפוי לשניצל בטעם ים,גרמים,350.00,100 גרם,false,,10.90,0.0311,true,1,1444580
7290006376718,false,גלטין לעוגה פרימיום 24 יח,,,ג'לטין דגים קרטונית,גרמים,24.00,100 גרם,false,,8.90,0.3708,true,1,1471823
7290006429407,false,בייבי טעמן מחית בננה ותפוחי עץ 3 מארז 190X6ג',טעמן,IL,מחית בננה ותפוחי עץ,קילוגרמים,1.14,"ק""ג",false,,22.90,20.0877,true,1,1446038
7290006429506,false,חצאי אפרסקים 820 גרם טעמן,טעמן,IL,טעמן חצאי אפרסק 470,גרמים,470.00,100 גרם,false,,9.70,0.0206,true,1,1446039
7290006439512,false,פול גדול 750גרם (בד'ץ),בני ג'ורג' שוקחה חיפ,,פול גדול 750גרם (בד',גרמים,750.00,100 גרם,false,,12.70,0.0169,true,1,1471962
7290006492432,false,גבינת מוצרלה בייבי 18% גד 150 גרם,מחלבות גד בעמ,IL,גבינת מוצרלה בייבי 1,גרמים,150.00,100 גרם,false,,12.90,0.0860,true,1,1447310
7290006492616,false,גבינה בולגרית מעודנת פרוסות 5% גד 250 גרם,DSH עבור מחלבות גד ב,IL,גבינה בולגרית מעודנת,גרמים,250.00,100 גרם,false,,25.20,0.1008,true,1,1447311
7290006492630,false,גבינת פרומעז עיזים 22% גד 180 גרם,מחלבות גד בעמ,IL,גבינת פרומעז עיזים 2,גרמים,180.00,100 גרם,false,,17.90,0.0994,true,1,1447312
7290006492685,false,גבינת לאבנה עיזים 5% גד 250 גרם,מחלבות גד בעמ,IL,גבינת לאבנה עיזים 5%,גרמים,250.00,100 גרם,false,,15.90,0.0636,true,1,1447314
7290006492852,false,גבינת עיזים למריחה 5% שומן 250 ג' גד,קריות זול,IL,גבינת עיזים 5% גד 25,גרמים,250.00,100 גרם,false,,15.90,0.0636,true,1,1447315
7290006492913,false,גבינת לאבנה ציזיקי 5% מחלבות גד 250 גרם,מחלבות גד בעמ,IL,גבינת לאבנה ציזיקי 5,גרמים,250.00,100 גרם,false,,11.90,0.0476,true,1,1447316
7290006494597,false,מרמולייט סירופ בטעם תפוחים 1ליטר,זנלכל,IL,מרמולייט סירופ בטעם תפוחי,ליטרים,1.00,100 ליטר,false,,17.90,17.9000,true,1,1457924
7290006494917,false,טוסו וופל קלאסי במילוי שוקולד 200 גרם,"איטיליאן פוד, אס.פי.",IL,טוסו ופל קלאסי בטעם שוקול,גרמים,180.00,100 גרם,false,,7.90,0.0439,true,1,1457928
7290006498052,false,דנונה ביו יוגורט טבעי מהדרין 3% 150 ג',שטראוס גרופ,IL,דנונה 3% מהדרין 150מ,מטרים,150.00,100 מ'ל,false,,2.50,0.0167,true,1,1454562
7290006511157,false,"פטריות שלמות ויליפוד 400 גרם בד""ץ",אוקצ'מפס אס.איי אויי,PL,פטריות שמפיניון שלמו,גרמים,230.00,100 גרם,false,,7.70,0.0335,true,1,1450983
7290006511706,false,גבינת גאודה עם כמון,רובין הולנד,NL,*מבצע* גבינת גאודה ע,קילוגרמים,1.00,"ק""ג",true,,80.00,80.0000,true,1,1462886
7290006511904,false,גבינת אדם כדורים במשקל,ברגלנדמיל,NL,*מבצע* גבינת אדם כדו,קילוגרמים,1.00,"ק""ג",true,,55.00,55.0000,true,1,1462887
7290006618078,false,"מרסס לניקוי יסודי מטבח אסטוניש 750 מ""ל",יעקובי אסטוניש,GB,אסטוניש מרסס לניקוי,מיליליטרים,750.00,"100 מ""ל",false,,11.90,0.0159,true,1,1450569
7290006618085,false,"אסטוניש תרסיס ניקוי אמבטיה וכיורים יעקבי 750 מ""ל",יעקובי אסטוניש,GB,אסטוניש תרסיס ניקוי,מיליליטרים,750.00,"100 מ""ל",false,,11.90,0.0159,true,1,1450570
7290006618146,false,"מדליק פחמים נוזלי הפי יעקבי 500 מ""ל",תות תעשיות מזון (201,NL,הפי מדליק פחמים נוזל,מיליליטרים,500.00,"100 מ""ל",false,,13.90,0.0278,true,1,1450571
7290006644480,false,תפוזינה תפוזים 0.5 ליטר,יפאורה שותפות מובגלת לשיווק,IL,תפוזינה תפוזים 0.5 ל,מיליליטרים,500.00,"100 מ""ל",false,,4.80,0.0096,true,1,1447430
7290006644510,false,"מיץ ענבים 500 מ""ל תפוזינה",יפאורה שותפות מובגלת לשיווק,IL,תפוזינה ענבים 0.5 לי,מיליליטרים,500.00,"100 מ""ל",false,,4.80,0.0096,true,1,1447431
7290006644527,false,תפוזינה תות בננה 0.5 ליטר,יפאורה שותפות מובגלת לשיווק,IL,תפוזינה תות בננה 0.5,מיליליטרים,500.00,"100 מ""ל",false,,4.80,0.0096,true,1,1447432
7290006652027,false,במבה חטיף בוטנים אסם 20*15 גרם,מיוצר עי קונדיטוריית,IL,במבה חטיף בוטנים אסם,גרמים,300.00,100 גרם,false,,23.90,0.0797,true,1,1446482
7290006653819,false,פתיתי קוסקוס דק 350 גרם,"מיוצר ע""י קוד יצרן K",IL,קוסקוס דק אסם 350 גר,גרמים,350.00,100 גרם,false,,7.50,0.0214,true,1,1446484
7290006660596,false,קמח עדשים אדומות ללא גלוטן 500 גרם,אף.סי תבליני בגליל ב,IL,קמח עדשים אדומות,גרמים,500.00,100 גרם,false,,17.80,0.0356,true,1,1441454
7290006660640,false,קמח טף דגש 500 גרם,נטורפוד,IL,קמח טף 500 גר,גרמים,500.00,100 גרם,false,,24.90,0.0498,true,1,1441456
7290006664051,false,"אקטימל לבן 1.51 ק""ג מארז 14 יחידות",מיוצר עי קונדיטוריית,IL,יוגורט אקטימל 14*100,ליטרים,1.40,ליטר,false,,28.90,20.6429,true,1,1454564
7290006664402,false,גבינה לבנה סקי 5% שומן 750 גרם,מיוצר עי קונדיטוריית,IL,גבינה לבנה סקי 5% שו,גרמים,750.00,100 גרם,false,,12.90,0.0172,true,1,1454566
7290006664532,false,יוגורט עם תות 3% שומן 150 ג' דנונה,מיוצר עי קונדיטוריית,IL,יוגורט דנונה תות 3%,מיליליטרים,150.00,"100 מ""ל",false,,3.50,0.0233,true,1,1454567
7290006664655,false,"אקטימל לבן טבעי מארז 100X8 מ""ל",מיוצר עי קונדיטוריית,IL,יוגורט אקטימל 8*100,מיליליטרים,800.00,"100 מ""ל",false,,19.90,0.0249,true,1,1454568
7290006664990,false,"יוגורט דנונה ביו לבן 1.7% שומן 8*150 מ""ל",מיוצר עי קונדיטוריית,IL,יוגורט דנונה ביו לבן,ליטרים,1.20,ליטר,false,,15.80,13.1667,true,1,1454570
7290006681003,false,גלידה תות לימון סורבה 1.33 ל' קרמיסימו,"גלידת שטראוס בע""\מ, רחוב",IL,קרמיסימו תות לימון ס,ליטרים,1.33,ליטר,false,,17.90,13.4586,true,1,1453600
7290006681553,false,קרמבו בטעם וניל שטראוס 8 יחידות,"גלידת שטראוס בע""\מ",IL,קרמבו בטעם וניל שטרא,יח',1.00,יח',false,,12.90,12.9000,true,1,1453603
7290006681560,false,קרמבו בטעם מוקה שטראוס 8 יחידות,"גלידת שטראוס בע""\מ",IL,קרמבו בטעם מוקה שטרא,יח',1.00,יח',false,,12.90,12.9000,true,1,1453604
7290006712981,false,"משחת שיניים קולגייט ספיידרמן מגיל שש 50 מ""ל",הנסיך- מפעל לייצור ט,PL,משחת שיניים לילדים ב,גרמים,50.00,100 גרם,false,,11.90,0.2380,true,1,1444862
7290006714381,false,טחון עוף 500 גר,מעדני הטלה והעגל,,טחון עוף 500גר,גרמים,500.00,100 גרם,false,,12.90,0.0258,true,1,1462573
7290006714398,false,טחון הודו 500 גר,לאטי עזרא,,טחון הודו 500גר,גרמים,500.00,100 גרם,false,,12.90,0.0258,true,1,1462574
7290006737878,false,מארז קרטונייה סביבון/נר חנוכה,,,מארז לחנוכה,יח',1.00,יח',false,,6.90,6.9000,true,1,1452234
7290006739124,false,בצק עלים פילאס 500ג' זוגלובק,זוגלובק,IL,בצק פילאס 500גר זוגל,גרמים,500.00,100 גרם,false,,11.90,0.0238,true,1,1461734
7290006739131,false,בצק גולמי פילו זוגלובק 500ג',מאפיית אריאל,IL,בצק פילו 500גר זוגלו,גרמים,500.00,100 גרם,false,,11.90,0.0238,true,1,1461735
7290006739292,false,נקניק פסטרמה פרגיות ציפוי תירס,נקניק נהריה כשר זוגל,IL,פסטרמה תבור 2% זוגלו,גרמים,330.00,100 גרם,false,,25.90,0.0785,true,1,1461737
7290006739346,false,נקניקיות פרגיות טרי 400 גרם זוגלובק,נקניק נהריה כשר זוגל,IL,נקניקיות פרגיות זוגל,גרמים,400.00,100 גרם,false,,13.90,0.0348,true,1,1461738
7290006739407,false,שניצל תירס לייט זוגלובק 600 גרם,נקניק נהריה כשר זוגל,IL,שניצל תירס לייט זוגל,גרמים,600.00,100 גרם,false,,21.90,0.0365,true,1,1461740
7290006739414,false,נקניק סלמי קוניאק זוגלובק 300 גרם,נקניק נהריה כשר זוגל,IL,נקניק סלמי קוניאק זו,גרמים,300.00,100 גרם,false,,24.90,0.0830,true,1,1461741
7290006739421,false,נקניק סלמי מעושן איטלקי זוגלובק 300 גרם,נקניק נהריה כשר זוגל,IL,נקניק סלמי מעושן איט,גרמים,300.00,100 גרם,false,,24.90,0.0830,true,1,1461742
7290006739445,false,שניצל תירס קלאסי 750 ג' זוגלובק,נקניק נהריה כשר זוגל,IL,שניצל תירס קלאסי 750,גרמים,750.00,100 גרם,false,,21.90,0.0292,true,1,1461743
7290006739544,false,נקניק כתף בקר 3% 300 גרם,זוגלובק,IL,נקניק כתף בקר 3% 300,גרמים,300.00,100 גרם,false,,25.90,0.0863,true,1,1461744
7290006741363,false,בורקס תפוחי אדמה זוגלובק 800 גרם,מאפיית אריאל וגידרון,IL,בורקס תפוחי אדמה זוג,גרמים,800.00,100 גרם,false,,13.90,0.0174,true,1,1461747
7290006742278,false,פסטרמה הודו צלויה על לבנים 330 ג' זוגלובק,נקניק נהריה כשר זוגל,IL,פסטרמה צלויה על לבני,גרמים,330.00,100 גרם,false,,25.90,0.0785,true,1,1461751
7290006742292,false,פסטרמה הודו בדבש 330 ג' זוגלובק,נקניק נהריה כשר זוגל,IL,פסטרמה בדבש 2% זוגלו,גרמים,330.00,100 גרם,false,,25.90,0.0785,true,1,1461752
7290006742315,false,פסטרמה חזה הודו ברביקיו 2% זוגלובק 330 גרם,נקניק נהריה כשר זוגל,IL,פסטרמה חזה הודו ברבי,גרמים,330.00,100 גרם,false,,25.90,0.0785,true,1,1461754
7290006753915,false,מיני מרגז חריפות 500 גרם,מעדני הטלה והעגל,IL,מיני מרגז חריפות 500,גרמים,500.00,100 גרם,false,,28.90,0.0578,true,1,1462576
7290006764058,false,"נשר בירה לבנה נשר בקבוק חוזר 500 מ""ל","טמפו משקאות בע""\מt\",IL,נשר לבן חוזר 500 בקבוק 20,מיליליטרים,500.00,"100 מ""ל",false,,5.00,0.0100,true,1,1444406
7290006764072,false,"בירה גולדסטאר בקבוק 500 מ""ל חוזר","טמפו משקאות בע""\מ",IL,גולדסטאר חוזר 500 בקבוק 2,מיליליטרים,500.00,"100 מ""ל",false,,6.90,0.0138,true,1,1444407
7290006764096,false,"בירה איגל 500 מ""ל 3.8% בקבוק חוזר","טמפו משקאות בע""\מ",IL,גולדסטאר חוזר 500 בקבוק 2,מיליליטרים,500.00,"100 מ""ל",false,,5.80,0.0116,true,1,1444408
7290006764157,false,"בירה גולדסטאר Unfiltered, בירה לא מסוננת, בקבוק חוזר 500 מ""ל",פארייפאבה אגרואינדוס,IL,בירה גולדסטאר לא מסו,מיליליטרים,500.00,"100 מ""ל",false,,8.80,0.0176,true,1,1444412
7290006764485,false,"בירה שחורה נשר מאלט שישייה ח""פ 330*6 מ''ל","טמפו משקאות בע""\ם.",IL,"נשר מאלט ח""פ 330 בקבוק מש",ליטרים,1.98,ליטר,false,,26.90,13.5859,true,1,1444415
7290006765000,false,טורטיה מקמח מלא שקדיה 540 גרם,אלקטי קוראבייכיסיגיד,TR,טורטיה 12 יח קמח מלא,גרמים,540.00,100 גרם,false,,9.90,0.0183,true,1,1473499
7290006784322,false,ספריי לניקוי והברקת משטחי נירוסטה סנט מו,קומפלקס כימיקלים,IL,ספריי לניקוי והברקת,מיליליטרים,400.00,"100 מ""ל",false,,15.90,0.0398,true,1,1453541
7290006784339,false,"תרסיס לניקוי רהיט סנט מוריץ 300 מ""ל",קומפלקס כימיקלים,IL,תרסיס לניקוי רהיט סנ,מיליליטרים,300.00,"100 מ""ל",false,,9.90,0.0330,true,1,1453542
7290006784414,false,"PURE מבשם כביסה בניחוח מלון ספא 500 מ""ל",קומפלקס כימיקלים,TR,מבשם כביסה מלון ספא,מטרים,500.00,100 מ'ל,false,,9.90,0.0198,true,1,1453546
7290006784650,false,מסיר אבנית מתז 750 מל רמי לוי,,,מסיר אבנית מתז 750 מ,מיליליטרים,750.00,"100 מ""ל",false,,8.30,0.0111,true,1,1461636
7290006784674,false,נוזל כלים רמי לוי ור,,,נוזל כלים רמי לוי ור,מיליליטרים,750.00,"100 מ""ל",false,,5.90,0.0079,true,1,1461638
7290006784681,false,נוזל כלים רמי לוי אוקיינוס 750 מל,,,נוזל כלים רמי לוי או,מיליליטרים,750.00,"100 מ""ל",false,,5.90,0.0079,true,1,1461639
7290006784711,false,נוזל כלים צהוב לימון 750 מל רמילוי,,,נוזל כלים צהוב לימון,מיליליטרים,750.00,"100 מ""ל",false,,5.90,0.0079,true,1,1461642
7290006784728,false,נוזל כלים ירוק למון ליים 750 מל רמי לוי,,,נוזל כלים ירוק למון,מיליליטרים,750.00,"100 מ""ל",false,,5.90,0.0079,true,1,1461643
7290006784735,false,נוזל כלים פרחי אביב 750 מל רמילוי,,,נוזל כלים פרחי אביב,מיליליטרים,750.00,"100 מ""ל",false,,5.90,0.0079,true,1,1461644
7290006784766,false,נוזל חלונות 1ליטר רמי לוי,,,נוזל חלונות 1ליטר רמ,ליטרים,1.00,ליטר,false,,4.90,4.9000,true,1,1461647
7290006784797,false,נוזל לניקוי כלים 4 ליטר,,,נוזל לניקוי כלים 4 ל,ליטרים,4.00,ליטר,false,,22.50,5.6250,true,1,1461648
7290006784858,false,"ג""ל לניקוי אסלה 750 מל",,,"ג""ל לניקוי אסלה 750",מיליליטרים,750.00,"100 מ""ל",false,,6.20,0.0083,true,1,1461654
7290006784865,false,סנט מוריץ לניקוי משטחי מטבחים מרוכז ועוצמתי 1ל',קומפלקס כימיקלים בעמ,IL,סנט מוריץ מרסס מטבחי,100 מל,1000.00,100 מל,false,,9.90,0.0099,true,1,1453554
7290006784971,false,אקונומיקה סופר מבושמת 4לי רמילוי,,,אקונומיקה סופר מבושמ,יח',1.00,יח',false,,7.90,7.9000,true,1,1461659
7290006784995,false,תרסיס אקונומיקה בריח לבנדר 1לי,,,תרסיס אקונומיקה בריח,יח',1.00,יח',false,,9.90,9.9000,true,1,1461661
7290006788399,false,"דאו רול און נושם סנסיטיב ירוק קרליין 75 מ""ל",אמיליה קוסמטיקס בעמ,IL,דאודורנט קרליין רול,גרמים,75.00,100 גרם,false,,10.90,0.1453,true,1,1448782
7290006788405,false,"קרליין - נושם אקטיב דאודורנט רול און לאישה ברודו 75 מ""ל",מיוצר עי : אמיליה קוסמטי,IL,דאודורנט קרליין רול,גרמים,75.00,100 גרם,false,,10.90,0.1453,true,1,1448783
7290006788412,false,"קרליין - נושם אקווה דאודורנט רול און לאישה כחול 75 מ""ל",אמיליה קוסמטיקס בעמ,IL,דאודורנט קרליין רול,גרמים,50.00,100 גרם,false,,10.90,0.2180,true,1,1448784
7290006788429,false,"קרליין - נושם סאן רייס דאודורנט רול און לאישה כתום 75 מ""ל","אמיליה קוסמטיקס בע""מ",IL,דאודורנט קרליין רול,גרמים,75.00,100 גרם,false,,10.90,0.1453,true,1,1448785
7290006788436,false,"קרליין - נושם פיור דאודורנט רול און לאישה ורוד 75 מ""ל",משווק: קוסמופארם בעמ,IL,דאודורנט קרליין רול,גרמים,75.00,100 גרם,false,,10.90,0.1453,true,1,1448786
7290006788443,false,"קרליין - נושם אוקסיג'ן דאודורנט רול און לאישה סגול 75 מ""ל","אמיליה קוסמטיקס בע""מ",IL,דאודורנט קרליין רול,גרמים,75.00,100 גרם,false,,10.90,0.1453,true,1,1448787
7290006788467,false,"קרליין - נושם אקטיב דאודורנט ספריי לאישה בורדו 200 מ""ל",מיוצר עי : אמיליה קוסמטי,IL,דאודורנט קרליין ספרי,מיליליטרים,200.00,"100 מ""ל",false,,10.90,0.0545,true,1,1448789
7290006788474,false,"קרליין - נושם אקווה דאודורנט ספריי לאישה כחול 200 מ""ל",אמיליה קוסמטיקס,IL,דאודורנט קרליין ספרי,גרמים,75.00,100 גרם,false,,10.90,0.1453,true,1,1448790
7290006788481,false,"קרליין - נושם סאן רייס דאודורנט ספריי לאישה כתום 200 מ""ל",מיוצר עי : אמיליה קוסמטי,IL,דאודורנט קרליין ספרי,מיליליטרים,200.00,"100 מ""ל",false,,10.90,0.0545,true,1,1448791
7290006788498,false,"קרליין - נושם פיור דאודורנט ספריי לאישה ורוד 200 מ""ל",מיוצר עי : אמיליה קוסמטי,IL,דאודורנט קרליין ספרי,מיליליטרים,200.00,"100 מ""ל",false,,10.90,0.0545,true,1,1448792
7290006788504,false,"קרליין - נושם אוקסיג'ן דאודורנט ספריי לאישה סגול 200 מ""ל",מיוצר עי : אמיליה קוסמטי,IL,דאודורנט קרליין ספרי,מיליליטרים,200.00,"100 מ""ל",false,,10.90,0.0545,true,1,1448793
7290006788559,false,"טיטניום ICE דאודורנט תרסיס ספריי 180 מ""ל",אמיליה קוסמטיקס בעמ,IL,דאו ספריי טיטניום 18,מיליליטרים,180.00,"100 מ""ל",false,,14.90,0.0828,true,1,1448794
7290006789617,false,"קרם לחות לתלתול טבעי לשיער גלי עד מתולתל 10 קרליין 400 מ""ל",מיוצר עי : אמיליה קוסמטי,IL,קרם לחות לתלתול טבעי,מיליליטרים,400.00,"100 מ""ל",false,,16.90,0.0422,true,1,1448797
7290006789631,false,קרליין קרם לחות לשיער רגיל 400 גרם,מיוצר עי : אמיליה קוסמטי,IL,קרם לחות 10 לשיער רג,מיליליטרים,400.00,"100 מ""ל",false,,16.90,0.0422,true,1,1448799
7290006804051,false,בורקס גבינה פילסברי,פילסברי,,בורקס גבינה פילסברי,קילוגרמים,1.00,"ק""ג",true,,42.00,42.0000,true,1,1442127
7290006804068,false,"מאפיה - בורקס תפו""א",פילסברי,,בורקס תפוח אדמה,קילוגרמים,1.00,"ק""ג",true,,42.00,42.0000,true,1,1442128
7290006804143,false,רוגלעך פילסברי,פילסברי,,רוגלעך פילסברי,קילוגרמים,1.00,"ק""ג",true,,42.00,42.0000,true,1,1442134
7290006805850,false,פילסברי פנקייק תערובת להכנת חביתיות,הדקלאים אגודת שיתופי,IL,תערובת להכנת פנקייק,גרמים,500.00,100 גרם,false,,15.90,0.0318,true,1,1451922
7290006805881,false,בייגל ירושלמי וינואז,פילסברי,,חלת בגט,יח',1.00,יח',false,,7.90,7.9000,true,1,1442150
7290006806963,false,חלה מתוקה קלועה אפויה-קפואה,פילסברי,,חלה מתוקה קלועה אפוי,יח',1.00,יח',false,,12.40,12.4000,true,1,1442159
7290006822192,false,נקטר דיאט חמוציות אושן ספריי פריגת 1 ליטר,מבשלות בירה בינלאומיות ב,IL,נקטר דיאט חמוציות או,ליטרים,1.00,ליטר,false,,11.00,11.0000,true,1,1442383
7290006855190,false,חטיף תמרים ואגוזי מלך עם בננה ללא תוספת סוכר,טבעית מוצרים מן הטבע בעמ,IL,ברבריא תמר אגוז מלך,גרמים,120.00,100 גרם,false,,14.90,0.1242,true,1,1444864
7290006855206,false,חטיף בר שזיפים קוקוס ואוכמניות מארז 120 גרם,טבעית מוצרים מן הטבע,IL,חטיף בר שזיפים קוקוס,גרמים,120.00,100 גרם,false,,14.90,0.1242,true,1,1444865
7290006855244,false,ברבריא חטיף שקדים צימוקים ודבש 120 גרם,טבעית מוצרים מן הטבע בעמ,IL,חטיף בר אגוזים שקדים,גרמים,120.00,100 גרם,false,,14.90,0.1242,true,1,1444866
7290006855251,false,ברבריא חטיף קשיו חמוציות וסילאן 120 גרם,טבעית מוצרים מן הטבע בעמ,IL,חטיף בר קשיו אגוזי מ,גרמים,120.00,100 גרם,false,,14.90,0.1242,true,1,1444867
7290006866967,false,נקטר חמוציות פרימור 1 ליטר,סטאר סנקס,IL,נקטר חמוציות 1ליטר בבקבוק,ליטרים,1.00,ליטר,false,,8.80,8.8000,true,1,1441354
7290006920843,false,"תחליפי גבינ""צ מוצרלה פרוס 350 גר'",צי תעשיות מזון יבנה,IL,מוצרלה פרוס 350 גר,גרמים,350.00,100 גרם,false,,13.90,0.0397,true,1,1474047
7290006920911,false,הולנדית פרוס 350ג' כפיר,צי תעשיות מזון יבנה,IL,הולנדי פרוס 350גר,גרמים,350.00,100 גרם,false,,13.90,0.0397,true,1,1474048
7290006920935,false,פיקנטית פרוס 350ג' כפיר,צי תעשיות מזון יבנה,IL,חריפה פרוס 350גר,גרמים,350.00,100 גרם,false,,13.90,0.0397,true,1,1474049
7290006983152,false,קרוטונים מתובלים למרק אסם 400 גרם,עינת תעשיות מזון אגו,IL,קרוטונים מתובלים למר,גרמים,400.00,100 גרם,false,,17.90,0.0447,true,1,1446488
7290006983527,false,עוגת הבית תפוחי עץ עם פירורים 400 ג' אסם,מיוצר עי קונדיטוריית,IL,עוגת הבית תפוחי עץ ו,גרמים,400.00,100 גרם,false,,14.90,0.0373,true,1,1446491
7290006983763,false,עוגת הבית שוקולד 400 גרם אסם.,מיוצר עי קונדיטוריית,IL,עוגת הבית שוקולד אסם,גרמים,400.00,100 גרם,false,,10.90,0.0273,true,1,1446492
7290006983770,false,עוגת הבית שיש אסם 400 גרם,מיוצר עי קונדיטוריית,IL,עוגת הבית שיש אסם 40,גרמים,400.00,100 גרם,false,,10.90,0.0273,true,1,1446493
7290006983787,false,עוגת הבית שוקולד צ'יפס אסם 400 גרם,מיוצר עי קונדיטוריית,IL,עוגת הבית שוקולד צ'י,גרמים,400.00,100 גרם,false,,10.90,0.0273,true,1,1446494
7290006983794,false,עוגת הבית בטעם תפוז אסם 400 גרם,מיוצר עי קונדיטוריית,IL,עוגת הבית בטעם תפוז,גרמים,400.00,100 גרם,false,,10.90,0.0273,true,1,1446495
7290006992161,false,מטרנה - דייסת קורנפלור פרוביוטי 200 גרם,מולינו ניקולי s.p.a,IL,מטרנה דייסת קורנפלור,גרמים,200.00,100 גרם,false,,12.90,0.0645,true,1,1446496
7290006992185,false,"מטרנה - דייסת אורז פרוביוטי כשל""פ 200 גרם",מולינו ניקולי s.p.a,IL,מטרנה דייסת אורז 200,גרמים,200.00,100 גרם,false,,12.90,0.0645,true,1,1446497
7290006992192,false,דייסה מטרנה סולת פרוביוטיקה,מטרנה תעשיות ש.מ,IL,מטרנה דייסת סולת 200,גרמים,200.00,100 גרם,false,,12.90,0.0645,true,1,1446498
7290006992208,false,מטרנה דייסת 8 דגנים מעורבים 200 גרם,מטרנה תעשיות ש.מ,IL,מטרנה דייסת 8 דגנים,גרמים,200.00,100 גרם,false,,12.90,0.0645,true,1,1446499
7290006992390,false,"מטרנה - דייסת וניל פרוביוטי כשל""פ 200 גרם",מולינו ניקולי s.p.a,IL,מטרנה דייסת וניל 200,גרמים,200.00,100 גרם,false,,12.90,0.0645,true,1,1446500
7290008000246,false,"פמינה - שטיפה אינטימית מועשר באלוורה 220 מ""ל",פמינה,IL,שטיפה אינטימית אלוור,מיליליטרים,220.00,"100 מ""ל",false,,23.90,0.1086,true,1,1455776
7290008000796,false,"סופרמן משחת שיניים לילדים בטעם פירות כצט 50 מ""ל",כצט נוביס,IL,משחת שיניים סופרמן,מטרים,50.00,100 מ'ל,false,,10.90,0.2180,true,1,1455780
7290008000826,false,"משחת שיניים לילדים בטעם פירות לגילאים 2-6 כצט 50 מ""ל",כצט נוביס,IL,"משחת שיניים ברבי 50 מ""ל",יח',1.00,יח',false,,10.90,10.9000,true,1,1455781
7290008101660,false,תבלין לפיצה רמילוי,,,תבלין לפיצה רמילוי,יח',1.00,יח',false,,5.90,5.9000,true,1,1461050
7290008101691,false,צ'ילי גרוס 80ג רמילוי,,,צ'ילי גרוס 80ג רמילו,גרמים,80.00,100 גרם,false,,8.60,0.1075,true,1,1461053
7290008101721,false,תבלין על האש 100ג רמילוי,,,תבלין על האש 100ג רמ,גרמים,100.00,100 גרם,false,,8.60,0.0860,true,1,1461056
7290008101738,false,תערובת חווג' למרק 100ג רמילוי,,,תערובת חווג' למרק 10,גרמים,100.00,100 גרם,false,,8.60,0.0860,true,1,1461057
7290008101776,false,קארי 100ג רמילוי,,,קארי 100ג רמילוי,גרמים,100.00,100 גרם,false,,8.60,0.0860,true,1,1461060
7290008101783,false,זעתר ושומשום שקית 80ג רמילוי,,,זעתר ושומשום שקית 80,גרמים,80.00,100 גרם,false,,4.90,0.0613,true,1,1461061
7290008101790,false,אורגנו שקית רמילוי,,,אורגנו שקית רמילוי,יח',1.00,יח',false,,4.90,4.9000,true,1,1461062
7290008101806,false,שום גבישי בשקית רמילוי,,,שום גבישי בשקית רמיל,יח',1.00,יח',false,,4.90,4.9000,true,1,1461063
7290008101813,false,פפריקה חריפה שקית 80גר רמילוי,,,פפריקה חריפה שקית 80,גרמים,80.00,100 גרם,false,,4.90,0.0613,true,1,1461064
7290008102087,false,סירופ מייפל 700מל רמי לוי,,,סירופ מייפל 700מל רמ,מטרים,700.00,100 מ'ל,false,,9.90,0.0141,true,1,1461065
7290008102094,false,סירופ שוקולד 700מל רמי לוי,,,סירופ שוקולד 700מל ר,מטרים,700.00,100 מ'ל,false,,9.90,0.0141,true,1,1461066
7290008102896,false,אבקת אפייה עשירייה רמילוי,,,אבקת אפייה עשירייה ר,יח',1.00,יח',false,,1.60,1.6000,true,1,1461067
7290008102902,false,סוכר וניל עשירייה רמילוי,,,סוכר וניל עשירייה רמ,יח',1.00,יח',false,,1.90,1.9000,true,1,1461068
7290008102919,false,אבקת סוכר 100 גר רמילוי,,,אבקת סוכר 100 גר רמי,יח',1.00,יח',false,,1.80,1.8000,true,1,1461069
7290008102957,false,שומשום 500גר רמילוי,,,שומשום 500גר רמילוי,גרמים,500.00,100 גרם,false,,12.90,0.0258,true,1,1461072
7290008104050,false,"שטיפת אינטימית לקטופיל פמינה 220 מ""ל",כצט נוביס סעמ,IL,שטיפת אינטימית לקטופ,מיליליטרים,220.00,"100 מ""ל",false,,21.90,0.0995,true,1,1455783
7290008154222,false,שניצלונים עוף טוב 700 גרם,"מוצרי עוף טוב (2001) בע""",IL,שניצלונים בציפוי מעו,גרמים,700.00,100 גרם,false,,13.90,0.0199,true,1,1446501
7290008175814,false,וילי פוד פטריות שמפיניון חתוך בדץ 400ג,"אוקצ'מפ אס, איי אויי",PL,פטריות חתוכות וילי פ,גרמים,230.00,100 גרם,false,,4.80,0.0209,true,1,1457233
7290008190633,false,לקקן כרמית בטעם תות,כרמית,TR,לקקן תות 110 יחידות,גרמים,990.00,100 גרם,false,,26.90,0.0272,true,1,1453188
7290008190909,false,עוגיות מיני קוקיס שוקולד צ'יפס בצנצנת כרמית 600 גרם,כרמית תעשיות ממתקים,IL,עוגיות מיני קוקיס שו,גרמים,600.00,100 גרם,false,,15.90,0.0265,true,1,1453191
7290008202046,false,כתף טרי,,,כתף טרי,קילוגרמים,1.00,"ק""ג",true,,64.90,64.9000,true,1,1470711
7290008202060,false,פילה מדומה טרי,,,פילה מדומה טרי,קילוגרמים,1.00,"ק""ג",true,,79.90,79.9000,true,1,1470713
7290008202213,false,פילה אמנון קפוא עם ע,,,פילה אמנון קפוא עם ע,קילוגרמים,1.00,"ק""ג",true,,22.90,22.9000,true,1,1470664
7290008202367,false,נתחי פילה סלמון קפוא,,,נתחי פילה סלמון קפוא,קילוגרמים,1.00,"ק""ג",true,,69.90,69.9000,true,1,1470665
7290008202602,false,רצועות להקפצה פרימיו,,,רצועות להקפצה פרימיו,קילוגרמים,1.00,"ק""ג",true,,79.90,79.9000,true,1,1470724
7290008202695,false,עצמות בקר,,,עצמות בקר,קילוגרמים,1.00,"ק""ג",true,,19.90,19.9000,true,1,1470725
7290008202732,false,דנוור סטייק אנטריקוט,,,דנוור סטייק אנטריקוט,קילוגרמים,1.00,"ק""ג",true,,99.90,99.9000,true,1,1470727
7290008202862,false,שניצל עגל פרמיום,,,שניצל עגל פרמיום,קילוגרמים,1.00,"ק""ג",true,,79.90,79.9000,true,1,1470729
7290008202923,false,פילה סלמון קפוא עם ע,,,פילה סלמון קפוא עם ע,קילוגרמים,1.00,"ק""ג",true,,64.90,64.9000,true,1,1470666
7290008259521,false,בוטני חטיף בוטנים 80ג רמילוי,,,בוטני חטיף בוטנים 80,יח',1.00,יח',false,,2.90,2.9000,true,1,1458709
7290008259538,false,בוטני חטיף בוטנים 25*10 רמי לוי,,,בוטני חטיף בוטנים 25,גרמים,250.00,100 גרם,false,,8.90,0.0356,true,1,1458710
7290008263054,false,ספגטי מלא אורגני הרדוף 500 גרם,פסטיפיסוי פליצ'טי,IT,ספגטי מלא אורגני הרד,גרמים,500.00,100 גרם,false,,10.70,0.0214,true,1,1471421
7290008263498,false,הרדוף פסטה פוסילי מקמח לבן 500 גרם,פסטיפיסוי פליצ'טי,IT,הרדוף פסטה פוסילי מק,גרמים,500.00,100 גרם,false,,10.70,0.0214,true,1,1471423
7290008263641,false,קוואקר עדין אורגני 500 גרם - הרדוף,אול אורגני,IL,'קוואקר עדין אורגני,גרמים,500.00,100 גרם,false,,10.90,0.0218,true,1,1471427
7290008333115,false,אבקת ג'לטין טהור נטו 28 גרם,מאיר עזרא ובניו,IL,אבקת גלטין טהור נטו,יח',1.00,יח',false,,9.50,9.5000,true,1,1450214
7290008344258,false,המבורגר מזרחי טיבון ויל 400 גרם,"טיבון ויל אחזקות בע""\מ",IL,המבורגר מזרחי טיבון,גרמים,400.00,100 גרם,false,,20.90,0.0522,true,1,1450227
7290008344272,false,המבורגר 100% טיבון ויל 400 גרם,טיבון ויל אחזקות בעמ,IL,המבורגר 100% טיבון ו,גרמים,400.00,100 גרם,false,,17.90,0.0447,true,1,1450228
7290008347211,false,אצבעות דג מצופות דלידג 700 גרם,אף.סי תבליני בגליל ב,IL,אצבעות דג מצופות דלי,גרמים,700.00,100 גרם,false,,19.90,0.0284,true,1,1450233
7290008409049,false,שניצלונים בציפוי שומשום מיני מיני דק מאמא עוף 500 גרם,תנובה גליל שותפות מוגבלת,IL,מיני שניצלונים בציפו,גרמים,500.00,100 גרם,false,,24.90,0.0498,true,1,1443225
7290008409100,false,אצבעות שניצל בציפוי שומשום מאמא עוף 700 גרם,תנובה גליל שותפות מוגבלת,IL,אצבעות שניצל בציפוי,גרמים,700.00,100 גרם,false,,29.90,0.0427,true,1,1443227
7290008409124,false,מאמא עוף קפוא שניצל ג'ונגל פריך 700 גרם,תנובה גליל שותפות מוגבלת,IL,שניצל גונג'ל מאמא עו,גרמים,700.00,100 גרם,false,,29.90,0.0427,true,1,1443228
7290008409216,false,מאמא עוף קפוא שניצל דק פריך 700 גרם,תנובה גליל,IL,שניצל דק דק פריך מאמ,גרמים,700.00,100 גרם,false,,39.90,0.0570,true,1,1443229
7290008409223,false,שניצל דק דק מתובל מאמא עוף 700 גרם,תנובה גליל שותפות מוגבלת,IL,שניצל דק דק מתובל מא,גרמים,700.00,100 גרם,false,,39.90,0.0570,true,1,1443230
7290008409315,false,שניצלונים בציפוי פריך מיני מיני דק מאמא עוף 500 גרם,תנובה גליל,IL,מיני שניצלונים בציפו,גרמים,500.00,100 גרם,false,,24.90,0.0498,true,1,1443231
7290008409407,false,שניצל דק צ'יפס מאמא עוף 700 גרם,תנובה גליל שותפות מוגבלת,IL,מאמא עוף שניצל דק צי,גרמים,700.00,100 גרם,false,,39.90,0.0570,true,1,1443232
7290008409551,false,שניצל עוף אמיתי בציפוי מעודן 700 ג' מאמא עוף,תנובה גליל שותפות מוגבלת,IL,שניצל עוף בציפוי מעו,גרמים,700.00,100 גרם,false,,29.90,0.0427,true,1,1443234
7290008415071,false,צבר חומוס עם טחינה עגול 150 גרם,סלטי צבר,IL,סלט חומוס עם טחינה צ,גרמים,150.00,100 גרם,false,,4.90,0.0327,true,1,1446502
7290008415514,false,צבר חומוס עם חריף עגול 150 גרם,סלטי צבר,IL,סלט חומוס חריף צבר 1,גרמים,150.00,100 גרם,false,,4.90,0.0327,true,1,1446503
7290008427500,false,משחת כלים בריח לימון 3.5 קג,,,משחת כלים בריח לימון,יח',1.00,יח',false,,22.90,22.9000,true,1,1464213
7290008443616,false,"מרכך לשיער יבש אדום נקה 7 750 מ""ל","אמיליה קוסמטיקס בע""מ",IL,מרכך לשיער יבש נקה 7,מיליליטרים,750.00,"100 מ""ל",false,,9.90,0.0132,true,1,1448803
7290008443630,false,"שמפו לשיער מתולתל סגול נקה 7 750 מ""ל",אמיליה קוסמטיקס בע'\'\מ,IL,שמפו לשיער מתולתל נק,מיליליטרים,750.00,"100 מ""ל",false,,9.90,0.0132,true,1,1448804
7290008443647,false,"מרכך לשיער מתולתל סגול, 750 מ""ל נקה 7","אמיליה קוסמטיקס בע""מ",IL,מרכך לשיער מתולתל נק,מיליליטרים,750.00,"100 מ""ל",false,,9.90,0.0132,true,1,1448805
7290008461221,false,סרדינים רוברט בשמן חמניות 115 גרם,"רמירז, מטוסינוס",PT,סרדינים בשמן חמניות,גרמים,84.00,100 גרם,false,,6.90,0.0821,true,1,1474098
7290008461283,false,גבינת טריפל צ'דר חצי קשה הגבינות של נני 200 גרם,דאוליי צ'סמייקרס,GB,*מבצע* צ'דר טריפל 20,גרמים,200.00,100 גרם,false,,19.90,0.0995,true,1,1474100
7290008462204,false,חרדל דיז'ון מקורי נטו מאי 380 גרם,יוניליבר צרפת,FR,חרדל דיז'ון מקורי נט,גרמים,380.00,100 גרם,false,,14.90,0.0392,true,1,1474101
7290008464024,false,"בירה גולדסטאר Unfiltered, בירה לא מסוננת, פחית 500 מ""ל","טמפו משקאות בע""מ",IL,גולדסטאר לא מסונן פחית 50,מיליליטרים,500.00,"100 מ""ל",false,,7.90,0.0158,true,1,1444422
7290008464130,false,"בירה גולדסטאר Unfiltered, בירה לא מסוננת, מארז שישייה, בקבוק 330 מ""ל",טמפו,IL,"גולדסטאר לא מסונן ח""פ 330",ליטרים,1.98,ליטר,false,,31.90,16.1111,true,1,1444423
7290008464208,false,"בירה מכבי 7.9%, בירה חזקה, בקבוק 330 מ''ל",פארייפאבה אגרואינדוס,IL,בירה מכבי 7.9 330 מל,מיליליטרים,330.00,"100 מ""ל",false,,7.00,0.0212,true,1,1444232
7290008464222,false,"בירה מכבי 7.9%, בירה חזקה, פחית 500 מ""ל","טמפו משקאות בע""\מ",IL,מכבי 7.9 פחית 500מל,מיליליטרים,500.00,"100 מ""ל",false,,7.50,0.0150,true,1,1444424
7290008464345,false,"בירה גולדסטאר, בקבוק 330 מ''ל",פארייפאבה אגרואינדוס,IL,"גולדסטאר בק 330 מ""ל",מיליליטרים,330.00,"100 מ""ל",false,,5.90,0.0179,true,1,1444234
7290008464468,false,"בירה גולדסטאר, פחית 500 מ""ל",פארייפאבה אגרואינדוס,IL,גולדסטאר 500 פחית 24 יח',מיליליטרים,500.00,"100 מ""ל",false,,7.90,0.0158,true,1,1444426
7290008464505,false,סאן בנדטו בקבוק פלסטיק 500מל,אקווה מינרלה סאן בנדטו ב,IT,"מים סאן בנדטו 500 מ""",מיליליטרים,500.00,"100 מ""ל",false,,3.20,0.0064,true,1,1444235
7290008464604,false,"בירה הייניקן פחית 500 מ""ל",טמפו משקאות בע''מ,NL,היינקן הולנד 500 פחית 24,מיליליטרים,500.00,"100 מ""ל",false,,11.80,0.0236,true,1,1444428
7290008464697,false,"בירה מכבי 7.9%, בירה חזקה, מארז שישייה, בקבוק 330 מ""ל",טמפו,IL,"מכבי חזקה 7.9% ח""פ 330 בק",ליטרים,1.98,ליטר,false,,29.90,15.1010,true,1,1444430
7290008464703,false,"שישיית בירה מכבי בקבוק 330 מ""ל",טמפו משקאות בע''מ,IL,"מכבי ח""פ 330 בקבוק שישייה",מיליליטרים,330.00,"100 מ""ל",false,,29.90,0.0906,true,1,1444431
7290008464734,false,"שישיית בירה גולדסטאר לאגר SLOW BREW בקבוק 330 מ""ל",טמפו משקאות בע''מ,IL,גולדסטאר SLOWBREW שי,מיליליטרים,330.00,"100 מ""ל",false,,34.90,0.1058,true,1,1444432
7290008464741,false,"בירה גולדסטאר, מארז שישייה, בקבוק 330 מ''ל","טמפו משקאות בע""\מ",IL,"גולדסטאר ח""פ 330 בקבוק שי",מיליליטרים,330.00,"100 מ""ל",false,,32.90,0.0997,true,1,1444433
7290008464796,false,"בירה היינקן, מארז שישייה, בקבוק 330 מ''ל",טמפו משקאות בע''מ,IL,היינקן cities 330 בקבוק ח,ליטרים,1.98,ליטר,false,,29.90,15.1010,true,1,1444434
7290008472821,false,גבינה צהובה 28%.,,,גבינה צהובה 28%.,קילוגרמים,1.00,"ק""ג",true,,31.00,31.0000,true,1,1485343
7290008472920,false,גבינה צהובה 28%,,,גבינה צהובה 28%,קילוגרמים,1.00,"ק""ג",true,,31.00,31.0000,true,1,1478666
7290008493413,false,פירורי לחם מאיר בייגל פירורי גריסיני 200 גרם,מאיר את ביגל,IL,פירורים גריסיני 200גרם,גרמים,200.00,100 גרם,false,,5.90,0.0295,true,1,1471905
7290008493710,false,פרורי גריסני זהב פירורי לחם מאיר בייגל 200 גרם,מאיר את ביגל,IL,פרורי גריסני זהב 200 גרם,גרמים,200.00,100 גרם,false,,5.90,0.0295,true,1,1471907
7290008496629,false,שניצל אמנון בציפוי פרורי לחם רמילוי,,,שניצל אמנון בציפוי פ,גרמים,400.00,100 גרם,false,,22.90,0.0572,true,1,1471265
7290008496698,false,נתחי דג אלסקה ובציפוי פרורי לחם רמי לוי,,,נתחי דג אלסקה ובציפו,גרמים,400.00,100 גרם,false,,19.90,0.0497,true,1,1471267
7290008496896,false,אצבעות אמנון עם דגנים במרינדה לימון רמילוי,,,אצבעות אמנון עם דגני,גרמים,400.00,100 גרם,false,,22.90,0.0572,true,1,1471269
7290008496902,false,נגיסי שיבוט פסיפי בציפוי פנקו רמילוי,,,נגיסי שיבוט פסיפי בצ,גרמים,400.00,100 גרם,false,,24.90,0.0622,true,1,1477735
7290008504072,false,ג'בטה 180גר 4 יח,,,ג'בטה 180גר 4 יח,יח',1.00,יח',false,,15.90,15.9000,true,1,1442176
7290008504447,false,דונאטס חלבי,,,דונאטס חלבי,יח',1.00,יח',false,,7.90,7.9000,true,1,1442182
7290008504898,false,פילה אמנון קפוא עם ע,,,פילה אמנון קפוא עם ע,קילוגרמים,1.00,"ק""ג",true,,22.90,22.9000,true,1,1470667
7290008505497,false,דונאטס חלבי,,,דונאטס חלבי,יח',1.00,יח',false,,7.90,7.9000,true,1,1442183
7290008618007,false,פילה סלמון פרוס במגש,,,פילה סלמון מנות טרי,קילוגרמים,1.00,"ק""ג",true,,89.90,89.9000,true,1,1470332
7290008618014,false,פילה סלמון נתח שלם ט,,,פילה סלמון נתח שלם ט,קילוגרמים,1.00,"ק""ג",true,,89.90,89.9000,true,1,1470333
7290008618021,false,פילה דניס טרי פרמיום,,,פילה דניס טרי פרמיום,קילוגרמים,1.00,"ק""ג",true,,120.00,120.0000,true,1,1470334
7290008618038,false,פילה לברק טרי פרמיום,,,פילה לברק טרי פרמיום,קילוגרמים,1.00,"ק""ג",true,,120.00,120.0000,true,1,1470335
7290008618069,false,פילה ברמונדי טרי ארו,,,פילה ברמונדי ארוז טר,קילוגרמים,1.00,"ק""ג",true,,99.00,99.0000,true,1,1470338
7290008618083,false,פילה אמנון פרמיום אר,,,פילה אמנון פרמיום אר,קילוגרמים,1.00,"ק""ג",true,,69.90,69.9000,true,1,1470339
7290008644112,false,סלט מטבוחה יום יום אחלה 125 גרם,"שטראוס גרופ בע""\מ",IL,סלט מטבוחה אחלה 125,גרמים,125.00,100 גרם,false,,4.70,0.0376,true,1,1454572
7290008644235,false,עלי בייבי שטראוס 120 גרם,שטראוס בריאות ירקות טריי,IL,עלי בייבי שטראוס 120,גרמים,120.00,100 גרם,false,,9.90,0.0825,true,1,1454573
7290008644945,false,לקט לסלט המושבה שטראוס 450 גרם,שטראוס בריאות ירקות טריי,IL,לקט לסלט המושבה שטרא,גרמים,450.00,100 גרם,false,,10.90,0.0242,true,1,1454575
7290008645935,false,חומוס לניגוב 750 ג' אחלה,"שטראוס גרופ בע""\מ",IL,חומוס אחלה 750 גרם,גרמים,750.00,100 גרם,false,,9.90,0.0132,true,1,1454576
7290008670012,false,"יין אדום קברנה סוביניון רקנאטי 750 מ""ל",תות ממתקי איכות,IL,יין אדום קברנה סובינ,מיליליטרים,750.00,"100 מ""ל",false,,49.90,0.0665,true,1,1462502
7290008670159,false,"יין רקנאטי יסמין לבן 750 מ""ל","יקבי רקנאטי בע""מ",IL,יין לבן יסמין רקנאטי,מיליליטרים,750.00,"100 מ""ל",false,,31.90,0.0425,true,1,1462505
7290008670210,false,"יין אדום שירז רקנאטי אחים שקד 750 מ""ל",תות ממתקי איכות,IL,יין אדום שירז רקנאטי,מיליליטרים,750.00,"100 מ""ל",false,,53.50,0.0713,true,1,1462506
7290008690713,false,נקטר חמוציות אושן ספריי פריגת 1 ליטר,מבשלות בירה בינלאומיות ב,IL,נקטר חמוציות אושן ספ,ליטרים,1.00,ליטר,false,,11.50,11.5000,true,1,1442386
7290008693134,false,מעדן גבינה ויוגורט בטעם תות 5% שומן 88 ג' דניאלה,"שטראוס בריאות בע""מ",IL,דניאלה בטעם תות 150,מיליליטרים,150.00,"100 מ""ל",false,,3.90,0.0260,true,1,1454577
7290008713900,false,לחם שיפון עגול פרוס אנג'ל 750 גרם,מאפיית אנג'\ל אורנים מאפ,IL,לחם שיפון עגול פרוס,גרמים,750.00,100 גרם,false,,12.50,0.0167,true,1,1444624
7290008713917,false,לחם שיפון כהה פרוס מאפיית אחדות 750 גרם,מאפיית שלמה א. אנג'\ל בע,IL,לחם שיפון כהה פרוס מ,גרמים,750.00,100 גרם,false,,12.50,0.0167,true,1,1444625
7290008719018,false,*מבצע* סטייק עם עצם,,,*מבצע* סטייק עם עצם,קילוגרמים,1.00,"ק""ג",true,,69.90,69.9000,true,1,1469082
7290008745239,false,תפוצ'יפס קראנצ' בטעם טבעי עלית 50 גרם,"שטראוס פריטו ליי בע""\מ )",IL,תפוצ'יפס קראנצ' בטעם,גרמים,50.00,100 גרם,false,,3.50,0.0700,true,1,1450696
7290008747547,false,תפוצ'יפס קראנץ' בטעם טבעי עלית 200 גרם,"שטראוס פריטו ליי בע""\מ )",IL,תפוצ'יפס קראנץ' בטעם,גרמים,200.00,100 גרם,false,,9.90,0.0495,true,1,1450697
7290008752244,false,תפוצ'יפס קראנץ' בטעם גריל עלית 50 גרם,"שטראוס פריטו ליי בע""\מ )",IL,תפוצ'יפס קראנץ' בטעם,גרמים,50.00,100 גרם,false,,3.50,0.0700,true,1,1450698
7290008753111,false,תפוצ'יפס קראנץ' בטעם מקסיקני עלית 50 גרם,"שטראוס פריטו ליי בע""\מ )",IL,תפוצ'יפס קראנץ' בטעם,גרמים,50.00,100 גרם,false,,3.50,0.0700,true,1,1450699
7290008754415,false,גומי מאסט בטעם ספירמינט עדין פליפטופ 28 ג' עלית,"שטראוס גרופ בע""מ",IL,מסטיק MUST ללא סוכר,גרמים,28.00,100 גרם,false,,4.00,0.1429,true,1,1445549
7290008757980,false,קרטונית ספרינג נקטר רימונים 1 ליטר,יפאורה שותפות מובגלת לשיווק,IL,נקטר רימונים ספרינג,ליטרים,1.00,ליטר,false,,6.50,6.5000,true,1,1447437
7290008775816,false,ערגליות עוגיות במילוי שוקולד אסם 300 גרם,מיוצר עי קונדיטוריית,IL,ערגליות עוגיות במילו,גרמים,300.00,100 גרם,false,,7.90,0.0263,true,1,1446505
7290008775823,false,ערגליות עוגיות תות שדה אסם 300 גרם,מיוצר עי קונדיטוריית,IL,ערגליות במילוי תות א,גרמים,300.00,100 גרם,false,,7.90,0.0263,true,1,1446506
7290008801010,false,"יין קברנה סוביניון מרלו פרייוט קולקשן 750 מ""ל",אגודת הכורמים הקאופו,IL,ין קברנה /מרלו פרייב,מיליליטרים,750.00,"100 מ""ל",false,,39.90,0.0532,true,1,1453404
7290008801119,false,"יין סוביניון בלאן סלקטד כרמל 750 מ""ל",אגודת הכורמים הקואופרטיב,IL,יין סוביניון בלאן סל,מיליליטרים,750.00,"100 מ""ל",false,,28.80,0.0384,true,1,1453406
7290008801157,false,"יין מרלו סלקטד כרמל כרמל 750 מ""ל",כרמל מזרחי,IL,יין מרלו סלקטד יקבי,מיליליטרים,750.00,"100 מ""ל",false,,28.80,0.0384,true,1,1453407
7290008801461,false,"יין הנצחון לקידוש, 750 מ""ל",יקבי כרמל Carmel Winery,IL,יין הנצחון יקבי כרמל,מיליליטרים,750.00,"100 מ""ל",false,,18.90,0.0252,true,1,1453409
7290008801522,false,יין קינג דויד קונקורד אדום מתוק 750 מל,אגודת הכורמים הקואופרטיב,IL,יין קונקורד קינג דיו,מיליליטרים,750.00,"100 מ""ל",false,,18.80,0.0251,true,1,1453411
7290008801539,false,יין כרמל 120 קינג דיוויד יקבי כרמל,אגודת הכורמים הקואופרטיב,IL,יין כרמל 120 קינג די,מיליליטרים,750.00,"100 מ""ל",false,,18.80,0.0251,true,1,1453412
7290008801546,false,יין מוסקט מתוק קינג דיוויד יקבי כרמל,אגודת הכורמים הקואופרטיב,IL,יין מוסקט מתוק קינג,מיליליטרים,750.00,"100 מ""ל",false,,18.80,0.0251,true,1,1453413
7290008801843,false,"יין קברנה סוביניון סלקטד כרמל 750 מ""ל","כד בני דרום בע""מ",IL,יין קברנה סוביניון ס,מיליליטרים,750.00,"100 מ""ל",false,,28.80,0.0384,true,1,1453414
7290008801850,false,סלקטד אמרלד ריזלינג לבן חצי יבש 750 מל,אגודת הכורמים הקואופרטיב,IL,יין אמרלד ריזלינג סל,מיליליטרים,750.00,"100 מ""ל",false,,28.80,0.0384,true,1,1453415
7290008802512,false,"יין וינו אדום ""כרמל מזרחי""","כד בני דרום בע""מ",IL,יין וינו אדום יקבי כ,מיליליטרים,750.00,"100 מ""ל",false,,17.80,0.0237,true,1,1453417
7290008802529,false,"יין לבן חצי יבש וינו 750 מ""ל",כרמל מזרחי,IL,יין וינו לבן יקבי כר,מיליליטרים,750.00,"100 מ""ל",false,,17.80,0.0237,true,1,1453418
7290008802895,false,יין קברנה סוביניון פרייבט קולקשן יקבי כרמל,אגודת הכורמים הקאופורטיב,IL,יין קברנה סוביניון פ,מיליליטרים,750.00,"100 מ""ל",false,,39.90,0.0532,true,1,1453419
7290008803021,false,"כרמל אדום עתיק 750 מ""ל",כרמל מזרחי,IL,יין כרמל אדום עתיק,מיליליטרים,750.00,"100 מ""ל",false,,19.90,0.0265,true,1,1453420
7290008804332,false,שיראז אדום יבש פריווט קולקשיין 750מל,אגודת הכורמים הקואופרטיב,IL,יין שיראז פרייבט קול,מיליליטרים,750.00,"100 מ""ל",false,,39.90,0.0532,true,1,1453423
7290008805049,false,סלקטד זינפנדל כרמל מזרחי 750 מל,"כד בני דרום בע""מ",IL,יין רוזה סלקטד יקבי,מיליליטרים,750.00,"100 מ""ל",false,,28.80,0.0384,true,1,1453426
7290008805384,false,סלקטד מוסקטו לבן מבעבע 750 מל 2016,אגודת הכורמים הקואופרטיב,IL,יין מוסקטו סלקטד יקב,מיליליטרים,750.00,"100 מ""ל",false,,28.80,0.0384,true,1,1453427
7290008805520,false,"יין קברנה/סוביניון סלקטד כרמל 750 מ""ל","כד בני דרום בע""מ",IL,יין קברנה /מרלו סלקט,מיליליטרים,750.00,"100 מ""ל",false,,28.80,0.0384,true,1,1453428
7290008805964,false,יין קברנה שיראז גליל עליון סדרה אזורית יקבי כרמל,אגודת הכורמים הקואופרטיב,IL,יין קברנה שיראז גליל,מיליליטרים,750.00,"100 מ""ל",false,,54.80,0.0731,true,1,1453429
7290008806985,false,נישנושים גלידה שוקו וניל בציפוי שוקולד 60 יח' קרמיסימו,"גלידת שטראוס בע""\מ, רחוב",IL,נשנושים שטראוס קרמיס,גרמים,630.00,100 גרם,false,,39.80,0.0632,true,1,1453611
7290008815468,false,"שקית ואקום דגש 55*85 ס""מ",דגש,,שקית ואקום דגש 55*85,יח',1.00,יח',false,,14.90,14.9000,true,1,1474983
7290008836272,false,"יין אדום נינוה מוסקט המבורג יקבי אפרת 750 מ""ל",יקב טפרברג 1870 בעמ,IL,יין אדום נינוה מוסקט,מיליליטרים,750.00,"100 מ""ל",false,,24.90,0.0332,true,1,1450643
7290008836401,false,יין אדום מתוק ישן נושן אפרת 1 ליטר,יקב טפרברג 1870 בעמ,IL,יין אדום מתוק ישן נו,ליטרים,1.00,ליטר,false,,16.90,16.9000,true,1,1450644
7290008836425,false,יין קל אפרת 1 ליטר,יקב טפרברג 1870 בעמ,IL,יין קל אפרת 1 ליטר,ליטרים,1.00,ליטר,false,,16.90,16.9000,true,1,1450645
7290008836494,false,מיץ ענבים תירוש אדום אפרת 1 ליטר,יקב טפרברג 1870 בעמ,IL,מיץ ענבים רכיבים טבע,ליטרים,1.00,ליטר,false,,12.90,12.9000,true,1,1450646
7290008846219,false,"שמן זית כתית מעולה חלוצה 750 מ""ל",האי נאם סי או אל.טי.,IL,שמן זית כתית מעולה ח,מיליליטרים,750.00,"100 מ""ל",false,,39.90,0.0532,true,1,1450234
7290008849470,false,פלפל צ'ומה חריף אוליביה 185 גרם,אוליביה גורמה בעמ,IL,פלפל צומה 185 גר',גרמים,185.00,100 גרם,false,,12.90,0.0697,true,1,1451224
7290008849586,false,רוטב לעוף ריבת בצל אוליביה 310 גרם,קריות זול,IL,רוטב לעוף ריבת בצל,גרמים,310.00,100 גרם,false,,12.80,0.0413,true,1,1451225
7290008849609,false,רוטב לעוף שום דבש אוליביה 330 גרם,אוליביה גורמה (1996),IL,רוטב לעוף שום דבש,מיליליטרים,330.00,"100 מ""ל",false,,12.80,0.0388,true,1,1451226
7290008849739,false,רוטב סויה אמיתי אוליביה 310 גרם,קריות זול,IL,רוטב סויה אמיתי,מיליליטרים,290.00,"100 מ""ל",false,,15.90,0.0548,true,1,1451227
7290008849753,false,רוטב טריאקי אוליביה 300 גרם,מיוצר עי קונדיטוריית,IL,רוטב טריאקי,מיליליטרים,290.00,"100 מ""ל",false,,12.80,0.0441,true,1,1451229
7290008849777,false,רוטב צ'ילי מתוק אוליביה 345 גרם,קריות זול,IL,רוטב צ'ילי מתוק,גרמים,350.00,100 גרם,false,,12.80,0.0366,true,1,1451230
7290008866002,false,קממברט אגוזים בייבי משקל,גבינות משק יעקבס,IL,קממבר בייבי אגוזים,קילוגרמים,1.00,"ק""ג",true,,120.00,120.0000,true,1,1457723
7290008866019,false,ברי עיזים בייבי28% משקל,גבינות יעקבס,IL,ברי עיזים בייבי,קילוגרמים,1.00,"ק""ג",true,,139.00,139.0000,true,1,1457724
7290008866040,false,גבינת ברי עיזים יעקב,משק יעקבס,IL,ברי עיזים,קילוגרמים,1.00,"ק""ג",true,,134.00,134.0000,true,1,1457726
7290008866088,false,לאבנה בקר עם זעתר,,,לאבנה בקר עם זעתר,קילוגרמים,1.00,"ק""ג",true,,29.00,29.0000,true,1,1457728
7290008899376,false,לחמניית קשר,פילסברי,,לחמניית קשר,יח',1.00,יח',false,,2.50,2.5000,true,1,1442197
7290008899505,false,בגט לבן פילסברי 250,פילסברי,,באגט,גרמים,250.00,100 גרם,false,,4.80,0.0192,true,1,1442265
7290008899512,false,באגט כפרי פילסברי,פילסברי,,בגט פילסברי,יח',1.00,יח',false,,4.80,4.8000,true,1,1442205
7290008899727,false,עוגיות קוקיס חלבי,פילסברי,,עוגיות קוקיס חלבי,קילוגרמים,1.00,"ק""ג",true,,47.00,47.0000,true,1,1442209
7290008939713,false,אמנון טרי נקי מגשית,,,אמנון טרי נקי מגשית,קילוגרמים,1.00,"ק""ג",true,,28.90,28.9000,true,1,1470340
7290008939720,false,בס טרי נקי מגשית,,,בס טרי נקי מגשית,קילוגרמים,1.00,"ק""ג",true,,39.90,39.9000,true,1,1470341
7290008939744,false,בורי נקי שלם במגשית,,,בורי נקי שלם במגשית,קילוגרמים,1.00,"ק""ג",true,,34.90,34.9000,true,1,1470343
7290008939751,false,קרפיון נקי פרוס טרי,,,קרפיון נקי פרוס טרי,קילוגרמים,1.00,"ק""ג",true,,28.90,28.9000,true,1,1470344
7290008939768,false,דניס נקי טרי במגשית,,,דניס נקי טרי במגשית,קילוגרמים,1.00,"ק""ג",true,,64.90,64.9000,true,1,1470345
7290008939775,false,לברק נקי טרי במגשית,,,לברק נקי טרי במגשית,קילוגרמים,1.00,"ק""ג",true,,69.90,69.9000,true,1,1470346
7290008945202,false,גלילונית שקיות אשפה ענק 90/75 50 יח,"קילט ניהול פרוייקטים בע""מ",IL,גלילונית לאשפה משרדית 50י,יח',50.00,יח',false,,12.70,0.2540,true,1,1457931
7290008975551,false,תחליף חלב מטרנה מהדרין שלב 3 חלבי 700 גרם,מולינו ניקולי s.p.a,IL,תחליף חלב מהדרין שלב,גרמים,700.00,100 גרם,false,,47.90,0.0684,true,1,1446509
7290008975780,false,"מזון לכלבים בונזו מזון כלבים גזע קטן 3 ק""ג","ביופט בע""מ",FR,"בונזו גזע קטן 3+1 ק""ג",קילוגרמים,3.00,"ק""ג",false,,39.90,13.3000,true,1,1469892
7290010002016,false,כוסברה טחונה תבליני מימון 100 גרם,א.ל ייצור ושיווק תבל,IL,כוסברה טחונה 100 גרם,גרמים,100.00,100 גרם,false,,9.50,0.0950,true,1,1441149
7290010002023,false,כורכום הודי טחון תבליני מימון 100 גרם,א.ל ייצור ושיווק תבלינים,IL,כורכום הודי טחון 100 גרם,גרמים,100.00,100 גרם,false,,11.50,0.1150,true,1,1441150
7290010002030,false,תבלין כמון טחון תבליני מימון 100 גרם,א.ל ייצור ושיווק תבלינים,IL,כמון 100 גרם,גרמים,100.00,100 גרם,false,,11.50,0.1150,true,1,1441151
7290010002047,false,תבלין מלח לימון תבליני מימון 200 גרם,א.ל ייצור ושיווק תבלינים,IL,מלח לימון 200 גרם,גרמים,200.00,100 גרם,false,,9.50,0.0475,true,1,1441152
7290010002061,false,פלפל לבן טחון תבליני מימון 100 גרם,א.ל ייצור ושיווק תבל,IL,פלפל לבן טחון 100 גרם,גרמים,100.00,100 גרם,false,,16.90,0.1690,true,1,1441153
7290010002078,false,פלפל שחור טחון תבליני מימון 100 גרם,א.ל ייצור ושיווק תבלינים,IL,פלפל שחור טחון 100 גרם,גרמים,100.00,100 גרם,false,,14.50,0.1450,true,1,1441154
7290010002092,false,תבלין פלפל שחור גרוס דק תבליני מימון 90,א.ל ייצור ושיווק תבלינים,IL,פלפל שחור גרוס דק 90 גרם,גרמים,90.00,100 גרם,false,,14.50,0.1611,true,1,1441155
7290010002108,false,תבלין פלפל שחור גרוס גס תבליני מימון 90,א.ל ייצור ושיווק תבלינים,IL,פלפל שחור גרוס גס 90 גרם,גרמים,90.00,100 גרם,false,,14.50,0.1611,true,1,1441156
7290010002122,false,פפריקה הונגרית מתוקה תבליני מימון 100 גרם,א.ל ייצור ושיווק תבלינים,IL,פפריקה הונגרית מתוקה 100,גרמים,100.00,100 גרם,false,,11.50,0.1150,true,1,1441157
7290010002139,false,פפריקה הונגרית חריפה תבליני מימון 100 גרם,א.ל ייצור ושיווק תבלינים,IL,פפריקה הונגרית חריפה 100,גרמים,100.00,100 גרם,false,,11.50,0.1150,true,1,1441158
7290010002146,false,פפריקה מרוקאית מתוקה תבליני מימון 100 גרם,א.ל ייצור ושיווק תבלינים,IL,פפריקה מרוקאית מתוקה 100,גרמים,100.00,100 גרם,false,,11.50,0.1150,true,1,1441159
7290010002153,false,פפריקה מרוקאית חריפה תבליני מימון 100 גרם,א.ל ייצור ושיווק תבלינים,IL,פפריקה מרוקאית חריפה 100,גרמים,100.00,100 גרם,false,,11.50,0.1150,true,1,1441160
7290010002191,false,תבלין מקלות קינמון תבליני מימון 50 גרם,א.ל ייצור ושיווק תבל,IL,מקלות קינמון 50 גרם,גרמים,50.00,100 גרם,false,,11.50,0.2300,true,1,1441162
7290010002207,false,תבלין קינמון טחון תבליני מימון 100 גרם,א.ל ייצור ושיווק תבלינים,IL,קינמון טחון 100 גרם,גרמים,100.00,100 גרם,false,,9.50,0.0950,true,1,1441163
7290010002214,false,תבלין צ'ילי גרוס תבליני מימון 80 גרם,א.ל ייצור ושיווק תבלינים,IL,צ'ילי גרוס 80 גרם,גרמים,80.00,100 גרם,false,,11.50,0.1438,true,1,1441164
7290010002283,false,תיבול על האש תבליני מימון 100 גרם,א.ל ייצור ושיווק תבלינים,IL,תיבול על האש 100 גרם,גרמים,100.00,100 גרם,false,,11.50,0.1150,true,1,1441166
7290010002290,false,תיבול לשווארמה תבליני מימון 100 גרם,א.ל ייצור ושיווק תבל,IL,תיבול לשווארמה 100 גרם,גרמים,100.00,100 גרם,false,,11.50,0.1150,true,1,1441167
7290010002306,false,תיבול לקציצות תבליני מימון 100 גרם,א.ל ייצור ושיווק תבל,IL,תיבול לקציצות 100 גרם,גרמים,100.00,100 גרם,false,,11.50,0.1150,true,1,1441168
7290010002313,false,תבלין ראס אל חנות תבליני מימון 100 גרם,א.ל ייצור ושיווק תבלינים,IL,ראס אל חנות 100 גרם,גרמים,100.00,100 גרם,false,,11.50,0.1150,true,1,1441169
7290010002320,false,תיבול לגריל עוף תבליני מימון 100 גרם,א.ל ייצור ושיווק תבלינים,IL,תיבול לגריל עוף 100 גרם,גרמים,100.00,100 גרם,false,,11.50,0.1150,true,1,1441170
7290010002337,false,תיבול לסטייק תבליני מימון 100 גרם,א.ל ייצור ושיווק תבלינים,IL,תיבול לסטייק 100 גרם,גרמים,110.00,100 גרם,false,,11.50,0.1045,true,1,1441171
7290010002344,false,תבלין לדג תבליני מימון 100 גרם.,א.ל ייצור ושיווק תבלינים,IL,תיבול לדג 100 גרם,גרמים,100.00,100 גרם,false,,11.50,0.1150,true,1,1441172
7290010002351,false,זעתר ושומשום תבליני מימון 100 גרם,א.ל ייצור ושיווק תבלינים,IL,זעתר ושומשום 100 גרם,גרמים,100.00,100 גרם,false,,11.50,0.1150,true,1,1441173
7290010002368,false,תערובת חווויג' תבליני מימון 100 גרם,א.ל ייצור ושיווק תבלינים,IL,תערובת חוויג' למרק 100 גר,גרמים,100.00,100 גרם,false,,11.50,0.1150,true,1,1441174
7290010002375,false,קארי תבליני מימון 100 גרם,א.ל ייצור ושיווק תבל,IL,קארי 100 גרם,גרמים,100.00,100 גרם,false,,11.50,0.1150,true,1,1441175
7290010002382,false,תבלין אורגנו תבליני מימון 40 גרם,א.ל ייצור ושיווק תבלינים,IL,אורגנו 40 גרם,גרמים,40.00,100 גרם,false,,9.50,0.2375,true,1,1441176
7290010002405,false,תבלין טימין הררי תבליני מימון 40 גרם,א.ל ייצור ושיווק תבל,IL,טימין הררי 40 גרם,גרמים,40.00,100 גרם,false,,9.50,0.2375,true,1,1441178
7290010002429,false,עלי דפנה תבליני מימון 20 גרם צנצנת,א.ל ייצור ושיווק תבל,IL,עלי דפנה 20 גרם צנצנת,גרמים,20.00,100 גרם,false,,9.50,0.4750,true,1,1441179
7290010002450,false,שמיר תבליני מימון 25 גרם,א.ל ייצור ושיווק תבל,IL,שמיר 25 גרם,גרמים,30.00,100 גרם,false,,9.50,0.3167,true,1,1441182
7290010002467,false,פפריקה מתוקה 100גר רמילוי,,,פפריקה מתוקה 100גר ר,גרמים,100.00,100 גרם,false,,7.90,0.0790,true,1,1461076
7290010002481,false,תבלין שום טחון תבליני מימון 100 גרם,א.ל ייצור ושיווק תבלינים,IL,שום טחון 100 גרם,גרמים,100.00,100 גרם,false,,14.50,0.1450,true,1,1441183
7290010002498,false,תבלין שום גבישי תבליני מימון 120 גרם,א.ל ייצור ושיווק תבלינים,IL,שום גבישי 120 גרם,גרמים,120.00,100 גרם,false,,14.50,0.1208,true,1,1441184
7290010002566,false,קינמון טחון 100ג רמי,,,קינמון טחון 100ג רמי,גרמים,100.00,100 גרם,false,,7.90,0.0790,true,1,1461079
7290010002597,false,כוסברה ירוקה תבליני מימון 30 גרם,א.ל ייצור ושיווק תבלינים,IL,כוסברה ירוקה 30 גרם,גרמים,20.00,100 גרם,false,,9.50,0.4750,true,1,1441185
7290010002658,false,פלפל יבש מתוק תבליני מימון 150 גרם,א.ל ייצור ושיווק תבל,IL,פלפל יבש מתוק 150 גרם,גרמים,150.00,100 גרם,false,,12.90,0.0860,true,1,1441186
7290010002696,false,אקסטרה צ'יפס אורז חום מלא שמנת בצל 60 גרם,נוהלס ג'י אס סי.,BG,אקסטרה ציפס אורז חום,גרמים,60.00,100 גרם,false,,6.90,0.1150,true,1,1441187
7290010002726,false,תבלין לפרגיות תבליני מימון 100 גרם.,א.ל ייצור ושיווק תבלינים,IL,תיבול לפרגיות 100 גרם,גרמים,100.00,100 גרם,false,,11.50,0.1150,true,1,1441188
7290010003051,false,פפריקה הונגרית מתוקה תבליני מימון 400 גרם,א.ל ייצור ושיווק תבלינים,IL,פפריקה הונגרית מתוקה 400,גרמים,400.00,100 גרם,false,,23.90,0.0597,true,1,1441190
7290010003075,false,פפריקה מרוקאית מתוקה תבליני מימון 400 גרם,א.ל ייצור ושיווק תבלינים,IL,פפריקה מרוקאית מתוקה 400,גרמים,400.00,100 גרם,false,,23.90,0.0597,true,1,1441191
7290010003440,false,שבבי בצל מטוגן תבליני מימון 200 גרם,,IL,שבבי בצל מטוגן 200 ג,גרמים,200.00,100 גרם,false,,9.90,0.0495,true,1,1441193
7290010003686,false,עלי דפנה בשקית תבליני מימון20 גרם,א.ל ייצור ושיווק תבל,IL,עלי דפנה שקית 20 גרם - חד,גרמים,20.00,100 גרם,false,,5.90,0.2950,true,1,1441194
7290010003693,false,פפריקה מתוקה בשקית תבליני מימון 80 גרם,א.ל ייצור ושיווק תבל,IL,פריקה מתוקה שקית 80 גרם -,גרמים,80.00,100 גרם,false,,5.90,0.0738,true,1,1441195
7290010003709,false,פלפל שחור טחון בשקית תבליני מימון 50 גרם,א.ל ייצור ושיווק תבל,IL,פלפל שחור טחון שקית 50 גר,גרמים,50.00,100 גרם,false,,7.70,0.1540,true,1,1441196
7290010003754,false,כמון טחון בשקית תבליני תבליני מימון 50 גרם,א.ל ייצור ושיווק תבל,IL,כמון טחון שקית 50 גרם - ח,גרמים,50.00,100 גרם,false,,5.90,0.1180,true,1,1441197
7290010003761,false,כורכום טחון בשקית תבליני מימון 80 גרם,א.ל ייצור ושיווק תבל,IL,כורכום טחון שקית 80 גרם -,גרמים,80.00,100 גרם,false,,5.90,0.0738,true,1,1441198
7290010003778,false,תיבול לגריל עוף בשקית תבליני מימון 80 גרם,א.ל ייצור ושיווק תבל,IL,תיבול לגריל עוף שקית 80 ג,גרמים,80.00,100 גרם,false,,5.90,0.0738,true,1,1441199
7290010003792,false,מלח לימון בשקית תבליני מימון 100 גרם,א.ל ייצור ושיווק תבל,IL,מלח לימון שקית 100 גרם -,גרמים,100.00,100 גרם,false,,5.90,0.0590,true,1,1441200
7290010003808,false,זעתר ושמשום בשקית תבליני מימון 80 גרם,א.ל ייצור ושיווק תבל,IL,זעתר ושומשום שקית 80גרם -,גרמים,80.00,100 גרם,false,,5.90,0.0738,true,1,1441201
7290010003815,false,פלפל שטה יבש תבליני מימון 150 גרם שקית,א.ל ייצור ושיווק תבל,IL,פלפל שטה 150 גרם שקית,גרמים,150.00,100 גרם,false,,14.90,0.0993,true,1,1441202
7290010003822,false,פפריקה חריפה בשקית תבליני מימון 80 גרם,א.ל ייצור ושיווק תבל,IL,פפריקה חריפה שקית 80 גרם,גרמים,80.00,100 גרם,false,,5.90,0.0738,true,1,1441203
7290010003839,false,קינמון טחון בשקית תבליני מימון 80 גרם,א.ל ייצור ושיווק תבל,IL,קינמון טחון שקית 80 גרם -,גרמים,80.00,100 גרם,false,,5.90,0.0738,true,1,1441204
7290010003846,false,אורגנו בשקית תבליני מימון 20 גרם,א.ל ייצור ושיווק תבל,IL,אורגנו שקית 20 גרם - חדש,גרמים,20.00,100 גרם,false,,5.90,0.2950,true,1,1441205
7290010003990,false,פטרוזיליה בשקית תבליני מימון 20 גרם,א.ל ייצור ושיווק תבל,IL,פטרוזיליה שקית 20 גרם - ח,גרמים,20.00,100 גרם,false,,5.90,0.2950,true,1,1441206
7290010004348,false,פפריקה מתוקה תבליני מימון 250 גרם,א.ל ייצור ושיווק תבל,IL,פפריקה מתוקה 250 גרם,גרמים,250.00,100 גרם,false,,19.90,0.0796,true,1,1441212
7290010004744,false,סודה לשתייה 100גר רמילוי,שיוך למחסן 17,,סודה לשתייה 100גר רמ,גרמים,100.00,100 גרם,false,,1.60,0.0160,true,1,1461087
7290010023141,false,תה לימונענע הגן הקסום ויסוצקי 25 יחידות,תה ויסוצקי,IL,הגן הקסום לימונענע ו,יח',25.00,יח',false,,16.90,0.6760,true,1,1451231
7290010023622,false,תה קלאסי עם נגיעות נענע ויסוצקי 100 יחידות,תה ויסוצקי,IL,תה קלאסי עם נגיעות נ,יח',100.00,יח',false,,17.70,0.1770,true,1,1451233
7290010049004,false,מרמולייט תרכיז ענבים דיאט 1 ליטר,מרמולייט,IL,מרמולייט סירופ בטעם ענבים,ליטרים,1.00,ליטר,false,,17.90,17.9000,true,1,1457932
7290010060597,false,"סרקל שמפו דר' פישר 1.250 מ""ל",פישר תעשיות,IL,סרקל שמפו 1250 גרם,יח',1.00,יח',false,,32.90,32.9000,true,1,1456990
7290010060603,false,סרקל מרכך 1.25 25% חינם,"ד""ר פישר",IL,סרקל מעצב 1250 גרם,יחידה,1.25,יחידה,false,,32.90,26.3200,true,1,1517242
7290010065059,false,מחית פירות מעורבים ג'וניור פרינוק 190 גרם,פרוטה פודווין איי.אס,CZ,מחית פירות מעורבים 190 גר,גרמים,190.00,100 גרם,false,,5.90,0.0311,true,1,1442623
7290010065295,false,פרינוק - מחית תפוחי עץ ובננה 130 גרם,פרינוק,CZ,"מחית תפו""ע בננה 130 גר'",גרמים,130.00,100 גרם,false,,4.80,0.0369,true,1,1442626
7290010065301,false,פרינוק - מחית סלט פירות 130 גרם,פרינוק,CZ,מחית סלט פירות 130 גר',גרמים,130.00,100 גרם,false,,4.80,0.0369,true,1,1442627
7290010065318,false,מחית תפוח עץ ג'וניור פרינוק 190 גרם,פרוטה פודווין איי.אס,CZ,"מחית ג'וניור תפו""ע 190 גר",גרמים,190.00,100 גרם,false,,5.90,0.0311,true,1,1442628
7290010065332,false,מחית תפוח עץ בננה ג'וניור פרינוק 190 גרם,פרוטה פודווין איי.אס,CZ,"מחית ג'וניור תפו""ע בננה 1",גרמים,190.00,100 גרם,false,,5.90,0.0311,true,1,1442630
7290010065349,false,מחית סלט פירות ג'וניור פרינוק 190 גרם,פרוטה פודווין איי.אס,CZ,מחית ג'וניור סלט פירות 19,גרמים,190.00,100 גרם,false,,5.90,0.0311,true,1,1442631
7290010065745,false,מחית לפתן פירות ג'וניור פרינוק 190 גרם,פרוטה פודווין איי.אס,CZ,מחית ג'וניור לפתן פירות 1,גרמים,190.00,100 גרם,false,,5.90,0.0311,true,1,1442634
7290010116980,false,אבקת שוקולית שקית עלית 850 ג',הנסיך- מפעל לייצור ט,IL,שוקולית 850 גרם,גרמים,850.00,100 גרם,false,,14.90,0.0175,true,1,1445558
7290010117864,false,דוריטוס חטיף תירס בטעם חריף אש עלית 70 גרם,"שטראוס פריטו ליי בע""\מ )",IL,דוריטוס חטיף תירס בט,גרמים,70.00,100 גרם,false,,3.20,0.0457,true,1,1450700
7290010118328,false,תפוצ'יפס בטעם טבעי עלית מארז 6*40 גרם,שטראוס פריטו ליי (מל,IL,תפוצ'יפס בטעם טבעי ע,גרמים,240.00,100 גרם,false,,11.90,0.0496,true,1,1450701
7290010129003,false,עוגיות אוזניים 600 גרם,ק.א. ומשווק בבלעדיות על,IL,עוגיות אוזניים 600גר,גרמים,600.00,100 גרם,false,,19.90,0.0332,true,1,1441978
7290010129010,false,עוג.כתר במילוי ריבה 600ג,ק.א. ומשווק בבלעדיות על,IL,עוגיות ריבה 600גר,גרמים,600.00,100 גרם,false,,19.90,0.0332,true,1,1441979
7290010129027,false,עוגיות מרוקאיות 600 גרם,השוואת מחירונים,IL,עוגיות מרוקאיות 600,גרמים,600.00,100 גרם,false,,19.90,0.0332,true,1,1441980
7290010129287,false,עוגיות שיבולת שועל 600 ג,השוואת מחירונים,IL,עוגיות גרנולה 600 גר,גרמים,600.00,100 גרם,false,,19.90,0.0332,true,1,1441983
7290010129348,false,עוגיות בטעם שוקולד 600גר,ק.א. ומשווק בבלעדיות על,IL,עוגיות שוקולד 600 גר,גרמים,600.00,100 גרם,false,,19.90,0.0332,true,1,1441987
7290010129553,false,עוגיות רולדה תמרים 600 גרם,ק.א. ומשווק בבלעדיות על,IL,עוגיות רולדה תמרים 6,יח',1.00,יח',false,,19.90,19.9000,true,1,1441990
7290010129720,false,עוגיות שמרים קינמון 400 גרם דולצה ויטה,שיבולים א.ד.ל,IL,עוגיות רוגלך קינמון,גרמים,400.00,100 גרם,false,,8.90,0.0223,true,1,1441996
7290010129942,false,עוגיות שמרים 500 גרם דולצה ויטה,קונדטוריית אנגל,IL,עוגת קראנץ שוקולד 50,גרמים,500.00,100 גרם,false,,9.90,0.0198,true,1,1441997
7290010129959,false,עוגיות שמרים 400 גרם דולצה ויטה,קונדטוריית אנגל,IL,עוגיות רוגלך שוקולד,גרמים,400.00,100 גרם,false,,8.90,0.0223,true,1,1441998
7290010154005,false,סחוג תימני יוחאי ביטון 250 גרם,תבליני יוחאי ביטון,IL,סחוג תימני 250 ביטון,גרמים,250.00,100 גרם,false,,12.90,0.0516,true,1,1450235
7290010154012,false,לימון בלאדי כבוש תבליני ביטון 250 גרם,תבליני יוחאי ביטון,IL,לימון בלאדי כבוש תבל,גרמים,250.00,100 גרם,false,,12.90,0.0516,true,1,1450236
7290010154029,false,אריסה מתוקה יוחאי ביטון 250 גרם,תבליני יוחאי ביטון,IL,250 אריסה מתוקה ביטו,גרמים,250.00,100 גרם,false,,12.90,0.0516,true,1,1450237
7290010154036,false,עמבה תבליני ביטון 250 גרם,תבליני יוחאי ביטון,IL,עמבה תבליני ביטון 25,גרמים,250.00,100 גרם,false,,12.90,0.0516,true,1,1450238
7290010154050,false,ממרח שיפקה כבוש חריף 250,תבליני יוחאי ביטון,IL,ממרח שיפקה כבוש ביטו,גרמים,250.00,100 גרם,false,,12.90,0.0516,true,1,1450239
7290010154241,false,סלט חזרת ריף ביטון 250 ג',תבליני יוחאי ביטון,IL,סלט חזרת 250 ג,גרמים,250.00,100 גרם,false,,12.90,0.0516,true,1,1450240
7290010154265,false,פלפל צ'ומה תבליני ביטון 250 גרם,תבליני יוחאי ביטון,IL,פלפל צ'ומה תבליני בי,גרמים,250.00,100 גרם,false,,12.90,0.0516,true,1,1450241
7290010154418,false,סחוג אדום תבליני ביטון 130 גרם,תבליני יוחאי ביטון,IL,סחוג אדום תבליני ביט,גרמים,130.00,100 גרם,false,,7.90,0.0608,true,1,1450242
7290010154425,false,סחוג ירוק תבליני ביטון 130 גרם,תבליני יוחאי ביטון,IL,סחוג ירוק תבליני ביט,גרמים,130.00,100 גרם,false,,7.90,0.0608,true,1,1450243
7290010154555,false,ממרח לימון כבוש יוחאי ביטון 250 גרם,תבליני יוחאי ביטון,IL,ממרח לימון כבוש 235,גרמים,235.00,100 גרם,false,,12.90,0.0549,true,1,1450245
7290010154678,false,אריסה מרוקאית תבליני ביטון 250 גרם,תבליני יוחאי ביטון,IL,אריסה מרוקאית תבליני,גרמים,250.00,100 גרם,false,,12.90,0.0516,true,1,1450246
7290010154685,false,סלט שום כתוש 250 ג' ביטון יוחאי,תבליני יוחאי ביטון,IL,סלט שום כתוש 250 ג,גרמים,250.00,100 גרם,false,,12.90,0.0516,true,1,1450247
7290010175840,false,לבבות דקל שלמים טעים 400 גרם,אינאקספו,UY,לבבות דקל טעים,גרמים,220.00,100 גרם,false,,11.40,0.0518,true,1,1461264
7290010175857,false,פרוסות לבבות דקל במי מלח טעים 400 גרם,אינאקספו,EC,פרוסות לבבות דקל,גרמים,220.00,100 גרם,false,,10.50,0.0477,true,1,1446048
7290010195268,false,פופקורן פופסטאר חמישייה מופחת שומן טבעי,פופ סטאר,US,פופסטאר מופחת שומן טבעי 5,גרמים,425.00,100 גרם,false,,11.90,0.0280,true,1,1457940
7290010234769,false,"דאודורנט איזבלה ורוד 200 מ""ל פנינה רוזנבלום",פנינה רוזנבלום PR,IL,דאודורנט איזבלה ורוד,מיליליטרים,200.00,"100 מ""ל",false,,15.90,0.0795,true,1,1453725
7290010237562,false,משקה פפסי מרינדה קוו,"טמפו משקאות בע""מ",IL,מירינדה 500 בקבוק 24 יח',מיליליטרים,500.00,"100 מ""ל",false,,3.80,0.0076,true,1,1444440
7290010237784,false,בירה שנדי בתוספת משקה לימון ליים - שישייה,"טמפו משקאות בע""\מ",IL,שנדי לימון ליים 330 בקבוק,ליטרים,1.98,ליטר,false,,27.90,14.0909,true,1,1444445
7290010237890,false,"בירה הייניקן בקבוק 500 מ""ל חוזר",טמפו משקאות בע''מ,IL,היינקן חוזר 500 בקבוק 20,מיליליטרים,500.00,"100 מ""ל",false,,8.90,0.0178,true,1,1444446
7290010259823,false,מנת השף-מרק עם נודלס בטעם עוף ויליפוד,נמצ'או(תאילנד) בעמ,TH,מנת השף נודלס בטעם ע,גרמים,70.00,100 גרם,false,,4.80,0.0686,true,1,1450986
7290010259830,false,מנת השף נודלס בסגנון סיני פיקנטי וילי פוד 70 גרם,נמצ'או(תאילנד) בעמ,TH,מנת השף נודלס בסגנון,גרמים,70.00,100 גרם,false,,4.80,0.0686,true,1,1450987
7290010259847,false,מנת השף מרק עם נודלס בטעם תירס ויליפוד 70 גרם,קריות זול,TH,מנת השף נודלס בטעם ת,גרמים,70.00,100 גרם,false,,4.80,0.0686,true,1,1450988
7290010259854,false,מנת השף מרק עם נודלס בטעם פטריות ויליפוד 70 גרם,נמצ'או(תאילנד) בעמ,TH,מנת השף נודלס בטעם פ,גרמים,70.00,100 גרם,false,,4.80,0.0686,true,1,1450989
7290010259861,false,מנת השף מרק עם נודלס בטעם ירקות ויליפוד 70 גרם,קריות זול,TH,מנת השף נודלס בטעם י,גרמים,70.00,100 גרם,false,,4.80,0.0686,true,1,1450990
7290010259991,false,צנימים מיוחדים בטעם טבעי 250 ג',קריות זול,GR,צנימים 250 גרם,גרמים,250.00,100 גרם,false,,6.90,0.0276,true,1,1450991
7290010382842,false,"קרם נטורל פורמולה קרם לחות קלילה לשיער רגיל, 400 מ""ל קלילה רגיל",מיוצר עי : אמיליה קוסמטי,IL,נטורל פורמולה לחות ק,מיליליטרים,300.00,"100 מ""ל",false,,19.90,0.0663,true,1,1448809
7290010429554,false,"שמן זית כתית מעולה יד מרדכי 2 קלאסי, 750 מ""ל",מכוורת יד מרדכי שטראוס ב,IL,שמן זית יד מרדכי מס,מיליליטרים,750.00,"100 מ""ל",false,,32.90,0.0439,true,1,1445560
7290010471669,false,יוגורט תות עם קורנפלקס מצופה שוקולד ללא גלוטן 3.9%,"שטראוס בריאות בע""\מ",IL,יוגורט דנונה תות ביו,מיליליטרים,175.00,"100 מ""ל",false,,4.30,0.0246,true,1,1454578
7290010472307,false,"שמיניית משקה גמדים תות בננה דיסני 108 מ""ל",מיוצר עי קונדיטוריית,IL,משקה גמדים תות בננה,מיליליטרים,800.00,"100 מ""ל",false,,19.90,0.0249,true,1,1454579
7290010472390,false,מארז 8 יחידות מעדן דני בטעם שוקולד 1.5%,מיוצר עי קונדיטוריית,IL,דני בטעם שוקולד שמינ,מיליליטרים,1000.00,"100 מ""ל",false,,14.90,0.0149,true,1,1454580
7290010513703,false,מזרח ומערב צ'ופסטיקס צפצפה,גולין פנגזו,IL,צ'ופסטיקס צפצפה - 20,100 יח',20.00,100 יח',false,,6.40,0.3200,true,1,1454360
7290010513727,false,פנקו פרורי לחם 200 גרם (קינגדאו),קינגדאו גוניון פודס,CN,פנקו פרורי לחם 200 ג,גרמים,200.00,100 גרם,false,,7.90,0.0395,true,1,1454361
7290010548514,false,קוביות עשבי תיבול לבישול איטלקי דורות 70 גרם,עיצובים 2020 (3.8),IL,קוביות עשבי תיבול לב,גרמים,70.00,100 גרם,false,,9.90,0.1414,true,1,1446511
7290010569052,false,"גלידה חלבי 5 טעמים פיסטוק, שוקו, וניל, קרמל,מוקה 2ל'","גלידת שטראוס בע""\מ, רחוב",IL,גלידה 5 טעמים שטראוס,ליטרים,2.00,ליטר,false,,19.80,9.9000,true,1,1453612
7290010627004,false,טחינה גולמית מסורתית ירושלים 500 ג',"בראשית ירושלים בע""מ",IL,טחינה ירושלים 500 גר,גרמים,500.00,100 גרם,false,,14.90,0.0298,true,1,1451235
7290010627844,false,טחינה גולמית שומשום מלא ירושלים 500גרם,"טחינה ירושליים בע""מ",IL,טחינה ירושלים מלא 50,גרמים,500.00,100 גרם,false,,14.90,0.0298,true,1,1451236
7290010650002,false,פטריות יער טריות -יחידה,ביכורי שדה דרום 2002,IL,פטריות יער חוות תקוע,יח',1.00,יח',false,,9.90,9.9000,true,1,1458292
7290010650019,false,אנדיב בלגי אמיתי חוות תקוע,מרינה פטריות הגליל,IL,אנדיב בלגי אמיתי חוו,גרמים,150.00,100 גרם,false,,11.90,0.0793,true,1,1458293
7290010650033,false,בצלצלי שאלוט תקוע אר,חוות פטריות תקוע,NL,בצלצלי שלוט,יח',1.00,יח',false,,7.90,7.9000,true,1,1458295
7290010650040,false,פטריות שיטאקי חוות תקוע,ביכורי שדה דרום 2002,IL,פטריות שיטאקי חוות ת,יח',1.00,יח',false,,8.90,8.9000,true,1,1458296
7290010650064,false,פטריות יער מיובשות חוות תקוע 25 גרם,חוות תקוע,IL,פטריות יער מיובשות ח,גרמים,25.00,100 גרם,false,,7.90,0.3160,true,1,1458297
7290010650194,false,זנגוויל (ג'ינג'ר)ארוז מגשית,"פסח בא בע""מ",CN,זנגוויל ארוז 250ג,גרמים,250.00,100 גרם,false,,7.90,0.0316,true,1,1458303
7290010650231,false,פטריות מאיטקי מיובשו,חוות פטריות תקוע,IL,פטריות מאי טאקי,גרמים,25.00,100 גרם,false,,11.90,0.4760,true,1,1458305
7290010650279,false,לקט פטריות מיובשות לפסטה,חוות פטריות תקוע,IL,לקט פטריות לפסטה 25,גרמים,25.00,100 גרם,false,,12.90,0.5160,true,1,1458307
7290010650286,false,בייבי ברוקולי חוות תקוע,,,בייבי ברוקולי חוות ת,יח',1.00,יח',false,,9.90,9.9000,true,1,1458308
7290010650293,false,בצלצלי שאלוט מקולף ת,תקוע,,בצלצלי שאלוט,גרמים,250.00,100 גרם,false,,10.90,0.0436,true,1,1458309
7290010650354,false,שורש כורכום טרי חוות תקוע 120 גרם,פסטה לנסי,IL,שורש כורכום טרי חוות,יח',1.00,יח',false,,9.90,9.9000,true,1,1458311
7290010650408,false,בצלצלי פנינה תקוע יח,פסטה לנסי,IL,בצלי פנינה,יח',1.00,יח',false,,9.90,9.9000,true,1,1458313
7290010650576,false,פטריות שנוקי טרי ארו,חוות פטריות תקוע,IL,שיטאקי שינוקי טריות,יח',1.00,יח',false,,9.90,9.9000,true,1,1458317
7290010650668,false,למון גראס -חוות תקוע,ביכורי השקמה,IL,למון גראס,יח',1.00,יח',false,,8.90,8.9000,true,1,1458320
7290010650767,false,אנדיב אדום 220 גרם,פמילי,IL,אנדיב אדום,יח',1.00,יח',false,,13.90,13.9000,true,1,1458324
7290010650798,false,לקט בורגול ופטריות חוות תקוע,קרלו,IL,לקט בורגול ופטריות,יח',1.00,יח',false,,11.90,11.9000,true,1,1458325
7290010650804,false,לקט פתיתים ופטריות חוות תקוע,קרלו,IL,לקט פתיתים ופטריות,יח',1.00,יח',false,,11.90,11.9000,true,1,1458326
7290010650828,false,פטריות שימג'י חוות תקוע 150 גרם,שנגחאי פינק פוד קומפני,CN,פטריות שימג'י חוות ת,גרמים,150.00,100 גרם,false,,12.00,0.0800,true,1,1458327
7290010650910,false,עגבניות לחות בתיבול אורגנו ושום 200 גרם,,,עגבניות לחות בתיבול,גרמים,200.00,100 גרם,false,,9.90,0.0495,true,1,1458330
7290010650996,false,"פטריות שי מג'י חומות, 150 גרם חוות תקוע",שנגחאי פינק פוד קומפני,CN,פטריות שימג'י חוות ת,גרמים,150.00,100 גרם,false,,11.90,0.0793,true,1,1458333
7290010672851,false,מאפין חמישיות שוקו-שוקו,פילסברי,,מאפין חמישיות שוקו ש,יח',5.00,יח',false,,11.90,2.3800,true,1,1442267
7290010672868,false,מאפין חמישיות שוקו וניל,פילסברי,,מאפין חמישיות שוקו ו,גרמים,80.00,5 גרם,false,,11.90,0.1488,true,1,1442268
7290010711543,false,כף אשפה + גומי SHINY,שייני Shiny,IT,כף אשפה עם גומי,יח',1.00,יח',false,,5.00,5.0000,true,1,1474987
7290010718023,false,"קרם גוף איזבלה ורוד 300 מ""ל פנינה רוזנבלום",פנינה רוזנבלום,IL,קרם גוף איזבלה ורוד,מיליליטרים,300.00,"100 מ""ל",false,,17.90,0.0597,true,1,1453726
7290010718627,false,פנינה רוזנבלום אל סבון נוזלי ירוק 1 ליטר,פנינה רוזנבלום,IL,אל סבון נוזלי ירוק 1,ליטרים,1.00,ליטר,false,,8.90,8.9000,true,1,1453727
7290010748853,false,"ד""ר פישר - אפקטיב קר קרם ידיים סנסיטיב 150 מ""ל",פישר מעבדות פרמצבטיות בע,IL,אפקטיב קר קרם ידיים סנסיט,מיליליטרים,150.00,"100 מ""ל",false,,11.90,0.0793,true,1,1456994
7290010748860,false,"ד""ר פישר - אפקטיב קר קרם ידיים אינטנסיב 150 מ""ל",פישר מעבדות פרמצבטיות בע,IL,אפקטיב קר קרם ידיים אינטנ,מיליליטרים,150.00,"100 מ""ל",false,,11.90,0.0793,true,1,1456995
7290010748877,false,"אפקטיב קר קרם גוף סנסטיב לעור רגיש ח 700 מ""ל",פישר מעבדות פרמצבטיות בע,IL,אפקטיב קר קרם גוף סנסיטיב,מיליליטרים,700.00,"100 מ""ל",false,,23.90,0.0341,true,1,1456996
7290010748884,false,אפקטיב קר קרם גוף אינטנסיב לעור יבש במיוחד ח 700,פישר מעבדות פרמצבטיות,IL,אפקטיב קר קרם גוף אינטנסי,מיליליטרים,700.00,"100 מ""ל",false,,23.90,0.0341,true,1,1456997
7290010748891,false,אפקטיב קר קרם גוף מולטי ויטמין לעור רגיל יבש ח 7,פישר מעבדות פרמצבטיות בע,IL,אפקטיב קר קרם גוף מולטי ו,מיליליטרים,700.00,"100 מ""ל",false,,23.90,0.0341,true,1,1456998
7290010757893,false,"בורקס תפו""א ללא גלוטן פרווה - מוקפא",מאפיית ישראל חיפה,IL,אריאל ללא גלוטן- בור,גרמים,500.00,100 גרם,false,,19.90,0.0398,true,1,1455085
7290010757909,false,בורקס גבינה ללא גלוטן אריאל 500 גרם,מאפיית ישראל חיפה,IL,אריאל ללא גלוטן- בור,גרמים,500.00,100 גרם,false,,19.90,0.0398,true,1,1455086
7290010757916,false,בורקס פיצה ללא גלוטן אריאל 500 גרם,מאפיית ישראל חיפה,IL,אריאל ללא גלוטן- בור,גרמים,500.00,100 גרם,false,,19.90,0.0398,true,1,1455087
7290010757947,false,בורקס פטריות ללא גלוטן אריאל 500 גרם,מאפיית ישראל חיפה,IL,אריאל ללא גלוטן- בור,גרמים,500.00,100 גרם,false,,19.90,0.0398,true,1,1455090
7290010757954,false,אריאל ללא גלוטן- זיווה גבינה 500 גר,מאפיית ישראל חיפה,IL,אריאל ללא גלוטן- זיו,גרמים,500.00,100 גרם,false,,19.90,0.0398,true,1,1455091
7290010757961,false,ג'חנון ללא גלוטן אריאל 450 גרם,מאפיית ישראל חיפה,IL,אריאל ללא גלוטן- ג'ח,גרמים,500.00,100 גרם,false,,19.90,0.0398,true,1,1455092
7290010760688,false,בצק פילאס שחף מגולגל,מאפית אריאל,,בצק פילאס 600 גר,גרמים,600.00,100 גרם,false,,14.90,0.0248,true,1,1455093
7290010766185,false,רוטב לפסטה עגבניות ובזיליקום אוליביה 420 גרם,אוליביה,IL,רוטב לפסטה עג.בזיליקום,גרמים,420.00,100 גרם,false,,12.80,0.0305,true,1,1451237
7290010766307,false,רוטב לפסטה בולונז אוליביה 420 ג' אסם,אוליביה,IL,רוטב לפסטה בולונז,גרמים,420.00,100 גרם,false,,12.80,0.0305,true,1,1451238
7290010766697,false,רוטב שקשוקה אוליביה 415 גרם,קריות זול,IL,רוטב שקשוקה,גרמים,415.00,100 גרם,false,,12.80,0.0308,true,1,1451239
7290010766734,false,רוטב פיצה אוליביה אסם 430 ג',אוליביה,IL,רוטב פיצה 415 גר',מיליליטרים,430.00,"100 מ""ל",false,,12.80,0.0298,true,1,1451240
7290010766949,false,ממרח תחתיות ארטישוק 180ג' אוליביה,אוליביה,IL,ממרח ארטישוק,גרמים,180.00,100 גרם,false,,12.90,0.0717,true,1,1451241
7290010766956,false,ממרח פלפלים מתוקים אדומים אוליביה 180 גרם,אוליביה גורמה בעמ,IL,ממרח פלפלים קלויים,גרמים,180.00,100 גרם,false,,12.90,0.0717,true,1,1451242
7290010770762,false,מברשת שיניים קלין אנד פלקס אקווה פרש,גלקסו סמית קליין,DE,אקוה פרש מברשת פלקס,יח',1.00,יח',false,,4.90,4.9000,true,1,1455789
7290010777006,false,מארז לחמניות כוסמין 360 גרם,,IL,לחמניות כוסמין 6יח,גרמים,360.00,100 גרם,false,,14.90,0.0414,true,1,1457584
7290010777099,false,פיתות בעבודת יד פיתה אקספרס 8 יחידות,מגוון שיווק והפצת מא,IL,פיתה עבודת יד 8 יח.,גרמים,800.00,100 גרם,false,,11.30,0.0141,true,1,1457587
7290010777150,false,שמניית פיתה בריבוע מחיטה מלאה פיתה אקספרס,מגוון שיווק והפצת מא,IL,מארז פיתות חיטה מלאה,גרמים,100.00,8 גרם,false,,13.80,0.1380,true,1,1457588
7290010777297,false,פיתות עבודת יד10 יח'/ פיתה ביס לבן 12 יח',מגוון שיווק והפצת מא,IL,מארז פיתות ביס עבודת,קילוגרמים,1.00,"100 ק""ג",false,,12.90,12.9000,true,1,1457593
7290010777358,false,מארז שמיניית פיתות 100% כוסמין מלא,מגוון שיווק והפצת מא,IL,פיתה קמח כוסמין מלא,יח',1.00,יח',false,,15.90,15.9000,true,1,1457596
7290010777488,false,פיתה מחמצת 100% קמח מלא פיתה אקספרס,מאפיית ביכורים מזון,IL,פיתה מחמצת 100% קמח,גרמים,500.00,100 גרם,false,,15.90,0.0318,true,1,1457597
7290010777525,false,מארז שישייה פיתות כוסמין פיתה אקספרס,מאפיית ביכורים מזון,IL,פיתות כוסמין 6 יח,גרמים,360.00,100 גרם,false,,15.90,0.0442,true,1,1457598
7290010814244,false,שלשות שוקולד מריר 85 גרם*3 בלמינט *18 בקרטון,"כרמית תעשיות ממתקים בע""\",IL,שוקולד מריר שלשייה 2,גרמים,255.00,100 גרם,false,,9.80,0.0384,true,1,1453196
7290010814251,false,שלשות שוקולד חלב 85 גר*3 בלמינט*18 בקרט בדצ,"כרמית תעשיות ממתקים בע""\",IL,שוקולד חלב שלישיה אג,גרמים,255.00,100 גרם,false,,9.80,0.0384,true,1,1453197
7290010814695,false,שוקולד מריר פרווה ללא תוספת סוכר כרמית 85 גרם,כרמית תעשיות ממתקים בעמ,IL,שוקולד מריר פרווה לל,גרמים,85.00,100 גרם,false,,4.90,0.0576,true,1,1453199
7290010814701,false,שוקולד חלב ללא תוספת סוכר וסטהיים,"כרמית תעשיות ממתקים בע""\",IL,"שוקולד חלב אגו ללת""ס",גרמים,85.00,100 גרם,false,,4.90,0.0576,true,1,1453200
7290010838219,false,ממתיק על בסיס צמח הסטיביה - שקיות,"קיפל טבליות וממתיקים בע""מ",IL,מר' סטיביה 100שקיות,גרמים,100.00,100 גרם,false,,26.90,0.2690,true,1,1457942
7290010838424,false,דאק נוזל לניקוי אסלות זוג בניחוח רענן 2*750 מל,"איטיליאן פוד, אס.פי.",NL,טואלט דאק * 750זוג *ירוק,מיליליטרים,750.00,"100 מ""ל",false,,16.90,0.0225,true,1,1457943
7290010838431,false,דאק נוזל לניקוי אסלות זוג בניחוח ים 2*750 מל,מיוצר עי קונדיטוריית,NL,טואלט דאק * 750זוג *כחול,מיליליטרים,750.00,"100 מ""ל",false,,16.90,0.0225,true,1,1457944
7290010849505,false,יין למברוסקו די לואיג'י רוסו דולצ'ה,פארייפאבה אגרואינדוס,IT,למברוסקו די לואיג'י רוסו,מיליליטרים,750.00,"100 מ""ל",false,,24.90,0.0332,true,1,1452714
7290010849512,false,יין למברוסקו די לואיג'ירוזטו אמבילה,פארייפאבה אגרואינדוס,IT,למברוסקו די לואיג' רוזאטו,מיליליטרים,750.00,"100 מ""ל",false,,24.90,0.0332,true,1,1452715
7290010883042,false,"סנובון נוזלי אפקט קצף פעיל רענן תות 750 מ""ל",סנו מפעלי ברונוס בעמ,IL,סנובון נוזלי ניחוח ר,מיליליטרים,750.00,"100 מ""ל",false,,8.90,0.0119,true,1,1448810
7290010886869,false,שקית בלונים - לב מוד,שמחה זה אנחנו,,"שקית 5 לבבות גדול """"",יח',1.00,יח',false,,4.90,4.9000,true,1,1452978
7290010903344,false,אצבעות שניצל רמי לוי 1 קג,,,אצבעות שניצל רמי לוי,יח',1.00,יח',false,,34.90,34.9000,true,1,1461348
7290010903498,false,לבבות תירס 600 גר רמילוי,,,לבבות תירס 600 גר רמ,גרמים,600.00,100 גרם,false,,10.90,0.0182,true,1,1461349
7290010931330,false,סלט מטבוחה אחלה 500 גרם,מיוצר עי קונדיטוריית,IL,סלט מטבוחה אחלה 500,גרמים,500.00,100 גרם,false,,13.80,0.0276,true,1,1454581
7290010945146,false,קוטג' 3% מועשר בסידן טרה 250 ג' מהדרין,קריות זול,IL,גבינת קוטג' 3% טרה 2,גרמים,250.00,100 גרם,false,,5.30,0.0212,true,1,1441743
7290010945306,false,חלב בקרטון 3% 2 ליטר טרה,הפריט בפיקוח,IL,חלב 3% טרה 2 ליטר,ליטרים,2.00,ליטר,false,,12.30,6.1500,true,1,1441744
7290010945450,false,גבינה לבנה 3% 250 גר מועשר בסידן וויטמין,הפריט בפיקוח,IL,גבינה לבנה 3% טרה 25,גרמים,250.00,100 גרם,false,,4.70,0.0188,true,1,1441745
7290010945481,false,גבינה לבנה טרה 5% מרכיבים טבעיים,הפריט בפיקוח,IL,גבינה לבנה 5% טרה 50,גרמים,500.00,100 גרם,false,,9.50,0.0190,true,1,1441746
7290010984879,false,שום כתוש בצנצנת 200ג רמילוי,,,שום כתוש בצנצנת 200ג,גרמים,200.00,100 גרם,false,,11.90,0.0595,true,1,1461350
7290010984886,false,בזיליקום מגשית 70ג רמילוי,,,בזיליקום מגשית 70ג ר,גרמים,70.00,100 גרם,false,,7.90,0.1129,true,1,1461351
7290010984893,false,פטרוזיליה מגשית 70ג רמילוי,,,פטרוזיליה מגשית 70ג,גרמים,70.00,100 גרם,false,,7.90,0.1129,true,1,1461352
7290010984909,false,כוסברה מגשית 70ג רמילוי,,,כוסברה מגשית 70ג רמי,גרמים,70.00,100 גרם,false,,7.90,0.1129,true,1,1461353
7290010984923,false,שום כתוש מגשית 80ג רמילוי,,,שום כתוש מגשית 80ג ר,גרמים,80.00,100 גרם,false,,7.90,0.0988,true,1,1461355
7290011015862,false,"פריגת סירופ דיאט לימונענע 750 מ""ל",סירופ - גבעת חיים,IL,סירופ דיאט לימונענע,מיליליטרים,750.00,"100 מ""ל",false,,19.90,0.0265,true,1,1442396
7290011015985,false,"סירופ בטעם דיאט אננס 750 מ""ל פריגת",סירופ - גבעת חיים,IL,סירופ דיאט אננס פריג,מיליליטרים,750.00,"100 מ""ל",false,,19.90,0.0265,true,1,1442397
7290011017873,false,"פחיות קוקה קולה זירו 330 מ""ל",החברה המרכזית לייצור משקאות,IL,"קולה זירו 330 מ""ל",מיליליטרים,330.00,"100 מ""ל",false,,3.90,0.0118,true,1,1442399
7290011018443,false,"פנטה אורנג פחית סליק 330 מ""ל",החברה המרכזית לייצור משקאות,IL,"פאנטה אורנג 330 מ""ל",מיליליטרים,330.00,"100 מ""ל",false,,3.90,0.0118,true,1,1442405
7290011018849,false,בקבוק בירה חוזר ריק,,,בקבוק בירה חוזר ריק,יח',1.00,יח',false,,1.20,1.2000,true,1,1442345
7290011018917,false,ק.קולה זירו פרידגפק סליק 330 מל שישייה,החברה המרכזית לייצור משקאות,IL,מארז זירו קולה 6 330,ליטרים,1.98,ליטר,false,,21.90,11.0606,true,1,1442410
7290011026066,false,"ד""ר פישר - סרקל שמפו + מרכך לילדים 1 ליטר",פישר מעבדות פרמצבטיות בע,IL,סרקל שמפו + מעצב ליטר,ליטרים,1.00,ליטר,false,,28.90,28.9000,true,1,1456999
7290011051525,false,ספרינג תה קר אפרסק 500מל,יפאורה שותפות מובגלת לשיווק,IL,ספרינג תה קר אפרסק 5,מיליליטרים,500.00,"100 מ""ל",false,,4.80,0.0096,true,1,1447446
7290011065072,false,"תמצית בטעם וניל 50 מ""ל",,,תמצית בטעם וניל 50 מ,100 מל,50.00,100 מל,false,,3.70,0.0740,true,1,1461088
7290011065089,false,"תמצית בטעם רום 50 מ""ל",,,"תמצית בטעם רום 50 מ""",100 מל,50.00,100 מל,false,,3.70,0.0740,true,1,1461089
7290011065133,false,"תמצית בטעם ורדים 50 מ""ל",,,תמצית בטעם ורדים 50,100 מל,50.00,100 מל,false,,6.50,0.1300,true,1,1461091
7290011065171,false,צבע מאכל אדום 50 גר,,,צבע מאכל אדום 50 גר,גרמים,50.00,100 גרם,false,,3.40,0.0680,true,1,1461095
7290011065188,false,שוקולד ציפס 48% רמילוי,,,שוקולד ציפס 48% רמיל,גרמים,250.00,100 גרם,false,,11.50,0.0460,true,1,1461096
7290011065201,false,תערובת לפנקייק 400גר רמילוי,,,תערובת לפנקייק 400גר,גרמים,400.00,100 גרם,false,,12.90,0.0323,true,1,1461097
7290011065225,false,סוכריות צבעוניות לקי,,,סוכריות צבעוניות לקי,גרמים,200.00,100 גרם,false,,7.90,0.0395,true,1,1461098
7290011065324,false,פפריקה מתוקה 80ג שקית רמילוי,,,פפריקה מתוקה 80ג שקי,גרמים,80.00,100 גרם,false,,4.90,0.0613,true,1,1461100
7290011065331,false,כמון טחון 50 שקית רמילוי,,,כמון טחון 50 שקית רמ,גרמים,50.00,100 גרם,false,,4.90,0.0980,true,1,1461101
7290011065348,false,כורכום טחון 80 שקית רמילוי,,,כורכום טחון 80 שקית,גרמים,80.00,100 גרם,false,,4.90,0.0613,true,1,1461102
7290011065362,false,מלח לימון 100גר שקית רמילוי,,,מלח לימון 100גר שקית,גרמים,100.00,100 גרם,false,,4.90,0.0490,true,1,1461103
7290011065386,false,פלפל שחור טחון 50גר שקית רמילוי,,,פלפל שחור טחון 50גר,גרמים,50.00,100 גרם,false,,6.90,0.1380,true,1,1461104
7290011065430,false,צ'ילי מטחנה מימונס 50 גרם,א.ל ייצור ושיווק תבל,,תבלין צ'ילי מטחנה 30,גרמים,30.00,100 גרם,false,,17.70,0.5900,true,1,1441217
7290011065447,false,תבלין לפיצה מטחנה מימונס 50 גרם,"א.ל ייצור ושיווק תבלינים בע""מ",IL,תבלין לפיצה מטחנה 30,גרמים,30.00,100 גרם,false,,14.90,0.4967,true,1,1441218
7290011065539,false,שמרים יבשים בוואקום 500ג רמילוי,,,שמרים יבשים בוואקום,גרמים,500.00,100 גרם,false,,11.90,0.0238,true,1,1461105
7290011065546,false,שמרים יבשים בוואקום 125ג רמילוי,,,שמרים יבשים בוואקום,גרמים,125.00,100 גרם,false,,3.90,0.0312,true,1,1461106
7290011065799,false,סירופ מייפל אמיתי 236מל רמילוי,,,סירופ מייפל אמיתי 23,מיליליטרים,236.00,"100 מ""ל",false,,27.90,0.1182,true,1,1461107
7290011081492,false,גלידה בטעם שלושה שוקולדים 1.33ל' קרמיסימו,"גלידת שטראוס בע""\מ, רחוב",IL,קרמיסימו שלושה שוקול,ליטרים,1.33,ליטר,false,,17.90,13.4586,true,1,1453614
7290011081690,false,קרמיסימו פרווה שוקו ציפ+וניל ציפ 1.33ל,"גלידת שטראוס בע""\מ, רחוב",IL,קרמיסימו פרווה שוקו,ליטרים,1.33,ליטר,false,,17.90,13.4586,true,1,1453615
7290011097004,false,מרכך ומבשם כביסה כחול קטיפתי קלין 4 ליטר,קלין,,מרכך ומבשם כביסה כחו,ליטרים,4.00,ליטר,false,,16.90,4.2250,true,1,1506561
7290011097271,false,"מסיר כל אבנית מקומקום קלין 750 מ""ל",קלין,,מסיר כל אבנית מקומקו,מטרים,750.00,100 מ'ל,false,,9.90,0.0132,true,1,1506593
7290011113926,false,דאודורנט ספריי טיטניום בלאק Titanium Black,משווק: וסמופארם בעממ,IL,דאו ספריי טיטניום 18,מיליליטרים,180.00,"100 מ""ל",false,,14.90,0.0828,true,1,1448814
7290011115159,false,סבון מוצק מועשר בקרם לחות ניחוח פרחים נקה 7 4*100 גרם,גליל כימיקלים בעמ,IL,סבון מוצק מועשר בקרם,גרמים,400.00,100 גרם,false,,10.90,0.0273,true,1,1448816
7290011115241,false,אל סבון ארומטי מוצק ורוד ורד ויסמין - מארז רביעיה,"גליל כימיכלים בע""מ",IL,סבון מוצק מועשר בניח,גרמים,400.00,100 גרם,false,,10.90,0.0273,true,1,1448819
7290011115401,false,אל סבון ארומטי מוצק צהוב קמומיל - רביעייה,נקה 7,IL,סבון מוצק ארומה לבן,גרמים,400.00,100 גרם,false,,10.90,0.0273,true,1,1448825
7290011126209,false,הגן הקסום תה טעם תפוח וקינמון סיידר ויסוצקי 25 יח',תה ויסוצקי,IL,הגן הקסום תה טעם תפו,יח',25.00,יח',false,,16.90,0.6760,true,1,1451243
7290011126452,false,הגן הקסום תה בטעם קמומיל ונענע ויסוצקי 25 יחידות,תה ויסוצקי,IL,הגן הקסום תה בטעם קמ,יח',25.00,יח',false,,16.90,0.6760,true,1,1451248
7290011126469,false,חליטת צמחים וקמומיל הגן הקסום ויסוצקי 25 יחידות,תה ויסוצקי,IL,הגן הקסום תה בטעם קמ,יח',25.00,יח',false,,16.90,0.6760,true,1,1451249
7290011126940,false,תה ירוק ויסוצקי בתוספת מרווה 25 שקיקים,ויסוצקי ירוק,IL,תה ירוק מרווה ויסוצק,יח',25.00,יח',false,,22.90,0.9160,true,1,1451251
7290011131050,false,גרנולה בתוספת פקאן 1 קילו גרין,ויטליאה ניקולה דו,MK,גרנולה בתוספת פקאן 1,גרמים,1000.00,100 גרם,false,,24.90,0.0249,true,1,1449546
7290011131371,false,"מוזלי שקדים ואגוזים 1 ק""ג גרין",ויטליאה ניקולה דו,MK,מוזלי שקדים ואגוזים,קילוגרמים,1.00,"ק""ג",false,,24.90,24.9000,true,1,1449547
7290011131395,false,"מוזלי בתוספת 30% פירות 1 ק""ג גרין",ויטליאה ניקולה דו,MK,מוזלי בתוספת 30% פיר,100 קג,1.00,100 קג,false,,24.90,24.9000,true,1,1449548
7290011131654,false,מוזלי קראנצ'י ביג מיקס עם פירות ואגוזים,ויטליה ניקולא דו,MK,"מוזלי ביג מיקס 1 ק""ג",100 קג,1.00,100 קג,false,,24.90,24.9000,true,1,1449549
7290011132552,false,רביעיית בירה פאולנר 330 מל בקבוק,מבשלת פאולנר,DE,פאולנר 330 בקבוק רביעייה,מיליליטרים,330.00,"100 מ""ל",false,,39.90,0.1209,true,1,1444449
7290011133375,false,בירה שנדי בתוספת משקה אפרסק - שישייה,"טמפו משקאות בע""מ",IL,שנדי אפרסק 330 בקבוק שישי,ליטרים,1.98,ליטר,false,,27.90,14.0909,true,1,1444456
7290011133450,false,פקדון בקבוק חוזר 500,,,בקבוק חוזר 500מל פקד,יח',1.00,יח',false,,1.20,1.2000,true,1,1444395
7290011133634,false,"פפסי מקס פחית צרה מארז שישייה 330 מ""ל","טמפו משקאות בע""\מ",IL,פפסי מקס פחית דל קלו,ליטרים,1.98,ליטר,false,,16.90,8.5354,true,1,1444465
7290011148805,false,שעועית טריה עד 500 ג,ביכורי השקמה,IL,שעועית טרייה ירקט,גרמים,635.00,100 גרם,false,,13.90,0.0219,true,1,1460747
7290011153885,false,נייר אכיל ממותג דיסני,שמחה זה אנחנו,,נייר אכיל ממותג,יח',1.00,יח',false,,14.90,14.9000,true,1,1452979
7290011154035,false,"תרכיז תפוחים סחוט טעמי הגליל 500 מ""ל",טעמי הגליל,IL,רכז תפוחים סחוט 500,מיליליטרים,500.00,"100 מ""ל",false,,19.90,0.0398,true,1,1451926
7290011154080,false,"תרכיז תפוחים צלול טעמי הגליל 500 מ""ל",טעמי הגליל,IL,רכז תפוחים צלול 500,מיליליטרים,500.00,"100 מ""ל",false,,19.90,0.0398,true,1,1451927
7290011154141,false,סילאן לחיץ 360 גרם רמי לוי,,,סילאן לחיץ 360 גרם ר,גרמים,360.00,100 גרם,false,,8.90,0.0247,true,1,1470670
7290011154158,false,סילאן לחיץ טבעי 350 ג רמי לוי,,,סילאן לחיץ טבעי 350,גרמים,350.00,100 גרם,false,,11.90,0.0340,true,1,1470671
7290011154165,false,סילאן 900 גרם רמי לוי,,,סילאן 900 גרם רמי לו,גרמים,900.00,100 גרם,false,,9.90,0.0110,true,1,1470672
7290011154172,false,סילאן טבעי 900 ג רמי לוי,,,סילאן טבעי 900 ג רמי,גרמים,900.00,100 גרם,false,,19.90,0.0221,true,1,1470673
7290011154189,false,ממרח תמרים 450 ג רמי לוי,,,ממרח תמרים 450 ג רמי,גרמים,450.00,100 גרם,false,,4.80,0.0107,true,1,1470674
7290011154196,false,תמרים ללא חרצנים 500 גרם רמי לוי,,,תמרים ללא חרצנים 500,גרמים,500.00,100 גרם,false,,10.90,0.0218,true,1,1470675
7290011164164,false,מארז לקקני סודה 40 יחידות 360 גרם,גואנגדונג צאואן פוד,CN,מארז לקקני סודה 40 י,גרמים,360.00,100 גרם,false,,15.90,0.0442,true,1,1446057
7290011174231,false,עוגת מוס גבינה אוכמניות קפולסקי 850 גרם,קפולסקי שיווק וקמעונ,IL,עוגת מוס גבינה אוכמנ,גרמים,850.00,100 גרם,false,,59.90,0.0705,true,1,1462061
7290011194215,false,מעדן גבינה ויוגורט בטעם בננה 5% שומן 88 ג' דניאלה,"שטראוס בריאות בע""מ",IL,דניאלה בטעם בננה 150,מיליליטרים,150.00,"100 מ""ל",false,,3.90,0.0260,true,1,1454582
7290011194246,false,קוטג' 5% עם סידן 250 ג' שטראוס,מיוצר עי קונדיטוריית,IL,קוטג' 5% שומן 250 גר,גרמים,250.00,100 גרם,false,,5.80,0.0232,true,1,1454583
7290011223038,false,בונומי עלים לקרמשניט שכבות אפויות מבצק עלים 300 גרם,בונומי ס.פ.א,IT,עלים לקרמשניט - בונומי 30,גרמים,300.00,100 גרם,false,,14.80,0.0493,true,1,1457946
7290011223205,false,ריבת חלב ארגנטינאית 454 גרם,אשבל מזון פונקציונלי,IL,ריבת חלב ארגנטינאית חדשה,גרמים,450.00,100 גרם,false,,14.90,0.0331,true,1,1457949
7290011223229,false,"טואלט דאק ג'ל לאסלה טיפות טל רעננות 55 מ""ל","איטיליאן פוד, אס.פי.",IT,ט.ד ג'ל אסלה טיפות טל רענ,מטרים,55.00,100 מ'ל,false,,9.90,0.1800,true,1,1457950
7290011223243,false,"טואלט דאק ג'ל לאסלה בניחוח לבנדר 55 מ""ל","איטיליאן פוד, אס.פי.",IT,ט.ד ג'ל אסלה ניחוח לבנדר,מטרים,55.00,100 מ'ל,false,,9.90,0.1800,true,1,1457951
7290011239237,false,חטיף אגוזים ישראלי 250גר,בני ריאד מחרום,IL,חטיף אגוזים ישראלי 2,גרמים,250.00,100 גרם,false,,18.90,0.0756,true,1,1458980
7290011239336,false,"חלבה מחרום ללת""ס 400 גרם","בני ריאד מחרום בע""מ",IL,חלבה 400גר ללא סוכר,גרמים,400.00,100 גרם,false,,19.90,0.0497,true,1,1458981
7290011239404,false,חטיפים שונים ארוזים330ג,"בני ריאד מחרום בע""מ",IL,חטיפים שונים ארוזים3,גרמים,300.00,100 גרם,false,,14.90,0.0497,true,1,1458983
7290011239657,false,רחת לוקום ארוז קוביות500,"בני ריאד מחרום בע""מ",IL,רחת לוקום 500 גרם,יח',1.00,יח',false,,13.90,13.9000,true,1,1458985
7290011240318,false,"יין שאטו דה למר קברנה סוביניון יקבי ציון 750 מ""ל",יקבי ציון,IL,שאטו דה למר קברנה סו,מיליליטרים,750.00,"100 מ""ל",false,,17.90,0.0239,true,1,1461920
7290011240837,false,"יין שאטו דה למר מרלו יקבי ציון 750 מ""ל",יקבי ציון,IL,יין שאטו דה למר מרלו,מיליליטרים,750.00,"100 מ""ל",false,,17.90,0.0239,true,1,1461924
7290011240905,false,"יין מוסקטו לבן מבעבע יקבי ציון 750 מ""ל",יקבי ציון,IL,מוסקטו לבן מבעבע,מיליליטרים,750.00,"100 מ""ל",false,,24.90,0.0332,true,1,1461927
7290011276485,false,חסה עגולה רמי לוי,,,חסה עגולה רמי לוי,יח',1.00,יח',false,,6.90,6.9000,true,1,1460756
7290011312381,false,פטריות חורש למנגל 320 ג',"מרינה פטריות הגליל בע""מ",IL,סטייק פורטובלה 300 ג,גרמים,300.00,100 גרם,false,,12.90,0.0430,true,1,1456704
7290011332983,false,מגבונים לניקוי אף מגבונאף קמיל בלו- מארז שלישייה,פישר מעבדות פרמצבטיות בע,IL,קמיל בלו מגבונאף שלישייה,יח',30.00,יח',false,,24.90,0.8300,true,1,1457004
7290011378028,false,חלבה קלאסית וניל ללא תוספת סוכר בארכה 350 גרם,"רושדי תעשיות מזון בע""\מ",IL,חלבה קלאסית וניל ללא,גרמים,350.00,100 גרם,false,,13.90,0.0397,true,1,1446519
7290011378233,false,"חטיפי חלווה בארכה 126 גרם מארז 7 יחידות לל""ס","רושדי תעשיות מזון בע""\מ",IL,מאגדת חטיפי חלבה באר,גרמים,126.00,100 גרם,false,,10.90,0.0865,true,1,1446520
7290011378769,false,חטיף חלווה וניל בארכה 126 גרם מארז 7 יחידות,"רושדי תעשיות מזון בע""\מ",IL,מאגדת חטיפי חלבה באר,גרמים,126.00,100 גרם,false,,10.90,0.0865,true,1,1446524
7290011378776,false,חטיף חלווה פיסטוק בארכה 126 גרם מארז 7 יחידות,"רושדי תעשיות מזון בע""\מ",IL,מאגדת חטיפי חלבה באר,גרמים,126.00,100 גרם,false,,10.90,0.0865,true,1,1446525
7290011379018,false,מארז משפחתי שמפיניון 500 ג' מרינה,מרינה פטריות הגליל,IL,צמד פטריות מרינה,יח',1.00,יח',false,,15.90,15.9000,true,1,1456705
7290011392055,false,אקווה פרש מברשת סופט פלקס 3 יחידות,גלקסוסמיתקליין,DE,אקוה פרש מברשת פלקס שלישי,יח',1.00,יח',false,,9.90,9.9000,true,1,1455792
7290011424367,false,זרעים בצל נטורל גרין,,,זרעים בצל,יח',1.00,יח',false,,5.90,5.9000,true,1,1469322
7290011424374,false,זרעים ברוקולי נטורל גרין,נטורל גרין,IL,זרעים ברוקולי,יח',1.00,יח',false,,5.90,5.9000,true,1,1469323
7290011424411,false,זרעים אורגניים-חסה י,,,זרעים חסה ירוקה,יח',1.00,יח',false,,5.90,5.9000,true,1,1469326
7290011424428,false,זרעים חסה אדומה,,,זרעים חסה אדומה,יח',1.00,יח',false,,5.90,5.9000,true,1,1469327
7290011424435,false,זרעים חציל,,,זרעים חציל,יח',1.00,יח',false,,5.90,5.9000,true,1,1469328
7290011424442,false,זרעים אורגניים-טימין,,,זרעים טימין,יח',1.00,יח',false,,5.90,5.9000,true,1,1469329
7290011424473,false,זרעים אורגניים-מיקס,,,זרעים מיקס חסות,יח',1.00,יח',false,,5.90,5.9000,true,1,1469332
7290011424497,false,זרעים אורגניים-מיקס,,,זרעים מיקס ירוקים,יח',1.00,יח',false,,5.90,5.9000,true,1,1469334
7290011424510,false,זרעים מלון,,,זרעים מלון,יח',1.00,יח',false,,5.90,5.9000,true,1,1469336
7290011424534,false,זרעים מלפפון,,,זרעים מלפפון,יח',1.00,יח',false,,5.90,5.9000,true,1,1469338
7290011424589,false,זרעים אורגניים-עגבני,,,זרעים עגבניה שרי,יח',1.00,יח',false,,5.90,5.9000,true,1,1469343
7290011424602,false,זרעים אורגניים-עירית,,,זרעים עירית,יח',1.00,יח',false,,5.90,5.9000,true,1,1469345
7290011424619,false,זרעים אורגניים-פטרוז,,,זרעים פטרוזיליה,יח',1.00,יח',false,,5.90,5.9000,true,1,1469346
7290011424633,false,זרעים אורגניים-פלפל,,,זרעים פלפל חריף,יח',1.00,יח',false,,5.90,5.9000,true,1,1469348
7290011424664,false,זרעים קישוא,,,זרעים קישוא,יח',1.00,יח',false,,5.90,5.9000,true,1,1469351
7290011424671,false,זרעים רוקט,,,זרעים רוקט,יח',1.00,יח',false,,5.90,5.9000,true,1,1469352
7290011424688,false,זרעים שומר,,,זרעים שומר,יח',1.00,יח',false,,5.90,5.9000,true,1,1469353
7290011424732,false,זרעים תרד,,,זרעים תרד,יח',1.00,יח',false,,5.90,5.9000,true,1,1469357
7290011424749,false,זרעים אורגניים-גזר,,,זרעים גזר,יח',1.00,יח',false,,5.90,5.9000,true,1,1469358
7290011424756,false,זרעים אורגניים-סלק,,,זרעים סלק אדום,יח',1.00,יח',false,,5.90,5.9000,true,1,1469359
7290011424763,false,זרעים מיקס בזיל,,,זרעים מיקס בזיל,יח',1.00,יח',false,,5.90,5.9000,true,1,1469360
7290011424770,false,זרעים אורגניים-כובע,,,זרעים כובע נזיר,יח',1.00,יח',false,,5.90,5.9000,true,1,1469361
7290011424787,false,זרעים אורגניים-אפונה,,,זרעים אפונה ריחנית,יח',1.00,יח',false,,5.90,5.9000,true,1,1469362
7290011438142,false,"משקה יטבתה אייס קפה בבקבוק אישי 350 מ""ל",שטראוס גרופ,IL,אייס קפה יטבתה 350 מ,מיליליטרים,350.00,"100 מ""ל",false,,6.20,0.0177,true,1,1454584
7290011447014,false,מטרנה דייסת סלט פירות 200 גרם,מטרנה תעשיות ש.מ,IL,מטרנה דייסת סלט פירו,גרמים,200.00,100 גרם,false,,12.90,0.0645,true,1,1446526
7290011447267,false,מטרנה פרימיום חלבי שלב 1 700 גרם חיסכון,מטרנה תעשיות ש.מ,IL,תחליף חלב חלבי שלב 1,גרמים,700.00,100 גרם,false,,47.90,0.0684,true,1,1446528
7290011447281,false,מטרנה פרימיום חלבי שלב 2 700 גרם חיסכון,מטרנה תעשיות ש.מ,IL,תחליף חלב חלבי שלב 2,גרמים,700.00,100 גרם,false,,47.90,0.0684,true,1,1446529
7290011447304,false,מטרנה פרימיום חלבי שלב 3 700 גרם חיסכון,מטרנה תעשיות ש.מ,IL,תחליף חלב חלבי שלב 3,גרמים,700.00,100 גרם,false,,47.90,0.0684,true,1,1446530
7290011447359,false,תחליף חלב מטרנה מהדרין שלב 1 חלבי 700 גרם,מולינו ניקולי s.p.a,IL,תחליף חלב מהדרין שלב,גרמים,700.00,100 גרם,false,,47.90,0.0684,true,1,1446531
7290011447373,false,תחליף חלב מטרנה מהדרין שלב 2 חלבי 700 גרם,מטרנה תעשיות ש.מ,IL,תחליף חלב מהדרין שלב,גרמים,700.00,100 גרם,false,,47.90,0.0684,true,1,1446532
7290011447748,false,"מזון לחתולים יבש עם דגי אוקיינוס וטונה סופר קט 3 ק""ג",קריות זול,IL,מזון לחתולים יבש עם,קילוגרמים,3.00,"ק""ג",false,,47.50,15.8333,true,1,1469905
7290011473051,false,קוואקר עבה אורגני 500 גרם,ארוז ע' תבואות,GB,קוואקר אורגני 500 גר,גרמים,500.00,100 גרם,false,,10.90,0.0218,true,1,1442655
7290011473273,false,בורגול אורגני תבואות,תבואות,TR,בורגול אורגני 500 גר,גרמים,500.00,100 גרם,false,,8.50,0.0170,true,1,1442670
7290011473280,false,חומוס אורגני תבואות,ארוז ע' תבואות,IL,חומוס אורגני 500 גר,גרמים,500.00,100 גרם,false,,9.90,0.0198,true,1,1442671
7290011473297,false,גריסי פנינה אורגנים 500 גרם,אורז ע'י,IT,גריסי פנינה אורגנים,גרמים,500.00,100 גרם,false,,9.90,0.0198,true,1,1442672
7290011473464,false,סובין שיבולת שועל אורגנית,תבואות,GB,סובין אורגני 400 גרם,גרמים,400.00,100 גרם,false,,10.90,0.0273,true,1,1442682
7290011473730,false,"אורז פרא מעורב טבעי 1 ק""ג תבואות",אינפוסה רובי,IL,אורז פרא מעורב טבעי,100 יח',1.00,100 יח',false,,16.90,16.9000,true,1,1442697
7290011474386,false,קוואקר דק אורגני 500 גרם,תבואות,,קוואקר דק אורגני 500,גרמים,500.00,100 גרם,false,,12.90,0.0258,true,1,1442716
7290011474454,false,שעועית MIX אורגני 500 גרם תבואות,תבואות,IL,מיקס שעועית אורגני 5,גרמים,500.00,100 גרם,false,,12.90,0.0258,true,1,1442718
7290011480516,false,שמיר טרי מהדרין ארוז,TBD,,שמיר מהדרין,יח',1.00,יח',false,,4.90,4.9000,true,1,1460767
7290011480523,false,נענע מהדרין ב.שדה,,,נענע כשר,יח',1.00,יח',false,,4.90,4.9000,true,1,1460768
7290011480547,false,בצל ירוק יבולי הכפר הר' אפרתי,TBD,,בצל ירוק מהדרין יבול,יח',1.00,יח',false,,5.90,5.9000,true,1,1460770
7290011486693,false,מרשמלו ורוד לבן וסטהיים 30ג'48X בקרטון,כרמית,,כרמית מרשמלו 30 גרם,גרמים,30.00,100 גרם,false,,1.80,0.0600,true,1,1453202
7290011499051,false,פטה כבשים מסורתית 20% בגביע 250 גרם - רובין,MKN עבור מחלבות גד ב,IL,גבינת פטה כבשים 20%,גרמים,250.00,100 גרם,false,,23.90,0.0956,true,1,1447317
7290011499105,false,בולגרית מסורתית 5% 250 גרם -רבנות,ג'נרל מילס סאן אדריא,IL,גבינה בולגרית 5% גד,גרמים,250.00,100 גרם,false,,21.90,0.0876,true,1,1447318
7290011499112,false,גבינה בולגרית 165 גד 250 גרם,"מיוצר ע""י dsh",IL,גד בולגרית 16% 250 ג,גרמים,250.00,100 גרם,false,,21.90,0.0876,true,1,1447319
7290011499129,false,גבינה בולגרית מעודנת קוביות קטנות 5% גד 200 גרם,קוד יצרן DSH,IL,גבינה בולגרית מעודנת,גרמים,200.00,100 גרם,false,,19.90,0.0995,true,1,1447320
7290011499303,false,פטה עיזים מעודנת 5% בגביע 250 גרם - רבנות,ג'נרל מילס סאן אדריא,IL,פטה עיזים מעודנת 5%,גרמים,250.00,100 גרם,false,,29.90,0.1196,true,1,1447322
7290011499327,false,גבינה בולגרית מעודנת 5% 250 גרם - רבנות,מיוצר על ידי DSH עבו,IL,גבינה בולגרית מעודנת,גרמים,250.00,100 גרם,false,,21.90,0.0876,true,1,1447323
7290011499358,false,פטה עיזים מסורתית 20% בגביע 200 גרם - רובין,מיוצר על ידי קוד יצר,IL,גבינת פטה עיזים 20%,גרמים,200.00,100 גרם,false,,24.90,0.1245,true,1,1447326
7290011499365,false,גד חלומי 24% 200 גרם רובין,"מחלבות גד בע""\מ",IL,גד חלומי 200 גר,גרמים,200.00,100 גרם,false,,18.90,0.0945,true,1,1447327
7290011499419,false,גבינה במרקם שמנת בטעם טבעי 5% ניו יורק,גבינות מדף,IL,גבינת שמנת ניו יורק,גרמים,200.00,100 גרם,false,,11.40,0.0570,true,1,1447328
7290011499624,false,שמנת 30% ניו יורק טבעי 200 גרם רבנות,גבינות מדף,IL,גבינת שמנת בטעם טבעי,גרמים,200.00,100 גרם,false,,12.90,0.0645,true,1,1447330
7290011499853,false,שמנת 30% ניו יורק זיתים מחלבות גד,מחלבות גד (שיווק 199,IL,גבינת שמנת עם זיתים,גרמים,200.00,100 גרם,false,,12.90,0.0645,true,1,1447337
7290011518561,false,"אקטימל תות 1.51 ק""ג מארז 14 יחידות",מיוצר עי קונדיטוריית,IL,יוגורט אקטימל תות 14,ליטרים,1.40,ליטר,false,,28.90,20.6429,true,1,1454585
7290011522605,false,"גלייז מעצב שיער לתלתלים 400 מ""ל",ג'נרל מילס סאן אדריא,IL,קרם לחות לשיער סטייל,מיליליטרים,400.00,"100 מ""ל",false,,27.90,0.0697,true,1,1455793
7290011525323,false,אל סבון טיפולי לתינוק קמיל בלו סנסטיב שיבולת שועל,פישר מעבדות פרמצבטיות בע,IL,קמיל בלו סנסיטיב אל סבון,מיליליטרים,500.00,"100 מ""ל",false,,21.90,0.0438,true,1,1457006
7290011525712,false,"קמיל בלו אל סבון סנסיטיב לפני השינה ד""ר פישר 1 ליטר",פישר מעבדות פרמצבטיות בע,IL,קמיל בלו סנסיטיב אל סבון,ליטרים,1.00,ליטר,false,,32.80,32.8000,true,1,1457007
7290011525729,false,שמפו לתינוק קמיל בלו סנסטיב לפני השינה עם לבנדר וקמומיל,פישר מעבדות פרמצבטיות בע,IL,קמיל בלו סנסיטיב שמפו לפנ,ליטרים,1.00,ליטר,false,,32.80,32.8000,true,1,1457008
7290011570088,false,ממרח ריבת חלב לייט ללא תוספת סוכר,Satko ltd,IL,ריבת חלב לייט 400ג,גרמים,400.00,100 גרם,false,,18.90,0.0472,true,1,1444160
7290011570132,false,"קמח ללא גלוטן גלעם 1 ק""ג-",אשבל מזון פונקציונלי,IL,קמח ללא גלוטן גלעם 1,גרמים,1000.00,100 גרם,false,,15.90,0.0159,true,1,1444161
7290011570507,false,קמח כרגיל ללא גלוטן 450 גרם,אשבל מזון פונקציונלי בע\,IL,קמח נטול גלוטן רב תכ,גרמים,450.00,100 גרם,false,,15.70,0.0349,true,1,1444162
7290011570644,false,קמח רב תכליתי ללא גלוטן אשבל 450 גרם,אשבל מזון פונקציונלי בע\,IL,קמח כרגיל ללחם 500 ג,גרמים,450.00,100 גרם,false,,15.70,0.0349,true,1,1444163
7290011570781,false,"קמח כרגיל ללא גלוטן בטעם וניל אשבל 1 ק""ג",אשבל מזון פונקציונלי בע\,IL,קמח כרגיל ללא גלוטן,גרמים,450.00,100 גרם,false,,15.70,0.0349,true,1,1444164
7290011570798,false,"קמח כרגיל ללא גלוטן בטעם שוקולד אשבל 1 ק""ג",אשבל מזון פונקציונלי בע\,IL,קמח כרגיל ללא גלוטן,גרמים,450.00,100 גרם,false,,15.70,0.0349,true,1,1444165
7290011587307,false,תחתיות ארטישוק 400 גר',Egyptian spanish co,EG,ארטישוק תחתיות 400 ג,גרמים,400.00,100 גרם,false,,9.80,0.0245,true,1,1444167
7290011587581,false,פילה אנשובי תומר צנצנת 100 גרם,אינוורסינס פריסקו,PE,אנשובי צנצנת 100 גר,יח',1.00,יח',false,,10.80,10.8000,true,1,1444169
7290011587598,false,שימורי אנשובי בפח 45 ג' תומר,אינוורסיונס פריסקו,PE,אנשובי בפח 26 גר -תו,יח',1.00,יח',false,,5.50,5.5000,true,1,1444170
7290011587857,false,עגבניות מיובשות בשמן חמניות ועשבי תיבול,סנטו דידה סאן,TR,עגב. מיובשות 250ג' מ,גרמים,250.00,100 גרם,false,,8.90,0.0356,true,1,1444173
7290011593087,false,"שמן זית כתית מעולה 750 מ""ל סבא חביב",סאן אויל עיבוד ושיוו,IL,סבא חביב שמן זית כתי,מטרים,750.00,100 מ'ל,false,,29.70,0.0396,true,1,1456598
7290011593117,false,זית סורי ירוק מבוקע 800 ג' סבא חביב,שמן זית סבא חביב,IL,סבא חביב זית סורי מב,גרמים,800.00,100 גרם,false,,19.90,0.0249,true,1,1477174
7290011598211,false,"סנו - אנטי קאלק מרסס ניקוי כללי 4 ב-1 700 מ""ל",מיוצר עי קונדיטוריית,IL,אנטי קאלק תרסיס לניק,מיליליטרים,700.00,"100 מ""ל",false,,17.70,0.0253,true,1,1448827
7290011598259,false,"פרש מטהר אוויר אוטומטי בניחוח מאסק סנו 250 מ""ל",סנו מפעלי ברונוס בעמ,IL,פרש מטהר אוויר אוטומ,מיליליטרים,250.00,"100 מ""ל",false,,12.90,0.0516,true,1,1448828
7290011598402,false,מקסימה מרכך כביסה ארומתרפי מאסק סנו 4 ליטר,"סנו מפעלי ברונוס בע""\מ",IL,מקסימה מרכך כביסה אר,ליטרים,4.00,ליטר,false,,21.50,5.3750,true,1,1448831
7290011615260,false,"טורטייה 20 ס""מ קוטר וילי פוד 540 גר",מוטלוקל גידה סאנאי ט,TR,טורטיות 540 גרם,גרמים,540.00,100 גרם,false,,8.70,0.0161,true,1,1450993
7290011615277,false,"עלי טורטיוה קמח חיטה 25ס""מ 12יח' ויליפוד 840 ג'",מוטלוקל גידה סאנאי ט,TR,טורטיות וילי פוד 840,גרמים,840.00,100 גרם,false,,13.90,0.0165,true,1,1450994
7290011615406,false,בולגרית בקוביות בשמן ותבלינים הבולגריה 325 ג' קוליוס,"קוליוס אס. איי, גריק",GR,וילי פוד בולגריה ק.ב,גרמים,325.00,100 גרם,false,,12.90,0.0397,true,1,1457236
7290011618025,false,בייבי ביס הוט קידס נגיסי אורז לתינוק,גואנז'ו יונג וואנט פ,CN,נגיסי אורז לתינוקות בטעם,גרמים,50.00,100 גרם,false,,13.50,0.2700,true,1,1457956
7290011618124,false,נגיסי אורז לתינוקות בטעם ירקות,גואנז'ו יונג וואנט פ,CN,נגיסי אורז לתינוקות בטעם,גרמים,50.00,100 גרם,false,,13.50,0.2700,true,1,1457958
7290011668143,false,מסיכה משקמת ומטפחת לשיער צבוע ופגום,פנינה רוזנבלום PR,IL,"מסיכה משקמת 1 ק""ג פנ",100 מל,1000.00,100 מל,false,,26.80,0.0268,true,1,1453730
7290011668402,false,"שמפו לשיער לגבר פנינה רוזנבלום 750 מ""ל",פנינה רוזנבלום,IL,שמפו לשיער לגבר פנינ,מיליליטרים,750.00,"100 מ""ל",false,,8.90,0.0119,true,1,1453733
7290011668570,false,בריא מהטבע גרנולה פירות יבשים 450 גרם פנינה רוזנבלום,בריא מהטבע פנינה רוזנבלום,IL,בריא מהטבע גרנולה פי,גרמים,450.00,100 גרם,false,,24.90,0.0553,true,1,1453740
7290011668587,false,בריא מהטבע גרנולה בטעם עשיר 500 גרם פנינה רוזנבלום,בריא מהטבע פנינה רוזנבלום,IL,בריא מהטבע גרנולה בט,גרמים,500.00,100 גרם,false,,24.90,0.0498,true,1,1453741
7290011668594,false,בריא מהטבע תוספת בריאה לסלט 550 גרם פנינה רוזנבלום,בריא מהטבע פנינה רוזנבלום,IL,בריא מהטבע תוספת ברי,גרמים,550.00,100 גרם,false,,36.90,0.0671,true,1,1453742
7290011732189,false,"סוכריות צמיד דחוסות בד""ץ טעמן 48 יחידות",גואנגדונג צאואן פוד,CN,מארז סוכריות צמיד 48,יח',48.00,יח',false,,15.90,0.3313,true,1,1446093
7290011743833,false,"סנסודיין משחת שיניים פרונאמל 75 מ""ל",גלקסו סמית קליין,GB,"סנסודיין פרונמל 75 מ""ל",גרמים,75.00,100 גרם,false,,23.90,0.3187,true,1,1455795
7290011744892,false,"אקווה פרש - משחת שיניים ילדים ג'וניור 6+ 50 מ""ל",גלקסו סמית קליין,SK,א.פרש משחת ילדים ג'וניור,100 מל,50.00,100 מל,false,,13.60,0.2720,true,1,1455797
7290011745707,false,משחת שיניים פרונמל Pro namel לילדים לגילאי 6-12,גלקסו סמית קליין,SK,סנסודיין פרונמל ילדים 50,100 מל,50.00,100 מל,false,,16.90,0.3380,true,1,1455798
7290011765095,false,קרמה מן גל גילוח אלוורה ירוק 200 מל,טרופיקל דגיל תעשיות,TR,ג'ל גילוח לעור עדין,מיליליטרים,200.00,"100 מ""ל",false,,10.90,0.0545,true,1,1448835
7290011765316,false,מברשת שיניים לילדים עם שעון 4-8 אורביטול,החברה הדרומית,CN,מברשת שיניים לילדים,יח',1.00,יח',false,,7.90,7.9000,true,1,1448841
7290011765415,false,"כיף - בוב ספוג מרכך שיער 750 מ""ל",קוסמופארם,IL,בוב ספוג מרכך לשיער,מיליליטרים,750.00,"100 מ""ל",false,,10.90,0.0145,true,1,1448844
7290011765446,false,משחת שיניים לילדים בוב ספוג בטעם מיץ ענבים עם פלואוריד למניעת עששת,טרופיקל דגיל תעשיות קוסמ,IL,משחת שיניים לילדים ב,גרמים,50.00,100 גרם,false,,7.50,0.1500,true,1,1448846
7290011765613,false,סנו מסיר עובש בניחות לימון מתז 1 ל',"סנו מפעלי ברונוס בע""\מ",IL,סנו מסיר עובש בניחוח,יח',1.00,יח',false,,14.90,14.9000,true,1,1448847
7290011778354,false,ביצים חופשיות 20 יחידות,ביצים מן הטבע,IL,ביצים חופשיות מן הטב,יח',20.00,יח',false,,29.90,1.4950,true,1,1471827
7290011800840,false,רפי כהן סלט טחינה בלאדי צבר 400 גרם,רפי כהן / צבר,IL,רפי כהן סלט טחינה בל,גרמים,400.00,100 גרם,false,,14.90,0.0373,true,1,1446534
7290011830243,false,אטריות אורג. ללא גלוטן מאורז תאילנדי 250,השדה מוצרים אורגניים,CN,אטריות נודלס אורז תא,גרמים,250.00,100 גרם,false,,15.90,0.0636,true,1,1471529
7290011830250,false,נודלס אורגני ללא גלוטן 100% כווסמת 250 גרם,השדה מוצרים אורגניים,CN,נודלס אורגני ללא גלו,גרמים,250.00,100 גרם,false,,17.70,0.0708,true,1,1471530
7290011877088,false,"רדיד אלומיניום רוחב 30 ס""מ, 18 מיקרון - מארז זוג",בורסה פאזרי,TR,רדיד אלומיניום קצר 3,יח',1.00,יח',false,,14.90,14.9000,true,1,1448849
7290011877095,false,"רדיד אלומיניום רוחב 45 ס""מ סנו סושי 2*7.5 מטר",בורסה פאזרי,TR,רדיד אלומיניום רוחב,אורך,7.50,אורך,false,,19.90,2.6533,true,1,1448850
7290011877156,false,"מבשם אוויר, בגדים וארונות פרש בניחוח מאסק",מיוצר עי קונדיטוריית,IL,סנופרש ענק מאסק,מיליליטרים,375.00,"100 מ""ל",false,,9.80,0.0261,true,1,1448852
7290011877446,false,קרם נגד גירויים לתינוק עם הנוסחה המשולשת SBC,קוסמופארם בע'\'\מ,IL,בייבי קרם נגד גירויי,גרמים,100.00,100 גרם,false,,9.90,0.0990,true,1,1448853
7290011877859,false,סנו אינסטלטור חדש פותח סתימות 200ג',מיוצר עי קונדיטוריית,IL,אינסטלטור פותח סתימו,מיליליטרים,200.00,"100 מ""ל",false,,9.90,0.0495,true,1,1448856
7290011877866,false,"מקסימה אבקת כביסה בניחוח מאסק סנו 6 ק""ג","סנו מפעלי ברונוס בע""\מ",IL,מקסימה אבקת כביסה בנ,קילוגרמים,6.00,"ק""ג",false,,44.90,7.4833,true,1,1448857
7290011920210,false,"תרסיס אקונומיקה קלין 750 מ""ל",קלין,,תרסיס אקונומיקה קלין,מטרים,750.00,100 מ'ל,false,,9.90,0.0132,true,1,1506564
7290011920371,false,קלין נוזל לרצפות דוחה חרקים 2 ליטר,קליר כימיקלים,,קלין נוזל לרצפות דוח,ליטרים,2.00,ליטר,false,,13.90,6.9500,true,1,1506596
7290011920715,false,"תרסיס מסיר כל אבן קלין 750 מ""ל",קלין,,תרסיס מסיר כל אבן קל,מטרים,750.00,100 מ'ל,false,,9.90,0.0132,true,1,1506597
7290011923068,false,הצהובה הקלאסית פרוס תחליף שומן צמחי 200גר,,GR,הצהובה הקלאסית פרוס,גרמים,200.00,100 גרם,false,,18.90,0.0945,true,1,1458130
7290011923082,false,גבינה פרוסות בסגנון מוצרלה טבעוני 200 ג,,GR,מוצרלה פרוסות תחליף,גרמים,200.00,100 גרם,false,,18.90,0.0945,true,1,1458131
7290011923105,false,"פרוסות גבינה בסגנון צ'דר 200 גרם ""ליב""",,GR,צ'דר פרוסות תחליף שו,גרמים,200.00,100 גרם,false,,18.90,0.0945,true,1,1458132
7290011923112,false,גבינת גוש בסגנון פטה יוונית טבעוני 200 ג,,GR,פטה גוש תחליף שומן צ,גרמים,200.00,100 גרם,false,,18.90,0.0945,true,1,1458133
7290011923303,false,טופו טבעי 300גרם ליב,א.י.ן תעשיות מזון בע,IL,טופו טבעי 300גרם ליב,גרמים,300.00,100 גרם,false,,9.90,0.0330,true,1,1458135
7290011931162,false,סוכרלייט ממתיק נוזלי על בסיס סוכרלוז,אף.סי תבליני בגליל ב,IL,סוכרלייט ממתיק נוזלי,מיליליטרים,220.00,"100 מ""ל",false,,22.90,0.1041,true,1,1445562
7290011947309,false,זיתים מצוננים סורי מבוקע ולימון כבוש זיתא 230 ג',זיתא – י.ט.ב תעשיות,IL,זיתים סורים מבוקעים,גרמים,230.00,100 גרם,false,,13.50,0.0587,true,1,1451253
7290011947521,false,"שמן זית כתית מעולה 750 מ""ל טעם מודגש זיתא",זיתא - י.ט.ב תעשיות,IL,שמן זית מודגש זיתא 7,מיליליטרים,750.00,"100 מ""ל",false,,32.90,0.0439,true,1,1451256
7290011947743,false,זיתים זיתא מיקס זית ירוק וזית קלמטה 215 גרם,זיתא - י.ט.ב תעשיות,IL,מיקס זיתים 215ג,גרמים,215.00,100 גרם,false,,13.50,0.0628,true,1,1451257
7290011947781,false,מיקס זית ירוק וזית קלמטה ללא גלעין עם שמן זית כתית מעולה,זיתא - י.ט.ב תעשיות,IL,מיקס זיתים ירוקים קל,גרמים,190.00,100 גרם,false,,13.90,0.0732,true,1,1451258
7290011947798,false,זית קלמטה ללא גלעין עם שמן זית כתית מעולה,זיתא - י.ט.ב תעשיות,IL,זיתים קלמטה ללא גלעי,גרמים,190.00,100 גרם,false,,13.90,0.0732,true,1,1451259
7290011947903,false,מיקס זיתים יווני זיתא 215 ג',זיתא - י.ט.ב תעשיות,IL,מיקס זיתים יווני 215,יח',1.00,יח',false,,13.50,13.5000,true,1,1451263
7290011977634,false,סרדינים בשמן קנולה עם פלפל חריף טעים 125 גרם,טעמן,IL,סרדינים בשמן צמחי עם,גרמים,125.00,100 גרם,false,,3.90,0.0312,true,1,1446100
7290011977665,false,סרדינים ברוטב עגבניות טעים 125 גרם,טעמן,MA,סרדינים ברוטב עגבניו,גרמים,125.00,100 גרם,false,,3.90,0.0312,true,1,1446102
7290012019036,false,שיני שום כבושים תומר 330 גרם,ליני דשן פוד,CN,שום כבוש בחומ ץ330 ג,גרמים,330.00,100 גרם,false,,9.90,0.0300,true,1,1444174
7290012019043,false,שום צעיר כבוש בחומץ בצנצנת 330 גרם,FOODS CANDDED QINGDAO,CN,שום צעיר כבוש 330 גר,גרמים,330.00,100 גרם,false,,9.90,0.0300,true,1,1444175
7290012019401,false,מיץ דובדבן 100% 1 ליטר תוצרת גרוזיה,Aromaproduct ltd,,מיץ דובדבן 100% גרוז,מטרים,1000.00,100 מ'ל,false,,17.30,0.0173,true,1,1444179
7290012022203,false,פריכיות קליליות חיטה,דילייט 2005,IL,קליליות מרובה דגנים,יח',1.00,יח',false,,13.50,13.5000,true,1,1457454
7290012022227,false,קליליות חיטה בטעם טבעי,דילייט 2005,IL,קליליות רגיל 60 ג,יח',1.00,יח',false,,11.50,11.5000,true,1,1457455
7290012022272,false,פריכיות קליליות קידס,דילייט 2005,IL,קליליות ילדים 30 ג,יח',1.00,יח',false,,9.90,9.9000,true,1,1457456
7290012025822,false,שמיר סלק אסלי 400 גרם,"סלטי שמיר 2006 בע""מ",IL,שמיר סלק אסלי 400 גר,גרמים,400.00,100 גרם,false,,9.80,0.0245,true,1,1476659
7290012025839,false,מטבוחה שמיר אסלי 400 גרם,"סלטי שמיר 2006 בע""מ",IL,שמיר מטבוחה אסלי 400,יחידה,400.00,יחידה,false,,9.80,0.0245,true,1,1476660
7290012046193,false,ספוגי קרצוף קשיחים ירוקים קצרים 9יח,M3,ES,ספוגי קרצוף קשיחים י,יח',1.00,יח',false,,13.90,13.9000,true,1,1465271
7290012052187,false,גרנולה חלבה תמרים ושקדים מרכיבים טבעיים,רפאלס,IL,גרנולה חלבה תמרים וש,גרמים,350.00,100 גרם,false,,15.50,0.0443,true,1,1453205
7290012052194,false,גרנולה פירות יער וקשיו מרכיבים טבעיים 350 גרם,רפאלס,IL,גרנולה פירות יער וקש,גרמים,350.00,100 גרם,false,,15.50,0.0443,true,1,1453206
7290012052200,false,גרנולה רפאל-אגוזים זרעים ופירות 800 גרם,רפאלס,IL,גרנולה אגוזים זרעים,גרמים,800.00,100 גרם,false,,27.90,0.0349,true,1,1453207
7290012052231,false,גרנולה חמוציות אוכמניות וקשיו 800 גרם,רפאלס,,גרנולה חמוציות אוכמנ,גרמים,800.00,100 גרם,false,,27.90,0.0349,true,1,1453210
7290012052385,false,מוזלי עם חמוציות ושקדים ללא תוספת סוכר,רפאלס,IL,גרנולה מוזלי שקדים ו,גרמים,800.00,100 גרם,false,,27.90,0.0349,true,1,1453217
7290012052477,false,צ'וקולומומו - מיקס זרעים לסלט - עשבי תיבול,רפאלס,IL,צ'וקולומומו עשבי תיב,גרמים,250.00,100 גרם,false,,14.90,0.0596,true,1,1453219
7290012066856,false,לאסר בלאנק משחת שיניים בטעם מנטה 75 מל,תרו,ES,בלאנק לאסר בטעם מנטה,מטרים,75.00,100 מ'ל,false,,14.90,0.1987,true,1,1508376
7290012071935,false,"ד""ר פישר - אמול לתינוק שמן רחצה טיפולי קלאסי 200 מ""ל","ד""ר פישר Dr fischer",,"ד""ר פישר אמול לתינוק",מיליליטרים,200.00,"100 מ""ל",false,,34.90,0.1745,true,1,1457011
7290012116063,false,"כיף אל סבון פיות בתמציות קמומיל 750 מ""ל",טרופיקל דגיל תעשיות,IL,אל סבון פיות בתמציות,מיליליטרים,750.00,"100 מ""ל",false,,10.90,0.0145,true,1,1448862
7290012116070,false,"אל סבון נוזלי פיות בתמציות אלוורה כיף 750 מ""ל",החברה הדרומית,IL,אל סבון נוזלי פיות ב,מיליליטרים,750.00,"100 מ""ל",false,,10.90,0.0145,true,1,1448863
7290012116360,false,פוליויקס נוזל לניקוי רצפות גרניט פורצלן סנו 2 ליטר,"מפעלי סנו ברונוס בע""",IL,פוליויקס נוזל לניקוי,ליטרים,2.00,ליטר,false,,14.90,7.4500,true,1,1448865
7290012116537,false,"מקסימה אבקת כביסה בניחוח מאסק סנו 2.5 ק""ג",טרופיקל דגיל תעשיות,IL,מקסימה אבקת כביסה בנ,קילוגרמים,2.50,"ק""ג",false,,22.90,9.1600,true,1,1448866
7290012116551,false,אנטי קאלק נוזל לניקוי כללי סנו 2 ליטר,מיוצר עי קונדיטוריית,IL,אנטי קאלק נוזל לניקו,ליטרים,2.00,ליטר,false,,17.90,8.9500,true,1,1448867
7290012116612,false,אורביטול מברשת שיניים מארז 4 יח',ג'נרל מילס סאן אדריא,CN,מברשת שיניים אורביטו,יח',4.00,יח',false,,9.90,2.4750,true,1,1448869
7290012116629,false,תחליב רול און דוחה יתושים לתינוקות ולילדים סנו די,מיוצר עי קונדיטוריית,IL,תחליב סנו די לתינוקו,מטרים,50.00,100 מ'ל,false,,19.90,0.3980,true,1,1448870
7290012116674,false,"דאודורנט גל קול 75 מ""ל קרמה מן",קוסמופארם,IL,cool קרמה מן דאודורנ,מטרים,75.00,100 מ'ל,false,,13.90,0.1853,true,1,1448871
7290012116681,false,דאודורנט ג'ל אנטיפרספירנט אקטיב בלוק Calm,קוסמופארם בעמ,IL,calm קרמה מן דאודורנ,מטרים,75.00,100 מ'ל,false,,13.90,0.1853,true,1,1448872
7290012117039,false,נוזל לניקוי אמבטיה 00 סנו 1 ליטר,סנו מפעלי ברונוס בעמ,IL,נוזל לניקוי אמבטיה 0,ליטרים,1.00,ליטר,false,,7.50,7.5000,true,1,1448876
7290012117091,false,"אבקת כביסה סנסיטיב סנו מקסימה 6 ק""ג",סנו מקסימה,IL,מקסימה אבקת כביסה סנ,קילוגרמים,6.00,"ק""ג",false,,44.90,7.4833,true,1,1448877
7290012117275,false,"קליר שקית מילוי לניקוי חלונות סנו 750 מ""ל",טרופיקל דגיל תעשיות,IL,קליר שקית מילוי לניק,מיליליטרים,750.00,"100 מ""ל",false,,5.70,0.0076,true,1,1448878
7290012117350,false,"נוזל רצפות לילך 2 ליטר ""ריצפז פרש""","סנו מפעלי ברונוס בע""\מ",IL,ריצפז פרש 2 לי,ליטרים,2.00,ליטר,false,,16.90,8.4500,true,1,1448879
7290012117411,false,"שמפו וג'ל רחצה רויבוס 700 מ""ל ""קרמה""",קוסמופארם בע'\'\מ,IL,ג'ל רחצה לגבר במבוק,מיליליטרים,700.00,"100 מ""ל",false,,14.90,0.0213,true,1,1448882
7290012117428,false,"ג'ל רחצה ושמפו מעיינות מנטה קרמה מן 700 מ""ל",טרופיקל דגיל תעשיות,IL,ג'ל רחצה ושמפו מעיינ,מיליליטרים,700.00,"100 מ""ל",false,,14.90,0.0213,true,1,1448883
7290012117435,false,"קרמה - שמפו וג'ל רחצה 2 ב-1 אלוורה 700 מ""ל",טרופיקל דגיל תעשיות,IL,ג'ל רחצה קרמה מן 700,מיליליטרים,700.00,"100 מ""ל",false,,14.90,0.0213,true,1,1448884
7290012117466,false,"תחליב רחצה לפנים תה ירוק קרמה 180 מ""ל",קוסמופארם,IL,תחליב רחצה לפנים תה,מיליליטרים,180.00,"100 מ""ל",false,,13.90,0.0772,true,1,1448885
7290012117541,false,מרכך כביסה מרוכז צהוב סנו מקסימה 1 ליטר,סנו מפעלי ברונוס בעמ,IL,מקסימה מרכך כביסה מר,ליטרים,1.00,ליטר,false,,17.50,17.5000,true,1,1448887
7290012117558,false,מקסימה מרכך כביסה מרוכז ורוד בניחוח מאסק סנו 1 ליטר,"סנו מפעלי ברונוס בע""\מ",IL,מקסימה מרכך כביסה מר,ליטרים,1.00,ליטר,false,,17.50,17.5000,true,1,1448888
7290012117626,false,שטיפת פה דנטלית לילדים בטעם ענבים בוב ספוג,קוסמופארם בע'\'\מ,IL,אורביטול בוב ספוג מי,מיליליטרים,250.00,"100 מ""ל",false,,10.90,0.0436,true,1,1448891
7290012117732,false,מקסימה מרכך כביסה ארומתרפי קול סנו 4 ליטר,"סנו מפעלי ברונוס בע""\מ",IL,מקסימה מרכך כביסה אר,ליטרים,4.00,ליטר,false,,21.50,5.3750,true,1,1448894
7290012117916,false,אינסטלטור נוזל לפתיחת סתימות סנו 1 ליטר,"סנו מפעלי ברונוס בע""",IL,אינסטלטור נוזל לפתיח,ליטרים,1.00,ליטר,false,,26.70,26.7000,true,1,1448895
7290012139598,false,"חול מתגבש יורוקיטי 10 ק""ג",בנטס,TR,חול קיטי 10 קג,יח',1.00,יח',false,,49.90,49.9000,true,1,1469909
7290012191015,false,מצת למטבח,,,מצת למטבח,יח',1.00,יח',false,,8.90,8.9000,true,1,1520266
7290012193163,false,סבון נוזלי פמלי לקשרי פריחת הדובדבן 1 ל,אף.סי תבליני בגליל ב,IL,פמלי אל סבון ליטר פרחי בר,ליטרים,1.00,ליטר,false,,10.80,10.8000,true,1,1457966
7290012226021,false,נקניק סלמי מעושן פראג זוגלובק 400 גרם,נקניק נהריה כשר זוגל,IL,נקניק סלמי מעושן פרא,גרמים,400.00,100 גרם,false,,14.90,0.0373,true,1,1461756
7290012226120,false,"קבנוס 135 גרם ""זוגלובק""",נקניק נהריה כשר זוגל,IL,קבנוס זוגלובק 135 גר,גרמים,135.00,100 גרם,false,,9.90,0.0733,true,1,1461758
7290012226342,false,נקניקיה טבעונית למחבת או לתנור עשירה בחלבון,זוגלו'ס Zoglos,IL,נקניקיות מן הצומח עש,גרמים,460.00,100 גרם,false,,24.90,0.0541,true,1,1461759
7290012226922,false,קבנוס בטעם שום זוגלובק 135 גרם,נקניק נהריה כשר זוגל,IL,קבנוס בטעם שום זוגלו,גרמים,135.00,100 גרם,false,,9.90,0.0733,true,1,1461763
7290012226991,false,"נקניקיות עוף באריזת ג''מבו 1.5 ק""ג זוגלובק",נקניק נהריה כשר זוגל,IL,נקניקיות באריזה ג'מב,קילוגרמים,1.50,"ק""ג",false,,26.70,17.8000,true,1,1461766
7290012227172,false,חרמן הודו בדבש וברביקיו זוג במארז 600 ג' זוגלובק,נקניק נהריה כשר זוגל,IL,מארז פסטרמה 600 ג,גרמים,600.00,100 גרם,false,,25.90,0.0432,true,1,1461767
7290012227240,false,סלמי איטלקי מעושן רמי לוי 300 גרם,,,סלמי איטלקי מעושן רמ,גרמים,300.00,100 גרם,false,,21.90,0.0730,true,1,1462663
7290012227325,false,סלמי דק דק מעושן איטלקי 120 ג' זוגלובק,זוגלובק,IL,סלמי מעושן דק דק 120,גרמים,120.00,100 גרם,false,,12.90,0.1075,true,1,1461768
7290012227592,false,פסט' חרמון כפרי וסלמי תה זוגי זוגלובק 300X2ג' מחפוד,זוגלובק,IL,זוג חרמון כפרית ותה,גרמים,700.00,100 גרם,false,,25.90,0.0370,true,1,1461774
7290012227608,false,מארז חרמון 300 גר' +חרמון ברבקיו 300ג' זוגלובק,זוגלובק,IL,זוג חרמון כפרית וברב,גרמים,600.00,100 גרם,false,,25.90,0.0432,true,1,1461775
7290012227615,false,נקניקיות עוף זוגלובק 800 ג' מחפוד,זוגלובק,IL,נקניקיות עוף 800 גר,גרמים,800.00,100 גרם,false,,23.90,0.0299,true,1,1461776
7290012227622,false,פסטרמה חרמון כפרית דבש 400גר מחפוד זוגלובק,זוגלובק,IL,חרמון כפרית דבש 400ג,גרמים,400.00,100 גרם,false,,18.90,0.0472,true,1,1461777
7290012227738,false,זוגלובק סלמי תה מעושן מחפוד 370 גרם,זוגלובק,IL,סלמי תה מעושן מחפוד,גרמים,370.00,100 גרם,false,,19.90,0.0538,true,1,1461779
7290012227769,false,פסטרמה ברביקיו זוגלובק מחפוד 400 גרם,זוגלובק,IL,פסטרמה ברביקיו 400ג,גרמים,400.00,100 גרם,false,,18.90,0.0472,true,1,1461780
7290012227776,false,פסטרמה חרמון הודו מחפוד 400 גר',זוגלובק,IL,פסטרמה הודו 400ג מחפ,גרמים,400.00,100 גרם,false,,18.90,0.0472,true,1,1461781
7290012227783,false,נקניק תה מעושן מחפוד זוגלובק 400ג',זוגלובק,IL,תה מעושן 400ג מחפוד,גרמים,400.00,100 גרם,false,,17.90,0.0447,true,1,1461782
7290012227912,false,קבנוס מעודן זוגלובק 135 גרם,זוגלובק,IL,קבנוס מעודן 135 ג,גרמים,135.00,100 גרם,false,,9.90,0.0733,true,1,1461785
7290012227974,false,פסטרמה הודו בדבש טהור דק דק דק,זוגלובק,IL,פסטרמה בדבש 120 גר,גרמים,120.00,100 גרם,false,,12.90,0.1075,true,1,1461786
7290012227981,false,פסטרמה דק דק ברביקיו 120 ג' זוגלובק,זוגלובק,IL,פסטרמה ברביקיו 120 ג,גרמים,120.00,100 גרם,false,,12.90,0.1075,true,1,1461787
7290012227998,false,פסטרמה דק דק חזה בקר 120 ג' זוגלובק,זוגלובק,IL,חזה בקר 120 גר,גרמים,120.00,100 גרם,false,,12.90,0.1075,true,1,1461788
7290012228001,false,"נקניקיות עוף רמי לוי 1 ק""ג",,,נקניקיות עוף רמי לוי,גרמים,1000.00,100 גרם,false,,19.90,0.0199,true,1,1462664
7290012228018,false,נקניקיות עוף 400רמי לוי גרם,,,נקניקיות עוף 400רמי,גרמים,400.00,100 גרם,false,,8.90,0.0223,true,1,1462665
7290012228025,false,מארז פסטרמה הודו +סלמי תה רמי לוי 800 גרם,,,מארז פסטרמה הודו +סל,גרמים,800.00,100 גרם,false,,19.90,0.0249,true,1,1462666
7290012228087,false,כתף בקר רמי לוי 300 גרם,,,כתף בקר רמי לוי 300,גרמים,300.00,100 גרם,false,,24.90,0.0830,true,1,1462667
7290012228278,false,נקנקיות בוקוורסט עוף ובקר ריינהולד'ס 310 ג' זוגלובק,זוגלובק,IL,נקניקיות בוקוורסט הו,גרמים,310.00,100 גרם,false,,19.90,0.0642,true,1,1461792
7290012228285,false,פסטרמה הודו ברביקיו 300ג רמילוי,,,פסטרמה הודו ברביקיו,גרמים,300.00,100 גרם,false,,21.90,0.0730,true,1,1462668
7290012228292,false,פסטרמה על צלייה 300ג רמילוי,,,פסטרמה על צלייה 300ג,גרמים,300.00,100 גרם,false,,21.90,0.0730,true,1,1462669
7290012228315,false,פסטרמה הודו ודבש 300ג רמילוי,,,פסטרמה הודו ודבש 300,גרמים,300.00,100 גרם,false,,21.90,0.0730,true,1,1462670
7290012228407,false,"נקניקיות ג'מבו מחפוד זוגלובק 1.5 ק""ג",זוגלובק,IL,נקניקיות ג'מבו מחפוד,קילוגרמים,1.50,"ק""ג",false,,32.90,21.9333,true,1,1461794
7290012228421,false,פסטרמה בדבש 120ג דק דק רמילוי,,,פסטרמה בדבש 120ג דק,גרמים,120.00,100 גרם,false,,9.90,0.0825,true,1,1462672
7290012228438,false,חזה בקר 120ג דק דק רמילוי,,,חזה בקר 120ג דק דק ר,גרמים,120.00,100 גרם,false,,9.90,0.0825,true,1,1462673
7290012228445,false,קבנוס רמי לוי 135 גר,,,קבנוס 135ג רמילוי,גרמים,135.00,100 גרם,false,,7.90,0.0585,true,1,1462674
7290012228728,false,קבנוס סטיקס בסגנון מקסיקני חריף סדרת ריינהולד'ס,זוגלובק,IL,קבנוס סטיקס מקסיקני,גרמים,50.00,100 גרם,false,,8.90,0.1780,true,1,1461796
7290012228766,false,קבנוס מחפוד זוגלובק 120 גרם,זוגלובק,IL,קבנוס מחפוד זוגלובק,גרמים,120.00,100 גרם,false,,9.90,0.0825,true,1,1461798
7290012228780,false,נקנקיות גמבו 1.5 קג,,,נקנקיות גמבו 1.5 קג,יח',1.00,יח',false,,29.90,29.9000,true,1,1462675
7290012245190,false,ציפס זיג זג למיקרולג רמי לוי,,,ציפס זיג זג למיקרולג,גרמים,140.00,100 גרם,false,,4.50,0.0321,true,1,1461356
7290012245275,false,"גולד ציפס בטטה קריספי 1 ק""ג",אגריסטו,BE,גולד ציפס בטטה קריספ,יח',1.00,יח',false,,24.90,24.9000,true,1,1441614
7290012245312,false,"גולד ציפס אמריקאי 1.5 ק""ג קפוא זן",יוליניבר,BE,גולד ציפס אמריקאי 1.,גרמים,1500.00,100 גרם,false,,17.90,0.0119,true,1,1491484
7290012245329,false,"גולד צ'יפס קלאסי 1.5 ק""ג קפוא זן",יוליניבר,BE,גולד ציפס קלאסי 1.5,גרמים,1500.00,100 גרם,false,,17.90,0.0119,true,1,1491485
7290012245336,false,"גולד צ'יפס סטייק 1.5 ק""ג גולד שארית",אגריסטו,IL,גולד סטייק ציפס 1.5,גרמים,1500.00,100 גרם,false,,17.90,0.0119,true,1,1491486
7290012245343,false,"צ'יפס זיג זג 1.5 ק""ג גולד שארית",יוליניבר,BE,"ציפס זיג זג 1.5 ק""ג",גרמים,1500.00,100 גרם,false,,17.90,0.0119,true,1,1491487
7290012260827,false,שערות קדאיף מזאווי 4,"ממתקי מזוואי בע""מ",IL,שערות קדאיף 475 גרם,גרמים,400.00,100 גרם,false,,13.90,0.0348,true,1,1458215
7290012295034,false,בזיליקום ארוז ברכת קטיף,ביכורי השקמה,IL,בזיליקום מהדרין,יח',1.00,יח',false,,6.90,6.9000,true,1,1460778
7290012295973,false,רוקט רמי לוי.,,,רוקט רמי לוי.,גרמים,150.00,100 גרם,false,,8.90,0.0593,true,1,1460782
7290012309939,false,חלווה מסולסלת בקופסא ששון הקולה 500 גרם,אף.סי תבליני בגליל ב,IL,חלבה מסולסלת 500 ג,גרמים,500.00,100 גרם,false,,13.90,0.0278,true,1,1473505
7290012313400,false,זיתים סורי מבוקעים 215 ג' יבנה,קבוצת יבנה,IL,זית סורי מבוקע 300,גרמים,300.00,100 גרם,false,,12.90,0.0430,true,1,1476926
7290012313424,false,זיתים קלמטה שלם 215 ג' יבנה,קבוצת יבנה,IL,זית קלמטה שלם 300 גר,גרמים,300.00,100 גרם,false,,12.90,0.0430,true,1,1476928
7290012350412,false,קרליין - מסיר איפור דו פאזי ורוד,קרליין,IL,מסיר איפור 2 פאזות ו,גרמים,200.00,100 גרם,false,,35.00,0.1750,true,1,1457601
7290012352034,false,"נטורל - קרם לחות עם שמן אגוז מקדמיה לשיער מתולתל 400 מ""ל",נטורל פורמולה Natural Formula,IL,קרם לחות עם שמן אגוז,מיליליטרים,400.00,"100 מ""ל",false,,20.90,0.0522,true,1,1448897
7290012367700,false,קרם גוף אינטנסיב רליף Intensive relief לעור יבש ומגורה,פישר מעבדות פרמצבטיות בע,IL,אפקטיב קר קרם גוף שיבולת,מיליליטרים,700.00,"100 מ""ל",false,,23.90,0.0341,true,1,1457012
7290012367823,false,"ד""ר פישר - אמול לתינוק שמן רחצה טיפולי לעור יבש במיוחד 200 מ""ל",פישר מעבדות פרמצבטיות בע,IL,אמול שמן אמבט פורטה,מיליליטרים,200.00,"100 מ""ל",false,,34.90,0.1745,true,1,1457014
7290012404955,false,נקטר חמוציות ספרינג קולקשן 1.25 ליטר,יפאורה שותפות מובגלת לשיווק,IL,נקטר חמוציות ספרינג,ליטרים,1.25,ליטר,false,,12.00,9.6000,true,1,1447455
7290012459726,false,עמבה פרימיום 500 גרם,,,עמבה צנצנת 500 גרם,גרמים,500.00,100 גרם,false,,7.90,0.0158,true,1,1444586
7290012475306,false,מיץ תפוזים אורגני גרין פילד 1 ליטר,,TR,מיץ תפוזים אורגני 1ל,גרמים,250.00,100 גרם,false,,16.90,0.0676,true,1,1471313
7290012483608,false,"אורז בסמטי DAAWAT מהדרין 5 ק""ג.",הנסיך- מפעל לייצור ט,IN,וילי פוד אורז בסמטי,קילוגרמים,5.00,"ק""ג",false,,49.90,9.9800,true,1,1450995
7290012522581,false,טבעול שניצל תירס ללא גלוטן טבעול 664 גרם,עיצובים 2020 (4.8),IL,שניצל תירס ללא גלוטן,גרמים,664.00,100 גרם,false,,19.90,0.0300,true,1,1446543
7290012557576,false,מסטיק ציקלט צנצנת 250 גר',,,צנצנת ציקלט 250 גר,גרמים,250.00,100 גרם,false,,12.90,0.0516,true,1,1452240
7290012557972,false,עוגיות נמסות במילוי קרם אגוזים 150 גר',,IL,עוגיות נמסות במילוי,גרמים,150.00,100 גרם,false,,5.70,0.0380,true,1,1452242
7290012561405,false,דורות בצל חצי מטוגן 180 גרם,עיצובים 2020 (3.8),IL,דורות בצל מטוגן 180,גרמים,180.00,100 גרם,false,,9.90,0.0550,true,1,1446554
7290012576607,false,"יין קברנה סוביניון פרמייר מלבק אדום ברקן 750 מ""ל","ברקן שיווק והפצה בע""",IL,פרמייר קברנה סוביניון אדו,מיליליטרים,750.00,"100 מ""ל",false,,25.80,0.0344,true,1,1444472
7290012576614,false,יין Premieur לבן חצי יבש אמרלד ריזלינג קולומברד,יקבי ברקן שיווק והפצה בע,IL,פרמייר אמרלד ריזלינג לבן,מיליליטרים,750.00,"100 מ""ל",false,,17.90,0.0239,true,1,1444473
7290012588242,false,"מים מינרלים מיי וואטר כדורגל מארז 500X6מ""ל",נרה קריטיס אס איי באריפט,GR,מים מינרליים שישייה,מיליליטרים,500.00,"100 מ""ל",false,,10.90,0.0218,true,1,1444474
7290012642678,false,אננס בכוסות פלסטיק 4*113 ג' תומר,FOODS HUIZIANG JIANGSU,CN,אננס רביעיות תומר,גרמים,452.00,100 גרם,false,,10.90,0.0241,true,1,1444182
7290012642685,false,אפרסק פירות בכוסות פלסטיק 4*113ג' תומר,תומר,,אפרסק פירות בכוסות פ,גרמים,452.00,100 גרם,false,,10.90,0.0241,true,1,1444183
7290012645020,false,"יוגורט עיזים טבעי בבקבוק חלב הארץ 500 מ""ל",מחלבת סוסיא,IL,יוגורט עיזים טבעי 50,מטרים,500.00,100 מ'ל,false,,11.50,0.0230,true,1,1454586
7290012645075,false,יוגורט כבשים יווני גביע 350 גרם חלב הארץ,חלב הארץ,IL,יוגורט כבשים יווני ב,גרמים,350.00,100 גרם,false,,9.90,0.0283,true,1,1454588
7290012645112,false,יוגורט עיזים 2.8% בדלי חלב הארץ 750 גרם,מחלבות סוסיא,IL,יוגורט עיזים 750ג דל,מיליליטרים,750.00,"100 מ""ל",false,,17.90,0.0239,true,1,1454590
7290012645129,false,יוגורט כבשים 5% בדלי חלב הארץ 750 גרם,מחלבות סוסיא,IL,יוגורט כבשים 750ג דל,גרמים,750.00,100 גרם,false,,17.90,0.0239,true,1,1454591
7290012645174,false,גבינת עיזים 5% חלב הארץ 200 גרם,חלב הארץ,IL,גבינת עיזים 5% 200 ג,גרמים,200.00,100 גרם,false,,12.90,0.0645,true,1,1454592
7290012645181,false,לאבנה עיזים 5% חלב הארץ 200 גרם,חלב הארץ,IL,לאבנה עיזים 5% 200 ג,גרמים,200.00,100 גרם,false,,12.90,0.0645,true,1,1454593
7290012697081,false,סוכרזית מהטבע סטיוויה 100 טבליות,"סוכרזית בע""מ",IL,סוכרזית מהטבע סטיווי,גרמים,100.00,100 גרם,false,,24.90,0.2490,true,1,1445564
7290012697241,false,"סוכרזית מצמח הסטיוויה נוזל 220 מ""ל",אף.סי תבליני בגליל ב,IL,סוכרזית מהטבע סטיווי,מיליליטרים,220.00,"100 מ""ל",false,,27.90,0.1268,true,1,1445566
7290012803215,false,וופל בלגי בטעם שוקולד ללא תוספת סוכר,בטר אנד דיפרנט,IL,טוסו ופל בלגי בטעם שוקולד,גרמים,200.00,100 גרם,false,,9.20,0.0460,true,1,1457970
7290012803222,false,טוסו ופל בסגנון בלגי בטעם לימון ללא תוספת סוכר 200 גרם,בטר אנד דיפרנט,IL,טוסו ופל בלגי בטעם לימון,גרמים,200.00,100 גרם,false,,9.20,0.0460,true,1,1457971
7290012803314,false,ממתיק על בסיס סוכרלוז - טבליות,"קיפל טבליות וממתיקים בע""",IL,מר' סוכרלוז 300טבליות,יח',1.00,יח',false,,38.90,38.9000,true,1,1457972
7290012803451,false,טוסו שוקולד מריר 62% מוצקי קקאו ללא תוספת סוכר 100 גרם,אלטינמארקה,TR,טוסו שוקולד מריר מעולה 10,גרמים,100.00,100 גרם,false,,8.90,0.0890,true,1,1457975
7290012803765,false,טוסו שוקולד מריר ללא תוספת סוכר 100 גרם,אלטינמארקה גידה סאן,TR,טוסו שוקולד מריר 100גרם,גרמים,100.00,100 גרם,false,,8.90,0.0890,true,1,1457979
7290012803789,false,טוסו שוקולד מריר עם אגוזים ללא תוספת סוכר 100 גרם,האי נאם סי או אל.טי.,TR,טוסו שוקולד מריר עם אגוזי,גרמים,100.00,100 גרם,false,,8.90,0.0890,true,1,1457981
7290012803796,false,טוסו שוקולד חלב עם אגוזים ללא תוספת סוכר 100 גר',אלטינמארקה גידה סאן,TR,טוסו שוקולד חלב עם אגוזים,גרמים,100.00,100 גרם,false,,8.90,0.0890,true,1,1457982
7290012823343,false,משחת שיניים אורביטול קידס סטעם סוכריות ג'לי 70 גרם,החברה הדרומית,IL,אורביטול לילדים ג'לי,גרמים,50.00,100 גרם,false,,7.50,0.1500,true,1,1448900
7290012823381,false,מקסימה מרכך כביסה מרוכז סנסטיב בייבי סנו 1 ליטר,"סנו מפעלי ברונוס בע""\מ",IL,מקסימה מרכך כביסה מר,ליטרים,1.00,ליטר,false,,17.50,17.5000,true,1,1448902
7290012823398,false,מטליות חד פעמיות לניקוי הרצפה בניחוח מרכך כביסה 10יח' סנו,סנו מפעלי ברונו בעמ,IL,ריצפז מטליות לחות לר,יח',10.00,יח',false,,10.90,1.0900,true,1,1448903
7290012823541,false,ריצפז פרש מטליות לחות לרצפה בניחוח לבנדר 10 יחידות,"סנו מפעלי ברונוס בע""\מ",IL,ריצפז פרש מטליות לחו,יח',10.00,יח',false,,10.90,1.0900,true,1,1448905
7290012823589,false,ריצפז פרש בניחוח לימון מרענן,סנו פרש Fresh,IL,ריצפז פרש 2 לי,ליטרים,2.00,ליטר,false,,16.90,8.4500,true,1,1448908
7290012850035,false,מחית בוליווד תפוח ואפרסק 190 גרם,NOVOFRUCHT SK S.R.O,SK,BELOVED מחית תפוח ואפרסק,גרמים,190.00,100 גרם,false,,5.90,0.0311,true,1,1450891
7290012850073,false,מחית בוליווד סלט פירות 190 גרם,בילובד Beloved,SK,BELOVED מחית סלט פירות 19,גרמים,190.00,100 גרם,false,,5.90,0.0311,true,1,1450892
7290012864001,false,נבטי חמנייה ארוז א.אדמה,קרונוס,IL,נבטי חמניה,יח',1.00,יח',false,,7.90,7.9000,true,1,1460783
7290012864025,false,נבטי אלפא אלפא ארוז א.אדמה,קרלסברג יבוא יצוא,IL,אלפלפא,יח',1.00,יח',false,,5.90,5.9000,true,1,1460784
7290012868092,false,קמח חיטה מלאה מהודר 1קג,י.ש. חמד תעשיות,IL,מהודר קמח מלא 100% 1,קג,1.00,קג,false,,6.50,6.5000,true,1,1460668
7290012868108,false,"מהודר קמח מלא 70% 1 ק""ג.",מהודר,,מהודר קמח מלא 70% 1,קילוגרמים,1.00,"ק""ג",false,,6.50,6.5000,true,1,1460669
7290012868115,false,"מהודר קמח כוסמין מלא 1 ק""ג",י.ש. חמד תעשיות,IL,מהודר קמח כוסמין מלא,קג,1.00,קג,false,,17.90,17.9000,true,1,1460670
7290012868122,false,"מהודר קמח לבן מנופה 1 ק""ג",י.ש. חמד תעשיות,IL,מהודר קמח לבן מנופה,קילו,1.00,קילו,false,,5.90,5.9000,true,1,1460671
7290012868689,false,קמח כוסמין לבן - מהו,י.ש. חמד תעשיות,IL,קמח כוסמין לבן,יח',1.00,יח',false,,19.90,19.9000,true,1,1460672
7290012868719,false,"קמח כוסמין 70% 1 ק""ג",י.ש. חמד תעשיות,IL,קמח כוסמין 70%,יח',1.00,יח',false,,18.90,18.9000,true,1,1477317
7290012901355,false,דודלס ארוחת אטריות עם גבינה 206 גרם,האי נאם סי או אל.טי.,US,מקרוני עם גבינה 206,גרמים,206.00,100 גרם,false,,10.90,0.0529,true,1,1450534
7290012929380,false,תססן סודה+מקל סודה מארז של 12יח,,,תססן סודה+מקל סודה מ,יח',1.00,יח',false,,7.90,7.9000,true,1,1446107
7290012936838,false,תבלין הל טחון תבליני מימון 35 גרם,א.ל ייצור ושיווק תבל,IL,הל טחון35 גרם,גרמים,35.00,100 גרם,false,,14.90,0.4257,true,1,1441220
7290012936845,false,תבלין לקוסקוס תבליני מימון 40 גרם,א.ל ייצור ושיווק תבל,IL,תבלין לקוסקוס 50 גרם,גרמים,40.00,100 גרם,false,,11.50,0.2875,true,1,1441221
7290012936852,false,תבלינים קימל טחון בצנצנות 40 גרם,א.ל ייצור ושיווק תבל,IL,קימל טחון 40 גרם,יח',40.00,יח',false,,9.50,0.2375,true,1,1441222
7290012936890,false,תבלינים קצח בצנצנות זכוכית 50 גרם,א.ל ייצור ושיווק תבל,IL,קצח 50 גרם,גרמים,50.00,100 גרם,false,,11.50,0.2300,true,1,1441223
7290012936906,false,תבלינים ציפורן שלם בצנצנות 25 גרם,א.ל ייצור ושיווק תבלינים,IL,ציפורן שלם 25 גרם,גרמים,25.00,100 גרם,false,,14.90,0.5960,true,1,1441224
7290012936937,false,תבלינים בהרט בצנצנת 40 גרם,א.ל ייצור ושיווק תבל,IL,בהרט 40 גרם,גרמים,50.00,100 גרם,false,,11.50,0.2300,true,1,1441226
7290012936944,false,אגוז מוסקט טחון תבליני מימון 40 גרם,א.ל ייצור ושיווק תבלינים,IL,אגוז מוסקט טחון 40 גרם -,גרמים,40.00,100 גרם,false,,14.50,0.3625,true,1,1441227
7290012938405,false,"רדיד אלומיניום עבה במיוחד לבישול,אפייה והקפאה.",ריינולדס,CN,רדיד אלומיניום רחב רוחב 4,אורך,7.60,אורך,false,,16.90,2.2237,true,1,1455799
7290012938580,false,"סנסודיין משחת שיניים להלבנה עדינה 75 מ""ל",גלקסוסמית'\קליין קונסיומ,GB,סנסודיין הלבנה עדינה 75 מ,מטרים,75.00,100 מ'ל,false,,21.90,0.2920,true,1,1455800
7290012938597,false,"סנסודיין משחת שיניים רפיד רליף 75 מ""ל","סמיתקליין ביצ'ם בע""מ",GB,סנסודיין רפיד רליף 75 מ'',מטרים,75.00,100 מ'ל,false,,23.90,0.3187,true,1,1455801
7290012938740,false,"משחת שיניים פרש מינט מנטה 75מ""ל סנסודיין",גלקסו סמית קליין,GB,"סנסודיין פרש מינט 75 מ""ל",מטרים,75.00,100 מ'ל,false,,21.90,0.2920,true,1,1455802
7290012938924,false,אקוהפרש מי פה ללא אלכוהול 500 מל,מולינו ניקולי s.p.a,GB,"א.פרש מי פה 500 מ""ל",מיליליטרים,500.00,"100 מ""ל",false,,19.70,0.0394,true,1,1455803
7290012983153,false,סילאן טבעי בקבוק לחיץ תמר כנרת 400 גר,מנדלז סי.אר. פרודקשן,IL,סילאן כנרת 400 גר לח,גרמים,400.00,100 גרם,false,,16.80,0.0420,true,1,1451273
7290012983160,false,סילאן בקבוק לחיץ 400 גרם,"חצר כנרת מוצרי תמר אגש""ח",IL,סילאן לחיץ 400 ג כנר,גרמים,400.00,100 גרם,false,,10.90,0.0273,true,1,1451274
7290013027399,false,לחם קמח מלא קל בתוספת שיפון 750 ג' אנג'ל,מאפיית שלמה א. אנג'\ל בע,IL,לחם קל פרוס 100% קמח,גרמים,750.00,100 גרם,false,,12.90,0.0172,true,1,1444631
7290013038432,false,מים אקווה נובה בקבוק יחיד,אקווה נובה Aqua Nova,IL,מים אקווה נובה 2 ליט,ליטרים,2.00,ליטר,false,,3.20,1.6000,true,1,1444479
7290013083661,false,"מטרנה אקסטרה קר שלב 1 חסכון 700 גרם תמ""ל",מטרנה תעשיות ש.מ,IL,תחליף חלב אקסטרה קר,גרמים,700.00,100 גרם,false,,58.90,0.0841,true,1,1446558
7290013083678,false,"מטרנה אקסטרה קר שלב 2 חסכון 700 גרם תמ""ל",מולינו ניקולי s.p.a,IL,תחליף חלב אקסטרה קר,גרמים,700.00,100 גרם,false,,58.90,0.0841,true,1,1446559
7290013083685,false,תחליף חלב מטרנה אקסטרה קר שלב 3 חסכון 700 גרם,מטרנה תעשיות ש.מ,IL,תחליף חלב אקסטרה קר,גרמים,700.00,100 גרם,false,,58.90,0.0841,true,1,1446560
7290013117212,false,בורקס פילו במילוי גבינה מעדנות 600 גר,מיוצר עי קונדיטוריית,IL,בורקס פילו במילוי גבינה מ,גרמים,600.00,100 גרם,false,,18.90,0.0315,true,1,1443245
7290013117229,false,"בורקס פילו במילוי תפו""א מעדנות 600 גר",מיוצר עי קונדיטוריית,IL,"בורקס פילו במילוי תפו""א מ",גרמים,600.00,100 גרם,false,,18.90,0.0315,true,1,1443246
7290013117236,false,בורקס פילו פיצה מעדנות 600 גרם,מיוצר עי קונדיטוריית,IL,בורקס פילו פיצה 600 גר,גרמים,600.00,100 גרם,false,,18.90,0.0315,true,1,1443247
7290013117410,false,בצק פריך מרודד למאפים מתוקים 900 ג' מעדנות,מיוצר עי קונדיטוריית,IL,בצק פריך מתוק 900 גר מעדנ,גרמים,900.00,100 גרם,false,,19.90,0.0221,true,1,1443249
7290013117427,false,בצק פריך מרודד למאפים מלוחים מעדנות 2*450 גרם,מיוצר עי קונדיטוריית,IL,בצק פריך מלוח 900 גר מעדנ,גרמים,900.00,100 גרם,false,,19.90,0.0221,true,1,1443250
7290013117526,false,בצק שמרים מרודד למאפים מתוקים מעדנות 900 גרם,"מעדנות בע""\מ",IL,בצק שמרים למאפים מתוקים 9,גרמים,900.00,100 גרם,false,,19.90,0.0221,true,1,1443251
7290013121028,false,לחם לבן 500 גרם ללא גלוטן גרין לייט,אביב קונדיטוריה מעול,IL,לחם לבן 500 גרם ללא,גרמים,500.00,100 גרם,false,,17.70,0.0354,true,1,1455805
7290013121035,false,לחם פשתן ללא גלוטן 500 גר קפוא,אביב קונדיטוריה מעול,IL,לחם פשתן 500 גרם,גרמים,500.00,100 גרם,false,,18.70,0.0374,true,1,1455806
7290013121042,false,לחם איטלקי ללא גלוטן 500 גר קפוא,אביב קונדיטוריה מעול,IL,לחם איטלקי 500 גרם ל,גרמים,500.00,100 גרם,false,,19.70,0.0394,true,1,1455807
7290013121103,false,רביעיית לחמניות סנדויץ ללא גלוטן 460 גרם,אביב קונדיטוריה מעול,IL,שליש באגט 4 יחידות ל,יח',1.00,יח',false,,17.70,17.7000,true,1,1455809
7290013121127,false,לחמניות מיני ללא גלוטן גרין לייט 6 יחידות,אביב קונדיטוריה מעול,IL,לחמניות מיני 420 גרם,גרמים,420.00,100 גרם,false,,17.70,0.0421,true,1,1455811
7290013121158,false,לחמניות סנדוויץ ללא גלוטן גרין לייט 4 * 115 גרם,אביב קונדיטוריה מעול,IL,רביעיית לחמניות סנדב,גרמים,460.00,100 גרם,false,,17.70,0.0385,true,1,1455813
7290013121165,false,לחמניות נקניקיה ללא גלוטן גרין לייט 6 * 77 גרם,אביב קונדיטוריה מעול,IL,לחמניות נקניקיה 6 יח,100 יח,460.00,100 יח,false,,17.70,0.0385,true,1,1455814
7290013144157,false,תערובת להכנת סחלב 130גרם,א.ל ייצור ושיווק תבלינים,IL,סחלב 130 גרם,גרמים,130.00,100 גרם,false,,9.90,0.0762,true,1,1441229
7290013144171,false,"תערובת עוגת שוקולד 560 גרם ""מיימונס""",א.ל ייצור ושיווק תבלינים,IL,תערובת עוגת שוקולד,גרמים,560.00,100 גרם,false,,16.90,0.0302,true,1,1441230
7290013144188,false,מימונס תערובת להכנת בראוניז 600 גרם,א.ל ייצור ושיווק תבלינים,IL,תערובת בראוניס,גרמים,600.00,100 גרם,false,,16.90,0.0282,true,1,1441231
7290013144195,false,מיימונס תערובת כדורי שוקולד 500 גרם.,א.ל ייצור ושיווק תבלינים,IL,תערובת כדורי שוקולד,גרמים,500.00,100 גרם,false,,16.90,0.0338,true,1,1441232
7290013144201,false,מיימונס תערובת פנקייק 400 גרם,א.ל ייצור ושיווק תבלינים,IL,תערובת פנקייק,גרמים,400.00,100 גרם,false,,15.90,0.0398,true,1,1441233
7290013144232,false,מיימונס פודינג בטעם וניל 80 גרם,א.ל ייצור ושיווק תבלינים,IL,פודינג וניל 85 גרם,גרמים,80.00,100 גרם,false,,4.90,0.0613,true,1,1441236
7290013144249,false,מיימונס פודינג שוקולד 95 גרם,א.ל ייצור ושיווק תבלינים,IL,פודינג שוקולד 95 גרם,גרמים,95.00,100 גרם,false,,4.90,0.0516,true,1,1441237
7290013144270,false,תערובת להכנת קרם פטיסייר מיימונס 100 גרם,א.ל ייצור ושיווק תבלינים,IL,קרם פטיסייר 100 גרם,גרמים,100.00,100 גרם,false,,9.90,0.0990,true,1,1441239
7290013144317,false,מימונס ג'וני גלילית וופל למילוי 18 יחידות,הגביע מוצרי וופלים ב,IL,ג'וני - גלילית וופל למילו,יח',18.00,יח',false,,21.90,1.2167,true,1,1441241
7290013144393,false,"תמצית בטעם וניל מימונס 50 מ""ל",א.ל ייצור ושיווק תבלינים,IL,תמצית וניל 50 גרם,גרמים,50.00,100 גרם,false,,4.50,0.0900,true,1,1441242
7290013144409,false,תמצית בטעם רום מימונס 50 גרם,א.ל ייצור ושיווק תבלינים,IL,תמצית בטעם רום 50 גרם,גרמים,50.00,100 גרם,false,,4.50,0.0900,true,1,1441243
7290013144416,false,"תמצית בטעם שקדים מימונס 50 מ""ל",א.ל ייצור ושיווק תבלינים,IL,תמצית שקדים 50 גרם,גרמים,50.00,100 גרם,false,,4.50,0.0900,true,1,1441244
7290013144508,false,"תמצית בטעם ורדים מיימונס 50 מ""ל",מיוצר עי קונדיטוריית,IL,תמצית בטעם ורדים,מטרים,50.00,100 מ'ל,false,,8.90,0.1780,true,1,1441246
7290013144614,false,"מיימונס סירופ מייפל אמיתי 100% מקנדה 236 מ""ל",הנסיך- מפעל לייצור ט,DK,סירופ מייפל אמיתי 100% מק,מיליליטרים,236.00,"100 מ""ל",false,,29.90,0.1267,true,1,1441251
7290013144751,false,סירופ בטעם מייפל מימונס 500 גרם,א.ל ייצור ושיווק תבלינים,IL,סירופ בטעם מייפל 500 גרם,גרמים,500.00,100 גרם,false,,13.90,0.0278,true,1,1441252
7290013144768,false,סירופ בטעם שוקולד מימונס 500 גרם,א.ל ייצור ושיווק תבלינים,IL,סירופ בטעם שוקולד 500 גרם,גרמים,500.00,100 גרם,false,,13.90,0.0278,true,1,1441253
7290013144812,false,אבקת אייס קפה וניל 320 גרם מימונס,מימונס אפייה,IL,אייס בטעם וניל 300 ג,גרמים,300.00,100 גרם,false,,17.90,0.0597,true,1,1476670
7290013144911,false,מימונס מיקס שוקולד צ'יפס מריר וחלב 250 גרם,אינטרגטה תעשיות מזון 19),IL,מיקס שוקולד ציפס מרי,יח',1.00,יח',false,,14.90,14.9000,true,1,1456919
7290013145024,false,מיימונס אגוז מלך טחון 100 גרם,א.ל ייצור ושיווק תבלינים,IL,אגוז מלך טחון,גרמים,100.00,100 גרם,false,,12.90,0.1290,true,1,1441258
7290013145031,false,אגוזי לוז מסוכרים מיימונס 100 גרם,א.ל ייצור ושיווק תבלינים,IL,ברס- אגוזי לוז מסוכרים 10,גרמים,100.00,100 גרם,false,,11.90,0.1190,true,1,1441259
7290013145048,false,מיימונס צנוברים 100 גרם,א.ל ייצור ושיווק תבלינים,IL,צנוברים,גרמים,100.00,100 גרם,false,,26.90,0.2690,true,1,1441260
7290013145109,false,שקד מולבון טחון מימונס 100 גרם,א.ל ייצור ושיווק תבלינים,IL,שקד מולבן טחון,גרמים,100.00,100 גרם,false,,12.90,0.1290,true,1,1441265
7290013145116,false,מיימונס שקד מולבן מקלות 100 גרם.,א.ל ייצור ושיווק תבלינים,IL,שקד מולבן מקלות,גרמים,100.00,100 גרם,false,,12.90,0.1290,true,1,1441266
7290013145123,false,מיימונס שקד מולבן פרוס 100 גרם,א.ל ייצור ושיווק תבלינים,IL,שקד מולבן פרוס,גרמים,100.00,100 גרם,false,,12.90,0.1290,true,1,1441267
7290013145130,false,"שקד מולבן חצוי 100 גרם ""מיימונס",מימונס אפייה,IL,שקד מולבן חצוי,גרמים,100.00,100 גרם,false,,12.90,0.1290,true,1,1441268
7290013145178,false,קוקוס טחון לבן מיימונס 100 גרם,א.ל ייצור ושיווק תבלינים,IL,קוקוס טחון לבן,גרמים,100.00,100 גרם,false,,4.50,0.0450,true,1,1441270
7290013145192,false,שומשום מיימונס 100 גרם,א.ל ייצור ושיווק תבלינים,IL,שומשום,גרמים,100.00,100 גרם,false,,4.60,0.0460,true,1,1441271
7290013145215,false,שומשום מימונס 400 גרם,א.ל ייצור ושיווק תבלינים,IL,שומשום 400 גרם,גרמים,400.00,100 גרם,false,,13.90,0.0348,true,1,1441272
7290013145277,false,עלים לקרמשניט מימונס 300 גרם,מימונס אפייה,IT,עלים לקרמשניט 300 גר,גרמים,300.00,100 גרם,false,,15.90,0.0530,true,1,1441274
7290013145406,false,שוקולד צ'יפס לבן מיימונס 250 גרם,אינטרגטה תעשיות מזון 19),IL,שוקולד צ'יפס לבן,גרמים,250.00,100 גרם,false,,9.90,0.0396,true,1,1441276
7290013145437,false,שוקולד מריר מעולה ציפס מימונס 250 ג',אינטרגטה תעשיות מזון 19),IL,שוקולד צ'יפס 48%,גרמים,250.00,100 גרם,false,,12.90,0.0516,true,1,1441277
7290013145444,false,שוקולד מריר מעולה ציפס 66% מימונס 250 ג',המאפיה של הרמן,IL,שוקולד צ'יפס 66%,גרמים,250.00,100 גרם,false,,14.90,0.0596,true,1,1441278
7290013145451,false,אבקת קקאו מימונס 150 ג',מיוצר עי קונדיטוריית,IL,"קקאו דל שומן 10-12% , 15",גרמים,150.00,100 גרם,false,,8.90,0.0593,true,1,1441279
7290013145536,false,סוכריות לקישוט בטעם שוקולד מיימונס 85 גרם,א.ל ייצור ושיווק תבלינים,IL,סוכריות בטעם שוקולד לקישו,גרמים,85.00,100 גרם,false,,5.50,0.0647,true,1,1441281
7290013145567,false,מיימונס מיני מיני עדשים 90 גרם.,א.ל ייצור ושיווק תבלינים,IL,מיני מיני עדשים 90 גרם,גרמים,90.00,100 גרם,false,,10.50,0.1167,true,1,1441282
7290013145628,false,סוכריות צבעוניות לקישוט מימונס 200 גרם,א.ל ייצור ושיווק תבלינים,IL,סוכריות צבעוניות לקישוט 2,גרמים,200.00,100 גרם,false,,8.90,0.0445,true,1,1441284
7290013145710,false,מיימונס דובדבנים מסוכרים 100 גרם,א.ל ייצור ושיווק תבלינים,IL,דובדבנים מסוכרים,גרמים,100.00,100 גרם,false,,9.60,0.0960,true,1,1441288
7290013145796,false,"רביעיית צבעי מאכל גל 4*25 מ""ל",מימונס אפייה,IL,רביעיית צבעי מאכל ג',יח',1.00,יח',false,,49.90,49.9000,true,1,1441290
7290013145826,false,פודניג בטעם וניל לבן במיוחד מימונס 80 ג',א.ל ייצור ושיווק תבלינים,IL,פודינג בטעם וניל לבן במיו,גרמים,80.00,100 גרם,false,,4.90,0.0613,true,1,1441291
7290013145833,false,פודינג שוקולד אמיתי מימונס 80 גרם,א.ל ייצור ושיווק תבלינים,IL,פודינג שוקולד בלגי 95 גרם,גרמים,95.00,100 גרם,false,,4.90,0.0516,true,1,1441292
7290013145840,false,סוכר וניל מיימונס 10 יחידות,א.ל ייצור ושיווק תבלינים,IL,סוכר וניל 10 יח' בצלופן,גרמים,116.00,100 גרם,false,,2.20,0.0190,true,1,1441293
7290013145857,false,אבקת אפיה מיימונס 10 יחידות,מימונס אפייה,IL,אבקת אפיה 10 יח' בצלופן,גרמים,10.00,100 גרם,false,,2.20,0.2200,true,1,1441294
7290013145918,false,אבקת סוכר מיימונס 100 גרם,א.ל ייצור ושיווק תבלינים,IL,אבקת סוכר,גרמים,100.00,100 גרם,false,,1.90,0.0190,true,1,1441298
7290013145956,false,שמרים יבשים בוואקום מיימונס 500 גרם,הנסיך- מפעל לייצור ט,CN,שמרים יבשים בואקום 500 גר,גרמים,500.00,100 גרם,false,,12.90,0.0258,true,1,1441300
7290013145963,false,שמרים יבשים בוואקום מיימונס 125 גרם,מימונס אפייה,CN,שמרים יבשים בואקום 125 גר,גרמים,125.00,100 גרם,false,,5.50,0.0440,true,1,1441301
7290013145970,false,קורנפלור מימונס בשקית 200 ג',א.ל ייצור ושיווק תבלינים,IL,קורנפלור בשקית 200 גרם,גרמים,200.00,100 גרם,false,,3.90,0.0195,true,1,1441302
7290013146014,false,מלית אוכמניות 70% פרי מיימונס 400 גרם,אינטרגטה,IL,מלית אוכמניות 70% פרי,גרמים,400.00,100 גרם,false,,15.90,0.0398,true,1,1441304
7290013146038,false,מיימונס מלית דובדבנים 70% פרי 400 גרם,א.ל ייצור ושיווק תבלינים,IL,מלית דובדבנים 70% פרי,גרמים,400.00,100 גרם,false,,15.90,0.0398,true,1,1441306
7290013146083,false,מיימונס מלית חלבה 400 גרם,אינטרגטה תעשיות מזון 19),IL,מלית חלבה,גרמים,400.00,100 גרם,false,,15.90,0.0398,true,1,1441309
7290013146199,false,מלית קרם נוגט 350 גרם מימונס,אינטרגטה תעשיות מזון 19),IL,קרם נוגט,גרמים,350.00,100 גרם,false,,12.90,0.0369,true,1,1441310
7290013146243,false,פודינג בטעם וניל מיממונס 320 גרם,,IL,פודינג וניל מימונס 3,גרמים,320.00,100 גרם,false,,11.70,0.0366,true,1,1524035
7290013146304,false,קורנפלור 500 גרם מימונס.,א.ל ייצור ושיווק תבלינים,IL,קורנפלור 500 גר.,גרמים,500.00,100 גרם,false,,6.50,0.0130,true,1,1441315
7290013146403,false,סירופ בטעם קרמל מלוח מימונס 500 גרם,א.ל ייצור ושיווק תבלינים,IL,סירופ קרמל מלוח,יח',1.00,יח',false,,16.90,16.9000,true,1,1441316
7290013146410,false,נשיקות לקישוט צבע כחול מימונס 60 גרם,רות פטיפורים,IL,מיני מרנג צבע כחול 6,יח',1.00,יח',false,,14.90,14.9000,true,1,1441317
7290013146441,false,נשיקות לקישוט צבע ורוד מימונס 60 גרם,"מימונס אפיה בע""מ",IL,מיני מרנג צבע ורוד 6,יח',1.00,יח',false,,14.90,14.9000,true,1,1441320
7290013146724,false,אבקת אייס קפה 350 גרם מימונס,מימונס אפייה,IL,אייס קפה להכנה ביתית,גרמים,350.00,100 גרם,false,,17.90,0.0511,true,1,1441325
7290013146755,false,"קצפת 24% שומן מימונס 500 מ""ל",מוצרי קפוא זן,BG,מימונס קצפת מעולה 24,מיליליטרים,500.00,"100 מ""ל",false,,13.90,0.0278,true,1,1441615
7290013146762,false,"קצפת לזילוף 24% שומן מימונס 200 מ""ל",מוצרי קפוא זן,BG,מימונס קצפת מעולה 24,מיליליטרים,200.00,"100 מ""ל",false,,6.90,0.0345,true,1,1441616
7290013146816,false,אבקת סוכר מימונס 500 גרם,א.ל ייצור ושיווק תבלינים,IL,אבקת סוכר שקית 500 ג,גרמים,500.00,100 גרם,false,,6.90,0.0138,true,1,1441329
7290013146854,false,קוקוס לבן טחון מימונס 400 ג',א.ל ייצור ושיווק תבלינים,IL,קוקוס לבן 400 גרם,גרמים,400.00,100 גרם,false,,14.90,0.0373,true,1,1441330
7290013153395,false,פריגת סחוט טרי רימונים 1ליטר,פריגת מצוננים,IL,פריגת סחוט רימונים 1,ליטרים,1.00,ליטר,false,,21.90,21.9000,true,1,1441747
7290013153418,false,פריגת סחוט לימונענע 1 ליטר,פריגת מצוננים,IL,סחוט לימונענע 1 ליטר,ליטרים,1.00,ליטר,false,,15.90,15.9000,true,1,1441749
7290013153593,false,תפוזים מתקתק 100% פריגת 1 ליטר,"גת גבעת חיים,",IL,מיץ תפוזים 100% 1לי,ליטרים,1.00,ליטר,false,,10.90,10.9000,true,1,1441757
7290013215017,false,פטריות זוגות חוות השמפניון,אראל תוצרת חקלאית בע,IL,פטריות זוגות חוות הש,גרמים,500.00,100 גרם,false,,15.90,0.0318,true,1,1462138
7290013267665,false,סולרו מיני קלאסי - פירות טרופיים (חלבי),"מיוצר ע""\י גלידת שטראוס",IL,מאגדת שלגוני מיני סו,גרמים,354.00,100 גרם,false,,19.50,0.0551,true,1,1453618
7290013268020,false,מקסימה מרכך כביסה מרוכז בניחוח אולטרא פרש סנו 1 ליטר,"סנו מפעלי ברונוס בע""\מ",IL,מקסימה מרכך כביסה מר,ליטרים,1.00,ליטר,false,,17.50,17.5000,true,1,1448912
7290013268037,false,מקסימה מרכך כביסה מרוכז בניחוח לבנדר פצ'ולי סנו 1 ליטר,"סנו מפעלי ברונוס בע""\מ",IL,מקסימה מרכך כביסה מר,ליטרים,1.00,ליטר,false,,17.50,17.5000,true,1,1448913
7290013268242,false,תרכיז ריחני לניקוי רצפות בריח מלון מפנק ריצפז פרש,"סנו מפעלו ברונוס בע""\מ",IL,ריצפז פרש הום 2 לי,ליטרים,2.00,ליטר,false,,19.80,9.9000,true,1,1448916
7290013268372,false,פוליויקס נוזל לניקוי פרקט סנו 2 ליטר,סנו פוליויקס,IL,פוליויקס נוזל לניקוי,ליטרים,2.00,ליטר,false,,19.90,9.9500,true,1,1448919
7290013268563,false,"קרמה - דאודורנט ספריי לגבר ללא אלומיניום כחול קול 200 מ""ל",מיוצר עי אמיליה קוסמ,IL,קרמה מן דאודורנט ספר,מיליליטרים,200.00,"100 מ""ל",false,,10.90,0.0545,true,1,1448923
7290013268884,false,"נוזל רצפות מאסק 2 ליטר ""ריצפז פרש""",מיוצר עי קונדיטוריית,IL,ריצפז פרש 2 ליטר בני,ליטרים,2.00,ליטר,false,,16.90,8.4500,true,1,1448927
7290013268891,false,אוקסיג'ן ג'ל ללא אקונומיקה עם חמצן פעיל סנו 3 ליטר,"סנו מפעלי ברונוס בע""\מ",IL,אוקסיג'ן ג'ל ללא אקו,ליטרים,3.00,ליטר,false,,28.90,9.6333,true,1,1448928
7290013268907,false,ג'ל כביסה ביו בטמפרטורות נמוכות,"סנו מפעלי ברונוס בע""\מ",IL,מקסימה ג'ל כביסה ביו,ליטרים,3.00,ליטר,false,,28.90,9.6333,true,1,1448929
7290013268914,false,סנו מקסימה ג'ל כביסה סמארט 3 ל',סנו מקסימה,IL,סנו ג'ל מקסימה חכמה,ליטרים,3.00,ליטר,false,,29.90,9.9667,true,1,1448930
7290013268983,false,מרכך כביסה סופר מרוכז בבישום עוצמתי סנו מקסימה 1 ל',"סנו מפעלי ברונוס בע""\מ",IL,מקסימה מרכך כביסה מר,מטרים,1000.00,100 מ'ל,false,,17.50,0.0175,true,1,1448931
7290013268990,false,מרכך כביסה מרוכז לבן ביו סנו מקסימה 1 ליטר,"סנו מפעלי ברונוס בע""\מ",IL,מרכך כביסה מרוכז לבן,ליטרים,1.00,ליטר,false,,17.50,17.5000,true,1,1448932
7290013269096,false,מטליות לחות לטיפול במוצרי עור,מיוצר עי קונדיטוריית,IL,מטליות לחות למוצרי ע,יח',20.00,יח',false,,18.90,0.9450,true,1,1448934
7290013269157,false,"מרכך מבשם למייבש כביסה לבנדר סנו מקסימה 750 מ""ל",סנו מקסימה,,סנו מקסימה לבנדר מרכ,מיליליטרים,750.00,"100 מ""ל",false,,16.30,0.0217,true,1,1448935
7290013269263,false,ג'ל כביסה מרוכז מקסימה בבישום קריסטל נואר,סנו מפעלי ברונוס בעמ,IL,מקסימה ג'ל כביסה קרי,ליטרים,3.00,ליטר,false,,28.90,9.6333,true,1,1448936
7290013269287,false,סנו - מקסימה ג'ל כביסה מרוכז מאסק 3 ליטר,"סנו מפעלי ברונוס בע""\מ",IL,מקסימה ג'ל כביסה מאס,ליטרים,3.00,ליטר,false,,28.90,9.6333,true,1,1448937
7290013269300,false,ניילון נצמד פלוס סנו סושי 150 מטר,"מיוצר בהונג קונג, סי",IL,ניילון נצמד 150 מ סנ,יח',150.00,יח',false,,20.90,0.1393,true,1,1448938
7290013269621,false,ריצפז פרש לניקוי רצפות בניחוח מלון בוטיק,מיוצר עי קונדיטוריית,IL,ריצפז פרש הום 2 לי,ליטרים,2.00,ליטר,false,,19.80,9.9000,true,1,1448941
7290013269638,false,ספוג הפלא אקסטרה Extra- מארז 6 יח',החברה הדרומית,IL,סנו סושי ספוג הפלא א,יח',6.00,יח',false,,9.70,1.6167,true,1,1448942
7290013269645,false,ריצפז פרש מטליות לחות לריצפה בניחוח מאסק 10 יחידות,סנו מפעלי ברונוס בעמ,IL,ריצפז פרש מטליות לחו,יח',10.00,יח',false,,10.90,1.0900,true,1,1448943
7290013269652,false,פוליויקס נוזל לניקוי רצפות גרניט פורצלן סנו 2 ליטר,סנו פוליויקס,IL,פוליויקס נוזל לניקוי,ליטרים,2.00,ליטר,false,,14.90,7.4500,true,1,1448944
7290013269690,false,סנובון ג'ל לניקוי האסלה בניחוח לימון,Nicolas polandמשווק,PL,סנובון ג'ל לימון,מטרים,55.00,100 מ'ל,false,,5.90,0.1073,true,1,1448946
7290013269706,false,"סנובון ג'ל לאסלה אוקיאנוס נתלה 55מ""ל",סנו סנובון,PL,סנובון ג'ל אוקיינוס,מטרים,55.00,100 מ'ל,false,,5.90,0.1073,true,1,1448947
7290013269751,false,מטליות לחותריצפז פרש לניקוי ריצפה בניחות מלון בוטיק 10 יח' סנו,טרופיקל דגיל תעשיות,IL,ריצפז פרש מטליות לחו,יח',10.00,יח',false,,10.90,1.0900,true,1,1448948
7290013269850,false,נייר אפיה אקולוגי סנו סושי 50 יחידות,מולינו ניקולי s.p.a,IL,נייר אפיה אקולוגי סנ,יח',50.00,יח',false,,13.90,0.2780,true,1,1448949
7290013284082,false,פריניר זית מושחר ללא גלעין 275 גרם,פריניר,,פריניר זית מושחר ללא,גרמים,275.00,100 גרם,false,,6.90,0.0251,true,1,1447232
7290013284112,false,פריניר זית חרוזית יר,פריניר ( הדס 1987) ב,IL,זיתים חרוזית ירוק 56,גרמים,560.00,100 גרם,false,,6.90,0.0123,true,1,1447234
7290013284136,false,מלפפונים פריניר במלח,פריניר,IL,מלפפון במלח 7-9 560,גרמים,560.00,100 גרם,false,,5.30,0.0095,true,1,1447235
7290013284143,false,מלפפונים פריניר במלח,פריניר,IL,מלפפון במלח 10-12 32,גרמים,320.00,100 גרם,false,,6.40,0.0200,true,1,1447236
7290013284150,false,מלפפונים פריניר במלח,פריניר,IL,מלפפון במלח 13-17 32,גרמים,320.00,100 גרם,false,,6.40,0.0200,true,1,1447237
7290013284167,false,מלפפונים פריניר במלח,פרי ניר,IL,מלפפון במלח 18-25 56,גרמים,560.00,100 גרם,false,,8.90,0.0159,true,1,1447238
7290013284174,false,פריניר מלפפונים בחומ,פריניר,IL,מלפפון בחומץ 7-9 560,גרמים,560.00,100 גרם,false,,5.30,0.0095,true,1,1447239
7290013284181,false,פריניר מלפפונים בחומ,פריניר,,מלפפון בחומץ 10-12 2,גרמים,290.00,100 גרם,false,,6.40,0.0221,true,1,1447240
7290013284198,false,מלפפונים פריניר בחומ,פריניר ( הדס 1987) ב,IL,מלפפון בחומץ 13-17 2,גרמים,290.00,100 גרם,false,,6.40,0.0221,true,1,1447241
7290013284310,false,רוטב פסטה לילדים פריניר 240 גרם,פריניר ( הדס 1987) ב,IL,רוטב פסטה לילדים 240,גרמים,240.00,100 גרם,false,,4.90,0.0204,true,1,1447244
7290013284662,false,רוטב פיצה פיתה לילדים 240 ג' פריניר,פריניר ( הדס 1987) ב,IL,רוטב פיצה פיתה 240 ג,גרמים,240.00,100 גרם,false,,4.90,0.0204,true,1,1447245
7290013284808,false,פרי ניר זיתים ירוקים מבוקעים 340 גרם,פרי ניר,IL,פרי ניר זיתים ירוקים,גרמים,340.00,100 גרם,false,,7.90,0.0232,true,1,1447246
7290013302236,false,פסטה בילאג'יו פרפלה 500 גרם טעמן,מוצרי יסוד - טעמן,IL,טעמן פסטה פרפלה גמבו,גרמים,500.00,100 גרם,false,,3.90,0.0078,true,1,1461270
7290013302243,false,פסטה בילאג'יו מסולסלת 500גרם טעמן,מוצרי יסוד - טעמן,TR,טעמן פסטה מסולסלת 50,גרמים,500.00,100 גרם,false,,3.90,0.0078,true,1,1461271
7290013302298,false,שישיה גרבר פריטוב 190 גר' טעמן קוקטייל פירות,טעמן,IL,מחית קוקטייל פירות ט,קילוגרמים,1.14,"ק""ג",false,,22.90,20.0877,true,1,1446115
7290013302663,false,פילה סרדין בשמן זית 125 גר' טעים,,MA,פילה סרדין בשמן זית,גרמים,125.00,100 גרם,false,,7.80,0.0624,true,1,1446124
7290013358004,false,גריזלי גריל 70 ג רמי לוי,,,גריזלי גריל 70 ג רמי,יח',1.00,יח',false,,2.50,2.5000,true,1,1456661
7290013358011,false,גריזלי ברבקיו 70 ג רמי לוי,,,גריזלי ברבקיו 70 ג ר,יח',1.00,יח',false,,2.50,2.5000,true,1,1456662
7290013358028,false,גריזלי בצל 70 גרם רמי לוי,,,גריזלי בצל 70 גרם רמ,יח',1.00,יח',false,,2.50,2.5000,true,1,1456663
7290013358059,false,גריזלי פלאפל 70 גרם רמי לוי,,,גריזלי פלאפל 70 גרם,יח',1.00,יח',false,,2.50,2.5000,true,1,1456664
7290013358066,false,גריזלי פיצה 70 גרם רמי לוי,,,גריזלי פיצה 70 גרם ר,יח',1.00,יח',false,,2.50,2.5000,true,1,1456665
7290013358356,false,פירורי לחם מוזהבים מאסטר שף 320 גרם,מנה י.א בעמ,IL,מאסטר שף פירורי לחם,גרמים,320.00,100 גרם,false,,6.90,0.0216,true,1,1444872
7290013358363,false,מאסטר שף פרורי לחם פנקו עבים בסגנון יפני 300 גר,קריניציה ויטמינה אס,IL,מאסטר שף פרורי לחם פ,גרמים,300.00,100 גרם,false,,9.80,0.0327,true,1,1444873
7290013358370,false,פנקו פירורי לחם מאסטר שף בטעם שום 300 גרם,"מיוצר ע""י מנה י.א בע",IL,מאסטר שף פירורי לחם,גרמים,300.00,100 גרם,false,,9.90,0.0330,true,1,1444874
7290013358417,false,מאסטר שף אסייאתי רוטב טריאקי 300 מל כשלפ,קריניציה ויטמינה אס,TH,מאסטר שף רוטב טריאקי,מיליליטרים,300.00,"100 מ""ל",false,,7.90,0.0263,true,1,1444875
7290013358431,false,מאסטר שף קרוטונים לסלט עגבניות ובזיליקום,עינת תעשיות מזון אגו,IL,מאסטר שף קרוטונים לס,גרמים,200.00,100 גרם,false,,11.80,0.0590,true,1,1444876
7290013358486,false,מאסטר שף פירורים מוזהבים ללא צורך בביצה 300 ג,"מיוצר ע""י מנה י.א בע",IL,מאסטר שף פרורי לחם מ,גרמים,300.00,100 גרם,false,,4.90,0.0163,true,1,1444879
7290013358523,false,מאסטר שף שבבי בצל מטוגן 150 גרם,קריניציה ויטמינה אס,NL,מאסטר שף שבבי בצל מט,גרמים,150.00,100 גרם,false,,13.80,0.0920,true,1,1444882
7290013453136,false,עוגיות כוסמין שטרודל תפוחים ללא תוספת סוכר טבעוני,דני וגלית,IL,עוגיות כוסמין תפוח ל,גרמים,230.00,100 גרם,false,,24.50,0.1065,true,1,1471319
7290013453648,false,דני וגלית עוגיות פירות יער מקמח שקדים וקמח אורז מלא 230 גרם,"דני וגלית בע""מ",IL,עוגיות קמח שקדים פיר,גרמים,230.00,100 גרם,false,,25.50,0.1109,true,1,1471322
7290013472892,false,בולגריה קוביות במי מלח - מרכיבי חלב ושומן צמחי,"קוליוס אס.איי, גריק",GR,הבולגריה בולגרית 22%,גרמים,200.00,100 גרם,false,,9.90,0.0495,true,1,1457238
7290013472908,false,הבולגריה בקוביות ויליפוד 400 גרם,וילי פוד,GR,בולגרית בקוביות 400,גרמים,400.00,100 גרם,false,,19.90,0.0497,true,1,1457239
7290013492005,false,תפוח אדמה אדום למיקרו 600 ג',שרווין ווליאמס,IL,"תפו""א מזן מובחר ארוז",גרמים,700.00,100 גרם,false,,6.90,0.0099,true,1,1460793
7290013520463,false,לחם בריאות ושובע כוס,מאפיית אגמי,,לחם כוסמין 100% 600,גרמים,600.00,100 גרם,false,,15.70,0.0262,true,1,1458410
7290013520500,false,לחמניה ביס כוסמין מלא 8יח,מאפיית אגמי,IL,לחמניה ביס כוסמין מל,גרמים,400.00,100 גרם,false,,15.70,0.0392,true,1,1458411
7290013521415,false,אבקת מרק אורגנית בטעם עוף 200 גרם,השדה מוצרים אורגניים,NL,אבקת מרק בטעם עוף או,יח',1.00,יח',false,,23.70,23.7000,true,1,1471546
7290013521859,false,צ'יפס תפוח אדמה אפוי בתוספת ירקות 65 גרם,"סיבי, נובי פריס",SK,ציפס אפוי בתוספת ירק,יח',1.00,יח',false,,9.90,9.9000,true,1,1471550
7290013531117,false,רוטב פסטה לילדים 240 גרם יכין,"זנלכל בע""\מ",IL,רוטב פסטה לילדים 240,גרמים,240.00,100 גרם,false,,5.50,0.0229,true,1,1452410
7290013531346,false,סירופ דיאט בטעם לימונענע יכין 1 ליטר,"זנלכל בע""\מ",IL,סירופ דיאט בטעם לימו,ליטרים,1.00,ליטר,false,,16.70,16.7000,true,1,1452411
7290013531377,false,תורמוס A2 יכין בית יוסף,היינץ צפון אמריקה מק,IL,תורמוס יכין 560 גרם,גרמים,265.00,100 גרם,false,,8.50,0.0321,true,1,1452412
7290013531612,false,רוטב לפסטה נפוליטנה יכין 240 גרם,זנלכל,IL,רוטב לפסטה נפוליטנה,גרמים,240.00,100 גרם,false,,5.50,0.0229,true,1,1452414
7290013531629,false,רוטב לפסטה פומודורו 240 גרם יכין,היינץ צפון אמריקה מק,IL,רוטב לפסטה פומדורו 2,גרמים,240.00,100 גרם,false,,5.50,0.0229,true,1,1452415
7290013531759,false,שעועית אפויה במים יכין 330 גרם,"זנלכל בע""\מ",IL,שעועית לבנה במים יכי,גרמים,330.00,100 גרם,false,,8.90,0.0270,true,1,1452416
7290013539519,false,"מסכת הזנה ארגן מרוקאי סטייל 500 מ""ל",א.ל ארמן,IL,סטיילמסכת שיער ארגן,מיליליטרים,500.00,"100 מ""ל",false,,27.90,0.0558,true,1,1455834
7290013539892,false,אל סבון נוזלי משאבה תה ירוק סטייל 1 ל',סטייל Style,TR,סבון ידיים תה ירוק 1 ל' מ,ליטרים,1.00,ליטר,false,,11.90,11.9000,true,1,1477132
7290013539915,false,אל סבון נוזלי משאבה תה לבן סטייל 1 ל,סטייל Style,TR,סבון ידיים תה לבן 1 ל' מש,ליטרים,1.00,ליטר,false,,11.90,11.9000,true,1,1497213
7290013584328,false,פקדון בקבוק בירה ריק,,,בקבוק בירה חוזר ריק,יח',1.00,יח',false,,1.20,1.2000,true,1,1442356
7290013585233,false,"ספרייט זירו פחית סליק 330 מ""ל",החברה המרכזית לייצור משקאות,IL,ספרייט זירו פחית 330,מיליליטרים,330.00,"100 מ""ל",false,,3.50,0.0106,true,1,1442414
7290013585387,false,קוקה קולה זירו בקבוק,החברה המרכזית לייצור משקאות,IL,קולה זירו 1ליטר בודד,ליטרים,1.00,ליטר,false,,6.50,6.5000,true,1,1442421
7290013585394,false,קוקה קולה 1ליטר בודד,החברה המרכזית לייצור משקאות,IL,קוקה קולה 1ליטר בודד,ליטרים,1.00,ליטר,false,,6.90,6.9000,true,1,1442422
7290013585967,false,מארז ספרייט זירו 6 * 330 פח Fridge- pack,קוקה קולה ישראל,IL,מארז ספרייט זירו 6 י,ליטרים,1.98,ליטר,false,,21.90,11.0606,true,1,1442428
7290013608260,false,מיץ רימונים 100%מיץ סחוט טרי מצונן 1ליט,"גניר (1992) בע""מ",IL,מיץ רימונים סחוט פרי,ליטרים,1.00,ליטר,false,,20.90,20.9000,true,1,1454595
7290013608482,false,נקטר מנגו פרימור 1 ליטר,דיפלומט,IL,פרימור נקטר מנגו 1לי,ליטרים,1.00,ליטר,false,,7.80,7.8000,true,1,1441359
7290013608550,false,נקטר תפוזים פרימור 1 ליטר,סטאר סנקס,IL,פרימור נקטר תפוזים 1,ליטרים,1.00,ליטר,false,,7.80,7.8000,true,1,1441363
7290013608673,false,נקטר תפוחי עץ פרימור 1 ליטר,סטאר סנקס,IL,פרימור נקטר תפוחי עץ,ליטרים,1.00,ליטר,false,,7.80,7.8000,true,1,1441369
7290013608680,false,מיץ עגבניות פרימור 1 ליטר,סטאר סנקס,IL,פרימור מיץ עגבניות 1,ליטרים,1.00,ליטר,false,,5.90,5.9000,true,1,1441370
7290013625212,false,פילה מקרל בשמן צמחי 125 גרם טעים,,MA,פילה מקרל בשמן צמחי,גרמים,125.00,100 גרם,false,,6.90,0.0552,true,1,1446126
7290013625229,false,פילה מקרל בשמן צמחי ופלפל חריף טעים 125 ג',טעמן,IL,פילה מקרל ופלפל חריף,גרמים,125.00,100 גרם,false,,6.90,0.0552,true,1,1446127
7290013625403,false,חצאי אפרסק צ'ויס בסירופ 470גרם,,IL,חצאי אפרסק צ'ויס בסי,גרמים,470.00,100 גרם,false,,12.90,0.0274,true,1,1446130
7290013625458,false,פטריות שמפיניון שלמות טעמן 400 גרם,מוצרי יסוד - טעמן,NL,פטריות שלמות 400 גרם,גרמים,400.00,100 גרם,false,,7.90,0.0198,true,1,1446132
7290013652157,false,"ד""ר פישר - נטורל קר מגבונים להסרת איפור לעור רגיל יבש 30 יח' * 3",פישר מעבדות פרמצבטיות בע,IL,נטורל קר שלישיית מגבונים,יח',90.00,יח',false,,19.90,0.2211,true,1,1457022
7290013652171,false,"ד""ר פישר - נטורל קר מגבונים להסרת איפור לעור שמן מעורב 30 יח' * 3",פישר מעבדות פרמצבטיות בע,IL,נטורל קר שלישיית מגבונים,יח',90.00,יח',false,,19.90,0.2211,true,1,1457024
7290013652843,false,נטורל קר שמפו לשיער רגיל- ורדים וחלב רימונים,פישר מעבדות פרמצבטיות,IL,נטורל קר שמפו לשיער רגיל,מיליליטרים,700.00,"100 מ""ל",false,,18.90,0.0270,true,1,1457029
7290013652874,false,נטורל קר מרכך לשיער רגיל- ורדים וחלב רימונים,"ד""ר פישר Dr fischer",IL,נטורל קר מרכך לשיער רגיל,מיליליטרים,700.00,"100 מ""ל",false,,18.90,0.0270,true,1,1457031
7290013675545,false,"שניצל כלי תחבורה ""מאמא עוף"" 700 גרם",תנובה גליל שותפות מוגבלת,IL,שניצל כלי תחבורה 700,גרמים,700.00,100 גרם,false,,29.90,0.0427,true,1,1443253
7290013702036,false,"שוופס וואטר אפרסק 500מ""ל",יפאורה שותפות מובגלת לשיווק,IL,שוופס וואטר אפרסק 50,מיליליטרים,500.00,"100 מ""ל",false,,4.80,0.0096,true,1,1447459
7290013702050,false,"שוופס וואטר ענבים 500מ""ל",יפאורה תבורי,IL,שוופס וואטר ענבים 50,מיליליטרים,500.00,"100 מ""ל",false,,4.80,0.0096,true,1,1447461
7290013702388,false,"שוופס מים ט.תפוח 500 מ""ל",יפאורה שותפות מובגלת לשיווק,IL,שוופס ווטר תפוח 500מ,מיליליטרים,500.00,"100 מ""ל",false,,4.80,0.0096,true,1,1447463
7290013771216,false,פטאקי 16% גבינות השומרון,מיוצר עי קונדיטוריית,IL,פטאקי 16% גבינות השו,גרמים,250.00,100 גרם,false,,13.90,0.0556,true,1,1471846
7290013771469,false,בולגרית קלאסית 5% 250גר רמילוי,,,בולגרית קלאסית 5% 25,גרמים,250.00,100 גרם,false,,14.90,0.0596,true,1,1471941
7290013771476,false,פטאקי 16% סגנון יווני 250גר רמילוי,,,פטאקי 16% סגנון יוונ,גרמים,250.00,100 גרם,false,,13.90,0.0556,true,1,1471942
7290013771483,false,בולגרית מעודנת 5% 250גר רמילוי,,,בולגרית מעודנת 5% 25,גרמים,250.00,100 גרם,false,,15.90,0.0636,true,1,1471943
7290013771490,false,גבינת שמנת טבעי 25% 200גר רמילוי,,,גבינת שמנת טבעי 25%,גרמים,200.00,100 גרם,false,,9.90,0.0495,true,1,1471944
7290013771506,false,גבינת שמנת שום שמיר 25% 200גר רמילוי,,,גבינת שמנת שום שמיר,גרמים,200.00,100 גרם,false,,9.90,0.0495,true,1,1471945
7290013787378,false,רביולי ארטישוק ריקוטה 400ג רמילוי,,,רביולי ארטישוק ריקוט,גרמים,400.00,100 גרם,false,,21.90,0.0547,true,1,1461361
7290013787385,false,רביולי סלק ריקוטה 400ג רמילוי,,,רביולי סלק ריקוטה 40,גרמים,400.00,100 גרם,false,,21.90,0.0547,true,1,1461362
7290013787736,false,רביולי במילוי גבינה 400 רמילוי,,,רביולי במילוי גבינה,גרמים,400.00,100 גרם,false,,21.90,0.0547,true,1,1461363
7290013787743,false,רביולי במילוי בטטה 400 רמילוי,,,רביולי במילוי בטטה 4,גרמים,400.00,100 גרם,false,,21.90,0.0547,true,1,1461364
7290013787750,false,רביולי בטטה ומסקרפונה 400 רמילוי,,,רביולי בטטה ומסקרפונ,גרמים,400.00,100 גרם,false,,21.90,0.0547,true,1,1461365
7290013787767,false,רביולי ריקוטה ותרד 400 רמילוי,,,רביולי ריקוטה ותרד 4,גרמים,400.00,100 גרם,false,,21.90,0.0547,true,1,1461366
7290013787811,false,רוטב פטריות 220ג רמילוי,,,רוטב פטריות 220ג רמי,גרמים,220.00,100 גרם,false,,13.90,0.0632,true,1,1461368
7290013787828,false,רוטב אלפרדו 220ג רמילוי,,,רוטב אלפרדו 220ג רמי,גרמים,220.00,100 גרם,false,,13.90,0.0632,true,1,1461369
7290013809070,false,קלין שקיות אשפה ירוק,קלין,,קלין שקיות אשפה ירוק,יחידה,0.00,יחידה,false,,5.90,0.0000,true,1,1506654
7290013809902,false,מטליות לחות קלין לני,קלין,,מטליות לחות לחיטוי ו,יחידה,0.00,יחידה,false,,4.90,0.0000,true,1,1506629
7290013847119,false,טונה סטארקיסט בשמן קנולה רביעיות בישול י,סטארקיסט,IL,"טונה SK בשמן קנולה 160 ב""",גרמים,640.00,100 גרם,false,,24.90,0.0389,true,1,1451522
7290013847645,false,סטארקיסט טונה בשמן זית 80 גר' שלישיות,סטארקיסט Starkist,TR,טונה סטארקיסט שלישיי,גרמים,80.00,100 גרם,false,,16.90,0.2112,true,1,1451527
7290013847980,false,"טונה סטארקיסט שפע 425גר בד""ץ**מבצע**",תאי יוניון,TH,טונה סטארקיסט שפע 42,גרמים,425.00,100 גרם,false,,15.90,0.0374,true,1,1451530
7290013848017,false,תרסיס ניקוי והברקת נירוסטה,"סנו מפעלי ברונוס בע""מ",IL,סנו ניקוי והברקת ניר,מיליליטרים,500.00,"100 מ""ל",false,,19.90,0.0398,true,1,1448953
7290013848345,false,מארז מטליות לחיטוי וניקוי יסודי אנטיבקטריאלי 99.9%,סנו מפעלי ברונוס בעמ,IL,סנו מטליות לחיטוי ול,יח',1.00,יח',false,,19.90,19.9000,true,1,1448955
7290013848734,false,מכשיר אוטומטי לבישום אוויר בתוספת מילוי SOFT BALANCE,סנו פרש Fresh,,מכשיר אוטומטי לבישום,יח',1.00,יח',false,,44.90,44.9000,true,1,1448963
7290013848758,false,מקסימה גל כביסה מרוכז בייבי 3ליטר סנסטיב,"סנו מפעלי ברונוס בע""\מ",IL,סנו מקסימה ג'ל מרוכז,ליטרים,3.00,ליטר,false,,32.80,10.9333,true,1,1448964
7290013883148,false,סופג ריחות במקרר ווליט 40 גרם,יעקבי - הפי Hepi,IT,הפי ג'ל סופג ריחות ב,יח',1.00,יח',false,,9.90,9.9000,true,1,1450579
7290013883407,false,"דזיטול מרסס לחיטוי כללי יעקבי 750 מ""ל",יעקבי - דזיטול Desytol,ES,דזיטול מחטא ומשמיד ח,מיליליטרים,750.00,"100 מ""ל",false,,11.90,0.0159,true,1,1450580
7290013903082,false,צפתית טבעונית ליב 200 גרם,ביוט איילנד פודס בעמ,GB,צפתית טבעונית 200 גר,גרמים,200.00,100 גרם,false,,21.70,0.1085,true,1,1458137
7290013903327,false,טופו בטעם טבעי 500 גרם,"א.י.ן תעשיות בע""מ",IL,טופו 500גרם ליב טבעי,גרמים,500.00,100 גרם,false,,14.90,0.0298,true,1,1458139
7290013906052,false,נקניקיות פרגיות טירת צבי 300 גרם,הנסיך- מפעל לייצור ט,IL,נקניקיות פרגיות 300,גרמים,300.00,100 גרם,false,,10.90,0.0363,true,1,1443261
7290013906205,false,פסטרמה עם שום וצילי טירת צבי 400 ג',הנסיך- מפעל לייצור ט,IL,פסטרמה שום וצ'לי 400,גרמים,400.00,100 גרם,false,,25.90,0.0647,true,1,1443262
7290013906212,false,"נקנקיות וינר טירת 1 ק""ג טירת צבי",הנסיך- מפעל לייצור ט,IL,נקניקיות וינר טירת צ,גרמים,1000.00,100 גרם,false,,22.90,0.0229,true,1,1443263
7290013906236,false,סלמי גלבוע טירת צבי 400 ג',הנסיך- מפעל לייצור ט,IL,סלמי גלבוע 400 גר,גרמים,400.00,100 גרם,false,,19.90,0.0497,true,1,1443264
7290013906441,false,קבנוס טירת צבי 120 גרם,הנסיך- מפעל לייצור ט,IL,קבנוס 120 ג,גרמים,120.00,100 גרם,false,,9.90,0.0825,true,1,1443265
7290013906458,false,קבנוס בטעם פיקנטי טירת צבי 120 גרם,הנסיך- מפעל לייצור ט,IL,קבנוס 120 ג,גרמים,120.00,100 גרם,false,,9.90,0.0825,true,1,1443266
7290013906489,false,חטיפי מיני קבנוס טירת צבי 120 גרם,הנסיך- מפעל לייצור ט,IL,חטיפי קבנוס 120 ג,גרמים,120.00,100 גרם,false,,8.90,0.0742,true,1,1443267
7290013906687,false,פסט' צמד כפרית ברביקיו ודבש 300X2ג' טירת צבי,הנסיך- מפעל לייצור ט,IL,צמד כפרי ברביקיו ודב,גרמים,600.00,100 גרם,false,,24.90,0.0415,true,1,1443271
7290013906694,false,נקניקיות שקית קילו וחצי טירת צבי,הנסיך- מפעל לייצור ט,IL,"נקניקיות עוף 1.5 ק""ג",גרמים,1500.00,100 גרם,false,,29.90,0.0199,true,1,1443272
7290013932174,false,ג'ל אקונומיקה בניחוח לימון לובן קלין 4 ליטר,קלין,,ג'ל אקונומיקה בניחוח,מטרים,4000.00,100 מ'ל,false,,12.90,0.0032,true,1,1506567
7290013994042,false,זרעי פשתן אורגניים הרדוף 300 גרם,אול אורגני,IL,זירעי פשתן אורגניים,גרמים,300.00,100 גרם,false,,6.90,0.0230,true,1,1471433
7290013994318,false,קינואה מעורבת - טריקולור אורגנית 500 גרם הרדוף,אול אורגני,IL,קינואה מעורבת אורגני,גרמים,500.00,100 גרם,false,,19.90,0.0398,true,1,1471437
7290013994554,false,אורז בסמטי לבן 500 אורגני גרם - הרדוף,אול אורגני,IL,אורז בסמטי לבן אורגנ,גרמים,500.00,100 גרם,false,,12.90,0.0258,true,1,1471440
7290013994585,false,גרעיני דלעת קלופים אורגניים 300 גרם הרדוף,אול אורגני,IL,גרעיני דלעת קלופים א,גרמים,300.00,100 גרם,false,,16.90,0.0563,true,1,1471441
7290014002135,false,תה ירוק מיקס 5 טעמים ויסוצקי 25 יחידות,תה ויסוצקי,IL,תה ירוק מיקס,25 יח',1.00,25 יח',false,,22.90,22.9000,true,1,1451277
7290014002197,false,חליטת קמומיל ולימונית הגן הקסום ויסוצקי 25 יחידות,תה ויסוצקי,IL,חליטת קמומיל ולימוני,יח',25.00,יח',false,,16.90,0.6760,true,1,1451279
7290014002203,false,חליטת לימונית ולואיזה הגן הקסום ויסוצקי 25 יחידות,תה ויסוצקי,IL,חליטת לימונית ולואיז,יח',25.00,יח',false,,16.90,0.6760,true,1,1451280
7290014002579,false,תה ירוק וניל ויסוצקי 25 יחידות,ויסוצקי ירוק,IL,תה ירוק וניל 25 יחיד,יח',25.00,יח',false,,22.90,0.9160,true,1,1451281
7290014002944,false,גן קסום חליטת פירות וצמחים חמדת שקד 25 שקיקים,תה ויסוצקי,IL,הגן הקסום חמדת השקד,יח',25.00,יח',false,,16.90,0.6760,true,1,1451282
7290014002982,false,תה ירוק לימונית ולואיזה ויסוצקי 25 יחידות תוספת סטיביה,ויסוצקי ירוק,IL,תה ירוק לימונית סטיב,יח',1.00,יח',false,,22.90,22.9000,true,1,1451283
7290014046016,false,פסטרמה של פעם דל שומן 2% רכיבים טבעיים,מעדני יחיעם,IL,פסטרמה של פעם 100% ר,גרמים,250.00,100 גרם,false,,24.40,0.0976,true,1,1452909
7290014046047,false,צמד פסטרמות יחיעם 600 גרם,מעדני יחיעם 1993,IL,צמד פסטרמות 600 גרם,גרמים,600.00,100 גרם,false,,25.90,0.0432,true,1,1452912
7290014046474,false,"נקניקיות עוף יחיעם 1.5 ק""ג",מעדני יחיעם,IL,"נקניקיות עוף 1.5 ק""ג",קילוגרמים,1.50,"ק""ג",false,,25.90,17.2667,true,1,1452915
7290014046580,false,"פסטרמה מעודנת על האש 300 גרם ""יחיעם""",מעדני יחיעם 1993,IL,פסטרמה מעודנת גחלים,גרמים,300.00,100 גרם,false,,19.90,0.0663,true,1,1452918
7290014046757,false,סלמי תה מעדני יחיעם,מעדני יחיעם,IL,סלמי תה 300 גר,גרמים,300.00,100 גרם,false,,19.90,0.0663,true,1,1452932
7290014046764,false,סלמי פפרוני יחיעם 200 גרם,מעדני יחיעם,IL,סלמי פפרוני 200 גרם,גרמים,200.00,100 גרם,false,,13.90,0.0695,true,1,1452933
7290014059085,false,"משחת שיניים סנסודיין 75 מ""ל פרימיום לשיקום והגנה","סמית קליין ביצ'ם בע""",GB,סנסודיין משחה לשיקום והגנ,100 מל,75.00,100 מל,false,,23.90,0.3187,true,1,1455836
7290014059436,false,"משחת שיניים סנסודיין 75 מ""ל פרימיום לשיקום והגנה מלבינה 75 מ""ל","סמית קליין ביצ'ם בע""",GB,סנסודיין משחה לשיקום והגנ,100 מל,75.00,100 מל,false,,23.90,0.3187,true,1,1455837
7290014066113,false,לנדוור קפה המקורי מארז זוג 2*100 גרם,,,לנדוור קפה המקורי מא,יח',1.00,יח',false,,9.90,9.9000,true,1,1444889
7290014066359,false,לנדוור-קפסולות אספרסו בלנסד(06) - 10יח'12X יח,"קפה לנדוור בע""\מ",IL,לנדוור קפסולות אספרס,יח',1.00,יח',false,,14.90,14.9000,true,1,1444890
7290014066373,false,לנדוור-קפסולות אספרסו קלאסיק(09) - 10יח'12X יח,קפה לנדוור,IL,לנדוור קפסולות אספרס,יח',1.00,יח',false,,14.90,14.9000,true,1,1444892
7290014066526,false,לנדוור-קפסולות אספרסו תערובת הבית(11) - 10יח'12X יח,קפה לנדוור,IL,לנדוור קפסולות אספרס,יח',1.00,יח',false,,14.90,14.9000,true,1,1444899
7290014072091,false,כרוב אדום י.ש ירקות עלים,ירוק למהדרין,,כרוב אדום מהדרין י.ש,קילוגרמים,1.00,"ק""ג",true,,14.90,14.9000,true,1,1473463
7290014079540,false,שיני שום קלופות יחידה,"מרינה פטריות הגליל בע""מ",IL,שום קלוף 1 קילו מרי,גרמים,1000.00,100 גרם,false,,34.90,0.0349,true,1,1456714
7290014079663,false,בצלצלי שאלוט 350 גרם,מרינה,,בצלצלי שאלוט 350 גרם,גרמים,350.00,100 גרם,false,,9.90,0.0283,true,1,1456715
7290014083479,false,גבינה פרוסה גאודה 27% שומן EURO CHEESE ויליפוד 150 גרם,ג.וילי פוד אינטרנשיו,IL,גבינת גאודה פרוסה 29,גרמים,150.00,100 גרם,false,,8.90,0.0593,true,1,1457240
7290014089143,false,בזיליקום בעציץ יחידה,פרח הארץ,IL,בזיליקום בעציץ,יח',1.00,יח',false,,8.90,8.9000,true,1,1469172
7290014089310,false,פטוניה בעציץ יחידה,פרח הארץ,IL,פטוניה בעציץ,יח',1.00,יח',false,,8.90,8.9000,true,1,1469184
7290014089433,false,גרניום בעציץ יחידה,פרח הארץ,IL,גרניום בעציץ,יח',1.00,יח',false,,8.90,8.9000,true,1,1469192
7290014089570,false,אמנון ותמר בעציץ יחידה,פרח הארץ,IL,אמנון ותמר בעציץ,יח',1.00,יח',false,,8.90,8.9000,true,1,1469203
7290014094260,false,שיני שום קלוף קמעונאי,יאנונינגלנאגג פרודיס לטד,CN,שום קלוף מרינה,גרמים,170.00,100 גרם,false,,9.90,0.0582,true,1,1456719
7290014126428,false,מרמולייט סטיביה ממתיק 150 טבליות,מיוצר עי קונדיטוריית,CN,מר' סטיביה 150טבליות,יח',150.00,יח',false,,24.90,0.1660,true,1,1457985
7290014204003,false,"שמפו לשיער צבוע 750 מ""ל פנינה רוזנבלום",פנינה רוזנבלום,IL,שמפו לשיער צבוע 750,מיליליטרים,750.00,"100 מ""ל",false,,8.90,0.0119,true,1,1453743
7290014204010,false,"מרכך לשיער צבוע 750 מ""ל פנינה רוזנבלום",פנינה רוזנבלום,IL,מרכך לשיער צבוע 750,מיליליטרים,750.00,"100 מ""ל",false,,8.90,0.0119,true,1,1453744
7290014204027,false,"שמפו לשיער חפיפה יומיומית 750 מ""ל פנינה רוזנבלום",פנינה רוזנבלום,IL,שמפו לשיער חפיפה יומ,מיליליטרים,750.00,"100 מ""ל",false,,8.90,0.0119,true,1,1453745
7290014204478,false,קרם גוף 4 פנינה רוזנבלום,פנינה רוזנבלום,IL,קרם גוף 4 פנינה רוזנ,מיליליטרים,340.00,"100 מ""ל",false,,23.90,0.0703,true,1,1453747
7290014204560,false,"פנינהרוזנבלום- סבון נוזלי לידיים שלישיה,3*500 מ""ל",פ.רוזנבלום כללי,IL,סבון נוזלי שלישיה 50,מיליליטרים,500.00,"100 מ""ל",false,,9.90,0.0198,true,1,1453748
7290014204683,false,סבון משאבה סגול 1 ליטר פנינה רוזנבלום,פנינה רוזנבלום,IL,סבון משאבה סגול 1 לי,ליטרים,1.00,ליטר,false,,8.90,8.9000,true,1,1453757
7290014204690,false,סבון משאבה ורוד 1 ליטר פנינה רוזנבלום,פנינה רוזנבלום,IL,סבון משאבה ורוד 1 לי,ליטרים,1.00,ליטר,false,,8.90,8.9000,true,1,1453758
7290014218321,false,בורקס אישי יפו גבינה מעדנות 600 גרם,מיוצר עי קונדיטוריית,IL,בורקס יפו גבינה 4יח*,גרמים,600.00,100 גרם,false,,17.90,0.0298,true,1,1443277
7290014218338,false,"בורקס אישי יפו תפו""א מעדנות 600 גרם",מיוצר עי קונדיטוריית,IL,"בורקס יפו תפו""א 4*15",גרמים,600.00,100 גרם,false,,15.90,0.0265,true,1,1443278
7290014218932,false,חטיפי פיצה בתוספ זיתים בשקית מעדנות 710 גרם,מיוצר עי קונדיטוריית,IL,חטיפי פיצה בתוספת זי,גרמים,710.00,100 גרם,false,,27.90,0.0393,true,1,1443282
7290014226029,false,נענע בעציץ,,,נענע בעציץ,יח',1.00,יח',false,,7.90,7.9000,true,1,1469221
7290014256620,false,"יין קריניאנו סלקטד באז כרמל 750 מ""ל",יקבי כרמל Carmel Winery,IL,יין קריניאנו באזז יק,מיליליטרים,750.00,"100 מ""ל",false,,26.90,0.0359,true,1,1453440
7290014256637,false,"יין מבעבע מוסקטו באזז יקבי כרמל 750 מ""ל",יקבי כרמל Carmel Winery,IL,יין מוסקטו באזז יקבי,מיליליטרים,750.00,"100 מ""ל",false,,26.90,0.0359,true,1,1453441
7290014397286,false,מרכך כביסה מרוכז חלב ודבש סנו מקסימה 1 ליטר,סנו-מקסימה,IL,מקסימה מרכך כביסה מר,ליטרים,1.00,ליטר,false,,17.50,17.5000,true,1,1448977
7290014397507,false,מבשם אויר סנו פרש הום בניחוח מאסק מעודן 350 מ''ל,מיוצר עי קונדיטוריית,IL,מבשם אויר סנו פרש הו,מיליליטרים,350.00,"100 מ""ל",false,,9.90,0.0283,true,1,1448982
7290014397514,false,"מבשם אויר סנו פרש הום בניחוח כותנה מלטפת 350 מ""ל","סנו מפעלי ברונוס בע""",IL,מבשם אויר סנו פרש הו,מיליליטרים,350.00,"100 מ""ל",false,,9.90,0.0283,true,1,1448983
7290014397521,false,"מבשם אויר סנו פרש הום בניחוח לבנדר 350 מ""ל",סנו פרש Fresh,IL,מבשם אויר סנו פרש הו,מיליליטרים,350.00,"100 מ""ל",false,,9.90,0.0283,true,1,1448984
7290014397538,false,"מבשם אויר סנו פרש הום בניחוח אביב 350 מ""ל",סנו מפעלי ברונוס בעמ,IL,מבשם אויר סנו פרש הו,מיליליטרים,350.00,"100 מ""ל",false,,9.90,0.0283,true,1,1448985
7290014397675,false,סנו מקסימה מרכך כביסה חלב ודבש 4 ליטר,סנו מקסימה,IL,מקסימה מרכך כביסה חל,ליטרים,4.00,ליטר,false,,21.50,5.3750,true,1,1448986
7290014397767,false,סנו ריצפז פרש הום 2 ליטר בניחוח כותנה-מרכז,"סנו מפעלי ברונוס בע""",IL,ריצפז פרש הום 2לי,ליטרים,2.00,ליטר,false,,19.80,9.9000,true,1,1448990
7290014397774,false,רצפז פרש הום טבע רענן 2 ל',סנו פרש Fresh,IL,רייצפז פרש הום 2 לי,ליטרים,2.00,ליטר,false,,19.80,9.9000,true,1,1448991
7290014397781,false,סנו ריצפז פרש הום 2 ליטר בניחוח סבון,סנו פרש Fresh,IL,ריצפז פרש הום 2לי,ליטרים,2.00,ליטר,false,,19.80,9.9000,true,1,1448992
7290014397873,false,מרכך כביסה בבישום עוצמתי ג'נטל בריז,סנו מפעלי ברונוס בעמ,IL,מקסימה מרכך כביסה סנ,ליטרים,4.00,ליטר,false,,21.50,5.3750,true,1,1448995
7290014426061,false,משחת שיניים הלו קיטי בטעם ענבים לגיל 2-6,כצט נוביס,IL,משחת שיניים הלו קיטי,מיליליטרים,50.00,"מ""ל",false,,10.90,0.2180,true,1,1455842
7290014455245,false,גבינת גרנה פדנו משולש 29% 200 גרם בית יוסף,מחלבת סוציאלה מנטובה,IT,גרנה פדנו משולש 200,גרמים,200.00,100 גרם,false,,22.80,0.1140,true,1,1447338
7290014455252,false,גבינה קשה מגורדת גרנה פדנו 29% שומן,מחלבות גד שיווק 1992,IT,גרנה פדנו מגורד 100,גרמים,100.00,100 גרם,false,,10.90,0.1090,true,1,1447339
7290014455320,false,גבינה כדורי מוצרלה פרסקה גד 100ג',מוצרלה פרסקה 2 ב 15,IL,כדורי מוצרלה טרי בשק,גרמים,100.00,100 גרם,false,,8.50,0.0850,true,1,1447340
7290014455467,false,ירח מתוק מעדן חלב 2% ושיבולת שועל גד 150ג',גבינות מדף,IL,מעדן שיבולת שועל 150,מיליליטרים,150.00,"100 מ""ל",false,,5.40,0.0360,true,1,1447341
7290014455610,false,"יוגורט עיזים תות 125 גרם ""גד""",מיוצר על ידי קוד יצר,IL,יוגורט עיזים עם תות,גרמים,125.00,100 גרם,false,,6.10,0.0488,true,1,1447342
7290014455627,false,יוגורט עיזים דובדבן אמרנה 125 גר,מיוצר עי קוד יצרן MK,IL,יוגורט עיזים עם דובד,גרמים,125.00,100 גרם,false,,6.00,0.0480,true,1,1447343
7290014459472,false,"צ'יפס קפוא תפוגן 2 ק""ג כשל""פ","תעשיות תפוגן בע""מ",IL,תפוגן ציפס קלאסי 2 ק,קילוגרמים,2.00,"ק""ג",false,,24.90,12.4500,true,1,1446579
7290014471412,false,"מוזלי בוטנים אגוזים ושקדים 1 ק""ג - 412 ירוק שקדיה","דין שיווק וקלייה בע""",MK,מוזלי בוטנים אגוזים,קילו,1.00,קילו,false,,21.90,21.9000,true,1,1473509
7290014471429,false,"מוזלי עם פירות 1 ק""ג - 429 סגול שקדיה","דין שיווק וקלייה בע""",IL,"מוזלי פירות 1 ק""ג שק",קג,1.00,קג,false,,21.90,21.9000,true,1,1473510
7290014471443,false,"גרנולה צימוקים אגוזים ושקדים1 ק""ג חדש - 443 כתום שקדיה (כתום)","דין שיווק וקלייה בע""",IL,גרנולה עם צימוקים אג,קילו,1.00,קילו,false,,21.90,21.9000,true,1,1473512
7290014472426,false,קונפיטורה דובדבן 70% פרי 450 גרם שקדיה,"דין שיווק וקליה בע""מ",TR,קונפיטורה דובדבן חמו,גרמים,450.00,100 גרם,false,,10.90,0.0242,true,1,1496505
7290014472433,false,קונפיטורה תות שדה 70% פרי 450 גרם שקדיה,"דין שיווק וקליה בע""מ",TR,קונפיטורה תות שדה 70,גרמים,450.00,100 גרם,false,,10.90,0.0242,true,1,1496506
7290014472440,false,קונפיטורה תפוז 70% פרי 450 גרם שקדיה,"דין שיווק וקליה בע""מ",TR,קונפיטורה תפוז 70% פ,גרמים,450.00,100 גרם,false,,10.90,0.0242,true,1,1496507
7290014472464,false,קונפיטורה משמש 70% פרי 450 גרם,"דין שיווק וקליה בע""מ",TR,קונפיטורה משמש 70% פ,גרמים,450.00,100 גרם,false,,10.90,0.0242,true,1,1496508
7290014472990,false,ממרח 100% שקדים שקדיה 300 גרם,ג'\י אנד ג'\י פקאנס בעמ,IL,שקדיה ממרח שקדים 300,גרמים,300.00,100 גרם,false,,27.90,0.0930,true,1,1473513
7290014473584,false,רסק תפוח עץ ללא סוכר טעמן 550 גרם,,CZ,"רסק תפו""ע ללא תוספת",גרמים,550.00,100 גרם,false,,8.90,0.0162,true,1,1446136
7290014473591,false,"טעמן רסק תפוחי עץ ובננה 550ג""ר",,CZ,"רסק תפו""ע ובננה 550",גרמים,550.00,100 גרם,false,,8.90,0.0162,true,1,1446137
7290014473607,false,"טעמן רסק תפוחי עץ ואפרסק 550ג""ר",,CZ,"רסק תפו""ע ואפרסק 550",גרמים,550.00,100 גרם,false,,8.90,0.0162,true,1,1446138
7290014501829,false,"יין גליל קברנה סוביניון 750 מ""ל",יקב הרי גליל,IL,גליל קברנה סוביניון,מטרים,750.00,100 מ'ל,false,,64.90,0.0865,true,1,1462519
7290014503144,false,יין כנען לבן דלתון 750 מל,"יקב דלתון בע""\מ",IL,יובלים לבן (דלתון) - רשת,מיליליטרים,750.00,"100 מ""ל",false,,37.50,0.0500,true,1,1452727
7290014525290,false,חטיפי סלים דליס קריספי תות מרבה 125 גרם,סלים דליס Slim Delis,NL,מרבה סלים דליס קריספ,גרמים,125.00,100 גרם,false,,10.80,0.0864,true,1,1444905
7290014525306,false,חטיפי סלים דליס קריספי אוכמניות מרבה 125 גרם,סלים דליס Slim Delis,NL,מרבה סלים דליס קריספ,גרמים,125.00,100 גרם,false,,10.80,0.0864,true,1,1444906
7290014525665,false,מרבה על חלל עוגיות קקאו וסוכריות שוק חלב 140 יח',"מרבה בע""\מ",NL,עוגיות קקאו וסוכריות,גרמים,140.00,100 גרם,false,,9.80,0.0700,true,1,1444911
7290014525672,false,מרבה על חלל עוגיות קקאו וסוכריות שוקולד חלב 140 גרם,"מרבה בע""\מ",NL,מרבה עוגיות עם סוכרי,גרמים,140.00,100 גרם,false,,9.80,0.0700,true,1,1444912
7290014673007,false,תערובת עשבי תיבול בסגנון ים תיכוני מימון 40 גרם,א.ל ייצור ושיווק תבל,IL,תערובת עשבי תיבול בס,גרמים,40.00,100 גרם,false,,11.50,0.2875,true,1,1441332
7290014673021,false,פלפל שחור שלם תבליני מימון 100 גרם,א.ל ייצור ושיווק תבל,IL,פלפל שחור שלם 100 גרם,גרמים,100.00,100 גרם,false,,14.50,0.1450,true,1,1441334
7290014673045,false,תערובת תיבול לצ'יפס מימון 100 גרם,א.ל ייצור ושיווק תבל,IL,תערובת תיבול לצ'יפס,גרמים,100.00,100 גרם,false,,11.50,0.1150,true,1,1441336
7290014673052,false,תערובת תיבול לתפוחי אדמה מימון 120 גרם,א.ל ייצור ושיווק תבל,IL,תערובת תיבול לתפוחי,גרמים,120.00,100 גרם,false,,11.50,0.0958,true,1,1441337
7290014673359,false,מלח לימון תבליני מימון 400 גרם,א.ל ייצור ושיווק תבל,IL,מלח לימון 400 גרם,גרמים,400.00,100 גרם,false,,21.90,0.0547,true,1,1441340
7290014673366,false,כורכום טחון תבליני מימון 250 גרם,א.ל ייצור ושיווק תבל,IL,כורכום טחון 250 גרם,גרמים,250.00,100 גרם,false,,21.90,0.0876,true,1,1441341
7290014673373,false,פפריקה הונגרית חריפה תבליני מימון 250 גרם,א.ל ייצור ושיווק תבל,IL,פפריקה הונגרית חריפה 250,גרמים,250.00,100 גרם,false,,21.90,0.0876,true,1,1441342
7290014673380,false,כמון טחון תבליני מימון 250 גרם,א.ל ייצור ושיווק תבל,IL,כמון טחון 250 גרם,גרמים,250.00,100 גרם,false,,21.90,0.0876,true,1,1441343
7290014673397,false,תיבול לגריל עוף תבליני מימון 250 גרם,א.ל ייצור ושיווק תבל,IL,תיבול לגריל עוף 250 גרם,גרמים,250.00,100 גרם,false,,21.90,0.0876,true,1,1441344
7290014673403,false,פלפל שחור טחון תבליני מימון 250 גרם,א.ל ייצור ושיווק תבל,IL,פלפל שחור טחון 250 גרם,גרמים,250.00,100 גרם,false,,27.90,0.1116,true,1,1441345
7290014673410,false,פלפל שחור גרוס דק תבליני מימון 250 גרם,א.ל ייצור ושיווק תבלינים,IL,פלפל שחור גרוס דק 250 גרם,גרמים,250.00,100 גרם,false,,27.90,0.1116,true,1,1441346
7290014673434,false,פלפל שחור גרוס דק שקית תבליני מימון 80גרם,א.ל ייצור ושיווק תבל,,תבלין בשקית פלפל שחו,גרמים,80.00,100 גרם,false,,8.90,0.1113,true,1,1441347
7290014673557,false,זעפרן תבליני מימון 5 גרם,א.ל ייצור ושיווק תבל,IL,זעפרן 0.5 גרם,יח',1.00,יח',false,,19.90,19.9000,true,1,1441348
7290014673618,false,תבלינים זנגביל בצנצנת 30 גרם,א.ל ייצור ושיווק תבל,IL,זנגביל 30 גרם חדש,יח',1.00,יח',false,,11.50,11.5000,true,1,1441349
7290014692299,false,גבינת ברי EURO CHEESE ויליפוד 125 גרם,יורו צ'יז Euro Cheese,DK,גבינת ברי 125גר יורו,גרמים,125.00,100 גרם,false,,14.90,0.1192,true,1,1457243
7290014692305,false,גבינת קממבר EURO CHEESE ויליפוד 125 גרם,הנסיך- מפעל לייצור ט,DK,גבינת קממבר 125גר יו,גרמים,125.00,100 גרם,false,,14.90,0.1192,true,1,1457244
7290014704145,false,קפה נמס רמי לוי 200 גרם,רמי לוי,BE,קפה נמס רמי לוי 200,גרמים,200.00,100 גרם,false,,14.90,0.0745,true,1,1461579
7290014704244,false,שוקלטה אבקה להכנת שוקו רמי לוי 850 גרם,,,שוקלטה אבקה להכנת שו,גרמים,850.00,100 גרם,false,,13.90,0.0164,true,1,1461583
7290014704565,false,קפה טורקי קלוי טחון 125גר רמילוי,,,קפה טורקי קלוי טחון,גרמים,125.00,100 גרם,false,,7.90,0.0632,true,1,1461592
7290014712379,false,"יוגורט בקבוק בטעם אפרסק 500 מ""ל הכפר",מחלבת בת הרים,IL,יוגורט אפרסק 500 מל,מיליליטרים,500.00,"100 מ""ל",false,,15.90,0.0318,true,1,1474057
7290014712539,false,"יוגורט בקבוק בטעם תות שדה 500 מ""ל הכפר",מחלבת בת הרים,IL,יוגורט תות שדה 500 מ,מיליליטרים,500.00,"100 מ""ל",false,,15.90,0.0318,true,1,1474061
7290014748651,false,פילה אמנון מצופה נתח שלם דג טוב 360 גרם,מוצרי עוף טוב (2001) בע\,IL,דג טוב פילה אמנון מצ,גרמים,360.00,100 גרם,false,,31.90,0.0886,true,1,1446598
7290014749245,false,ספיישל רצועות שניצל שומשום עוף טוב 600 גרם,מוצרי עוף טוב (2001) בע\,IL,עוף טוב רצועות שניצל,גרמים,600.00,100 גרם,false,,29.80,0.0497,true,1,1446606
7290014749887,false,שניצל דק ענק קריספי קלאסי עוף טוב 720 גרם,מוצרי עוף טוב (2001) בע\,IL,עוף טוב שניצל עוף דק,גרמים,720.00,100 גרם,false,,29.90,0.0415,true,1,1446618
7290014758100,false,מאגדת יוגורט ביו 3% שומן 8 יח' *150ג' תנובה,מיוצר עי קונדיטוריית,IL,מאגדת יוגורט ביו 3%,קילוגרמים,1.20,"ק""ג",false,,15.90,13.2500,true,1,1443589
7290014758117,false,מאגדת יוגורט ביו 1.5% שומן 8 יח' *150 ג' תנובה,מיוצר עי קונדיטוריית,IL,מאגדת יוגורט ביו 1.5,קילוגרמים,1.20,"ק""ג",false,,15.90,13.2500,true,1,1443590
7290014758162,false,חלב עיזים מלא 3.6% קרטון 1 ל' תנובה,תנובה מרכז שיתופי לש,IL,חלב עיזים מלא 3.7% ת,ליטרים,1.00,ליטר,false,,13.90,13.9000,true,1,1443591
7290014758681,false,קוטג תנובה 1% גביע 250 גרם,מיוצר עי קונדיטוריית,IL,קוטג תנובה 1% גביע 2,גרמים,250.00,100 גרם,false,,5.40,0.0216,true,1,1443593
7290014759084,false,גבינת שמנת נפוליאון 16% מופחת שומן תנובה 225 גרם,תנובה מרכז שיתופי לש,IL,נפוליאון 16% גביע 22,גרמים,225.00,100 גרם,false,,12.90,0.0573,true,1,1443594
7290014759534,false,גבינה בולגרית למריחה טבעי 5% 200 ג' פיראוס,"תנובה, מחלבת תל יוסף",IL,בולגרית למריחה תנובה,גרמים,200.00,100 גרם,false,,12.90,0.0645,true,1,1443597
7290014759909,false,פטה עיזים 5% פיראוס גביע 250 גרם,"תנובה, מחלבת טנא נוג",IL,פטה 5% 250גר,גרמים,250.00,100 גרם,false,,26.90,0.1076,true,1,1443599
7290014759978,false,גבינת קצקבל גלעד 27% תנובה 200 גרם,תנובה חלב,IL,קצקבל גלעד 27% פלח 2,גרמים,200.00,100 גרם,false,,24.90,0.1245,true,1,1443600
7290014759985,false,גבינת פרמזן גבע 23% תנובה 200 גרם,תנובה חלב,IL,פלח פרמזן גבע 23% 20,גרמים,200.00,100 גרם,false,,23.90,0.1195,true,1,1443601
7290014759992,false,גבינת רוקפור גליל פלח 140 ג' תנובה,"תנובה, מחלבת תל יוסף",IL,רוקפור 140 גרם תנובה,גרמים,140.00,100 גרם,false,,18.50,0.1321,true,1,1443602
7290014760134,false,"מעדן סויה בטעם וניל תנובה 125 מ""ל",תנובה Alternative,IL,מעדן סויה בטעם וניל,גרמים,125.00,100 גרם,false,,3.90,0.0312,true,1,1443603
7290014760141,false,משקה שקדים תנובה E אלטרנטיב,תנובה Alternative,IL,משקה שקדים טרי 1 ליט,ליטרים,1.00,ליטר,false,,11.60,11.6000,true,1,1443604
7290014760448,false,גבינה צהובה גלבוע 400 גרם 22% שומן תנובה,מחלבת בית יצחק,IL,גלבוע 22% 400 גרם,גרמים,400.00,100 גרם,false,,22.90,0.0572,true,1,1443605
7290014760912,false,פרוסות גבינה 28% שומן 400 ג' גוש חלב,תנובה מרכז שיתופי לש,IL,גוש חלב כשרות מהדרין,גרמים,400.00,100 גרם,false,,24.90,0.0622,true,1,1443607
7290014761018,false,גיל בטעם וניל תנובה 125 גרם,תנובה מרכז שיתופי לש,IL,גיל בטעם וניל,גרמים,125.00,100 גרם,false,,1.30,0.0104,true,1,1443608
7290014761056,false,מעדן שוקולד חלב יולו תנובה 123 גרם,מיוצר עי קונדיטוריית,IL,YOLO מעדן שוקולד חלב,גרמים,122.00,100 גרם,false,,4.30,0.0352,true,1,1443610
7290014761063,false,מעדן שוקולד מריר יולו תנובה 123 גרם,מיוצר עי קונדיטוריית,IL,YOLO מעדן שוקולד מרי,גרמים,122.00,100 גרם,false,,4.30,0.0352,true,1,1443611
7290014761070,false,מעדן שוקולד לבן יולו תנובה 123 גרם,מיוצר עי קונדיטוריית,IL,YOLO מעדן שוקולד לבן,גרמים,122.00,100 גרם,false,,4.30,0.0352,true,1,1443612
7290014761193,false,יוגורט עם פירות יער 1.5% שומן 125 ג' פרילי,תנובה מרכז שיתופי לש,IL,פרילי פירות יער 125ג,גרמים,125.00,100 גרם,false,,3.30,0.0264,true,1,1443613
7290014761414,false,יולו מעדן שכבות שוקולד חלב ולבן 123 גר,מיוצר עי קונדיטוריית,IL,YOLO מעדן שכבות שוקו,גרמים,122.00,100 גרם,false,,4.30,0.0352,true,1,1443617
7290014761438,false,פיראוס בולגרית קלאסית 24% סמי מעדניה 400,תנובה מרכז שיתופי לש,IL,סמי בולגרית 24% קלאס,גרמים,400.00,100 גרם,false,,25.80,0.0645,true,1,1443618
7290014761612,false,מעדן שכבות שוקולד מריר ולבן יולו 122 גרם,מיוצר עי קונדיטוריית,IL,YOLO מעדן שכבות שוקו,גרמים,122.00,100 גרם,false,,4.30,0.0352,true,1,1443619
7290014762756,false,גבינת שמנת נפוליאון 16% עם בצל תנובה 225 גרם,תנובה חלב,IL,נפוליאון 16% בצל.,גרמים,225.00,100 גרם,false,,12.90,0.0573,true,1,1443623
7290014762800,false,מעדן סויה שוקולד גביע 125 גרם אלטרנטיב,תנובה מרכז שיתופי לש,IL,מעדן סויה שוקולד גבי,גרמים,125.00,100 גרם,false,,3.70,0.0296,true,1,1443628
7290014762831,false,גבינת שמנת נפוליאון 16% עם פלפל חלפיניו תנובה 225 גרם,תנובה מרכז שיתופי לש,IL,גבינת נפוליאון עם פל,גרמים,225.00,100 גרם,false,,12.90,0.0573,true,1,1443629
7290014762909,false,פתיתי מוצרלה השף הלבן 10% תוספת מתנה,"תנובה, מחלבת תל יוסף",IL,פתיתי מוצרלה 200 גר,גרמים,200.00,100 גרם,false,,15.90,0.0795,true,1,1443631
7290014762947,false,לאבנה גלילית 11% שומן 750 ג' פיראוס,תנובה,IL,לאבנה גלילית פיראוס,גרמים,750.00,100 גרם,false,,23.70,0.0316,true,1,1443632
7290014763098,false,קרם גבינת שמנת 5% עם פלפל שום ובצל 200 ג' תנובה,תנובה,IL,קרם גבינת שמנת 5% טו,גרמים,200.00,100 גרם,false,,10.90,0.0545,true,1,1443633
7290014763272,false,יוגורט סויה BIO לשתיה תות ובננה אלטרנטיב,תות תעשיות מזון (201,IL,משקה סויה ביו עם תות,מיליליטרים,250.00,"100 מ""ל",false,,4.90,0.0196,true,1,1443635
7290014763395,false,גבינה צהובה עמק פרוס 28% 600 גרם מהדרין,תנובה מרכז שיתופי לש,IL,עמק סמי מהדרין 600 ג,גרמים,600.00,100 גרם,false,,29.90,0.0498,true,1,1443638
7290014789913,false,עוגיות אוראו קרם בטעם וניל מארז 176 גרם,מונדלייז,UA,שלישיית עוגיות אוראו קרם,גרמים,528.00,100 גרם,false,,21.90,0.0415,true,1,1451531
7290014821064,false,כבל סנכרון אלומניום גלקסי 2 מטר,ארטוס,,כבל סינכרון אלומיניו,יח',1.00,יח',false,,29.90,29.9000,true,1,1458346
7290014855434,false,מגבונים בייביסיטר פרפורמנס מבושם רביעיה,בייביסיטר Babysitter,IL,בייביסיטר פרפורמנס מ,יח',4.00,יח',false,,14.90,3.7250,true,1,1450894
7290014855458,false,מגבוני בייביסיטר פרפורמנס ללא בישום מארז 72X4יח',בייביסיטר Babysitter,IL,בייביסיטר פרפורמנס מ,יח',72.00,יח',false,,14.90,0.2069,true,1,1450895
7290014855854,false,מגבונים לחים מועשרים בקמומיל,בייבי בייסיק,IL,מגבונים בייבי בייסיק,יח',1.00,יח',false,,10.90,10.9000,true,1,1450896
7290014860155,false,מחצלת במבו שטוחה 24X24 ס'מ,גולין פנגזו,CN,מחצלת במבו שטוחה 24X,יח',1.00,יח',false,,7.70,7.7000,true,1,1454365
7290014860988,false,"שימורי קרם קוקוס 17% 400 מ""ל (TCC) כשר",Theppadungporn cocon,IL,שימורי קרם קוקוס 17%,מיליליטרים,400.00,"100 מ""ל",false,,9.90,0.0248,true,1,1454367
7290014890145,false,גבינת שמנת טבעי 225 גרם יעקובס,גבינות משק יעקבס,IL,שמנת 225 גרם,גרמים,225.00,100 גרם,false,,9.90,0.0440,true,1,1457747
7290014890152,false,גבינת שמנת זיתים 225 גרם יעקובס,גבינות משק יעקבס,IL,שמנת זיתים 225 גרם,גרמים,225.00,100 גרם,false,,9.90,0.0440,true,1,1457748
7290014890169,false,גבינת שמנת שום שמיר 225 גרם יעקובס,גבינות משק יעקבס,IL,שמנת שום שמיר 225 גר,גרמים,225.00,100 גרם,false,,9.90,0.0440,true,1,1457749
7290014890176,false,ריקוטה סגנון איטלק5% 250,מחלבת משק יעקובס,IL,ריקוטה 250 גר,יח',1.00,יח',false,,9.90,9.9000,true,1,1457750
7290014890190,false,גבינת מוצרלה כדור 100 גר,מחלבת משק יעקובס,IL,מוצרלה כדור 100 גר,יח',1.00,יח',false,,10.90,10.9000,true,1,1457751
7290014890206,false,קרם פרש 250גרם יעקוב,מחלבת משק יעקובס,IL,קרם פרש 250 גר,יח',1.00,יח',false,,14.90,14.9000,true,1,1457752
7290014890572,false,"יוגורט עיזים משק יעקבס 850 מ""ל",גבינות משק יעקבס,IL,יוגורט עיזים 850 גר,גרמים,850.00,100 גרם,false,,20.50,0.0241,true,1,1457759
7290014890602,false,קממבר בקר אגוזים משק יעקבס 125 גרם,גבינות יעקבס,IL,קממבר בקר אגוזים ביי,גרמים,125.00,100 גרם,false,,16.90,0.1352,true,1,1457762
7290014890619,false,ברי עיזים כמהין משק יעקבס 125 גרם,גבינות משק יעקבס,IL,ברי עיזים כמהין בייב,גרמים,150.00,100 גרם,false,,23.90,0.1593,true,1,1457763
7290014901247,false,"שמפו קרטין לאחר החלקה ועיצוב בחום סטייל 750 מ""ל",א.ל. ארמן ייצור תמרו,IL,750 שמפו קרטין,מיליליטרים,750.00,"100 מ""ל",false,,24.90,0.0332,true,1,1455850
7290014901254,false,"מרכך קרטין לאחר החלקה ועיצוב בחום סטייל 750 מ""ל",א.ל ארמן ייצור תמרוק,IL,750 מרכך קרטין,מיליליטרים,750.00,"100 מ""ל",false,,24.90,0.0332,true,1,1455851
7290014901261,false,"מסכה קרטין לאחר החלקה ועיצוב בחום סטייל 500 מ""ל",א.ל ארמן ייצור תמרוק,IL,500 מסכה קרטין,מיליליטרים,500.00,"100 מ""ל",false,,27.90,0.0558,true,1,1455852
7290014901308,false,משחת שיניים לשיניים רגישות Complete protection,"סמית קליין ביצ'ם בע""",GB,"סנסודיין הגנה מלאה 75 מ""ל",מטרים,75.00,100 מ'ל,false,,23.90,0.3187,true,1,1455853
7290014901315,false,סנסודיין משחה הגנה מלאה אקסטרה פרש 75 מל,"סמית קליין ביצ'ם בע""",GB,סנסודיין הגנה מלאה פרש 75,100 מל,75.00,100 מל,false,,23.90,0.3187,true,1,1455854
7290014905160,false,"הפי מטהר אוויר פניני ריח בניחוחות, 130 גרם",יוליניבר,IT,מפיץ ריח פניני ריח י,גרמים,130.00,100 גרם,false,,10.90,0.0838,true,1,1450582
7290014905207,false,"הג'ל הכחול לניקוי האסלה יעקבי 750 מ""ל",איי פי אס,TR,הג'ל הכחול לניקוי הא,מיליליטרים,750.00,"100 מ""ל",false,,7.90,0.0105,true,1,1450583
7290014905689,false,"נוזל כלים הפי מרוכז 24% תפוח 750 מ""ל",יעקובי הפי,IL,"הפי לכלים 24% 750 מ""",מיליליטרים,750.00,"100 מ""ל",false,,7.90,0.0105,true,1,1450587
7290014905696,false,"נוזל כלים הפי מרוכז 24% לימון 750 מ""ל",יעקובי הפי,IL,"הפי לכלים 24% 750 מ""",מיליליטרים,750.00,"100 מ""ל",false,,7.90,0.0105,true,1,1450588
7290014905733,false,"הפי פרפקט לניקוי שמשות 750 מ""ל",יעקובי הפי,TR,חלונות הפי יעקבי 750,מיליליטרים,750.00,"100 מ""ל",false,,6.80,0.0091,true,1,1450590
7290014918009,false,דלי שטיפה+פיה,פלנרו,IL,דלי איכותי,יח',1.00,יח',false,,11.90,11.9000,true,1,1474997
7290014940901,false,לחם פשוט מלא אנג'ל 750 גרם,מאפיית שלמה א. אנג'\ל בע,IL,לחם פשוט מלא 750 אנג,גרמים,750.00,100 גרם,false,,13.90,0.0185,true,1,1444634
7290014962521,false,"טפטפים משחת שיניים לילדים מגיל 2-6 50 מ""ל",כצט CTS,IL,משחת שיניים טפטפים לגילאי,מטרים,50.00,100 מ'ל,false,,10.90,0.2180,true,1,1455860
7290014962538,false,משחת שיניים ג'וניור מנטה מעודן לגילאי 6+,כצט CTS,IL,משחת שיניים טפטפים ג'וניו,מטרים,50.00,100 מ'ל,false,,10.90,0.2180,true,1,1455861
7290015014168,false,בייבי מיקס רמי לוי,,,בייבי מיקס רמי לוי,גרמים,150.00,100 גרם,false,,8.90,0.0593,true,1,1460800
7290015014182,false,לבבות קיסר בנספק רמי לוי,קטיף.,IL,לבבות קיסר בנספק רמי,יח',1.00,יח',false,,8.90,8.9000,true,1,1460802
7290015014274,false,צנוניות רמי לוי 500ג,,,צנוניות רמי לוי 500ג,גרמים,500.00,100 גרם,false,,4.90,0.0098,true,1,1460804
7290015014427,false,אורגנו רמי לוי,,,אורגנו רמי לוי,יח',1.00,יח',false,,3.90,3.9000,true,1,1460805
7290015014458,false,מרווה רמי לוי,,,מרווה רמי לוי,יח',1.00,יח',false,,3.90,3.9000,true,1,1460806
7290015014465,false,רוזמרין רמילוי,,,רוזמרין רמילוי,יח',1.00,יח',false,,3.90,3.9000,true,1,1460807
7290015014472,false,קורנית(בוסתן),,,טימין רמי לוי,יח',1.00,יח',false,,3.90,3.9000,true,1,1460808
7290015014922,false,עגבניות שרי צהוב,,,עגבניות שרי צהוב,יח',1.00,יח',false,,9.90,9.9000,true,1,1460809
7290015037204,false,כרוב לבן קצוץ 400 גרם אוצר הארץ,קטיף.,IL,כרוב לבן 400 גרם חסל,גרמים,400.00,100 גרם,false,,11.80,0.0295,true,1,1455542
7290015037211,false,כרוב אדום קצוץ 400 גרם אוצר הארץ,קטיף.,IL,כרוב אדום 400 גרם חס,גרמים,400.00,100 גרם,false,,11.80,0.0295,true,1,1455543
7290015037228,false,סלט קולסלו 400 גר אוצר הארץ,קטיף.,IL,סלט קולסלו 400 גרם ח,גרמים,400.00,100 גרם,false,,11.80,0.0295,true,1,1455544
7290015037242,false,לקט ים תיכוני 350 גרם אוצר הארץ,קטיף,IL,לקט ים תיכוני 350 גר,גרמים,350.00,100 גרם,false,,12.80,0.0366,true,1,1455546
7290015037273,false,פטרוזיליה אוצר הארץ - מהדרין,נסטלה שוויץ - רורשאך,IL,פטרוזיליה (שקית ) חס,יח',1.00,יח',false,,6.30,6.3000,true,1,1455548
7290015037280,false,כוסברה אוצר הארץ - מהדרין,ס.ר.ל פוסטל,IL,כוסברה (שקית) חסלט,יח',1.00,יח',false,,6.30,6.3000,true,1,1455549
7290015037297,false,שמיר אוצר הארץ - מהדרין,סאאדת,IL,שמיר (שקית ) חסלט,יח',1.00,יח',false,,6.30,6.3000,true,1,1455550
7290015037396,false,נענע אוצר הארץ - מהדרין,קטיף.,IL,נענע (שקית )חסלט,יח',1.00,יח',false,,6.30,6.3000,true,1,1455553
7290015037419,false,סלרי אמריקאי אוצר הארץ,עבאדי,IL,סלרי (שקית ) חסלט,יח',1.00,יח',false,,7.30,7.3000,true,1,1455555
7290015037426,false,‏עלי סלק שקית - אוצר הארץ,סאן רייז,IL,עלי סלק (שקית) חסלט,יח',1.00,יח',false,,7.30,7.3000,true,1,1455556
7290015037433,false,חסה ערבית אוצר הארץ יחיד,נסטלה קוריאה - קפה,IL,חסה ערבית (שקית ) חס,יח',1.00,יח',false,,7.30,7.3000,true,1,1455557
7290015037440,false,"כרוב לבן שלם 1 ק""ג -א. הארץ",סאסאטק,IL,כרוב לבן שלם חסלט,קילוגרמים,1.00,"ק""ג",true,,14.50,14.5000,true,1,1455558
7290015037495,false,"כוסברה כשרה יבול חו""ל יח",יעל ירק עלים,IL,כוסברה שקית בדץ חסלט,יח',1.00,יח',false,,6.80,6.8000,true,1,1455563
7290015037501,false,"שמיר כשר יבול חו""ל יחידה",יעל ירק עלים,IL,שמיר שקית בדץ חסלט,יח',1.00,יח',false,,6.80,6.8000,true,1,1455564
7290015037549,false,"חסה ערבית כשרה יבול חו""ל",יעל ירק עלים,IL,חסה ערבית בדץ (שקית,יח',1.00,יח',false,,7.80,7.8000,true,1,1455568
7290015037655,false,כרובית 600 גרם מהדרין אוצר הארץ י.ע.ל.,י.ש. ירקות עליים,IL,כרובית מהדרין חסלט 6,גרמים,600.00,100 גרם,false,,29.90,0.0498,true,1,1455577
7290015037662,false,ברוקולי 600 גרם מהדרין אוצר הארץ י.ע.ל.,י.ש. ירקות עליים,IL,ברוקולי מהדרין חסלט,גרמים,600.00,100 גרם,false,,29.90,0.0498,true,1,1455578
7290015037693,false,לבבות חסה במגשית חסלט,נסטלה שוויץ - רורשאך,IL,לבבות חסה במגשית חסל,יח',1.00,יח',false,,12.90,12.9000,true,1,1455582
7290015039055,false,"רוטב צ'ילי חריף תאילנדי וילי פוד 700 מ""ל",הנסיך- מפעל לייצור ט,TH,רוטב צ'ילי חריף תאיל,מיליליטרים,700.00,"100 מ""ל",false,,9.50,0.0136,true,1,1451001
7290015039246,false,נתחי טונה בשמן צמחי רביעיה * 160 ג' וילי פוד,וילי פוד,TH,טונה בשמן רביעייה 16,גרמים,640.00,100 גרם,false,,19.70,0.0308,true,1,1457248
7290015039253,false,עלי גפן במי מלח ויליפוד 620 גרם,קוראהן פזלרמה וי דיס,TR,עלי גפן במלח וילי פו,גרמים,620.00,100 גרם,false,,8.90,0.0144,true,1,1451002
7290015057110,false,מקלות חמוצים בטעם תות 20גרם טעמן,אלבן מזון תעשיות ומס,TR,מקלות חמוצים תות 18,גרמים,18.00,100 גרם,false,,1.50,0.0833,true,1,1446143
7290015057127,false,מקלות חמוצים בטעם קולה 20 גרם טעמן,אלבן מזון תעשיות ומס,TR,מקלות חמוצים קולה 18,יח',1.00,יח',false,,1.50,1.5000,true,1,1446144
7290015057134,false,מקלות חמוצים בטעם פטל 20 גרם טעמן,אלבן מזון תעשיות ומס,TR,מקלות חמוצים פטל 18,גרמים,18.00,100 גרם,false,,1.50,0.0833,true,1,1446145
7290015129121,false,סקיני פסטה נודלס 270 גרם,הוויזאי וואנגייה פוד,CN,סקיני פסטה נודלס 270,גרמים,270.00,100 גרם,false,,9.90,0.0367,true,1,1441462
7290015129145,false,אטריות קונג'אק בתוספת טפיוקה בצורת ספגטי,הוויזאי וואנגייה פוד,CN,סקיני פסטה ספגטי 270,גרמים,270.00,100 גרם,false,,9.90,0.0367,true,1,1441463
7290015129220,false,איטריות קונגאק ללא גלוטן 270 גרם skinny,אף.סי תבליני בגליל ב,CN,סקיני פסטה קוסקוס 27,גרמים,270.00,100 גרם,false,,9.90,0.0367,true,1,1441465
7290015129749,false,סקיני פסטה שיבולת שועל נודלס 270 גרם,הוויזאי וואנגייה,CN,סקיני פסטה שיבולת שו,גרמים,270.00,100 גרם,false,,9.90,0.0367,true,1,1441469
7290015129756,false,סקיני פסטה שיבולת שועל פטוצ'יני 270 גרם,הוויזאי וואנגייה,CN,סקיני פסטה שיבולת שו,גרמים,270.00,100 גרם,false,,9.90,0.0367,true,1,1441470
7290015139250,false,"שוקולד מריר פצפוצי אורז כרמית 85 גרם לל""ס","כרמית תעשיות ממתקים בע""\",IL,כרמית אגו שוקולד ופי,גרמים,85.00,100 גרם,false,,4.90,0.0576,true,1,1453221
7290015139267,false,שוקולד מריר עם שקדים ללא תוספת סוכר וסטהיים,"כרמית תעשיות ממתקים בע""\",IL,כרמית אגו שוקולד ושק,גרמים,85.00,100 גרם,false,,4.90,0.0576,true,1,1453222
7290015139465,false,כרמית מיקסים בייגלה מצופה שוקולד חלב,כרמית תעשיות ממתקים בעמ,IL,כרמית מיקס בייגלה מצ,גרמים,55.00,גרם,false,,3.90,0.0709,true,1,1453223
7290015139526,false,חופשי ופל בציפוי ומילוי שוקו ללא גלוטן כרמית 125 גרם,כרמית תעשיות ממתקים,IL,חופשי וופל בציפוי שו,גרמים,125.00,100 גרם,false,,6.90,0.0552,true,1,1453225
7290015139533,false,חופשי ופל לימון ללא ציפוי ללא גלוטן כרמית 200 גרם,"כרמית תעשיות ממתקים בע""\",IL,חופשי וופל לימון 200,גרמים,200.00,100 גרם,false,,9.90,0.0495,true,1,1453226
7290015150088,false,מחית עגבניות קלה גרנד איטליה 700 גרם,שוורצקוף& הנקל דיסלד,IT,מחית עגבניות 700גר,גרמים,700.00,100 גרם,false,,12.30,0.0176,true,1,1451286
7290015150118,false,שלישיית עגבניות חתוכות דק גרנד איטליה 400 גרם,אמיליאנה קונסרב ס.פ.,IT,עגבניות חתוכות דק 21,גרמים,648.00,100 גרם,false,,16.90,0.0261,true,1,1451287
7290015150361,false,תה ירוק נענע סטיביה ויסוצקי 25 יחידות,ויסוצקי ירוק,IL,תה ירוק נענע סטיביה,יח',1.00,יח',false,,22.90,22.9000,true,1,1451288
7290015150590,false,תה ירוק ג'ינג'ר חריף ויסוצקי 25 יחידות,ויסוצקי ירוק,IL,תה ירוק גינגר 25 יחי,יח',25.00,יח',false,,22.90,0.9160,true,1,1451290
7290015155830,false,מחית תפוחי עץ ובננה חטיפטף ללא תוספת סוכר,פרוטה פודווין איי.אס,CZ,פרינוק פאוץ' תפוח בנ,גרמים,120.00,100 גרם,false,,5.90,0.0492,true,1,1442740
7290015155847,false,מחית סלט פירות חטיפטף ללא תוספת סוכר,פרוטה פודיווין איי.א,CZ,פרינוק פאוץ' סלט פיר,גרמים,120.00,100 גרם,false,,5.90,0.0492,true,1,1442741
7290015155878,false,חטיף אורז אפוי לתינוקות טבעי חטיפטף 28גר,נאמצואו,TH,חטיפטף טבעי 28 גר,גרמים,28.00,100 גרם,false,,8.90,0.3179,true,1,1442742
7290015155885,false,חטיפטף - חטיף אורז אפוי בטעם אוכמניות 28 גרם,,,חטיפטף בטעם אוכמניות,גרמים,28.00,100 גרם,false,,7.90,0.2821,true,1,1442743
7290015155892,false,חטיף אורז אפוי לתינוקות בננה חטיפטף 28גר,נאמצואו,TH,חטיפטף בטעם בננה 28,גרמים,28.00,100 גרם,false,,7.90,0.2821,true,1,1442744
7290015156769,false,מחית פרינוק פאוץ' תפוח ואוכמניות 120 גרם,פרוטה פודווין איי.אס,CZ,פרינוק פאוץ' תפוח וא,גרמים,120.00,100 גרם,false,,5.90,0.0492,true,1,1442746
7290015156776,false,מחית פירות טרופיים חטיפטף ללא תוספת סוכר,פרוטה פודווין איי.אס,CZ,פרינוק פאוץ' פירות ט,גרמים,120.00,100 גרם,false,,5.90,0.0492,true,1,1442747
7290015156790,false,מחית לפתן פירות חטיפטף ללא תוספת סוכר,פרוטה פודווין איי.אס,CZ,פרינוק פאוץ' לפתן פי,גרמים,120.00,100 גרם,false,,5.90,0.0492,true,1,1442748
7290015156813,false,פאוץ' מחית פירות מעורבים פרינוק 120 גרם,פרוטה פודווין איי.אס,CZ,פרינוק פאוץ' פירות מ,גרמים,120.00,100 גרם,false,,5.90,0.0492,true,1,1442749
7290015161121,false,פסטה ספגטי כוסמין 100% מלא אורגני 500 גר',,IT,פסטה ספגטי כוסמין מל,גרמים,500.00,100 גרם,false,,16.90,0.0338,true,1,1471328
7290015161534,false,קוואקר שיבולת שועל עבה ללא גלוטן - 400 גרם,הלינסקי מילס אל.טי.די,DK,קוואקר עבה לל.ג 400,גרמים,400.00,100 גרם,false,,17.90,0.0447,true,1,1477737
7290015161862,false,פת פריכה אורגנית ללא גלוטן - ערמונים 100 גרם,אקסטרודו בצ'\יצה,CZ,פת פריכה אורגנית ערמ,גרמים,100.00,100 גרם,false,,13.50,0.1350,true,1,1471334
7290015161992,false,"פסטPRO קסרצ'ה פתיתים אורגניים, ללא גלוטן",נוטרה זן NutraZen,IT,פסטה פרוטאין עדשים א,גרמים,250.00,100 גרם,false,,16.80,0.0672,true,1,1471338
7290015164818,false,רוטב קארי צהובה 400 גרם SUREE כשר,Theppadungporn cocon,TH,מחית קארי צהובה 400,גרמים,400.00,100 גרם,false,,19.90,0.0497,true,1,1454368
7290015164856,false,רוטב קארי אדומה 400 גרם SUREE כשר,טאפאדונגפורן קוקינט,TH,מחית קארי אדומה 400ג,גרמים,400.00,100 גרם,false,,18.70,0.0467,true,1,1454370
7290015178266,false,אוליביה רוטב פלפלת שחורה 270 גרם,אוליביה,IL,רוטב פלפלת שחורה 270,גרמים,270.00,100 גרם,false,,13.90,0.0515,true,1,1478732
7290015178273,false,רוטב מרינדה לעוף בגריל אוליביה 270 גר,אוליביה,IL,רוטב מרינדה לעוף גרי,גרמים,320.00,100 גרם,false,,13.90,0.0434,true,1,1478733
7290015181181,false,מברשת לאסלה ראטן,,,מברשת לאסלה ראטן,יח',1.00,יח',false,,24.90,24.9000,true,1,1474999
7290015251464,false,נוזל לחיטוי פירות וירקות רמילוי 1 לי,,,נוזל לחיטוי פירות וי,100 מל,1.00,100 מל,false,,10.90,10.9000,true,1,1461004
7290015253062,false,פחמים 2 קג,,,פחמים 2 קג,יח',1.00,יח',false,,10.90,10.9000,true,1,1475002
7290015264174,false,טחינה אבן ריחיים 500 גרם,,,טחינה 500גר ממלכת הח,גרמים,500.00,100 גרם,false,,19.90,0.0398,true,1,1446152
7290015325769,false,ג'ל רחצה מועשר נקטר פרחים 750 רמילוי,,,ג'ל רחצה מועשר נקטר,מיליליטרים,750.00,"100 מ""ל",false,,7.90,0.0105,true,1,1459090
7290015325776,false,ג'ל רחצה מועשר פירות אקזוטי 750 רמילוי,,,ג'ל רחצה מועשר פירות,מיליליטרים,750.00,"100 מ""ל",false,,7.90,0.0105,true,1,1459091
7290015325783,false,ג'ל רחצה מועשר לבנדר 750 רמילוי,,,ג'ל רחצה מועשר לבנדר,מיליליטרים,750.00,"100 מ""ל",false,,7.90,0.0105,true,1,1459092
7290015325790,false,ג'ל רחצה מועשר חוחובה 750 רמילוי,,,ג'ל רחצה מועשר חוחוב,מיליליטרים,750.00,"100 מ""ל",false,,7.90,0.0105,true,1,1459093
7290015325806,false,תחליב רחצה בניחוח קקטוס 750מל רמילוי,,,תחליב רחצה בניחוח קק,מיליליטרים,750.00,"100 מ""ל",false,,7.90,0.0105,true,1,1459094
7290015325813,false,תחליב רחצה 750מל רמילוי,,,תחליב רחצה 750מל רמי,מיליליטרים,750.00,"100 מ""ל",false,,7.90,0.0105,true,1,1459095
7290015325820,false,תחליב רחצה קוקוס 750מל רמילוי,,,תחליב רחצה קוקוס 750,מיליליטרים,750.00,"100 מ""ל",false,,7.90,0.0105,true,1,1459096
7290015325837,false,תחליב רחצה פרש 750מל רמילוי,,,תחליב רחצה פרש 750מל,מיליליטרים,750.00,"100 מ""ל",false,,7.90,0.0105,true,1,1459097
7290015328715,false,האשפתון 65*52 50 יח',,,האשפתון 65*52,יח',1.00,יח',false,,10.90,10.9000,true,1,1452257
7290015328739,false,האשפתון 75*65 2 גליל,,,האשפתון 65*75,יח',1.00,יח',false,,10.90,10.9000,true,1,1452259
7290015328791,false,נרות חנוכה צבעוניים,,,נרות חנוכה,יח',1.00,יח',false,,2.90,2.9000,true,1,1452263
7290015328807,false,נרות חנוכה לוקס לירו,,,נרות חנוכה לוקס,יח',1.00,יח',false,,5.90,5.9000,true,1,1452264
7290015335607,false,מעדן ביו טבעי יוגאנט 150גרם,טרופיקל דגיל תעשיות,IL,מעדן ביו טבעי,גרמים,150.00,100 גרם,false,,6.90,0.0460,true,1,1458144
7290015339483,false,ערמונים קלופים וקלויים טעמן 100ג',טאנגשאלן היואן פוד,IL,ערמונים 100גר,גרמים,100.00,100 גרם,false,,4.90,0.0490,true,1,1446159
7290015339650,false,"שוקולד חלבי בד""ץ 100 גרם",אלבה שוקולד,CH,"שוקולד חלבי בד""צ",גרמים,100.00,100 גרם,false,,6.90,0.0690,true,1,1446163
7290015339698,false,דובדבנים חמוצים מגולענים 380 גר' טעמן,דונקליטי קונזרוון,HU,טעמן דובדבנים חמוצים,גרמים,350.00,100 גרם,false,,9.50,0.0271,true,1,1446164
7290015348096,false,"למברוסקו רוזה 750 מ""ל ""אמיליאנו""",גאטטיקו איטליה,IL,למברוסקו אמיליאנו רוזה 75,מיליליטרים,750.00,"100 מ""ל",false,,24.90,0.0332,true,1,1444482
7290015354899,false,חרדל דיז'ון מעודן 350 גרם,ריין דיז'ון reine dijon,FR,חרדל דיז'ון מעודן 35,גרמים,350.00,100 גרם,false,,11.90,0.0340,true,1,1451532
7290015366359,false,מכשיר ספירה 8 שעות+נוזל להרחקת יתושים 45 לילות,זובלה הולדינגס ס.פ.א,IT,מכשיר 8 שעות +רפיל נוזל,יח',1.00,יח',false,,26.90,26.9000,true,1,1455869
7290015366564,false,סנסודיין משחה הלבנה עדינה 75 מל שלישיה,סנסודיין,GB,"סנסודיין דואלקר 75 מ""ל של",מיליליטרים,225.00,"100 מ""ל",false,,45.00,0.2000,true,1,1455875
7290015366663,false,"משחת שיניים מנטה עדין אקווה פרש 100 מ""ל",גלקסוסמיתקליין,SK,"אקוה פרש מנטה 100 מ""ל",מיליליטרים,100.00,"100 מ""ל",false,,5.90,0.0590,true,1,1455876
7290015366670,false,משחת שיניים הגנה משולשת מנטה מרענן,גלקסוסמיתקליין,SK,"אקוה פרש מנטה 100 מ""ל",מיליליטרים,100.00,"100 מ""ל",false,,5.90,0.0590,true,1,1455877
7290015366717,false,"מסיכה לשיער ארגן קוקוס סטייל 500 מ""ל",א.ל ארמן יצור תמרוקים,IL,סטייל מסיכה ארגן 500,מיליליטרים,500.00,"100 מ""ל",false,,27.90,0.0558,true,1,1455881
7290015437431,false,רכז רימונים 100% טבעי 420 גר,AROMA PRODUCT ITD,GE,רכז רימונים 100% טבע,גרמים,420.00,100 גרם,false,,18.90,0.0450,true,1,1444187
7290015470094,false,טוסו שוקולד מריר תפוז ללא סוכר 100גרם,אלטינמארקה,TR,טוסו שוקולד מריר תפו,גרמים,100.00,100 גרם,false,,8.90,0.0890,true,1,1457995
7290015484305,false,קלין מסיר עובש 750 מל,,,קלין מסיר עובש 750 מ,מטרים,750.00,100 מ'ל,false,,9.90,0.0132,true,1,1506630
7290015519502,false,ערכת קפה כולל בלון גז,ארטוס,CN,ערכת קפה,יח',1.00,יח',false,,99.90,99.9000,true,1,1465311
7290015568289,false,כוס טרמית TO GO,,,כוס טרמית TO GO,יח',1.00,יח',false,,14.90,14.9000,true,1,1475010
7290015597210,false,מאגדת טילון קורנטו פרווה טבעוני-וויגן פרנדלי,"גלידת שטראוס בע""\מ, רחוב",IL,טילון קורנטו פרווה ט,גרמים,300.00,100 גרם,false,,25.90,0.0863,true,1,1453622
7290015597326,false,מאגדת קרחוני אייס לייט 3 טעמים 260 גר,"גלידת שטראוס בע""\מ, רחוב",IL,מאגדת אייס לייט,גרמים,710.00,100 גרם,false,,19.80,0.0279,true,1,1453623
7290015599047,false,בלוק צהובה טבעונית לגירוד על פיצה 200 גרם ללא גלוטן,וגה מוצרים טבעוניים VEGA,GR,בלוק צהובה טבעונית ל,גרמים,200.00,100 גרם,false,,16.90,0.0845,true,1,1471505
7290015599054,false,פרוסות צהובה טבעונית בטעם גבינת צ'דר,וגה מוצרים טבעוניים VEGA,GR,גבינה צהובה טבעונית,גרמים,200.00,100 גרם,false,,23.70,0.1185,true,1,1471506
7290015599061,false,VEGA צהובה טבעונית בטעם מוצרלה 200 גרם,וגה מוצרים טבעוניים VEGA,GR,צהובה טבעונית בטעם מ,גרמים,200.00,100 גרם,false,,23.70,0.1185,true,1,1471507
7290015599306,false,VEGA ממרח טבעוני בסגנון גבינת שמנת עם עירית 170 גרם,ביוטי איילנד פודס בע,GB,גבינת שמנת טבעונית ע,גרמים,170.00,100 גרם,false,,17.80,0.1047,true,1,1471511
7290015599504,false,VEGA ממרח בטעם חמאה אורגני 225 גרם,גוד פוד פרודקטס S.p,DK,ממרח טעם חמאה אורגני,גרמים,225.00,100 גרם,false,,17.80,0.0791,true,1,1471512
7290015599702,false,גבינת שמנת טבעונית בטעם עזים ללא גלוטן,ביוטי איילנד פודס בע,GB,גבינת שמנת טבעונית ע,גרמים,170.00,100 גרם,false,,17.80,0.1047,true,1,1471514
7290015603195,false,איטריות בתוספת תרד 454 גרם,פוגיאן לונגהי אנלידה אינ,CN,אטריות עם תרד 454ג',גרמים,454.00,100 גרם,false,,9.90,0.0218,true,1,1454372
7290015603201,false,אטריות מחיטה מלאה 454ג' (כ) (fu),קסמיאן קסינגשנג פודסטטפס,CN,אטריות מחיטה מלאה 45,גרמים,454.00,100 גרם,false,,10.40,0.0229,true,1,1454373
7290015603218,false,אטריות עם עגבניה מזרח מערב 454 גרם,פוגקן לונגהי אנלידה,CN,אטריות עם עגבניה 454,גרמים,454.00,100 גרם,false,,9.90,0.0218,true,1,1454374
7290015603225,false,איטריות בתוספת גזר 454 גרם,פוגקן לונגהי אנלידה,CN,אטריות עם גזר 454ג',גרמים,454.00,100 גרם,false,,10.40,0.0229,true,1,1454375
7290015603232,false,איטריות בתוספת דלעת 454 גרם,פוגקן לונגהי אנלידה,CN,אטריות עם דלעת 454ג',גרמים,454.00,100 גרם,false,,10.90,0.0240,true,1,1454376
7290015603522,false,"נוזל אגוזי קוקוס 5%-7% 400 מ""ל",אסי אטיק גרו אינדוסט,TH,נוזל אגוזי קוקוס 5-7,מיליליטרים,400.00,"100 מ""ל",false,,5.80,0.0145,true,1,1454377
7290015603546,false,"שימורי קרם קוקוס 17-19% 400 מ""ל (ASIATIC)(כ)",אסיאטיק אגרו אינדסטר,TH,שימורי קרם קוקוס 400,מיליליטרים,400.00,"100 מ""ל",false,,8.50,0.0213,true,1,1454378
7290015603560,false,"שימורי קרם קוקוס 20-22% 400 מ""ל (ASIATIC)(כ)",אסיאטיק אגרו אינדוסטרי,TH,שימורי קרם קוקוס 20-,מיליליטרים,400.00,"100 מ""ל",false,,9.60,0.0240,true,1,1454379
7290015603584,false,ג'ינגר לבן כבוש ללא מונוסודיום 160 גרם (כ),לאיווי איפנג פודס קו,CN,ג'ינגר לבן כבוש ללא,גרמים,160.00,100 גרם,false,,7.70,0.0481,true,1,1454380
7290015603591,false,גינגר ורוד כבוש ללא מונוסודיום 160 גרם,ננטונג הידה אקוטיק פ,CN,גינגר ורוד 160 גרם,גרמים,160.00,100 גרם,false,,6.90,0.0431,true,1,1454381
7290015644297,false,שישיית לחמניות פשוט מלא אנג'ל 450 גרם,מאפיית שלמה א. אנג'\ל בע,IL,לחמניות פשוט מלא 6 י,גרמים,75.00,100 גרם,false,,10.90,0.1453,true,1,1444635
7290015644433,false,לחם מחמצת 100% שיפון קל אנג'ל 600 גרם,מאפיית שלמה א. אנג'\ל בע,IL,לחם צרפתי שיפון 100%,גרמים,650.00,100 גרם,false,,16.90,0.0260,true,1,1444637
7290015673013,false,טחון מהצומח צליה גריל500,טבע דלי בעמ,IL,טחון לצלייה צמחוני 5,גרמים,500.00,100 גרם,false,,23.90,0.0478,true,1,1458151
7290015673198,false,המבורגר טקסס עם פטריות טבע דלי 400 גרם,טבע דלי בעמ,IL,המבורגר טקסס עם פטרי,גרמים,400.00,100 גרם,false,,24.90,0.0622,true,1,1458155
7290015681070,false,אובלטים שומשום רמי לוי 300 גרם,רמי לוי,IL,אובלטים שומשום רמי ל,גרמים,300.00,100 גרם,false,,9.90,0.0330,true,1,1461138
7290015681087,false,אובלטים קימל רמי לוי 300 גרם,רמי לוי,IL,אובלטים קימל רמי לוי,גרמים,300.00,100 גרם,false,,9.90,0.0330,true,1,1461139
7290015681100,false,שניצלונים בציפוי שומשום רמי לוי 600 גרם,רמי לוי,IL,שניצלונים בציפוי שומ,גרמים,600.00,100 גרם,false,,23.90,0.0398,true,1,1461370
7290015681117,false,חטיפי עוף רמי לוי 60,רמי לוי,IL,חטיפי עוף רמי לוי 60,גרמים,600.00,100 גרם,false,,23.90,0.0398,true,1,1461371
7290015681131,false,שניצלוני גן חיות רמי לוי 600 גרם,רמי לוי,IL,שניצלוני גן חיות רמי,גרמים,600.00,100 גרם,false,,23.90,0.0398,true,1,1461372
7290015681148,false,נגיסי תירס רמי לוי 750 גרם,רמי לוי,IL,נגיסי תירס רמי לוי 7,גרמים,750.00,100 גרם,false,,19.90,0.0265,true,1,1461373
7290015681155,false,כוכבי תירס רמי לוי 600 גרם,רמי לוי,IL,כוכבי תירס רמי לוי 6,גרמים,600.00,100 גרם,false,,16.90,0.0282,true,1,1461374
7290015681162,false,שניצל תירס רמי לוי 750 גרם,רמי לוי,IL,שניצל תירס רמי לוי 7,גרמים,750.00,100 גרם,false,,19.90,0.0265,true,1,1461375
7290015681179,false,שניצל צמחי רמי לוי 750 גרם,רמי לוי,IL,שניצל צמחי רמי לוי 7,גרמים,750.00,100 גרם,false,,19.90,0.0265,true,1,1461376
7290015681186,false,שניצל עוף אמיתי עם שומשום רמי לוי 700 גרם,רמי לוי,IL,שניצל עוף אמיתי עם ש,גרמים,700.00,100 גרם,false,,27.90,0.0399,true,1,1461377
7290015681209,false,רצועות הודו רמי לוי 650 גרם,רמי לוי,IL,רצועות הודו רמי לוי,גרמים,650.00,100 גרם,false,,29.90,0.0460,true,1,1461379
7290015681445,false,קפסולות קפה קפוצינו רמי לוי,אספרסו,IT,קפסולות קפה קפוצינו,יח',1.00,יח',false,,7.80,7.8000,true,1,1461145
7290015681469,false,קפסולות קפה מקיאטו,אספרסו,IT,קפסולות קפה מקיאטו,יח',1.00,יח',false,,7.80,7.8000,true,1,1461146
7290015681476,false,קפסולות קפה אספרסו רמי לוי,אספרסו,IT,קפסולות קפה אספרסו ר,10 יח',1.00,10 יח',false,,7.80,7.8000,true,1,1461147
7290015681483,false,קפסולות קפה אספרסו חזק רמי לוי,אספרסו,IT,קפסולות קפה אספרסו ח,יח',1.00,יח',false,,7.80,7.8000,true,1,1461148
7290015681735,false,מיזלי צימוקים תפוח רמי לוי 400 גרם,דין שיווק,,מיזלי צימוקים תפוח ר,גרמים,400.00,100 גרם,false,,10.40,0.0260,true,1,1473539
7290015681759,false,מיזלי פירות רמי לוי,רמי לוי,,מיזלי פירות רמי לוי,גרמים,400.00,100 גרם,false,,10.40,0.0260,true,1,1473540
7290015681766,false,חטיפי גרנולה אגוזים ושקדים רמי לוי,ויטלה ניקולא דו,MK,חטיפי גרנולה אגוזים,גרמים,175.00,100 גרם,false,,8.90,0.0509,true,1,1473541
7290015681780,false,גרנולה פירות רמי לוי 400 גרם,רמי לוי,,גרנולה פירות רמי לוי,גרמים,400.00,100 גרם,false,,10.40,0.0260,true,1,1473543
7290015681810,false,גרנולה פירות רמי לוי 800 גרם,רמי לוי,,גרנולה פירות רמי לוי,גרמים,800.00,100 גרם,false,,17.90,0.0224,true,1,1473544
7290015681872,false,חטיפי גרנולה צימוקים ותמרים רמי לוי,ויטלה ניקולא דו,MK,חטיפי גרנולה צימוקים,גרמים,175.00,100 גרם,false,,8.90,0.0509,true,1,1473547
7290015699730,false,סבון דה מארסיי יעקבי 1.5 ליטר *חדש-,יעקובי הפי,BE,נוזל רצפות מבושם ורו,ליטרים,1.50,ליטר,false,,11.90,7.9333,true,1,1450592
7290015733144,false,מטרנה גולד שלב 2 תרכובת מזון על בסיס חלבי,מטרנה,IL,מטרנה גולד שלב 2 700,גרמים,700.00,100 גרם,false,,67.50,0.0964,true,1,1446623
7290015733205,false,תרכובת מזון לתינוקות חלבי שלב 1 אקסטרה קר מהדרין,נסטלה,IL,מטרנה אקסטרה קר מהדר,גרמים,700.00,100 גרם,false,,56.90,0.0813,true,1,1446625
7290015733229,false,תרכובת מזון לתינוקות חלבי שלב 2 אקסטרה קר מהדרין,מטרנה,IL,מטרנה אקסטרה קר מהדר,גרמים,700.00,100 גרם,false,,56.90,0.0813,true,1,1446626
7290015733243,false,מטרנה אקסטרה קייר מהדרין שלב 3 700 גרם,מטרנה תעשיות ש.מ.,IL,מטרנה אקסטרה קר מהדר,גרמים,700.00,100 גרם,false,,56.90,0.0813,true,1,1446627
7290015733427,false,מטרנה דייסת גם וגם וניל פרו12*300ג 2019,מולינו ניקולי s.p.a,IL,מטרנה דייסת גם וגם ו,יח',1.00,יח',false,,17.90,17.9000,true,1,1446630
7290015733441,false,מטרנה דייסת גם וגם דגנים פרו 300 גר',מטרנה תעשיות ש.מ,IL,מטרנה דייסת גם וגם ד,גרמים,300.00,100 גרם,false,,17.90,0.0597,true,1,1446631
7290015781008,false,"יין VISION מרלו אדום טפרברג 750 מ""ל","יקב טפרברג 1870 בע""מ",IL,מרלו ויז'יון 750 מ'',מיליליטרים,750.00,"100 מ""ל",false,,38.90,0.0519,true,1,1450647
7290015781015,false,"יין VISION מלבק טפרברג 750 מ""ל","יקב טפרברג 1870 בע""מ",IL,מלבק ויז'יון 750 מ'',מיליליטרים,750.00,"100 מ""ל",false,,38.90,0.0519,true,1,1450648
7290015781053,false,"יין VISION לבן יבש טפרברג 750 מ""ל","יקב טפרברג 1870 בע""מ",IL,לבן יבש ויז'יון,מיליליטרים,750.00,"100 מ""ל",false,,38.90,0.0519,true,1,1450650
7290015781091,false,"יין VISION קברנה סוביניון טפרברג 750 מ""ל","יקב טפרברג 1870 בע""מ",IL,קברנה סובניון ויז'יו,מיליליטרים,750.00,"100 מ""ל",false,,38.90,0.0519,true,1,1450651
7290015781107,false,"יין סנג'ובזה 750 מ""ל IMPRESSION","יקב טפרברג 1870 בע""מ",IL,סנגובזה אימפרשן 750,מיליליטרים,750.00,"100 מ""ל",false,,39.90,0.0532,true,1,1450652
7290015781114,false,"יין IMPRESSION מרלו טפרברג 750 מ""ל","יקב טפרברג 1870 בע""מ",IL,מרלו אימפרשן 750 מ'',מיליליטרים,750.00,"100 מ""ל",false,,39.90,0.0532,true,1,1450653
7290015781121,false,"יין IMPRESSION קברנה סוביניון יבש טפרברג 750 מ""ל","יקב טפרברג 1870 בע""מ",IL,קברנה סובניון אימפרש,מיליליטרים,750.00,"100 מ""ל",false,,39.90,0.0532,true,1,1450654
7290015781138,false,"שרדונה אימפרשיאון 750 מ""ל","יקב טפרברג 1870 בע""מ",IL,שרדונה אימפרשן,מיליליטרים,750.00,"100 מ""ל",false,,39.90,0.0532,true,1,1450655
7290015781169,false,"יין IMPRESSION קברנה סוביניון חצי יבש טפרברג 750 מ""ל","יקב טפרברג 1870 בע""מ",IL,אדום חצי יבש אימפרשן,מיליליטרים,750.00,"100 מ""ל",false,,39.90,0.0532,true,1,1450658
7290015781268,false,"יין מוסקטו אדום טפרברג 750 מ""ל","יקב טפרברג 1870 בע""מ",IL,יין אדום מוסקטו,מיליליטרים,750.00,"100 מ""ל",false,,34.90,0.0465,true,1,1450659
7290015781282,false,"יין IMPRESSION גוורצטרמינר טפרברג 750 מ""ל",יקב טפרברג 1870,IL,גוורצטרמינר אימפרשן,מיליליטרים,750.00,"100 מ""ל",false,,39.90,0.0532,true,1,1450661
7290015781299,false,"יין VISION שיראז אדום טפרברג 750 מ""ל","יקב טפרברג 1870 בע""מ",IL,שיראז ויז'יון 750 מ',מיליליטרים,750.00,"100 מ""ל",false,,38.90,0.0519,true,1,1450662
7290015781305,false,"יין אימפרשן סירה 750 מ""ל","יקב טפרברג 1870 בע""מ",IL,סירה אימפרשן 750 מ'',מיליליטרים,750.00,"100 מ""ל",false,,39.90,0.0532,true,1,1450663
7290015804899,false,תירס 800 ג,,,תירס 800 ג,גרמים,800.00,100 גרם,false,,8.70,0.0109,true,1,1466138
7290015804905,false,אפונה 800 ג רמילוי,,,אפונה 800 ג רמילוי,גרמים,800.00,100 גרם,false,,8.70,0.0109,true,1,1466139
7290015804912,false,אפונה וגזר 800 ג רמי לוי,,,אפונה וגזר 800 ג רמי,גרמים,800.00,100 גרם,false,,8.70,0.0109,true,1,1466140
7290015804936,false,שעועית צהובה חתוכה 800 גר רמילוי,,,שעועית צהובה חתוכה 8,גרמים,800.00,100 גרם,false,,8.70,0.0109,true,1,1466142
7290015804950,false,פול ירוק 800 גר רמילוי,,,פול ירוק 800 גר רמיל,גרמים,800.00,100 גרם,false,,10.90,0.0136,true,1,1466144
7290015804967,false,ברוקולי מוקפא 800 גר רמילוי,,,ברוקולי מוקפא 800 גר,גרמים,800.00,100 גרם,false,,16.90,0.0211,true,1,1466145
7290015804981,false,תחתיות ארטישוק מוקפאות 400 גר רמילוי,,,תחתיות ארטישוק מוקפא,גרמים,400.00,100 גרם,false,,8.90,0.0223,true,1,1466147
7290015804998,false,במיה מוקפאות 600 גר רמילוי,,,במיה מוקפאות 600 גר,גרמים,600.00,100 גרם,false,,8.30,0.0138,true,1,1466148
7290015834100,false,"ג'ין לוקסרדו דובדבנים חמוצים- איטליה 700 מ""ל",רמי לוי,,ג'ין לוקסרדו דובדבני,גרמים,350.00,100 גרם,false,,9.30,0.0266,true,1,1461278
7290015834162,false,"קמח לבן רמי לוי 1 ק""ג",רמי לוי,IL,"קמח לבן רמי לוי 1 ק""",יח',1.00,יח',false,,3.90,3.9000,true,1,1459007
7290015834186,false,"קמח תופח רמי לוי 1 ק""ג",רמי לוי,IL,קמח תופח רמי לוי 1 ק,יח',1.00,יח',false,,4.90,4.9000,true,1,1459008
7290015834193,false,"סולת חיטה רמי לוי 1 ק""ג",רמי לוי,IL,סולת חיטה רמי לוי 1,קילוגרמים,1.00,"ק""ג",false,,3.90,3.9000,true,1,1459009
7290015834209,false,"ציפס קלאסי רמי לוי 2 ק""ג",קפוא-זן,BE,ציפס קלאסי רמי לוי 2,קילוגרמים,2.00,"ק""ג",false,,22.90,11.4500,true,1,1461382
7290015834223,false,פרורי לחם מוזהבים רמי לוי 200 גרם,רמי לוי,ES,פרורי לחם מוזהבים רמ,גרמים,200.00,100 גרם,false,,3.50,0.0175,true,1,1474247
7290015834230,false,קוסקוס דק רמי לוי 350 גרם,רמי לוי,IL,קוסקוס דק רמי לוי 35,גרמים,350.00,100 גרם,false,,4.50,0.0129,true,1,1461149
7290015834247,false,קוסקוס בינוני רמי לוי 350 גרם,רמי לוי,IL,קוסקוס בינוני רמי לו,גרמים,350.00,100 גרם,false,,4.50,0.0129,true,1,1461150
7290015834254,false,קוסקוס עבה רמי לוי 350 גרם,רמי לוי,IL,קוסקוס עבה רמי לוי 3,גרמים,350.00,100 גרם,false,,4.50,0.0129,true,1,1461151
7290015834285,false,פתיתים אורז רמי לוי 500 גרם,רמי לוי,IL,פתיתים אורז רמי לוי,גרמים,500.00,100 גרם,false,,4.50,0.0090,true,1,1461152
7290015834292,false,פתיתים קוסקוס רמי לוי 500 גרם,רמי לוי,IL,פתיתים קוסקוס רמי לו,גרמים,500.00,100 גרם,false,,4.50,0.0090,true,1,1461153
7290015834315,false,"דבש טהור רמי לוי 1 ק""ג",עמק חפר,RO,דבש טהור רמי לוי 1 ק,יח',1.00,יח',false,,34.90,34.9000,true,1,1461281
7290015834339,false,דבש בצנצנת רמי לוי 350 גרם,דבש עמק חפר,RO,דבש בצנצנת רמי לוי 3,גרמים,350.00,100 גרם,false,,15.90,0.0454,true,1,1461282
7290015834445,false,"ציפס סטיק רמי לוי 2 ק""ג",קפוא-זן,BE,ציפס סטיק רמי לוי 2,קילוגרמים,2.00,"ק""ג",false,,22.90,11.4500,true,1,1461384
7290015834469,false,פרוסות דקל רמי לוי 220 גרם,טעמן,,פרוסות דקל רמי לוי 2,גרמים,220.00,100 גרם,false,,7.90,0.0359,true,1,1461283
7290015834483,false,דבש לחיץ רמי לוי 250 גרם,רמי לוי,IL,דבש לחיץ רמי לוי 250,גרמים,250.00,100 גרם,false,,12.90,0.0516,true,1,1461284
7290015834902,false,מלפפון בחומץ 13-17 ר,רמי לוי,IL,מלפפון בחומץ 13-17 ר,גרמים,290.00,100 גרם,false,,8.50,0.0293,true,1,1469244
7290015834940,false,מלפפון במלח 18-25 רמי לוי 320 גרם,רמי לוי,IL,מלפפון במלח 18-25 רמ,גרמים,320.00,100 גרם,false,,10.90,0.0341,true,1,1469248
7290015834988,false,פרורי לחם לבנים רמי לוי 200 גרם,רמי לוי,ES,פרורי לחם לבנים רמי,גרמים,200.00,100 גרם,false,,3.50,0.0175,true,1,1474248
7290015835039,false,כריות יפניות עבות רמי לוי 6 יח,רמי לוי,,כריות יפניות עבות רמ,100 יח',6.00,100 יח',false,,7.50,1.2500,true,1,1464367
7290015835046,false,כריות יפניות רמי לוי 9 יח,,,כריות יפניות רמי לוי,100 יח',9.00,100 יח',false,,8.60,0.9556,true,1,1464368
7290015835053,false,כריות קרצוף ארוכות רמי לוי,רמי לוי,,כריות קרצוף ארוכות ר,100 יח',1.00,100 יח',false,,7.50,7.5000,true,1,1464369
7290015835060,false,כריות קרצוף רמי לוי 10 יח,רמי לוי,,כריות קרצוף רמי לוי,100 יח',10.00,100 יח',false,,5.10,0.5100,true,1,1464370
7290015835077,false,ברזלית צילינדר רמי לוי 4 יח רמי לוי,פלסטו פוליש,IL,ברזלית צילינדר רמי ל,100 יח',4.00,100 יח',false,,7.90,1.9750,true,1,1464371
7290015835084,false,ספוג פלא לניקוי רמי לוי 6 יח,רמי לוי,,ספוג פלא לניקוי רמי,100 יח',6.00,100 יח',false,,7.50,1.2500,true,1,1464372
7290015835107,false,צמר פלדה רמי לוי 350 גרם,רמי לוי,,צמר פלדה רמי לוי 350,גרמים,350.00,100 גרם,false,,8.90,0.0254,true,1,1464374
7290015835114,false,צמר פלדה רמי לוי 100 גרם,רמי לוי,,צמר פלדה רמי לוי 100,גרמים,100.00,100 גרם,false,,2.90,0.0290,true,1,1464375
7290015835138,false,פרורי לחם לבנים 400 גרם רמי לוי,רמי לוי,ES,פרורי לחם לבנים 400,גרמים,400.00,100 גרם,false,,4.90,0.0123,true,1,1474249
7290015835237,false,פרורי לחם מוזהבים רמי לוי 400 גרם,רמי לוי,ES,פרורי לחם מוזהבים רמ,גרמים,400.00,100 גרם,false,,4.90,0.0123,true,1,1474250
7290015835404,false,גרנולה אגוזים רמי לוי 800 גרם,רמי לוי,,גרנולה אגוזים רמי לו,גרמים,800.00,100 גרם,false,,17.90,0.0224,true,1,1473549
7290015835411,false,גרנולה אגוזים רמי לוי 400 גרם,רמי לוי,,גרנולה אגוזים רמי לו,גרמים,400.00,100 גרם,false,,10.40,0.0260,true,1,1473550
7290015835435,false,מוזלי אגוזים רמי לוי 400 גרם,רמי לוי,,מוזלי אגוזים רמי לוי,גרמים,400.00,100 גרם,false,,10.40,0.0260,true,1,1473552
7290015835466,false,פרורי לחם גריל 200גר רמי לוי,רמי לוי,ES,פרורי לחם גריל 200גר,גרמים,200.00,100 גרם,false,,3.50,0.0175,true,1,1474251
7290015835510,false,קנלוני רמי לוי 250 גרם,פסטיפיציו,IT,קנלוני רמי לוי 250 ג,גרמים,250.00,100 גרם,false,,7.90,0.0316,true,1,1461155
7290015835527,false,לזניה רמי לוי 500 גרם,פסטיפיציו,IT,לזניה רמי לוי 500 גר,גרמים,500.00,100 גרם,false,,11.90,0.0238,true,1,1461156
7290015835572,false,פרורי לחם שומשום 200גר רמי לוי,רמי לוי,ES,פרורי לחם שומשום 200,גרמים,200.00,100 גרם,false,,3.50,0.0175,true,1,1474252
7290015835633,false,"וופל טעם שוקולד רמי לוי 1 ק""ג",,,וופל טעם שוקולד רמי,קילוגרמים,1.00,"ק""ג",false,,16.90,16.9000,true,1,1471591
7290015835640,false,וופל טעם שוקולד רמי לוי 300 גרם,מנעמים,IL,וופל טעם שוקולד רמי,גרמים,300.00,100 גרם,false,,4.50,0.0150,true,1,1471592
7290015835756,false,שיבולת שועל דק רמי לוי 500 גרם,רמי לוי,,שיבולת שועל דק רמי ל,גרמים,500.00,100 גרם,false,,4.50,0.0090,true,1,1473553
7290015835763,false,שיבולת שועל עבה רמי לוי 500 גרם,רמי לוי,,שיבולת שועל עבה רמי,גרמים,500.00,100 גרם,false,,4.50,0.0090,true,1,1473554
7290015835817,false,אטריות דקיקות 400 גרם רמי לוי,רמי לוי,,אטריות דקיקות 400 גר,גרמים,400.00,100 גרם,false,,4.50,0.0113,true,1,1461286
7290015835824,false,אטריות דקות 400 גרם רמי לוי,רמי לוי,,אטריות דקות 400 גרם,גרמים,400.00,100 גרם,false,,4.50,0.0113,true,1,1461287
7290015835930,false,מגבות נייר רמי לוי 8 יח,רמי לוי,,מגבות נייר רמי לוי 8,יח',1.00,יח',false,,13.50,13.5000,true,1,1453557
7290015835947,false,נייר טואלט רמי לוי 40 יח,רמי לוי,,נייר טואלט רמי לוי 4,יח',1.00,יח',false,,35.90,35.9000,true,1,1453558
7290015835954,false,מפיות נייר רמי לוי 100 יח,רמי לוי,,מפיות נייר רמי לוי 1,יח',1.00,יח',false,,4.90,4.9000,true,1,1453559
7290015835978,false,ממחטות מארז חמישייה רמי לוי,רמי לוי,,ממחטות מארז חמישייה,יח',1.00,יח',false,,11.80,11.8000,true,1,1453561
7290015856331,false,קרם קרקר חיטה מלאה 2,,,קרם קרקר חיטה מלאה 2,גרמים,250.00,100 גרם,false,,6.90,0.0276,true,1,1471753
7290015856355,false,קרקר 110 גרם רמי לוי,,,קרקר 110 גרם רמי לוי,גרמים,110.00,100 גרם,false,,2.30,0.0209,true,1,1471755
7290015856362,false,קרקר 110 גרם רמי לוי,,,קרקר 110 גרם רמי לוי,גרמים,110.00,100 גרם,false,,2.30,0.0209,true,1,1471756
7290015856386,false,חטיפי קרקר שומשום 350ג רמילוי,,,חטיפי קרקר שומשום 35,גרמים,350.00,100 גרם,false,,6.90,0.0197,true,1,1471758
7290015856393,false,חטיפי קרקר מלח ים 350ג רמילוי,,,חטיפי קרקר מלח ים 35,גרמים,350.00,100 גרם,false,,6.90,0.0197,true,1,1471759
7290015856416,false,חטיפי קרקר בצל 350ג רמילוי,,,חטיפי קרקר בצל 350ג,גרמים,350.00,100 גרם,false,,6.90,0.0197,true,1,1471761
7290015856423,false,קרקר עם בצל 110ג רמילוי,,,קרקר עם בצל 110ג רמי,גרמים,110.00,100 גרם,false,,2.30,0.0209,true,1,1471762
7290015856430,false,דגדגים 200גר רמי לוי,,,דגדגים 200גר רמי לוי,גרמים,200.00,100 גרם,false,,4.50,0.0225,true,1,1471763
7290015856720,false,סנקסו חטיף אפונה אפוי עם זעתר 50 גרם,תות תעשיות מזון (201,IL,חטיף אפונה אפוי עם ז,גרמים,50.00,100 גרם,false,,5.70,0.1140,true,1,1441475
7290015856973,false,פתי בר ללא סוכר 150 גר הדר וניל,הדר,IL,"ביסקוויט וניל ללת""ס",גרמים,150.00,100 גרם,false,,5.80,0.0387,true,1,1446638
7290015856980,false,פתי בר ללא סוכר 150 גר הדר שוקו,הדר,IL,"ביסקוויט שוקו ללת""ס",גרמים,150.00,100 גרם,false,,5.80,0.0387,true,1,1446639
7290015858106,false,"ממרח פסטו ביתי 180 גרם ""עללחם""","מדשא תעשיות מזון בע""\מ",IL,עללחם פסטו ביתי 180ג,גרמים,180.00,100 גרם,false,,15.90,0.0883,true,1,1454597
7290015858113,false,"ממרח עגבניות מיובשות 180 גרם ""טריטרי""","מדשא תעשיות מזון בע""\מ",IL,עללחם ממרח עגבניות מ,גרמים,180.00,100 גרם,false,,15.90,0.0883,true,1,1454598
7290015858144,false,ממרח ארטישוק עללחם 180 גרם,"מדשא תעשיות מזון בע""\מ",IL,עללחם ממרח ארטישוק 1,גרמים,180.00,100 גרם,false,,15.90,0.0883,true,1,1454599
7290015858175,false,ממרח פלפלים קלויים עללחם 180 גרם,"מדשא תעשיות מזון בע""\מ",IL,עללחם ממרח פלפלים קל,גרמים,180.00,100 גרם,false,,15.90,0.0883,true,1,1454601
7290015858229,false,"טפנד זיתי קלמטה 180 גרם ""עללחם""","מדשא תעשיות מזון בע""\מ",IL,עללחם טפנד זיתי קלמט,גרמים,180.00,100 גרם,false,,15.90,0.0883,true,1,1454602
7290015858328,false,עללחם ממרח איולי פסטו 295 גרם,"מדשא תעשיות מזון בע""\מ",IL,איולי פסטו עללחם 295,גרמים,295.00,100 גרם,false,,12.90,0.0437,true,1,1516365
7290015858427,false,שלישיית ממרחים שמאפשרת לגוון עללחם 240 גרם,מדשא תעשיות מזון,IL,מארז עללחם,גרמים,240.00,100 גרם,false,,19.90,0.0829,true,1,1477088
7290015858434,false,שום כתוש עללחם 250 גרם,מדשא תעשיות מזון בעמ,IL,שום כתוש 250גר עללחם,גרמים,250.00,100 גרם,false,,12.90,0.0516,true,1,1454604
7290015858441,false,עללחם ממרח איולי פלפלים 295 גרם,"מדשא תעשיות מזון בע""\מ",IL,איולי פלפלים עללחם 2,גרמים,295.00,100 גרם,false,,12.90,0.0437,true,1,1516366
7290015858687,false,עללחם ממרח איולי שום 295 גרם,"מדשא תעשיות מזון בע""\מ",IL,איולי שום עללחם 295,גרמים,295.00,100 גרם,false,,12.90,0.0437,true,1,1516367
7290015858694,false,עללחם ממרח איולי שום לימון 295 גרם,"מדשא תעשיות מזון בע""\מ",IL,איולי שום לימון עללח,גרמים,295.00,100 גרם,false,,12.90,0.0437,true,1,1516368
7290015865722,false,קונפיטורת תות שדה לייט 400 גרם,ענבי ציון,IL,קונפיטורת תות שדה לי,גרמים,400.00,100 גרם,false,,19.70,0.0492,true,1,1470941
7290015865739,false,קונפיטורת אוכמניות לייט 400 גר,ענבי ציון,IL,קונפיטורת אוכמניות ל,גרמים,400.00,100 גרם,false,,19.70,0.0492,true,1,1470942
7290015865746,false,קונפיטורת פירות יער לייט 400 ג,ענבי ציון,IL,קונפיטורת פירות יער,גרמים,400.00,100 גרם,false,,19.70,0.0492,true,1,1470943
7290015872096,false,חומוס סלטי שמיר 700 גרם,"סלטי שמיר 2006 בע""מ",IL,חומוס אסלי 700גר,גרמים,700.00,100 גרם,false,,9.90,0.0141,true,1,1516061
7290015888196,false,שמן חמניות שוקחה 1 ל,"אל אל סי ""בונגי סי א",RU,שמן חמניות 1ליטר 15,ליטרים,1.00,ליטר,false,,12.70,12.7000,true,1,1471966
7290015888301,false,שמן חמניות שוקחה 3 ל,אל אל סי פרייקלוטניא,FR,שמן חמניות 3 ליטר X,ליטרים,3.00,ליטר,false,,36.50,12.1667,true,1,1471968
7290015899093,false,תרסיס ניקוי נירוסטה 500 מל,,,תרסיס ניקוי נירוסטה,מיליליטרים,500.00,"100 מ""ל",false,,12.90,0.0258,true,1,1461005
7290015899222,false,אקונומיקה מבושמת סמיכה רמי לוי 4 ליטר,רמי לוי,IL,אקונומיקה מבושמת סמי,ליטרים,4.00,ליטר,false,,9.90,2.4750,true,1,1461008
7290015899239,false,אקונומיקה מבושמת רמי לוי 4 ליטר,רמי לוי,IL,אקונומיקה מבושמת רמי,ליטרים,4.00,ליטר,false,,9.90,2.4750,true,1,1461009
7290015899246,false,מרכך צהוב רמי לוי 4 ליטר,רמי לוי,IL,מרכך צהוב רמי לוי 4,ליטרים,4.00,ליטר,false,,15.90,3.9750,true,1,1461010
7290015899253,false,מרכך כביסה ורוד רמי לוי 4 ליטר,רמי לוי,IL,מרכך כביסה ורוד רמי,ליטרים,4.00,ליטר,false,,15.90,3.9750,true,1,1461011
7290015899260,false,מרכך כביסה לבן רמי לוי 4 ליטר,רמי לוי,IL,מרכך כביסה לבן רמי ל,ליטרים,4.00,ליטר,false,,15.90,3.9750,true,1,1461012
7290015899277,false,מרכך כביסה כחול רמי לוי 4 ליטר,רמי לוי,IL,מרכך כביסה כחול רמי,ליטרים,4.00,ליטר,false,,15.90,3.9750,true,1,1461013
7290015899291,false,מרכך מרוכז צהוב רמי לוי 1 ליטר,רמי לוי,IL,מרכך מרוכז צהוב רמי,ליטרים,1.00,ליטר,false,,9.50,9.5000,true,1,1461014
7290015899307,false,מרכך מרוכז ורוד רמי לוי 1 ליטר,רמי לוי,IL,מרכך מרוכז ורוד רמי,ליטרים,1.00,ליטר,false,,9.50,9.5000,true,1,1461015
7290015899314,false,מרכך מרוכז לבן רמי לוי 1 ליטר,רמי לוי,IL,מרכך מרוכז לבן רמי ל,ליטרים,1.00,ליטר,false,,9.50,9.5000,true,1,1461016
7290015899321,false,מרכך מרוכז כחול רמי לוי 1 ליטר,רמי לוי,IL,מרכך מרוכז כחול רמי,ליטרים,1.00,ליטר,false,,9.50,9.5000,true,1,1461017
7290015899338,false,"מבשם כביסה לבן רמי לוי 500 מ""ל",רמי לוי,IL,מבשם כביסה לבן רמי ל,מיליליטרים,500.00,"100 מ""ל",false,,10.90,0.0218,true,1,1461018
7290015899345,false,"מבשם כביסה ורוד רמי לוי 500 מ""ל",רמי לוי,IL,מבשם כביסה ורוד רמי,מיליליטרים,500.00,"100 מ""ל",false,,10.90,0.0218,true,1,1461019
7290015899406,false,נוזל רצפות כחול רמי לוי 4 ליטר,רמי לוי,IL,נוזל רצפות כחול רמי,ליטרים,4.00,ליטר,false,,11.90,2.9750,true,1,1461021
7290015899413,false,נוזל רצפות ורוד רמי לוי 4 ליטר,רמי לוי,IL,נוזל רצפות ורוד רמי,ליטרים,4.00,ליטר,false,,11.90,2.9750,true,1,1461022
7290015899420,false,נוזל רצפות סגול רמי לוי 4 ליטר,רמי לוי,IL,נוזל רצפות סגול רמי,ליטרים,4.00,ליטר,false,,11.90,2.9750,true,1,1461023
7290015899475,false,מילוי למטהר אויר אוטמטי 250 מל,,,מילוי למטהר אויר אוט,יח',1.00,יח',false,,8.90,8.9000,true,1,1461025
7290015899482,false,מילוי למטהר אויר אוטמטי 250 מל,,,מילוי למטהר אויר אוט,יח',1.00,יח',false,,8.90,8.9000,true,1,1461026
7290015899499,false,מילוי למטהר אויר אוטמטי 250 מל,,,מילוי למטהר אויר אוט,יח',1.00,יח',false,,8.90,8.9000,true,1,1461027
7290015951227,false,"יין גמלא השמורה סירה 2021 750 מ""ל",מיוצר וממולא על ידי יקב,IL,גמלא סירה 2017 750מל,מיליליטרים,750.00,"100 מ""ל",false,,61.90,0.0825,true,1,1462521
7290015994064,false,"בורגול רמי לוי 1 ק""ג",רמי לוי,IL,"בורגול רמי לוי 1 ק""ג",גרמים,1000.00,100 גרם,false,,6.30,0.0063,true,1,1461593
7290015994071,false,"גרישה רמי לוי 1 ק""ג",רמי לוי,IL,"גרישה רמי לוי 1 ק""ג",גרמים,1000.00,100 גרם,false,,6.90,0.0069,true,1,1461594
7290015994088,false,"גריסי פנינה רמי לוי 1 ק""ג",רמי לוי,IL,גריסי פנינה רמי לוי,100 קג,1.00,100 קג,false,,6.30,6.3000,true,1,1461595
7290015994095,false,"חומוס גדול רמי לוי 1 ק""ג",סוגת,IL,חומוס גדול רמי לוי 1,גרמים,1000.00,100 גרם,false,,12.90,0.0129,true,1,1461596
7290015994118,false,"חיטה רמי לוי 1 ק""ג",רמי לוי,IL,"חיטה רמי לוי 1 ק""ג",גרמים,1000.00,100 גרם,false,,5.90,0.0059,true,1,1461597
7290015994125,false,"כוסמת רמי לוי 1 ק""ג",רמי לוי,IL,"כוסמת רמי לוי 1 ק""ג",גרמים,1000.00,100 גרם,false,,9.90,0.0099,true,1,1461598
7290015994132,false,"עדשים אדומות רמי לוי 1 ק""ג",רמי לוי,IL,עדשים אדומות רמי לוי,גרמים,1000.00,100 גרם,false,,11.90,0.0119,true,1,1461599
7290015994149,false,"פופקורן רמי לוי 1 ק""ג",רמי לוי,IL,"פופקורן רמי לוי 1 ק""",גרמים,1000.00,100 גרם,false,,9.20,0.0092,true,1,1461600
7290015994156,false,"שעועית לבנה רמי לוי 1 ק""ג",רמי לוי,IL,שעועית לבנה רמי לוי,גרמים,1000.00,100 גרם,false,,12.90,0.0129,true,1,1461601
7290015994163,false,"שעועית אדומה רמי לוי 1 ק""ג",רמי לוי,IL,שעועית אדומה רמי לוי,גרמים,1000.00,100 גרם,false,,13.90,0.0139,true,1,1461602
7290015994705,false,קינמוני 500 גר רמילו,,,קינמוני 500 גר רמילו,גרמים,500.00,100 גרם,false,,9.90,0.0198,true,1,1461160
7290015994712,false,צדפוני שוקולד 500 גר רמילוי,,,צדפוני שוקולד 500 גר,גרמים,500.00,100 גרם,false,,9.90,0.0198,true,1,1461161
7290015994729,false,כדורוני 500 גר רמילו,,,כדורוני 500 גר רמילו,גרמים,500.00,100 גרם,false,,9.90,0.0198,true,1,1461162
7290015994736,false,גלגלוני 500 גר רמילוי,,,גלגלוני 500 גר רמילו,גרמים,500.00,100 גרם,false,,9.90,0.0198,true,1,1461163
7290015994767,false,"אפונה רמי לוי 1 ק""ג",רמי לוי,IL,"אפונה רמי לוי 1 ק""ג",גרמים,1000.00,100 גרם,false,,6.90,0.0069,true,1,1461603
7290015994811,false,"מסיר שומנים מרסס רמי לוי 750מ""ל",קומפלקס,IL,מסיר שומנים מרסס רמי,מיליליטרים,750.00,"100 מ""ל",false,,9.90,0.0132,true,1,1461664
7290015994835,false,רהיט ספריי 750 רמי לוי,קומפלקס,IL,רהיט ספריי 750 רמי ל,מיליליטרים,750.00,"100 מ""ל",false,,13.00,0.0173,true,1,1461666
7290016006292,false,נקטר מנגו בננה מלון קרטונית 1 ל' ספרינג,יפאורה שותפות מובגלת לשיווק,IL,נקטר ספרינג 1 ליטר מ,ליטרים,1.00,ליטר,false,,6.50,6.5000,true,1,1447477
7290016006339,false,מים מינרלים - מארז רביעייה,"מופק ממקור בזלתי עדן ,1",IL,מי עדן רביעייה 1 לי,ליטרים,4.00,ליטר,false,,9.90,2.4750,true,1,1447478
7290016006346,false,שוופס סודה 0.5 ליטר מארז שישייה,יפאורה שותפות מובגלת לשיווק,IL,שוופס סודה שישייה 50,ליטרים,3.00,ליטר,false,,13.90,4.6333,true,1,1447479
7290016035025,false,לחם פשתן 450 גרם (טרי) דל פחמימות,מאפיית ביכורים,IL,לחם פשתן 450 גר,גרמים,450.00,100 גרם,false,,24.70,0.0549,true,1,1471339
7290016077759,false,רוטב ברביקיו קלאסי היינץ 480 גרם,היינץ Heinz,NL,רוטב בקביקיו קלאסי ה,גרמים,480.00,100 גרם,false,,16.90,0.0352,true,1,1451534
7290016087123,false,רוטב מתובל לפסטה בסגנון קלאסי פריניר 240 גרם,פריניר,IL,פריניר רוטב פסטה קלא,גרמים,240.00,100 גרם,false,,4.90,0.0204,true,1,1447248
7290016087147,false,רוטב עגבניות מתובל לפיצה מרגריטה 240 גרם,פריניר,IL,פריניר רוטב פיצה מרג,גרמים,240.00,100 גרם,false,,4.90,0.0204,true,1,1447249
7290016087208,false,עגבניות מרוסקות מרוכזות ובזיליקום 230 גרם פריניר,פריניר,IL,פריניר מרוסקות בזיל,גרמים,230.00,100 גרם,false,,4.90,0.0213,true,1,1447251
7290016087215,false,עגבניות מרוסקות מרוכזות ושום 230 גרם פריניר,פריניר ( הדס 1987) ב,IL,פריניר מרוסקות שום 2,גרמים,230.00,100 גרם,false,,4.90,0.0213,true,1,1447252
7290016087222,false,רוטב עגבניות מרוכז לשקשוקה פריניר 230 גרם,פריניר ( הדס 1987) ב,IL,פריניר רוטב עגבניות,גרמים,230.00,100 גרם,false,,4.90,0.0213,true,1,1447253
7290016087239,false,רוטב עגבניות מרוכז לשקשוקה פיקנטי פריניר 230 גרם,פריניר,IL,רוטב שקשוקה ארקה חרי,גרמים,230.00,100 גרם,false,,4.90,0.0213,true,1,1447254
7290016087499,false,פריניר עגבניות חתוכות דק שלישיה 3 * 400 גרם,פריניר ) הדס (1987 בעמ,IL,עגב' חתוך דק מארז 3*,גרמים,720.00,100 גרם,false,,11.80,0.0164,true,1,1447258
7290016087543,false,זיתים ירוקים נטולי גלעין,פריניר,IL,זיתים ירוקים נטולי ג,גרמים,200.00,100 גרם,false,,4.90,0.0245,true,1,1447259
7290016087550,false,מלפפונים במלח קטנים מאוד 8-12,"פריניר(הדס 1987) בע""",IL,מלפפונים במלח קטנים,גרמים,200.00,100 גרם,false,,4.90,0.0245,true,1,1447260
7290016087574,false,זית ירוקים ללא גלעין390ג,פריניר,IL,זיתים ירוקים נטולי ג,גרמים,390.00,100 גרם,false,,5.90,0.0151,true,1,1447261
7290016087581,false,זיתים ירוקים טבעות 390 ג,פריניר,IL,זיתים ירוקים טבעות A,יח',1.00,יח',false,,5.90,5.9000,true,1,1447262
7290016104271,false,ריבת חלב בצנצנת 20% חלב,פוליבה,IL,ריבת חלב 340 גרם,גרמים,340.00,100 גרם,false,,12.70,0.0374,true,1,1452267
7290016106411,false,פרוסות מנגו 425 גרם בסירופ קל,לונגהי גואנגפה פוד ב,IL,פרוסות מנגו בסירופ 4,גרמים,425.00,100 גרם,false,,6.90,0.0162,true,1,1446178
7290016106671,false,נתחי טונה בהירה בשמן צמחי,פילטונה,IL,טונה 140ג בשמן רמי ל,גרמים,140.00,100 גרם,false,,4.90,0.0350,true,1,1461289
7290016106688,false,נתחי טונה במי מלח טעמן 140 ג',פילטונה,IL,טונה 140ג במים רמי ל,גרמים,140.00,100 גרם,false,,4.90,0.0350,true,1,1446181
7290016106855,false,תירס גמדי טעמן 410 גרם,מולטיפל פודס סי או,TH,תירס גמדי 410ג כשלפ,גרמים,410.00,100 גרם,false,,7.50,0.0183,true,1,1446182
7290016117370,false,נקי לשבת WOW רמילוי,,,נקי לשבת WOW רמילוי,יח',1.00,יח',false,,6.90,6.9000,true,1,1464384
7290016132106,false,כיסא פלסטיק איכותי,,,כיסא פלסטיק איכותי,יח',1.00,יח',false,,19.90,19.9000,true,1,1465425
7290016132564,false,צלחת פלסטיק שטוחה,,,צלחת שטוחה,יח',1.00,יח',false,,3.90,3.9000,true,1,1488093
7290016136142,false,תערובת להכנת פנקייק ללא גלוטן 400 גר,"אשבל -מזון פונקציונלי בע""מ",IL,תערובת להכנת פנקייק,גרמים,400.00,100 גרם,false,,18.60,0.0465,true,1,1442758
7290016136692,false,משחת שיניים הגנה משולשת מנטה מרענן- שלישייה,גלקסוסמיתקליין,SK,אקווה פרש שלישיה מנט,מטרים,100.00,100 מ'ל,false,,16.90,0.1690,true,1,1455887
7290016136708,false,משחת שיניים הגנה משולשת מנטה עדין- שלישייה,גלקסוסמיתקליין,SK,אקווה פרש שלישיה עדי,מיליליטרים,300.00,"100 מ""ל",false,,16.90,0.0563,true,1,1455888
7290016136722,false,פתיתים פנה ללא גלוטן 340 גרם גי פרי,אורגרן הלס אנד ניצר,AU,פסטה פנה ללא גלוטן 3,גרמים,340.00,100 גרם,false,,7.90,0.0232,true,1,1442760
7290016136739,false,GFREE פתיתי פוזילי על בסיס קמח תירס וקמח,מאלינו אנדנני,IT,פסטה פוזילי ללא גלוט,גרמים,340.00,100 גרם,false,,7.90,0.0232,true,1,1442761
7290016136852,false,זוג משחות סנסודיין הלבנה 150 מל,,IL,סוד נוזל לכלים ליים 1.250,מיליליטרים,150.00,"100 מ""ל",false,,29.90,0.1993,true,1,1455891
7290016144000,false,"קמח חיטה מלאה נפלאות 80% 1 ק""ג","קמח מלכים בע""\מ",IL,קמח חיטה מלאה 80% 1ק,יח',1.00,יח',false,,9.70,9.7000,true,1,1469269
7290016144017,false,"קמח מלא נפלאות 100% ללא ניפוי 1 ק""ג",קמח מלכים,IL,קמח חיטה מלאה 100%,יח',1.00,יח',false,,9.70,9.7000,true,1,1469270
7290016144024,false,"קמח כוסמין מלא נפלאות 100% 1 ק""ג","קמח מלכים בע""מ",IL,קמח כוסמין מלא 100%,יח',1.00,יח',false,,14.90,14.9000,true,1,1469271
7290016144031,false,"נפלאות קמח חיטה לבן מנופה 1 ק""ג",קמח מלכים,IL,קמח חיטה לבן מנופה,יח',1.00,יח',false,,6.90,6.9000,true,1,1469272
7290016144048,false,"קמח כוסמין לבן נפלאות 1 ק""ג","קמח מלכים בע""מ",IL,קמח כוסמין לבן,יח',1.00,יח',false,,16.90,16.9000,true,1,1469273
7290016144055,false,"קמח כוסמין נפלאות 80% 1 ק""ג",קמח מלכים,IL,קמח כוסמין 80%,יח',1.00,יח',false,,14.90,14.9000,true,1,1469274
7290016144062,false,"קמח שיפון מלא נפלאות, 1 ק""ג",קמח מלכים,IL,קמח שיפון מלא 1קג,גרמים,1000.00,100 גרם,false,,8.90,0.0089,true,1,1479941
7290016144079,false,"קמח חיטה כפרי נפלאות 1 ק""ג",קמח מלכים,IL,קמח חיטה כפרי 1קג,גרמים,1000.00,100 גרם,false,,8.90,0.0089,true,1,1479942
7290016144086,false,נפלאות קמח חלה מנופה 1 ק”ג,קמח מלכים,IL,נפלאות קמח חלה מנופה,גרמים,1000.00,100 גרם,false,,6.90,0.0069,true,1,1479943
7290016144093,false,נפלאות קמח לחם לבן מנופה 1 ק”ג,קמח מלכים,IL,נפלאות קמח לחם לבן מ,גרמים,1000.00,100 גרם,false,,6.90,0.0069,true,1,1479944
7290016144109,false,קמח פיצה מנופה נפלאות 1קג,קמח מלכים,IL,קמח פיצה מנופה נפלאו,גרמים,1000.00,100 גרם,false,,14.90,0.0149,true,1,1479945
7290016144116,false,"קמח תופח נפלאות, 1 ק""ג",קמח מלכים,IL,קמח תופח נפלאות 1קג,גרמים,1000.00,100 גרם,false,,8.90,0.0089,true,1,1479946
7290016150117,false,סלק אדום מבושל 500 ג' בוואקום,ג'ואבג'י יואייבי,LE,סלק וואקום,גרמים,500.00,100 גרם,false,,5.90,0.0118,true,1,1454129
7290016162219,false,כדורי שוקולד קוקוס קפולסקי 280 גר',תופינים מקבוצת קפולסקי,IL,כדורי שוקולד פרווה 2,גרמים,280.00,100 גרם,false,,29.90,0.1068,true,1,1462064
7290016162233,false,עוגיות ממולאות סוגים שונים 200 גרם קפולסקי,קפולסקי,IL,עוגיות דיזרט פרמיום,גרמים,240.00,100 גרם,false,,19.90,0.0829,true,1,1462066
7290016162264,false,עוגת גבינה רנסנס קפולסקי 450 גרם,קפולסקי שיווק וקמעונ,IL,עוגת גבינה רנסנס 450,גרמים,450.00,100 גרם,false,,35.90,0.0798,true,1,1462067
7290016197488,false,מטליות מיקרופייבר למשטחים ניקול 3יח',חוגלה קימברלי,CN,מטלית קסם לשיש שלישי,יח',3.00,יח',false,,9.90,3.3000,true,1,1452595
7290016197495,false,ניקול זוג מטליות הקסם מיקרופייבר לרצפה,חוגלה קימברלי,CN,מטלית קסם לרצפה זוג,יח',2.00,יח',false,,15.60,7.8000,true,1,1452596
7290016233384,false,גפילטע פיש 7 קציצות תומר 555 גרם,דג טעים ירושלים,IL,גפילטא פיש 7 קציצות,גרמים,550.00,100 גרם,false,,14.50,0.0264,true,1,1444189
7290016233995,false,שימורי אנשובי עם שמן זית 45 ג' תומר,אינוורסינס פריסקו,PE,אנשובי פח עם שמן זית,גרמים,45.00,100 גרם,false,,5.50,0.1222,true,1,1444194
7290016234008,false,פילה אנשובי שמן זית תומר צנצנת 100 גרם,אינוורסינס פריסקו,PE,אנשובי צנצנת שמןזית,גרמים,100.00,100 גרם,false,,10.80,0.1080,true,1,1444195
7290016245608,false,לחם משפחתי שחור 1.1קג,,,לחם משפחתי שחור 1.1ק,גרמים,1100.00,100 גרם,false,,19.90,0.0181,true,1,1501869
7290016245653,false,לחם שיפון קל חצי משפחתי 550 גרם,"ביכורים מזון ומאפה בע""\מ",IL,לחם שיפון קל חצי משפ,גרמים,550.00,100 גרם,false,,17.90,0.0325,true,1,1501871
7290016245769,false,לחם כוסמין מחמצת בתו,ביכורים,IL,לחם כוסמין 600 גר,גרמים,600.00,100 גרם,false,,17.90,0.0298,true,1,1501873
7290016246209,false,"חטיף חלבה וניל 100 גרם ""בארכה""","רושדי תעשיות מזון בע""\מ",IL,בארכה חטיף חלבה וניל,גרמים,100.00,100 גרם,false,,3.80,0.0380,true,1,1446642
7290016246490,false,בארכה חלבה קלאסית 400 גרם,רושדי תעשיות מזון בע,IL,חלבה קלאסית 400 גרם,יח',1.00,יח',false,,10.90,10.9000,true,1,1446646
7290016255324,false,פותח סתימות 1לי רמי לוי,,,פותח סתימות 1לי רמי,100 קילו,100.00,100 קילו,false,,12.90,0.1290,true,1,1461028
7290016255737,false,מרכך כביסה סגול רמילוי 4 ליט,,,מרכך כביסה סגול רמיל,ליטרים,4.00,ליטר,false,,15.90,3.9750,true,1,1461029
7290016255744,false,מרכך כביסה ירוק רמילוי 4 ליט,,,מרכך כביסה ירוק רמיל,ליטרים,4.00,ליטר,false,,15.90,3.9750,true,1,1461030
7290016270709,false,עגבניות שרי אשכולות,ביכורי השקמה,IL,עגבניות שרי 460 ג,גרמים,460.00,100 גרם,false,,9.90,0.0215,true,1,1454131
7290016272017,false,זיתים ירוקים מנזלינו גדול 340 גר,,,זיתים ירוקים מנזלינו,גרמים,340.00,100 גרם,false,,7.50,0.0221,true,1,1469249
7290016272031,false,חרוזית ירוק ללא גלעין 275 גר רמי לוי,,,חרוזית ירוק ללא גלעי,גרמים,275.00,100 גרם,false,,7.90,0.0287,true,1,1469251
7290016272055,false,טבעות מושחר 275 גר,,,טבעות מושחר 275 גר,גרמים,275.00,100 גרם,false,,7.50,0.0273,true,1,1469253
7290016272062,false,חרוזית שחור 275 גרם רמי לוי,,,חרוזית שחור 275 גרם,גרמים,275.00,100 גרם,false,,7.50,0.0273,true,1,1469254
7290016272079,false,מבוקע פיקנטי 340 גר,,,מבוקע פיקנטי 340 גר,גרמים,340.00,100 גרם,false,,7.50,0.0221,true,1,1469255
7290016272147,false,ביסקויט חצי מצופה רמי לוי,הדר,IL,ביסקויט חצי מצופה רמ,גרמים,175.00,100 גרם,false,,5.50,0.0314,true,1,1471770
7290016272154,false,ביסקויט מתוק גן חיות רמי לוי 200 גרם,הדר,IL,ביסקויט מתוק גן חיות,גרמים,200.00,100 גרם,false,,3.50,0.0175,true,1,1471771
7290016272161,false,קרם קרקר רמי לוי 250 גרם,הדר,IL,קרם קרקר רמי לוי 250,גרמים,250.00,100 גרם,false,,6.90,0.0276,true,1,1471772
7290016272178,false,עוגיות שוקוצ'יפס רמי לוי 150 גרם,,,עוגיות שוקוצ'יפס רמי,גרמים,150.00,100 גרם,false,,5.50,0.0367,true,1,1461290
7290016272444,false,"מסיר כתמים רמי לוי 750 מ""ל",קומפלקס,IL,מסיר כתמים רמי לוי 7,מיליליטרים,750.00,"100 מ""ל",false,,9.90,0.0132,true,1,1461668
7290016272468,false,גביעי גלידה אמריקאי,גילרו,IL,גביעי גלידה אמריקאי,100 יח',24.00,100 יח',false,,6.90,0.2875,true,1,1471575
7290016272475,false,גביעי גלידה מגולגלים רמי לוי 12 יח,גילרו,IL,גביעי גלידה מגולגלים,גרמים,132.00,100 גרם,false,,7.90,0.0598,true,1,1471576
7290016272482,false,גביעי גלידה רמי לוי 30 יח,גילרו,IL,גביעי גלידה רמי לוי,גרמים,115.00,100 גרם,false,,6.50,0.0565,true,1,1471577
7290016272499,false,וופלים בלגי רמי לוי 200 גרם,גילרו,IL,וופלים בלגי רמי לוי,גרמים,200.00,100 גרם,false,,2.90,0.0145,true,1,1471578
7290016272505,false,וופלים בלגי לימון רמי לוי 200 גרם,גילרו,IL,וופלים בלגי לימון רמ,גרמים,200.00,100 גרם,false,,2.90,0.0145,true,1,1471579
7290016272512,false,"וופל בלגי שוקו לל""ס רמי לוי 200 גרם",גילרו,IL,"וופל בלגי שוקו לל""ס",גרמים,200.00,100 גרם,false,,5.90,0.0295,true,1,1471580
7290016272796,false,נייר טואלט רמי לוי 30 יח,,,נייר טואלט רמי לוי 3,יח',30.00,יח',false,,26.90,0.8967,true,1,1453562
7290016272802,false,מגבות נייר רמי לוי 6,,,מגבות רמי לוי 6 יח,יח',6.00,יח',false,,9.90,1.6500,true,1,1453563
7290016272819,false,צמר גפן רמי לוי 100,,,צמר גפן 100 גר,גרמים,100.00,100 גרם,false,,5.10,0.0510,true,1,1464387
7290016272840,false,רצועות שעווה 50 יח,,,רצועות שעווה 50 יח,יח',50.00,יח',false,,12.50,0.2500,true,1,1462591
7290016272871,false,מחלק מנות רמי לוי,,,מחלק מנות רמי לוי,יח',1.00,יח',false,,9.90,9.9000,true,1,1462592
7290016272925,false,שקדי מרק רמי לוי 400 גרם,רמי לוי,IL,שקדי מרק רמי לוי 400,גרמים,400.00,100 גרם,false,,6.90,0.0173,true,1,1456666
7290016272949,false,בקבוק לתינוק מארז שלישייה,,,בקבוק לתינוק מארז של,יח',1.00,יח',false,,16.90,16.9000,true,1,1462593
7290016273007,false,דקדקים שטוח מלח 200ג רמילוי,,,דקדקים שטוח מלח 200ג,גרמים,200.00,100 גרם,false,,6.50,0.0325,true,1,1461164
7290016273014,false,דקדקים שטוח שומשום 200ג רמילוי,,,דקדקים שטוח שומשום 2,גרמים,200.00,100 גרם,false,,6.50,0.0325,true,1,1461165
7290016273021,false,דקדקים שטוח שומשום לבן 200ג רמילוי,,,דקדקים שטוח שומשום ל,גרמים,200.00,100 גרם,false,,6.50,0.0325,true,1,1461166
7290016273182,false,ציפס אמריקאי רמי לוי,,,ציפס אמריקאי רמי לוי,קילוגרמים,1.50,"ק""ג",false,,18.90,12.6000,true,1,1461386
7290016273397,false,קרוטונים אפויים לסלט 400 גר רמילוי,,,קרוטונים אפויים לסלט,גרמים,400.00,100 גרם,false,,10.90,0.0273,true,1,1461167
7290016273533,false,פריכיות דקות אורז מלא וקצח 100גר רמילוי,,,פריכיות דקות אורז מל,גרמים,100.00,100 גרם,false,,6.50,0.0650,true,1,1461171
7290016273588,false,פלפל קלוי 400 גרם רמי לוי,,,פלפל קלוי 400 גרם רמ,גרמים,400.00,100 גרם,false,,9.90,0.0248,true,1,1461175
7290016273601,false,דבש לחיץ 500 גר רמי לוי,,,דבש לחיץ 500 גר רמי,גרמים,500.00,100 גרם,false,,23.90,0.0478,true,1,1461297
7290016273670,false,מלפפון חמוץ ביתי 900גר רמילוי,,,מלפפון חמוץ ביתי 900,גרמים,900.00,100 גרם,false,,18.90,0.0210,true,1,1461177
7290016273694,false,נר נשמה זכוכית 48 שעות,,,נר נשמה זכוכית 48 שע,יח',1.00,יח',false,,3.90,3.9000,true,1,1464021
7290016273700,false,נר נשמה זכוכית 72 שעות,,,נר נשמה זכוכית 72 שע,יח',1.00,יח',false,,4.70,4.7000,true,1,1464022
7290016273915,false,פת קרקר מחיטה מלאה 340גר רמי לוי,,,פת קרקר מחיטה מלאה 3,גרמים,340.00,100 גרם,false,,9.90,0.0291,true,1,1470515
7290016277913,false,מעדן פרי דובדבן רמי לוי 284 גר,,,מעדן פרי דובדבן רמי,גרמים,284.00,100 גרם,false,,8.90,0.0313,true,1,1473561
7290016277937,false,מעדן פרי משמש רמי לוי 284 גר,,,מעדן פרי משמש רמי לו,גרמים,284.00,100 גרם,false,,8.90,0.0313,true,1,1473562
7290016277944,false,מעדן פרי שזיף רמי לוי 284 גר,,,מעדן פרי שזיף רמי לו,גרמים,284.00,100 גרם,false,,8.90,0.0313,true,1,1473563
7290016277951,false,מעדן פרי פירות רמי לוי 284 גר,,,מעדן פרי פירות רמי ל,גרמים,284.00,100 גרם,false,,8.90,0.0313,true,1,1473564
7290016302042,false,מארז רביעיית סנדוויץ,,,מארז 4לחמניות פרנה,יח',1.00,יח',false,,11.90,11.9000,true,1,1442283
7290016302059,false,מארז לחמניות פרנה ביס 10 יח',פרנה בייקרי,,מארז 10 לחמניות ביס,גרמים,350.00,100 גרם,false,,11.90,0.0340,true,1,1442284
7290016319118,false,מגע הדבש שעווה מתקלפת לפנים 100 גרם,המאפיה של הרמן,IL,מגע המשי שעווה מתקלפ,גרמים,100.00,100 גרם,false,,28.90,0.2890,true,1,1457998
7290016321661,false,פרש וואנס SENSITIVE מגבונים ללא בישום רביעייה 72 יחידות,עלבד משואות יצחק,IL,פרש וואנס רביעיה סנס,יח',4.00,יח',false,,15.80,3.9500,true,1,1458014
7290016321678,false,מגבונים לחים בניחוח מרענן עם תמציות קמומיל ואלוורה,עלבד משואות יצחק,IL,פרש וואנס רביעיה נטו,יח',4.00,יח',false,,15.80,3.9500,true,1,1458015
7290016329278,false,קמיל בלו מגבונים מילוי 64 יח רביעייה,פישר מעבדות פרמצבטיות בע,IL,מגבוני קמיל בלו 75 יח' מי,יח',4.00,יח',false,,19.90,4.9750,true,1,1457076
7290016329308,false,"ד""ר פישר - סרקל קרם רוזמרין לשיער מתולתל 325 מ""ל",פישר מעבדות פרמצבטיות בע,IL,סרקל קרם רוזמרין לשי,מיליליטרים,325.00,"100 מ""ל",false,,24.90,0.0766,true,1,1457077
7290016329315,false,סרקל ספריי מתיר קשרים לילדים לשיער מתולתל,פישר מעבדות פרמצבטיות בע,IL,סרקל ספריי מתיר קשרי,מיליליטרים,300.00,"100 מ""ל",false,,29.90,0.0997,true,1,1457078
7290016329674,false,קמיל בלו קרם פנים לתינוק לעור יבש במיוחד,פישר מעבדות פרמצבטיות בע,IL,קרם פנים קמיל בלו 75,100 מל,75.00,100 מל,false,,24.90,0.3320,true,1,1457080
7290016334036,false,עירית רמי לוי,,,עירית רמי לוי,יח',1.00,יח',false,,3.90,3.9000,true,1,1460810
7290016334050,false,סלרי חתוך,,,סלרי חתוך,יח',1.00,יח',false,,5.90,5.9000,true,1,1460812
7290016334166,false,לוף רגיל ארוז ליח,,,לוף רגיל ארוז,יח',1.00,יח',false,,7.90,7.9000,true,1,1460816
7290016334173,false,פלפל טינקרבל ארוז,קטיף.,IL,פלפלונים רמי לוי,יח',1.00,יח',false,,8.90,8.9000,true,1,1460817
7290016334180,false,מלפפון בייבי רמי לוי,,,מלפפון בייבי רמי לוי,יח',1.00,יח',false,,8.90,8.9000,true,1,1460818
7290016334296,false,ברוקולי ארוז מגשית,,,ברוקולי רמי לוי,יח',1.00,יח',false,,9.90,9.9000,true,1,1460820
7290016334388,false,פלפל צ'ילי רמי לוי,קטיף.,IL,פלפל צ'ילי רמי לוי,יח',1.00,יח',false,,5.90,5.9000,true,1,1460823
7290016334395,false,שיבה רמי לוי,,,שיבה רמי לוי,יח',1.00,יח',false,,4.90,4.9000,true,1,1460824
7290016334456,false,בזיליקום רמי לוי,,,בזיליקום רמי לוי,יח',1.00,יח',false,,5.90,5.9000,true,1,1460826
7290016334463,false,סלרי ראש,,,סלרי ראש,יח',1.00,יח',false,,4.90,4.9000,true,1,1460827
7290016334487,false,פלפל אדום יבש 200ג,ביכורי השקמה,,פלפל אדום יבש 200ג,יח',1.00,יח',false,,8.90,8.9000,true,1,1460828
7290016334500,false,לבבות חסה זוגות בשקי,,,זוג לבבות חסה,יח',1.00,יח',false,,8.90,8.9000,true,1,1460829
7290016334562,false,פלפל יבש חריף,ביכורי השקמה,,פלפל יבש חריף,יח',1.00,יח',false,,12.90,12.9000,true,1,1460830
7290016334616,false,בצל ירוק רבנות,רקנאטי,IL,בצל ירוק,יח',1.00,יח',false,,4.90,4.9000,true,1,1460835
7290016334623,false,סלרי אמריקאי,,,סלרי אמריקאי,יח',1.00,יח',false,,5.90,5.9000,true,1,1460836
7290016334654,false,תרד ניו זילנדי רמי לוי,,,תרד ניו זילנדי רמי ל,גרמים,200.00,100 גרם,false,,12.90,0.0645,true,1,1460838
7290016334814,false,חסה סלנובה רמי לוי,,,חסה סלנובה רמי לוי,יח',1.00,יח',false,,10.90,10.9000,true,1,1460841
7290016334883,false,עגבניות שרי תמר,,,עגבניות שרי תמר,יח',1.00,יח',false,,8.90,8.9000,true,1,1460842
7290016334890,false,עגבניות שרי ליקופן,,,עגבניות שרי ליקופן,יח',1.00,יח',false,,9.90,9.9000,true,1,1460843
7290016334906,false,עגבניות שרי מיקס,,,עגבניות שרי מיקס,יח',1.00,יח',false,,9.90,9.9000,true,1,1460844
7290016334982,false,שלישית חסה ליטל ג'ם רמי לוי,,,שלישית חסה ליטל ג'ם,יח',1.00,יח',false,,11.90,11.9000,true,1,1460845
7290016372342,false,עגבניות חתוך קוביות גראנד איטליה מארז 400X3ג',גרנד איטליה Grand Italia,IT,עגבניות חתוכות לקובי,גרמים,620.00,100 גרם,false,,16.90,0.0273,true,1,1451297
7290016372373,false,רסק עגבניות ללא תוספת סוכר ומלח - מארז זוג,גרנד איטליה Grand Italia,IT,רוטב עגבניות 280 גר,גרמים,280.00,100 גרם,false,,6.80,0.0243,true,1,1451298
7290016372397,false,"תה ויסוצקי ירוק תפוז,ג'ינגר וכורכום 25 יח'",ויסוצקי ירוק,IL,תה ירוק תפוז גינג'ר,יח',25.00,יח',false,,22.90,0.9160,true,1,1451299
7290016372458,false,חליטת לימונית ולואיזה הגן הקסום ויסוצקי 50 יחידות,תה ויסוצקי,IL,הגן הקסום לימונית ול,יח',50.00,יח',false,,27.30,0.5460,true,1,1451301
7290016372489,false,חליטת פירות וצמחים ג'ינג'ר ולימון - אפקט הג'ינג'ר,תה ויסוצקי,IL,חליטת ג'ינגר ולימון,יח',25.00,יח',false,,16.90,0.6760,true,1,1451302
7290016372496,false,חליטת פירות וצמחים בטעם ג'ינג'ר ודבש -אפקט הג'ינג'ר,תה ויסוצקי,IL,חליטת ג'ינגר ודבש 2,יחידו,25.00,יחידו,false,,16.90,0.6760,true,1,1451303
7290016373035,false,ליצ'י שלם מקולף 567 גרם בסירופ קל,,IL,ליצ'י שלם מקולף 567,גרמים,567.00,100 גרם,false,,10.70,0.0189,true,1,1446183
7290016373646,false,פסים חמוצים פטל 275 גרם,אלוון גידה סאן,TR,פסים חמוצים פטל 180,גרמים,180.00,100 גרם,false,,7.90,0.0439,true,1,1446190
7290016373653,false,מקלות חמוצים בטעם תות 180 ג',אלוון גידה סאן,TR,פסים חמוצים תות 180,גרמים,180.00,100 גרם,false,,7.90,0.0439,true,1,1446191
7290016373721,false,מקלות חמוצים תות וניל 275 גרם,אלוון גידה סאן,TR,פסים חמוצים תות וניל,גרמים,180.00,100 גרם,false,,7.90,0.0439,true,1,1446194
7290016373738,false,מקלות חמוצים תותי פרוטי 180 גרם,אלוון גידה סאן,TR,מקלות חמוצים 180 גר,גרמים,180.00,100 גרם,false,,7.90,0.0439,true,1,1446195
7290016408119,false,טרליני כעכים בטעם קלאסי 225 גר' - בדץ,אפוליה פוד,IT,טרליני כעכים 225 גר,גרמים,225.00,100 גרם,false,,6.50,0.0289,true,1,1453236
7290016408133,false,טרליני כעכים בטעם בצל וזיתים 225 גר' - בדץ,אפוליה פוד,IT,טרליני כעכים 225 גר,גרמים,225.00,100 גרם,false,,6.50,0.0289,true,1,1453238
7290016408140,false,טריליני כעכים רוטב פיצה כרמית 225 גרם,אפוליה פוד,IT,טרליני כעכים 225 גר,גרמים,225.00,100 גרם,false,,6.50,0.0289,true,1,1453239
7290016408157,false,טריליני כעכים קמח מלא כרמית 225 גרם,אפוליה פוד,IT,טרליני כעכים 225 גר,גרמים,225.00,100 גרם,false,,6.50,0.0289,true,1,1453240
7290016408164,false,טרליני כעכים בטעם שום וצי'לי פיקנטי 225 גר' - בדץ,אפוליה פוד,IT,טרליני כעכים 225 גר,גרמים,225.00,100 גרם,false,,6.50,0.0289,true,1,1453241
7290016408294,false,"מרשמלו ורוד לבן וסטהיים 150 ג', 26 בקרטון",מנדלז סי.אר. פרודקשן,IL,מרשמלו ורוד לבן 150,גרמים,150.00,100 גרם,false,,4.50,0.0300,true,1,1453242
7290016408393,false,חטיף קרקר עם שומשום פניני 130 ג',דוויטה ג'יי.אס.סי,,חטיף קרקר ושומשום 13,גרמים,130.00,100 גרם,false,,5.90,0.0454,true,1,1453243
7290016408416,false,חטיף קרקר עם צ'ילי פיקנטי 130 גר,דנוויטה ג'\יי. אס. סי,LT,חטיף קרקר עם צ'ילי פ,גרמים,130.00,100 גרם,false,,5.90,0.0454,true,1,1453244
7290016408423,false,חטיף קרקר עם זיתים שחורים ושום 130 גר,תות תעשיות מזון (201,LT,חטיף קרקר עם זיתים ש,גרמים,130.00,100 גרם,false,,5.90,0.0454,true,1,1453245
7290016408447,false,קרקר עגבניות ובזיליקום כרמית 130 גרם,דנוויטה ג'\יי. אס. סי,LT,חטיף קרקר עגבניות וב,גרמים,130.00,100 גרם,false,,5.90,0.0454,true,1,1453247
7290016408720,false,אגו מיקס בייגלה מצופה שוקולד לבן 55גר* 24 בקר',כרמית תעשיות ממתקים בעמ,IL,מיקסים בייגלה מצופה,גרמים,55.00,100 גרם,false,,3.90,0.0709,true,1,1453248
7290016408980,false,"מטבעות שוקולד חלב 36 ג' כשל""פ בד""ץ!",כרמית תעשיות מזון,IL,מטבעות שוקולד חלב 36,יח',1.00,יח',false,,2.90,2.9000,true,1,1453252
7290016416961,false,מוס גבינה תות שדה קפולסקי 400 גרם,קפולסקי שיווק וקמעונ,IL,עוגת מוס גבינה תות ש,גרמים,400.00,100 גרם,false,,35.90,0.0897,true,1,1462071
7290016416992,false,עוגת דובוש בסקוויטים קפולסקי 400 גרם,תופינים מקבוצת קפולסקי,IL,עוגת דובוש ביסקוויטי,גרמים,400.00,100 גרם,false,,38.90,0.0972,true,1,1462073
7290016496192,false,בית מהודר בינו ני {חנוכה},פתילית,,בית נרות מהודר,יח',1.00,יח',false,,79.90,79.9000,true,1,1464616
7290016496208,false,פתיל צף עגול בינוני מוכן,שלהבת,IN,פתיל צף מוכן,יח',1.00,יח',false,,4.90,4.9000,true,1,1464617
7290016505061,false,שוקולד פנדה לבן עוגיות טבעוני 100 גרם,,IL,פנדה לבן עוגיות 100,גרמים,100.00,100 גרם,false,,17.90,0.1790,true,1,1508944
7290016509342,false,סוד מארז טריו כדוריות לאסלה כחול אקטיבי אקונומיקה,הנקל סוד,HU,סוד מארז טריו כדוריו,3 יח',1.00,3 יח',false,,14.80,14.8000,true,1,1458605
7290016509786,false,פרסיל גל לכביסה לבנה וצבעונית-ירוק 2.5 ל,"הנקל סוד בע""\מ",IL,פרסיל ג'ל 2.5 ליטר י,ליטרים,2.50,ליטר,false,,34.50,13.8000,true,1,1458607
7290016509809,false,ג'ל מרוכז לכביסה קולור 2.5 ל' פרסיל,"הנקל סוד בע""\מ",IL,פרסיל ג'ל 2.5 ליטר ק,ליטרים,2.50,ליטר,false,,34.50,13.8000,true,1,1458609
7290016509823,false,ג'ל לכביסה לבנה וצבעונית בניחוח רענן,"הנקל סוד בע""\מ",IL,פרסיל ג'ל 2.5 ליטר ב,ליטרים,2.50,ליטר,false,,34.50,13.8000,true,1,1458611
7290016509830,false,ג'ל כביסה לבגדי תינוקות ובעלי עור רגיש Sensitive,"הנקל סוד בע""\מ",IL,פרסיל ג'ל 2.5 ליטר ב,ליטרים,2.50,ליטר,false,,34.50,13.8000,true,1,1458612
7290016509847,false,פרסיל ג'ל לכביסה כהה בלאק 2.5 ליטר,"הנקל סוד בע""\מ",IL,פרסיל ג'ל לכביסה כהה,ליטרים,2.50,ליטר,false,,34.50,13.8000,true,1,1458613
7290016510348,false,"הוואי אל סבון לילדים בנים 700 מ""ל",טרופיקל דגיל,IL,הוואי תחליב רחצה לבנ,מיליליטרים,700.00,"100 מ""ל",false,,8.90,0.0127,true,1,1444036
7290016564006,false,מבריקל הפלא ספוגיות להסרת כתמים קשים ושומנים 3יח,,,מבריקל הפלא ספוגית,יח',1.00,יח',false,,9.90,9.9000,true,1,1471813
7290016564266,false,מבריקל הפלא כיסוי הפלא 3,פארמה דיל,IL,כיסוי הפלא,יח',1.00,יח',false,,9.90,9.9000,true,1,1471816
7290016584004,false,חטיפוני גזר 130 גרם,"מרינה פטריות הגליל בע""מ",IL,חטיפוני גזר 130 גרם,גרמים,130.00,100 גרם,false,,5.90,0.0454,true,1,1456721
7290016584011,false,חטיפוני גזר 350 גרם גיזרונים,"מרינה פטריות הגליל בע""מ",IL,חטיפוני גזר 350 גרם,גרמים,350.00,100 גרם,false,,11.90,0.0340,true,1,1456722
7290016584219,false,שעועית שלמה ירוקה וטריה 400 גרם,מרינה,IL,שעועית ירוקה שלמה טר,גרמים,600.00,100 גרם,false,,14.90,0.0248,true,1,1456724
7290016601008,false,נוזל שמשות 4 לי,,,נוזל שמשות 4 לי,ליטרים,4.00,ליטר,false,,9.90,2.4750,true,1,1461032
7290016601121,false,דאו ספריי ויקטוריי 150 מל רמי לוי,,,דאו ספריי ויקטוריי 1,מיליליטרים,150.00,"100 מ""ל",false,,7.90,0.0527,true,1,1461035
7290016601138,false,דאו ספריי אנרג'י 150 מל רמי לוי,,,דאו ספריי אנרג'י 150,מיליליטרים,150.00,"100 מ""ל",false,,7.90,0.0527,true,1,1461036
7290016601145,false,דאו ספריי ספורט 150 מל רמי לוי,,,דאו ספריי ספורט 150,מיליליטרים,150.00,"100 מ""ל",false,,7.90,0.0527,true,1,1461037
7290016609004,false,גזר גמדי 800 גר רמילוי,,,גזר גמדי 800 גר רמיל,גרמים,800.00,100 גרם,false,,8.20,0.0102,true,1,1466149
7290016609011,false,שעועית לבנה 800 גרם רמי לוי,,,שעועית לבנה 800 גרם,גרמים,800.00,100 גרם,false,,9.90,0.0124,true,1,1466150
7290016609028,false,גרגירי חומוס 800 גרם רמי לוי,,,גרגירי חומוס 800 גרם,גרמים,800.00,100 גרם,false,,9.90,0.0124,true,1,1466151
7290016609035,false,לקט למרק 800 גר רמילוי,,,לקט למרק 800 גר רמיל,גרמים,800.00,100 גרם,false,,10.90,0.0136,true,1,1466152
7290016609042,false,אפונה עדינה 600 גר רמי לוי,,,אפונה עדינה 600 גר ר,גרמים,600.00,100 גרם,false,,10.90,0.0182,true,1,1466153
7290016609066,false,פולי סויה 600 גר רמילוי,,,פולי סויה 600 גר רמי,גרמים,600.00,100 גרם,false,,9.90,0.0165,true,1,1466155
7290016609073,false,לקט לקוסקוס 800 גר רמילוי,,,לקט לקוסקוס 800 גר ר,גרמים,800.00,100 גרם,false,,11.90,0.0149,true,1,1466156
7290016609080,false,לקט ישראלי 800 גר' רמילוי,,,לקט ישראלי 800 גר' ר,גרמים,800.00,100 גרם,false,,9.90,0.0124,true,1,1466157
7290016609097,false,לקט כפרי 2 קג רמילוי,,,לקט כפרי 2 קג רמילוי,קילוגרמים,2.00,"ק""ג",false,,20.90,10.4500,true,1,1466158
7290016609134,false,אפונה 335 גר רמי לוי,,,אפונה 335 גר רמי לוי,גרמים,335.00,100 גרם,false,,5.90,0.0176,true,1,1462683
7290016609141,false,אפונה וגזר רמי לוי 5,,,אפונה וגזר 330 גר,גרמים,330.00,100 גרם,false,,5.90,0.0179,true,1,1462684
7290016609158,false,חומוס גרגירים 290 גר רמי לוי,,,חומוס גרגירים 290 גר,גרמים,290.00,100 גרם,false,,5.90,0.0203,true,1,1462685
7290016609165,false,פול מצרי 340 גר,,,פול מצרי 340 גר,גרמים,340.00,100 גרם,false,,5.90,0.0174,true,1,1462686
7290016609172,false,שעועית לבנה ברוטב עגבניות 335 גר,,,שעועית לבנה ברוטב עג,גרמים,335.00,100 גרם,false,,5.90,0.0176,true,1,1462687
7290016609189,false,גרעיני תירס 335 גר רמי לוי,,,גרעיני תירס 335 גר ר,גרמים,335.00,100 גרם,false,,5.90,0.0176,true,1,1462688
7290016609196,false,גרעיני תירס לייט 335 גר רמי לוי,,,גרעיני תירס לייט 335,גרמים,335.00,100 גרם,false,,6.50,0.0194,true,1,1462689
7290016609257,false,עגבניות מרוסקות 250 גר רמילוי,,,עגבניות מרוסקות 250,גרמים,250.00,100 גרם,false,,2.90,0.0116,true,1,1462693
7290016609271,false,עגבניות מרוסקות בזיליקום 250 גר רמילוי,,,עגבניות מרוסקות בזיל,גרמים,250.00,100 גרם,false,,2.90,0.0116,true,1,1462695
7290016609318,false,עגבניות מרוסקות 800ג רמילוי,,,עגבניות מרוסקות 800ג,גרמים,800.00,100 גרם,false,,5.90,0.0074,true,1,1462696
7290016609349,false,עגבניות מרוסקות+בזיליקום 800ג רמילוי,,,עגבניות מרוסקות+בזיל,גרמים,800.00,100 גרם,false,,5.90,0.0074,true,1,1462697
7290016609356,false,עגבניות מרוסקות+שום 800ג רמילוי,,,עגבניות מרוסקות+שום,גרמים,800.00,100 גרם,false,,5.90,0.0074,true,1,1462698
7290016609875,false,עגבניות מרוסקות שקשוקה 250 ג רמי לוי,,,עגבניות מרוסקות שקשו,גרמים,250.00,100 גרם,false,,2.90,0.0116,true,1,1462703
7290016621341,false,אל סבון היגייני לניקוי יסודי קמיל Clean & Moisture,פישר מעבדות פרמצבטיות בע,IL,קמיל אל סבון 1 ליטר,100 מל,1000.00,100 מל,false,,15.80,0.0158,true,1,1457083
7290016621358,false,"ד""ר פישר - קמיל אל סבון ניקיון והזנה ורוד 1 ליטר",פישר מעבדות פרמצבטיות בע,IL,קמיל אל סבון 1 ליטר,100 מל,1000.00,100 מל,false,,15.80,0.0158,true,1,1457084
7290016634877,false,זרעים אורגניים-כרובי,,,זרעים כרובית,יח',1.00,יח',false,,5.80,5.8000,true,1,1469392
7290016634938,false,זרעים אורגניים-כרוב,,,זרעים קולורבי,יח',1.00,יח',false,,5.80,5.8000,true,1,1469398
7290016682182,false,פריניב שייק תמר בננה מופחת סוכר 1 ליטר,פריניב בעמ,IL,שייק תמר בננה 1 ליטר,ליטרים,1.00,ליטר,false,,14.50,14.5000,true,1,1463979
7290016682199,false,פריניב שייק תות בננה מופחת סוכר 1 ליטר,פריניב בעמ,IL,שייק תות בננה 1 ליטר,ליטרים,1.00,ליטר,false,,14.50,14.5000,true,1,1463980
7290016682243,false,פריניב מיץ אשכולית אדומה סחוט 1 ליטר,פריניב,IL,מיץ אשכולית אדומה 1ל,ליטרים,1.00,ליטר,false,,14.50,14.5000,true,1,1463981
7290016682328,false,מיץ תפוזים 100% עשוי מרכז 2 ל' פריניב,פרי ניב,IL,*מבצע* מיץ תפוזים מר,ליטרים,2.00,ליטר,false,,15.90,7.9500,true,1,1463983
7290016682335,false,מיץ תפוזים סחוט פריניב 2 ליטר,פרי ניב,IL,מיץ תפוזים סחוט 2לי,ליטרים,2.00,ליטר,false,,24.90,12.4500,true,1,1463984
7290016682342,false,מיץ תפוזים וולנסיה פרי ניב 2 ליטר-,פרי ניב,IL,מיץ תפוזים ולנסיה 2ל,ליטרים,2.00,ליטר,false,,26.60,13.3000,true,1,1463985
7290016682359,false,מיץ תפוזים שמוטי פרי ניב 2 ליטר-,פרי ניב,IL,מיץ תפוזים שמוטי 2לי,ליטרים,2.00,ליטר,false,,26.60,13.3000,true,1,1463986
7290016682366,false,מיץ תפוח צלול פרי ניב 2 ליטר-,פריניב,IL,*מבצע* מיץ תפוח צלול,ליטרים,2.00,ליטר,false,,15.90,7.9500,true,1,1463987
7290016682373,false,משקה קל לימונדה בלאדי 2 ליטר פריניב,פריניב,IL,מיץ לימונדה בלדי 2 ל,ליטרים,2.00,ליטר,false,,18.60,9.3000,true,1,1463988
7290016682380,false,מיץ טבעי לימונדה ולואיזה פרי ניב 2 ליטר-,פרי ניב,IL,מיץ לימונדה לואיזה 2,ליטרים,2.00,ליטר,false,,18.60,9.3000,true,1,1463989
7290016682397,false,מיץ חמוציות פרי ניב 2 ליטר-,פרי ניב,IL,*מבצע* מיץ חמוציות 2,ליטרים,2.00,ליטר,false,,14.90,7.4500,true,1,1463990
7290016693041,false,"יין אמירים רזרב קברנה 750 מ""ל!.",יקבי ארזה,IL,אמירים רזרב קברנה 75,מיליליטרים,750.00,"100 מ""ל",false,,17.90,0.0239,true,1,1469416
7290016693058,false,"יין אמירים רזרב מרלו 750 מ""ל!.",יקבי ארזה,IL,אמירים רזרב מרלו 750,מיליליטרים,750.00,"100 מ""ל",false,,17.90,0.0239,true,1,1469417
7290016693065,false,"יין אמירים רזרב רוזה 750 מ""ל.!",יקבי ארזה,IL,אמירים רזרב רוזה 750,מיליליטרים,750.00,"100 מ""ל",false,,17.90,0.0239,true,1,1469418
7290016693072,false,"יין אמירים רזרב ריזלינג 750 מ""ל!",יקבי ארזה,IL,אמירים רזרב ריזלינג,מיליליטרים,750.00,"100 מ""ל",false,,17.90,0.0239,true,1,1469419
7290016693140,false,"יין וירטואוז שרדונה 750 מ""ל היוצר",יקבי ארזה,IL,היוצר וירטואוזו שרדו,יח',1.00,יח',false,,44.90,44.9000,true,1,1469420
7290016693546,false,"יין קברנה עונות ארזה 750 מ""ל",יקבי ארזה,IL,יין עונות קברנה 750,מיליליטרים,750.00,"100 מ""ל",false,,28.90,0.0385,true,1,1469423
7290016693553,false,"יין מרלו עונות ארזה 750 מ""ל",יקבי ארזה,IL,יין עונות מרלו 750 מ,מיליליטרים,750.00,"100 מ""ל",false,,28.90,0.0385,true,1,1469424
7290016693577,false,"סדרת עונות אמרלד ריזלינג 750 מ""ל",יקבי ארזה,IL,יין עונותאמרלד ריזלי,מיליליטרים,750.00,"100 מ""ל",false,,28.90,0.0385,true,1,1469426
7290016717044,false,"יין מוסקטו סלקטד באז כרמל 750 מ""ל",כרמל מזרחי,IL,יין מנגו באזז יקבי כ,מיליליטרים,750.00,"100 מ""ל",false,,26.90,0.0359,true,1,1453446
7290016717631,false,יין מוסקטו בעל חוזק אלכוהול נמוך פרייבט קולקשן,אגודת הכורמים הקואופרטיב,IL,יין מוסקטו פרייבט קו,מיליליטרים,750.00,"100 מ""ל",false,,39.90,0.0532,true,1,1453450
7290016717754,false,"יין ישן נושן יקבי כרמל 750 מ""ל ^^^",אגודת הכורמים הקואופרטיב,IL,יין ישן נושן יקבי כר,מיליליטרים,750.00,"100 מ""ל",false,,18.90,0.0252,true,1,1453451
7290016717976,false,"יין סלקטד באז אפרסק כרמל 750 מ""ל",כרמל מזרחי,IL,ספארקלינג באזז אפרסק,מיליליטרים,750.00,"100 מ""ל",false,,26.90,0.0359,true,1,1453452
7290016733020,false,ממחטות כיס רמי לוי 1,,,ממחטות כיס רמילוי,יח',1.00,יח',false,,5.90,5.9000,true,1,1453564
7290016733044,false,מטליות ריצפה מיקרופייבר שלישייה רמי לוי,,,מטליות ריצפה מיקרופי,יח',3.00,יח',false,,15.90,5.3000,true,1,1464390
7290016733051,false,מטליות ניקוי כללי מיקרופייבר עשירייה רמי לוי,,,מטליות ניקוי כללי מי,יח',10.00,יח',false,,14.90,1.4900,true,1,1464391
7290016733181,false,עוגיות מחייכות וניל 150 ג,,,עוגיות מחייכות וניל,גרמים,150.00,100 גרם,false,,3.30,0.0220,true,1,1471774
7290016733198,false,קרקר דק מחיטה מלאה 2,,,קרקר דק מחיטה מלאה 2,גרמים,240.00,100 גרם,false,,6.90,0.0288,true,1,1471775
7290016733211,false,קרקר דק משיפון 240 גר,,,קרקר דק משיפון 240 ג,גרמים,240.00,100 גרם,false,,6.90,0.0288,true,1,1471777
7290016733259,false,סלק מבושל בוואקום 500ג,,,סלק מבושל בוואקום 50,גרמים,500.00,100 גרם,false,,5.90,0.0118,true,1,1454140
7290016733433,false,פטריות שלמות 230 גרם,,,פטריות שלמות 230 גרם,גרמים,230.00,100 גרם,false,,6.90,0.0300,true,1,1462792
7290016733471,false,"משמש חצאים ""רמי לוי",,,משמש חצאים 470 גר,גרמים,470.00,100 גרם,false,,8.30,0.0177,true,1,1461316
7290016733501,false,פתיתים חישוקים 500 גר רמילוי,,,פתיתים חישוקים 500 ג,גרמים,500.00,100 גרם,false,,4.50,0.0090,true,1,1461182
7290016733518,false,פתיתים עם בצל 400 ג,,,פתיתים עם בצל 400 ג,גרמים,400.00,100 גרם,false,,4.50,0.0113,true,1,1461183
7290016733525,false,פתיתים 3 צבעים 500 גר רמילוי,,,פתיתים 3 צבעים 500 ג,גרמים,500.00,100 גרם,false,,4.50,0.0090,true,1,1461184
7290016733693,false,"שניצל תירס רמי לוי 2ק""ג",רמי לוי,IL,שניצל תירס רמי לוי 2,קילוגרמים,2.00,"ק""ג",false,,39.90,19.9500,true,1,1461387
7290016733716,false,וופלים שוקולד 500 ג רמי לוי,,,וופלים שוקולד 500 ג,גרמים,500.00,100 גרם,false,,8.90,0.0178,true,1,1471593
7290016733730,false,וופלים לימון 500ג רמי לוי,,,וופלים לימון 500ג רמ,גרמים,500.00,100 גרם,false,,8.90,0.0178,true,1,1471595
7290016733754,false,חומץ 5% 1 ליטר רמי ל,,,חומץ 5% 1לי רמי לוי,יח',1.00,יח',false,,4.90,4.9000,true,1,1461186
7290016733761,false,רוטב לימון משומר 1 לי רמי לוי,,,רוטב לימון משומר 1 ל,ליטרים,1.00,ליטר,false,,4.90,4.9000,true,1,1461187
7290016733815,false,מטליות רב שימושיות לבן 700ג,,,מטליות רב שימושיות ל,גרמים,700.00,100 גרם,false,,18.50,0.0264,true,1,1464393
7290016733860,false,וופלים לימון 300 ג רמי לוי,,,וופלים לימון 300 ג ר,גרמים,300.00,100 גרם,false,,4.50,0.0150,true,1,1471596
7290016733891,false,טבעות בצל רמי לוי 60,קפוא-זן,IL,טבעות בצל 600 גרם,גרמים,600.00,100 גרם,false,,14.90,0.0248,true,1,1461388
7290016784039,false,טחינה פרימיום משומשום אתיופי 500 גרם,,,טחינה פרימיום משומשו,גרמים,500.00,100 גרם,false,,11.90,0.0238,true,1,1472713
7290016865080,false,שניצל דק בציפוי שומשום 700 ג,,,שניצל דק בציפוי שומש,גרמים,700.00,100 גרם,false,,27.90,0.0399,true,1,1461391
7290016865103,false,שניצל דק בציפוי ציפס 700 ג,,,שניצל דק בציפוי ציפס,גרמים,700.00,100 גרם,false,,27.90,0.0399,true,1,1461392
7290016865141,false,שניצל צמחי דק 700 גרם רמי לוי,,,שניצל צמחי דק 700 גר,גרמים,700.00,100 גרם,false,,19.90,0.0284,true,1,1461394
7290016865240,false,וופלים בטעם שוקולד רמי לוי 200 גרם,,,וופלים בטעם שוקולד ר,גרמים,200.00,100 גרם,false,,2.90,0.0145,true,1,1471598
7290016865523,false,לחם מקמח מלא 750ג רמילוי,,,לחם מקמח מלא 750ג רמ,גרמים,750.00,100 גרם,false,,9.90,0.0132,true,1,1463902
7290016865530,false,לחם שיפון קל 750ג רמילוי,,,לחם שיפון קל 750ג רמ,גרמים,750.00,100 גרם,false,,10.90,0.0145,true,1,1463903
7290016865554,false,10 לחמניות רגילות 750ג רמילוי,,,10 לחמניות רגילות 75,גרמים,750.00,100 גרם,false,,10.90,0.0145,true,1,1463905
7290016865561,false,10 לחמניות מקמח מלא 750ג רמילוי,,,10 לחמניות מקמח מלא,גרמים,750.00,100 גרם,false,,10.90,0.0145,true,1,1463906
7290016865608,false,כדוריות סבון אסלה -ניחוח ים בריזה,,,כדוריות סבון אסלה -נ,יח',1.00,יח',false,,9.90,9.9000,true,1,1459123
7290016865615,false,כדוריות סבון אסלה -ניחוח היביסקוס,,,כדוריות סבון אסלה -נ,יח',1.00,יח',false,,9.90,9.9000,true,1,1459124
7290016865639,false,כדוריות סבון אסלה שלישייה,,,כדוריות סבון אסלה של,יח',3.00,יח',false,,9.90,3.3000,true,1,1459126
7290016865646,false,כדוריות סבון אסלה שלישייה,,,כדוריות סבון אסלה של,יח',3.00,יח',false,,9.90,3.3000,true,1,1459127
7290016865769,false,שעועית לבנה 500ג רמילוי,,,שעועית לבנה 500ג רמי,גרמים,500.00,100 גרם,false,,6.90,0.0138,true,1,1461608
7290016865783,false,אפונה יבשה 500ג רמילוי,,,אפונה יבשה 500ג רמיל,גרמים,500.00,100 גרם,false,,3.90,0.0078,true,1,1461609
7290016865790,false,פופקורן 500ג רמילוי,,,פופקורן 500ג רמילוי,גרמים,500.00,100 גרם,false,,4.90,0.0098,true,1,1461610
7290016865806,false,חומוס גדול 500ג רמי לוי,,,חומוס גדול 500ג רמי,גרמים,500.00,100 גרם,false,,5.80,0.0116,true,1,1461611
7290016865813,false,חומוס ענק 500ג רמי לוי,,,חומוס ענק 500ג רמי ל,גרמים,500.00,100 גרם,false,,8.90,0.0178,true,1,1461612
7290016865837,false,עדשים ירוקות 500ג רמי לוי,,,עדשים ירוקות 500ג רמ,גרמים,500.00,100 גרם,false,,5.90,0.0118,true,1,1461614
7290016865844,false,כוסמת 500ג רמי לוי,,,כוסמת 500ג רמי לוי,גרמים,500.00,100 גרם,false,,6.90,0.0138,true,1,1461615
7290016866124,false,באגט 360 גר,,,באגט 360 גר,גרמים,360.00,100 גרם,false,,9.90,0.0275,true,1,1458242
7290016866131,false,ג'בטה 380 גר,,,ג'בטה 380 גר,גרמים,380.00,100 גרם,false,,12.90,0.0339,true,1,1458243
7290016866643,false,פרודונטקס מ.שיניים אקסטרה פרש 75 מל,פרודונטקס Parodontax,SK,פרודונטקס פרש 75 מל,100 מל,75.00,100 מל,false,,30.90,0.4120,true,1,1455898
7290016866650,false,"פרודונטקס - משחת שיניים אוריג'ינל 75 מ""ל",פרודונטקס Parodontax,SK,פרודונטקס אורג'ינל 7,100 מל,75.00,100 מל,false,,30.90,0.4120,true,1,1455899
7290016866674,false,"פרודונטקס - משחת שיניים מלבינה 75 מ""ל",פרודונטקס Parodontax,SK,פרודונטקס מלבינה 75,100 מל,75.00,100 מל,false,,30.90,0.4120,true,1,1455901
7290016866704,false,"סטייל שמפו לאחר החלקה מועשר בויטמין אי, 750 מ""ל",סטייל Style,IL,סטייל שמפו קרטין 750,מיליליטרים,750.00,"100 מ""ל",false,,24.90,0.0332,true,1,1455903
7290016866728,false,סטייל מסכה קרטין E 500 מל לשיקום שיער יב,סטייל Style,IL,סטייל מסכה קרטין 750,מיליליטרים,750.00,"100 מ""ל",false,,27.90,0.0372,true,1,1455905
7290016866735,false,סטייל קרם לחות קרטין E 400 מל לשיקום שיע,א.ל. ארמן,IL,סטייל קרם לחות קרטין,גרמים,750.00,100 גרם,false,,27.90,0.0372,true,1,1455906
7290016867008,false,"לחם כוסמין מחמצת ד""ר מרק",המאפה של דר' מארק,IL,לחם מחמצת כוסמין 750,גרמים,750.00,100 גרם,false,,16.90,0.0225,true,1,1470267
7290016867039,false,"מארז פיתות קלות כוסמין בתוספת מחמצת 6 יחידות ד""ר מרק",המאפה של דר מרק בריא,IL,פיתות קלות כוסמין בת,גרמים,303.00,100 גרם,false,,14.90,0.0492,true,1,1470269
7290016867053,false,לחם קל כוסמין בתוספת מחמצת 450 גרם,המאפה של דר מרק בריא,IL,לחם קל כוסמין בתוספת,יח',1.00,יח',false,,18.90,18.9000,true,1,1470271
7290016867114,false,לחם כוסמין קל מלא 500 גר',המאפה של דר מרק בריא,IL,לחם קל כוסמין מלא,יח',1.00,יח',false,,17.90,17.9000,true,1,1470276
7290016867152,false,"מארז פיתות קלות כוסמין 5 יחידות ד""ר מרק",המאפה של דר מרק בריא,IL,פיתות קלות מקמח כוסמ,גרמים,330.00,100 גרם,false,,13.50,0.0409,true,1,1470280
7290016867176,false,"מארז לחמניות קלות כוסמין שומשום במתיקות מעודמת 5 יחידות ד""ר מרק",המאפה של דר מרק,IL,לחמניות קלות כוסמין,יח',1.00,יח',false,,13.90,13.9000,true,1,1470281
7290016867237,false,"לחם קל כוסמין במתיקות מעודנת ד""ר מרק",המאפה של דר מרק בריא,IL,לחם קל כוסמין במתיקו,גרמים,400.00,100 גרם,false,,18.90,0.0472,true,1,1470283
7290016867244,false,שישיה לחמניות כוסמין בתוספת מחמצת 99 קלוריות,המאפה של דר מרק בריא,IL,לחמניות כוסמין בתוספ,יח',1.00,יח',false,,14.50,14.5000,true,1,1470284
7290016882414,false,קונפיטורה שזיפים 70% פרי 450 גרם שקדיה,דין שיווק,TR,קונפיטורה שזיף 70% פ,גרמים,450.00,100 גרם,false,,10.90,0.0242,true,1,1496509
7290016882421,false,קונפיטורה אפרסק 70% פרי 450ג,דין שיווק,TR,קונפיטורה אפרסק 70%,100 יח,450.00,100 יח,false,,10.90,0.0242,true,1,1499433
7290016912494,false,"ד""ר פישר - אפקטיב קר תרחיץ פנים לכל סוגי העור 180 מ""ל",פישר מעבדות פרמצבטיות בע,IL,אפקטיב קר תרחיץ פנים,מיליליטרים,180.00,"100 מ""ל",false,,17.90,0.0994,true,1,1457093
7290016948219,false,"תרומה 10 ש""ח עמותת גדולים מהחיים",,,"תרומה 10 ש""ח עמותת",יח',1.00,יח',false,,10.00,10.0000,true,1,1487604
7290016967074,false,לחם חיטה מלאה עם גרעינים ודגנים,מאפיית שלמה א. אנג'\ל בע,IL,לחם חיטה מלאה 750 ג,גרמים,750.00,100 גרם,false,,15.90,0.0212,true,1,1444641
7290016967456,false,לחם צרפתי מחמצת 100% כוסמין 600 ג' אנג'ל,"מאפיית אנג'\ל בעמ, מקבוצ",IL,לחם צרפתי כוסמין 100,גרמים,600.00,100 גרם,false,,16.90,0.0282,true,1,1444642
7290017023199,false,"שוופס מוגז פירות תות ליים פחית 330 מ""ל",,,שוופס מוגז פירות 330,מיליליטרים,330.00,"100 מ""ל",false,,5.00,0.0152,true,1,1447484
7290017023212,false,"שוויפס מוגז פירות תפוח מארז רביעייה* 330 מ""ל",יפאורה תבורי בעמ,IL,שוופס רביעייה מוגז פ,ליטרים,1.32,ליטר,false,,11.90,9.0152,true,1,1447486
7290017023229,false,רביעיית פחיות שוופס מוגז פירות תות ליים 330 מל.,יפאורה תבורי בעמ,IL,שוופס רביעייה מוגז פ,ליטרים,1.32,ליטר,false,,11.90,9.0152,true,1,1447487
7290017023236,false,רביעיית פחיות שוופס מוגז פירות ענבים 330 מל.,יפאורה תבורי בעמ,IL,שוופס רביעייה מוגז פ,ליטרים,1.32,ליטר,false,,11.90,9.0152,true,1,1447488
7290017023663,false,"שוופס מיץ פירות לימונייד פחית מארז 330X4מ""ל",יפאורה תבורי,IL,שוופס רביעייה מוגז פ,ליטרים,1.32,ליטר,false,,11.90,9.0152,true,1,1447494
7290017023816,false,"ספרינג  פירות טרופיים 250 מ""ל רביעייה","יפאורה תבורי בע""\מ",IL,ספרינג פירות טרופיים,מטרים,1000.00,100 מ'ל,false,,11.20,0.0112,true,1,1447498
7290017023823,false,"רביעיית ספרינג תות בננה 250 מ""ל","יפאורה תבורי בע""\מ",IL,ספרינג תות בננה 4*25,מטרים,1000.00,100 מ'ל,false,,11.20,0.0112,true,1,1447499
7290017023854,false,מי סודה בקבוקים אישיים - מארז 4 יח',יפאורה תבורי בעמ,IL,שוופס סודה רביעייה 2,ליטרים,1.00,ליטר,false,,9.90,9.9000,true,1,1447500
7290017023861,false,סודה בטעם לימון בקבוקים אישיים - מארז 4 יח',יפאורה תבורי בעמ,IL,שוופס סודה רביעייה 2,ליטרים,1.00,ליטר,false,,9.90,9.9000,true,1,1447501
7290017023878,false,סודה בטעם נענע ליים בקבוקים אישיים - מארז 4 יח',יפאורה תבורי בעמ,IL,שוופס סודה רביעייה 2,ליטרים,1.00,ליטר,false,,9.90,9.9000,true,1,1447502
7290017031477,false,"סנסודיין משחת שיניים רפיד רליף להלבנה 75 מ""ל","סמיתקליין ביצ'ם בע""מ",GB,משחת סנסודיין רפיד ר,יח',1.00,יח',false,,23.90,23.9000,true,1,1455910
7290017031514,false,סטייל קרם לחות עם גלייז 400 מל,גורי,IL,קרם לחות לשיער סטייל,מיליליטרים,400.00,"100 מ""ל",false,,27.90,0.0697,true,1,1455911
7290017031705,false,"סנסודיין משחת שיניים קלין & פרש 75 מ""ל",גלקסוס סמית קליין,SK,סנסודיין קלין פרש 75,מטרים,75.00,100 מ'ל,false,,21.90,0.2920,true,1,1455912
7290017031811,false,פרודונטקס מברשת שיניים אקסטרא סופט א.זוג,גלקסוסמיתקליין,CN,זוג מברשות שיניים פר,יח',1.00,יח',false,,19.90,19.9000,true,1,1455913
7290017031859,false,"פרודונטקס - משחת שיניים אולטרא קלין 75 מ""ל","מאסטרפוד אוסטריה בע""מ",SK,פרודונטקס אולטרא קלי,מטרים,75.00,100 מ'ל,false,,30.90,0.4120,true,1,1455914
7290017058573,false,תומר פרוסות פלפל חלפיניו בחומץ 340 גרם,אינדיה אגרו אקספורט,IN,פרוסות פלפל חלפיניו,גרמים,340.00,100 גרם,false,,6.50,0.0191,true,1,1444203
7290017058689,false,זית שחור טבעי תומר 4,מסנוי גידה רעהס,TR,זית שחור טבעי 400גר,גרמים,400.00,100 גרם,false,,12.90,0.0323,true,1,1444204
7290017062204,false,מרכך כביסה מרוכז 1לי רמילוי,,,מרכך כביסה מרוכז 1לי,ליטרים,1.00,ליטר,false,,9.50,9.5000,true,1,1461045
7290017065007,false,פרוסות גבינה מוצרלה חצי קשה 22% שומן 200 ג' גד,מחלבות גד בעמ,IL,מוצרלה פרוסה גד 150,גרמים,150.00,100 גרם,false,,16.90,0.1127,true,1,1447344
7290017065137,false,ריקוטה למריחה 5% טבעית 200 גרם - רובין,האי נאם סי או אל.טי.,IL,ריקוטה למריחה 5% טבע,יח',1.00,יח',false,,8.90,8.9000,true,1,1447345
7290017065144,false,ריקוטה למריחה בתוספת בזיליקום 5% גד 200 גם,האי נאם סי או אל.טי.,IL,ריקוטה למריחה 5% בזי,יח',1.00,יח',false,,8.90,8.9000,true,1,1447346
7290017065212,false,גבינת קרם מסקרפונה מחלבות גד 250 גר,מיוצר עי קוד יצרן ED,IL,קרם מסקרפונה 38% שומ,יח',1.00,יח',false,,15.90,15.9000,true,1,1447350
7290017065236,false,גבינה בולגרית מעודנת 24% גד 250 גרם,הנסיך- מפעל לייצור ט,IL,גבינה בולגרית מעודנת,גרמים,250.00,100 גרם,false,,21.90,0.0876,true,1,1447351
7290017065311,false,פרוסות גבינה מוצרלה מעושנת 200 ג',מחלבות גד בעמ,IL,פרוסות מוצרלה מעושנת,גרמים,200.00,100 גרם,false,,16.90,0.0845,true,1,1447353
7290017065380,false,גבינת גרנה פדנו שבבים גד 100 גרם,גבינות מדף,IT,גבינת גרנה פדנו שבבי,גרמים,100.00,100 גרם,false,,13.90,0.1390,true,1,1447354
7290017065441,false,גבינה גאודה עיזים פרוסה הולנדית 200 גר',גבינות מדף,NL,פרוסות גאודה עיזים.,גרמים,200.00,100 גרם,false,,27.90,0.1395,true,1,1447355
7290017065526,false,קוואטרו פורמאג'י 4 גבינות מגוררות 26%,"מחלבות גד בע""\מ",IL,קואטרו פורמאג'י,גרמים,300.00,100 גרם,false,,25.90,0.0863,true,1,1447357
7290017065588,false,יוגורט יווני 10% שומן 600 ג' גד,"מיוצר ע""\י קוד יצרן MKN",IL,יוגורט יווני 10%,גרמים,600.00,100 גרם,false,,14.80,0.0247,true,1,1447358
7290017065618,false,גבינת פקורינו פרוס גד 150 גרם,הנסיך- מפעל לייצור ט,ES,פקורינו פרוס 150 גר,גרמים,150.00,100 גרם,false,,18.90,0.1260,true,1,1447359
7290017065663,false,גבינת פטה עיזים מעודנת 16% גד 200 גרם,ג'נרל מילס סאן אדריא,IL,גבינת פטה עיזים מעוד,גרמים,200.00,100 גרם,false,,28.90,0.1445,true,1,1447361
7290017065731,false,גבינת שמנת 30% ניו יורק +כמהין 200 גרם רבנות,פ.פ.ח. שאביט,IL,גבינת שמנת עם כמהין,גרמים,200.00,100 גרם,false,,12.90,0.0645,true,1,1447366
7290017065786,false,"גבינת צ`דר מחלבות גד , 210 גרם","מחלבות גד בע""\מ",IL,צ'דר 210 גר,גרמים,210.00,100 גרם,false,,17.90,0.0852,true,1,1447368
7290017065861,false,קאצ'יו אה פפה-רוטב פקורינו 200 גרם גד,גבינות מדף,IL,קאצ'יו אה פפה 200 גר,גרמים,200.00,100 גרם,false,,13.60,0.0680,true,1,1447372
7290017065878,false,רוטב לפסטה מק אנד צ'יז גד 200 גרם,גבינות מדף,IL,מק אנד צ'יז 200 גר,גרמים,200.00,100 גרם,false,,13.60,0.0680,true,1,1447373
7290017079127,false,פתיתים קוסקוס 500ג רמילוי,,,פתיתים קוסקוס 500ג ר,גרמים,500.00,100 גרם,false,,3.90,0.0078,true,1,1461319
7290017079134,false,פתיתים אורז 500ג רמילוי,,,פתיתים אורז 500ג רמי,גרמים,500.00,100 גרם,false,,3.90,0.0078,true,1,1461320
7290017079189,false,אננס חתיכות דקות במיץ אננס 825 גר',פ.ת גרייט פנאפל,ID,טעמן אננס חתוך במיץ,גרמים,825.00,100 גרם,false,,8.90,0.0108,true,1,1446203
7290017079783,false,מחיות פאוץ' תפוח עץ פריטוב 120 גרם,פרוטה פודיוין איי.אס,CZ,מחית תפוע בפאוץ כשלפ,יח',1.00,יח',false,,3.90,3.9000,true,1,1446218
7290017079790,false,מחיות פאוץ' פירות מעורבים פריטוב 120 גרם,פרוטה פודיוין איי.אס,CZ,מחית פירות מעורבים ב,יח',1.00,יח',false,,3.90,3.9000,true,1,1446219
7290017079974,false,סרדינים בשמן פלפל חריף טעמן 125 גרם,,MA,סרדינים בדצ פלפל חרי,יח',1.00,יח',false,,6.90,6.9000,true,1,1446224
7290017088051,false,בייביסיטר - חיתולי סטנדרט מידה 3 - 52 יח',די.פי.אל תעשיות מוצרים ח,IL,בייביסיטר משופר מידה,יח',1.00,יח',false,,32.90,32.9000,true,1,1450897
7290017088068,false,בייביסיטר - חיתולי סטנדרט מידה 4 - 42 יח',די.פי.אל תעשיות מוצרים ח,IL,בייביסיטר משופר מידה,יח',1.00,יח',false,,32.90,32.9000,true,1,1450898
7290017088075,false,בייביסיטר - חיתולי סטנדרט מידה 4+ - 40 יח',די.פי.אל תעשיות מוצרים ח,IL,בייביסיטר משופר מידה,יח',1.00,יח',false,,32.90,32.9000,true,1,1450899
7290017088099,false,בייביסיטר - חיתולי סטנדרט מידה 6 - 30 יח',די.פי.אל תעשיות מוצרים ח,IL,בייביסיטר משופר מידה,יח',1.00,יח',false,,32.90,32.9000,true,1,1450901
7290017088327,false,רבעיית מגבונים בייביסיטר אקסטרא סופט ללא בישום 64 יחידות,די.פי.אל בעמ,IL,מגבונים בייביסיטר לת,יח',4.00,יח',false,,14.90,3.7250,true,1,1450902
7290017088464,false,תחבושות סופגנית מקסי לונג טופ פד 20 יח',D.P.L,IT,טופ פד סופגנית מקסי,יח',1.00,יח',false,,15.90,15.9000,true,1,1450903
7290017088501,false,תחבושות טופ פד אקסטרה לונג 20 יח',D.P.L,IT,טופ פד אקסטרה לונג 2,יח',1.00,יח',false,,8.90,8.9000,true,1,1450905
7290017088693,false,קוויק מטליות לחות לניקוי וחיטוי רצפות ניחוח לוונדר 10 יחידות,די.פי.אל,IL,קוויק מטליות ניקוי ר,יח',1.00,יח',false,,8.90,8.9000,true,1,1450907
7290017088839,false,BREEZE תחבושות לבריחת שתן אקסטרה פלוס (8 יח'),ניאופארם,IT,תחבושות בריז אקסטרה,יח',1.00,יח',false,,14.90,14.9000,true,1,1450910
7290017088846,false,BREEZE תחבושות לבריחת שתן מקסי (8 יח'),ניאופארם,IT,תחבושות בריז מקסי 8,יח',1.00,יח',false,,14.90,14.9000,true,1,1450911
7290017088969,false,חיתולי בייביסיטר ניו בורן מידה 1 42 יח',די.פי.אל תעשיות מוצרים ח,IL,חיתולי בייביסיטר ביי,יח',1.00,יח',false,,25.90,25.9000,true,1,1450912
7290017088983,false,חיתולי בייביסיטר ניו בורן מידה 2 38 יחי',די.פי.אל תעשיות מוצרים ח,IL,חיתולי בייביסיטר ביי,יח',1.00,יח',false,,25.90,25.9000,true,1,1450913
7290017094199,false,סלט קוביות חציל ברוטב שמיר 200 גרם,"סלטי שמיר 2006 בע""מ",IL,מעדן חצילים 200 גר ש,גרמים,200.00,100 גרם,false,,9.90,0.0495,true,1,1440793
7290017094847,false,סלט תפוחי אדמה אסלי שמיר 400 ג',"סלטי שמיר 2006 בע""מ",IL,שמיר אסלי סלט תפוא 4,גרמים,400.00,100 גרם,false,,9.80,0.0245,true,1,1476661
7290017094861,false,חומוס עם רוטב מסבחה אסלי שמיר 400 ג',"סלטי שמיר 2006 בע""מ",IL,שמיר אסלי סלט חומוס,גרמים,400.00,100 גרם,false,,9.80,0.0245,true,1,1476662
7290017105086,false,שימורי יכין שעועית צילי 200 גר,"זנלכל בע""\מ",IL,שעועית צ'ילי יכין הק,גרמים,105.00,100 גרם,false,,3.90,0.0371,true,1,1452419
7290017105116,false,תורמוס הקטניה הטובה יכין 200/105 גרם,"זנלכל בע""\מ",IL,תורמוס יכין הקטניה ה,גרמים,105.00,100 גרם,false,,3.90,0.0371,true,1,1452420
7290017105369,false,סירופ דיאט בטעם תה אפרסק יכין 1ליטר,זנלכל,IL,סירופ דיאט בטעם תה א,יח',1.00,יח',false,,16.70,16.7000,true,1,1452421
7290017105468,false,מארז שלישייה אפונה קטנה יכין 3*200 גר,קשקמט קונסרב הונגריה,IL,אפונה קטנה יכין 200,גרמים,360.00,100 גרם,false,,14.90,0.0414,true,1,1452422
7290017105550,false,רביעיית רסק עגבניות 100% יכין 4X100 גרם,היינץ צפון אמריקה מק,IL,רוטב 100% עגבניה רב,גרמים,400.00,100 גרם,false,,11.90,0.0298,true,1,1452423
7290017105895,false,גרגרי חומוס להכנת חומוס משובח יכין 560 ג,זנלכל,IL,גרגרי חומוס להכנת חו,יח',1.00,יח',false,,9.90,9.9000,true,1,1452428
7290017121048,false,"פלפל צ'ומה 250 גרם ""עללחם""","מדשא תעשיות מזון בע""\מ",IL,עללחם פלפל צ'ומה 250,גרמים,250.00,100 גרם,false,,12.90,0.0516,true,1,1454605
7290017129495,false,אגו מיקס כדורי תירס מצופים שוקולד חלב כרמית 55 גרם,כרמית תעשיות ממתקים בעמ,IL,אגו מיקס כדורי תירס,גרמים,55.00,100 גרם,false,,3.90,0.0709,true,1,1453264
7290017129501,false,אגו מיקס כדורי תירס מצופים שוקולד לבן כרמית 55 גרם,כרמית,IL,אגו מיקס כדורי תירס,גרמים,55.00,100 גרם,false,,3.90,0.0709,true,1,1453265
7290017129518,false,אגו מיקס כדורי תירס מצופים שוקולד חלב ולבן כרמית 55 גרם,כרמית,IL,אגו מיקס כדורי תירס,גרמים,55.00,גרם,false,,3.90,0.0709,true,1,1453266
7290017129532,false,סוכריות לקקן תות 90 גרם כרמית,שוגבי,TR,לקקן תות 90 גר,גרמים,990.00,100 גרם,false,,4.90,0.0049,true,1,1453267
7290017129549,false,סוכריות לקקן גלידה כרמית 90 גרם,כרמית,TR,לקקן גלידה 90 גר,100 יח',90.00,100 יח',false,,4.90,0.0544,true,1,1453268
7290017129617,false,לקקן קולה לימונדה 450 גרם כרמית,שוגבי,TR,לקקן קולה לימונדה 45,יח',1.00,יח',false,,12.90,12.9000,true,1,1453272
7290017129624,false,כרמית לקקן ענבים תפוח 450 גרם,שוגבי,TR,לקקן ענבים תפוח 450,גרמים,450.00,100 גרם,false,,13.90,0.0309,true,1,1453273
7290017129754,false,"שוקולד מריר מעולה 70% מוצקי קקאו 100 גר בד""ץ","כרמית תעשיות ממתקים בע""\",IL,שוקולד 70% קלאסי כשל,גרמים,100.00,100 גרם,false,,7.90,0.0790,true,1,1453275
7290017129761,false,שוקולד פרימיום 70% מריר בטעם תפוז כרמית 100 גרם,"כרמית תעשיות ממתקים בע""\",IL,שוקולד פרימיום 70% ת,גרמים,100.00,גרם,false,,7.90,0.0790,true,1,1453276
7290017129778,false,שוקולד פרימיום 70% מריר בטעם קפה כרמית 100 גרם,"כרמית תעשיות ממתקים בע""\",IL,שוקולד פרימיום 70% ק,גרמים,100.00,גרם,false,,7.90,0.0790,true,1,1453277
7290017129822,false,מטבעות שוקולד מריר כרמית 36 גרם,כרמית,IL,מטבעות שוקולד מריר 3,גרמים,36.00,גרם,false,,2.90,0.0806,true,1,1453278
7290017129839,false,שוקולד פרימיום 70% מריר בטעם פטל כרמית 100 גרם,"כרמית תעשיות ממתקים בע""\",IL,שוקולד פרימיום 70% פ,גרמים,100.00,גרם,false,,7.90,0.0790,true,1,1453279
7290017129877,false,מיקס 40 יחידות לקקנים שטוחים כרמית 180 גרם,דורקן סקרלמה סאן. וי,TR,מיקס לקקנים שטוחים 4,גרמים,300.00,100 גרם,false,,9.90,0.0330,true,1,1453282
7290017129884,false,חמישיות שוקולד מריר 44% 85 גר*5*12 בקרטון,"כרמית תעשיות ממתקים בע""\",IL,חמישיית שוקלד מריר 6,גרמים,425.00,100 גרם,false,,14.90,0.0351,true,1,1453283
7290017129983,false,שוקולד צ'יפס לבן פרווה כרמית 250 גרם,"כרמית תעשיות ממתקים בע""\",IL,אגו שוקו צ'יפס לבן 2,גרמים,250.00,100 גרם,false,,8.90,0.0356,true,1,1453284
7290017140308,false,קמח שקדים-שי של הטבע,אופק מן הטבע,IL,קמח שקדים 250 גר,גרמים,250.00,100 גרם,false,,24.90,0.0996,true,1,1442798
7290017142128,false,"שמן זית כתית מעולה קלאסי עץ הזית 750 מ""ל",שמן תעשיות בעמ,IT,שמן זית כתית מעולה ק,מיליליטרים,750.00,"100 מ""ל",false,,32.80,0.0437,true,1,1448383
7290017142180,false,פילה טונה בשמן זית בטעם לימון עם פלפל שחור 120 ג',"יוניקורד ח.צ בע""מ",TH,עץ הזית פילה טונה פר,יח',1.00,יח',false,,14.90,14.9000,true,1,1448386
7290017142203,false,"פילה טונה פרוס עם שמן זית בטעם מעושן 120 גרם ""עץ הזית""","יוניקורד ח.צ בע""מ",TH,עץ הזית פילה טונה פר,יח',1.00,יח',false,,14.90,14.9000,true,1,1448387
7290017142289,false,"תרסיס שמן חמניות לל""ת גז עץ הזית 200מ""ל",י.ב טכנולוגיות אריזה בעמ,IT,תרסיס שמן חמניות עץ,מיליליטרים,200.00,"100 מ""ל",false,,15.70,0.0785,true,1,1448390
7290017142340,false,שמן זרעי ענבים מזוכך 1 לי עץ הזית,אף.ג'\יי.סנצ'\ז סוקחורס,TH,שמן זרעי ענבים מזוכך,מטרים,1000.00,100 מ'ל,false,,24.90,0.0249,true,1,1448392
7290017142388,false,שמן חמניות פלוס אומגה 3 עץ הזית 1 ליטר,שמן תעשיות בעמ,IL,שמן חמניות פלוס 1 לי,יח',1.00,יח',false,,14.90,14.9000,true,1,1448396
7290017142456,false,מארז נתחי טונה בהירה בשמן זית 2 * 160 ג' עץ הזית,יוניקורד ח.צ בעמ,TH,עץ הזית זוג נתחי טונ,גרמים,320.00,100 גרם,false,,27.80,0.0869,true,1,1448400
7290017142487,false,"LUNCH TO GO בורגול עם חומוס טונה בשמן זית 160 גרם ""עץ הזית""",יוניקורד ח.צ בעמ,TH,עץ הזית ארוחהבורגול,גרמים,160.00,100 גרם,false,,13.90,0.0869,true,1,1448402
7290017142500,false,תרסיס שמן זית כתית מעולה בטעם שום 150מל,קומטמפ קומפניה פורטו,IT,תרסיס שמן זית כתית ב,מטרים,150.00,100 מ'ל,false,,16.90,0.1127,true,1,1484577
7290017142609,false,"תרסיס שמן זית בטעם לימון עץ הזית 150 מ""ל",קונפניה,IT,תרסיס שמן זית כתית ב,מטרים,150.00,100 מ'ל,false,,16.90,0.1127,true,1,1484578
7290017153148,false,חלב מרוכז פוליבה 300גר' בדץ,פוליבה בעמ,IL,חלב מרוכז 300 גר,גרמים,300.00,100 גרם,false,,12.70,0.0423,true,1,1452271
7290017189123,false,צ'ורוס ספרדי 500גרם רמי לוי,,,צ'ורוס ספרדי 500גרם,גרמים,500.00,100 גרם,false,,14.90,0.0298,true,1,1461396
7290017189192,false,"אדממה פולי סויה 1 ק""ג",משק ויילר,CN,"פולי סויה 1 ק""ג",יח',1.00,יח',false,,14.90,14.9000,true,1,1441617
7290017189260,false,מיני פנקייק הולנדי 500ג רמילוי,,,מיני פנקייק הולנדי 5,גרמים,500.00,100 גרם,false,,22.90,0.0458,true,1,1461397
7290017189277,false,קרפ הולנדי אפוי 600ג רמי לוי,,,קרפ הולנדי אפוי 600ג,גרמים,600.00,100 גרם,false,,20.90,0.0348,true,1,1461398
7290017189413,false,טבעות בצל שלמות בציפוי טמפורה,משק ויילר,ES,טבעות בצל שלמות בציפ,גרמים,600.00,100 גרם,false,,13.50,0.0225,true,1,1441618
7290017197067,false,מגבונים בייבי בישום עדין 100 יח רמי לוי,,,מגבונים בייבי בישום,100 יח',100.00,100 יח',false,,5.60,0.0560,true,1,1459132
7290017197142,false,שמפו נועה נגד קשקשים 750 מל רמי לוי,,,שמפו נועה נגד קשקשים,מיליליטרים,750.00,"100 מ""ל",false,,7.90,0.0105,true,1,1459133
7290017197159,false,שמפו ומרכך 2 ב1 נועה נגד קשקשים 750 מל רמי לוי,,,שמפו ומרכך 2 ב1 נועה,מיליליטרים,750.00,"100 מ""ל",false,,7.90,0.0105,true,1,1459134
7290017197296,false,שמפו נועה לילדים 750 מל רמי לוי,,,שמפו נועה לילדים 750,מיליליטרים,750.00,"100 מ""ל",false,,8.50,0.0113,true,1,1459135
7290017197302,false,שמפו ומרכך לילדים 2 ב-1 נועה 750 מל רמי לוי,,,שמפו ומרכך לילדים 2,מיליליטרים,750.00,"100 מ""ל",false,,8.50,0.0113,true,1,1459136
7290017197319,false,מרכך לילדים נועה 750 מל רמי לוי,,,מרכך לילדים נועה 750,מיליליטרים,750.00,"100 מ""ל",false,,8.50,0.0113,true,1,1459137
7290017197388,false,מגבונים הפי דייז מבושם 72*6 רמי לוי,,,מגבונים הפי דייז מבו,יח',72.00,יח',false,,19.90,0.2764,true,1,1459138
7290017197395,false,מגבונים הפי דייז ללא בישום 72*6 רמי לוי,,,מגבונים הפי דייז ללא,יח',72.00,יח',false,,19.90,0.2764,true,1,1459139
7290017197425,false,מגבונים בייבי מבושם 4*72 רמי לוי,,,מגבונים בייבי מבושם,יח',4.00,יח',false,,14.90,3.7250,true,1,1459140
7290017197432,false,מגבונים בייבי ללא בישום 4*72 רמי לוי,,,מגבונים בייבי ללא בי,יח',4.00,יח',false,,14.90,3.7250,true,1,1459141
7290017197449,false,מגבונים בייבי לעור רגיש 4*72 רמי לוי,,,מגבונים בייבי לעור ר,יח',4.00,יח',false,,14.90,3.7250,true,1,1459142
7290017197500,false,שמפו נועה לשיער יבש 750 מל רמי לוי,,,שמפו נועה לשיער יבש,מיליליטרים,750.00,"100 מ""ל",false,,7.90,0.0105,true,1,1459143
7290017197517,false,שמפו נועה לשיער רגיל 750 מל רמי לוי,,,שמפו נועה לשיער רגיל,מיליליטרים,750.00,"100 מ""ל",false,,7.90,0.0105,true,1,1459144
7290017197524,false,שמפו נועה לשיער רגיל מרוקאי 750 מל רמי לוי,,,שמפו נועה לשיער רגיל,מיליליטרים,750.00,"100 מ""ל",false,,7.90,0.0105,true,1,1459145
7290017197531,false,מרכך נועה לשיער יבש 750 מל רמי לוי,,,מרכך נועה לשיער יבש,מיליליטרים,750.00,"100 מ""ל",false,,7.90,0.0105,true,1,1459146
7290017197548,false,מרכך נועה מרוקאי לשיער רגיל 750 מל רמי לוי,,,מרכך נועה מרוקאי לשי,מיליליטרים,750.00,"100 מ""ל",false,,7.90,0.0105,true,1,1459147
7290017197555,false,מרכך נועה לשיער רגיל 750 מל רמי לוי,,,מרכך נועה לשיער רגיל,מיליליטרים,750.00,"100 מ""ל",false,,7.90,0.0105,true,1,1459148
7290017197616,false,אל סבון בניחוח פירות 1 ליטר,,,אל סבון בניחוח פירות,ליטרים,1.00,ליטר,false,,7.90,7.9000,true,1,1459149
7290017197630,false,אל סבון בניחוח ים 1 ליטר,,,אל סבון בניחוח ים 1,ליטרים,1.00,ליטר,false,,7.90,7.9000,true,1,1459151
7290017197654,false,מטליות לחות לניקוי ר,,,מגבוני רצפה -רמי לוי,יח',1.00,יח',false,,8.90,8.9000,true,1,1459153
7290017197685,false,שלישייה מגבוני טואלט לחים,,,שלישייה מגבוני טואלט,יח',3.00,יח',false,,9.90,3.3000,true,1,1459155
7290017197838,false,שמפו וגל רחצה לגבר נועה,,,שמפו וגל רחצה לגבר נ,מיליליטרים,750.00,"100 מ""ל",false,,8.50,0.0113,true,1,1459157
7290017197951,false,סבון קצף לידיים 500מל רמילוי,,,סבון קצף לידיים 500מ,מיליליטרים,500.00,"100 מ""ל",false,,6.90,0.0138,true,1,1459160
7290017197968,false,סבון קצף לילדים אשכולית 500מל רמילוי,,,סבון קצף לילדים אשכו,מיליליטרים,500.00,"100 מ""ל",false,,6.90,0.0138,true,1,1459161
7290017197975,false,סבון קצף לילדים ענבים 500מל רמילוי,,,סבון קצף לילדים ענבי,מיליליטרים,500.00,"100 מ""ל",false,,6.90,0.0138,true,1,1459162
7290017239798,false,נתחי פילה דג בקלה שלם 250 גר,,,נתחי פילה דג בקלה של,גרמים,250.00,100 גרם,false,,9.90,0.0396,true,1,1472710
7290017266602,false,וופל קראנץ טעם שוקולד 150ג רמילוי,,,וופל קראנץ טעם שוקול,גרמים,150.00,100 גרם,false,,2.90,0.0193,true,1,1471581
7290017266619,false,וופל קראנץ טעם אגוז 150ג רמילוי,,,וופל קראנץ טעם אגוז,גרמים,150.00,100 גרם,false,,2.90,0.0193,true,1,1471582
7290017266633,false,וופל רול טעם שוקולד 100ג רמילוי,,,וופל רול טעם שוקולד,יח',1.00,יח',false,,2.90,2.9000,true,1,1471584
7290017266640,false,וופל רול טעם אגוז 100ג רמילוי,,,וופל רול טעם אגוז 10,יח',1.00,יח',false,,2.90,2.9000,true,1,1471585
7290017266756,false,גביעי גלידה ללא סוכר רמילוי,,,גביעי גלידה ללא סוכר,יח',1.00,יח',false,,4.90,4.9000,true,1,1471587
7290017285719,false,"תרסיס סרקל מתיר קשרים רוזמרין 340 מ""ל ד""ר פישר",פישר מעבדות פרמצבטיות בע,IL,סרקל מתיר קשרים 340,מיליליטרים,340.00,"100 מ""ל",false,,25.90,0.0762,true,1,1457099
7290017289168,false,"יין ישראלי אדום יבש אפרת 750 מ""ל",יקב טפרברג 1870 בעמ,IL,אדום יבש סדרת ישראלי,מיליליטרים,750.00,"100 מ""ל",false,,19.50,0.0260,true,1,1450673
7290017289175,false,"יין ישראלי פטיט סירה אפרת 750 מ""ל",יקב טפרברג 1870 בעמ,IL,פטיט סירה סדרת ישראל,מיליליטרים,750.00,"100 מ""ל",false,,19.50,0.0260,true,1,1450674
7290017289182,false,"יין ישראלי לבן חצי יבש אפרת 750 מ""ל",יקב טפרברג 1870 בעמ,IL,לבן חצי יבש סדרת ישר,מיליליטרים,750.00,"100 מ""ל",false,,19.50,0.0260,true,1,1450675
7290017289205,false,"יין ישראלי קברנה סוביניון אפרת 750 מ""ל",יקב טפרברג 1870 בעמ,IL,קברנה סובניון סדרת י,מיליליטרים,750.00,"100 מ""ל",false,,19.50,0.0260,true,1,1450677
7290017289595,false,"יין אינספייר בלנד אדום יבש 150 שנה 750 מ""ל",יקב טפרברג 1870 בעמ,IL,אינספייר בלנד אדום 7,מיליליטרים,750.00,"100 מ""ל",false,,64.90,0.0865,true,1,1450679
7290017289618,false,"יין IMPRESSION פטיט סירה 150 שנה טפרברג 750 מ""ל",יקב טפרברג 1870 בעמ,IL,פטיט סירה אימפרשן 75,מיליליטרים,750.00,"100 מ""ל",false,,39.90,0.0532,true,1,1450681
7290017296142,false,גרנולה חלבה ושוקולד פנינה רוזנבלום 400 גרם,אפקט טבעי,IL,בריא מהטבע גרנולה שו,גרמים,400.00,100 גרם,false,,24.90,0.0622,true,1,1453766
7290017297309,false,עדשים ירוקות מבושלות רמי לוי,,,עדשים ירוקות מבושלות,יח',1.00,יח',false,,13.90,13.9000,true,1,1466162
7290017297316,false,שעועית אדומה מבושלת מוקפאת רמי לוי,,,שעועית אדומה מבושלת,יח',1.00,יח',false,,13.90,13.9000,true,1,1466163
7290017297347,false,רוטב עגבניות מרוכז 28 580 גרם רמי לוי,,,רוטב עגבניות מרוכז 2,גרמים,580.00,100 גרם,false,,5.90,0.0102,true,1,1462704
7290017297354,false,רוטב עגבניות מרוכז 100גר רמילוי,,,רוטב עגבניות מרוכז 1,גרמים,100.00,100 גרם,false,,1.40,0.0140,true,1,1462705
7290017297361,false,רוטב עגבניות 240 גר רמילוי,,,רוטב עגבניות 240 גר,גרמים,240.00,100 גרם,false,,2.90,0.0121,true,1,1462706
7290017297385,false,קלחי תירס 1 קג רמי לוי,,,קלחי תירס 1 קג רמי ל,קילוגרמים,1.00,"100 לק""ג",false,,11.90,11.9000,true,1,1466164
7290017303802,false,אריאל מלוואח 600 גרם,מאפיית אריאל,IL,"מלווח כשל""פ 600 גרם",גרמים,600.00,100 גרם,false,,21.90,0.0365,true,1,1455103
7290017304519,false,חלה חצי מתוקה ארוזה אנג'ל 500 גרם,,,חלה חצי מתוקה ארוזה,גרמים,500.00,100 גרם,false,,13.90,0.0278,true,1,1444644
7290017304885,false,לחם שיפון מחיטה מלאה ללא תוספת סוכר 750 ג' אנג'ל,מאפיית שלמה א. אנג'\ל בע,IL,לחם שיפון וחיטה מלאה,גרמים,750.00,100 גרם,false,,16.90,0.0225,true,1,1444646
7290017325453,false,משקה שקדים אורגני 1 ליטר הרדוף – ללא תוספת סוכר ללא גלוטן,ליקואטס,ES,משקה שקדים אורגני 1ל,ליטרים,1.00,ליטר,false,,14.90,14.9000,true,1,1471451
7290017325477,false,רסק עגבניות 100 גר אורגני - הרדוף,פריניר (הדס 1987) בע,IL,רסק עגבניות אורגני 1,גרמים,100.00,100 גרם,false,,3.40,0.0340,true,1,1471452
7290017325729,false,"קמח כוסמת ירוקה לל""ג אורגני 500 גרם",טחנת קמח דגן לישראל,IL,קמח כוסמת ירוקה אורג,גרמים,500.00,100 גרם,false,,18.90,0.0378,true,1,1471460
7290017325750,false,"קמח חומוס לל""ג אורגני 500 גרם",טחנת קמח דגן לישראל,IL,קמח חומוס אורגני 500,גרמים,500.00,100 גרם,false,,17.90,0.0358,true,1,1471463
7290017325774,false,ספגטי מחיטת כוסמין אמר אורגני 400 גרם הרדוף,פסטיפיסוי פליצ'טי,IT,ספגטי מחיטת כוסמין מ,גרמים,400.00,100 גרם,false,,19.70,0.0492,true,1,1471464
7290017325804,false,קוואקר עדין אורגני 500 גרם הרדוף ללא גלוטן,אול אורגני,IL,קוואקר עדין אורגני 5,גרמים,500.00,100 גרם,false,,17.70,0.0354,true,1,1471467
7290017325828,false,"קוסקוס חומוס לל""ג אורגני הרדוף 350 גרם",הרדוף,IT,קוסקוס חומוס אורגני,גרמים,350.00,100 גרם,false,,19.70,0.0563,true,1,1471468
7290017325903,false,קרקר מקמח כוסמין מלא אורגני 125 גרם,"ל.ב סחר ושיווק בע""\מ",IL,קרקר קמח מלא אורגני,גרמים,125.00,100 גרם,false,,19.70,0.1576,true,1,1471471
7290017325910,false,"קורנפלקס ללת""ס אורגני הרדוף 375 גר",לאמרי,IT,קורנפלקס אורגני ללא,גרמים,375.00,100 גרם,false,,18.90,0.0504,true,1,1501957
7290017325927,false,"ברנפלקס ללת""ס אורגני הרדוף 375 גר",לאמרי,IT,ברנפלקס אורגני ללא ס,גרמים,375.00,100 גרם,false,,18.90,0.0504,true,1,1501958
7290017374987,false,מטליות רב שימושיות צהוב רמי לוי,,,מטליות רב שימושיות צ,יח',1.00,יח',false,,19.50,19.5000,true,1,1464394
7290017389578,false,שקדים קלויים 200 גר,,,שקדים קלויים 200 גר,גרמים,200.00,100 גרם,false,,21.90,0.1095,true,1,1473636
7290017389776,false,קוקוס מסוכר 200 גר,,,קוקוס מסוכר 200 גר,גרמים,200.00,100 גרם,false,,12.90,0.0645,true,1,1473656
7290017389967,false,ערמונים קלופים 100 גר קליית השקמה,,,ערמונים קלופים 100 ג,גרמים,100.00,100 גרם,false,,4.90,0.0490,true,1,1473674
7290017390383,false,גרנולה צימוקים אגוזים שקדים 1 קג,,,גרנולה צימוקים אגוזי,גרמים,1000.00,100 גרם,false,,19.90,0.0199,true,1,1473568
7290017390390,false,"גרנולה פירות 1 ק""ג -",,,גרנולה פירות 1 קג,גרמים,1000.00,100 גרם,false,,19.90,0.0199,true,1,1473569
7290017390475,false,מטבעות שוקולד מריר לאפיה 300 גר,,,מטבעות שוקולד מריר ל,גרמים,300.00,100 גרם,false,,10.90,0.0363,true,1,1473685
7290017390482,false,מטבעות שוקולד חלב לאפיה 300 גר,,,מטבעות שוקולד חלב לא,גרמים,300.00,100 גרם,false,,10.90,0.0363,true,1,1473686
7290017390499,false,מטבעות שוקולד לבן לאפיה 300 גר,,,מטבעות שוקולד לבן לא,גרמים,300.00,100 גרם,false,,10.90,0.0363,true,1,1473687
7290017390505,false,מטבעות שוקולד ציפס מריר לאפיה 300 גר,,,מטבעות שוקולד ציפס מ,גרמים,300.00,100 גרם,false,,9.90,0.0330,true,1,1473688
7290017390512,false,סוכריות גומי נחשים פ,,,סוכריות גומי נחשים פ,גרמים,300.00,100 גרם,false,,9.90,0.0330,true,1,1473689
7290017390529,false,סוכריות גומי דובונים פירות 300 גר,,,סוכריות גומי דובונים,גרמים,300.00,100 גרם,false,,9.90,0.0330,true,1,1473690
7290017390536,false,סוכריות גומי תות שדה 300 גר,,,סוכריות גומי תות שדה,גרמים,300.00,100 גרם,false,,9.90,0.0330,true,1,1473691
7290017390543,false,סוכריות גומי מסוכרות,,,סוכריות גומי טעם בננ,גרמים,300.00,100 גרם,false,,9.90,0.0330,true,1,1473692
7290017390550,false,סוכריות גומי טעם אפרסק 300 גר,,,סוכריות גומי טעם אפר,גרמים,300.00,100 גרם,false,,9.90,0.0330,true,1,1473693
7290017390567,false,סוכריות גומי נחשים ב,,,סוכריות גומי נחשים 3,גרמים,300.00,100 גרם,false,,9.90,0.0330,true,1,1473694
7290017390574,false,סוכריות גומי טעם אבטיח 300 גר,,,סוכריות גומי טעם אבט,גרמים,300.00,100 גרם,false,,9.90,0.0330,true,1,1473695
7290017390598,false,סוכריות גומי צורת לב 300 גר,,,סוכריות גומי צורת לב,גרמים,300.00,100 גרם,false,,9.90,0.0330,true,1,1473697
7290017390604,false,סוכריות גומי צורת בי,,,סוכריות גומי צורת בי,גרמים,300.00,100 גרם,false,,9.90,0.0330,true,1,1473698
7290017390673,false,צימוק בציפוי שוקולד חלב 250 גר,,,צימוק בציפוי שוקולד,גרמים,250.00,100 גרם,false,,15.90,0.0636,true,1,1473705
7290017390680,false,אגוז לוז בציפוי שוקולד מריר 250 גר,,,אגוז לוז בציפוי שוקו,גרמים,250.00,100 גרם,false,,15.90,0.0636,true,1,1473706
7290017390734,false,פקאן בציפוי שוקולד לבן 250 גר,,,פקאן בציפוי שוקולד ל,גרמים,250.00,100 גרם,false,,15.90,0.0636,true,1,1473711
7290017390772,false,סוכריות מטלוס חמאה 2,,,סוכריות מטלוס חמאה 2,גרמים,220.00,100 גרם,false,,9.90,0.0450,true,1,1473715
7290017390789,false,סוכריות מטלוס מנטה 220 גר,,,סוכריות מטלוס מנטה 2,גרמים,220.00,100 גרם,false,,9.90,0.0450,true,1,1473716
7290017390796,false,חטיפי שומשום 250 גר',,,חטיפי שומשום 250 גר,גרמים,250.00,100 גרם,false,,9.90,0.0396,true,1,1473717
7290017390802,false,חטיפי קוקוס 250 גר',,,חטיפי קוקוס 250 גר,גרמים,250.00,100 גרם,false,,9.90,0.0396,true,1,1473718
7290017390819,false,חטיפי בוטנים 250 גר',,,חטיפי בוטנים 250 גר,גרמים,250.00,100 גרם,false,,9.90,0.0396,true,1,1473719
7290017406374,false,אורז יסמין 1קג זיפר רמילוי,,,אורז יסמין 1קג זיפר,גרמים,1000.00,100 גרם,false,,8.90,0.0089,true,1,1474254
7290017406381,false,פירורי לחם מתובלים ג,,,פירורי לחם מתובלים ג,מיליליטרים,500.00,"100 מ""ל",false,,7.90,0.0158,true,1,1474255
7290017406398,false,פירורי לחם מתובלים ש,,,פירורי לחם מתובלים ש,מיליליטרים,500.00,"100 מ""ל",false,,7.90,0.0158,true,1,1474256
7290017406435,false,אורז בסמטי חום טאג' מאהל רמילוי,,,אורז בסמטי חום טאג',יח',1.00,יח',false,,9.90,9.9000,true,1,1474257
7290017406596,false,שיבולת שועל להכנה מהירה 500ג רמילוי,,,שיבולת שועל להכנה מה,גרמים,500.00,100 גרם,false,,9.90,0.0198,true,1,1474259
7290017406619,false,פירורי לחם לבנים 1קג רמילוי,,,פירורי לחם לבנים 1קג,גרמים,1000.00,100 גרם,false,,9.90,0.0099,true,1,1474260
7290017406626,false,פירורי לחם מוזהבים 1קג רמילוי,,,פירורי לחם מוזהבים 1,גרמים,1000.00,100 גרם,false,,9.90,0.0099,true,1,1474261
7290017406695,false,מיני טורטיה מקמח חיטה וסובין רמי לוי,,,מיני טורטיה מקמח חיט,גרמים,250.00,100 גרם,false,,7.90,0.0316,true,1,1474263
7290017406732,false,חרדל דיג'ון 350גר רמילוי,,,חרדל דיג'ון 350גר רמ,גרמים,350.00,100 גרם,false,,7.90,0.0226,true,1,1474267
7290017406824,false,טורטיה קמח חיטה וסובין רמי לוי,,,טורטיה קמח חיטה וסוב,גרמים,360.00,100 גרם,false,,8.90,0.0247,true,1,1474269
7290017406848,false,פתי בר וניל 300גר רמילוי,,,פתי בר וניל 300גר רמ,גרמים,300.00,100 גרם,false,,4.50,0.0150,true,1,1474270
7290017440286,false,"ד""ר פישר - קידס מרכך ויטמינים 750 מ""ל","ד""ר פישר Dr fischer",IL,"מרכך קידס 750 מ""ל",מיליליטרים,750.00,"100 מ""ל",false,,16.90,0.0225,true,1,1457110
7290017440309,false,"ד""ר פישר - קידס שמפו ויטמינים 750 מ""ל","ד""ר פישר Dr fischer",IL,שמפו קידס 750 מל,מיליליטרים,750.00,"100 מ""ל",false,,16.90,0.0225,true,1,1457111
7290017457574,false,כדוריות סבון נתלה לאסלה בניחוח פרחים - 3 יח',הנקל סוד,RS,סוד כדוריות לאסלה פר,גרמים,204.00,100 גרם,false,,16.90,0.0828,true,1,1458615
7290017457628,false,גל כביסה סוד טוטאל כחול 2.5 ליטר,הנקל סוד,IL,סוד ג'ל כביסה טוטל כ,ליטרים,2.50,ליטר,false,,24.90,9.9600,true,1,1458619
7290017457871,false,סוד ג'ל כביסה ירוק טוטאל 4 ליטר,הנקל סוד,IL,סוד ג'ל כביסה טוטל ו,ליטרים,4.00,ליטר,false,,34.50,8.6250,true,1,1458627
7290017457888,false,סוד ג'ל כביסה כחול טוטאל 4 ליטר,הנקל סוד,IL,סוד ג'ל כביסה טוטל כ,ליטרים,4.00,ליטר,false,,34.50,8.6250,true,1,1458628
7290017487090,false,שיבה בנספק שדות בעמק,חקלאי,IL,שיבה שדות בעמק,גרמים,40.00,100 גרם,false,,5.90,0.1475,true,1,1468453
7290017487137,false,"אורגנו בנספק ""שדות בעמק""",חקלאי,IL,אורגנו שדות בעמק,יח',1.00,יח',false,,5.90,5.9000,true,1,1468455
7290017487175,false,"רוזמרין בנספק ""שדות בעמק""",חקלאי,IL,רוזמרין שדות בעמק,יח',1.00,יח',false,,5.90,5.9000,true,1,1468457
7290017487205,false,"מרווה בנספק ""שדות בעמק""",חקלאי,IL,מרווה שדות בעמק,גרמים,40.00,100 גרם,false,,5.90,0.1475,true,1,1468459
7290017487229,false,קורנית בנספק שדות בע,חקלאי,IL,קורנית שדות בעמק,גרמים,40.00,100 גרם,false,,5.90,0.1475,true,1,1468460
7290017487403,false,"בזיליקום גדול ""שדות בעמק""",חקלאי,IL,בזיליקום שדות בעמק,גרמים,100.00,100 גרם,false,,8.90,0.0890,true,1,1468463
7290017487441,false,בצל ירוק בשקית יחידה,חקלאי,IL,בצל ירוק שדות בעמק,יח',1.00,יח',false,,6.90,6.9000,true,1,1468466
7290017487458,false,פזיל/מנגולד בשקית שד,חקלאי,IL,מנגולד שדות בעמק,יח',1.00,יח',false,,6.90,6.9000,true,1,1468467
7290017487526,false,"עלי חסה רומית ""שדות בעמק""",חקלאי,IL,עלי חסה רומית שדות ב,יח',1.00,יח',false,,9.90,9.9000,true,1,1468472
7290017487557,false,בזיליקום בנספק שדות,חקלאי,IL,בזיליקום שדות בעמק,גרמים,40.00,100 גרם,false,,5.90,0.1475,true,1,1468473
7290017487595,false,נענע בשקית שדות בעמק,חקלאי,IL,נענע שדות בעמק,יח',1.00,יח',false,,4.90,4.9000,true,1,1468477
7290017487601,false,פטרוזיליה בשקית שדות,חקלאי,IL,פטרוזליה שדות בעמק,יח',1.00,יח',false,,4.90,4.9000,true,1,1468478
7290017487618,false,כוסברה בשקית שדות בע,חקלאי,IL,כוסברה שדות בעמק,יח',1.00,יח',false,,4.90,4.9000,true,1,1468479
7290017487625,false,שמיר בשקית שדות בעמק,חקלאי,IL,שמיר שדות בעמק,יח',1.00,יח',false,,3.90,3.9000,true,1,1468480
7290017487823,false,סלרי עלים בשקית שדות,חקלאי,IL,סלרי עלים שדות בעמק,יח',1.00,יח',false,,6.90,6.9000,true,1,1468488
7290017487830,false,סלרי ראש בשקית שדות,,,סלרי ראש שדות בעמק,יח',1.00,יח',false,,6.90,6.9000,true,1,1468489
7290017513775,false,פליפז בייגלה מצופה שוקולד חלב מקוויטיס 140 גרם,שוורצקוף& הנקל דיסלד,TR,בייגלה מצופה בשוקולד,גרמים,140.00,100 גרם,false,,7.90,0.0564,true,1,1451314
7290017513782,false,פליפז בייגלה מצופה שוקולד מריר מקוויטיס 140 גרם,שוורצקוף& הנקל דיסלד,TR,בייגלה מצופה בשוקולד,גרמים,140.00,100 גרם,false,,7.90,0.0564,true,1,1451315
7290017513829,false,תה ירוק לימונית ג'ינג'ר 25 שקיקים בתוספת ויטמין Cּּ+D,ויסוצקי ירוק,IL,תה ירוק לימונית וגינ,גרמים,37.50,100 גרם,false,,22.90,0.6107,true,1,1451316
7290017513850,false,תה ירוק נענע 25 שקיקים בתוספת ויטמינים Cּּ+D,ויסוצקי ירוק,IL,תה ירוק נענע +ויטמינ,גרמים,37.50,100 גרם,false,,22.90,0.6107,true,1,1451317
7290017513867,false,תה ירוק לימונית לואיזה 25 שקיקים בתוספת ויטמין Cּּ+D,תה ויסוצקי,IL,תה ירוק לימונית ולוא,גרמים,37.50,100 גרם,false,,22.90,0.6107,true,1,1451318
7290017582030,false,GOOD PHARM - פינצטה אלכסונית,,,פינצטה אלכסונית GOOD,יח',1.00,יח',false,,10.00,10.0000,true,1,1460507
7290017582061,false,GOOD PHARM - מספרים לעור,,,מספריים לעור GOOD,יח',1.00,יח',false,,10.00,10.0000,true,1,1460510
7290017582092,false,GOOD PHARM - צבת לציפורניים,,,צבת לציפורניים GOOD,יח',1.00,יח',false,,10.00,10.0000,true,1,1460513
7290017582108,false,GOOD PHARM - צבת לעור,,,צבת לעור GOOD,יח',1.00,יח',false,,10.00,10.0000,true,1,1460514
7290017589565,false,"ברקן, גוורצטרמינר לבן חצי יבש 750 מל",יקבי ברקן שיווק והפצ,IL,יין קלאסיק גוורץ 750,יח',1.00,יח',false,,31.80,31.8000,true,1,1444488
7290017589633,false,"רזרב גולד אדישיין קברנה סוביניון 750 מ""ל",יקבי ברקן Barkan,IL,רזרב גולד קברנה סובי,מיליליטרים,750.00,"100 מ""ל",false,,34.90,0.0465,true,1,1444489
7290017595016,false,זוג כוסיות קריסטל + גומי שלהבת,שלהבת,IL,זוג כוסיות קריסטל,יח',1.00,יח',false,,13.90,13.9000,true,1,1464629
7290017595023,false,כוסיות לנרונים עם סיליקון,,,כוסיות לנרונים,יח',1.00,יח',false,,2.90,2.9000,true,1,1464630
7290017595061,false,זוג כוסיות לנרונים 2 יח',,CN,זוג כוסיות לנרות,יח',1.00,יח',false,,4.90,4.9000,true,1,1464633
7290017599250,false,סוכרזית קלאסי 120 שקיות,ביסקול בע''מ,IL,סוכרזית קלאסי 120 שק,גרמים,100.00,100 גרם,false,,15.90,0.1590,true,1,1476789
7290017599267,false,סוכרלוז 120 שקיות ממתיק שולחני,סוכרזית Sucrazit,IL,סוכרזית סוכרלוז 120,גרמים,120.00,100 גרם,false,,24.90,0.2075,true,1,1476790
7290017599274,false,סוכרזית סטיוויה 120 שקיות,ביסקול בע''מ,IL,סוכרזית סטיוויה 120,יחידה,0.00,יחידה,false,,29.90,0.0000,true,1,1484576
7290017617084,false,סטארקיסט מיקס טוגו טונה עם שעועית 185 גרם,דרדנל אונוסטאס גידה,TR,סטארקיסט מיקס טוגו 1,גרמים,185.00,100 גרם,false,,12.90,0.0697,true,1,1451541
7290017617091,false,סטארקיסט מיקס טוגו טונה עם פתיתים 185 גרם,דרדנל אונוסטאס גידה,TR,סטארקיסט מיקס טוגו 1,גרמים,185.00,100 גרם,false,,12.90,0.0697,true,1,1451542
7290017617107,false,סטארקיסט מיקס טוגו טונה עם 4 דגנים 185 גרם,"איטיליאן פוד, אס.פי.",TR,סטארקיסט מיקס טוגו 1,גרמים,185.00,100 גרם,false,,12.90,0.0697,true,1,1451543
7290017617138,false,רביעיית טונה סטארקיסט בשמן קנולה דל נתרן 160 גרם,"סטארקיסט פודור בע""מ",TH,טונה סטארקיסט בשמן ד,גרמים,640.00,100 גרם,false,,24.90,0.0389,true,1,1451544
7290017617183,false,טונה סטארקיסט במים 160 גרם,,,טונה סטארקיסט במים 1,גרמים,112.00,100 גרם,false,,5.90,0.0527,true,1,1451546
7290017617411,false,סטארקיסט מיקס סלמון עם אורז מלא וירקות 160 גרם,גראאל אס איי,PL,סטארקיסט מיקס סלמון,גרמים,160.00,100 גרם,false,,14.90,0.0931,true,1,1451554
7290017637556,false,שמפו לקרקפת שומנית מיקי בוגנים 500 מל,סאסא קוסמטיקס,IL,שמפו לקרקפת שומנית מ,מטרים,500.00,100 מ'ל,false,,23.90,0.0478,true,1,1477324
7290017637563,false,שמפו לתלתלים מושלמים 500 מל מיקי בוגנים,סאסא קוסמטיקס,IL,שמפו לתלתלים מיקי בו,מטרים,500.00,100 מ'ל,false,,23.90,0.0478,true,1,1477325
7290017637570,false,מרכך לתלתלים מושלמים 500 מל מיקי בוגנים,סאסא קוסמטיקס,IL,מרכך לתלתלים מיקי בו,מטרים,500.00,100 מ'ל,false,,23.90,0.0478,true,1,1477326
7290017641119,false,שוקולד פרימיום 85% מריר כרמית 100 גרם,כרמית תעשיות ממתקים בעמ,IL,שוקולד פרימיום 85% כ,גרמים,100.00,100 גרם,false,,7.90,0.0790,true,1,1453292
7290017641188,false,קרקר עם שיפון מלא וסלק כרמית 130 גרם,דנוויטה ג'\יי. אס. סי,LT,קרקר עם שיפון מלא וס,גרמים,130.00,100 גרם,false,,5.90,0.0454,true,1,1453294
7290017641720,false,שוקולד פרימיום 70% שברי שקד כרמית 100 גרם,כרמית תעשיות ממתקים בעמ,IL,שוקולד מריר שברי אגו,גרמים,100.00,100 גרם,false,,7.90,0.0790,true,1,1453318
7290017641737,false,שוקולד פרימיום 70% שברי אגוז כרמית 100 גרם,כרמית תעשיות ממתקים בעמ,IL,שוקולד 70% שברי אגוז,גרמים,100.00,100 גרם,false,,7.90,0.0790,true,1,1453319
7290017641751,false,מרשמלו ורוד לבן 180ג רמילוי,,,מרשמלו ורוד לבן 180ג,גרמים,180.00,100 גרם,false,,4.90,0.0272,true,1,1462816
7290017641768,false,מרשמלו מסובב ורוד לבן 180ג רמילוי,,,מרשמלו מסובב ורוד לב,גרמים,180.00,100 גרם,false,,4.90,0.0272,true,1,1462817
7290017641775,false,מרשמלו צבעוני 180ג רמילוי,,,מרשמלו צבעוני 180ג ר,גרמים,180.00,100 גרם,false,,4.90,0.0272,true,1,1462818
7290017641997,false,"שוקולד מריר עם שברי אגוזי לוז פרימיום 70% לל""ס כרמית","כרמית תעשיות ממתקים בע""\",IL,שוקולד מריר מעולה 70,יח',1.00,יח',false,,7.50,7.5000,true,1,1453329
7290017647722,false,"רמת הגולן גמלא בלאנקו, 750 מ""ל י יקב רמת הגולן",יקבי רמת הגולן,IL,גמלא בלאנקו לבן יבש,מטרים,750.00,100 מ'ל,false,,64.90,0.0865,true,1,1462527
7290017677804,false,"רוטב סויה קיקומן ללא חומרים משמרים 444 מ""ל",קיקומן פודז אינק,US,"רוטב סויה 444 מ""ל קי",מיליליטרים,444.00,"100 מ""ל",false,,19.80,0.0446,true,1,1451558
7290017677811,false,"רוטב סויה קיקומן ללא חומרים משמרים 296 מ""ל",קיקומן פודז אינק,NL,"רוטב סויה 296 מ""ל קי",מיליליטרים,296.00,"100 מ""ל",false,,12.90,0.0436,true,1,1451559
7290017712154,false,פרמיו מזון מלא פאוץ עם עוף בג'לי 85 גר,,,פרמיו מזון מלא פאוץ,יח',1.00,יח',false,,4.00,4.0000,true,1,1469974
7290017712215,false,פרמיו שימורי מזון מל,,,פרמיו עוף לחתול 100,יח',1.00,יח',false,,4.90,4.9000,true,1,1469980
7290017712284,false,חטיף פרמיו 150ג בקביקיו,לנגי,CN,חטיף פרמיו 150ג בקבי,גרמים,150.00,100 גרם,false,,9.90,0.0660,true,1,1469986
7290017712291,false,חטיף פרמיו 150ג מעושן,,,חטיף פרמיו 150ג מעוש,גרמים,150.00,100 גרם,false,,9.90,0.0660,true,1,1469987
7290017712307,false,חטיף פרמיו 150ג מיני,לנגי,CN,חטיף פרמיו 150ג מיני,גרמים,150.00,100 גרם,false,,9.90,0.0660,true,1,1469988
7290017712659,false,הוריזן עוף לגור כלבים ננסי 100 גר,הורייזן Horizon,DE,הוריזן עוף לגור כלבי,יח',1.00,יח',false,,4.90,4.9000,true,1,1470001
7290017712758,false,פרמיו סלמון לחתול,פרמיו Premio,FR,פרמיו סלמון 100 ג',יח',1.00,יח',false,,4.90,4.9000,true,1,1470011
7290017715315,false,זית צלוי על הגריל 740 גר,מסנוי גידה רעהס,TR,זית צלוי על הגריל 74,גרמים,740.00,100 גרם,false,,23.90,0.0323,true,1,1444212
7290017715346,false,זית שחור טאסוס 400 גרם,מסנוי גידה רעהס,TR,זית שחור טאסוס 400גר,גרמים,400.00,100 גרם,false,,14.90,0.0373,true,1,1444213
7290017752709,false,אטריות אורז דקות 454ג רמילוי,,,אטריות אורז דקות 454,גרמים,454.00,100 גרם,false,,10.50,0.0231,true,1,1469258
7290017812052,false,יין שיראז-קברנה סוביניון אקסלנס יקבי כרמל,יקבי כרמל Carmel Winery,IL,יין שיראז-קברנה סובי,מיליליטרים,750.00,"100 מ""ל",false,,21.80,0.0291,true,1,1453453
7290017812083,false,מיץ תירוש אדום רמי לוי 1 לי,,,מיץ תירוש אדום רמי ל,ליטרים,1.00,ליטר,false,,12.90,12.9000,true,1,1468491
7290017812090,false,מיץ תירוש לבן רמי לוי 1 לי,,,מיץ תירוש לבן רמי לו,ליטרים,1.00,ליטר,false,,12.90,12.9000,true,1,1468492
7290017812373,false,יין שרדונה לבן יבש פרייבט קולקשן - בקבוק אישי,יקבי כרמל Carmel Winery,IL,שרדונה 375מל P.C,מיליליטרים,375.00,"100 מ""ל",false,,19.90,0.0531,true,1,1453455
7290017812571,false,מיץ ענבים תירוש אדום 100% טבעי כרמל 1 ליטר,יקבי כרמל Carmel Winery,IL,מיץ ענבים אדום 100%,ליטרים,1.00,ליטר,false,,19.90,19.9000,true,1,1453456
7290017812588,false,מיץ ענבים תירוש לבן 100% טבעי כרמל 1 ליטר,יקבי כרמל Carmel Winery,IL,מיץ ענבים לבן 100% ט,ליטרים,1.00,ליטר,false,,19.90,19.9000,true,1,1453457
7290017812861,false,יין וינו לבן יקבי כרמל,כרמל מזרחי,IL,יין וינו לבן יקבי כר,מיליליטרים,750.00,"100 מ""ל",false,,17.80,0.0237,true,1,1453463
7290017812878,false,"אקסלנס וזה -קברנה סוביניון כרמל 750 מ""ל",קריות זול,IL,יין אקסלנס רוזה יקבי,מיליליטרים,750.00,"100 מ""ל",false,,21.80,0.0291,true,1,1453464
7290017812885,false,יין קברנה סוביניון בלאן גוורצטרמינר,אגודת הכורמים א.ת אל,IL,P.C סוביניון גוורצטר,מיליליטרים,750.00,"100 מ""ל",false,,38.90,0.0519,true,1,1453465
7290017812977,false,"יין קריניאנו סלקטדאננס באז כרמל 750 מ""ל",כרמל מזרחי,IL,באזז אננס 750מל,מיליליטרים,750.00,"100 מ""ל",false,,26.90,0.0359,true,1,1453466
7290017816111,false,פתי בר מקןר הכוסמין 220 גרם,אפיפית הדר,IL,פתי בר כוסמין 220 גר,גרמים,220.00,100 גרם,false,,11.90,0.0541,true,1,1442814
7290017864259,false,בזיליקום 100ג רמי לוי,,,בזיליקום 100ג רמי לו,גרמים,100.00,גרם,false,,8.90,0.0890,true,1,1460867
7290017864341,false,תפוא למיקרו רמי לוי,,,תפוא למיקרו רמי לוי,גרמים,700.00,100 גרם,false,,6.90,0.0099,true,1,1460868
7290017864358,false,נענע ארוז רמי לוי,,,נענע ארוז רמי לוי,יח',1.00,יח',false,,3.90,3.9000,true,1,1460869
7290017864365,false,פטרוזליה ארוז רמי לוי,,,פטרוזליה ארוז רמי לו,יח',1.00,יח',false,,3.90,3.9000,true,1,1460870
7290017864372,false,שמיר ארוז רמי לוי,,,שמיר ארוז רמי לוי,יח',1.00,יח',false,,3.90,3.9000,true,1,1460871
7290017864389,false,כוסברה ארוז רמי לוי,,,כוסברה ארוז רמי לוי,יח',1.00,יח',false,,3.90,3.9000,true,1,1460872
7290017864396,false,סלרי ארוז רמי לוי,,,סלרי ארוז רמי לוי,יח',1.00,יח',false,,5.90,5.9000,true,1,1460873
7290017864402,false,עלי מנגולד ארוז רמי לוי,,,עלי מנגולד ארוז רמי,יח',1.00,יח',false,,5.90,5.9000,true,1,1460874
7290017864419,false,שורש פטרוזיליה ארוז,,,שורש ארוז רמי לוי,יח',1.00,יח',false,,5.90,5.9000,true,1,1460875
7290017864426,false,בצל ירוק ארוז רמי לוי,,,בצל ירוק ארוז רמי לו,יח',1.00,יח',false,,5.90,5.9000,true,1,1460876
7290017864433,false,כרוב סיני ארוז,,,כרוב סיני ארוז,יח',1.00,יח',false,,6.90,6.9000,true,1,1460877
7290017864457,false,סלרי ראש רמי לוי,,,סלרי ראש רמי לוי,יח',1.00,יח',false,,5.90,5.9000,true,1,1460878
7290017864464,false,לוף פרסה ארוז רמי לוי,,,לוף פרסה ארוז רמי לו,יח',1.00,יח',false,,7.90,7.9000,true,1,1460879
7290017864471,false,עלי בייבי 250ג רמי לוי,,,עלי בייבי 250ג רמי ל,גרמים,250.00,100 גרם,false,,13.90,0.0556,true,1,1460880
7290017864549,false,עלי רוקולה 250ג רמי לוי,,,עלי רוקולה 250ג רמי,גרמים,250.00,100 גרם,false,,13.90,0.0556,true,1,1460885
7290017864556,false,בייבי תרד 250ג רמי לוי,,,בייבי תרד 250ג רמי ל,גרמים,250.00,100 גרם,false,,13.90,0.0556,true,1,1460886
7290017871448,false,טוסו חטיף תמרים וקשיו ללא גלוטן וללא תוספת סוכר,תות תעשיות מזון (2014) ב,IL,חטיף תמרים וקשיו,גרמים,140.00,100 גרם,false,,14.70,0.1050,true,1,1458030
7290017871462,false,טוסו חטיף פצפוצי אורז מצופה שוקולד מריר ללא תוספת סוכר,תות תעשיות מזון (2014) ב,IL,חטיף פצפוצי אורז מצו,גרמים,105.00,100 גרם,false,,14.70,0.1400,true,1,1458032
7290017871707,false,חטיף פיצפוצי אורז וקוקוס מצופה שוקולד מריר ללא תוספת סוכר,תות תעשיות מזון (2014) ב,IL,חטיף פצפוצי אורז וקו,גרמים,105.00,100 גרם,false,,14.70,0.1400,true,1,1458034
7290017871936,false,"טוסו גרנולה אגוזים וגרעינים ללת""ס 300גר","אפקטבעי בע""\מ",IL,טוסו גרנולה אגוזים ו,גרמים,300.00,100 גרם,false,,19.90,0.0663,true,1,1458038
7290017871950,false,פרשוואנס נייר טואלט לח מתכלה בניחוח לוונדר מארז שלישייה,עלבד משואות יצחק,IL,פרש וואנס נייר טואלט,יח',1.00,יח',false,,12.90,12.9000,true,1,1458040
7290017871974,false,טוסו אבקת ג'לי טעם תות 30גרם,אשבל מזון פונקציונלי בע\,IL,טוסו אבקת ג'לי טעם ת,גרמים,30.00,100 גרם,false,,8.90,0.2967,true,1,1458042
7290017872018,false,"פרש וואנס קרם החתלה קמומיל וקלנדולה 100 סמ""ק",גונסון,IL,קרם החתלה פרש וואנס,יח',1.00,יח',false,,12.50,12.5000,true,1,1458046
7290017872186,false,טוסו - עוגיות פקאן ללא סוכר 200 גרם,"הגביע מוצרי וופלים בע""\מ",IL,טוסו עוגיות פקאן 200,גרמים,200.00,100 גרם,false,,13.90,0.0695,true,1,1458056
7290017872216,false,מגע המשי הדבש שעווה למיקרו 500ג'-חדש,"ש. שוורץ )באר שבע( בע""\מ",IL,מגע המשי הדבש שעווה,גרמים,500.00,100 גרם,false,,19.50,0.0390,true,1,1458059
7290017872865,false,בייביביס חטיפי דגנים אפויים לתינוקות בטעם גזר ועגבנייה,טאטא גלובל בוורג'ס,IL,בייביביס חטיף אפוי ט,גרמים,40.00,100 גרם,false,,12.50,0.3125,true,1,1458068
7290017872872,false,בייביביס חטיפי דגנים אפויים לתינוקות בטעם גזר וסלק,טאטא גלובל בוורג'ס,IL,בייביביס חטיף אפוי ט,גרמים,40.00,100 גרם,false,,12.50,0.3125,true,1,1458069
7290017873176,false,"סבון ידיים מועשר בשמן אבוקדו 500 מ""ל יהלום",טאהא,TR,פמילי סבון ידיים מוע,מטרים,500.00,100 מ'ל,false,,9.90,0.0198,true,1,1458078
7290017873183,false,"סבון ידיים בניחות אשכולית אדומה 500 מ""ל יהלום",,TR,פמילי סבון ידיים בני,מטרים,500.00,100 מ'ל,false,,9.90,0.0198,true,1,1458079
7290017873367,false,"קרם ידיים ויטליטי לכל סוגי העור 100 מ""ל פנג'ל","דנלוג אינטרקוסמא בע""\מ",IL,קרם ידיים פנג'ל 100,מטרים,100.00,100 מ'ל,false,,11.90,0.1190,true,1,1508996
7290017888019,false,"משקה תפוח רימון סלק גינגיר פרות &ווג 350 מ""ל",מיוצר עי קונדיטוריית,IL,פרוט אנד ג'י תפוח סל,מיליליטרים,350.00,"100 מ""ל",false,,6.90,0.0197,true,1,1447505
7290017888026,false,"משקה אננס תפוח גזר פרות & ווג 350 מ""ל",פרוט אנד וג' Fruit & Veg,IL,פרוט אנד ג'י אננס תפ,מיליליטרים,350.00,"100 מ""ל",false,,6.90,0.0197,true,1,1447506
7290017888033,false,"משקה בננה מלון נענע פרות &ווג 350 מ""ל",פרוט אנד וג' Fruit & Veg,IL,פרוט אנד ג'י בננה מל,מיליליטרים,350.00,"100 מ""ל",false,,6.90,0.0197,true,1,1447507
7290017888644,false,"משקה אננס בננה כורכום פרות & ווג 350 מ""ל",פרוט אנד וג' Fruit & Veg,IL,פרוט אנד ג'י אננס בנ,מיליליטרים,350.00,"100 מ""ל",false,,6.90,0.0197,true,1,1447510
7290017888729,false,שוופס סודה בקבוק 1 ל',"יפאורה תבורי בע""\מ",IL,סודה 1 לי,יח',1.00,יח',false,,3.90,3.9000,true,1,1447514
7290017894126,false,פוזילי טריקולור דגש 400 גרם,אנדריאני,IL,פוזילי טריקולור 400,גרמים,400.00,100 גרם,false,,9.90,0.0248,true,1,1441487
7290017917283,false,"מגבוני קמיל בלו ד""ר פישר ללא בישום רביעי",פישר מעבדות פרמצבטיות,IL,רביעיית מגבוני קמיל,יח',1.00,יח',false,,19.90,19.9000,true,1,1457126
7290017917450,false,קמיל בלו סנסיטיב אל סבון ושמפו לתינוק קמומיל ואלוורה,פישר מעבדות פרמצבטיות בע,IL,קמיל בלו אל סבון סנס,יח',1.00,יח',false,,32.80,32.8000,true,1,1457132
7290017917559,false,ד.פישר בלונד מסכת הזנה לשיער בהיר 300 מל,מדי פישר,IL,"ד""ר פישר מסכה בלונד",יח',1.00,יח',false,,39.90,39.9000,true,1,1457135
7290017917757,false,"ד""ר פישר EFFECTIVE CARE קרם גוף בשמן כותנה 450 מ""ל",פישר מעבדות פרמצבטיות בע,IL,קרם גוף אפקטיב קר שמ,מיליליטרים,450.00,"100 מ""ל",false,,24.90,0.0553,true,1,1457144
7290017928081,false,מקלות כעכים עם מלח רמילוי,,,מקלות כעכים עם מלח ר,גרמים,200.00,100 גרם,false,,5.90,0.0295,true,1,1471933
7290017928098,false,שטוחלה מלח מאיר בייגל 330 גרם,מאיר את בייגל,IL,מאיר בייגל שטוח מלח,גרמים,330.00,100 גרם,false,,11.90,0.0361,true,1,1471910
7290017928227,false,"בייגלה שטוח'לה פינוקים שומשום, קצח, שום ובצל",מאיר את בייגל,IL,מאיר בייגל שטוחלה פי,גרמים,300.00,100 גרם,false,,10.90,0.0363,true,1,1471913
7290017928289,false,שמיניות כעכים עם מלח רמילוי,,,שמיניות כעכים עם מלח,גרמים,200.00,100 גרם,false,,5.90,0.0295,true,1,1471934
7290017928487,false,כעכים גדולים עם מלח רמילוי,,,כעכים גדולים עם מלח,גרמים,200.00,100 גרם,false,,5.90,0.0295,true,1,1471935
7290017928616,false,מאיר בייגל שטוחהלה שומשום 300 גר',מאיר את בייגל,IL,מאיר בייגל שטוחלה שו,גרמים,330.00,100 גרם,false,,10.90,0.0330,true,1,1471922
7290017928685,false,בייגלה שמיניות מלוח מאיר בייגל 400 גרם.,מאיר את בייגל,IL,מאיר בייגל שמיניות מ,גרמים,400.00,100 גרם,false,,11.90,0.0298,true,1,1471925
7290017928807,false,בייגלה אצבעות שומשום מאיר בייגל 300 גרם,מאיר את בייגל,IL,מאיר בייגל אצבעות שו,גרמים,300.00,100 גרם,false,,10.90,0.0363,true,1,1471928
7290017928821,false,מקלות גריסיני קלאסי מאיר בייגל 200 גרם,מאיר את בייגל,IL,מאיר בייגל מקלות גרי,גרמים,200.00,100 גרם,false,,11.90,0.0595,true,1,1471929
7290017938264,false,"חומוס בתוספת רוטב פיקנטי, 200 גרם","סלטי שמיר 2006 בע""\מ",IL,חומוס עם חריף 200 גר,100 יח,200.00,100 יח,false,,7.90,0.0395,true,1,1517105
7290017941073,false,סוכר לבן פולסקי 1קג,פולסקי,PL,סוכר לבן פולסקי 1קג,יח',1.00,יח',false,,3.90,3.9000,true,1,1470518
7290017946368,false,שלישיית כדוריות סבון לאסלה אוקיינוס סוד 50 גרם,הנקל סוד,RS,סוד כדוריות לאסלה או,יח',1.00,יח',false,,16.90,16.9000,true,1,1458635
7290017946542,false,סוד - מרכך כביסה מרוכז ורוד 1.80 ליטר,סוד,,סוד מרכך כביסה מרוכז,יח',1.00,יח',false,,17.90,17.9000,true,1,1458638
7290017946979,false,פרסיל ג'ל כביסה נטרול ריחות לא נעימים 2.4 ליטר,"הנקל סוד בע""\מ",IL,פרסיל ג'ל לניקיון הי,יח',1.00,יח',false,,34.50,34.5000,true,1,1458643
7290017947105,false,לחם אנג'ל בסגנון אמריקה 500 גרם,מאפיית שלמה א. אנג'\ל בע,IL,לחם סגנון אמריקה,גרמים,500.00,100 גרם,false,,14.90,0.0298,true,1,1444647
7290017947457,false,חלה קלועה כוסמין אנג'ל ארוזה 500 גרם,מאפיית שלמה א.אנג'ל,IL,חלה קלועה כוסמין 500,גרמים,500.00,100 גרם,false,,16.90,0.0338,true,1,1444657
7290017947464,false,שמיניית פיתות כוסמין אנג'ל 8*50 גרם,מאפיית שלמה א.אנג'\ל בע\,IL,אנגל פיתות כוסמין 8י,גרמים,400.00,100 גרם,false,,15.90,0.0398,true,1,1444658
7290017947495,false,6 לחמניות כוסמין 450 גרם אנג'ל,מאפיית שלמה א.אנג'\ל,IL,לחמניות כוסמין 6 יח,גרמים,450.00,100 גרם,false,,14.90,0.0331,true,1,1444661
7290017947891,false,לחם אנג'ל כוסמין וחיטה מלאה 750 גרם,מאפיית שלמה א. אנג'\ל בע,IL,לחם כוסמין וחיטה מלא,גרמים,750.00,100 גרם,false,,16.90,0.0225,true,1,1444663
7290017947921,false,לחמניות המבורגר בסגנון אמריקאי מארז 6 יח',מאפיית שלמה א. אנג'\ל בע,IL,שישיית לחמניות המבור,גרמים,450.00,100 גרם,false,,14.90,0.0331,true,1,1444665
7290017947938,false,מיני לחמניות המבורגר בסגנון אמריקה 400 ג' אנג'ל,מאפיית שלמה א. אנג'\ל בע,IL,לחמניות המבורגר 8יח,יח',1.00,יח',false,,14.90,14.9000,true,1,1444666
7290017978215,false,"קרמבו מוקה ""ריאו"" 16 יחידות","גלידות ריאו ביח""ר לג",IL,קרמבו ריאו מוקה 16 י,יח',1.00,יח',false,,21.70,21.7000,true,1,1455065
7290017978857,false,מאגדת שלגונים בטעם וניל קראנצי 6*80 ג' ריאו,"ריאו ביח""\ר לגלידה וממת",IL,מאגדת 6 קראנצי וניל,גרמים,480.00,100 גרם,false,,18.70,0.0390,true,1,1455069
7290018023013,false,זית סורי שבור סבא חביב 215 גרם,,IL,סבא חביב זית סורי מב,גרמים,215.00,100 גרם,false,,9.70,0.0451,true,1,1456613
7290018023044,false,זיתים לימון כבוש סבא חביב 215 גרם,,IL,סבא חביב זיתים לימון,גרמים,215.00,100 גרם,false,,9.70,0.0451,true,1,1456616
7290018043189,false,פראוד - חטיף חלבון בטעם קשיו קרמל 60 גרם,מרס נדרלנד,NL,שוקולד וקשיו קרמל,יח',1.00,יח',false,,13.90,13.9000,true,1,1460524
7290018043196,false,פראוד - חטיף חלבון בטעם שוקולד לבן עוגיות 60 גרם,הרת'סייד פוד סולושיי,NL,שוקולד לבן עוגיות,יח',1.00,יח',false,,13.90,13.9000,true,1,1460525
7290018043844,false,חטיף חלבון בוטנים קרמל קראנץ 60 ג' פראוד,פראוד PROUD,NL,פראוד חטיף חלבון קרמ,יח',1.00,יח',false,,12.90,12.9000,true,1,1460528
7290018045084,false,BON&BON דגנים במילוי קרם בטעם בראוניז 480 גרם,monday,DE,דגנים במילוי קרם ברא,גרמים,480.00,100 גרם,false,,22.80,0.0475,true,1,1456907
7290018045312,false,זוג ספוגי ניקוי סקראב דדי,,,ליפה סקראב דאדי,יחידה,0.00,יחידה,false,,17.70,0.0000,true,1,1513104
7290018045497,false,בון בון דגנים במילוי קרם שוקולד 480 גרם,monday,DE,דגנים במילוי קרם שוק,גרמים,480.00,100 גרם,false,,22.80,0.0475,true,1,1456909
7290018045695,false,BON&BON דגנים במילוי קרם קרמל מלוח 480 גרם,monday,DE,דגנים במילוי קרם קרמ,גרמים,480.00,100 גרם,false,,22.80,0.0475,true,1,1456912
7290018045893,false,בון בון דגנים במילוי קרם נוגט 480 גרם,monday,DE,דגנים במילוי קרם נוג,גרמים,480.00,100 גרם,false,,22.80,0.0475,true,1,1456913
7290018091029,false,מקלות פילו תפוחי אדמה מעדנות 450 ג',תנובה מעדנות,IL,"מקלות פילו תפו""א 450",גרמים,450.00,100 גרם,false,,14.90,0.0331,true,1,1443284
7290018091074,false,בצק עוגיות שוקולד צ'יפס 300 גרם מעדנות,תנובה מעדנות,IL,בצק עוגיות טריפל שוק,גרמים,300.00,100 גרם,false,,14.90,0.0497,true,1,1491792
7290018091272,false,בצק עוגיות קקאו טריפל שוקולד צ'יפס 300 גרם מעדנות,תנובה מעדנות,IL,בצק עוגיות קקאו טריפ,גרמים,300.00,100 גרם,false,,14.90,0.0497,true,1,1491793
7290018091616,false,מקלות פילו גבינה מעדנות 450 גרם,מיוצר עי קונדיטוריית,IL,מקלות פילו וגבינה,גרמים,450.00,100 גרם,false,,14.90,0.0331,true,1,1443292
7290018091876,false,"מאפה פילו גבינה, 320 גרם מעדנות","מעדנות בע""\מ",IL,מעדנות מאפה פילו גבי,גרמים,320.00,100 גרם,false,,19.90,0.0622,true,1,1476700
7290018098080,false,פיצה משפחתית מרגריטה 500 גר,,,פיצה משפחתית מרגריטה,גרמים,500.00,100 גרם,false,,9.90,0.0198,true,1,1441626
7290018098301,false,מיקס תות בננה קפוא 350 גר' רובין,,IL,מיקס תות בננה 300 גר,גרמים,300.00,100 גרם,false,,14.90,0.0497,true,1,1483236
7290018098509,false,מרק שעועית 500גר,,,מרק שעועית 500גר,גרמים,500.00,100 גרם,false,,9.90,0.0198,true,1,1519188
7290018098516,false,מרק אפונה 500 גר,,,מרק אפונה 500 גר,גרמים,500.00,100 גרם,false,,9.90,0.0198,true,1,1519189
7290018098578,false,המבורגר טבעוני ביף פ,"אופק מן הטבע בע""\מ",IL,המבורגר 230ג מן הטבע,גרמים,230.00,100 גרם,false,,21.90,0.0952,true,1,1442821
7290018098615,false,מרק מיניסטרונה 500 גר,,,מרק מיניסטרונה 500 ג,גרמים,500.00,100 גרם,false,,9.90,0.0198,true,1,1519190
7290018098622,false,פיצה ביס אישית 10 יחידות,"אופק מן הטבע בע""מ",IL,מרק ירקות 500 גר,גרמים,500.00,100 גרם,false,,9.90,0.0198,true,1,1519191
7290018098837,false,פיצה ביס אישית 70גרם.,,,פיצה ביס 70 ג,יח',1.00,יח',false,,2.90,2.9000,true,1,1441633
7290018132388,false,"מטרנה גולד בד""ץ שלב 2 700 גרם",מטרנה תעשיות ש.מ.,IL,"מטרנה גולד בד""צ שלב",גרמים,700.00,100 גרם,false,,67.50,0.0964,true,1,1476846
7290018165010,false,"יין רזרב GOLD EDITION גווצטרמינר ברקן 750 מ""ל",יקבי ברקן שיווק והפצה בע,IL,רזרב גולד גוורצטרמינ,מיליליטרים,750.00,"100 מ""ל",false,,34.90,0.0465,true,1,1444490
7290018165027,false,"יין רזרב GOLD EDITION רוזה ברקן 750 מ""ל",יקבי ברקן שיווק והפצה בע,IL,רזרב גולד רוזה 750 מ,מיליליטרים,750.00,"100 מ""ל",false,,34.90,0.0465,true,1,1444491
7290018165447,false,"יין רזרב GOLD מרלו ברקן 750 מ""ל",יקבי ברקן שיווק והפצה בע,IL,רזרב גולד מרלו 750 מ,מיליליטרים,750.00,"100 מ""ל",false,,34.90,0.0465,true,1,1444492
7290018192658,false,מארז זוג פטריות פורטובלה ושמפיניון מרינה,"מרינה פטריות הגליל בע""מ",IL,צמד פטריות איטלקי מר,יח',1.00,יח',false,,15.90,15.9000,true,1,1456734
7290018195048,false,"חתיכות אננס בסירופ קל טעמן, 850 גרם",פ.ת גרייט פנאפל,TH,טעמן אננס חתוך בסירו,גרמים,850.00,100 גרם,false,,10.90,0.0128,true,1,1446226
7290018195352,false,רמי לוי - נתחי טובה בהירה בשמן צמחי רביעייה,,,נתחי טונה בהירה בשמן,גרמים,158.00,100 גרם,false,,19.90,0.1259,true,1,1461331
7290018195376,false,נתחי טונה בהירה במי מלח רמילוי,,,נתחי טונה בהירה במי,גרמים,158.00,100 גרם,false,,19.90,0.1259,true,1,1461332
7290018195802,false,"פילה מקרל בשמן קנולה בד""ץ טעמן",,,פילה מקרל בשמן קנולה,יח',1.00,יח',false,,8.50,8.5000,true,1,1446236
7290018195819,false,"פילה מקרל בשמן קנולה ופלפל חריף בד""ץ טעמן",,,פילה מקרל בשמן קנולה,יח',1.00,יח',false,,8.50,8.5000,true,1,1446237
7290018195826,false,פילה סרדין בשמן קנולה טעמן,,,פילה סרדין בשמן קנול,יח',1.00,יח',false,,8.50,8.5000,true,1,1446238
7290018195970,false,קקאו 500גר רמילוי,,,קקאו 500גר רמילוי,גרמים,500.00,100 גרם,false,,12.90,0.0258,true,1,1461333
7290018198056,false,תפוגן קוביות תפוחי אדמה 9*1.5קג,עיצובים 2020 (4.5),IL,תפוגן קוביות תפוא 1.,קילוגרמים,1.50,"ק""ג",false,,24.90,16.6000,true,1,1446649
7290018237373,false,עוף טוב פסטרמה צרובה על הגריל נתח שלם 8*300 גרם,מוצרי עוף טוב (2001) בע\,IL,עוף טוב פסטרמה צרובה,גרמים,300.00,100 גרם,false,,26.80,0.0893,true,1,1446664
7290018237410,false,עוף טוב פסטרמה במעשנה נתח שלם 8*300 גרם,מוצרי עוף טוב (2001) בע\,IL,עוף טוב פסטרמה במעשנ,גרמים,300.00,100 גרם,false,,26.80,0.0893,true,1,1446666
7290018237489,false,פסטרמה ברביקיו דק דק עוף טוב 200 גרם,"עוף טוב (שאן) בע""מ",IL,פסטרמה ברביקיו דק-דק,גרמים,220.00,100 גרם,false,,19.90,0.0905,true,1,1446669
7290018237496,false,פסטרמה בדבש דק דק עוף טוב 200 גרם,"עוף טוב (שאן) בע""מ",IL,פסטרמה בדבש דקדק 220,גרמים,220.00,100 גרם,false,,19.90,0.0905,true,1,1446670
7290018237922,false,שניצלונים ציפוי צ'יפס עוף טוב 700 גרם,מוצרי עוף טוב (2001) בע\,IL,שניצלונים בציפוי ציפ,גרמים,700.00,100 גרם,false,,13.90,0.0199,true,1,1446675
7290018249000,false,אבקת פודינג וניל חסכון סוויטאנגו 400 ג',,,סוויטאנגו פודינג וני,גרמים,400.00,100 גרם,false,,49.90,0.1247,true,1,1466022
7290018249055,false,"סוויטנגו כמו סוכר באריזה אישי, 300 גרם",,,ממתיק סוויטנגו 2,גרמים,300.00,100 גרם,false,,32.90,0.1097,true,1,1466023
7290018249123,false,אינסטנט פודינג סוויטאנגו בטעם וניל,מתבל תעשיות מזון,IL,פודינג וניל סוויטנגו,יח',1.00,יח',false,,11.90,11.9000,true,1,1466024
7290018249154,false,ממרח קקאו עם אגוזי לוז 350 גר,"אחדות ביח""ר לטחינה ח",IL,ממרח קקאו עם אגוזי ל,גרמים,400.00,100 גרם,false,,32.90,0.0822,true,1,1477437
7290018249444,false,אבקת ממתיק סוכר שוקו סוויטאנגו 400 גר,מתבל תעשיות מזון,IL,סוויטאנגו שוקו 400 ג,גרמים,400.00,100 גרם,false,,38.90,0.0972,true,1,1466027
7290018249802,false,ממתיק סוויטאנגו צנצנת 280 גרם,מתבל תעשיות מזון,IL,ממתיק סוויטנגו,גרמים,280.00,100 גרם,false,,26.90,0.0961,true,1,1466029
7290018282007,false,שמפו+ג'ל רחצה+סבון לגבר 750 מל,,,שמפו+ג'ל רחצה+סבון ל,גרמים,750.00,100 גרם,false,,8.50,0.0113,true,1,1459168
7290018282021,false,נועה שמפו לסירוק קל לילדים 750מל,,,נועה שמפו לסירוק קל,מיליליטרים,750.00,"100 מ""ל",false,,8.90,0.0119,true,1,1459169
7290018282205,false,רביעיית מגבונים 72 יחידות,,,רביעיית מגבונים 72 י,יח',1.00,יח',false,,10.90,10.9000,true,1,1466574
7290018282212,false,רביעיית מגבונים 72 יחידות,,,רביעיית מגבונים 72 י,יח',1.00,יח',false,,10.90,10.9000,true,1,1466575
7290018282250,false,מגבונים להסרת איפור מארז שלישייה,,,מגבונים להסרת איפור,יח',1.00,יח',false,,10.90,10.9000,true,1,1459170
7290018282410,false,נועה מרכך לסירוק קל לילדים 750מל,,,נועה מרכך לסירוק קל,מיליליטרים,750.00,"100 מ""ל",false,,8.90,0.0119,true,1,1459171
7290018282632,false,תחליב רחצה נועה לילדים 750 מל רמי לוי,,,תחליב רחצה נועה לילד,מיליליטרים,750.00,"100 מ""ל",false,,8.50,0.0113,true,1,1459174
7290018294192,false,"יין בלנד היינן אדום יבש 750 מ""ל p.c",כרמל מזרחי,IL,פרייבט קולקשין בלנד,מטרים,700.00,100 מ'ל,false,,39.90,0.0570,true,1,1453468
7290018294208,false,"סלקטדאדום ישראלי יבש כרמל 750 מ""ל","כד בני דרום בע""מ",IL,סלקטד אדום ישראלי 75,מיליליטרים,750.00,"100 מ""ל",false,,29.90,0.0399,true,1,1453469
7290018294369,false,"מיץ ענבים תירוש כרמל 700 מ""ל",יקבי כרמל Carmel Winery,IL,מיץ ענבים תירוש כרמל,מיליליטרים,700.00,"100 מ""ל",false,,13.90,0.0199,true,1,1479145
7290018294895,false,"יין מונלייט מוסקטו ורוד מבעבע 750 מ""ל",יקבי כרמל Carmel Winery,IL,יין מונלייט לבן חצי,מטרים,750.00,100 מ'ל,false,,33.90,0.0452,true,1,1477052
7290018294918,false,מונלייט מוסקטו רוזה מתוק מבעבע 750מל,יקבי כרמל Carmel Winery,IL,יין מונלייט מוסקטו ו,מטרים,750.00,100 מ'ל,false,,33.90,0.0452,true,1,1477054
7290018296042,false,לחם טוסט אמריקה אגמי,מאפיית אגמי,IL,לחם טוסט אמריקה 500,גרמים,500.00,100 גרם,false,,12.90,0.0258,true,1,1458413
7290018296226,false,לחמניות לילדים 8 באריזה רמילוי,,,לחמניות לילדים 8 באר,יח',1.00,יח',false,,9.90,9.9000,true,1,1471473
7290018296257,false,לחם בריאות ושובע שיבולת שועל 550 גר,מאפיית אגמי,IL,לחם בריאות ושובע שיב,גרמים,550.00,100 גרם,false,,15.70,0.0285,true,1,1458415
7290018296424,false,לחם מרובע רמי לוי,,,לחם מרובע רמי לוי,יח',1.00,יח',false,,13.90,13.9000,true,1,1471474
7290018296455,false,לחם דגנים קל מרובע חלי ממן 750גר,מאפיית אגמי,IL,לחם דגנים קל מרובע ח,גרמים,750.00,100 גרם,false,,16.90,0.0225,true,1,1458419
7290018296608,false,לחם בריאות ושובע 9 דגנים קל,מאפיית אגמי,IL,לחם בריאות ושובע 9 ד,גרמים,600.00,100 גרם,false,,13.70,0.0228,true,1,1458420
7290018296615,false,פיתה ביס כוסמין מלא 10יח,"מאפיית אגמי בע""מ",IL,פיתה ביס כוסמין מלא,גרמים,450.00,100 גרם,false,,15.70,0.0349,true,1,1458421
7290018296622,false,לחם חיטה מלאה רמי לוי,,,לחם חיטה מלאה רמי לו,יח',1.00,יח',false,,13.90,13.9000,true,1,1471475
7290018296653,false,לחם אחיד פלוס כוסמין מרובע 700גר,מאפיית אגמי,IL,לחם אחיד פלוס כוסמין,גרמים,700.00,100 גרם,false,,16.90,0.0241,true,1,1458423
7290018296806,false,לחם בריאות ושובע מועשר בסיבים,מאפיית אגמי,IL,לחם בריאות ושובע מוע,גרמים,600.00,100 גרם,false,,13.70,0.0228,true,1,1458424
7290018296813,false,פיתה ביס קלה 10 יח 4,"מאפיית אגמי בע""מ",,פיתה קלה ביס 10 יח,גרמים,450.00,100 גרם,false,,13.70,0.0304,true,1,1458425
7290018296820,false,לחמניות המבורגר אריזה 6יח,,,לחמניות המבורגר אריז,יח',1.00,יח',false,,11.90,11.9000,true,1,1471476
7290018333006,false,"שוקולד מריר עם שברי שקדים פרימיום 70% לל""ס כרמית","כרמית תעשיות ממתקים בע""\",IL,אגו שוקולד מריר מעול,גרמים,100.00,100 גרם,false,,7.50,0.0750,true,1,1453330
7290018333082,false,אגו מיקס קורנפלקס שוקולד חלב ולבן כרמית 55 גרם,"כרמית תעשיות ממתקים בע""\",IL,אגו מיקס קורנפלקס שו,גרמים,55.00,100 גרם,false,,3.90,0.0709,true,1,1501952
7290018333099,false,אגו מיקס קורנפלקס מצופה ש.חלב ולבן 55גר' 24 בקר',"כרמית תעשיות ממתקים בע""\",IL,אגו מיקס קורנפלקס שו,גרמים,55.00,100 גרם,false,,3.90,0.0709,true,1,1501982
7290018333624,false,גרנולפלקס קשיו פירות יבשים500ג כשלפ בית יוסף,,,גרנולפלקס קשיו פירות,גרמים,500.00,100 גרם,false,,19.90,0.0398,true,1,1453350
7290018333648,false,מיצמוץ טרופית קש 18,,,מיצמוץ טרופית קש 18,ליטרים,3.60,ליטר,false,,19.90,5.5278,true,1,1462822
7290018333945,false,חטיף אגוזים רפאלס שקד ווניל בדצ 150 גר *12יח,כרמית תעשיות ממתקים,IL,חטיף אגוזים רפאלס שק,גרמים,150.00,100 גרם,false,,14.90,0.0993,true,1,1453356
7290018333952,false,חטיף אגוזים רפאלס וחמוציות בדצ 150 גר *12יח,כרמית תעשיות ממתקים,IL,חטיף אגוזים רפאלס וח,גרמים,150.00,100 גרם,false,,14.90,0.0993,true,1,1453357
7290018333969,false,חטיף גרנולה רפאלס שקדים וטחינה בדצ 150 גר *12יח,כרמית תעשיות ממתקים,IL,חטיף גרנולה רפאלס שק,גרמים,150.00,100 גרם,false,,14.90,0.0993,true,1,1453358
7290018333976,false,חטיף גרנולה רפאלס קשיו וקוקוס בדצ 150 גר *12יח,כרמית תעשיות ממתקים,IL,חטיף גרנולה רפאלס קש,גרמים,150.00,100 גרם,false,,14.90,0.0993,true,1,1453359
7290018343630,false,ד.פישר אפקטיב קר קרם גוף מועשר חמאת קקאו,פישר מעבדות פרמצבטיות בע,IL,אפקטיב קר קרם גוף חמ,מיליליטרים,450.00,"100 מ""ל",false,,24.90,0.0553,true,1,1457174
7290018359129,false,פולפה עגבניות חתוכות מקולפות דק יכין 690 גרם,אמיליאנה קונסרב,IT,עגבניות פולפה מקולפו,גרמים,690.00,100 גרם,false,,8.90,0.0129,true,1,1452434
7290018359334,false,רכז עגבניות טבעי פריכוז שף יכין 580 גרם,זנלכל,IL,פריכוז שף רוטב עגבני,גרמים,580.00,100 גרם,false,,8.90,0.0153,true,1,1452435
7290018359358,false,שלישית רוטב עגבניות מרוכז מאודפריכוז יכין 200 גרם,זנלכל,IL,שלישיית פריכוז יכין,גרמים,600.00,100 גרם,false,,12.90,0.0215,true,1,1452436
7290018359495,false,תירס מהשדה בלי תוספת סוכר יכין 550 גרם,היינץ צפון אמריקה מק,IL,תירס מהשדה בלי תוספת,גרמים,550.00,100 גרם,false,,8.90,0.0162,true,1,1452442
7290018359518,false,תירס מהשדה בלי תוספת סוכר יכין מארז 200X3 גר',היינץ צפון אמריקה מק,IL,תירס מהשדה מארז 3יח,גרמים,600.00,100 גרם,false,,14.90,0.0248,true,1,1452444
7290018359556,false,תירס מהשדה בלי תוספת סוכר יכין 400 גרם,זנלכל,IL,תירס מהשדה בלי תוספת,גרמים,400.00,100 גרם,false,,6.50,0.0163,true,1,1452445
7290018359570,false,"שלישיית שעועית צ'ילי ""הקטניה הטובה"" יכין",זנלכל,IL,שעועית צ'ילי יכין 3*,גרמים,600.00,100 גרם,false,,13.90,0.0232,true,1,1452446
7290018359662,false,קוביות סלק יכין מארז 3*200 גרם,זנלכל,IL,קוביות סלק יכין 3*20,גרמים,600.00,100 גרם,false,,14.90,0.0248,true,1,1452448
7290018359679,false,הקיסרית-שעועית לימה יכין 550 גרם,קריות זול,IL,שעועית לימה במים יכי,גרמים,550.00,100 גרם,false,,8.90,0.0162,true,1,1452449
7290018359686,false,יכין חומוס גדול 550 גר A2,היינץ צפון אמריקה מק,IL,יכין חומוס גדול 550,גרמים,550.00,100 גרם,false,,8.90,0.0162,true,1,1452450
7290018359853,false,עדשים שחורות יכין 400 גרם,"זנלכל בע""מ",IL,יכין עדשים שחורות 40,גרמים,400.00,100 גרם,false,,6.80,0.0170,true,1,1452452
7290018359860,false,רסק עגבניות ליקופן טבעי יכין 200 גר*2,זנלכל,IL,יכין רסק עגבנ.ליקופן,גרמים,200.00,100 גרם,false,,12.70,0.0635,true,1,1452453
7290018359877,false,רסק עגבניות טבעי מארז שלישייה,זנלכל,IL,יכין רסק עגבניות טבע,גרמים,600.00,100 גרם,false,,12.70,0.0212,true,1,1452454
7290018359938,false,"רוטב עגבניות לשקשוקה יכין, 400 גרם",זנלכל,IL,רוטב עגבניות לשקשוקה,מטרים,400.00,100 מ'ל,false,,11.50,0.0288,true,1,1477027
7290018359945,false,רוטב עגבניות פיקנטי מפלפלים וירקות יכין 400 גרם,זנלכל,IL,יכין חאריפה רוטב פיק,מטרים,400.00,100 מ'ל,false,,11.50,0.0288,true,1,1477028
7290018359952,false,רוטב עגבניות לפסטה יכין 400 גרם,זנלכל,IL,רוטב עגבניות לפסטה י,מטרים,400.00,100 מ'ל,false,,11.50,0.0288,true,1,1477029
7290018359969,false,רוטב עגבניות לפיצה יכין 400 גרם,זנלכל,IL,יכין רוטב עגבניות לפ,מטרים,400.00,100 מ'ל,false,,11.50,0.0288,true,1,1477030
7290018367162,false,דפי אורז 22 סמ 400ג רמילוי,,,דפי אורז 22 סמ 400ג,גרמים,400.00,100 גרם,false,,9.90,0.0248,true,1,1469260
7290018367186,false,קרם קוקוס 400גר רמילוי,,,קרם קוקוס 400גר רמיל,גרמים,400.00,100 גרם,false,,6.90,0.0173,true,1,1469262
7290018367261,false,רוטב טריאקי 700מל רמילוי,,,רוטב טריאקי 700מל רמ,מיליליטרים,700.00,"100 מ""ל",false,,19.90,0.0284,true,1,1469263
7290018367278,false,רוטב צ'ילי חריף 700מל רמילוי,,,רוטב צ'ילי חריף 700מ,מיליליטרים,700.00,"100 מ""ל",false,,14.90,0.0213,true,1,1469264
7290018367292,false,רוטב סויה להקפצה 700מל רמילוי,,,רוטב סויה להקפצה 700,מיליליטרים,700.00,"100 מ""ל",false,,12.90,0.0184,true,1,1469266
7290018371008,false,טורטיה ציפס תירס סגול וצילי אורגני 70 גר,קואקספרה,PE,חטיף טורטיה ציפס אור,גרמים,70.00,100 גרם,false,,14.90,0.2129,true,1,1471559
7290018371015,false,טורטיה ציפס תירס סגול קינואה אורגני 70 ג,קואקספרה,PE,חטיף טורטיה ציפס אור,גרמים,70.00,100 גרם,false,,14.90,0.2129,true,1,1471560
7290018371091,false,בייגלה אורגני מקמח כוסמין ללא מלח 200 גר,השדה מוצרים טבעיים ו,IL,בייגלה אורגני מקמח כ,גרמים,200.00,100 גרם,false,,15.90,0.0795,true,1,1471561
7290018380727,false,דפי בצק פילו עגולים תומר 400 גרם,,TR,דפי בצק פילו עגולים,גרמים,400.00,100 גרם,false,,12.90,0.0323,true,1,1490794
7290018380734,false,דפי בצק פילו משולשים תומר 360 גרם,,TR,דפי בצק פילו משולש,גרמים,360.00,100 גרם,false,,12.90,0.0358,true,1,1490795
7290018380802,false,רגא'מה תבשיל הודי חומוס 300 גרם,,,תבשיל הודי חומוס 300,גרמים,300.00,100 גרם,false,,9.90,0.0330,true,1,1490797
7290018380826,false,רגא'מה תבשיל הודי שעועית אדומה 300 גרם,,,תבשיל הודי שעועית אד,גרמים,300.00,100 גרם,false,,9.90,0.0330,true,1,1490799
7290018380871,false,פטיסון כבוש 670 גרם תומר,Polan polsko francus,MD,פטיסון כבוש שלם 670,גרמים,670.00,100 גרם,false,,12.90,0.0193,true,1,1444220
7290018394021,false,ח.תקוע פטריות מלך היער,חוות פטריות תקוע,CN,פטריות מלך היער,גרמים,160.00,100 גרם,false,,9.90,0.0619,true,1,1458335
7290018394038,false,פטריות שיטאקה מיובשות חוות תקוע 25 גרם,חקלאי,IL,פטריות שיטאקה מיובשו,גרמים,25.00,100 גרם,false,,9.90,0.3960,true,1,1458336
7290018394069,false,ביציי שליו חוות תקוע,,,ביציי שליו חוות תקוע,יח',1.00,יח',false,,14.90,14.9000,true,1,1458337
7290018394083,false,שופ פנינה חוות תקוע 200 גרם,FOODS YOKID QINGADO,IL,שום פנינה טרי,יח',1.00,יח',false,,11.90,11.9000,true,1,1458339
7290018394113,false,דואט פטריות שי-מג'י חוות תקוע,,IL,דואט פטריות שי-מג'י,יח',1.00,יח',false,,19.90,19.9000,true,1,1458340
7290018394144,false,בצלצלי איזי שאלוט חוות תקוע,גורמה,NL,בצלצלי איזי שאלוט חו,גרמים,350.00,100 גרם,false,,8.90,0.0254,true,1,1477247
7290018394151,false,מיקס פטריות אקזוטי חוות תקוע,"פנטה אמפאק בע""מ",IL,מיקס פטריות אקזוטי ח,גרמים,400.00,100 גרם,false,,19.90,0.0497,true,1,1477248
7290018440193,false,פליפז בייגלה בציפוי קרם בטעם חמאת בוטנים מקוויטיס 140 גרם,שוורצקוף& הנקל דיסלד,TR,בייגלה בציפוי קרם חמ,גרמים,140.00,100 גרם,false,,7.90,0.0564,true,1,1451319
7290018440209,false,פליפז בייגלה בציפוי פאדג' לבן מקוויטיס 140 גרם,שוורצקוף& הנקל דיסלד,TR,בייגלה בציפוי פאדג',גרמים,140.00,100 גרם,false,,7.90,0.0564,true,1,1451320
7290018440223,false,תה צ'אי מאסלה סדרת חווית צ'אי,תה ויסוצקי,IL,תה צ'אי מסאלה ויסוצק,יח',1.00,יח',false,,18.90,18.9000,true,1,1451321
7290018440230,false,תה צ'אי ורדים 25 שקיקים ויסוצקי,תה ויסוצקי,IL,תה צ'אי ורדים ויסוצק,יח',1.00,יח',false,,18.90,18.9000,true,1,1451322
7290018440247,false,תה צ'אי שקדים0 25 שקיקים ויסוצקי,תה ויסוצקי,IL,תה צ'אי שקדים ויסוצק,יח',1.00,יח',false,,18.90,18.9000,true,1,1451323
7290018440254,false,תה צ'אי קרמל מלוח 25 שקיקים ויסוצקי,תה ויסוצקי,IL,תה צ'אי קרמל מלוח וי,יח',1.00,יח',false,,18.90,18.9000,true,1,1451324
7290018440384,false,תה ירוק מאטה לימון נענע ויסוצקי 25 יחידות,תה ויסוצקי,IL,תה ירוק מאטה לימון נ,גרמים,37.50,100 גרם,false,,22.90,0.6107,true,1,1451325
7290018440391,false,תה ירוק מאטה נענע גוארנה ויסוצקי 25 יחידות,תה ויסוצקי,IL,תה ירוק מאטה נענע גו,גרמים,37.50,100 גרם,false,,22.90,0.6107,true,1,1451326
7290018440438,false,Calvo טונה בשמן זית פתיחה קלה 3 * 65 גרם,"קאלוו קונסרבס ס.ל.יו. ,",ES,טונה בשמן זית פתיחה,גרמים,195.00,100 גרם,false,,25.80,0.1323,true,1,1481587
7290018440483,false,פליפז בייגלה מצופה בקרמל מלוח ושוקולד מקוויטיס 140 גרם,שוורצקוף& הנקל דיסלד,TR,בייגלה מצופה קרמל מל,גרמים,140.00,100 גרם,false,,7.90,0.0564,true,1,1451329
7290018440513,false,סלט קליפורנייה קאלוו עם טונה 150 גר,"קאלוו קונסרבס ס.ל.יו. ,",ES,סלט טונה קליפורניה +,גרמים,150.00,100 גרם,false,,14.80,0.0987,true,1,1481592
7290018440629,false,תה ויסוצקי טעם עשיר,ויסוצקי,IL,תה שחור קלאסי 120 שק,יח',1.00,יח',false,,19.90,19.9000,true,1,1451333
7290018440896,false,הגן הקסום חליטה ג'ינגר כורכום ויסוצקי 25 יח,תה ויסוצקי,IL,הגן הקסום חליטה ג'ינ,100 יח,25.00,100 יח,false,,16.90,0.6760,true,1,1451335
7290018443040,false,נבטים סיניים (בוסתן,בוסתן עשבי תיבול,IL,נבטים סיניים,יח',1.00,יח',false,,5.90,5.9000,true,1,1460897
7290018443057,false,נבטי חמניה (בוסתן),,,נבטי חמניה,יח',1.00,יח',false,,8.90,8.9000,true,1,1460898
7290018443064,false,נבטי אלפלפא ארוז,,,נבטי אלפלפא,יח',1.00,יח',false,,5.90,5.9000,true,1,1460899
7290018443354,false,נענע ברכת קטיף מצע מנותק ייבול נוכרי,ברכת קטיף,IL,נענע ייבול נוכרי ברכ,יח',1.00,יח',false,,5.90,5.9000,true,1,1460912
7290018443545,false,פלפל צילי אדום 200 גרם,,,פלפל צילי אדום 200 ג,גרמים,200.00,100 גרם,false,,9.90,0.0495,true,1,1493622
7290018443728,false,באק צ'וי זוג רמי לוי,,,באק צ'וי זוג רמי לוי,יח',1.00,יח',false,,11.90,11.9000,true,1,1460936
7290018443736,false,בייבי מיקס רמי לוי 150 גרם,,,בייבי מיקס רמי לוי 1,יח',1.00,יח',false,,9.90,9.9000,true,1,1460937
7290018443743,false,חמציץ רמי לוי פראש,,,חמציץ רמי לוי,יח',1.00,יח',false,,9.90,9.9000,true,1,1460938
7290018443750,false,חסה משי רמי לוי פראש,,,חסה משי רמי לוי,יח',1.00,יח',false,,9.90,9.9000,true,1,1460939
7290018443774,false,עלי קייל רמי לוי פרא,,,עלי קייל רמי לוי,יח',1.00,יח',false,,10.90,10.9000,true,1,1460941
7290018443781,false,רוקט 150 גרם רמי לוי,,,רוקט 150 גרם רמי לוי,יח',1.00,יח',false,,9.90,9.9000,true,1,1460942
7290018443828,false,צמד חסה אייסברג,,,צמד חסה אייסברג,יח',1.00,יח',false,,9.90,9.9000,true,1,1460946
7290018443835,false,שרי סוכריות פרמיום תקומה,,,שרי סוכריות פרמיום ת,יחידה,0.00,יחידה,false,,11.90,0.0000,true,1,1477319
7290018443873,false,ברוקובית,,,ברוקובית,יח',1.00,יח',false,,16.90,16.9000,true,1,1460948
7290018449035,false,שיבה בעציץ יחידה,פרח הארץ,IL,שיבה בעציץ,יח',1.00,יח',false,,8.90,8.9000,true,1,1469224
7290018468319,false,נקניקיה טבעונית בסגנון צוריסוס טירת צבי 400 גרם,טירת צבי - מדף,IL,נקניקיה צמחית סגנון,גרמים,400.00,100 גרם,false,,34.90,0.0872,true,1,1476702
7290018468401,false,פסטרמה צמחונית בטעם גריל 100 גר טירת צבי,טיב טירת צבי 2000,IL,פסטרמה צמחונית טעם ג,גרמים,120.00,100 גרם,false,,14.90,0.1242,true,1,1503788
7290018468425,false,נקניק טבעוני בטעם פיקנטי 100 גרם טירת צבי,טיב טירת צבי 2000,IL,נקניק טבעוני טעם פיק,גרמים,100.00,100 גרם,false,,14.90,0.1490,true,1,1503790
7290018468432,false,נקניק טבעוני בטעם מעושן 100 גרם טירת צבי,טיב טירת צבי 2000,IL,נקניק טבעוני טעם מעו,גרמים,100.00,100 גרם,false,,14.90,0.1490,true,1,1503791
7290018471029,false,"סודה בטעם לימון - מארז 6 בקבוקים 500 מ""ל",יפאורה תבורי בעמ,IL,שוופס סודה שישייה 50,ליטרים,3.00,ליטר,false,,13.90,4.6333,true,1,1447520
7290018471036,false,"שוופס סודה לימון 500 מ""ל","יפאורה תבורי בע""מ",IL,שוופס סודה לימון 500,מטרים,500.00,100 מ'ל,false,,2.10,0.0042,true,1,1519238
7290018471180,false,משקה פרוט& ווג' אננס תפוח גזר 1 ליטר,מיוצר עי קונדיטוריית,IL,פרוט&ווג אננס תפוח ג,מטרים,1000.00,100 מ'ל,false,,11.90,0.0119,true,1,1447524
7290018471197,false,פרוט & ווג' תפוח בננה מלון נענע 1 ליטר,פרוט אנד וג' Fruit & Veg,IL,פרוט&ווג תפוח בננה מ,מטרים,1000.00,100 מ'ל,false,,11.90,0.0119,true,1,1447525
7290018471210,false,קרטונית נקטר ספרינג תפוח סברס 1 ליטר,"יפאורה תבורי בע""\מ",IL,נקטר אגס סברס ספרינג,ליטרים,1.00,ליטר,false,,6.50,6.5000,true,1,1447526
7290018471395,false,משקה פרוט& ווג' תפוח רימון ג'ינג'ר 1 ליטר,פרוט אנד וג' Fruit & Veg,IL,פרוט&ווג תפוח סלק רי,מטרים,1000.00,100 מ'ל,false,,11.90,0.0119,true,1,1447533
7290018471401,false,משקה פרוט& ווג' אננס בננה כורכום 1 ליטר,מיוצר עי קונדיטוריית,IL,פרוט&ווג אננס בננה כ,מטרים,1000.00,100 מ'ל,false,,11.90,0.0119,true,1,1447534
7290018471449,false,קרטונית ספרינג שייק בננה תמר תפוז 1 ליטר,"יפאורה תבורי בע""\מ",IL,שייק בננה תמר תפוז 1,ליטרים,1.00,ליטר,false,,11.60,11.6000,true,1,1447535
7290018471456,false,קרטונית ספרינג שייק אננס מנגו פסיפלורה 1 ליטר,"יפאורה תבורי בע""\מ",IL,ספרינג שייק אננס מנג,ליטרים,1.00,ליטר,false,,11.60,11.6000,true,1,1447536
7290018471463,false,תפוזינה נקטר תפוז מנגו קרטונית 1 ליטר,"יפאורה תבורי בע""\מ",IL,תפוזינה נקטר תפוז מנ,ליטרים,1.00,ליטר,false,,6.50,6.5000,true,1,1447537
7290018471470,false,תפוזינה נקטר תפוז פסיפלורה קרטונית 1 ליטר,"יפאורה תבורי בע""\מ",IL,תפוזינה נקטר תפוז פס,ליטרים,1.00,ליטר,false,,6.50,6.5000,true,1,1447538
7290018471487,false,תפוזינה נקטר תפוז אננס קרטונית 1 ליטר,"יפאורה תבורי בע""\מ",IL,תפוזינה נקטר תפוז אנ,ליטרים,1.00,ליטר,false,,6.50,6.5000,true,1,1447539
7290018471494,false,תפוזינה משקה תפוז גזר קרטונית 1 ליטר,"יפאורה תבורי בע""\מ",IL,תפוזינה נקטר תפוז גז,ליטרים,1.00,ליטר,false,,6.50,6.5000,true,1,1447540
7290018471548,false,"רביעיית ספרינג ענבים 250 מ""ל","יפאורה תבורי בע""\מ",IL,ספרינג ענבים 4*250 מ,מטרים,1000.00,100 מ'ל,false,,11.20,0.0112,true,1,1447541
7290018471616,false,שוופס אינדיאן טוניק 1 ליטר,"יפאורה תבורי בע""\מ",IL,שוופס אינדיאן טוניק,מטרים,1000.00,100 מ'ל,false,,8.90,0.0089,true,1,1447544
7290018471623,false,שוופס טוניק אשכוליות ליצ'י 1 ליטר,"יפאורה תבורי בע""\מ",IL,שוופס טוניק אשכוליות,מטרים,1000.00,100 מ'ל,false,,8.90,0.0089,true,1,1447545
7290018471630,false,שוופס טוניק מלפפון ליים 1 ליטר,"יפאורה תבורי בע""\מ",IL,שוופס טוניק מלפפון ל,מטרים,1000.00,100 מ'ל,false,,8.90,0.0089,true,1,1447546
7290018471906,false,שוופס מוגז פירות לימונדה ורודה 1.5 ליטר פיקדון,"יפאורה תבורי בע""\מ",IL,משקה מוגז לימונדה ור,ליטרים,1.50,ליטר,false,,8.20,5.4667,true,1,1447557
7290018471913,false,משקה מוגז פירות תפוחים שוופס 1.5 ליטר,"יפאורה תבורי בע""\מ",IL,משקה מוגז פירות תפוח,ליטרים,1.50,ליטר,false,,8.20,5.4667,true,1,1447558
7290018471920,false,שוופס מוגז פירות ענבים 1.5 ליטר פיקדון,"יפאורה תבורי בע""\מ",IL,משקה מוגז פירות ענבי,ליטרים,1.50,ליטר,false,,8.20,5.4667,true,1,1447559
7290018471937,false,שוופס מוגז פירות תות ליים 1.5 ליטר פיקדון,"יפאורה תבורי בע""\מ",IL,משקה מוגז פירות תות,ליטרים,1.50,ליטר,false,,8.20,5.4667,true,1,1447560
7290018471944,false,שוופס מוגז פירות לימונייד 1.5 ליטר פיקדון,"יפאורה תבורי בע""\מ",IL,משקה מוגז פירות לימו,ליטרים,1.50,ליטר,false,,8.20,5.4667,true,1,1447561
7290018471951,false,שוופס מוגז פירות אשכולית אדומה 1.5 ליטר פיקדון,"יפאורה תבורי בע""\מ",IL,משקה מוגז פירות אשכו,ליטרים,1.50,ליטר,false,,8.20,5.4667,true,1,1447562
7290018493045,false,"קרם ידיים מועשר בשמן קוקוס ד""ר פישר 100 מ""ל",פישר מעבדות פרמצבטיות,IL,אפקטיב קר קרם ידיים,מטרים,100.00,100 מ'ל,false,,14.90,0.1490,true,1,1457181
7290018493052,false,"ד""ר פישר - אפקטיב קר קרם ידיים מועשר בשמן אבוקדו 100 מ""ל",פישר מעבדות פרמצבטיות,IL,אפקטיב קר קרם ידיים,מטרים,100.00,100 מ'ל,false,,14.90,0.1490,true,1,1457182
7290018493144,false,קמיל קלין &נוריש אל סבון מועשר בשמן ארגן 1 ליטר,פישר מעבדות פרמצבטיות,IL,קמיל אל סבון 1 ליטר,100 מל,1000.00,100 מל,false,,15.80,0.0158,true,1,1457186
7290018493977,false,קמיל לניקוי והרגעת העור מועשר בשיבולת שועל 1 ל',פישר מעבדות פרמצבטיות,IL,קמיל אל סבון לניקוי,100 מל,1000.00,100 מל,false,,15.80,0.0158,true,1,1457202
7290018500231,false,לחם פרוס וויקאנד אנג'ל 750 גרם,מאפיית שלמה א. אנג'\ל בע,IL,לחם וויקנט,יח',1.00,יח',false,,15.90,15.9000,true,1,1444667
7290018500361,false,"לחם שחור פרוס 900 גרם ""אנג'ל"" -מוצר בפיקוח",מאפיית שלמה א. אנג'\ל בע,IL,לחם אחיד פרוס אנג'ל,גרמים,900.00,100 גרם,false,,8.30,0.0092,true,1,1476743
7290018500385,false,"חלה רגילה 650 גרם ""אנגל""-מוצר בפיקוח",מאפיית שלמה א. אנגל,IL,חלה רגילה אנג'ל,גרמים,650.00,100 גרם,false,,5.10,0.0078,true,1,1476359
7290018500392,false,"חלה רגילה 650 גרם ""אנגל""-מוצר בפיקוח",מאפיית שלמה א. אנגל,IL,חלה קלועה אנג'ל,גרמים,650.00,100 גרם,false,,5.10,0.0078,true,1,1476744
7290018500408,false,לחם אחיד פרוס 900 ג רמי לוי,,,לחם אחיד פרוס 900 ג,גרמים,900.00,100 גרם,false,,7.10,0.0079,true,1,1477366
7290018516256,false,פרמיו לגורי כלבים עו,סאטורן,FR,פרמיו גור עוף 150 גר,גרמים,150.00,100 גרם,false,,5.90,0.0393,true,1,1470032
7290018516355,false,מחיט תפוח עץ ושבולות שועל 190 ג' פרינוק גוניור,פרוטה פודווין איי.אס,CZ,"גוניור תפו""ע שיבולת",גרמים,190.00,100 גרם,false,,5.90,0.0311,true,1,1442840
7290018516362,false,מחיט תפוח עץ בננה ושבולות שועל 190 ג' פרינוק גוניור,פרוטה פודווין איי.אס,CZ,"גוניור תפו""ע בננה שי",גרמים,190.00,100 גרם,false,,5.90,0.0311,true,1,1442841
7290018516379,false,מחיט סלט פירות ושבולות שועל 190 ג' פרינוק גוניור,פרוטה פודווין איי.אס,CZ,גוניור סלט פירות שיב,גרמים,190.00,100 גרם,false,,5.90,0.0311,true,1,1442842
7290018516393,false,פרמיו סופרים מיקס לחתול,פרמיו Premio,DE,פרמיו מיקס 3קג,יח',1.00,יח',false,,59.90,59.9000,true,1,1470035
7290018516447,false,פסטה מקרוני עם גבינה,,,פסטה מקרוני עם גבינה,גרמים,262.00,100 גרם,false,,11.90,0.0454,true,1,1476695
7290018516621,false,הורייזן מחית בשר דג זהבון לחתלתול 90 גרם,,DE,הורייזן מחית בשר דג,יחידה,0.00,יחידה,false,,9.90,0.0000,true,1,1477693
7290018516959,false,"פרמיו סופרים עופות לכלב מגזע ננסי 3 ק""ג",פרמיו Premio,,פרמיו סופרים מועשר ב,יחידה,0.00,יחידה,false,,49.90,0.0000,true,1,1502347
7290018516966,false,פרמיו סופרים עופות לכלב בוגר,פרמיו Premio,,פרמיו סופרים עם בקר,יחידה,0.00,יחידה,false,,49.90,0.0000,true,1,1502348
7290018540329,false,שקית פיתה פיתה בלדי 800 ג' אנג'ל,מאפיית שלמה א. אנג'\ל בע,IL,פיתה אנגל 8 יח,גרמים,800.00,100 גרם,false,,10.90,0.0136,true,1,1444669
7290018540459,false,6 לחמניות המבורגר כוסמין 300 גרם אנג'ל,מאפיית שלמה א.אנג'\ל בע\,IL,לחמניות המבורגר כוסמ,גרמים,300.00,100 גרם,false,,15.90,0.0530,true,1,1444670
7290018540817,false,ארטיזנל לחם מחמצת כוסמין אנג'ל 500 גרם,מאפיית אורנים,IL,לחם מחמצת ארטיזנל כו,גרמים,500.00,100 גרם,false,,18.90,0.0378,true,1,1444671
7290018540824,false,ארטיזנל לחם מחמצת כפרי אנג'ל 500 גרם,מאפיית אורנים,IL,לחם מחמצת ארטיזנל כפ,גרמים,500.00,100 גרם,false,,17.90,0.0358,true,1,1444672
7290018540831,false,ארטיזנל לחם מחמצת חיטה מלאה ודגנים אנג'ל 500 גרם,מאפיית אורנים,IL,לחם מחמצת ארטיזנל חי,גרמים,500.00,100 גרם,false,,17.90,0.0358,true,1,1444674
7290018546000,false,פסטה פנה 500גר רמילוי,,,פסטה פנה 500גר רמילו,גרמים,500.00,100 גרם,false,,3.50,0.0070,true,1,1474271
7290018546109,false,פסטה בוקטיני 400גר רמילוי,,,פסטה בוקטיני 400גר ר,גרמים,400.00,100 גרם,false,,3.50,0.0088,true,1,1474280
7290018546260,false,פירורי לחם מוזהבים 800 גרם,,,פירורי לחם מוזהבים 8,גרמים,800.00,100 גרם,false,,11.90,0.0149,true,1,1474283
7290018554005,false,מלפפון במלח 7-9 רמי,,,מלפפון במלח 7-9 רמי,גרמים,670.00,100 גרם,false,,4.90,0.0073,true,1,1471643
7290018554012,false,מלפםונים בחומץ 7-9 ר,,,מלפםונים בחומץ 7-9 ר,גרמים,670.00,100 גרם,false,,4.90,0.0073,true,1,1471644
7290018554029,false,מלפפונים במלח 10-12 רמילוי,,,מלפפונים במלח 10-12,גרמים,540.00,100 גרם,false,,5.90,0.0109,true,1,1471645
7290018554036,false,מלפפונים בחומץ 10-12,,,מלפפונים בחומץ 10-12,גרמים,540.00,100 גרם,false,,5.90,0.0109,true,1,1471646
7290018554043,false,מלפפונים במלח 13-17 רמילוי,,,מלפפונים במלח 13-17,גרמים,540.00,100 גרם,false,,6.90,0.0128,true,1,1471647
7290018554050,false,מלפפונים בחומץ 13-17,,,מלפפונים בחומץ 13-17,גרמים,540.00,100 גרם,false,,6.90,0.0128,true,1,1471648
7290018554067,false,מלפפונים במלח 18-25,,,מלפפונים במלח 18-25,גרמים,670.00,100 גרם,false,,8.90,0.0133,true,1,1471649
7290018554074,false,מלפםונים בחומץ 18-25,,,מלפםונים בחומץ 18-25,גרמים,670.00,100 גרם,false,,8.90,0.0133,true,1,1471650
7290018563175,false,"שנאפס משקה כהל 4% בטעם אסאי 275 מ""ל",פרי קטיף,IL,שנאפס טעם אסאי 275 מ,מטרים,275.00,100 מ'ל,false,,10.90,0.0396,true,1,1477763
7290018563267,false,תרכיז תפוחים 100% ללא תוספת סוכר 1 ליטר בקבוק,"פ.קטיף מזון בע""מ",IL,רכז טעם תפוחים ללא ס,ליטרים,1.00,ליטר,false,,32.90,32.9000,true,1,1472747
7290018563274,false,בקבוק תרכיז תפוחים 1 ליטר פרי קטיף,"פ.קטיף מזון בע""מ",IL,רכז טעם תפוחים 1ליטר,ליטרים,1.00,ליטר,false,,26.90,26.9000,true,1,1472748
7290018564004,false,גזר גמדי רמילוי 800 גר,,,גזר גמדי רמילוי 800,גרמים,800.00,100 גרם,false,,8.20,0.0102,true,1,1461407
7290018564011,false,אפונת גינה רמילוי 800 גר,,,אפונת גינה רמילוי 80,גרמים,800.00,100 גרם,false,,8.70,0.0109,true,1,1461408
7290018564028,false,אפונה עדינה 600ג רמילוי,,,אפונה עדינה 600ג רמי,גרמים,600.00,100 גרם,false,,10.90,0.0182,true,1,1461409
7290018564066,false,אפונה וגזר רמילוי 800 גר,,,אפונה וגזר רמילוי 80,גרמים,800.00,100 גרם,false,,8.70,0.0109,true,1,1461413
7290018564073,false,במיה קפוא 600ג רמילוי,,,במיה קפוא 600ג רמילו,גרמים,600.00,100 גרם,false,,7.90,0.0132,true,1,1461414
7290018564080,false,לקט ירקות רמילוי 800 גר,,,לקט ירקות רמילוי 800,גרמים,800.00,100 גרם,false,,9.90,0.0124,true,1,1461415
7290018564103,false,פולי סויה 600גר,,,פולי סויה 600גר,גרמים,600.00,100 גרם,false,,11.90,0.0198,true,1,1461417
7290018564110,false,ארטישוק קפוא 400ג רמילוי,,,ארטישוק קפוא 400ג רמ,גרמים,400.00,100 גרם,false,,8.90,0.0223,true,1,1461418
7290018564127,false,לקט לקוסקוס רמילוי 800 גר,,,לקט לקוסקוס רמילוי 8,גרמים,800.00,100 גרם,false,,9.90,0.0124,true,1,1461419
7290018564134,false,גרעיני תירס 800גר רמי לוי,,,גרעיני תירס 800גר רמ,גרמים,800.00,100 גרם,false,,8.70,0.0109,true,1,1461420
7290018564141,false,גרגירי חומוס מבושלים 800גר רמי לוי,,,גרגירי חומוס מבושלים,גרמים,800.00,100 גרם,false,,9.90,0.0124,true,1,1461421
7290018564158,false,שעועית לבנה מבושלים 800גר רמי לוי,,,שעועית לבנה מבושלים,גרמים,800.00,100 גרם,false,,9.90,0.0124,true,1,1461422
7290018564165,false,כרובית 800גר רמי לוי,,,כרובית 800גר רמי לוי,גרמים,800.00,100 גרם,false,,9.90,0.0124,true,1,1461423
7290018564172,false,ברוקולי 800גר רמי לוי,,,ברוקולי 800גר רמי לו,גרמים,800.00,100 גרם,false,,12.90,0.0161,true,1,1461424
7290018564189,false,פולי סויה קלופים 600גר,,,פולי סויה קלופים 600,גרמים,600.00,100 גרם,false,,12.90,0.0215,true,1,1461425
7290018564202,false,לקט ירקות למרק רמילוי 800 גר,,,לקט ירקות למרק רמילו,גרמים,800.00,100 גרם,false,,9.90,0.0124,true,1,1461427
7290018564547,false,ירקות חמוצים בטעם ביתי 500 גרם,,,ירקות חמוצים בטעם בי,גרמים,500.00,100 גרם,false,,22.90,0.0458,true,1,1461428
7290018564554,false,מלפפונים חמוצים ביתיים כבושים 500 גרם,,,מלפפונים חמוצים ביתי,גרמים,500.00,100 גרם,false,,22.90,0.0458,true,1,1461429
7290018564561,false,ירקות חמוצים בסגנון טורשי,,,ירקות חמוצים בסגנון,גרמים,500.00,100 גרם,false,,22.90,0.0458,true,1,1461430
7290018566008,false,אגוזי מלך קלופים 250גר נספקים,,,אגוזי מלך קלופים 250,גרמים,250.00,100 גרם,false,,18.90,0.0756,true,1,1474236
7290018566015,false,תאנה מיובשת 300 גר נספקים,,,תאנה מיובשת 300 גר נ,גרמים,300.00,100 גרם,false,,17.90,0.0597,true,1,1477800
7290018566022,false,שקד טבעי 280 גר נספקים,,,שקד טבעי 280 גר נספק,גרמים,280.00,100 גרם,false,,21.90,0.0782,true,1,1474237
7290018566039,false,פקאן טבעי 280 גר נספקים,,,פקאן טבעי 280 גר נספ,גרמים,280.00,100 גרם,false,,32.90,0.1175,true,1,1474238
7290018566046,false,שקד מולבן אמריקאי שלם 200ג נספקים,,,שקד מולבן אמריקאי של,גרמים,200.00,100 גרם,false,,16.90,0.0845,true,1,1477801
7290018566084,false,משמש 300 גר נספקים,,,משמש 300 גר נספקים,גרמים,300.00,100 גרם,false,,19.90,0.0663,true,1,1477805
7290018566091,false,צימוק בהיר 300 גר נספקים,,,צימוק בהיר 300 גר נס,גרמים,300.00,100 גרם,false,,17.90,0.0597,true,1,1477806
7290018566114,false,חמוציות ברכז פרי 300ג נספקים,,,חמוציות ברכז פרי 300,גרמים,300.00,100 גרם,false,,17.90,0.0597,true,1,1477807
7290018566121,false,חמוציות מסוכרות 300ג נספקים,,,חמוציות מסוכרות 300ג,גרמים,300.00,100 גרם,false,,14.90,0.0497,true,1,1483822
7290018566169,false,פקאן קלוי 150גר בשקית,,,פקאן קלוי 150גר בשקי,גרמים,150.00,100 גרם,false,,16.90,0.1127,true,1,1494821
7290018566183,false,שקד קלוי 200 גר בשקית,,,שקד קלוי 200 גר בשק,גרמים,200.00,100 גרם,false,,14.90,0.0745,true,1,1495726
7290018566190,false,בוטנים קלויים 200 גר בשקית,,,בוטנים קלויים 200 גר,גרמים,200.00,100 גרם,false,,6.90,0.0345,true,1,1494822
7290018566206,false,אגוז מלך קלופים 150 גר בשקית,,,אגוז מלך קלופים 150,גרמים,150.00,100 גרם,false,,9.90,0.0660,true,1,1497188
7290018566220,false,אגוז ברזיל 200גר נספקים,,,אגוז ברזיל 200גר נספ,גרמים,200.00,100 גרם,false,,29.90,0.1495,true,1,1478437
7290018566237,false,גרעיני חמנייה קלויים במלח 130ג בשקית,,,גרעיני חמנייה קלויים,גרמים,130.00,100 גרם,false,,4.90,0.0377,true,1,1494154
7290018566251,false,גרעיני דלעת קלוי 150ג בשקית,,,גרעיני דלעת קלוי 150,גרמים,150.00,100 גרם,false,,7.90,0.0527,true,1,1495727
7290018566268,false,צנובר 150 גר נספקים,,,צנובר 150 גר נספקים,גרמים,150.00,100 גרם,false,,29.90,0.1993,true,1,1477809
7290018566275,false,פקאן טבעי 150גר בשקית,,,פקאן טבעי 150גר בשקי,גרמים,150.00,100 גרם,false,,19.90,0.1327,true,1,1481417
7290018566299,false,פיצוחים מיקס קלוי 150 גר בשקית,,,פיצוחים מיקס קלוי 15,גרמים,150.00,100 גרם,false,,17.90,0.1193,true,1,1498940
7290018566312,false,שקד טבעי 200 גר בשקית,,,שקד טבעי 200 גר בשקי,גרמים,200.00,100 גרם,false,,14.90,0.0745,true,1,1508186
7290018566336,false,גרעיני חמניה קלוף 200גר נספקים,,,גרעיני חמניה קלוף 20,גרמים,200.00,100 גרם,false,,6.90,0.0345,true,1,1478907
7290018566343,false,גרעיני אבטיח קלויי במלח בשקית,,,גרעיני אבטיח קלויי ב,יחידה,0.00,יחידה,false,,14.90,0.0000,true,1,1496977
7290018566350,false,גרעיני אבטיח קלויים במחבת בשקית,,,גרעיני אבטיח קלויים,יחידה,0.00,יחידה,false,,14.90,0.0000,true,1,1496978
7290018566367,false,שזיף מיובש 300 גר נספקים,,,שזיף מיובש 300 גר נס,גרמים,300.00,100 גרם,false,,17.90,0.0597,true,1,1477810
7290018566381,false,מנגו מיובש 160 גר נספקים,,,מנגו מיובש 160 גר נס,גרמים,160.00,100 גרם,false,,19.90,0.1244,true,1,1477811
7290018566404,false,פסטה ספגטיני,,,פסטה ספגטיני,יחידה,0.00,יחידה,false,,3.50,0.0000,true,1,1497448
7290018566411,false,פסטה ספגטי,,,פסטה ספגטי,יחידה,0.00,יחידה,false,,3.50,0.0000,true,1,1497449
7290018566459,false,פקאן סיני 200 גר נספקים,,,פקאן סיני 200 גר נספ,גרמים,200.00,100 גרם,false,,24.90,0.1245,true,1,1484954
7290018566466,false,פריכיות אורז טעם צילי 100ג שקית,,,פריכיות אורז טעם ציל,גרמים,100.00,100 גרם,false,,7.90,0.0790,true,1,1501922
7290018566473,false,אפונה קלויה 150 גר בשקית,,,אפונה קלויה 150 גר,גרמים,150.00,100 גרם,false,,7.90,0.0527,true,1,1501923
7290018566480,false,פקאן מסוכר 150 גר בשקית,,,פקאן מסוכר 150 גר בש,גרמים,150.00,100 גרם,false,,14.90,0.0993,true,1,1497189
7290018566497,false,צימוק כהה 300 גר נספקים,,,צימוק כהה 300 גר נספ,גרמים,300.00,100 גרם,false,,12.90,0.0430,true,1,1477812
7290018566503,false,אננס מיובש 160גר נספקים,,,אננס מיובש 160גר נספ,גרמים,160.00,100 גרם,false,,16.90,0.1056,true,1,1478216
7290018566527,false,תירס קלוי 150 גר בשקית,,,תירס קלוי 150 גר בש,גרמים,150.00,100 גרם,false,,7.90,0.0527,true,1,1501924
7290018566534,false,רביולי גריל 150 גר בשקית,,,רביולי גריל 150 גר ב,גרמים,150.00,100 גרם,false,,9.90,0.0660,true,1,1501925
7290018566558,false,מנצס 150 גר בשקית,,,מנצס 150 גר בשקית,גרמים,150.00,100 גרם,false,,7.90,0.0527,true,1,1502843
7290018566565,false,קבוקים 150 גר בשקית,,,קבוקים 150 גר בשקית,גרמים,150.00,100 גרם,false,,4.90,0.0327,true,1,1501926
7290018566572,false,בוטנים אמריקאיים מצופים 200ג שקית,,,בוטנים אמריקאיים מצו,גרמים,200.00,100 גרם,false,,6.90,0.0345,true,1,1502844
7290018566596,false,קוקוס מיובש 160גר נספקים,,,קוקוס מיובש 160גר נס,גרמים,160.00,100 גרם,false,,13.90,0.0869,true,1,1478217
7290018566619,false,פסטה פנה,,,פסטה פנה,יחידה,0.00,יחידה,false,,3.50,0.0000,true,1,1497474
7290018566633,false,פסטה פוזילי,,,פסטה פוזילי,יחידה,0.00,יחידה,false,,3.50,0.0000,true,1,1497476
7290018566640,false,פסטה פרפלה,,,פסטה פרפלה,יחידה,0.00,יחידה,false,,3.50,0.0000,true,1,1497477
7290018566657,false,פסטה צדפים,,,פסטה צדפים,יחידה,0.00,יחידה,false,,3.50,0.0000,true,1,1497478
7290018566664,false,פסטה קונכיות,,,פסטה קונכיות,יחידה,0.00,יחידה,false,,3.50,0.0000,true,1,1497479
7290018566671,false,פסטה בוקטיני,,,פסטה בוקטיני,יחידה,0.00,יחידה,false,,3.50,0.0000,true,1,1497480
7290018566688,false,פסטה מסולסלת,,,פסטה מסולסלת,יחידה,0.00,יחידה,false,,3.50,0.0000,true,1,1497481
7290018566718,false,"שמן זית ספרד 750 מ""ל רמילוי",,,"שמן זית ספרד 750 מ""ל",מטרים,750.00,100 מ'ל,false,,13.90,0.0185,true,1,1503551
7290018566831,false,מיץ לימון משומר 200 מל,,,מיץ לימון משומר 200,יח',1.00,יח',false,,5.90,5.9000,true,1,1472175
7290018566848,false,מיץ לימון משומר 1000 מל,,,מיץ לימון משומר 1000,יח',1.00,יח',false,,7.90,7.9000,true,1,1472176
7290018566862,false,קטשופ 720מל רמי לוי,,,קטשופ 720מל רמי לוי,גרמים,720.00,100 גרם,false,,6.90,0.0096,true,1,1472177
7290018566879,false,תה ירוק קלאסי 25 יח רמי לוי,,,תה ירוק קלאסי 25 יח,יח',1.00,יח',false,,6.80,6.8000,true,1,1472178
7290018566886,false,תה ירוק לימונית ולואיזה 25 יח רמי לוי,,,תה ירוק לימונית ולוא,יח',1.00,יח',false,,6.80,6.8000,true,1,1472179
7290018566893,false,תה קמומיל 25 יח רמי לוי,,,תה קמומיל 25 יח רמי,יח',1.00,יח',false,,6.80,6.8000,true,1,1472180
7290018566916,false,ארל גרי 25 יח רמי לוי,,,ארל גרי 25 יח רמי לו,יח',1.00,יח',false,,6.80,6.8000,true,1,1472182
7290018566923,false,תה שחור 100שק רמי לוי,,,תה שחור 100שק רמי לו,יח',1.00,יח',false,,9.90,9.9000,true,1,1472183
7290018566930,false,שמן זית ספרד 750מל רמילוי,,,שמן זית ספרד 750מל ר,מטרים,750.00,100 מ'ל,false,,17.90,0.0239,true,1,1472184
7290018626313,false,שמן קנולה מזוכך 1לי רמילוי,,,שמן קנולה מזוכך 1לי,יח',1.00,יח',false,,8.90,8.9000,true,1,1470519
7290018677124,false,גרנולה קראנצ'י חמוציות ודובדבנים ללא גלוטן וללא תוספת סוכר נוטרה זן-300 גרם,נוטרה זון,CZ,גרנולה קראנצי חמוציו,גרמים,300.00,100 גרם,false,,22.90,0.0763,true,1,1471354
7290018677131,false,גרנולה קראנצ'י אגוזים ושקדים ללא גלוטן וללא תוספת סוכר נוטרה זן-300 גרם,נוטרה זון,CZ,גרנולה קראנצי אגוזים,גרמים,300.00,100 גרם,false,,22.90,0.0763,true,1,1471355
7290018677155,false,"תערובת קמחים רב תכליתי לל""ג 500 גרם",נוטרה זון,IT,"תערובת קמחים לל""ג 50",גרמים,500.00,100 גרם,false,,16.90,0.0338,true,1,1471357
7290018677162,false,"תערובת קמחים רב תכליתי לל""ג 500 גרם",נוטרה זון,IT,תערובת רב תכליתית לל,גרמים,500.00,100 גרם,false,,22.90,0.0458,true,1,1471358
7290018703083,false,פראוד חטיף חלבון דאבל שוקולד 60 גרם קראנץ,פראוד PROUD,NL,פראוד חטיף חלבון דאב,יח',1.00,יח',false,,12.90,12.9000,true,1,1460534
7290018703311,false,פראוד - חטיף חלבון קרם עוגיות קראנצ' 60ג,v.s.i,NL,פראוד - חטיף חלבון ק,גרמים,60.00,100 גרם,false,,11.90,0.1983,true,1,1460537
7290018708118,false,חלבה וניל פיסטוק ללא סוכר בארכה 350 גרם,בארכה,,בארכה חלבה וניל פיסט,גרמים,350.00,100 גרם,false,,14.90,0.0426,true,1,1446677
7290018710234,false,אבקת אפייה עשירייה רמילוי,,,אבקת אפייה עשירייה ר,יח',1.00,יח',false,,1.60,1.6000,true,1,1472065
7290018710241,false,סוכר וניל עשירייה רמילוי,,,סוכר וניל עשירייה רמ,יח',1.00,יח',false,,1.60,1.6000,true,1,1472066
7290018710258,false,קורנפלור 200גר רמילוי,,,קורנפלור 200גר רמילו,גרמים,200.00,100 גרם,false,,2.50,0.0125,true,1,1472067
7290018710265,false,סודה לשתייה 100גר רמילוי,,,סודה לשתייה 100גר רמ,גרמים,100.00,100 גרם,false,,1.60,0.0160,true,1,1472068
7290018710272,false,שומשום 200גר רמילוי,,,שומשום 200גר רמילוי,גרמים,200.00,100 גרם,false,,5.50,0.0275,true,1,1472069
7290018710289,false,שומשום 400גר רמילוי,,,שומשום 400גר רמילוי,גרמים,400.00,100 גרם,false,,8.90,0.0223,true,1,1472070
7290018710296,false,קוקוס טחון 200גר רמילוי,,,קוקוס טחון 200גר רמי,גרמים,200.00,100 גרם,false,,4.90,0.0245,true,1,1472071
7290018710302,false,קוקוס טחון 500גר רמילוי,,,קוקוס טחון 500גר רמי,גרמים,500.00,100 גרם,false,,11.90,0.0238,true,1,1472072
7290018710319,false,אבקת סוכר 100גר רמילוי,,,אבקת סוכר 100גר רמיל,גרמים,100.00,100 גרם,false,,1.80,0.0180,true,1,1472073
7290018710326,false,אבקת סוכר 500גר רמילוי,,,אבקת סוכר 500גר רמיל,גרמים,500.00,100 גרם,false,,6.80,0.0136,true,1,1472074
7290018710333,false,מלח לימון 100גר רמילוי,,,מלח לימון 100גר רמיל,גרמים,100.00,100 גרם,false,,4.90,0.0490,true,1,1472075
7290018710340,false,מלח לימון 400גר רמילוי,,,מלח לימון 400גר רמיל,גרמים,400.00,100 גרם,false,,11.90,0.0298,true,1,1472076
7290018710371,false,סוכר חום דמררה 1קג רמילוי,,,סוכר חום דמררה 1קג ר,קילוגרמים,1.00,"ק""ג",false,,9.90,9.9000,true,1,1472077
7290018710678,false,קמח תפוא רמי לוי 500,,,קמח תפוא רמי לוי 500,גרמים,500.00,100 גרם,false,,5.90,0.0118,true,1,1472078
7290018711071,false,מיונז אמיתי 500ג רמילוי,,,מיונז אמיתי 500ג רמי,גרמים,500.00,100 גרם,false,,7.90,0.0158,true,1,1472079
7290018711088,false,מיונז אמיתי 1קג רמילוי,,,מיונז אמיתי 1קג רמיל,גרמים,1000.00,100 גרם,false,,13.90,0.0139,true,1,1472080
7290018724606,false,סודה לשתייה לא אלומיניום 350 גרם,,IL,סודה לשתיה ללא אלומנ,גרמים,350.00,100 גרם,false,,13.90,0.0397,true,1,1471361
7290018724897,false,פירורי לחם ללא גלוטן 300 גרם אביב ירוק,,IL,פרורי מאפה ללא גלוטן,גרמים,300.00,100 גרם,false,,12.90,0.0430,true,1,1471363
7290018792858,false,אבקת קקאו טבעי 500 גרם,,GH,קקאו טבעי 500גרם,גרמים,500.00,100 גרם,false,,23.90,0.0478,true,1,1478688
7290018795842,false,שיני שום קלופות 500ג מרינה,מרינה,IL,שיני שום קלופות 500ג,גרמים,500.00,100 גרם,false,,16.90,0.0338,true,1,1485965
7290018817315,false,דונאטס קפוצינו מארז 4יח,,,דונאטס קפוצינו מארז,100 יח,284.00,100 יח,false,,24.90,0.0877,true,1,1476494
7290018818275,false,פיצה קונו מרגריטה 26,,,פיצה קונו מרגריטה,יחידה,0.00,יחידה,false,,14.90,0.0000,true,1,1477663
7290018818305,false,פיצה אובליינה מרגריטה,,,פיצה אובליינה מרגריט,יחידה,0.00,יחידה,false,,14.90,0.0000,true,1,1477664
7290018835005,false,אקסטרה צ'יפס אורז חום מלא מלח פלפל שמן זית 60 גרם,נוהלס ג'י אס סי.,BG,אקסטרה ציפס אורז חום,גרמים,60.00,100 גרם,false,,6.90,0.1150,true,1,1441351
7290018835012,false,באר אקסטרה בציפוי שוקולד חלב 5 יח 90 גר,,,חטיף אורז אקסטרה בצי,גרמים,90.00,100 גרם,false,,12.50,0.1389,true,1,1482715
7290018860717,false,אטריות אורז 454גר ללא גלוטן,סא ג'אנג אוספורט,VN,אטריות אורז 454גר לל,גרמים,454.00,100 גרם,false,,10.90,0.0240,true,1,1454392
7290018878019,false,"כרמית שוקולד צ'יפס מריר 250 גר' כשל""פ",,IL,שוקולד ציפס מריר 47%,גרמים,250.00,100 גרם,false,,9.90,0.0396,true,1,1453361
7290018878088,false,שלשות שוקולד ללס מריר ב.יוסף 85ג*3*18בקרט,"כרמית תעשיות ממתקים בע""\",IL,"שלשות שוקולד לל""תס ח",גרמים,255.00,100 גרם,false,,14.70,0.0576,true,1,1453364
7290018878095,false,שלישיית שוקולד חלב ללא סוכר 85 גרם,"כרמית תעשיות ממתקים בע""\",IL,"שלשות שוקולד לל""תס ח",גרמים,255.00,100 גרם,false,,14.70,0.0576,true,1,1453365
7290018878125,false,שלישיית שוקולד לבן ללא סוכר 85 גרם,"כרמית תעשיות ממתקים בע""\",IL,שוקולד לבן ללא סוכר,גרמים,300.00,100 גרם,false,,14.70,0.0490,true,1,1477050
7290018878170,false,אגו שוקולד מריר 60% מוצקי קקאו 2*100גר,כרמית תעשיות ממתקים,IL,אגו זוג שוקולד מריר,גרמים,200.00,100 גרם,false,,8.90,0.0445,true,1,1453366
7290018878224,false,עוגיות מיני קוקיס שוקולד בצנצנת כרמית 600 גרם,כרמית,IL,מיני קוקיס טעם שוקול,גרמים,600.00,100 גרם,false,,15.90,0.0265,true,1,1453367
7290018878231,false,"מיני קוקיס לל""ס בטעם שוקולד 600 גרם",Carmit,,"מיני קוקיס לל""ס שוקו",גרמים,600.00,100 גרם,false,,18.90,0.0315,true,1,1453368
7290018878477,false,טופי שטוח בטעם קולה 50 יחידות,דורקאן סקרלמה סאן,TR,טופי שטוח טעם קולה 5,גרמים,300.00,100 גרם,false,,9.90,0.0330,true,1,1513066
7290018878798,false,מטבעות שוקולד חלב צבעוני 36 גרם כרמית,כרמית,IL,מטבעות צבעוני שוקולד,גרמים,36.00,גרם,false,,2.90,0.0806,true,1,1513071
7290018879801,false,טופי ממולא בטעם פירות כרמית 40 גרם,,,טופי ממולא טעם פירות,יח',1.00,יח',false,,1.20,1.2000,true,1,1453371
7290018879825,false,מטבעות שוקולד לבן 36 גרם כרמית,כרמית,IL,מטבעות שוקולד לבן 36,גרמים,36.00,גרם,false,,2.90,0.0806,true,1,1513035
7290018879979,false,מרשמלו רגיל לבן בטעם וניל 150 גרם ויסטהיים,כרמית,IL,מרשמלו לבן 150גר כרמ,גרמים,150.00,100 גרם,false,,4.50,0.0300,true,1,1453374
7290018886991,false,שמן קנולה מזוכך 1לי- בית יוסף,סקנולה,EE,שמן קנולה מזוכך 1לי-,יח',1.00,יח',false,,8.90,8.9000,true,1,1470520
7290018893029,false,פרימיום שוקולד מריר 85% רמילוי,,,פרימיום שוקולד מריר,גרמים,100.00,100 גרם,false,,5.80,0.0580,true,1,1472285
7290018893036,false,צ'וקטה ביסקוויט בטעם שוקוטלד במילוי קרם בטעם וניל 176 גרם,צ'וקטה Chocketa,ES,ביסקוויט סנדביץ בטעם,גרמים,176.00,100 גרם,false,,6.90,0.0392,true,1,1472209
7290018893043,false,ממרח אגוזי לוז 350 גר רמילוי,,,ממרח אגוזי לוז 350 ג,גרמים,350.00,100 גרם,false,,9.90,0.0283,true,1,1472286
7290018893074,false,עוגת שכבות מילוי קרם קקאו צ'וקטה 400 גרם,בלקוני ס.פ.א,IT,צוקטה עוגת שכבות שוק,גרמים,400.00,100 גרם,false,,11.90,0.0298,true,1,1472210
7290018893081,false,עוגות מגולגלות במילוי קרם חלבי וציפוי בטעם שוקולד,צ'וקטה Chocketa,IL,צוקטה עוגות מגולגלות,גרמים,222.00,100 גרם,false,,8.80,0.0396,true,1,1472211
7290018893098,false,צ'וקטה עוגויות ביסקוויט מצופה שוקולד חלב 100 גרם,דיסטרופר אוליבייר,ES,צ'וקטה עוגיות מצופות,גרמים,100.00,100 גרם,false,,6.90,0.0690,true,1,1472212
7290018893104,false,צ'וקטה עוגויות ביסקוויט מצופה שוקולד מריר 100 גרם,דיסטרופר אוליבייר,ES,צ'וקטה עוגיות מצופות,גרמים,100.00,100 גרם,false,,6.90,0.0690,true,1,1472213
7290018893111,false,צ'וקטה שוקולד מריר בלגי 70% 100 גרם,צ'וקטה Chocketa,BE,צוקטה שוקולד מריר בל,גרמים,100.00,100 גרם,false,,8.90,0.0890,true,1,1472214
7290018893135,false,מקלות אפויים בתוספת מלח Salty,צ'וקטה Chocketa,US,צוקטה גריסיני מלח 12,גרמים,120.00,100 גרם,false,,7.90,0.0658,true,1,1477754
7290018893142,false,צ'וקטה גריסיני בתוספת שמן זית 120 גרם,צ'וקטה Chocketa,US,צוקטה גריסיני שמן זי,גרמים,120.00,100 גרם,false,,7.90,0.0658,true,1,1477755
7290018893227,false,פרימיום שוקולד חלב מעולה 34% רמילוי,,,פרימיום שוקולד חלב מ,גרמים,100.00,100 גרם,false,,5.80,0.0580,true,1,1472287
7290018893241,false,ממרח אגוזי לוז 750גר רמילוי,,,ממרח אגוזי לוז 750גר,גרמים,750.00,100 גרם,false,,18.90,0.0252,true,1,1472289
7290018893258,false,צ'וקטה עוגות אישיות במילוי קרם קרמל ובציפוי בטעם שוקולד 300 גרם,פרדי קונדיטוריה אס.פ,IT,צ'וקטה עוגות אישיות,גרמים,300.00,100 גרם,false,,11.90,0.0397,true,1,1472217
7290018893289,false,צ'וקטה עוגות מגולגלות בטעם קקאו במילוי קרם קקאו וציפוי בטעם שוקולד 6 יח' 222 גרם,צ'וקטה Chocketa,IT,צוקטה עוגות מגולגלות,גרמים,222.00,100 גרם,false,,8.80,0.0396,true,1,1472220
7290018893296,false,עוגיות חמאה מצופות שוקולד בעיטורי שוקולד לבן 100 ג',דיסטרופר אוליבייר,RO,צוקטה עוגיות מיני חמ,גרמים,100.00,100 גרם,false,,9.90,0.0990,true,1,1477756
7290018893319,false,צ'וקטה שוקולד מריר בלגי 85% 100 גרם,צ'וקטה Chocketa,BE,צוקטה שוקולד מריר בל,גרמים,100.00,100 גרם,false,,8.90,0.0890,true,1,1472221
7290018893340,false,מקלות אפויים בתוספת שומשום Salty,צ'וקטה Chocketa,US,צוקטה גריסיני שומשום,גרמים,120.00,100 גרם,false,,7.90,0.0658,true,1,1477757
7290018893432,false,פרימיום שוקולד מריר ואגוזי לוז רמילוי,,,פרימיום שוקולד מריר,גרמים,100.00,100 גרם,false,,5.80,0.0580,true,1,1472290
7290018893449,false,צוקטה סטרופוופל במילוי קרמל 175 גרם,ארלוי אס.אל.יו.,IN,עלי וופל במילוי קרמל,גרמים,175.00,100 גרם,false,,9.90,0.0566,true,1,1472225
7290018893456,false,צ'וקטה עוגות אישיות במילוי קרם ובציפוי בטעם שוקולד 300 גרם,"פרדי קונדיטוריה אס,פי.אי",IT,צ'וקטה עוגות אישיות,גרמים,300.00,100 גרם,false,,11.90,0.0397,true,1,1472226
7290018893494,false,עלי וופל דקים בטעם חמאה ציוקטה 100 גר,דיסטרופר אוליבייר,NL,עלי וופל דקים בטעם ח,יח',1.00,יח',false,,9.90,9.9000,true,1,1472228
7290018893517,false,צ'וקטה בייגלה שטוח מצופה שוקולד מריר 80 גרם,צ'וקטה Chocketa,RO,צוקטה בייגלה שטוח מצ,יח',1.00,יח',false,,6.90,6.9000,true,1,1472230
7290018893616,false,מארז צוקטה שוקולד מריר 48% 6*100 גר,צוקטה,ES,שוקולד צוקטה מריר 48,גרמים,600.00,100 גרם,false,,19.90,0.0332,true,1,1472233
7290018893647,false,עוגיות סנדוויץ במילוי קרם וניל בציפוי שוקולד 150 גרם צ'וקטה,צ'וקטה Chocketa,ES,צ'וקטה עוגיות סנדביץ,גרמים,150.00,100 גרם,false,,7.90,0.0527,true,1,1472234
7290018893685,false,צ'וקולטה עוגות אישיות חלב 350גר רמילוי,,,צ'וקולטה עוגות אישיו,גרמים,350.00,100 גרם,false,,9.90,0.0283,true,1,1472292
7290018893708,false,עוגיות סנדוויץ' במילוי קרם בטעם שוקולד,צ'וקטה Chocketa,ES,צ'וקטה עוגיות סנדביץ,גרמים,250.00,100 גרם,false,,6.90,0.0276,true,1,1472237
7290018893753,false,צוקטה וופל חמאה בטעם לימון 100 גרם,שסטוביץ,BE,עלי וופל דקים בטעם ל,גרמים,100.00,גרם,false,,9.90,0.0990,true,1,1485042
7290018893838,false,פרימיום שוקולד מריר 70% רמילוי,,,פרימיום שוקולד מריר,גרמים,100.00,100 גרם,false,,5.80,0.0580,true,1,1472294
7290018893876,false,עוגות אישיות רכות עם מילוי קרם בטעם וניל,פרדי קונדיטוריה אס.פ,IT,צוקטה עוגות אישיות ו,גרמים,200.00,100 גרם,false,,10.90,0.0545,true,1,1472242
7290018893883,false,עוגות אישיות במילוי ובציפוי 350ג רמילוי,,,עוגות אישיות במילוי,גרמים,350.00,100 גרם,false,,9.90,0.0283,true,1,1472295
7290018893906,false,עוגיות סנדוויץ' במילוי קרם בטעם וניל,צ'וקטה Chocketa,ES,צ'וקטה עוגיות סנדביץ,גרמים,250.00,100 גרם,false,,6.90,0.0276,true,1,1472244
7290018893937,false,לוקיטוס סוכריות ג'לי בטעמי פירות 300 גרם,לאבדס,GR,לוקיטוס סוכריות ג'לי,גרמים,300.00,100 גרם,false,,9.90,0.0330,true,1,1507944
7290018894002,false,קוביות וופל במילוי קרם קקאו - חלבי,בלקוני Balconi,IT,בלקוני וופל קוביות ק,גרמים,250.00,100 גרם,false,,9.90,0.0396,true,1,1472245
7290018894019,false,עוגות אישיות במילוי קרם חלבי ובציפוי קרם קקאו,בלקוני Balconi,IT,בלקוני עוגות מיקס מק,גרמים,350.00,100 גרם,false,,13.90,0.0397,true,1,1472246
7290018894040,false,צ'וקטה שוקולד שוקולד חלב 5*100 גרם,צ'וקטה,FR,צוקטה שוקולד חלב 5*1,גרמים,500.00,100 גרם,false,,19.90,0.0398,true,1,1508326
7290018894200,false,בלקוני וופל קוביות וניל 250 גרם,בלקוני Balconi,IT,בלקוני וופל קוביות ו,גרמים,250.00,100 גרם,false,,9.90,0.0396,true,1,1472247
7290018894217,false,עוגות אישיות במילוי קרם קקאו ובציפוי קרם קקאו,בלקוני Balconi,IT,בלקוני עוגות מיקס מק,גרמים,350.00,100 גרם,false,,14.90,0.0426,true,1,1472248
7290018894408,false,קוביות וופל במילוי קרם אגוזי לוז - חלבי,בלקוני Balconi,IT,בלקוני וופל קוביות א,גרמים,250.00,100 גרם,false,,9.90,0.0396,true,1,1472249
7290018894606,false,בלקוני וופל קקאו 175 גרם חלבי OU,בלקוני Balconi,IT,בלקוני וופל קקאו 175,גרמים,175.00,100 גרם,false,,7.90,0.0451,true,1,1472251
7290018894804,false,וופלים במילוי קרם אגוזי לוז - חלבי,בלקוני Balconi,IT,בלקוני וופל אגוזים 1,גרמים,175.00,100 גרם,false,,7.90,0.0451,true,1,1472252
7290018921067,false,"ד""ר פישר - אפקטיב קר תחליב רחצה שמן שקדים 700 מ""ל",פישר מעבדות פרמצבטיות בע,IL,אפקטיב קר תחליב רחצה,מטרים,700.00,100 מ'ל,false,,16.90,0.0241,true,1,1457204
7290018921203,false,"קמיל בלו קרם החתלה קמומיל 120 ג' ד""ר פישר",פישר מעבדות פרמצבטיות בע,IL,קמיל בלו משחת החתלה,גרמים,120.00,100 גרם,false,,18.90,0.1575,true,1,1477199
7290018921265,false,"תחליב רחצה מועשר בתמצית אלוורה 700 מ""ל אפקטיב קר",פישר מעבדות פרמצבטיות בע,IL,אפקטיב קר תחליב רחצה,מטרים,700.00,100 מ'ל,false,,16.90,0.0241,true,1,1457206
7290018921456,false,"ד""ר פישר - אפקטיב קר תחליב רחצה שמן כותנה 700 מ""ל",פישר מעבדות פרמצבטיות בע,IL,אפקטיב קר תחליב רחצה,מטרים,700.00,100 מ'ל,false,,16.90,0.0241,true,1,1457208
7290018921616,false,רביעיית מגבוני קמיל בלו שיבולת שועל 64 יח',פישר תעשיות,IL,רביעיית מגבוני שיבול,יח',1.00,יח',false,,22.80,22.8000,true,1,1457209
7290018921654,false,"ד""ר פישר - אפקטיב קר תחליב רחצה תמצית לוונדר 700 מ""ל",פישר מעבדות פרמצבטיות בע,IL,אפקטיב קר תחליב רחצה,מטרים,700.00,100 מ'ל,false,,16.90,0.0241,true,1,1457210
7290018921807,false,"קמיל בלו משחת החתלה צמחי מרפא 120 ג' ד""ר פישר",פישר מעבדות פרמצבטיות בע,IL,קמיל בלו משחת החתלה,גרמים,120.00,100 גרם,false,,21.90,0.1825,true,1,1477201
7290018921852,false,"תחליב רחצה מועשר בשמן ארגן 700 מ""ל אפקטיב קר",פישר מעבדות פרמצבטיות בע,IL,אפקטיב קר תחליב רחצה,מטרים,700.00,100 מ'ל,false,,16.90,0.0241,true,1,1457212
7290018925065,false,מיץ פרימור תפוזים סחוט 2 ליטר-,"גניר (1992) בע""מ",IL,מיץ תפוזים פרימור 2,ליטרים,2.00,ליטר,false,,24.20,12.1000,true,1,1454612
7290018925072,false,משקה קל לימונים ונענע 2 ל פרימור,"גניר (1992) בע""מ",IL,מיץ לימונענע פרימור,ליטרים,2.00,ליטר,false,,25.20,12.6000,true,1,1454613
7290018925089,false,"מיץ פרימור תפו""ע צלול סחוט 2 ליטר-","גניר (1992) בע""מ",IL,"מיץ תפו""ע צלול פרימו",ליטרים,2.00,ליטר,false,,24.20,12.1000,true,1,1454614
7290018925096,false,משקה קל תפוזים פרימור 1.5 ליטר,פרימור,IL,פרימור משקה קל תפוזי,ליטרים,1.50,ליטר,false,,7.90,5.2667,true,1,1441373
7290018925102,false,משקה קל ענבים פרימור 1.5 ליטר,פרימור,IL,פרימור משקה קל ענבים,ליטרים,1.50,ליטר,false,,7.90,5.2667,true,1,1441374
7290018925119,false,משקה קל דיאט אשכוליות פרימור 1.5 ליטר,פרימור,IL,פרימור משקה קל דיאט,ליטרים,1.50,ליטר,false,,7.50,5.0000,true,1,1441375
7290018925126,false,משקה קל תפוחי עץ פרימור 1.5 ליטר,פרימור,IL,"פרימור משקה קל תפו""ע",ליטרים,1.50,ליטר,false,,7.90,5.2667,true,1,1441376
7290018925133,false,פרימור משקה קל מנגו ‏5‏.‏1‏ ליטר,פרימור,IL,פרימור משקה קל מנגו,ליטרים,1.50,ליטר,false,,7.90,5.2667,true,1,1441377
7290018925140,false,משקה קל אשכוליות פרימור 1.5 ליטר,פרימור,IL,פרימור משקה קל אשכול,ליטרים,1.50,ליטר,false,,7.90,5.2667,true,1,1441378
7290018925157,false,משקה קל לימונים פרימור 1.5 ליטר,פרימור,IL,פרימור משקה קל לימונ,ליטרים,1.50,ליטר,false,,7.90,5.2667,true,1,1441379
7290018925164,false,משקה קל תות בננה פרימור 1.5 ליטר,פרימור,IL,פרימור משקה קל תות-ב,ליטרים,1.50,ליטר,false,,7.90,5.2667,true,1,1441380
7290018940082,false,וירטואוזו רונדו חצי יבש 750מ,יקבי ארזה,IL,וירטואוזו רונדו חצי,מיליליטרים,750.00,"100 מ""ל",false,,44.90,0.0599,true,1,1469432
7290018989081,false,יכין חומוס הבית להכנת חומוס טרי 410 גי,זנלכל,IL,יכין חומוס הבית להכנ,גרמים,410.00,100 גרם,false,,7.70,0.0188,true,1,1477031
7290018989128,false,סירופ בטעם ענבים יכין 1 ליטר,"זנלכל בע""\מ",IL,יכין סירופ בטעם ענבי,מטרים,1000.00,100 מ'ל,false,,18.90,0.0189,true,1,1477032
7290018989135,false,סירופ בטעם פטל יכין 1 ליטר,"זנלכל בע""\מ",IL,יכין סירופ בטעם פטל,מטרים,1000.00,100 מ'ל,false,,18.90,0.0189,true,1,1477033
7290019038726,false,שישיית סודה נענע ליים מוגז רמילוי 250מל,,,שישיית סודה נענע ליי,מטרים,1500.00,100 מ'ל,false,,11.90,0.0079,true,1,1472719
7290019038733,false,שישיית סודה לימון מוגז רמילוי 250מל,,,שישיית סודה לימון מו,מטרים,1500.00,100 מ'ל,false,,11.90,0.0079,true,1,1472720
7290019044000,false,"תפו""א לבן ארוז",,,"תפו""א לבן ארוז",קילוגרמים,1.00,"ק""ג",true,,3.90,3.9000,true,1,1454155
7290019056027,false,שוופס מוגז פירות תפוחים ללא סוכר 1.5 ליטר פיקדון,"יפאורה תבורי בע""\מ",IL,משקה מוגז פירות תפוח,ליטרים,1.50,ליטר,false,,7.90,5.2667,true,1,1447568
7290019056034,false,שוופס מוגז פירות אננס ללא סוכר 1.5 ליטר פיקדון,"יפאורה תבורי בע""מ",IL,משקה מוגז פירות אננס,ליטרים,1.50,ליטר,false,,7.90,5.2667,true,1,1447569
7290019056041,false,שוופס מוגז פירות לימונייד ללא סוכר 1.5 ליטר פיקדון,"יפאורה תבורי בע""מ",IL,משקה מוגז פירות לימו,ליטרים,1.50,ליטר,false,,7.90,5.2667,true,1,1447570
7290019056058,false,שוופס מוגז עדין תפוח ליים 1.5 ליטר פיקדון,"יפאורה תבורי בע""\מ",IL,שוופס מוגז עדין תפוח,ליטרים,1.50,ליטר,false,,8.30,5.5333,true,1,1447571
7290019056065,false,שוופס מוגז עדין פירות יער 1.5 ליטר פיקדון,"יפאורה תבורי בע""\מ",IL,שוופס מוגז עדין פירו,ליטרים,1.50,ליטר,false,,8.30,5.5333,true,1,1447572
7290019056072,false,שוופס מוגז עדין אננס 1.5 ליטר פיקדון,מיוצר עי קונדיטוריית,IL,שוופס מוגז עדין אננס,ליטרים,1.50,ליטר,false,,8.30,5.5333,true,1,1447573
7290019056089,false,שוופס מוגז עדין ענבי ריזלינג 1.5 ליטר פיקדון,"יפאורה תבורי בע""\מ",IL,שוופס מוגז עדין ענבי,ליטרים,1.50,ליטר,false,,8.30,5.5333,true,1,1447574
7290019056096,false,שוופס מוגז עדין אפרסק 1.5 ליטר פיקדון,"יפאורה תבורי בע""\מ",IL,שוופס מוגז עדין אפרס,ליטרים,1.50,ליטר,false,,8.30,5.5333,true,1,1447575
7290019056164,false,שוופס סודה 1.5 ליטר רביעייה פיקדון,"יפאורה תבורי בע""\מ",IL,סודה שוופס 4*1.5 ליט,ליטרים,6.00,ליטר,false,,11.50,1.9167,true,1,1447581
7290019056171,false,שוופס סודה לימון 1.5 ליטר רביעייה פיקדון,"יפאורה תבורי בע""\מ",IL,סודה לימון שוופס 4*1,ליטרים,6.00,ליטר,false,,11.50,1.9167,true,1,1447582
7290019056188,false,שוופס סודה נענע ליים 1.5 ליטר רביעייה פיקדון,"יפאורה תבורי בע""\מ",IL,סודה נענע ליים שוופס,ליטרים,6.00,ליטר,false,,11.50,1.9167,true,1,1447583
7290019056201,false,שוופס סודה פירות יער 1.5 ליטר רביעייה פיקדון,"יפאורה תבורי בע""\מ",IL,סודה פירות יער שוופס,ליטרים,6.00,ליטר,false,,11.50,1.9167,true,1,1447585
7290019056232,false,משקה מוגז בטעם ליים מוחיטו 1.5 ל' שוופס,"יפאורה תבורי בע""\מ",IL,שוופס מוגז עדין מוחי,ליטרים,1.50,ליטר,false,,8.50,5.6667,true,1,1447586
7290019056249,false,שוופס מים בטעמים ענבים 1.5 ליטר פיקדון,מיוצר עי קונדיטוריית,IL,מים בטעם ענבים שוופס,ליטרים,1.50,ליטר,false,,7.80,5.2000,true,1,1447587
7290019056256,false,שוופס מים בטעמים תפוחים 1.5 ליטר פיקדון,מיוצר עי קונדיטוריית,IL,מים בטעם תפוחים שוופ,ליטרים,1.50,ליטר,false,,7.80,5.2000,true,1,1447588
7290019056263,false,שוופס מים בטעמים אפרסק 1.5 ליטר פיקדון,מיוצר עי קונדיטוריית,IL,מים בטעם אפרסק שוופס,ליטרים,1.50,ליטר,false,,7.80,5.2000,true,1,1447589
7290019056270,false,שוופס מים בטעמים פירות יער 1.5 ליטר פיקדון,"יפאורה תבורי בע""\מ",IL,מים בטעם פירות יער ש,ליטרים,1.50,ליטר,false,,7.80,5.2000,true,1,1447590
7290019056287,false,שוופס מים בטעמים אפרסק ללא סוכר 1.5 ליטר פיקדון,יפאורה שותפות מובגלת לשי,IL,מים בטעם אפרסק לייט,ליטרים,1.50,ליטר,false,,7.90,5.2667,true,1,1447591
7290019056300,false,משקה בטעם ביטר לימון 1.5 ל' שוויפס,"יפאורה תבורי בע""\מ",IL,ביטר למון שוופס 1.5,ליטרים,1.50,ליטר,false,,11.90,7.9333,true,1,1447593
7290019056317,false,שוופס ראשן 1.5 ליטר פיקדון,"יפאורה תבורי בע""\מ",IL,ראשן שוופס 1.5 ליטר,ליטרים,1.50,ליטר,false,,11.90,7.9333,true,1,1447594
7290019056324,false,שוופס טוניק 1.5 ליטר פיקדון,"יפאורה תבורי בע""\מ",IL,טוניק שוופס 1.5 ליטר,ליטרים,1.50,ליטר,false,,11.90,7.9333,true,1,1447595
7290019056331,false,שוופס טוניק ללא סוכר 1.5 ליטר פיקדון,מיוצר עי קונדיטוריית,IL,טוניק ללא סוכר שוופס,ליטרים,1.50,ליטר,false,,11.50,7.6667,true,1,1447596
7290019056355,false,תפוזינה לימונדה MIX לימונענע 1.5 ליטר,"יפאורה תבורי בע""\מ",IL,תפוזינה לימונענע 1.5,ליטרים,1.50,ליטר,false,,7.90,5.2667,true,1,1447597
7290019056362,false,תפוזינה ענבים 1.5 ליטר פיקדון,"יפאורה תבורי בע""\מ",IL,תפוזינה ענבים 1.5 לי,ליטרים,1.50,ליטר,false,,7.90,5.2667,true,1,1447598
7290019056379,false,תפוזינה תפוזים 1.5 ליטר פיקדון,"יפאורה תבורי בע""\מ",IL,תפוזינה תפוזים 1.5 ל,ליטרים,1.50,ליטר,false,,7.90,5.2667,true,1,1447599
7290019056386,false,פתוזינה אשכולית 1.5 ליטר פיקדון,"יפאורה תבורי בע""\מ",IL,תפוזינה אשכוליות 1.5,ליטרים,1.50,ליטר,false,,7.90,5.2667,true,1,1447600
7290019056393,false,תפוזינה תות בננה 1.5 ליטר פיקדון,"יפאורה תבורי בע""\מ",IL,תפוזינה תות בננה 1.5,ליטרים,1.50,ליטר,false,,7.90,5.2667,true,1,1447601
7290019056409,false,תפוזינה מנגו 1.5 ליטר פיקדון,"יפאורה תבורי בע""\מ",IL,תפוזינה מנגו 1.5 לי,ליטרים,1.50,ליטר,false,,7.90,5.2667,true,1,1447602
7290019056423,false,מיץ בטעם תפוח רענן 1.5ל' תפוזינה,"יפאורה תבורי בע""\מ",IL,תפוזינה תפוחים 1.5 ל,ליטרים,1.50,ליטר,false,,7.90,5.2667,true,1,1447604
7290019056430,false,תפוזינה תפוזים לייט 1.5 ליטר פיקדון,"יפאורה תבורי בע""\מ",IL,תפוזינה תפוזים לייט,ליטרים,1.50,ליטר,false,,7.80,5.2000,true,1,1447605
7290019056447,false,תפוזינה אשכוליות לייט 1.5 ליטר פיקדון,"יפאורה תבורי בע""\מ",IL,תפוזינה אשכוליות ליי,ליטרים,1.50,ליטר,false,,7.80,5.2000,true,1,1447606
7290019056461,false,מארז משקה בטעם קולה שישייה * 1.5 ל' אר.סי,"יפאורה תבורי בע""\מ",IL,ארסי קולה שישייה 1.5,ליטרים,9.00,ליטר,false,,37.90,4.2111,true,1,1447608
7290019056478,false,ספרינג טי קר אפרסק 1.5ליטר פיקדון,"יפאורה תבורי בע""\מ",IL,תה קר בטעם אפרסק ספר,ליטרים,1.50,ליטר,false,,7.20,4.8000,true,1,1447609
7290019056485,false,ספריג תה ירוק לימון לואיזה 1.5 ליטר פיקדון,"יפאורה תבורי בע""\מ",IL,תה קר לימון לואיזה ס,ליטרים,1.50,ליטר,false,,7.20,4.8000,true,1,1447610
7290019056492,false,ספרינג תה מנגו אפרסק 1.5 ליטר פיקדון,"יפאורה תבורי בע""\מ",IL,תה קר מנגו אפרסק ספר,ליטרים,1.50,ליטר,false,,7.20,4.8000,true,1,1447611
7290019056508,false,פרוט ווטר ענבים 1.5 ליטר פיקדון,"יפאורה תבורי בע""\מ",IL,פרוט ווטר ענבים 1.5,ליטרים,1.50,ליטר,false,,7.90,5.2667,true,1,1447612
7290019056515,false,פרוט ווטר אננס 1.5 ליטר פיקדון,"יפאורה תבורי בע""\מ",IL,פרוט ווטר אננס 1.5 ל,ליטרים,1.50,ליטר,false,,7.90,5.2667,true,1,1447613
7290019056522,false,פרוט ווטר תות 1.5 ליטר פיקדון,"יפאורה תבורי בע""\מ",IL,פרוט ווטר תות 1.5 לי,ליטרים,1.50,ליטר,false,,7.90,5.2667,true,1,1447614
7290019056539,false,פרוט ווטר אפרסק 1.5 ליטר פיקדון,"יפאורה תבורי בע""\מ",IL,פרוט ווטר אפרסק 1.5,ליטרים,1.50,ליטר,false,,7.90,5.2667,true,1,1447615
7290019056546,false,פרוט ווטר אבטיח 1.5 ליטר פיקדון,"יפאורה תבורי בע""\מ",IL,פרוט ווטר אבטיח 1.5,ליטרים,1.50,ליטר,false,,7.90,5.2667,true,1,1447616
7290019056553,false,שישיית מים מינרלים עין גדי 2 ליטר,עין גדי מים מינרליים,IL,מים עין גדי 2 ליטר ש,ליטרים,12.00,ליטר,false,,12.70,1.0583,true,1,1447617
7290019056560,false,עין גדי 2 ליטר בק' בודד פיקדון,עין גדי מיים מינרלים,IL,מים עין גדי 2 ליטר,ליטרים,2.00,ליטר,false,,3.20,1.6000,true,1,1447618
7290019056577,false,משקה קל מנגו ספרינג 1.5 ליטר,"יפאורה תבורי בע""\מ",IL,משקה קל מנגו ספרינג,ליטרים,1.50,ליטר,false,,7.90,5.2667,true,1,1447619
7290019056584,false,משקה קל תפוזים ספרינג 1.5 ליטר,"יפאורה תבורי בע""\מ",IL,משקה קל תפוזים ספרינ,ליטרים,1.50,ליטר,false,,7.90,5.2667,true,1,1447620
7290019056591,false,משקה קל ענבים ספרינג 1.5 ליטר,"יפאורה תבורי בע""\מ",IL,משקה קל ענבים ספרינג,ליטרים,1.50,ליטר,false,,7.90,5.2667,true,1,1447621
7290019056607,false,משקה קל תפוחים ספרינג 1.5 ליטר,"יפאורה תבורי בע""\מ",IL,משקה קל תפוחים ספרינ,ליטרים,1.50,ליטר,false,,7.90,5.2667,true,1,1447622
7290019056614,false,משקה קל אפרסק ספרינג 1.5 ליטר,"יפאורה תבורי בע""\מ",IL,משקה קל אפרסק ספרינג,ליטרים,1.50,ליטר,false,,7.90,5.2667,true,1,1447623
7290019056638,false,משקה קל תות בננה ספרינג 1.5 ליטר,"יפאורה תבורי בע""\מ",IL,משקה קל תות בננה ספר,ליטרים,1.50,ליטר,false,,7.90,5.2667,true,1,1447625
7290019056645,false,משקה קל אגס תפוח סברס ספרינג 1.5 ליטר,"יפאורה תבורי בע""\מ",IL,משקה קל אגס תפוח סבר,ליטרים,1.50,ליטר,false,,7.90,5.2667,true,1,1447626
7290019056652,false,משקה קל אננס בננה ספרינג 1.5 ליטר,"יפאורה תבורי בע""\מ",IL,משקה קל אננס בננה ספ,ליטרים,1.50,ליטר,false,,7.90,5.2667,true,1,1447627
7290019056669,false,משקה קל תפוחים דיאט ספרינג 1.5 ליטר,"יפאורה תבורי בע""\מ",IL,משקה קל תפוחים דיאט,ליטרים,1.50,ליטר,false,,7.80,5.2000,true,1,1447628
7290019056676,false,משקה קל אשכולית אננס דיאט ספרינג 1.5 ליטר,"יפאורה תבורי בע""\מ",IL,משקה קל אשכולית אננס,ליטרים,1.50,ליטר,false,,7.80,5.2000,true,1,1447629
7290019056737,false,קריסטל מיץ אשכוליטרות 2 ליטר,"יפאורה תבורי בע""\מ",IL,משקה אשכוליות קריסטל,ליטרים,2.00,ליטר,false,,6.90,3.4500,true,1,1447634
7290019056744,false,קריסטל מיץ תפוזים 2 ליטר פיקדון,"יפאורה תבורי בע""\מ",IL,משקה מיץ תפוזים קריס,ליטרים,2.00,ליטר,false,,6.90,3.4500,true,1,1447635
7290019056751,false,קריסטל מיץ אשכוליות דיאט 2 ליטר פיקדון,"יפאורה תבורי בע""\מ",IL,משקה מיץ אשכולית דיא,ליטרים,2.00,ליטר,false,,6.90,3.4500,true,1,1447636
7290019056775,false,קריסטל מוגז ענבים 2 ליטר פיקדון,"יפאורה תבורי בע""\מ",IL,משקה קריסטל מוגז ענב,ליטרים,2.00,ליטר,false,,6.90,3.4500,true,1,1447638
7290019056782,false,משקה מוגז בטעם לימון ליים 2 ל' קריסטל,"יפאורה תבורי בע""\מ",IL,משקה קריסטל מוגז למו,ליטרים,2.00,ליטר,false,,6.90,3.4500,true,1,1447639
7290019056799,false,קריסטל מוגז אקזוטי 2 ליטר פיקדון,"יפאורה תבורי בע""\מ",IL,משקה קריסטל מוגז אקז,ליטרים,2.00,ליטר,false,,6.90,3.4500,true,1,1447640
7290019056805,false,קריסטל מוגז תפוחים 2 ליטר פיקדון,"יפאורה תבורי בע""\מ",IL,משקה קריסטל מוגז תפו,ליטרים,2.00,ליטר,false,,6.90,3.4500,true,1,1447641
7290019056829,false,קריסטל מוגז תפוזים 2 ליטר פיקדון,"יפאורה תבורי בע""\מ",IL,משקה קריסטל מוגז תפו,ליטרים,2.00,ליטר,false,,6.90,3.4500,true,1,1447643
7290019056836,false,קריסטל מוגז תות 2 ליטר פיקדון,"יפאורה תבורי בע""\מ",IL,משקה קריסטל מוגז תות,ליטרים,2.00,ליטר,false,,6.90,3.4500,true,1,1447644
7290019056843,false,קריסטל מוגז קולה 2 ליטר פיקדון,"יפאורה תבורי בע""\מ",IL,משקה קריסטל מוגז קול,ליטרים,2.00,ליטר,false,,6.90,3.4500,true,1,1447645
7290019056850,false,ספרינג תה אפרסק דיאט 1.5 ליטר פיקדון,"יפאורה תבורי בע""\מ",IL,תה קר אפרסק דיאט ספר,ליטרים,1.50,ליטר,false,,7.20,4.8000,true,1,1447646
7290019056959,false,מי עדן 1.5 ליטר בק' בודד פיקדון,"מופק ממקור בזלתי עדן ,1",IL,מי עדן 1.5ל,ליטרים,1.50,ליטר,false,,2.80,1.8667,true,1,1447647
7290019056973,false,שישיית מי עדן 1.5 ליטר משפחתי,"מופק ממקור בזלתי עדן ,1",IL,מים מינרלים מי עדן 6,ליטרים,9.00,ליטר,false,,12.70,1.4111,true,1,1447648
7290019074762,false,"אפקטיב קר תחליב רחצה מועשר בשמן כותנה 450 מ""ל","ד""ר פישר",IL,אפקטיב קר תחליב רחצה,מטרים,450.00,100 מ'ל,false,,9.90,0.0220,true,1,1477203
7290019075103,false,קמיל בלו אקסטרה סופט שמפו לתינוק 1 ליטר,פישר מעבדות פרמצבטיות בע,IL,קמיל בלו אקסטרה סופט,מטרים,1000.00,100 מ'ל,false,,32.90,0.0329,true,1,1486446
7290019075400,false,"אפקטיב קר תחליב רחצה מועשר בשיבולת שועל 700 מ""ל",פישר מעבדות פרמצבטיות בע,IL,תחליב רחצה אפקטיב בש,מטרים,700.00,100 מ'ל,false,,16.90,0.0241,true,1,1493987
7290019075608,false,"אפקטיב קר תחליב רחצה מועשר בתה ירוק ויסמין 700 מ""ל",פישר מעבדות פרמצבטיות בע,IL,תחליב רחצה אפקטיב קר,מטרים,700.00,100 מ'ל,false,,16.90,0.0241,true,1,1493989
7290019075899,false,קמיל בלו אקסטרה סופט אל סבון לתינוק 1 ליטר,פישר מעבדות פרמצבטיות בע,IL,קמיל בלו אקסטרה סופט,ליטרים,1.00,ליטר,false,,32.90,32.9000,true,1,1486447
7290019108009,false,פומאז- מעדן שוקולד שקדים 120 גרם,,IL,מעדן שקדים שוקולד טב,גרמים,120.00,100 גרם,false,,9.90,0.0825,true,1,1480614
7290019108023,false,פומאז מעדן פו מוס שקדים שוקולד 120 גרם,,IL,מעדן שקדים שוקולד וק,גרמים,120.00,100 גרם,false,,9.90,0.0825,true,1,1480584
7290019108610,false,פומאז- מעדן שוקולד ואמרנה 120 גרם,,IL,מעדן שוקולד ודובדבני,גרמים,120.00,100 גרם,false,,9.90,0.0825,true,1,1480586
7290019153023,false,אר.סי. קולה ללא סוכר 1.5 ל' מארז רביעייה,"יפאורה תבורי בע""\מ",IL,"אר.סי קולה לל""ס 4*1.",מטרים,6000.00,100 מ'ל,false,,23.90,0.0040,true,1,1447649
7290019153078,false,"שוופס ביטר למון לייט, 1.5 ליטר פקדון","יפאורה תבורי בע""\מ",IL,שוופס ביטר למון לייט,ליטרים,1.50,ליטר,false,,11.90,7.9333,true,1,1447650
7290019153085,false,שוופס מוגז ליים מוחיטו ללא סוכר 1.5 ליטר-,"יפאורה תבורי בע""\מ",IL,שוופס מוחיטו ללא סוכ,ליטרים,1.50,ליטר,false,,7.90,5.2667,true,1,1447651
7290019153252,false,שוופס סודה תפוח 1.5 ליטר רביעייה פיקדון,"יפאורה תבורי בע""\מ",IL,סודה תפוח שוופס 4*1.,ליטרים,6.00,ליטר,false,,11.50,1.9167,true,1,1447653
7290019153269,false,שוופס סודה אננס 1.5 ליטר רביעייה פיקדון,"יפאורה תבורי בע""\מ",IL,סודה אננס שוופס 4*1.,ליטרים,6.00,ליטר,false,,11.50,1.9167,true,1,1447654
7290019153313,false,"משקהתפוח חמוציות אוכמניות 350 מ""ל פרות & ווג",יפאורה תבורי בעמ,IL,פרוט אנד ג'י תפוח 3,מיליליטרים,350.00,"100 מ""ל",false,,6.90,0.0197,true,1,1476892
7290019153351,false,מיץ בטעם פינק אוזו 1.5 ל' תפוזינה,"יפאורה תבורי בע""\מ",IL,תפוזינה פינק אוזו 1.,ליטרים,1.50,ליטר,false,,7.90,5.2667,true,1,1476292
7290019153375,false,מיץ בטעם מוחיטו 1.5 ל' תפוזינה,"יפאורה תבורי בע""\מ",IL,תפוזינה מוחיטו 1.5לי,ליטרים,1.50,ליטר,false,,7.90,5.2667,true,1,1476293
7290019153566,false,משקה קל רימון אוכמניות דובדבן ספרינג 1.5 ליטר,יפאורה תבורי,IL,משקה קל רימון אוכמני,ליטרים,1.50,ליטר,false,,7.90,5.2667,true,1,1488810
7290019204008,false,עוף טוב פסטרמה ארבעה פלפלים 350 גרם,עיצובים 2020 (4.9),IL,פסטרמה ארבעה פלפלים,גרמים,350.00,גרם,false,,24.90,0.0711,true,1,1476851
7290019204206,false,עוף טוב פסטרמה בסגנון רומני 320 גרם,עיצובים 2020 (4.9),IL,פסטרמה בסגנון רומני,גרמים,320.00,גרם,false,,24.90,0.0778,true,1,1476853
7290019232094,false,חליטת פירות וצמחים אפרסק הגן הקסום ויסוצקי 25 יחידות,תה ויסוצקי,IL,חליטת פירות טעם אפרס,100 יח,25.00,100 יח,false,,16.90,0.6760,true,1,1451337
7290019232155,false,"חליטת ""לילה טוב"" קמומיל לבנדר ו25 שקיקים ויסוצקי",תה ויסוצקי,IL,ויסוצקי פלוס לילה טו,גרמים,37.50,100 גרם,false,,21.90,0.5840,true,1,1504494
7290019232162,false,"חליטת ""לילה טוב"" קמומיל מליסה 25 שקיקים ויסוצקי",תה ויסוצקי,IL,ויסוצקי פלוס לילה טו,גרמים,37.50,100 גרם,false,,21.90,0.5840,true,1,1504495
7290019232179,false,חליטת לילה טוב נענע 25 שקיקים ויסוצקי,תה ויסוצקי,IL,ויסוצקי פלוס תה ירוק,גרמים,37.50,100 גרם,false,,21.90,0.5840,true,1,1504496
7290019232193,false,תה ירוק לימונית ג'ינג'ר STAY WELL שקיקים 25 ויסוצקי,תה ויסוצקי,IL,ויסוצקי פלוס ויטמיני,גרמים,37.50,100 גרם,false,,21.90,0.5840,true,1,1504498
7290019232353,false,תה ירוק סיני 50 שקיקים ויסוצקי,תה ויסוצקי,IL,תה ירוק סיני 50 יחיד,גרמים,75.00,100 גרם,false,,39.90,0.5320,true,1,1482681
7290019232803,false,הולגריין ביסקוויט+קרם חלב ושוקולד חלב 300 גרם רבנות,"אולקר ביסקווי סנאי, א.ס.",TR,הולגריין ביסקוויט עם,100 יח,300.00,100 יח,false,,10.90,0.0363,true,1,1451338
7290019232827,false,הולגריין ביסקוויט במילוי אגוזי לוז 300 גרם רבנות,"אולקר ביסקווי סנאי, א.ס.",TR,הולגריין ביסקוויט במ,100 יח,300.00,100 יח,false,,10.90,0.0363,true,1,1451340
7290019232834,false,פליפז בייגלה מצופה קרם עוגיות ושוקולד מקוויטיס 140 גרם,אולקר מקבוצת פלאדיס,TR,פליפז בייגלה מצופה ק,100 יח,140.00,100 יח,false,,7.90,0.0564,true,1,1451341
7290019233008,false,רוטב עגבניות עם קוביות ארטישוק ושמן זית 420ג ויסוצקי,דליציה דורה אס.אר.אל,IT,זיתא רוטב שקשוקה ארט,יח',1.00,יח',false,,13.80,13.8000,true,1,1451342
7290019233015,false,רוטב שקשוקה תבשיל ירקות עם שמן זית כתית מעולה 420ג זיתא,זיתא,IT,זיתא שקשוקה ירוקה 42,גרמים,420.00,100 גרם,false,,13.80,0.0329,true,1,1451343
7290019233022,false,רוטב עגבניות עם קוביות ושמן זית 420ג זיתא,דליציה דורה אס.אר.אל,IT,זיתא רוטב שקשוקה חצי,יח',1.00,יח',false,,13.80,13.8000,true,1,1451344
7290019233039,false,רוטב עגבניות עם קוביות פלפלים ושמן זית 420ג' ויסוצקי,דליציה דורה אס.אר.אל,IT,זיתא רוטב שקשוקה קלא,יח',1.00,יח',false,,13.80,13.8000,true,1,1451345
7290019233046,false,זית קלמטה בלונד מרינד עם שמן זית 215 גרם,זיתא - י.ט.ב תעשיות,IL,זית קלמטה בלונד עם ש,גרמים,215.00,100 גרם,false,,13.50,0.0628,true,1,1451346
7290019297451,false,מי ורדים שקדיה 500 מ,אף.סי תבליני בגליל ב,BE,מי ורדים 500 מל,מיליליטרים,500.00,"100 מ""ל",false,,13.90,0.0278,true,1,1473526
7290019297512,false,"רוטב רימונים שקדיה 340 מ""ל בדץ",סיטוגלוגידה,TR,רוטב רימונים שקדיה 3,גרמים,340.00,100 גרם,false,,9.90,0.0291,true,1,1473528
7290019302315,false,"ייו buzz אבטיח מלון 750 מ""ל",יקבי כרמל,IL,באזז אבטיח מלון 750מ,מטרים,750.00,100 מ'ל,false,,22.90,0.0305,true,1,1477055
7290019308041,false,שעועית ירוקה שלמה 800 ג,,,שעועית ירוקה שלמה 80,גרמים,800.00,100 גרם,false,,6.90,0.0086,true,1,1482339
7290019308058,false,שעועית ירוקה חתוכה 800 גרם,,,שעועית ירוקה חתוכה 8,גרמים,800.00,100 גרם,false,,6.90,0.0086,true,1,1482340
7290022005005,false,פפריקה מרוקאית מתוקה רמי לוי,תבליני מימון,IL,פפריקה מרוקאית מתוקה,גרמים,400.00,100 גרם,false,,19.90,0.0497,true,1,1461108
7290022005012,false,פפריקה הונגרית מתוקה רמי לוי 400 גרם,רמי לוי,IL,פפריקה הונגרית מתוקה,גרמים,400.00,100 גרם,false,,19.90,0.0497,true,1,1461109
7290022005029,false,כורכום טחון רמי לוי 250 גרם,רמי לוי,IL,כורכום טחון רמי לוי,גרמים,250.00,100 גרם,false,,15.90,0.0636,true,1,1461110
7290022005043,false,כמון טחון רמי לוי 250 גרם,רמי לוי,IL,כמון טחון רמי לוי 25,גרמים,250.00,100 גרם,false,,15.90,0.0636,true,1,1461112
7290022005173,false,פלפל שחור טחון רמי לוי 100 גרם,רמי לוי,IL,פלפל שחור טחון רמי ל,גרמים,100.00,100 גרם,false,,11.90,0.1190,true,1,1461114
7290022005180,false,פלפל שחור גרוס דק רמי לוי 90 גרם,רמי לוי,IL,פלפל שחור גרוס דק רמ,גרמים,90.00,100 גרם,false,,11.90,0.1322,true,1,1461115
7290022005197,false,פפריקה מתוקה רמי לוי 100 גרם,רמי לוי,IL,פפריקה מתוקה רמי לוי,גרמים,100.00,100 גרם,false,,7.50,0.0750,true,1,1461116
7290022005203,false,כורכום הודי טחון רמי לוי 100 גרם,רמי לוי,IL,כורכום הודי טחון רמי,גרמים,100.00,100 גרם,false,,8.60,0.0860,true,1,1461117
7290022005210,false,כמון רמי לוי 100 גרם,רמי לוי,IL,כמון רמי לוי 100 גרם,גרמים,100.00,100 גרם,false,,8.60,0.0860,true,1,1461118
7290022005227,false,שום טחון רמי לוי 100 גרם,רמי לוי,IL,שום טחון רמי לוי 100,גרמים,100.00,100 גרם,false,,11.90,0.1190,true,1,1461119
7290022005234,false,תיבול לגריל עוף רמי לוי 100 גרם,רמי לוי,IL,תיבול לגריל עוף רמי,גרמים,100.00,100 גרם,false,,8.60,0.0860,true,1,1461120
7290022005241,false,זעתר ושומשום רמי לוי 100 גרם,רמי לוי,IL,זעתר ושומשום רמי לוי,גרמים,100.00,100 גרם,false,,8.60,0.0860,true,1,1461121
7290022005258,false,קינמון טחון רמי לוי 100 גרם,רמי לוי,IL,קינמון טחון רמי לוי,גרמים,100.00,100 גרם,false,,7.90,0.0790,true,1,1461122
7290022005265,false,פפריקה הונגרית חריפה רמי לוי 100 גרם,רמי לוי,IL,פפריקה הונגרית חריפה,גרמים,100.00,100 גרם,false,,8.60,0.0860,true,1,1461123
7290022005272,false,פפריקה הונגרית מתוקה רמי לוי 100 גרם,רמי לוי,IL,פפריקה הונגרית מתוקה,גרמים,100.00,100 גרם,false,,8.60,0.0860,true,1,1461124
7290022005289,false,שום גבישי רמי לוי 120 גרם,רמי לוי,IL,שום גבישי רמי לוי 12,גרמים,100.00,100 גרם,false,,11.90,0.1190,true,1,1461125
7290022005296,false,אורגנו רמי לוי 40 גרם,רמי לוי,IL,אורגנו רמי לוי 40 גר,גרמים,40.00,100 גרם,false,,7.90,0.1975,true,1,1461126
7290022005333,false,פודינג וניל רמי לוי 80 גרם,רמי לוי,IL,פודינג וניל רמי לוי,גרמים,90.00,100 גרם,false,,3.50,0.0389,true,1,1461130
7290022005340,false,פודינג שוקולד רמי לוי 90 גרם,רמי לוי,IL,פודינג שוקולד רמי לו,גרמים,90.00,100 גרם,false,,3.50,0.0389,true,1,1461131
7290022005357,false,תערובת בראוניס רמי ל,רמי לוי,IL,תערובת בראוניס רמי ל,גרמים,560.00,100 גרם,false,,13.90,0.0248,true,1,1461132
7290022005364,false,תערובת כדורי שוקולד,רמי לוי,IL,תערובת כדורי שוקולד,גרמים,560.00,100 גרם,false,,13.90,0.0248,true,1,1461133
7290022005371,false,תערובת עוגת וניל רמי לוי 560 גרם,תבליני מימון,IL,תערובת עוגת וניל רמי,גרמים,560.00,100 גרם,false,,13.90,0.0248,true,1,1461134
7290022005388,false,תערובת עוגת שוקולד רמי לוי 560 גרם,תבליני מימון,IL,תערובת עוגת שוקולד ר,גרמים,560.00,100 גרם,false,,13.90,0.0248,true,1,1461135
7290022005555,false,תבלין פילדלפיה מימון 120 גרם,א.ל ייצור ושיווק תבל,,פילדלפיה,גרמים,120.00,100 גרם,false,,11.50,0.0958,true,1,1441352
7290022005562,false,קריספ פירורי לחם שום 300 גרם מיימונס,א.ל ייצור ושיווק תבל,IL,קריספ פירורי לחם עם,גרמים,300.00,100 גרם,false,,7.50,0.0250,true,1,1441353
7290055090801,false,כרמית שוקולד לבן ללא תוספת סוכר 85 גרם,"כרמית תעשיות ממתקים בע""\",IL,כרמית שוקולד לבן ללא,גרמים,85.00,100 גרם,false,,4.90,0.0576,true,1,1453376
7290100240137,false,"תרסיס ריחני למייבש כחול בדין 500 מ""ל","זוהר דליה, קיבוץ דליה, 1",IL,בדין תרסיס למייבש כב,מיליליטרים,500.00,"100 מ""ל",false,,14.90,0.0298,true,1,1447802
7290100240144,false,"תרסיס ריחני למייבש ורוד בדין 500 מ""ל","זוהר דליה, קיבוץ דליה, 1",IL,בדין תרסיס למייבש כב,מיליליטרים,500.00,"100 מ""ל",false,,14.90,0.0298,true,1,1447803
7290100240656,false,"פתית שיפון בד""צ חדש 300X24 גר'",יוניליוור ישראל מזון בע\,IL,פתית שיפון תלמה 300,גרמים,300.00,100 גרם,false,,14.90,0.0497,true,1,1447805
7290100243671,false,"מרכך כביסה מרוכז אקסטרה כחול בדין 960 מ""ל",יוניליוור סנאיי וי טיקאר,TR,בדין אקסטרא מרוכז כח,מיליליטרים,960.00,"100 מ""ל",false,,15.90,0.0166,true,1,1447807
7290100245231,false,נמס בכוס מרק בטעם עוף עם אטריות ושקדי מרק-2 שקיות,יוניליוור ישראל מזון בע\,IL,נמס בכוס טעם עוף ושק,גרמים,50.00,100 גרם,false,,6.50,0.1300,true,1,1447808
7290100249598,false,"רוטב לעוף שום ודבש קנור 320 גרם בד""צ",יוניליוור ישראל מזון בע\,IL,קנור רוטב שום ודבש ל,גרמים,310.00,100 גרם,false,,9.90,0.0319,true,1,1447814
7290100249659,false,"רוטב לעוף צ'ילי מתוק ושום קנור 320 גרם בד""צ",יוניליוור ישראל מזון בע\,IL,קנור רוטב לעוף צ'ילי,גרמים,310.00,100 גרם,false,,9.90,0.0319,true,1,1447815
7290100411254,false,מחית בוליווד תפוח ובננה 190 גרם ללא תוספ,בילובד Beloved,SK,BELOVED מחית תפוח וגזר 10,גרמים,190.00,100 גרם,false,,5.90,0.0311,true,1,1450915
7290100412442,false,קוויק מטליות לחות 99.9% לניקוי שירותים ומקלחות בריח מנטה 50 יחידות,די.פי.אל,IL,קוויק מגבונים לניקוי,יח',50.00,יח',false,,7.90,0.1580,true,1,1450919
7290100412770,false,"ד""ר עור - תחליב רחצה קלאסי בניחוח מאסק 700 מ""ל","אמיליה קוסמטיקס בע""מ",IL,"ד""ר עור תחליב רחצה מ",מיליליטרים,700.00,"100 מ""ל",false,,14.90,0.0213,true,1,1450923
7290100412787,false,"ד""ר עור - תחליב רחצה קלאסי בניחוח פריחת הכותנה 700 מ""ל","אמיליה קוסמטיקס בע""מ",IL,"ד""ר עור תחליב רחצה כ",מיליליטרים,700.00,"100 מ""ל",false,,14.90,0.0213,true,1,1450924
7290100653463,false,"פלמוליב - ארומה ג'ל רחצה מסאז' 500 מ""ל",קולגייט-פלמוליב,TR,פלמוליב סבון נוזלי ס,מיליליטרים,500.00,"100 מ""ל",false,,15.90,0.0318,true,1,1444914
7290100653586,false,"דאודורנט ג'ל פרש פיוזן 24/7 ליידי ספיד סטיק 65 מ""ל",ליידי ספיד סטיק Lady Speed Stick,US,דאודורנט ג'ל פרש פיו,גרמים,65.00,100 גרם,false,,14.90,0.2292,true,1,1444915
7290100658338,false,"נוזל לניקוי כלים אוקסי פלוס פלמוליב 750 מ""ל",הנסיך- מפעל לייצור ט,GR,נוזל לניקוי כלים אוק,מיליליטרים,750.00,"100 מ""ל",false,,11.90,0.0159,true,1,1444917
7290100659090,false,פרי חטיפים ללא גלוטן ותוספת סוכר מארז 5 תמרים וקינמון,טבעית מוצרים מן הטבע בעמ,IL,פרי חטיפים ללא גלוטן,גרמים,100.00,100 גרם,false,,15.90,0.1590,true,1,1444918
7290100680650,false,מנה חמה נודלס-אטריות ירקות טעם תאילנדי אסם 76 ג',PUB FOODS PRESIDENT THAI,TH,מנה חמה נודלס בסגנון,גרמים,76.00,100 גרם,false,,4.90,0.0645,true,1,1446680
7290100680667,false,מנה חמה נודלס-אטריות+ירקות טעם סצ'ואן,PUB FOODS PRESIDENT THAI,TH,מנה חמה נודלס בסגנון,גרמים,76.00,100 גרם,false,,4.90,0.0645,true,1,1446681
7290100680711,false,פירורית זהב אסם זהב 350ג',עינת תעשיות מזון אגו,IL,פירורית זהב אסם 350,גרמים,350.00,100 גרם,false,,7.90,0.0226,true,1,1446682
7290100680728,false,פירורית רגילה שקית 350 גרם,מיוצר עי קונדיטוריית,IL,פירורית אסם 350 גרם,גרמים,350.00,100 גרם,false,,6.90,0.0197,true,1,1446683
7290100681015,false,אינסטנט פודינג בטעם ריבת חלב אסם 84 גרם,מיוצר עי קונדיטוריית,IL,אינסטנט פודינג בטעם,גרמים,84.00,100 גרם,false,,4.90,0.0583,true,1,1446684
7290100681138,false,מארז אפרופו חטיף תירס 3 יחידות,"אסם השקעות בע""\מ",IL,חטיף אפרופו תירס אסם,גרמים,150.00,100 גרם,false,,12.90,0.0860,true,1,1446686
7290100681510,false,סירופ דיאט בטעם אשכולית אדומה עסיס 1 ליטר,בית-השיטה עסיס תעשיות מז,IL,סירופ דיאט בטעם אשכו,ליטרים,1.00,ליטר,false,,17.90,17.9000,true,1,1446688
7290100683880,false,פירה אסם ללא צורך בבישול 260 גרם,"אסם השקעות בע""\מ",IL,פירה להכנה מהירה אסם,גרמים,260.00,100 גרם,false,,13.90,0.0535,true,1,1446689
7290100685136,false,"אבקת מרק בטעם עוף אסם 1 ק""ג","אסם השקעות בע""\מ",IL,אבקת מרק בטעם עוף אס,גרמים,1000.00,100 גרם,false,,12.90,0.0129,true,1,1446693
7290100685334,false,אבקת מרק עוף אמיתי בשרי רכיבים טבעיים אסם 400 גרם,"אסם השקעות בע""\מ",IL,אבקת מרק עוף אמיתי ב,גרמים,400.00,100 גרם,false,,19.90,0.0497,true,1,1446694
7290100685341,false,אבקת מרק טעם עוף זך רכיבים טבעיים אסם 400 גרם,"אסם השקעות בע""\מ",IL,אבקת מרק טעם עוף זך,גרמים,400.00,100 גרם,false,,13.90,0.0348,true,1,1446695
7290100686164,false,מארז מולטיפק ביסלי ברביקיו 6 יח 35 גר יח,מיוצר עי קונדיטוריית,IL,ביסלי חטיף בטעם ברבי,גרמים,210.00,100 גרם,false,,12.90,0.0614,true,1,1446698
7290100686171,false,מארז מולטיפק ביסלי גריל 6 יח 35 גר ליח,"אסם השקעות בע""\מ",IL,ביסלי חטיף בטעם גריל,גרמים,210.00,100 גרם,false,,12.90,0.0614,true,1,1446699
7290100689301,false,אבקת מרק בטעם עוף זך עדיף אסם 400 גרם,"אסם השקעות בע""\מ",IL,אבקת מרק בטעם עוף זך,גרמים,400.00,100 גרם,false,,13.90,0.0348,true,1,1446702
7290100700006,false,"סוגת חיטה 1 ק""ג","סוגת תעשיות בע""\מ",IL,"חיטה 1 ק""ג",יח',1.00,יח',false,,8.80,8.8000,true,1,1448403
7290100700020,false,סוגת גריסי פנינה 500 גרם,האי נאם סי או אל.טי.,IL,גריסי פנינה 500 גר,גרמים,500.00,100 גרם,false,,4.50,0.0090,true,1,1448404
7290100700242,false,"סוגת אורז מלא עגול 1 ק""ג","סוגת תעשיות בע""\מ",IL,"אורז עגול מלא 1 ק""ג",גרמים,1000.00,100 גרם,false,,9.90,0.0099,true,1,1448406
7290100700273,false,קינואה לבנה 500 ג סו,האי נאם סי או אל.טי.,IL,קינואה 500 גר,גרמים,500.00,100 גרם,false,,12.50,0.0250,true,1,1448408
7290100700310,false,"סוגת כוסמת סוגת 1ק""ג","סוגת תעשיות בע""מ",IL,"כוסמת 1 ק""ג",גרמים,1000.00,100 גרם,false,,13.80,0.0138,true,1,1448409
7290100700334,false,קינואה לבנה 1 קג סוג,"סוגת תעשיות בע""מ",IL,סוגת קינואה 1קג,קילו,1.00,קילו,false,,19.90,19.9000,true,1,1448410
7290100700372,false,"סוגת אורז בסמטי מלא 1 ק""ג",האי נאם סי או אל.טי.,IL,"אורז בסמטי 1מלא ק""ג",גרמים,1000.00,100 גרם,false,,13.90,0.0139,true,1,1448411
7290100700389,false,"אורז אדום 1 ק""ג ""סוגת""","סוגת תעשיות בע""\מ",IL,"אורז אדום 1 ק""ג",גרמים,1000.00,100 גרם,false,,9.90,0.0099,true,1,1448412
7290100700396,false,"סוגת אורז יסמין קלאסי 1 ק""ג",האי נאם סי או אל.טי.,IL,סוגת אורז יסמין קלאס,גרמים,1000.00,100 גרם,false,,11.80,0.0118,true,1,1448413
7290100700419,false,"סוגת בורגול 1 ק""ג","סוגת תעשיות בע""\מ",IL,"בורגול 1 ק""ג",גרמים,1000.00,100 גרם,false,,7.50,0.0075,true,1,1448414
7290100700563,false,"סוגת אורז מיקס קלאסי 1 ק""ג",סוגת תעשיות בעמ,IL,"אורז מיקס קלאסי 1 ק""ג",גרמים,1000.00,100 גרם,false,,9.90,0.0099,true,1,1448415
7290100700587,false,"בורגול ""סוגת"" 500 גרם",האי נאם סי או אל.טי.,IL,בורגול 500 גר,גרמים,500.00,100 גרם,false,,4.50,0.0090,true,1,1448416
7290100701126,false,סוגת שעועית מש סוגת 500 גרם,סוגת תעשיות בעמ,IL,שעועית מאש 500 גרם,גרמים,500.00,100 גרם,false,,11.90,0.0238,true,1,1448417
7290100701140,false,"אורז ריזוטו ארבוריו 1 ק""ג ""סוגת""","סוגת תעשיות בע""מ",IL,אורז ארבוריו,גרמים,1000.00,100 גרם,false,,12.90,0.0129,true,1,1448418
7290100701157,false,"אורז להכנת סושי סוגת 1 ק""ג","סוגת תעשיות בע""\מ",IL,אורז סושי,גרמים,1000.00,100 גרם,false,,11.90,0.0119,true,1,1448419
7290100701300,false,קינואה אדומה סוגת 500 גרם,"סוגת תעשיות בע""\מ",IL,סוגת קינואה אדומה 50,גרמים,500.00,100 גרם,false,,12.80,0.0256,true,1,1448420
7290100701348,false,"קמח שיפון מלא סוגת 1 ק""ג",שטיבל טחנות קמח,IL,קמח שיפון מלא,לקג,1.00,לקג,false,,6.90,6.9000,true,1,1448422
7290100701454,false,גרישה בורגול דק סוגת 500 גרם,"סוגת תעשיות בע""\מ",IL,גרישה 500 גרם,גרמים,500.00,100 גרם,false,,4.50,0.0090,true,1,1448424
7290100701577,false,קמח לחם קמח חיטה לבן שטיבל,טחנות קמח שטיבל באר שבע,IL,קמח לחם,לקג,1.00,לקג,false,,6.90,6.9000,true,1,1448425
7290100701874,false,"קמח כוסמין מלא סוגת 1 ק""ג",טחנות קמח שטיבל באר,IL,קמח כוסמין מלא + 12,לקג,1.00,לקג,false,,12.90,12.9000,true,1,1448426
7290100701881,false,קמח פיצה ופוקצ'ה- קמח חיטה לבן בהיר שטיבל,"שטיבל בע""\מ - טחנת קמח",IL,קמח פיצה ופוקצ'ה,לקג,1.00,לקג,false,,6.90,6.9000,true,1,1448427
7290100702260,false,קוסקוס דק סוגת 350 גרם,"אסיף תעשיות מזון בע""\מ",IL,קוסקוס דק 350 גרם,גרמים,350.00,100 גרם,false,,4.90,0.0140,true,1,1448429
7290100702277,false,קוסקוס עבה סוגת 350 גרם,"אסיף תעשיות מזון בע""",IL,קוסקוס עבה 350 גרם,גרמים,350.00,100 גרם,false,,4.90,0.0140,true,1,1448430
7290100702314,false,שעועית שחורה 500 גרם סוגת,סוגת תעשיות בעמ,IL,שעועית שחורה 500 גר,גרמים,500.00,100 גרם,false,,12.90,0.0258,true,1,1448432
7290100702383,false,קמח תופח מס' 13 סוגת,"שטיבל בע""\מ - טחנות קמח",IL,קמח תופח,קילו,1.00,קילו,false,,6.90,6.9000,true,1,1448433
7290100702604,false,קמח פולנטה להכנה מהירה 500 ג',מולינו פילה,IT,פולנטה 500 גרם,גרמים,500.00,100 גרם,false,,8.90,0.0178,true,1,1448434
7290100702611,false,פתיתים אפויים אורז סוגת 500 גרם,"אסיף תעשיות מזון בע""\מ",IL,פתיתים אפויים אורז 500 גר,גרמים,500.00,100 גרם,false,,4.90,0.0098,true,1,1448435
7290100702628,false,פתיתים אפויים קוסקוס סוגת 500 גרם,"אסיף תעשיות מזון בע""\מ",IL,פתיתים אפויים קוסקוס 500,גרמים,500.00,100 גרם,false,,4.90,0.0098,true,1,1448436
7290100702635,false,פתיתים אפויים כוכבים סוגת 500 גרם,"אסיף תעשיות מזון בע""",IL,פתיתים אפויים כוכבים 500,גרמים,500.00,100 גרם,false,,4.90,0.0098,true,1,1448437
7290100702659,false,פתיתים קוסקוס קמח מלא סוגת 400 גרם,"אסיף תעשיות מזון בע""",IL,פתיתים אפויים Kids חיות 4,גרמים,400.00,100 גרם,false,,4.90,0.0123,true,1,1448438
7290100702994,false,סוכר דמררה קלאסי בשקית סוגת 500 גרם,"סוגת תעשיות בע""מ",IL,סוכר דמררה קלאסי בשק,גרמים,500.00,100 גרם,false,,4.90,0.0098,true,1,1448440
7290100703007,false,"עדשים שחורות בלוגה 500 גרם ""סוגת""",האי נאם סי או אל.טי.,IL,סוגת עדשים שחורות בל,גרמים,500.00,100 גרם,false,,7.80,0.0156,true,1,1448441
7290100703199,false,תבשיל אישי נודלס בטעם פיקנטי 65 ג' סוגת,סוגת,LT,סוגת תבשיל נודלס איש,גרמים,80.00,100 גרם,false,,4.90,0.0613,true,1,1448444
7290100703458,false,כוסמת לא קלוי 500 ג' סוגת,"סוגת תעשיות בע""\מ",IL,כוסמת 500 גר,גרמים,500.00,100 גרם,false,,8.90,0.0178,true,1,1476917
7290100703533,false,קמח קסם תערובת קמח עם שמרים,טחנות קמח שטיבל באר שבע,IL,סוגת קמח קסם רב תכלי,קילו,1.00,קילו,false,,7.90,7.9000,true,1,1448445
7290100703861,false,"תערובת קסם לחלה ללא צורך בניפוי סוגת 1 ק""ג","שטיבל בע""\מ - טחנות קמח",IL,סוגת קמח קסם מנופה ל,קילו,1.00,קילו,false,,7.90,7.9000,true,1,1448446
7290100704493,false,קמח שמרים פיצה ללא צורך בניפוי 1 קג,"שטיבל בע""\מ - טחנת קמח",IL,סוגת קמח שמרים לפיצה,קילו,1.00,קילו,false,,7.90,7.9000,true,1,1448455
7290100704516,false,חומוס מיני סוגת 500 גרם,"סוגת תעשיות בע""\מ",IL,סוגת חומוס מיני 500,גרמים,500.00,100 גרם,false,,5.90,0.0118,true,1,1448456
7290100704622,false,סוכר דמררה דק דק בצנצנת סוגת 500 גרם,"סוגת תעשיות בע""\מ",IL,סוגת סוכר דמררה דק ד,גרמים,500.00,100 גרם,false,,7.90,0.0158,true,1,1448460
7290100704684,false,"קמח שמרים כוסמין סוגת רב תכליתי 1 ק""ג סוגת",סוגת,IL,קמח שמרים כוסמין רב,גרמים,1000.00,100 גרם,false,,19.90,0.0199,true,1,1448464
7290100850909,false,דוריטוס נאצ'ו מקסיקני 70 גרם,"שטראוס פריטו ליי בע""\מ",IL,דוריטוס נאצ'ו מקסיקנ,גרמים,70.00,100 גרם,false,,3.90,0.0557,true,1,1488468
7290100850916,false,דוריטוס חמוץ חריף מעודן 70 גרם כשר לפסח,"שטראוס פריטו ליי בע""\מ )",IL,דוריטוס בטעם חמוץ חר,גרמים,70.00,100 גרם,false,,3.20,0.0457,true,1,1450703
7290100850923,false,דוריטוס בטעם גריל 70 גרם,"שטראוס פריטו ליי בע""\מ )",IL,דוריטוס בטעם גריל 70,גרמים,70.00,100 גרם,false,,3.20,0.0457,true,1,1450704
7290100850930,false,דוריטוס בטעם טבעי 70 גרם,"שטראוס פריטו ליי בע""\מ )",IL,דוריטוס בטעם טבעי 70,גרמים,70.00,100 גרם,false,,3.20,0.0457,true,1,1450705
7290100858592,false,אבקת קקאו עלית שקית 150 ג',הנסיך- מפעל לייצור ט,IL,קקאו 150 גרם,גרמים,150.00,100 גרם,false,,8.90,0.0593,true,1,1445583
7290100858608,false,אבקת קקאו עלית שקית 500 ג',שטראוס קפה בי.ויn\.,IL,קקאו 500 גרם,גרמים,500.00,100 גרם,false,,23.90,0.0478,true,1,1445584
7290100921593,false,מנקה אסלה סוד 4 כדוריות לאסלה לימון נתלה 50 ג',"הנקל סוד בע""\מ",RS,סוד סבון אסלה בניחוח לימו,יח',1.00,יח',false,,7.90,7.9000,true,1,1458645
7290100921609,false,סוד סבון לאסלה 4 כדוריות בניחוח אוקיינוס 50 ג',"הנקל סוד בע""\מ",RS,סוד סבון אסלה בניחוח אוקי,יח',1.00,יח',false,,7.90,7.9000,true,1,1458646
7290100921616,false,סוד סבון לאסלה 4 כדוריות בניחוח אורנים 50 ג',הנקל סוד,HU,סוד סבון אסלה בניחוח אורנ,יח',1.00,יח',false,,7.90,7.9000,true,1,1458647
7290100921623,false,מנקה אסלה סוד 4 כדוריות נתלה אקונומיקה נתלה 50 ג',"הנקל סוד בע""\מ",HU,סוד סבון אסלה בניחוח אקונ,יח',1.00,יח',false,,7.90,7.9000,true,1,1458648
7290100924457,false,שלישיית כדוריות סבון לאסלה לימון סוד 50 גרם,הנקל סוד,RS,סוד מארז כדוריות*3 לימון,3 יח',1.00,3 יח',false,,14.80,14.8000,true,1,1458650
7290100924464,false,כדוריות סבון נתלה לאסלה עם אקונומיקה - 3 יח',הנקל סוד,HU,סוד מארז כדוריות*3 אקונומ,3 יח',1.00,3 יח',false,,14.80,14.8000,true,1,1458651
7290100925669,false,קולור קאצ'ר - דפים למכונת כביסה 10 יח',"הנקל סוד בע""\מ",IE,קולור קאצ'ר - 10 דפי,10 יח',1.00,10 יח',false,,12.90,12.9000,true,1,1458656
7290100925676,false,קולור קאצר 20 דפים לוכדי צבע למכונת כביס,"הנקל סוד בע""\מ",IE,קולור קאצ'ר 20 דפים,20 יח',1.00,20 יח',false,,17.90,17.9000,true,1,1458657
7290100925751,false,"סוד נוזל כלים תפוח 650 מ""ל","הנקל סוד בע""\מ",IL,סוד נוזל לכלים ליים 1.250,מיליליטרים,650.00,"100 מ""ל",false,,5.90,0.0091,true,1,1458658
7290100927717,false,"פרסיל קולור אבקת כביסה 5 ק""ג -מרכז",פרסיל Persil,IL,פרסיל אבקת כביסה קולור 5,קילוגרמים,5.00,"ק""ג",false,,42.90,8.5800,true,1,1458665
7290100928516,false,סוד - ג'ל לכביסה ביד 1 ליטר,"הנקל סוד בע""מ",IL,סוד ג'ל לכביסה ביד 1 ליטר,ליטרים,1.00,ליטר,false,,13.90,13.9000,true,1,1458666
7290100928561,false,"אבקת כביסה בניחוח פרחים סוד 5 ק""ג","הנקל סוד בע""מ",IL,"סוד אבקת כביסה שושן 5 ק""ג",קילוגרמים,5.00,"ק""ג",false,,34.90,6.9800,true,1,1458667
7290100928585,false,"סוד אבקה שושן מרענן לצבעונית 5 ק""ג",סוד,IL,"סוד אבקת כביסה 5 ק""ג",קילוגרמים,5.00,"ק""ג",false,,34.90,6.9800,true,1,1458668
7290101031550,false,שקית רב פעמית ורודה,רמי לוי,,שקית רב פעמית ורודה,יח',1.00,יח',false,,2.90,2.9000,true,1,1454173
7290101110149,false,גלידה בלסימו וניל עם פליק 1.3 ל' פלדמן,גלידות פלדמן,IL,בליסימו פרורים 1.3לי,ליטרים,1.30,ליטר,false,,18.90,14.5385,true,1,1465944
7290101110460,false,גלידה בליסימו וניל צרפתי 1.3 ל' פלדמן,גלידות פלדמן,IL,בליסימו וניל צרפתי 1,ליטרים,1.30,ליטר,false,,18.90,14.5385,true,1,1465948
7290101112228,false,"שמיניית גלידל פרי אננס ""פלדמן""",הגלידות של פלדמן,IL,גלידל פרי שמיניה אננ,גרמים,800.00,100 גרם,false,,20.90,0.0261,true,1,1465954
7290101112921,false,"גלידל פרי פירות טרופים לל""ס 8 יחידות",הגלידות של פלדמן,IL,גלידל פרי פירות טרופ,גרמים,640.00,100 גרם,false,,20.90,0.0327,true,1,1465959
7290101113454,false,מאגדת גלידל יוגורט אפרסק 8 יח 480 גרם,הגלידות של פלדמן,IL,גלידת יוגורט אפרסק,יח',1.00,יח',false,,28.90,28.9000,true,1,1465974
7290101113591,false,מאגדת טילונים יולי 5 יחידות שוקולד לבן ועוגיות,הגלידות של פלדמן,IL,מאגדת טילון יולו שוק,יח',1.00,יח',false,,18.70,18.7000,true,1,1465978
7290101113751,false,מאגדת שלגון קרמל ושוקולד בלונדי רביעיה * 50 ג' יולו,הגלידות של פלדמן,IL,מאגדת שלגון יולו סיר,גרמים,200.00,100 גרם,false,,18.90,0.0945,true,1,1465986
7290101113768,false,מאגדת שלגון עוגיות ושוקולד חלב רביעיה * 50 ג' יולו,הגלידות של פלדמן,IL,מאגדת שלגון יולו עוג,גרמים,200.00,100 גרם,false,,18.90,0.0945,true,1,1465987
7290101113805,false,מאגדת (5) יופלה שייק פרי תות 70 אחוז פרי 350 גרם,הגלידות של פלדמן,IL,מאגדת שלגון יופלה שי,גרמים,350.00,100 גרם,false,,19.90,0.0569,true,1,1465988
7290101113829,false,מאגדת (5) יופלה שייק פרי מנגו 70 אחוז פרי 350 גרם,הגלידות של פלדמן,IL,מאגדת שלגון יופלה שי,גרמים,350.00,100 גרם,false,,19.90,0.0569,true,1,1465989
7290101450689,false,שקית 50 פסטל,NORTHERN,CN,שקית 50 פסטל,יח',1.00,יח',false,,7.90,7.9000,true,1,1452981
7290101454069,false,נרות יום הולדת - הלו קיטי(1X24),שמחה זה אנחנו,IL,נרות יום הולדת הלו ק,יח',1.00,יח',false,,2.90,2.9000,true,1,1452984
7290101454151,false,נרות ג'מבו כוכבים - סמי הכבאי,סודי,IL,נרות ג'מבו כוכבים סמ,יח',1.00,יח',false,,6.00,6.0000,true,1,1452985
7290101486688,false,חטיף דגנים עם שוקולד ללא גלוטן וסוכר פרי 5*20 גרם,טבעית מוצרים מן הטבע בעמ,IL,חטיף דגנים עם שוקולד,גרמים,100.00,100 גרם,false,,15.90,0.1590,true,1,1444919
7290101488316,false,ליידי ספיד סטיק - דאודורנט סטיק לאישה ללא סימן ורוד סטיק 65 גרם,ליידי ספיד סטיק Lady Speed Stick,US,דאודורנט ללא סימן פר,גרמים,50.00,100 גרם,false,,16.90,0.3380,true,1,1444922
7290101488323,false,ליידי ספיד סטיק - דאודורנט סטיק לאישה ללא סימן ירוק סטיק 65 גרם,ליידי ספיד סטיק Lady Speed Stick,US,דאודורנט ללא סימן פא,גרמים,65.00,100 גרם,false,,16.90,0.2600,true,1,1444923
7290101551027,false,קפסולות קפה אספרסו חזק במיוחד 14 עלית 10 יח',הנסיך- מפעל לייצור ט,IL,קפסולות 14 למכונת נס,יח',1.00,יח',false,,15.90,15.9000,true,1,1445587
7290101551263,false,סילאן טבעי ללא תוספת סוכר,מכוורת יד מרדכי,IL,סילאן טבעי 700 גר,גרמים,700.00,100 גרם,false,,19.90,0.0284,true,1,1445588
7290101551300,false,סילאן טבעי ללא תוספת סוכר בקבוק לחיץ,מכוורת יד מרדכי שטראוס ב,IL,סילאן טבעי לחיץ 380,גרמים,380.00,100 גרם,false,,13.90,0.0366,true,1,1445589
7290101551539,false,יוגורט PRO בטעם אפרסק 0% 20 גרם חלבון בגביע,"שטראוס בריאות בע""מ",IL,דנונה פרו 20ג אפרסק,גרמים,200.00,100 גרם,false,,5.90,0.0295,true,1,1454617
7290101551577,false,קוואקר שיבות שועל פחית מארז 2*500 גר',FRITO-LAY TRADING CO,GB,זוג קוואקר פחית+מדבק,גרמים,500.00,100 גרם,false,,23.60,0.0472,true,1,1450706
7290101551584,false,תפוצ'יפס קידס מארז 10 יח' * 20 ג',"שטראוס פריטו ליי בע""מ )פ",IL,מארז תפוציפס קידס 20,גרמים,200.00,100 גרם,false,,12.90,0.0645,true,1,1450707
7290101551614,false,חטיף צ'יטוס קראנץ בטעם גבינה - מארז 8 יח',"שטראוס פריטו ליי בע""מ )פ",IL,מארז ציטוס קראנצ 30*,גרמים,240.00,100 גרם,false,,10.90,0.0454,true,1,1450709
7290101551638,false,חטיף צ'יטוס כאפה בטעם קטשופ - מארז 10 יח',"שטראוס פריטו ליי בע""מ )פ",IL,מארז ציטוס 20*10 ג,יח',20.00,יח',false,,12.90,0.6450,true,1,1450711
7290101863410,false,"סיליט באנג ספריי ניקוי עוצמתי מכיל אקונומיקה 750 מ""ל",סיליט באנג Cillit Bang,PL,"CILIT,IL,BANG 12X750ML VE",מיליליטרים,750.00,"100 מ""ל",false,,12.50,0.0167,true,1,1456393
7290101865261,false,"פיניש נוזל הברקה למדיח 800 מ""ל",רקיט בנקיזר,PL,"FINSH,IL,RA S&D R 12X800M",מיליליטרים,800.00,"100 מ""ל",false,,19.90,0.0249,true,1,1456395
7290101866633,false,וניש קליה גל להסרת כתמים 3 ליטר אוקסיפרש,קליה וניש Kalia Vanish,IL,Vanish 3L Pink (Titan)*6,ליטרים,3.00,ליטר,false,,28.90,9.6333,true,1,1456396
7290101866787,false,וניש קליה נוזל מסיר כתמים לכביסה לבנה 3 ליטר,קליה וניש Kalia Vanish,IL,Vanish 3L White (Titan)*6,ליטרים,3.00,ליטר,false,,28.90,9.6333,true,1,1456397
7290101868460,false,"קולון 101 אבקת כביסה 8 ק""ג",רקיט בנקיזר,IL,Colon 101 8KG,קילוגרמים,8.00,"ק""ג",false,,54.90,6.8625,true,1,1456398
7290101868958,false,פיניש נוזל הברקה למדיח בניחוח לימון,רקיט בנקיזר,PL,"FINSH,IL,S&D L 12X800ML",מיליליטרים,800.00,"100 מ""ל",false,,19.90,0.0249,true,1,1456399
7290101869719,false,ג'ל מרוכז למדיח פיניש all in one max בניחוח לימון,פיניש רקיט בנקיזר,PL,"FINSH,IL,600ml x 6Lem",מיליליטרים,600.00,"100 מ""ל",false,,31.90,0.0532,true,1,1456403
7290101869726,false,ג'ל מרוכז למדיח הכל ב-1 פיניש 1 ליטר,רקיט בנקיזר,PL,"FINSH,IL,1000ml x 5REG",ליטרים,1.00,ליטר,false,,42.50,42.5000,true,1,1456404
7290101869733,false,פיניש ג'ל למדיח כלים בניחוח לימון 1 ליטר ALL IN 1,רקיט בנקיזר,PL,"FINSH,IL,1000ml x 5LEM",ליטרים,1.00,ליטר,false,,42.50,42.5000,true,1,1456405
7290101869764,false,אירוויק מכשיר אוטומט+מילוי בניחוח חלום ליל קיץ,רקיט בנקיזר,CN,"AWICK,IL,WT SUMDX4 W NCL",יח',1.00,יח',false,,39.90,39.9000,true,1,1456407
7290101869795,false,"מטהר אוויר אירוויק ספריי מילוי חלום ליל קיץ 250 מ""ל",איירוויק Air Wick,GB,"AWICK,IL,SMER DLGHTS12X25",מיליליטרים,250.00,"100 מ""ל",false,,14.90,0.0596,true,1,1456410
7290101869917,false,"אירוויק מילוי מבשם אויר אטומטי היער הקסום 19 מ""ל",איירוויק Air Wick,GB,"AWICK,IL,MYSTI GARDEN 12X",מיליליטרים,250.00,"100 מ""ל",false,,14.90,0.0596,true,1,1456416
7290101869962,false,"אירוויק מקלות ריחניים בניחוח חלום ליל קיץ 30 מ""ל",איירוויק Air Wick,HU,"AWICK,IL,REED SUM 30MLx5",100 מל,30.00,100 מל,false,,14.80,0.4933,true,1,1456418
7290101869979,false,"אירוויק מקלות ריחניים בניחוח אואזיס 30 מ""ל",איירוויק Air Wick,HU,"AWICK,IL,Westl TURO U 30M",100 מל,30.00,100 מל,false,,14.80,0.4933,true,1,1456419
7290102003884,false,נרות מטה לבבות -מיקי,יושלם,,נרות מטה לבבות -מיקי,יח',1.00,יח',false,,4.90,4.9000,true,1,1452997
7290102003891,false,נרות מטה לבבות - ספיידרמן(1X24),סודי,,נרות מטה לבבות -ספיי,יח',1.00,יח',false,,4.90,4.9000,true,1,1452998
7290102006441,false,זר יום הולדת לראש עם פרחים לבן 1 יחידה,שמחה זה אנחנו,CN,זר יום הולדת לראש עם,יח',1.00,יח',false,,9.00,9.0000,true,1,1453001
7290102030330,false,תפוצ'יפס קראנצ' בטעם מקסיקני 200 גרם,"שטראוס פריטו ליי בע""\מ )",IL,תפוצ'יפס קראנצ' בטעם,גרמים,200.00,100 גרם,false,,9.90,0.0495,true,1,1450713
7290102031276,false,מארז 8 יחידות אקטימל משקה יוגורט בטעם תות בננה,מיוצר עי קונדיטוריית,IL,יוגורט אקטימל תות בנ,מיליליטרים,800.00,"100 מ""ל",false,,19.90,0.0249,true,1,1454620
7290102032334,false,אבקה להכנת משקה קפה בטעם וניל,שטראוס קפה בי.וי,IL,קפה נמס וניל 200 גרם,גרמים,200.00,100 גרם,false,,19.90,0.0995,true,1,1445590
7290102060764,false,מרידול מברשת שיניים אריזת זוג,יבואן ומשווק: ש. שסט,CH,מרידול זוג מברשות שי,יח',2.00,יח',false,,34.90,17.4500,true,1,1444924
7290102060979,false,"אלמקס משחת שיניים למניעת עששת 100מ""ל",יבואן ומשווק: ש. שסט,PL,משחת שיניים אלמקס 10,מיליליטרים,100.00,"100 מ""ל",false,,18.90,0.1890,true,1,1444925
7290102062195,false,"משחת שיניים לילדים לגילאי 6-12 אלמקס 75 מ""ל",יבואן ומשווק: ש. שסט,PE,משחת שיניים לילדים ל,מטרים,75.00,100 מ'ל,false,,15.90,0.2120,true,1,1444926
7290102302246,false,גבינת גאודה הולנדית 200 גרם,מיוצר עי קונדיטוריית,NL,גאודה פרה 200 גר,גרמים,200.00,100 גרם,false,,21.90,0.1095,true,1,1474106
7290102302819,false,גושי טונה בהירה בשמן זית בצורת פילה 120 גרם,רמירז אנד קה פילהאוס,PT,גושי טונה בהירה בשמן,גרמים,120.00,100 גרם,false,,13.90,0.1158,true,1,1474108
7290102302864,false,גבינה הולנדית עם פסטו ירוק 34%,הנרי ויליך Henri Willig,NL,גאודה פסטו ירוק 200ג,גרמים,200.00,100 גרם,false,,29.70,0.1485,true,1,1474112
7290102302949,false,גאיה בסגנון עיזים פר,קריניציה ויטמינה אס,DE,גאיה עיזים 150 גר,גרמים,150.00,100 גרם,false,,22.50,0.1500,true,1,1474114
7290102390427,false,יוגורט ביו עם קציפת תות 3% שומן 150 ג' מולר,מולר Muller,IL,יוגורט פרופ תות 3% מ,מיליליטרים,150.00,"100 מ""ל",false,,4.80,0.0320,true,1,1441762
7290102390465,false,יוגורט ביו עם קציפת אפרסק ופסיפלורה 3% שומן 150 ג' מולר,מולר Muller,IL,יוגורט פרופ אפרסק פס,מיליליטרים,150.00,"100 מ""ל",false,,4.80,0.0320,true,1,1441763
7290102390489,false,יוגורט ביו עם קציפת לימון 3% שומן 150 ג' מולר,מולר Muller,IL,יוגורט פרופ לימון 3%,מיליליטרים,150.00,"100 מ""ל",false,,4.80,0.0320,true,1,1441764
7290102391844,false,יוגורט ביו עם קציפת פירות יער3% שומן 150 ג' מולר,מולר Muller,IL,יוגורט פרופ פירות יע,מיליליטרים,150.00,"100 מ""ל",false,,4.80,0.0320,true,1,1441765
7290102392049,false,גבינה לאפיה תבור ללא תוספת מלח 5% משק צוריאל 500 גרם,מחלבת משק צוריאל,IL,גבינה לאפיה תבור ללא,גרמים,500.00,100 גרם,false,,22.90,0.0458,true,1,1441766
7290102392094,false,חלב עיזים 3.7% בקרטון משק צוריאל 1 ליטר,מילקו תעשיות בעמ,IL,חלב עיזים מלא 3.7% מ,מיליליטרים,1000.00,"100 מ""ל",false,,14.90,0.0149,true,1,1441767
7290102392254,false,"חלב בקרטון 1% 2 ליטר בד""צ - מוצר בפיקוח",מילקו תעשיות בעמ,IL,חלב 1% טרה 2 ליטר,ליטרים,2.00,ליטר,false,,11.60,5.8000,true,1,1441768
7290102393039,false,"יוגורט ביו קרמי מיקס פצפוצי שוקולד 7.6% מולר 170 מ""ל",קריות זול,IL,יוגורט ביו קרמי מיקס,מיליליטרים,170.00,"100 מ""ל",false,,5.50,0.0324,true,1,1441771
7290102393060,false,"יוגורט ביו קרמי מיקס גלילי ופל ואגוזים 5.9% מולר 170 מ""ל",קריות זול,IL,יוגורט ביו קרמי מיקס,מיליליטרים,170.00,"100 מ""ל",false,,5.50,0.0324,true,1,1441772
7290102393169,false,"יוגורט סימפלי פרוט בטעם תות 3% מולר 150 מ""ל",מולר Muller,IL,יוגורט סימפלי פרוט ב,מיליליטרים,150.00,"100 מ""ל",false,,4.80,0.0320,true,1,1441773
7290102393176,false,סימפלי פרוט יוגורט אפרסק 3% שומן 150 ג' מולר,מילקו תעשיות בעמ,IL,מולר סימפלי פרוט אפר,מיליליטרים,150.00,"100 מ""ל",false,,4.80,0.0320,true,1,1441774
7290102393190,false,"יוגורט סימפלי פרוט בטעם פירות יער 3% מולר 150 מ""ל",מילקו תעשיות בעמ,IL,יוגורט סימפלי פרוט ב,מיליליטרים,150.00,"100 מ""ל",false,,4.80,0.0320,true,1,1441775
7290102393268,false,"גבינה לבנה 5% שומן, רכיבים טבעיים 750 גרם",הפריט בפיקוח,IL,גבינה לבנה 5% טרה 75,גרמים,750.00,100 גרם,false,,14.50,0.0193,true,1,1441776
7290102393299,false,יוגורט עיזים לשתייה 3% משק צוריאל 500 גרם,מיוצר עי קוד יצרן HG,IL,יוגורט עיזים 3% משק,מיליליטרים,500.00,"100 מ""ל",false,,11.70,0.0234,true,1,1441777
7290102393848,false,יוגורט עיזים 2.4% עם תות משק צוריאל 150 גרם,מחלבת משק צוריאל,IL,יוגורט עיזים בטעם תו,מיליליטרים,150.00,"100 מ""ל",false,,5.80,0.0387,true,1,1441779
7290102393855,false,יוגורט עיזים 2.5% עם אפרסק משק צוריאל 150 גרם,מחלבת משק צוריאל,IL,יוגורט עיזים בטעם אפ,מיליליטרים,150.00,"100 מ""ל",false,,5.80,0.0387,true,1,1441780
7290102393947,false,סימפלי פרוט יוגורט בטעם קיווי 3% שומן 150 ג' מולר,מילקו תעשיות בעמ,IL,יוגורט ביו קיווי 3%,מיליליטרים,150.00,"100 מ""ל",false,,4.80,0.0320,true,1,1441781
7290102394081,false,"יוגורט ביו קרמי מיקס קורנפלקס מצופה שוקולד מולר 170 מ""ל",מילקו תעשייה בעמ,IL,יוגורט ביו קרמי מיקס,מיליליטרים,170.00,"100 מ""ל",false,,5.50,0.0324,true,1,1441782
7290102394258,false,גליל גבינת עיזים מה עז 9% משק צוריאל 180 גרם,מחלבת משק צוריאל,IL,גליל גבינת עיזים מה,גרמים,180.00,100 גרם,false,,20.90,0.1161,true,1,1441783
7290102394463,false,נעם גבינה צהובה פרוסה ואקום 28% טרה 500 גרם,Unknown,IL,נעם גבינה צהובה פרוס,גרמים,500.00,100 גרם,false,,23.90,0.0478,true,1,1441784
7290102394821,false,נעם גבינה צהובה פרוסה 28% טרה 200 גרם,מילקו תעשיות בעמ,IL,נעם גבינה צהובה פרוס,גרמים,200.00,100 גרם,false,,15.20,0.0760,true,1,1441786
7290102394845,false,נעם גבינה צהובה לייט פרוסה דק דק 9% טרה 200 גרם,מילקו תעשיות בעמ,IL,נעם גבינה צהובה לייט,גרמים,200.00,100 גרם,false,,16.30,0.0815,true,1,1441787
7290102395101,false,ממרח גבינה ושוקולד מוו טרה 200 גרם,מילקו תעשיות בעמ,IL,טרה גבינה ושוקולד 20,מיליליטרים,200.00,"100 מ""ל",false,,10.90,0.0545,true,1,1441788
7290102395217,false,מאגדת שמיניה מולר במתיקות מעודנת 1.2% 8*150 ג',מולר Muller,IL,מאגדת שמיניית מולר מ,קילוגרמים,1.20,"ק""ג",false,,17.90,14.9167,true,1,1441789
7290102395224,false,שמיניית יוגורט ביו ביאנקו 1.7% מולר 150 גרם,מולר Muller,IL,יוגורט 1.7% מולר 8*1,ליטרים,1.20,ליטר,false,,15.90,13.2500,true,1,1441790
7290102395231,false,שמיניית יוגורט ביו ביאנקו 2.8% מולר 150 גרם,מולר Muller,IL,יוגורט 2.8% מולר 8*1,ליטרים,1.20,ליטר,false,,15.90,13.2500,true,1,1441791
7290102395262,false,מארז 8 גביעים יוגורט בטעם תות שדה ואפרסק 3% Simply Fruit,מולר Muller,IL,יוגורט בטעם תות ואפר,ליטרים,1.20,ליטר,false,,28.90,24.0833,true,1,1441792
7290102395408,false,נעם גבינה צהובה 28% במשקל,החברה המרכזית,IL,ג. צהובה 28% נעם,קילוגרמים,1.00,"ק""ג",true,,44.70,44.7000,true,1,1441795
7290102395415,false,נועם גב.צהובה9%חריץ משקל,החברה המרכזית,IL,ג. צהובה 9% נעם,קילוגרמים,1.00,"ק""ג",true,,71.00,71.0000,true,1,1441796
7290102395422,false,נעם גבינה צהובה 22% במשקל,החברה המרכזית,IL,ג.צהובה 22% נעם,קילוגרמים,1.00,"ק""ג",true,,42.50,42.5000,true,1,1441797
7290102395439,false,מארז 8 גביעים יוגורט בטעם פירות יער וקיווי 3% Simply Fruit,מילקו תעשיות בעמ,IL,מולר שמינייה פירות י,קילוגרמים,1.20,"ק""ג",false,,28.90,24.0833,true,1,1441798
7290102395446,false,מעדן חלב בטעם וניל עם קצפת 123 ג' טרה,Unknown,IL,מעדן מוו וניל קצפת,גרמים,123.00,100 גרם,false,,2.80,0.0228,true,1,1441799
7290102395477,false,מעדן חלב בטעם שוקולד עם קצפת 123 ג' טרה,Unknown,IL,מעדן מוו שוקולד קצפת,גרמים,123.00,100 גרם,false,,2.80,0.0228,true,1,1441800
7290102395521,false,"שמנת לבישול 15% שומן 500 מ""ל טרה",מילקו תעשיות בעמ,IL,שמנת לבישול 15% 500,מיליליטרים,500.00,"100 מ""ל",false,,15.90,0.0318,true,1,1441801
7290102396399,false,שמיניית מעדן שוקולד מוו 1.5% טרה 100 גרם,Unknown,IL,מאגדת שמינייה מעדן ש,מיליליטרים,800.00,"100 מ""ל",false,,11.90,0.0149,true,1,1441803
7290102396405,false,שמיניית מעדן וניל מוו 1.5% טרה 100 גרם,Unknown,IL,מאגדת שמינייה מעדן ו,מיליליטרים,800.00,"100 מ""ל",false,,11.90,0.0149,true,1,1441804
7290102396436,false,"מעדן מוו שוקולד 1.5% 125 גרם בד""צ",מילקו תעשיות בעמ,IL,מעדן מוו שוקולד 125,גרמים,125.00,100 גרם,false,,2.70,0.0216,true,1,1441805
7290102396443,false,"מעדן מוו וניל 1.5% 125 גרם בד""צ",מילקו תעשיות בעמ,IL,מעדן מוו וניל 125 גר,גרמים,125.00,100 גרם,false,,2.70,0.0216,true,1,1441806
7290102396580,false,מעדן מוו שוקולד ומוס שוקולד טרה 118 גרם,טרה,IL,מעדן מוו שוקלד ומוס,גרמים,118.00,100 גרם,false,,2.80,0.0237,true,1,1441808
7290102396597,false,מעדן מוו וניל ומוס שוקולד טרה 118 גרם,טרה,IL,מעדן מוו וניל ומוס 1,גרמים,118.00,100 גרם,false,,2.80,0.0237,true,1,1441809
7290102396665,false,נעם גבינה צהובה דק דק 15% טרה 200 גרם,מילקו תעשיות בעמ,IL,נעם גבינה צהובה דק ד,גרמים,200.00,100 גרם,false,,15.20,0.0760,true,1,1441810
7290102396672,false,"גבנ""צ דק דק נעם פתיחה חוזרת 9% 360 גרם",מילקו תעשיות בעמ,IL,נעם גבינה צהובה דק ד,גרמים,360.00,100 גרם,false,,25.90,0.0719,true,1,1441811
7290102396719,false,יוגורט סימפלי תות 0% מולר 150 גרם,מולר Muller,IL,מולר סימפלי פרוט תות,גרמים,170.00,100 גרם,false,,4.80,0.0282,true,1,1441812
7290102396726,false,יוגורט סימפלי אפרסק 0% מולר 150 גרם,מולר,IL,מולר סימפלי פרוט אפר,גרמים,150.00,100 גרם,false,,4.80,0.0320,true,1,1441813
7290102396740,false,מארז 8 גביעים יוגורט בטעם תות שדה ואפרסק 0% Simply Fruit,מילקו תעשיות בעמ,IL,מאגדת שמינייה מולר ס,קילוגרמים,1.20,"ק""ג",false,,28.90,24.0833,true,1,1441815
7290102397075,false,יוגורט בקרטון 4% שומן 1.5ל' טרה,טרה,IL,יוגורט 4% בקרטון 1.5,ליטרים,1.50,ליטר,false,,12.90,8.6000,true,1,1441821
7290102397204,false,"גבנ""צ דק דק נעם פתיחה חוזרת 22% 200 גרם",מילקו תעשיות בעמ,IL,נעם גבינה צהובה דק ד,גרמים,200.00,100 גרם,false,,15.20,0.0760,true,1,1441822
7290102397310,false,מעדן מיני בטעם שוקולד קצפת מוו מאגדת 8 יח' * 70 ג',מילקו תעשיות בעמ,IL,מאגדת שמינייה מיני מ,מיליליטרים,944.00,"100 מ""ל",false,,11.30,0.0120,true,1,1441823
7290102397334,false,גבינה בולגרית גלילית 5% משק צוריאל 250 גרם,מחלבת משק צוריאל,IL,בולגרית 5% 250 גר,גרמים,250.00,100 גרם,false,,19.70,0.0788,true,1,1441824
7290102397464,false,יוגורט ביו בתוספת גרעינים אגוזים וחמוציות 170 ג' מולר,מולר Muller,IL,מולר נטורל 102 גר,גרמים,102.00,100 גרם,false,,5.50,0.0539,true,1,1441826
7290102397600,false,מיקס יוגורט בתוספת שקדים ובוטנים מקורמלים 170 ג' מולר,מילקו תעשייה בעמ,IL,מולר שקדים בוטנים בק,מיליליטרים,170.00,"100 מ""ל",false,,5.50,0.0324,true,1,1441827
7290102397617,false,יוגורט ביו קרמי עם כדורים מצופים שוקולד חום לבן,מולר Muller,IL,מולר מיקס קליק,יח',1.00,יח',false,,5.50,5.5000,true,1,1441828
7290102397679,false,קוטג' וחצי טרה 5% מרכיבים טבעיים,מילקו,IL,קוטג' 5% 375 גר,גרמים,375.00,100 גרם,false,,6.90,0.0184,true,1,1441829
7290102397730,false,פרוסות גבינה אמנטל חצי קשה 30% שומן 200 ג' נעם,Unknown,IL,אמנטל נעם פתיחה חוזר,גרמים,200.00,100 גרם,false,,16.90,0.0845,true,1,1441830
7290102397747,false,פרוסות גבינת מוצרלה נעם מחלב בקר 22%,טרה,IL,מוצרלה נעם 200 גר,גרמים,200.00,100 גרם,false,,17.90,0.0895,true,1,1441831
7290102397891,false,גבינה מותכת משק צוריאל 100 גרם,משק צוריאל,IL,גבינה מותכת 100 ג צו,גרמים,25.00,100 גרם,false,,6.90,0.2760,true,1,1441832
7290102398065,false,חלב טרה בקרטון 2 ליטר מהדרין 3% - מוצר בפיקוח,הפריט בפיקוח,IL,חלב 3% טרה 2 ליטר,ליטרים,2.00,ליטר,false,,12.30,6.1500,true,1,1441835
7290102398072,false,"חלב קרטון 3%-1 ליטר "" טרה"" -מוצר פיקוח",הפריט בפיקוח,IL,חלב 3% טרה 1 ליטר,ליטרים,1.00,ליטר,false,,6.20,6.2000,true,1,1441836
7290102398331,false,חלב מועשר דל לקטוז 2% שומן טרה 1 ליטר,טרה,IL,חלב מועשר דל לקטוז 1,ליטרים,1.00,ליטר,false,,6.90,6.9000,true,1,1441842
7290102398478,false,לאבנה 9% שומן 500 ג' טרה,טרה,IL,לאבנה 9% 500 גר,גרמים,500.00,100 גרם,false,,16.90,0.0338,true,1,1441846
7290102398553,false,שוקו טרה בבקבוק 1.5 ליטר,מילקו תעשיות בעמ,IL,שוקו טרה 1.5ליט,יח',1.00,יח',false,,15.90,15.9000,true,1,1441847
7290102398560,false,שוקו טרה מועשר בבקבוק 1 ליטר,מילקו תעשיות בעמ,IL,שוקו מועשר בבקבוק 1,ליטרים,1.00,ליטר,false,,10.90,10.9000,true,1,1441848
7290102398577,false,משקה חלב בטעם שוקו 2% בבקבוק אישי,מילקו תעשיות בעמ,IL,שוקו טרה מועשר בבקבו,מיליליטרים,250.00,"100 מ""ל",false,,4.90,0.0196,true,1,1441849
7290102398614,false,משקה חלב בטעם בננה טרה 1 ליטר,מילקו תעשיות בעמ,IL,משקה חלב בטעם בננה 1,ליטרים,1.00,ליטר,false,,10.90,10.9000,true,1,1441850
7290102398638,false,משקה חלב בטעם מוקה טרה 1 ליטר,מילקו תעשיות בעמ,IL,משקה חלב בטעם מוקה 1,ליטרים,1.00,ליטר,false,,10.90,10.9000,true,1,1441851
7290102398669,false,משקה חלב אייס קפוצ'ינו טרה 1 ליטר,מילקו תעשיות בעמ,IL,אייס קפוצינו בבקבוק,ליטרים,1.00,ליטר,false,,10.90,10.9000,true,1,1441853
7290102398782,false,משקה סויה קלאסי משק צוריאל 1 ליטר,מחלבת משק צוריאל,IT,משקה סויה קלאסי 1 לי,יח',1.00,יח',false,,9.90,9.9000,true,1,1441854
7290102398799,false,משקה סויה במתיקות מופחתת משק צוריאל 1 ליטר,מחלבת משק צוריאל,IT,משקה סויה במתיקות מו,יח',1.00,יח',false,,9.90,9.9000,true,1,1441855
7290102398805,false,משקה סויה בטעם וניל משק צוריאל 1 ליטר,מחלבת משק צוריאל,IT,משקה סויה וניל 1 ליט,יח',1.00,יח',false,,9.90,9.9000,true,1,1441856
7290102398836,false,משקה שקדים קלאסי משק צוריאל 1 ליטר,מחלבת משק צוריאל,IT,משקה שקדים קלאסי 1 ל,יח',1.00,יח',false,,11.90,11.9000,true,1,1441858
7290102399048,false,פרוסות גבינת קשקבל נעם 200 ג' טרה,מילקו,IL,קשקבל נעם 200 גר,גרמים,200.00,100 גרם,false,,21.90,0.1095,true,1,1441860
7290102399635,false,"מולר פרופ יוגורט ביו עם קציפת קוקוס ואננס 150 מ""ל",מולר Muller,IL,מולר יוגורט טרופיקל,גרמים,150.00,100 גרם,false,,4.80,0.0320,true,1,1441864
7290102399772,false,מולר ספרדבל-ממרח חמאת מולר במליחות עדינה 250 גרם,G Weihenstephan Molkerei,DE,ממרח חמאה מולר במליח,גרמים,250.00,100 גרם,false,,15.70,0.0628,true,1,1441868
7290102399789,false,מולר ספרדבל-ממרח חמאת מולר ללא מלח 250 גרם,G Weihenstephan Molkerei,DE,ממרח חמאה מולר ללא ת,גרמים,250.00,100 גרם,false,,15.70,0.0628,true,1,1441869
7290102399796,false,מעדן יוגורט לבן מועשר בחלבון 200 ג' מולר אקטיב,מולר Muller,IL,יוגורט מולר אקטיב 25,גרמים,200.00,100 גרם,false,,5.40,0.0270,true,1,1441870
7290102399802,false,יוגורט עם תות מולר אקטיב מועשר בחלבון 200 גר',מולר Muller,IL,יוגורט מולר אקטיב תו,גרמים,200.00,100 גרם,false,,5.50,0.0275,true,1,1441871
7290102399819,false,יוגורט עם פירות יער מולר אקטיב מועשר בחלבון 200 גר',מולר Muller,IL,יוגורט מולר פירות יע,גרמים,200.00,100 גרם,false,,5.50,0.0275,true,1,1441872
7290102399857,false,מולר אקטיב לייט 20 גרם חלבון 0% שומן עם תות 200 גרם,מולר Muller,IL,מולר יוגורט מועשר חל,גרמים,200.00,100 גרם,false,,5.50,0.0275,true,1,1441874
7290103120658,false,דאודורנט ספיד סטיק גל שחור 85 גרם,הנסיך- מפעל לייצור ט,US,ספיד סטיק 24/7 גל שח,גרמים,85.00,100 גרם,false,,16.90,0.1988,true,1,1444927
7290103124588,false,"סבון נוזלי ארומה בניחוח לבנדר פטצ'ולי פלמוליב 750 מ""ל",הנסיך- מפעל לייצור ט,TR,סבון נוזלי ארומה בני,מיליליטרים,750.00,"100 מ""ל",false,,19.90,0.0265,true,1,1444929
7290103126797,false,"משחת שיניים קולגייט סנסיטיב פרו רליף 75 מ""ל",הנסיך- מפעל לייצור ט,BR,משחת שיניים סנסטיב פ,גרמים,110.00,100 גרם,false,,17.90,0.1627,true,1,1444931
7290103129378,false,ספיד סטיק - דאודורנט ג'ל לגבר איקס 5 85 גרם,הנסיך- מפעל לייצור ט,US,ספיד סטיק גל 5X,גרמים,51.00,100 גרם,false,,15.90,0.3118,true,1,1444933
7290103129408,false,ליידי ספיד סטיק - דאודורנט סטיק לאישה פרש אסנס פריחת הפרדס 65 גרם,ליידי ספיד סטיק Lady Speed Stick,US,ליידי ספיד סטיק פרש,גרמים,65.00,100 גרם,false,,16.90,0.2600,true,1,1444935
7290103243296,false,עוגה שוקו ציפס 450 גרם נוסטלגיה,,,עוגה שוקו ציפס 450 ג,גרמים,450.00,100 גרם,false,,8.80,0.0196,true,1,1456636
7290103243302,false,עוגת שוקולד 450 גרם נוסטלגיה,,,עוגת שוקולד 450 גרם,גרמים,450.00,100 גרם,false,,8.80,0.0196,true,1,1456637
7290103243319,false,עוגה אנגלית 450 גרם נוסטלגיה,,,עוגה אנגלית 450 גרם,גרמים,450.00,100 גרם,false,,8.80,0.0196,true,1,1456638
7290103243326,false,עוגת שיש 450 גרם נוסטלגיה,,,עוגת שיש 450 גרם נוס,גרמים,450.00,100 גרם,false,,8.80,0.0196,true,1,1456639
7290103243333,false,עוגה בטעם תפוז 450 ג נוסטלגיה,,,עוגה בטעם תפוז 450 ג,גרמים,450.00,100 גרם,false,,8.80,0.0196,true,1,1456640
7290103400231,false,"גזר מגורד שטראוס 400 גרם בד""צ",שטראוס בריאות ירקות טריי,IL,גזר גוליאן בדצ 400גר,גרמים,400.00,100 גרם,false,,8.50,0.0213,true,1,1454622
7290103400255,false,"סלט קולסלאו 400 גרם בד""צ ירקות שטראוס",שטראוס בריאות ירקות טריי,IL,סלט קולסלאו 400 גרם,גרמים,400.00,100 גרם,false,,8.50,0.0213,true,1,1454623
7290103401429,false,קפה קצב ברזילאי אוריגינס 200 גר,הנסיך- מפעל לייצור ט,IL,קפה פליטנום ברזילאי,גרמים,200.00,100 גרם,false,,24.90,0.1245,true,1,1445596
7290103404758,false,סלט כרוב אדום במיונז אחלה 120 גרם,מיוצר עי קונדיטוריית,IL,סלט כרוב אדום אחלה 1,גרמים,120.00,100 גרם,false,,4.70,0.0392,true,1,1454624
7290103408206,false,עלי חסה ערבית שטופים שטראוס 250 גרם,שטראוס בריאות ירקות טריי,IL,עלי חסה ערבית שטופים,גרמים,250.00,100 גרם,false,,9.90,0.0396,true,1,1454626
7290103700980,false,נייר טואלט חתוך עשירייה עדן,שניב,IL,נייר טואלט חתוך עשיר,יח',100.00,יח',false,,18.90,0.1890,true,1,1453565
7290103702533,false,מגבות נייר כפול 6 יח רמילוי,,,מגבות נייר כפול 6 יח,יח',1.00,יח',false,,18.90,18.9000,true,1,1453567
7290103702878,false,מפיות עבות וחזקות 150יח,,,מפיות עבות וחזקות 15,יח',1.00,יח',false,,6.90,6.9000,true,1,1453572
7290103702939,false,נייר טואלט גליל כפול 16 רמילוי,,,נייר טואלט גליל כפול,יח',16.00,יח',false,,28.90,1.8062,true,1,1453573
7290103702946,false,נייר טואלט רמי לוי כפול 24יח,,,נייר טואלט רמי לוי כ,יח',24.00,יח',false,,42.90,1.7875,true,1,1453574
7290103703585,false,נ.טואלט תלת שכבתי 32 רמי לוי,,,נ.טואלט תלת שכבתי 32,יח',32.00,יח',false,,39.90,1.2469,true,1,1453578
7290104061417,false,סלט חומוס עם טחינה אחלה 400 גרם,"שטראוס גרופ בע""\מ",IL,סלט חומוס עם טחינה א,גרמים,400.00,100 גרם,false,,9.90,0.0248,true,1,1454627
7290104061424,false,סלט חומוס עם זעתר אחלה 400 גרם,מיוצר עי קונדיטוריית,IL,סלט חומוס עם זעתר אח,גרמים,400.00,100 גרם,false,,9.90,0.0248,true,1,1454628
7290104061431,false,סלט חומוס עם צנובר אחלה 400 גרם,"שטראוס גרופ בע""\מ",IL,סלט חומוס עם צנובר א,גרמים,400.00,100 גרם,false,,9.90,0.0248,true,1,1454629
7290104061448,false,סלט חומוס עם חריף אחלה 400 גרם,מיוצר עי קונדיטוריית,IL,סלט חומוס עם חריף אח,גרמים,400.00,100 גרם,false,,9.90,0.0248,true,1,1454630
7290104062599,false,מארז 8 יחידות מעדן גמדים בטעמי תות ובננה,"שטראוס בריאות בע""\מ",IL,מעדן גמדים תות בננה,מיליליטרים,800.00,"100 מ""ל",false,,17.90,0.0224,true,1,1454631
7290104065187,false,אבקה להכנת משקה קפה בטעם מוקה,STRAUSS-ISRAEL,IL,קפה נמס מוקה 200 גרם,גרמים,200.00,100 גרם,false,,19.90,0.0995,true,1,1445605
7290104065934,false,עלי רוקט שטראוס 150 גרם,שטראוס בריאות ירקות טריי,IL,עלי רוקט שטראוס 150,גרמים,150.00,100 גרם,false,,9.90,0.0660,true,1,1454632
7290104066566,false,טחינה שומשום מלא אחלה 500 גר',מיוצר עי קונדיטוריית,IL,טחינה 500 גרם,גרמים,500.00,100 גרם,false,,13.90,0.0278,true,1,1454634
7290104068546,false,גומי מאסט בטעם לימון קולה ללא סוכר 28 ג' עלית,"שטראוס גרופ בע""מ",IL,מסטיק MUST בטעם קולה,גרמים,28.00,100 גרם,false,,3.90,0.1393,true,1,1445609
7290104501661,false,אינסטנט פודינג בטעם וניל צרפתי אסם 80 גרם,מיוצר עי קונדיטוריית,IL,אינסטנט פודינג בטעם,גרמים,80.00,100 גרם,false,,4.90,0.0613,true,1,1446704
7290104508189,false,אסם 24 גביעי גלידה ממותקים 95 גרם,בטר אנד דיפרנט,IL,גביעי גלידה אסם 24 י,יח',24.00,יח',false,,11.90,0.4958,true,1,1446708
7290104508202,false,גביעי גלידה אמריקאים אסם 120 גרם 24 יחידות,"גילרו בע""מ",IL,גביעי גלידה אסם 24 י,גרמים,120.00,100 גרם,false,,11.90,0.0992,true,1,1446709
7290104570131,false,תמר מג'הול ששון ושות,,,"תמר מג'הול 1 ק""ג",יח',1.00,יח',false,,17.90,17.9000,true,1,1454176
7290104570162,false,תמרים ללא חרצנים תמר כבוש 500 גרם,תמר העמקים בית שאן,IL,תמרים כבושים 500גרם,גרמים,500.00,100 גרם,false,,6.90,0.0138,true,1,1454177
7290104570292,false,"תמר מג'הול 1קג בד""ץ-אדום",,IL,"תמר מג'הול 1קג בד""ץ-",גרמים,1000.00,100 גרם,false,,19.90,0.0199,true,1,1454179
7290104720499,false,מארז 8 יחידות מעדן דני בטעם וניל 1.5%,מיוצר עי קונדיטוריית,IL,דני בטעם וניל שמיניי,מיליליטרים,1000.00,"100 מ""ל",false,,14.90,0.0149,true,1,1454635
7290104721533,false,רצועות פלפלים קלויים אחלה 400 ג',מיוצר עי קונדיטוריית,IL,פלפלים קלויים 400 גר,גרמים,400.00,100 גרם,false,,14.90,0.0373,true,1,1454636
7290104722530,false,תפוצ'יפס בטעם שמנת בצל עלית 200 גרם,"שטראוס פריטו ליי בע""\מ )",IL,תפוצ'יפס בטעם שמנת ב,גרמים,200.00,100 גרם,false,,9.90,0.0495,true,1,1450715
7290104726262,false,רביעייה מעדן דני שוקולד דיסני לבנים 125 גרם,מיוצר עי קונדיטוריית,IL,דני בטעם שוקולד לשתי,מיליליטרים,500.00,"100 מ""ל",false,,10.90,0.0218,true,1,1454639
7290104726712,false,מארז 8 יחידות מעדן מילקי בטעם שוקולד עם קצפת,"שטראוס גרופ בע""\מ",IL,מארז מילקי שוקולד שמ,קילוגרמים,1.06,"ק""ג",false,,19.90,18.7736,true,1,1454640
7290104728310,false,"שמנת מתוקה עמידה 38% שומן ""יטבתה"" -מוצר בפיקוח",שטראוס גרופ,IL,שמנת להקצפה 38% 250,מיליליטרים,250.00,"100 מ""ל",false,,5.60,0.0224,true,1,1454641
7290104960239,false,"תחליב רחצה נקה 7 ארומה לבן 750 מ""ל",טרופיקל דגיל תעשיות קוסמ,IL,נקה 7 תחליב רחצה קמו,מיליליטרים,750.00,"100 מ""ל",false,,9.90,0.0132,true,1,1448998
7290104960246,false,"נקה 7 - תחליב רחצה ורד ויסמין 750 מ""ל",טרופיקל דגיל תעשיות קוסמ,IL,נקה 7 תחליב רחצה ארו,מיליליטרים,750.00,"100 מ""ל",false,,9.90,0.0132,true,1,1448999
7290104960253,false,"תחליב רחצה נקה 7 לבנדר סגול 750מ""ל",טרופיקל דגיל תעשיות קוסמ,IL,נקה 7 תחליב רחצה לבנ,מיליליטרים,750.00,"100 מ""ל",false,,9.90,0.0132,true,1,1449000
7290104960338,false,"נקה 7 תחליב רחצה ארומה אלוורה ותה ירוק 750מ""ל",טרופיקל דגיל תעשיות קוסמ,IL,נקה 7 תחליב רחצה אלו,מיליליטרים,750.00,"100 מ""ל",false,,9.90,0.0132,true,1,1449001
7290104960352,false,"נקה 7 תחליב רחצה ארומה שקד וניל 750מ""ל","אמיליה קוסמטיקס בע""מ",IL,נקה 7 תחליב רחצה וני,מיליליטרים,750.00,"100 מ""ל",false,,9.90,0.0132,true,1,1449002
7290104960970,false,דאודורנט ספריי טיטניום מטאל Titanium Metal,אמיליה קוסמטיקס בעמ,IL,דאו טיטניום ספריי 18,מיליליטרים,180.00,"100 מ""ל",false,,14.90,0.0828,true,1,1449003
7290104961205,false,"נקה 7 תחליב רחצה מגע קטיפה מ""לפפון קיווי 750 מ""ל",טרופיקל דגיל תעשיות קוסמ,IL,תחליב רחצה מלפפון ול,מיליליטרים,750.00,"100 מ""ל",false,,9.90,0.0132,true,1,1449004
7290104961243,false,"נקה 7 תחליב רחצה מגע קטיפה קוקוס ליים 750 מ""ל",טרופיקל דגיל תעשיות קוסמ,IL,תחליב רחצה קוקוס יסמ,מיליליטרים,750.00,"100 מ""ל",false,,9.90,0.0132,true,1,1449005
7290104961526,false,דאודורנט ספריי גוף טיטניום קלאסיק Titanium Classic,"אמיליה קוסמטיקס בע""מ",IL,טיטניום ספריי גוף 15,מיליליטרים,150.00,"100 מ""ל",false,,9.90,0.0660,true,1,1449012
7290104961533,false,דאודורנט ספריי גוף טיטניום בלק Titanium Black,אמיליה קוסמטיקס,IL,טיטניום ספריי גוף 15,מיליליטרים,150.00,"100 מ""ל",false,,9.90,0.0660,true,1,1449013
7290104961540,false,דאודורנט ספריי גוף טיטניום מטאל Titanium Metal,אמיליה קוסמטיקס,IL,טיטניום ספריי גוף 15,מיליליטרים,150.00,"100 מ""ל",false,,9.90,0.0660,true,1,1449014
7290104961557,false,"טיטניום - דאודורנט ספריי לגבר בלו 150 מ""ל","אמיליה קוסמטיקס בע""מ",IL,טיטניום ספריי גוף 15,מיליליטרים,150.00,"100 מ""ל",false,,9.90,0.0660,true,1,1449015
7290104961878,false,"שמפו לשיער קרטין אינטנס פורמולה 400 מ""ל נטורל",נטורל פורמולה Natural Formula,IL,שמפו קרטין לשיער שעב,מיליליטרים,400.00,"100 מ""ל",false,,29.90,0.0747,true,1,1449016
7290104961885,false,מרכך קרטין טהור לשיער שעבר החלקה או עיצוב בחום,נטורל פורמולה Natural Formula,IL,מרכך קרטין לשיער שעב,מיליליטרים,400.00,"100 מ""ל",false,,29.90,0.0747,true,1,1449017
7290104961892,false,מסכת קרטין טהור לשיער שעבר החלקה או עיצוב בחום,נטורל פורמולה Natural Formula,IL,מסיכת קרטין לשיער שע,מיליליטרים,350.00,"100 מ""ל",false,,39.90,0.1140,true,1,1449018
7290104962073,false,דאודורנט ספריי גוף טיטניום גולד Titanium Gold,"אמיליה קוסמטיקס בע""מ",IL,דאו טיטניום גולד 180,מיליליטרים,180.00,"100 מ""ל",false,,14.90,0.0828,true,1,1449021
7290104962080,false,"טיטניום - דאודורנט ספריי לגבר גולד 150 מ""ל",משווק: קוסמופארם בעמ,IL,טיטניום ספריי גוף 15,מיליליטרים,150.00,"100 מ""ל",false,,10.90,0.0727,true,1,1449022
7290104962684,false,"קרליין - נושם דאודורנט רול און לאישה ללא אלומיניום 75 מ""ל",מיוצר עי : אמיליה קוסמטי,IL,דאודורנט קרליין רול,מטרים,50.00,100 מ'ל,false,,10.90,0.2180,true,1,1449031
7290104962844,false,"שמפו אמפולה לטיפול אינטנסיבי לשיער יבש, צבוע ופגום",נטורל פורמולה Natural Formula,IL,"שמפו אמפולה 400 מ""ל",מיליליטרים,400.00,"100 מ""ל",false,,29.90,0.0747,true,1,1449034
7290104963018,false,סופטקר מגבונים לחים רביעייה ללא בישום,החברה הדרומית,IL,מגבונים סופטקר רביעי,יח',4.00,יח',false,,16.90,4.2250,true,1,1449038
7290104963216,false,סופטקר - אל סבון עדין לתינוק לעור רגיש 1 ליטר,קוסמופארם בע'\'\מ,IL,סופטקר אלסבון עדין ל,ליטרים,1.00,ליטר,false,,14.90,14.9000,true,1,1449043
7290104963223,false,סופטקר - אל סבון עדין לתינוק לעור רגיש 1 ליטר,קוסמופארם בע'\'\מ,IL,סופטקר אלסבון לתינוק,ליטרים,1.00,ליטר,false,,14.90,14.9000,true,1,1449044
7290104963650,false,נקה 7 שמפו אל דמע סופטקר 1 ליטר,קוסמופארם בע'\'\מ,IL,סופטקר שמפו אלדמע 1ל,ליטרים,1.00,ליטר,false,,14.90,14.9000,true,1,1449045
7290104963667,false,שמפו ותחליב רחצה אל דמע סופט קר 1 ליטר,קוסמופארם בע'\'\מ,IL,סופטקר 2ב1 אלסבון שמ,ליטרים,1.00,ליטר,false,,14.90,14.9000,true,1,1449046
7290104964084,false,"קרליין - מולטי אפקט קרם יום 50 מ""ל 25SPF",זוהר קוסמטיקה,IL,קרליין מולטי אפקט- ק,מטרים,50.00,100 מ'ל,false,,49.90,0.9980,true,1,1457602
7290104965647,false,קרליין דאו רול און נושם סוויט קיס לנערות,מיוצר עי : אמיליה קוסמטי,IL,קרליין דיאודורנט בנו,מטרים,75.00,100 מ'ל,false,,10.90,0.1453,true,1,1449063
7290105360250,false,קפסולות 09 עשיר וארומטי למכונת נספרסו עלית 10יח',הנסיך- מפעל לייצור ט,IL,קפסולות קפה אספרסו 9,יח',1.00,יח',false,,15.90,15.9000,true,1,1445615
7290105360328,false,קפסולות אספרסו חזק למכונות נספרסו 10 יח',הנסיך- מפעל לייצור ט,IL,קפסולות קפה אספרסו 1,יח',1.00,יח',false,,15.90,15.9000,true,1,1445616
7290105360335,false,קפסולות אספרסו למכונות נספרסו 50 גר,הנסיך- מפעל לייצור ט,IL,קפסולות קפה אספרסו 7,יח',1.00,יח',false,,15.90,15.9000,true,1,1445617
7290105360755,false,"שמן זית 3 חזק 750 מ""ל יד מרדכי",מכוורת יד מרדכי שטראוס ב,IL,"שמן זית 3 חזק 750 מ""",מיליליטרים,750.00,"100 מ""ל",false,,29.90,0.0399,true,1,1445618
7290105362339,false,"שמנת לבישול 15% 250 מ""ל יטבתה מהדרין",שטראוס גרופ,IL,שמנת לבישול 15% מהדר,מיליליטרים,250.00,"100 מ""ל",false,,7.60,0.0304,true,1,1454643
7290105364289,false,מקלות כיף כף פצפוצים עלית 40 גרם,שולן צ'\יקולטה גידה סאן.,TR,מקלות כיף כף פצפוצים,גרמים,40.00,100 גרם,false,,4.70,0.1175,true,1,1445622
7290105364302,false,"עלית חטיף שוקולד כיף כף מקלות אגוזים, 40 גרם",שולן צ'\יקולטה גידה סאן.,TR,מקלות כיף כף אגוזים,גרמים,42.00,100 גרם,false,,4.70,0.1119,true,1,1445623
7290105364678,false,"אקטיביה משקה יוגורט בטעם אפרסק שטראוס 250 מ""ל",מיוצר עי קונדיטוריית,IL,אקטיביה משקה יוגורט,מיליליטרים,250.00,"100 מ""ל",false,,4.80,0.0192,true,1,1454644
7290105366023,false,סלט חצילים בטעם כבד אחלה 400 גרם,מיוצר עי קונדיטוריית,IL,סלט חצילים בטעם כבד,גרמים,400.00,100 גרם,false,,14.90,0.0373,true,1,1454645
7290105366993,false,סימפוניה גבינת שמנת פלפל שיפקה 5% שטראוס 200 גרם,"שטראוס בריאות בע""מ",IL,סימפוניה גבינת שמנת,גרמים,200.00,100 גרם,false,,10.40,0.0520,true,1,1454647
7290105368331,false,מעדן מילקי בטעם תות עם קצפת,מחלבת אחיהוד,IL,מילקי תות שטראוס 133,מיליליטרים,133.00,"100 מ""ל",false,,2.70,0.0203,true,1,1454649
7290105368904,false,"שמנת מתוקה להקצפה 32% שומן 250 מ""ל יוטבתה",שטראוס גרופ,IL,שמנת מתוקה להקצפה 32,מיליליטרים,250.00,"100 מ""ל",false,,6.90,0.0276,true,1,1454650
7290105368928,false,"שמנת 9% שומן 200 מ""ל יוטבתה",שטראוס גרופ,IL,"שמנת חמוצה 9% 200 מ""",מיליליטרים,200.00,"100 מ""ל",false,,2.90,0.0145,true,1,1454651
7290105369130,false,סימפוניה גבינת שמנת בצל ירוק 5% שטראוס 200 גרם,"שטראוס בריאות בע""\מ",IL,סימפוניה גבינת שמנת,גרמים,200.00,100 גרם,false,,10.40,0.0520,true,1,1454653
7290105430441,false,פלמוליב ס.נוזלי סחלב שחור 750 מל משאבה,הנסיך- מפעל לייצור ט,TR,פלמוליב סבון נוזלי ס,מיליליטרים,750.00,"100 מ""ל",false,,19.90,0.0265,true,1,1444937
7290105430458,false,"פלמוליב - תחליב רחצה נטורלס שקדים 750 מ""ל",הנסיך- מפעל לייצור ט,TR,פלמוליב סבון נוזלי ש,מיליליטרים,750.00,"100 מ""ל",false,,19.90,0.0265,true,1,1444938
7290105430496,false,ליידי ספיד סטיק סטיינגארד ספריי,קולגייט-פלמוליב,RU,ספיד סטיק סטיינגארד,יח',1.00,יח',false,,13.90,13.9000,true,1,1444940
7290105431516,false,מארז חטיף פריי תמרים ובוטנים ללא גלוטן ותוספת סוכר 125 גרם,טבעית מוצרים מן הטבע בעמ,IL,מארז חטיף פריי תמרים,גרמים,125.00,100 גרם,false,,15.90,0.1272,true,1,1444942
7290105431868,false,"פלמוליב ספא קוקוס גרגרים נוזלי 500 מ""ל",הנסיך- מפעל לייצור ט,TR,פלמוליב ספא קוקוס גר,מיליליטרים,500.00,"100 מ""ל",false,,15.90,0.0318,true,1,1444943
7290105433961,false,"ליידי ספיד סטיק לסס פרש אסנס ספריי דובדבן, 150 מ""ל",קולגייט-פלמוליב,RU,ליידי ספיד סטיק פרש,מיליליטרים,150.00,"100 מ""ל",false,,13.90,0.0927,true,1,1444945
7290105434029,false,"ספיד סטיק - דאודורנט ספריי לגבר נוטרו פאואר 150 מ""ל",הנסיך- מפעל לייצור ט,RU,ספיד סטיק נוטרו ספרי,מיליליטרים,150.00,"100 מ""ל",false,,13.90,0.0927,true,1,1444948
7290105434050,false,ספיד סטיק - דאודורנט סטיק לגבר XL ירוק רגיולר 85 גרם,קולגייט פלמוליב,US,ספיד סטיק ירוק רגיל,גרמים,85.00,100 גרם,false,,16.90,0.1988,true,1,1444949
7290105434067,false,ספיד סטיק - דאודורנט סטיק לגבר XL אושן סרף 85 גרם,קולגייט פלמוליב,US,ספיד סטיק כחול אושיי,גרמים,85.00,100 גרם,false,,16.90,0.1988,true,1,1444950
7290105436382,false,חטיף פרי תמרים קשיו ללא תוספת סוכר וגלוטן 5 יח,טבעית מוצרים מן הטבע בעמ,IL,חטיף פרי תמרים קשיו,גרמים,100.00,100 גרם,false,,15.90,0.1590,true,1,1444951
7290105438546,false,קוקי נייר אפייה פרימיום 40 יח',אופל אריזות,IL,קוקי נייר אפייה פרימ,יח',40.00,יח',false,,8.90,0.2225,true,1,1444953
7290105439499,false,מאסטר שף מאסטר שף מיונז 480 גר כשלפ,רמיה סי.וי. הולנד,NL,מאסטר שף מיונז 483 ג,גרמים,483.00,100 גרם,false,,11.90,0.0246,true,1,1444954
7290105439505,false,מאסטר שף קרם בטעם מיונז לייט 479 גר כשלפ,רמיה סי.וי. הולנד,NL,מאסטר שף מיונז לייט,גרמים,479.00,100 גרם,false,,11.90,0.0248,true,1,1444955
7290105439581,false,מנה מאסטר שף חרדל דיזיון צרפתי 370 גר,רמיה סי.וי.הולנד,FR,מנה מאסטר שף חרדל די,גרמים,370.00,100 גרם,false,,9.90,0.0268,true,1,1444956
7290105473950,false,חול חתולים מתגבש יור,יורוקיטי,TR,"יורוקיטי מתגבש 5 ק""ג בקרט",קילוגרמים,5.00,"ק""ג",false,,34.90,6.9800,true,1,1470052
7290105474124,false,"מזון לכלבים בונזו מזון כלבים בשר 12 ק""ג מחולק","ביופט בע""מ",IL,"בונזו בשר 12 ק""ג מחולק",קילוגרמים,12.00,"ק""ג",false,,118.00,9.8333,true,1,1470057
7290105500151,false,וודקה פינלנדיה בקבוק,"אלטיה קורפ, הלסינקי,",FI,וודקה פינלנדיה 700 מ,מיליליטרים,700.00,"100 מ""ל",false,,58.90,0.0841,true,1,1453174
7290105500236,false,וויסקי ג'ק דניאלס מס' 7 Brand No,ג'ק דניאלס Jack Daniel's,US,וויסקי גק דניאלס 700,מיליליטרים,700.00,"100 מ""ל",false,,99.90,0.1427,true,1,1453175
7290105691248,false,אסם חטיפי פריכונים טורטייה תירס 60 גרם,"פרח תעשיות מזון בע""מ.",IL,חטיפי טורטיה תירס אס,גרמים,60.00,100 גרם,false,,6.90,0.1150,true,1,1446712
7290105691712,false,אסם עוגיות הפסקת קפה דגנים מלאים 230 גרם,היינץ צפון אמריקה מק,IL,עוגיות הפסקת קפה חיט,גרמים,230.00,100 גרם,false,,10.90,0.0474,true,1,1446713
7290105691934,false,קמח שמרים אסם 1 קילו,תאי פרזידנט פוד פאבל,IL,"קמח שמרים אסם 1 ק""ג",גרמים,1000.00,100 גרם,false,,7.90,0.0079,true,1,1446714
7290105693341,false,מארז עשיריית במבה אסם 25*10 גרם,"אסם השקעות בע""\מ",IL,במבה חטיף בוטנים אסם,גרמים,250.00,100 גרם,false,,13.90,0.0556,true,1,1446720
7290105693457,false,עוגת הבית דמקה שוקו וניל אסם 320 גרם,מיוצר עי קונדיטוריית,IL,עוגת הבית דמקה שוקו,גרמים,320.00,100 גרם,false,,10.90,0.0341,true,1,1446721
7290105694928,false,אבקת מרק בצל רכיבים טבעיים אסם 220 גרם,"אסם השקעות בע""\מ",IL,אבקת מרק בצל רכיבים,גרמים,220.00,100 גרם,false,,15.90,0.0723,true,1,1446725
7290105695024,false,פתיתים אפויים אורז עם אטריות אסם 500 גרם,"אסם השקעות בע""\מ",IL,פתיתים אפויים אורז ע,גרמים,500.00,100 גרם,false,,4.90,0.0098,true,1,1446726
7290105695321,false,עוגת הבית בראוניס פאדג' אסם 380 גרם,מיוצר עי קונדיטוריית,IL,עוגת הבית בראוניס פא,גרמים,380.00,100 גרם,false,,14.90,0.0392,true,1,1446727
7290105695536,false,אבקת מרק ירקות שורש תיבול אסם 220 גר',"אסם תעשיות בע""מ",IL,אבקת מרק ירקות שורש,גרמים,220.00,100 גרם,false,,15.90,0.0723,true,1,1446728
7290105962331,false,סחוג תימני אדום חריף מאוד זהבי הכרם 220 גרם,אף.סי תבליני בגליל ב,IL,סחוג אדום תימני חריף,גרמים,220.00,100 גרם,false,,9.90,0.0450,true,1,1454655
7290105965738,false,יוגורט לשתיה בטעם תות בננה267 ג' דנונה,מיוצר עי קונדיטוריית,IL,משקה יוגורט דנונה תו,גרמים,267.00,100 גרם,false,,4.50,0.0169,true,1,1454659
7290105966469,false,"חומץ בלסמי ממודנה יד מרדכי 250 מ""ל",אצטייה ג'וזפה קרמוני,IT,חומץ בלסמי יד מרדכי,מיליליטרים,250.00,"100 מ""ל",false,,13.90,0.0556,true,1,1445632
7290105968098,false,סלט קולסלאו אחלה 500 גרם,שטראוס גרופ סלטים,IL,קולסלאו אחלה 500 גרם,גרמים,500.00,100 גרם,false,,14.90,0.0298,true,1,1454660
7290105968654,false,רביולי בטטה פרווה פסטה נונה 400 ג',מיוצר עי קונדיטוריית,IL,פסטה רביולי בטטה פרו,גרמים,400.00,100 גרם,false,,19.80,0.0495,true,1,1454661
7290105968777,false,פריכיות 5 דגנים עם תחתית שוקולד מריר 70 גרם,"טחנת האבן תעשיות בע""",IL,פריכיות 5 דגנים עם ת,גרמים,70.00,100 גרם,false,,7.50,0.1071,true,1,1445633
7290106520066,false,"רבע לשבע שוקולד חלב במילוי אגוזים עלית 160 גרם בד""צ","הגביע מוצרי וופלים בע""\מ",IL,רבע לשבע במילוי קרם,גרמים,160.00,100 גרם,false,,9.90,0.0619,true,1,1445634
7290106520288,false,יוגורט פרו חלבון עם תות 2.4% שומן 150 ג' דנונה,"שטראוס בריאות בע""מ",IL,דנונה WOW תות 2.4%,גרמים,150.00,100 גרם,false,,4.50,0.0300,true,1,1454662
7290106520905,false,סלט טורקי אחלה 400 גרם,"שטראוס גרופ בע""\מ",IL,סלט טורקי 400 גרם,גרמים,400.00,100 גרם,false,,14.90,0.0373,true,1,1454663
7290106520912,false,"שמנת 9% לבישול יטבתה 250 מ""ל מהדרין",שטראוס גרופ,IL,שמנת לבישול 9% 250 מ,מיליליטרים,250.00,"100 מ""ל",false,,7.60,0.0304,true,1,1454664
7290106521049,false,אחלה טעמי השוק קוביות סלק 400 גר,מיוצר עי קונדיטוריית,IL,קוביות סלק 400 גרם,גרמים,400.00,100 גרם,false,,14.90,0.0373,true,1,1454665
7290106524439,false,"תפוצ'יפס פופס 60 גרם ""עלית""","שטראוס פריטו ליי בע""\מ )",IL,תפוצ'יפס פופס 60 גרם,גרמים,60.00,100 גרם,false,,3.50,0.0583,true,1,1450719
7290106525375,false,קפה מארז טורקי שלישייה 3*125 גר עלית,עלית,,קפה מארז טורקי שלישי,גרמים,375.00,100 גרם,false,,25.90,0.0691,true,1,1445640
7290106525382,false,קפה טורקי עלית 125 גר,עלית,,קפה טורקי 125 גר,גרמים,125.00,100 גרם,false,,9.90,0.0792,true,1,1445641
7290106525399,false,קפסולות 06 ברזיל למכונות נספרסו עלית 10יח',הנסיך- מפעל לייצור ט,IL,קפסולות ברזיל למכונת,יח',1.00,יח',false,,15.90,15.9000,true,1,1445642
7290106525405,false,קפסולות למכונת נספרסו נטול קפאין,שטראוס קפה בי.וי.,IL,קפסולות קפה אספרסו נ,100 יח',1.00,100 יח',false,,15.90,15.9000,true,1,1445643
7290106526822,false,פריכיות אורז חום מלא תחתית שוקולד חלב 80 גרם,"טחנת האבן תעשיות בע""",IL,פריכיות אורז חום מלא,גרמים,80.00,100 גרם,false,,7.50,0.0938,true,1,1445644
7290106528567,false,"דוריטוס גריל 185 גרם ""עלית""","שטראוס פריטו ליי בע""\מ )",IL,דוריטוס בטעם גריל 18,גרמים,185.00,100 גרם,false,,6.90,0.0373,true,1,1450720
7290106528628,false,"דוריטוס טבעי 185 גרם ""עלית""","שטראוס פריטו ליי בע""\מ )",IL,דוריטוס בטעם טבעי 18,גרמים,185.00,100 גרם,false,,6.90,0.0373,true,1,1450721
7290106528949,false,לקט ערוגות 450 גרם שטראוס,שטראוס בריאות ירקות טריי,IL,לקט ערוגות 450 גרם ש,גרמים,450.00,100 גרם,false,,10.80,0.0240,true,1,1454666
7290106571921,false,עוגיות פיטנס עוגיות חמוציות 180 גר',מיוצר עי קונדיטוריית,IL,פיטנס עוגיות חמוציות,גרמים,180.00,100 גרם,false,,10.90,0.0606,true,1,1446736
7290106572065,false,חטיפי פריכונים טורטיה חמוץ מתוק 60 גרם,"פרח תעשיות מזון בע""מ",IL,חטיפי טורטיה חמוץ מת,גרמים,60.00,100 גרם,false,,6.90,0.1150,true,1,1446739
7290106572959,false,אפרופו מארז 5 יח' *25 ג' אסם,"אסם השקעות בע""\מ",IL,מארז אפרופו 5*25 גרם,גרמים,75.00,100 גרם,false,,12.50,0.1667,true,1,1446742
7290106573024,false,סירופ דיאט אננס 1 ליטר עסיס,בית השיטה עסיס תעשיו,IL,עסיס אננס דיאט 1לי,ליטרים,1.00,ליטר,false,,17.90,17.9000,true,1,1446744
7290106573598,false,צבר חומוס לבנוני 400 גרם,סלטי צבר,IL,חומוס לבנוני צבר 400,גרמים,400.00,100 גרם,false,,11.90,0.0298,true,1,1446749
7290106573628,false,צבר חומוס עם טחינה 400 גרם,סלטי צבר,IL,חומוס עם טחינה צבר 4,גרמים,400.00,100 גרם,false,,11.90,0.0298,true,1,1446750
7290106574793,false,עוגת הבית בטעם שוקו-שוקוצ'יפס 350 ג' אסם,מיוצר עי קונדיטוריית,IL,עוגת שוקו שוקוציפס,גרמים,330.00,100 גרם,false,,10.90,0.0330,true,1,1446753
7290106574953,false,בייגלה שטוחים כעכים שטוחים עם שומשום,מיוצר עי קונדיטוריית,IL,בייגלה שטוחים שומשום,גרמים,300.00,100 גרם,false,,9.90,0.0330,true,1,1446754
7290106574977,false,בייגלה שטוחים כעכים שטוחים עם מלח,מיוצר עי קונדיטוריית,IL,בייגלה שטוחים מלח אס,גרמים,300.00,100 גרם,false,,9.90,0.0330,true,1,1446755
7290106575011,false,פתיתים אפויים קוסקוס מחיטה מלאה אסם 400 גרם,מיוצר עי קונדיטוריית,IL,פתיתים אפויים קוסקוס,גרמים,400.00,100 גרם,false,,4.90,0.0123,true,1,1446756
7290106575257,false,עוגת הבית סופלה בטעם שוקולד 340 ג' אסם,מיוצר עי קונדיטוריית,IL,עוגת סופלה בטעם שוקו,גרמים,340.00,100 גרם,false,,10.90,0.0321,true,1,1446757
7290106576513,false,סלט חומוס צבר 400 גר,סלטי צבר,IL,חומוס חלק 400 ג,גרמים,400.00,100 גרם,false,,8.90,0.0223,true,1,1446761
7290106576537,false,חומוס מסעדות צבר 700 גרם,סלטי צבר,IL,חומוס מסעדות צבר 700,גרמים,700.00,100 גרם,false,,10.80,0.0154,true,1,1446762
7290106577282,false,טחינה אמיתית מרובע 400 ג' צבר,סלטי צבר,IL,סלט טחינה צבר 400 ג,גרמים,400.00,100 גרם,false,,11.90,0.0298,true,1,1446763
7290106577527,false,סלט קולסלאו כרוב לבן וגזר 400 ג' צבר,סלטי צבר,IL,סלט קולסלאו צבר 400,גרמים,400.00,100 גרם,false,,11.90,0.0298,true,1,1446766
7290106577541,false,צבר כרוב אדום מרובע 400גרם,סלטי צבר,IL,כרוב אדום מרובע 400,גרמים,400.00,100 גרם,false,,10.90,0.0273,true,1,1446767
7290106578692,false,ביסלי במבה מיקס מהדורת אליפות אסם 80 גרם,פרו מן יו פתרונות אר,IL,ביסלי במבה מיקס 80 ג,גרמים,80.00,100 גרם,false,,3.90,0.0487,true,1,1446771
7290106578821,false,עוגת הבית שמרים קלאסית שוקולד אסם 350 גרם,מיוצר עי קונדיטוריית,IL,עוגת שמרים שוקולד קל,גרמים,350.00,100 גרם,false,,14.90,0.0426,true,1,1446772
7290106652996,false,כיף כף מקלות קוקוס חלבי 40 גר',סולן בעבור שטראוס,TR,מקלות כיף כף קוקוס ע,יחידה,0.00,יחידה,false,,4.90,0.0000,true,1,1509538
7290106653689,false,לקט לסלט אסייתי שטראוס 350 גרם,שטראוס בריאות ירקות טריי,IL,לקט לסלט אסיאתי 350,גרמים,350.00,100 גרם,false,,10.90,0.0311,true,1,1454667
7290106654099,false,מילקי CAKE עוגות אישיות במילוי קרם חלב,בובארד איטליה אס.פי.איי,IT,מארז מילקי קייק שמינ,גרמים,272.00,100 גרם,false,,19.90,0.0732,true,1,1454668
7290106656734,false,"עוגיות חיוכים וניל עלית 600 גרם בד""צ",אפיפית נצרת תעשיות ב,IL,עוגיות חיוכים וניל ו,גרמים,600.00,100 גרם,false,,16.90,0.0282,true,1,1445651
7290106660410,false,"רביולי תרד וגבינה 400 גרם ""שטראוס""",מיוצר עי קונדיטוריית,IL,פסטה רביולי תרד וגבי,גרמים,400.00,100 גרם,false,,19.80,0.0495,true,1,1454669
7290106663091,false,"לאבנה 9 % עם שמן זית 500 גר' ""שטראוס""",הדקלאים אגודת שיתופי,IL,גבינת לאבנה 9% שומן,גרמים,500.00,100 גרם,false,,16.90,0.0338,true,1,1454670
7290106663503,false,קונפיטורה לייט תות יד מרדכי 230 גרם,אף.סי תבליני בגליל ב,IL,קונפיטורת תות שדה לי,גרמים,230.00,100 גרם,false,,10.90,0.0474,true,1,1445659
7290106663558,false,"רוטב טריאקי ורימון יד מרדכי 280מ""ל",אף.סי תבליני בגליל ב,IL,רוטב טריאקי 320 גרם,גרמים,320.00,100 גרם,false,,11.90,0.0372,true,1,1445660
7290106664067,false,לאבנה עם שמן זית וזעתר 10% שטראוס 400 ג',הדקלאים אגודת שיתופי,IL,לאבנה שמן זית וזעתר,גרמים,400.00,100 גרם,false,,13.90,0.0348,true,1,1454671
7290106664555,false,"רוטב שמנת עם עגבניות 9% שומן 250 מ""ל יוטבתה",שטראוס גרופ,IL,רוטב שמנת עם עגבניות,מיליליטרים,250.00,"100 מ""ל",false,,9.80,0.0392,true,1,1454672
7290106664562,false,רוטב שמנת עם פטריות 9% שומן 258 ג' יוטבתה,שטראוס גרופ,IL,רוטב שמנת עם פטריות,מיליליטרים,250.00,"100 מ""ל",false,,9.80,0.0392,true,1,1454673
7290106667266,false,"דוריטוס חמוץ חריף 185 גרם ""עלית""","שטראוס פריטו ליי בע""\מ )",IL,דוריטוס חמוץ חריף 18,גרמים,185.00,100 גרם,false,,6.90,0.0373,true,1,1450728
7290106668577,false,"מיץ לימון טיבעי 250 מ""ל יד מרדכי",האי נאם סי או אל.טי.,IT,"מיץ לימון 250 מ""ל",מיליליטרים,250.00,"100 מ""ל",false,,7.80,0.0312,true,1,1445664
7290106668713,false,יוגורט עם פירות יער 3% שומן 150 ג' דנונה,מיוצר עי קונדיטוריית,IL,יוגורט דנונה פירות י,מיליליטרים,150.00,"100 מ""ל",false,,3.50,0.0233,true,1,1454674
7290106669857,false,קפסולות אספרסו בטעם וניל עלית 10 יחידות,הנסיך- מפעל לייצור ט,IL,קפסולות אספרסו בטעם,100 יח',1.00,100 יח',false,,15.90,15.9000,true,1,1445666
7290106720626,false,צ'יטוס קראנצ' בטעם גבינה - חלבי,"שטראוס פריטו ליי בע""\מ )",IL,ציטוס גבינה 80 גר,גרמים,80.00,גרם,false,,4.20,0.0525,true,1,1450729
7290106721913,false,מסטיק מאסט MUST ללא סוכר בטעם מנטה מרעננת,"שטראוס גרופ בע""מ",IL,מסטיק MUST בטעם מנטה,גרמים,66.00,100 גרם,false,,8.90,0.1348,true,1,1445669
7290106721920,false,צנצנת מסטיק מאסט בטעם ספירמינט עדין 66 ג' עלית,"שטראוס גרופ בע""\מ.",IL,מאסט בוקס,גרמים,66.00,100 גרם,false,,8.90,0.1348,true,1,1445670
7290106723689,false,עלי תרד בייבי שטראוס 200 גרם,שטראוס בריאות ירקות טריי,IL,עלי תרד בייבי 200 גר,גרמים,200.00,100 גרם,false,,10.90,0.0545,true,1,1454675
7290106725867,false,"סירופ מייפל טבעי 189 מ""ל ""יד מרדכי""",קוסלסי פוד,CA,"סירופ מייפל 189 מ""ל",מיליליטרים,189.00,"100 מ""ל",false,,29.90,0.1582,true,1,1445675
7290106726178,false,יוגורט PRO עם פירות יער 2.4% 10 גרם חלבון בגביע,מיוצר עי קונדיטוריית,IL,דנונה WOW פירות יער,גרמים,150.00,100 גרם,false,,4.50,0.0300,true,1,1454677
7290106727984,false,"כיף כף פצפצים בגביע 135 גרם ""עלית""",שולן צ'\יקולטה גידה סאן.,TR,גביע כיף כף פצפצים 1,גרמים,135.00,100 גרם,false,,9.90,0.0733,true,1,1445677
7290106729650,false,יוגורט עם תות מאגדת 8 יח' * 150ג' דנונה,"שטראוס גרופ בע""\מ",IL,מארז דנונה 8 יח 1.2,ליטרים,1.20,ליטר,false,,23.90,19.9167,true,1,1454680
7290107280013,false,"חמישיית מגבונים ל.מבושם ""ליטופים""",טרופיקל דגיל קוסמטיק,IL,מגבונים ליטופים מארז,יח',72.00,יח',false,,17.90,0.2486,true,1,1449066
7290107280020,false,שלישיית מטליות לחות לניקוי כללי סנו סושי 50 יחידות,טרופיקל דגיל- תעשיות,IL,שלישיית מגבונים סנו,יח',3.00,יח',false,,16.90,5.6333,true,1,1449067
7290107280068,false,סנו סושי תבנית אלומיניום ענק א.לארג 2 יח,סנו מפעלי ברונוס בעמ,CN,סנו סושי תבנית אלומי,יח',1.00,יח',false,,7.50,7.5000,true,1,1449069
7290107280075,false,סנו סושי תבנית אלומיניום לארג 4יח,סנו מפעלי ברונוס בעמ,CN,סנו סושי תבנית אלומי,יח',1.00,יח',false,,7.50,7.5000,true,1,1449070
7290107280082,false,מארז 7 תבניות אלומיניום מוארכות לאפייה אינגליש קייק,סנו מפעלי ברונוס בעמ,CN,סנו סושי תבנית אלומי,יח',1.00,יח',false,,7.50,7.5000,true,1,1449071
7290107280112,false,סנו סופט נייר טואלט 24 גל.,Unknown,IL,סנו סופט נייר טואלט,גרמים,1450.00,100 גרם,false,,24.90,0.0172,true,1,1522933
7290107280129,false,סנו סושי 20 שקיות אשפה חזקות גדולות XXL,סנו מפעלי ברונוס בעמ,IL,סנו סושי 20 שקיות אש,יח',1.00,יח',false,,22.90,22.9000,true,1,1449074
7290107280341,false,ריצפז מטליות לחות לניקוי הרצפה בניחוח מלון מפנק,"סנו מפעלי ברונוס סע""",IL,מטליות ריצפז הום פרש,יח',1.00,יח',false,,10.90,10.9000,true,1,1449078
7290107280396,false,"סנו - ג'ט מרסס לניקוי יסודי במטבח 750 מ""ל","סנו מפעלי ברונוס בע""",IL,"סנו ג'ט למטבח 750 מ""",מיליליטרים,750.00,"100 מ""ל",false,,11.90,0.0159,true,1,1449080
7290107280563,false,ג'ל אוקסיג'ן בייבי סנו 3 ליטר,"איי, בי, אינבוו",IL,סנו אוקסיג'ן בייבי 3,ליטרים,3.00,ליטר,false,,28.90,9.6333,true,1,1449083
7290107280570,false,סנו - מקסימה ג'ל כביסה מרוכז לכביסה צבעונית 3 ליטר,מיוצר עי קונדיטוריית,IL,סנו מקסימה ג'ל לכביס,ליטרים,3.00,ליטר,false,,28.90,9.6333,true,1,1449084
7290107280600,false,טבליות למדיח סנו ספארק 100 טבליות במארז,גרופה אינקו,PL,סנו ספארק טבל 100 יח,קילוגרמים,2.00,"ק""ג",false,,47.90,23.9500,true,1,1449087
7290107280655,false,"אבקת כביסה בייבי סנו מקסימה 3.25 ק""ג",סנו מקסימה,IL,סנו מקסימה בייבי 3.2,קילוגרמים,3.25,"ק""ג",false,,29.90,9.2000,true,1,1449088
7290107280709,false,"סנו ספארק נוזל הברקה למדיח 700 מ""ל","סנו מפעלי ברונוס בע""\מ",IL,סנו ספארק נוזל הברקה,מיליליטרים,700.00,"100 מ""ל",false,,10.90,0.0156,true,1,1449089
7290107280716,false,מלח למדיח להגנה מפני אבנית סנו ספארק Spark,סנו ספארק,IL,סנו ספארק מלח למדיח,קילוגרמים,2.00,"ק""ג",false,,9.90,4.9500,true,1,1449090
7290107280723,false,נוזל לניקוי כלים סנו ספארק Spark בניחוח לימון רענן,סנו כימיקלים,IL,סנו ספארק נוזל לכלים,מיליליטרים,700.00,"100 מ""ל",false,,7.90,0.0113,true,1,1449091
7290107280730,false,נוזל לניקוי כלים סנו ספארק Spark בניחוח לבנדר,מיוצר עי קונדיטוריית,IL,סנו ספארק נוזל לכלים,מיליליטרים,700.00,"100 מ""ל",false,,7.90,0.0113,true,1,1449092
7290107280747,false,נוזל לניקוי כלים סנו ספארק Spark קלאסי,סנו כימיקלים,IL,סנו ספארק נוזל לכלים,מיליליטרים,700.00,"100 מ""ל",false,,7.90,0.0113,true,1,1449093
7290107280754,false,נוזל כלים סנו ספארק Spark היפואלרגני פריחת השקד,סנו ספארק,IL,סנו ספארק נוזל לכלים,מיליליטרים,700.00,"100 מ""ל",false,,7.90,0.0113,true,1,1449094
7290107280761,false,נוזל לניקוי כלים בניחוח לימון רענן סנו ספארק Spark,מיוצר עי קונדיטוריית,IL,סנו ספארק נוזל לכלים,ליטרים,1.00,ליטר,false,,10.70,10.7000,true,1,1449095
7290107280822,false,סנו ריצפז פרש הום 2 ליטר בניחוח ספא,"סנו מפעלי ברונוס בע""\מ",IL,ריצפז פרש הום 2לי,ליטרים,2.00,ליטר,false,,19.80,9.9000,true,1,1449097
7290107645584,false,אבקת מרק עוף אמיתי רכיבים טבעיים 400 גרם - רבנות,יוניליוור ישראל מזון בע\,IL,מרק 400 עוף אמיתי 10,גרמים,400.00,100 גרם,false,,19.90,0.0497,true,1,1447821
7290107645591,false,אבקת מרק בטעם עוף 100% רכיבים טבעיים 400 גרם,יוניליוור ישראל מזון בע\,IL,מרק 400 טעם עוף 100%,גרמים,400.00,100 גרם,false,,14.90,0.0373,true,1,1447822
7290107646062,false,אבקת מרק בצל רכיבים טבעיים קנור 400 ג',יוניליוור ישראל מזון בע\,IL,מרק 400 בצל 100% רכב,גרמים,400.00,100 גרם,false,,18.90,0.0472,true,1,1447823
7290107646826,false,"חטיף שוגי שוקו תלמה 156 גרם מארז 6 יחידות בד""צ",יוניליוור ישראל מזון בעמ,IL,מאגדת חטיפי שוגי שוק,יח',1.00,יח',false,,12.80,12.8000,true,1,1447828
7290107646963,false,"מיונז תלמה טעם ספייסי 273 גר בד""ץ",יוניליוור מזון,IL,מיונז תלמה טעם ספייס,גרמים,273.00,100 גרם,false,,7.90,0.0289,true,1,1447833
7290107647656,false,סולרו פרוט בוסט - קוקוס אננס (פרווה),"מיוצר ע""\י גלידת שטראוס",IL,קרחון שרבט קוקוס ואנ,גרמים,290.00,100 גרם,false,,19.50,0.0672,true,1,1453631
7290107647731,false,קוקומן חום לבן בטעם שוקולד ווניל,יוניליוור ישראל מזון בעמ,IL,קוקומן חום לבן 20%פח,גרמים,375.00,100 גרם,false,,19.90,0.0531,true,1,1447839
7290107649100,false,בייגלה טבעות שומשום 300 גרם.,בייגל את בייגל מזון 198),IL,בייגלה טבעות שומשום,גרמים,300.00,100 גרם,false,,8.90,0.0297,true,1,1447850
7290107649728,false,גלידה פרווה שוקולד ופרורי עוגיות שטראוס,"גלידת שטראוס בע""\מ, רחוב",IL,גלידה פרווה שוקולד ו,ליטרים,2.00,ליטר,false,,19.80,9.9000,true,1,1453634
7290107649735,false,"גלידה בטעמי תות דשה, לימון, בננה, משמש, פטל","גלידת שטראוס בע""\מ, רחוב",IL,גלידה 5 טעמים שטראוס,ליטרים,2.00,ליטר,false,,19.80,9.9000,true,1,1453635
7290107871990,false,"פסטה צינורות 500 גרם ""אסם""",פסטה זארה,IT,פסטה צינורות אסם 500,גרמים,500.00,100 גרם,false,,4.90,0.0098,true,1,1446777
7290107874502,false,ביסלי גריל קדמ. מארז אחיד 10 4*55 גרם,מיוצר עי קונדיטוריית,IL,ביסלי גריל 4*55גרם,גרמים,220.00,100 גרם,false,,12.50,0.0568,true,1,1446785
7290107875004,false,פופקורן חמאה ודבש מארז12*20גר',אסם,IL,פופקו חמאה ודבש מארז,יח',1.00,יח',false,,16.90,16.9000,true,1,1446787
7290107875271,false,ביסלי ברביקיו קדמ. מארז אחיד10 4*55 גרם,"אסם השקעות בע""\מ",IL,ביסלי ברביקיו 4*55גר,גרמים,220.00,100 גרם,false,,12.50,0.0568,true,1,1446789
7290107875820,false,קרוטונים אפויים בתיבול ביתי אוסם 180 ג',עינת תעשיות מזון,IL,קרוטונים אפויים בתיב,גרמים,180.00,100 גרם,false,,10.90,0.0606,true,1,1446790
7290107908450,false,סנדוויץ בוקס גבינה/נ,,,קופסא מעוצבת,יח',1.00,יח',false,,6.90,6.9000,true,1,1475134
7290107908467,false,סנדוויץ בוקס גבינה/נ,,,קופסא מעוצבת,יח',1.00,יח',false,,6.90,6.9000,true,1,1475135
7290107909006,false,סיר מקושט 2 ל אותנטי,,,סיר מקושט 2 ל אותנטי,יח',1.00,יח',false,,9.90,9.9000,true,1,1475138
7290107909013,false,סיר מיקרוגל 3 ליטר א,,,סיר מקושט 3ל אותנטי,יח',1.00,יח',false,,12.90,12.9000,true,1,1475139
7290107909495,false,סט לאנץ בוקס משובח,,,סט לאנץ בוקס משובח,יח',1.00,יח',false,,19.90,19.9000,true,1,1475140
7290107930321,false,קונפיטורת יד מרדכי דובדובן 340 גרם,"בית אל מזון בע""מ",IL,קונפיטורה דובדבן 340,גרמים,340.00,100 גרם,false,,10.90,0.0321,true,1,1445681
7290107931397,false,כיף כף פצפוצים במילוי שוקולד 40 גרם,שולן צ'\יקולטה גידה סאן.,TR,כיף כף פצפצים,גרמים,40.00,100 גרם,false,,4.70,0.1175,true,1,1445682
7290107932080,false,חלב מועשר יוטבתה בבקבוק 3% 1 ליטר,מחלבת יטבתה,IL,חלב בבקבוק 3% מועשר,ליטרים,1.00,ליטר,false,,7.20,7.2000,true,1,1454681
7290107933155,false,לקט סלנובה שטראוס 200 גרם,שטראוס בריאות ירקות טריי,IL,לקט סלנובה 200 ג,גרמים,200.00,100 גרם,false,,11.90,0.0595,true,1,1454683
7290107934473,false,שמינייה יוגורט לבן אקטיביה 1.5% דנונה 150 גרם,"שטראוס גרופ בע""\מ",IL,יוגורט אקטיביה לבן 1,ליטרים,1.20,ליטר,false,,19.90,16.5833,true,1,1454688
7290107936309,false,דנונה יוגורט 7% יווני לבן 130 ג',"שטראוס בריאות בע""מ",IL,דנונה יווני לבן 130,גרמים,130.00,100 גרם,false,,3.20,0.0246,true,1,1454689
7290107936460,false,מארז 8 יח' דנכול משקה יוגורט בטעם מעודן,מיוצר עי קונדיטוריית,IL,דנכול בטעם מעודן שמי,גרמים,800.00,100 גרם,false,,28.90,0.0361,true,1,1454690
7290107936958,false,עד חצות ביסקוויט אצבעות שוקולד 125 גרם,ביסקוויטס טור ד'\אלבון,FR,עד חצות אצבעות 125 ג,גרמים,125.00,100 גרם,false,,9.90,0.0792,true,1,1445691
7290107936965,false,עיגולים עד חצות עם שוקולד חלב 225 גר,ביסקווטרי עוגיות סנט,FR,עד חצות עיגולים 225,גרמים,225.00,100 גרם,false,,11.90,0.0529,true,1,1445692
7290107937542,false,משקה יוגורט אקטיביה עם תות 1.2% שומן,מיוצר עי קונדיטוריית,IL,משקה אקטיביה תות 1.2,מיליליטרים,265.00,"100 מ""ל",false,,4.80,0.0181,true,1,1454691
7290107937627,false,מסטיק מאסט Must קוביות ללא סוכר בטעם מנטה עדינה,אסקום קונפקשיין,DE,מאסט קוביות מסטיק ספ,גרמים,58.00,100 גרם,false,,9.90,0.1707,true,1,1445693
7290107937634,false,צנצנית מסטיק מאסט קוביות פפירמינט 58 ג' עלית,אסקום קונפקשיין,DE,מאסט קוביות מסטיק פפ,גרמים,58.00,100 גרם,false,,9.90,0.1707,true,1,1445694
7290107937641,false,צנצנת מסטיק בזוקה קוביות ללא סוכר,אסקום קונפקשיין,DE,צנצנת מסטיק בזוקה 58,גרמים,58.00,100 גרם,false,,7.80,0.1345,true,1,1445695
7290107937856,false,קפסולות 11חזק למכונות נספרסו עלית 10יח',הנסיך- מפעל לייצור ט,IL,קפסולות למכונה עלית,יח',1.00,יח',false,,15.90,15.9000,true,1,1445696
7290107938396,false,שמיניית אקטימל תות דיסני בנים 108 גרם,מיוצר עי קונדיטוריית,IL,אקטימל שמינייה תות,גרמים,864.00,100 גרם,false,,19.90,0.0230,true,1,1454692
7290107939027,false,גזר דק דק שטראוס 250 גרם,שטראוס בריאות ירקות טריי,IL,גזר דק דק 250 גרם שט,גרמים,250.00,100 גרם,false,,5.90,0.0236,true,1,1454693
7290107940467,false,אקטיביה יוגורט 1.5% שומן 200 ג' דנונה,מיוצר עי קונדיטוריית,IL,אקטיביה 200גר 1.5%,גרמים,200.00,100 גרם,false,,3.70,0.0185,true,1,1454696
7290107941259,false,"עדשים ירוקות מבושלות 475 גרם ""טעם הטבע",הורקסה לס לגונס דה ס,ES,עדשים ירוקים מבושלים,גרמים,475.00,100 גרם,false,,10.90,0.0229,true,1,1454697
7290107941273,false,"חומוס מבושל 475 גרם ""טעם הטבע",הורקסה לס לגונס דה ס,ES,חומוס מבושל 475 גר ש,גרמים,475.00,100 גרם,false,,10.90,0.0229,true,1,1454699
7290107943192,false,"שמנת חמוצה מהערבה 27% שומן 200 מ""ל יטבתה",מחלבת יטבתה,IL,שמנת חמוצה מהערבה 27,מיליליטרים,200.00,"100 מ""ל",false,,3.90,0.0195,true,1,1454705
7290107943369,false,קוואקר שיבולת שועל ללא גלוטן 511 גרם,היידי שוקולד בירונטי,US,קוואקר שיבולת שועל ל,גרמים,511.00,100 גרם,false,,17.90,0.0350,true,1,1450731
7290107944243,false,אפיפיות בטעם שוקולד 200 גרם כשר לפסח,"שטראוס גרופ בע""\מ",IL,וופל אפיפית 200ג ללא,גרמים,200.00,100 גרם,false,,7.90,0.0395,true,1,1445702
7290107944472,false,סימפוניה גבינה במרקם שמנת 5% שום שמיר,"שטראוס בריאות בע""\מ",IL,סימפוניה שום שמיר 5%,גרמים,200.00,100 גרם,false,,10.40,0.0520,true,1,1454711
7290107945165,false,קונפיטורת משמש יד מרדכי 340 גרם,אף.סי תבליני בגליל ב,IL,קונפיטורת משמש 340 ג,גרמים,340.00,100 גרם,false,,10.90,0.0321,true,1,1445707
7290107950190,false,מעדן חלב דל קלוריות בטעם שוקולד מריר 0.5% שומן,מיוצר עי קונדיטוריית,IL,מעדן שטראוס דיאט שוק,גרמים,130.00,100 גרם,false,,3.20,0.0246,true,1,1454713
7290107950206,false,מעדן דיאט שוקולד שטראוס 130 גרם,מיוצר עי קונדיטוריית,IL,מעדן שטראוס דיאט שוק,גרמים,130.00,100 גרם,false,,3.20,0.0246,true,1,1454714
7290107951111,false,בפלות ופלים ארוכים בטעם לימון,"א.ג. גילרו בע""\מ",IL,בפלות לימון 200 גר ב,גרמים,200.00,100 גרם,false,,3.90,0.0195,true,1,1445715
7290107951715,false,צנצנת מסטיק מאסט קוביות בטעם ענבים 58 ג' עלית,אסקום קונפקשיין,IL,מאסט צנצנת קוביות ענ,גרמים,58.00,100 גרם,false,,9.90,0.1707,true,1,1445722
7290107953559,false,"מארז קפה טורקי עלית לדרך כשל""פ 168 גרם",הנסיך- מפעל לייצור ט,IL,מארז קפה טורקי לדרך,גרמים,168.00,100 גרם,false,,16.90,0.1006,true,1,1445723
7290107954709,false,"קונפיטורת פירות יער ""יד מרדכי"" 340 גר'","ב.א. מזון בע""\מ",IL,קונפיטורת פירות יער,גרמים,340.00,100 גרם,false,,11.90,0.0350,true,1,1445726
7290107956642,false,"תרסיס שמן זית 150 מ""ל יד מרדכי כשלפ",פארייפאבה אגרואינדוס,ES,תרסיס שמן זית 150 מל,מיליליטרים,150.00,"100 מ""ל",false,,17.90,0.1193,true,1,1445730
7290107956895,false,קפסולות 07 אספרסו בטעם קרמל עלית 10יח',שטראוס קפה בי.וי.,IL,קפסולות אספרסו טעם ק,100 יח',1.00,100 יח',false,,15.90,15.9000,true,1,1445733
7290107956901,false,קפסולות בטעם אגוזים למכונת נספרסו עלית 10 יחידות,שטראוס קפה בי.וי.,IL,קפסולות אספרסו בטעם,יח',1.00,יח',false,,15.90,15.9000,true,1,1445734
7290107956925,false,קפסולות 13 אוגנדה למכונת נספרסו עלית 10יח',שטראוס קפה בי.וי.,IL,קפסולות אוגנדה 13 50,יח',1.00,יח',false,,15.90,15.9000,true,1,1445735
7290107956932,false,קפסולות אספרסו אידונזיה למכונות 50 גר,שטראוס קפה בי.וי.,IL,קפסולות קפה אינדונזי,יח',1.00,יח',false,,15.90,15.9000,true,1,1445736
7290107958035,false,יוגורט במתיקות מעודנת 2% ללא תוספת סוכר- מארז 8 יח,"שטראוס בריאות בע""\מ",IL,מארז 8 דנונה מעודנת,קילוגרמים,1.20,"ק""ג",false,,17.90,14.9167,true,1,1454724
7290107971539,false,פרי חטיף בוטנים וקשיו עם שוקולד מריר 125 גרם,אמקו סאם מילס ספול.,CZ,פרי חטיף בוטנים וקשי,גרמים,140.00,100 גרם,false,,15.90,0.1136,true,1,1444960
7290107971744,false,"קולגייט - מי פה טוטל ירוק ספרמינט 500 מ""ל",יבואן ומשווק: ש. שסט,PL,קולגייט מי פה טוטל י,מיליליטרים,500.00,"100 מ""ל",false,,19.90,0.0398,true,1,1444961
7290107973014,false,"סבון ידיים משאבה פלמוליב חלב ודבש 300 מ""ל",הנסיך- מפעל לייצור ט,TR,פלמוליב סבון ידיים 3,מיליליטרים,300.00,"100 מ""ל",false,,10.90,0.0363,true,1,1444965
7290107973311,false,קולגייט מברשת שיניים 360 פחם זהב זוג,הנסיך- מפעל לייצור ט,CN,קולגייט מברשת 360 פח,יח',1.00,יח',false,,24.90,24.9000,true,1,1444967
7290107973861,false,מאסטר שף עגבניות קצוצות דק שלישיה 400ג*3 כשלפ,קונסרזיו קאסאלאסקו ד,IT,מנה עגבניות קצוצות ד,קילוגרמים,1.20,"ק""ג",false,,15.90,13.2500,true,1,1444970
7290107974073,false,מנה עלי טורטיה קמח לבן מ.שף 20 סמ 320 גר,אלקאטי קורביישיסי גי,ES,מאסטר שף עלי טורטיה,מיליליטרים,320.00,"100 מ""ל",false,,7.90,0.0247,true,1,1444972
7290107974080,false,מנה עלי טורטיה קמח לבן מ.שף 25 סמ 840 גר,הדקלאים אגודת שיתופי,TR,מאסטר שף עלי טורטיה,גרמים,744.00,100 גרם,false,,15.90,0.0214,true,1,1444973
7290107974301,false,ליידי ספיד סטיק - דאודורנט ג'ל לאישה אלוורה 45 גרם,ליידי ספיד סטיק Lady Speed Stick,US,ליידי ספיד סטיק אלוו,גרמים,65.00,100 גרם,false,,14.90,0.2292,true,1,1444974
7290107974820,false,ממרח בטעם ספייסי מיונז מאסטר שף 250 גרם,רמיה סי.וי.הולנד,NL,מאסטר שף מיונז מתובל,גרמים,252.00,100 גרם,false,,7.90,0.0313,true,1,1444978
7290107974837,false,מנה מאסטר שף ממרח מתובל שום 246 גר,רמיה סי.וי.הולנד,NL,מאסטר שף מיונז מתובל,גרמים,253.00,100 גרם,false,,7.90,0.0312,true,1,1444979
7290107975346,false,ספיד סטיק - דאודורנט ג'ל לגבר כוח הטבע 85 גרם,קולגייט-פלמוליב,US,ספיד סטיק כוח הטבע א,גרמים,85.00,100 גרם,false,,15.90,0.1871,true,1,1444984
7290107975360,false,ליידי ספיד סטיק פיור פרשנס ג'ל נשים 65ג',ליידי ספיד סטיק Lady Speed Stick,US,ליידי ספיד סטיק פיור,גרמים,65.00,100 גרם,false,,14.90,0.2292,true,1,1444986
7290107975544,false,"קולגייט משחת שיניים סמיילס ברבי לגילאי 6 50מ""ל",קולגייט- פלמוליב,PL,קולגייט סמיילס ברבי,מיליליטרים,50.00,"100 מ""ל",false,,11.90,0.2380,true,1,1444987
7290107976916,false,"סבון ידיים משאבה פלמוליב זיתים 300 מ""ל",פלמוליב Palmolive,IT,פלמוליב סבון ידיים 3,מיליליטרים,300.00,"100 מ""ל",false,,10.90,0.0363,true,1,1444995
7290107977456,false,"פלמוליב - ג'ל רחצה ושמפו ספורט לגבר 750 מ""ל",קולגייט פלמוליב,TR,פלמוליב לגבר ג'ל רחצ,מיליליטרים,750.00,"100 מ""ל",false,,19.90,0.0265,true,1,1444996
7290107978101,false,מש.שיניים קולגייט א.וויט אקסטרה פאוור 75,קולגייט-פלמוליב,PL,קולגייט אופטיק וויטן,מטרים,75.00,100 מ'ל,false,,24.90,0.3320,true,1,1444998
7290107978132,false,קולגייט מברשת זיגזג שישייה,קולגייט פלמוליב,PL,קולגייט מברשת זיגזג,יח',1.00,יח',false,,17.90,17.9000,true,1,1444999
7290107978637,false,"מרידול משחת שיניים 75 מ""ל כשל""פ-מרכז",קולגייט פלמוליב,PL,מרידול משחת שיניים 7,מטרים,75.00,100 מ'ל,false,,17.90,0.2387,true,1,1445001
7290108070316,false,שקית 50בלונים פסטל מעורב,,IL,שקית 50בלונים פסטל מ,יח',1.00,יח',false,,12.00,12.0000,true,1,1453003
7290108201284,false,איירוויק מקלות ריחניים בניחוח לבנדר מתוק,איירוויק Air Wick,HU,אירוויק מקלות לבנדר,יח',1.00,יח',false,,14.80,14.8000,true,1,1456426
7290108201864,false,קולון קפסולות גל לכביסה 28 יחידות,רקיט בנקיזר,IT,קולון קפסולות לכביסה,יח',1.00,יח',false,,24.90,24.9000,true,1,1456431
7290108270013,false,לפתניה זהב 25 יחידות,חגיגית,,לפתניה זהב 25 יחידות,יח',25.00,יח',false,,4.90,0.1960,true,1,1459180
7290108270020,false,לפתניה כסף 25 יחידות,חגיגית,,לפתניה כסף 25 יחידות,יח',25.00,יח',false,,4.90,0.1960,true,1,1459181
7290108270143,false,קערית אובלי קטן כסף 25 יחידות,חגיגית,,קערית אובלי קטן כסף,יח',1.00,יח',false,,5.50,5.5000,true,1,1459186
7290108270433,false,כוסות שתיה קרה רמי לוי 150 יח,חגיגית,,כוסות שתיה קרה רמי ל,יח',1.00,יח',false,,18.90,18.9000,true,1,1459189
7290108270686,false,קערה מרובעת בינונית,חגיגית,,קערה מרובעת בינונית,יח',1.00,יח',false,,6.90,6.9000,true,1,1459205
7290108270693,false,קערה מרובעת גדולה,חגיגית,,קערה מרובעת גדולה,יח',1.00,יח',false,,9.90,9.9000,true,1,1459206
7290108270723,false,קערה אובלית,חגיגית,,קערה אובלית,יח',1.00,יח',false,,7.90,7.9000,true,1,1459208
7290108270730,false,מגש מרובע,חגיגית,,מגש מרובע,יח',1.00,יח',false,,3.90,3.9000,true,1,1459209
7290108271164,false,מגשית אלומיניום קטנה עם מכסה R29 (5 יח'),ב.ה. דבליו,,מגשיות אלומיניום קטנ,5 יח',1.00,5 יח',false,,6.90,6.9000,true,1,1459218
7290108271171,false,מגשית אלומיניום גדול עם מכסה R2 (3 יח'),חגיגית,,מגשיות אלומיניום קטנ,3 יח',1.00,3 יח',false,,6.90,6.9000,true,1,1459219
7290108271331,false,נייר אפייה 50 יחידות,חגיגית,,נייר אפייה 50 יחידות,יח',50.00,יח',false,,8.90,0.1780,true,1,1459224
7290108271416,false,שקיות אשפה 52/65 עם שרוך רמי לוי,רמי לוי,,שקיות אשפה 52/65 עם,יח',60.00,יח',false,,16.90,0.2817,true,1,1459229
7290108271430,false,שקיות אשפה עם שרוך 2*10 רמי לוי,רמי לוי,,שקיות אשפה עם שרוך 2,יח',20.00,יח',false,,13.90,0.6950,true,1,1459231
7290108271447,false,שקית אשפה 90*75 גליל רמי לוי,רמי לוי,,שקית אשפה 90*75 גליל,יח',50.00,יח',false,,9.90,0.1980,true,1,1459232
7290108271454,false,שקיות מזון בקופסא רמי לוי 300 יח,רמי לוי,,שקיות מזון בקופסא רמ,יח',300.00,יח',false,,9.50,0.0317,true,1,1459233
7290108271461,false,שקיות רב שימושיות (הקפאה) 200 יחידות,רמי לוי,,שקיות רב שימושיות (ה,יח',200.00,יח',false,,7.90,0.0395,true,1,1459234
7290108271478,false,שקיות גופייה 50/70 רמי לוי 40 יח,איכותית,IL,שקיות גופייה 50/70 ר,יח',40.00,יח',false,,13.90,0.3475,true,1,1459235
7290108271485,false,שקיות גופייה 75/90 רמי לוי 25 יח,איכותית,IL,שקיות גופייה 75/90 ר,יח',25.00,יח',false,,13.90,0.5560,true,1,1459236
7290108271492,false,נייר אפייה רמי לוי 37*42,רמי לוי,,נייר אפייה רמי לוי 3,יח',50.00,יח',false,,7.90,0.1580,true,1,1459237
7290108271577,false,כוסות עם מכסה רמי לוי 30 יח,רמי לוי,,כוסות עם מכסה רמי לו,יח',30.00,יח',false,,15.90,0.5300,true,1,1459238
7290108271607,false,"רדיד אלומיניום זוגות רמי לוי 30 ס""מ",רמי לוי,,רדיד אלומיניום זוגות,אורך,7.50,אורך,false,,10.90,1.4533,true,1,1459239
7290108271614,false,"רדיד אלומיניום זוגות רמי לוי 45 ס""מ",רמי לוי,,רדיד אלומיניום זוגות,2 יח',7.50,2 יח',false,,13.90,1.8533,true,1,1459240
7290108271621,false,רדיד אלומיניום רמי לוי 60 מ',רמי לוי,,רדיד אלומיניום רמי ל,אורך,60.00,אורך,false,,22.90,0.3817,true,1,1459241
7290108271676,false,צמרוני עץ רמי לוי 400 יח,רמי לוי,,צמרוני עץ רמי לוי 40,יח',400.00,יח',false,,4.50,0.0113,true,1,1459244
7290108271706,false,צמרוני תינוקות רמי לוי 55 יח,רמי לוי,,צמרוני תינוקות רמי ל,יח',55.00,יח',false,,4.90,0.0891,true,1,1459247
7290108271812,false,קופסאות אחסון 2 ליטר,חגיגית,,קופסאת אחסון 2 ליטר,ליטרים,2.00,ליטר,false,,8.90,4.4500,true,1,1459250
7290108271829,false,קופסאות אחסון 1 ליטר,חגיגית,,קופסאות אחסון 1 ליטר,5 יח',1.00,5 יח',false,,8.90,8.9000,true,1,1459251
7290108271911,false,מפות 1/6 עבה במיוחד,חגיגית,,מפות 1/6 עבה במיוחד,יח',25.00,יח',false,,9.90,0.3960,true,1,1459259
7290108271928,false,חגיגית - מפה ניילון עבה 8 יח',חגיגית,,מפות 1/8 עבה במיוחד,8 יח',1.00,8 יח',false,,9.90,9.9000,true,1,1459260
7290108271942,false,גליל ניילון עבה וחזק במיוחד רמי לוי 45 מטר,רמי לוי,,גליל ניילון עבה וחזק,אורך,45.00,אורך,false,,29.90,0.6644,true,1,1459261
7290108271959,false,גליל ניילון שולחן עבה 45 מ',חגיגית,,גליל ניילון שולחן עב,אורך,45.00,אורך,false,,19.90,0.4422,true,1,1459262
7290108271966,false,גליל ניילון רמי לוי 100 מטר,רמי לוי,,גליל ניילון רמי לוי,אורך,100.00,אורך,false,,34.90,0.3490,true,1,1459263
7290108272000,false,כוסות שתיה קרה 100 יחידות,חגיגית,,כוסות שתיה קרה 100 י,יח',100.00,יח',false,,5.90,0.0590,true,1,1459267
7290108272079,false,מגבונים לניקוי כללי 400 יח דלי,רמי לוי,,מגבונים לניקוי כללי,יח',400.00,יח',false,,18.90,0.0472,true,1,1459268
7290108272130,false,נייר סנדויץ 25*35 רמי לוי 100 יח,רמי לוי,,נייר סנדויץ 25*35 רמ,יח',100.00,יח',false,,7.90,0.0790,true,1,1459269
7290108272147,false,לפתניה לבן 25 יחידות,חגיגית,,לפתניה לבן 25 יחידות,יח',25.00,יח',false,,3.90,0.1560,true,1,1459270
7290108272161,false,קערית אובלית קטן רמי לוי 25 יח,רמי לוי,,קערית אובלית קטן רמי,יח',25.00,יח',false,,4.90,0.1960,true,1,1459272
7290108272185,false,צלחת בינוני רמי לוי 50 יח,רמי לוי,,צלחת בינוני רמי לוי,יח',50.00,יח',false,,11.90,0.2380,true,1,1459274
7290108272192,false,חגיגית - זוג מפות אלבד לבן,רמי לוי,,זוג מפות אלבד לבן חג,יח',2.00,יח',false,,8.90,4.4500,true,1,1459275
7290108272208,false,חגיגית - זוג מפות אלבד קרם,רמי לוי,,זוג מפות שנהב חלק רמ,יח',2.00,יח',false,,8.90,4.4500,true,1,1459276
7290108272321,false,מפות שולחן 240*135 (,ב.ה. דבליו,,מפות איכותיות,8 יח',1.00,8 יח',false,,6.90,6.9000,true,1,1459285
7290108272338,false,מפות עבות ואיכותיות 10 יחידות,ב.ה. דבליו,,מפות עבות ואיכותיות,יח',10.00,יח',false,,10.90,1.0900,true,1,1459286
7290108272376,false,צלחות אובליות קרם רמי לוי 25 יח,חגיגית,,צלחות אובליות קרם רמ,יח',1.00,יח',false,,5.50,5.5000,true,1,1459287
7290108272420,false,מרקיה זהוב רמי לוי 25 יח,,,מרקיה זהוב רמי לוי 2,יח',25.00,יח',false,,7.50,0.3000,true,1,1459290
7290108272451,false,מרקיה קרם רמי לוי 25 יח,,,מרקיה קרם רמי לוי 25,יח',25.00,יח',false,,7.50,0.3000,true,1,1459292
7290108272468,false,מנגטים צבעוניים מס 1,,,מנגטים צבעוניים מס 1,יח',1.00,יח',false,,3.50,3.5000,true,1,1459293
7290108272475,false,מנגטים צבעונים מס 2,,,מנגטים צבעונים מס 2,יח',1.00,יח',false,,3.90,3.9000,true,1,1459294
7290108272482,false,מנגטים צבעונים מס 3,,,מנגטים צבעונים מס 3,יח',1.00,יח',false,,4.50,4.5000,true,1,1459295
7290108272499,false,מנגטים צבעונים 4,,,מנגטים צבעונים 4,יח',4.00,יח',false,,4.50,1.1250,true,1,1459296
7290108272550,false,שקיות אוכל מנייר 50 יחידות,,,שקיות אוכל מנייר 50,יח',1.00,יח',false,,6.90,6.9000,true,1,1459299
7290108272574,false,תבנית אפייה נייר מרובעת 2 יחידות,,,תבנית אפייה נייר מרו,יח',2.00,יח',false,,5.90,2.9500,true,1,1459301
7290108272581,false,תבנית אפייה נייר אינגלישקייק,,,תבנית אפייה נייר אינ,2 יח',1.00,2 יח',false,,4.90,4.9000,true,1,1459302
7290108272659,false,שקיות מזון רמי לוי 200 יח,,,שקיות מזון רמי לוי 2,200 יח',1.00,200 יח',false,,3.50,3.5000,true,1,1459303
7290108272673,false,שקיות קרח רמי לוי 12,,,שקיות קרח,יח',1.00,יח',false,,2.90,2.9000,true,1,1459305
7290108272703,false,נייר אפייה אקולוגי (40 יח') רמי לוי,,,נייר אפיה,יח',1.00,יח',false,,9.90,9.9000,true,1,1459306
7290108272802,false,מיכל 4.5 ליטר,רמי לוי,,מיכל 4.5 ליטר,יח',1.00,יח',false,,8.90,8.9000,true,1,1459308
7290108272819,false,מגשיות אלומניום קטנות,,,מגשיות אלומניום קטנו,יח',1.00,יח',false,,9.90,9.9000,true,1,1459309
7290108272895,false,"סבון ידיים 3*500 מ""ל רמי לוי",,,"סבון ידיים 3*500 מ""ל",ליטרים,1.50,ליטר,false,,11.50,7.6667,true,1,1459311
7290108272925,false,"סבון ידיים 3*500 מ""ל רמי לוי",,,"סבון ידיים 3*500 מ""ל",ליטרים,1.50,ליטר,false,,11.50,7.6667,true,1,1459314
7290108272956,false,מגש עגול מעוטר,,,מגש עגול מעוטר,יח',1.00,יח',false,,4.90,4.9000,true,1,1459316
7290108273083,false,צלחת קטנה איכותית קרם רמי לוי 25 יח,רמי לוי,,צלחת קטנה איכותית קר,יח',25.00,יח',false,,5.90,0.2360,true,1,1459317
7290108273090,false,צלחת קטנה איכותית זהב רמי לוי 25 יח,רמי לוי,,צלחת קטנה איכותית זה,יח',25.00,יח',false,,5.90,0.2360,true,1,1459318
7290108273106,false,צלחת קטנה איכותית כסף רמי לוי 25 יח,רמי לוי,,צלחת קטנה איכותית כס,יח',25.00,יח',false,,5.90,0.2360,true,1,1459319
7290108273175,false,צלחת בינונית איכותית זהב רמי לוי 25 יח,רמי לוי,,צלחת בינונית איכותית,יח',25.00,יח',false,,11.90,0.4760,true,1,1459322
7290108273410,false,ניילון נצמד זוגות 2*30 רמי לוי,רמי לוי,,ניילון נצמד זוגות 2*,אורך,30.00,אורך,false,,7.50,0.2500,true,1,1459331
7290108273427,false,ניילון נצמד 150 מטר + סכין עליון רמי לוי,רמי לוי,,ניילון נצמד 150 מטר,יח',1.00,יח',false,,15.90,15.9000,true,1,1459332
7290108273434,false,שקיות צלייה 28/35 רמי לוי 10 יח,רמי לוי,,שקיות צלייה 28/35 רמ,יח',10.00,יח',false,,2.90,0.2900,true,1,1459333
7290108273441,false,שקיות צליה 35/50 רמי לוי 5 יח,רמי לוי,,שקיות צליה 35/50 רמי,יח',5.00,יח',false,,2.90,0.5800,true,1,1459334
7290108273595,false,קשים רמי לוי 40 יח,רמי לוי,,קשים רמי לוי 40 יח,יח',40.00,יח',false,,1.90,0.0475,true,1,1459336
7290108273601,false,קשים צבעוניים רמי לוי 225 יח,רמי לוי,,קשים צבעוניים רמי לו,יח',225.00,יח',false,,9.90,0.0440,true,1,1459337
7290108273618,false,קיסמי שניים מארז מלחייה רמי לוי,רמי לוי,,קיסמי שניים מארז מלח,יח',1.00,יח',false,,2.50,2.5000,true,1,1459338
7290108273632,false,שיפודי עץ רמי לוי 100 יח,רמי לוי,,שיפודי עץ רמי לוי 10,יח',100.00,יח',false,,2.90,0.0290,true,1,1459340
7290108273649,false,שיפודי עץ עבים רמי לוי 75 יח,רמי לוי,,שיפודי עץ עבים רמי ל,יח',75.00,יח',false,,2.90,0.0387,true,1,1459341
7290108273656,false,תבניות אלומניום צרות רמי לוי 5 יח,רמי לוי,,תבניות אלומניום צרות,יח',5.00,יח',false,,6.90,1.3800,true,1,1459342
7290108273663,false,מגשיות אלומיניום גדולות (5 יח') R33 רמי,רמי לוי,,תבניות אלומניום גדול,יח',5.00,יח',false,,6.90,1.3800,true,1,1459343
7290108273670,false,מגשיות אלומיניום ענקיות (3 יח') R99 רמי,רמי לוי,,תבניות אלומניום ענקי,יח',3.00,יח',false,,7.90,2.6333,true,1,1459345
7290108273687,false,תבנית אלומניום עגולה רמי לוי 5 יח,רמי לוי,,תבנית אלומניום עגולה,יח',5.00,יח',false,,5.90,1.1800,true,1,1459346
7290108273694,false,מגשיות אלומיניום אינגליש (10 יח') R88 רמ,רמי לוי,,תבנית אינגליש קייק ר,יח',10.00,יח',false,,6.90,0.6900,true,1,1459347
7290108273724,false,תבנית רוסטר קטן 4 יחידות,חגיגית,,תבנית רוסטר קטן 4 יח,יח',1.00,יח',false,,10.90,10.9000,true,1,1459349
7290108273731,false,תבנית רוסטר בינוני 3 יח,חגיגית,,תבנית רוסטר בינוני 3,3 יח',1.00,3 יח',false,,10.90,10.9000,true,1,1459350
7290108273755,false,כפפות לטקס S רמי לוי,רמי לוי,,כפפות לטקס S רמי לוי,100 יח',1.00,100 יח',false,,19.90,19.9000,true,1,1459352
7290108273762,false,כפפות לטקס M רמי לוי,רמי לוי,,כפפות לטקס M רמי לוי,100 יח',1.00,100 יח',false,,19.90,19.9000,true,1,1516538
7290108273779,false,כפפות לטקס L רמי לוי,רמי לוי,,כפפות לטקס L רמי לוי,100 יח',1.00,100 יח',false,,19.90,19.9000,true,1,1459353
7290108273786,false,כפפות לטקס XL רמי לוי,רמי לוי,,כפפות לטקס XL רמי לו,100 יח',1.00,100 יח',false,,19.90,19.9000,true,1,1459354
7290108273793,false,כפפות ניטריל כחולות S רמי לוי,רמי לוי,,כפפות ניטריל כחולות,יח',100.00,יח',false,,21.90,0.2190,true,1,1459355
7290108273809,false,כפפות ניטריל כחולות M רמי לוי,רמי לוי,,כפפות ניטריל כחולות,יח',1.00,יח',false,,21.90,21.9000,true,1,1459356
7290108273816,false,כפפות ניטריל כחולות L רמי לוי,רמי לוי,,כפפות ניטריל כחולות,יח',1.00,יח',false,,21.90,21.9000,true,1,1459357
7290108273823,false,כפפות ניטריל כחולות XL רמי לוי,רמי לוי,,כפפות ניטריל כחולות,יח',1.00,יח',false,,21.90,21.9000,true,1,1459358
7290108273847,false,תבנית מאפין אישית 50 יח,חגיגית,,תבנית מאפין אישית 50,יח',50.00,יח',false,,8.90,0.1780,true,1,1459360
7290108273885,false,פלסטר שקוף רמי לוי 100 יח,רמי לוי,,פלסטר שקוף רמי לוי 1,יח',100.00,יח',false,,5.90,0.0590,true,1,1459361
7290108273908,false,פלסטר עור מיקס רמי לוי 100 יח,רמי לוי,,פלסטר עור מיקס רמי ל,יח',100.00,יח',false,,5.90,0.0590,true,1,1459363
7290108273915,false,פלסטר ילדים 50 יח רמי לוי,רמי לוי,,פלסטר ילדים 50 יח רמ,יח',50.00,יח',false,,5.90,0.1180,true,1,1459364
7290108274042,false,מגש 4 תאים,,,מגש 4 תאים,יח',1.00,יח',false,,6.90,6.9000,true,1,1459374
7290108274059,false,מגשיות אלומיניום קטנות (8 יח') R29 רמי ל,,,מגשיות אלומניום קטנו,יח',1.00,יח',false,,6.90,6.9000,true,1,1459375
7290108274080,false,"כוס יהלום 250 מ""ל 40 יח'",חגיגית,,כוס יהלום 40יח,יח',10.00,יח',false,,9.90,0.9900,true,1,1459376
7290108274103,false,רדיד אלומניום רחב רמי לוי 30 מטר,,,רדיד אלומניום רחב רמ,אורך,30.00,אורך,false,,19.90,0.6633,true,1,1459378
7290108274127,false,שקיות גדולות 100 יח רמי לוי,,,שקיות גדולות 100 יח,יח',1.00,יח',false,,16.90,16.9000,true,1,1459379
7290108274158,false,צמרוני פלסטיק,,,צמרוני פלסטיק,יח',1.00,יח',false,,5.90,5.9000,true,1,1459381
7290108274493,false,שקיות הקפאה 100 יח,,,שקיות הקפאה 100 יח,יחידה,0.00,יחידה,false,,3.90,0.0000,true,1,1523524
7290108274608,false,לפתניה 25 יח לבן,,,לפתניה 25 יח לבן,יח',1.00,יח',false,,4.50,4.5000,true,1,1459397
7290108274615,false,קעריות אובליות לבן 25 יחידות,,,קעריות אובליות לבן 2,יח',1.00,יח',false,,4.90,4.9000,true,1,1459398
7290108274707,false,קרם צלחת 9' (25 יח') בסט וליו,,,צלחת 9 קרם 25 יחידות,יח',25.00,יח',false,,11.90,0.4760,true,1,1459405
7290108274776,false,צלחת 10' צבעוני זהב,,,צלחת 10' צבעוני זהב,יח',1.00,יח',false,,15.90,15.9000,true,1,1459411
7290108275063,false,שקיות ענקיות רמי לוי 40 יחידות,,,שקיות ענקיות רמי לוי,יח',40.00,יח',false,,13.90,0.3475,true,1,1459421
7290108275292,false,קינוחיות 24 גביעי טראפל,חגיגית,,קינוחיות 24 גביעי טר,יח',1.00,יח',false,,15.90,15.9000,true,1,1459436
7290108275308,false,נישנושים 6 מגשיות מחולקות עיגול,חגיגית,,נישנושים 6 מגשיות מח,יח',1.00,יח',false,,14.90,14.9000,true,1,1459437
7290108275315,false,נשנושים 6 מגשיות מחולקות שורה,חגיגית,,נשנושים 6 מגשיות מחו,יח',6.00,יח',false,,12.90,2.1500,true,1,1459438
7290108275407,false,כוס שתייה קרה 100 יח-חגיגית,כוסות שתיה קרה 4 ב 1,,כוס שתייה קרה 100 יח,יח',100.00,יח',false,,5.90,0.0590,true,1,1459441
7290108275544,false,מזלג לבן (100 יח') ב,,,מזלג 100 יח לבן,יח',1.00,יח',false,,7.90,7.9000,true,1,1459450
7290108275551,false,כף לבנה 100 יחידות,,,כף לבנה 100 יחידות,יח',100.00,יח',false,,7.90,0.0790,true,1,1459451
7290108275568,false,כפית לבן 100 יחידות,,,כפית לבן 100 יחידות,יח',100.00,יח',false,,6.90,0.0690,true,1,1459452
7290108276343,false,מטליות רצפה זיגזג רמי לוי,,,מטליות רצפה זיגזג רמ,יח',1.00,יח',false,,6.90,6.9000,true,1,1459496
7290108276688,false,קרם סכין (50 יח') בסט וליו,,,סכינים חד פעמי 50 יח,יח',1.00,יח',false,,8.90,8.9000,true,1,1459513
7290108277234,false,100יח קשים לשתיה רמי לוי,,,100יח קשים לשתיה רמי,יח',100.00,יח',false,,7.90,0.0790,true,1,1459536
7290108277258,false,אקולוגית צלחת 7' (25 יח') בסט וליו,,,אקולוגית צלחת 7' (25,יח',1.00,יח',false,,8.90,8.9000,true,1,1459538
7290108277265,false,אקולוגית צלחת 9' (25 יח') בסט וליו,,,אקולוגית צלחת 9' (25,יח',1.00,יח',false,,15.90,15.9000,true,1,1459539
7290108277272,false,אקולוגית צלחת 10' (25 יח') בסט וליו,,,אקולוגית צלחת 10' (2,יח',1.00,יח',false,,18.90,18.9000,true,1,1459540
7290108277555,false,שקיות אשפה 90*75 רמי לוי,,,שקיות אשפה 90*75 רמי,קילו,100.00,קילו,false,,18.90,0.1890,true,1,1459565
7290108277579,false,שקיות אשפה 50*50 רמי לוי,,,שקיות אשפה 50*50 רמי,קילו,100.00,קילו,false,,9.90,0.0990,true,1,1459567
7290108277937,false,"מפות פירנצה חתוכות לבן 1.2*2.4 ס""מ (1יח')",,,מפות פירנצה חתוכות ל,יח',1.00,יח',false,,7.90,7.9000,true,1,1459576
7290108278057,false,כסף צלחת 9' (25יח') בסט וליו,,,צלחת כסף 25 יחידות,יח',1.00,יח',false,,11.90,11.9000,true,1,1459587
7290108278095,false,כסף אובלי עמוק (12יח,,,כסף אובלי,יח',1.00,יח',false,,12.90,12.9000,true,1,1459591
7290108278163,false,קערת סלט 10 יחידות,,,קערת סלט 10 יחידות,יח',1.00,יח',false,,7.90,7.9000,true,1,1459598
7290108278521,false,מיני מזלג שקוף 50 יח,,,מיני מזלג שקוף 50 יח,יח',1.00,יח',false,,8.90,8.9000,true,1,1459623
7290108278569,false,מיני כפית לבן 50 יח,,,מיני כפית לבן 50 יח,יח',1.00,יח',false,,6.90,6.9000,true,1,1459627
7290108278583,false,קערה עמוקה,,,קערה עמוקה,יח',1.00,יח',false,,6.90,6.9000,true,1,1459629
7290108278590,false,קערה עמוקה,,,קערה עמוקה,קילו,100.00,קילו,false,,8.90,0.0890,true,1,1459630
7290108278606,false,זוגרדיד אלומניום רמילוי,,,זוגרדיד אלומניום רמי,קילו,100.00,קילו,false,,11.90,0.1190,true,1,1459631
7290108350128,false,סנו סושי שקיות אשפה חזקות במיוחד 40 יח',מיוצר עי קונדיטוריית,IL,סנו סושי 40 שקיות אש,יח',40.00,יח',false,,22.90,0.5725,true,1,1449099
7290108350210,false,סנו סושי 30 שקיות אשפה XL חזקות במיוחד,מיוצר עי קונדיטוריית,IL,סושי שקיות חזקות 65*,יח',30.00,יח',false,,22.90,0.7633,true,1,1449103
7290108350531,false,סנו ספארק נוזל כלים בניחוח קלאסי עם משאבה 1 ל',מיוצר עי קונדיטוריית,IL,נוזל כלים סנו ספארק,יח',1.00,יח',false,,9.90,9.9000,true,1,1449107
7290108350548,false,סנו ספארק נוזל כלים בניחוח לבנדר עם משאבה 1 ל',מיוצר עי קונדיטוריית,IL,נוזל כלים סנו ספארק,יח',1.00,יח',false,,9.90,9.9000,true,1,1449108
7290108350555,false,נוזל כלים סנו ספארק Spark היפואלרגני פריחת השקד,סנו ספארק,IL,נוזל כלים סנו ספארק,ליטרים,1.00,ליטר,false,,9.90,9.9000,true,1,1449109
7290108350586,false,נוזל לניקוי כלים סנו ספארק Spark בניחוח לימון רענן,"סנו מפעלי ברונוס בע""\מ",IL,ספארק נוזל לכלים בני,ליטרים,1.50,ליטר,false,,13.90,9.2667,true,1,1449110
7290108350616,false,סנו - מקסימה מרכך כביסה מרוכז פריחה כחולה 1 ליטר,"סנו מפעלי ברונוס בע""\מ",IL,מקסימה מרכך כביסה מר,ליטרים,1.00,ליטר,false,,17.50,17.5000,true,1,1449111
7290108350623,false,מרכך כביסה סופר מרוכז סופט סילק מקסימה 1 ל' סנו,"סנו מפעלי ברונוס בע""\מ",IL,מקסימה מרכך כביסה מר,ליטרים,1.00,ליטר,false,,17.50,17.5000,true,1,1449112
7290108350647,false,"כיף פיות קרם מתיר קשרים 350 מ""ל-מרכז",החברה הדרומית,IL,כיף פיות קרם להתרת ק,מיליליטרים,350.00,"100 מ""ל",false,,16.90,0.0483,true,1,1449113
7290108350722,false,אורביטול גוניור משחת שיניים בוב ספוג 70ג,טרופיקל דגיל תעשיות קוסמ,IL,משחת שיניים ילדים בו,יח',1.00,יח',false,,7.90,7.9000,true,1,1449118
7290108351149,false,ג'ל ניקוי כללי בתוספת אבקת סודה ריח כביסה סנו ג'ט 1.5 ליטר,"סנו מפעלי ברונוס בע""\מ",IL,סנו ג'ט פלוס לניקוי,ליטרים,1.50,ליטר,false,,11.90,7.9333,true,1,1449128
7290108351156,false,ג'ל ניקוי כללי בתוספת חומץ בריח לבנדר סנו ג'ט 1.5 ליטר,"סנו מפעלי ברונוס בע""\מ",IL,סנו ג'ט פלוס לניקוי,מיליליטרים,750.00,"100 מ""ל",false,,11.90,0.0159,true,1,1449129
7290108351507,false,מרכך כביסה אינספרישיין סנו מקסימה 4 ליטר,סנו מקסימה,IL,מרכך מקסימה 4 לי,ליטרים,4.00,ליטר,false,,21.50,5.3750,true,1,1449131
7290108351514,false,מרכך כביסה בלו בלוסום סנו מקסימה 4 ליטר,סנו מקסימה,IL,מרכך מקסימה 4 לי,ליטרים,4.00,ליטר,false,,21.50,5.3750,true,1,1449132
7290108351538,false,סנופרש הום מבשם לבית בניחוח מרכך כביסה ב,סנו מפעלי ברונוס בעמn,IL,מבשם לבית - בריח מרכ,מיליליטרים,200.00,"100 מ""ל",false,,10.90,0.0545,true,1,1449133
7290108351545,false,מטהר אוויר סנו פרש הום בניחוח מרכך,סנו מפעלי ברונוס בעמn,IL,מבשם לבית - בניחוח מ,מיליליטרים,200.00,"100 מ""ל",false,,10.90,0.0545,true,1,1449134
7290108351552,false,"סנו - ג'ט לניקוי כללי בתוספת חומץ בניחוח לבנדר 750 מ""ל","סנו מפעלי ברונוס בע""\מ",IL,מתז לניקוי כללי ג'ט+,מיליליטרים,750.00,"100 מ""ל",false,,11.90,0.0159,true,1,1449135
7290108351583,false,"סנו - ג'ט פלוס חומץ ג'ל לניקוי אסלות לבנדר 750 מ""ל",טרופיקל דגיל תעשיות,IL,סנו ג'ט+ניקוי אסלות,מיליליטרים,750.00,"100 מ""ל",false,,8.90,0.0119,true,1,1449137
7290108351590,false,"סנופרש הום בלו בלוסון בניחוח מרכך כביסה 350 מ""ל",סנו פרש Fresh,IL,מבשם אויר סנו פרש הו,מיליליטרים,350.00,"100 מ""ל",false,,9.90,0.0283,true,1,1449138
7290108351606,false,מטהר אוויר בלו בלוסום סנו פרש הום 350 מל,סנו מפעלי ברונוס בעמ,IL,מבשם אויר סנו פרש הו,מיליליטרים,350.00,"100 מ""ל",false,,9.90,0.0283,true,1,1449139
7290108351613,false,סנו ריצפז פרש הום 2 ליטר בניחוח מלון חלומי,"סנו מפעלי ברונוס בע""\מ",IL,ריצפז פרש הום 2 לי,ליטרים,2.00,ליטר,false,,19.80,9.9000,true,1,1449140
7290108351699,false,סנו - ג'ט מטליות לחות לניקוי כללי בתוספת חומץ לבנדר שלישיה,סנו מפעלי ברונוס על,IL,מארז שלישייה מגבונים,יח',50.00,יח',false,,19.90,0.3980,true,1,1449143
7290108351705,false,פניני בישום 275 גרם מקסימה,inc prodacts smart value,IL,סנו פניני בישום לכבי,יח',1.00,יח',false,,19.90,19.9000,true,1,1449144
7290108351712,false,מקסימה פניני בישום לכביסה לובלי 275 גרם,inc prodacts smart value,IL,סנו פניני בישום לכבי,יח',1.00,יח',false,,19.90,19.9000,true,1,1449145
7290108351736,false,"סנו נוזל לניקוי חלונות אקולוגי 750 מ""ל GREEN POWER",סנו מפעלי ברונוס בעמ,IL,סנו גרין פאוור ניקוי,יח',1.00,יח',false,,9.90,9.9000,true,1,1449146
7290108351781,false,ג'ל לניקוי אסלות + חומץ ומלח לימון בריח הדרים,"סנו מפעלי ברונוס בע""",IL,סנו ג'ט+ניקוי אסלות,מיליליטרים,750.00,"100 מ""ל",false,,8.90,0.0119,true,1,1449151
7290108351804,false,מרכך כביסה סופר מרוכז Gentl Breeze סנו מקסימה 1 ליטר,מיוצר עי קונדיטוריית,IL,מקסימה מרכך סופר מרו,מטרים,1000.00,100 מ'ל,false,,17.50,0.0175,true,1,1449152
7290108351811,false,מרכך כביסה סופר מרוכז Floral touch סנו מקסימה 1 ליטר,מיוצר עי קונדיטוריית,IL,מקסימה מרכךסופר מרוכ,מטרים,1000.00,100 מ'ל,false,,17.50,0.0175,true,1,1449153
7290108351835,false,מרכך כביסה Pure Sensation סנו מקסימה 4 ליטר,מיוצר עי קונדיטוריית,IL,מקסימה מרכך כביסה סנ,ליטרים,4.00,ליטר,false,,21.50,5.3750,true,1,1449154
7290108351866,false,"סנו מקסימה בושם מרוכז לכביסה FOREVER בורדו 600 מ""ל",סנו מקסימה,IL,מקסימה בושם מרוכז לכ,מיליליטרים,600.00,"100 מ""ל",false,,19.90,0.0332,true,1,1449156
7290108351927,false,סנו ספארק טבליות למדיח 70 יחידות,גרופה אינקו,PL,סנו ספארק 70 טבליות,קילוגרמים,1.40,"ק""ג",false,,39.90,28.5000,true,1,1449159
7290108351989,false,סנופרש הום מבשם לבית בניחוח מלון מפנק,מיוצר עי קונדיטוריית,IL,מבשם אויר הום יבש בו,יח',1.00,יח',false,,11.90,11.9000,true,1,1449161
7290108351996,false,"חיטוי בייבי 99.9% לחיטוי וניקוי בסביבת תינוקות 750 מ""ל","סנו מפעלי ברונוס בע""\מ",IL,מתז בייבי לחיטי וניק,מיליליטרים,750.00,"100 מ""ל",false,,11.90,0.0159,true,1,1449162
7290108352009,false,סנו ספארק קפסולות למדיח כלים 50 יחידות,טרופיקל דגיל תעשיות,PL,טבליות גל סנו ספארק,יח',1.00,יח',false,,39.90,39.9000,true,1,1449163
7290108352054,false,אורביטול - צמד מברשות שיניים 980 + חוט דנטלי במתנה,החברה הדרומית,CN,מברשת שיניים סיבים ד,יח',1.00,יח',false,,18.90,18.9000,true,1,1449165
7290108352061,false,משחת שיניים Go White אורביט 145 גרם עם פחם,טרופיקל דגיל תעשיות קוסמ,IL,אורביטול משחת שיניים,מטרים,145.00,100 מ'ל,false,,14.90,0.1028,true,1,1488157
7290108352078,false,"שטיפת פה protective salt אורביטול 500 מ""ל",טרופיקל דגיל תעשיות,IL,אורביטול מי פה מלח 5,מיליליטרים,500.00,"100 מ""ל",false,,19.90,0.0398,true,1,1449166
7290108352092,false,משחת שיניים אורביטול פרוטקטיב סולט בטעם מנטה,טרופיקל דגיל תעשיות קוסמ,IL,אורביטול מ. שיניים ר,גרמים,145.00,100 גרם,false,,13.90,0.0959,true,1,1449168
7290108352146,false,"סנובון נוזלי בניחוח מנגוליה ונרולי סנו 750 מ""ל",סנו מפעלי ברונוס בעמ,IL,סנובון נוזלי סנסוריי,יח',1.00,יח',false,,8.90,8.9000,true,1,1449170
7290108352153,false,"סנובון נוזלי בניחוח לוטוס וסחלב סנו 750 מ""ל",מיוצר עי קונדיטוריית,IL,סנובון נוזלי סנסוריי,יח',1.00,יח',false,,8.90,8.9000,true,1,1449171
7290108352207,false,מקסימה 40 קפסולות לכביסה בניחוח fresh burst,"גליל כימיקלים, א.ת. צפונ",IL,סנו מקסימה קפסולות ל,יח',1.00,יח',false,,28.90,28.9000,true,1,1449172
7290108352214,false,סנו - מקסימה קפסולות כביסה בניחוח בריזה מרעננת 40 יח',טרופיקל דגיל תעשיות,IL,סנו מקסימה קפסולות ל,יח',1.00,יח',false,,28.90,28.9000,true,1,1449173
7290108352252,false,נוזל לניקוי כלים מתאים לניקוי ירקות ופירות סנו ספארק,"סנו מפעלי ברונוס בע""\מ",IL,סנו ספארק נוזל לכלים,ליטרים,1.00,ליטר,false,,9.90,9.9000,true,1,1449174
7290108352290,false,שלישיית מטליות לחיטוי ולניקוי יסודי לחדר האמבטיה סדרת 99.9%,מיוצר עי קונדיטוריית,IL,סנו שלישיית מטליות ל,יח',1.00,יח',false,,19.90,19.9000,true,1,1449177
7290108352320,false,"מבשם אויר סנו פרש הום בניחוח כותנה מלטפת 350 מ""ל",מיוצר עי קונדיטוריית,IL,מבשם אויר סנו פרש הו,מיליליטרים,350.00,"100 מ""ל",false,,9.90,0.0283,true,1,1449178
7290108352337,false,"סנו - פרש מילוי למטהר אוויר מלון מפנק 250 מ""ל",מיוצר עי קונדיטוריית,IL,סנו פרש אוטומטיק,יח',1.00,יח',false,,12.90,12.9000,true,1,1449179
7290108352344,false,"פרש מבשם אויר אוטומטי בניחוח לבנדר סנו 250 מ""ל",מיוצר עי קונדיטוריית,IL,פרש מבשם אויר אוטומט,מיליליטרים,250.00,"100 מ""ל",false,,12.90,0.0516,true,1,1449180
7290108352399,false,ריצפז פרש הום בניחוח מרכך כביסה פלורל טאצ',"סנו מפעלי ברונוס בע""\מ",IL,ריצפז פרש הום בניחוח,מטרים,2000.00,100 מ'ל,false,,19.80,0.0099,true,1,1449184
7290108352412,false,"סנו - פרש הום מבשם לבית ולטקסטיל ורד אנגלי ועלים 300 מ""ל",מיוצר עי קונדיטוריית,IL,מטהר אוויר ארומטי,יח',1.00,יח',false,,11.90,11.9000,true,1,1449186
7290108352429,false,מטהר אוויר סנו פרש הום נוזלי כחול ארומטי,סנו מפעלי ברונוס בעמ,IL,מטהר אוויר ארומטי,יח',1.00,יח',false,,11.90,11.9000,true,1,1449187
7290108352436,false,סנובון מוצק בניחוח נגוליה ונרולי שלישייה,סנו מפעלי ברונוס בעמ,IL,סנובון מוצק לניקוי א,יח',3.00,יח',false,,14.90,4.9667,true,1,1449188
7290108352443,false,סנובון מוצק לניקוי אסלה כחול סנו 3 יחידות,סנו מפעלי ברונוס בעמ,IL,סנובון מוצק לניקוי א,יח',3.00,יח',false,,14.90,4.9667,true,1,1449189
7290108352450,false,ריצפז פרש הום בניחוח מרכך כביסה בלו בלוסום,סנו מפעלי ברונוס בעמ,IL,ריצפז פרש הום 2 לי,ליטרים,2.00,ליטר,false,,19.80,9.9000,true,1,1449190
7290108352474,false,"סנומוד מטהר אוויר ליידי קוקו סנו 150 מ""ל","סנו מפעלי ברונוס בע""\מ",IL,סנומוד מטהר אוויר לי,מיליליטרים,150.00,"100 מ""ל",false,,9.90,0.0660,true,1,1449191
7290108352481,false,"סנומוד מטהר אוויר נרסיסו סנו 150 מ""ל","סנו מפעלי ברונוס בע""\מ",IL,סנומוד מטהר אוויר נר,מיליליטרים,150.00,"100 מ""ל",false,,9.90,0.0660,true,1,1449192
7290108352511,false,"מקסימה לניקוי וחיטוי מכונת כביסה שקית 500 מ""ל","סנו מפעלי ברונוס בע""\מ",IL,מקסימה לניקוי וחיטוי,מיליליטרים,500.00,"100 מ""ל",false,,11.90,0.0238,true,1,1449194
7290108352535,false,סנו - מקסימה דפי בישום לחים למייבש הכביסה בניחוח מרכך כביסה,טרופיגל דגיל תעשיות קוסמ,IL,מקסימה דפי בישום לחי,יח',1.00,יח',false,,12.90,12.9000,true,1,1449196
7290108352566,false,מרכך כביסה בבישום עוצמתי 4 ל' סנו מקסינה,"סנו מפעלי ברונוס בע""\מ",IL,מקסימה מרכך כביסה 4,מטרים,4000.00,100 מ'ל,false,,21.90,0.0055,true,1,1449197
7290108352573,false,מרכך כביסה סנו מקסימה בבישום עוצמתי 4 ליטר,"סנו מפעלי ברונוס בע""\מ",IL,מקסימה מרכך כביסה 4,מטרים,4000.00,100 מ'ל,false,,21.50,0.0054,true,1,1449198
7290108352641,false,סנו סושי מטלית הפלא לניקוי כללי במארז שלישייה,סנו מפעלי ברונוס.,IL,מטלית הפלא סנו סושי,יח',3.00,יח',false,,14.90,4.9667,true,1,1449202
7290108352689,false,כריות קרצוף ללכלוך קשה סנו סושי 9 יחידות,טרופיקל דגיל תעשיות,US,סושי כריות קרצוף ללכ,יח',9.00,יח',false,,9.50,1.0556,true,1,1449204
7290108352696,false,"סנו סושי- ניילון נצמד+ רחב במיוחד 45 ס""מ",סנו סושי,IL,סנו סושי- ניילון נצמ,אורך,100.00,אורך,false,,29.90,0.2990,true,1,1449205
7290108352702,false,סנו סופט שלישיית מגבוני טואלט נשטפים בוב ספוג 48 יחידות,סנו סופט Soft,IL,סופט מגבוני טואלט בו,יח',3.00,יח',false,,14.90,4.9667,true,1,1449206
7290108352795,false,סנו סושי שקיות M זיפר 50 יחידות,פיין ונטג,CN,סנו סושי שקיות זיפר,יח',50.00,יח',false,,9.90,0.1980,true,1,1449208
7290108352801,false,"שקיות אשפה לפחים קטנים 45 * 56 ס""מ סנו סושי 100 יחידות","סנו מפעלי ברונוס בע""מ",IL,סנו שקיות אשפה לפח ק,יח',100.00,יח',false,,18.90,0.1890,true,1,1449209
7290108352818,false,מטלית במבוק לניקוי דוחה ריחות רעים,צ'\נצ'\גן גולי מוצרי צרי,CN,סנו סושי מטלית במבוק,יח',1.00,יח',false,,7.90,7.9000,true,1,1449210
7290108352825,false,ספוג הפלא נירוסטה סנו סושי 3יח',ltdn s.k.a.tסנו מפעלי בר,CN,סנו סושי - ספוג הפלא,יח',1.00,יח',false,,9.90,9.9000,true,1,1449211
7290108352849,false,שלישיית מטליות הפלא לניקוי כללי דקור סנו סושי,טרופיקל דגיל תעשיות,CN,מטלית הפלא סנו סושי,יח',3.00,יח',false,,14.90,4.9667,true,1,1449213
7290108352863,false,סנו סושי שקיות צלייה 20יח' מידה L,סנו מפעלי ברונוס בעמ . ח,TR,סנו סושי שקיות צלייה,יח',20.00,יח',false,,7.90,0.3950,true,1,1449215
7290108352870,false,סנו סושי שקיות צלייה 10יח' מידה XL,סנו מפעלי ברונוס בעמ . ח,TR,סנו סושי שקיות צלייה,יח',10.00,יח',false,,7.90,0.7900,true,1,1449216
7290108352955,false,"סנו סושי 4 תבניות אינגליש אקסטרה חזקות 16*31 ס""מ",יויו טינואט,IL,סנו סושי 4 תבניות אי,יח',4.00,יח',false,,9.90,2.4750,true,1,1449222
7290108353006,false,סנו סושי - שקיות אוכל נקשרות 250 יחידות XL,מיוצר עי קונדיטוריית,IL,סנו סושי - שקיות אוכ,יח',1.00,יח',false,,11.90,11.9000,true,1,1449227
7290108353020,false,4 תבנית אפייה מנייר מלבנית גדולה סנו,מיוצר עי קונדיטוריית,CN,סנו סושי 4 תבניות אפ,יח',1.00,יח',false,,11.90,11.9000,true,1,1449229
7290108353037,false,"תבניות אפיה עגולות מנייר קוטר 21 ס""מ",מיוצר עי קונדיטוריית,CN,סנו סושי 4 תבניות אפ,יח',1.00,יח',false,,11.90,11.9000,true,1,1449230
7290108353044,false,תב.אפייה מנייר סנו סושי מאפינס גדול 24 י,מיוצר עי קונדיטוריית,CN,סנו סושי 4 תבניות אפ,יח',1.00,יח',false,,9.90,9.9000,true,1,1449231
7290108353068,false,ספוג הפלא נירוסטה עם סיבי קירצוף סנו סושי 2 יח',מיוצר עי קונדיטוריית,CN,כרית קרצוף עם סיבי נ,יח',1.00,יח',false,,8.90,8.9000,true,1,1449233
7290108353099,false,ממחטות אף במארז ניילון סנו סופט 5 יח' * 100 דף,טרופיקל דגיל תעשיות,IL,מארז נייר ממחטות אף,יח',1.00,יח',false,,11.50,11.5000,true,1,1449236
7290108353389,false,"אורביטול - מי פה ג'וניור לגילאי 8+ 250 מ""ל",קוסמופארם בעמ,IL,אורביטול מי פה ג'וני,מטרים,250.00,100 מ'ל,false,,10.90,0.0436,true,1,1449239
7290108353440,false,אורביטול מברשות שיניים נאנו לחניכיים 2יח,החברה הדרומית,CN,אורביטול מברשות שיני,יח',1.00,יח',false,,29.90,29.9000,true,1,1449245
7290108353471,false,סנובון מוצק לאסלה DESIGN בניחוח ספא,סנו מפעלי ברונוס בעמ,IL,סנובון מוצק דיזיין ב,יח',1.00,יח',false,,5.90,5.9000,true,1,1449246
7290108353495,false,אורביטול - חוט דנטאלי 50 מטר בתוספת שעווה ופלואוריד,אורביטול,IL,אורביטול חוט דנטאלי,מיליליטרים,1.00,"100 מ""ל",false,,9.90,9.9000,true,1,1476938
7290108353518,false,"תבניות אלומיניום עם ידיות אחיזה 34*29 ס""מ",קריניסה ויטמין אס אי,CN,סנו סושי - תבניות אל,יח',1.00,יח',false,,9.90,9.9000,true,1,1449249
7290108353525,false,סנו סושי - תבניות אלומיניום עם ידיות אחיזה,קריניסה ויטמין אס אי,CN,סנו סושי - תבניות אל,יח',1.00,יח',false,,9.90,9.9000,true,1,1449250
7290108353532,false,"שקיות אשפה חזקות עם שרוך לארג' 54 * 65 ס""מ סנו סושי 100 יחידות",סנו סושי,IL,סנו סושי שקיות 100 י,יח',1.00,יח',false,,29.90,29.9000,true,1,1449251
7290108353549,false,נייר אפייה סנו סושי 100 יח,"טופ פלסט 2002 בע""\מ",IL,סנו סושי נייר אפייה,יח',1.00,יח',false,,19.90,19.9000,true,1,1449252
7290108353778,false,"נקה 7 - תחליב רחצה שוודיה בניחוח פיטנגו 750 מ""ל","אמיליה קוסמטיקס בע""מ",IL,נקה 7 תחליב רחצה ניח,מיליליטרים,750.00,"100 מ""ל",false,,9.90,0.0132,true,1,1449263
7290108353785,false,תחליב רחצה נקה 7 מרוקו בניחוח טונקה 750,"אמיליה קוסמטיקס בע""מ",IL,נקה 7 תחליב רחצה ניח,מיליליטרים,750.00,"100 מ""ל",false,,9.90,0.0132,true,1,1449264
7290108353792,false,"נקה 7 - תחליב רחצה יפן בניחוח פריחת הדובדבן 750 מ""ל","אמיליה קוסמטיקס בע""מ",IL,נקה 7 תחליב רחצה פרי,מיליליטרים,750.00,"100 מ""ל",false,,9.90,0.0132,true,1,1449265
7290108353808,false,"תחליב רחצה מדגסקר נקה 7 בניחוח אמבר 750 מ""ל","אמיליה קוסמטיקס בע""מ",IL,נקה 7 תחליב רחצה ניח,מיליליטרים,750.00,"100 מ""ל",false,,9.90,0.0132,true,1,1449266
7290108353907,false,"קרמה - דאודורנט רול און לאישה קרמה קלאסי 75 מ""ל","קוסמופארם בע""\מ",IL,דאו רול און 75 מל,יח',1.00,יח',false,,11.90,11.9000,true,1,1449269
7290108353921,false,קרמה דיאודורנט סטיק מאסק 70 גרם,בטר אנד דיפרנט,IL,קרמה דיאודורנט סטיק,מטרים,70.00,100 מ'ל,false,,15.90,0.2271,true,1,1449271
7290108353969,false,"קרמה - דאודורנט ספריי לאישה קרמה מאסק 150 מ""ל",מיוצר עי : אמיליה קוסמטי,IL,קרמה דיאודורנט ספריי,מטרים,150.00,100 מ'ל,false,,11.90,0.0793,true,1,1449274
7290108353983,false,"קרמה - קרם גוף קרמה קלאסי 500 מ""ל",טרופיקל דגיל תעשיות,IL,קרם גוף קלאסי קרמה 5,מיליליטרים,500.00,"100 מ""ל",false,,21.90,0.0438,true,1,1449275
7290108353990,false,"קרמה - קרם גוף קרמה מאסק 500 מ""ל",טרופיקל דגיל תעשיות,IL,קרם גוף מאסק קרמה 50,מיליליטרים,500.00,"100 מ""ל",false,,21.90,0.0438,true,1,1449276
7290108354164,false,"כיף שלישיית אל סבון קטיפתי מועשר בשמנים 3*500 מ""ל",טרופיקל דגיל תעשיות,IL,אל סבון שלישייה שמני,ליטרים,1.50,ליטר,false,,18.90,12.6000,true,1,1449281
7290108354263,false,אורביטול גוניור משחת שיניים חד קרן 70גרם,טרופיקל דגיל תעשיות קוסמ,IL,משחת שיניים ילדים חד,יח',1.00,יח',false,,7.90,7.9000,true,1,1449283
7290108354270,false,מרכך כביסה מרוכז בבישום עוצמתי 1 ל' סנו מקסימה,מיוצר עי קונדיטוריית,IL,מקסימה מרכך כביסה מר,מטרים,1000.00,100 מ'ל,false,,17.50,0.0175,true,1,1449284
7290108354485,false,"קרליין מרכך 10 לשיער שמן ארגן 700 מ""ל","קוסמופארם בע""\מ",IL,קרליין 10 מרכך ארגן,מטרים,700.00,100 מ'ל,false,,9.90,0.0141,true,1,1449288
7290108354492,false,"קרליין שמפו 10 לשיער שמן ארגן 700 מ""ל","קוסמופארם בע""\מ",IL,קרליין 10 שמפו ארגן,מטרים,700.00,100 מ'ל,false,,9.90,0.0141,true,1,1449289
7290108354607,false,"שמפו בניחוח מי קקטוס ושמן באבאסו 750 מ""ל נקה 7","אמיליה קוסמטיקס בע""מ",IL,נקה 7 שמפו 750מל ביו,מטרים,750.00,100 מ'ל,false,,9.90,0.0132,true,1,1476940
7290108354614,false,"מרכך בניחוח מי קקטוס ושמן באבאסו 750 מ""ל נקה 7","אמיליה קוסמטיקס בע""מ",IL,נקה 7 מרכך 750מל ביו,מטרים,750.00,100 מ'ל,false,,9.90,0.0132,true,1,1476941
7290108354713,false,"קרמה - תחליב רחצה קלאסי 500 מ""ל","קוסמופארם בע""\מn\",IL,קרמה תחליב רחצה קלאס,מטרים,500.00,100 מ'ל,false,,12.90,0.0258,true,1,1449292
7290108354751,false,"סנו - ג'ט מרסס לניקוי כללי בתוספת אבקת סודה 750 מ""ל","סנו מפעלי ברונוס בע""\מ",IL,מתז לניקוי כללי ג'ט+,מיליליטרים,750.00,"100 מ""ל",false,,11.90,0.0159,true,1,1449293
7290108354829,false,"קרם ידיים קרמה ורד וניל 100 מ""ל מ""ל",קוסמופארם,IL,קרם ידיים קרמה 100 מ,מיליליטרים,100.00,"100 מ""ל",false,,9.90,0.0990,true,1,1449297
7290108354911,false,"שמפו, ג'ל רחצה וגילוח מועשר בתמצית אלוורה",טרופיקל דגיל תעשיות,IL,"קרמה מן 3ב1 500 מ""ל",מיליליטרים,500.00,"100 מ""ל",false,,14.90,0.0298,true,1,1449304
7290108355000,false,"שמפו מיניונים לילדים נקה 7 750 מ""ל",אמיליה קוסמטיקס,IL,שמפו מיניונים נקה 7,מיליליטרים,750.00,"100 מ""ל",false,,9.90,0.0132,true,1,1449306
7290108355024,false,"נקה 7 שמפו ומרכך לילדים מיניונים 750 מ""ל",קוסמופארם בע'\'\מ,IL,מרכך+שמפו מיניונים נ,מיליליטרים,750.00,"100 מ""ל",false,,9.90,0.0132,true,1,1449308
7290108355031,false,"נקה 7 אל סבון לילדים מיניונים 750 מ""ל",קוסמופארם בע'\'\מ,IL,אל סבון מיניונים נקה,מיליליטרים,750.00,"100 מ""ל",false,,9.90,0.0132,true,1,1449309
7290108355055,false,לחו.לשיער מקצועי גלייז נטורל פורמולה 400,נטורל פורמולה Natural Formula,IL,לחות לשיער מקצועית ע,מיליליטרים,400.00,"100 מ""ל",false,,29.90,0.0747,true,1,1449311
7290108355147,false,"תחליב רחצה שמני הזנה נקה 7 750 מ""ל",טרופיקל דגיל תעשיות קוסמ,IL,תחליב רחצה שמני הזנה,מיליליטרים,750.00,"100 מ""ל",false,,9.90,0.0132,true,1,1449318
7290108355154,false,"שמפו שמני הזנה נקה 7 750 מ""ל","אמיליה קוסמטיקס בע""מ",IL,שמפו שמני הזנה נקה 7,מיליליטרים,750.00,"100 מ""ל",false,,9.90,0.0132,true,1,1449319
7290108355161,false,"מרכך שיער שמני הזנה 750 מ""ל נקה 7","אמיליה קוסמטיקס בע""מ",IL,מרכך שמני הזנה נקה 7,מיליליטרים,750.00,"100 מ""ל",false,,9.90,0.0132,true,1,1449320
7290108355178,false,"קרמה - קרם ידיים חמאת שיאה וקוקוי 100 מ""ל",החברה הדרומית,IL,קרם ידיים קרמה 100 מ,מיליליטרים,100.00,"100 מ""ל",false,,9.90,0.0990,true,1,1449321
7290108355185,false,"נטורל מסיכת קרטין אינטנס למניעת קשקשים 350 מ""ל",נטורל פורמולה Natural Formula,IL,מסכה קרטין 350 מל,מיליליטרים,350.00,"100 מ""ל",false,,39.90,0.1140,true,1,1449322
7290108355192,false,"מרכך קרטין אינטנס למניעת קשקשים נטורל פורמולה 400 מ""ל",נטורל פורמולה Natural Formula,IL,מרכך קרטין 400 מל,מיליליטרים,400.00,"100 מ""ל",false,,29.90,0.0747,true,1,1449323
7290108355208,false,"שמפו קרטין אינטנס למניעת קשקשים נטורל 400 מ""ל",נטורל פורמולה Natural Formula,IL,שמפו קרטין 400 מל,מיליליטרים,400.00,"100 מ""ל",false,,29.90,0.0747,true,1,1449324
7290108355260,false,"נקה 7-שמפו 3ב1 שמפו ג'ל רחצה וסבון פנים לגבר 750 מ""ל","אמיליה קוסמטיקס בע""מ",IL,נקה 7 שמפו ג'ל רחצה,מיליליטרים,750.00,"100 מ""ל",false,,9.90,0.0132,true,1,1449327
7290108355314,false,מרכך לסירוק קל בתוספת רוזמרין,גוד פוד פרודקטס S.p,IL,מרכך נקה 7 סירוק קל,מיליליטרים,750.00,"100 מ""ל",false,,10.90,0.0145,true,1,1449332
7290108355482,false,"קרמה - דאודורנט רול און לאישה קרמה לבנדר ואקליפטוס 75 מ""ל","קוסמופארם בע""\מ",IL,דאו רול און קרמה 75,יח',1.00,יח',false,,11.90,11.9000,true,1,1449336
7290108355802,false,"תחליב רחצה קרמה ורד ווניל 700 מ""ל",גוד פוד פרודקטס S.p,IL,תחליב רחצה קרמה 700,מיליליטרים,700.00,"100 מ""ל",false,,16.90,0.0241,true,1,1449359
7290108356014,false,"כיף תחליב רחצה בניחות מסקרפונה ופירות יער 700 מ""ל",החברה הדרומית,IL,כיף תחליב רחצה 700 מ,מיליליטרים,700.00,"100 מ""ל",false,,9.90,0.0141,true,1,1449365
7290108356021,false,כיף תחליב רחצה בניחוח גלידת קרם עוגיות,גוד פוד פרודקטס S.p,IL,כיף תחליב רחצה 700 מ,מיליליטרים,700.00,"100 מ""ל",false,,9.90,0.0141,true,1,1449366
7290108356045,false,"כיף תחליב רחצה בניחוח גלידת סוכריות ג'לי 700 מ""ל",החברה הדרומית,IL,כיף תחליב רחצה 700 מ,מיליליטרים,700.00,"100 מ""ל",false,,9.90,0.0141,true,1,1449368
7290108356052,false,"כיף תחליב רחצה בניחות מנטה קפואה 700 מ""ל",קוסמופארם,IL,כיף תחליב רחצה 700 מ,מיליליטרים,700.00,"100 מ""ל",false,,9.90,0.0141,true,1,1449369
7290108356083,false,כיף תחליב רחצה בניחוח גלידת סורבה מנגו,החברה הדרומית,IL,כיף תחליב רחצה 700 מ,מיליליטרים,700.00,"100 מ""ל",false,,9.90,0.0141,true,1,1449372
7290108356106,false,כיף תחליב רחצה חלב שקדים 700 מל,החברה הדרומית,IL,כייף תחליב רחצה שקד,מיליליטרים,700.00,"100 מ""ל",false,,9.90,0.0141,true,1,1449374
7290108356113,false,"כיף תחליב רחצה דבש 700 מ""ל-מרכז",קוסמופארם בעמ,IL,כייף תחליב רחצה 700,מיליליטרים,700.00,"100 מ""ל",false,,9.90,0.0141,true,1,1449375
7290108356120,false,"תחליב רחצה כיף קוקוס וניל 700 מ""ל",קוסמופארם,IL,כייף תחליב רחצה קוקו,מיליליטרים,700.00,"100 מ""ל",false,,9.90,0.0141,true,1,1449376
7290108356137,false,"כיף - תחליב רחצה לבנדר 700 מ""ל",קוסמופארם,IL,כייף תחליב רחצה לבנד,מיליליטרים,700.00,"100 מ""ל",false,,9.90,0.0141,true,1,1449377
7290108356151,false,"תחליב רחצה כיף מאסק יסמין 700 מ""ל",גוד פוד פרודקטס S.p,IL,כייף תחליב רחצה מאסק,מיליליטרים,700.00,"100 מ""ל",false,,9.90,0.0141,true,1,1449378
7290108356168,false,"כיף - תחליב רחצה אוקיינוס 700 מ""ל",גוד פוד פרודקטס S.p,IL,כייף תחליב רחצה אוקי,מיליליטרים,700.00,"100 מ""ל",false,,9.90,0.0141,true,1,1449379
7290108356229,false,ג'ל גילוח לכל סוגי העור מועשר בפחם פעיל,טרופיקל דגיל תעשיות,TR,ג'ל גילוח לעור עדין,מיליליטרים,200.00,"100 מ""ל",false,,10.90,0.0545,true,1,1449383
7290108356274,false,"כיף - מוס רחצה בניחוח תותים ושמנת 150 מ""ל",החברה הדרומית,IL,מוס רחצה בניחוח תותי,מטרים,150.00,100 מ'ל,false,,12.90,0.0860,true,1,1449384
7290108356489,false,"כיף - תחליב רחצה אפרסק וחמאת מורומורו 700 מ""ל",קוסמופארם בעמ,IL,כיף תחליב אפרסק וחמא,מטרים,700.00,100 מ'ל,false,,9.90,0.0141,true,1,1449394
7290108356519,false,קרליין שמפו 10למניעת קשקשים 700מל,"קוסמופארם בע""\מ",IL,קרליין שמפו 10למניעת,מטרים,700.00,100 מ'ל,false,,9.90,0.0141,true,1,1449395
7290108356526,false,"קרליין - שמפו 10 לשיער יבש 700 מ""ל","קוסמופארם בע""\מ",IL,קרליין שמפו 10לשיער,מטרים,700.00,100 מ'ל,false,,9.90,0.0141,true,1,1449396
7290108356533,false,קרוליין 10 שמפו לשיער מתולתל 700 מל,"קוסמופארם בע""\מ",IL,קרליין שמפו 10לשיער,מטרים,700.00,100 מ'ל,false,,9.90,0.0141,true,1,1449397
7290108356540,false,קרוליין 10 שמפו לשיער צבוע 700 מל,"קוסמופארם בע""\מ",IL,קרליין שמפו 10לשיער,מטרים,700.00,100 מ'ל,false,,9.90,0.0141,true,1,1449398
7290108356557,false,"שמפו 10 לשיער למניעת קשקשים 700 מ""ל קרליין","קוסמופארם בע""\מ",IL,קרליין שמפו 10לשיער,מטרים,700.00,100 מ'ל,false,,9.90,0.0141,true,1,1449399
7290108356564,false,"קרליין - מרכך 10 לשיער רגיל 700 מ""ל","קוסמופארם בע""\מn\",IL,קרליין מרכך 10לשיער,מטרים,700.00,100 מ'ל,false,,9.90,0.0141,true,1,1449400
7290108356571,false,"קרליין - מרכך 10 לשיער יבש 700 מ""ל","קוסמופארם בע""\מ",IL,קרליין מרכך 10לשיער,מטרים,700.00,100 מ'ל,false,,9.90,0.0141,true,1,1449401
7290108356816,false,"סבון בוטני גרניום ופטצ'ולי לניקוי וטיפוח הידיים, טבעוני 1 ל' כיף",קוסמופארם בע'\'\מ,IL,כיף אל סבון בוטני 1ל,מטרים,1000.00,100 מ'ל,false,,14.90,0.0149,true,1,1449405
7290108357028,false,"תחליב רחצה כיף ורד ושמן קוקוי 700 מ""ל",קוסמופארם בעמ,IL,כייף תחליב רחצה שמן,מיליליטרים,700.00,"100 מ""ל",false,,9.90,0.0141,true,1,1449410
7290108357042,false,"קרליין - נושם ביו דאודורנט רול און 75 מ""ל Citrus Blossoms לאישה","קוסמופארם בע""\מ",IL,קרליין דיאודורנט נוש,מטרים,75.00,100 מ'ל,false,,11.90,0.1587,true,1,1449411
7290108357059,false,"קרליין - נושם ביו דאודורנט רול און 75 מ""ל Secret Garden לאישה","קוסמופארם בע""\מ",IL,קרליין ביו רולאון נו,מטרים,75.00,100 מ'ל,false,,11.90,0.1587,true,1,1449412
7290108357073,false,"קרליין - נושם ביו דאודורנט ספריי 150 מ""ל Blossoms Citrus לאישה",קוסטר אירוסול,IL,קרליין ביו נושם ספרי,מטרים,150.00,100 מ'ל,false,,11.90,0.0793,true,1,1449413
7290108357110,false,"קרליין - נושם ביו דאודורנט רול און 75 מ""ל Valvet Rose לאישה","קוסמופארם בע""\מ",IL,קרליין דיאודורנט ביו,מטרים,75.00,100 מ'ל,false,,11.90,0.1587,true,1,1449416
7290108357189,false,"מבשם ומרכך למייבש הכביסה מקסימה פלורל 750 מ""ל סנו","סנו מפעלי ברונוס בע""\מ",IL,מקסימה למייבש בניחוח,מיליליטרים,750.00,"100 מ""ל",false,,16.30,0.0217,true,1,1449417
7290108357196,false,"ג'ט פלוס לניקוי כללי בתוספת תמצית עץ התה 750 מ""ל סנו",מיוצר עי קונדיטוריית,IL,מתז לניקוי כללי ג'ט+,מיליליטרים,750.00,"100 מ""ל",false,,11.90,0.0159,true,1,1449418
7290108357202,false,סנוקליר לניקוי בניחוח בלו בלוסום 1 ליטר,"סנו מפעלי ברונוס בע""\מ",IL,סנוקליר בניחוח בלו ב,ליטרים,1.00,ליטר,false,,9.90,9.9000,true,1,1449419
7290108357226,false,"אוקסיגן POWER אבקה לכביסה לבנה והסרת כתמים 1.4 ק""ג סנו",החברה הדרומית,IL,אוקסיג'ן אבקה להסרת,גרמים,1400.00,100 גרם,false,,29.90,0.0214,true,1,1449420
7290108357233,false,סנוקליר מטליות לחות לניקוי והברקה 50יח,"סנו מפעלי ברונוס בע""\מ",IL,סנוקליר מטליות לחות,יח',1.00,יח',false,,11.90,11.9000,true,1,1449421
7290108357240,false,"אוקסיג'ן פאוור תוסף להסרת כתמים קשים 1.4 ק""ג",החברה הדרומית,IL,אוקסיג'ן אבקה להסרת,גרמים,1400.00,100 גרם,false,,28.90,0.0206,true,1,1449422
7290108357257,false,סנו - פרש מכשיר אוטומטי לבישום אוויר בתוספת מילוי אולטרא פרש,"יצרן מכשיר: זובלה, יצרן",IL,סנו פרש מכשיר+מילוי,יח',1.00,יח',false,,44.90,44.9000,true,1,1476942
7290108357264,false,"פרש אוטומטי מילוי בניחוח מרכך הכביסה אולטרה 375 מ""ל סנו",סנו מפעלי ברונוס בעמ,IL,פרש אוטומטי מילוי או,מטרים,375.00,100 מ'ל,false,,12.90,0.0344,true,1,1476943
7290108357271,false,סנובון ג'ל לניקוי אסלות עם חמצן פעיל לניקוי עוצמתי,סנו מפעלי ברונוס בעמ,IL,סנובון אוקסי עם חמצן,מטרים,750.00,100 מ'ל,false,,8.90,0.0119,true,1,1449423
7290108357295,false,"מרסס אוקסיג'ן מסיר כתמים סנו לכביסה לבנה 750 מ""ל",החברה הדרומית,IL,סנו אוקסיג'ן ספריי פ,מיליליטרים,750.00,"100 מ""ל",false,,17.70,0.0236,true,1,1476944
7290108357301,false,"סנו - K300 קוטל חרקים תיקנים ונמלים 300 מ""ל","סנו מפעלי ברונוס בע""\מ",IL,קיי 300 קטן 300מל,מטרים,300.00,100 מ'ל,false,,9.90,0.0330,true,1,1449425
7290108357394,false,"תחליב רחצה קרמה חלב ודבש 700 מ""ל",קוסמופארם בע'\'\מ,IL,תחליב רחצה קרמה חלב,מיליליטרים,700.00,"100 מ""ל",false,,16.90,0.0241,true,1,1449426
7290108357400,false,"תחליב רחצה קרמה לבנדר ואקליפטוס 700 מ""ל",קוסמופארם בעמ,IL,תחליב רחצה קרמה 700,מיליליטרים,700.00,"100 מ""ל",false,,16.90,0.0241,true,1,1449427
7290108357417,false,"קרמה - קרם גוף קרמה ורד ווניל 500 מ""ל",טרופיקל דגיל תעשיות,IL,קרם גוף קרמה ורד וונ,מיליליטרים,500.00,"100 מ""ל",false,,21.90,0.0438,true,1,1449428
7290108357653,false,סנובון ג'ל לאסלה שלישיה בניחוח אוקיינוס,סנו סנובון,IL,סנובון באבלס סנו 3 י,יח',3.00,יח',false,,14.90,4.9667,true,1,1508136
7290108357660,false,סנובון Bubbles שלישיית כדוריות ג'ל אסלה ניחוח לבנדר,סנו סנובון,IL,סנובון באבלס סנו 3 י,יח',3.00,יח',false,,14.90,4.9667,true,1,1508137
7290108357745,false,"כיף שמפו ומרכך 700 מ""ל 2ב-1 תאנה ומנטה",גוד פוד פרודקטס S.p,IL,כיף שמפו ומרכך 2+1 7,מיליליטרים,700.00,"100 מ""ל",false,,9.90,0.0141,true,1,1449437
7290108357837,false,כיף אל סבון 1 ליטר ג'נסינג שקית מילוי + פקק,"קוסמופארם בע""\מ",IL,כיף אל סבון שקית מיל,מטרים,1000.00,100 מ'ל,false,,8.90,0.0089,true,1,1449443
7290108357844,false,כיף אל סבון 1 ליטר אצות ים שקית מילוי + פקק,"קוסמופארם בע""\מ",IL,כיף אל סבון שקית מיל,מטרים,1000.00,100 מ'ל,false,,8.90,0.0089,true,1,1449444
7290108357875,false,"כיף - שמפו לחות מוגברת עם אפרסק וחמאת מורומורו 700 מ""ל",קוסמופארם בעמ,IL,כיף שמפו אפרסק וחמאת,מטרים,700.00,100 מ'ל,false,,9.90,0.0141,true,1,1449447
7290108358070,false,"תחליב רחצה קרמה קלאסי 700 מ""ל",גוד פוד פרודקטס S.p,IL,תחליב רחצה קרמה קלאס,מיליליטרים,700.00,"100 מ""ל",false,,16.90,0.0241,true,1,1449449
7290108358087,false,"תחליב רחצה קרמה מאסק 700 מ""ל",גוד פוד פרודקטס S.p,IL,תחליב רחצה קרמה מאסק,מיליליטרים,700.00,"100 מ""ל",false,,16.90,0.0241,true,1,1449450
7290108358124,false,דפי בישום לחים למייבש הכביסה בניחוח מרכך כביסה 20 יח' מקסימה,טרופיגל דגיל תעשיות קוסמ,IL,מקסימה דפי בישום לחי,יח',1.00,יח',false,,12.90,12.9000,true,1,1503527
7290108359008,false,סושי שקיות זיפר עם סליידר 15 יח לארג',החברה הדרומית,CN,סושי שקיות זיפר עם ס,יח',1.00,יח',false,,14.90,14.9000,true,1,1449454
7290108359039,false,שקיות אשפה עם ידיות סנו סושי לפחים 30 יחידות,סנאט גרופ,TR,שקיות אשפה עם ידית 9,יח',30.00,יח',false,,19.90,0.6633,true,1,1449456
7290108359060,false,סנו סושי כריות הפלא רב תכלתיות *4 לשבת,סנו מפעלי ברונו בעמ,IL,סנו כריות ניקוי לשבת,יח',1.00,יח',false,,9.90,9.9000,true,1,1449458
7290108359077,false,סנו - סופט לושן ממחטות אף בקופסא 3 שכבות 120 יח',"סנו מפעלו ברונוס בע""\מ",EG,סופט ממחטות אף 3 שכב,יח',1.00,יח',false,,12.90,12.9000,true,1,1449459
7290108359084,false,סנו סושי כיסוי ניילון עם גומי 30 יחידות M,תאיזו ווילד,IL,סושי כיסוי ניילון עם,יחידה,0.00,יחידה,false,,8.90,0.0000,true,1,1510052
7290108359091,false,סנו סושי כיסוי ניילון עם גומי 30 יחידות L,תאיזו ווילד,IL,סושי כיסוי ניילון עם,יחידה,0.00,יחידה,false,,8.90,0.0000,true,1,1510053
7290108359114,false,סנו סושי – 10 חמגשית אלומיניום עם מכסה,סנו סושי,IL,סושי חמגשית אלומיניו,יח',10.00,יח',false,,9.90,0.9900,true,1,1449460
7290108359152,false,"תבנית אלומיניום עגולה 25 ס""מ -6 יחי סנו סושי",סנו סושי,IL,סושי תבניות עגולות ק,יח',6.00,יח',false,,9.90,1.6500,true,1,1490583
7290108359169,false,"תבנית אלומיניום עגולה 628 ס""מ יחי סנו סושי",סנו,IL,סושי תבניות עגולות ק,יח',6.00,יח',false,,9.90,1.6500,true,1,1490584
7290108359183,false,שקית אשפה חזקות 70*50 60 יח' סנו סושי,סנו סושי,IL,סושי 60 שקיות אשפה ע,יח',60.00,יח',false,,19.90,0.3317,true,1,1509784
7290108359824,false,"כיף - בייבי כיף קרם 500 מ""ל",קוסמופארם בעמ,IL,קרם גוף בייבי כיף 50,מיליליטרים,750.00,"100 מ""ל",false,,19.90,0.0265,true,1,1449463
7290108359848,false,שמפו אל דמע בייבי כיף 1 ליטר,בייבי כיף Baby,IL,שמפו אלדמע בייבי כיף,ליטרים,1.00,ליטר,false,,17.90,17.9000,true,1,1449465
7290108359855,false,"שמפו אל דמע בייבי כיף+משאבה 750 מ""ל",גוד פוד פרודקטס S.p,IL,שמפו אלדמע בייבי כיף,מיליליטרים,750.00,"100 מ""ל",false,,13.90,0.0185,true,1,1449466
7290108359879,false,"אלסבון בייבי כיף+משאבה 750 מ""ל",קוסמופארם בעמ,IL,אלסבון בייבי כיף 750,מיליליטרים,750.00,"100 מ""ל",false,,13.90,0.0185,true,1,1449468
7290108359893,false,"תחליב רחצה בייבי כיף+משאבה 750 מ""ל",גוד פוד פרודקטס S.p,IL,תחליב רחצה בייבי כיף,מיליליטרים,750.00,"100 מ""ל",false,,13.90,0.0185,true,1,1449470
7290108359985,false,סנו - ז'אוול מרסס קצף לניקוי וחינו בניחוח פריחה לבנה 1 ליטר,סנו ז'אוול Javel,IL,קצף לניקוי כללי פריח,100 מל,750.00,100 מל,false,,16.90,0.0225,true,1,1449472
7290108468939,false,גרבי בריאות (3) גבר LEE COOPER,,,גרביי בריאות (3) גבר,יח',1.00,יח',false,,20.00,20.0000,true,1,1466773
7290108500677,false,כבד דג שיבוט בשמן דג וילי פוד 115 גרם,"איטיליאן פוד, אס.פי.",IS,כבד דג שיבוט בשמן דג,גרמים,115.00,100 גרם,false,,8.90,0.0774,true,1,1451004
7290108501087,false,גרעיני תירס 285 גר רמילוי,,,גרעיני תירס 285 גר ר,גרמים,285.00,100 גרם,false,,4.50,0.0158,true,1,1462707
7290108501490,false,פרוסות מוצרלה ויליפוד 150 גרם,ג.וילי פוד אינטרנשיונל ב,DE,גבינת מוצרלה פרוסות,גרמים,150.00,100 גרם,false,,12.90,0.0860,true,1,1457257
7290108501827,false,קדאיף שערות בצק ויליפוד 450 גרם,הנסיך- מפעל לייצור ט,GR,קדאיף שערות בצק 450,גרמים,450.00,100 גרם,false,,19.90,0.0442,true,1,1457264
7290108502305,false,גבינת גרנה פדנו משולש ויליפוד 150 גרם,וילי פוד,IT,גבינת גרנה פדנו משול,גרמים,150.00,100 גרם,false,,16.90,0.1127,true,1,1457271
7290108502381,false,בסיסים להכנת פיצה קוטר 26 וילי פוד 480ג',מוטלוקל גידה סאנאי ט,TR,תחתיות לפיצה 480 גר,גרמים,480.00,100 גרם,false,,12.90,0.0269,true,1,1451006
7290108502541,false,גבינת שמנת טעם טבעי ויליפוד 200 גרם,Euro יורו מחלבות אירופה,TR,גבינת שמנת 200 גר,גרמים,200.00,100 גרם,false,,10.90,0.0545,true,1,1457275
7290108502589,false,גבינת שמנת עם שום ויליפוד 200 גרם,אטלסר&אלפרי קאסורק,DE,גבינת שמנת עם שום 20,גרמים,200.00,100 גרם,false,,10.90,0.0545,true,1,1457277
7290108502725,false,גבינת גאודה פרוסות 400 גר`וילי פוד,ג.וילי פוד אינטרנשיונל ב,IL,גבינת גאודה 400 גר,גרמים,400.00,100 גרם,false,,19.90,0.0497,true,1,1457280
7290108502763,false,גבינת קממבר ויליפוד 200 גרם,פטוראז',FR,גבינת קממבר 200 גר,גרמים,200.00,100 גרם,false,,19.90,0.0995,true,1,1457281
7290108502862,false,מלפפונים כבושים במלח 18-25 קטנים ויליפוד 600 גרם,זיתור סאן גידה סני וטיקר,TR,מלפפונים קטנים 18-25,גרמים,600.00,100 גרם,false,,8.90,0.0148,true,1,1451007
7290108503043,false,תפוחונים חטיף פלחים מיובשים מארז 22X4ג',הביי דונגפנג פוד קו. בעמ,CN,מארז תפוחונים מיובשי,יח',1.00,יח',false,,14.20,14.2000,true,1,1451010
7290108503067,false,פרמז'נו משולש ויליפוד 150 גרם,וילי פוד,IT,פרמז'נו משולש 150 גר,גרמים,150.00,100 גרם,false,,13.90,0.0927,true,1,1457284
7290108503647,false,"DAAWAT אורז בסמטי מהדרין ויליפוד 1 ק""ג",אל.טי.פודס בעמ,IN,אורז בסמטי 1קג מהדרי,קילוגרמים,1.00,"ק""ג",false,,11.90,11.9000,true,1,1451011
7290108503791,false,ניוקי תפוח אדמה 3 צבעים 500 גרם (ללא גלוטן),סיימה אלימנטרי,IT,ניוקי תפוא 3 צבעים ל,גרמים,500.00,100 גרם,false,,11.90,0.0238,true,1,1451013
7290108504293,false,מנצ'גו צ'אנק ויליפוד 150 גרם,ג.וילי פוד אינטרנשיו,ES,מנצ'גו צ'אנק 150 גר,יח',1.00,יח',false,,16.90,16.9000,true,1,1457301
7290108504378,false,גבינת שמנת עם זיתים ויליפוד 200 גרם,אטלסר&אלפרי קאסורק,DE,גבינת שמנת עם זיתים,גרמים,200.00,100 גרם,false,,10.90,0.0545,true,1,1457302
7290108504385,false,גבינת שמנת עם חלפיניו ויליפוד 200 גרם,Euro יורו מחלבות אירופה,DE,גבינת שמנת עם חלפיני,גרמים,200.00,100 גרם,false,,10.90,0.0545,true,1,1457303
7290108505733,false,צמות-גבינה חצי קשה 25% שומן 200 גרם,סאסו פטוראגס קומטויס אף,TR,צמות גבינה חצי קשה 2,גרמים,200.00,100 גרם,false,,12.90,0.0645,true,1,1457325
7290108505740,false,קשקבל גבינה חצי קשה EURO CHEESE ויליפוד 200 גרם,Euro יורו מחלבות אירופה,TR,גבינת קשקבל חצי קשה,גרמים,200.00,100 גרם,false,,12.90,0.0645,true,1,1457326
7290108506426,false,בייגלה קראנצ'י טורקי אותנטי - מוקפא,וילי פוד,TR,סימיט בייגלה קפוא,גרמים,400.00,100 גרם,false,,13.90,0.0348,true,1,1457338
7290108506495,false,"כנאפה מאפה בצק ""שערות"" קדאיף וגבינה",ארמה גרופ,TR,כנאפה קפוא,גרמים,192.00,100 גרם,false,,12.90,0.0672,true,1,1457340
7290108506501,false,אצבעות בצק פילו ממולאות גבינה 500 ג' ויליפוד,סיהאן גידה,TR,אצבעות בצק פילו ממול,גרמים,500.00,100 גרם,false,,15.50,0.0310,true,1,1457341
7290108506518,false,אצבעות בצק פילו ממולאות גבינה ותרד 500 ג' ויליפוד,סיהאן גידה,TR,אצבעות בצק פילו ממול,גרמים,500.00,100 גרם,false,,15.50,0.0310,true,1,1457342
7290108506624,false,גבינת עיזים צ'אנק ויליפוד 150 גרם,אל פסטור,ES,עיזים צ'אנק 150 גר,יח',1.00,יח',false,,16.90,16.9000,true,1,1457345
7290108507065,false,גבינת פרמג'אנו רגיאנו מגורדת ויליפוד 100 גרם,זנאתי,IT,גבינת פרמג'אנו מגורד,גרמים,100.00,100 גרם,false,,13.90,0.1390,true,1,1457359
7290108507188,false,כנאפה קפוא אריזה משפחתית 657.5 גרם,ארמה גרופ,TR,כנאפה אריזה משפחתית,גרמים,657.00,100 גרם,false,,27.70,0.0422,true,1,1457361
7290108507317,false,יאסו יוגורט יווני ושבבי שוקולד רמילוי,,,יאסו יוגורט יווני וש,גרמים,150.00,100 גרם,false,,4.80,0.0320,true,1,1462716
7290108507331,false,יאסו יוגורט יווני טעם קוקוס רמילוי,,,יאסו יוגורט יווני טע,גרמים,150.00,100 גרם,false,,4.80,0.0320,true,1,1462718
7290108507348,false,יאסו יוגורט יווני טעם אוכמניות רמילוי,,,יאסו יוגורט יווני טע,גרמים,150.00,100 גרם,false,,4.80,0.0320,true,1,1462719
7290108507386,false,יאסו יוגורט יווני טעם טבעי רמילוי,,,יאסו יוגורט יווני טע,גרמים,150.00,100 גרם,false,,4.80,0.0320,true,1,1462723
7290108507492,false,קרקרים עם שומשום 105ג רמילוי,,,קרקרים עם שומשום 105,גרמים,105.00,100 גרם,false,,4.90,0.0467,true,1,1462724
7290108507607,false,גבינת פרמז'ן קשה 27% רמילוי 200גר,,,גבינת פרמז'ן קשה 27%,גרמים,200.00,100 גרם,false,,22.90,0.1145,true,1,1462726
7290108507911,false,קינואה עם טונה וירקות - מוכן לאכילה,גולדן פרייז קאנינג אל טי,TR,קינואה עם טונה וירקו,גרמים,160.00,100 גרם,false,,11.90,0.0744,true,1,1451028
7290108507942,false,ירקות גינה+טונה 160 גרם בית יוסף,גולדן פרייז קאנינג אל טי,TR,ירקות גינה עם טונה 1,גרמים,160.00,100 גרם,false,,11.90,0.0744,true,1,1451029
7290108508451,false,"משקה יוגורט טבעי 3.2% שומן יורו 200 מ""ל",Euro יורו מחלבות אירופה,TR,משקה יוגורט טבעי 200,מיליליטרים,200.00,"100 מ""ל",false,,4.90,0.0245,true,1,1457391
7290108508499,false,"איירן משקה יוגורט בסגנון טורקי יורו 293 מ""ל",Euro יורו מחלבות אירופה,TR,איירן משקה יוגורט סג,מיליליטרים,293.00,"100 מ""ל",false,,4.90,0.0167,true,1,1457395
7290108508765,false,קונכיות פתיתים ויליפוד 400גרם,וילי פוד,TR,קונכיות פתיתים 400 ג,גרמים,400.00,100 גרם,false,,4.90,0.0123,true,1,1451047
7290108508772,false,קונכיות פתיתים עם תרד 400 גרם,וילי פוד,TR,קונכיות פתיתים עם תר,גרמים,400.00,100 גרם,false,,4.90,0.0123,true,1,1451048
7290108508864,false,בישקוטים 200ג רמילוי,,,בישקוטים 200ג רמילוי,גרמים,200.00,100 גרם,false,,6.90,0.0345,true,1,1462734
7290108508888,false,ביסקוויטים פתי בר ויליפוד 500 ג',ארגון ציקולאטה,TR,ביסקוויט פתי בר 500,גרמים,500.00,100 גרם,false,,5.90,0.0118,true,1,1451049
7290108508970,false,וילי פוד תה ג'רבה 50,אוסוואלדי קרוז בואנס,PY,תה ג'רבה 500 גר',גרמים,500.00,100 גרם,false,,19.70,0.0394,true,1,1451050
7290108509045,false,גבינת מוצרלה מגורדת 300ג רמילוי,,,גבינת מוצרלה מגורדת,גרמים,300.00,100 גרם,false,,14.90,0.0497,true,1,1462735
7290108509052,false,מאפה פילו במילוי גבינת פטה ויליפוד 400 גרם,וילי פוד,GR,מאפה פילו ממולא גבינ,יח',1.00,יח',false,,19.90,19.9000,true,1,1457404
7290108509106,false,"גבינה בולגרית מעודנת בקוביות 13% שומן 200 ג' חת""ס פ""ת","היצרן: קוליוס אס. איי, ג",TR,גבינה בולגרית קוביות,גרמים,200.00,100 גרם,false,,11.90,0.0595,true,1,1457407
7290108509113,false,"גבינה בולגרית מעודנת 18% שומן 250 גרם חת""ס פ""ת",Euro יורו מחלבות אירופה,TR,גבינה בולגרית 18% מע,גרמים,250.00,100 גרם,false,,11.90,0.0476,true,1,1457408
7290108509199,false,גבינת פטה 17% שומן יורו 500 ג',מבגל אס.איי,TR,גבינה פטה 17% 500 גר,גרמים,250.00,100 גרם,false,,22.90,0.0916,true,1,1457412
7290108509205,false,ויליפוד חטיף אורז אפוי בטעם טבעי לתינוקות 50 גר',נמצ'או,TH,חטיף אורז אפוי טבעי,יח',1.00,יח',false,,11.90,11.9000,true,1,1451056
7290108509212,false,ויליפוד חטיף אורז אפוי בטעם ירקות לתינוקות 50 גר',נמצ'או,TH,חטיף אורז אפוי ירקות,יח',1.00,יח',false,,11.90,11.9000,true,1,1451057
7290108509229,false,חטיף אורז בטעם בננה לתינוקות ויליפוד 50 גרם,נמצ'או,TH,חטיף אורז אפוי בננה,יח',1.00,יח',false,,11.90,11.9000,true,1,1451058
7290108509250,false,"אנטיפסטי ארטישוק+עגבניות מיובשות וצלפים בשמן חמניות 380 מ""ל",אלימנטוס אי קונסרבס דל א,IT,אנטיפסטי ארטישוק,גרמים,380.00,100 גרם,false,,22.90,0.0603,true,1,1451059
7290108509267,false,ארוחת פסטה עם רוטב גבינה ויליפוד 206 גרם,הנסיך- מפעל לייצור ט,UA,ארוחת פסטה רוטב גבינ,גרמים,206.00,100 גרם,false,,7.90,0.0383,true,1,1451060
7290108509403,false,חלבה טורקית קלאסית 350 גרם ויליפוד,וילי פוד,TR,חלבה טורקית קלאסית 3,גרמים,350.00,100 גרם,false,,10.90,0.0311,true,1,1451062
7290108509410,false,חלבה טורקית עם קקאו 350 גרם ויליפוד,וילי פוד,TR,חלבה טורקית עם קקאו,גרמים,350.00,100 גרם,false,,10.90,0.0311,true,1,1451063
7290108509618,false,זיתים ירוקים על הגריל מגולענים במרינדה 730 גרם,,TR,זיתים ירוקים על הגרי,גרמים,730.00,100 גרם,false,,23.90,0.0327,true,1,1451070
7290108509700,false,"אורז פרסי DAAWAT מהדרין 1 ק""ג",אל.טי.פודס לימיטד,IN,אורז פרסי 1 לי דאווט,קילוגרמים,1.00,"ק""ג",false,,9.90,9.9000,true,1,1451079
7290108509755,false,EURO גבינת חלומי 23% שומן 250 גרם,סאסו פטוראגס קומטויס אף,CY,גבינת חלומי 250 גר,גרמים,250.00,100 גרם,false,,23.90,0.0956,true,1,1513147
7290108509816,false,גבינת בייבי מוצרלה EURO CHEESE ויליפוד 200 גרם,אונטד גידה,TR,גבינה בייבי מוצרלה 2,גרמים,200.00,100 גרם,false,,13.90,0.0695,true,1,1457416
7290108509908,false,"מנת השף בשקית-איטריות בטעם ירקות 85 ג' חתם סופר ב""ב",וילי פוד - מנת השף,TH,מנת השף אטריות בטעם,גרמים,85.00,100 גרם,false,,3.50,0.0412,true,1,1523997
7290108509915,false,"מנת השף בשקית-איטריות בטעם סיני פיקנטי 85 ג' חתם סופר ב""ב",וילי פוד - מנת השף,TH,מנת השף אטריות בטעם,גרמים,85.00,100 גרם,false,,3.50,0.0412,true,1,1523998
7290108509922,false,מנתהשף אטריות להכנה מהירה טעם עוף ויליפוד 85 גרם,וילי פוד - מנת השף,TH,מנת השף אטריות בטעם,גרמים,85.00,100 גרם,false,,3.50,0.0412,true,1,1523999
7290108509939,false,פרוסות פילה טונה בשמן זית כתית מעולה,וילי פוד,TH,פרוסות פילה טונה 120,גרמים,120.00,100 גרם,false,,12.90,0.1075,true,1,1457417
7290108620023,false,יין קפיטל קברנה סובניון יבש אדום 750 מל,יקבי ציון,IL,יין קפיטל קברנה סובנ,מיליליטרים,750.00,"100 מ""ל",false,,49.90,0.0665,true,1,1461928
7290108620030,false,יין קפיטל מרלו יבש אדום 750 מל,יקבי ציון,IL,יין קפיטל מרלו יבש א,מיליליטרים,750.00,"100 מ""ל",false,,49.90,0.0665,true,1,1461929
7290108620054,false,יין אסטייט קברנה סובניון יבש אדום 750 מל,יקבי ציון,IL,יין אסטייט קברנה סוב,מיליליטרים,750.00,"100 מ""ל",false,,39.90,0.0532,true,1,1461930
7290108620108,false,יין אימפריאל קברנה סובניון אדום 750 מל,יקבי ציון,IL,יין אימפריאל קברנה ס,מיליליטרים,750.00,"100 מ""ל",false,,29.90,0.0399,true,1,1461935
7290108620115,false,יין אימפריאל מרלו אדום יבש 750 מל,יקבי ציון,IL,יין אימפריאל מרלו אד,מיליליטרים,750.00,"100 מ""ל",false,,29.90,0.0399,true,1,1461936
7290108620122,false,יין אימפריאל קברנה מרלו אדום יבש 750 מל,יקבי ציון,IL,יין אימפריאל קברנה מ,מיליליטרים,750.00,"100 מ""ל",false,,29.90,0.0399,true,1,1461937
7290108620160,false,יין אימפריאל סובניון בלאן לבן יבש 750 מל,יקבי ציון,IL,יין אימפריאל סובניון,מיליליטרים,750.00,"100 מ""ל",false,,29.90,0.0399,true,1,1461939
7290108620177,false,"יין פאלאס בלנד אדום 750 מ""ל",יקבי ציון,IL,יין פאלאס בלנד אדום,מיליליטרים,750.00,"100 מ""ל",false,,24.90,0.0332,true,1,1461940
7290108620207,false,"יין ריזלינג גוורצטרמינר אימפריאל 750 מ""ל",יקבי ציון,IL,יין אימפריאל ריזלינג,מיליליטרים,750.00,"100 מ""ל",false,,29.90,0.0399,true,1,1461942
7290108620214,false,"יין פאלאס בלנד לבן 750 מ""ל",יקבי ציון,IL,יין פאלאס בלנד לבן 7,מיליליטרים,750.00,"100 מ""ל",false,,24.90,0.0332,true,1,1461943
7290109351025,false,מלך החומוס חומוסטחינה 40% טחינה גולמית,סלטי צבר,IL,צבר חומוס טחינה 400,גרמים,400.00,100 גרם,false,,13.90,0.0348,true,1,1446795
7290109351957,false,פריכיות פיטנס מיני גדולות שוקולד חלב 100ג',סנורייס בלגיום אן. ו,BE,פיטנס פריכיות גדולות,גרמים,100.00,100 גרם,false,,8.50,0.0850,true,1,1446797
7290109351971,false,פריכיות דגנים פיטנס מצופות שוקולד חלב,פרח תעשיות,IL,פיטנס בר פריכיות שוק,גרמים,84.00,100 גרם,false,,11.90,0.1417,true,1,1446798
7290109354972,false,אוסם - פתי בר וניל חלבי ללא גלוטן 200 גרם,מיוצר עי קונדיטוריית,IL,"אסם פתי בר לל""ג קלאס",גרמים,200.00,100 גרם,false,,8.90,0.0445,true,1,1446804
7290109354996,false,פתי בר ללא גלוטן שוקו 200 גרם אסם,מיוצר עי קונדיטוריית,IL,"אסם פתי בר לל""ג שוקו",גרמים,200.00,100 גרם,false,,8.90,0.0445,true,1,1446805
7290109358284,false,"שניצל תירס עם חלבון 664 גר' ""טבעול""",עיצובים 2020 (4.8),IL,טבעול שניצל תירס עם,גרמים,664.00,100 גרם,false,,24.90,0.0375,true,1,1446809
7290109358482,false,עוגיות קרמוגית במילוי קרם בטעם חלבה,"הגביע מוצרי וופלים בע""\מ",IL,אסם קרמוגית במילוי ק,גרמים,200.00,100 גרם,false,,9.90,0.0495,true,1,1446810
7290109580043,false,"שניצל תירס קלאסי זוגלובק 1.75 ק""ג",זוגלובק,IL,שניצל תירס 1.75קג בד,קילוגרמים,1.75,"ק""ג",false,,49.90,28.5143,true,1,1461806
7290109580050,false,נקניקיות צ'וריסוס וונדרס 0% בשר טבעוני ללא גלוטן,"וונדרס ע""י זוגלובק 2000",IL,נקניקיות צ'וריסוס 22,גרמים,226.00,100 גרם,false,,26.90,0.1190,true,1,1472081
7290109580067,false,"טחון וונדרס 0% בשר , טבעוני","וונדרס ע""י זוגלובק 2000",IL,טחון 340גר וונדרס,גרמים,340.00,100 גרם,false,,26.90,0.0791,true,1,1472082
7290109580098,false,קבנוס בטעם סרירצ'ה זוגלובק 135 גרם,זוגלובק,IL,קבנוס טעם סרירצ'ה 13,גרמים,135.00,100 גרם,false,,9.90,0.0733,true,1,1461807
7290109580104,false,רוסטביף פרימיום זוגלובק 150 גרם,זוגלובק,IL,רוסטביף,יח',1.00,יח',false,,22.80,22.8000,true,1,1461808
7290109580111,false,צלעות אסאדו מעושנות פרימיום זוגלובק 120 גרם,זוגלובק,IL,צלעות אסאדו מעושנות,גרמים,120.00,100 גרם,false,,22.80,0.1900,true,1,1461809
7290109580135,false,קורנדביף פרימיום 180 גרם זוגלובק,זוגלובק,IL,זוגלובק פרימיום קורנ,גרמים,180.00,100 גרם,false,,22.80,0.1267,true,1,1461811
7290109580166,false,סרוולד קלאסי פרימיום זוגלובק 150 גרם,זוגלובק,IL,סרוולד קלאסי,יח',1.00,יח',false,,22.80,22.8000,true,1,1461814
7290109580241,false,נאגטס מן הצומח זוגלובק 500 גרם,זוגלובק טבע,IL,נאגטס מן הצומח 500 ג,גרמים,500.00,100 גרם,false,,22.50,0.0450,true,1,1461821
7290109580265,false,זוג חזה הודו בדבש+בקביקיו 600ג רמילוי,,,זוג חזה הודו בדבש+בק,גרמים,600.00,100 גרם,false,,21.90,0.0365,true,1,1477357
7290109580319,false,"בורגר וונדרס 0% בשר , טבעוני",זוגלובק וונדרס Wonders,IL,בורגר 280גר וונדרס,גרמים,280.00,100 גרם,false,,26.90,0.0961,true,1,1472086
7290109580326,false,נקניקיות עוף זוגלובק 800 גרם בית יוסף,זוגלובק,IL,נקניקיות עוף 800 גרם,גרמים,800.00,100 גרם,false,,22.90,0.0286,true,1,1487343
7290109580333,false,סלמי קוניאק רמילוי,,,סלמי קוניאק רמילוי,יחידה,0.00,יחידה,false,,21.90,0.0000,true,1,1477358
7290109580432,false,פסטרמה חזה הודו מעושן דק דק זוגלובק 120 גרם,זוגלובק,IL,פסטרמה מעושנת דק דק,גרמים,120.00,100 גרם,false,,12.90,0.1075,true,1,1477352
7290109580449,false,סלמי בטעם כמהין פרימיום זוגלובק 180 גרם,זוגלובק,IL,סלמי טעם כמהין פרמיו,גרמים,180.00,100 גרם,false,,22.80,0.1267,true,1,1477353
7290109640198,false,מגורדת לפיצה ולאפיה 20% שומן 200 גרם - משומשו,וי גרדן,IL,משומשו מגורדת לפיצה,גרמים,200.00,100 גרם,false,,18.90,0.0945,true,1,1441639
7290109640204,false,גוש בסגנון חלומי 18% משומשו 250 גרם,ויגרדן,IL,משומשו גושים בסגנון,גרמים,250.00,100 גרם,false,,18.90,0.0756,true,1,1486982
7290109640372,false,ממרח זיתים על בסיס קוקוס 9% שומן 200 גרם - משומשו,גן שמואל-תעשיות בריאות,IL,משומשו ממרח זיתים 20,גרמים,200.00,100 גרם,false,,14.90,0.0745,true,1,1441640
7290109640396,false,ממרח שום שמיר על בסיס קוקוס 9% שומן 200 גרם - משומשו,גן שמואל-תעשיות בריאות,IL,משומשו ממרח שום שמיר,גרמים,200.00,100 גרם,false,,14.90,0.0745,true,1,1441642
7290109640402,false,ממרח על בסיס קוקוס 9% שומן 200 גרם - משומשו,גן שמואל-תעשיות בריאות,IL,משומשו ממרח טעם טבעי,גרמים,200.00,100 גרם,false,,14.90,0.0745,true,1,1441643
7290109640464,false,משומשו פתיתים טבעוניים סגנון פרמז'ן 200 גר,גן שמואל-תעשיות בריאות,IL,משומשו פתיתים טבעוני,גרמים,200.00,100 גרם,false,,18.90,0.0945,true,1,1441644
7290109640631,false,לאבנה טבעונית 9% שומן 200 גר' משומשו,"טרופיקל דגיל בע""מ אז",IL,לאבנה טבעונית 200 גר,גרמים,200.00,100 גרם,false,,14.90,0.0745,true,1,1441645
7290109640648,false,ממרח בטעם חמאה 150 גרם - משומשו,גן שמואל-תעשיות בריאות,IL,משומשו ממרח טעם חמאה,גרמים,150.00,100 גרם,false,,11.90,0.0793,true,1,1441646
7290109640778,false,משומשו מאפה בצק פילאס טבעוני מילוי בשר,סנו מפעלי ברונוס.,IL,משומשו מאפה בצק פילא,גרמים,600.00,100 גרם,false,,23.90,0.0398,true,1,1441648
7290109920146,false,"דורגול מסיר אבנית מקומקומים 750 מ""ל",יעקובי דורגול,CH,דורגול מסיר אבנית 75,מיליליטרים,750.00,"100 מ""ל",false,,17.90,0.0239,true,1,1450593
7290109920313,false,"אסטוניש מרסס לניקוי חלונות 750 מ""ל",יעקבי- אסטוניש Astonish,GB,אסטוניש מרסס שמשות 7,מיליליטרים,750.00,"100 מ""ל",false,,11.90,0.0159,true,1,1450595
7290109920597,false,"אסטוניש - מרסס לניקוי המקלחון 750 מ""ל",יעקבי- אסטוניש Astonish,GB,אסטוניש מרסס למקלחון,מיליליטרים,750.00,"100 מ""ל",false,,11.90,0.0159,true,1,1450598
7290109920665,false,"אסטוניש - מרסס מסיר אוכל שרוף במטבח 750 מ""ל",יעקבי- אסטוניש Astonish,GB,אסטוניש מרסס למטבח 7,מיליליטרים,750.00,"100 מ""ל",false,,11.90,0.0159,true,1,1450602
7290109920825,false,צמד-דורגול אספרסו + דורגול מקציף חלב מתנה,יעקובי דורגול,CH,דורגול אספרסו 500 מל,מיליליטרים,500.00,"100 מ""ל",false,,28.90,0.0578,true,1,1450603
7290109920849,false,"אסטוניש - מרסס לניקוי כללי בניחוח תפוז 750 מ""ל",יעקבי- אסטוניש Astonish,GB,אסטוניש מרסס לניקוי,מיליליטרים,750.00,"100 מ""ל",false,,11.90,0.0159,true,1,1450604
7290109920870,false,גל כביסה הפי מיוחד לכביסה שחורה וכהה,יעקובי הפי,BE,הפי ג'ל לכביסה שחורה,ליטרים,1.00,ליטר,false,,14.90,14.9000,true,1,1450606
7290109920917,false,"ג'ל הפי לניקוי האסלה עם כלור 750 מ""ל",וונדפוט,,ג'ל לניקוי האסלה עם,מיליליטרים,750.00,"100 מ""ל",false,,7.80,0.0104,true,1,1450608
7290109921075,false,"נוזל דזיטול מחטא בגדים בכביסה 500 מ""ל",מרקה,BE,דזיטול מחטא בגדים 50,מיליליטרים,500.00,"100 מ""ל",false,,11.90,0.0238,true,1,1516912
7290109921372,false,אסטוניש משחה לניקוי תנורים וגריל+ספוג 250 גר',יעקובי אסטוניש,GB,אסטוניש לתנורים+פרש,יח',1.00,יח',false,,15.90,15.9000,true,1,1450612
7290109921389,false,נוזל מקצועי לניקוי רצפות השיפוצניק יעקבי,יעקובי,TR,שטיפת רצפות לאחר שיפ,יח',1.00,יח',false,,19.90,19.9000,true,1,1450613
7290109921488,false,"דורגול לניקוי וחיטוי מכונת הכביסה יעקבי 500 מ""ל",יעקובי דורגול,DE,דורגול לניקוי מכונת,מיליליטרים,500.00,"100 מ""ל",false,,28.90,0.0578,true,1,1450615
7290109921853,false,אסטוניש המשחה המקורית לניקוי עם עוצמה,יעקבי- אסטוניש Astonish,GB,אסטוניש משחה לניקוי,גרמים,150.00,100 גרם,false,,15.90,0.1060,true,1,1450620
7290109922867,false,2 in 1 - סופרו - ג'ל כביסה מרוכז עם מרכך יעקבי,וונדפוט,BE,ג'ל כביסה סופרו 2ב1,ליטרים,2.50,ליטר,false,,22.90,9.1600,true,1,1450622
7290109922881,false,"דורגול מרסס למטבח 600 מ""ל",יעקובי דורגול,CH,דורגול מרסס למטבח 67,גרמים,670.00,100 גרם,false,,23.90,0.0357,true,1,1509785
7290109923024,false,"אסטוניש מרסס פרימיום ארומטיק למטבח 750 מ""ל",יעקובי אסטוניש,GB,אסטוניש מרסס ארומטיק,מטרים,750.00,100 מ'ל,false,,14.90,0.0199,true,1,1450624
7290109923093,false,"אסטוניש - קרם כיריים הלוגן ומיקרו 500 מ""ל",יעקובי אסטוניש,IL,אסטוניש קרם כיריים ה,גרמים,500.00,100 גרם,false,,14.90,0.0298,true,1,1476968
7290109923130,false,מדליק לפחמים קוביות הפי 24 יח',דה טורן,,הפי מדליק פחמים קובי,גרמים,250.00,100 גרם,false,,9.80,0.0392,true,1,1476970
7290109923147,false,אסטוניש מהדורה פרימיום פלא של אקונומיקה,יעקבי- אסטוניש Astonish,GB,אסטוניש מרסס פלא ואק,מטרים,750.00,100 מ'ל,false,,14.90,0.0199,true,1,1476971
7290110058869,false,שלישית ביצי שוקולד (חלב ישראל) סמי הכבאי (3X24),שמחה זה אנחנו,IT,שלישית ביצי שוקולד (,גרמים,20.00,100 גרם,false,,12.90,0.6450,true,1,1453022
7290110110277,false,"סומרסבי סיידר תפוחים אלכוהולי 4*300 מ""ל","קרלסברג קרואטיה , יב",HR,סומרסבי סיידר 4 בק 3,מיליליטרים,330.00,"100 מ""ל",false,,30.90,0.0936,true,1,1442440
7290110110369,false,"שישייה בירה קרלסברג LUMA בקבוק 330 מ""ל",מבשלות בירה בינלאומיות ב,IL,קרלסברג לומה שישייה,יח',1.00,יח',false,,39.90,39.9000,true,1,1442442
7290110110703,false,מארז ספרייט שישייה פחיות FRIDGE PACK,החברה המרכזית לייצור משק,IL,מארז ספרייט 6 פחיות,ליטרים,1.98,ליטר,false,,21.90,11.0606,true,1,1442453
7290110111809,false,"מארז פחיות פאנטה אורנג' שישייה 330 מ""ל",החברה המרכזית לייצור משק,IL,פאנטה אורנג' מארז פח,יח',1.00,יח',false,,21.90,21.9000,true,1,1442458
7290110113384,false,קוקה קולה זירו מארז רביעיה 1X4 ליטר,החברה המרכזית לייצור משק,IL,קולה זירו רביעייה 1,ליטרים,4.00,ליטר,false,,23.80,5.9500,true,1,1442465
7290110113476,false,בירה קרלסברג ללא אלכוהול - שישייה,קרלסברג רומניהn\יבואן:מב,RO,"קרלסברג 0.0 330 מ""ל",ליטרים,1.98,ליטר,false,,26.90,13.5859,true,1,1442467
7290110114787,false,נביעות+ מים מינרליים בטעם תפוח 1.5 ליטר,נביעות טבע הגליל בעמ,IL,נביעות+ מים מינרליים,ליטרים,1.50,ליטר,false,,8.00,5.3333,true,1,1442484
7290110114794,false,נביעות+ מים מינרליים בטעם אפרסק 1.5 ליטר,"נביעות טבע הגליל בע""\מ ,",IL,נביעות+ מים מינרליים,ליטרים,1.50,ליטר,false,,8.00,5.3333,true,1,1442485
7290110114800,false,נביעות+ מים מינרליים בטעם ענבים 1.5 ליטר,פארייפאבה אגרואינדוס,IL,נביעות+ מים מינרליים,ליטרים,1.50,ליטר,false,,8.00,5.3333,true,1,1442486
7290110114855,false,"נביעות מים מינרליים, שישיה 6 * 1.5 ליטר פקדון",נביעות טבע הגליל בעמ,IL,מים מינרליים נביעות,ליטרים,1.50,ליטר,false,,12.70,8.4667,true,1,1442491
7290110114893,false,פריגת סחוט טרי תפוז 2 ליטר,היינץ צפון אמריקה מק,IL,סחוט תפוז 2לי,ליטרים,2.00,ליטר,false,,27.90,13.9500,true,1,1441893
7290110114909,false,"100% מיץ תפוחים צלול עשוי מרכז, 2 ליטר",היינץ צפון אמריקה מק,IL,סחוט תפוח צלול 2לי,ליטרים,2.00,ליטר,false,,27.90,13.9500,true,1,1441894
7290110114954,false,מיץ תפוזים מתקתקים פריגת 2 ליטר,פריגת מצוננים,IL,תפוזים מתקתק 100% 2ל,ליטרים,2.00,ליטר,false,,21.90,10.9500,true,1,1441896
7290110114961,false,משקה קל תפוזים פריגת 1.5 ליטר,מבשלות בירה בינלאומיות ב,IL,משקה קל תפוזים פריגת,ליטרים,1.50,ליטר,false,,8.50,5.6667,true,1,1442493
7290110114985,false,משקה קל אשכוליות פריגת 1.5 ליטר,מבשלות בירה בינלאומיות ב,IL,משקה קל אשכולית פריג,ליטרים,1.50,ליטר,false,,8.80,5.8667,true,1,1442495
7290110114992,false,משקה קל לייט אשכוליות פריגת 1.5 ליטר,מבשלות בירה בינלאומיות ב,IL,משקה קל לייט אשכולית,ליטרים,1.50,ליטר,false,,8.30,5.5333,true,1,1442496
7290110115005,false,משקה קל ענבים פריגת 1.5 ליטר,מבשלות בירה בינלאומיות ב,IL,משקה קל ענבים פריגת,ליטרים,1.50,ליטר,false,,8.80,5.8667,true,1,1442497
7290110115029,false,"פריגת משק""ל תפוח 1.5 ליטר פיקדון",מבשלות בירה בינלאומיות ב,IL,"משקה משק""ל תפוח פריג",ליטרים,1.50,ליטר,false,,8.80,5.8667,true,1,1442499
7290110115036,false,משקה קל מנגו פריגת 1.5 ליטר,מבשלות בירה בינלאומיות ב,IL,משקה פריגת מנגו 1.5,ליטרים,1.50,ליטר,false,,8.80,5.8667,true,1,1442500
7290110115043,false,משקה קל לימונענע פריגת 1.5 ליטר,מבשלות בירה בינלאומיות ב,IL,משקה לימונענע פריגת,ליטרים,1.50,ליטר,false,,8.80,5.8667,true,1,1442501
7290110115050,false,פריגת מיקס תות בננה 1.5 ליטר פיקדון,מבשלות בירה בינלאומיות ב,IL,משקה פריגת מיקס תות,ליטרים,1.50,ליטר,false,,8.80,5.8667,true,1,1442502
7290110115081,false,פריגת צלול ענבים 1.5 ליטר פיקדון,"מבשלות בירה לישראל בע""\מ",IL,פריגת צלול ענבים 1.5,ליטרים,1.50,ליטר,false,,8.20,5.4667,true,1,1442505
7290110115104,false,פריגת צלול אפרסק 1.5 ליטר פיקדון,מבשלות בירה בינלאומיות ב,IL,פריגת צלול אפרסק 1.5,ליטרים,1.50,ליטר,false,,8.20,5.4667,true,1,1442507
7290110115111,false,פריגת צלול אננס 1.5 ליטר פיקדון,"מבשלות בירה לישראל בע""\מ",IL,פריגת צלול אננס 1.5,ליטרים,1.50,ליטר,false,,8.20,5.4667,true,1,1442508
7290110115128,false,פריגת צלול בטעם לימונענע 1.5 ליטר פיקדון,"מבשלות בירה לישראל בע""\מ",IL,פריגת צלול לימונענע,ליטרים,1.50,ליטר,false,,8.50,5.6667,true,1,1442509
7290110115180,false,מים מינרלים נביעות 1.5 ליטר,"נביעות טבע הגליל בע""",IL,מים מינרליים נביעות,ליטרים,1.50,ליטר,false,,3.10,2.0667,true,1,1442515
7290110115203,false,קוקה קולה 1.5 ליטר פיקדון,החברה המרכזית לייצור משק,IL,קוקה-קולה בקבוק 1.5,ליטרים,1.50,ליטר,false,,8.60,5.7333,true,1,1442517
7290110115210,false,דיאט קוקה קולה 1.5 ליטר פיקדון,החברה המרכזית לייצור משק,IL,קוקה-קולה דיאט בקבוק,ליטרים,1.50,ליטר,false,,8.20,5.4667,true,1,1442518
7290110115227,false,קוקה-קולה זירו בקבוק 1.5 ליטר,החברה המרכזית לייצור משק,IL,קוקה-קולה זירו בקבוק,ליטרים,1.50,ליטר,false,,8.20,5.4667,true,1,1442519
7290110115241,false,קוקה-קולה זירו לימון בקבוק 1.5 ליטר,החברה המרכזית לייצור משק,IL,קוקה-קולה זירו לימון,ליטרים,1.50,ליטר,false,,8.30,5.5333,true,1,1442521
7290110115265,false,ספרייט לימון ליים 1.5 ליטר-,החברה המרכזית לייצור משק,IL,ספרייט ליים 1.5 ליטר,ליטרים,1.50,ליטר,false,,8.90,5.9333,true,1,1442523
7290110115272,false,ZERO ספרייט 1.5 ליטר פיקדון,החברה המרכזית לייצור משק,IL,ספרייט זירו 1.5ליטר,ליטרים,1.50,ליטר,false,,8.30,5.5333,true,1,1442524
7290110115289,false,ספרייט 19 קל' לימון-נענע 1.5 ליטר פיקדון,החברה המרכזית לייצור משק,IL,ספרייט לימון נענע 1.,ליטרים,1.50,ליטר,false,,8.30,5.5333,true,1,1442525
7290110115296,false,משקה מוגז אורנג' פאנטה 1.5 ליטר,החברה המרכזית לייצור משק,IL,משקה מוגז אורנג' פאנ,ליטרים,1.50,ליטר,false,,8.20,5.4667,true,1,1442526
7290110115302,false,משקה מוגז אורנג' זירו פאנטה 1.5 ליטר,החברה המרכזית לייצור משק,IL,משקה מוגז אורנג' זיר,ליטרים,1.50,ליטר,false,,8.20,5.4667,true,1,1442527
7290110115319,false,פאנטה אקזוטיק 1.5 ליטר פיקדון,החברה המרכזית לייצור משק,IL,פאנטה אקזוטיק 1.5 לי,ליטרים,1.50,ליטר,false,,8.20,5.4667,true,1,1442528
7290110115340,false,פאנטה ענבים 1.5 ליטר פיקדון,החברה המרכזית לייצור משק,IL,פאנטה ענבים 1.5 ליטר,ליטרים,1.50,ליטר,false,,8.20,5.4667,true,1,1442531
7290110115364,false,שישייה קוקה קולה 1.5 ליטר פיקדון,החברה המרכזית לייצור משק,IL,קוקה קולה 6*1.5 ליטר,ליטרים,9.00,ליטר,false,,49.30,5.4778,true,1,1442533
7290110115371,false,דיאט קוקה קולה שישיות 1.5 ליטר פיקדון,החברה המרכזית לייצור משק,IL,קוקה קולה דייט 6*1.5,ליטרים,9.00,ליטר,false,,46.10,5.1222,true,1,1442534
7290110115388,false,ספרייט ליים שישיות 1.5 ליטר פיקדון,החברה המרכזית לייצור משק,IL,ספרייט ליים שישייה 1,ליטרים,9.00,ליטר,false,,44.90,4.9889,true,1,1442535
7290110115395,false,ZERO ספרייט שישיות 1.5 ליטר פיקדון,החברה המרכזית לייצור משק,IL,ספרייט זירו שישייה 1,ליטרים,9.00,ליטר,false,,42.90,4.7667,true,1,1442536
7290110115401,false,קינלי סודה שישייה 1.5 ליטר פיקדון,החברה המרכזית לייצור משק,IL,קינלי סודה שישייה 1.,ליטרים,9.00,ליטר,false,,14.70,1.6333,true,1,1442537
7290110115418,false,מארז שישייה קוקה קולה זירו 1.5 ל',החברה המרכזית לייצור משק,IL,קוקה קולה זירו 6*1.5,ליטרים,9.00,ליטר,false,,46.10,5.1222,true,1,1442538
7290110115425,false,FUZE TEA גרין לימונענע -נענע 1.5 ליטר פיקדון,מבשלות בירה בינלאומיות ב,IL,פיוז-טי בטעם לימון נ,ליטרים,1.50,ליטר,false,,8.90,5.9333,true,1,1442539
7290110115449,false,אייס תה בטעם מנגו אננס 1.5ל' FUZE TEA,מבשלות בירה בינלאומיות ב,IL,פיוז-טי בטעם מנגו אנ,ליטרים,1.50,ליטר,false,,8.90,5.9333,true,1,1442541
7290110115456,false,"תה קר בטעם אפרסק 19 קלוריות ב- 100 מ""ל",מבשלות בירה בינלאומיות ב,IL,פיוז-טי בטעם אפרסק 1,ליטרים,1.50,ליטר,false,,8.90,5.9333,true,1,1442542
7290110115463,false,פיוז טי אפרסק 1.5 ליטר פיקדון,מבשלות בירה בינלאומיות ב,IL,פיוז-טי בטעם אפרסק 1,ליטרים,1.50,ליטר,false,,8.60,5.7333,true,1,1442543
7290110115494,false,תה קר בטעם ענבים פיוז טי 1.5 ליטר,מבשלות בירה בינלאומית בע,IL,תה קר בטעם ענבים פיו,ליטרים,1.50,ליטר,false,,8.90,5.9333,true,1,1442546
7290110115531,false,משקה מוגז תפוח זירו פאנטה 1.5 ליטר,החברה המרכזית לייצור משק,IL,משקה מוגז תפוח זירו,ליטרים,1.50,ליטר,false,,8.20,5.4667,true,1,1442549
7290110115586,false,פריגת תפוזים 40% פחות סוכר 1.5 ליטר פיקדון,מבשלות בירה בינלאומיות ב,IL,פריגת תפוזים 40% פחו,ליטרים,1.50,ליטר,false,,8.30,5.5333,true,1,1442554
7290110115593,false,פריגת אשכוליות 40% פחות סוכר 1.5 ליטר פיקדון,מבשלות בירה בינלאומיות ב,IL,פריגת אשכוליות 40% פ,ליטרים,1.50,ליטר,false,,8.30,5.5333,true,1,1442555
7290110115623,false,משקה פיוז טי זירו ZERO בטעם אפרסק,מבשלות בירה בינלאומיות ב,IL,פיוז-טי זירו אפרסק 1,ליטרים,1.50,ליטר,false,,8.90,5.9333,true,1,1442558
7290110115838,false,ספרייט לימון- ליים 1.5 ליטר,"אינסטנטה בע""מ",IL,ספרייט זירו 1.5ליטר,ליטרים,1.50,ליטר,false,,8.30,5.5333,true,1,1488512
7290110115845,false,קוקה קולה 1.5 ליטר פיקדון,"אינסטנטה בע""מ",IL,קוקה-קולה בקבוק 1.5,ליטרים,1.50,ליטר,false,,8.60,5.7333,true,1,1442559
7290110115869,false,קוקה קולה זירו 1.5 ליטר פיקדון,תות תעשיות מזון (201,IL,קוקה קולה זירו 1.5 ל,מטרים,1500.00,100 מ'ל,false,,8.20,0.0055,true,1,1442560
7290110116064,false,פאנטה ZERO פירות ירוק 1.5 ליטר פיקדון,החברה המרכזית לייצור משק,IL,זירו פאנטה 1.5 ליטר,ליטרים,1.50,ליטר,false,,8.20,5.4667,true,1,1476689
7290110116125,false,"סירופ בטעם פטל פריגת 750 מ""ל",סירופ - גבעת חיים,IL,סירופ פטל 750 מל,מטרים,750.00,100 מ'ל,false,,22.90,0.0305,true,1,1489011
7290110116132,false,"סירופ בטעם לימון פריגת 750 מ""ל",סירופ - גבעת חיים,IL,סירופ לימון 750 מל,מטרים,750.00,100 מ'ל,false,,22.90,0.0305,true,1,1489012
7290110116149,false,"סירופ בטעם ענבים פריגת 750 מ""ל",סירופ - גבעת חיים,IL,סירופ ענבים 750 מל,מטרים,750.00,100 מ'ל,false,,22.90,0.0305,true,1,1489013
7290110116194,false,נביעות+ סדרת 0 קלוריות לימון-ליים 1.5 ליטר,"נביעות טבע הגליל בע""\מ",IL,נביעות+ סדרת 0 קלורי,ליטרים,1.50,ליטר,false,,8.60,5.7333,true,1,1489762
7290110116491,false,פריגת סחוט מיקס אפרסק משמש 1ליטר,פריגת מצוננים,IL,פריגת מיקס אפרסק משמ,ליטרים,1.00,ליטר,false,,15.40,15.4000,true,1,1481645
7290110116507,false,פריגת סחוט מיקס אננס בננה אגס 1ליטר,פריגת מצוננים,IL,פריגת מיקס אננס בננה,ליטרים,1.00,ליטר,false,,15.40,15.4000,true,1,1481646
7290110116552,false,ספרייט לימון היט 1.5 ליטר LIME פיקדון,החברה המרכזית לייצור משק,IL,ספרייט למון היט 1.5,ליטרים,1.50,ליטר,false,,8.90,5.9333,true,1,1511887
7290110116569,false,"ספרייט זירו ZERO בק LEMON HIT, 1.5 ליטר",החברה המרכזית לייצור משק,IL,זירו ספרייט למון היט,ליטרים,1.50,ליטר,false,,8.30,5.5333,true,1,1511888
7290110320591,false,גבינה בולגרית במרקם מעודן 16% פיראוס,תנובה חלב,IL,בולגרית מעודנת 16% 2,גרמים,250.00,100 גרם,false,,19.90,0.0796,true,1,1443650
7290110320683,false,שמיניית משקה יוגורט 1.5% טעם תות יופלה 107 גרם,מיוצר עי קונדיטוריית,IL,משקה יופלה שמינייה,מיליליטרים,856.00,"100 מ""ל",false,,15.90,0.0186,true,1,1443651
7290110320867,false,פתיתים גבינה חצי קשה מגורדת 28% שומן,תנובה מרכז שיתופי לש,IL,פתיתי עמק 28% שומן,גרמים,500.00,100 גרם,false,,28.90,0.0578,true,1,1443655
7290110320935,false,גבינת מוצרלה תנובה 150ג' פרוסות,תנובה מרכז שיתופי לש,IL,פרוסות מוצרלה 150 גר,גרמים,150.00,100 גרם,false,,15.90,0.1060,true,1,1443656
7290110321277,false,קוטג' בקטנה 5% תנובה 100 גרם מהדרין,פארייפאבה אגרואינדוס,IL,קוטג' בקטנה 100 גרם,גרמים,100.00,100 גרם,false,,2.30,0.0230,true,1,1443661
7290110321284,false,קוטג' בקטנה 9% תנובה 100 גרם מהדרין,פארייפאבה אגרואינדוס,IL,קוטג' בקטנה 100 גרם,גרמים,100.00,100 גרם,false,,2.30,0.0230,true,1,1443662
7290110321604,false,קוביות פיראוס בולגרית מעודנת 5% 200 גרם - רבנות,תנובה חלב,IL,קוביות בולגרית מעודנ,גרמים,230.00,100 גרם,false,,19.90,0.0865,true,1,1443665
7290110321680,false,יוגורט GO בטעם תות 20 גרם חלבון בגביע,מיוצר עי קונדיטוריית,IL,יופלה GO יוגורט מועש,מיליליטרים,200.00,"100 מ""ל",false,,5.50,0.0275,true,1,1443666
7290110321697,false,יוגורט GO בטעם אפרסק 20 גרם חלבון בגביע,מיוצר עי קונדיטוריית,IL,יופלה GO יוגורט מועש,מיליליטרים,200.00,"100 מ""ל",false,,5.50,0.0275,true,1,1443667
7290110321703,false,יוגורט עם פירות יער בתוספת חלבוני חלב 2% שומן,מיוצר עי קונדיטוריית,IL,יופלה גו פירות יער,מיליליטרים,200.00,"100 מ""ל",false,,5.50,0.0275,true,1,1443668
7290110322014,false,טופו בטעם טבעי תנובה ALTERNATIVE,שוורצקוף& הנקל דיסלד,IL,טופו טבעי,גרמים,300.00,100 גרם,false,,11.80,0.0393,true,1,1443671
7290110322021,false,"תנובה טופו בזיליקום 300 גר' בד""צ",שוורצקוף& הנקל דיסלד,IL,טופו בזיליקום,גרמים,300.00,100 גרם,false,,11.80,0.0393,true,1,1443672
7290110322038,false,טופו פיקנטי תנובה ALTERNATIVE,שוורצקוף& הנקל דיסלד,IL,טופו פיקנטי,גרמים,300.00,100 גרם,false,,11.80,0.0393,true,1,1443673
7290110322946,false,יופלה טיוב יוגורט במרקם חלק בטעם תות בננה כשרות רבנות 348 ג',תנובה חלב,IL,יופלה טיוב יוגורט במ,גרמים,348.00,100 גרם,false,,9.90,0.0284,true,1,1443674
7290110323073,false,"משקה יוגורט יופלה גו תות פטל 250 מ""ל - רבנות",מיוצר עי קונדיטוריית,IL,משקה יוגורט GO מועשר,מיליליטרים,250.00,"100 מ""ל",false,,5.90,0.0236,true,1,1443676
7290110323097,false,מעדן גבינה עם תות 5% שומן 80 ג' תנובה,תנובה בעמ,IL,תאומים גביע - 80 גר',יח',1.00,יח',false,,1.80,1.8000,true,1,1443677
7290110323301,false,טל העמק בסגנון אמנטל 32% שומן 200 גרם,פ.פ.ח. שאביט,IL,גבינת טל העמק 32% 20,גרמים,200.00,100 גרם,false,,17.90,0.0895,true,1,1443680
7290110323585,false,יופלה יוגורט עם דובדבן מופחת קלוריות 200 ג' GO,יופלה Yoplait,IL,יוגורט גו דובדבן 200,מיליליטרים,200.00,"100 מ""ל",false,,5.50,0.0275,true,1,1443682
7290110323592,false,יופלה יוגורט עם אפרסק מופחת קלוריות 200 ג' GO,יופלה Yoplait,IL,יוגורט גו 200 מל,מיליליטרים,200.00,"100 מ""ל",false,,5.50,0.0275,true,1,1443683
7290110323714,false,משקה קוקוס שקדים תנובה E אלטרנטיב,מיוצר עי קונדיטוריית,IL,משקה קוקוס שקדים,יח',1.00,יח',false,,11.60,11.6000,true,1,1443688
7290110324070,false,גבינת חלומי מחלב בקר תנובה 200 גרם,"תנובה בע""\מ",IL,גבינת חלומי מחלב בקר,גרמים,200.00,100 גרם,false,,16.90,0.0845,true,1,1443693
7290110324353,false,יוגורט GO לייט בטעם אננס 20 גרם חלבון בגביע,מיוצר עי קונדיטוריית,IL,יופלה גו לייט אננס,יח',1.00,יח',false,,5.50,5.5000,true,1,1443695
7290110324551,false,יופלה טיוב יוגורט במרקם חלק תות כשרות מהדרין,"תנובה בע""\מ",IL,יופלה טיוב יוגורט תו,גרמים,348.00,100 גרם,false,,9.90,0.0284,true,1,1443699
7290110324711,false,ממרח סויה 9% שומן בטעם טבעי תנובה 250 גרם,מיוצר עי קונדיטוריית,IL,ממרח סויה 9% טבעי,גרמים,250.00,100 גרם,false,,7.90,0.0316,true,1,1443703
7290110324728,false,ממרח סויה 9% שומן עם שום שמיר תנובה 250 גרם,מיוצר עי קונדיטוריית,IL,ממרח סויה 9% שום שמי,גרמים,250.00,100 גרם,false,,7.90,0.0316,true,1,1443704
7290110324841,false,מעדן שקדים עם שוקולד מריר תנובה 125 גרם,מיוצר עי קונדיטוריית,IL,מעדן שקדים ושוקולדמר,גרמים,125.00,100 גרם,false,,3.90,0.0312,true,1,1443706
7290110324858,false,מעדן שקדים בטעם אגוזי לוז תנובה 125 גרם,מיוצר עי קונדיטוריית,IL,מעדן שקדים ואגוזי לו,גרמים,125.00,100 גרם,false,,3.90,0.0312,true,1,1443707
7290110324872,false,גבינה צהובה גלבוע 5% שומן 200 גרם,גלבוע - תנובה,IL,גלבוע 5% 200 גרם.,גרמים,200.00,100 גרם,false,,17.90,0.0895,true,1,1443708
7290110324926,false,משקה סויה ללא תוספת סוכר E אלטרנטיב,תנובה מרכז שיתופי לש,IL,"משקה סויה לל""ס",ליטרים,1.00,ליטר,false,,9.90,9.9000,true,1,1443709
7290110325084,false,מאגדת שמינייה מיני קרלו שוניל 8*100גרם,"תנובה בע""\מ",IL,מאגדת שמינייה מיני ק,מיליליטרים,800.00,"100 מ""ל",false,,13.90,0.0174,true,1,1443710
7290110325114,false,"משקה יוגורט יופלה גו לייט תות בננה 250 מ""ל - רבנות",מיוצר עי קונדיטוריית,IL,משקה יוגורט גו לייט,מיליליטרים,250.00,"100 מ""ל",false,,5.90,0.0236,true,1,1443711
7290110325121,false,"משקה יוגורט יופלה גו לייט מנגו אננס 250 מ""ל","תנובה בע""\מ",IL,משקה יוגורט גו לייט,מיליליטרים,250.00,"100 מ""ל",false,,5.90,0.0236,true,1,1443712
7290110325169,false,פרוסות גאודה תנובה 170 גרם,תנובה חלב,IL,פרוסות גאודה 170 גר,גרמים,170.00,100 גרם,false,,16.90,0.0994,true,1,1443713
7290110325305,false,יופלה GO סויה 20 גרם חלבון במתיקות מעודנת תנובה 200 גרם,מיוצר עי קונדיטוריית,IL,מעדן סויה גו 20% חלב,מיליליטרים,200.00,"100 מ""ל",false,,5.50,0.0275,true,1,1443715
7290110325312,false,יופלה GO סויה 20 גרם חלבון בטעם תות תנובה 200 גרם,"תנובה בע""\מ",IL,מעדן סויה גו 20% חלב,מיליליטרים,200.00,"100 מ""ל",false,,5.50,0.0275,true,1,1443716
7290110325510,false,יופלה טיוב יוגורט במרקם חלק בטעם וניל-יוניקור,"תנובה בע""\מ",IL,יופלה יוגורט טעם וני,גרמים,348.00,100 גרם,false,,9.90,0.0284,true,1,1443719
7290110325619,false,משקה שיבולת שועל תנובה E אלטרנטיב,מיוצר עי קונדיטוריית,IL,משקה שיבולת שועל 1 ל,מטרים,1000.00,100 מ'ל,false,,11.60,0.0116,true,1,1443720
7290110325701,false,פיראוס צזיקי יווני 9% שומן בשיטת יצור מסורתית על בסיס יוגורט,גוד פוד פרודקטס S.p,IL,פיראוס צזיקי יווני 9,גרמים,250.00,100 גרם,false,,11.90,0.0476,true,1,1443723
7290110325879,false,פתיתי גאודה תנובה 200 גרם,תנובה- השף הלבן,IL,פתיתי גאודה 200 גר,גרמים,200.00,100 גרם,false,,15.90,0.0795,true,1,1443724
7290110325893,false,משקה חלב GO מועשר בחלבון בטעם אייס קפה,מיוצר עי קונדיטוריית,IL,תנובה GO אייס קפה 34,מיליליטרים,340.00,"100 מ""ל",false,,6.90,0.0203,true,1,1443726
7290110326210,false,יופלה און טופ פצפוצים תנובה 157 גרם,מיוצר עי קונדיטוריית,IL,יופלה און טופ פצפוצי,גרמים,157.00,100 גרם,false,,4.70,0.0299,true,1,1443731
7290110326227,false,יופלה און טופ קורנפלקס תנובה 157 גרם,מיוצר עי קונדיטוריית,IL,יופלה און טופ קורנפל,גרמים,157.00,100 גרם,false,,4.70,0.0299,true,1,1443732
7290110326234,false,יופלה און טופ כוכבים תנובה 157 גרם,מיוצר עי קונדיטוריית,IL,יופלה און טופ כוכבים,גרמים,157.00,100 גרם,false,,4.70,0.0299,true,1,1443733
7290110326241,false,יופלה און טופ גרנולה תנובה 157 גרם,מיוצר עי קונדיטוריית,IL,יופלה און טופ גרנולה,גרמים,157.00,100 גרם,false,,4.70,0.0299,true,1,1443734
7290110326333,false,פרוסות גבינה סקנדינבית תנובה 170 גרם,פ.פ.ח. שאביט,IL,פרוסות גבינה סקנדינב,גרמים,200.00,100 גרם,false,,17.50,0.0875,true,1,1443735
7290110326906,false,חלב נטול לקטוז 3% שומן תנובה 1 ליטר,מיוצר עי קונדיטוריית,IL,חלב נטול לקטוז 3% 1,יח',1.00,יח',false,,7.20,7.2000,true,1,1443751
7290110326982,false,משקה חלב עם שוקולד קלאסי YOLO 1 ליטר,תנובה מרכז שיתופי לש,IL,משקה חלב יולו שוקולד,מטרים,1000.00,100 מ'ל,false,,11.80,0.0118,true,1,1443755
7290110326999,false,"משקאות חלב+שוקולד קלאסי 340 מ""ל YOLO בקבוק.",תנובה חלב,IL,משקה חלב יולו שוקולד,מיליליטרים,340.00,"100 מ""ל",false,,6.50,0.0191,true,1,1443756
7290110327033,false,משקה סויה תנובה גו מועשר בחלבון במתיקות מופחתת,מיוצר עי קונדיטוריית,IL,משקה סויה גו מועשר ח,יח',1.00,יח',false,,11.60,11.6000,true,1,1443759
7290110327514,false,alternative משקה שיבולת שועל בטעם אגוזי לוז תנובה 1 ליטר,תנובה מרכז שיתופי לש,IL,משקה שיבולת שועל טעם,מטרים,1000.00,100 מ'ל,false,,11.60,0.0116,true,1,1443779
7290110327545,false,יופלה און טופ בטעם תות בתוספת פצפוצים מצופים שוקולד 157 גרם,מיוצר עי קונדיטוריית,IL,יופלה און טופ תות ופ,גרמים,157.00,100 גרם,false,,4.70,0.0299,true,1,1443782
7290110327798,false,חטיף חלבון GO - שוקולד 60 ג' חלב נוכרי - רבנות,"בלמונט קונפקציות בע""\מ.",US,חטיף חלבון גו שוקולד,יח',1.00,יח',false,,11.90,11.9000,true,1,1460545
7290110327804,false,חטיף חלבון GO - עוגיות 60 ג' חלב נוכרי - רבנות,"בלמונט קונפקציות בע""\מ.",US,חטיף חלבון גו עוגיות,יח',1.00,יח',false,,11.90,11.9000,true,1,1460546
7290110327811,false,חטיף חלבון GO - קוקוס 60 ג' חלב נוכרי - רבנות,"בלמונט קונפקציות בע""\מ.",US,חטיף חלבון גו קוקוס,יח',1.00,יח',false,,11.90,11.9000,true,1,1460547
7290110327828,false,חטיף חלבון GO - חמאת בוטנים 60 ג' חלב נוכרי - רבנות,"בלמונט קונפקציות בע""\מ.",US,חטיף חלבון גו חמאת ב,יח',1.00,יח',false,,11.90,11.9000,true,1,1460548
7290110328092,false,פיראוס פטה יוונית קוביות 21% שומן 150 גרם,דודוני תעשיית החלב החקלא,GR,פיראוס פטה יוונית קו,יח',1.00,יח',false,,16.90,16.9000,true,1,1443795
7290110328474,false,גבינת פרמג'יאנו רג'יאנו 30% מחלב בקר,מנדלז סי.אר. פרודקשן,IT,פלח פרמג'נו רג'יאנו,גרמים,150.00,100 גרם,false,,25.90,0.1727,true,1,1443812
7290110328504,false,טריו - מיקס גבינות מוצרלה סקנדינבית וגאודה 300 גרם,מיוצר עי קונדיטוריית,IL,מיקס מוצרלה סדנדינבי,גרמים,300.00,100 גרם,false,,25.90,0.0863,true,1,1443814
7290110328627,false,יוגורט יופלה GO במרקם סמיך בטעם בננה קרמל 0%,מיוצר עי קונדיטוריית,IL,יופלה GO יוגורט סמיך,מיליליטרים,200.00,"100 מ""ל",false,,5.50,0.0275,true,1,1443819
7290110328641,false,alternative טופו טבעי תנובה 2*250 גרם,תנובה חלב,IL,טופו טבעי 2* 500גר,גרמים,500.00,100 גרם,false,,16.90,0.0338,true,1,1443820
7290110328764,false,יוגורט יופלה GO במרקם סמיך עם תות 0%,מיוצר עי קונדיטוריית,IL,יופלה יוגורט גו קרמי,מיליליטרים,200.00,"100 מ""ל",false,,5.50,0.0275,true,1,1443823
7290110328771,false,יוגורט יופלה GO במרקם סמיך עם פירות יער 0%,מיוצר עי קונדיטוריית,IL,יופלה יוגורט גו קרמי,מיליליטרים,200.00,"100 מ""ל",false,,5.50,0.0275,true,1,1443824
7290110328788,false,יוגורט יופלה GO במרקם סמיך בטעם אפרסק 0%,תנובה מרכז שיתופי לש,IL,יופלה יוגורט גו קרמי,מיליליטרים,200.00,"100 מ""ל",false,,5.50,0.0275,true,1,1443825
7290110328887,false,"חלב תנובה בקבוק 3%, כשרות מהדרין, 1 ליטר",הפריט בפיקוח,IL,חלב תנובה 3% מהדרין,מטרים,1000.00,100 מ'ל,false,,6.20,0.0062,true,1,1443828
7290110328955,false,קוביות גבינת עזים בשמן מתובל פיראוס 350 גרם,דודוני תעשיית החלב החקלא,GR,קוביות גבינת עיזים ב,גרמים,350.00,100 גרם,false,,23.90,0.0683,true,1,1443832
7290110329136,false,מעדן חלב מעושר בחלבון בטעם שוקולד 120 ג' GO,תנובה מרכז שיתופי לש,IL,מעדן גו טעם שוקולד 1,גרמים,120.00,100 גרם,false,,4.50,0.0375,true,1,1443833
7290110329143,false,מעדן חלב מעושר בחלבון בטעם וניל גביע 120 ג' GO,תנובה מרכז שיתופי לש,IL,מעדן גו טעם וניל 12ג,גרמים,120.00,100 גרם,false,,4.50,0.0375,true,1,1443834
7290110329266,false,יוגורט תנובה מחלב עיזים מלא תנובה 140 ג',קריות זול,IL,יוגורט מחלב עיזים מל,גרמים,140.00,100 גרם,false,,4.90,0.0350,true,1,1443843
7290110329273,false,יוגורט תנובה מחלב עיזים מלא 750 גרם,תנובה,IL,יוגורט מחלב עיזים מל,גרמים,750.00,100 גרם,false,,18.90,0.0252,true,1,1443844
7290110329303,false,פרוסות בטעם צהובה קלאסית אלטרנטיב 200 גר,תנובה Alternative,IL,פרוסות טעם צהובה 200,גרמים,200.00,100 גרם,false,,22.90,0.1145,true,1,1443845
7290110329433,false,טופו טבעי עם רוטב סצ'ואן אלטרנטיב 250 גרם,תנובה חלב,IL,טופו טבעי 250 גר +רו,גרמים,310.00,100 גרם,false,,12.80,0.0413,true,1,1476709
7290110329686,false,"משקה חלב גו בטעם עוגיות 340 מ""ל",מיוצר עי קונדיטוריית,IL,תנובה GO טעם עוגיות,מיליליטרים,340.00,"100 מ""ל",false,,6.90,0.0203,true,1,1443857
7290110329716,false,משקה חלב קר בטעם קפוצ'ינו 230 גרם תנובה,תנובה מרכז שיתופי לש,IL,משקה קפה קר בטעם קפו,מטרים,230.00,100 מ'ל,false,,6.90,0.0300,true,1,1476710
7290110329723,false,משקה חלב קר בטעם לאטה 230 גרם תנובה,תנובה מרכז שיתופי לש,IL,משקה קפה קר בטעם לאט,מטרים,230.00,100 מ'ל,false,,6.90,0.0300,true,1,1476711
7290110329730,false,"משקה חלב עם שוקולד וקפה בסגנון לאטה 2.7%  230 מ""ל תנובה",תנובה מרכז שיתופי לש,IL,משקה קפה קר שוקולד ו,מטרים,230.00,100 מ'ל,false,,6.90,0.0300,true,1,1476712
7290110329792,false,יוגורט סויה BIO Alternative אפרסק 150 ג' תנובה,מיוצר עי קונדיטוריית,IL,סויה ביו אפרסק גביע,גרמים,150.00,100 גרם,false,,4.20,0.0280,true,1,1443862
7290110329808,false,יוגורט סויה BIO Alternative תות 150 ג' תנובה,מיוצר עי קונדיטוריית,IL,סויה ביו תות גביע 15,גרמים,150.00,100 גרם,false,,4.20,0.0280,true,1,1443863
7290110329815,false,סויה BIO מתיקות מעודנת גביע 150 גרם אלטרנטיב,מיוצר עי קונדיטוריית,IL,סויה ביו מתיקות מעוד,גרמים,150.00,100 גרם,false,,4.20,0.0280,true,1,1443864
7290110329822,false,יוגורט סויה BIO Alternative פירות יער 150 ג' תנובה,מיוצר עי קונדיטוריית,IL,סויה ביו פירות יער ג,גרמים,150.00,100 גרם,false,,4.20,0.0280,true,1,1443865
7290110329846,false,יוגורט סויה BIO Alternative בטעם טבעי 150 ג' תנובה,מיוצר עי קונדיטוריית,IL,סויה ביו טבעי גביע 1,גרמים,150.00,100 גרם,false,,4.20,0.0280,true,1,1443867
7290110329914,false,מאגדת משקה שיבולת שועל ושקדים 100 גרם*6 יח' ביו אלטרנטיב,תנובה מרכז שיתופי לש,IL,מאגדת משקה שיבולת שו,גרמים,618.00,100 גרם,false,,18.90,0.0306,true,1,1476713
7290110472016,false,כבל מטאלי 2 מטר שחורTYPE C,Unknown,,כבל 2מטר TYPE C,יח',1.00,יח',false,,29.90,29.9000,true,1,1458358
7290110472436,false,שקע קיר 2.1 אמפר,,,שקע קיר 2.1 אמפר,יח',1.00,יח',false,,29.90,29.9000,true,1,1458361
7290110472467,false,מתאם למצת TYPE C + כבל טעינה 1.5 מטר,Unknown,,מתאם למצת TYPE C + כ,יח',1.00,יח',false,,29.90,29.9000,true,1,1458362
7290110472474,false,מתאם קיר TYPE C + כבל טעינה 1.5 מטר,Unknown,,מתאם קיר TYPE C + כב,יח',1.00,יח',false,,39.90,39.9000,true,1,1458363
7290110474256,false,כבל 2 מטר aux iron m,Unknown,,כבל aux iron man,יח',1.00,יח',false,,39.90,39.9000,true,1,1458375
7290110475932,false,זרוע לרכב למזגן FIRM,Unknown,,מעמד מגנטי למזגן,יח',1.00,יח',false,,39.90,39.9000,true,1,1458395
7290110476601,false,כבל מטאל טייפ סי,Unknown,,כבל מטאל טייפ סי,יח',1.00,יח',false,,29.90,29.9000,true,1,1458399
7290110476625,false,כבל IN CHARGE אייפון,Unknown,,כבל IN CHARGE אייפון,יח',1.00,יח',false,,29.90,29.9000,true,1,1458401
7290110476656,false,כבל טעינה טייפ סי לטייפ סי,Unknown,,כבל טעינה טייפ סי לט,יח',1.00,יח',false,,29.90,29.9000,true,1,1458404
7290110550226,false,מטבעות שוקולד מריר לאפיה 400 גרם עלית,"פוליבה בע""\מ",IL,מטבעות שוקולד מריר ל,גרמים,400.00,100 גרם,false,,24.90,0.0622,true,1,1445746
7290110550363,false,"פריכיות משולשות תירס, אורז שיבולת שועל, קינואה",אנרג'י Energy - שטראוס,IL,פריכיות משולשות קינו,גרמים,65.00,100 גרם,false,,8.90,0.1369,true,1,1445747
7290110550370,false,פריכיות משולשות קינואה ופלפל שחור 65 גרם,שטראוס גרופ,IL,משולשות קינואה ופלפל,גרמים,65.00,100 גרם,false,,8.90,0.1369,true,1,1502036
7290110552121,false,יוגורט 5% בתוספת סידן וויטמין D היוגורט הראשון שלי,תנובה מרכז שיתופי לש,IL,דנונה היוגורט הראשון,מיליליטרים,100.00,"100 מ""ל",false,,2.20,0.0220,true,1,1454730
7290110552220,false,יוגורט PRO בטעם תות 0% סוכר לבן 20 גרם חלבון בגביע,"שטראוס בריאות בע""\מ",IL,דנונה פרו 20 גרם ללא,מטרים,200.00,100 מ'ל,false,,5.90,0.0295,true,1,1454731
7290110552237,false,יוגורט פרו בטעם אפרסק מנגו ללא סוכר 200 ג' דנונה,"שטראוס בריאות בע""\מ",IL,"דנונה פרו 20 גרם לל""",מטרים,200.00,100 מ'ל,false,,5.90,0.0295,true,1,1454732
7290110553029,false,"אנרג'י קריספס-פריכיות חומוס, עדשים ואפונה עם קייל וסלק","פרח תעשיו מזון בע""מ",IL,פריכיות חלבון קייל ח,גרמים,60.00,100 גרם,false,,8.90,0.1483,true,1,1445765
7290110553036,false,קריספס-פריכיות עם אפונה ובטטה סגולה בטעם בצל מקורמל,"פרח תעשיו מזון בע""מ",IL,פריכיות חלבון בטטה ס,גרמים,60.00,100 גרם,false,,8.90,0.1483,true,1,1445766
7290110553104,false,נסקפה קפוצ'ינו סטיק קלאסי 130 ג' עלית,מוקטה אס.פי,PL,קפוצ'ינו סטיק קלאסי,גרמים,130.00,100 גרם,false,,15.90,0.1223,true,1,1514471
7290110553135,false,נסקפה קפוצ'ינו סטיק וניל 130 ג' עלית,מוקטה אס.פי,PL,קפוצ'ינו סטיק וניל 1,גרמים,130.00,100 גרם,false,,15.90,0.1223,true,1,1514446
7290110553173,false,אנרגי פריכיות אורז בטעם קרמל 50 גרם,סאנורייס בלגיום,IL,אנרגי פריכיות בטעם ק,גרמים,40.00,100 גרם,false,,5.90,0.1475,true,1,1502037
7290110553623,false,צ'יטוס קראנצ'י בטעם צ'דר חלפיניו - חלבי,"שטראוס פריטו ליי בע""\מ )",IL,ציטוס קראנצ צ'דר חלפ,גרמים,80.00,גרם,false,,4.20,0.0525,true,1,1476972
7290110554101,false,"סירופ מייפל בפאוץ' יד מרדכי 125 מ""ל",ציטדל,CA,מייפל בפאוץ 125 מל,מטרים,125.00,100 מ'ל,false,,17.90,0.1432,true,1,1476799
7290110554262,false,חלבית מלבין קפה חלבי 350 ג' עלית,מוקטה אס.פי.,PL,חלבית חדש 350 גר,גרמים,350.00,100 גרם,false,,19.90,0.0569,true,1,1445774
7290110554422,false,פומודורו רוטב עגבניות ופלפלים לשקשוקה לפסטה יד מרדכי 350 גרם,אמיליאנה קונסרב סוסייטה,IT,רוטב עגבניות ופלפלים,מטרים,350.00,100 מ'ל,false,,10.90,0.0311,true,1,1445775
7290110554583,false,מארז חטיפי צ'יטוס פאפס בטעם גבינה - 10 יחידות,"שטראוס פריטו ליי בע""\מ )",IL,מארז ציטוס טעם גבינה,גרמים,236.00,100 גרם,false,,12.90,0.0547,true,1,1450735
7290110554705,false,קפסולות נספרסו לקפה יוניקו סדרת בתי הקלייה 10יח,שטראוס קפה בי.וי.,IL,קפה עלית קפסולות קפה,גרמים,50.00,100 גרם,false,,16.90,0.3380,true,1,1509393
7290110554712,false,"קפסולות קפה אספרסו קלייה איטית ובהירה, 10 * 50 ג'",שטראוס קפה בי.וי.,IL,קפה עלית קפסולות קפה,גרמים,50.00,100 גרם,false,,16.90,0.3380,true,1,1509394
7290110554729,false,קפסולות עלית אספרסו 04 תואמות למכונות NESPRESSO,שטראוס קפה בי.וי.,IL,עלית קפסולות אספרסו,גרמים,50.00,100 גרם,false,,15.90,0.3180,true,1,1445776
7290110555078,false,לאבנה עם שמן זית ועשבי תיבול שטראוס 250 גרם,"מחלבות בר בכפר בע""\מ",IL,לאבנה שמן זית ועשבי,גרמים,250.00,100 גרם,false,,9.90,0.0396,true,1,1454739
7290110555092,false,לאבנה עם שמן זית וצ'ילי שטראוס 250 גרם,"מחלבות בר בכפר בע""\מ",IL,לאבנה שמן זית וצ'ילי,גרמים,250.00,100 גרם,false,,9.90,0.0396,true,1,1454740
7290110555306,false,רבע לשבע טבעוני סינמון באן עלית 125 גרם,"הגביע מוצרי וופלים בע""\מ",IL,רבע לשבע טבעוני סינמ,גרמים,125.00,100 גרם,false,,10.00,0.0800,true,1,1476805
7290110555603,false,ספלנדיד אבקה להכנת משקה בטעם שוקולטה,"ג'אלוסיס י. בע""מ",GR,שוקולטה ספנדיד 360 ג,גרמים,360.00,100 גרם,false,,19.90,0.0553,true,1,1514472
7290110555665,false,קקאו דל שומן עלית בקופסא 220 גרם,"ג'אלוסיס י. בע""\מ",GR,קקאו דל שומן קופסא,גרמים,200.00,100 גרם,false,,17.90,0.0895,true,1,1514473
7290110555788,false,נסקפה קפוצ'ינו פחית וניל 200 ג' עלית,מוקטה אס.פי.,PL,קפוצ'ינו פחית וניל 2,גרמים,200.00,100 גרם,false,,18.90,0.0945,true,1,1514474
7290110556242,false,"שוקולד מריר פרווה 100 גר' בד""ץ תוצרת חוץ","שטראוס גרופ בע""מ.",FR,שוקולד מריר פרווה בד,גרמים,100.00,100 גרם,false,,5.90,0.0590,true,1,1509466
7290110557027,false,חומוס עשיר 50% טחינה גולמית 400 ג' אחלה,מיוצר עי קונדיטוריית,IL,חומוס 50% טחינה 400,גרמים,400.00,100 גרם,false,,12.90,0.0323,true,1,1454743
7290110557102,false,מעדן חלב עם שוקולד מועשר בחלבון 150 ג' שטראוס,מיוצר עי קונדיטוריית,IL,מעדן חלב עם שוקולד מ,גרמים,150.00,100 גרם,false,,4.70,0.0313,true,1,1454744
7290110557133,false,מעדן הגולן וניל 125 ג' שטראוס,מיוצר עי קונדיטוריית,IL,מעדן הגולן וניל 125,גרמים,125.00,100 גרם,false,,2.80,0.0224,true,1,1454747
7290110557317,false,יוגורט בתוספת סידן וויטמין ד עם שיבולת שועל 100 ג' דנונה,תנובה מרכז שיתופי לש,IL,היוגורט הראשון שלי ש,מיליליטרים,100.00,"100 מ""ל",false,,2.20,0.0220,true,1,1454748
7290110557478,false,חומוס גלילי במרקם מעודן 600 גרם,"שטראוס גרופ בע""\מ",IL,חומוס גלילי אחלה 600,גרמים,600.00,100 גרם,false,,11.90,0.0198,true,1,1454750
7290110558130,false,יוגורט אקטיביה עם שיבולת שועל ודבש 150 גרם,"שטראוס בריאות בע""\מ",IL,אקטיביה עם שיבולת שו,גרמים,150.00,100 גרם,false,,4.30,0.0287,true,1,1477095
7290110558154,false,דנונה לייט אנד פרי עוגת תפוחים 150ג דנונה,"שטראוס בריאות בע""\מ",IL,דנונה לייט אנד פרי,מטרים,150.00,100 מ'ל,false,,4.30,0.0287,true,1,1485625
7290110558222,false,"וואו יוגורט עם שכבה בטעם בנופי פאי 5.4%, 150ג דנונה","שטראוס בריאות בע""\מ",IL,דנונה וואו בנופי 150,מטרים,150.00,100 מ'ל,false,,4.50,0.0300,true,1,1485627
7290110558239,false,"וואו יוגורט עם שכבה בטעם קראק פאי 5.4%, 150 ג דנונה","שטראוס בריאות בע""\מ",IL,דנונה וואו קראק פאי,מטרים,150.00,100 מ'ל,false,,4.50,0.0300,true,1,1485628
7290110558253,false,דנונה שייק נונה ריפרש בננה אננס וצ'יה,"שטראוס בריאות בע""\מ",IL,דנונה ריפרש בננה אננ,גרמים,250.00,100 גרם,false,,4.90,0.0196,true,1,1477096
7290110558284,false,דנונה ביו מולטי שטראוס 200 גרם,"שטראוס בריאות בע""\מ",IL,דנונה ביו מולטי 200,גרמים,200.00,100 גרם,false,,3.90,0.0195,true,1,1477097
7290110558307,false,יוגורט דנונה PRO עם שיבולת שועל במתיקות מעודנת,"שטראוס בריאות בע""\מ",IL,דנונה פרו 20גר ושיבו,גרמים,200.00,100 גרם,false,,6.20,0.0310,true,1,1454755
7290110558314,false,דנונה פרו 20 גרם חלבון ללא סוכר פיסטוק 200 גרם,"שטראוס בריאות בע""\מ",IL,דנונה פרו 20 גרם פי,מטרים,200.00,100 מ'ל,false,,5.90,0.0295,true,1,1487857
7290110558338,false,דנונה פרו 25 ג' חלבון 200 ג' שטראוס,"שטראוס בריאות בע""\מ",IL,דנונה פרו 25גר חלבון,גרמים,200.00,100 גרם,false,,5.90,0.0295,true,1,1454756
7290110558666,false,מעדן גבינה בטעם תפוח 88 ג' דניאלה,"שטראוס בריאות בע""\מ",IL,דניאלה בטעם תפוח 88,מיליליטרים,88.00,"100 מ""ל",false,,3.90,0.0443,true,1,1507545
7290110558918,false,עלי חסה קראנצ' שטופים,שטראוס בריאות ירקות טריי,IL,עלי חסה קראנץ 150,גרמים,220.00,100 גרם,false,,10.90,0.0495,true,1,1485452
7290110559007,false,"שועועית חומה טעם הטבע קופסה, 380 גרם",קונסרב איטליה,IT,שעועית חומה 380גר טע,גרמים,380.00,100 גרם,false,,6.90,0.0182,true,1,1489109
7290110559014,false,שעועית שחורה מבושלת טעם הטבע 380 גרם,קונסרב איטליה,IT,שעועית שחורה 380גר,גרמים,380.00,100 גרם,false,,6.90,0.0182,true,1,1489110
7290110559748,false,ריל מאגדת שקדים קוקוס ושוקולד מריר שטראוס 105 גרם,"ואמואליס פודס אס.איי,",GR,ריל שקדים קוקוס ושוק,גרמים,105.00,100 גרם,false,,12.90,0.1229,true,1,1476808
7290110559755,false,ריל מאגדת בוטנים פיסטוק וחמוציות שטראוס 105 גרם,"ואמואליס פודס אס.איי,",GR,ריל בוטנים פיסטוק וח,גרמים,105.00,100 גרם,false,,12.90,0.1229,true,1,1476809
7290110559762,false,ריל מאגדת אגוזים תמרים קוקוס שטראוס 105 גרם,"ואמואליס פודס אס.איי,",GR,ריל מאגדת תמרים וקוק,גרמים,105.00,100 גרם,false,,12.90,0.1229,true,1,1476810
7290110559939,false,נתחי סויה בסגנון שווארמה ומג'דרה 350 גרם,אוכל ביתי ניר עציון,IL,נתחי סויה סגנון שווא,גרמים,350.00,100 גרם,false,,22.90,0.0654,true,1,1441653
7290110560300,false,"הפריכיות הטעימות חומוס, עדשים שחורות, קינואה ופלפל שחור",אנרג'י Energy - שטראוס,IL,פריכיות משולשות פלפל,גרמים,30.00,100 גרם,false,,4.90,0.1633,true,1,1445782
7290110560317,false,"הפריכיות הטעימות חומוס, עדשים שחורות, קינואה ומלח ים","פרח תעשיו מזון בע""מ",IL,פריכיות משולשות מלח,גרמים,30.00,100 גרם,false,,4.90,0.1633,true,1,1445783
7290110560324,false,"הפריכיות הטעימות תפו""א, אורז, אפונה ומלח ים","פרח תעשיו מזון בע""מ",IL,פריכיות משולשות אפונ,גרמים,30.00,100 גרם,false,,4.90,0.1633,true,1,1445784
7290110561352,false,דנונה יוגורט ביו פרוביוטי 3% דל לקטוז 150ג',"שטראוס בריאות בע""\מ",IL,דנונה ביו דל לקטוז 2,מיליליטרים,200.00,"100 מ""ל",false,,3.40,0.0170,true,1,1454761
7290110561604,false,מארז 8 יחידות מעדן גמדים בטעם תות בננה,"שטראוס בריאות בע""\מ",IL,מעדן גמדים תות בננה,מיליליטרים,800.00,"100 מ""ל",false,,17.90,0.0224,true,1,1454763
7290110563431,false,"משקה קפה קר בסגנון קלאסי 230 מ""ל 1.6% יוטבתה",האי נאם סי או אל.טי.,AT,משקה קפה קר קלאסי 1.,גרמים,230.00,100 גרם,false,,7.50,0.0326,true,1,1454764
7290110563448,false,"משקה קפה קר בסגנון מעודן 230 מ""ל 1.6% יוטבתה",האי נאם סי או אל.טי.,AT,משקה קפה קר מעודן 1.,גרמים,230.00,100 גרם,false,,7.50,0.0326,true,1,1454765
7290110563462,false,חלב 2% דל לקטוז בבקבוק יטבתה 1 ליטר.,מחלבת יטבתה,IL,חלב בק' נטול לקטוז 2,ליטרים,1.00,ליטר,false,,7.80,7.8000,true,1,1454767
7290110564339,false,חומוס אחלה הסידרה המובחר 30% טחינה 400 גר',מיוצר עי קונדיטוריית,IL,החומוס של אבי עם תטב,גרמים,400.00,100 גרם,false,,12.90,0.0323,true,1,1454768
7290110564360,false,חומוס אחלה הסידרה המובחר 40% טחינה 400 גר',מיוצר עי קונדיטוריית,IL,החומוס סדרה מובחרת 4,גרמים,400.00,100 גרם,false,,12.90,0.0323,true,1,1454769
7290110564414,false,חומוס אחלה הסידרה המובחר 30% טחינה 600 גר',מיוצר עי קונדיטוריית,IL,החומוס סדרה מבוחרת 6,גרמים,600.00,100 גרם,false,,14.90,0.0248,true,1,1454770
7290110565435,false,"לימבו ג'לי פטל 125 גרם חלבי ""שטראוס""","שטראוס גרופ בע""\מ",IL,"לימבו פטל 125 מ""ל",מיליליטרים,125.00,"100 מ""ל",false,,2.00,0.0160,true,1,1454772
7290110565527,false,יוגורט PRO פרו 1.5% 20 גרם חלבון בגביע,"שטראוס בריאות בע""מ",IL,דנונה פרו 20ג חלבון,גרמים,200.00,100 גרם,false,,5.90,0.0295,true,1,1454773
7290110565572,false,מארז קפה טורקי עלית לדרך עם הל 168 גרם,שטראוס קפה בי.וי.,IL,מארז טורקי לדרך עם ה,גרמים,168.00,100 גרם,false,,16.90,0.1006,true,1,1445793
7290110566623,false,קפסולות קולומביה עלית 08 למכונת נספרסו מארז 5X10ג',שטראוס קפה בי.וי.,IL,קפסולות למכונה עלית,יח',1.00,יח',false,,15.90,15.9000,true,1,1445798
7290110566975,false,דנונה פרו יוגורט 0% תות עשיר בחלבון 200ג',"שטראוס בריאות בע""\מ",IL,דנונה פרו 20ג תות,גרמים,200.00,100 גרם,false,,5.90,0.0295,true,1,1454774
7290110567057,false,צנצנת מסטיק מאסט קוביות מנטה חזקה 66 ג' עלית,אסקום קונפקשיין,DE,מאסט מסטיק בוקסי מנט,גרמים,64.00,100 גרם,false,,9.90,0.1547,true,1,1445799
7290110568238,false,"קצפת צמחית 21% שומן 250 מ""ל יוטבתה",מחלבת יטבתה,IL,קצפת צמחית 21% שומן,מיליליטרים,250.00,"100 מ""ל",false,,7.50,0.0300,true,1,1454775
7290110570224,false,"משקה קפה קר בטעם עוגיות יטבתה 230 מ""ל",אנסטל מילק kg,AT,משקה קפה קר טעם עוגי,גרמים,230.00,100 גרם,false,,7.50,0.0326,true,1,1485629
7290110570880,false,פולי אספרסו עשירים וארומטיים עוצמה 14 עלית 250 גרם,,IL,פולי אספרסו 250גר עו,גרמים,250.00,100 גרם,false,,19.90,0.0796,true,1,1445805
7290110571184,false,עדשים חומות 380 גר שטראוס טעם הטבע,קונסרב איטליה,IT,עדשים חומות 380גר טע,גרמים,380.00,100 גרם,false,,6.90,0.0182,true,1,1489082
7290110571382,false,מעדן חלב בטעם וניל מעושר בחלבון 150 ג' שטראוס,"שטראוס בריאות בע""\מ",IL,מעדן חלב טעם וניל מו,גרמים,150.00,100 גרם,false,,4.70,0.0313,true,1,1454780
7290110571405,false,עלית - מיני פינוקיות בגביע פסק זמן 180 גרם,הגביע,IL,מיני פינוקיות בגביע,גרמים,400.00,100 גרם,false,,9.90,0.0248,true,1,1509539
7290110571412,false,מיני פינוקיות - פאדג' שוקולד בגביע 180 גרם,הגביע,IL,מיני פינוקיות בגביע,גרמים,400.00,100 גרם,false,,9.90,0.0248,true,1,1509540
7290110571474,false,רבע לשבע טבעוני פופקורן עלית 125 גרם,"הגביע מוצרי וופלים בע""\מ",IL,רבע לשבע טבעוני פופק,גרמים,125.00,100 גרם,false,,9.90,0.0792,true,1,1476816
7290110571535,false,מארז קפה טורקי הל עלית 300 גרם,שטראוס קפה בי.וי.,IL,מארז טורקי הל,גרמים,300.00,100 גרם,false,,24.80,0.0827,true,1,1445806
7290110572129,false,כיף כף מקלות שוקולד לבן 40 ג' עלית,סולן בעבור שטראוס,TR,כיף כף מקלות שוקולד,יחידה,0.00,יחידה,false,,4.90,0.0000,true,1,1509564
7290110572884,false,"קפסולות קפה מספר 20 למכונת אספרס אספרסו, 50 גרם",שטראוס קפה בי.וי.,IL,קפסולות 20 למכונת נס,יח',1.00,יח',false,,16.90,16.9000,true,1,1516369
7290110572969,false,כיף כף פצפצים עקרם לבן 40ג' עלית,שולן צ'\יקולטה גידה סאן.,TR,כיף כף פצפצים קרם לב,גרמים,40.00,100 גרם,false,,4.90,0.1225,true,1,1489083
7290110572976,false,כיף כף פצפצים בגביע במילוי קרם בטעם שוקולד לבן,שולן צ'יקולטה גידה ס,TR,כיף כף פצפצים קרם לב,גרמים,135.00,100 גרם,false,,9.90,0.0733,true,1,1489084
7290110576318,false,מאגדת שלישיית שוקולד אגוז לבן 300 ג' עלית,סמואה,FR,עלית שוקולד אגוז לבן,גרמים,300.00,100 גרם,false,,21.90,0.0730,true,1,1509467
7290110576356,false,"שוקולד ספלנדיד מריר 64% - חלבי , מפולי קקאו מפרו",קימ'\ס גריפלנן,BE,ספלנדיד שוקולד מריר,גרמים,100.00,100 גרם,false,,7.90,0.0790,true,1,1476818
7290110576363,false,"שוקולד ספלנדיד מריר 80% חלבי ,פולי קקאו מאוגנדה",קימ'\ס גריפלנן,BE,ספלנדיד שוקולד מריר,גרמים,100.00,100 גרם,false,,7.90,0.0790,true,1,1476819
7290110576370,false,מארז שלישייה שוקולד מריר חלבי עם אגוזי לוז,שטראוס,IL,עלית שוקולד אגוז מרי,גרמים,300.00,100 גרם,false,,21.90,0.0730,true,1,1509441
7290110576752,false,טבלאות שוקולד ספלנדיד מריר 70% 100 ג' עלית,קימ'\ס גריפלנן,BE,ספלנדיד מריר 70% 22,גרמים,100.00,100 גרם,false,,9.90,0.0990,true,1,1509590
7290110576776,false,טבלאות שוקולד ספלנדיד מריר 85% 100 ג' עלית,קימ'\ס גריפלנן,BE,ספלנדיד מריר 85% 22,גרמים,100.00,100 גרם,false,,9.90,0.0990,true,1,1509591
7290110576790,false,גבינת סקי 3% בטעם מוקה 125 גרם,"שטראוס בריאות בע""\מ",IL,סקי טעם מוקה 3% 125,גרמים,125.00,100 גרם,false,,3.70,0.0296,true,1,1507547
7290110576868,false,רבעיית גמדים סלט פירוט * 100 ג' שטראוס,"שטראוס בריאות בע""\מ",IL,גמדים מעדן סלט פירות,מטרים,400.00,100 מ'ל,false,,10.90,0.0273,true,1,1507549
7290110577230,false,משקה חלב בטעם פיסטוק בבקבוק יטבתה 1 ליטר,שטראוס גרופ,IL,משקה חלב טעם פיסטוק,ליטרים,1.00,ליטר,false,,11.50,11.5000,true,1,1507515
7290110577247,false,"יטבתה משקה חלב-פיסטוק בבקבוק 350 מ""ל",שטראוס גרופ,IL,משקה חלב בלונדי 350,מטרים,350.00,מ'ל,false,,6.20,0.0177,true,1,1507550
7290111091520,false,"דר' עור תחליב רחצה קלאסי -קוקוס 700 מ""ל","אמיליה קוסמטיקס בע""מ",IL,"ד""ר עור תחליב רחצה א",מיליליטרים,700.00,"100 מ""ל",false,,14.90,0.0213,true,1,1450932
7290111093982,false,"טרופיקל תחליב רחצה פסיפלורה ואינקה אינצ'י 700 מ""ל דר' עור","אמיליה קוסמטיקס בע""\מ",IL,טרופיקל תחליב רחצה ד,מטרים,700.00,100 מ'ל,false,,14.90,0.0213,true,1,1496720
7290111094248,false,"קוויק שקית אשפה חזקה וגדולה במיוחד (90*78), 20 יח'",,TR,קוויק שקיות אשפה XL,יח',1.00,יח',false,,18.90,18.9000,true,1,1450936
7290111094576,false,חיתולי בייבי סופרים 3 רמילוי,,,חיתולי בייבי סופרים,יח',1.00,יח',false,,27.90,27.9000,true,1,1473809
7290111094866,false,חיתולי בייבי סופרים 4 רמילוי,,,חיתולי בייבי סופרים,יח',1.00,יח',false,,27.90,27.9000,true,1,1473810
7290111095276,false,חיתולי בייבי סופרים 4+ רמילוי,,,חיתולי בייבי סופרים,יח',1.00,יח',false,,27.90,27.9000,true,1,1473811
7290111095566,false,חיתולי בייבי סופרים 5 מילוי,,,חיתולי בייבי סופרים,יח',1.00,יח',false,,27.90,27.9000,true,1,1473812
7290111095818,false,קוויק שקיות אשפה L חזקות במיוחד עם שרוך 40 יח',,TR,קוויק שקיות אשפה L ע,יח',1.00,יח',false,,18.90,18.9000,true,1,1450937
7290111095856,false,חיתולי בייבי סופרים 6 מילוי,,,חיתולי בייבי סופרים,יח',1.00,יח',false,,27.90,27.9000,true,1,1473813
7290111340178,false,מטליות לחות ניקול לניקוי כללי בניחוח מרכך כביסה 50 יח',חוגלה קימברלי,IL,מטליות לחות לניקוי 5,יח',50.00,יח',false,,9.90,0.1980,true,1,1452618
7290111340185,false,מטליות לחות רצפה ניחוח מרכך כביסה ניקול 10 יחידות,חוגלה קימברלי,IL,מטליות לחות לרצפה 10,יח',10.00,יח',false,,9.90,0.9900,true,1,1452619
7290111342059,false,50 מטליות מיקרופייבר לשטחים אנטיבקטריאלי ניקול,ניקול,IL,מטליות לחות אנטיבקטר,יח',1.00,יח',false,,9.90,9.9000,true,1,1452634
7290111342073,false,מטליות מקרופייבר למשטחים אנטיבקטריאלי ניקול,ניקול,IL,מטליות מיקרופייבר אנ,יח',1.00,יח',false,,14.90,14.9000,true,1,1452635
7290111343797,false,מטליות לחות לניקוי חלונות 48 יח' ניקול,חוגלה קימברלי,IL,ניקול מטליות לניקוי,יח',1.00,יח',false,,9.90,9.9000,true,1,1452643
7290111343841,false,ניקול ספוגית הקסם נירוסטה 3 יחידות,ניקול,CN,ספוגית הקסם נירוסטה,יח',1.00,יח',false,,9.90,9.9000,true,1,1452644
7290111343858,false,ניקול מטליות לחות לרצפה אנטיבקרטריאלי 10 יחידות,עלבד משואות יצחק,IL,מטליות לחות לניקוי ו,יח',1.00,יח',false,,9.90,9.9000,true,1,1452645
7290111344916,false,ניקול שישיית כריות יפניות אנטיבקטריאליות,חוגלה קימברלי,IL,ניקול כריות יפניות א,יח',1.00,יח',false,,13.90,13.9000,true,1,1452662
7290111344930,false,מטליות לחות לרצפה בניחוח כביסה ארומתרפיה ניקול 10 יח',ניקול,IL,מטליות לחות לרצפה בנ,יח',1.00,יח',false,,9.90,9.9000,true,1,1452663
7290111345722,false,ניקול שקיות לשמירה על הטריות 5 יחידות,ניקול,TR,שקיות לשמירת הטריות,יחידה,0.00,יחידה,false,,14.90,0.0000,true,1,1477044
7290111345999,false,מארז זוג מטליות לחות לרצפה בניחוח מרכך כביסה 2*10 יח' ניקול,עלבד,IL,זוג מטליות לחות לרצפ,יח',1.00,יח',false,,19.90,19.9000,true,1,1452671
7290111350030,false,רסק תפוחי עץ טבעי בצנצנת 670 גרם קלית גת,"ג'י אנד ג'י בע""מ",IL,רסק תפוחי עץ טבעי 67,גרמים,670.00,100 גרם,false,,10.70,0.0160,true,1,1451933
7290111350047,false,תמרים מזן מגהול ללא חרצנים 500 גרם,טעמי הגליל,IL,תמרים מגולענים 500 ג,גרמים,500.00,100 גרם,false,,11.90,0.0238,true,1,1451934
7290111350665,false,קליית גת דבש לחיץ טהור מפרחי בר 350 גרם,חקלאות עין חרוד מאוח,IL,דבש לחיץ 350 גרם,גרמים,350.00,100 גרם,false,,19.90,0.0569,true,1,1451938
7290111350672,false,צנצנת דבש קליית גת 700 גרם,חקלאות עין חרוד מאוח,IL,דבש צנצנת 700 גר,גרמים,700.00,100 גרם,false,,29.90,0.0427,true,1,1451939
7290111350719,false,חטיף נאצוס הוטפופ בסגנון מסעדות 322 גר,ליימן מותגים,US,נאצוס מסעדות 322 גר,גרמים,322.00,100 גרם,false,,15.70,0.0488,true,1,1451940
7290111350726,false,חטיף נאצוס הוטפופ בסגנון מקסיקני 322 גר,ליימן מותגים,US,נאצוס מקסיקני 322 גר,גרמים,322.00,100 גרם,false,,15.70,0.0488,true,1,1451941
7290111351747,false,צ'וקטה טורטיה מקמח חיטה 320 גרם,צ'וקטה,DE,צ'וקטה טורטיה מקמח ח,גרמים,320.00,100 גרם,false,,5.90,0.0184,true,1,1451948
7290111352140,false,חמוציות מיובשות ברכז תפוחים קליית גת 150 גרם,קליית גת,IL,חמוציות רכז תפוחים 1,גרמים,150.00,100 גרם,false,,10.90,0.0727,true,1,1451950
7290111352430,false,ממרח תמרים טבעי קליית גת 440 גרם,"כד בני דרום בע""מ",IL,ממרח תמרים טבעי 440,גרמים,440.00,100 גרם,false,,11.90,0.0270,true,1,1451951
7290111352508,false,סילאן טבעי לחיץ קליית גת 840 גרם,"ששון ושות' בע""מ",IL,סילאן טבעי לחיץ 840,מיליליטרים,840.00,"100 מ""ל",false,,19.90,0.0237,true,1,1451952
7290111352959,false,מקלות חמוצים ממולאים בטעם פירות 80 גר' יוגטה,יוגטה yogueta,TR,יוגטה מקלות חמוצים ט,גרמים,100.00,100 גרם,false,,4.40,0.0440,true,1,1451961
7290111352966,false,יוגטה סוכריות ממולאות בטעם פירות 250 גרם ללא ג'לטין,ליימן שליסל,TR,סוכריות גומי ממולאות,גרמים,250.00,100 גרם,false,,5.90,0.0236,true,1,1451962
7290111352973,false,יוגוטה קוביות חמוצות ממולאות בטעם פירות,יוגטה yogueta,TR,יוגטה קוביות חמוצות,גרמים,220.00,100 גרם,false,,5.90,0.0268,true,1,1451963
7290111353109,false,"גומי נחש מבריק 200 גר' וסטהיים (כש""לפ בית יוסף).",טופגם תעשיות ממתקים,TR,יוגטה סוכריות גומי נ,גרמים,200.00,100 גרם,false,,7.90,0.0395,true,1,1451968
7290111353123,false,"גומי נחש מסוכר 200 גר' וסטהיים (כש""לפ בית יוסף)",טופגם תעשיות ממתקים,IL,יוגטה סוכריות גומי נ,גרמים,200.00,100 גרם,false,,7.90,0.0395,true,1,1451970
7290111353239,false,"גומי יין 200 גר' וסטהיים (כש""לפ בית יוסף)",טופגם תעשיות ממתקים,TR,יוגטה סוכריות גומי י,גרמים,200.00,100 גרם,false,,7.90,0.0395,true,1,1451975
7290111353383,false,מארז 100 סוכריות מנטוס שמחות בטעם תות 250 גרם,פרפטי ואן מלה ברדה,NL,סוכריות מנטוס שמחות,גרמים,250.00,100 גרם,false,,13.90,0.0556,true,1,1451978
7290111353437,false,חטיף בטטה ומלח ים 120 גרם הוט פופ,איץ.סיי גרופ אס.דה א,HN,חטיף בטטה ומלח ים 13,גרמים,135.00,100 גרם,false,,13.90,0.1030,true,1,1451979
7290111353451,false,חטיף בירקות שורש ומלח ים הוטפופ 120 גרם,איץ.סיי גרופ אס.דה א,HN,חטיף ירקות שורש ומלח,גרמים,135.00,100 גרם,false,,13.90,0.1030,true,1,1451981
7290111353482,false,מקלות חמוצים ממולאות בטעמי פירות יוגטה 200 גרם,צ'וקטה,TR,מקלות חמוצים טעמי פי,גרמים,200.00,100 גרם,false,,5.90,0.0295,true,1,1451984
7290111353550,false,חמאת בוטנים טבעית קליית גת 300 גרם,J&G קיסריה,IL,חמאת בוטנים טבעית 30,גרמים,300.00,100 גרם,false,,14.90,0.0497,true,1,1451986
7290111353567,false,ממרח שקדים טבעי קליית גת 300 גרם,J&G קיסריה,IL,ממרח שקדים טבעי 300,גרמים,300.00,100 גרם,false,,32.90,0.1097,true,1,1451987
7290111354021,false,עגבניות תמר איטלקיות קצוצות 400 גרם,,,עגבניות תמר איטלקיות,גרמים,400.00,100 גרם,false,,4.90,0.0123,true,1,1519738
7290111354038,false,מארז שלישיית עגבניות חתוכות דק מרקדו טייסט 400 גרם,פראנו אנריקו,IT,עגבניות תמר איטלקיות,גרמים,1200.00,100 גרם,false,,14.90,0.0124,true,1,1451989
7290111354045,false,מארז שלישיית עגבניות קצוצות מרקדו טייסט 400 גרם,פראנו אנריקו,IT,עגבניות תמר איטלקיות,גרמים,1200.00,100 גרם,false,,14.90,0.0124,true,1,1451990
7290111354137,false,ממרח פקאן מסוכר קליית גת 200 גרם,J&G קיסריה,IL,ממרח פקאן מסוכר 200,גרמים,200.00,100 גרם,false,,19.70,0.0985,true,1,1451992
7290111354144,false,ממרח קוקוס מקורמל קליית גת 200 גרם,J&G קיסריה,IL,ממרח קוקוס מקורמל 20,גרמים,200.00,100 גרם,false,,15.70,0.0785,true,1,1451993
7290111354151,false,ממרח אגוזי לוז קליית גת 200 גר,קליית גת,IL,ממרח אגוזים 200 גר,גרמים,200.00,100 גרם,false,,15.70,0.0785,true,1,1451994
7290111354687,false,מיני מרשמלו בטעם תות וניל 500 גרם,,,יוגטה מיני מרשמלו 50,גרמים,500.00,100 גרם,false,,24.70,0.0494,true,1,1501951
7290111531255,false,"עוגיות מרוקאיות לל""ס 350 גר רמי לוי",,,"עוגיות מרוקאיות לל""ס",גרמים,350.00,100 גרם,false,,14.90,0.0426,true,1,1461490
7290111531323,false,עוגיות רוגלך וניל 400גר,,,עוגיות רוגלך וניל 40,גרמים,400.00,100 גרם,false,,8.90,0.0223,true,1,1442003
7290111531392,false,עוגיות סגנון מרוקאי 350 גר רמי לוי,,,עוגיות סגנון מרוקאי,גרמים,350.00,100 גרם,false,,14.90,0.0426,true,1,1461491
7290111531415,false,עוגיות ריפאת 350 גר רמי לוי,,,עוגיות ריפאת 350 גר,גרמים,350.00,100 גרם,false,,14.90,0.0426,true,1,1461492
7290111531439,false,עוגיות לקפה 350 גר רמי לוי,,,עוגיות לקפה 350 גר ר,גרמים,350.00,100 גרם,false,,14.90,0.0426,true,1,1461494
7290111534010,false,פס גבינה שמנת פירורים קפולסקי 400 גרם,תופינים מקבוצת קפולסקי,IL,גבינה שמנת ופירורים,גרמים,400.00,100 גרם,false,,35.90,0.0897,true,1,1462075
7290111564291,false,פריכיות דקות ונימוחות 3 דגנים וקינואה פיטנס Fitness,פרח תעשיות בעמ,IL,פיטנס פריכיות דקות ו,גרמים,120.00,100 גרם,false,,9.90,0.0825,true,1,1446819
7290111564956,false,"ביסלי במבה מיקס 200 גרם ""אסם""",פרו מן יו פתרונות אריזה,IL,ביסלי במבה מיקס 200,גרמים,200.00,100 גרם,false,,8.90,0.0445,true,1,1446823
7290111566103,false,טבעול פלאפל מרכיבים ביתיים בלבד 590 גרם,עיצובים 2020 (4.8),IL,טבעול פלאפל ביתי 590,גרמים,590.00,100 גרם,false,,29.90,0.0507,true,1,1446831
7290111566226,false,שניצל ברוקולי טבעול 667 גרם,עיצובים 2020 (4.8),IL,טבעול שניצל ברוקולי,גרמים,667.00,100 גרם,false,,29.90,0.0448,true,1,1446832
7290111566240,false,שניצל דק מן הצומח בטעם צ'ילי חריף 700 גרם,עיצובים 2020 (4.8),IL,טבעול שניצל דק צ'לי,גרמים,564.00,100 גרם,false,,29.90,0.0530,true,1,1446833
7290111566271,false,חטיפי תירס טבעול 657 גרם,עיצובים 2020 (4.8),IL,טבעול חטיפי תירס 657,גרמים,657.00,100 גרם,false,,29.90,0.0455,true,1,1446834
7290111566318,false,שניצל דק מן הצומח בטעם ביתי 700 גרם,עיצובים 2020 (4.8),IL,טבעול שניצל דק מהצומ,גרמים,564.00,100 גרם,false,,29.90,0.0530,true,1,1446836
7290111566332,false,"נקניקיות וינר מן הצומח 680 גרם ""טבעול""",עיצובים 2020 (4.8),IL,טבעול נקניקיות וינר,גרמים,680.00,100 גרם,false,,29.90,0.0440,true,1,1446837
7290111566417,false,טבעול טחון מן הצומח משופר 400 גרם,עיצובים 2020 (4.8),IL,טבעול טחון צמחוני 50,גרמים,500.00,100 גרם,false,,29.90,0.0598,true,1,1446838
7290111566561,false,"שניצל ברוקולי 99 קלוריות 560 גר' ""טבעול""",עיצובים 2020 (4.8),IL,טבעול שניצל ברוקולי,גרמים,560.00,100 גרם,false,,29.90,0.0534,true,1,1446841
7290111566585,false,"שניצל צמחוני 99 קלוריות 650 גר' ""טבעול""",עיצובים 2020 (4.8),IL,טבעול שניצל צמחוני 9,גרמים,650.00,100 גרם,false,,29.90,0.0460,true,1,1446842
7290111566660,false,קציצות עדשים כתומות טבעול 530 גרם,עיצובים 2020 (4.8),IL,טבעול קציצות עדשים כ,גרמים,530.00,100 גרם,false,,29.90,0.0564,true,1,1446843
7290111566691,false,"שניצל תרד 99 קלוריות 560 גרם ""טבעול""",עיצובים 2020 (4.8),IL,טבעול שניצל תרד 99 ק,גרמים,560.00,100 גרם,false,,29.90,0.0534,true,1,1446844
7290111566714,false,טבעול המבורגר צמחוני 99 קלוריות 600 גרם,עיצובים 2020 (4.8),IL,טבעול המבורגר צמחוני,גרמים,600.00,100 גרם,false,,29.90,0.0498,true,1,1446845
7290111566776,false,"נקניקיות קוקטייל מן הצומח 680 גרם ""טבעול""",עיצובים 2020 (4.8),IL,טבעול נקניקיות קוקטי,גרמים,680.00,100 גרם,false,,29.90,0.0440,true,1,1446848
7290111568206,false,ביסלי פארטי מיקס אסם 150 גר',פרו מן יו פתרונות אר,IL,ביסלי פארטי מיקס 150,גרמים,150.00,100 גרם,false,,6.90,0.0460,true,1,1446851
7290111568275,false,אטריות נודלס אורז רחבות אסם אסייתי 300גרם,תאי פרזידנט,TH,נודלס אטריות אורז רח,גרמים,300.00,100 גרם,false,,8.90,0.0297,true,1,1446853
7290111568961,false,בייגלה טבעות מלח אסם 400 גרם,אסם,IL,בייגלה טבעות מלח 400,גרמים,400.00,100 גרם,false,,9.90,0.0248,true,1,1446859
7290111738869,false,חמישית תחתוני נשים S,,,חמישית תחתוני נשים S,יח',1.00,יח',false,,35.00,35.0000,true,1,1466884
7290111738876,false,חמישית תחתוני נשים M,,,חמישית תחתוני נשים M,יח',1.00,יח',false,,35.00,35.0000,true,1,1466885
7290111738906,false,חמישית תחתוני נשים XXL,,,חמישית תחתוני נשים X,יח',1.00,יח',false,,35.00,35.0000,true,1,1466888
7290111739071,false,שלישיית בוקסר (M) לייקרה UMBRO,,,שלישיית בוקסר לייקרה,יח',1.00,יח',false,,49.90,49.9000,true,1,1466895
7290111739095,false,שלישיית בוקסר (XL) לייקרה UMBRO,,,שלישיית בוקסר לייקרה,יח',1.00,יח',false,,49.90,49.9000,true,1,1466897
7290111739101,false,שלישיית בוקסר (XXL) לייקרה UMBRO,,,שלישיית בוקסר לייקרה,יח',1.00,יח',false,,49.90,49.9000,true,1,1466898
7290111739132,false,בוקסר כותנה חלק L,,,בוקסר כותנה חלק L,יח',1.00,יח',false,,19.90,19.9000,true,1,1466901
7290111739156,false,בוקסר כותנה חלק XXL,,,בוקסר כותנה חלק XXL,יח',1.00,יח',false,,19.90,19.9000,true,1,1466903
7290111739309,false,זוגות בוקסר בנים 16-18,,,זוגות בוקסר בנים 16-,יח',1.00,יח',false,,19.90,19.9000,true,1,1466918
7290111873140,false,נרות מטה כוכבים פרוזן יח,סודי,CN,נרות מטה כוכבים,יח',1.00,יח',false,,4.90,4.9000,true,1,1453044
7290111874130,false,שקית 10 מודפס,,,שקית 10 מודפס,יח',1.00,יח',false,,7.90,7.9000,true,1,1453050
7290111878992,false,בקבוק טריטן פיה מפלס,,,בקבוק טריטן פיה מפלס,יח',1.00,יח',false,,19.90,19.9000,true,1,1453053
7290111930898,false,חטיף פוף כוכבים גריל אמריקאי 40 גרם,פוף POOF,IL,פוף כוכבים גריל אמרי,גרמים,40.00,100 גרם,false,,2.90,0.0725,true,1,1445008
7290111930904,false,חטיף פוף כוכבים בצל 40 גרם,פוף POOF,IL,פוף כוכבים בצל 40 גר,גרמים,40.00,100 גרם,false,,2.90,0.0725,true,1,1445009
7290111930911,false,חטיף פוף לבבות קלאסי 40 גרם,פוף POOF,IL,פוף לבבות קלאסי 40 ג,גרמים,40.00,100 גרם,false,,2.90,0.0725,true,1,1445010
7290111930928,false,חטיף פוף לבבות גריל 40 גרם,פוף POOF,IL,פוף לבבות גריל 40 גר,גרמים,40.00,100 גרם,false,,2.90,0.0725,true,1,1445011
7290111932380,false,"מרידול משחת שיניים מארז 75X2מ""ל כשל""פ",GABA LOER GER,PL,זוג משחת שיניים מריד,מטרים,75.00,100 מ'ל,false,,31.90,0.4253,true,1,1445019
7290111932502,false,"משחת שיניים קולגייט אופטיק וייט אקספרט וויט 75 מ""ל",קולגייט Colgate,MX,קולגייט אופטיק וויט,מטרים,75.00,100 מ'ל,false,,24.90,0.3320,true,1,1445020
7290111933462,false,"רוטב צ'ילי מתוק מאסטר שף 300 מ""ל","סיטי פוד בע""מ",TH,מאסטר שף רוטב צ'ילי,מיליליטרים,300.00,"100 מ""ל",false,,7.90,0.0263,true,1,1445030
7290111933554,false,שלישייה עגבניות קוביות מאסטר שף 400 גרם,קונסוריזיו קאסאלסקו,IT,מאסטר שף עגבניות קוב,קילוגרמים,1.20,"ק""ג",false,,15.90,13.2500,true,1,1445031
7290111933998,false,תבנית קוקי אינגליש עם נייר אפייה 4 יח,קוקי,CN,קוקי תבנית אינגליקיי,יח',1.00,יח',false,,9.90,9.9000,true,1,1445032
7290111935527,false,"מ. שיניים קולגייט טוטל קלין מיניט -זוג כשל""פ2*100 גרם",קולגייט פלמוליב,PL,זוג קולגייט טוטל קלי,מיליליטרים,200.00,"100 מ""ל",false,,28.90,0.1445,true,1,1445038
7290111935961,false,מאסטר שף מחית עגבניות 690 גרם,פראנו אנריקו ופיגלי,IT,מאסטר שף מחית עגבניו,גרמים,690.00,100 גרם,false,,9.90,0.0143,true,1,1445043
7290111936203,false,"ליידי ספיד סטיק דרמה ספריי ויטמין אי 150 מ""ל",ליידי ספיד סטיק Lady Speed Stick,RU,ליידי ספיד סטיק דרמה,מיליליטרים,150.00,"100 מ""ל",false,,13.90,0.0927,true,1,1445045
7290111936296,false,"פלמוליב סבון נוזלי בניחוח סנסיישן מסאז' ,750 מ""ל",קולגייט פלמוליב,TR,פלמוליב ארומה סנסייש,מיליליטרים,750.00,"100 מ""ל",false,,19.90,0.0265,true,1,1445051
7290111936487,false,"קולגייט זוג משחת שיניים טוטל קלין להלבנה 100 מ""ל",קולגייט פלמוליב,PL,זוג קולגייט טוטל הלב,מיליליטרים,200.00,"100 מ""ל",false,,28.90,0.1445,true,1,1445055
7290111936784,false,פרי מארז חטיפים 5 יחידות תמרים ואגוזי לוז כשלפ,"טבעית מוצרים מהטבע בע""\מ",IL,פרי מארז 5 חטיפים תמ,גרמים,125.00,100 גרם,false,,14.90,0.1192,true,1,1445057
7290111937248,false,פרי מארז חטיפים 5 יחידות תמרים קשיו ונגיעות לוז כשלפ,"טבעית מוצרים מהטבע בע""\מ",IL,פרי מארז 5 חטיפים תמ,גרמים,125.00,100 גרם,false,,14.90,0.1192,true,1,1445062
7290111937255,false,פרי מארז חטיפים 5 יחידות תמרים בוטנים ואגוזי לוז כשלפ,"טבעית מוצרים מהטבע בע""\מ",IL,פרי מארז 5 חטיפים תמ,גרמים,125.00,100 גרם,false,,14.90,0.1192,true,1,1445063
7290111938481,false,"רוטב סויה בהירה מאסטר שף 300 מ""ל",מאסטר שף,TH,מאסטר שף רוטב סויה ב,מיליליטרים,300.00,"100 מ""ל",false,,8.90,0.0297,true,1,1445076
7290111939174,false,קוקי ניילון נצמד עם גומי מידה לארג,קוקי,CN,קוקי ניילון נצמד עם,יח',1.00,יח',false,,8.90,8.9000,true,1,1445085
7290111939181,false,קוקי כיסוי ניילון עם גומי מיקס מידות,שסטוביץ,CN,קוקי ניילון נצמד עם,יח',1.00,יח',false,,8.90,8.9000,true,1,1445086
7290112000385,false,מנקה ומחטא עוצמתי למטבח ללא אקונומיקה,רקיט בנקיזר,PL,דטול תרסיס למטבח 750,מיליליטרים,750.00,"100 מ""ל",false,,9.90,0.0132,true,1,1456441
7290112000392,false,מנקה ומחטא עוצמתי לחדר האמבטיה ללא אקונומיקה,רקיט בנקיזר,PL,דטול תרסיס לאמבטיה 7,מיליליטרים,750.00,"100 מ""ל",false,,9.90,0.0132,true,1,1456442
7290112000408,false,מנקה ומחטא עוצמתי לניקוי כללי בניחוח לימון,רקיט בנקיזר,US,דטול תרסיס לניקוי כל,מיליליטרים,750.00,"100 מ""ל",false,,9.90,0.0132,true,1,1456443
7290112000736,false,פיניש טבליות aio 80 יח אריזת חסכון,רקיט בנקיזר,PL,פיניש טבליות 80יח 1,קילוגרמים,1.28,"ק""ג",false,,54.90,42.8906,true,1,1456446
7290112000798,false,"דיטול תרסיסי חיטוי וניקוי אנטי בקטריאלי 750 מ""ל",רקיט בנקיזר,US,דטול תרסיס חיטוי אנט,מיליליטרים,750.00,"100 מ""ל",false,,9.90,0.0132,true,1,1456447
7290112001023,false,"אירוויק ספרי אוטמטי מילוי תענוגות האביב 250 מ""ל","יצרן המכשיר: זובלה, שנזן",HU,אירוויק מילוי מכשיר,מיליליטרים,250.00,"100 מ""ל",false,,14.90,0.0596,true,1,1456453
7290112001030,false,"אירוויק ספרי אוטמטי מילוי פריחת הדובדבן 250 מ""ל","יצרן המכשיר: זובלה, שנזן",HU,אירוויק מילוי מכשיר,מיליליטרים,250.00,"100 מ""ל",false,,14.90,0.0596,true,1,1456454
7290112001221,false,מנקה מכונת כביסה בניחוח נקי ורענן,רקיט בנקיזר,PT,קולון מנקה מכונה רגי,מיליליטרים,250.00,"100 מ""ל",false,,19.90,0.0796,true,1,1456455
7290112001870,false,"סיליט באנג ספריי ניקוי אמבטיה 750 מ""ל",רקיט בנקיזר,PL,סיליט באנג אמבטיות 7,מיליליטרים,750.00,"100 מ""ל",false,,12.50,0.0167,true,1,1456460
7290112001900,false,פיניש ג'ל למדיח אקולוגי 1 ליטר,רקיט בנקיזר,PL,פיניש ג'ל למדיח אקול,מטרים,1000.00,100 מ'ל,false,,42.50,0.0425,true,1,1456461
7290112002044,false,טבליות פיניש מנקה מדיח 3 יח,רקיט בנקיזר,HU,פיניש מנקה מדיח טבלי,מטרים,1000.00,100 מ'ל,false,,14.90,0.0149,true,1,1456463
7290112002099,false,קולון גל כביסה מרוכז 2.5 ליטר קלאסי,רקיט בנקיזר,IL,קולון ג'ל 2.5 לי רגי,יח',1.00,יח',false,,24.90,24.9000,true,1,1456464
7290112002105,false,קולון גל כביסה מרוכז 2.5 ליטר ניחוח לילך,רקיט בנקיזר,IL,קולון ג'ל 2.5 לי ניח,יח',1.00,יח',false,,24.90,24.9000,true,1,1456465
7290112002112,false,ג'ל כביסה מרוכז קולון 101 בניחוח ורדים,רקיט בנקיזר,IL,קולון ג'ל 2.5 לי ניח,יח',1.00,יח',false,,24.90,24.9000,true,1,1456466
7290112002129,false,ג'ל כביסה מרוכז קולון 101 בניחוח פריחה מרענן,רקיט בנקיזר,IL,קולון ג'ל 2.5 לי ניח,יח',1.00,יח',false,,24.90,24.9000,true,1,1456467
7290112002136,false,ג'ל כביסה מרוכז קולון 101 קלאסי,רקיט בנקיזר,IL,קולון ג'ל 4לי,יח',1.00,יח',false,,34.50,34.5000,true,1,1456468
7290112002143,false,ג'ל כביסה מרוכז קולון 101 בניחוח לילך,רקיט בנקיזר,IL,קולון ג'ל 4לי ניחוח,יח',1.00,יח',false,,34.50,34.5000,true,1,1456469
7290112002150,false,ג'ל כביסה מרוכז קולון 101 בניחוח ורדים,רקיט בנקיזר,IL,קולון ג'ל 4לי ורדים,יח',1.00,יח',false,,34.50,34.5000,true,1,1456470
7290112002983,false,"סיליט באנג ניקוי כללי רכיבים טבעיים 750 מ""ל",רקיט בנקיזר,PL,סיליט ספריי חומצת לי,מיליליטרים,750.00,"100 מ""ל",false,,13.90,0.0185,true,1,1456479
7290112002990,false,"סיליט ספריי אבקת סודה להסרת שומנים 750 מ""ל",רקיט בנקיזר,PL,סיליט ספריי אבקת סוד,מיליליטרים,750.00,"100 מ""ל",false,,13.90,0.0185,true,1,1456480
7290112003140,false,"אירוויק ספרי אוטמטי מילוי מנגו מרענן 250 מ""ל",RECKITT BENCKISER UK,GB,אירוויק פרשמטיק מילו,יח',1.00,יח',false,,14.90,14.9000,true,1,1456484
7290112004024,false,ג'ל מסיר כתמים לכביסה לבנה וניש אוקסי אקשן,קליה וניש Kalia Vanish,PL,"וניש גולד ג'ל 940 מ""",מיליליטרים,940.00,"100 מ""ל",false,,19.90,0.0212,true,1,1456503
7290112004031,false,ג'ל מסיר כתמים לכביסה צבעונית וניש אוקסי אקשן,קליה וניש Kalia Vanish,PL,"וניש גולד ג'ל 940 מ""",מיליליטרים,940.00,"100 מ""ל",false,,19.90,0.0212,true,1,1456504
7290112004161,false,"ספריי אוטמטי מילוי בניחוח סנטורל 250 מ""ל אירוויק",RB בריטניה,GB,איירוויק פרשמטיק מיל,מיליליטרים,250.00,"100 מ""ל",false,,14.90,0.0596,true,1,1477168
7290112004208,false,פיניש טבליות למדיח הכל ב 1 לימון 50 יחידות,רקיט בנקיזר,PL,פיניש טבליות 50יח לי,יח',1.00,יח',false,,34.90,34.9000,true,1,1456509
7290112004253,false,"קרם בספריי להסרת שיער לעור רגיש 150 מ""ל ויט",רקיט בנקיזר,,ויט קרם בספריי להסרת,מיליליטרים,150.00,"100 מ""ל",false,,19.90,0.1327,true,1,1456510
7290112004314,false,"דטול - תרסיס חיטוי וניקוי בניחוח לימון רימונים 750 מ""ל",רקיט בנקיזר,PL,דטול תרסיס מנקה ומחט,מיליליטרים,750.00,"100 מ""ל",false,,9.90,0.0132,true,1,1456511
7290112004468,false,דטול - מחטא כביסה לכותנה 1.50 ליטר,RB איטליה,IT,דטול מחטא כביסה לבגד,מיליליטרים,1500.00,"100 מ""ל",false,,24.90,0.0166,true,1,1456515
7290112004611,false,"וניש קליה ג'ל מרוכז לטיפול נקודתי בכתמים 200 מ""ל",רקיט בנקיזר,PT,וניש גולד ג'ל עוצמתי,מטרים,200.00,100 מ'ל,false,,16.50,0.0825,true,1,1456517
7290112004703,false,וניש תוסף כביסה גל מרוכז-כביסה צבעונית,רקיט בנקיזר,IT,וניש ג'ליסימו ורוד 7,מטרים,750.00,100 מ'ל,false,,19.90,0.0265,true,1,1507166
7290112004710,false,וניש תוסף כביסה גל מרוכז-כביסה לבנה,רקיט בנקיזר,IT,וניש ג'ליסימו לבן 75,מטרים,750.00,100 מ'ל,false,,19.90,0.0265,true,1,1507167
7290112004963,false,"פיניש אולטימייט קפסולות לניקוי כלים במדיח, 25 יחידות",רקיט בנקיזר,PL,פיניש אולטימייט 25,יח',1.00,יח',false,,39.90,39.9000,true,1,1480690
7290112004970,false,פיניש אולטימייט קוואנטום 50 טבליות למדיח,רקיט בנקיזר,IL,פיניש אולטימייט 50,יח',60.00,יח',false,,59.90,0.9983,true,1,1480691
7290112005052,false,וניש תוסף כביסה רב תכליתי לבגדים לבנים,קליה וניש Kalia Vanish,IT,וניש אבקה לכביסה לבנ,גרמים,1500.00,100 גרם,false,,39.90,0.0266,true,1,1477170
7290112005083,false,וניש תוסף כביסה רב תכליתי לכביסה צבעונית,קליה וניש Kalia Vanish,IT,וניש אבקה לכביסה צבע,קילוגרמים,1.50,"ק""ג",false,,39.90,26.6000,true,1,1477172
7290112005168,false,פיניש אולטימייט קוואנטום לימון 60 טבליות למדיח,רקיט בנקיזר,PL,פיניש קוואנטום 60 טב,יח',60.00,יח',false,,59.90,0.9983,true,1,1480692
7290112011930,false,רוטב סויה 550 גרם רמי לוי,,,רוטב סויה 550 גרם רמ,גרמים,550.00,100 גרם,false,,9.90,0.0180,true,1,1461433
7290112011985,false,רוטב טריאקי 560 גרם רמילוי,,,רוטב טריאקי 560 גרם,גרמים,560.00,100 גרם,false,,9.90,0.0177,true,1,1461434
7290112012869,false,רוטב טריאקי גינגר ושומשום רמילוי,,,רוטב טריאקי גינגר וש,גרמים,590.00,100 גרם,false,,9.90,0.0168,true,1,1461437
7290112013767,false,רמי לוי רוטב אלף האיים 500 גר' 6X,,,רמי לוי רוטב אלף האי,גרמים,500.00,100 גרם,false,,9.90,0.0198,true,1,1461438
7290112013774,false,רוטב אלף האיים לייט 500 ג רמילוי,,,רוטב אלף האיים לייט,גרמים,500.00,100 גרם,false,,9.90,0.0198,true,1,1461439
7290112013798,false,רמי לוי רוטב וינגרט לייט 500 גר',,,רמי לוי רוטב וינגרט,גרמים,500.00,100 גרם,false,,9.90,0.0198,true,1,1461441
7290112013811,false,רמי לוי רוטב שום ליי,,,רמי לוי רוטב שום ליי,מיליליטרים,500.00,"100 מ""ל",false,,9.90,0.0198,true,1,1461443
7290112190437,false,פופקורן קלאסי 65ג רמ,,,פופקורן קלאסי 65ג רמ,גרמים,65.00,100 גרם,false,,3.90,0.0600,true,1,1472064
7290112190543,false,דקדקים קצח 200ג רמילוי,,,דקדקים קצח 200ג רמיל,גרמים,200.00,100 גרם,false,,6.50,0.0325,true,1,1461194
7290112190819,false,פטוציני 500 ג רמי לוי,,,פטוציני 500 ג רמי לו,גרמים,500.00,100 גרם,false,,6.90,0.0138,true,1,1461200
7290112191069,false,טורטייה מזונות תפוחים 320 ג',,,טורטיה 8יח 20סמ,יח',1.00,יח',false,,7.90,7.9000,true,1,1458252
7290112191090,false,טורטיה עם קמח כוסמת מלא 320מלא גרם 8 יחי,,,טורטיה קמח כוסמת מלא,גרמים,320.00,100 גרם,false,,7.90,0.0247,true,1,1458255
7290112191113,false,טורטיות עם זרעי צ'יה 320 ג',,,טורטיה וזרעי צ'יה 32,גרמים,320.00,100 גרם,false,,7.90,0.0247,true,1,1458256
7290112191328,false,ניוקי 500 ג רמי לוי,,,ניוקי 500 ג רמי לוי,גרמים,500.00,100 גרם,false,,5.90,0.0118,true,1,1461205
7290112191335,false,מיני ניוקי 500 ג רמי לוי,,,מיני ניוקי 500 ג רמי,גרמים,500.00,100 גרם,false,,6.90,0.0138,true,1,1461206
7290112191564,false,מסטיק ללא סוכר פירות 33גר רמילוי,,,מסטיק ללא סוכר פירות,גרמים,33.00,100 גרם,false,,3.50,0.1061,true,1,1461210
7290112191595,false,מסטיק ללא תוספת סוכר מלון 33גר רמי לוי,,,מסטיק ללא תוספת סוכר,גרמים,33.00,100 גרם,false,,3.50,0.1061,true,1,1461213
7290112191601,false,מסטיק ללא תוספת סוכר,,,מסטיק ללא תוספת סוכר,גרמים,33.00,100 גרם,false,,3.50,0.1061,true,1,1461214
7290112191861,false,פתיתים כוכבים 500גר רמילוי,,,פתיתים כוכבים 500גר,גרמים,500.00,100 גרם,false,,4.50,0.0090,true,1,1461216
7290112191984,false,מארז קפסולות אספרסו חזק 50יח רמילוי,,,מארז קפסולות אספרסו,יח',1.00,יח',false,,39.00,39.0000,true,1,1461218
7290112192158,false,"ניוקי תפו""א 500 גרם ללא גלוטן",,IT,ניוקי תפוא ללא גלוטן,גרמים,500.00,100 גרם,false,,10.90,0.0218,true,1,1442845
7290112192509,false,פירורי לחם ללא גלוטן 250 גר GFREE,אשבל מזון פונקציונלי,IL,פרורי לחם 250ג גיפרי,גרמים,250.00,100 גרם,false,,15.90,0.0636,true,1,1442850
7290112192561,false,"משחת שיניים פרודונטקס הגנה מלאה מרעננת הלבנה 75 מ""ל",ג'י.אס.קיי קונסיומר,IE,פרודונטקס הלבנה 75 מ,מטרים,75.00,100 מ'ל,false,,34.90,0.4653,true,1,1455926
7290112192578,false,משחת שיניים פרודונטקס אקסטרה פרש הגנה מלאה,ג'י.אס.קיי קונסיומר,IE,פרודונטקס הגנה מלאה,מטרים,75.00,100 מ'ל,false,,34.90,0.4653,true,1,1455927
7290112192585,false,פרודונטקס מברשת שיניים הגנה מלאה סופט,גלקסוס סמית קליין,IE,מברשת שיניים פרודונט,יח',1.00,יח',false,,24.90,24.9000,true,1,1455928
7290112192875,false,"סנסודיין - משחת שיניים רגישות וחניכיים 75 מ""ל",סנסודיין Sensodyne,GB,סנסודיין חניכיים רגי,יח',1.00,יח',false,,33.90,33.9000,true,1,1455932
7290112192905,false,מברשת לשיניים רגישות ובעיות חניכיים סנסודיין,סנסודיין Sensodyne,DE,מברשת סנסודיין סופט,מטרים,100.00,100 מ'ל,false,,24.90,0.2490,true,1,1455934
7290112192998,false,סטייל מתולתלות קרם לחות לשיער מקורזל 400,גורי,IL,קרם לחות לשיער מקורז,מטרים,400.00,100 מ'ל,false,,27.90,0.0697,true,1,1477145
7290112193292,false,"סטייל - מתולתלות מסכה לטיפול עמוק 500 מ""ל",א.ל.ארמן ייצור תמרוקים ב,IL,מסכה מתולתלות 500 מל,מיליליטרים,500.00,"100 מ""ל",false,,25.90,0.0518,true,1,1455943
7290112194091,false,פתיבר ביסקויט קלאסי 500ג רמילוי,,,פתיבר ביסקויט קלאסי,גרמים,500.00,100 גרם,false,,6.90,0.0138,true,1,1461220
7290112194176,false,פריכיות דקות תירס 100ג רמילוי,,,פריכיות דקות תירס 10,יח',1.00,יח',false,,7.50,7.5000,true,1,1461223
7290112194343,false,סכיני גילוח לאישה 5יח רמילוי,,,סכיני גילוח לאישה 5י,יח',1.00,יח',false,,8.90,8.9000,true,1,1470766
7290112194350,false,סכיני גילוח לגבר 5יח רמילוי,,,סכיני גילוח לגבר 5יח,יח',1.00,יח',false,,8.90,8.9000,true,1,1470767
7290112194374,false,סכיני גילוח לגבר 10יח רמילוי,,,סכיני גילוח לגבר 10י,יח',1.00,יח',false,,14.90,14.9000,true,1,1470769
7290112194398,false,סכיני גילוח 3 להבים לגבר 4יח רמילוי,,,סכיני גילוח 3 להבים,יח',1.00,יח',false,,14.90,14.9000,true,1,1470771
7290112194503,false,טורטיה חיטה 320 גר,,,טורטיה חיטה 320 גר,גרמים,320.00,100 גרם,false,,8.50,0.0266,true,1,1461227
7290112194510,false,טורטיה חיטה 450גר,,,טורטיה חיטה 450גר,גרמים,450.00,100 גרם,false,,9.90,0.0220,true,1,1461228
7290112194527,false,טורטיה חיטה 560 גר,,,טורטיה חיטה 560 גר,גרמים,560.00,100 גרם,false,,9.90,0.0177,true,1,1461229
7290112194534,false,טורטיה חיטה מלאה 320 גר,,,טורטיה חיטה מלאה 320,גרמים,320.00,100 גרם,false,,8.50,0.0266,true,1,1461230
7290112194541,false,טורטיה חיטה מלאה 560 גר,,,טורטיה חיטה מלאה 560,גרמים,560.00,100 גרם,false,,9.90,0.0177,true,1,1461231
7290112194909,false,דקדקים בייגלה שטוח וקימל 200 גר,,,דקדקים בייגלה שטוח ו,גרמים,200.00,100 גרם,false,,6.50,0.0325,true,1,1461232
7290112195036,false,רגעים מתוקים ביסקויט בתחתית שוקולד מריר,,,רגעים מתוקים ביסקויט,גרמים,102.00,100 גרם,false,,4.90,0.0480,true,1,1461234
7290112195104,false,חמאת בוטנים רמילוי,,,חמאת בוטנים רמילוי,גרמים,500.00,100 גרם,false,,10.90,0.0218,true,1,1461236
7290112195111,false,חמאת בוטנים עם שבבים רמי לוי,,,חמאת בוטנים עם שבבים,גרמים,500.00,100 גרם,false,,10.90,0.0218,true,1,1461237
7290112195197,false,מלפפונים במלח 15-17 310גר,,,מלפפונים במלח 15-17,גרמים,310.00,100 גרם,false,,6.90,0.0223,true,1,1461238
7290112195340,false,פרכיות 165 גרם,,,פרכיות 165 גרם,גרמים,165.00,100 גרם,false,,6.50,0.0394,true,1,1461239
7290112195425,false,משקה אורז 1לי רמי לוי,,,משקה אורז 1לי רמי לו,ליטרים,1.00,ליטר,false,,8.90,8.9000,true,1,1461240
7290112195432,false,משקה אורז ושקדים 1לי רמי לוי,,,משקה אורז ושקדים 1לי,ליטרים,1.00,ליטר,false,,9.90,9.9000,true,1,1461241
7290112195449,false,משקה סויה מועשר סידן 1לי רמי לוי,,,משקה סויה מועשר סידן,ליטרים,1.00,ליטר,false,,8.90,8.9000,true,1,1461242
7290112195456,false,משקה שקדים 1לי רמי לוי,,,משקה שקדים 1לי רמי ל,ליטרים,1.00,ליטר,false,,9.90,9.9000,true,1,1461243
7290112195463,false,משקה שיבולת שועל 1לי רמי לוי,,,משקה שיבולת שועל 1לי,ליטרים,1.00,ליטר,false,,11.90,11.9000,true,1,1461244
7290112195548,false,קוסקוס דורום 500ג רמילוי,,,קוסקוס דורום 500ג רמ,גרמים,500.00,100 גרם,false,,5.90,0.0118,true,1,1461247
7290112195685,false,חישוקים דגני בוקר טעם עוגיות 420גר,,,חישוקים דגני בוקר טע,גרמים,420.00,100 גרם,false,,9.90,0.0236,true,1,1461248
7290112196781,false,קמח כוסמין בהיר מנופה 1 קג,,,קמח כוסמין בהיר מנופ,יח',1.00,יח',false,,16.90,16.9000,true,1,1442882
7290112196798,false,קמח כוסמין 8מלא מנופה 1קג,,,קמח כוסמין 8מלא מנופ,יח',1.00,יח',false,,16.90,16.9000,true,1,1442883
7290112196804,false,קמח כוסמין 80% מנופה 1קג,,,קמח כוסמין 80% מנופה,יח',1.00,יח',false,,16.90,16.9000,true,1,1442884
7290112196903,false,מארז סנסודיין רביעייה דואלקר-זהב,,,מארז סנסודיין רביעיי,יח',1.00,יח',false,,49.90,49.9000,true,1,1455956
7290112197177,false,דגני בוקר במילוי קרם בטעם נוגט ללא גלוטן 375 ג' G FREE,נטורל קייקס,IL,דגני בוקר במילוי קרם,גרמים,395.00,100 גרם,false,,21.90,0.0554,true,1,1442889
7290112197184,false,דגני בוקר במילוי קרם קרמל מלוח ללא גלוטן 375 ג' G FREE,נטורל קייקס,IL,דגני בוקר במילוי קרם,גרמים,395.00,100 גרם,false,,21.90,0.0554,true,1,1442890
7290112197191,false,דגני בוקר כהים במילוי קרם וניל ללא גלוטן 375 ג' G FREE,נטורל קייקס,IL,דגני בוקר כהים במילו,גרמים,395.00,100 גרם,false,,21.90,0.0554,true,1,1442891
7290112197207,false,מיני כריות בציפוי שוקולד חלב 70 גר,נטורל קייקס,IL,מיני כריות בציפוי שו,גרמים,70.00,100 גרם,false,,7.90,0.1129,true,1,1442892
7290112197702,false,פיצה משפחתית  מרגריטה 330 ג' ללא גלוטן ג'י פרי,נטורל קייקס,IL,פיצה מרגריטה קפואה ל,גרמים,330.00,100 גרם,false,,24.90,0.0755,true,1,1493650
7290112197719,false,פיצה משפחתית  זיתים 330 ג' ללא גלוטן ג'י פרי,נטורל קייקס,IL,פיצה זיתים ללא גלוטן,גרמים,330.00,100 גרם,false,,24.90,0.0755,true,1,1496167
7290112198044,false,"שמן זית כתית מעולה רמי לוי 750 מ""ל",,,שמן זית כתית מעולה ר,מיליליטרים,750.00,"100 מ""ל",false,,13.90,0.0185,true,1,1503067
7290112330352,false,"יוגורט PRO בטעם וניל 0% , 20 גרם חלבון בגביע","שטראוס בריאות בע""\מ",IL,דנונה פרו 20ג וניל 0,גרמים,200.00,100 גרם,false,,5.90,0.0295,true,1,1454781
7290112330390,false,דנונה פרו פירות יער 20 גרם חלבון 0% שומן 200 גרם,"שטראוס בריאות בע""\מ",IL,דנונה פרו 20ג פירות,גרמים,200.00,100 גרם,false,,5.90,0.0295,true,1,1454782
7290112330420,false,דנונה פרו לבן 2.9% שומן 150 גרם,מיוצר עי קונדיטוריית,IL,דנונה פרו לבן 2.9%,גרמים,150.00,100 גרם,false,,4.50,0.0300,true,1,1454783
7290112332585,false,פריכיות משולש תפוא אורז בתיבול סלק ומלח ים אנרג'י 30 גרם,"פרח תעשיו מזון בע""מ",IL,פריכיות תפוא אורז בת,גרמים,30.00,גרם,false,,4.90,0.1633,true,1,1445814
7290112332691,false,פינוקיות עוגיות קרם פסק זמן אגוזים 200 גרם,"הגביע מוצרי וופלים בע""\מ",IL,עוגיית קרם פסק אגוזי,גרמים,200.00,100 גרם,false,,9.90,0.0495,true,1,1445818
7290112332875,false,מסטיק מאסט קוביות בטעם מנטה עדינה 86 ג' עלית,אסקום קונפקשיין,DE,מאסט קוביות מנטה עדי,גרמים,86.00,100 גרם,false,,12.90,0.1500,true,1,1445821
7290112332899,false,עלית - צנצנת בזוקה פופים קלאסי 58 גרם,אסקום קונפקשיין,IL,מסטיק בזוקה פופים 58,גרמים,58.00,100 גרם,false,,9.90,0.1707,true,1,1445822
7290112335111,false,מסטיק מאסט קוביות בזוקה ללא גלוטן 86 גר,אסקום קונפקשיין,DE,מאסט קוביות בזוקה 86,גרמים,86.00,100 גרם,false,,12.90,0.1500,true,1,1445825
7290112335487,false,הפריכיות הטעימות קצח ודגנים אנרג'י 135 גרם,אנרג'י Energy - שטראוס,IL,פריכיות הטעימות קצח,גרמים,135.00,100 גרם,false,,9.90,0.0733,true,1,1445826
7290112335494,false,הפריכיות הטעימות תפוחי אדמה בטעם פוטטוס,"פרח תעשיות מזון בע""\מ",IL,פריכיות הטעימות פוטט,גרמים,135.00,100 גרם,false,,9.90,0.0733,true,1,1445827
7290112335500,false,"פרכיות אנרג'י חומוס,אורז,עדשים שחורות וקינואה 135 גרם","פרח תעשיות מזון בע""\מ",IL,פריכיות הטעימות חלבו,גרמים,135.00,100 גרם,false,,9.90,0.0733,true,1,1445828
7290112336637,false,סוכריות מאסט Must ללא סוכר יוגורט תות ואוכניות,שטראוס גרופ,PL,"סוכריות לל""ס יוגורט",גרמים,80.00,100 גרם,false,,6.90,0.0863,true,1,1445831
7290112336644,false,סוכריות מאסט ללא סוכר לימון 80 ג' עלית,שטראוס גרופ,PL,"סוכריות לל""ס לימון 8",גרמים,80.00,100 גרם,false,,6.90,0.0863,true,1,1445832
7290112336651,false,סוכריות מאסט ללא סוכר ריבת חלב 80 ג' עלית,שטראוס גרופ,PL,"סוכריות לל""ס ריבת חל",גרמים,80.00,100 גרם,false,,6.90,0.0863,true,1,1445833
7290112336712,false,יוגורט PRO לבן 0% 21 גרם חלבון בגביע,"שטראוס בריאות בע""מ",IL,דנונה פרו 21 0%,גרמים,200.00,100 גרם,false,,5.90,0.0295,true,1,1454793
7290112337474,false,סוכריות מאסט ללא סוכר פטל לימון 80 ג' עלית,שטראוס גרופ,PL,"סוכריות לל""ס פטל לימ",גרמים,80.00,100 גרם,false,,6.90,0.0863,true,1,1445834
7290112337481,false,סוכריות מאסט ללא סוכר קפצ''ינו 80 ג' עלית,שטראוס גרופ,PL,"סוכריות לל""ס קפוצינו",גרמים,80.00,100 גרם,false,,6.90,0.0863,true,1,1445835
7290112338877,false,מעדן גבינה בטעם תות 3% 125ג' סקי,"שטראוס בריאות בע""\מ",IL,סקי תות 3% 125 גר,גרמים,125.00,100 גרם,false,,3.70,0.0296,true,1,1454794
7290112339171,false,מילקי מוס עם שוקולד וקצפת,מיוצר עי קונדיטוריית,IL,מילקי מוס 81 גר,גרמים,81.00,גרם,false,,3.30,0.0407,true,1,1454797
7290112339362,false,דנונה לייט אנד פריי בטעם קפוצ'ינו 150 גרם,"שטראוס בריאות בע""\מ",IL,דנונה דיאט קפוצינו,גרמים,150.00,100 גרם,false,,4.30,0.0287,true,1,1454800
7290112339867,false,גמדים לדרך גבינה לבנה עם מחית תות,"שטראוס בריאות בע""\מ",IL,גמדים סקוויז לדרך תו,גרמים,100.00,100 גרם,false,,5.40,0.0540,true,1,1454801
7290112339874,false,גמדים לדרך גבינה לבנה עם מחיות תות ובננה,"שטראוס בריאות בע""\מ",IL,גמדים סקוויז לדרך תו,גרמים,100.00,100 גרם,false,,5.40,0.0540,true,1,1454802
7290112340122,false,הפריכיות הטעימות 3 דגנים אנרג'י 135 גרם,"פרח תעשיות מזון בע""\מ",IL,פריכיות הטעימות 3 דג,גרמים,135.00,100 גרם,false,,9.90,0.0733,true,1,1445836
7290112340245,false,צנצנת מסטיק מאסט בטעם דובדבן 66 ג' עלית,"שטראוס גרופ בע""\מ",IL,מאסט דובדבן צנצנת 66,יח',1.00,יח',false,,8.90,8.9000,true,1,1445838
7290112340276,false,פינוקיות עוגיות קרם קפה 200 גרם,"הגביע מוצרי וופלים בע""\מ",IL,עוגיית קרם קפה נמס 2,גרמים,200.00,100 גרם,false,,9.90,0.0495,true,1,1445840
7290112340900,false,קפה טורקי האג נטול קפאין 200 גרם,הנסיך- מפעל לייצור ט,IL,האג קפה טורקי 200 גר,גרמים,200.00,100 גרם,false,,24.90,0.1245,true,1,1445841
7290112341556,false,יוגורט אקטיביה עם צ'יה ותות 150 גרם,"שטראוס בריאות בע""\מ",IL,אקטיביה צ'יה ותות,גרמים,150.00,100 גרם,false,,4.50,0.0300,true,1,1454806
7290112341679,false,דנונה אקטיביה 3% שומן 200 גרם,מיוצר עי קונדיטוריית,IL,אקטיביה 3% 200 גרם,גרמים,200.00,100 גרם,false,,3.70,0.0185,true,1,1454807
7290112341686,false,שמינייה יוגורט לבן אקטיביה 3% דנונה 150 גרם.,מיוצר עי קונדיטוריית,IL,יוגורט אקטיביה 3% 15,ליטרים,1.20,ליטר,false,,19.90,16.5833,true,1,1454808
7290112342102,false,סימפוניה גבינה במרקם שמנת בצל מקורמל 5%,"שטראוס בריאות בע""\מ",IL,סימפוניה בצל מקורמל,גרמים,200.00,100 גרם,false,,10.40,0.0520,true,1,1454813
7290112343260,false,"יטבתה רוטב שמנת קלאסי 9% שומן 260 מ""ל",שטראוס גרופ,IL,רוטב שמנת קלאסי 9%,מיליליטרים,260.00,"100 מ""ל",false,,9.80,0.0377,true,1,1454816
7290112343420,false,"משקה חלב עם דגנים מלאים ובננה פרו יטבתה 350מ""ל",מחלבת יטבתה,IL,יטבתה פרו ארוחת בוקר,מיליליטרים,350.00,"100 מ""ל",false,,6.90,0.0197,true,1,1454819
7290112343499,false,חטיף צ'יטוס פאפס אפוי בטעם גבינה,"שטראוס פריטו ליי בע""\מ )",IL,ציטוס פופס 55 גר,יח',1.00,יח',false,,3.10,3.1000,true,1,1450750
7290112344564,false,רביולי גבינה קלאסי שטראוס 400 ג',מיוצר עי קונדיטוריית,IL,רביולי גבינה,גרמים,300.00,100 גרם,false,,19.80,0.0660,true,1,1454820
7290112344724,false,מעדן בטעם שוקולד בלונדי 170 ג' מילקי,מיוצר עי קונדיטוריית,IL,מילקי טעם שוקולד בלנ,גרמים,133.00,100 גרם,false,,3.30,0.0248,true,1,1454821
7290112344755,false,מילקי שוקולד 26% פחות סוכר 135 גרם,מיוצר עי קונדיטוריית,IL,מילקי 26% פחות סוכר,מיליליטרים,135.00,"100 מ""ל",false,,2.70,0.0200,true,1,1454824
7290112344786,false,קפה פלטינום קלאסיק עלית 200 גרם,הנסיך- מפעל לייצור ט,IL,פלטינום קלאסיק 200 ג,גרמים,200.00,100 גרם,false,,24.90,0.1245,true,1,1445851
7290112344953,false,סימפוניה חציל קלוי גבינה במקרם שמנת 5%,"שטראוס בריאות בע""\מ",IL,סימפוניה חציל קלוי 5,גרמים,200.00,100 גרם,false,,10.40,0.0520,true,1,1454830
7290112346360,false,בפלות אחת אחת ופל בטעם שוקולד מצופה שוקולד,הגביע מוצרי וופלים ב,GR,בפלות אחת אחת בציפוי,גרמים,180.00,100 גרם,false,,11.90,0.0661,true,1,1445859
7290112346629,false,דנונה בר יוגורט+קורנפלקס מצופה שוקולד חלב ולבן 172 גרם,"שטראוס בריאות בע""\מ",IL,יוגורט דנונה קורנפלק,מיליליטרים,172.00,"100 מ""ל",false,,4.30,0.0250,true,1,1454835
7290112346773,false,יוגורט בטעם וניל 0% לייט אנד פרי 10 גרם חלבון בגביע,מיוצר עי קונדיטוריית,IL,דנונה לייט אנד פריי,גרמים,150.00,100 גרם,false,,4.30,0.0287,true,1,1454839
7290112346797,false,יוגורט אקטיביה שיבולת שועל ושזיף 150 גרם,מיוצר עי קונדיטוריית,IL,אקטיביה שיבולת שועל,גרמים,150.00,100 גרם,false,,4.50,0.0300,true,1,1454841
7290112346827,false,שמיניית אקטימל ויטמין C פטל 108 גרם,"שטראוס בריאות בע""\מ",IL,אקטימל ויטמין סי פטל,מיליליטרים,864.00,"100 מ""ל",false,,19.90,0.0230,true,1,1454842
7290112347008,false,גמדים לדרך גבינה לבנה עם מחית תות ושיבולת שועל,מיוצר עי קונדיטוריית,IL,גמדים ארוחת בוקר עם,יח',1.00,יח',false,,5.40,5.4000,true,1,1454844
7290112347473,false,מארז דנונה לייט אנד פריי תות ואפרסק 150 גרם 8 יחידות,מיוצר עי קונדיטוריית,IL,מארז דנונה דיאט תות,קילוגרמים,1.20,"ק""ג",false,,26.90,22.4167,true,1,1454852
7290112348142,false,שעועית לבנה 380 גר' בקופסה טעם הטבע,שטראוס טעם הטבע,IT,שעועית לבנה 380גר קו,גרמים,380.00,100 גרם,false,,6.90,0.0182,true,1,1445866
7290112348616,false,עלית - קפה נמס אגוזי לוז 100 גרם,שטראוס קפה בי.וי,IL,קפה נמס אגוזי לוז 10,גרמים,100.00,100 גרם,false,,14.80,0.1480,true,1,1445871
7290112348999,false,הפריכיות הטעימות תירס דקות אנרג'י 135 גרם,פרח תעשיות,IL,פריכיות הטעימות תירס,גרמים,135.00,100 גרם,false,,9.90,0.0733,true,1,1445872
7290112349316,false,מסטיק בזוקה פופים ממולא בטעם תות ללא סוכר,אסקום קונפקשיין,DE,בזוקה ביג פופים תות,יח',1.00,יח',false,,12.90,12.9000,true,1,1445877
7290112349606,false,מעדן גבינה ויוגורט תות בננה 88 ג' דניאלה,"שטראוס בריאות בע""\מ",IL,דניאלה תות בננה 88 ג,מיליליטרים,88.00,"100 מ""ל",false,,3.90,0.0443,true,1,1454860
7290112349705,false,פומודורו רוטב עגבניות קלאסי לפסטה יד מרדכי 350 גרם,אמיליאנה קונסרב סוסייטה,IT,פומודורו רוטב עגבניו,גרמים,350.00,100 גרם,false,,10.90,0.0311,true,1,1445881
7290112349736,false,בזיליקום רוטב עגבניות לפסטה יד מרדכי 350 גרם,אמיליאנה קונסרב סוסייטה,IT,בזיליקום רוטב עגבניו,גרמים,350.00,100 גרם,false,,10.90,0.0311,true,1,1445882
7290112349743,false,ארביאטה רוטב עגבניות פיקנטי לפסטה 350 ג' יד מרדכי,אמיליאנה קונסרב סוסייטה,IT,ארביאטה רוטב עגבניות,גרמים,350.00,100 גרם,false,,10.90,0.0311,true,1,1445883
7290112349750,false,פיצה רוטב עגבניות לפיצה יד מרדכי 350 גרם,אמיליאנה קונסרב סוסייטה,IT,רוטב עגבניות לפיצה 3,גרמים,350.00,100 גרם,false,,10.90,0.0311,true,1,1445884
7290112349897,false,מסטיק מאסט Must קוביות בטעם מנטה ללא סוכר,אסקום קונפקשיין,DE,מאסט קוביות מנטה 86,יח',1.00,יח',false,,13.90,13.9000,true,1,1445885
7290112349903,false,רוטב שמנת עם גרגירי וניל 9% שומן 260 ג' יטבתה,מחלבת יטבתה,IL,רוטב שמנת וגרגירי ונ,מיליליטרים,250.00,"100 מ""ל",false,,9.80,0.0392,true,1,1454866
7290112350275,false,קפסולות LUNGO למכונת נספרסו עלית 10 יחידות,שטראוס קפה בי.וי,IL,קפסולות לונגו למכונת,יח',1.00,יח',false,,15.90,15.9000,true,1,1445886
7290112350312,false,קפסולות 15 קפה יותר למכונות נספרסו עלית 10יח',הנסיך- מפעל לייצור ט,IL,קפסולות 15 למכונת נס,יח',1.00,יח',false,,15.90,15.9000,true,1,1445888
7290112350589,false,ציקו אבקה להכנת משקה ציקוריה 65 גר,שטראוס קפה בי.וי,IL,קפה צ'יקו 65 גר,גרמים,65.00,100 גרם,false,,9.90,0.1523,true,1,1445890
7290112351067,false,סילאן טבעי 100% תמר מג'הול ללא תוספת סוכר,יד מרדכי,IL,סילאן טבעי לחיץ 630,מיליליטרים,630.00,"100 מ""ל",false,,23.90,0.0379,true,1,1445891
7290112351463,false,שלישיית סוכריות מאסט FRESH פטל לימון 45 ג' עלית,"הליקון גידה בע""\מ",TR,שלישיית סוכריות רפרש,יח',1.00,יח',false,,7.90,7.9000,true,1,1445897
7290112351470,false,סוכריות ללא סוכר בטעם תות רימון מאסט פרש,"הליקון גידה בע""\מ",TR,שלישיית סוכריות רפרש,יח',1.00,יח',false,,7.90,7.9000,true,1,1445898
7290112351524,false,עלי סלנובה 200 גר' שטראוס טעם הטבע,שטראוס בריאות ירקות טריי,IL,עלי סלנובה 200 גר' ש,גרמים,200.00,100 גרם,false,,12.90,0.0645,true,1,1454870
7290112353887,false,"משקה קפה קר בטעם אגוזים יטבתה 230 מ""ל",האי נאם סי או אל.טי.,AT,משקה קפה קר טעם אגוז,גרמים,230.00,100 גרם,false,,7.50,0.0326,true,1,1454874
7290112354204,false,"ספגטי עגבניות 280 גר' ""דלישס"" שטראוס",גסטרונומיה פרוסט אס. אר.,IT,ספגטי עגבניות 280גרם,גרמים,280.00,100 גרם,false,,16.90,0.0604,true,1,1441657
7290112354211,false,"פיצה מרגריטה""דלישס"" שטראוס",סקרלינפיצה אס. אר. אל. א,IT,פיצה מרגריטה 400גרם,גרמים,400.00,100 גרם,false,,14.90,0.0373,true,1,1441658
7290112354228,false,"פיצה מרגריטה עם זיתים ""דלישס"" שטראוס",סקרלינפיצה אס. אר. אל. א,IL,דלישס פיצה מרגריטה ע,גרמים,400.00,100 גרם,false,,14.90,0.0373,true,1,1441659
7290112354235,false,ברקטה פיצה - 2 יחידות במארז,סקרלינפיצה אס. אר. אל. א,IT,דלישס ברקטה פיצה 300,גרמים,300.00,100 גרם,false,,16.90,0.0563,true,1,1441660
7290112354945,false,תפוצ'יפס WAVY בטעם טבעי 50 גרם,שטראוס פריטו ליי בע”,IL,תפוצ'יפס בטעם טבעי 5,גרמים,50.00,100 גרם,false,,3.50,0.0700,true,1,1512736
7290112354952,false,"תפוציפס WAVY בטעם פפריקה , 50 גרם",שטראוס פריטו ליי בע”,IL,תפוצ'יפס בטעם פפריקה,גרמים,50.00,100 גרם,false,,3.50,0.0700,true,1,1512737
7290112355027,false,דנונה פרו 20 גרם חלבון בטעם קרמל מלוח 200 גרם,"שטראוס בריאות בע""\מ",IL,דנונה פרו 20ג קרמל מ,גרמים,200.00,100 גרם,false,,5.90,0.0295,true,1,1454882
7290112355102,false,גמדים סקוויז 100 גרם פאוץ סלט פירות 100 גרם,"שטראוס בריאות בע""\מ",IL,גמדים פאוץ סלט פירות,גרמים,100.00,100 גרם,false,,5.40,0.0540,true,1,1454887
7290112355263,false,רוטב שמנת עם שוקולד 9% שומן 260 ג' יטבתה,מחלבת יטבתה,IL,רוטב שמנתעם שוקולד 9,מיליליטרים,250.00,"100 מ""ל",false,,9.80,0.0392,true,1,1454890
7290112355393,false,"יטבתה רוטב שמנת+בטטה 9% שומן 250 מ""ל",שטראוס גרופ,IL,רוטב שמנת עם בטטה 9%,מיליליטרים,257.00,"100 מ""ל",false,,9.80,0.0381,true,1,1507516
7290112355812,false,מילקי טופ קורנפלקס 141 ג' שטראוס,"שטראוס גרופ בע""\מ",IL,מילקי טופ קורנפלקס 1,גרמים,141.00,100 גרם,false,,4.50,0.0319,true,1,1477103
7290112357045,false,עגבניות איטלקיות מרוסקות 390 גר' בקופסה טעם הטבע,שטראוס טעם הטבע,IT,מחית עגבניות מרוסקות,גרמים,390.00,100 גרם,false,,6.20,0.0159,true,1,1445926
7290112357069,false,מחית עגבניות איטלקיות בקופסה 500 גר' טעם הטבע,שטראוס טעם הטבע,IT,מחית עגבניות איטלקיו,גרמים,500.00,100 גרם,false,,6.50,0.0130,true,1,1445927
7290112357076,false,קוביות עגבניות איטלקיות 390 גר' בקופסה טעם הטבע,קונסרב איטליה,IT,קוביות עגבניות איטלק,גרמים,390.00,100 גרם,false,,6.20,0.0159,true,1,1445928
7290112357083,false,טעם הטבע אפונה ירוקה 380 גרם קופסה,הדקלאים אגודת שיתופי,IT,אפונת גינה 380 גר,גרמים,380.00,100 גרם,false,,6.90,0.0182,true,1,1445929
7290112357106,false,שעועית אדומה 380 גר' בקופסה טעם הטבע,שטראוס טעם הטבע,IT,שעועית אדומה 380גר ק,גרמים,380.00,100 גרם,false,,6.90,0.0182,true,1,1445930
7290112357113,false,גרגרי חומוס בקופסה 380 גר' טעם הטבע,שטראוס טעם הטבע,IT,גרגירי חומוס 380 גר,גרמים,380.00,100 גרם,false,,6.90,0.0182,true,1,1445931
7290112357175,false,קפסולות BOOST למכונת נספרסו עלית 10 יחידות,שטראוס קפה בי.וי,IL,קפסולות בוסט למכונת,יח',1.00,יח',false,,15.90,15.9000,true,1,1445932
7290112358004,false,פסק זמן קראנצ' עלית 32 גרם,שולן צ'\יקולטה גידה סאן.,TR,פסק זמן קראנצ' עלית,גרמים,32.00,100 גרם,false,,4.90,0.1531,true,1,1445935
7290112358127,false,דנונה פרו חלבון+מגנזיום- וניל ועוגיות 200 גרם,מיוצר עי קונדיטוריית,IL,דנונה פרו 20ג מגנזיו,גרמים,200.00,100 גרם,false,,6.20,0.0310,true,1,1454909
7290112358257,false,רוטב לעוף עם שזיפים יד מרדכי 300 גרם,"ב.א. מזון בע""\מ",IL,רוטב לעוף עם שזיפים,גרמים,300.00,100 גרם,false,,11.90,0.0397,true,1,1445938
7290112358554,false,מארז קפה נמס מנות אישיות לדרך 50.4 גר,שטראוס רומניה,RO,מארז נמס לדרך,יח',1.00,יח',false,,9.90,9.9000,true,1,1445939
7290112359384,false,עלית - קפה נמס אלפחורס ריבת חלב 100 גרם,שטראוס קפה בי.וי,IL,קפה נמס אלפחורס ריבת,גרמים,100.00,100 גרם,false,,14.90,0.1490,true,1,1445947
7290112490032,false,"נמס בכוס טעם תירס קנור 31 גרם מארז זוגי בד""צ",יוניליוור ישראל מזון בעמ,IL,"נמס בכוס תירס בד""ץ",גרמים,22.50,100 גרם,false,,6.50,0.2889,true,1,1447853
7290112490209,false,נמס בכוס מרק עגבניות עם קרוטונים רכיבים טבעיים,יוניליוור ישראל מזון בעמ,IL,נמס בכוס 100% רכיבים,יח',1.00,יח',false,,5.90,5.9000,true,1,1447856
7290112490216,false,מרק נמס בכוס בטעם עוף קנור 100% רכיבים טבעיים,יוניליוור ישראל מזון בעמ,IL,נמס בכוס טעם עוף וקר,גרמים,29.00,100 גרם,false,,5.90,0.2034,true,1,1447857
7290112490230,false,מרק נמס בכוס אפונה קנור 100% רכיבים טבעיים,יוניליוור ישראל מזון בעמ,IL,נמס בכוס 100% אפונה,גרמים,25.00,100 גרם,false,,5.90,0.2360,true,1,1447858
7290112490582,false,חרדל דיג'וןן צרפתי הלמנס 350 גר,יוניליוור מזון,FR,חרדל צרפתי דיז'ון 35,גרמים,350.00,100 גרם,false,,11.90,0.0340,true,1,1447859
7290112490650,false,קונפיטורה תות שדה 340 גרם-צנצנת,קונפיטורות לה-ארדניי,BE,קונפיטורה תות 778 50,גרמים,340.00,100 גרם,false,,11.90,0.0350,true,1,1447861
7290112490667,false,קונפיטורה משמש778 50% פרי 340 גר',יוניליוור מזון,BE,קונפיטורה משמש778 50,גרמים,340.00,100 גרם,false,,11.90,0.0350,true,1,1447862
7290112490674,false,קונפיטורה דובדבנים 778 50% פרי 340 גר-,יוניליוור מזון,BE,קונפיטורה דובדבנים 7,גרמים,340.00,100 גרם,false,,11.90,0.0350,true,1,1447863
7290112490698,false,קונפיטורה תות שדה לייט 300 גרם-צנצנת,יוניליוור מזון,IL,קונפיטורה תות לייט 5,גרמים,260.00,100 גרם,false,,12.90,0.0496,true,1,1447864
7290112490735,false,מרק עשיר עגבניות עם פסטה ר.טבעיים 105 גרם קנור,יוניליוור ישראל מזון בעמ,IL,קנור מרק עשיר עגבניו,גרמים,105.00,100 גרם,false,,11.90,0.1133,true,1,1447866
7290112490742,false,מרק עשיר פטריות עם גריסים רכיבים טבעיים 104 ג' קנור,יוניליוור ישראל מזון בע\,IL,קנור מרק עשיר פטריות,גרמים,104.00,100 גרם,false,,11.90,0.1144,true,1,1447867
7290112490827,false,תרסיס ריחני למייבש הכביסה בדין בייבי 500,"זוהר דליה, קיבוץ דליה, 1",IL,בדין תרסיס למייבש בי,מיליליטרים,500.00,"100 מ""ל",false,,14.90,0.0298,true,1,1447869
7290112490896,false,"קנור רוטב צ'ילי חריף 370 מ""ל PAL",יוניליוור מזון,IL,רוטב צ'ילי חריף קנור,מיליליטרים,370.00,"100 מ""ל",false,,9.90,0.0268,true,1,1447870
7290112491701,false,ברנפלקס בטעם וניל מעודן 20% חלבון Extra Protein,יוניליוור ישראל מזון בעמ,IL,ברנפלקס אקסטרא פרוטי,גרמים,375.00,100 גרם,false,,19.90,0.0531,true,1,1447877
7290112491770,false,בייגלה דקים דקים מלח ים בייגל בייגל 300 גרם.,בייגל את בייגל מזון 198),IL,בייגלה דקים עם מלח 3,גרמים,300.00,100 גרם,false,,9.90,0.0330,true,1,1447878
7290112491787,false,בייגלה דקים דקים עם שומשום בייגל בייגל 300 גרם,בייגל את בייגל מזון 198),IL,בייגלה דקים ושומשום,גרמים,300.00,100 גרם,false,,9.90,0.0330,true,1,1447879
7290112491794,false,בייגלה דקים דקים בטעם שמנת ובצל בייגל בייגל 300 גרם,בייגל את בייגל מזון 198),IL,בייגלה דקים שמנת בצל,גרמים,300.00,100 גרם,false,,9.90,0.0330,true,1,1447880
7290112492470,false,"שמפו ומרכך 2 ב-1 לשיער יבש פינוק 700 מ""ל.",יוניליוור פארם,IL,"פינוק 2-1 יבש 700 מ""",יח',1.00,יח',false,,11.90,11.9000,true,1,1447887
7290112492548,false,"מרכך פינוק עם שמן חוחובה 700 מ""ל",יוניליוור פארם,IL,פינוק מרכך לשיעריבש,מיליליטרים,700.00,"100 מ""ל",false,,11.90,0.0170,true,1,1447892
7290112492593,false,תחליב רחצה פינוק בניחוח פינוק קלאסי 700,יוניליוור ישראל טיפוח אי,IL,פינוק תחליב רחצה קלא,מיליליטרים,700.00,"100 מ""ל",false,,9.90,0.0141,true,1,1447895
7290112492609,false,"תחליב רחצה פינוק 700 מ""ל לבנדר ווניל",יוניליוור ישראל טיפוח אי,IL,פינוק תחליב רחצה לבנ,מיליליטרים,700.00,"100 מ""ל",false,,9.90,0.0141,true,1,1447896
7290112492678,false,פינוק שמפו לשיער רגיל אריזת נסיעות 100 מ,יוניליוור ישראל טיפוח אי,IL,פינוק שפורפרת שמפו ק,מטרים,100.00,100 מ'ל,false,,4.90,0.0490,true,1,1447901
7290112492685,false,פינוק מרכך לשיער רגיל אריזת נסיעות 100 מ,יוניליוור ישראל טיפוח אי,IL,פינוק שפורפרת מרכך ק,מטרים,100.00,100 מ'ל,false,,4.90,0.0490,true,1,1447902
7290112492692,false,פינוק תחליב רחצה קלאסי אריזת נסיעות 100,יוניליוור ישראל טיפוח אי,IL,פינוק שפורפרת תחליב,מטרים,100.00,100 מ'ל,false,,4.90,0.0490,true,1,1447903
7290112492722,false,"2ב-1 שמפו ומרכך פינוק אל דמע לסירוק קל לילדים 700 מ""ל",יוניליוור ישראל טיפוח אי,IL,פינוק ילדים 2-1שמפו+,גרמים,750.00,100 גרם,false,,11.90,0.0159,true,1,1447905
7290112492746,false,"פינוק מרכך ללא דמעות לסירוק קל לילדים 700 מ""ל",יוניליוור ישראל טיפוח אי,IL,פינוק מרכך לסירוק קל,מיליליטרים,750.00,"100 מ""ל",false,,11.90,0.0159,true,1,1447906
7290112492753,false,"פינוק לילדים אל סבון לרחצה 700 מ""ל",יוניליוור ישראל טיפוח אי,IL,פינוק אל סבון לילדים,מיליליטרים,750.00,"100 מ""ל",false,,11.90,0.0159,true,1,1447907
7290112492982,false,"אבקת מרק פטריות כשל""פ 100% רכיבים טבעיים 400 גרם",יוניליוור ישראל מזון בע\,IL,קנור מרק פטריות רכיב,גרמים,400.00,100 גרם,false,,18.90,0.0472,true,1,1447914
7290112492999,false,קנור מרק עוף אמיתי 400 גרם פרווה,יוניליוור ישראל מזון בע\,IL,קנור מרק טעם עוף 400,גרמים,400.00,100 גרם,false,,11.90,0.0298,true,1,1447915
7290112493088,false,נמס בכוס עדשים מרק רכיבים טבעיים קנור 54 ג',אתר חיפה אבקות - Foo,IL,נמס בכוס עדשים חריף,גרמים,24.00,2 גרם,false,,6.50,0.2708,true,1,1504808
7290112493095,false,נמס בכוס מרק עגבניות חריף רכיבים טבעיים קנור 48 ג',יוניליוור ישראל מזון בעמ,IL,נמס בכוס עגבניות חרי,גרמים,56.00,2 גרם,false,,6.50,0.1161,true,1,1504782
7290112493293,false,קנור - נמס ירקות וקרוטונים ר.טבעי 44 גרם,יוניליוור ישראל מזון בעמ,IL,נמס בכוס ירקות קרוטו,גרמים,24.00,2 גרם,false,,5.90,0.2458,true,1,1447920
7290112493316,false,מרק היום אפונה ר.טבעיים קנור 117 גרם,יוניליוור ישראל מזון בעמ,IL,מרק היום אפונה 100%,גרמים,117.00,100 גרם,false,,11.90,0.1017,true,1,1447921
7290112493927,false,גלידה בטעם ריבת חלב 1.33ל' קרמיסימו,"גלידת שטראוס בע""\מ, רחוב",IL,קרמיסימו ריבת חלב 1.,קילוגרמים,1.33,"ק""ג",false,,17.90,13.4586,true,1,1453641
7290112493934,false,גלידת וניל צרפתי קרמיסימו 1.33 ל,"גלידת שטראוס בע""\מ, רחוב",IL,קרמיסימו וניל צרפתי,קילוגרמים,1.33,"ק""ג",false,,17.90,13.4586,true,1,1453642
7290112493965,false,קרמיסימו חלבית בטעם מסטיק וניל 665 גר,"גלידת שטראוס בע""\מ, רחוב",IL,קרמיסימו מסטיגם 1.33,קילוגרמים,1.33,"ק""ג",false,,17.90,13.4586,true,1,1453643
7290112494153,false,תיבולית בניחוח צלי קנור 72 גרם,יוניליוור ישראל מזון בע\,IL,תיבולית ניחוח צלי 72,גרמים,200.00,100 גרם,false,,7.40,0.0370,true,1,1447927
7290112494382,false,פירה בטעם ביתי 260 גרם-קופסא,יוניליוור ישראל מזון בע\,IL,קנור פירה ביתי 260 ג,גרמים,260.00,100 גרם,false,,8.90,0.0342,true,1,1447935
7290112494795,false,בדין-ג'ל לכביסה לבנה וצבעונית בניחוח עדין כחול 2.5 ליטר,"זוהר דליה, קיבוץ דליה, 1",IL,בדין ג'ל לכביסה כחול,יח',1.00,יח',false,,27.90,27.9000,true,1,1447940
7290112494801,false,בדין-ג'ל לכביסה לבנה וצבעונית בניחוח עדין ורוד 2.5 ליטר,יוניליוור פארם,IL,בדין ג'ל כביסה ורוד,יח',1.00,יח',false,,27.90,27.9000,true,1,1447941
7290112494825,false,תרחיץ פנים לעור רגיש מכיל 25% קרם לחות,יוניליוור ישראל טיפוח אי,IL,דאב תרחיץ פנים לעור,מיליליטרים,180.00,"100 מ""ל",false,,11.90,0.0661,true,1,1447943
7290112495037,false,דגני בוקר בטעם שוקולד כדורים 375 ג' קוקומן,יוניליוור שפע ישראל בעמ,IL,קוקומן כדורים בדצ 37,גרמים,375.00,100 גרם,false,,18.90,0.0504,true,1,1447948
7290112495044,false,ציפי (פצפוצים) גריין בדצ 500גר,"יוניליור שפע ישראל בע""\מ",IL,"קוקומן פיצפוצים בד""ץ",גרמים,375.00,100 גרם,false,,18.90,0.0504,true,1,1447949
7290112495112,false,נשנושים טעם זעתר בייגל בייגל 260 גרם,בייגל את בייגל מזון 198),IL,נשנושים זעתר 260 גרם,גרמים,260.00,100 גרם,false,,11.90,0.0458,true,1,1447951
7290112495174,false,נשנושי קרקר קוקטייל שומשום בייגל בייגל 300 גרם,בייגל את בייגל מזון 198),IL,נשנושים קרקר קוקטייל,גרמים,300.00,100 גרם,false,,11.90,0.0397,true,1,1447955
7290112495433,false,דגני דליפקאן תוספת אגוזי פקאן ושקדים 400 גר,"יוניליור שפע ישראל בע""\מ",IL,קורנפלקס דליפקאן 400,גרמים,400.00,100 גרם,false,,19.70,0.0492,true,1,1447961
7290112495488,false,קורנפלקס פתיתי תירס קלויים ללא גלוטן 500,"מולינו ניקולי S.p.A,",IT,קורנפלקס ללא גלוטן ת,גרמים,500.00,100 גרם,false,,13.90,0.0278,true,1,1447964
7290112495662,false,קרקר חיטה מלאה ופשתן בייגל בייגל 300 גרם,"מיוצר ע""י קוד יצרן A",IL,קרקר חיטה מלאה ופשתן,גרמים,300.00,100 גרם,false,,8.90,0.0297,true,1,1447969
7290112495747,false,רוטב צ''ילי מתוק כ 70% פחות סוכר 340 ג' קנור,יוניליוור ישראל מזון בע\,IL,רוטב צ'ילי מתוק מופח,מיליליטרים,340.00,"100 מ""ל",false,,9.90,0.0291,true,1,1447972
7290112495754,false,"רטבי הלמנס לסלט 300 מ""ל אלף האיים",יוניליוור ישראל מזון בעמ,IL,הלמנס רוטב אלף האיים,מיליליטרים,305.00,"100 מ""ל",false,,9.90,0.0325,true,1,1447973
7290112495785,false,רוטב לסלט שום הלמנס 300ג,יוניליוור ישראל מזון בעמ,IL,הלמנס רוטב שום 300מל,מיליליטרים,300.00,"100 מ""ל",false,,9.90,0.0330,true,1,1447976
7290112495938,false,"קרקר 6 דגנים בייגל בייגל 250 גרם בד""צ","מיוצר ע""\י קוד יצרן AF",IL,קרקר 6 דגנים בייגל ב,גרמים,250.00,100 גרם,false,,8.90,0.0356,true,1,1447985
7290112496027,false,סירופ שוקולד אפיכל 580 גרם,יוניליוור ישראל מזון בע\,IL,אפיכל סירופ שוקולד 5,מיליליטרים,580.00,"100 מ""ל",false,,11.90,0.0205,true,1,1447988
7290112496034,false,סירופ מייפל אפיכל 580 גרם,יוניליוור ישראל מזון בע\,IL,אפיכל סירופ מייפל 58,מיליליטרים,580.00,"100 מ""ל",false,,11.90,0.0205,true,1,1447989
7290112496287,false,פתית - צ'יפס בטטה בטעם טבעי 21 גרם,JLM גלובל פודסn37\ דרך א,GB,פתית ציפס בטטה טעם ט,יח',1.00,יח',false,,4.90,4.9000,true,1,1447993
7290112496294,false,חטיף פתית צ'יפס עם אפונה ירוקה צהובה וצ'ילי,JLM גלובל פודסn37\ דרך א,GB,פתית ציפס אפונה ותוס,יח',1.00,יח',false,,4.90,4.9000,true,1,1447994
7290112496430,false,קנור נמס בכוס אקסטרה עגבניות+איטריות 37 גרם - רבנות,יוניליוור ישראל מזון בע\,IL,נמס בכוס אקסטרה עגבנ,יח',1.00,יח',false,,3.90,3.9000,true,1,1447996
7290112496447,false,נמס בכוס אקסטרה טעם עוף עם המון אטריות 27ג',יוניליוור ישראל מזון בע\,IL,נמס בכוס אקסטרה מרק,יח',1.00,יח',false,,3.90,3.9000,true,1,1447997
7290112496461,false,נמס בכוס אקסטרה מרק ירקות עם המון אטריות,יוניליוור ישראל מזון בע\,IL,קנור נמס בכוס אקסטרה,יח',1.00,יח',false,,3.90,3.9000,true,1,1447998
7290112497000,false,פנטסטיק תרכיז ניקוי רב תכליתי בניחוח לימון,"זוהר דליה, קיבוץ דלי",IL,פנטסטיק סיף 1 ליטר-ח,יח',1.00,יח',false,,9.90,9.9000,true,1,1448003
7290112497369,false,"דאב - דאודורנט רול און לאישה טלק סופט 50 מ""ל","יוניליוור אנגליה, דרך קו",GB,דאב רולאון טאלק 50 מ,גרמים,50.00,100 גרם,false,,14.90,0.2980,true,1,1448009
7290112497505,false,וזלין תחליב גוף בתוספת אלוורה 600 מל,"יוניליוור, ג'פרסון סיטי,",US,וזלין תחליב גוף בתוס,מיליליטרים,618.00,"100 מ""ל",false,,19.90,0.0322,true,1,1448011
7290112497727,false,פינוק בייבי אל סבון אל דמע לתינוקות 700,יוניליוור ישראלn\טיפוח א,IL,פינוק בייבי אל סבון,מטרים,750.00,100 מ'ל,false,,14.90,0.0199,true,1,1482497
7290112497864,false,אבקת מרק בטעם עוף רכיבים טבעיים 33% פחות נתרן 400 גרם,יוניליוור מזון,IL,מרק טעם עוף 33% פחות,גרמים,400.00,100 גרם,false,,19.90,0.0497,true,1,1448013
7290112497994,false,"גרנולה תלמה פרוטאין בתוספת חלבון ואגוזים, 300 גרם","רפאלס בריא וטעים בע""\מ,",IL,גרנולה בתוספת חלבון,גרמים,300.00,100 גרם,false,,14.90,0.0497,true,1,1448017
7290112498007,false,גרנולה פרוטאין בתוספת חלבון שקדים וחמוציות תלמה 300 ג',"רפאלס בריא וטעים בע""\מ,",IL,גרנולה בתוספת חלבון,גרמים,300.00,100 גרם,false,,14.90,0.0497,true,1,1448018
7290112498052,false,מאגדת פתית צ'יפס בטטה 21 גרם*4 יח',JLM גלובל פודסn37\ דרך א,GB,פתית ציפס עם בטטה מא,יח',1.00,יח',false,,14.90,14.9000,true,1,1448019
7290112498267,false,פינוק אל סבון לידיים בניחוח פינוק קלאסי,קוסטר אירוסול ולף סנ,TR,פינוק אלסבון לידיים,מיליליטרים,950.00,"100 מ""ל",false,,11.80,0.0124,true,1,1448027
7290112498274,false,פינוק אלסבון לידיים לבנדר וניל 1ליטר+משא,יוניליוור ישראל טיפוח אי,TR,פינוק אלסבון לידיים,מטרים,1000.00,100 מ'ל,false,,11.80,0.0118,true,1,1448028
7290112498281,false,"אל סבון לידיים בתוספת שמן קוקוס פינוק 950 מ""ל",יוניליוור ישראל טיפוח אי,TR,פינוק אלסבון לידיים,מטרים,1000.00,100 מ'ל,false,,11.80,0.0118,true,1,1448029
7290112498298,false,"אל סבון ליידים בתוספת שמן מרוקאי פינוק 950 מ""ל",קוסטר אירוסול ולף סנ,TR,פינוק אלסבון לידיים,מטרים,1000.00,100 מ'ל,false,,11.80,0.0118,true,1,1448030
7290112498441,false,"קנור רוטב אסיאתי למוקפץ 300 מ""ל בד""ץ",יוניליוור ישראל מזון בע\,IL,קנור רוטב אסיאתי למו,מיליליטרים,300.00,"100 מ""ל",false,,9.90,0.0330,true,1,1448033
7290112498748,false,מיני סולרו וניל תות שדה 350 גרם,"מיוצר ע""\י גלידת שטראוס",IL,שטראוס מאגדת מיני סו,יח',1.00,יח',false,,19.50,19.5000,true,1,1453646
7290112498885,false,מאגדת גודי'ז תותים ושוקולד לבן 235 גרם,"גלידת שטראוס בע""\מ, רח'\",IL,מאגדת גודיז תותים וש,גרמים,240.00,100 גרם,false,,19.50,0.0813,true,1,1453652
7290112498915,false,מאגדת מיני מגנום שקדים מובחר שטראוס 250 גרם,"מיוצר ע""\י גלידת שטראוס",IL,מאגדת מיני מגנום שקד,יח',1.00,יח',false,,24.90,24.9000,true,1,1453654
7290112498922,false,מאגדת מיני מגנום לבן שטראוס 250 גרם,"מיוצר ע""\י גלידת שטראוס",IL,מאגדת מיני מגנום לבן,יח',1.00,יח',false,,24.90,24.9000,true,1,1453655
7290112499097,false,מאגדת מיני מגנום מריר Intense Dark! 240 גרם,"מיוצר ע""\י גלידת שטראוס",IL,מגנום מיני שוקולד מר,יח',1.00,יח',false,,24.90,24.9000,true,1,1453662
7290112499196,false,גלידה בטעם החלב של הקורנפלקס 1.33 ל' קרמיסימו,"גלידת שטראוס בע""\מ, רחוב",IL,קרמיסימו חלב קורנפלק,ליטרים,1.33,ליטר,false,,17.90,13.4586,true,1,1477071
7290112499219,false,שלגון שמנת מופחת שומן וקלוריות בטעם פיסטוק עם ריפל בטעם שוקולד מריר וציפוי חלקי של שוקולד חלב מעולה,"גלידת שטראוס בע""\מ, רחוב",IL,מאגדת גודיז פיסטוק ש,גרמים,240.00,100 גרם,false,,19.90,0.0829,true,1,1453665
7290112499226,false,גלידונית קרמיסימו פיסטוק בננה 630 גרם,"גלידת שטראוס בע""\מ, רחוב",IL,גלידונית קרמיסימו פי,גרמים,630.00,100 גרם,false,,39.80,0.0632,true,1,1504758
7290112499455,false,פינוק תחליב רחצה 700 בתוספת שמן מרוקאי,יוניליוור ישראל טיפוח אי,IL,פינוק תחליב רחצה שמן,מיליליטרים,700.00,"100 מ""ל",false,,9.90,0.0141,true,1,1448040
7290112499462,false,פינוק תחליב רחצה 700 בתוספת שמן קוקוס,יוניליוור ישראל טיפוח אי,IL,פינוק תחליב רחצה שמן,מיליליטרים,700.00,"100 מ""ל",false,,9.90,0.0141,true,1,1448041
7290112499493,false,"רקסונה - דאודורנט ספריי לאישה אלוורה 150 מ""ל","ארנסט, רחוב קומבינצקיה 6",RU,רקסונה ספריי נשים במ,מיליליטרים,150.00,"100 מ""ל",false,,9.90,0.0660,true,1,1448044
7290112499776,false,גלידת שמנת מופחתת שומן וקלוריות בטעם שוקולד לבן 240 גרם,"גלידת שטראוס בע""\מ, רח'\",IL,מאגדת גודיז 3 שוקולד,גרמים,240.00,100 גרם,false,,19.50,0.0813,true,1,1453672
7290112499844,false,מאגדת מיני מגנום דואט שוקולד עם נוגט שטראוס 310 גרם,"מיוצר ע""\י גלידת שטראוס",IL,מגנום מיני דואט שוקו,יח',1.00,יח',false,,24.90,24.9000,true,1,1453676
7290112499943,false,מיני מאגדת מיני מגנום טעמים שונים וניל+שוקו,"מיוצר ע""\י גלידת שטראוס",IL,מגנום מיני חוף השנהב,יח',1.00,יח',false,,24.90,24.9000,true,1,1453681
7290112703187,false,נרות אותיות HB כסף,,,נר אותיות,יח',1.00,יח',false,,9.00,9.0000,true,1,1453058
7290112703194,false,נרות אותיות HB זהב,,,נר אותיות,יח',1.00,יח',false,,9.00,9.0000,true,1,1453059
7290112706539,false,נייר אכיל עיגול כוח פי ג'יי,,,נייר אכיל עיגול 16 ס,יח',1.00,יח',false,,14.90,14.9000,true,1,1453070
7290112707277,false,בקבוק נירוסטה מעוצב 500 מל - חד קרן,,,בקבוק נירוסטה מעוצב,יח',1.00,יח',false,,19.90,19.9000,true,1,1453072
7290112707482,false,זיקוק 15 סמ 6 יח 80 בקרטון 5גר כסף,,CN,זיקוק 15 סמ,יח',1.00,יח',false,,14.00,14.0000,true,1,1453073
7290112870124,false,ממרח עגבניות מיובשות 190ג רמילוי,,,ממרח עגבניות מיובשות,גרמים,190.00,100 גרם,false,,10.90,0.0574,true,1,1470653
7290112870131,false,ממרח ארטישוק 190ג רמ,,,ממרח ארטישוק 190ג רמ,גרמים,190.00,100 גרם,false,,10.90,0.0574,true,1,1470654
7290112870148,false,ממרח טפנד זית מרינד 190ג רמילוי,,,ממרח טפנד זית מרינד,גרמים,190.00,100 גרם,false,,10.90,0.0574,true,1,1470655
7290112870155,false,ממרח טפנד זית ירוק 1,,,ממרח טפנד זית ירוק 1,גרמים,190.00,100 גרם,false,,10.90,0.0574,true,1,1470656
7290112870179,false,ממרח פלפל אדום 190ג,,,ממרח פלפל אדום 190ג,גרמים,190.00,100 גרם,false,,10.90,0.0574,true,1,1470658
7290112870186,false,ממרח פסטו בזיליקום 190ג רמילוי,,,ממרח פסטו בזיליקום 1,גרמים,190.00,100 גרם,false,,10.90,0.0574,true,1,1470659
7290112880802,false,כוס טרמית,,,כוס טרמית,יח',1.00,יח',false,,9.90,9.9000,true,1,1522131
7290112885074,false,סט 3 קופסאות מחולקת צבעוני,,,סט 3 קופסאות מחולקת,יח',1.00,יח',false,,9.90,9.9000,true,1,1488743
7290112961372,false,פיטנס חטיפי פריכיות דקות קינמון 60 גרם,"פרח תעשיות מזון בע""\מ",IL,פיטנס חטיפי פריכיות,גרמים,60.00,100 גרם,false,,7.80,0.1300,true,1,1446865
7290112961440,false,פיטנס חטיפי פריכיות שוקולד מריר 84 גרם,פרח תעשיות,IL,פיטנס בר חטיפי פריכי,יח',1.00,יח',false,,11.90,11.9000,true,1,1446866
7290112961464,false,פיטנס חטיפי פריכיות דגנים וחומוס מתובלות,"פרח תעשיות מזון בע""\מ",IL,פיטנס חטיפי פריכיות,גרמים,60.00,100 גרם,false,,7.90,0.1317,true,1,1446867
7290112961754,false,עוגיות שוקולד ציפס עם קרם בטעם אגוזים 220 גר',מיוצר עי קונדיטוריית,IL,אסם עוגיות במילוי קר,גרמים,220.00,100 גרם,false,,9.90,0.0450,true,1,1446869
7290112962287,false,טבעול שווארמה טבעונית 6*450 גרם,"טבעול תעשיות מזון בע""\מ",IL,טבעול שווארמה טבעוני,גרמים,450.00,100 גרם,false,,29.90,0.0664,true,1,1446874
7290112963918,false,פיטנס חטיפי קרקר דק רוזמרין 140 גרם,נסטלה Nestle,IL,פיטנס קרקר דק רוזמרי,גרמים,140.00,100 גרם,false,,10.90,0.0779,true,1,1446886
7290112964410,false,אסם רוטב אלף האיים חדש לסלט 290 גרם,"אסם תעשיות בע""מ",IL,רוטב אלף האיים לסלט,מיליליטרים,290.00,"100 מ""ל",false,,8.90,0.0307,true,1,1446890
7290112964434,false,אסם רוטב קיסר חדש לסלט 295 גרם,"אסם תעשיות בע""מ",IL,רוטב קיסר לסלט 290 מ,מיליליטרים,290.00,"100 מ""ל",false,,8.90,0.0307,true,1,1446891
7290112964472,false,אסם רוטב שום חדש לסלט 290 גרם,"אסם תעשיות בע""מ",IL,"רוטב שום לסלט 290 מ""",מיליליטרים,290.00,"100 מ""ל",false,,8.90,0.0307,true,1,1446893
7290112964601,false,רוטב בנוסח סצ'ואן הסדרה האסייתית,"אסם השקעות בע""\מ",IL,רוטב בנוסח סצואן אסם,מיליליטרים,290.00,"100 מ""ל",false,,10.90,0.0376,true,1,1446897
7290112964625,false,רוטב שום לייט לסלט 310 גרם אסם,"אסם תעשיות בע""מ",IL,רוטב שום לייט לסלט 3,מיליליטרים,310.00,"100 מ""ל",false,,8.90,0.0287,true,1,1446898
7290112965080,false,פסטה ברוטב פטריות מוקרם 143 ג'.,"אסם תעשיות בע""מ",IL,פסטה ברוטב פטריות מו,גרמים,143.00,100 גרם,false,,10.90,0.0762,true,1,1446900
7290112965165,false,מרק נמס פטריות אסם בדצ 48 גרם מארז זוגי,"אסם תעשיות בע""מ",IL,זוג מרק נמס פטריות ב,יח',1.00,יח',false,,5.50,5.5000,true,1,1446901
7290112965264,false,אבקת מרק נמס אפונה אסם בדצ 52 גרם מארז זוגי,"אסם תעשיות בע""מ",IL,אסם זוג מרק נמס אפונ,יח',1.00,יח',false,,5.50,5.5000,true,1,1446903
7290112965288,false,מרק נמס ירקות אסם בדצ 56 גרם מארז זוגי,"אסם תעשיות בע""מ",IL,אסם זוג מרק נמס ירקו,יח',1.00,יח',false,,5.50,5.5000,true,1,1446904
7290112965301,false,זוג מרק נמס בטעם עוף עם שקדי מרק רגע חם,"אסם תעשיות בע""מ",IL,זוג מרק נמס טעם עוף,יח',1.00,יח',false,,5.50,5.5000,true,1,1446905
7290112965325,false,תבשיל אורז ספרדי אוסם 140 גרם,"אסם תעשיות בע""מ",IL,אורז ספרדי 140 גר,גרמים,140.00,100 גרם,false,,11.50,0.0821,true,1,1446906
7290112965363,false,קציצות קינואה וברוקולי טבעול 525 גרם,"טבעול תעשיות מזון בע""\מ",IL,טבעול קציצת קינואה ו,גרמים,525.00,100 גרם,false,,29.90,0.0570,true,1,1446907
7290112965660,false,פיטנס - חטיף מולטיגריין מלח פלפל 25 גרם,מיוצר עי קונדיטוריית,IL,פיטנס חטיף מולטיגריי,יח',1.00,יח',false,,4.90,4.9000,true,1,1446909
7290112965684,false,פיטנס - חטיף מולטיגריין עשבי תיבול 25 גרם,מיוצר עי קונדיטוריית,IL,פיטנס חטיף מולטיגריי,יח',1.00,יח',false,,4.90,4.9000,true,1,1446910
7290112965707,false,פיטנס - חטיף מולטיגריין צילי מעודן 25 גרם,"אסם השקעות בע""\מ",IL,פיטנס חטיף מולטיגריי,יח',1.00,יח',false,,4.90,4.9000,true,1,1446911
7290112965745,false,אוסם - ביסלי פריסטייל בצל מעושן 60 גרם,"אסם השקעות בע""\מ",IL,ביסלי פריסטייל בצל מ,גרמים,60.00,100 גרם,false,,3.90,0.0650,true,1,1446912
7290112965783,false,אוסם - ביסלי פריסטייל על האש 60 גרם,"אסם השקעות בע""\מ",IL,ביסלי פריסטייל על הא,גרמים,60.00,100 גרם,false,,3.90,0.0650,true,1,1446913
7290112965806,false,אוסם - ביסלי פריסטייל חמוץ חריף 60 גרם,"אסם תעשיות בע""מ",IL,ביסלי פריסטייל חמוץ,גרמים,60.00,100 גרם,false,,3.90,0.0650,true,1,1446914
7290112965967,false,טבעול נאגטס ירקות כתומים 500 גרם,"טבעול תעשיות מזון בע""\מ",IL,טבעול נאגטס ירקות כת,גרמים,500.00,100 גרם,false,,27.50,0.0550,true,1,1446919
7290112966124,false,ביסקוויט פתי בר מופחת סוכר 500 גרם,מיוצר עי קונדיטוריית,IL,פתיבר פחות סוכר 500,גרמים,500.00,100 גרם,false,,8.90,0.0178,true,1,1446924
7290112966247,false,לחמית כוסמין אסם 200 גרם,"אסם תעשיות בע""מ",IL,לחמית כוסמין 200 גרם,גרמים,200.00,100 גרם,false,,8.90,0.0445,true,1,1446927
7290112966445,false,במבה מתוקה אריזה גדולה 100 ג' אסם,"אסם השקעות בע""\מ",IL,במבה מתוקה 100 גרם,גרמים,100.00,100 גרם,false,,8.90,0.0890,true,1,1446929
7290112966841,false,אינסטנט פודינג בטעם שוקולד מריר 95 גרם,מיוצר עי קונדיטוריית,IL,אינסטנט פודינג בטעם,גרמים,95.00,100 גרם,false,,4.90,0.0516,true,1,1446934
7290112967114,false,פיטנס חטיפי פריכיות קטניות ופלפל 60 גרם,"פרח תעשיות מזון בע""\מ",IL,פיטנס חטיפי פריכיות,יח',1.00,יח',false,,7.90,7.9000,true,1,1446935
7290112967220,false,ביסלי מארז ברביקיו 20 גר'*10 יח' אסם,"אסם השקעות בע""\מ",IL,ביסלי ברבקיו מארז 10,גרמים,200.00,100 גרם,false,,13.90,0.0695,true,1,1446938
7290112967244,false,ביסלי גריל מארז 20 גר'*10 יח' אסם,,,ביסלי גריל מארז אחיד,גרמים,200.00,100 גרם,false,,13.90,0.0695,true,1,1446939
7290112967381,false,פיטנס חטיפי פריכיות קטניות ומלח ים 60 גרם,"פרח תעשיות מזון בע""\מ",IL,פיטנס חטיפי פריכיות,יח',1.00,יח',false,,7.90,7.9000,true,1,1446940
7290112967572,false,"אסם רוטב ברביקיו 290 מ""ל אסם",Unknown,IL,רוטב ברביקיו 290 מל,מיליליטרים,290.00,"100 מ""ל",false,,8.90,0.0307,true,1,1446944
7290112967824,false,בישולים מיקס קלאסי אוסם 200 גרם,"אסם השקעות בע""\מ",IL,אסם בישולים מיקס קלא,גרמים,200.00,100 גרם,false,,17.90,0.0895,true,1,1446948
7290112967848,false,ג'לי תות שדה מופחת סוכר אסם 90 גרם,מיוצר עי קונדיטוריית,IL,ג'לי בטעם תות שדה מו,גרמים,85.00,100 גרם,false,,4.90,0.0576,true,1,1446949
7290112968340,false,צבר חומוס גרוס גס גס 400 גרם,שוורצקוף& הנקל דיסלד,IL,חומוס גרוס גס גס צבר,גרמים,400.00,100 גרם,false,,12.90,0.0323,true,1,1446951
7290112968449,false,סלט טחינה כרוב אדום 250 גרם,שוורצקוף& הנקל דיסלד,IL,צבר סלט כרוב אדום 25,גרמים,250.00,100 גרם,false,,9.90,0.0396,true,1,1446953
7290112968524,false,צבר סלט חומוס גרגירים רכים 6*250גרם,שוורצקוף& הנקל דיסלד,IL,צבר סלט חומוס סמיר 2,גרמים,250.00,100 גרם,false,,9.90,0.0396,true,1,1446954
7290112968708,false,"שניצל תירס עדה חרדית טבעול 1.3 ק""ג","טבעול תעשיות מזון בע""\מ",IL,טבעול שניצל תירס 1.3,קילוגרמים,1.30,"ק""ג",false,,39.90,30.6923,true,1,1446956
7290112968807,false,פיטנס - קרקר דק סלק 140 גרם,מפעל אסם יקנעם,IL,פיטנס קרקר דק סלק 14,גרמים,140.00,100 גרם,false,,10.90,0.0779,true,1,1446961
7290112968821,false,פיטנס - קרקר דק בטטה 140 גרם,מפעל אסם יקנעם,IL,פיטנס קרקר דק בטטה 1,גרמים,140.00,100 גרם,false,,10.90,0.0779,true,1,1446962
7290112969286,false,אסם בישולים רוטב חרדל ודבש 330*9 גרם,"אסם תעשיות בע""מ",IL,אסם בישולים רוטב חרד,גרמים,335.00,100 גרם,false,,14.90,0.0445,true,1,1446967
7290113190375,false,סילאן טבעי שקדיה 900 גרם,ג.מ. טעם הארץ,TR,סילאן טבעי שקדיה 900,גרמים,900.00,100 גרם,false,,19.90,0.0221,true,1,1473728
7290113190467,false,אפונה שקית זיפר 1קג רמילוי,,,אפונה שקית זיפר 1קג,יח',1.00,יח',false,,7.50,7.5000,true,1,1473572
7290113190504,false,חומוס גדול שקית זיפר 1קג רמילוי,,,חומוס גדול שקית זיפר,יח',1.00,יח',false,,10.90,10.9000,true,1,1473575
7290113190511,false,חומוס ענק שקית זיפר 1קג רמילוי,,,חומוס ענק שקית זיפר,קילוגרמים,1.00,"ק""ג",false,,13.90,13.9000,true,1,1473576
7290113190528,false,חיטה שקית זיפר 1קג רמילוי,,,חיטה שקית זיפר 1קג ר,יח',1.00,יח',false,,7.90,7.9000,true,1,1473577
7290113190542,false,לוביה קלויה שקית זיפר 900גר רמילוי,,,לוביה קלויה שקית זיפ,גרמים,900.00,100 גרם,false,,16.90,0.0188,true,1,1473579
7290113190573,false,עדשים שחורות שקית זיפר 1קג רמילוי,,,עדשים שחורות שקית זי,100 קילו,1.00,100 קילו,false,,13.90,13.9000,true,1,1473580
7290113190597,false,עדשים ירוקות שקית זיפר 1קג רמילוי,,,עדשים ירוקות שקית זי,יח',1.00,יח',false,,11.90,11.9000,true,1,1473582
7290113190641,false,שעועית לבנה שקית זיפר 1קג רמילוי,,,שעועית לבנה שקית זיפ,יח',1.00,יח',false,,10.90,10.9000,true,1,1473585
7290113190757,false,חלבה מסולסלת וניל שקדיה 300 גר,חיאל עמר שומרון,IL,חלבה מסולסלת וניל שק,גרמים,300.00,100 גרם,false,,13.90,0.0463,true,1,1477769
7290113190771,false,חלבה מסולסלת שוקו וניל שקדיה 300 גר,חיאל עמר שומרון,IL,חלבה מסולסלת שוקו ונ,גרמים,300.00,100 גרם,false,,13.90,0.0463,true,1,1477770
7290113191099,false,"סירופ מייפל טהור 250 מ""ל","קופרדקס איי פי אם בע""\מ",DK,סירופ מייפל טהור 250,מיליליטרים,250.00,"100 מ""ל",false,,19.90,0.0796,true,1,1473729
7290113191921,false,סירופ מלבי 750 גרם,"פוליבה בע""ם",IL,"סירופ מלבי 750מ""ל",מטרים,750.00,100 מ'ל,false,,16.50,0.0220,true,1,1502012
7290113191938,false,"סירופ רוזטה בטעם שקדים 750 מ""ל","פוליבה בע""ם",IL,סירופ רוזטה בטעם שקד,מטרים,750.00,100 מ'ל,false,,16.50,0.0220,true,1,1501988
7290113192218,false,תערובת להכנת מלבי 500 גרם ששון הקולה,"שקדיה גבע תעשיות בע""",IL,תערובת להכנת מלבי 50,גרמים,500.00,100 גרם,false,,13.90,0.0278,true,1,1473533
7290113192300,false,זיתים מושחרים חרוזית 275 גרם בית השיטה,בית השיטה,IL,בית השיטה חרוזית מוש,גרמים,275.00,100 גרם,false,,8.90,0.0324,true,1,1446972
7290113192317,false,טבעות זיתים מושחרים 280 גרם בית השיטה,בית השיטה,IL,בית השיטה טבעות זיתי,גרמים,280.00,100 גרם,false,,10.70,0.0382,true,1,1446973
7290113192331,false,זיתים ירוקים מנזנילו 340 גר' בית השיטה,בית-השיטה עסיס תעשיות מז,IL,בית השיטה זיתים ירוק,גרמים,340.00,100 גרם,false,,9.50,0.0279,true,1,1446975
7290113192348,false,בית השיטה זיתים ירוקים גדול מאודבטעם שום,בית-השיטה עסיס תעשיות מז,IL,בית השיטה זיתים ירוק,גרמים,340.00,100 גרם,false,,9.50,0.0279,true,1,1446976
7290113192355,false,חרוזית זיתים ירוקים ללא גלעין 275 ג' בית השיטה,בית-השיטה עסיס תעשיות מז,IL,בית השיטה חרוזית זית,גרמים,275.00,100 גרם,false,,9.50,0.0345,true,1,1446977
7290113192362,false,זיתים ירוקים טבעות A2 בית השיטה 280 גרם,בית-השיטה עסיס תעשיות מז,IL,בית השיטה טבעות זיתי,גרמים,280.00,100 גרם,false,,9.90,0.0354,true,1,1446978
7290113192386,false,בית השיטה זיתים ירוקים סורי מבוקע 340גרם,בית השיטה,IL,בית השיטה זיתים ירוק,גרמים,340.00,100 גרם,false,,9.80,0.0288,true,1,1446980
7290113192393,false,בית השיטה קוקטייל זיתים א2 336 גרם,בית-השיטה עסיס תעשיות מז,IL,בית השיטה קוקטייל זי,גרמים,340.00,100 גרם,false,,10.90,0.0321,true,1,1446981
7290113192478,false,בית השיטה מלפפונים במלח בינוני 10-12 320 גרם,בית-השיטה עסיס תעשיות מז,IL,בית השיטה מלפפון מלח,גרמים,320.00,100 גרם,false,,7.50,0.0234,true,1,1446984
7290113192485,false,בית השיטה מלפפונים בחומץ בינוני 10-12 290 גרם,בית-השיטה עסיס תעשיות מז,IL,בית השיטה מלפפון בחו,גרמים,290.00,100 גרם,false,,7.50,0.0259,true,1,1446985
7290113192492,false,בית השיטה מלפפונים בחומץ קטנים 1317 290 גרם,בית-השיטה עסיס תעשיות מז,IL,בית השיטה מלפפון בחו,גרמים,290.00,100 גרם,false,,10.50,0.0362,true,1,1446986
7290113192508,false,בית השיטה מלפפונים במלח קטן 1317 320 גרם,בית-השיטה עסיס תעשיות מז,IL,בית השיטה מלפפון במל,גרמים,320.00,100 גרם,false,,10.50,0.0328,true,1,1446987
7290113192515,false,בית השיטה מלפפונים במלח קטן מאוד 1825 320 גרם,בית-השיטה עסיס תעשיות מז,IL,בית השיטה מלפפון במל,גרמים,320.00,100 גרם,false,,11.50,0.0359,true,1,1446988
7290113192539,false,בית השיטה מלפפונים במלח גדול 79 320 גרם,בית-השיטה עסיס תעשיות מז,IL,בית השיטה מלפפון במל,גרמים,320.00,100 גרם,false,,6.30,0.0197,true,1,1446990
7290113192546,false,"מלפפונים בחומץ רכיבים טבעיים 7-9 ""בית השיטה""",בית-השיטה עסיס תעשיות מז,IL,בית השיטה מלפפון בחו,גרמים,290.00,100 גרם,false,,6.30,0.0217,true,1,1446991
7290113192553,false,מלפפונים במלח 13-17 פיקנטי בית השיטה 320 גרם,בית-השיטה עסיס תעשיות מז,IL,בית השיטה מלפפון במל,גרמים,320.00,100 גרם,false,,10.70,0.0334,true,1,1446992
7290113192560,false,בית השיטה פלפל שיפקה חריף כבוש 230 גרם,בית-השיטה עסיס תעשיות מז,IL,בית השיטה שיפקה 230,גרמים,230.00,100 גרם,false,,6.50,0.0283,true,1,1446993
7290113192577,false,בית השיטה כרוב כבוש א2 12*430גרם חדש,"בית-השיטה תעשיות בע""\מ",IL,בית השיטה כרוב כבוש,גרמים,430.00,100 גרם,false,,6.90,0.0160,true,1,1446994
7290113192881,false,"טורטיה חיטה מופחת קלוריות, קוטר 20 ס""מ - 6 יח'",דין שיווק,TR,טורטיה חיטה מופחתת ק,גרמים,270.00,100 גרם,false,,9.90,0.0367,true,1,1473534
7290113192997,false,בית השיטה זית מרוקאי 340 גרם*,"בית השיטה תעשיות בע""\מ",IL,בית השיטה זית מרוקאי,גרמים,340.00,100 גרם,false,,11.90,0.0350,true,1,1446995
7290113193000,false,בית השיטה פלפל שיפקונית 230 גרם*,"בית השיטה תעשיות בע""\מ",IL,בית השיטה פלפל שיפקו,גרמים,230.00,100 גרם,false,,9.90,0.0430,true,1,1446996
7290113193369,false,"תרסיס שמן קנולה מזוכך בית השיטה 150מ""ל",פוד אירוסולס ספיין,ES,בית השיטה תרסיס שמן,מטרים,150.00,100 מ'ל,false,,11.90,0.0793,true,1,1446999
7290113193406,false,"קוקטייל טבעות זיתים - זיתים ירוקים, שחורים מרינד","בית השיטה תעשיות בע""\מ",IL,בית השיטה זיתים טבעו,גרמים,280.00,100 גרם,false,,10.70,0.0382,true,1,1447000
7290113193888,false,חצילים מוחמצים בית השיטה 320 גרם,"בית השיטה תעשיות בע""\מ",IL,חצילים מוחמצים 320 ג,גרמים,320.00,100 גרם,false,,8.90,0.0278,true,1,1447001
7290113194298,false,בית השיטה רצועות סלק חמוץ 215 גרם,"בית השיטה תעשיות בע""\מ",IL,בית השיטה רצועות סלק,גרמים,215.00,100 גרם,false,,2.90,0.0135,true,1,1447002
7290113194649,false,מלפפונים במלח קוביות בית השיטה 320 גרם,בית-השיטה עסיס תעשיו,IL,בית השיטה מלפפון במל,גרמים,320.00,100 גרם,false,,6.90,0.0216,true,1,1447005
7290113195066,false,חלבה טורקית בטעם וניל שקדיה 400 גרם,ח. אל עקר,IL,חלבה טורקית טעם וניל,גרמים,400.00,100 גרם,false,,12.90,0.0323,true,1,1473748
7290113195073,false,חלבה טורקית עם פיסטוק שקדיה 400 גרם,ח. אל עקר,IL,חלבה טורקית עם פיסטו,גרמים,400.00,100 גרם,false,,14.90,0.0373,true,1,1473749
7290113195080,false,חלבה טורקית בטעם שוקו וניל שקדיה 400 גרם,ח. אל עקר,IL,חלבה טורקית שוקו וני,גרמים,400.00,100 גרם,false,,12.90,0.0323,true,1,1473750
7290113195158,false,בית השיטה מיקס רצועות פלפל 215 גרם,"בית השיטה תעשיות בע""\מ",IL,בית השיטה מיקס רצועו,גרמים,215.00,100 גרם,false,,2.90,0.0135,true,1,1447007
7290113195172,false,בית השיטה רצועות קולורבי בתחמיץ 215 גרם,"בית השיטה תעשיות בע""\מ",IL,בית השיטה רצועות קול,גרמים,215.00,100 גרם,false,,2.90,0.0135,true,1,1447008
7290113196414,false,"אורז בסמטי 1 ק""ג - שקדיה כחול מטאלי",דאבה סינג שאם סינג,IN,אורז בסמטי 1'ד שקדיה,קילוגרמים,1.00,"ק""ג",false,,9.70,9.7000,true,1,1473536
7290113196520,false,פריכיות כוסמין ללא מלח שקדיה 150 גרם,זנבר המכללה לטבעונות,IL,"פריכיות כוסמין לל""מ",גרמים,150.00,100 גרם,false,,10.90,0.0727,true,1,1473756
7290113196759,false,בית השיטה ירקות מעורבים צנ.פלסטיק 6*750 גרם,בית השיטה עסיס תעשיו,IL,בית השיטה ירקות מעור,גרמים,750.00,100 גרם,false,,29.90,0.0399,true,1,1447010
7290113197169,false,חמאת בוטנים טבעית 510 גר,סופר נוטרי פודס,IN,חמאת בוטנים טבעית 51,גרמים,510.00,100 גרם,false,,15.90,0.0312,true,1,1480080
7290113197176,false,חמאת בוטנים עם שבבים 510 גר,סופר נוטרי פודס,IN,חמאת בוטנים עם שבבים,גרמים,510.00,100 גרם,false,,15.90,0.0312,true,1,1480081
7290113197800,false,פלפל קלוי קלוי 400 גרם בית השיטה,בית השיטה,,בית השיטה פלפל קלוי,גרמים,400.00,100 גרם,false,,11.90,0.0298,true,1,1447012
7290113197817,false,חציל קלוי 670 גרם בית השיטה,בית השיטה,,קציל קלוי 670 גר בית,גרמים,670.00,100 גרם,false,,11.90,0.0178,true,1,1447013
7290113199774,false,ממרח בוטנים 300 גרם השקדיה,פפויאנס,GR,ממרח בוטנים 300 גר,גרמים,300.00,100 גרם,false,,13.70,0.0457,true,1,1477780
7290113300354,false,לה קט סטיק עוף 30 גר,,,לה קט סטיק עוף 30 גר,יחידה,0.00,יחידה,false,,9.90,0.0000,true,1,1502350
7290113302266,false,חטיף בונזו סטריפים בקר ודג 80 גר,שינייה פט פוד,CN,חטיף בונזו סטריפים ב,יח',1.00,יח',false,,9.90,9.9000,true,1,1470090
7290113302358,false,חטיפי בנוזו עוף צורת סושי 80 גר,לנגי,CN,חטיפי בנוזו עוף צורת,יח',1.00,יח',false,,9.90,9.9000,true,1,1470099
7290113317116,false,מארז שלישיית ביצי שוקולד מפרץ ההרפתקאות,שמחה זה אנחנו,IT,שלישית ביצי שוקולד כ,גרמים,20.00,100 גרם,false,,12.90,0.6450,true,1,1453085
7290113317567,false,שקיות מטאלי לבן 10 יחידו,,CN,שקית 10 מטאלי,יח',1.00,יח',false,,7.90,7.9000,true,1,1453088
7290113318885,false,"בקבוק שתייה מפלסטיק 500מ""ל - מתחת למים",,,בקבוק לשתיה פלסטיק 5,יח',1.00,יח',false,,19.90,19.9000,true,1,1453096
7290113460607,false,סוכר לבן 1קג רמילוי,,,סוכר לבן 1קג רמילוי,קילוגרמים,1.00,"ק""ג",false,,3.90,3.9000,true,1,1470522
7290113463547,false,"גבנ""צ פרוסה 28% 150ג רמילוי",,,"גבנ""צ פרוסה 28% 150ג",גרמים,150.00,100 גרם,false,,5.10,0.0340,true,1,1477797
7290113463561,false,"גבנ""צ פרוסה 28% 400גר רמילוי",,,"גבנ""צ פרוסה 28% 400ג",גרמים,400.00,100 גרם,false,,13.60,0.0340,true,1,1477798
7290113469952,false,גבינה צהובה גאודה 28% מגורדת 300 גרם,מלקוויטה,PL,גבינה צהובה גאודה 28,גרמים,300.00,100 גרם,false,,12.90,0.0430,true,1,1515479
7290113469969,false,גבינה מגורדת 300ג רמילוי,,,*מבצע* גבינה מגורדת,גרמים,300.00,100 גרם,false,,7.90,0.0263,true,1,1477799
7290113470019,false,מדליק פחמים +גפרור (,,,מדליק פחמים,יח',1.00,יח',false,,5.90,5.9000,true,1,1459721
7290113470026,false,גפרורים אקסטרה לארג',,,גפרורים XL,יח',1.00,יח',false,,5.90,5.9000,true,1,1459722
7290113470347,false,בלוק לניקוי לגריל,,,בלוק לניקוי לגריל,יח',1.00,יח',false,,18.90,18.9000,true,1,1459749
7290113470354,false,בלוק לניקוי למטבח,,,בלוק לניקוי למטבח,יח',1.00,יח',false,,18.90,18.9000,true,1,1459750
7290113470408,false,שטיח שנל 80*50,,,שטיח שנל 50*80,יח',1.00,יח',false,,29.90,29.9000,true,1,1466924
7290113470415,false,"מפות פירנצה חתוכות כסף 1.2*2.4 ס""מ (1יח')",,,מפות פירנצה חתוכות כ,יח',1.00,יח',false,,7.90,7.9000,true,1,1459752
7290113470941,false,כפפות ניטרל S שחור(100 יחידות ),,,כפפות ניטרל S שחור(1,יח',1.00,יח',false,,24.90,24.9000,true,1,1459790
7290113470958,false,כפפות ניטרל M שחור(100 יחידות ),,,כפפות ניטרל M שחור(1,יח',1.00,יח',false,,24.90,24.9000,true,1,1459791
7290113470965,false,כפפות ניטרל L שחור(100 יחידות ),,,כפפות ניטרל L שחור(1,יח',1.00,יח',false,,24.90,24.9000,true,1,1459792
7290113470972,false,כפפות ניטרל XL שחור(100 יחידות ),,,כפפות ניטרל XL שחור(,יח',1.00,יח',false,,24.90,24.9000,true,1,1459793
7290113471009,false,קערה עגולה,,,קערה עגולה,יח',1.00,יח',false,,5.90,5.9000,true,1,1459796
7290113471078,false,מגבונים לרצפה 50 יחידות,,,מגבונים לרצפה 50 יחי,יח',1.00,יח',false,,25.90,25.9000,true,1,1459797
7290113471597,false,סבון אסלה לבנדר רמילוי,,,סבון אסלה לבנדר רמיל,יח',1.00,יח',false,,9.90,9.9000,true,1,1459829
7290113471641,false,סדין יחיד ג'רזי 90*200 אפור,,,סדין יחיד ג'רזי 90*2,יח',1.00,יח',false,,49.90,49.9000,true,1,1466948
7290113471689,false,סדין יחיד ג'רזי 90*200 כחול ג'ינס,,,סדין יחיד ג'רזי 90*2,יח',1.00,יח',false,,49.90,49.9000,true,1,1466952
7290113471801,false,ציפה לפוך יחיד 150*200 אפור,,,ציפה לפוך יחיד 150*2,יח',1.00,יח',false,,79.90,79.9000,true,1,1466964
7290113471887,false,ציפה זוגית לפוך ג'רז,,,ציפה זוגית לפוך ג'רז,יח',1.00,יח',false,,99.90,99.9000,true,1,1466972
7290113472037,false,זוג ציפה לכרית ג'רזי 50*70 שמנת,,,זוג ציפה לכרית ג'רזי,יח',1.00,יח',false,,24.90,24.9000,true,1,1466986
7290113472839,false,9' לוקסור נצנץ כסף (10 יח'),,,9' לוקסור נצנץ כסף (,יח',1.00,יח',false,,19.90,19.9000,true,1,1459852
7290113473577,false,כוסות פרימיום 250 מל,,,כוסות פרימיום 250 מל,יח',1.00,יח',false,,14.90,14.9000,true,1,1459860
7290113473775,false,בקבוק פרימיום נצנצים,,,בקבוק פרימיום,יח',1.00,יח',false,,29.90,29.9000,true,1,1467065
7290113473904,false,"בקבוק חיות (650 מ""ל)",,,בקבוק 650 מל,יח',1.00,יח',false,,29.90,29.9000,true,1,1467078
7290113474031,false,צלחת עגולה בינונית (10 יח') עלי דקל,,,צלחת עגולה בינונית (,יח',1.00,יח',false,,15.90,15.9000,true,1,1459863
7290113474048,false,צלחת ריבועית גדולה (10 יח') עלי דקל,,,צלחת ריבועית גדולה (,יח',1.00,יח',false,,17.90,17.9000,true,1,1459864
7290113474062,false,צלחת ריבועית קטנה (10 יח') עלי דקל,,,צלחת ריבועית קטנה (1,יח',1.00,יח',false,,12.90,12.9000,true,1,1459866
7290113474079,false,צלחות מלבניות גדולות (10 יח') עלי דקל,,,צלחות מלבניות גדולות,יח',1.00,יח',false,,14.90,14.9000,true,1,1459867
7290113474208,false,NEW WINGS קסרול גדול,,,NEW WINGS קסרול גדול,יח',1.00,יח',false,,8.90,8.9000,true,1,1459880
7290113474376,false,זוג כפות הגשה ניו יורק לבן,,,זוג כפות הגשה ניו יו,יח',1.00,יח',false,,2.90,2.9000,true,1,1459893
7290113474437,false,זוג כפות הגשה ניו יורק זהב נוצץ,,,זוג כפות הגשה ניו יו,יח',1.00,יח',false,,2.90,2.9000,true,1,1459899
7290113474635,false,זוג תחתוני נשים,,,זוג תחתוני נשים,יח',1.00,יח',false,,15.90,15.9000,true,1,1467092
7290113474680,false,זוג תחתוני גבר,,,זוג תחתוני גבר,יח',1.00,יח',false,,20.00,20.0000,true,1,1467097
7290113474703,false,זוג תחתוני גבר,,,זוג תחתוני גבר,יח',1.00,יח',false,,20.00,20.0000,true,1,1467099
7290113474710,false,זוג תחתוני גבר,,,זוג תחתוני גבר,יח',1.00,יח',false,,20.00,20.0000,true,1,1467100
7290113474918,false,גופיות פלנל לבן SIZE S,,,גופיות פלנל לבן SIZE,יח',1.00,יח',false,,24.90,24.9000,true,1,1467104
7290113474932,false,גופיות פלנל לבן SIZE L,,,גופיות פלנל לבן SIZE,יח',1.00,יח',false,,24.90,24.9000,true,1,1467106
7290113474949,false,גופיות פלנל לבן xl,,,גופיות פלנל לבן xl,יח',1.00,יח',false,,24.90,24.9000,true,1,1467107
7290113474963,false,גופיות פלנל שחור SIZE S,,,גופיות פלנל שחור SIZ,יח',1.00,יח',false,,24.90,24.9000,true,1,1467109
7290113474970,false,גופיות פלנל שחור SIZE M,,,גופיות פלנל שחור SIZ,יח',1.00,יח',false,,24.90,24.9000,true,1,1467110
7290113474987,false,גופיות פלנל שחור SIZE L,,,גופיות פלנל שחור SIZ,יח',1.00,יח',false,,24.90,24.9000,true,1,1467111
7290113474994,false,גופיות פלנל שחור SIZE XL,,,גופיות פלנל שחור SIZ,יח',1.00,יח',false,,24.90,24.9000,true,1,1467112
7290113475014,false,גופיות טרמי לבן SIZE S,,,גופיות טרמי לבן SIZE,יח',1.00,יח',false,,24.90,24.9000,true,1,1467114
7290113475045,false,גופיות טרמי לבן SIZE XL,,,גופיות טרמי לבן SIZE,יח',1.00,יח',false,,24.90,24.9000,true,1,1467117
7290113475090,false,גופיות טרמי שחור SIZE XL,,,גופיות טרמי שחור SIZ,יח',1.00,יח',false,,24.90,24.9000,true,1,1467122
7290113475410,false,כוסות יהלום 250 מל,,,כוסות יהלום 250 מל,יח',1.00,יח',false,,9.90,9.9000,true,1,1459923
7290113475700,false,קשיות נייר 50 יחידות,,,קשיות נייר 50 יחידות,יח',1.00,יח',false,,3.90,3.9000,true,1,1459952
7290113475823,false,סדין יחיד ג'רזי (90*200) BEIGE-61594,,,סדין יחיד ג'רזי (90*,יח',1.00,יח',false,,49.90,49.9000,true,1,1467150
7290113475946,false,זוג ציפה לכרית ג'רזי (50*70) BEIGE-61594,,,זוג ציפה לכרית ג'רזי,יח',1.00,יח',false,,24.90,24.9000,true,1,1467162
7290113476028,false,סדין מיטה וחצי ג'רזי (120*200*25) NAVY-10821,,,סדין מיטה וחצי ג'רזי,יח',1.00,יח',false,,49.90,49.9000,true,1,1467167
7290113476042,false,סדין מיטה וחצי ג'רזי (120*200*25)GREY-97268,,,סדין מיטה וחצי ג'רזי,יח',1.00,יח',false,,49.90,49.9000,true,1,1467169
7290113476103,false,מגבת גוף (70*140) תכלת,,,מגבת גוף (70*140) תכ,יח',1.00,יח',false,,44.90,44.9000,true,1,1467175
7290113476110,false,מגבת גוף (70*140) בז',,,מגבת גוף (70*140) בז,יח',1.00,יח',false,,44.90,44.9000,true,1,1467176
7290113476127,false,מגבת גוף (70*140) אפור כהה,,,מגבת גוף (70*140) אפ,יח',1.00,יח',false,,44.90,44.9000,true,1,1467177
7290113476134,false,מגבת גוף 140*70 ורוד פוקסיה,,,מגבת גוף 140*70 ורוד,יח',1.00,יח',false,,44.90,44.9000,true,1,1467178
7290113476165,false,מגבת פנים (50*90) תכלת,,,מגבת פנים (50*90) תכ,יח',1.00,יח',false,,19.90,19.9000,true,1,1467181
7290113476172,false,מגבת פנים (50*90) בז',,,מגבת פנים (50*90) בז,יח',1.00,יח',false,,19.90,19.9000,true,1,1467182
7290113476196,false,מגבת פנים (50*90) ורוד פוקסיה,,,מגבת פנים (50*90) ור,יח',1.00,יח',false,,19.90,19.9000,true,1,1467184
7290113476219,false,תבניות אלומניום עם מכסה,,,תבניות אלומניום עם מ,יח',1.00,יח',false,,9.90,9.9000,true,1,1459959
7290113476943,false,"צלחות אבן ""7.5 (10יח",,,"צלחות אבן ""7.5 (10יח",יח',1.00,יח',false,,24.90,24.9000,true,1,1459975
7290113476950,false,"צלחות אבן ""9 (10יח') לבן גולד רוז",,,"צלחות אבן ""9 (10יח')",יח',1.00,יח',false,,24.90,24.9000,true,1,1459976
7290113476974,false,מרקייה אבן (10יח') ל,,,מרקייה אבן (10יח') ל,יח',1.00,יח',false,,15.90,15.9000,true,1,1459978
7290113476981,false,מגש אינגליש 17.5*6.5' לבן גולד רוז,,,מגש אינגליש 17.5*6.5,יח',1.00,יח',false,,8.90,8.9000,true,1,1459979
7290113478008,false,שלישיית מגבות מטבח ברכות,,,שלישיית מגבות מטבח,יח',1.00,יח',false,,14.90,14.9000,true,1,1467302
7290113478091,false,מפיות מודפסות,,,מפיות מודפסות,יח',1.00,יח',false,,4.90,4.9000,true,1,1459993
7290113478183,false,"גביעים אמריקאים 480מ""ל (26יח')",,,גביעים אמריקאים 480מ,יח',1.00,יח',false,,19.90,19.9000,true,1,1459997
7290113478381,false,כפפות TPE כחול XL,,,כפפות TPE כחול XL,יח',1.00,יח',false,,9.90,9.9000,true,1,1456823
7290113478466,false,טי שירט שחור XL V,,,טי שירט שחור XL V,יח',1.00,יח',false,,20.90,20.9000,true,1,1467323
7290113479326,false,מגבת גוף איכותית (140*70) אפור,,,מגבת גוף איכותית (14,יח',1.00,יח',false,,44.90,44.9000,true,1,1467372
7290113479395,false,מגבת פנים איכותית (90*50) כחול כהה,,,מגבת פנים איכותית (9,יח',1.00,יח',false,,19.90,19.9000,true,1,1467379
7290113479548,false,זוג תחתוני נשים XXL הי לג,,,זוג תחתוני נשים XXL,יח',1.00,יח',false,,20.00,20.0000,true,1,1467389
7290113479586,false,חמישית תחתוני נשים XLL ביקיני,,,חמישית תחתוני נשים X,יח',1.00,יח',false,,39.90,39.9000,true,1,1467393
7290113479593,false,חמישית תחתוני נשים XL ביקיני,,,חמישית תחתוני נשים X,יח',1.00,יח',false,,39.90,39.9000,true,1,1467394
7290113479623,false,חמישית תחתוני נשים S ביקיני,,,חמישית תחתוני נשים S,יח',1.00,יח',false,,39.90,39.9000,true,1,1467397
7290113479708,false,גליל נייר מגבת מודפס איכותי למטבח,,,גליל נייר מגבת מודפס,יח',1.00,יח',false,,15.90,15.9000,true,1,1460009
7290113479753,false,מפיות מודפסות,,,מפיות מודפסות,יח',1.00,יח',false,,3.90,3.9000,true,1,1460013
7290113479883,false,כפפות TPE שחור L,,,כפפות TPE שחור L,יח',1.00,יח',false,,9.90,9.9000,true,1,1456826
7290113479890,false,כפפות TPE שחור XL,,,כפפות TPE שחור XL,יח',1.00,יח',false,,9.90,9.9000,true,1,1456827
7290113479906,false,שמיכת evrest 150*200,,,שמיכת evrest 150*200,יח',1.00,יח',false,,49.90,49.9000,true,1,1467399
7290113560055,false,פרודונטקס מי פה טיפול יומי לחניכיים 500,"מאסטרפוד אוסטריה בע""מ",GB,פרודונטקס מי פה טיפו,מיליליטרים,500.00,"100 מ""ל",false,,29.90,0.0598,true,1,1455968
7290113560109,false,פרודונטקס מ.שיניים בטעם צמחי 75 מל,פרודונטקס Parodontax,SK,פרודונטקס טעם צמחי 7,יח',1.00,יח',false,,30.90,30.9000,true,1,1455970
7290113592001,false,נר גדול ספרה 2 עם מעמד שחור - כסף מטאלי,,,נר גדול ספרה 2 עם מע,יח',1.00,יח',false,,6.90,6.9000,true,1,1453097
7290113592667,false,נר גדול ספרה 1 עם מעמד שחור - כסף מטאלי,,,נר גדול ספרה 1 עם מע,יח',1.00,יח',false,,6.90,6.9000,true,1,1453099
7290113592681,false,נר גדול ספרה 4 עם מעמד שחור - כסף מטאלי,,,נר גדול ספרה 4 עם מע,יח',1.00,יח',false,,6.90,6.9000,true,1,1453101
7290113592698,false,נר גדול ספרה 5 עם מעמד שחור - כסף מטאלי,,,נר גדול ספרה 5 עם מע,יח',1.00,יח',false,,6.90,6.9000,true,1,1453102
7290113592711,false,נר גדול ספרה 7 עם מעמד שחור - כסף מטאלי,,,נר גדול ספרה 7 עם מע,יח',1.00,יח',false,,6.90,6.9000,true,1,1453104
7290113592728,false,נר גדול ספרה 8 עם מעמד שחור - כסף מטאלי,,,נר גדול ספרה 8 עם מע,יח',1.00,יח',false,,6.90,6.9000,true,1,1453105
7290113594142,false,בקבוק טריטן עם צמידים 700 - מיקי מאוס,,,בקבוק טריטן עם צמידי,יח',1.00,יח',false,,19.90,19.9000,true,1,1453107
7290113594425,false,בקבוק נירוסטה 450 מל עם קש מתקפל- סמי הכבאי,שמחה זה אנחנו,CN,בקבוק נירוסטה עם קש,יחידה,0.00,יחידה,false,,23.90,0.0000,true,1,1483311
7290113655645,false,שלישיית מגבות מטבח ברכות,,,שלישיית מגבות,יח',1.00,יח',false,,14.90,14.9000,true,1,1467407
7290113793101,false,משקל מטבח שטוח LUMITEC ST-COL-10,,,משקל מטבח שטוח LUMIT,יח',1.00,יח',false,,49.00,49.0000,true,1,1465652
7290114134415,false,חמישיית תחתוני בנות (מידה 8-10) SUPER,,,חמישיית תחתוני בנות,יח',1.00,יח',false,,20.00,20.0000,true,1,1467440
7290114134422,false,חמישיית תחתוני בנות (מידה 12-14) SUPER,,,חמישיית תחתוני בנות,יח',1.00,יח',false,,20.00,20.0000,true,1,1467441
7290114134439,false,חמישיית תחתוני בנות (מידה 16-18) SUPER,,,חמישיית תחתוני בנות,יח',1.00,יח',false,,20.00,20.0000,true,1,1467442
7290114134491,false,עקביות גבר עשירייה,,,עקביות גבר עשירייה,יח',1.00,יח',false,,25.90,25.9000,true,1,1467443
7290114134514,false,עקביות נשים עשירייה,,,עקביות נשים עשירייה,יח',1.00,יח',false,,25.90,25.9000,true,1,1467445
7290114134545,false,עקביות בנות עשירייה,,,עקביות בנות עשירייה,יח',1.00,יח',false,,25.90,25.9000,true,1,1467448
7290114137157,false,גרבי גבר (3) חצי מגבת מלה,,,גרבי גבר (3) חצי מגב,יח',1.00,יח',false,,20.00,20.0000,true,1,1467449
7290114137300,false,גרביי בנים (3) LEE COOPER,,,גרביי בנים (3) LEE C,יח',1.00,יח',false,,20.00,20.0000,true,1,1467462
7290114137348,false,גרביי בנות שלישייה,,,גרביי בנות שלישייה,יח',1.00,יח',false,,20.00,20.0000,true,1,1467465
7290114310215,false,"שמנת מתוקה 38% רמת הגולן 250 מ""ל ווסטהיים - מוצר בפיקוח",מילקו תעשיות בעמ,IL,שמנת מתוקה 38% 250מל,מיליליטרים,250.00,"100 מ""ל",false,,6.40,0.0256,true,1,1441909
7290114310222,false,חלב מועשר בסידן וויטמין Dי 3% 1.5 ל' טרה,מילקו תעשיות בעמ,IL,חלב מועשר בסידן 1.5ל,יח',1.00,יח',false,,10.90,10.9000,true,1,1441910
7290114310239,false,חלב נטול לקטוז מועשר בוויטמין D י 2% 1.5 ל' טרה,מילקו תעשיות בעמ,IL,חלב נטול לקטוז מועשר,יח',1.00,יח',false,,10.70,10.7000,true,1,1441911
7290114310246,false,גרנה פדנו צ'אנק משק צוריאל 125 גרם,מחלבת משק צוריאל,IL,גרנה פדנו 29%,גרמים,125.00,100 גרם,false,,17.80,0.1424,true,1,1441912
7290114310253,false,גרנה פדנו מגורדת משק צוריאל 100 גרם,מחלבת משק צוריאל,IL,גרנה פדנו מגורדת 29%,גרמים,100.00,100 גרם,false,,11.90,0.1190,true,1,1441913
7290114310338,false,צפתית מעודנת 5% בגביע 225 גרם משק צוריאל,מחלבת משק צוריאל,IL,צפתית מעודנת 5% 225ג,גרמים,225.00,100 גרם,false,,16.30,0.0724,true,1,1441914
7290114310345,false,מעדן יוגורט בטעם תות 1.5% 125 גרם טרה,מילקו תעשיות בעמ,IL,מעדן יוגורט תות 1.5%,גרמים,125.00,100 גרם,false,,2.60,0.0208,true,1,1441915
7290114310536,false,יוגורט לייט מעושר חלבון 25 גרם חלבון וניל MULLER ACTIVE,מולר Muller,IL,מולר אקטיב לייט טעם,יח',1.00,יח',false,,5.80,5.8000,true,1,1441928
7290114310550,false,גבינת פטה עיזים מעודנת 5% משק צוריאל 200 גרם,מחלבת משק צוריאל,IL,פטה עיזים מעודנת 5%,גרמים,200.00,100 גרם,false,,22.90,0.1145,true,1,1441930
7290114310567,false,לאבנה עיזים 5% שומן 200 גרם,מחלבת משק צוריאל,IL,לאבנה עיזים 200 גר,גרמים,200.00,100 גרם,false,,13.90,0.0695,true,1,1441931
7290114310574,false,גבינת קרם שמנת עיזים 5% 200 גרם צוריאל,מחלבת משק צוריאל,IL,קרם שמנת עיזים מעודנ,גרמים,200.00,100 גרם,false,,13.50,0.0675,true,1,1441932
7290114310611,false,"משקה חלב בננה בבקבוק פקק ספורט טרה 250 מ""ל",Unknown,IL,משקה חלב בננה 250 מל,מיליליטרים,250.00,"100 מ""ל",false,,4.90,0.0196,true,1,1441934
7290114310628,false,משקה חלב וניל ועוגיות בקבוק 1 ליטר,מילקו תעשיות בעמ,IL,משקה חלב וניל ועוגיו,ליטרים,1.00,ליטר,false,,9.90,9.9000,true,1,1441935
7290114310901,false,"גבינה לבנה ""טרה"" 5% -מוצר בפיקוח",Unknown,IL,גבינה לבנה 5% 250 גר,גרמים,250.00,100 גרם,false,,4.95,0.0198,true,1,1441947
7290114310963,false,יוגורט מחלב עיזים מלא כ3.8% שומן מועשר 500 גר',מחלבת משק צוריאל,IL,יוגורט מחלב עיזים מל,גרמים,500.00,100 גרם,false,,13.70,0.0274,true,1,1441952
7290114311014,false,"משקה חלב אייס קפוצ'ינו פקק ספורט טרה 250 מ""ל",מילקו תעשיות בעמ,IL,משקה חלב אייס קפוצ'י,מטרים,250.00,100 מ'ל,false,,4.90,0.0196,true,1,1441954
7290114311021,false,"משקה חלב וניל עוגיות פקק ספורט טרה 250 מ""ל",Unknown,IL,משקה חלב וניל עוגיות,מטרים,250.00,100 מ'ל,false,,4.90,0.0196,true,1,1441955
7290114311038,false,"שמנת מתוקה 32% עמידה בבקבוק טרה 250 מ""ל",מילקו תעשיות בעמ,IL,שמנת מתוקה 32% בקבוק,מטרים,250.00,100 מ'ל,false,,6.60,0.0264,true,1,1441956
7290114311069,false,יוגורט לבן מועשר בחלבון 0% שומן 200 גרם muller active,מולר Muller,IL,מולר אקטיב טעם טבעי,מיליליטרים,200.00,"100 מ""ל",false,,5.40,0.0270,true,1,1441959
7290114311076,false,"חמאת מולר צהובה עם שום, 200 גרם",מולר Muller,IL,מולר חמאת צהובה עם ש,גרמים,200.00,100 גרם,false,,10.80,0.0540,true,1,1476683
7290114311298,false,יוגורט מולר פרופ בטעם תות בננה מלון 150,מולר Muller,IL,מולר קציפת תות בננה,גרמים,150.00,100 גרם,false,,4.80,0.0320,true,1,1480173
7290114311304,false,יוגורט קציפת מנגו פסיפלורה בננה 150 ג' מולר,מולר Muller,IL,מולר קציפת מנגו פסיפ,גרמים,150.00,100 גרם,false,,4.80,0.0320,true,1,1480174
7290114311328,false,חלב מועשר דל לקטוז מעושר בויטמין Dי 2% שומן טרה 1 ליטר,ג'י.אר.אמ.גרופו אלימ,IL,חלב נטול לקטוז וויטמ,ליטרים,1.00,100 ליטר,false,,7.50,7.5000,true,1,1481620
7290114311359,false,יוגורט עם קציפת מנגו 3% שומן פרופ 150 ג' מולר,מולר Muller,IL,מולר קציפת מנגו 3%,גרמים,150.00,100 גרם,false,,4.80,0.0320,true,1,1480175
7290114311434,false,מולר אקטיב יוגורט חלבון קרמל מלוח 200 גרם,מילקו,IL,מולר אקטיב קרמל מלוח,גרמים,200.00,100 גרם,false,,5.50,0.0275,true,1,1521556
7290114311441,false,מולר אקטיב יוגורט חלבון עוגיות חמאה 200 גרם,מילקו,IL,מולר אקטיב עוגיות חמ,גרמים,200.00,100 גרם,false,,5.50,0.0275,true,1,1521462
7290114311458,false,קרטון חלב 3% מועשר ויטמין די 1ליטר,Unknown,IL,קרטון חלב 3% מועשר ו,ליטרים,1.00,ליטר,false,,7.20,7.2000,true,1,1490830
7290114311496,false,קרטון חלב מועשר 1% שומן 1 ליטר טרה,Unknown,IL,קרטון חלב מועשר 1% 1,ליטרים,1.00,ליטר,false,,7.20,7.2000,true,1,1490833
7290114600941,false,מאסטר שף מיונז הולנדי לחיץ 435 גרם,קפה לנדוור,NL,מאסטר שף מיונז לחיץ,גרמים,435.00,100 גרם,false,,12.80,0.0294,true,1,1445100
7290114600989,false,"רוטב אלף האיים מאסטר שף 250 מ""ל",קפה לנדוור,NL,מאסטר שף רוטב אלף הא,מיליליטרים,250.00,"100 מ""ל",false,,8.90,0.0356,true,1,1445101
7290114603041,false,פרי גרנולה בוטנים אגוזים וקוקוס חלבון .,"אפקט טבעי בע""מ",IL,פרי גרנולה בוטנים קו,גרמים,300.00,100 גרם,false,,13.90,0.0463,true,1,1445109
7290114603317,false,גריזלי טבעות טעם גריל 40 גר,,,גריזלי טבעות טעם גרי,יח',1.00,יח',false,,2.90,2.9000,true,1,1456667
7290114603324,false,גריזלי טבעות טעם בצל 40 גר,,,גריזלי טבעות טעם בצל,יח',1.00,יח',false,,2.90,2.9000,true,1,1456668
7290114603591,false,PLAY חטיף פוף בטעם קטשופ 40 גרם,מנה,IL,פוף פליי טעם קטשופ 4,יח',1.00,יח',false,,2.90,2.9000,true,1,1445114
7290114603607,false,PLAY חטיף פוף בטעם חמוץ חריף 40 גרם,מנה,,פוף פליי טעם חמוץ חר,יח',1.00,יח',false,,2.90,2.9000,true,1,1445115
7290114603768,false,"מארז אג'קס כלורון נוזל לניקוי אסלות 750 מ""ל*2 יח'",קולגייט פלמוליב,FR,אגקס שירותים 750מל ז,ליטרים,1.50,ליטר,false,,19.90,13.2667,true,1,1445116
7290114604840,false,"דפי אורז מאסטר שף קוטר 16 ס""מ 400 גרם",מאסטר שף,VN,דפי אורז 16 קוטר 400,גרמים,400.00,100 גרם,false,,11.90,0.0298,true,1,1445119
7290114604857,false,"דפי אורז מאסטר שף קוטר 22 ס""מ 400 גרם",מאסטר שף,VN,דפי אורז 22 קוטר 400,גרמים,400.00,100 גרם,false,,11.90,0.0298,true,1,1445120
7290114604895,false,ממרח ספייסי לחיץ מאסטר שף 446 גרם,מאסטר שף,NL,מאסטר שף ממרח ספייסי,גרמים,446.00,100 גרם,false,,12.90,0.0289,true,1,1445121
7290114604901,false,ממרח שום לחיץ מאסטר שף 444 גרם,מאסטר שף,NL,מאסטר שף ממרח שום לח,גרמים,446.00,100 גרם,false,,12.90,0.0289,true,1,1445122
7290114604925,false,קרם קוקוס לייט מאסטר שף 400 גרם,"תאי קוקונאט חברה בע""",TH,מאסטר שף קרם קוקוס ל,מטרים,400.00,100 מ'ל,false,,8.90,0.0223,true,1,1445123
7290114604949,false,מאסטר שף רוטב ברביקיו 524 גרם,רמיה סי.וי. הולנד,NL,מאסטר שף רוטב ברביקי,גרמים,524.00,100 גרם,false,,12.90,0.0246,true,1,1445125
7290114604963,false,פירורי לחם מתובלים מאסטר שף 230 גרם,מאסטר שף,IL,מאסטר שף פירורים מתו,גרמים,230.00,100 גרם,false,,6.90,0.0300,true,1,1445126
7290114605342,false,פירסט סמייל רפידות הנקה גודל מדיום 110,צאנזו שאנג קאר פרודק,CN,רפידות הנקה מדיום 11,יח',1.00,יח',false,,24.90,24.9000,true,1,1445127
7290114605649,false,קולגייט סנסיטיב מולטי פרוטקשן זוג כשלפ,,PL,קולגייט סנסיטיב מולט,מטרים,150.00,100 מ'ל,false,,29.90,0.1993,true,1,1503792
7290114606530,false,רוטב בטעם מיונז וקטשופ מאסטר שף 515 גרם,מאסטר שף,NL,מאסטר שף רוטב טעם מי,גרמים,515.00,100 גרם,false,,12.90,0.0250,true,1,1445133
7290114606547,false,מיונז פטריות כמהין לחיץ מאסטר שף 242 גרם,מאסטר שף,NL,מיונז עם פטריות כמהי,גרמים,242.00,100 גרם,false,,12.90,0.0533,true,1,1445134
7290114606554,false,מיונז מופחת קלוריות בקבוק לחיץ,מאסטר שף,NL,מאסטר שף מיונז לייט,גרמים,470.00,100 גרם,false,,12.90,0.0274,true,1,1445135
7290114606578,false,שקדי מרק מאסטר שף 400 גרם,שסטוביץ,IL,מאסטר שף שקדי מרק 40,גרמים,400.00,100 גרם,false,,9.80,0.0245,true,1,1445137
7290114607391,false,"קולגייט משחת לילדים ברבי 2-5 שנים, 75 מ""ל",קולגייט פלמוליב,PL,קולגייט משחת ילדים ב,מטרים,75.00,100 מ'ל,false,,14.90,0.1987,true,1,1445141
7290114608169,false,פרי גרנולה קפה וקקאו עם אגוזים 300 גר',"אפקטבעי בע""מ",IL,פרי גרנולה קפה קקאו,גרמים,300.00,100 גרם,false,,13.90,0.0463,true,1,1445151
7290114608657,false,סילאן לחיץ מאסטר שף 700 גרם,מנה,AE,מאסטר שף סילאן 700 מ,מטרים,700.00,100 מ'ל,false,,19.80,0.0283,true,1,1445154
7290114608695,false,מיונז עם ווסאבי לחיץ מאסטר שף 241 גרם,רמיה סי.וי,NL,מאסטר שף מיונז עם וו,גרמים,241.00,100 גרם,false,,12.90,0.0535,true,1,1445156
7290114653541,false,שלישיית ביצי שוקולד(חלב נוכרי) - כוח פי גיי,שמחה זה אנחנו,IT,שלישית ביצי שוקולד כ,גרמים,20.00,100 גרם,false,,12.90,0.6450,true,1,1453119
7290114821469,false,"כבד דג שיבוט מעושן במיץ טבעי, 120 גרם",סטארקיסט,IS,כבד דג שיבוט אופיסר,גרמים,120.00,100 גרם,false,,13.60,0.1133,true,1,1451562
7290115074130,false,בקבוק עם ידית וכיסוי סיליקון 500 - ורוד,,,בקבוק עם ידית וכיסוי,יחידה,0.00,יחידה,false,,23.90,0.0000,true,1,1483333
7290115200003,false,פתי בר פינוקי וניל אסם 220 גרם,תאי פרזידנט פוד פאבל,PL,פתי בר פינוקי וניל 2,גרמים,220.00,100 גרם,false,,9.90,0.0450,true,1,1447014
7290115200027,false,אסם פתי בר פינוקים שוקו 220 גרם,קריות זול,PL,פתי בר פינוקי שוקולד,גרמים,220.00,100 גרם,false,,9.90,0.0450,true,1,1447015
7290115200676,false,עוגיות קרמוגית במילוי קרם בטעם קרמל מלוח,"הגביע מוצרי וופלים בע""\מ",IL,אסם קרמוגית קרמל 200,גרמים,200.00,100 גרם,false,,7.90,0.0395,true,1,1447018
7290115200713,false,במבה קלאסי מארז אחיד 8 50*5 ג',"אסם השקעות בע""\מ",IL,במבה קלאסי מארז 5*50,יח',1.00,יח',false,,11.90,11.9000,true,1,1447019
7290115201031,false,אסם פתי בר דובי שוקולד 175 גרם,טרופיקל דגיל תעשיות,PL,פתי בר פינוקי שוקולד,גרמים,175.00,100 גרם,false,,9.90,0.0566,true,1,1447024
7290115201451,false,טבעול גורמה לביבות בטטה קארי 455 גרם,טבעול )מקבוצת אסם השקעות,IL,לביבות בטטה קארי 455,גרמים,455.00,100 גרם,false,,29.90,0.0657,true,1,1447026
7290115201475,false,טבעול גורמה לביבות כרישה 434 גרם,טבעול )מקבוצת אסם השקעות,IL,לביבות כרישה 434 גר,גרמים,434.00,100 גרם,false,,29.90,0.0689,true,1,1447027
7290115201536,false,"טבעול גורמה לביבות כרובית ותפו""א 442 גרם",טבעול )מקבוצת אסם השקעות,IL,"לביבות כרובית ותפו""א",גרמים,442.00,100 גרם,false,,29.90,0.0676,true,1,1447028
7290115201550,false,ביסלי קרנבל מיקס 150 ג' אסם,פרו מן יו פתרונות אר,IL,ביסלי קרנבל מיקס 150,גרמים,150.00,100 גרם,false,,6.90,0.0460,true,1,1447029
7290115201680,false,ביסלי בטעם ברביקיו אסם 70 גרם,"אסם השקעות בע""\מ",IL,ביסלי בטעם ברביקיו א,גרמים,70.00,100 גרם,false,,3.90,0.0557,true,1,1447030
7290115201703,false,ביסלי ברביקיו גדול אסם 200 גרם,מיוצר עי קונדיטוריית,IL,ביסלי ברביקיו 200גר,גרמים,200.00,100 גרם,false,,6.50,0.0325,true,1,1447031
7290115201741,false,ביסלי בטעם בצל אסם 70 גרם,"אסם השקעות בע""\מ",IL,ביסלי בטעם בצל אסם 7,גרמים,70.00,100 גרם,false,,3.90,0.0557,true,1,1447033
7290115202236,false,טופו קראנצ'ים טבעול 470 גרם,עיצובים 2020 (4.8),IL,טבעול טופו קראנצ'ים,גרמים,470.00,100 גרם,false,,29.90,0.0636,true,1,1447037
7290115202434,false,צבר סלט חומוס עם זעתר 375 גרם,ג'נרל מילס סאן אדריא,IL,צבר חומוס עם זעתר 37,גרמים,375.00,100 גרם,false,,8.90,0.0237,true,1,1447040
7290115202847,false,מנה חמה פאוצ' נדלס ספייסי אסם 70 ג',תאי פרזידנט,TH,מנה חמה פאוצ' אסם 70,גרמים,70.00,100 גרם,false,,3.90,0.0557,true,1,1447046
7290115202939,false,מנה חמה רייס נודלס עוף פטריות אסם 50 גרם,מיוצר עי קונדיטוריית,TH,מנה חמה רייס נודלס ע,גרמים,50.00,100 גרם,false,,6.90,0.1380,true,1,1447047
7290115203134,false,פופקו פופקורן במבה אסם 80 גרם,"אסם השקעות בע""\מ",IL,פופקו פופקורן במבה א,גרמים,80.00,100 גרם,false,,4.50,0.0563,true,1,1476870
7290115203172,false,במבה PRO מכיל 18 גרם חלבון בשקית,"אסם השקעות בע""\מ",IL,במבה פרו אסם 80 גרם,גרמים,80.00,100 גרם,false,,3.90,0.0487,true,1,1487879
7290115203486,false,פירורית בטעם ביסלי גריל אסם 200 גרם,עינת תעשיות מזון אגו,IL,פירורית טעם ביסלי גר,גרמים,200.00,100 גרם,false,,5.90,0.0295,true,1,1447052
7290115203806,false,"רוטב בסיס לבישול אסם 290 מ""ל","אסם השקעות בע""\מ",IL,אסם רוטב בסיס 290 מל,מיליליטרים,290.00,"100 מ""ל",false,,10.90,0.0376,true,1,1447054
7290115204056,false,"קטשופ מופחת סוכר אסם 690 גרם כשל""פ","אסם תעשיות בע""מ",IL,קטשופ אסם 56% פחות ס,גרמים,690.00,100 גרם,false,,9.90,0.0143,true,1,1447059
7290115204131,false,צבר סחוג ירוק 6*190גרם חדש,פרסקו,IL,צבר סחוג ירוק 190גר,גרמים,190.00,100 גרם,false,,10.90,0.0574,true,1,1447060
7290115204155,false,סחוג אדום המעדנייה ש,פרסקו,IL,צבר סחוג אדום 190גר,גרמים,190.00,100 גרם,false,,10.90,0.0574,true,1,1447061
7290115204247,false,ממרח עגבניות מיובשות 190 ג' צבר,פרסקו,IL,צבר עגבניות מיובשות,גרמים,190.00,100 גרם,false,,14.90,0.0784,true,1,1447063
7290115204261,false,אריסה חריפה המעדנייה,פרסקו,IL,צבר אריסה 190גר,גרמים,190.00,100 גרם,false,,10.90,0.0574,true,1,1447064
7290115205022,false,אוסם - שקדי מרק מקלונים 350 גרם,"אסם תעשיות בע""מ",IL,שקדי מרק מקלונים אסם,גרמים,350.00,100 גרם,false,,9.90,0.0283,true,1,1447073
7290115205176,false,פיטנס - קרקר דק כפרי פיטנס 140 גרם,נסטלה Nestle,IL,קרקר דק כפרי פיטנס 1,גרמים,140.00,100 גרם,false,,9.90,0.0707,true,1,1447075
7290115205312,false,קרקר פיטנס דק עם זיתי קלמטה ועשבי תיבול,"אסם השקעות בע""\מ",IL,פיטנס קרקר 140 גר,גרמים,140.00,100 גרם,false,,9.90,0.0707,true,1,1447076
7290115205527,false,פיטנס חטיף מולטיגריין עם עדשים 25 גרם,"אסם השקעות בע""\מ",IL,פיטנס חטיף מולטיגריי,יח',1.00,יח',false,,4.90,4.9000,true,1,1476874
7290115205541,false,פיטנס חטיף מולטיגריין עם חומוס 25 גרם,"אסם השקעות בע""\מ",IL,פיטנס חטיף מולטיגריי,יח',1.00,יח',false,,4.90,4.9000,true,1,1476875
7290115205633,false,טבעול סנסשיונל/גורמה נקנקיות 350 גר',"טבעול תעשיות מזון בע""\מ",IL,טבעול סנסשיונל נקניק,גרמים,350.00,100 גרם,false,,29.90,0.0854,true,1,1447081
7290115205978,false,פתיבר ואצבעות שוקולד 180 גרם - רבנות,"t\ד""\ר ג'\רארד בע""\מn\",PL,פתי בר אצבעות 180גר,גרמים,180.00,100 גרם,false,,9.90,0.0550,true,1,1447084
7290115206135,false,טבעול גורמה ארוחת קינואה 450 גרם,טבעול (מקבוצת אסם הש,IL,ארוחת קינואה 450 גר,גרמים,450.00,100 גרם,false,,29.90,0.0664,true,1,1447086
7290115207484,false,צבר סלט חציל על האש היתר 360 גרם,ג'נרל מילס סאן אדריא,IL,צבר חציל על האש היתר,גרמים,400.00,100 גרם,false,,14.90,0.0373,true,1,1447104
7290115207620,false,"רוטב בסגנון סויה קלאסי 290 מ""ל אסם","אסם השקעות בע""\מ",IL,רוטב סויה קלאסי אסם,מיליליטרים,290.00,"100 מ""ל",false,,10.90,0.0376,true,1,1447107
7290115207682,false,אסם רוטב בסגנון סויה סיני 9*290מל חדש,"אסם השקעות בע""\מ",IL,רוטב סגנון סויה סיני,מיליליטרים,290.00,"100 מ""ל",false,,8.90,0.0307,true,1,1447109
7290115207798,false,טבעול המבורגר חריף טבעוני 420 גרם,"טבעול תעשיות מזון בע""\מ",IL,המבורגר חריף טבעוני,גרמים,420.00,100 גרם,false,,29.90,0.0712,true,1,1447113
7290115207880,false,סירופ ויטמינציק פטל 2 ליטר,בית השיטה,,ויטמנצ'יק פטל 2 ליטר,מטרים,2000.00,100 מ'ל,false,,39.90,0.0199,true,1,1447115
7290115208023,false,סירופ ויטמינציק ענבים 2 ליטר,,,ויטמנצ'יק ענבים 2 לי,מטרים,2000.00,100 מ'ל,false,,39.90,0.0199,true,1,1447122
7290115208320,false,אפרופו חטיף בטעם ביסלי בצל 50 גרם,"אסם השקעות בע""\מ",IL,אפרופו טעם ביסלי בצל,גרמים,50.00,100 גרם,false,,3.90,0.0780,true,1,1517177
7290115208344,false,בייגלה כפיות שמנת בצל אסם 300 גרם,"אסם השקעות בע""\מ",IL,אסם בייגלה כפיות שמנ,גרמים,300.00,100 גרם,false,,9.90,0.0330,true,1,1487904
7290115208566,false,קרמוגית מיניס קרם בייגלה אסם 200 גרם,"אסם השקעות בע""\מ",IL,אסם קרמוגית קרם בייג,גרמים,200.00,100 גרם,false,,7.90,0.0395,true,1,1476878
7290115208801,false,לחמית דבש ואגוזים אסם 190 גרם,לחמית,IL,לחמית דבש ואגוזים אס,גרמים,190.00,100 גרם,false,,8.90,0.0468,true,1,1487905
7290115208849,false,"מנה חמה פסטה מוקרמת ט.עוף בד""צ 55גר","אסם תעשיות בע""מ",IL,מנה חמה פירה אסם 51,גרמים,51.00,100 גרם,false,,4.90,0.0961,true,1,1517178
7290115209198,false,במבה אוורירית אסם 80 גרם,"אסם תעשיות בע""מ",IL,במבה אוורירית אסם 80,גרמים,80.00,100 גרם,false,,3.90,0.0487,true,1,1476881
7290115209235,false,ביסקוויט פתי בר קפה אסם 500 גרם,"אסם תעשיות בע""מ",IL,ביסקוויט פתי בר קפה,גרמים,500.00,100 גרם,false,,8.90,0.0178,true,1,1522508
7290115209358,false,במבה במילוי בראוניז אסם 60 גרם,"אסם השקעות בע""\מ",IL,במבה במילוי בראוניז,גרמים,60.00,100 גרם,false,,4.30,0.0717,true,1,1517179
7290115400700,false,מקלות מלוחים עם מלח אטלנטי ותבלינים רמי לוי,,,מקלות מלוחים עם מלח,גרמים,200.00,100 גרם,false,,14.90,0.0745,true,1,1461534
7290115400816,false,עוגיות פיצפוצים לבן רמי לוי 500 גרם,,,עוגיות פיצפוצים לבן,גרמים,500.00,100 גרם,false,,14.90,0.0298,true,1,1461539
7290115400830,false,עוגיות עינוגים טעם אגוזים רמי לוי 500 גרם,,,עוגיות עינוגים טעם א,גרמים,500.00,100 גרם,false,,14.90,0.0298,true,1,1461541
7290115400847,false,עוגיות פרפריות רמי לוי 500 גרם,,,עוגיות פרפריות רמי ל,גרמים,500.00,100 גרם,false,,14.90,0.0298,true,1,1461542
7290115400861,false,עוגיות מעמול רמי לוי 500 גרם,,,עוגיות מעמול רמי לוי,גרמים,500.00,100 גרם,false,,14.90,0.0298,true,1,1461544
7290115400878,false,עוגיות ממולאות טעם שוקולד רמי לוי 500 גרם,,,עוגיות ממולאות טעם ש,גרמים,500.00,100 גרם,false,,14.90,0.0298,true,1,1461545
7290115400885,false,עוגיות עינוגי שוקולד רמי לוי 500 גרם,,,עוגיות עינוגי שוקולד,גרמים,500.00,100 גרם,false,,14.90,0.0298,true,1,1461546
7290115400892,false,עוגיות פרסה תמרים רמי לוי 500 גרם,,,עוגיות פרסה תמרים רמ,גרמים,500.00,100 גרם,false,,14.90,0.0298,true,1,1461547
7290115400908,false,עוגיות מגולגלות תמרים רמי לוי 500 גרם,,,עוגיות מגולגלות תמרי,גרמים,500.00,100 גרם,false,,14.90,0.0298,true,1,1461548
7290115400915,false,עוגיות עינוגי תמרים רמי לוי 500 גרם,,,עוגיות עינוגי תמרים,גרמים,500.00,100 גרם,false,,14.90,0.0298,true,1,1461549
7290115401073,false,עוגיות קיפל וניל רמי לוי 500 גרם,,,עוגיות קיפל וניל רמי,גרמים,500.00,100 גרם,false,,14.90,0.0298,true,1,1461556
7290115401097,false,עוגיות נסיכה טעם תות רמי לוי 500 גרם,,,עוגיות נסיכה טעם תות,גרמים,500.00,100 גרם,false,,14.90,0.0298,true,1,1461558
7290115401103,false,עוגיות נסיכה מיקס רמי לוי 500 גרם,,,עוגיות נסיכה מיקס רמ,גרמים,500.00,100 גרם,false,,14.90,0.0298,true,1,1461559
7290115401110,false,עוגיות מיני מרוקאי רמי לוי 500 גרם,,,עוגיות מיני מרוקאי ר,גרמים,500.00,100 גרם,false,,14.90,0.0298,true,1,1461560
7290115401141,false,עוגיות פצפוצי שוקו רמי לוי 500 גרם,,,עוגיות פצפוצי שוקו ר,גרמים,500.00,100 גרם,false,,14.90,0.0298,true,1,1461563
7290115401158,false,עוגיות מלוחות קריספי רמי לוי 500 גרם,,,עוגיות מלוחות קריספי,גרמים,500.00,100 גרם,false,,14.90,0.0298,true,1,1461564
7290115401165,false,עוגיות רשת קינמון מסוכרות רמי לוי 500 גרם,,,עוגיות רשת קינמון מס,גרמים,500.00,100 גרם,false,,14.90,0.0298,true,1,1461565
7290115401189,false,עוגיות פסים שוקו מסוכרות רמי לוי 500 גרם,,,עוגיות פסים שוקו מסו,גרמים,500.00,100 גרם,false,,14.90,0.0298,true,1,1477345
7290115401196,false,עוגיות קוואקר פריכות רמי לוי 500 גרם,,,עוגיות קוואקר פריכות,גרמים,500.00,100 גרם,false,,14.90,0.0298,true,1,1461567
7290115401202,false,עוגיות פרפריות שוקו רמי לוי 500 גרם,,,עוגיות פרפריות שוקו,גרמים,500.00,100 גרם,false,,14.90,0.0298,true,1,1461569
7290115405088,false,קינוח אישי קדאיף קפולסקי 200 גרם,קפולסקי אדל בעמ,IL,קינוח אישי קדאיף,גרמים,200.00,100 גרם,false,,14.90,0.0745,true,1,1462092
7290115405774,false,פחזניות ממולאות בטעם וניל קפולסקי 180 גרם,תופינים מקבוצת קפולס,IL,פחזניות ממולאות וניל,גרמים,180.00,100 גרם,false,,12.90,0.0717,true,1,1462120
7290115405781,false,פחזניות ממולאות בטעם שוקולד קפולסקי 180 גרם,תופינים מקבוצת קפולס,IL,פחזניות ממולאות טעם,גרמים,180.00,100 גרם,false,,12.90,0.0717,true,1,1462121
7290115405804,false,פחזניות ממולאות בטעם תות קפולסקי 180 גרם,קפולסקי אדל בעמ,IL,פחזניות ממולאות טעם,גרמים,180.00,100 גרם,false,,13.90,0.0772,true,1,1462123
7290115405828,false,קינוח אישי גבינה אוכמניות קפולסקי 200 גרם,תופינים מקבוצת קפולסקי,IL,קינוח אישי גבינה אוכ,גרמים,200.00,100 גרם,false,,14.90,0.0745,true,1,1462125
7290115410006,false,סלטי היום חומוס 200 גרם,סלטי היום - קפוא זן,,סלטי היום חומוס 200,גרמים,200.00,100 גרם,false,,6.80,0.0340,true,1,1441663
7290115410013,false,סלטי היום טחינה 200 גרם,סלטי היום - קפוא זן,,סלטי היום טחינה 200,גרמים,200.00,100 גרם,false,,6.80,0.0340,true,1,1441664
7290115410020,false,סלטי היום טורקי 200 גרם,,,סלטי היום טורקי 200,גרמים,200.00,100 גרם,false,,6.80,0.0340,true,1,1441665
7290115410037,false,מטבוחה סלטי היום 200 גרם,סלטי היום - קפוא זן,,סלטי היום מטבוחה 200,גרמים,200.00,100 גרם,false,,6.80,0.0340,true,1,1441666
7290115410044,false,סלטי היום כרוב אדום 200 גרם,סלטי היום - קפוא זן,,סלטי היום כרוב אדום,גרמים,200.00,100 גרם,false,,6.80,0.0340,true,1,1441667
7290115410051,false,סלטי היום מתבל חצילים 200 גרם,סלטי היום - קפוא זן,,סלטי היום חציל במיונ,גרמים,200.00,100 גרם,false,,6.80,0.0340,true,1,1441668
7290115410877,false,סלט כרוב אדום במיונז,,,כרוב אדום 400ג רמילו,גרמים,400.00,100 גרם,false,,8.90,0.0223,true,1,1461446
7290115410884,false,חציל על האש 400ג רמילוי,,,חציל על האש 400ג רמי,גרמים,400.00,100 גרם,false,,8.90,0.0223,true,1,1461447
7290115410891,false,חומוס מסבחה 400ג רמילוי,,,חומוס מסבחה 400ג רמי,גרמים,400.00,100 גרם,false,,8.90,0.0223,true,1,1461448
7290115410907,false,מטבוחה רמי לוי 400 ג,,,מטבוחה 400ג רמילוי,גרמים,400.00,100 גרם,false,,8.90,0.0223,true,1,1461449
7290115410914,false,חציל רומני 400ג רמילוי,,,חציל רומני 400ג רמיל,גרמים,400.00,100 גרם,false,,8.90,0.0223,true,1,1461450
7290115410921,false,חומוס ירושלמי 400ג רמילוי,,,חומוס ירושלמי 400ג ר,גרמים,400.00,100 גרם,false,,8.90,0.0223,true,1,1461451
7290115410938,false,טחינה רמי לוי 400 גר,,,טחינה 400ג רמילוי,גרמים,400.00,100 גרם,false,,8.90,0.0223,true,1,1461452
7290115410945,false,חומוס זעתר 400ג רמילוי,,,חומוס זעתר 400ג רמיל,גרמים,400.00,100 גרם,false,,8.90,0.0223,true,1,1461453
7290115410952,false,חציל במיונז 400ג רמילוי,,,חציל במיונז 400ג רמי,גרמים,400.00,100 גרם,false,,8.90,0.0223,true,1,1461454
7290115410969,false,חומוס לפיתה 700ג רמילוי,,,חומוס לפיתה 700ג רמי,גרמים,700.00,100 גרם,false,,8.90,0.0127,true,1,1461455
7290115411157,false,חומוס עם חריף 400ג רמילוי,,,חומוס עם חריף 400ג ר,גרמים,400.00,100 גרם,false,,8.90,0.0223,true,1,1461456
7290115411461,false,חומוס מסבחה ירוק 250גר רמילוי,,,חומוס מסבחה ירוק 250,גרמים,250.00,100 גרם,false,,7.90,0.0316,true,1,1461458
7290115411478,false,חומוס מסבחה חריף 250גר רמילוי,,,חומוס מסבחה חריף 250,גרמים,250.00,100 גרם,false,,7.90,0.0316,true,1,1461459
7290115411560,false,חציל תאילנדי 250גר רמילוי,,,חציל תאילנדי 250גר ר,גרמים,250.00,100 גרם,false,,7.90,0.0316,true,1,1461462
7290115411577,false,חציל במיונז 250גר רמילוי,,,חציל במיונז 250גר רמ,גרמים,250.00,100 גרם,false,,7.90,0.0316,true,1,1461463
7290115411607,false,חציל בטעם כבד 250גר רמילוי,,,חציל בטעם כבד 250גר,גרמים,250.00,100 גרם,false,,15.90,0.0636,true,1,1461465
7290115411638,false,קוביות חציל בטחינה 250גר רמילוי,,,קוביות חציל בטחינה 2,גרמים,250.00,100 גרם,false,,7.90,0.0316,true,1,1461467
7290115413069,false,סלט גזר מרוקאי 250גרם רמי לוי,,,סלט גזר מרוקאי 250גר,גרמים,250.00,100 גרם,false,,7.90,0.0316,true,1,1461468
7290115413076,false,סלט סלק 250גרם רמי לוי,,,סלט סלק 250גרם רמי ל,גרמים,250.00,100 גרם,false,,7.90,0.0316,true,1,1461469
7290115413083,false,חומוס אבו גוש עם גרגירים רמילוי,,,חומוס אבו גוש עם גרג,גרמים,250.00,100 גרם,false,,7.90,0.0316,true,1,1461470
7290115480023,false,סוד פאוור קאפס לכביסה צבעונית 45 יחי,הנקל,RS,סוד פאוור קאפס לכביס,יח',1.00,יח',false,,41.90,41.9000,true,1,1458674
7290115640182,false,ערכת מהדרינר שמן ראוי למאכל,,,ערכת מהדרינר שמן ראו,יח',1.00,יח',false,,69.90,69.9000,true,1,1464663
7290115671155,false,שלישיית סוכריות מאסט FRESH ענבים 45 גרם,הליקון גידה,TR,שלישיית סוכריות פרש,יח',1.00,יח',false,,7.90,7.9000,true,1,1445968
7290115671223,false,מסטיק מאסט פאן אבטיח מנגו צנצנת 58 גרם,אסקום קונפקשיין,DE,מאסט פאן אבטיח מנגו,גרמים,58.00,100 גרם,false,,9.90,0.1707,true,1,1445971
7290115671308,false,מסטיק מאסט פאן תות דובדבן צנצנת 58 גרם,אסקום קונפשטיין,DE,מאסט פאן תות דובדבן,גרמים,58.00,100 גרם,false,,9.90,0.1707,true,1,1445973
7290115671339,false,מיני פינוקיות בראוניז בייגל בוטן עלית 180 ג' עלית,"הגביע מוצרי ופלים בע""\מ",IL,עלית מיני פנוקיות בי,גרמים,180.00,100 גרם,false,,9.90,0.0550,true,1,1445974
7290115671346,false,מיני פינוקיות טופי קרמל מלוח עלית 180 גרם,"הגביע מוצרי ופלים בע""\מ",IL,עלית מיני פינוקיות ק,גרמים,180.00,100 גרם,false,,9.90,0.0550,true,1,1445975
7290115671353,false,מיני פינוקיות עוגיות קקאו במילוי קרם בטעם וניל,"הגביע מוצרי ופלים בע""\מ",IL,מיני פינוקיות שחור ל,גרמים,180.00,100 גרם,false,,9.90,0.0550,true,1,1445976
7290115675696,false,דגני בוקר קראנצ'ים שיבולת שועל עם אגוזים ושקדים,גלידות שטראוס,PL,קוואקר קרוזלי אגוזים,גרמים,375.00,100 גרם,false,,19.80,0.0528,true,1,1450769
7290115675702,false,דגני בוקר קראנצ'ים שיבולת שועל עם פירות מיובשים,גלידות שטראוס,PL,קוואקר קרוזלי פירות,גרמים,375.00,100 גרם,false,,19.80,0.0528,true,1,1450770
7290115675719,false,דגני בוקר קראנצ'ים שיבולת שועל וחתיכות שוקולד מריר,BEVERAGES FOODS & SE,PL,קוואקר קרוזלי שוקולד,גרמים,375.00,100 גרם,false,,19.80,0.0528,true,1,1450771
7290115675986,false,דנונה יוגורט בר עם אגוזים מקורמלים 173 גרם,"שטראוס בריאות בע""\מ",IL,דנונה בר עם אגוזים מ,מיליליטרים,180.00,"100 מ""ל",false,,4.30,0.0239,true,1,1454914
7290115676037,false,דנונה ריפרש יוגורט עם תות ודומדמניות 1.6% שומן,מיוצר עי קונדיטוריית,IL,דנונה ריפרש תות דומד,גרמים,250.00,100 גרם,false,,4.90,0.0196,true,1,1454917
7290115676051,false,"משקה אקטיביה שיבולת שועל במתיקות מעודנת 250 מ""ל",מיוצר עי קונדיטוריית,IL,אקטיביה משקה במתיקות,מטרים,265.00,100 מ'ל,false,,4.80,0.0181,true,1,1454919
7290115676082,false,משקה דנונה פרו 20 יוגורט תות 255 ג' רבנות,"שטראוס בריאות בע""\מ.",IL,משקה דנונה פרו 20 תו,יח',1.00,יח',false,,6.90,6.9000,true,1,1454920
7290115676099,false,משקה דנונה פרו 20 יוגורט וניל 255 ג' רבנות,"שטראוס בריאות בע""\מ.",IL,דנונה פרו משקה וניל,גרמים,265.00,100 גרם,false,,6.90,0.0260,true,1,1454921
7290115676273,false,אבקת קקאו עלית 500 גרם+ 10% תוספת,שטראוס קפה בי.וי.,IL,קקאו 550 גרם,גרמים,550.00,100 גרם,false,,23.90,0.0435,true,1,1446003
7290115676341,false,אריזות דבש אישיות טו גו 18 * 162 ג' יד מרדכי,מכוורת יד מרדכי שטראוס ב,IL,דבש טהור בסשאטים 18*,גרמים,18.00,100 גרם,false,,19.90,1.1056,true,1,1476829
7290115677089,false,קונפיטורת תפוח וקינמון יד מרדכי 340 גרם,"בית אל מזון בע""מ",IL,קונפיטורת תפוח וקינמ,גרמים,340.00,100 גרם,false,,10.90,0.0321,true,1,1446005
7290115677409,false,אורז קארי צהוב עם ירקות ברוטב קארי וקרם קוקוס,אוכל ביתי ניר עציון,IL,אורז קארי צהוב 350גר,גרמים,350.00,100 גרם,false,,22.90,0.0654,true,1,1441674
7290115677423,false,אורז ירוק קארי חריף חריף דלישס 350 גרם,"טרופיקל דגיל בע""מ אז",IL,אורז קארי ירוק חריף,גרמים,350.00,100 גרם,false,,22.90,0.0654,true,1,1441675
7290115677676,false,חומוס אחלה עשיר 40% טחינה עם חריף 400 גרם,"שטראוס גרופ בע""\מ",IL,חומוס 40% טחינה עם ח,גרמים,400.00,100 גרם,false,,12.90,0.0323,true,1,1454923
7290115677966,false,ממרח אבוקדו טעם הטבע 200 גרם,ג'י. אר. סימפלוט,MX,ממרח אבוקדו שטראוס,גרמים,200.00,100 גרם,false,,14.90,0.0745,true,1,1454934
7290115678222,false,מארז 8 גביעים יוגורט Greek בסגנון יווני 6.5% שומן,"שטראוס בריאות בע""\מ",IL,מארז שמינייה יווני,יח',1.00,יח',false,,23.90,23.9000,true,1,1454943
7290115678376,false,מעדן הגולן שוקולד 125 גרם,מיוצר עי קונדיטוריית,IL,מעדן הגולן שוקולד 12,גרמים,125.00,100 גרם,false,,2.80,0.0224,true,1,1454949
7290115678383,false,מעדן הגולן שוקולד מריר 125 גרם,מיוצר עי קונדיטוריית,IL,מעדן הגולן שוקולד מר,גרמים,125.00,100 גרם,false,,2.80,0.0224,true,1,1454950
7290115678598,false,חסה אייסברג שטראוס טעם הטבע,שטראוס בריאות ירקות טריי,IL,חסה אייסברג שטראוס ט,גרמים,300.00,100 גרם,false,,9.90,0.0330,true,1,1454958
7290115678635,false,נשנושי גבינה -גבינת שמנת 16%+כעכים שטוחים עם מלח,"מחלבת טבע עז בע""\מ",IL,נשנושי גבינה 16% עם,גרמים,67.00,100 גרם,false,,9.90,0.1478,true,1,1477106
7290115678970,false,מארז סוכריות FRESH בטעם בזוקה עלית 3*15 ג',"הליקון גידה בע""\מ",TR,מאסט פרש סוכריות בטע,גרמים,45.00,100 גרם,false,,8.90,0.1978,true,1,1446007
7290115679731,false,שייק פירות ירוק 150X2גר,סיבהפרוסט,BE,שייק פירות ירוק,גרמים,300.00,100 גרם,false,,21.90,0.0730,true,1,1441679
7290115679779,false,שייק פירות אדום דליש,סיבהפרוסט,BE,שייק פירות אדום,גרמים,300.00,100 גרם,false,,21.90,0.0730,true,1,1441681
7290116050393,false,לפתניות עגולות (10 יח') עלי דקל,,,לפתניות עגולות (10 י,יח',1.00,יח',false,,8.90,8.9000,true,1,1460051
7290116050409,false,לפתניות מרובעות 10יח עלי דקל,,,לפתניות מרובעות 10יח,יח',1.00,יח',false,,8.90,8.9000,true,1,1460052
7290116051093,false,מגש פרח מחולק לבן,,,מגש פרח מחולק לבן,יח',1.00,יח',false,,5.90,5.9000,true,1,1460056
7290116051109,false,מגש פרח מחולק שקוף,,,מגש פרח מחולק שקוף,יח',1.00,יח',false,,5.90,5.9000,true,1,1460057
7290116051130,false,רומא כף לבן (10יח'),,,רומא כף לבן (10יח'),יח',1.00,יח',false,,3.90,3.9000,true,1,1460060
7290116051147,false,רומא כפית לבן (10יח'),,,רומא כפית לבן (10יח',יח',1.00,יח',false,,3.90,3.9000,true,1,1460061
7290116051215,false,רומא כף נצנץ זהב (10יח'),,,רומא כף נצנץ זהב (10,יח',1.00,יח',false,,3.90,3.9000,true,1,1460068
7290116051239,false,רומא מזלג נצנץ כסף (10יח'),,,רומא מזלג נצנץ כסף (,יח',1.00,יח',false,,3.90,3.9000,true,1,1460070
7290116051253,false,רומא כף נצנץ כסף (10יח'),,,רומא כף נצנץ כסף (10,יח',1.00,יח',false,,3.90,3.9000,true,1,1460072
7290116051277,false,רומא מזלג מנטה (10יח'),,,רומא מזלג מנטה (10יח,יח',1.00,יח',false,,3.90,3.9000,true,1,1460074
7290116051291,false,רומא כף מנטה (10יח'),,,רומא כף מנטה (10יח'),יח',1.00,יח',false,,3.90,3.9000,true,1,1460076
7290116051314,false,רומא מזלג ורוד עתיק (10יח'),,,רומא מזלג ורוד עתיק,יח',1.00,יח',false,,3.90,3.9000,true,1,1460078
7290116051864,false,זוג ציפה לכרית ג'רזי 70*50 שחור,,,זוג ציפה לכרית ג'רזי,יח',1.00,יח',false,,24.90,24.9000,true,1,1467472
7290116051932,false,צלחות בלה 9' (8 יח') שקוף זהב,,,צלחות בלה 9' (8 יח'),יח',1.00,יח',false,,23.90,23.9000,true,1,1460105
7290116051949,false,צלחות בלה 10.4' (8 יח') שקוף זהב,,,צלחות בלה 10.4' (8 י,יח',1.00,יח',false,,27.90,27.9000,true,1,1460106
7290116052250,false,כרבולית מפנקת 200*150מ,,,כרבולית מפנקת 200*15,יח,1.00,יח,false,,79.90,79.9000,true,1,1489811
7290116052311,false,בקבוק פרימיום משנה צבעים קשת בענן,,,בקבוק פרימיום משנה צ,יחידה,0.00,יחידה,false,,29.90,0.0000,true,1,1477446
7290116052366,false,גופיות גבר ריב כותנה L לבן,,,גופיות גבר ריב כותנה,יח',1.00,יח',false,,20.00,20.0000,true,1,1477451
7290116052397,false,גופיית נשים לבנה כתפיה רחבה XS-S,,,גופיית נשים לבנה כתפ,יח',1.00,יח',false,,20.00,20.0000,true,1,1477454
7290116052427,false,גופיית נשים שחורה כת,,,גופיית נשים שחורה כת,יח',1.00,יח',false,,20.00,20.0000,true,1,1477457
7290116052458,false,גופיית נשים לבנה כתפיה ספגטי XS-S,,,גופיית נשים לבנה כתפ,יח',1.00,יח',false,,20.00,20.0000,true,1,1477460
7290116052502,false,גופיית נשים שחורה כתפיה ספגטי XL-XXL,,,גופיית נשים שחורה כת,יח',1.00,יח',false,,20.00,20.0000,true,1,1477465
7290116052700,false,סכין שקוף רמי לוי 40,,,סכין שקוף 40 יח,יחידה,0.00,יחידה,false,,7.90,0.0000,true,1,1477277
7290116052717,false,כפית שקוף רמי לוי 40,,,כפית שקוף 40 יח,יחידה,0.00,יחידה,false,,6.90,0.0000,true,1,1477278
7290116052724,false,מזלג שקוף רמי לוי 40,,,מזלג שקוף 40 יח,יחידה,0.00,יחידה,false,,7.90,0.0000,true,1,1477279
7290116052731,false,כף שקוף רמי לוי 40 י,,,כף שקוף 40 יח,יחידה,0.00,יחידה,false,,7.90,0.0000,true,1,1477280
7290116052755,false,כפית קרם רמי לוי 40,,,כפית קרם 40 יחידות,יחידה,0.00,יחידה,false,,6.90,0.0000,true,1,1477282
7290116052762,false,מזלג קרם רמי לוי 40,,,מזלג קרם 40 יחידות,יחידה,0.00,יחידה,false,,7.90,0.0000,true,1,1477283
7290116052830,false,קרם מזלג (40 יח') בסט וליו,,,מזלג קרם 40 יחידות,יח',1.00,יח',false,,7.90,7.9000,true,1,1514623
7290116052847,false,קרם כף (40 יח') בסט וליו,,,כף קרם 40 יחידות,יח',1.00,יח',false,,7.90,7.9000,true,1,1514648
7290116052854,false,קרם כפית (40 יח') בסט וליו,,,כפית קרם 40 יחידות,יח',1.00,יח',false,,6.90,6.9000,true,1,1514649
7290116052861,false,כוס מרוקאי זהב 25יח חגיגית,,,כוס מרוקאי זהב 25יח,יח',1.00,יח',false,,7.90,7.9000,true,1,1477285
7290116052878,false,כוס מרוקאי לבן 25יח חגיגית,,,כוס מרוקאי לבן 25יח,יח',1.00,יח',false,,7.90,7.9000,true,1,1477286
7290116052885,false,כוס מרוקאי קרם 25יח חגיגית,,,כוס מרוקאי קרם 25יח,יח',1.00,יח',false,,7.90,7.9000,true,1,1477287
7290116053073,false,כרבולית פונפונים פרחים 200*150סמ,,,כרבולית פונפונים פרח,יחידה,0.00,יחידה,false,,79.90,0.0000,true,1,1503598
7290116053080,false,צלחת עמוקה זכוכית,,,צלחת עמוקה זכוכית,יחידה,0.00,יחידה,false,,3.90,0.0000,true,1,1484294
7290116053097,false,צלחת עמוקה זכוכית,,,צלחת עמוקה זכוכית,יחידה,0.00,יחידה,false,,5.90,0.0000,true,1,1484295
7290116053103,false,"צלחת רטרו זכוכית 15 ס""מ",,,צלחת רטרו זכוכית 15,יחידה,0.00,יחידה,false,,3.90,0.0000,true,1,1484296
7290116053110,false,"צלחת זכוכית 20 ס""מ",,,"צלחת זכוכית 20 ס""מ",יחידה,0.00,יחידה,false,,5.90,0.0000,true,1,1484297
7290116053134,false,מלחיה זכוכית מעוצבת,,,מלחיה זכוכית מעוצבת,יחידה,0.00,יחידה,false,,5.90,0.0000,true,1,1484299
7290116053141,false,כוס זכוכית עם ידית 6 יח,,,כוס זכוכית עם ידית 6,יח',1.00,יח',false,,18.90,18.9000,true,1,1489355
7290116053158,false,כוס זכוכית צרה 6 יח',,,כוס זכוכית צרה 6 יח',יחידה,0.00,יחידה,false,,10.90,0.0000,true,1,1489356
7290116053165,false,אטבי כביסה סופר מילניום,,,אטבי כביסה סופר מילנ,יח',1.00,יח',false,,19.90,19.9000,true,1,1487494
7290116053172,false,אטבי כביסה צבעוניים 30 יח',,,אטבי כביסה צבעוניים,יח',1.00,יח',false,,9.90,9.9000,true,1,1487314
7290116053189,false,אטבי כביסה עץ 24 יח',,,אטבי כביסה עץ 24 יח',יח',1.00,יח',false,,6.90,6.9000,true,1,1487315
7290116053219,false,מסחטה מקצועית רמי לוי,,,מסחטה מקצועית רמי לו,יח',1.00,יח',false,,119.90,119.9000,true,1,1525178
7290116053264,false,מסחטה מקצועית רמי לוי,,,מסחטה מקצועית רמי לו,יח',1.00,יח',false,,119.90,119.9000,true,1,1525179
7290116053349,false,משטח פעילות מתקפל 180*150,,,*מבצע* משטח פעילות מ,יח',1.00,יח',false,,79.90,79.9000,true,1,1478575
7290116053356,false,"שמיכה מפנקת 200*150ס""מ",,,שמיכה מפנקת 200*150ס,יח,1.00,יח,false,,49.90,49.9000,true,1,1499310
7290116053363,false,"חמישיית מגבות ידיים 33*33 ס""מ לבן",,,חמישיית מגבות ידיים,יח',1.00,יח',false,,15.90,15.9000,true,1,1487200
7290116053370,false,"חמישיית מגבות ידיים 33*33 ס""מ כחול",,,חמישיית מגבות ידיים,יח',1.00,יח',false,,15.90,15.9000,true,1,1487201
7290116053387,false,"חמישיית מגבות ידיים 33*33 ס""מ כחול נייבי",,,חמישיית מגבות ידיים,יח',1.00,יח',false,,15.90,15.9000,true,1,1488019
7290116053417,false,"חמישיית מגבות ידיים 33*33 ס""מ בז'",,,חמישיית מגבות ידיים,יח',1.00,יח',false,,15.90,15.9000,true,1,1487204
7290116053424,false,"חמישיית מגבות ידיים 33*33 ס""מ שחור",,,חמישיית מגבות ידיים,יח',1.00,יח',false,,15.90,15.9000,true,1,1487205
7290116053431,false,סט 6 מכונייות צעצוע עם מסלול,,,סט 6 מכונייות צעצוע,יח',1.00,יח',false,,14.90,14.9000,true,1,1478576
7290116053448,false,כרית שינה פרימיום 100% כותנה,,,כרית שינה פרימיום 10,יח',1.00,יח',false,,39.90,39.9000,true,1,1467473
7290116053455,false,מטרפת סיליקון איכותית,,,מטרפת סיליקון איכותי,יח',1.00,יח',false,,9.90,9.9000,true,1,1494595
7290116053462,false,ידית סיליקון לסירים,,,ידית סיליקון לסירים,יח',1.00,יח',false,,9.90,9.9000,true,1,1494596
7290116053479,false,כפפה מקצועית לתנור מסיליקון,,,כפפה מקצועית לתנור מ,יח',1.00,יח',false,,19.90,19.9000,true,1,1494597
7290116053486,false,דיספנסר סיליקון להכנת קרחונים,,,דיספנסר סיליקון להכנ,יח',1.00,יח',false,,14.90,14.9000,true,1,1494598
7290116053516,false,קליפסים מעוצבים לסגירת שקיות הרמטית (3יח),,,קליפסים מעוצבים לסגי,יח',1.00,יח',false,,11.90,11.9000,true,1,1494600
7290116053523,false,כף גלידה ארגונומית מעוצבת,,,כף גלידה ארגונומית מ,יח',1.00,יח',false,,9.90,9.9000,true,1,1494601
7290116053530,false,קולפן אגרונומי מעוצב,,,קולפן אגרונומי מעוצב,יח',1.00,יח',false,,14.90,14.9000,true,1,1494602
7290116053547,false,קולפן קישואון מעוצב,,,קולפן קישואון מעוצב,יח',1.00,יח',false,,9.90,9.9000,true,1,1494603
7290116053554,false,מגרדת מיני עם מיכל,,,מגרדת מיני עם מיכל,יח',1.00,יח',false,,14.90,14.9000,true,1,1494604
7290116053561,false,מספריים רב שימושיות,,,מספריים רב שימושיות,יח',1.00,יח',false,,14.90,14.9000,true,1,1494605
7290116053578,false,פורס ביצה משובח מחליף,,,פורס ביצה משובח מחלי,יח',1.00,יח',false,,11.90,11.9000,true,1,1494606
7290116053820,false,"מצע לפירות וירקות 30*47 ס""מ",,,מצע לפירות וירקות 30,יחידה,0.00,יחידה,false,,8.90,0.0000,true,1,1493478
7290116053837,false,מגב חלון איכותי מחליף,,,מגב חלון איכותי מחלי,יח',1.00,יח',false,,7.90,7.9000,true,1,1487495
7290116053844,false,מברשת מעוצבת לניקוי,,,מברשת מעוצבת לניקוי,יח',1.00,יח',false,,5.90,5.9000,true,1,1487496
7290116053851,false,אלמוגית בינונית,,,אלמוגית בינונית,יחידה,0.00,יחידה,false,,9.90,0.0000,true,1,1493479
7290116053868,false,רשת לצליה XL,,,רשת לצליה XL,יח',1.00,יח',false,,19.90,19.9000,true,1,1487497
7290116053882,false,מלקחיים נירוסטה,,,מלקחיים נירוסטה,יחידה,0.00,יחידה,false,,7.90,0.0000,true,1,1493723
7290116053905,false,סט כפות במבוק איכותיות,,,סט כפות במבוק איכותי,יח',1.00,יח',false,,9.90,9.9000,true,1,1487498
7290116054728,false,שטיח שנל מבריק 50*80,,,שטיח שנל מבריק 50*80,יח',1.00,יח',false,,39.90,39.9000,true,1,1478577
7290116054803,false,בקבוק בייסיק ירוק מטאלי 600מל,,,בקבוק בייסיק ירוק מט,יחידה,0.00,יחידה,false,,29.90,0.0000,true,1,1477474
7290116054810,false,בקבוק בייסיק לבן כיתוב 630מל,,,בקבוק בייסיק לבן כית,יחידה,0.00,יחידה,false,,29.90,0.0000,true,1,1477475
7290116054841,false,בקבוק פרימיום טריטן שחור,,,בקבוק פרימיום טריטן,יח',1.00,יח',false,,29.90,29.9000,true,1,1477478
7290116054902,false,"מגש אובלי 35*25 ס""מ (3יח') עלי דקל",,,"מגש אובלי 35*25 ס""מ",יח',1.00,יח',false,,9.90,9.9000,true,1,1460115
7290116055053,false,צלחות בלה 9' (8 יח') לבן כסף,,,צלחות בלה 9' (8 יח'),יח',1.00,יח',false,,23.90,23.9000,true,1,1460120
7290116055060,false,צלחות בלה 10.4 (8 יח') לבן כסף,,,צלחות בלה 10.4 (8 יח,יח',1.00,יח',false,,27.90,27.9000,true,1,1460121
7290116055657,false,כוסות חד פעמי לשתייה חמה 40 יח,,,כוסות חד פעמי לשתייה,יח',1.00,יח',false,,6.90,6.9000,true,1,1460124
7290116055664,false,כוסות שתיה חמה 40 יחידות,,,כוסות שתיה חמה 40 יח,יח',1.00,יח',false,,11.90,11.9000,true,1,1460125
7290116055671,false,כוסות שתיה חמה ענקיות 30 יח,,,כוסות שתיה חמה ענקיו,יח',1.00,יח',false,,11.90,11.9000,true,1,1460126
7290116055688,false,כוסות אספרסו 40 יח' רמי לוי,,,כוסות אספרסו 40 יח',יח',1.00,יח',false,,4.90,4.9000,true,1,1484250
7290116055695,false,כוסות שתיה חמה 8 OZ,,,כוסות שתיה חמה 8 OZ,יחידה,0.00,יחידה,false,,6.90,0.0000,true,1,1485729
7290116055749,false,כפפות ויטריל חדש (100יח') S בסט,,,כפפות ויטריל חדש (10,יח',1.00,יח',false,,18.90,18.9000,true,1,1460127
7290116056197,false,מאפים קטן 50יח חגיגית,,,מאפים קטן 50יח חגיג,יח',1.00,יח',false,,8.90,8.9000,true,1,1477307
7290116056289,false,אקולוגית מרקיה קטנה 25יח,,,אקולוגית מרקיה קטנה,יח',25.00,יח',false,,8.90,0.3560,true,1,1495447
7290116056296,false,צלחת 9' קרם (50 יח') בסט וליו,,,צלחת 9 קרם 50יח בסט,יח',1.00,יח',false,,19.90,19.9000,true,1,1460149
7290116056302,false,צלחת 9' לבן (50 יח') בסט וליו,,,צלחת 9 לבן 50יח בסט,יח',1.00,יח',false,,19.90,19.9000,true,1,1460150
7290116056968,false,מטליות 50יח לניקוי וחיטוי 99.9%,,,מטליות 50יח לניקוי ו,יח',1.00,יח',false,,6.90,6.9000,true,1,1460152
7290116057033,false,סכין נצנץ כסף 10יח,,,סכין נצנץ כסף 10יח,יח',1.00,יח',false,,9.90,9.9000,true,1,1460159
7290116057125,false,סכין 10 יחידות,,,סכין 10 יחידות,יח',1.00,יח',false,,9.90,9.9000,true,1,1460168
7290116057132,false,מזלג (10יח') נצנץ זהב,,,מזלג (10יח') נצנץ זה,יח',1.00,יח',false,,9.90,9.9000,true,1,1460169
7290116057149,false,כף (10יח') נצנץ זהב,,,כף (10יח') נצנץ זהב,יח',1.00,יח',false,,9.90,9.9000,true,1,1460170
7290116057538,false,מגש בלה לבן כסף 1יח,,,מגש בלה לבן כסף 1יח,יח',1.00,יח',false,,8.90,8.9000,true,1,1460189
7290116058306,false,טוסקנה אובלי גדול שקוף 3יח,,,טוסקנה אובלי גדול שק,יח',1.00,יח',false,,8.90,8.9000,true,1,1460212
7290116058689,false,מפיות דגם 1378,,,מפיות דגם 1378,יח',1.00,יח',false,,4.90,4.9000,true,1,1460250
7290116058979,false,תבניות אלומניום,,,תבניות אלומניום,יח',1.00,יח',false,,34.90,34.9000,true,1,1460270
7290116059075,false,שטיח פרווה מפנק 50*80,,,שטיח פרווה מפנק 50*8,יח',1.00,יח',false,,49.90,49.9000,true,1,1520892
7290116059587,false,מפיות דגם 1392,,,מפיות דגם 1392,יח',1.00,יח',false,,4.90,4.9000,true,1,1460279
7290116071480,false,כבל 1M iPhone NEW VIMAX לבן ^,,,כבל 1M iPhone NEW VI,יח',1.00,יח',false,,14.90,14.9000,true,1,1457532
7290116071497,false,כבל 1M TYPE C NEW VIMAX לבן ^,,,כבל 1M TYPE C NEW VI,יח',1.00,יח',false,,19.90,19.9000,true,1,1457533
7290116071503,false,כבל 1M MICRO USB NEW VIMAX לבן ^,,,כבל 1M MICRO USB NEW,יח',1.00,יח',false,,14.90,14.9000,true,1,1457534
7290116071572,false,אוזניה NEW VIMAX דגם גלקסי S6 לבן ^,,,אוזניה NEW VIMAX דגם,יח',1.00,יח',false,,19.90,19.9000,true,1,1457541
7290116071596,false,אוזניה MUSIC NEW VIMAX לבן,,,אוזניה MUSIC NEW VIM,יח',1.00,יח',false,,19.90,19.9000,true,1,1457543
7290116071749,false,מטען קיר ראש + כבל 2.1A TYPE C,,,מטען קיר ראש + כבל 2,יח',1.00,יח',false,,49.90,49.9000,true,1,1457558
7290116071756,false,מטען רכב NEW VIMAX ראש 2.1A,,,מטען רכב NEW VIMAX ר,יח',1.00,יח',false,,24.90,24.9000,true,1,1457559
7290116511375,false,גרביי גבר חצי מגבת,,,גרביי גבר חצי מגבת,יח',1.00,יח',false,,20.00,20.0000,true,1,1467601
7290116511429,false,גרביי גבר 3 מגבת,,,גרביי גבר 3 מגבת,יח',1.00,יח',false,,20.00,20.0000,true,1,1467602
7290116511450,false,גרביי נשים חצי מגבת,,,גרביי נשים חצי מגבת,יח',1.00,יח',false,,20.00,20.0000,true,1,1467604
7290116511504,false,גרבי בנים (3) כותנה ספורט,,,גרבי בנים (3) כותנה,יח',1.00,יח',false,,20.00,20.0000,true,1,1467606
7290116511641,false,גרבי גבר (2) למטיילים,,,גרבי גבר (2) למטיילי,יח',1.00,יח',false,,20.00,20.0000,true,1,1467608
7290116511665,false,גרביי גבר צמר עבות,,,גרביי גבר צמר עבות,יח',1.00,יח',false,,20.00,20.0000,true,1,1467609
7290116511696,false,גרביי גבר מחממות LEE COOPER,,,גרביי גבר מחממות LEE,יח',1.00,יח',false,,20.00,20.0000,true,1,1517536
7290116511757,false,גרביי נשים חמות,,,גרביי נשים חמות,יח',1.00,יח',false,,24.90,24.9000,true,1,1467613
7290116511764,false,גרבי נשים פרווה עם קיפול,,,גרבי נשים פרווה עם ק,יח',1.00,יח',false,,24.90,24.9000,true,1,1467614
7290116511870,false,גרביון נשים טרמי ללא כף רגל,,,גרביון נשים טרמי ללא,יח',1.00,יח',false,,24.90,24.9000,true,1,1467617
7290116511924,false,גרביון בנות,,,גרביון בנות,יח',1.00,יח',false,,10.00,10.0000,true,1,1467619
7290116512969,false,גופיה טרמי לבן גבר לבן O מידה S,,,גופיה טרמי לבן גבר ל,יח',1.00,יח',false,,24.90,24.9000,true,1,1467624
7290116512976,false,גופיה טרמי לבן גבר לבן O מידה M,,,גופיה טרמי לבן גבר ל,יח',1.00,יח',false,,24.90,24.9000,true,1,1467625
7290116512983,false,גופיה טרמי לבן גבר לבן O מידה L,,,גופיה טרמי לבן גבר ל,יח',1.00,יח',false,,24.90,24.9000,true,1,1467626
7290116512990,false,גופיה טרמי לבן גבר לבן O מידה XL,,,גופיה טרמי לבן גבר ל,יח',1.00,יח',false,,24.90,24.9000,true,1,1467627
7290116513447,false,גרבי גבר (3) עיקביות חצי מגבת,,,גרבי גבר (3) עיקביות,יח',1.00,יח',false,,20.00,20.0000,true,1,1467629
7290116513805,false,חמישיית תחתוני בנים,,,חמישיית תחתוני בנים,יחידה,0.00,יחידה,false,,20.00,0.0000,true,1,1477487
7290116514338,false,גרביי סירה לגבר שלישייה L.A,,,גרביי סירה לגבר שליש,יח',1.00,יח',false,,19.90,19.9000,true,1,1483582
7290116514352,false,גרביי סירה נשים שלישייה L.A,,,גרביי סירה נשים שליש,יח',1.00,יח',false,,19.90,19.9000,true,1,1483583
7290116514383,false,שלישיית גרביים גברים סירה,,,שלישיית גרביים גברים,יח',1.00,יח',false,,20.00,20.0000,true,1,1477492
7290116514390,false,שלישיית גרביים נשים סירה,,,שלישיית גרביים נשים,יח',1.00,יח',false,,20.00,20.0000,true,1,1477493
7290116514413,false,שלישיית גרביים נשים סירה,,,שלישיית גרביים נשים,יח',1.00,יח',false,,15.00,15.0000,true,1,1477495
7290116514420,false,שלישיית גרביים גברים חצי,,,שלישיית גרביים גברים,יח',1.00,יח',false,,15.00,15.0000,true,1,1477496
7290116514437,false,שלישיית גרביים גברים אלגנט,,,שלישיית גרביים גברים,יח',1.00,יח',false,,15.00,15.0000,true,1,1477497
7290116514833,false,L.A.GEAR 43-46 זוגות גרבי גברים למטיילים,,,L.A.GEAR 43-46 זוגות,יחידה,0.00,יחידה,false,,20.00,0.0000,true,1,1513475
7290116514840,false,L.A.GEAR 43-46 זוגות גרבי גברים חם במיוחד,,,L.A.GEAR 43-46 זוגות,יחידה,0.00,יחידה,false,,30.00,0.0000,true,1,1513476
7290116514864,false,L.A.GEAR 36-41 זוגות גרבי נשים חם ונעים,,,L.A.GEAR 36-41 זוגות,יחידה,0.00,יחידה,false,,29.90,0.0000,true,1,1513478
7290116514871,false,זוגות קרסוליות נשים  פרווה מעוצבות L.A.GEAR 36,,,זוגות קרסוליות נשים,יחידה,0.00,יחידה,false,,20.00,0.0000,true,1,1513479
7290116515069,false,נעלי גרב פרווה 36-41,,,נעלי גרב פרווה 36-41,יחידה,0.00,יחידה,false,,29.90,0.0000,true,1,1513483
7290116530185,false,"קורנפלקס דלישקד קרמל מלוח 400 גרם בד""ץ","יוניליוור שפע ישראל בע""\",IL,קורנפלקס דלישקד קרמל,גרמים,400.00,100 גרם,false,,19.70,0.0492,true,1,1448056
7290116530215,false,דאודרנט סטיק לגבר דרק טמפטיישן 76 ג' אקס,יוניליוור פארם,US,דאו אקס סטיק לגבר דר,גרמים,76.00,100 גרם,false,,19.90,0.2618,true,1,1448057
7290116530222,false,דאודרנט סטיק לגבר אנרכי 76 ג' אקס,יוניליוור פארם,US,דאו אקס סטיק לגבר אנ,גרמים,76.00,100 גרם,false,,19.90,0.2618,true,1,1448058
7290116530871,false,נשנושים מיקס בייגל בייגל 240 גרם,"דרך השוקולד ,1 צפת 13404",IL,נשנושים מיקס 260 גר-,גרמים,260.00,100 גרם,false,,11.90,0.0458,true,1,1448067
7290116531069,false,קנור מרק בצל 100% רכיבים טבעיים 225 גרם,יוניליוור ישראל מזון בע\,IL,קנור מרק בצל רכיבים,גרמים,225.00,100 גרם,false,,13.90,0.0618,true,1,1448075
7290116531076,false,מרק פטריות רכיבים טבעיים קטן 225 ג' קנור,יוניליוור ישראל מזון בע\,IL,קנור מרק פטריות רכיב,גרמים,225.00,100 גרם,false,,13.90,0.0618,true,1,1448076
7290116531090,false,בייגל בייגל דג דג במליחות עדינה 250 גרם,"דרך השוקולד ,1 צפת 13404",IL,בייגלה דג דג 250 גרם,גרמים,250.00,100 גרם,false,,9.90,0.0396,true,1,1448078
7290116531243,false,"שמפו ומרכך 2ב-1 למניעת קשקשים 700 מ""ל פינוק",יוניליוור ישראל טיפוח אי,IL,פינוק 2ב1 קשקשים,מיליליטרים,770.00,"100 מ""ל",false,,12.90,0.0168,true,1,1448085
7290116531762,false,דפים ריחניים למייבש כביסה בדין ורוד 40 יחידות,"קלינטסט - 3p ארה""ב",US,בדין דפים למייבש כבי,יח',40.00,יח',false,,14.90,0.3725,true,1,1448102
7290116531779,false,דפים ריחניים למייבש כביסה בדין כחול 40 יחידות,"קלינטסט - 3p ארה""ב",US,בדין דפים למייבש כבי,יח',40.00,יח',false,,14.90,0.3725,true,1,1448103
7290116532219,false,קורנפלקס תות תלמה אלופים 448 גרם,"יוניליוור שפע ישראל בע""\",IL,קורנפלקס תות תלמה -ב,גרמים,686.00,100 גרם,false,,18.90,0.0276,true,1,1448119
7290116532264,false,גודיז פרי אפרסק – שלגון מופחת קלוריות עם יוגורט בציפוי בטעם אפרסק,"גלידת שטראוס בע""\מ, רחוב",IL,גודיז פרי אפרסק 8יח,מטרים,420.00,100 מ'ל,false,,19.90,0.0474,true,1,1453689
7290116532271,false,סנדוויץ לייט גודיז שוקולד וניל 270 ג' שטראוס,"גלידת שטראוס בע""\מ, רחוב",IL,גודיז סנדוויץ 6יח,מטרים,620.00,100 מ'ל,false,,19.90,0.0321,true,1,1453690
7290116532738,false,רוטב איטלקי לסלט בזיליקום ואורגנו 305 גרם,אתר חיפה ממרחים - Fo,IL,הלמנס רוטב לסלט בזיל,מיליליטרים,300.00,"100 מ""ל",false,,9.90,0.0330,true,1,1504784
7290116532769,false,גרנולה פרוטאין גרנולה חלבון תפוח וקינמון תלמה 300 גרם,חטיפי העמק,IL,גרנולה חלבון תפוח קי,גרמים,300.00,100 גרם,false,,14.90,0.0497,true,1,1476906
7290116532868,false,פינוק בייבי שמפו אל דמע לתינוקות 900 מל,יוניליוור ישראלn\טיפוח א,IL,פינוק שמפו אל דמע בי,מיליליטרים,900.00,"100 מ""ל",false,,19.90,0.0221,true,1,1486534
7290116532882,false,נשנושים איירביס טעם בצל 155 גרם,"דרך השוקולד ,1 צפת 13404",IL,נשנושים איירביס בצל,גרמים,155.00,100 גרם,false,,11.90,0.0768,true,1,1504835
7290116532899,false,נשנושים איירביס טעם פלאפל 155 גרם,"דרך השוקולד ,1 צפת 13404",IL,נשנושים איירביס פלאפ,גרמים,155.00,100 גרם,false,,11.90,0.0768,true,1,1509832
7290116533216,false,"קנור מרק תיבול ירקות 235 מ""ל",יוניליוור,IL,קנור מרק ירקות 267 ג,גרמים,267.00,100 גרם,false,,13.90,0.0521,true,1,1504757
7290116930015,false,GO חטיף חלבון חטיף בוטנים קריספי 20 גרם חלבון,"בלמונט קונפקציות בע""\מ.",US,גו חטיף חלבון טעם ק,גרמים,60.00,100 גרם,false,,11.90,0.1983,true,1,1480075
7290116930022,false,GO חטיף חלבון עוגיות ציפוי קריספי 20 גרם חלבון,"בלמונט קונפקציות בע""\מ.",US,גו חטיף חלבון קרם עו,גרמים,60.00,100 גרם,false,,11.90,0.1983,true,1,1480076
7290116930282,false,ארוחה בקטנה לאבנה עם קרקרים 150ג' תנובה,תנובה חלב,IL,ארוחת בוקר לאבנה עם,גרמים,150.00,100 גרם,false,,7.50,0.0500,true,1,1491798
7290116930435,false,יופלה גו במרקם סמיך עם דובדבן 0% 200מל,תנובה מרכז שיתופי לש,IL,יופלה גו במרקם סמיך,מטרים,200.00,100 מ'ל,false,,5.50,0.0275,true,1,1476716
7290116930459,false,"יופלה שייק מנגו בננה אננס וקוקוס 230 מ""ל",קבוצת המזון אקטשלאר,IL,יופלה שייק 230 מל,מטרים,230.00,100 מ'ל,false,,7.70,0.0335,true,1,1476718
7290116930466,false,"משקה SHAKE בננה מנגן פסיפלורה והל 230 מ""ל יופלה",קבוצת המזון אקטשלאר,IL,יופלה שייק 230 מל,מטרים,230.00,100 מ'ל,false,,7.70,0.0335,true,1,1476719
7290116930480,false,"משקה SHAKE בננה קיווי תפוח 230 מ""ל יופלה",קבוצת המזון אקטשלאר,IL,יופלה שייק 230 מל,מטרים,230.00,100 מ'ל,false,,7.70,0.0335,true,1,1476720
7290116930626,false,ארוחה בקטנה ציזיקי עם קרקרים 150ג' תנובה,תנובה חלב,IL,ארוחת בוקר ציז'קי עם,גרמים,150.00,100 גרם,false,,7.50,0.0500,true,1,1491799
7290116930701,false,מעדן חלב GO מועשר בחלבון בטעם קרמל מלוח,תנובה מרכז שיתופי לש,IL,מעדן חלב גו בטעם קרמ,מטרים,120.00,100 מ'ל,false,,4.60,0.0383,true,1,1476726
7290116930718,false,מעדן תנובה דיאט בטעם שוקולד וקרמל מלוח 0% 150ג' תנובה,"תנובה בע""\מ",IL,מעדן חלב דל קלוריות,מיליליטרים,150.00,"100 מ""ל",false,,3.80,0.0253,true,1,1481999
7290116930725,false,סויה BIO קוקוס גביע 150 גרם אלטרנטיב,תנובה חלב,IL,סויה ביו קוקוס גביע,גרמים,150.00,100 גרם,false,,4.20,0.0280,true,1,1491824
7290116931081,false,מעדן סויה - טופי קרמל 125 גרם אלטרנטיב,תנובה מרכז שיתופי לש,IL,מעדן סויה טעם טופי ק,גרמים,125.00,100 גרם,false,,3.70,0.0296,true,1,1491825
7290116931104,false,יופלה GO במרקם סמיך עם אננס 0% תנובה 200 גרם,תנובה חלב,IL,יופלה גו במרקם סמיך,מטרים,200.00,100 מ'ל,false,,5.50,0.0275,true,1,1491826
7290117216071,false,שלשייית מזוודות+תיק BLACK,,,שלשייית מזוודות+תיק,יחידה,0.00,יחידה,false,,399.90,0.0000,true,1,1516108
7290117216194,false,שלשייית מזוודות+תיק BLUE,,,שלשייית מזוודות+תיק,יחידה,0.00,יחידה,false,,399.90,0.0000,true,1,1516111
7290117260005,false,קונפיטורה תות שדה ויליפוד 380 גרם,גסאס גנל גידה,TR,קונפיטורה תות שדה 38,גרמים,380.00,100 גרם,false,,7.90,0.0208,true,1,1451081
7290117260029,false,קונפיטורה דובדבנים ויליפוד 380 גרם,גסאס גנל גידה,TR,קונפיטורה דובדבנים 3,גרמים,380.00,100 גרם,false,,7.90,0.0208,true,1,1451083
7290117260036,false,קונפיטורה משמש ויליפוד 380 גרם,גסאס גנל גידה,TR,קונפיטורה משמש 380 ג,גרמים,380.00,100 גרם,false,,7.90,0.0208,true,1,1451084
7290117260043,false,ריבת עלי ורדים ויליפוד 380 גרם,וילי פוד,TR,ריבת עלי ורדים 380 ג,גרמים,380.00,100 גרם,false,,7.90,0.0208,true,1,1451085
7290117260050,false,קונפיטורה חבושים ויליפוד 380 גרם,וילי פוד,TR,קונפיטורה חבושים 380,גרמים,380.00,100 גרם,false,,7.90,0.0208,true,1,1451086
7290117260326,false,גבינת שמנת עם זיתים 20% 200ג רמילוי,,,גבינת שמנת עם זיתים,גרמים,200.00,100 גרם,false,,9.90,0.0495,true,1,1462737
7290117260333,false,גבינת שמנת עם חלפיניו 22% 200ג רמילוי,,,גבינת שמנת עם חלפיני,גרמים,200.00,100 גרם,false,,9.90,0.0495,true,1,1462738
7290117260432,false,פטריות שמפניון חתוכות 400ג רמילוי,,,פטריות שמפניון חתוכו,גרמים,400.00,100 גרם,false,,4.60,0.0115,true,1,1462740
7290117260449,false,גבינה בולגרית מעודנת למריחה בטעם טבעי 5% שומן 200 ג' יורו,אם.בי.טורקיה,TR,גבינה בולגרית למריחה,גרמים,200.00,100 גרם,false,,9.90,0.0495,true,1,1457422
7290117260456,false,גבינה בולגרית מעודנת למריחה עם זיתים 5% שומן 200 ג' יורו,אם.בי.טורקיה,TR,גבינה בולגרית למריחה,גרמים,200.00,100 גרם,false,,9.90,0.0495,true,1,1457423
7290117260470,false,גבינה בולגרית מעודנת למריחה עם שום 5% שומן 200 ג' יורו,אם.בי.טורקיה,TR,גבינה בולגרית למריחה,גרמים,200.00,100 גרם,false,,9.90,0.0495,true,1,1457425
7290117260685,false,תן בו וניל ציפויים בטעמים שונים 230 גרם,אלויראסמינדה,DK,תן בו וניל בציפויים,יח',1.00,יח',false,,17.90,17.9000,true,1,1451094
7290117261057,false,זוג קינוחים בטעם קרם עוגיות 140 גרם,מונטרו,ES,זוג קינוחים טעם קרם,גרמים,140.00,100 גרם,false,,9.90,0.0707,true,1,1477207
7290117261088,false,בוראטה גבינת מוצרלה רכה 125ג' 18%שומן,קסריה להפואנטה,ES,בוראטה גבינת מוצרלה,גרמים,125.00,100 גרם,false,,19.70,0.1576,true,1,1487402
7290117261101,false,זוג קינוחים בטעם שוקולד ואגוזי לוז 140 גרם,מונטרו,ES,זוג קינוחים טעם שוקו,גרמים,140.00,100 גרם,false,,9.90,0.0707,true,1,1477208
7290117261118,false,זוג קינוחים בטעם שוקולד בציפוי שוקולד חלב 140 גרם,מונטרו,ES,זוג קינוחים טעם שוקו,גרמים,140.00,100 גרם,false,,9.90,0.0707,true,1,1477209
7290117261125,false,זוג קינוחים בטעם וניל בציפוי שוקולד לבן 140 גרם,מונטרו,ES,זוג קינוחים טעם וניל,גרמים,140.00,100 גרם,false,,9.90,0.0707,true,1,1477210
7290117261132,false,זוג קינוחים בטעם קרמל מלוח 70*2 גרם יור,מונטרו,ES,זוג קינוחים טעם קרמל,גרמים,140.00,100 גרם,false,,9.90,0.0707,true,1,1477211
7290117261354,false,גבינת ריקוטה 200 גרם 5%שומן מחלבת אירופה,באלבן גידה סנאי,TR,גבינת ריקוטה 200גרם,גרמים,200.00,100 גרם,false,,9.70,0.0485,true,1,1480104
7290117261415,false,euro cheese יוגורט פרוביוטי 2.7% שומן 125 גרם,Euro יורו מחלבות אירופה,TR,יוגורט פרוביוטי 2.7%,מטרים,125.00,100 מ'ל,false,,2.80,0.0224,true,1,1513315
7290117261422,false,EURO יוגורט פרוביוטי עם תות שדה 2% 125 גרם,Euro יורו מחלבות אירופה,TR,יוגורט פרוביוטי עם ת,מטרים,125.00,100 מ'ל,false,,2.80,0.0224,true,1,1513316
7290117261446,false,euro cheese יוגורט פרוביוטי אפרסק 2% שומן 125 גרם,Euro יורו מחלבות אירופה,TR,יוגורט פרוביוטי עם א,מטרים,125.00,100 מ'ל,false,,2.80,0.0224,true,1,1513318
7290117261484,false,מאפה בצק עלים ממולא נקניקיות טבעוניות 450 גרם,הלניק,GR,מאפה בצק עלים ממולא,גרמים,450.00,100 גרם,false,,23.90,0.0531,true,1,1480151
7290117261521,false,סלמון אטלנטי בשמן קנולה 120 גרם ויליפוד,קריות זול,LV,סלמון אטלנטי בשמן קנ,גרמים,120.00,100 גרם,false,,9.90,0.0825,true,1,1487367
7290117261552,false,סלמון אטלנטי ברוטב עגבניות 120 גרם ויליפוד,קריות זול,LV,סלמון אטלנטי ברוטב ע,גרמים,120.00,100 גרם,false,,9.90,0.0825,true,1,1487370
7290117261569,false,סלמון אטלנטי מעושן בשמן קנולה 120 גרם ויליפוד,קריות זול,LV,סלמון אטלנטי מעושן ב,גרמים,120.00,100 גרם,false,,9.90,0.0825,true,1,1487371
7290117261583,false,סרדינים בריסלינג מעושנים בשמן קנולה 129 גרם (צנצנת),גולדן פרייז קאנינג אל.טי,LV,סרדינים בריסלינג מעו,גרמים,185.00,100 גרם,false,,13.50,0.0730,true,1,1496686
7290117261590,false,סרדינים בריסלינג מעושנים בשמן זית 185 גרם צנצנת,גולדן פרייז קאנינג אל.טי,LV,סרדינים בריסלינג מעו,גרמים,120.00,100 גרם,false,,13.50,0.1125,true,1,1496687
7290117261705,false,חמאת עיזים 200 גרם ויליפוד,באלבן גידה סנאי,TR,חמאת עיזים 200 גר,גרמים,200.00,100 גרם,false,,13.70,0.0685,true,1,1457432
7290117261989,false,גבינת מנורי רכה מחלב צאן 43% שומן 170 גרם,סאסו פטוראגס קומטויס אף,GR,גבינת מנורי רכה 43%,גרמים,170.00,100 גרם,false,,16.80,0.0988,true,1,1477213
7290117262160,false,גבינה כפרית 20% שומן EURO CHEESE ויליפוד 200 גרם,סאסו פטוראגס קומטויס אף,TR,גבינה כפרית חצי קשה,גרמים,200.00,100 גרם,false,,12.90,0.0645,true,1,1487341
7290117262221,false,"משקה יוגורט פרוביוטי עם אננס 200מ""ל 2.3%שומן יורו",Euro יורו מחלבות אירופה,TR,משקה יוגורט פרוביוטי,מטרים,200.00,100 מ'ל,false,,4.90,0.0245,true,1,1487406
7290117262238,false,"משקה יוגורט פרוביוטי עם תות שדה 200מ""ל 2.3%שומן יורו",Euro יורו מחלבות אירופה,TR,משקה יוגורט פרוביוטי,מטרים,200.00,100 מ'ל,false,,4.90,0.0245,true,1,1487407
7290117262245,false,"משקה יוגורט פרוביוטי עם אפרסק ומשמש 200מ""ל 2.3%שומן יורו",Euro יורו מחלבות אירופה,TR,משקה יוגורט פרוביוטי,מטרים,200.00,100 מ'ל,false,,4.90,0.0245,true,1,1487408
7290117263020,false,"משקה יוגורט פרוביוטי פירות יער 2.3% 200 מ""ל",אקר,TR,משקה יוגורט פרוביוטי,מטרים,200.00,100 מ'ל,false,,4.90,0.0245,true,1,1524011
7290117380178,false,סוויט פוף חטיף מצופה שוקולד חלב,"טחנת האבן תעשיות בע""",IL,חטיף סוויט פוף שוקול,גרמים,55.00,100 גרם,false,,4.90,0.0891,true,1,1476757
7290117380185,false,סוויט פוף חטיף מצופה שוקולד חלב ולבן,"טחנת האבן תעשיות בע""",IL,חטיף סוויט פוף שוקול,גרמים,55.00,100 גרם,false,,4.90,0.0891,true,1,1476758
7290117380208,false,חטיף פוף קראנץ בטעם חמוץ חריף 60 גרם,מנה,IL,פוף קראנצ בטעם חמוץ,גרמים,60.00,100 גרם,false,,2.90,0.0483,true,1,1445160
7290117380215,false,חטיף פוף קראנץ בטעם טאקו 60 גרם,מנה,IL,פוף קראנצ בטעם טאקו,גרמים,60.00,100 גרם,false,,2.90,0.0483,true,1,1445161
7290117380413,false,"מארז זוג טריגר שירותים 2*500 מ""ל אגקס",,,אגקס מארז זוג טריגר,מטרים,1000.00,100 מ'ל,false,,29.80,0.0298,true,1,1445162
7290117380857,false,"מרבה סלים דליס פייבר עוגות אישיות בטעם לימון, 120 גרם",שסטוביץ,NL,סלים דליס פייבר עוגו,גרמים,150.00,100 גרם,false,,10.80,0.0720,true,1,1476759
7290117381182,false,"רוטב סריראצה מאסטר שף 360 מ""ל",מנה,TH,מאסטר שף רוטב סרירצ',מטרים,360.00,100 מ'ל,false,,14.90,0.0414,true,1,1515982
7290117381205,false,"מאסטר שף שמן שומשום 370 מ""ל",מנה,,מאסטר שף שמן שומשום,מטרים,370.00,100 מ'ל,false,,22.90,0.0619,true,1,1507945
7290117381229,false,פוף פריכיות מצופות שוקולד חלב 70 גרם,בנליאן פודס,RS,פוף פריכיות מצופות ש,גרמים,70.00,100 גרם,false,,7.90,0.1129,true,1,1492221
7290117381656,false,"מארז משחת שיניים 75 מ""ל ומברשת מרידול",קולגייט פלמוליב,PL,מרידול מארז משחה 75מ,יח',1.00,יח',false,,24.90,24.9000,true,1,1445163
7290117382318,false,סלים דליס - חטיף חלבון מצופה שוקולד מריר 60 גרם,"י. מרבה ישראל בע""\מ",IT,סלים דליס חטיף חלבון,יחידה,0.00,יחידה,false,,11.90,0.0000,true,1,1500712
7290117382325,false,סלים דליס - פרו 33 חטיף חלבון מצופה שוקולד חלב 60 גרם,"י. מרבה ישראל בע""\מ",IT,סלים דליס פרו 33 חטי,יחידה,0.00,יחידה,false,,11.90,0.0000,true,1,1500713
7290117382332,false,סלים דליס - חטיף חלבון מצופה שוקולד בטעם עוגיות 60 גרם,"י. מרבה ישראל בע""\מ",IT,סלים דליס חטיף חלבון,יחידה,0.00,יחידה,false,,11.90,0.0000,true,1,1500714
7290117383711,false,"מארז זוג תחליב רחצה חלב ודבש *750 מ""ל פלמוליב",קולגייט פלמוליב,TR,פלמוליב חלב ודבש 750,גרמים,1500.00,100 גרם,false,,29.90,0.0199,true,1,1514568
7290117383728,false,"מארז זוג תחליב רחצה לומינוס  אבוקדו 750 מ""ל פלמוליב",קולגייט פלמוליב,TR,פלמוליב לימונס אבוקד,גרמים,1500.00,100 גרם,false,,29.90,0.0199,true,1,1514569
7290117383735,false,"מארז זוג תחליב רחצה חימר ורדים *750 מ""ל פלמוליב",קולגייט פלמוליב,TR,פלמוליב חימר ורדים,גרמים,1500.00,100 גרם,false,,29.90,0.0199,true,1,1514594
7290117383742,false,"מארז זוג ג'ל רחצה לגבר 750 מ""ל פלמוליב",קולגייט פלמוליב,TR,פלמוליב גבר מרענן 75,גרמים,1500.00,100 גרם,false,,29.90,0.0199,true,1,1514595
7290117860038,false,"הוואי - תחליב רחצה יוגורט בניחוח אוכמניות 700 מ""ל","טרופיקל דגיל בע""\מ",IL,הוואי תחליב רחצה יוג,יחידה,0.00,יחידה,false,,13.90,0.0000,true,1,1523626
7290117860045,false,שמפו תמציות אלוורה ותה ירוק לשיער רגיל,"טרופיקל גליל בע""מ",IL,הוואי שמפו לשיער רגי,יחידה,0.00,יחידה,false,,13.90,0.0000,true,1,1523627
7290117860090,false,מרכך תמציות אלוורה ותה ירוק לשיער רגיל,"טרופיקל דגיל בע""\מ",IL,הוואי מרכך מטפח לשיע,יחידה,0.00,יחידה,false,,13.90,0.0000,true,1,1523629
7290117860137,false,"הוואי קרם רחצה יוגורט בניחוח פרח הקמליה 700 מ""ל","טרופיקל גליל בע""מ",IL,הוואי קרם רחצה בניחו,יחידה,0.00,יחידה,false,,13.90,0.0000,true,1,1523630
7290117860144,false,הוואי שמפו פירות אקזוטיים וקלנדולה 700,"טרופיקל גליל בע""מ",IL,הוואי שמפו למניעת קש,יחידה,0.00,יחידה,false,,13.90,0.0000,true,1,1523631
7290117860182,false,"הוואי - תחליב רחצה בניחוח מגנוליה ושמן שקדים 700 מ""ל","טרופיקל דגיל בע""\מ",IL,הוואי תחליב רחצה מגנ,יחידה,0.00,יחידה,false,,13.90,0.0000,true,1,1523632
7290117860199,false,שמפו שמן ורד הבר ושמן מקדמיה לשיער יבש,"טרופיקל דגיל בע""\מ",IL,הוואי שמפו לשיער יבש,יחידה,0.00,יחידה,false,,13.90,0.0000,true,1,1523633
7290117860243,false,"הוואי - מרכך מעניק לחות לשיער יבש 700 מ""ל","טרופיקל גליל בע""מ",IL,הוואי מרכך מעניק לחו,יחידה,0.00,יחידה,false,,13.90,0.0000,true,1,1523635
7290117860298,false,שמפו קומפלקס קרטין לשיער עדין או חלש,"טרופיקל גליל בע""מ",IL,הוואי שמפו קרטין מחז,יחידה,0.00,יחידה,false,,13.90,0.0000,true,1,1523637
7290117860342,false,מרכך קומפלקס קרטין לשיער עדין או חלש,"טרופיקל גליל בע""מ",IL,הוואי מרכך קרטין מחז,יחידה,0.00,יחידה,false,,13.90,0.0000,true,1,1523639
7290117860397,false,שמפו תמצית פריחת הדובדבן לשיער רגיל,"טרופיקל גליל בע""מ",IL,הוואי שמפו פריחת הדו,יחידה,0.00,יחידה,false,,13.90,0.0000,true,1,1523641
7290117860496,false,"הוואי שמפו + מרכך 2 ב-1 לגבר 700 מ""ל-חדש","טרופיקל גליל בע""מ",IL,הוואי שמפו + מרכך 2,יחידה,0.00,יחידה,false,,13.90,0.0000,true,1,1523643
7290117860649,false,הוואי שמפו קרטין קיק ללא סולפטים 700 מל,"טרופיקל גליל בע""מ",IL,הוואי שמפו ללא סולפט,יחידה,0.00,יחידה,false,,13.90,0.0000,true,1,1523646
7290117860748,false,הוואי שמפו תמצית יסמין מעניק נפח 700 מל,"טרופיקל גליל בע""מ",IL,הוואי שמפו מעניק נפח,יחידה,0.00,יחידה,false,,13.90,0.0000,true,1,1523648
7290117860793,false,הוואי מרכך תמצית יסמין מעניק נפח 700 מל,"טרופיקל דגיל בע""\מ",IL,הוואי מרכך מעניק נפח,יחידה,0.00,יחידה,false,,13.90,0.0000,true,1,1523649
7290117860847,false,"הוואי רעננות מושלמת לגבר לשיער, גוף, פנים וזקן","טרופיקל גליל בע""מ",IL,הוואי שמפו 4 ב-1 לגב,יחידה,0.00,יחידה,false,,13.90,0.0000,true,1,1523650
7290117860892,false,"הוואי - תחליב רחצה יוגורט בניחוח וניל ודבש 700 מ""ל","טרופיקל דגיל בע""\מ",IL,הוואי תחליב רחצה יוג,יחידה,0.00,יחידה,false,,13.90,0.0000,true,1,1523651
7290117900833,false,חמצוצים בטעם תות בננה 180 גרם רמי לוי,,,חמצוצים בטעם תות בננ,גרמים,180.00,100 גרם,false,,8.90,0.0494,true,1,1473777
7290117900871,false,מגש סוכריות גומי 700 גרם רמי לוי,,,מגש סוכריות גומי 700,גרמים,700.00,100 גרם,false,,28.90,0.0413,true,1,1473781
7290118070009,false,סט 12יח קליפסים לסגירת שקיות,,,סט 12יח קליפסים לסגי,יח',1.00,יח',false,,9.90,9.9000,true,1,1487501
7290118070030,false,סט 4 קעריות פלסטיק פסטל,,,סט 4 קעריות פלסטיק פ,יח,1.00,יח,false,,9.90,9.9000,true,1,1487525
7290118070054,false,מערוך עץ מחליף,,,מערוך עץ מחליף,יח,1.00,יח,false,,14.90,14.9000,true,1,1487527
7290118070061,false,"מסננת רשת מתכת XL קוטר 28 ס""מ",,,מסננת רשת מתכת XL קו,יח,1.00,יח,false,,24.90,24.9000,true,1,1487528
7290118070078,false,שטיח אמבט פרחוני MOCONA,,,שטיח אמבט פרחוני MOC,יחידה,0.00,יחידה,false,,19.90,0.0000,true,1,1513793
7290118070108,false,"שמיכה מפנקת 200*180ס""מ",,,שמיכה מפנקת 200*180ס,יח,1.00,יח,false,,49.90,49.9000,true,1,1499311
7290118070115,false,"שמיכת פרווה מפנקת 200*150 ס""מ",,,שמיכת פרווה מפנקת 20,יח,1.00,יח,false,,79.90,79.9000,true,1,1499312
7290118070122,false,"שמיכת פרווה עבה מפנקת 200*150 ס""מ",,,שמיכת פרווה עבה מפנק,יח,1.00,יח,false,,79.90,79.9000,true,1,1499313
7290118070146,false,מאפרת זכוכית מעוצבת מחליף,,,מאפרת זכוכית מעוצבת,יח,1.00,יח,false,,5.90,5.9000,true,1,1487529
7290118070153,false,ראש דוש מגביר לחץ,,,ראש דוש מגביר לחץ,יח,1.00,יח,false,,39.90,39.9000,true,1,1487530
7290118070177,false,שלישית ווים ניצמדים,,,שלישית ווים ניצמדים,יח,1.00,יח,false,,5.90,5.9000,true,1,1487532
7290118070207,false,שלישיית ווים נדבקים,,,שלישיית ווים נדבקים,יחידה,0.00,יחידה,false,,5.90,0.0000,true,1,1493725
7290118070221,false,אטבי כביסה בשקית,,,אטבי כביסה בשקית,יחידה,0.00,יחידה,false,,8.90,0.0000,true,1,1502891
7290118070245,false,קליפיסים לסגירת שקיות 4יח,,,קליפיסים לסגירת שקיו,יח,1.00,יח,false,,6.90,6.9000,true,1,1487557
7290118070252,false,מארז בלונים 50יח,,,מארז בלונים 50יח,יח,1.00,יח,false,,12.90,12.9000,true,1,1487558
7290118070269,false,שיפודי ברזל,,,שיפודי ברזל,יחידה,0.00,יחידה,false,,11.90,0.0000,true,1,1493727
7290118070320,false,נעלי בית נשים (36-41) פרווה יוג'י ורוד,,,נעלי בית נשים (36-41,יח',1.00,יח',false,,59.90,59.9000,true,1,1507672
7290118070351,false,נעלי בית נשים (36-41) פרווה 2 רצועות בז',,,נעלי בית נשים (36-41,יח',1.00,יח',false,,59.90,59.9000,true,1,1507675
7290118070368,false,נעלי בית נשים (36-41) פרווה כדור שחור,,,נעלי בית נשים (36-41,יח',1.00,יח',false,,59.90,59.9000,true,1,1507676
7290118070412,false,נעלי בית נשים (36-41) פרווה TOY בז',,,נעלי בית נשים (36-41,יח',1.00,יח',false,,59.90,59.9000,true,1,1507681
7290118070429,false,נעלי בית גברים (41-46) אפור בהיר,,,נעלי בית גברים (41-4,יח',1.00,יח',false,,59.90,59.9000,true,1,1507682
7290118070436,false,נעלי בית גברים (41-46) אפור כהה,,,נעלי בית גברים (41-4,יח',1.00,יח',false,,59.90,59.9000,true,1,1507683
7290118070443,false,"שמיכת פרווה פסים מפנקת 200*150 ס""מ",,,שמיכת פרווה פסים מפנ,יח,1.00,יח,false,,79.90,79.9000,true,1,1499314
7290118070993,false,מפיות מודפסות,,,מפיות מודפסות,יח',1.00,יח',false,,4.90,4.9000,true,1,1488369
7290118071013,false,מפיות מודפסות,,,מפיות מודפסות,יח',1.00,יח',false,,4.90,4.9000,true,1,1488393
7290118071044,false,מפיות מודפסות שבת שלום 20יח,,,מפיות מודפסות שבת של,יח',1.00,יח',false,,4.90,4.9000,true,1,1488416
7290118071051,false,מפיות מודפסות שבת שלום 20יח,,,מפיות מודפסות שבת של,יח',1.00,יח',false,,4.90,4.9000,true,1,1488417
7290118071150,false,רולר נייר דבק לניקוי בדים + מילוי,,,רולר נייר דבק לניקוי,יח',1.00,יח',false,,9.90,9.9000,true,1,1490806
7290118071167,false,סט 12 עפרונות HB,,,סט 12 עפרונות HB,יח',1.00,יח',false,,2.90,2.9000,true,1,1489553
7290118071174,false,שלישית דבק סילוטיפ,,,שלישית דבק סילוטיפ,יח',1.00,יח',false,,3.90,3.9000,true,1,1489554
7290118071297,false,בצק משחק כלב,,,בצק משחק כלב,יחידה,0.00,יחידה,false,,14.90,0.0000,true,1,1491411
7290118071310,false,בצק משחק -כלב,,,בצק משחק -כלב,יחידה,0.00,יחידה,false,,12.90,0.0000,true,1,1491412
7290118071327,false,בצק משחק -ארנב,,,בצק משחק -ארנב,יחידה,0.00,יחידה,false,,16.90,0.0000,true,1,1491413
7290118071358,false,חול קינטי,,,חול קינטי,יחידה,0.00,יחידה,false,,14.90,0.0000,true,1,1491439
7290118071419,false,12 עפרונות צבעוניים דו צדדים - 24 גוונים,,,12 עפרונות צבעוניים,יח',1.00,יח',false,,9.90,9.9000,true,1,1489579
7290118071433,false,טושי ג'מבו,,,טושי ג'מבו,יח',1.00,יח',false,,9.90,9.9000,true,1,1489580
7290118071518,false,סט מרקרים משולב,,,סט מרקרים משולב,יחידה,0.00,יחידה,false,,9.90,0.0000,true,1,1491443
7290118071532,false,סט 5 עטים,,,סט 5 עטים,יח',1.00,יח',false,,9.90,9.9000,true,1,1489610
7290118071815,false,נעלי בית גברים,,,נעלי בית גברים,יח',1.00,יח',false,,59.90,59.9000,true,1,1508503
7290118071822,false,נעלי בית גברים (41-46) יוג'י אפור בהיר,,,נעלי בית גברים (41-4,יח',1.00,יח',false,,59.90,59.9000,true,1,1507684
7290118071839,false,נעלי בית נוער (36-41) יוג'י שחור/אפור כהה,,,נעלי בית נוער (36-41,יח',1.00,יח',false,,59.90,59.9000,true,1,1507685
7290118071846,false,נעלי בית נוער (36-41) יוג'י שחור/אפור בהיר,,,נעלי בית נוער (36-41,יח',1.00,יח',false,,59.90,59.9000,true,1,1507686
7290118071884,false,חנוכיה מעוצבת מעוטרת זהב,,,חנוכיה מעוצבת מעוטרת,יחידה,0.00,יחידה,false,,39.90,0.0000,true,1,1515831
7290118071891,false,חנוכיה מעוצבת מנורה כסף,,,חנוכיה מעוצבת מנורה,יחידה,0.00,יחידה,false,,69.90,0.0000,true,1,1515832
7290118071914,false,חנוכיה מעוצבת מחומש כסף,,,חנוכיה מעוצבת מחומש,יחידה,0.00,יחידה,false,,99.90,0.0000,true,1,1515834
7290118071938,false,כוס לקידוש כסף,,,כוס לקידוש כסף,יחידה,0.00,יחידה,false,,39.90,0.0000,true,1,1515836
7290118071952,false,חנוכייה מעוצבת קטנה 21סמ רגל מעוטרת כסף,,,חנוכייה מעוצבת קטנה,יחידה,0.00,יחידה,false,,39.90,0.0000,true,1,1515838
7290118072379,false,קערה עמוקה שקוף נצנץ כסף (1 יח') חגיגית,,,קערה עמוקה שקוף נצנץ,יח',1.00,יח',false,,7.90,7.9000,true,1,1513785
7290118072416,false,"מחבת יציקה איכותית 20 ס""מ wood edition",,,מחבת יציקה איכותית 2,יח',1.00,יח',false,,49.90,49.9000,true,1,1509149
7290118072423,false,מחבת יציקה איכותית 2,,,מחבת יציקה איכותית 2,יח',1.00,יח',false,,59.90,59.9000,true,1,1509150
7290118072478,false,"רוסטר יציקה משובח לבישול ואפייה 30 ס""מ",,,רוסטר יציקה משובח לב,יחידה,0.00,יחידה,false,,119.90,0.0000,true,1,1513795
7290118072485,false,"סיר יציקה משובח לבישול 16 ס""מ",,,סיר יציקה משובח לביש,יחידה,0.00,יחידה,false,,36.90,0.0000,true,1,1513796
7290118072492,false,מנגל קטן,,,מנגל קטן,יח',1.00,יח',false,,29.90,29.9000,true,1,1494479
7290118072515,false,"מחבת ווד אדישן מקצועית 24 ס""מ שחור",,,מחבת ווד אדישן מקצוע,יח',1.00,יח',false,,59.90,59.9000,true,1,1496777
7290118072522,false,"מחבת ווד אדישן מקצועית 28 ס""מ שחור",,,מחבת ווד אדישן מקצוע,יח',1.00,יח',false,,69.90,69.9000,true,1,1496778
7290118072539,false,"מחבת יציקה איכותית 28 ס""מ wood edition",,,מחבת יציקה איכותית 2,יח',1.00,יח',false,,79.90,79.9000,true,1,1509153
7290118072553,false,מחבת פנקייק סמיילי,,,מחבת פנקייק סמיילי,יח',1.00,יח',false,,89.90,89.9000,true,1,1509155
7290118072591,false,מאג רוזה,,,מאג רוזה,יח',1.00,יח',false,,4.90,4.9000,true,1,1496779
7290118072607,false,מאג יהלום,,,מאג יהלום,יח',1.00,יח',false,,4.90,4.9000,true,1,1496780
7290118072614,false,כוס צייסר קטנה,,,כוס צייסר קטנה,יחידה,0.00,יחידה,false,,2.90,0.0000,true,1,1496808
7290118072621,false,כוס יין מעוטרת,,,כוס יין מעוטרת,יחידה,0.00,יחידה,false,,4.90,0.0000,true,1,1496809
7290118072645,false,כוס יין איכותית,,,כוס יין איכותית,יחידה,0.00,יחידה,false,,4.90,0.0000,true,1,1496811
7290118072669,false,מפה עם גומי לשולחן מתקפל 1.80,,,מפה עם גומי לשולחן מ,יחידה,0.00,יחידה,false,,19.90,0.0000,true,1,1511863
7290118072683,false,לפתניה לבן 20יח,,,לפתניה לבן 20יח,יח',20.00,יח',false,,2.90,0.1450,true,1,1516188
7290118072690,false,לבן קרסול 20יח,,,לבן קרסול 20יח,יח',20.00,יח',false,,3.50,0.1750,true,1,1516189
7290118072706,false,לבן מרקיה (20 יח') בסט וליו,,,לבן מרקיה (20 יח') ב,יח',1.00,יח',false,,4.90,4.9000,true,1,1515934
7290118072768,false,קרם צלחת 10' (20 יח') בסט וליו,,,קרם צלחת 10' (20 יח',יח',1.00,יח',false,,13.90,13.9000,true,1,1520340
7290118072812,false,לבן צלחת 10' (20יח') בסט וליו,,,לבן צלחת 10' (20יח'),יח',1.00,יח',false,,13.90,13.9000,true,1,1517633
7290118072867,false,צנצנת מכסה זכוכית,,,צנצנת מכסה זכוכית,יחידה,0.00,יחידה,false,,13.90,0.0000,true,1,1496812
7290118072874,false,צנצנת מכסה זכוכית,,,צנצנת מכסה זכוכית,יחידה,0.00,יחידה,false,,17.90,0.0000,true,1,1496836
7290118072898,false,צנצנת מכסה זכוכית,,,צנצנת מכסה זכוכית,יחידה,0.00,יחידה,false,,24.90,0.0000,true,1,1496838
7290118072911,false,"סיר יציקה משובח 26 ס""מ",,,סיר יציקה משובח 26 ס,יח',1.00,יח',false,,69.90,69.9000,true,1,1513434
7290118072959,false,חנוכיה ציון,,,חנוכיה ציון,יחידה,0.00,יחידה,false,,49.90,0.0000,true,1,1515845
7290118072966,false,חנוכיה אורות,,,חנוכיה אורות,יחידה,0.00,יחידה,false,,59.90,0.0000,true,1,1515846
7290118072973,false,צידנית מתקפלת איכותית רמי לוי,,,צידנית מתקפלת איכותי,יחידה,0.00,יחידה,false,,19.90,0.0000,true,1,1510529
7290118073161,false,"סט 3 תחתיות שעם לסירים 1*18.5 ס""מ כיתוב אנגלית",,,סט 3 תחתיות שעם לסיר,יחידה,0.00,יחידה,false,,24.90,0.0000,true,1,1502924
7290118073314,false,שקוף מרקיה (20יח'),,,שקוף מרקיה (20יח'),יח',1.00,יח',false,,6.90,6.9000,true,1,1517641
7290118073321,false,שקוף צלחת 7' (20יח'),,,שקוף צלחת 7' (20יח'),יח',1.00,יח',false,,5.90,5.9000,true,1,1517642
7290118073338,false,צלחת שקוף מספר 9 20יח,,,צלחת שקוף מספר 9 20י,יח',20.00,יח',false,,8.90,0.4450,true,1,1516221
7290118073345,false,שקוף צלחת 10' (20יח') בסט וליו,,,שקוף צלחת 10' (20יח',יח',1.00,יח',false,,14.90,14.9000,true,1,1517643
7290118073352,false,שעון שבת / טיימר,,,שעון שבת / טיימר,יחידה,0.00,יחידה,false,,19.90,0.0000,true,1,1510753
7290118073512,false,זוג קופסאות אחסון מיני פלסטיק,,,זוג קופסאות אחסון מי,יחידה,0.00,יחידה,false,,4.90,0.0000,true,1,1506364
7290118073550,false,מארז 5 קופסאות אחסון פלסטיק מלבניות,,,מארז 5 קופסאות אחסון,יחידה,0.00,יחידה,false,,19.90,0.0000,true,1,1506368
7290118073567,false,מארז 5 קופסאות אחסון פלסטיק מרובעות,,,מארז 5 קופסאות אחסון,יחידה,0.00,יחידה,false,,19.90,0.0000,true,1,1506369
7290118073581,false,מסננת סיליקון עגולה,,,מסננת סיליקון עגולה,יחידה,0.00,יחידה,false,,19.90,0.0000,true,1,1513800
7290118073611,false,דלי הפלא מתקפל,,,דלי הפלא מתקפל,יחידה,0.00,יחידה,false,,29.90,0.0000,true,1,1513802
7290118073628,false,"סט סכו""ם יוקרתי 24 חלקים זהב מט",,,"סט סכו""ם יוקרתי 24 ח",יחידה,0.00,יחידה,false,,59.90,0.0000,true,1,1515849
7290118073659,false,"סט סכו""ם יוקרתי 24 חלקים כסף מבריק",,,סט סכום יוקרתי 24 חל,יח',1.00,יח',false,,49.90,49.9000,true,1,1508728
7290118073666,false,משקפי ראיה מעוצבות,,,משקפי ראיה מעוצבות,יחידה,0.00,יחידה,false,,10.90,0.0000,true,1,1502926
7290118073697,false,חנוכייה מתכת צבעונית,,,חנוכייה מתכת צבעונית,יחידה,0.00,יחידה,false,,9.90,0.0000,true,1,1525203
7290118073703,false,כרית ויסקו איכותית,,,כרית ויסקו איכותית,יחידה,0.00,יחידה,false,,69.90,0.0000,true,1,1504236
7290118073710,false,מקל מטאטא מחוזק 130סמ צבעוני,,,מקל מטאטא מחוזק 130ס,יחידה,0.00,יחידה,false,,6.90,0.0000,true,1,1514329
7290118073727,false,מגב בלו דיימונד פטנט,,,מגב בלו דיימונד פטנט,יח',1.00,יח',false,,19.90,19.9000,true,1,1516292
7290118073734,false,"מגב איכותי 43 ס""מ",,,"מגב איכותי 43 ס""מ",יח',1.00,יח',false,,9.90,9.9000,true,1,1516293
7290118073741,false,"מגב איכותי 55 ס""מ",,,"מגב איכותי 55 ס""מ",יח',1.00,יח',false,,14.90,14.9000,true,1,1516294
7290118073802,false,חגורה נמתחת,,,חגורה נמתחת,יח',1.00,יח',false,,14.90,14.9000,true,1,1520857
7290118073819,false,מברשת למנגל,,,מברשת למנגל,יחידה,0.00,יחידה,false,,9.90,0.0000,true,1,1515780
7290118073857,false,"תבנית הפלא לתנור 30*22.5 ס""מ",,,תבנית הפלא לתנור 30*,יחידה,0.00,יחידה,false,,59.90,0.0000,true,1,1515853
7290118073888,false,סט קוצצי ציפורניים גדול,,,סט קוצצי ציפורניים ג,יח',1.00,יח',false,,14.90,14.9000,true,1,1520858
7290118073956,false,אלמוגית מברשת שיניים,,,אלמוגית מברשת שיניים,יח',1.00,יח',false,,9.90,9.9000,true,1,1520830
7290118073994,false,"סט 4 קערות צבעוניות מרובעות 14 ס""מ גובה 7 ס""מ",,,סט 4 קערות צבעוניות,יחידה,0.00,יחידה,false,,9.90,0.0000,true,1,1515784
7290118074199,false,קערת פופקורן גדולה,,,קערת פופקורן גדולה,יחידה,0.00,יחידה,false,,9.90,0.0000,true,1,1513804
7290118074205,false,קערת פופקורן בינונית,,,קערת פופקורן בינונית,יחידה,0.00,יחידה,false,,7.90,0.0000,true,1,1513805
7290118074212,false,קערת פופקורן ענקית,,,קערת פופקורן ענקית,יחידה,0.00,יחידה,false,,14.90,0.0000,true,1,1513806
7290118074236,false,פינגאן מצופה איכותי,,,פינגאן מצופה איכותי,יחידה,0.00,יחידה,false,,29.90,0.0000,true,1,1515788
7290118074298,false,פטיש לשניצל אלומניום,,,פטיש לשניצל אלומניום,יח',1.00,יח',false,,29.90,29.9000,true,1,1520832
7290118074335,false,תרווד נירוסטה איכותי,,,תרווד נירוסטה איכותי,יחידה,0.00,יחידה,false,,14.90,0.0000,true,1,1515791
7290118074359,false,מצקת נירוסטה,,,מצקת נירוסטה,יחידה,0.00,יחידה,false,,14.90,0.0000,true,1,1515793
7290118074427,false,"מסננת ידית ברזל 20 ס""מ",,,מסננת ידית ברזל 20 ס,יחידה,0.00,יחידה,false,,15.90,0.0000,true,1,1502930
7290118074441,false,מסננת רשת M,,,מסננת רשת M,יחידה,0.00,יחידה,false,,14.90,0.0000,true,1,1515794
7290118074458,false,מסננת רשת L,,,מסננת רשת L,יחידה,0.00,יחידה,false,,19.90,0.0000,true,1,1515795
7290118074489,false,שלישיית פותחנים,,,שלישיית פותחנים,יח',1.00,יח',false,,4.90,4.9000,true,1,1520862
7290118074496,false,פומפייה נירוסטה ענקית,,,פומפייה נירוסטה ענקי,יח',1.00,יח',false,,24.90,24.9000,true,1,1520863
7290118074526,false,פותחן מאסטרו מקצועי,,,פותחן מאסטרו מקצועי,יחידה,0.00,יחידה,false,,29.90,0.0000,true,1,1515798
7290118074533,false,שפריצר מיכל אלומניום,,,שפריצר מיכל אלומניום,יחידה,0.00,יחידה,false,,11.90,0.0000,true,1,1502931
7290118074540,false,דבק 3 שניות מעולה- סט,,,דבק 3 שניות מעולה- ס,יחידה,0.00,יחידה,false,,9.90,0.0000,true,1,1515799
7290118074595,false,מברשת הפלא,,,מברשת הפלא,יחידה,0.00,יחידה,false,,11.90,0.0000,true,1,1515800
7290118074618,false,שישיית ווים לתליה,,,שישיית ווים לתליה,יח',1.00,יח',false,,9.90,9.9000,true,1,1520866
7290118074625,false,צינור אמבט מתכת 2 מטר,,,צינור אמבט מתכת 2 מט,יח',1.00,יח',false,,29.90,29.9000,true,1,1520867
7290118074632,false,שלישית ווים ניצמדים בוואקום MOCONA,,,שלישית ווים ניצמדים,יחידה,0.00,יחידה,false,,5.90,0.0000,true,1,1515801
7290118074649,false,ראש דוש מונקו MOCONA,,,ראש דוש מונקו MOCONA,יחידה,0.00,יחידה,false,,49.90,0.0000,true,1,1515802
7290118074656,false,פקק חכם MOCONA,,,פקק חכם MOCONA,יחידה,0.00,יחידה,false,,7.90,0.0000,true,1,1515803
7290118074663,false,אולר הישרדות,,,אולר הישרדות,יחידה,0.00,יחידה,false,,29.90,0.0000,true,1,1515804
7290118074717,false,שפריצר מעוצב,,,שפריצר מעוצב,יחידה,0.00,יחידה,false,,7.90,0.0000,true,1,1513811
7290118075295,false,"שטיח פרווה יוקרתי רך במיוחד 80*50 ס""מ מיקס צבעים",,,שטיח פרווה יוקרתי רך,יחידה,0.00,יחידה,false,,29.90,0.0000,true,1,1513222
7290118075301,false,קופסת אחסון 0.65 ליטר 6 יח',,,קופסת אחסון 0.65 ליט,יח',1.00,יח',false,,9.90,9.9000,true,1,1498479
7290118076742,false,"מפיות נייר 33*33 ס""מ (20 יח') זהב לבן דגם 5409",,,"מפיות נייר 33*33 ס""מ",יח',1.00,יח',false,,4.90,4.9000,true,1,1522851
7290118077992,false,חנוכייה מעוצבת רגל מרובעת מעוטרת כסף מבריק,,,חנוכייה מעוצבת רגל מ,יחידה,0.00,יחידה,false,,79.90,0.0000,true,1,1515855
7290118078050,false,כוס לקידוש עם צלחת מעויינים כסף,,,כוס לקידוש עם צלחת מ,יחידה,0.00,יחידה,false,,49.90,0.0000,true,1,1515861
7290118078067,false,כוס לקידוש עם צלחת מעוטרת כסף,,,כוס לקידוש עם צלחת מ,יחידה,0.00,יחידה,false,,49.90,0.0000,true,1,1515862
7290118078241,false,מפיץ ריח DREAMS PATCHOULI,,,מפיץ ריח DREAMS PATC,יחידה,0.00,יחידה,false,,19.90,0.0000,true,1,1477499
7290118078258,false,מפיץ ריח WHITE SAND,,,מפיץ ריח WHITE SAND,יחידה,0.00,יחידה,false,,19.90,0.0000,true,1,1477500
7290118078272,false,מפיץ ריח PRMIUM RESORT,,,מפיץ ריח PRMIUM RESO,יחידה,0.00,יחידה,false,,19.90,0.0000,true,1,1477502
7290118078340,false,מארז סיכות בטחון,,,מארז סיכות בטחון,יחידה,0.00,יחידה,false,,5.90,0.0000,true,1,1502932
7290118078449,false,"סט אזיקונים 25 ס""מ (",,,"סט אזיקונים 25 ס""מ (",יח',1.00,יח',false,,10.90,10.9000,true,1,1496783
7290118078562,false,מפיות מודפסות 20 יח,,,מפיות מודפסות 20 יח,יחידה,0.00,יחידה,false,,4.90,0.0000,true,1,1505367
7290118078661,false,חנוכיה מעוצבת עלים ירוק,,,חנוכיה מעוצבת עלים י,יח',1.00,יח',false,,69.90,69.9000,true,1,1509123
7290118078678,false,חנוכיה מעוצבת קלאסית מגן דוד כסף,,,חנוכיה מעוצבת קלאסית,יח',1.00,יח',false,,24.90,24.9000,true,1,1509124
7290118078692,false,סכומון מעוצב - בז',,,סכומון מעוצב - בז',יחידה,0.00,יחידה,false,,39.90,0.0000,true,1,1502943
7290118078715,false,סכומון מעוצב - לבן,,,סכומון מעוצב - לבן,יחידה,0.00,יחידה,false,,39.90,0.0000,true,1,1502945
7290118078722,false,נטלה מעוצבת - שחור,,,נטלה מעוצבת - שחור,יחידה,0.00,יחידה,false,,19.90,0.0000,true,1,1502946
7290118078753,false,נטלה מעוצבת - לבן,,,נטלה מעוצבת - לבן,יחידה,0.00,יחידה,false,,19.90,0.0000,true,1,1502949
7290118078760,false,*מבצע* ערכת אומנות ע,,,*מבצע* ערכת אומנות ע,יח',1.00,יח',false,,29.90,29.9000,true,1,1490149
7290118080145,false,מגבת פנים REPLAY לבן 85*48,,,מגבת פנים REPLAY לבן,יח',1.00,יח',false,,39.90,39.9000,true,1,1492089
7290118080169,false,מגבת פנים REPLAY אפור בהיר 85*48,,,מגבת פנים REPLAY אפו,יח',1.00,יח',false,,39.90,39.9000,true,1,1492090
7290118080183,false,מגבת פנים REPLAY אפור כהה 85*48,,,מגבת פנים REPLAY אפו,יח',1.00,יח',false,,39.90,39.9000,true,1,1492092
7290118080190,false,מגבת גוף REPLAY לבן 125*68,,,מגבת גוף REPLAY לבן,יח',1.00,יח',false,,59.90,59.9000,true,1,1492093
7290118080206,false,מגבת גוף REPLAY בז' 125*68,,,מגבת גוף REPLAY בז',יח',1.00,יח',false,,59.90,59.9000,true,1,1492094
7290118080213,false,מגבת גוף 125*68 אפור בהיר,,,מגבת גוף 125*68 אפור,יח',1.00,יח',false,,59.90,59.9000,true,1,1492095
7290118080220,false,מגבת גוף REPLAY אפור 125*68,,,מגבת גוף REPLAY אפור,יח',1.00,יח',false,,59.90,59.9000,true,1,1492096
7290118420378,false,פתיבר פינוקים בטעם תותים בשמנת - חלבי,קריות זול,PL,פתי בר פינוקים 220גר,גרמים,220.00,100 גרם,false,,9.90,0.0450,true,1,1517181
7290118420477,false,אסם בייגלה שטוחים בטעם ביסלי בצל 300 גרם,"אסם תעשיות בע""מ",IL,בייגלה שטוחים טעם בי,גרמים,300.00,100 גרם,false,,9.90,0.0330,true,1,1517208
7290118420514,false,אינסטנט פודינג בטעם נוגט אסם 75 גרם,"אסם תעשיות בע""מ",IL,אינסטנט פודינג בטעם,גרמים,75.00,100 גרם,false,,4.90,0.0653,true,1,1517182
7290119041381,false,עוגיות סהרונים מצופות 350גרמי לוי,,,עוגיות סהרונים מצופו,גרמים,350.00,100 גרם,false,,14.90,0.0426,true,1,1520659
7290119041435,false,עוגיות נסיכה טעם תות מצופות 350גרמי לוי,,,עוגיות נסיכה טעם תות,גרמים,350.00,100 גרם,false,,14.90,0.0426,true,1,1520660
7290119041633,false,עוגיות פסים עלים מסוכרות מצופות 350גרמי לוי,,,עוגיות פסים עלים מסו,גרמים,350.00,100 גרם,false,,14.90,0.0426,true,1,1520664
7290119041688,false,עוגיות רשת שוקו מסוכרות מצופות 350גרמי לוי,,,עוגיות רשת שוקו מסו,גרמים,350.00,100 גרם,false,,14.90,0.0426,true,1,1520665
7290616784039,false,טחינה פרימיום משומשו,,,טחינה פרימיום משומשו,גרמים,500.00,100 גרם,false,,11.90,0.0238,true,1,1472714
7291044048841,false,כבל מאריך 4 3X1.5 מטר,,,כבל מאריך 4 3X1.5 מט,יחידה,0.00,יחידה,false,,29.90,0.0000,true,1,1509710
7291044048858,false,כבל מאריך 6 3X1.5 מטר,,,כבל מאריך 6 3X1.5 מט,יחידה,0.00,יחידה,false,,39.90,0.0000,true,1,1509711
7291044052893,false,שואב אבק ידני יונדא,,,שואב אבק ידני יונדא,יח',1.00,יח',false,,119.90,119.9000,true,1,1440562
7291044053142,false,קומקום נירוסטה איכות,,,קומקום נירוסטה איכות,יח',1.00,יח',false,,89.90,89.9000,true,1,1440567
7291044064032,false,מגהץ אדים 2200W קרמי,,,מגהץ אדים 2200W קרמי,יח',1.00,יח',false,,79.90,79.9000,true,1,1440594
7291044066289,false,טוסטר לחיצה ל-4 פרוסות גריל HY,,IL,טוסטר לחיצה ל-4 פרוס,יח',1.00,יח',false,,129.90,129.9000,true,1,1440598
7291044066296,false,טוסטר לחיצה 2 פרוסות גריל HYUNDAI,יונדאי Hyundai,IL,טוסטר לחיצה 2 פרוסות,יח',1.00,יח',false,,64.90,64.9000,true,1,1440599
7291044066319,false,רב שקע 4 עד 1m + מפסק,,,רב שקע 4 + מפסק + עד,יחידה,0.00,יחידה,false,,29.90,0.0000,true,1,1477833
7291044069761,false,מפצל חשמל 1 ל-2 סמיקום D11:D30 תפזורת,סמיקום Semicom,,מפצל חשמל 1 ל SEMICO,יחידה,0.00,יחידה,false,,9.90,0.0000,true,1,1477836
7291044070989,false,רבעיית סוללות אלקליין רמי לוי AA,,,רבעיית סוללות אלקליי,יח',4.00,יח',false,,4.90,1.2250,true,1,1475172
7291044070996,false,רבעיית סוללות אלקליין רמי לוי AAA,,,רבעיית סוללות אלקליי,יח',4.00,יח',false,,4.90,1.2250,true,1,1475173
7291044077209,false,מארז סוללות 12 יח,,,מארז סוללות 12 יח,יח',12.00,יח',false,,14.90,1.2417,true,1,1475175
7291044085112,false,קומקום זכוכית אדום 1,,,קומקום זכוכית אדום 1,יח',1.00,יח',false,,99.90,99.9000,true,1,1440632
7291044091298,false,מיקסר יד חשמלי+קערה 300W יונדאי,,,מיקסר יד חשמלי+קערה,יח',1.00,יח',false,,119.90,119.9000,true,1,1440645
7291044091304,false,מיקסר יד חשמל יונדאי סמיקום לקסיס 250W,יונדאי Hyundai,IL,מיקסר יד חשמל 250W י,יח',1.00,יח',false,,59.90,59.9000,true,1,1440646
7291044096026,false,טוסטר לחיצה ל 2 פרוסות גריל שחור סמיקום לקסיס,יונדאי Hyundai,IL,טוסטר לחיצה ל-2 פרוס,יח',1.00,יח',false,,59.90,59.9000,true,1,1440657
7291044099225,false,קומקום חשמלי שחור 1.7 ליטר יונדאי,,IL,קומקום חשמלי שחור 1.,יח',1.00,יח',false,,49.90,49.9000,true,1,1440672
7291044099249,false,קומקום חשמלי לבן 1.7,,IL,קומקום חשמלי לבן 1.7,יח',1.00,יח',false,,49.90,49.9000,true,1,1440674
7291044100068,false,זוג נורות לד 20W,,,זוג נורות לד 20W,יחידה,0.00,יחידה,false,,39.90,0.0000,true,1,1508065
7291044100075,false,זוג נורות לד 20W,,,זוג נורות לד 20W,יחידה,0.00,יחידה,false,,39.90,0.0000,true,1,1508066
7291044117813,false,מיקרוגל מכני לבן סידרה 21 יונדאי,,,מיקרוגל מכני לבן סיד,יח',1.00,יח',false,,279.90,279.9000,true,1,1476654
7296058000298,false,מארז פריכיות 310ג רמילוי,,,מארז פריכיות 310ג רמ,גרמים,300.00,100 גרם,false,,13.50,0.0450,true,1,1461250
7296058110010,false,"פריכיות אורז פרח כשל""פ 110 גר'",פרח תעשיות,IL,פרח פריכיות אורז מלא,גרמים,110.00,100 גרם,false,,5.50,0.0500,true,1,1458282
7296155149791,false,נפת קוסקוס,,,נפת קוסקוס,יח',1.00,יח',false,,29.90,29.9000,true,1,1475198
7296155151305,false,נפה משי 26 ע.הבית,,,נפת משי כשרה,יח',1.00,יח',false,,29.90,29.9000,true,1,1475200
7296155152739,false,נטלה שיש סטאר,,,נטלה שיש סטאר,יח',1.00,יח',false,,8.90,8.9000,true,1,1477842
7296168010118,false,בדיקות ביוץ 10 סטריפים,,,בדיקת ביוץ 10 יח,יח',1.00,יח',false,,19.90,19.9000,true,1,1462602
7296168010590,false,פדים להסרת איפור 80*,,,צמר גפן דיסקיות,יח',1.00,יח',false,,15.90,15.9000,true,1,1464395
7296168015786,false,כפית האכלה רכה לתינוק,איתן ספקים E,,זוג כפיות רכות לתינו,יח',2.00,יח',false,,10.90,5.4500,true,1,1460575
7296168089206,false,כוס אימון ספורט עם קשית סוויט,,,כוס אימון ספורט עם ק,יח',1.00,יח',false,,29.90,29.9000,true,1,1460604
7296168089213,false,כוס שומרת חום,,,כוס שומרת חום,יח',1.00,יח',false,,29.90,29.9000,true,1,1460605
7296168089312,false,מחלק מנות 4 תאים,,,מחלק מנות 4 תאים,יח',1.00,יח',false,,19.90,19.9000,true,1,1460607
7296168089381,false,נשכן סיליקון סנאי,,,נשכן סיליקון סנאי,יח',1.00,יח',false,,24.90,24.9000,true,1,1460610
7296168106170,false,קיסמי שיניים חוט כפול,,,קיסמי שיניים חוט כפו,יח',1.00,יח',false,,9.90,9.9000,true,1,1462616
7296168113574,false,כפפות ניטרלי כחולות רפואיות M,איתן,,כפפות ניטרלי כחולות,יח',1.00,יח',false,,29.90,29.9000,true,1,1488201
7296168113581,false,כפפות ניטרלי כחולות רפואיות L,איתן ספקים E,MY,כפפות ניטרלי כחולות,יחידו,1.00,יחידו,false,,29.90,29.9000,true,1,1488202
7296168113598,false,כפפות ניטרלי כחולות רפואיות XL,איתן,,כפפות ניטרלי כחולות,יח',1.00,יח',false,,29.90,29.9000,true,1,1494653
7296168113758,false,כפפות ניטרילי שחורות M,,,כפפות ניטרילי שחורות,יח',1.00,יח',false,,27.90,27.9000,true,1,1494178
7296168113765,false,כפפות ניטרילי שחורות L,,,כפפות ניטרילי שחורות,יחידה,0.00,יחידה,false,,27.90,0.0000,true,1,1478481
7296168157882,false,כפית ומזלג לתינוק,,,כפית ומזלג לתינוק,יח',1.00,יח',false,,10.90,10.9000,true,1,1460622
7296168330018,false,סינר גמיש לתינוק,,,סינר גמיש לתינוק,יח',1.00,יח',false,,19.90,19.9000,true,1,1462618
7296168330049,false,כפית סיליקון לתינוק,,,כפית סיליקון לתינוק,יח',1.00,יח',false,,12.90,12.9000,true,1,1462621
7296168330070,false,כוס אימון 340 + קשית,,,כוס אימון 340 + קשית,יח',1.00,יח',false,,18.90,18.9000,true,1,1462624
7296168330087,false,בקבוק לתינוק 270 מל,,,בקבוק לתינוק 270 מל,יח',1.00,יח',false,,15.90,15.9000,true,1,1462625
7296168330094,false,בקבוק לתינוק 360 מל,,,בקבוק לתינוק 360 מל,יח',1.00,יח',false,,15.90,15.9000,true,1,1462626
7296168330117,false,מוצץ 0-6,,,מוצץ 0-6,יח',1.00,יח',false,,18.90,18.9000,true,1,1462628
7296168705113,false,וולטרס קיסמי שיניים דנטליים,ארוינג טישו,CN,קיסמי שיניים דינטלים,יח',300.00,יח',false,,14.90,0.0497,true,1,1460628
7296168890123,false,נשכן קרור,,,נשכן קרור,יח',1.00,יח',false,,12.90,12.9000,true,1,1460634
7296168890130,false,ברווזי גומי לאמבט,,,ברווזי גומי לאמבט,יח',1.00,יח',false,,12.90,12.9000,true,1,1460635
7296168891779,false,משטח החתלה חד פעמי לתינוק,,,משטח החתלה חד פעמי ל,יח',1.00,יח',false,,19.90,19.9000,true,1,1460637
7297094010999,false,שלישיית חיתולי טטרה בנות,,,שלישיית חיתולי טטרה,יח',1.00,יח',false,,19.90,19.9000,true,1,1477507
7297094011002,false,שלישיית חיתולי טטרה בנים,,,שלישיית חיתולי טטרה,יח',1.00,יח',false,,19.90,19.9000,true,1,1477508
7297094120551,false,סט קומפלט זוגי 1.80,,,סט קומפלט זוגי 1.80,יח',1.00,יח',false,,199.90,199.9000,true,1,1503956
7297488098152,false,דגש קמח חומוס ללא גל,אף.סי תבליני בגליל ב,IL,קמח חומוס 500 גרם דג,גרמים,500.00,100 גרם,false,,14.80,0.0296,true,1,1441492
7297488098176,false,קמח סויה ללא גלוטן ד,אף.סי. תבליני הגליל,IL,קמח סויה 500 גרם דגש,גרמים,500.00,100 גרם,false,,9.40,0.0188,true,1,1441494
7297488098183,false,קמח אורז ללא גלוטן 500 ג,"תבליני העליון בע""מ",IL,קמח אורז 500 גרם דגש,גרמים,500.00,100 גרם,false,,9.80,0.0196,true,1,1441495
7297488098190,false,0 קמח אורז מלא ללא גלוטן,אף.סי תבליני בגליל ב,IL,קמח אורז מלא 500 גרם,גרמים,500.00,100 גרם,false,,12.90,0.0258,true,1,1441496
7297488098213,false,500 קמח קינואה ללא גלוטן,"תבליני העליון בע""מ",IL,קמח קינואה 500 גרם ד,גרמים,500.00,100 גרם,false,,23.90,0.0478,true,1,1441497
7297488098299,false,קמח טפיוקה ללא גלוטן500ג,אף סי תבליני הגליל ב,IL,קמח טפיוקה 500 גרם ד,גרמים,500.00,100 גרם,false,,9.90,0.0198,true,1,1441500
7297488098305,false,קמח שקדים ללא גלוטן,תות תעשיות מזון (201,IL,קמח שקדים 250 גרם דג,גרמים,250.00,100 גרם,false,,24.80,0.0992,true,1,1441501
7297488099777,false,דגש -עוגיות בטעם קשיו 250 גרם,דגש- דוכן גן שמואל,IL,עוגיות בטעם קשיו 250,גרמים,250.00,100 גרם,false,,24.40,0.0976,true,1,1441506
7297488099890,false,פרוסות בסגנון קלאסי מופחתת שומן טבעוני 200 גרם,"טרופיקל דגיל בע""מ אז",IL,משומשו פרוסות בסגנון,גרמים,200.00,100 גרם,false,,18.90,0.0945,true,1,1441687
7297488099906,false,פרוסות בסגנון קלאסי 18% טבעונית 200 גרם,"טרופיקל דגיל בע""מ אז",IL,משומשו פרוסות סג.קלא,גרמים,200.00,100 גרם,false,,18.90,0.0945,true,1,1441688
7298171178922,false,רביעיית מגבונים מיקי,,,רביעיית מגבונים מיקי,יח',1.00,יח',false,,16.90,16.9000,true,1,1477514
7298171178939,false,רביעיית מגבונים מיני,,,רביעיית מגבונים מיני,יח',1.00,יח',false,,16.90,16.9000,true,1,1477515
7298171178953,false,סבון נוזלי מיני,,,סבון נוזלי מיני,יח',1.00,יח',false,,7.90,7.9000,true,1,1477517
7298171178960,false,שמפו מיקי,,,שמפו מיקי,יח',1.00,יח',false,,12.90,12.9000,true,1,1477518
7298171178977,false,שמפו מיני,,,שמפו מיני,יח',1.00,יח',false,,12.90,12.9000,true,1,1477519
7298171178991,false,מרכך מיקי,,,מרכך מיקי,יח',1.00,יח',false,,12.90,12.9000,true,1,1477521
7312040017683,false,"אבסולוט וודקה, 700 מ''ל","איי, בי, אינבוו",SE,"אבסולוט וודקה 700 מ""ל",מיליליטרים,700.00,"100 מ""ל",false,,59.90,0.0856,true,1,1456935
7332531063135,false,"ספריי לשיער סאיוס סרמיד לחיזוק 400 מ""ל",שוורצקופף והנקל,DE,סאיוס ספריי מקס הולד,מיליליטרים,400.00,"100 מ""ל",false,,27.90,0.0697,true,1,1444060
7394376615825,false,אוטלי משקה שיבולת שועל מועשר בסידן וויטמינים 1 ליטר,טרנסומס פוד,SE,משקה אוטלי שיבולת שו,ליטרים,1.00,ליטר,false,,13.90,13.9000,true,1,1445165
7394376620294,false,אוטלי משקה שיבולת שועל בטעם וניל 1 ליטר,איי אם פי אס איי תעש,NL,משקה אוטלי שיבולת שו,ליטרים,1.00,ליטר,false,,15.90,15.9000,true,1,1508161
7501013122992,false,ג'ומקס מיץ קוקוס אננס קרטונית ליטר תריסר,חומקס קומר קומרסאליזדורה,MX,גומקס קרטונית קוקוס,יח',1.00,יח',false,,9.50,9.5000,true,1,1444503
7501013138184,false,משקה חמוציות יוניקו פרסקו ג'ומקס קרטונית 1 ליטר,חומקס קומר קומרסאליזדורה,MX,גומקס קרטונית נקטר ח,מטרים,1000.00,100 מ'ל,false,,10.80,0.0108,true,1,1444505
7501064191466,false,"שישיית בירה קורונה 355 מ""ל בקבוק",סרבסריה מודלו,MX,"קורונה שישיה 355 מ""",ליטרים,1.98,ליטר,false,,29.90,15.1010,true,1,1468859
7503012779405,false,סירופ אגבה כחולה – נטורפוד (גדול),נוטריאגבס דה מקסיקו,MX,סירופ אגבה כחולה אור,מיליליטרים,600.00,"100 מ""ל",false,,32.90,0.0548,true,1,1441516
7503024460681,false,"שישיית בירה קורונה אקסטרה 355 מ""ל בקבוק",,,"קורונה שישיה 355 מ""",ליטרים,1.98,ליטר,false,,29.90,15.1010,true,1,1525297
7509546057545,false,ליידי ספיד סטיק פרו 5 סטיק 45 גרם,קולגייט פלמוליב,US,ליידי ספיד סטיק פרו,מטרים,45.00,100 מ'ל,false,,16.90,0.3756,true,1,1445168
7509546061160,false,"משחת שיניים לילדים מיניונים 2-5 75 מ""ל קולגייט",קולגייט פלמוליב,MX,קולגייט משחת ילדים מ,מטרים,75.00,100 מ'ל,false,,15.90,0.2120,true,1,1445169
7509546061665,false,דאודורנט סטיק ג'ל לגבר 24/7 אקסטרים אינטנס,קולגייט פלמוליב,US,ספיד סטיק אקסטרים ג',גרמים,85.00,100 גרם,false,,16.90,0.1988,true,1,1493936
7509546061672,false,דאודורנט סטיק אקסטרים אינטנס,קולגייט פלמוליב,US,ספיד סטיק אקסטרים סט,גרמים,50.00,100 גרם,false,,16.90,0.3380,true,1,1493960
7509546063515,false,ליידי ספיד סטיק -סטיק פרו 5 ספריי 150 מל,קולגייט פלמוליב,MX,ליידי ספיד סטיק פרו,גרמים,150.00,100 גרם,false,,18.90,0.1260,true,1,1493912
7509546663265,false,קולגייט זירו משחת שיניים מנטה עדינה 98 מ,CP-Poland swidnica,PL,קולגייט זירו משחת שי,גרמים,98.00,100 גרם,false,,29.90,0.3051,true,1,1445171
7509546678702,false,קולגייט משחת שיניים טוטל אנטי טרטר 100 מ,קולגייט-פלמוליב,PL,קולגייט טוטל אנטי טר,מטרים,100.00,100 מ'ל,false,,16.80,0.1680,true,1,1485040
7610008059073,false,רגוזה-קלאסיק שוק' במילוי פרלין אגוז לוז 100 גרם,RAGUSA,CH,טבלת רגוסה קלאסי 100,גרמים,100.00,100 גרם,false,,15.90,0.1590,true,1,1466032
7610008059103,false,טבלת שוקולד טורינו חלב 100 גר,קמיל בלוך,CH,טבלת טורינו חלב 100,גרמים,100.00,100 גרם,false,,15.90,0.1590,true,1,1466035
7610100034084,false,מיונז טומי בשפורפרת 265 גרם,נסטלה שוויץ ס.א,CH,מיונז טומי 265 גר,גרמים,265.00,100 גרם,false,,9.90,0.0374,true,1,1451997
7610113000175,false,"רום בקרדי מוחיטו 700 מ""ל",בקרדי מרטיני,DE,בקרדי מוחיטו,מיליליטרים,700.00,"100 מ""ל",false,,74.90,0.1070,true,1,1453180
7610113011652,false,בריזר - משקה כוהלי מוגז בטעם תפוח,בקרדי בריזר Bacardi Breezer,BE,בקרדי בריזר תפוח 275,מיליליטרים,275.00,"100 מ""ל",false,,12.90,0.0469,true,1,1444509
7610243004463,false,"דורגול - מרסס להסרת אבנית במקלחון 600 מ""ל",יעקבי- דורגול Durgol,CH,דורגול תרסיס להסרת א,מיליליטרים,600.00,"100 מ""ל",false,,19.90,0.0332,true,1,1450627
7610400010481,false,לינדט אקסלנס שוקולד חלב 100 גרם,לינדט ושפרונגלי קילשברג,FR,לינדט אקסלנס שוקולד,גרמים,100.00,100 גרם,false,,14.90,0.1490,true,1,1449552
7610400068505,false,לינדט לינדור בונבוניירה שוקולד חלב 200 גרם,לינדט ושפרונגלי קילשברג,CH,לינדט לינדור בונבוני,גרמים,200.00,100 גרם,false,,22.90,0.1145,true,1,1449556
7610400075787,false,לינדט לה גרנד שוקולד חלב אגוז 150 גרם,לינדט ושפרונגלי קילשברג,CH,לינדט לה גרנד שוקולד,גרמים,150.00,100 גרם,false,,23.80,0.1587,true,1,1449561
7610400075794,false,לינדט לה גרנד שוקולד לבן ושקדים 150 גרם,לינדט ושפרונגלי,CH,לינדט לה גרנד שוקולד,גרמים,150.00,100 גרם,false,,23.80,0.1587,true,1,1449562
7613030979647,false,דגני בוקר טריקס פירות עולם היורה 480 ג',ג'נרל מילס סאן אדריא,CL,טריקס 480 גר,גרמים,480.00,100 גרם,false,,19.90,0.0415,true,1,1447126
7613032045753,false,פיטנס - דגני בוקר שוקולד 375 גרם,נסטלה צרפת איטנקורט,FR,פיטנס שוקולד נסטלה 3,גרמים,375.00,100 גרם,false,,19.90,0.0531,true,1,1447128
7613033548192,false,פיטנס - דגני בוקר שוקולד מריר 375 גרם,נסטלה צרפת איטנקורט,FR,פיטנס עם שוקולד מריר,גרמים,375.00,100 גרם,false,,19.90,0.0531,true,1,1447130
7613035635845,false,פיטנס גרנולה שוקולד 14*300 גרם,שוורצקוף& הנקל דיסלד,LT,פיטנס גרנולה שוקולד,גרמים,300.00,100 גרם,false,,14.90,0.0497,true,1,1447135
7613035758834,false,פיטנס גרנולה חמוציות 300 דגרם,שוורצקוף& הנקל דיסלד,LT,פיטנס גרנולה חמוציות,גרמים,300.00,100 גרם,false,,14.90,0.0497,true,1,1447136
7613035807778,false,פרפקטו רוטב עגבניות לבולונז אסם 400 גרם,אסם פרפקטו Perfecto,ES,רוטב עגבניות לבולונז,גרמים,400.00,100 גרם,false,,8.90,0.0223,true,1,1447137
7613035809109,false,פרפקטו רוטב עגבניות ובזיליקום אסם 400 גרם,אסם פרפקטו Perfecto,ES,רוטב עגבניות ובזיליק,גרמים,400.00,100 גרם,false,,8.90,0.0223,true,1,1447138
7613035809857,false,פרפקטו רוטב עגבניות לפסטה ולבישול אסם 400 גרם,אסם פרפקטו Perfecto,ES,רוטב עגבניות לפסטה ל,גרמים,400.00,100 גרם,false,,8.90,0.0223,true,1,1447139
7613036314114,false,נסקפה גולד Gold קפה נמס מיובש בתוספת קפה קלוי,נסקפה Nescafe,IL,קפה גולד 200 ג,גרמים,200.00,100 גרם,false,,39.90,0.1995,true,1,1447142
7613036387798,false,פיטנס דגנים מלאים ואורז פתיתים ויוגורט 350ג',נסטלה צרפת איטנקורט,FR,פיטנס יוגורט 350 גרם,גרמים,350.00,100 גרם,false,,19.90,0.0569,true,1,1447143
7613036520492,false,פרפקטו רוטב עגבניות לפיצה אסם 400 גרם,אסם פרפקטו Perfecto,ES,פרפקטו רוטב עגבניות,גרמים,400.00,100 גרם,false,,8.90,0.0223,true,1,1447144
7613036710879,false,מארז מיני חטיפי קיט קט צ'אנקי Kit Kat Chanky,נסטלה גרמניה,DE,קיט קט צ'אנקי מיני 1,גרמים,194.00,100 גרם,false,,9.90,0.0510,true,1,1447145
7613036760195,false,נסקפה דולצה גוסטו אספרסו קפסולות אינטנסו 112 ג',דולצ'ה גוסטו Nescafe Dolce Gusto,GB,נסקפה דולצ'ה גוסטו א,יח',1.00,יח',false,,28.90,28.9000,true,1,1447146
7613036867870,false,נסקפה דולצה גוסטו אספרסו בריסטה קפסולות 112 ג',נסטלה אנגליה,ES,נס קפה דולצ'ה גוסטו,גרמים,112.00,100 גרם,false,,27.90,0.2491,true,1,1447147
7613036880534,false,גרבר מחית ירקות מעורבים מטרנה 190 גר',נסטלה פולסקה אס.איי,PL,גרבר מרק ירקות מעורב,גרמים,190.00,100 גרם,false,,5.90,0.0311,true,1,1447148
7613036976657,false,מזון לחתולים פריסקיז פאוצ' הודו,נסטלה פורינה,HU,פאוץ פריסקיז הודו 85,יח',1.00,יח',false,,4.90,4.9000,true,1,1470146
7613036976695,false,פריסקיז - פאוץ בקר ברוטב 85 גרם,נסטלה פורינה הונגריה,HU,פאוץ פריסקיז בקר 85,יח',1.00,יח',false,,4.90,4.9000,true,1,1470148
7613037012095,false,פיטנס סופר גרנולה שוקולד קינואה ושקדים 300 גרם,NESTLE WATERS,BE,פיטנס קרנולה שוקולד,גרמים,300.00,100 גרם,false,,15.00,0.0500,true,1,1447150
7613037012200,false,גרבר מחית תפוח גזר ומנגו 90 גרם פאוץ,"מפעל סברס, נסטלה ספרד ס.",PL,גרבר פאוצ מחית תפוח,יח',1.00,יח',false,,5.90,5.9000,true,1,1447151
7613037686906,false,פיטנס שקדים ודבש 355 גרם מופחת סוכר,נסטלה צרפת איטנקורט,FR,פיטנס שקדים ודבש 355,גרמים,355.00,100 גרם,false,,19.90,0.0561,true,1,1447152
7613037687132,false,דגני בוקר פיטנס שקדים ודבש 585 גרם,נסטלה צרפת איטנקורט,FR,פיטנס שקדים ודבש 585,גרמים,585.00,100 גרם,false,,25.90,0.0443,true,1,1447153
7613037811629,false,דגני בוקר קורנפלקס גו פרי 500 גר',שוורצקוף& הנקל דיסלד,GB,גו פרי קורנפלקס,גרמים,500.00,100 גרם,false,,9.90,0.0198,true,1,1447154
7613038268262,false,דגני בוקר צ'יריוס דבש ושקדים במתיקות מעודנת,נסטלה פולין דגני בוק,FR,האני נאט ציריוס מופח,גרמים,410.00,100 גרם,false,,19.90,0.0485,true,1,1447156
7613038451954,false,דגני בוקר שוקולד מופחת סוכר 410 ג' קראנץ',נסטלה צרפת איטנקורט,FR,קראנץ שוקולד מופחת ס,גרמים,410.00,100 גרם,false,,21.90,0.0534,true,1,1447157
7613039547922,false,גרבר מחית אגס תפוח ובננה 90 גרם פאוץ,נסטלה ספרד,ES,גרבר פאוצ מחית תפוח,גרמים,90.00,100 גרם,false,,5.90,0.0656,true,1,1476890
7613039881521,false,גרבר מחית מרק מנגו 190 גרם,נסטלה פולסקה אס.איי,PL,מחית גרבר מנגו 190גר,גרמים,190.00,100 גרם,false,,6.50,0.0342,true,1,1447163
7613287008497,false,סטארבקס - פולי קפה פייק פלייס 450 גרם,נסטלה נספרסו,PT,סטארבקס פולי קפה פיי,גרמים,450.00,100 גרם,false,,39.90,0.0887,true,1,1494678
7613287121783,false,סמארטיס מיני 16*187 גרם,נסטלה גרמניה,DE,סמארטיס מיני 187 גר,גרמים,187.00,100 גרם,false,,9.90,0.0529,true,1,1447166
7613287155863,false,מטרנה מחית אגס פאוץ' 90 גר',"מפעל סברס, נסטלה ספרד ס.",ES,גרבר פאוצ מחית אגס,יח',1.00,יח',false,,5.90,5.9000,true,1,1447168
7613287155894,false,"גרבר מחית אפרסק פאוץ כשל""פ 90 גרם","מפעל סברס, נסטלה ספרד ס.",ES,מחית גרבר אפרסק פאוץ,גרמים,90.00,100 גרם,false,,5.90,0.0656,true,1,1447169
7613287155924,false,מטרנה מחית תפוח וגזר פאוץ' 90 גר',"מפעל סברס, נסטלה ספרד ס.",ES,גרבר פאוצ מחית תפוח,יח',1.00,יח',false,,5.90,5.9000,true,1,1447170
7613287182326,false,ויטמינציק מחית בננה תפוח 110 גרם,"נסטלה ספרד ס.א, מפעל",ES,ויטמינצ'יק מחית בננה,גרמים,110.00,100 גרם,false,,4.90,0.0445,true,1,1447172
7613287182357,false,מחית אגס תפוח ופירות יער ויטמינצ'יק 110 ג',נסטלה,ES,ויטמינצ'יק מחית אגס,גרמים,110.00,100 גרם,false,,4.90,0.0445,true,1,1447173
7613287182456,false,ויטמינציק מחית אגס בננה תפוח 110 גרם,"נסטלה ספרד ס.א, מפעל",ES,ויטמינצ'יק מחית אגס,גרמים,110.00,100 גרם,false,,4.90,0.0445,true,1,1447175
7613287186928,false,סטארבקס קפסולות קפה ברקפסט רוסט 10יח,נסטלה שוויץ - קפה,CH,סטארבקס קפסולות ברקפ,יח',1.00,יח',false,,20.90,20.9000,true,1,1447177
7613287302373,false,סטארבקס קפסולות איטליאן סטייל רוסט 56 גרם,נסטלה שוויץ - קפה,PT,סטארבקס קפסולות סטיי,יח',1.00,יח',false,,20.90,20.9000,true,1,1447178
7613287325808,false,אוסם - דיפ אנד ספרד מטבל איולי שום 295 גרם,נסטלה פולין,PL,רוטב איולי שום לחיץ,מטרים,295.00,100 מ'ל,false,,12.80,0.0434,true,1,1447179
7613287325822,false,אוסם - דיפ אנד ספרד מטבל מיקס 295 גרם,נסטלה,PL,רוטב מיקס לחיץ 295 מ,מטרים,295.00,100 מ'ל,false,,12.80,0.0434,true,1,1447180
7613287325853,false,אוסם - דיפ אנד ספרד מטבל איולי ספייסי 295 גרם,נסטלה פולין,PL,רוטב ספייסי איולי לח,מטרים,295.00,100 מ'ל,false,,12.80,0.0434,true,1,1447181
7613287394323,false,דגני בוקר מולטי צ'יריוס 600 גרם,נסטלה פולין דגני בוק,GB,מולטי צ'יריוס 600 גר,גרמים,600.00,100 גרם,false,,19.90,0.0332,true,1,1447184
7613287476494,false,אוסם - דיפ אנד ספרד מיונז בסגנון צרפתי 280 גרם,נסטלה פולין,PL,אסם רוטב מיונז לחיץ,גרמים,280.00,100 גרם,false,,12.80,0.0457,true,1,1447185
7613287476678,false,דגני בוקר סינימיניס צ'ורוס נסטלה 360 ג',נסטלה אוונקה,PT,סינימיניס צ'ורוס 360,גרמים,360.00,100 גרם,false,,19.90,0.0553,true,1,1447186
7613287855640,false,סטארבקס קפסולות קפה גוואטמלה 10 יחידות,נסטלה שוויץ - קפה,CH,סטארבקס קפסולות גואט,יח',1.00,יח',false,,20.90,20.9000,true,1,1487906
7614500010310,false,שוקולד בר לבן 100 ג' טובלרון,,,טובלרון שוקולד לבן 1,גרמים,100.00,100 גרם,false,,9.50,0.0950,true,1,1466043
7614500010617,false,טובלרון - שוקולד מריר 100 גרם,,,שוקולד טובלרון מריר,גרמים,100.00,100 גרם,false,,9.50,0.0950,true,1,1466044
7622010001858,false,עוגיות אוראו ממולאות קרם וניל 176 גרם.,פי אר ג'\יי אס אי מנדלז,UA,עוגיות אוראו ממולאות קרם,גרמים,176.00,100 גרם,false,,8.90,0.0506,true,1,1451566
7622201050757,false,שוקולד מילקה טבלת חלב עם קרמל 100 ג',מילקה Milka,DE,מילקה-שוק' חלב עם קרמל 10,גרמים,100.00,100 גרם,false,,5.90,0.0590,true,1,1451567
7622201139278,false,גבינת שמנת 27% שומן 150 ג' פילדלפיה,מיודלז אספניה פרודוק,ES,גבינת פילדלפיה 150 ג,גרמים,150.00,100 גרם,false,,11.90,0.0793,true,1,1450251
7622201401900,false,עוגיות סנסיישן אוראו מילקה 156 גרם,מונדלז פולסקה פרודקש,PL,עוגיות מילקה סנסיישן,גרמים,156.00,100 גרם,false,,10.90,0.0699,true,1,1451574
7622201500702,false,אוראו רמיקס 157 גרם דאבל קרם פטל וניל,דיפלומט,ES,אוראו רמיקס 157ג דאב,גרמים,157.00,100 גרם,false,,7.90,0.0503,true,1,1485682
7622201500733,false,עוגיות אוראו רמיקס דאבל קרם קרמל וניל157,דיפלומט,ES,אוראו רמיקס 157ג דא,גרמים,157.00,100 גרם,false,,7.90,0.0503,true,1,1485683
7622201502515,false,עוגיות מילקה קוקי לופ שוקולד צ'יפס,גיורי קייקס קייאפטי,HU,מילקה קוקי לופ 132 ג,גרמים,132.00,100 גרם,false,,10.90,0.0826,true,1,1451575
7622201521493,false,גבינת פילדלפיה שום ועשבי תיבול 150 גרם,מיודלז אספניה פרודוק,ES,פילדלפיה שום ועשבי ת,גרמים,150.00,100 גרם,false,,11.90,0.0793,true,1,1487931
7622201798154,false,גבינת שמנת לייט מופחתת שומן 13% שומן,מיודלז אספניה פרודוק,ES,פילדלפיה לייט 150גר,גרמים,150.00,100 גרם,false,,11.90,0.0793,true,1,1450252
7622201801809,false,מילקה שוקולד חלב עם אגוזים 100 גרם חדש,מנדלז דויצ'\לנד סנקס פרו,DE,שוקולד חלב מילקה עם,גרמים,100.00,100 גרם,false,,5.90,0.0590,true,1,1451576
7622201802363,false,מילקה טבלת שוקולד חלב וצימוקים ואגוזים 100ג',מנדלז דויצ'\לנד סנקס פרו,DE,שוקולד מילקה חלב עם,גרמים,100.00,100 גרם,false,,5.90,0.0590,true,1,1451577
7622201802394,false,שוקולד מילקה חלב מסרונים 100 גרם,מנדלז דויצ'\לנד סנקס פרו,DE,שוקולד חלב מילקה 100,גרמים,100.00,100 גרם,false,,5.90,0.0590,true,1,1451578
7622201808631,false,אוראו מיני עוגיות ממולאות קרם וניל 67גרם,פי.טי. מונדלז אינדונ,ID,אוראו מיני כוסות טעם,יח',1.00,יח',false,,6.90,6.9000,true,1,1451579
7622201809188,false,ביסקוויט עם שוקולד חלב מילקה,מונדלז פרנס ביסקוויט פרו,FR,מילקה ביסקויט 150 גר,גרמים,150.00,100 גרם,false,,10.90,0.0727,true,1,1451580
7622201813390,false,עוגיות מילקה וואפל במילוי קרם קקאו 150 ג,מונדליז סי.אר. ביסקוויט,CZ,מילקה וופל במילוי קק,גרמים,150.00,100 גרם,false,,10.90,0.0727,true,1,1451581
7622210078131,false,שוקולד חלב עם שבבי קרמל מילקה דיים 100 גרם,מנדלז דויצ'\לנד סנקס פרו,DE,שוקולד חלב מילקה עם,גרמים,100.00,100 גרם,false,,5.90,0.0590,true,1,1451585
7622210137234,false,עוגיות אוראו עם דאבל קרים וניל 170 גר,מונדלייז,ES,עוגיות אוראו עם דאבל,גרמים,170.00,100 גרם,false,,9.90,0.0582,true,1,1451586
7622210163899,false,שוקולד חלב במילוי סוכריות עדשים,מונדלז דויצ'לנד סנקס,DE,שוקולד מילקה ועדשים,גרמים,100.00,100 גרם,false,,5.90,0.0590,true,1,1451587
7622210413888,false,שקית חטיף שוקולד טייני חלב 200 ג' טובלרון,,,טובלרון שוקולד חלב,גרמים,200.00,100 גרם,false,,14.90,0.0745,true,1,1510127
7622210453327,false,עוגיות שוקוצ'יפס במילוי שוקולד סנסיישן,מנדלז פולסקה פרודקשן,PL,מילקה סנסיישן 156 גר,גרמים,156.00,100 גרם,false,,10.90,0.0699,true,1,1451588
7622210464729,false,אוראו גולדן עוגיות וניל במילוי קרם וניל,מונדלייז,CZ,אוראו גולדן 154 גר,גרמים,154.00,100 גרם,false,,6.90,0.0448,true,1,1451589
7622210637994,false,מיני עוגיות אוראו קראנצ'י בייטס אורגינל,מונדלז אספניה ג'לאטס,ES,אוראו ביס קראנצי אור,גרמים,110.00,100 גרם,false,,7.90,0.0718,true,1,1451591
7622210638021,false,מיני עוגיות אוראו קראנצ'י בייטס מצופים,מונדלז אספניה ג'לאטס,ES,אוראו ביס קראנצי בצי,גרמים,110.00,100 גרם,false,,7.90,0.0718,true,1,1451592
7622210826053,false,שוקולד מילקה אוראו סנדוויץ 92 גר',גיאורי קאקסז קייאףטי,HU,שוקולד מילקה אוראו ס,גרמים,92.00,100 גרם,false,,5.90,0.0641,true,1,1451599
7622210835338,false,אוראו עוגיות ממולאות טעם בראוניז 176 גרם,מנדלז אספנה גאלטס פר,ES,עוגיות אוראו בראוניז,גרמים,176.00,100 גרם,false,,8.90,0.0506,true,1,1451602
7622300200237,false,שוקולד מילקה שוקולד חלב 250 גרם,מונדליז אוסטרייך פרו,PL,מילקה שוקולד חלב 250 גרם,גרמים,250.00,100 גרם,false,,12.50,0.0500,true,1,1451606
7622300270506,false,מילקה גריינס - עוגיות שיבולת שועל מצופות שוקולד 168 ג',מונדלז פולסקה פרודקש,PL,"מילקה גריינס - עוגיות ש""ש",גרמים,168.00,100 גרם,false,,10.90,0.0649,true,1,1451608
7622300441715,false,עוגיות מילקה ביסקוויט ממולא קרם חלב מצופה למחצה בשוקולד חלב 150 גר',מוביל בעל מוניטין,CZ,עוגיות מילקה שוקומינ,גרמים,150.00,100 גרם,false,,10.90,0.0727,true,1,1451612
7622300489427,false,עוגיות אוראו בציפוי בטעם שוקולד לבן 246 גרם,מנדלז אספנה גאלטס פר,ES,אוראו בציפוי שוקולד,גרמים,246.00,100 גרם,false,,14.90,0.0606,true,1,1451613
7622300489434,false,"עוגיות אוראו פאדג' בציפוי שוקולד חלב, 246 גרם",מנדלז אספנה גאלטס פר,ES,עוגיות אוראו בציפוי,גרמים,246.00,100 גרם,false,,14.90,0.0606,true,1,1451614
7622300495046,false,מילקה שוקולד חלב עם אקסטרה קקאו 100 גרם,מנדלז דויצ'\לנד סנקס פרו,DE,מילקה אקסטרה קקאו 100 גרם,גרמים,100.00,100 גרם,false,,5.90,0.0590,true,1,1451615
7622300503079,false,עוגיות ביסקוויט מצופה שוקולד חלב מילקה 200 גרם,מונדלז פולסקה פרודקש,PL,מילקה מוו 200 גרם,גרמים,200.00,100 גרם,false,,10.90,0.0545,true,1,1451617
7622300617820,false,מילקה שוקולד חלב במילוי קרם חלב ווניל ושבבי עוגיות אוראו 100 גרם,מנדלז דויצ'\לנד סנקס פרו,DE,מילקה אוראו 100 גרם,גרמים,100.00,100 גרם,false,,5.90,0.0590,true,1,1451618
7622400005190,false,שוקולד חלב נגיעות שוקולד לבן מילקה 100 ג,מנדלז דויצ'\לנד סנקס פרו,DE,מילקה COW,גרמים,100.00,100 גרם,false,,5.90,0.0590,true,1,1451621
7630311507016,false,סטארבקס קפסולות קפה סאני דיי 10יח,נסטלה שוויץ - קפה,CH,קפסולות סטארבקס סאני,גרמים,56.00,100 גרם,false,,20.90,0.3732,true,1,1447189
7630477891615,false,סטארבקס קפסולות קפה סומטרה 10 יחידות,נסטלה שוויץ - קפה,CH,סטארבקס קפסולות סומט,יח',1.00,יח',false,,20.90,20.9000,true,1,1447191
7630477891639,false,סטארבקס קפסולות קפה ורונה 10 יחידות,נסטלה שוויץ - קפה,CH,סטארבקס קפסולות ורונ,יח',1.00,יח',false,,20.90,20.9000,true,1,1447192
7630477891653,false,סטארבקס קפסולות קפה אספרסו נטול 10 יחידו,נסטלה שוויץ - קפה,CH,סטארבקס קפסולות אספר,יח',1.00,יח',false,,20.90,20.9000,true,1,1447193
7630477891691,false,סטארבקס קפסולות קפה קולמביה 10 יחידות,נסטלה שוויץ - קפה,CH,סטארבקס קפסולות קולו,יח',1.00,יח',false,,20.90,20.9000,true,1,1447195
7630477891714,false,סטארבקס קפסולות קפה אספרסו 10 יחידות,נסטלה שוויץ - קפה,CH,סטארבקס קפסולות אספר,יח',1.00,יח',false,,20.90,20.9000,true,1,1447196
7630477891738,false,סטארבקס קפסולות קפה אספרסו בלונד 10 יחיד,נסטלה שוויץ - קפה,CH,סטארבקס קפסולות אספר,יח',1.00,יח',false,,20.90,20.9000,true,1,1447197
7702018271788,false,"דאודורנט קליר ג'ילט בניחוח ספורט 70 מ""ל",פרוקטר אנד גמבל,PL,דאודורנט קליר ג'ילט,מטרים,70.00,100 מ'ל,false,,14.90,0.2129,true,1,1456117
7702018471423,false,גילט פיוזן סטארט סכיני גילוח 4יח,פרןקטר אנד גמבל ברלי,PL,גילט פיוזן סטארט סכי,יח',1.00,יח',false,,34.90,34.9000,true,1,1456129
7702018499342,false,ונוס פלטינום מארז ידית מכשיר+3 סכינים,מולינו ניקולי s.p.a,PL,ונוס מכשיר גילוח וסכ,יח',1.00,יח',false,,39.90,39.9000,true,1,1456131
7702018978106,false,"ג'ילט - דאודורנט ג'ל לגבר ארטיק אייס 70 מ""ל",פרוקטר אנד גמבל,PL,דאודורנט קליר ג'ילט,מטרים,70.00,100 מ'ל,false,,14.90,0.2129,true,1,1456133
7702018978120,false,"ג'ילט - דאודורנט ג'ל לגבר קול וייב 70 מ""ל",פרוקטר אנד גמבל,PL,דאודורנט קליר ג'ילט,מטרים,70.00,100 מ'ל,false,,14.90,0.2129,true,1,1456134
7702024074625,false,פיטנס - חטיפי קרקר חיטה מלאה 234 גרם,קומסטיבלס לה רוזה אס.איי,CO,פיטנס חטיפי קרקר חיט,גרמים,234.00,100 גרם,false,,11.90,0.0509,true,1,1447198
7702024258322,false,"חטיפי קרקר עם חיטה מלאה, צ'יה וזרעי פשתן פיטנס",נסטלה Nestle,CO,פיטנס חטיפי קרקר צ'י,גרמים,234.00,100 גרם,false,,11.90,0.0509,true,1,1447199
7702174066631,false,לקקן יוגטה פין פופ במילוי מסטיק 170 גר,קומסטיבלס לה רוזה אס.איי,EC,סוכריות בטעמי פירות,גרמים,170.00,100 גרם,false,,7.90,0.0465,true,1,1451999
7702174068826,false,יוגטה מבחר סוכריות לקקן קשות ממולאות טופי בטעמי יוגורט ופירות 204 גרם,הדקלאים אגודת שיתופי,CO,לקקן יוגטה עם סוכריי,גרמים,216.00,100 גרם,false,,8.90,0.0412,true,1,1452000
7702174068833,false,יוגטה סוכריות קשות על מקל ממולאות טופי בטעמי גלידת פירות 12 יח' 204 גרם,הדקלאים אגודת שיתופי,CO,לקקן בטעם גלידה יוגט,גרמים,216.00,100 גרם,false,,8.90,0.0412,true,1,1452001
7702174070201,false,יוגטה לקקן בטעם מסטיק ממולא טופי בטעם תות 12 יח' 204 גרם,הדקלאים אגודת שיתופי,CO,לקקן יוגטה 216 ג,גרמים,216.00,100 גרם,false,,8.90,0.0412,true,1,1452002
7702174073783,false,סוכריות על מקל בטעם קולה במילוי גומי לעיסה,הדקלאים אגודת שיתופי,CO,סוכריות לקקן בטעמי פ,גרמים,170.00,100 גרם,false,,7.90,0.0465,true,1,1452003
7702174073844,false,לקקן יוגטה פין פופ פירות 48 יח 672 גרם,הדקלאים אגודת שיתופי,CO,סוכריות פין פופ פירו,גרמים,672.00,100 גרם,false,,19.90,0.0296,true,1,1452004
7777121200116,false,קערת פופ מלמין,,,קערת פופ מלמין,יח',1.00,יח',false,,10.00,10.0000,true,1,1475224
7777272500066,false,טושים מרססים,,,טושים מרססים,יח',1.00,יח',false,,19.90,19.9000,true,1,1475232
7777272500318,false,סט 5 עטים,,,סט 5 עטים,יח',1.00,יח',false,,9.90,9.9000,true,1,1475256
7777272500387,false,סט חותמות,,,סט חותמות,יח',1.00,יח',false,,5.90,5.9000,true,1,1475263
7777272500752,false,זוג מחקים,,,זוג מחקים,יח',1.00,יח',false,,3.90,3.9000,true,1,1475287
7777272500776,false,סט עטי מרקר,,,סט עטי מרקר,יח',1.00,יח',false,,9.90,9.9000,true,1,1475289
7777272510126,false,עט עיפרון איכותי 0.5,,,עט עיפרון איכותי 0.5,יח',1.00,יח',false,,8.90,8.9000,true,1,1475309
7777555502077,false,תרווד נירוסטה איכותי,דגש,,תרווד נירוסטה איכותי,יח',1.00,יח',false,,15.00,15.0000,true,1,1475351
7777555502091,false,כף הגשה נירוסטה איכו,דגש,,כף הגשה נירוסטה איכו,יח',1.00,יח',false,,15.00,15.0000,true,1,1475353
7777555502169,false,קופסת אחסון מלבנית ב,,,קופסת אחסון מלבנית ב,יח',1.00,יח',false,,12.00,12.0000,true,1,1475356
7777555502268,false,קערת פסים צבעונית ענ,דגש,,קערת פסים צבעונית ענ,יח',1.00,יח',false,,15.00,15.0000,true,1,1475359
7777555502824,false,מגרדת,דגש,,מגרדת,יח',1.00,יח',false,,10.00,10.0000,true,1,1475366
7777555503272,false,כוס מלמין,,,כוס מלמין,יח',1.00,יח',false,,6.00,6.0000,true,1,1475368
7777555503838,false,מתלה כביסה אירופה,,,מתלה כביסה אירופה,יח',1.00,יח',false,,59.90,59.9000,true,1,1475375
7777555503906,false,שפריצר מיכל אלומניום,,,שפריצר מיכל אלומניום,יח',1.00,יח',false,,12.00,12.0000,true,1,1475377
7777555504101,false,מטרייה קפיצית משופרת,,,מטרייה קפיצית משופרת,יח',1.00,יח',false,,14.90,14.9000,true,1,1475378
7777555506761,false,"מייבש כלים מעוצב רמי לוי 48*38 ס""מ",,,מייבש כלים מעוצב רמי,יח',1.00,יח',false,,9.90,9.9000,true,1,1475395
7777555507706,false,"קערת סלט 27 ס""מ גובה 14 ס""מ",דגש,,"קערת סלט 27 ס""מ גובה",יח',1.00,יח',false,,11.90,11.9000,true,1,1475402
7777555508086,false,מפיות מעוצבות,,,מפיות מעוצבות,יח',20.00,יח',false,,3.90,0.1950,true,1,1475409
7777555509045,false,קערת מסננת נירוסטה,,,קערת מסננת נירוסטה,יח',1.00,יח',false,,29.90,29.9000,true,1,1475418
7777555509625,false,מברשת לניקוי איכותית,,IT,מברשת לניקוי איכותית,יח',1.00,יח',false,,14.90,14.9000,true,1,1475441
7777555510072,false,קערת מלמין פרפר,,,קערת מלמין פרפר,יח',1.00,יח',false,,4.90,4.9000,true,1,1475448
7777555510331,false,מטריה מיני,,,מטריה מיני,יח',1.00,יח',false,,9.90,9.9000,true,1,1475457
7777555510379,false,מטריה שחורה מחוזקת,,,מטריה שחורה מחוזקת,יח',1.00,יח',false,,29.90,29.9000,true,1,1475458
7777555510409,false,משקפי ראיה מעוצבות,,,משקפי ראיה מעוצבות,יח',1.00,יח',false,,12.90,12.9000,true,1,1475459
7777555510799,false,זוג דבק 3 שניות חזק במיוחד כ-3 גרם ליחידה (פ=24),,,זוג דבק 3 שניות חזק,יח',1.00,יח',false,,5.90,5.9000,true,1,1475478
7777555510836,false,סט 3 קופסאות אחסון,,,סט 3 קופסאות אחסון,יח',1.00,יח',false,,29.90,29.9000,true,1,1475481
7777555511413,false,מגש סיליקון להכנת שו,,,מגש סיליקון להכנת שו,יח',1.00,יח',false,,9.90,9.9000,true,1,1475499
7777555511796,false,קולבי קטיפה,,,קולבי קטיפה,יח',1.00,יח',false,,9.90,9.9000,true,1,1475507
7777555511925,false,מחליקים לרהיטים,,,מחליקים לרהיטים,יח',1.00,יח',false,,5.90,5.9000,true,1,1475513
7777555512601,false,כרית ויסקו איכותית,,,כרית ויסקו איכותית,יח',1.00,יח',false,,79.90,79.9000,true,1,1475532
7777555512878,false,מטאטא שרובר,,,מטאטא שרובר,יח',1.00,יח',false,,14.90,14.9000,true,1,1475550
7777555512977,false,פותחן ליין,,,פותחן ליין,יח',1.00,יח',false,,14.90,14.9000,true,1,1475555
7777555514186,false,שקית זילוף,,,שקית זילוף,יח',1.00,יח',false,,19.90,19.9000,true,1,1475613
7777555514940,false,מטאטא גולד,,,מטאטא גולד,יח',1.00,יח',false,,29.90,29.9000,true,1,1475665
7777555515091,false,מברשת הפלא,,,מברשת הפלא,יח',1.00,יח',false,,11.90,11.9000,true,1,1475671
7777555515251,false,מברג רב תכליתי (פ=12),,,מברג רב תכליתי,יח',1.00,יח',false,,19.90,19.9000,true,1,1475685
7777555515275,false,כבל ל-iPhone,,,כבל ל-iPhone,יח',1.00,יח',false,,9.90,9.9000,true,1,1475687
7777555515282,false,כבל טעינה מיקרו USB,,,כבל טעינה מיקרו USB,יח',1.00,יח',false,,9.90,9.9000,true,1,1475688
7777555515299,false,כבל טעינה Type-C,,,כבל טעינה Type-C,יח',1.00,יח',false,,9.90,9.9000,true,1,1475689
7777555515435,false,מפיות,,,מפיות,יח',1.00,יח',false,,3.90,3.9000,true,1,1475702
7777555515527,false,משטח בד לייבוש כלים איכותי,,,משטח בד לייבוש כלים,יח',1.00,יח',false,,11.90,11.9000,true,1,1475710
7777555515565,false,מטרייה מתהפכת,,,מטרייה מתהפכת,יח',1.00,יח',false,,39.90,39.9000,true,1,1475714
7777555515589,false,"מסננת ידית ברזל 10 ס""מ",,,מסננת ידית ברזל 10 ס,יח',1.00,יח',false,,9.90,9.9000,true,1,1475716
7777884400105,false,קערת נרוסטה S,,,קערת נרוסטה S,יח',1.00,יח',false,,10.00,10.0000,true,1,1475746
7777886600084,false,שישיית מזלגות,,,שישיית מזלגות,יח',1.00,יח',false,,9.90,9.9000,true,1,1475753
7777886600091,false,שישיית כפיות,,,שישיית כפיות,יח',1.00,יח',false,,7.90,7.9000,true,1,1475754
7777886600107,false,שישיית כפות,,,שישיית כפות,יח',1.00,יח',false,,9.90,9.9000,true,1,1475755
7777886600145,false,פינצטה יפנית,,,פינצטה יפנית,יח',1.00,יח',false,,19.90,19.9000,true,1,1475759
7777886600152,false,פצירה מקצועית,,,פצירה מקצועית,יח',1.00,יח',false,,9.90,9.9000,true,1,1475760
7777886600572,false,סכומון מעוצב גדול,,,סכומון מעוצב גדול,יח',1.00,יח',false,,20.00,20.0000,true,1,1475776
7777886600602,false,מלקחיים נירוסטה M,,,מלקחיים נירוסטה M,יח',1.00,יח',false,,5.90,5.9000,true,1,1475778
7777886600664,false,שלישית כפיות לימונדה,,,שלישית כפיות לימונדה,יח',1.00,יח',false,,5.90,5.9000,true,1,1475781
7777886600695,false,מברשת שירותים,,,מברשת שירותים,יח',1.00,יח',false,,10.00,10.0000,true,1,1475783
7777886600732,false,קליפסים ארוכים לשקיות,,,קליפסים ארוכים לשקיו,יח',1.00,יח',false,,6.90,6.9000,true,1,1475786
7777886600947,false,נפנף למנגל,,,נפנף למנגל,יח',1.00,יח',false,,3.50,3.5000,true,1,1475792
7777886602026,false,כותש שום,,,כותש שום,יח',1.00,יח',false,,19.90,19.9000,true,1,1475805
7777886602057,false,מספריים לציפורניים,,,מספריים לציפורניים,יח',1.00,יח',false,,9.90,9.9000,true,1,1475806
7777886602316,false,מטאטא בראבה,,,מטאטא בראבה,יח',1.00,יח',false,,14.90,14.9000,true,1,1475810
7777886602323,false,מטאטא ארגנטה,,,מטאטא ארגנטה,יח',1.00,יח',false,,19.90,19.9000,true,1,1475811
7777886602347,false,מטאטא פיורנטינה,,,מטאטא פיורנטינה,יח',1.00,יח',false,,24.90,24.9000,true,1,1475813
7777886602361,false,יעה+ מברשת,,,יעה+ מברשת,יח',1.00,יח',false,,9.90,9.9000,true,1,1475815
7777886602415,false,מטאטא פרינסס,,,מטאטא פרינסס,יח',1.00,יח',false,,29.90,29.9000,true,1,1475817
7777886602637,false,מטאטא סלקטה,,,מטאטא סלקטה,יח',1.00,יח',false,,15.90,15.9000,true,1,1475825
7777886602972,false,סט קולבים מעץ איכותי,,,סט קולבים מעץ איכותי,יח',1.00,יח',false,,7.90,7.9000,true,1,1475838
7777886603153,false,שישיית קולבים איכותי,,,שישיית קולבים איכותי,יח',1.00,יח',false,,8.90,8.9000,true,1,1475841
7777886603238,false,קרש חיתוך פרימיום ענ,,,קרש חיתוך פרימיום ענ,יח',1.00,יח',false,,39.90,39.9000,true,1,1475844
7777886603573,false,"פחמים 2 ק""ג רמי לוי",,,"פחמים 2 ק""ג רמי לוי",קילוגרמים,2.00,"ק""ג",false,,10.90,5.4500,true,1,1475853
7777886603832,false,"קרש חיתוך מעוצב 36*25 ס""מ",,,קרש חיתוך מעוצב 36*2,יח',1.00,יח',false,,19.90,19.9000,true,1,1475860
7777886604860,false,מחבת יציקה איכותית 2,,,מחבת יציקה איכותית 2,יח',1.00,יח',false,,59.90,59.9000,true,1,1475881
7777886604891,false,מחבת יציקה איכותית 20 סדרת עץ,,,מחבת יציקה איכותית 2,יח',1.00,יח',false,,39.90,39.9000,true,1,1475884
7777886604914,false,מחבת יציקה איכותית 28 wood edition,,,מחבת יציקה איכותית 2,יח',1.00,יח',false,,59.90,59.9000,true,1,1475886
7777886605225,false,קולפן מקצועי רב שימושי,,,קולפן מקצועי רב שימו,יח',1.00,יח',false,,19.90,19.9000,true,1,1475897
7777886605676,false,"חנוכיית ג'מבו זהב 48X56 ס""מ",,,חנוכיית ג'מבו זהב 48,יח',1.00,יח',false,,199.90,199.9000,true,1,1475935
7777886605768,false,יעה פס גומי,,,יעה פס גומי,יח',1.00,יח',false,,5.00,5.0000,true,1,1475940
7777886605997,false,צנצנת MARBLE -L,,,צנצנת MARBLE -L,יח',1.00,יח',false,,19.90,19.9000,true,1,1475961
7777886700197,false,סט 12 כפיות פסטל,,,סט 12 כפיות פסטל,יח',1.00,יח',false,,9.90,9.9000,true,1,1475996
7777886700234,false,פורס ביצה קפיצי,,,פורס ביצה קפיצי,יח',1.00,יח',false,,16.90,16.9000,true,1,1475997
7777887755554,false,סט סכינים רב שימושיות רמי לוי,,,סט סכינים רב שימושיו,יח',1.00,יח',false,,19.90,19.9000,true,1,1476034
7790040420076,false,מיני אלפחורס בון בון 117 גר,ארקור,AR,מיני אלפחורס בון בון,גרמים,117.00,100 גרם,false,,8.90,0.0761,true,1,1452291
7790040423022,false,עוגיית אלפחורס בונבון במיולי קרם בוטנים 19.5 גר',ארקור,AR,בון בון 45אלפחורס 19,גרמים,45.00,100 גרם,false,,2.90,0.0644,true,1,1452292
7790580108489,false,ממרח בוטנים בון בון 290 גרם,ארקור,AR,בון בון ממרח בוטנים,גרמים,290.00,100 גרם,false,,10.90,0.0376,true,1,1452294
7790580109646,false,"וופל בון בון, 45 גרם",,,וופל בון בון 45 גר,גרמים,45.00,100 גרם,false,,2.90,0.0644,true,1,1452295
7790580315979,false,סוכריות ממולאות טעם פירות 470ג' מהדרין,,IL,סוכריות ממולאות פירו,גרמים,470.00,100 גרם,false,,13.90,0.0296,true,1,1452300
7790580316013,false,סוכריות טופי חלב 483 גר מהדרין,,IL,סוכריות טופי חלב 483,גרמים,483.00,100 גרם,false,,16.90,0.0350,true,1,1452303
7790580328511,false,סוכריות טופי חלב קפה אספרסו 483 גרם,,IL,טופי חלב בון בון 483,גרמים,483.00,100 גרם,false,,16.90,0.0350,true,1,1452304
7790580416126,false,סוכריות קשות פירות הדר 470 גרם,,IL,סוכריות קשות פירות ה,גרמים,470.00,100 גרם,false,,13.90,0.0296,true,1,1452307
7790580421663,false,שוקולד בון בון ריבת חלב 288 גרם,ארקור,AR,בון בון 288גר ריבת ח,גרמים,288.00,100 גרם,false,,19.90,0.0691,true,1,1452311
7791875005353,false,ריבת חלב הוואנה דוצה דה לצה 450 גרם,מיגה פוד קומרס,ES,ריבת חלב הוואנה דולצ,גרמים,450.00,6 גרם,false,,18.70,0.0416,true,1,1449568
7798382150019,false,אוכמניות טריות 125גרם,אראל תוצרת חקלאית בע,AR,אוכמניות,יח',1.00,יח',false,,11.90,11.9000,true,1,1520189
7804414000877,false,"יין דון חוליו מרלו 750 מ""ל",צ'ילה לואיס פיליפה אדוארדס,CL,דון חוליו מרלו כשר,מיליליטרים,750.00,"100 מ""ל",false,,26.90,0.0359,true,1,1452731
7891024027998,false,קולגייט מי פה טוטאל הגנה מפני אבן 500 מל,קולגייט- פלמוליב,BR,קולגייט מי פה טוטאל,מטרים,500.00,100 מ'ל,false,,19.90,0.0398,true,1,1485041
7891024124826,false,קולגייט משחת אופטיק ספרקלינג וייט 75מל,הנסיך- מפעל לייצור ט,BR,משחת שיניים אופטיק ו,100 מל,75.00,100 מל,false,,19.90,0.2653,true,1,1445175
8000070011878,false,לוואצה חוזק 3 דה קפינטו נטול קופאין 250 גר,לאוג'י לוואצה אס.פי.אי,IT,קפה דק נטול קפאין לו,גרמים,250.00,100 גרם,false,,43.90,0.1756,true,1,1452006
8000070012783,false,קפה לוואצה קלוי וטחון חוזק 5 אורו 250 גר,לאוג'י לוואצה אס.פי.אי,IT,קפה אורו זהב לוואצה,גרמים,250.00,100 גרם,false,,38.90,0.1556,true,1,1452008
8000070038868,false,קפה לוואצה קלוי וטחון חוזק 8 קלאסיקו 250 גר,לאוג'י לוואצה אס.פי.אי,IT,קפה קרמה גוסטו לוואצ,גרמים,250.00,100 גרם,false,,28.90,0.1156,true,1,1452013
8000113003402,false,"קמח תירס בוואקום 1 ק""ג",מולינו ניקולי אס.פי.,IT,"קמח תירס 1 ק""ג",100 לקג,1.00,100 לקג,false,,15.90,15.9000,true,1,1442898
8000215204219,false,ויטאריז משקה אורז אורגני 1 ליטר,בטר אנד דיפרנט,IT,משקה אורז אורגני ללא,ליטרים,1.00,ליטר,false,,12.90,12.9000,true,1,1441520
8000215204240,false,ויטאריז משקה שקדים ואורז אורגני 1 ליטר,בטר אנד דיפרנט,IT,משקה שקדים ואורז אור,ליטרים,1.00,ליטר,false,,12.90,12.9000,true,1,1441521
8000215204271,false,ויטריז - משקה שקדים ואורז אישי 200 גר,"נטורפוד בע""מ",IT,משקה שקדים ואורז איש,מיליליטרים,200.00,"100 מ""ל",false,,3.50,0.0175,true,1,1441523
8000215204370,false,"ויטאריז לבישול תחליף שמנת צחית אורגנית 200 מ""ל",ויטריז,IT,תחליף שמנת צמחי אורג,מיליליטרים,200.00,"100 מ""ל",false,,5.90,0.0295,true,1,1441526
8000215204554,false,משקה אורז קוקוס אורגני 1 ליטר ויטריז,אלינור,IT,משקה אורז קוקוס אורג,ליטרים,1.00,ליטר,false,,12.90,12.9000,true,1,1441529
8000215204561,false,ויטסי משקה שקדים אורגני 1 ליטר,בטר אנד דיפרנט,IT,ויטסי משקה שקדים אור,יח',1.00,יח',false,,14.90,14.9000,true,1,1441530
8000215204653,false,משקה סויה אורגני 1ליטר,בטר אנד דיפרנט,IT,ויטסי משקה סויה 1 לי,מטרים,1000.00,100 מ'ל,false,,10.90,0.0109,true,1,1441532
8000215204677,false,ויטריז - משקה שיבולת שועל בריסטה אורגני,בטר אנד דיפרנט,IT,ויטריז משקה שיבולת ש,ליטרים,1.00,ליטר,false,,12.90,12.9000,true,1,1441533
8000320010088,false,"רוטב עגבניות במרקם גס 680 מ""ל MUTTI",קונסרב,IT,צ'יריו רוטב עגבניות,גרמים,680.00,100 גרם,false,,9.90,0.0146,true,1,1477007
8000320010095,false,"רוטב עגבניות במרקם עדין 700 מ""ל MUTTI",קונסרב,IT,צ'יריו פסאטה במרקם ע,גרמים,700.00,100 גרם,false,,9.90,0.0141,true,1,1477008
8000380003723,false,וופל אגוזים בציפוי שוקולד לואקר 100 גרם,קריניציה ויטמינה אס,IT,וופל אגוזים בציפוי ש,גרמים,100.00,100 גרם,false,,11.70,0.1170,true,1,1452020
8000380003761,false,וופל גרנד פטיסרי שוקולד וקוקוס לואקר 100 גרם,קריניציה ויטמינה אס,IT,וופל גרנד פטיסרי שוק,גרמים,100.00,100 גרם,false,,11.70,0.1170,true,1,1452022
8000380004669,false,וופל לואקר סנדוויץ קוביות ושוקולד 200ג',"א. לואקר, קונפקט ג'י",AT,וופל סנדוויץ' קקאו ל,גרמים,200.00,100 גרם,false,,11.90,0.0595,true,1,1452023
8000380004676,false,קוביות וופל סנדוויץ Sandwich עם וניל וחלב,"א. לואקר, קונפקט ג'י",AT,קוביות וופל קרם וניל,גרמים,200.00,100 גרם,false,,11.90,0.0595,true,1,1452024
8000380004911,false,קוביות וופל קואדרטיני Quadratini קרם אגוזים,קריניציה ויטמינה אס,AT,וופל קואדרטיני אגוזי,גרמים,250.00,100 גרם,false,,13.90,0.0556,true,1,1452026
8000380004966,false,וופל קוארדטיני לואקר קוביות שוקולד 250ג',קריניציה ויטמינה אס,AT,קוביות וופל בטעם קקא,גרמים,250.00,100 גרם,false,,13.90,0.0556,true,1,1452028
8000380005598,false,מארז וופל שוקולד טורטינה Tortina שוקולד מריר,א. לואקר אס. פי. אי-אי.,IT,טורטינה מריר לואקר 1,גרמים,125.00,100 גרם,false,,15.50,0.1240,true,1,1452029
8000380007219,false,וופלים בטעם אגוזים לואקר 175 גרם,ליימן מותגים,AT,וופל בטעם אגוזים לוא,גרמים,175.00,100 גרם,false,,10.80,0.0617,true,1,1452031
8000380007257,false,וופל גרדנה אגוזים לואקר 200 גרם,קריניציה ויטמינה אס,IT,וופל בטעם אגוזים לוא,גרמים,200.00,100 גרם,false,,13.70,0.0685,true,1,1452033
8000380007264,false,וופלים בטעם קקאו לואקר 175 גרם,קריניציה ויטמינה אס,AT,וופל בטעם קקאו לואקר,גרמים,175.00,100 גרם,false,,10.80,0.0617,true,1,1452034
8000380106028,false,טורטינה לואקר וופל שוקולד ואגוזים שישיה 125ג',קריניציה ויטמינה אס,IT,טורטינה לואקר 125 גר,גרמים,125.00,100 גרם,false,,15.50,0.1240,true,1,1452036
8000380144044,false,גרדנה וופל מצופה שוקולד חלב לואקר 200 גרם,"א. לואקר , AG/SpA, ו",IT,גרדנה וופל מצופה שוק,גרמים,200.00,100 גרם,false,,13.70,0.0685,true,1,1452038
8000380153534,false,מארז וופל שוקולד טורטינה Tortina שוקולד לבן,א. לואקר אס. פי. אי-אי.,IT,טורטינה וויט שישיה 1,גרמים,125.00,100 גרם,false,,15.50,0.1240,true,1,1452040
8000380156825,false,שוקולד חלב במילוי קרם חלב וופל לואקר 87 גרם,ליימן מותגים,IT,שוקולד לואקר חלב 87,גרמים,87.00,100 גרם,false,,6.70,0.0770,true,1,1452045
8000380156849,false,שוקולד מריר במילוי קרם קקאו וופל לואקר 87 גרם,ליימן מותגים,IT,שוקולד לואקר מריר 87,יח',1.00,יח',false,,6.70,6.7000,true,1,1452046
8000380156856,false,שוקולד לבן במילוי קרם חלב וופל לואקר 87 גרם,ליימן מותגים,IT,שוקולד לואקר לבן 87,גרמים,87.00,100 גרם,false,,6.70,0.0770,true,1,1452047
8000380180721,false,לואקר וופל קקאו במילוי קרם חלבי 175 גר,קריניציה ויטמינה אס,AT,לואקר קלאסיק 175 גר,גרמים,175.00,100 גרם,false,,10.80,0.0617,true,1,1452051
8000380180837,false,וופל גרנד פטיסרי קוקוס לבן מצופה שוקולד לבן לואקר 100 גרם,"אינסטנטה בע""מ",IT,גרנד פטיסרי קרם קוקו,גרמים,100.00,100 גרם,false,,11.70,0.1170,true,1,1452053
8000380187249,false,עוגיות עם מילוי קרם שקדים ושוקולד חלב,לואקר Loacker,AT,עוגיות לואקר שקדים 1,גרמים,100.00,100 גרם,false,,13.90,0.1390,true,1,1452059
8000380192199,false,וופל לואקר דאבל שוקולד 175 גרם,ליימן מותגים,AT,לואקר דאבל שוקולד 17,גרמים,175.00,100 גרם,false,,10.80,0.0617,true,1,1452063
8000380192243,false,וופלים לואקר מקסי בטעם אגוז 200 גר',לואקר Loacker,AT,לואקר מקסי טעם אגוז,גרמים,200.00,100 גרם,false,,11.90,0.0595,true,1,1452064
8000380192250,false,וופלים לואקר מקסי בטעם שוקולד 200 גר',לואקר Loacker,AT,לואקר מקסי טעם שוקול,גרמים,200.00,100 גרם,false,,11.90,0.0595,true,1,1452065
8000380192588,false,וופלים קואדרטיני דאבל שוקולד לואקר 250 גרם,קריניציה ויטמינה אס,AT,וופל קואדרטיני דאבל,גרמים,250.00,100 גרם,false,,13.90,0.0556,true,1,1452066
8000380198221,false,"וופל לואקר מקסי דאבל שוקולד 200 גרם בד""צ",לואקר Loacker,AT,לואקר מקסי טעם אגוז,גרמים,200.00,100 גרם,false,,11.90,0.0595,true,1,1452067
8000380201396,false,שוקולד חלב ממולא קרם קרמל ועלי וופל פריכ,ליימן מותגים,AT,טורטינה קרמל,גרמים,149.00,100 גרם,false,,15.50,0.1040,true,1,1452068
8000380205400,false,וופלים קואדרטיני חמאת בוטנים לואקר 250 גרם,ליימן מותגים,AT,לואקר גרדנה חמאת בוט,גרמים,250.00,100 גרם,false,,13.90,0.0556,true,1,1452071
8000380205523,false,וופלים בטעם חמאת בוטנים לואקר 175 גרם,ליימן מותגים,AT,לואקר קלאסי חמאת בוט,גרמים,175.00,100 גרם,false,,10.80,0.0617,true,1,1452072
8000380206896,false,וופל גרדנה חמאת בוטנים לואקר 200 גרם,ליימן מותגים,IT,לואקר גרדנה חמאת בוט,גרמים,200.00,100 גרם,false,,13.70,0.0685,true,1,1452073
8000392006132,false,מגב אייפל פטנט,,CN,מגב אייפל פטנט,יח',1.00,יח',false,,24.90,24.9000,true,1,1476089
8000500018828,false,שלישיית קינדר שוקולד חצי מטר 100 גרם,קדבורי,IT,קינדר שוקולד,גרמים,300.00,100 גרם,false,,18.90,0.0630,true,1,1462449
8000500023624,false,חטיפי הפי היפו Happy Hippo במילוי קרם חלב וקקאו,פררו - אלבה,DE,חטיף הפי היפו קינדר,גרמים,100.00,100 גרם,false,,11.50,0.1150,true,1,1462450
8000500026731,false,שוקולד ביצי הפתעה קינדר שלישייה,פררו אס.פי.אי,IT,קינדר ביצת הפתעה שלי,גרמים,114.00,100 גרם,false,,13.80,0.1211,true,1,1462452
8000500028124,false,קינדר גוי ביצת הפתעה מארז שלישיה,ליימן שליסל,ZA,ג'וי ביצת שוקולד קינ,יחידה,0.00,יחידה,false,,13.80,0.0000,true,1,1496690
8000500029350,false,מארז וופל מצופה 3יח' *43 גרם קינדר בואנו,פררו - אלבה,PL,שוקולד קינדר בואנו ש,גרמים,129.00,100 גרם,false,,9.90,0.0767,true,1,1462453
8000500032237,false,בונבונרייה פררו רושר 375 גרם,פררו - אלבה,IT,רושר 375 גרם,גרמים,375.00,100 גרם,false,,39.90,0.1064,true,1,1462454
8000500071083,false,אצבעות שוקולד קינדר Kinder שש עשרה יחידות,פררו - אלבה,IT,אצבעות קינדר שוקולד,גרמים,200.00,100 גרם,false,,11.90,0.0595,true,1,1462457
8000500121436,false,מארז קינדר בואנו Kinder Bueno לבן שלוש יחידות,פררו - אלבה,PL,קינדר בואנו לבן שליש,גרמים,117.00,100 גרם,false,,9.90,0.0846,true,1,1462461
8000500167656,false,קינדר שוקולד עם דגנים סיריאל 94 ג',פררו,IT,קינדר שוקולד עם דגני,גרמים,94.00,100 גרם,false,,7.70,0.0819,true,1,1462463
8000500217740,false,קינדר בואנו מיני 86 גרם,פררו,PL,קינדר בואנו מיני 86,יח',1.00,יח',false,,9.90,9.9000,true,1,1462468
8000500227848,false,נוטלה - בי רדי אצבעות ביסקוויט במילוי שוקולד 6 יח' * 22 גרם,פררו,IT,נוטלה בי ריידי,גרמים,132.00,100 גרם,false,,9.90,0.0750,true,1,1462469
8000500247167,false,פררו קולקשן - כדורי וופל מצופים 24 יחידו,פררו,DE,פררו קולקשין 269 גר,גרמים,249.00,100 גרם,false,,43.90,0.1763,true,1,1462471
8000500256213,false,קינדר שוקולד מיני בשקית.,פררו - אלבה,IT,קינדר שוקולד מיני 12,גרמים,120.00,100 גרם,false,,8.90,0.0742,true,1,1462473
8000500267103,false,קינדר דליס עוגת ספוג קקאו במילוי חלבי*10,קינדר Kinder,IT,קינדר דליס מארז עשיר,גרמים,390.00,100 גרם,false,,18.90,0.0485,true,1,1462474
8000500269169,false,קינדר קארדס Kinder Cards - חמישייה,קריות זול,IT,קינדר בצורת קלפים 12,גרמים,128.00,100 גרם,false,,12.90,0.1008,true,1,1489788
8000500328750,false,כדור וופל פריך מצופה שוקולד פררו רושר 141 ג',פררו,DE,בונבוניירה פררו 141,גרמים,141.00,100 גרם,false,,24.90,0.1766,true,1,1462478
8000500353738,false,רביעיה סוכריות בטעם מנטה חזק 4 * 16 ג' טחק טק,פררו,ZA,טיק טק מנטה חזק 64 ג,גרמים,64.00,100 גרם,false,,9.90,0.1547,true,1,1462479
8000500386941,false,"ממרח קקאו עם אגוזי לוז, 900 גרם",קדבורי,IT,נוטלה 900 גר,גרמים,900.00,100 גרם,false,,27.90,0.0310,true,1,1462483
8001003100164,false,יוגטה סוכריות ג'לי בטעמי פירות 450 גרם,יוגטה yogueta,IT,סוכריות ג'לי 450 גר,גרמים,450.00,100 גרם,false,,9.90,0.0220,true,1,1452075
8001003100218,false,סוכריות יוגטה ג'לי פירות 800 גר',תות ממתקי איכות,IT,סוכריות ג'לי פירות 8,גרמים,800.00,100 גרם,false,,15.90,0.0199,true,1,1452076
8001003202028,false,סוכריות ג'לי בטעם מנטה יוגטה 80 גרם,צ'וקטה,IT,יוגטה סוכריות ג'לי ט,יח',1.00,יח',false,,4.30,4.3000,true,1,1452077
8001003202035,false,סוכריות ג'לי בטעם פירות יוגטה 80 גרם,צ'וקטה,IT,יוגטה סוכריות ג'לי ט,יח',1.00,יח',false,,4.30,4.3000,true,1,1452078
8001090016003,false,"טבליות למדיח פיירי 84 יחידות בד""צ",פרוקטר אנד גמבל,BE,פיירי טבליות למדיח 8,קילוגרמים,1.14,"ק""ג",false,,42.90,37.6316,true,1,1456137
8001090033512,false,"טייד אבקת כביסה קולור 8 ק""ג",פרוקטור אנד גמבל,TR,אבקת כביסה טייד קולו,קילוגרמים,8.00,"ק""ג",false,,41.90,5.2375,true,1,1456138
8001090111685,false,תחתונים אולוויז דיסקריט מידה L לבריחת שתן,פרוקטר אנד גמבל,DE,אולוויז דיסקריט תחתו,יח',1.00,יח',false,,25.90,25.9000,true,1,1456143
8001090156839,false,פמפרס בייבי דריי מידה 4 86 יח,פרוקטר & גמבל,TR,פמפרס בייבי דריי מיד,יח',1.00,יח',false,,64.90,64.9000,true,1,1456145
8001090184375,false,"נוזל כלים פיירי 900 מ""ל ירוק אורגינל",פרוקטר אנד גמבל,GB,"פיירי אורגינל 900 מ""",מטרים,900.00,100 מ'ל,false,,11.90,0.0132,true,1,1477155
8001090184412,false,"פיירי נוזל לניקוי כלים לימון שקוף, 900 מ""ל",פרוקטר אנד גמבל,GB,פיירי לימון 900 מל,מטרים,900.00,100 מ'ל,false,,11.90,0.0132,true,1,1477156
8001090222428,false,"הרבל אסנסס - שמפו חלב קוקוס 400 מ""ל",הרבל אסנס Herbal Essences,FR,הרבל אסנסס שמפו חלב,מיליליטרים,400.00,"100 מ""ל",false,,14.90,0.0373,true,1,1456146
8001090222572,false,הרבל אסנסס מרכך תות שדה ומנטה 400 גרם,הרבל אסנס Herbal Essences,FR,הרבל אסנסס מרכך תות,מיליליטרים,400.00,"100 מ""ל",false,,14.90,0.0373,true,1,1456149
8001090222725,false,"הרבל אסנסס - שמפו שמן מורינגה 400 מ""ל",הרבל אסנס Herbal Essences,FR,הרבל אסנסס שמפו שמן,מיליליטרים,400.00,"100 מ""ל",false,,14.90,0.0373,true,1,1456150
8001090268679,false,פמפרס בייבי דריי מידה 3 100 יח,פרוקטר & גמבל,TR,פמפרס בייבי דריי מיד,יח',1.00,יח',false,,64.90,64.9000,true,1,1456155
8001090368553,false,פמפרס בייבי דריי מידה 6 68 יח,פרוקטר & גמבל,TR,פמפרס בייבי דריי מיד,יח',1.00,יח',false,,64.90,64.9000,true,1,1456157
8001090375186,false,"מרכך מרוכז 200 מ""ל לצבע מלא חיים ""פנטן""",פרוקטר אנד גמבל,FR,פנטן מרכך מרוכז 200,מיליליטרים,200.00,"100 מ""ל",false,,12.90,0.0645,true,1,1456158
8001090375230,false,"מרכך מרוכז 200 מ""ל לחות מוגברת ""פנטן""",פרוקטר אנד גמבל,FR,פנטן מרכך מרוכז 200,מיליליטרים,200.00,"100 מ""ל",false,,12.90,0.0645,true,1,1456159
8001090379337,false,פמפרס פרימיום קר חיתולים שלב 3 40 יח VP,פרוקטר אנד גמבל,PL,חיתולי פמפרס פרימיום,יח',40.00,יח',false,,29.90,0.7475,true,1,1456163
8001090379368,false,פמפרס פרימיום קר חיתולים שלב 4 34 יח VP,פרוקטר אנד גמבל,PL,חיתולי פמפרס פרימיום,יח',34.00,יח',false,,29.90,0.8794,true,1,1456164
8001090379399,false,פמפרס פרימיום קר חיתולים שלב 5 30 יח VP,פרוקטר אנד גמבל,PL,חיתולי פמפרס פרימיום,יח',30.00,יח',false,,29.90,0.9967,true,1,1456165
8001090458322,false,פיירי ורדים משי 1.015 מלי,פרוקטר אנד גמבל,GB,פיירי ורדים משי 1.01,ליטרים,1.01,ליטר,false,,15.90,15.7426,true,1,1456166
8001090493637,false,"הד אנד שולדרס שמפו אולטרא טוטאל קר 450 מ""ל",פרוקטר אנד גמבל,RO,הדשולדרס שמפו אולטרא,מיליליטרים,450.00,"100 מ""ל",false,,17.90,0.0398,true,1,1456168
8001090678195,false,"הד אנד שולדרס מרכך סופרים לחות 275 מ""ל",פרוקטר אנד גמבל,FR,מרכך הד אנד שולדרס ס,מיליליטרים,275.00,"100 מ""ל",false,,14.90,0.0542,true,1,1456170
8001090721099,false,טבליות ג'ל לכביסה 3 ב-1 בניחוח אביב הרים,פרוקטר אנד גמבל,FR,אריאל קפסולות לכביסה,יח',1.00,יח',false,,29.90,29.9000,true,1,1456175
8001090721129,false,אריאל קפסולות גל לכביסה 3ב1 קולור 27 יח,פרוקטר אנד גמבל,FR,אריאל קפסולות לכביסה,יח',1.00,יח',false,,29.90,29.9000,true,1,1456176
8001090734044,false,אולוויז מגן תחתון גיגה פק לארג' אקסטרה פרוטקט 64 יח',פרוקטר אנד גמבל,DE,מגן תחתון אולוויז מג,יח',64.00,יח',false,,16.90,0.2641,true,1,1456177
8001090740717,false,מגני תחתון אולוויז נורמל עם ניחוח רענן Fresh Scent,פרוקטר אנד גמבל )ראה קוד,UA,מגן תחתון אולוויז מג,יח',76.00,יח',false,,16.90,0.2224,true,1,1456178
8001090802385,false,קפסולות גל לכביסה טייד בניחוח לנור 26 יח,פרוקטר אנד גמבל,FR,טייד קפסולות ג'ל 26,יח',26.00,יח',false,,23.90,0.9192,true,1,1456180
8001090832450,false,"שמפו פנטן הנוסחה הקלאסית 660 מ""ל",פרוקטר אנד גמבל,RO,פנטן שמפו נוסחה קלאס,מיליליטרים,660.00,"100 מ""ל",false,,18.90,0.0286,true,1,1456181
8001090832535,false,"שמפו פנטן שמן מרוקאי משקם 660 מ""ל",פרוקטר אנד גמבל,RO,פנטן שמפו שמן מרוקאי,מיליליטרים,660.00,"100 מ""ל",false,,18.90,0.0286,true,1,1456182
8001090832573,false,"שמפו פנטן לחות מוגברת 660 מ""ל",פרוקטר אנד גמבל,RO,פנטן שמפו לחות מוגבר,מיליליטרים,660.00,"100 מ""ל",false,,18.90,0.0286,true,1,1456183
8001090832610,false,"שמפו פנטן למגע רך כמשי 660 מ""ל",פרוקטר אנד גמבל,RO,פנטן שמפו למגע רך כמ,מיליליטרים,660.00,"100 מ""ל",false,,18.90,0.0286,true,1,1456184
8001090832696,false,"פנטן שמפו לתלתלים מושלמים 660 מ""ל",פרוקטר אנד גמבל,RO,פנטן שמפו לתלתלים מו,מיליליטרים,660.00,"100 מ""ל",false,,18.90,0.0286,true,1,1456185
8001090832771,false,"פנטן שמפו להזנת קרטין 660 מ""ל",פרוקטר אנד גמבל,RO,פנטן שמפו הזנת קרטין,מיליליטרים,660.00,"100 מ""ל",false,,18.90,0.0286,true,1,1456187
8001090832818,false,מרכך פנטן הנוסחה הקלאסית לשיער רגיל ומעורב,פרוקטר אנד גמבל,RO,פנטן מרכך נוסחה קלאס,מיליליטרים,600.00,"100 מ""ל",false,,18.90,0.0315,true,1,1456188
8001090832856,false,"פנטן 660 מ""ל קונדישינר מרוקאי משקם",פרוקטר אנד גמבל,RO,פנטן מרכך מרוקאי משק,מיליליטרים,660.00,"100 מ""ל",false,,18.90,0.0286,true,1,1456189
8001090832894,false,מרכך לשיער חלש ופגום לחות מוגברת,פרוקטר אנד גמבל,RO,פנטן מרכך לחות מוגבר,מיליליטרים,660.00,"100 מ""ל",false,,18.90,0.0286,true,1,1456190
8001090832931,false,"פנטן 660 מ""ל קונדישינר למגע רך כמשי",פרוקטר אנד גמבל,RO,פנטן מרכך למגע רך כמ,מיליליטרים,660.00,"100 מ""ל",false,,18.90,0.0286,true,1,1456191
8001090832979,false,"פנטן 660 מ""ל קונדישינר לתלתלים מושלמים",פנטן שמפו ומרכך ב 17,RO,פנטן מרכך לתלתלים מו,מיליליטרים,660.00,"100 מ""ל",false,,18.90,0.0286,true,1,1456192
8001090833051,false,"פנטן 660 מ""ל קונדישינר הזנת קרטין",פנטן שמפו ומרכך ב 17,RO,פנטן מרכך הזנת קרטין,מיליליטרים,660.00,"100 מ""ל",false,,18.90,0.0286,true,1,1456194
8001090833167,false,גל כביסה אריאל בניחוח הרים 2.365 ליטר,פרוקטור אנד גמבל,FR,אריאל ג'ל כביסה 2.36,ליטרים,2.36,ליטר,false,,27.90,11.8220,true,1,1456196
8001090833198,false,אריאל נוזל כביסה 2.47 ליטר ניחוח מרענן,פרוקטור אנד גמבל,FR,אריאל ג'ל כביסה ניחו,ליטרים,2.36,ליטר,false,,27.90,11.8220,true,1,1456197
8001090833228,false,אריאל ג'ל כביסה קולור 2.365 ליטר,פרוקטור אנד גמבל,FR,אריאל ג'ל כביסה 2.36,ליטרים,2.36,ליטר,false,,27.90,11.8220,true,1,1456198
8001090833259,false,גל כביסה אריאל בניחוח הרים 3.740 ליטר,פרוקטר אנד גמבל,FR,אריאל ג'ל כביסה ניחו,ליטרים,3.74,ליטר,false,,39.80,10.6417,true,1,1456199
8001090899194,false,תחבושות אולוויז פלטינום נורמל 24 יחידות,פרוקטר אנד גמבל,DE,תחבושות אולוויז פלטי,יח',1.00,יח',false,,17.90,17.9000,true,1,1456202
8001090899224,false,תחבושות אולוויז פלטינום לונג 20 יחידות,פרוקטר אנד גמבל,DE,תחבושות אולוויז פלטי,יח',1.00,יח',false,,17.90,17.9000,true,1,1456203
8001090899286,false,תחבושות אולוויז פלטינום לילה בטוח 14 יח',פרוקטר אנד גמבל,DE,תחבושות אולוויז פלטי,יח',1.00,יח',false,,16.90,16.9000,true,1,1456205
8001090943095,false,סבון כלים פעולה אנטי-בקטריאלית אקליפטוס,פיירי Fairy,,פיירי אנטי בקטריאלי,ליטרים,1.01,ליטר,false,,17.90,17.7228,true,1,1456206
8001090961907,false,"אבקת כביסה אריאל שושן צחור 9 ק""ג",פרוקטר אנד גמבל,,אבקת כביסה אריאל שוש,קילוגרמים,9.00,"ק""ג",false,,59.90,6.6556,true,1,1456207
8001090961938,false,"אבקת כביסה אריאל קולור 9 ק""ג",פרוקטר אנד גמבל,,אבקת כביסה אריאל קול,קילוגרמים,9.00,"ק""ג",false,,59.90,6.6556,true,1,1456208
8001090992338,false,פיירי טבליות למדיח פלטינום פלוס 50 יחידו,פרוקטר אנד גמבל,BE,פיירי טבליות למדיח פ,יח',1.00,יח',false,,42.90,42.9000,true,1,1456210
8001160000888,false,"גטורייד משקה ספורט תפוז 500 מ""ל",אקווה מינרלה סאן בנדטו,IT,גטורייד ספורט תפוז 5,מיליליטרים,500.00,"100 מ""ל",false,,9.90,0.0198,true,1,1444510
8001160001786,false,"משקה אנרגיה גטורייד ספורט כחול 500מ""ל",אקווה מינרלה סאן בנדטו,IT,גטורייד ספורט כחול 5,מיליליטרים,500.00,"100 מ""ל",false,,9.90,0.0198,true,1,1444511
8001250110015,false,דה צ'קו לזניית ביצים 500גר,דה צ'אקו DE CECCO,IT,דה צ'קו לזניית ביצים,גרמים,500.00,100 גרם,false,,16.90,0.0338,true,1,1513107
8001250152015,false,פסטה דורום פפרדלה דה,דה צ'אקו DE CECCO,IT,דה צ'קו פפרדלה 201 5,גרמים,500.00,100 גרם,false,,14.90,0.0298,true,1,1513108
8001359008558,false,פרולטה מרכך אובליפיחה לשיער,פאר פארם,IL,פרולטה מרכך אובליפיח,מיליליטרים,500.00,"100 מ""ל",false,,22.90,0.0458,true,1,1460648
8001359008589,false,פרולטה שמפו אובליפיחה לחיזוק שורשים,פאר פארם,IL,שמפו לנשירת שיער 500,מיליליטרים,500.00,"100 מ""ל",false,,22.90,0.0458,true,1,1460650
8001359008640,false,פרולטה שמפו אובליפיחה נגד קשקשים,פאר פארם)איתן(,IL,שמפו אובלפיחה לקשקשי,מיליליטרים,500.00,"100 מ""ל",false,,22.90,0.0458,true,1,1460651
8001359108654,false,"מויסטר ריסורס קרם פנים 250מ""ל",אנדראה טיפוח,IL,קרם לחות לפנים מויסט,יח',1.00,יח',false,,19.90,19.9000,true,1,1460653
8001620011935,false,"סן בנדטו- מים מינרלים מוגז - מארז שישיית 500 מ""ל",אקווה מינרלה סאן בנד,IT,"סן בנדטו מוגז 500 מ""ל שיש",ליטרים,3.00,ליטר,false,,11.90,3.9667,true,1,1444513
8001620015612,false,"משקה פירות פרוטה-גזר תפוז לימון 400 מ""ל סאן בנדטו",אקווה מינרלה סאן בנדטו ב,IT,משקה פרוטה גזר תפוז,מיליליטרים,400.00,"100 מ""ל",false,,6.50,0.0163,true,1,1444514
8001620017456,false,"סן בנדטו ספורט, מים מינרלים טבעיים 500 מ""ל שישייה",אקווה מינרלה סאן בנדטו ב,IT,"סאן בנדטו 6*500 מ""ל",ליטרים,6.00,ליטר,false,,13.90,2.3167,true,1,1444517
8001620018408,false,"משקה פירות בטעם מנגו תפוח 400 מ""ל פרוטה",אקווה מינרלה סאן בנדטו ב,IT,משקה פרוטה מנגו תפוח,מיליליטרים,400.00,"100 מ""ל",false,,6.50,0.0163,true,1,1444518
8001841053684,false,תחבושות אולוויז עבה לונג פלוס 12 יחידות,פרוקטר אנד גמבל )ראה קוד,HU,תחבושות אולוויז עבה,יח',12.00,יח',false,,9.90,0.8250,true,1,1456215
8001841053806,false,תחבושות היגייניות אולוויז מקסי עבה לילה,פרוקטר אנד גמבל,HU,תחבושות אולוויז עבה,יח',9.00,יח',false,,9.90,1.1000,true,1,1456216
8001841062624,false,פמפרס מגבונים לחים ללא בישום רביעייה,פרוקטר אנד גמבל.,DE,פמפרס מגבונים ללא בי,יח',4.00,יח',false,,17.90,4.4750,true,1,1456217
8001841077949,false,מארז מגבוני פמפרס בניחוח מרענן - רביעייה,פרוקטר אנד גמבל,DE,מגבוני פמפרס פרש 4X5,יח',1.00,יח',false,,17.90,17.9000,true,1,1456218
8001841096889,false,"נוזל לניקוי כלים לימון קלאסי 900 מ""ל",פרוקטר אנד גמבל,TR,פיירי לימון קלאסי 90,מיליליטרים,900.00,"100 מ""ל",false,,6.90,0.0077,true,1,1456219
8001841104751,false,פמפרס פרימיום קר חיתולים שלב 1 52 יח VP,פרוקטר אנד גמבל,PL,חיתולי פמפרס פרימיום,יח',52.00,יח',false,,29.90,0.5750,true,1,1456220
8001841104799,false,פמפרס פרימיום קר חיתולים שלב 2 46 יח VP,פרוקטר אנד גמבל,PL,חיתולי פמפרס פרימיום,יח',46.00,יח',false,,29.90,0.6500,true,1,1456221
8001841105093,false,פמפרס פרימיום קר חיתולים שלב 6 26 יח VP,פרוקטר אנד גמבל,PL,חיתולי פמפרס פרימיום,יח',26.00,יח',false,,29.90,1.1500,true,1,1456222
8001841137179,false,קונדישינר הד&שולדרס הנוסחה הקלאסית 275מל,פרוקטר אנד גמבל,RO,ה&ש קונדישנר-הנוסחה,מיליליטרים,275.00,"100 מ""ל",false,,9.90,0.0360,true,1,1456223
8001841137216,false,"קונדישנר למגע רך כמשי הד אנד שולדרס 275 מ""ל",פרוקטר אנד גמבל,RO,ה&ש קונדישנר למגע רך,מיליליטרים,275.00,"100 מ""ל",false,,9.90,0.0360,true,1,1456224
8001841216584,false,תחבושות אולוויז אולטרה לילה בטוח,פרוקטר אנד גמבל,UA,תחבושות אולוויז לילה,יח',1.00,יח',false,,29.90,29.9000,true,1,1456229
8001841470290,false,נוזל ניקוי כלים פייר,,,פיירי פלטינום 750 מ,מיליליטרים,750.00,"100 מ""ל",false,,11.90,0.0159,true,1,1519433
8001841500799,false,"הרבל אסנסס - שמפו ללא סולפטים אלוורה ומנגו 380 מ""ל",הרבל אסנס Herbal Essences,FR,הרבל אסנס שמפו ללא ס,מיליליטרים,300.00,"100 מ""ל",false,,14.90,0.0497,true,1,1456235
8001841502601,false,"הרבל אסנסס - מרכך ללא סולפטים אלוורה ובמבוק 275 מ""ל",הרבל אסנס Herbal Essences,FR,הרבל אסנס מרכך ללא ס,מיליליטרים,300.00,"100 מ""ל",false,,14.90,0.0497,true,1,1456238
8001841625188,false,סבון כלים פלטינום לימון X3 פעולות להסרת שומנים,פרוקטר אנד גמבל,GB,פיירי פלטינום לימון,מיליליטרים,515.00,"100 מ""ל",false,,8.90,0.0173,true,1,1456241
8001841625287,false,סבון כלים פלטינום לימון X3 פעולות להסרת שומנים,פרוקטר אנד גמבל,GB,פיירי פלטינום לימון,ליטרים,1.01,ליטר,false,,12.90,12.7723,true,1,1456242
8001841625362,false,"נוזל כלים בניחוח לימון פלטינום 780 מ""ל פיירי",פרוקטר אנד גמבל,GB,פיירי פלטינום לימון,מטרים,780.00,100 מ'ל,false,,11.90,0.0153,true,1,1477162
8001841625461,false,סבון כלים פלטינום X3 פעולות להסרת שומנים,פרוקטר אנד גמבל,GB,פיירי פלטינום אורגינ,מיליליטרים,515.00,"100 מ""ל",false,,8.90,0.0173,true,1,1456243
8001841625508,false,"נוזל כלים פיירי פלטינום אורגינל 1.015 ליטר בד""צ",פרוקטר אנד גמבל,GB,פיירי פלטינום אורגינ,ליטרים,1.01,ליטר,false,,12.90,12.7723,true,1,1456244
8001841660530,false,קרם לחות מינרלס במבוק + חלבון משקם לשיער ארוך,פנטן Pantene,FR,פנטן מיראקלס במבוק ק,מיליליטרים,270.00,"100 מ""ל",false,,13.90,0.0515,true,1,1456247
8001841669465,false,קפסולות לכביסה אריאל בניחוח לנור 24 יחידות,פרוקטר אנד גמבל,FR,אריאל קפסולות לכביסה,יח',1.00,יח',false,,29.90,29.9000,true,1,1456248
8001841680989,false,מגן תחתון אולוויז מגה פק פרו פרש לארג' 60 יחי,פרוקטר אנד גמבל,DE,אולוויז מגן תחתון לא,יח',1.00,יח',false,,16.90,16.9000,true,1,1456250
8001841893990,false,פיירי טבליות למדיח פלטינום פלוס - מארז 30 יח',פרוקטר אנד גמבל,BE,פיירי קפסולות למדיח,יח',1.00,יח',false,,39.90,39.9000,true,1,1456255
8001841943961,false,לנור כדוריות בושם בניחוח אוקיינוס 210 גר,פרוקטר אנד גמבל,US,לנור כדוריות בושם או,גרמים,210.00,100 גרם,false,,24.90,0.1186,true,1,1456256
8001841958460,false,פיירי טבליות למדיח אורגינל הכל באחד - מארז 48 יח',פרוקטר אנד גמבל,BE,פיירי טבליות למדיח 4,גרמים,648.00,100 גרם,false,,39.90,0.0616,true,1,1456257
8001841960081,false,פיירי טבליות למדיח פלטינום הכל באחד - מארז 37 יח',פרוקטר אנד גמבל,BE,פיירי טבליות למדיח 3,יח',37.00,יח',false,,39.90,1.0784,true,1,1456258
8001841982489,false,אבקת כביסה אריאל אוק,פרוקטר אנד גמבל,TR,אריאל אוקסי 6.8 קג,יח',1.00,יח',false,,59.90,59.9000,true,1,1456259
8002110383709,false,נוטרוגינה ס.נורבגית ק.ידיים לא מבושם 50מל,ניוטרוג'ינה Neutrogena,FR,ניוטרוגינה קרם ידיים,מטרים,50.00,100 מ'ל,false,,24.90,0.4980,true,1,1445180
8002267014945,false,שלישייה ביצי שוקולד חלב עם צעצוע הוט ווילס,ואל קור קורסניני אס אנ ס,IT,ביצת הפתעה הוט ווילס,גרמים,20.00,100 גרם,false,,10.90,0.5450,true,1,1472276
8002267015263,false,שלישייה ביצת הפתעה מאשה והדוב צ'וקטה 20 גרם,צ'וקטה Chocketa,IT,צוקטה ביצת הפתעה מאש,יח',1.00,יח',false,,10.90,10.9000,true,1,1472277
8002267016475,false,ביצת שוקולד הפתעה בוב הבנאי שלישייה 60 ג,מולינו ניקולי s.p.a,IT,צוקטה ביצת הפתעה בוב,גרמים,20.00,100 גרם,false,,10.90,0.5450,true,1,1472278
8002270866524,false,סן פלגרינו מים מינרליים טבעיים מוגזים,סן פלגרינו San Pellegrino,IT,סן פלגרינו 1 ליטר בקבוק פ,יח',1.00,יח',false,,8.90,8.9000,true,1,1444525
8002450202005,false,ורדי ספרקלטיני אסאי Verdi acai Sparkletini,פארייפאבה אגרואינדוס,IT,ורדי ספרקלטיני אסאי בוסקה,מיליליטרים,750.00,"100 מ""ל",false,,24.90,0.0332,true,1,1452742
8002450203002,false,"ורדי בטעם אבטיח 750 מ""ל",איטליה בוסקה,IT,ורדי אבטיח כשר,מיליליטרים,750.00,"100 מ""ל",false,,24.90,0.0332,true,1,1452743
8003012004365,false,קפסולות סלציונה תואם נספרסו (10 יח'),,,קפסולות סלציונה תואם,יח',1.00,יח',false,,7.80,7.8000,true,1,1471387
8003012004372,false,קפסולות גראן קרו גריבאלדי תואם נספרסו (10 יח'),,,קפסולות גראן קרו גרי,יח',1.00,יח',false,,7.80,7.8000,true,1,1471388
8003012007588,false,קפסולות אינטנסו ארוך תואם נספרסו (10 יח'),,,קפסולות אינטנסו ארוך,יח',1.00,יח',false,,7.80,7.8000,true,1,1471389
8003012007595,false,מארז קפסולות ארומה 10 יח' GRAN CAFFE,,,קפסולות ארומה תואם נ,יח',1.00,יח',false,,7.80,7.8000,true,1,1471390
8003012013589,false,קפסולות טרדיציונה גר,,,קפסולות טרדיציונה גר,יח',1.00,יח',false,,7.80,7.8000,true,1,1471392
8003012013596,false,קפסולות ויוסה גריבלד,,,קפסולות ויוצ'ה גריבא,יח',1.00,יח',false,,7.80,7.8000,true,1,1471393
8003012013602,false,קפסולות אורו גריבלדי,,,קפסולות אורו גריבאלד,יח',1.00,יח',false,,7.80,7.8000,true,1,1471394
8003012013626,false,קפסולות קולומביה גריבאלדי אלמניום 10 יח,,,קפסולות קולומביה גרי,יח',1.00,יח',false,,7.80,7.8000,true,1,1471395
8003012013633,false,קפסולות ברזיל גריבלד,,,קפסולות ברזיל גריבאל,יח',1.00,יח',false,,7.80,7.8000,true,1,1471396
8003340091280,false,לינדט לינדור בונבוניירה 60% מוצקי קקאו 200 גרם,לינדט ושפרונגלי קילשברג,IT,לינדט לינדור בונבוני,גרמים,200.00,100 גרם,false,,22.90,0.1145,true,1,1449570
8003440997857,false,מסטיק פיורפרש מנטה אריזת חיסכון 200 גר,פרפטי ואן מלה ברדה,TR,מנטוס פיור פרש בטעם,גרמים,200.00,100 גרם,false,,19.90,0.0995,true,1,1452080
8003440997871,false,מסטיק פיורפרש תות אריזת חיסכון 200 ג,פרפטי ואן מלה ברדה,TR,מנטוס פיור פרש בטעם,גרמים,200.00,100 גרם,false,,19.90,0.0995,true,1,1452081
8003446002685,false,שמן זית איטלקי 1 ליטר רמי לוי,,,שמן זית איטלקי 1 ליט,100 מל,1000.00,100 מל,false,,24.90,0.0249,true,1,1462795
8004030022010,false,ירקות גינה עם טונה ריו מרה אינסלטיסימי 160 ג',"בולטון אלימנטרי בע""\מ",IT,טונה ריו מרה ירקות ג,גרמים,160.00,100 גרם,false,,14.90,0.0931,true,1,1445184
8004030026018,false,"מקסיקני עם טונה ריו מרה אינסלטיסימי, 160 ג'","בולטון אלימנטרי בע""\מ",IT,טונה ריו מרה מקסיקני,גרמים,160.00,100 גרם,false,,14.90,0.0931,true,1,1445185
8004030177000,false,טונה בשמן זית וצ'ילי ריו מרה מארז 80X3 גר',ריו מארה Rio Mare,IT,טונה בשמן זית עם צ'י,גרמים,168.00,100 גרם,false,,27.80,0.1655,true,1,1445189
8004030180000,false,ריו מרה טונה בשמן זית כתית מעולה 3*80 גרם,"בולטון אלימנטרי בע""\מ",IT,ריו מרה טונה בשמן זי,גרמים,240.00,100 גרם,false,,25.90,0.1079,true,1,1445190
8004030344938,false,"ריו מרה טונה בשמן זית 3X80 גרם מתכון חדש כשל""פ","בולטון אלימנטרי בע""\מ",IT,טונה ריו מרה בשמן זי,גרמים,168.00,100 גרם,false,,27.80,0.1655,true,1,1445191
8004030381681,false,ריו מרה נתחי טונה בהירה בשמן זית זוג 160 גר,BOLTON GROUP- RIO,IT,ריו מרה נתחי טונה בה,יח',1.00,יח',false,,29.90,29.9000,true,1,1445192
8004030845046,false,טונה עם ירקות בתוספת עם אורז ריו מרה אינסלטיסימי 160 ג',בולטון אלימנטרי,IT,ריו מארה אינסלטיסימי,יח',1.00,יח',false,,14.90,14.9000,true,1,1445193
8004030860001,false,ירקות עם קוקוס וטונה ריו מרה אינסלטיסימי 160 ג',"בולטון אלימנטרי בע""\מ",IT,טונה ריו מרה ירקות ו,גרמים,160.00,100 גרם,false,,14.90,0.0931,true,1,1445194
8004690470022,false,לה מוליזנה ללא גלוטן-פסטה איטלקית ספגטי,למוליזנה,IT,לה מוליזנה ללא גלוטן,גרמים,400.00,100 גרם,false,,14.90,0.0373,true,1,1513110
8004800000064,false,לאגו פלאסיר- גלילי ופל קרם קקאו בציפוי ש.חלב - 100 ג',לגו גרופ ס.פ.א.,IT,לאגו פלאסיר גלילי וו,גרמים,100.00,100 גרם,false,,10.90,0.1090,true,1,1482682
8004800000071,false,לאגו פלאסיר- גלילי ופל במילוי קרם אגוזי לוז שוקולד חלב - 100 ג',לגו גרופ ס.פ.א.,IT,לאגו פלאסיר גלילי וו,גרמים,100.00,100 גרם,false,,10.90,0.1090,true,1,1482683
8004800005519,false,וופל רול גלילי במילוי קרם אגוזי לוז- 125 ג' לאגו,לגו גרופ ס.פ.א.,IT,לאגו מיני רול במילוי,גרמים,125.00,100 גרם,false,,9.90,0.0792,true,1,1482688
8004800005526,false,וופל מיני רול גלילי ופל במילוי קרם קוקוס- 125 ג' לאגו,לגו גרופ ס.פ.א.,IT,לאגו מיני רול במילוי,גרמים,125.00,100 גרם,false,,9.90,0.0792,true,1,1482689
8005110170300,false,עגבניות מרוסקות חתוכות מוטי MUTTI שלישיה *400,מוטי Mutti,IT,עגבניות מרוסקות 3*40,קילוגרמים,1.20,"ק""ג",false,,16.90,14.0833,true,1,1471401
8005200256587,false,נסטי - תה קר בטעם אפרסק 1.5 ליטר,מפעל סאנפלגרינו S.P.A,IT,תה קר בטעם אפרסק נסט,ליטרים,1.50,ליטר,false,,8.20,5.4667,true,1,1444526
8005200286584,false,נסטי- תה קר - בטעם מנגו אננס 1.5 ליטר,מפעל סאנפלגרינו S.P.A,IT,תה קר בטעם מנגו אננס,ליטרים,1.50,ליטר,false,,8.20,5.4667,true,1,1444527
8005803010357,false,גריסיני קלאסי - מקלות אפויים עם שמן זית ומלח,"אינסטנטה בע""מ",IT,גרסיני קלאסי 125 גר,גרמים,125.00,100 גרם,false,,5.70,0.0456,true,1,1452082
8005803010371,false,"גריסיני רוזמרין - מקלות אפויים עם שמן זית, מלח ורוזמרין","אינסטנטה בע""מ",IT,גרסיני רוזמרין 125 ג,גרמים,125.00,100 גרם,false,,5.70,0.0456,true,1,1452083
8005803010586,false,"מקלות אפויים עם שמן זית, מלח, עגבניות ואורגנו, 125 גרם, אמור די פאן","הוסטה איטליה, ס.ר.ל.",IT,גרסיני פיצה 125 גר,גרמים,125.00,100 גרם,false,,5.70,0.0456,true,1,1452084
8005803010661,false,גריסיני שומשום AMOR DI PANE י 125 גר',"הוסטה איטליה, ס.ר.ל.",IT,גרסיני שומשום 125 גר,גרמים,125.00,100 גרם,false,,5.70,0.0456,true,1,1452085
8006540091937,false,לנור כדוריות הבושם בניחוח אריאל 210 גרם,פטר קרמר עבור פרוקטור אנ,US,לנור כדוריות הבושם ב,גרמים,210.00,100 גרם,false,,24.90,0.1186,true,1,1456264
8006540110317,false,שמפו מינרלס ביוטין + במבוק לשיער חזק וארוך,פרוקטר אנד גמבל,RO,פנטן מיראקלס במבוק ש,מיליליטרים,400.00,"100 מ""ל",false,,14.90,0.0373,true,1,1456265
8006540112793,false,"מרכך כביסה מרוכז בניחוח יסמין לנור 900 מ""ל",פרוקטר אנד גמבל,US,לנור מרכך מרוכז בניח,מטרים,900.00,100 מ'ל,false,,14.90,0.0166,true,1,1456266
8006540112823,false,"לנור מרכך כביסה מרוכז בניחוח האוקיינוס 900 מ""ל",פרוקטר אנד גמבל,FR,לנור מרכך מרוכז בניח,מיליליטרים,900.00,"100 מ""ל",false,,14.90,0.0166,true,1,1456267
8006540157374,false,מרכך מינרלס ביוטין + במבוק לשיער חזק וארוך,פנטן Pantene,FR,פנטן מיראקלס במבוק מ,מיליליטרים,275.00,"100 מ""ל",false,,14.90,0.0542,true,1,1456269
8006540252468,false,אולוויז פלטינום נורמל 48 יח,פרוקטר & גמבל,HU,אולוויז פלטינום נורמ,יח',48.00,יח',false,,36.90,0.7687,true,1,1456271
8006540252529,false,אולוויז פלטינום לילה 32 יח,פרוקטר & גמבל,HU,אולוויז פלטינום לילה,יח',32.00,יח',false,,36.90,1.1531,true,1,1456273
8006540352960,false,טמפונים טמפקס פרל רגולר 20 יחידות,פרוקטר אנד גמבל,HU,טמפונים טמפקס פרל רג,יח',20.00,יח',false,,19.90,0.9950,true,1,1456274
8006540383087,false,טבליות למדיח פיירי פלטינום פלוס דיפ קלין 42 יחידות,פרוקטר אנד גמבל,BE,פירי פלטינום פלוס די,100 יח,42.00,100 יח,false,,44.90,1.0690,true,1,1456277
8006540404850,false,דיסקריט תחבושות לבריחת שתן לונג 10 יח,פרוקטר & גמבל,DE,אולוויז דיסקריט לברי,יח',10.00,יח',false,,13.90,1.3900,true,1,1507916
8006540425930,false,אריאל קפסולות לכביסה ג'ל 24 יח' לכתמים קשים,פרוקטר אנד גמבל,FR,אריאל קפסולות 24 יח,יח',1.00,יח',false,,29.90,29.9000,true,1,1456278
8006540429327,false,פיירי מקס פאוור לימון עם מנגנון למניעת נזילות,פרוקטר אנד גמבל,CZ,פיירי לכלים לימון 44,מטרים,440.00,100 מ'ל,false,,8.90,0.0202,true,1,1456279
8006540463550,false,פיירי טבליות למדיח פלטינום 63 יחידות,פרוקטר אנד גמבל,BE,פיירי טבליות למדיח 6,גרמים,938.00,100 גרם,false,,44.90,0.0479,true,1,1477163
8006540491539,false,"נוזל כלים פיירי פלטינום אוריגינל 780 מ""ל",פרוקטר אנד גמבל,GB,פיירי פלטינום אורגינ,מטרים,780.00,100 מ'ל,false,,11.90,0.0153,true,1,1477164
8006540495186,false,לנור מרכך כביסה מרוכז רגיש בייבי 900 מל,פרוקטר אנד גמבל,FR,לנור מרכך כביסה בייב,מטרים,900.00,100 מ'ל,false,,14.90,0.0166,true,1,1477165
8006540566701,false,אריאל ג'ל כביסה להסרת כתמים קשים 1.925 ליטר,פרוקטר אנד גמבל,IT,אריאל ג'ל כתמים קשים,ליטרים,1.92,ליטר,false,,27.90,14.5312,true,1,1477166
8006540620403,false,"טייד אבקת כביסה אפקט פיירי 7 ק""ג",,TR,טייד אבקת כביסה אפקט,קילוגרמים,7.00,"ק""ג",false,,54.90,7.8429,true,1,1491744
8007178120310,false,חומץ בלסמי ד'מודנה Giacobazzi,פטורייה ג'יאקובאזי ס,IT,חומץ בלסמי גקובזי 500 מל,מיליליטרים,500.00,"100 מ""ל",false,,17.90,0.0358,true,1,1451631
8007178223547,false,קרם מצומצם עם חומץ בלסמי ממודנה,פארייפאבה אגרואינדוס,IT,"קרם בלסמי מצומצם 250 מ""ל",מיליליטרים,250.00,"100 מ""ל",false,,21.90,0.0876,true,1,1451632
8007520024501,false,פאוץ מיגליאור כבש 100 גרם,מורנדו,IT,פאוץ מיגליאור כבש 10,יח',1.00,יח',false,,4.90,4.9000,true,1,1470154
8007520024532,false,פאוץ מיגליאור הודו 100 גרם,מורנדו,IT,פאוץ מיגליאור הודו 1,יח',1.00,יח',false,,4.90,4.9000,true,1,1470155
8007520096003,false,מזון לכלבים מור מיק,,,מורנדו 4 קג לכלב,יח',1.00,יח',false,,49.90,49.9000,true,1,1470156
8008090044012,false,טבליות ספירה 30 יחידות,זובלה,IT,רפיל טבליות להרחקת יתושים,יח',30.00,יח',false,,8.90,0.2967,true,1,1455971
8008245004861,false,ממרח אגוזי לוז עם חלב מובנפיק 300 גרם,יבואן ומשווק: ש. שסט,IT,ממרח אגוזי לוז עם חל,גרמים,300.00,100 גרם,false,,14.70,0.0490,true,1,1474129
8008660210021,false,מעדן ריבה מנץ אנד גאססר דובדבן 300 גר,שוורצקוף& הנקל דיסלד,IT,מעדן דובדבן 300 גר,גרמים,300.00,100 גרם,false,,15.90,0.0530,true,1,1451347
8008660210038,false,מעדן ריבה מנץ אנד גאססר תות שדה 300 גר,קריניציה ויטמינה אס,IT,מעדן תות שדה 300 גר,גרמים,300.00,100 גרם,false,,15.90,0.0530,true,1,1451348
8008660210045,false,מעדן פירות יער מנז אנד גאסר ויסוצקי 300 גרם,שוורצקוף& הנקל דיסלד,IT,מעדן פירות יער 300 ג,גרמים,300.00,100 גרם,false,,15.90,0.0530,true,1,1451349
8008660210052,false,מעדן פרי תפוז מנז אנד גאסר ויסוצקי 320 גרם,מנז אנד גאסר Menz&Gasser,IT,מעדן פרי תפוז 320 גר,גרמים,320.00,100 גרם,false,,15.90,0.0497,true,1,1451350
8008698002025,false,בסיס לפיצה ללא גלוטן (150X2) גרם שר,"ד""ר שר ס.ר.ל",IT,בסיס לפיצה ללא גלוטן,גרמים,250.00,100 גרם,false,,34.90,0.1396,true,1,1458171
8008698002049,false,קרקרים עגולים 175 גרם ללא גלוטן,ס.ר.ל פוסטל,IT,קרקרים עגולים 175 גר,גרמים,175.00,100 גרם,false,,19.90,0.1137,true,1,1458172
8008698002100,false,מקלות גריסיני 200 גרם ד''ר שר,"ד""ר שר ס.ר.ל",IT,מקלות גריסיני 200 גר,גרמים,200.00,100 גרם,false,,19.90,0.0995,true,1,1458173
8008698003503,false,עוגיות שיבולת שועל עם צימוקים 250 גר,"דר שר ס.ר.ל פוסטל, א",IT,קרקר אפוי 210ג ללא ג,גרמים,210.00,100 גרם,false,,22.80,0.1086,true,1,1458177
8008698003961,false,"שוקו סטיקס מקלוני עוגיות לל""ג 150 גר",דר שר דויטשלנד ג'\י אם ב,DE,שוקו סטיקס מקלוני עו,גרמים,150.00,100 גרם,false,,16.90,0.1127,true,1,1458178
8008698004548,false,ביסקוויטים בציפוי קרם ללא גלוטן 150 גר,"ד""ר שר ס.ר.ל",DE,ביסקוויט בציפוי קרם,גרמים,150.00,100 גרם,false,,16.80,0.1120,true,1,1458179
8008698004852,false,מיקס - Cתערובת קמחים לאפיית עוגות 1קג ללא גלוטן,"ד""ר שר ס.ר.ל",IT,תערובת עמילנים וקמחי,קילוגרמים,1.00,"ק""ג",false,,29.90,29.9000,true,1,1501985
8008698005231,false,עוגיות סנדוויץ בטעם שוקולד ממולאות קרם חלב ללא גלוט,שר Schar,IT,עוגיות סנדויץ שוקולד,גרמים,165.00,100 גרם,false,,19.90,0.1206,true,1,1458181
8008698008157,false,שר עוגיות שוקולד במילוי קרם שמנת ללא גלוטן 100 גר',דר שר ס.ר.ל פוסטל,IT,עוגיות שוקולד וקרם ש,גרמים,500.00,100 גרם,false,,10.50,0.0210,true,1,1458183
8008698013021,false,עוגיות ללא גלוטן עם שבבי שוקולד מריר,דר שר פוסטל,IT,עוגיות שוקולדציפס מר,גרמים,150.00,100 גרם,false,,10.80,0.0720,true,1,1458187
8008698024065,false,פאן בלנקו-לחם ללא גלוטן 250 גרם,schar,IT,פאן בלנקו- לחם ללא ג,יח',1.00,יח',false,,17.90,17.9000,true,1,1458189
8008698024140,false,לחם ללא גלוטן פאן מולטי גראנו 250 גר,schar,DE,פאן מולטי גראנו- לחם,יח',1.00,יח',false,,17.90,17.9000,true,1,1458190
8008698024188,false,פאן רוסטיקו-לחם ללא גלוטן 250 גרם,schar,IT,פאן רוסטיקו - לחם לל,גרמים,250.00,100 גרם,false,,17.90,0.0716,true,1,1458191
8008698032084,false,עוגיות מיני וחברים ללא גלוטן 125גרם שר - MINI FRIENDS,,DE,עוגיות מיני וחברים ל,גרמים,125.00,100 גרם,false,,11.90,0.0952,true,1,1458192
8008857114194,false,פסטה נוטרי מיו ללא גלוטן ספגטי 400 גרם,רגיה,IT,פסטה נוטרי מיו ללא ג,גרמים,500.00,100 גרם,false,,8.70,0.0174,true,1,1476738
8008857114484,false,פסטה רג'יה מיו ללא גלוטן פוזילי 400 גרם,רגיה,IT,פסטה רג'יה מיו ללא ג,גרמים,400.00,100 גרם,false,,8.70,0.0217,true,1,1500738
8008857500003,false,פסטה רגיה אטריות עגולות דקות תומר 500 גרם,פסטה רג'יה Pasta Reggia,IT,אטריות עגולות עבות,100 יח',500.00,100 יח',false,,7.50,0.0150,true,1,1444222
8008912010034,false,ליגורי- ספגטי מספר 3 500גר,פסטה ליגורי,IT,ליגורי- ספגטי מספר 3,גרמים,500.00,100 גרם,false,,7.80,0.0156,true,1,1451351
8008912010300,false,LIGUORI פסטה פרפלה 500 גרם מספר 30,פסטה ליגורי,IT,פסטה פרפלה מספר 30,גרמים,500.00,100 גרם,false,,7.80,0.0156,true,1,1451354
8008912010317,false,LIGUORI פסטה פוזילי 500 גרם מספר 31,פסטה ליגורי,IT,ליגורי-פוזילי מספר 3,גרמים,500.00,100 גרם,false,,7.80,0.0156,true,1,1451355
8008912010331,false,"ליגורי פסטה ניוקי סרדי בצורת קונכיות, 500 גר'",פסטה ליגורי,IT,ליגורי פסטה ניוקי סר,גרמים,500.00,100 גרם,false,,7.80,0.0156,true,1,1451356
8008912016012,false,ליגורי- לזניה מספר 102 500גר,פסטיפישיו פציון ס.פ.,IT,ליגורי- לזניה מספר 1,גרמים,500.00,100 גרם,false,,14.90,0.0298,true,1,1451358
8009470009041,false,"סימבה מזון לחתולים 2 ק""ג בקר",אמ.או.אן.ג'י.אי.אמונ,IT,"סימבה בקר לחתול 2 ק""",יח',1.00,יח',false,,34.90,34.9000,true,1,1470163
8017938005122,false,"נטורפוד חומץ תפוחים אורגני 750 מ""ל",מריה לוצ'יה מלצ'יורי,IT,חומץ תפוחים אורגני 7,מיליליטרים,750.00,"100 מ""ל",false,,18.50,0.0247,true,1,1441546
8017938005764,false,מיץ תפוחים אורגני 100% 1 ליטר נטורפוד,לוצ'ה מריה,IT,מיץ תפוחים אורגני 10,ליטרים,1.00,ליטר,false,,18.70,18.7000,true,1,1441547
8020340031290,false,פסטה פוזילי אורגנית 500ג',פסטה לורי,IT,פסטה פוזילי אורגני 5,יח',1.00,יח',false,,7.90,7.9000,true,1,1442910
8024985002950,false,נטורה נובה-סמוזי שזיף אורגני 100 גרם,נטורה נובה,IT,סמוזי שזיף אורגני,גרמים,100.00,100 גרם,false,,4.90,0.0490,true,1,1441551
8024985008037,false,סמוזי נטורה נובה סמוצי תפוח 100 גרם,"נטורפוד בע""מ",IT,נטורה סמודי תפוחים א,מטרים,100.00,100 מ'ל,false,,4.90,0.0490,true,1,1441565
8024985008044,false,נטורה משקה סמודי אגסים אורגני 100 גר,"נטורפוד בע""מ",IT,נטורה משקה סמודי אגס,מטרים,100.00,100 מ'ל,false,,4.90,0.0490,true,1,1441566
8024985011204,false,נטורה נובה-סמוזי תפוח תות בננה 100 גרם,נטורה נובה,IT,נטורה נובה סמוזי תפו,גרמים,100.00,100 גרם,false,,4.90,0.0490,true,1,1441568
8032573170035,false,יין מוסקטו טרה סינה 750 מל,יקבי קנטינה,IT,מוסקטו טרה סינה,מיליליטרים,750.00,"100 מ""ל",false,,34.90,0.0465,true,1,1469433
8032715385983,false,"פסטה פנה אורז חום מלא לל""ג 250 גרם",,IT,"פסטה פנה לל""ג בסיס א",גרמים,250.00,100 גרם,false,,12.90,0.0516,true,1,1471365
8032715385990,false,"פסטה ספגטי לל""ג בסיס אורז חום 250 גר",,IT,"פסטה ספגטי לל""ג בסיס",גרמים,250.00,100 גרם,false,,12.90,0.0516,true,1,1471366
8032793342458,false,עגבניות מרוסקות דק ומסוננות בבקבוק 700 ג',קונסוריזיו קאסאלסקו דל פ,IT,עגבניות מרוסקות דק ב,גרמים,700.00,100 גרם,false,,11.90,0.0170,true,1,1442911
8032793344292,false,עגבניות חתוכות דק בבקבוק 700ג,קונסוריזיו קאסאלסקו דל פ,IT,עגבניות חתוכות דק בק,גרמים,700.00,100 גרם,false,,11.90,0.0170,true,1,1442914
8032793344520,false,תרכיז עגבניות רסק עגבניות מרוכז מאוד,קונסוריזיו דל פרומוד,IT,רסק עגבניות מרוכז 20,גרמים,200.00,100 גרם,false,,6.90,0.0345,true,1,1442915
8032804432031,false,פליסיה קופסא - פנה אורז מלא אורגני 340 גרם,מולינו אנדריאני,IT,פנה אורז מלא אורגני,גרמים,340.00,100 גרם,false,,12.70,0.0374,true,1,1441589
8032880800243,false,פיקניק הפתעה - אגוזי לוז ומקלות אפויים,"הוסטה איטליה, ס.ר.ל.",IT,פיקניק הפתעה 50 גרם,גרמים,50.00,100 גרם,false,,6.70,0.1340,true,1,1452086
8076800195019,false,ברילה - צ.א ספגטי מס1 קפליני 500 גרם,ברילה גי.אי.אר פרטלי ס.פ,IT,קפליני מספר 1 ברילה,גרמים,500.00,100 גרם,false,,6.90,0.0138,true,1,1445198
8076800195033,false,ברילה - צ.א ספגטיני מס3 חדש 500 גרם,ברילה גי.אי.אר פרטלי ס.פ,IT,ספגטי מספר 3 ברילה 5,גרמים,500.00,100 גרם,false,,6.90,0.0138,true,1,1445199
8076800195057,false,ברילה - צ.א ספגטי מס5 חדש 500 גרם,ברילה גי.אי.אר פרטלי ס.פ,IT,ברילה ספגטיני מספר 5,גרמים,500.00,100 גרם,false,,6.90,0.0138,true,1,1445200
8076800195132,false,ברילה - צ.א בבטה מס13 500 גרם,ברילה גי.אי.אר פרטלי ס.פ,IT,אטריות בבטה 13 ברילה,גרמים,500.00,100 גרם,false,,6.90,0.0138,true,1,1445201
8076800315097,false,פסטה מקרוני בוקטיני מספר 9 ברילה 500 גרם,ברילה גי.אי.אר פרטלי ס.פ,IT,פסטה מקרוני בוקטיני,גרמים,500.00,100 גרם,false,,6.90,0.0138,true,1,1445202
8076802085738,false,ברילה צ.ק פנה רגטה מס' 73 500 גרם,ברילה גי.אי.אר פרטלי ס.פ,IT,פסטה פנה ריגטה ברילה,גרמים,500.00,100 גרם,false,,6.90,0.0138,true,1,1445203
8076802085837,false,ברילה - צ.ק טורטליוני מס83 500 גרם,הנסיך- מפעל לייצור ט,IT,פסטה מספר 83 ברילה 5,גרמים,500.00,100 גרם,false,,6.90,0.0138,true,1,1445204
8076802085981,false,ברילה - צ.ק פוזילי חדש 500 גרם,ברילה גי.אי.אר פרטלי ס.פ,IT,פסטה פוזילי ברילה 50,גרמים,500.00,100 גרם,false,,6.90,0.0138,true,1,1445205
8076808050440,false,פסטה מקרוני מספר 44 ברילה 500 גרם,ברילה Barilla,IT,פסטה מקרוני מספר 44,גרמים,500.00,100 גרם,false,,6.90,0.0138,true,1,1445206
8076808060654,false,פסטה פרפלה מספר 65 ברילה 500 גרם,ברילה גי.אי.אר פרטלי ס.פ,IT,פסטה פרפלה מספר 65 ב,גרמים,500.00,100 גרם,false,,6.90,0.0138,true,1,1445207
8076808070882,false,קנלוני מספר 88 ברילה 250 גרם,פאסטיפיקו ריגו אס.אר,IT,קנלוני מספר 88 ברילה,גרמים,250.00,100 גרם,false,,10.90,0.0436,true,1,1445208
8076808150072,false,ברילה - צ.א ספגטוני מס7 חדש 500 גרם,ברילה גי.אי.אר פרטלי ס.פ,IT,ספגטי מספר 7 ברילה 5,גרמים,500.00,100 גרם,false,,6.90,0.0138,true,1,1445209
8076809512268,false,פסטה גירנדולה טורסדס מספר 34 ברילה 500 גרם,ברילה גי.אי.אר פרטלי ס.פ,IT,פסטה גירנדולה טורסדס,גרמים,500.00,100 גרם,false,,6.90,0.0138,true,1,1445210
8076809513388,false,רוטב לפסטה ארביאטה ברילה 400 גרם,ברילה גי.אי.אר פרטלי ס.פ,IT,רוטב לפסטה ארביאטה ב,גרמים,400.00,100 גרם,false,,14.90,0.0373,true,1,1445211
8076809513395,false,ברילה פומודורו רוטב עגבניות קלאסי 400 גר,ברילה גי.אי.אר פרטלי ס.פ,IT,רוטב לפסטה פומודורו,גרמים,400.00,100 גרם,false,,14.90,0.0373,true,1,1445212
8076809513654,false,בסיס רוטב עגבניות לבולונז ברילה 400 גרם,ברילה גי.אי.אר פרטלי ס.פ,IT,בסיס רוטב עגבניות לב,גרמים,400.00,100 גרם,false,,14.90,0.0373,true,1,1445213
8076809513692,false,רוטב עגבניות נפולטנה בתוספת ירקות,ברילה גי.אי.אר פרטלי ס.פ,IT,רוטב לפסטה נפוליטנה,גרמים,400.00,100 גרם,false,,14.90,0.0373,true,1,1445214
8076809513739,false,ברילה רוטב עגבניות עם בזיליקום 400 גרם,ברילה גי.אי.אר פרטלי ס.פ,IT,רוטב לפסטה בזיליקום,גרמים,400.00,100 גרם,false,,14.90,0.0373,true,1,1445216
8076809523738,false,דפי לזניה ברילה 500 גרם,ברילה גי.אי.אר פרטלי ס.פ,IT,לזניה ברילה 500 גרם,גרמים,500.00,100 גרם,false,,19.90,0.0398,true,1,1445221
8076809529419,false,ספגטי מחיטה מלאה מס' 5 500 ג' ברילה,ברילה גי. אי. אר פרט,IT,ספגטי חיטה מלאה בריל,גרמים,500.00,100 גרם,false,,12.90,0.0258,true,1,1445223
8076809529433,false,פסטה פנה ריגטה חיטה מלאה ברילה 500 גרם,"ש. שסטוביץ בע""\מ",IT,פסטה פנה ריגטה חיטה,גרמים,500.00,100 גרם,false,,12.90,0.0258,true,1,1445224
8076809545440,false,ספגטי 5 ברילה ללא גלוטן 400 גרם,ברילה ג'.אי.אר פרטלי,IT,ברילה איטריות ללא גל,גרמים,400.00,100 גרם,false,,14.90,0.0373,true,1,1445225
8076809545457,false,ברילה אטריות ללא גלוטן 400 ג' צינורות 400 ג',ברילה ג'.אי.אר פרטלי,IT,ברילה צינורות ללא גל,גרמים,400.00,100 גרם,false,,14.90,0.0373,true,1,1445226
8076809545464,false,ברילה פסטה ללא גלוטן צורת ספירלי 400 גר,מולינו אנדריאני אס.א,IT,ברילה ספירלי ללא גלו,גרמים,400.00,100 גרם,false,,14.90,0.0373,true,1,1445227
8076809547956,false,ברילה - צ.ק קיפרי 500 גרם,ברילה ג'.אי.אר פרטלי,IT,ברילה צ.ק קיפרי 500,גרמים,500.00,100 גרם,false,,6.90,0.0138,true,1,1445228
8076809580496,false,פסטה פפירי 450 ג' ברילה,"ש.שסטוביץ בע""\מ",IT,ברילה פפירי 450 גר,גרמים,450.00,100 גרם,false,,11.90,0.0264,true,1,1445231
8121300206946,false,ממתיק סיטיביה טרוביה 80 שקיות אישיות,הרתסייד פוד,US,טרוביה סטיביה ממתיק,יח',1.00,יח',false,,19.90,19.9000,true,1,1455976
8121300208780,false,טרוביה תחליף סוכר לכל מטרה 360 גרם,טרוביה Truvia,US,טרוביה תחליף סוכר 36,גרמים,360.00,100 גרם,false,,34.90,0.0969,true,1,1455979
8374638304055,false,מגהץ קיטור אנכי BT-0,,,מגהץ קיטור אנכי BT-0,יח',1.00,יח',false,,149.90,149.9000,true,1,1465712
8377373138848,false,מסחטת הדרים BENATON BT-3500,,,מסחטת הדרים BENATON,יח',1.00,יח',false,,79.90,79.9000,true,1,1465713
8410076600622,false,חטיפי גרנולה קראנצ'י עם שוקולד מריר נייצ'ר ואלי 210 גרם,ג'נרל מילס סאן אדריאן,ES,חטיפי גרנולה קראנצ'י,גרמים,210.00,100 גרם,false,,14.90,0.0710,true,1,1452088
8410076610379,false,"חטיף בוטנים, חלבון סויה ושוקולד מריר עם ציפוי בטעם שוקולד",סריילטו ספיין פודס,ES,נייטשר ואלי פרוטאין,גרמים,160.00,100 גרם,false,,22.90,0.1431,true,1,1452089
8410076610386,false,נייטשר ואלי פרוטאין בוטנים עם ציפוי בטעם קרמל מלוח 160 ג',ג'\נרל מילס סאן אדריאן S,ES,נייטשר ואלי פרוטאין,גרמים,160.00,100 גרם,false,,22.90,0.1431,true,1,1452090
8410076610492,false,חטיף שיבולת שועל מלאה ובוטנים בציפוי עם חמאת בוטנים,יבואן ומשווק: ש. שסט,GB,חטיף סוויט אנד סולטי,יח',1.00,יח',false,,14.90,14.9000,true,1,1452091
8410076610508,false,"חטיף שיבולת שועל מלאה עם בוטנים, שקדים ושוקולד מריר בציפוי בטעם שוקולד",נייצ'ר ואלי Nature Valley,ES,חטיף סוויט אנד סולטי,יח',1.00,יח',false,,14.90,14.9000,true,1,1452092
8410076621009,false,עוגות אישיות בטעם קרמל עם חתיכות בטעם קרמל מלוח,"גלאטס סירו בע""\מ",PT,פייבר 1 עוגות אישיות,גרמים,120.00,100 גרם,false,,14.90,0.1242,true,1,1452100
8410076621047,false,עוגות אישיות בטעם שוקולד עם חתיכות בטעם שוקולד,"גלאטס סירו בע""\מ",ES,פייבר 1 בראוניז שוקו,גרמים,120.00,100 גרם,false,,14.90,0.1242,true,1,1452101
8410104039134,false,"מנקה ומחדש מדיח כלים פיניש 250 מ""ל",הדקלאים אגודת שיתופי,PL,FINISH MACHINE CLEAN. 12x,מיליליטרים,250.00,"100 מ""ל",false,,14.90,0.0596,true,1,1456522
8410104044916,false,פיניש אבקה למדיח 2.7 לימון,רקיט בנקיזר,PL,Finish powder 2.7,קילוגרמים,2.70,"ק""ג",false,,39.90,14.7778,true,1,1456523
8410104425906,false,שעווה חמה בניחוח יסמין,רקיט בנקיזר צרפת,FR,VEET WARM WAX 250ML (12UN,מיליליטרים,250.00,"100 מ""ל",false,,19.90,0.0796,true,1,1456525
8410104437268,false,מפיג ריח רגיל למדיח פיניש 1 יחידה,רקיט בנקיזר,HU,"FINSH,IT,DEO ODORSTOP*20",יח',1.00,יח',false,,14.90,14.9000,true,1,1456526
8410104511340,false,ויט רצועות שעווה מוכנות לעור יבש 12 יחידות,רקיט בנקיזר צרפת,FR,Veet CWS Dry Skin Missoni,יח',12.00,יח',false,,19.90,1.6583,true,1,1456527
8410128768324,false,ויוה סוי משקה שקדים קרטונית ליטר,קלידאד פסקואל,ES,ויוה סוי שקדים קרטונ,יח',1.00,יח',false,,11.90,11.9000,true,1,1444535
8410128768355,false,ויוה סוי סויה קלאסי קרטונית ליטר,קלידאד פסקואל,ES,ויוה סוי קרטונית 1 ל,יח',1.00,יח',false,,10.90,10.9000,true,1,1444536
8410128783587,false,ויוה סוי שיבולת שועל בריסטה קרטונית,קלידאד פסקואל,ES,ויוה סוי שיבולת שועל,מטרים,1000.00,100 מ'ל,false,,12.90,0.0129,true,1,1485300
8410128785734,false,משקה סויה ויוה סוי בריסטה 1 ליטר.,קלידאד פסקואל,ES,ויוה סוי סויה בריסטה,מטרים,1000.00,100 מ'ל,false,,11.90,0.0119,true,1,1505467
8410342004796,false,שוקולד מריר 85% ללא סוכר טוראס 100ג',צ'יקולטס טוארס,ES,טוראס שוקולד מריר 85,גרמים,100.00,100 גרם,false,,14.90,0.1490,true,1,1466049
8410342004987,false,"טוראס-שוקולד מריר 52% קפה ללת""ס 100 גר",,ES,טוראס שוקולד מריר 52,גרמים,100.00,100 גרם,false,,14.90,0.1490,true,1,1466050
8410342006585,false,"טוראס-שוקולד מריר 72% ללת""ס 75ג 1/12 (530)",,,"שוקולד מריר 72% ללת""",גרמים,75.00,100 גרם,false,,8.90,0.1187,true,1,1466053
8410376009392,false,ביסקויט מחיטה מלאה ללא תוספת סוכר גולון 170 גרם,גאלטס גלון סא,ES,גולון- ביסקוויט חיטה מלאה,גרמים,170.00,100 גרם,false,,9.50,0.0559,true,1,1466057
8410376010701,false,"ביסקוויט ללת""ס גולון גלטה מריה 400 גר",תות תעשיות מזון (201,ES,גולון-ביסקוויט מרי ללא סו,גרמים,400.00,100 גרם,false,,17.90,0.0447,true,1,1466059
8410376014051,false,גולון-קרקר פיק מיניס 350 גר,GULLON,,גולון קרקר פיק עגול,גרמים,350.00,100 גרם,false,,9.90,0.0283,true,1,1510154
8410376017359,false,ביסק.עמילן וקמח תירס200ג,גולון,ES,גולון-עוגיות ללא גלוטן 20,גרמים,200.00,100 גרם,false,,17.90,0.0895,true,1,1466063
8410376023831,false,גולון-ביסקוויט ח.מלאה 400 גר' ללא סוכר 1/15,גולון,ES,גולון-ביסקוויט ח.מלאה 400,גרמים,400.00,100 גרם,false,,15.50,0.0388,true,1,1466065
8410376024326,false,גולון עוגיות מחיטה מלאה בציפוי שוקולד,,,גולון עוגיות שוקו לל,גרמים,270.00,100 גרם,false,,17.90,0.0663,true,1,1466066
8410376029079,false,גולון רונדיטוס ביסקויט ללא תוספת סוכר 186 גר,GULLON,,גולון רונדיטוס ביסקו,גרמים,186.00,100 גרם,false,,15.90,0.0855,true,1,1466068
8410376037784,false,גולון ביסקויט סנדויץ שוקו ללא סוכר 250ג,תות תעשיות מזון (201,ES,גולון-ביסקויט סנדביץ שוקו,גרמים,250.00,100 גרם,false,,13.90,0.0556,true,1,1466072
8410376037883,false,גוליאן עוגיות שוקו צפס ללא גלוטן 130 ג ו,תות תעשיות מזון (201,ES,גולון-שוקו' ציפס ללא סוכר,גרמים,130.00,100 גרם,false,,10.90,0.0838,true,1,1466073
8410376042481,false,גולון ביסקווט קרם יוגורט ללא תוספת סוכר 220 גרם,גלטס גולון,ES,גולון ביסקווט קרם יו,גרמים,220.00,100 גרם,false,,13.90,0.0632,true,1,1466075
8410376044959,false,גולון דיבוס שרקיז ללא גלוטן ולקטוז 250גר,דן נקסט,ES,גולון בסקוויט ללא גל,גרמים,250.00,100 גרם,false,,17.90,0.0716,true,1,1466078
8410376045017,false,גולון קרקרים ללא גלוטן וביצים 200 גרם,,,גולון קרקרים ללא גלו,גרמים,200.00,100 גרם,false,,17.90,0.0895,true,1,1466079
8410376051940,false,גולון קרקר פיק קינואה וצ'יה,גולון,ES,גולון קרקר פיק קינוא,גרמים,250.00,100 גרם,false,,9.90,0.0396,true,1,1466083
8410376052596,false,"גולון לל""ג אוונה תפוז 180 גר",,,"גולון לל""ג אוונה תפו",גרמים,180.00,100 גרם,false,,11.90,0.0661,true,1,1466084
8410376057270,false,גולון-ביסקוויט ללא סוכר עם ש.מריר 150 גר' 1/12,גולון,ES,"גולון טאבלט ללת""ס",גרמים,150.00,100 גרם,false,,17.90,0.1193,true,1,1466088
8410376059380,false,גולון וופל וניל ללא תוספת סוכר 180 גרם,GULLON,ES,"וופל גולון ללת""ס וני",גרמים,180.00,100 גרם,false,,14.90,0.0828,true,1,1466090
8410376059397,false,גולון וופל שוקולד ללא תוספת סוכר 180 גרם,GULLON,ES,"וופל גולון ללת""ס שוק",גרמים,180.00,100 גרם,false,,14.90,0.0828,true,1,1466091
8410376061772,false,גולון ביסקויט ל.גלוטן דגנים שוקוציפס 220,,ES,גולון ללא גלוטן שוקו,גרמים,220.00,100 גרם,false,,16.70,0.0759,true,1,1466092
8410376064063,false,"גולון-שוקו רינג ביסקויט ללת""ס 150 גר",,ES,גולון ללא סוכר שוקו,גרמים,150.00,100 גרם,false,,12.90,0.0860,true,1,1466094
8410376064438,false,"גולון-פינאס ביסקויט שוקו חלב ללת""ס 150ג",,ES,גולון ללא סוכר פיינס,גרמים,150.00,100 גרם,false,,16.70,0.1113,true,1,1466095
8410436218252,false,סאיוס אולאו אינטנס 6-10 בלונד כהה,סאיוס syoss,IL,צבע שיער סאיוס אולאו,יח',1.00,יח',false,,27.90,27.9000,true,1,1444066
8410436227698,false,סאיוס אולאו אינטנס 3-10 חום עמוק,סאיוס syoss,DE,צבע שיער סאיוס אולאו,יח',1.00,יח',false,,27.90,27.9000,true,1,1444069
8410644611210,false,יין קאווה איבריקה לבן חצי יבש Cava Iberica,טמפו ברקן 5%,ES,קאווה איבריקה לבן חצי יבש,מיליליטרים,750.00,"100 מ""ל",false,,29.90,0.0399,true,1,1444540
8410679030062,false,טבלת שוקולד חלב שקד ללא סוכר טראפה 75ג',,ES,"טבלת טראפה ללת""ס חלב",גרמים,75.00,100 גרם,false,,8.90,0.1187,true,1,1466100
8410679030079,false,טבלת שוקולד חלב שקד ללא סוכר טראפה 75ג',,ES,"טבלת טראפה ללת""ס חלב",גרמים,75.00,100 גרם,false,,8.90,0.1187,true,1,1466101
8410679234514,false,"טבלת טו ללת""ס מהודר מריר כשלפ",,,"טבלת טו ללת""ס מהודר",גרמים,80.00,100 גרם,false,,14.90,0.1863,true,1,1466107
8411037800037,false,מר בראוני שוקו ציפס 200 גר,,,מר בראוני שוקו ציפס,גרמים,200.00,100 גרם,false,,9.90,0.0495,true,1,1461254
8411037884402,false,מר בראוני שוקו ציפס סוכריות 200 גר,,,מר בראוני שוקו ציפס,גרמים,200.00,100 גרם,false,,9.90,0.0495,true,1,1461255
8411037892315,false,מר בראוני שוקולד קוקוס 200 גר,,,מר בראוני שוקולד קוק,גרמים,200.00,100 גרם,false,,9.90,0.0495,true,1,1461257
8412300801072,false,"קרם רב שימושי ניוואה 400 מ""ל",ביירסדורץ,DE,ניוואה קרם רב שימושי,מיליליטרים,400.00,"100 מ""ל",false,,27.90,0.0697,true,1,1468789
8412497473540,false,קערה עם קש-ספיידרמן,,,קערה עם קש-ספיידרמן,יח',1.00,יח',false,,6.00,6.0000,true,1,1453140
8420639100018,false,בועות סבון מיקי (דיס,יושלם,,בועות סבון מיקי (דיס,יח',1.00,יח',false,,1.50,1.5000,true,1,1453141
8420708012822,false,"גבינת קשקבל ספרדי, 200 גרם",מיוצר עי קונדיטוריית,ES,קשקבל בשלה 200 גר,גרמים,200.00,100 גרם,false,,21.80,0.1090,true,1,1474130
8420708018817,false,גבינת מנצ'גו בשלה 150 גרם,האי נאם סי או אל.טי.,ES,מנצ'גו בשלה 150 גר,גרמים,150.00,100 גרם,false,,24.70,0.1647,true,1,1474131
8420822130600,false,"ספריי סופר מסיר שומנים 750מ""ל יעקבי",קה לורדה,ES,סופר מסיר שומנים 750,מטרים,750.00,100 מ'ל,false,,15.90,0.0212,true,1,1450629
8420822130624,false,"ספריי סופר מסיר כתמים 750מ""ל יעקבי",קה לורדה,ES,סופר מסיר כתמים 750מ,מטרים,750.00,100 מ'ל,false,,15.90,0.0212,true,1,1450630
8423207206488,false,סלים דליס חטיף דגנים מצופה שוקולד חלב מרבה 6*20 גרם,אף.סי תבליני בגליל ב,ES,סלים דליס חטיף דגנים,גרמים,120.00,100 גרם,false,,10.80,0.0900,true,1,1445232
8423207206495,false,סלים דליס חטיף דגנים מצופה שוקולד מריר מרבה 6*20 גרם,אף.סי תבליני בגליל ב,ES,סלים דליס חטיף דגנים,גרמים,120.00,100 גרם,false,,10.80,0.0900,true,1,1445233
8423207206501,false,סלים דליס חטיף דגנים עם שוקולד חלב מרבה 6*13 גרם,סלים דליס Slim Delis,ES,סלים דליס חטיף דגנים,גרמים,13.00,100 גרם,false,,10.80,0.8308,true,1,1445234
8423207207362,false,חטיפי סלים דליס שוקולד לבן מרבה 6 יחידות,ביסנצ'ורי אס.אל.יו,ES,מרבה סלים דליס מצופה,גרמים,120.00,100 גרם,false,,10.80,0.0900,true,1,1445235
8423207208260,false,מרבה סלים דליס 125 ג' ללא גלוטן שוקולד חלב,ביסנצ'ורי אס.אל.יו,ES,מרבה סלים דליס ללא ג,גרמים,78.00,100 גרם,false,,10.80,0.1385,true,1,1445236
8423207208697,false,חטיפי סלים דליס לילדים שוקולד לבן מרבה 6 יחידות,ביסנצ'ורי אס.אל.יו,ES,סלים דליס לילדים שוק,גרמים,78.00,100 גרם,false,,10.80,0.1385,true,1,1445238
8423207208703,false,חטיפי סלים דליס שוקולד מריר מרבה 6 יחידות,ביסנצ'ורי אס.אל.יו,ES,סלים דליס שוקולד מרי,גרמים,120.00,100 גרם,false,,10.80,0.0900,true,1,1445239
8423207208871,false,פריכיות תירס בטעם טבעי סלים דליס 130 גרם,סלים דליס Slim Delis,ES,פריכיות תירס בטעם טב,גרמים,130.00,100 גרם,false,,8.90,0.0685,true,1,1442916
8423207208888,false,פריכיות תירס בטעם עגבניות ועשבי תיבול סלים דליס 123 ג',סלים דליס Slim Delis,ES,פריכיות תירס עגבניות,גרמים,123.00,100 גרם,false,,8.90,0.0724,true,1,1442917
8423207208895,false,פריכיות תירס בטעם זיתים ועירית סלים דליס 123 ג',סלים דליס Slim Delis,ES,פריכיות תירס בטעם זי,גרמים,123.00,100 גרם,false,,8.90,0.0724,true,1,1442918
8423207210928,false,חטיף דגנים מצופה שוקולד חלב ואגוזי לוז - 5 במארז,נוטרישן אנד סנטה קוב,ES,סלים דליס טופינג אגו,יח',1.00,יח',false,,10.80,10.8000,true,1,1445243
8423207210942,false,חטיף דגנים מצופה שוקולד לבן ופירות יער,נוטרישן אנד סנטה קוב,ES,סלים דליס טופינג פיר,יח',1.00,יח',false,,10.80,10.8000,true,1,1445244
8423207210966,false,חטיף רב דגנים מצופה שוקולד לבן קוקוס ולימון,נוטרישן אנד סנטה קוב,ES,סלים דליס טופינג קוק,יח',1.00,יח',false,,10.80,10.8000,true,1,1445245
8423207210980,false,סלים דליס טופינג קליפת תפוז 90 גרם,נוטרישן אנד סנטה קוב,ES,סלים דליס טופינג קלי,יח',1.00,יח',false,,10.90,10.9000,true,1,1445246
8425206000081,false,ריבת חלב מרדל 450 גרם,כלורוקס אוקלנד,ES,ריבת חלב מרדל,גרמים,450.00,100 גרם,false,,16.90,0.0376,true,1,1442920
8435495805106,false,"ביומט אבקת כביסה בניחוח רענן 5ק""ג",ליימן מותגים,DE,אבקת כביסה ביומט 5 ק,קילוגרמים,5.00,"ק""ג",false,,29.90,5.9800,true,1,1452108
8435495805168,false,"תינוקלין לכביסה לעור רגיש אולימפיק 1.25ק""ג",מולינו ניקולי s.p.a,PL,אבקת כביסה תינוקלין,קילוגרמים,1.25,"ק""ג",false,,21.90,17.5200,true,1,1452109
8435495805199,false,"אבקת כביסה תינוקלין שקית 3 ק""ג.",מולינו ניקולי s.p.a,TR,אבקת כביסה תינוקלין,קילוגרמים,3.00,"ק""ג",false,,39.90,13.3000,true,1,1452110
8435495807605,false,תינוקלין מרכך כביסה היפואלרגני מרוכז 1 ליטר,מולינו ניקולי s.p.a,TR,תינוקלין מרכך כביסה,יח',1.00,יח',false,,17.70,17.7000,true,1,1452113
8445290341655,false,פנסי פיסט פטה עוף 85 גרם,נסטלה פורינה USA ג',US,פנסי פטה עוף 85 גרם,יחידה,0.00,יחידה,false,,5.90,0.0000,true,1,1477704
8445290427120,false,דגני פיטנס Fitness שוקולד מריר ובננה,נסטלה צרפת איטנקורט,FR,פיטנס שוקולד מריר וב,גרמים,330.00,100 גרם,false,,19.90,0.0603,true,1,1487907
8541224140407,false,פלטה שבת 4 סירים BENATON BT-4040 400W,,,פלטה שבת 4 סירים BEN,יח',1.00,יח',false,,129.90,129.9000,true,1,1465741
8541224160603,false,פלטת שבת 6 סירים BENATON BT-6060,,,פלטת שבת 6 סירים BEN,יח',1.00,יח',false,,149.90,149.9000,true,1,1465742
8593868000050,false,"סטארופרמן פרימיום בהיר 500 מ""ל פחית",סטארופרמן,CZ,בירה סטארופרמן פרימי,100 יח',500.00,100 יח',false,,8.90,0.0178,true,1,1450302
8593868006014,false,בירה בלו מון פחית 50,"איי, בי, אינבוו",CZ,"פחית בלומון 500 מ""ל",מיליליטרים,500.00,"100 מ""ל",false,,10.90,0.0218,true,1,1452755
8594404001418,false,"בירה קוזל כהה בקבוק חוזר 500 מ""ל",פילזנסקי,CZ,קוזל בירה כהה צכיה 5,מיליליטרים,500.00,"100 מ""ל",false,,8.50,0.0170,true,1,1450306
8594404110110,false,בירה פילסנר אוראקוול 500 מל,Plznsky,IT,פילזנר אורקוול בק' 5,מיליליטרים,500.00,"100 מ""ל",false,,10.90,0.0218,true,1,1450310
8594404115115,false,בירה פילזנר אורקוול פחית 500 מל,פילזן,CZ,פילזנר אורקוול פחית,מיליליטרים,500.00,"100 מ""ל",false,,8.90,0.0178,true,1,1450311
8680530572660,false,"רייבר מי סודה 200 מ""ל מארז 6 יח'",,,מי סודה 200מל שישייה,יח',1.00,יח',false,,10.90,10.9000,true,1,1477748
8680861069013,false,מסטיק קנגו בטעמים 24 גר',רומגה אינדוסטרי,TR,קנגו מסטיק בטעמים 24,גרמים,24.00,100 גרם,false,,1.30,0.0542,true,1,1452315
8681554607437,false,"סבון ידיים רויאל (500מ""ל) פנינה לבן",,,סבון ידיים רויאל (50,מיליליטרים,500.00,"100 מ""ל",false,,9.90,0.0198,true,1,1468433
8681554607444,false,"סבון ידיים רויאל (500מ""ל) פנינה שחור",,,סבון ידיים רויאל (50,מיליליטרים,500.00,"100 מ""ל",false,,9.90,0.0198,true,1,1468434
8681554607468,false,סבון ידיים רויאל כחול,,,סבון ידיים רויאל כחו,מיליליטרים,500.00,"100 מ""ל",false,,9.90,0.0198,true,1,1468436
8681554607475,false,סבון ידיים רויאל ירוק,,,סבון ידיים רויאל ירו,מיליליטרים,500.00,"100 מ""ל",false,,9.90,0.0198,true,1,1468437
8681554607482,false,סבון ידיים רויאל אדום,,,סבון ידיים רויאל אדו,מיליליטרים,500.00,"100 מ""ל",false,,9.90,0.0198,true,1,1468438
8681554614220,false,"סבון ידיים רויאל (500מ""ל) פנינה בורדו",,,סבון ידיים רויאל (50,מיליליטרים,500.00,"100 מ""ל",false,,9.90,0.0198,true,1,1468444
8683130025581,false,"מרכך כביסה מרוכז אקסטרה ענבר בדין 960 מ""ל",יבוא ושיווק: יוניליוור י,TR,בדין אקסטרא ענבר 960,מטרים,960.00,100 מ'ל,false,,15.90,0.0166,true,1,1476911
8683323063024,false,יוגטה שטיחים בטעם תותי פרוטי 220 גרם,ליימן מותגים,TR,יוגטה שטיחים תותי פר,גרמים,220.00,100 גרם,false,,5.90,0.0268,true,1,1452118
8690504081913,false,מקוויטיס טינס מצופה שוקולד חלב 150 גרם,שוורצקוף& הנקל דיסלד,TR,טינס מצופה שוקולד חל,גרמים,150.00,100 גרם,false,,9.90,0.0660,true,1,1451359
8690504081920,false,מקוויטיס טינס מצופה שוקולד מריר 150 גרם,"אולקר ביסקווי סנאי, א.ס.",TR,טינס מצופה שוקולד מר,גרמים,150.00,100 גרם,false,,9.90,0.0660,true,1,1451360
8690504153740,false,גודייבה שוקולד מריר במילוי קרם גנאש 86 גרם,ביסקוט ביסקווי סילבר,TR,טבלת שוקולד מריר גנא,גרמים,86.00,100 גרם,false,,13.90,0.1616,true,1,1451362
8690504153849,false,גודייבה שוקולד חלב במילוי קרם בטעם פרלין אגוזים 83 גרם,"אולקר מקבוצת פלאדיס,",TR,טבלת שוקולד חלב ואגו,גרמים,86.00,100 גרם,false,,13.90,0.1616,true,1,1451364
8690572778326,false,פה ד.ספרי אנטיפרספינט 200 מל 1/12,שוורצקופף והנקל,DE,דאו פה ספריי 200 צך,מיליליטרים,200.00,"100 מ""ל",false,,9.90,0.0495,true,1,1444073
8690572799505,false,סאיוס מרכך לחיזוק שורשי סיב השערה 500 מל,"הובי קוסמטיק, אנקרה, תור",TR,סאיוס מרכך לחיזוק שו,מיליליטרים,500.00,"100 מ""ל",false,,11.90,0.0238,true,1,1444093
8690572799512,false,"מרכך לחיזוק שורשי סיב השערה סאיוס 500מ""ל","הובי קוסמטיק, אנקרה, תור",TR,סאיוס מרכך תלתלים 50,מיליליטרים,500.00,"100 מ""ל",false,,11.90,0.0238,true,1,1444094
8690572799536,false,"סאיוס שמפו שמני הזנה 500 מ""ל","הובי קוסמטיק, אנקרה, תור",TR,סאיוס שמפו אולאו 500,מיליליטרים,500.00,"100 מ""ל",false,,11.90,0.0238,true,1,1444096
8690572799543,false,סאיוס שמפו לחיזוק שורשי סיב השערה 500 מל,"הובי קוסמטיק, אנקרה, תור",TR,סאיוס שמפו לחיזוק הש,מיליליטרים,500.00,"100 מ""ל",false,,11.90,0.0238,true,1,1444097
8690637503856,false,ממרח הלמנס כ- 40% פחות שומן לעומת מיונז,אפפילד איסטנבול ייצור מז,TR,הלמנס ממרח לחיץ לייט,גרמים,355.00,100 גרם,false,,15.00,0.0423,true,1,1448135
8690637504426,false,"קרם ניקוי סיף בניחוח לימון 500 מ""ל",יוניליוור סנאיי וי טיקאר,TR,פנטסטיק סיף קרם ניקו,מטרים,500.00,100 מ'ל,false,,10.90,0.0218,true,1,1448136
8690637505607,false,מרכך כביסה מרוכז בדין אקסטרה בניחוח פינוק כחול,יוניליוור סנאיי וי טיקאר,TR,בדין אקסטרא בניחוח פ,מטרים,960.00,100 מ'ל,false,,15.90,0.0166,true,1,1448137
8690637505614,false,"מרכך כביסה בדין אקסטרה פינוק קוקוס 960 מ""ל",יוניליוור סנאיי וי טיקאר,TR,בדין אקסטרא בניחוח פ,מטרים,960.00,100 מ'ל,false,,15.90,0.0166,true,1,1448138
8690637555084,false,"מרכך כביסה מרוכז אקסטרה פריחת התפוז בדין 960 מ""ל",יוניליוור סנאיי וי טיקאר,TR,בדין אקסטרא מרוכז תפ,מיליליטרים,960.00,"100 מ""ל",false,,15.90,0.0166,true,1,1448139
8690637688195,false,"תה ירוק קלאסי ליפטון 20 יחידות בד""צ",יונילוור - תורכיה,TR,ליפטון תה ירוק קלאסי,גרמים,30.00,100 גרם,false,,16.90,0.5633,true,1,1448142
8690637704277,false,"שמפו ומרכך לשיער רגיל 600 מ""ל דאב",יונילוור - תורכיה,TR,דאב שמפו יום יומי 2,מיליליטרים,600.00,"100 מ""ל",false,,16.90,0.0282,true,1,1448143
8690637704291,false,שמפו לשיקום אינטנסיבי לשיער פגום,יוניליוור טורקיה. אז,TR,"דאב שמפו משקם 600 מ""",מיליליטרים,600.00,"100 מ""ל",false,,16.90,0.0282,true,1,1448144
8690637704376,false,"שמפו לטיפוח יום יומי דאב 600 מ""ל",יוניליוור סנאיי וי טיקאר,TR,דאב שמפו יום יומי 60,מיליליטרים,600.00,"100 מ""ל",false,,16.90,0.0282,true,1,1448145
8690637704413,false,מרכך לשיקום אינטנסיבי לשיער פגום,יוניליוור טורקיה. אז,TR,"דאב מרכך משקם 600 מ""",מיליליטרים,600.00,"100 מ""ל",false,,16.90,0.0282,true,1,1448147
8690637704437,false,שמפו עם שמני הזנה לטיפוח לשיער יבש,יוניליוור סנאיי וי טיקאר,TR,דאב שמפו שמני הזנה 6,מיליליטרים,600.00,"100 מ""ל",false,,16.90,0.0282,true,1,1448148
8690637704451,false,מרכך עם שמני הזנה לטיפוח לשיער יבש,יוניליוור טורקיה. אז,TR,דאב מרכך שמני הזנה 6,מיליליטרים,600.00,"100 מ""ל",false,,16.90,0.0282,true,1,1448149
8690637799594,false,תה ירוק ליפטון נענע בסגנון מרוקאי 20יח',בסן בסין סנאיי וי טי,TR,ליפטון תה ירוק נענע,יח',1.00,יח',false,,16.90,16.9000,true,1,1448152
8690637835643,false,"תה ירוק לימונית ולאויזה 30 גרם ""ליפטון""",יונילוור - תורכיה,TR,ליפטון תה ירוק לימונ,יח',1.00,יח',false,,16.90,16.9000,true,1,1448153
8690637842399,false,מאגדת מגנום מיני דאבל פרי יער שוקולד 6 יח' נסטלה,יוניליוור סנאי וי סי,TR,מיני מגנום דאבל פירו,גרמים,47.00,100 גרם,false,,24.90,0.5298,true,1,1453693
8690637871245,false,הלמנס מיונז אמיתי 395 גר' בקבוק לחיץ.,"בסטפוד - 3P ארה""ב Fo",TR,הלמנס מיונז אמיתי לח,גרמים,385.00,100 גרם,false,,15.00,0.0390,true,1,1448164
8690637890666,false,מאגדת מגנום מיני דאבל פיסטוק 6 יח' שטראוס,יוניליוור סנאיי וי ט,TR,מגנום דאבל פיסטוק מא,גרמים,282.00,100 גרם,false,,24.90,0.0883,true,1,1453695
8690637946301,false,"בדין - מרכך כביסה אקסטרא בייביי כחול 960 מ""ל",יוניליוור סנאיי וי טיקאר,TR,בדין אקסטרה בייבי כח,מיליליטרים,960.00,"100 מ""ל",false,,15.90,0.0166,true,1,1448171
8690637946318,false,"מרכך כביסה בדין מרוכז אקסטרה בייבי טלק 960 מ""ל",יוניליוור סנאיי וי טיקאר,TR,בדין אקסטרא צהוב ביי,יח',1.00,יח',false,,15.90,15.9000,true,1,1448172
8690637971310,false,"מרכך כביסה מרוכז אקסטרה בניחוח יערת הדבש בדין 960 מ""ל",יוניליוור סנאיי וי טיקאר,TR,בדין אקסטרה ניחוח יע,יח',1.00,יח',false,,15.90,15.9000,true,1,1448173
8690637976995,false,"מרכך כביסה מרוכז אקסטרה ורוד סחלבים פראי בדין 960 מ""ל",יוניליוור סנאיי וי טיקאר,TR,בדין אקסטרה ורוד ניח,יח',1.00,יח',false,,15.90,15.9000,true,1,1448176
8690637989612,false,שלגון שמנת בטעם וניל עם ריפל בטעם שוקולד 246 גרם,יונילוור סנאיי וי טיג'\,TR,מגנום מיני דולצ'ה גו,גרמים,282.00,100 גרם,false,,24.90,0.0883,true,1,1453697
8690637994029,false,מרכך כביסה אקסטרה בניחוח סחלבים פראי,יוניליוור סנאיי וי טיקאר,TR,בדין אקסטרה כחול ניח,ליטרים,1.44,ליטר,false,,21.90,15.2083,true,1,1448178
8690710009428,false,חלבה וניל 200 גר',,,חלווה 200 גר,גרמים,250.00,100 גרם,false,,8.90,0.0356,true,1,1473426
8690710009435,false,חלבה קקאו 200 גרם,,,חלבה שוקו 200 גר,גרמים,200.00,100 גרם,false,,8.90,0.0445,true,1,1473427
8690710137428,false,לוקום מעורב 250 גרם,,,רחת לוקום 250 גר,גרמים,250.00,100 גרם,false,,14.90,0.0596,true,1,1473429
8690710138630,false,פיסטוק -אגוז לוקום 125 גרם,,,רחת לוקום פיסטוקים 1,גרמים,125.00,100 גרם,false,,8.90,0.0712,true,1,1473433
8690710138685,false,מיקס חלקומים מקומחים 125 גר,,,מיקס חלקומים מקומחים,גרמים,125.00,100 גרם,false,,8.90,0.0712,true,1,1473437
8690766156367,false,גודייבה שוקולד חלב מעולה 90 גרם,"אולקר מקבוצת פלאדיס,",TR,גודייבה שוקולד חלב מ,גרמים,90.00,100 גרם,false,,14.90,0.1656,true,1,1451367
8690766156374,false,גודייבה שוקולד מריר מעולה 72% מוצקי קקאו 72גרם,"אולקר מקבוצת פלאדיס,",TR,גודייבה שוקולד מריר,גרמים,90.00,100 גרם,false,,14.90,0.1656,true,1,1451368
8690766156381,false,גודייבה שוקולד מריר 90% מוצקי קקאו 90 גרם,"אולקר מקבוצת פלאדיס,",TR,גודייבה שוקולד מריר,גרמים,90.00,100 גרם,false,,14.90,0.1656,true,1,1451369
8690766156404,false,שוקולד מריר מעולה גודייבה תפוז אדום 90 גרם,גודייבה,TR,גודייבה שוקולד מריר,גרמים,90.00,100 גרם,false,,15.90,0.1767,true,1,1451371
8690777203012,false,פלפלים ירוקים כבושים לא חריפים סרה ויליפוד 600 גרם,יוליניבר,TR,פלפלים ירוקים כבושים,גרמים,600.00,100 גרם,false,,12.90,0.0215,true,1,1451109
8690777204071,false,פלפלים כבושים חריפים סרה 320 גרם,יוליניבר,TR,פלפלים כבושים חריפים,גרמים,320.00,100 גרם,false,,12.90,0.0403,true,1,1451110
8690777206051,false,חציל קלוי על האש סרה ויליפוד 650 גרם,קוראהן פזלרמה וי דיס,TR,חציל קלוי על האש סרה,גרמים,650.00,100 גרם,false,,12.90,0.0198,true,1,1451111
8690777221405,false,פלפל אדום קלוי סרה ויליפוד 650 גרם,קוראהן פזלרמה וי דיס,TR,פלפלים אדומים קלויים,גרמים,400.00,100 גרם,false,,12.90,0.0323,true,1,1451112
8690784516440,false,דאק נוזל לניקוי מתקדם בניחוח לבנדה בודד 750מל,"אס.סי.ג'\ונסון מידרכט, ה",NL,דאק ג'ל נוזל לבנדר-ח,מיליליטרים,750.00,"100 מ""ל",false,,8.90,0.0119,true,1,1458082
8690784614665,false,סבון דאק לניקוי אסלה בניחוח ים נתלה,דאופלור אס.פי.אי כונ,PL,דאק סבון ניקוי אסלה,יח',1.00,יח',false,,8.90,8.9000,true,1,1458085
8690784711777,false,דאק סבון אקטיבי בתוספת אקונומיקה מקציפה בניחוח ים,דאופלור אס.פי.אי כונ,PL,דאק סבון ניקוי אסלה,יח',1.00,יח',false,,6.90,6.9000,true,1,1458088
8692255778838,false,משקפי ראיה מעוצבות,,,משקפי ראיה מעוצבות,יח',1.00,יח',false,,12.90,12.9000,true,1,1476564
8693323099107,false,מרשמלו לבבות בטעם תות ווניל,ליימן שליסל,TR,יוגטה מרשמלו לבבות 1,גרמים,150.00,100 גרם,false,,6.80,0.0453,true,1,1452122
8693374263564,false,אורז לבן ארוך בסמטי הר הכרמל,"יאילה בע""מ",TR,אורז לבן ארוך בסמטי,קילוגרמים,1.00,"ק""ג",false,,6.90,6.9000,true,1,1473816
8693374264042,false,"אורז בסמטי 5 ק""ג",,,"אורז בסמטי 5 ק""ג",קילוגרמים,5.00,"10 ק""ג",false,,29.90,5.9800,true,1,1473818
8693495037853,false,זוג מברשות שיניים קולגייט סלים סופט זהב,הנסיך- מפעל לייצור ט,CN,מברשת שיניים סלים סו,2 יח',1.00,2 יח',false,,19.90,19.9000,true,1,1445247
8693495041461,false,קולגייט זוג מברשות שיניים סלים סופט פחם,הנסיך- מפעל לייצור ט,CN,מברשת קולגייט סלים ס,2 יח',1.00,2 יח',false,,19.90,19.9000,true,1,1445250
8693495051002,false,קולגייט מברשת שיניים מיניונים 6+ לילדים,קולגייט פלמוליב,CN,קולגייט מברשת ילדים,יח',1.00,יח',false,,9.90,9.9000,true,1,1445253
8693495052931,false,זוג מברשות שיניים אדוונסט 360 לניקוי כל חלל הפה,קולגייט פלמוליב,CN,קולגייט זוג מברשות 3,יח',1.00,יח',false,,29.80,29.8000,true,1,1445258
8694686405857,false,מיטו מזון לחתול 1 קג,,TR,מיטו מזון לחתול 1 קג,יח',1.00,יח',false,,19.90,19.9000,true,1,1470225
8694686406083,false,בונאסיבו גורים עוף 2 קג,קאגאטאי,TR,בונאסיבו גורים עוף 2,גרמים,2000.00,100 גרם,false,,49.90,0.0249,true,1,1470226
8696486406416,false,"מיצ'ו חתולים 3 ק""ג",נסטלה פורינה USA מק,US,מיצ'ו חתולים 3קג,יח',1.00,יח',false,,69.90,69.9000,true,1,1470230
8697418261431,false,"רייבר מים 500 מ""ל מארז 12 יח' טורקי",,IL,מים מינרלים טבעיים 5,יח',1.00,יח',false,,12.90,12.9000,true,1,1517903
8697826469092,false,טורטיה קטנה שקדיה 540 גרם 12 יחידות,דין שיווק,TR,טורטיות קטנה 8 יח 54,גרמים,540.00,100 גרם,false,,9.90,0.0183,true,1,1473538
8697924596508,false,חיתולים בייבי סופרים ניו בייבי רמילוי,,,חיתולים בייבי סופרים,יח',1.00,יח',false,,19.90,19.9000,true,1,1471250
8698782712567,false,"מגב חד להב 45 ס""מ יח",,IL,מגב חד להב,יח',1.00,יח',false,,19.90,19.9000,true,1,1476112
8698996003413,false,מגבות נייר 9ב1 רמילוי,,,מגבות נייר 9ב1 רמילו,יח',1.00,יח',false,,13.90,13.9000,true,1,1524119
8698996006483,false,ממחטות אף דו שכבתיות רמילוי,,,ממחטות אף דו שכבתיות,יח',1.00,יח',false,,18.90,18.9000,true,1,1464406
8699250030404,false,"זיתים שחורים יבשים במלח 1.5 ק""ג",מסטוי גידה איבס,TR,זית שחור יבש 1.5 קג,גרמים,1500.00,100 גרם,false,,29.90,0.0199,true,1,1518080
8710447320662,false,דאודורנט ספריי בניחוח אפרסק ולימון ללא אלומיניום,"פרמול איטליה, קומון",GB,דאב ספריי אפרסק 150,מיליליטרים,150.00,"100 מ""ל",false,,14.90,0.0993,true,1,1448193
8710502064814,false,עוגיות מרבה שוקולד ציפס במרקם רך 175 גר,בנקטבקריי מרבה בי.וי,NL,עוגיית שוקולד ציפס ב,גרמים,175.00,100 גרם,false,,9.80,0.0560,true,1,1445262
8710502139017,false,עוגיות טריפל שוקולד צ'יפס מרבה 180 גרם,בנקטבקריי מרבה בי.וי,NL,עוגיות טריפל שוקולד,גרמים,180.00,100 גרם,false,,9.80,0.0544,true,1,1445264
8710502231018,false,מרבה עוגיות מיני שוקולד צ'יפס 175 גרם,"מרבה בע""\מ",NL,עוגיות מרבה מיני שוק,גרמים,175.00,100 גרם,false,,9.80,0.0560,true,1,1445267
8710502279010,false,מרבה עוגיות שוקולד ציפס מצופות שוקולד 175 גרם - רבנות,"י.מרבה ישראל בע""מ",NL,מרבה עוגיות שוקולד צ,גרמים,175.00,100 גרם,false,,9.80,0.0560,true,1,1445269
8710502285509,false,מרבה - עוגיות לימון ושוקולד צ'יפס במרקם רך 175 גרם,בנקטבקריי מרבה בי.וי,NL,מרבה עוגיות לימון וש,גרמים,175.00,100 גרם,false,,9.80,0.0560,true,1,1445270
8710502405204,false,עוגיות שוקולד צ'יפס עם קרם שוקולד מרבה 175 גרם,קריניציה ויטמינה אס,NL,עוגיות שוקולד צ'יפס,גרמים,175.00,100 גרם,false,,9.80,0.0560,true,1,1445271
8710502470028,false,עוגיות שוקולד צ'יפס ממולאות בקרם נוגט,קריניציה ויטמינה אס,NL,עוגיות נוגטלי מרבה 1,גרמים,160.00,100 גרם,false,,9.80,0.0613,true,1,1445272
8710552274614,false,שמפו קצף לנ.שטיחים וניש קליה גולד 600 מל,קליה וניש Kalia Vanish,GB,וניש קליה גולד לשטיח,מיליליטרים,600.00,"100 מ""ל",false,,22.90,0.0382,true,1,1456528
8710800027573,false,סוכריות מיני בטעם פירות מנטוס 178 גרם,פרפטי ואן מלה ברדה,NL,סוכריות מיני בטעם פי,גרמים,178.00,100 גרם,false,,12.30,0.0691,true,1,1452123
8710800961310,false,סוכריות בטעם תות מנטוס 4*375 גרם,פרפטי ואן מלה ברדה,NL,סוכריות בטעם תות מנט,גרמים,150.00,100 גרם,false,,10.70,0.0713,true,1,1452124
8710847942679,false,טרזמה שמפו לשיער יבש בתוספת שמן המפ,יוניליוור,PL,טרזמה שמפו שמן הביסק,מטרים,400.00,100 מ'ל,false,,14.90,0.0373,true,1,1448206
8710847973970,false,"תחליב רחצה דאב אלוורה מי עץ שדר, 750 מ""ל","יוניליוור גרמניה, Gmbh &",DE,דאב תחליב רחצה 750 מ,מיליליטרים,750.00,"100 מ""ל",false,,15.90,0.0212,true,1,1448210
8710908326691,false,"תחליב רחצה פרח האדמונית דאב 750 מ""ל",יוניליוור גרמניה (בו,DE,דאב תחליב רחצה 750 מ,מיליליטרים,750.00,"100 מ""ל",false,,15.90,0.0212,true,1,1448218
8710908404184,false,"דאב דאו ספריי אורגינל 50 מ""ל*-ללא אלומני","פרמול איטליה, קומון",GB,דאב דאו ספריי אורגינ,מטרים,50.00,100 מ'ל,false,,14.90,0.2980,true,1,1448219
8711000360606,false,לור קפסולות קפה אספרסו רוז 7,ג'\ייקובס דאו אגרבטס צרפ,FR,לור קפסולות אספרסו ר,יח',1.00,יח',false,,16.80,16.8000,true,1,1451639
8711000362570,false,קפסולות קפה תואמות נספרסו פורזה 9 ל'אור 10 יחידות,גיקובס דאו אגברטס צר,FR,לור קפסולות קפה אספר,גרמים,52.00,100 גרם,false,,16.80,0.3231,true,1,1451643
8711000362617,false,לור קפסולות קפה אספרסו לונגו פרופונדו 8,ג'\קובס דאו אגברטס צרפת,FR,לור קפסולות קפה אספר,גרמים,52.00,100 גרם,false,,16.80,0.3231,true,1,1451644
8711000362679,false,קפסולות קפה תואמות נספרסו קולומביה 8 ל'אור 10 יחידות,ג'\ייקובס דאו אגרבטס צרפ,FR,לור קפסולות אספרסו ק,יח',1.00,יח',false,,16.80,16.8000,true,1,1451647
8711000362747,false,קפסולות קפה תואמות נספרסו ריסטרטו 11 ל'אור 10 יחידות,גיקובס דאו אגברטס צרפת,FR,לור קפסולות קפה אספר,יח',10.00,יח',false,,16.80,1.6800,true,1,1451649
8711000371176,false,ג'ייקובס קפסולות קפה אספרסו קלאסיקו עוצמה 7,ג'ייקובס דאו אגברטס צרפת,FR,ג'ייקובס קפסולות קפה,גרמים,52.00,100 גרם,false,,14.80,0.2846,true,1,1451650
8711000371183,false,ג'ייקובס קפסולות קפה אספרסו אינטסו עוצמה 10,ג'ייקובס דאו אגברטס צרפת,FR,ג'ייקובס קפסולות קפה,גרמים,52.00,100 גרם,false,,14.80,0.2846,true,1,1451651
8711000371206,false,ג'ייקובס קפסולות קפה אספרסו ריסטרטו עוצמה 12,ג'ייקובס דאו אגברטס צרפת,FR,ג'ייקובס קפסולות קפה,גרמים,52.00,100 גרם,false,,14.80,0.2846,true,1,1451652
8711000371244,false,"ג'ייקובס קפסולות אספרסו (8) 10 יח', 52ג' לונגו",ג'\ייקובס דאו אגברטס,FR,ג'ייקובס קפסולות אספ,יח',1.00,יח',false,,14.80,14.8000,true,1,1451653
8711000397466,false,לור קפסולות קפה אספרסו ריסטרטו נטול קפאין,ג'ייקובס דאו אגברטס צרפת,FR,לור קפסולות אספרסו נ,גרמים,52.00,100 גרם,false,,16.80,0.3231,true,1,1451654
8711000471296,false,קפסולות קפה תואמות נספרסו אולטימו 13 ל'אור 10 יחידות,ג'\ייקובס דאו אגרבטס צרפ,FR,לור קפסולות אספרסו א,יח',1.00,יח',false,,16.80,16.8000,true,1,1451656
8711000472040,false,קפסולות קפה אספרסו סלקשיין גייקובס 52 גר,ג'ייקובס Jacobs,FR,ג'ייקובס קפסולות קפה,גרמים,52.00,100 גרם,false,,14.80,0.2846,true,1,1451657
8711327475618,false,מגנום פיינט וניל קלאסיק 440X8מל,"מפעל גלידות בווספרם, רחו",HU,מגנום פיינט וניל קלא,גרמים,325.00,100 גרם,false,,19.90,0.0612,true,1,1453699
8711327475663,false,מגנום פיינט וניל שוקולד לבן 260 גרם,"מפעל גלידות בווספרם, רחו",HU,מגנום פיינט וניל שוק,גרמים,325.00,100 גרם,false,,19.90,0.0612,true,1,1453700
8711327475717,false,מגנום פיינט וניל שקדים 260 גרם,"מפעל גלידות בווספרם, רחו",HU,מגנום פיינט וניל שקד,גרמים,325.00,100 גרם,false,,19.90,0.0612,true,1,1453701
8711327475762,false,מגנום פיינט שוקולד לבן עוגיות 260 גרם,"מפעל גלידות בווספרם, רחו",HU,מגנום פיינט שוקולד ל,גרמים,325.00,100 גרם,false,,19.90,0.0612,true,1,1453702
8712000051099,false,"שישיית בירה היינקן 0% אלכוהל בקבוק 330 מ""ל","מבשלת היינקן, ריטבלדנברג",NL,היינקן מארז שישייה 0,ליטרים,1.98,ליטר,false,,29.90,15.1010,true,1,1444541
8712400802499,false,תרכובת מזון המשך לפעוטות על בסיס חלב שלב 1,נוטרישיה קאלק ב. ו.,NL,נוטרילון 1- 800 גרם,גרמים,800.00,100 גרם,false,,59.90,0.0749,true,1,1451660
8712400802512,false,תרכובת מזון המשך לפעוטות על בסיס חלב שלב 2,נוטרישיה קאלק ב. ו.,NL,נוטרילון 2- 800 גרם,גרמים,800.00,100 גרם,false,,59.90,0.0749,true,1,1451661
8712400802536,false,תרכובת מזון המשך לפעוטות על בסיס חלב שלב 3,נוטרישיה קאלק ב. ו.,NL,נוטרילון 3- 800 גרם,גרמים,800.00,100 גרם,false,,59.90,0.0749,true,1,1451662
8712561594608,false,"דאב תחליב רחיצה להזנה עמוקה 750 מ""ל","יוניליוור גרמניה, Gmbh &",DE,דאב תחליב רחצה 750 מ,מיליליטרים,750.00,"100 מ""ל",false,,15.90,0.0212,true,1,1448233
8712561611411,false,"תחליב רחצה בניחוח מלפפון ותה ירוק דאב 750 מ""ל","יוניליוור גרמניה, Gmbh &",DE,דאב תחליב רחצה 750 מ,מיליליטרים,750.00,"100 מ""ל",false,,15.90,0.0212,true,1,1448234
8712561626286,false,"תחליב רחצה דאב זוהר כמשי, 750 מ""ל",יוניליוור גרמניה (בו,DE,דאב תחליב רחצה 750 מ,מיליליטרים,750.00,"100 מ""ל",false,,15.90,0.0212,true,1,1448235
8712561631570,false,"תחליב רחצה קוקוס ויסמין דאב 750 מ""ל",יוניליוור גרמניה (בו,DE,דאב תחליב רחצה 750 מ,מיליליטרים,750.00,"100 מ""ל",false,,15.90,0.0212,true,1,1448236
8713626001741,false,גוזמניה הופ,,,גוזמניה הופ,יחידה,0.00,יחידה,false,,59.90,0.0000,true,1,1506770
8713626061004,false,יקינטון ע.12,,,יקינטון ע.12,יחידה,0.00,יחידה,false,,29.90,0.0000,true,1,1521128
8713626061028,false,דרצנה גולדן,,,דרצנה גולדן,יחידה,0.00,יחידה,false,,25.90,0.0000,true,1,1506797
8713626061080,false,סחלב פלנופסיס,,,סחלב פלנופסיס,יח',1.00,יח',false,,59.90,59.9000,true,1,1506798
8714599410806,false,ג'ייקובס קרוננג מיובש בהקפאה 160 גרם סגירה חוזרת,ג'ייקובס Jacobs,RU,גייקובס קרוננג שקית,יח',1.00,יח',false,,17.90,17.9000,true,1,1451668
8714599412336,false,קפה נמס בריסטה אמריקנו קלוי וטחון 160 ג' ג'ייקובס,ג'\ייקובס דאו אגברטס רוס,RU,גייקובס בריסטה אמריק,גרמים,160.00,100 גרם,false,,26.90,0.1681,true,1,1451670
8714599513781,false,"קפה נמס מיובש בהקפאה זהב צנצנת ג'ייקובס 200 גרם לל""ס",אל.אל. סי ג''יקובס דאו א,RU,ג'יקובס קרנט זהב 200 גרם,גרמים,200.00,100 גרם,false,,24.90,0.1245,true,1,1451671
8714599513835,false,גי'קובס קרונונג נייט אנד דיי - נטול קופיאין,ג'ייקובס Jacobs,DE,ג'יקובס קרוננג נייט אנד ד,גרמים,200.00,100 גרם,false,,32.90,0.1645,true,1,1451672
8714599513866,false,"קפה נמס מיובש בהקפאה קרונג צנצנת ג'ייקובס 200 גרם לל""ס",אל.אל.סי גייקובס דאו,DE,ג'יקובס קרונונג 200 גרם,גרמים,200.00,100 גרם,false,,24.90,0.1245,true,1,1451673
8714789177229,false,רבעיית מברשות שיניים קולגייט אקסטרה קלין 1 יחידה,הנסיך- מפעל לייצור ט,CN,מברשת שיניים אקסטרה,יח',4.00,יח',false,,9.90,2.4750,true,1,1445273
8714789402918,false,נוזל לניקוי כללי ורצפות בניחוח פרחי בר אג'קס 1.5 ליטר,הנסיך- מפעל לייצור ט,GR,נוזל לניקוי כללי ורצ,ליטרים,1.50,ליטר,false,,19.90,13.2667,true,1,1445277
8714789402970,false,נוזל לניקוי כללי ורצפות בניחוח פרחי אביב אגק'ס 1.5 ליטר,הנסיך- מפעל לייצור ט,GR,נוזל לניקוי כללי ורצ,ליטרים,1.50,ליטר,false,,19.90,13.2667,true,1,1445279
8714789450315,false,פלמוליב נוזל כלים לימון 1.5 ליטר,הנסיך- מפעל לייצור ט,GR,פלמוליב שקוף לימון 1,ליטרים,1.50,ליטר,false,,15.90,10.6000,true,1,1445280
8714789529561,false,"משחת שיניים סנסטיב פרו ריליף להלבנה קולגייט 75 מ""ל",קולגייט-פלמוליב,BR,משחת שיניים סנסטיב פ,מטרים,75.00,100 מ'ל,false,,17.90,0.2387,true,1,1445281
8714789582764,false,אג'קס ספריי לניקוי חלונות ומשטחים,הנסיך- מפעל לייצור ט,GR,"אגקס טריגרם 750 מ""ל",מיליליטרים,750.00,"100 מ""ל",false,,14.90,0.0199,true,1,1445282
8714789740058,false,מברשת שיניים טוויסטר סופט קולגייט 2 יחידות,הנסיך- מפעל לייצור ט,CN,מברשת שיניים טוויסטר,יח',2.00,יח',false,,17.90,8.9500,true,1,1445283
8714789797786,false,"פלמוליב נוזל לניקוי כלים גריז בלסטר 750 מ""ל",יבואן ומשווק: ש. שסט,GR,פלמוליב נוזל לניקוי,מיליליטרים,750.00,"100 מ""ל",false,,11.90,0.0159,true,1,1445284
8714789831275,false,מברשת שיניים 360 אופטיק ווייט קולגייט 2 יחידות,קולגייט-פלמוליב,CN,מברשת שיניים 360 אופ,יח',2.00,יח',false,,24.90,12.4500,true,1,1445285
8714789834467,false,פלמוליב נוזל לניקוי כלים קלאסי 1.5 ליטר,קולגייט-פלמוליב,GR,פלמוליב נוזל לניקוי,ליטרים,1.50,ליטר,false,,15.90,10.6000,true,1,1445286
8714789930848,false,"משחת שיניים אופטיק וייט הלבנה מיידית קולגייט 75 מ""ל",הנסיך- מפעל לייצור ט,PL,משחת שיניים אופטיק ו,מטרים,75.00,100 מ'ל,false,,14.90,0.1987,true,1,1445288
8715300238306,false,פריקו חמאה ללא מלח 200 גרם,פריזלנד קמפינה,NL,פריקו חמאה ללא מלח 2,גרמים,200.00,100 גרם,false,,12.70,0.0635,true,1,1496549
8715700110158,false,היינץ ממרח במרקם קרמי צנצנת 490 גרם,ה.י.היינץ הולדינג בי.וי,NL,ממרח לייט היינץ 490,גרמים,490.00,100 גרם,false,,9.90,0.0202,true,1,1451680
8715700117805,false,"קטשופ היינץ מתבל עגבניות ללא תוספת סוכר ומלח 425 מ""ל","ה.י היינץ הולדינג בי.וי,",NL,היינץ מתבל עגבניות ל,גרמים,425.00,100 גרם,false,,9.90,0.0233,true,1,1451683
8715700419718,false,מתבל עגבניות היינץ 910 גרם,ה.י. היינץ,NL,קטשופ היינץ 910 גרם,גרמים,910.00,100 גרם,false,,11.90,0.0131,true,1,1451686
8715700422473,false,ממרח לכריכים וסלטים ללא ח. משמרים היינץ 395 גרם,ה.י. היינץ,NL,ממרח ספריד היינץ 395,גרמים,100.00,100 גרם,false,,14.90,0.1490,true,1,1451689
8715700423906,false,היינץ מתבל עגבניות מופחת סוכר ומלח 50/50 550 גרם,היינץ צפון אמריקה מק,NL,היינץ מתבל עגבניות 5,גרמים,555.00,100 גרם,false,,9.90,0.0178,true,1,1451690
8717163628812,false,מסכה טרזמה ללא סולפטים להחלקה ולצביעה300,"יוניליוור פולין, רחוב קר",PL,טרזמה מסכה להחלקה וצ,מיליליטרים,300.00,"100 מ""ל",false,,29.90,0.0997,true,1,1448242
8717163655764,false,"רקסונה - דאודורנט ספריי לאישה שוואר פרש 150 מ""ל","קוסטר אירוסול, גבזה 4140",GB,רקסונה דאודורנט ספרי,מיליליטרים,150.00,"100 מ""ל",false,,9.90,0.0660,true,1,1448261
8717163655825,false,"רקסונה דאו' ספריי לנשים בניחוח כותנה, 150 מ""ל","קוסטר אירוסול, גבזה 4140",GB,רקסונה דאודורנט ספרי,מיליליטרים,150.00,"100 מ""ל",false,,9.90,0.0660,true,1,1448262
8717163663493,false,"רקסונה - דאודורנט ספריי לגבר קובלט דריי 150 מ""ל","יוניליוור אנגליה, דרך קו",GB,רקסונה דאו ספריי לגב,מיליליטרים,150.00,"100 מ""ל",false,,9.90,0.0660,true,1,1448264
8717163714850,false,"דאו דאב ספריי קוקוס ויסמין 150 מ""ל","קוסטר אירוסול, גבזה 4140",GB,דאב ספריי קוקוס 150,מטרים,150.00,100 מ'ל,false,,14.90,0.0993,true,1,1448275
8717677336593,false,טוניס שוקולד חלב 180 גרם רבנות - נוכרי,טוניס/שוקולונלי,NL,שוקולד טוניס שוקולונ,גרמים,180.00,100 גרם,false,,17.90,0.0994,true,1,1452125
8717677336616,false,שוקולד מריר עם שקדים ומלח טוניס' שוקולונלי 180 גרם,טוניס/שוקולונלי,NL,שוקולד טוניס שוקולונ,גרמים,180.00,100 גרם,false,,17.90,0.0994,true,1,1452126
8717677336630,false,שוקולד חלב עם שקדים ודבש טוניס' שוקולונלי 180 גרם,טוניס/שוקולונלי,NL,שוקולד טוניס שוקולונ,גרמים,180.00,100 גרם,false,,17.90,0.0994,true,1,1452127
8717677336654,false,טוניס - שוקולד חלב מעולה עם שברי קרמל מלוח,טוניס/שוקולונלי,NL,טוניס שוקולד חלב+שבר,גרמים,180.00,100 גרם,false,,17.90,0.0994,true,1,1487339
8717677338436,false,שוקולד חלב עם אגוזי לוז טוניס' שוקולונלי 180 גרם,טוניס/שוקולונלי,NL,שוקולד טוניס שוקולונ,גרמים,180.00,100 גרם,false,,17.90,0.0994,true,1,1452129
8718114734484,false,מיונז מאילי 320 גר צ,יונילבר צרפת,FR,מיונז מיילי 320 גרם,גרמים,320.00,100 גרם,false,,12.90,0.0403,true,1,1474132
8718692610835,false,שלישית בקבוקי סודה סטרים פיוז 1 ליטר,סודה סטרים,IL,שלישיית בקבוקים 1לי,יח',1.00,יח',false,,49.00,49.0000,true,1,1450867
8718951001596,false,"ספריי ניקוי לאמבטיה 600 מ""ל ""א'גקס""",הנסיך- מפעל לייצור ט,GR,אג'קס ספריי אמבטיה 6,מיליליטרים,600.00,"100 מ""ל",false,,11.90,0.0198,true,1,1445290
8718951030206,false,"קולגייט סנסיטיב פרוטקשן משחת שיניים לשיניים רגישות 75 מ""ל",קולגייט-פלמוליב,PL,קולגייט סנסיטיב מולט,יח',1.00,יח',false,,17.90,17.9000,true,1,1445293
8718951044913,false,מרידול משחת שיניים להלבנה 75 מל,קולגייט פלמוליב,PL,מרידול משחת שיניים 7,מטרים,75.00,100 מ'ל,false,,21.90,0.2920,true,1,1445294
8718951093331,false,מרידול זוג מברשות שיניים אקסטרה סופט,קולגייט פלמוליב,CH,מרידול זוג מברשות שי,יח',2.00,יח',false,,34.90,17.4500,true,1,1445299
8718951144064,false,מרידול מברשת שיניים פרודונט אקספרט זוג,"ש. שסטוביץ בע""\מ",CH,מרידול מברשת שיניים,100 יח',1.00,100 יח',false,,34.90,34.9000,true,1,1445303
8718951159808,false,מברשות שיניים 360 מדיום- מארז שלישייה,קולגייט-פלמוליב,CN,קולגייט מברשת 360 של,יח',3.00,יח',false,,24.90,8.3000,true,1,1445305
8718951166288,false,"משחת שיניים קולגייט מקס וייט 125 מ""ל",הנסיך- מפעל לייצור ט,PL,קולגייט משחת מקס ויי,מיליליטרים,125.00,"100 מ""ל",false,,17.90,0.1432,true,1,1445307
8718951166561,false,משחת שיניים לרעננות מוגברת max fresh cooling crystals,הנסיך- מפעל לייצור ט,PL,קולגייט משחת מקס פרש,מיליליטרים,125.00,"100 מ""ל",false,,17.90,0.1432,true,1,1445308
8718951167094,false,נוזל כלים פלמוליב צילינדר תפוז וליים 1 ל,יבואן ומשווק: ש. שסט,GR,פלמוליב צילינדר תפוז,ליטרים,1.00,ליטר,false,,13.90,13.9000,true,1,1445309
8718951170445,false,"קולגייט סמיילס משחת שיניים ילדים גילאי 2-5 50 מ""ל",קולגייט פלמוליב,PL,קולגייט סמיילס לילדי,מטרים,50.00,100 מ'ל,false,,11.90,0.2380,true,1,1445310
8718951175280,false,"קולגייט טוטאל משחת שיניים פרו ויזבל אקשן עם קצף פעיל 75 מ""ל",קולגייט Colgate,PL,קולגייט טוטאל פרו מש,יח',1.00,יח',false,,16.80,16.8000,true,1,1445311
8718951236790,false,"קולגייט טוטאל משחת שיניים קלין מינט לפה בריא 100 מ""ל",קולגייט פלמוליב,PL,קולגייט טוטאל משחת ש,מטרים,100.00,100 מ'ל,false,,16.80,0.1680,true,1,1445323
8718951236806,false,"קולגייט טוטאל הלבנה משחת שיניים המסייעת בהסרת כתמים 100 מ""ל",קולגייט Colgate,PL,קולגייט טוטאל הלבנה,מטרים,100.00,100 מ'ל,false,,16.80,0.1680,true,1,1445324
8718951236813,false,"קולגייט טוטאל משחת שיניים ניקוי מתקדם לפה בריא יותר 100 מ""ל",קולגייט פלמוליב,PL,קולגייט טוטאל משחת ש,יח',1.00,יח',false,,16.80,16.8000,true,1,1445325
8718951264618,false,"קולגייט אופטיק וייט פחם צ'רקול משחת שיניים, 75 מ""ל",קולגייט-פלמוליב,PL,קולגייט אופטיק וייט,יח',1.00,יח',false,,24.90,24.9000,true,1,1445332
8718951286733,false,"קולגייט אופטיק וייט לסטינג וייט משחת שיניים 75 מ""ל",קולגייט Colgate,PL,קולגייט אופטיק וייט,מטרים,75.00,100 מ'ל,false,,24.90,0.3320,true,1,1445336
8718951289833,false,פלמוליב סבון מוצק רביעייה לומינוס 360 ג,קולגייט פלמוליב,TR,פלמוליב סבון מוצק לו,גרמים,400.00,100 גרם,false,,16.90,0.0422,true,1,1445338
8718951313927,false,"סבון ידיים משאבה פלמוליב חימר טונוס 300 מ""ל",פלמוליב Palmolive,TR,פלמוליב סבון ידיים ח,מיליליטרים,300.00,"100 מ""ל",false,,10.90,0.0363,true,1,1445345
8718951314023,false,פלמוליב נטורלס תחליב רחצה אפרסק 750 מל,קולגייט פלמוליב,TR,פלמוליב נטורל תחליב,מיליליטרים,750.00,"100 מ""ל",false,,19.90,0.0265,true,1,1445347
8718951315303,false,"קולגייט אדומה משחת שיניים להגנה מפני עששת 2*100 מ""ל",קולגייט-פלמוליב,PL,משחה קולגייט אדומה ז,מיליליטרים,200.00,"100 מ""ל",false,,19.90,0.0995,true,1,1445348
8718951320093,false,זוג מברשות 360 אדוונס וויט שיניים קולגייט,קולגייט-פלמוליב,CN,מברשת קולגייט 360 אד,יח',1.00,יח',false,,24.90,24.9000,true,1,1445350
8718951345119,false,נוזל לניקוי רצפות וכללי היביסקוס 2 ליטר,הנסיך- מפעל לייצור ט,GR,אגקס ניקוי כללי עוצמ,ליטרים,1.00,ליטר,false,,22.90,22.9000,true,1,1445366
8718951350137,false,"פלמוליב תחליב רחצה מקדמיה וקקאו עם חמאת שיאה 750 מ""ל",קולגייט פלמוליב,IT,פלמוליב נטורלס תחליב,מטרים,750.00,100 מ'ל,false,,16.90,0.0225,true,1,1516037
8718951354807,false,נוזל רצפות אגקס חגיגת הפרחים יסמין 1.5 ל,קולגייט פלמוליב,GR,אג'קס חגיגת הפרחים י,ליטרים,1.50,ליטר,false,,19.90,13.2667,true,1,1445368
8718951366015,false,"קולגייט - משחת שיניים אופטיק וויט אקס קומפ 75 מ""ל",CP-Poland swidnica,PL,קולגייט אופטיק וויט,מטרים,75.00,100 מ'ל,false,,49.90,0.6653,true,1,1509024
8718951377998,false,קולגייט סופט פואם זוג מברשות שיניים לניק,קולגייט פלמוליב,CN,קולגייט מברשת סופטנס,יח',1.00,יח',false,,29.90,29.9000,true,1,1445372
8718951381292,false,"משחת שיניים מקס דיטוקס פואם קולגייט 125 מ""ל",קולגייט Colgate,PL,קולגייט משחת מקס דיט,מיליליטרים,125.00,"100 מ""ל",false,,17.90,0.1432,true,1,1445373
8718951382664,false,"פלמוליב ג'ל רחצה חימר ואקליפטוס 750 מ""ל",קולגייט פלמוליב,TR,פלמוליב ג'ל רחצה חימ,מיליליטרים,750.00,"100 מ""ל",false,,19.90,0.0265,true,1,1445375
8718951382718,false,"פלמוליב ג'ל רחצה חימר התחדשות 750 מ""ל",קולגייט פלמוליב,TR,פלמוליב ג'ל רחצה חימ,מיליליטרים,750.00,"100 מ""ל",false,,19.90,0.0265,true,1,1445376
8718951382787,false,"משחת שיניים אופטיק וויט חימר ומינרלים 75 מ""ל קולגייט",קולגייט Colgate,PL,קולגייט משחת אופטיק,מטרים,75.00,100 מ'ל,false,,24.90,0.3320,true,1,1445377
8718951385290,false,נוזל לניקוי כללי ורצפות אג'קס 2 ליטר,קולגייט פלמוליב,GR,נוזל לניקוי כללי ורצ,ליטרים,2.00,ליטר,false,,19.90,9.9500,true,1,1445378
8718951391314,false,"מרסס אגקס טריגר אנטי בקטריאלי 500 מ""ל",קולגייט-פלמוליב,GR,אג'קס טריגר אנטי בקט,מיליליטרים,500.00,"100 מ""ל",false,,9.90,0.0198,true,1,1478710
8718951400474,false,"תחליב רחצה קמליה ושקדים ללא משאבה750 מ""ל פלמולי",קולגייט פלמוליב,TR,פלמוליב נטורלס תחליב,מטרים,750.00,100 מ'ל,false,,19.90,0.0265,true,1,1476777
8718951400597,false,"תחליב רחצה קוקוס וחלב ללא משאבה750 מ""ל פלמוליב",קולגייט פלמוליב,TR,פלמוליב תחליב רחצה 7,מטרים,750.00,100 מ'ל,false,,19.90,0.0265,true,1,1476778
8718951409798,false,זוג מברשות שיניים מקס וויט פחם קולגייט,הנסיך- מפעל לייצור ט,PL,קולגייט מברשת מקס וו,גרמים,2.00,100 גרם,false,,24.90,12.4500,true,1,1445381
8718951423558,false,"פלמוליב סבון רחצה גוף ונשמה קמומיל 750 מ""ל",שסטוביץ,TR,פלמוליב סבון רחצה גו,מטרים,750.00,100 מ'ל,false,,19.90,0.0265,true,1,1445383
8718951431614,false,"סבון רחצה פלמוליב סו פירם מינרלים משאבה 750 מ""ל",קולגייט פלמוליב,TR,פלמוליב סבון רחצה סו,מטרים,750.00,100 מ'ל,false,,19.90,0.0265,true,1,1445387
8718951433120,false,קולגייט טוטאל משחת שיניים לילדים לגילאי,קולגייט פלמוליב,PL,קולגייט טוטאל משחת ש,מטרים,50.00,100 מ'ל,false,,15.90,0.3180,true,1,1485656
8718951446564,false,"סבון נוזלי מומנטס עץ אלגום ולבנדר 500 מ""ל פלמוליב",שסטוביץ,TR,פלמוליב מומנטס עץ אל,מטרים,500.00,100 מ'ל,false,,15.90,0.0318,true,1,1445389
8718951446588,false,"סבון נוזלי מומנטס סחלב ופטל 500 מ""ל פלמוליב",שסטוביץ,TR,פלמוליב מומנטס סחלב,מטרים,500.00,100 מ'ל,false,,15.90,0.0318,true,1,1445390
8718951477384,false,"קולגייט משחת שיניים טוטאל ג'ל מתקדם פיור 75 מ""ל",קולגייט פלמוליב,PL,קולגייט משחת שיניים,מטרים,75.00,100 מ'ל,false,,19.90,0.2653,true,1,1445394
8718951509627,false,"קולגייט אופטיק וייט לאוהבי קפה ותה משחת שיניים 75 מ""ל",קולגייט פלמוליב,PL,קולגייט אופטיק וויט,יח',1.00,יח',false,,29.90,29.9000,true,1,1445395
8719128110325,false,"סירופ סודה סטרים לימונדה 500 מ""ל",סודה סטרים,IL,סירופ לימונדה 500 מל,מיליליטרים,500.00,"100 מ""ל",false,,22.90,0.0458,true,1,1450872
8719128110387,false,סירופ סודה סטרים דיאט אשכולית אדומה 0.5ל,סודה סטרים,IL,סירופ דיאט אשכולית א,מיליליטרים,500.00,"100 מ""ל",false,,22.90,0.0458,true,1,1450876
8719128117232,false,"סירופ פפסי 440 מ""ל סודהסטרים",סודה סטרים,IL,סירופ פפסי,מיליליטרים,440.00,"100 מ""ל",false,,22.90,0.0520,true,1,1450879
8719128117249,false,"סירופ פפסי מקס 440 מ""ל סודהסטרים",סודה סטרים,IL,סירופ פפסי מקס,מיליליטרים,440.00,"100 מ""ל",false,,22.90,0.0520,true,1,1450880
8719128117294,false,"סירופ דייט סבן אפ 440 מ""ל סודהסטרים",סודה סטרים,IL,סירופ סבן אפ דיאט,מיליליטרים,440.00,"100 מ""ל",false,,22.90,0.0520,true,1,1450883
8719128118734,false,סודה סטרים - מילוי מיכל גז CQC עד 60 ליטר,,,מילוי מיכל גז עד 60,יחידה,0.00,יחידה,false,,59.90,0.0000,true,1,1476984
8719200997998,false,מרגרינה למריחה בישול וטיגון 200 ג' בלו בנד,אתר חיפה מרגרינה - F,IL,מרגרינה בלובנד עם מל,גרמים,200.00,100 גרם,false,,4.50,0.0225,true,1,1451692
8719200998001,false,מרגרינה לאפיה ובישול בלי מלח 200 ג' בלו בנד,יוניליוור ישראל מזון בע\,IL,מרגרינה ללא תוספת מל,גרמים,200.00,100 גרם,false,,4.30,0.0215,true,1,1451693
8719200998018,false,מחמאה מרגרינה בטעם חמאה בלובנד 200 גרם,"מיוצר ע""\י יוניליוור ישר",IL,מרגרינה מחמאה 200 גר,גרמים,200.00,100 גרם,false,,4.30,0.0215,true,1,1451694
8719200998049,false,"מרגרינה מזולה גלורי רגיל 250גר 8 יחידות -כשל""פ","מיוצר ע""\י יוניליוור ישר",IL,מרגרינה מזולה גלורי,גרמים,250.00,100 גרם,false,,9.00,0.0360,true,1,1451696
8719200998094,false,"מרגרינה מזולה לאפיה ללא תוספת מלח 200גר - 40 יח' -כשל""פ","מיוצר ע""\י יוניליוור ישר",IL,מרגרינה מזולה לאפיה,גרמים,200.00,100 גרם,false,,6.50,0.0325,true,1,1451697
8719326440347,false,ניצנית,,,ניצנית,יחידה,0.00,יחידה,false,,25.90,0.0000,true,1,1506822
8720181046605,false,דאב - דאודורנט ספריי לאישה אורגינל כחול 150מל,"יוניליוור אנגליה, דרך קו",TR,דאב ספריי אוריגינל ל,מיליליטרים,150.00,"100 מ""ל",false,,14.90,0.0993,true,1,1448289
8720181046612,false,"דאב - דאודורנט רול און לאישה אורגינל 50 מ""ל","יוניליוור אנגליה, דרך קו",GB,דאב רולאון נשים אורג,מטרים,50.00,100 מ'ל,false,,14.90,0.2980,true,1,1448290
8720181090202,false,"תחליב רחצה דאב עם שמן זית, 750 מ""ל","יוניליוור גרמניה, Gmbh &",DE,דאב תחליב רחצה שמן ז,מיליליטרים,750.00,"100 מ""ל",false,,15.90,0.0212,true,1,1448292
8720181090219,false,תחליב רחצה רימונים ותמצית פרח היביסקוס,"יוניליוור גרמניה, Gmbh &",DE,דאב תחליב רימונים  7,מיליליטרים,750.00,"100 מ""ל",false,,15.90,0.0212,true,1,1448293
8723400756552,false,מארז סוכריות מנטוס Mentos ריינבואו,פרפטי ואן מלה ברדה,NL,מנטוס ריינבואו 1/4,גרמים,150.00,100 גרם,false,,10.70,0.0713,true,1,1452130
8801055707966,false,קפה טייסטר צו'יס נס קפה בריסטה 180ג',נסטלה קוריאה - קפה,KR,טסטר צ'ויס בריסטה 18,גרמים,180.00,100 גרם,false,,29.90,0.1661,true,1,1447204
8801055709458,false,אבקה להכנת משקה קפה בטעם קפוצ'ינו קרמל,נסטלה קוריאה - קפה,KR,נסקפה קפוצינו קרמל 1,גרמים,170.00,100 גרם,false,,17.90,0.1053,true,1,1447209
8801055709465,false,אבקה להכנת משקה קפה בטעם קפוצ'ינו וניל,נסטלה קוריאה - קפה,KR,נסקפה קפוצינו וניל 1,גרמים,185.00,100 גרם,false,,17.90,0.0968,true,1,1447210
8801055709472,false,נסטלה - נסקפה קפוצ'ינו קלאסי 12.50 גרם * 10,נסטלה קוריאה - קפה,KR,נסקפה קפוצ'ינו קלאסי,גרמים,125.00,100 גרם,false,,18.70,0.1496,true,1,1447211
8801055709489,false,אבקה להכנת משקה קפה בטעם קפוצ'ינו אגוזים,נסטלה קוריאה - קפה,IL,נסקפה קפוצינו אגוזים,גרמים,180.00,100 גרם,false,,17.90,0.0994,true,1,1447212
8801055709526,false,אבקה להכנת משקה קפה בטעם קפוצ'ינו שוקולד לבן,נסטלה קוריאה - קפה,KR,נסקפה קפוצ'ינו שוקול,גרמים,180.00,100 גרם,false,,17.90,0.0994,true,1,1447213
8804880400095,false,גומיות מקרופיבר חזק שחור,,,גומיות מקרופיבר חזק,יח',1.00,יח',false,,8.30,8.3000,true,1,1464421
8804880400217,false,גומיות סט עגולים צבעונים,,,גומיות סט עגולים צבע,יח',1.00,יח',false,,8.30,8.3000,true,1,1464433
8804880400279,false,גומיות סיליקון זורח,,,גומיות סיליקון זורח,יח',1.00,יח',false,,7.90,7.9000,true,1,1464439
8804880400323,false,קליפס פרחים יוקרתי,,,קליפס פרחים יוקרתי,יח',1.00,יח',false,,8.30,8.3000,true,1,1464444
8805880588295,false,מברשת ספרים מקצועית,,,מברשת ספרים מקצועית,יח',1.00,יח',false,,16.70,16.7000,true,1,1464501
8805880588301,false,מברשת ספרים מקצועית,,,מברשת ספרים מקצועית,יח',1.00,יח',false,,16.70,16.7000,true,1,1464502
8805880588318,false,מברשת ספרים מקצועית,,,מברשת ספרים מקצועית,קילו,100.00,קילו,false,,16.70,0.1670,true,1,1464503
8805880588325,false,מברשת ספרים מקצועית,,,מברשת ספרים מקצועית,יח',1.00,יח',false,,16.70,16.7000,true,1,1464504
8823888360002,false,מכשיר להכנת ביצים BENATON BT-6030,,,מכשיר להכנת ביצים BE,יח',1.00,יח',false,,89.90,89.9000,true,1,1465834
8832828776001,false,ערכת גילוח לגבר 5IN1 BENATON BT77600,,,ערכת גילוח לגבר 5IN1,יח',1.00,יח',false,,199.90,199.9000,true,1,1465847
8850006932964,false,מארז מברשות שיניים טוויסטר קולגייט חמישייה,קולגייט פלמוליב,VN,מארז מברשת קולגייט ט,יח',1.00,יח',false,,21.90,21.9000,true,1,1445398
8850161161247,false,קוקו מקס 100% מי קוקוס 1 ליטר,טויו סייקאן קו.אל.טי.די,TH,קוקו מקס 100% מי קוק,מטרים,1000.00,100 מ'ל,false,,16.90,0.0169,true,1,1444543
8850161167089,false,קוקו וואי משקה קוקוס 1 ליטר,טויו טייקאן קו.אל.טי.די,TH,קוקו וואי משקה קוקוס,מטרים,1000.00,100 מ'ל,false,,17.90,0.0179,true,1,1444544
8850180040028,false,קמח טמפורה להכנת בלי,קרנחם אוטאי פחרה,TH,טמפורה 500גרם (GOGI),גרמים,500.00,100 גרם,false,,10.70,0.0214,true,1,1454397
8850206250592,false,רוטב צ'ילי סריראצ'ה 540 גרם (מזרח ומערב),יאן וואל יון קו.לטד,TH,רוטב צילי סיראצ'ה 54,גרמים,540.00,100 גרם,false,,19.40,0.0359,true,1,1454398
8850206280049,false,רוטב צ'ילי חריף מיו 250 גרם,יאן וואל יון קו.לטד,TH,רוטב צ'ילי חריף 250,גרמים,250.00,100 גרם,false,,16.70,0.0668,true,1,1454400
8850367990443,false,"רוטב לסלט בסגנון אסייאתי 285 מ""לTCC (כ)ללא גלוטן",c coconut Theppadungporn,TH,רוטב לסלט בסגנון אסי,מיליליטרים,285.00,"100 מ""ל",false,,9.90,0.0347,true,1,1454402
8850367992164,false,קרם קוקוס 250 מל 20-22% ללא חומר משמר,טאפאדונגפורן קוקנט,TH,קרם קוקוס 250 מל -מז,מיליליטרים,250.00,"100 מ""ל",false,,7.90,0.0316,true,1,1454404
8850367992171,false,קרם קוקוס 1 ליטר 20-22% ללא חומר משמר,טאפאדונגפורן קוקינט,TH,קרם קוקוס 1000מל,ליטרים,1.00,ליטר,false,,18.90,18.9000,true,1,1454405
8850367992997,false,"קרם קוקוס ללא גלוטן וחומרי משמר 250 מ""ל",Theppadungporn cocon,TH,"נוזל קוקוס 250 מ""ל 1",מיליליטרים,250.00,"100 מ""ל",false,,6.70,0.0268,true,1,1454408
8850367994786,false,מחית קארי אדומה 50 גרם,טאפאדונגפורן קוקינט,TH,מחית קארי אדומה 50 ג,גרמים,50.00,100 גרם,false,,4.90,0.0980,true,1,1454413
8850367994793,false,מחית קארי צהובה 50 גרם,c coconut Theppadungporn,TH,מחית קארי צהוב 50 גר,גרמים,50.00,100 גרם,false,,4.90,0.0980,true,1,1454414
8850389105825,false,משקה אלוורה בטעם ענבים סאפה 1 ליטר,סאפה פובליק קומפני לימיט,TH,סאפה אלוורה ענבים 1ל,ליטרים,1.00,ליטר,false,,11.90,11.9000,true,1,1444547
8850389105832,false,סאפה משקה אלוורה בטעם תפוח עם קוביות אלוורה 1 ליטר,סאפה פובליק קומפני לימיט,TH,סאפה אלוורה תפוחים 1,ליטרים,1.00,ליטר,false,,11.90,11.9000,true,1,1444548
8850389105849,false,סאפה משקה אלוורה מופחת קלוריות בטעם אפרסק 1 ליטר,סאפה פובליק קומפני לימיט,TH,סאפה אלוורה אפרסק 1ל,ליטרים,1.00,ליטר,false,,11.90,11.9000,true,1,1444549
8850389115336,false,משקה אלוורה בטעם מלון סאפה 1 ליטר,סאפה פובליק קומפני לימיט,TH,סאפה אלוורה מלון 1ל',ליטרים,1.00,ליטר,false,,11.90,11.9000,true,1,1444550
8850632604259,false,"יוגטה, חיספוסים, ממתק חמוץ בצורת מקלות בטעם תות שדה,50 גרם",ג'נרל קנדי בעמ,TH,חמצוצים מקלות בטעם ת,גרמים,50.00,100 גרם,false,,3.50,0.0700,true,1,1452135
8850632604266,false,"יוגטה, ממתק חמוץ בצורת מקלות בטעם קולה, 50 גרם",ג'נרל קנדי בעמ,TH,חמצוצים מקלות בטעם ק,גרמים,50.00,100 גרם,false,,3.50,0.0700,true,1,1452136
8850632604372,false,"יוגטה, חיספוסים בצורת שטיח בטעם תות שדה 50 גרם",ג'נרל קנדי בעמ,TH,חמצוצים שטיח בטעם תו,גרמים,50.00,100 גרם,false,,3.50,0.0700,true,1,1452137
8850632604402,false,יוגטה חיספוסים בטעם מעורב תות שדה אבטיח ענבים בננה 50 גרם,"ג'נרל קנדי בע""מ",TH,חמצוצים שטיח בטעם מע,גרמים,50.00,100 גרם,false,,3.50,0.0700,true,1,1452138
8850632605201,false,"יוגטה, חיספוסים, ממתק חמוץ בצורת שטיח, בטעם מעורב- תות בננה, תפוח, תפוז, 50 גרם",הדקלאים אגודת שיתופי,TH,חמצוצים שטיח בטעם מע,גרמים,50.00,100 גרם,false,,3.50,0.0700,true,1,1452139
8850632606390,false,"יוגטה, חיספוסים, ממתק חמוץ בצורת שטיח בטעם אבטיח, 50 גרם",ג'נרל קנדי בעמ,TH,חספוסים אבטיח,גרמים,50.00,100 גרם,false,,3.50,0.0700,true,1,1452140
8851613101378,false,"נוזל קוקוס ארוי די 250 מ""ל",תאי אגרי פוד פובליק קו'\,TH,"חלב קוקוס 250 מ""ל",מיליליטרים,250.00,"100 מ""ל",false,,9.80,0.0392,true,1,1442925
8851613101385,false,"חלב קוקוס ארוי-די קרטון 500מ""ל",תאי אגרי פוד פובליק קו'\,TH,"חלב קוקוס 500 מ""ל",מיליליטרים,500.00,"100 מ""ל",false,,12.90,0.0258,true,1,1442926
8851613101392,false,נוזלי אגוז קוקוס 1ליטר,רנדי,,חלב קוקוס 100% 1 ל,קילו,100.00,קילו,false,,24.90,0.2490,true,1,1442927
8852633020403,false,פניני טפיוקה 500 גרם (כשר),super j internationa,TH,פניני טפיוקה 500 גרם,גרמים,500.00,100 גרם,false,,11.70,0.0234,true,1,1454416
8857101301008,false,רוטב צילי מתוק וילי 700 מל יצרןמותג: פאן,פאן אינטר,TH,רוטב צ'ילי מתוק 700,מיליליטרים,700.00,"100 מ""ל",false,,9.50,0.0136,true,1,1451113
8858271002870,false,רוטב פאד תאי 250 מ'ל - מקסצ'אפ,"ייאן וואל יון בע""מ",TH,רוטב פאד תאי 250 מ'ל,גרמים,250.00,100 גרם,false,,9.90,0.0396,true,1,1454421
8858271002887,false,רוטב טריאקי 250 מ'ל - מקסצ'אפ,דאנינג יוה פודס קו,TH,רוטב טריאקי 250 מ'ל,גרמים,250.00,100 גרם,false,,9.90,0.0396,true,1,1454422
8858271003020,false,רוטב סויה פורמולה 1 - 700 מ'ל מקסצ'אפ,יאן ונזל יון,TH,רוטב סויה פורמולה 1,גרמים,700.00,100 גרם,false,,14.80,0.0211,true,1,1454423
8858271003068,false,"רוטב סויה מתוקה כהה 250 מ""ל מקסצאפ",מזרח ומערב,,רוטב סויה מתוקה 250,גרמים,250.00,100 גרם,false,,10.90,0.0436,true,1,1454425
8858271003075,false,"רוטב סויה מתוקה מקסצ'אפ 700 מ""ל",דאנינג יוה פודס קו,TH,רוטב סויה מתוקה 700,גרמים,700.00,100 גרם,false,,14.90,0.0213,true,1,1454426
8858271003136,false,רוטב פטריות צמחוני 250 מ'ל - מקסצ'אפ,מזרח ומערב,TH,רוטב פטריות צמחוני 2,גרמים,250.00,100 גרם,false,,9.90,0.0396,true,1,1454427
8858271003174,false,רוטב שזיפים 700 מ'ל-מקסצ'אפ,מזרח ומערב,,רוטב שזיפים 700 מ'ל-,גרמים,700.00,100 גרם,false,,15.90,0.0227,true,1,1454428
8858271003921,false,רוטב קארי אדום 250 מ'ל - מקסצ'אפ,יאן וואל יאן,TH,רוטב קארי אדום 250 מ,גרמים,250.00,100 גרם,false,,9.90,0.0396,true,1,1454429
8858271004126,false,רוטב חמוץ מתוק 700 מ'ל - מקסצ'אפ,יאן ונזל יון,TH,רוטב חמוץ מתוק 700 מ,גרמים,700.00,100 גרם,false,,14.80,0.0211,true,1,1454433
8858271004300,false,רוטב טריאקי 700 מ'ל מקסצ'אפ,דאנינג יוה פודס קו,TH,רוטב טריאקי 700 מ'ל,גרמים,227.00,100 גרם,false,,18.90,0.0833,true,1,1454434
8858271004799,false,"רוטב צילי מתוק אל פורפסיס 700 מ""ל",יאן ונזל יון,TH,רוטב צ'ילי מתוק 700,מיליליטרים,700.00,"100 מ""ל",false,,12.50,0.0179,true,1,1454437
8858271005451,false,"רוטב סויה פורמולה 1 - 250 מ""ל מקסצ'אפ",yan wal yun corpara,TH,רוטב סויה פורמולה 1,מיליליטרים,250.00,"100 מ""ל",false,,9.90,0.0396,true,1,1454438
8858271005499,false,"רוטב ברביקיו 250 מ""ל מקצ'אפ",Yan Wal Yun Corpora,,"רוטב ברביקיו 250 מ""ל",מיליליטרים,250.00,"100 מ""ל",false,,9.90,0.0396,true,1,1454439
8888021200256,false,סוללות אנרג'ייזר AA מקס 8 יחידות,יצרן: אנרג'ייזר סינג,SG,סוללות ENERGIZER 1X8 AA M,יחידה,0.00,יחידה,false,,24.90,0.0000,true,1,1458089
8888021200720,false,סוללות אנרג'ייזר AAA מקס 8 יחידות,יצרן: אנרג'ייזר סינג,SG,סוללות ENERGIZER 1X8 *AAA,יחידה,0.00,יחידה,false,,24.90,0.0000,true,1,1458090
8888757101506,false,100% שמן מזוכך משומשום קלוי,אוך אייק גואן פוד אי,,"שמן שומשום 150 מ""ל",מיליליטרים,150.00,"100 מ""ל",false,,11.10,0.0740,true,1,1442929
8901537024014,false,"אורז בסמטי מובחר 1 ק""ג - דוואט) יורה דיעה",הנסיך- מפעל לייצור ט,IN,אורז בסמטי וילי פוד,גרמים,1000.00,100 גרם,false,,11.90,0.0119,true,1,1451114
8901537076679,false,"אורז בסמטי חום מהדרין ויליפוד 1 ק""ג",האי נאם סי או אל.טי.,IN,אורז בסמטי חום מלא 1,גרמים,1000.00,100 גרם,false,,11.90,0.0119,true,1,1451115
8908015961144,false,אורז הודי בסמטי ארוך 5 קג,,,אורז הודי בסמטי ארוך,קילוגרמים,5.00,"ק""ג",false,,34.90,6.9800,true,1,1507599
8934878081811,false,"דפי אורז 22 ס""מ 400 גר'(Trav) ללא גלוטן",דאנינג יוה פודס קו,VN,"דפי אורז 22 ס""מ 400",גרמים,400.00,100 גרם,false,,11.90,0.0298,true,1,1454449
8938535541366,false,דפי אורז צבעוניים ללא גלוטן 400 גרם,Ltd Company Khang .Chanh,VN,דפי אורז צבעוניים לל,יח',1.00,יח',false,,14.90,14.9000,true,1,1454453
8938544204016,false,אורז יסמין אורנים 1 קג,,,אורז יסמין אורנים 1,קג,1.00,קג,false,,7.90,7.9000,true,1,1509959
8997206332016,false,סוכר קוקוס אורגני 454 גרם אינדונזיה,,,סוכר קוקוס אורגני 45,גרמים,454.00,100 גרם,false,,19.50,0.0430,true,1,1441593
9000100590938,false,"סאיוס - מוס לשיער ליצירת נפח 250 מ""ל",שוורצקוף,DE,סאיוס מוס ווליום ליפ,מיליליטרים,250.00,"100 מ""ל",false,,19.90,0.0796,true,1,1444100
9000101380255,false,פרסיל דיסקס לכביסה ניקיון היגייני 22 יחידות,פרסיל Persil,HU,פרסיל דיסקס ניקיון ה,יח',22.00,יח',false,,34.90,1.5864,true,1,1458678
9000101418163,false,שלישיית סבון אסלה בניחוח מתחלף תפוח ירוק ברף,ברף Bref,RS,ברף בניחוח מתחלף תפו,גרמים,150.00,100 גרם,false,,19.90,0.1327,true,1,1458680
9000101512526,false,פרסיל - פאוור קאפס קפסולות ג'ל מרוכזות לכביסה 26 יח',קריות זול,RS,פרסיל קאפס לכביסה לב,יח',1.00,יח',false,,34.90,34.9000,true,1,1458683
9000101536560,false,פרסיל פאוור קפסולות 70 יח,הנקל סוד,RS,פרסיל פאוור קפסולות,יחידה,0.00,יחידה,false,,69.90,0.0000,true,1,1477252
9000101537550,false,פרסיל קאפסולות לכביסה לבנה וצבעונית 52 יח',הנקל סוד,HU,פרסיל פאוור קאפס 52,יח',1.00,יח',false,,59.90,59.9000,true,1,1458688
9000101548419,false,קולור קאצ`ר דפים למכונת לכביסה מחדש צבע לבן 18 יח',"הנקל סוד בע""\מ",IE,סוד מחדש צבע לבן לכב,יח',1.00,יח',false,,22.90,22.9000,true,1,1458690
9001616202186,false,"בקבוק לתינוק 330 מ""ל 4+ חודשים Easy Active",טרופיקל דגיל תעשיות,AT,"בקבוק לתינוק 330 מ""ל",יח',1.00,יח',false,,32.80,32.8000,true,1,1450387
9001616203367,false,מאם זוג פטמות מס 2 זרימה בינונית,General,AT,פטמה לבקבוק שלב 2 מא,יח',1.00,יח',false,,24.90,24.9000,true,1,1450395
9001616205828,false,מאם מברשת לניקוי בקבוקים ירוק,אלפא,AU,מברשת לניקוי בקבוקים,יח',1.00,יח',false,,32.80,32.8000,true,1,1450398
9001616661099,false,"בקבוק לתינוק 270 מ""ל 2+ חודשים Easy Active",מאם Mam,AT,בקבוק לתינוק שלב 2 מ,יח',1.00,יח',false,,32.80,32.8000,true,1,1450400
9001616680991,false,"בקבוק לתינוק אנטי קוליק מאמ 260 מ""ל",מאם Mam,AT,בקבוק לתינוק אנטי קו,יח',1.00,יח',false,,32.80,32.8000,true,1,1450402
9001616692857,false,מאם בקבוק אימון 220 מל תכלת,General,AT,בקבוק טרינר 220 מל מ,יח',1.00,יח',false,,39.90,39.9000,true,1,1450404
9001616702877,false,זוג מוצצים סיליקון מאמ +16 ורוד,General,HU,זוג מוצצים סיליקון מ,יח',100.00,יח',false,,32.80,0.3280,true,1,1450417
9001616702921,false,מאם בקבוק אנטי קוליק 260 מל לבן,General,HU,בקבוק לתינוק אנטי קו,יח',1.00,יח',false,,32.80,32.8000,true,1,1450418
9001616702990,false,"בקבוק לתינוק מאמ 330 מ""ל",General,HU,בקבוק לתינוק מאמ 330,יח',1.00,יח',false,,32.80,32.8000,true,1,1450423
9001616703010,false,"בקבוק תינוק 330 מ""ל ורוד",General,AT,בקבוק לתינוק מאמ 330,יח',1.00,יח',false,,32.80,32.8000,true,1,1450424
9001616703027,false,בקבוק האכלה לתינוק מ,General,AT,בקבוק לתינוק מאמ 330,יח',1.00,יח',false,,32.80,32.8000,true,1,1450425
9002975393812,false,סוכריות גילי הריבו האפי צירי 70 גרם,"האריבו , ג'\י.אם.בי.אייץ",AT,הריבו האפי צ'רי 70 ג,גרמים,70.00,100 גרם,false,,6.70,0.0957,true,1,1517238
9002975393829,false,סוכריות גילי הריבו פיציס 70 גרם,"האריבו , ג'\י.אם.בי.אייץ",AT,הריבו סוכריות גומי א,גרמים,70.00,100 גרם,false,,6.70,0.0957,true,1,1517239
9002975393836,false,סוכריות גילי הריבו האפי קולה 70 גרם,"האריבו , ג'\י.אם.בי.אייץ",AT,הריבו סוכריות גומי ב,גרמים,70.00,100 גרם,false,,6.70,0.0957,true,1,1449572
9002975393843,false,סוכריות גילי הריבו גולדברס 70 גרם,"האריבו , ג'\י.אם.בי.אייץ",AT,הריבו סוכריות גומי ד,גרמים,70.00,100 גרם,false,,6.70,0.0957,true,1,1449573
9002975393850,false,סוכריות גילי הריבו וורמס 70 גרם,"האריבו , ג'\י.אם.בי.אייץ",AT,הריבו סוכריות וורמס,גרמים,70.00,100 גרם,false,,6.70,0.0957,true,1,1449574
9005835312718,false,"קלרו פירמידה מלח למדיח כלים 1 ק""ג CLARO",יעקובי,AT,קלרו מלח למדיח כלים,יח',1.00,יח',false,,13.90,13.9000,true,1,1450634
9005835312732,false,"קלרו נוזל הברקה למדיח כלים 500 מ""ל CLARO",יעקובי,AT,נוזל הברקה למדיח,יח',1.00,יח',false,,13.90,13.9000,true,1,1450635
9005835313609,false,קלרו טבליות למדיח כלים 15 יחידות CLARO,קלרו,AT,קלרו טבליות למדיח 15,גרמים,300.00,100 גרם,false,,9.90,0.0330,true,1,1450636
9008700128575,false,נקטר פסיפלורה ראוץ' 1 ליטר,ראוך Rauch,AT,נקטר פסיפלורה 1 ליטר,יח',1.00,יח',false,,11.10,11.1000,true,1,1444224
9008700155458,false,נקטר גויאבה 1 ליטר ראוך,ראוך פרוכטסאפטה,AT,נקטר גויאבה 1 ליטר,ליטרים,1.00,ליטר,false,,11.10,11.1000,true,1,1444226
9044400851672,false,סוכריות פז סוגים שונים + 3 מילויים,פז פרודקשיין יורו,HU,סוכריות פז סוגים שונ,יח',1.00,יח',false,,10.70,10.7000,true,1,1456918
9120025834723,false,חטיף אוראו מצונן 120 גרם רבנות,בובארד איטליה אס.פי.,IT,חטיף אוראו מצונן 128,גרמים,128.00,100 גרם,false,,14.50,0.1133,true,1,1490800
9120025839896,false,חטיף מילקה מצונן 128 גרם,בובארד איטליה אס.פי.,IT,חטיף מילקה מצונן 128,גרמים,128.00,100 גרם,false,,14.50,0.1133,true,1,1491245
9120097310583,false,חטיף שוקו בננה מיניונים מצונן 108 גרם,בובארד איטליה אס.פי.,IT,חטיף שוקו בננה מיניו,גרמים,108.00,100 גרם,false,,14.50,0.1343,true,1,1490769
9272345678041,false,מפה עם גומי לשולחן מתקפל 1.80,,,מפה עם גומי לשולחן מ,יחידה,0.00,יחידה,false,,19.90,0.0000,true,1,1501608
9272345678072,false,מצע גמיש רב שימושי,,,מצע גמיש רב שימושי,יחידה,0.00,יחידה,false,,9.90,0.0000,true,1,1501609
9310072028743,false,טים טם ביסקוויט במילוי שוקולד 200 גרם,"ארנוטס ביסקוויטס בע""",AU,טים טם ביסקוויט במיל,גרמים,200.00,100 גרם,false,,19.80,0.0990,true,1,1449575
9310072028750,false,טים טם Tim Tam וופל שוקולד ציפוי כפול,"ארנוטס ביסקוויטס בע""",AU,טים טם ביסקוויט שוקו,גרמים,200.00,100 גרם,false,,19.80,0.0990,true,1,1449576
9322969000015,false,פריכיות תירס בטעם אורגינל ריל פודס 150 ג',אף.סי תבליני בגליל ב,AU,פריכיות תירס - 150ג' בטעם,גרמים,150.00,100 גרם,false,,11.90,0.0793,true,1,1458094
9322969000022,false,"ריל פוד פריכיות תירס עם סויה וזרעי פשתן, ללא גלוטן 150 גרם",אף.סי תבליני בגליל ב,AU,פריכיות תירס - 150ג' עם ס,גרמים,150.00,100 גרם,false,,11.90,0.0793,true,1,1458095
9322969000046,false,פריכיות תירס שומשום אורגני ריל פודס 150 ג',אף.סי תבליני בגליל ב,AU,פריכיות תירס אורגניות - 1,גרמים,150.00,100 גרם,false,,11.90,0.0793,true,1,1458097
9324054906394,false,כלורוקס מגבוני ניקוי אקספרט פלופאק 30 יח,כלורקס,US,מגבוני כלורוקס אקספר,יח',1.00,יח',false,,10.90,10.9000,true,1,1442931
9330344004473,false,סכין גילוח שיק היידרו סילק חד פעמי 2 יח,"אם החיטה בע""מ",CN,שיק היידרו סילק חד פ,יח',1.00,יח',false,,26.90,26.9000,true,1,1445401
9720188050109,false,ממרח על בסיס סויה בסגנון גבינה טופוטי 225 גרם,טופוטי ברנדס אינק.ג',IL,ממרח על בסיס סויה בס,גרמים,225.00,100 גרם,false,,19.90,0.0884,true,1,1441976
9720188060108,false,ממרח על בסיס סויה בסגון שמנת טופוטי 340 גרם,טופוטי ברנדס אינק.ג',IL,ממרח על בסיס סויה בס,גרמים,340.00,100 גרם,false,,18.80,0.0553,true,1,1441977
9770793914006,false,עיתון גירוסלים פוסט יום שישי,,,גרוזלם פוסט יום שישי,יח',1.00,יח',false,,15.90,15.9000,true,1,1462901
9771565025005,false,עיתון מעריב סוף השבוע,,IL,מעריב שישי,יח',1.00,יח',false,,6.00,6.0000,true,1,1462902
9771565051066,false,עיתון ידיעות אחרונות,ידיעות אחרונות,,עיתון ידיעות אחרונות,יח',1.00,יח',false,,12.00,12.0000,true,1,1444567
9780201379693,false,קרוטן ע.14,,,קרוטן ע.14,יחידה,0.00,יחידה,false,,49.90,0.0000,true,1,1521131
