code,internal_code,name,manufacturer_name,manufacture_country,manufacturer_item_description,unit_qty,quantity,unit_of_measure,weighted,qty_in_package,price,unit_of_measure_price,allow_discount,status,item_id
40111216,false,חטיף באונטי 57 גרם,מרס,NL,חטיף באונטי,גרמים,57.00,100 גרם,false,0,3.90,6.84,true,1,
40434230,false,מברשת כלים 105 ק,המברשת רוחמה,IL,מברשת כלים,יחידה,1.00,יחידה,false,0,10.40,10.40,true,1,
40914152,false,גלייד מוצק ניחוח ים 184ג,ג'ונסון,GB,גלייד מטהר אוויר,גרמים,184.00,100 גרם,false,0,8.20,4.46,true,1,
42102021,false,מסטיק אורביט פרופשונל10י,ריגלי,PL,מסטיק אורביט,יחידה,1.00,יחידה,false,0,3.10,3.10,true,1,
42123873,false,אורביט פרופשיונל ספירמיט,ריגלי,PL,מסטיק אורביט,יחידה,1.00,יחידה,false,0,3.10,3.10,true,1,
42149996,false,"בירה בקס בקבוק 275 מ""ל",CO AND BECK,DE,בירה בקס בקבוק,מיליליטרים,275.00,"100 מ""ל",false,1,7.90,2.87,true,1,
42153153,false,ג'ל רחצה אקס שוקולד400מל,יוניליוור,DE,ג'ל רחצה אקס,מיליליטרים,400.00,"100 מ""ל",false,0,10.00,2.50,true,1,
42174479,false,אורביט מעטפה תות 27 גרם,ריגלי,FR,אורביט מעטפה,גרמים,27.00,100 גרם,false,1,5.80,21.48,true,1,
42211877,false,אורביט סטיקס ספירמינט31ג,ריגלי,FR,אורביט סטיקס,גרמים,31.00,100 גרם,false,0,5.70,18.39,true,1,
42236948,false,ניוואה סטרס רול און50מ,ביירסדורץ,IL,דאודורנט ניוואה,מיליליטרים,50.00,"100 מ""ל",false,0,15.00,30.00,true,1,
42246640,false,דאו.ניוואה פאודר טאץ 50מ,ביירסדורץ,IL,דאודורנט ניוואה,מיליליטרים,50.00,"100 מ""ל",false,0,15.00,30.00,true,1,
42247388,false,אורביט בליסטר באבל מינט,ריגלי,PL,אורביט בליסטר,גרמים,14.00,100 גרם,false,0,3.10,22.14,true,1,
42268086,false,אורביט סקיני תות 31 גרם,ריגלי,FR,אורביט סקיני,גרמים,31.00,100 גרם,false,0,5.70,18.39,true,1,
42268253,false,אורביט בליסטר אוכמניות14,ריגלי,PL,אורביט בליסטר,גרמים,14.00,100 גרם,false,0,3.10,22.14,true,1,
42268451,false,אורביט מעטפה וויט לימון,ריגלי,FR,אורביט מעטפה,גרמים,27.00,100 גרם,false,1,5.80,21.48,true,1,
46024817,false,נקסט חפיסה,פיליפ מוריס,,נקסט יח',יחידה,1.00,יחידה,false,0,28.50,28.50,false,1,
46024824,false,נקסט חפיסה,פיליפ מוריס,,נקסט יח',יחידה,1.00,יחידה,false,0,28.50,28.50,false,1,
50204649,false,גלייד מוצק לבנדר 150גרם,ג'ונסון,GB,גלייד מטהר מוצק,גרמים,150.00,100 גרם,false,0,8.20,5.47,true,1,
50204830,false,"אוטן תרסיס 100 מ""ל",ג'ונסון,IL,אוטן תרסיס,מיליליטרים,100.00,"100 מ""ל",false,0,15.90,15.90,true,1,
54051157,false,אלפרו מעדן ט.שוקו125X4גר,אלפרו,BE,מעדן סויה 4יח',גרמים,500.00,100 גרם,false,0,18.90,3.78,true,1,
72917275,false,ופל טורטית 40 גרם,עלית,IL,וופל טורטית,גרמים,40.00,100 גרם,false,0,3.90,9.75,true,1,
72917329,false,אגוזי 45 גרם,עלית,IL,חטיף אגוזי,גרמים,45.00,100 גרם,false,0,3.90,8.67,true,1,
72917367,false,חטיף טעמי 40 גרם,עלית,IL,חטיף טעמי,גרמים,40.00,100 גרם,false,0,3.90,9.75,true,1,
72917589,false,מקופלת חלב 25 גרם,עלית,IL,מקופלת חלב,גרמים,25.00,100 גרם,false,0,3.90,15.60,true,1,
72917893,false,וופל פסק זמן חלב 45 גרם,עלית,IL,פסק זמן חלב,גרמים,45.00,100 גרם,false,0,4.90,10.89,true,1,
72918388,false,חטיף טויסט 28 גרם,עלית,IL,חטיף טוויסט,גרמים,28.00,100 גרם,false,0,3.90,13.93,true,1,
72940754,false,"מילקי בטעם וניל 170 מ""ל",שטראוס,IL,מילקי טעם וניל,מיליליטרים,170.00,"100 מ""ל",false,0,2.80,1.65,true,1,
72940761,false,"מילקי בטעם שוקולד 170מ""ל",שטראוס,IL,מילקי טעם שוקולד,מיליליטרים,170.00,"100 מ""ל",false,0,2.80,1.65,true,1,
72940952,false,"מילקי אקסטרה קצפת 170מ""ל",שטראוס,IL,מילקי אקסטרה,מיליליטרים,170.00,"100 מ""ל",false,0,3.90,2.29,true,1,
72941041,false,מיני מילקי ט.שוקולד90מל,שטראוס,IL,מיני מילקי,מיליליטרים,90.00,"100 מ""ל",false,0,2.00,2.22,true,1,
72945308,false,קוביות שמרים לחים אפיה50,פאקא,IL,קוביות שמרים,גרמים,50.00,100 גרם,false,0,3.20,6.40,true,1,
72961209,false,"שמנית חמוצה 15% 200 מ""ל",תנובה,IL,שמנית תנובה 15%,מיליליטרים,200.00,"100 מ""ל",false,0,2.20,1.10,true,1,
72961223,false,גילה 3%,,IL,גילה 3%,מיליליטרים,200.00,"100 מ""ל",false,0,1.40,0.70,true,1,
72961506,false,פרילי תות 1.5% 125 גרם,תנובה,IL,פרילי תות,גרמים,125.00,100 גרם,false,0,3.50,2.80,true,1,
72961513,false,"פרילי משמש 125 מ""ל",תנובה,IL,פרילי משמש,מיליליטרים,125.00,"100 מ""ל",false,0,3.50,2.80,true,1,
72961520,false,פרילי אננס 1.5% 125 גרם,תנובה,IL,פרילי אננס 1.5%,גרמים,125.00,100 גרם,false,0,3.50,2.80,true,1,
72961544,false,באדי תות 3% 125 גרם,תנובה,IL,מעדן באדי תות 3%,גרמים,125.00,100 גרם,false,0,2.80,2.24,true,1,
72963104,false,חמאה 100 גרם,תנובה,IL,חמאה,גרמים,100.00,100 גרם,false,0,3.80,3.80,true,1,
72963753,false,שמ.של פעם חמוצה27% 200ג,תנובה,IL,שמנת חמוצה תנובה,גרמים,200.00,100 גרם,false,0,3.90,1.95,true,1,
72964132,false,פרילי טבע גרנולה 200 גרם,תנובה,IL,פרילי טבע גרנולה,גרמים,200.00,100 גרם,false,0,4.50,2.25,true,1,
72964422,false,"יוגורט תנובה 4.5% 200מ""ל",תנובה,IL,יוגורט תנובה4.5%,מיליליטרים,200.00,"100 מ""ל",false,0,2.50,1.25,true,1,
72982457,false,מילקי קל טעם שוקולד170מל,שטראוס,IL,מילקי קל שוקולד,מיליליטרים,170.00,"100 מ""ל",false,0,3.90,2.29,true,1,
72983416,false,ל.מ. בלו ארוך בוקס חפ,פיליפ מוריס,,ל.מ בלו חפ.,יחידה,1.00,יחידה,false,0,32.50,32.50,false,1,
72983997,false,גולף גולד,,,גולף גולד,יחידה,1.00,יחידה,false,0,29.00,29.00,false,1,
72986240,false,באדי שוקו 2%שומן 125 גרם,תנובה,IL,מעדן באדי שוקו,גרמים,125.00,100 גרם,false,0,2.60,2.08,true,1,
72986370,false,"גל.וניל צרפתי כשל""פ",מוצרי איכות אמריקאיים,US,גלידה בן & ג'ריס,מיליליטרים,500.00,"100 מ""ל",false,0,25.50,5.10,true,1,
72986424,false,"גל.קרם עוגיות 500 מ""ל",מוצרי איכות אמריקאיים,IL,"גל.קרם עוגיות 500 מ""ל",מיליליטרים,500.00,"100 מ""ל",false,0,25.50,5.10,true,1,
72986448,false,"גל.טופי קראנץ 500 מ""ל",מוצרי איכות אמריקאיים,US,גלידה בן & ג'ר,מיליליטרים,500.00,"100 מ""ל",false,0,25.50,5.10,true,1,
72986455,false,גל.שוקולדפאגד'אגוזיםכשלפ,מוצרי איכות אמריקאיים,US,גלידה בן & ג'ר,מיליליטרים,500.00,"100 מ""ל",false,0,25.50,5.10,true,1,
72986479,false,"גל.צ'אנקי מאנקי כשל""פ",מוצרי איכות אמריקאיים,US,גלידה בן & ג'ר,מיליליטרים,500.00,"100 מ""ל",false,0,25.50,5.10,true,1,
72991374,false,טיים RED יחידה,,IL,טיים RED יחידה,יחידה,1.00,יחידה,false,0,28.00,28.00,false,1,
72991381,false,טיים RED 100,,IL,טיים RED 100,יחידה,1.00,יחידה,false,0,28.00,28.00,false,1,
72991404,false,אירופה יחידה,,IL,אירופה יחידה,יחידה,1.00,יחידה,false,0,28.00,28.00,false,1,
72991497,false,נובלס פילטר חבילה,"דובק בע""מ",IL,נובלס פילטר,יחידה,1.00,יחידה,false,0,27.50,27.50,false,1,
72991886,false,גלידת דולצ'ה דה לצ'הכשלפ,מוצרי איכות אמריקאיים,US,גלידה בן & ג'ר,מיליליטרים,500.00,"100 מ""ל",false,0,25.50,5.10,true,1,
72993477,false,ל.מ וייב סלימס חפיסה,פיליפ מוריס,,ל.מ וייב חפ.,יחידה,1.00,יחידה,false,0,32.50,32.50,false,1,
72993637,false,דני שוקולד 1.5% 125 גרם,שטראוס,IL,דני שוקולד 1.5%,גרמים,125.00,100 גרם,false,0,2.60,2.08,true,1,
72993927,false,נקסט 100 חפיסה,פיליפ מוריס,,נקסט 100 חפיסה,יחידה,1.00,יחידה,false,0,28.50,28.50,false,1,
76136184,false,פאל מאל סופר סלים בלו חפ,bat,CH,פאל מאל חפיסה,יחידה,1.00,יחידה,false,0,28.50,28.50,false,1,
78009226,false,דאו.דאב סטיק אורגינל50ג,יוניליוור,PH,דאו.דאב,גרמים,50.00,100 גרם,false,0,28.00,56.00,true,1,
80001027,false,חטיף טורטינה 21 גרם,לואקר,IT,חטיף טורטינה,גרמים,21.00,100 גרם,false,0,5.00,23.81,true,1,
80001287,false,חטיף גרדנה אגוז 38 גרם,לואקר,IT,חטיף גרדנה,גרמים,38.00,100 גרם,false,0,4.90,12.89,true,1,
80001461,false,חטיף גרנדה שוקולד 38 גרם,לואקר,IT,חטיף גרנדה שוקול,גרמים,38.00,100 גרם,false,0,4.90,12.89,true,1,
80001485,false,חטיף גרנדה קוקוס 38 גרם,לואקר,IT,חטיף גרנדה קוקוס,גרמים,38.00,100 גרם,false,0,4.90,12.89,true,1,
80001799,false,טורטינה שוקולד לבן 21גרם,לואקר,IT,טורטינה לבן,גרמים,21.00,100 גרם,false,0,5.00,23.81,true,1,
80042556,false,עגבניות מרוסקות,,,עגבניות מרוסקות,גרמים,400.00,100 גרם,false,0,6.00,1.50,true,1,
80042563,false,רסק עגבניות,,,רסק עגבניות,גרמים,700.00,100 גרם,false,0,12.30,1.76,true,1,
80176800,false,נוטלה ממרח שוקולד 750 גר,פררו - אלבה,PL,ממרח נוטלה,גרמים,750.00,100 גרם,false,0,23.90,3.19,true,1,
80177173,false,ממרח נוטלה 350 גרם,פררו - אלבה,IT,ממרח נוטלה,גרמים,350.00,100 גרם,false,0,14.00,4.00,true,1,
80177616,false,אצבעות שוקולד קינדר100גר,פררו - אלבה,IT,שוקולד קינדר,גרמים,100.00,100 גרם,false,0,7.80,7.80,true,1,
80651000,false,שום וצ'ילי במטחנה 30 גרם,דרוגריה ואלימנטרי,IT,שום וצ'ילי מטח,גרמים,30.00,100 גרם,false,0,12.80,42.67,true,1,
80761761,false,קינדר בואנו לבן 19.5*2גר,פררו - אלבה,,קינדר בואנו לבן,גרמים,39.00,100 גרם,false,0,4.90,12.56,true,1,
80765790,false,מסטיק מנטוס3D אניגמה33ג,פרפטי ואן מלה,TR,מסטיק מנטוס 3D,גרמים,33.00,100 גרם,false,0,6.90,20.91,true,1,
80769699,false,מנטוס וויט פירות מנטה60ג,פרפטי ואן מלה,TR,מנטוס וויט,גרמים,60.00,100 גרם,false,0,8.50,14.17,true,1,
80807049,false,מסטיק מנטוס פירות אדומ28,פרפטי ואן מלה,TR,מסטיק מנטוס,גרמים,28.00,100 גרם,false,0,5.40,19.29,true,1,
80817109,false,מסטיק מנטוס 3D תפוח/פטל,פרפטי ואן מלה,TR,מסטיק מנטוס,גרמים,33.00,100 גרם,false,0,6.90,20.91,true,1,
80820079,false,מסטיק מנטוס3Dאוכמנ/תות33,פרפטי ואן מלה,TR,מסטיק מנטוס 3D,גרמים,33.00,100 גרם,false,0,6.90,20.91,true,1,
80828266,false,מסטיק מנטוס מנטה 90 גרם,פרפטי ואן מלה,TR,מסטיק מנטוס,גרמים,90.00,100 גרם,false,0,17.10,19.00,true,1,
80844235,false,מסטיק מנטוס3Dלימון/אשכול,פרפטי ואן מלה,TR,מסטיק מנטוס 3D,גרמים,33.00,100 גרם,false,0,6.90,20.91,true,1,
80869580,false,מסטיק מנטוס ספירמינט90ג,פרפטי ואן מלה,TR,מסטיק מנטוס,גרמים,90.00,100 גרם,false,0,17.10,19.00,true,1,
80905257,false,מסטיק מנטוס פירות מיקס90,פרפטי ואן מלה,TR,מסטיק מנטוס,גרמים,90.00,100 גרם,false,0,17.10,19.00,true,1,
80923480,false,מסטיק מנטוס מנטה 28 גרם,פרפטי ואן מלה,TR,מסטיק מנטוס מנטה,גרמים,28.00,100 גרם,false,0,5.40,19.29,true,1,
80938828,false,מסט.מנטוס 3D אבטיח/אננס,פרפטי ואן מלה,TR,מסטיק מנטוס,גרמים,33.00,100 גרם,false,0,6.90,20.91,true,1,
80946854,false,מסטיק מנטוס 3D מנטה33גרם,פרפטי ואן מלה,TR,מסטיק מנטוס,גרמים,33.00,100 גרם,false,0,6.90,20.91,true,1,
87108538,false,מנטוס תות גליל 37.5 גר,פרפטי ואן מלה ברדה,TR,מנטוס תות,גרמים,37.00,100 גרם,false,0,3.30,8.92,true,1,
87108651,false,מנטוס מנטה 4יח37.5X'גרם,פרפטי ואן מלה ברדה,NL,מנטוס מנטה 4 יח',גרמים,150.00,100 גרם,false,0,10.90,7.27,true,1,
87304770,false,סוכריות מנטוס BOX מנטה64,פרפטי ואן מלה ברדה,NL,סוכריות מנטוס,גרמים,64.00,100 גרם,false,0,6.40,10.00,true,1,
87304787,false,מנטוס BOX פירות 64 גרם,פרפטי ואן מלה ברדה,NL,סוכריות מנטוס,גרמים,64.00,100 גרם,false,0,6.40,10.00,true,1,
87311396,false,מנטוס ריינבאו גליל 37.50,פרפטי ואן מלה ברדה,NL,מנטוס ריינבאו,גרמים,37.00,100 גרם,false,0,3.30,8.92,true,1,
11210000094,false,"רוטב טבסקו 60 מ""ל",ניצן,US,רוטב טבסקו,מיליליטרים,60.00,"100 מ""ל",false,0,10.00,16.67,true,1,
11210006508,false,"טבסקו אקסטרה חריף 60 מ""ל",ניצן,US,טבסקו אקסטרה,מיליליטרים,60.00,"100 מ""ל",false,0,15.70,26.17,true,1,
11210007253,false,"טבסקו שום 60 מ""ל",ניצן,US,טבסקו שום,מיליליטרים,60.00,"100 מ""ל",false,0,10.00,16.67,true,1,
11210009387,false,"רוטב טבסקו ירוק 60 מ""ל",ניצן,US,רוטב טבסקו ירוק,מיליליטרים,60.00,"100 מ""ל",false,0,10.00,16.67,true,1,
12300119139,false,וינסטון כחול בוקס 10יח,jti,CH,וינסטון בוקס,יחידה,1.00,יחידה,false,0,299.90,299.90,false,1,
13495113506,false,קליק ביסקוויט 75 גרם,יוניליוור,IL,קליק ביסקוויט,גרמים,75.00,100 גרם,false,0,5.90,7.87,true,1,
13495113513,false,קליק שוקולד חלב 75 גרם,יוניליוור,IL,קליק שוקולד,גרמים,75.00,100 גרם,false,0,5.90,7.87,true,1,
13495113520,false,קליק קורנפלקס 75 גרם,יוניליוור,IL,קליק קורנפלקס,גרמים,75.00,100 גרם,false,0,5.90,7.87,true,1,
13495113537,false,קליק חום לבן מעורב 75 גר,יוניליוור,IL,קליק מעורב,גרמים,75.00,100 גרם,false,0,5.90,7.87,true,1,
16000423534,false,קראנצי שיבולת ושוקולד5יח,ג'נרל מילס,US,חטיף נייצ'ר ואלי,גרמים,210.00,100 גרם,false,0,19.90,9.48,true,1,
16000461888,false,קראנצ'י שוק+חמ.בוטנים5יח,ג'נרל מילס,ES,חטיפי קראנצ'י,גרמים,210.00,100 גרם,false,0,19.90,9.48,true,1,
16000548404,false,חטיף נייטשר ואלי ש.שועל5,ג'נרל מילס,US,חטיף נייטשר ואלי,גרמים,210.00,100 גרם,false,0,19.90,9.48,true,1,
16000548503,false,נייטשר וואלי מייפל 5יח,ג'נרל מילס,US,חטיף נייטשר ואלי,גרמים,210.00,100 גרם,false,0,19.90,9.48,true,1,
16000548602,false,נייטשר וואלי קינמון 5יח,ג'נרל מילס,US,חטיף נייטשר ואלי,גרמים,210.00,100 גרם,false,0,19.90,9.48,true,1,
18000703494,false,תערובת לעוגת וניל 500גרם,ג'נרל מילס,IL,תערובת לעוגה,גרמים,500.00,100 גרם,false,0,15.00,3.00,true,1,
21200513152,false,ספוג לכלים עדינים 3יח,3M קנדה,CA,ספוג קרצוף ורוד,יחידה,1.00,יחידה,false,0,9.90,9.90,true,1,
22200956932,false,ספיד סטיק ג'ל 24/7 כחול,קולגייט-פלמוליב,US,דאודורנט ג'ל,גרמים,85.00,100 גרם,false,0,18.90,22.24,true,1,
24000154617,false,אננס שלם בסירופ,,,אננס שלם בסירופ,גרמים,825.00,100 גרם,false,0,9.70,1.18,true,1,
24000181590,false,חצאי אפרסק,,,חצאי אפרסק,גרמים,825.00,100 גרם,false,0,10.20,1.24,true,1,
24321424208,false,עגבניות מרוסקות פומי750ג,קונסוריזיו קאסאלסקו,IT,עגבניות מרוסקות,גרמים,750.00,100 גרם,false,0,12.90,1.72,true,1,
24321424277,false,עגבניות חתוכות קוביות750,קונסוריזיו קאסאלסקו,IT,עגבניות חתוכות,גרמים,750.00,100 גרם,false,0,12.90,1.72,true,1,
25675120068,false,םרג100 הלוק םעטב םיצוצמח,ירוג,NL,חמצוצים קולה,גרמים,100.00,100 גרם,false,0,8.40,8.40,true,1,
27000609019,false,רוטב ברביקיו הנט'ס 510 ג,קונגרה,US,רוטב ברביקיו,גרמים,510.00,100 גרם,false,0,10.00,1.96,true,1,
27000609040,false,רוטב היקורי מעושן 510גרם,קונגרה,US,רוטב ברביקיו,גרמים,510.00,100 גרם,false,0,10.00,1.96,true,1,
28200106902,false,מרלבורו גולד קצר בוקס10י,פיליפ מוריס,US,מרלבורו גולד ק,יחידה,1.00,יחידה,false,0,329.90,329.90,false,1,
28200112507,false,פרלמנט ארוך RCB 10 יח',פיליפ מוריס,,פרלמנט ארוך חב,יחידה,1.00,יחידה,false,0,359.90,359.90,false,1,
28200133502,false,מרלבורו רד קצר בוקס 10יח,פיליפ מוריס,IL,מרלבורו רד חבילה,יחידה,1.00,יחידה,false,0,329.90,329.90,false,1,
28200152701,false,ל.מ. בלו לייבל קצר 10,פיליפ מוריס,US,ל.מ. בלו לייבל,יחידה,1.00,יחידה,false,0,309.90,309.90,false,1,
29424000298,false,וופל ללא סוכר שוקולד180ג,מנעמים,IL,וופל ללא סוכר,גרמים,180.00,100 גרם,false,0,7.50,4.17,true,1,
29424000564,false,וופל ללא סוכר לימון 180ג,מנעמים,IL,וופל ללא סוכר,גרמים,180.00,100 גרם,false,0,7.50,4.17,true,1,
33617322616,false,פת פריכה קלה,,IL,פת פריכה קלה,גרמים,270.00,100 גרם,false,0,13.40,4.96,true,1,
33617340610,false,פת פריכה שיפון,,IL,פת פריכה שיפון,גרמים,250.00,100 גרם,false,0,13.40,5.36,true,1,
34000124138,false,ממרח בוטנים וקקאו 368גרם,הרשי שוקולד,US,ממרח בוטנים/קקאו,גרמים,368.00,100 גרם,false,1,19.70,5.35,true,1,
34000146208,false,נטיפי שוקולד לאפייה283גר,הרשי שוקולד,US,נטיפי שוקולד,גרמים,283.00,100 גרם,false,1,18.70,6.61,true,1,
34000312177,false,סירופ שוקולד 680 גרם,הרשי שוקולד,US,סירופ שוקולד,גרמים,680.00,100 גרם,false,0,12.90,1.90,true,1,
35000764522,false,משחה קולגייט מקס פרש100מ,קולגייט-פלמוליב,PL,משחת שיניים,מיליליטרים,100.00,"100 מ""ל",false,0,14.90,14.90,true,1,
36000183399,false,12 האגיס חיתולי שחיה S,חוגלה קימברלי,IL,חיתול שחיה האגיס,יחידה,1.00,יחידה,false,0,29.90,29.90,true,1,
36000258295,false,קלינקס לושן,,IL,קלינקס לושן,יחידה,1.00,יחידה,false,0,10.80,10.80,true,1,
36000258660,false,קלינקס לושן,,IL,קלינקס לושן,יחידה,1.00,יחידה,false,0,16.80,16.80,true,1,
37600110723,false,חמאת בוטנים+שברי בוטנ462,סקיפי פודס ל.ל.סי.,US,חמאת בוטנים סקיפ,גרמים,462.00,100 גרם,false,1,17.90,3.87,true,1,
37600207188,false,חמאת בוטנים קלאסי 462גרם,הורמל,US,חמאת בוטנים,גרמים,462.00,100 גרם,false,0,17.90,3.87,true,1,
37600207256,false,חמאת בוטנים+שברי בוטנ462,הורמל,US,חמאת בוטנים,גרמים,462.00,100 גרם,false,0,17.90,3.87,true,1,
37977050059,false,זוג מוצצים,,HU,זוג מוצצים,יחידה,1.00,יחידה,false,0,30.00,30.00,true,1,
38000844966,false,חטיף פרינגלס אורגינל161ג,פרוקטר & גמבל,IL,חטיף פרינגלס,גרמים,161.00,100 גרם,false,0,9.90,6.15,true,1,
38000845000,false,פרינגלס שמנת בצל 169 גר,פרוקטר & גמבל,US,פרינגלס שמנת בצל,גרמים,169.00,100 גרם,false,0,9.90,5.86,true,1,
38000845017,false,חטיף פרינגלס חלפינו169,פרוקטר & גמבל,US,חטיף פרינגלס,גרמים,169.00,100 גרם,false,0,9.90,5.86,true,1,
38000845512,false,פרינגלס מיני אורגינל37ג,פרוקטר & גמבל,US,פרינגלס מיני,גרמים,37.00,100 גרם,false,0,4.50,12.16,true,1,
38527591053,false,דגנים מרובעים קינמון412ג,קואקר אוטס,,דגנים מרובעים,גרמים,412.00,100 גרם,false,0,19.90,4.83,true,1,
38527591060,false,דגנים מרובעים קוואקר412ג,קואקר אוטס,,דגנים מרובעים,גרמים,412.00,100 גרם,false,0,19.90,4.83,true,1,
38527591145,false,דגנים קפטן בוטנים355גרם,קואקר אוטס,,קפטן דגנים,גרמים,355.00,100 גרם,false,0,19.90,5.61,true,1,
38900779238,false,מיץ אננס 4 יח',,PH,מיץ אננס 4 יח',ליטרים,1.00,ליטר,false,0,14.80,14.80,true,1,
39800013613,false,סוללת אנרג'ייזר V9,אנרג'ייזר,US,סוללת V9,יחידה,1.00,יחידה,false,0,28.20,28.20,true,1,
40000017318,false,עדשי שוק. מ&מ'ס שוקו150ג,מרס,US,עדשי שוקולד מ&מ,גרמים,150.00,100 גרם,false,0,10.90,7.27,true,1,
41390000027,false,"רוטב סויה קיקומן 296 מ""ל",קיקומן פודז אינק,US,רוטב סויה קיקומן,מיליליטרים,296.00,"100 מ""ל",false,0,12.90,4.36,true,1,
41390000904,false,"רוטב סויה קיקומן 444 מ""ל",קיקומן פודז אינק,US,רוטב סויה קיקומן,מיליליטרים,444.00,"100 מ""ל",false,0,18.90,4.26,true,1,
41390001079,false,"רוטב סויה דל נתרן 444מ""ל",קיקומן פודז אינק,IL,רוטב סויה,מיליליטרים,444.00,"100 מ""ל",false,0,18.90,4.26,true,1,
41390001451,false,רוטב סויה טבעי קיקומן1.2,קיקומן פודז אינק,US,רוטב סויה קיקומן,ליטרים,1.20,ליטר,false,0,51.00,42.50,true,1,
41390010309,false,רוטב טריאקי קיקומן 444מל,קיקומן פודז אינק,US,רוטב טריאקי,מיליליטרים,444.00,"100 מ""ל",false,0,18.90,4.26,true,1,
44600304496,false,פחם קינגספורד כחול 3.76ק,כלורקס,US,פחם קינגספורד,קילוגרמים,3.76,"ק""ג",false,0,42.50,11.30,true,1,
44600304854,false,"פחם  מצ'לייט 3 ק""ג",כלורקס,US,פחם מצ'לייט,קילוגרמים,0.00,"ק""ג",false,0,45.80,45.80,true,1,
44738018432,false,"מי קוקוס 400 מ""ל",אסיאטיק אגרו אינדוסטרי,TH,מי קוקוס,מיליליטרים,400.00,"100 מ""ל",false,0,8.50,2.13,true,1,
46214731552,false,עוגיות שוקולד צ'יפס225גר,מרבה,NL,עוגיות ש.צ'יפס,גרמים,225.00,100 גרם,false,0,9.50,4.22,true,1,
50000014811,false,פריסקיז יבש מעדן בית2.86,נסטלה פורינה,US,פריסקיז לחתול,קילוגרמים,2.86,"ק""ג",false,0,61.40,21.47,true,1,
50000018406,false,פריסקיז נתחי ברביקיו 2.9,נסטלה פורינה,US,פריסקיז לחתול,קילוגרמים,2.90,"ק""ג",false,0,61.40,21.17,true,1,
50000018741,false,"פריסקיז יבש דגים 2.86ק""ג",נסטלה פורינה,US,פריסקיז לחתול,קילוגרמים,2.86,"ק""ג",false,0,61.40,21.47,true,1,
50000084500,false,פריסקיז יבש ברבקיו1.43קג,נסטלה פורינה,US,פריסקיז לחתול,קילוגרמים,1.43,"ק""ג",false,0,38.00,26.57,true,1,
50000100316,false,פריסקיז מעדן לחתול2.86קג,נסטלה פורינה,US,פריסקיז לחתול,קילוגרמים,2.86,"ק""ג",false,0,61.40,21.47,true,1,
50000100347,false,פריסקיז מעדן לחתול1.42קג,נסטלה פורינה,US,פריסקיז לחתול,קילוגרמים,1.42,"ק""ג",false,0,38.00,26.76,true,1,
50000170180,false,פריסקיז עוף ברוטב 156גרם,נסטלה פורינה,US,פריסקיז לחתול,גרמים,156.00,100 גרם,false,0,6.30,4.04,true,1,
50000225224,false,פריסקיז פריים הודו 156גר,נסטלה פורינה,US,פריסקיז הודו,גרמים,156.00,100 גרם,false,1,6.30,4.04,true,1,
50000420445,false,פריסקיז כבד ועוף 156 גרם,נסטלה פורינה,US,פריסקיז כבד ועוף,גרמים,156.00,100 גרם,false,0,6.30,4.04,true,1,
50000421541,false,פריסקיז מיקס גריל 156גרם,נסטלה פורינה,US,פריסקיז לחתול,גרמים,156.00,100 גרם,false,0,6.30,4.04,true,1,
50000424948,false,פריסקיז דגי אוקינוס 156ג,נסטלה פורינה,US,פריסקיז לחתול,גרמים,156.00,100 גרם,false,0,6.30,4.04,true,1,
50000429042,false,פנסי פיסט כבד ועוף 85גרם,נסטלה פורינה,US,פנסי פיסט חתול,גרמים,85.00,100 גרם,false,0,5.90,6.94,true,1,
50000429448,false,פנסי פיסט סלמון לחתול85ג,נסטלה פורינה,US,פנסי פיסט לחתול,גרמים,85.00,100 גרם,false,0,5.90,6.94,true,1,
50000429646,false,פנסי פיסט דג אוקיאנוס85ג,נסטלה פורינה,US,פנסי פיסט לחתול,גרמים,85.00,100 גרם,false,0,5.90,6.94,true,1,
50000445691,false,פריסקיז נ.עוף וסלמון156ג,נסטלה פורינה,US,פריסקיז נתחי עוף,גרמים,156.00,100 גרם,false,0,6.30,4.04,true,1,
55500012046,false,כלורקס מרסס,,US,כלורקס מרסס,מיליליטרים,946.00,"100 מ""ל",false,0,15.70,1.66,true,1,
58449860013,false,אמזון דגני בוקר 400 גרם,נייטשר פאת',IL,אמזון דגני בוקר,גרמים,400.00,100 גרם,false,0,23.90,5.98,true,1,
58449860020,false,גורילה דגני בוקר 400 גרם,נייטשר פאת',IL,גורילה דגני בוקר,גרמים,400.00,100 גרם,false,0,23.90,5.98,true,1,
58449860037,false,קואלה קריספ דגני בוקר326,נייטשר פאת',IL,דגני בוקר,גרמים,326.00,100 גרם,false,0,23.90,7.33,true,1,
64144090013,false,תרסיס שמן טעם חמאה 141גר,קונגרה,IL,תרסיס שמן,גרמים,141.00,100 גרם,false,0,13.90,9.86,true,1,
64144090020,false,תרסיס שמן זית 141 גרם,קונגרה,IL,תרסיס שמן זית,גרמים,141.00,100 גרם,false,0,13.90,9.86,true,1,
64144090051,false,"תרסיס שמן קנולה 148 מ""ל",קונגרה,US,תרסיס שמן קנולה,מיליליטרים,148.00,"100 מ""ל",false,0,13.90,9.39,true,1,
70450020873,false,שזיפים סנסוויט 500גרם,סנסוויט גרוורס אינק,US,שזיפים סנסוויט,גרמים,500.00,100 גרם,false,0,29.90,5.98,true,1,
70450113285,false,משקה שזיפים,,,משקה שזיפים,מיליליטרים,946.00,"100 מ""ל",false,0,20.00,2.11,true,1,
70577000383,false,כוסמת קלויה,,US,כוסמת קלויה,גרמים,369.00,100 גרם,false,0,22.50,6.10,true,1,
70970471254,false,סוכ.ג'לי פירות טרופי141ג,גאסט בורן,US,סוכריות ג'לי,גרמים,141.00,100 גרם,false,1,9.80,6.95,true,1,
73030103010,false,פילה דג אילתית ורוד170ג,אושן ביוטי,US,פילה דג אילתית,גרמים,170.00,100 גרם,false,1,12.90,7.59,true,1,
76840100125,false,גל.צ'אבי האבי וניל ע.פדג,מוצרי איכות אמריקאיים,IL,גל בןאנדג'רי,גרמים,473.00,100 גרם,false,0,25.50,5.39,true,1,
76840100583,false,גלידת וניל עם בצק עוגיות,מוצרי איכות אמריקאיים,IL,גל.בןאנדג'ריס,מיליליטרים,473.00,"100 מ""ל",false,0,25.50,5.39,true,1,
76840100811,false,גלידה חמאת בוטנים 428גרם,מוצרי איכות אמריקאיים,IL,גלידה בן& ג'רי,גרמים,428.00,100 גרם,false,0,25.50,5.96,true,1,
76840400027,false,"גלידה בטעם שוקולד כשל""פ",מוצרי איכות אמריקאיים,US,גלידת בן & ג'ר,מיליליטרים,500.00,"100 מ""ל",false,0,25.50,5.10,true,1,
76840400218,false,גל.עוגת גבינה עם תות 420,מוצרי איכות אמריקאיים,IL,גל.עוגת גבינ.תות,גרמים,420.00,100 גרם,false,0,25.50,6.07,true,1,
77245110573,false,סוכ.מאסט יוג.תות/אוכמ80ג,עלית,PL,סוכריות מאסט,גרמים,80.00,100 גרם,false,0,7.50,9.38,true,1,
77245110597,false,סוכריות מאסט לימון 80גרם,עלית,PL,סוכריות מאסט,גרמים,80.00,100 גרם,false,0,7.50,9.38,true,1,
77245110610,false,סוכריות מאסט מנטה 80 גרם,עלית,PL,סוכריות מאסט,גרמים,80.00,100 גרם,false,0,7.50,9.38,true,1,
77245111402,false,סוכ.מאסט בטעם אניס 80גרם,עלית,PL,סוכריות מאסט,גרמים,80.00,100 גרם,false,0,7.50,9.38,true,1,
77975022757,false,בייגלה אמריקאי 382 גרם,יאמאסה,US,בייגלה אמריקאי,גרמים,382.00,100 גרם,false,0,12.90,3.38,true,1,
77975088210,false,שברי בייגל גבינת צ'דר340,סניידרס,US,שברי בייגל,גרמים,340.00,100 גרם,false,0,12.90,3.79,true,1,
77975088227,false,שברי בייגלה בצל חרדל340ג,סניידרס,US,שברי בייגלה,גרמים,340.00,100 גרם,false,0,12.90,3.79,true,1,
77975091524,false,שברי בייגלה קרמל-מלוח100,סניידרס,US,שברי בייגלה קרמל,גרמים,100.00,100 גרם,false,1,7.80,7.80,true,1,
77975091784,false,טורטיות צ'יפס תירס צ354ג,סניידרס,US,טורטיות צ'יפס,גרמים,354.00,100 גרם,false,1,12.90,3.64,true,1,
80432400432,false,וויסקי שיבס 1 ליטר,שיבס ריגל,GB,וויסקי שיבס,ליטרים,1.00,ליטר,false,0,144.90,144.90,true,1,
84213017420,false,מיזלי אגוז/צימ.אורגני500,מסטמאכר,DE,מיזלי אורגני,גרמים,500.00,100 גרם,false,0,19.30,3.86,true,1,
84213017499,false,מיסלי פ.יער אורגני 500גר,מסטמאכר,DE,מיסלי אורגני,גרמים,500.00,100 גרם,false,0,19.20,3.84,true,1,
85156515417,false,וודקה קטל וואן,,NL,וודקה קטל וואן,מיליליטרים,750.00,"100 מ""ל",false,0,89.90,11.99,true,1,
88300162505,false,אופוריה סי קי אדפ אשה100,.,IL,אופוריה סי קי,מיליליטרים,100.00,"100 מ""ל",false,1,500.00,500.00,true,1,
88345100517,false,"בירה ניוקאסל 330 מ""ל",טמפו,GB,בירה ניוקאסל,מיליליטרים,330.00,"100 מ""ל",false,0,9.90,3.00,true,1,
96086001512,false,עוג.לימון ל.תוספת סוכ200,מצות אביב,IL,עוגיות לימון,גרמים,200.00,100 גרם,false,0,14.30,7.15,true,1,
616932184314,false,חסה חמאה הידרופונית יח',קטיף,IL,חסה חמאה הידרופונית יח',יחידה,1.00,יחידה,false,0,11.90,11.90,true,1,
617395099986,false,בוקצ'י ירק בריאות יחידה,קטיף,IL,בוקצ'י ירק בריאו,יחידה,1.00,יחידה,false,0,12.90,12.90,true,1,
617395099993,false,קייל כרוב על יחידה,קטיף,IL,קייל כרוב  על,יחידה,1.00,יחידה,false,1,12.90,12.90,true,1,
617395100026,false,חסה הולנדיה הידרופוני יח,קטיף,IL,חסה הולנדיה הידרופוני יח,יחידה,1.00,יחידה,false,1,11.90,11.90,true,1,
633824208040,false,ון גוך,,NL,ון גוך,מיליליטרים,750.00,"100 מ""ל",false,0,187.40,24.99,true,1,
639138513238,false,פילה הרינג,,DE,פילה הרינג,גרמים,190.00,100 גרם,false,0,12.40,6.53,true,1,
645173911038,false,מלפפונים קורנישונים670גר,קלמן אינדיה פי וי סי,IN,מלפפ.קורנישונים,גרמים,670.00,100 גרם,false,0,8.50,1.27,true,1,
651080455060,false,24קיסם עם חוט ג'ורדן ילד,קלרו,MY,קיסם עם חוט,יחידה,1.00,יחידה,false,0,9.90,9.90,true,1,
675684915126,false,סירופ מייפל A,,IL,סירופ מייפל A,מיליליטרים,236.00,"100 מ""ל",false,0,36.00,15.25,true,1,
724353783822,false,"תמר מג'הול 1 ק""ג",מהדרין תנופורט,IL,"תמר מג'הול 1 ק""ג",קילוגרמים,1.00,"ק""ג",false,0,29.90,29.90,true,1,
728229123590,false,צ'יפס אורגינל 110 גרם,גלובל פרודאכט,IL,צ'יפס,גרמים,110.00,100 גרם,false,0,15.50,14.09,true,1,
728229130154,false,צ'יפס בטטה סלק 110 גרם,גלובל פרודאכט,US,צ'יפס בטטה סלק,גרמים,110.00,100 גרם,false,0,15.50,14.09,true,1,
768404001640,false,"גל.בטעם קפה כשל""פ500מ""ל",מוצרי איכות אמריקאיים,US,גלידת בן & ג'ריס,מיליליטרים,500.00,"100 מ""ל",false,0,25.50,5.10,true,1,
783007983926,false,18 טמפוני פלייטקס סופר +,אנרג'ייזר,IL,טמפוני פלייטקס,יחידה,1.00,יחידה,false,0,26.10,26.10,true,1,
830296000466,false,אבקה להכנת פנקייק 400 גר,מצות ראשון לציון,IL,אבקה לפנקייק,גרמים,400.00,100 גרם,false,0,11.00,2.75,true,1,
835811005421,false,מקלות עבים לשיפודים 75יח,,,מקלות עבים לשיפודים 75יח,יחידה,1.00,יחידה,false,0,4.00,4.00,true,1,
835811006053,false,קורנפלור 200 גרם,הנמל,IL,קורנפלור 200 גרם,גרמים,200.00,100 גרם,false,0,3.30,1.65,true,1,
835811008088,false,עוג.מרוקאיות מקמח מלא350,הנמל,IL,עוגיות מרוקאיות,גרמים,350.00,100 גרם,false,0,18.50,5.29,true,1,
835811009238,false,שיפודי במבוק ענקיים 25יח,הנמל,IL,שיפודים ענקיים,יחידה,1.00,יחידה,false,0,6.80,6.80,true,1,
835811009764,false,כפית חד פעמי מוכסף 20יחי,.,CN,"כפית ח""פ מוכסף",יחידה,1.00,יחידה,false,1,5.90,5.90,true,1,
835811009788,false,מזלג חד פעמי מוכסף 20יחי,.,CN,"מזלג ח""פ מוכסף",יחידה,1.00,יחידה,false,1,5.90,5.90,true,1,
846558000105,false,עגבנ.חתוכות דק פומי 750ג,קונסוריזיו קאסאלסקו,IT,עגבניות חתוכות,גרמים,750.00,100 גרם,false,1,12.90,1.72,true,1,
852273003048,false,בירה סטארופמן,,CZ,בירה סטארופמן,מיליליטרים,500.00,"100 מ""ל",false,0,9.90,1.98,true,1,
854693000034,false,רסק עגבניות עם בזילקום 7,מוטי,IT,רסק עגבניות,גרמים,700.00,100 גרם,false,1,12.90,1.84,true,1,
856591000109,false,עוגיות מזרחיות פריכות400,עבאדי,IL,עוגיות מזרחיות,גרמים,400.00,100 גרם,false,0,17.40,4.35,true,1,
856591000123,false,עוגיות מזרחיות עבאדי700ג,עבאדי,IL,עוגיות מזרחיות,גרמים,700.00,100 גרם,false,0,22.00,3.14,true,1,
856591000444,false,מיני מזרח.חריף בקטנה200ג,עבאדי,IL,עוגיות מזרחיות,גרמים,200.00,100 גרם,false,0,8.90,4.45,true,1,
856591000451,false,מיני מזרח.מעורב ירושלמי,עבאדי,IL,עוגיות מזרחיות,גרמים,200.00,100 גרם,false,0,8.90,4.45,true,1,
856591000512,false,עוגיות מזרחיות מקלות400ג,עבאדי,IL,עוגיות מזרחיות,גרמים,400.00,100 גרם,false,0,17.40,4.35,true,1,
856591000529,false,עוג.מזרחיות מקמח מלא400ג,עבאדי,IL,עוגיות מזרחיות,גרמים,400.00,100 גרם,false,0,17.40,4.35,true,1,
856591000819,false,קרקר'ס חיטה 140 גרם,עבאדי,,קרקר'ס חיטה,גרמים,140.00,100 גרם,false,0,9.90,7.07,true,1,
856591000833,false,קרקר'ס עשבי תיבול 140גרם,עבאדי,,קרקר'ס עשבי תבול,גרמים,140.00,100 גרם,false,0,9.90,7.07,true,1,
884912014245,false,פוסט הני בנצ'ס רוסטד411ג,פוסט,US,פוסט הני בנצ'ס,גרמים,411.00,100 גרם,false,0,15.90,3.87,true,1,
884912032171,false,האני באנצ'ס פקאן 411 גרם,פוסט,US,האני באנצ'ס,גרמים,411.00,100 גרם,false,0,15.90,3.87,true,1,
884912103703,false,פוסט וופל קריספ 325 גרם,פוסט,,פוסט וופל קריספ,גרמים,325.00,100 גרם,false,0,15.80,4.86,true,1,
884912114600,false,רייזן ברן פוסט 566 גגרם,פוסט,US,רייזן ברן,גרמים,566.00,100 גרם,false,0,26.10,4.61,true,1,
884912129659,false,קקאו פבלס אורז תפוח 425ג,פוסט,US,דגני קקאו פבלס,גרמים,425.00,100 גרם,false,0,15.80,3.72,true,1,
884912129741,false,פוסט פרוטי פבלס 425 גרם,פוסט,US,פרוטי פבלס,גרמים,425.00,100 גרם,false,0,15.80,3.72,true,1,
884912180629,false,דגנים חיטה מלאה גרוסה464,שרדד וויט,US,דגני בוקר פוסט,גרמים,464.00,100 גרם,false,1,21.90,4.72,true,1,
884912181701,false,דגנים חיטה מלאה+דבש567ג,שרדד וויט,US,דגני בוקר פוסט,גרמים,567.00,100 גרם,false,1,21.90,3.86,true,1,
3014260022839,false,2מ.אדוונטג' נטורל פרש 40,פרוקטר & גמבל,IL,2 מברשות שיניים,יחידה,1.00,יחידה,false,1,19.70,19.70,true,1,
3014260214692,false,ג'ל גילוח סירייס 200C.Wמ,פרוקטר & גמבל,IL,ג'ל גילוח סירייס,מיליליטרים,200.00,"100 מ""ל",false,0,21.70,10.85,true,1,
3014260220051,false,ג'ל גילוח סירייס W.R 200,פרוקטר & גמבל,GB,ג'ל גילוח סירייס,מיליליטרים,200.00,"100 מ""ל",false,0,21.70,10.85,true,1,
3014260221614,false,10 סכיני גילוח בלו II +,פרוקטר & גמבל,PL,סכיני גילוח בלו,יחידה,1.00,יחידה,false,0,29.30,29.30,true,1,
3014260228842,false,קצף גילוח ג'ילט קלסיק200,פרוקטר & גמבל,GB,קצף גילוח ג'ילט,מיליליטרים,200.00,"100 מ""ל",false,0,14.10,7.05,true,1,
3014260240226,false,קצף גילוח ג'ילט רגיש200מ,פרוקטר & גמבל,GB,קצף גילוח ג'ילט,מיליליטרים,200.00,"100 מ""ל",false,0,14.10,7.05,true,1,
3014260262693,false,מכשיר גילוח ונוס2+סכינים,פרוקטר & גמבל,PL,מכשיר גילוח ונוס,יחידה,1.00,יחידה,false,0,38.30,38.30,true,1,
3014260278465,false,משחת שיניים דיסני לילדים,פרוקטר & גמבל,DE,משחת שיניים,מיליליטרים,75.00,"100 מ""ל",false,0,15.10,20.13,true,1,
3014260280772,false,חוט דנטלי אורל-בי שעווה,פרוקטר & גמבל,IE,חוט דנטלי אורלB-,מטרים,50.00,מטר,false,0,19.40,0.39,true,1,
3014260836665,false,מברשת אורל בי פרו אקספרט,פרוקטר & גמבל,ES,מברשת אורל בי,יחידה,1.00,יחידה,false,1,41.90,41.90,true,1,
3045140105502,false,שוקולד חלב מילקה 100 גרם,מונדלייז,DE,שוקולד חלב מילקה,גרמים,100.00,100 גרם,false,0,7.50,7.50,true,1,
3045140280902,false,שוק.אגוז/צימוק מילקה100ג,מונדלייז,DE,שוקולד מילקה,גרמים,100.00,100 גרם,false,0,7.50,7.50,true,1,
3046920027281,false,שוק.אקסלנס קרמל סולט100ג,לינדט ושפרונגלי קילשברג,FR,שוקולד אקסלנס,גרמים,100.00,100 גרם,false,1,16.00,16.00,true,1,
3046920028363,false,שוק.לינדט אקסלנס85% 100ג,לינדט ושפרונגלי קילשברג,FR,שוקולד לינדט 85%,גרמים,100.00,100 גרם,false,0,16.00,16.00,true,1,
3046920028370,false,שוק.לינדט אקסלנס תפוז100,לינדט ושפרונגלי קילשברג,CH,שוקולד לינדט,גרמים,100.00,100 גרם,false,0,16.00,16.00,true,1,
3046920028752,false,שוק.לינדט אקסלנס נענע100,לינדט ושפרונגלי קילשברג,FR,שוקולד לינדט,גרמים,100.00,100 גרם,false,0,16.00,16.00,true,1,
3046920029759,false,שוק.אקסלנס 90% קקאו 100ג,לינדט ושפרונגלי קילשברג,DE,שוקולד אקסלנס,גרמים,100.00,100 גרם,false,1,16.00,16.00,true,1,
3059940007768,false,אירויק ספריי וניל 240 מל,רקיט בנקיזר,GB,אירויק ספריי,מיליליטרים,240.00,"100 מ""ל",false,0,10.00,4.17,true,1,
3059943015104,false,אירוויק נטול גז פרסיה345,רקיט בנקיזר,PL,אירוויק מבשם,מיליליטרים,345.00,"100 מ""ל",false,0,10.00,2.90,true,1,
3059943015128,false,אירוויק נטול גז לבנדר345,רקיט בנקיזר,PL,אירוויק נטול גז לבנדר345,מיליליטרים,345.00,"100 מ""ל",false,0,10.00,2.90,true,1,
3059943016507,false,אירויק ספריי לבנדר 240מל,רקיט בנקיזר,GB,אירויק ספריי,מיליליטרים,240.00,"100 מ""ל",false,0,10.00,4.17,true,1,
3059944021104,false,16רצועות לבית שחי+ביקיני,רקיט בנקיזר,FR,רצועות שעווה ויט,יחידה,1.00,יחידה,false,0,24.90,24.90,true,1,
3059944021197,false,ויט קרם להסרת שיער 400מל,רקיט בנקיזר,FR,מסיר שיער ויט,מיליליטרים,400.00,"100 מ""ל",false,0,39.90,9.98,true,1,
3059944022415,false,ויט ארומטיק רצועות 10יח,רקיט בנקיזר,FR,ויט רצועות,יחידה,1.00,יחידה,false,0,24.90,24.90,true,1,
3059944025003,false,20רצועות שעווה לעור רגיל,רקיט בנקיזר,FR,20רצועות שעווה,יחידה,1.00,יחידה,false,1,29.90,29.90,true,1,
3059946156330,false,פיניש מנקה מדיח לימון250,רקיט בנקיזר,PL,פיניש מנקה ומחדש,מיליליטרים,250.00,"100 מ""ל",false,0,14.90,5.96,true,1,
3068320014067,false,מים אוויאן ספורט,,,מים אוויאן ספורט,מיליליטרים,750.00,"100 מ""ל",false,0,16.10,2.15,true,1,
3141360050001,false,"קלגון ג'ל 750 מ""ל",רקיט בנקיזר,IL,"קלגון ג'ל 750מ""ל",מיליליטרים,750.00,"100 מ""ל",false,0,29.60,3.95,true,1,
3147699100639,false,"וויסקי לייבל 5 750 מ""ל",BLENDING FIRST,GB,וויסקי לייבל 5,מיליליטרים,750.00,"100 מ""ל",false,1,69.90,9.32,true,1,
3161911366429,false,חמאה רכה מלוחה 250 גרם,אלוויר,FR,חמאה רכה מלוחה,גרמים,250.00,100 גרם,false,0,20.50,8.20,true,1,
3228022910023,false,חמאה פרזידנט 200 גרם,פרזידנט,FR,חמאה פרזידנט,גרמים,200.00,100 גרם,false,0,10.90,5.45,true,1,
3252560903438,false,"ליקר שוקולד 700 מ""ל",גבריאל בודיו,FR,ליקר שוקולד,מיליליטרים,700.00,"100 מ""ל",false,0,44.90,6.41,true,1,
3252560903476,false,"ליקר לימונצ'לו 700 מ""ל",גבריאל בודיו,FR,ליקר לימונצ'לו,מיליליטרים,700.00,"100 מ""ל",false,0,44.90,6.41,true,1,
3278310005207,false,חמאה צרפתית אלין 250 גרם,בריאוסה,FR,חמאה צרפתית אלין,גרמים,250.00,100 גרם,false,0,9.00,3.60,true,1,
3348900417878,false,"ז'אדור אדפ לאשה 100 מ""ל",כריסטיאן דיור,FR,בושם ז'אדור,יחידה,1.00,יחידה,false,0,761.00,761.00,true,1,
3355991002319,false,סילבר סנט אדט לגבר 100מל,,,סילבר סנט אדט לגבר 100מל,מיליליטרים,100.00,"100 מ""ל",false,0,403.00,403.00,true,1,
3360373063680,false,אמור אמור א.ד.ט לאישה100,קשארל,FR,אמור אמור לאשה,מיליליטרים,100.00,"100 מ""ל",false,0,462.00,462.00,true,1,
3386460076388,false,"רושאס לגבר א.ד.ט 100 מ""ל",.,IL,רושאס לגבר,מיליליטרים,100.00,"100 מ""ל",false,1,515.00,515.00,true,1,
3387390320244,false,דגני בוקר פיטנס+פירות375,נסטלה,FR,דגני פיטנס,גרמים,375.00,100 גרם,false,0,17.90,4.77,true,1,
3387390525960,false,קראנץ' דגני בוקר 500 גרם,נסטלה,FR,קראנץ דגני בוקר,גרמים,500.00,100 גרם,false,0,23.00,4.60,true,1,
3387390730852,false,דגני בוקר פיטנס 375 גרם,נסטלה,FR,דגני פיטנס,גרמים,375.00,100 גרם,false,0,17.90,4.77,true,1,
3412242508027,false,נאוטיקה בלו אדט,,,נאוטיקה בלו אדט,מיליליטרים,100.00,"100 מ""ל",false,0,149.00,149.00,true,1,
3414204200949,false,סקלפצר לגבר א.,,,סקלפצר לגבר א.,מיליליטרים,100.00,"100 מ""ל",false,0,529.00,529.00,true,1,
3439600244090,false,"אנג'ל לאשה א.ד.פ 50 מ""ל",טרי מוגלר,FR,בושם אנג'ל לאשה,מיליליטרים,50.00,"100 מ""ל",false,1,535.00,1070.00,true,1,
3439602801413,false,אליאן א.ד.פ,,IL,אליאן א.ד.פ,מיליליטרים,60.00,"100 מ""ל",false,0,712.10,1186.83,true,1,
3445850070778,false,מלח ים אורגני,,FR,מלח ים אורגני,קילוגרמים,1.00,"ק""ג",false,0,19.70,19.70,true,1,
3451790550324,false,ממרח חמאה 75% 250ג,אלוויר,BE,ממרח חמאה רכה,גרמים,250.00,100 גרם,false,0,15.80,6.32,true,1,
3523230016230,false,גבינת קממבר מרסי,,FR,גבינת קממבר מרסי,גרמים,240.00,100 גרם,false,0,15.90,6.63,true,1,
3556420200560,false,קרואסון שוקולד 350גרם,אדיר,IL,קרואסון שוקולד,גרמים,350.00,100 גרם,false,1,19.90,5.69,true,1,
3563490014898,false,חרדל דיזון לחיץ ריין265ג,ריין דיג'ון,FR,חרדל דיז'ון,גרמים,265.00,100 גרם,false,0,10.00,3.77,true,1,
3574660075991,false,ג'ונסונס תח.לפני שינה300,ג'ונסון,IT,ג'ונסונס בייבי,מיליליטרים,300.00,"100 מ""ל",false,0,22.00,7.33,true,1,
3574660089547,false,טמפוני או בה נורמל 32 יח,ג'ונסון,DE,טמפוני או בה,יחידה,1.00,יחידה,false,0,32.90,32.90,true,1,
3574660095203,false,קרפרי שטיפה אינטימית200מ,ג'ונסון,GR,קרפרי שטיפה,מיליליטרים,200.00,"100 מ""ל",false,0,17.30,8.65,true,1,
3574660115154,false,32 טמפוני או בה סופר,ג'ונסון,DE,טמפוני או בה,יחידה,1.00,יחידה,false,0,32.90,32.90,true,1,
3574660239829,false,קרם ידיים ניוטרוג'ינה 75,ג'ונסון,FR,קרם ידיים קליל,מיליליטרים,75.00,"100 מ""ל",false,0,24.90,33.20,true,1,
3574660322576,false,קרפרי רגיל 58 יחידות,ג'ונסון,IT,קרפרי רגיל 58 יחידות,יחידה,1.00,יחידה,false,0,20.20,20.20,true,1,
3574660322651,false,קרפרי רגיל טנגה לבן 58יח,ג'ונסון,IT,קרפרי רגיל טנגה לבן 58יח,יחידה,1.00,יחידה,false,0,20.20,20.20,true,1,
3574660322675,false,קרפרי טנגה מבושם 58 יח',ג'ונסון,IT,קרפרי טנגה פרש,יחידה,1.00,יחידה,false,0,20.20,20.20,true,1,
3574660410433,false,20 פלסטר בנד איד ע.במים,ג'ונסון,FR,פלסטר בנד איד,יחידה,1.00,יחידה,false,0,11.90,11.90,true,1,
3574660464368,false,76 קרפרי אלוורה מגה פאק,ג'ונסון,IT,מגן תחתון קרפרי,יחידה,1.00,יחידה,false,0,22.50,22.50,true,1,
3574660464429,false,76 קרפרי אוורירי מגה פאק,ג'ונסון,IT,מגן תחתון קרפרי,יחידה,1.00,יחידה,false,0,22.50,22.50,true,1,
3574660514643,false,"קרם ר""ש ניוטרוג'ינה 300מ",ג'ונסון,IL,"קרם ר""ש ניוטרוגי",מיליליטרים,300.00,"100 מ""ל",false,0,32.90,10.97,true,1,
3574660535198,false,30קרפרי מגן תחתון אלוורה,ג'ונסון,IT,קרפרי מגן תחתון,יחידה,1.00,יחידה,false,0,16.80,16.80,true,1,
3574660536829,false,ג'ונסון בייבי טלק 500גרם,ג'ונסון,IT,טלק ג'ונסון,גרמים,500.00,100 גרם,false,0,30.20,6.04,true,1,
3574660574005,false,אל סבון ג'ונסונ.בייבי750,ג'ונסון,IT,אל סבון ג'ונסונס,מיליליטרים,750.00,"100 מ""ל",false,0,22.00,2.93,true,1,
3574660660296,false,קלין&קליר תרחיץ משאבה150,ג'ונסון,IL,תרחיץ פנים,מיליליטרים,150.00,"100 מ""ל",false,0,45.80,30.53,true,1,
3574660666519,false,אלסבון ג'ונסון קצף750מ,ג'ונסון,IT,אל סבון ג'ונסון,מיליליטרים,750.00,"100 מ""ל",false,0,22.00,2.93,true,1,
3574660696028,false,ק.ידיים ניוטרוג'ינה 50מל,ג'ונסון,FR,קרם ידיים,מיליליטרים,50.00,"100 מ""ל",false,0,24.90,49.80,true,1,
3574661017495,false,תח. גוף נטרוג'ינה יבש400,ג'ונסון,IL,תחליב גוף,מיליליטרים,400.00,"100 מ""ל",false,0,28.90,7.23,true,1,
3574661018201,false,תח.גוף ניוטרוג'ינה מ400,ג'ונסון,IL,תחליב גוף,מיליליטרים,400.00,"100 מ""ל",false,0,28.90,7.23,true,1,
3574661069456,false,שמפו גונסונס משאבה750מ,ג'ונסון,IL,שמפו גונסונס,מיליליטרים,750.00,"100 מ""ל",false,0,26.20,3.49,true,1,
3574661141022,false,12תחבושות וניה מקסי לילה,ג'ונסון,BE,תחבושות וניה,יחידה,1.00,יחידה,false,1,24.50,24.50,true,1,
3574661200019,false,תח.ניוטרוג'ינה ויזבלי400,ג'ונסון,GR,תחליב גוף,מיליליטרים,400.00,"100 מ""ל",false,1,28.90,7.23,true,1,
3600010014898,false,פרפרנס צבע  שיער 6.35,ליברמו,BE,פרפרנס צבע שיער,יחידה,1.00,יחידה,false,0,25.00,25.00,true,1,
3600520970707,false,אקסלנס חום אפרפר מס5.15',ליברמו,BE,צבע לשיער אקסלנס,יחידה,1.00,יחידה,false,0,29.90,29.90,true,1,
3600521094365,false,קסטינג קרם גלוס מס300',ליברמו,BE,צבע לשיער קסטינג,יחידה,1.00,יחידה,false,0,31.90,31.90,true,1,
3600521094372,false,קסטינג קרם גלוס מס316',ליברמו,BE,צבע שיער קסטינג,יחידה,1.00,יחידה,false,0,31.90,31.90,true,1,
3600521260920,false,סופרליינר קרבון,סייפו,IT,סופרליינר קרבון,יחידה,1.00,יחידה,false,0,101.90,101.90,true,1,
3600521720219,false,קרם לילה פעולה משולשת50מ,קלסרואה,DE,קרם לילה,מיליליטרים,50.00,"100 מ""ל",false,0,55.00,110.00,true,1,
3600521823866,false,קרם עיניים פעולה משולשת,קלסרואה,DE,קרם עיניים,מיליליטרים,15.00,"100 מ""ל",false,0,55.00,366.67,true,1,
3600521915202,false,פרפרנס צבע  שיער גוון5,ליברמו,BE,פרפרנס צבע שיער,יחידה,1.00,יחידה,false,0,25.00,25.00,true,1,
3600522025252,false,סופרליינר שחור לכה,סייפו,IT,סופרליינר כחול,יחידה,1.00,יחידה,false,0,101.90,101.90,true,1,
3600522050278,false,סובלים פרש ג'ל ניקוי 150,קלסרואה,FR,ג'ל ניקוי פנים,מיליליטרים,150.00,"100 מ""ל",false,0,30.00,20.00,true,1,
3600522150497,false,קסטינג קרם גלוס מס100',ליברמו,BE,קסטינג קרם גלוס,יחידה,1.00,יחידה,false,0,31.90,31.90,true,1,
3600522150596,false,קסטטינג קרם גלוס מס353',ליברמו,BE,קסטינג קרם גלוס,יחידה,1.00,יחידה,false,0,31.90,31.90,true,1,
3600522299875,false,אלביב שמן לטיפוח שיער100,kozmetik canan,FR,שמן לשיער אלביב,מיליליטרים,100.00,"100 מ""ל",false,0,39.60,39.60,true,1,
3600522344032,false,מסכת אלביב טוטל ריפיר300,kozmetik canan,IL,מסכת אלביב,מיליליטרים,300.00,"100 מ""ל",false,0,19.90,6.63,true,1,
3600522344070,false,"מסכת אלביב קולור 300מ""ל",kozmetik canan,IL,מסכת אלביב,מיליליטרים,300.00,"100 מ""ל",false,0,19.90,6.63,true,1,
3600522344155,false,מסכת אלביב ארג'נין 300 מ,kozmetik canan,IL,מסכת אלביב,מיליליטרים,300.00,"100 מ""ל",false,0,19.90,6.63,true,1,
3600522454731,false,"סקין פרפקשן סרום 30 מ""ל",קלסרואה,DE,סרום פרפקשן,מיליליטרים,30.00,"100 מ""ל",false,0,79.90,266.33,true,1,
3600522783077,false,סובלים סופט מגבונים25יח,קלסרואה,IL,מגבונים,יחידה,1.00,יחידה,false,0,15.00,15.00,true,1,
3600522783398,false,סובלים פרש מגבונים25יח,קלסרואה,IL,מגבונים,יחידה,1.00,יחידה,false,0,15.00,15.00,true,1,
3600522822172,false,אקסלנס אינטנס מס5.52',ליברמו,BE,צבע לשיער אקסלנס,יחידה,1.00,יחידה,false,0,29.90,29.90,true,1,
3600523136155,false,"מסכה אלביב 6 שמנים300מ""ל",קוסמטיקס,TR,מסכה אלביב,מיליליטרים,300.00,"100 מ""ל",false,1,19.90,6.63,true,1,
3600523154678,false,שמפו אלביב נגד קשקשים600,קוסמטיקס,TR,שמפו אלביב,מיליליטרים,600.00,"100 מ""ל",false,1,14.90,2.48,true,1,
3600523154746,false,"מרכך אלביב קולור 600מ""ל",קוסמטיקס,TR,מרכך אלביב,מיליליטרים,600.00,"100 מ""ל",false,1,14.90,2.48,true,1,
3600523154777,false,"שמפו אלביב ארג'נין600מ""ל",קוסמטיקס,TR,שמפו אלביב,מיליליטרים,600.00,"100 מ""ל",false,1,14.90,2.48,true,1,
3600523154784,false,שמפו אלביב טוטל ריפר 600,קוסמטיקס,TR,שמפו אלביב,מיליליטרים,600.00,"100 מ""ל",false,1,14.90,2.48,true,1,
3600523154791,false,"מרכך אלביב ארג'נין600מ""ל",קוסמטיקס,TR,מרכך אלביב,מיליליטרים,600.00,"100 מ""ל",false,1,14.90,2.48,true,1,
3600523154814,false,מרכך אלביב טוטל ריפר600מ,קוסמטיקס,TR,מרכך אלביב,מיליליטרים,600.00,"100 מ""ל",false,1,14.90,2.48,true,1,
3600523154821,false,שמפו אלביב הידרה קלוג600,קוסמטיקס,TR,שמפו אלביב,מיליליטרים,600.00,"100 מ""ל",false,1,14.90,2.48,true,1,
3600523154838,false,שמפו אלביב קולור פרופ600,קוסמטיקס,TR,שמפו אלביב,מיליליטרים,600.00,"100 מ""ל",false,1,14.90,2.48,true,1,
3600523154845,false,שמפו אלביב נוטרי גלוס600,קוסמטיקס,TR,שמפו אלביב נוטרי גלוס600,מיליליטרים,600.00,"100 מ""ל",false,1,14.90,2.48,true,1,
3600523154852,false,שמפו אלביב אנטי ברקא600,קוסמטיקס,TR,שמפו אלביב אנטי ברקא600,מיליליטרים,600.00,"100 מ""ל",false,1,14.90,2.48,true,1,
3600523154869,false,שמפו אלביב רה-נוטרישן600,קוסמטיקס,TR,שמפו אלביב,מיליליטרים,600.00,"100 מ""ל",false,1,14.90,2.48,true,1,
3600523159178,false,מרכך אלביב רה-נוטרישן600,קוסמטיקס,TR,מרכך אלביב,מיליליטרים,600.00,"100 מ""ל",false,1,14.90,2.48,true,1,
3600523165742,false,שמפו אלביב 6 שמנים 600מל,קוסמטיקס,TR,שמפו אלביב,מיליליטרים,600.00,"100 מ""ל",false,1,14.90,2.48,true,1,
3600523171040,false,מרכך אלביב 6 שמנים 600מל,קוסמטיקס,TR,מרכך אלביב,מיליליטרים,600.00,"100 מ""ל",false,1,14.90,2.48,true,1,
3600540006165,false,חלב פנים רג.אסנשיאל200מל,קוסמופול,PL,חלב פנים,מיליליטרים,200.00,"100 מ""ל",false,0,25.00,12.50,true,1,
3600540308603,false,צבע קולור נטורלס שחור 1,קוסמופול,PL,צבע לשיער גרנייה,יחידה,1.00,יחידה,false,0,18.90,18.90,true,1,
3600540308610,false,צבע קולור נטורלס חום 3,קוסמופול,PL,צבע לשיער גרנייה,יחידה,1.00,יחידה,false,0,18.90,18.90,true,1,
3600540308627,false,צבע קולור נטורלס חום 4,קוסמופול,PL,צבע לשיער גרנייה,יחידה,1.00,יחידה,false,0,18.90,18.90,true,1,
3600540308634,false,צבע קולור נטורלס חום 5,קוסמופול,PL,צבע לשיער גרנייה,יחידה,1.00,יחידה,false,0,18.90,18.90,true,1,
3600540308641,false,צבע קולור נטורלס בלונד 6,קוסמופול,PL,צבע לשיער גרנייה,יחידה,1.00,יחידה,false,0,18.90,18.90,true,1,
3600540308658,false,צבע קולור נטורלס בלונד 7,קוסמופול,PL,צבע לשיער גרניה,יחידה,1.00,יחידה,false,0,18.90,18.90,true,1,
3600540308665,false,צבע קולור נטורלס בלונד 8,קוסמופול,PL,צבע לשיער גרנייה,יחידה,1.00,יחידה,false,0,18.90,18.90,true,1,
3600540308689,false,קולור נטורלס בלונד 10,קוסמופול,PL,צבע לשיער גרנייה,יחידה,1.00,יחידה,false,0,18.90,18.90,true,1,
3600540308696,false,צבע קולור נטורלס שחור2.1,קוסמופול,PL,צבע לשיער גרניה,יחידה,1.00,יחידה,false,0,18.90,18.90,true,1,
3600540308719,false,צבע קולור נטורלס 8.1,קוסמופול,PL,צבע לשיער גרנייה,יחידה,1.00,יחידה,false,0,18.90,18.90,true,1,
3600540308740,false,צבע קולור נטורלס 6.25,קוסמופול,PL,צבע לשיער גרניה,יחידה,1.00,יחידה,false,0,18.90,18.90,true,1,
3600540308757,false,צבע קולור נטורלס 4.26,קוסמופול,FR,צבע לשיער גרנייה,יחידה,1.00,יחידה,false,0,18.90,18.90,true,1,
3600540308788,false,צבע קולור נטורלס חום 5.3,קוסמופול,PL,צבע לשיער גרנייה,יחידה,1.00,יחידה,false,0,18.90,18.90,true,1,
3600540308801,false,צבע קולור נטורלס 7.3,קוסמופול,PL,צבע לשיער גרנייה,יחידה,1.00,יחידה,false,0,18.90,18.90,true,1,
3600540308863,false,צבע קולור נטורלס 5.52,קוסמופול,PL,צבע לשיער גרנייה,יחידה,1.00,יחידה,false,0,18.90,18.90,true,1,
3600540308887,false,צבע קולור נטורלס 6.66,קוסמופול,PL,צבע לשיער גרנייה,יחידה,1.00,יחידה,false,0,18.90,18.90,true,1,
3600540308900,false,צבע קולור נטורלס 111,קוסמופול,FR,צבע ש.גרנייה,יחידה,1.00,יחידה,false,0,18.90,18.90,true,1,
3600540764294,false,גרנייה אסנשאל ק.יום לע.ר,קלסרואה,FR,קרם יום אסנשאל,מיליליטרים,50.00,"100 מ""ל",false,0,45.00,90.00,true,1,
3600540817457,false,ג'ל ניקוי לעור רגיל200מל,קוסמופול,PL,ג'ל ניקוי לפנים,מיליליטרים,200.00,"100 מ""ל",false,0,25.00,12.50,true,1,
3600541014305,false,צבע קולור נטורלס 1/2 4,קוסמופול,PL,צבע לשיער גרנייה,יחידה,1.00,יחידה,false,0,18.90,18.90,true,1,
3600541029323,false,מס.איפור אסנשיאל 2ב1 200,סופרויאל,FR,מסיר איפור,מיליליטרים,200.00,"100 מ""ל",false,0,25.00,12.50,true,1,
3600541033405,false,דאודורנט ספריי קאלם 150מ,סופרוקוס,IL,דאו.גרנייה,מיליליטרים,150.00,"100 מ""ל",false,0,11.90,7.93,true,1,
3600541033412,false,דאודורנט ספריי דריי 150מ,סופרוקוס,IL,דאו.גרנייה,מיליליטרים,150.00,"100 מ""ל",false,0,11.90,7.93,true,1,
3600541126022,false,ק. ידיים גרנייה  שיאה100,סופרויאל,IL,ק. ידיים גרנייה  שיאה100,מיליליטרים,100.00,"100 מ""ל",false,0,9.70,9.70,true,1,
3600541205482,false,פיור אנרגי גרגירים 150מל,סופרויאל,FR,פיור אנרגי גרגירים 150מל,מיליליטרים,150.00,"100 מ""ל",false,0,29.70,19.80,true,1,
3600541205840,false,פיור פירות אנרגטי ג'ל200,קוסמופול,PL,פיור פירות אנרגטי ג'ל200,מיליליטרים,200.00,"100 מ""ל",false,0,29.70,14.85,true,1,
3600541269255,false,לחות לעור יבש מויסט מאץ,סופרויאל,FR,לחות לעור יבש,מיליליטרים,50.00,"100 מ""ל",false,0,35.00,70.00,true,1,
3600541269286,false,לחות צהובSPF מויסטר50מל,סופרויאל,PL,לחות לעור,מיליליטרים,50.00,"100 מ""ל",false,0,35.00,70.00,true,1,
3600541276932,false,דאודורנט נאו קרם - כתום,סופרוקוס,IL,דאו.גרנייה NEO,מיליליטרים,40.00,"100 מ""ל",false,0,15.00,37.50,true,1,
3600541276970,false,דאודורנט נאו קרם - סגול,סופרוקוס,IL,דאו.גרנייה NEO,מיליליטרים,40.00,"100 מ""ל",false,0,15.00,37.50,true,1,
3600541295308,false,"פיור פחם ג'ל ניקוי 50מ""ל",סופרויאל,FR,ג'יל ניקוי פיור,גרמים,50.00,100 גרם,false,0,35.00,70.00,true,1,
3600541299450,false,olia חום זהוב גוון 5.3 י,ליברמו,BE,צבע שיער גרנייה,יחידה,1.00,יחידה,false,0,40.70,40.70,true,1,
3600541299474,false,olia חום בהיר גוון6.0,ליברמו,BE,צבע שיער גרנייה,יחידה,1.00,יחידה,false,0,40.70,40.70,true,1,
3600541382930,false,תמיסת מיסלר מסיר איפור,קוסמופול,IL,מסיר איפור,מיליליטרים,400.00,"100 מ""ל",false,0,31.90,7.98,true,1,
3600541448179,false,"דאו.רול אינביזיבל 50 מ""ל",ליברמו,BE,דאודורנט גרנייה,מיליליטרים,50.00,"100 מ""ל",false,1,10.00,20.00,true,1,
3600541448384,false,"דאו.רול רול קלאם 50 מ""ל",ליברמו,BE,דאודורנט גרנייה,מיליליטרים,50.00,"100 מ""ל",false,1,10.00,20.00,true,1,
3600541448438,false,דאו.רול אינביזיבל קול50מ,ליברמו,BE,דאודורנט גרנייה,מיליליטרים,50.00,"100 מ""ל",false,1,10.00,20.00,true,1,
3600541448476,false,"דאו.רול קונטרול 50 מ""ל",ליברמו,BE,דאודורנט גרנייה,מיליליטרים,50.00,"100 מ""ל",false,1,10.00,20.00,true,1,
3600541466197,false,"דאודורנט פרו5 סגול150מ""ל",סופרוקוס,FR,דאו.גרנייה,מיליליטרים,150.00,"100 מ""ל",false,1,11.90,7.93,true,1,
3600541466265,false,דאודורנט  פרו5 ורוד150מ,סופרוקוס,FR,דאו.גרנייה,מיליליטרים,150.00,"100 מ""ל",false,1,11.90,7.93,true,1,
3600541474406,false,דאודורנט רול פרו5 סגול50,קוסמופול,PL,דאו.גרנייה,מיליליטרים,50.00,"100 מ""ל",false,1,10.00,20.00,true,1,
3600541474499,false,דאודורנט רול פרו5 ורוד50,קוסמופול,PL,דאו.גרנייה,מיליליטרים,50.00,"100 מ""ל",false,1,10.00,20.00,true,1,
3607342733817,false,"אדידס גט רדי לגבר 100מ""ל",COTY,IL,אדידס א.ד.ט,מיליליטרים,100.00,"100 מ""ל",false,0,47.80,47.80,true,1,
3607345675640,false,דאו.אדידס מקס אייס200מ,COLEPCCL,IL,דאו.אדידס מקס אייס200מ,מיליליטרים,200.00,"100 מ""ל",false,0,15.00,7.50,true,1,
3607345852287,false,דאו.אקסטרים פאוור51גר,COTY,MC,דאו.אקסטרים,גרמים,51.00,100 גרם,false,0,15.00,29.41,true,1,
3607345907994,false,"דאו.אדידס ספריי 150 מ""ל",אגריפק אס איי,PL,דאו.אדידס,מיליליטרים,150.00,"100 מ""ל",false,0,15.00,10.00,true,1,
3607347386308,false,דאו.אדידס מקס ספורט 200,COLEPCCL,IL,דאודורנט אדידס,מיליליטרים,200.00,"100 מ""ל",false,0,15.00,7.50,true,1,
3608580730248,false,קונפיטורת דובדבנים 370ג,אנדורס,FR,קונפיטורת דובדבן,גרמים,370.00,100 גרם,false,1,12.90,3.49,true,1,
3608580730255,false,קונפיטורת משמש 370 גרם,אנדורס,FR,קונפיטורת משמש,גרמים,370.00,100 גרם,false,1,12.90,3.49,true,1,
3608580730286,false,קונפיטורת ארבע פירות370ג,אנדורס,FR,קונפיטורת פירות,גרמים,370.00,100 גרם,false,1,12.90,3.49,true,1,
3608580730323,false,קונפיטורת פטל 370 גרם,אנדורס,FR,קונפיטורת פטל,גרמים,370.00,100 גרם,false,1,12.90,3.49,true,1,
3661163934945,false,דאו.סטיק אדידס דינמיק51ג,COTY,GB,דאודורנט אדידס,גרמים,51.00,100 גרם,false,0,15.00,29.41,true,1,
3661163934952,false,דאו.סטיק אדידס אייס 51גר,COTY,MC,דאודורנט אדידס,גרמים,51.00,100 גרם,false,0,15.00,29.41,true,1,
3661163934983,false,דאו.סטיק אדידס טים פורס,COTY,GB,דאודורנט אדידס,גרמים,51.00,100 גרם,false,0,15.00,29.41,true,1,
3661163970448,false,דאו.אדידס A3 פרש לגבר200,COLEPCCL,PT,דאודורנט אדידס,מיליליטרים,200.00,"100 מ""ל",false,0,15.00,7.50,true,1,
3661163990781,false,דאו.אדידס A3 פרולול 200מ,COLEPCCL,GB,דאו.אדידס A3 פרולול 200מ,מיליליטרים,200.00,"100 מ""ל",false,0,15.00,7.50,true,1,
3700230200771,false,בגט צרפתי,International Neuhauser,IL,בגט צרפתי,יחידה,1.00,יחידה,false,0,5.90,5.90,true,1,
3838824127163,false,צבע סמי קיט פלטה מס10-1',הנקל סוד,DE,צבעי שיער פלטה,יחידה,1.00,יחידה,false,0,18.90,18.90,true,1,
3838824127224,false,צבע פלטה סמי קיט מס4-0',הנקל סוד,DE,צבעי שיער פלטה,יחידה,1.00,יחידה,false,0,18.90,18.90,true,1,
3838824127286,false,צבע סמי קיט פלטה מס7-0',הנקל סוד,DE,צבעי שיער פלטה,יחידה,1.00,יחידה,false,0,18.90,18.90,true,1,
3838824127309,false,צבע סמי קיט פלטה מס8-0',הנקל סוד,DE,צבע לשיער פלטה,יחידה,1.00,יחידה,false,0,18.90,18.90,true,1,
3838824127507,false,צבע סמי קיט פלטה מ4-60.,הנקל סוד,DE,צבע לשיער פלטה,יחידה,1.00,יחידה,false,0,18.90,18.90,true,1,
3838824127682,false,צבע סמי קיט פלטה מ10-2.,הנקל סוד,DE,צבע לשיער פלטה,יחידה,1.00,יחידה,false,0,18.90,18.90,true,1,
3838824129020,false,צבע לשיער פלטה קיט 1-0,הנקל סוד,DE,צבע לשיער פלטה,יחידה,1.00,יחידה,false,0,24.90,24.90,true,1,
3838824193915,false,צבע סמי קיט פלטה מס1-0',הנקל סוד,IL,צבע סמי קיט פלטה,יחידה,1.00,יחידה,false,0,18.90,18.90,true,1,
3838824240275,false,צבע סמי קיט פלטה 6-65 יח,הנקל סוד,IL,צבע לשיער פלטה,יחידה,1.00,יחידה,false,0,18.90,18.90,true,1,
4000508037351,false,קפה קרונונג פילטר 250גרם,מונדלייז,DE,קפה קרונונג,גרמים,250.00,100 גרם,false,0,25.30,10.12,true,1,
4000869055261,false,הפי מלח למדיח,,IL,הפי מלח למדיח,קילוגרמים,2.00,"ק""ג",false,0,12.80,6.40,true,1,
4001518000298,false,עוגיות שוקולד צ'יפס150ג,גריסון,DE,עוגיות שוקוציפס,גרמים,150.00,100 גרם,false,0,7.90,5.27,true,1,
4001518102961,false,פת חיטה 250 גרם,גריסון,DE,פת חיטה,גרמים,250.00,100 גרם,false,0,8.90,3.56,true,1,
4002448017684,false,"סיליט באנג ספריי 750 מ""ל",רקיט בנקיזר,IL,סיליט באנג ספריי,מיליליטרים,750.00,"100 מ""ל",false,0,10.90,1.45,true,1,
4002448019480,false,סיליט באנג מסיר שומן750מ,רקיט בנקיזר,IT,סיליט באנג,מיליליטרים,750.00,"100 מ""ל",false,0,10.90,1.45,true,1,
4002720005736,false,קפה פילטר מליטה 250 גרם,Kaffee Melitta,DE,קפה פילטר מליטה,גרמים,250.00,100 גרם,false,0,18.40,7.36,true,1,
4005808124787,false,ג'ל רחצה ניוואה רילקס750,ביירסדורץ,,ג'ל רחצה ניוואה,מיליליטרים,750.00,"100 מ""ל",false,0,15.00,2.00,true,1,
4005808128273,false,ניוואה ג'ל רחצה לגבר500מ,ביירסדורץ,DE,ניוואה ג'ל רחצה,מיליליטרים,500.00,"100 מ""ל",false,0,15.00,3.00,true,1,
4005808236077,false,תח.גוף ניוואה ע.רגיש 500,ביירסדורץ,IL,תחליב גוף ניוואה,מיליליטרים,500.00,"100 מ""ל",false,0,25.00,5.00,true,1,
4005808237470,false,תחליב גוף ניוואה400מQ10,ביירסדורץ,IL,תחליב גוף ניוואה,מיליליטרים,400.00,"100 מ""ל",false,0,25.00,6.25,true,1,
4005808500000,false,לבלו שפתון ליובש כחול,אלפא קוסמטיקה,DE,לבלו שפתון,יחידה,1.00,יחידה,false,0,12.40,12.40,true,1,
4005808571246,false,מ.איפור עיניים דו פאז125,.,IL,מסיר איפור,מיליליטרים,125.00,"100 מ""ל",false,1,29.90,23.92,true,1,
4005808670314,false,קרם לחות לעור רגיל/מעורב,ביירסדורץ,IL,קרם לחות,מיליליטרים,50.00,"100 מ""ל",false,0,44.90,89.80,true,1,
4005808670611,false,קרם לחות לעור יבש/רגיש50,ביירסדורץ,IL,קרם לחות,מיליליטרים,50.00,"100 מ""ל",false,0,44.90,89.80,true,1,
4005808813001,false,תחל.לאחר גילוח מרענן100מ,ביירסדורץ,DE,אפטר שייב ניוואה,מיליליטרים,100.00,"100 מ""ל",false,0,39.90,39.90,true,1,
4005808813063,false,תחל.לאחר גילוח-ע.רגיש100,ביירסדורץ,DE,ניוואה אפטר שייב,מיליליטרים,100.00,"100 מ""ל",false,0,39.90,39.90,true,1,
4005808817405,false,ג'ל גילוח ניוואה.רגיש200,ביירסדורץ,DE,ג'ל גילוח ניוואה,מיליליטרים,200.00,"100 מ""ל",false,0,17.70,8.85,true,1,
4005808817726,false,ניוואה קרם גילוח לגבר100,ביירסדורץ,DE,קרם גילוח לגבר,מיליליטרים,100.00,"100 מ""ל",false,0,13.10,13.10,true,1,
4005808828869,false,דאו.אקווה קול רול און50מ,ביירסדורץ,DE,דאודורנט,מיליליטרים,50.00,"100 מ""ל",false,0,15.00,30.00,true,1,
4005808837137,false,קרם לחות אנטי אייג' 50מל,ביירסדורץ,IL,קרם לחות,מיליליטרים,50.00,"100 מ""ל",false,0,49.90,99.80,true,1,
4005808847020,false,קרם לחות אקווה סנסיישן50,ביירסדורץ,PL,קרם לחות,מיליליטרים,50.00,"100 מ""ל",false,0,60.00,120.00,true,1,
4005808890507,false,"ניוואה סופט 200 מ""ל",ביירסדורץ,ES,קרם ניוואה סופ,מיליליטרים,200.00,"100 מ""ל",false,0,24.90,12.45,true,1,
4005808908585,false,דאו.ניוואה פאודר טאץ150מ,ביירסדורץ,IL,דאודורנט ניוואה,מיליליטרים,150.00,"100 מ""ל",false,0,15.00,10.00,true,1,
4005900036445,false,דאו.ניוואה איניויסיבל50,ביירסדורץ,IL,דאודורנט ניוואה,מיליליטרים,50.00,"100 מ""ל",false,0,15.00,30.00,true,1,
4005900036506,false,דאו.ניוואה בלק&וויט רול,ביירסדורץ,DE,דאודורנט ניוואה,מיליליטרים,50.00,"100 מ""ל",false,0,15.00,30.00,true,1,
4005900036568,false,דאו.ניוואה בלק&וויט 150מ,ביירסדורץ,DE,דאודורנט ניוואה,מיליליטרים,150.00,"100 מ""ל",false,0,15.00,10.00,true,1,
4005900136848,false,"תחליב רחצה סמוז 750 מ""ל",BEIERSDORT,DE,תחליה רחצה,מיליליטרים,750.00,"100 מ""ל",false,1,15.00,2.00,true,1,
4005900816009,false,ניוואה ספרי פרש לגבר150מ,ביירסדורץ,DE,דאודורנט ניוואה,מיליליטרים,150.00,"100 מ""ל",false,0,15.00,10.00,true,1,
4005900816108,false,ניוואה רולאון יבש לגבר50,ביירסדורץ,DE,דאודורנט ניוואה,מיליליטרים,50.00,"100 מ""ל",false,0,15.00,30.00,true,1,
4005900816115,false,ניוואה רול און יבש לאישה,ביירסדורץ,DE,דאודורנט ניוואה,מיליליטרים,50.00,"100 מ""ל",false,0,15.00,30.00,true,1,
4005900828088,false,ניוואה רולאון פרש לגבר50,ביירסדורץ,DE,דאודורנט ניוואה,מיליליטרים,50.00,"100 מ""ל",false,0,15.00,30.00,true,1,
4006067084225,false,קפה נמס ארומה עשירה100גר,מ.דוידס,PL,קפה נמס דוידוף,גרמים,100.00,100 גרם,false,0,21.70,21.70,true,1,
4006508200009,false,מליטה 40 נייר פילטר מס2',Kaffee Melitta,DE,נייר לקפה פילטר,יחידה,1.00,יחידה,false,0,8.90,8.90,true,1,
4006952005731,false,עוגיות קרמל ללא גלוטן125,שופרסל,DE,עוגיות ללא גלוטן,גרמים,125.00,100 גרם,false,0,11.90,9.52,true,1,
4008402101772,false,קיווי ספוג הברקה חום,ג'ונסון,FR,קיווי ספוג הברקה,יחידה,1.00,יחידה,false,0,14.90,14.90,true,1,
4008429056710,false,ויסקס ביף 400 גרם,מרס,PL,ויסקס ביף,גרמים,400.00,100 גרם,false,1,9.80,2.45,true,1,
4008500006337,false,אוטן פמלי קייר סטיק 50 מ,ג'ונסון,IL,אוטן סטיק,מיליליטרים,50.00,"100 מ""ל",false,0,15.90,31.80,true,1,
4009300522935,false,תה ירוק לימונית+לואיזה20,טייקנה,DE,תה ירוק לואיזה,גרמים,30.00,100 גרם,false,0,19.70,65.67,true,1,
4009300522966,false,תה ירוק עם נענע 20 שק',טייקנה,IL,תה ירוק נענע,גרמים,30.00,100 גרם,false,0,19.70,65.67,true,1,
4009300525684,false,חליטת לימון ג'ינג'ר20שק,טייקנה,DE,חליטת לימון,גרמים,35.00,100 גרם,false,0,17.60,50.29,true,1,
4009300526438,false,תה ירוק קלאסי 20 שקיקים,טייקנה,DE,תה ירוק פומפדור,גרמים,30.00,100 גרם,false,0,19.70,65.67,true,1,
4009900013581,false,מארז סטיקס ספירמינט 5 יח,ריגלי,FR,מארז אורביט,גרמים,65.00,100 גרם,false,0,8.90,13.69,true,1,
4009900360937,false,איירווייז מיני אקליפטו42,ריגלי,PL,איירווייז מיני,גרמים,42.00,100 גרם,false,0,5.70,13.57,true,1,
4009900376600,false,איירווייז מיני אוכמניו42,ריגלי,PL,איירווייז מיני,גרמים,42.00,100 גרם,false,0,5.70,13.57,true,1,
4009900385824,false,מארז סטיקס פפרמינט 5 יח',ריגלי,FR,מארז אורביט,גרמים,65.00,100 גרם,false,0,8.90,13.69,true,1,
4009900387101,false,אורביט פרופשיונל מנטה3יח,ריגלי,PL,אורביט שלישיה,גרמים,42.00,100 גרם,false,0,8.90,21.19,true,1,
4009900405713,false,איירווייז מיני אניס+מנ42,ריגלי,PL,איירווייז מיני,גרמים,42.00,100 גרם,false,0,5.70,13.57,true,1,
4009900420303,false,אורביט פרופשנ.ספירמינ3יח,ריגלי,PL,אורביט שלישייה,גרמים,42.00,100 גרם,false,0,8.90,21.19,true,1,
4009900460187,false,סוכ.סקיטלס פירות יער38ג,ריגלי,CZ,סוכריות סקיטלס,גרמים,38.00,100 גרם,false,1,2.90,7.63,true,1,
4009900465304,false,סוכריות סקיטלס חמוץ174גר,ריגלי,CZ,סוכריות סקיטלס,גרמים,174.00,100 גרם,false,0,8.80,5.06,true,1,
4009900476881,false,סוכ.סקיטלס קונפיוזד174גר,ריגלי,CZ,סוכריות סקיטלס,גרמים,174.00,100 גרם,false,1,8.80,5.06,true,1,
4009900484008,false,אורביט בקבוקMאקליפטוס84ג,ריגלי,PL,אורביט בקבוק,גרמים,84.00,100 גרם,false,0,10.00,11.90,true,1,
4009900484060,false,אורביט בקבוק M פפרמינט 8,ריגלי,PL,אורביט בקבוק,גרמים,84.00,100 גרם,false,0,10.00,11.90,true,1,
4009900484091,false,אורביט בקבוק M ספירמינ84,ריגלי,PL,אורביט בקבוק,גרמים,84.00,100 גרם,false,0,10.00,11.90,true,1,
4009900484305,false,אורביט בקבוקMסוויטמינט84,ריגלי,PL,אורביט בקבוק,גרמים,84.00,100 גרם,false,0,10.00,11.90,true,1,
4009900487283,false,אורביט סטיקס פירות 5יח',ריגלי,FR,מארז אורביט,גרמים,65.00,100 גרם,false,0,8.90,13.69,true,1,
4009900488709,false,מיני וויט מנטה3י14*גרם,ריגלי,PL,אורביט מיני וויט,גרמים,42.00,100 גרם,false,0,5.70,13.57,true,1,
4009900503952,false,אורביט בבלמינט grab&go,ריגלי,PL,מסטיק אורביט,גרמים,56.00,100 גרם,false,1,10.90,19.46,true,1,
4009900504126,false,אורביט פפרמינט grab&go,ריגלי,PL,מסטיק אורביט,גרמים,56.00,100 גרם,false,1,10.90,19.46,true,1,
4009900504218,false,אורביט תפוז בקבוקון64ג,ריגלי,PL,אורביט בקבוקון,גרמים,64.00,100 גרם,false,1,9.90,15.47,true,1,
4011100001220,false,מיני מרס בשקית 403 גרם,לינדט ושפרונגלי קילשברג,IL,מיני מרס,גרמים,403.00,100 גרם,false,0,20.90,5.19,true,1,
4011700431502,false,אפטר שייב טבק לגבר 300מל,.,,אפטר שייב טבק,מיליליטרים,300.00,"100 מ""ל",false,0,280.00,93.33,true,1,
4011800251154,false,קונפיטורה תות שדה 340 גר,Schwartauer,IL,קונפיטורה תות,גרמים,340.00,100 גרם,false,0,14.90,4.38,true,1,
4011800251253,false,קונפיטורה פטל 340 גרם,Schwartauer,IL,קונפיטורה פטל,גרמים,340.00,100 גרם,false,0,14.90,4.38,true,1,
4011800251550,false,קונפיטורת דובדבן שחור340,Schwartauer,IL,קונפיטורת דובדבן,גרמים,340.00,100 גרם,false,0,14.90,4.38,true,1,
4011800568610,false,קורני סנדוויץ קרם חלב4יח,Schwartauer,IL,קורני סנדוויץ,גרמים,120.00,100 גרם,false,0,11.90,9.92,true,1,
4011800628512,false,קורני חט.דגנים+שוקולד6יח,Schwartauer,DE,קורני חטיף דגנים,גרמים,150.00,100 גרם,false,0,11.90,7.93,true,1,
4011800630515,false,קורני 6חט.דגנים+שוק+בננה,Schwartauer,DE,קורני חטיף דגנים,גרמים,150.00,100 גרם,false,0,11.90,7.93,true,1,
4011800632519,false,קורני חטיפי קוקוס שוק6יח,Schwartauer,DE,קורני חטיף דגנים,גרמים,150.00,100 גרם,false,0,11.90,7.93,true,1,
4011800633516,false,6קורני+שוק.מריר58% קקאו,Schwartauer,IL,קורני חטיף דגנים,גרמים,138.00,100 גרם,false,0,11.90,8.62,true,1,
4011800636517,false,קורני FREE שוקולד חלב6יח,Schwartauer,IL,קורני חטיף דגנים,גרמים,120.00,100 גרם,false,0,11.90,9.92,true,1,
4014400901191,false,בונבוניירה מרסי 250 גרם,שטורק,DE,בונבוניירת מרסי,גרמים,250.00,100 גרם,false,0,27.30,10.92,true,1,
4014400901412,false,מרסי מריר 250 גרם,שטורק,DE,מרסי מריר,גרמים,250.00,100 גרם,false,0,27.30,10.92,true,1,
4014400904390,false,סוכ.ממולאות טעם חלב325גר,שטורק,DE,סוכר.ממולאות,גרמים,325.00,100 גרם,false,0,19.60,6.03,true,1,
4014400907902,false,סוכ.וורטר ל.סוכר בוקס42ג,שטורק,DE,סוכריות וורטר,גרמים,42.00,100 גרם,false,0,6.20,14.76,true,1,
4014400909692,false,סוכ.וורטר קפה ללא סוכר42,שטורק,DE,סוכריות וורטר,גרמים,42.00,100 גרם,false,0,6.20,14.76,true,1,
4014400914245,false,שוקולד מרסי חלב מעולה100,שטורק,DE,שוקולד מרסי,גרמים,100.00,100 גרם,false,1,10.00,10.00,true,1,
4014400914252,false,שוק.מרסי אגוז לוז+שקד100,שטורק,DE,שוקולד מרסי,גרמים,100.00,100 גרם,false,1,10.00,10.00,true,1,
4014400914276,false,שוק.מרסי מריר מעולה100ג,שטורק,DE,שוקולד מרסי,גרמים,100.00,100 גרם,false,1,10.00,10.00,true,1,
4014400914696,false,סוכ.חמאה וורטר ל.סוכר80ג,שטורק,DE,סוכריות וורטר,גרמים,80.00,100 גרם,false,0,8.50,10.63,true,1,
4014400914924,false,סוכ.וורטר ללא סוכר קפה80,שטורק,DE,סוכריות וורטר,גרמים,80.00,100 גרם,false,0,8.50,10.63,true,1,
4014400916744,false,שוקולד מרסי מרציפן 112ג,שטורק,DE,שוקולד מרסי,גרמים,112.00,100 גרם,false,1,10.00,8.93,true,1,
4014400916751,false,שוקולד מרסי קרם נוגט112ג,שטורק,DE,שוקולד מרסי,גרמים,112.00,100 גרם,false,1,10.00,8.93,true,1,
4014400920857,false,"סוכ.וורטר לל""ס שוקולד70ג",שטורק,DE,סוכריות וורטר,גרמים,70.00,100 גרם,false,1,8.50,12.14,true,1,
4015000031394,false,"ספטיל מסיר כתמים 200 מ""ל",הנקל סוד,HU,ספטיל מסיר כתמים,מיליליטרים,200.00,"100 מ""ל",false,0,16.80,8.40,true,1,
4015000280211,false,דאו.רול און FA לימון 50מ,הנקל סוד,DE,דאו.רול און FA לימון 50מ,מיליליטרים,50.00,"100 מ""ל",false,0,9.90,19.80,true,1,
4015000527231,false,דאו.ספריי 200SPEEDSTE FA,הנקל סוד,DE,דאודורנט FA,מיליליטרים,200.00,"100 מ""ל",false,0,9.90,4.95,true,1,
4015000537094,false,שמפו גליס להגנת צבע 400מ,הנקל סוד,DE,שמפו גליס,מיליליטרים,400.00,"100 מ""ל",false,0,13.90,3.48,true,1,
4015000547536,false,מרכך גליס להגנת צבע 400מ,הנקל סוד,DE,מרכך גליס,מיליליטרים,400.00,"100 מ""ל",false,0,13.90,3.48,true,1,
4015000615884,false,"דאו.ספרי FA לימון 200מ""ל",הנקל סוד,DE,דאודורנט FA,מיליליטרים,200.00,"100 מ""ל",false,0,9.90,4.95,true,1,
4015000615891,false,דאו.ספריי FA אקווה 200מל,הנקל סוד,DE,דאודורנט FA,מיליליטרים,200.00,"100 מ""ל",false,0,9.90,4.95,true,1,
4015000975445,false,"מוס לשיער סאיוס 250 מ""ל",הנקל סוד,IL,מוס לעיצוב סאיוס,מיליליטרים,250.00,"100 מ""ל",false,0,21.90,8.76,true,1,
4015000976268,false,גליס שמפו מיליון גלוס400,הנקל סוד,DE,שמפו גליס,מיליליטרים,400.00,"100 מ""ל",false,0,13.90,3.48,true,1,
4015000976312,false,גליס מסכה מיליון גלוס150,הנקל סוד,DE,מסכת גליס,מיליליטרים,150.00,"100 מ""ל",false,0,24.90,16.60,true,1,
4015000980494,false,"סרום סאיוס קרטין 50 מ""ל",דה מיסלן לביס,SI,סרום סאיוס,מיליליטרים,50.00,"100 מ""ל",false,1,17.90,35.80,true,1,
4015000982610,false,צבע נקטרה3-0 שחור חום,הנקל סוד,IL,צבע לשיער נקטרה,יחידה,1.00,יחידה,false,0,20.00,20.00,true,1,
4015000991476,false,"מסכה סאיוס אולאו 250 מ""ל",הנקל סוד,SI,מסכה סאיוס,מיליליטרים,250.00,"100 מ""ל",false,1,17.90,7.16,true,1,
4015000991681,false,"שמפו סאיוס אוליו 750 מ""ל",הנקל סוד,GR,שמפו סאיוס,מיליליטרים,750.00,"100 מ""ל",false,0,13.90,1.85,true,1,
4015000996235,false,גליס מרכך ללא שטיפה400מ,הנקל סוד,IL,ספריי מרכך גליס,מיליליטרים,400.00,"100 מ""ל",false,0,34.90,8.73,true,1,
4015400057369,false,12 אולוויז עבה לילה,פרוקטר & גמבל,DE,תחבושות אולוויז,יחידה,1.00,יחידה,false,0,14.40,14.40,true,1,
4015400269793,false,טמפקס פרל סופר 18 יחידות,פרוקטר & גמבל,HU,טמפקס פרל סופר,יחידה,1.00,יחידה,false,0,28.10,28.10,true,1,
4015400285953,false,32טמפקס קומפ.מגה פק רגול,פרוקטר & גמבל,HU,טמפקס מגה פק,יחידה,1.00,יחידה,false,0,28.50,28.50,true,1,
4015400428657,false,15 אולוויז עבה לונג+,פרוקטר & גמבל,DE,15 אולוויז עבה לונג+,יחידה,1.00,יחידה,false,0,14.40,14.40,true,1,
4015400428688,false,16 אולוויז עבה נורמל+,פרוקטר & גמבל,DE,תחבושות אולוויז,יחידה,1.00,יחידה,false,0,14.40,14.40,true,1,
4015400434788,false,18 טמפקס פרל סופר פלוס,פרוקטר & גמבל,IL,טמפקס,יחידה,1.00,יחידה,false,0,28.10,28.10,true,1,
4015400556916,false,80מגני תח.אולוייז מגה פק,פרוקטר & גמבל,DE,מגן תחתון אולויז,יחידה,1.00,יחידה,false,0,21.90,21.90,true,1,
4015400564034,false,מגן תח.אולוייז מגה פק +L,פרוקטר & גמבל,IL,מגן תחתון אולויז,יחידה,1.00,יחידה,false,0,21.90,21.90,true,1,
4015400564454,false,68מגני תח.אולוייז מגה L,פרוקטר & גמבל,IL,מגן תחתון אולויז,יחידה,1.00,יחידה,false,0,21.90,21.90,true,1,
4015400598329,false,56אולוויז קוואטרו נורמל+,פרוקטר & גמבל,IL,תחבושות אולוויז,יחידה,1.00,יחידה,false,0,36.90,36.90,true,1,
4015400598381,false,48 אולוויז קוואטרו לונג+,פרוקטר & גמבל,IL,תחבושות אולוויז,יחידה,1.00,יחידה,false,0,36.90,36.90,true,1,
4015400598411,false,40 אולוויז קוואטרו לילה,פרוקטר & גמבל,IL,תחבושות אולוויז,יחידה,1.00,יחידה,false,0,36.90,36.90,true,1,
4015400649809,false,36פמפרס אקטיב בייבי שלב5,פרוקטר & גמבל,IL,חיתולי פמפרס,יחידה,1.00,יחידה,false,0,49.50,49.50,true,1,
4015400655268,false,60 אולוויז טוויטס מגה L,פרוקטר & גמבל,IL,מגן תחתון אולויז,יחידה,1.00,יחידה,false,0,17.90,17.90,true,1,
4015400657149,false,72אולוויז טוויטס מגה N,פרוקטר & גמבל,IL,מגן תחתון אולויז,יחידה,1.00,יחידה,false,0,17.90,17.90,true,1,
4015400669098,false,52 מגן תח.אולוייז דואו N,פרוקטר & גמבל,DE,מגן תחתון אולויז,יחידה,1.00,יחידה,false,1,19.90,19.90,true,1,
4015400675952,false,20 תח.אולוויז דואו לילה,פרוקטר & גמבל,IL,תחבושות אולוויז,יחידה,1.00,יחידה,false,0,22.90,22.90,true,1,
4015400681670,false,18אולוייז לילה וליו פק,,,תחבושות אולוייז,יחידה,1.00,יחידה,false,0,22.90,22.90,true,1,
4015400699811,false,28תח.אולוייז דואו נורמל+,,,תחבושות אולוייז,יחידה,1.00,יחידה,false,0,22.90,22.90,true,1,
4015400699958,false,32 תח.אולוייז משי נורמל,,,תחבושות אולוייז,יחידה,1.00,יחידה,false,0,22.90,22.90,true,1,
4015400700111,false,24 תח.אולוייז דואו לונג,,,תחבושות אולוייז,יחידה,1.00,יחידה,false,0,22.90,22.90,true,1,
4015400700272,false,20 תח.אולוייז דואו לילה,,,תחבושות אולוייז,יחידה,1.00,יחידה,false,0,22.90,22.90,true,1,
4015400715320,false,טמפקס קומפאק רגולר 22 יח,פרוקטר & גמבל,HU,טמפקס קומפאק,יחידה,1.00,יחידה,false,1,26.00,26.00,true,1,
4015400737032,false,108פמפרס אקטיב בייב שלב3,פרוקטר & גמבל,PL,חיתולי פמפרס,יחידה,1.00,יחידה,false,1,84.90,84.90,true,1,
4015400737117,false,78פמפרס אקטיב בייבי שלב5,פרוקטר & גמבל,PL,חיתולי פמפרס,יחידה,1.00,יחידה,false,1,84.90,84.90,true,1,
4015400737155,false,66פמפרס אקטיב בייבי שלב6,פרוקטר & גמבל,PL,חיתולי פמפרס,יחידה,1.00,יחידה,false,1,84.90,84.90,true,1,
4015400737315,false,96פמפרס אקטיב בייב שלב+4,פרוקטר & גמבל,PL,חיתולי פמפרס,יחידה,1.00,יחידה,false,1,84.90,84.90,true,1,
4015400742951,false,38אולוויז וליו פק לונג +,פרוקטר & גמבל,IL,מגן תחתון אולויז,יחידה,1.00,יחידה,false,1,17.90,17.90,true,1,
4015400745334,false,72 פמפרס מכנסונים מידה 4,פרוקטר & גמבל,PL,מכנסוני פמפרס,יחידה,1.00,יחידה,false,1,74.90,74.90,true,1,
4015400745365,false,64 פמפרס מכנסונים מידה 5,פרוקטר & גמבל,PL,מכנסוני פמפרס,יחידה,1.00,יחידה,false,1,74.90,74.90,true,1,
4015400824701,false,טמפקס פלאש רגיולר 30 יח',פרוקטר & גמבל,UA,טמפקס פלאש,יחידה,1.00,יחידה,false,0,31.60,31.60,true,1,
4015400824725,false,טמפקס פלאש סופר 30 יח',פרוקטר & גמבל,UA,טמפקס פלאש סופר,יחידה,1.00,יחידה,false,0,31.60,31.60,true,1,
4015400824749,false,טמפקס פלאש סופר פלוס30יח,פרוקטר & גמבל,UA,טמפקס פלאש,יחידה,1.00,יחידה,false,0,31.60,31.60,true,1,
4015600515492,false,פיירי פלטינום לימון720מל,פרוקטר & גמבל,CZ,נוזל לכלים פיירי,מיליליטרים,720.00,"100 מ""ל",false,0,9.80,1.36,true,1,
4015600581992,false,65טבליות פיירי הכל ב1,פרוקטר & גמבל,GB,טבליות למדיח,יחידה,1.00,יחידה,false,0,42.90,42.90,true,1,
4015600582319,false,50טבליות פיירי פלטינום,פרוקטר & גמבל,GB,טבליות למדיח,יחידה,1.00,יחידה,false,0,42.90,42.90,true,1,
4015600763299,false,"הד&שולדרס 2ב1- 600 מ""ל",פרוקטר & גמבל,IL,שמפו הד&שולדרס,מיליליטרים,600.00,"100 מ""ל",false,0,23.90,3.98,true,1,
4015600763572,false,שמפו הד&שולדרס לאישה 600,פרוקטר & גמבל,IL,שמפו הד&שולדרס,מיליליטרים,600.00,"100 מ""ל",false,0,23.90,3.98,true,1,
4015600770228,false,פנטן שמפו שמן משקם 600 מ,פרוקטר & גמבל,FR,שמפו פנטן שמן,מיליליטרים,600.00,"100 מ""ל",false,0,21.90,3.65,true,1,
4015600815233,false,פנטן שמפו לחות מוגברת600,פרוקטר & גמבל,IL,פנטן שמפו,מיליליטרים,600.00,"100 מ""ל",false,0,21.90,3.65,true,1,
4015600815271,false,פנטן מרכך לחות מוגברת600,פרוקטר & גמבל,IL,פנטן מרכך,מיליליטרים,600.00,"100 מ""ל",false,0,21.90,3.65,true,1,
4015600815318,false,שמפו פנטן מגע קטיפתי600מ,פרוקטר & גמבל,FR,שמפו פנטן,מיליליטרים,600.00,"100 מ""ל",false,0,21.90,3.65,true,1,
4015600815356,false,מרכך פנטן למגע משי 600 מ,פרוקטר & גמבל,FR,מרכך פנטן,מיליליטרים,600.00,"100 מ""ל",false,0,21.90,3.65,true,1,
4015600815394,false,"פנטן 2ב1 מגע משי 600  מ""",פרוקטר & גמבל,FR,פנטן 2ב1 מגע משי,מיליליטרים,600.00,"100 מ""ל",false,0,21.90,3.65,true,1,
4015600815516,false,שמפ.פנטן נוסחה קלאסית600,פרוקטר & גמבל,FR,שמפו פנטן,מיליליטרים,600.00,"100 מ""ל",false,0,21.90,3.65,true,1,
4015600815554,false,מרכך פנטן נוסחה קלאס600.,פרוקטר & גמבל,FR,מרכך פנטן,מיליליטרים,600.00,"100 מ""ל",false,0,21.90,3.65,true,1,
4015600815592,false,שמפו+מרכך פנטן קלאסי600מ,פרוקטר & גמבל,FR,שמפו + מרכך פנטן,מיליליטרים,600.00,"100 מ""ל",false,0,21.90,3.65,true,1,
4015600815639,false,"שמפו פנטן טבע 600 מ""ל",פרוקטר & גמבל,FR,שמפו פנטן טבע,מיליליטרים,600.00,"100 מ""ל",false,0,21.90,3.65,true,1,
4015600815677,false,"מרכך פנטן טבע 600 מ""ל",פרוקטר & גמבל,FR,מרכך פנטן טבע,מיליליטרים,600.00,"100 מ""ל",false,0,21.90,3.65,true,1,
4015600889333,false,סרום פנטן שמן משקם 100מל,פרוקטר & גמבל,IL,סרום שמן משקם,מיליליטרים,100.00,"100 מ""ל",false,0,32.70,32.70,true,1,
4017100379451,false,מיניס ליבניץ 120 גרם,באלסן,PL,מיניס ליבניץ,גרמים,120.00,100 גרם,false,0,7.40,6.17,true,1,
4025700001023,false,שוקולד אגוזים מילקה100גר,מונדלייז,DE,שוקולד מילקה,גרמים,100.00,100 גרם,false,0,7.50,7.50,true,1,
4028208000284,false,בריגיטה 80נייר פילטר מ4',Kaffee Melitta,IL,נייר לפילטר,יחידה,1.00,יחידה,false,0,12.00,12.00,true,1,
4033100013348,false,אל די ארוך חפיסה,jti,TR,אל די ארוך חפיסה,יחידה,1.00,יחידה,false,0,26.50,26.50,false,1,
4033100014499,false,אל די כחול חפיסה,jti,TR,אל די כחול חפיסה,יחידה,1.00,יחידה,false,0,26.50,26.50,false,1,
4033100014529,false,אל די סלימס חפיסה,jti,TR,אל די סלימס חפ.,יחידה,1.00,יחידה,false,0,26.50,26.50,false,1,
4033100024146,false,סיגריות ווינסטון קוד,jti,CH,סיגריות ווינסטון,יחידה,1.00,יחידה,false,0,31.50,31.50,false,1,
4043041008716,false,סוכ.דרופס פירות יער 33גר,ריגלי,CZ,דרופס פירות יער,גרמים,33.00,100 גרם,false,0,4.90,14.85,true,1,
4043400204988,false,מגב לחלונות,המברשת רוחמה,IL,מגב לחלונות,יחידה,1.00,יחידה,false,0,14.20,14.20,true,1,
4043400522020,false,מברשת רולר,המברשת רוחמה,IL,מברשת רולר,יחידה,1.00,יחידה,false,0,11.00,11.00,true,1,
4043400534160,false,"מקל איטלקי 130 ס""מ",המברשת רוחמה,IL,מקל איטלקי,יחידה,1.00,יחידה,false,0,7.10,7.10,true,1,
4043403534006,false,"מקל עץ 150 ס""מ",המברשת רוחמה,IL,מקל עץ,יחידה,1.00,יחידה,false,0,16.50,16.50,true,1,
4045787068221,false,פרוטאין קולור מס1',הנקל סוד,DE,פרוטאין קולור,יחידה,1.00,יחידה,false,0,13.90,13.90,true,1,
4045787068252,false,פרוטאין קולור מס1000.1',הנקל סוד,DE,פרוטאין קולור,יחידה,1.00,יחידה,false,0,13.90,13.90,true,1,
4045787068283,false,פרוטאין קולור מס1.1',הנקל סוד,DE,פרוטאין קולור,יחידה,1.00,יחידה,false,0,13.90,13.90,true,1,
4045787068306,false,פרוטאין קולור מס4',הנקל סוד,DE,פרוטאין קולור,יחידה,1.00,יחידה,false,0,13.90,13.90,true,1,
4045787068320,false,פרוטאין קולור מס5',הנקל סוד,DE,פרוטאין קולור,יחידה,1.00,יחידה,false,0,13.90,13.90,true,1,
4045787068467,false,פרוטאין קולור מס7',הנקל סוד,DE,פרוטאין קולור,יחידה,1.00,יחידה,false,0,13.90,13.90,true,1,
4045787068566,false,פרוטאין קולור מס8.3',הנקל סוד,DE,פרוטאין קולור,יחידה,1.00,יחידה,false,0,13.90,13.90,true,1,
4046234767650,false,קפה צ'יבו גולד סלקשין200,צ'יבו,PL,קפה צ'יבו,גרמים,200.00,100 גרם,false,1,19.80,9.90,true,1,
4046234794885,false,קפה צ'יבו בלאק נוויט200ג,צ'יבו,PL,קפה צ'יבו,גרמים,200.00,100 גרם,false,1,19.80,9.90,true,1,
4052197000017,false,"בירה בנדיקטינר 500 מ""ל",בנדיקטינר וויצבראו,DE,בירה בנדיקטינר,מיליליטרים,500.00,"100 מ""ל",false,0,11.80,2.36,true,1,
4052197000925,false,"בירה בנדיקטינר כהה500מ""ל",בנדיקטינר וויצבראו,DE,בירה בנדיקטינר,מיליליטרים,500.00,"100 מ""ל",false,0,11.80,2.36,true,1,
4053700288205,false,קרם להסרת שיער רגיש100מל,רקיט בנקיזר,FR,קרם להסרת שיער,מיליליטרים,100.00,"100 מ""ל",false,0,19.90,19.90,true,1,
4053700292455,false,ויט 12רצועות שעווה צמחית,רקיט בנקיזר,FR,רצועות שעווה ויט,יחידה,1.00,יחידה,false,0,24.90,24.90,true,1,
4056800563050,false,וולפלקס מוס מתולתל 200,פרוקטר & גמבל,DE,וולהפלקס מוס,מיליליטרים,200.00,"100 מ""ל",false,0,29.10,14.55,true,1,
4056800777853,false,קולסטון קיט חום מדיום,פרוקטר & גמבל,DE,קולסטון קיט,יחידה,1.00,יחידה,false,0,38.30,38.30,true,1,
4056800779031,false,קולסטון קיט חום מהגוני ב,פרוקטר & גמבל,DE,קולסטון קיט,יחידה,1.00,יחידה,false,0,38.30,38.30,true,1,
4056800943739,false,"חמצן וולה 6% 60 מ""ל",פרוקטר & גמבל,FR,חמצן וולה 6%,מיליליטרים,60.00,"100 מ""ל",false,0,5.10,8.50,true,1,
4056800943791,false,"חמצן וולה 9% 60 מ""ל",פרוקטר & גמבל,FR,חמצן וולה9%,מיליליטרים,60.00,"100 מ""ל",false,0,5.10,8.50,true,1,
4072700001188,false,בירה פרנסיסקאנר,,DE,בירה פרנסיסקאנר,מיליליטרים,500.00,"100 מ""ל",false,0,9.90,1.98,true,1,
4072700003649,false,בירה פרנסיסקאנר,,DE,בירה פרנסיסקאנר,מיליליטרים,500.00,"100 מ""ל",false,0,9.90,1.98,true,1,
4084500065536,false,פנטן קרם לחות מוגברת 300,פרוקטר & גמבל,IL,קרם לשיער פנטן,מיליליטרים,300.00,"100 מ""ל",false,0,22.80,7.60,true,1,
4084500065598,false,פנטן קרם לחות לתלתלים300,פרוקטר & גמבל,IL,קרם לשיער פנטן,מיליליטרים,300.00,"100 מ""ל",false,0,22.80,7.60,true,1,
4084500078758,false,אריאל פודס קפסולות 28 יח,פרוקטר & גמבל,IL,אריאל פודס,יחידה,1.00,יחידה,false,0,39.90,39.90,true,1,
4084500078796,false,אריאל פודס קולור 28 יח,פרוקטר & גמבל,IL,אריאל פודס קולור,יחידה,1.00,יחידה,false,0,39.90,39.90,true,1,
4084500149526,false,טייד ג'ל כביסה 2.48 ליטר,פרוקטר & גמבל,IL,טייד ג'ל,ליטרים,2.48,ליטר,false,0,27.70,11.17,true,1,
4084500178137,false,טייד ג'ל כביסה 4 ליטר,פרוקטר & גמבל,IL,טייד ג'ל כביסה,ליטרים,4.00,ליטר,false,0,37.60,9.40,true,1,
4084500178199,false,טייד ג'ל קולור 2.48 ליטר,פרוקטר & גמבל,IL,טייד ג'ל קולור 2.48 ליטר,ליטרים,2.48,ליטר,false,0,27.70,11.17,true,1,
4084500194380,false,הד&שולדרס שיער עבה 600מ,פרוקטר & גמבל,IL,שמפו הד&שולדרס,מיליליטרים,600.00,"100 מ""ל",false,1,23.90,3.98,true,1,
4084500264397,false,שמפו הד&שולדרס 2ב1- 600,פרוקטר & גמבל,IL,שמפו הד&שולדרס,מיליליטרים,600.00,"100 מ""ל",false,1,23.90,3.98,true,1,
4084500513570,false,אריאל נח.הרים2.47ל,פרוקטר & גמבל,IL,אריאל ג'ל,ליטרים,2.47,ליטר,false,0,31.90,12.91,true,1,
4084500513723,false,אריאל ג'ל נח.מרענן2.47ל,פרוקטר & גמבל,IL,אריאל ג'ל נח.מרענן2.47ל,ליטרים,2.47,ליטר,false,0,31.90,12.91,true,1,
4084500513792,false,אריאל ג'ל סנסטיב 2.47 לי,פרוקטר & גמבל,IL,אריאל ג'ל סנסטיב,ליטרים,2.47,ליטר,false,1,31.90,12.91,true,1,
4084500514027,false,אריאל ג'ל נח.הרים 3.95ל,פרוקטר & גמבל,IL,אריאל ג'ל,ליטרים,3.95,ליטר,false,0,39.90,10.10,true,1,
4084500853553,false,פיירי אורגינל 650מל,פרוקטר & גמבל,GB,נוזל כלים פיירי,מיליליטרים,650.00,"100 מ""ל",false,1,10.90,1.68,true,1,
4084500853690,false,פיירי תפוז 650מל,פרוקטר & גמבל,GB,נוזל כלים פיירי,מיליליטרים,650.00,"100 מ""ל",false,1,10.90,1.68,true,1,
4084500853836,false,"פיירי ורדים ומשי 515 מ""ל",פרוקטר & גמבל,GB,פיירי נוזל לכלים,מיליליטרים,515.00,"100 מ""ל",false,1,10.90,2.12,true,1,
4084500853898,false,פיירי אלוורה/מלפפונים515,פרוקטר & גמבל,GB,פיירי נוזל לכלים,מיליליטרים,515.00,"100 מ""ל",false,1,10.90,2.12,true,1,
4084500854048,false,פיירי לימון 1.24ל,פרוקטר & גמבל,GB,נוזל כלים פיירי,ליטרים,1.24,ליטר,false,1,15.90,12.82,true,1,
4084500854109,false,פיירי לימון 1.01 ליטר,פרוקטר & גמבל,GB,נוזל כלים פיירי,ליטרים,1.01,ליטר,false,1,15.90,15.74,true,1,
4084500920880,false,פיירי קלאסי 1.24ל,פרוקטר & גמבל,GB,נוזל כלים פיירי,ליטרים,1.24,ליטר,false,1,15.90,12.82,true,1,
4084500928077,false,פנטן שמפו לתלתלים 675מל,פרוקטר & גמבל,IL,שמפו פנטן,מיליליטרים,675.00,"100 מ""ל",false,1,21.90,3.24,true,1,
4100130937163,false,"בירה בקס 275*6 מ""ל",CO AND BECK,DE,בירה בקס 6 בקבוק,ליטרים,1.65,ליטר,false,1,29.90,18.12,true,1,
4139000105586,false,רוטב סויה קיקומן דל נתרן,קיקומן פודז אינק,US,רוטב סויה קיקומן,מיליליטרים,296.00,"100 מ""ל",false,1,24.00,8.11,true,1,
4210201043546,false,מברשת נטענת ויטליטיD12,פרוקטר & גמבל,DE,מברשת נטענת,יחידה,1.00,יחידה,false,1,99.90,99.90,true,1,
4210201822356,false,מב.פרו אקספורט  עם סוללה,פרוקטר & גמבל,IL,מברשת אורל בי,יחידה,1.00,יחידה,false,0,76.90,76.90,true,1,
4260147890513,false,ורמיצ'לי אט.ביצים דק500ג,,,ורמיצ'לי אט.ביצים דק500ג,גרמים,500.00,100 גרם,false,0,10.00,2.00,true,1,
4260147890537,false,אטריות ביצים רחבות 500גר,,,אטריות ביצים רחבות 500גר,גרמים,500.00,100 גרם,false,0,10.00,2.00,true,1,
4260147890711,false,אטריות ביצים מגולגול500ג,,,אטריות ביצים מגולגול500ג,גרמים,500.00,100 גרם,false,0,10.00,2.00,true,1,
4260272980097,false,חטיף תפוחי אדמה+רוזמרין,co & gmbh snack Aroma,DE,חטיף תפוחי אדמה,גרמים,110.00,100 גרם,false,0,11.90,10.82,true,1,
4260272980103,false,חטיף תפוחי אדמה+צ'ילי110,co & gmbh snack Aroma,DE,חטיף תפוחי אדמה,גרמים,110.00,100 גרם,false,0,11.90,10.82,true,1,
4603400000043,false,וודקה רוסקי,,,וודקה רוסקי,מיליליטרים,700.00,"100 מ""ל",false,0,64.90,9.27,true,1,
4606203001279,false,נקסט FF 10 יח',פיליפ מוריס,,נקסט FF חבילה,יחידה,1.00,יחידה,false,0,269.90,269.90,false,1,
4606203001293,false,נקסט 10 יח',פיליפ מוריס,,נקסט חבילה,יחידה,1.00,יחידה,false,0,269.90,269.90,false,1,
4710144802045,false,חטיף אורז מתוק אורגינלי,want-want,IL,חטיף אורז מתוק,גרמים,100.00,100 גרם,false,0,9.80,9.80,true,1,
4740034014609,false,וודקה קרמלין,,AY,וודקה קרמלין,מיליליטרים,750.00,"100 מ""ל",false,0,89.10,11.88,true,1,
4751004281181,false,שפרוטים,,,שפרוטים,גרמים,240.00,100 גרם,false,0,7.90,3.29,true,1,
4751005700643,false,פילה הרינג במיץ טבעי170ג,PIEJURA,LV,פילה הרינג,גרמים,170.00,100 גרם,false,1,6.90,4.06,true,1,
4751005700650,false,פילה הרינג+רוטב עגבנ170ג,PIEJURA,LV,פילה הרינג,גרמים,170.00,100 גרם,false,1,6.90,4.06,true,1,
4751005700698,false,פילה מקרל+רוטב עגבנ170גר,PIEJURA,LV,פילה מקרל,גרמים,170.00,100 גרם,false,1,8.90,5.24,true,1,
4751005700704,false,פילה מקרל במיץ טבעי170ג,PIEJURA,LV,פילה מקרל במיץ,גרמים,170.00,100 גרם,false,1,8.90,5.24,true,1,
4751005700810,false,סלמון במיץ טבעי 200 גרם,PIEJURA,LV,סלמון במיץ טבעי,גרמים,200.00,100 גרם,false,1,11.90,5.95,true,1,
4751005703316,false,שפרוטים מעושנים בשמן240ג,PIEJURA,LV,שפרוטים מעושנים,גרמים,240.00,100 גרם,false,1,8.90,3.71,true,1,
4751005703569,false,שפרוטים מעושנים בשמן250ג,PIEJURA,LV,שפרוטים מעושנים,גרמים,250.00,100 גרם,false,1,12.90,5.16,true,1,
4770608239138,false,ויסקס פאוץ' ביף 100 גרם,מרס,PL,ויסקס פאוץ',גרמים,100.00,100 גרם,false,1,4.90,4.90,true,1,
4800888148810,false,דאו.רקסונה רול און אקטיב,יוניליוור,PH,דאו.רקסונה,מיליליטרים,50.00,"100 מ""ל",false,0,18.70,37.40,true,1,
4800888148957,false,דאו.רקסונה רול און טלק50,יוניליוור,PH,דאודורנט רקסונה,מיליליטרים,50.00,"100 מ""ל",false,0,18.70,37.40,true,1,
4800888150080,false,דאו.דאב רול און ירוק 50,יוניליוור,IL,דאודורנט דאב,מיליליטרים,50.00,"100 מ""ל",false,0,14.90,29.80,true,1,
4800888150103,false,דאו.דאב רול און כחול 50,יוניליוור,IL,דאודורנט דאב,מיליליטרים,50.00,"100 מ""ל",false,0,14.90,29.80,true,1,
4800888542854,false,רקסונה רול און לינן דר50,יוניליוור,TR,דאו.רקסונה,מיליליטרים,50.00,"100 מ""ל",false,0,18.70,37.40,true,1,
4820060254153,false,וודקה בלגוף דאבל אספרסו,"אימיג' הולדינג בע""מ",UA,וודקה בלגוף,מיליליטרים,700.00,"100 מ""ל",false,1,39.90,5.70,true,1,
4891228430047,false,10 ס.גילוח אקסטרא 2 רגיש,שיק,CN,סכיני גילוח,יחידה,1.00,יחידה,false,0,19.90,19.90,true,1,
4891228460242,false,שיק קווטרו טיטניום נשים,שיק,CN,סכיני גילוח נשים,יחידה,1.00,יחידה,false,0,31.00,31.00,true,1,
4902430614450,false,2 אדוונטג' סופט35 להלבנה,פרוקטר & גמבל,IL,2 מברשות שיניים,יחידה,1.00,יחידה,false,1,26.90,26.90,true,1,
4903001904192,false,"רוטב סויה יאמאסה 500 מ""ל",יאמאסה,JP,רוטב סויה יאמאסה,מיליליטרים,500.00,"100 מ""ל",false,0,19.90,3.98,true,1,
5000146401568,false,וולייט 10 דפים שומרי צבע,רקיט בנקיזר,US,וולייט דפים,יחידה,1.00,יחידה,false,0,13.90,13.90,true,1,
5000146980322,false,קרם הסרת שיער פרחים 100מ,רקיט בנקיזר,FR,קרם להסרת שיער,מיליליטרים,100.00,"100 מ""ל",false,0,19.90,19.90,true,1,
5000159029469,false,סוכריות סקיטלס תפזורת198,ריגלי,CZ,סוכריות סקיטלס,גרמים,198.00,100 גרם,false,1,10.00,5.05,true,1,
5000159376655,false,סוכריות סקיטלס פירות38ג,ריגלי,CZ,סוכריות סקיטלס,גרמים,38.00,100 גרם,false,0,2.90,7.63,true,1,
5000159376792,false,סוכריות סקיטלס חמוץ 38 ג,ריגלי,CZ,סוכריות סקיטלס,גרמים,38.00,100 גרם,false,0,2.90,7.63,true,1,
5000159407236,false,חטיף מרס 51 גרם,מרס,NL,חטיף מרס,גרמים,51.00,100 גרם,false,0,3.90,7.65,true,1,
5000159459228,false,חטיף טוויקס 50 גרם,מרס,NL,חטיף טוויקס,גרמים,50.00,100 גרם,false,0,3.90,7.80,true,1,
5000159461122,false,חטיף סניקרס 50 גרם,מרס,NL,חטיף סניקרס,גרמים,50.00,100 גרם,false,0,3.90,7.80,true,1,
5000198285505,false,משחה פרדונטקס ג'ל 50 גרם,גלקסוסמיתקליין,GB,משחת שיניים,מיליליטרים,50.00,"100 מ""ל",false,0,20.90,41.80,true,1,
5000204657883,false,קיווי משחה חומה50מל,ג'ונסון,FR,קיווי משחה בחום,מיליליטרים,50.00,"100 מ""ל",false,0,5.90,11.80,true,1,
5000204657913,false,קיווי משחה שחורה50מל,ג'ונסון,FR,קיווי משחה בשחור,מיליליטרים,50.00,"100 מ""ל",false,0,5.90,11.80,true,1,
5000204658064,false,קיווי ספוג הברקה שחור,ג'ונסון,FR,קיווי ספוג הברקה,יחידה,1.00,יחידה,false,0,14.90,14.90,true,1,
5000204658187,false,קיווי נוזל נעליים שחור75,ג'ונסון,FR,קיווי נוזל,מיליליטרים,75.00,"100 מ""ל",false,0,14.90,19.87,true,1,
5000204690026,false,פלדג' 5 ב1- קלאסיק 250מל,ג'ונסון,NL,פלדג' 5 ב1-,מיליליטרים,250.00,"100 מ""ל",false,0,10.00,4.00,true,1,
5000207004172,false,פדים להנקה ג'ונסון 30יח',ג'ונסון,FR,רפידות הנקה,יחידה,1.00,יחידה,false,0,23.60,23.60,true,1,
5000213000359,false,"בירה גינס 330 מ""ל",תשלובת גינס,IE,בירה גינס,מיליליטרים,330.00,"100 מ""ל",false,1,13.80,4.18,true,1,
5000213014905,false,"בירה גינס פחית 440 מ""ל",קרלסברג ישראל,IE,בירה גינס פחית,מיליליטרים,440.00,"100 מ""ל",false,0,15.80,3.59,true,1,
5000267014203,false,ויסקי ג'וני ווקר,,,ויסקי ג'וני ווקר,מיליליטרים,700.00,"100 מ""ל",false,0,79.90,11.41,true,1,
5000394058019,false,8 סוללות דורסל AA,פרוקטר & גמבל,IL,8 סוללות דורסל,יחידה,1.00,יחידה,false,0,31.70,31.70,true,1,
5000394076952,false,4סוללות דורסל AA,פרוקטר & גמבל,IL,4סוללות דורסל AA,יחידה,1.00,יחידה,false,0,14.80,14.80,true,1,
5000394203358,false,סוללות דורסל AAA 8 יח,פרוקטר & גמבל,BE,סוללות דורסל,יחידה,1.00,יחידה,false,0,31.70,31.70,true,1,
5010029000023,false,ויטביקס-דגני חיטה 430גרם,וויטביקס,GB,וויטביקס דגנים,גרמים,430.00,100 גרם,false,0,29.90,6.95,true,1,
5010103800259,false,וויסקי ג'יי & בי,,IL,וויסקי ג'יי & בי,מיליליטרים,700.00,"100 מ""ל",false,0,89.90,12.84,true,1,
5010182996805,false,רייד מונע עש ריחני,זובילי,IL,רייד מונע עש,יחידה,1.00,יחידה,false,0,14.60,14.60,true,1,
5010182997253,false,רייד מקס קוטל ג'וקים300מ,ג'ונסון,NL,רייד מקס,מיליליטרים,300.00,"100 מ""ל",false,0,10.00,3.33,true,1,
5010182997338,false,ט.דאק ג'ל אסלה ירוק55מל,DEOFLOR,GB,דאק ג'ל נוזלי,מיליליטרים,55.00,"100 מ""ל",false,0,8.90,16.18,true,1,
5010182997680,false,"רייד קוטל זוחלים 300 מ""ל",ג'ונסון,NL,רייד נמלים,מיליליטרים,300.00,"100 מ""ל",false,0,10.00,3.33,true,1,
5010182997918,false,ט.דאק ג'ל אסלה נ.ים 55מל,DEOFLOR,IT,טואלט דאק ג'ל,מיליליטרים,55.00,"100 מ""ל",false,0,8.90,16.18,true,1,
5010327000046,false,"וויסקי גרנט'ס 700 מ""ל",גרנט'ס,SC,וויסקי גרנט'ס,מיליליטרים,700.00,"100 מ""ל",false,0,79.90,11.41,true,1,
5010677551281,false,"בקרדי בריזר לימון 275מ""ל","בקרדי בע""מ",DE,בקרדי בריזר,מיליליטרים,275.00,"100 מ""ל",false,0,9.90,3.60,true,1,
5010677551397,false,"בקרדי  לימון ליים 275מ""ל","בקרדי בע""מ",DE,בקרדי בריזר,מיליליטרים,275.00,"100 מ""ל",false,1,9.90,3.60,true,1,
5010677554398,false,"בקרדי בריזר אבטיח 275מ""ל","בקרדי בע""מ",DE,בקרדי בריזר,מיליליטרים,275.00,"100 מ""ל",false,0,9.90,3.60,true,1,
5010677554602,false,"בקרדי בריזר אפרסק 275מ""ל","בקרדי בע""מ",DE,בקרדי בריזר,מיליליטרים,275.00,"100 מ""ל",false,0,9.90,3.60,true,1,
5011099006090,false,חמאה אירלנדית 227 גרם,טופ אוף מונוגן,IE,חמאה אירלנדית,גרמים,227.00,100 גרם,false,1,10.90,4.80,true,1,
5011408027990,false,"אלנט ספריי לשיער ח""מ400",kozmetik canan,IL,אלנט ספריי לשיער,מיליליטרים,400.00,"100 מ""ל",false,0,29.60,7.40,true,1,
5011408053234,false,ק.לחות פעולה משולש.פרש50,קלסרואה,DE,קרם לחות,מיליליטרים,50.00,"100 מ""ל",false,0,55.00,110.00,true,1,
5011417540916,false,פיניש קואנטום 20טבליות,רקיט בנקיזר,PL,פיניש טבליות,יחידה,1.00,יחידה,false,0,24.90,24.90,true,1,
5011417548110,false,פיניש קוואנטום 40 טבליות,רקיט בנקיזר,PL,פיניש טבליות,יחידה,1.00,יחידה,false,0,39.90,39.90,true,1,
5011417552247,false,אירוויק נטול גז לילך345מ,רקיט בנקיזר,PL,אירוויק מבשם,מיליליטרים,345.00,"100 מ""ל",false,0,10.00,2.90,true,1,
5011417556832,false,"מבשם בדים לבנדר 345מ""ל",רקיט בנקיזר,PL,מבשם בדים לבנדר,מיליליטרים,345.00,"100 מ""ל",false,0,10.00,2.90,true,1,
5011417556849,false,אירוויק מבשם כביסה 345מל,רקיט בנקיזר,PL,מבשם כביסה ריחני,מיליליטרים,345.00,"100 מ""ל",false,0,10.00,2.90,true,1,
5012909010955,false,פטמה רב שלבי אוונט,אוונט,GB,פטמה אוונט,יחידה,1.00,יחידה,false,0,41.90,41.90,true,1,
5013261011116,false,וויסקי סקוטיש,,SC,וויסקי סקוטיש,מיליליטרים,700.00,"100 מ""ל",false,0,79.90,11.41,true,1,
5014271000411,false,מעדן ערמונים 284 גרם,סאן דלפור - שמבור,FR,מעדן ערמונים,גרמים,284.00,100 גרם,false,1,19.90,7.01,true,1,
5014271300429,false,מעד.משמש ל.תוספת סוכר284,סאן דלפור - שמבור,IL,מעדן מישמש,גרמים,284.00,100 גרם,false,0,19.90,7.01,true,1,
5014271330426,false,מעדן אוכמניות כחולות284ג,סאן דלפור - שמבור,FR,מעדן אוכמניות,גרמים,284.00,100 גרם,false,0,19.90,7.01,true,1,
5014271360423,false,מעד.תפוז ללא תוס.סוכר284,סאן דלפור - שמבור,FR,מעדן תפוזים,גרמים,284.00,100 גרם,false,0,19.90,7.01,true,1,
5014271370422,false,מעדן אפרסק 284 גרם,סאן דלפור - שמבור,FR,מעדן אפרסק 284 גרם,גרמים,284.00,100 גרם,false,0,19.90,7.01,true,1,
5014271390420,false,מע.פטל ללא תוספת סוכר284,סאן דלפור - שמבור,FR,מעדן פטל,גרמים,284.00,100 גרם,false,0,19.90,7.01,true,1,
5014271796147,false,מעדן רימון ופטל 284 גרם,סאן דלפור - שמבור,FR,מעדן רימון ופטל,גרמים,284.00,100 גרם,false,0,19.90,7.01,true,1,
5024546366609,false,וויסקי לאודרס,,,וויסקי לאודרס,מיליליטרים,700.00,"100 מ""ל",false,0,79.90,11.41,true,1,
5025970022918,false,ניוואה SPF15 ספריי 200מל,ביירסדורץ,DE,ניוואה סאן ספריי,מיליליטרים,200.00,"100 מ""ל",false,1,39.90,19.95,true,1,
5025970023342,false,קרם לחות לגבר שפופרת75מ,.,IL,קרם לחות,מיליליטרים,75.00,"100 מ""ל",false,1,39.90,53.20,true,1,
5029053000619,false,ממחטות אולטרה סופט טו גו,חוגלה קימברלי,IT,ממחטות אולטרה,יחידה,1.00,יחידה,false,0,8.50,8.50,true,1,
5029053002408,false,נ.ט. קלינקס לבן 9 גל.,חוגלה קימברלי,IL,נ.ט. קלינקס לבן 9 גל.,מטרים,276.00,100 מטר,false,0,33.90,12.28,true,1,
5029053002439,false,נ.ט.קלינקס צהוב 9 גל.,חוגלה קימברלי,GB,נ.ט.קלינקס צהוב 9 גל.,מטרים,276.00,100 מטר,false,0,33.90,12.28,true,1,
5029053009834,false,קלינקס קולקשן קוביה 56יח,חוגלה קימברלי,IL,ממחטות קלינקס,יחידה,1.00,יחידה,false,0,7.90,7.90,true,1,
5029053032566,false,ממחטות מנטול,,IL,ממחטות מנטול,יחידה,1.00,יחידה,false,0,6.40,6.40,true,1,
5029053510811,false,28 תח.קוטקס נורמל כנפיים,חוגלה קימברלי,IL,תחבושות קוטקס,יחידה,1.00,יחידה,false,0,17.90,17.90,true,1,
5029053510828,false,24 תח.קוטקס אולטרא סופר,חוגלה קימברלי,IL,תחבושות קוטקס,יחידה,1.00,יחידה,false,0,17.90,17.90,true,1,
5029053523446,false,20 תח.קוטקס אולטרא נייט,חוגלה קימברלי,IL,תחבושות קוטקס,יחידה,1.00,יחידה,false,0,17.90,17.90,true,1,
5029053527574,false,10תח.ספיגה לילה בנים4-7,חוגלה קימברלי,IL,10 תחתוני ספיגה,יחידה,1.00,יחידה,false,0,38.00,38.00,true,1,
5029053527581,false,10תח.ספיגה לילה בנות4-7,חוגלה קימברלי,IL,10 תחתוני ספיגה,יחידה,1.00,יחידה,false,0,38.00,38.00,true,1,
5029053527598,false,9תח.ספיגה לילה בנים8-15,חוגלה קימברלי,IL,תחתוני ספיגה האג,יחידה,1.00,יחידה,false,0,38.00,38.00,true,1,
5029053531229,false,12תח.גמילה בנים לילה 5,חוגלה קימברלי,IL,חיתולי האגיס,יחידה,1.00,יחידה,false,0,32.90,32.90,true,1,
5029053534589,false,32 טמפוני קוטקס מיני,חוגלה קימברלי,CZ,טמפוני קוטקס,יחידה,1.00,יחידה,false,0,29.00,29.00,true,1,
5029053534596,false,32 טמפוני קוטקס נורמל,חוגלה קימברלי,CZ,טמפוני קוטקס,יחידה,1.00,יחידה,false,0,29.00,29.00,true,1,
5029053534602,false,32 טמפוני קוטקס סופר,חוגלה קימברלי,CZ,טמפוני קוטקס,יחידה,1.00,יחידה,false,0,29.00,29.00,true,1,
5029053535227,false,16טמפו.קוטקס מוליך נורמ.,חוגלה קימברלי,,טמפוני קוטקס,יחידה,1.00,יחידה,false,0,22.90,22.90,true,1,
5029053535234,false,16טמפונ.קוטקס מוליך סופר,חוגלה קימברלי,,טמפוני קוטקס,יחידה,1.00,יחידה,false,0,22.90,22.90,true,1,
5029053538426,false,חיתולי האגיס,,IL,חיתולי האגיס,יחידה,1.00,יחידה,false,0,29.90,29.90,true,1,
5035766044772,false,סיידר תפוח 4 יח,,BE,סיידר תפוח 4 יח,ליטרים,1.32,ליטר,false,0,26.90,20.38,true,1,
5035766060253,false,"בירה מרפיס סטאוט 500 מ""ל",היינקן,IE,בירה מרפיס,מיליליטרים,500.00,"100 מ""ל",false,0,9.90,1.98,true,1,
5038483868164,false,שול קרם טיפולי לכף הרגל,רקיט בית מרקחת,GB,קרם לכף הרגל,מיליליטרים,120.00,"100 מ""ל",false,0,84.90,70.75,true,1,
5050083262548,false,ספיישל K פירות אדומים300,קלוג'ס,DE,קלוגס ספיישל K,גרמים,300.00,100 גרם,false,0,22.70,7.57,true,1,
5050083559761,false,קוקו פופס שוקוס קלוג500',קלוג'ס,DE,קוקו פופס קלוג'ס,גרמים,500.00,100 גרם,false,0,23.70,4.74,true,1,
5052197035445,false,ראש פצירה עור קשה במיוחד,רקיט בית מרקחת,CN,ראש פצירה עור קש,יחידה,1.00,יחידה,false,1,59.90,59.90,true,1,
5060255492284,false,אברקלין לבנדר 6ל,כלורוקס,US,חול לחתולים,ליטרים,6.00,ליטר,false,1,64.40,10.73,true,1,
5099864004205,false,סימילאק אדבנס+שלב 1 400ג,אבוט,IE,סימילאק אדבנס,גרמים,400.00,100 גרם,false,0,41.10,10.28,true,1,
5099864004991,false,סימילאק טופ 3 א.חסכון900,אבוט,IE,סימילאק טופ 3,גרמים,900.00,100 גרם,false,0,75.70,8.41,true,1,
5099864005202,false,סימילאק אדבנס+שלב 3 400ג,אבוט,IE,סימילאק אדבנס,גרמים,400.00,100 גרם,false,0,41.10,10.28,true,1,
5099864006070,false,סימילאק אדבנס+שלב 2 400ג,אבוט,IE,סימילאק אדבנס,גרמים,400.00,100 גרם,false,0,41.10,10.28,true,1,
5099864006704,false,סימילאק אדבנס+שלב 1 900ג,אבוט,IE,סימילאק אדבנס,גרמים,900.00,100 גרם,false,0,79.90,8.88,true,1,
5099864006728,false,סימילאק אדבנס+שלב 3 900ג,אבוט,IE,סימילאק אדבנס,גרמים,900.00,100 גרם,false,0,79.90,8.88,true,1,
5200351240017,false,גליליות קרם אגוז+קקאו400,גולדן ברייק,GR,גליליות קרם אגוז,גרמים,400.00,100 גרם,false,0,17.70,4.43,true,1,
5200351240048,false,גליליות קרם וניל 400 גרם,גולדן ברייק,GR,גליליות קרם וניל,גרמים,400.00,100 גרם,false,0,17.70,4.43,true,1,
5201100872480,false,אקסלנס אדום לוהט מס66.6',ליברמו,BE,צבע שיער אקסלנס,יחידה,1.00,יחידה,false,0,29.90,29.90,true,1,
5201100872640,false,אקסלנס בלונד אפור מס03',ליברמו,BE,צבע לשיער אקסלנס,יחידה,1.00,יחידה,false,0,29.90,29.90,true,1,
5201143725651,false,צבע נקטרה 6-0חום בהיר,הנקל סוד,IL,צבע לשיער נקטרה,יחידה,1.00,יחידה,false,0,20.00,20.00,true,1,
5201143725682,false,צבע נקטרה9-0 בלונד טבעי,הנקל סוד,IL,צבע לשיער נקטרה,יחידה,1.00,יחידה,false,0,20.00,20.00,true,1,
5201143725712,false,צבע נקטרה 6-68 אגוז,הנקל סוד,IL,צבע לשיער נקטרה,יחידה,1.00,יחידה,false,0,20.00,20.00,true,1,
5201143725743,false,צבע  נקטרה 4-99 דובדבן,הנקל סוד,IL,צבע לשיער נקטרה,יחידה,1.00,יחידה,false,0,20.00,20.00,true,1,
5201143725835,false,צבע נקטרה 4-0חום כהה,הנקל סוד,IL,צבע לשיער נקטרה,יחידה,1.00,יחידה,false,0,20.00,20.00,true,1,
5201143725866,false,צבע לשיער נקטרה 1-0שחור,הנקל סוד,IL,צבע לשיער נקטרה,יחידה,1.00,יחידה,false,0,20.00,20.00,true,1,
5201143725897,false,צבע נקטרה 4-68חום שוקולד,הנקל סוד,IL,צבע לשיער נקטרה,יחידה,1.00,יחידה,false,0,20.00,20.00,true,1,
5201143725927,false,צבע נקטרה8-45בלונד פרלין,הנקל סוד,IL,צבע לשיער נקטרה,יחידה,1.00,יחידה,false,0,20.00,20.00,true,1,
5201143725958,false,צבע נקטרה7-55בלונד זהוב,הנקל סוד,IL,צבע לשיער נקטרה,יחידה,1.00,יחידה,false,0,20.00,20.00,true,1,
5201178801047,false,"קרם לחות ניוואה 150 מ""ל",ביירסדורץ,DE,קרם לחות ניוואה,מיליליטרים,150.00,"100 מ""ל",false,0,15.00,10.00,true,1,
5201178801054,false,"קרם ניוואה 250 מ""ל",ביירסדורץ,,ניוואה קרם לחות,מיליליטרים,250.00,"100 מ""ל",false,0,29.60,11.84,true,1,
5201940010110,false,זיתים שחורים קלמטה454גרם,,,זיתים שחורים קלמטה454גרם,גרמים,454.00,100 גרם,false,0,15.10,3.33,true,1,
5202300014519,false,וולפלקס ספריי ש.צבוע250,פרוקטר & גמבל,DE,וולהפלקס ספריי,מיליליטרים,250.00,"100 מ""ל",false,0,35.40,14.16,true,1,
5202300014595,false,וולפלקס מוס לשיער חזק200,פרוקטר & גמבל,DE,וולהפלקס מוס,מיליליטרים,200.00,"100 מ""ל",false,0,29.10,14.55,true,1,
5202300043007,false,קולסטון 2000 חום בלונד,פרוקטר & גמבל,DE,קולסטון 2000,יחידה,1.00,יחידה,false,0,25.70,25.70,true,1,
5202300043038,false,קולסטון 2000 טבק,פרוקטר & גמבל,DE,קולסטון 2000,יחידה,1.00,יחידה,false,0,25.70,25.70,true,1,
5202300043069,false,קולסטון 2000 שחור כחול,פרוקטר & גמבל,DE,קולסטון 2000,יחידה,1.00,יחידה,false,0,25.70,25.70,true,1,
5202300043144,false,קולסטון 2000 בלונד בהיר,פרוקטר & גמבל,DE,קולסטון 2000,יחידה,1.00,יחידה,false,0,25.70,25.70,true,1,
5202300043168,false,קולסטון 2000 בלונד מדיום,פרוקטר & גמבל,DE,קולסטון 2000,יחידה,1.00,יחידה,false,0,25.70,25.70,true,1,
5202300043212,false,קולסטון 2000 שחור קטיפה,פרוקטר & גמבל,DE,קולסטון 2000,יחידה,1.00,יחידה,false,0,25.70,25.70,true,1,
5202390007934,false,צהובה אורגינלית בגוש400ג,VIOTROS,GR,צהובה בגוש,גרמים,400.00,100 גרם,false,1,28.70,7.18,true,1,
5202390015618,false,צהובה טבעונית,,GR,צהובה טבעונית,גרמים,200.00,100 גרם,false,0,23.70,11.85,true,1,
5202390015625,false,צהובה טבעונית,,GR,צהובה טבעונית,גרמים,200.00,100 גרם,false,0,23.70,11.85,true,1,
5202390015649,false,צהובה טבעונית,,GR,צהובה טבעונית,גרמים,200.00,100 גרם,false,0,23.70,11.85,true,1,
5202390015656,false,קרם גבינה,,GR,קרם גבינה,גרמים,200.00,100 גרם,false,0,20.90,10.45,true,1,
5202390016165,false,צהובה טבעונית+שמן זית200,וויוטרוס,GR,צהובה טבעונית,גרמים,200.00,100 גרם,false,1,23.70,11.85,true,1,
5202390016325,false,צהובה טבעונית מעושן200גר,וויוטרוס,GR,צהובה טבעונית,גרמים,200.00,100 גרם,false,1,23.70,11.85,true,1,
5202390017544,false,לאבנה טבעונית 200 גרם,וויוטרוס,GR,לאבנה טבעונית,גרמים,200.00,100 גרם,false,1,20.90,10.45,true,1,
5202460099401,false,פרלינים חלב 400גרם,דין שיווק,IT,פרלינים חלב 400גרם,גרמים,400.00,100 גרם,false,1,19.90,4.98,true,1,
5410076353057,false,אב.כביסה תינוקלין 3קג,פרוקטר & גמבל,TR,אבקת תינוקלין,קילוגרמים,3.00,"ק""ג",false,0,45.90,15.30,true,1,
5410076379378,false,אבקת טייד קולור 5קג,פרוקטר & גמבל,TR,אבקת טייד קולור,קילוגרמים,5.00,"ק""ג",false,1,39.90,7.98,true,1,
5410076518739,false,"משחת אורל בי 123 100 מ""ל",פרוקטר & גמבל,IL,משחת אורל בי,מיליליטרים,100.00,"100 מ""ל",false,0,13.00,13.00,true,1,
5410076518814,false,משחת אורל בי רעננות 100מ,פרוקטר & גמבל,IL,משחת אורל בי,מיליליטרים,100.00,"100 מ""ל",false,0,21.80,21.80,true,1,
5410076933129,false,אריאל שושן צחור 3קג,פרוקטר & גמבל,IL,אריאל שושן צחור,קילוגרמים,3.00,"ק""ג",false,0,39.90,13.30,true,1,
5410091678005,false,ספריי סאיוס ווליום 400מל,הנקל סוד,IL,ספרי עיצוב סאיוס,מיליליטרים,400.00,"100 מ""ל",false,0,27.90,6.98,true,1,
5410103161518,false,קרם לחות פעולה משולשת50מ,קלסרואה,DE,קרם לחות פעולה משולשת50מ,מיליליטרים,50.00,"100 מ""ל",false,0,55.00,110.00,true,1,
5410103161617,false,קרם לחות פעולה משולשת50מ,קלסרואה,DE,קרם לחות פעולה משולשת50מ,מיליליטרים,50.00,"100 מ""ל",false,0,55.00,110.00,true,1,
5410126004007,false,ביסקויט דינוזאור שוקו225,לוטוס ביקרי,BE,ביסקוויט לוטוס,גרמים,225.00,100 גרם,false,1,13.90,6.18,true,1,
5410126106183,false,ביסקוויט לוטוס ארוז 50יח,לוטוס ביקרי,BE,ביסקוויט לוטוס,גרמים,312.00,100 גרם,false,0,16.80,5.38,true,1,
5410126116953,false,ממרח ביסקוויט לוטוס 400ג,לוטוס ביקרי,BE,ממרח ביסקוויט,גרמים,400.00,100 גרם,false,0,18.90,4.73,true,1,
5410126716016,false,ביסקוויט לוטוס ט.קרמל250,לוטוס ביקרי,BE,ביסקויט לוטוס,גרמים,250.00,100 גרם,false,0,9.50,3.80,true,1,
5410228142089,false,בירה לף בלונד בקבוק330מל,אינבב.ברוורייליין1,BE,בירה לף בלונד,מיליליטרים,330.00,"100 מ""ל",false,0,12.40,3.76,true,1,
5410228144755,false,בירה סטלה ארטואה 330*6מל,קרלסברג יבוא יצוא,IL,בירה סטלה 6 יח',ליטרים,1.98,ליטר,false,0,54.50,27.53,true,1,
5410228164845,false,"בירה הוגרדן בק330*4 מ""ל",קרלסברג יבוא יצוא,BE,בירה הוגרדן 4 יח,ליטרים,1.32,ליטר,false,0,42.50,32.20,true,1,
5410228217756,false,"בירה לף רובי 330 מ""ל",אינבב.ברוורייליין1,BE,בירה לף רובי,מיליליטרים,330.00,"100 מ""ל",false,1,12.40,3.76,true,1,
5410316983693,false,"אייס סמירנוף בק275. מ""ל",IBBLS,IT,אייס סמירנוף,מיליליטרים,275.00,"100 מ""ל",false,0,9.90,3.60,true,1,
5411188080268,false,אלפרו סויה אורגני 1 ליטר,אלפרו,IL,אלפרו סויה אורגנ,ליטרים,1.00,ליטר,false,0,15.50,15.50,true,1,
5411188094159,false,אלפרו מעדן ט.שוקולד125X4,אלפרו,IL,מעדן סויה 4יח',גרמים,500.00,100 גרם,false,0,18.90,3.78,true,1,
5411188096108,false,"שמנת צמחית לבישול 250מ""ל",אלפרו,IL,שמנת צמחית,מיליליטרים,250.00,"100 מ""ל",false,0,9.90,3.96,true,1,
5411188106159,false,אלפרו סויה לייט טבעי 1 ל,אלפרו,IL,אלפרו סויה לייט,ליטרים,1.00,ליטר,false,0,12.90,12.90,true,1,
5411188110842,false,אלפרו משקה אגוזים 1 ליטר,אלפרו,IL,אלפלרו משקה אגוז,ליטרים,1.00,ליטר,false,0,15.80,15.80,true,1,
5411188111375,false,משקה אורז וניל 1 ליטר,אלפרו,IL,משקה אורז וניל,ליטרים,1.00,ליטר,false,0,15.80,15.80,true,1,
5411188114239,false,אלפ.שמנת ע.בסיס אורז250מ,אלפרו,BE,אלפרו שמנת,מיליליטרים,250.00,"100 מ""ל",false,0,9.90,3.96,true,1,
5411188116592,false,אלפרו משקה קוקוס 1 ליטר,אלפרו,BE,אלפרו משקה קוקוס,מיליליטרים,1000.00,"100 מ""ל",false,0,15.80,1.58,true,1,
5411188116882,false,אלפרו סויה מקיאטו 1 ליטר,אלפרו,IL,אלפרו סויה,ליטרים,1.00,ליטר,false,0,15.50,15.50,true,1,
5411188118732,false,משקה קוקוס ושקדים 1 ליטר,אלפרו,GB,משקה קוקוס ושקד,ליטרים,1.00,ליטר,false,1,15.80,15.80,true,1,
5411188120742,false,משקה שקדים טעם וניל 1ל,אלפרו,GB,משקה שקדים,ליטרים,1.00,ליטר,false,1,15.80,15.80,true,1,
5411188300328,false,אלפרו סויה שוקו 1 ליטר,אלפרו,IL,אלפרו סויה שוקו,ליטרים,1.00,ליטר,false,0,15.50,15.50,true,1,
5411681014005,false,"בירה דובל  330מ""ל",דובל מורטגט,BE,בירה דובל,מיליליטרים,330.00,"100 מ""ל",false,0,15.90,4.82,true,1,
5411681038001,false,"מרדסו מעורפלת מאוד330מ""ל",דובל מורטגט,BE,בירה מרדסו,מיליליטרים,330.00,"100 מ""ל",false,0,15.90,4.82,true,1,
5413149695986,false,"אבקת תינוקלין 1.25 ק""ג",פרוקטר & גמבל,CH,אבקת כביסה,קילוגרמים,1.25,"ק""ג",false,0,22.10,17.68,true,1,
5413149922907,false,א.כ אריאל קולור וסטייל5ק,פרוקטר & גמבל,TR,"אריאל קולור 5ק""ג",קילוגרמים,5.00,"ק""ג",false,1,51.90,10.38,true,1,
5413149922938,false,אבקת אריאל שושן צחור 5קג,פרוקטר & גמבל,TR,אבקת כביסה אריאל,קילוגרמים,5.00,"ק""ג",false,1,51.90,10.38,true,1,
5413149930025,false,אבקת טייד אלפיין 5קג,פרוקטר & גמבל,TR,אבקת טייד אלפיין,קילוגרמים,5.00,"ק""ג",false,1,39.90,7.98,true,1,
5425000198055,false,אלמונד דרים שקדים 1 ליטר,היין,BE,אלמונד דרים,ליטרים,1.00,ליטר,false,0,15.90,15.90,true,1,
5425017732341,false,קובה א.ש גולד 100 מל,אקספרשיונס,FR,קובה א.ש גולד,מיליליטרים,100.00,"100 מ""ל",false,0,25.50,25.50,true,1,
5600395030719,false,סרדין בשמן זית נפטון115ג,קלנג מקנאן,PT,סרדין בשמן זית,גרמים,115.00,100 גרם,false,0,7.00,6.09,true,1,
5600395030818,false,סרדין בשמן סויה נפטון115,קלנג מקנאן,PT,סרדין בשמן,גרמים,115.00,100 גרם,false,0,7.00,6.09,true,1,
5601008200468,false,עוגי.גודיס שוקולד לבן150,מרבה,PT,עוגיות גודיס,גרמים,150.00,100 גרם,false,0,5.00,3.33,true,1,
5601036205534,false,אקסלנס שחור מס1',ליברמו,BE,צבע לשיער אקסלנס,יחידה,1.00,יחידה,false,0,29.90,29.90,true,1,
5601036205558,false,אקסלנס חום כהה מס4',ליברמו,BE,צבע שיער אקסלנס,יחידה,1.00,יחידה,false,0,29.90,29.90,true,1,
5601036205589,false,אקסלנס חום טבעי  מס5',ליברמו,BE,צבע לשיער אקסלנס,יחידה,1.00,יחידה,false,0,29.90,29.90,true,1,
5601036205596,false,אקסלנס חום זהוב מס5.3',ליברמו,BE,צבע לשיער אקסלנס,יחידה,1.00,יחידה,false,0,29.90,29.90,true,1,
5601036205602,false,אקסלנס חום מהגונ מס5.5',ליברמו,BE,צבע לשיער אקסלנס,יחידה,1.00,יחידה,false,0,29.90,29.90,true,1,
5601036205657,false,אקסלנס בלונד מס7',ליברמו,BE,צבע לשיער אקסלנס,יחידה,1.00,יחידה,false,0,29.90,29.90,true,1,
5601036205664,false,אקסלנס בלונד טבעימס7.1',ליברמו,BE,צבעי שיער אקסלנס,יחידה,1.00,יחידה,false,0,29.90,29.90,true,1,
5601036205671,false,אקסלנס בלונד זהוב מס7.3',ליברמו,BE,צבע לשיער אקסלנס,יחידה,1.00,יחידה,false,0,29.90,29.90,true,1,
5601036205688,false,אקסלנס בלונד בהיר מס8',ליברמו,BE,צבע לשיער אקסלנס,יחידה,1.00,יחידה,false,0,29.90,29.90,true,1,
5601036206418,false,אקסלנס בלונד בהיר מס01',ליברמו,BE,צבע לשיער אקסלנס,יחידה,1.00,יחידה,false,0,29.90,29.90,true,1,
5601036213577,false,אקסלנס מהגוני מס6.54',ליברמו,BR,צבע לשיער אקסלנס,יחידה,1.00,יחידה,false,0,29.90,29.90,true,1,
5701092108708,false,פיניש קוואנטום לימון20טב,רקיט בנקיזר,PL,טבליות קוואנטום,יחידה,1.00,יחידה,false,0,24.90,24.90,true,1,
5701932026995,false,פופקורן לייט הוט פופ510ג,פופז,IL,פופקורן למיקרו,גרמים,510.00,100 גרם,false,0,13.90,2.73,true,1,
5705550300963,false,ביצי דג שיבוט 200 גרם,אמנדה סיפודס,DK,ביצי דג שיבוט,גרמים,200.00,100 גרם,false,1,8.90,4.45,true,1,
5706516031358,false,הוטפופ 100קל' לאריזה160ג,פופז,US,הוט פופ 100 קל',גרמים,160.00,100 גרם,false,0,13.90,8.69,true,1,
5740900402218,false,ממרח חמאה אורגני 200 גרם,ארלה פודס אמבא,DK,ממרח חמאה,גרמים,200.00,100 גרם,false,1,18.70,9.35,true,1,
5760466988308,false,פטינה 200 גרם,.,DK,פטינה,גרמים,200.00,100 גרם,false,0,13.80,6.90,true,1,
5900020012814,false,נסקוויק דגני בוקר 500גרם,נסטלה,PL,דגני נסקוויק,גרמים,500.00,100 גרם,false,0,24.70,4.94,true,1,
5900020020741,false,נסקוויק בר שוקו-שוקו25*6,נסטלה,PL,נסקוויק בר,גרמים,150.00,100 גרם,false,0,15.80,10.53,true,1,
5900020022066,false,פיטנס חט.דגנים קרמל6יח',נסטלה,PL,חטיף דגנים פיטנס,גרמים,141.00,100 גרם,false,0,11.90,8.44,true,1,
5900020022325,false,חטיף דגנים סיני מיניס6יח,נסטלה,PL,חטיפי סיני מיניס,גרמים,150.00,100 גרם,false,0,15.80,10.53,true,1,
5900020024817,false,חט.דגנים בר דליס שוק.לבן,.סי.פי,PL,חטיף דגנים פיטנס,גרמים,135.00,100 גרם,false,1,11.90,8.81,true,1,
5900020024848,false,חט.דגנים בר דליס שוק22*6,.סי.פי,PL,חטיף דגנים פיטנס,גרמים,135.00,100 גרם,false,1,11.90,8.81,true,1,
5900020025722,false,חט.דגנים בר דליס ש.חלב8י,.סי.פי,PL,חטיף דגנים פיטנס,גרמים,180.00,100 גרם,false,1,11.90,6.61,true,1,
5900020025951,false,חטיף דגנ.גולדן מיניס 6יח,נסטלה,PL,חטיף גולדן מיניס,גרמים,150.00,100 גרם,false,1,15.80,10.53,true,1,
5900627027259,false,ויט 12 רצועות שעווה רגיש,רקיט בנקיזר,FR,רצועות שעווה ויט,יחידה,1.00,יחידה,false,0,24.90,24.90,true,1,
5900627044362,false,40טבליות קוואנטום לימון,רקיט בנקיזר,PL,טבליות קוואנטום,יחידה,1.00,יחידה,false,0,39.90,39.90,true,1,
5900907000101,false,תערובת מלפפון ועגב 2.55ק,סגל דברים טובים,,תערובת ירקות,קילוגרמים,2.55,"ק""ג",false,0,32.20,12.63,true,1,
5900907000583,false,מלפפונים שלמים בחומץ900ג,סגל דברים טובים,PL,מלפפונים בחומץ,גרמים,900.00,100 גרם,false,0,15.00,1.67,true,1,
5900907001429,false,תערובת ירקות כבושים920גר,סגל דברים טובים,,תערובת ירקות,גרמים,920.00,100 גרם,false,0,15.00,1.63,true,1,
5900951017261,false,פדיגרי פאוץ' ביף 100 גרם,מרס,PL,פדיגרי פאוץ',גרמים,100.00,100 גרם,false,1,4.90,4.90,true,1,
5900951017322,false,פדיגרי פאוץ' צ'יקן 100 ג,מרס,PL,פדיגרי פאוץ',גרמים,100.00,100 גרם,false,1,4.90,4.90,true,1,
5901588017792,false,שוק.חלב קרם בראוניז 290ג,וודל,PL,שוקולד בראוניז,גרמים,290.00,100 גרם,false,1,10.00,3.45,true,1,
5902188460605,false,"בירה ברואר 500 מ""ל","פורמן ס.א. בע""מ",PL,בירה ברואר,מיליליטרים,500.00,"100 מ""ל",false,1,5.90,1.18,true,1,
5904941751302,false,"משקה אנרגיה בלו 250 מ""ל",אקו ביט,PL,משקה אנרגיה,מיליליטרים,250.00,"100 מ""ל",false,0,3.30,1.32,true,1,
5906213005700,false,"משקה אנרגיה אקזיט 250מ""ל","פורמן ס.א. בע""מ",PL,משקה אנרגיה,מיליליטרים,250.00,"100 מ""ל",false,1,2.90,1.16,true,1,
5906485301012,false,משקה אנרגיה XL,,IL,משקה אנרגיה XL,מיליליטרים,250.00,"100 מ""ל",false,0,3.80,1.52,true,1,
5906485301067,false,משקה אנרגיה 6 יח,,IL,משקה אנרגיה 6 יח,ליטרים,1.50,ליטר,false,0,15.90,10.60,true,1,
5906485301098,false,משקה אנרגיה,,IL,משקה אנרגיה,מיליליטרים,250.00,"100 מ""ל",false,0,3.80,1.52,true,1,
5906485301326,false,משקה אנרגיה,,IL,משקה אנרגיה,מיליליטרים,250.00,"100 מ""ל",false,0,3.80,1.52,true,1,
5908310148014,false,וודקה סובייסקי,,PL,וודקה סובייסקי,מיליליטרים,700.00,"100 מ""ל",false,0,54.90,7.84,true,1,
5998749120811,false,"פדיגרי אדולט 2.4 ק""ג",מרס,HU,פדיגרי אדולט,קילוגרמים,2.40,"ק""ג",false,1,42.90,17.88,true,1,
5998749120927,false,"פדיגרי סמול דוג 2 ק""ג",מרס,HU,פדיגרי סמול דוג,קילוגרמים,2.00,"ק""ג",false,1,49.50,24.75,true,1,
6001067017523,false,מברשת שיניים ילדים ברבי,קולגייט-פלמוליב,IL,מברשת שיניים,יחידה,1.00,יחידה,false,0,16.80,16.80,true,1,
6001067017530,false,מברשת ילדים 2-5 ספיידרמן,קולגייט-פלמוליב,IL,מברשת לילדים,יחידה,1.00,יחידה,false,0,16.90,16.90,true,1,
6001067025122,false,קולגייט מקס פרש וויט100מ,קולגייט-פלמוליב,BR,משחת שיניים,מיליליטרים,100.00,"100 מ""ל",false,0,14.90,14.90,true,1,
6009684860973,false,חטיף דגנים 6יח',,,חטיף דגנים 6יח',גרמים,168.00,100 גרם,false,0,9.80,5.83,true,1,
6009684860997,false,חטיף דגנים,,,חטיף דגנים,גרמים,168.00,100 גרם,false,0,9.80,5.83,true,1,
6009684861000,false,חטיף דגנים,,,חטיף דגנים,גרמים,168.00,100 גרם,false,0,9.80,5.83,true,1,
6111094000259,false,קוסקוס דארי בינוני500גרם,דארי קוספטה אל-זהרה,MA,קוסקוס דארי,גרמים,500.00,100 גרם,false,1,8.80,1.76,true,1,
6111119000011,false,קוסקוס מרוקאי אורגינל 1ק,,,קוסקוס מרוקאי אורגינל 1ק,גרמים,1000.00,100 גרם,false,0,13.00,1.30,true,1,
6487111125343,false,אדממה טבעי קלוי 100גרם,שונות,CN,אדממה טבעי קלוי,גרמים,100.00,100 גרם,false,0,8.80,8.80,true,1,
6487111125367,false,אדממה בנגיעות שום 100גרם,שונות,CN,אדממה שום,גרמים,100.00,100 גרם,false,0,8.80,8.80,true,1,
6487111125374,false,אדממה בנגיעות צילי 100גר,שונות,CN,אדממה צילי,גרמים,100.00,100 גרם,false,0,8.80,8.80,true,1,
6487111126050,false,אחלה מיקס 200גרם,יואי פוד,CN,אחלה מיקס 200גרם,גרמים,200.00,100 גרם,false,1,7.90,3.95,true,1,
6910021100075,false,2 מברשת 360 אינטרדנטל,קולגייט-פלמוליב,CN,מברשת קולגייט,יחידה,1.00,יחידה,false,0,30.00,30.00,true,1,
6924421202017,false,פטריות שי-מג'י -יחידה,חוות פטריות תקוע,IL,פטריות שי מגי יח,יחידה,1.00,יחידה,false,0,12.00,12.00,true,1,
6928740700544,false,חטיף תפוחונים,,CN,חטיף תפוחונים,גרמים,22.00,100 גרם,false,0,4.50,20.45,true,1,
6930863251131,false,כף אשפה+מברשת,,IL,כף אשפה+מברשת,יחידה,1.00,יחידה,false,0,20.00,20.00,true,1,
6944683366159,false,ערמונים קלופים קלויים100,צ'נגדה שנליפוד,CN,ערמונים קלופים,גרמים,100.00,100 גרם,false,1,6.90,6.90,true,1,
7027110217930,false,כבד דג שיבוט 121 גרם,קינג אוסקר,NO,כבד דג שיבוט,גרמים,121.00,100 גרם,false,1,8.90,7.36,true,1,
7038513829002,false,חוט דנטלי ג'ורדן מנטה50מ,קלרו,IL,חוט דנטלי ג'ורדן,מטרים,50.00,מטר,false,0,17.90,0.36,true,1,
7046110064016,false,2מברשות ג'ורדן לילדים3-5,קלרו,MY,2מברשות ג'ורדן לילדים3-5,יחידה,1.00,יחידה,false,0,17.90,17.90,true,1,
7046110064047,false,2מברשות ג'ודדן לילדים6-9,קלרו,MY,מברשות שיניים,יחידה,1.00,יחידה,false,0,17.90,17.90,true,1,
7046110064139,false,מברשות ג'ורדן ריץ 2 יח,קלרו,MY,מברשות שיניים,יחידה,1.00,יחידה,false,0,19.90,19.90,true,1,
7046110064535,false,2מברשות ג'ורדן לילדים0-2,קלרו,MY,מברשות שיניים,יחידה,1.00,יחידה,false,0,17.90,17.90,true,1,
7290000000022,true,עגבניות חממה,קטיף,IL,עגבניות חממה,קילוגרמים,0.00,"ק""ג",true,0,4.90,4.90,true,1,
7290000000046,true,מלפפונים,קטיף,IL,מלפפונים,קילוגרמים,0.00,"ק""ג",true,0,4.90,4.90,true,1,
7290000000053,true,קישואים,קטיף,IL,קשואים,קילוגרמים,0.00,"ק""ג",true,0,7.90,7.90,true,1,
7290000000084,true,פלפל בהיר,שותפות מזרחי,IL,פלפל בהיר,קילוגרמים,0.00,"ק""ג",true,0,8.90,8.90,true,1,
7290000000091,true,פלפל אדום,קטיף,IL,פלפל אדום,קילוגרמים,0.00,"ק""ג",true,0,9.90,9.90,true,1,
7290000000107,true,פלפל כהה,קטיף,IL,פלפל כהה,קילוגרמים,0.00,"ק""ג",true,0,8.90,8.90,true,1,
7290000000114,true,חצילים,קטיף,IL,חצילים,קילוגרמים,0.00,"ק""ג",true,0,6.90,6.90,true,1,
7290000000121,true,גזר ארוז,קטיף,IL,גזר ארוז,קילוגרמים,0.00,"ק""ג",true,0,3.90,3.90,true,1,
7290000000138,true,כרוב לבן,קטיף,IL,כרוב לבן,קילוגרמים,0.00,"ק""ג",true,0,2.90,2.90,true,1,
7290000000145,true,כרוב אדום,קטיף,IL,כרוב אדום,קילוגרמים,0.00,"ק""ג",true,0,3.90,3.90,true,1,
7290000000169,true,כרוב סיני-יח',קטיף,IL,כרוב סיני-יח',יחידה,1.00,יחידה,false,0,5.90,5.90,true,1,
7290000000176,true,כרובית,קטיף,IL,כרובית,קילוגרמים,0.00,"ק""ג",true,0,7.90,7.90,true,1,
7290000000183,true,סלק,קטיף,IL,סלק,קילוגרמים,0.00,"ק""ג",true,0,4.90,4.90,true,1,
7290000000190,true,לפת,קטיף,IL,לפת,קילוגרמים,0.00,"ק""ג",true,0,5.90,5.90,true,1,
7290000000206,true,צנון,קטיף,IL,צנון,קילוגרמים,0.00,"ק""ג",true,0,5.90,5.90,true,1,
7290000000220,true,קולורבי,קטיף,IL,קולורבי,קילוגרמים,0.00,"ק""ג",true,0,5.90,5.90,true,1,
7290000000282,true,חסה ערבית-יח',קטיף,IL,חסה ערבית-יח',יחידה,1.00,יחידה,false,0,4.90,4.90,true,1,
7290000000299,true,חסה עגולה-יח',קטיף,IL,חסה עגולה-יח',יחידה,1.00,יחידה,false,0,4.90,4.90,true,1,
7290000000312,true,ארטישוק,קטיף,IL,ארטישוק,קילוגרמים,0.00,"ק""ג",true,0,8.90,8.90,true,1,
7290000000350,true,פזיל-יח',קטיף,IL,פזיל-יח',יחידה,1.00,יחידה,false,0,5.00,5.00,true,1,
7290000000374,true,שמפניון-יח',קטיף,IL,שמפניון-יח',יחידה,1.00,יחידה,false,0,9.00,9.00,true,1,
7290000000411,true,שום - רביעייה במארז,קטיף,XX,שום רביעייה,יחידה,1.00,יחידה,false,0,7.90,7.90,true,1,
7290000000428,true,בטטות מובחר,קטיף,IL,בטטות מובחר,קילוגרמים,0.00,"ק""ג",true,0,9.90,9.90,true,1,
7290000000435,true,סלרי עלים -יח',קטיף,IL,סלרי עלים -יח',יחידה,1.00,יחידה,false,0,5.90,5.90,true,1,
7290000000442,true,נבטים סיניים-יח',קטיף,IL,נבטים סיניים-יח',יחידה,1.00,יחידה,false,0,6.00,6.00,true,1,
7290000000459,true,נבטי אלפלפא-יח',קטיף,IL,נבטי אלפלפא-יח',יחידה,1.00,יחידה,false,0,6.00,6.00,true,1,
7290000000466,true,בצל ירוק יח',קטיף,IL,בצל ירוק-יח',יחידה,1.00,יחידה,false,0,4.90,4.90,true,1,
7290000000480,true,בצל יבש,קטיף,IL,בצל יבש,קילוגרמים,0.00,"ק""ג",true,0,2.90,2.90,true,1,
7290000000503,true,תפוח אדמה קטן ארוז,קטיף,IL,"תפו""א קטן ארוז",קילוגרמים,0.00,"ק""ג",true,0,2.90,2.90,true,1,
7290000000510,true,פטרוזיליה יח',קטיף,IL,פטרוזיליה-יח',יחידה,1.00,יחידה,false,0,3.90,3.90,true,1,
7290000000527,true,שמיר יח',קטיף,IL,שמיר יח',יחידה,1.00,יחידה,false,0,3.90,3.90,true,1,
7290000000534,true,סלרי ראש יח',קטיף,IL,סלרי ראש-יח',יחידה,1.00,יחידה,false,0,5.90,5.90,true,1,
7290000000541,true,שורש יח',קטיף,IL,שורש יח',יחידה,1.00,יחידה,false,0,5.90,5.90,true,1,
7290000000558,true,כוסברה יח',קטיף,IL,כוסברה יח',יחידה,1.00,יחידה,false,0,3.90,3.90,true,1,
7290000000565,true,נענע יח',קטיף,IL,נענע יח',יחידה,1.00,יחידה,false,0,3.90,3.90,true,1,
7290000000572,true,שומר,קטיף,IL,שומר,קילוגרמים,0.00,"ק""ג",true,0,5.90,5.90,true,1,
7290000000619,true,פלפל חריף,שותפות מזרחי,IL,פלפל חריף,קילוגרמים,0.00,"ק""ג",true,0,7.90,7.90,true,1,
7290000000626,true,ברוקולי,קטיף,IL,ברוקולי,קילוגרמים,0.00,"ק""ג",true,0,12.90,12.90,true,1,
7290000000633,true,עירית יח',קטיף,IL,עירית-יח',יחידה,1.00,יחידה,false,0,5.00,5.00,true,1,
7290000000701,true,פטריות למילוי שקילה,קטיף,IL,פטריות למילוי,קילוגרמים,0.00,"ק""ג",true,0,34.90,34.90,true,1,
7290000000718,true,פטריות חורש במשקל,קטיף,IL,פטריות חורש במשק,קילוגרמים,0.00,"ק""ג",true,0,34.90,34.90,true,1,
7290000000732,true,דלורית,קטיף,IL,דלורית,קילוגרמים,0.00,"ק""ג",true,0,6.90,6.90,true,1,
7290000000824,true,קישוא ירוק,קטיף,IL,קישוא ירוק,קילוגרמים,0.00,"ק""ג",true,0,8.90,8.90,true,1,
7290000000848,true,תירס קלוף ארוז,קטיף,IL,תירס קלוף ארוז,קילוגרמים,0.00,"ק""ג",true,0,9.90,9.90,true,1,
7290000000855,true,פלפל צהוב,קטיף,IL,פלפל צהוב,קילוגרמים,0.00,"ק""ג",true,0,9.90,9.90,true,1,
7290000000954,true,רוקט+ג.נחל-יח,קטיף,IL,רוקט+ג.נחל-יח,יחידה,1.00,יחידה,false,0,5.00,5.00,true,1,
7290000001036,true,בצל יבש אדום,קטיף,XX,בצל יבש אדום,קילוגרמים,0.00,"ק""ג",true,0,4.90,4.90,true,1,
7290000001050,true,בזילקום-יח',קטיף,IL,בזילקום-יח',יחידה,1.00,יחידה,false,0,5.00,5.00,true,1,
7290000001104,true,פטריות חורש-יח',קטיף,IL,פטריות חורש-יח',יחידה,1.00,יחידה,false,0,9.00,9.00,true,1,
7290000001692,true,תפוח אדמה אדום ארוז,קטיף,IL,תפוח אדמה אדום ארוז,קילוגרמים,0.00,"ק""ג",true,0,4.90,4.90,true,1,
7290000001715,true,תפוא לבן ארוז,קטיף,IL,תפוא לבן ארוז,קילוגרמים,0.00,"ק""ג",true,0,3.00,3.00,true,1,
7290000001722,true,תפוח אדמה אדום תפזורת,קטיף,IL,"תפו""א אדום תפז'",קילוגרמים,0.00,"ק""ג",true,0,5.50,5.50,true,1,
7290000002019,true,לחם לבן 750 גרם,מאפיית שלמה א. אנג'ל,IL,לחם לבן 750 גרם,גרמים,750.00,100 גרם,false,0,4.90,0.65,true,1,
7290000002026,true,לחם אחיד 750 גרם,מאפית ברמן,IL,לחם אחיד 750 גרם,גרמים,750.00,100 גרם,false,0,4.90,0.65,true,1,
7290000002040,true,חלה רגילה 500 גרם,מאפית ברמן,IL,חלה רגילה,גרמים,500.00,100 גרם,false,0,4.80,0.96,true,1,
7290000002125,true,חלה מתוקה קלועה500ג 212,מאפית ברמן,IL,חלה מתוקה קלועה,גרמים,500.00,100 גרם,false,0,9.20,1.84,true,1,
7290000023083,false,ערק אשקלון,,IL,ערק אשקלון,מיליליטרים,700.00,"100 מ""ל",false,0,49.90,7.13,true,1,
7290000023809,false,"ברקן קלאסיק קברנה 750מ""ל",יקבי ברקן,IL,קברנה קלאסיק,מיליליטרים,750.00,"100 מ""ל",false,0,24.90,3.32,true,1,
7290000023977,false,"ברקן קלאסיק מרלו 750 מ""ל",יקבי ברקן,IL,מרלו קלאסיק,מיליליטרים,750.00,"100 מ""ל",false,0,24.90,3.32,true,1,
7290000024202,false,"ברקן רזרב קברנה 750 מ""ל",יקבי ברקן,IL,ברקן רזרב,מיליליטרים,750.00,"100 מ""ל",false,0,33.90,4.52,true,1,
7290000024264,false,"ברקן רזרב מרלו 750 מ""ל",יקבי ברקן,IL,מרלו רזרב,מיליליטרים,750.00,"100 מ""ל",false,0,33.90,4.52,true,1,
7290000024523,false,תירוש של סגל 1 ליטר,יינות סגל,IL,תירוש של סגל,ליטרים,1.00,ליטר,false,0,13.80,13.80,true,1,
7290000024905,false,וודקה קגלביץ קלסיקה700מל,יקבי ברקן,IL,וודקה קגלביץ,מיליליטרים,700.00,"100 מ""ל",false,0,49.90,7.13,true,1,
7290000031507,false,מיץ תפוזים טבע,,IL,מיץ תפוזים טבע,ליטרים,1.00,ליטר,false,0,11.10,11.10,true,1,
7290000034256,false,ביסקוויט תירוש 175 גרם,מגדנית הדר,IL,ביסקוויט תירוש,גרמים,175.00,100 גרם,false,0,5.90,3.37,true,1,
7290000040042,false,יוגורט יופלה תות3% 150גר,תנובה,IL,יופלה תות 3%,גרמים,150.00,100 גרם,false,0,5.00,3.33,true,1,
7290000040066,false,יופלה דובדבן3% 150 גרם,תנובה,IL,יופלה דובדבן3%,גרמים,150.00,100 גרם,false,0,5.00,3.33,true,1,
7290000040080,false,יוגורט יופלה אפרסק3% 150,תנובה,IL,יופלה אפרסק3%,גרמים,150.00,100 גרם,false,0,5.00,3.33,true,1,
7290000040301,false,עין גדי קממבר24% 125 גר,תנובה,IL,עין גדי קממבר,גרמים,125.00,100 גרם,false,0,15.90,12.72,true,1,
7290000040318,false,גבי. עדי ברי רכה24% 125ג,תנובה,IL,גבינת עדי ברי24%,גרמים,125.00,100 גרם,false,0,15.90,12.72,true,1,
7290000040974,false,חלב טרי 2% דל לקטוז 1 ל,תנובה,IL,חלב טרי דל לקטוז,ליטרים,1.00,ליטר,false,0,7.00,7.00,true,1,
7290000041407,false,"גיל בד""ץ מועשר 3% 125מל",תנובה,IL,גיל מועשר 3%,מיליליטרים,125.00,"100 מ""ל",false,0,0.88,0.70,true,1,
7290000041858,false,שמנת חמוצה15% מועשרת200,יטבתה,IL,שמנת חמוצה יטבתה,מיליליטרים,200.00,"100 מ""ל",false,0,2.40,1.20,true,1,
7290000041865,false,לבן יטבתה 4.5% שומן 200מ,יטבתה,IL,לבן יטבתה4.5%,מיליליטרים,200.00,"100 מ""ל",false,0,2.00,1.00,true,1,
7290000041872,false,"לבן יטבתה 3% 200 מ""ל",יטבתה,IL,לבן יטבתה 3%,מיליליטרים,200.00,"100 מ""ל",false,0,2.00,1.00,true,1,
7290000042008,false,חלב מפוסטר 3%שקית 1 ל',תנובה,IL,חלב 3% בשקית,ליטרים,1.00,ליטר,false,0,4.90,4.90,true,1,
7290000042015,false,חלב 3% מהדרין שקית 1 ל',תנובה,IL,חלב 3% שקית,ליטרים,1.00,ליטר,false,0,4.90,4.90,true,1,
7290000042022,false,חלב על הבוקר1%קרט+.פקק1ל,תנובה,IL,חלב על הבוקר 1%,ליטרים,1.00,ליטר,false,0,7.90,7.90,true,1,
7290000042121,false,חלב 1% שומן בשקית 1 ליטר,תנובה,IL,חלב תנובה שקית1%,ליטרים,1.00,ליטר,false,0,4.65,4.65,true,1,
7290000042176,false,חלב שתיה1% שומן-כדית 2ל,תנובה,IL,חלב מיכל 1% שומן,ליטרים,2.00,ליטר,false,0,10.80,5.40,true,1,
7290000042244,false,חלב 3% שומן בכד 2 ליטר,תנובה,IL,חלב 3% כד 2 ליטר,ליטרים,2.00,ליטר,false,0,11.50,5.75,true,1,
7290000042404,false,חלב מועשר3% יטבתה שקית1ל,יטבתה,IL,חלב 3% בשקית,ליטרים,1.00,ליטר,false,0,5.90,5.90,true,1,
7290000042435,false,חלב מפוסטר 1% בקרטון 1 ל,תנובה,IL,חלב %1 בקרטון,ליטרים,1.00,ליטר,false,0,5.40,5.40,true,1,
7290000042442,false,חלב מפוסטר 3% בקרטון 1 ל,תנובה,IL,חלב תנובה 3%,ליטרים,1.00,ליטר,false,0,5.75,5.75,true,1,
7290000042466,false,חלב מועשר 1% בקרטון 1 ל',תנובה,IL,חלב מועשר בקרטון,ליטרים,1.00,ליטר,false,0,7.90,7.90,true,1,
7290000042503,false,חלב עמיד הומוגני 3% 1 ל',תנובה,IL,חלב עמיד הומוגני 3% 1 ל',ליטרים,1.00,ליטר,false,0,6.60,6.60,true,1,
7290000042541,false,חלב עמיד 1% הומוגני 1 ל',תנובה,IL,חלב עמיד 1% הומוגני 1 ל',ליטרים,1.00,ליטר,false,0,7.60,7.60,true,1,
7290000042640,false,"חלב עמיד 3% שומן 250 מ""ל",תנובה,IL,חלב עמיד 3% שומן,מיליליטרים,250.00,"100 מ""ל",false,0,2.60,1.04,true,1,
7290000042732,false,שוקו תנובה כד 2 ליטר,תנובה,IL,שוקו כד 2 ליטר,ליטרים,2.00,ליטר,false,0,20.80,10.40,true,1,
7290000042855,false,"שוקו בשקית יוטבתה 225מ""ל",יטבתה,IL,שוקו בשקית,מיליליטרים,225.00,"100 מ""ל",false,0,2.50,1.11,true,1,
7290000043012,false,"שוקו שוק עמיד 250 מ""ל",תנובה,IL,שוקו עמיד,מיליליטרים,250.00,"100 מ""ל",false,0,4.30,1.72,true,1,
7290000043111,false,חמאה 200 גרם,תנובה,IL,חמאה תנובה,גרמים,200.00,100 גרם,false,0,7.60,3.80,true,1,
7290000043814,false,שמנת עמידה לקצפת38% 250מ,תנובה,IL,שמנת עמידה לקצפת,מיליליטרים,250.00,"100 מ""ל",false,0,5.95,2.38,true,1,
7290000043890,false,רויון 1.5%  בקרטון 1ל,תנובה,IL,רויון בקרטון1.5%,ליטרים,1.00,ליטר,false,0,10.90,10.90,true,1,
7290000043944,false,יוגורט בכד 4% 1.5 ל',תנובה,IL,יוגורט בכד 4%,ליטרים,1.50,ליטר,false,0,15.40,10.27,true,1,
7290000044088,false,שלי קלאסיק 3%שומן 200 ג,תנובה,IL,שלי קלאסיק 3%לבן,גרמים,200.00,100 גרם,false,0,2.90,1.45,true,1,
7290000044248,false,רויון בקרטון 1.5% 500מ',תנובה,IL,רויון בקרטון,מיליליטרים,500.00,"100 מ""ל",false,0,6.00,1.20,true,1,
7290000044712,false,פרילי+תות שדה1.5% 500ג,תנובה,IL,פרילי תות-שדה,גרמים,500.00,100 גרם,false,0,10.30,2.06,true,1,
7290000044880,false,באדי מעדן תות 3% 500 גרם,תנובה,IL,מעדן באדי תות 3%,גרמים,500.00,100 גרם,false,0,8.40,1.68,true,1,
7290000045573,false,גבינת נעמה מותכת 25*8 גר,תנובה,IL,גבינת נעמה מותכת,גרמים,200.00,100 גרם,false,0,13.80,6.90,true,1,
7290000045580,false,גב.נעמה חורש מותכת 240ג,תנובה,IL,גבינת נעמה מותכת,גרמים,240.00,100 גרם,false,0,16.30,6.79,true,1,
7290000045771,false,יוגורט בכד 4.5% 3 ל',תנובה,IL,יוגורט בכד4.5%,ליטרים,3.00,ליטר,false,0,28.70,9.57,true,1,
7290000045917,false,גב.קולאז פרומעז 23% 200ג,תנובה,IL,גבינת פרומעז,גרמים,200.00,100 גרם,false,0,19.90,9.95,true,1,
7290000046020,false,גב.גלבוע 22% במשקל,תנובה,IL,גב.גלבוע 22% במשקל,קילוגרמים,0.00,"ק""ג",true,0,39.25,39.25,true,1,
7290000046327,false,גב.גלבוע פרוסות22% 200גר,תנובה,IL,גבינת גלבוע פרוס,גרמים,200.00,100 גרם,false,0,12.50,6.25,true,1,
7290000046501,false,"גב.טל העמק32% 1 ק""ג משקל",תנובה,IL,גבינת טל העמק,גרמים,0.00,"ק""ג",true,0,57.00,57.00,true,1,
7290000046563,false,גב.קולאז' פרמזן 23%במשקל,תנובה,IL,גב.קולאז' פרמזן 23%במשקל,גרמים,0.00,"ק""ג",true,0,89.00,89.00,true,1,
7290000046662,false,גב.קשה סקנדינבית31%משקל,תנובה,IL,גב.קשה סקנדינבית31%משקל,קילוגרמים,0.00,"ק""ג",true,0,71.00,71.00,true,1,
7290000047034,false,גב.קולאז' רוקפור25%במשקל,תנובה,IL,גב.קולאז' רוקפור25%במשקל,קילוגרמים,0.00,"ק""ג",true,0,99.00,99.00,true,1,
7290000047485,false,גב.בולגרית 24%במשקל,תנובה,IL,גב.בולגרית 24%במשקל,קילוגרמים,0.00,"ק""ג",true,0,49.00,49.00,true,1,
7290000047546,false,גב.כנען 5% 500 גרם,תנובה,IL,גבינת כנען 5%,גרמים,500.00,100 גרם,false,0,23.00,4.60,true,1,
7290000047621,false,גב5%.שומן כשר מהדרין250ג,תנובה,IL,גבינה %5 מהדרי,גרמים,250.00,100 גרם,false,0,4.60,1.84,true,1,
7290000048185,false,גב.לבנה רכה 5% שומן 250ג,תנובה,IL,גבינה לבנה 5%,גרמים,250.00,100 גרם,false,0,4.60,1.84,true,1,
7290000048192,false,גב.לבנה רכה 9% 250 גרם,תנובה,IL,גבינה לבנה 9%,גרמים,250.00,100 גרם,false,0,4.60,1.84,true,1,
7290000048307,false,קוטג' 5% עם זיתים 250 גר,תנובה,IL,קוטג' עם זיתים5%,גרמים,250.00,100 גרם,false,0,5.70,2.28,true,1,
7290000048413,false,גב.חמד פיראוס16% 250 גר,תנובה,IL,גבינה מלוחה 16%,גרמים,250.00,100 גרם,false,0,17.60,7.04,true,1,
7290000048437,false,גבי. צפתית פיראוס5% 200ג,תנובה,IL,גבינה צפתית 5%,גרמים,200.00,100 גרם,false,0,14.90,7.45,true,1,
7290000048444,false,"גבינת חמד 16%שומן 1 ק""ג",תנובה,IL,גבינת חמד 16%,קילוגרמים,1.00,"ק""ג",false,0,51.20,51.20,true,1,
7290000049458,false,פטה עיזים פיראוס16% 250ג,תנובה,IL,פטה עיזים פיראוס,גרמים,250.00,100 גרם,false,0,26.50,10.60,true,1,
7290000050065,false,"יופלה 360 קלאסי 100*6מ""ל",תנובה,IL,יופלה 360 קלאסי,מיליליטרים,600.00,"100 מ""ל",false,0,12.30,2.05,true,1,
7290000050072,false,"יופלה 360 תות 100*6 מ""ל",תנובה,IL,יופלה 360 תות,מיליליטרים,600.00,"100 מ""ל",false,0,12.30,2.05,true,1,
7290000050270,false,פיראוס צפתית עיזים5% 200,תנובה,IL,פיראוס צפתית 5%,גרמים,200.00,100 גרם,false,0,18.50,9.25,true,1,
7290000050300,false,גבינה לבנה 5%,,IL,גבינה לבנה 5%,גרמים,125.00,100 גרם,false,0,2.40,1.92,true,1,
7290000050447,false,יופלה תות 500 גרם,תנובה,IL,יופלה תות,גרמים,500.00,100 גרם,false,0,9.90,1.98,true,1,
7290000050454,false,יופלה אפרסק 500 גרם,תנובה,IL,יופלה אפרסק,גרמים,500.00,100 גרם,false,0,9.90,1.98,true,1,
7290000050997,false,יופלה שטוזים בננה 100*4ג,תנובה,IL,יופלה שטוזים 4יח,גרמים,400.00,100 גרם,false,0,9.90,2.48,true,1,
7290000051024,false,יופלה שטוזים תות 100*4גר,תנובה,IL,יופלה שטוזים 4יח,גרמים,400.00,100 גרם,false,0,9.90,2.48,true,1,
7290000051307,false,מארז הפסקת אוכל עוגי,תנובה,IL,מארז הפסקת אוכל,יחידה,1.00,יחידה,false,0,8.80,8.80,true,1,
7290000051352,false,חלב של פעם מלא3.6%-4% 1ל,תנובה,IL,חלב של פעם מלא,ליטרים,1.00,ליטר,false,0,7.40,7.40,true,1,
7290000051376,false,יופלה דיאט אננס 0% 150גר,תנובה,IL,יופלה דיאט אננס,גרמים,150.00,100 גרם,false,0,5.00,3.33,true,1,
7290000051772,false,מעדן דיאט שוק.קוקוס 150ג,תנובה,IL,מעדן תנובה דיאט,גרמים,150.00,100 גרם,false,0,3.80,2.53,true,1,
7290000051956,false,טל העמק 9% חריץ במשקל,,,טל העמק 9% חריץ במשקל,קילוגרמים,0.00,"ק""ג",true,0,76.00,76.00,true,1,
7290000052250,false,יופלהYYYפירות יער3% 500ג,תנובה,IL,יופלה YYY פ.יער,גרמים,500.00,100 גרם,false,0,9.90,1.98,true,1,
7290000052298,false,משקה מוקה בקבוק 1 ליטר,תנובה,,משקה מוקה בקבוק,מיליליטרים,1000.00,"100 מ""ל",false,0,8.90,0.89,true,1,
7290000052304,false,"משקה מוקה בקבוק 340 מ""ל",תנובה,IL,משקה מוקה בקבוק,מיליליטרים,340.00,"100 מ""ל",false,0,6.30,1.85,true,1,
7290000052311,false,עמק 15% פרוס בקופסא 200,תנובה,IL,עמק 15% פרוס,גרמים,200.00,100 גרם,false,0,15.20,7.60,true,1,
7290000052649,false,פיראוס לבנה 5% 500 גרם,תנובה,IL,פיראוס לבנה 5%,גרמים,500.00,100 גרם,false,0,19.70,3.94,true,1,
7290000052717,false,קוטג' +שום שמיר,,IL,קוטג' +שום שמיר,גרמים,250.00,100 גרם,false,0,5.70,2.28,true,1,
7290000053271,false,עמק עיזים,,IL,עמק עיזים,גרמים,200.00,100 גרם,false,0,19.40,9.70,true,1,
7290000053981,false,יופלה פרי 150*8 גרם,תנובה,IL,יופלה פרי 8 יח,קילוגרמים,1.20,"ק""ג",false,0,24.90,20.75,true,1,
7290000054513,false,שטוזים בטעמים 100*8ג,תנובה,IL,יופלה שטוזים 8יח,גרמים,800.00,100 גרם,false,0,15.90,1.99,true,1,
7290000054995,false,יוגורט עיזים פיראוס 500מ,תנובה,IL,יוגורט עיזים,מיליליטרים,500.00,"100 מ""ל",false,0,11.80,2.36,true,1,
7290000055015,false,פיראוס פטה כבשים 5% 250ג,תנובה,IL,פיראוס פטה כבשים,גרמים,250.00,100 גרם,false,0,25.90,10.36,true,1,
7290000055206,false,גבינה לבנה 5%,,IL,גבינה לבנה 5%,גרמים,250.00,100 גרם,false,0,5.40,2.16,true,1,
7290000055329,false,משקה יוגורט תות-מלון250ג,תנובה,IL,משקה יוגורט,גרמים,250.00,100 גרם,false,0,5.30,2.12,true,1,
7290000055336,false,משקה יוגורט בננ.אפרסק250,תנובה,IL,משקה יוגורט,גרמים,250.00,100 גרם,false,0,5.30,2.12,true,1,
7290000055343,false,משקה יוגורט טרופי 250גרם,תנובה,IL,משקה יוגורט,גרמים,250.00,100 גרם,false,0,5.30,2.12,true,1,
7290000055350,false,גבינת עמק 28% חריץ במשקל,תנובה,IL,גבינת עמק 28%,קילוגרמים,0.00,"ק""ג",true,1,41.30,41.30,true,1,
7290000055411,false,משקה אורז עמיד 1 ליטר,סויה מג'יק עפולה,IL,משקה אורז עמיד,ליטרים,1.00,ליטר,false,1,12.90,12.90,true,1,
7290000055558,false,"8+2 קרח לימון+אננס כשל""פ",נסטלה,IL,קרחונים,גרמים,800.00,100 גרם,false,0,17.70,2.21,true,1,
7290000055565,false,שלגונים מצופים 10 כשלפ,נסטלה,IL,שלגונים מצופים 10 כשלפ,גרמים,600.00,100 גרם,false,0,30.50,5.08,true,1,
7290000056081,false,פרילי טבע 6 * 200גרם,תנובה,IL,מארז פרילי טבע,קילוגרמים,1.20,"ק""ג",false,0,21.60,18.00,true,1,
7290000056272,false,גבינה לבנה 5%,,,גבינה לבנה 5%,גרמים,250.00,100 גרם,false,0,5.40,2.16,true,1,
7290000056845,false,חלב טרי הומוגני3% 1.5ל',תנובה,,חלב תנובה 3%,ליטרים,1.50,ליטר,false,0,8.62,5.75,true,1,
7290000056883,false,יופלה 3% טעמים 150*8גרם,תנובה,IL,יופלה 8 יח במארז,קילוגרמים,1.20,"ק""ג",false,0,29.90,24.92,true,1,
7290000056890,false,יופלה אננס/דובד%0 150*8ג,תנובה,IL,יופלה 0% 8 יח,קילוגרמים,1.20,"ק""ג",false,0,29.90,24.92,true,1,
7290000056906,false,יופלה לבן 1.5% 150*8גרם,תנובה,IL,יופלה לבן 1.5%,קילוגרמים,1.20,"ק""ג",false,0,17.90,14.92,true,1,
7290000056951,false,שמנת לבישול 15%,,,שמנת לבישול 15%,מיליליטרים,500.00,"100 מ""ל",false,0,15.70,3.14,true,1,
7290000056968,false,שמנת38%,,,שמנת38%,מיליליטרים,500.00,"100 מ""ל",false,0,11.90,2.38,true,1,
7290000057088,false,גבינת עמק דק 28% 200 גרם,תנובה,IL,גבינת עמק דק 28%,גרמים,200.00,100 גרם,false,0,15.20,7.60,true,1,
7290000057118,false,גבינת עמק פרוסה,,,גבינת עמק פרוסה,גרמים,400.00,100 גרם,false,0,21.30,5.33,true,1,
7290000057132,false,יוגורט תנובה1.5%,,,יוגורט תנובה1.5%,גרמים,200.00,100 גרם,false,0,3.00,1.50,true,1,
7290000057149,false,יוגורט תנובה 3% 200 גרם,תנובה,,יוגורט תנובה 3%,גרמים,200.00,100 גרם,false,0,3.00,1.50,true,1,
7290000057552,false,יופלה עוגת גבינה,,IL,יופלה עוגת גבינה,גרמים,150.00,100 גרם,false,0,5.00,3.33,true,1,
7290000057651,false,גבינת קרם שמנת+5%בצל200ג,תנובה,IL,גבינת קרם שמנת,גרמים,200.00,100 גרם,false,0,8.90,4.45,true,1,
7290000058030,false,8שטוזים משקה תות,,IL,8שטוזים משקה תות,מיליליטרים,800.00,"100 מ""ל",false,0,20.30,2.54,true,1,
7290000058283,false,גבינת עיזים 5%,,,גבינת עיזים 5%,גרמים,240.00,100 גרם,false,0,14.50,6.04,true,1,
7290000060071,false,חטיפ.פריכונים ט.טבעי80גר,"פרח תעשיות מזון בע""מ",IL,חטיפי פריכונים,גרמים,80.00,100 גרם,false,0,7.30,9.13,true,1,
7290000060088,false,בייגלה מקלות מלוחים400גר,אסם,IL,בייגלה מקלות,גרמים,400.00,100 גרם,false,0,9.90,2.48,true,1,
7290000060118,false,פסטה ספגטי מס' 3 250 גר,זארה,IT,ספגטי אסם,גרמים,250.00,100 גרם,false,0,3.90,1.56,true,1,
7290000060156,false,אטריות ביצים דקות 200 גר,אסם,IL,אטריות ביצים,גרמים,200.00,100 גרם,false,0,7.80,3.90,true,1,
7290000060163,false,אטריות דקות 400 גרם,אסם,IL,אטריות דקות,גרמים,400.00,100 גרם,false,0,6.90,1.73,true,1,
7290000060200,false,פתיתים אפויים קוסקוס500ג,אסם,IL,פתיתים אפויים,גרמים,500.00,100 גרם,false,0,6.90,1.38,true,1,
7290000060217,false,פסטה מקרוני 7 500 גרם,זארה,IT,פסטה מקרוני 7,גרמים,500.00,100 גרם,false,0,5.40,1.08,true,1,
7290000060248,false,פסטה אסם תלתלים 500 גרם,זארה,IT,פסטה תלתלים,גרמים,500.00,100 גרם,false,0,5.40,1.08,true,1,
7290000060330,false,ספירלי פרפקטו 500 גרם,זארה,IT,ספירלי פרפקטו,גרמים,500.00,100 גרם,false,0,7.60,1.52,true,1,
7290000060408,false,פתיתים טבעות 500 גרם,אסם,IL,פתיתים טבעות,גרמים,500.00,100 גרם,false,0,6.90,1.38,true,1,
7290000060415,false,לזניה פרפקטו 500 גרם,פסטה לנסי,IT,לזניה פרפקטו,גרמים,500.00,100 גרם,false,0,10.00,2.00,true,1,
7290000060491,false,פרפקטו קיפרי ריגאטי 500ג,זארה,IT,פסטה קיפרי ריגטי,גרמים,500.00,100 גרם,false,0,7.60,1.52,true,1,
7290000060538,false,פרפקטו צדפים 500 גרם,זארה,IT,פרפקטו צדפים,גרמים,500.00,100 גרם,false,0,7.60,1.52,true,1,
7290000060576,false,"פתיתים אפויים""כוכבים500""",אסם,IL,פתיתים אפויים,גרמים,500.00,100 גרם,false,0,6.90,1.38,true,1,
7290000060781,false,פסטה מסולסלת אסם 500 גרם,זארה,IT,פסטה מסולסלת,גרמים,500.00,100 גרם,false,0,5.40,1.08,true,1,
7290000060828,false,פסטה קרניים בינוניות500ג,זארה,IT,פסטה קרניים,גרמים,500.00,100 גרם,false,0,5.40,1.08,true,1,
7290000060842,false,פסטה צדפים גדולים 500 גר,זארה,IT,פסטה צדפים אסם,גרמים,500.00,100 גרם,false,0,5.40,1.08,true,1,
7290000060859,false,פסטה צדפים אסם 500 גרם,זארה,IT,פסטה צדפים,גרמים,500.00,100 גרם,false,0,5.40,1.08,true,1,
7290000060880,false,פסטה ספגטי מס 8 אסם 500ג,זארה,IT,ספגטי מס' 8,גרמים,500.00,100 גרם,false,0,5.40,1.08,true,1,
7290000060903,false,פתיתים אפויים אורז 500 ג,אסם,IL,פתיתים אפויים,גרמים,500.00,100 גרם,false,0,6.90,1.38,true,1,
7290000060958,false,אטריות בינוניות 400 גרם,אסם,IL,אטריות בינוניות,גרמים,400.00,100 גרם,false,0,6.90,1.73,true,1,
7290000060965,false,אטריות רחבות 400 גרם,אסם,IL,אטריות רחבות,גרמים,400.00,100 גרם,false,0,6.90,1.73,true,1,
7290000060972,false,אטריות דקיקות אסם 400 גר,זארה,IT,אטריות דקיקות,גרמים,400.00,100 גרם,false,0,6.90,1.73,true,1,
7290000061085,false,"רוטב צ'ילי מתוק 290 מ""ל",אסם,IL,רוטב צ'ילי אסם,מיליליטרים,290.00,"100 מ""ל",false,0,9.90,3.41,true,1,
7290000061245,false,עוג.שוקוצ'יפס ממולאות220,אסם,IL,עוגיות ש.צ'יפס,גרמים,220.00,100 גרם,false,0,10.60,4.82,true,1,
7290000061283,false,שקדי מרק 400 גרם25%+חינם,אסם,IL,שקדי מרק,גרמים,500.00,100 גרם,false,0,10.90,2.18,true,1,
7290000061450,false,פתיתים אפויים 3צבעים500ג,אסם,IL,פתיתים אפויים,גרמים,500.00,100 גרם,false,0,6.90,1.38,true,1,
7290000061764,false,נסקפה רד מאג 200 גרם,נסטלה,ES,נסקפה רד מאג,גרמים,200.00,100 גרם,false,0,19.90,9.95,true,1,
7290000062242,false,דובונים שמנת בצל 40 גרם,אסם,IL,דובונים שמנת בצל,גרמים,40.00,100 גרם,false,0,4.30,10.75,true,1,
7290000062709,false,לחמית שיפון 920 גרם,אסם,IL,קרקר לחמית שיפון,גרמים,920.00,100 גרם,false,0,21.70,2.36,true,1,
7290000063027,false,"לחמית ללא גלוטן 1 ק""ג",אסם,IL,לחמית ללא גלוטן,קילוגרמים,1.00,"ק""ג",false,0,39.20,39.20,true,1,
7290000063096,false,קטשופ בקב.לחיץ 750*2 גרם,אסם,IL,קטשופ זוג,קילוגרמים,1.50,"ק""ג",false,0,19.30,12.87,true,1,
7290000063133,false,שקדי מרק רכיבים טבעי100ג,אסם,IL,שקדי מרק אסם,גרמים,100.00,100 גרם,false,0,5.40,5.40,true,1,
7290000063140,false,שקדי מרק רכיבים טבעי400ג,אסם,IL,שקדי מרק אסם,גרמים,400.00,100 גרם,false,0,10.90,2.73,true,1,
7290000063294,false,סירופ ויטמינצ'יק ענבים2ל,בית השיטה,IL,ויטמינצ'יק ענבים,ליטרים,2.00,ליטר,false,0,22.30,11.15,true,1,
7290000063300,false,סירופ ויטמינצ'יק פטל 2ל',בית השיטה,IL,ויטמינצ'יק פטל,ליטרים,2.00,ליטר,false,0,22.30,11.15,true,1,
7290000064321,false,תבשיל מג'דרה 145 גרם,אסם,IL,תבשיל מג'דרה,גרמים,145.00,100 גרם,false,0,8.90,6.14,true,1,
7290000064505,false,תבשיל פתיתים+ירקות 130גר,אסם,IL,תבשיל פתיתים,גרמים,130.00,100 גרם,false,0,8.90,6.85,true,1,
7290000065090,false,מיני קרוטונים מתובל400 ג,עינת,IL,מיני קרוטונים,גרמים,400.00,100 גרם,false,0,22.80,5.70,true,1,
7290000065557,false,מ.חמה קוסקוס עם ירקות 84,אסם,IL,מנה חמה קוסקוס,גרמים,84.00,100 גרם,false,0,5.90,7.02,true,1,
7290000065717,false,סירופ ויטמינצ'יק פטל 1ל',בית השיטה,IL,ויטמינצ'יק פטל,ליטרים,1.00,ליטר,false,0,12.90,12.90,true,1,
7290000065724,false,סירופ ויטמינצ'יק לימון1ל,בית השיטה,IL,ויטמינצ'יק לימון,ליטרים,1.00,ליטר,false,0,12.90,12.90,true,1,
7290000065748,false,סירופ ויטמינצ'יק אננס 1ל,בית השיטה,IL,ויטמינצ'יק אננס,ליטרים,1.00,ליטר,false,0,12.90,12.90,true,1,
7290000066141,false,ביסלי גריל 70 גרם,אסם,IL,ביסלי גריל,גרמים,70.00,100 גרם,false,0,4.20,6.00,true,1,
7290000066158,false,ביסלי בצל 67 גרם,אסם,IL,ביסלי בטעם בצל,גרמים,67.00,100 גרם,false,0,4.20,6.27,true,1,
7290000066165,false,ביסלי ברביקיו 67 גרם,אסם,IL,ביסלי ברביקיו,גרמים,67.00,100 גרם,false,0,4.20,6.27,true,1,
7290000066189,false,ביסלי פלאפל 200 גרם,אסם,IL,ביסלי פלאפל,גרמים,200.00,100 גרם,false,0,6.90,3.45,true,1,
7290000066196,false,ביסלי גריל 200 גרם,אסם,IL,ביסלי גריל,גרמים,200.00,100 גרם,false,0,6.90,3.45,true,1,
7290000066202,false,ביסלי בצל 190 גרם,אסם,IL,ביסלי בטעם בצל,גרמים,190.00,100 גרם,false,0,6.90,3.63,true,1,
7290000066219,false,ביסלי ברביקיו 190 גרם,אסם,IL,ביסלי ברביקיו,גרמים,190.00,100 גרם,false,0,6.90,3.63,true,1,
7290000066226,false,ביסלי פיצה 200 גרם,אסם,IL,ביסלי בטעם פיצה,גרמים,200.00,100 גרם,false,0,6.90,3.45,true,1,
7290000066264,false,דובונים-חטיפים מלוחים40ג,אסם,IL,חטיפי דובונים,גרמים,40.00,100 גרם,false,0,4.30,10.75,true,1,
7290000066295,false,במבה מתוקה 30 גרם,אסם,IL,במבה מתוקה,גרמים,30.00,100 גרם,false,0,2.60,8.67,true,1,
7290000066318,false,במבה 80 גרם,אסם,IL,במבה,גרמים,80.00,100 גרם,false,0,4.50,5.63,true,1,
7290000066332,false,אפרופו 50 גרם,אסם,IL,חטיף אפרופו,גרמים,50.00,100 גרם,false,0,5.10,10.20,true,1,
7290000066349,false,אפרופו 100 גרם,אסם,IL,אפרופו חטיף תירס,גרמים,100.00,100 גרם,false,0,8.30,8.30,true,1,
7290000066431,false,פופקו בטעם חמאה ודבש80גר,אסם,IL,חטיף פופקו,גרמים,80.00,100 גרם,false,0,5.40,6.75,true,1,
7290000066950,false,"ויטמינצ'יק סירופ תפו""ע1ל",בית השיטה,IL,"ויטמינצ'יק תפו""ע",ליטרים,1.00,ליטר,false,0,12.90,12.90,true,1,
7290000067551,false,"ביסלי בצל כשל""פ 70 גרם",אסם,IL,ביסלי בצל,גרמים,70.00,100 גרם,false,0,4.20,6.00,true,1,
7290000067599,false,מנה חמה ספגטי בולונז 65ג,אסם,IL,מנה חמה בולונז,גרמים,65.00,100 גרם,false,0,5.90,9.08,true,1,
7290000067742,false,"פודינג אינסט.וניל כל""פ80",אסם,IL,פודינג וניל,גרמים,80.00,100 גרם,false,0,5.20,6.50,true,1,
7290000068138,false,אינסטנט פודינג וניל 80גר,אסם,IL,אינסטנט פודינג,גרמים,80.00,100 גרם,false,0,5.20,6.50,true,1,
7290000068169,false,אינסטנט פודינג שוקולד95ג,אסם,IL,אינסטנט פודינג,גרמים,95.00,100 גרם,false,0,5.20,5.47,true,1,
7290000068190,false,ג'לי בטעם תות 90 גרם,אסם,IL,ג'לי בטעם תות,גרמים,90.00,100 גרם,false,0,6.40,7.11,true,1,
7290000068237,false,ג'לי בטעם פטל 85 גרם,אסם,IL,ג'לי בטעם פטל,גרמים,85.00,100 גרם,false,0,6.40,7.53,true,1,
7290000068282,false,"מנה חמה פירה כשל""פ 47גר",אסם,IL,מנה חמה פירה,גרמים,47.00,100 גרם,false,0,6.50,13.83,true,1,
7290000068299,false,מנה חמה פירה+פטריות47גר,אסם,IL,מנה חמה פירה,גרמים,47.00,100 גרם,false,0,6.90,14.68,true,1,
7290000068343,false,פריכונים מאורז מלא 140גר,"פרח תעשיות מזון בע""מ",IL,פריכונים מאורז,גרמים,140.00,100 גרם,false,0,6.80,4.86,true,1,
7290000068787,false,"במבה יום הולדת 25ג בד""צ",אסם,IL,במבה יום הולדת,גרמים,25.00,100 גרם,false,0,2.20,8.80,true,1,
7290000069258,false,פנה ריגאטה פרפקטו 500 גר,זארה,IT,פנה ריגאטה,גרמים,500.00,100 גרם,false,0,7.60,1.52,true,1,
7290000069562,false,פריכונ.דקים חיטה+שבול130,הרטו,BE,פריכונים דקים,גרמים,130.00,100 גרם,false,0,8.50,6.54,true,1,
7290000069586,false,טסטר צ'ויס 200 50+ג מארז,נסטלה,IL,מארז טסטר צ'ויס,גרמים,250.00,100 גרם,false,0,34.90,13.96,true,1,
7290000070322,false,מרק פטריות ר.טבעיים400גר,אסם,IL,מרק פטריות אסם,גרמים,400.00,100 גרם,false,0,19.90,4.98,true,1,
7290000070353,false,מרק בצל רכיבים טבעיים400,אסם,IL,מרק בצל אסם,גרמים,400.00,100 גרם,false,0,19.90,4.98,true,1,
7290000070384,false,מרק בטעם עוף זך עדיף400ג,אסם,IL,מרק בטעם עוף,גרמים,400.00,100 גרם,false,0,13.60,3.40,true,1,
7290000071008,false,בייגלה שטוח מלח 60 גרם,אסם,IL,בייגלה שטוחים,גרמים,60.00,100 גרם,false,0,2.90,4.83,true,1,
7290000072241,false,"רוטב פיצה 290 מ""ל",אסם,IL,רוטב לפיצה אסם,מיליליטרים,290.00,"100 מ""ל",false,0,9.90,3.41,true,1,
7290000072593,false,לחמית חיטה מלאה דבש200גר,אסם,IL,לחמית ח.מלאה דבש,גרמים,200.00,100 גרם,false,0,8.90,4.45,true,1,
7290000072623,false,קטשופ בקבוק לחיץ 750 גרם,אסם,IL,קטשופ בקבוק לחיץ,גרמים,750.00,100 גרם,false,0,10.90,1.45,true,1,
7290000072630,false,קטשופ חריף 750 גרם,אסם,IL,קטשופ חריף,גרמים,750.00,100 גרם,false,0,13.80,1.84,true,1,
7290000072692,false,רוטב ספגטי 500 גרם,אסם,IL,רוטב ספגטי אסם,גרמים,500.00,100 גרם,false,0,14.70,2.94,true,1,
7290000072753,false,נסקפה טסטר'ס צ'ויס200ג,נסטלה,KR,נסקפה טסטרס צויס,גרמים,200.00,100 גרם,false,0,34.90,17.45,true,1,
7290000072777,false,טסטרס צ'ויס נט.קפאין200,נסטלה,KR,קפה טסטרס צויס,גרמים,200.00,100 גרם,false,0,37.90,18.95,true,1,
7290000072784,false,טסטרס צ'ויס נט.קפאין100ג,נסטלה,KR,קפה טסטרס צויס,גרמים,100.00,100 גרם,false,0,29.60,29.60,true,1,
7290000072791,false,נסקפה גולד בלנד 200 גר,נסטלה,CH,נסקפה גולד בלנד,גרמים,200.00,100 גרם,false,0,45.90,22.95,true,1,
7290000072814,false,נסקפה גולד אספרסו 200ג,נסטלה,FR,נסקפה גולד,גרמים,200.00,100 גרם,false,0,45.90,22.95,true,1,
7290000072913,false,"רוטב שום 2% שומן 290 מ""ל",אסם,IL,רוטב שום לייט,מיליליטרים,290.00,"100 מ""ל",false,0,10.90,3.76,true,1,
7290000072968,false,סיני מיניס 500 גרם,נסטלה,PL,דגני נסטלה,גרמים,500.00,100 גרם,false,0,23.70,4.74,true,1,
7290000073415,false,מ.חמה פסטה ברוטב פיצה,אסם,IL,מנה חמה פסטה,גרמים,61.00,100 גרם,false,0,5.90,9.67,true,1,
7290000073477,false,עוגת בראוניס שוק.וניל380,אסם,IL,עוגת בראוניס,גרמים,380.00,100 גרם,false,0,16.00,4.21,true,1,
7290000073699,false,סלט חומוס צבר 150 גרם,צבר,IL,סלט חומוס צבר,גרמים,150.00,100 גרם,false,0,4.90,3.27,true,1,
7290000073835,false,צ'יפסי 4 * 50 גרם,אסם,IL,צ'יפסי 4 יחידות,גרמים,200.00,100 גרם,false,0,10.90,5.45,true,1,
7290000074061,false,לחמית סילאן ושומשום200גר,אסם,IL,לחמית סילאן,גרמים,200.00,100 גרם,false,0,8.90,4.45,true,1,
7290000074184,false,ביסקוויט פתי בר 500 גרם,אסם,IL,ביסקוויט פתי בר,גרמים,500.00,100 גרם,false,0,7.30,1.46,true,1,
7290000074245,false,קרם קרקר 250 גרם,אסם,IL,קרם קרקר אסם,גרמים,250.00,100 גרם,false,0,9.80,3.92,true,1,
7290000074276,false,קרקר פיקנטי 250 גרם,אסם,IL,קרקר פיקנטי אסם,גרמים,250.00,100 גרם,false,0,9.90,3.96,true,1,
7290000074337,false,לחמית ח.מלאה דל נתרן250ג,אסם,IL,לחמית דל נתרן,גרמים,250.00,100 גרם,false,0,9.00,3.60,true,1,
7290000074375,false,קרקר זהב 150 גרם,אסם,IL,קרקר זהב אסם,גרמים,150.00,100 גרם,false,0,7.00,4.67,true,1,
7290000074481,false,לחמית אגוזים 160 גרם,אסם,IL,לחמית אגוזים,גרמים,160.00,100 גרם,false,0,9.00,5.63,true,1,
7290000074641,false,סלט כרוב אדום צבר 140 גר,צבר,IL,כרוב אדום צבר,גרמים,140.00,100 גרם,false,0,5.90,4.21,true,1,
7290000074658,false,"ביסקוויט פתי בר 1 ק""ג",אסם,IL,ביסקוויט פתי בר,קילוגרמים,1.00,"ק""ג",false,0,18.70,18.70,true,1,
7290000074764,false,קרקר זהב 900 גרם,אסם,IL,קרקר זהב אסם,גרמים,900.00,100 גרם,false,0,28.60,3.18,true,1,
7290000074962,false,עוג.מיני שוקוצ'יפס 225גר,כרמית,IL,עוגיות שוקוצ'יפס,גרמים,225.00,100 גרם,false,0,9.80,4.36,true,1,
7290000075204,false,לחמית חיטה מלאה 250 גרם,אסם,IL,לחמית חיטה מלאה,גרמים,250.00,100 גרם,false,0,8.90,3.56,true,1,
7290000075372,false,פיטנס שקדים ודבש 355*2גר,נסטלה,FR,פיטנס זוג,גרמים,710.00,100 גרם,false,0,34.60,4.87,true,1,
7290000076126,false,בייגלה שמיניות קטנות80גר,אסם,IL,בייגלה שמיניות,גרמים,80.00,100 גרם,false,0,3.30,4.13,true,1,
7290000076133,false,בייגלה שמיניות קטנות400ג,אסם,IL,בייגלה שמיניות,גרמים,400.00,100 גרם,false,0,9.90,2.48,true,1,
7290000076157,false,נסקוויק אבקה להכ.שוקו450,אסם,IL,נסקוויק שוקו,גרמים,450.00,100 גרם,false,0,13.90,3.09,true,1,
7290000076645,false,טוסטעים חיטה מלאה 100גרם,ון דר מולן,NL,טוסטעיםחיטה מלאה,גרמים,100.00,100 גרם,false,0,10.50,10.50,true,1,
7290000077017,false,קרמוגית ממולא שוקו200.גר,אסם,IL,קרמוגית שוקולד,גרמים,200.00,100 גרם,false,0,10.90,5.45,true,1,
7290000078762,false,חטיפי פריכונים עם דבש80ג,הרטו,BE,חטיפי פריכונים,גרמים,80.00,100 גרם,false,0,7.30,9.13,true,1,
7290000079875,false,"גל.גויה מייפל פקאן כשל""פ",נסטלה,IL,גלידה גויה,מיליליטרים,500.00,"100 מ""ל",false,0,19.90,3.98,true,1,
7290000080505,false,סלט טורקי רפי כהן 400 גר,צבר,IL,סלט טורקי,גרמים,400.00,100 גרם,false,0,11.90,2.98,true,1,
7290000080512,false,"סלט תפו""א ר.כהן כשל""פ400",צבר,IL,"סלט תפו""א",גרמים,400.00,100 גרם,false,0,11.90,2.98,true,1,
7290000080529,false,קישוא+בצל מטוגן רפי400גר,צבר,IL,סלט קישואים,גרמים,400.00,100 גרם,false,0,11.90,2.98,true,1,
7290000080536,false,חציל טעם כבד רפי כהן400ג,צבר,IL,חציל טעם כבד תבר,גרמים,400.00,100 גרם,false,0,11.90,2.98,true,1,
7290000080765,false,טוסטעים פת קלוי+שומשו100,ון דר מולן,NL,טוסטעים +שומשו,גרמים,100.00,100 גרם,false,0,10.50,10.50,true,1,
7290000080932,false,"גל.גויה שוקולד אגוז כל""פ",נסטלה,IL,גלידה גויה,מיליליטרים,500.00,"100 מ""ל",false,0,19.90,3.98,true,1,
7290000081168,false,חטיף צ'יפסי מלוח 50 גרם,אסם,IL,חטיף צ'יפסי,גרמים,50.00,100 גרם,false,0,3.40,6.80,true,1,
7290000081663,false,בייגלה טבעות שומשום300גר,אסם,IL,בייגלה טבעות,גרמים,300.00,100 גרם,false,0,9.90,3.30,true,1,
7290000090603,true,פוקצה עם ירקות קפוא,גידרון,IL,פוקצה עם ירקות,יחידה,1.00,יחידה,false,0,7.20,7.20,true,1,
7290000090627,true,לחמניה מתוקה,גידרון,IL,לחמניה מתוקה,יחידה,1.00,יחידה,false,0,2.00,2.00,true,1,
7290000090689,true,פוקצה עם זיתים קפוא,גידרון,IL,פוקצה עם זית,יחידה,1.00,יחידה,false,0,7.20,7.20,true,1,
7290000090832,true,בייגל אמריקאי רגיל,גידרון,IL,בייגל אמריקאי,יחידה,1.00,יחידה,false,0,3.90,3.90,true,1,
7290000093031,true,לחם ג'בטה,גידרון,IL,לחם ג'בטה,יחידה,1.00,יחידה,false,0,6.30,6.30,true,1,
7290000094083,true,לחמניה גידרול,גידרון,IL,לחמניה גידרול,יחידה,1.00,יחידה,false,0,4.50,4.50,true,1,
7290000094199,true,לחם חצי ג'בטה,גידרון,IL,חצי ג'בטה לבן,יחידה,1.00,יחידה,false,0,3.90,3.90,true,1,
7290000094373,true,לחם חצי ג'בטה כפרי,גידרון,IL,לחם חצי ג'בטה,יחידה,1.00,יחידה,false,0,3.90,3.90,true,1,
7290000096018,true,שנייק קינמון במשקל,גידרון,IL,שנייק קינמון,קילוגרמים,0.00,"ק""ג",true,0,42.00,42.00,true,1,
7290000096032,true,חצי בגט,גידרון,IL,חצי בגט,יחידה,1.00,יחידה,false,0,2.90,2.90,true,1,
7290000096926,true,שנייק פיצה חלבי במשקל,גידרון,IL,שנייק פיצה,קילוגרמים,0.00,"ק""ג",true,0,40.00,40.00,true,1,
7290000097237,true,בגט 280 גרם,גידרון,IL,בגט גדרון,יחידה,1.00,יחידה,false,0,4.00,4.00,true,1,
7290000097596,true,לחמנית 1/3 באגט,גידרון,IL,לחמנית בגט,יחידה,1.00,יחידה,false,0,2.70,2.70,true,1,
7290000097633,true,לחמניית קשר,גידרון,IL,לחמניית קשר,יחידה,1.00,יחידה,false,0,2.90,2.90,true,1,
7290000097657,true,לחמניית חלה,גידרון,IL,לחמניית חלה,יחידה,1.00,יחידה,false,0,3.90,3.90,true,1,
7290000098289,true,בייגלה,גידרון,IL,בייגלה,יחידה,1.00,יחידה,false,0,3.90,3.90,true,1,
7290000098296,true,לחמניית אצבע,גידרון,IL,לחמניית אצבע,יחידה,1.00,יחידה,false,0,2.00,2.00,true,1,
7290000099248,true,בורקס גבינה במשקל,גידרון,IL,בורקס גבינה,קילוגרמים,0.00,"ק""ג",true,0,32.00,32.00,true,1,
7290000099255,true,בורקס תפוח אדמה מחיר לקג,גידרון,IL,"בורקס תפו""א",קילוגרמים,0.00,"ק""ג",true,0,32.00,32.00,true,1,
7290000099385,true,גביניות במשקל,גידרון,IL,גביניות,קילוגרמים,0.00,"ק""ג",true,0,33.00,33.00,true,1,
7290000099415,true,רוגלך במשקל,גידרון,IL,רוגלך,קילוגרמים,0.00,"ק""ג",true,0,33.00,33.00,true,1,
7290000099439,true,קרואסון קטן במשקל,גידרון,IL,קרואסונים קטני,קילוגרמים,0.00,"ק""ג",true,0,33.00,33.00,true,1,
7290000099477,true,קרואסון ביס שוקולד במשקל,גידרון,IL,קרואסון שוקולד,קילוגרמים,0.00,"ק""ג",true,0,33.00,33.00,true,1,
7290000099927,true,בורקיטס במשקל,גידרון,IL,בורקיטס,קילוגרמים,0.00,"ק""ג",true,0,32.00,32.00,true,1,
7290000103341,false,מרק עגבניות 644גרם,סנפרוסט,IL,מרק עגבניות,גרמים,644.00,100 גרם,false,0,17.90,2.78,true,1,
7290000103365,false,מרק ירקות עשיר 560גרם,סנפרוסט,IL,מרק ירקות,גרמים,560.00,100 גרם,false,0,17.90,3.20,true,1,
7290000103426,false,אורז עם אפונה וגזר 700גר,סנפרוסט,IL,אורז אפונה וגזר,גרמים,700.00,100 גרם,false,0,16.40,2.34,true,1,
7290000103730,false,לקט להקפצה פסטה פוזילי,סנפרוסט,IL,לקט להקפצה,גרמים,800.00,100 גרם,false,0,24.50,3.06,true,1,
7290000103808,false,לקט להקפצה סיני 800גרם,סנפרוסט,IL,לקט להקפצה סיני 800גרם,גרמים,800.00,100 גרם,false,0,23.70,2.96,true,1,
7290000103815,false,לקט להקפצה תאילנדי 800גר,סנפרוסט,IL,לקט תאילנדי,גרמים,800.00,100 גרם,false,0,24.90,3.11,true,1,
7290000103822,false,לקט לעוף 800גרם,סנפרוסט,IL,לקט לעוף 800גרם,גרמים,800.00,100 גרם,false,0,23.00,2.88,true,1,
7290000103846,false,מרק אפונה 572גרם,סנפרוסט,IL,מרק אפונה,גרמים,572.00,100 גרם,false,0,17.90,3.13,true,1,
7290000103860,false,מרק עדשים 572גרם,סנפרוסט,IL,מרק עדשים,גרמים,572.00,100 גרם,false,0,17.90,3.13,true,1,
7290000103877,false,מרק שעועית 644גרם,סנפרוסט,IL,מרק שעועית,גרמים,644.00,100 גרם,false,0,17.90,2.78,true,1,
7290000104072,false,עדשים ירוקות מבושלות 800,סנפרוסט,IL,עדשים ירוקות מבושלות 800,גרמים,800.00,100 גרם,false,0,18.70,2.34,true,1,
7290000104201,false,אפונה עדינה 600 גרם,סנפרוסט,IL,אפונה עדינה קפוא,גרמים,600.00,100 גרם,false,0,17.90,2.98,true,1,
7290000104218,false,במיה מוקפאת 600 גרם,סנפרוסט,IL,במיה מוקפאת,גרמים,600.00,100 גרם,false,0,15.80,2.63,true,1,
7290000104225,false,בצל קצוץ מוקפא 600 גרם,סנפרוסט,IL,בצל קצוץ מוקפא,גרמים,600.00,100 גרם,false,0,17.00,2.83,true,1,
7290000104287,false,לקט לפשטידה 800 גרם,סנפרוסט,IL,לקט פשטידה800ג,גרמים,800.00,100 גרם,false,0,23.50,2.94,true,1,
7290000104676,false,אפונה ירוקה מוקפאת 800גר,סנפרוסט,IL,אפונה ירוקה קפוא,גרמים,800.00,100 גרם,false,0,18.90,2.36,true,1,
7290000104683,false,שעועית שלמה מוקפאת 800 ג,סנפרוסט,IL,שעועית שלמה-קפוא,גרמים,800.00,100 גרם,false,0,19.90,2.49,true,1,
7290000104690,false,תירס גרעינים מוקפא 800 ג,סנפרוסט,IL,גרעיני תירס קפוא,גרמים,800.00,100 גרם,false,0,17.90,2.24,true,1,
7290000104706,false,גזר גמדי מוקפא 800 גרם,סנפרוסט,IL,גזר גמדי מוקפא,גרמים,800.00,100 גרם,false,0,17.60,2.20,true,1,
7290000104713,false,פול ירוק מוקפא 800 גרם,סנפרוסט,IL,פול ירוק מוקפא,גרמים,800.00,100 גרם,false,0,22.70,2.84,true,1,
7290000104720,false,שעועית ירוקה חתוכה 800 ג,סנפרוסט,IL,שעועית ירוקה חתוכה 800 ג,גרמים,800.00,100 גרם,false,0,18.70,2.34,true,1,
7290000104737,false,שעועית צהובה חתוכה 800 ג,סנפרוסט,IL,שעועית צהובה,גרמים,800.00,100 גרם,false,0,19.00,2.38,true,1,
7290000104744,false,כרובית מוקפאת 800 גרם,סנפרוסט,IL,כרובית מוקפאת,גרמים,800.00,100 גרם,false,0,23.90,2.99,true,1,
7290000104751,false,כרוב ניצנים מוקפא 800 גר,סנפרוסט,IL,כרוב ניצנים קפוא,גרמים,800.00,100 גרם,false,0,23.90,2.99,true,1,
7290000104768,false,תרד עלים מוקפא 800 גרם,סנפרוסט,IL,תרד עלים מוקפא,גרמים,800.00,100 גרם,false,0,25.60,3.20,true,1,
7290000104775,false,מדליוני תרד קפוא 800 גרם,סנפרוסט,IL,מדליוני תרד קפ,גרמים,800.00,100 גרם,false,0,25.60,3.20,true,1,
7290000104805,false,גרגרי חומוס מבושל 800גרם,סנפרוסט,IL,גרגרי חומוס קפוא,גרמים,800.00,100 גרם,false,0,19.70,2.46,true,1,
7290000104829,false,"קלחוני תירס 1 ק""ג",סנפרוסט,IL,"קלחוני תירס 1 ק""ג",קילוגרמים,1.00,"ק""ג",false,0,19.70,19.70,true,1,
7290000104836,false,שעועית עדינה שלמה 600גרם,סנפרוסט,IL,שעועית שלמה קפוא,גרמים,600.00,100 גרם,false,0,22.90,3.82,true,1,
7290000104874,false,לקט לקוסקוס 800 גרם,סנפרוסט,IL,לקט לקוסקוס קפוא,גרמים,800.00,100 גרם,false,0,23.00,2.88,true,1,
7290000104881,false,אפונה וגזר 800 גרם,סנפרוסט,IL,אפונה וגזר 800 גרם,גרמים,800.00,100 גרם,false,0,17.00,2.13,true,1,
7290000104904,false,לקט ירקות מעורבים 800גרם,סנפרוסט,IL,לקט ירקות מעור,גרמים,800.00,100 גרם,false,0,21.70,2.71,true,1,
7290000104911,false,לקט נורמנדי 800 גרם,סנפרוסט,IL,לקט נורמנדי קפוא,גרמים,800.00,100 גרם,false,0,22.70,2.84,true,1,
7290000106175,false,"לקט כפרי 2 ק""ג",סנפרוסט,IL,"לקט כפרי 2 ק""ג",קילוגרמים,2.00,"ק""ג",false,0,38.80,19.40,true,1,
7290000107165,false,חטיף פולי סויה 400 גרם,סנפרוסט,IL,חטיף פולי סויה 400 גרם,גרמים,400.00,100 גרם,false,0,14.10,3.53,true,1,
7290000107189,false,ארטישוק תחתיות 400 גרם,סנפרוסט,IL,תחתיות ארטישוק,גרמים,400.00,100 גרם,false,0,21.70,5.43,true,1,
7290000107295,false,תפרחות ברוקולי 800 גרם,סנפרוסט,IL,ברוקולי מוקפא,גרמים,800.00,100 גרם,false,0,25.90,3.24,true,1,
7290000107677,false,שעועית צהובה עדינה 600גר,סנפרוסט,IL,שעועית צהובה,גרמים,600.00,100 גרם,false,0,23.80,3.97,true,1,
7290000107691,false,פול ירוק 500 גרם,סנפרוסט,IL,פול ירוק 500גרם,גרמים,500.00,100 גרם,false,0,12.90,2.58,true,1,
7290000110059,false,מרגרינה בלי מלח 200 גרם,יוניליוור,IL,מרגרינה בלו-בנד,גרמים,200.00,100 גרם,false,0,4.50,2.25,true,1,
7290000110073,false,מרגרינה בטעם חמאה 200גר,יוניליוור,IL,מחמאה מרגרינה,גרמים,200.00,100 גרם,false,0,4.80,2.40,true,1,
7290000110844,false,כיפלי גריל 70 גרם,יוניליוור,IL,כיפלי בטעם גריל,גרמים,60.00,100 גרם,false,0,5.60,9.33,true,1,
7290000111063,false,מיונז תלמה אמיתי250 גרם,יוניליוור,IL,מיונז אמיתי תלמה,גרמים,250.00,100 גרם,false,0,6.40,2.56,true,1,
7290000111117,false,מרכך כביסה בדין לבן 4 לי,יוניליוור,IL,מרכך כביסה בדין,ליטרים,4.00,ליטר,false,0,21.90,5.48,true,1,
7290000111186,false,מיונז תלמה אמיתי 500 גרם,יוניליוור,IL,מיונז אמיתי,גרמים,500.00,100 גרם,false,0,9.50,1.90,true,1,
7290000112152,false,"קוקומן כדורים בד""ץ 500גר",יוניליוור,IL,קוקומן כדורים,גרמים,500.00,100 גרם,false,0,21.70,4.34,true,1,
7290000112220,false,טחינה גולמית 100% 500 גר,רושדי תעשיות מזון,IL,טחינה גולמית,גרמים,500.00,100 גרם,false,0,14.90,2.98,true,1,
7290000112237,false,"טחינה גולמית 100% 1 ק""ג",רושדי תעשיות מזון,IL,טחינה גולמית,קילוגרמים,1.00,"ק""ג",false,0,27.70,27.70,true,1,
7290000112497,false,מ.עשיר עוף איטר.קנור68גר,יוניליוור,IL,מרק עוף איטריות,גרמים,68.00,100 גרם,false,0,7.90,11.62,true,1,
7290000112503,false,מרק עשיר ירקות קנור 61גר,יוניליוור,IL,מרק ירקות קנור,גרמים,61.00,100 גרם,false,0,7.90,12.95,true,1,
7290000112619,false,מרק עוף קנור 400 גרם,יוניליוור,IL,מרק עוף אמיתי,גרמים,400.00,100 גרם,false,0,19.90,4.98,true,1,
7290000113180,false,"כיפלי צ'יפס בד""צ 50 גרם",יוניליוור,IL,כיפלי צ'יפסים,גרמים,50.00,100 גרם,false,0,5.60,11.20,true,1,
7290000113203,false,"כיפלי צ'יפס קטשופ בד""צ50",יוניליוור,IL,כיפלי צ'יפס,גרמים,50.00,100 גרם,false,0,5.60,11.20,true,1,
7290000113654,false,נמס בכוס לייט ירקות17*2ג,יוניליוור,IL,נמס בכוס לייט,גרמים,34.00,100 גרם,false,0,6.90,20.29,true,1,
7290000114118,false,סובין שבולת שועל 400 גרם,יוניליוור,IL,סובין שבולת שועל,גרמים,400.00,100 גרם,false,0,21.90,5.48,true,1,
7290000114255,false,קווקר שבולת שועל 500 גרם,יוניליוור,IL,שיבולת שועל,גרמים,500.00,100 גרם,false,0,14.50,2.90,true,1,
7290000114897,false,קורנפלקס 750 גרם,יוניליוור,IL,קורנפלקס תלמה,גרמים,750.00,100 גרם,false,0,14.90,1.99,true,1,
7290000116884,false,"רוטב ברביקיו קנור 300מ""ל",יוניליוור,IL,רוטב ברביקיו,מיליליטרים,300.00,"100 מ""ל",false,0,10.00,3.33,true,1,
7290000116921,false,רוטב צ'ילי מתוק קנור300מ,יוניליוור,IL,רוטב צ'ילי מתוק,מיליליטרים,300.00,"100 מ""ל",false,0,10.00,3.33,true,1,
7290000117386,false,מארז 8 חטיפי דגנים שוגי,יוניליוור,IL,חטיפי דגנים 8 יח,גרמים,208.00,100 גרם,false,0,15.80,7.60,true,1,
7290000117393,false,חט.דגנים שוקו שוגי 26X8ג,יוניליוור,IL,חטיפי דגנים 8 יח,גרמים,208.00,100 גרם,false,0,15.80,7.60,true,1,
7290000117430,false,חטיפי דגנים קוקומן 21X8ג,יוניליוור,IL,חטיפי דגנים 8 יח,גרמים,168.00,100 גרם,false,0,15.80,9.40,true,1,
7290000117720,false,מרק נמס בכוס פטריות 43גר,יוניליוור,IL,מרק נמס בכוס,גרמים,43.00,100 גרם,false,0,6.90,16.05,true,1,
7290000118277,false,קניידלך כופתאות מצה65*2ג,יוניליוור,IL,אבקה לקניידלך,גרמים,130.00,100 גרם,false,0,9.80,7.54,true,1,
7290000120393,false,סיף ג'ל אקונומ.לימון750מ,יוניליוור,IL,סיף אקונומיקה,מיליליטרים,750.00,"100 מ""ל",false,0,12.60,1.68,true,1,
7290000120836,false,מיונז הלמנס 394 גרם,יוניליוור,US,מיונז הלמנס,גרמים,394.00,100 גרם,false,0,9.90,2.51,true,1,
7290000120874,false,מיונז הלמנס לייט 424 גרם,יוניליוור,US,מיונז הלמנס,גרמים,424.00,100 גרם,false,0,9.90,2.33,true,1,
7290000121017,false,גבינת שומרון מותכת7% 120,נטו,IL,גבינת שומרון 7%,גרמים,120.00,100 גרם,false,0,10.00,8.33,true,1,
7290000121093,false,גב.מון בלן ט.שויצרי 120ג,נטו,IL,גבינת מון בלאן,גרמים,120.00,100 גרם,false,0,10.00,8.33,true,1,
7290000121109,false,גבינה מון בלאן+זיתים120ג,נטו,IL,גבינת מון בלאן,גרמים,120.00,100 גרם,false,0,10.00,8.33,true,1,
7290000121154,false,מון בלאן לייט +סלמון120ג,נטו,IL,גבינת מון בלאן,גרמים,120.00,100 גרם,false,0,10.00,8.33,true,1,
7290000121239,false,מיוקל5% ללא כולסטרול500ג,יוניליוור,IL,מיוקל 5% שומן,גרמים,500.00,100 גרם,false,0,12.90,2.58,true,1,
7290000122175,false,"תמצית וניל אפיכל 50 מ""ל",יוניליוור,IL,תמצית וניל,מיליליטרים,50.00,"100 מ""ל",false,0,4.40,8.80,true,1,
7290000122687,false,סירופ שוקולד אפיכל 600גר,יוניליוור,IL,סירופ שוקולד,גרמים,600.00,100 גרם,false,0,13.10,2.18,true,1,
7290000122830,false,רוטב סצ'ואן סיני קנור300,יוניליוור,IL,רוטב סצ'ואן סיני,מיליליטרים,300.00,"100 מ""ל",false,0,10.00,3.33,true,1,
7290000123110,false,מזולה לייט למריחה 250גרם,יוניליוור,IL,מזולה לייט,גרמים,250.00,100 גרם,false,0,9.20,3.68,true,1,
7290000123158,false,מזולה טעם חמאה 250 גרם,יוניליוור,IL,מזולה טעם חמאה,גרמים,250.00,100 גרם,false,0,10.40,4.16,true,1,
7290000123172,false,מזולה בגביע טעם טבעי250ג,יוניליוור,IL,מזולה בגביע,גרמים,250.00,100 גרם,false,0,9.20,3.68,true,1,
7290000123257,false,מזולה לייט+שמן זית 250גר,יוניליוור,IL,מזולה לייט,גרמים,250.00,100 גרם,false,0,10.40,4.16,true,1,
7290000123363,false,שוקו צמקאו אפיפון 500 גר,יוניליוור,IL,צימקאו לאפיה,גרמים,500.00,100 גרם,false,0,11.80,2.36,true,1,
7290000124841,false,"שוקולד חלב בד""צ 100*3 גר",יוניליוור,IL,שוקולד חלב 3 יח',גרמים,300.00,100 גרם,false,0,13.90,4.63,true,1,
7290000125251,false,בדין שמפו לכביסה עדינה2ל,יוניליוור,IL,בדין שמפו לכביסה,ליטרים,2.00,ליטר,false,0,22.90,11.45,true,1,
7290000127224,false,קונפיטורה תות 778 340גרם,יוניליוור,IL,קונפיטורת תות,גרמים,340.00,100 גרם,false,0,12.00,3.53,true,1,
7290000127705,false,שוק.מריר פרווה 100*6 גרם,יוניליוור,IL,שוקולד מריר 6 יח,גרמים,600.00,100 גרם,false,0,17.90,2.98,true,1,
7290000129457,false,רוטב פטריות 28 גרם,יוניליוור,IL,רוטב פטריות,גרמים,28.00,100 גרם,false,0,3.90,13.93,true,1,
7290000129785,false,מרכך כביסה בדין ירוק 4 ל,יוניליוור,IL,מרכך כביסה בדין,ליטרים,4.00,ליטר,false,0,21.90,5.48,true,1,
7290000133645,false,מ.ש.אורביטול סודה145*3ג,קוסמופארם,,משחת שיניים 3 יח,גרמים,435.00,100 גרם,false,0,17.70,4.07,true,1,
7290000133904,false,דואו פרש פסיפלור.תפוז300,סנו,IL,סנו דואו פרש,מיליליטרים,300.00,"100 מ""ל",false,0,10.90,3.63,true,1,
7290000134307,false,קינמון טחון 50 גרם,תבליני טעם וריח,IL,קינמון טחון,גרמים,50.00,100 גרם,false,0,6.80,13.60,true,1,
7290000134352,false,קינמון טחון 80 גרם,תבליני טעם וריח,IL,קינמון טחון,גרמים,80.00,100 גרם,false,0,10.80,13.50,true,1,
7290000134376,false,פפריקה מתוקה בשמן 90 גרם,תבליני טעם וריח,IL,פפריקה מתוקה,גרמים,90.00,100 גרם,false,0,11.80,13.11,true,1,
7290000134550,false,עלי דפנה 20 גרם בשקית,תבליני טעם וריח,IL,עלי דפנה בשקית,גרמים,20.00,100 גרם,false,0,8.80,44.00,true,1,
7290000134673,false,זנגויל טחון מיכל 30 גרם,תבליני טעם וריח,IL,זנגויל טחון,גרמים,30.00,100 גרם,false,0,6.80,22.67,true,1,
7290000134680,false,קימל שלם 40 גרם,תבליני טעם וריח,IL,קימל שלם,גרמים,40.00,100 גרם,false,0,6.80,17.00,true,1,
7290000134826,false,זעתר מעורב 100 גרם,תבליני טעם וריח,IL,זעתר מעורב,גרמים,100.00,100 גרם,false,0,11.80,11.80,true,1,
7290000134833,false,כמון טחון 100 גרם,תבליני טעם וריח,IL,כמון טחון,גרמים,100.00,100 גרם,false,0,11.80,11.80,true,1,
7290000134970,false,חוואיג' במיכל 100 גרם,תבליני טעם וריח,IL,חוואיג',גרמים,100.00,100 גרם,false,0,13.80,13.80,true,1,
7290000136745,false,ג'אמפ תות בננה 1.5 ליטר,טמפו,IL,ג'אמפ תות בננה,ליטרים,1.50,ליטר,false,0,4.90,3.27,true,1,
7290000137513,false,גלידונית וניל 60יח 630גר,שטראוס,IL,גלידונית וניל 60יח 630גר,גרמים,630.00,100 גרם,false,0,49.50,7.86,true,1,
7290000137643,false,8יח טעמקור משפחתיות 50 ג,שטראוס,IL,8יח טעמקור משפחתיות 50 ג,גרמים,400.00,100 גרם,false,0,39.00,9.75,true,1,
7290000139104,false,שלווה בשקית 230 גרם,שופרסל,IL,שלווה בשקית,גרמים,230.00,100 גרם,false,0,8.30,3.61,true,1,
7290000139180,false,שלווה בשקית,,IL,שלווה בשקית,גרמים,140.00,100 גרם,false,0,8.30,5.93,true,1,
7290000139227,false,דגן תפוח ממותק,,IL,דגן תפוח ממותק,גרמים,150.00,100 גרם,false,0,8.30,5.53,true,1,
7290000139234,false,דגן תפוח,,IL,דגן תפוח,גרמים,150.00,100 גרם,false,0,8.30,5.53,true,1,
7290000139258,false,שלווה טבע + סוכר חום200ג,שופרסל,IL,שלווה טבע,גרמים,200.00,100 גרם,false,0,8.30,4.15,true,1,
7290000143187,false,"שמפו הוואי לגבר 700 מ""ל",טרופיקל דגיל,IL,שמפו הוואי לגבר,מיליליטרים,700.00,"100 מ""ל",false,0,8.90,1.27,true,1,
7290000143194,false,"שמפו + מרכך הוואי 700מ""ל",טרופיקל דגיל,IL,שמפו+מרכך הוואי,מיליליטרים,700.00,"100 מ""ל",false,0,8.90,1.27,true,1,
7290000143217,false,שמפו הוואי שיער יבש 700מ,טרופיקל דגיל,IL,שמפו הוואי,מיליליטרים,700.00,"100 מ""ל",false,0,8.90,1.27,true,1,
7290000143255,false,"שמפו הוואי ירוק 700 מ""ל",טרופיקל דגיל,IL,"שמפו הוואי ירוק 700 מ""ל",מיליליטרים,700.00,"100 מ""ל",false,0,8.90,1.27,true,1,
7290000143279,false,"הוואי שמפו אדום 700 מ""ל",טרופיקל דגיל,IL,"הוואי שמפו אדום 700 מ""ל",מיליליטרים,700.00,"100 מ""ל",false,0,8.90,1.27,true,1,
7290000143286,false,"הוואי מרכך ירוק 700 מ""ל",טרופיקל דגיל,IL,"הוואי מרכך ירוק 700 מ""ל",מיליליטרים,700.00,"100 מ""ל",false,0,8.90,1.27,true,1,
7290000143293,false,הוואי מרכך שיער לילד700מ,טרופיקל דגיל,IL,הוואי מרכך שיער,מיליליטרים,700.00,"100 מ""ל",false,0,9.90,1.41,true,1,
7290000144160,false,שמן זית בטעם מודגש 750מל,שמן תעשיות,IL,שמן זית מודגש,מיליליטרים,750.00,"100 מ""ל",false,0,33.90,4.52,true,1,
7290000144467,false,שמן חמניות+נוגדי חמצון1ל,שמן תעשיות,IL,שמן חמניות,ליטרים,1.00,ליטר,false,0,16.40,16.40,true,1,
7290000144474,false,שמן קנולה מועשר 1 ליטר,שמן תעשיות,IL,שמן קנולה מועשר 1 ליטר,ליטרים,1.00,ליטר,false,0,15.00,15.00,true,1,
7290000144825,false,שמן קנולה פלוס אומגה9 1ל,שמן תעשיות,IL,שמן קנולה מועשר,ליטרים,1.00,ליטר,false,0,13.90,13.90,true,1,
7290000145020,false,א.כביסה פרסיל בקופסא 4קג,הנקל סוד,IL,אבקת כביסה פרסיל,קילוגרמים,4.00,"ק""ג",false,0,32.90,8.23,true,1,
7290000145341,false,פרסיל סופרא 30 טבליות,הנקל סוד,DE,טבליות פרסיל,קילוגרמים,0.03,"ק""ג",false,0,29.60,986.67,true,1,
7290000146539,false,סבון הוואי לגבר 100 גרם,טרופיקל דגיל,IL,סבון הוואי לגבר,גרמים,100.00,100 גרם,false,0,5.00,5.00,true,1,
7290000146645,false,סבון הוואי שחור 100*4גרם,טרופיקל דגיל,IL,סבון הוואי 4 יח,גרמים,400.00,100 גרם,false,0,11.90,2.98,true,1,
7290000146676,false,סבון הוואי לגבר 100*4גרם,טרופיקל דגיל,PL,סבון הוואי 4 יח,גרמים,400.00,100 גרם,false,0,11.90,2.98,true,1,
7290000146683,false,סבון הוואי לבן 100*4 גרם,טרופיקל דגיל,PL,סבון הוואי 4 יח,גרמים,400.00,100 גרם,false,0,11.90,2.98,true,1,
7290000146706,false,סבון הוואי ירוק 100*4 גר,טרופיקל דגיל,IL,סבון הוואי 4 יח,גרמים,400.00,100 גרם,false,0,11.90,2.98,true,1,
7290000146713,false,סבון הוואי לגונה 100*4 ג,טרופיקל דגיל,IL,סבון הוואי 4 יח,גרמים,400.00,100 גרם,false,0,11.90,2.98,true,1,
7290000146928,false,משחת טום וג'רי ענבים 50מ,טרופיקל דגיל,IL,משחת טום וג'רי,מיליליטרים,50.00,"100 מ""ל",false,0,9.20,18.40,true,1,
7290000146997,false,משחת טום וג'רי מסטיק 50מ,טרופיקל דגיל,IL,משחת טום וג'רי,מיליליטרים,50.00,"100 מ""ל",false,0,9.20,18.40,true,1,
7290000148298,false,מיץ תפוזים 100%טבעי 2 לי,פריגת,IL,מיץ תפוזים 100%טבעי 2 לי,ליטרים,2.00,ליטר,false,0,20.90,10.45,true,1,
7290000149578,false,סופטקר אל סבון 1 ליטר,נקה,IL,תחליב לחות לרחצה,ליטרים,1.00,ליטר,false,0,13.70,13.70,true,1,
7290000149615,false,סבון נקה 7 לתינוק 100X4ג,נקה,IL,סבון נקה 4X 7,גרמים,400.00,100 גרם,false,0,11.90,2.98,true,1,
7290000149851,false,סינטבון כפול לנקיון 460ג,נקה,IL,סינטבון נקה כפול,גרמים,460.00,100 גרם,false,0,9.60,2.09,true,1,
7290000149905,false,טקסטיל נוזל לכביסה 1ליטר,נקה,IL,נוזל כביס טקסטיל,ליטרים,1.00,ליטר,false,0,14.10,14.10,true,1,
7290000149943,false,טקסטיל שמפו בשקית 1 קג,נקה,IL,טקסטיל שמפו שקית,קילוגרמים,1.00,"ק""ג",false,0,13.40,13.40,true,1,
7290000150925,false,נקניק סלמי ירדן 600 גרם,עוף טוב,IL,נקניק סלמי ירדן,גרמים,600.00,100 גרם,false,0,26.40,4.40,true,1,
7290000150956,false,מקלוני קבנוס 160 גרם,עוף טוב,IL,מקלוני קבנוס,גרמים,160.00,100 גרם,false,0,11.60,7.25,true,1,
7290000151281,false,חזה עוף ברביקיו 300 גרם,עוף טוב,IL,חזה עוף ברביקיו,גרמים,300.00,100 גרם,false,0,24.90,8.30,true,1,
7290000151328,false,חזה הודו מעושן 300 גרם,עוף טוב,IL,חזה הודו מעושן,גרמים,300.00,100 גרם,false,0,24.90,8.30,true,1,
7290000151472,false,פסטרמה אמריקאית 300 גרם,עוף טוב,IL,פסטרמה אמריקאית,גרמים,300.00,100 גרם,false,0,24.90,8.30,true,1,
7290000151601,false,פסטרמה בדבש 300 גרם,עוף טוב,IL,פסטרמה בדבש,גרמים,300.00,100 גרם,false,0,24.90,8.30,true,1,
7290000152288,false,נקניקיות עוף 400 גרם,עוף טוב,IL,נקניקיות עוף,גרמים,400.00,100 גרם,false,0,15.00,3.75,true,1,
7290000152943,false,פסטרמה + סלמי 2 יח350Xגר,עוף טוב,IL,פסטרמה + סלמי,גרמים,700.00,100 גרם,false,0,28.40,4.06,true,1,
7290000153292,false,פסטרמ.ברביקיו פרוס דק140,עוף טוב,IL,פסטרמה ברביקיו,גרמים,140.00,100 גרם,false,0,14.80,10.57,true,1,
7290000153315,false,פסטרמה דבש פרוס דק 140גר,עוף טוב,IL,פסטרמה דבש פרוס,גרמים,140.00,100 גרם,false,0,14.80,10.57,true,1,
7290000153445,false,קציצות בקר מתובלות 500גר,עוף טוב,IL,קציצות בקר,גרמים,500.00,100 גרם,false,0,28.90,5.78,true,1,
7290000153469,false,קציצות עוף קלאסיות 600גר,עוף טוב,IL,קציצות עוף,גרמים,600.00,100 גרם,false,0,28.70,4.78,true,1,
7290000155661,false,נקניקיות עוף 4יח400X'גרם,עוף טוב,IL,נקניקיות 4 יח,קילוגרמים,1.60,"ק""ג",false,0,34.10,21.31,true,1,
7290000156217,false,מקלוני קבנוס יח,עוף טוב,IL,מקלוני קבנוס,גרמים,260.00,100 גרם,false,0,20.90,8.04,true,1,
7290000156545,false,פסטרמה מקסיקנית 300גרם,עוף טוב,IL,פסטרמה מקסיקנית,גרמים,300.00,100 גרם,false,0,24.90,8.30,true,1,
7290000158211,false,שניצל דק ענק 700גרם,עוף טוב,,שניצל דק ענק,גרמים,700.00,100 גרם,false,0,37.90,5.41,true,1,
7290000158235,false,שניצל ע.דק בציפוי 700גרם,עוף טוב,IL,שניצל דק בציפוי,גרמים,700.00,100 גרם,false,0,37.90,5.41,true,1,
7290000158273,false,שניצל אמיתי מעודן 700גרם,עוף טוב,IL,שניצל אמיתי מעוד,גרמים,0.00,100 גרם,false,0,44.50,44.50,true,1,
7290000159034,false,שניצל אמיתי קריספי 700גר,עוף טוב,IL,שניצל קריספי בית,גרמים,0.00,100 גרם,false,0,46.00,46.00,true,1,
7290000159096,false,חזה עוף צלוי ברביקיו 500,אסם,IL,חזה עוף צלוי,גרמים,500.00,100 גרם,false,0,42.00,8.40,true,1,
7290000159515,false,קבנוס מופחת שומן 120גרם,עוף טוב,IL,קבנוס מופחת שומן,גרמים,120.00,100 גרם,false,0,10.90,9.08,true,1,
7290000160252,false,דאב תרחיץ פנים רגיל180מל,יוניליוור,IL,דאב תרחיץ פנים,מיליליטרים,180.00,"100 מ""ל",false,0,16.90,9.39,true,1,
7290000160269,false,דאב תרחיץ פנים רגיש180מל,יוניליוור,IL,דאב תרחיץ פנים,מיליליטרים,180.00,"100 מ""ל",false,0,16.90,9.39,true,1,
7290000160771,false,"כריות וניל בד""צ 750 גרם",יוניליוור,,כריות וניל,גרמים,750.00,100 גרם,false,0,19.90,2.65,true,1,
7290000161143,false,בלובנד בגביע 250 גרם,יוניליוור,IL,בלובנד קלאסי,גרמים,250.00,100 גרם,false,0,7.40,2.96,true,1,
7290000161150,false,גולדבנד גביע 250 גרם,יוניליוור,IL,מרגרינה גולדבנד,גרמים,250.00,100 גרם,false,0,9.20,3.68,true,1,
7290000161167,false,מחמאה גביע 250 גרם,יוניליוור,IL,מחמאה,גרמים,250.00,100 גרם,false,0,8.60,3.44,true,1,
7290000161358,false,מיונז משמן קנולה 500 גרם,יוניליוור,IL,מיונז אמיתי תלמה,גרמים,500.00,100 גרם,false,0,13.80,2.76,true,1,
7290000162560,false,"קורנפלקס דבש בד""צ 500גרם",יוניליוור,,קורנפלקס דבש,גרמים,500.00,100 גרם,false,0,18.70,3.74,true,1,
7290000162805,false,בדין אקסטרה סגול חדש 960,יוניליוור,TR,מרכך בדין960מ,מיליליטרים,960.00,"100 מ""ל",false,0,14.90,1.55,true,1,
7290000162812,false,מיקספלקס פלוס טרופי400גר,דליסר,,מיקספלקס פלוס,גרמים,400.00,100 גרם,false,0,25.70,6.43,true,1,
7290000162829,false,מיקספלקס פלוס אגוזים400ג,דליסר,,מיקספלקס פלוס,גרמים,400.00,100 גרם,false,0,25.70,6.43,true,1,
7290000164632,false,בדין אקסטרה בייבי 960 מל,יוניליוור,TR,בדין אקסטרה,מיליליטרים,960.00,"100 מ""ל",false,0,19.90,2.07,true,1,
7290000164823,false,"דאו.רקסונה סטיק 50 מ""ל",יוניליוור,MX,דאודורנט רקסונה,מיליליטרים,50.00,"100 מ""ל",false,0,19.90,39.80,true,1,
7290000164885,false,אקס סטיק אנרכי לגבר 76 ג,יוניליוור,US,דאו. אקס סטיק,גרמים,76.00,100 גרם,false,0,14.90,19.61,true,1,
7290000165455,false,תחליב רח.פינוק דבש 700,יוניליוור,IL,תחליב רחצה פינוק,מיליליטרים,700.00,"100 מ""ל",false,0,12.80,1.83,true,1,
7290000165493,false,תחליב רח.פינוק אלוורה700,יוניליוור,IL,תחליב רחצה פינוק,מיליליטרים,700.00,"100 מ""ל",false,0,12.80,1.83,true,1,
7290000165509,false,תחליב רח.פינוק קמומיל700,יוניליוור,IL,תחליב רחצה פינוק,מיליליטרים,700.00,"100 מ""ל",false,0,12.80,1.83,true,1,
7290000165684,false,"שמפו שמן אבוקדו 700 מ""ל",יוניליוור,IL,שמפו שמן אבוקדו,מיליליטרים,700.00,"100 מ""ל",false,0,10.00,1.43,true,1,
7290000166148,false,דאב בייבי תחליב רחצה700מ,יוניליוור,IL,תחליב רחצה דאב,מיליליטרים,700.00,"100 מ""ל",false,0,19.00,2.71,true,1,
7290000166162,false,חט.מיקספלקס מריר תות6יח',גוצ'מולר,IL,חטיפי מיקספלקס,גרמים,132.00,100 גרם,false,0,18.20,13.79,true,1,
7290000166179,false,חטיף מיקספלקס שוק.מריר6י,גוצ'מולר,IL,חטיפי מיקספלקס,גרמים,132.00,100 גרם,false,0,18.20,13.79,true,1,
7290000166414,false,מזולה לאפיה ללא מלח200ג,יוניליוור,IL,מזולה ללא מלח,גרמים,200.00,100 גרם,false,0,6.20,3.10,true,1,
7290000166711,false,שוגי 20% פחות סוכר 500גר,יוניליוור,IL,שוגי מופחת סוכר,גרמים,500.00,100 גרם,false,0,20.90,4.18,true,1,
7290000167923,false,ג'ל רחצה דאב מן פרש400,יוניליוור,IL,ג'ל רחצה דאב מן,מיליליטרים,400.00,"100 מ""ל",false,0,10.00,2.50,true,1,
7290000168081,false,דאו אקס אפולו סטיק 76 גר,יוניליוור,IL,דאו אקס סטיק,גרמים,76.00,100 גרם,false,0,14.90,19.61,true,1,
7290000168173,false,ברנפלקס קרנצ'ים 375 גרם,יוניליוור,IL,ברנפלקס קרנצ'ים,גרמים,375.00,100 גרם,false,0,17.90,4.77,true,1,
7290000168289,false,שמפו פינוק שמן מרוקאי700,יוניליוור,IL,שמפו פינוק,מיליליטרים,700.00,"100 מ""ל",false,0,10.00,1.43,true,1,
7290000168296,false,מרכך פינוק שמן מרוקאי700,יוניליוור,IL,מרכך פינוק,מיליליטרים,700.00,"100 מ""ל",false,0,10.00,1.43,true,1,
7290000168302,false,תחליב פינוק שמן מרוקא700,יוניליוור,IL,תחליב רחצה פינוק,מיליליטרים,700.00,"100 מ""ל",false,0,10.00,1.43,true,1,
7290000168418,false,רוטב סויה סיני 25% פחות,יוניליוור,IL,רוטב סויה סיני,מיליליטרים,300.00,"100 מ""ל",false,0,10.00,3.33,true,1,
7290000168425,false,רוטב צ'ילי מתוק 50% פחות,יוניליוור,IL,רוטב צ'ילי מתוק,מיליליטרים,300.00,"100 מ""ל",false,0,10.00,3.33,true,1,
7290000168739,false,קורנפלקס קקאו 500 גרם,יוניליוור,IL,קורנפלקס קקאו,גרמים,500.00,100 גרם,false,0,19.50,3.90,true,1,
7290000168838,false,כריות וניל עוגיות 750גרם,יוניליוור,IL,כריות וניל עוגיו,גרמים,750.00,100 גרם,false,0,19.90,2.65,true,1,
7290000169071,false,מרק גורמה בטעם בטטה82ג,יוניליוור,IL,מרק גורמה קנור,גרמים,82.00,100 גרם,false,0,9.80,11.95,true,1,
7290000169156,false,רקסונה ספריי V8 לגבר 150,יוניליוור,AR,דאו. רקסונה,יחידה,1.00,יחידה,false,0,17.70,17.70,true,1,
7290000169187,false,"רקסונה  לגבר ספורט150מ""ל",יוניליוור,IL,דאודורנט רקסונה,יחידה,1.00,יחידה,false,0,17.70,17.70,true,1,
7290000169712,false,קורנפלקס מלא 500 גרם,יוניליוור,IL,קורנפלקס מלא,גרמים,500.00,100 גרם,false,0,18.70,3.74,true,1,
7290000169743,false,קוקומן ח.לבן מופחת סוכר,יוניליוור,IL,קוקומן חום לבן,גרמים,375.00,100 גרם,false,0,21.80,5.81,true,1,
7290000169798,false,עוגי 20% פחות סוכר 500גר,יוניליוור,IL,עוגי מופחת סוכר,גרמים,500.00,100 גרם,false,0,21.90,4.38,true,1,
7290000169880,false,"דאו.רקסונה קריסטל150 מ""ל",קוסטר,TR,דאו.רקסונה,מיליליטרים,150.00,"100 מ""ל",false,0,17.70,11.80,true,1,
7290000170053,false,שוקולד פרה חלב 100 גרם,עלית,IL,שוקולד פרה חלב,גרמים,100.00,100 גרם,false,0,5.50,5.50,true,1,
7290000170077,false,שוק.מריר 100 גרם,עלית,IL,שוקולד מריר,גרמים,100.00,100 גרם,false,0,5.50,5.50,true,1,
7290000170275,false,שוקולד ממולא קרם נוגט100,עלית,IL,שוקולד ממולא,גרמים,100.00,100 גרם,false,0,5.50,5.50,true,1,
7290000171470,false,כיף כף 45 גרם,עלית,IL,כיף כף,גרמים,45.00,100 גרם,false,0,3.90,8.67,true,1,
7290000174044,false,"בפלות בטעם שוקולד 1 ק""ג",עלית,IL,בפלות טעם שוקולד,קילוגרמים,1.00,"ק""ג",false,0,18.40,18.40,true,1,
7290000174099,false,בפלות בטעם שוקולד 500 גר,עלית,IL,בפלות שוקולד,גרמים,500.00,100 גרם,false,0,12.40,2.48,true,1,
7290000174723,false,שוקולית בפחית עלית 500גר,עלית,IL,שוקולית,גרמים,500.00,100 גרם,false,0,12.90,2.58,true,1,
7290000175027,false,ממרחית שוקולד 500 גרם,עלית,IL,ממרחית שוקולד,גרמים,500.00,100 גרם,false,0,9.60,1.92,true,1,
7290000176062,false,קפה טורקי בצלופן 100 גרם,עלית,IL,קפה טורקי בצלופן,גרמים,100.00,100 גרם,false,0,8.50,8.50,true,1,
7290000176079,false,קפה טורקי עם הל 100 גרם,עלית,IL,קפה טורקי עם הל,גרמים,100.00,100 גרם,false,0,8.90,8.90,true,1,
7290000176093,false,קפה אלדין טורקי ואקום200,עלית,IL,קפה טורקי אלדין,גרמים,200.00,100 גרם,false,0,17.90,8.95,true,1,
7290000176116,false,"קפה טחון 1 ק""ג ואקום",עלית,IL,קפה טורקי,קילוגרמים,1.00,"ק""ג",false,0,75.70,75.70,true,1,
7290000176192,false,קפה טורקי האג ואקום200גר,עלית,IL,קפה טורקי האג,גרמים,200.00,100 גרם,false,0,27.10,13.55,true,1,
7290000176413,false,קפה נמס 50 גרם,עלית,IL,קפה נמס,גרמים,50.00,100 גרם,false,0,9.60,19.20,true,1,
7290000176420,false,קפה נמס 200 גרם,עלית,IL,קפה נמס,גרמים,200.00,100 גרם,false,0,19.90,9.95,true,1,
7290000176475,false,האג נטול קופאין 200 גרם,עלית,IL,קפה נמס האג,גרמים,200.00,100 גרם,false,0,33.50,16.75,true,1,
7290000176857,false,שוקולד לבן 100 גרם,עלית,IL,שוקולד לבן,גרמים,100.00,100 גרם,false,0,5.50,5.50,true,1,
7290000177694,false,קפה טורקי ואקום 200 גרם,עלית,IL,קפה טורקי ואקום,גרמים,200.00,100 גרם,false,0,18.90,9.45,true,1,
7290000178660,false,בפלות מצופים שוקולד 500ג,עלית,IL,בפלות מצופים,גרמים,500.00,100 גרם,false,0,15.50,3.10,true,1,
7290000178707,false,תפוציפס מלוח 50 גרם,עלית,IL,חטיף תפוצ'יפס,גרמים,50.00,100 גרם,false,0,3.80,7.60,true,1,
7290000178721,false,תפוציפס מלוח 200 גרם,עלית,IL,חטיף תפוצ'יפס,גרמים,200.00,100 גרם,false,0,10.00,5.00,true,1,
7290000179445,false,בזוקה בשקית 180 גרם,עלית,IL,בזוקה בשקית,גרמים,180.00,100 גרם,false,0,6.90,3.83,true,1,
7290000180212,false,שוקולד מריר אגוז 100 גרם,עלית,IL,שוקולד מריר,גרמים,100.00,100 גרם,false,0,5.50,5.50,true,1,
7290000181103,false,ביסקויט בשוקולד חלב 200ג,עלית,IL,ביסקויט מצופה,גרמים,200.00,100 גרם,false,0,12.90,6.45,true,1,
7290000182766,false,ממרחית טעם חלב 500 גרם,עלית,IL,ממרחית טעם חלב,גרמים,500.00,100 גרם,false,0,11.50,2.30,true,1,
7290000184708,false,"בפלות טעם שוק.ללת""ס500גר",עלית,IL,"בפלות ללת""ס",גרמים,500.00,100 גרם,false,0,19.70,3.94,true,1,
7290000185224,false,סילאן בבקבוק לחיץ 650 גר,כינרת,IL,סילאן בקבוק לחיץ,גרמים,650.00,100 גרם,false,0,14.80,2.28,true,1,
7290000186177,false,משולש קרצוף,,IL,משולש קרצוף,יחידה,1.00,יחידה,false,0,14.30,14.30,true,1,
7290000186535,false,נ.טואלט לילי,,IL,נ.טואלט לילי,מטרים,537.00,100 מטר,false,0,46.90,8.73,true,1,
7290000186733,false,מטלית חכמה ניקול,,IL,מטלית חכמה ניקול,יחידה,1.00,יחידה,false,0,9.70,9.70,true,1,
7290000186931,false,כריות קרצוף,,IL,כריות קרצוף,יחידה,1.00,יחידה,false,0,10.90,10.90,true,1,
7290000187709,false,נ.טואלט לילי קלאסיק 48גל,חוגלה קימברלי,IL,נייר טואלט לילי,מטרים,883.00,100 מטר,false,0,51.90,5.88,true,1,
7290000187860,false,40מגבוני נייר טואלט לילי,חוגלה קימברלי,IL,מגבוני נ.טואלט,יחידה,1.00,יחידה,false,0,7.80,7.80,true,1,
7290000187907,false,מגבוני נ.טואלט,,IL,מגבוני נ.טואלט,יחידה,1.00,יחידה,false,0,13.90,13.90,true,1,
7290000187921,false,נ.טואלט לילי קלאסיק 32גל,חוגלה קימברלי,IL,נייר טואלט לילי,מטרים,588.00,100 מטר,false,0,36.90,6.28,true,1,
7290000187938,false,נ.טואלט לילי פסטל 32 גלי,חוגלה קימברלי,IL,נייר טואלט,מטרים,588.00,100 מטר,false,0,36.90,6.28,true,1,
7290000187952,false,נ.ט.לילי טריו פרימיום32ג,חוגלה קימברלי,IL,נייר טואלט,מטרים,537.00,100 מטר,false,0,46.90,8.73,true,1,
7290000188065,false,62מגן תח.קוטקס סילק לייט,חוגלה קימברלי,CN,מגן תחתון קוטקס,יחידה,1.00,יחידה,false,0,17.90,17.90,true,1,
7290000188270,false,קלינקס אולטרה סופט זוג,חוגלה קימברלי,IL,קלינקס אולטרה,יחידה,1.00,יחידה,false,0,14.80,14.80,true,1,
7290000188355,false,מגבות נייר ניקול 6גלילים,חוגלה קימברלי,IL,מגבות ניקול,מטרים,65.00,מטר,false,0,9.90,0.15,true,1,
7290000188553,false,60מגני תחתון קוטקס סילקN,חוגלה קימברלי,CN,מגן תחתון קוטקס,יחידה,1.00,יחידה,false,0,17.90,17.90,true,1,
7290000188591,false,60מגני תחתון קוטקס סילקY,חוגלה קימברלי,CN,מגן תחתון קוטקס,יחידה,1.00,יחידה,false,0,17.90,17.90,true,1,
7290000188850,false,מגבוני האגיס3יח,,IL,מגבוני האגיס3יח,יחידה,1.00,יחידה,false,0,9.80,9.80,true,1,
7290000188973,false,23 תח.קוטקס דיזיין +N,חוגלה קימברלי,IL,תחבושות קוטקס,יחידה,1.00,יחידה,false,0,17.90,17.90,true,1,
7290000188980,false,תחבושות קוטקס,,IL,תחבושות קוטקס,יחידה,1.00,יחידה,false,0,17.90,17.90,true,1,
7290000189079,false,תבניות אינגליש קייק 6יח',.,IL,תבניות אינגליש,יחידה,1.00,יחידה,false,0,9.90,9.90,true,1,
7290000189116,false,תבניות עגולות 6יח',.,IL,תבניות עגולות,יחידה,1.00,יחידה,false,0,9.90,9.90,true,1,
7290000189192,false,סופר מטלית ניקול 64 יח',חוגלה קימברלי,,מטליות נייר,מטרים,18.00,מטר,false,0,14.90,0.83,true,1,
7290000189208,false,מטלית הקסם למשטחים 1 יח',חוגלה קימברלי,CN,מטלית הקסם,יחידה,1.00,יחידה,false,0,7.80,7.80,true,1,
7290000189215,false,מטלית הקסם לרצפה ניקול,חוגלה קימברלי,IL,מטלית רצפה ניקול,יחידה,1.00,יחידה,false,0,11.00,11.00,true,1,
7290000189246,false,תבניות מאפינס 7יח',.,IL,תבניות מאפינס,יחידה,1.00,יחידה,false,0,11.90,11.90,true,1,
7290000189260,false,תבניות מלבניות 5יח',.,IL,תבניות מלבניות,יחידה,1.00,יחידה,false,0,11.90,11.90,true,1,
7290000189277,false,3 תבניות מלבן גדול עמוק,.,IL,3 תבניות מלבן גדול עמוק,יחידה,1.00,יחידה,false,0,9.90,9.90,true,1,
7290000189482,false,4 תבניות קרטון מרובעות,חוגלה קימברלי,IL,תבניות קרטון,יחידה,1.00,יחידה,false,0,9.90,9.90,true,1,
7290000189499,false,3 תבניות קרטון עגולות,חוגלה קימברלי,IL,תבניות קרטון,יחידה,1.00,יחידה,false,0,9.90,9.90,true,1,
7290000189505,false,5 תבניות קרטון אינגליש,חוגלה קימברלי,IL,תבניות קרטון,יחידה,1.00,יחידה,false,0,9.90,9.90,true,1,
7290000189550,false,אשפתון מתכלה ניקול10*2יח,חוגלה קימברלי,IL,זוג אשפתון ענק,יחידה,1.00,יחידה,false,0,19.90,19.90,true,1,
7290000189598,false,"50 מטליות ניקול רב""ש",חוגלה קימברלי,IL,מטליות ניקול,יחידה,1.00,יחידה,false,0,9.90,9.90,true,1,
7290000189659,false,10מטליות רצפה לחות ניקול,חוגלה קימברלי,IL,מטליות רצפה לחות,יחידה,1.00,יחידה,false,0,9.90,9.90,true,1,
7290000189734,false,מטליות לחות לפרקט 10יח,חוגלה קימברלי,,מטליות לפרקט,יחידה,1.00,יחידה,false,0,18.40,18.40,true,1,
7290000189741,false,מ.תחתון קוטקס,,IL,מ.תחתון קוטקס,יחידה,1.00,יחידה,false,0,17.90,17.90,true,1,
7290000189758,false,מגן תחתון,,IL,מגן תחתון,יחידה,1.00,יחידה,false,0,17.90,17.90,true,1,
7290000189871,false,אשפתון מתכלה ניקול60יח,חוגלה קימברלי,IL,שק. אשפה מתכלות,יחידה,1.00,יחידה,false,0,23.20,23.20,true,1,
7290000190150,false,מפיות תלת שכבתי מודפס 20,חוגלה קימברלי,IL,מפיות תלת שכבתי,יחידה,1.00,יחידה,false,0,8.90,8.90,true,1,
7290000190198,false,מטליות ניקוי,,IL,מטליות ניקוי,יחידה,1.00,יחידה,false,0,10.00,10.00,true,1,
7290000190532,false,מפיות דו שכבתי מודפס 50,חוגלה קימברלי,,מפיות דו שכבתי,יחידה,1.00,יחידה,false,0,7.90,7.90,true,1,
7290000191140,false,נייר טואלט לח 3*,,IL,נייר טואלט לח 3*,יחידה,1.00,יחידה,false,0,13.90,13.90,true,1,
7290000191225,false,46האגיס ליטל בייביס שלב2,חוגלה קימברלי,IL,האגיס ליטל בייבי,יחידה,1.00,יחידה,false,1,29.90,29.90,true,1,
7290000191539,false,לילי צבעוני 100*5 יחידות,חוגלה קימברלי,IL,מגבוני לילי 100,יחידה,1.00,יחידה,false,0,11.90,11.90,true,1,
7290000191546,false,לילי צבעוני 100*3 יחידות,חוגלה קימברלי,IL,לילי צבעוני100*3,יחידה,1.00,יחידה,false,0,9.70,9.70,true,1,
7290000191560,false,מגבות נייר 3 גל,,IL,מגבות נייר 3 גל,מטרים,65.00,מטר,false,0,8.90,0.14,true,1,
7290000191645,false,36האגיס ניו בורן עד 4 קג,חוגלה קימברלי,IL,חיתולי האגיס,יחידה,1.00,יחידה,false,0,30.90,30.90,true,1,
7290000191652,false,קלינקס מעוצב 90*3 יחידות,חוגלה קימברלי,,קלינקס מעוצב 3יח,יחידה,1.00,יחידה,false,0,10.80,10.80,true,1,
7290000193014,false,פדים לילי אינטרלוד 50 יח,חוגלה קימברלי,IL,לילי פדים,יחידה,1.00,יחידה,false,0,9.90,9.90,true,1,
7290000193083,false,תחבושות נובה לי 28 יח',חוגלה קימברלי,IL,תחבושות נובה לי,יחידה,1.00,יחידה,false,0,9.70,9.70,true,1,
7290000193205,false,20 תחבושות לילי ללילה,חוגלה קימברלי,,תחבושות לילי,יחידה,1.00,יחידה,false,0,16.00,16.00,true,1,
7290000193472,false,60פדיות לילי נטורל נורמל,חוגלה קימברלי,IL,פדיות לילי,יחידה,1.00,יחידה,false,0,16.00,16.00,true,1,
7290000193656,false,24 לילי נטורל אולט.סופר+,חוגלה קימברלי,IL,תחבושות לילי,יחידה,1.00,יחידה,false,0,16.00,16.00,true,1,
7290000193724,false,מגבת נייר ניקול לבנה 3 ג,חוגלה קימברלי,IL,מגבת נייר ניקול,מטרים,65.00,מטר,false,1,5.00,0.08,true,1,
7290000193748,false,מגן תחתון לילי נורמל60*2,חוגלה קימברלי,IL,מגני תחתון זוג,יחידה,1.00,יחידה,false,0,27.90,27.90,true,1,
7290000193953,false,תחבושות לילי נורמל24*2יח,חוגלה קימברלי,IL,זוג תחבושות לילי,יחידה,1.00,יחידה,false,0,26.80,26.80,true,1,
7290000193960,false,תח.לילי סופר פלוס 24*2יח,חוגלה קימברלי,IL,תחבושות לילי זוג,יחידה,1.00,יחידה,false,0,26.80,26.80,true,1,
7290000194837,false,שקיות מזון,,IL,שקיות מזון,יחידה,1.00,יחידה,false,0,12.80,12.80,true,1,
7290000194899,false,ניילון נצמד סליידר 60מ,,IL,ניילון נצמד סליידר 60מ,מטרים,60.00,מטר,false,0,14.80,0.25,true,1,
7290000195216,false,נייר אפיה,,IL,נייר אפיה,יחידה,1.00,יחידה,false,0,9.90,9.90,true,1,
7290000195544,false,מגב.האגיס בישום עדין72*4,חוגלה קימברלי,IL,מגבוני האגיס 4יח,יחידה,1.00,יחידה,false,0,23.90,23.90,true,1,
7290000195773,false,מגבוני האגיס אלוורה 72*4,חוגלה קימברלי,IL,מגבוני האגיס 4יח,יחידה,1.00,יחידה,false,0,23.90,23.90,true,1,
7290000196039,false,מפת שולחן דמוי בד 2 יח 1,חוגלה קימברלי,IL,מפת שולחן,יחידה,1.00,יחידה,false,0,12.00,12.00,true,1,
7290000196343,false,מפת שולחן דמוי בד,חוגלה קימברלי,IL,מפת שולחן דמוי ב,יחידה,1.00,יחידה,false,0,11.50,11.50,true,1,
7290000196725,false,משטח ליבוש כלים,,,משטח ליבוש כלים,יחידה,1.00,יחידה,false,0,10.90,10.90,true,1,
7290000196763,false,השקית החזקה לאשפה 40יח,חוגלה קימברלי,,שקיות אשפה,יחידה,1.00,יחידה,false,0,25.90,25.90,true,1,
7290000197012,false,15 שקי.ריצ-'רץ' שומר טרי,חוגלה קימברלי,IL,שקיות ריצ-'רץ',יחידה,1.00,יחידה,false,0,13.40,13.40,true,1,
7290000197081,false,ניילונית חסכונית 150 מטר,חוגלה קימברלי,IL,ניילן נצמד,מטרים,150.00,מטר,false,0,27.90,0.19,true,1,
7290000197197,false,84 האגיס מגה פק שלב4,חוגלה קימברלי,IL,חיתולי האגיס,יחידה,1.00,יחידה,false,0,76.90,76.90,true,1,
7290000197210,false,76 האגיס מגה פק שלב+4,חוגלה קימברלי,IL,76 האגיס מגה פק שלב+4,יחידה,1.00,יחידה,false,0,76.90,76.90,true,1,
7290000197227,false,72 האגיס מגה פק שלב5,חוגלה קימברלי,IL,חיתולי האגיס,יחידה,1.00,יחידה,false,0,76.90,76.90,true,1,
7290000197265,false,ניקול המגבת הבריאה 1גל,חוגלה קימברלי,IL,המגבת הבריאה,מטרים,26.00,מטר,false,1,7.90,0.30,true,1,
7290000197326,false,זוג רדיד.אלומינ0.3*7.5.מ,חוגלה קימברלי,IL,זוג רדיד.אלומינ0.3*7.5.מ,מטרים,15.00,מטר,false,0,10.80,0.72,true,1,
7290000197340,false,זוג רדיד.אלומ7.5X0.45.מ,חוגלה קימברלי,IL,זוג רדיד.אלומ7.5X0.45.מ,מטרים,15.00,מטר,false,0,17.90,1.19,true,1,
7290000197432,false,סנדויצ'ון 150*2 יח,חוגלה קימברלי,IL,סנדוויצ'ון זוג,יחידה,1.00,יחידה,false,0,13.40,13.40,true,1,
7290000197456,false,44האגיס פרידום דריי שלב4,חוגלה קימברלי,IL,חיתולי האגיס,יחידה,1.00,יחידה,false,0,42.90,42.90,true,1,
7290000197463,false,42האגיס פרידום דרי שלב+4,חוגלה קימברלי,IL,חיתולי האגיס,יחידה,1.00,יחידה,false,0,42.90,42.90,true,1,
7290000197470,false,"שקיות רב""ש 250 שקיות",חוגלה קימברלי,IL,"שקיות רב""ש מארז",יחידה,1.00,יחידה,false,0,13.80,13.80,true,1,
7290000197548,false,38האגיס פרידום דריי שלב5,חוגלה קימברלי,IL,חיתולי האגיס,יחידה,1.00,יחידה,false,0,42.90,42.90,true,1,
7290000197654,false,ניקול50 אשפתון 70X90ענק,חוגלה קימברלי,IL,אשפתון ניקול,יחידה,1.00,יחידה,false,0,21.80,21.80,true,1,
7290000197678,false,34האגיס פרידום דריי שלב6,חוגלה קימברלי,IL,חיתולי האגיס,יחידה,1.00,יחידה,false,0,42.90,42.90,true,1,
7290000197753,false,ניילון נצמד ניקול 30*2מ,חוגלה קימברלי,IL,ניילון נצמד זוג,מטרים,60.00,מטר,false,0,10.90,0.18,true,1,
7290000197883,false,4 מגשית 100 מוכספת ניקול,חוגלה קימברלי,IL,4 מגשית 100 מוכספת ניקול,יחידה,1.00,יחידה,false,0,9.70,9.70,true,1,
7290000197951,false,מגשית 200 מוכספת ניקול,חוגלה קימברלי,IL,מגשית 200 מוכספת ניקול,יחידה,1.00,יחידה,false,0,9.70,9.70,true,1,
7290000199313,false,קוטקס יאנג 28 יחידות,חוגלה קימברלי,IL,קוטקס תחבושות,יחידה,1.00,יחידה,false,0,17.90,17.90,true,1,
7290000200460,false,60 מגן תחתון קוטקס דקים,חוגלה קימברלי,CN,מגן תחתון קוטקס,יחידה,1.00,יחידה,false,0,16.10,16.10,true,1,
7290000201795,false,מגבוני האגיס 3 * 64 יח,חוגלה קימברלי,IL,מגבוני האגיס,יחידה,1.00,יחידה,false,1,14.90,14.90,true,1,
7290000201832,false,52טיטולים פרימיום שלב 3,חוגלה קימברלי,IL,טיטולים פרימיום,יחידה,1.00,יחידה,false,1,33.90,33.90,true,1,
7290000201849,false,42 טיטולים פרימיום שלב 4,חוגלה קימברלי,IL,טיטולים פרימיום,יחידה,1.00,יחידה,false,1,33.90,33.90,true,1,
7290000201856,false,40 טיטולים פרימיום שלב+4,חוגלה קימברלי,IL,טיטולים פרימיום,יחידה,1.00,יחידה,false,1,33.90,33.90,true,1,
7290000201863,false,36 טיטולים פרימיום שלב 5,חוגלה קימברלי,IL,טיטולים פרימיום,יחידה,1.00,יחידה,false,1,33.90,33.90,true,1,
7290000201870,false,34 טיטולים פרימיום שלב 6,חוגלה קימברלי,IL,טיטולים פרימיום,יחידה,1.00,יחידה,false,1,33.90,33.90,true,1,
7290000201979,false,מגבוני האגיס דיסני 64*4,חוגלה קימברלי,IL,מגבוני האגיס דיס,יחידה,1.00,יחידה,false,1,23.70,23.70,true,1,
7290000202495,false,סופגנים סופר פלוס שקמה L,חוגלה קימברלי,IL,סופגנים שקמה,יחידה,1.00,יחידה,false,0,52.90,52.90,true,1,
7290000203188,false,נייר טואלט לילי,,IL,נייר טואלט לילי,מטרים,588.00,100 מטר,false,0,34.90,5.94,true,1,
7290000203294,false,תחתון סופג אפרסק נשים L,חוגלה קימברלי,IL,תחתון דיפנד,יחידה,1.00,יחידה,false,0,94.90,94.90,true,1,
7290000203409,false,תחתון סופג אפור גברים L,חוגלה קימברלי,IL,תחתון דיפנד,יחידה,1.00,יחידה,false,0,94.90,94.90,true,1,
7290000204086,false,ניקול כרית קרצוף 3 יח,חוגלה קימברלי,IL,ניקול כרית קרצוף,יחידה,1.00,יחידה,false,0,10.90,10.90,true,1,
7290000204215,false,כריות יפניות ניקול 6יח',חוגלה קימברלי,IL,כריות יפניות,יחידה,1.00,יחידה,false,0,10.80,10.80,true,1,
7290000204253,false,9 מטליות רב שימושי.ניקול,חוגלה קימברלי,IL,מטליות ניקול,יחידה,1.00,יחידה,false,0,10.50,10.50,true,1,
7290000204307,false,"40מטלית רב""ש ניקול בגליל",חוגלה קימברלי,IL,מטליות ניקול,יחידה,1.00,יחידה,false,0,21.50,21.50,true,1,
7290000204611,false,ניקול ספוגיות הקסם 6 יח,חוגלה קימברלי,IL,ניקול ספוגיות,יחידה,1.00,יחידה,false,0,10.90,10.90,true,1,
7290000205526,false,פיסגה שטיפת רצפות 2 ליטר,סנו,IL,פיסגה ניקוי רצפה,ליטרים,2.00,ליטר,false,0,9.70,4.85,true,1,
7290000207063,false,רסק עגבניות פריכוז260גרם,זנלכל,IL,רסק עגבניות,גרמים,260.00,100 גרם,false,0,4.10,1.58,true,1,
7290000207162,false,רסק עגבניות 100 גרם,זנלכל,IL,רסק עגבניות,גרמים,100.00,100 גרם,false,0,1.90,1.90,true,1,
7290000207438,false,עגבניות קוביות 800 גרם,זנלכל,IL,עגבניות קוביות 800 גרם,גרמים,800.00,100 גרם,false,0,6.80,0.85,true,1,
7290000208008,false,חריסה 570 גרם,זנלכל,IL,חריסה יכין,גרמים,570.00,100 גרם,false,0,6.80,1.19,true,1,
7290000208022,false,עגבניות מרוסקות 800 גרם,זנלכל,IL,עגבניות מרוסקות,גרמים,800.00,100 גרם,false,0,6.80,0.85,true,1,
7290000208077,false,אפונת גינה גדול יכין550ג,זנלכל,IL,אפונת גינה,גרמים,550.00,100 גרם,false,0,5.90,1.07,true,1,
7290000208114,false,אפונת גינה וגזר 550 גרם,זנלכל,IL,אפונת גינה וגז,גרמים,550.00,100 גרם,false,0,6.50,1.18,true,1,
7290000208138,false,סירופ ענבים דיאט1ל' יכין,זנלכל,IL,סירופ דיאט ענבים,ליטרים,1.00,ליטר,false,0,7.60,7.60,true,1,
7290000208145,false,תירס לייט יכין 550 גרם,זנלכל,IL,תירס לייט יכין,גרמים,550.00,100 גרם,false,0,5.90,1.07,true,1,
7290000208312,false,תירס ואקום 340 גרם יכין,זנלכל,IL,תירס ואקום,גרמים,340.00,100 גרם,false,0,5.40,1.59,true,1,
7290000208329,false,גרעיני תירס מתוק 550 גרם,זנלכל,IL,גרעיני תירס מתוק,גרמים,550.00,100 גרם,false,0,6.50,1.18,true,1,
7290000208404,false,פול מצרי 550 גרם,זנלכל,IL,פול מצרי,גרמים,550.00,100 גרם,false,0,5.40,0.98,true,1,
7290000208534,false,תירס קיד 550 גרם,זנלכל,IL,תירס קיד,גרמים,550.00,100 גרם,false,0,5.90,1.07,true,1,
7290000208855,false,רוטב פסטה 260 גרם,זנלכל,IL,רוטב פסטה,גרמים,260.00,100 גרם,false,0,4.70,1.81,true,1,
7290000208947,false,עגבניות מרוסקות 260 גרם,זנלכל,IL,עגבניות מרוסקות,גרמים,260.00,100 גרם,false,0,4.70,1.81,true,1,
7290000209173,false,חומץ סינטטי 5% 1 ליטר,זנלכל,IL,חומץ סינטטי 5% 1 ליטר,ליטרים,1.00,ליטר,false,0,4.70,4.70,true,1,
7290000209500,false,סירופ דיאט תפוזים1ל'יכין,זנלכל,IL,סירופ דיאט תפוזי,ליטרים,1.00,ליטר,false,0,7.60,7.60,true,1,
7290000209517,false,סירופ דיאט לימון 1 ליטר,זנלכל,IL,סירופ דיאט לימון,ליטרים,1.00,ליטר,false,0,7.60,7.60,true,1,
7290000209524,false,סירופ דיאט פטל 1 ל' יכין,זנלכל,IL,סירופ פטל דיאט,ליטרים,1.00,ליטר,false,0,7.60,7.60,true,1,
7290000209555,false,סירופ תפוחי עץ דיאט 1 ל',זנלכל,IL,"סירופ תפו""ע דיאט",ליטרים,1.00,ליטר,false,0,7.60,7.60,true,1,
7290000209562,false,סירופ מנגו דיאט 1ל' יכין,זנלכל,IL,סירופ מנגו דיאט,ליטרים,1.00,ליטר,false,0,7.60,7.60,true,1,
7290000209722,false,ת.עגבניות פריכוז30%-28%,זנלכל,IL,תרכיז עגבניות,גרמים,580.00,100 גרם,false,0,7.50,1.29,true,1,
7290000209944,false,בסיס לשקשוקה 260גרם,זנלכל,IL,בסיס לשקשוקה,גרמים,260.00,100 גרם,false,0,4.70,1.81,true,1,
7290000209951,false,רוטב עגבניות לפיצה260גרם,זנלכל,IL,רוטב עגבניות,גרמים,260.00,100 גרם,false,0,4.70,1.81,true,1,
7290000211169,false,"אורז תאילנדי 1 ק""ג",סוגת,IL,"אורז תאילנדי 1 ק""ג",קילוגרמים,1.00,"ק""ג",false,0,5.00,5.00,true,1,
7290000211312,false,"אורז מלא ארוך ""סוגת"" 1קג",סוגת,IL,אורז מלא ארוך,קילוגרמים,1.00,"ק""ג",false,0,8.90,8.90,true,1,
7290000211374,false,"קמח חיטה מלא סוגת 1 ק""ג",סוגת,IL,קמח חיטה מלא,קילוגרמים,1.00,"ק""ג",false,0,7.80,7.80,true,1,
7290000211381,false,"סוכר חום כהה סוגת 1 ק""ג",סוגת,IL,סוכר חום כהה,קילוגרמים,1.00,"ק""ג",false,0,10.50,10.50,true,1,
7290000211442,false,"אורז פרסי קלאסי 1ק""ג",סוגת,IL,אורז פרסי קלאסי,קילוגרמים,1.00,"ק""ג",false,0,8.50,8.50,true,1,
7290000211985,false,"אורז עגול 1 ק""ג",סוגת,IL,אורז עגול סוגת,קילוגרמים,1.00,"ק""ג",false,0,7.90,7.90,true,1,
7290000212579,false,ופלים מצופים 20גר40Xיח',מנעמים,IL,ופלים מצופים,גרמים,800.00,100 גרם,false,0,15.70,1.96,true,1,
7290000214115,false,מרק עוף בצנצנת ויטה400גר,פרי גליל,IL,מרק עוף צנצנת,גרמים,400.00,100 גרם,false,0,13.80,3.45,true,1,
7290000238029,false,"בצק עלים 1 ק""ג","מעדנות בע""מ",IL,בצק עלים מרודד,קילוגרמים,1.00,"ק""ג",false,0,21.90,21.90,true,1,
7290000238036,false,מלווח מעדנות 700 גרם,"מעדנות בע""מ",IL,מלווח מעדנית,גרמים,700.00,100 גרם,false,0,16.90,2.41,true,1,
7290000238173,false,בורקס גבינה 800 גרם,"מעדנות בע""מ",IL,בורקס גבינה קפוא,גרמים,800.00,100 גרם,false,0,19.70,2.46,true,1,
7290000238180,false,"בורקס תפו""א 800 גרם","מעדנות בע""מ",IL,"בורקס תפו""א קפוא",גרמים,800.00,100 גרם,false,0,19.70,2.46,true,1,
7290000240541,false,ריבועי בצק עלים 800 גרם,"מעדנות בע""מ",IL,ריבועי בצק עלים,גרמים,800.00,100 גרם,false,0,24.80,3.10,true,1,
7290000240558,false,עלים בלינצ'ס/קרפ סוזט700,"מעדנות בע""מ",IL,עלי בלינצ'ס,גרמים,700.00,100 גרם,false,0,26.00,3.71,true,1,
7290000244051,false,אל סב. הוואי טרופי500*3,טרופיקל דגיל,IL,אל סבון הוואי *3,ליטרים,1.50,ליטר,false,0,17.90,11.93,true,1,
7290000244761,false,"קרם ידיים ולווטה 100 מ""ל",טרופיקל דגיל,IL,קרם ידיים ולווטה,מיליליטרים,100.00,"100 מ""ל",false,0,12.80,12.80,true,1,
7290000245072,false,מרכך כביסה סוד בייבי 4 ל,הנקל סוד,IL,מרכך כביסה בייבי,ליטרים,4.00,ליטר,false,0,19.90,4.98,true,1,
7290000245294,false,א.כביסה פרסיל סופרה 2.5ק,הנקל סוד,IL,אבקת כביסה פרסיל,קילוגרמים,2.50,"ק""ג",false,0,20.00,8.00,true,1,
7290000245355,false,פרסיל ג'ל לכביסה כחול 3ל,הנקל סוד,IL,פרסיל ג'ל,ליטרים,3.00,ליטר,false,0,29.90,9.97,true,1,
7290000245775,false,פרסיל ג'ל לכביסה ירוק 3ל,הנקל סוד,IL,פרסיל ג'ל 3 ליטר,ליטרים,3.00,ליטר,false,0,29.90,9.97,true,1,
7290000245799,false,מרכך כביסה סוד כחול 4 ל',הנקל סוד,IL,מרכך כביסה סוד כחול 4 ל',ליטרים,4.00,ליטר,false,0,18.90,4.73,true,1,
7290000253251,false,שוקולד צ'יפס לבן 300 גרם,אופנהיימר,IL,שוקו צ'יפס לבן,גרמים,300.00,100 גרם,false,0,10.80,3.60,true,1,
7290000254807,false,צ'יטוס גבינה 100 גרם,עלית,IL,צ'יטוס גבינה,גרמים,100.00,100 גרם,false,0,6.40,6.40,true,1,
7290000256085,false,רולעדין גלילי ופל 100 גר,עדין,IL,גלילי רולעדין,גרמים,100.00,100 גרם,false,0,6.80,6.80,true,1,
7290000256207,false,ופלים מצופים עדין 20*25ג,עדין,IL,ופל מצופה 25 יח,גרמים,500.00,100 גרם,false,0,11.90,2.38,true,1,
7290000256252,false,פיצפול.אורז תפוח ללתס450,עדין,IL,פיצפולייט,גרמים,450.00,100 גרם,false,0,18.40,4.09,true,1,
7290000256269,false,פיצפוצית,,IL,פיצפוצית,גרמים,450.00,100 גרם,false,0,18.40,4.09,true,1,
7290000256276,false,פיצפוטבע 450 גרם,עדין,IL,פיצפוטבע,גרמים,450.00,100 גרם,false,0,18.40,4.09,true,1,
7290000260839,false,ספרינג משקה תפוזים 1.5ל',יפאורה שותפות מובגלת לשיווק,IL,ספרינג תפוזים,ליטרים,1.50,ליטר,false,0,4.90,3.27,true,1,
7290000260853,false,ספרינג משקה מנגו 1.5 ל',יפאורה שותפות מובגלת לשיווק,IL,ספרינג מנגו,ליטרים,1.50,ליטר,false,0,4.90,3.27,true,1,
7290000260860,false,ספרינג משקה אפרסק 1.5 ל',יפאורה שותפות מובגלת לשיווק,IL,ספרינג אפרסק,ליטרים,1.50,ליטר,false,0,4.90,3.27,true,1,
7290000260969,false,משקה ספרינג דיאט אשכו1.5,יפאורה שותפות מובגלת לשיווק,IL,ספרינג דיאט,ליטרים,1.50,ליטר,false,0,4.90,3.27,true,1,
7290000262161,false,נ.טואלט מולט 40גל,חוגלה קימברלי,IL,נייר טואלט מולט,מטרים,702.00,100 מטר,false,0,38.50,5.48,true,1,
7290000262239,false,נייר טואלט מולט 48גלילים,חוגלה קימברלי,,נייר טואלט מולט,מטרים,843.00,100 מטר,false,0,36.90,4.38,true,1,
7290000262413,false,34האגיס אקסטרה קר מידה5,חוגלה קימברלי,IL,חיתולי האגיס,יחידה,1.00,יחידה,false,1,49.90,49.90,true,1,
7290000262499,false,מגבוני נייר לח קידס48*3י,חוגלה קימברלי,IL,מגבוני נ.טואלט,יחידה,1.00,יחידה,false,0,15.90,15.90,true,1,
7290000263250,false,מגב.טיטולים לל.בישום72*4,חוגלה קימברלי,IL,מגבוני טיטולים4*,יחידה,1.00,יחידה,false,1,17.90,17.90,true,1,
7290000263359,false,40 האגיס ליטל בייביס,חוגלה קימברלי,IL,חיתולי האגיס,יחידה,1.00,יחידה,false,0,29.90,29.90,true,1,
7290000264752,false,זוג רדיד.אלומ.מעוצב7*0.3,חוגלה קימברלי,IL,רדיד אלומיניום2*,מטרים,15.00,מטר,false,1,10.80,0.72,true,1,
7290000264912,false,מפה מעוצבת לאירוח חד פעמ,.,IL,"מפה מעוצבת ח""פ",יחידה,1.00,יחידה,false,1,12.90,12.90,true,1,
7290000267012,false,שקד מולבן שלם100ג'שקדיה,שקדיה,IL,שקד מולבן שלם,גרמים,100.00,100 גרם,false,0,12.80,12.80,true,1,
7290000267029,false,שקד מולבן חצוי100ג'שקדיה,שקדיה,IL,שקד מולבן חצוי,גרמים,100.00,100 גרם,false,0,12.80,12.80,true,1,
7290000267036,false,שקד מולבן משובב100גשקדיה,שקדיה,IL,שקד מולבן משובב,גרמים,100.00,100 גרם,false,0,12.80,12.80,true,1,
7290000267043,false,שקד מולבן פרוס100ג'שקדיה,שקדיה,IL,שקד מולבן פרוס,גרמים,100.00,100 גרם,false,0,12.80,12.80,true,1,
7290000267050,false,שקד טבעי טחון100ג-'שקדיה,שקדיה,IL,שקד טבעי טחון,גרמים,100.00,100 גרם,false,0,12.80,12.80,true,1,
7290000267104,false,שקד טבעי גרוס100ג'שקדיה,שקדיה,IL,שקד טבעי גרוס,גרמים,100.00,100 גרם,false,0,12.80,12.80,true,1,
7290000267500,false,קליפות הדר בשוקולד200גרם,שקדיה,IL,קליפות הדר בשוק,גרמים,200.00,100 גרם,false,0,14.80,7.40,true,1,
7290000267548,false,אגוז מלך טחון100ג'שקדיה,שקדיה,IL,אגוז מלך טחון,גרמים,100.00,100 גרם,false,0,12.80,12.80,true,1,
7290000267616,false,צנובר 100גרם,שקדיה,IL,צנובר 100 גרם,גרמים,100.00,100 גרם,false,0,28.70,28.70,true,1,
7290000267678,false,גרעין דלעת טבעי קלוף150ג,שקדיה,IL,גרעין דלעת קלוף,גרמים,150.00,100 גרם,false,0,16.80,11.20,true,1,
7290000272344,false,סירופ פטל עסיס 2 ליטר,בית השיטה,IL,סירופ בטעם פטל,ליטרים,2.00,ליטר,false,0,20.70,10.35,true,1,
7290000272375,false,סירופ אננס עסיס 2 ליטר,בית השיטה,IL,סירופ אננס,ליטרים,2.00,ליטר,false,0,20.70,10.35,true,1,
7290000272436,false,סירופ לימון דיאט 1 ליטר,בית השיטה,IL,סירופ דיאט לימון,ליטרים,1.00,ליטר,false,0,10.40,10.40,true,1,
7290000272443,false,סירופ תפוז דיאט 1 ליטר,בית השיטה,IL,סירופ דיאט תפוז,ליטרים,1.00,ליטר,false,0,10.40,10.40,true,1,
7290000272696,false,מיץ לימון משומר-עסיס 1ל',בית השיטה,IL,מיץ לימון משומר,ליטרים,1.00,ליטר,false,0,9.90,9.90,true,1,
7290000272726,false,חומץ 5% 1 ליטר,בית השיטה,IL,חומץ 5%,ליטרים,1.00,ליטר,false,0,6.70,6.70,true,1,
7290000275901,false,חומוסטחינה צנובר צבר400ג,צבר,IL,חומוסטחינה צנובר,גרמים,400.00,100 גרם,false,1,14.20,3.55,true,1,
7290000275970,false,מלך החומוס+גרגירים 400גר,צבר,IL,מלך החומוס צבר,גרמים,400.00,100 גרם,false,1,12.40,3.10,true,1,
7290000284316,false,קוקה קולה בקבוק 1.5 ליטר,החברה המרכזית לייצור משקאות,IL,קוקה קולה,ליטרים,1.50,ליטר,false,0,6.20,4.13,true,1,
7290000284347,false,קינלי סודה 1.5 ליטר,החברה המרכזית לייצור משקאות,IL,קינלי סודה,ליטרים,1.50,ליטר,false,0,4.00,2.67,true,1,
7290000284361,false,קולה דיאט בקבוק 1.5 ל',החברה המרכזית לייצור משקאות,IL,קוקה קולה דיאט,ליטרים,1.50,ליטר,false,0,6.20,4.13,true,1,
7290000284743,false,דיאט קולה נ.קופאין 1.5 ל,החברה המרכזית לייצור משקאות,IL,דיאט קולה,ליטרים,1.50,ליטר,false,0,6.80,4.53,true,1,
7290000285849,false,שוופס מי סודה 1.5 ליטר,יפאורה שותפות מובגלת לשיווק,IL,שוופס מי סודה,ליטרים,1.50,ליטר,false,0,3.30,2.20,true,1,
7290000286228,false,סנו סושי 6 כריות יפניות,סנו,IL,ספוגי סנו סושי,יחידה,1.00,יחידה,false,0,10.00,10.00,true,1,
7290000286297,false,סנו אנטיקאלק מסיר אבן700,סנו,IL,סנו מסיר אבן,מיליליטרים,700.00,"100 מ""ל",false,0,11.80,1.69,true,1,
7290000286488,false,ספוג כיף פיראט 1 יחידה,קוסמופארם,IL,ספוג כיף פיראט,יחידה,1.00,יחידה,false,0,10.90,10.90,true,1,
7290000286501,false,ספוג כיף מסאז' 1 יחידה,קוסמופארם,IL,ספוג כיף מסאז',יחידה,1.00,יחידה,false,0,14.00,14.00,true,1,
7290000286549,false,מטליות רב שימוש 9 יח',סנו,IL,מטליות רב שימוש 9 יח',יחידה,1.00,יחידה,false,0,8.90,8.90,true,1,
7290000286594,false,סנוX- לימון 600 גרם,סנו,IL,סנוX- קרם לניק,גרמים,600.00,100 גרם,false,0,9.90,1.65,true,1,
7290000286761,false,ניילון נצמד 30*2 מטר,סנו,IL,צמד ניילון נצמד,מטרים,60.00,מטר,false,0,9.90,0.17,true,1,
7290000286891,false,סנו מגן קריסטל לרצפות1לי,סנו,IL,סנו מגן קריסטל,ליטרים,1.00,ליטר,false,0,28.00,28.00,true,1,
7290000286907,false,"סנו מסיר כתמים 170 מ""ל",סנו,IL,סנו מסיר כתמים,מיליליטרים,170.00,"100 מ""ל",false,0,26.00,15.29,true,1,
7290000286914,false,"ספריי סנו עמילן 500 מ""ל",סנו,IL,ספריי סנו עמילן,מיליליטרים,500.00,"100 מ""ל",false,0,17.70,3.54,true,1,
7290000286921,false,"סנוקל רסס וכבס 750 מ""ל",סנו,IL,סנוקל רסס וכבס,מיליליטרים,750.00,"100 מ""ל",false,0,10.00,1.33,true,1,
7290000287102,false,סנו שמפו לשטיחים 540 גרם,סנו,IL,סנו שמפו לשטיחים,גרמים,540.00,100 גרם,false,0,17.90,3.31,true,1,
7290000287430,false,סנובון לימון לאסלה 3 יח',סנו,IL,סנובון לאסלה,גרמים,165.00,100 גרם,false,0,10.90,6.61,true,1,
7290000287485,false,סנובון לובר 3יחX' 55גרם,סנו,IL,סנובון לובר,גרמים,165.00,100 גרם,false,0,10.90,6.61,true,1,
7290000287492,false,סנובון נוזלי לימון 750מל,סנו,IL,סנובון נוזלי,מיליליטרים,750.00,"100 מ""ל",false,0,7.90,1.05,true,1,
7290000287607,false,סנו בלו סבון למיכל האסלה,סנו,IL,סנו בלו לאסלה,גרמים,150.00,100 גרם,false,0,20.50,13.67,true,1,
7290000287621,false,סנו אנטי קאלק לאסלות750מ,סנו,IL,סנו מנקה אסלות,מיליליטרים,750.00,"100 מ""ל",false,0,10.00,1.33,true,1,
7290000287799,false,סנופרש ענק פלורל ירוק375,סנו,IL,סנו פרש ענק,מיליליטרים,375.00,"100 מ""ל",false,0,9.80,2.61,true,1,
7290000288000,false,4 סנו ארון פרש קלאסיק,סנו,IL,סנו ארון פרש,יחידה,1.00,יחידה,false,0,20.90,20.90,true,1,
7290000288017,false,סנו ג'אוול לימון 1 ליטר,סנו,IL,סנו JAVEL,ליטרים,1.00,ליטר,false,0,7.70,7.70,true,1,
7290000288024,false,סנו ג'אוול לימון 4 ליטר,סנו,IL,סנו JAVEL אקונומ,ליטרים,4.00,ליטר,false,0,15.90,3.98,true,1,
7290000288048,false,סנו ג'אוול מרסס לבנדר 1ל,סנו,IL,סנו ג'אוול לבנדר,ליטרים,1.00,ליטר,false,0,11.90,11.90,true,1,
7290000288079,false,סנו ג'אוול לימון 2 ליטר,סנו,IL,סנו JAVEL מלבין,ליטרים,2.00,ליטר,false,0,9.50,4.75,true,1,
7290000288086,false,סנו ג'אוול אבק,,IL,סנו ג'אוול אבק,גרמים,600.00,100 גרם,false,0,10.90,1.82,true,1,
7290000288253,false,400-K קוטל חרקים/זבוב630,סנו,IL,400-K קוטל חרקים,מיליליטרים,630.00,"100 מ""ל",false,0,20.70,3.29,true,1,
7290000288307,false,סנומט מכשיר + 30 טבליות,סנו,IT,מכשיר סנומט+טבל,יחידה,1.00,יחידה,false,0,24.90,24.90,true,1,
7290000288352,false,300-K קוטל חרק/.זוחל630מ,סנו,IL,300-K קוטל חרק,מיליליטרים,630.00,"100 מ""ל",false,0,19.90,3.16,true,1,
7290000288383,false,500-K תרס.נגד נמלים 400מ,סנו,IL,סנו 500-K תרסיס,מיליליטרים,400.00,"100 מ""ל",false,0,21.70,5.43,true,1,
7290000288390,false,600-K יבש קוטל חרקים500מ,סנו,IL,סנו 600-K תרסיס,מיליליטרים,500.00,"100 מ""ל",false,0,20.90,4.18,true,1,
7290000288413,false,"סנו די כדורי 50 מ""ל",סנו,IL,סנו די כדורי,מיליליטרים,50.00,"100 מ""ל",false,0,17.70,35.40,true,1,
7290000288420,false,סנו די תרסיס דוחה יתושים,סנו,IL,תרסיס סנו די,מיליליטרים,175.00,"100 מ""ל",false,0,17.70,10.11,true,1,
7290000288642,false,מרכך מקסימה סנסטיב 4 ל',סנו,IL,מרכך כביסה,ליטרים,4.00,ליטר,false,0,18.50,4.63,true,1,
7290000288840,false,סנו מים מזוקקים 2 ליטר,סנו,IL,סנו מים מזוקקים,ליטרים,2.00,ליטר,false,0,9.90,4.95,true,1,
7290000289069,false,סנו ג'אוול מרסס לימון 1ל,סנו,IL,סנו ג'אוול מרסס,ליטרים,1.00,ליטר,false,0,11.90,11.90,true,1,
7290000289113,false,סנו מסיר שומנים2יח500Xמל,סנו,IL,סנו מסיר שומנים,ליטרים,1.00,ליטר,false,0,21.60,21.60,true,1,
7290000289472,false,סושי 50 שקיות אשפה HD,סנו,IL,50 שקיות אשפה,יחידה,1.00,יחידה,false,0,16.90,16.90,true,1,
7290000289496,false,ג'אוול ג'ל קרם לימון750מ,סנו,IL,ג'אוול ג'ל קרם,מיליליטרים,750.00,"100 מ""ל",false,0,10.90,1.45,true,1,
7290000289595,false,אורביטול קיד תות 145 גרם,קוסמופארם,IL,משחת שיניים,גרמים,145.00,100 גרם,false,0,7.40,5.10,true,1,
7290000289601,false,סנו ג'אוול לבנדר 2 ליטר,סנו,IL,סנו ג'אוול,ליטרים,2.00,ליטר,false,0,9.50,4.75,true,1,
7290000289748,false,"סנו פורטה פלוס 750 מ""ל",סנו,IL,סנו פורטה פלוס,מיליליטרים,750.00,"100 מ""ל",false,0,11.90,1.59,true,1,
7290000289885,false,סנופרש ענק אושן כחול375מ,סנו,IL,מטהר סנופרש ענק,מיליליטרים,375.00,"100 מ""ל",false,0,9.80,2.61,true,1,
7290000289915,false,"סנופרש וניל מתוק 375 מ""ל",סנו,IL,מטהר סנופרש,מיליליטרים,375.00,"100 מ""ל",false,0,9.80,2.61,true,1,
7290000291932,false,סנובון נוזלי לבנדר 750מל,סנו,IL,סנובון נוזלי,מיליליטרים,750.00,"100 מ""ל",false,0,7.90,1.05,true,1,
7290000292137,false,"סנו לניקוי עור 500 מ""ל",סנו,IL,סנו לניקוי עור,מיליליטרים,500.00,"100 מ""ל",false,0,32.60,6.52,true,1,
7290000292311,false,פוליויקס סחלבים 2 ליטר,סנו,IL,סנו פוליויקס,ליטרים,2.00,ליטר,false,0,21.90,10.95,true,1,
7290000292564,false,"2000-K אינסקטל 750 מ""ל",סנו,IL,סנו 2000-K תרסיס,מיליליטרים,750.00,"100 מ""ל",false,0,31.60,4.21,true,1,
7290000292687,false,סנובון כחול שלישיה55*3גר,סנו,IL,סנובון כחול 3 יח,גרמים,165.00,100 גרם,false,0,15.90,9.64,true,1,
7290000292915,false,"סנו רסס ונגב מרסס 750מ""ל",סנו,IL,סנו רסס נגב מרסס,מיליליטרים,750.00,"100 מ""ל",false,0,11.90,1.59,true,1,
7290000293073,false,מרכך כביסה מקסימה ביו4ל',סנו,IL,מרכך כביסה,ליטרים,4.00,ליטר,false,0,18.50,4.63,true,1,
7290000294391,false,סנו ג'ט לניקוי כללי 4ל,סנו,IL,סנו ג'ט,ליטרים,4.00,ליטר,false,0,15.00,3.75,true,1,
7290000294414,false,סנומוד נטול גז מדונה150מ,סנו,IL,סנומוד נטול גז,מיליליטרים,150.00,"100 מ""ל",false,0,9.90,6.60,true,1,
7290000294575,false,רב מגבת סנו סושי 63 דפים,סנו,IL,רב מגבת סנו סושי,מטרים,14.00,מטר,false,0,14.90,1.06,true,1,
7290000294773,false,סנו ג'אוול לבנדר 4 ליטר,סנו,IL,סנו ג'אוול 4 ליט,ליטרים,4.00,ליטר,false,0,15.90,3.98,true,1,
7290000294780,false,סנו ג'אול אקונומ.סמיכה4ל,סנו,IL,סנו ג'אוול 4 ל,ליטרים,4.00,ליטר,false,0,15.90,3.98,true,1,
7290000295299,false,כריות הפלא 4 יח סנו סושי,סנו,IL,סנו סושי 4 כריות,יחידה,1.00,יחידה,false,0,8.50,8.50,true,1,
7290000295367,false,אבקת מקסימה ג'אוול 2.5קג,סנו,IL,אבקת כביסה,קילוגרמים,2.50,"ק""ג",false,0,24.90,9.96,true,1,
7290000295404,false,סושי60שקיות אשפה כחולות,סנו,IL,שקיות אשפה,יחידה,1.00,יחידה,false,0,20.00,20.00,true,1,
7290000295503,false,סושי זוג שקיות אוכל150*2,סנו,IL,שקיות אוכל צמד,יחידה,1.00,יחידה,false,0,12.90,12.90,true,1,
7290000295558,false,2רדידי אלומיניום0.3*7.5מ,סנו,IL,צמד רדידי אלומינ,מטרים,15.00,מטר,false,0,10.00,0.67,true,1,
7290000295565,false,צמד רדיד אלומניום45ס7.5X,סנו,IL,צמד רדידי אלומינ,מטרים,15.00,מטר,false,0,16.30,1.09,true,1,
7290000295749,false,ספוג כיף סאקי מסאז' 1 יח,קוסמופארם,IL,ספוג סאקי מסג',יחידה,1.00,יחידה,false,0,14.00,14.00,true,1,
7290000295824,false,סושי אלומ.חסכונ0.3 100*מ,סנו,IL,רדידי אלומיניום,מטרים,100.00,מטר,false,0,49.90,0.50,true,1,
7290000300115,false,שניצל מן הצומח 1 קג,טבעול,IL,שניצל מן הצומח,גרמים,1000.00,100 גרם,false,0,37.90,3.79,true,1,
7290000300139,false,המבורגר מן הצומח 750 גרם,טבעול,IL,המבורגר מן הצומח,גרמים,750.00,100 גרם,false,0,34.60,4.61,true,1,
7290000300337,false,נקנקיה וינר מן הצומח 750,טבעול,IL,נקניקיה מן הצומח,גרמים,750.00,100 גרם,false,0,28.90,3.85,true,1,
7290000300689,false,שניצל ברוקולי 750 גרם,טבעול,IL,שניצל ברוקולי,גרמים,750.00,100 גרם,false,0,31.70,4.23,true,1,
7290000301501,false,נקנקיות קוקטיל 750 גרם,טבעול,IL,נקנקיות קוקטייל,גרמים,750.00,100 גרם,false,0,28.90,3.85,true,1,
7290000301655,false,חטיפי תירס 600 גרם,טבעול,IL,חטיפי תירס טבעול,גרמים,600.00,100 גרם,false,0,26.10,4.35,true,1,
7290000302027,false,טיים RED 10 יח',"דובק בע""מ",IL,טיים RED חבילה,יחידה,1.00,יחידה,false,0,264.90,264.90,false,1,
7290000302041,false,טיים RED 100 10 יח',"דובק בע""מ",IL,טיים 100 חבילה,יחידה,1.00,יחידה,false,0,264.90,264.90,false,1,
7290000302225,false,נובלס פילטר 10 יח',"דובק בע""מ",IL,נובלס פילטר,יחידה,1.00,יחידה,false,0,264.90,264.90,false,1,
7290000302300,false,נובלס בלנד 10 יח',"דובק בע""מ",IL,נובלס בלנד,יחידה,1.00,יחידה,false,0,264.90,264.90,false,1,
7290000303598,false,שעועית אפויה+רוטב 570 גר,פרי גליל,IL,שעועית ברוטב,גרמים,570.00,100 גרם,false,0,8.20,1.44,true,1,
7290000303604,false,חומוס שלם 550 גרם,פרי גליל,IL,חומוס שלם,גרמים,550.00,100 גרם,false,0,6.20,1.13,true,1,
7290000304663,false,"סלט טונה פיקנטי""נון160""ג",סטארקיסט,IL,סלט טונה פיקנט,גרמים,160.00,100 גרם,false,0,6.80,4.25,true,1,
7290000305042,false,סרדין סטאר 2-5 120 גרם,.אל.גי.אם.סי,IL,סרדין סטאר,גרמים,120.00,100 גרם,false,0,6.00,5.00,true,1,
7290000305097,false,פילה סרדין בשמן סויה125ג,.אל.גי.אם.סי,IL,פילה סרדין,גרמים,125.00,100 גרם,false,0,8.30,6.64,true,1,
7290000307015,false,אפונת גינה גדולה 550 גר',פרי גליל,IL,אפונת גינה,גרמים,550.00,100 גרם,false,0,6.80,1.24,true,1,
7290000307046,false,אפונת גינה וגזר 550 גרם,פרי גליל,IL,אפונת גינה וגזר,גרמים,550.00,100 גרם,false,0,6.50,1.18,true,1,
7290000307220,false,גרעיני תירס ואקום 340 גר,פרי גליל,IL,גרעיני תירס,גרמים,340.00,100 גרם,false,0,6.20,1.82,true,1,
7290000307237,false,גרעיני תירס מתוק 550 גרם,פרי גליל,IL,גרעיני תירס,גרמים,550.00,100 גרם,false,0,6.40,1.16,true,1,
7290000307343,false,שעועית ירוקה חתוכה 550 ג,פרי גליל,IL,שעועית ירוקה,גרמים,550.00,100 גרם,false,0,6.90,1.25,true,1,
7290000309316,false,מטאטא פנטזיה+מקל,המברשת רוחמה,IL,מטאטא+מקל,יחידה,1.00,יחידה,false,0,29.90,29.90,true,1,
7290000309736,false,מטאטא עץ+מקל,המברשת רוחמה,IL,מטאטא+מקל,יחידה,1.00,יחידה,false,0,29.90,29.90,true,1,
7290000311203,false,ופלים מן בטעם שוקולד200ג,רוקחמן,IL,ופלים טעם שוקולד,גרמים,200.00,100 גרם,false,0,4.40,2.20,true,1,
7290000311210,false,ופלים מן בטעם לימון 200ג,רוקחמן,IL,וופלים לימון,גרמים,200.00,100 גרם,false,0,4.40,2.20,true,1,
7290000311272,false,ופל מן במילוי חלבה 180 ג,רוקחמן,IL,ופל חלבה,גרמים,180.00,100 גרם,false,0,4.40,2.44,true,1,
7290000313184,false,עוג.גן חיות וניל 250 גרם,אסם,IL,עוגיות גן חיות,גרמים,250.00,100 גרם,false,0,7.60,3.04,true,1,
7290000313290,false,נודלס אטריות מסולסל200גר,טאי רזידנט,TH,אטריות נודלס,גרמים,200.00,100 גרם,false,0,11.00,5.50,true,1,
7290000315133,false,ציר בקר 300 גרם,יוניליוור,IL,ציר בקר,גרמים,300.00,100 גרם,false,0,26.50,8.83,true,1,
7290000315157,false,מיונז אמיתי לחיץ 385 גרם,בסט פודס,IL,מיונז אמיתי לחיץ,גרמים,385.00,100 גרם,false,0,14.80,3.84,true,1,
7290000316444,false,ברנפלקס ל.תוספת סוכר500ג,יוניליוור,IL,"ברנפלקס ללת""ס",גרמים,500.00,100 גרם,false,0,24.70,4.94,true,1,
7290000316833,false,נשנושי ברנפלקס 375 גרם,יוניליוור,IL,נשנושי ברנפלקס,גרמים,375.00,100 גרם,false,0,17.90,4.77,true,1,
7290000318080,false,פסטרמה של פעם 300 גרם,מעדני יחיעם,IL,פסטרמה של פעם,גרמים,300.00,100 גרם,false,0,25.90,8.63,true,1,
7290000318127,false,"נקניקיות ""ביס"" 380 גרם",מעדני יחיעם,IL,"נקניקיות ""ביס""",גרמים,380.00,100 גרם,false,0,10.80,2.84,true,1,
7290000318479,false,פרושוטו עגל 100 גרם,מעדני יחיעם,IL,פרושוטו,גרמים,100.00,100 גרם,false,0,27.10,27.10,true,1,
7290000318677,false,סלמי סרוולט 150 גרם,מעדני יחיעם,IL,סלמי סרוולט,גרמים,150.00,100 גרם,false,0,21.70,14.47,true,1,
7290000318684,false,סלמי פיין 85 800 גרם,מעדני יחיעם,IL,סלמי פיין 85,גרמים,800.00,100 גרם,false,0,34.30,4.29,true,1,
7290000318943,false,פסטרמה של פעם 200 גרם,מעדני יחיעם,IL,פסטרמה של פעם,גרמים,200.00,100 גרם,false,0,22.80,11.40,true,1,
7290000319131,false,נקניקיות עוף 400 גרם,מעדני יחיעם,IL,נקניקיות עוף,גרמים,400.00,100 גרם,false,0,11.40,2.85,true,1,
7290000319377,false,נקניקיות עגל שויצריות450,מעדני יחיעם,IL,נקניקיות עגל,גרמים,450.00,100 גרם,false,0,20.80,4.62,true,1,
7290000319520,false,סלמי צרפתי 100 גרם,מעדני יחיעם,IL,סלמי צרפתי,גרמים,100.00,100 גרם,false,0,19.00,19.00,true,1,
7290000319803,false,קבנוס קלאסי 125גרם,מעדני יחיעם,IL,קבנוס קלאסי,גרמים,125.00,100 גרם,false,5,14.90,11.92,true,1,
7290000319834,false,קבנוס פפרוני קלאסי 125גר,מעדני יחיעם,IL,קבנוס פפרוני,גרמים,125.00,100 גרם,false,5,14.90,11.92,true,1,
7290000319926,false,פסטרמה עוף על גחלים 300ג,מעדני יחיעם,IL,פסטרמה עוף,גרמים,300.00,100 גרם,false,0,23.60,7.87,true,1,
7290000327372,false,ג'אמפ אשכוליות דיאט1.5ל',טמפו,IL,ג'אמפ דיאט,ליטרים,1.50,ליטר,false,0,4.90,3.27,true,1,
7290000327440,false,ג'אמפ מנגו פסיפלורה 1.5ל,טמפו,IL,ג'אמפ מנגו,ליטרים,1.50,ליטר,false,0,4.90,3.27,true,1,
7290000327532,false,פפסי קולה 1.5*6 ליטר,טמפו,IL,פפסי קולה 6 יח,ליטרים,9.00,ליטר,false,0,21.90,2.43,true,1,
7290000327624,false,מי סודה 1.5 ליטר,טמפו,IL,מי סודה,ליטרים,1.50,ליטר,false,0,3.20,2.13,true,1,
7290000327716,false,סודה אננס,,IL,סודה אננס,ליטרים,1.50,ליטר,false,0,2.90,1.93,true,1,
7290000334165,false,תפוגן מובחר 700 גרם,תפוגן,IL,תפוגן מובחר,גרמים,700.00,100 גרם,false,0,16.80,2.40,true,1,
7290000334233,false,"תפוגן 2 ק""ג",תפוגן,IL,תפוגן צ'פס מובחר,קילוגרמים,2.00,"ק""ג",false,0,31.30,15.65,true,1,
7290000334400,false,שניצל מן הצומח 750 גרם,תפוגן,IL,שניצל צמחי,גרמים,750.00,100 גרם,false,0,19.70,2.63,true,1,
7290000334431,false,שניצל תירס 750 גרם,תפוגן,IL,שניצל תירס,גרמים,750.00,100 גרם,false,0,19.70,2.63,true,1,
7290000334554,false,חטיפי תירס 600 גרם,תפוגן,IL,חטיפי תירס,גרמים,600.00,100 גרם,false,0,19.70,3.28,true,1,
7290000334684,false,טבעות בצל לתנור 700 גרם,תפוגן,IL,טבעות בצל לתנור,גרמים,700.00,100 גרם,false,0,16.80,2.40,true,1,
7290000334745,false,"אמריקן צ'יפס 1.5 ק""ג",תפוגן,IL,אמריקן צ'יפס,קילוגרמים,1.50,"ק""ג",false,0,26.90,17.93,true,1,
7290000339191,false,רן אבקת הלבנה 350 גרם,זוהר דליה,IL,רן אבקת הלבנה,גרמים,350.00,100 גרם,false,0,18.60,5.31,true,1,
7290000339597,false,חומצת מלח לאסלה/כיורים1ל,קליר כימיקלים,IL,חומצת מלח לאסל,ליטרים,1.00,ליטר,false,0,11.80,11.80,true,1,
7290000341071,false,מרכך כביסה בדין בייבי 2ל,יוניליוור,IL,מרכך כביסה בייבי,ליטרים,2.00,ליטר,false,0,14.90,7.45,true,1,
7290000342832,false,מרכך כביסה בדין צהוב 4 ל,יוניליוור,IL,מרכך כביסה בדין,ליטרים,4.00,ליטר,false,0,21.90,5.48,true,1,
7290000342856,false,מרכך כביסה בדין כחול 4 ל,יוניליוור,IL,מרכך כביסה בדין,ליטרים,4.00,ליטר,false,0,21.90,5.48,true,1,
7290000345055,false,ארל גריי תה עלים 100 גרם,ויסוצקי,IL,ארל גריי תה עלים 100 גרם,גרמים,100.00,100 גרם,false,0,14.00,14.00,true,1,
7290000345116,false,תה ירוק עלים 125 גרם,ויסוצקי,IL,תה ירוק עלים,גרמים,125.00,100 גרם,false,0,14.40,11.52,true,1,
7290000345208,false,תה ויסוצקי 25שק* 1 גרם,ויסוצקי,IL,תה ויסוצקי מעודן,גרמים,25.00,100 גרם,false,0,6.40,25.60,true,1,
7290000345215,false,תה ויסוצקי כחול 100שק1*ג,ויסוצקי,IL,תה ויסוצקי כחול 100שק1*ג,גרמים,100.00,100 גרם,false,0,15.90,15.90,true,1,
7290000345260,false,תה ויסוצקי 25שק1.5*גרם,ויסוצקי,IL,תה ויסוצקי 25שק1.5*גרם,גרמים,37.00,100 גרם,false,0,6.90,18.65,true,1,
7290000345284,false,תה קלאסיק 100שק1.5*גרם,ויסוצקי,IL,תה ויסוצקי ירוק,גרמים,150.00,100 גרם,false,0,17.90,11.93,true,1,
7290000345291,false,תה ארל גריי 25שק1.5*גרם,ויסוצקי,IL,תה ארל גריי 25שק1.5*גרם,גרמים,37.00,100 גרם,false,0,11.90,32.16,true,1,
7290000345307,false,תה ארל גריי 50 שק1.5*גרם,ויסוצקי,IL,תה ארל גריי 50שק,גרמים,75.00,100 גרם,false,0,23.80,31.73,true,1,
7290000345536,false,תה נענע 25 שקX. 1.5 גרם,ויסוצקי,IL,תה נענע 25 שקX. 1.5 גרם,גרמים,37.00,100 גרם,false,0,16.50,44.59,true,1,
7290000345598,false,תה אפרסק 25 שק2Xגרם,ויסוצקי,IL,תה אפרסק,גרמים,50.00,100 גרם,false,0,16.50,33.00,true,1,
7290000345604,false,תה לימון 25 שקיות X 2 גר,ויסוצקי,IL,תה לימון,גרמים,50.00,100 גרם,false,0,16.50,33.00,true,1,
7290000346021,false,חליטת קמומיל 50 שק* 1.5ג,ויסוצקי,IL,חליטת קמומיל 50 שק* 1.5ג,גרמים,75.00,100 גרם,false,0,31.60,42.13,true,1,
7290000346120,false,חליטת קסם הקינמון2.5X25ג,ויסוצקי,IL,חליטת קינמון,גרמים,62.00,100 גרם,false,0,16.90,27.26,true,1,
7290000346144,false,חליטת עינוגי התפוח 3X25ג,ויסוצקי,IL,חליטת תפוחים,גרמים,67.00,100 גרם,false,0,16.90,25.22,true,1,
7290000346151,false,חליטת תות+ורד הבר2.7X25ג,ויסוצקי,IL,חליטת תות+ורד הבר2.7X25ג,גרמים,67.00,100 גרם,false,0,16.90,25.22,true,1,
7290000346199,false,תה פירות יער 25שק2.7Xג,ויסוצקי,IL,חליטת פירות היער,גרמים,67.00,100 גרם,false,0,16.90,25.22,true,1,
7290000346205,false,חל.קמומיל-גן קסום1.5ג25X,ויסוצקי,IL,חליטת קמומיל,גרמים,37.00,100 גרם,false,0,16.90,45.68,true,1,
7290000346236,false,תה לואיזה גן קסום25י2Xגר,ויסוצקי,IL,תה לואיזה וורבנה,גרמים,50.00,100 גרם,false,0,16.90,33.80,true,1,
7290000346960,false,תה נענע 50 שקיקים1.5Xגר,ויסוצקי,IL,תה נענע,גרמים,75.00,100 גרם,false,0,27.50,36.67,true,1,
7290000347738,false,תה ירוק עם נענע 25ש1.5Xג,ויסוצקי,IL,תה ירוק נענע,גרמים,37.00,100 גרם,false,0,21.90,59.19,true,1,
7290000347752,false,תה ירוק+לימונ.ולואיזה25ש,ויסוצקי,IL,תה ירוק לימונית,גרמים,37.00,100 גרם,false,0,21.90,59.19,true,1,
7290000355382,false,עגב.מרוסקות עם בזיל800.ג,מילוז,IL,עגב.מרוסקות עם בזיל800.ג,גרמים,800.00,100 גרם,false,0,7.30,0.91,true,1,
7290000355412,false,עגבנ.מרוסקות עם שום 800ג,מילוז,IL,עגבנ.מרוסקות עם שום 800ג,גרמים,800.00,100 גרם,false,0,7.30,0.91,true,1,
7290000355511,false,רכז עגבניות 28% 580 גרם,מילוז,IL,רכז עגבניות 28%,גרמים,580.00,100 גרם,false,0,6.50,1.12,true,1,
7290000355757,false,עגבנ.מרוסקות טל וטרי800ג,מילוז,IL,עגבניות מרוסקות,גרמים,800.00,100 גרם,false,0,7.60,0.95,true,1,
7290000356631,false,עגבנ.מרוסק.טל וטרי300X2ג,מילוז,IL,עגבנ.מרוסקות 2יח,גרמים,600.00,100 גרם,false,0,9.60,1.60,true,1,
7290000356730,false,רסק עגבניות 330X2 גרם,מילוז,IL,רסק עגבניות,גרמים,660.00,100 גרם,false,0,10.30,1.56,true,1,
7290000356952,false,עגבניה מגורדת 300*2 גרם,מילוז,IL,עגבניה מגורדת2יח,גרמים,600.00,100 גרם,false,0,9.60,1.60,true,1,
7290000357386,false,פילה מרלוזה קפוא מחיר לפ,דלידג - נטו,AR,פילה מרלוזה,קילוגרמים,0.00,"ק""ג",true,0,29.90,29.90,true,1,
7290000357751,false,לשון כבושה קג,טיבון ויל - נטו,IL,לשון כבושה,קילוגרמים,0.00,"ק""ג",true,0,39.90,39.90,true,1,
7290000363202,false,נקניק סלמי גליל 600 גרם,טירת צבי,IL,נקניק סלמי גליל,גרמים,600.00,100 גרם,false,0,34.60,5.77,true,1,
7290000364261,false,סלסולי כתף בקר 120 גרם,טירת צבי,IL,דקניקים כתף בקר,גרמים,120.00,100 גרם,false,0,15.30,12.75,true,1,
7290000364278,false,סלסולי סלמי איטלקי 120גר,טירת צבי,IL,דקניקים סלמי דק,גרמים,120.00,100 גרם,false,0,15.30,12.75,true,1,
7290000364285,false,סלסולי פסטרמה הודו 120גר,טירת צבי,IL,דקניקים פסטרמה,גרמים,120.00,100 גרם,false,0,15.30,12.75,true,1,
7290000364292,false,סלסולי פסטרמה גחלים 120ג,טירת צבי,IL,דקמיקים פסטרמה,גרמים,120.00,100 גרם,false,0,15.30,12.75,true,1,
7290000364773,false,נקניקיות עוף תפזורת משקל,טירת צבי,IL,נקניקיות עוף,קילוגרמים,0.00,"ק""ג",true,0,23.90,23.90,true,1,
7290000364803,false,נקנ. אמריקאיות/קרנץ 500ג,טירת צבי,IL,נקניקיות בקר,גרמים,500.00,100 גרם,false,0,26.90,5.38,true,1,
7290000364810,false,נקניקיות עגל 500 גרם,טירת צבי,IL,נקניקיות עגל,גרמים,500.00,100 גרם,false,0,26.90,5.38,true,1,
7290000364858,false,"נקניקיות עוף בואקום 1ק""ג",טירת צבי,IL,נקניקיות עוף,קילוגרמים,1.00,"ק""ג",false,0,29.90,29.90,true,1,
7290000364872,false,נקניקיות עוף 400 גרם,טירת צבי,IL,נקניקיות עוף,גרמים,400.00,100 גרם,false,0,14.10,3.53,true,1,
7290000364957,false,נקניקיות מיני מיני 700גר,טירת צבי,IL,נקניקיות מיני,גרמים,700.00,100 גרם,false,0,27.30,3.90,true,1,
7290000367590,false,פסטרמה כפרית+סלמי 400*2ג,טירת צבי,IL,צמד כפרי נקניקים,גרמים,800.00,100 גרם,false,0,34.90,4.36,true,1,
7290000379142,false,לחם עינן פרוס וארוז 750ג,מאפיית שלמה א. אנג'ל,IL,לחם עינן פרוס וארוז 750ג,גרמים,750.00,100 גרם,false,0,11.90,1.59,true,1,
7290000379203,false,לחם עינן קל 500 גרם,מאפיית שלמה א. אנג'ל,IL,לחם עינן קל 500 גרם,גרמים,500.00,100 גרם,false,0,11.90,2.38,true,1,
7290000408316,false,יוגורט ביו 3% דנונה 200ג,שטראוס,IL,יוגורט ביו 3%,גרמים,200.00,100 גרם,false,0,3.60,1.80,true,1,
7290000408354,false,דנונה בר פצפוצים 173 גרם,שטראוס,IL,דנונה בר פצפוצים,גרמים,173.00,100 גרם,false,0,4.50,2.60,true,1,
7290000412139,false,ריצפז אורנים 3 ליטר,סנו,IL,ריצפז אורנים,ליטרים,3.00,ליטר,false,0,14.80,4.93,true,1,
7290000412481,false,"מנקה אסלות ""00"" 1 ליטר",סנו,IL,"מנקה אסלות 00""",ליטרים,1.00,ליטר,false,0,7.80,7.80,true,1,
7290000415215,false,קובה מטפוניה 600 גרם,יסמין,IL,קובה מטפוניה,גרמים,600.00,100 גרם,false,0,24.90,4.15,true,1,
7290000416021,false,ממרח בטעם שוקולד 500גר,השחר,IL,ממרח השחר,גרמים,500.00,100 גרם,false,0,11.90,2.38,true,1,
7290000416045,false,ממרח מובחר מריחה השחר1קג,השחר,IL,ממרח השחר,קילוגרמים,1.00,"ק""ג",false,0,22.70,22.70,true,1,
7290000416076,false,צימקאו שוקולד לבישול400ג,השחר,IL,צימקאו לאפיה,גרמים,400.00,100 גרם,false,0,11.90,2.98,true,1,
7290000416168,false,קרם למריחה בשפופרת330ג,השחר,IL,קרם למריחה,גרמים,330.00,100 גרם,false,0,11.90,3.61,true,1,
7290000416618,false,"ממרח טעם שוקולד בד""ץ400ג",השחר,IL,ממרח בטעם שוקולד,גרמים,400.00,100 גרם,false,0,10.90,2.73,true,1,
7290000416854,false,קקאו 150 גרם,השחר,IL,קקאו השחר העולה,גרמים,150.00,100 גרם,false,0,9.90,6.60,true,1,
7290000416892,false,ק.למריחה בשפופרת תפוז330,השחר,IL,קרם למריחה,גרמים,330.00,100 גרם,false,1,11.90,3.61,true,1,
7290000418131,false,טופ פד סופר 18 תחבושות,מוצרי נייר עמיר,IL,תחבושות טופ פד,יחידה,1.00,יחידה,false,0,6.70,6.70,true,1,
7290000418155,false,טופ פד ס.פלוס 16 תחבושות,מוצרי נייר עמיר,IL,תחבושות טופ פד,יחידה,1.00,יחידה,false,0,6.70,6.70,true,1,
7290000419114,false,קפה טחון טורקי לנדור200ג,קפה לנדוור,IL,קפה שחור לנדוור,גרמים,200.00,100 גרם,false,0,15.80,7.90,true,1,
7290000419367,false,קפה לנדוור מקורי 70*4גרם,קפה לנדוור,,קפה לנדוור 4 יח',גרמים,280.00,100 גרם,false,0,19.70,7.04,true,1,
7290000419893,false,קפה לנדור לבוקר טחון100ג,קפה לנדוור,IL,קפה שחור לבוקר,גרמים,100.00,100 גרם,false,0,7.90,7.90,true,1,
7290000419909,false,קפה לנדוור אספרסו טחו100,קפה לנדוור,IL,קפה בטעם אספרסו,גרמים,100.00,100 גרם,false,0,7.90,7.90,true,1,
7290000419923,false,קפה לנדוור אספרסו טחו200,קפה לנדוור,IL,קפה אספרסו טחון,גרמים,200.00,100 גרם,false,0,19.60,9.80,true,1,
7290000420325,false,גרע.תירס טבעי-מיקרו100*5,פרסטון  פארמס,US,פופקורן למיקרו,גרמים,500.00,100 גרם,false,0,12.90,2.58,true,1,
7290000420417,false,גלילונית עם שרוך 65*52סמ,אשפלסט,IL,גלילונית שרוך,יחידה,1.00,יחידה,false,0,16.90,16.90,true,1,
7290000432144,false,נרות שבת אקספורט,,IL,נרות שבת אקספורט,יחידה,1.00,יחידה,false,0,26.20,26.20,true,1,
7290000432175,false,נר זכרון בפחית,,IL,נר זכרון בפחית,יחידה,1.00,יחידה,false,0,2.00,2.00,true,1,
7290000432182,false,נר נשמה בכוס,,IL,נר נשמה בכוס,יחידה,1.00,יחידה,false,0,4.00,4.00,true,1,
7290000432359,false,נר שבועי,,IL,נר שבועי,יחידה,1.00,יחידה,false,0,11.00,11.00,true,1,
7290000432632,false,נרות שבת,,IL,נרות שבת,יחידה,1.00,יחידה,false,0,4.10,4.10,true,1,
7290000432649,false,נרות שבת,,IL,נרות שבת,יחידה,1.00,יחידה,false,0,4.10,4.10,true,1,
7290000432656,false,נרות שבת,,IL,נרות שבת,יחידה,1.00,יחידה,false,0,4.10,4.10,true,1,
7290000432663,false,נרות שבת,,IL,נרות שבת,יחידה,1.00,יחידה,false,0,4.10,4.10,true,1,
7290000432922,false,נריות,,IL,נריות,יחידה,1.00,יחידה,false,0,21.10,21.10,true,1,
7290000433684,false,פפסי קולה 1.5 ליטר,טמפו,IL,פפסי קולה,ליטרים,1.50,ליטר,false,0,4.50,3.00,true,1,
7290000433714,false,סבן אפ 1.5 ליטר,טמפו,IL,סבן אפ,ליטרים,1.50,ליטר,false,0,4.90,3.27,true,1,
7290000433745,false,מירינדה 1.5 ליטר,טמפו,IL,מירינדה תפוזים,ליטרים,1.50,ליטר,false,0,4.90,3.27,true,1,
7290000433899,false,דיאט סבן אפ 1.5 ליטר,טמפו,IL,דיאט סבן אפ,ליטרים,1.50,ליטר,false,0,4.90,3.27,true,1,
7290000433974,false,פפסי מקס 1.5 ליטר,טמפו,IL,פפסי מקס,ליטרים,1.50,ליטר,false,0,4.50,3.00,true,1,
7290000442044,false,"פמינה חמוציות 220 מ""ל",כצט,IL,פמינה חמוציות,מיליליטרים,220.00,"100 מ""ל",false,0,22.90,10.41,true,1,
7290000442587,false,גינקו קרם רב שימושי 220מ,כצט,IL,קרם רב שימושי,מיליליטרים,250.00,"100 מ""ל",false,0,17.90,7.16,true,1,
7290000453019,false,שמרית-שמרים לחים 50 גרם,פאקא,IL,שמרית-שמרים טרי,גרמים,50.00,100 גרם,false,0,4.20,8.40,true,1,
7290000453125,false,שמרית+משפר אפיה ביתית100,פאקא,IL,שמרית+ משפר אפיה,גרמים,100.00,100 גרם,false,0,7.40,7.40,true,1,
7290000461656,false,בייגל אחד אחד 400 גרם,יוניליוור,IL,בייגלה מקלות,גרמים,400.00,100 גרם,false,0,7.90,1.98,true,1,
7290000461700,false,בייגלה שמינ.גדול.מלוח400,יוניליוור,IL,בייגלה גדול,גרמים,400.00,100 גרם,false,0,13.80,3.45,true,1,
7290000461724,false,בייגלה שמינ.גדול+שומש400,יוניליוור,IL,בייגלה שמיניות,גרמים,400.00,100 גרם,false,0,15.10,3.78,true,1,
7290000461793,false,בייגל ארוך ארוך 150 גרם,יוניליוור,IL,בייגל ארוך ארוך,גרמים,150.00,100 גרם,false,0,5.90,3.93,true,1,
7290000462103,false,סחוג זהבי אדום 150 גרם,זהבי הכרם,IL,סחוג זהבי אדום,גרמים,150.00,100 גרם,false,0,7.40,4.93,true,1,
7290000462141,false,זחוק אדום חריף מאוד 150ג,זהבי הכרם,IL,זחוק אדום חריף,גרמים,150.00,100 גרם,false,0,7.40,4.93,true,1,
7290000462172,false,סחוג זהבי ירוק 150 גרם,זהבי הכרם,IL,סחוג זהבי ירוק,גרמים,150.00,100 גרם,false,0,7.40,4.93,true,1,
7290000463124,false,זית מנזנילו גדול 560 גרם,בית השיטה,IL,זית מנזנילו,גרמים,560.00,100 גרם,false,0,10.80,1.93,true,1,
7290000463148,false,זית מנזנילו בינוני560גרם,בית השיטה,IL,זית ירוקים,גרמים,560.00,100 גרם,false,0,9.80,1.75,true,1,
7290000466101,false,חומוסטחינה חריף צבר 400ג,צבר,IL,חומוסטחינה חריף,גרמים,400.00,100 גרם,false,1,14.20,3.55,true,1,
7290000466170,false,מלפ.גלעד 12-10מלח 560גרם,בית השיטה,IL,מלפפונים במלח,גרמים,560.00,100 גרם,false,0,6.50,1.16,true,1,
7290000466187,false,מלפפונים במלח 13-17 560ג,בית השיטה,IL,מלפפונים במלח,גרמים,560.00,100 גרם,false,0,9.20,1.64,true,1,
7290000466194,false,מלפפונ.במלח18-25 560 גרם,בית השיטה,IL,מלפפונים במלח,גרמים,560.00,100 גרם,false,0,11.50,2.05,true,1,
7290000467153,false,מלך החומוס סמיר הגדול400,צבר,IL,חומוס סמיר הגדול,גרמים,400.00,100 גרם,false,0,12.40,3.10,true,1,
7290000467160,false,מלפפון בחומץ גדול7-9 560,בית השיטה,IL,מלפפונים בחומץ,גרמים,560.00,100 גרם,false,0,5.90,1.05,true,1,
7290000467177,false,מלפפון 12-10 בחומץ 560גר,בית השיטה,IL,מלפפונים בחומץ,גרמים,560.00,100 גרם,false,0,6.50,1.16,true,1,
7290000467184,false,מלפפון חומץ קטן13-17 560,בית השיטה,IL,מלפפונים בחומץ,גרמים,560.00,100 גרם,false,0,9.20,1.64,true,1,
7290000467191,false,מלפ.בחומץ18-25 560 גרם,בית השיטה,IL,מלפפונים בחומץ,גרמים,560.00,100 גרם,false,0,11.50,2.05,true,1,
7290000467320,false,מלך חומוס אבו מרוואן400ג,צבר,IL,מלך החומוס צבר,גרמים,400.00,100 גרם,false,0,12.40,3.10,true,1,
7290000468006,false,כרוב כבוש בית השיטה 560ג,בית השיטה,IL,כרוב כבוש,גרמים,560.00,100 גרם,false,0,6.70,1.20,true,1,
7290000469638,false,"מריטו ענק 500 מ""ל",בולטון,IL,מריטו לגיהוץ קל,מיליליטרים,500.00,"100 מ""ל",false,0,21.10,4.22,true,1,
7290000474021,false,חלב מפוסטר שקית 3% 1 ל',טרה,IL,חלב טרה שקית 3%3,ליטרים,1.00,ליטר,false,0,4.80,4.80,true,1,
7290000474076,false,חלב הומוגני בקרטון3% 1ל,טרה,IL,חלב טרי טרה 3%,ליטרים,1.00,ליטר,false,0,5.75,5.75,true,1,
7290000474090,false,חלב הומוגני 1% קרטון 1 ל,טרה,IL,חלב טרי טרה 1%,ליטרים,1.00,ליטר,false,0,5.40,5.40,true,1,
7290000474373,false,"שמנת חמוצה15% 200 מ""ל",טרה,IL,שמנת חמוצה15%,מיליליטרים,200.00,"100 מ""ל",false,0,2.20,1.10,true,1,
7290000474410,false,חמאה 100 גרם,טרה,IL,חמאה טרה,גרמים,100.00,100 גרם,false,0,3.80,3.80,true,1,
7290000474502,false,גבינה לבנה 5% טרה 250 גר,טרה,IL,גבינה לבנה 5%,גרמים,250.00,100 גרם,false,0,4.20,1.68,true,1,
7290000474540,false,גבי. טוב טעם 3% 250גרם,טרה,IL,גבינת טוב טעם3%,גרמים,250.00,100 גרם,false,0,10.80,4.32,true,1,
7290000480107,false,קואקר ש.שועל פח 500גרם,קואקר אוטס,GB,קואקר שיבולת,גרמים,500.00,100 גרם,false,0,13.40,2.68,true,1,
7290000480329,false,הרמזית 800 טבליות,הרמס סוויטנרס,CH,ממתיק הרמזית,גרמים,9.00,100 גרם,false,0,24.70,274.44,true,1,
7290000480442,false,קואקר באריזת אלומינ500גר,קואקר אוטס,GB,קואקר,גרמים,500.00,100 גרם,false,0,12.80,2.56,true,1,
7290000482071,false,קוקי שקיות אפיה 20 יחי,ש.שסטוביץ,IL,קוקי שקיות אפיה,יחידה,1.00,יחידה,false,0,21.60,21.60,true,1,
7290000483412,false,טפטופים לעוגה 60 גרם,המרשלג,IL,טפטופים לעוגה,גרמים,60.00,100 גרם,false,0,14.80,24.67,true,1,
7290000483924,false,בצק סוכר לעוגות 600 גרם,המרשלג,IL,בצק סוכר לעוגות,גרמים,600.00,100 גרם,false,0,14.00,2.33,true,1,
7290000484501,false,"אלוף הארק 750 מ""ל",יקב הגליל יוסף גולד ובניו,IL,אלוף הארק,מיליליטרים,750.00,"100 מ""ל",false,0,89.10,11.88,true,1,
7290000484525,false,"עלית הארק 750 מ""ל",יקב הגליל יוסף גולד ובניו,IL,עלית הארק,מיליליטרים,750.00,"100 מ""ל",false,0,64.20,8.56,true,1,
7290000490601,false,גלידל וניל 8 יחידות כשלפ,גלידות פלדמן,IL,גלידל וניל 8יח,גרמים,400.00,100 גרם,false,0,33.50,8.38,true,1,
7290000490625,false,מאגדת בטעם שוקו 8יח',גלידות פלדמן,IL,מאגדת בטעם שוקו,יחידה,1.00,יחידה,false,1,19.80,19.80,true,1,
7290000490731,false,"גלידל וניל שוקו כשל""פ 90",גלידות פלדמן,IL,גלידל וניל שוקו,ליטרים,1.00,ליטר,false,0,23.70,23.70,true,1,
7290000490762,false,גלידל שוקו 8 יחי כשלפ,גלידות פלדמן,IL,גלידל שוקו 8יח,גרמים,400.00,100 גרם,false,0,33.50,8.38,true,1,
7290000493176,false,רוטב צלי לבשר בשקית22ג,אסם,IL,רוטב צלי לבשר,גרמים,22.00,100 גרם,false,0,3.60,16.36,true,1,
7290000493183,false,רוטב פטריות לבשר-אבקה30ג,אסם,IL,רוטב פטריות,גרמים,30.00,100 גרם,false,0,4.00,13.33,true,1,
7290000493367,false,עוג.חמוציות פיטנס 25*6ג,אסם,IL,עוגיות פיטנס 6יח,גרמים,150.00,100 גרם,false,0,10.00,6.67,true,1,
7290000497044,false,לחם ברמן אקטיב 750 גרם,מאפית ברמן,IL,לחם ברמן אקטיב 750 גרם,גרמים,750.00,100 גרם,false,0,13.90,1.85,true,1,
7290000497303,false,6 לחמניות מקמח מלא בשקית,מאפית ברמן,IL,6 לחמניות מקמח מלא בשקית,גרמים,450.00,100 גרם,false,0,8.50,1.89,true,1,
7290000497426,false,לחם ברמן קל לענין 500גרם,מאפית ברמן,IL,לחם ברמן קל לענין 500גרם,גרמים,500.00,100 גרם,false,0,10.00,2.00,true,1,
7290000497457,false,לחם דגנים 750 גרם,מאפית ברמן,IL,לחם דגנים 750 גרם,גרמים,750.00,100 גרם,false,0,13.80,1.84,true,1,
7290000497532,false,לחם ברמן לענין 750 גרם,מאפית ברמן,IL,לחם ברמן לענין 750 גרם,גרמים,750.00,100 גרם,false,0,10.00,1.33,true,1,
7290000497570,false,לחם דגני קלות פרוס 500גר,מאפית ברמן,IL,לחם דגני קלות פרוס 500גר,גרמים,500.00,100 גרם,false,0,13.80,2.76,true,1,
7290000504049,false,סוכרזית 1200 טבליות,"ביסקול בע""מ",IL,סוכרזית טבליות,גרמים,98.00,100 גרם,false,0,21.90,22.35,true,1,
7290000504261,false,"כמו סוכר"" אבקה ממתיק75ג","ביסקול בע""מ",IL,כמו סוכר,גרמים,75.00,100 גרם,false,0,25.20,33.60,true,1,
7290000504278,false,סוכרזית פטנט 700 טבליות,"ביסקול בע""מ",IL,סוכרזית טבליות,גרמים,57.00,100 גרם,false,0,16.90,29.65,true,1,
7290000504360,false,טלק ריחני אזורה לתינוק80,"ביסקול בע""מ",IL,טלק ריחני אזורה,גרמים,80.00,100 גרם,false,0,7.80,9.75,true,1,
7290000505374,false,דא.קליאו פנינה ורוד 200,"ביסקול בע""מ",IL,דאודורנט קליאו,מיליליטרים,200.00,"100 מ""ל",false,0,12.90,6.45,true,1,
7290000506111,false,חזרת פיאו 400 גרם,פיאו,IL,חזרת פיאו,גרמים,400.00,100 גרם,false,0,10.40,2.60,true,1,
7290000518169,false,מתוק וקל 1000 טבליות,מתוק וקל,IL,מתוק וקל,גרמים,80.00,100 גרם,false,0,8.80,11.00,true,1,
7290000518251,false,מתוק וקל זהב 100 שקיות,למפדוס,IL,מתוק וקל זהב,יחידה,1.00,יחידה,false,0,11.80,11.80,true,1,
7290000521008,false,יין אדום יבש של סגל750מל,יינות סגל,IL,יין סגל אדום,מיליליטרים,750.00,"100 מ""ל",false,0,16.90,2.25,true,1,
7290000521015,false,"יין לבן יבש של סגל750מ""ל",יינות סגל,IL,יין לבן של סגל,מיליליטרים,750.00,"100 מ""ל",false,0,16.90,2.25,true,1,
7290000521022,false,יין סגל לבן רג.ח.יבש750מ,יינות סגל,IL,יין לבן חצי יבש,מיליליטרים,750.00,"100 מ""ל",false,0,16.90,2.25,true,1,
7290000521381,false,"סגל קברנה מרלו 750מ""ל",יינות סגל,IL,סגל קברנה מרלו,מיליליטרים,750.00,"100 מ""ל",false,0,19.90,2.65,true,1,
7290000522142,false,חלב הרים טהור 3% 1 ליטר,"מחלבות רמה""ג",IL,חלב הרים טהור 3% 1 ליטר,ליטרים,1.00,ליטר,false,0,6.90,6.90,true,1,
7290000522166,false,חלב הרים נטול לקטוז3% 1ל,"מחלבות רמה""ג",IL,חלב הרים נטול לקטוז3% 1ל,ליטרים,1.00,ליטר,false,0,10.40,10.40,true,1,
7290000522227,false,רוטב אלפרדו שמנת15% 450מ,מחלבות רמת הגולן,IL,רוטב אלפרדו,מיליליטרים,450.00,"100 מ""ל",false,1,17.70,3.93,true,1,
7290000522234,false,"רוטב רוזה שמנת15% 450מ""ל",מחלבות רמת הגולן,IL,רוטב רוזה,מיליליטרים,450.00,"100 מ""ל",false,1,17.70,3.93,true,1,
7290000523118,false,"מלח ים יבש 1 ק""ג",תעשיות מלח לישראל,IL,"מלח ים יבש 1 ק""ג",קילוגרמים,1.00,"ק""ג",false,0,6.70,6.70,true,1,
7290000523224,false,מלח ים יבש 500 גרם,תעשיות מלח לישראל,IL,מלח ים שולחני,גרמים,500.00,100 גרם,false,0,7.30,1.46,true,1,
7290000523521,false,מלח ים מועשר ביוד 250גרם,תעשיות מלח לישראל,IL,מלח ים מועשר,גרמים,250.00,100 גרם,false,0,5.90,2.36,true,1,
7290000523804,false,"מלח הארץ עדין צנצנת 1ק""ג",תעשיות מלח לישראל,,מלח הארץ עדין,קילוגרמים,1.00,"ק""ג",false,0,6.80,6.80,true,1,
7290000525969,false,מיץ תפוזים סחוט 1 ליטר,גניר,IL,מיץ תפוזים סחוט,ליטרים,1.00,ליטר,false,0,10.00,10.00,true,1,
7290000530086,false,נקניק מעושן7000- 600 גרם,זוגלובק,IL,נקניק מעושן,גרמים,600.00,100 גרם,false,0,34.00,5.67,true,1,
7290000530109,false,קבנוס בואקום 180X2 גרם,זוגלובק,IL,זוג קבנוס בואקום,גרמים,360.00,100 גרם,false,0,27.10,7.53,true,1,
7290000530413,false,המבורגר זהב 400 גרם,זוגלובק,IL,המבורגר זהב,גרמים,400.00,100 גרם,false,0,19.70,4.93,true,1,
7290000530468,false,"נקניקיות וינר 1 ק""ג",זוגלובק,IL,נקניקיות וינר,קילוגרמים,1.00,"ק""ג",false,0,32.00,32.00,true,1,
7290000530703,false,פסטרמה חרמון+תה 400+400ג,זוגלובק,IL,מארז חרמון+תה,גרמים,800.00,100 גרם,false,0,32.40,4.05,true,1,
7290000531496,false,קבנוס בואקום 180 גרם,זוגלובק,IL,קבנוס,גרמים,180.00,100 גרם,false,0,18.30,10.17,true,1,
7290000531601,false,סטייק בורגר 400גר',זוגלובק,IL,סטייק בורגר 00,גרמים,400.00,100 גרם,false,0,20.70,5.18,true,1,
7290000531977,false,בורקס גבינה 800 גרם,זוגלובק,IL,בורקס גבינה,גרמים,800.00,100 גרם,false,0,17.70,2.21,true,1,
7290000533353,false,"בצק עלים 1 ק""ג",זוגלובק,IL,בצק עלים,גרמים,1000.00,100 גרם,false,0,13.80,1.38,true,1,
7290000536316,false,שניצל מן הצומח 1 קג,זוגלובק,IL,שניצל מן הצומח,גרמים,1000.00,100 גרם,false,0,28.50,2.85,true,1,
7290000536743,false,מקלוני תירס 500גרם,זוגלובק,IL,מקלוני תירס,גרמים,500.00,100 גרם,false,0,18.70,3.74,true,1,
7290000536750,false,מקלוני גזר ובטטה 500גרם,זוגלובק,IL,מקלוני גזר ובטטה,גרמים,500.00,100 גרם,false,0,18.70,3.74,true,1,
7290000536934,false,המבורגר בלחמניה יח,זוגלובק,IL,המבורגר בלחמניה,גרמים,185.00,100 גרם,false,0,14.90,8.05,true,1,
7290000537566,false,נקניקיות עוף 400 גרם,זוגלובק,IL,נקניקיות עוף,גרמים,400.00,100 גרם,false,0,14.60,3.65,true,1,
7290000537603,false,"נקניקיות עוף טריות 1 ק""ג",זוגלובק,IL,נקניקיות עוף,קילוגרמים,1.00,"ק""ג",false,0,29.20,29.20,true,1,
7290000540160,false,עוג.ללא סוכ.חיטה מלאה500,האחים,IL,עוגיות ללא סוכר,גרמים,500.00,100 גרם,false,0,20.50,4.10,true,1,
7290000540290,false,דובשניות,,IL,דובשניות,גרמים,600.00,100 גרם,false,0,13.90,2.32,true,1,
7290000540313,false,עוגיות טבעיות 500 גרם,האחים,IL,עוגיות טבעיות,גרמים,500.00,100 גרם,false,0,20.50,4.10,true,1,
7290000551067,false,צלי כתף מס5' מוכשר קפוא,שונות,XX,צלי כתף מוכשר,קילוגרמים,0.00,"ק""ג",true,0,64.90,64.90,true,1,
7290000551074,false,פילה מדומה מס6' מוכשר קפ,שונות,XX,פ.מדומה מוכשר,גרמים,0.00,"ק""ג",true,0,49.50,49.50,true,1,
7290000551098,false,בשר זרוע מס8' מוכשר קג,שונות,XX,בשר זרוע מוכשר,קילוגרמים,0.00,"ק""ג",true,0,44.90,44.90,true,1,
7290000551555,false,בשר זרוע מס 8 מוכשר קג,שונות,XX,בשר זרוע מס 8,גרמים,0.00,"ק""ג",true,0,44.90,44.90,true,1,
7290000552118,false,נקנקיות מרגז גריל 400גרם,טיבון ויל - נטו,IL,נקנקיות מרגז,גרמים,400.00,100 גרם,false,0,20.90,5.23,true,1,
7290000552194,false,קישקע 500 גרם,טיבון ויל - נטו,IL,קישקע,גרמים,500.00,100 גרם,false,0,14.80,2.96,true,1,
7290000552569,false,סטייק בורגר 400 גרם,טיבון ויל - נטו,IL,סטייק בורגר,גרמים,400.00,100 גרם,false,0,20.70,5.18,true,1,
7290000552903,false,טחון כבש ובקר 500 גרם,טיבון ויל - נטו,IL,טחון כבש ובקר,גרמים,500.00,100 גרם,false,0,20.20,4.04,true,1,
7290000554006,false,קשקבל 22% במשקל,מחלבות גד,IL,גבינת קשקבל,קילוגרמים,0.00,"ק""ג",true,0,125.00,125.00,true,1,
7290000554402,false,מלבי 160 גרם,מחלבות גד,IL,מלבי,גרמים,160.00,100 גרם,false,0,5.20,3.25,true,1,
7290000554457,false,גבינה צפתית5% שומן 350ג,מחלבות גד,IL,גבינה צפתית5%,גרמים,350.00,100 גרם,false,0,16.90,4.83,true,1,
7290000554471,false,גבינת מוצרלה 22% 180 גרם,מחלבות גד,IL,גבינת מוצרלה 22%,גרמים,180.00,100 גרם,false,0,14.90,8.28,true,1,
7290000554532,false,גב.צפתית מעודנת5% 200גרם,מחלבות גד,IL,צפתית מעודנת 5%,גרמים,200.00,100 גרם,false,0,14.50,7.25,true,1,
7290000554600,false,גבי.מוצרלה מגורדת22% 300,מחלבות גד,IL,מוצרלה מגורדת,גרמים,300.00,100 גרם,false,0,23.70,7.90,true,1,
7290000554624,false,ירח מתוק מעד.חלב+אורז150,מחלבות גד,IL,מעדן חלב ואורז,גרמים,150.00,100 גרם,false,0,5.40,3.60,true,1,
7290000554686,false,לבנה בשמן זית+זעתר5% 250,מחלבות גד,IL,לאבנה בשמן זית5%,גרמים,250.00,100 גרם,false,0,13.80,5.52,true,1,
7290000554792,false,גבינה בולגרית 5%במשקל,מחלבות גד,IL,גבינה בולגרית 5%במשקל,גרמים,0.00,"ק""ג",true,0,40.00,40.00,true,1,
7290000554815,false,מוצרלה נקניק 22% במשקל,מחלבות גד,IL,גבינת מוצרלה,גרמים,0.00,"ק""ג",true,0,78.00,78.00,true,1,
7290000554822,false,ריקוטה גד 5% שומן 250 גר,מחלבות גד,IL,גבינת ריקוטה 5%,גרמים,250.00,100 גרם,false,0,13.80,5.52,true,1,
7290000554839,false,גבינה מסקרפונה 40% 250 ג,מחלבות גד,IL,גבינה מסקרפונה,גרמים,250.00,100 גרם,false,0,19.80,7.92,true,1,
7290000560533,false,"אדג' פרו ג'ל רגיל 200מ""ל",אנרג'ייזר,US,אדג' ג'ל לגילוח,מיליליטרים,200.00,"100 מ""ל",false,0,17.90,8.95,true,1,
7290000560540,false,אדג' פרו ג'ל רגיש 200 מל,אנרג'ייזר,US,אדג' ג'ל לגילוח,מיליליטרים,200.00,"100 מ""ל",false,0,17.90,8.95,true,1,
7290000571232,false,גבינת גאודה פרוסה 150 גר,תנובה,IL,גבינה גאודה,גרמים,150.00,100 גרם,false,0,24.70,16.47,true,1,
7290000571300,false,גאודה מעושנת,,IL,גאודה מעושנת,גרמים,150.00,100 גרם,false,0,24.70,16.47,true,1,
7290000571386,false,יוגורמה מחלב כבשים5% 850,תנובה,IL,יוגורמה 5%,גרמים,850.00,100 גרם,false,0,25.90,3.05,true,1,
7290000571478,false,גבינת תום עיזים פרוס150ג,תנובה,IL,גבינת תום עיזים,גרמים,150.00,100 גרם,false,0,38.00,25.33,true,1,
7290000571485,false,משקה יוגורט עזים,,,משקה יוגורט עזים,קילוגרמים,1.00,"ק""ג",false,0,20.80,20.80,true,1,
7290000571812,false,פרמז'ן מגורד,,IL,פרמז'ן מגורד,גרמים,200.00,100 גרם,false,0,20.70,10.35,true,1,
7290000571843,false,יוגורמה עיזים 140 גרם,תנובה,IL,יוגורמה עיזים,גרמים,140.00,100 גרם,false,1,5.80,4.14,true,1,
7290000574141,false,לחם חיטה מלא 750 גרם,מאפ. דגנית עין-בר,IL,לחם חיטה מלא 750 גרם,גרמים,750.00,100 גרם,false,0,10.90,1.45,true,1,
7290000574172,false,לחם קל מחיטה מלאה 750גרם,מאפ. דגנית עין-בר,IL,לחם קל מחיטה מלאה 750גרם,גרמים,750.00,100 גרם,false,0,14.50,1.93,true,1,
7290000591742,false,קמח מצה לפסח 500 גרם,מצות ראשון לציון,IL,קמח מצה,גרמים,500.00,100 גרם,false,0,5.90,1.18,true,1,
7290000598369,false,קמח מצה בשקית לפסח 500גר,מצות יהודה,IL,קמח מצה בשקית,גרמים,500.00,100 גרם,false,0,5.90,1.18,true,1,
7290000630021,false,עוף קפוא מס' 3 קג,תנובה,IL,עוף קפוא מס 3,קילוגרמים,0.00,"ק""ג",true,0,16.80,16.80,true,1,
7290000632209,false,חזה עוף קפוא עטרה מחיר ל,שונות,IL,חזה עוף קפוא,קילוגרמים,0.00,"ק""ג",true,0,34.60,34.60,true,1,
7290000632391,false,כרעיים עוף קפוא עטרה מחי,שונות,IL,כרעיים עוף קפוא עטרה מחי,קילוגרמים,0.00,"ק""ג",true,0,33.60,33.60,true,1,
7290000633800,false,כנפיים עוף קפוא עטרה מחי,עטרה,IL,כנפיים עוף קפוא עטרה מחי,קילוגרמים,0.00,"ק""ג",true,0,17.70,17.70,true,1,
7290000644783,false,מנות פילה סלמון קפוא קג,תנובה,IL,פילה סלמון מנות,קילוגרמים,0.00,"ק""ג",true,0,74.60,74.60,true,1,
7290000659312,false,פילה סלמון ממותג קפוא קג,תנובה,IL,פילה סלמון ממותג קפוא קג,קילוגרמים,0.00,"ק""ג",true,0,68.90,68.90,true,1,
7290000679440,false,משחה לתינוק קמיל בלו100ג,פישר  מעבדות  פרמצבטיות,IL,משחה לתינוק,גרמים,100.00,100 גרם,false,0,16.00,16.00,true,1,
7290000679846,false,"אולטרס34.תחליב 125 מ""ל",פישר  מעבדות  פרמצבטיות,IL,תחליב אולטרסול,מיליליטרים,125.00,"100 מ""ל",false,0,24.90,19.92,true,1,
7290000681160,false,מטלית לחות וילדה,FHP,DE,וילדה מטלית,יחידה,1.00,יחידה,false,0,14.10,14.10,true,1,
7290000688084,false,מי עדן פקק ספורטאים500מל,מי עדן,IL,מי עדן פקק ספורטאים500מל,מיליליטרים,500.00,"100 מ""ל",false,0,2.80,0.56,true,1,
7290000688374,false,"מי עדן בייבי 250*6 מ""ל",מי עדן,IL,מי עדן בייבי 6יח,ליטרים,1.50,ליטר,false,0,15.00,10.00,true,1,
7290000688381,false,"מי עדן אישי 500*6 מ""ל",מי עדן,IL,מי עדן אישי 6 בק,ליטרים,3.00,ליטר,false,0,12.90,4.30,true,1,
7290000688503,false,מי עדן ספורטאים 750*6 מל,מי עדן,IL,מי עדן ספורטאים,ליטרים,4.50,ליטר,false,0,14.90,3.31,true,1,
7290000688732,false,מי עדן 6 * 1.5 ליטר,מי עדן,IL,מי עדן 6 יח,ליטרים,9.00,ליטר,false,0,11.00,1.22,true,1,
7290000692135,false,דאו.ספיד סטיק לגבר 51 גר,קולגייט-פלמוליב,US,דאודורנט סטיק,גרמים,51.00,100 גרם,false,0,14.90,29.22,true,1,
7290000692203,false,אג'קס נוזל כללי לימון 2ל,קולגייט-פלמוליב,GR,אג'קס ניקוי כללי,ליטרים,2.00,ליטר,false,0,20.90,10.45,true,1,
7290000692210,false,אג'קס נוזל כללי לבנדר 2ל,קולגייט-פלמוליב,GR,אג'קס ניקוי כללי,ליטרים,2.00,ליטר,false,0,20.90,10.45,true,1,
7290000692227,false,פלמוליב לשטיפת כלים 1 ל',קולגייט-פלמוליב,GR,פלמוליב לכלים,ליטרים,1.00,ליטר,false,0,12.70,12.70,true,1,
7290000692289,false,קולגייט משאבה אדום 100מל,קולגייט-פלמוליב,PL,משחת שיניים,מיליליטרים,100.00,"100 מ""ל",false,0,21.40,21.40,true,1,
7290000692302,false,אג'קס נוז.נ.כללי כחול 2ל,קולגייט-פלמוליב,GR,אג'קס ניקוי כללי,ליטרים,2.00,ליטר,false,0,20.90,10.45,true,1,
7290000692456,false,אג'קס חלונות750*2מל,קולגייט-פלמוליב,GR,אג'קס לחלונות,ליטרים,1.50,ליטר,false,0,24.90,16.60,true,1,
7290000720852,false,פרש וואנס לילד ג'מבו320י,על בד,IL,מגבוני פרש ווא,יחידה,1.00,יחידה,false,0,14.80,14.80,true,1,
7290000802909,false,עדינול משחה לתינוק 100גר,אמיליה קוסמטיקס,IL,עדינול לתינוק,גרמים,100.00,100 גרם,false,0,12.90,12.90,true,1,
7290000803067,false,"משחת אלמקס ילדים 75 מ""ל",קולגייט-פלמוליב,DE,משחת שיניים,מיליליטרים,75.00,"100 מ""ל",false,0,13.80,18.40,true,1,
7290000803180,false,שטיפה דנטלית מרידול 400מ,גאבה,CH,שטיפה מרידול,מיליליטרים,400.00,"100 מ""ל",false,0,24.90,6.23,true,1,
7290000804460,false,"משחת אלמקס לרגישות 75מ""ל",גבה,DE,משחת שיניים,מיליליטרים,75.00,"100 מ""ל",false,0,16.70,22.27,true,1,
7290000804484,false,שטיפה דנטלית אלמקס 400מל,גאבה,CH,מי פה אלמקס,מיליליטרים,400.00,"100 מ""ל",false,0,19.90,4.98,true,1,
7290000805368,false,"בונזו גורים 3 ק""ג",ביופט,IL,בונזו מזון גורים,קילוגרמים,3.00,"ק""ג",false,0,56.00,18.67,true,1,
7290000805597,false,"בונזו סניור +7 3 ק""ג",ביופט,IL,בונזו סניור לכלב,קילוגרמים,3.00,"ק""ג",false,0,44.90,14.97,true,1,
7290000805795,false,"חול לחתולים 10 ק""ג",שחם גבעת עדה,IL,חול לחתולים,קילוגרמים,10.00,"ק""ג",false,0,32.20,3.22,true,1,
7290000805900,false,"לה קט טעם עוף 2.85 ק""ג",ביופט,IL,לה קט עוף לחתול,קילוגרמים,2.85,"ק""ג",false,0,55.70,19.54,true,1,
7290000805924,false,"לה קט טעם דגים 2.85 ק""ג",ביופט,IL,לה קט לחתול,קילוגרמים,2.85,"ק""ג",false,0,55.70,19.54,true,1,
7290000903200,true,לחמניית פנינו,גידרון,IL,לחמניית פנינו,יחידה,1.00,יחידה,false,0,4.50,4.50,true,1,
7290000904993,true,עוגיות פרפריות במשקל,גידרון,IL,עוגיות פרפריות,קילוגרמים,0.00,"ק""ג",true,0,28.00,28.00,true,1,
7290000910406,true,פילה עוף טרי ת עצמי,שונות,IL,פילה עוף טרי,קילוגרמים,0.00,"ק""ג",true,0,32.90,32.90,true,1,
7290000913476,true,כרעייםעוף בגריל)עצמי( קג,שונות,IL,כרעייםעוף בגרי,קילוגרמים,0.00,"ק""ג",true,0,49.90,49.90,true,1,
7290000915883,true,טחון בקר טרי (עצמי) מחיר,שונות,IL,טחון בקר טרי,קילוגרמים,0.00,"ק""ג",true,0,59.90,59.90,true,1,
7290000918075,true,טחון בקר+ כבש במשקל,שונות,IL,טחון בקר+ כבש במשקל,קילוגרמים,0.00,"ק""ג",true,0,59.40,59.40,true,1,
7290000919133,true,עוף בגריל)עצמי( יח',שונות,IL,עוף בגריל,יחידה,1.00,יחידה,false,0,34.90,34.90,true,1,
7290000922591,true,עוף שלם טרי תפזורת עצמי,שונות,IL,עוף שלם טרי,קילוגרמים,0.00,"ק""ג",true,0,18.90,18.90,true,1,
7290000928241,true,סלמון פרוס לא מעובד שופר,שונות,IL,סלמון פרוס,קילוגרמים,0.00,"ק""ג",true,0,59.90,59.90,true,1,
7290000928265,true,פילה סלמון קפוא שופרסל,נטו,IL,פילהה סלמון קפוא,קילוגרמים,0.00,"ק""ג",true,0,59.90,59.90,true,1,
7290000928388,true,צלי כתף טרי)עצמי( מחיר ל,שונות,IL,צלי כתף טרי)עצמי( מחיר ל,קילוגרמים,0.00,"ק""ג",true,0,99.90,99.90,true,1,
7290000928401,true,כתף בשר טרי)עצמי( מחיר ל,שונות,IL,בשר כתף טרי,קילוגרמים,0.00,"ק""ג",true,0,94.90,94.90,true,1,
7290000928418,true,צוואר ב.ע טרי )עצמי( מחי,שונות,IL,צוואר ב.ע טרי )עצמי( מחי,קילוגרמים,0.00,"ק""ג",true,0,84.20,84.20,true,1,
7290000928425,true,אסדו עם עצם טרי )עצמי( מ,שונות,IL,אסדו עם עצם טרי,קילוגרמים,0.00,"ק""ג",true,0,64.90,64.90,true,1,
7290000928432,true,צוואר עצם טרי(עצמי)משקל,שונות,IL,צוואר ע.עצם טרי,קילוגרמים,0.00,"ק""ג",true,0,69.90,69.90,true,1,
7290000928449,true,חזה ב.עצם טרי )עצמי( מחי,שונות,IL,חזה ב.עצם טרי )עצמי( מחי,קילוגרמים,0.00,"ק""ג",true,0,84.20,84.20,true,1,
7290000928463,true,חזה עצם בשר טרי)עצמי( מח,שונות,IL,בשר חזה ע.עצם,קילוגרמים,0.00,"ק""ג",true,0,64.90,64.90,true,1,
7290000928500,true,אוסובוקו טרי )עצמי( מחיר,שונות,IL,אוסובוקו טרי,קילוגרמים,0.00,"ק""ג",true,0,69.30,69.30,true,1,
7290000928517,true,אנטריקוט טרי)עצמי( מחיר,שונות,IL,אנטריקוט טרי)עצמי( מחיר,קילוגרמים,0.00,"ק""ג",true,0,159.90,159.90,true,1,
7290000928524,true,אנטריקוט עם עצם טרי מחיר,שונות,IL,אנטריקוט ע.עצםטר,קילוגרמים,0.00,"ק""ג",true,0,99.90,99.90,true,1,
7290000928531,true,סינטה טרי )עצמי( מחיר לפ,שונות,IL,סינטה טרי )עצמי( מחיר לפ,קילוגרמים,0.00,"ק""ג",true,0,149.90,149.90,true,1,
7290000928630,true,כבד בקר לצלייה במשקל,שונות,IL,כבד בקר לצלייה,קילוגרמים,0.00,"ק""ג",true,0,37.60,37.60,true,1,
7290000928685,true,עצמות מח טרי,,IL,עצמות מח טרי,קילוגרמים,0.00,"ק""ג",true,0,26.70,26.70,true,1,
7290000928692,true,עצמות חוליות טרי )עצמי(,שונות,IL,עצמות חוליות ט,קילוגרמים,0.00,"ק""ג",true,0,18.70,18.70,true,1,
7290000928739,true,צלעות טלה טרי )עצמי( מחי,שונות,IL,צלעות טלה טרי,קילוגרמים,0.00,"ק""ג",true,0,147.60,147.60,true,1,
7290000928746,true,כתף טלה טרי )עצמי( מחיר,שונות,IL,כתף טלה טרי,קילוגרמים,0.00,"ק""ג",true,0,128.80,128.80,true,1,
7290000928753,true,חזה כבש טרי (עצמי) משקל,שונות,IL,חזה כבש טרי,קילוגרמים,0.00,"ק""ג",true,0,59.40,59.40,true,1,
7290000929408,true,הודו שלם טרי תפזורת עצמי,שונות,IL,הודו שלם טרי,קילוגרמים,0.00,"ק""ג",true,0,29.60,29.60,true,1,
7290000929415,true,חזה הודו נ.טרי ת. עצמי,שופרסל,IL,חזה הודו טרי,קילוגרמים,0.00,"ק""ג",true,0,29.90,29.90,true,1,
7290000929422,true,שוארמה הודו נ.טרי תפזורת,שונות,IL,שוארמה הודו טרי,קילוגרמים,0.00,"ק""ג",true,0,54.90,54.90,true,1,
7290000929453,true,שוק הודו נ.טרי ת.עצמי,שונות,IL,שוק הודו טרי,קילוגרמים,0.00,"ק""ג",true,0,28.90,28.90,true,1,
7290000929484,true,כנף הודו נ.טרי ת.עצמי,שונות,IL,כנף הודו טרי,קילוגרמים,0.00,"ק""ג",true,0,17.90,17.90,true,1,
7290000929514,true,גרון הודו נ.טרי ת.עצמי,שונות,IL,גרון הודו טרי,קילוגרמים,0.00,"ק""ג",true,0,23.90,23.90,true,1,
7290000929620,true,שוק הודו מפורק טרי תעצמי,שונות,IL,שוק הודו מפורק,קילוגרמים,0.00,"ק""ג",true,0,44.90,44.90,true,1,
7290000929989,true,ירכיים עוף גריל)עצמי( קג,שונות,IL,ירכיים עוף גריל,קילוגרמים,0.00,"ק""ג",true,0,49.50,49.50,true,1,
7290000929996,true,כנף עוף גריל)עצמי( קג,שונות,IL,כנף עוףגריל קג,קילוגרמים,0.00,"ק""ג",true,0,29.60,29.60,true,1,
7290000935034,true,אמנון שלם טרי )עצמי(,שונות,IL,אמנון שלם טרי,קילוגרמים,0.00,"ק""ג",true,0,29.90,29.90,true,1,
7290000935072,true,אמנון שלם טרי)עצמי( קג,שונות,IL,אמנון שלם טרי,קילוגרמים,0.00,"ק""ג",true,0,29.90,29.90,true,1,
7290000935256,true,קרפיון שלם טרי )עצמי(,שונות,IL,קרפיון שלם,קילוגרמים,0.00,"ק""ג",true,0,27.90,27.90,true,1,
7290000935393,true,בורי בינוני שלם)עצמי(קג,שונות,IL,בורי שלם,קילוגרמים,0.00,"ק""ג",true,0,39.90,39.90,true,1,
7290000935560,true,מוסר שלם טרי )עצמי(קג,שונות,IL,מוסר שלם טרי,קילוגרמים,0.00,"ק""ג",true,0,46.50,46.50,true,1,
7290000935720,true,פורל שלם טרי)עצמי( קג,שונות,IL,פורל שלם טרי,קילוגרמים,0.00,"ק""ג",true,0,64.40,64.40,true,1,
7290000935744,true,בס שלם טרי )עצמי(קג,שונות,IL,בס שלם טרי,קילוגרמים,0.00,"ק""ג",true,0,54.40,54.40,true,1,
7290000940694,true,נבטי חמניות-יח',קטיף,IL,נבטי חמניות-יח',יחידה,1.00,יחידה,false,0,8.00,8.00,true,1,
7290000961484,true,נבטוטים יח,קטיף,IL,נבטוטים -יח',יחידה,1.00,יחידה,false,0,8.00,8.00,true,1,
7290000961491,true,נבטי ברוקולי-יח',קטיף,IL,נבטי ברוקולי-יח',יחידה,1.00,יחידה,false,0,8.00,8.00,true,1,
7290000961552,true,פלפל כתום,קטיף,IL,פלפל כתום,קילוגרמים,0.00,"ק""ג",true,0,9.90,9.90,true,1,
7290000961606,true,שורש ג'ינגר במשקל,קטיף,XX,שורש גינגר במשקל,קילוגרמים,0.00,"ק""ג",true,0,28.90,28.90,true,1,
7290000961804,true,דלעת ארוזה,קטיף,IL,דלעת ארוזה,קילוגרמים,0.00,"ק""ג",true,0,8.90,8.90,true,1,
7290000962474,true,חציל בלדי,קטיף,IL,חציל בלדי,קילוגרמים,0.00,"ק""ג",true,0,7.90,7.90,true,1,
7290000962535,true,רוזמרין יח',קטיף,IL,רוזמרין-יח',יחידה,1.00,יחידה,false,0,5.00,5.00,true,1,
7290000962559,true,קורנית יח',קטיף,IL,קורנית-יח',יחידה,1.00,יחידה,false,0,5.00,5.00,true,1,
7290000962573,true,אורגנו יח',קטיף,IL,אורגנו-יח',יחידה,1.00,יחידה,false,0,5.00,5.00,true,1,
7290000962580,true,מרווה יח',קטיף,IL,מרווה-יח',יחידה,1.00,יחידה,false,0,5.00,5.00,true,1,
7290000963136,true,תפוח עץ מוזהב 65,קטיף,XX,תפוח עץ מוזהב,קילוגרמים,0.00,"ק""ג",true,0,8.90,8.90,true,1,
7290000963174,true,תפוח עץ יונתן יבוא,קטיף,XX,תפוח עץ יונתן,קילוגרמים,0.00,"ק""ג",true,0,10.90,10.90,true,1,
7290000963297,true,תפוח עץ סטרקינג 65,קטיף,XX,"ת""ע סטרקינג",קילוגרמים,0.00,"ק""ג",true,0,9.90,9.90,true,1,
7290000963310,true,"תפו""ע קנזי",קטיף,XX,"תפו""ע קנזי",קילוגרמים,0.00,"ק""ג",true,0,12.90,12.90,true,1,
7290000963563,true,תפוח עץ סמיט65,קטיף,XX,תפוח עץ סמיט65,קילוגרמים,0.00,"ק""ג",true,0,8.90,8.90,true,1,
7290000963686,true,תפוח עץ גאלה יבוא,קטיף,XX,תפוח עץ גאלה,קילוגרמים,0.00,"ק""ג",true,0,12.90,12.90,true,1,
7290000963976,true,נקטרינה 60,קטיף,IL,נקטרינה,קילוגרמים,0.00,"ק""ג",true,0,10.90,10.90,true,1,
7290000964034,true,אפרסק 60,קטיף,IL,אפרסק,קילוגרמים,0.00,"ק""ג",true,0,10.90,10.90,true,1,
7290000964300,true,תפוז,קטיף,IL,תפוז,קילוגרמים,0.00,"ק""ג",true,0,4.90,4.90,true,1,
7290000964348,true,תפוז ברשת למיץ,קטיף,IL,תפוז ברשת למיץ,קילוגרמים,0.00,"ק""ג",true,0,3.90,3.90,true,1,
7290000964362,true,פומלה לבנה,קטיף,IL,פומלה לבנה,קילוגרמים,0.00,"ק""ג",true,0,5.90,5.90,true,1,
7290000964379,true,אשכולית לבנה,קטיף,IL,אשכולית לבנה,קילוגרמים,0.00,"ק""ג",true,0,4.90,4.90,true,1,
7290000964393,true,אשכולית אדומה,קטיף,IL,אשכולית אדומה,קילוגרמים,0.00,"ק""ג",true,0,4.90,4.90,true,1,
7290000964492,true,לימון תפזורת,קטיף,IL,לימון,קילוגרמים,0.00,"ק""ג",true,0,7.90,7.90,true,1,
7290000964775,true,בננות,קטיף,IL,בננות,קילוגרמים,0.00,"ק""ג",true,0,9.90,9.90,true,1,
7290000964959,true,אגס ספדונה 65 יבוא,קטיף,ES,אגס ספדונה 65,קילוגרמים,0.00,"ק""ג",true,0,9.90,9.90,true,1,
7290000964980,true,אבוקדו,קטיף,IL,אבוקדו,קילוגרמים,0.00,"ק""ג",true,0,18.90,18.90,true,1,
7290000965031,true,אבטיח במיכל,קטיף,IL,אבטיח,קילוגרמים,0.00,"ק""ג",true,0,2.90,2.90,true,1,
7290000965048,true,אבטיח אישי בארגז,קטיף,IL,אבטיח אישי,קילוגרמים,0.00,"ק""ג",true,0,3.90,3.90,true,1,
7290000965079,true,מלון כתום,,IL,מלון כתום,קילוגרמים,0.00,"ק""ג",true,0,4.90,4.90,true,1,
7290000965116,true,משמש,קטיף,IL,משמש,קילוגרמים,0.00,"ק""ג",true,0,15.90,15.90,true,1,
7290000965284,true,שזיף צהוב 50,קטיף,IL,שזיף צהוב,קילוגרמים,0.00,"ק""ג",true,0,13.90,13.90,true,1,
7290000965345,true,שזיף אדום  55,קטיף,IL,שזיף אדום,קילוגרמים,0.00,"ק""ג",true,0,14.90,14.90,true,1,
7290000966038,true,ענב לבן מובחר,קטיף,IL,ענב לבן,קילוגרמים,0.00,"ק""ג",true,0,14.90,14.90,true,1,
7290000966502,true,אננס ראש שישיה יח',קטיף,IL,אננס ראש גדול יח,יחידה,1.00,יחידה,false,0,29.90,29.90,true,1,
7290000966793,true,דובדבן אדום-יחידה,קטיף,IL,דובדבן אדום יח,יחידה,1.00,יחידה,false,0,10.90,10.90,true,1,
7290000967936,true,נבטי צנונית יח',קטיף,IL,נבטי צנונית-יח',יחידה,1.00,יחידה,false,0,8.00,8.00,true,1,
7290000972268,true,קוקוס ראש-יחידה,קטיף,IL,קוקוס ראש-יח',יחידה,1.00,יחידה,false,0,4.90,4.90,true,1,
7290000976433,true,קאשיו ענק קלוי תפזורת,דין שיווק,IL,קאשיו ענק קלוי תפזורת,גרמים,0.00,"ק""ג",true,0,89.00,89.00,true,1,
7290000976457,true,גרעין אבטיח קלוי תפזורת,דין שיווק,IL,גרעין אבטיח קלוי תפזורת,גרמים,0.00,"ק""ג",true,0,58.00,58.00,true,1,
7290000976471,true,'גרעיני דלעת קלופים תפז,דין שיווק,IL,'גרעיני דלעת קלופים תפז,גרמים,0.00,"ק""ג",true,0,65.00,65.00,true,1,
7290000976501,true,צימוק חום תפזורת,דין שיווק,IL,צימוק חום תפזורת,גרמים,0.00,"ק""ג",true,0,30.00,30.00,true,1,
7290000976556,true,צנובר במשקל תפזורת,דין שיווק,IL,צנובר במשקל תפזורת,גרמים,0.00,"ק""ג",true,0,199.00,199.00,true,1,
7290000976594,true,פול מצרי-אפונה תפזורת,דין שיווק,IL,פול מצרי-אפונה תפזורת,גרמים,0.00,"ק""ג",true,0,55.00,55.00,true,1,
7290000976600,true,משמש מיובש תפזורת,דין שיווק,TR,משמש מיובש תפזורת,גרמים,0.00,"ק""ג",true,0,55.00,55.00,true,1,
7290000976662,true,פקאן טבעי במשקל תפז',,IL,פקאן טבעי במשקל תפז',גרמים,0.00,"ק""ג",true,0,130.00,130.00,true,1,
7290000976747,true,בונדוק קלוי תפזורת,,IL,בונדוק קלוי תפזורת,גרמים,0.00,"ק""ג",true,0,130.00,130.00,true,1,
7290000976754,true,מנצ'ס תפזורת,,IL,מנצ'ס תפזורת,גרמים,0.00,"ק""ג",true,0,55.00,55.00,true,1,
7290000976761,true,אגוזים קלופים תפזורת,,IL,אגוזים קלופים תפזורת,גרמים,0.00,"ק""ג",true,0,70.00,70.00,true,1,
7290000976846,true,פיסטוק חלבי קלוף תפזורת,,IL,פיסטוק חלבי קלוף תפזורת,גרמים,0.00,"ק""ג",true,0,199.00,199.00,true,1,
7290000976853,true,שקד טבעי בקליפה תפזורת,,IL,שקד טבעי בקליפה תפזורת,גרמים,0.00,"ק""ג",true,0,55.00,55.00,true,1,
7290000976860,true,שקד מולבן חצאים תפזורת,,IL,שקד מולבן חצאים תפזורת,גרמים,0.00,"ק""ג",true,0,120.00,120.00,true,1,
7290000976884,true,פקאן סיני תפזורת,,IL,פקאן סיני תפזורת,גרמים,0.00,"ק""ג",true,0,118.00,118.00,true,1,
7290000977010,true,קבוקים תפזורת,,IL,קבוקים תפזורת,גרמים,0.00,"ק""ג",true,0,35.00,35.00,true,1,
7290000977027,true,פיסטוק ענק קלוי תפזורת,דין שיווק,IL,פיסטוק ענק קלוי תפזורת,גרמים,0.00,"ק""ג",true,0,97.00,97.00,true,1,
7290000977089,true,אגוז קאשיו טבעי תפזורת,,IL,אגוז קאשיו טבעי תפזורת,גרמים,0.00,"ק""ג",true,0,84.00,84.00,true,1,
7290000977102,true,תערובת מיוחדת תפזורת,,IL,תערובת מיוחדת תפזורת,גרמים,0.00,"ק""ג",true,0,89.00,89.00,true,1,
7290000977140,true,מקדמיה טבעית תפזורת,דין שיווק,IL,מקדמיה טבעית תפזורת,גרמים,0.00,"ק""ג",true,0,150.00,150.00,true,1,
7290000977355,true,בוטן אמריקאי תפזורת,,IL,בוטן אמריקאי תפזורת,גרמים,0.00,"ק""ג",true,0,35.00,35.00,true,1,
7290000977454,true,גרעין שחור קלוי במלח תפז,דין שיווק,IL,גרעין שחור קלוי במלח תפז,גרמים,0.00,"ק""ג",true,0,29.00,29.00,true,1,
7290000977478,true,בוטנים קלויים תפזורת,,IL,בוטנים קלויים תפזורת,גרמים,0.00,"ק""ג",true,0,37.00,37.00,true,1,
7290000977485,true,גרעין לבן קלוי תפזורת,,IL,גרעין לבן קלוי תפזורת,גרמים,0.00,"ק""ג",true,0,45.00,45.00,true,1,
7290000977676,true,שקדים קלויים תפזורת,,IL,שקדים קלויים תפזורת,גרמים,0.00,"ק""ג",true,0,98.00,98.00,true,1,
7290000977683,true,פקאן קלוף קלוי תפזורת,,IL,פקאן קלוף קלוי תפזורת,גרמים,0.00,"ק""ג",true,0,126.00,126.00,true,1,
7290000977744,true,מקלוני חומוס תפזורת,,IL,מקלוני חומוס תפזורת,גרמים,0.00,"ק""ג",true,0,50.00,50.00,true,1,
7290000977782,true,'תאנים יבשות גדולות תפז,דין שיווק,TR,'תאנים יבשות גדולות תפז,גרמים,0.00,"ק""ג",true,0,49.00,49.00,true,1,
7290000977799,true,שזיפים ללא גלעין תפזורת,דין שיווק,US,שזיפים ללא גלעין תפזורת,גרמים,0.00,"ק""ג",true,0,47.00,47.00,true,1,
7290000977850,true,צימוק לבן קטן תפזורת,,IL,צימוק לבן קטן תפזורת,גרמים,0.00,"ק""ג",true,0,37.00,37.00,true,1,
7290000977980,true,אננס פלחים תפזורת,דין שיווק,TH,אננס פלחים תפזורת,גרמים,0.00,"ק""ג",true,0,35.00,35.00,true,1,
7290000978017,true,שזיפים אמריקאים ענק תפז,דין שיווק,US,שזיפים אמריקאים ענק תפז,גרמים,0.00,"ק""ג",true,0,45.00,45.00,true,1,
7290000978024,true,בננה צ'יפס תפזורת,,IL,בננה צ'יפס תפזורת,גרמים,0.00,"ק""ג",true,0,35.00,35.00,true,1,
7290000978383,true,תמר מהגול ענק תפזורת,,IL,תמר מהגול ענק תפזורת,גרמים,0.00,"ק""ג",true,0,50.00,50.00,true,1,
7290000978574,true,פרלינים בתפזורת,דין שיווק,IT,פרלינים בתפזורת,גרמים,0.00,"ק""ג",true,0,90.00,90.00,true,1,
7290000978888,true,תבלין במבצע משקל,,IL,תבלין במבצע משקל,קילוגרמים,0.00,"ק""ג",true,0,59.50,59.50,true,1,
7290000978895,true,פירות טרופיים/חמוציות,,IL,פירות טרופיים/חמוציות,גרמים,0.00,"ק""ג",true,0,70.00,70.00,true,1,
7290000982939,true,לוף פרסה-יחידה,קטיף,IL,לוף פרסה-יחידה,יחידה,1.00,יחידה,false,0,7.00,7.00,true,1,
7290000987071,true,שום בתפזורת,קטיף,XX,שום בתפזורת,קילוגרמים,0.00,"ק""ג",true,0,30.00,30.00,true,1,
7290000989686,true,אגוז טחון תפזורת,דין שיווק,IL,אגוז טחון תפזורת,גרמים,0.00,"ק""ג",true,0,90.00,90.00,true,1,
7290000989778,true,חמוציות מיובשות בתפזורת,דין שיווק,IL,חמוציות מיובשות בתפזורת,גרמים,0.00,"ק""ג",true,0,45.00,45.00,true,1,
7290000992228,true,מצוננים חיסול מלאי,פרסקו,IL,מצוננים חיסול מלאי,יחידה,1.00,יחידה,false,0,5.90,5.90,true,1,
7290000993195,true,ענב לבן - יחידה,קטיף,XX,ענב לבן -יחידה,יחידה,1.00,יחידה,false,0,9.90,9.90,true,1,
7290000995441,true,קייל - יחידה,קטיף,IL,קייל - יחידה,יחידה,1.00,יחידה,false,0,12.00,12.00,true,1,
7290001045220,false,מיץ תפוזים סחוט 2 ליטר,גניר,IL,מיץ תפוזים סחוט,ליטרים,2.00,ליטר,false,0,23.90,11.95,true,1,
7290001045237,false,משקה לימון עם נענע 2ליטר,גניר,IL,משקה לימון נענע,ליטרים,2.00,ליטר,false,0,23.90,11.95,true,1,
7290001121054,false,צמד חמד 700 גרם,מעדני יחיעם,IL,צמד חמד,גרמים,700.00,100 גרם,false,0,25.70,3.67,true,1,
7290001121238,false,קורנביף 180 גרם,מעדני יחיעם,IL,קורנביף,גרמים,180.00,100 גרם,false,0,22.90,12.72,true,1,
7290001121788,false,נקניקיות עוף טבעיות400גר,מעדני יחיעם,IL,נקניקיות עוף,גרמים,400.00,100 גרם,false,0,14.90,3.73,true,1,
7290001121979,false,סלמי הרץ 150 גרם,מעדני יחיעם,IL,סלמי הרץ,גרמים,150.00,100 גרם,false,0,21.90,14.60,true,1,
7290001123775,false,שווארמה פרגיות מוכן 500,טיבון ויל - נטו,IL,שווארמה פרגית,גרמים,500.00,100 גרם,false,0,23.90,4.78,true,1,
7290001123782,false,שווארמה הודו מוכן 500 גר,טיבון ויל - נטו,IL,שווארמה הודו,גרמים,500.00,100 גרם,false,0,23.70,4.74,true,1,
7290001124611,false,שומן כבש 200 גרם,טיבון ויל - נטו,IL,שומן כבש 200גרם,גרמים,200.00,100 גרם,false,0,19.70,9.85,true,1,
7290001126165,false,סטייק עין 800 גרם,טיבון ויל - נטו,IL,סטייק עין 800ג,גרמים,800.00,100 גרם,false,0,80.70,10.09,true,1,
7290001128183,false,קציצות דג 700 גרם,דלידג - נטו,IL,קציצות דג 700גרם,גרמים,700.00,100 גרם,false,0,24.70,3.53,true,1,
7290001136287,false,"שמפו נקה 7 רגיל 750 מ""ל",אמיליה קוסמטיקס,IL,שמפו נקה 7,מיליליטרים,750.00,"100 מ""ל",false,0,9.90,1.32,true,1,
7290001136294,false,שמפו נקה 7 יבש/צבוע750מל,אמיליה קוסמטיקס,IL,שמפו נקה 7,מיליליטרים,750.00,"100 מ""ל",false,0,9.90,1.32,true,1,
7290001136300,false,ש+.מרכך נקה7 סירוק קל750,אמיליה קוסמטיקס,IL,שמפו נקה 7,מיליליטרים,750.00,"100 מ""ל",false,0,9.90,1.32,true,1,
7290001136683,false,"מרכך נקה 7 ס""ש 750 מ""ל",אמיליה קוסמטיקס,IL,קונדישינר נקה 7,מיליליטרים,750.00,"100 מ""ל",false,0,9.90,1.32,true,1,
7290001158500,false,כנפי עוף טרי תפזורת עצמי,שונות,IL,כנפיים עוף טרי,קילוגרמים,0.00,"ק""ג",true,0,11.90,11.90,true,1,
7290001158517,false,כרעי עוף טרי תפזורת עצמי,שופרסל,IL,כרעיים עוף טרי,קילוגרמים,0.00,"ק""ג",true,0,27.90,27.90,true,1,
7290001158524,false,שניצל עוף טרי ת עצמי,שונות,IL,שניצל עוף טרי,קילוגרמים,0.00,"ק""ג",true,0,34.90,34.90,true,1,
7290001158531,false,שוקי עוף טרי תפזורת עצמי,שונות,IL,שוקיים עוף טרי,קילוגרמים,0.00,"ק""ג",true,0,32.90,32.90,true,1,
7290001158548,false,ירכי עוף טרי תפזורת עצמי,שונות,IL,ירכיים עוף טרי,קילוגרמים,0.00,"ק""ג",true,0,27.90,27.90,true,1,
7290001158593,false,בקר טחון מבשר קפוא)עצמי(,שונות,IL,בקר טחון מקפוא,קילוגרמים,0.00,"ק""ג",true,0,42.90,42.90,true,1,
7290001158661,false,פרגיות עוף טרי ת עצמי,שונות,IL,פרגיות עוף טרי,קילוגרמים,0.00,"ק""ג",true,0,54.90,54.90,true,1,
7290001158722,false,חזה עוף טרי תפזורת עצמי,שונות,IL,חזה עוף טרי,קילוגרמים,0.00,"ק""ג",true,0,31.90,31.90,true,1,
7290001164471,false,גרעינים ופשתן,,IL,גרעינים ופשתן,גרמים,200.00,100 גרם,false,0,11.60,5.80,true,1,
7290001209516,false,סטייק עין 800 גרם,עטרה,IL,סטייק עין 800 גרם,גרמים,800.00,100 גרם,false,0,60.00,7.50,true,1,
7290001212189,false,"ג'ל לקיבוע תלתלים 500מ""ל",קרליין,IL,ג'ל לעיצוב שיער,מיליליטרים,500.00,"100 מ""ל",false,0,18.10,3.62,true,1,
7290001215098,false,סלמון מעושן בואקום 100גר,מעדני מיקי,IL,סלמון מעושן בואקום 100גר,גרמים,100.00,100 גרם,false,0,14.90,14.90,true,1,
7290001215456,false,פילה מקרל מקרוסקה במשקל,מעדני מיקי,IL,פילה מקרל,קילוגרמים,0.00,"ק""ג",true,0,96.00,96.00,true,1,
7290001216040,false,טחינה גולמית 500 גרם,אגס ירוק מסחר ושירותים,IL,טחינה גולמית,גרמים,500.00,100 גרם,false,0,15.90,3.18,true,1,
7290001216057,false,"טחינה גולמית 1ק""ג",אגס ירוק מסחר ושירותים,IL,"טחינה גולמית 1ק""ג",קילוגרמים,1.00,"ק""ג",false,0,31.60,31.60,true,1,
7290001216231,false,טחינה מלאה 500 גרם,אגס ירוק מסחר ושירותים,IL,טחינה מלאה,גרמים,500.00,100 גרם,false,0,16.90,3.38,true,1,
7290001230331,false,כאמל בוקס חפיסה,jti,CH,כאמל בוקס יח',יחידה,1.00,יחידה,false,0,31.50,31.50,false,1,
7290001230739,false,כאמל כחול חפיסה חפיסה,jti,CH,כאמל כחול יח',יחידה,1.00,יחידה,false,0,31.50,31.50,false,1,
7290001231233,false,ווינסטון בוקס חפ,jti,CH,ווינסטון בוקס,יחידה,1.00,יחידה,false,0,31.50,31.50,false,1,
7290001231932,false,ווינסטון כחול בוקס חפ.,jti,CH,ווינסטון כחול,יחידה,1.00,יחידה,false,0,31.50,31.50,false,1,
7290001234133,false,כאמל כתום חפיסה,jti,CH,כאמל כתום,יחידה,1.00,יחידה,false,0,31.50,31.50,false,1,
7290001247006,false,גזוז בטעם קולה קריסטל 2ל,יפאורה שותפות מובגלת לשיווק,IL,קריסטל קולה,ליטרים,2.00,ליטר,false,0,3.60,1.80,true,1,
7290001247020,false,קריסטל אורנג' 2 ליטר,יפאורה שותפות מובגלת לשיווק,IL,קריסטל אורנג',ליטרים,2.00,ליטר,false,0,3.60,1.80,true,1,
7290001247037,false,גזוז בטעם מנטה קריסטל 2ל,יפאורה שותפות מובגלת לשיווק,IL,גזוז בטעם מנטה,ליטרים,2.00,ליטר,false,0,3.60,1.80,true,1,
7290001247044,false,קריסטל תות מוגז 2 ליטר,יפאורה שותפות מובגלת לשיווק,IL,קריסטל מוגז תות,ליטרים,2.00,ליטר,false,0,3.60,1.80,true,1,
7290001247051,false,קריסטל למון ליים 2 ליטר,יפאורה שותפות מובגלת לשיווק,IL,גזוז לימון ליים,ליטרים,2.00,ליטר,false,0,3.60,1.80,true,1,
7290001247068,false,נקטר ספרינג תות-בננה 1ל',יפאורה שותפות מובגלת לשיווק,IL,נקטר תות בננה,ליטרים,1.00,ליטר,false,0,4.90,4.90,true,1,
7290001247082,false,נקטר עגבניות ספרינג 1 ל',יפאורה שותפות מובגלת לשיווק,IL,נקטר עגבניות,ליטרים,1.00,ליטר,false,0,4.90,4.90,true,1,
7290001247099,false,נקטר ספרינג מנגו 1 ליטר,יפאורה שותפות מובגלת לשיווק,IL,נקטר ספרינג מנגו,ליטרים,1.00,ליטר,false,0,4.90,4.90,true,1,
7290001247105,false,נקטר ספרינג אפרסק 1 ליטר,יפאורה שותפות מובגלת לשיווק,IL,נקטר אפרסק,ליטרים,1.00,ליטר,false,0,4.90,4.90,true,1,
7290001247112,false,נקטר ספרינג לימונענע 1ל',יפאורה שותפות מובגלת לשיווק,IL,משקה לימונענע,ליטרים,1.00,ליטר,false,0,4.90,4.90,true,1,
7290001247129,false,נקטר ספרינג תפוזים 1ליטר,יפאורה שותפות מובגלת לשיווק,IL,נקטר ספרינג תפוז,ליטרים,1.00,ליטר,false,0,4.90,4.90,true,1,
7290001247143,false,נקטר ספרינג תפוחים 1ליטר,יפאורה שותפות מובגלת לשיווק,IL,נקטר ספרינג תפוח,ליטרים,1.00,ליטר,false,0,4.90,4.90,true,1,
7290001247952,false,"תפוזינה משק""ל ענבים1.5ל",יפאורה שותפות מובגלת לשיווק,IL,תפוזינה ענבים,ליטרים,1.50,ליטר,false,0,5.90,3.93,true,1,
7290001265123,false,דייסת גם וגם 8דגנים300גר,נסטלה,IL,דייסת מטרנה,גרמים,300.00,100 גרם,false,0,17.90,5.97,true,1,
7290001274422,false,מאגדת מצופה בטעם בננה 8,גלידות פלדמן,IL,מאגדת בליסימו,יחידה,1.00,יחידה,false,0,19.80,19.80,true,1,
7290001274576,false,גלידל וניל תות 900 כשלפ,גלידות פלדמן,IL,גלידל וניל תות,מיליליטרים,900.00,"100 מ""ל",false,0,23.70,2.63,true,1,
7290001274583,false,גלידל שוקו פקאן 900 כשלפ,גלידות פלדמן,IL,גלידל פקאן,מיליליטרים,900.00,"100 מ""ל",false,0,23.70,2.63,true,1,
7290001274934,false,גלידל פרי לימון דייט כשל,גלידות פלדמן,IL,גלידל פרי לימון,גרמים,640.00,100 גרם,false,0,26.80,4.19,true,1,
7290001274941,false,גלידל פרי דיאטטי פטל כשל,גלידות פלדמן,IL,גלידל פרי פטל,גרמים,640.00,100 גרם,false,0,26.80,4.19,true,1,
7290001305058,false,סב.נוז.פלמול.חלב דבש500מ,קולגייט-פלמוליב,IT,סב.נוזלי פלמוליב,מיליליטרים,500.00,"100 מ""ל",false,0,14.90,2.98,true,1,
7290001305188,false,פלמוליב לכלים צהוב 750מל,קולגייט-פלמוליב,GR,פלמוליב לכלים,מיליליטרים,750.00,"100 מ""ל",false,0,9.70,1.29,true,1,
7290001312995,false,בגט 280 גרם,גידרון,IL,באגט,יחידה,1.00,יחידה,false,0,4.00,4.00,true,1,
7290001327029,false,מאגדת מיקס 7 יחידות,שטראוס,IL,מאגדת מיקס,גרמים,440.00,100 גרם,false,0,32.90,7.48,true,1,
7290001327180,false,קרמיסימו וניל צ'יפ 1.33ל,שטראוס,IL,קרמיסימו וניל צ'יפ 1.33ל,ליטרים,1.33,ליטר,false,0,18.90,14.21,true,1,
7290001327197,false,קרמיסימו שוקו וניל 1.33ל,שטראוס,IL,קרמיסימו שוקו וניל 1.33ל,ליטרים,1.33,ליטר,false,0,18.90,14.21,true,1,
7290001327227,false,קרמיסימו ריבת חלב 1.33ל',שטראוס,IL,קרמיסימו ריבת חלב 1.33ל',ליטרים,1.33,ליטר,false,0,18.90,14.21,true,1,
7290001327357,false,גל.קרמיסימו וניל 1.33ל',שטראוס,IL,גל.קרמיסימו וניל 1.33ל',ליטרים,1.33,ליטר,false,0,18.90,14.21,true,1,
7290001327791,false,גל.קרמיסימו עוגיות 1.33ל,שטראוס,IL,גל.קרמיסימו עוגיות 1.33ל,ליטרים,1.33,ליטר,false,0,18.90,14.21,true,1,
7290001327838,false,מאגדת מיני מגנום פולטיפק,שטראוס,IL,מאגדת מיני מגנום פולטיפק,גרמים,250.00,100 גרם,false,0,27.90,11.16,true,1,
7290001338100,false,"תחליב הגנה SPF50 250 מ""ל",דנאגיס,,תחליב הגנה SPF50,מיליליטרים,250.00,"100 מ""ל",false,0,49.90,19.96,true,1,
7290001338155,false,תחליב הגנה לפניםSPF50 60,דנאגיס,,תחליב הגנה לפנים,מיליליטרים,60.00,"100 מ""ל",false,0,39.90,66.50,true,1,
7290001343845,false,"גרנולה ת.בריאות1- ק""ג",דין שיווק,IL,"גרנולה ת.בריאות1- ק""ג",קילוגרמים,1.00,"ק""ג",false,0,27.00,27.00,true,1,
7290001407134,false,פרוסות חלבה וניל קקאו400,רושדי תעשיות מזון,IL,פרוסות חלבה וניל,גרמים,400.00,100 גרם,false,0,14.80,3.70,true,1,
7290001407547,false,טחינה שומשום פי6מלא 500ג,רושדי תעשיות מזון,IL,טחינה שומשום מלא,גרמים,500.00,100 גרם,false,1,10.00,2.00,true,1,
7290001407752,false,טחינה עם פטרוזיליה 500גר,רושדי תעשיות מזון,,טחינה גולמית,גרמים,500.00,100 גרם,false,0,15.80,3.16,true,1,
7290001407769,false,טחינה שומש.מלא בארכה500ג,רושדי תעשיות מזון,IL,טחינה שומשום,גרמים,500.00,100 גרם,false,0,15.80,3.16,true,1,
7290001407813,false,חלבה פיסטוק בארכה 350גרם,רושדי תעשיות מזון,IL,חלבה פיסטוק,גרמים,350.00,100 גרם,false,0,14.80,4.23,true,1,
7290001407820,false,חלבה שאמית בארכה 350 גרם,רושדי תעשיות מזון,IL,חלבה שאמית בארכה,גרמים,350.00,100 גרם,false,0,14.80,4.23,true,1,
7290001407844,false,חלבה וניל בארכה 350 גרם,רושדי תעשיות מזון,IL,חלבה וניל,גרמים,350.00,100 גרם,false,0,15.80,4.51,true,1,
7290001462010,false,אריסה מרוקאית 250 גרם,נטו,IL,אריסה מרוקאית,גרמים,250.00,100 גרם,false,0,14.10,5.64,true,1,
7290001476208,false,ברי פקאן במשקל,,IL,ברי פקאן במשקל,קילוגרמים,0.00,"ק""ג",true,0,128.00,128.00,true,1,
7290001482384,false,לפתן אננס חתוך,,TH,לפתן אננס חתוך,גרמים,227.00,100 גרם,false,0,4.50,1.98,true,1,
7290001485019,false,גב.שמנת בטעם טבעי5% 200ג,טרה,IL,גבינת שמנת 5%,גרמים,200.00,100 גרם,false,0,7.90,3.95,true,1,
7290001485026,false,גב.שמנת עם זיתים 5% 200ג,טרה,IL,גבינת שמנת+זיתים,גרמים,200.00,100 גרם,false,0,7.90,3.95,true,1,
7290001507018,false,גלילית אורגני+ק.חרוב100ג,השדה מוצרים אורגניים,IL,גלילית אורגני,גרמים,100.00,100 גרם,false,0,12.50,12.50,true,1,
7290001507032,false,וופל חרובים,,IL,וופל חרובים,גרמים,20.00,100 גרם,false,0,4.10,20.50,true,1,
7290001507049,false,וופלים חרובים אורגני500ג,השדה מוצרים אורגניים,IL,וופלים אורגנים,גרמים,500.00,100 גרם,false,0,24.00,4.80,true,1,
7290001507063,false,פתי בר קמח מלא אורגני200,השדה מוצרים אורגניים,IL,פתי בר אורגני,גרמים,200.00,100 גרם,false,0,7.60,3.80,true,1,
7290001507698,false,אטריות ורמיצ'לי אורגני מ,השדה מוצרים אורגניים,IT,אטריות ורמיצ'לי,גרמים,500.00,100 גרם,false,0,16.10,3.22,true,1,
7290001515587,false,ספוג קרצוף ארוך ירוק 3יח,3M קנדה,CA,ספוג קרצוף ארוך,יחידה,1.00,יחידה,false,0,9.90,9.90,true,1,
7290001552049,false,קוסקוס מרוקאי 800גרם,מטעמי פאר,IL,קוסקוס מרוקאי,גרמים,800.00,100 גרם,false,0,15.90,1.99,true,1,
7290001589342,false,ספירה תחליב נגד עקיצות70,זובלה,IT,ספירה תחליב מגן,מיליליטרים,70.00,"100 מ""ל",false,0,14.80,21.14,true,1,
7290001594568,false,"בירה קרלסברג בפחית500מ""ל",קרלסברג ישראל,IL,בירה קרלסברג פח,מיליליטרים,500.00,"100 מ""ל",false,0,8.80,1.76,true,1,
7290001594575,false,"בירה טובורג פחית 500 מ""ל",קרלסברג ישראל,IL,בירה טובורג פחית,מיליליטרים,500.00,"100 מ""ל",false,0,8.80,1.76,true,1,
7290001594858,false,בירה טובורג רד בק330*6מל,קרלסברג ישראל,IL,טובורג רד 6 יח,ליטרים,1.98,ליטר,false,0,42.60,21.52,true,1,
7290001594865,false,"בירה קרלסברג בק330*6 מ""ל",קרלסברג ישראל,IL,בירה קרלסברג 6יח,ליטרים,1.98,ליטר,false,0,39.90,20.15,true,1,
7290001648643,false,קפה טורקי כתר 3 יח100X'ג,רוני רג'ואן ושות,IL,מארז טורקי כתר,גרמים,300.00,100 גרם,false,0,13.80,4.60,true,1,
7290001648995,false,קפה רג'ואן מארז 3 100*ג,רוני רג'ואן ושות,IL,קפה רג'ואן 3 יח,גרמים,300.00,100 גרם,false,0,14.90,4.97,true,1,
7290001670194,false,עוגיות מרוקאיות 400 גרם,הנמל,IL,עוגיות מרוקאיות,גרמים,400.00,100 גרם,false,0,15.00,3.75,true,1,
7290001696002,false,"עוגיות כתר תות ק""ג",מאפ גדרון,IL,עוגיות כתר תות,קילוגרמים,0.00,"ק""ג",true,6,35.00,35.00,true,1,
7290001710135,false,"סטייק עוף קפוא ארוז ק""ג",מעדני הטלה,IL,"סטייק עוף קפוא ארוז ק""ג",קילוגרמים,0.00,"ק""ג",true,0,32.00,32.00,true,1,
7290001710159,false,גולש עגל קפוא קג,לאטי עזרא,IL,גולש עגל קפוא קג,קילוגרמים,0.00,"ק""ג",true,0,55.40,55.40,true,1,
7290001710333,false,טבעות עגל לקג,לאטי עזרא,IL,טבעות עגל לקג,קילוגרמים,0.00,"ק""ג",true,0,67.30,67.30,true,1,
7290001710784,false,נקניקיות מיני צ'וריסו500,מעדני הטלה,IL,נקניקיות מיני צ',גרמים,500.00,100 גרם,false,0,29.60,5.92,true,1,
7290001713518,false,ס.מוריץ תרסיס רהיטים750מ,קומפלקס כימיקלים,,תרסיס לרהיטים,מיליליטרים,750.00,"100 מ""ל",false,0,12.90,1.72,true,1,
7290001713853,false,אקונומיקה מבושמת 4 ליטר,קומפלקס כימיקלים,IL,אקונומיקה מבושמת,ליטרים,4.00,ליטר,false,0,9.90,2.48,true,1,
7290001723357,false,2מוצ.סיליקון אורט.בינוני,NX,DE,מוצץ סיליקון,יחידה,1.00,יחידה,false,0,28.00,28.00,true,1,
7290001727539,false,דלי 12 ליטר,המברשת רוחמה,IL,דלי 12 ליטר,יחידה,1.00,יחידה,false,0,13.30,13.30,true,1,
7290001791189,false,קרם גוף קרמה חלב ודבש500,קוסמופארם,IL,קרם גוף קרמה,מיליליטרים,500.00,"100 מ""ל",false,0,21.70,4.34,true,1,
7290001791349,false,פיסגה אקונומיקה ריחנית4ל,סנו,IL,אקונומיקה פיסגה,ליטרים,4.00,ליטר,false,0,8.90,2.23,true,1,
7290001791363,false,סנופרש אוטומטי וניל 250מ,סנו,IL,סנופרש אוטומטי,מיליליטרים,250.00,"100 מ""ל",false,0,15.90,6.36,true,1,
7290001791776,false,סנו די רול און אלוורה50מ,סנו,IL,סנו די רול און,מיליליטרים,50.00,"100 מ""ל",false,0,18.60,37.20,true,1,
7290001813881,false,פתי בר בטעם חמאה 500 גרם,עלית,IL,פתי בר עלית,גרמים,500.00,100 גרם,false,0,9.90,1.98,true,1,
7290001814222,false,שוקולד חלב עם עדשים 100ג,עלית,IL,שוקולד עדשים,גרמים,100.00,100 גרם,false,0,5.50,5.50,true,1,
7290001817377,false,ציטוס איקס עיגול פיצה60ג,עלית,IL,צ'יטוס איקס,גרמים,60.00,100 גרם,false,0,3.50,5.83,true,1,
7290001817582,false,צ'יטוס כאפה 15*10 גרם,עלית,IL,מארז צ'יטוס כאפה,גרמים,150.00,100 גרם,false,0,9.90,6.60,true,1,
7290001817728,false,צ'יטוס כאפה 55 גרם,עלית,IL,צ'יטוס כפאה,גרמים,55.00,100 גרם,false,0,3.50,6.36,true,1,
7290001865439,false,סבון פמלי לבן +משאבה 1ל',אינטרקוסמא,IL,סבון פמלי לבן +משאבה 1ל',ליטרים,1.00,ליטר,false,0,11.90,11.90,true,1,
7290001865453,false,סבון פמלי סגול+משאבה 1ל',אינטרקוסמא,IL,סבון נוזלי פמלי,ליטרים,1.00,ליטר,false,0,11.90,11.90,true,1,
7290001902042,false,לחם עם קימל קפוא 485 גרם,גידרון,IL,לחם עם קימל,גרמים,485.00,100 גרם,false,0,9.90,2.04,true,1,
7290001902059,false,לחם עם בצל קפוא 485 גרם,גידרון,IL,לחם עם בצל,גרמים,485.00,100 גרם,false,0,9.90,2.04,true,1,
7290001902080,false,לחם שיפון 525 גרם,גידרון,IL,לחם שיפון,גרמים,525.00,100 גרם,false,0,9.90,1.89,true,1,
7290001902103,false,לחם קמח מלא 510 גרם,גידרון,IL,לחם קמח מלא,גרמים,510.00,100 גרם,false,0,9.90,1.94,true,1,
7290001902110,false,לחם רוסי 485 גרם,גידרון,IL,לחם רוסי,גרמים,485.00,100 גרם,false,0,9.90,2.04,true,1,
7290001902134,false,לחם איטלקי 290 גרם,גידרון,IL,לחם איטלקי,יחידה,1.00,יחידה,false,0,6.20,6.20,true,1,
7290001902301,false,חלה מתוקה קלועה 450 גרם,גידרון,IL,חלה מתוקה קלוע,יחידה,1.00,יחידה,false,0,10.90,10.90,true,1,
7290001902325,false,"חלת ""גדרון""",גידרון,IL,"חלת ""גדרון""",יחידה,1.00,יחידה,false,0,10.90,10.90,true,1,
7290001902653,false,לחמניה כפרי עגול+דגנקפוא,גידרון,IL,לחמניה כפרית,יחידה,1.00,יחידה,false,0,2.00,2.00,true,1,
7290001902677,false,לחמניה מקמח מלא,גידרון,IL,לחמניה מקמח מלא,יחידה,1.00,יחידה,false,0,2.90,2.90,true,1,
7290001902776,false,לחמנית עם דגנים קפוא,גידרון,IL,לחמנית עם דגנים,יחידה,1.00,יחידה,false,0,4.50,4.50,true,1,
7290001902783,false,לחמנית המבורגר,גידרון,IL,לחמנית המבורגר,יחידה,1.00,יחידה,false,0,2.90,2.90,true,1,
7290001902912,false,לחם מרוקאי רגיל 500 גרם,גידרון,IL,לחם מרוקאי,יחידה,1.00,יחידה,false,0,13.40,13.40,true,1,
7290001946121,false,פפריקה בשמן 400 גרם,,,פפריקה בשמן 400 גרם,גרמים,400.00,100 גרם,false,0,19.70,4.93,true,1,
7290001985311,false,מאגדת מיני מגנום לבן+שקד,שטראוס,IL,מאגדת מיני מגנום לבן+שקד,גרמים,250.00,100 גרם,false,0,27.90,11.16,true,1,
7290001990094,false,"סוכר חום בצנצנת 1 ק""ג",סוגת,IL,"סוכר חום בצנצנת 1 ק""ג",קילוגרמים,1.00,"ק""ג",false,0,11.70,11.70,true,1,
7290001990148,false,"סוכר גולדן קלאסי 1 ק""ג",סוגת,IL,סוכר גולדן,קילוגרמים,1.00,"ק""ג",false,0,10.40,10.40,true,1,
7290001990261,false,"חומוס 1 ק""ג",סוגת,IL,חומוס,קילוגרמים,1.00,"ק""ג",false,0,12.60,12.60,true,1,
7290001990278,false,"שעועית לבנה 1 ק""ג",סוגת,IL,שעועית לבנה,קילוגרמים,1.00,"ק""ג",false,0,15.90,15.90,true,1,
7290001990391,false,"אפונה 1 ק""ג",סוגת,IL,אפונה,קילוגרמים,1.00,"ק""ג",false,0,9.40,9.40,true,1,
7290001990407,false,"עדשים ירוקות 1 ק""ג",סוגת,IL,עדשים ירוקות,קילוגרמים,1.00,"ק""ג",false,0,11.40,11.40,true,1,
7290001990414,false,"עדשים אדומות 1 ק""ג",סוגת,IL,עדשים אדומות,קילוגרמים,1.00,"ק""ג",false,0,11.40,11.40,true,1,
7290001990421,false,"פופקורן 1 ק""ג",סוגת,IL,"פופקורן 1 ק""ג",קילוגרמים,1.00,"ק""ג",false,0,9.80,9.80,true,1,
7290002000136,false,שעוות הדבש משי מיקרו500ג,ש.שוורץ,IL,שעוות מגע משי,גרמים,500.00,100 גרם,false,0,15.90,3.18,true,1,
7290002000143,false,"פנג'ל קרם ידיים 100 מ""ל",אינטרקוסמא,IL,קרם ידיים פנג'ל,מיליליטרים,80.00,"100 מ""ל",false,0,8.00,10.00,true,1,
7290002000266,false,שעוות תפוח משי למיקרו500,ש.שוורץ,IL,שעוות מגע משי,גרמים,500.00,100 גרם,false,0,15.90,3.18,true,1,
7290002002635,false,שעוות הדבש משי לפנים80גר,ש.שוורץ,IL,שעווה לפנים,גרמים,80.00,100 גרם,false,0,17.80,22.25,true,1,
7290002002857,false,נייר שעווה 50 יחידות,אלסום ביגנדו,IL,נייר שעווה,יחידה,1.00,יחידה,false,0,19.90,19.90,true,1,
7290002003168,false,"קרם ידיים  פנג'ל 80*3מ""ל",אינטרקוסמא,CH,קרם יד.פנג'ל 3יח,מיליליטרים,240.00,"100 מ""ל",false,0,15.90,6.63,true,1,
7290002007371,false,פירורי לחם 500 גרם,הנמל,IL,פירורי לחם,גרמים,500.00,100 גרם,false,0,4.90,0.98,true,1,
7290002007395,false,דובדבנים מסוכרים 100 גרם,הנמל,IL,דובדבנים מסוכרים,גרמים,100.00,100 גרם,false,0,5.90,5.90,true,1,
7290002008040,false,"מקלות לשיפודים30ס""מ100יח",הנמל,IL,מקלות לשיפודים,יחידה,1.00,יחידה,false,0,3.00,3.00,true,1,
7290002008187,false,קשים מתקפלים 40 יח',הנמל,IL,קשים מתקפלים,יחידה,1.00,יחידה,false,0,0.90,0.90,true,1,
7290002008309,false,100עטרות חום בקופסא מס4',הנמל,IL,עטרות בקופסה,יחידה,1.00,יחידה,false,0,5.90,5.90,true,1,
7290002008347,false,קורנפלור 500 גרם,הנמל,IL,קורנפלור,גרמים,500.00,100 גרם,false,0,3.80,0.76,true,1,
7290002008354,false,מפת שולחן פלסטיק 8 יחידו,הנמל,IL,מפת שולחן פלסטיק,יחידה,1.00,יחידה,false,0,9.50,9.50,true,1,
7290002008934,false,סוכריות לקישוט 200 גרם,הנמל,IL,סוכריות לקישוט,גרמים,200.00,100 גרם,false,0,7.80,3.90,true,1,
7290002008989,false,קישקשים בקופסא 225 יח',הנמל,IL,קישקשים בקופסא,יחידה,1.00,יחידה,false,0,5.90,5.90,true,1,
7290002019114,false,תרכיז עגבנ.פ.ניר28% 580ג,פרי ניר,IL,תרכיז עגבניות,גרמים,580.00,100 גרם,false,0,6.10,1.05,true,1,
7290002019763,false,עגבנ.מרוסקות פרי ניר800ג,פרי ניר,IL,עגבניות מרוסקות,גרמים,800.00,100 גרם,false,0,6.70,0.84,true,1,
7290002019787,false,רסק עגבניות 22% 260 גרם,פרי ניר,IL,רסק עגבניות,גרמים,260.00,100 גרם,false,0,3.40,1.31,true,1,
7290002019794,false,רסק עגבניות 22% 100 גרם,פרי ניר,IL,רסק עגבניות,גרמים,100.00,100 גרם,false,0,1.90,1.90,true,1,
7290002020837,false,לחמניות מיני חלה,גידרון,IL,לחמניות מיני חל,יחידה,1.00,יחידה,false,0,3.90,3.90,true,1,
7290002026297,false,גלידה חרוסת כשליפ 500 מל,בן & ג'ריס,IL,גלידה חרוסת,מיליליטרים,500.00,"100 מ""ל",false,1,25.50,5.10,true,1,
7290002026341,false,ציפס בטטה 500 גרם,מוצרי איכות אמריקאיים,IL,ציפס בטטה,גרמים,500.00,100 גרם,false,12,19.70,3.94,true,1,
7290002026358,false,ציפס בטטה זיג זג 500 גרם,מוצרי איכות אמריקאיים,IL,ציפס בטטה זיג זג,גרמים,500.00,100 גרם,false,1,19.70,3.94,true,1,
7290002026402,false,בלינצ'ס גבינה קפוא 350גר,מוצרי איכות אמריקאיים,IL,בלינצ'ס גבינה קפוא 350גר,גרמים,350.00,100 גרם,false,0,15.30,4.37,true,1,
7290002026433,false,ופל בלגי קפוא ופל בלגי ק,מוצרי איכות אמריקאיים,IL,ופל בלגי קפוא,גרמים,220.00,100 גרם,false,0,15.30,6.95,true,1,
7290002026440,false,פרצלס קפוא פרצלס קפוא,מוצרי איכות אמריקאיים,IL,פרצלס קפוא 280גר,גרמים,280.00,100 גרם,false,0,15.30,5.46,true,1,
7290002037309,false,8לחמניות המבורגר ארוז400,מאפית ברמן,IL,8לחמניות המבורגר ארוז400,גרמים,400.00,100 גרם,false,0,10.80,2.70,true,1,
7290002040019,false,קוסקוס רגיל 350 גרם,קוסקוס מזון,IL,קוסקוס רגיל,גרמים,350.00,100 גרם,false,0,4.90,1.40,true,1,
7290002040064,false,קוסקוס דק 350 גרם,קוסקוס מזון,IL,קוסקוס דק,גרמים,350.00,100 גרם,false,0,4.90,1.40,true,1,
7290002040071,false,קוסקוס עבה 350 גרם,קוסקוס מזון,IL,קוסקוס עבה,גרמים,350.00,100 גרם,false,0,4.90,1.40,true,1,
7290002040088,false,קוסקוס מלא 350 גרם,קוסקוס מזון,IL,קוסקוס מלא,גרמים,350.00,100 גרם,false,0,6.30,1.80,true,1,
7290002053101,false,אטריות ביצים מס12. 200גר,אוריינט,IL,אטריות ביצים,גרמים,200.00,100 גרם,false,0,7.20,3.60,true,1,
7290002057048,false,זית סורי מבוקע 540 גרם,קבוצת יבנה,IL,זית סורי מבוקע,גרמים,540.00,100 גרם,false,0,7.90,1.46,true,1,
7290002057055,false,זיתים סורים ירוקים540גרם,קבוצת יבנה,IL,זית סורי ירוק,גרמים,540.00,100 גרם,false,0,9.90,1.83,true,1,
7290002057086,false,זית מנזנילו גדול 1250 גר,קבוצת יבנה,IL,זית מנזנילו,קילוגרמים,1.25,"ק""ג",false,0,19.90,15.92,true,1,
7290002057093,false,זית מנזנילו ירוק גדול540,קבוצת יבנה,IL,זית מנזנילו יר,גרמים,540.00,100 גרם,false,0,6.90,1.28,true,1,
7290002057123,false,מנזנילו ירוק ל.גלעין540ג,קבוצת יבנה,IL,זית ללא גלעין,גרמים,540.00,100 גרם,false,0,8.50,1.57,true,1,
7290002057130,false,מנזנילו ירוק ל.גלעין1250,קבוצת יבנה,IL,זית ללא גלעין,קילוגרמים,1.25,"ק""ג",false,0,20.70,16.56,true,1,
7290002057178,false,זית מנזניל.טבעי גדול540ג,קבוצת יבנה,IL,זית שחור טבעי,גרמים,540.00,100 גרם,false,0,8.70,1.61,true,1,
7290002057185,false,טבעות זיתים ירוקים540גרם,קבוצת יבנה,IL,טבעות זיתים,גרמים,540.00,100 גרם,false,0,6.90,1.28,true,1,
7290002057345,false,"מלפפון במלח 30-36 3 ק""ג",קבוצת יבנה,IL,מלפפון במלח,קילוגרמים,3.00,"ק""ג",false,0,21.30,7.10,true,1,
7290002057482,false,מלפפון בחומץ 18-25 540גר,קבוצת יבנה,IL,מלפפונים בחומץ,גרמים,540.00,100 גרם,false,0,10.80,2.00,true,1,
7290002057628,false,טבעות זיתים מושחרים540גר,קבוצת יבנה,IL,טבעות זיתים מושחרים540גר,גרמים,540.00,100 גרם,false,0,8.90,1.65,true,1,
7290002057703,false,חצילים במלח קבוצת 540גרם,קבוצת יבנה,IL,חצילים במלח,גרמים,540.00,100 גרם,false,0,5.90,1.09,true,1,
7290002061519,false,"קרם גוף אורנה 19 400 מ""ל",אלפא קוסמטיקה,IL,קרם גוף אורנה 19,מיליליטרים,400.00,"100 מ""ל",false,0,23.10,5.78,true,1,
7290002065555,false,לחמניות בשקית 6יח75X'גרם,מאפיית שלמה א. אנג'ל,IL,לחמניות בשקית 6יח75X'גרם,גרמים,450.00,100 גרם,false,0,10.40,2.31,true,1,
7290002065616,false,לחם שיפון גרעינים 750גרם,מאפיית שלמה א. אנג'ל,IL,לחם שיפון גרעינים 750גרם,גרמים,750.00,100 גרם,false,0,10.90,1.45,true,1,
7290002065623,false,לחם שיפון כפרי 750 גרם,מאפיית שלמה א. אנג'ל,IL,לחם שיפון כפרי 750 גרם,גרמים,750.00,100 גרם,false,0,10.90,1.45,true,1,
7290002077268,false,מיני קציצות דג לבישול 00,נטו,IL,קציצות דג,גרמים,500.00,100 גרם,false,0,21.70,4.34,true,1,
7290002077763,false,סטייק אנטריקוט מיושן אל,נטו,IL,סטייק אנטריקוט מיושן אל,קילוגרמים,0.00,"ק""ג",true,0,99.90,99.90,true,1,
7290002077794,false,כתף מיושן חלק אלגאוצ'ו ק,אלגרצ'ו,IL,כתף מיושן חלק אלגאוצ'ו ק,קילוגרמים,0.00,"ק""ג",true,0,59.90,59.90,true,1,
7290002077800,false,צלי כתף מיושן חלק א.גאוצ,אלגרצ'ו,IL,צלי כתף מיושן חלק א.גאוצ,קילוגרמים,0.00,"ק""ג",true,0,84.20,84.20,true,1,
7290002077824,false,שריר מיושן חלק אלגאוצ'ו,אלגרצ'ו,IL,שריר מיושן חלק אלגאוצ'ו,קילוגרמים,0.00,"ק""ג",true,0,54.90,54.90,true,1,
7290002079033,false,לחם דגנים לייט 500 גרם,מאפיית דוידוביץ,IL,לחם דגנים לייט,גרמים,500.00,100 גרם,false,0,13.80,2.76,true,1,
7290002079316,false,חלה רגילה פרוסה 500 גרם,מאפיית דוידוביץ,IL,חלה רגילה פרוסה,גרמים,500.00,100 גרם,false,0,8.50,1.70,true,1,
7290002079347,false,חלה קלה פרוסה 500 גרם,מאפיית דוידוביץ,IL,חלה קלה פרוסה,גרמים,500.00,100 גרם,false,0,12.90,2.58,true,1,
7290002079583,false,מאפה מיוחד לטוסט פרוס500,מאפיית דוידוביץ,IL,מאפה מיוחד לטוסט פרוס500,גרמים,500.00,100 גרם,false,0,8.00,1.60,true,1,
7290002079613,false,חלה מתוק.קלועה 500ג 250,מאפיית דוידוביץ,IL,חלה מתוקה קלועה,גרמים,500.00,100 גרם,false,0,12.90,2.58,true,1,
7290002079927,false,לחם דגנים מלא 750 גרם,מאפיית דוידוביץ,IL,לחם דגנים מלא,גרמים,750.00,100 גרם,false,0,14.80,1.97,true,1,
7290002079996,false,לחם אחיד פרוס קל 750 גרם,מאפיית דוידוביץ,IL,לחם אחיד פרוס קל,גרמים,750.00,100 גרם,false,0,13.80,1.84,true,1,
7290002107019,false,גב.צפתית מעודנת5% 250גרם,משק צוריאל תבור,IL,צפתית מעודנת5%,גרמים,250.00,100 גרם,false,0,16.00,6.40,true,1,
7290002107071,false,פטה עיזים מעודנת16% 200ג,משק צוריאל תבור,IL,גבינת פטה עיזים,גרמים,200.00,100 גרם,false,0,21.90,10.95,true,1,
7290002107385,false,מה-עז גב.עיזים בגליל180ג,משק צוריאל תבור,IL,גבינת עיזים,גרמים,180.00,100 גרם,false,0,21.70,12.06,true,1,
7290002107491,false,גב.עיזים5% למריחה 250 גר,משק צוריאל תבור,IL,גבינת עיזים 5%,גרמים,250.00,100 גרם,false,0,14.80,5.92,true,1,
7290002107798,false,בולגרית מעודנת 5% 250 גר,משק צוריאל תבור,IL,גבינה בולגרית 5%,גרמים,250.00,100 גרם,false,0,20.70,8.28,true,1,
7290002107965,false,גב. טבורוג לאפיה 5% 500ג,משק צוריאל תבור,IL,גבינת טבורוג,גרמים,500.00,100 גרם,false,0,22.90,4.58,true,1,
7290002109334,false,קציצות דג סלמון לבישול 0,דלידג - נטו,GB,קציצות דג,גרמים,750.00,100 גרם,false,0,30.60,4.08,true,1,
7290002109372,false,בורקס פילו גבינה בולגרית,"שגמור בע""מ",IL,בורקס פילו גבינה,גרמים,700.00,100 גרם,false,0,20.70,2.96,true,1,
7290002121343,false,מוס ליצירת נפח השיער200מ,קרליין,IL,מוס לשיער,מיליליטרים,200.00,"100 מ""ל",false,0,19.70,9.85,true,1,
7290002130567,false,דבש טהור יד מרדכי 350גרם,יד מרדכי,IL,דבש טהור,גרמים,350.00,100 גרם,false,0,19.90,5.69,true,1,
7290002130574,false,דבש מפרחי בר יד מרדכי500,יד מרדכי,IL,דבש מפרחי בר יד מרדכי500,גרמים,500.00,100 גרם,false,0,24.70,4.94,true,1,
7290002130581,false,דבש בצנצנת יד מרדכי 1ק,יד מרדכי,IL,דבש טהור,קילוגרמים,1.00,"ק""ג",false,0,39.90,39.90,true,1,
7290002133032,false,גבינת קשקבל טחון 300 גרם,מחלבת השומרון,IL,גבינת קשקבל טחון,גרמים,300.00,100 גרם,false,0,28.70,9.57,true,1,
7290002133070,false,גב.קשקבל טורקי צאן22%משק,מחלבת השומרון,IL,גב.קשקבל טורקי צאן22%משק,קילוגרמים,0.00,"ק""ג",true,0,99.00,99.00,true,1,
7290002133117,false,בולגרית מעודנת 5% במשקל,מחלבת השומרון,IL,בולגרית מעודנת 5% במשקל,קילוגרמים,0.00,"ק""ג",true,0,40.00,40.00,true,1,
7290002133162,false,גב.בולגרית של פעם5% 250ג,מחלבת השומרון,IL,גבינה בולגרית 5%,גרמים,250.00,100 גרם,false,0,18.90,7.56,true,1,
7290002133193,false,גבינה בולגרית 5% משקל,מחלבת השומרון,IL,גבינה בולגרית 5% משקל,קילוגרמים,0.00,"ק""ג",true,0,58.00,58.00,true,1,
7290002133216,false,"גב.שמנת30%שומן ט""ש.משקל",מחלבת השומרון,IL,"גב.שמנת30%שומן ט""ש.משקל",קילוגרמים,0.00,"ק""ג",true,0,35.00,35.00,true,1,
7290002133520,false,יוגורט של פעם בגביע 400ג,מחלבת השומרון,IL,יוגורט של פעם,גרמים,400.00,100 גרם,false,0,9.90,2.48,true,1,
7290002133551,false,לבנה בגביע 500 גרם,מחלבת השומרון,IL,לבנה בשמן זית,גרמים,500.00,100 גרם,false,0,14.90,2.98,true,1,
7290002133575,false,יוג.של פעם חלב כבשים400ג,מחלבת השומרון,IL,יוגורט של פעם,גרמים,400.00,100 גרם,false,0,12.10,3.03,true,1,
7290002133612,false,יוגורט יווני 8% 180גרם,מחלבת השומרון,IL,יוגורט יווני 8%,גרמים,180.00,100 גרם,false,0,5.70,3.17,true,1,
7290002133643,false,גבינת פטה צאן22% 200ג,מחלבת השומרון,IL,גבינת פטה צאן22%,גרמים,200.00,100 גרם,false,0,19.90,9.95,true,1,
7290002133889,false,גב.בולגרית מעודנת5% 250ג,מחלבת השומרון,IL,גבינה בולגרית 5%,גרמים,250.00,100 גרם,false,0,10.90,4.36,true,1,
7290002150107,false,קובה בשר 1קג,"אדריה בע""מ",IL,קובה בשר 1קג,גרמים,1000.00,100 גרם,false,0,27.20,2.72,true,1,
7290002150305,false,סיגר בשר 1קג,"אדריה בע""מ",IL,סיגר בשר 1קג,גרמים,1000.00,100 גרם,false,0,28.70,2.87,true,1,
7290002150404,false,"סיגר תפו""א 1קג","אדריה בע""מ",IL,"סיגר תפו""א 1קג",יחידה,1.00,יחידה,false,0,25.20,25.20,true,1,
7290002150503,false,אגרול סיני 1קג,"אדריה בע""מ",IL,אגרול סיני 1קג,גרמים,1000.00,100 גרם,false,0,26.90,2.69,true,1,
7290002150527,false,"פסטל תפו""א 1קג","אדריה בע""מ",IL,"פסטל תפו""א 1קג",גרמים,1000.00,100 גרם,false,0,25.20,2.52,true,1,
7290002155850,false,סירופ לימון,,,סירופ לימון,ליטרים,4.00,ליטר,false,0,25.80,6.45,true,1,
7290002155904,false,סירופ תות,,,סירופ תות,ליטרים,4.00,ליטר,false,0,25.80,6.45,true,1,
7290002157311,false,בשר לטחינה עטרה מפולין ק,נטו,PL,בשר לטחינה,קילוגרמים,0.00,"ק""ג",true,1,49.90,49.90,true,1,
7290002157335,false,צלעות בקר טרי עטרה פולין,נטו,PL,צלעות בקר טרי,קילוגרמים,0.00,"ק""ג",true,1,49.90,49.90,true,1,
7290002157342,false,חזה בקר טרי עטרה מפולין,נטו,PL,חזה בקר טרי,קילוגרמים,0.00,"ק""ג",true,1,44.90,44.90,true,1,
7290002157359,false,כתף מרכזי טרי עטרה פולין,נטו,PL,כתף מרכזי טרי,קילוגרמים,0.00,"ק""ג",true,1,59.90,59.90,true,1,
7290002157366,false,צלי כתף טרי עטרה מפולין,נטו,PL,צלי כתף טרי,קילוגרמים,0.00,"ק""ג",true,1,69.90,69.90,true,1,
7290002157397,false,שריר זרוע טרי עטרה פולין,אברנסל קוסמטיקס,PL,שריר הזרוע טרי,קילוגרמים,0.00,"ק""ג",true,1,44.90,44.90,true,1,
7290002157410,false,צוואר בקר טרי עטרה פולין,נטו,PL,צוואר בקר טרי,קילוגרמים,0.00,"ק""ג",true,1,49.90,49.90,true,1,
7290002157830,false,קוביות גולש עגל 100% 800,נטו,IL,קוביות גולש עגל,גרמים,800.00,100 גרם,false,1,34.90,4.36,true,1,
7290002157953,false,טונה בשמן קנולה140*4ג,ויליגר,IL,טונה בשמן 4 יח,גרמים,560.00,100 גרם,false,1,19.50,3.48,true,1,
7290002157960,false,טונה במים 4 * 140 גרם,ויליגר,IL,טונה במים 4 יח,גרמים,560.00,100 גרם,false,1,19.50,3.48,true,1,
7290002190516,false,ממרח ריבת חלב קומידה500ג,אשבל,IL,ממרח ריבת חלב,גרמים,500.00,100 גרם,false,0,11.90,2.38,true,1,
7290002196709,false,טחינה אתיופית ט.מונבט350,משק לין,IL,טחינה אתיופית,גרמים,350.00,100 גרם,false,0,23.70,6.77,true,1,
7290002196938,false,טחינה אתיופית ט.מונבט700,משק לין,IL,טחינה אתיופית,גרמים,700.00,100 גרם,false,0,43.50,6.21,true,1,
7290002204275,false,קיווי פרימיום,קטיף,IL,קיווי פרימיום,קילוגרמים,0.00,"ק""ג",true,1,15.90,15.90,true,1,
7290002241225,false,רגל עגל פרוסה חלב מחיר ל,טיבון ויל - נטו,IL,רגל עגל פרוסה,קילוגרמים,0.00,"ק""ג",true,0,35.90,35.90,true,1,
7290002253006,false,שום כתוש דורות 200 גרם,דורות,IL,שום טרי כתוש,גרמים,200.00,100 גרם,false,0,12.90,6.45,true,1,
7290002253105,false,שום במגשית 80 גרם,דורות,IL,שום כתוש קפוא,גרמים,80.00,100 גרם,false,0,10.40,13.00,true,1,
7290002253150,false,בזיליקום קצוץ מגשית 70 ג,דורות,IL,בזיליקום קצוץ,גרמים,70.00,100 גרם,false,0,10.40,14.86,true,1,
7290002253167,false,פטרוזיליה קצוצה קפואה70ג,דורות,IL,פטרוזיליה מוקפאת,גרמים,70.00,100 גרם,false,0,9.90,14.14,true,1,
7290002253174,false,שמיר קצוץ מגשית 70 גרם,דורות,IL,שמיר טרי קצוץ,גרמים,70.00,100 גרם,false,0,9.90,14.14,true,1,
7290002253181,false,כוסברה קצוצה מגשית 70 גר,דורות,IL,כוסברה קצוצה,גרמים,70.00,100 גרם,false,0,9.90,14.14,true,1,
7290002253235,false,דורות רוטב פסטו 160גרם,דורות,IL,דורות רוטב פסטו,גרמים,160.00,100 גרם,false,16,11.80,7.38,true,1,
7290002253242,false,דורות רוטב סצ'ואן 160 גר,דורות,IL,דורות רוטב סצ'וא,גרמים,160.00,100 גרם,false,16,11.80,7.38,true,1,
7290002253259,false,דורות רוטב עגבניות בזילי,דורות,IL,דורות רוטב עגבני,גרמים,160.00,100 גרם,false,16,11.80,7.38,true,1,
7290002253266,false,דורות רוטב עגבניות ילדים,דורות,IL,רוטב עגבניות,גרמים,160.00,100 גרם,false,16,11.80,7.38,true,1,
7290002253273,false,דורות רוטב שום דבש 160 ג,דורות,IL,דורות רוטב שום ד,גרמים,160.00,100 גרם,false,16,11.80,7.38,true,1,
7290002259657,false,רדיד אלומיניום,,US,רדיד אלומיניום,מטרים,22.00,מטר,false,0,20.00,0.91,true,1,
7290002260806,false,ביסלי ברביקיו חמוץ חרי70,אסם,IL,ביסלי אקסטרים,גרמים,70.00,100 גרם,false,0,4.50,6.43,true,1,
7290002304203,false,קונפ.תות שדה לייט 600גרם,ענבי ציון,IL,קונפיטורה תות,גרמים,600.00,100 גרם,false,0,19.90,3.32,true,1,
7290002304210,false,קונפיטורה מישמש לייט600ג,ענבי ציון,IL,קונפיטורה מישמש,גרמים,600.00,100 גרם,false,0,19.90,3.32,true,1,
7290002304227,false,קונפ.דובדבן לייט 600ג,ענבי ציון,IL,קונפ.דובדבן,גרמים,600.00,100 גרם,false,0,19.90,3.32,true,1,
7290002323198,false,ספרינג מיץ תפוחים 1.5 ל',יפאורה שותפות מובגלת לשיווק,IL,ספרינג תפוחים,ליטרים,1.50,ליטר,false,0,4.90,3.27,true,1,
7290002323204,false,ספרינג תפוחים דיאט 1.5ל',יפאורה שותפות מובגלת לשיווק,IL,ספרינג תפוח דיאט,ליטרים,1.50,ליטר,false,0,4.90,3.27,true,1,
7290002323815,false,משקה קל תפוזים קריסטל 2ל,יפאורה שותפות מובגלת לשיווק,IL,משקה קל תפוזים,ליטרים,2.00,ליטר,false,0,3.60,1.80,true,1,
7290002323839,false,משקה קל ענבים קריסטל 2ל',יפאורה שותפות מובגלת לשיווק,IL,משקה קל ענבים,ליטרים,2.00,ליטר,false,0,3.60,1.80,true,1,
7290002323846,false,משקה קל מנגו 2 ליטר,יפאורה שותפות מובגלת לשיווק,IL,קריסטל מנגו,ליטרים,2.00,ליטר,false,0,3.60,1.80,true,1,
7290002327028,false,ג'חנון 650 גרם,אופרה,IL,ג'חנון 650 גרם,גרמים,650.00,100 גרם,false,0,17.60,2.71,true,1,
7290002327042,false,"בורקס תפו""א 800 גרם",אופרה,IL,"בורקס תפו""א",גרמים,800.00,100 גרם,false,0,20.00,2.50,true,1,
7290002327059,false,"בצק עלים 1 ק""ג",אופרה,IL,בצק עלים מרודד,קילוגרמים,1.00,"ק""ג",false,0,20.70,20.70,true,1,
7290002327073,false,בורקס גבינה 800 גרם,אופרה,IL,בורקס גבינה,גרמים,800.00,100 גרם,false,0,21.90,2.74,true,1,
7290002327912,false,בורקס מיני גבינה 700 גרם,אופרה,IL,מיני בורקס גבינה,גרמים,700.00,100 גרם,false,0,25.10,3.59,true,1,
7290002327929,false,"בורקס תפו""א מיני 700 גרם",אופרה,IL,מיני בורקס תפוא,גרמים,700.00,100 גרם,false,0,23.10,3.30,true,1,
7290002331117,false,נביעות+טעם ענבים 1.5ליטר,נביעות טבע,IL,נביעות+ענבים,ליטרים,1.50,ליטר,false,0,7.30,4.87,true,1,
7290002331148,false,נביעות+טעם תפוח 1.5 ליטר,נביעות טבע,IL,נביעות+תפוח,ליטרים,1.50,ליטר,false,0,7.30,4.87,true,1,
7290002331322,false,מים מינרל.נביעות 1.5*6ל,נביעות טבע,IL,מים נביעות 6 יח,ליטרים,9.00,ליטר,false,0,10.00,1.11,true,1,
7290002331360,false,נביעות פקק טו גו 6 500*מ,נביעות טבע,IL,נביעות ספורט 6יח,ליטרים,3.00,ליטר,false,0,11.90,3.97,true,1,
7290002331421,false,נביעות פקק טוגו 6 755*מ,נביעות טבע,IL,נביעות פקק טוגו,ליטרים,4.53,ליטר,false,0,17.50,3.86,true,1,
7290002331483,false,"נביעות בייבי 320*6 מ""ל",נביעות טבע,IL,נביעות בייבי 6יח,ליטרים,1.92,ליטר,false,0,14.90,7.76,true,1,
7290002331490,false,נביעות מים מינרלים 1 ל,נביעות טבע,IL,מים נביעות,ליטרים,1.00,ליטר,false,0,2.50,2.50,true,1,
7290002331643,false,נביעות מוגז 1.5*6 ליטר,נביעות טבע,IL,נביעות מוגז 1.5*6 ליטר,ליטרים,9.00,ליטר,false,0,11.90,1.32,true,1,
7290002332022,false,נביעות+משמש אננס 1.5ליטר,נביעות טבע,IL,נביעות+משמש אננס,ליטרים,1.50,ליטר,false,0,7.30,4.87,true,1,
7290002332220,false,פילה אמנון ישראלי קפוא ג,דגת הארץ,IL,פילה אמנון ג'מבו,קילוגרמים,0.00,"ק""ג",true,0,39.90,39.90,true,1,
7290002332237,false,פילה אמנון ענק קפוא,דגת הארץ,IL,פילה אמנון קפוא,קילוגרמים,0.00,"ק""ג",true,1,39.90,39.90,true,1,
7290002332275,false,פילה אמנון ישראלי קפוא,דגת הארץ,IL,פילה אמנון ישראל,קילוגרמים,0.00,"ק""ג",true,1,39.90,39.90,true,1,
7290002333128,false,"קמח מלא אורגני 1 ק""ג",הרדוף,IL,קמח מלא אורני,קילוגרמים,1.00,"ק""ג",false,0,12.70,12.70,true,1,
7290002333241,false,לחם שאור קל 750 גרם,הרדוף,IL,לחם שאור קל,גרמים,750.00,100 גרם,false,0,14.90,1.99,true,1,
7290002333388,false,לחם שאור מלא אורגני 750ג,הרדוף,IL,לחם שאור מלא אור,גרמים,750.00,100 גרם,false,0,14.90,1.99,true,1,
7290002333692,false,דוחן אורגני הרדוף 500גרם,הרדוף,IL,דוחן אורגני,גרמים,500.00,100 גרם,false,0,9.90,1.98,true,1,
7290002333982,false,שעועית לבנה אורגנית500גר,הרדוף,IL,שעועית אורגנית,גרמים,500.00,100 גרם,false,0,10.90,2.18,true,1,
7290002333999,false,גרעיני חמניות 300 גרם,הרדוף,IL,גרעיני חמניות,גרמים,300.00,100 גרם,false,0,11.50,3.83,true,1,
7290002346050,false,משחת נעליים חומה,,TR,משחת נעליים חומה,מיליליטרים,50.00,"100 מ""ל",false,0,12.20,24.40,true,1,
7290002346098,false,מבריק נעליים,,TR,מבריק נעליים,יחידה,1.00,יחידה,false,0,12.20,12.20,true,1,
7290002346210,false,משחת נעליים שחור,,TR,משחת נעליים שחור,מיליליטרים,50.00,"100 מ""ל",false,0,12.20,24.40,true,1,
7290002348160,false,תירס גמדי שלם 400 גרם,גואנדונג,CN,תירס גמדי,גרמים,400.00,100 גרם,false,1,5.50,1.38,true,1,
7290002348573,false,מקלוני אורז 300 גרם,ליאונג טונג,TH,מקלוני אורז,גרמים,300.00,100 גרם,false,0,4.70,1.57,true,1,
7290002353324,false,עוג.אוראו 176 גרם,מונדלייז,ES,עוגיות אוראו,גרמים,176.00,100 גרם,false,0,8.90,5.06,true,1,
7290002353836,false,סרדינ.בשמן זית רוברט125ג,נטו,PT,סרדינים בשמן זית,גרמים,115.00,100 גרם,false,0,6.80,5.91,true,1,
7290002360124,false,חל.ורד הבר+היביסקו3.5X2ג,טייקנה,IL,חליטת ורד הבר,גרמים,70.00,100 גרם,false,0,17.60,25.14,true,1,
7290002360285,false,חליטת קמומיל 20 שק1.5Xג,טייקנה,IL,חליטת קמומיל,גרמים,30.00,100 גרם,false,0,17.60,58.67,true,1,
7290002363491,false,"יין קונדיטון 750 מ""ל",הכורמים,IL,יין קונדיטון,מיליליטרים,750.00,"100 מ""ל",false,0,30.00,4.00,true,1,
7290002363798,false,יין לקידוש עונג שבת750מל,הכורמים,IL,יין לקידוש עונג שבת750מל,מיליליטרים,750.00,"100 מ""ל",false,0,15.40,2.05,true,1,
7290002363811,false,"יין המלכים אדום 750 מ""ל",הכורמים,IL,יין המלכים,מיליליטרים,750.00,"100 מ""ל",false,0,15.00,2.00,true,1,
7290002371403,false,מארז פסטרמה+נקניק 600גרם,טירת צבי,IL,פסטרמה+נקניק,גרמים,600.00,100 גרם,false,0,28.40,4.73,true,1,
7290002371533,false,סלסולי פסטרמה דבש 120 גר,טירת צבי,IL,סלסולי פסטרמה,גרמים,120.00,100 גרם,false,0,15.30,12.75,true,1,
7290002371540,false,קורנדביף 120 גרם,טירת צבי,IL,קורנדביף,גרמים,120.00,100 גרם,false,0,15.30,12.75,true,1,
7290002371854,false,"נקניקיות עוף חריפות 1ק""ג",טירת צבי,IL,נקניקיות עוף,קילוגרמים,1.00,"ק""ג",false,0,31.10,31.10,true,1,
7290002374640,false,שמן קנולה פלוס אומגה3 1ל,שמן תעשיות,IL,שמן קנולה פלוס,ליטרים,1.00,ליטר,false,0,13.90,13.90,true,1,
7290002385745,false,פקורינו משולשים,,,פקורינו משולשים,קילוגרמים,0.00,"ק""ג",true,0,133.00,133.00,true,1,
7290002390046,false,לחם אחיד פרוס 750 גרם,,IL,לחם אחיד פרוס 750 גרם,גרמים,750.00,100 גרם,false,0,5.70,0.76,true,1,
7290002390909,false,לחם עינב-קל פרוס 750 גרם,,IL,לחם עינב-קל פרוס 750 גרם,גרמים,750.00,100 גרם,false,0,13.40,1.79,true,1,
7290002410010,false,שניצל עגל וינאי קג,לאטי עזרא,,שניצל עגל וינאי קג,קילוגרמים,0.00,"ק""ג",true,0,67.30,67.30,true,1,
7290002410348,false,"רוסטביף עגל ברשת קפוא ק""",לאטי עזרא,IL,"רוסטביף עגל ברשת קפוא ק""",קילוגרמים,0.00,"ק""ג",true,0,67.30,67.30,true,1,
7290002410713,false,קישקע ממולא קפוא 500גרם,לאטי עזרא,IL,קישקע ממולא קפוא 500גרם,גרמים,500.00,100 גרם,false,0,14.80,2.96,true,1,
7290002410874,false,רבעי פרגיות ממולאות קג,לאטי עזרא,,רבעי פרגיות ממולאות קג,קילוגרמים,0.00,"ק""ג",true,0,49.50,49.50,true,1,
7290002439073,false,זוג פיצה משפ.מרג.גבינה,נטו,IL,זוג פיצה משפ.,גרמים,1000.00,100 גרם,false,6,29.90,2.99,true,1,
7290002439080,false,פיצה ביס 100%גבינה 700גר,נטו,IL,פיצה ביס 100%גבי,גרמים,700.00,100 גרם,false,8,26.70,3.81,true,1,
7290002439097,false,זוג פיצה משפ.זתים 2X500,נטו,IL,זוג פיצה משפ.זתי,גרמים,1000.00,100 גרם,false,6,33.00,3.30,true,1,
7290002439264,false,פורל נחלים ורוד קפוא 650,דלידג - נטו,TR,פורל ורוד קפוא,גרמים,650.00,100 גרם,false,1,44.50,6.85,true,1,
7290002439400,false,פיצה ביס גבינה+זיתים 700,נטו,IL,פיצה ביס זיתים,גרמים,700.00,100 גרם,false,8,27.70,3.96,true,1,
7290002439424,false,מארז פיצה אישית100%גבינה,נטו,IL,פיצה אישית 100%,גרמים,800.00,100 גרם,false,6,26.70,3.34,true,1,
7290002461562,false,מיני מרגז חריף 500 גרם,מעדני הטלה,IL,מיני מרגז חריף 500 גרם,גרמים,500.00,100 גרם,false,0,29.60,5.92,true,1,
7290002472087,false,עוגת קצפת פס שוקולד 600ג,גידרון,IL,עוגת קצפת,גרמים,600.00,100 גרם,false,0,37.90,6.32,true,1,
7290002472094,false,עוגת קצפת קרם שניט600גרם,גידרון,IL,עוגת קרם שניט,גרמים,600.00,100 גרם,false,0,37.90,6.32,true,1,
7290002472117,false,פס קצפת קפוצ'ינו 600 גרם,גידרון,IL,פס קצפת קפוצ'ינו,גרמים,600.00,100 גרם,false,0,37.90,6.32,true,1,
7290002472148,false,עוגת קצפת בלק פורסט600גר,גידרון,IL,עוגת בלק פורסט,גרמים,600.00,100 גרם,false,0,37.90,6.32,true,1,
7290002472186,false,עוגת מאפין שוקו צ'יפס550,גידרון,IL,עוגת מאפין שוק,יחידה,1.00,יחידה,false,0,20.90,20.90,true,1,
7290002472193,false,עוגת מאפין שוקו 550 גרם,גידרון,IL,עוגת מאפין שוק,יחידה,1.00,יחידה,false,0,20.90,20.90,true,1,
7290002472223,false,עוגת מאפין תפוז 550 גרם,גידרון,IL,עוג.מאפין תפוז,יחידה,1.00,יחידה,false,0,20.90,20.90,true,1,
7290002472254,false,עוגת מאפין אגוזים 550גרם,גידרון,IL,מאפין אגוזים,יחידה,1.00,יחידה,false,0,20.90,20.90,true,1,
7290002472841,false,עוגת סבתא שוקולד 850 גרם,גידרון,IL,עוגת סבתא שוקו,יחידה,1.00,יחידה,false,0,23.70,23.70,true,1,
7290002478416,false,קבב טורקי 800 גרם,מעדני הטלה,IL,קבב טורקי 800 גרם,גרמים,800.00,100 גרם,false,0,57.40,7.18,true,1,
7290002479109,false,"דבש מפרחי בר 1 ק""ג",מכוורת עמק חפר,IL,דבש מפרחי בר,גרמים,1000.00,100 גרם,false,0,41.20,4.12,true,1,
7290002479352,false,דבש מפרחי בר 350 גרם,מכוורת עמק חפר,IL,דבש מפרחי בר,גרמים,350.00,100 גרם,false,0,17.10,4.89,true,1,
7290002479925,false,דבש לחיץ מפרחי בר 350גרם,מכוורת עמק חפר,IL,דבש לחיץ,גרמים,350.00,100 גרם,false,0,21.90,6.26,true,1,
7290002485292,false,קוביות סלק 250 גרם,סלטי שמיר,IL,קוביות סלק,גרמים,250.00,100 גרם,false,0,8.30,3.32,true,1,
7290002487425,false,עוג.אוראו שוקולד חלב176ג,מונדלייז,ES,עוגיות אוראו,גרמים,176.00,100 גרם,false,0,8.90,5.06,true,1,
7290002487739,false,עוג.אוראו פאדג שוק.חל246,מונדלייז,ES,עוגיות אוראו,גרמים,246.00,100 גרם,false,0,19.40,7.89,true,1,
7290002487746,false,עוג.אוראו פאדג שוק.לב246,מונדלייז,ES,עוגיות אוראו,גרמים,246.00,100 גרם,false,0,19.40,7.89,true,1,
7290002511229,false,בולגרית מעודנת 16% במשקל,מחלבת מושבה,IL,בולגרית מעודנת 16% במשקל,קילוגרמים,0.00,"ק""ג",true,0,55.00,55.00,true,1,
7290002511236,false,בולגרית מעודנת5% במשקל,מחלבת מושבה,IL,בולגרית מעודנת5% במשקל,קילוגרמים,0.00,"ק""ג",true,0,55.00,55.00,true,1,
7290002515333,false,קמיל בלו סנסיקר ורוד500מ,פישר  מעבדות  פרמצבטיות,IL,אלסבון קמיל בלו,מיליליטרים,500.00,"100 מ""ל",false,0,20.30,4.06,true,1,
7290002515371,false,קמיל בלו אל סבון נוזלי1ל,פישר  מעבדות  פרמצבטיות,IL,קמיל בלו לתינוק,ליטרים,1.00,ליטר,false,0,25.20,25.20,true,1,
7290002517276,false,פלפל אנגלי שלם 25 גרם,תבליני טעם וריח,IL,פלפל אנגלי שלם,גרמים,25.00,100 גרם,false,0,8.80,35.20,true,1,
7290002517283,false,פלפל שחור במיכל 40 גרם,תבליני טעם וריח,IL,פלפל שחור,גרמים,40.00,100 גרם,false,0,10.80,27.00,true,1,
7290002517337,false,אורגנו עלים 20 גרם,תבליני טעם וריח,IL,אורגנו עלים,גרמים,20.00,100 גרם,false,0,6.80,34.00,true,1,
7290002517818,false,הל טחון 30 גרם,תבליני טעם וריח,IL,הל טחון,גרמים,30.00,100 גרם,false,0,12.80,42.67,true,1,
7290002517863,false,ציפורן טחון 40 גרם,תבליני טעם וריח,IL,ציפורן טחון,גרמים,40.00,100 גרם,false,0,11.80,29.50,true,1,
7290002519195,false,קיט כתף ללא אוסובוקו חלק,תנובה,IL,קיט כתף,קילוגרמים,0.00,"ק""ג",true,0,89.10,89.10,true,1,
7290002541370,false,משקה סויה אלפרו 1 ליטר,אלפרו,IL,משקה סויה טבעי,ליטרים,1.00,ליטר,false,0,12.90,12.90,true,1,
7290002541479,false,"משקה סויה שוקו 250X3 מ""ל",אלפרו,BE,משקה סויה שוקו,מיליליטרים,750.00,"100 מ""ל",false,0,15.50,2.07,true,1,
7290002541981,false,משקה סויה ללא תוספת סוכר,אלפרו,IL,משקה סויה,ליטרים,1.00,ליטר,false,0,12.90,12.90,true,1,
7290002543121,false,קלוג'ס סולטנה בראן 500גר,קלוג'ס,GB,קלוגס סולטנה,גרמים,500.00,100 גרם,false,0,23.70,4.74,true,1,
7290002543176,false,קלוג'ס מבחר 8 דגנים,קלוג'ס,GB,קלוגס 8 מנות,יחידה,1.00,יחידה,false,0,24.70,24.70,true,1,
7290002543237,false,קלוג'ס קורנפלקס 750 גרם,קלוג'ס,GB,קורנפלקס קלוגס,גרמים,750.00,100 גרם,false,0,16.90,2.25,true,1,
7290002543381,false,קלוג'ס ספיישל K 375 גרם,קלוג'ס,GB,קלוג'ס ספיישל,גרמים,375.00,100 גרם,false,0,22.70,6.05,true,1,
7290002544210,false,ממרח זיתים ירוק,,IL,ממרח זיתים ירוק,גרמים,180.00,100 גרם,false,0,21.30,11.83,true,1,
7290002544227,false,ממרח זיתים שחור,,IL,ממרח זיתים שחור,גרמים,180.00,100 גרם,false,0,21.30,11.83,true,1,
7290002544234,false,ממרח עגבניות,,IL,ממרח עגבניות,גרמים,180.00,100 גרם,false,0,21.30,11.83,true,1,
7290002581536,false,"וופל נפוליטנה לל""ס 250ג",הדר,IL,"ופלים הדר לל""ס",גרמים,250.00,100 גרם,false,0,7.80,3.12,true,1,
7290002596448,false,חזה בקר כבוש קפוא קג,לאטי עזרא,IL,חזה בקר כבוש קפוא קג,קילוגרמים,0.00,"ק""ג",true,0,59.40,59.40,true,1,
7290002651116,false,ג'חנון חמסי 5יח 1קג,חמסי,IL,ג'חנון חמסי,גרמים,1000.00,100 גרם,false,0,14.80,1.48,true,1,
7290002651123,false,מלווח חמסי 5יח 1קג,חמסי,IL,מלווח חמסי,גרמים,1000.00,100 גרם,false,0,14.80,1.48,true,1,
7290002657866,false,"פילה אמנון""דלידג מהדרין",דלידג - נטו,IL,פילה אמנון,קילוגרמים,0.00,"ק""ג",true,0,39.90,39.90,true,1,
7290002661115,false,"לחם הולנדי 1.200 ק""ג",מאפית ברמן,IL,"לחם הולנדי 1.200 ק""ג",קילוגרמים,1.20,"ק""ג",false,0,16.50,13.75,true,1,
7290002661153,false,"לחם דני קל 1 ק""ג",מאפית ברמן,IL,"לחם דני קל 1 ק""ג",גרמים,1000.00,100 גרם,false,0,16.50,1.65,true,1,
7290002663522,false,תפוזינה משקה קל תפוז1.5ל,יפאורה שותפות מובגלת לשיווק,IL,תפוזינה תפוזים,ליטרים,1.50,ליטר,false,0,5.90,3.93,true,1,
7290002663539,false,תפוזינה אשכוליות 1.5ליטר,יפאורה שותפות מובגלת לשיווק,IL,תפוזינה אשכוליות,ליטרים,1.50,ליטר,false,0,5.90,3.93,true,1,
7290002663805,false,שוופס טוניק 1.5 ליטר,יפאורה שותפות מובגלת לשיווק,IL,שוופס מי טוניק,ליטרים,1.50,ליטר,false,0,7.90,5.27,true,1,
7290002663829,false,שוופס ביטר לימון 1.5ליטר,יפאורה שותפות מובגלת לשיווק,IL,שוופס ביטר לימון,ליטרים,1.50,ליטר,false,0,7.90,5.27,true,1,
7290002663881,false,תפוזינה אשכוליות דיאט1.5,יפאורה שותפות מובגלת לשיווק,IL,אשכולינה דיאט,ליטרים,1.50,ליטר,false,0,5.90,3.93,true,1,
7290002673255,false,"סיליט מסיר אבנית 500 מ""ל",רקיט בנקיזר,IL,סיליט מסיר אבנית,מיליליטרים,500.00,"100 מ""ל",false,0,14.50,2.90,true,1,
7290002674238,false,"מ.אקווה פרש מנטול125מ""ל",ג.' אס.קיו,GB,משחת אקווה פרש,מיליליטרים,125.00,"100 מ""ל",false,0,8.90,7.12,true,1,
7290002674269,false,"מש.אקווה פרש עדין125מ""ל",ג.' אס.קיו,IL,משחת שיניים,מיליליטרים,125.00,"100 מ""ל",false,0,8.90,7.12,true,1,
7290002674313,false,משחת מנטה עם פלרואיד100מ,ג.' אס.קיו,GB,משחת שיניים,מיליליטרים,100.00,"100 מ""ל",false,0,5.90,5.90,true,1,
7290002692393,false,שמן קנולה מועשר 1 ליטר,שמן תעשיות,IL,שמן קנולה מועשר,ליטרים,1.00,ליטר,false,0,13.80,13.80,true,1,
7290002692409,false,שמן חמניות מועשר ויטמיןE,שמן תעשיות,IL,שמן חמניות,ליטרים,1.00,ליטר,false,0,13.80,13.80,true,1,
7290002692478,false,שמן זית מעודן כ.מעולה750,שמן תעשיות,IL,שמן זית מעודן,מיליליטרים,750.00,"100 מ""ל",false,0,33.90,4.52,true,1,
7290002692553,false,"זיתולה עץ הזית 750 מ""ל",שמן תעשיות,IL,זיתולה עץ הזית,מיליליטרים,750.00,"100 מ""ל",false,0,12.90,1.72,true,1,
7290002692768,false,"תרסיס שמן קנולה 200 מ""ל",שמן תעשיות,US,תרסיס שמן קנולה,מיליליטרים,200.00,"100 מ""ל",false,0,13.70,6.85,true,1,
7290002692782,false,"תרסיס שמן זית 148 מ""ל",שמן תעשיות,US,"תרסיס שמן זית 148 מ""ל",מיליליטרים,148.00,"100 מ""ל",false,0,13.70,9.26,true,1,
7290002703068,false,דבש טהור בצנצנת,,IL,דבש טהור בצנצנת,קילוגרמים,1.00,"ק""ג",false,0,43.00,43.00,true,1,
7290002703143,false,דבש מגובש מפרחי בר 950גר,,,דבש מגובש מפרחי בר 950גר,גרמים,950.00,100 גרם,false,0,50.00,5.26,true,1,
7290002703167,false,דבש מגובש מפרחי הדר 950ג,,,דבש מגובש מפרחי הדר 950ג,גרמים,950.00,100 גרם,false,0,50.00,5.26,true,1,
7290002703358,false,צנצנת דבש זכוכית 350 גרם,,IL,צנצנת דבש זכוכית 350 גרם,גרמים,350.00,100 גרם,false,0,16.80,4.80,true,1,
7290002706168,false,פיצה טייסט פקטורי 505גרם,נטו,IL,פיצה טייסט פקטור,גרמים,505.00,100 גרם,false,0,25.30,5.01,true,1,
7290002706175,false,פיצה טייסט פקטורי זיתים,גרין אייל,IL,פיצה טייסט פקטורי זיתים,גרמים,550.00,100 גרם,false,0,26.30,4.78,true,1,
7290002706731,false,"רצועות פילה נילוס בעל""ז",דלידג - נטו,IL,"רצועות פילה נילוס בעל""ז",קילוגרמים,0.00,"ק""ג",true,0,51.90,51.90,true,1,
7290002706830,false,סרדינים בשמן זית 125*3ג,פוסידון תעשיות,IL,סרדינים 3 יח,גרמים,375.00,100 גרם,false,0,18.70,4.99,true,1,
7290002706915,false,"פילה נסיכת נילוס ק""ג",דלידג - נטו,IL,פילה נסיכת נילוס,קילוגרמים,0.00,"ק""ג",true,0,39.90,39.90,true,1,
7290002715375,false,קבב יוני 400 גרם,טיבון ויל - נטו,IL,קבב יווני,גרמים,400.00,100 גרם,false,0,19.70,4.93,true,1,
7290002715511,false,מג'יק אטריות,,,מג'יק אטריות,גרמים,70.00,100 גרם,false,0,4.50,6.43,true,1,
7290002730262,false,פלמוליב קלאסי ירוק 750מל,קולגייט-פלמוליב,GR,פלמוליב לכלים,מיליליטרים,750.00,"100 מ""ל",false,0,9.70,1.29,true,1,
7290002730316,false,משחת שיניים קולגייט3 75*,קולגייט-פלמוליב,IL,משחת שיניים,מיליליטרים,225.00,"100 מ""ל",false,0,20.00,8.89,true,1,
7290002730668,false,משחת קולגייט לחניכיים100,קולגייט-פלמוליב,PL,משחת קולגייט לחניכיים100,מיליליטרים,100.00,"100 מ""ל",false,0,14.90,14.90,true,1,
7290002730675,false,"משחת קולגייט אדום 100מ""ל",קולגייט-פלמוליב,PL,משחת שיניים,מיליליטרים,100.00,"100 מ""ל",false,0,9.50,9.50,true,1,
7290002730811,false,משחה קולגייט ג'ל 100 גרם,קולגייט-פלמוליב,PL,משחת קולגייט ג'ל,מיליליטרים,100.00,"100 מ""ל",false,0,12.50,12.50,true,1,
7290002730927,false,סב.פלמוליב חלב ודבש100*4,קולגייט-פלמוליב,TR,סבון פלמוליב 4יח,גרמים,400.00,100 גרם,false,0,16.80,4.20,true,1,
7290002730941,false,"צמר גפן פרוס ""בלונס100""ג",ספטונה,GR,צמר גפן פרוס,גרמים,100.00,100 גרם,false,0,5.90,5.90,true,1,
7290002730958,false,סב.פלמוליב ירוק 100*4 גר,קולגייט-פלמוליב,TR,סבון פלמוליב 4יח,גרמים,400.00,100 גרם,false,0,16.80,4.20,true,1,
7290002731474,false,פיצה דקה משולש תפ' יח,שלושת האופים,IL,פיצה דקה,יחידה,1.00,יחידה,false,0,2.50,2.50,true,1,
7290002741077,false,כריות צוקולדה 750 גרם,יוניליוור,IL,כריות צוקולדה,גרמים,750.00,100 גרם,false,0,19.90,2.65,true,1,
7290002741084,false,8חטיפי דגנ.שוגי צדף שוקו,יוניליוור,IL,חטיפי דגנים 8 יח,גרמים,184.00,100 גרם,false,0,15.80,8.59,true,1,
7290002741091,false,חטיפי דגנים שוגי שוק8.יח,יוניליוור,IL,חטיפי דגנים 8 יח,גרמים,184.00,100 גרם,false,0,15.80,8.59,true,1,
7290002741497,false,בייגלה אצבעות שומשום300ג,יוניליוור,IL,בייגלה שומשום,גרמים,300.00,100 גרם,false,0,7.90,2.63,true,1,
7290002752332,false,סוכ.מנטוס טעם פירות37.5ג,מנטוס,NL,סוכריות מנטוס,גרמים,37.00,100 גרם,false,0,3.30,8.92,true,1,
7290002752349,false,סוכ. מנטוס מנטה 37.5 גרם,מנטוס,NL,סוכריות מנטוס,גרמים,37.00,100 גרם,false,0,3.30,8.92,true,1,
7290002753223,false,סוכ.טיק טק תפוז 16X4 גר,פררו - אלבה,EC,סוכריות טיק טק,גרמים,64.00,100 גרם,false,0,10.90,17.03,true,1,
7290002753995,false,סט דרז'ה צבעוני קישוט150,וורנר טורנש,DE,סט דרז'ה צבעוני,גרמים,150.00,100 גרם,false,0,18.10,12.07,true,1,
7290002757139,false,מלווח 700 גרם,אופרה,IL,מלווח 700 גרם,גרמים,700.00,100 גרם,false,0,13.80,1.97,true,1,
7290002757146,false,קובה חמוסטה 1קג,שלושת האופים,IL,קובה חמוסטה,גרמים,1000.00,100 גרם,false,0,24.90,2.49,true,1,
7290002757511,false,קציצות דג לבישול 750 גרם,דלידג - נטו,IL,קציצות דג,גרמים,750.00,100 גרם,false,0,30.60,4.08,true,1,
7290002757528,false,"בורקס פילו תפו""א 700 גרם","שגמור בע""מ",IL,"בורקס פילו תפו""א",גרמים,700.00,100 גרם,false,0,20.70,2.96,true,1,
7290002757535,false,בור.פילו אצבעות גב700.גר,"שגמור בע""מ",IL,פילו אצבעות,גרמים,700.00,100 גרם,false,0,20.70,2.96,true,1,
7290002757542,false,אטריות קדאיף 400 גרם,"שגמור בע""מ",IL,אטריות קדאיף,גרמים,400.00,100 גרם,false,0,17.80,4.45,true,1,
7290002759126,false,מארז מיני פיתה 10יח50*גר,מעיין תעשיות מאפה,IL,מיני פיתה 10 יח',גרמים,500.00,100 גרם,false,0,9.90,1.98,true,1,
7290002759478,false,מארז חצי ג'בטה 4יח,גידרון,IL,מארז חצי ג'בטה,יחידה,1.00,יחידה,false,0,11.90,11.90,true,1,
7290002768036,false,"מי פה תיאדנט 150מ""ל",קרליין,IL,מי פה תיאדנט,מיליליטרים,150.00,"100 מ""ל",false,0,16.80,11.20,true,1,
7290002768043,false,מי פה תיאדנט+פלאוריד150מ,קרליין,IL,מי פה תיאדנט,מיליליטרים,150.00,"100 מ""ל",false,0,16.80,11.20,true,1,
7290002768159,false,בת אורן סבון נוזלי 500מל,קרליין,IL,סבון אמבט בת אור,מיליליטרים,500.00,"100 מ""ל",false,0,18.60,3.72,true,1,
7290002771104,false,קפה אל נח'לה עם הל 500גר,קפה אל נח'לה,IL,קפה עם הל,גרמים,500.00,100 גרם,false,0,30.20,6.04,true,1,
7290002771111,false,קפה אל נח'לה עם הל250גרם,קפה אל נח'לה,IL,קפה עם הל,גרמים,250.00,100 גרם,false,0,15.70,6.28,true,1,
7290002775010,false,מיני בורקס פילו גבינה 50,"שגמור בע""מ",IL,מיני בורקס פילו,גרמים,650.00,100 גרם,false,0,20.70,3.18,true,1,
7290002782742,false,"דאודורנט לאישה 150 מ""ל","ביסקול בע""מ",IL,דאודורנט פנינה,מיליליטרים,150.00,"100 מ""ל",false,0,16.70,11.13,true,1,
7290002782759,false,"קרם גוף מס2' פנינה340מ""ל",א.ל ארמן,IL,קרם גוף פנינה,מיליליטרים,340.00,"100 מ""ל",false,0,21.90,6.44,true,1,
7290002787464,false,פילה ברבוניה 400 גרם,דלידג - נטו,IL,פילה ברבוניה,גרמים,400.00,100 גרם,false,1,24.70,6.18,true,1,
7290002787761,false,גבינה צהובה עלמה26% משקל,מלקוויטה,PL,גבינה צהובה עלמה,קילוגרמים,0.00,"ק""ג",true,0,35.00,35.00,true,1,
7290002787822,false,גב.גאודה עלמה פרוסה 400ג,מלקפול,PL,גבינת גאודה,גרמים,400.00,100 גרם,false,1,15.50,3.88,true,1,
7290002787884,false,"מקלות בורקס פילו תפו""א",נטו,IL,מקלות בורקס פילו,גרמים,600.00,100 גרם,false,10,20.70,3.45,true,1,
7290002787891,false,מקלות בורקס פילו תרד 600,נטו,IL,מקלות בורקס פילו,גרמים,600.00,100 גרם,false,10,20.70,3.45,true,1,
7290002800361,false,המבורגר מסעדות 500 גרם,מעדני הטלה,IL,המבורגר מסעדות,גרמים,500.00,100 גרם,false,0,28.60,5.72,true,1,
7290002812522,false,פרלמנט ארוך RCB חפיסה,פיליפ מוריס,,פרלמנט ארוך יח,יחידה,1.00,יחידה,false,0,37.00,37.00,false,1,
7290002814023,false,אסלונית לניקוי אסלות750מ,קומפלקס כימיקלים,IL,אסלונית,מיליליטרים,750.00,"100 מ""ל",false,0,7.80,1.04,true,1,
7290002814047,false,אקונומיקה קצף ניקוי750מ,קומפלקס כימיקלים,IL,אקונומיקה קצף,מיליליטרים,750.00,"100 מ""ל",false,1,8.90,1.19,true,1,
7290002814078,false,אנטרטיק לניקוי אמבטיה1ל,קומפלקס כימיקלים,IL,אנטרטיק לאמבט,ליטרים,1.00,ליטר,false,0,9.30,9.30,true,1,
7290002814160,false,מסיר שומנים סנט מוריץ 1ל,קומפלקס כימיקלים,IL,מסיר שומנים,ליטרים,1.00,ליטר,false,1,18.90,18.90,true,1,
7290002814214,false,קצף ניקוי מסיר עובש750מל,קומפלקס כימיקלים,IL,קצף ניקוי,מיליליטרים,750.00,"100 מ""ל",false,0,10.30,1.37,true,1,
7290002814405,false,שמפו לכלים לבנדר 1.5ל,קומפלקס כימיקלים,IL,שמפו לכלים,ליטרים,1.50,ליטר,false,1,10.90,7.27,true,1,
7290002814511,false,סבונומיקה 4 ליטר,קומפלקס כימיקלים,IL,סבונומיקה,ליטרים,4.00,ליטר,false,0,9.80,2.45,true,1,
7290002814528,false,נוזל לאסלה מס' 1 1 ליטר,קומפלקס כימיקלים,IL,נוזל לאסלה מס' 1,ליטרים,1.00,ליטר,false,0,6.60,6.60,true,1,
7290002814689,false,"שמפו לכלים 3 יח750X'מ""ל",קומפלקס כימיקלים,,שמפו לכלים,ליטרים,2.25,ליטר,false,0,18.40,8.18,true,1,
7290002814928,false,פרלמנט קצר בודד,פיליפ מוריס,IL,פרלמנט קצר בודד,יחידה,1.00,יחידה,false,0,37.00,37.00,false,1,
7290002814931,false,שמפו רצפות סנט מוריץ 4ל',קומפלקס כימיקלים,,שמפו רצפות סנט מוריץ 4ל',ליטרים,4.00,ליטר,false,0,12.20,3.05,true,1,
7290002814955,false,שמפו לכלים סנט מוריץ 4ל',קומפלקס כימיקלים,IL,שמפו לכלים סנט מוריץ 4ל',ליטרים,4.00,ליטר,false,0,19.60,4.90,true,1,
7290002824183,false,גב.סקי משפחתי5%שומן500ג,שטראוס,IL,גבינת סקי 5%,גרמים,500.00,100 גרם,false,0,9.20,1.84,true,1,
7290002824466,false,יוגורט ביו 0% דנונה 200ג,שטראוס,IL,יוגורט ביו 0%,גרמים,200.00,100 גרם,false,0,3.60,1.80,true,1,
7290002824640,false,גב.סקי5%לבנה מעודנת250ג,שטראוס,IL,גבינת סקי 5%,גרמים,250.00,100 גרם,false,0,4.60,1.84,true,1,
7290002825692,false,סלט חומוס אחלה 500 גרם,שטראוס,IL,סלט חומוס,גרמים,500.00,100 גרם,false,0,9.80,1.96,true,1,
7290002825722,false,כרוב אדום אחלה 500 גרם,שטראוס,IL,סלט כרוב אחלה,גרמים,500.00,100 גרם,false,0,10.90,2.18,true,1,
7290002830207,false,גפילטע פיש,,IL,גפילטע פיש,גרמים,520.00,100 גרם,false,0,10.90,2.10,true,1,
7290002830948,false,גבינת מון בלאן עיזים120ג,נטו,IL,גבינת מון בלאן,גרמים,120.00,100 גרם,false,0,10.00,8.33,true,1,
7290002842002,false,קואקר אנגלי,,GB,קואקר אנגלי,גרמים,500.00,100 גרם,false,0,11.00,2.20,true,1,
7290002852724,false,ל.מ. בלו לייבל קצר,פיליפ מוריס,US,ל.מ. בלו לייבל,יחידה,1.00,יחידה,false,0,32.50,32.50,false,1,
7290002854528,false,ל.מ. רד לייבל קצר,פיליפ מוריס,US,ל.מ. רד לייבל,יחידה,1.00,יחידה,false,0,32.50,32.50,false,1,
7290002862000,false,אריסה תוניסאית 250 גרם,"הררית מזון בע""מ",IL,אריסה תוניסאית,גרמים,250.00,100 גרם,false,0,11.90,4.76,true,1,
7290002862017,false,שום כתוש 250 גרם,"הררית מזון בע""מ",IL,שום כתוש,גרמים,250.00,100 גרם,false,0,11.90,4.76,true,1,
7290002868446,false,גב.מותכת ניו-יורק 25*4גר,טרה,IL,גב.מותכת ניו-יורק 25*4גר,גרמים,100.00,100 גרם,false,0,3.90,3.90,true,1,
7290002868996,false,קוטג' 5%מועשר בסידן 250ג,טרה,IL,קוטג' 5% מועשר,גרמים,250.00,100 גרם,false,0,5.20,2.08,true,1,
7290002871361,false,בירה קרלסברג בק.חוזר500מ,קרלסברג ישראל,IL,בירה קרלסברג,מיליליטרים,500.00,"100 מ""ל",false,0,8.40,1.68,true,1,
7290002871446,false,פריגת ענבים 1.5 ליטר,פריגת,IL,פריגת ענבים,ליטרים,1.50,ליטר,false,0,6.50,4.33,true,1,
7290002874629,false,פרלמנט ארוך RCB בלו חפ,פיליפ מוריס,,פרלמנט ארוך יח,יחידה,1.00,יחידה,false,0,37.00,37.00,false,1,
7290002876326,false,פרלמנט קצר בלו בודד,פיליפ מוריס,IL,פרלמנט קצר בלו,יחידה,1.00,יחידה,false,0,37.00,37.00,false,1,
7290002881209,false,"רסק תפו""ע 700 גרם",KONSERVENFABRIEK BALTUSSEN,US,"רסק תפו""ע",גרמים,700.00,100 גרם,false,0,10.00,1.43,true,1,
7290002881216,false,"רסק תפו""ע דיאט צנצנת700ג",KONSERVENFABRIEK BALTUSSEN,NL,"רסק תפו""ע דיאט",גרמים,700.00,100 גרם,false,0,10.00,1.43,true,1,
7290002881254,false,קוקטייל פירות טרופים820ג,סאנרייז אגריקלטור,VN,קוקטייל פירות,גרמים,820.00,100 גרם,false,1,8.90,1.09,true,1,
7290002881920,false,מרלבורו גולד 100 בוקס,פיליפ מוריס,IL,מרלבורו גולד,יחידה,1.00,יחידה,false,0,34.50,34.50,false,1,
7290002886925,false,מרלבורו גולד קצר בוקס,פיליפ מוריס,US,מרלבורו גולד קצר,יחידה,1.00,יחידה,false,0,34.50,34.50,false,1,
7290002900566,false,פסטרמה ברביקיו מופחת360ג,טירת צבי,IL,פסטרמה ברביקיו,גרמים,360.00,100 גרם,false,0,29.90,8.31,true,1,
7290002904694,false,דאו.טיטניום תרסיס 180 מל,קרליין,,דאודורנט טיטניום,מיליליטרים,180.00,"100 מ""ל",false,0,14.90,8.28,true,1,
7290002909569,false,פילה ברבוניה 420 גרם,.,IL,פילה ברבוניה,גרמים,420.00,100 גרם,false,1,24.70,5.88,true,1,
7290002923466,false,בקר טחון קפוא 1קג,טיבון ויל - נטו,IL,בקר טחון קפוא,גרמים,1000.00,100 גרם,false,0,39.60,3.96,true,1,
7290002923657,false,סינטה מיושן אלגאוצ'ו חלק,אלגרצ'ו,IL,סינטה מיושן חלק,קילוגרמים,0.00,"ק""ג",true,0,99.10,99.10,true,1,
7290002925798,false,מ.שיניים+ מי פה,,IL,מ.שיניים+ מי פה,מיליליטרים,120.00,"100 מ""ל",false,0,16.00,13.33,true,1,
7290002929512,false,פלאפל 500 גרם,שלושת האופים,IL,פלאפל,גרמים,500.00,100 גרם,false,0,13.80,2.76,true,1,
7290002930808,false,רבע כבש עטרה מחיר לפי מש,עטרה,AR,רבע כבש עטרה מחיר לפי מש,קילוגרמים,0.00,"ק""ג",true,0,79.90,79.90,true,1,
7290002954200,false,אורז יסמין,,TH,אורז יסמין,קילוגרמים,1.00,"ק""ג",false,0,8.80,8.80,true,1,
7290002954477,false,"אורז אוסטרלי עגול 5 ק""ג",רייס גרוברס,US,אורז אוסטרלי,קילוגרמים,5.00,"ק""ג",false,0,47.00,9.40,true,1,
7290002987963,false,"חומוס אחלה 1 ק""ג",שטראוס,IL,"חומוס אחלה 1 ק""ג",קילוגרמים,1.00,"ק""ג",false,0,13.50,13.50,true,1,
7290003009138,false,סירופ לימונים פריגת 750מ,פריגת,IL,סירופ לימונים,מיליליטרים,750.00,"100 מ""ל",false,0,11.90,1.59,true,1,
7290003009145,false,"סירופ ענבים פריגת 750מ""ל",פריגת,IL,סירופ ענבים,מיליליטרים,750.00,"100 מ""ל",false,0,11.90,1.59,true,1,
7290003009152,false,"סירופ פטל פריגת 750 מ""ל",פריגת,IL,סירופ פטל,מיליליטרים,750.00,"100 מ""ל",false,0,11.90,1.59,true,1,
7290003009183,false,"סירופ תפוחים דיאט 750מ""ל",פריגת,IL,סירופ תפוחים,מיליליטרים,750.00,"100 מ""ל",false,0,17.00,2.27,true,1,
7290003009572,false,סירופ תפוזים פריגת 1.5ל',פריגת,IL,סירופ תפוזים,ליטרים,1.50,ליטר,false,0,19.70,13.13,true,1,
7290003009589,false,"סירופ לימונים דיאט750מ""ל",פריגת,IL,סירופ לימונים,מיליליטרים,750.00,"100 מ""ל",false,0,17.00,2.27,true,1,
7290003009596,false,סירופ אשכוליות דיאט750מל,פריגת,IL,סירופ אשכוליות,מיליליטרים,750.00,"100 מ""ל",false,0,17.00,2.27,true,1,
7290003009619,false,סירופ ענבים פריגת 1.5 ל',פריגת,IL,סירופ ענבים,ליטרים,1.50,ליטר,false,0,19.70,13.13,true,1,
7290003009626,false,סירופ פטל פריגת 1.5 ליטר,פריגת,IL,סירופ פטל,ליטרים,1.50,ליטר,false,0,19.70,13.13,true,1,
7290003009633,false,סירופ לימונים פריגת 1.5ל,פריגת,IL,סירופ לימונים,ליטרים,1.50,ליטר,false,0,19.70,13.13,true,1,
7290003009640,false,מיץ תפוזים סחוט 1 ליטר,פריגת,IL,מיץ תפוזים סחוט 1 ליטר,ליטרים,1.00,ליטר,false,0,14.40,14.40,true,1,
7290003009657,false,מיץ סחוט אשכולית אדום1ל',פריגת,IL,מיץ סחוט אשכולית אדום1ל',ליטרים,1.00,ליטר,false,0,14.40,14.40,true,1,
7290003015467,false,תחליב רחצה בייבי כיף 1ל,קוסמופארם,IL,תחליב רחצה בייבי,ליטרים,1.00,ליטר,false,0,12.90,12.90,true,1,
7290003015474,false,מגבונ.עבים בייבי כיף72*4,קוסמופארם,IL,מגבוני בייבי כיף,יחידה,1.00,יחידה,false,0,17.90,17.90,true,1,
7290003015627,false,סנו ריצפז פרש אפרסק2ליטר,סנו,IL,ריצפז פרש,ליטרים,2.00,ליטר,false,0,18.70,9.35,true,1,
7290003015641,false,סנו ריצפז פרש יסמין2ליטר,סנו,IL,ריצפז פרש,ליטרים,2.00,ליטר,false,0,18.70,9.35,true,1,
7290003023165,false,שוקו בכד יטבתה 2 ליטר,יטבתה,IL,שוקו בכד יטבתה,ליטרים,2.00,ליטר,false,0,15.00,7.50,true,1,
7290003026036,false,קמיל בלו סנסיטיב ורוד 1ל,פישר  מעבדות  פרמצבטיות,IL,קמיל בלו סנסיטיב ורוד 1ל,ליטרים,1.00,ליטר,false,0,21.90,21.90,true,1,
7290003026227,false,שמפו קמיל בלו אל דמע 1 ל,פישר  מעבדות  פרמצבטיות,IL,שמפו קמיל בלו,ליטרים,1.00,ליטר,false,0,21.90,21.90,true,1,
7290003029037,false,שוקו בקרטון יטבתה 0.5 ל',יטבתה,IL,שוקו יטבתה קרטון,מיליליטרים,500.00,"100 מ""ל",false,0,6.60,1.32,true,1,
7290003029181,false,שוקו יטבתה בבקבוק 1 ליטר,יטבתה,IL,שוקו יטבתה,ליטרים,1.00,ליטר,false,0,11.80,11.80,true,1,
7290003029266,false,מילק שייק שוקו יטבתה400מ,יטבתה,IL,מילק שייק שוקו,מיליליטרים,400.00,"100 מ""ל",false,0,6.40,1.60,true,1,
7290003029372,false,משקה חלב בננה בקבוק 1 ל',יטבתה,IL,משקה חלב בננה,ליטרים,1.00,ליטר,false,0,11.80,11.80,true,1,
7290003029389,false,משקה בננה יטבתה+פקק 250מ,יטבתה,IL,משקה בננה,מיליליטרים,250.00,"100 מ""ל",false,0,5.30,2.12,true,1,
7290003029433,false,שוקו יטבתה+פקק נשלף 250מ,יטבתה,IL,שוקו יטבתה,מיליליטרים,250.00,"100 מ""ל",false,0,5.30,2.12,true,1,
7290003029532,false,מוקה יטבתה בקבוק 2% 1ל,יטבתה,IL,מוקה יטבתה בקבוק,ליטרים,1.00,ליטר,false,0,11.80,11.80,true,1,
7290003029792,false,מארז שוקו יטבתה 225*8 מל,יטבתה,IL,שקיות שוקו 8 יח',ליטרים,1.80,ליטר,false,0,18.90,10.50,true,1,
7290003029815,false,חלב מועשר יטבתה 3%כד 2ל',יטבתה,IL,חלב מועשר יטבתה,ליטרים,2.00,ליטר,false,0,12.90,6.45,true,1,
7290003029907,false,אייס קפה יטבתה 2% 1ל,יטבתה,IL,אייס קפה יטבתה,ליטרים,1.00,ליטר,false,0,11.80,11.80,true,1,
7290003031733,false,פסטרמה על גחלים 400 גרם,טירת צבי,IL,פסטרמה על גחלים,גרמים,400.00,100 גרם,false,0,29.60,7.40,true,1,
7290003031740,false,פסטרמה הודו בדבש 400 גרם,טירת צבי,IL,פסטרמה הודו בדבש,גרמים,400.00,100 גרם,false,0,31.40,7.85,true,1,
7290003047635,false,ליפטון ילו לייבל25שק1.5*,יוניליוור,IN,תה ילו לייבל,גרמים,37.00,100 גרם,false,0,7.50,20.27,true,1,
7290003047642,false,ליפטון ילו לייבל100ש1.5*,יוניליוור,IN,תה ילו לייבל,גרמים,150.00,100 גרם,false,0,16.80,11.20,true,1,
7290003054657,false,חרדל אקסטרא פורטה 370גרם,ריין דיג'ון,FR,חרדל דיז'ון,גרמים,370.00,100 גרם,false,0,10.00,2.70,true,1,
7290003056927,false,לחם שיפון קל פרוס 500גרם,,IL,לחם שיפון קל פרוס 500גרם,גרמים,500.00,100 גרם,false,0,11.70,2.34,true,1,
7290003060047,false,קמח תופח,,IL,קמח תופח,קילוגרמים,1.00,"ק""ג",false,0,6.90,6.90,true,1,
7290003069583,false,סטייק סלמון פרוס נורווגי,דלידג - נטו,XX,סטייק סלמון,קילוגרמים,0.00,"ק""ג",true,0,49.50,49.50,true,1,
7290003069682,false,בצק פילאס 500 גרם,"שגמור בע""מ",IL,בצק פילאס,גרמים,500.00,100 גרם,false,0,18.70,3.74,true,1,
7290003075553,false,לבנה  רג'ב 500 גרם,מחלבת רג'ב,IL,לבנה רג'ב,גרמים,500.00,100 גרם,false,0,16.90,3.38,true,1,
7290003075652,false,לבנה 11%שומן 250 גרם,מחלבת רג'ב,IL,לבנה רג'ב,גרמים,250.00,100 גרם,false,0,8.90,3.56,true,1,
7290003075805,false,גב. ברינזה רג'ב15% 400ג,מחלבת רג'ב,IL,גב. ברינזה רג'ב15% 400ג,גרמים,400.00,100 גרם,false,0,24.90,6.23,true,1,
7290003075850,false,לבנה עם זעתר 250 גרם,מחלבת רג'ב,IL,לבנה עם זעתר,גרמים,250.00,100 גרם,false,0,9.80,3.92,true,1,
7290003107216,false,"קמח לבן 1 ק""ג",טחנת קמח דגן לישראל,IL,קמח לבן,קילוגרמים,1.00,"ק""ג",false,0,4.90,4.90,true,1,
7290003107223,false,"סולת 1 ק""ג",טחנת קמח דגן לישראל,IL,סולת,קילוגרמים,1.00,"ק""ג",false,0,4.90,4.90,true,1,
7290003107353,false,משפר אפייה ביתי 30 גרם,שטיבל,,משפר אפייה ביתי,גרמים,30.00,100 גרם,false,0,5.90,19.67,true,1,
7290003119110,false,קוקה קולה 1.5*6 ליטר,החברה המרכזית לייצור משקאות,IL,קוקה קולה 1.5*6ל,ליטרים,9.00,ליטר,false,0,34.90,3.88,true,1,
7290003119165,false,קוקה קולה דיאט 1.5*6ל,החברה המרכזית לייצור משקאות,IL,קולה דיאט 6 יח,ליטרים,9.00,ליטר,false,0,35.90,3.99,true,1,
7290003121090,false,מרק מג'יק אטריות,,,מרק מג'יק אטריות,גרמים,85.00,100 גרם,false,0,3.90,4.59,true,1,
7290003126712,false,יוגורט עיזים ביו 3% 140ג,משק צוריאל תבור,IL,יוגורט ביו 3%,גרמים,140.00,100 גרם,false,0,5.70,4.07,true,1,
7290003126958,false,טופו טבעי בוואקום 300גרם,משק צוריאל תבור,IL,טופו טבעי בוואקום 300גרם,גרמים,300.00,100 גרם,false,0,12.80,4.27,true,1,
7290003130184,false,"פיניש מלח למדיח 2*2 ק""ג",רקיט בנקיזר,IL,מלח למדיח 2 יח,קילוגרמים,4.00,"ק""ג",false,0,26.40,6.60,true,1,
7290003133123,false,לחם מקמח שיפון,,IL,לחם מקמח שיפון,גרמים,750.00,100 גרם,false,0,11.80,1.57,true,1,
7290003142613,false,הוטפופ בתוספת מלח100*5ג,פופז,US,הוטפופ מלח,גרמים,500.00,100 גרם,false,0,10.90,2.18,true,1,
7290003143146,false,ממרח תמרים גת 450 גרם,טעמי הגליל,IL,ממרח תמרים,גרמים,450.00,100 גרם,false,0,5.90,1.31,true,1,
7290003143276,false,מרשמלו רול יוגטה 180 גרם,תות ממתקי איכות,IL,מרשמלו רול,גרמים,180.00,100 גרם,false,0,4.90,2.72,true,1,
7290003144020,false,שוק.מריר 60% צ'וקטה 100ג,קומרשל שוקולד לקאזה אז.איי,ES,שוקולד מריר 60%,גרמים,100.00,100 גרם,false,0,4.90,4.90,true,1,
7290003144037,false,צ'וקטה אבקת קקאו 150 גרם,אייברקקאו אס.אי.,ES,צ'וקטה אבקת קקאו,גרמים,150.00,100 גרם,false,1,7.90,5.27,true,1,
7290003144068,false,שוק.מריר 60% צ'וקטה3*100,קומרשל שוקולד לקאזה אז.איי,ES,שוקולד מריר 60%,גרמים,300.00,100 גרם,false,1,9.90,3.30,true,1,
7290003144082,false,עוגות אישיות צ'וקטה300גר,קונדיטוריה אס.פי.אי,IT,עוגות אישיות,גרמים,300.00,100 גרם,false,1,9.90,3.30,true,1,
7290003144105,false,עוגות אישיות קרמל 300גרם,קונדיטוריה אס.פי.אי,IT,עוגות אישיות,גרמים,300.00,100 גרם,false,1,9.90,3.30,true,1,
7290003144525,false,"אבק.שוקו צ'וקטה כשל""פ400",אייברקקאו אס.אי.,ES,אבקת שוקו צ'וקטה,גרמים,400.00,100 גרם,false,1,8.90,2.23,true,1,
7290003144617,false,שוקולד חלב צ'וקטה 100*3ג,קומרשל שוקולד לקאזה אז.איי,ES,שוקולד חלב 3 יח,גרמים,300.00,100 גרם,false,1,9.90,3.30,true,1,
7290003153831,false,שוש חטיף בוטנים 80 גרם,עלית,IL,שוש חטיף בוטנים,גרמים,80.00,100 גרם,false,0,3.90,4.88,true,1,
7290003158980,false,מארז פיתה פרנה 3יח180*גר,מאפיית אורן משי,IL,פיתה פרנה,גרמים,540.00,100 גרם,false,0,12.40,2.30,true,1,
7290003185719,false,קבב רומני 500 גרם,טיבון ויל - נטו,IL,קבב רומני,גרמים,500.00,100 גרם,false,0,21.30,4.26,true,1,
7290003185726,false,קבב מזרחי 500 גרם,טיבון ויל - נטו,IL,קבב מזרחי,גרמים,500.00,100 גרם,false,0,19.30,3.86,true,1,
7290003187843,false,טחון עגל 100% 500 גרם,טיבון ויל - נטו,IL,טחון עגל 100%,גרמים,500.00,100 גרם,false,0,29.30,5.86,true,1,
7290003189076,false,פיצרלה מגורדת22% 500 גרם,כפיר,IL,פיצרלה מגורדת,גרמים,500.00,100 גרם,false,0,14.90,2.98,true,1,
7290003189205,false,הצהובה לייט 9%קלאסית200ג,כפיר,IL,הצהובה טובה לייט,גרמים,200.00,100 גרם,false,0,10.00,5.00,true,1,
7290003189557,false,צהובה טובה מעושנת%5 200ג,כפיר,IL,הצהובה טובה לייט,גרמים,200.00,100 גרם,false,0,10.00,5.00,true,1,
7290003208586,false,מרטיני ביאנקו,,IT,מרטיני ביאנקו,מיליליטרים,750.00,"100 מ""ל",false,0,44.90,5.99,true,1,
7290003208609,false,מרטיני רוסו אדום,,,מרטיני רוסו אדום,מיליליטרים,750.00,"100 מ""ל",false,0,44.90,5.99,true,1,
7290003220502,false,"מי קוקוס 400 מ""ל",תאי קוקונאט,TH,מי קוקוס,מיליליטרים,400.00,"100 מ""ל",false,0,6.90,1.73,true,1,
7290003220519,false,"קרם קוקוס גולד 400 מ""ל",אזיאטיק אגרו אינדסטרי,TH,קרם קוקוס גולד,מיליליטרים,400.00,"100 מ""ל",false,0,9.90,2.48,true,1,
7290003220687,false,אבקת וואסבי 35 גרם,לאנה פרודקטס,TH,אבקת וואסבי,גרמים,35.00,100 גרם,false,0,15.80,45.14,true,1,
7290003220724,false,מקלות לסושי,קוסומאי במבוק,TH,מקלות לסושי,יחידה,1.00,יחידה,false,0,6.80,6.80,true,1,
7290003220748,false,"רוטב סויה בהירה 640 מ""ל",ליאנג סאנג האנד,TH,רוטב סויה בהירה,מיליליטרים,640.00,"100 מ""ל",false,0,15.90,2.48,true,1,
7290003220830,false,"חומץ אורז 500 מ""ל",דיאמונד פריזרוד פודס,TH,חומץ אורז,מיליליטרים,500.00,"100 מ""ל",false,0,14.80,2.96,true,1,
7290003220878,false,"רוטב מירין לתיבול 500מ""ל",דיאמונד פריזרוד פודס,TH,רוטב מירין,מיליליטרים,500.00,"100 מ""ל",false,0,21.70,4.34,true,1,
7290003220908,false,ג'ינג'ר 227 גרם,פנטה אמפאק,IL,ג'ינג'ר 227 גרם,גרמים,227.00,100 גרם,false,0,12.80,5.64,true,1,
7290003224128,false,"כיסונים עם תפו""א 800 גרם",מאמא מרי,IL,"כיסונים עם תפו""א",גרמים,800.00,100 גרם,false,0,12.40,1.55,true,1,
7290003229109,false,פסטרמה בפפריקה 400 גרם,טירת צבי,IL,פסטרמה בפפריקה,גרמים,400.00,100 גרם,false,0,31.40,7.85,true,1,
7290003229116,false,פסטרמה הודו בדבש 400 גרם,טירת צבי,IL,פסטרמה הודו בדבש,גרמים,400.00,100 גרם,false,0,31.40,7.85,true,1,
7290003229123,false,פסטרמה על גחלים 400 גרם,טירת צבי,IL,פסטרמה על גחלים,גרמים,400.00,100 גרם,false,0,31.70,7.93,true,1,
7290003229147,false,סלמי איטלקי 300 גרם,טירת צבי,IL,סלמי איטלקי,גרמים,300.00,100 גרם,false,0,28.90,9.63,true,1,
7290003229154,false,סלמי קוניאק 300 גרם,טירת צבי,IL,סלמי קוניאק,גרמים,300.00,100 גרם,false,0,28.90,9.63,true,1,
7290003229192,false,כתף בקר מעושן 400 גרם,טירת צבי,IL,כתף בקר מעושן,גרמים,400.00,100 גרם,false,0,32.40,8.10,true,1,
7290003229222,false,סלמי תה משובח 300 גרם,טירת צבי,IL,סלמי תה משובח,גרמים,300.00,100 גרם,false,0,21.20,7.07,true,1,
7290003231270,false,דאו.דאב סטיק פרש טאצ50'ג,יוניליוור,MX,דאודורנט דאב,גרמים,50.00,100 גרם,false,0,28.00,56.00,true,1,
7290003231508,false,שמפו פינוק עם קרטין 700,יוניליוור,IL,שמפו פינוק,מיליליטרים,700.00,"100 מ""ל",false,0,10.00,1.43,true,1,
7290003231607,false,מרכך פינוק עם קרטין 700,יוניליוור,IL,מרכך פינוק,מיליליטרים,700.00,"100 מ""ל",false,0,10.00,1.43,true,1,
7290003231614,false,סבון פינוק עם קרטין 700,יוניליוור,IL,סבון פינוק,מיליליטרים,700.00,"100 מ""ל",false,0,10.00,1.43,true,1,
7290003249022,false,עוף מס' 2 קפוא עוף הארץ,.,IL,עוף מספר 2,קילוגרמים,0.00,"ק""ג",true,0,16.80,16.80,true,1,
7290003319138,false,גפילטע פיש 6 קציצות600גר,הדג המיוחד,,גפילטע פיש,גרמים,600.00,100 גרם,false,0,17.70,2.95,true,1,
7290003319152,false,גפילטע פיש 6 יח',,,גפילטע פיש 6 יח',גרמים,670.00,100 גרם,false,0,21.70,3.24,true,1,
7290003319428,false,גפילטע פיש 6 קציצות 670ג,הדג המיוחד,IL,גפילטע פיש 6יח,גרמים,670.00,100 גרם,false,0,19.70,2.94,true,1,
7290003321155,false,דנונה בר פקאן 183 גרם,שטראוס,IL,דנונה בר פקאן,גרמים,183.00,100 גרם,false,0,4.50,2.46,true,1,
7290003321292,false,גב.סקי 9% שומן 250 גרם,שטראוס,IL,גבינת סקי 9%,גרמים,250.00,100 גרם,false,0,4.60,1.84,true,1,
7290003335190,false,עלי גפן,,IL,עלי גפן,גרמים,400.00,100 גרם,false,0,7.90,1.98,true,1,
7290003387205,false,דאו.ספיד סטיק לגבר 56 גר,קולגייט-פלמוליב,US,דאודורנט סטיק,גרמים,56.00,100 גרם,false,0,14.90,26.61,true,1,
7290003387410,false,פדים להסרת איפור 80*3 יח,ספטונה,GR,פדים בלונס 3 יח,יחידה,1.00,יחידה,false,0,18.90,18.90,true,1,
7290003400500,false,חטיף קרמל+בוטנים 47 גרם,הרשי שוקולד,US,חטיף קרמל בוטנים,גרמים,47.00,100 גרם,false,0,4.90,10.43,true,1,
7290003401369,false,קרם לחות לשיער חוחובה400,קרליין,IL,קרם לחות לשיער,מיליליטרים,400.00,"100 מ""ל",false,0,21.80,5.45,true,1,
7290003401376,false,קרם לחות אלוורה לשיער400,קרליין,IL,קרם לחות לשיער,מיליליטרים,400.00,"100 מ""ל",false,0,21.80,5.45,true,1,
7290003401420,false,ק.לחות סיליקון לשיער400מ,קרליין,IL,קרם לחות לשיער,מיליליטרים,400.00,"100 מ""ל",false,0,21.80,5.45,true,1,
7290003401635,false,קרם לחות ש.צבוע ברגע 400,קרליין,IL,קרם לחות לשיער,מיליליטרים,400.00,"100 מ""ל",false,0,21.80,5.45,true,1,
7290003401642,false,קר.לחות לתלתלים נטורל400,קרליין,IL,קרם לחות לשיער,מיליליטרים,400.00,"100 מ""ל",false,0,21.80,5.45,true,1,
7290003411238,false,שמרים יבשים 500 גרם,הנמל,BE,שמרים יבשים,גרמים,500.00,100 גרם,false,0,14.00,2.80,true,1,
7290003411429,false,שמרים יבשים 3 יחX' 11גרם,הנמל,BE,שמרים יבשים,גרמים,33.00,100 גרם,false,0,5.30,16.06,true,1,
7290003411726,false,קיסמים מלחיה 300 יחידות,הנמל,IL,קיסמי שיניים,יחידה,1.00,יחידה,false,0,3.80,3.80,true,1,
7290003411832,false,גרנולה אגוזים 400 גרם,הנמל,IL,גרנולה אגוזים,גרמים,400.00,100 גרם,false,0,11.20,2.80,true,1,
7290003411849,false,גרנולה תמרים ושקדים 400ג,הנמל,IL,גרנולה תמרים,גרמים,400.00,100 גרם,false,0,11.20,2.80,true,1,
7290003411993,false,גפרורים 10 יח',הנמל,IL,גפרורים,יחידה,1.00,יחידה,false,0,3.20,3.20,true,1,
7290003414406,false,ריז נטיפים לאפיה 283 גרם,הרשי שוקולד,US,ריז נטיפים,גרמים,283.00,100 גרם,false,1,16.60,5.87,true,1,
7290003423909,false,חטיף שוק.לבן שברי עוג43.,הרשי שוקולד,US,חטיף שוקולד לבן,גרמים,43.00,100 גרם,false,0,4.90,11.40,true,1,
7290003427154,false,"שמן זית כתית מעולה750מ""ל",זיתא,IL,שמן זית כתית,מיליליטרים,750.00,"100 מ""ל",false,0,35.90,4.79,true,1,
7290003433401,false,חט.שוקו.לבן+חמאת בוטנ42ג,הרשי שוקולד,US,חטיף שוקולד לבן,גרמים,42.00,100 גרם,false,0,3.90,9.29,true,1,
7290003434053,false,סופר פופאייס 8יח,,IL,סופר פופאייס 8יח,יחידה,1.00,יחידה,false,0,7.90,7.90,true,1,
7290003438006,false,רוטב פסטו אוליביה 180 גר,אוליביה,IL,רוטב פסטו,גרמים,180.00,100 גרם,false,0,10.90,6.06,true,1,
7290003438013,false,ממרח זיתים ירוקים 190גרם,אוליביה,IL,ממרח זיתים,גרמים,190.00,100 גרם,false,0,10.90,5.74,true,1,
7290003438020,false,ממרח עגבניות 190 גרם,אוליביה,IL,ממרח עגבניות,גרמים,190.00,100 גרם,false,0,10.90,5.74,true,1,
7290003438587,false,פסטו בזיליקום 135 גרם,אוליביה,IL,פסטו בזיליקום,גרמים,135.00,100 גרם,false,0,8.90,6.59,true,1,
7290003438617,false,אריסה חריפה 140 גרם,אוליביה,,אריסה חריפה,גרמים,140.00,100 גרם,false,0,8.90,6.36,true,1,
7290003438624,false,אריסה מתוקה עם לימון140ג,אוליביה,,אריסה מתוקה,גרמים,140.00,100 גרם,false,0,8.90,6.36,true,1,
7290003438853,false,אריסה חריפה 185 גרם,אוליביה,IL,אריסה חריפה,גרמים,185.00,100 גרם,false,1,10.90,5.89,true,1,
7290003438990,false,עיטורי עגבנ.מיובשות 280ג,אוליביה,IL,עגבניות מיובשות,גרמים,280.00,100 גרם,false,0,17.90,6.39,true,1,
7290003444009,false,חט.שוקו.חלב+חמאת בוטנ42ג,הרשי שוקולד,US,חטיף שוקולד חלב,גרמים,42.00,100 גרם,false,0,3.90,9.29,true,1,
7290003449305,false,חט.ריזס קריספי קראנצ'י48,הרשי שוקולד,US,חטיף ריזס,גרמים,48.00,100 גרם,false,1,4.90,10.21,true,1,
7290003450022,false,מיולייט היינץ 430 גרם,היינץ,IL,מיולייט היינץ,גרמים,430.00,100 גרם,false,0,11.90,2.77,true,1,
7290003450091,false,מיונז אמיתי היינץ 430גרם,היינץ,ES,מיונז היינץ,גרמים,430.00,100 גרם,false,0,11.90,2.77,true,1,
7290003450404,false,שעועית אפויה היינץ 410גר,היינץ,CA,שעועית ברוטב,גרמים,410.00,100 גרם,false,0,7.80,1.90,true,1,
7290003450602,false,חרדל אמיתי היינץ 255 גרם,היינץ,US,חרדל אמיתי,גרמים,255.00,100 גרם,false,0,7.90,3.10,true,1,
7290003451012,false,בקלה צעיר קפוא,,IL,בקלה צעיר קפוא,קילוגרמים,0.00,"ק""ג",true,0,17.90,17.90,true,1,
7290003451050,false,פילה בקלה ארוז קפוא,בלדי,CN,פילה בקלה ארוז,קילוגרמים,0.00,"ק""ג",true,0,19.70,19.70,true,1,
7290003457991,false,6חטיפי גל.קורנטו קלאסיקו,שטראוס,IL,6 חטיפי קורנטו,גרמים,300.00,100 גרם,false,0,33.60,11.20,true,1,
7290003495085,false,בגט רוסטיק,מאפ גדרון,IL,בגט רוסטיק,יחידה,1.00,יחידה,false,0,7.90,7.90,true,1,
7290003495986,false,לחם קימל 485 גרם,גידרון,IL,לחם קימל,גרמים,485.00,100 גרם,false,0,9.90,2.04,true,1,
7290003495993,false,לחם שיפון קל אפוי קפא520,גידרון,IL,לחם שיפון קל,גרמים,520.00,100 גרם,false,0,9.90,1.90,true,1,
7290003514007,false,שקדי מרק 400 גרם,מנה,IL,שקדי מרק מנה,גרמים,400.00,100 גרם,false,0,8.80,2.20,true,1,
7290003514038,false,קראנצ'וס גריל 70 גרם,מנה,IL,קראנצ'וס גריל,גרמים,70.00,100 גרם,false,0,3.60,5.14,true,1,
7290003514045,false,קראנצ'וס ברביקיו 70 גרם,מנה,IL,קראנצ'וס ברביקיו,גרמים,70.00,100 גרם,false,0,3.60,5.14,true,1,
7290003514052,false,קראנצ'וס פלאפל 70 גרם,מנה,IL,קראנצ'וס פלאפל,גרמים,70.00,100 גרם,false,0,3.60,5.14,true,1,
7290003514069,false,קראנצ'וס בצל 70 גרם,מנה,IL,קראנצ'וס בצל,גרמים,70.00,100 גרם,false,0,3.60,5.14,true,1,
7290003514557,false,ציפסונים קלאסי 40 גרם,מנה,IL,ציפסונים קלאסי,גרמים,40.00,100 גרם,false,0,3.90,9.75,true,1,
7290003514571,false,פריכיות אורז עם מלח 100ג,מנה,IL,פריכיות אורז,גרמים,100.00,100 גרם,false,0,5.00,5.00,true,1,
7290003514588,false,פריכיות אורז ללא מלח100ג,מנה,IL,פריכיות אורז,גרמים,100.00,100 גרם,false,0,5.00,5.00,true,1,
7290003514618,false,פרונטו קלאסי 50 גרם,מנה,IL,פרונטו קלאסי,גרמים,50.00,100 גרם,false,0,4.50,9.00,true,1,
7290003514625,false,פרונטו נאצ'וס 50 גרם,מנה,IL,פרונטו נאצ'וס,גרמים,50.00,100 גרם,false,0,4.50,9.00,true,1,
7290003514717,false,רב דגנים קלאסי 40 גרם,מנה,IL,רב דגנים קלאסי,גרמים,40.00,100 גרם,false,0,4.00,10.00,true,1,
7290003521166,false,"סרקל קרם רוזמרי 325 מ""ל",פישר  מעבדות  פרמצבטיות,IL,סרקל קרם רוזמרין,מיליליטרים,325.00,"100 מ""ל",false,0,17.90,5.51,true,1,
7290003521197,false,סרקל תרסיס מתיר קשרים340,פישר  מעבדות  פרמצבטיות,IL,סרקל מתיר קשרים,מיליליטרים,340.00,"100 מ""ל",false,0,17.90,5.26,true,1,
7290003521340,false,קמיל בלו אלסבון קלאסיק2ל,פישר  מעבדות  פרמצבטיות,IL,אל סבון קמיל בלו,ליטרים,2.00,ליטר,false,0,29.90,14.95,true,1,
7290003521395,false,קמיל ב.ס. אל סבון ורוד2ל,פישר  מעבדות  פרמצבטיות,IL,אל סבון לתינוק,ליטרים,2.00,ליטר,false,0,31.90,15.95,true,1,
7290003521463,false,קמיל ב.ס שמפו אלדמע 2 ל',פישר  מעבדות  פרמצבטיות,IL,שמפו ללא דמעות,ליטרים,2.00,ליטר,false,0,31.90,15.95,true,1,
7290003525188,false,גב.פילדלפיה לבנה שמנה227,נטו,US,גבינת פילדלפיה,גרמים,227.00,100 גרם,false,0,15.90,7.00,true,1,
7290003525461,false,סלט טונה פיקנטי,,IL,סלט טונה פיקנטי,גרמים,160.00,100 גרם,false,0,5.00,3.13,true,1,
7290003525478,false,סלט טונה,,IL,סלט טונה,גרמים,160.00,100 גרם,false,0,5.00,3.13,true,1,
7290003539161,false,תפוח עץ יבש 200גרם,שקדיה,IL,תפוח עץ יבש,גרמים,200.00,100 גרם,false,0,14.80,7.40,true,1,
7290003550333,false,טחון בקר מופחת שומן 500,טיבון ויל - נטו,IL,טחון בקר מ.שומן,גרמים,500.00,100 גרם,false,0,34.20,6.84,true,1,
7290003578061,false,לבבות דקל שלם,,EC,לבבות דקל שלם,גרמים,400.00,100 גרם,false,0,9.80,2.45,true,1,
7290003578177,false,תירס צעיר שלם,,TH,תירס צעיר שלם,גרמים,410.00,100 גרם,false,0,4.90,1.20,true,1,
7290003578412,false,חצאי אפרסק בסירופ 820גרם,,CN,חצאי אפרסק בסירופ 820גרם,גרמים,820.00,100 גרם,false,0,7.00,0.85,true,1,
7290003608089,false,ספרינג תות-בננה 1.5 ליטר,יפאורה שותפות מובגלת לשיווק,IL,ספרינג תות בננה,ליטרים,1.50,ליטר,false,0,4.90,3.27,true,1,
7290003608546,false,תפוזינה תות בננה 1.5ליטר,יפאורה שותפות מובגלת לשיווק,IL,תפוזינה תות בננה,ליטרים,1.50,ליטר,false,0,5.90,3.93,true,1,
7290003608560,false,קולה R.C. 1.5 ליטר,יפאורה שותפות מובגלת לשיווק,IL,R.C קולה,ליטרים,1.50,ליטר,false,0,4.60,3.07,true,1,
7290003608621,false,קולה RC מארז 1.5*6 ליטר,יפאורה שותפות מובגלת לשיווק,IL,RC קולה 6 יח',ליטרים,9.00,ליטר,false,0,23.90,2.66,true,1,
7290003608898,false,תפוזינה דיאט תפוז 1.5ל,יפאורה שותפות מובגלת לשיווק,IL,תפוזינה דיאט,ליטרים,1.50,ליטר,false,0,5.90,3.93,true,1,
7290003643004,false,אורז בסמטי קלאסי בשקית1ק,סוגת,IL,אורז בסמטי קלאסי,קילוגרמים,1.00,"ק""ג",false,0,10.90,10.90,true,1,
7290003643325,false,קוסקוס בינוני 350 גרם,סוגת,IL,קוסקוס בינוני,גרמים,350.00,100 גרם,false,0,4.90,1.40,true,1,
7290003643387,false,"סוכר לבן צנצנת 1 ק""ג",סוגת,IL,"סוכר לבן צנצנת 1 ק""ג",קילוגרמים,1.00,"ק""ג",false,0,5.90,5.90,true,1,
7290003643646,false,"סוכר דמררה צנצנת 1 ק""ג",סוגת,IL,"סוכר דמררה צנצנת 1 ק""ג",קילוגרמים,1.00,"ק""ג",false,0,10.90,10.90,true,1,
7290003643714,false,חומוס לבן גרגרים 500 גרם,סוגת,IL,חומוס לבן,גרמים,500.00,100 גרם,false,0,6.10,1.22,true,1,
7290003643738,false,חיטה 500 גרם,סוגת,IL,חיטה 500 גרם,גרמים,500.00,100 גרם,false,0,5.90,1.18,true,1,
7290003643752,false,עדשים ירוקות 500 גרם,סוגת,IL,עדשים ירוקות,גרמים,500.00,100 גרם,false,0,5.90,1.18,true,1,
7290003643769,false,עדשים אדומות 500 גרם,סוגת,IL,עדשים אדומות,גרמים,500.00,100 גרם,false,0,5.90,1.18,true,1,
7290003643776,false,פופקורן 500 גרם,סוגת,IL,פופקורן 500 גרם,גרמים,500.00,100 גרם,false,0,5.90,1.18,true,1,
7290003643813,false,שעועית אדומה 500 גרם,סוגת,IL,שעועית אדומה,גרמים,500.00,100 גרם,false,0,10.70,2.14,true,1,
7290003643820,false,חומוס לבן ענק 500 גרם,סוגת,IL,חומוס לבן ענק,גרמים,500.00,100 גרם,false,0,7.80,1.56,true,1,
7290003667109,false,פאנטה אורנג' 1.5 ל',החברה המרכזית לייצור משקאות,IL,פאנטה אורנג',ליטרים,1.50,ליטר,false,0,6.90,4.60,true,1,
7290003667369,false,פריגת תות-בננה 1.5ל,פריגת,IL,פריגת תות בננה,ליטרים,1.50,ליטר,false,0,6.50,4.33,true,1,
7290003667673,false,פנטה דיאט אורנג' 1.5ליטר,החברה המרכזית לייצור משקאות,IL,פנטה דיאט אורנג',ליטרים,1.50,ליטר,false,0,6.90,4.60,true,1,
7290003719006,false,לחם ליבו שיפון 80% 750גר,מאפית ברמן,IL,לחם ליבו שיפון 80% 750גר,גרמים,750.00,100 גרם,false,0,13.80,1.84,true,1,
7290003719259,false,לחם אקסקלוסיבי שיפ.מלא1ק,מאפית ברמן,IL,לחם אקסקלוסיבי שיפ.מלא1ק,קילוגרמים,1.00,"ק""ג",false,0,14.80,14.80,true,1,
7290003726141,false,טופו אמיתי כפרי,,IL,טופו אמיתי כפרי,גרמים,300.00,100 גרם,false,0,12.10,4.03,true,1,
7290003727667,false,"סלט חומוס צבר 1 ק""ג",צבר,IL,סלט חומוס צבר,קילוגרמים,1.00,"ק""ג",false,0,14.90,14.90,true,1,
7290003744855,false,אובלטים שומשום 300 גרם,"ברט בע""מ",IL,אובלטים שומשום,גרמים,300.00,100 גרם,false,0,10.00,3.33,true,1,
7290003778034,false,תמרים ללא חרצנים 500 גרם,,IL,תמרים ללא חרצנים 500 גרם,גרמים,500.00,100 גרם,false,0,13.90,2.78,true,1,
7290003781652,false,צלפים במלח,,TR,צלפים במלח,גרמים,350.00,100 גרם,false,0,10.80,3.09,true,1,
7290003782376,false,מקרל מעושן שלם במשקל,מעדני מיקי,IL,מקרל מעושן שלם במשקל,קילוגרמים,0.00,"ק""ג",true,0,80.00,80.00,true,1,
7290003796915,false,צלי כתף מס' 5 מוכשר קפוא,נחמיה לחוביץ,IL,צלי כתף מוכשר,קילוגרמים,0.00,"ק""ג",true,0,64.90,64.90,true,1,
7290003804238,false,ריבועים של אלופים 500ג,יוניליוור,IL,ריבועים אלופים,גרמים,500.00,100 גרם,false,0,16.90,3.38,true,1,
7290003804320,false,תיבול.קנור שום+פטרוזיל72,יוניליוור,IL,תיבוליות קנור,גרמים,72.00,100 גרם,false,0,7.90,10.97,true,1,
7290003804344,false,מרק ט.עוף פרווה קנור400ג,יוניליוור,IL,מרק טעם עוף,גרמים,400.00,100 גרם,false,0,15.30,3.83,true,1,
7290003804382,false,תיבולית קנור פיטריות72גר,יוניליוור,IL,תיבוליות פטריות,גרמים,72.00,100 גרם,false,0,7.90,10.97,true,1,
7290003804832,false,קוקומן צדפים 750 גרם,יוניליוור,IL,קוקומן צדפים,גרמים,750.00,100 גרם,false,0,19.90,2.65,true,1,
7290003805099,false,בייגלה שבורים ברביקיו225,יוניליוור,IL,בייגלה שבורים,גרמים,225.00,100 גרם,false,0,9.80,4.36,true,1,
7290003805525,false,קורנפלקס 750 גרם,יוניליוור,IL,קורנפלקס תלמה,גרמים,750.00,100 גרם,false,0,14.90,1.99,true,1,
7290003805556,false,"ברנפלקס חיטה מלא בד""ץ500",יוניליוור,IL,ברנפלקס תלמה,גרמים,500.00,100 גרם,false,0,17.90,3.58,true,1,
7290003805648,false,אקס ספריי לגוף בלאק 150מ,יוניליוור,GB,אקס ספריי לגוף,מיליליטרים,150.00,"100 מ""ל",false,0,14.90,9.93,true,1,
7290003805686,false,קוקומן פצפוצים 500 גרם,יוניליוור,IL,קוקומן פצפוצים,גרמים,500.00,100 גרם,false,0,21.70,4.34,true,1,
7290003805709,false,"כריות נוגט בד""צ 750 גרם",יוניליוור,IL,כריות נוגט,גרמים,750.00,100 גרם,false,0,23.90,3.19,true,1,
7290003805716,false,נמס בכוס ט.עוף 24*2 גרם,יוניליוור,IL,נמס בכוס ועוד,גרמים,48.00,100 גרם,false,0,6.90,14.38,true,1,
7290003805730,false,נמס בכוס עגבנ.קנור 32*2ג,יוניליוור,IL,נמס בכוס ועוד,גרמים,64.00,100 גרם,false,0,6.90,10.78,true,1,
7290003806577,false,דאו. דאב אורגינל 150מל,יוניליוור,GB,דאודורנט דאב,מיליליטרים,150.00,"100 מ""ל",false,1,14.90,9.93,true,1,
7290003806591,false,דאו. דאב מלפפונים150מ,יוניליוור,GB,דאודורנט דאב,מיליליטרים,150.00,"100 מ""ל",false,1,14.90,9.93,true,1,
7290003806645,false,"פתית תירס ל.ג.כשל""פ200גר",אסיף תעשיות מזון,CZ,פתית תירס,גרמים,200.00,100 גרם,false,0,17.50,8.75,true,1,
7290003806706,false,אקס זוג,יוניליוור,TR,אקס זוג,יחידה,1.00,יחידה,false,1,34.60,34.60,true,1,
7290003806812,false,בדין אקסטרא יערת הדבש960,יוניליוור,TR,מרכך בדין אקסטרא,מיליליטרים,960.00,"100 מ""ל",false,0,14.90,1.55,true,1,
7290003806836,false,"בדין אקסטרא לילך 960 מ""ל",יוניליוור,TR,מרכך בדין אקסטרא,מיליליטרים,960.00,"100 מ""ל",false,0,14.90,1.55,true,1,
7290003807178,false,רוטב סויה סגנון סיני300מ,יוניליוור,IL,רוטב סויה,מיליליטרים,300.00,"100 מ""ל",false,0,10.00,3.33,true,1,
7290003807192,false,רוטב אלף האיים לחיץ410גר,יוניליוור,IL,רוטב אלף האיים,גרמים,410.00,100 גרם,false,0,10.90,2.66,true,1,
7290003807376,false,"עוגי שפע בד""ץ 750 גרם",יוניליוור,IL,קורנפלקס עוגי,גרמים,750.00,100 גרם,false,0,19.90,2.65,true,1,
7290003821754,false,סלמון נורבגי מעושן 100גר,נטו,IL,סלמון מעושן,גרמים,100.00,100 גרם,false,0,16.80,16.80,true,1,
7290003864478,false,סרדין בשמן צמח,,PH,סרדין בשמן צמח,גרמים,110.00,100 גרם,false,0,5.30,4.82,true,1,
7290003882922,false,עלי גפן ממולאים,,IL,עלי גפן ממולאים,גרמים,400.00,100 גרם,false,0,8.50,2.13,true,1,
7290003903955,false,שוקולד קרם חלב 100 גרם,עלית,IL,שוקולד קרם חלב,גרמים,100.00,100 גרם,false,0,5.50,5.50,true,1,
7290003905331,false,שוק.חלב+שברי אגוזים100גר,עלית,IL,שוק.חלב אגוזים,גרמים,100.00,100 גרם,false,0,5.50,5.50,true,1,
7290003905362,false,שוק.חלב ל.תוספת סוכר100ג,עלית,IL,שוקולד פרה דיאט,גרמים,100.00,100 גרם,false,0,9.40,9.40,true,1,
7290003956012,false,פטאקי 18% במשקל,מחלבת השומרון,IL,פטאקי 18% במשקל,קילוגרמים,0.00,"ק""ג",true,0,30.00,30.00,true,1,
7290003989096,false,חציל פיקנטי אחלה 500 גרם,שטראוס,IL,חציל פיקנטי אחלה,גרמים,500.00,100 גרם,false,0,10.90,2.18,true,1,
7290003989539,false,רביולי עם גבינה 400 גרם,שטראוס,IL,רביולי גבינה,גרמים,400.00,100 גרם,false,0,15.00,3.75,true,1,
7290003989553,false,טורטליני עם פטריות 400גר,שטראוס,IL,טורטליני פטריות,גרמים,400.00,100 גרם,false,0,15.00,3.75,true,1,
7290004003100,false,עדשי שוקולד מ&מ'ס שוקו48,מרס,US,עדשי שוקולד מ&מ,גרמים,48.00,100 גרם,false,0,5.00,10.42,true,1,
7290004003207,false,עדשי שוק. מ&מ'ס בוטנים48,מרס,US,עדשי שוקולד מ&מ,גרמים,48.00,100 גרם,false,0,5.00,10.42,true,1,
7290004011260,false,"ריצ' להעשרת קפה 427 מ""ל",נטו,US,ריצ' להעשרת קפה,מיליליטרים,427.00,"100 מ""ל",false,0,7.50,1.76,true,1,
7290004011284,false,"ריצ' להכנת קצפת 212 מ""ל",נטו,US,ריצ' להכנת קצפת,מיליליטרים,212.00,"100 מ""ל",false,0,6.90,3.25,true,1,
7290004011291,false,"בסיס להכנת קצפת 425 מ""ל",נטו,US,בסיס להכנת קצפת,מיליליטרים,425.00,"100 מ""ל",false,0,11.90,2.80,true,1,
7290004011338,false,"קצפת ריצ' במיכל 250 מ""ל",נטו,IT,קצפת ריצ' במיכל,מיליליטרים,250.00,"100 מ""ל",false,0,9.90,3.96,true,1,
7290004011345,false,קצפת מתוקה,,IT,קצפת מתוקה,גרמים,250.00,100 גרם,false,0,9.90,3.96,true,1,
7290004011819,false,המבורגר ריב אל גאוצ'ו 60,אלגרצ'ו,IL,המבורגר ריב,גרמים,360.00,100 גרם,false,0,23.70,6.58,true,1,
7290004011826,false,מיני המבורגר אלגאוצו320,אלגרצ'ו,IL,מיני המבורגר,גרמים,320.00,100 גרם,false,0,23.70,7.41,true,1,
7290004030018,false,מיץ לימון לתיבול,,IL,מיץ לימון לתיבול,מיליליטרים,500.00,"100 מ""ל",false,0,6.80,1.36,true,1,
7290004030063,false,נקטר גויאבה,,IL,נקטר גויאבה,ליטרים,1.00,ליטר,false,0,10.00,10.00,true,1,
7290004030155,false,מיץ רימון תפוח 100% 1ל',פריניב,IL,מיץ רימון תפוח,ליטרים,1.00,ליטר,false,1,19.90,19.90,true,1,
7290004030216,false,נקטר חמוציות 1 ליטר,פריניב,IL,נקטר חמוציות,ליטרים,1.00,ליטר,false,1,10.00,10.00,true,1,
7290004030223,false,מיץ תפוחים סחוט,,IL,מיץ תפוחים סחוט,ליטרים,1.00,ליטר,false,0,12.90,12.90,true,1,
7290004030322,false,מיץ תפוח גזר וסלק 1 ליטר,פריניב,IL,מיץ תפוח גזר סלק,ליטרים,1.00,ליטר,false,0,12.90,12.90,true,1,
7290004030339,false,נקטר בננה תמר,,IL,נקטר בננה תמר,ליטרים,1.00,ליטר,false,0,11.90,11.90,true,1,
7290004030353,false,נקטר תות בננה,,IL,נקטר תות בננה,ליטרים,1.00,ליטר,false,0,10.00,10.00,true,1,
7290004030414,false,מיץ תפוזים מצונן,,IL,מיץ תפוזים מצונן,ליטרים,2.00,ליטר,false,0,17.90,8.95,true,1,
7290004030445,false,מיץ תפוזים סחוט,,IL,מיץ תפוזים סחוט,ליטרים,1.00,ליטר,false,0,10.00,10.00,true,1,
7290004030605,false,נקטר תמר בננה,,IL,נקטר תמר בננה,ליטרים,1.00,ליטר,false,0,10.00,10.00,true,1,
7290004030612,false,משקה תפוח קיווי,,IL,משקה תפוח קיווי,ליטרים,1.00,ליטר,false,0,11.90,11.90,true,1,
7290004030643,false,משקה קל מצנון 2ל,,IL,משקה קל מצנון 2ל,ליטרים,2.00,ליטר,false,0,17.90,8.95,true,1,
7290004030667,false,מיץ סחוט מצונן2ל,,IL,מיץ סחוט מצונן2ל,ליטרים,2.00,ליטר,false,0,17.90,8.95,true,1,
7290004030698,false,נקטר חמוציות 2 ליטר,פריניב,IL,נקטר חמוציות,ליטרים,2.00,ליטר,false,0,16.90,8.45,true,1,
7290004030711,false,מיץ מנדרינה תפוז,,IL,מיץ מנדרינה תפוז,ליטרים,2.00,ליטר,false,0,19.70,9.85,true,1,
7290004030834,false,מיץ רימונים,,IL,מיץ רימונים,ליטרים,1.00,ליטר,false,0,19.90,19.90,true,1,
7290004030957,false,משקה קל מצנון 2ל,,IL,משקה קל מצנון 2ל,ליטרים,2.00,ליטר,false,0,17.90,8.95,true,1,
7290004038670,false,נשיקות מיני כחול לבן 100,גידרון,IL,נשיקות מיני,גרמים,100.00,100 גרם,false,12,19.70,19.70,true,1,
7290004063153,false,"מלח ים אטלנטי טבעי 1 ק""ג",,IL,"מלח ים אטלנטי טבעי 1 ק""ג",קילוגרמים,1.00,"ק""ג",false,0,15.90,15.90,true,1,
7290004063184,false,מלח הארץ הים האדום 250 ג,תעשיות מלח לישראל,IL,מלח הארץ 250 גרם,גרמים,250.00,100 גרם,false,0,3.90,1.56,true,1,
7290004064020,false,תערובת תיבול דרך המשי400,מלח הארץ אילת,IL,תערובת תיבול,גרמים,400.00,100 גרם,false,1,8.90,2.23,true,1,
7290004068011,false,יוגורט כבשים,,IL,יוגורט כבשים,גרמים,600.00,100 גרם,false,0,16.80,2.80,true,1,
7290004068035,false,אירן משקה יוגורט,,IL,אירן משקה יוגורט,מיליליטרים,500.00,"100 מ""ל",false,0,7.80,1.56,true,1,
7290004068172,false,יוגורט עזים בדלי,,IL,יוגורט עזים בדלי,גרמים,600.00,100 גרם,false,0,16.90,2.82,true,1,
7290004068189,false,יוגורט לבן בדלי,,IL,יוגורט לבן בדלי,גרמים,600.00,100 גרם,false,0,11.30,1.88,true,1,
7290004068332,false,גבינת קממבר בקר,,IL,גבינת קממבר בקר,קילוגרמים,0.00,"ק""ג",true,0,114.00,114.00,true,1,
7290004078263,false,בלונס צימרונים 200X2 יח',ספטונה,GR,מקלוני כותנה,יחידה,1.00,יחידה,false,0,11.90,11.90,true,1,
7290004078270,false,פלמוליב לכלים לימון1ליטר,קולגייט-פלמוליב,GR,פלמוליב לכלים,ליטרים,1.00,ליטר,false,0,12.70,12.70,true,1,
7290004078379,false,קולגייט טוטל פסים מ.ש100,קולגייט-פלמוליב,PL,משחת שיניים,מיליליטרים,100.00,"100 מ""ל",false,0,14.90,14.90,true,1,
7290004078690,false,"אג'קס  WC מרענן 750 מ""ל",קולגייט-פלמוליב,GR,"אג'קס  WC מרענן 750 מ""ל",מיליליטרים,750.00,"100 מ""ל",false,0,14.90,1.99,true,1,
7290004078942,false,ליידי ס.סטיק ג'ל מרענן,קולגייט-פלמוליב,US,דאודורנט,גרמים,65.00,100 גרם,false,0,18.90,29.08,true,1,
7290004091248,false,ואזלין טהור 100 גרם,יוניליוור,US,ואזלין טהור,גרמים,100.00,100 גרם,false,0,13.90,13.90,true,1,
7290004119133,false,יוגורט בכד6.5%  1.5 ליטר,תנובה,IL,יוגורט בכד,ליטרים,1.50,ליטר,false,0,16.40,10.93,true,1,
7290004119225,false,יופלה אננס 3% 150 גרם,תנובה,IL,יופלה אננס 3%,גרמים,150.00,100 גרם,false,0,5.00,3.33,true,1,
7290004119522,false,"שוקו תנובה בשקית 225 מ""ל",תנובה,IL,שוקו בשקית,מיליליטרים,225.00,"100 מ""ל",false,0,2.70,1.20,true,1,
7290004119928,false,מעדן קרלו וניל 3% 125 גר,תנובה,IL,מעדן קרלו וניל3%,גרמים,125.00,100 גרם,false,0,2.80,2.24,true,1,
7290004119973,false,מעדן שוקו קרלו3% 125גרם,תנובה,IL,קרלו שוקולדה,גרמים,125.00,100 גרם,false,0,2.80,2.24,true,1,
7290004120061,false,"מעדן קרלו שוניל3% 125מ""ל",תנובה,IL,מעדן קרלו שוניל,גרמים,125.00,100 גרם,false,0,2.90,2.32,true,1,
7290004120108,false,יופלה דובדבן 0% 150 גרם,תנובה,IL,יופלה דיאט 0%,גרמים,150.00,100 גרם,false,0,5.00,3.33,true,1,
7290004120269,false,"שוקו בשקית 225*6מ""ל",תנובה,IL,שוקו 6 שקיות,ליטרים,1.35,ליטר,false,0,15.70,11.63,true,1,
7290004120566,false,גב.בולגרית פיראוס24% 250,תנובה,IL,גבינה בולגרית24%,גרמים,250.00,100 גרם,false,0,21.90,8.76,true,1,
7290004120573,false,גב.בולגרית פיראוס16% 250,תנובה,IL,גבינה בולגרית16%,גרמים,250.00,100 גרם,false,0,21.90,8.76,true,1,
7290004120634,false,גב.בולגרית פיראוס5% 250ג,תנובה,IL,גבינה בולגרית5%,גרמים,250.00,100 גרם,false,0,21.90,8.76,true,1,
7290004120832,false,חלב שתיה 3%,,IL,חלב שתיה 3%,ליטרים,2.00,ליטר,false,0,11.50,5.75,true,1,
7290004121488,false,יופלה דיאט אפרסק 150 גרם,תנובה,IL,יופלה דיאט אפרסק,גרמים,150.00,100 גרם,false,0,5.00,3.33,true,1,
7290004121525,false,יופלה אפרסק+תות3% 150*8ג,תנובה,IL,יופלה 3% 8 יח',קילוגרמים,1.20,"ק""ג",false,0,29.90,24.92,true,1,
7290004121754,false,יופלה קרם גב.ותות3% 150ג,תנובה,IL,יופלה קרם גבינה,גרמים,150.00,100 גרם,false,0,5.00,3.33,true,1,
7290004121839,false,גבינת פטה פיראוס20% 250ג,תנובה,IL,גבינת פטה כבשים,גרמים,250.00,100 גרם,false,0,25.90,10.36,true,1,
7290004121853,false,פיראוס קוב.בולגרית5% 200,תנובה,IL,קוביות בולגרית5%,גרמים,200.00,100 גרם,false,0,20.50,10.25,true,1,
7290004121945,false,חלב תנובה 2%,,IL,חלב תנובה 2%,ליטרים,1.50,ליטר,false,0,8.40,5.60,true,1,
7290004122089,false,פתיתי גבינת עמק 200 גרם,תנובה,IL,פתיתי גבינת עמק,גרמים,200.00,100 גרם,false,0,13.90,6.95,true,1,
7290004122119,false,פתיתי פרמזן לפסטה 100גרם,תנובה,IL,פתיתי פרמזן,גרמים,100.00,100 גרם,false,0,11.80,11.80,true,1,
7290004122195,false,גוש חלב פרוס28% 200מהדרי,תנובה,IL,גבינה גוש חלב,גרמים,200.00,100 גרם,false,0,13.50,6.75,true,1,
7290004122270,false,עמק פרוס סגירה חוזרת 200,תנובה,IL,גבינת עמק פרוס,גרמים,200.00,100 גרם,false,0,15.20,7.60,true,1,
7290004122348,false,גב.עמק לייט9% שומן 200גר,תנובה,IL,גבינת עמק לייט,גרמים,200.00,100 גרם,false,0,15.90,7.95,true,1,
7290004122560,false,פתיתי עמק השף הלבן 500גר,תנובה,IL,פתיתי גבינת עמק,גרמים,500.00,100 גרם,false,0,27.90,5.58,true,1,
7290004122607,false,גבינת עמק לייט 9% במשקל,תנובה,IL,גבינת עמק לייט 9% במשקל,קילוגרמים,0.00,"ק""ג",true,0,68.00,68.00,true,1,
7290004122676,false,גבינת חמד לייט 5% 250 גר,תנובה,IL,גבינת חמד לייט5%,גרמים,250.00,100 גרם,false,0,16.90,6.76,true,1,
7290004122683,false,אצבעות עמק חטיף גבינה172,תנובה,IL,אצבעות עמק,גרמים,172.00,100 גרם,false,0,15.90,9.24,true,1,
7290004122744,false,יופלה ביו תות 150 גרם,תנובה,IL,יופלה תות,גרמים,150.00,100 גרם,false,0,4.10,2.73,true,1,
7290004123284,false,גב.לבנה רכה5%ללא מלח250ג,תנובה,IL,גבינה לבנה רכה5%,גרמים,250.00,100 גרם,false,0,4.60,1.84,true,1,
7290004124205,false,יופלה דיאט תות0% 150 גר,תנובה,IL,יופלה דיאט תות0%,גרמים,150.00,100 גרם,false,0,5.00,3.33,true,1,
7290004124847,false,קצפת צמחית השף הלבן500מל,תנובה,IL,קצפת צמחית,מיליליטרים,500.00,"100 מ""ל",false,0,16.40,3.28,true,1,
7290004124892,false,יופלה פירות יבשים4% 150ג,תנובה,IL,יופלה פירות יבש.,גרמים,150.00,100 גרם,false,0,5.00,3.33,true,1,
7290004125370,false,שמנת חמוצה 9% שומן 200מל,תנובה,IL,שמנת חמוצה 9%,מיליליטרים,200.00,"100 מ""ל",false,0,3.40,1.70,true,1,
7290004125400,false,"אשל מהדרין 4.5% 200 מ""ל",תנובה,IL,אשל 4.5% שומן,מיליליטרים,200.00,"100 מ""ל",false,0,1.55,0.78,true,1,
7290004125417,false,"גיל 3% מהדרין 200מ""ל",תנובה,IL,גיל לבן 3%שומן,מיליליטרים,200.00,"100 מ""ל",false,0,1.40,0.70,true,1,
7290004125455,false,שמנת תנובה 15%שומן200מל,תנובה,IL,שמנת תנובה 15%,מיליליטרים,200.00,"100 מ""ל",false,0,2.20,1.10,true,1,
7290004125462,false,שמנת חמוצה 15%שומן500מל,תנובה,IL,שמנת חמוצה 15%,מיליליטרים,500.00,"100 מ""ל",false,0,5.50,1.10,true,1,
7290004125509,false,שמנת חמוצה 15% 100מל,תנובה,IL,שמנת חמוצה,מיליליטרים,100.00,"100 מ""ל",false,0,1.70,1.70,true,1,
7290004125578,false,'משקה סויה מועשר בסידן1ל,תנובה,IL,משקה סויה,ליטרים,1.00,ליטר,false,0,10.90,10.90,true,1,
7290004125585,false,משקה סויה בטעם וניל 1 לי,תנובה,IL,משקה סויה וניל,ליטרים,1.00,ליטר,false,0,10.90,10.90,true,1,
7290004125653,false,מש.סויה עמיד מועשר סידן1,תנובה,IL,משקה סויה עמיד,ליטרים,1.00,ליטר,false,0,9.90,9.90,true,1,
7290004125721,false,שמנת בישול-15%שף לבן250מ,תנובה,IL,שמנת לבישול15%,מיליליטרים,250.00,"100 מ""ל",false,0,8.10,3.24,true,1,
7290004125738,false,שמנת להקצפה-32%שף לבן250,תנובה,IL,שמנת להקצפה32%,מיליליטרים,250.00,"100 מ""ל",false,0,6.50,2.60,true,1,
7290004125776,false,גב.עמק פרוס% 28קופסא400ג,תנובה,IL,גבינת עמק פרוס,גרמים,400.00,100 גרם,false,0,28.30,7.08,true,1,
7290004126384,false,יופלה און טופ כוכבים167ג,תנובה,IL,יופלה און טופ,גרמים,167.00,100 גרם,false,0,5.20,3.11,true,1,
7290004126674,false,גבינה טל העמק לייט 200גר,תנובה,IL,גבינה טל העמק,גרמים,200.00,100 גרם,false,0,17.60,8.80,true,1,
7290004126759,false,יופלה פירות יער0% 150 גר,תנובה,IL,יופלה דיאט,גרמים,150.00,100 גרם,false,0,5.00,3.33,true,1,
7290004126872,false,"שוקו תנובה בקבוק 250 מ""ל",תנובה,IL,שוקו בקבוק,מיליליטרים,250.00,"100 מ""ל",false,0,5.20,2.08,true,1,
7290004127077,false,קוטג' תנובה 3% שומן 250,תנובה,IL,קוטג' 3% שומן,גרמים,250.00,100 גרם,false,0,5.50,2.20,true,1,
7290004127329,false,קוטג' 5% 250 גרם בעלז,תנובה,IL,קוטג' תנובה 5%,גרמים,250.00,100 גרם,false,0,5.50,2.20,true,1,
7290004127336,false,קוטג' תנובה 9% שומן 250,תנובה,IL,קוטג' תנובה 9%,גרמים,250.00,100 גרם,false,0,5.50,2.20,true,1,
7290004127800,false,גב.לבנה 5% שומן 500 גרם,תנובה,IL,גבינה לבנה 5%,גרמים,500.00,100 גרם,false,0,9.20,1.84,true,1,
7290004127817,false,גב.לבנה 9% שומן 500 גרם,תנובה,IL,גבינה לבנה 9%,גרמים,500.00,100 גרם,false,0,9.20,1.84,true,1,
7290004127862,false,גבינה לבנה 5% 750 גרם,תנובה,IL,גבינה לבנה 5%,גרמים,750.00,100 גרם,false,0,13.80,1.84,true,1,
7290004127916,false,גבינה תנובה0.5%שומן 500ג,תנובה,IL,גבינה 0.5%,גרמים,500.00,100 גרם,false,0,8.90,1.78,true,1,
7290004128272,false,גבינה אדם לייט9% 200 גרם,תנובה,IL,גבינה אדם לייט,גרמים,200.00,100 גרם,false,0,18.30,9.15,true,1,
7290004128333,false,לבנה 9% פיראוס 500 גרם,תנובה,IL,לבנה פיראוס 9%,גרמים,500.00,100 גרם,false,0,19.70,3.94,true,1,
7290004128340,false,גבינת קרם ט.טבעי 5% 200ג,תנובה,IL,גבינת שמנת,גרמים,200.00,100 גרם,false,0,8.90,4.45,true,1,
7290004128364,false,גב.שמנת עם זיתים 5% 200ג,תנובה,IL,גבינת שמנת זיתים,גרמים,200.00,100 גרם,false,0,8.90,4.45,true,1,
7290004128432,false,פתיתי גבינה השף הלבן500ג,תנובה,IL,פתיתי גבינה,גרמים,500.00,100 גרם,false,0,21.90,4.38,true,1,
7290004129101,false,גב.נפולאון טעם טבעי 225ג,תנובה,IL,גבינת נפוליאון,גרמים,225.00,100 גרם,false,0,9.90,4.40,true,1,
7290004129118,false,גב.נפולאון טעם זיתים225ג,תנובה,IL,גבינת נפוליאון,גרמים,225.00,100 גרם,false,0,9.90,4.40,true,1,
7290004129156,false,גב.נפולאון שום-שמיר 225ג,תנובה,IL,גבינת נפוליאון,גרמים,225.00,100 גרם,false,0,9.90,4.40,true,1,
7290004129545,false,גבינה למריחה 3% 250 גרם,תנובה,IL,גבינה לבנה 3%,גרמים,250.00,100 גרם,false,0,4.60,1.84,true,1,
7290004129668,false,יופלה+מכסה פצפוצי שוק167,תנובה,IL,יופלה+פצפוצי שוק,גרמים,167.00,100 גרם,false,0,5.20,3.11,true,1,
7290004129736,false,יופלה לבן מעודן1.5% 200ג,תנובה,IL,יופלהלבן מעודן,גרמים,200.00,100 גרם,false,0,4.10,2.05,true,1,
7290004129767,false,יופלה לבן 3% 150*8גרם,תנובה,IL,יופלה לבן  3%,קילוגרמים,1.20,"ק""ג",false,0,17.90,14.92,true,1,
7290004130695,false,משקה אייס קפה בקבוק1ליטר,תנובה,IL,משקה אייס קפה,ליטרים,1.00,ליטר,false,0,8.90,8.90,true,1,
7290004130794,false,משקה סויה במתיקות מופחתת,תנובה,IL,משקה סויה,ליטרים,1.00,ליטר,false,0,9.90,9.90,true,1,
7290004130916,false,יופלה פירות יער+שמנת150ג,תנובה,IL,יופלה פירות יער,גרמים,150.00,100 גרם,false,0,5.00,3.33,true,1,
7290004131074,false,חלב בקרטון 3% שומן 1 ל',תנובה,IL,חלב בקרטון 3%,ליטרים,1.00,ליטר,false,0,5.75,5.75,true,1,
7290004131227,false,גבינה לבנה3% 500 גרם,תנובה,IL,גבינה לבנה 3%,גרמים,500.00,100 גרם,false,0,9.20,1.84,true,1,
7290004131432,false,יופלה ביו לבן 3% 200 גרם,תנובה,IL,יופלה לבן 3%,גרמים,200.00,100 גרם,false,0,3.80,1.90,true,1,
7290004131456,false,יופלה לבן 1.5% 200 גרם,תנובה,IL,יופלה לבן 1.5%,גרמים,200.00,100 גרם,false,0,3.90,1.95,true,1,
7290004131531,false,שוקו תנובה בקבוק 1 ליטר,תנובה,IL,שוקו בקבוק,ליטרים,1.00,ליטר,false,0,8.90,8.90,true,1,
7290004131654,false,יופלה תותים בשמנת3% 150ג,תנובה,IL,יופלה תותים 3%,גרמים,150.00,100 גרם,false,0,5.00,3.33,true,1,
7290004131814,false,פיראוס צפתית מעוד5% 200ג,תנובה,IL,פיראוס צפתית5%,גרמים,200.00,100 גרם,false,0,14.90,7.45,true,1,
7290004132231,false,חלב פלוס לקפה 3.5% שומן,תנובה,IL,חלב פלוס לקפה,מיליליטרים,800.00,"100 מ""ל",false,0,6.50,0.81,true,1,
7290004132507,false,יופלה+מכסה דגנים מצופה,תנובה,IL,יופלה עם מכסה,גרמים,167.00,100 גרם,false,0,5.20,3.11,true,1,
7290004132514,false,משקה בננה בקבוק 1 ל',תנובה,IL,משקה שוק בננה,ליטרים,1.00,ליטר,false,0,8.90,8.90,true,1,
7290004132552,false,משקה סויה ט.טבעי לייט 1ל,תנובה,IL,משקה סויה,ליטרים,1.00,ליטר,false,0,10.90,10.90,true,1,
7290004132606,false,מיני קרלו וניל 100*8 גרם,תנובה,IL,קרלו וניל 8 יח',גרמים,800.00,100 גרם,false,0,13.20,1.65,true,1,
7290004132699,false,ממרחמאה מוקצף 140 גרם,תנובה,IL,ממרחמאה מוקצף,גרמים,140.00,100 גרם,false,0,8.80,6.29,true,1,
7290004132712,false,חטיפ.מוצרלה אצבעות21.5*8,תנובה,IL,חטיפי מוצרלה,גרמים,172.00,100 גרם,false,0,15.90,9.24,true,1,
7290004133009,false,"קרם צמחי לבישול 250 מ""ל",תנובה,IL,קרם צמחי לבישול,מיליליטרים,250.00,"100 מ""ל",false,1,9.50,3.80,true,1,
7290004133108,false,יופלה לבן+מכסה גרנולה170,תנובה,IL,יופלה עם מכסה,גרמים,170.00,100 גרם,false,0,5.10,3.00,true,1,
7290004133207,false,יופלה לבן 0% שומן 200גרם,תנובה,IL,יופלה לבן 0%שומן,גרמים,200.00,100 גרם,false,0,3.80,1.90,true,1,
7290004133511,false,יופלה לבן מעוד1.5% 150*8,תנובה,IL,יופלה מעודן 8 יח,קילוגרמים,1.20,"ק""ג",false,0,16.90,14.08,true,1,
7290004133627,false,חלב על הבוקר וניל 3% 1 ל,תנובה,IL,חלב על הבוקר 3%,ליטרים,1.00,ליטר,false,0,7.90,7.90,true,1,
7290004133900,false,קצפת צמחית השף הלבן250מל,תנובה,IL,קצפת צמחית,מיליליטרים,250.00,"100 מ""ל",false,0,9.00,3.60,true,1,
7290004134198,false,"משקה בננה בקבוק 250 מ""ל",תנובה,IL,משקה בננה בקבוק,מיליליטרים,250.00,"100 מ""ל",false,0,5.20,2.08,true,1,
7290004134945,false,יופלה מוקה 3% שומן 150 ג,תנובה,IL,יופלה מוקה 3%,גרמים,150.00,100 גרם,false,0,5.00,3.33,true,1,
7290004134983,false,פרוסות גבינת עמק 5% 200ג,תנובה,IL,גבינת עמק 5%,גרמים,200.00,100 גרם,false,0,17.20,8.60,true,1,
7290004135058,false,מיני קרלו שוקולד 100*8גר,תנובה,,קרלו שוקולד 8 יח,גרמים,800.00,100 גרם,false,0,13.20,1.65,true,1,
7290004135225,false,מעדן דיאט שוקולד 0% 150ג,תנובה,IL,מעדן דיאט שוקולד,גרמים,150.00,100 גרם,false,0,3.80,2.53,true,1,
7290004135232,false,מעדן דיאט וניל0% 150 גרם,תנובה,IL,מעדן דיאט וניל,גרמים,150.00,100 גרם,false,0,3.80,2.53,true,1,
7290004135324,false,פיראוס בולגרית מע5%משקל,תנובה,IL,פיראוס בולגרית מע5%משקל,קילוגרמים,0.00,"ק""ג",true,0,39.00,39.00,true,1,
7290004135355,false,פיראוס בולגרית 3% משקל,תנובה,IL,פיראוס בולגרית 3% משקל,קילוגרמים,0.00,"ק""ג",true,0,39.00,39.00,true,1,
7290004135614,false,בולג.מעוד.פיראוס 5% 250ג,תנובה,IL,בולגרית פיראוס5%,גרמים,250.00,100 גרם,false,0,17.90,7.16,true,1,
7290004135621,false,בולג. מעוד.פיראוס 2503%ג,תנובה,IL,בולגרית פיראוס3%,גרמים,250.00,100 גרם,false,0,17.90,7.16,true,1,
7290004136130,false,"שוקו תנובה בקבוק 340 מ""ל",תנובה,IL,שוקו תנובה בקבוק,מיליליטרים,340.00,"100 מ""ל",false,0,6.30,1.85,true,1,
7290004136154,false,משקה אייס קפה בקבוק340מל,תנובה,IL,משקה אייס קפה,מיליליטרים,340.00,"100 מ""ל",false,0,6.30,1.85,true,1,
7290004136192,false,מילק שייק פונץ בננה 250מ,תנובה,IL,מילק שייק פונץ,מיליליטרים,250.00,"100 מ""ל",false,0,5.80,2.32,true,1,
7290004136222,false,"שוקו בקבוק 250*6 מ""ל",תנובה,IL,שוקו בקבוק 6 יח',ליטרים,1.50,ליטר,false,0,25.70,17.13,true,1,
7290004136598,false,מארז הפסקת אוכל,תנובה,IL,חלב עם דגנים,יחידה,1.00,יחידה,false,0,8.80,8.80,true,1,
7290004136857,false,מעדן ג'לי פטל 125 גרם,תנובה,IL,מעדן ג'לי פטל,גרמים,125.00,100 גרם,false,0,2.30,1.84,true,1,
7290004136871,false,מעדן ג'לי אפרסק+חתיכ125.,תנובה,,מעדן ג'לי אפרסק,גרמים,125.00,100 גרם,false,0,2.80,2.24,true,1,
7290004137021,false,שמנת לבישול 10%שומן250מ,תנובה,IL,שמנת לבישול10%,מיליליטרים,250.00,"100 מ""ל",false,0,8.10,3.24,true,1,
7290004137311,false,עמק לייט משפחתית 400 גרם,תנובה,IL,גבינת עמק לייט,גרמים,400.00,100 גרם,false,0,29.80,7.45,true,1,
7290004137809,false,לבנה פיראוס 5% 250 גרם,תנובה,IL,לבנה פיראוס5%,גרמים,250.00,100 גרם,false,0,11.70,4.68,true,1,
7290004146986,false,שמפו נקה 7 שיער צבוע750מ,אמיליה קוסמטיקס,IL,שמפו נקה 7,מיליליטרים,750.00,"100 מ""ל",false,0,9.90,1.32,true,1,
7290004146993,false,מרכך נקה 7 שיער צבוע750מ,אמיליה קוסמטיקס,IL,קונדישינר נקה 7,מיליליטרים,750.00,"100 מ""ל",false,0,9.90,1.32,true,1,
7290004198022,false,בקלה צעיר קפוא לקג,שונות,AR,בקלה צעיר קפוא,קילוגרמים,0.00,"ק""ג",true,0,17.90,17.90,true,1,
7290004199166,false,כפפות לטקס איזי טאץ100יח,LTD G.G.CO,IL,כפפות לטקס,יחידה,1.00,יחידה,false,0,23.90,23.90,true,1,
7290004199173,false,כפפות לטקס איזי טאץ100יח,LTD G.G.CO,TH,כפפות לטקס,יחידה,1.00,יחידה,false,0,23.90,23.90,true,1,
7290004199180,false,כפפות לטקס איזי טאץ100יח,LTD G.G.CO,TH,כפפות לטקס,יחידה,1.00,יחידה,false,0,23.90,23.90,true,1,
7290004219277,false,אנשובי בצנצנת ארוך 80גרם,קמפיאס,ES,פילה אנשובי,גרמים,80.00,100 גרם,false,0,12.90,16.13,true,1,
7290004219819,false,מלבין קפה,,NL,מלבין קפה,גרמים,200.00,100 גרם,false,0,9.90,4.95,true,1,
7290004225285,false,בסגנון דנאבלו,,DK,בסגנון דנאבלו,גרמים,100.00,100 גרם,false,0,10.00,10.00,true,1,
7290004230067,false,פיצה משפחתית שגב 350גרם,שגב,IL,פיצה משפחתית שגב,גרמים,350.00,100 גרם,false,1,16.90,4.83,true,1,
7290004230074,false,קציצות דג ברוטב עגבניות,שגב,IL,קציצות דג ברוטב,גרמים,800.00,100 גרם,false,0,34.60,4.33,true,1,
7290004230098,false,רוטב בולונז 700 גרם,שגב,IL,רוטב בולנז,גרמים,700.00,100 גרם,false,0,40.00,5.71,true,1,
7290004230265,false,שוארמה מזרחית שגב 500גרם,שגב,IL,שוארמה מזרחית,גרמים,500.00,100 גרם,false,1,39.60,7.92,true,1,
7290004230272,false,שוארמה ביתי שגב 500גרם,שגב,IL,שוארמה ביתי,גרמים,500.00,100 גרם,false,1,39.60,7.92,true,1,
7290004230333,false,"מקלות בורקס פילו תפו""א 6",יוניגד,IL,"מקלות בורקס פילו תפו""א 6",גרמים,600.00,100 גרם,false,0,20.70,3.45,true,1,
7290004230340,false,מקלות בורקס פילו תרד בצל,שגב,IL,מקלות בורקס פילו תרד בצל,גרמים,600.00,100 גרם,false,0,20.70,3.45,true,1,
7290004230357,false,מקלות בורקס פילו בטטה,שגב,IL,מקלות בורקס,גרמים,600.00,100 גרם,false,0,20.70,3.45,true,1,
7290004230364,false,מקלות בורקס פילו צרפתי 6,שגב,IL,מקלות בורקס פילו צרפתי 6,גרמים,600.00,100 גרם,false,0,20.70,3.45,true,1,
7290004263027,false,קבב בקר בית יוסף 500 גרם,עטרה,IL,קבב בקר בית יוסף 500 גרם,גרמים,500.00,100 גרם,false,0,19.20,3.84,true,1,
7290004263034,false,המבורגר בית יוסף יח,עטרה,IL,המבורגר בית יוסף יח,גרמים,500.00,100 גרם,false,0,19.20,3.84,true,1,
7290004263041,false,גולש בקר מחיר לפי משקל,עטרה,IL,גולש בקר מחיר לפי משקל,קילוגרמים,0.00,"ק""ג",true,0,42.50,42.50,true,1,
7290004263652,false,נקניקיות עוף 400 גרם,עטרה,IL,נקניקיות עוף 400 גרם,גרמים,400.00,100 גרם,false,0,11.80,2.95,true,1,
7290004324858,false,קבב בטעם כבש 500 גרם,טיבון ויל - נטו,IL,קבב בטעם כבש,גרמים,500.00,100 גרם,false,0,19.70,3.94,true,1,
7290004339135,false,קציצות אוקרה תרד,,,קציצות אוקרה תרד,גרמים,300.00,100 גרם,false,0,20.70,6.90,true,1,
7290004339401,false,המבורגר אורז,,IL,המבורגר אורז,גרמים,400.00,100 גרם,false,0,23.50,5.88,true,1,
7290004339425,false,שווארמה מן הצומח,,IL,שווארמה מן הצומח,גרמים,350.00,100 גרם,false,0,23.50,6.71,true,1,
7290004339449,false,מעורב ירושלמי מהצומח,,IL,מעורב ירושלמי מהצומח,גרמים,350.00,100 גרם,false,0,23.50,6.71,true,1,
7290004339630,false,סייטן טבעי,,IL,סייטן טבעי,גרמים,350.00,100 גרם,false,0,18.50,5.29,true,1,
7290004339975,false,ס.אמרנט קובה בורגול400גר,טבע דלי,IL,סייטן אמרנט,גרמים,400.00,100 גרם,false,1,27.90,6.98,true,1,
7290004386825,false,שעועית אפויה,,IL,שעועית אפויה,גרמים,420.00,100 גרם,false,0,9.00,2.14,true,1,
7290004485191,false,"עוף טבעי שלם ארוז ק""ג",שונות,IL,עוף טבעי שלם ארו,קילוגרמים,0.00,"ק""ג",true,0,26.90,26.90,true,1,
7290004485207,false,"חזה עוף טבעי ארוז ק""ג",שונות,IL,"חזה עוף טבעי ארוז ק""ג",קילוגרמים,0.00,"ק""ג",true,0,43.90,43.90,true,1,
7290004485214,false,"פילה עוף טבעי ארוז ק""ג",שונות,IL,"פילה עוף טבעי ארוז ק""ג",קילוגרמים,0.00,"ק""ג",true,0,49.50,49.50,true,1,
7290004485221,false,"שניצל עוף טבעי ארוז ק""ג",שונות,IL,"שניצל עוף טבעי ארוז ק""ג",קילוגרמים,0.00,"ק""ג",true,0,45.90,45.90,true,1,
7290004485238,false,סטייק פרגית ע.ארוז קג,שונות,IL,סטייק פרגית ע.ארוז קג,קילוגרמים,0.00,"ק""ג",true,0,69.90,69.90,true,1,
7290004485245,false,"כרעיים עוף טבעי ארוז ק""ג",שונות,IL,"כרעיים עוף טבעי ארוז ק""ג",קילוגרמים,0.00,"ק""ג",true,0,39.60,39.60,true,1,
7290004485252,false,"שוקיים ע.טבעי ארוז ק""ג",שונות,IL,"שוקיים ע.טבעי ארוז ק""ג",קילוגרמים,0.00,"ק""ג",true,0,43.90,43.90,true,1,
7290004485269,false,"ירכיים עוף טבעי ארוז ק""ג",שונות,IL,"ירכיים עוף טבעי ארוז ק""ג",קילוגרמים,0.00,"ק""ג",true,0,39.60,39.60,true,1,
7290004485276,false,"כנפיים עוףטבעי ארוז ק""ג",שונות,IL,"כנפיים עוףטבעי ארוז ק""ג",קילוגרמים,0.00,"ק""ג",true,0,13.90,13.90,true,1,
7290004485283,false,"לב עוף טבעי ארוז ק""ג",שונות,IL,"לב עוף טבעי ארוז ק""ג",קילוגרמים,0.00,"ק""ג",true,0,29.90,29.90,true,1,
7290004485290,false,"כבד עוף טבעי ארוז ק""ג",שונות,IL,"כבד עוף טבעי ארוז ק""ג",קילוגרמים,0.00,"ק""ג",true,0,29.90,29.90,true,1,
7290004485306,false,פרגית טרי במגש קג,שונות,IL,פרגית טרי מגש,קילוגרמים,0.00,"ק""ג",true,0,39.90,39.90,true,1,
7290004492274,false,בייגלה טבעות מלוחות 400ג,יוניליוור,IL,בייגלה טבעות,גרמים,400.00,100 גרם,false,0,7.90,1.98,true,1,
7290004492311,false,בייגלה שמיניות לל.מלח400,יוניליוור,IL,בייגלה גדול,גרמים,400.00,100 גרם,false,0,13.80,3.45,true,1,
7290004492342,false,נישנושים קוקטייל מלח350ג,גוצ'מולר,IL,נישנושים מלוח,גרמים,350.00,100 גרם,false,0,9.90,2.83,true,1,
7290004492755,false,נישנושים בצל שמנת 300גרם,גוצ'מולר,IL,נישנושים בצל,גרמים,300.00,100 גרם,false,0,9.90,3.30,true,1,
7290004492762,false,נישנושים תירס 325 גרם,גוצ'מולר,IL,נישנושים תירס,גרמים,325.00,100 גרם,false,0,9.90,3.05,true,1,
7290004492779,false,נישנושים זעתר 300 גרם,גוצ'מולר,IL,נישנושים זעתר,גרמים,300.00,100 גרם,false,0,9.90,3.30,true,1,
7290004492816,false,נישנושים מלוח 350 גרם,גוצ'מולר,IL,נישנושי קרקר,גרמים,350.00,100 גרם,false,0,9.90,2.83,true,1,
7290004492823,false,נישנושים שומשום 350 גרם,גוצ'מולר,IL,נישנושים שומשום,גרמים,350.00,100 גרם,false,0,9.90,2.83,true,1,
7290004492854,false,נישנושים קוקט.שומשום350ג,גוצ'מולר,IL,נישנושים,גרמים,350.00,100 גרם,false,0,9.90,2.83,true,1,
7290004494919,false,"יובלים דלתון שיראז750מ""ל",יקב דלתון,IL,יין יובלים שיראז,מיליליטרים,750.00,"100 מ""ל",false,0,37.90,5.05,true,1,
7290004502744,false,בירה אורנג'בום,,DE,בירה אורנג'בום,מיליליטרים,500.00,"100 מ""ל",false,0,5.00,1.00,true,1,
7290004532598,false,פלאפל דביאל 230 גרם,קטיף,IL,פלאפל דבאיל,גרמים,230.00,100 גרם,false,0,15.80,6.87,true,1,
7290004536008,false,סיליט מסיר אבן/חלודה500מ,רקיט בנקיזר,IL,סיליט מסיר אבנית,מיליליטרים,500.00,"100 מ""ל",false,0,14.50,2.90,true,1,
7290004536022,false,כפפות ספונטקס,,FR,כפפות ספונטקס,יחידה,1.00,יחידה,false,0,6.70,6.70,true,1,
7290004536039,false,כפפות ספונטקס,,MY,כפפות ספונטקס,יחידה,1.00,יחידה,false,0,6.70,6.70,true,1,
7290004536336,false,רפיל ספירה 45 לילות,זובלה,IT,רפיל ספירה,יחידה,1.00,יחידה,false,0,17.70,17.70,true,1,
7290004554354,false,גל.פנטסיה שוקו-וניל חלבי,שטראוס,IL,"גלידת ""פנטסיה""",ליטרים,1.00,ליטר,false,0,23.30,23.30,true,1,
7290004554903,false,גל.פנטזיה פרווה 1 ליטר,שטראוס,IL,גל.פנטזיה פרווה,מיליליטרים,1000.00,"100 מ""ל",false,0,23.30,2.33,true,1,
7290004584306,false,סופר גמדים תות בננה100*4,שטראוס,IL,סופר גמדים 4 יח,גרמים,400.00,100 גרם,false,0,11.50,2.88,true,1,
7290004584351,false,גב.סימפוניה 5% 200 גרם,שטראוס,IL,גבינת סימפוניה,גרמים,200.00,100 גרם,false,0,10.00,5.00,true,1,
7290004584528,false,יוגורט ביו 1.7%דנונה200ג,שטראוס,IL,יוגורט ביו 1.7%,גרמים,200.00,100 גרם,false,0,3.60,1.80,true,1,
7290004585907,false,דני וניל 1.5% שומן 125 ג,שטראוס,IL,דני וניל 1.5%,גרמים,125.00,100 גרם,false,0,2.60,2.08,true,1,
7290004603175,false,מלח ים גס 500 גרם,תעשיות מלח לישראל,IL,מלח ים גס,גרמים,500.00,100 גרם,false,0,7.30,1.46,true,1,
7290004685010,false,לחם 100% שיפון קל 500 גר,מאפית ברמן,IL,לחם 100% שיפון קל 500 גר,גרמים,500.00,100 גרם,false,0,12.90,2.58,true,1,
7290004685027,false,לחם מחיטה מלאה קל 500 גר,מאפית ברמן,IL,לחם מחיטה מלאה קל 500 גר,גרמים,500.00,100 גרם,false,0,12.90,2.58,true,1,
7290004685041,false,לחם הארץ חיטה מלאה750גרם,מאפית ברמן,IL,לחם הארץ חיטה מלאה750גרם,גרמים,750.00,100 גרם,false,0,12.90,1.72,true,1,
7290004685089,false,לחם חמניות 500 גרם,מאפית ברמן,IL,לחם חמניות 500 גרם,גרמים,500.00,100 גרם,false,0,12.90,2.58,true,1,
7290004685126,false,לחם הארץ חמישה דגנים750ג,מאפית ברמן,IL,לחם הארץ חמישה דגנים750ג,גרמים,750.00,100 גרם,false,0,12.90,1.72,true,1,
7290004685133,false,לחם הארץ קל 750 גרם,מאפית ברמן,IL,לחם הארץ קל 750 גרם,גרמים,750.00,100 גרם,false,0,12.90,1.72,true,1,
7290004685140,false,לחם הארץ שיפון 750 גרם,מאפית ברמן,IL,לחם הארץ שיפון 750 גרם,גרמים,750.00,100 גרם,false,0,12.90,1.72,true,1,
7290004685157,false,לחם שיפון 100%פרוס 750ג,מאפית ברמן,IL,לחם שיפון 100%פרוס 750ג,גרמים,750.00,100 גרם,false,0,12.90,1.72,true,1,
7290004685195,false,לחם 10 דגנים פרוס 750גרם,מאפית ברמן,IL,לחם 10 דגנים פרוס 750גרם,גרמים,750.00,100 גרם,false,0,12.90,1.72,true,1,
7290004685201,false,לחם הארץ שיפון אגוזים500,מאפית ברמן,IL,לחם הארץ שיפון אגוזים500,גרמים,500.00,100 גרם,false,0,12.90,2.58,true,1,
7290004685225,false,לחם פומפרניקל 750 גרם,מאפית ברמן,IL,לחם פומפרניקל 750 גרם,גרמים,750.00,100 גרם,false,0,12.90,1.72,true,1,
7290004685232,false,לחם שאור ללא שמרים 750גר,מאפית ברמן,IL,לחם שאור ללא שמרים 750גר,גרמים,750.00,100 גרם,false,0,12.90,1.72,true,1,
7290004731076,false,אל סבון כיף אלוורה 1ליטר,קוסמופארם,IL,אל סבון כיף,ליטרים,1.00,ליטר,false,0,10.00,10.00,true,1,
7290004731083,false,אל סבון כיף ג'ינסנג1ליטר,קוסמופארם,IL,אל סבון כיף,ליטרים,1.00,ליטר,false,0,10.00,10.00,true,1,
7290004731090,false,אל סבון כיף קמומיל 1ליטר,קוסמופארם,IL,אל סבון כיף קמומיל 1ליטר,ליטרים,1.00,ליטר,false,0,10.00,10.00,true,1,
7290004731120,false,ק.ידיים קרמה עור רגיל100,קוסמופארם,IL,קרם ידיים קרמה,מיליליטרים,100.00,"100 מ""ל",false,0,7.90,7.90,true,1,
7290004731137,false,ק.ידיים קרמה עור יבש100מ,קוסמופארם,IL,קרמה קרם ידיים,מיליליטרים,100.00,"100 מ""ל",false,0,7.90,7.90,true,1,
7290004731281,false,קרמה ספא אלסבון לבנדר500,קוסמופארם,IL,קרמה ספא אלסבו,מיליליטרים,500.00,"100 מ""ל",false,0,10.00,2.00,true,1,
7290004731410,false,סנו סושי3כרית קרצוף ירוק,סנו,IL,סנו סושי ענק 3,יחידה,1.00,יחידה,false,0,8.50,8.50,true,1,
7290004731519,false,מקסימה למייבש סנסטיב750מ,סנו,IL,מקסימה למייבש,מיליליטרים,750.00,"100 מ""ל",false,0,16.30,2.17,true,1,
7290004737443,false,קוקטייל פירות,,CN,קוקטייל פירות,גרמים,820.00,100 גרם,false,0,7.90,0.96,true,1,
7290004737719,false,אספרגוס מקולף,,IL,אספרגוס מקולף,גרמים,330.00,100 גרם,false,0,8.50,2.58,true,1,
7290004737955,false,ממרח חמאה,,,ממרח חמאה,קילוגרמים,0.00,"ק""ג",true,0,37.70,37.70,true,1,
7290004810009,false,"טואלט דאק כתום 750*2 מ""ל",ג'ונסון,NL,טואלט דאק זוג,ליטרים,1.50,ליטר,false,0,15.00,10.00,true,1,
7290004861025,false,גבינה בולגרית 5% במשקל,מחלבת מושבה,IL,גבינה בולגרית 5% במשקל,קילוגרמים,0.00,"ק""ג",true,0,40.00,40.00,true,1,
7290004869120,false,לחם אחיד קל פרוס 750 גרם,מאפיית שלמה א. אנג'ל,IL,לחם אחיד קל פרוס 750 גרם,גרמים,750.00,100 גרם,false,0,14.90,1.99,true,1,
7290004872779,false,קרחוני פרילי שישיה כשלפ,נסטלה,IL,קרחוני פרילי שישיה כשלפ,גרמים,468.00,100 גרם,false,0,23.10,4.94,true,1,
7290004923099,false,עין גדי מים מינרל. 2*6 ל,עין גדי מיים מינרלים,IL,מים עין גדי 6 יח,ליטרים,12.00,ליטר,false,0,10.90,0.91,true,1,
7290004952228,false,חלת טבע הרדוף 750 גרם,הרדוף,IL,חלת טבע הרדוף,גרמים,750.00,100 גרם,false,0,14.90,1.99,true,1,
7290004952440,false,"קטשופ אורגני 750 מ""ל",הרדוף,IL,קטשופ אורגני,גרמים,750.00,100 גרם,false,0,18.90,2.52,true,1,
7290004952778,false,טופו אורגני-הרדוף 300גרם,הרדוף,IL,טופו אורגני-הרדוף 300גרם,גרמים,300.00,100 גרם,false,0,14.40,4.80,true,1,
7290004952785,false,פריכיות אורגניות,,,פריכיות אורגניות,גרמים,100.00,100 גרם,false,0,11.80,11.80,true,1,
7290004980634,false,פמלי סבון נוזלי 2ב1- 1ל',אינטרקוסמא,IL,סבון נוזלי פמלי,ליטרים,1.00,ליטר,false,0,10.00,10.00,true,1,
7290005008184,false,סב.נוז.פלמוליב 2ב1- 500מ,קולגייט-פלמוליב,IT,סב.נוזלי פלמול,מיליליטרים,500.00,"100 מ""ל",false,0,14.90,2.98,true,1,
7290005008191,false,פלמולי.נוז.ארומה-סגול500,קולגייט-פלמוליב,IT,סב.נוזלי פלמוליב,מיליליטרים,500.00,"100 מ""ל",false,0,14.90,2.98,true,1,
7290005008481,false,דאו.ספיד סטיק ג'ל ספורט,קולגייט-פלמוליב,US,דאודורנט,גרמים,85.00,100 גרם,false,0,18.90,22.24,true,1,
7290005020797,false,וויסקי דיוארס   יט700מ,,GB,וויסקי דיוארס   יט700מ,מיליליטרים,700.00,"100 מ""ל",false,0,197.60,28.23,true,1,
7290005041129,false,קבב ג'מבו מזרחי 1קג,מעדני הטלה,IL,קבב ג'מבו מזרחי,גרמים,1000.00,100 גרם,false,0,57.40,5.74,true,1,
7290005041136,false,קבב ג'מבו רומני 1קג,מעדני הטלה,IL,קבב ג'מבו רומני 1קג,גרמים,1000.00,100 גרם,false,0,57.40,5.74,true,1,
7290005041167,false,"קבב עגל\כבש 1ק""ג",מעדני הטלה,IL,קבב עגל\כבש,גרמים,1000.00,100 גרם,false,7,57.40,5.74,true,1,
7290005041198,false,קבב ביתי 1קג,מעדני הטלה,IL,קבב ביתי,גרמים,1000.00,100 גרם,false,0,57.40,5.74,true,1,
7290005068058,false,תירס קל 550 גרם,פרי גליל,IL,תירס קל,גרמים,550.00,100 גרם,false,0,7.70,1.40,true,1,
7290005079221,false,בולגרית מעודנת5% משקל,משק צוריאל תבור,IL,בולגרית מעודנת5% משקל,קילוגרמים,0.00,"ק""ג",true,0,39.00,39.00,true,1,
7290005079238,false,פטה עיזים מעודנת16% משקל,משק צוריאל תבור,IL,פטה עיזים מעודנת16% משקל,קילוגרמים,0.00,"ק""ג",true,0,69.00,69.00,true,1,
7290005079290,false,נעם גבינה צהובה15% משקל,טרה,IL,גב.צהובה נעם15%,קילוגרמים,0.00,"ק""ג",true,1,63.00,63.00,true,1,
7290005082979,false,חלת דגנים קלועה 560 גרם,גידרון,IL,חלת דגנים קלועה,גרמים,560.00,100 גרם,false,0,10.90,1.95,true,1,
7290005084355,false,משח.סנסודיין דואל קייר75,דנאגיס,GB,משחת שיניים,מיליליטרים,75.00,"100 מ""ל",false,0,16.90,22.53,true,1,
7290005084737,false,ביבי סקין משחה ל.בושם100,כצט,IL,בייבי סקין משחה,מיליליטרים,100.00,"100 מ""ל",false,0,11.90,11.90,true,1,
7290005095382,false,נר מעוצב/ריחני,,CN,נר מעוצב/ריחני,יחידה,1.00,יחידה,false,0,10.70,10.70,true,1,
7290005095801,false,עמבה,,,עמבה,גרמים,500.00,100 גרם,false,0,15.10,3.02,true,1,
7290005111761,false,"בונזו בשר 3 ק""ג",ביופט,IL,בונזו בשר,קילוגרמים,3.00,"ק""ג",false,0,43.90,14.63,true,1,
7290005113222,false,מיקס זיתים,,IL,מיקס זיתים,גרמים,340.00,100 גרם,false,0,8.80,2.59,true,1,
7290005113772,false,חרוזית בטעם נענע,,,חרוזית בטעם נענע,גרמים,540.00,100 גרם,false,0,11.00,2.04,true,1,
7290005174513,false,חציל במיונז אחלה 500 גרם,שטראוס,IL,סלט חציל מיונז,גרמים,500.00,100 גרם,false,0,10.90,2.18,true,1,
7290005174551,false,חומוס יום יום 125 גרם,שטראוס,IL,חומוס יום יום,גרמים,125.00,100 גרם,false,0,4.80,3.84,true,1,
7290005174575,false,טחינה יום יום 125 גרם,שטראוס,IL,טחינה יום יום,גרמים,125.00,100 גרם,false,0,4.80,3.84,true,1,
7290005175701,false,גבינת קשקבל,,,גבינת קשקבל,קילוגרמים,0.00,"ק""ג",true,0,89.00,89.00,true,1,
7290005182136,false,סוכרה דיאט 100 יחידות80ג,גורי,IL,סוכרה דיאט,גרמים,80.00,100 גרם,false,0,25.90,32.38,true,1,
7290005197628,false,שוקולד חלב פרה 100*6 גרם,עלית,IL,שוקולד חלב 6 יח,גרמים,600.00,100 גרם,false,0,21.90,3.65,true,1,
7290005197758,false,עוג.חיוכים שוקו 150 גרם,עלית,IL,עוגיות חיוכים,גרמים,150.00,100 גרם,false,0,4.50,3.00,true,1,
7290005199578,false,קפה נ.פלטינום נ.קפאין200,עלית,IL,קפה נ.פלטינום נ.קפאין200,גרמים,200.00,100 גרם,false,0,36.30,18.15,true,1,
7290005199622,false,עד חצות מריר 200 גרם,עלית,IL,עד חצות מריר,גרמים,200.00,100 גרם,false,0,12.90,6.45,true,1,
7290005200786,false,תפוצ'יפס ט.שמנת ובצל50גר,עלית,IL,תפוצ'יפס שמנת,גרמים,50.00,100 גרם,false,0,3.80,7.60,true,1,
7290005200908,false,שוק.פרה עם ביסקוויט 100ג,עלית,IL,שוקולד+ביסקויט,גרמים,100.00,100 גרם,false,0,5.70,5.70,true,1,
7290005201455,false,קפה נמס ארומה 200 גרם,עלית,IL,קפה נמס ארומה,גרמים,200.00,100 גרם,false,0,20.90,10.45,true,1,
7290005201479,false,צ'יטוס בוטנים 100 גרם,עלית,IL,צ'יטוס בוטנים,גרמים,100.00,100 גרם,false,0,6.40,6.40,true,1,
7290005201882,false,קפה טורקי בצלופן 200 גרם,עלית,IL,קפה טורקי בצלופן,גרמים,200.00,100 גרם,false,0,15.90,7.95,true,1,
7290005270000,false,עלי סיגר 500 גרם,"אדריה בע""מ",IL,עלי סיגר מרוקאי,גרמים,500.00,100 גרם,false,0,11.80,2.36,true,1,
7290005287077,false,טונה בשמן צמחי 110*4 גרם,סטארקיסט,IL,טונה סטארקיסט4יח,גרמים,440.00,100 גרם,false,0,22.70,5.16,true,1,
7290005287138,false,טונה סטארקיסט בשמן 960 ג,סטארקיסט,IL,טונה בשמן 960 גר,גרמים,960.00,100 גרם,false,0,36.60,3.81,true,1,
7290005287183,false,טונה סטארקיסט בשמן545גרם,סטארקיסט,IL,טונה סטארקיסט,גרמים,545.00,100 גרם,false,0,21.90,4.02,true,1,
7290005287251,false,טונה סטארקיסט במים160*4ג,סטארקיסט,IL,טונה סטארקיסט4יח,גרמים,640.00,100 גרם,false,0,21.90,3.42,true,1,
7290005287510,false,טונה בשמן ופלפל חריף160ג,סטארקיסט,IL,טונה עם פלפל,גרמים,160.00,100 גרם,false,0,6.80,4.25,true,1,
7290005287527,false,טונה בשמן עם לימון160גרם,סטארקיסט,IL,טונה עם לימון,גרמים,160.00,100 גרם,false,0,6.80,4.25,true,1,
7290005287534,false,טונה בשמן עישון טבעי160ג,סטארקיסט,IL,טונה בשמן,גרמים,160.00,100 גרם,false,0,6.80,4.25,true,1,
7290005287664,false,ממרח סלמון סטארקיסט160גר,סטארקיסט,IL,ממרח סלמון,גרמים,160.00,100 גרם,false,0,10.00,6.25,true,1,
7290005287732,false,טונה5% +עשבי תיבול 160ג,סטארקיסט,IL,טונה+עשבי תיבול,גרמים,160.00,100 גרם,false,0,6.80,4.25,true,1,
7290005287749,false,טונה5% בטעם טבעי 160ג,סטארקיסט,IL,טונה 5%טעם טבעי,גרמים,160.00,100 גרם,false,0,6.80,4.25,true,1,
7290005287756,false,טונה5%עם לימון+פלפל160ג,סטארקיסט,IL,טונה+לימון ופלפל,גרמים,160.00,100 גרם,false,0,6.80,4.25,true,1,
7290005326387,false,עגבניות מיובש+שמן זית270,אוליביה,IL,עגבניות מיובשות,גרמים,270.00,100 גרם,false,0,17.90,6.63,true,1,
7290005326523,false,פסטו פטרוזיליה ונענע180ג,אוליביה,IL,פסטו פטרוזיליה,גרמים,180.00,100 גרם,false,1,10.90,6.06,true,1,
7290005358371,false,שריר מס' 8 מוכשר קפוא קג,שונות,XX,שריר מוכשר,קילוגרמים,0.00,"ק""ג",true,0,44.90,44.90,true,1,
7290005358678,false,בשר ראש חלק קג,נטו,XX,בשר ראש חלק קג,קילוגרמים,0.00,"ק""ג",true,0,59.90,59.90,true,1,
7290005384868,false,בסיגנון דנאבלו,,IL,בסיגנון דנאבלו,קילוגרמים,0.00,"ק""ג",true,0,74.00,74.00,true,1,
7290005384899,false,בסגנון פטה 21%,,IL,בסגנון פטה 21%,קילוגרמים,0.00,"ק""ג",true,0,32.00,32.00,true,1,
7290005418709,false,קר.לחות נטורל קיבוע תלתל,קרליין,IL,קרם לחות לתלתלים,מיליליטרים,400.00,"100 מ""ל",false,0,21.80,5.45,true,1,
7290005423253,false,"מקסימה למייבש פרש 750מ""ל",סנו,IL,מקסימה למייבש,מיליליטרים,750.00,"100 מ""ל",false,0,16.30,2.17,true,1,
7290005423420,false,סנו משמיד עש מבושם 2 יח',סנו,IT,סנו משמיד עש,יחידה,1.00,יחידה,false,0,21.90,21.90,true,1,
7290005423482,false,קרם לניקוי כיריים 300 מל,סנו,IL,קרם ניקוי כיריים,מיליליטרים,300.00,"100 מ""ל",false,1,15.80,5.27,true,1,
7290005423505,false,"מי פה אורביטול 500 מ""ל",קוסמופארם,IL,מי פה אורביטול,מיליליטרים,500.00,"100 מ""ל",false,0,20.00,4.00,true,1,
7290005423567,false,40מטליות לניקוי סנו סושי,סנו,IL,מטליות לניקוי,יחידה,1.00,יחידה,false,0,20.20,20.20,true,1,
7290005423635,false,ריצפז פלוס דוחה תיקנים2ל,סנו,IL,ריצפז דוחה חרקים,ליטרים,2.00,ליטר,false,0,19.90,9.95,true,1,
7290005423734,false,מרכך מקסימה אולטרה 4 ל',סנו,IL,מרכך כביסה,ליטרים,4.00,ליטר,false,0,18.50,4.63,true,1,
7290005423871,false,משחת אורביטול145*3ג,קוסמופארם,IL,משחת אורביטול145*3ג,גרמים,435.00,100 גרם,false,0,17.70,4.07,true,1,
7290005423888,false,אלסבון כיף מעורב 500X3מל,קוסמופארם,IL,אל סבון כיף מארז,ליטרים,1.50,ליטר,false,0,18.70,12.47,true,1,
7290005423918,false,מרכך מקסימה בייבי 4 ל',סנו,IL,מרכך כביסה,ליטרים,4.00,ליטר,false,0,20.80,5.20,true,1,
7290005424311,false,סנו K רב קוטל בריח פרחים,סנו,IL,סנו K רב קוטל,מיליליטרים,500.00,"100 מ""ל",false,0,19.90,3.98,true,1,
7290005424588,false,2 סנו סושי ספוגית קירצוף,סנו,IL,2סנו סושי ספוג,יחידה,1.00,יחידה,false,0,9.00,9.00,true,1,
7290005424694,false,קרמה תח.רחצה קלאסיק 750מ,קוסמופארם,IL,קרמה תחליב רחצה,מיליליטרים,750.00,"100 מ""ל",false,0,15.90,2.12,true,1,
7290005424762,false,ריצפז+דוחה תיקנים+ווקס2ל,סנו,IL,ריצפז פלוס+ווקס,ליטרים,2.00,ליטר,false,0,26.30,13.15,true,1,
7290005424793,false,בייבי כיף שמפ.אל דמע750מ,קוסמופארם,IL,שמפו בייבי כיף,גרמים,750.00,100 גרם,false,0,12.90,1.72,true,1,
7290005425011,false,סנו ג'ט 80 מטליות לניקוי,סנו,IL,סנו ג'ט מטליות,יחידה,1.00,יחידה,false,0,14.70,14.70,true,1,
7290005425097,false,אורביטול 2משחות2+ מברשות,קוסמופארם,IL,2מברשות 2+ משחות,יחידה,1.00,יחידה,false,0,20.00,20.00,true,1,
7290005425196,false,אבקת מקסימה סנסיטיב2.5קג,סנו,IL,אבקת כביסה,קילוגרמים,2.50,"ק""ג",false,0,24.90,9.96,true,1,
7290005425202,false,"אבקת מקסימה ביו 2.5 ק""ג",סנו,IL,אבקת כביסה,קילוגרמים,2.50,"ק""ג",false,0,24.90,9.96,true,1,
7290005425646,false,סנוקליר ניקוי חלונות 1ל',סנו,IL,סנוקליר 1 ליטר,ליטרים,1.00,ליטר,false,0,9.50,9.50,true,1,
7290005425745,false,משחה אורביטול להלבנה145ג,קוסמופארם,IL,משחת שיניים,גרמים,145.00,100 גרם,false,0,7.90,5.45,true,1,
7290005425783,false,קרם גוף קרמה קלאסי 500מל,קוסמופארם,IL,קרם גוף קרמה,מיליליטרים,500.00,"100 מ""ל",false,0,21.70,4.34,true,1,
7290005425998,false,אל סבון בייבי כיף 1 ליטר,קוסמופארם,IL,אל סבון בייבי,ליטרים,1.00,ליטר,false,0,12.90,12.90,true,1,
7290005426018,false,אל סבון בייבי כיף 2 ליטר,קוסמופארם,IL,אל סבון ביבי כיף,ליטרים,2.00,ליטר,false,0,25.90,12.95,true,1,
7290005426193,false,ספוג הפלא סנו סושי 6 יח',סנו,IL,ספוג סנו סושי,יחידה,1.00,יחידה,false,0,9.70,9.70,true,1,
7290005426230,false,מטלית הפלא לרצפה ס.סושי,סנו,IL,מטליות הפלא רצפה,יחידה,1.00,יחידה,false,0,10.00,10.00,true,1,
7290005426360,false,קרמה תח.רחצה חלב ודבש750,קוסמופארם,IL,קרמה תחליב רחצ,מיליליטרים,750.00,"100 מ""ל",false,0,15.90,2.12,true,1,
7290005426575,false,ק.לחות קרמה שיער יבש400מ,קוסמופארם,IL,קרם לחות קרמה,מיליליטרים,400.00,"100 מ""ל",false,0,19.80,4.95,true,1,
7290005426803,false,מרכך מקסימה לבנדר 4 ל',סנו,IL,מרכך כביסה,ליטרים,4.00,ליטר,false,0,18.50,4.63,true,1,
7290005426865,false,משחה אורביטול מסטיק 70 ג,קוסמופארם,IL,משחת שיניים,גרמים,70.00,100 גרם,false,0,6.90,9.86,true,1,
7290005426940,false,300-K פלוס8 קוטל חרקי400,סנו,IL,300-K פלוס,מיליליטרים,400.00,"100 מ""ל",false,0,17.50,4.38,true,1,
7290005426964,false,סנובון כחול אפרסק 50*3ג,סנו,IL,סנובון שלישיה,גרמים,150.00,100 גרם,false,0,15.90,10.60,true,1,
7290005426971,false,סנובון כחול תפוח 50*3 גר,סנו,IL,סנובון שלישיה,גרמים,150.00,100 גרם,false,0,15.90,10.60,true,1,
7290005427107,false,סנו סושי 6 מגבות הפלא,סנו,IL,מגבות נייר סנו,מטרים,63.00,מטר,false,0,8.90,0.14,true,1,
7290005427411,false,סנו אוקסיג'ן מס.כתמים800,סנו,IL,סנו אוקסיג'ן,גרמים,800.00,100 גרם,false,0,18.90,2.36,true,1,
7290005427503,false,מרכך כיף לשיער יבש 750מל,קוסמופארם,IL,מרכך כיף לשיער,מיליליטרים,750.00,"100 מ""ל",false,0,10.00,1.33,true,1,
7290005427541,false,תחליב רח.כיף חלב שקד750מ,קוסמופארם,IL,תחליב רחצה כיף,מיליליטרים,750.00,"100 מ""ל",false,0,10.00,1.33,true,1,
7290005427565,false,שמפו כיף לשיער רגיל 750מ,קוסמופארם,IL,שמפו כיף,מיליליטרים,750.00,"100 מ""ל",false,0,10.00,1.33,true,1,
7290005427602,false,"שמפו + מרכך כיף 750 מ""ל",קוסמופארם,IL,שמפו+מרכך כיף,מיליליטרים,750.00,"100 מ""ל",false,0,10.00,1.33,true,1,
7290005427619,false,ג'ל כיף אקסטרים ירוק 1קג,קוסמופארם,IL,ג'ל כיף לשיער,קילוגרמים,1.00,"ק""ג",false,0,18.90,18.90,true,1,
7290005427626,false,ג'ל כיף אקסטרים כתום 1קג,קוסמופארם,IL,ג'ל כיף לשיער,קילוגרמים,1.00,"ק""ג",false,0,18.90,18.90,true,1,
7290005427633,false,ג'ל כיף אקסטרים כחול 1קג,קוסמופארם,IL,ג'ל כיף לשיער,קילוגרמים,1.00,"ק""ג",false,0,18.90,18.90,true,1,
7290005427947,false,קרם גוף קרמה פסיפלורה500,קוסמופארם,IL,קרם גוף קרמה,גרמים,500.00,100 גרם,false,0,21.70,4.34,true,1,
7290005427961,false,"קרמה פסיפלורה קרם 400מ""ל",קוסמופארם,IL,קרמה לשיער,מיליליטרים,400.00,"100 מ""ל",false,0,19.80,4.95,true,1,
7290005427978,false,קרמה תחליב רחצה לפנים180,קוסמופארם,IL,תחליב רחצה לפנים,מיליליטרים,180.00,"100 מ""ל",false,0,12.90,7.17,true,1,
7290005427985,false,קרמה ת.רחצה לפנים+ג.פילי,קוסמופארם,IL,ת.רחצה לפנים+ג,מיליליטרים,180.00,"100 מ""ל",false,0,12.90,7.17,true,1,
7290005428852,false,מגבוני סנו סופט 100*5 יח,סנו,IL,מגבוני סנו סופט,יחידה,1.00,יחידה,false,0,12.90,12.90,true,1,
7290005428982,false,בייבי כיף ק.גוף תינוק500,קוסמופארם,IL,קרם גוף לתינוק,מיליליטרים,500.00,"100 מ""ל",false,0,22.90,4.58,true,1,
7290005429279,false,מקסימה קומפקט ג'אוול 6קג,סנו,IL,אבקת כביסה,קילוגרמים,6.00,"ק""ג",false,0,44.90,7.48,true,1,
7290005429286,false,אבקת מקסימה קומפקט ביו6ק,סנו,IL,אבקת מקסימה קומפקט ביו6ק,קילוגרמים,6.00,"ק""ג",false,0,44.90,7.48,true,1,
7290005430480,false,מטלית הפלא מיקרופייבר,סנו,IL,מטלית הפלא,יחידה,1.00,יחידה,false,0,6.90,6.90,true,1,
7290005430510,false,נייר טואלט סופט לבן 40גל,סנו,IL,נ.טואלט סופט לבן,מטרים,736.00,100 מטר,false,0,30.00,4.08,true,1,
7290005430602,false,אוקסיג'ן מ.כתמים,,IL,אוקסיג'ן מ.כתמים,מיליליטרים,750.00,"100 מ""ל",false,0,17.90,2.39,true,1,
7290005431371,false,מלבי 2 * 165 גרם,תנובה,IL,מלבי 2 יחידות,גרמים,330.00,100 גרם,false,0,10.00,3.03,true,1,
7290005431593,false,קדאיף 2 יחידות,,IL,קדאיף 2 יחידות,גרמים,172.00,100 גרם,false,0,10.00,5.81,true,1,
7290005431609,false,טירמיסו 2 יח,,IL,טירמיסו 2 יח,גרמים,172.00,100 גרם,false,0,10.00,5.81,true,1,
7290005431685,false,עוגת ביסקויטים 75*2גרם,תנובה,IL,זוג עוגות גבינה,גרמים,150.00,100 גרם,false,1,10.00,6.67,true,1,
7290005431692,false,עוג.גבינה אוכמניות90*2גר,תנובה,IL,זוג עוגות גבינה,גרמים,180.00,100 גרם,false,1,10.00,5.56,true,1,
7290005431708,false,עוגת גבינה ושוקולד90*2גר,תנובה,IL,זוג עוגות גבינה,גרמים,180.00,100 גרם,false,1,10.00,5.56,true,1,
7290005477669,false,דרמפון סבון נוז+.לחות1ל',קרליין,IL,דרמפון סבון לחות,ליטרים,1.00,ליטר,false,0,16.90,16.90,true,1,
7290005500688,false,"מסיכה לשיער פנינה 1 ק""ג",א.ל ארמן,IL,מסיכה לשיער,קילוגרמים,1.00,"ק""ג",false,0,29.90,29.90,true,1,
7290005509278,false,מרשמלו טוויסטר 180 גרם,כרמית,IL,מרשמלו טוויסטר,גרמים,180.00,100 גרם,false,0,7.80,4.33,true,1,
7290005540448,false,קפסולות אספרסו זהב 50גרם,ורנינו,IT,קפסולות אספרסו,גרמים,50.00,100 גרם,false,1,11.90,23.80,true,1,
7290005541094,false,קפסולות אספרסו כחול 50גר,ורנינו,IT,קפסולות אספרסו,גרמים,50.00,100 גרם,false,1,11.90,23.80,true,1,
7290005559587,false,מאפה נקניקיות 800 גרם,"מעדנות בע""מ",IL,מאפה נקניקיות,גרמים,800.00,100 גרם,false,0,28.10,3.51,true,1,
7290005559907,false,פיצה משפחתית גבינה 500גר,"מעדנות בע""מ",IL,פיצה משפחתית,גרמים,500.00,100 גרם,false,0,23.70,4.74,true,1,
7290005559914,false,פיצה משפחתית זיתים 550גר,"מעדנות בע""מ",IL,פיצה משפחתית,גרמים,550.00,100 גרם,false,0,24.70,4.49,true,1,
7290005559983,false,חטיפי פיצה גבינה 650 גרם,"מעדנות בע""מ",IL,חטיפי פיצה גבינה,גרמים,650.00,100 גרם,false,0,33.00,5.08,true,1,
7290005559990,false,בצק פילאס תורקי 600 גרם,"מעדנות בע""מ",IL,בצק פילאס תורכי,גרמים,600.00,100 גרם,false,0,24.00,4.00,true,1,
7290005564680,false,תפוזינה לימונדה 1.5 ליטר,יפאורה שותפות מובגלת לשיווק,IL,תפוזינה לימונדה,ליטרים,1.50,ליטר,false,0,5.90,3.93,true,1,
7290005564970,false,"קריסטל תפו""ע מוגז 2 ליטר",יפאורה שותפות מובגלת לשיווק,IL,גזוז בטעם תפוח,ליטרים,2.00,ליטר,false,0,3.60,1.80,true,1,
7290005583353,false,לחמניות 6 יח' X 75 גרם,,,לחמניות 6 יח' X 75 גרם,גרמים,450.00,100 גרם,false,0,9.00,2.00,true,1,
7290005583438,false,לחם בראשית קל 500 גרם,,,לחם בראשית קל 500 גרם,גרמים,500.00,100 גרם,false,0,13.40,2.68,true,1,
7290005591761,false,דבש מפרחי בר בק.פטנט400ג,יד מרדכי,IL,דבש מפרחי בר,גרמים,400.00,100 גרם,false,0,22.90,5.73,true,1,
7290005604133,false,פריגת מנגו 1.5 ליטר,פריגת,IL,פריגת מנגו,ליטרים,1.50,ליטר,false,0,6.50,4.33,true,1,
7290005605901,false,פאנטה אקזוטי 1.5 ליטר,החברה המרכזית לייצור משקאות,IL,פאנטה אקזוטי,ליטרים,1.50,ליטר,false,0,6.90,4.60,true,1,
7290005610509,false,צנונית יחידה,קטיף,IL,צנונית -יח',יחידה,1.00,יחידה,false,0,5.50,5.50,true,1,
7290005651069,false,"לה קט מיקס 2.85 ק""ג",ביופט,IL,לה קט מיקס,קילוגרמים,2.85,"ק""ג",false,0,55.70,19.54,true,1,
7290005651427,false,מעדני בונזו בשר לכלב 3יח,SAS FIDELE,IT,מעדן בונזו בשר3*,קילוגרמים,1.20,"ק""ג",false,0,18.00,15.00,true,1,
7290005678073,false,פלפל צ'ילי זהבי יח',קטיף,IL,פלפל צ'ילי זהבי,יחידה,1.00,יחידה,false,0,5.50,5.50,true,1,
7290005838002,false,"דניאלה מעדן גבינה 150מ""ל",שטראוס,IL,מעדן דניאלה,מיליליטרים,150.00,"100 מ""ל",false,0,4.10,2.73,true,1,
7290005838613,false,סקי מעדן גבינה וניל 125ג,שטראוס,IL,סקי מעדן גבינה,גרמים,125.00,100 גרם,false,0,3.70,2.96,true,1,
7290005838972,false,גב.סקי 5% 125 גרם,שטראוס,IL,גבינת סקי,גרמים,125.00,100 גרם,false,0,3.10,2.48,true,1,
7290005839078,false,דנונה ביו 3% 150*8 גרם,שטראוס,IL,דנונה ביו 8 יח,קילוגרמים,1.20,"ק""ג",false,0,16.90,14.08,true,1,
7290005839108,false,גב.סימפוניה +5%זיתים200ג,שטראוס,IL,גבינת סימפוניה,גרמים,200.00,100 גרם,false,0,10.00,5.00,true,1,
7290005839313,false,מילקי טופ שוקול.מגולג170,שטראוס,IL,מילקי טופ,מיליליטרים,170.00,"100 מ""ל",false,0,4.90,2.88,true,1,
7290005846441,false,אולטרסול30 תרס.תחליבי200,פישר  מעבדות  פרמצבטיות,IL,אולטרסול תרסיס,מיליליטרים,200.00,"100 מ""ל",false,0,29.90,14.95,true,1,
7290005896620,false,מי סאן בנדטו 1.5 ליטר,טמפו,IT,מי סאן בנדטו,ליטרים,1.50,ליטר,false,0,3.00,2.00,true,1,
7290005896828,false,מים מינרל.סאן בנדטו1.5*6,טמפו,IT,מים סן בנדטו 6יח,ליטרים,9.00,ליטר,false,0,14.90,1.66,true,1,
7290005896972,false,פפסי מקס 1.5*6 ליטר,טמפו,IL,פפסי מקס 6 יח',ליטרים,9.00,ליטר,false,0,24.90,2.77,true,1,
7290005938030,false,פסטו זעתר,,IL,פסטו זעתר,גרמים,220.00,100 גרם,false,0,15.00,6.82,true,1,
7290005938238,false,צ'ימיצ'ורי 220 גרם,נטו,IL,צ'ימיצ'ורי,גרמים,220.00,100 גרם,false,0,15.00,6.82,true,1,
7290005938245,false,פסטו קלאסי 220 גרם,נטו,IL,פסטו קלאסי,גרמים,220.00,100 גרם,false,0,15.00,6.82,true,1,
7290005938603,false,טפאנד זיתים ירוקים 220גר,נטו,IL,סלט טפאנד זיתים,גרמים,220.00,100 גרם,false,0,15.00,6.82,true,1,
7290005938627,false,ממרח עגבניות מיובשות220ג,פרסקו חצבה,IL,ממרח עגבניות,גרמים,220.00,100 גרם,false,1,15.00,6.82,true,1,
7290005938634,false,סחוג כוסברה,,IL,סחוג כוסברה,גרמים,220.00,100 גרם,false,0,15.00,6.82,true,1,
7290005938658,false,לקט הכפר 400גרם,פרסקו,IL,לקט הכפר 400גרם,גרמים,400.00,100 גרם,false,1,9.90,2.48,true,1,
7290005938825,false,פרסקו בזיליקום 180גרם,פרסקו,IL,פרסקו בזיליקום 180גרם,גרמים,180.00,100 גרם,false,0,10.90,6.06,true,1,
7290005938832,false,פרסקו פטרוזליה 180גרם,פרסקו,IL,פרסקו פטרוזליה,גרמים,180.00,100 גרם,false,0,10.90,6.06,true,1,
7290005966033,false,"יין לבן הר חרמון 750 מ""ל",יקבי רמת הגולן קצרין,IL,יין לבן חרמון,מיליליטרים,750.00,"100 מ""ל",false,0,29.90,3.99,true,1,
7290005966088,false,יין אדום הר חרמון 750 מל,יקבי רמת הגולן קצרין,IL,יין אדום חרמון,מיליליטרים,750.00,"100 מ""ל",false,0,29.90,3.99,true,1,
7290005966392,false,גולן קברנה סוביניון750מל,יקבי רמת הגולן קצרין,IL,גולן קברנה סוביניון750מל,מיליליטרים,750.00,"100 מ""ל",false,0,29.90,3.99,true,1,
7290005966514,false,"ירדן מוסקט 500 מ""ל",יקבי רמת הגולן קצרין,IL,ירדן מוסקט,מיליליטרים,500.00,"100 מ""ל",false,0,32.90,6.58,true,1,
7290005966903,false,"גולן שיאון אדום 750 מ""ל",יקבי רמת הגולן קצרין,IL,גולן שיאון אדום,מיליליטרים,750.00,"100 מ""ל",false,0,19.90,2.65,true,1,
7290005992018,false,יוגורט עיזים מלא 3% 500מ,מחלבות גד,IL,יוגורט חלב עיזים,מיליליטרים,500.00,"100 מ""ל",false,0,11.90,2.38,true,1,
7290005992544,false,גב.ריקוטה עיזים 5% 250ג,מחלבות גד,IL,ריקוטה עיזים5%,גרמים,250.00,100 גרם,false,0,19.70,7.88,true,1,
7290005992575,false,גב.בולגרית למריחה5% 250ג,מחלבות גד,IL,בולגרית למריחה,גרמים,250.00,100 גרם,false,0,15.00,6.00,true,1,
7290005992735,false,גבינת לאבנה 5%שומן 250ג,מחלבות גד,IL,גבינת לאבנה גד5%,גרמים,250.00,100 גרם,false,0,11.50,4.60,true,1,
7290005992964,false,פטה כבשים 20%,,IL,פטה כבשים 20%,קילוגרמים,0.00,"ק""ג",true,0,102.00,102.00,true,1,
7290006185518,false,סבון נוזלי פנינה כחול 1ל,סאסא קוסמטיקס,IL,סבון נוזלי פנינה,ליטרים,1.00,ליטר,false,0,9.80,9.80,true,1,
7290006199027,false,שלגון וניל מצופה תות כשל,פלקו,IL,שלגוני וניל מצופ,גרמים,600.00,100 גרם,false,0,33.50,5.58,true,1,
7290006199218,false,"גלידל קפוצ'ינו כשל""פ 8יח",גלידות פלדמן,IL,גלידל קפוצ'ינו,גרמים,400.00,100 גרם,false,0,33.50,8.38,true,1,
7290006199331,false,"גלידל  אשכול אדום כשל""פ8",גלידות פלדמן,IL,גלידל פרי,גרמים,640.00,100 גרם,false,0,26.80,4.19,true,1,
7290006199942,false,"גלידל  דובדבן 8יח כשל""פ",פלקו,IL,פרי דובדבן 8יח,גרמים,640.00,100 גרם,false,0,26.80,4.19,true,1,
7290006229069,false,ג'אמפ ענבים 1.5 ליטר,טמפו,IL,ג'אמפ ענבים,ליטרים,1.50,ליטר,false,0,4.90,3.27,true,1,
7290006241085,false,מיץ סחוט קלמנטינות 2 ל',פריגת,IL,מיץ סחוט קלמנטינות 2 ל',ליטרים,2.00,ליטר,false,0,20.90,10.45,true,1,
7290006241511,false,פריגת נענע פריז 280 מל,פריגת,IL,פריגת נענע פריז 280 מל,מיליליטרים,280.00,"100 מ""ל",false,0,9.40,3.36,true,1,
7290006241535,false,פריגת מנגו פריז 280 מל,פריגת,IL,פריגת מנגו פריז 280 מל,מיליליטרים,280.00,"100 מ""ל",false,0,9.40,3.36,true,1,
7290006241689,false,פריגת לימון פריז 280 מל,פריגת,IL,פריגת לימון פריז 280 מל,מיליליטרים,280.00,"100 מ""ל",false,0,9.40,3.36,true,1,
7290006251107,false,תה מסאלה צ'אי 25שק2*גרם,ויסוצקי,IL,תה מסאלה צ'אי 25שק2*גרם,גרמים,50.00,100 גרם,false,0,17.50,35.00,true,1,
7290006251268,false,תה ירוק תפוח+קינמ25ש1.5X,ויסוצקי,IL,תה ירוק תפוח,גרמים,37.00,100 גרם,false,0,21.90,59.19,true,1,
7290006251275,false,תה ירוק סיני25 שק1.5Xגרם,ויסוצקי,IL,תה ירוק סיני,גרמים,37.00,100 גרם,false,0,21.90,59.19,true,1,
7290006251374,false,תה ירוק לימונית+ג'ינגר25,ויסוצקי,IL,תה ירוק לימונית,גרמים,37.00,100 גרם,false,0,21.90,59.19,true,1,
7290006251589,false,תה ירוק נענע 50שק1.5*גרם,ויסוצקי,IL,תה ירוק נענע,גרמים,75.00,100 גרם,false,0,43.80,58.40,true,1,
7290006267405,false,"שרדונה הר תבור 750 מ""ל",יקב תבור,IL,שרדונה הר תבור,מיליליטרים,750.00,"100 מ""ל",false,0,29.90,3.99,true,1,
7290006271174,false,ג'חנון בצק מעדנות 700גרם,"מעדנות בע""מ",IL,ג'חנון בצק,גרמים,700.00,100 גרם,false,0,18.70,2.67,true,1,
7290006271181,false,ג'חנון אפוי מעדנות 750גר,"מעדנות בע""מ",IL,ג'חנון אפוי,גרמים,750.00,100 גרם,false,0,24.70,3.29,true,1,
7290006271273,false,"מיני בורקס תפו""א 800 גרם","מעדנות בע""מ",IL,"מיני בורקס תפו""א",גרמים,800.00,100 גרם,false,0,22.70,2.84,true,1,
7290006271280,false,מיני בורקס גבינה 800 גרם,"מעדנות בע""מ",IL,מיני בורקס גבינה,גרמים,800.00,100 גרם,false,0,26.10,3.26,true,1,
7290006271631,false,חטיפי פיצה זיתים 710 גרם,"מעדנות בע""מ",IL,חטיפי פיצה זיתים,גרמים,710.00,100 גרם,false,0,34.60,4.87,true,1,
7290006272430,false,בצק עלים חמאה 600 גרם,"מעדנות בע""מ",IL,בצק עלים חמאה,גרמים,600.00,100 גרם,false,0,27.70,4.62,true,1,
7290006273284,false,עוגת שמרים אספרסו+שוק450,לחמי,IL,עוגת שמרים,גרמים,450.00,100 גרם,false,0,12.90,2.87,true,1,
7290006287311,false,מסכה לריכוך תלתלים 400מל,קרליין,IL,מסכה לשיער,מיליליטרים,400.00,"100 מ""ל",false,0,26.20,6.55,true,1,
7290006306012,false,רביולי חציל+וגב.קצקבל400,פסטה נונה,IL,רביולי חצילים,גרמים,400.00,100 גרם,false,1,16.90,4.23,true,1,
7290006306159,false,לזניה 4 גבינות 500 גרם,פסטה נונה,IL,לזניה 4 גבינות,גרמים,500.00,100 גרם,false,0,24.90,4.98,true,1,
7290006306180,false,קנלוני גבינת עיזים 500גר,פסטה נונה,IL,קנלוני גב.עיזים,גרמים,500.00,100 גרם,false,0,24.90,4.98,true,1,
7290006306296,false,רביולי גבינה לילדים 400ג,פסטה נונה,,רביולי גבינה,גרמים,400.00,100 גרם,false,0,16.90,4.23,true,1,
7290006306302,false,רביולי פרמזן ריקוטה400גר,פסטה נונה,IL,רביולי גבינה,גרמים,400.00,100 גרם,false,0,16.90,4.23,true,1,
7290006306319,false,רביולי בטטה 400 גרם,פסטה נונה,IL,רביולי בטטה,גרמים,400.00,100 גרם,false,0,16.90,4.23,true,1,
7290006306326,false,רביולי פטריות 400 גרם,פסטה נונה,IL,רביולי פטריות,גרמים,400.00,100 גרם,false,0,16.90,4.23,true,1,
7290006306333,false,רביולי תרד וריקוטה 400 ג,פסטה נונה,IL,רביולי תרד,גרמים,400.00,100 גרם,false,0,16.90,4.23,true,1,
7290006306357,false,רביולי גבינת עיזים 400גר,פסטה נונה,IL,רביולי גבינה,גרמים,400.00,100 גרם,false,0,17.90,4.48,true,1,
7290006322104,false,לחם רחיים קל 500 גרם,מאפיית דוידוביץ,IL,לחם רחיים קל,גרמים,500.00,100 גרם,false,0,12.80,2.56,true,1,
7290006322111,false,לחמניות רחיים 80X3 גרם,מאפיית דוידוביץ,IL,לחמניות רחיים3יח,גרמים,480.00,100 גרם,false,0,10.70,2.23,true,1,
7290006322128,false,לחמניות קלות 80X6גרם,מאפיית דוידוביץ,IL,לחמניות קלות,גרמים,480.00,100 גרם,false,0,9.90,2.06,true,1,
7290006322142,false,לחם קל כהה 500 גרם,מאפיית דוידוביץ,IL,לחם קל כהה,גרמים,500.00,100 גרם,false,0,10.80,2.16,true,1,
7290006322166,false,לחמניות רגילות 6יח75X'גר,מאפיית דוידוביץ,,מארז 6 לחמניות,גרמים,450.00,100 גרם,false,0,9.80,2.18,true,1,
7290006322470,false,לחם 9 דגנים קל 500 גרם,מאפיית דוידוביץ,IL,לחם 9 דגנים קל,גרמים,500.00,100 גרם,false,0,14.00,2.80,true,1,
7290006322487,false,לחם קוביות קמח מלא 750גר,מאפיית דוידוביץ,,לחם קמח מלא,גרמים,750.00,100 גרם,false,0,14.80,1.97,true,1,
7290006322630,false,לחם שפע קל 500 גרם,מאפיית דוידוביץ,IL,לחם שפע קל,גרמים,500.00,100 גרם,false,0,10.70,2.14,true,1,
7290006322838,false,לחם קמח מלא 100% 750 גרם,מאפיית דוידוביץ,IL,לחם קמח מלא,גרמים,750.00,100 גרם,false,0,12.20,1.63,true,1,
7290006322845,false,לחמניות קמח מלא,,IL,לחמניות קמח מלא,גרמים,450.00,100 גרם,false,0,8.90,1.98,true,1,
7290006342645,false,טורטיות 12 יח' 840 גרם,,,טורטיות 12 יח' 840 גרם,גרמים,840.00,100 גרם,false,0,19.90,2.37,true,1,
7290006342683,false,עוגיות מזרחיות,,IL,עוגיות מזרחיות,גרמים,250.00,100 גרם,false,0,10.00,4.00,true,1,
7290006374653,false,דש לייט 350 גרם,יד מרדכי,IL,דש לייט,גרמים,350.00,100 גרם,false,0,26.70,7.63,true,1,
7290006390745,false,שבלול עם צימוקים קפוא,גידרון,IL,שבלול עם צימוקים,יחידה,1.00,יחידה,false,0,3.90,3.90,true,1,
7290006390752,false,חלה מתוקה עגולה 500 גרם,גידרון,IL,חלה מתוקה עגול,יחידה,1.00,יחידה,false,0,9.90,9.90,true,1,
7290006391025,false,ביגלה ירושלמי,גידרון,IL,ביגלה ירושלמי,יחידה,1.00,יחידה,false,0,3.90,3.90,true,1,
7290006396836,false,בייגל טוסט לבן,גידרון,IL,בייגל טוסט לבן,יחידה,1.00,יחידה,false,0,3.90,3.90,true,1,
7290006439444,false,אורז בסמתי,,IL,אורז בסמתי,קילוגרמים,1.00,"ק""ג",false,0,12.80,12.80,true,1,
7290006453594,false,בסיס להכנת שקשוקה 300X2ג,מילוז,IL,רוטב שקשוקה זוג,גרמים,600.00,100 גרם,false,0,9.60,1.60,true,1,
7290006459107,false,מברשת לנעליים,,IL,מברשת לנעליים,יחידה,1.00,יחידה,false,0,7.00,7.00,true,1,
7290006464170,false,אוסובוקו עגל פרוס קפוא ק,לאטי עזרא,IL,אוסובוקו,קילוגרמים,0.00,"ק""ג",true,0,59.40,59.40,true,1,
7290006492432,false,גבינה מוצרלה בייבי 150גר,מחלבות גד,IL,גבינה מוצרלה,גרמים,150.00,100 גרם,false,0,13.80,9.20,true,1,
7290006492616,false,פרוסות גב. בולגר5%. 250ג,מחלבות גד,IL,גבינה בולגרית,גרמים,250.00,100 גרם,false,0,24.70,9.88,true,1,
7290006492647,false,מטבעות גבינת עיזים 150גר,מחלבות גד,IL,מטבעות גבינת עז,גרמים,150.00,100 גרם,false,0,21.70,14.47,true,1,
7290006492685,false,לאבנה עיזים 5%שומן 250גר,מחלבות גד,IL,לאבנה עיזים גד,גרמים,250.00,100 גרם,false,0,15.80,6.32,true,1,
7290006492852,false,גבינה לבנה 5% עיזים 250ג,מחלבות גד,IL,גבינת עיזים גד,גרמים,250.00,100 גרם,false,0,15.00,6.00,true,1,
7290006494535,false,"פודינג וניל ללת""ס 30 גרם",.,IL,פודינג וניל,גרמים,30.00,100 גרם,false,1,7.50,25.00,true,1,
7290006494597,false,תרכיז תפוחים מרמולייט1ל',אשבל,IL,תרכיז תפוחים,ליטרים,1.00,ליטר,false,0,10.80,10.80,true,1,
7290006494801,false,ג'לי תות מרמולייט 17 גרם,אשבל,IL,ג'לי תות מרמוליט,גרמים,17.00,100 גרם,false,0,6.90,40.59,true,1,
7290006511157,false,פטריות שלמות,,IN,פטריות שלמות,גרמים,400.00,100 גרם,false,0,6.80,1.70,true,1,
7290006550972,false,טחון בקר ארוז 1 קג,עטרה,IL,טחון בקר ארוז 1 קג,גרמים,1000.00,100 גרם,false,0,39.60,3.96,true,1,
7290006567048,false,פתיתי קוסקוס 350 גרם,קוסקוס מזון,IL,פתיתי קוסקוס,גרמים,350.00,100 גרם,false,0,7.90,2.26,true,1,
7290006567260,false,עוג.שוקוצ'יפס פיטנס25*6ג,אסם,IL,עוגיות פיטנס 6יח,גרמים,150.00,100 גרם,false,0,10.00,6.67,true,1,
7290006582003,false,רוטב צ'ילי מתוק 800 גרם,אלסקה,TH,רוטב צ'ילי מתוק,מיליליטרים,700.00,"100 מ""ל",false,0,13.60,1.94,true,1,
7290006582027,false,"רוטב סויה 300 מ""ל",אלסקה,CN,רוטב סויה,מיליליטרים,300.00,"100 מ""ל",false,0,6.80,2.27,true,1,
7290006582621,false,תיבול לשניצל מוזהב300גרם,,,תיבול לשניצל מוזהב300גרם,גרמים,300.00,100 גרם,false,0,5.90,1.97,true,1,
7290006582638,false,תיבול לשניצל מתובל300גרם,,,תיבול לשניצל מתובל300גרם,גרמים,300.00,100 גרם,false,0,5.90,1.97,true,1,
7290006582669,false,תערובת בריאות אגוזים800ג,דין שיווק,IL,תערובת בריאות אגוזים800ג,גרמים,800.00,100 גרם,false,0,17.90,2.24,true,1,
7290006582751,false,תערובת בריאות פ.יבשים800,דין שיווק,IL,תערובת בריאות פ.יבשים800,גרמים,800.00,100 גרם,false,0,17.90,2.24,true,1,
7290006618078,false,אסטוניש מרסס לניקוי 750מ,,GB,אסטוניש מרסס לניקוי 750מ,מיליליטרים,750.00,"100 מ""ל",false,0,11.90,1.59,true,1,
7290006618146,false,הפי מדליק פחם,,NL,הפי מדליק פחם,מיליליטרים,500.00,"100 מ""ל",false,0,17.70,3.54,true,1,
7290006644480,false,"תפוזינה תפוז 500 מ""ל",יפאורה שותפות מובגלת לשיווק,IL,תפוזינה תפוז,מיליליטרים,500.00,"100 מ""ל",false,0,4.40,0.88,true,1,
7290006644497,false,"תפוזינה אשכוליות 500 מ""ל",יפאורה שותפות מובגלת לשיווק,IL,תפוזינה אשכול.,מיליליטרים,500.00,"100 מ""ל",false,0,4.40,0.88,true,1,
7290006644510,false,"תפוזינה ענבים 500 מ""ל",יפאורה שותפות מובגלת לשיווק,IL,תפוזינה ענבים,מיליליטרים,500.00,"100 מ""ל",false,0,4.40,0.88,true,1,
7290006644527,false,"תפוזינה תות בננה 500 מ""ל",יפאורה שותפות מובגלת לשיווק,IL,תפוזינה תות בננה,מיליליטרים,500.00,"100 מ""ל",false,0,4.40,0.88,true,1,
7290006644589,false,משקה קל אשכוליות דיאט 2ל,יפאורה שותפות מובגלת לשיווק,IL,אשכוליות דיאט,ליטרים,2.00,ליטר,false,0,3.60,1.80,true,1,
7290006644596,false,קריסטל אקזוטי מוגז 2ליטר,יפאורה שותפות מובגלת לשיווק,IL,קריסטל אקזוטי,ליטרים,2.00,ליטר,false,0,3.60,1.80,true,1,
7290006644626,false,ספרינג פירות טרופיים1.5ל,יפאורה שותפות מובגלת לשיווק,IL,משקה ספרינג,ליטרים,1.50,ליטר,false,0,4.90,3.27,true,1,
7290006644732,false,ספרינג פירות טרופיים 1 ל,יפאורה שותפות מובגלת לשיווק,IL,נקטר ספרינג,ליטרים,1.00,ליטר,false,0,4.90,4.90,true,1,
7290006644756,false,RCQ לימון ליים 1.5*4ל,יפאורה שותפות מובגלת לשיווק,IL,RCQ לימון ליים 1.5*4ל,ליטרים,6.00,ליטר,false,0,14.00,2.33,true,1,
7290006644763,false,RCQ לימון דיאט 1.5*4 ל',יפאורה שותפות מובגלת לשיווק,US,RCQ דיאט 4 יח,ליטרים,6.00,ליטר,false,0,14.00,2.33,true,1,
7290006644848,false,ספרינג תפוחים דיאט 1ליטר,יפאורה שותפות מובגלת לשיווק,IL,ספרינג דיאט,ליטרים,1.00,ליטר,false,0,4.90,4.90,true,1,
7290006651389,false,"אל סבון קידס ד""ר פישר750",פישר  מעבדות  פרמצבטיות,IL,אל סבון קידס,מיליליטרים,750.00,"100 מ""ל",false,0,17.90,2.39,true,1,
7290006651396,false,"שמפו ד""ר פישר קידס 750מל",פישר  מעבדות  פרמצבטיות,IL,שמפו קידס,מיליליטרים,750.00,"100 מ""ל",false,0,17.90,2.39,true,1,
7290006653475,false,"רוטב אלף האיים 600 מ""ל",אסם,IL,רוטב אלף האיים,מיליליטרים,600.00,"100 מ""ל",false,0,15.90,2.65,true,1,
7290006653765,false,פטוציני פרפקטו 500 גרם,זארה,IT,פטוציני פרפקטו,גרמים,500.00,100 גרם,false,0,7.60,1.52,true,1,
7290006653819,false,קוסקוס דק 350 גרם,קוסקוס מזון,IL,קוסקוס דק,גרמים,350.00,100 גרם,false,0,7.90,2.26,true,1,
7290006653857,false,"ארנבונים חטיף תפו""א 40גר",אסם,IL,חטיף ארנבונים,גרמים,40.00,100 גרם,false,0,4.30,10.75,true,1,
7290006664037,false,סופר גמדים דגנים 100*4גר,שטראוס,IL,סופר גמדים 4 יח,גרמים,400.00,100 גרם,false,0,11.50,2.88,true,1,
7290006664051,false,"אקטימל לבן 100*14 מ""ל",שטראוס,IL,אקטימל מארז14יח',ליטרים,1.40,ליטר,false,0,29.90,21.36,true,1,
7290006664167,false,סימפוניה+שום שמיר3% 200ג,שטראוס,IL,גבינת סימפוניה3%,גרמים,200.00,100 גרם,false,0,10.00,5.00,true,1,
7290006664358,false,דנונה דיאט רום צימוק150ג,שטראוס,IL,דנונה דיאט,גרמים,150.00,100 גרם,false,0,4.90,3.27,true,1,
7290006664402,false,גבינת סקי5% 750 גרם,שטראוס,IL,גבינת סקי5%,גרמים,750.00,100 גרם,false,0,13.80,1.84,true,1,
7290006664631,false,"אקטימל תות 100*8 מ""ל",שטראוס,IL,אקטימל תות 8 יח',מיליליטרים,800.00,"100 מ""ל",false,0,20.90,2.61,true,1,
7290006664655,false,"אקטימל לבן 100*8 מ""ל",שטראוס,IL,אקטימל לבן 8 יח,מיליליטרים,800.00,"100 מ""ל",false,0,20.90,2.61,true,1,
7290006664969,false,יוגורט מת.מעודן2% 150*8ג,שטראוס,IL,יוגורט מעודן 2%,קילוגרמים,1.20,"ק""ג",false,0,18.30,15.25,true,1,
7290006664990,false,דנונה ביו 1.7% 150*8גרם,שטראוס,IL,דנונה ביו 8 יח',קילוגרמים,1.20,"ק""ג",false,0,16.90,14.08,true,1,
7290006666307,false,סלט חומוס 300 גרם,סלטי משני,IL,סלט חומוס,גרמים,300.00,100 גרם,false,0,13.40,4.47,true,1,
7290006666314,false,סלט טחינה אטרף 300 גרם,סלטי משני,IL,סלט טחינה משני,גרמים,300.00,100 גרם,false,0,13.40,4.47,true,1,
7290006666345,false,סלט חציל במיונז 300 גרם,סלטי משני,IL,סלט חציל במיונז,גרמים,300.00,100 גרם,false,0,20.70,6.90,true,1,
7290006666444,false,סלט מטבוחה 300 גרם,סלטי משני,IL,סלט מטבוחה,גרמים,300.00,100 גרם,false,0,20.70,6.90,true,1,
7290006666482,false,סלט קישואים בטעם כבד300ג,סלטי משני,IL,סלט בטעם כבד,גרמים,300.00,100 גרם,false,0,21.40,7.13,true,1,
7290006666499,false,סלט טונה לבנה 300 גרם,סלטי משני,IL,סלט טונה לבנה,גרמים,300.00,100 גרם,false,0,26.90,8.97,true,1,
7290006681003,false,סורבט תות לימון קרמ1.33.,שטראוס,IL,סורבט תות לימון קרמ1.33.,ליטרים,1.33,ליטר,false,0,18.90,14.21,true,1,
7290006681089,false,גל.לייט מיני סנדוויץ 10י,שטראוס,IL,גלידה לייט,גרמים,250.00,100 גרם,false,0,29.30,11.72,true,1,
7290006681577,false,אסקימו לימון דובדבן 8+2,שטראוס,IL,אסקימו לימון דובדבן 8+2,גרמים,700.00,100 גרם,false,0,16.90,2.41,true,1,
7290006681843,false,גלידה לייט פרי 6 יחידות,שטראוס,IL,מאגדת גלידה לייט,גרמים,300.00,100 גרם,false,0,26.90,8.97,true,1,
7290006681904,false,מאגדת מצופים 8+2יח,שטראוס,IL,מאגדת מצופים 8+2יח,גרמים,600.00,100 גרם,false,0,33.70,5.62,true,1,
7290006704788,false,מלפפון בייבי יח',קטיף,IL,מלפפון בייבי-יח',יחידה,1.00,יחידה,false,0,9.90,9.90,true,1,
7290006712981,false,"קולגייט סמיילס +6 50 מ""ל",קולגייט-פלמוליב,IL,משחת שיניים,מיליליטרים,50.00,"100 מ""ל",false,0,13.50,27.00,true,1,
7290006732118,false,עוגיות טחינה 250 גרם,לחמי,,עוגיות טחינה,גרמים,250.00,100 גרם,false,0,18.00,7.20,true,1,
7290006738103,false,פסטרמה בדבש טהור דק 150ג,זוגלובק,IL,פסטרמה בדבש דק,גרמים,150.00,100 גרם,false,0,15.10,10.07,true,1,
7290006738110,false,פסטרמה ברביקיו דק דק150ג,זוגלובק,IL,פסטרמה ברביקיו,גרמים,150.00,100 גרם,false,0,15.10,10.07,true,1,
7290006738127,false,חזה בקר דק דק 150 גרם,זוגלובק,IL,חזה בקר דק דק,גרמים,150.00,100 גרם,false,0,15.10,10.07,true,1,
7290006738530,false,דק דק פסטרמה חזה עוף150ג,זוגלובק,IL,דק דק פסטרמה,גרמים,150.00,100 גרם,false,0,15.10,10.07,true,1,
7290006738615,false,קבב זהב 400 גרם,זוגלובק,IL,קבב זהב 400 גרם,גרמים,400.00,100 גרם,false,0,21.60,5.40,true,1,
7290006739292,false,פסטרמה חזה תבור מעושן330,זוגלובק,IL,פסטרמה תבור,גרמים,330.00,100 גרם,false,0,29.90,9.06,true,1,
7290006739407,false,שניצל תירס לייט 630 גרם,זוגלובק,IL,שניצל תירס,גרמים,630.00,100 גרם,false,0,29.70,4.71,true,1,
7290006739414,false,סלמי קוניאק 300 גרם,זוגלובק,IL,סלמי קוניאק,גרמים,300.00,100 גרם,false,0,28.70,9.57,true,1,
7290006739421,false,סלמי מעושן איטלקי 300 גר,זוגלובק,IL,סלמי מעושן,גרמים,300.00,100 גרם,false,0,28.70,9.57,true,1,
7290006739544,false,כתף בקר 300 גרם,זוגלובק,IL,כתף בקר,גרמים,300.00,100 גרם,false,0,32.40,10.80,true,1,
7290006740212,false,נקניקיות ג'מבו במשקל,זוגלובק,IL,נקניקיות ג'מבו,קילוגרמים,0.00,"ק""ג",true,0,21.80,21.80,true,1,
7290006740281,false,קבב קלאסי 400גרם,זוגלובק,IL,קבב קלאסי,גרמים,400.00,100 גרם,false,0,21.70,5.43,true,1,
7290006741363,false,"בורקס תפו""א בד""צ 800 גרם",זוגלובק,IL,"בורקס תפו""א",גרמים,800.00,100 גרם,false,0,14.80,1.85,true,1,
7290006741387,false,"מלוואח תימני בד""צ 700 גר",זוגלובק,IL,מלוואח תימני,גרמים,700.00,100 גרם,false,0,13.90,1.99,true,1,
7290006742162,false,המבורגר מזרחי 400 גרם,זוגלובק,IL,המבורגר מזרחי,גרמים,400.00,100 גרם,false,0,21.60,5.40,true,1,
7290006742179,false,קבב מזרחי 400 גרם,זוגלובק,IL,קבב מזרחי,גרמים,400.00,100 גרם,false,0,21.60,5.40,true,1,
7290006742209,false,שניצל תירס 750גרם%33+,זוגלובק,IL,שניצל תירס,גרמים,1000.00,100 גרם,false,0,29.90,2.99,true,1,
7290006742278,false,פסטרמה צלוי על לבנים330ג,זוגלובק,IL,פסטרמה צלויה,גרמים,330.00,100 גרם,false,0,29.90,9.06,true,1,
7290006742292,false,פסטרמה בדבש 330 גרם,זוגלובק,IL,פסטרמה בדבש,גרמים,330.00,100 גרם,false,0,29.90,9.06,true,1,
7290006742315,false,חזה הודו ברביקיו 330 גרם,זוגלובק,IL,חזה הודו ברביקיו,גרמים,330.00,100 גרם,false,0,29.90,9.06,true,1,
7290006742339,false,פסטרמה חזה עוף 330 גרם,זוגלובק,IL,פסטרמה חזה עוף,גרמים,330.00,100 גרם,false,0,29.90,9.06,true,1,
7290006755469,false,שניצל תירס לייט 630 גרם,טבעול,IL,שניצל תירס לייט,גרמים,630.00,100 גרם,false,0,25.70,4.08,true,1,
7290006764058,false,בירה נשר לבן בק.חוזר500מ,טמפו,IL,בירה נשר לבן,מיליליטרים,500.00,"100 מ""ל",false,0,5.20,1.04,true,1,
7290006764065,false,בירה נשר מאלט בק.חוזר500,טמפו,IL,בירה נשר מאלט,מיליליטרים,500.00,"100 מ""ל",false,0,3.50,0.70,true,1,
7290006764485,false,בירה נשר מאלט בקב330*6.מ,טמפו,IL,נשר מאלט 6 יח,ליטרים,1.98,ליטר,false,0,22.90,11.57,true,1,
7290006764737,false,נשר מאלט דיאט ב.חוזר500מ,טמפו,IL,נשר מאלט דיאט,מיליליטרים,500.00,"100 מ""ל",false,0,3.50,0.70,true,1,
7290006765000,false,טורטיות חיטה מלאה 8י360ג,,IL,טורטיות חיטה מלאה 8י360ג,גרמים,360.00,100 גרם,false,0,12.80,3.56,true,1,
7290006765871,false,שקד טבעי במשקל,דין שיווק,IL,שקד טבעי במשקל,גרמים,0.00,"ק""ג",true,0,89.00,89.00,true,1,
7290006784339,false,סנט מוריץ מנקה רהיטים300,קומפלקס כימיקלים,IL,סנט מוריץ לרהיט,מיליליטרים,300.00,"100 מ""ל",false,0,11.90,3.97,true,1,
7290006784360,false,מרסס חלונית ס.מוריץ1ליטר,קומפלקס כימיקלים,IL,מרסס חלונית,ליטרים,1.00,ליטר,false,0,6.60,6.60,true,1,
7290006784506,false,"OXY מסיר כתמים 750 מ""ל",קומפלקס כימיקלים,IL,OXY מסיר כתמים,מיליליטרים,750.00,"100 מ""ל",false,1,8.90,1.19,true,1,
7290006784544,false,תרסיס קוטל תיקנים 630מל,קומפלקס כימיקלים,IL,תרסיס 360-C,מיליליטרים,630.00,"100 מ""ל",false,0,15.90,2.52,true,1,
7290006784551,false,תרסיס 365-C קוטל מעופפים,קומפלקס כימיקלים,IL,תרסיס 365-C,מיליליטרים,630.00,"100 מ""ל",false,0,14.80,2.35,true,1,
7290006788009,false,"שמפו ""10"" לשיער רגיל700מ",קרליין,IL,שמפו 10 לשיער,מיליליטרים,700.00,"100 מ""ל",false,0,10.00,1.43,true,1,
7290006788016,false,"שמפו ""10"" לשיער יבש 700מ",קרליין,IL,שמפו 10 לשיער,מיליליטרים,700.00,"100 מ""ל",false,0,10.00,1.43,true,1,
7290006788023,false,"שמפו ""10"" לשיער צבוע700מ",קרליין,IL,שמפו 10 לשיער,מיליליטרים,700.00,"100 מ""ל",false,0,10.00,1.43,true,1,
7290006788030,false,"שמפו ""10"" לשיער מתותל700",קרליין,IL,שמפו 10 לשיער,מיליליטרים,700.00,"100 מ""ל",false,0,10.00,1.43,true,1,
7290006788054,false,"שמפו""10""לסרוק קל קלאס700",קרליין,IL,שמפו 10 לשיער,מיליליטרים,700.00,"100 מ""ל",false,0,10.00,1.43,true,1,
7290006788061,false,"מרכך ""10"" לשיער רגיל700מ",קרליין,IL,מרכך קרליין,מיליליטרים,700.00,"100 מ""ל",false,0,10.00,1.43,true,1,
7290006788078,false,"מרכך ""10"" לשיער יבש 700מ",קרליין,IL,מרכך 10 לשיער,מיליליטרים,700.00,"100 מ""ל",false,0,10.00,1.43,true,1,
7290006788085,false,"מרכך ""10"" לשיער צבוע700מ",קרליין,IL,מרכך 10 לשיער,מיליליטרים,700.00,"100 מ""ל",false,0,10.00,1.43,true,1,
7290006788092,false,"מרכך ""10"" לשיער מתותל700",קרליין,IL,מרכך קרליין,מיליליטרים,700.00,"100 מ""ל",false,0,10.00,1.43,true,1,
7290006788290,false,חלב פנים רגיל/מעורב260,קרליין,IL,חלב פנים,מיליליטרים,260.00,"100 מ""ל",false,0,35.00,13.46,true,1,
7290006788313,false,חלב פנים יבש/עדין 260מל,קרליין,IL,חלב פנים,מיליליטרים,260.00,"100 מ""ל",false,0,35.00,13.46,true,1,
7290006788320,false,מי פנים יבש ל.אלכהול260מ,קרליין,IL,מי פנים לעור יבש,מיליליטרים,260.00,"100 מ""ל",false,0,35.00,13.46,true,1,
7290006788337,false,דאו.קרליין סטיק נושם 50מ,קרליין,,דאודורנט קרליין,מיליליטרים,50.00,"100 מ""ל",false,0,13.90,27.80,true,1,
7290006788351,false,דאו.קרליין סטיק AQUA 50,קרליין,IL,דאודורנט קרליין,מיליליטרים,50.00,"100 מ""ל",false,0,13.90,27.80,true,1,
7290006788368,false,דאו.קרליין סטיקSUNRICE50,קרליין,IL,דאודורנט קרליין,מיליליטרים,50.00,"100 מ""ל",false,0,13.90,27.80,true,1,
7290006788375,false,דאו.קרליין סטיק PURE 50,קרליין,,דאודורנט קרליין,מיליליטרים,50.00,"100 מ""ל",false,0,13.90,27.80,true,1,
7290006788405,false,דאו.קרליין רולאון בורדו,קרליין,IL,דאודורנט קרליין,מיליליטרים,75.00,"100 מ""ל",false,0,11.90,15.87,true,1,
7290006788429,false,דאו.קרליין רולאון כתום75,קרליין,IL,דאודורנט קרליין,מיליליטרים,75.00,"100 מ""ל",false,0,11.90,15.87,true,1,
7290006788436,false,דאו.קרליין רולאון ורוד75,קרליין,IL,דאודורנט קרליין,מיליליטרים,75.00,"100 מ""ל",false,0,11.90,15.87,true,1,
7290006788443,false,דאו.קרליין רולאון סגול75,קרליין,IL,דאודורנט קרליין,מיליליטרים,75.00,"100 מ""ל",false,0,11.90,15.87,true,1,
7290006788450,false,דאו.קרלייןSENSITIVE 200,קרליין,IL,דאודורנט קרליין,מיליליטרים,200.00,"100 מ""ל",false,0,11.90,5.95,true,1,
7290006788467,false,דאו.קרליין ספרי אקטיב200,קרליין,IL,דאודורנט קרליין,מיליליטרים,200.00,"100 מ""ל",false,0,11.90,5.95,true,1,
7290006788481,false,דאו.קרליין 200SUNRISE,קרליין,IL,דאודורנט קרליין,מיליליטרים,200.00,"100 מ""ל",false,0,11.90,5.95,true,1,
7290006788498,false,דאו.קרליין ספרי PURE 200,קרליין,IL,דאודורנט קרליין,מיליליטרים,200.00,"100 מ""ל",false,0,11.90,5.95,true,1,
7290006788672,false,"שמפו ""10"" נגד קשקשים700מ",קרליין,IL,שמפו 10 לשיער,מיליליטרים,700.00,"100 מ""ל",false,0,10.00,1.43,true,1,
7290006789617,false,"קרם ""10"" לחות לתלתל 400מ",קרליין,IL,קרליין קרם לשיער,מיליליטרים,400.00,"100 מ""ל",false,0,16.90,4.23,true,1,
7290006789631,false,"קרם ""10"" שיער רגיל400מ""ל",קרליין,IL,קרם לחות לשיער,מיליליטרים,400.00,"100 מ""ל",false,0,16.90,4.23,true,1,
7290006791467,false,סרום להגמשת תלתלים 145מל,קרליין,IL,סרום לתלתלים,מיליליטרים,145.00,"100 מ""ל",false,0,48.50,33.45,true,1,
7290006791870,false,ג'ל שיער לעיצוב חזק500מל,קרליין,,ג'ל לעיצוב שיער,מיליליטרים,500.00,"100 מ""ל",false,0,18.10,3.62,true,1,
7290006805355,false,תער.להכנת כדורי שוקו500ג,ג'נרל מילס,IL,כדורי שוקולד,גרמים,500.00,100 גרם,false,0,15.00,3.00,true,1,
7290006822192,false,נקטר חמוציות דיאט 1 ליטר,פריגת,IL,נקטר חמוציות,ליטרים,1.00,ליטר,false,0,8.00,8.00,true,1,
7290006822536,false,"קרלסברג בק5+1 * 330מ""ל",החברה המרכזית לייצור משקאות,IL,קרלסברג בקבוק1+5,ליטרים,1.98,ליטר,false,0,32.90,16.62,true,1,
7290006822840,false,מאלטי 1.5 ליטר,קרלסברג ישראל,IL,בירה מאלטי,ליטרים,1.50,ליטר,false,0,7.40,4.93,true,1,
7290006822857,false,מאלטי דיאט 1.5 ליטר,קרלסברג ישראל,IL,מאלטי דיאט,ליטרים,1.50,ליטר,false,0,7.40,4.93,true,1,
7290006866363,false,מיץ אשכוליות אדומות 1 ל',גניר,IL,מיץ אשכולית סחוט,ליטרים,1.00,ליטר,false,0,10.00,10.00,true,1,
7290006869128,false,לרוויה-לבן 1.5% שומן 1ל',טרה,IL,לרוויה-לבן 1.5%,ליטרים,1.00,ליטר,false,0,10.80,10.80,true,1,
7290006869449,false,"לבן 3% שומן 150 מ""ל",טרה,IL,לבן 3% שומן טרה,מיליליטרים,150.00,"100 מ""ל",false,0,1.05,0.70,true,1,
7290006895745,false,קציצות עוף כרישה 600גרם,תנובה,IL,קציצות עוף כרישה 600גרם,גרמים,600.00,100 גרם,false,0,32.50,5.42,true,1,
7290006920836,false,מעושן פרוס 350 גרם,תעש' מזון יבנה,IL,מעושן פרוס 350גר,גרמים,350.00,100 גרם,false,0,11.90,3.40,true,1,
7290006920843,false,מוצרלה פרוס 350 גרם,תעש' מזון יבנה,IL,מוצרלה פרוס350גר,גרמים,350.00,100 גרם,false,0,11.90,3.40,true,1,
7290006920911,false,הולנדית פרוס 350 גרם,תעש' מזון יבנה,IL,הולנדית פרוס,גרמים,350.00,100 גרם,false,0,11.90,3.40,true,1,
7290006920935,false,פיקנטית פרוס 350 גרם,תעש' מזון יבנה,IL,פיקנטית פרוס,גרמים,350.00,100 גרם,false,0,11.90,3.40,true,1,
7290006920942,false,הצהובה הטובה 5% פרוס350ג,תעש' מזון יבנה,IL,הצהובה הטובה 5%,גרמים,350.00,100 גרם,false,0,11.90,3.40,true,1,
7290006982704,false,צ'יפסי מארז 20*10 גרם,אסם,IL,צ'יפסי 10 יח,גרמים,200.00,100 גרם,false,0,17.50,8.75,true,1,
7290006983763,false,עוגה בטעם שוקולד 400 גרם,אסם,IL,עוגת שוקולד,גרמים,400.00,100 גרם,false,0,11.90,2.98,true,1,
7290006983770,false,עוגת הבית שיש אסם 400 גר,אסם,IL,עוגת שיש,גרמים,400.00,100 גרם,false,0,11.90,2.98,true,1,
7290006983787,false,עוגת שוקולד צ'יפס 400 גר,אסם,IL,עוגת שוקוצ'יפס,גרמים,400.00,100 גרם,false,0,11.90,2.98,true,1,
7290006984647,false,חטיפי פריכונים מלוח 80גר,"פרח תעשיות מזון בע""מ",IL,חטיפי פריכונים,גרמים,80.00,100 גרם,false,0,7.30,9.13,true,1,
7290006989086,false,מברשת לניקוי אבק 201,המברשת רוחמה,IL,מברשת לניקוי אבק,יחידה,1.00,יחידה,false,0,20.20,20.20,true,1,
7290006989529,false,50אטבי טיטניום מחוזקים,המברשת רוחמה,IL,אטבי טיטניום,יחידה,1.00,יחידה,false,0,20.30,20.30,true,1,
7290006992161,false,דייסלה קורנפלור 200 גרם,נסטלה,IL,דייסת מטרנה,גרמים,200.00,100 גרם,false,0,13.90,6.95,true,1,
7290006992185,false,דייסת אורז מטרנה 200 גרם,נסטלה,IL,דייסת אורז,גרמים,200.00,100 גרם,false,0,13.90,6.95,true,1,
7290006992208,false,דייסת מטרנה 8 דגנים 200ג,נסטלה,IL,דייסת מטרנה,גרמים,200.00,100 גרם,false,0,13.90,6.95,true,1,
7290008000246,false,"פמינה + אלוורה 220 מ""ל",כצט,IL,שטיפה + אלוורה,מיליליטרים,220.00,"100 מ""ל",false,0,22.90,10.41,true,1,
7290008000796,false,"משחת שיניים סופרמן 50מ""ל",כצט,IL,משחת שיניים,מיליליטרים,50.00,"100 מ""ל",false,0,10.70,21.40,true,1,
7290008000826,false,"משחת שיניים ברבי 50 מ""ל",כצט,IL,משחת שיניים ברבי,מיליליטרים,50.00,"100 מ""ל",false,0,10.70,21.40,true,1,
7290008018654,false,"שמפו פינוק לילדים 700מ""ל",יוניליוור,IL,שמפו פינוק,מיליליטרים,700.00,"100 מ""ל",false,0,13.80,1.97,true,1,
7290008018661,false,"מרכך פינוק לילדים 700מ""ל",יוניליוור,IL,מרכך פינוק,מיליליטרים,700.00,"100 מ""ל",false,0,13.80,1.97,true,1,
7290008018678,false,"פינוק2ב1- לילדים 700 מ""ל",יוניליוור,IL,שמפו ומרכך פינוק,מיליליטרים,700.00,"100 מ""ל",false,0,13.80,1.97,true,1,
7290008021050,false,שמפו פינוק יבש מאוד700מל,יוניליוור,IL,שמפו פינוק,מיליליטרים,700.00,"100 מ""ל",false,0,10.00,1.43,true,1,
7290008021098,false,"שמפו פינוק קשקשים 700מ""ל",יוניליוור,IL,שמפו פינוק,מיליליטרים,700.00,"100 מ""ל",false,0,10.00,1.43,true,1,
7290008021104,false,"מרכך פינוק רגיל 700 מ""ל",יוניליוור,IL,מרכך שיער פינוק,מיליליטרים,700.00,"100 מ""ל",false,0,10.00,1.43,true,1,
7290008021111,false,מרכ.פינוק יבש מאוד 700מל,יוניליוור,IL,מרכך שיער פינוק,מיליליטרים,700.00,"100 מ""ל",false,0,10.00,1.43,true,1,
7290008021142,false,שמפו פינוק 2ב1- יבש 700מ,יוניליוור,IL,שמפו ומרכך פינוק,מיליליטרים,700.00,"100 מ""ל",false,0,10.00,1.43,true,1,
7290008084956,false,בייבי פסטה,,IL,בייבי פסטה,גרמים,120.00,100 גרם,false,0,14.90,12.42,true,1,
7290008094061,false,משחת שיניים פרודונטקס50ג,"מאסטרפוד אוסטריה בע""מ",GB,משחת פרודונטקס,מיליליטרים,50.00,"100 מ""ל",false,0,20.90,41.80,true,1,
7290008096317,false,משחה פרדונטקס פלואוריד50,"מאסטרפוד אוסטריה בע""מ",GB,משחת שיניים,מיליליטרים,50.00,"100 מ""ל",false,0,20.90,41.80,true,1,
7290008142540,false,"מי פה ליסטרין 750 מ""ל",ג'ונסון,US,מי פה ליסטרין,מיליליטרים,750.00,"100 מ""ל",false,0,48.90,6.52,true,1,
7290008142694,false,"מי פה ליסטרין 750 מ""ל",ג'ונסון,US,מי פה ליסטרין,מיליליטרים,750.00,"100 מ""ל",false,0,48.90,6.52,true,1,
7290008175487,false,לורפק ממרח חמאה,,,לורפק ממרח חמאה,גרמים,250.00,100 גרם,false,0,15.80,6.32,true,1,
7290008175494,false,ממרח חמאה,,DK,ממרח חמאה,גרמים,250.00,100 גרם,false,0,15.80,6.32,true,1,
7290008175814,false,פטריות חתוכות,,IL,פטריות חתוכות,גרמים,400.00,100 גרם,false,0,4.50,1.13,true,1,
7290008175821,false,פטריות חתוכות,,IL,פטריות חתוכות,גרמים,800.00,100 גרם,false,0,8.90,1.11,true,1,
7290008190640,false,אגו ופל אגוזים לבן 130גר,כרמית,IL,אגו אצבעות וופל,גרמים,130.00,100 גרם,false,0,8.50,6.54,true,1,
7290008190664,false,אגו ופלים אגוזים חלב130ג,כרמית,IL,אגו ופל אגוזים,גרמים,130.00,100 גרם,false,0,8.50,6.54,true,1,
7290008213493,false,משחה קולגייט להלבנה 100מ,קולגייט-פלמוליב,PL,משחה קולגייט להלבנה 100מ,מיליליטרים,100.00,"100 מ""ל",false,0,14.90,14.90,true,1,
7290008263023,false,פוסילי אורגני 500 גרם,הרדוף,IT,פוסילי אורגני,גרמים,500.00,100 גרם,false,0,9.90,1.98,true,1,
7290008263030,false,פנה פסטה אורגנית,,IT,פנה פסטה אורגנית,גרמים,500.00,100 גרם,false,0,9.80,1.96,true,1,
7290008263214,false,ממרח חרובים אורגני 350גר,הרדוף,NL,ממרח חרובים,גרמים,350.00,100 גרם,false,0,24.50,7.00,true,1,
7290008263443,false,משקה סויה,,IL,משקה סויה,ליטרים,1.00,ליטר,false,0,12.80,12.80,true,1,
7290008263597,false,קווקר אורגני 500 גרם,הרדוף,IL,קווקר אורגני,גרמים,500.00,100 גרם,false,0,13.70,2.74,true,1,
7290008263634,false,ברנפלקס אורגני 375 גרם,הרדוף,IL,ברנפלקס אורגני,גרמים,375.00,100 גרם,false,0,18.50,4.93,true,1,
7290008263641,false,קוואקר עדין אורגני 500גר,הרדוף,IL,קוואקר אורגני,גרמים,500.00,100 גרם,false,0,13.70,2.74,true,1,
7290008263665,false,"לחם דגנים""רק בריאות750""ג",הרדוף,IL,לחם דגנים,גרמים,750.00,100 גרם,false,0,14.90,1.99,true,1,
7290008263719,false,טחינה אורגנית 400 גרם,הרדוף,HU,טחינה אורגנית,גרמים,400.00,100 גרם,false,0,16.90,4.23,true,1,
7290008268011,false,דובדבן לבן יחידה,בראשית,IL,דובדבן לבן יחידה,גרמים,1.00,100 גרם,false,1,10.90,1090.00,true,1,
7290008328463,false,ערמונים אורג.קל קלוי100ג,בייג'ינג לוריין פודסטף,CN,ערמונים אורגניים,גרמים,100.00,100 גרם,false,1,7.90,7.90,true,1,
7290008328913,false,סילאן טבעי טהור,,IL,סילאן טבעי טהור,גרמים,900.00,100 גרם,false,0,21.70,2.41,true,1,
7290008330107,false,מרכך בדין סגול4 ליטר,יוניליוור,IL,מרכך כביסה בדין,ליטרים,4.00,ליטר,false,0,21.90,5.48,true,1,
7290008330398,false,בדין 40 דפי מרכך כחול,קלינטסט,US,בדין דפי מרכך,יחידה,1.00,יחידה,false,0,18.30,18.30,true,1,
7290008330459,false,דאב קרם ידיים רגיל 100מל,יוניליוור,IL,דאב קרם ידיים,מיליליטרים,100.00,"100 מ""ל",false,0,10.80,10.80,true,1,
7290008333115,false,אבקת ג'לטין טהור 28 גרם,מאיר עזרא ובניו,IL,אבקת ג'לטין,גרמים,28.00,100 גרם,false,0,9.50,33.93,true,1,
7290008333849,false,שיפודי פרגיות מתובל450גר,טיבון ויל - נטו,IL,שיפודי פרגיות,גרמים,450.00,100 גרם,false,0,33.70,7.49,true,1,
7290008335584,false,"סיגרים במילוי תפו""א 600ג",שלושת האופים,IL,"סיגרים תפו""א",גרמים,600.00,100 גרם,false,0,19.00,3.17,true,1,
7290008343466,false,בצק פילו 500 גרם,"שגמור בע""מ",IL,בצק פילו 500 גרם,גרמים,500.00,100 גרם,false,0,20.70,4.14,true,1,
7290008343473,false,עלי בצק לסיגר 450גרם,נטו,IL,עלי בצק לסיגר,גרמים,450.00,100 גרם,false,20,11.80,2.62,true,1,
7290008343503,false,ג'חנון אפוי 650 גרם,אופרה,IL,ג'חנון אפוי,גרמים,650.00,100 גרם,false,0,21.90,3.37,true,1,
7290008343510,false,מיני ג'חנון אפוי 650 גרם,אופרה,IL,מיני ג'חנון אפוי,גרמים,650.00,100 גרם,false,0,23.90,3.68,true,1,
7290008343558,false,סיגרים בשר 1 ק'ג שלושת,שלושת האופים,IL,סיגרים פיקנטי,קילוגרמים,1.00,"ק""ג",false,0,24.90,24.90,true,1,
7290008343565,false,סיגרים תפו'א 1 ק'ג שלוש,שלושת האופים,IL,"סיגרים תפו""א",קילוגרמים,1.00,"ק""ג",false,0,24.90,24.90,true,1,
7290008343572,false,אגרול סיני 1 ק'ג שלושת,שלושת האופים,IL,אגרול סיני,גרמים,1000.00,100 גרם,false,0,24.90,2.49,true,1,
7290008343619,false,"פסטלים תפו""א 1קג משלוש י",שלושת האופים,IL,"פסטלים תפו""א",קילוגרמים,1.00,"ק""ג",false,0,24.90,24.90,true,1,
7290008343626,false,פלאפל 1קג,שלושת האופים,IL,פלאפל 1 ק'ג,גרמים,1000.00,100 גרם,false,0,24.90,2.49,true,1,
7290008344258,false,המבורגר מזרחי 400 גרם,טיבון ויל - נטו,IL,המבורגר מזרחי,גרמים,400.00,100 גרם,false,0,20.70,5.18,true,1,
7290008344272,false,המבורגר 100% 400 גרם,טיבון ויל - נטו,IL,המבורגר בקר,גרמים,400.00,100 גרם,false,0,21.70,5.43,true,1,
7290008345118,false,מקרל בשמן 240 גרם,דלידג - נטו,IL,מקרל בשמן,גרמים,240.00,100 גרם,false,0,22.00,9.17,true,1,
7290008345149,false,מטיאס פרובנסל 240 גרם,דלידג - נטו,IL,מטיאס פרובנסל,גרמים,240.00,100 גרם,false,0,22.00,9.17,true,1,
7290008345576,false,איקרה ביתית לבנה 300 גרם,דלידג - נטו,IL,איקרה ביתית לבנה,גרמים,300.00,100 גרם,false,0,16.20,5.40,true,1,
7290008345583,false,איקרה ביתית ורודה 300 גר,דלידג - נטו,IL,איקרה ביתית,גרמים,300.00,100 גרם,false,0,16.20,5.40,true,1,
7290008347211,false,אצבעות דג 700 גרם,דלידג - נטו,IL,אצבעות דג,גרמים,700.00,100 גרם,false,0,22.70,3.24,true,1,
7290008347877,false,ג'לטין בקר 28 גרם,נטו,IT,ג'לטין טהור,גרמים,28.00,100 גרם,false,0,8.30,29.64,true,1,
7290008380409,false,קפסולות אספרסו כסף 50גרם,ורנינו,IT,קפסולות אספרסו,גרמים,50.00,100 גרם,false,0,11.90,23.80,true,1,
7290008409049,false,מיני דק שניצל שומשום,תנובה,IL,מיני דק שניצל שומשום,גרמים,500.00,100 גרם,false,0,27.70,5.54,true,1,
7290008409100,false,אצבעות שניצל בשומשום 700,תנובה,IL,אצבעות שניצל בשומשום 700,גרמים,700.00,100 גרם,false,0,35.00,5.00,true,1,
7290008409124,false,שניצל ג'ונגל 700 גרם,תנובה,IL,שניצל ג'ונגל 700 גרם,גרמים,700.00,100 גרם,false,0,36.60,5.23,true,1,
7290008409216,false,שניצל דק דק פריך 700 גרם,תנובה,IL,שניצל דק דק פריך 700 גרם,גרמים,700.00,100 גרם,false,0,41.90,5.99,true,1,
7290008409223,false,שניצל דק מתובל 700 גרם,תנובה,IL,שניצל דק מתובל 700 גרם,גרמים,700.00,100 גרם,false,0,41.90,5.99,true,1,
7290008409315,false,מיני דק שניצלונים 500גרם,תנובה,IL,מיני דק שניצלונים 500גרם,גרמים,500.00,100 גרם,false,0,27.90,5.58,true,1,
7290008409407,false,שניצל דק בציפוי צ'יפס 00,תנובה,IL,שניצל דק בציפוי צ'יפס 00,גרמים,700.00,100 גרם,false,0,41.90,5.99,true,1,
7290008409551,false,שניצל עוף אמיתי מעודן700,תנובה,IL,שניצל עוף אמיתי מעודן700,גרמים,700.00,100 גרם,false,0,41.70,5.96,true,1,
7290008409568,false,שניצל ציפס אמיתי 700 גרם,תנובה,IL,שניצל ציפס אמיתי 700 גרם,גרמים,700.00,100 גרם,false,0,41.70,5.96,true,1,
7290008409575,false,פילה עוף שומשום 700 גרם,תנובה,IL,פילה עוף שומשום 700 גרם,גרמים,700.00,100 גרם,false,0,41.70,5.96,true,1,
7290008409582,false,שניצל אמיתי ביתי 700 גרם,תנובה,IL,שניצל אמיתי ביתי 700 גרם,גרמים,700.00,100 גרם,false,0,41.70,5.96,true,1,
7290008409643,false,פילה עוף בתיבול על האש 0,תנובה,IL,פילה עוף בתיבול על האש 0,גרמים,600.00,100 גרם,false,0,42.70,7.12,true,1,
7290008409667,false,טבעות עוף בציפוי 700 גרם,תנובה,IL,טבעות עוף בציפוי 700 גרם,גרמים,700.00,100 גרם,false,0,35.20,5.03,true,1,
7290008409773,false,קציצות עוף ביתיות 700 גר,תנובה,IL,קציצות עוף ביתיות 700 גר,גרמים,700.00,100 גרם,false,0,31.60,4.51,true,1,
7290008409841,false,רצועוף שומשום 650 גרם,תנובה,IL,רצועוף שומשום,גרמים,650.00,100 גרם,false,0,41.30,6.35,true,1,
7290008415071,false,חומוס עם טחינה 150 גרם,צבר,IL,חומוס עם טחינה,גרמים,150.00,100 גרם,false,0,5.40,3.60,true,1,
7290008415514,false,חומוס עם חריף 150 גרם,צבר,IL,חומוס עם חריף,גרמים,150.00,100 גרם,false,0,4.90,3.27,true,1,
7290008443630,false,שמפו נקה7 שיער מתולתל750,אמיליה קוסמטיקס,IL,שמפו נקה 7,מיליליטרים,750.00,"100 מ""ל",false,0,9.90,1.32,true,1,
7290008443647,false,מרכך נקה7 שיער מתולתל750,אמיליה קוסמטיקס,IL,קונדישנר נקה 7,מיליליטרים,750.00,"100 מ""ל",false,0,9.90,1.32,true,1,
7290008461177,false,גבינת חלומי,,GR,גבינת חלומי,גרמים,200.00,100 גרם,false,0,15.00,7.50,true,1,
7290008461221,false,סרדין רוברט,,PT,סרדין רוברט,גרמים,120.00,100 גרם,false,0,5.90,4.92,true,1,
7290008462204,false,םרג 380 ןו'זיד לדרח,וטנ,FR,חרדל דיז'ון,גרמים,380.00,100 גרם,false,0,12.90,3.39,true,1,
7290008462259,false,חרדל דיז'ון,,FR,חרדל דיז'ון,גרמים,380.00,100 גרם,false,0,14.90,3.92,true,1,
7290008464000,false,סבן אפ 1.5*6 ליטר,טמפו,IL,סבן אפ 6 יחידות,ליטרים,9.00,ליטר,false,0,21.90,2.43,true,1,
7290008464024,false,גולדסטאר בפחית,,IL,גולדסטאר בפחית,מיליליטרים,500.00,"100 מ""ל",false,0,9.40,1.88,true,1,
7290008464222,false,בירה מכבי פחית7.9% 500מ,טמפו,IL,בירה מכבי 7.9%,מיליליטרים,500.00,"100 מ""ל",false,1,8.10,1.62,true,1,
7290008464383,false,"סבנ אפ פחית 330 מ""ל",טמפו,IL,סבנ אפ בפחית,מיליליטרים,330.00,"100 מ""ל",false,0,4.00,1.21,true,1,
7290008464468,false,בירה גולדסטאר פחית 500מל,טמפו,IL,בירה גולדסטאר,מיליליטרים,500.00,"100 מ""ל",false,0,8.40,1.68,true,1,
7290008464475,false,"בירה מכבי פחית 500 מ""ל",טמפו,IL,בירה מכבי פחית,מיליליטרים,500.00,"100 מ""ל",false,0,6.80,1.36,true,1,
7290008464604,false,"בירה הייניקן פחית 500מ""ל",היינקן,IL,בירה היינקן פחית,מיליליטרים,500.00,"100 מ""ל",false,0,11.80,2.36,true,1,
7290008464697,false,בירה מכבי 6 יח,,IL,בירה מכבי 6 יח,ליטרים,1.98,ליטר,false,0,29.90,15.10,true,1,
7290008464703,false,"בירה מכבי 6 בק330* מ""ל",טמפו,IL,בירה מכבי 6 בקב.,ליטרים,1.98,ליטר,false,0,29.90,15.10,true,1,
7290008464796,false,"בירה הייניקן בק330*6 מ""ל",היינקן,IL,בירה הייניקן 6יח,ליטרים,1.98,ליטר,false,0,32.90,16.62,true,1,
7290008469685,false,קשתית מוכשר מחיר לפי משק,נחמיה לחוביץ,IL,קשתית מוכשר,קילוגרמים,0.00,"ק""ג",true,0,44.90,44.90,true,1,
7290008470759,false,סטיקס ספירמינט 13*8 גרם,ריגלי,FR,אורביט סטיקס 8יח,גרמים,104.00,100 גרם,false,0,15.30,14.71,true,1,
7290008470810,false,מסטיק פייב מנטה 4 יח,ריגלי,FR,מסטיק פייב 4 יח,גרמים,76.00,100 גרם,false,0,17.70,23.29,true,1,
7290008470827,false,מסטיק פייב אבטיח 4 יח,ריגלי,FR,מסטיק פייב 4 יח,גרמים,76.00,100 גרם,false,0,17.70,23.29,true,1,
7290008470889,false,אורביט סטיקס תות 13*8גרם,ריגלי,FR,אורביט סטיקס 8יח,גרמים,104.00,100 גרם,false,1,15.30,14.71,true,1,
7290008493314,false,בייגלה שמיניות מלוח400גר,מאיר את ביגל,IL,בייגלה שמיניות,גרמים,400.00,100 גרם,false,0,7.90,1.98,true,1,
7290008493390,false,גריסיני טבעי 200 גרם,מאיר את ביגל,IL,גריסיני טבעי,גרמים,200.00,100 גרם,false,0,7.90,3.95,true,1,
7290008493406,false,גריסיני שומשום 175 גרם,מאיר את ביגל,IL,גריסיני שומשום,גרמים,175.00,100 גרם,false,0,7.90,4.51,true,1,
7290008493482,false,בייגלה גדול שומשום 300גר,מאיר את ביגל,IL,בייגלה שומשום,גרמים,300.00,100 גרם,false,0,7.90,2.63,true,1,
7290008493499,false,בייגלה שטוחל'ה מלח350גרם,מאיר את ביגל,IL,בייגלה שטוחל'ה,גרמים,350.00,100 גרם,false,0,7.50,2.14,true,1,
7290008493505,false,בייגלה שטוחל'ה שומשום300,מאיר את ביגל,IL,בייגלה שטוחלה,גרמים,300.00,100 גרם,false,0,7.50,2.50,true,1,
7290008493574,false,בייגלה שטוחלה פינוקים300,מאיר את ביגל,IL,שטוחלה פינוקים,גרמים,300.00,100 גרם,false,0,7.50,2.50,true,1,
7290008493710,false,פירורי גריסיני זהב 200ג,מאיר את ביגל,IL,פירורי גריסיני,גרמים,200.00,100 גרם,false,1,6.20,3.10,true,1,
7290008493765,false,שטוחל'ה צ'ילי מתוק 300גר,מאיר את ביגל,IL,שטוחל'ה צ'ילי,גרמים,300.00,100 גרם,false,1,7.50,2.50,true,1,
7290008515221,false,עלים לסיגרים 500 גרם,יסמין,IL,עלים לסיגרים,גרמים,500.00,100 גרם,false,0,11.80,2.36,true,1,
7290008614429,false,קשתית חלק קפוא לקג,.,IL,קשתית חלק,קילוגרמים,0.00,"ק""ג",true,0,44.90,44.90,true,1,
7290008644112,false,סלט מטבוחה יום יום 125גר,שטראוס,IL,מטבוחה יום יום,גרמים,125.00,100 גרם,false,0,4.80,3.84,true,1,
7290008644235,false,עלי בייבי 120גרם-שטראוס,שטראוס,IL,עלי בייבי 120גרם-שטראוס,גרמים,120.00,100 גרם,false,0,9.90,8.25,true,1,
7290008644839,false,ח.ערבית/איסברג-300שטראוס,שטראוס,IL,ח.ערבית/איסברג-300שטראוס,גרמים,300.00,100 גרם,false,0,10.50,3.50,true,1,
7290008644945,false,סלט המושבה 450גרם-שטראוס,שטראוס,IL,סלט המושבה 450גרם-שטראוס,גרמים,450.00,100 גרם,false,0,12.90,2.87,true,1,
7290008670142,false,רקנאטי יסמין,,IL,רקנאטי יסמין,מיליליטרים,750.00,"100 מ""ל",false,0,34.90,4.65,true,1,
7290008670197,false,רקנאטי רזרב שרדונה 750מל,רקנאטי,IL,רקנאטי שרדונה,מיליליטרים,750.00,"100 מ""ל",false,0,90.10,12.01,true,1,
7290008690164,false,ק.קולה לימון דיאט1.5ליטר,החברה המרכזית לייצור משקאות,IL,קולה דיאט לימון,ליטרים,1.50,ליטר,false,0,6.80,4.53,true,1,
7290008693134,false,דניאלה תות מוקצף5% 150מ,שטראוס,IL,דניאלה תות מוקצף,מיליליטרים,150.00,"100 מ""ל",false,0,4.10,2.73,true,1,
7290008711845,false,קרם גוף קליאו ורוד 400 מ,"ביסקול בע""מ",IL,קרם גוף קליאו,מיליליטרים,400.00,"100 מ""ל",false,0,13.40,3.35,true,1,
7290008713016,false,לחם שבעה דגנים קל 500גרם,מאפיית שלמה א. אנג'ל,IL,לחם שבעה דגנים קל 500גרם,גרמים,500.00,100 גרם,false,0,11.90,2.38,true,1,
7290008713696,false,הלחמניה המלאה 75*6 גרם,מאפיית שלמה א. אנג'ל,IL,הלחמניה המלאה 75*6 גרם,גרמים,450.00,100 גרם,false,0,13.20,2.93,true,1,
7290008713900,false,לחם שיפון עגול 750 גרם,מאפיית שלמה א. אנג'ל,IL,לחם שיפון עגול 750 גרם,גרמים,750.00,100 גרם,false,0,10.90,1.45,true,1,
7290008713917,false,לחם שיפון כהה 750 גרם,מאפיית שלמה א. אנג'ל,IL,לחם שיפון כהה 750 גרם,גרמים,750.00,100 גרם,false,0,10.90,1.45,true,1,
7290008713924,false,לחם שיפון+גרעינ.דלעת750ג,מאפיית שלמה א. אנג'ל,IL,לחם שיפון+גרעינ.דלעת750ג,גרמים,750.00,100 גרם,false,0,10.90,1.45,true,1,
7290008745239,false,תפוצ'יפס קראנצ' טבעי50ג,עלית,IL,תפוצ'יפס קראנצ',גרמים,50.00,100 גרם,false,0,3.80,7.60,true,1,
7290008747424,false,שוקולד במילוי תות 100גרם,עלית,IL,שוקולד במלוי תות,גרמים,100.00,100 גרם,false,0,5.50,5.50,true,1,
7290008747431,false,שוקולד פרה במילוי תות50ג,עלית,IL,שוקולד פרה תות,גרמים,50.00,100 גרם,false,0,3.90,7.80,true,1,
7290008747516,false,צ'יטוס איקס עיגול 15*10ג,עלית,IL,צ'יטוס 10 יח',גרמים,150.00,100 גרם,false,0,9.90,6.60,true,1,
7290008748384,false,שוקולד ספלנדיד מריר100גר,עלית,IL,שוקולד ספלנדיד,גרמים,100.00,100 גרם,false,0,10.90,10.90,true,1,
7290008750400,false,שוקולד לבן+עוגיות100 גרם,עלית,IL,שוקולדלבן עוגיות,גרמים,100.00,100 גרם,false,0,5.50,5.50,true,1,
7290008753111,false,תפוצ'יפס מקסיקני 50 גרם,עלית,IL,תפוצ'יפס קראנצ',גרמים,50.00,100 גרם,false,0,3.80,7.60,true,1,
7290008753876,false,בפלות עוגת גבינה+פירו350,עלית,IL,בפלות פירורים,גרמים,350.00,100 גרם,false,0,15.40,4.40,true,1,
7290008753982,false,שוקולד חלב אוורירי 85גרם,עלית,IL,שוקולד אוורירי,גרמים,85.00,100 גרם,false,0,5.50,6.47,true,1,
7290008754415,false,מאסט LL עדין ספירמינט28ג,עלית,IL,מסטיק מאסט LL,גרמים,28.00,100 גרם,false,0,4.30,15.36,true,1,
7290008754422,false,LL MUST קלאסי פפרמינט28ג,עלית,IL,מסטיק LL MUST,גרמים,28.00,100 גרם,false,0,4.30,15.36,true,1,
7290008757010,false,"שוופס ביטר לימון 250 מ""ל",יפאורה שותפות מובגלת לשיווק,IL,שוופס ביטר לימון,מיליליטרים,250.00,"100 מ""ל",false,0,6.50,2.60,true,1,
7290008757720,false,קולה R.C דיאט 1.5*4 ליטר,יפאורה שותפות מובגלת לשיווק,US,קולה RC דיאט 4יח,ליטרים,6.00,ליטר,false,0,14.00,2.33,true,1,
7290008757737,false,RCQ אורנג' 1.5*4 ליטר,יפאורה שותפות מובגלת לשיווק,IL,RCQ אורנג' 1.5*4 ליטר,ליטרים,6.00,ליטר,false,0,14.00,2.33,true,1,
7290008757980,false,נקטר ספרינג רימונים 1 ל',יפאורה שותפות מובגלת לשיווק,IL,נקטר רימונים,ליטרים,1.00,ליטר,false,0,4.90,4.90,true,1,
7290008775731,false,"רוטב וינגרט קלאסי 290מ""ל",אסם,IL,רוטב ויניגרט אסם,מיליליטרים,290.00,"100 מ""ל",false,0,10.90,3.76,true,1,
7290008775816,false,ערגליות שוקו 300 גרם,אסם,IL,ערגליות שוקו,גרמים,300.00,100 גרם,false,0,10.30,3.43,true,1,
7290008775823,false,ערגליות תות 300 גרם,אסם,IL,ערגליות תות,גרמים,300.00,100 גרם,false,0,10.30,3.43,true,1,
7290008775892,false,פרפקטו לינגוויני500ג,זארה,IT,ספגטי לינגויני,גרמים,500.00,100 גרם,false,0,7.60,1.52,true,1,
7290008801157,false,מרלו סלקטד,,,מרלו סלקטד,מיליליטרים,750.00,"100 מ""ל",false,0,21.90,2.92,true,1,
7290008801454,false,"יין היובל ישן נושן650מ""ל",יקבי כרמל,IL,יין ישן נושן,מיליליטרים,650.00,"100 מ""ל",false,0,15.90,2.45,true,1,
7290008801461,false,"יין הנצחון 750 מ""ל",יקבי כרמל,IL,יין הנצחון,מיליליטרים,750.00,"100 מ""ל",false,0,17.80,2.37,true,1,
7290008801843,false,קברנה סוביניון,,,קברנה סוביניון,מיליליטרים,750.00,"100 מ""ל",false,0,21.90,2.92,true,1,
7290008802895,false,קברנה סוביניוןP.C. 750מל,יקבי כרמל,IL,קברנה סוביניון,מיליליטרים,750.00,"100 מ""ל",false,0,32.90,4.39,true,1,
7290008804769,false,קברנה מרלו שיראז סלקט750,יקבי כרמל,,קברנה מרלו שיראז,מיליליטרים,750.00,"100 מ""ל",false,0,21.90,2.92,true,1,
7290008806268,false,גלידה קורנטו ביס 12יח',שטראוס,IL,גלידה קורנטו,גרמים,144.00,100 גרם,false,0,30.90,21.46,true,1,
7290008806909,false,גלידה לייט שוקו וניל1.33,שטראוס,IL,גלידה לייט שוקו וניל1.33,ליטרים,1.33,ליטר,false,0,18.90,14.21,true,1,
7290008806961,false,קרמיסימו פרה שוקולד1.33ל,שטראוס,IL,קרמיסימו פרה שוקולד1.33ל,ליטרים,1.33,ליטר,false,0,18.90,14.21,true,1,
7290008806985,false,נשנושי שוקווניל פרווה60י,שטראוס,IL,נשנושי שוקווניל פרווה60י,גרמים,630.00,100 גרם,false,0,49.50,7.86,true,1,
7290008807012,false,"טבע מוסקט חצי יבש 750מ""ל",יקבי בנימינה,IL,טבע מוסקט,מיליליטרים,750.00,"100 מ""ל",false,0,19.90,2.65,true,1,
7290008807067,false,"טבע מרלו אדום יבש 750מ""ל",יקבי בנימינה,IL,טבע מרלו,מיליליטרים,750.00,"100 מ""ל",false,0,19.90,2.65,true,1,
7290008830676,false,תערובת מן הטבע,דין שיווק,IL,תערובת מן הטבע,יחידה,1.00,יחידה,false,0,5.00,5.00,true,1,
7290008830690,false,מובחרים מן הטבע,,IL,מובחרים מן הטבע,יחידה,1.00,יחידה,false,0,10.00,10.00,true,1,
7290008830836,false,תיבול לשניצל גריל 300גרם,,,תיבול לשניצל גריל 300גרם,גרמים,300.00,100 גרם,false,0,5.90,1.97,true,1,
7290008833714,false,וודקה גריי גוס,,,וודקה גריי גוס,מיליליטרים,750.00,"100 מ""ל",false,0,119.90,15.99,true,1,
7290008846219,false,שמן זית כתית מעולה 750מל,חלוצה,IL,שמן זית כתית,מיליליטרים,750.00,"100 מ""ל",false,0,32.90,4.39,true,1,
7290008849241,false,רוטב שקשוקה חריפה 415גרם,אוליביה,IL,רוטב שקשוקה חריף,גרמים,415.00,100 גרם,false,1,11.90,2.87,true,1,
7290008849470,false,פלפל צ'ומה טריפוליטאי185,אוליביה,IL,פלפל צ'ומה,גרמים,185.00,100 גרם,false,0,10.90,5.89,true,1,
7290008849586,false,רוטב ריבת בצל 310גרם,אוליביה,IL,רוטב ריבת בצל,גרמים,310.00,100 גרם,false,0,13.00,4.19,true,1,
7290008849739,false,"רוטב סויה קלאסי 290 מ""ל",אוליביה,IL,רוטב סויה קלאסי,מיליליטרים,290.00,"100 מ""ל",false,0,12.90,4.45,true,1,
7290008849753,false,"רוטב טריאקי עשיר 290 מ""ל",אוליביה,IL,ר.טריאקי עשיר,מיליליטרים,290.00,"100 מ""ל",false,0,13.90,4.79,true,1,
7290008858045,false,עלים לקרם שניט 400 גרם,אשבל,IL,עלים לקרם שניט,גרמים,400.00,100 גרם,false,0,20.10,5.03,true,1,
7290008909440,false,פאנטה אורנג' מנגו 1.5 ל',החברה המרכזית לייצור משקאות,IL,פאנטה אורנג',ליטרים,1.50,ליטר,false,0,6.90,4.60,true,1,
7290008909860,false,קוקה קולה ZERO 1.5 ליטר,החברה המרכזית לייצור משקאות,IL,קוקה קולה ZERO,ליטרים,1.50,ליטר,false,0,6.90,4.60,true,1,
7290008909877,false,קוקה קולה זירו 1.5*6 ל',החברה המרכזית לייצור משקאות,IL,קולה זירו 1.5*6ל,ליטרים,9.00,ליטר,false,0,35.90,3.99,true,1,
7290008945172,false,40גלילונית לפח מטבח52X65,אשפלסט,IL,גלילונית לפח,יחידה,1.00,יחידה,false,0,16.80,16.80,true,1,
7290008945202,false,50 גלילונית למשרד90*75סמ,קילט ניהול פרוייקטים,IL,גלילונית למשרד,יחידה,1.00,יחידה,false,0,12.90,12.90,true,1,
7290008975551,false,מטרנה מהדרין שלב3 700גרם,נסטלה,IL,מטרנה מהדרין 3,גרמים,700.00,100 גרם,false,0,49.90,7.13,true,1,
7290008981279,false,זעטר עם שומשום נחלה100גר,קפה אל נח'לה,IL,זעטר עם שומשום,גרמים,100.00,100 גרם,false,0,10.00,10.00,true,1,
7290008989602,false,אורז תפוח מלא,,IL,אורז תפוח מלא,גרמים,450.00,100 גרם,false,0,16.60,3.69,true,1,
7290009068818,true,אגוז ברזיל טבעי במשקל,דין שיווק,IL,אגוז ברזיל טבעי במשקל,גרמים,0.00,"ק""ג",true,0,99.00,99.00,true,1,
7290009068955,true,חמניות קלופות טבעי,דין שיווק,IL,חמניות קלופות טבעי,גרמים,0.00,"ק""ג",true,0,45.00,45.00,true,1,
7290009069518,true,ג'ינג'ר מסוכר במשקל,דין שיווק,TH,ג'ינג'ר מסוכר במשקל,גרמים,0.00,"ק""ג",true,0,40.00,40.00,true,1,
7290009069617,true,אורז בסמתי במשקל,,,אורז בסמתי במשקל,קילוגרמים,0.00,"ק""ג",true,0,9.90,9.90,true,1,
7290009069679,true,שעועית/קטניות במשקל,,,שעועית/קטניות במשקל,קילוגרמים,0.00,"ק""ג",true,0,12.90,12.90,true,1,
7290009069990,true,תערובת הבית במשקל,,,תערובת הבית במשקל,קילוגרמים,0.00,"ק""ג",true,0,100.00,100.00,true,1,
7290009077490,true,זית מרוקאי במשקל,,IL,זית מרוקאי במשקל,קילוגרמים,0.00,"ק""ג",true,0,44.00,44.00,true,1,
7290009077650,true,זית יווני ענק במשקל,,IL,זית יווני ענק במשקל,קילוגרמים,0.00,"ק""ג",true,0,59.00,59.00,true,1,
7290009077667,true,מלפפון/ירקות במשקל,,IL,מלפפון/ירקות במשקל,קילוגרמים,0.00,"ק""ג",true,0,29.00,29.00,true,1,
7290009090000,true,תבלינים,,,תבלינים,קילוגרמים,0.00,"ק""ג",true,0,64.40,64.40,true,1,
7290009090017,true,תבלינים,,,תבלינים,קילוגרמים,0.00,"ק""ג",true,0,99.20,99.20,true,1,
7290009090024,true,תבלינים,,,תבלינים,קילוגרמים,0.00,"ק""ג",true,0,198.30,198.30,true,1,
7290009099461,true,פפריקה במשקל,,IL,פפריקה במשקל,קילוגרמים,0.00,"ק""ג",true,0,45.00,45.00,true,1,
7290009127485,true,אנטריקוט טרי חלק אנגוס,פניסקו,AR,אנטריקוט טרי חלק,קילוגרמים,0.00,"ק""ג",true,0,139.90,139.90,true,1,
7290009127508,true,צלעות טרי חלק אנגוס לקג,פניסקו,AR,צלעות טרי חלק,קילוגרמים,0.00,"ק""ג",true,0,79.90,79.90,true,1,
7290009127676,true,כתף טרי חלק אנגוס לקג,פניסקו,AR,כתף טרי חלק,קילוגרמים,0.00,"ק""ג",true,0,84.90,84.90,true,1,
7290009127874,true,צלי כתף טרי חלק אנגוס לק,פניסקו,AR,צלי כתף טרי חלק,קילוגרמים,0.00,"ק""ג",true,0,89.90,89.90,true,1,
7290009164848,true,קבב מזרחי 840גרם,.,IL,קבב מזרחי 840גרם,גרמים,840.00,100 גרם,false,1,44.90,5.35,true,1,
7290009164916,true,קבב בקר עם כבש 840גרם,.,IL,קבב בקר עם כבש,גרמים,840.00,100 גרם,false,1,44.90,5.35,true,1,
7290009165074,true,כנפי עוף מתובלות קג,.,IL,כנפי עוף מתובלות,קילוגרמים,0.00,"ק""ג",true,1,19.90,19.90,true,1,
7290009165142,true,שיפודי פרגיות קפוא 450גר,.,IL,שיפודי פרגיות,גרמים,450.00,100 גרם,false,1,44.90,9.98,true,1,
7290009165210,true,נקניקיות סלצ'יצה 1קג,.,IL,נקנקיות סלצ'יצ'ה,גרמים,1000.00,100 גרם,false,1,49.90,4.99,true,1,
7290009165388,true,מיני המבורגר ריב אנטריקו,.,IL,מיני המבורגר,גרמים,840.00,100 גרם,false,1,47.90,5.70,true,1,
7290009168112,true,המבורגר ריב אנטריקוט640ג,.,IL,המבורגר ריבאנטרי,גרמים,640.00,100 גרם,false,1,37.90,5.92,true,1,
7290009330168,true,פילה מדומה טרי חלק אנגוס,שופרסל,IL,פילה מדומה טרי ח,קילוגרמים,0.00,"ק""ג",true,1,89.90,89.90,true,1,
7290009330540,true,שריר טרי חלק אנגוס קג,שופרסל,IL,שריר טרי חלק,קילוגרמים,0.00,"ק""ג",true,1,69.90,69.90,true,1,
7290009330854,true,צוואר טרי חלק אנגוס קג,שופרסל,IL,צוואר טרי חלק,קילוגרמים,0.00,"ק""ג",true,1,59.90,59.90,true,1,
7290009393446,true,דניס שלם טרי )עצמי( קג,שונות,IL,דניס שלם טרי קג,קילוגרמים,0.00,"ק""ג",true,0,59.90,59.90,true,1,
7290009395037,true,כבד עוף טרי תפזורת עצמי,שונות,IL,כבד עוף טרי,קילוגרמים,0.00,"ק""ג",true,0,17.90,17.90,true,1,
7290009395044,true,לב עוף טרי תפזורת עצמי,שונות,IL,לב עוף טרי,קילוגרמים,0.00,"ק""ג",true,0,23.90,23.90,true,1,
7290009395051,true,קורקבן עוף טרי ת.עצמי,שונות,IL,קרקבן עוף טרי,קילוגרמים,0.00,"ק""ג",true,0,9.90,9.90,true,1,
7290009397642,true,חמישית מאפין שוקו 200גרם,גידרון,IL,חמישית מאפין,גרמים,200.00,100 גרם,false,0,8.00,4.00,true,1,
7290009397697,true,מאפין שוק.צ'יפס 5י גדרון,גידרון,IL,חמישית מאפין,גרמים,200.00,100 גרם,false,0,8.00,4.00,true,1,
7290009398137,true,מקלות בייגלה,גידרון,IL,מקלות בייגלה,יחידה,1.00,יחידה,false,0,2.90,2.90,true,1,
7290009398281,true,מארז פיתות אסלית100*10ג,מאפיית אנג'ל,IL,פיתות 10 יח,גרמים,1000.00,100 גרם,false,0,11.80,1.18,true,1,
7290009398748,true,פס גבינה מעודן+אוכמנ650ג,גידרון,IL,פס גבינה+אוכמנ,גרמים,650.00,100 גרם,false,0,34.70,5.34,true,1,
7290009398786,true,מארז פיתות אסלית 5יח100*,מאפיית אנג'ל,IL,חמישיית פיתות,גרמים,500.00,100 גרם,false,0,6.90,1.38,true,1,
7290009399165,true,לחמניה קלה,גידרון,IL,לחמניה קלה,יחידה,1.00,יחידה,false,0,2.90,2.90,true,1,
7290009399431,true,עוגיות שיבולת שועל במשקל,גידרון,IL,עוגיות ש.שועל,קילוגרמים,0.00,"ק""ג",true,0,39.00,39.00,true,1,
7290009399479,true,עוג.מרוקאיות עגולות משקל,גידרון,IL,עוגיות מרוקאיות,קילוגרמים,0.00,"ק""ג",true,0,29.00,29.00,true,1,
7290009399486,true,עוגיות לבבות שוקולד משקל,גידרון,IL,עוגיות לבבות,קילוגרמים,0.00,"ק""ג",true,0,29.00,29.00,true,1,
7290009399493,true,עוג.עניבות קינמון משקל,גידרון,IL,עוגיות עניבות,קילוגרמים,0.00,"ק""ג",true,0,29.00,29.00,true,1,
7290009399523,true,מעמול תמרים במשקל,גידרון,,מעמול תמרים,קילוגרמים,0.00,"ק""ג",true,0,35.00,35.00,true,1,
7290009399608,true,עוג.מרוקאי ללא סוכר משקל,גידרון,IL,עוגיות מרוקאי,קילוגרמים,0.00,"ק""ג",true,0,39.00,39.00,true,1,
7290009399622,true,עוג.ש.שועל ללא ת.ס. משקל,גידרון,IL,עוגיות שיבולת,קילוגרמים,0.00,"ק""ג",true,0,39.00,39.00,true,1,
7290009401790,true,מארז פיתה כפרית 5יח100*ג,מאפיית אנג'ל,IL,פיתה כפרית 5יח,גרמים,500.00,100 גרם,false,0,7.90,1.58,true,1,
7290009802146,true,עוף שלם טרי ארוז עצמי,.,IL,עוף שלם טרי,קילוגרמים,0.00,"ק""ג",true,1,18.90,18.90,true,1,
7290009802191,true,עוף שלם טרי א.דיל ארוז,.,IL,עוף שלם טרי,קילוגרמים,0.00,"ק""ג",true,1,18.90,18.90,true,1,
7290009802214,true,כרעי עוף טרי ארוז  עצמי,.,IL,כרעי עוף טרי,קילוגרמים,0.00,"ק""ג",true,1,27.90,27.90,true,1,
7290009802221,true,כרעי עוף טרי א.דיל עצמי,.,IL,כרעי עוף טרי,קילוגרמים,0.00,"ק""ג",true,1,27.90,27.90,true,1,
7290009802481,true,קוקטייל טרי א.דיל עצמי,.,IL,קוקטייל טרי,קילוגרמים,0.00,"ק""ג",true,1,27.90,27.90,true,1,
7290009803815,true,ירכי עוף טרי א.דיל עצמי,.,IL,ירכי עוף טרי,קילוגרמים,0.00,"ק""ג",true,1,27.90,27.90,true,1,
7290009804010,true,כנפי עוף טרי ארוז עצמי,.,IL,כנפי עוף טרי,קילוגרמים,0.00,"ק""ג",true,1,11.90,11.90,true,1,
7290009804591,true,כנפי עוף טרי א.דיל עצמי,.,IL,כנפי עוף טרי,קילוגרמים,0.00,"ק""ג",true,1,11.90,11.90,true,1,
7290009805291,true,חזה עוף טרי ארוז עצמי,.,IL,חזה עוף טרי,קילוגרמים,0.00,"ק""ג",true,1,31.90,31.90,true,1,
7290009806571,true,חזה עוף טרי א.דיל עצמי,.,IL,חזה עוף טרי,קילוגרמים,0.00,"ק""ג",true,1,31.90,31.90,true,1,
7290009807592,true,כבד עוף טרי א.דיל עצמי,.,IL,כבד עוף טרי,קילוגרמים,0.00,"ק""ג",true,1,17.90,17.90,true,1,
7290009807622,true,לב עוף טרי א.דיל ארוז,.,IL,לב עוף טרי,קילוגרמים,0.00,"ק""ג",true,1,23.90,23.90,true,1,
7290009810967,true,שוקי עוף טרי א.דיל עצמי,.,IL,שוקי עוף טרי,קילוגרמים,0.00,"ק""ג",true,1,32.90,32.90,true,1,
7290009811483,true,שניצל עוף טרי ארוז עצמי,.,IL,שניצל עוף טרי,קילוגרמים,0.00,"ק""ג",true,1,34.90,34.90,true,1,
7290009811490,true,שניצל עוף טרי א.דיל עצמי,.,IL,שניצל עוף טרי,קילוגרמים,0.00,"ק""ג",true,1,34.90,34.90,true,1,
7290009811896,true,פרגיות עוף טרי אדיל עצמי,.,IL,פרגיות עוף טרי,קילוגרמים,0.00,"ק""ג",true,1,54.90,54.90,true,1,
7290009814316,true,פילה עוף טרי א.דיל עצמי,.,IL,פילה עוף טרי,קילוגרמים,0.00,"ק""ג",true,1,32.90,32.90,true,1,
7290009814347,true,קורקבן עוף טרי,,,קורקבן עוף טרי,קילוגרמים,0.00,"ק""ג",true,0,9.90,9.90,true,1,
7290009819137,true,שניצל דק טרי א.דיל עצמי,.,IL,שניצל דק טרי,קילוגרמים,0.00,"ק""ג",true,1,39.90,39.90,true,1,
7290009819151,true,שוק הודו נ.טרי א.עצמי,.,IL,שוק הודו טרי,קילוגרמים,0.00,"ק""ג",true,1,28.90,28.90,true,1,
7290009819175,true,שוארמה הודו נ.טרי א.עצמי,.,IL,שוארמה הודו טרי,קילוגרמים,0.00,"ק""ג",true,1,54.90,54.90,true,1,
7290009819199,true,כנף הודו נ.טרי ארוז עצמי,.,IL,כנף הודו טרי,קילוגרמים,0.00,"ק""ג",true,1,17.90,17.90,true,1,
7290009819212,true,גרון הודו נ.טרי א.עצמי,.,IL,גרון הודו טרי,קילוגרמים,0.00,"ק""ג",true,1,23.90,23.90,true,1,
7290009819267,true,חזה הודו נ.טרי ארוז עצמי,.,IL,חזה הודו טרי,קילוגרמים,0.00,"ק""ג",true,1,29.90,29.90,true,1,
7290009904390,true,כנף הודו נ.טרי א.עצמי,.,IL,כנף הודו טרי,קילוגרמים,0.00,"ק""ג",true,1,17.90,17.90,true,1,
7290009905656,true,חזה הודו טרי ארוז דיל,.,IL,חזה הודו טרי,קילוגרמים,0.00,"ק""ג",true,1,29.90,29.90,true,1,
7290009909067,true,שוק מפורק טרי ארוז דיל,.,IL,זוק מפורק טרי,קילוגרמים,0.00,"ק""ג",true,1,44.90,44.90,true,1,
7290009909081,true,שוארמה הודו נ.דיל א.עצמי,.,IL,שווארמה הודו טרי,קילוגרמים,0.00,"ק""ג",true,1,54.90,54.90,true,1,
7290009950700,true,פיתה מיני ק.מלא קלה50*5ג,מעיין תעשיות מאפה,IL,פיתה מיני קלה5יח,גרמים,250.00,100 גרם,false,0,8.80,3.52,true,1,
7290009951349,true,חליטת תה,,,חליטת תה,קילוגרמים,0.00,"ק""ג",true,0,100.00,100.00,true,1,
7290009951394,true,חלבה ממולאת רג/דיאט משקל,,,חלבה ממולאת רג/דיאט משקל,קילוגרמים,0.00,"ק""ג",true,0,44.00,44.00,true,1,
7290009951400,true,סוכריות גומי במשקל,,,סוכריות גומי במשקל,קילוגרמים,0.00,"ק""ג",true,0,45.00,45.00,true,1,
7290009951417,true,לקריץ במשקל,,,לקריץ במשקל,קילוגרמים,0.00,"ק""ג",true,0,59.00,59.00,true,1,
7290009951424,true,פרלינים במשקל,,,פרלינים במשקל,קילוגרמים,0.00,"ק""ג",true,0,89.00,89.00,true,1,
7290009951431,true,פירות אקזוטיים במשקל,,,פירות אקזוטיים במשקל,קילוגרמים,0.00,"ק""ג",true,0,90.00,90.00,true,1,
7290009951455,true,תבלינים קבוצה 2 במשקל,,,תבלינים קבוצה 2 במשקל,קילוגרמים,0.00,"ק""ג",true,0,74.00,74.00,true,1,
7290009951462,true,תערובת+עשבי תיבול במשקל,,,תערובת+עשבי תיבול במשקל,קילוגרמים,0.00,"ק""ג",true,0,89.00,89.00,true,1,
7290009951479,true,תבלינים קבוצה 3 במשקל,,,תבלינים קבוצה 3 במשקל,קילוגרמים,0.00,"ק""ג",true,0,159.00,159.00,true,1,
7290009951486,true,תבלינים קבוצה 4 במשקל,,,תבלינים קבוצה 4 במשקל,קילוגרמים,0.00,"ק""ג",true,0,297.00,297.00,true,1,
7290009951509,true,קטניות קבוצה 4 במשקל,,,קטניות קבוצה 4 במשקל,קילוגרמים,0.00,"ק""ג",true,0,17.00,17.00,true,1,
7290009951516,true,קטניות קבוצה 1 במשקל,,,קטניות קבוצה 1 במשקל,קילוגרמים,0.00,"ק""ג",true,0,11.00,11.00,true,1,
7290009951523,true,קטניות קבוצה 2 במשקל,,,קטניות קבוצה 2 במשקל,קילוגרמים,0.00,"ק""ג",true,0,19.00,19.00,true,1,
7290009951530,true,קטניות קבוצה 3 במשקל,,,קטניות קבוצה 3 במשקל,קילוגרמים,0.00,"ק""ג",true,0,25.00,25.00,true,1,
7290009951561,true,סוכריות קשות במשקל,,,סוכריות קשות במשקל,קילוגרמים,0.00,"ק""ג",true,0,40.00,40.00,true,1,
7290009952063,true,מים מינרליים500מ,,,מים מינרליים500מ,מיליליטרים,500.00,"100 מ""ל",false,0,5.30,1.06,true,1,
7290009952285,true,מארז ביס באגט 8יח',גידרון,IL,ביס באגט 8יח,יחידה,1.00,יחידה,false,0,9.90,9.90,true,1,
7290009952292,true,חצי באגט רגיל/כפרי 5יח',גידרון,IL,חצי באגט 5יח,יחידה,1.00,יחידה,false,0,11.90,11.90,true,1,
7290009952308,true,מארז לחמניית דגנים4יח',גידרון,IL,4יחלחמניות דגנים,יחידה,1.00,יחידה,false,0,11.90,11.90,true,1,
7290009952315,true,מארז בייגל אמריקאי4יח,גידרון,IL,4יח בייגל אמרקאי,יחידה,1.00,יחידה,false,0,11.90,11.90,true,1,
7290009952322,true,מארז שליש באגט  5יח',גידרון,IL,שליש בגט 5 יח,יחידה,1.00,יחידה,false,0,11.90,11.90,true,1,
7290009952339,true,מארז לחמניות אצבע 8יח,גידרון,IL,8יח לחמניות אצבע,יחידה,1.00,יחידה,false,0,9.90,9.90,true,1,
7290009952346,true,מארז לחמניית חלה4יחי,גידרון,IL,4 לחמניית חלה,יחידה,1.00,יחידה,false,0,11.90,11.90,true,1,
7290009952377,true,מארז לחמנית קשר 5יח',גידרון,IL,לחמנית קשר 5יח,יחידה,1.00,יחידה,false,0,11.90,11.90,true,1,
7290009952674,true,שתיה מוגזת מצוננת 1.5 ל',גידרון,IL,שתיה מוגזת מצוננת 1.5 ל',ליטרים,1.50,ליטר,false,0,8.20,5.47,true,1,
7290009952704,true,משקה מצונן 1.5 ליטר,,,משקה מצונן 1.5 ליטר,ליטרים,1.50,ליטר,false,0,7.90,5.27,true,1,
7290009953732,true,תה קר מצונן 1.5 ליטר,,,תה קר מצונן 1.5 ליטר,ליטרים,1.50,ליטר,false,0,8.90,5.93,true,1,
7290009954234,true,נועם גב.צהובה9%חריץ משקל,טרה,IL,גבינת נועם 9%   ריץ משקל,קילוגרמים,0.00,"ק""ג",true,0,68.00,68.00,true,1,
7290009954241,true,נועם ג.צהובה22%חריץ משקל,"טרופיקל דגיל  תעשיות קוסמטיקה בע""מ",IL,גבינת נועם 22%  ריץ משקל,קילוגרמים,0.00,"ק""ג",true,0,36.50,36.50,true,1,
7290009954258,true,נועם ג.צהובה28%חריץ משקל,י. מלכי מוצרים,IL,גבינת נועם 28%,קילוגרמים,0.00,"ק""ג",true,0,38.00,38.00,true,1,
7290009954357,true,גבינת עמק מגורדת,,IL,גבינת עמק מגורדת,קילוגרמים,0.00,"ק""ג",true,0,41.30,41.30,true,1,
7290009955309,true,גב.פרמז'ן27% שופרסל משקל,ז'נטי אס.פי.אי,IT,גבינת פרמז'ן,קילוגרמים,0.00,"ק""ג",true,1,99.00,99.00,true,1,
7290009955330,true,גב.מוצרלה21% שופרסל משקל,אס סי מודסט,LE,גבינה מוצרלה 21%,קילוגרמים,0.00,"ק""ג",true,1,49.00,49.00,true,1,
7290009955675,true,גב.גאודה 30% הולנד במשקל,KAAS HEIDEN UAN,NL,גבינת גאודה,קילוגרמים,0.00,"ק""ג",true,1,35.00,35.00,true,1,
7290010002023,false,כורכום הודי טחון 100 גרם,א.ל ייצור ושיווק תבלינים,IL,כורכום טחון,גרמים,100.00,100 גרם,false,0,9.70,9.70,true,1,
7290010002030,false,כמון 100 גרם,א.ל ייצור ושיווק תבלינים,IL,כמון טחון,גרמים,100.00,100 גרם,false,0,10.90,10.90,true,1,
7290010002047,false,מלח לימון 200 גרם,א.ל ייצור ושיווק תבלינים,IL,מלח לימון,גרמים,200.00,100 גרם,false,0,8.90,4.45,true,1,
7290010002108,false,פלפל שחור גרוס גס 90 גרם,א.ל ייצור ושיווק תבלינים,IL,פלפל שחור גרוס,גרמים,90.00,100 גרם,false,0,15.10,16.78,true,1,
7290010002153,false,פפריקה מרוקאית חריפה100ג,א.ל ייצור ושיווק תבלינים,IL,פפריקה מרוקאית,גרמים,100.00,100 גרם,false,0,10.90,10.90,true,1,
7290010002207,false,קינמון טחון 100 גרם,א.ל ייצור ושיווק תבלינים,IL,קינמון טחון,גרמים,100.00,100 גרם,false,0,8.90,8.90,true,1,
7290010002283,false,תבלין על האש 100 גרם,א.ל ייצור ושיווק תבלינים,IL,תבלין על האש,גרמים,100.00,100 גרם,false,0,7.50,7.50,true,1,
7290010002313,false,תבלין ראס אל חנות 100גרם,א.ל ייצור ושיווק תבלינים,IL,תבלין לקציצות,גרמים,100.00,100 גרם,false,0,10.90,10.90,true,1,
7290010002368,false,תערובת חוויאג' למרק100גר,א.ל ייצור ושיווק תבלינים,IL,חוויאג' למרק,גרמים,100.00,100 גרם,false,0,9.70,9.70,true,1,
7290010002382,false,אורגנו 40 גרם,א.ל ייצור ושיווק תבלינים,IL,אורגנו,גרמים,40.00,100 גרם,false,0,9.30,23.25,true,1,
7290010002399,false,בזיליקום 40 גרם,א.ל ייצור ושיווק תבלינים,IL,בזיליקום(ריחן),גרמים,40.00,100 גרם,false,0,9.30,23.25,true,1,
7290010002481,false,שום טחון 100 גרם,א.ל ייצור ושיווק תבלינים,IL,שום טחון,גרמים,100.00,100 גרם,false,0,9.70,9.70,true,1,
7290010003051,false,פפריקה הונגרית מתוקה400ג,א.ל ייצור ושיווק תבלינים,IL,פפריקה הונגרית,גרמים,400.00,100 גרם,false,0,23.90,5.98,true,1,
7290010003693,false,פפריקה מתוקה,,IL,פפריקה מתוקה,גרמים,80.00,100 גרם,false,0,5.60,7.00,true,1,
7290010023578,false,25ניחוח.גליל מרווה+לימון,ויסוצקי,IL,תה ניחוח הגליל,גרמים,55.00,100 גרם,false,0,16.70,30.36,true,1,
7290010023943,false,תה רויבוש קינמון+וניל25ש,ויסוצקי,IL,תה רויבוש,גרמים,50.00,100 גרם,false,0,24.50,49.00,true,1,
7290010045006,false,עוגיות חמאה פריכות250גרם,לחמי,IL,עוגיות חמאה,גרמים,250.00,100 גרם,false,0,18.00,7.20,true,1,
7290010049004,false,תרכיז ענבים מרמולייט 1ל',אשבל,IL,תרכיז ענבים,ליטרים,1.00,ליטר,false,0,10.80,10.80,true,1,
7290010049028,false,תרכיז פטל מרמולייט 1ליטר,אשבל,IL,תרכיז דיט פטל,ליטרים,1.00,ליטר,false,0,10.80,10.80,true,1,
7290010049059,false,עוגיות גרנולה 200 גרם,רוקחמן,IL,עוגיות גרנולה,גרמים,200.00,100 גרם,false,0,16.90,8.45,true,1,
7290010049066,false,עוגיות קמח מלא 200 גרם,רוקחמן,IL,עוגיות מרמולייט,גרמים,200.00,100 גרם,false,0,16.90,8.45,true,1,
7290010049073,false,עוגיות גרנולה קינמון200ג,רוקחמן,IL,עוגיות קינמון,גרמים,200.00,100 גרם,false,0,16.90,8.45,true,1,
7290010049417,false,תח.רחצה פמילי מנגו 1 ל',אינטרקוסמא,IL,תחליב רחצה,ליטרים,1.00,ליטר,false,0,10.00,10.00,true,1,
7290010049806,false,"עוג.סנדויץ ללת""ס וניל150",אפיפית,IL,עוגיות סנדוויץ,גרמים,150.00,100 גרם,false,0,7.90,5.27,true,1,
7290010049974,false,"עוג.סנדוויץ ללת""ס שוק150",אפיפית,IL,עוגיות סנדוויץ,גרמים,150.00,100 גרם,false,0,7.90,5.27,true,1,
7290010060597,false,שמפו סרקל,,IL,שמפו סרקל,ליטרים,1.25,ליטר,false,0,25.30,20.24,true,1,
7290010060603,false,מרכך סרקל,,IL,מרכך סרקל,ליטרים,1.25,ליטר,false,0,25.30,20.24,true,1,
7290010065295,false,פרינוק מחית,,IL,פרינוק מחית,גרמים,130.00,100 גרם,false,0,4.80,3.69,true,1,
7290010065301,false,פרינוק מחית,,CZ,פרינוק מחית,גרמים,130.00,100 גרם,false,0,4.80,3.69,true,1,
7290010065325,false,פרינוק ג'וניור,,CZ,פרינוק ג'וניור,גרמים,190.00,100 גרם,false,0,5.50,2.89,true,1,
7290010065349,false,פרינוק ג'ונ.סלט פירות190,רנדי,IL,פריניק ג'וניור,גרמים,190.00,100 גרם,false,0,5.50,2.89,true,1,
7290010065745,false,פרינוק ג'וניור,,CZ,פרינוק ג'וניור,גרמים,190.00,100 גרם,false,0,5.50,2.89,true,1,
7290010066001,false,נתחי טונה בשמן צמחי 960ג,תעשיות פילטונה,IL,נתחי טונה בשמן,גרמים,960.00,100 גרם,false,0,33.60,3.50,true,1,
7290010066513,false,טונה בשמן צמחי 158*4 גרם,תעשיות פילטונה,IL,טונה בשמן 4 יח,גרמים,632.00,100 גרם,false,0,19.90,3.15,true,1,
7290010066575,false,טונה במי מלח 158*4 גרם,תעשיות פילטונה,IL,טונה במי מלח 4יח,גרמים,632.00,100 גרם,false,0,19.90,3.15,true,1,
7290010066582,false,טונה בשמן קנולה 158*4 גר,תעשיות פילטונה,IL,טונה בשמן 4 יח,גרמים,632.00,100 גרם,false,0,19.90,3.15,true,1,
7290010066940,false,נתחי טונה במי מלח960ג,תעשיות פילטונה,IL,נתחי טונה,גרמים,960.00,100 גרם,false,0,33.60,3.50,true,1,
7290010116898,false,שוקולד אוורירי מריר85גרם,עלית,IL,שוקולד אוורירי,גרמים,85.00,100 גרם,false,0,5.50,6.47,true,1,
7290010116980,false,שוקולית 850 גרם,עלית,IL,שוקולית עלית,גרמים,850.00,100 גרם,false,0,16.90,1.99,true,1,
7290010117864,false,דוריטוס בטעם חריף אש70גר,עלית,IL,דוריטוס בטעם חריף אש70גר,גרמים,70.00,100 גרם,false,0,3.60,5.14,true,1,
7290010118113,false,שוש 10 * 20 גרם,עלית,IL,מארז שוש 10 יח,גרמים,200.00,100 גרם,false,0,10.00,5.00,true,1,
7290010129003,false,עוגיות אוזניים 600 גרם,דולצ'ה ויטה,IL,עוגיות אוזניים,גרמים,600.00,100 גרם,false,0,17.90,2.98,true,1,
7290010129010,false,עוג.כתר במילוי ריבה 600ג,דולצ'ה ויטה,IL,עוגיות כתר ריבה,גרמים,600.00,100 גרם,false,0,17.90,2.98,true,1,
7290010129034,false,עוגיות שוקו ציפס 600 גרם,דולצ'ה ויטה,IL,עוגיות שוקו ציפס,גרמים,600.00,100 גרם,false,0,17.90,2.98,true,1,
7290010129041,false,עוגיות בטעמים שונים600גר,דולצ'ה ויטה,IL,עוגיות ריבה,גרמים,600.00,100 גרם,false,0,17.90,2.98,true,1,
7290010129065,false,עוג.מקלות עלים צרפתי600ג,דולצ'ה ויטה,IL,עוג.מקלות עלים,גרמים,600.00,100 גרם,false,0,17.90,2.98,true,1,
7290010129072,false,עוגיות סנדוויץ ריבה 600ג,דולצ'ה ויטה,IL,עוגיות סנדוויץ,גרמים,600.00,100 גרם,false,0,17.90,2.98,true,1,
7290010129164,false,עוג.מרוקאיות ללא סוכר300,דולצ'ה ויטה,IL,עוגיות ללא סוכר,גרמים,300.00,100 גרם,false,0,16.90,5.63,true,1,
7290010129188,false,עוגיות ריבה ללא סוכר300ג,דולצ'ה ויטה,IL,עוגיות ללא סוכר,גרמים,300.00,100 גרם,false,0,16.90,5.63,true,1,
7290010129195,false,עוג.שוקוצ'יפס ל.סוכר300ג,דולצ'ה ויטה,IL,עוגיות ללא סוכר,גרמים,300.00,100 גרם,false,0,16.90,5.63,true,1,
7290010129287,false,עוגיות גרנולה 600 גרם,דולצ'ה ויטה,IL,עוגיות גרנולה,גרמים,600.00,100 גרם,false,0,17.90,2.98,true,1,
7290010129294,false,עוגיות חמאה 600 גרם,דולצ'ה ויטה,IL,עוגיות בטעם חמאה,גרמים,600.00,100 גרם,false,0,17.90,2.98,true,1,
7290010129348,false,עוגיות שוקולד 600 גרם,דולצ'ה ויטה,IL,עוגיות שוקולד,גרמים,600.00,100 גרם,false,0,17.90,2.98,true,1,
7290010129355,false,עוגיות תמרים 600 גרם,דולצ'ה ויטה,IL,עוגיות תמרים,גרמים,600.00,100 גרם,false,0,17.90,2.98,true,1,
7290010129942,false,עוגת שמרים 500 גרם,דולצ'ה ויטה,IL,עוגת שמרים,גרמים,500.00,100 גרם,false,0,11.80,2.36,true,1,
7290010154029,false,אריסה מתוקה 250 גרם,נטו,IL,אריסה מתוקה,גרמים,250.00,100 גרם,false,0,14.10,5.64,true,1,
7290010154036,false,עמבה 250 גרם,נטו,IL,עמבה,גרמים,250.00,100 גרם,false,0,14.10,5.64,true,1,
7290010154241,false,חזרת 250 גרם,נטו,IL,חזרת ביתית,גרמים,250.00,100 גרם,false,0,14.10,5.64,true,1,
7290010154265,false,פלפל צ'ומה ביטון 250 גרם,נטו,IL,פלפל צ'ומה,גרמים,250.00,100 גרם,false,0,14.10,5.64,true,1,
7290010154418,false,סחוג אדום,,IL,סחוג אדום,גרמים,130.00,100 גרם,false,0,8.40,6.46,true,1,
7290010163632,false,שזיף ללא גלעין400ג'שקדיה,שקדיה,IL,שזיף ללא גלעין,גרמים,400.00,100 גרם,false,0,26.70,6.68,true,1,
7290010163656,false,פקאן טבעי מקולף200גשקדיה,שקדיה,IL,פקאן טבעי מקולף,גרמים,200.00,100 גרם,false,0,28.70,14.35,true,1,
7290010163663,false,א.קאשיו טבעי 200ג'שקדיה,שקדיה,IL,אגוז קאשיו טבעי,גרמים,200.00,100 גרם,false,0,23.70,11.85,true,1,
7290010163700,false,שקד קלוף טבעי200ג' שקדיה,שקדיה,IL,שקד טבעי,גרמים,200.00,100 גרם,false,0,24.70,12.35,true,1,
7290010173068,false,גליל קברנה סוביניון750מל,יקב הרי גליל,IL,קברנה הרי גליל,מיליליטרים,750.00,"100 מ""ל",false,0,29.90,3.99,true,1,
7290010199907,false,אל סבון סטייל,,IL,אל סבון סטייל,מיליליטרים,500.00,"100 מ""ל",false,0,7.80,1.56,true,1,
7290010237548,false,פפסי מקס,,IL,פפסי מקס,מיליליטרים,500.00,"100 מ""ל",false,0,3.90,0.78,true,1,
7290010237623,false,בירה נשר מאלט 1.5 ליטר,טמפו,IL,נשר מאלט,ליטרים,1.50,ליטר,false,0,5.00,3.33,true,1,
7290010237630,false,בירה נשר מאלט דיאט 1.5 ל,טמפו,IL,נשר מאלט דיאט,ליטרים,1.50,ליטר,false,0,5.00,3.33,true,1,
7290010237692,false,"בירה הייניקן 250*6 מ""ל",היינקן,IL,בירה הייניקן 6יח,ליטרים,1.50,ליטר,false,0,42.90,28.60,true,1,
7290010237784,false,"מכבי שנדי ליים 330*6 מ""ל",טמפו,IL,מכבי שנדי 6 יח,ליטרים,1.98,ליטר,false,0,29.90,15.10,true,1,
7290010237890,false,בירה הייניקן בק.חוזר500מ,היינקן,IL,בירה הייניקן,מיליליטרים,500.00,"100 מ""ל",false,0,8.90,1.78,true,1,
7290010259038,false,לורפק ממרח,,DK,לורפק ממרח,גרמים,500.00,100 גרם,false,0,25.90,5.18,true,1,
7290010259823,false,מנת השף נודלס,,IL,מנת השף נודלס,גרמים,70.00,100 גרם,false,0,4.50,6.43,true,1,
7290010259854,false,מנת השף נודלס,,IL,מנת השף נודלס,גרמים,70.00,100 גרם,false,0,4.50,6.43,true,1,
7290010314140,false,חזה בגריל מן הצומח 630גר,טבעול,IL,חזה בגריל,גרמים,630.00,100 גרם,false,0,36.60,5.81,true,1,
7290010328468,false,מיני חלווה 3 טעמים12*18ג,"אחדות ביח""ר לטחינה",IL,מיני חלווה 18 יח,גרמים,226.00,100 גרם,false,0,9.90,4.38,true,1,
7290010329854,false,"מיני קוקיס חמאה ללת""ס700",כרמית,IL,מיני קוקיס חמאה,גרמים,700.00,100 גרם,false,0,25.90,3.70,true,1,
7290010329984,false,שוק. צ'יפס מריר60% 250ג,כרמית,IL,שוקולד צ'יפס,גרמים,250.00,100 גרם,false,0,9.70,3.88,true,1,
7290010378500,false,סופטקר שמפו אל דמע 1ליטר,נקה,IL,שמפו לתינוק,ליטרים,1.00,ליטר,false,0,13.70,13.70,true,1,
7290010378517,false,תחליב לחות רחצה סופטקר1ל,נקה,IL,תחליב לחות לרחצה,ליטרים,1.00,ליטר,false,0,13.70,13.70,true,1,
7290010378524,false,סופטקר תח.רחצה+קמומיל 1ל,נקה,IL,תחליב רחצה,ליטרים,1.00,ליטר,false,0,13.70,13.70,true,1,
7290010382651,false,סרום לשיער,,,סרום לשיער,מיליליטרים,145.00,"100 מ""ל",false,0,48.50,33.45,true,1,
7290010382828,false,קרם לחות קליל-יבש 400מל,קרליין,IL,קרם לחות לשיער,מיליליטרים,400.00,"100 מ""ל",false,0,19.90,4.98,true,1,
7290010382835,false,קרם לחות קליל-צבוע 400מל,קרליין,IL,קרם לחות לשיער,מיליליטרים,400.00,"100 מ""ל",false,0,19.90,4.98,true,1,
7290010417315,false,"גולן מרלו 750 מ""ל",יקבי רמת הגולן קצרין,IL,יין גולן מרלו,מיליליטרים,750.00,"100 מ""ל",false,0,29.90,3.99,true,1,
7290010429301,false,מעדן תות 100%פרי 250 גרם,יד מרדכי,IL,מעדן תות,גרמים,250.00,100 גרם,false,0,13.70,5.48,true,1,
7290010429509,false,מעדן שזיף %100 פרי250גרם,יד מרדכי,IL,מעדן שזיף,גרמים,250.00,100 גרם,false,0,13.70,5.48,true,1,
7290010429554,false,"שמן זית 2 קלאסי 750מ""ל",יד מרדכי,IL,שמן זית 2 קלאסי,מיליליטרים,750.00,"100 מ""ל",false,0,34.90,4.65,true,1,
7290010471669,false,דנונה בר תות קורנפ175.גר,שטראוס,IL,דנונה בר תות,גרמים,175.00,100 גרם,false,0,4.50,2.57,true,1,
7290010472307,false,גמדים לשתיה תות בננ100X8,שטראוס,IL,גמדים לשתיה 8 יח,מיליליטרים,800.00,"100 מ""ל",false,0,20.00,2.50,true,1,
7290010472390,false,דני שוקולד 125*8גרם,שטראוס,IL,דני שוקולד 8 יח',קילוגרמים,1.00,"ק""ג",false,0,12.90,12.90,true,1,
7290010472765,false,סופר גמדים תות 100*4 גרם,שטראוס,IL,סופר גמדים 4 יח,גרמים,400.00,100 גרם,false,0,11.50,2.88,true,1,
7290010546152,false,גרנולה תמרים,,IL,גרנולה תמרים,גרמים,400.00,100 גרם,false,0,19.90,4.98,true,1,
7290010569038,false,גלידה משפחתית 5 טעמים,שטראוס,IL,גלידה משפחתית 5 טעמים,ליטרים,2.00,ליטר,false,0,25.70,12.85,true,1,
7290010569069,false,גלידה משפ' 3טעמים פרווה,שטראוס,IL,גלידה משפ' 3טעמים פרווה,ליטרים,2.00,ליטר,false,0,25.70,12.85,true,1,
7290010617623,false,כוס אימון עם ידית,אריסטוקרט,IL,כוס אימון,יחידה,1.00,יחידה,false,0,15.40,15.40,true,1,
7290010650002,false,פטריות יער טריות -יחידה,חוות פטריות תקוע,IL,פטריות יער,יחידה,1.00,יחידה,false,0,12.00,12.00,true,1,
7290010650033,false,בצלצלי שאלוט -יחידה,קטיף,IL,בצלצלי שאלוט,יחידה,1.00,יחידה,false,0,14.00,14.00,true,1,
7290010650040,false,פטריות שיטאקי-יחידה,חוות פטריות תקוע,IL,פיטריות שיטאקי,יחידה,1.00,יחידה,false,0,12.00,12.00,true,1,
7290010650194,false,שורש ג'ינגר טרי ארוז-יח,קטיף,XX,שורש ג'ינגר טרי ארוז-יח,יחידה,1.00,יחידה,false,0,11.90,11.90,true,1,
7290010650415,false,עגבניות לחות -יחידה,חוות פטריות תקוע,IL,עגבניות לחות,יחידה,1.00,יחידה,false,0,15.00,15.00,true,1,
7290010711703,false,שקיות אוכל מנייר,,IL,שקיות אוכל מנייר,יחידה,1.00,יחידה,false,0,6.00,6.00,true,1,
7290010740512,false,שניצל דק מהצומח ביתי 700,טבעול,IL,שניצל דק ביתי,גרמים,700.00,100 גרם,false,0,34.60,4.94,true,1,
7290010740857,false,שניצל תירס 750גרם33%+ 1ק,טבעול,IL,שניצל תירס טבעול,גרמים,1000.00,100 גרם,false,0,29.90,2.99,true,1,
7290010748518,false,"שמפו סרקל פורטה 750 מ""ל",פישר  מעבדות  פרמצבטיות,IL,שמפו סרקל פורטה,מיליליטרים,750.00,"100 מ""ל",false,0,25.20,3.36,true,1,
7290010748525,false,"מרכך סרקל פורטה 750 מ""ל",פישר  מעבדות  פרמצבטיות,IL,מרכך סרקל פורטה,מיליליטרים,750.00,"100 מ""ל",false,0,25.20,3.36,true,1,
7290010748891,false,ק.גוף אפקטיב קר רגיל700מ,פישר  מעבדות  פרמצבטיות,IL,קרם גוף,מיליליטרים,700.00,"100 מ""ל",false,0,22.90,3.27,true,1,
7290010766147,false,רוטב לעוף סויה ודבש300גר,אוליביה,IL,רוטב סויה ודבש,גרמים,300.00,100 גרם,false,0,13.00,4.33,true,1,
7290010766697,false,רוטב שקשוקה אוליביה415גר,אוליביה,IL,רוטב שקשוקה,גרמים,415.00,100 גרם,false,0,11.90,2.87,true,1,
7290010766734,false,רוטב פיצה אוליביה 430גרם,אוליביה,IL,רוטב פיצה,גרמים,430.00,100 גרם,false,0,12.90,3.00,true,1,
7290010766956,false,ממרח פלפל גמבה 180 גרם,אוליביה,IL,ממרח פלפל גמבה,גרמים,180.00,100 גרם,false,0,10.90,6.06,true,1,
7290010791316,false,מטרנה ביג שוקו 450 גרם,מטרנה מעבדות,IL,מטרנה ביג שוקו,גרמים,450.00,100 גרם,false,0,28.20,6.27,true,1,
7290010827534,false,מגבוני דיסני כחול 72*4יח,דינמיק,IL,מגבוני דיסני,יחידה,1.00,יחידה,false,0,17.90,17.90,true,1,
7290010827718,false,"שמפו לשיער דיסני 400 מ""ל",דינמיק,IL,שמפו לשיער דיסני,מיליליטרים,400.00,"100 מ""ל",false,1,7.90,1.98,true,1,
7290010838219,false,ממתיק סטיביה 100שקיות,"קיפל טבליות וממתיקים בע""מ",IL,ממתיק מרמולייט,גרמים,100.00,100 גרם,false,0,32.80,32.80,true,1,
7290010838424,false,"טואלט דאק ירוק 750*2 מ""ל",ג'ונסון,NL,טואלט דאק זוג,ליטרים,1.50,ליטר,false,0,15.00,10.00,true,1,
7290010838431,false,"טואלט דאק כחול 750*2מ""ל",ג'ונסון,NL,טואלט דאק זוג,ליטרים,1.50,ליטר,false,0,15.00,10.00,true,1,
7290010838806,false,סב.נוזלי פמילי תות 500X3,אברנסל קוסמטיקס,TR,סב.נוזלי פמילי,ליטרים,1.50,ליטר,false,0,12.90,8.60,true,1,
7290010839865,false,רוטב רימונים,,IL,רוטב רימונים,גרמים,320.00,100 גרם,false,0,10.00,3.13,true,1,
7290010849529,false,"למברוסקו ביאנקו 750 מ""ל",קאויקיולי,IT,למברוסקו ביאנקו,מיליליטרים,750.00,"100 מ""ל",false,0,24.90,3.32,true,1,
7290010883042,false,סנובון נוזלי רענן 750 מל,סנו,IL,סנובון נוזלי,מיליליטרים,750.00,"100 מ""ל",false,0,7.90,1.05,true,1,
7290010883356,false,סנו סושי כפפות אלוורה XL,סנו,IL,סנו סושי כפפות,יחידה,1.00,יחידה,false,0,10.40,10.40,true,1,
7290010883363,false,סנו סושי כפפות אלוורה S,סנו,,סנו סושי כפפות,יחידה,1.00,יחידה,false,0,10.40,10.40,true,1,
7290010883370,false,סנו סושי כפפות אלוורה M,סנו,,סנו סוש כפפות,יחידה,1.00,יחידה,false,0,10.40,10.40,true,1,
7290010929573,false,רב מגב+מקל 1.50,המברשת רוחמה,IL,רב מגב+מקל1.50,יחידה,1.00,יחידה,false,0,79.90,79.90,true,1,
7290010931330,false,סלט מטבוחה 500 גרם,שטראוס,IL,סלט מטבוחה אחלה,גרמים,500.00,100 גרם,false,0,10.90,2.18,true,1,
7290010945146,false,קוטג' 3%מועשר בסידן 250ג,טרה,IL,קוטג'  3% מועשר,גרמים,250.00,100 גרם,false,0,5.20,2.08,true,1,
7290010945306,false,חלב 3% בקרטון 2 ליטר,טרה,IL,חלב 3%  בקרטון,ליטרים,2.00,ליטר,false,0,10.90,5.45,true,1,
7290010945450,false,גבינה לבנה 3% 250 גרם,טרה,IL,גבינה לבנה3%,גרמים,250.00,100 גרם,false,0,4.20,1.68,true,1,
7290010945481,false,גבינה לבנה 5% 500 גרם,טרה,IL,גבינה לבנה 5%,גרמים,500.00,100 גרם,false,0,8.40,1.68,true,1,
7290010965052,false,12 קקטוס בעציץ קמור,אלכס ודובי משתלות,IL,קקטוס בעציץ קמ,יחידה,1.00,יחידה,false,0,47.90,47.90,true,1,
7290010965205,false,10 א.ד.משתלות קבוצה,אלכס ודובי משתלות,IL,10 א.ד.קבוצה,יחידה,1.00,יחידה,false,0,59.90,59.90,true,1,
7290010970100,false,שמן שומשום כבישה קרה250מ,ג.מ.טעם הארץ,IL,שמן שומשום,מיליליטרים,250.00,"100 מ""ל",false,1,29.60,11.84,true,1,
7290010970223,false,"חומץ יין אדום 500 מ""ל",ג.מ.טעם הארץ,IL,חומץ יין אדום,מיליליטרים,500.00,"100 מ""ל",false,0,15.20,3.04,true,1,
7290010970513,false,תרסיס שמן זית טעמים200ג,ג.מ.טעם הארץ,IL,תרסיס שמן זית,גרמים,200.00,100 גרם,false,0,17.70,8.85,true,1,
7290010970537,false,תרסיס שמן קנולה 200 גרם,ג.מ.טעם הארץ,IL,תרסיס שמן קנולה,גרמים,200.00,100 גרם,false,0,17.70,8.85,true,1,
7290010984008,false,מיני מלפפונים פיקנטיים,"כד בני דרום בע""מ",IL,מיני מלפפונים,גרמים,400.00,100 גרם,false,1,10.00,2.50,true,1,
7290010984015,false,פרוסות מלפפונים בחומץ400,"כד בני דרום בע""מ",IL,פרוסות מלפפונים,גרמים,400.00,100 גרם,false,1,10.00,2.50,true,1,
7290010984046,false,חרוזי זיתים מתובלים320ג,"כד בני דרום בע""מ",IL,חרוזי זיתים,גרמים,320.00,100 גרם,false,1,10.00,3.13,true,1,
7290010984053,false,זיתי קלמטה 320 גרם,"כד בני דרום בע""מ",IL,זיתי קלמטה,גרמים,320.00,100 גרם,false,1,10.00,3.13,true,1,
7290010984060,false,זית סורי מבוקע 320 גרם,"כד בני דרום בע""מ",IL,זית סורי מבוקע,גרמים,320.00,100 גרם,false,1,10.00,3.13,true,1,
7290010984091,false,קרם חצילים אלי אוליו300ג,"כד בני דרום בע""מ",IL,קרם חצילים,גרמים,300.00,100 גרם,false,1,10.00,3.33,true,1,
7290010984145,false,פלפל שרי מתוק פיקנטי320ג,"כד בני דרום בע""מ",IL,פלפל שרי מתוק,גרמים,320.00,100 גרם,false,1,10.00,3.13,true,1,
7290010984183,false,ממרח עגבניות מיובשות155ג,"כד בני דרום בע""מ",IL,ממרח עגבניות,גרמים,155.00,100 גרם,false,1,10.00,6.45,true,1,
7290011015862,false,סירופ דיאט לימונענע750מל,פריגת,IL,סירופ לימונענע,מיליליטרים,750.00,"100 מ""ל",false,0,17.00,2.27,true,1,
7290011017606,false,פאנטה לימונדה 1.5 ליטר,החברה המרכזית לייצור משקאות,IL,פאנטה לימונדה,ליטרים,1.50,ליטר,false,0,6.90,4.60,true,1,
7290011017866,false,"סליק קוקה קולה 330מ""ל",החברה המרכזית לייצור משקאות,IL,קוקה קולה סליק,מיליליטרים,330.00,"100 מ""ל",false,0,4.50,1.36,true,1,
7290011017873,false,"סליק קוקה זירו 330 מ""ל",החברה המרכזית לייצור משקאות,IL,קוקה זירו,מיליליטרים,330.00,"100 מ""ל",false,0,4.50,1.36,true,1,
7290011018184,false,תה אפרסק,,IL,תה אפרסק,מיליליטרים,500.00,"100 מ""ל",false,0,6.80,1.36,true,1,
7290011018252,false,תה מנגו אננס,,IL,תה מנגו אננס,ליטרים,1.50,ליטר,false,0,7.10,4.73,true,1,
7290011018276,false,תה אקזוטי,,IL,תה אקזוטי,ליטרים,1.50,ליטר,false,0,7.10,4.73,true,1,
7290011018283,false,פיוז תה אפרסק,,IL,פיוז תה אפרסק,ליטרים,1.50,ליטר,false,0,7.10,4.73,true,1,
7290011018306,false,תה אפרסק דיאט,,IL,תה אפרסק דיאט,ליטרים,1.50,ליטר,false,0,7.10,4.73,true,1,
7290011018313,false,תה אפרסק 4 יח',,IL,תה אפרסק 4 יח',ליטרים,6.00,ליטר,false,0,23.60,3.93,true,1,
7290011018443,false,"סליק פאנטה אורנג' 330מ""ל",החברה המרכזית לייצור משקאות,IL,פאנטה אורנג',מיליליטרים,330.00,"100 מ""ל",false,0,4.50,1.36,true,1,
7290011018474,false,סיידר תפוחים אלכוהולי330,קרלסברג ישראל,DK,סיידר תפוחים,מיליליטרים,330.00,"100 מ""ל",false,1,9.50,2.88,true,1,
7290011018580,false,פיוז טי ענבים,,IL,פיוז טי ענבים,ליטרים,1.50,ליטר,false,0,7.10,4.73,true,1,
7290011018832,false,"קוקה קולה 330*6 מ""ל",החברה המרכזית לייצור משקאות,IL,קוקה קולה 6פחיות,ליטרים,1.98,ליטר,false,0,19.90,10.05,true,1,
7290011018917,false,"קוקה קולה זירו 330*6 מ""ל",החברה המרכזית לייצור משקאות,IL,קוקה קולה זירו6י,ליטרים,1.98,ליטר,false,0,19.90,10.05,true,1,
7290011018931,false,"קוקה קולה 250 מ""ל",החברה המרכזית לייצור משקאות,IL,קוקה קולה,מיליליטרים,250.00,"100 מ""ל",false,0,4.30,1.72,true,1,
7290011026523,false,אלדמע קמיל לפני השינה500,פישר  מעבדות  פרמצבטיות,IL,אל דמע קמיל,מיליליטרים,500.00,"100 מ""ל",false,0,20.30,4.06,true,1,
7290011026530,false,סבון קמיל לפני שינה 500מ,פישר  מעבדות  פרמצבטיות,IL,אל סבון קמיל,מיליליטרים,500.00,"100 מ""ל",false,0,20.30,4.06,true,1,
7290011051136,false,שוופס סודה 1.5*4 ליטר,יפאורה שותפות מובגלת לשיווק,IL,שוופס סודה 1.5*4 ליטר,ליטרים,6.00,ליטר,false,0,10.90,1.82,true,1,
7290011051341,false,שוופס סודה לימון 1.5*4 ל,יפאורה שותפות מובגלת לשיווק,IL,שוופס סודה לימון 1.5*4 ל,ליטרים,6.00,ליטר,false,0,10.90,1.82,true,1,
7290011051372,false,שוופס תפוח ליים מוגז1.5ל,יפאורה שותפות מובגלת לשיווק,IL,שוופס תפוח ליים,ליטרים,1.50,ליטר,false,0,6.50,4.33,true,1,
7290011051389,false,שוופס פירות יער מוגז1.5ל,יפאורה שותפות מובגלת לשיווק,IL,שוופס מוגז עדין,ליטרים,1.50,ליטר,false,0,6.50,4.33,true,1,
7290011051396,false,שוופס אפרסק מוגז 1.5ליטר,יפאורה שותפות מובגלת לשיווק,IL,שוופס אפרסק,ליטרים,1.50,ליטר,false,0,6.50,4.33,true,1,
7290011051488,false,תה ספרינג אפרסק 1.5 ליטר,יפאורה שותפות מובגלת לשיווק,IL,ספרינג תה אפרסק,ליטרים,1.50,ליטר,false,0,4.90,3.27,true,1,
7290011051495,false,תה ספרינג ירוק לימון1.5ל,יפאורה שותפות מובגלת לשיווק,IL,תה ספרינג ירוק,ליטרים,1.50,ליטר,false,0,4.90,3.27,true,1,
7290011051525,false,"ספרינג תה אפרסק 500 מ""ל",יפאורה שותפות מובגלת לשיווק,IL,ספרינג תה,מיליליטרים,500.00,"100 מ""ל",false,0,6.20,1.24,true,1,
7290011051655,false,שוופס ריזלינג מוגז 1.5ל',יפאורה שותפות מובגלת לשיווק,IL,שוופס ריזלינג,ליטרים,1.50,ליטר,false,0,6.50,4.33,true,1,
7290011051938,false,תפוזינה תפוח רענן 1.5 ל',יפאורה שותפות מובגלת לשיווק,IL,תפוזינה תפוח,ליטרים,1.50,ליטר,false,0,5.90,3.93,true,1,
7290011051990,false,RC FREE מארז 1.5*6 ל',יפאורה שותפות מובגלת לשיווק,US,FREE RC מארז6יח,ליטרים,9.00,ליטר,false,0,22.90,2.54,true,1,
7290011081256,false,גלידה משפחתית 4טעמים,שטראוס,IL,גלידה משפחתית 4טעמים,ליטרים,2.00,ליטר,false,0,25.70,12.85,true,1,
7290011081492,false,קרמיסימו שלושה שוקולדים,שטראוס,IL,קרמיסימו שלושה שוקולדים,ליטרים,1.33,ליטר,false,0,18.90,14.21,true,1,
7290011081690,false,גל.קרמיסימו צ'יפ וניל/שו,שטראוס,IL,גל.קרמיסימו צ'יפ וניל/שו,ליטרים,1.33,ליטר,false,0,18.90,14.21,true,1,
7290011097011,false,מרכך כביסה קלין ורוד 4ל',קליר כימיקלים,IL,מרכך כביסה קלין,ליטרים,4.00,ליטר,false,0,19.00,4.75,true,1,
7290011097134,false,נוזל לכלים קלין לימון850,קליר כימיקלים,IL,נוזל לכלים,מיליליטרים,850.00,"100 מ""ל",false,0,11.40,1.34,true,1,
7290011097431,false,קלין מנקה הכל תרסיס 750מ,קליר כימיקלים,IL,קלין מנקה הכל,מיליליטרים,750.00,"100 מ""ל",false,0,9.40,1.25,true,1,
7290011110000,false,חסה רומית שלמה יחידה,יגור חקלאות ועסקים,IL,חסה רומית שלמה,יחידה,1.00,יחידה,false,0,7.90,7.90,true,1,
7290011114886,false,תרסיס הגנה שקוףSPF30 200,דנאגיס,,תרסיס הגנה שקוף,מיליליטרים,200.00,"100 מ""ל",false,0,39.90,19.95,true,1,
7290011115159,false,סבון נקה 7 מועשר 4*100גר,נקה,,סבון נקה 4X 7,גרמים,400.00,100 גרם,false,0,11.90,2.98,true,1,
7290011115203,false,סבון נקה 7 לילך 100X4גר,נקה,,סבון נקה 4X 7,גרמים,400.00,100 גרם,false,0,11.90,2.98,true,1,
7290011115258,false,סבון נקה 7 ירוק 100*4 גר,נקה,,נקה 7 סבון 4 יח,גרמים,400.00,100 גרם,false,0,11.90,2.98,true,1,
7290011115272,false,סבון מוצק נקה7ירוק100*4ג,נקה,,סבון נקה 4X 7,גרמים,400.00,100 גרם,false,0,11.90,2.98,true,1,
7290011115289,false,סבון נקה 7 לילך 100X4גרם,נקה,IL,סבון נקה 4X 7,מיליליטרים,400.00,"100 מ""ל",false,0,11.90,2.98,true,1,
7290011116279,false,סקינ.ספרי שקוףSPF50 200מ,דנאגיס,,סקינגארד ספריי,מיליליטרים,200.00,"100 מ""ל",false,0,49.90,24.95,true,1,
7290011126445,false,תה צ'אי בדואי 25שק2.5Xגר,ויסוצקי,IL,תה צ'אי בדואי 25שק2.5Xגר,גרמים,62.00,100 גרם,false,0,17.50,28.23,true,1,
7290011126452,false,חליטת קמומיל+נענע 1.5X25,ויסוצקי,IL,חליטת קמומיל,גרמים,37.00,100 גרם,false,0,16.90,45.68,true,1,
7290011126469,false,חל.קמומיל+דבש גן קסום25ש,ויסוצקי,IL,חליטת קמומיל+דבש,גרמים,37.00,100 גרם,false,0,16.90,45.68,true,1,
7290011126940,false,תה ירוק מרווה 25שק1.5X'ג,ויסוצקי,IL,תה ירוק מרווה,גרמים,37.00,100 גרם,false,0,21.90,59.19,true,1,
7290011131371,false,"מיזלי קראנץ שקדים 1 ק""ג",וויטליה,PL,מיזלי שקדים,קילוגרמים,1.00,"ק""ג",false,0,20.00,20.00,true,1,
7290011131395,false,מיזלי קראנץ 30%פירות 1 ק,וויטליה,PL,מיזלי קראנץ,קילוגרמים,1.00,"ק""ג",false,0,20.00,20.00,true,1,
7290011131968,false,"גרנולה אגוזים 1 ק""ג",וויטליה,IL,גרנולה אגוזים,קילוגרמים,1.00,"ק""ג",false,0,20.00,20.00,true,1,
7290011132514,false,"בירה פאולנר 330 מ""ל",טמפו,DE,בירה פאולנר,מיליליטרים,330.00,"100 מ""ל",false,0,9.90,3.00,true,1,
7290011132774,false,"פאולנר סלבטור 330 מ""ל",טמפו,DE,פאולנר סלבטור,מיליליטרים,330.00,"100 מ""ל",false,0,9.90,3.00,true,1,
7290011133368,false,"מכבי שנדי תפוח 330*6 מ""ל",טמפו,IL,מכבי שנדי 6 יח,ליטרים,1.98,ליטר,false,0,29.90,15.10,true,1,
7290011133375,false,"מכבי שנדי אפרסק 330*6מ""ל",טמפו,IL,מכבי שנדי 6 יח,ליטרים,1.98,ליטר,false,0,29.90,15.10,true,1,
7290011154134,false,סילאן דבש תמרים צנצנת900,,IL,סילאן דבש תמרים צנצנת900,גרמים,900.00,100 גרם,false,0,13.80,1.53,true,1,
7290011154301,false,ממרח תמרים 450 ג,,,ממרח תמרים 450 ג,גרמים,450.00,100 גרם,false,0,5.90,1.31,true,1,
7290011154776,false,סילאן תמרים 670 גרם,,IL,סילאן תמרים 670 גרם,גרמים,670.00,100 גרם,false,0,15.00,2.24,true,1,
7290011194215,false,דניאלה בננה 100 גרם,שטראוס,IL,דניאלה בננה,גרמים,100.00,100 גרם,false,0,4.10,4.10,true,1,
7290011194246,false,קוטג' 5% שומן 250 גרם,שטראוס,IL,קוטג' 5% שומן,גרמים,250.00,100 גרם,false,0,5.80,2.32,true,1,
7290011194291,false,דנונה דיאט קפוצינו 150גר,שטראוס,IL,דנונה דיאט 0%,גרמים,150.00,100 גרם,false,0,4.90,3.27,true,1,
7290011194741,false,משקה אקטיביה לבן1.5% 250,שטראוס,IL,משקה אקטיביה לבן,מיליליטרים,250.00,"100 מ""ל",false,0,4.90,1.96,true,1,
7290011194840,false,אקטיביה פירות יבשים 150ג,שטראוס,IL,אקטיביה פ.יבשים,גרמים,150.00,100 גרם,false,0,5.10,3.40,true,1,
7290011223229,false,"טואלט דאק ג'ל רענן 55מ""ל",DEOFLOR,GB,דאק ג'ל טל רענן,מיליליטרים,55.00,"100 מ""ל",false,0,8.90,16.18,true,1,
7290011223243,false,טואלט דאק ג'ל לבנדר 55מל,DEOFLOR,GB,דאק ג'ל נוזלי,מיליליטרים,55.00,"100 מ""ל",false,0,8.90,16.18,true,1,
7290011223786,false,סבון פמילי מעורב3 * 500מ,אברנסל קוסמטיקס,IL,סבון פמילי,ליטרים,1.50,ליטר,false,0,12.90,8.60,true,1,
7290011236359,false,שמן זית כתית שקדיה 1ליטר,שקדיה,,שמן זית כתית,ליטרים,1.00,ליטר,false,0,34.90,34.90,true,1,
7290011308117,false,קרקר 6 דגנים 200 גרם,אפיפית,IL,קרקר 6 דגנים,גרמים,200.00,100 גרם,false,0,7.20,3.60,true,1,
7290011308179,false,קרקר חיטה מלאה+פשתן300גר,אפיפית,IL,קרקר חיטה מלאה,גרמים,300.00,100 גרם,false,0,6.90,2.30,true,1,
7290011308681,false,קרקר שום ועשבי תיבול285ג,אפיפית,IL,קרקר עשבי תיבול,גרמים,285.00,100 גרם,false,0,6.90,2.42,true,1,
7290011308780,false,בייגלה טבעות שומשום300גר,יוניליוור,IL,בייגלה טבעות,גרמים,300.00,100 גרם,false,0,7.90,2.63,true,1,
7290011308889,false,נשנושים ביס ברביקיו60גרם,יוניליוור,IL,נשנושים ביס,גרמים,60.00,100 גרם,false,0,3.90,6.50,true,1,
7290011348267,false,קציצות עדשים כתומות 500,טבעול,IL,קציצות עדשים,יחידה,1.00,יחידה,false,0,29.90,29.90,true,1,
7290011349288,false,שניצל דק בטעם חריף D700,טבעול,IL,שניצל דק צ'ילי,גרמים,700.00,100 גרם,false,0,37.00,5.29,true,1,
7290011378028,false,"חלבה ללת""ס שומ.מלא350",רושדי תעשיות מזון,IL,"חלבה ללת""ס",גרמים,350.00,100 גרם,false,0,15.80,4.51,true,1,
7290011378233,false,"חטיפי חלבה וניל ללת""ס126",רושדי תעשיות מזון,IL,"חט.חלבה ללת""ס",גרמים,126.00,100 גרם,false,0,12.40,9.84,true,1,
7290011378257,false,"חט.חלבה פקאן ללת""ס18*7גר",רושדי תעשיות מזון,IL,חטיפי חלבה 7 יח,גרמים,125.00,100 גרם,false,0,12.40,9.92,true,1,
7290011378769,false,חטיפי חלבה וניל 7יח18*גר,רושדי תעשיות מזון,IL,חטיפי חלבה 7 יח,גרמים,126.00,100 גרם,false,0,12.40,9.84,true,1,
7290011378776,false,חטיפי חלבה פיסטוק 18*7 ג,רושדי תעשיות מזון,IL,חטיפי חלבה 7 יח,גרמים,126.00,100 גרם,false,0,12.40,9.84,true,1,
7290011378783,false,חטיף חלבה שוקו וניל18*7ג,רושדי תעשיות מזון,IL,חטיפי חלבה 7 יח,גרמים,126.00,100 גרם,false,0,12.40,9.84,true,1,
7290011378950,false,חט.חלבה וניל+פקאן 18*7גר,רושדי תעשיות מזון,IL,חטיפי חלבה 7 יח,גרמים,126.00,100 גרם,false,0,12.40,9.84,true,1,
7290011379018,false,פטריות מארז משפחתי יח',מרינה,IL,פטריות מארז משפחתי יח',יחידה,1.00,יחידה,false,0,14.90,14.90,true,1,
7290011435226,false,דבש לחיץ מפרחי בר 650גרם,יד מרדכי,IL,דבש לחיץ,גרמים,650.00,100 גרם,false,0,33.90,5.22,true,1,
7290011438128,false,משקה חלב שוקו בקבוק 350מ,יטבתה,IL,משקה חלב שוקו,מיליליטרים,350.00,"100 מ""ל",false,0,6.10,1.74,true,1,
7290011442040,false,סופט מרכך מרוכז ורוד 1ל,קומפלקס כימיקלים,IL,סופר מרכך מרוכז,ליטרים,1.00,ליטר,false,1,9.90,9.90,true,1,
7290011442941,false,"סבון לידיים 500*3מ""ל",קומפלקס כימיקלים,IL,שלישיית סבון,ליטרים,1.50,ליטר,false,1,13.80,9.20,true,1,
7290011447120,false,מטרנה מהדרין ללא שלב700ג,נסטלה,IL,מטרנה מהדרין,גרמים,700.00,100 גרם,false,0,50.90,7.27,true,1,
7290011447267,false,מטרנה חלבי שלב 1 700ג,נסטלה,IL,מטרנה חלבי,גרמים,700.00,100 גרם,false,0,54.90,7.84,true,1,
7290011447281,false,מטרנה חלבי שלב 2 700ג,נסטלה,IL,מטרנה חלבי שלב 2,גרמים,700.00,100 גרם,false,0,54.90,7.84,true,1,
7290011447304,false,מטרנה חלבי שלב 3 700ג,נסטלה,IL,מטרנה חלבי שלב 3,גרמים,700.00,100 גרם,false,0,54.90,7.84,true,1,
7290011447359,false,מטרנה מהדרין שלב 1 700גר,נסטלה,IL,מטרנה מהדרין,גרמים,700.00,100 גרם,false,0,49.90,7.13,true,1,
7290011447373,false,מטרנה מהדרין שלב 2 700גר,נסטלה,IL,מטרנה מהדרין,גרמים,700.00,100 גרם,false,0,49.90,7.13,true,1,
7290011468002,false,טחינה גולמית הנסיך500גרם,הנסיך,IL,טחינה הנסיך,גרמים,500.00,100 גרם,false,0,10.00,2.00,true,1,
7290011468026,false,טחינה נסיך שומשום מלא500,הנסיך,IL,טחינה הנסיך,גרמים,500.00,100 גרם,false,0,10.00,2.00,true,1,
7290011468040,false,טחינה  עם עשבי תיבול500ג,הנסיך,IL,טחינה עשבי תיבול,גרמים,500.00,100 גרם,false,1,10.00,2.00,true,1,
7290011468057,false,"טחינה גולמית הנסיך 1 ק""ג",הנסיך,IL,טחינה גולמית,קילוגרמים,1.00,"ק""ג",false,0,25.90,25.90,true,1,
7290011473068,false,אורז מעורב,,IT,אורז מעורב,גרמים,500.00,100 גרם,false,0,17.60,3.52,true,1,
7290011473099,false,אורז עגול,,IT,אורז עגול,גרמים,500.00,100 גרם,false,0,10.80,2.16,true,1,
7290011473129,false,גרעיני חמניות,,US,גרעיני חמניות,גרמים,300.00,100 גרם,false,0,10.80,3.60,true,1,
7290011473181,false,עדשים שחורים,,NL,עדשים שחורים,גרמים,500.00,100 גרם,false,0,16.40,3.28,true,1,
7290011473198,false,עדשים אורגנים,,,עדשים אורגנים,גרמים,500.00,100 גרם,false,0,13.20,2.64,true,1,
7290011473204,false,עדשים ירוקים,,TR,עדשים ירוקים,גרמים,500.00,100 גרם,false,0,14.20,2.84,true,1,
7290011473211,false,עדשים אדומים,,,עדשים אדומים,גרמים,500.00,100 גרם,false,0,12.40,2.48,true,1,
7290011473242,false,פשתן אורגני,,,פשתן אורגני,גרמים,500.00,100 גרם,false,0,11.50,2.30,true,1,
7290011473259,false,פשתן אורגני,,,פשתן אורגני,גרמים,350.00,100 גרם,false,0,10.90,3.11,true,1,
7290011473273,false,בורגול אורגני,,TR,בורגול אורגני,גרמים,500.00,100 גרם,false,0,9.60,1.92,true,1,
7290011473297,false,גריסי פנינה,,US,גריסי פנינה,גרמים,500.00,100 גרם,false,0,10.60,2.12,true,1,
7290011473327,false,שעועית מש,,US,שעועית מש,גרמים,500.00,100 גרם,false,0,14.20,2.84,true,1,
7290011473372,false,אבקת חרובים,,ES,אבקת חרובים,גרמים,400.00,100 גרם,false,0,14.70,3.68,true,1,
7290011473389,false,קמח כוסמין 500גר,,IL,קמח כוסמין 500גר,גרמים,500.00,100 גרם,false,0,14.80,2.96,true,1,
7290011473433,false,כוסמת אורגני,,US,כוסמת אורגני,גרמים,500.00,100 גרם,false,0,11.50,2.30,true,1,
7290011473464,false,סובין אורגני,,GB,סובין אורגני,גרמים,400.00,100 גרם,false,0,10.80,2.70,true,1,
7290011473471,false,אורז בסמטי לבן,,IN,אורז בסמטי לבן,גרמים,500.00,100 גרם,false,0,16.80,3.36,true,1,
7290011473488,false,קמח אורז מלא,,,קמח אורז מלא,גרמים,500.00,100 גרם,false,0,11.10,2.22,true,1,
7290011473495,false,שמרי בירה פתיתים,,IL,שמרי בירה פתיתים,גרמים,200.00,100 גרם,false,0,24.70,12.35,true,1,
7290011473532,false,סוכר ענבים,,,סוכר ענבים,גרמים,500.00,100 גרם,false,0,11.10,2.22,true,1,
7290011473556,false,סוכר פירות,,,סוכר פירות,גרמים,500.00,100 גרם,false,0,18.70,3.74,true,1,
7290011473570,false,קמח חומוס,,,קמח חומוס,גרמים,500.00,100 גרם,false,0,12.70,2.54,true,1,
7290011473587,false,נבט חיטה,,,נבט חיטה,גרמים,250.00,100 גרם,false,0,7.50,3.00,true,1,
7290011473709,false,קינואה אורגנית,,BO,קינואה אורגנית,קילוגרמים,1.00,"ק""ג",false,0,33.90,33.90,true,1,
7290011473754,false,תאנים מיובשות,,,תאנים מיובשות,גרמים,250.00,100 גרם,false,0,19.30,7.72,true,1,
7290011473761,false,צימוקים אורגנים,,,צימוקים אורגנים,גרמים,250.00,100 גרם,false,0,15.90,6.36,true,1,
7290011473778,false,משמש מיובש,,,משמש מיובש,גרמים,250.00,100 גרם,false,0,19.90,7.96,true,1,
7290011473860,false,שמרי בירה אבקה,,IL,שמרי בירה אבקה,גרמים,250.00,100 גרם,false,0,24.70,9.88,true,1,
7290011473877,false,קינואה אדומה אורגני 500,יורופנה,BO,קינוא אדומה,גרמים,500.00,100 גרם,false,0,24.90,4.98,true,1,
7290011473884,false,קינואה שחורה אורגני 500,יורופנה,BO,קינוא שחורה,גרמים,500.00,100 גרם,false,0,24.90,4.98,true,1,
7290011474096,false,סולת חיטה מלאה,,,סולת חיטה מלאה,גרמים,500.00,100 גרם,false,0,9.90,1.98,true,1,
7290011474133,false,תערובת למג'דרה,,US,תערובת למג'דרה,גרמים,500.00,100 גרם,false,0,15.20,3.04,true,1,
7290011474362,false,קמח עדשים,,IL,קמח עדשים,גרמים,500.00,100 גרם,false,0,15.80,3.16,true,1,
7290011474379,false,קמח כוסמת תבואות,,,קמח כוסמת תבואות,גרמים,500.00,100 גרם,false,0,12.40,2.48,true,1,
7290011474478,false,גרעיני צ'יה,,IL,גרעיני צ'יה,גרמים,300.00,100 גרם,false,0,22.90,7.63,true,1,
7290011474676,false,תערובת קדירה,,,תערובת קדירה,גרמים,500.00,100 גרם,false,0,17.20,3.44,true,1,
7290011474683,false,מג'דרה קינואה,,,מג'דרה קינואה,גרמים,500.00,100 גרם,false,0,23.30,4.66,true,1,
7290011474713,false,שבבי סויה,,IL,שבבי סויה,גרמים,200.00,100 גרם,false,0,7.40,3.70,true,1,
7290011474843,false,גוגי ברי,,IL,גוגי ברי,גרמים,200.00,100 גרם,false,0,23.70,11.85,true,1,
7290011474959,false,חיטה פריקה טיב הטבע 500,תבואות בר,EG,חיטה פריקה,גרמים,500.00,100 גרם,false,1,14.90,2.98,true,1,
7290011499051,false,פטה כבשים 20% 250ג,מחלבות גד,IL,פטה כבשים,גרמים,250.00,100 גרם,false,0,22.90,9.16,true,1,
7290011499105,false,גבינה בולגרית 5% 250 גרם,מחלבות גד,IL,גבינה בולגרית 5%,גרמים,250.00,100 גרם,false,0,21.90,8.76,true,1,
7290011499129,false,קוב.בולג.מעודנת 5% 200ג,מחלבות גד,IL,קוביות בולגרית,גרמים,200.00,100 גרם,false,0,16.90,8.45,true,1,
7290011499273,false,גב.ריקוטה מלוחה 5% 250ג,מחלבות גד,IL,ריקוטה מלוחה5%,גרמים,250.00,100 גרם,false,0,14.10,5.64,true,1,
7290011499303,false,בולגרית מעודנ.עזים5% 250,מחלבות גד,,בולגרית מעודנת,גרמים,250.00,100 גרם,false,0,26.70,10.68,true,1,
7290011499327,false,גב.בולגרית מעודנת5% 250ג,מחלבות גד,,בולגרית מעודנת5%,גרמים,250.00,100 גרם,false,0,20.90,8.36,true,1,
7290011499334,false,גבינת קממבר צאן 125 גרם,מחלבות גד,IL,גבינת קממבר,גרמים,125.00,100 גרם,false,0,17.70,14.16,true,1,
7290011499341,false,גבינת קשקאבל26% 250 גרם,מחלבות גד,IL,גבינת קשקאבל,גרמים,250.00,100 גרם,false,0,29.80,11.92,true,1,
7290011499365,false,חלומי גד גב.קשה 24% 200ג,מחלבות גד,IL,חלומי גד 24%,גרמים,200.00,100 גרם,false,0,19.60,9.80,true,1,
7290011499419,false,גב.שמנת ט.טבעי5% 200גרם,מחלבות גד,IL,גבינת שמנת גד5%,גרמים,200.00,100 גרם,false,0,11.40,5.70,true,1,
7290011499433,false,גבינת שמנת זיתים5% 200גר,מחלבות גד,IL,גבינת שמנת גד 5%,גרמים,200.00,100 גרם,false,0,11.40,5.70,true,1,
7290011499525,false,לאבנה דרוזית 9% 500 גרם,מחלבות גד,IL,לאבנה דרוזית 9%,גרמים,500.00,100 גרם,false,0,18.80,3.76,true,1,
7290011499846,false,ריקוטה פרסקה 9%,,,ריקוטה פרסקה 9%,גרמים,300.00,100 גרם,false,0,16.80,5.60,true,1,
7290011501570,false,"מיץ שזיפים 946 מ""ל",,IL,"מיץ שזיפים 946 מ""ל",מיליליטרים,946.00,"100 מ""ל",false,0,15.30,1.62,true,1,
7290011501594,false,תערובת בריאות פ.אקזוטיים,דין שיווק,IL,תערובת בריאות פ.אקזוטיים,גרמים,800.00,100 גרם,false,0,17.90,2.24,true,1,
7290011501617,false,חמוציות דל סוכר 250גרם,שקדיה,IL,חמוציות דל סוכר,גרמים,250.00,100 גרם,false,0,19.70,7.88,true,1,
7290011505561,false,סינר ויניל עם כיס נובי,LTD E.L.CO,CN,סינר לתינוק,יחידה,1.00,יחידה,false,0,42.90,42.90,true,1,
7290011505936,false,בקבוק ספורט מצויר,LTD E.L.CO,CN,בקבוק נובי,יחידה,1.00,יחידה,false,0,20.00,20.00,true,1,
7290011515683,false,מאגדת אקסטרים וניל 6יח,נסטלה,IL,מאגדת אקסטרים וניל 6יח,גרמים,432.00,100 גרם,false,0,33.90,7.85,true,1,
7290011518561,false,"אקטימל תות 100*14 מ""ל",שטראוס,IL,אקטימל מארז14יח',ליטרים,1.40,ליטר,false,0,29.90,21.36,true,1,
7290011522582,false,מסכה לשיער צבוע סטייל500,גורי,IL,מסכה לשיער סטייל,מיליליטרים,500.00,"100 מ""ל",false,0,19.90,3.98,true,1,
7290011525323,false,קמיל בלו שיבולת שועל500מ,פישר  מעבדות  פרמצבטיות,IL,קמיל בלו אל סבון,מיליליטרים,500.00,"100 מ""ל",false,0,24.90,4.98,true,1,
7290011525712,false,אלסבון קמיל לפני השינה1ל,פישר  מעבדות  פרמצבטיות,IL,אלסבון קמיל,ליטרים,1.00,ליטר,false,0,21.90,21.90,true,1,
7290011525729,false,שמפו קמיל לפני השינה 1ל',פישר  מעבדות  פרמצבטיות,IL,שמפו קמיל בלו,ליטרים,1.00,ליטר,false,0,21.90,21.90,true,1,
7290011556648,false,תרכיז שקדים,,,תרכיז שקדים,מיליליטרים,750.00,"100 מ""ל",false,0,16.90,2.25,true,1,
7290011570132,false,"קמח נטול גלוטן 1 ק""ג",גלעם,IL,קמח נטול גלוטן,קילוגרמים,1.00,"ק""ג",false,0,4.90,4.90,true,1,
7290011575854,false,הפי פרפקט למדיח 40 טב,קלרו,AT,הפי טבליות למדיח,יחידה,1.00,יחידה,false,0,37.90,37.90,true,1,
7290011587581,false,פילה אנשובי צנצנת 100גרם,אינוורסינס פריסקו,PE,פילה אנשובי,גרמים,100.00,100 גרם,false,1,12.90,12.90,true,1,
7290011587598,false,פילה אנשובי 45 גרם,אינוורסינס פריסקו,PE,פילה אנשובי,גרמים,45.00,100 גרם,false,0,6.90,15.33,true,1,
7290011587857,false,עגבניות מיובשות בשמן 250,סנטו דידה סאן,TR,עגבניות מיובשות,גרמים,250.00,100 גרם,false,1,11.90,4.76,true,1,
7290011593155,false,"שמן זית ברנע     מ""ל",,IL,"שמן זית ברנע     מ""ל",מיליליטרים,500.00,"100 מ""ל",false,0,24.80,4.96,true,1,
7290011598211,false,סנו אנטי קאלק נ.כללי700מ,סנו,IL,סנו אנטי קאלק,מיליליטרים,700.00,"100 מ""ל",false,0,11.90,1.70,true,1,
7290011598372,false,מטלית רצפה פרופשיונל,סנו,IL,מטלית לרצפה,יחידה,1.00,יחידה,false,0,10.00,10.00,true,1,
7290011598402,false,מרכך מקסימה מאסק 4 ל',סנו,,מרכך כביסה,ליטרים,4.00,ליטר,false,0,18.50,4.63,true,1,
7290011598457,false,נייר טואלט סופט,,IL,נייר טואלט סופט,מטרים,883.00,100 מטר,false,0,37.90,4.29,true,1,
7290011607197,false,"א.כביסה קולון 101 5 ק""ג",רקיט בנקיזר,,אבקת כביסה קולון,קילוגרמים,5.00,"ק""ג",false,0,29.90,5.98,true,1,
7290011615062,false,לורפק ללא מלח,,DK,לורפק ללא מלח,גרמים,500.00,100 גרם,false,0,25.90,5.18,true,1,
7290011615925,false,סרדין בשמן זית,,PH,סרדין בשמן זית,גרמים,110.00,100 גרם,false,0,6.90,6.27,true,1,
7290011618025,false,בייבי ביס טעם טבעי 50 גר,want-want,CN,בייבי ביס,גרמים,50.00,100 גרם,false,0,11.90,23.80,true,1,
7290011618124,false,בייבי ביס טעם ירקות 50 ג,want-want,CN,בייבי ביס טעם ירקות 50 ג,גרמים,50.00,100 גרם,false,0,11.90,23.80,true,1,
7290011618131,false,בייבי ביס טעם גזר 50 גרם,want-want,IL,בייבי ביס,גרמים,50.00,100 גרם,false,0,11.90,23.80,true,1,
7290011618162,false,ביסקו.שוק.שמנת זביונה180,TAGO,PL,ביסקוויט שוקולד,גרמים,180.00,100 גרם,false,0,11.90,6.61,true,1,
7290011618445,false,2מכסים רב פעמי פרש וואנס,איזי לייף,IL,2מכסים רב פעמי פרש וואנס,יחידה,1.00,יחידה,false,0,10.00,10.00,true,1,
7290011618636,false,רייד נוזל מילוי 45 לילות,אס סי ג'ונסון,CN,רייד נוזל מילוי,יחידה,1.00,יחידה,false,1,19.90,19.90,true,1,
7290011618841,false,דאק סטריפ סבון לבנדר10יח,ג'ונסון,MX,דאק סטריפ,גרמים,100.00,100 גרם,false,0,10.00,10.00,true,1,
7290011622305,false,רביעיית כתמתמים,,IL,רביעיית כתמתמים,גרמים,80.00,100 גרם,false,0,12.90,16.13,true,1,
7290011622398,false,ראשונים דגנים לפעוט 200ג,אשבל,IL,דגני בוקר לפעוט,גרמים,200.00,100 גרם,false,1,14.90,7.45,true,1,
7290011622428,false,חטיף בריאות,,,חטיף בריאות,גרמים,45.00,100 גרם,false,0,5.80,12.89,true,1,
7290011668570,false,חגיגת גרנולה פ.יבשים500ג,אפקט טבעי,IL,חגיגת גרנולה,גרמים,500.00,100 גרם,false,0,23.90,4.78,true,1,
7290011668587,false,גרנולה עשירה 500 גרם,אפקט טבעי,IL,גרנולה עשירה,גרמים,500.00,100 גרם,false,0,23.90,4.78,true,1,
7290011668594,false,תוספת בריאה לסלט 550 גרם,אפקט טבעי,IL,תוספת בריאה לסלט,גרמים,550.00,100 גרם,false,0,29.90,5.44,true,1,
7290011716097,false,פנקו יפני בטעם גריל300גר,,,פנקו יפני בטעם גריל300גר,גרמים,300.00,100 גרם,false,0,7.10,2.37,true,1,
7290011743833,false,משחה סנסודיין פרונמל75מל,גלקסוסמיתקליין,GB,משחת שיניים,מיליליטרים,75.00,"100 מ""ל",false,0,16.90,22.53,true,1,
7290011744885,false,מש.אקווה פרש לשיני חלב50,גלקסוסמיתקליין,GB,משחת שיניים,מיליליטרים,50.00,"100 מ""ל",false,0,13.60,27.20,true,1,
7290011744892,false,משחת אקווה פרש ג'וניור50,גלקסוסמיתקליין,,משחת שיניים א.פ,מיליליטרים,50.00,"100 מ""ל",false,0,13.60,27.20,true,1,
7290011745714,false,משחה אקווה פרש מרענן100מ,גלקסוסמיתקליין,GB,משחת שיניים,מיליליטרים,100.00,"100 מ""ל",false,0,11.80,11.80,true,1,
7290011765071,false,ג'ל גילוח קרמה רגיל 200מ,קוסמופארם,IL,ג'ל גילוח קרמה,מיליליטרים,200.00,"100 מ""ל",false,0,12.90,6.45,true,1,
7290011765088,false,ג'ל גילוח קרמה COOL 200מ,קוסמופארם,IL,ג'ל גילוח קרמה,מיליליטרים,200.00,"100 מ""ל",false,0,12.90,6.45,true,1,
7290011765354,false,מברשת שיניים אורביטול,קוסמופארם,IL,מברשת שיניים,יחידה,1.00,יחידה,false,0,9.80,9.80,true,1,
7290011765392,false,שמ.כיף ילדים בוב ספוג750,קוסמופארם,IL,שמפו כיף ילדים,מיליליטרים,750.00,"100 מ""ל",false,0,10.00,1.33,true,1,
7290011765408,false,שמפו+מרכ.כיף בוב ספוג750,קוסמופארם,IL,שמפו+מרכך כיף,מיליליטרים,750.00,"100 מ""ל",false,0,10.00,1.33,true,1,
7290011765422,false,אלסבון כיף בוב ספוג750מל,קוסמופארם,IL,אלסבון כיף,מיליליטרים,750.00,"100 מ""ל",false,0,10.00,1.33,true,1,
7290011765446,false,משחה אורביטול ענבים 70 ג,קוסמופארם,IL,משחת שיניים,גרמים,70.00,100 גרם,false,0,6.90,9.86,true,1,
7290011800642,false,סלט מטבוחה רפי כהן 400גר,צבר,IL,סלט מטבוחה,גרמים,400.00,100 גרם,false,0,11.90,2.98,true,1,
7290011800703,false,פלפלים קלויים רפי כהן400,צבר,IL,סלט פלפלים,גרמים,400.00,100 גרם,false,0,11.90,2.98,true,1,
7290011800826,false,חציל בטחינה רפי כהן 400ג,צבר,IL,סלט חציל בטחינה,גרמים,400.00,100 גרם,false,0,11.90,2.98,true,1,
7290011800840,false,טחינה בלאדי רפי כהן 400ג,צבר,IL,סלט טחינה בלאדי,גרמים,400.00,100 גרם,false,0,11.90,2.98,true,1,
7290011800864,false,חציל בשמן זית רפי כהן400,צבר,IL,סלט חציל צבר,גרמים,400.00,100 גרם,false,0,11.90,2.98,true,1,
7290011830014,false,פסטה קמח דורום פוסילי500,השדה מוצרים אורגניים,IT,פסטה פוסילי,גרמים,500.00,100 גרם,false,0,9.80,1.96,true,1,
7290011830106,false,דובשניות אורגני,,IL,דובשניות אורגני,גרמים,300.00,100 גרם,false,0,13.60,4.53,true,1,
7290011830113,false,דובשניות אורגני,,IL,דובשניות אורגני,גרמים,300.00,100 גרם,false,0,16.10,5.37,true,1,
7290011830182,false,פסטה פוזילי כוסמין אורגנ,השדה מוצרים אורגניים,HU,פסטה פוזילי כוסמ,גרמים,400.00,100 גרם,false,0,19.90,4.98,true,1,
7290011830205,false,פסטה פטוצ'יני כוסמין350ג,השדה מוצרים אורגניים,HU,פסטה פטוצ'יני,גרמים,350.00,100 גרם,false,0,19.90,5.69,true,1,
7290011830236,false,בייגלה אורגני,,IL,בייגלה אורגני,גרמים,200.00,100 גרם,false,0,16.50,8.25,true,1,
7290011830267,false,אטריות מאורז מלא 250 גר,השדה מוצרים אורגניים,CN,אטריות מאורז מלא,גרמים,250.00,100 גרם,false,0,12.50,5.00,true,1,
7290011830472,false,עוגיות בצורת אותיות 250ג,השדה מוצרים אורגניים,IL,עוגיות אורגניות,גרמים,250.00,100 גרם,false,0,12.50,5.00,true,1,
7290011830489,false,עוגיות אורגניות חרוב250ג,השדה מוצרים אורגניים,IL,עוגיות אורגניות,גרמים,250.00,100 גרם,false,0,12.50,5.00,true,1,
7290011830526,false,מיני פריכיות אורז מלא 80,השדה מוצרים אורגניים,IL,מיני פריכיות,גרמים,80.00,100 גרם,false,0,9.90,12.38,true,1,
7290011830830,false,צ'יקי מאנקי חטיף בוטנ20ג,השדה מוצרים אורגניים,IL,צ'יקי מאנקי,גרמים,20.00,100 גרם,false,0,2.90,14.50,true,1,
7290011830991,false,חטיף בוטנים,,IL,חטיף בוטנים,גרמים,60.00,100 גרם,false,0,5.90,9.83,true,1,
7290011860271,false,ביסבול טבעי 700 גרם,תפוגן,IL,ביסבול טבעי,גרמים,700.00,100 גרם,false,0,15.80,2.26,true,1,
7290011860301,false,ביסבול תירס 700 גרם,תפוגן,IL,ביסבול תירס,גרמים,700.00,100 גרם,false,0,15.80,2.26,true,1,
7290011860721,false,"פלחים-פלחי תפו""א 700 גרם",תפוגן,IL,"פלחי תפו""א",גרמים,700.00,100 גרם,false,0,13.30,1.90,true,1,
7290011860752,false,ביסבול בטטה 700 גרם,תפוגן,IL,ביסבול בטטה,גרמים,700.00,100 גרם,false,0,15.80,2.26,true,1,
7290011870249,false,12 סוללות פוג'י AAA,פוג'יקום,CN,סוללות פוג'י,יחידה,1.00,יחידה,false,0,14.90,14.90,true,1,
7290011876388,false,קציצות עוף ובקר 600גרם,מאמא עוף,IL,קציצות עוף ובקר,גרמים,600.00,100 גרם,false,0,34.40,5.73,true,1,
7290011877101,false,"סנומוד ניחוח מאסק 150מ""ל",סנו,IL,סנומוד,מיליליטרים,150.00,"100 מ""ל",false,0,9.90,6.60,true,1,
7290011877156,false,"סנו פרש ענק מאסק 375 מ""ל",סנו,,סנו פרש ענק,מיליליטרים,375.00,"100 מ""ל",false,0,9.80,2.61,true,1,
7290011877828,false,מגבוני כיף בוב ספוג72*4,קוסמופארם,IL,מגבונים לחים,יחידה,1.00,יחידה,false,0,20.00,20.00,true,1,
7290011877835,false,2 שקיות ואקום לאיחסוןXXL,סנו,IL,שקיות איחסון,יחידה,1.00,יחידה,false,0,23.90,23.90,true,1,
7290011877859,false,סנו אינסטלטור 200 גרם,סנו,IL,סנו אינסטלטור,גרמים,200.00,100 גרם,false,0,13.40,6.70,true,1,
7290011877866,false,"א.כביסה מקסימה מאסק 6ק""ג",סנו,IL,אבקת כביסה,קילוגרמים,6.00,"ק""ג",false,0,44.90,7.48,true,1,
7290011877927,false,מי פה אורביטול כחול 500מ,קוסמופארם,IL,מי פה אורביטול,מיליליטרים,500.00,"100 מ""ל",false,0,20.00,4.00,true,1,
7290011912680,false,מי פה ליסטרין500+250TAGD,ג'ונסון,,מי פה ליסטרין,מיליליטרים,750.00,"100 מ""ל",false,0,48.90,6.52,true,1,
7290011923273,false,טופו אורגני-ליב 300 גרם,,IL,טופו אורגני-ליב 300 גרם,גרמים,300.00,100 גרם,false,0,13.40,4.47,true,1,
7290011923303,false,טופו טיבעי 300 גרם,,IL,טופו טיבעי 300 גרם,גרמים,300.00,100 גרם,false,0,11.40,3.80,true,1,
7290011931179,false,שמפו מתיר קשר אזורה 750מ,"ביסקול בע""מ",IL,שמפו מתיר קשר אזורה 750מ,מיליליטרים,750.00,"100 מ""ל",false,0,9.90,1.32,true,1,
7290011931865,false,מש.לתינוק פלצ'ה אזורה100,"ביסקול בע""מ",IL,משחה לתינוק,מיליליטרים,100.00,"100 מ""ל",false,0,8.90,8.90,true,1,
7290011947262,false,זית ירוק בתיבול גלילי217,זיתא,,זית ירוק בתיבול,גרמים,217.00,100 גרם,false,0,7.90,3.64,true,1,
7290011964542,false,פפריקה מתוקה מיכל 400 גר,תבליני טעם וריח,IL,פפריקה מתוקה,גרמים,400.00,100 גרם,false,0,24.70,6.18,true,1,
7290011964603,false,כורכום מיכל 400 גרם,תבליני טעם וריח,IL,כורכום מיכל,גרמים,400.00,100 גרם,false,0,24.70,6.18,true,1,
7290011964658,false,מלח לימון 170 גרם,תבליני טעם וריח,IL,מלח לימון,גרמים,170.00,100 גרם,false,0,10.80,6.35,true,1,
7290011969417,false,צלחות קטנות כרם,,IL,צלחות קטנות כרם,יחידה,1.00,יחידה,false,0,7.00,7.00,true,1,
7290011971700,false,לחם השלושה אורגני 750גרם,הרדוף,IL,לחם השלושה ארגני,גרמים,750.00,100 גרם,false,0,15.90,2.12,true,1,
7290012001994,false,חרדל דיז'ון ריין 350 גרם,ריין דיג'ון,FR,חרדל דיז'ון ריין,גרמים,350.00,100 גרם,false,0,10.00,2.86,true,1,
7290012019258,false,"רסק תפו""ע 113X4 גרם",GROWERS CHERRY,US,"רסק תפו""ע",גרמים,454.00,100 גרם,false,0,10.60,2.33,true,1,
7290012019265,false,"רסק תפו""ע ללת""ס 113*4 גר",GROWERS CHERRY,US,"רסק תפו""ע ללת""ס",גרמים,454.00,100 גרם,false,0,10.60,2.33,true,1,
7290012019388,false,סלמון במיץ טבעי 213 גרם,SEAFOODS ICICLE,US,סלמון במיץ טבעי,גרמים,213.00,100 גרם,false,0,11.80,5.54,true,1,
7290012022005,false,קריספיות טבעי,דילייט,IL,קריספיות טבעי,גרמים,60.00,100 גרם,false,0,11.90,19.83,true,1,
7290012022050,false,קריספיות מרובה דגנים 75,דילייט,IL,קריספיות דגנים,גרמים,75.00,100 גרם,false,0,13.90,18.53,true,1,
7290012022067,false,קריספיות קידס 30 גרם,דילייט,IL,קריספיות קידס 30 גרם,גרמים,30.00,100 גרם,false,0,10.90,36.33,true,1,
7290012086113,false,שרי אשכולות מובחר יחידה,קטיף,IL,שרי אשכולות יח,יחידה,1.00,יחידה,false,0,8.90,8.90,true,1,
7290012115035,false,מברשת אורביטול מס' 980,קוסמופארם,IL,מברשת אורביטול,יחידה,1.00,יחידה,false,0,12.90,12.90,true,1,
7290012116025,false,"שמפו כיף פיות 750 מ""ל",קוסמופארם,IL,שמפו כיף,מיליליטרים,750.00,"100 מ""ל",false,0,10.00,1.33,true,1,
7290012116063,false,אלסב.כיף פיות קמומיל750מ,קוסמופארם,IL,אל סבון כיף,מיליליטרים,750.00,"100 מ""ל",false,0,10.00,1.33,true,1,
7290012116360,false,פוליויקס גרניט פורצלן2ל',סנו,IL,סנו פוליויקס,ליטרים,2.00,ליטר,false,0,21.70,10.85,true,1,
7290012116551,false,"סנו אנטי קאלק רב""ש 2ליטר",סנו,IL,סנו אנטי קאלק,ליטרים,2.00,ליטר,false,0,20.90,10.45,true,1,
7290012116612,false,4 מברשות שיניים אורביטול,קוסמופארם,,4 מברשות שיניים,יחידה,1.00,יחידה,false,0,10.00,10.00,true,1,
7290012116629,false,סנו די לתינוקות לילדים50,סנו,IL,סנו די לתינוקות,מיליליטרים,50.00,"100 מ""ל",false,0,18.60,37.20,true,1,
7290012116735,false,נ.טואלט סופט 24גליל כפול,סנו,IL,נייר טואלט סופט,מטרים,900.00,100 מטר,false,0,35.90,3.99,true,1,
7290012117039,false,"סנו""00"" לניקוי אמבטיה 1ל",סנו,IL,"סנו ""00"" לאמבטיה",ליטרים,1.00,ליטר,false,0,7.90,7.90,true,1,
7290012117046,false,סושי60שקיות אשפה ירוקות,סנו,IL,שקיות סנו סושי,יחידה,1.00,יחידה,false,0,21.90,21.90,true,1,
7290012117091,false,אב.כביסה מקסימה,,IL,אב.כביסה מקסימה,קילוגרמים,6.00,"ק""ג",false,0,44.90,7.48,true,1,
7290012117275,false,סנוקליר שקית מילוי 750מל,סנו,IL,סנוקליר מילוי,מיליליטרים,750.00,"100 מ""ל",false,0,5.90,0.79,true,1,
7290012117350,false,סנו ריצפז פרש לילך 2ליטר,סנו,,סנו ריצפז,ליטרים,2.00,ליטר,false,0,18.70,9.35,true,1,
7290012117381,false,קרמה ג'ל אחר גילוח רג150,קוסמופארם,IL,קרמה ג'ל לגילוח,מיליליטרים,150.00,"100 מ""ל",false,0,31.70,21.13,true,1,
7290012117398,false,קרמה ג'ל אחר גילוח עד150,קוסמופארם,,קרמה ג'ל גילוח,מיליליטרים,150.00,"100 מ""ל",false,0,31.70,21.13,true,1,
7290012117428,false,קרמה ג'ל רח.ושמפו גבר700,קוסמופארם,IL,קרמה ג'ל רחצה,מיליליטרים,700.00,"100 מ""ל",false,0,14.90,2.13,true,1,
7290012117466,false,קרמה ת.רחצה פנים אשכולית,קוסמופארם,IL,תרחיץ פנים קרמה,מיליליטרים,180.00,"100 מ""ל",false,0,12.90,7.17,true,1,
7290012117534,false,מרכ.מקסימה ס.מרוכז קול1ל,סנו,IL,מקסימה ס.מרוכז,ליטרים,1.00,ליטר,false,0,15.90,15.90,true,1,
7290012117626,false,אורביטול קיד מי פה 250מל,קוסמופארם,,אורביטול מי פה,מיליליטרים,250.00,"100 מ""ל",false,0,11.90,4.76,true,1,
7290012117633,false,אורביטול קיד מי פה 250מל,קוסמופארם,IL,מי פה אורביטול,מיליליטרים,250.00,"100 מ""ל",false,0,11.90,4.76,true,1,
7290012117831,false,מברשת אורביטול מס' 808,קוסמופארם,CN,מברשת אורביטול,יחידה,1.00,יחידה,false,0,12.90,12.90,true,1,
7290012117916,false,אינסטלטור נוזלי,,IL,אינסטלטור נוזלי,ליטרים,1.00,ליטר,false,0,29.60,29.60,true,1,
7290012139208,false,מטרנה אקסטרה קר שלב1 400,נסטלה,IL,מטרנה אקסטרה,גרמים,400.00,100 גרם,false,0,42.70,10.68,true,1,
7290012139482,false,בונזו ג'וי+עצם מעושנת160,Yang Ping,CN,בונזו ג'וי,גרמים,160.00,100 גרם,false,0,17.90,11.19,true,1,
7290012159275,false,מיונז לינה,,LE,מיונז לינה,גרמים,430.00,100 גרם,false,0,7.90,1.84,true,1,
7290012159404,false,לבבות דקל שלם,,IL,לבבות דקל שלם,גרמים,400.00,100 גרם,false,0,9.40,2.35,true,1,
7290012193125,false,סוכרלוז 150 טבליות,"קיפל טבליות וממתיקים בע""מ",IL,סוכרלוז,יחידה,1.00,יחידה,false,0,26.90,26.90,true,1,
7290012193286,false,פרש וואנס קייר 72*4יח,על בד,IL,פרש וואנס,יחידה,1.00,יחידה,false,0,17.90,17.90,true,1,
7290012208027,false,ממרח חזרת,,IL,ממרח חזרת,גרמים,180.00,100 גרם,false,0,21.30,11.83,true,1,
7290012208041,false,ממרח זעתר,,IL,ממרח זעתר,גרמים,180.00,100 גרם,false,0,21.30,11.83,true,1,
7290012208065,false,ממרח לימון כבוש,,IL,ממרח לימון כבוש,גרמים,180.00,100 גרם,false,0,21.30,11.83,true,1,
7290012226007,false,נקניקיות מרגז 400 גרם,זוגלובק,IL,נקנ' מרגז,גרמים,400.00,100 גרם,false,0,20.90,5.23,true,1,
7290012226021,false,סלמי מעושן פראג 400 גרם,זוגלובק,IL,סלמי מעושן פראג,גרמים,400.00,100 גרם,false,0,21.50,5.38,true,1,
7290012226120,false,קבנוס 135 גרם,זוגלובק,IL,קבנוס,גרמים,135.00,100 גרם,false,0,10.70,7.93,true,1,
7290012226922,false,קבנוס בטעם שום 135 גרם,זוגלובק,IL,קבנוס בטעם שום,גרמים,135.00,100 גרם,false,0,10.70,7.93,true,1,
7290012226939,false,קבנוס בטעם צ'ילי 135 גרם,זוגלובק,IL,קבנוס בטעם צ'ילי,גרמים,135.00,100 גרם,false,0,10.70,7.93,true,1,
7290012226946,false,קבנוס בטעם בצל 135 גרם,זוגלובק,IL,קבנוס בטעם בצל,גרמים,135.00,100 גרם,false,0,10.70,7.93,true,1,
7290012226977,false,המבורגר %100 בקר 360גרם,זוגלובק,IL,המבורגר,גרמים,360.00,100 גרם,false,0,21.90,6.08,true,1,
7290012227172,false,מארז כפרית חרמון 300*2גר,זוגלובק,IL,מארז כפרית חרמון,גרמים,600.00,100 גרם,false,0,33.30,5.55,true,1,
7290012227219,false,שלישית פיצה משפ' 1500גרם,זוגלובק,,פיצה משפ',קילוגרמים,1.50,"ק""ג",false,0,34.60,23.07,true,1,
7290012227332,false,בסיס לפיצה 1.2קג,זוגלובק,IL,בסיס לפיצה,קילוגרמים,1.20,"ק""ג",false,0,19.70,16.42,true,1,
7290012227349,false,בסיס מאפה אישי 650 גרם,זוגלובק,IL,בסיס מאפה אישי,גרמים,650.00,100 גרם,false,0,14.80,2.28,true,1,
7290012227424,false,המבורגר בלחמניה חריףיח 1,זוגלובק,IL,המבורגר בלחמניה,גרמים,185.00,100 גרם,false,0,18.80,10.16,true,1,
7290012227509,false,נקניקיית ע.רכיבים טבעיים,זוגלובק,IL,נקניקיית עוף,גרמים,400.00,100 גרם,false,1,17.90,4.48,true,1,
7290012227646,false,נקניקיות ע.רכיבים טבעיים,זוגלובק,IL,נקניקיות עוף,גרמים,800.00,100 גרם,false,1,29.90,3.74,true,1,
7290012227714,false,נקניקיות וינר רכיבים טבע,זוגלובק,IL,נקניקיות וינר,גרמים,500.00,100 גרם,false,1,18.90,3.78,true,1,
7290012227851,false,קריספי סטיקס פלאפל 500גר,זוגלובק,IL,קריספי סטיקס פלא,גרמים,500.00,100 גרם,false,12,18.90,3.78,true,1,
7290012244018,false,עוג.מוס ר.חלב+שוק.לבן1קג,גידרון,IL,עוגת מוס,יחידה,1.00,יחידה,false,0,59.40,59.40,true,1,
7290012244032,false,עוגת היער השחור 850 גרם,גידרון,,עוגת יער שחור,יחידה,1.00,יחידה,false,0,59.40,59.40,true,1,
7290012244049,false,עוגת מוס שני שוקולדים900,גידרון,IL,עוגת מוס,יחידה,1.00,יחידה,false,0,59.40,59.40,true,1,
7290012244056,false,עוגת גבינה ופירורים 900ג,גידרון,IL,עוגת גבינה,יחידה,1.00,יחידה,false,0,59.40,59.40,true,1,
7290012244070,false,עוגת שכבות שוקולד 920גרם,גידרון,IL,עוגת שכבות,יחידה,1.00,יחידה,false,0,59.40,59.40,true,1,
7290012244407,false,עוגת סופלה שוקולד 150X2ג,גידרון,IL,מארז עוגת סופלה,גרמים,300.00,100 גרם,false,0,14.90,4.97,true,1,
7290012309328,false,"אורז יסמין 1 ק""ג",שקדיה,IL,אורז יסמין,קילוגרמים,1.00,"ק""ג",false,0,8.50,8.50,true,1,
7290012309366,false,"אורז בסמטי 5 ק""ג",,,"אורז בסמטי 5 ק""ג",קילוגרמים,5.00,"ק""ג",false,0,53.40,10.68,true,1,
7290012309878,false,חלבה עם פיסטוקים 500 גרם,,,חלבה עם פיסטוקים 500 גרם,גרמים,500.00,100 גרם,false,0,13.50,2.70,true,1,
7290012309885,false,חלבה שוקו וניל 500 גרם,,,חלבה שוקו וניל 500 גרם,גרמים,500.00,100 גרם,false,0,13.50,2.70,true,1,
7290012309892,false,חלבה וניל 500 גרם,,,חלבה וניל 500 גרם,גרמים,500.00,100 גרם,false,0,13.50,2.70,true,1,
7290012309939,false,חלבה מסולסלת 500 גרם,,,חלבה מסולסלת 500 גרם,גרמים,500.00,100 גרם,false,0,12.90,2.58,true,1,
7290012313233,false,זית פיקואל בעשבי,,IL,זית פיקואל בעשבי,גרמים,540.00,100 גרם,false,0,9.90,1.83,true,1,
7290012313653,false,בצל קצוץ מטוגן בשמן425ג,אירוסיבולס,ES,בצל קצוץ מטוגן,גרמים,425.00,100 גרם,false,1,13.80,3.25,true,1,
7290012313660,false,בצל קצוץ מוזהב 425 גרם,אירוסיבולס,ES,בצל קצוץ מוזהב,גרמים,425.00,100 גרם,false,1,13.80,3.25,true,1,
7290012351327,false,אומגה קרם יום SPF15 50 מ,קרליין,,אומגה קרם יום,מיליליטרים,50.00,"100 מ""ל",false,0,60.00,120.00,true,1,
7290012351341,false,אומגה ק.לילה פרו אקטיב50,קרליין,,אומגה קרם לילה,יחידה,1.00,יחידה,false,0,60.00,60.00,true,1,
7290012352027,false,ק.לחות+שמן אגוז ברזיל400,דנאגיס,IL,קרם לחות נטורל,מיליליטרים,400.00,"100 מ""ל",false,0,21.70,5.43,true,1,
7290012352034,false,קרם לחות+GOשמן מקדמיה400,דנאגיס,IL,קרם לחות נטורל,מיליליטרים,400.00,"100 מ""ל",false,0,21.70,5.43,true,1,
7290012359392,false,סילאן טבעי,,IL,סילאן טבעי,גרמים,900.00,100 גרם,false,0,28.70,3.19,true,1,
7290012359491,false,רוטב רימונים לחיץ 350גרם,יניגון,IL,רוטב רימונים,גרמים,350.00,100 גרם,false,1,17.70,5.06,true,1,
7290012367700,false,ק.גוף אפקטיב קר שיבול700,פישר  מעבדות  פרמצבטיות,IL,קרם גוף,מיליליטרים,700.00,"100 מ""ל",false,0,22.90,3.27,true,1,
7290012404146,false,שוופס מוגז תפוחים1.5ל',יפאורה שותפות מובגלת לשיווק,IL,שוופס תפוחים,ליטרים,1.50,ליטר,false,0,6.60,4.40,true,1,
7290012404160,false,שוופס מוגז אשכולית1.5ל,יפאורה שותפות מובגלת לשיווק,IL,שוופס אשכולית,ליטרים,1.50,ליטר,false,0,6.60,4.40,true,1,
7290012404238,false,שוופס ראש'ן 1.5 ליטר,יפאורה שותפות מובגלת לשיווק,IL,שוופס ראש'ן,ליטרים,1.50,ליטר,false,0,7.90,5.27,true,1,
7290012404283,false,תפוזינה מנגו עסיס 1.5 ל',יפאורה שותפות מובגלת לשיווק,IL,תפוזינה מנגו,ליטרים,1.50,ליטר,false,0,5.90,3.93,true,1,
7290012404320,false,ספרינג ענבים 1.5 ליטר,יפאורה שותפות מובגלת לשיווק,IL,ספרינג ענבים,ליטרים,1.50,ליטר,false,0,4.90,3.27,true,1,
7290012404863,false,ספרינג תה מנגו אפרסק1.5ל,יפאורה שותפות מובגלת לשיווק,IL,ספרינג תה מנגו,ליטרים,1.50,ליטר,false,0,4.90,3.27,true,1,
7290012413612,false,תה ירוק חמוציות 25ש1.5*ג,ויסוצקי,IL,תה ירוק חמוציות,גרמים,75.00,100 גרם,false,0,21.90,29.20,true,1,
7290012413636,false,תה ירוק צ'אי מסאלה 25שק',ויסוצקי,,תה ירוק צ'אי,גרמים,38.00,100 גרם,false,0,21.90,57.63,true,1,
7290012413643,false,תה ירוק קמומיל 25שק1.5*ג,ויסוצקי,IL,תה ירוק קמומיל,גרמים,37.00,100 גרם,false,0,21.90,59.19,true,1,
7290012413698,false,חליטת דובדבנ.גן קסום25שק,ויסוצקי,IL,חליטת דובדבנ.גן קסום25שק,גרמים,25.00,100 גרם,false,0,16.90,67.60,true,1,
7290012413704,false,חליטת דבש+לימון 25 שק',ויסוצקי,IL,חליטת גן קסום,גרמים,67.00,100 גרם,false,0,16.90,25.22,true,1,
7290012413902,false,תה ירוק ליצ'י 1.5גרם25Xש,ויסוצקי,,תה ירוק ליצ'י,גרמים,38.00,100 גרם,false,0,21.90,57.63,true,1,
7290012413919,false,תה ירוק תות 1.5גרם25Xשק,ויסוצקי,,תה ירוק תות,גרמים,38.00,100 גרם,false,0,21.90,57.63,true,1,
7290012475399,false,מיץ שזיפים,,IL,מיץ שזיפים,ליטרים,1.00,ליטר,false,0,17.20,17.20,true,1,
7290012522734,false,טחון מן הצומח 400גרם,טבעול,IL,טחון מן הצומח,גרמים,400.00,100 גרם,false,0,22.90,5.73,true,1,
7290012557675,false,טורטייה מהדרין,,ES,טורטייה מהדרין,גרמים,320.00,100 גרם,false,0,13.60,4.25,true,1,
7290012557910,false,טורטייה גדול,,TR,טורטייה גדול,גרמים,420.00,100 גרם,false,0,13.60,3.24,true,1,
7290012557927,false,טורטייה קמח מלא,,TR,טורטייה קמח מלא,גרמים,420.00,100 גרם,false,0,13.60,3.24,true,1,
7290012561405,false,בצל חצי מטוגן 180 גרם,דורות,IL,בצל חצי מטוגן,גרמים,180.00,100 גרם,false,0,10.40,5.78,true,1,
7290012576607,false,"קברנה פרמייר 750 מ""ל",יקבי ברקן,IL,פרמייר קברנה,מיליליטרים,750.00,"100 מ""ל",false,0,26.70,3.56,true,1,
7290012588778,false,מיץ אננס 4יח,,MX,מיץ אננס 4יח,ליטרים,1.34,ליטר,false,0,16.00,11.94,true,1,
7290012642852,false,פלפל אדום קלוי 540 גרם,סאטקו,BG,פלל אדום קלוי,גרמים,540.00,100 גרם,false,0,11.90,2.20,true,1,
7290012665301,false,רביולי במילוי גבינה 700ג,"אדריה בע""מ",IL,רביולי גבינה,גרמים,700.00,100 גרם,false,0,28.30,4.04,true,1,
7290012696206,false,גביעי נייר,,IL,גביעי נייר,יחידה,1.00,יחידה,false,0,5.90,5.90,true,1,
7290012696213,false,גביעי נייר,,,גביעי נייר,יחידה,1.00,יחידה,false,0,5.90,5.90,true,1,
7290012697081,false,סוכרזית סטיוויה 100 שק',"ביסקול בע""מ",IL,סוכרזית סטיוויה,גרמים,100.00,100 גרם,false,0,29.30,29.30,true,1,
7290012701948,false,מי פה ליסטרין טוטל קר750,ג'ונסון,US,מי פה ליסטרין,מיליליטרים,750.00,"100 מ""ל",false,0,54.90,7.32,true,1,
7290012737046,false,חמ.בוטנ.קראנצ אורגני510ג,רוזאו שנגקנק,CN,חמאת בוטנים,גרמים,510.00,100 גרם,false,1,17.90,3.51,true,1,
7290012737091,false,חמ.בוטנים רכה אורגני510ג,רוזאו שנגקנק,CN,חמאת בוטנים רכה,גרמים,510.00,100 גרם,false,1,17.90,3.51,true,1,
7290012803123,false,מגבוני פ.ואנס פרש4*72,על בד,IL,רביעית פרש וואנס,יחידה,1.00,יחידה,false,0,17.90,17.90,true,1,
7290012803215,false,וופל בלגי בטעם שוקולד200,גילרו,IL,וופל בלגי,גרמים,200.00,100 גרם,false,0,10.50,5.25,true,1,
7290012803222,false,וופל בלגי בטעם לימון200ג,גילרו,IL,וופל בלגי,גרמים,200.00,100 גרם,false,0,10.50,5.25,true,1,
7290012803352,false,"רייד קוטל מעופפים 300מ""ל",ג'ונסון,NL,רייד קוטל מעופפי,מיליליטרים,300.00,"100 מ""ל",false,0,10.00,3.33,true,1,
7290012803451,false,שוק.מריר 62% ללא סוכר100,אלטינמארקה,IL,שוקולד מריר62%,גרמים,100.00,100 גרם,false,0,11.80,11.80,true,1,
7290012803543,false,רייד מכשיר+נוזל נ.יתושים,ג'ונסון,CN,רייד נגד יתושים,יחידה,1.00,יחידה,false,0,30.00,30.00,true,1,
7290012803604,false,ביסקוויט שוקולד+טרימי180,TAGO,PL,ביסקוויט טרמיסו,גרמים,180.00,100 גרם,false,0,11.90,6.61,true,1,
7290012803734,false,סוכרלוז סטיקים 80 יח,קליר כימיקלים,IL,סוכרלוז סטיקים,יחידה,1.00,יחידה,false,0,24.20,24.20,true,1,
7290012803772,false,שוקולד חלב ללא סוכר100ג,אלטינמארקה,IL,שוקולד חלב,גרמים,100.00,100 גרם,false,0,11.80,11.80,true,1,
7290012823251,false,אל סבון כיף יסמין 1 ליטר,קוסמופארם,,אל סבון כיף,ליטרים,1.00,ליטר,false,0,10.00,10.00,true,1,
7290012823374,false,אנטי קאלק מטליות 50 יח',סנו,,מטליות אנטי קאלק,יחידה,1.00,יחידה,false,0,10.00,10.00,true,1,
7290012823541,false,10 מטל.לחות לריצפה ריצפז,סנו,IL,מטליות ריצפה,יחידה,1.00,יחידה,false,0,10.90,10.90,true,1,
7290012823558,false,10מטליות לחות לרצפה סושי,סנו,IL,מטליות רצפה לחות,יחידה,1.00,יחידה,false,0,7.90,7.90,true,1,
7290012823565,false,10 מטליות לחות פוליויקס,סנו,IL,מטליות פוליויקס,יחידה,1.00,יחידה,false,0,10.00,10.00,true,1,
7290012823602,false,נייר טואלט סופט לבן 32גל,סנו,IL,נ.טואלט סופט לבן,מטרים,588.00,100 מטר,false,0,27.90,4.74,true,1,
7290012823800,false,תח.רחצה כיף חלב קוקוס750,קוסמופארם,IL,תחליב רחצה כיף,מיליליטרים,750.00,"100 מ""ל",false,0,10.00,1.33,true,1,
7290012823817,false,תח.רחצה כיף חלב לבנדר750,קוסמופארם,IL,תחליב רחצה כיף,מיליליטרים,750.00,"100 מ""ל",false,0,10.00,1.33,true,1,
7290012849985,false,מחית תפוח עץ 100 גרם,נאופארם,IL,מחית תפוח,גרמים,100.00,100 גרם,false,0,4.90,4.90,true,1,
7290012850004,false,מחית תפוח וגזר 100 גרם,נאופארם,IL,מחית תפוח וגזר,גרמים,100.00,100 גרם,false,0,4.90,4.90,true,1,
7290012850011,false,מחית תפוחי עץ 190 גרם,נאופארם,IL,מחית תפוחי עץ,גרמים,190.00,100 גרם,false,0,5.70,3.00,true,1,
7290012850035,false,מחית תפוח ואפרסק 190 גרם,נאופארם,IL,מחית תפוח ואפרסק,גרמים,190.00,100 גרם,false,0,5.70,3.00,true,1,
7290012851902,false,"מי פה ליסטרין 750ZEROמ""ל",ג'ונסון,IL,מי פה ליסטרין,מיליליטרים,750.00,"100 מ""ל",false,0,48.90,6.52,true,1,
7290012884979,false,נקניקיות מן הצומח 900 גר,תפוגן,IL,נקניקיות מן הצומ,גרמים,900.00,100 גרם,false,0,21.60,2.40,true,1,
7290012884986,false,"ציפס לתנור 1.5 ק""ג",תפוגן,IL,ציפס לתנור,קילוגרמים,1.50,"ק""ג",false,0,26.90,17.93,true,1,
7290012901355,false,ארוחת מקרוני עם גבינה206,הנדריקס פודס,US,ארוחת מקרוני,גרמים,206.00,100 גרם,false,1,9.90,4.81,true,1,
7290012931611,false,כריות ברזל,,CN,כריות ברזל,יחידה,1.00,יחידה,false,0,6.90,6.90,true,1,
7290012938405,false,רדיד אלומיניום,,,רדיד אלומיניום,מטרים,7.00,מטר,false,0,15.30,2.19,true,1,
7290012938580,false,מש.סנסודיין הלבנה עדינ75,גלקסוסמיתקליין,,משחת סנסודיין,מיליליטרים,75.00,"100 מ""ל",false,0,16.90,22.53,true,1,
7290012938597,false,משחת סנסודין רפיד רליף75,גלקסוסמיתקליין,SI,משחת סנסודיין,מיליליטרים,75.00,"100 מ""ל",false,0,16.90,22.53,true,1,
7290012938740,false,משחת סנסודיין פרש מינט75,סמית קליין,GB,משחת סנסודיין,מיליליטרים,75.00,"100 מ""ל",false,0,16.90,22.53,true,1,
7290012956058,false,ערק אל פאשה 45%אלכ750מל,קעוואר,IL,ערק אל פאשה,מיליליטרים,750.00,"100 מ""ל",false,0,54.40,7.25,true,1,
7290012962110,false,"בגד ים ח""פ מדיום",O.T.U.SAN,TR,"בגד ים ח""פ",יחידה,1.00,יחידה,false,0,27.20,27.20,true,1,
7290012962561,false,500 קיסמי שיניים במבוק,Z.H.LNDUS,CN,קיסמי שיניים,יחידה,1.00,יחידה,false,0,2.90,2.90,true,1,
7290012983375,false,תמר לח בשקית 500גרם,ששון,IL,תמר חיאני 500ג,גרמים,500.00,100 גרם,false,1,9.90,1.98,true,1,
7290013027016,false,לחם קמח מלא+100%דגנים750,מאפיית שלמה א. אנג'ל,IL,לחם קמח מלא+100%דגנים750,גרמים,750.00,100 גרם,false,0,12.80,1.71,true,1,
7290013027399,false,לחם מלא+100%שיפון-קל750ג,מאפיית שלמה א. אנג'ל,IL,לחם מלא+100%שיפון-קל750ג,גרמים,750.00,100 גרם,false,0,13.90,1.85,true,1,
7290013027535,false,לחם שיפון קל 750 גרם,מאפיית שלמה א. אנג'ל,IL,לחם שיפון קל,גרמים,750.00,100 גרם,false,0,12.80,1.71,true,1,
7290013027849,false,לחם אנג'ל100קל+שיפון500,מאפיית שלמה א. אנג'ל,IL,לחם אנג'ל100קל+שיפון500,גרמים,500.00,100 גרם,false,0,12.80,2.56,true,1,
7290013038005,false,ג'אמפ תפוחים 1.5 ליטר,טמפו,IL,ג'אמפ תפוחים,ליטרים,1.50,ליטר,false,0,4.90,3.27,true,1,
7290013038234,false,מים אקווה נובה 2*6 ליטר,טמפו,IL,אקווה נובה 6 בקב,ליטרים,12.00,ליטר,false,0,9.50,0.79,true,1,
7290013039880,false,מסקרה קולוסל 100%צ.שחור,סייפו,FR,מסקרה קולוסל,יחידה,1.00,יחידה,false,0,117.00,117.00,true,1,
7290013068361,false,"שמן זית אליעד 750 מ""ל",אליעד בית בד בגולן,IL,שמן זית,מיליליטרים,750.00,"100 מ""ל",false,0,36.90,4.92,true,1,
7290013068682,false,שמן זית כתית מעולה 750 מ,אליעד בית בד בגולן,IL,שמן זית כתית,מיליליטרים,750.00,"100 מ""ל",false,0,36.90,4.92,true,1,
7290013068705,false,שמן זית ישראלי כתית750מ,אליעד בית בד בגולן,IL,"שמן זית 750 מ""ל",מיליליטרים,750.00,"100 מ""ל",false,0,36.90,4.92,true,1,
7290013068811,false,שמן זית בטעם פרותי 2ליטר,אליעד בית בד בגולן,IL,שמן זית בפח,ליטרים,2.00,ליטר,false,0,79.30,39.65,true,1,
7290013083661,false,מטרנה אקסטרה קר שלב1 700,נסטלה,IL,מטרנה אקסטרה קר,גרמים,700.00,100 גרם,false,0,59.90,8.56,true,1,
7290013083678,false,מטרנה אקסטרה קר שלב2 700,נסטלה,IL,מטרנה אקסטרה קר,גרמים,700.00,100 גרם,false,0,59.90,8.56,true,1,
7290013083685,false,מטרנה אקסטרה קר שלב3 700,נסטלה,IL,מטרנה אקסטרה קר,גרמים,700.00,100 גרם,false,0,59.90,8.56,true,1,
7290013089113,false,פילה מדומה מס6' מוכשר מח,שונות,XX,פילה מדומה      מוכשר מח,קילוגרמים,0.00,"ק""ג",true,0,49.50,49.50,true,1,
7290013095671,false,ספרי רציף תחליבSPF45 200,פישר  מעבדות  פרמצבטיות,,אולטרסול ספריי,מיליליטרים,200.00,"100 מ""ל",false,0,39.90,19.95,true,1,
7290013117212,false,בורקס פילו גבינה 600 גרם,"מעדנות בע""מ",IL,בורקס גבינה,גרמים,600.00,100 גרם,false,0,20.70,3.45,true,1,
7290013117229,false,"בורקס פילו תפו""א 600 גרם","מעדנות בע""מ",IL,"בורקס תפו""א",גרמים,600.00,100 גרם,false,0,20.70,3.45,true,1,
7290013117243,false,בורקס פילו בולגרית 600 ג,"מעדנות בע""מ",IL,בורקס בולגרית,גרמים,600.00,100 גרם,false,0,20.70,3.45,true,1,
7290013117410,false,בצק פריך מתוק 450X2 900,"מעדנות בע""מ",IL,בצק פריך,גרמים,900.00,100 גרם,false,0,24.80,2.76,true,1,
7290013117427,false,בצק פריך מלוח 450X2גרם 0,"מעדנות בע""מ",IL,בצק פריך,גרמים,900.00,100 גרם,false,0,24.80,2.76,true,1,
7290013117526,false,בצק שמרים למאפים מתוקים,"מעדנות בע""מ",IL,בצק שמרים,גרמים,900.00,100 גרם,false,0,21.90,2.43,true,1,
7290013117694,false,מאפה פילו בשר 700גרם,"מעדנות בע""מ",IL,מאפה בשר,גרמים,700.00,100 גרם,false,0,38.90,5.56,true,1,
7290013128003,false,"תמר מג'הול 1 ק""ג-דוד חי",קטיף,IL,"תמר מהג'ול 1ק""ג",קילוגרמים,1.00,"ק""ג",false,0,29.90,29.90,true,1,
7290013128324,false,ענב שחור פליים ארוז,קטיף,IL,ענב שחור פליים,קילוגרמים,0.00,"ק""ג",true,0,18.90,18.90,true,1,
7290013128386,false,תמר מגהול סופר עסיסי300ג,.,IL,תמר סופר עסיסי,גרמים,300.00,100 גרם,false,1,20.00,6.67,true,1,
7290013144126,false,תערובת לעוגה שוקולד500גר,א.ל ייצור ושיווק תבלינים,IL,תערובת לעוגה,גרמים,500.00,100 גרם,false,0,28.70,5.74,true,1,
7290013144171,false,תערובת עוגת שוקולד560גרם,א.ל ייצור ושיווק תבלינים,IL,תערובת לעוגה,גרמים,560.00,100 גרם,false,0,12.00,2.14,true,1,
7290013144225,false,תערובת עוגת שיש 560 גרם,א.ל ייצור ושיווק תבלינים,IL,תערובת עוגת שיש,גרמים,560.00,100 גרם,false,0,17.20,3.07,true,1,
7290013144263,false,תערובת מלבי 100 גרם,א.ל ייצור ושיווק תבלינים,IL,תערובת מלבי,גרמים,100.00,100 גרם,false,0,10.00,10.00,true,1,
7290013144287,false,ג'לי תות 85 גרם,א.ל ייצור ושיווק תבלינים,,ג'לי תות,גרמים,85.00,100 גרם,false,0,5.70,6.71,true,1,
7290013144355,false,וופל הולנדי מקורי 252גרם,ק.א שוקולד,NL,וופל הולנדי,גרמים,252.00,100 גרם,false,0,15.40,6.11,true,1,
7290013144393,false,"תמצית בטעם וניל 50 מ""ל",א.ל ייצור ושיווק תבלינים,IL,תמצית וניל,מיליליטרים,50.00,"100 מ""ל",false,0,4.30,8.60,true,1,
7290013144614,false,סירופ מייפל 100% 236 גרם,INDUSRIES LES,,סירופ מייפל,גרמים,236.00,100 גרם,false,0,31.90,13.52,true,1,
7290013144751,false,סירופ בטעם מייפל 500גרם,גלעם,IL,סירופ טעם מייפל,גרמים,500.00,100 גרם,false,0,12.80,2.56,true,1,
7290013144768,false,סירופ בטעם שוקולד 500גרם,גלעם,IL,סירופ טעם שוקולד,גרמים,500.00,100 גרם,false,0,12.80,2.56,true,1,
7290013144980,false,תרסיס שמן קנולה 170 גרם,גאטא קוסמטיקה,TR,תרסיס שמן קנולה,גרמים,170.00,100 גרם,false,1,10.90,6.41,true,1,
7290013144997,false,תרסיס שמן זית 140 גרם,גאטא קוסמטיקה,IL,תרסיס שמן זית,גרמים,140.00,100 גרם,false,1,10.90,7.79,true,1,
7290013145048,false,צנוברים 100 גרם,א.ל ייצור ושיווק תבלינים,IL,צנוברים,גרמים,100.00,100 גרם,false,0,19.90,19.90,true,1,
7290013145093,false,שקד מולבן גרוס 100 גרם,א.ל ייצור ושיווק תבלינים,IL,שקד מולבן גרוס,גרמים,100.00,100 גרם,false,0,11.70,11.70,true,1,
7290013145123,false,שקד מולבן פרוס 100 גרם,א.ל ייצור ושיווק תבלינים,IL,שקד מולבן פרוס,גרמים,100.00,100 גרם,false,0,11.70,11.70,true,1,
7290013145154,false,פקאן מקולף 100 גרם,א.ל ייצור ושיווק תבלינים,IL,פקאן מקולף,גרמים,100.00,100 גרם,false,0,12.90,12.90,true,1,
7290013145161,false,פקאן מסוכר 100 גרם,א.ל ייצור ושיווק תבלינים,IL,פקאן מסוכר,גרמים,100.00,100 גרם,false,0,12.90,12.90,true,1,
7290013145178,false,קוקוס טחון לבן 100 גרם,א.ל ייצור ושיווק תבלינים,IL,קוקוס טחון לבן,גרמים,100.00,100 גרם,false,0,4.50,4.50,true,1,
7290013145192,false,שומשום 100 גרם,א.ל ייצור ושיווק תבלינים,IL,שומשום,גרמים,100.00,100 גרם,false,0,3.90,3.90,true,1,
7290013145215,false,שומשום 400 גרם,א.ל ייצור ושיווק תבלינים,IL,שומשום,גרמים,400.00,100 גרם,false,0,9.90,2.48,true,1,
7290013145390,false,שוקולד צ'יפס 250 גרם,אינטרגטה,IL,שוקולד צ'יפס,גרמים,250.00,100 גרם,false,0,6.90,2.76,true,1,
7290013145406,false,שוקולד צ'יפס לבן 250 גרם,אינטרגטה,IL,שוקולד צ'יפס,גרמים,250.00,100 גרם,false,0,6.90,2.76,true,1,
7290013145437,false,שוקולד צ'יפס 48% 250 גרם,אינטרגטה,IL,שוקולד צ'יפס,גרמים,250.00,100 גרם,false,0,10.90,4.36,true,1,
7290013145529,false,סוכריות צבעוניות לקישוט,א.ל ייצור ושיווק תבלינים,IL,סוכריות לקישוט,גרמים,90.00,100 גרם,false,0,4.90,5.44,true,1,
7290013145598,false,טיפות לקישוט 60 גרם,א.ל ייצור ושיווק תבלינים,IL,טיפות לקישוט,גרמים,60.00,100 גרם,false,0,14.90,24.83,true,1,
7290013145710,false,דובדבנים מסוכרים 100 גרם,א.ל ייצור ושיווק תבלינים,IL,דובדבנים מסוכרים,גרמים,100.00,100 גרם,false,0,8.70,8.70,true,1,
7290013145826,false,פודינג בטעם וניל לבן80ג,א.ל ייצור ושיווק תבלינים,IL,פודינג וניל,גרמים,80.00,100 גרם,false,1,5.40,6.75,true,1,
7290013145871,false,שמרים יבשים 55 גרם,אנג'ל איסט,,שמרים יבשים,גרמים,55.00,100 גרם,false,0,10.00,18.18,true,1,
7290013145901,false,סודה לשתיה 100 גרם,א.ל ייצור ושיווק תבלינים,IL,סודה לשתיה,גרמים,100.00,100 גרם,false,0,1.90,1.90,true,1,
7290013145932,false,אבקת סוכר חום 100 גרם,"י.כהן בע""מ",IL,אבקת סוכר חום,גרמים,100.00,100 גרם,false,0,5.00,5.00,true,1,
7290013145949,false,אבקת סוכר אריזת פטנט250ג,א.ל ייצור ושיווק תבלינים,IL,אבקת סוכר,גרמים,250.00,100 גרם,false,0,10.90,4.36,true,1,
7290013145956,false,שמרים יבשים בוואקום500ג,אנג'ל איסט,CN,שמרים יבשים,גרמים,500.00,100 גרם,false,0,10.90,2.18,true,1,
7290013146854,false,קוקוס לבן 400 גרם,א.ל ייצור ושיווק תבלינים,IL,קוקוס לבן 400 גר,גרמים,400.00,100 גרם,false,0,9.90,2.48,true,1,
7290013153395,false,פריגת סחוט רימונים 1ליטר,פריגת,IL,מיץ סחוט רימונים,ליטרים,1.00,ליטר,false,1,20.10,20.10,true,1,
7290013153425,false,מיץ סחוט לימון נענע 2ל,פריגת,IL,סחוט לימון נענע,ליטרים,2.00,ליטר,false,1,20.90,10.45,true,1,
7290013169600,false,דגנ.מרובעים קינמון412*2ג,קואקר אוטס,IL,דגנים מרובעים2יח,גרמים,824.00,100 גרם,false,0,35.10,4.26,true,1,
7290013169617,false,דגנים מרובעים 412*2 גרם,קואקר אוטס,,דגנים מרובעים2יח,גרמים,824.00,100 גרם,false,0,35.10,4.26,true,1,
7290013189219,false,מטאטא טופ+מקל,המברשת רוחמה,IL,מטאטא+מקל,יחידה,1.00,יחידה,false,0,24.90,24.90,true,1,
7290013189288,false,מגב קסם עם מקל,המברשת רוחמה,IL,מגב קסם עם מקל,יחידה,1.00,יחידה,false,0,25.00,25.00,true,1,
7290013267566,false,גל.קרמיסימו בומבה 1.33לי,שטראוס,IL,גל.קרמיסימו בומבה 1.33לי,ליטרים,1.30,ליטר,false,0,18.90,14.54,true,1,
7290013267665,false,מאגדת מיני סולרו טרופי,שטראוס,IL,מאגדת מיני סולרו,גרמים,295.00,100 גרם,false,0,22.70,7.69,true,1,
7290013268020,false,מקסימה סופר מרוכז פרש 1ל,סנו,IL,מרכך כביסה,ליטרים,1.00,ליטר,false,0,15.90,15.90,true,1,
7290013268037,false,מקסימה ס.מרוכז לבנדר 1ל',סנו,IL,מרכך כביסה,ליטרים,1.00,ליטר,false,0,15.90,15.90,true,1,
7290013268198,false,תחליב רחצה כיף מאסק 750מ,קוסמופארם,IL,תחליב רחצה כיף,מיליליטרים,750.00,"100 מ""ל",false,0,10.00,1.33,true,1,
7290013268235,false,דאו.קרמה רול און פרח 75מ,קוסמופארם,IL,דאודורנט קרמה,מיליליטרים,75.00,"100 מ""ל",false,1,10.00,13.33,true,1,
7290013268433,false,שמפו קרמה מן לכל שיער700,קוסמופארם,IL,שמפו קרמה מן,מיליליטרים,700.00,"100 מ""ל",false,0,14.90,2.13,true,1,
7290013268440,false,2 מברשות שיניים בוב ספוג,סנו,IL,מברשת שיניים,יחידה,1.00,יחידה,false,1,24.70,24.70,true,1,
7290013268464,false,"קרם גוף קרמה מאסק 500מ""ל",קוסמופארם,IL,קרם גוף קרמה,מיליליטרים,500.00,"100 מ""ל",false,0,21.70,4.34,true,1,
7290013268563,false,דאו.קרמה מן ספריי קול200,קוסמופארם,IL,דאודורנט קרמה מן,מיליליטרים,200.00,"100 מ""ל",false,0,10.00,5.00,true,1,
7290013268648,false,"שמפו כיף רומנס 750 מ""ל",קוסמופארם,IL,שמפו כיף,מיליליטרים,750.00,"100 מ""ל",false,0,10.00,1.33,true,1,
7290013268662,false,"מרכך כיף גלואו 750 מ""ל",קוסמופארם,IL,מרכך כיף,מיליליטרים,750.00,"100 מ""ל",false,0,10.00,1.33,true,1,
7290013268884,false,סנו ריצפז פרש מאסק 2ליטר,סנו,IL,ריצפז פרש לרצפות,ליטרים,2.00,ליטר,false,0,18.70,9.35,true,1,
7290013268891,false,אוקסיג'ן ג'ל 3ליטר,סנו,,אוקסיג'ן ג'ל,ליטרים,3.00,ליטר,false,0,24.90,8.30,true,1,
7290013268907,false,מקסימה ג'ל לכביסה 3ל,סנו,IL,מקסימה ג'ל,ליטרים,3.00,ליטר,false,0,24.90,8.30,true,1,
7290013269003,false,מקסימה מרכך בייבי 1 ליטר,סנו,IL,מקסימה מרכך,ליטרים,1.00,ליטר,false,0,15.80,15.80,true,1,
7290013269263,false,מקסימה ג'ל,,IL,מקסימה ג'ל,ליטרים,3.00,ליטר,false,0,24.90,8.30,true,1,
7290013269287,false,ג'ל כביסה מרוכז,,IL,ג'ל כביסה מרוכז,ליטרים,3.00,ליטר,false,0,24.90,8.30,true,1,
7290013269485,false,מש.אורביטול אוקסיג'ן145ג,קוסמופארם,IL,משחת שיניים,גרמים,145.00,100 גרם,false,0,14.00,9.66,true,1,
7290013269553,false,תחליב רחצה קרמה מאסק500מ,קוסמופארם,IL,תחליב רחצה קרמה,מיליליטרים,500.00,"100 מ""ל",false,0,10.00,2.00,true,1,
7290013269560,false,קרמה תחליב רחצה מאסק750מ,קוסמופארם,,קרמה תחליב רחצה,מיליליטרים,750.00,"100 מ""ל",false,0,15.90,2.12,true,1,
7290013269645,false,מטליות לחות,,IL,מטליות לחות,יחידה,1.00,יחידה,false,0,10.90,10.90,true,1,
7290013269652,false,פוליויקס מאסק,,IL,פוליויקס מאסק,ליטרים,2.00,ליטר,false,0,21.70,10.85,true,1,
7290013269669,false,ריצפז פנטזיה,,IL,ריצפז פנטזיה,ליטרים,3.00,ליטר,false,0,11.70,3.90,true,1,
7290013269706,false,סנובון ג'ל לאסלה,,IL,סנובון ג'ל לאסלה,מיליליטרים,55.00,"100 מ""ל",false,0,6.90,12.55,true,1,
7290013269850,false,נייר אפיה,,,נייר אפיה,יחידה,1.00,יחידה,false,0,11.90,11.90,true,1,
7290013269867,false,זוג מפות שולחן,,IL,זוג מפות שולחן,יחידה,1.00,יחידה,false,0,11.80,11.80,true,1,
7290013269911,false,סנו K333,,IL,סנו K333,מיליליטרים,750.00,"100 מ""ל",false,0,29.50,3.93,true,1,
7290013269942,false,סנו K פירטרום,,IL,סנו K פירטרום,מיליליטרים,400.00,"100 מ""ל",false,0,20.40,5.10,true,1,
7290013284075,false,טבעות זיתים,,,טבעות זיתים,גרמים,560.00,100 גרם,false,0,8.80,1.57,true,1,
7290013284105,false,טבעות זיתים,,,טבעות זיתים,גרמים,500.00,100 גרם,false,0,8.80,1.76,true,1,
7290013284150,false,מלפפונים במלח 13-17 560ג,,,מלפפונים במלח 13-17 560ג,גרמים,560.00,100 גרם,false,0,9.00,1.61,true,1,
7290013284174,false,מלפפונים בחומץ,,,מלפפונים בחומץ,גרמים,560.00,100 גרם,false,0,6.10,1.09,true,1,
7290013284181,false,מלפפונים בחומץ,,,מלפפונים בחומץ,גרמים,560.00,100 גרם,false,0,6.80,1.21,true,1,
7290013284198,false,מלפפונים בחומץ,,,מלפפונים בחומץ,גרמים,560.00,100 גרם,false,0,9.00,1.61,true,1,
7290013284273,false,זיתים ירוקים,,IL,זיתים ירוקים,גרמים,560.00,100 גרם,false,0,7.90,1.41,true,1,
7290013284303,false,זיתים ירוקים,,IL,זיתים ירוקים,גרמים,560.00,100 גרם,false,0,9.90,1.77,true,1,
7290013284310,false,רוטב פסטה,,IL,רוטב פסטה,גרמים,240.00,100 גרם,false,0,5.50,2.29,true,1,
7290013284662,false,רוטב פיצה פיתה 240 גרם,,IL,רוטב פיצה פיתה 240 גרם,גרמים,240.00,100 גרם,false,0,5.50,2.29,true,1,
7290013284761,false,עגבנ.מרוסקות עם שום280ג,פרי ניר,IL,עגבניות מרוסקות,גרמים,280.00,100 גרם,false,1,5.90,2.11,true,1,
7290013284778,false,עגבנ.מרוסקות+בזיליקום280,פרי ניר,IL,עגבניות מרוסקות,גרמים,280.00,100 גרם,false,1,5.90,2.11,true,1,
7290013284785,false,רוטב פפרונטה 380 גרם,פרי ניר,IL,רוטב פפרונטה,גרמים,380.00,100 גרם,false,1,7.80,2.05,true,1,
7290013284808,false,זיתים ירוקים מבוקעים560ג,פרי ניר,IL,זיתים ירוקים,גרמים,560.00,100 גרם,false,1,8.80,1.57,true,1,
7290013310064,false,חוט דנטלי רפואי,W.H.J.C.CO,CN,חוט דנטלי רפואי,יחידה,1.00,יחידה,false,0,9.80,9.80,true,1,
7290013310163,false,מדליק פחם מוצק 40 יחידות,BX.P,DE,מדליק פחם מוצק,יחידה,1.00,יחידה,false,0,6.50,6.50,true,1,
7290013310217,false,כוס אימון מצוירת נובי,LTD E.L.CO,CN,כוס אימון נובי,יחידה,1.00,יחידה,false,0,28.80,28.80,true,1,
7290013310255,false,בקבוק אליגטור+פייה מתקפל,N.L.PRODUCT,CN,בקבוק נובי,יחידה,1.00,יחידה,false,0,46.30,46.30,true,1,
7290013358295,false,קראנצוס גריל 200 גרם,מנה,IL,קראנצוס 200 גרם,גרמים,200.00,100 גרם,false,0,5.00,2.50,true,1,
7290013358301,false,קראנצוס ברביקיו 200 גרם,מנה,IL,קראנצוס 200 גרם,גרמים,200.00,100 גרם,false,0,5.00,2.50,true,1,
7290013358356,false,פירורי לחם מוזהבים350גרם,עינת,IL,פירורי לחם,גרמים,350.00,100 גרם,false,0,5.90,1.69,true,1,
7290013358387,false,"קמח מקצועי מאסטר שף 1ק""ג",שטיבל,IL,קמח מאסטר שף,קילוגרמים,1.00,"ק""ג",false,0,5.90,5.90,true,1,
7290013358394,false,קמח קונדיטור מאסטר שף1ק,שטיבל,IL,קמח מאסטר שף,קילוגרמים,1.00,"ק""ג",false,0,6.90,6.90,true,1,
7290013358417,false,רוטב טריאקי אסייאתי300מ,קי.אר.אס. ספייסי פוד,TH,רוטב טריאקי,מיליליטרים,300.00,"100 מ""ל",false,1,12.80,4.27,true,1,
7290013358424,false,"רוטב סויה בהירה 500 מ""ל",קי.אר.אס. ספייסי פוד,TH,רוטב סויה,מיליליטרים,500.00,"100 מ""ל",false,1,16.90,3.38,true,1,
7290013358493,false,"קרם קוקוס פחית 400 מ""ל",תאי קטקנאט קו לטידי,TH,קרם קוקוס,מיליליטרים,400.00,"100 מ""ל",false,1,9.80,2.45,true,1,
7290013358509,false,מאסטר שף מיקסלט 200 גרם,עינת,IL,מיקסלט,גרמים,200.00,100 גרם,false,0,14.80,7.40,true,1,
7290013358523,false,שבבי בצל מטוגן 150גרם,טופ טייטס,NL,שבבי בצל מטוגן,גרמים,150.00,100 גרם,false,0,13.80,9.20,true,1,
7290013358547,false,"רוטב צ'ילי חריף 700 מ""ל",קי.אר.אס. ספייסי פוד,TH,רוטב צ'ילי חריף,מיליליטרים,700.00,"100 מ""ל",false,1,14.80,2.11,true,1,
7290013358578,false,"אטריות אורז רחבות 5 מ""מ",ליינג טונג רייספלוור,TH,אטריות אורז,גרמים,400.00,100 גרם,false,1,9.80,2.45,true,1,
7290013358585,false,נודלס ביצים להקפצה 400ג,לינהאנג אינדסטריאל,CN,נודלס ביצים,גרמים,400.00,100 גרם,false,1,9.80,2.45,true,1,
7290013358684,false,קוסקוס דורום 350 גרם,"חטיפים מין הטבע בע""מ",IL,קוסקוס דורום,גרמים,350.00,100 גרם,false,1,7.80,2.23,true,1,
7290013358691,false,קוסקוס מלא 350 גרם,"חטיפים מין הטבע בע""מ",IL,קוסקוס מלא,יחידה,1.00,יחידה,false,1,6.80,6.80,true,1,
7290013358806,false,פריכיות אורז עם מלח264ג,מנה,IL,פריכיות אורז,גרמים,264.00,100 גרם,false,0,10.90,4.13,true,1,
7290013358899,false,אייר פופס טורטייה חמוץ40,דיאבטיקום,IL,חטיף אייר פופס,גרמים,40.00,100 גרם,false,0,5.00,12.50,true,1,
7290013358905,false,טורטיה רולס ספייס צילי70,NV LOCO POCO FOOD SNACK,BE,טורטיה רולס,גרמים,70.00,100 גרם,false,1,3.50,5.00,true,1,
7290013358912,false,טורטיה רולס טבעי70גר,NV LOCO POCO FOOD SNACK,BE,טורטיה רולס,גרמים,70.00,100 גרם,false,1,3.50,5.00,true,1,
7290013358929,false,צ'יפס בטעם טבעי מנה 45גר,FLAPER.S.A APERITIVOS,ES,צ'יפס טבעי מנה,גרמים,45.00,100 גרם,false,1,3.00,6.67,true,1,
7290013358936,false,צ'יפס גלי מנה 45 גרם,FLAPER.S.A APERITIVOS,ES,צ'יפס גלי מנה,גרמים,45.00,100 גרם,false,1,3.00,6.67,true,1,
7290013366634,false,חסה סלנובה -יחידה,קטיף,IL,חסה סלנובה,יחידה,1.00,יחידה,false,0,12.00,12.00,true,1,
7290013378071,false,חטיף ג'אקס חלב+שוק.לבן50,דיטי גידה סאן וה טיק אי.,TR,חטיף ג'אקס,גרמים,50.00,100 גרם,false,0,4.90,9.80,true,1,
7290013378088,false,חטיף ג'אקס חלב ק.אגוז50ג,דיטי גידה סאן וה טיק אי.,TR,חטיף ג'אקס,גרמים,50.00,100 גרם,false,0,4.90,9.80,true,1,
7290013378101,false,חטיף גאקס מריר ק.אגוז50ג,דיטי גידה סאן וה טיק אי.,TR,גאקס שוקולד מריר,גרמים,50.00,100 גרם,false,0,4.90,9.80,true,1,
7290013412430,false,חיתולי בייביסיטר,,IL,חיתולי בייביסיטר,יחידה,1.00,יחידה,false,0,34.60,34.60,true,1,
7290013424174,false,תירס צעיר שלם 410 גרם,LTD GUANGFA LONGHAI,CN,תירס צעיר שלם,גרמים,410.00,100 גרם,false,0,5.20,1.27,true,1,
7290013472328,false,מקרלים בשמן צמחי,,PT,מקרלים בשמן צמחי,גרמים,120.00,100 גרם,false,0,5.90,4.92,true,1,
7290013472892,false,הבולגריה בקוביות,,,הבולגריה בקוביות,גרמים,200.00,100 גרם,false,0,10.00,5.00,true,1,
7290013472908,false,הבולגריה בקוביות,,GR,הבולגריה בקוביות,גרמים,400.00,100 גרם,false,0,18.60,4.65,true,1,
7290013472915,false,פלפלים פיקנטים בחומץ304ג,סאמיקו,MA,פלפלים בחומץ,גרמים,304.00,100 גרם,false,1,9.80,3.22,true,1,
7290013474063,false,בייגלה שמיניות 60 גרם,יוניליוור,IL,בייגלה שמיניות,גרמים,60.00,100 גרם,false,0,3.00,5.00,true,1,
7290013474155,false,מארז חטיף דג דג40גרם6Xיח,יוניליוור,IL,מארז חטיף דג דג,גרמים,240.00,100 גרם,false,0,10.80,4.50,true,1,
7290013474377,false,בייגלה דקים מלח ים300גרם,יוניליוור,IL,בייגלה דקים,גרמים,300.00,100 גרם,false,0,7.90,2.63,true,1,
7290013474384,false,בייגלה דקים שמנת בצל300ג,יוניליוור,IL,בייגלה דקים,גרמים,300.00,100 גרם,false,0,7.90,2.63,true,1,
7290013474407,false,בייגלה דקים פרג/שומש300ג,יוניליוור,IL,בייגלה דקים,גרמים,300.00,100 גרם,false,0,7.90,2.63,true,1,
7290013474438,false,בייגלה דקים שומשום300גרם,יוניליוור,IL,בייגלה דקים,גרמים,300.00,100 גרם,false,0,7.90,2.63,true,1,
7290013521101,false,פסטה כוסמין,,GB,פסטה כוסמין,גרמים,350.00,100 גרם,false,0,19.90,5.69,true,1,
7290013521170,false,פתיבר חרוב אורגנ,,,פתיבר חרוב אורגנ,גרמים,150.00,100 גרם,false,0,13.60,9.07,true,1,
7290013521392,false,רסק תפוחים אורגנ,,NL,רסק תפוחים אורגנ,גרמים,360.00,100 גרם,false,0,13.60,3.78,true,1,
7290013521415,false,אבקת מרק אורגנית,,NL,אבקת מרק אורגנית,גרמים,200.00,100 גרם,false,0,23.70,11.85,true,1,
7290013531117,false,רוטב פסטה לילדים 260 גרם,זנלכל,IL,רוטב פסטה,גרמים,260.00,100 גרם,false,0,4.70,1.81,true,1,
7290013531797,false,אפונה קטנה 200*3 גרם,KFT KECSKEMET,HU,אפונה קטנה 3 יח,גרמים,600.00,100 גרם,false,1,10.90,1.82,true,1,
7290013539816,false,סטייל ק.ידיים אובלפיח100,מיה,IL,סטייל קרם ידיים,מיליליטרים,100.00,"100 מ""ל",false,0,7.50,7.50,true,1,
7290013540034,false,פתיתי טונה בשמן 158*4גרם,תעשיות פילטונה,IL,פתיתי טונה 4 יח,גרמים,632.00,100 גרם,false,0,10.00,1.58,true,1,
7290013540546,false,טונה אלבקור בשמן158*2ג,תעשיות פילטונה,IL,טונה אלבקור בשמן,גרמים,316.00,100 גרם,false,0,9.90,3.13,true,1,
7290013540577,false,סרדינים חריפים בשמן צמחי,תעשיות פילטונה,MA,סרדינים חריפים,גרמים,125.00,100 גרם,false,0,5.90,4.72,true,1,
7290013540584,false,סרדינים בשמן צמחי 125גרם,תעשיות פילטונה,MA,סרדינים בשמן צמח,גרמים,125.00,100 גרם,false,0,5.90,4.72,true,1,
7290013540614,false,סרדינים בשמן זית 125 גרם,תעשיות פילטונה,MA,סרדינים בשמן זית,גרמים,125.00,100 גרם,false,0,6.80,5.44,true,1,
7290013566096,false,פינוקים חטיפי גלידה כשלפ,נסטלה,IL,פינוקים חטיפי גלידה כשלפ,גרמים,570.00,100 גרם,false,0,48.50,8.51,true,1,
7290013566119,false,פינוקים-חטיפי גלידה כשלפ,נסטלה,IL,פינוקים-חטיפי גלידה כשלפ,גרמים,570.00,100 גרם,false,0,48.50,8.51,true,1,
7290013584113,false,"ספרייט פחית סליק 330 מ""ל",החברה המרכזית לייצור משקאות,IL,ספרייט,מיליליטרים,330.00,"100 מ""ל",false,0,4.50,1.36,true,1,
7290013584175,false,ספרייט 1.5*6 ליטר,החברה המרכזית לייצור משקאות,IL,ספרייט שישייה,ליטרים,9.00,ליטר,false,0,29.90,3.32,true,1,
7290013584182,false,ספרייט 1.5 ליטר,החברה המרכזית לייצור משקאות,IL,ספרייט בקבוק,ליטרים,1.50,ליטר,false,0,6.00,4.00,true,1,
7290013585240,false,ספרייט זירו 1.5 ליטר,החברה המרכזית לייצור משקאות,IL,ספרייט זירו,ליטרים,1.50,ליטר,false,1,6.50,4.33,true,1,
7290013585271,false,ספרייט זירו 1.5*6 ליטר,החברה המרכזית לייצור משקאות,IL,ספרייט זירו 6 יח,ליטרים,9.00,ליטר,false,1,35.90,3.99,true,1,
7290013585325,false,קוקה קולה 2*6 ליטר,החברה המרכזית לייצור משקאות,IL,קוקה קולה 2*6 ל,ליטרים,12.00,ליטר,false,1,44.90,3.74,true,1,
7290013585356,false,פיוז תה פירות יער 1.5ל',מבשלות בירה בינלאומיות,IL,פיוז תה,ליטרים,1.50,ליטר,false,1,7.10,4.73,true,1,
7290013585394,false,קוקה קולה 1 ליטר,החברה המרכזית לייצור משקאות,IL,קוקה קולה,ליטרים,1.00,ליטר,false,1,5.50,5.50,true,1,
7290013585448,false,בירה ויינשטפן ויטוס330מ,ויינשטפן,DE,בירה ויינשטפן,מיליליטרים,330.00,"100 מ""ל",false,1,14.40,4.36,true,1,
7290013585462,false,קוקה קולה זירו 2*6 ליטר,החברה המרכזית לייצור משקאות,IL,קולה זירו 6 * 2ל,ליטרים,12.00,ליטר,false,1,41.90,3.49,true,1,
7290013585554,false,קינלי סודה 1.5*6 ליטר,החברה המרכזית לייצור משקאות,IL,קינלי סודה 6 יח,ליטרים,9.00,ליטר,false,1,13.90,1.54,true,1,
7290013586117,false,"ספרייט פחיות 330*6 מ""ל",קוקה קולה,IL,ספרייט 6 פחיות,ליטרים,1.98,ליטר,false,1,19.90,10.05,true,1,
7290013608017,false,מיץ פירות הדר100%טבעי 2ל,גניר,IL,מיץ פירות הדר,ליטרים,2.00,ליטר,false,0,23.90,11.95,true,1,
7290013608086,false,מיץ פירות הדר100%טבעי1ל,גניר,IL,מיץ פירות הדר,ליטרים,1.00,ליטר,false,0,10.00,10.00,true,1,
7290013608260,false,מיץ רימונים סחוט טרי 1ל',גניר,IL,מיץ רימונים,ליטרים,1.00,ליטר,false,0,17.90,17.90,true,1,
7290013608277,false,מיץ רימון תפוח 100% 1ל',גניר,IL,מיץ רימון תפוח,ליטרים,1.00,ליטר,false,0,17.90,17.90,true,1,
7290013652157,false,מגב.מסירי איפור רגיל30*3,פישר  מעבדות  פרמצבטיות,IL,מגבונים 3 יח,יחידה,1.00,יחידה,false,0,24.90,24.90,true,1,
7290013652799,false,ק.לחות נטורל קר רגיל400מ,פישר  מעבדות  פרמצבטיות,,קרם לחות לשיער,מיליליטרים,400.00,"100 מ""ל",false,0,15.00,3.75,true,1,
7290013652812,false,ק.ידיים נטורל קר רגיל150,פישר  מעבדות  פרמצבטיות,,קרם ידיים נטורל,מיליליטרים,150.00,"100 מ""ל",false,0,15.10,10.07,true,1,
7290013652843,false,שמפו נטורל קר ש. רג700.מ,פישר  מעבדות  פרמצבטיות,IL,שמפו נטורל קר,מיליליטרים,700.00,"100 מ""ל",false,0,15.00,2.14,true,1,
7290013675095,false,שניצל ביתי אפוי 500גרם,תנובה,IL,שניצל ביתי אפוי 500גרם,גרמים,500.00,100 גרם,false,0,29.60,5.92,true,1,
7290013675101,false,שניצל דגנים אפוי 500גרם,תנובה,IL,שניצל דגנים אפוי 500גרם,גרמים,500.00,100 גרם,false,0,29.60,5.92,true,1,
7290013675163,false,שניצל קריספי מ.עוף 500ג,תנובה,IL,שניצל קריספי מ.עוף 500ג,גרמים,500.00,100 גרם,false,1,29.90,5.98,true,1,
7290013675170,false,שניצל קריספי שומשום עוף,תנובה,IL,שניצל קריספי שומשום עוף,גרמים,500.00,100 גרם,false,1,29.90,5.98,true,1,
7290013675187,false,שניצל קריספי חריף 500גרם,תנובה,IL,שניצל קריספי חרי,גרמים,500.00,100 גרם,false,14,29.90,5.98,true,1,
7290013675194,false,שניצל אמיתי ביתי ל.גלוטן,מאמא עוף,IL,שניצל אמיתי,גרמים,700.00,100 גרם,false,1,41.70,5.96,true,1,
7290013675316,false,אצבעות שניצל ללא גלוטן,מאמא עוף,IL,אצבעות שניצל,גרמים,700.00,100 גרם,false,1,35.00,5.00,true,1,
7290013683458,false,לחם קמח מלא אפוי קפוא510,גידרון,IL,לחם קמח מלא,גרמים,510.00,100 גרם,false,0,9.90,1.94,true,1,
7290013683465,false,לחם עם בצל אפוי קפוא485ג,גידרון,IL,לחם עם בצל,גרמים,485.00,100 גרם,false,0,9.90,2.04,true,1,
7290013683472,false,לחם רוסי אפוי קפוא 485גר,גידרון,IL,לחם רוסי,גרמים,485.00,100 גרם,false,0,9.90,2.04,true,1,
7290013683595,false,עוגת פס שביל החלב 600 גר,גידרון,IL,עוגת פס שביל חלב,גרמים,600.00,100 גרם,false,0,37.90,6.32,true,1,
7290013683625,false,עוגת קצפת ריבת חלב 1.3קג,גידרון,IL,עוגת קצפת,קילוגרמים,1.30,"ק""ג",false,0,79.90,61.46,true,1,
7290013683632,false,עוגת קצפת עם אגוזים1.3קג,גידרון,IL,עוגת קצפת,קילוגרמים,1.30,"ק""ג",false,0,79.90,61.46,true,1,
7290013702005,false,מים טעם פירות יער 1.5 ל,יפאורה שותפות מובגלת לשיווק,IL,מים פירות יער,ליטרים,1.50,ליטר,false,0,5.00,3.33,true,1,
7290013702029,false,שוופס מים טעם אפרסק 1.5ל,יפאורה שותפות מובגלת לשיווק,IL,שוופס מים אפרסק,ליטרים,1.50,ליטר,false,0,5.00,3.33,true,1,
7290013702036,false,"שוופס אפרסק 500 מ""ל",יפאורה שותפות מובגלת לשיווק,IL,שוופס אפרסק,מיליליטרים,500.00,"100 מ""ל",false,0,7.50,1.50,true,1,
7290013702043,false,שוופס מים טעם ענבים 1.5ל,יפאורה שותפות מובגלת לשיווק,IL,מים בטעם ענבים,ליטרים,1.50,ליטר,false,0,5.00,3.33,true,1,
7290013702111,false,ספרינג תה 1.5*4 ליטר,יפאורה שותפות מובגלת לשיווק,IL,ספרינג תה 4 יח',ליטרים,6.00,ליטר,false,0,17.90,2.98,true,1,
7290013702371,false,שוופס מים בטעם תפוח 1.5ל,יפאורה שותפות מובגלת לשיווק,IL,שוופס מים תפוח,ליטרים,1.50,ליטר,false,0,5.00,3.33,true,1,
7290013702388,false,"שוופס תפוח 500 מ""ל",יפאורה שותפות מובגלת לשיווק,IL,שוופס תפוח,מיליליטרים,500.00,"100 מ""ל",false,0,7.50,1.50,true,1,
7290013702463,false,שוופס מוגז למונייד 1.5 ל,יפאורה שותפות מובגלת לשיווק,IL,שוופס למונייד,ליטרים,1.50,ליטר,false,0,6.60,4.40,true,1,
7290013702470,false,שוופס מוגז לימונדה ורודה,יפאורה שותפות מובגלת לשיווק,IL,שוופס לימונדה,ליטרים,1.50,ליטר,false,0,6.60,4.40,true,1,
7290013702494,false,שוופס מוגז למון ליים1.5ל,יפאורה שותפות מובגלת לשיווק,IL,שוופס למון ליים,ליטרים,1.50,ליטר,false,0,4.90,3.27,true,1,
7290013702500,false,שוופס דיאט למון ליים1.5ל,יפאורה שותפות מובגלת לשיווק,IL,שוופס למון ליים,ליטרים,1.50,ליטר,false,0,4.90,3.27,true,1,
7290013702555,false,שוופס מוגז עדין אננס1.5ל,יפאורה שותפות מובגלת לשיווק,IL,שוופס מוגז עדין,ליטרים,15.00,ליטר,false,0,6.50,0.43,true,1,
7290013702852,false,"שוופס ראשן 330 מ""ל",יפאורה שותפות מובגלת לשיווק,IL,שוופס ראשן,מיליליטרים,330.00,"100 מ""ל",false,0,5.80,1.76,true,1,
7290013702883,false,שוופס לימונדה ורודה500מ,יפאורה שותפות מובגלת לשיווק,IL,שוופס לימונדה,מיליליטרים,500.00,"100 מ""ל",false,0,4.60,0.92,true,1,
7290013702951,false,שוופס למון ליים 1.5*6ל',יפאורה שותפות מובגלת לשיווק,IL,שוופס ליים 6 יח,ליטרים,9.00,ליטר,false,0,19.90,2.21,true,1,
7290013702968,false,שוופס למ.ליים דיאט1.5*6ל,יפאורה שותפות מובגלת לשיווק,IL,שוופס ליים 6 יח,ליטרים,9.00,ליטר,false,0,19.90,2.21,true,1,
7290013702999,false,שוופס מוגז גוארנה1.5ל,יפאורה שותפות מובגלת לשיווק,IL,שוופס גוארנה,ליטרים,1.50,ליטר,false,0,6.60,4.40,true,1,
7290013704054,false,6 פינה ירוקה קבוצה,שונות,IL,6 פינה ירוקה קבוצה,יחידה,1.00,יחידה,false,0,39.90,39.90,true,1,
7290013704078,false,8 פינה ירוקה קבוצה,שונות,IL,פינה ירקוה,יחידה,1.00,יחידה,false,0,49.90,49.90,true,1,
7290013724700,false,חמוציות 250גרם,דין שיווק,IL,חמוציות 250גרם,גרמים,250.00,100 גרם,false,0,10.00,4.00,true,1,
7290013724748,false,מנצ'ס 400גרם,,IL,מנצ'ס 400גרם,גרמים,400.00,100 גרם,false,0,10.00,2.50,true,1,
7290013724762,false,גרעין חמנייה 500 גרם,דין שיווק,IL,גרעין חמנייה,גרמים,500.00,100 גרם,false,0,10.00,2.00,true,1,
7290013724779,false,זית 500 גרם,,,זית 500 גרם,גרמים,500.00,100 גרם,false,0,9.90,1.98,true,1,
7290013724939,false,חמוציות בשוקולד מריר,שקדיה,IL,חמוציות בשוקולד,גרמים,160.00,100 גרם,false,0,14.80,9.25,true,1,
7290013724946,false,שקדים בשוקולד מריר 160גר,שקדיה,IL,שקד בשוקולד מריר,גרמים,160.00,100 גרם,false,0,14.80,9.25,true,1,
7290013724953,false,חמוציות בשוקולד חלב 160ג,שקדיה,IL,חמוציות בשוקולד,גרמים,160.00,100 גרם,false,0,14.80,9.25,true,1,
7290013724960,false,שקדים בשוקולד חלב 160גרם,שקדיה,IL,שקדים בשוקולד,גרמים,160.00,100 גרם,false,0,14.80,9.25,true,1,
7290013724977,false,צימוק בשוקולד מריר 160גר,שקדיה,IL,צימוק בשוקולד,גרמים,160.00,100 גרם,false,0,14.80,9.25,true,1,
7290013724984,false,בוטנים בשוקולד מריר 160ג,שקדיה,IL,בוטנים בשוקולד,גרמים,160.00,100 גרם,false,0,14.80,9.25,true,1,
7290013725639,false,צ'ילי חריף 700 גרם,,,צ'ילי חריף 700 גרם,גרמים,700.00,100 גרם,false,0,13.00,1.86,true,1,
7290013725646,false,צ'ילי מתוק 700 גרם,,,צ'ילי מתוק 700 גרם,גרמים,700.00,100 גרם,false,0,10.80,1.54,true,1,
7290013725677,false,חומץ אורז לבן לסושי300מל,,,חומץ אורז לבן לסושי300מל,מיליליטרים,300.00,"100 מ""ל",false,0,11.90,3.97,true,1,
7290013725707,false,"שמן שומשום 150 מ""ל",,,"שמן שומשום 150 מ""ל",מיליליטרים,150.00,"100 מ""ל",false,0,15.10,10.07,true,1,
7290013725714,false,רוטב סויה סגנון יפני623מ,,,רוטב סויה סגנון יפני623מ,מיליליטרים,623.00,"100 מ""ל",false,0,11.00,1.77,true,1,
7290013725738,false,אצות ים נורי לסושי 25גרם,,,אצות ים נורי לסושי 25גרם,גרמים,25.00,100 גרם,false,0,14.80,59.20,true,1,
7290013725752,false,נודלס דק להכנה מהירה400ג,,,נודלס דק להכנה מהירה400ג,גרמים,400.00,100 גרם,false,0,6.50,1.63,true,1,
7290013725769,false,נודלס עבה הכנה מהירה400ג,,,נודלס עבה הכנה מהירה400ג,גרמים,400.00,100 גרם,false,0,6.50,1.63,true,1,
7290013725837,false,שומשום בשוקולד חלב 160גר,שקדיה,IL,שומשום בשוקלד,גרמים,160.00,100 גרם,false,0,14.80,9.25,true,1,
7290013725929,false,"מירין 300 מ""ל",,,"מירין 300 מ""ל",מיליליטרים,300.00,"100 מ""ל",false,0,11.90,3.97,true,1,
7290013743824,false,"אלסבון ילדים ד""ר פישר750",פישר  מעבדות  פרמצבטיות,IL,אל סבון לילדים,מיליליטרים,750.00,"100 מ""ל",false,0,17.90,2.39,true,1,
7290013771216,false,פטאקי 16% 250 גרם,מחלבת השומרון,IL,פטאקי 16%,גרמים,250.00,100 גרם,false,0,10.90,4.36,true,1,
7290013847119,false,טונה סטארקיסט קנולה160*4,סטארקיסט,IL,טונה בשמן 4 יח,גרמים,640.00,100 גרם,false,0,27.90,4.36,true,1,
7290013847157,false,טונה שמ.זית כ.מעולה110*4,סטארקיסט,IL,טונה בשמן זית4יח,גרמים,440.00,100 גרם,false,0,29.60,6.73,true,1,
7290013847546,false,טונה דל נתרן בשמן 160*4ג,סטארקיסט,IL,טונה בשמן 4 יח,גרמים,640.00,100 גרם,false,1,26.70,4.17,true,1,
7290013847553,false,טונה דל נתרן במים 160*4ג,סטארקיסט,IL,טונה במים 4 יח,גרמים,640.00,100 גרם,false,1,26.70,4.17,true,1,
7290013847607,false,סטארקיסט לסלט שמן שום160,סטארקיסט,IL,סטארקיסט לה סלט,גרמים,160.00,100 גרם,false,1,7.80,4.88,true,1,
7290013847614,false,סטארקיסט לסלט ויניגרט160,סטארקיסט,IL,סטארקיסט לה סלט,גרמים,160.00,100 גרם,false,1,7.80,4.88,true,1,
7290013847621,false,סטארקיסט לסלט קייסר160ג,סטארקיסט,IL,סטארקיסט לה סלט,גרמים,160.00,100 גרם,false,1,7.80,4.88,true,1,
7290013847652,false,סטארק.לסנדביץ חמוצים200ג,סטארקיסט,IL,סטארקיסט לסנדביץ,גרמים,200.00,100 גרם,false,1,8.80,4.40,true,1,
7290013847669,false,סטארקיסט לסנדביץ צ'ילי,סטארקיסט,IL,סטארקיסט לסנדביץ,גרמים,200.00,100 גרם,false,1,8.80,4.40,true,1,
7290013847676,false,סטארקיסט לסנדביץ+בצל200ג,סטארקיסט,IL,סטארקיסט לסנדביץ,גרמים,200.00,100 גרם,false,1,8.80,4.40,true,1,
7290013848130,false,תחליב רח.כיף אוקיינוס750,קוסמופארם,IL,תחליב רחצה כיף,מיליליטרים,750.00,"100 מ""ל",false,0,10.00,1.33,true,1,
7290013848383,false,קמה מן ג'ל רחצה אקטיב700,קוסמופארם,IL,ג'ל רחצה קרמה מן,מיליליטרים,700.00,"100 מ""ל",false,0,14.90,2.13,true,1,
7290013848581,false,נייר מגבת בגליל,,IL,נייר מגבת בגליל,מטרים,63.00,מטר,false,0,10.00,0.16,true,1,
7290013848611,false,רדיד אלומיניום,,IL,רדיד אלומיניום,מטרים,61.00,מטר,false,0,39.60,0.65,true,1,
7290013848635,false,קרמה אלפא שמפו רגיל 700,קוסמופארם,IL,שמפו שיער קרמה,מיליליטרים,700.00,"100 מ""ל",false,0,12.90,1.84,true,1,
7290013848642,false,קרמה אלפא שמפו יבש 700 מ,קוסמופארם,IL,שמפו שיער קרמה,מיליליטרים,700.00,"100 מ""ל",false,0,12.90,1.84,true,1,
7290013848666,false,קרמה אלפא שמפו מתולתל700,קוסמופארם,IL,שמפו שיער קרמה,מיליליטרים,700.00,"100 מ""ל",false,0,12.90,1.84,true,1,
7290013848680,false,קרמה אלפא מרכך רגיל 700מ,קוסמופארם,IL,מרכך שיער קרמה,מיליליטרים,700.00,"100 מ""ל",false,0,12.90,1.84,true,1,
7290013848697,false,קרמה אלפא מרכך יבש 700מל,קוסמופארם,IL,מרכך שיער קרמה,מיליליטרים,700.00,"100 מ""ל",false,0,12.90,1.84,true,1,
7290013848758,false,ג'ל לכביסה בייבי,,IL,ג'ל לכביסה בייבי,ליטרים,3.00,ליטר,false,0,36.90,12.30,true,1,
7290013848789,false,סבון מוצק כיף דבש100*4ג,קוסמופארם,IL,רביעיית סבון כיף,גרמים,400.00,100 גרם,false,0,10.00,2.50,true,1,
7290013848888,false,דאו.קרמה רול און קלאסי75,קוסמופארם,IL,דאודורנט קרמה,מיליליטרים,75.00,"100 מ""ל",false,0,10.00,13.33,true,1,
7290013848895,false,דאו.קרמה רול און מאסק75מ,קוסמופארם,IL,דאודורנט קרמה,מיליליטרים,75.00,"100 מ""ל",false,0,10.00,13.33,true,1,
7290013848901,false,קרמה רול און אורכידאה 75,קוסמופארם,IL,דאודורנט קרמה,מיליליטרים,75.00,"100 מ""ל",false,0,10.00,13.33,true,1,
7290013848918,false,דאו.קרמה רול און דבש75מ,קוסמופארם,IL,דאודורנט קרמה,מיליליטרים,75.00,"100 מ""ל",false,0,10.00,13.33,true,1,
7290013848932,false,דאו.קרמה סטיק מאסק75גר,קוסמופארם,IL,דאודורנט קרמה,גרמים,75.00,100 גרם,false,0,15.90,21.20,true,1,
7290013848949,false,דאו.קרמה סטיק אורכידאה75,קוסמופארם,IL,דאודורנט קרמה,גרמים,75.00,100 גרם,false,0,15.90,21.20,true,1,
7290013848970,false,דאו.קרמה ספריי קלאס150מ,קוסמופארם,IL,דאודורנט קרמה,מיליליטרים,150.00,"100 מ""ל",false,0,10.00,6.67,true,1,
7290013848987,false,דאו.קרמה ספריי מאסק 150מ,קוסמופארם,IL,דאודורנט קרמה,מיליליטרים,150.00,"100 מ""ל",false,0,10.00,6.67,true,1,
7290013848994,false,קרמה ספריי אורכידאה 150מ,קוסמופארם,IL,דאודורנט קרמה,מיליליטרים,150.00,"100 מ""ל",false,0,10.00,6.67,true,1,
7290013861054,false,צימוקים בשוקולד חלב 160ג,שקדיה,IL,צימוק בשוקולד,גרמים,160.00,100 גרם,false,0,14.80,9.25,true,1,
7290013861412,false,חטיפי קוקוס 250גרם,דין שיווק,IL,חטיפי קוקוס 250גרם,גרמים,250.00,100 גרם,false,0,9.90,3.96,true,1,
7290013861429,false,חטיפי שומשום 250גרם,דין שיווק,IL,חטיפי שומשום 250גרם,גרמים,250.00,100 גרם,false,0,9.90,3.96,true,1,
7290013861443,false,חטיפי בוטנים 250גרם,דין שיווק,IL,חטיפי בוטנים 250גרם,גרמים,250.00,100 גרם,false,0,9.90,3.96,true,1,
7290013861566,false,"אורז לסושי 1 ק""ג",,,"אורז לסושי 1 ק""ג",קילוגרמים,1.00,"ק""ג",false,0,11.90,11.90,true,1,
7290013861740,false,ניוקי 500 גרם,,,ניוקי 500 גרם,גרמים,500.00,100 גרם,false,0,7.00,1.40,true,1,
7290013861962,false,פיסטוק חלבי קלוי 200גרם,שקדיה,IL,פיסטוק קלוי,גרמים,200.00,100 גרם,false,0,23.70,11.85,true,1,
7290013861979,false,שקד קלוף קלוי 200גרם,שקדיה,IL,שקד קלוף קלוי,גרמים,200.00,100 גרם,false,0,22.70,11.35,true,1,
7290013883445,false,אסטוניש קרם מטבח,,IL,אסטוניש קרם מטבח,מיליליטרים,550.00,"100 מ""ל",false,0,12.90,2.35,true,1,
7290013904799,false,גפילטעפיש 280גרם,מבושלת,IL,גפילטעפיש 280גרם,גרמים,280.00,100 גרם,false,0,27.50,9.82,true,1,
7290013906205,false,פסטרמה שום וצ'ילי 400 גר,טירת צבי,IL,פסטרמה שום+צ'לי,גרמים,400.00,100 גרם,false,0,31.50,7.88,true,1,
7290013906212,false,"נקניקיות וינר 1 ק""ג",טירת צבי,IL,נקניקיות וינר,קילוגרמים,1.00,"ק""ג",false,0,31.90,31.90,true,1,
7290013906441,false,קבנוס 120 גרם,טירת צבי,IL,קבנוס,גרמים,120.00,100 גרם,false,0,11.80,9.83,true,1,
7290013906496,false,פסטרמה עגל רומני 120 גרם,טירת צבי,IL,פסטרמה עגל רומני,גרמים,120.00,100 גרם,false,0,15.30,12.75,true,1,
7290013906687,false,צמד כפרי ברביקיו 600גרם,טירת צבי,IL,צמד כפרי ברביקיו,גרמים,600.00,100 גרם,false,8,28.90,4.82,true,1,
7290013906755,false,פסט.ברביקיו מרכבים טבעים,טירת צבי,IL,פסטרמה ברביקיו,גרמים,200.00,100 גרם,false,1,18.90,9.45,true,1,
7290013906762,false,פסטרמה בדבש מרכבים טבעים,טירת צבי,IL,פסטרמה בדבש,גרמים,200.00,100 גרם,false,1,18.90,9.45,true,1,
7290013906779,false,פסטר.פפריקה מרכיבים טבעי,טירת צבי,IL,פסטרמה פפריקה,גרמים,200.00,100 גרם,false,1,18.90,9.45,true,1,
7290013906786,false,נקניקיות וינר לל חומר מש,טירת צבי,IL,נקניקיות וינר,גרמים,700.00,100 גרם,false,1,24.90,3.56,true,1,
7290013906793,false,נקניקיות ע.ללא חומר משמר,טירת צבי,IL,נקניקיות עוף,גרמים,700.00,100 גרם,false,1,24.90,3.56,true,1,
7290013927101,false,"עוגה ללא סוכר תפו""ע450ג","אחדות בע""מ א.ת. ברקן",IL,עוגת תפוח עץ,גרמים,450.00,100 גרם,false,0,12.90,2.87,true,1,
7290013927156,false,עוגה ללא סוכר פ.יער450ג,"אחדות בע""מ א.ת. ברקן",IL,עוגת פירות יער,גרמים,450.00,100 גרם,false,0,12.90,2.87,true,1,
7290013986023,false,שמפו+מרכך סרקל,,IL,שמפו+מרכך סרקל,ליטרים,1.25,ליטר,false,0,25.30,20.24,true,1,
7290013994080,false,פנה מקמח כוסמין,,IL,פנה מקמח כוסמין,גרמים,400.00,100 גרם,false,0,18.70,4.68,true,1,
7290013994097,false,פפרדלה מקמח לבן,,IL,פפרדלה מקמח לבן,גרמים,250.00,100 גרם,false,0,11.40,4.56,true,1,
7290013994172,false,משקה כוסמין,,IT,משקה כוסמין,ליטרים,1.00,ליטר,false,0,16.80,16.80,true,1,
7290013994189,false,משקה אורז,,IT,משקה אורז,ליטרים,1.00,ליטר,false,0,12.80,12.80,true,1,
7290013994196,false,חטיף שומשום,,IL,חטיף שומשום,גרמים,110.00,100 גרם,false,0,23.70,21.55,true,1,
7290013994202,false,חטיף שומשום,,IL,חטיף שומשום,גרמים,110.00,100 גרם,false,0,23.70,21.55,true,1,
7290013994578,false,סובין שיב.שועל אורגני300,.,IL,סובין שבולת,גרמים,300.00,100 גרם,false,0,9.80,3.27,true,1,
7290013994653,false,קינואה אורגנית 500 גרם,אול אורגני,IL,קינואה אורגנית,גרמים,500.00,100 גרם,false,1,17.90,3.58,true,1,
7290013994691,false,פולנטה אורגנית 500 גרם,אול אורגני,IL,פולנטה אורגנית,גרמים,500.00,100 גרם,false,1,10.90,2.18,true,1,
7290013997180,false,"נקניקיה דלישס צמחי 1 ק""ג",טבעול,IL,נקניקיה דלישס,גרמים,1000.00,100 גרם,false,0,37.60,3.76,true,1,
7290013997937,false,מיני המבורגר פטריות טבעו,טבעול,IL,מיני המבורגר פטר,גרמים,540.00,100 גרם,false,0,26.90,4.98,true,1,
7290014002074,false,ויסוצקידס פטל 20 שקיקים,ויסוצקי,IL,ויסוצקידס פטל,גרמים,54.00,100 גרם,false,0,13.90,25.74,true,1,
7290014002135,false,תה ירוק מיקס 25 שקיקים,ויסוצקי,IL,תה ירוק מיקס,גרמים,37.00,100 גרם,false,0,21.90,59.19,true,1,
7290014002173,false,תה ירוק תפוז 25ש1.5*גר,ויסוצקי,IL,תה ירוק תפוז,גרמים,37.00,100 גרם,false,0,21.90,59.19,true,1,
7290014002203,false,חליטת לימונים לואיזה 25ש,ויסוצקי,IL,חליטת לימונים,גרמים,75.00,100 גרם,false,0,16.90,22.53,true,1,
7290014002579,false,תה ירוק וניל 25 שקיקים,ויסוצקי,IL,תה ירוק וניל,גרמים,38.00,100 גרם,false,0,21.90,57.63,true,1,
7290014002609,false,תה ירוק פטל 25שק',ויסוצקי,IL,תה ירוק פטל,גרמים,38.00,100 גרם,false,0,21.90,57.63,true,1,
7290014002616,false,תה ירוק ענבים 25שק',ויסוצקי,IL,תה ירוק ענבים,גרמים,38.00,100 גרם,false,0,21.90,57.63,true,1,
7290014046023,false,מוס כבד עוף+ פטריות 140ג,מעדני יחיעם,IL,מוס כבד עוף+פטר,גרמים,140.00,100 גרם,false,5,15.90,11.36,true,1,
7290014046030,false,מוס כבד עוף 140גרם,מעדני יחיעם,IL,מוס כבד עוף,גרמים,140.00,100 גרם,false,5,15.90,11.36,true,1,
7290014046436,false,נשנושי קבנוס 125 גרם,מעדני יחיעם,IL,נשנושי קבנוס,גרמים,125.00,100 גרם,false,0,13.80,11.04,true,1,
7290014046474,false,"נקניקיות עוף 1.5 ק""ג",מעדני יחיעם,IL,נקניקיות עוף,קילוגרמים,1.50,"ק""ג",false,0,29.60,19.73,true,1,
7290014059061,false,"מי פה פרודונטקס 500 מ""ל",גלקסוסמיתקליין,DE,מי פה פרודונטקס,מיליליטרים,500.00,"100 מ""ל",false,0,26.60,5.32,true,1,
7290014059153,false,סנסודיין מי פה פרונמל250,גלקסוסמיתקליין,DE,מי פה סנסודיין,מיליליטרים,250.00,"100 מ""ל",false,0,19.10,7.64,true,1,
7290014066168,false,קפה לבוקר טחון מארז70*4ג,קפה לנדוור,IL,קפה לנדוור 4 יח,גרמים,280.00,100 גרם,false,1,19.70,7.04,true,1,
7290014079878,false,זוג לבבות אנדיב יחידה,מרינה,IL,זוג לבבות אנדיב,יחידה,1.00,יחידה,false,1,12.90,12.90,true,1,
7290014083387,false,נתחי טונה בשמן,,IT,נתחי טונה בשמן,גרמים,190.00,100 גרם,false,0,13.90,7.32,true,1,
7290014083424,false,אורז פרסי,,TH,אורז פרסי,קילוגרמים,1.00,"ק""ג",false,0,5.30,5.30,true,1,
7290014083561,false,קוביות עגבניות,,IT,קוביות עגבניות,קילוגרמים,1.20,"ק""ג",false,0,16.00,13.33,true,1,
7290014083783,false,עגבניות מרוסקות,,IT,עגבניות מרוסקות,קילוגרמים,1.20,"ק""ג",false,0,16.00,13.33,true,1,
7290014083806,false,עוגיות טעם חמאה,,PT,עוגיות טעם חמאה,גרמים,350.00,100 גרם,false,0,10.90,3.11,true,1,
7290014083813,false,שפרוטים,,IL,שפרוטים,גרמים,190.00,100 גרם,false,0,8.90,4.68,true,1,
7290014094062,false,גרעין שחור קלוי 200גרם,שקדיה,IL,גרעין שחור קלוי,גרמים,200.00,100 גרם,false,0,7.80,3.90,true,1,
7290014094079,false,בוטן קלוף קלוי 200גרם,שקדיה,IL,בוטן קלוף קלוי,גרמים,200.00,100 גרם,false,0,9.80,4.90,true,1,
7290014094093,false,גרעין לבן קלוי 200גרם,שקדיה,IL,גרעין לבן קלוי,גרמים,200.00,100 גרם,false,0,11.90,5.95,true,1,
7290014094116,false,מנצ'ס 200גרם,שקדיה,IL,מנצ'ס,גרמים,200.00,100 גרם,false,0,10.80,5.40,true,1,
7290014094130,false,גרעין אבטיח קלוי 200גרם,שקדיה,IL,גרעין אבטיח,גרמים,200.00,100 גרם,false,0,15.80,7.90,true,1,
7290014094307,false,סילאן טבעי 360 גרם,,IL,סילאן טבעי 360 גרם,גרמים,360.00,100 גרם,false,0,11.90,3.31,true,1,
7290014094413,false,סרדין בשמן סויה,,PT,סרדין בשמן סויה,גרמים,115.00,100 גרם,false,0,4.90,4.26,true,1,
7290014094420,false,סרדין חריף,,PT,סרדין חריף,גרמים,115.00,100 גרם,false,0,4.90,4.26,true,1,
7290014094475,false,"רוטב צ'ילי מתוק 700 מ""ל",,IL,"רוטב צ'ילי מתוק 700 מ""ל",מיליליטרים,700.00,"100 מ""ל",false,0,9.90,1.41,true,1,
7290014094482,false,"רוטב צ'ילי חריף 700 מ""ל",,IL,"רוטב צ'ילי חריף 700 מ""ל",מיליליטרים,700.00,"100 מ""ל",false,0,9.90,1.41,true,1,
7290014094499,false,אורז יסמין טהור אהרוני1ק,,IL,אורז יסמין טהור אהרוני1ק,קילוגרמים,1.00,"ק""ג",false,0,9.80,9.80,true,1,
7290014094505,false,אורז בסמטי טהור אהרוני1ק,,IL,אורז בסמטי טהור אהרוני1ק,קילוגרמים,1.00,"ק""ג",false,0,9.90,9.90,true,1,
7290014094512,false,"רוטב טריאקי 300 מ""ל",,IL,"רוטב טריאקי 300 מ""ל",מיליליטרים,300.00,"100 מ""ל",false,0,10.90,3.63,true,1,
7290014094529,false,"רוטב סויה 300 מ""ל",,IL,"רוטב סויה 300 מ""ל",מיליליטרים,300.00,"100 מ""ל",false,0,10.90,3.63,true,1,
7290014094536,false,"רוטב סויה 623 מ""ל",,IL,"רוטב סויה 623 מ""ל",מיליליטרים,630.00,"100 מ""ל",false,0,19.80,3.14,true,1,
7290014094543,false,תרסיס שמן קנולה,,IL,תרסיס שמן קנולה,מיליליטרים,186.00,"100 מ""ל",false,0,14.90,8.01,true,1,
7290014094567,false,שמן זית,,IL,שמן זית,מיליליטרים,750.00,"100 מ""ל",false,0,29.90,3.99,true,1,
7290014095021,false,אגוז מלך קלוף טבעי 150ג,שקדיה,IL,אגוז מלך קלוף,גרמים,150.00,100 גרם,false,0,15.90,10.60,true,1,
7290014095052,false,פקאן מסוכר 150גרם,שקדיה,IL,פקאן מסוכר,גרמים,150.00,100 גרם,false,1,18.70,12.47,true,1,
7290014095458,false,חטיפי גרנולה,,IL,חטיפי גרנולה,גרמים,300.00,100 גרם,false,0,9.90,3.30,true,1,
7290014095472,false,חטיפי גרנולה חמוציות 8יח,,IL,חטיפי גרנולה חמוציות 8יח,יחידה,1.00,יחידה,false,0,9.80,9.80,true,1,
7290014095496,false,חטיפי גרנולה אגוזים 8יח',,IL,חטיפי גרנולה אגוזים 8יח',יחידה,1.00,יחידה,false,0,9.80,9.80,true,1,
7290014095779,false,חטיף מוזלי,,IL,חטיף מוזלי,גרמים,180.00,100 גרם,false,0,9.90,5.50,true,1,
7290014095861,false,שבולת שועל דקה 500 גרם,שקדיה,IL,שיבולת שועל,גרמים,500.00,100 גרם,false,0,5.90,1.18,true,1,
7290014095922,false,"דבש מפרחי הדר 1 ק""ג",שקדיה,IL,דבש מפרחי הדר,קילוגרמים,1.00,"ק""ג",false,0,40.00,40.00,true,1,
7290014095946,false,פקאן בשוקולד מריר 160גרם,שקדיה,IL,פ.בשוקולד מריר,גרמים,160.00,100 גרם,false,0,14.80,9.25,true,1,
7290014095960,false,שבולת שועל עבה 500 גרם,שקדיה,IL,שיבולת שועל,גרמים,500.00,100 גרם,false,0,5.90,1.18,true,1,
7290014126077,false,"מר מאסל למטבח 500מ""ל",ג'ונסון,CN,מר מאסל למטבח,מיליליטרים,500.00,"100 מ""ל",false,0,10.00,2.00,true,1,
7290014126213,false,מר מאסל רב שימושי 750 מל,AMBALAJ APS,TR,מר מאסל רב שימוש,מיליליטרים,750.00,"100 מ""ל",false,0,10.00,1.33,true,1,
7290014126275,false,נוזל לרצפות פרחי בר2.5ל,AMBALAJ APS,TR,מר מאסל לרצפות,ליטרים,2.50,ליטר,false,0,12.90,5.16,true,1,
7290014126428,false,טבליות סטיביה 150 יחידות,סוראל,CN,טבליות סטיביה,גרמים,9.00,100 גרם,false,0,28.70,318.89,true,1,
7290014126701,false,עוג.שוקולד+קרם אספרסו180,TAGO,PL,עוגיות מואי,גרמים,180.00,100 גרם,false,1,11.90,6.61,true,1,
7290014126718,false,עוג.שוקולד+קרם ברולה180ג,TAGO,PL,עוגיות מואי,גרמים,180.00,100 גרם,false,1,11.90,6.61,true,1,
7290014126978,false,דאק דוחה כתמים750*2מ,ג'ונסון,IL,דאק פאוור זוג,מיליליטרים,1500.00,"100 מ""ל",false,0,15.00,1.00,true,1,
7290014204478,false,קרם גוף פנינה מס4' 340 מ,א.ל ארמן,IL,קרם גוף פנינה מס4' 340 מ,מיליליטרים,340.00,"100 מ""ל",false,0,21.90,6.44,true,1,
7290014204713,false,"ספריי לגוף פנינה 250 מ""ל",סאסא קוסמטיקס,IL,"ספריי לגוף פנינה 250 מ""ל",מיליליטרים,250.00,"100 מ""ל",false,1,24.00,9.60,true,1,
7290014204744,false,שמפו סירוק קל פנינה 750,א.ל ארמן,IL,שמפו פנינה,מיליליטרים,750.00,"100 מ""ל",false,1,20.90,2.79,true,1,
7290014217003,false,פפריקה מעושנת במיכל90ג,תבליני טעם וריח,IL,פפריקה,גרמים,90.00,100 גרם,false,0,10.80,12.00,true,1,
7290014217133,false,תערובת תיבול שקשוקה120ג,תבליני טעם וריח,IL,תערובת שקשוקה,גרמים,120.00,100 גרם,false,1,8.80,7.33,true,1,
7290014217140,false,תערובת ראס אל חנות100ג,תבליני טעם וריח,IL,תיבול רס אל חנות,גרמים,100.00,100 גרם,false,1,10.80,10.80,true,1,
7290014217331,false,פפריקה חריפה בשמן 90 גרם,תבליני טעם וריח,IL,פפריקה חריפה,גרמים,90.00,100 גרם,false,0,11.80,13.11,true,1,
7290014217362,false,תיבול לקציצות 100 גרם,תבליני טעם וריח,IL,תיבול לקציצות,גרמים,100.00,100 גרם,false,0,10.80,10.80,true,1,
7290014218086,false,זוג פיצות משפחתית בחבק,"מעדנות בע""מ",IL,זוג פיצות משפחתי,גרמים,1000.00,100 גרם,false,5,29.60,2.96,true,1,
7290014218093,false,פיצה משפחתית קמח מלא 500,"מעדנות בע""מ",IL,פיצה משפחתית,גרמים,500.00,100 גרם,false,0,22.70,4.54,true,1,
7290014218130,false,פיצה דקה גבינה 380גרם,תנובה,IL,פיצה דקה גבינה,גרמים,380.00,100 גרם,false,10,16.90,4.45,true,1,
7290014218154,false,פיצה דקה שום 410גרם,תנובה,IL,פיצה דקה שום,גרמים,410.00,100 גרם,false,10,16.90,4.12,true,1,
7290014218291,false,בצק פילו 500גרם,תנובה,IL,בצק פילו,גרמים,500.00,100 גרם,false,16,23.90,4.78,true,1,
7290014218307,false,בצק פילו קמח מלא 500גרם,תנובה,IL,בצק פילו קמח מלא,גרמים,500.00,100 גרם,false,1,23.90,4.78,true,1,
7290014241589,false,מיקס אגוזים 150גרם,פיצוחי הטיב,IL,מיקס אגוזים,גרמים,150.00,100 גרם,false,0,14.80,9.87,true,1,
7290014256897,false,קריניאנו מבעבע באזז750מ,יקבי כרמל,IL,קריניאנו באזז,מיליליטרים,750.00,"100 מ""ל",false,1,19.90,2.65,true,1,
7290014256903,false,"מוסקטו סלקטד 750 מ""ל",יקבי כרמל,IL,מוסקטו סלקטד,מיליליטרים,750.00,"100 מ""ל",false,1,21.90,2.92,true,1,
7290014256910,false,"מוסקטו מבעבע באזז 750מ""ל",יקבי כרמל,IL,מוסקטו באזז,מיליליטרים,750.00,"100 מ""ל",false,1,19.90,2.65,true,1,
7290014256927,false,אמרלד ריזלינג סלקטד750מ,יקבי כרמל,IL,אמרלד ריזלינג,מיליליטרים,750.00,"100 מ""ל",false,1,21.90,2.92,true,1,
7290014256941,false,סוביניון בלאן סלקטד750מ,יקבי כרמל,IL,סוביניון בלאן,מיליליטרים,750.00,"100 מ""ל",false,1,21.90,2.92,true,1,
7290014256989,false,מיץ ענבים תירוש 1 ליטר,.,IL,מיץ ענבים תירוש,ליטרים,1.00,ליטר,false,1,16.90,16.90,true,1,
7290014258556,false,מטרנה אקסטרה קר קומפ675,נסטלה,IL,מטרנה אקסטרה קר,גרמים,675.00,100 גרם,false,0,69.30,10.27,true,1,
7290014321007,false,"שמן קוקוס אורגני 350 מ""ל",Serendipol,LK,שמן קוקוס אורגני,מיליליטרים,350.00,"100 מ""ל",false,0,32.70,9.34,true,1,
7290014338203,false,מנצ'ס פיקנטי 200גרם,קסין דיי ברייט,CN,מנצ'ס פיקנטי200ג,גרמים,200.00,100 גרם,false,0,8.90,4.45,true,1,
7290014373570,false,עוגיות גרנולה 200 גרם,לחמי,IL,עוגיות גרנולה,גרמים,200.00,100 גרם,false,0,18.00,9.00,true,1,
7290014373792,false,"עוג.רולדה תפו""ע+קינמו300",לחמי,IL,עוגיות רולדה,גרמים,300.00,100 גרם,false,0,19.70,6.57,true,1,
7290014397002,false,דאו.קרמה ספריי דבש 150מ,קוסמופארם,IL,דאודורנט קרמה,מיליליטרים,150.00,"100 מ""ל",false,0,10.00,6.67,true,1,
7290014397279,false,שקיות מזון,,IL,שקיות מזון,יחידה,1.00,יחידה,false,0,10.00,10.00,true,1,
7290014397286,false,מרכך כביסה מרוכז,,IL,מרכך כביסה מרוכז,ליטרים,1.00,ליטר,false,0,15.90,15.90,true,1,
7290014397293,false,מרכך כביסה מרוכז,,IL,מרכך כביסה מרוכז,ליטרים,1.00,ליטר,false,0,15.90,15.90,true,1,
7290014397453,false,מסיר כתמים 3ליטר,,IL,מסיר כתמים 3ליטר,ליטרים,3.00,ליטר,false,0,24.90,8.30,true,1,
7290014397491,false,סנופרש ונ.קוקוס,,IL,סנופרש ונ.קוקוס,מיליליטרים,350.00,"100 מ""ל",false,0,10.90,3.11,true,1,
7290014397507,false,סנופרש מאסק מעוד,,IL,סנופרש מאסק מעוד,מיליליטרים,350.00,"100 מ""ל",false,0,10.90,3.11,true,1,
7290014397521,false,סנופרש לבנדר,,IL,סנופרש לבנדר,מיליליטרים,350.00,"100 מ""ל",false,0,10.90,3.11,true,1,
7290014397538,false,סנופרש סבון מפנק,,IL,סנופרש סבון מפנק,מיליליטרים,350.00,"100 מ""ל",false,0,10.90,3.11,true,1,
7290014397675,false,מרכך כביסה 4ליטר,,IL,מרכך כביסה 4ליטר,ליטרים,4.00,ליטר,false,0,18.50,4.63,true,1,
7290014397729,false,אקונומיקה פיסגה,,IL,אקונומיקה פיסגה,ליטרים,2.00,ליטר,false,0,6.90,3.45,true,1,
7290014397736,false,מ. כביסה מקסימה,,IL,מ. כביסה מקסימה,ליטרים,4.00,ליטר,false,0,18.50,4.63,true,1,
7290014397750,false,סנו אבן קיסר שיש,,IL,סנו אבן קיסר שיש,מיליליטרים,500.00,"100 מ""ל",false,0,24.70,4.94,true,1,
7290014397767,false,ריצפז פרש הום,,IL,ריצפז פרש הום,ליטרים,2.00,ליטר,false,0,16.90,8.45,true,1,
7290014397774,false,ריצפז פרש הום,,IL,ריצפז פרש הום,ליטרים,2.00,ליטר,false,0,16.90,8.45,true,1,
7290014397781,false,ריצפז פרש הום,,IL,ריצפז פרש הום,ליטרים,2.00,ליטר,false,0,16.90,8.45,true,1,
7290014397897,false,מבשם בגדים,,IL,מבשם בגדים,מיליליטרים,350.00,"100 מ""ל",false,0,17.00,4.86,true,1,
7290014397903,false,מבשם בגדים ואריג,,IL,מבשם בגדים ואריג,מיליליטרים,350.00,"100 מ""ל",false,0,17.00,4.86,true,1,
7290014397958,false,"סנו די דוחה יתושים 50 מ""",,IL,"סנו די דוחה יתושים 50 מ""",מיליליטרים,50.00,"100 מ""ל",false,0,20.90,41.80,true,1,
7290014397972,false,סנו די קרם,,IL,סנו די קרם,מיליליטרים,100.00,"100 מ""ל",false,0,22.90,22.90,true,1,
7290014397996,false,סנובון WAVE אקונומיקה,סנו,IL,סנובון WAVE,גרמים,45.00,100 גרם,false,1,7.90,17.56,true,1,
7290014426061,false,משחת שיניים הלו קיטי50מ,כצט,IL,משחת שיניים,מיליליטרים,50.00,"100 מ""ל",false,0,11.90,23.80,true,1,
7290014435704,false,סלמון מעושן 100 גרם,סלטי שמיר,IL,סלמון מעושן,גרמים,100.00,100 גרם,false,0,15.80,15.80,true,1,
7290014435803,false,8מטיאס הולנדי עם בצל180ג,סלטי שמיר,IL,מטיאס הולנדי+בצל,גרמים,180.00,100 גרם,false,0,15.80,8.78,true,1,
7290014435810,false,הרינג כבוש עם בצל 180גרם,סלטי שמיר,IL,הרינג כבוש+בצל,גרמים,180.00,100 גרם,false,0,15.80,8.78,true,1,
7290014435841,false,פילה מטיאס הולנדי שמן180,סלטי שמיר,IL,פילה מטיאס בשמן,גרמים,180.00,100 גרם,false,0,15.80,8.78,true,1,
7290014435872,false,סלט הרינג עם מיונז 180גר,סלטי שמיר,IL,סלט הרינג,גרמים,180.00,100 גרם,false,0,15.80,8.78,true,1,
7290014455245,false,גרנה פדנו משולש 200 גרם,גרנה פדני איטליה,IT,גבינה גרנה פדנו,גרמים,200.00,100 גרם,false,1,23.20,11.60,true,1,
7290014455467,false,מעדן שיבולת שועל 150 גרם,מחלבות גד,IL,מעדן שיבולת שועל,גרמים,150.00,100 גרם,false,1,5.40,3.60,true,1,
7290014459007,false,"קוביות ת""א 700גרם",תפוגן,IL,"קוביות ת""א",גרמים,700.00,100 גרם,false,0,14.80,2.11,true,1,
7290014459083,false,"ציפס כפרי 1.5 ק""ג",תפוגן,IL,ציפס כפרי,קילוגרמים,1.50,"ק""ג",false,0,26.90,17.93,true,1,
7290014459137,false,סטייק צ'יפס תפוגן 1.5קג,תפוגן,IL,סטייק ציפס1.5קג,גרמים,1500.00,100 גרם,false,0,26.90,1.79,true,1,
7290014459151,false,שניצל תירס לייט תפוגן630,תפוגן,IL,שניצל תירס לייט,גרמים,630.00,100 גרם,false,0,22.70,3.60,true,1,
7290014459267,false,"תפוגן פרוסות סלייס 1.5ק""",תפוגן,IL,תפוגן פרוסות,קילוגרמים,1.50,"ק""ג",false,10,26.90,17.93,true,1,
7290014459366,false,נאגטס תירס ללא מרכיב מחי,תפוגן,IL,נאגטס תירס,גרמים,600.00,100 גרם,false,9,19.70,3.28,true,1,
7290014459373,false,"ציפס קראנצי לתנור 1.5ק""ג",אסם,IL,ציפס קראנצי,יחידה,1.00,יחידה,false,1,26.90,26.90,true,1,
7290014466128,false,"אינדיגו הר חרמון 750 מ""ל",יקבי רמת הגולן קצרין,IL,הר חרמון אינדיגו,מיליליטרים,750.00,"100 מ""ל",false,0,29.90,3.99,true,1,
7290014466555,false,גמלא קברנה סוביניון750מ,יקבי רמת הגולן קצרין,IL,גמלא קברנה,מיליליטרים,750.00,"100 מ""ל",false,1,60.00,8.00,true,1,
7290014466579,false,"גמלא סנג'ובזה 750 מ""ל",יקבי רמת הגולן קצרין,IL,גמלא סנג'ובזה,מיליליטרים,750.00,"100 מ""ל",false,1,49.90,6.65,true,1,
7290014466609,false,"גמלא מרלו 750 מ""ל",יקבי רמת הגולן קצרין,IL,גמלא מרלו,מיליליטרים,750.00,"100 מ""ל",false,1,54.90,7.32,true,1,
7290014471238,false,קוביות עגבניות 400 גרם,,IL,קוביות עגבניות 400 גרם,גרמים,400.00,100 גרם,false,0,5.90,1.48,true,1,
7290014471412,false,"מוזלי בוטן אגוז ושקד1ק""ג",דין שיווק,IL,"מוזלי בוטן אגוז ושקד1ק""ג",יחידה,1.00,יחידה,false,0,27.00,27.00,true,1,
7290014471429,false,"מוזלי פירות 1ק""ג",דין שיווק,IL,"מוזלי פירות 1ק""ג",יחידה,1.00,יחידה,false,0,27.00,27.00,true,1,
7290014471436,false,מוזלי צימוק תפוח וקינמון,דין שיווק,IL,מוזלי צימוק תפוח וקינמון,יחידה,1.00,יחידה,false,0,27.00,27.00,true,1,
7290014471443,false,"גרנולה אגוזים 1 ק""ג",דין שיווק,IL,"גרנולה אגוזים 1 ק""ג",יחידה,1.00,יחידה,false,0,27.00,27.00,true,1,
7290014472419,false,קונפיטורה פטל אדום 450 ג,,IL,קונפיטורה פטל אדום 450 ג,גרמים,450.00,100 גרם,false,0,13.80,3.07,true,1,
7290014472433,false,קונפיטורה תות שדה 450 גר,,IL,קונפיטורה תות שדה 450 גר,גרמים,450.00,100 גרם,false,0,13.80,3.07,true,1,
7290014472440,false,קונפיטורה תפוז 450 גרם,,IL,קונפיטורה תפוז 450 גרם,גרמים,450.00,100 גרם,false,0,13.80,3.07,true,1,
7290014472457,false,קונפיטורה פטל שחור 450 ג,,IL,קונפיטורה פטל שחור 450 ג,גרמים,450.00,100 גרם,false,0,13.80,3.07,true,1,
7290014501225,false,"הרי גליל אדום 750 מ""ל",יקב הרי גליל,IL,הרי גליל אדום,מיליליטרים,750.00,"100 מ""ל",false,1,29.90,3.99,true,1,
7290014501232,false,"הרי גליל לבן 750 מ""ל",יקב הרי גליל,IL,הרי גליל לבן,מיליליטרים,750.00,"100 מ""ל",false,1,29.90,3.99,true,1,
7290014503373,false,"יובלים פריים קברנה750מ""ל",יקב דלתון,IL,יובלים קברנה,מיליליטרים,750.00,"100 מ""ל",false,0,49.90,6.65,true,1,
7290014525016,false,סלים פרוט יוגורט תות 5י,סלים פרוטס,ES,חטיפי דגנים מרבה,גרמים,182.00,100 גרם,false,0,10.00,5.49,true,1,
7290014525085,false,עוג.שוקוציפס ללא סוכר200,מרבה,DE,עוגיות ללא סוכר,גרמים,200.00,100 גרם,false,0,17.40,8.70,true,1,
7290014525092,false,עוג.ספריטס ללא סוכר200ג,מרבה,DE,עוגיות ללא סוכר,גרמים,200.00,100 גרם,false,0,17.40,8.70,true,1,
7290014603004,false,מאגדת מיני סולרו תות 295,שטראוס,IL,מאגדת מיני סולרו,גרמים,295.00,100 גרם,false,0,22.70,7.69,true,1,
7290014603073,false,מאגדת מיני מגנום דאבל גר,שטראוס,IL,מאגדת מיני מגנום,גרמים,310.00,100 גרם,false,0,27.90,9.00,true,1,
7290014603110,false,קארט דור שוקולד פאדג520,שטראוס,IL,קארט דור שוקולד,מיליליטרים,520.00,"100 מ""ל",false,6,19.70,3.79,true,1,
7290014603547,false,גל.קרמיסימו וניל+שוק1.3.,שטראוס,IL,גל.קרמיסימו וניל+שוק1.3.,מיליליטרים,665.00,"100 מ""ל",false,0,18.90,2.84,true,1,
7290014603554,false,קרמיסימו סנדיי וניל תות,שטראוס,IL,קרמיסימו סנדיי וניל תות,ליטרים,1.33,ליטר,false,0,18.90,14.21,true,1,
7290014603813,false,קרמיסימו מסטיק וניל 1330,שטראוס,IL,גלידת קרמיסימו,ליטרים,1.33,ליטר,false,0,18.90,14.21,true,1,
7290014603851,false,קארט דור עוגת גבינה 520,שטראוס,IL,קארט דור עוגת גבינה 520,מיליליטרים,520.00,"100 מ""ל",false,15,19.70,3.79,true,1,
7290014603950,false,קארט דור היער השחור 520מ,שטראוס,IL,קארט דור היער השחור 520מ,מיליליטרים,520.00,"100 מ""ל",false,15,19.70,3.79,true,1,
7290014603974,false,"קארט דור אלפחורס 520 מ""ל",שטראוס,IL,"קארט דור אלפחורס 520 מ""ל",מיליליטרים,520.00,"100 מ""ל",false,15,19.70,3.79,true,1,
7290014603981,false,"קארט דור טירמיסו 520 מ""ל",שטראוס,IL,"קארט דור טירמיסו 520 מ""ל",מיליליטרים,520.00,"100 מ""ל",false,15,19.70,3.79,true,1,
7290014603998,false,"קארט דור בראוניז 520 מ""ל",שטראוס,IL,"קארט דור בראוניז 520 מ""ל",מיליליטרים,520.00,"100 מ""ל",false,15,19.70,3.79,true,1,
7290014666344,false,נקסקר נש 48פלסטרים עור,3M,TH,נקסקר פלסטרים,יחידה,1.00,יחידה,false,1,16.90,16.90,true,1,
7290014673557,false,זעפרן אמיתי 0.5,,ES,זעפרן אמיתי 0.5,יחידה,1.00,יחידה,false,0,17.90,17.90,true,1,
7290014683402,false,עוגת יום הולדת שוק.עגול,גידרון,IL,עוגת שוקולד,יחידה,1.00,יחידה,false,0,59.40,59.40,true,1,
7290014692299,false,גבינת ברי,,DK,גבינת ברי,גרמים,125.00,100 גרם,false,0,14.90,11.92,true,1,
7290014692305,false,גבינת קממבר,,DK,גבינת קממבר,גרמים,125.00,100 גרם,false,0,14.90,11.92,true,1,
7290014692541,false,אדם מגורדת EMMA,,LE,אדם מגורדת EMMA,גרמים,500.00,100 גרם,false,0,15.90,3.18,true,1,
7290014692565,false,גרעיני תירס מתוק,,IL,גרעיני תירס מתוק,גרמים,320.00,100 גרם,false,0,4.90,1.53,true,1,
7290014692992,false,טונה במים 4 יח,,PH,טונה במים 4 יח,גרמים,560.00,100 גרם,false,0,24.70,4.41,true,1,
7290014712003,false,חומוס להכנה ביתית400ג,צ.י.תעשיות מזון יבנה,IL,חומוס,גרמים,400.00,100 גרם,false,1,8.00,2.00,true,1,
7290014725348,false,סוכרזית קלאסי 100 שקיות,"ביסקול בע""מ",IL,סוכרזית קלאסי,גרמים,130.00,100 גרם,false,0,14.80,11.38,true,1,
7290014725867,false,אזורה תחליב רח.קלאסיק750,"ביסקול בע""מ",IL,אזורה תחליב רחצה,מיליליטרים,750.00,"100 מ""ל",false,1,12.90,1.72,true,1,
7290014725874,false,אזורה תחליב רח.פרש750,"ביסקול בע""מ",IL,אזורה תחליב רחצה,מיליליטרים,750.00,"100 מ""ל",false,1,12.90,1.72,true,1,
7290014745551,false,שניצל מספרים ע.טוב 100%,עוף טוב,IL,שניצל מספרים,גרמים,700.00,100 גרם,false,0,35.40,5.06,true,1,
7290014745612,false,קציצות ע.חציל וטחינה 600,עוף טוב,IL,קציצות ע.חציל תח,גרמים,600.00,100 גרם,false,0,28.90,4.82,true,1,
7290014745650,false,חטיפי קבנוס עוף טוב130ג,עוף טוב,IL,חטיפי קבנוס,גרמים,130.00,100 גרם,false,0,11.80,9.08,true,1,
7290014745698,false,נקניקיות איכותיות 400גרם,עוף טוב,IL,נקניקיות עוף טוב,גרמים,400.00,100 גרם,false,0,14.80,3.70,true,1,
7290014745933,false,ע.ט.שניצל להכנה ביתית 50,עוף טוב,IL,ע.ט.שניצל להכנה,גרמים,500.00,100 גרם,false,0,30.60,6.12,true,1,
7290014746466,false,שניצל דק מופחת מלח ע.ט.,אסם,IL,שניצל דק מופח מל,גרמים,700.00,100 גרם,false,1,39.60,5.66,true,1,
7290014746480,false,אצבעות שניצל שומשום מופח,אסם,IL,אצבעות שניצל שומ,גרמים,700.00,100 גרם,false,1,32.90,4.70,true,1,
7290014746565,false,שניצל מעודן מופח מלח ע.ט,אסם,IL,שניצל מעודן,גרמים,700.00,100 גרם,false,1,44.50,6.36,true,1,
7290014746589,false,קורנביף-רצועות בקר 140ג,עוף טוב,IL,קורנביף-רצועות,גרמים,140.00,100 גרם,false,8,16.90,12.07,true,1,
7290014747319,false,שניצל עוף LOVE ללא אנטיב,אסם,IL,שניצל עוף LOVE,גרמים,700.00,100 גרם,false,1,37.90,5.41,true,1,
7290014758100,false,יוגורט ביו 8 יח,,IL,יוגורט ביו 8 יח,קילוגרמים,1.20,"ק""ג",false,0,16.00,13.33,true,1,
7290014758117,false,יוגורט ביו 8 יח,,IL,יוגורט ביו 8 יח,קילוגרמים,1.20,"ק""ג",false,0,16.00,13.33,true,1,
7290014758148,false,גבינת גלבוע,,IL,גבינת גלבוע,גרמים,400.00,100 גרם,false,0,20.40,5.10,true,1,
7290014758162,false,חלב עיזים מלא 1ל,,IL,חלב עיזים מלא 1ל,ליטרים,1.00,ליטר,false,0,14.80,14.80,true,1,
7290014758308,false,יוגורט עיזים ביו,,IL,יוגורט עיזים ביו,גרמים,150.00,100 גרם,false,0,5.70,3.80,true,1,
7290014758346,false,מעדן סויה שוקו2י,,IL,מעדן סויה שוקו2י,גרמים,250.00,100 גרם,false,0,8.20,3.28,true,1,
7290014758353,false,מ.סויה1.8%מתיק.מעוד125*2,,IL,מ.סויה1.8%מתיק.מעוד125*2,גרמים,250.00,100 גרם,false,0,8.20,3.28,true,1,
7290014758360,false,מעדן סויה תות1.6% 125*2ג,,IL,מעדן סויה תות1.6% 125*2ג,גרמים,250.00,100 גרם,false,0,8.20,3.28,true,1,
7290014758377,false,מע.סויה אפרסק1.6% 125*2ג,,IL,מע.סויה אפרסק1.6% 125*2ג,גרמים,250.00,100 גרם,false,0,8.20,3.28,true,1,
7290014758391,false,קוטג 5% מופחת נתרן 250 ג,תנובה,IL,קוטג5% מפחת נתרן,גרמים,250.00,100 גרם,false,0,5.50,2.20,true,1,
7290014758681,false,קוטג 1% שומן,,IL,קוטג 1% שומן,גרמים,250.00,100 גרם,false,0,5.50,2.20,true,1,
7290014759084,false,גבינת נפוליאון,,IL,גבינת נפוליאון,גרמים,225.00,100 גרם,false,0,9.90,4.40,true,1,
7290014759534,false,בולגרית למריחה5%,,IL,בולגרית למריחה5%,גרמים,200.00,100 גרם,false,0,13.80,6.90,true,1,
7290014759541,false,בולגרית למריחה+5%פלפל200,תנובה,IL,בולגרית למריחה5%,גרמים,200.00,100 גרם,false,0,13.80,6.90,true,1,
7290014759909,false,פטה עיזים פיראוס,,IL,פטה עיזים פיראוס,גרמים,250.00,100 גרם,false,0,26.50,10.60,true,1,
7290014759978,false,קולאז' קצ'קבל,,IL,קולאז' קצ'קבל,גרמים,200.00,100 גרם,false,0,19.90,9.95,true,1,
7290014759985,false,קולאז' פרמזן,,IL,קולאז' פרמזן,גרמים,200.00,100 גרם,false,0,20.90,10.45,true,1,
7290014759992,false,קולאז' רוקפור,,IL,קולאז' רוקפור,גרמים,140.00,100 גרם,false,0,14.90,10.64,true,1,
7290014760110,false,"משקה סויה וניל 200*3 מ""ל",סוי מג'יק,IL,משקה סויה 3 יח,מיליליטרים,600.00,"100 מ""ל",false,1,9.80,1.63,true,1,
7290014760127,false,"משקה סויה שוקו 200*3 מ""ל",סוי מג'יק,IL,משקה סויה 3 יח,מיליליטרים,600.00,"100 מ""ל",false,1,9.80,1.63,true,1,
7290014760141,false,משקה שקדים טרי 1 ליטר,סוי מג'יק,IL,משקה שקדים,ליטרים,1.00,ליטר,false,1,12.90,12.90,true,1,
7290014760448,false,גבינת גלבוע 22% 400 גרם,תנובה,IL,גבינת גלבוע,גרמים,400.00,100 גרם,false,1,23.30,5.83,true,1,
7290014760516,false,צפתית 5% סמי מעדניה 240ג,,IL,צפתית 5% סמי מעדניה 240ג,גרמים,240.00,100 גרם,false,0,14.90,6.21,true,1,
7290014760820,false,יופלה+תוספת פקאן,,IL,יופלה+תוספת פקאן,גרמים,175.00,100 גרם,false,0,5.20,2.97,true,1,
7290014760837,false,יופלה 0% תות בתחתית 150ג,תנובה,IL,יופלה דיאט 0%,גרמים,150.00,100 גרם,false,1,5.00,3.33,true,1,
7290014760844,false,יופלה 0% אפרסק פסיפל150ג,תנובה,IL,יופלה דיאט 0%,גרמים,150.00,100 גרם,false,1,5.00,3.33,true,1,
7290014761056,false,יולו שוקולד חלב,,IL,יולו שוקולד חלב,גרמים,123.00,100 גרם,false,0,4.30,3.50,true,1,
7290014761063,false,יולו שוקולד מריר,,IL,יולו שוקולד מריר,גרמים,123.00,100 גרם,false,0,4.30,3.50,true,1,
7290014761070,false,יולו שוקולד לבן,,IL,יולו שוקולד לבן,גרמים,123.00,100 גרם,false,0,4.30,3.50,true,1,
7290014761193,false,פרילי פירות יער 125 גרם,תנובה,IL,פרילי פירות יער,גרמים,125.00,100 גרם,false,0,3.50,2.80,true,1,
7290014761414,false,יולו שכבות שוקו.,,IL,יולו שכבות שוקו.,גרמים,123.00,100 גרם,false,0,4.30,3.50,true,1,
7290014761438,false,בולגרית24% סמי מעדניה400,,IL,בולגרית24% סמי מעדניה400,גרמים,400.00,100 גרם,false,0,26.30,6.58,true,1,
7290014761544,false,גבינת שמנת +5%פלפלים200ג,תנובה,IL,גבינת שמנת 5%,גרמים,200.00,100 גרם,false,0,8.90,4.45,true,1,
7290014761612,false,יולו שכבות שוקו.מריר122ג,תנובה,IL,יולו שכבות שוקו.,גרמים,122.00,100 גרם,false,1,4.30,3.52,true,1,
7290014761636,false,מאגדת יופלה און טופ 4יח',תנובה,IL,יופלה און טופ 4י,גרמים,667.00,100 גרם,false,0,16.80,2.52,true,1,
7290014761766,false,משקה פרילי תות 250 גרם,תנובה,IL,משקה פרילי תות,גרמים,250.00,100 גרם,false,1,4.50,1.80,true,1,
7290014761773,false,משקה פרילי אפרסק 250 גרם,תנובה,IL,משקה פרילי אפרסק,גרמים,250.00,100 גרם,false,1,4.50,1.80,true,1,
7290014761858,false,"שטוזים וניל מוקצף 125מ""ל",תנובה,IL,שטוזים מטקצף,מיליליטרים,125.00,"100 מ""ל",false,1,2.60,2.08,true,1,
7290014761865,false,"שטוזים תות מוקצף 125מ""ל",תנובה,IL,שטוזים מטקצף,מיליליטרים,125.00,"100 מ""ל",false,1,2.60,2.08,true,1,
7290014762282,false,יופלה 0% עם אוכמניות150ג,תנובה,IL,יופלה דיאט,גרמים,150.00,100 גרם,false,1,5.00,3.33,true,1,
7290014762626,false,פרוסות עמק 28%רכבת200ג,תנובה,IL,פרוסות עמק 28%,גרמים,200.00,100 גרם,false,1,15.20,7.60,true,1,
7290014762633,false,פרוסות עמק 28%פיל200ג,תנובה,IL,פרוסות עמק 28%,גרמים,200.00,100 גרם,false,1,15.20,7.60,true,1,
7290014762756,false,נפוליאון 16%עם בצל 225ג,תנובה,IL,גבינת נפוליאון,גרמים,225.00,100 גרם,false,1,9.90,4.40,true,1,
7290014763296,false,תבנית אפיה יח,.,IL,תבנית אפיה,יחידה,1.00,יחידה,false,1,25.00,25.00,true,1,
7290014763302,false,צפתית פיראוס 5% 200*2גרם,תנובה,IL,צפתית פיראוס 2יח,גרמים,400.00,100 גרם,false,1,22.30,5.58,true,1,
7290014789814,false,רוטב ברביקיו אורגינל538ג,היינץ,US,רוטב ברביקיו,גרמים,538.00,100 גרם,false,0,18.10,3.36,true,1,
7290014789821,false,רוטב ברביקיו עם דבש538ג,היינץ,US,רוטב ברביקיו,גרמים,538.00,100 גרם,false,0,18.10,3.36,true,1,
7290014789913,false,עוגיות אוראו 176*3 גרם,מונדלייז,ES,עוגיות אוראו 3יח,גרמים,528.00,100 גרם,false,0,19.90,3.77,true,1,
7290014791077,false,ספרינג תה ענבים 1.5 ליטר,יפאורה שותפות מובגלת לשיווק,IL,ספרינג תה ענבים,ליטרים,1.50,ליטר,false,0,4.90,3.27,true,1,
7290014791091,false,"שוופס לימונייד 500 מ""ל",יפאורה שותפות מובגלת לשיווק,IL,שוופס לימונייד,מיליליטרים,500.00,"100 מ""ל",false,0,4.60,0.92,true,1,
7290014791138,false,ספרינג קולקשן דובדבן1.25,יפאורה שותפות מובגלת לשיווק,IL,ספרינג דובדבנים,ליטרים,1.25,ליטר,false,0,8.90,7.12,true,1,
7290014791558,false,שוופס סודה נענע לי1.5*4ל,יפאורה שותפות מובגלת לשיווק,IL,שוופס סודה נענע לי1.5*4ל,ליטרים,6.00,ליטר,false,0,10.90,1.82,true,1,
7290014791565,false,שוופס מוגז ענבים 1.5ליטר,יפאורה שותפות מובגלת לשיווק,IL,שוופס ענבים,ליטרים,1.50,ליטר,false,1,6.60,4.40,true,1,
7290014791589,false,תפוזינה לימונדה נענע1.5ל,יפאורה שותפות מובגלת לשיווק,IL,תפוזינה לימונדה,ליטרים,1.50,ליטר,false,0,5.90,3.93,true,1,
7290014791725,false,"שוופס מוגז תפוח 500 מ""ל",יפאורה שותפות מובגלת לשיווק,IL,שוופס מוגז תפוח,מיליליטרים,500.00,"100 מ""ל",false,1,4.60,0.92,true,1,
7290014791770,false,פרוט ווטר ענבים 1.5 ליטר,יפאורה שותפות מובגלת לשיווק,IL,פרוט ווטר ענבים,ליטרים,1.50,ליטר,false,1,5.90,3.93,true,1,
7290014791787,false,פרוט ווטר אננס 1.5 ליטר,יפאורה שותפות מובגלת לשיווק,IL,פרוט ווטר אננס,ליטרים,1.50,ליטר,false,1,5.90,3.93,true,1,
7290014791794,false,פרוט ווטר תפוח 1.5 ליטר,יפאורה שותפות מובגלת לשיווק,IL,פרוט ווטר תפוח,ליטרים,1.50,ליטר,false,1,5.90,3.93,true,1,
7290014791800,false,פרוט ווטר אפרסק 1.5 ליטר,יפאורה שותפות מובגלת לשיווק,IL,פרוט ווטר אפרסק,ליטרים,1.50,ליטר,false,1,5.90,3.93,true,1,
7290014791817,false,פרוט ווטר אבטיח 1.5 ליטר,יפאורה שותפות מובגלת לשיווק,IL,פרוט ווטר אבטיח,ליטרים,1.50,ליטר,false,1,5.90,3.93,true,1,
7290014791824,false,פרוט ווטר תות 1.5 ליטר,יפאורה שותפות מובגלת לשיווק,IL,פרוט ווטר תות,ליטרים,1.50,ליטר,false,1,5.90,3.93,true,1,
7290014855472,false,54 בייביסיטר פרפורמנס 3,די.פי.אל,IL,חיתולי בייביסיטר,יחידה,1.00,יחידה,false,1,30.00,30.00,true,1,
7290014855489,false,48 בייביסיטר פרפורמנס 4,די.פי.אל,IL,חיתולי בייביסיטר,יחידה,1.00,יחידה,false,1,30.00,30.00,true,1,
7290014855496,false,44 בייביסיטר פרפורמנס4+,די.פי.אל,IL,חיתולי בייביסיטר,יחידה,1.00,יחידה,false,1,30.00,30.00,true,1,
7290014855502,false,40 בייביסיטר פרפורמנס 5,די.פי.אל,IL,חיתולי בייביסיטר,יחידה,1.00,יחידה,false,1,30.00,30.00,true,1,
7290014875074,false,שווארמה מן הצומח טיבעול,טבעול,IL,שווארמה מן הצומח,גרמים,400.00,100 גרם,false,0,21.90,5.48,true,1,
7290014900042,false,ג'ל רחצה סטייל ירוק 750מ,רנקסן סונגר סאן,TR,ג'ל רחצה סטייל,מיליליטרים,750.00,"100 מ""ל",false,0,8.90,1.19,true,1,
7290014901247,false,"שמפו קרטין סטייל 750 מ""ל",א.ל ארמן,IL,שמפו קרטין,מיליליטרים,750.00,"100 מ""ל",false,0,24.70,3.29,true,1,
7290014901308,false,"סנסודיין הגנה מלאה 75מ""ל",גלקסוסמיתקליין,IL,משחת סנסודיין,מיליליטרים,75.00,"100 מ""ל",false,0,16.90,22.53,true,1,
7290014940093,false,הלחמניה הקלה 54*6 גרם,מאפיית שלמה א. אנג'ל,IL,הלחמניה הקלה 54*6 גרם,גרמים,324.00,100 גרם,false,0,13.20,4.07,true,1,
7290014940901,false,לחם פשוט מלא 750 גרם,מאפיית שלמה א. אנג'ל,IL,לחם מלא,גרמים,750.00,100 גרם,false,1,12.90,1.72,true,1,
7290014949744,false,"אוטן טרופי ספריי 100 מ""ל",ג'ונסון,IL,אוטן ספריי,מיליליטרים,100.00,"100 מ""ל",false,0,15.90,15.90,true,1,
7290014949751,false,"אוטן ג'וניור ג'ל 100 מ""ל",ג'ונסון,IL,אוטן ג'וניור,מיליליטרים,100.00,"100 מ""ל",false,0,15.90,15.90,true,1,
7290014949768,false,"אוטן אפטר בייט 25 מ""ל",ג'ונסון,IL,אוטן אפטר בייט,מיליליטרים,25.00,"100 מ""ל",false,0,19.90,79.60,true,1,
7290014960114,false,עוגיות גבינה וזיתים190גר,לחם יין,IL,עוגיות גבינה+זית,גרמים,190.00,100 גרם,false,1,14.90,7.84,true,1,
7290014960145,false,עוגיות אוזני פיל 150 גרם,לחם יין,IL,עוגיות אוזני פיל,גרמים,150.00,100 גרם,false,1,14.90,9.93,true,1,
7290014960176,false,עוגיות אלפחורס 220 גרם,לחם יין,IL,עוגיות אלפחורס,גרמים,220.00,100 גרם,false,1,16.90,7.68,true,1,
7290014960466,false,עוגיות לב ריבה 250 גרם,לחם יין,IL,עוגיות ריבה,גרמים,250.00,100 גרם,false,1,14.90,5.96,true,1,
7290014962521,false,משחת טפטפים ענבים 50מל,כצט,IL,משחת שיניים,מיליליטרים,50.00,"100 מ""ל",false,0,11.90,23.80,true,1,
7290015025409,false,חטיף דגנים שוק.מריר20*6ג,אפקטבעי,IL,חטיפי דגנים,גרמים,120.00,100 גרם,false,1,15.80,13.17,true,1,
7290015025416,false,חטיפי דגנים קוקוס 20*6ג,אפקטבעי,IL,חטיף דגנים קוקוס,גרמים,120.00,100 גרם,false,1,15.80,13.17,true,1,
7290015025423,false,חטיפי דגנים חלווה 20*6ג,אפקטבעי,IL,חטיף דגנים חלווה,גרמים,120.00,100 גרם,false,1,15.80,13.17,true,1,
7290015025584,false,"רסק תפו""ע ללא סוכר100*4ג",אודנוולד,IL,רסק תפוחים,גרמים,400.00,100 גרם,false,0,12.80,3.20,true,1,
7290015025942,false,קרם ידיים פנג'ל עם שמן80,אינטרקוסמא,IL,קרם ידיים פנג'ל,מיליליטרים,80.00,"100 מ""ל",false,1,8.00,10.00,true,1,
7290015039055,false,רוטב צ'ילי חריף,,TH,רוטב צ'ילי חריף,מיליליטרים,700.00,"100 מ""ל",false,0,7.90,1.13,true,1,
7290015039246,false,נתחי טונה בשמן,,TH,נתחי טונה בשמן,גרמים,640.00,100 גרם,false,0,19.90,3.11,true,1,
7290015039338,false,נתחי טונה במים,,TH,נתחי טונה במים,גרמים,640.00,100 גרם,false,0,19.90,3.11,true,1,
7290015039499,false,עוגיות איטלקיות,,IT,עוגיות איטלקיות,קילוגרמים,1.00,"ק""ג",false,0,9.90,9.90,true,1,
7290015039642,false,גבינת פרמזן,,IT,גבינת פרמזן,גרמים,90.00,100 גרם,false,0,13.90,15.44,true,1,
7290015055000,false,שרי יובל ליקופן,,IL,שרי יובל ליקופן,יחידה,1.00,יחידה,false,0,10.00,10.00,true,1,
7290015116800,false,תפוח אדמה נשיקות ארוז במ,קטיף,IL,תפוח אדמה נשיקות,קילוגרמים,0.00,"ק""ג",true,0,4.90,4.90,true,1,
7290015139229,false,מטבעות שוקולד זהב סגול42,כרמית,IL,מטבעות שוקולד,גרמים,42.00,100 גרם,false,1,5.00,11.90,true,1,
7290015139335,false,וופל אגו קוביות אגוז200ג,כרמית,IL,וופל אגו קוביות,גרמים,200.00,100 גרם,false,1,8.80,4.40,true,1,
7290015139533,false,וופל לימון 200 גרם,כרמית,IL,וופל לימון,גרמים,200.00,100 גרם,false,1,9.90,4.95,true,1,
7290015139540,false,וופל קוביות מצופה שוק150,כרמית,IL,וופל קוביות,גרמים,150.00,100 גרם,false,1,9.90,6.60,true,1,
7290015139557,false,וופל  שוקולד 200 גרם,כרמית,IL,וופל שוקולד,גרמים,200.00,100 גרם,false,1,9.90,4.95,true,1,
7290015139571,false,ופלים מצופים שוק.חלב25*5,כרמית,IL,ופלים מצופים 5יח,גרמים,125.00,100 גרם,false,1,10.90,8.72,true,1,
7290015139588,false,ופלים בשוקולד מריר 25*5ג,כרמית,IL,ופלים מצופים 5יח,גרמים,125.00,100 גרם,false,1,10.90,8.72,true,1,
7290015139595,false,שוקולד חלב חופשי 100 גרם,כרמית,IL,שוקולד חלב,גרמים,100.00,100 גרם,false,1,6.90,6.90,true,1,
7290015150057,false,ביסקוויט סנדוויץ שוקו240,אלגוריאגה ברנדס,ES,ביסקוויט סנדוויץ,גרמים,240.00,100 גרם,false,1,6.90,2.88,true,1,
7290015150064,false,ביסקוויט סנדוויץ וניל240,אלגוריאגה ברנדס,ES,ביסקוויט סנדוויץ,גרמים,240.00,100 גרם,false,1,6.90,2.88,true,1,
7290015150071,false,עוג.סנדוויץ סופר או'ז165,סירו פודס,ES,עוגיות סנדוויץ,גרמים,165.00,100 גרם,false,1,7.80,4.73,true,1,
7290015150088,false,מחית עגבניות קלה 700 גרם,ויסוצקי,IL,מחית עגבניות,גרמים,700.00,100 גרם,false,1,8.90,1.27,true,1,
7290015150118,false,עגבניות חתוכות דק400*3ג,ויסוצקי,IL,עגבניות חתוכות,קילוגרמים,1.20,"ק""ג",false,1,13.90,11.58,true,1,
7290015150378,false,תה קר אפרסק 20 שקיקים,ויסוצקי,IL,תה קר אפרסק,גרמים,50.00,100 גרם,false,1,13.90,27.80,true,1,
7290015150385,false,תה קר פירות יער 20 שק',ויסוצקי,IL,תה קר פירות יער,גרמים,50.00,100 גרם,false,1,13.90,27.80,true,1,
7290015150590,false,תה ירוק ג'ינג'ר חריף25שק,ויסוצקי,IL,תה ירוק ויסוצקי,גרמים,37.00,100 גרם,false,1,21.90,59.19,true,1,
7290015150613,false,חליטת קינמון ליקריץ20שק',ויסוצקי,IL,חליטת חורף,גרמים,48.00,100 גרם,false,1,17.60,36.67,true,1,
7290015150637,false,עוגיות סנדוויץ שוקולד165,סירו פודס,ES,עוגיות סנדוויץ,גרמים,165.00,100 גרם,false,1,7.80,4.73,true,1,
7290015150750,false,תה קר לימונית ולואיזה20ש,ויסוצקי,IL,תה קר לימונית,גרמים,50.00,100 גרם,false,1,13.90,27.80,true,1,
7290015174398,false,שמן זית כתית מעולה 1.5ל,.,IL,שמן זית כתית,ליטרים,1.50,ליטר,false,1,59.40,39.60,true,1,
7290015193009,false,"רוטב תיבול לסושי 500 מ""ל",דיאמונד פריזרוד פודס,TH,רוטב תיבול לסושי,מיליליטרים,500.00,"100 מ""ל",false,0,21.70,4.34,true,1,
7290015193122,false,רוטב צ'ילי חריף,,TH,רוטב צ'ילי חריף,מיליליטרים,300.00,"100 מ""ל",false,0,10.80,3.60,true,1,
7290015193139,false,רוטב צ'ילי מתוק,,TH,רוטב צ'ילי מתוק,מיליליטרים,300.00,"100 מ""ל",false,0,10.80,3.60,true,1,
7290015193252,false,"רוטב בסיס לבישול 640 מ""ל",ליאנג סאנג הואד לימיטד,TH,רוטב בסיס לבישול,מיליליטרים,640.00,"100 מ""ל",false,1,15.90,2.48,true,1,
7290015257886,false,מפיות דו שכבתי לבן/קרם,.,IL,מפיות דו שכבתי,יחידה,1.00,יחידה,false,1,6.90,6.90,true,1,
7290015257909,false,מפיות תלת שכבתי מודפס,.,CN,מפיות תלת שכבתי,יחידה,1.00,יחידה,false,1,7.90,7.90,true,1,
7290015282000,false,איקרה אדומה 200 גרם,סלטי שמיר,IL,איקרה אדומה,גרמים,200.00,100 גרם,false,0,10.80,5.40,true,1,
7290015282024,false,איקרה לבנה 200 גרם,סלטי שמיר,IL,איקרה לבנה,גרמים,200.00,100 גרם,false,0,10.80,5.40,true,1,
7290015324007,false,פלפל שחור גרוס בשקית80ג,תבליני טעם וריח,IL,פלפל שחור גרוס,גרמים,80.00,100 גרם,false,0,13.20,16.50,true,1,
7290015324014,false,פלפל שחור טחון בשקית80ג,תבליני טעם וריח,IL,פלפל שחור טחון,גרמים,80.00,100 גרם,false,0,13.20,16.50,true,1,
7290015324038,false,פפריקה בשמן בשקית 80 גרם,תבליני טעם וריח,IL,פפריקה בשמן,גרמים,80.00,100 גרם,false,0,7.80,9.75,true,1,
7290015324045,false,פפריקה חריפה בשקית 80גרם,תבליני טעם וריח,IL,פפריקה חריפה,גרמים,80.00,100 גרם,false,0,5.20,6.50,true,1,
7290015324052,false,פפריקה מתוקה בשקית 80גרם,תבליני טעם וריח,IL,פפריקה מתוקה,גרמים,80.00,100 גרם,false,0,5.20,6.50,true,1,
7290015324076,false,זעתר בשקית 80 גרם,תבליני טעם וריח,IL,זעתר,גרמים,80.00,100 גרם,false,0,7.80,9.75,true,1,
7290015324083,false,מלח לימון בשקית 80 גרם,תבליני טעם וריח,IL,מלח לימון,גרמים,80.00,100 גרם,false,0,5.90,7.38,true,1,
7290015324090,false,כמון בשקית 80 גרם,תבליני טעם וריח,IL,כמון,גרמים,80.00,100 גרם,false,0,7.80,9.75,true,1,
7290015324106,false,כורכום בשקית 80 גרם,תבליני טעם וריח,IL,כורכום,גרמים,80.00,100 גרם,false,0,7.80,9.75,true,1,
7290015324113,false,בהרט בשקית 80 גרם,תבליני טעם וריח,IL,בהרט,גרמים,80.00,100 גרם,false,0,7.80,9.75,true,1,
7290015324168,false,על האש בשקית 80 גרם,תבליני טעם וריח,IL,על האש,גרמים,80.00,100 גרם,false,0,5.90,7.38,true,1,
7290015324199,false,מרינדה עוף קלאסי 25 גרם,תבליני טעם וריח,IL,תיבול מרינדה עוף,גרמים,25.00,100 גרם,false,0,4.90,19.60,true,1,
7290015324205,false,מרינדה עוף פיקנטי 25 גרם,תבליני טעם וריח,IL,תיבול מרינדה עוף,גרמים,25.00,100 גרם,false,0,4.90,19.60,true,1,
7290015324212,false,מרינדה עוף איטלקי 25 גרם,תבליני טעם וריח,IL,תיבול מרינדה עוף,גרמים,25.00,100 גרם,false,0,4.90,19.60,true,1,
7290015353663,false,מיונז לחיץ היינץ 400 גרם,היינץ,NL,מיונז בקבוק לחיץ,גרמים,400.00,100 גרם,false,1,14.10,3.53,true,1,
7290015353670,false,ממרח במרקם קרמי 425 גרם,היינץ,NL,ממרח במרקם קרמי,גרמים,425.00,100 גרם,false,1,14.10,3.32,true,1,
7290015355834,false,מתבל עגבניות חריף 855גרם,היינץ,US,מתבל עגבניות,גרמים,855.00,100 גרם,false,1,17.90,2.09,true,1,
7290015366199,false,ג'ל רחצה סטייל לבנדר750מ,רנקסן סונגר סאן,TR,ג'ל רחצה סטייל,מיליליטרים,750.00,"100 מ""ל",false,1,8.90,1.19,true,1,
7290015366335,false,זוג ספירה טבליות 30*2,זובלה,IT,ספירה טבליות,יחידה,1.00,יחידה,false,1,19.70,19.70,true,1,
7290015366359,false,ספירה מכשיר +רפיל45ל,זובלה,IT,ספירה מכשיר+רפיל,יחידה,1.00,יחידה,false,1,29.90,29.90,true,1,
7290015366663,false,משחה אקווה פרש עדין100,ג.' אס.קיו,GB,משחה אקווה פרש,מיליליטרים,100.00,"100 מ""ל",false,1,5.90,5.90,true,1,
7290015366717,false,"מסכה סטייל קוקוס 500 מ""ל",א.ל ארמן,IL,מסכה סטייל,מיליליטרים,500.00,"100 מ""ל",false,1,35.00,7.00,true,1,
7290015366915,false,2מברשות סנסודיין דואלקר,גלקסוסמיתקליין,CN,מברשות סנסודיין,יחידה,1.00,יחידה,false,1,30.00,30.00,true,1,
7290015366960,false,ג'ל רחצה סטייל ארומטי750,רנקסן סונגר סאן,TR,ג'ל רחצה סטייל,מיליליטרים,750.00,"100 מ""ל",false,1,8.90,1.19,true,1,
7290015395038,false,אורז בסמטי ארוך אהרוני1ק,.,IL,אורז בסמטי,קילוגרמים,1.00,"ק""ג",false,1,17.70,17.70,true,1,
7290015395892,false,ממרח חריף 340 גרם,ליניטי קטיימה פודסטף,CN,ממרח חריף,גרמים,340.00,100 גרם,false,1,15.80,4.65,true,1,
7290015568623,false,ניילון נצמד 60 מטר במתקן,חי פלסטיק תעשיות,IL,ניילו נצמד במתקן,מטרים,60.00,מטר,false,1,18.70,0.31,true,1,
7290015568630,false,רדיד אלומינ. 30מ' במתקן,חי פלסטיק תעשיות,IL,רדיד אלומיניום,מטרים,30.00,מטר,false,1,23.70,0.79,true,1,
7290015597203,false,מאגדת ננסים סמי הכבאי 18,שטראוס,IL,מאגדת ננסים סמי הכבאי 18,יחידה,1.00,יחידה,false,1,26.70,26.70,true,1,
7290015597234,false,מאגדת מיני לייט תות 300,שטראוס,IL,מאגדת מיני לייט,יחידה,1.00,יחידה,false,1,26.90,26.90,true,1,
7290015597258,false,מאגדתלייט וניל עוג 342ג,שטראוס,IL,מאגדת לייט וניל,יחידה,1.00,יחידה,false,1,31.90,31.90,true,1,
7290015597265,false,גלידת לוטוס 1 ליטר,שטראוס,IL,גלידת לוטוס,ליטרים,1.00,ליטר,false,1,21.90,21.90,true,1,
7290015597272,false,גלידת קליק 1 ליטר,שטראוס,IL,גלידת קליק,ליטרים,1.00,ליטר,false,1,21.90,21.90,true,1,
7290015597296,false,קארט דור מרנג ושוקולד לב,שטראוס,IL,קארט דור,מיליליטרים,520.00,"100 מ""ל",false,1,19.70,3.79,true,1,
7290015597302,false,קארט דור קרם ברולה 520 מ,שטראוס,IL,קארט דור,מיליליטרים,520.00,"100 מ""ל",false,1,19.70,3.79,true,1,
7290015597326,false,מאגדת אייס לייט 710 גרם,שטראוס,IL,מאגדת אייס לייט,יחידה,1.00,יחידה,false,1,26.90,26.90,true,1,
7290015597333,false,מאגדת מיני מגנום אגוזי,שטראוס,IL,מאגדת מיני מגנום,יחידה,1.00,יחידה,false,1,27.90,27.90,true,1,
7290015597357,false,מאגדת לייט שוקולד 342 גר,שטראוס,IL,מאגדת לייט שוקול,יחידה,1.00,יחידה,false,8,31.90,31.90,true,1,
7290015597364,false,מאגדת לייט ריבת חלב 330,שטראוס,IL,מאגדת לייט,יחידה,1.00,יחידה,false,1,31.90,31.90,true,1,
7290015597432,false,גלידת קרמבו 1 ליטר,שטראוס,IL,גלידת קרמבו,ליטרים,1.00,ליטר,false,1,21.90,21.90,true,1,
7290015599016,false,צהובה טבעונית,,GR,צהובה טבעונית,גרמים,200.00,100 גרם,false,0,24.30,12.15,true,1,
7290015599047,false,צהובה טבעונית,,GR,צהובה טבעונית,גרמים,200.00,100 גרם,false,0,17.70,8.85,true,1,
7290015599320,false,קניידלך ל.תוספת סוכר130ג,שאבה,IL,קניידלך,גרמים,130.00,100 גרם,false,1,14.50,11.15,true,1,
7290015603805,false,איטריות 250 גרם,ינאטאי,CN,איטריות,גרמים,250.00,100 גרם,false,1,8.80,3.52,true,1,
7290015626408,false,אגוז פקאן קלוף 200גרם,ששון מלוינסקי,IL,אגוז פקאן קלוף,גרמים,200.00,100 גרם,false,1,29.90,14.95,true,1,
7290015626422,false,פיסטוק קלוף 130 גרם,ששון מלוינסקי,IL,פיסטוק קלוף 130ג,גרמים,130.00,100 גרם,false,1,32.90,25.31,true,1,
7290015626439,false,אגוז מלך קלוף 300גרם,ששון מלוינסקי,IL,אגוז מלך קלוף,גרמים,300.00,100 גרם,false,1,32.90,10.97,true,1,
7290015626460,false,שקד קלוף טבעי 250גרם,ששון מלוינסקי,IL,שקד קלוף טבעי,גרמים,250.00,100 גרם,false,1,29.90,11.96,true,1,
7290015626484,false,חמוציות מיובשות חתוכות,ששון מלוינסקי,IL,חמוציות מיובשות,גרמים,400.00,100 גרם,false,1,16.90,4.23,true,1,
7290015626491,false,צימוק בהיר 500גרם,ששון מלוינסקי,IL,צימוקים בהירים,גרמים,500.00,100 גרם,false,1,25.90,5.18,true,1,
7290015626507,false,צימוק כהה 500גרם,ששון מלוינסקי,IL,צימוקים כהים,גרמים,500.00,100 גרם,false,1,19.90,3.98,true,1,
7290015626514,false,שזיף מגולען מיובש 500גרם,ששון מלוינסקי,IL,שזיף מגולען,גרמים,500.00,100 גרם,false,1,26.90,5.38,true,1,
7290015626644,false,משמש מיובש 200גרם,ששון מלוינסקי,IL,משמש מיובש,גרמים,200.00,100 גרם,false,1,15.90,7.95,true,1,
7290015626668,false,תאנים מיובשות 350גרם,ששון מלוינסקי,IL,תאנים מיובשות,גרמים,350.00,100 גרם,false,1,21.90,6.26,true,1,
7290015642095,false,איקרה רומני 400 גרם,מעדני מיקי,IL,איקרה רומני,גרמים,400.00,100 גרם,false,0,10.90,2.73,true,1,
7290015642101,false,איקרה בלקני 400 גרם,מעדני מיקי,IL,איקרה בלקני,גרמים,400.00,100 גרם,false,0,10.90,2.73,true,1,
7290015642118,false,חציל יווני 400 גרם,מעדני מיקי,IL,חציל יווני,גרמים,400.00,100 גרם,false,0,7.30,1.83,true,1,
7290015642156,false,סלט סלמון נורבגי 400 גרם,מעדני מיקי,IL,סלט סלמון נורבגי,גרמים,100.00,100 גרם,false,0,16.00,16.00,true,1,
7290015642170,false,סלט חציל במיונז 400 גרם,מעדני מיקי,IL,סלט חציל במיונז,גרמים,400.00,100 גרם,false,0,7.30,1.83,true,1,
7290015642248,false,סלט כרוב שוודי 400 גרם,מעדני מיקי,IL,סלט כרוב שוודי,גרמים,400.00,100 גרם,false,0,7.30,1.83,true,1,
7290015642309,false,פילה מטיאס 400 גרם,מעדני מיקי,IL,פילה מטיאס,גרמים,400.00,100 גרם,false,0,15.90,3.98,true,1,
7290015642316,false,פילה הרינג כבוש 400 גרם,מעדני מיקי,IL,פילה הרינג כבוש,גרמים,400.00,100 גרם,false,0,15.90,3.98,true,1,
7290015642323,false,מטיאס פרובנציאל 400 גרם,מעדני מיקי,IL,מטיאס פרובנציאל,גרמים,400.00,100 גרם,false,0,15.90,3.98,true,1,
7290015642361,false,טחינה אסלי 400 גרם,מעדני מיקי,IL,טחינה אסלי,גרמים,400.00,100 גרם,false,0,7.70,1.93,true,1,
7290015652070,false,קשיו קלוי 150גרם,דין שיווק,IL,קשיו קלוי 150גרם,גרמים,150.00,100 גרם,false,1,12.90,8.60,true,1,
7290015652087,false,תערובת פיצוחים קלויים150,דין שיווק,IL,תערובת פיצוחים,גרמים,150.00,100 גרם,false,1,12.90,8.60,true,1,
7290015652124,false,רוטב סריראצ'ה מתוק450גרם,פודס אוף רוצסטר,US,רוטב סריראצ'ה,גרמים,450.00,100 גרם,false,1,14.80,3.29,true,1,
7290015652131,false,רוטב עגבניות לפסטה680ג,פודס אוף רוצסטר,US,עגבניות לפסטה,גרמים,680.00,100 גרם,false,1,10.00,1.47,true,1,
7290015652155,false,רוטב עגבניות לפסטה680ג,פודס אוף רוצסטר,US,עגבניות לפסטה,גרמים,680.00,100 גרם,false,1,10.00,1.47,true,1,
7290015652353,false,פלפל ירוק חריף 310 גרם,ליניטי קטיימה פודסטף,CN,פלפל ירוק חריף,גרמים,310.00,100 גרם,false,1,15.80,5.10,true,1,
7290015652360,false,פלפל אדום דובדבן בחומץ,ליניטי קטיימה פודסטף,CN,פלפל אדום,גרמים,330.00,100 גרם,false,1,15.80,4.79,true,1,
7290015652506,false,"נוזל קוקוס 400 מ""ל",תאי קוקונט פבליק קומפני,TH,נוזל קוקוס,מיליליטרים,400.00,"100 מ""ל",false,1,9.80,2.45,true,1,
7290015652513,false,תערובת לסטייק 150 גרם,נווה התבלין,IL,תערובת לסטייק,גרמים,150.00,100 גרם,false,1,14.80,9.87,true,1,
7290015652520,false,תערובת השף 70 גרם,נווה התבלין,IL,תערובת השף,גרמים,70.00,100 גרם,false,1,14.80,21.14,true,1,
7290015652537,false,פלפל לימון פרסי ושום130ג,נווה התבלין,IL,פלפל לימון פרסי,גרמים,130.00,100 גרם,false,1,14.80,11.38,true,1,
7290015652544,false,גריל עוף ארומטי 130 גרם,נווה התבלין,IL,גריל עוף ארומטי,גרמים,130.00,100 גרם,false,1,14.80,11.38,true,1,
7290015652551,false,זעתר ושומשום בלדי 150גרם,נווה התבלין,IL,זעתר ושומשום,גרמים,150.00,100 גרם,false,1,14.80,9.87,true,1,
7290015652568,false,עשבי תיבול לדגים 70 גרם,נווה התבלין,IL,עשבי תיבול לדגים,גרמים,70.00,100 גרם,false,1,14.80,21.14,true,1,
7290015652575,false,ראס אל חנות 150 גרם,נווה התבלין,IL,ראס אל חנות,גרמים,150.00,100 גרם,false,1,14.80,9.87,true,1,
7290015652582,false,חריימה דג 150 גרם,נווה התבלין,IL,חריימה דג,גרמים,150.00,100 גרם,false,1,14.80,9.87,true,1,
7290015652599,false,צלי בקר 120 גרם,נווה התבלין,IL,צלי בקר,גרמים,120.00,100 גרם,false,1,14.80,12.33,true,1,
7290015652766,false,בצלצלי פנינה 340 גרם,לוקסאפרס א.א.יו,ES,בצלצלי פנינה,גרמים,340.00,100 גרם,false,1,10.00,2.94,true,1,
7290015804394,false,רסק עגבניות טל 260 גרם,מילוז,IL,רסק עגבניות טל,גרמים,260.00,100 גרם,false,1,3.90,1.50,true,1,
7290015848213,false,אולטרסול תיק צידנית רכה,פישר  מעבדות  פרמצבטיות,IL,תיק צידנית,יחידה,1.00,יחידה,false,1,49.90,49.90,true,1,
7290015848862,false,אולטרסול תחליב קידסSPF50,פישר  מעבדות  פרמצבטיות,IL,אולטרסול,מיליליטרים,250.00,"100 מ""ל",false,1,39.90,15.96,true,1,
7290015848886,false,אולטרסול תחליב קידסSPF50,פישר  מעבדות  פרמצבטיות,IL,אולטרסול,מיליליטרים,250.00,"100 מ""ל",false,1,39.90,15.96,true,1,
7290015848923,false,אולטרסול תחליב SPF30,פישר  מעבדות  פרמצבטיות,IL,אולטרסול,מיליליטרים,250.00,"100 מ""ל",false,1,50.00,20.00,true,1,
7290015848992,false,אולטרסול ק.פנים קידSPF50,פישר  מעבדות  פרמצבטיות,IL,אולטרסול,מיליליטרים,75.00,"100 מ""ל",false,1,40.00,53.33,true,1,
7290015878159,false,שמיכת פליז דיסני,חוגלה קימברלי,IL,שמיכת פליז דיסני,יחידה,1.00,יחידה,false,1,49.90,49.90,true,1,
7290015906005,false,שמן אבוקדו100%כבישה קרה,גרינפלד,IL,שמן אבוקדו,מיליליטרים,250.00,"100 מ""ל",false,1,29.90,11.96,true,1,
7290016006179,false,תפוזינה ליצי נענע 1.5 לי,יפאורה שותפות מובגלת לשיווק,IL,תפוזינה ליצי,ליטרים,1.50,ליטר,false,1,5.90,3.93,true,1,
7290016006292,false,ספרינג מנגו בננה מלון1ל,יפאורה שותפות מובגלת לשיווק,IL,נקטר ספרינג,ליטרים,1.00,ליטר,false,1,4.90,4.90,true,1,
7290016006360,false,שוופס מוגז תות ליים 1.5ל,יפאורה שותפות מובגלת לשיווק,IL,שוופס מוגז תות,ליטרים,1.50,ליטר,false,1,6.60,4.40,true,1,
7290016023008,false,"שעועית לוביה קפוא כשל""פ",.,IL,שעועית לוביה קפו,גרמים,450.00,100 גרם,false,1,16.90,3.76,true,1,
7290016087000,false,זית ירוק נטולי גלעין560ג,פרי ניר,IL,זיתים ירוקים,גרמים,560.00,100 גרם,false,1,7.90,1.41,true,1,
7290016087055,false,רסק עגבניות 22% 100 גרם,פרי ניר,IL,רסק עגבניות,גרמים,100.00,100 גרם,false,1,1.90,1.90,true,1,
7290016087062,false,רסק עגבניות 22% 260 גרם,פרי ניר,IL,רסק עגבניות,גרמים,260.00,100 גרם,false,1,3.40,1.31,true,1,
7290016094008,false,אולטרסול קרם פניםSPF50,פישר  מעבדות  פרמצבטיות,IL,אולטרסול,מיליליטרים,75.00,"100 מ""ל",false,1,40.00,53.33,true,1,
7290016094015,false,אולטרסול קרם פניםSPF30,פישר  מעבדות  פרמצבטיות,IL,אולטרסול,מיליליטרים,75.00,"100 מ""ל",false,1,29.90,39.87,true,1,
7290016094022,false,אולטרסול ספריי שקוףSPF50,פישר  מעבדות  פרמצבטיות,IL,אולטרסול,מיליליטרים,250.00,"100 מ""ל",false,1,60.00,24.00,true,1,
7290016094749,false,אולטרסול ספריי שקוףSPF43,פישר  מעבדות  פרמצבטיות,IL,אולטרסול,מיליליטרים,300.00,"100 מ""ל",false,1,44.90,14.97,true,1,
7290016094756,false,אולטרסול קידס שקוףSPF43,פישר  מעבדות  פרמצבטיות,IL,אולטרסול,מיליליטרים,300.00,"100 מ""ל",false,1,44.90,14.97,true,1,
7290016094855,false,אולטרסול ספורט שקוףSPF43,פישר  מעבדות  פרמצבטיות,IL,אולטרסול,מיליליטרים,300.00,"100 מ""ל",false,1,44.90,14.97,true,1,
7290016114041,false,ניקול המגבת הבריאה 2 גלי,חוגלה קימברלי,IL,המגבת הבריאה,מטרים,34.00,מטר,false,1,10.00,0.29,true,1,
7290016188004,false,"סוביניון בלאן P.C 750מ""ל",יקבי כרמל,IL,סוביניון בלאן,מיליליטרים,750.00,"100 מ""ל",false,1,29.60,3.95,true,1,
7290016188356,false,קברנה סלקטד750מל20%+תוספ,יקבי כרמל,IL,קברנה סלקטד,מיליליטרים,900.00,"100 מ""ל",false,1,21.90,2.43,true,1,
7290016197136,false,תבניות מאפינס גדולות,.,IL,תבניות מאפינס,יחידה,1.00,יחידה,false,1,9.90,9.90,true,1,
7290016197143,false,תבניות לעוגות אישיות,.,IL,תבניות לעוגות,יחידה,1.00,יחידה,false,1,9.90,9.90,true,1,
7290016197150,false,תבניות לעוגות אישיות מרו,.,IL,תבניות לעוגות,יחידה,1.00,יחידה,false,1,9.90,9.90,true,1,
7290016197198,false,מנג'ט בינוני בקרטון בליס,.,IL,מנג'ט בינוני,יחידה,1.00,יחידה,false,1,9.90,9.90,true,1,
7290016197228,false,אריזת מנג'טים+קיסמים יח,.,IL,מנגטים+קיסמים,יחידה,1.00,יחידה,false,1,17.90,17.90,true,1,
7290016197488,false,מטלית למשטחים 3יח,חוגלה קימברלי,IL,מטלית למשטחים,יחידה,1.00,יחידה,false,1,14.90,14.90,true,1,
7290016197495,false,מטלית לרצפה 2יח,חוגלה קימברלי,IL,מטלית לרצפה 2יח,יחידה,1.00,יחידה,false,1,21.90,21.90,true,1,
7290016197839,false,שקיות אשפה חזקות 20יח,חוגלה קימברלי,IL,שקיות אשפה חזקות,יחידה,1.00,יחידה,false,1,20.00,20.00,true,1,
7290016197877,false,שקיות אשפה חזקות 60 יח,חוגלה קימברלי,IL,שקיות אשפה חזקות,יחידה,1.00,יחידה,false,1,14.90,14.90,true,1,
7290016246018,false,חלבה מיקס פינוקיות20*10ג,רושדי תעשיות מזון,IL,חלבה בארכה מיקס,גרמים,200.00,100 גרם,false,1,11.90,5.95,true,1,
7290016276169,false,טחינה שומשום טבעי 500גרם,"אחדות ביח""ר לטחינה",IL,טחינה שומשום,גרמים,500.00,100 גרם,false,1,11.90,2.38,true,1,
7290016276244,false,ת.בריאות תפוחים ללא סוכר,דין שיווק,IL,ת.בריאות תפוחים,גרמים,800.00,100 גרם,false,1,22.90,2.86,true,1,
7290016276275,false,זיתים פרימיום 300 גרם,קונדליסו,GR,זיתים פרימיום,גרמים,300.00,100 גרם,false,1,10.00,3.33,true,1,
7290016276299,false,"חומץ תפו""ע פירות יער500מ",דוס טמפרוס אל די לוטה,PT,"חומץ תפו""ע",מיליליטרים,500.00,"100 מ""ל",false,1,19.90,3.98,true,1,
7290016276312,false,חומץ יין לבן,,,חומץ יין לבן,יחידה,1.00,יחידה,false,0,19.90,19.90,true,1,
7290016276381,false,סוכריות ללא סוכר צרפתי,דין שיווק,IL,סוכריות ללא סוכר,גרמים,200.00,100 גרם,false,1,10.00,5.00,true,1,
7290016276398,false,ממרח אגוזי לוז 350 גרם,סוקדו,IT,ממרח אגוזי לוז,גרמים,350.00,100 גרם,false,1,9.90,2.83,true,1,
7290019297192,false,ריבועי דגנים 160 גרם,,IL,ריבועי דגנים 160 גרם,גרמים,160.00,100 גרם,false,0,9.80,6.13,true,1,
7290019297208,false,ריבועי אניס וסילאן200ג,,IL,ריבועי אניס וסילאן200ג,גרמים,200.00,100 גרם,false,0,9.80,4.90,true,1,
7290019297215,false,"פולי סויה אדממה 1ק""ג",שקדיה,IL,פולי סויה אדממה,גרמים,1000.00,100 גרם,false,0,17.70,1.77,true,1,
7290019297222,false,פולי סויה אדממה 450גרם,שקדיה,IL,פולי סויה אדממה,גרמים,450.00,100 גרם,false,0,9.90,2.20,true,1,
7290019297390,false,מעדן פטל שחור100%פרי284ג,.,IL,מעדן פטל שחור,גרמים,284.00,100 גרם,false,1,9.90,3.49,true,1,
7290019297406,false,מעדן דובדבדבן100%פרי284ג,.,IL,מעדן דובדבדבן100%פרי284ג,גרמים,284.00,100 גרם,false,1,9.90,3.49,true,1,
7290019297413,false,מעדן אפרסק100%פרי 284גרם,.,IL,מעדן משמש,גרמים,284.00,100 גרם,false,1,9.90,3.49,true,1,
7290019297437,false,מעדן אוכמניות100%פרי284ג,.,IL,מעדן אוכמניות,גרמים,284.00,100 גרם,false,1,9.90,3.49,true,1,
7290019297505,false,רכז רימונים 1 ליטר,,IL,רכז רימונים 1 ליטר,ליטרים,1.00,ליטר,false,0,24.70,24.70,true,1,
7290019297512,false,"רכז רימונים 350 מ""ל",,IL,"רכז רימונים 350 מ""ל",מיליליטרים,350.00,"100 מ""ל",false,0,9.90,2.83,true,1,
7290019297574,false,סוכריות גומי אפרסק 300ג',דין שיווק,IL,סוכריות גומי אפרסק 300ג',גרמים,300.00,100 גרם,false,0,10.00,3.33,true,1,
7290019297598,false,סוכריות גומי דובונים 300,דין שיווק,IL,סוכריות גומי דובונים 300,גרמים,300.00,100 גרם,false,0,10.00,3.33,true,1,
7290019297796,false,עלי גפן ממולאים אורז400ג,.,IL,עלי גפן ממולאים,גרמים,400.00,100 גרם,false,1,9.90,2.48,true,1,
7290019297864,false,קשיו קלוי שקדיה 170גרם,שקדיה,IL,קשיו קלוי 170גרם,גרמים,170.00,100 גרם,false,0,16.80,9.88,true,1,
7290019297895,false,פניני סוכר פופקורן198גרם,,IL,פניני סוכר פופקורן198גרם,גרמים,198.00,100 גרם,false,0,12.80,6.46,true,1,
7290019297925,false,כדורי סוכר 227 גרם,,IL,כדורי סוכר 227 גרם,גרמים,227.00,100 גרם,false,0,10.00,4.41,true,1,
7290055090689,false,מיני קוקיס מרוקאיות600ג,כרמית,IL,מיני קוקיס,גרמים,600.00,100 גרם,false,0,14.80,2.47,true,1,
7290055090801,false,"שוקולד לבן ללת""ס 85 גרם",כרמית,IL,שוקולד לבן,גרמים,85.00,100 גרם,false,0,6.80,8.00,true,1,
7290100240137,false,בדין תרסיס מייבש כחול500,זוהר דליה,IL,תרסיס למייבש,מיליליטרים,500.00,"100 מ""ל",false,0,18.30,3.66,true,1,
7290100240144,false,בדין תרסיס מייבש ורוד500,זוהר דליה,IL,תרסיס למייבש,מיליליטרים,500.00,"100 מ""ל",false,0,18.30,3.66,true,1,
7290100240656,false,פתית שיפון 300 גרם,יוניליוור,IL,פתית שיפון,גרמים,300.00,100 גרם,false,0,17.50,5.83,true,1,
7290100242148,false,ממרח סנד.חלפינו חריף400ג,יוניליוור,IL,ממרח סנדוויץ,גרמים,400.00,100 גרם,false,0,10.00,2.50,true,1,
7290100242353,false,ברנפלקס 750 גרם,יוניליוור,,ברנפלקס,גרמים,750.00,100 גרם,false,0,29.90,3.99,true,1,
7290100243664,false,"בדין אקסטרה סגול 960 מ""ל",יוניליוור,TR,מרכך כביסה בדין,מיליליטרים,960.00,"100 מ""ל",false,0,14.90,1.55,true,1,
7290100243671,false,"בדין אקסטרה כחול 960 מ""ל",יוניליוור,TR,מרכך כביסה בדין,מיליליטרים,960.00,"100 מ""ל",false,0,14.90,1.55,true,1,
7290100243688,false,"בדין אקסטרה ורוד 960 מ""ל",יוניליוור,TR,מרכך כביסה בדין,מיליליטרים,960.00,"100 מ""ל",false,0,14.90,1.55,true,1,
7290100243800,false,גרנולה צימוקים ושקדים400,יוניליוור,IL,גרנולה,גרמים,400.00,100 גרם,false,0,19.90,4.98,true,1,
7290100244616,false,רוטב לסלט חרדל ודבש290מל,יוניליוור,IL,רוטב חרדל ודבש,מיליליטרים,290.00,"100 מ""ל",false,0,9.90,3.41,true,1,
7290100247068,false,תחליב פינוק לבנד.וניל700,יוניליוור,IL,תחליב רחצה פינוק,מיליליטרים,700.00,"100 מ""ל",false,0,10.00,1.43,true,1,
7290100247075,false,תח.רחצה פינוק רוח ים700מ,יוניליוור,IL,תחליב רחצה פינוק,מיליליטרים,700.00,"100 מ""ל",false,0,10.00,1.43,true,1,
7290100247099,false,תח.רחצה פינוק סיגליות700,יוניליוור,IL,תחליב רחצה פינוק,מיליליטרים,700.00,"100 מ""ל",false,0,10.00,1.43,true,1,
7290100247556,false,קורנפלקס ללא גלוטן 500גר,יוניליוור,IT,קורנפלקס תלמה,גרמים,500.00,100 גרם,false,0,23.70,4.74,true,1,
7290100247785,false,מרק תירס מוקרם 83 גרם,יוניליוור,IL,מרק תירס מוקרם,גרמים,83.00,100 גרם,false,0,7.90,9.52,true,1,
7290100247808,false,נמס בכוס ט.עוף אקסטרה28ג,יוניליוור,IL,נמס בכוס טעם עוף,גרמים,28.00,100 גרם,false,0,4.30,15.36,true,1,
7290100247815,false,נמס בכוס עגבנ.אקסטרה39גר,יוניליוור,IL,נמס בכוס עגבניות,גרמים,39.00,100 גרם,false,0,4.30,11.03,true,1,
7290100247822,false,נמס בכוס פטריות אקסטרה32,יוניליוור,IL,נמס בכוס פטריות,גרמים,32.00,100 גרם,false,0,4.30,13.44,true,1,
7290100247839,false,נמס בכוס ירקות אקסטרה35ג,יוניליוור,IL,נמס בכוס ירקות,גרמים,35.00,100 גרם,false,0,4.30,12.29,true,1,
7290100249352,false,מרק טעם עוף 400 גרם,יוניליוור,IL,מרק טעם עוף,גרמים,400.00,100 גרם,false,0,15.30,3.83,true,1,
7290100249376,false,מרק בצל 400 גרם,יוניליוור,IL,מרק בצל,גרמים,400.00,100 גרם,false,0,15.90,3.98,true,1,
7290100249475,false,מרק נמס בכוס תירס22.5*2ג,יוניליוור,IL,נמס בכוס תירס,גרמים,45.00,100 גרם,false,0,6.90,15.33,true,1,
7290100249482,false,נמס בכוס אפונה 25*2 גרם,יוניליוור,IL,נמס בכוס אפונה,גרמים,50.00,100 גרם,false,0,6.90,13.80,true,1,
7290100249512,false,פירה בטעם ביתי 130X2 גרם,יוניליוור,IL,פירה בטעם ביתי,גרמים,260.00,100 גרם,false,0,10.90,4.19,true,1,
7290100249581,false,רוטב לעוף שזיפים 320 גרם,יוניליוור,IL,רוטב עוף שזיפים,גרמים,320.00,100 גרם,false,0,10.00,3.13,true,1,
7290100249598,false,רוטב לעוף שום ודבש320גרם,יוניליוור,IL,רוטב לעוף,גרמים,320.00,100 גרם,false,0,10.00,3.13,true,1,
7290100249659,false,רוטב לעוף צ'ילי שום320גר,יוניליוור,IL,רוטב לעוף,גרמים,320.00,100 גרם,false,0,10.00,3.13,true,1,
7290100249918,false,דאו.אקס אקסייט 76 גרם,יוניליוור,US,דאודורנט אקס,גרמים,76.00,100 גרם,false,0,14.90,19.61,true,1,
7290100249932,false,"דליפקאן בד""ץ 400 גרם",יוניליוור,IL,דליפקאן,גרמים,400.00,100 גרם,false,0,19.90,4.98,true,1,
7290100411339,false,דייסה פרוביוטיקה 200ג,נאופארם,IL,דייסה  BELOVED,גרמים,200.00,100 גרם,false,1,9.90,4.95,true,1,
7290100411711,false,ליסטרין טוטל קר וייט750מ,ג'ונסון,IL,מי פה ליסטרין,מיליליטרים,750.00,"100 מ""ל",false,1,54.90,7.32,true,1,
7290100613603,false,גרעין אבטיח קלוי 200גרם,א.ע.ש. קליית ציון,IL,גרעין אבטיח קלוי,גרמים,200.00,100 גרם,false,0,18.70,9.35,true,1,
7290100651582,false,"קולגייט טוטל 100*2 מ""ל",קולגייט-פלמוליב,PL,זוג משחות שיניים,מיליליטרים,200.00,"100 מ""ל",false,0,29.70,14.85,true,1,
7290100653463,false,סבון פלמוליב ספא מסג500',קולגייט-פלמוליב,IT,סבון פלמוליב,מיליליטרים,500.00,"100 מ""ל",false,0,14.90,2.98,true,1,
7290100653586,false,ליידי ס.סטיק24/7ג'ל ורוד,קולגייט-פלמוליב,US,דאודורנט,גרמים,65.00,100 גרם,false,0,18.90,29.08,true,1,
7290100653593,false,ליידי ס.סטיק24/7ג'ל ירוק,קולגייט-פלמוליב,US,דאודורנט,גרמים,65.00,100 גרם,false,0,18.90,29.08,true,1,
7290100653609,false,ליידי ספיד סטיק24/7 ורוד,קולגייט-פלמוליב,US,דאודורנט,גרמים,45.00,100 גרם,false,0,25.20,56.00,true,1,
7290100653616,false,ליידי ספיד סטיק24/7 ירוק,קולגייט-פלמוליב,US,דאודורנט סטיק,גרמים,45.00,100 גרם,false,0,25.20,56.00,true,1,
7290100659090,false,חטיף FREE תמר+קינמון 5יח,טבעית,IL,חטיף FREE תמרים,גרמים,100.00,100 גרם,false,0,18.00,18.00,true,1,
7290100659106,false,חטיף FREE בוטנים 5יחידות,טבעית,IL,חטיף FREE בוטנים,גרמים,120.00,100 גרם,false,0,18.00,15.00,true,1,
7290100680155,false,"אלף האיים לייט2% 600מ""ל",אסם,IL,רוטב אלף האיים,מיליליטרים,600.00,"100 מ""ל",false,0,15.90,2.65,true,1,
7290100680711,false,פירורית זהב 350 גרם,עינת,IL,פירורית זהב אסם,גרמים,350.00,100 גרם,false,0,7.90,2.26,true,1,
7290100680889,false,קרם קרקר חיטה מלאה 300גר,אסם,IL,קרקר חיטה מלאה,גרמים,300.00,100 גרם,false,0,9.90,3.30,true,1,
7290100681015,false,אינסטנ.פודינג ריבת חלב84,אסם,IL,אינסטנט פודינג,גרמים,84.00,100 גרם,false,0,5.20,6.19,true,1,
7290100681138,false,אפרופו 50*3 גרם,אסם,IL,אפרופו 3יח במארז,גרמים,150.00,100 גרם,false,0,12.60,8.40,true,1,
7290100681244,false,"רוטב שום 290 מ""ל",אסם,IL,רוטב שום,מיליליטרים,290.00,"100 מ""ל",false,0,10.90,3.76,true,1,
7290100681503,false,סירופ לימונענע דיאט 1 ל',בית השיטה,IL,סירופ דיאט,ליטרים,1.00,ליטר,false,0,10.40,10.40,true,1,
7290100681510,false,סירופ אשכ.אדומה דיאט 1ל',בית השיטה,IL,סירופ דיאט,ליטרים,1.00,ליטר,false,0,10.40,10.40,true,1,
7290100681640,false,לחמית חיטה מלאה ובצל230ג,אסם,IL,לחמית בצל,גרמים,230.00,100 גרם,false,0,8.90,3.87,true,1,
7290100682791,false,פודינג וניל 80*3 גרם,אסם,IL,פודינג וניל 3 יח,גרמים,240.00,100 גרם,false,0,10.00,4.17,true,1,
7290100683217,false,"ויטמינצ'יק תפו""ע 2 ליטר",בית השיטה,IL,"ויטמינצ'יק תפו""ע",ליטרים,2.00,ליטר,false,0,22.30,11.15,true,1,
7290100683613,false,ויטמינצ'יק מנגו אפרסק 1ל,בית השיטה,IL,סירופ ויטמינצ'יק,ליטרים,1.00,ליטר,false,0,12.90,12.90,true,1,
7290100683880,false,פירה 260 גרם,אסם,IL,פירה אסם,גרמים,260.00,100 גרם,false,0,13.90,5.35,true,1,
7290100685136,false,"מרק טעם עוף פרווה 1 ק""ג",אסם,IL,"מרק טעם עוף פרווה 1 ק""ג",קילוגרמים,1.00,"ק""ג",false,0,15.70,15.70,true,1,
7290100685334,false,מרק עוף רכיבים טבעיים400,אסם,IL,מרק עוף אמיתי,גרמים,400.00,100 גרם,false,0,21.70,5.43,true,1,
7290100685525,false,ג'לי בטעם תות 2 * 90 גרם,אסם,IL,ג'לי טעם תות 2יח,גרמים,180.00,100 גרם,false,0,11.10,6.17,true,1,
7290100686164,false,ביסלי ברביקיו 35*6 גרם,אסם,IL,ביסלי מארז 6 יח,גרמים,210.00,100 גרם,false,0,12.00,5.71,true,1,
7290100686171,false,ביסלי גריל 6 * 35 גרם,אסם,IL,ביסלי מארז 6 יח,גרמים,210.00,100 גרם,false,0,12.00,5.71,true,1,
7290100687109,false,במבה נוגט 60 גרם,אסם,IL,במבה נוגט,גרמים,60.00,100 גרם,false,0,5.10,8.50,true,1,
7290100689035,false,פייבר וואן 460 גרם,ג'נרל מילס,US,פייבר וואן,גרמים,460.00,100 גרם,false,0,23.90,5.20,true,1,
7290100689264,false,האני נאט צ'יריוס 615 גרם,ג'נרל מילס,US,הני נאט צ'יריוס,גרמים,615.00,100 גרם,false,0,25.90,4.21,true,1,
7290100689301,false,מרק בטעם עוף זך 400גר,אסם,IL,מרק בטעם עוף זך,גרמים,400.00,100 גרם,false,0,13.60,3.40,true,1,
7290100700006,false,"חיטה 1 ק""ג",סוגת,IL,חיטה,קילוגרמים,1.00,"ק""ג",false,0,8.80,8.80,true,1,
7290100700020,false,גריסי פנינה 500 גרם,סוגת,IL,גריסי פנינה,גרמים,500.00,100 גרם,false,0,5.90,1.18,true,1,
7290100700075,false,פירורי לחם מוזהבים200ג,סוגת,IL,פירורי לחם מוזהב,גרמים,200.00,100 גרם,false,0,4.00,2.00,true,1,
7290100700242,false,"אורז מלא עגול סוגת 1 ק""ג",סוגת,IL,אורז מלא עגול,קילוגרמים,1.00,"ק""ג",false,0,8.80,8.80,true,1,
7290100700273,false,קינואה סוגת 500 גרם,סוגת,IL,קינואה סוגת,גרמים,500.00,100 גרם,false,0,14.90,2.98,true,1,
7290100700327,false,"גריסי פנינה 1 ק""ג",סוגת,IL,"גריסי פנינה 1ק""ג",קילוגרמים,1.00,"ק""ג",false,0,7.90,7.90,true,1,
7290100700365,false,"שעועית אדומה 1 ק""ג",סוגת,IL,שעועית אדומה 1קג,קילוגרמים,1.00,"ק""ג",false,0,14.90,14.90,true,1,
7290100700372,false,"אורז בסמטי מלא 1 ק""ג",סוגת,IL,אורז בסמטי מלא,קילוגרמים,1.00,"ק""ג",false,0,12.90,12.90,true,1,
7290100700389,false,"אורז אדום סוגת 1 ק""ג",סוגת,IL,אורז אדום סוגת,קילוגרמים,1.00,"ק""ג",false,0,12.80,12.80,true,1,
7290100700396,false,"אורז יסמין קלאסי 1 ק""ג",סוגת,IL,אורז יסמין סוגת,קילוגרמים,1.00,"ק""ג",false,0,10.00,10.00,true,1,
7290100700419,false,"בורגול 1 ק""ג",סוגת,IL,"בורגול 1 ק""ג",קילוגרמים,1.00,"ק""ג",false,0,7.40,7.40,true,1,
7290100700433,false,מקלוני סוכר לבן 50יח5Xגר,"שוגארט בע""מ",IL,מקלוני סוכר,גרמים,250.00,100 גרם,false,0,8.90,3.56,true,1,
7290100700563,false,"אורז מיקס קלאסי 1 ק""ג",סוגת,IL,אורז מיקס,קילוגרמים,1.00,"ק""ג",false,0,13.90,13.90,true,1,
7290100700587,false,בורגול 500 גרם,סוגת,IL,בורגול 500 גרם,גרמים,500.00,100 גרם,false,0,5.90,1.18,true,1,
7290100701157,false,"אורז להכנת סושי 1 ק""ג",סוגת,IL,אורז להכנת סושי,קילוגרמים,1.00,"ק""ג",false,0,12.80,12.80,true,1,
7290100701331,false,"קמח רב תכליתי 1 ק""ג",סוגת,IL,קמח רב תכליתי,קילוגרמים,1.00,"ק""ג",false,0,7.80,7.80,true,1,
7290100701454,false,גרישה 500 גרם,סוגת,IL,גרישה 500 גרם,גרמים,500.00,100 גרם,false,0,4.90,0.98,true,1,
7290100701577,false,"קמח לחם 1 ק""ג",סוגת,IL,"קמח לחם 1 ק""ג",קילוגרמים,1.00,"ק""ג",false,0,7.80,7.80,true,1,
7290100701881,false,"קמח פיצה ופוקצ'ה 1 ק""ג",שטיבל,IL,קמח פיצה ופוקצ'ה,קילוגרמים,1.00,"ק""ג",false,0,7.80,7.80,true,1,
7290100702260,false,קוסקוס דק 350 גרם,סוגת,IL,קוסקוס דק,גרמים,350.00,100 גרם,false,0,4.90,1.40,true,1,
7290100702383,false,"קמח תופח 1 ק""ג",שטיבל,IL,"קמח תופח 1 ק""ג",קילוגרמים,1.00,"ק""ג",false,0,7.80,7.80,true,1,
7290100702628,false,פתיתים אפויים קוסקוס500ג,אסיף תעשיות מזון,IL,פתיתים סוגת,גרמים,500.00,100 גרם,false,0,4.90,0.98,true,1,
7290100702659,false,פתיתים  מקמח מלא400ג,אסיף תעשיות מזון,IL,פתיתים אפויים,גרמים,400.00,100 גרם,false,1,5.10,1.28,true,1,
7290100702680,false,פתיתים קידס חיות 400 ג,אסיף תעשיות מזון,IL,פתיתים קידס חיות,גרמים,400.00,100 גרם,false,0,5.10,1.28,true,1,
7290100702871,false,בצק סוכר לבן 150 גרם,"גילרו בע""מ",IL,בצק סוכר לבן,גרמים,150.00,100 גרם,false,1,4.90,3.27,true,1,
7290100702888,false,בצק סוכר כחול 150 גרם,"גילרו בע""מ",IL,בצק סוכר כחול,גרמים,150.00,100 גרם,false,1,4.90,3.27,true,1,
7290100702895,false,בצק סוכר ירוק 150 גרם,"גילרו בע""מ",IL,בצק סוכר ירוק,גרמים,150.00,100 גרם,false,1,4.90,3.27,true,1,
7290100702901,false,בצק סוכר צהוב 150 גרם,"גילרו בע""מ",IL,בצק סוכר צהוב,גרמים,150.00,100 גרם,false,1,4.90,3.27,true,1,
7290100702918,false,בצק סוכר תות 150 גרם,"גילרו בע""מ",IL,בצק סוכר תות,גרמים,150.00,100 גרם,false,1,4.90,3.27,true,1,
7290100702925,false,בצק סוכר תפוז 150 גרם,"גילרו בע""מ",IL,בצק סוכר תפוז,גרמים,150.00,100 גרם,false,1,4.90,3.27,true,1,
7290100703090,false,חמם והגש אורז אדום280גרם,ניר עציון,IL,חמם והגש,גרמים,280.00,100 גרם,false,1,10.90,3.89,true,1,
7290100703113,false,חמם והגש פתיתים 280 גרם,ניר עציון,IL,חמם והגש פתיתים,גרמים,280.00,100 גרם,false,1,10.90,3.89,true,1,
7290100703144,false,חמם והגש אורז לבן 280גרם,ניר עציון,IL,חמם והגש אורז,גרמים,280.00,100 גרם,false,1,10.90,3.89,true,1,
7290100703151,false,חמם והגש אושפלו 280 גרם,ניר עציון,IL,חמם והגש אושפלו,גרמים,280.00,100 גרם,false,1,10.90,3.89,true,1,
7290100850343,false,מיני מקופלת 200 גרם,עלית,IL,מיני מקופלת,גרמים,200.00,100 גרם,false,0,15.90,7.95,true,1,
7290100850411,false,מיקס חטיפים 190 גרם,עלית,IL,מיקס חטיפים,גרמים,190.00,100 גרם,false,0,15.90,8.37,true,1,
7290100850459,false,מיקס חטיפים 390 גרם,עלית,IL,מיקס חטיפים,גרמים,390.00,100 גרם,false,0,21.90,5.62,true,1,
7290100850909,false,דוריטוס נאצ'ו מקסיקני70ג,עלית,IL,דוריטוס נאצ'ו,גרמים,70.00,100 גרם,false,0,3.60,5.14,true,1,
7290100850923,false,דוריטוס גריל 70 גרם,עלית,IL,דוריטוס גריל,גרמים,70.00,100 גרם,false,0,3.60,5.14,true,1,
7290100850930,false,דוריטוס דיפ טבעי 70 גרם,עלית,IL,חטיף דוריטוס דיפ,גרמים,70.00,100 גרם,false,0,3.60,5.14,true,1,
7290100852606,false,קפה טורקי 100*4 גרם,עלית,IL,קפה טורקי 4 יח,גרמים,400.00,100 גרם,false,0,29.90,7.48,true,1,
7290100854266,false,שוקולד מריר 60%קקאו100ג,עלית,IL,שוקולד מריר,גרמים,100.00,100 גרם,false,0,7.40,7.40,true,1,
7290100857045,false,שוק.ספלנדיד מריר קפה100ג,עלית,IL,שוקולד ספלנדיד,גרמים,100.00,100 גרם,false,0,10.90,10.90,true,1,
7290100858219,false,טבלת פסק זמן טראפלס110גר,עלית,IL,טבלת פסק זמן,גרמים,110.00,100 גרם,false,0,8.10,7.36,true,1,
7290100858226,false,טבלת פסק זמן קלאסי110גרם,עלית,IL,טבלת פסק זמן,גרמים,110.00,100 גרם,false,0,8.10,7.36,true,1,
7290100858608,false,קקאו עלית 500 גרם,עלית,IL,קקאו עלית,גרמים,500.00,100 גרם,false,0,23.90,4.78,true,1,
7290100859162,false,שוקולד פרה60% מריר100*2ג,עלית,IL,שוקולד מריר 2 יח,גרמים,200.00,100 גרם,false,0,13.90,6.95,true,1,
7290100859209,false,מסטיק מאסט עלמה אוכמני28,עלית,IL,מסטיק מאסט,גרמים,28.00,100 גרם,false,0,4.30,15.36,true,1,
7290100921180,false,מרכך הוואי שמני הזנה 700,טרופיקל דגיל,IL,מרכך הוואי,מיליליטרים,700.00,"100 מ""ל",false,0,8.90,1.27,true,1,
7290100921197,false,שמפו הוואי ביו רימון700מ,טרופיקל דגיל,IL,שמפו הוואי,מיליליטרים,700.00,"100 מ""ל",false,0,8.90,1.27,true,1,
7290100921203,false,מרכך הוואי ביו רימון700מ,טרופיקל דגיל,IL,מרכך הוואי,מיליליטרים,700.00,"100 מ""ל",false,0,8.90,1.27,true,1,
7290100921258,false,"שמפו הוואי מרענן 700מ""ל",טרופיקל דגיל,IL,שמפו הוואי,מיליליטרים,700.00,"100 מ""ל",false,0,8.90,1.27,true,1,
7290100921265,false,"מרכך הוואי מרענן 700מ""ל",טרופיקל דגיל,IL,מרכך הוואי,מיליליטרים,700.00,"100 מ""ל",false,0,8.90,1.27,true,1,
7290100921401,false,שמפו הוואי קרטין מחזק700,טרופיקל דגיל,IL,שמפו הוואי,מיליליטרים,700.00,"100 מ""ל",false,0,8.90,1.27,true,1,
7290100921517,false,"שמפו הוואי שיאה 700 מ""ל",טרופיקל דגיל,IL,"שמפו הוואי שיאה 700 מ""ל",מיליליטרים,700.00,"100 מ""ל",false,0,8.90,1.27,true,1,
7290100921524,false,"מרכך הוואי שיאה 700 מ""ל",טרופיקל דגיל,IL,מרכך הוואי,מיליליטרים,700.00,"100 מ""ל",false,0,8.90,1.27,true,1,
7290100921593,false,כדוריות לאסלה לימון50ג,הנקל סוד,HU,סבון אסלה,גרמים,50.00,100 גרם,false,0,9.80,19.60,true,1,
7290100921609,false,כדוריות אסלה אוקינוס50ג,הנקל סוד,IL,סבון אסלה,גרמים,50.00,100 גרם,false,0,9.80,19.60,true,1,
7290100921616,false,כדוריות  לאסלה אורנים50ג,הנקל סוד,IL,סבון אסלה,גרמים,50.00,100 גרם,false,0,9.80,19.60,true,1,
7290100921623,false,כדוריות לאסלה אקונומיקה,הנקל סוד,IL,סבון אסלה,גרמים,50.00,100 גרם,false,0,9.80,19.60,true,1,
7290100921692,false,סוד מרכך אדום 900מל,הנקל סוד,IL,סוד מרכך אדום,מיליליטרים,900.00,"100 מ""ל",false,1,14.80,1.64,true,1,
7290100921722,false,הוואי סבון מגנוליה100*4ג,טרופיקל דגיל,IL,סבון הוואי 4 יח,גרמים,400.00,100 גרם,false,0,14.80,3.70,true,1,
7290100921760,false,"שמפו הוואי ספורט 700 מ""ל",טרופיקל דגיל,IL,שמפו הוואי,מיליליטרים,700.00,"100 מ""ל",false,0,8.90,1.27,true,1,
7290100921791,false,ג'ל רחצה הוואי מלון 750,טרופיקל דגיל,IL,ג'ל רחצה הוואי,מיליליטרים,750.00,"100 מ""ל",false,0,8.90,1.19,true,1,
7290100922316,false,ג'ל רחצה הוואי פינק 750,טרופיקל דגיל,IL,ג'ל רחצה הוואי,מיליליטרים,750.00,"100 מ""ל",false,0,8.90,1.19,true,1,
7290100922354,false,הוואי סבון מלון 100*4ג,טרופיקל דגיל,IL,סבון הוואי 4 יח,גרמים,400.00,100 גרם,false,0,14.80,3.70,true,1,
7290100922385,false,שמפו הוואי נקטר מזין 700,טרופיקל דגיל,IL,שמפו הוואי נקטר מזין 700,מיליליטרים,700.00,"100 מ""ל",false,0,8.90,1.27,true,1,
7290100922392,false,מרכך הוואי נקטר מזין 700,טרופיקל דגיל,IL,מרכך הוואי,מיליליטרים,700.00,"100 מ""ל",false,0,8.90,1.27,true,1,
7290100922408,false,תחליב רחצה הוואי נקטר750,טרופיקל דגיל,IL,תחליב רחצה הוואי נקטר750,מיליליטרים,750.00,"100 מ""ל",false,0,8.90,1.19,true,1,
7290100922514,false,תח.רחצה הוואי שקדים 750,טרופיקל דגיל,IL,תחליב רחצה הוואי,מיליליטרים,750.00,"100 מ""ל",false,0,8.90,1.19,true,1,
7290100922552,false,מרכך הוואי קריסטל גלו700,טרופיקל דגיל,IL,מרכך הוואי,מיליליטרים,700.00,"100 מ""ל",false,1,8.90,1.27,true,1,
7290100922606,false,שמפו הוואי שמנים פרח700,טרופיקל דגיל,IL,שמפו הוואי,מיליליטרים,700.00,"100 מ""ל",false,1,8.90,1.27,true,1,
7290100922613,false,מרכך הוואי שמנים פרח700,טרופיקל דגיל,IL,מרכך הוואי,מיליליטרים,700.00,"100 מ""ל",false,1,8.90,1.27,true,1,
7290100923146,false,תחליב רחצה הוואי משי750מ,טרופיקל דגיל,IL,תחליב רחצה הוואי,מיליליטרים,750.00,"100 מ""ל",false,0,8.90,1.19,true,1,
7290100924204,false,אבקת כביסה פרסיל,,IL,אבקת כביסה פרסיל,קילוגרמים,8.00,"ק""ג",false,0,44.90,5.61,true,1,
7290100924549,false,סוד רצפות בריליאנט ורוד,הנקל סוד,ES,בריליאנט לרצפות,ליטרים,1.25,ליטר,false,1,18.90,15.12,true,1,
7290100924563,false,ג'ל לאסלה הסרת כתמים700,הנקל סוד,SI,סוד ג'ל לאסלה,מיליליטרים,700.00,"100 מ""ל",false,1,10.90,1.56,true,1,
7290100924570,false,ג'ל לאסלה הגנה מלכלוך700,הנקל סוד,SI,סוד ג'ל לאסלה,מיליליטרים,700.00,"100 מ""ל",false,1,10.90,1.56,true,1,
7290100924587,false,ג'ל לאסלה הלבנה עוצמתית,הנקל סוד,SI,סוד ג'ל לאסלה,מיליליטרים,700.00,"100 מ""ל",false,1,10.90,1.56,true,1,
7290100924594,false,סוד מרכך מרוכז ורוד900מ,הנקל סוד,IL,סוד מרכך ורוד,מיליליטרים,900.00,"100 מ""ל",false,1,14.80,1.64,true,1,
7290100924600,false,סוד מרכך מרוכז כחול900מ,הנקל סוד,IL,סוד מרכך כחול,מיליליטרים,900.00,"100 מ""ל",false,1,14.80,1.64,true,1,
7290100924617,false,סוד מרכך מרוכז סגול900מ,הנקל סוד,IL,סוד מרכך סגול,מיליליטרים,900.00,"100 מ""ל",false,1,14.80,1.64,true,1,
7290100924631,false,סוד מרכך מרוכז בייבי900מ,הנקל סוד,IL,סוד מרכךבייבי,מיליליטרים,900.00,"100 מ""ל",false,1,14.80,1.64,true,1,
7290100924693,false,סבון לאסלה כחול אקנומיקה,הנקל סוד,HU,סבון אסלה,גרמים,50.00,100 גרם,false,1,7.90,15.80,true,1,
7290100924709,false,סבון לאסלה כחול אקליפטוס,הנקל סוד,HU,סבון לאסלה כחול אקליפטוס,גרמים,50.00,100 גרם,false,1,7.90,15.80,true,1,
7290100924815,false,סוד נוזל כלים קלאסי 650מ,קליר כימיקלים,IL,נוזל כלים קלאסי,מיליליטרים,650.00,"100 מ""ל",false,1,5.90,0.91,true,1,
7290100924822,false,סוד נוזל כלים לימון650מ,הנקל סוד,IL,נוזל כלים לימון,מיליליטרים,650.00,"100 מ""ל",false,1,5.90,0.91,true,1,
7290100925102,false,מרכך SOFT&OIL ורוד750מל,הנקל סוד,DE,מרכך סוד ורוד,מיליליטרים,750.00,"100 מ""ל",false,1,14.90,1.99,true,1,
7290100925119,false,מרכך SOFT&OIL כחול 750מל,הנקל סוד,DE,מרכך סוד כחול,מיליליטרים,750.00,"100 מ""ל",false,1,14.90,1.99,true,1,
7290100925126,false,מרכך SOFT&OIL זהב 750מל,הנקל סוד,DE,מרכך סוד זהב,מיליליטרים,750.00,"100 מ""ל",false,1,14.90,1.99,true,1,
7290100925317,false,סוד מרכך כביסה כחול 5ל,הנקל סוד,IL,מרכך כביסה כחול,ליטרים,5.00,ליטר,false,1,18.90,3.78,true,1,
7290100925478,false,פרסיל ג'ל כביסה 5 ליטר,הנקל סוד,IL,פרסיל ג'ל כביסה,ליטרים,5.00,ליטר,false,0,44.90,8.98,true,1,
7290100925485,false,ג'ל כביסה פרסיל בייבי3ל',הנקל סוד,IL,ג'ל כביסה פרסיל בייבי3ל',ליטרים,3.00,ליטר,false,0,41.90,13.97,true,1,
7290100926277,false,פרסיל ג'ל,,IL,פרסיל ג'ל,ליטרים,5.00,ליטר,false,0,44.90,8.98,true,1,
7290100927847,false,נוזל לפרקט סוד,,IL,נוזל לפרקט סוד,ליטרים,2.00,ליטר,false,0,24.90,12.45,true,1,
7290100928639,false,נוזל לרצפות כחול 2ל,,IL,נוזל לרצפות כחול 2ל,ליטרים,2.00,ליטר,false,0,18.90,9.45,true,1,
7290100928646,false,סוד נוזל לרצפות,,IL,סוד נוזל לרצפות,ליטרים,2.00,ליטר,false,0,18.90,9.45,true,1,
7290100928752,false,נוזל הברקה למדיח,,IL,נוזל הברקה למדיח,מיליליטרים,750.00,"100 מ""ל",false,0,19.70,2.63,true,1,
7290100928820,false,שמפו הוואי לברק קורן 700,טרופיקל דגיל,IL,שמפו הוואי,מיליליטרים,700.00,"100 מ""ל",false,0,8.90,1.27,true,1,
7290100929728,false,מרכך מרוכז ארומה,,IL,מרכך מרוכז ארומה,מיליליטרים,900.00,"100 מ""ל",false,0,14.80,1.64,true,1,
7290100929735,false,מרכך מרוכז ארומה,,IL,מרכך מרוכז ארומה,מיליליטרים,900.00,"100 מ""ל",false,0,14.80,1.64,true,1,
7290100929742,false,מרכך מרוכז ארומה,,IL,מרכך מרוכז ארומה,מיליליטרים,900.00,"100 מ""ל",false,0,14.80,1.64,true,1,
7290100929889,false,ג'ל לכביסה פרסיל,,IL,ג'ל לכביסה פרסיל,ליטרים,3.00,ליטר,false,0,29.90,9.97,true,1,
7290101110149,false,גל.וניל עם נטיפי שוק.כשל,גלידות פלדמן,IL,גל.פלדמן,ליטרים,1.30,ליטר,false,0,21.70,16.69,true,1,
7290101110163,false,גל.וניל עוגיות 1.3 ליטר,גלידות פלדמן,IL,גל.פלדמן,ליטרים,1.30,ליטר,false,0,21.70,16.69,true,1,
7290101110279,false,"גל.שוקולד פקאן 1.3 כשל""פ",גלידות פלדמן,IL,גל.פלדמן,ליטרים,1.30,ליטר,false,0,21.70,16.69,true,1,
7290101110460,false,גל.וניל בטעם של פעם כשלפ,גלידות פלדמן,IL,גל.פלדמן,ליטרים,1.30,ליטר,false,0,21.70,16.69,true,1,
7290101111085,false,"גל.שוקולד חלב מריר כשל""פ",גלידות פלדמן,IL,גל.פלדמן,ליטרים,1.30,ליטר,false,0,21.70,16.69,true,1,
7290101111429,false,גל.שוק.וניל דובדבן1.3כשל,גלידות פלדמן,IL,גל.פלדמן,ליטרים,1.30,ליטר,false,0,21.70,16.69,true,1,
7290101111573,false,מאגדת פרוזן יוגורט מנגו,גלידות פלדמן,IL,מאגדת פרוזן,גרמים,420.00,100 גרם,false,0,26.30,6.26,true,1,
7290101111597,false,מאגדת פרוזן יוגורט פסיפ,גלידות פלדמן,IL,מאגדת פרוזן,גרמים,420.00,100 גרם,false,0,26.30,6.26,true,1,
7290101111832,false,בליסימו יוגורט מנגו אפרס,גלידות פלדמן,IL,בליסימו 1.3ליטר,ליטרים,1.30,ליטר,false,0,21.70,16.69,true,1,
7290101112075,false,מאגדת שייק מנגו פסיפלורה,גלידות פלדמן,IL,מאגדת שייק פירות,גרמים,480.00,100 גרם,false,0,31.90,6.65,true,1,
7290101112082,false,מאגדת שייק תות בננה 6יח',גלידות פלדמן,IL,מאגדת שייק פירות,גרמים,480.00,100 גרם,false,0,31.90,6.65,true,1,
7290101112228,false,מאגדת גלידל פרי אננס 8יח,גלידות פלדמן,IL,מאגדת גלידל פרי,יחידה,1.00,יחידה,false,48,26.80,26.80,true,1,
7290101112518,false,מאגדת אייס קפה 6יח',גלידות פלדמן,IL,מאגדת אייס קפה,יחידה,1.00,יחידה,false,7,27.70,27.70,true,1,
7290101112594,false,גל.משפ.שוקולטה ונילה 1.3,גלידות פלדמן,IL,גל.משפ.שוקולטה,מיליליטרים,1300.00,"100 מ""ל",false,1,21.70,1.67,true,1,
7290101112600,false,משפ.מילק שייק קפוצ'ינו,גלידות פלדמן,IL,גלקפוצ'ינו ונילה,מיליליטרים,1300.00,"100 מ""ל",false,1,21.70,1.67,true,1,
7290101112617,false,גל.משפ.תות לימון פרווה 1,גלידות פלדמן,IL,גל.משפ.תות לימון,מיליליטרים,1300.00,"100 מ""ל",false,1,21.70,1.67,true,1,
7290101112624,false,מאג.פרוזן יוגורט תות אננ,גלידות פלדמן,IL,מאג.פרוזן יוגורט,גרמים,420.00,100 גרם,false,1,26.30,6.26,true,1,
7290101486688,false,חטיף FREE עם שוקולד 5יח',טבעית,IL,חטיף FREE 5 יח',גרמים,100.00,100 גרם,false,0,18.00,18.00,true,1,
7290101487470,false,לייד ס.סטיק אלוורה כחול,קולגייט-פלמוליב,US,דאודורנט סטיק,גרמים,45.00,100 גרם,false,0,14.90,33.11,true,1,
7290101488248,false,ליידי ס.סטיק רולאון ורוד,קולגייט-פלמוליב,MX,ליידי ספיד סטיק,מיליליטרים,50.00,"100 מ""ל",false,0,20.10,40.20,true,1,
7290101488316,false,ליידי ספיד סטיק ורוד 65ג,קולגייט-פלמוליב,US,ליידי ספיד סטיק,גרמים,65.00,100 גרם,false,0,16.90,26.00,true,1,
7290101489306,false,משקה שיבולת שועל 1 ליטר,היין,IL,משקה שיבולת שועל,ליטרים,1.00,ליטר,false,0,15.90,15.90,true,1,
7290101863410,false,סיליט אקונומיקה ספריי750,רקיט בנקיזר,PL,סילים ספריי,מיליליטרים,750.00,"100 מ""ל",false,0,10.90,1.45,true,1,
7290101864127,false,וניש קליה ספריי 750מל,רקיט בנקיזר,PL,וניש קליה ספריי,מיליליטרים,750.00,"100 מ""ל",false,0,14.90,1.99,true,1,
7290101865261,false,"פיניש נוזל הברקה 800 מ""ל",רקיט בנקיזר,PL,פיניש נוזל הברקה,מיליליטרים,800.00,"100 מ""ל",false,0,24.90,3.11,true,1,
7290101866176,false,קולון101 ג'ל כביסה3ליטר,רקיט בנקיזר,,קולון ג'ל,ליטרים,3.00,ליטר,false,0,24.90,8.30,true,1,
7290101866633,false,קליה ג'ל מסיר כתמים 3ל,רקיט בנקיזר,,וניש קליה ג'ל,ליטרים,3.00,ליטר,false,0,29.90,9.97,true,1,
7290101866787,false,וניש קליה מסיר כתמים 3ל,רקיט בנקיזר,IL,וניש לכביסה לבנה,ליטרים,3.00,ליטר,false,0,29.90,9.97,true,1,
7290101866916,false,ג'ל כביסה קולון 101,רקיט בנקיזר,IL,ג'ל קולון 101,ליטרים,3.00,ליטר,false,0,24.90,8.30,true,1,
7290101867135,false,קולון 101 ג'ל כביסה 5ל,רקיט בנקיזר,IL,ג'ל כביסה קולון,ליטרים,5.00,ליטר,false,0,34.90,6.98,true,1,
7290101868460,false,אבקת כביסה קולון 101 8קג,רקיט בנקיזר,IL,"קולון 101 8 ק""ג",קילוגרמים,8.00,"ק""ג",false,0,49.40,6.18,true,1,
7290101868804,false,קולון לכביסה צבעונית3קג,רקיט בנקיזר,IL,קולון 101,קילוגרמים,3.00,"ק""ג",false,0,24.90,8.30,true,1,
7290101868958,false,פיניש נוזל הברקה 800מל,רקיט בנקיזר,PL,פיניש נוזל הברקה,מיליליטרים,800.00,"100 מ""ל",false,0,24.90,3.11,true,1,
7290101868972,false,פיניש AIO הכל ב1 24 טבלי,רקיט בנקיזר,PL,פיניש טבליות,יחידה,1.00,יחידה,false,1,24.90,24.90,true,1,
7290101869481,false,פיניש AIO הכל ב1 60+30טב,רקיט בנקיזר,PL,פיניש טבליות,יחידה,1.00,יחידה,false,1,54.90,54.90,true,1,
7290101869511,false,קולון ג'ל 101לבנדר 3ל,רקיט בנקיזר,IL,קולון ג'ל לבנדר,ליטרים,3.00,ליטר,false,0,24.90,8.30,true,1,
7290101869528,false,קולון ג'ל כביסה מאסק 3ל',רקיט בנקיזר,IL,קולון ג'ל מאסק,ליטרים,3.00,ליטר,false,0,24.90,8.30,true,1,
7290101869702,false,"פיניש ג'ל למדיח 600 מ""ל",רקיט בנקיזר,PL,פיניש ג'ל למדיח,מיליליטרים,600.00,"100 מ""ל",false,1,24.90,4.15,true,1,
7290101869726,false,פיניש ג'ל למדיח 1ל,רקיט בנקיזר,PL,פיניש ג'ל למדיח,ליטרים,1.00,ליטר,false,1,34.90,34.90,true,1,
7290101869733,false,פיניש ג'ל למדיח 1ל,רקיט בנקיזר,PL,פיניש ג'ל למדיח,ליטרים,1.00,ליטר,false,1,34.90,34.90,true,1,
7290101869764,false,אירויק מכשיר חלום קיץ250,רקיט בנקיזר,PL,אירויק מכשיר,מיליליטרים,250.00,"100 מ""ל",false,1,39.90,15.96,true,1,
7290101869771,false,איירוויק מילוי 250מל,רקיט בנקיזר,PL,אירוויק מילוי,מיליליטרים,250.00,"100 מ""ל",false,1,14.90,5.96,true,1,
7290101869788,false,איירוויק מילוי 250מל,רקיט בנקיזר,PL,אירוויק מילוי,מיליליטרים,250.00,"100 מ""ל",false,1,14.90,5.96,true,1,
7290101869795,false,איירוויק מילוי 250מל,רקיט בנקיזר,PL,אירוויק מילוי,מיליליטרים,250.00,"100 מ""ל",false,1,14.90,5.96,true,1,
7290101869825,false,איירוויק מילוי אואזיס19מ,רקיט בנקיזר,PL,אירוויק מילוי,מיליליטרים,19.00,"100 מ""ל",false,1,15.00,78.95,true,1,
7290101869900,false,איירוויק מילוי 250מל,רקיט בנקיזר,PL,אירוויק מילוי,מיליליטרים,250.00,"100 מ""ל",false,1,14.90,5.96,true,1,
7290101869917,false,איירוויק מילוי 250מל,רקיט בנקיזר,PL,אירוויק מילוי,מיליליטרים,250.00,"100 מ""ל",false,1,14.90,5.96,true,1,
7290101869931,false,איירוויק מילוי יער קסום,רקיט בנקיזר,PL,אירוויק מילוי,מיליליטרים,19.00,"100 מ""ל",false,1,15.00,78.95,true,1,
7290101869948,false,אירויק מכשיר חטא מתוק 19,רקיט בנקיזר,PL,אירויק מכשיר,מיליליטרים,19.00,"100 מ""ל",false,1,25.00,131.58,true,1,
7290101869962,false,מקלות ריחניים חלום ל.קיץ,רקיט בנקיזר,PL,מקלות ריחניים,יחידה,1.00,יחידה,false,1,19.70,19.70,true,1,
7290101980919,false,ביצי שוקולד,,IT,ביצי שוקולד,יחידה,1.00,יחידה,false,0,14.00,14.00,true,1,
7290102030330,false,תפוצ'יפס מקסיקני 200 גרם,עלית,IL,תפוצ'יפס,גרמים,200.00,100 גרם,false,0,10.00,5.00,true,1,
7290102031276,false,"אקטימל תות בננה 100*8מ""ל",שטראוס,IL,אקטימל 8 יח,מיליליטרים,800.00,"100 מ""ל",false,0,20.90,2.61,true,1,
7290102032334,false,קפה נמס וניל 200 גרם,עלית,IL,קפה נמס וניל,גרמים,200.00,100 גרם,false,0,23.90,11.95,true,1,
7290102035007,false,מסטיק מאסט בטעם בזוקה28ג,עלית,IL,מסטיק מאסט,גרמים,28.00,100 גרם,false,0,4.30,15.36,true,1,
7290102060955,false,משחה מרידול משפחתי 100מל,קולגייט-פלמוליב,DE,משחת שיניים,מיליליטרים,100.00,"100 מ""ל",false,0,14.90,14.90,true,1,
7290102060979,false,"משחה שיניים אלמקס 100מ""ל",קולגייט-פלמוליב,DE,משחת שיניים,מיליליטרים,100.00,"100 מ""ל",false,0,15.90,15.90,true,1,
7290102060993,false,משחת שיניים מרידול100*2מ,קולגייט-פלמוליב,PL,משחת מרידול 2 יח,מיליליטרים,200.00,"100 מ""ל",false,0,29.70,14.85,true,1,
7290102062195,false,"משחת אלמקס ג'וניור 75מ""ל",קולגייט-פלמוליב,DE,משחת אלמקס,מיליליטרים,75.00,"100 מ""ל",false,0,13.80,18.40,true,1,
7290102064380,false,מי פה מרידול הליטוזיס400,גאבה,DE,מי פה מרידול,מיליליטרים,400.00,"100 מ""ל",false,0,24.90,6.23,true,1,
7290102064403,false,משחת מרידול הליטוזיס 75מ,קולגייט-פלמוליב,DE,משחת מרידול,מיליליטרים,75.00,"100 מ""ל",false,0,14.90,19.87,true,1,
7290102067619,false,2מב.שיניים אלמקס ילד6-12,גאבה,IL,מברשות אלמקס,יחידה,1.00,יחידה,false,0,18.70,18.70,true,1,
7290102300822,false,צ'דר אנגלי כתום,,GB,צ'דר אנגלי כתום,גרמים,200.00,100 גרם,false,0,21.70,10.85,true,1,
7290102300860,false,צ'דר אנגלית,,GB,צ'דר אנגלית,גרמים,200.00,100 גרם,false,0,21.70,10.85,true,1,
7290102390427,false,"יוגורט תות מולר 150 מ""ל",טרה,IL,יוגורט מולר תות,מיליליטרים,150.00,"100 מ""ל",false,0,5.00,3.33,true,1,
7290102390489,false,"יוגורט לימון מולר 150מ""ל",טרה,IL,יוגורט לימון,מיליליטרים,150.00,"100 מ""ל",false,0,5.00,3.33,true,1,
7290102391844,false,יוגורט מולר פירות יער150,טרה,IL,יוגורט מולר,מיליליטרים,150.00,"100 מ""ל",false,0,5.00,3.33,true,1,
7290102392049,false,תבור גבינה לאפיה5% 500ג,משק צוריאל תבור,IL,תבור גבינה לאפיה,גרמים,500.00,100 גרם,false,0,24.00,4.80,true,1,
7290102392094,false,חלב עיזים קרטון4.1% 1ל',משק צוריאל תבור,IL,חלב עיזים קרטון,ליטרים,1.00,ליטר,false,0,14.90,14.90,true,1,
7290102392254,false,חלב 1% בקרטון 2 ליטר,טרה,IL,חלב 1% בקרטון,ליטרים,2.00,ליטר,false,0,10.80,5.40,true,1,
7290102392728,false,יוגורט לבן ביו 2.8% 200ג,טרה,IL,יוגורט לבן ביו,גרמים,200.00,100 גרם,false,0,4.00,2.00,true,1,
7290102393039,false,יוג.מולר מיקס פצפוצים150,טרה,IL,יוגורט מולר מיקס,גרמים,150.00,100 גרם,false,0,5.80,3.87,true,1,
7290102393152,false,חמאת עיזים 100 גרם,טרה,IL,חמאת עיזים,גרמים,100.00,100 גרם,false,0,6.70,6.70,true,1,
7290102393169,false,יוג.תות+חתיכות פרי3% 150,טרה,IL,יוגורט מולר תות,גרמים,150.00,100 גרם,false,0,4.90,3.27,true,1,
7290102393176,false,יוגורט+חתיכ.אפרסק3% 150ג,טרה,IL,יוגורט אפרסק,גרמים,150.00,100 גרם,false,0,4.90,3.27,true,1,
7290102393190,false,יוג.פירות יער+פרי3% 150ג,טרה,IL,יוגורט מולר,גרמים,150.00,100 גרם,false,0,4.90,3.27,true,1,
7290102393268,false,גבינה לבנה 5% 750 גרם,טרה,IL,גבינה לבנה 5%,גרמים,750.00,100 גרם,false,0,9.90,1.32,true,1,
7290102393299,false,יוגורט עיזים לשתייה500גר,משק צוריאל תבור,IL,יוגורט עיזים,גרמים,500.00,100 גרם,false,0,9.90,1.98,true,1,
7290102393718,false,חלומי בקר 200 גרם,משק צוריאל תבור,IL,חלומי בקר,גרמים,200.00,100 גרם,false,0,20.90,10.45,true,1,
7290102393855,false,יוגורט עיזים+אפרסק 150גר,משק צוריאל תבור,IL,יוגורט עיזים,גרמים,150.00,100 גרם,false,0,5.90,3.93,true,1,
7290102393947,false,יוג.סימפלי פרוט קיוי150ג,טרה,IL,יוגורט מולר קיוי,גרמים,150.00,100 גרם,false,0,4.90,3.27,true,1,
7290102394081,false,מולר מיקס קורנפ.מצופה180,טרה,IL,יוגורט מולר מיקס,גרמים,180.00,100 גרם,false,0,5.80,3.22,true,1,
7290102394258,false,מה עז 9% שומן 180 גרם,משק צוריאל תבור,IL,מה עז9%שומן,גרמים,180.00,100 גרם,false,0,18.90,10.50,true,1,
7290102394463,false,ג.צהובה נעם ואקום28% 500,טרה,IL,גבינה צהובה 28%,גרמים,500.00,100 גרם,false,0,26.70,5.34,true,1,
7290102394821,false,ג.צהובה נעם דק דק28% 200,טרה,IL,גבינה צהובה דק,גרמים,200.00,100 גרם,false,0,15.30,7.65,true,1,
7290102394845,false,גב.צהובה נעם דק דק9% 200,טרה,IL,גבינה צהובה דק9%,גרמים,200.00,100 גרם,false,0,14.80,7.40,true,1,
7290102395101,false,ממרח גבינה+שוק.מו16% 200,טרה,IL,ממרח גבינה מו,גרמים,200.00,100 גרם,false,0,7.90,3.95,true,1,
7290102395217,false,יוג.מולר2%מעודן150*8ג',טרה,IL,יוגורט מולר 8י,קילוגרמים,1.20,"ק""ג",false,0,17.90,14.92,true,1,
7290102395224,false,יוג.מולר נטורל1.7% 150*8,טרה,IL,יוגורט ביאנקו 8י,קילוגרמים,1.20,"ק""ג",false,0,17.90,14.92,true,1,
7290102395231,false,יוג.מולר נטורל2.8% 150*8,טרה,IL,יוגורט ביאנקו 8י,קילוגרמים,1.20,"ק""ג",false,0,17.90,14.92,true,1,
7290102395446,false,מו וניל וקצפת 123 גרם,טרה,IL,מו וניל וקצפת,גרמים,123.00,100 גרם,false,0,2.80,2.28,true,1,
7290102395460,false,מו שוקולד אגוזים+קצפת123,טרה,IL,מו שוקולד אגוזים,גרמים,123.00,100 גרם,false,0,2.80,2.28,true,1,
7290102395477,false,מו שוקולד וקצפת 123 גרם,טרה,IL,מו שוקולד וקצפת,גרמים,123.00,100 גרם,false,0,2.80,2.28,true,1,
7290102395521,false,"שמנת לבישול פקק 500 מ""ל",טרה,IL,שמנת לבישול,מיליליטרים,500.00,"100 מ""ל",false,0,11.90,2.38,true,1,
7290102396047,false,יוג.סימפלי אננס1.5% 150ג,טרה,IL,יוגורט אננס 1.5%,גרמים,150.00,100 גרם,false,0,4.90,3.27,true,1,
7290102396245,false,יוגורט נטורל+פ.יער 150ג,טרה,IL,יוגורט נטורל,גרמים,150.00,100 גרם,false,1,3.90,2.60,true,1,
7290102396269,false,יוג.נטורל3% בננה תמר150ג,טרה,IL,יוגורט נטורל,גרמים,150.00,100 גרם,false,1,3.90,2.60,true,1,
7290102396382,false,צפתית עיזים מעודנת 200גר,משק צוריאל תבור,IL,צפתית עיזים 200ג,גרמים,200.00,100 גרם,false,0,19.70,9.85,true,1,
7290102396399,false,מעדן שוקולד 100*8גר,טרה,IL,מעדן שוקולד 8 יח,גרמים,800.00,100 גרם,false,0,13.40,1.68,true,1,
7290102396436,false,מעדן שוקולד מוו1.5% 125ג,טרה,IL,מעדן שוקולד,גרמים,125.00,100 גרם,false,0,2.80,2.24,true,1,
7290102396443,false,מעדן וניל מוו1.5% 125גרם,טרה,IL,מעדן וניל,גרמים,125.00,100 גרם,false,0,2.80,2.24,true,1,
7290102396474,false,יוג.פרופ מלון בננ.תמר150,טרה,IL,יוגורט פרופ פרי,גרמים,150.00,100 גרם,false,0,5.00,3.33,true,1,
7290102396481,false,יוג.אפרסק/פסיפלו/אננס150,טרה,IL,יוגורט פרופ פרי,גרמים,150.00,100 גרם,false,0,5.00,3.33,true,1,
7290102396580,false,מעדן מו שוק+.מוס שוק123ג,טרה,IL,מעדן מו שוקולד,גרמים,123.00,100 גרם,false,0,2.80,2.28,true,1,
7290102396597,false,מעדן מו וניל+מוס שוק123ג,טרה,IL,מעדן מו וניל,גרמים,123.00,100 גרם,false,0,2.80,2.28,true,1,
7290102396665,false,גב.צהובה נעם דק 15% 200ג,טרה,IL,גבינה צהובה נעם,גרמים,200.00,100 גרם,false,1,15.40,7.70,true,1,
7290102396672,false,גב.צהובה נעם דק9% 360גרם,טרה,IL,גבינה צהובה נעם,גרמים,360.00,100 גרם,false,1,24.90,6.92,true,1,
7290102396719,false,יוגורט0% סימפלי תות 150ג,טרה,IL,יוגורט תות,גרמים,150.00,100 גרם,false,0,4.90,3.27,true,1,
7290102396726,false,יוגורט0%סימפלי אפרסק150ג,טרה,IL,יוגורט אפרסק,גרמים,150.00,100 גרם,false,0,4.90,3.27,true,1,
7290102396740,false,מולר סימפלי0%תות/אפ150*8,טרה,IL,מולר סימפלי 8 יח,קילוגרמים,1.20,"ק""ג",false,0,29.70,24.75,true,1,
7290102396757,false,שוקו מוו קרטון 1 ליטר,טרה,IL,שוקו מוו בקרטון,ליטרים,1.00,ליטר,false,0,8.90,8.90,true,1,
7290102396764,false,שוקו מוו קרטון 2 ליטר,טרה,IL,שוקו מוו 2 ליטר,ליטרים,2.00,ליטר,false,0,14.80,7.40,true,1,
7290102396924,false,מעדן מוו בננה+מוס שוק118,טרה,IL,מעדן מוו בננה,גרמים,118.00,100 גרם,false,1,2.80,2.37,true,1,
7290102396931,false,מעדן מוו בננה 1.5% 125גר,טרה,IL,מעדן מוו בננה,גרמים,125.00,100 גרם,false,1,2.80,2.24,true,1,
7290102396948,false,חלב בקרטון 3% 1 ליטר,טרה,IL,חלב בקרטון 3% 1 ליטר,ליטרים,1.00,ליטר,false,1,5.75,5.75,true,1,
7290102396955,false,חלב 3% בקרטון 2 ליטר,טרה,IL,חלב 3% בקרטון 2 ליטר,ליטרים,2.00,ליטר,false,1,10.90,5.45,true,1,
7290102396962,false,חלב מפוסטר 3%שקית1ליטר,טרה,IL,חלב טרה בשקית,ליטרים,1.00,ליטר,false,1,4.80,4.80,true,1,
7290102396979,false,יוגורט סימפלי אננס0% 150,טרה,IL,יוגורט אננס,גרמים,150.00,100 גרם,false,1,4.90,3.27,true,1,
7290102397150,false,משקה יוגsip.אפרסק/פספ250,טרה,IL,משקה יוגורט מולר,מיליליטרים,250.00,"100 מ""ל",false,1,5.10,2.04,true,1,
7290102397167,false,משקה יוגsip. תות בננה250,טרה,IL,משקה יוגורט מולר,מיליליטרים,250.00,"100 מ""ל",false,1,5.10,2.04,true,1,
7290102397204,false,גב.צהובה נעם דק 22% 200ג,טרה,IL,גבינה צהובה נעם,גרמים,200.00,100 גרם,false,1,15.30,7.65,true,1,
7290102397334,false,בולגרית גלילת 5% 250 גרם,משק צוריאל תבור,IL,בולגרית גלילית5%,גרמים,250.00,100 גרם,false,1,20.70,8.28,true,1,
7290102397358,false,יוג.סימפלי אגס1.5% 150ג,טרה,IL,יוגורט אגס 1.5%,גרמים,150.00,100 גרם,false,1,4.90,3.27,true,1,
7290102397365,false,מולר אגס+אננס1.5% 150*8ג,טרה,IL,יוגורט סימפלי8יח,קילוגרמים,1.20,"ק""ג",false,1,29.60,24.67,true,1,
7290102457052,false,מקל מעץ 1.5 מטר,,,מקל מעץ 1.5 מטר,יחידה,1.00,יחידה,false,0,12.20,12.20,true,1,
7290102841554,false,אבקה להכנת מלבי 112 גרם,,,אבקה להכנת מלבי 112 גרם,גרמים,112.00,100 גרם,false,0,8.00,7.14,true,1,
7290103120658,false,ספיד סטיק ג'ל 24/7 שחור,קולגייט-פלמוליב,US,דאודורנט,גרמים,85.00,100 גרם,false,0,18.90,22.24,true,1,
7290103124588,false,סב.פלמוליב סגול משאבה750,קולגייט-פלמוליב,TH,סבון פלמוליב,מיליליטרים,750.00,"100 מ""ל",false,0,15.90,2.12,true,1,
7290103124595,false,סב.פלמוליב ורד יסמין750מ,קולגייט-פלמוליב,TH,סבון פלמוליב,מיליליטרים,750.00,"100 מ""ל",false,0,15.90,2.12,true,1,
7290103124601,false,פלמוליב חלב ודבש משאב750,קולגייט-פלמוליב,TH,סבון פלמוליב,מיליליטרים,750.00,"100 מ""ל",false,0,15.90,2.12,true,1,
7290103126674,false,משחה קולגייט הרבל ג'ל100,קולגייט-פלמוליב,BR,משחת שיניים,מיליליטרים,100.00,"100 מ""ל",false,0,12.50,12.50,true,1,
7290103126797,false,"קולגייט פרו ריליף 75 מ""ל",קולגייט-פלמוליב,BR,משחת קולגייט,מיליליטרים,75.00,"100 מ""ל",false,0,14.90,19.87,true,1,
7290103127459,false,ספיד סטיק24/7ג'ל אקסטרים,קולגייט-פלמוליב,US,דאו.ספיד סטיק,גרמים,85.00,100 גרם,false,0,18.90,22.24,true,1,
7290103129316,false,סב. פלמוליב סחלב שחור500,קולגייט-פלמוליב,IT,סבון פלמוליב,מיליליטרים,500.00,"100 מ""ל",false,0,14.90,2.98,true,1,
7290103129378,false,ספיד סטיק ג'ל 5X 85 גרם,קולגייט-פלמוליב,MX,דאו. ספיד סטיק,גרמים,85.00,100 גרם,false,0,18.90,22.24,true,1,
7290103129392,false,ליידי ס.ס אינפיוזן סגול,קולגייט-פלמוליב,IL,ליידי ס.ס אינפיוזן סגול,גרמים,65.00,100 גרם,false,0,16.90,26.00,true,1,
7290103129408,false,ליידי ס.ס אינפיוזן בלו,קולגייט-פלמוליב,IL,ליידי ספיד סטיק,גרמים,65.00,100 גרם,false,0,16.90,26.00,true,1,
7290103129637,false,בלונס פדים אובליים 40 יח,ספטונה,IL,בלונס פרים,יחידה,1.00,יחידה,false,0,8.90,8.90,true,1,
7290103401382,false,קפה נמס פרא אפריקאי200גר,עלית,IL,קפה פרא אפריקאי,גרמים,200.00,100 גרם,false,0,24.90,12.45,true,1,
7290103401429,false,קפה נמס קצב ברזילאי200גר,עלית,IL,קפה נמס ברזילאי,גרמים,200.00,100 גרם,false,0,24.90,12.45,true,1,
7290103402815,false,אצבעות שוקולד+קרם חלב96ג,עלית,IL,אצבעות שוקולד,גרמים,96.00,100 גרם,false,0,7.60,7.92,true,1,
7290103402839,false,אצבעות שוקולד+עדשים96גרם,עלית,IL,אצבעות שוקולד,גרמים,96.00,100 גרם,false,0,7.60,7.92,true,1,
7290103403874,false,טבלת פסק זמן לבן 110 גרם,עלית,IL,טבלת פסק זמן,גרמים,110.00,100 גרם,false,0,8.10,7.36,true,1,
7290103403997,false,אנרג'י שייפ אגוז+שוק25*6,עלית,IL,חטיפי אנרג'י 6יח,גרמים,156.00,100 גרם,false,0,15.00,9.62,true,1,
7290103404017,false,"אנרג'י שייפ פירות ללת""ס",שטראוס,IL,חטיפי אנרג'י 6יח,גרמים,120.00,100 גרם,false,0,16.80,14.00,true,1,
7290103404024,false,"אנרג'י שייפ אגוז ללת""ס",שטראוס,IL,חטיפי אנרג'י 6יח,גרמים,120.00,100 גרם,false,0,16.80,14.00,true,1,
7290103404758,false,סלט כרוב אדום יום יום120,שטראוס,IL,כרוב אדום אחלה,גרמים,120.00,100 גרם,false,0,4.80,4.00,true,1,
7290103407209,false,תפוצ'יפס קידס 30*6 גרם,עלית,IL,תפוצ'יפס קידס6יח,גרמים,180.00,100 גרם,false,0,11.00,6.11,true,1,
7290103407223,false,אצבעות שוק+סוכ.קופצות96ג,עלית,IL,אצבעות שוקולד,גרמים,96.00,100 גרם,false,0,7.60,7.92,true,1,
7290103407421,false,"פסק זמן ללת""ס 45*3 גר",עלית,IL,פסק זמן שלישיה,גרמים,135.00,100 גרם,false,0,16.80,12.44,true,1,
7290103408206,false,ע.חסה ערבית שטוף-שטראוס,שטראוס,IL,ע.חסה ערבית250ג',גרמים,250.00,100 גרם,false,0,10.90,4.36,true,1,
7290103680022,false,"שיראז הר תבור 750 מ""ל",יקב תבור,IL,שיראז הר תבור,מיליליטרים,750.00,"100 מ""ל",false,0,29.90,3.99,true,1,
7290103680039,false,"תבור הר מרלו 750 מ""ל",יקב תבור,IL,מרלו הר תבור,מיליליטרים,750.00,"100 מ""ל",false,0,29.90,3.99,true,1,
7290103680046,false,"קברנה הר תבור 750 מ""ל",יקב תבור,IL,קברנה הר תבור,מיליליטרים,750.00,"100 מ""ל",false,0,29.90,3.99,true,1,
7290103680701,false,גוורצטרמינר הר תבור,יקב תבור,IL,יין גוורצטרמינר,מיליליטרים,750.00,"100 מ""ל",false,0,29.90,3.99,true,1,
7290104060403,false,מסטיק מאסט בזוקה ענבים28,עלית,IL,מסטיק מאסט בזוקה,גרמים,28.00,100 גרם,false,0,4.30,15.36,true,1,
7290104061127,false,עוגת שוקוצ'יפס 330 גרם,עלית,IL,עוגת שוקוצ'יפס,גרמים,330.00,100 גרם,false,0,9.80,2.97,true,1,
7290104061219,false,רבע לשבע אגוזים 120 גרם,עלית,IL,רבע לשבע אגוז,גרמים,120.00,100 גרם,false,0,11.90,9.92,true,1,
7290104061417,false,חומוס עם טחינה אחלה 400ג,שטראוס,IL,חומוס טחינה אחלה,גרמים,400.00,100 גרם,false,0,10.90,2.73,true,1,
7290104061431,false,חומוס עם צנובר אחלה 400ג,שטראוס,IL,חומוס צנובר אחלה,גרמים,400.00,100 גרם,false,0,10.90,2.73,true,1,
7290104061448,false,חומוס עם חריף אחלה 400 ג,שטראוס,IL,חומוס חריף אחלה,גרמים,400.00,100 גרם,false,0,10.90,2.73,true,1,
7290104061455,false,סוכריות טופי פרצופי 42גר,שטראוס,IL,סוכריות טופי,גרמים,22.00,100 גרם,false,1,2.30,10.45,true,1,
7290104062599,false,גמדים תות בננה 100*8 גרם,שטראוס,IL,גמדים תות בננה,גרמים,800.00,100 גרם,false,0,18.50,2.31,true,1,
7290104064111,false,אנרג'י שייפ שוק.מריר 6יח,שטראוס,IL,חטיפי אנרג'י 6יח,גרמים,156.00,100 גרם,false,0,15.00,9.62,true,1,
7290104065187,false,קפה נמס מוקה 200 גרם,עלית,IL,קפה נמס מוקה,גרמים,200.00,100 גרם,false,0,23.90,11.95,true,1,
7290104066016,false,"מילקי טופ עדשים 170 מ""ל",שטראוס,IL,מילקי טופ עדשים,מיליליטרים,170.00,"100 מ""ל",false,0,4.90,2.88,true,1,
7290104066566,false,טחינה אחלה 500 גרם,שטראוס,IL,טחינה אחלה 500גר,גרמים,500.00,100 גרם,false,0,10.90,2.18,true,1,
7290104067198,false,ספלנדיד מריר 70%תפוז100ג,עלית,IL,שוקולד ספלנדיד,גרמים,100.00,100 גרם,false,0,10.90,10.90,true,1,
7290104067693,false,חומוס  חריף 150 גרם,שטראוס,IL,חומוס חריף,יחידה,1.00,יחידה,false,0,5.50,5.50,true,1,
7290104068539,false,מאסט LL מלון ואבטיח 28גר,עלית,IL,מסטיק מאסט,גרמים,28.00,100 גרם,false,0,4.30,15.36,true,1,
7290104068546,false,מסטיק מאסט פליפ קולה28גר,עלית,IL,מסטיק מאסט,גרמים,28.00,100 גרם,false,0,4.30,15.36,true,1,
7290104262142,false,קליפסים לשיער,,,קליפסים לשיער,יחידה,1.00,יחידה,false,0,10.00,10.00,true,1,
7290104262203,false,קליפסים לשיער,,,קליפסים לשיער,יחידה,1.00,יחידה,false,0,16.90,16.90,true,1,
7290104262258,false,גומיות לשיער,,,גומיות לשיער,יחידה,1.00,יחידה,false,0,9.00,9.00,true,1,
7290104262265,false,גומיות לשיער,,,גומיות לשיער,יחידה,1.00,יחידה,false,0,10.00,10.00,true,1,
7290104262524,false,סט מסרקים לצבע,,IL,סט מסרקים לצבע,יחידה,1.00,יחידה,false,0,13.00,13.00,true,1,
7290104504228,false,מיני דובונים 20*5 גרם,אסם,IL,מיני דובונים 5יח,גרמים,100.00,100 גרם,false,0,13.00,13.00,true,1,
7290104508202,false,גביעי גלידה אמריקאים 24י,גילרו,IL,גביעי גלידה,גרמים,120.00,100 גרם,false,0,12.40,10.33,true,1,
7290104508882,false,סלט חציל בלאדי במיונז400,צבר,IL,סלט חציל בלאדי,גרמים,400.00,100 גרם,false,0,11.90,2.98,true,1,
7290104508943,false,במבה חטיף בוטנים 200 גרם,אסם,IL,במבה חטיף בוטנים,גרמים,200.00,100 גרם,false,0,8.40,4.20,true,1,
7290104509117,false,חטיפי קריספי שמנת בצל200,אסם,IL,חטיפי קריספי,גרמים,200.00,100 גרם,false,0,11.40,5.70,true,1,
7290104570162,false,תמר כבוש500גרם,ששון,IL,תמר כבוש500גרם,גרמים,500.00,100 גרם,false,0,16.90,3.38,true,1,
7290104720499,false,דני וניל 125*8 גרם,שטראוס,IL,דני וניל 8 יח',קילוגרמים,1.00,"ק""ג",false,0,12.90,12.90,true,1,
7290104721533,false,רצועות פלפלים קלויים400ג,שטראוס,IL,רצועות פלפלים,גרמים,400.00,100 גרם,false,0,10.90,2.73,true,1,
7290104721953,false,לקט מסולסלים350ג שטראוס,שטראוס,IL,לקט מסולסלים350ג,גרמים,350.00,100 גרם,false,0,13.00,3.71,true,1,
7290104722530,false,תפוצ'יפס שמנת בצל 200גרם,עלית,IL,תפוצ'יפס שמנת,גרמים,200.00,100 גרם,false,0,10.00,5.00,true,1,
7290104724190,false,גב.סימפוניה פימנטה5% 200,שטראוס,IL,גבינת סימפוניה,גרמים,200.00,100 גרם,false,1,10.00,5.00,true,1,
7290104726224,false,לימבו פטל 125 גרם,שטראוס,IL,לימבו פטל,גרמים,125.00,100 גרם,false,0,2.10,1.68,true,1,
7290104726262,false,דני לשתיה שוקולד 125*4ג,שטראוס,IL,דני לשתיה 4 יח,גרמים,500.00,100 גרם,false,0,10.90,2.18,true,1,
7290104726712,false,מארז מילקי ט.שוקולד170*8,שטראוס,IL,מארז מילקי 8 יח',ליטרים,1.36,ליטר,false,0,20.90,15.37,true,1,
7290104727252,false,פסטו בזיליקום ואגוז140גר,שטראוס,IL,פסטו בזיליקום,גרמים,140.00,100 גרם,false,0,11.00,7.86,true,1,
7290104728310,false,שמנת עמידה לקצפת38% 250מ,יטבתה,IL,שמנת עמידה לקצפת,גרמים,250.00,100 גרם,false,0,5.00,2.00,true,1,
7290104728747,false,החומוסיה של אבי חלק400ג,שטראוס,IL,החומוסיה של אבי,גרמים,400.00,100 גרם,false,0,10.90,2.73,true,1,
7290104729010,false,לבן בטעם תות 100 גרם,יטבתה,IL,לבן בטעם תות,גרמים,100.00,100 גרם,false,0,1.20,1.20,true,1,
7290104729539,false,אנרג'י אגוזים+שוק.חלב6יח,שטראוס,IL,חטיפי אנרג'י,גרמים,180.00,100 גרם,false,0,15.00,8.33,true,1,
7290104852176,false,נר נשמה פחית,,IL,נר נשמה פחית,יחידה,1.00,יחידה,false,0,2.00,2.00,true,1,
7290104960239,false,סבון נקה7 ארומה לבן 750מ,אמיליה קוסמטיקס,IL,תחליב רחצה נקה 7,מיליליטרים,750.00,"100 מ""ל",false,0,9.90,1.32,true,1,
7290104960246,false,תחליב רח.נקה 7  ורוד 750,אמיליה קוסמטיקס,IL,תחליב רחצה נקה 7,מיליליטרים,750.00,"100 מ""ל",false,0,9.90,1.32,true,1,
7290104960253,false,סבון נקה7 ארומה לבנדר750,אמיליה קוסמטיקס,IL,תחליב רחצה נרה 7,מיליליטרים,750.00,"100 מ""ל",false,0,9.90,1.32,true,1,
7290104960338,false,תחליב רח.נקה 7 אלוורה750,אמיליה קוסמטיקס,IL,תחליב רחצה נקה 7,מיליליטרים,750.00,"100 מ""ל",false,0,9.90,1.32,true,1,
7290104960970,false,"דאו.טיטניום מטאל 180 מ""ל",קרליין,,דאו.טיטניום,מיליליטרים,150.00,"100 מ""ל",false,0,14.90,9.93,true,1,
7290104961052,false,צללית מונו 02 יחידה,קרליין,IL,צללית מונו,יחידה,1.00,יחידה,false,0,76.20,76.20,true,1,
7290104961205,false,תח.רחצה נקה7 מלפפו750מ,אמיליה קוסמטיקס,IL,תחליב רחצה נקה,מיליליטרים,750.00,"100 מ""ל",false,0,9.90,1.32,true,1,
7290104961236,false,מי פנים רגיל/מעורב 260מל,קרליין,IL,מי פנים,מיליליטרים,260.00,"100 מ""ל",false,0,35.00,13.46,true,1,
7290104961243,false,תח.רחצה נקה7 קוקוס 750מ,אמיליה קוסמטיקס,IL,תחליב רחצה,מיליליטרים,750.00,"100 מ""ל",false,0,9.90,1.32,true,1,
7290104961250,false,תחליב רחצה נקה7 וניל 750,נקה,IL,תחליב רחצה נקה,מיליליטרים,750.00,"100 מ""ל",false,0,9.90,1.32,true,1,
7290104961403,false,סקין גארד,,IL,סקין גארד,מיליליטרים,60.00,"100 מ""ל",false,0,39.90,66.50,true,1,
7290104961533,false,טיטניום ספריי בלק 150מ,קרליין,IL,טיטניום ספריי,מיליליטרים,150.00,"100 מ""ל",false,0,11.90,7.93,true,1,
7290104961878,false,"שמפו קרטין נטורל 400 מ""ל",קוסמופארם,IL,שמפו קרטין,מיליליטרים,400.00,"100 מ""ל",false,0,19.90,4.98,true,1,
7290104961885,false,"מרכך קרטין נטורל 400 מ""ל",קוסמופארם,IL,מרכך קרטין,מיליליטרים,400.00,"100 מ""ל",false,0,19.90,4.98,true,1,
7290104961892,false,"מסכת קרטין נטורל 350 מ""ל",קוסמופארם,IL,מסכת קרטין,מיליליטרים,350.00,"100 מ""ל",false,0,40.00,11.43,true,1,
7290104961908,false,"סרום קרטין נטורל 145 מ""ל",קוסמופארם,IL,סרום קרטין,מיליליטרים,145.00,"100 מ""ל",false,0,50.00,34.48,true,1,
7290104961939,false,ק.לחות בהירBB פרפקט קר50,קרליין,IL,קרם לחות,מיליליטרים,50.00,"100 מ""ל",false,0,70.00,140.00,true,1,
7290104961991,false,סב.צלול נקה חמאת 500*3מ,אמיליה קוסמטיקס,IL,נקה 7 סבון 3 יח,ליטרים,1.50,ליטר,false,0,19.70,13.13,true,1,
7290104962059,false,סקינגארד,,IL,סקינגארד,מיליליטרים,200.00,"100 מ""ל",false,0,49.90,24.95,true,1,
7290104962066,false,סקינגארד,,IL,סקינגארד,מיליליטרים,200.00,"100 מ""ל",false,0,49.90,24.95,true,1,
7290104962073,false,דאו.טיטניום,,IL,דאו.טיטניום,מיליליטרים,180.00,"100 מ""ל",false,0,14.90,8.28,true,1,
7290104962080,false,דאו.טיטניום,,IL,דאו.טיטניום,מיליליטרים,150.00,"100 מ""ל",false,0,11.90,7.93,true,1,
7290104962110,false,"דאו.קרליין  לנערות150מ""ל",קרליין,IL,ספריי נושם,מיליליטרים,150.00,"100 מ""ל",false,0,11.90,7.93,true,1,
7290104962127,false,"סטיק נושם 50 מ""ל",קרליין,IL,"סטיק נושם 50 מ""ל",מיליליטרים,50.00,"100 מ""ל",false,0,13.90,27.80,true,1,
7290104962134,false,דאו. קרליין רול און נושם,קרליין,IL,רול און נושם,מיליליטרים,75.00,"100 מ""ל",false,0,11.90,15.87,true,1,
7290104962509,false,קרם קרטין,,IL,קרם קרטין,מיליליטרים,145.00,"100 מ""ל",false,0,39.60,27.31,true,1,
7290104962660,false,דאו.נושם ללא אלומיניו150,קרליין,IL,ספריי נושם,מיליליטרים,150.00,"100 מ""ל",false,0,11.90,7.93,true,1,
7290104962707,false,מגבונים להסרת איפור 25יח,קרליין,IL,מגבונים לפנים,יחידה,1.00,יחידה,false,1,13.00,13.00,true,1,
7290104962745,false,סקינגארד ספריי שקוףSPF30,קרליין,IL,סקין גארד,מיליליטרים,300.00,"100 מ""ל",false,0,39.90,13.30,true,1,
7290104962752,false,סקינגארד אינוויזבל SPF50,קרליין,IL,סקין גארד,מיליליטרים,60.00,"100 מ""ל",false,0,49.90,83.17,true,1,
7290104962844,false,"שמפו אמפולה נטורל 400מ""ל",קוסמופארם,IL,שמפו אמפולה,מיליליטרים,400.00,"100 מ""ל",false,1,19.90,4.98,true,1,
7290104962851,false,"מרכך אמפולה נטורל 400מ""ל",קוסמופארם,IL,מרכך אמפולה,מיליליטרים,400.00,"100 מ""ל",false,1,19.90,4.98,true,1,
7290104962868,false,"מסכת אמפולה נטורל 350מ""ל",קוסמופארם,IL,מסכת אמפולה,מיליליטרים,350.00,"100 מ""ל",false,1,40.00,11.43,true,1,
7290104964015,false,סקינגארד סטיק שקוףSPF50,קרליין,IL,סקין גארד,גרמים,18.00,100 גרם,false,1,49.90,277.22,true,1,
7290104964305,false,סב.נקה7 חמאת שיאה500*3מל,קוסמופארם,IL,נקה7 אל סבון 3יח,ליטרים,1.50,ליטר,false,1,19.70,13.13,true,1,
7290105360250,false,קפסולות מס' 9 50 גרם,עלית,IL,קפסולות מס' 9,גרמים,50.00,100 גרם,false,0,14.80,29.60,true,1,
7290105360328,false,קפסולות מס' 10 50 גרם,עלית,IL,קפסולות מס' 10,גרמים,50.00,100 גרם,false,0,14.80,29.60,true,1,
7290105360335,false,קפסולות מס' 7 50 גרם,עלית,IL,קפסולות מס' 7,גרמים,50.00,100 גרם,false,0,14.80,29.60,true,1,
7290105360342,false,קפסולות מס' 8 50 גרם,עלית,IL,קפסולות מס' 8,גרמים,50.00,100 גרם,false,0,14.80,29.60,true,1,
7290105360755,false,"שמן זית 3 חזק 750 מ""ל",יד מרדכי,IL,"שמן זית 3 חזק 750 מ""ל",מיליליטרים,750.00,"100 מ""ל",false,0,34.90,4.65,true,1,
7290105360762,false,"שמן זית 1 עדין 750 מ""ל",יד מרדכי,IL,שמן זית 1 עדין,מיליליטרים,750.00,"100 מ""ל",false,0,34.90,4.65,true,1,
7290105360878,false,תפוצ'יפס 50*4 גרם,שטראוס,IL,תפוצ'יפס 4 יח,גרמים,200.00,100 גרם,false,0,10.10,5.05,true,1,
7290105361578,false,החומוסיה של אבי יפו400גר,שטראוס,IL,החומוסיה של אבי,גרמים,400.00,100 גרם,false,0,10.90,2.73,true,1,
7290105362339,false,שמנת לבישול15%מהדרין250,יטבתה,IL,שמנת לבישול 15%,מיליליטרים,250.00,"100 מ""ל",false,0,8.40,3.36,true,1,
7290105364678,false,משקה אקטיביה אפרסק 250מל,שטראוס,IL,משקה אקטיביה,מיליליטרים,250.00,"100 מ""ל",false,0,4.90,1.96,true,1,
7290105364784,false,שוקולד ביסקוויט לבן 100ג,עלית,IL,שוקולד ביסקוויט,גרמים,100.00,100 גרם,false,0,5.70,5.70,true,1,
7290105364883,false,ביסקוויט עד חצות לבן200ג,עלית,IL,ביסקוויט עד חצות,גרמים,200.00,100 גרם,false,0,12.90,6.45,true,1,
7290105364944,false,חציל בלאדי עם שמן זית400,שטראוס,IL,חציל בלאדי,גרמים,400.00,100 גרם,false,0,10.90,2.73,true,1,
7290105366023,false,חציל בטעם כבד 400 גרם,שטראוס,IL,חציל בטעם כבד,גרמים,400.00,100 גרם,false,0,10.90,2.73,true,1,
7290105366047,false,טחינה לבנה 400 גרם,שטראוס,IL,טחינה לבנה,גרמים,400.00,100 גרם,false,0,10.90,2.73,true,1,
7290105366054,false,טחינה עם פטרוזיליה 400גר,שטראוס,IL,טחינה+פטרוזיליה,גרמים,400.00,100 גרם,false,0,10.90,2.73,true,1,
7290105366504,false,אצבעות שוקולד לבן 96 גרם,עלית,IL,אצבעות שוקולד,גרמים,96.00,100 גרם,false,0,7.60,7.92,true,1,
7290105366993,false,סימפוניה שיפקה חריף200,שטראוס,IL,סימפוניה פלפל,גרמים,200.00,100 גרם,false,0,10.00,5.00,true,1,
7290105367297,false,יוגורט מ.מעודנת2% 150גר,שטראוס,IL,יוגורט דנונה 2%,גרמים,150.00,100 גרם,false,0,3.00,2.00,true,1,
7290105367600,false,דנונה דיאט אכמניות תחתית,שטראוס,IL,דנונה פרי 3%,גרמים,150.00,100 גרם,false,0,4.90,3.27,true,1,
7290105367617,false,דנונה דיאט תות בתחתית150,שטראוס,IL,דנונה פרי 0%,גרמים,150.00,100 גרם,false,0,4.90,3.27,true,1,
7290105368171,false,מילקישייק ט.שוק.וקצפת143,שטראוס,IL,מילקי שייק,גרמים,143.00,100 גרם,false,0,4.90,3.43,true,1,
7290105368225,false,חומוס עם פלפל שיפקה 400ג,שטראוס,IL,חומוס עם פלפל,גרמים,400.00,100 גרם,false,0,10.90,2.73,true,1,
7290105368331,false,"מילקי בטעם תות 170 מ""ל",שטראוס,IL,מילקי טעם תות,מיליליטרים,170.00,"100 מ""ל",false,0,2.80,1.65,true,1,
7290105368355,false,מילקי שוקולד עשיר 133גרם,שטראוס,IL,מילקי שוקולד,גרמים,133.00,100 גרם,false,1,3.90,2.93,true,1,
7290105368485,false,חומוס לניגוב+מטבוחה 400ג,שטראוס,IL,חומוס לניגוב,גרמים,400.00,100 גרם,false,0,10.90,2.73,true,1,
7290105368881,false,חלב יטבתה מועשר3% 1.75ל,יטבתה,IL,חלב יטבתה מועשר,ליטרים,1.75,ליטר,false,0,13.10,7.49,true,1,
7290105368898,false,לבן בטעם אפרסק 100 גרם,יטבתה,IL,לבן בטעם אפרסק,גרמים,100.00,100 גרם,false,0,1.20,1.20,true,1,
7290105368904,false,"שמנת מתוקה 32% 250 מ""ל",יטבתה,IL,שמנת מתוקה32%,מיליליטרים,250.00,"100 מ""ל",false,0,5.00,2.00,true,1,
7290105368928,false,שמנת 9% יטבתה מהדרין200מ,יטבתה,IL,שמנת 9% יטבתה,מיליליטרים,200.00,"100 מ""ל",false,0,3.10,1.55,true,1,
7290105368959,false,פונץ בננה+פקק מהדרין250מ,יטבתה,IL,משקה פונץ' בננה,מיליליטרים,250.00,"100 מ""ל",false,0,5.30,2.12,true,1,
7290105369130,false,סימפוניה בצל ירוק5% 200ג,שטראוס,IL,גבינת סימפוניה,גרמים,200.00,100 גרם,false,0,10.00,5.00,true,1,
7290105369147,false,שוק.ספלנדיד פירות יער100,שטראוס,IL,שוקולד ספלנדיד,גרמים,100.00,100 גרם,false,0,10.90,10.90,true,1,
7290105369802,false,צ'יטוס קראנצ' גבינה30*6ג,עלית,IL,צ'יטוס מארז 6 יח,גרמים,180.00,100 גרם,false,0,11.00,6.11,true,1,
7290105430441,false,סב.פלמוליב סחלב שחור750מ,קולגייט-פלמוליב,TR,סבון פלמוליב,מיליליטרים,750.00,"100 מ""ל",false,0,15.90,2.12,true,1,
7290105430458,false,סבון פלמוליב שקדים 750 מ,קולגייט-פלמוליב,TR,סבון פלמוליב,מיליליטרים,750.00,"100 מ""ל",false,0,15.90,2.12,true,1,
7290105430472,false,ליידי ס.ס סטיין גארד 45ג,קולגייט-פלמוליב,IL,ליידי ספיד סטיק,גרמים,45.00,100 גרם,false,0,25.20,56.00,true,1,
7290105430489,false,ליידי ס.ס סטיין גארד 50מ,קולגייט-פלמוליב,IL,ליידי ספיד סטיק,מיליליטרים,50.00,"100 מ""ל",false,0,20.10,40.20,true,1,
7290105431868,false,"פלמוליב ספא קוקוס 500 מ""",קולגייט-פלמוליב,TR,פלמוליב ספא,מיליליטרים,500.00,"100 מ""ל",false,0,14.90,2.98,true,1,
7290105433985,false,ליידי ספיד סטיק פרס סטיק,קולגייט-פלמוליב,IL,ליידי ספיד סטיק,מיליליטרים,65.00,"100 מ""ל",false,0,16.90,26.00,true,1,
7290105434029,false,ספיד סטיק נוטרו ספריי150,קולגייט-פלמוליב,US,דאו. ספיד סטיק,מיליליטרים,150.00,"100 מ""ל",false,0,21.40,14.27,true,1,
7290105434050,false,דאו. ספיד סטיק,,,דאו. ספיד סטיק,יחידה,1.00,יחידה,false,0,29.60,29.60,true,1,
7290105434067,false,דאו. ספיד סטיק,,,דאו. ספיד סטיק,יחידה,1.00,יחידה,false,0,29.60,29.60,true,1,
7290105434074,false,ס.סטיק סטיק חום מאסק 85,קולגייט-פלמוליב,MX,דאו. ספיד סטיק,גרמים,85.00,100 גרם,false,1,29.60,34.82,true,1,
7290105435989,false,"אייר פופס חטיף תפו""א40ג",דיאבטיקום,IL,אייר פופס,גרמים,40.00,100 גרם,false,0,5.00,12.50,true,1,
7290105436023,false,"איר פופס חט.תפו""א גריל40",דיאבטיקום,IL,אייר פופס,גרמים,40.00,100 גרם,false,0,5.00,12.50,true,1,
7290105438539,false,קוקי נייר אפייה 40 דפים,אופל אריזות,IL,קוקי נייר אפיה,יחידה,1.00,יחידה,false,0,8.90,8.90,true,1,
7290105438546,false,קוקי נייר אפייה פרימיום,אופל אריזות,IL,קוקי נייר אפיה,יחידה,1.00,יחידה,false,0,8.90,8.90,true,1,
7290105439376,false,תבנית אפיה חד פעמי מתומן,.,IL,תבנית אפיה,יחידה,1.00,יחידה,false,1,2.90,2.90,true,1,
7290105439499,false,מיונז מאסטר שף 481 גרם,רמיה סי.וי.הולנד,NL,מיונז מאסטר שף,גרמים,481.00,100 גרם,false,1,9.90,2.06,true,1,
7290105439581,false,חרדל דיז'ון צרפתי 370גרם,רמיה סי.וי.הולנד,NL,חרדל דיז'ון,גרמים,370.00,100 גרם,false,1,11.90,3.22,true,1,
7290105439598,false,חרדל דיז'ון גרגירים370ג,סאס קווינור צרפת,FR,חרדל דיז'ון,גרמים,370.00,100 גרם,false,1,11.90,3.22,true,1,
7290105474063,false,לה קט מעדן מוס כבד 155ג,PRODUCTS FOOD HIQ,IL,לה קט מעדן כבד,גרמים,155.00,100 גרם,false,0,5.90,3.81,true,1,
7290105474070,false,לה קט מעדן מוס טונה 155ג,PRODUCTS FOOD HIQ,IL,לה קט מעדן מוס,גרמים,155.00,100 גרם,false,0,5.90,3.81,true,1,
7290105474124,false,"בונזו מחולק 12 ק""ג",ביופט,IL,בונזו מחולק 12קג,קילוגרמים,12.00,"ק""ג",false,0,100.00,8.33,true,1,
7290105474186,false,"בונזו ארוחת בריאות 3 ק""ג",ביופט,IL,בונזו בריאות,קילוגרמים,3.00,"ק""ג",false,0,62.40,20.80,true,1,
7290105475787,false,להקט נתחוני בשר400*3גר,SAS FIDELE,FR,להקט מולטיפק,קילוגרמים,1.20,"ק""ג",false,1,16.90,14.08,true,1,
7290105500151,false,וודקה פינלנדיה,,IL,וודקה פינלנדיה,מיליליטרים,700.00,"100 מ""ל",false,0,64.90,9.27,true,1,
7290105500953,false,וויסקי,,BE,וויסקי,מיליליטרים,700.00,"100 מ""ל",false,0,124.90,17.84,true,1,
7290105690456,false,מרק נמס אפונה 26*2 גרם,אסם,IL,מרק נמס אפונה,גרמים,52.00,100 גרם,false,0,6.30,12.12,true,1,
7290105691088,false,ביסלי גריל 70*3 גרם,אסם,IL,ביסלי גריל 3 יח,גרמים,210.00,100 גרם,false,0,10.90,5.19,true,1,
7290105691224,false,קריספי טורטיה שום בצל60ג,"פרח תעשיות מזון בע""מ",IL,קריספי טורטיה,גרמים,60.00,100 גרם,false,0,7.80,13.00,true,1,
7290105691248,false,קריספי טורטיה תירס 60 גר,"פרח תעשיות מזון בע""מ",IL,קריספי טורטיה,גרמים,60.00,100 גרם,false,0,7.80,13.00,true,1,
7290105691415,false,בייגלה שמיניות ללא גלוטן,אסם,IL,בייגלה שמיניות,גרמים,250.00,100 גרם,false,0,13.80,5.52,true,1,
7290105691934,false,"קמח שמרים 1 ק""ג",תחנת קמח המפרץ,IL,"קמח שמרים 1 ק""ג",קילוגרמים,1.00,"ק""ג",false,0,7.90,7.90,true,1,
7290105693341,false,במבה 25*10 גרם,אסם,,במבה 10 יח,גרמים,250.00,100 גרם,false,0,14.90,5.96,true,1,
7290105694614,false,ספגטי מהיר הכנה 500 גרם,זארה,IT,ספגטי מהיר הכנה,גרמים,500.00,100 גרם,false,0,5.50,1.10,true,1,
7290105694775,false,טריקס פירות דגני תירס480,ג'נרל מילס,US,טריקס בטעם פירות,גרמים,480.00,100 גרם,false,0,24.40,5.08,true,1,
7290105694867,false,אריסה אדומה רפי כהן150ג,צבר,IL,אריסה אדומה,גרמים,150.00,100 גרם,false,0,9.90,6.60,true,1,
7290105694881,false,סחוג ירוק רפי כהן 150 גר,צבר,IL,סחוג ירוק,גרמים,150.00,100 גרם,false,0,10.90,7.27,true,1,
7290105694966,false,סחוג אדום רפי כהן 150 גר,צבר,IL,סחוג אדום,גרמים,150.00,100 גרם,false,0,10.90,7.27,true,1,
7290105695024,false,פתיתים אורז ואטריות500ג,אסם,IL,פתיתים אפויים,גרמים,500.00,100 גרם,false,0,6.90,1.38,true,1,
7290105695093,false,חזרת רפי כהן 150 גרם,צבר,IL,חזרת רפי כהן,גרמים,150.00,100 גרם,false,0,8.90,5.93,true,1,
7290105695321,false,עוגת בראוניס פאדג' 380 ג,אסם,IL,עוגת בראוניס,גרמים,380.00,100 גרם,false,0,16.00,4.21,true,1,
7290105961822,false,תפוציפס קראנצ',,IL,תפוציפס קראנצ',גרמים,200.00,100 גרם,false,0,10.00,5.00,true,1,
7290105962331,false,סחוג חריף מאוד זהבי220ג,זהבי הכרם,IL,סחוג חריף זהבי,גרמים,220.00,100 גרם,false,0,10.80,4.91,true,1,
7290105963864,false,חזרת 220 גרם,שטראוס,IL,חזרת,גרמים,220.00,100 גרם,false,0,12.30,5.59,true,1,
7290105964915,false,פופקורן טבעי 80 גרם,עלית,IL,פופקורן טבעי,גרמים,80.00,100 גרם,false,0,5.10,6.38,true,1,
7290105965493,false,ספלנדיד מריר+מוס שוק105ג,עלית,IL,ספלנדיד מריר,גרמים,105.00,100 גרם,false,1,10.90,10.38,true,1,
7290105965509,false,שוק.מריר62% +מוס גאנדויה,עלית,IL,שוקולד ספלנדיד,גרמים,105.00,100 גרם,false,1,10.90,10.38,true,1,
7290105965516,false,ספלנדיד חלב מוס אספרס105,עלית,IL,שוקולד ספלנדיד,גרמים,105.00,100 גרם,false,1,10.90,10.38,true,1,
7290105965738,false,דנונה לשתיה תות בננה267ג,שטראוס,IL,דנונה לשתיה,גרמים,267.00,100 גרם,false,0,5.00,1.87,true,1,
7290105965851,false,דנונה דיאט פאי לימון150ג,שטראוס,IL,דנונה דיאט פאי,גרמים,150.00,100 גרם,false,1,4.90,3.27,true,1,
7290105966001,false,משקה חלב וניל 1 ליטר,יטבתה,IL,משקה חלב וניל,ליטרים,1.00,ליטר,false,0,9.20,9.20,true,1,
7290105966018,false,חלב יטבתה מועשר1% 1.75ל,יטבתה,IL,חלב מועשר 1.75ל,ליטרים,1.75,ליטר,false,0,13.10,7.49,true,1,
7290105966469,false,"חומץ בלסמי 250 מ""ל",יד מרדכי,IL,חומץ בלסמי,גרמים,250.00,100 גרם,false,0,14.70,5.88,true,1,
7290105968067,false,חומוס לניגוב+גרגרים400גר,שטראוס,IL,חומוס לניגוב,גרמים,400.00,100 גרם,false,0,10.90,2.73,true,1,
7290105968098,false,סלט קולסלאו אחלה 500 גרם,שטראוס,IL,סלט קולסלאו אחלה,גרמים,500.00,100 גרם,false,0,15.90,3.18,true,1,
7290105968654,false,רביולי בטטה פרווה 400 גר,שטראוס,IL,רביולי בטטה 400ג,גרמים,400.00,100 גרם,false,0,15.00,3.75,true,1,
7290106261471,false,"אמבר&קו אדט 100 מ""ל",אקספרשיונס,FR,אמבר&קו אדט,מיליליטרים,100.00,"100 מ""ל",false,1,34.60,34.60,true,1,
7290106502994,false,זוג הד&שולדרס 2ב500X2 1,פרוקטר אנד גמבל,FR,זוג הד&שולדרס,ליטרים,1.00,ליטר,false,1,39.90,39.90,true,1,
7290106504769,false,פמפרס פרימיום מידה2 22*4,פרוקטר & גמבל,IL,רביעיית פמפרס,יחידה,1.00,יחידה,false,1,77.90,77.90,true,1,
7290106504783,false,פמפרס פרימיום מידה4 20*4,פרוקטר & גמבל,IL,רביעיית פמפרס,יחידה,1.00,יחידה,false,1,77.90,77.90,true,1,
7290106520066,false,רבע לשבע 160 גרם,עלית,IL,רבע לשבע 160 גרם,גרמים,160.00,100 גרם,false,0,11.90,7.44,true,1,
7290106520288,false,דנונה פרו תות 150 גרם,שטראוס,IL,דנונה פרו תות,גרמים,150.00,100 גרם,false,1,4.90,3.27,true,1,
7290106520295,false,דנונה פרו לבן 2.9% 150גר,שטראוס,IL,דנונה פרו לבן,גרמים,150.00,100 גרם,false,1,4.90,3.27,true,1,
7290106520363,false,דנונה לשתיה תות אננס267ג,שטראוס,IL,דנונה לשתיה,גרמים,267.00,100 גרם,false,1,5.00,1.87,true,1,
7290106520387,false,"בזוקה גולים לל""ס 21 גרם",עלית,IL,"בזוקה גולים לל""ס",גרמים,21.00,100 גרם,false,0,4.90,23.33,true,1,
7290106520417,false,JOYבר שוקולד+ופל מצופ140,שטראוס,IL,JOY בר שוקולד,גרמים,140.00,100 גרם,false,1,4.20,3.00,true,1,
7290106520424,false,JOY בר שוקו.מריר+אגוז140,שטראוס,IL,JOY בר שוקולד,גרמים,140.00,100 גרם,false,1,4.20,3.00,true,1,
7290106520462,false,מילקי קייק 4 * 34 גרם,TSC,IT,מילקי קייק 4יח,גרמים,136.00,100 גרם,false,1,10.90,8.01,true,1,
7290106520813,false,תפוצ'יפס טבעי 50*6 גרם,שטראוס,IL,תפוצ'יפס 6 יח,גרמים,300.00,100 גרם,false,0,14.60,4.87,true,1,
7290106520899,false,חציל בלאדי במיונז400ג,שטראוס,IL,חציל בלאדי אחלה,גרמים,400.00,100 גרם,false,0,10.90,2.73,true,1,
7290106520905,false,סלט טורקי 400 גרם,שטראוס,IL,סלט טורקי,גרמים,400.00,100 גרם,false,0,10.90,2.73,true,1,
7290106521049,false,סלט קוביות סלק 400 גרם,שטראוס,IL,סלט קוביות סלק,גרמים,400.00,100 גרם,false,0,10.90,2.73,true,1,
7290106521629,false,מאגדת טוויסט 4 * 28 גרם,עלית,IL,טוויסט 4 יח',גרמים,112.00,100 גרם,false,0,12.90,11.52,true,1,
7290106521650,false,מאגדת טעמי 40*4 גרם,עלית,IL,טעמי 4 יחידות,גרמים,160.00,100 גרם,false,0,12.90,8.06,true,1,
7290106522473,false,דנונה בר בנים 173*2ג,שטראוס,IL,זוג דנונה בר,גרמים,346.00,100 גרם,false,0,9.00,2.60,true,1,
7290106523142,false,יוג.יווני טבעי7% 130*4גר,שטראוס,IL,יוגורט יווני 4יח,גרמים,520.00,100 גרם,false,0,13.00,2.50,true,1,
7290106523937,false,תפוצ'יפס טבעי 30*7 גרם,שטראוס,IL,תפוצ'יפס 7 יח,גרמים,210.00,100 גרם,false,0,10.00,4.76,true,1,
7290106524224,false,פרכיות ביס וניל,,IL,פרכיות ביס וניל,גרמים,25.00,100 גרם,false,0,4.40,17.60,true,1,
7290106524231,false,פריכיות ביס תות,,IL,פריכיות ביס תות,גרמים,25.00,100 גרם,false,0,4.40,17.60,true,1,
7290106524415,false,שוש דמויות ילדים 80 גרם,עלית,IL,שוש דמויות ילדים,גרמים,80.00,100 גרם,false,1,3.90,4.88,true,1,
7290106524569,false,כיף כף מקלות קרמל 40 גרם,סולן ציקולטה,TR,כיף כף מקלות,גרמים,40.00,100 גרם,false,1,4.60,11.50,true,1,
7290106525320,false,שוקולית לאפיה 500 גרם,עלית,IL,שוקולית לאפיה,גרמים,500.00,100 גרם,false,0,10.00,2.00,true,1,
7290106525504,false,טעמי בייגלה 42 גרם,עלית,IL,טעמי בייגלה,גרמים,42.00,100 גרם,false,0,3.90,9.29,true,1,
7290106525689,false,ספלנדיד אגוז.לוז מריר110,שטראוס,IL,ספלנדיד אגוזי לו,גרמים,110.00,100 גרם,false,0,13.80,12.55,true,1,
7290106526327,false,"שמן זית כתית מעולה650מ""ל",יד מרדכי,IL,שמן זית,מיליליטרים,650.00,"100 מ""ל",false,0,29.90,4.60,true,1,
7290106527423,false,אקטיביה שזיף 1.5% 150*4ג,שטראוס,IL,מארז אקטיביה 4יח,גרמים,600.00,100 גרם,false,0,19.90,3.32,true,1,
7290106527447,false,אקטיביה גרנולה2.2% 150*4,שטראוס,IL,מארז אקטיביה 4יח,גרמים,600.00,100 גרם,false,0,19.90,3.32,true,1,
7290106527461,false,אקטיביה0%שזיף מיובש150*4,שטראוס,IL,מארז אקטיביה 4יח,גרמים,600.00,100 גרם,false,0,19.90,3.32,true,1,
7290106528864,false,מאסט פפרמינט ממולא25גרם,עלית,IL,מסטיק מאסט,גרמים,25.00,100 גרם,false,1,4.90,19.60,true,1,
7290106528949,false,לקט ערוגות שטראוס 450גרם,שטראוס,IL,לקט ערוגות,גרמים,450.00,100 גרם,false,0,12.90,2.87,true,1,
7290106571273,false,מאגדת קראנצ שוקולד5יכשלפ,נסטלה,IL,מאגדת קראנצ שוקולד5יכשלפ,גרמים,360.00,100 גרם,false,0,34.70,9.64,true,1,
7290106571563,false,אפרופו 200 גרם,אסם,IL,אפרופו,גרמים,200.00,100 גרם,false,0,11.00,5.50,true,1,
7290106571907,false,עוגיות שוקולד צ'יפס180ג,אסם,IL,עוגיות פיטנס,גרמים,180.00,100 גרם,false,0,10.00,5.56,true,1,
7290106572997,false,"קמח שמרים לפיצה 1 ק""ג",תחנת קמח המפרץ,IL,קמח שמרים לפיצה,קילוגרמים,1.00,"ק""ג",false,0,7.90,7.90,true,1,
7290106573024,false,סירופ אננס דיאט 1 ליטר,בית השיטה,IL,סירופ אננס דיאט,ליטרים,1.00,ליטר,false,0,10.40,10.40,true,1,
7290106573086,false,קוסקוס 350*2 גרם,קוסקוס מזון,IL,קוסקוס 2 יח,גרמים,700.00,100 גרם,false,0,10.00,1.43,true,1,
7290106573277,false,חט.קריספי טאפאס זיתים150,אסם,IL,חטיפי קריספי,גרמים,150.00,100 גרם,false,0,11.80,7.87,true,1,
7290106573291,false,חט.קריספי טאפאס פלפל150ג,אסם,IL,חטיפי קריספי,גרמים,150.00,100 גרם,false,0,11.80,7.87,true,1,
7290106573574,false,חומוס ירושלמי צבר 400גרם,צבר,IL,חומוס צבר,גרמים,400.00,100 גרם,false,0,10.80,2.70,true,1,
7290106573598,false,חומוס לבנוני צבר 400 גרם,צבר,IL,חומוס לבנוני צבר,גרמים,400.00,100 גרם,false,0,11.20,2.80,true,1,
7290106573628,false,חומוס עם טחינה צבר 400גר,צבר,IL,חומוס עם טחינה,גרמים,400.00,100 גרם,false,0,10.80,2.70,true,1,
7290106573642,false,חומוס צנובר צבר 400 גרם,צבר,IL,חומוס צנובר,גרמים,400.00,100 גרם,false,0,11.90,2.98,true,1,
7290106573703,false,חציל פיקנטי רפי כהןג400,צבר,IL,חציל פיקנטי צבר,גרמים,400.00,100 גרם,false,0,11.90,2.98,true,1,
7290106573796,false,חומוס זעתר צבר 400 גרם,צבר,IL,חומוס זעתר צבר,גרמים,400.00,100 גרם,false,0,11.50,2.88,true,1,
7290106573819,false,חומוס אבו גוש צבר 400 גר,צבר,IL,חומוס אבו גוש,גרמים,400.00,100 גרם,false,0,10.90,2.73,true,1,
7290106573963,false,ביסלי ברביקיו 67*3 גרם,אסם,IL,ביסלי ברבקיו 3יח,גרמים,201.00,100 גרם,false,0,10.90,5.42,true,1,
7290106574328,false,אורז עם אטריות וירקות130,אסם,IL,אורז עם אטריות,גרמים,130.00,100 גרם,false,0,8.90,6.85,true,1,
7290106574977,false,בייגלה שטוחים מלח300גרם,אסם,IL,בייגלה שטוחים,גרמים,300.00,100 גרם,false,0,10.50,3.50,true,1,
7290106575011,false,פתיתים פלוס חיטה מלאה400,אסם,IL,פתיתים פלוס,גרמים,400.00,100 גרם,false,0,6.90,1.73,true,1,
7290106575257,false,עוגת סופלה טעם שוקולד340,אסם,IL,עוגת סופלה הבית,גרמים,340.00,100 גרם,false,0,11.90,3.50,true,1,
7290106575776,false,מאגדת מיני ג'ויה ריבתכלפ,נסטלה,IL,מאגדת ג'ויה ריבת,גרמים,250.00,100 גרם,false,0,26.70,10.68,true,1,
7290106576209,false,ביסלי אקסטרים מעושן 70 ג,אסם,IL,ביסלי אקסטרים,גרמים,70.00,100 גרם,false,0,4.50,6.43,true,1,
7290106576391,false,צ'יפסי בטעם שמנת בצל50גר,אסם,IL,חטיף צ'יפסי,גרמים,50.00,100 גרם,false,0,3.40,6.80,true,1,
7290106576414,false,צ'יפסי בטעם מקסיקני 50גר,אסם,IL,חטיף צ'יפסי,גרמים,50.00,100 גרם,false,0,3.40,6.80,true,1,
7290106576513,false,חומוס צבר 400 גרם,צבר,IL,חומוס צבר,גרמים,400.00,100 גרם,false,0,9.50,2.38,true,1,
7290106576537,false,חומוס מסעדה צבר 700גרם,צבר,IL,חומוס מסעדה צבר,גרמים,700.00,100 גרם,false,0,7.90,1.13,true,1,
7290106576797,false,"לה קרמריהצמחי וניל כשל""פ",נסטלה,IL,"לה קרמריה כשל""פ",ליטרים,1.40,ליטר,false,0,21.90,15.64,true,1,
7290106576810,false,"לה קרמריהצמחי ריבת כשל""פ",נסטלה,IL,"לה קרמריה צמחי,",ליטרים,1.40,ליטר,false,0,21.90,15.64,true,1,
7290106576834,false,לה קרמריה פונש בננה כשלפ,נסטלה,IL,"לה קרמריה כשל""פ",ליטרים,1.40,ליטר,false,0,21.90,15.64,true,1,
7290106576858,false,"לה קרמריה תותים כשל""פ",נסטלה,IL,"לה קרמריה כשל""פ",ליטרים,1.40,ליטר,false,0,21.90,15.64,true,1,
7290106576919,false,"לה קרמריה סורבה כשל""פ",נסטלה,IL,"לח קרמריה כשל""פ",ליטרים,1.40,ליטר,false,0,21.90,15.64,true,1,
7290106576926,false,לה קרמריה שוקו וניל לייט,נסטלה,IL,לה קרמריה לייט,ליטרים,1.40,ליטר,false,0,21.90,15.64,true,1,
7290106576957,false,לה קרמריה שוקו וניל כשלפ,נסטלה,IL,"לה קרמריה כשל""פ",ליטרים,1.40,ליטר,false,0,21.90,15.64,true,1,
7290106576971,false,לה קרמריה צמחי שוק כשלפ,נסטלה,IL,"לה קרמריה כשל""פ",ליטרים,1.40,ליטר,false,0,21.90,15.64,true,1,
7290106577039,false,"לה קרמריה וניל+שוק כשל""פ",נסטלה,IL,"לא קרמריה כשל""פ",ליטרים,1.40,ליטר,false,0,21.90,15.64,true,1,
7290106577282,false,טחינה צבר מרובע 400 גרם,צבר,IL,טחינה צבר,גרמים,400.00,100 גרם,false,0,11.80,2.95,true,1,
7290106577305,false,טחינה לבנונית ירוקה400גר,צבר,IL,טחינה לבנונית,גרמים,400.00,100 גרם,false,0,11.90,2.98,true,1,
7290106577480,false,חציל על האש בטחינה400גר,צבר,IL,חציל על האש צבר,גרמים,400.00,100 גרם,false,0,13.80,3.45,true,1,
7290106577503,false,חציל במיונז מרובע 400גרם,צבר,IL,חציל במיונז צבר,גרמים,400.00,100 גרם,false,0,11.80,2.95,true,1,
7290106577527,false,סלט קולסלו מרובע צבר400ג,צבר,IL,סלט קולסלו צבר,גרמים,400.00,100 גרם,false,0,12.40,3.10,true,1,
7290106577541,false,כרוב אדום מרובע צבר400ג,צבר,IL,כרוב אדום צבר,גרמים,400.00,100 גרם,false,0,11.80,2.95,true,1,
7290106577572,false,מטבוחה מרובע צבר 400 גרם,צבר,IL,מטבוחה צבר,גרמים,400.00,100 גרם,false,0,10.90,2.73,true,1,
7290106578241,false,דובונים 100 גרם,אסם,IL,חטיף דובונים,גרמים,100.00,100 גרם,false,0,8.80,8.80,true,1,
7290106578333,false,חציל על האש מרובע צבר400,צבר,IL,חציל על האש צבר,גרמים,400.00,100 גרם,false,0,11.60,2.90,true,1,
7290106578821,false,עוגת שמרים שוקולד 350גרם,אסם,IL,עוגת שמרים,גרמים,350.00,100 גרם,false,0,16.80,4.80,true,1,
7290106579118,false,פרפקטו ספגטי עתיר בסיבים,זארה,IT,ספגטי עתיר סיבים,גרמים,450.00,100 גרם,false,0,7.60,1.69,true,1,
7290106579132,false,פרפקטו ספירלי טריו 450 ג,זארה,IT,ספירלי טריו,גרמים,450.00,100 גרם,false,0,7.60,1.69,true,1,
7290106579156,false,פרפקטו פארפאלה 450 גרם,זארה,IT,פרפקטו פארפאלה,גרמים,450.00,100 גרם,false,0,7.50,1.67,true,1,
7290106579231,false,עוגיות תפוז פיטנס 180גרם,אסם,IL,עוגיות פיטנס,גרמים,180.00,100 גרם,false,0,10.00,5.56,true,1,
7290106579293,false,סלט סלק רפי כהן 400 גרם,צבר,IL,סלט סלק רפי כהן,גרמים,400.00,100 גרם,false,0,11.90,2.98,true,1,
7290106579316,false,גל.גויה וניל עוגיות 500,נסטלה,IL,גל.גויה וניל עוגיות 500,מיליליטרים,500.00,"100 מ""ל",false,0,19.90,3.98,true,1,
7290106579330,false,גל.גויה ריבת חלב כשלפ,נסטלה,IL,גלידה גויה,מיליליטרים,500.00,"100 מ""ל",false,0,19.90,3.98,true,1,
7290106651272,false,פריכיות אנרג'י,,IL,פריכיות אנרג'י,גרמים,25.00,100 גרם,false,0,4.40,17.60,true,1,
7290106651296,false,פריכיות אנרג'י,,IL,פריכיות אנרג'י,גרמים,25.00,100 גרם,false,0,4.40,17.60,true,1,
7290106652484,false,בפלות שוקולד קרנאץ 300גר,עלית,IL,בפלות קראנץ,גרמים,300.00,100 גרם,false,0,6.00,2.00,true,1,
7290106652491,false,בפלות לימון קראנץ 300גר,עלית,IL,בפלות קראנץ,גרמים,300.00,100 גרם,false,0,6.00,2.00,true,1,
7290106652514,false,בפלות וניל קראנץ 300 גרם,עלית,IL,בפלות קראנץ,גרמים,300.00,100 גרם,false,0,6.00,2.00,true,1,
7290106652835,false,אנרגי אקסטרה קר.פסק זמן6,עלית,IL,אנרג'י פסק זמן,גרמים,210.00,100 גרם,false,0,15.00,7.14,true,1,
7290106653191,false,פיתה קראנצ' טבעי300 גרם,עלית,IL,פיתה קראנצ',גרמים,300.00,100 גרם,false,0,10.00,3.33,true,1,
7290106653207,false,פיתה קראנצ' זעתר 300 גרם,עלית,IL,פיתה קראנצ',גרמים,300.00,100 גרם,false,0,10.00,3.33,true,1,
7290106653429,false,פיתה קראנצ מחיטה מלאה300,עלית,IL,פיתה קראנצ',גרמים,300.00,100 גרם,false,0,10.00,3.33,true,1,
7290106654099,false,מילקי קייק 34*8 גרם,שטראוס,IL,מילקי קייק 8 יח',גרמים,272.00,100 גרם,false,1,20.00,7.35,true,1,
7290106654921,false,תפוציפס אקסטרא טבעי50ג,שטראוס,IL,תפוצ'יפס אקסטרא,גרמים,50.00,100 גרם,false,0,3.90,7.80,true,1,
7290106654969,false,חומוס כפרי אחלה750גרם,שטראוס,IL,חומוס כפרי אחלה,גרמים,750.00,100 גרם,false,0,8.90,1.19,true,1,
7290106655645,false,דנונה שכבות דיאט0% 4+4,שטראוס,IL,מארז דנונה 4+4יח,קילוגרמים,1.20,"ק""ג",false,0,27.70,23.08,true,1,
7290106655966,false,אנרג'י שוק.מריר+אגוז זוג,עלית,IL,חטיפי אנרג'י זוג,גרמים,312.00,100 גרם,false,0,22.90,7.34,true,1,
7290106656727,false,חיוכים שוקולד 600 גרם,עלית,IL,חיוכים שוקולד,גרמים,600.00,100 גרם,false,0,17.90,2.98,true,1,
7290106656734,false,חיוכים וניל 600 גרם,עלית,IL,חיוכים וניל,גרמים,600.00,100 גרם,false,0,17.90,2.98,true,1,
7290106656895,false,סימפוניה עגבנ.מיובשות200,שטראוס,IL,גבינת סימפוניה5%,גרמים,200.00,100 גרם,false,0,10.00,5.00,true,1,
7290106656901,false,סימפוניה25% זיתים 210ג,שטראוס,IL,גבינת סימפוניה,גרמים,210.00,100 גרם,false,0,10.00,4.76,true,1,
7290106657137,false,תפוציפס אקסטרא טבעי200ג,שטראוס,IL,תפוצ'יפס אקסטרא,גרמים,200.00,100 גרם,false,0,10.00,5.00,true,1,
7290106657953,false,אקטיביה תות 1.5% 150*4 ג,שטראוס,IL,מארז אקטיביה 4יח,גרמים,600.00,100 גרם,false,0,19.90,3.32,true,1,
7290106657960,false,אקטיביה פ.יבש1.5% 150*4,שטראוס,IL,מארז אקטיביה 4יח,גרמים,600.00,100 גרם,false,0,19.90,3.32,true,1,
7290106660724,false,שוק.קראנצ' שברי גלידה100,שטראוס,IL,שוקולד קראנצ',גרמים,100.00,100 גרם,false,1,5.70,5.70,true,1,
7290106660915,false,"מקופלת XL מריר כשל""פ33גר",עלית,IL,חטיף מקופלת,גרמים,33.00,100 גרם,false,0,3.90,11.82,true,1,
7290106661806,false,סמפוניה סמטאות שוק5% 200,שטראוס,IL,גבינת סימפוניה,גרמים,200.00,100 גרם,false,1,10.00,5.00,true,1,
7290106661875,false,גב.סקי פאי לימון3% 125גר,שטראוס,IL,סקי מעדן גבינה,גרמים,125.00,100 גרם,false,1,3.70,2.96,true,1,
7290106662377,false,רבע לשבע בוטנים 120 גרם,עלית,IL,רבע לשבע בוטנים,גרמים,120.00,100 גרם,false,1,11.90,9.92,true,1,
7290106662582,false,JOYמעד.שוקו מריר3.9% 130,שטראוס,IL,JOY מעדן שוקולד,גרמים,130.00,100 גרם,false,1,3.30,2.54,true,1,
7290106662605,false,JOY מעדן שוקולד3.9% 130ג,שטראוס,IL,JOY מעדן שוקולד,גרמים,130.00,100 גרם,false,1,3.30,2.54,true,1,
7290106662612,false,JOY מעדן וניל 3.9% 130גר,שטראוס,IL,JOY מעדן וניל,גרמים,130.00,100 גרם,false,1,3.30,2.54,true,1,
7290106662629,false,JOYמעדן טעם וניל0% 130ג,שטראוס,IL,JOY מעדן וניל 0%,גרמים,130.00,100 גרם,false,1,3.30,2.54,true,1,
7290106662636,false,JOYשוקולד מריר 0% 130ג,שטראוס,IL,JOY מעדן שוקולד,גרמים,130.00,100 גרם,false,1,3.30,2.54,true,1,
7290106662643,false,JOYמעדן שוקולד 0% 130ג,שטראוס,IL,JOY מעדן שוקולד,גרמים,130.00,100 גרם,false,1,3.30,2.54,true,1,
7290106662834,false,סוכריות דומי דובונים22גר,שטראוס,IL,סוכריות גומי,גרמים,22.00,100 גרם,false,1,2.30,10.45,true,1,
7290106662896,false,חטיפי שוקו.חלב+דגנים100ג,שטראוס,IL,חטיפי אנרג'י 4יח,גרמים,100.00,100 גרם,false,1,11.90,11.90,true,1,
7290106662964,false,סוכריות גומי יין 100 גרם,עלית,IL,סוכריות גומי יין,גרמים,100.00,100 גרם,false,1,4.90,4.90,true,1,
7290106663053,false,סימפוניה ערב בפריז5% 200,שטראוס,IL,גבינת סימפוניה,גרמים,200.00,100 גרם,false,1,10.00,5.00,true,1,
7290106663091,false,לאבנה 9% 500 גרם,שטראוס,IL,לאבנה 9%,גרמים,500.00,100 גרם,false,1,18.50,3.70,true,1,
7290106663121,false,מילקי קייק 34 גרם,TSC,IT,מילקי קייק,גרמים,34.00,100 גרם,false,1,3.00,8.82,true,1,
7290106663244,false,חציל זעלוק 400 גרם,שטראוס,IL,חציל זעלוק 400גר,גרמים,400.00,100 גרם,false,1,10.90,2.73,true,1,
7290106663343,false,עדשים מיני מיני 17 גרם,שטראוס,IL,עדשים מיני מיני,גרמים,17.00,100 גרם,false,1,2.30,13.53,true,1,
7290106663374,false,סוכ.גומי פלצת פנים 80גרם,טופגאם,IL,סוכריות גומי,גרמים,80.00,100 גרם,false,1,4.90,6.13,true,1,
7290106663381,false,סוכריות גומי לב אפרסק80ג,טופגאם,IL,סוכריות גומי,גרמים,80.00,100 גרם,false,1,4.90,6.13,true,1,
7290106663411,false,מסטיקים בטעם פירות 25גרם,שטראוס,IL,מסטיקים,גרמים,25.00,100 גרם,false,1,2.30,9.20,true,1,
7290106663503,false,קונפיט.תות שדה לייט250ג,יד מרדכי,IL,קונפיטורה תות,גרמים,250.00,100 גרם,false,0,13.70,5.48,true,1,
7290106663527,false,קונפיטורה משמש לייט250ג,יד מרדכי,IL,קונפיטורה משמש,גרמים,230.00,100 גרם,false,0,13.70,5.96,true,1,
7290106663534,false,"רוטב מנגו קארי 280 מ""ל",בית אל מזון,IL,רוטב מנגו קארי,מיליליטרים,280.00,"100 מ""ל",false,1,14.80,5.29,true,1,
7290106663541,false,"רוטב צ'ילי שום 280 מ""ל",בית אל מזון,IL,רוטב צ'ילי שום,מיליליטרים,280.00,"100 מ""ל",false,1,14.80,5.29,true,1,
7290106663558,false,"רוטב טריאקי רימון 280מ""ל",בית אל מזון,IL,רוטב טריאקי,מיליליטרים,280.00,"100 מ""ל",false,1,14.80,5.29,true,1,
7290106663565,false,חלבית - חלבי 300 גרם,עלית,IL,חלבית - חלבי,גרמים,300.00,100 גרם,false,1,17.60,5.87,true,1,
7290106663718,false,צ'יטוס זיגזג 55 גרם,עלית,IL,צ'יטוס זיגזג,גרמים,55.00,100 גרם,false,0,3.50,6.36,true,1,
7290106664012,false,תפוציפס אקסט+טבעות בצל50,עלית,IL,תפוצ'יפס אקסטרא,גרמים,50.00,100 גרם,false,1,3.90,7.80,true,1,
7290106664548,false,רוטב שמנת4+גבינות9% 250מ,שטראוס,IL,רוטב שמנת גבינות,מיליליטרים,250.00,"100 מ""ל",false,1,10.50,4.20,true,1,
7290106664555,false,רוטב שמנת+עגבניות9% 250מ,שטראוס,IL,רוטב שמנת,מיליליטרים,250.00,"100 מ""ל",false,1,10.50,4.20,true,1,
7290106664562,false,רוטב שמנת+פטריות 9% 200מ,שטראוס,IL,רוטב שמנת פטריות,מיליליטרים,250.00,"100 מ""ל",false,1,10.50,4.20,true,1,
7290106664654,false,דוריטוס ט.טבעי 40*6 גרם,עלית,IL,דוריטוס 6 יח,גרמים,240.00,100 גרם,false,1,11.80,4.92,true,1,
7290106665507,false,מיקס טעמי מקופלת 175 גרם,עלית,IL,מיקס טעמי מקופלת,גרמים,175.00,100 גרם,false,0,10.90,6.23,true,1,
7290106666092,false,שוקולד לבן במילוי תות100,עלית,IL,שוקולד לבן,גרמים,100.00,100 גרם,false,0,5.50,5.50,true,1,
7290106666122,false,פריכיות מיני פיצה 45גרם,עלית,IL,פריכיות מיני,גרמים,45.00,100 גרם,false,1,6.90,15.33,true,1,
7290106666139,false,פריכיות מיני ביס בצל 45ג,עלית,IL,פריכיות מיני,גרמים,45.00,100 גרם,false,1,6.90,15.33,true,1,
7290106666368,false,חטיפ.שוק.מריר דגן+פרי100,שטראוס,IL,חטיפי אנרג'י 4יח,גרמים,100.00,100 גרם,false,1,11.90,11.90,true,1,
7290106668010,false,בפלות מוקצף 800 גרם,שטראוס,IL,בפלות מוקצף,גרמים,800.00,100 גרם,false,1,19.90,2.49,true,1,
7290106668577,false,"מיץ לימון 250 מ""ל",יד מרדכי,IL,מיץ לימון,גרמים,250.00,100 גרם,false,1,7.80,3.12,true,1,
7290106668584,false,"מיץ ליים 250 מ""ל",יד מרדכי,IL,מיץ ליים,מיליליטרים,250.00,"100 מ""ל",false,1,7.80,3.12,true,1,
7290106668638,false,"קופי שוט שוק.חלב 80*4מ""ל",יטבתה,IL,מארז קופי שוט,מיליליטרים,320.00,"100 מ""ל",false,1,10.00,3.13,true,1,
7290106668720,false,דנונה לשתיה פירות יער850,שטראוס,IL,דנונה לשתיה,גרמים,850.00,100 גרם,false,1,14.40,1.69,true,1,
7290106668737,false,דנונה לשתיה דיאט תות267ג,שטראוס,IL,דנונה לשתיה,גרמים,267.00,100 גרם,false,1,5.00,1.87,true,1,
7290106669154,false,רבע לשבע 20*4 גרם,עלית,IL,רבע לשבע 4 יח,גרמים,80.00,100 גרם,false,1,9.90,12.38,true,1,
7290106669314,false,סימפוניה בנגקוק 5% 200ג,שטראוס,IL,גבינת סימפוניה,גרמים,200.00,100 גרם,false,1,10.00,5.00,true,1,
7290106669604,false,החומוסיה של אבי הנסיך400,שטראוס,IL,החומוסיה של אבי,גרמים,400.00,100 גרם,false,1,10.90,2.73,true,1,
7290106720329,false,נישנושי תירס משפחתי 600ג,שטראוס,IL,נישנושי תירס,גרמים,600.00,100 גרם,false,0,14.90,2.48,true,1,
7290106720404,false,קפה נמס פרווה 300 גרם,עלית,IL,קפה נמס פרווה,גרמים,300.00,100 גרם,false,0,5.00,1.67,true,1,
7290106720831,false,נישנושי תירס זוגי 500גרם,שטראוס,IL,נישנושי תירס,גרמים,500.00,100 גרם,false,0,12.90,2.58,true,1,
7290106721609,false,דוריטוס חמוץ חריף 40*6גר,עלית,IL,דוריטוס 6 יח,גרמים,240.00,100 גרם,false,0,11.80,4.92,true,1,
7290106721937,false,סוכ.גומי בננה מסוכר80גרם,טופגאם,IL,סוכריות גומי,גרמים,80.00,100 גרם,false,1,4.90,6.13,true,1,
7290106721944,false,סוכ.גומי נחש מוברק80גרם,טופגאם,IL,סוכריות גומי,גרמים,80.00,100 גרם,false,1,4.90,6.13,true,1,
7290106721999,false,מאסט אננס הדר ממולא25גרם,עלית,IL,מסטיק מאסט,גרמים,25.00,100 גרם,false,1,4.90,19.60,true,1,
7290106722057,false,באגט קראנצ זיתים עגבנ300,עלית,IL,באגט קראנצ זיתים,גרמים,300.00,100 גרם,false,1,10.00,3.33,true,1,
7290106722095,false,באגט קראנצ שום 300 גרם,עלית,IL,באגט קראנצ שום,גרמים,300.00,100 גרם,false,0,10.00,3.33,true,1,
7290106723504,false,עוג.דגנים עם שבבי שוק150,עלית,IL,עוגיות אנרג'י,גרמים,150.00,100 גרם,false,1,12.80,8.53,true,1,
7290106723511,false,עוג.דגנים עם קינמון150גר,עלית,IL,עוגיות אנרג'י,גרמים,150.00,100 גרם,false,1,12.80,8.53,true,1,
7290106723689,false,עלי תרד בייבי 200גרם,שטראוס,IL,עלי תרד בייבי,גרמים,200.00,100 גרם,false,0,11.90,5.95,true,1,
7290106724402,false,עוג.חיוכים שוקו וניל150ג,עלית,IL,עוגיות חיוכים,גרמים,150.00,100 גרם,false,1,4.50,3.00,true,1,
7290106724419,false,עוגיות חיוכים וניל 150גר,עלית,IL,עוגיות חיוכים,גרמים,150.00,100 גרם,false,1,4.50,3.00,true,1,
7290106725423,false,רבע לשבע חלבה 120 גרם,עלית,IL,רבע לשבע חלבה,גרמים,120.00,100 גרם,false,1,11.90,9.92,true,1,
7290106725430,false,מסטיק קוב.אננס הדרים63ג,עלית,IL,מסטיק קוביות,גרמים,63.00,100 גרם,false,1,11.80,18.73,true,1,
7290106725522,false,"רוטב שזיף רימון 280 מ""ל",בית אל מזון,IL,רוטב שזיף רימון,מיליליטרים,280.00,"100 מ""ל",false,1,14.80,5.29,true,1,
7290106725874,false,"סירופ מייפל טבעי 236 מ""ל",ציטדל,CA,סירופ מייפל,מיליליטרים,236.00,"100 מ""ל",false,1,44.90,19.03,true,1,
7290106726161,false,דנונה פרו אפרסק2.4% 150ג,שטראוס,IL,דנונה פרו אפרסק,גרמים,150.00,100 גרם,false,1,4.90,3.27,true,1,
7290106726178,false,דנונה פרו פירות יער150ג,שטראוס,IL,דנונה פרו פ.יער,גרמים,150.00,100 גרם,false,1,4.90,3.27,true,1,
7290106726314,false,רוטב אדום ישראלי חריף220,שטראוס,IL,רוטב אדום חריף,גרמים,220.00,100 גרם,false,1,5.00,2.27,true,1,
7290106726796,false,דנונה בר עדשים 180 גרם,שטראוס,IL,דנונה בר עדשים,גרמים,180.00,100 גרם,false,1,4.50,2.50,true,1,
7290106727045,false,דנונה פרו אננס2.4% 150ג,שטראוס,IL,דנונה פרו אננס,גרמים,150.00,100 גרם,false,1,4.90,3.27,true,1,
7290106728127,false,חלב טבעי בקבוק3.6% 1ליטר,יטבתה,IL,חלב טבעי בקבוק,ליטרים,1.00,ליטר,false,1,7.50,7.50,true,1,
7290106728226,false,דנונה דיאט בננה קרמל150ג,שטראוס,IL,דנונה דיאט,גרמים,150.00,100 גרם,false,1,4.90,3.27,true,1,
7290106728288,false,סקי עוגת גבינה+תות 125ג,שטראוס,IL,סקי מעדן גבינה,גרמים,125.00,100 גרם,false,1,3.70,2.96,true,1,
7290106728301,false,דני בטעם בננה 125 גרם,שטראוס,IL,דני בטעם בננה,גרמים,125.00,100 גרם,false,1,2.60,2.08,true,1,
7290106728387,false,החומסיה של אבי אל ארז400,שטראוס,IL,החומוסיה של אבי,גרמים,400.00,100 גרם,false,1,10.90,2.73,true,1,
7290106728721,false,מילקי שוקולד ואגוזים133ג,שטראוס,IL,מילקי טעם שוקולד,גרמים,133.00,100 גרם,false,1,2.80,2.11,true,1,
7290106729650,false,דנונה תות 3% 150*8גרם,שטראוס,IL,דנונה תות 8 יח,קילוגרמים,1.20,"ק""ג",false,1,25.00,20.83,true,1,
7290106729865,false,סימפוניה שום+פלפל5% 200ג,שטראוס,IL,גבינת סימפוניה,גרמים,200.00,100 גרם,false,1,10.00,5.00,true,1,
7290107280037,false,מגבונים לניקוי,,IL,מגבונים לניקוי,יחידה,1.00,יחידה,false,0,7.90,7.90,true,1,
7290107280099,false,מגבוני נייר טואלט48*3יח,סנו,IL,מגבוני נייר לחים,יחידה,1.00,יחידה,false,0,15.90,15.90,true,1,
7290107280167,false,תחליב רחצה קרמה וניל750מ,קוסמופארם,IL,תחליב רחצה קרמה,מיליליטרים,750.00,"100 מ""ל",false,0,15.90,2.12,true,1,
7290107280198,false,תחליב רחצה קרמה פרח750מ,קוסמופארם,IL,תחליב רחצה קרמה,מיליליטרים,750.00,"100 מ""ל",false,1,15.90,2.12,true,1,
7290107280204,false,תחליב רח.קרמה פרח מים500,קוסמופארם,IL,תחליב רחצה קרמה,מיליליטרים,500.00,"100 מ""ל",false,1,10.00,2.00,true,1,
7290107280273,false,קרמה ק.ידיים מזין 100מל,קוסמופארם,IL,קרמה קרם ידיים,מיליליטרים,100.00,"100 מ""ל",false,0,7.90,7.90,true,1,
7290107280389,false,מתז ג'ט לאמבט,,IL,מתז ג'ט לאמבט,מיליליטרים,750.00,"100 מ""ל",false,0,10.00,1.33,true,1,
7290107280396,false,מתז ג'ט למטבח,,IL,מתז ג'ט למטבח,מיליליטרים,750.00,"100 מ""ל",false,0,10.00,1.33,true,1,
7290107280402,false,ג'ט לניקוי כללי,,IL,ג'ט לניקוי כללי,ליטרים,2.00,ליטר,false,0,10.00,5.00,true,1,
7290107280471,false,ספארק טבליות למדיח 30 יח,סנו,IL,טבליות למדיח,יחידה,1.00,יחידה,false,0,20.00,20.00,true,1,
7290107280488,false,סנובון WAVE פרחים 45גר,סנו,IL,סנובון WAVE,גרמים,45.00,100 גרם,false,0,7.90,17.56,true,1,
7290107280495,false,סנובון WAVE לימון 45גר,סנו,IL,סנובון WAVE,גרמים,45.00,100 גרם,false,0,7.90,17.56,true,1,
7290107280501,false,סנובון WAVE אורנים 45גר,סנו,PL,סנובון WAVE,גרמים,45.00,100 גרם,false,0,7.90,17.56,true,1,
7290107280549,false,400-K קוטל זבובים ויתושי,סנו,IL,400-K ק.יתושים,מיליליטרים,300.00,"100 מ""ל",false,0,11.90,3.97,true,1,
7290107280570,false,ג'ל כביסה,,IL,ג'ל כביסה,ליטרים,3.00,ליטר,false,0,24.90,8.30,true,1,
7290107280587,false,סנובון דאבל אקשן פרחים,סנו,IL,סנובון דאבל אקשן,גרמים,165.00,100 גרם,false,1,15.00,9.09,true,1,
7290107280594,false,סנובון דאבל אקשן לבנדר,סנו,IL,סנובון דאבל אקשן,גרמים,155.00,100 גרם,false,1,15.00,9.68,true,1,
7290107280679,false,ספארק טבליות למדיח 70 יח,סנו,IL,טבליות למדיח,יחידה,1.00,יחידה,false,0,39.90,39.90,true,1,
7290107280709,false,ספארק נוזל הברקה 700מל,סנו,IL,נוזל הברקה למדיח,מיליליטרים,700.00,"100 מ""ל",false,1,15.90,2.27,true,1,
7290107280716,false,"ספארק מלח למדיח 2 ק""ג",סנו,IL,ספארק מלח למדיח,קילוגרמים,2.00,"ק""ג",false,1,10.90,5.45,true,1,
7290107280723,false,נוזל לכלים לימון 700מל,סנו,IL,נוזל לכלים לימון,מיליליטרים,700.00,"100 מ""ל",false,0,8.50,1.21,true,1,
7290107280730,false,"נוזל לכלים לבנדר 700 מ""ל",סנו,IL,נוזל כלים לבנדר,מיליליטרים,700.00,"100 מ""ל",false,0,8.50,1.21,true,1,
7290107280747,false,"נוזל לכלים קלאסי 700מ""ל",סנו,IL,נוזל לכלים קלאסי,מיליליטרים,700.00,"100 מ""ל",false,0,8.50,1.21,true,1,
7290107280754,false,"נוזל לכלים שקד 700 מ""ל",סנו,IL,נוזל לכלים שקד,מיליליטרים,700.00,"100 מ""ל",false,0,8.50,1.21,true,1,
7290107280761,false,ספארק לכלים לימון+משאבה,סנו,IL,נוזל כלים לימון,ליטרים,1.00,ליטר,false,0,10.90,10.90,true,1,
7290107280815,false,"K301 קוטל זוחלים 300 מ""ל",סנו,IL,K301 קוטל זוחלים,מיליליטרים,300.00,"100 מ""ל",false,1,11.90,3.97,true,1,
7290107280822,false,ריצפז פרש הום ספא 2 ליטר,החברה הדרומית,IL,ריצפז פרש הום,ליטרים,2.00,ליטר,false,0,16.90,8.45,true,1,
7290107280839,false,קרם גוף קרמה לחות 500 מל,סנו,IL,קרם גוף קרמה,מיליליטרים,500.00,"100 מ""ל",false,1,21.70,4.34,true,1,
7290107536042,false,מארז גיפט קארד מרובע ניי,.,IL,מארז גיפטקארד,יחידה,1.00,יחידה,false,1,4.00,4.00,true,1,
7290107536059,false,מארז גיפט קארד פח,.,IL,מארז גיפטקארד,יחידה,1.00,יחידה,false,1,4.00,4.00,true,1,
7290107640190,false,פינוק שמפו למגע משי700מל,יוניליוור,IL,שמפו פינוק,מיליליטרים,700.00,"100 מ""ל",false,0,10.00,1.43,true,1,
7290107640206,false,פינוק מרכך למגע משי700 מ,יוניליוור,IL,מרכך פינוק,מיליליטרים,700.00,"100 מ""ל",false,0,10.00,1.43,true,1,
7290107640213,false,פינוק ת.רחצה למגע משי700,יוניליוור,IL,תחליב רחצה פינוק,מיליליטרים,700.00,"100 מ""ל",false,0,10.00,1.43,true,1,
7290107640428,false,"פינוק ת.רחצה רגוע 700מ""ל",יוניליוור,IL,תחליב רחצה פינוק,מיליליטרים,700.00,"100 מ""ל",false,1,10.00,1.43,true,1,
7290107640435,false,פינוק ת.רחצה לרעננות 700,יוניליוור,IL,תחליב רחצה פינוק,מיליליטרים,700.00,"100 מ""ל",false,1,10.00,1.43,true,1,
7290107640473,false,קורנפלקס 750 גרם100+ גרם,יוניליוור,IL,קורנפלקס תלמה,גרמים,850.00,100 גרם,false,0,14.90,1.75,true,1,
7290107640527,false,מארז סיף+ ספוג הפלא,יוניליוור,IL,מארז סיף+ ספוג,יחידה,1.00,יחידה,false,0,10.00,10.00,true,1,
7290107641081,false,שמפו פינוק קשקש.מנטול700,יוניליוור,IL,שמפו פינוק,מיליליטרים,700.00,"100 מ""ל",false,1,10.00,1.43,true,1,
7290107641098,false,פינוק 2ב1 קשקשים 700 מל,יוניליוור,IL,שמפו פינוק,מיליליטרים,700.00,"100 מ""ל",false,1,10.00,1.43,true,1,
7290107641395,false,"שוגי מופחת סוכר 1 ק""ג",יוניליוור,IL,דגני שוגי,קילוגרמים,1.00,"ק""ג",false,1,19.90,19.90,true,1,
7290107641425,false,דקים בייגלה צורות+שומ300,יוניליוור,IL,בייגלה דקים+שומש,גרמים,300.00,100 גרם,false,1,7.90,2.63,true,1,
7290107641654,false,דליתות 400 גרם,יוניליוור,IL,דליתות,גרמים,400.00,100 גרם,false,1,19.90,4.98,true,1,
7290107641845,false,פניני נסיכות טעם דבש300ג,יוניליוור,IL,דגנים נסיכות,גרמים,300.00,100 גרם,false,1,20.90,6.97,true,1,
7290107641920,false,ג'ל רחצה פינוק לגבר 700מ,יוניליוור,IL,ג'ל רחצה לגבר,מיליליטרים,700.00,"100 מ""ל",false,1,10.00,1.43,true,1,
7290107641937,false,חטיף פתית דבש 70 גרם,יוניליוור,IL,חטיף פתית דבש,גרמים,70.00,100 גרם,false,1,5.90,8.43,true,1,
7290107641951,false,חטיף פתית שוודי 70 גרם,יוניליוור,IL,חטיף פתית שוודי,גרמים,70.00,100 גרם,false,1,5.90,8.43,true,1,
7290107642415,false,קליק קראנצ' קרם חלב 35ג,נטרה,ES,חטיף קליק,גרמים,35.00,100 גרם,false,1,4.90,14.00,true,1,
7290107642422,false,קליק קראנצ' קרם אגוזים35,נטרה,ES,חטיף קליק קראנץ,גרמים,35.00,100 גרם,false,1,4.90,14.00,true,1,
7290107642439,false,קליק אצבעות וניל-שקדים40,נטרה,ES,חטיף קליק,גרמים,40.00,100 גרם,false,1,4.90,12.25,true,1,
7290107642446,false,קליק אצבעות בטעם שוקו40ג,נטרה,ES,חטיף קליק,גרמים,40.00,100 גרם,false,1,4.90,12.25,true,1,
7290107642453,false,סוכריות טופי קליק 60 גרם,טיאט,TR,סוכריות טופי,גרמים,60.00,100 גרם,false,1,5.90,9.83,true,1,
7290107642675,false,"שמפו פינוק2ב1לגבר 700מ""ל",יוניליוור,IL,שמפו פינוק לגבר,מיליליטרים,700.00,"100 מ""ל",false,1,10.00,1.43,true,1,
7290107643351,false,"חטיף כריות כשל""פ 150 גרם",יוניליוור,IL,"חטיף כריות כשל""פ",גרמים,150.00,100 גרם,false,1,19.70,13.13,true,1,
7290107870429,false,"רוטב בסיס לבישול 580 מ""ל",אסם,IL,רוטב בסיס לבישול,מיליליטרים,580.00,"100 מ""ל",false,0,15.90,2.74,true,1,
7290107870726,false,מרק ירקות לבישול 62 גרם,אסם,IL,מרק ירקות לבישול,גרמים,62.00,100 גרם,false,0,11.20,18.06,true,1,
7290107870832,false,מרק פטריות לבישול 89 גרם,אסם,IL,מרק פטריות,גרמים,89.00,100 גרם,false,0,11.20,12.58,true,1,
7290107871297,false,פריכונים מיני עש.תיבול25,"פרח תעשיות מזון בע""מ",IL,פריכונים מיני,גרמים,25.00,100 גרם,false,0,4.20,16.80,true,1,
7290107871419,false,סירופ תפוח דיאט 1 ליטר,בית השיטה,IL,סירופ תפוח דיאט,ליטרים,1.00,ליטר,false,1,10.40,10.40,true,1,
7290107871532,false,מאגדת קרח מילון דובד750,נגה גלידות,IL,מאגדת קרח מילון דובד750,גרמים,750.00,100 גרם,false,7,17.70,2.36,true,1,
7290107871761,false,לחמית ירקות קלויים 160גר,אסם,IL,לחמית ירקות,גרמים,160.00,100 גרם,false,1,9.00,5.63,true,1,
7290107871808,false,"חטיפי קרקר כשל""פ 170 גרם",אסם,IL,חטיפי קרקר,גרמים,170.00,100 גרם,false,0,7.80,4.59,true,1,
7290107872126,false,רוטב עגבניות לפיצה420גרם,אסם,IL,רוטב עגבניות,גרמים,420.00,100 גרם,false,0,12.80,3.05,true,1,
7290107872140,false,רוטב עגבניות בזיליקום420,אסם,IL,רוטב עגבניות,גרמים,420.00,100 גרם,false,0,12.80,3.05,true,1,
7290107872164,false,רוטב עגבניות לקציצות420ג,אסם,IL,רוטב לקציצות,גרמים,420.00,100 גרם,false,0,12.80,3.05,true,1,
7290107872744,false,"מאגדת  מיניונים 4כשל""פ",נסטלה,IL,מאגדת  מיניונים,יחידה,1.00,יחידה,false,1,26.90,26.90,true,1,
7290107872805,false,רוטב עגבניות לפסטה 420ג,אסם,IL,רוטב עגבניות,גרמים,420.00,100 גרם,false,1,12.80,3.05,true,1,
7290107873062,false,פתי בר שוקולד מריר500גרם,אסם,IL,פתיבר שוקולד,גרמים,500.00,100 גרם,false,1,7.30,1.46,true,1,
7290107873185,false,מלך החומוס+פלפל חריף400ג,צבר,IL,מלך החומוס צבר,גרמים,400.00,100 גרם,false,1,12.40,3.10,true,1,
7290107873208,false,חומוס עשיר בטחינה 400גרם,צבר,IL,מלך החומוס צבר,גרמים,400.00,100 גרם,false,1,12.40,3.10,true,1,
7290107873222,false,חומוס עם חריף 400 גרם,צבר,IL,חומוס עם חריף,גרמים,400.00,100 גרם,false,0,11.80,2.95,true,1,
7290107873239,false,פתי בר קרמל 500גרם,אסם,IL,פתיבר קרמל,גרמים,500.00,100 גרם,false,1,7.30,1.46,true,1,
7290107873437,false,סלט סביח צבר 300 גרם,צבר,IL,סלט סביח צבר,גרמים,300.00,100 גרם,false,0,13.80,4.60,true,1,
7290107874380,false,לחמית מיני חיטה מלאה40ג,אסם,IL,לחמית מיני,גרמים,40.00,100 גרם,false,0,3.90,9.75,true,1,
7290107874441,false,פריכונ.מיני בצל מקורמל25,"פרח תעשיות מזון בע""מ",IL,פריכונים מיני,גרמים,25.00,100 גרם,false,0,4.20,16.80,true,1,
7290107874687,false,ביסלי נאצ'וס צ'לי 50 גרם,דוגוס,TR,ביסלי נאצ'וס,גרמים,50.00,100 גרם,false,1,3.30,6.60,true,1,
7290107875400,false,להקרמריה פיסטוק מוקה 1.4,נסטלה,IL,להקרמריה,ליטרים,1.40,ליטר,false,0,21.90,15.64,true,1,
7290107876032,false,שקדי מרק ואטריות 400 גרם,אסם,IL,שקדי מרק ואטריות,גרמים,400.00,100 גרם,false,1,12.90,3.23,true,1,
7290107876520,false,"מאגדת לייט ריבת חלב כל""פ",נסטלה,IL,מאגדת לייט,גרמים,180.00,100 גרם,false,5,24.90,13.83,true,1,
7290107876636,false,"מאגדת לייט שוקולד כשל""פ",נסטלה,IL,מאגדת לייט,גרמים,180.00,100 גרם,false,5,24.90,13.83,true,1,
7290107876650,false,מלפפונים במלח 7-9 670גרם,בית השיטה,IL,מלפפונים במלח,גרמים,670.00,100 גרם,false,1,5.90,0.88,true,1,
7290107876735,false,עוגת שמרים קינמון 340גרם,אסם,IL,עוגת שמרים,גרמים,340.00,100 גרם,false,1,16.80,4.94,true,1,
7290107876759,false,"פתי בר קטנים 1.5 ק""ג",אסם,IL,פתי בר קטנים,קילוגרמים,1.50,"ק""ג",false,1,24.90,16.60,true,1,
7290107876803,false,זיתים חרוזית 560 גרם,בית השיטה,IL,זיתים חרוזית,גרמים,560.00,100 גרם,false,1,8.90,1.59,true,1,
7290107876827,false,טבעות זיתים 560 גרם,בית השיטה,IL,טבעות זיתים,גרמים,560.00,100 גרם,false,1,9.80,1.75,true,1,
7290107876919,false,"פריכוני תפו""א ע.תיבול23ג",אסם,IL,"פריכונים תפו""א",גרמים,23.00,100 גרם,false,1,4.20,18.26,true,1,
7290107877169,false,חטיפי קרקר ללא גלוטן 150,אסם,IL,חטיפי קרקר,גרמים,150.00,100 גרם,false,1,8.90,5.93,true,1,
7290107877992,false,פרפקטו ספירלי 600 גרם,פסטה זארה,IT,פרפקטו ספירלי,גרמים,600.00,100 גרם,false,1,7.60,1.27,true,1,
7290107878012,false,בייגל קרקר כפרי 180 גרם,אסם,IL,בייגל קרקר כפרי,גרמים,180.00,100 גרם,false,1,10.20,5.67,true,1,
7290107878036,false,בייגל קרקר עשבי תיבול180,אסם,IL,בייגל קרקר,גרמים,180.00,100 גרם,false,1,10.20,5.67,true,1,
7290107878050,false,פייבר וואן צימוקים 489גר,ג'נרל מילס,US,דגנים פייבר וואן,גרמים,489.00,100 גרם,false,1,23.90,4.89,true,1,
7290107878074,false,פייבר וואן שקד+אגוז489גר,ג'נרל מילס,US,דגנים פייבר וואן,גרמים,489.00,100 גרם,false,1,23.90,4.89,true,1,
7290107878456,false,מאגדת ג'ויה פיסטוק קוקוס,נסטלה,IL,מאגדת ג'ויה,יחידה,1.00,יחידה,false,1,28.70,28.70,true,1,
7290107878470,false,מאגדת ג'ויה חלבה ופיסטוק,נסטלה,IL,מאגדת ג'ויה,גרמים,220.00,100 גרם,false,1,28.70,13.05,true,1,
7290107878548,false,פתיתים דינוזאורים 500גרם,אסם,IL,פתיתים,גרמים,500.00,100 גרם,false,1,6.90,1.38,true,1,
7290107878845,false,עוגת שוק.ציפוי אגוזים320,אסם,IL,עוגת שוקולד הבית,גרמים,380.00,100 גרם,false,1,11.90,3.13,true,1,
7290107878869,false,עוגת שוקולד דאבל ציפס340,אסם,IL,עוגת שוקולד הבית,גרמים,340.00,100 גרם,false,1,11.90,3.50,true,1,
7290107878920,false,קוקטייל זיתים 560 גרם,בית השיטה,IL,קוקטייל זיתים,גרמים,560.00,100 גרם,false,1,10.80,1.93,true,1,
7290107879477,false,"ג'ויה טופי בננה 500מ""ל",נסטלה,IL,ג'ויה טופי בננה,מיליליטרים,500.00,"100 מ""ל",false,6,19.70,3.94,true,1,
7290107930116,false,מילקי מוס 81 גרם,שטראוס,IL,מילקי מוס,גרמים,81.00,100 גרם,false,1,3.50,4.32,true,1,
7290107930178,false,סלסה עגבניות חריפה 400גר,שטראוס,IL,סלסה עגבניות,גרמים,400.00,100 גרם,false,1,10.90,2.73,true,1,
7290107930215,false,אנרגי שייפ מיקס פרי24*6ג,עלית,IL,חטיפי אנרגי 6 יח,גרמים,144.00,100 גרם,false,1,15.00,10.42,true,1,
7290107930963,false,שוק.פרה חלב אוריגמי 100ג,שטראוס,IL,שוקולד פרה,גרמים,100.00,100 גרם,false,1,5.50,5.50,true,1,
7290107931830,false,סלט משוויה 400 גרם,שטראוס,IL,סלט משוויה,גרמים,400.00,100 גרם,false,1,10.90,2.73,true,1,
7290107932080,false,חלב מועשר3% בקבוק 1ליטר,יטבתה,IL,חלב מועשר 3%,ליטרים,1.00,ליטר,false,1,7.50,7.50,true,1,
7290107932127,false,חלב מועשר2% בקבוק 1ליטר,יטבתה,IL,חלב מועשר 2%,ליטרים,1.00,ליטר,false,1,7.50,7.50,true,1,
7290107932134,false,חלב מועשר1% בקבוק 1ליטר,יטבתה,IL,חלב מועשר 1%,ליטרים,1.00,ליטר,false,1,7.50,7.50,true,1,
7290107932387,false,סוכ.גומי מיקס מבריק200ג,עלית,IL,סוכריות גומי,גרמים,200.00,100 גרם,false,1,8.90,4.45,true,1,
7290107932400,false,סוכריות ג'לי ברכות 540 ג,מיה,IL,סוכריות ג'לי,גרמים,540.00,100 גרם,false,1,19.90,3.69,true,1,
7290107932783,false,סוכ.גוג'י ברי אסאי 80גרם,טופגאם,IL,סוכריות מאסט,גרמים,80.00,100 גרם,false,1,7.50,9.38,true,1,
7290107933131,false,עלי סלנובה 160גרם,שטראוס,IL,עלי סלנובה,גרמים,160.00,100 גרם,false,1,11.90,7.44,true,1,
7290107933155,false,לקט סלנובה 200גרם,שטראוס,IL,לקט סלנובה,גרמים,200.00,100 גרם,false,1,12.90,6.45,true,1,
7290107933193,false,סלק מבושל 500גרם,שטראוס,IL,סלק מבושל 500גרם,גרמים,500.00,100 גרם,false,1,8.90,1.78,true,1,
7290107933315,false,חלב דל לקטוז בקבוק2% 1ל,יטבתה,IL,חלבדל לקטוז 2%,ליטרים,1.00,ליטר,false,1,7.50,7.50,true,1,
7290107933476,false,קצפת צמחית במתיקות 250מל,יטבתה,IL,קצפת צמחית,מיליליטרים,250.00,"100 מ""ל",false,1,8.10,3.24,true,1,
7290107933520,false,פלאן קרמל קינוח.השמנת500,יטבתה,IL,פלאן קרמל-קינוח,מיליליטרים,500.00,"100 מ""ל",false,1,12.90,2.58,true,1,
7290107933544,false,פנקוטה קינוחי השמנת500ג,יטבתה,IL,פנקוטה-קינוח,גרמים,500.00,100 גרם,false,1,12.90,2.58,true,1,
7290107933643,false,משקה חלב+דגנים ובננה250מ,יטבתה,IL,משקה חלב+דגנים,מיליליטרים,250.00,"100 מ""ל",false,1,4.80,1.92,true,1,
7290107933650,false,משקה חלב+דגנים ותות250מ,יטבתה,IL,משקה חלב+דגנים,מיליליטרים,250.00,"100 מ""ל",false,1,4.80,1.92,true,1,
7290107934367,false,דנונה אקטיביה 0% 150*4מל,שטראוס,IL,אקטביה 0% 4 יח',מיליליטרים,600.00,"100 מ""ל",false,1,12.40,2.07,true,1,
7290107934473,false,דנונה אקטיביה1.5% 150*8מ,שטראוס,IL,אקטביה 1.5% 8 יח,ליטרים,1.20,ליטר,false,1,21.90,18.25,true,1,
7290107934480,false,דנונה אקטיביה 3% 150*8מ,שטראוס,IL,אקטביה 3% 8 יח,ליטרים,1.20,ליטר,false,1,21.90,18.25,true,1,
7290107934497,false,דנונה אקטיביה1.5% 150*4מ,שטראוס,IL,אקטביה1.5% 4 יח,מיליליטרים,600.00,"100 מ""ל",false,1,12.40,2.07,true,1,
7290107934503,false,דנונה אקטיביה 3% 150*4מל,שטראוס,IL,אקטביה 3% 4 יח,מיליליטרים,600.00,"100 מ""ל",false,1,12.40,2.07,true,1,
7290107936248,false,מילקי קצפת קפוצ'ינו133ג,שטראוס,IL,מילקי קפוצ'ינו,גרמים,133.00,100 גרם,false,1,3.90,2.93,true,1,
7290107936262,false,דנונה בר בננה+פצפוצים173,שטראוס,IL,דנונה בר בננה,גרמים,173.00,100 גרם,false,1,4.50,2.60,true,1,
7290107936323,false,דנונה וניל 3% 150 גרם,שטראוס,IL,דנונה וניל 3%,גרמים,150.00,100 גרם,false,1,3.90,2.60,true,1,
7290107936453,false,קרקר קראנצ בטעם טבעי300ג,עלית,IL,קרקר קראנצ',גרמים,300.00,100 גרם,false,1,10.00,3.33,true,1,
7290107936460,false,דנכול בטעם מעודן 100*8גר,שטראוס,IL,דנכול מעודן 8 יח,גרמים,800.00,100 גרם,false,1,29.30,3.66,true,1,
7290107936477,false,קרקר קראנצ בטעם גבינה300,עלית,IL,קרקר קראנצ',גרמים,300.00,100 גרם,false,1,10.00,3.33,true,1,
7290107970198,false,משחת קולגייט אדומה 2 75*,קולגייט-פלמוליב,PL,משחת קולגייט,מיליליטרים,75.00,"100 מ""ל",false,1,14.90,19.87,true,1,
7290107970280,false,"תערובת ללחם איטלקי 1 ק""ג",פלאקטורפר מולה,DE,תערובת ללחם,קילוגרמים,1.00,"ק""ג",false,1,10.90,10.90,true,1,
7290107970297,false,תערובת עם גרעיני חמניות,פלאקטורפר מולה,DE,תערובת ללחם,קילוגרמים,1.00,"ק""ג",false,1,10.90,10.90,true,1,
7290107970303,false,תערובת ללחם עם גרעינים1ק,פלאקטורפר מולה,DE,תערובת ללחם,קילוגרמים,1.00,"ק""ג",false,1,10.90,10.90,true,1,
7290107970310,false,"תערובת ללחם שיפון 1 ק""ג",פלאקטורפר מולה,DE,תערובת ללחם שיפו,קילוגרמים,1.00,"ק""ג",false,1,10.90,10.90,true,1,
7290107970556,false,ביסקוויט דגנים 350 גרם,אפיפית,IL,ביסקוויט דגנים,גרמים,350.00,100 גרם,false,1,5.00,1.43,true,1,
7290107970563,false,ביסקוויט דגנים שוקו350גר,אפיפית,IL,ביסקוויט דגנים,גרמים,350.00,100 גרם,false,1,5.00,1.43,true,1,
7290108200188,false,גולד ג'ל מסיר כתמים 940,רקיט בנקיזר,IT,וניש גולד ג'ל,מיליליטרים,940.00,"100 מ""ל",false,1,14.90,1.59,true,1,
7290108200195,false,גולד ג'ל לכב.לבנה 940 מל,רקיט בנקיזר,IT,וניש גולד ג'ל,מיליליטרים,940.00,"100 מ""ל",false,1,14.90,1.59,true,1,
7290108200201,false,גולד להסרת כתמים 1.35קג,רקיט בנקיזר,IT,גולד אבקה,קילוגרמים,1.35,"ק""ג",false,1,29.90,22.15,true,1,
7290108200218,false,גולד אבקה 1.35ק,רקיט בנקיזר,IT,וניש גולד אבקה,קילוגרמים,1.35,"ק""ג",false,1,29.90,22.15,true,1,
7290108200225,false,גולד אבקה להסרת כתמים470,רקיט בנקיזר,IT,וניש גולד אבקה,גרמים,470.00,100 גרם,false,1,15.00,3.19,true,1,
7290108200232,false,גולד אבקה לכב.לבנה 470 ג,רקיט בנקיזר,IT,וניש גולד אבקה,גרמים,470.00,100 גרם,false,1,15.00,3.19,true,1,
7290108200454,false,קולון ג'ל כביסה לבנדר5ל,רקיט בנקיזר,IL,ג'ל כביסה קולון,ליטרים,5.00,ליטר,false,1,34.90,6.98,true,1,
7290108350128,false,40שק.אשפה חזקות אקסטרה,סנו,IL,שקיות אשפה,יחידה,1.00,יחידה,false,1,23.90,23.90,true,1,
7290108350173,false,אקו מגבות נייר 8 גלילים,סנו,IL,אקו מגבות נייר,מטרים,84.00,מטר,false,1,10.00,0.12,true,1,
7290108350210,false,30שקיות אשפה חזקות75*65ס,סנו,IL,שקיות אשפה חזקות,יחידה,1.00,יחידה,false,1,23.90,23.90,true,1,
7290108350258,false,נייר טואלט סנו סופט 12גל,סנו,IL,נייר טואלט סופט,מטרים,662.00,100 מטר,false,1,24.90,3.76,true,1,
7290108350531,false,ספארק לכלים קלאסי+משאבה,סנו,IL,ספארק לכלים,ליטרים,1.00,ליטר,false,1,10.90,10.90,true,1,
7290108350548,false,ספארק לכלים לבנדר+משאבה,סנו,IL,ספארק לכלים,ליטרים,1.00,ליטר,false,1,10.90,10.90,true,1,
7290108350555,false,ספארק לכלים לע.רגיש+משאב,סנו,IL,ספארק לכלים,ליטרים,1.00,ליטר,false,1,10.90,10.90,true,1,
7290108350586,false,ספארק נוזל לכלים 1.5 ל',סנו,IL,ספארק נוזל לכלים,ליטרים,1.50,ליטר,false,1,11.90,7.93,true,1,
7290108350647,false,כיף פיות קרם מתיר קשר350,קוסמופארם,IL,קרם מתיר קשרים,מיליליטרים,350.00,"100 מ""ל",false,1,19.90,5.69,true,1,
7290108350654,false,תרסיס מתיר קשר כיף350מל,קוסמופארם,IL,תרסיס מתיר קשרים,מיליליטרים,350.00,"100 מ""ל",false,1,19.90,5.69,true,1,
7290108351040,false,מקלות בישום ספא מרגיע75,סנו,IL,מקלות בישום,מיליליטרים,75.00,"100 מ""ל",false,1,19.90,26.53,true,1,
7290108351064,false,מקלות בישום גשם ראשון75מ,סנו,IL,מקלות בישום,מיליליטרים,75.00,"100 מ""ל",false,1,19.90,26.53,true,1,
7290108351088,false,מבשם לבית ספא מרגיע 100,סנו,IL,מבשם לבית,מיליליטרים,100.00,"100 מ""ל",false,1,29.90,29.90,true,1,
7290108351095,false,מבשם לבית גשם ראשון 100,סנו,IL,מבשם לבית,מיליליטרים,100.00,"100 מ""ל",false,1,29.90,29.90,true,1,
7290108355000,false,שמפו נקה 7 מיניונים 750,אמיליה קוסמטיקס,IL,שמפו נקה7,מיליליטרים,750.00,"100 מ""ל",false,1,9.90,1.32,true,1,
7290108355017,false,מרכך נקה 7 מיניונים750מ,אמיליה קוסמטיקס,IL,מרכך שיער נקה 7,מיליליטרים,750.00,"100 מ""ל",false,1,9.90,1.32,true,1,
7290108355024,false,שמפו+מרכך נקה7מיניוני750,אמיליה קוסמטיקס,IL,שמפו +מרכך נקה7,מיליליטרים,750.00,"100 מ""ל",false,1,9.90,1.32,true,1,
7290108355031,false,אל סבון נקה 7מיניונים750,אמיליה קוסמטיקס,IL,אל סבון נקה7,מיליליטרים,750.00,"100 מ""ל",false,1,9.90,1.32,true,1,
7290108355109,false,"מבשם לבית בייבי 100 מ""ל",סנו,IL,מבשם לבית,מיליליטרים,100.00,"100 מ""ל",false,1,29.90,29.90,true,1,
7290108500080,false,עוגיות שוקולד צ'יפס100גר,דנקייק,PT,עוגיות שוקוצ'יפס,גרמים,100.00,100 גרם,false,1,5.00,5.00,true,1,
7290108500592,false,פרופיטרולים קרם וניל 500,ויליפוד,IL,פרופיטרולים,גרמים,500.00,100 גרם,false,1,26.90,5.38,true,1,
7290108983548,false,מדליק פחמים למנגל 18יח,פוינטמי אנטרפריז קו,IL,מדליק פחמים,יחידה,1.00,יחידה,false,1,10.00,10.00,true,1,
7290109350004,false,קרקר עדשים כתומות 150גרם,אסם,IL,קרקר עדשים כתום,גרמים,150.00,100 גרם,false,1,9.60,6.40,true,1,
7290109350257,false,עוג.שוקו שוקוצ'יפס225ג,אסם,IL,עוגיות מיני שוקו,גרמים,225.00,100 גרם,false,1,9.80,4.36,true,1,
7290109350271,false,עוג.מיני בטעם שוקולד225ג,אסם,IL,עוגיות מיני שוקו,גרמים,225.00,100 גרם,false,1,9.80,4.36,true,1,
7290109350592,false,מאגדת סמרטיז פופאפ 250גר,נסטלה,IL,מאגדת סמרטיז,יחידה,1.00,יחידה,false,1,27.90,27.90,true,1,
7290109351025,false,חומוסטחינה צבר 400 גרם,צבר,IL,חומוסטחינה צבר,גרמים,400.00,100 גרם,false,1,14.20,3.55,true,1,
7290109352534,false,פירורית זהב20%+ 420 גרם,עינת תעשיות,IL,פירורית זהב,גרמים,420.00,100 גרם,false,1,7.90,1.88,true,1,
7296058000526,false,פרכיות כוסמת,,IL,פרכיות כוסמת,גרמים,130.00,100 גרם,false,0,8.80,6.77,true,1,
7296073001928,false,"נקטר תפ""ע צלול שופרסל 1ל",שופרסל,IL,"נקטר תפו""ע צלול",ליטרים,1.00,ליטר,false,0,4.20,4.20,true,1,
7296073002543,false,שקיות אשפה,,TR,שקיות אשפה,יחידה,1.00,יחידה,false,0,14.90,14.90,true,1,
7296073002567,false,10שקיות אשפה+שרוך שופרסל,שופרסל,TR,שקיות אשפה,יחידה,1.00,יחידה,false,0,11.80,11.80,true,1,
7296073002574,false,50 שקיות אשפה ענק.שופרסל,שופרסל,HK,שקיות אשפה,יחידה,1.00,יחידה,false,0,13.40,13.40,true,1,
7296073002604,false,200שקיות אוכל19X25סמ גלי,שופרסל,IL,שקיות אוכל,יחידה,1.00,יחידה,false,0,7.80,7.80,true,1,
7296073002611,false,"100 שקיות להקפאה25X35ס""מ",שופרסל,HK,שקיות להקפאה,יחידה,1.00,יחידה,false,0,5.50,5.50,true,1,
7296073005735,false,עוג.סנדוויץ שוק.שופרס150,שופרסל,IL,עוגיות סנדוויץ,גרמים,150.00,100 גרם,false,0,4.00,2.67,true,1,
7296073005742,false,עוג.סנדוויץ וניל שופרסל,שופרסל,IL,עוגיות סנדוויץ,גרמים,150.00,100 גרם,false,0,4.00,2.67,true,1,
7296073005841,false,אפונה ירוקה שופרסל500גרם,מיה,IL,אפונה ירוקה,גרמים,500.00,100 גרם,false,0,5.90,1.18,true,1,
7296073005865,false,גריסי פנינה שופרסל500גרם,מיה,IL,גריסי פנינה,גרמים,500.00,100 גרם,false,0,4.90,0.98,true,1,
7296073005872,false,חומוס גדול שופרסל 500גרם,מיה,IL,חומוס גדול,גרמים,500.00,100 גרם,false,0,5.50,1.10,true,1,
7296073005889,false,חומוס לבן ענק שופרסל500ג,מיה,IL,חומוס לבן ענק,גרמים,500.00,100 גרם,false,0,6.90,1.38,true,1,
7296073005896,false,חיטה שופרסל 500 גרם,מיה,IL,חיטה שופרסל,גרמים,500.00,100 גרם,false,0,4.90,0.98,true,1,
7296073005902,false,כוסמת שופרסל 500 גרם,מיה,IL,כוסמת שופרסל,גרמים,500.00,100 גרם,false,0,7.30,1.46,true,1,
7296073005919,false,עדשים ירוקות שופרסל500ג,מיה,IL,עדשים ירוקות,גרמים,500.00,100 גרם,false,0,4.80,0.96,true,1,
7296073005926,false,עדשים אדומות שופרסל500גר,מיה,IL,עדשים אדומות,גרמים,500.00,100 גרם,false,0,5.30,1.06,true,1,
7296073005957,false,שעועית לבנה שופרסל500גרם,מיה,IL,שעועית לבנה,גרמים,500.00,100 גרם,false,0,9.80,1.96,true,1,
7296073006008,false,"שעועית לבנה שופרסל 1 ק""ג",מיה,IL,שעועית לבנה,קילוגרמים,1.00,"ק""ג",false,0,17.70,17.70,true,1,
7296073006015,false,"חומוס גדול שופרסל 1 ק""ג",מיה,IL,חומוס גדול,קילוגרמים,1.00,"ק""ג",false,0,9.80,9.80,true,1,
7296073006060,false,חומוס לבן ענק שופרסל 1קג,מיה,IL,חומוס לבן ענק,קילוגרמים,1.00,"ק""ג",false,0,12.80,12.80,true,1,
7296073006077,false,שעועית מעורבת שופרסל500ג,מיה,IL,שעועית מעורבת,גרמים,500.00,100 גרם,false,0,12.80,2.56,true,1,
7296073006107,false,"אפונה ירוקה שופרסל 1 ק""ג",מיה,IL,אפונה ירוקה,קילוגרמים,1.00,"ק""ג",false,0,7.80,7.80,true,1,
7296073006114,false,"עדשים ירוקות שופרסל 1ק""ג",מיה,IL,עדשים ירוקות,קילוגרמים,1.00,"ק""ג",false,0,9.80,9.80,true,1,
7296073006138,false,"חיטה שופרסל 1 ק""ג",מיה,IL,"חיטה 1 ק""ג",קילוגרמים,1.00,"ק""ג",false,0,7.80,7.80,true,1,
7296073006176,false,"סוכר שופרסל 1 ק""ג",סוגת,IL,סוכר לבן,קילוגרמים,1.00,"ק""ג",false,0,3.90,3.90,true,1,
7296073006374,false,חרוזי זיתים ירוק.שופר560,שופרסל,,חרוזי זיתים,גרמים,560.00,100 גרם,false,0,8.30,1.48,true,1,
7296073006381,false,מנזנילו בינונ.שופרסל560ג,שופרסל,IL,זיתים ירוקים,גרמים,560.00,100 גרם,false,0,6.30,1.13,true,1,
7296073006404,false,מלפפון במלח7-9 שופר560.ג,שופרסל,IL,מלפפון במלח,גרמים,560.00,100 גרם,false,0,5.30,0.95,true,1,
7296073006435,false,מלפ.במלח 18-25שופרסל560ג,שופרסל,IL,מלפפון במלח,גרמים,560.00,100 גרם,false,0,9.40,1.68,true,1,
7296073007951,false,100 שק.אשפה+שרוך שופרסל,שופרסל,,שקיות אשפה,יחידה,1.00,יחידה,false,0,32.60,32.60,true,1,
7296073009771,false,מים מינרליים שופרסל1.5*6,שופרסל,IT,מים שופרסל 6 יח,ליטרים,9.00,ליטר,false,0,9.90,1.10,true,1,
7296073011118,false,קוסקוס דק שופרסל 350 גרם,אסיף תעשיות מזון,IL,קוסקוס דק,גרמים,350.00,100 גרם,false,0,4.90,1.40,true,1,
7296073011194,false,פסטה טריקולור שופרסל500ג,שופרסל,IT,פסטה טריקולורי,גרמים,500.00,100 גרם,false,0,6.80,1.36,true,1,
7296073011217,false,פסטה פנה ריגטה31שופר500ג,שופרסל,IT,פסטה פנה ריגטה,גרמים,500.00,100 גרם,false,0,4.90,0.98,true,1,
7296073011224,false,פסטה פוסילי36שופר 500גרם,שופרסל,IL,פסטה פוסילי,גרמים,500.00,100 גרם,false,0,4.90,0.98,true,1,
7296073011248,false,פסטה פרפלה מס57שופרסל500,שופרסל,IT,פסטה פרפלה,גרמים,500.00,100 גרם,false,0,4.90,0.98,true,1,
7296073020356,false,"כוסות ח""פ שופרסל 150 יח'",שופרסל,,"כוסות ח""פ",יחידה,1.00,יחידה,false,0,6.90,6.90,true,1,
7296073020370,false,צלחות גדולות שופרסל 100,שופרסל,IL,"צלחות ח""פ גדולות",יחידה,1.00,יחידה,false,0,17.90,17.90,true,1,
7296073020394,false,"קעריות ח""פ שופרסל 50 יח'",שופרסל,IL,"קעריות ח""פ",יחידה,1.00,יחידה,false,0,12.90,12.90,true,1,
7296073020400,false,"קעריות ח""פ אובלית שופרסל",שופרסל,IL,"קעריות ח""פ",יחידה,1.00,יחידה,false,0,7.90,7.90,true,1,
7296073020431,false,מפיות חד שכבתי 100 יחידו,שופרסל,IL,מפיות חד שכבתי,יחידה,1.00,יחידה,false,0,6.90,6.90,true,1,
7296073020936,false,פטריות חתוכות שופרסל400ג,פרוצ'אמפ,DE,פטריות חתוכות,גרמים,400.00,100 גרם,false,0,4.20,1.05,true,1,
7296073021568,false,"קמח לבן שופרסל 1 ק""ג",שופרסל,IL,קמח לבן,קילוגרמים,1.00,"ק""ג",false,0,3.60,3.60,true,1,
7296073021575,false,"קמח תופח שופרסל 1 ק""ג",שופרסל,IL,קמח תופח מאיליו,קילוגרמים,1.00,"ק""ג",false,0,5.90,5.90,true,1,
7296073021582,false,"סולת חיטה שופרסל 1 ק""ג",שופרסל,IL,סולת חיטה,קילוגרמים,1.00,"ק""ג",false,0,4.00,4.00,true,1,
7296073027713,false,מפיות חד שכבתי 180 יח,שופרסל,IL,מפיות חד שכבתי,יחידה,1.00,יחידה,false,0,8.90,8.90,true,1,
7296073030027,false,מפיות דו שכבתי,שופרסל,IL,מפיות דו שכבתי,יחידה,1.00,יחידה,false,0,6.90,6.90,true,1,
7296073033752,false,שמן קנולה שופרסל 1 ליטר,NV AOR,BE,שמן קנולה 1 ל',ליטרים,1.00,ליטר,false,0,6.90,6.90,true,1,
7296073036500,false,שמן קנולה שופרסל 3 ל',NV AOR,BE,שמן קנולה 3 ל',ליטרים,3.00,ליטר,false,0,19.90,6.63,true,1,
7296073048978,false,קרוטונים לסלט שופרסל400ג,שופרסל,IL,קרוטונים לסלט,גרמים,400.00,100 גרם,false,0,15.10,3.78,true,1,
7296073048992,false,פסטרמה בדבש שופרסל 300גר,מעדני יחיעם,IL,פסטרמה בדבש,גרמים,300.00,100 גרם,false,0,19.90,6.63,true,1,
7296073049029,false,כתף בקר שופרסל 300 גרם,מעדני יחיעם,IL,כתף בקר,גרמים,300.00,100 גרם,false,0,29.60,9.87,true,1,
7296073049043,false,פסטרמה ברבקיו שופרסל300ג,שופרסל,IL,פסטרמה ברבקיו,גרמים,300.00,100 גרם,false,0,19.90,6.63,true,1,
7296073049050,false,פסטרמה רומנית שופרסל300ג,שופרסל,IL,פסטרמה רומנית,גרמים,300.00,100 גרם,false,0,26.90,8.97,true,1,
7296073049074,false,סלמי קוניאק שופרסל 300גר,שופרסל,IL,סלמי קוניאק,גרמים,300.00,100 גרם,false,0,21.70,7.23,true,1,
7296073049135,false,אטריות ביצים דקות שופ200,שיבולים בני דרום,IL,אטריות ביצים,גרמים,200.00,100 גרם,false,0,6.80,3.40,true,1,
7296073053743,false,פסטה קונקיליוני39 שופרסל,שופרסל,IT,פסטה קונקיליוני,גרמים,500.00,100 גרם,false,0,4.90,0.98,true,1,
7296073053750,false,פסטה לומקה ריגטה 48 שופר,שופרסל,IT,פסטה לומקה,גרמים,500.00,100 גרם,false,0,4.90,0.98,true,1,
7296073053767,false,דפי לזניה שופרסל 500 גרם,שופרסל,IT,דפי לזניה,גרמים,500.00,100 גרם,false,0,10.00,2.00,true,1,
7296073058984,false,גרנולה קראנץ פירות+אג400,שופרסל,DE,גרנולה קראנץ,גרמים,400.00,100 גרם,false,0,13.90,3.48,true,1,
7296073058991,false,מוזלי שופרסל 500 גרם,שופרסל,IL,מוזלי שופרסל,גרמים,500.00,100 גרם,false,0,13.90,2.78,true,1,
7296073059059,false,ברנפלקס שופרסל 500 גרם,שופרסל,DE,ברנפלקס שופרסל,גרמים,500.00,100 גרם,false,0,14.90,2.98,true,1,
7296073059097,false,25 מגבונים להסרת איפור,שופרסל,IL,מגבונים לאיפור,יחידה,1.00,יחידה,false,0,9.90,9.90,true,1,
7296073059615,false,קרוטונים לסלט שופרסל250ג,שופרסל,IL,קרוטונים לסלט,גרמים,250.00,100 גרם,false,0,6.90,2.76,true,1,
7296073059691,false,"50 צלחות גדול ח""פ שופרסל",שופרסל,IL,"צלחות ח""פ גדולות",יחידה,1.00,יחידה,false,0,9.90,9.90,true,1,
7296073059707,false,"צלחות קטנות ח""פ שופרסל 5",שופרסל,IL,"צלחות קטנות ח""פ",יחידה,1.00,יחידה,false,0,7.90,7.90,true,1,
7296073059745,false,"לפתניות ח""פ שופרסל 50 יח",שופרסל,IL,"לפתניות ח""פ",יחידה,1.00,יחידה,false,0,7.90,7.90,true,1,
7296073059790,false,"צלחות מרכזיות ח""פ שופרסל",שופרסל,IL,"צלחות מרכז.ח""פ",יחידה,1.00,יחידה,false,0,9.90,9.90,true,1,
7296073059868,false,טחינה מתובלת שופרסל 500ג,רושדי תעשיות מזון,IL,טחינה מתובלת,גרמים,500.00,100 גרם,false,0,14.80,2.96,true,1,
7296073059998,false,מפיות תלת שכבתי מודפס,שופרסל,IL,מפיות מודפסות,יחידה,1.00,יחידה,false,0,7.90,7.90,true,1,
7296073060024,false,"צלחות קטנות ח""פ שופרסל 1",שופרסל,,"צלחות קטנות ח""פ",יחידה,1.00,יחידה,false,0,12.90,12.90,true,1,
7296073064367,false,"בורקס תפו""א שופרסל 800 ג",שופרסל,IL,"800 בורקס תפו""א",גרמים,800.00,100 גרם,false,0,13.80,1.73,true,1,
7296073064398,false,בורקס גבינה שופרסל 800 ג,מאפ גדרון,,בורקס גבינה800,גרמים,800.00,100 גרם,false,0,14.80,1.85,true,1,
7296073066347,false,חלווה מסולסלת שופרסל250ג,"אחדות בע""מ א.ת. ברקן",IL,חלווה מסולסלת,גרמים,250.00,100 גרם,false,0,12.20,4.88,true,1,
7296073066361,false,עוג.סנדביץ' שוקו שופר900,שופרסל,IL,עוגיות סנדביץ',גרמים,900.00,100 גרם,false,0,17.70,1.97,true,1,
7296073074441,false,פתי בר שוקו גדול שופר500,שופרסל,IL,פתי בר שוקו,גרמים,500.00,100 גרם,false,0,8.90,1.78,true,1,
7296073074533,false,חומץ טבעי 5% שופרסל 1 ל,שופרסל,IL,חומץ טבעי,ליטרים,1.00,ליטר,false,0,5.90,5.90,true,1,
7296073074656,false,ירקות מעורב.כבושים 1.65ק,שופרסל,IL,ירקות מעורבים,קילוגרמים,1.65,"ק""ג",false,0,23.20,14.06,true,1,
7296073078555,false,בצק עלים שופרסל 1קג,שופרסל,IL,בצק עלים 1קג,קילוגרמים,1.00,"ק""ג",false,0,13.80,13.80,true,1,
7296073078579,false,דבש טבעי שופרסל 350 גרם,שופרסל,IL,דבש טבעי,גרמים,350.00,100 גרם,false,0,16.40,4.69,true,1,
7296073078586,false,דבש טבעי שופרסל צנצ500גר,שופרסל,IL,דבש טבעי שופרסל,גרמים,500.00,100 גרם,false,0,22.80,4.56,true,1,
7296073078821,false,4 כריות יפניות שופרסל,פלסטו פוליש,IL,כריות יפניות,יחידה,1.00,יחידה,false,0,7.70,7.70,true,1,
7296073078838,false,6 כריות יפניות שופרסל,פלסטו פוליש,IL,כריות יפניות,יחידה,1.00,יחידה,false,0,8.80,8.80,true,1,
7296073078883,false,9 מטליות ניקוי כללי שופר,שופרסל,IL,מטליות ניקוי 9יח,יחידה,1.00,יחידה,false,0,8.80,8.80,true,1,
7296073078975,false,פריכיות אורז מלא שופר100,שופרסל,IL,פריכיות אורז,גרמים,100.00,100 גרם,false,0,5.90,5.90,true,1,
7296073078999,false,פריכ.אורז שיבולת שופר100,שופרסל,IL,פריכיות אורז,גרמים,100.00,100 גרם,false,0,5.90,5.90,true,1,
7296073079002,false,פריכ.דקות אורז מלא ש100.,שופרסל,IL,פריכיות דקות,גרמים,100.00,100 גרם,false,0,6.40,6.40,true,1,
7296073079019,false,פריכיות דק.קצח 100ג שופר,שופרסל,IL,פריכיות דקות,גרמים,100.00,100 גרם,false,0,6.40,6.40,true,1,
7296073079040,false,פריכיות זעתר שופרסל 50גר,שופרסל,IL,פריכיות אורז,גרמים,50.00,100 גרם,false,0,6.90,13.80,true,1,
7296073079057,false,פריכיות מעושן שופרסל50גר,שופרסל,IL,פריכיות שופרסל,גרמים,50.00,100 גרם,false,0,6.90,13.80,true,1,
7296073079354,false,72 מגבונים שופרסל רפיל,שופרסל,IL,מגבונים שופרסל,יחידה,1.00,יחידה,false,0,5.90,5.90,true,1,
7296073079866,false,עגבניות מרוסקות שופר800ג,פריניר,IL,עגבניות מרוסקות,גרמים,800.00,100 גרם,false,0,5.90,0.74,true,1,
7296073079873,false,תרכיז עגבניות28%שופר580ג,פריניר,IL,תרכיז עגבניות,גרמים,580.00,100 גרם,false,0,5.90,1.02,true,1,
7296073079880,false,רסק עגבניות 22%שופר570ג,פריניר,IL,רסק עגבניות,גרמים,570.00,100 גרם,false,0,5.40,0.95,true,1,
7296073079903,false,רסק עגבניות 22%שופר100ג,פריניר,IL,רסק עגבניות,גרמים,100.00,100 גרם,false,0,1.70,1.70,true,1,
7296073080497,false,שעועית אפויה שופרסל 570ג,פרי גליל,IL,שעועית אפויה,גרמים,570.00,100 גרם,false,0,6.40,1.12,true,1,
7296073080503,false,אפונה גדולה שופרסל550גרם,פרי גליל,IL,אפונה גדולה,גרמים,550.00,100 גרם,false,0,5.40,0.98,true,1,
7296073080510,false,חומוס שלם שופרסל 560 גרם,פרי גליל,IL,חומוס שלם,גרמים,560.00,100 גרם,false,0,5.40,0.96,true,1,
7296073080534,false,תירס מתוק שופרסל 550 גרם,פרי גליל,IL,תירס גרעינים,גרמים,550.00,100 גרם,false,0,5.80,1.05,true,1,
7296073080541,false,אפונה וגזר שופרסל 550 גר,פרי גליל,IL,אפונה וגזר,גרמים,550.00,100 גרם,false,0,5.40,0.98,true,1,
7296073080558,false,תירס לייט שופרסל 550 גרם,פרי גליל,IL,תירס לייט,גרמים,550.00,100 גרם,false,0,6.50,1.18,true,1,
7296073080824,false,שקיות אוכל שופרסל150*2יח,שופרסל,IL,שקיות אוכל 2 יח,יחידה,1.00,יחידה,false,0,9.90,9.90,true,1,
7296073080831,false,שקיות הקפאה שופרסל 100X2,שופרסל,HK,שקיות הקפאה,יחידה,1.00,יחידה,false,0,9.80,9.80,true,1,
7296073081241,false,בייגל.שמיניו.מלוח שופ400,שופרסל,IL,בייגלה שמיניות,גרמים,400.00,100 גרם,false,0,8.80,2.20,true,1,
7296073081449,false,פירורי לחם מוזהב שופר200,שופרסל,IL,פירורי לחם,גרמים,200.00,100 גרם,false,0,5.50,2.75,true,1,
7296073081470,false,ציפוי לשניצל שום שופר400,שופרסל,IL,ציפוי לשניצל,גרמים,400.00,100 גרם,false,0,7.70,1.93,true,1,
7296073081487,false,ציפוי לשניצל פיקנטי 400ג,שופרסל,IL,ציפוי לשניצל,גרמים,400.00,100 גרם,false,0,7.70,1.93,true,1,
7296073081548,false,צמר גפן רפואי שופרסל100ג,שופרסל,IL,צמר גפן רפואי,גרמים,100.00,100 גרם,false,0,5.90,5.90,true,1,
7296073081555,false,צמר גפן גלי שופרסל 100X2,שופרסל,IL,צמר גפן גלי,גרמים,200.00,100 גרם,false,0,11.70,5.85,true,1,
7296073081579,false,צמר גפן נתלש שופרסל100גר,שופרסל,IL,צמר גפן נתלש,גרמים,100.00,100 גרם,false,0,6.90,6.90,true,1,
7296073081678,false,מזון יבש לכלבים שופר12.ק,סנשיין מילס,US,מזון יבש מלא כלב,קילוגרמים,12.00,"ק""ג",false,0,99.10,8.26,true,1,
7296073081685,false,מזון יבש לחתול שופר1.5.ק,Tuffy's,US,מזון לחתולים,קילוגרמים,1.50,"ק""ג",false,0,22.90,15.27,true,1,
7296073081692,false,מזון יבש לחתול שופרסל3קג,Tuffy's,US,מזון לחתולים,קילוגרמים,3.00,"ק""ג",false,0,45.50,15.17,true,1,
7296073081845,false,9 כריות יפניות שופרסל,פלסטו פוליש,IL,כריות יפניות,יחידה,1.00,יחידה,false,0,9.80,9.80,true,1,
7296073083771,false,פירורי לחם מתובל.שופר200,שופרסל,IL,פירורי לחם,גרמים,200.00,100 גרם,false,0,5.20,2.60,true,1,
7296073087175,false,ריבת תות שופרסל 370 גרם,LTD 99 CIMA,BG,ריבת תות שדה,גרמים,370.00,100 גרם,false,0,9.00,2.43,true,1,
7296073087205,false,ריבת אוכמניות שופרסל370ג,LTD 99 CIMA,BG,ריבת אוכמניות,גרמים,370.00,100 גרם,false,0,9.00,2.43,true,1,
7296073087243,false,קונפ.דובדבנים שופרסל370ג,LTD 99 CIMA,BG,קונפ.דובדבנים,גרמים,370.00,100 גרם,false,0,11.80,3.19,true,1,
7296073087250,false,קונפ.אוכמניות שופרסל370ג,LTD 99 CIMA,BG,קונפ.אוכמניות,גרמים,370.00,100 גרם,false,0,11.80,3.19,true,1,
7296073087281,false,קונפ.תות שדה שופרסל 370ג,LTD 99 CIMA,BG,קונפיטורת תות,גרמים,370.00,100 גרם,false,0,11.80,3.19,true,1,
7296073087441,false,טונה בשמן שופרסל 160 גרם,תעשיות פילטונה,IL,טונה בשמן,גרמים,160.00,100 גרם,false,0,6.20,3.88,true,1,
7296073087472,false,טונה בשמן שופרסל 160*4גר,תעשיות פילטונה,IL,טונה בשמן 4 יח,גרמים,640.00,100 גרם,false,0,19.90,3.11,true,1,
7296073088615,false,נוזל לאסלה שופרסל 1 ליטר,שופרסל,IL,נוזל לאסלה,ליטרים,1.00,ליטר,false,0,5.80,5.80,true,1,
7296073090502,false,צמר פלדה שופרסל 350 גרם,פלסטו פוליש,IL,צמר פלדה,גרמים,350.00,100 גרם,false,0,12.40,3.54,true,1,
7296073091134,false,שמן זית כתית מעולה750מ,שופרסל,IL,שמן זית כתית,מיליליטרים,750.00,"100 מ""ל",false,0,24.90,3.32,true,1,
7296073091172,false,פופקורן למיקרו ט.טבעי600,שופרסל,US,פופקורן למיקרו,גרמים,600.00,100 גרם,false,0,13.50,2.25,true,1,
7296073091226,false,פופקורן גרעינים שופר1.קג,מיה,IL,פופקורן גרעינים,קילוגרמים,1.00,"ק""ג",false,0,8.80,8.80,true,1,
7296073091394,false,גרעין לבן קלוי400גשופרסל,ששון,IL,גרעין לבן קלוי,גרמים,400.00,100 גרם,false,0,20.90,5.23,true,1,
7296073091417,false,בוטן קלוי בקליפה400שופרס,ששון,IL,בוטן קלוי בקליפה,גרמים,400.00,100 גרם,false,0,15.80,3.95,true,1,
7296073091462,false,פיסטוק קלוי200ג שופרסל,ששון,IL,פיסטוק חלבי קלוי,גרמים,200.00,100 גרם,false,0,21.90,10.95,true,1,
7296073091486,false,אגוז קשיו קלוי200גשופרסל,ששון,IL,אגוז קשיו קלוי,גרמים,200.00,100 גרם,false,0,19.90,9.95,true,1,
7296073091493,false,גרעין שחור קלוי200גשופרס,ששון,IL,גרעין שחור קלוי,גרמים,200.00,100 גרם,false,0,6.80,3.40,true,1,
7296073091547,false,צימוק בהיר400ג שופרסל,ששון,IL,צימוק בהיר,גרמים,400.00,100 גרם,false,0,20.90,5.23,true,1,
7296073091554,false,צימוק כהה 400 גרם,ששון,IL,צימוק כהה,גרמים,400.00,100 גרם,false,0,17.90,4.48,true,1,
7296073091585,false,שקד קלוף טבעי200ג שופרסל,ששון,IL,שקד קלוף טבעי,גרמים,200.00,100 גרם,false,0,21.90,10.95,true,1,
7296073091608,false,קשיו טבעי 200ג שופרסל,ששון,IL,אגוזי קשיו טבעי,גרמים,200.00,100 גרם,false,0,21.90,10.95,true,1,
7296073091622,false,אגוז ברזיל טבעי 200גשופר,ששון,IL,אגוז ברזיל טבעי,גרמים,200.00,100 גרם,false,0,19.90,9.95,true,1,
7296073091646,false,צנובר 100 גרם שופרסל,ששון,IL,צנובר 100גרם,גרמים,100.00,100 גרם,false,0,24.90,24.90,true,1,
7296073091653,false,בננה צ'יפס 250ג שופרסל,ששון,IL,בננה צ'יפס,גרמים,250.00,100 גרם,false,0,9.90,3.96,true,1,
7296073091677,false,חמוציות 250גרם שופרסל,ששון,IL,חמוציות 250גרם,גרמים,250.00,100 גרם,false,0,11.90,4.76,true,1,
7296073093176,false,כרוב כבוש שופרסל 560 גרם,שופרסל,IL,כרוב כבוש,גרמים,560.00,100 גרם,false,0,6.40,1.14,true,1,
7296073093213,false,אבקת שוקו שופרסל 500 גרם,שופרסל,IL,אבקת שוקו,גרמים,500.00,100 גרם,false,0,10.80,2.16,true,1,
7296073094197,false,שעווה טבעית שופר.פח 500ג,שופרסל,IL,שעווה דבש טבעית,גרמים,500.00,100 גרם,false,0,17.60,3.52,true,1,
7296073094203,false,שעווה טבעית למיקרו 500גר,שופרסל,IL,שעווה דבש טבעית,גרמים,500.00,100 גרם,false,0,13.80,2.76,true,1,
7296073094746,false,חלווה וניל שופרסל 400גרם,"אחדות בע""מ א.ת. ברקן",IL,חלווה וניל,גרמים,400.00,100 גרם,false,0,12.20,3.05,true,1,
7296073094753,false,חלווה וניל שופרסל 500 גר,"אחדות בע""מ א.ת. ברקן",IL,חלווה וניל,גרמים,500.00,100 גרם,false,0,12.20,2.44,true,1,
7296073094760,false,טונה במי מלח שופרסל160*4,תעשיות פילטונה,IL,טונה במי מלח 4יח,גרמים,640.00,100 גרם,false,0,19.90,3.11,true,1,
7296073095439,false,16 כוסות קפה+מכסה שופרסל,שופרסל,IL,כוסות קפה 16יח',יחידה,1.00,יחידה,false,0,11.90,11.90,true,1,
7296073095446,false,דפי שעווה שופרסל 50 יח',שופרסל,IL,דפי שעווה שופרסל,יחידה,1.00,יחידה,false,0,14.90,14.90,true,1,
7296073095552,false,מסיר לק כחול שופרסל150מל,שופרסל,IL,מסיר לק כחול,מיליליטרים,150.00,"100 מ""ל",false,0,7.80,5.20,true,1,
7296073095569,false,מסיר לק ורוד שופרסל150מל,שופרסל,IL,מסיר לק ורוד,מיליליטרים,150.00,"100 מ""ל",false,0,7.80,5.20,true,1,
7296073095576,false,מסיר לק סגול שופרסל150מל,שופרסל,IL,מסיר לק סגול,מיליליטרים,150.00,"100 מ""ל",false,0,7.80,5.20,true,1,
7296073095583,false,"אצטון שופרסל 100 מ""ל",שופרסל,IL,אצטון שופרסל,מיליליטרים,100.00,"100 מ""ל",false,0,2.80,2.80,true,1,
7296073098263,false,גזר גמדי מוקפא שופרסל800,פרי גליל,IL,גזר גמדי 800גר,גרמים,800.00,100 גרם,false,0,13.80,1.73,true,1,
7296073098287,false,לקט בורגונדי שופרסל 800,פרי גליל,IL,לקט בורגונדי,גרמים,800.00,100 גרם,false,0,17.80,2.23,true,1,
7296073098294,false,ברוקולי מוקפא שופרסל 800,פרי גליל,IL,ברוקולי 800 גר,גרמים,800.00,100 גרם,false,0,22.70,2.84,true,1,
7296073103844,false,תפוח אדמה למיקרו,קטיף,IL,תפוח אדמה למיקרו,יחידה,1.00,יחידה,false,0,5.50,5.50,true,1,
7296073105862,false,מטהר אויר נ.מתוק שופר300,שופרסל,IL,מטהר אוויר,מיליליטרים,300.00,"100 מ""ל",false,0,8.40,2.80,true,1,
7296073106081,false,טריקולור פרפלה שופר500.ג,שופרסל,IT,טריקולור פרפלה,גרמים,500.00,100 גרם,false,0,6.80,1.36,true,1,
7296073106098,false,פריכיות דק.כוסמת שופר100,שופרסל,IL,פריכיות כוסמת,גרמים,100.00,100 גרם,false,0,6.40,6.40,true,1,
7296073106241,false,מטליות רצפה 6X,,,מטליות רצפה 6X,יחידה,1.00,יחידה,false,0,14.80,14.80,true,1,
7296073107392,false,גרנולה צימוק שקד תפוח400,שופרסל,DE,גרנולה שופרסל,גרמים,400.00,100 גרם,false,0,13.90,3.48,true,1,
7296073107408,false,גרנולה שוקו.פקאן שופר400,שופרסל,IL,גרנולה שוקולד,גרמים,400.00,100 גרם,false,0,13.90,3.48,true,1,
7296073107828,false,שמן סויה שופרסל 1 ליטר,שופרסל,,שמן סויה,ליטרים,1.00,ליטר,false,0,6.90,6.90,true,1,
7296073107989,false,גרעיני תירס שופרסל 800 ג,פרי גליל,IL,גרעיני תירס,גרמים,800.00,100 גרם,false,0,14.80,1.85,true,1,
7296073108061,false,קלחי תירס שופרסל 1 קג,פרי גליל,IL,קלחי תירס 1קג,קילוגרמים,1.00,"ק""ג",false,0,17.70,17.70,true,1,
7296073108085,false,שעועית צהובה חתוכה שופרס,פרי גליל,IL,שעועית צהובה,גרמים,800.00,100 גרם,false,0,15.80,1.98,true,1,
7296073108122,false,לקט סיני שופרסל 800 גרם,פרי גליל,IL,לקט סיני,גרמים,800.00,100 גרם,false,0,16.80,2.10,true,1,
7296073108245,false,עלי תרד שטופים לאכילה,פרסקו,IL,עלי תרד שטופים,גרמים,200.00,100 גרם,false,0,9.00,4.50,true,1,
7296073108252,false,עלי בייבי שטופים לאכילה,פרסקו,IL,עלי בייבי שטופים,גרמים,110.00,100 גרם,false,0,9.50,8.64,true,1,
7296073108269,false,חסה ערבית שטופה לאכילה,פרסקו,IL,חסה ערבית שטופה,גרמים,250.00,100 גרם,false,0,8.90,3.56,true,1,
7296073108313,false,סלט קולסלאו שטוף לאכילה,פרסקו,IL,סלט קולסלאו שטוף,גרמים,400.00,100 גרם,false,0,8.00,2.00,true,1,
7296073108320,false,שבבי גזר שטופים לאכילה,פרסקו,IL,שבבי גזר שטופים,גרמים,400.00,100 גרם,false,0,8.00,2.00,true,1,
7296073108344,false,לקט קלאסי שטוף לאכילה,פרסקו,IL,לקט קלאסי שטוף,גרמים,350.00,100 גרם,false,0,9.90,2.83,true,1,
7296073108351,false,חסה אייסברג שטופה לאכילה,פרסקו,IL,חסה אייסברג שטוף,גרמים,300.00,100 גרם,false,0,9.90,3.30,true,1,
7296073108368,false,לקט הגינה שטוף לאכילה,פרסקו,IL,לקט הגינה שטוף,גרמים,300.00,100 גרם,false,0,9.90,3.30,true,1,
7296073108375,false,כרוב לבן שטוף לאכילה,פרסקו,IL,כרוב לבן שטוף,גרמים,400.00,100 גרם,false,0,8.00,2.00,true,1,
7296073108467,false,תבניות מאורכות שופרסל 5,שופרסל,IL,תבניות 5 יח',יחידה,1.00,יחידה,false,0,6.90,6.90,true,1,
7296073108474,false,תבניות עם מכסה שופרסל 4,שופרסל,IL,תבניות עם מכסה,יחידה,1.00,יחידה,false,0,8.90,8.90,true,1,
7296073108481,false,תבניות קטנות+מכסה שופרסל,שופרסל,IL,תבניות עם מכסה,יחידה,1.00,יחידה,false,0,7.90,7.90,true,1,
7296073108498,false,תבניות עגולות שופרסל 5 י,שופרסל,IL,תבניות עגולות,יחידה,1.00,יחידה,false,0,9.90,9.90,true,1,
7296073108504,false,תבניות גדולות שופרסל 5 י,שופרסל,IL,תבניות גדולות,יחידה,1.00,יחידה,false,0,9.90,9.90,true,1,
7296073108511,false,3 תבניות ענקיות שופרסל,שופרסל,IL,תבניות ענקיות,יחידה,1.00,יחידה,false,0,8.90,8.90,true,1,
7296073108573,false,קרם קרקר שופרסל 230 גרם,מגדנית הדר,IL,קרם קרקר,גרמים,230.00,100 גרם,false,0,7.50,3.26,true,1,
7296073108627,false,קרקר חיטה מלאה שופרסל240,מגדנית הדר,IL,קרקר חיטה מלאה,גרמים,240.00,100 גרם,false,0,7.50,3.13,true,1,
7296073108634,false,קרקר ח.מלאה+סובין שופ240,מגדנית הדר,IL,קרקר חיטה מלאה,גרמים,240.00,100 גרם,false,0,7.50,3.13,true,1,
7296073109099,false,"תירוש ענבים טבעי 750מ""ל*",הכורמים,IL,תירוש ענבים,מיליליטרים,750.00,"100 מ""ל",false,0,10.00,1.33,true,1,
7296073109105,false,תירוש ענבים טבעי 1 ליטר*,הכורמים,IL,תירוש ענבים,ליטרים,1.00,ליטר,false,0,15.90,15.90,true,1,
7296073109822,false,תמר מג'הול 400ג שופרסל,הדיקלאים,IL,תמר מג'הול 400ג,גרמים,400.00,100 גרם,false,0,16.90,4.23,true,1,
7296073112396,false,100צמרונים פלסטיק שופרסל,שופרסל,IL,צמרונים פלסטיק,יחידה,1.00,יחידה,false,0,2.00,2.00,true,1,
7296073112402,false,300צמרונים קופ.פטנט שופר,שופרסל,IL,מקלוני צמר גפן,יחידה,1.00,יחידה,false,0,10.10,10.10,true,1,
7296073112419,false,65 צמרונים לתינוק שופרסל,שופרסל,IL,צמרונים לתינוק,יחידה,1.00,יחידה,false,0,5.90,5.90,true,1,
7296073112426,false,צמרונים שופרסל 200 יח',שופרסל,IL,מקלוני צמר גפן,יחידה,1.00,יחידה,false,0,5.30,5.30,true,1,
7296073112433,false,צמרונים שופרסל 400 יח',שופרסל,IL,מקלוני צמר גפן,יחידה,1.00,יחידה,false,0,10.10,10.10,true,1,
7296073112457,false,קוסקוס חיטה מלא.שופר350ג,אסיף תעשיות מזון,IL,קוסקוס,גרמים,350.00,100 גרם,false,0,5.70,1.63,true,1,
7296073112464,false,פוזילי חיטה מלא.שופר500ג,שופרסל,IT,פוזילי שופרסל,גרמים,500.00,100 גרם,false,0,7.50,1.50,true,1,
7296073112471,false,ספגטי חיטה מלאה שופר500ג,שופרסל,IT,ספגטי שופרסל,גרמים,500.00,100 גרם,false,0,7.50,1.50,true,1,
7296073112617,false,6 ספוג.לניקוי מופלא שופר,שופרסל,DE,6 ספוג.לניקוי מופלא שופר,יחידה,1.00,יחידה,false,0,8.80,8.80,true,1,
7296073113256,false,חרדל דיז'ון שופרסל 370גר,שופרסל,FR,חרדל דיז'ון,גרמים,370.00,100 גרם,false,0,8.30,2.24,true,1,
7296073113263,false,חרדל צרפתי שופרסל 370גרם,שופרסל,FR,חרדל צרפתי,גרמים,370.00,100 גרם,false,0,6.50,1.76,true,1,
7296073115717,false,סודה לשתיה שופרסל 50 גרם,שופרסל,,סודה לשתיה,גרמים,50.00,100 גרם,false,0,2.10,4.20,true,1,
7296073115724,false,אבקת אפיה שופרסל 10X10גר,שופרסל,IL,אבקת אפיה 10יח,גרמים,100.00,100 גרם,false,0,3.00,3.00,true,1,
7296073115731,false,אבקת סוכר שופרסל 100 גרם,שופרסל,IL,אבקת סוכר,גרמים,100.00,100 גרם,false,0,1.80,1.80,true,1,
7296073115748,false,סוכר וניל שופרסל 10X10גר,שופרסל,IL,סוכר וניל 10יח,גרמים,100.00,100 גרם,false,0,2.50,2.50,true,1,
7296073115755,false,קורנפלור שופרסל 500 גרם,שופרסל,,קורנפלור,גרמים,500.00,100 גרם,false,0,4.90,0.98,true,1,
7296073115762,false,קורנפלור שופרסל 200 גרם,שופרסל,IL,קורנפלור,גרמים,200.00,100 גרם,false,0,3.50,1.75,true,1,
7296073116769,false,קוקוס טחון שופרסל 100גרם,מיה,IL,קוקוס טחון,גרמים,100.00,100 גרם,false,0,3.80,3.80,true,1,
7296073116776,false,קוקוס טחון שופרסל 400גרם,מיה,IL,קוקוס טחון,גרמים,400.00,100 גרם,false,0,11.70,2.93,true,1,
7296073116783,false,שומשום שופרסל 100 גרם,מיה,IL,שומשום שופרסל,גרמים,100.00,100 גרם,false,0,3.50,3.50,true,1,
7296073116806,false,שמן סויה שופרסל 3 ליטר,שופרסל,,שמן סויה,ליטרים,3.00,ליטר,false,0,20.40,6.80,true,1,
7296073116813,false,קמח תירס שופרסל 400 גרם,מיה,IL,קמח תירס,גרמים,400.00,100 גרם,false,0,5.50,1.38,true,1,
7296073116820,false,"קמח תפו""א שופרסל 500 גרם",מיה,IL,"קמח תפו""א",גרמים,500.00,100 גרם,false,0,6.00,1.20,true,1,
7296073116837,false,קוואקר שופרסל 500 גרם,שופרסל,DE,קוואקר שופרסל,גרמים,500.00,100 גרם,false,0,9.60,1.92,true,1,
7296073117094,false,שוק.צ'יפס מריר שופרסל300,אופנהיימר,IL,שוקולד צ'יפס,גרמים,300.00,100 גרם,false,0,9.80,3.27,true,1,
7296073117605,false,30 כפפות לטקס שופרסל,שופרסל,IL,כפפות לטקס,יחידה,1.00,יחידה,false,0,11.80,11.80,true,1,
7296073117636,false,זוג כפפות גומי M שופרסל,שופרסל,IL,כפפות גומי,יחידה,1.00,יחידה,false,0,7.80,7.80,true,1,
7296073117650,false,זוג כפפות גומי XL שופרסל,שופרסל,,זוג כפפות שופרסל,יחידה,1.00,יחידה,false,0,7.80,7.80,true,1,
7296073117872,false,חרוזי זיתים מושחר שופ560,שופרסל,IL,חרוזי זיתים,גרמים,540.00,100 גרם,false,0,7.60,1.41,true,1,
7296073118770,false,עלי בייבי שטופים לאכילה,פרסקו,IL,עלי בייבי שטופים,גרמים,300.00,100 גרם,false,0,12.90,4.30,true,1,
7296073118787,false,תע'חסה אלון שטופה לאכילה,פרסקו,IL,תער' חסה אלון,גרמים,350.00,100 גרם,false,0,9.90,2.83,true,1,
7296073119302,false,60 שקיות מתכלות שופרסל,שופרסל,TR,שקיות אשפה,יחידה,1.00,יחידה,false,0,19.80,19.80,true,1,
7296073119456,false,תער'חסה+עלי בייבי שטופים,פרסקו,IL,תער' חסה+ע.בייבי,גרמים,350.00,100 גרם,false,0,9.90,2.83,true,1,
7296073120018,false,100 נרות חימום בלוק,שופרסל,IL,נרות חימום,יחידה,1.00,יחידה,false,0,19.70,19.70,true,1,
7296073121176,false,תמר חלאוי 400ג שופרסל,הדיקלאים,IL,תמר חלאוי400גרם,גרמים,400.00,100 גרם,false,0,12.90,3.23,true,1,
7296073121183,false,תמר דקל נור 400ג שופרסל,הדיקלאים,IL,תמר דקל נור 400ג,גרמים,400.00,100 גרם,false,0,12.90,3.23,true,1,
7296073121190,false,תמר אמרי 400גרם שופרסל,הדיקלאים,IL,תמר אמרי 400 גרם,גרמים,400.00,100 גרם,false,0,12.90,3.23,true,1,
7296073121589,false,בייגלה אצבעות שומשום330ג,שופרסל,IL,בייגלה אצבעות,גרמים,330.00,100 גרם,false,0,8.80,2.67,true,1,
7296073122258,false,תערובת אגוזים 200גשופרסל,ששון,IL,תערובת אגוזים,גרמים,200.00,100 גרם,false,0,21.70,10.85,true,1,
7296073123675,false,מיץ עגבניות בק.זכוכית 1ל,שופרסל,IL,מיץ עגבניות,ליטרים,1.00,ליטר,false,0,6.80,6.80,true,1,
7296073123712,false,"תמצית רום שופרסל 50 מ""ל",מיה,,תמצית רום,מיליליטרים,50.00,"100 מ""ל",false,0,3.80,7.60,true,1,
7296073123965,false,ניוקי שופרסל 500 גרם,שופרסל,,ניוקי,גרמים,500.00,100 גרם,false,0,9.80,1.96,true,1,
7296073123972,false,ניוקי קטנים שופרסל500גרם,שופרסל,IT,ניוקי קטנים,גרמים,500.00,100 גרם,false,0,9.80,1.96,true,1,
7296073124016,false,עדשים שחורות שופרסל 500ג,מיה,IL,עדשים שחורות,גרמים,500.00,100 גרם,false,0,8.00,1.60,true,1,
7296073124160,false,שום קפוא מגשית שופרסל 80,שופרסל,IL,שום קפוא מגשית,גרמים,80.00,100 גרם,false,0,8.80,11.00,true,1,
7296073124177,false,שום כתוש צנצנת שופרסל200,שופרסל,IL,שום כתוש,גרמים,200.00,100 גרם,false,0,11.90,5.95,true,1,
7296073124382,false,ספגטיני מספר 3 שופרסל500,שופרסל,IT,ספגטיני מס' 3,גרמים,500.00,100 גרם,false,0,4.90,0.98,true,1,
7296073125303,false,מלפפונים בחומץ 7-9 540גר,שופרסל,,מלפפונים בחומץ,גרמים,540.00,100 גרם,false,0,5.30,0.98,true,1,
7296073125310,false,מלפפונ.בחומץ 7-9 %20+560,שופרסל,IL,מלפפונים בחומץ,גרמים,672.00,100 גרם,false,0,5.30,0.79,true,1,
7296073125341,false,מלפפונים בחומץ18-25 540ג,שופרסל,IL,מלפפונים בחומץ,גרמים,540.00,100 גרם,false,0,9.40,1.74,true,1,
7296073125358,false,מלפפ.במלח7-9שופר560ג%20+,שופרסל,IL,מלפפונים במלח,גרמים,650.00,100 גרם,false,0,5.30,0.82,true,1,
7296073125525,false,עוגות אישיות קרם שוקו350,שופרסל,IT,עוגות אישיות,גרמים,350.00,100 גרם,false,0,10.00,2.86,true,1,
7296073125822,false,שמן חמניות שופרסל 1 ליטר,NV AOR,BE,שמן חמניות,ליטרים,1.00,ליטר,false,0,12.50,12.50,true,1,
7296073125945,false,"5 סכיני גילוח ח""פ לגבר",שופרסל,US,סכיני גילוח,יחידה,1.00,יחידה,false,0,10.80,10.80,true,1,
7296073125952,false,"אורז יסמין שופרסל 1 ק""ג",ltd co produce Uthai,TH,אורז יסמין,קילוגרמים,1.00,"ק""ג",false,0,9.80,9.80,true,1,
7296073128229,false,מעדן תות שדה שופרסל284גר,LTD 99 CIMA,BG,מעדן תות שדה,גרמים,284.00,100 גרם,false,0,12.80,4.51,true,1,
7296073128243,false,מעדן דובדבנים שופרסל284ג,LTD 99 CIMA,BG,מעדן דובדבנים,גרמים,284.00,100 גרם,false,0,12.80,4.51,true,1,
7296073128250,false,מעדן אוכמניות כחולות284ג,LTD 99 CIMA,BG,מעדן אוכמניות,גרמים,284.00,100 גרם,false,0,12.80,4.51,true,1,
7296073129431,false,פתיתים קוסקוס שופרסל500ג,אסיף תעשיות מזון,IL,פתיתים קוסקוס,גרמים,500.00,100 גרם,false,0,4.90,0.98,true,1,
7296073129455,false,פתיתים אורז שופרסל 500גר,אסיף תעשיות מזון,IL,פתיתים אורז,גרמים,500.00,100 גרם,false,0,4.90,0.98,true,1,
7296073129462,false,פתיתים לבבות שופרסל500גר,אסיף תעשיות מזון,IL,פתיתים לבבות,גרמים,500.00,100 גרם,false,0,4.90,0.98,true,1,
7296073129486,false,פתיתים קמח מלא שופרסל500,אסיף תעשיות מזון,IL,פתיתים קמח מלא,גרמים,500.00,100 גרם,false,0,5.90,1.18,true,1,
7296073129516,false,נר נשמה 24 שעות שופרסל,שופרסל,IL,נר נשמה,יחידה,1.00,יחידה,false,0,2.00,2.00,true,1,
7296073129523,false,נר נשמה שבועי שופרסל,שופרסל,IL,נר נשמה שבועי,יחידה,1.00,יחידה,false,0,9.90,9.90,true,1,
7296073129530,false,נרות חימום בשקית 50 יח',שופרסל,IL,נרות חימום,יחידה,1.00,יחידה,false,0,9.90,9.90,true,1,
7296073129547,false,קנולה כבישה קרה שופרסל1ל,NV AOR,BE,שמן קנולה,ליטרים,1.00,ליטר,false,0,13.10,13.10,true,1,
7296073130499,false,"מיץ לימון שופרסל 200 מ""ל",סי פרווידר,IT,מיץ לימון שופרסל,מיליליטרים,200.00,"100 מ""ל",false,0,5.50,2.75,true,1,
7296073130635,false,נקטר אקזוטי שופרסל 1ליטר,שופרסל,IL,נקטר אקזוטי,ליטרים,1.00,ליטר,false,0,4.20,4.20,true,1,
7296073132165,false,ממרח קרם קקאו+אגוזים350ג,שופרסל,IT,ממרח קרם קקאו,גרמים,350.00,100 גרם,false,0,9.80,2.80,true,1,
7296073132448,false,שמן תירס שופרסל 1 ליטר,NV AOR,BE,שמן תירס שופרסל,ליטרים,1.00,ליטר,false,0,13.00,13.00,true,1,
7296073132479,false,לבבות דקל שלמים שופר400ג,אינדוסטריה אגריקולה,EC,לבבות דקל שלמים,גרמים,400.00,100 גרם,false,0,8.50,2.13,true,1,
7296073132806,false,חרוזי זיתים שופרסל560גרם,קבוצת יבנה,IL,חרוזי זיתים,גרמים,560.00,100 גרם,false,0,8.30,1.48,true,1,
7296073132820,false,סלק בואקום 500 גרם,שופרסל,XX,סלק בואקום 500ג,גרמים,500.00,100 גרם,false,0,8.00,1.60,true,1,
7296073132967,false,מגבוני אף לתינוק 30 יח',שופרסל,IL,מגבוני אף לתינוק,יחידה,1.00,יחידה,false,0,8.00,8.00,true,1,
7296073132974,false,צלחות גדולות לבן שופרסל,שופרסל,,צלחות גדולות,יחידה,1.00,יחידה,false,0,19.90,19.90,true,1,
7296073132981,false,25צלחות בינונ.לבן שופרסל,שופרסל,IL,צלחות בינוניות,יחידה,1.00,יחידה,false,0,12.90,12.90,true,1,
7296073133001,false,קעריות מרק לבן שופרסל 25,שופרסל,,קעריות מרק,יחידה,1.00,יחידה,false,0,9.90,9.90,true,1,
7296073133018,false,מגשים אובליים לבן שופרסל,שופרסל,IL,מגשים אובליים,יחידה,1.00,יחידה,false,0,19.90,19.90,true,1,
7296073133025,false,לפתניות לבן שופרסל 25 יח,שופרסל,IL,לפתניות,יחידה,1.00,יחידה,false,0,7.90,7.90,true,1,
7296073133056,false,צלחות קרם אלגנט גדולות,שופרסל,IL,צלחות קרם גדולות,יחידה,1.00,יחידה,false,0,19.90,19.90,true,1,
7296073133063,false,צלחות בינונית קרם שופרסל,שופרסל,IL,צלחות בינוניות,יחידה,1.00,יחידה,false,0,12.90,12.90,true,1,
7296073133087,false,קעריות מרק קרם שופרסל 25,שופרסל,IL,קעריות מרק,יחידה,1.00,יחידה,false,0,9.90,9.90,true,1,
7296073133094,false,מגשים אובליים קרם שופרסל,שופרסל,,מגשים אובליים,יחידה,1.00,יחידה,false,0,19.90,19.90,true,1,
7296073133131,false,"מלח למדיח שופרסל 2 ק""ג",מלח הארץ אילת,IL,מלח למדיח שופרסל,קילוגרמים,2.00,"ק""ג",false,0,10.80,5.40,true,1,
7296073134459,false,קרקר סגנ.שוודי שופרסל300,שופרסל,,קרקר שוודי,גרמים,300.00,100 גרם,false,0,12.80,4.27,true,1,
7296073134534,false,קפה טורקי שופרסל 100 גרם,שופרסל,IL,קפה טורקי שופרסל,גרמים,100.00,100 גרם,false,0,5.00,5.00,true,1,
7296073134916,false,"משק""ל ענבים שופרסל 1.5 ל",שופרסל,IL,משקה קל ענבים,ליטרים,1.50,ליטר,false,0,4.90,3.27,true,1,
7296073136842,false,חמאת בוטנים שופרסל510גרם,שופרסל,US,חמאת בוטנים,גרמים,510.00,100 גרם,false,0,17.70,3.47,true,1,
7296073136859,false,חמאת בוטנים+שבבים שופ510,שופרסל,US,חמאת בוטנים,גרמים,510.00,100 גרם,false,0,17.70,3.47,true,1,
7296073137412,false,ספוג רחצה צבעוני שופרסל,שופרסל,CN,ספוג רחצה צבעוני,יחידה,1.00,יחידה,false,0,5.00,5.00,true,1,
7296073140672,false,ממרח קרם קקאו שופרסל750ג,שופרסל,,ממרח קרם קקאו,גרמים,750.00,100 גרם,false,0,18.70,2.49,true,1,
7296073140979,false,60מגן תחתון נורמל שופרסל,שופרסל,IL,מגן תחתון שופרסל,יחידה,1.00,יחידה,false,0,10.00,10.00,true,1,
7296073140993,false,28 תחבושות נורמל+ שופרסל,שופרסל,DE,תחבושות שופרסל,יחידה,1.00,יחידה,false,0,9.00,9.00,true,1,
7296073141006,false,24 תחבושות סופר+ שופרסל,שופרסל,DE,תחבושות שופרסל,יחידה,1.00,יחידה,false,0,9.00,9.00,true,1,
7296073141082,false,נרות חימום בשקית,,IL,נרות חימום בשקית,יחידה,1.00,יחידה,false,0,19.60,19.60,true,1,
7296073141143,false,שוקולד חלב שופרסל100 גרם,שופרסל,CH,שוקולד חלב,גרמים,100.00,100 גרם,false,0,5.00,5.00,true,1,
7296073141150,false,שוקולד מריר שוויצרי100ג,שופרסל,CH,שוקולד מריר,גרמים,100.00,100 גרם,false,0,5.00,5.00,true,1,
7296073141891,false,צלחות גדולות שופרסל כחול,שופרסל,IL,צלחות גדולות,יחידה,1.00,יחידה,false,0,19.90,19.90,true,1,
7296073141907,false,צלחות קטנות שופרסל כחול,שופרסל,IL,צלחות קטנות,יחידה,1.00,יחידה,false,0,9.90,9.90,true,1,
7296073141914,false,צלחות בינוניות כחול 25 י,שופרסל,IL,צלחות בינוניות,יחידה,1.00,יחידה,false,0,12.90,12.90,true,1,
7296073141921,false,קעריות מרק שופרסל כחול 2,שופרסל,,קעריות למרק,יחידה,1.00,יחידה,false,0,9.90,9.90,true,1,
7296073141938,false,מגשיות אובליות כחול 25 י,שופרסל,IL,מגשיות אובליות,יחידה,1.00,יחידה,false,0,19.90,19.90,true,1,
7296073142041,false,גביעי גלידה שופרסל 24יח',גילרו,IL,גביעי גלידה,גרמים,120.00,100 גרם,false,0,6.90,5.75,true,1,
7296073143437,false,"ברנפלקס ללת""ס שופרסל 500",שופרסל,,"ברנפלקס ללת""ס",גרמים,500.00,100 גרם,false,0,16.80,3.36,true,1,
7296073143727,false,פתיתים קוסקוס 3 צבעים500,אסיף תעשיות מזון,IL,פתיתים קוסקוס,גרמים,500.00,100 גרם,false,0,5.90,1.18,true,1,
7296073146933,false,שוק.אוורירי מריר שופר100,שופרסל,CH,שוקולד אוורירי,גרמים,100.00,100 גרם,false,0,5.00,5.00,true,1,
7296073146940,false,שוק.אוורירי חלב שופר100ג,שופרסל,CH,שוקולד אוורירי,גרמים,100.00,100 גרם,false,0,5.00,5.00,true,1,
7296073146957,false,שוק.חלב שברי אגוז שופ100,שופרסל,CH,שוקולד חלב אגוז,גרמים,100.00,100 גרם,false,0,5.00,5.00,true,1,
7296073150435,false,תערובת לעוגה,,,תערובת לעוגה,גרמים,560.00,100 גרם,false,0,10.00,1.79,true,1,
7296073150527,false,קורנפלקס שופרסל 750 גרם,שופרסל,,קורנפלקס שופרסל,גרמים,750.00,100 גרם,false,0,10.90,1.45,true,1,
7296073150756,false,שוקולד אגוזים3יח,,CH,שוקולד אגוזים3יח,גרמים,300.00,100 גרם,false,0,13.80,4.60,true,1,
7296073151463,false,פריכיות דקות דל נתרן100ג,שופרסל,IL,פריכיות דקות,גרמים,100.00,100 גרם,false,0,6.40,6.40,true,1,
7296073151548,false,"מלח בישול שופרסל 1 ק""ג",מלח הארץ אילת,IL,מלח בישול שופרסל,קילוגרמים,1.00,"ק""ג",false,0,1.80,1.80,true,1,
7296073151555,false,"מלח שולחן שופרסל 1 ק""ג",מלח הארץ אילת,IL,מלח שולחן שופרסל,קילוגרמים,1.00,"ק""ג",false,0,1.80,1.80,true,1,
7296073152453,false,קפה טורקי ואקום שופר200ג,שופרסל,IL,קפה טורקי בואקום,גרמים,200.00,100 גרם,false,0,14.10,7.05,true,1,
7296073153337,false,מקרוני בוקטיני מס14 500ג,שופרסל,IT,מקרוני בוקטיני,גרמים,500.00,100 גרם,false,0,4.90,0.98,true,1,
7296073153849,false,זוג רדידי אלומינ7.5*0.3מ,שופרסל,IL,זוג רדידי אלומינ,מטרים,15.00,מטר,false,0,9.80,0.65,true,1,
7296073153870,false,זוג רדיד.אלומינ7.5*0.45מ,שופרסל,IL,זוג רדידי אלומינ,מטרים,15.00,מטר,false,0,12.90,0.86,true,1,
7296073153894,false,ניילון נצמד שופרסל 30*2מ,שופרסל,IL,זוג ניילון נצמד,מטרים,60.00,מטר,false,0,8.80,0.15,true,1,
7296073156246,false,עוגת בראוניס ש.צ'יפס400ג,גידרון,IL,עוגת בראוניס,גרמים,400.00,100 גרם,false,0,13.80,3.45,true,1,
7296073156604,false,שוק.חלב עם אגוזי לוז100ג,שופרסל,CH,שוקולד+אגוזי לוז,גרמים,100.00,100 גרם,false,0,5.00,5.00,true,1,
7296073156611,false,שוקולד מריר 60% קקאו100ג,שופרסל,,שוקולד מריר 60%,גרמים,100.00,100 גרם,false,0,6.80,6.80,true,1,
7296073156628,false,שוק.מריר+אגוזי לוז 100גר,שופרסל,,שוקולד+אגוזי לוז,גרמים,100.00,100 גרם,false,0,5.00,5.00,true,1,
7296073160663,false,פסטה פוזילי 3 דקות 500 ג,שופרסל,,פסטה פוזילי,גרמים,500.00,100 גרם,false,0,5.90,1.18,true,1,
7296073160670,false,פסטה גנצ'טי 3 דקות 500 ג,שופרסל,,פסטה גנצ'ט'י,גרמים,500.00,100 גרם,false,0,5.90,1.18,true,1,
7296073161479,false,פריכ.תירס+זרעי פשתן 100ג,שופרסל,IL,פריכיות תירס,גרמים,100.00,100 גרם,false,0,6.40,6.40,true,1,
7296073161493,false,שוק.מריר60%שופרסל 100*2ג,שופרסל,,שוקולד מריר זוג,גרמים,200.00,100 גרם,false,0,10.00,5.00,true,1,
7296073161509,false,שוק.חלב אגוזי לוז100*3גר,שופרסל,CH,שוקולד אגוז 3 יח,גרמים,300.00,100 גרם,false,0,14.90,4.97,true,1,
7296073161516,false,שוק.מריר+אגוזים שלמ100*3,שופרסל,,שוקולד אגוז 3 יח,גרמים,300.00,100 גרם,false,0,14.90,4.97,true,1,
7296073161721,false,נייר אפיה שופרסל 50 דפים,שופרסל,NO,נייר אפיה שופרסל,יחידה,1.00,יחידה,false,0,9.90,9.90,true,1,
7296073161783,false,קבוקים שומשום400ג שופרסל,שופרסל,CN,קבוקים עם שומשום,גרמים,400.00,100 גרם,false,0,14.90,3.73,true,1,
7296073161981,false,עוג.מילוי קרם שוק.שופ150,שופרסל,,עוגיות קרם שוקו,גרמים,150.00,100 גרם,false,0,7.50,5.00,true,1,
7296073162001,false,עוג.קרם אגוז לוז שופר150,שופרסל,,עוגיות קרם אגוז,גרמים,150.00,100 גרם,false,0,7.50,5.00,true,1,
7296073162520,false,ברזלית בצלינדר שופרסל6יח,פלסטו פוליש,IL,ברזלית בצלינדר,יחידה,1.00,יחידה,false,0,13.80,13.80,true,1,
7296073163084,false,נקניקיות וינר שופרסל400ג,מעדני יחיעם,IL,נקניקיות וינר,גרמים,400.00,100 גרם,false,0,11.80,2.95,true,1,
7296073163107,false,נקניקיות וינר שופרסל1.5ק,שופרסל,IL,נקניקיות וינר,קילוגרמים,1.50,"ק""ג",false,0,28.90,19.27,true,1,
7296073169239,false,רוטב עגבניות לשקשוקה260ג,שופרסל,,רוטב לשקשוקה,גרמים,260.00,100 גרם,false,0,3.90,1.50,true,1,
7296073169246,false,רוטב עגבניות לפסטה260גרם,שופרסל,,רוטב לפסטה,גרמים,260.00,100 גרם,false,0,3.90,1.50,true,1,
7296073169253,false,רוטב עגבניות עם שום260גר,שופרסל,,רוטב עגבניות,גרמים,260.00,100 גרם,false,0,3.90,1.50,true,1,
7296073169260,false,עגבנ.מרוסקות שופרסל260גר,שופרסל,,עגבניות מרוסקות,גרמים,260.00,100 גרם,false,0,3.90,1.50,true,1,
7296073169543,false,40 מטליות רב שימושיות,שופרסל,IL,"מטליות רב""ש",יחידה,1.00,יחידה,false,0,18.70,18.70,true,1,
7296073169550,false,3 מטליות מיקרופייבר שופר,שופרסל,,מטליות מיקרופיבר,יחידה,1.00,יחידה,false,0,12.80,12.80,true,1,
7296073169574,false,130 ממחטות טישיו+אלוורה,שופרסל,,ממחטות טישיו,יחידה,1.00,יחידה,false,0,13.80,13.80,true,1,
7296073169796,false,שוקולד מריר נוגט+שקד100ג,שופרסל,,שוקולד מריר נוגט,גרמים,100.00,100 גרם,false,0,7.80,7.80,true,1,
7296073169840,false,שוק.חלב ל.סוכר שופרסל100,שופרסל,,שוקולד ללא סוכר,גרמים,100.00,100 גרם,false,0,8.80,8.80,true,1,
7296073169857,false,שוק.חלב+אגוז ללא סוכר100,שופרסל,,שוקולד ללא סוכר,גרמים,100.00,100 גרם,false,0,8.80,8.80,true,1,
7296073170143,false,מטליות לניקוי כללי 50יח,שופרסל,,מטליות לחות,יחידה,1.00,יחידה,false,0,9.90,9.90,true,1,
7296073170839,false,שוקולד לבן שוויצרי 100גר,שופרסל,,שוקולד לבן,גרמים,100.00,100 גרם,false,0,5.00,5.00,true,1,
7296073170853,false,צ'יפס קלאסי שופרסל 2.5קג,תפוגן,IL,צ'יפס קלאסי,קילוגרמים,2.50,"ק""ג",false,0,29.90,11.96,true,1,
7296073170860,false,צ'יפס קלאסי שופרסל 1.5קג,תפוגן,IL,צ'יפס קלאסי,קילוגרמים,1.50,"ק""ג",false,0,22.90,15.27,true,1,
7296073170877,false,צ'יפס אמריקאי שופרסל 1.5,תפוגן,IL,צ'יפס אמריקאי,קילוגרמים,1.50,"ק""ג",false,0,22.90,15.27,true,1,
7296073170884,false,סטייק צ'יפס שופרסל 1.5קג,תפוגן,IL,סטייק צ'יפס,קילוגרמים,1.50,"ק""ג",false,0,22.90,15.27,true,1,
7296073170891,false,צ'יפס זיגזג שופרסל 1.5קג,תפוגן,IL,צ'יפס זיגזג,קילוגרמים,1.50,"ק""ג",false,0,22.90,15.27,true,1,
7296073171126,false,שוק.לבן שוויצרי 100*3 גר,שופרסל,,שוקולד לבן 3 יח',גרמים,300.00,100 גרם,false,0,13.80,4.60,true,1,
7296073173045,false,דבש טבעי לחיץ שופרסל500ג,שופרסל,,דבש לחיץ שופרסל,גרמים,500.00,100 גרם,false,0,26.70,5.34,true,1,
7296073173199,false,אפונה ירוקה עדינה שופרסל,שופרסל,IL,אפונה עדינה,גרמים,600.00,100 גרם,false,0,14.90,2.48,true,1,
7296073173205,false,שעועית ירוקה עדינה שופרס,ARDO,BE,שעועית ירוקה,גרמים,600.00,100 גרם,false,0,18.90,3.15,true,1,
7296073173212,false,שעועית ירוקה שלמה שופרסל,ARDO,BE,שעועית ירוקה,גרמים,800.00,100 גרם,false,0,15.80,1.98,true,1,
7296073173229,false,שעועית ירוקה חתוכה שופרס,ARDO,BE,שעועית ירוקה,גרמים,800.00,100 גרם,false,0,14.80,1.85,true,1,
7296073173304,false,"קמח חיטה לאפיית לחם 1ק""ג",שופרסל,,קמח לאפית לחם,קילוגרמים,1.00,"ק""ג",false,0,5.90,5.90,true,1,
7296073173311,false,קמח תופח מועשר שופרסל 1ק,שופרסל,,קמח תופח מועשר,קילוגרמים,1.00,"ק""ג",false,0,5.90,5.90,true,1,
7296073174189,false,תבניות קרטון,,,תבניות קרטון,יחידה,1.00,יחידה,false,0,8.90,8.90,true,1,
7296073174219,false,תבניות קרטון,,,תבניות קרטון,יחידה,1.00,יחידה,false,0,8.90,8.90,true,1,
7296073174233,false,תבניות קרטון,,,תבניות קרטון,יחידה,1.00,יחידה,false,0,8.90,8.90,true,1,
7296073179412,false,פול ירוק קפוא  800גרם,LTD ALEX COLD,IL,פול ירוק קפוא,גרמים,800.00,100 גרם,false,0,20.70,2.59,true,1,
7296073179863,false,דבש טבעי לחיץ שופרסל250ג,שופרסל,,דבש לחיץ,גרמים,250.00,100 גרם,false,0,14.90,5.96,true,1,
7296073179979,false,תחתיות ארטישוק שופרסל 00,LTD ALEX COLD,EG,תחתיות ארטישוק,גרמים,400.00,100 גרם,false,0,17.40,4.35,true,1,
7296073179986,false,במיה שופרסל 600גרם,LTD ALEX COLD,EG,במיה 600גרם,גרמים,600.00,100 גרם,false,0,14.80,2.47,true,1,
7296073180111,false,מעדן דגים וטונה לחתול85ג,שופרסל,,מעדן לחתול,גרמים,85.00,100 גרם,false,0,4.90,5.76,true,1,
7296073180128,false,מעדן עוף וכבד לחתול 85גר,שופרסל,,מעדן לחתול,גרמים,85.00,100 גרם,false,0,4.90,5.76,true,1,
7296073180135,false,מעדן עוף לחתול שופרסל85ג,שופרסל,,מעדן לחתול,גרמים,85.00,100 גרם,false,0,4.90,5.76,true,1,
7296073180203,false,עלי רוקט שטופים 150גרם,פרסקו,IL,עלי רוקט150ג',גרמים,150.00,100 גרם,false,0,9.50,6.33,true,1,
7296073180210,false,עלי תרד שטופים 400גרם,פרסקו,IL,עלי תרד 400גרם,גרמים,400.00,100 גרם,false,0,15.00,3.75,true,1,
7296073180265,false,מגבונים נשטפ.לילדים40*3,שופרסל,,מגבונים נשטפים3*,יחידה,1.00,יחידה,false,0,9.80,9.80,true,1,
7296073180425,false,רוטב לפסטה,,,רוטב לפסטה,גרמים,350.00,100 גרם,false,0,10.80,3.09,true,1,
7296073180432,false,רוטב לפסטה,,,רוטב לפסטה,גרמים,350.00,100 גרם,false,0,10.80,3.09,true,1,
7296073180449,false,רוטב לפסטה,,,רוטב לפסטה,גרמים,350.00,100 גרם,false,0,10.80,3.09,true,1,
7296073180548,false,א.מלך טבעי קלוף150גשופרס,ששון,IL,א.מלך טבעי קלוף,גרמים,150.00,100 גרם,false,0,14.90,9.93,true,1,
7296073180630,false,מטליות לחות לרצפה 10יח,טרופיקל דגיל,IL,מטליות לחות,יחידה,1.00,יחידה,false,0,9.80,9.80,true,1,
7296073180852,false,חטיפי דגנים 5 יח,,,חטיפי דגנים 5 יח,גרמים,210.00,100 גרם,false,0,11.90,5.67,true,1,
7296073180869,false,חטיפי דגנים 5 יח,,,חטיפי דגנים 5 יח,גרמים,210.00,100 גרם,false,0,11.90,5.67,true,1,
7296073180876,false,טלק ריחני שופרסל,,IL,טלק ריחני שופרסל,גרמים,200.00,100 גרם,false,0,9.00,4.50,true,1,
7296073180944,false,מטלית רצפה,,CN,מטלית רצפה,יחידה,1.00,יחידה,false,0,8.80,8.80,true,1,
7296073182412,false,שקיות אוכל מנייר,,PL,שקיות אוכל מנייר,יחידה,1.00,יחידה,false,0,9.80,9.80,true,1,
7296073186601,false,נייר טואלט,,IL,נייר טואלט,מטרים,883.00,100 מטר,false,0,35.90,4.07,true,1,
7296073187363,false,פחם דרום אמריקאי,,PY,פחם דרום אמריקאי,קילוגרמים,2.00,"ק""ג",false,0,12.90,6.45,true,1,
7296073188452,false,כפפות  Sשופרסל,,IL,כפפות  Sשופרסל,יחידה,1.00,יחידה,false,0,19.90,19.90,true,1,
7296073188520,false,נייר סנדביץ,,PL,נייר סנדביץ,יחידה,1.00,יחידה,false,0,11.70,11.70,true,1,
7296073188674,false,חטיפי קרקר,,,חטיפי קרקר,גרמים,350.00,100 גרם,false,0,8.90,2.54,true,1,
7296073188704,false,חטיפי קרקר,,,חטיפי קרקר,גרמים,300.00,100 גרם,false,0,8.90,2.97,true,1,
7296073188711,false,חטיפי קרקר,,,חטיפי קרקר,גרמים,350.00,100 גרם,false,0,8.90,2.54,true,1,
7296073189282,false,פולי סויה בקליפה 450גרם,LTD NEWLAND,CN,פולי סויה,גרמים,450.00,100 גרם,false,0,11.90,2.64,true,1,
7296073189398,false,"פחם 2 ק""ג ""יש""",,,"פחם 2 ק""ג ""יש""",קילוגרמים,2.00,"ק""ג",false,0,10.10,5.05,true,1,
7296073189541,false,קרקר עם זעתר,,IL,קרקר עם זעתר,גרמים,220.00,100 גרם,false,0,6.40,2.91,true,1,
7296073189558,false,קרקר מלוח,,IL,קרקר מלוח,גרמים,220.00,100 גרם,false,0,6.40,2.91,true,1,
7296073189572,false,פקאן סיני 200גרם שופרסל,שקרצי,IL,פקאן סיני 200גרם,גרמים,200.00,100 גרם,false,0,24.90,12.45,true,1,
7296073189589,false,פקאן טבעי 200גרם שופרסל,שקרצי,IL,פקאן טבעי 200גרם,גרמים,200.00,100 גרם,false,0,25.90,12.95,true,1,
7296073189602,false,בוטן מטוגן 400גרם שופרסל,שקרצי,IL,בוטן מטוגן,גרמים,400.00,100 גרם,false,0,15.90,3.98,true,1,
7296073189671,false,ג.דלעת קלוף 150גרם שופרס,ששון,IL,גרעין דלעת 150ג,גרמים,150.00,100 גרם,false,0,13.80,9.20,true,1,
7296073189893,false,פולי סויה בקליפה שופרסל,LTD NEWLAND,CN,פולי סויה,קילוגרמים,1.00,"ק""ג",false,0,19.70,19.70,true,1,
7296073190783,false,מדליק פחמים,,DE,מדליק פחמים,יחידה,1.00,יחידה,false,0,6.80,6.80,true,1,
7296073191162,false,יין אדום מתוק קדרון650מל,הכורמים,IL,יין אדום קדרון,מיליליטרים,650.00,"100 מ""ל",false,0,14.40,2.22,true,1,
7296073191230,false,מפת שולחן פלסטיק,,IL,מפת שולחן פלסטיק,יחידה,1.00,יחידה,false,0,6.10,6.10,true,1,
7296073191261,false,תחתיות ארטישוק שופר390גר,Raal El Conservas,ES,תחתיות ארטישוק,גרמים,390.00,100 גרם,false,0,8.30,2.13,true,1,
7296073191421,false,קפה טורקי 4 יח,,IL,קפה טורקי 4 יח,גרמים,400.00,100 גרם,false,0,17.90,4.48,true,1,
7296073191445,false,ג'ל מסיר כתמים,,IL,ג'ל מסיר כתמים,ליטרים,3.00,ליטר,false,0,22.70,7.57,true,1,
7296073191452,false,מסיר כתמים מרסס,,IL,מסיר כתמים מרסס,מיליליטרים,750.00,"100 מ""ל",false,0,9.80,1.31,true,1,
7296073192633,false,שעועית לבנה שופרסל 800גר,פרי גליל,GB,שעועית לבנה,גרמים,800.00,100 גרם,false,0,16.80,2.10,true,1,
7296073192657,false,גרגרי חומוס שופרסל 800גר,פרי גליל,GB,גרגרי חומוס,גרמים,800.00,100 גרם,false,0,15.80,1.98,true,1,
7296073193791,false,ברוקולי שטוף 400גרם,פרסקו,IL,ברוקולי שטוף,גרמים,400.00,100 גרם,false,0,15.00,3.75,true,1,
7296073195122,false,דייסת אורז שופרסל200גרם,שופרסל,IL,דייסת אורז,גרמים,200.00,100 גרם,false,0,9.80,4.90,true,1,
7296073195139,false,דייסת סולת שופרסל 200גרם,שופרסל,IL,דייסת סולת,גרמים,200.00,100 גרם,false,0,9.80,4.90,true,1,
7296073195146,false,דייסת שיבולת שופרסל200,שופרסל,IL,דייסת שיבולת,גרמים,200.00,100 גרם,false,0,9.80,4.90,true,1,
7296073195191,false,טחינה שומשום מלא גרין500,"אחדות בע""מ א.ת. ברקן",IL,טחינה שומשום מלא,גרמים,500.00,100 גרם,false,0,16.50,3.30,true,1,
7296073195207,false,טחינה אורגנית גרין 500גר,"אחדות בע""מ א.ת. ברקן",IL,טחינה אורגנית,גרמים,500.00,100 גרם,false,0,16.50,3.30,true,1,
7296073195245,false,חלווה אורגנית גרין 300גר,"אחדות בע""מ א.ת. ברקן",IL,חלווה אורגנית,גרמים,300.00,100 גרם,false,0,13.80,4.60,true,1,
7296073195252,false,פריכיות אורז מלא,,IL,פריכיות אורז מלא,גרמים,100.00,100 גרם,false,0,6.80,6.80,true,1,
7296073195894,false,אטריות דקיקות שופרסל400ג,שיבולים בני דרום,IL,אטריות דקיקות,גרמים,400.00,100 גרם,false,0,4.90,1.23,true,1,
7296073195917,false,אטריות בינוניות 400 גרם,שיבולים בני דרום,IL,אטריות בינוניות,גרמים,400.00,100 גרם,false,0,4.90,1.23,true,1,
7296073195924,false,אטריות רחבות שופרסל400ג,שיבולים בני דרום,IL,אטריות דקות,גרמים,400.00,100 גרם,false,0,4.90,1.23,true,1,
7296073197461,false,שוקולד חלב 3 יח,,CH,שוקולד חלב 3 יח,גרמים,300.00,100 גרם,false,0,10.00,3.33,true,1,
7296073197478,false,שוקולד מריר 3 יח,,CH,שוקולד מריר 3 יח,גרמים,300.00,100 גרם,false,0,10.00,3.33,true,1,
7296073197560,false,מסטיק אבטיח,,CH,מסטיק אבטיח,גרמים,44.00,100 גרם,false,0,4.30,9.77,true,1,
7296073197577,false,מסטיק תותי פרוטי,,CH,מסטיק תותי פרוטי,גרמים,44.00,100 גרם,false,0,4.30,9.77,true,1,
7296073197652,false,ארוחת אטריות בטעם ירקות,LTD EVERGLORY,CN,ארוחת אטריות,גרמים,65.00,100 גרם,false,0,3.90,6.00,true,1,
7296073197669,false,ארחת אטריות בטעם בקר65ג,LTD EVERGLORY,CN,ארוחת אטריות,גרמים,65.00,100 גרם,false,0,3.90,6.00,true,1,
7296073197676,false,ארוחת אטריות בטעם עוף65ג,LTD EVERGLORY,CN,ארוחת אטריות,גרמים,65.00,100 גרם,false,0,3.90,6.00,true,1,
7296073199014,false,נודלס דק להקפצה 400 גרם,INDUSTRY ANLIDA LONGHAI FUJIAN,CN,נודלס דק להקפצה,גרמים,400.00,100 גרם,false,0,9.80,2.45,true,1,
7296073199274,false,קמח חיטה מלאה,,IL,קמח חיטה מלאה,קילוגרמים,1.00,"ק""ג",false,0,8.80,8.80,true,1,
7296073199380,false,רוטב צ'ילי מתוק שופר810ג,תאי פרידה אינדסטרי,TH,רוטב צ'ילי מתוק,גרמים,810.00,100 גרם,false,0,12.80,1.58,true,1,
7296073200987,false,פטריות חתוכות 3 * 400 גר,פרוצ'אמפ,DE,פטריות חתוכות3יח,קילוגרמים,1.20,"ק""ג",false,0,10.90,9.08,true,1,
7296073201410,false,נודלס רחב להקפצה 400ג,פרוצ'אמפ,CN,נודלס רחב להקפצה,גרמים,400.00,100 גרם,false,0,9.80,2.45,true,1,
7296073201427,false,סילאן 350 גרם,,IL,סילאן 350 גרם,גרמים,350.00,100 גרם,false,0,8.80,2.51,true,1,
7296073201434,false,סילאן שופרסל,,IL,סילאן שופרסל,גרמים,900.00,100 גרם,false,0,13.80,1.53,true,1,
7296073202479,false,שוקולד מריר 6 יח,,CH,שוקולד מריר 6 יח,גרמים,600.00,100 גרם,false,0,22.90,3.82,true,1,
7296073202493,false,שוקולד חלב 6 יח,,CH,שוקולד חלב 6 יח,גרמים,600.00,100 גרם,false,0,22.90,3.82,true,1,
7296073203391,false,"מיקס מזון לכלבים 3 ק""ג",EFFEFFE,IT,מיקס מזון לכלבים,קילוגרמים,3.00,"ק""ג",false,0,34.90,11.63,true,1,
7296073203407,false,"מיקס מזון לכלבים 12 ק""ג",EFFEFFE,IT,מיקס מזון לכלבים,קילוגרמים,12.00,"ק""ג",false,0,99.90,8.33,true,1,
7296073204640,false,בוטן אמריקאי200ג שופרסל,ששון,IL,בוטנים אמריקאים,גרמים,200.00,100 גרם,false,0,7.80,3.90,true,1,
7296073204879,false,שניצל תירס שופרסל 750גרם,תפוגן,IL,שניצל תירס,גרמים,750.00,100 גרם,false,0,18.90,2.52,true,1,
7296073204886,false,חטיפי תירס שופרסל 600גרם,תפוגן,IL,חטיפי תירס,גרמים,600.00,100 גרם,false,0,18.70,3.12,true,1,
7296073205081,false,מיונז,,IL,מיונז,גרמים,500.00,100 גרם,false,0,6.90,1.38,true,1,
7296073205111,false,"ניוקי תפו""א",,IT,"ניוקי תפו""א",גרמים,500.00,100 גרם,false,0,12.90,2.58,true,1,
7296073205395,false,עגבנ.מרוסקות גרין300*2גר,פרי גליל,IL,עגבניות מרוסקות,גרמים,600.00,100 גרם,false,0,13.40,2.23,true,1,
7296073205418,false,פוסילי מלא,,IT,פוסילי מלא,גרמים,500.00,100 גרם,false,0,8.40,1.68,true,1,
7296073205692,false,רוט.עגב.שום אורג.גרין350,אלת'אה אס.פי.איי,IT,רוטבעגבניות שום,גרמים,350.00,100 גרם,false,0,13.90,3.97,true,1,
7296073205708,false,רוט.פסט.בזיליקום אורג350,אלת'אה אס.פי.איי,IT,רוטב פסטה,גרמים,350.00,100 גרם,false,0,13.90,3.97,true,1,
7296073205975,false,מסיר לק,,IL,מסיר לק,מיליליטרים,100.00,"100 מ""ל",false,0,10.20,10.20,true,1,
7296073206682,false,טונה בשמן קנולה 160*4ג,תעשיות פילטונה,IL,טונה בשמן 4 יח,גרמים,640.00,100 גרם,false,0,19.90,3.11,true,1,
7296073206989,false,משחה לתינוק שופרסל 110ג,אמיליה קוסמטיקס,IL,משחה לתינוק,גרמים,110.00,100 גרם,false,0,9.00,8.18,true,1,
7296073206996,false,קרם לתינוק שופרסל 400 מל,אמיליה קוסמטיקס,IL,קרם לתינוק,מיליליטרים,400.00,"100 מ""ל",false,0,9.00,2.25,true,1,
7296073207016,false,תח.רחצה לתינוק שופרסל750,אמיליה קוסמטיקס,IL,תחליב רחצה תינוק,מיליליטרים,750.00,"100 מ""ל",false,0,9.00,1.20,true,1,
7296073207023,false,שמפו לתינוק שופרסל 750 מ,אמיליה קוסמטיקס,IL,שמפו לתינוק,מיליליטרים,750.00,"100 מ""ל",false,0,9.00,1.20,true,1,
7296073207030,false,אל סבון לתינוק שופרסל750,אמיליה קוסמטיקס,IL,אל סבון לתינוק,מיליליטרים,750.00,"100 מ""ל",false,0,9.00,1.20,true,1,
7296073207078,false,בוטן קלוף קלוי300 שופרסל,ששון,IL,בוטן קלוף קלוי,גרמים,300.00,100 גרם,false,0,11.80,3.93,true,1,
7296073207115,false,מגבונים נשטפים,,IL,מגבונים נשטפים,יחידה,1.00,יחידה,false,0,5.90,5.90,true,1,
7296073207122,false,3 מגבונים נשטפים,,IL,3 מגבונים נשטפים,יחידה,1.00,יחידה,false,0,9.90,9.90,true,1,
7296073208624,false,סילאן לחיץ,,IL,סילאן לחיץ,גרמים,400.00,100 גרם,false,0,11.80,2.95,true,1,
7296073209225,false,"3ספוגיות קירצוף 9*72 ס""מ",פלסטו פוליש,IL,ספוגיות קירצוף,יחידה,1.00,יחידה,false,0,7.90,7.90,true,1,
7296073209249,false,ספגיות קירצוף 6 יחידות,פלסטו פוליש,IL,ספוגיות קירצוף,יחידה,1.00,יחידה,false,0,4.90,4.90,true,1,
7296073209829,false,פטריות חתוכות דל נתרן400,פרוצ'אמפ,NL,פטריות חתוכות,גרמים,400.00,100 גרם,false,0,5.80,1.45,true,1,
7296073209928,false,בייגלה שטוח,,IL,בייגלה שטוח,גרמים,300.00,100 גרם,false,0,7.90,2.63,true,1,
7296073209935,false,בייגלה שטוח,,IL,בייגלה שטוח,גרמים,300.00,100 גרם,false,0,7.90,2.63,true,1,
7296073211488,false,"טחינה אורגנית גרין 1 ק""ג","אחדות בע""מ א.ת. ברקן",IL,טחינה אורגנית,קילוגרמים,1.00,"ק""ג",false,0,32.90,32.90,true,1,
7296073211624,false,"פילה אמנון ק""ג",שופרסל,CN,פילה אמנון,קילוגרמים,0.00,"ק""ג",true,0,39.90,39.90,true,1,
7296073211822,false,"רוטב סויה לבישול 700 מ""ל",תאי פרידה אינדסטרי,TH,רוטב סויה,מיליליטרים,700.00,"100 מ""ל",false,0,12.80,1.83,true,1,
7296073211969,false,וופל בלגי שופרסל 200 גרם,גילרו,IL,וופל בלגי,גרמים,200.00,100 גרם,false,0,4.00,2.00,true,1,
7296073212119,false,מרק טעם עוף שופרסל400ג,פרי גליל,IL,מרק טעם עוף,גרמים,400.00,100 גרם,false,0,9.80,2.45,true,1,
7296073213949,false,ג'ל כביסה מרוכז,,IL,ג'ל כביסה מרוכז,ליטרים,3.00,ליטר,false,0,21.70,7.23,true,1,
7296073214113,false,חצאי משמש בסירופ,,CN,חצאי משמש בסירופ,גרמים,820.00,100 גרם,false,0,8.80,1.07,true,1,
7296073214120,false,חתיכות אננס,,TH,חתיכות אננס,גרמים,850.00,100 גרם,false,0,6.20,0.73,true,1,
7296073214137,false,פלחי אפרסקים,,CN,פלחי אפרסקים,גרמים,820.00,100 גרם,false,0,7.90,0.96,true,1,
7296073214144,false,פלחי אפרסקים,,IL,פלחי אפרסקים,גרמים,312.00,100 גרם,false,0,4.90,1.57,true,1,
7296073215868,false,כורכום במיכל,,IL,כורכום במיכל,גרמים,400.00,100 גרם,false,0,21.70,5.43,true,1,
7296073215875,false,כמון טחון,,IL,כמון טחון,גרמים,100.00,100 גרם,false,0,7.70,7.70,true,1,
7296073215899,false,כמון טחון,,IL,כמון טחון,גרמים,100.00,100 גרם,false,0,10.80,10.80,true,1,
7296073215905,false,כמון טחון,,IL,כמון טחון,גרמים,400.00,100 גרם,false,0,25.00,6.25,true,1,
7296073215912,false,קנמון טחון,,IL,קנמון טחון,גרמים,100.00,100 גרם,false,0,6.30,6.30,true,1,
7296073215936,false,קנמון טחון,,IL,קנמון טחון,גרמים,80.00,100 גרם,false,0,6.90,8.63,true,1,
7296073215943,false,אורגנו בשקית,,IL,אורגנו בשקית,גרמים,20.00,100 גרם,false,0,5.30,26.50,true,1,
7296073215967,false,שוםגבישי,,IL,שוםגבישי,גרמים,100.00,100 גרם,false,0,9.50,9.50,true,1,
7296073215981,false,אבקת שום,,IL,אבקת שום,גרמים,90.00,100 גרם,false,0,8.20,9.11,true,1,
7296073216001,false,תערובת תיבול עוף,,IL,תערובת תיבול עוף,גרמים,100.00,100 גרם,false,0,6.90,6.90,true,1,
7296073216018,false,תערובת תיבול,,IL,תערובת תיבול,גרמים,100.00,100 גרם,false,0,7.70,7.70,true,1,
7296073216025,false,תערובת תיבול,,IL,תערובת תיבול,גרמים,100.00,100 גרם,false,0,9.80,9.80,true,1,
7296073216032,false,תערובת גריל עוף,,IL,תערובת גריל עוף,גרמים,150.00,100 גרם,false,0,10.80,7.20,true,1,
7296073216056,false,תיבול לשווארמה,,IL,תיבול לשווארמה,גרמים,100.00,100 גרם,false,0,7.70,7.70,true,1,
7296073216063,false,חוואג' למרק,,IL,חוואג' למרק,גרמים,100.00,100 גרם,false,0,7.70,7.70,true,1,
7296073216070,false,פטרוזיליה תבלין,,IL,פטרוזיליה תבלין,גרמים,20.00,100 גרם,false,0,6.40,32.00,true,1,
7296073216117,false,אבקת קרי,,IL,אבקת קרי,גרמים,100.00,100 גרם,false,0,5.60,5.60,true,1,
7296073216131,false,טימין,,IL,טימין,גרמים,20.00,100 גרם,false,0,6.70,33.50,true,1,
7296073216148,false,פלפל שחור טחון,,IL,פלפל שחור טחון,גרמים,100.00,100 גרם,false,0,12.20,12.20,true,1,
7296073216155,false,פלפל שחור,,IL,פלפל שחור,גרמים,40.00,100 גרם,false,0,9.90,24.75,true,1,
7296073216162,false,פלפל שחור,,IL,פלפל שחור,גרמים,100.00,100 גרם,false,0,12.90,12.90,true,1,
7296073216186,false,פלפל שחור,,IL,פלפל שחור,גרמים,40.00,100 גרם,false,0,8.90,22.25,true,1,
7296073216216,false,פלפל לבן,,IL,פלפל לבן,גרמים,40.00,100 גרם,false,0,10.90,27.25,true,1,
7296073216230,false,פפריקה מתוקה,,IL,פפריקה מתוקה,גרמים,40.00,100 גרם,false,0,6.90,17.25,true,1,
7296073216247,false,פפריקה מתוקה,,IL,פפריקה מתוקה,גרמים,100.00,100 גרם,false,0,10.80,10.80,true,1,
7296073216261,false,פפריקה מתוקה,,IL,פפריקה מתוקה,גרמים,80.00,100 גרם,false,0,6.10,7.63,true,1,
7296073216285,false,פפריקה מתוקה,,IL,פפריקה מתוקה,גרמים,400.00,100 גרם,false,0,22.80,5.70,true,1,
7296073216308,false,פפריקה חריפה,,IL,פפריקה חריפה,גרמים,100.00,100 גרם,false,0,10.80,10.80,true,1,
7296073216315,false,מלח לימון,,IL,מלח לימון,גרמים,100.00,100 גרם,false,0,6.60,6.60,true,1,
7296073216322,false,מלח לימון,,IL,מלח לימון,גרמים,170.00,100 גרם,false,0,9.80,5.76,true,1,
7296073216339,false,מלח לימון,,IL,מלח לימון,גרמים,700.00,100 גרם,false,0,22.70,3.24,true,1,
7296073218159,false,תיבול לקציצות,,IL,תיבול לקציצות,גרמים,100.00,100 גרם,false,0,5.60,5.60,true,1,
7296073218173,false,תיבול גריל דג,,IL,תיבול גריל דג,גרמים,100.00,100 גרם,false,0,5.60,5.60,true,1,
7296073218234,false,סוכר חום אורגני,,IL,סוכר חום אורגני,קילוגרמים,1.00,"ק""ג",false,0,11.80,11.80,true,1,
7296073218661,false,מטליות לרצפה 3יח,,CN,מטליות לרצפה 3יח,יחידה,1.00,יחידה,false,0,19.70,19.70,true,1,
7296073218753,false,פתי בר,,NL,פתי בר,גרמים,500.00,100 גרם,false,0,8.90,1.78,true,1,
7296073218807,false,בישקוטים,,IT,בישקוטים,גרמים,200.00,100 גרם,false,0,5.00,2.50,true,1,
7296073218920,false,לחם אחיד פרוס שופרסל 750,מאפיית שלמה א. אנג'ל,IL,לחם אחיד פרוס,גרמים,750.00,100 גרם,false,0,5.70,0.76,true,1,
7296073219088,false,מיונז אמיתי 1 קג,,IL,מיונז אמיתי 1 קג,קילוגרמים,1.00,"ק""ג",false,0,13.90,13.90,true,1,
7296073219101,false,אבקת כביסה,,IL,אבקת כביסה,קילוגרמים,7.00,"ק""ג",false,0,39.60,5.66,true,1,
7296073219118,false,אבקת כביסה,,IL,אבקת כביסה,קילוגרמים,2.50,"ק""ג",false,0,15.90,6.36,true,1,
7296073219149,false,פירורי לחם מוזהב,,IL,פירורי לחם מוזהב,גרמים,350.00,100 גרם,false,0,6.90,1.97,true,1,
7296073219156,false,פירורי לחם לבן,,IL,פירורי לחם לבן,גרמים,350.00,100 גרם,false,0,5.90,1.69,true,1,
7296073219255,false,קפה נמס,,IL,קפה נמס,גרמים,200.00,100 גרם,false,0,12.80,6.40,true,1,
7296073219262,false,קפה טורקי עם הל,,IL,קפה טורקי עם הל,גרמים,100.00,100 גרם,false,0,5.90,5.90,true,1,
7296073219330,false,לחם אחיד פרוס,,IL,לחם אחיד פרוס,גרמים,750.00,100 גרם,false,0,5.70,0.76,true,1,
7296073219347,false,לחם אחיד פרוס750ג שופרסל,מאפית ברמן,IL,לחם אחיד פרוס,גרמים,750.00,100 גרם,false,0,5.70,0.76,true,1,
7296073219354,false,משטח לייבוש כלים,,CN,משטח לייבוש כלים,יחידה,1.00,יחידה,false,0,8.80,8.80,true,1,
7296073219576,false,שקיות אשפה,,IL,שקיות אשפה,יחידה,1.00,יחידה,false,0,19.80,19.80,true,1,
7296073219606,false,כדורי דגנים,,IL,כדורי דגנים,גרמים,500.00,100 גרם,false,0,10.90,2.18,true,1,
7296073219668,false,עלי גפן ממולאים 400 גרם,LTD ESME,TR,עלי גפן ממולאים,גרמים,400.00,100 גרם,false,0,7.50,1.88,true,1,
7296073219880,false,פודינג שוקולד,,IL,פודינג שוקולד,גרמים,95.00,100 גרם,false,0,4.50,4.74,true,1,
7296073219897,false,פודינג וניל,,IL,פודינג וניל,גרמים,80.00,100 גרם,false,0,4.50,5.63,true,1,
7296073219903,false,ג'לי פטל,,IL,ג'לי פטל,גרמים,85.00,100 גרם,false,0,5.00,5.88,true,1,
7296073219910,false,ג'לי משמש,,IL,ג'לי משמש,גרמים,85.00,100 גרם,false,0,5.00,5.88,true,1,
7296073219941,false,חטיף דגנים שוקו+שוק23*6ג,back and Snack,AT,חטיף דגנים,גרמים,138.00,100 גרם,false,0,9.90,7.17,true,1,
7296073219958,false,חט.דגנים שוקו+מריר23*6ג,back and Snack,AT,חטיף דגנים,גרמים,138.00,100 גרם,false,0,9.90,7.17,true,1,
7296073219965,false,חט.דגנים שוק.חלב+בוט23*6,back and Snack,AT,חטיף בוטנים,גרמים,138.00,100 גרם,false,0,9.90,7.17,true,1,
7296073220008,false,ממתיק על בסיס סוכרלוז100,"ביסקול בע""מ",IL,ממתיק סוכרלוז,גרמים,100.00,100 גרם,false,0,17.50,17.50,true,1,
7296073220022,false,אבקת קקאו,,IL,אבקת קקאו,גרמים,150.00,100 גרם,false,0,5.90,3.93,true,1,
7296073220084,false,שוקולד חלב במילו,,CH,שוקולד חלב במילו,גרמים,100.00,100 גרם,false,0,5.00,5.00,true,1,
7296073220121,false,חטיפי קרח,,IL,חטיפי קרח,ליטרים,2.10,ליטר,false,0,9.90,4.71,true,1,
7296073220176,false,מרשמלו ורוד לבן,,IL,מרשמלו ורוד לבן,גרמים,180.00,100 גרם,false,0,5.90,3.28,true,1,
7296073220183,false,עוגיות שוקוצ'יפס,,DE,עוגיות שוקוצ'יפס,גרמים,225.00,100 גרם,false,0,7.90,3.51,true,1,
7296073220275,false,וופל ט.שוקולד שופרסל500ג,מנעמים,IL,וופל טעם שוקולד,גרמים,500.00,100 גרם,false,0,8.90,1.78,true,1,
7296073220398,false,חטיפי קרח,,IL,חטיפי קרח,מיליליטרים,800.00,"100 מ""ל",false,0,6.50,0.81,true,1,
7296073220404,false,פטל אדום קפוא שופרסל 300,d.o.o Lukowa,YU,פטל אדום,גרמים,300.00,100 גרם,false,0,16.90,5.63,true,1,
7296073220411,false,אוכמניות קפוא שופרסל 300,d.o.o Lukowa,YU,אוכמניות,גרמים,300.00,100 גרם,false,0,16.90,5.63,true,1,
7296073220428,false,חמוציות קפוא שופרסל 300,d.o.o Lukowa,IL,חמוציות,גרמים,300.00,100 גרם,false,0,16.90,5.63,true,1,
7296073220435,false,מיקס פירות יער קפוא 300,d.o.o Lukowa,YU,מיקס פירות יער,גרמים,300.00,100 גרם,false,0,16.90,5.63,true,1,
7296073220442,false,דובדבן קפוא שופרסל 300גר,d.o.o Lukowa,YU,דובדבן,גרמים,300.00,100 גרם,false,0,16.90,5.63,true,1,
7296073220480,false,מרשמלו מסולסל,,IL,מרשמלו מסולסל,גרמים,180.00,100 גרם,false,0,5.90,3.28,true,1,
7296073221319,false,"כף קרם ח""פ 100 יח'",.,IL,"כף קרם ח""פ",יחידה,1.00,יחידה,false,0,7.90,7.90,true,1,
7296073221333,false,"מזלג קרם ח""פ 100 יח'",.,IL,"מזלג קרם ח""פ",יחידה,1.00,יחידה,false,0,7.90,7.90,true,1,
7296073221340,false,"סכין קרם ח""פ 100 יח'",.,IL,"סכין קרם ח""פ",יחידה,1.00,יחידה,false,0,7.90,7.90,true,1,
7296073221661,false,"סוכריות לל""ס לימון 80גרם",טופגאם,IL,סוכריות ללא סוכר,גרמים,80.00,100 גרם,false,0,5.90,7.38,true,1,
7296073221791,false,וופל בטעם אגוזים 400 גרם,מנעמים,IL,וופל אגוזים,גרמים,400.00,100 גרם,false,0,8.90,2.23,true,1,
7296073222200,false,פסטרמה הודו על גחלים שופ,מעדני יחיעם,IL,פסטרמה הודו,גרמים,300.00,100 גרם,false,0,19.90,6.63,true,1,
7296073222217,false,צמד חמד שופרסל 600 גרם,מעדני יחיעם,IL,צמד חמד נקניק,גרמים,600.00,100 גרם,false,0,21.90,3.65,true,1,
7296073222224,false,פסטרמה ברביקיו דק דק140ג,מעדני יחיעם,IL,פסטרמה ברביקיו,גרמים,140.00,100 גרם,false,0,10.90,7.79,true,1,
7296073222231,false,פסטרמה בדבש דק דק 140 גר,מעדני יחיעם,IL,פסטרמה בדבש,גרמים,140.00,100 גרם,false,0,10.90,7.79,true,1,
7296073222248,false,כתף בקר דק דק שופרסל 140,מעדני יחיעם,IL,כתף בקר דק דק,גרמים,140.00,100 גרם,false,0,10.90,7.79,true,1,
7296073222255,false,סלמי מעושן שופרסל 400 גר,מעדני יחיעם,IL,סלמי מעושן,גרמים,400.00,100 גרם,false,0,21.90,5.48,true,1,
7296073222262,false,קבנוס שופרסל 100 גרם,מעדני יחיעם,IL,קבנוס,גרמים,100.00,100 גרם,false,0,7.90,7.90,true,1,
7296073222279,false,נקניקיות וינר שופרסל 1קג,מעדני יחיעם,IL,נקניקיות וינר,קילוגרמים,1.00,"ק""ג",false,0,22.80,22.80,true,1,
7296073222309,false,ג'חנון קפוא שופרסל 650 ג,אופרה,IL,ג'חנון קפוא שופר,גרמים,650.00,100 גרם,false,0,11.80,1.82,true,1,
7296073222316,false,ג'חנון אפוי שופרסל 650ג,אופרה,IL,ג'חנון אפוי שופר,גרמים,650.00,100 גרם,false,0,14.80,2.28,true,1,
7296073222323,false,מלווח קפוא שופרסל700ג,אופרה,IL,מלווח קפוא שופרס,גרמים,700.00,100 גרם,false,0,11.80,1.69,true,1,
7296073222903,false,סט אוכל עגול שקו,,IL,סט אוכל עגול שקו,יחידה,1.00,יחידה,false,0,79.00,79.00,true,1,
7296073223009,false,שמן זית,,IT,שמן זית,מיליליטרים,750.00,"100 מ""ל",false,0,24.90,3.32,true,1,
7296073223061,false,תה ירוק,,LK,תה ירוק,גרמים,37.00,100 גרם,false,0,14.80,40.00,true,1,
7296073223078,false,תה ירוק,,LK,תה ירוק,גרמים,37.00,100 גרם,false,0,14.80,40.00,true,1,
7296073223108,false,תה ארל גריי 25שק,,LK,תה ארל גריי 25שק,גרמים,37.00,100 גרם,false,0,7.50,20.27,true,1,
7296073223115,false,תה קלאסי,,LK,תה קלאסי,גרמים,150.00,100 גרם,false,0,7.90,5.27,true,1,
7296073223993,false,מזון חתולים,,IL,מזון חתולים,גרמים,400.00,100 גרם,false,0,6.90,1.73,true,1,
7296073224006,false,מזון חתולים,,FR,מזון חתולים,גרמים,400.00,100 גרם,false,0,6.90,1.73,true,1,
7296073224013,false,מזון חתולים,,FR,מזון חתולים,גרמים,400.00,100 גרם,false,0,6.90,1.73,true,1,
7296073224020,false,מזון חתולים,,FR,מזון חתולים,גרמים,400.00,100 גרם,false,0,6.90,1.73,true,1,
7296073224037,false,מזון כלבים,,FR,מזון כלבים,גרמים,400.00,100 גרם,false,0,6.80,1.70,true,1,
7296073224044,false,מזון לכלב,,FR,מזון לכלב,גרמים,400.00,100 גרם,false,0,6.80,1.70,true,1,
7296073224051,false,מזון כלבים,,FR,מזון כלבים,גרמים,400.00,100 גרם,false,0,6.80,1.70,true,1,
7296073224228,false,דבש טבעי,,IL,דבש טבעי,קילוגרמים,1.00,"ק""ג",false,0,37.90,37.90,true,1,
7296073224402,false,גרגירי חומוס,,IL,גרגירי חומוס,גרמים,500.00,100 גרם,false,0,10.80,2.16,true,1,
7296073224419,false,שומשום מלא,,IL,שומשום מלא,גרמים,100.00,100 גרם,false,0,4.90,4.90,true,1,
7296073224471,false,עדשים אדומות,,IL,עדשים אדומות,גרמים,500.00,100 גרם,false,0,10.80,2.16,true,1,
7296073224525,false,שיבולת שועל,,IL,שיבולת שועל,גרמים,500.00,100 גרם,false,0,10.80,2.16,true,1,
7296073224563,false,סלט טחינה שופרסל 400 גרם,סלטי שמיר,IL,סלט טחינה,גרמים,400.00,100 גרם,false,0,8.50,2.13,true,1,
7296073224570,false,חומוס אסלי שופרסל 400גרם,סלטי שמיר,IL,חומוס אסלי,גרמים,400.00,100 גרם,false,0,8.50,2.13,true,1,
7296073224587,false,כרוב אדום שופרסל 400 גרם,סלטי שמיר,IL,סלט כרוב אדום,גרמים,400.00,100 גרם,false,0,8.50,2.13,true,1,
7296073224594,false,סלט חציל במיונז שופר400ג,סלטי שמיר,IL,סלט חצילים מיונז,גרמים,400.00,100 גרם,false,0,8.50,2.13,true,1,
7296073224600,false,"חומוס שופרסל 1 ק""ג",סלטי שמיר,IL,סלט חומוס,קילוגרמים,1.00,"ק""ג",false,0,9.90,9.90,true,1,
7296073224631,false,"אורז פרסי שופרסל 1 ק""ג",ltd co produce Uthai,TH,אורז פרסי,קילוגרמים,1.00,"ק""ג",false,0,5.90,5.90,true,1,
7296073224648,false,"אורז פרסי שופרסל 5 ק""ג",ltd co produce Uthai,TH,"אורז פרסי 5 ק""ג",קילוגרמים,5.00,"ק""ג",false,0,24.70,4.94,true,1,
7296073224662,false,12ביצים חופש אורגניות M,חוות גבעות עולם,IL,ביצי חופש 12 יח,יחידה,1.00,יחידה,false,0,21.90,21.90,true,1,
7296073224761,false,חליטת נענע שופרסל 25שק,רפאלס,DE,חליטת נענע,גרמים,50.00,100 גרם,false,0,10.00,20.00,true,1,
7296073224785,false,חליטת קמומיל שופרסל 25שק,רפאלס,DE,חליטת קמומיל,גרמים,37.00,100 גרם,false,0,10.00,27.03,true,1,
7296073224792,false,ג'ל כביסה קפס,,IL,ג'ל כביסה קפס,יחידה,1.00,יחידה,false,0,11.90,11.90,true,1,
7296073224808,false,ג'ל כביסה שופרסל,,IL,ג'ל כביסה שופרסל,יחידה,1.00,יחידה,false,0,19.80,19.80,true,1,
7296073224815,false,מרכך מרוכז כחול,,IL,מרכך מרוכז כחול,ליטרים,1.00,ליטר,false,0,8.90,8.90,true,1,
7296073224822,false,מרכך מרוכז ורוד,,IL,מרכך מרוכז ורוד,ליטרים,1.00,ליטר,false,0,8.90,8.90,true,1,
7296073224846,false,מרכך מרוכז סגול,,IL,מרכך מרוכז סגול,ליטרים,1.00,ליטר,false,0,8.90,8.90,true,1,
7296073224891,false,אפונה ירוקה קפואה שופרסל,ARDO,BE,אפונה ירוקה,גרמים,800.00,100 גרם,false,0,11.90,1.49,true,1,
7296073224907,false,אפונה וגזר שופרסל 800גרם,ARDO,BE,אפונה וגזר,גרמים,800.00,100 גרם,false,0,13.80,1.73,true,1,
7296073224921,false,פלסטרים שקופים,,IL,פלסטרים שקופים,יחידה,1.00,יחידה,false,0,6.80,6.80,true,1,
7296073225010,false,ריבועי דגנים+קינמון500גר,פודס,LT,ריבועי דגנים,גרמים,500.00,100 גרם,false,0,10.90,2.18,true,1,
7296073225072,false,לחמניות שופרסל 6יח75*גר,מאפיית שלמה א. אנג'ל,IL,לחמניות 6יחידות,גרמים,450.00,100 גרם,false,0,8.90,1.98,true,1,
7296073225157,false,עוגת שמרים עם פרג 400גרם,גידרון,IL,עוגת שמרים,גרמים,400.00,100 גרם,false,0,13.80,3.45,true,1,
7296073225218,false,משמש מיובש 200גרם שופרסל,SA AKCA OSMAN,IL,משמש מארז 200גרם,גרמים,200.00,100 גרם,false,0,12.90,6.45,true,1,
7296073225249,false,ג.חמניה ללא מלח200ג שופר,ששון,IL,גרעין חמנייה,גרמים,200.00,100 גרם,false,0,6.80,3.40,true,1,
7296073225256,false,ג.חמניה ק.עפולה 200ג שופ,ששון,IL,גרעין חמנייה,גרמים,200.00,100 גרם,false,0,6.80,3.40,true,1,
7296073225270,false,עוגיות בציפוי,,IT,עוגיות בציפוי,גרמים,300.00,100 גרם,false,0,7.90,2.63,true,1,
7296073225287,false,עוגיות חיטה מלאה,,IT,עוגיות חיטה מלאה,גרמים,300.00,100 גרם,false,0,7.90,2.63,true,1,
7296073225294,false,קוסקוס דורום,,IL,קוסקוס דורום,גרמים,500.00,100 גרם,false,0,5.90,1.18,true,1,
7296073225461,false,פיצה מרגריטה 360גרם,SOCICO CON S.R.L AR,IT,פיצה מרגריטה,גרמים,360.00,100 גרם,false,0,14.90,4.14,true,1,
7296073225478,false,פיצה מרגריטה עם זיתים360,SOCICO CON S.R.L AR,IT,פיצה עם זיתים,גרמים,360.00,100 גרם,false,0,15.80,4.39,true,1,
7296073225492,false,רסק עגבניות 22% 260 גרם,פריניר,IL,רסק עגבניות,גרמים,260.00,100 גרם,false,0,3.10,1.19,true,1,
7296073225515,false,"מכסים לכוסות קפה ח""פ 50",.,CN,מכסים לכוסות קפה,יחידה,1.00,יחידה,false,0,8.90,8.90,true,1,
7296073225522,false,כוסות אספרסו חד פעמי 50,.,CN,"כוסות אספרסו ח""פ",יחידה,1.00,יחידה,false,0,5.90,5.90,true,1,
7296073225553,false,תירס בוואקום,,TH,תירס בוואקום,גרמים,340.00,100 גרם,false,0,5.00,1.47,true,1,
7296073225591,false,אורז בסמטי,,IN,אורז בסמטי,קילוגרמים,1.00,"ק""ג",false,0,12.80,12.80,true,1,
7296073225607,false,חטיפי קרקר,,IT,חטיפי קרקר,גרמים,150.00,100 גרם,false,0,6.90,4.60,true,1,
7296073225614,false,חטיפי קרקר,,IT,חטיפי קרקר,גרמים,150.00,100 גרם,false,0,6.90,4.60,true,1,
7296073225621,false,חטיפי קרקר,,IT,חטיפי קרקר,גרמים,150.00,100 גרם,false,0,6.90,4.60,true,1,
7296073225638,false,חטיפי קרקר,,IT,חטיפי קרקר,גרמים,150.00,100 גרם,false,0,6.90,4.60,true,1,
7296073225645,false,שלישיית בקבוק,,IL,שלישיית בקבוק,יחידה,1.00,יחידה,false,0,14.90,14.90,true,1,
7296073225652,false,חטיף שוקובול,,FR,חטיף שוקובול,גרמים,124.00,100 גרם,false,0,10.90,8.79,true,1,
7296073225669,false,חטיף וניל פלקס,,FR,חטיף וניל פלקס,גרמים,150.00,100 גרם,false,0,10.90,7.27,true,1,
7296073225744,false,חצילים על האש שופרסל400ג,סלטי שמיר,IL,סלט חצילים,גרמים,400.00,100 גרם,false,0,8.50,2.13,true,1,
7296073225751,false,חציל בטחינה 400 גרם,סלטי שמיר,IL,סלט חציל בטחינה,גרמים,400.00,100 גרם,false,0,8.50,2.13,true,1,
7296073225768,false,סלט מטבוחה שופרסל 400גרם,סלטי שמיר,IL,סלט מטבוחה,גרמים,400.00,100 גרם,false,0,8.50,2.13,true,1,
7296073225775,false,רצועות סלק שופרסל 400גרם,סלטי שמיר,IL,סלט סלק שופרסל,גרמים,400.00,100 גרם,false,0,8.50,2.13,true,1,
7296073226154,false,ביסקוויט שוקולד מריר125,.,DE,ביסקוויט מצופה,גרמים,125.00,100 גרם,false,0,7.80,6.24,true,1,
7296073226161,false,ביסקוויט שוקולד חלב125גר,.,DE,ביסקוויט מצופה,גרמים,125.00,100 גרם,false,0,7.80,6.24,true,1,
7296073226291,false,חיתולים שופרסל,,IL,חיתולים שופרסל,יחידה,1.00,יחידה,false,0,31.90,31.90,true,1,
7296073226307,false,חיתולים שופרסל,,IL,חיתולים שופרסל,יחידה,1.00,יחידה,false,0,31.90,31.90,true,1,
7296073226314,false,חיתולים שופרסל,,IL,חיתולים שופרסל,יחידה,1.00,יחידה,false,0,31.90,31.90,true,1,
7296073226529,false,וופל קוביות שוקולד 250גר,בלקוני,IT,וופל קוביות,גרמים,250.00,100 גרם,false,0,10.80,4.32,true,1,
7296073226543,false,אורגנו תבלין,,IL,אורגנו תבלין,גרמים,40.00,100 גרם,false,0,8.70,21.75,true,1,
7296073226550,false,דובדבנים חמוצים מגולענים,Kft Gloster,HU,דובדבנים חמוצים,גרמים,720.00,100 גרם,false,0,10.40,1.44,true,1,
7296073226680,false,חט.דגנים שוק.חלב+ביסקויט,back and Snack,IL,חטיף דגנים,גרמים,138.00,100 גרם,false,0,9.90,7.17,true,1,
7296073226963,false,סלט חומוס+גרגרים שופר400,סלטי שמיר,IL,חומוס עם גרגרים,גרמים,400.00,100 גרם,false,0,8.50,2.13,true,1,
7296073226987,false,סלט חומוס+מסבחה שופר400ג,סלטי שמיר,IL,חומוס עם מסבחה,גרמים,400.00,100 גרם,false,0,8.50,2.13,true,1,
7296073227069,false,משקה בטעם ענבים,,IL,משקה בטעם ענבים,ליטרים,1.50,ליטר,false,0,4.90,3.27,true,1,
7296073227083,false,משקה בטעם תפוח,,IL,משקה בטעם תפוח,ליטרים,1.50,ליטר,false,0,4.90,3.27,true,1,
7296073227090,false,משקה בטעם אפרסק,,IL,משקה בטעם אפרסק,ליטרים,1.50,ליטר,false,0,4.90,3.27,true,1,
7296073227786,false,ביצים 12 יח,,IL,ביצים 12 יח,יחידה,1.00,יחידה,false,0,10.55,10.55,true,1,
7296073227793,false,ביצים 12 יח,,IL,ביצים 12 יח,יחידה,1.00,יחידה,false,0,11.45,11.45,true,1,
7296073227823,false,ביצים 30 יח,,IL,ביצים 30 יח,יחידה,1.00,יחידה,false,0,28.62,28.62,true,1,
7296073228523,false,רפידות הנקה,,IL,רפידות הנקה,יחידה,1.00,יחידה,false,0,9.00,9.00,true,1,
7296073228851,false,מגבונ.ללא בישום 64*5יח,שופרסל,IL,מגבונים,יחידה,1.00,יחידה,false,0,23.90,23.90,true,1,
7296073229674,false,פטוצ'יני 500 גרם,.,IT,פטוצ'יני,גרמים,500.00,100 גרם,false,1,4.90,0.98,true,1,
7296073229681,false,12ביצים אורגניות+Mאומגה3,חוות גבעות עולם,IL,12ביצים אורגניות,יחידה,1.00,יחידה,false,0,24.90,24.90,true,1,
7296073229698,false,12ביצים אורגנ+L.אומגה3,חוות גבעות עולם,IL,ביצים אורגניות,יחידה,1.00,יחידה,false,0,24.90,24.90,true,1,
7296073229704,false,ג'ל רחצה פפאיה שופרסל750,"טרופיקל דגיל  תעשיות קוסמטיקה בע""מ",IL,ג'ל רחצה,מיליליטרים,750.00,"100 מ""ל",false,0,8.80,1.17,true,1,
7296073229728,false,ג'ל רח. אלוורה שופרסל750,"טרופיקל דגיל  תעשיות קוסמטיקה בע""מ",IL,ג'ל רחצה,מיליליטרים,750.00,"100 מ""ל",false,0,8.80,1.17,true,1,
7296073229735,false,תחליב רח.קלאסי שופרסל750,"טרופיקל דגיל  תעשיות קוסמטיקה בע""מ",IL,תחליב רחצה,מיליליטרים,750.00,"100 מ""ל",false,0,8.80,1.17,true,1,
7296073229742,false,תחליב רח.מאסק שופרסל750,"טרופיקל דגיל  תעשיות קוסמטיקה בע""מ",IL,תחליב רחצה,מיליליטרים,750.00,"100 מ""ל",false,0,8.80,1.17,true,1,
7296073229759,false,תחליב רח.ונילה שופרסל750,"טרופיקל דגיל  תעשיות קוסמטיקה בע""מ",IL,תחליב רחצה,מיליליטרים,750.00,"100 מ""ל",false,0,8.80,1.17,true,1,
7296073229872,false,קטשופ שופרסל 750 גרם,סוגל,PT,קטשופ,גרמים,750.00,100 גרם,false,0,8.80,1.17,true,1,
7296073229940,false,"אורז בסמטי בצנצנת 1 ק""ג",.,IN,אורז בסמטי,קילוגרמים,1.00,"ק""ג",false,0,10.00,10.00,true,1,
7296073229957,false,פיצוצי נוגט,,IL,פיצוצי נוגט,גרמים,750.00,100 גרם,false,0,14.90,1.99,true,1,
7296073229964,false,פיצוצי שוקו,,IL,פיצוצי שוקו,גרמים,750.00,100 גרם,false,0,14.90,1.99,true,1,
7296073230021,false,מנקה רצפות כחול 2 ליטר,קליר כימיקלים,IL,מנקה רצפות כחול,ליטרים,2.00,ליטר,false,0,13.80,6.90,true,1,
7296073230038,false,מנקה רצפות ורוד 2 ליטר,קליר כימיקלים,IL,מנקה רצפות,ליטרים,2.00,ליטר,false,0,13.80,6.90,true,1,
7296073230045,false,מנקה רצפות סגול 2 ליטר,קליר כימיקלים,IL,מנקה רצפות,ליטרים,2.00,ליטר,false,0,13.80,6.90,true,1,
7296073230069,false,מנקה רצפות פרקט 2 ליטר,קליר כימיקלים,IL,מנקה רצפות,ליטרים,2.00,ליטר,false,0,17.70,8.85,true,1,
7296073230076,false,מנקה רצפות שיש וקרמיקה2ל,קליר כימיקלים,IL,מנקה רצפות,ליטרים,2.00,ליטר,false,0,17.70,8.85,true,1,
7296073230090,false,חומוס 9% שומן שופרסל400ג,סלטי שמיר,IL,חומוס 9% שומן,גרמים,400.00,100 גרם,false,0,8.50,2.13,true,1,
7296073230106,false,"סלט תפו""א שופרסל 400 גרם",סלטי שמיר,IL,"סלט תפו""א",גרמים,400.00,100 גרם,false,0,8.50,2.13,true,1,
7296073230113,false,לפתן פירות בסירופ קל225ג,.,CN,לפתן פירות,גרמים,225.00,100 גרם,false,0,4.50,2.00,true,1,
7296073230410,false,"כוסות קפה ח""פ",,IL,"כוסות קפה ח""פ",יחידה,1.00,יחידה,false,0,7.90,7.90,true,1,
7296073230465,false,"סכינים ח""פ עבה שקוף50יח'",.,IL,50סכין עבה,יחידה,1.00,יחידה,false,0,8.90,8.90,true,1,
7296073230489,false,"מזלג ח""פ עבה שקוף 50יח'",.,IL,50 מזלג עבה,יחידה,1.00,יחידה,false,0,8.90,8.90,true,1,
7296073230502,false,ניילון נצמד 60 מטר,אופל אריזות,IL,ניילון נצמד,מטרים,60.00,מטר,false,0,10.00,0.17,true,1,
7296073230618,false,"אורז תאילנדי 1 ק""ג",ltd co produce Uthai,TH,אורז תאילנדי,קילוגרמים,1.00,"ק""ג",false,0,4.80,4.80,true,1,
7296073230663,false,מגבות נייר שופרסל 8 גל.,שניב תעשיות נייר,IL,מגבות נייר,מטרים,84.00,מטר,false,0,11.90,0.14,true,1,
7296073230700,false,אקונומיקה מבושמת 4 ליטר,קליר כימיקלים,IL,אקונומיקה מבושמת,ליטרים,4.00,ליטר,false,0,9.90,2.48,true,1,
7296073230724,false,אקונומיקה 4 ליטר,קליר כימיקלים,IL,אקונומיקה 4 ליטר,ליטרים,4.00,ליטר,false,0,8.80,2.20,true,1,
7296073230731,false,נוזל כלים 24% תפוח 750מל,קליר כימיקלים,IL,נוזל לכלים תפוח,מיליליטרים,750.00,"100 מ""ל",false,0,6.90,0.92,true,1,
7296073230755,false,מיץ ענבים תירוש 1 ליטר,יקבי ירושלים,IL,מיץ ענבים תירוש,ליטרים,1.00,ליטר,false,0,10.00,10.00,true,1,
7296073230816,false,נוזל לכלים 24% לימון750מ,קליר כימיקלים,IL,נוזל לכלים לימון,מיליליטרים,750.00,"100 מ""ל",false,0,6.90,0.92,true,1,
7296073230823,false,"מסיר לק שופרסל 150 מ""ל",ש.שוורץ,IL,מסיר לק,מיליליטרים,150.00,"100 מ""ל",false,0,9.80,6.53,true,1,
7296073230885,false,גלילי וופל קרם אגוזים100,מנעמים,IL,גלילי וופל,גרמים,100.00,100 גרם,false,1,4.90,4.90,true,1,
7296073230892,false,50כוסות קרטון,,IL,50כוסות קרטון,יחידה,1.00,יחידה,false,0,14.90,14.90,true,1,
7296073230939,false,מים מינרלים שופרסל1.5*6ל,LTD TRADE NOVA,BG,מים שופרסל 6 יח,ליטרים,9.00,ליטר,false,0,9.90,1.10,true,1,
7296073230960,false,קרקר+מלח אורגני גרין250ג,נובה אינדסטריה,IT,קרקר עם מלח,גרמים,250.00,100 גרם,false,1,13.90,5.56,true,1,
7296073230977,false,קרקר+שומשום רוזמרין גרין,נובה אינדסטריה,IT,קרקר שומשום,גרמים,250.00,100 גרם,false,1,13.90,5.56,true,1,
7296073231240,false,חט.פריכיות שוקו חלב18*5ג,בנליין פודס,YU,חטיף פריכיות,גרמים,90.00,100 גרם,false,1,8.90,9.89,true,1,
7296073231271,false,מרכ.כביסה ורוד שופרסל 4ל,גליל כימיקלים,IL,מרכך כביסה,ליטרים,4.00,ליטר,false,1,14.90,3.73,true,1,
7296073231288,false,מרכך כביסה סגול 4 ליטר,גליל כימיקלים,IL,מרכך כביסה,ליטרים,4.00,ליטר,false,1,14.90,3.73,true,1,
7296073231295,false,מרכ.כביסה כחול שופרסל 4ל,גליל כימיקלים,IL,מרכך כביסה,ליטרים,4.00,ליטר,false,1,14.90,3.73,true,1,
7296073231455,false,"גביעי גלידה ללת""ס 24 יח",מנעמים,IL,גביעי גלידה,יחידה,1.00,יחידה,false,1,10.80,10.80,true,1,
7296073231547,false,חלב 1% בקרטון שופרסל 1ל,מחלבות רמת הגולן,IL,חלב 1% קרטון 1ל',ליטרים,1.00,ליטר,false,1,5.00,5.00,true,1,
7296073231554,false,חלב 3% בקרטון שופרסל 1ל,מחלבות רמת הגולן,IL,חלב 3% קרטון 1ל',ליטרים,1.00,ליטר,false,1,5.10,5.10,true,1,
7296073231769,false,חול לחתולים נטול ריח10ק,בנטס בנטוניט,TR,חול לחתלים,קילוגרמים,10.00,"ק""ג",false,1,54.90,5.49,true,1,
7296073232377,false,חלב1% נטול לקטוז גרין1ל,מחלבת רמת-הגולן,IL,חלב נטול לקטוז,ליטרים,1.00,ליטר,false,1,7.90,7.90,true,1,
7296073232384,false,שוקו נטול לקטוז1%גרין1ל,מחלבת רמת-הגולן,IL,שוקו נטול לקטוז,ליטרים,1.00,ליטר,false,1,7.90,7.90,true,1,
7296073232629,false,מרגרינה ללא מלח 200 גרם,בסלר גידה וה קימייה סאן,TR,מרגרינה ללא מלח,גרמים,200.00,100 גרם,false,1,3.80,1.90,true,1,
7296073232636,false,מרגרינה בטעם חמאה 200 גר,בסלר גידה וה קימייה סאן,TR,מרגרינה ט.חמאה,גרמים,200.00,100 גרם,false,1,3.80,1.90,true,1,
7296073232643,false,חטיפי וופל קרם אגוזים150,חברת איבר קקאו,ES,חטיפי וופל,גרמים,150.00,100 גרם,false,1,9.80,6.53,true,1,
7296073233299,false,"משק""ל תפוזים 1.5 ליטר","ס.משלב יזמות בע""מ",IL,"משק""ל תפוזים",ליטרים,1.50,ליטר,false,1,4.90,3.27,true,1,
7296073233305,false,"משק""ל ענבים 1.5 ליטר","ס.משלב יזמות בע""מ",IL,"משק""ל ענבים",ליטרים,1.50,ליטר,false,1,4.90,3.27,true,1,
7296073234111,false,עוגיות מרוקאיות מקלות600,גידרון,IL,עוגיות מרוקאיות,גרמים,600.00,100 גרם,false,1,13.90,2.32,true,1,
7296073234661,false,חטיף בוטנים שופרסל 25 גר,חטיפי העמק,IL,חטיף בוטנים,גרמים,25.00,100 גרם,false,1,1.70,6.80,true,1,
7296073234678,false,חטיף בוטנים שופרסל 80 גר,חטיפי העמק,IL,חטיף בוטנים,גרמים,80.00,100 גרם,false,1,2.90,3.63,true,1,
7296073234685,false,חטיף בוטנים 10 * 25גר,חטיפי העמק,IL,חטיף בוטנים 10יח,גרמים,250.00,100 גרם,false,1,10.00,4.00,true,1,
7296073234692,false,חטיף חיטה בטעם גריל 70ג,מנה,IL,חטיף חיטה גריל,גרמים,70.00,100 גרם,false,1,3.40,4.86,true,1,
7296073234708,false,חטיף בטעם גריל 200 גרם,מנה,IL,חטיף בטעם גריל,גרמים,200.00,100 גרם,false,1,5.90,2.95,true,1,
7296073234715,false,חטיף חיטה בטעם בצל 70גרם,מנה,IL,חטיף חיטה בצל,גרמים,70.00,100 גרם,false,1,3.40,4.86,true,1,
7296073234739,false,חטיף חיטה טעם ברביקיו70ג,מנה,IL,חטיף חיטה ברבקיו,גרמים,70.00,100 גרם,false,1,3.40,4.86,true,1,
7296073234746,false,חטיף בטעם ברביקיו 200גרם,מנה,IL,חטיף חיטה ברבקיו,גרמים,200.00,100 גרם,false,1,5.90,2.95,true,1,
7296073235613,false,ממרח תמרים 450 גרם,חצר כנרת מוצרי תמר,IL,ממרח תמרים,גרמים,450.00,100 גרם,false,1,5.40,1.20,true,1,
7296073235637,false,דבש טבעי מפרחי שדה 350ג,אפידבה,RO,דבש טבעי,גרמים,350.00,100 גרם,false,1,16.40,4.69,true,1,
7296073235750,false,נוזל לניקוי חלונות 750מל,קליר כימיקלים,IL,נוזל לחלונות,מיליליטרים,750.00,"100 מ""ל",false,1,5.00,0.67,true,1,
7296073235767,false,ג'ל ניקוי אסלות 750מל,קליר כימיקלים,IL,ג'ל  לאסלות,מיליליטרים,750.00,"100 מ""ל",false,1,6.90,0.92,true,1,
7296073236221,false,גרעיני תירס  ואקום 340ג,"צ'אנג 1959 בע""מ",TH,גרעיני תירס,גרמים,340.00,100 גרם,false,1,5.00,1.47,true,1,
7296073236238,false,"סכין שקוף עבה ח""פ 100 יח",.,TR,סכין שקוף עבה,יחידה,1.00,יחידה,false,1,12.90,12.90,true,1,
7296073236245,false,"מזלג שקוף עבה ח""פ 100 יח",.,TR,מזלג שקוף עבה,יחידה,1.00,יחידה,false,1,12.90,12.90,true,1,
7296073236252,false,"כפית שקוף עבה ח""פ 100 יח",.,TR,כפית שקוף עבה,יחידה,1.00,יחידה,false,1,12.90,12.90,true,1,
7296073236269,false,"כף שקוף עבה ח""פ 100 יח",.,TR,כף שקוף עבה,יחידה,1.00,יחידה,false,1,12.90,12.90,true,1,
7296073236306,false,אקונומיקה סופר מבושמת4ל,קליר כימיקלים,IL,אקונומיקה מבושמת,ליטרים,4.00,ליטר,false,1,11.80,2.95,true,1,
7296073236313,false,ג'ל אקונומיקה שופרסל 4ל,קליר כימיקלים,IL,ג'ל אקונומיקה,ליטרים,4.00,ליטר,false,1,11.80,2.95,true,1,
7296073236412,false,50 דפי שעווה שופרסל,שופרסל,CN,דפי שעווה שופרסל,יחידה,1.00,יחידה,false,1,14.90,14.90,true,1,
7296073236603,false,"שמנת לבישול 15% 250 מ""ל",מחלבת רמת-הגולן,IL,שמנת לבישול 15%,מיליליטרים,250.00,"100 מ""ל",false,1,6.50,2.60,true,1,
7296073236641,false,לקט למרק שופרסל 800גרם,שופרסל,,לקט למרק,גרמים,800.00,100 גרם,false,12,17.90,2.24,true,1,
7296073236658,false,לקט לקוסקוס שופרסל 800גר,שופרסל,IL,לקט לקוסקוס,גרמים,800.00,100 גרם,false,12,17.90,2.24,true,1,
7296073236771,false,סירופ בטעם תפוחים 1 ליטר,"פרי נטו משקאות בע""מ",IL,סירופ תפוחים,ליטרים,1.00,ליטר,false,1,9.00,9.00,true,1,
7296073236788,false,סירופ בטעם ענבים 1 ליטר,"פרי נטו משקאות בע""מ",IL,סירופ ענבים,ליטרים,1.00,ליטר,false,1,9.00,9.00,true,1,
7296073236887,false,סלט גזר מרוקאי 400 גרם,סלטי שמיר,IL,סלט גזר מרוקאי,גרמים,400.00,100 גרם,false,1,8.50,2.13,true,1,
7296073236900,false,סלט חומוס עם טחינה 400גר,סלטי שמיר,IL,סלט חומס+טחינה,גרמים,400.00,100 גרם,false,1,8.50,2.13,true,1,
7296073236931,false,קליונז מופחת קלוריות500ג,מיטב,IL,קליונז,גרמים,500.00,100 גרם,false,1,8.80,1.76,true,1,
7296073237112,false,חט.שוקס כדורי דגנ.שוקו70,שקדיה,IL,חטיף שוקס,גרמים,70.00,100 גרם,false,1,4.90,7.00,true,1,
7296073237129,false,חטיף שוקס וופל חלב70גרם,שקדיה,IL,חטיף שוקס,גרמים,70.00,100 גרם,false,1,4.90,7.00,true,1,
7296073237136,false,חט.שוקס ביסקויט שוק.חלב,שקדיה,IL,חטיף שוקולד שוקס,גרמים,70.00,100 גרם,false,1,4.90,7.00,true,1,
7296073237143,false,חט.שוקס ביסקוויט מיקס70ג,שקדיה,IL,חטיף שוקס,גרמים,70.00,100 גרם,false,1,4.90,7.00,true,1,
7296073237167,false,חט.שוקס קורנפלקס חלב70ג,שקדיה,IL,חטיף שוקס,גרמים,70.00,100 גרם,false,1,4.90,7.00,true,1,
7296073237198,false,"סכין גילוח ר""פ 6 להבים",אדג'וול,US,"סכין גילוח ר""פ",יחידה,1.00,יחידה,false,1,19.90,19.90,true,1,
7296073237204,false,"4סכיני גילוח רב""פ שופרסל",אדג'וול,US,"סכין גילוח ר""פ",יחידה,1.00,יחידה,false,1,29.90,29.90,true,1,
7296073237235,false,4 סכיני גילוח 3 להבים,אדג'וול,US,"סכין גילוח ח""פ",יחידה,1.00,יחידה,false,1,14.90,14.90,true,1,
7296073237525,false,קוקטייל פירות בסירופ קל,CANNED QIWWEI LINYI,CN,קוקטייל פירות,גרמים,820.00,100 גרם,false,1,6.90,0.84,true,1,
7296073237631,false,שוק.מריר 81% 100 גרם,פריי )שוקולד(,CH,שוקולד מריר 81%,גרמים,100.00,100 גרם,false,1,10.00,10.00,true,1,
7296073237655,false,שוק.מריר 72% קקאו 100 גר,פריי )שוקולד(,CH,שוקולד מריר 72%,גרמים,100.00,100 גרם,false,1,10.00,10.00,true,1,
7296073237662,false,שוק72%. מריר תפוז 100גרם,פריי )שוקולד(,CH,שוקולד מריר תפוז,גרמים,100.00,100 גרם,false,1,10.00,10.00,true,1,
7296073237747,false,חמאה הולנדית 200 גרם,SPRL MATHOT,BE,חמאה הולנדית,גרמים,200.00,100 גרם,false,1,6.60,3.30,true,1,
7296073237754,false,חמאה הולנדית 100 גרם,SPRL MATHOT,BE,חמאה הולנדית,גרמים,100.00,100 גרם,false,1,3.30,3.30,true,1,
7296073237853,false,קפסולות קפה שופרסל סגול,רוני רג'ואן ושות,IL,קפסולות קפה,גרמים,50.00,100 גרם,false,1,14.90,29.80,true,1,
7296073237860,false,קפסולות קפה שופרסל חום,רוני רג'ואן ושות,IL,קפסולות קפה,גרמים,50.00,100 גרם,false,1,14.90,29.80,true,1,
7296073237884,false,קפסולות קפה שופרסל שחור,רוני רג'ואן ושות,IL,קפסולות קפה,גרמים,50.00,100 גרם,false,1,14.90,29.80,true,1,
7296073237891,false,קפסולות קפה שופרסל אדום,רוני רג'ואן ושות,IL,קפסולות קפה,גרמים,50.00,100 גרם,false,1,14.90,29.80,true,1,
7296073238096,false,עוג.מדליון קפוצ'ינו100גר,מידור,CH,עוגיות קפוצ'ינו,גרמים,100.00,100 גרם,false,1,11.90,11.90,true,1,
7296073238102,false,עוג.מדליון שוק.מריר 100ג,מידור,CH,עוגיות מדליון,גרמים,100.00,100 גרם,false,1,11.90,11.90,true,1,
7296073238119,false,עוגיות ג'פונז שוקו 100גר,מידור,CH,עוגיות ג'פונז,גרמים,100.00,100 גרם,false,1,11.90,11.90,true,1,
7296073238126,false,עוגיות קרם שקדים+שוקו100,מידור,CH,עוגיות קרם שקדים,גרמים,100.00,100 גרם,false,1,11.90,11.90,true,1,
7296073238133,false,עוגיות מרנג קרם קקאו100ג,מידור,CH,עוגיות מרנג,גרמים,100.00,100 גרם,false,1,11.90,11.90,true,1,
7296073238379,false,זוג ספוגים דו צצדים,שופרסל,IL,זוג ספוגים,יחידה,1.00,יחידה,false,1,9.90,9.90,true,1,
7296073238386,false,זוג ספוגים שופרסל,שופרסל,IL,זוג ספוגים,יחידה,1.00,יחידה,false,1,9.90,9.90,true,1,
7296073239239,false,"כוסות קפה ח""פ שופרסל 50",.,IL,"כוסות קפה ח""פ",יחידה,1.00,יחידה,false,1,9.90,9.90,true,1,
7296073239376,false,פרלינים בלגים שופרסל250ג,דוקדו,BE,פרלינים בלגים,גרמים,250.00,100 גרם,false,1,24.90,9.96,true,1,
7296073239383,false,מיני פרלין שופרסל 100 גר,דוקדו,BE,מיני פרלין,גרמים,100.00,100 גרם,false,1,10.00,10.00,true,1,
7296073239628,false,תירס גמדי 400 גרם,CORN KARN,TH,תירס גמדי,גרמים,400.00,100 גרם,false,1,4.90,1.23,true,1,
7296073239949,false,שוק.חלב קרמל+מלח ים 100ג,פריי )שוקולד(,CH,שוקולד חלב קרמל,גרמים,100.00,100 גרם,false,1,10.00,10.00,true,1,
7296073239956,false,כוסות אספרסו חד פעמי 50,.,CN,"כוסות אספרסו ח""פ",יחידה,1.00,יחידה,false,1,5.90,5.90,true,1,
7296073239963,false,פיצה מרגריטה בצק עבה,שופרסל,IT,פיצה בצק עבה,גרמים,390.00,100 גרם,false,1,14.80,3.79,true,1,
7296073240204,false,"40יח' כוס יהלום 240מ""ל",.,CN,40כוסות יהלום,יחידה,1.00,יחידה,false,1,7.90,7.90,true,1,
7296073240211,false,נייר טואלט דו שכבתי 32 ג,שניב תעשיות נייר,IL,נייר טואלט,מטרים,573.00,100 מטר,false,1,24.90,4.35,true,1,
7296073240228,false,עוגיות סנדוויץ שוקולד250,ויירה דה קסטרו,PT,עוגיות סנדוויץ,גרמים,250.00,100 גרם,false,1,5.00,2.00,true,1,
7296073240891,false,מיני מיקס חטיפ.מתוקים380,נאטרא,ES,מיקס חטיפים,גרמים,380.00,100 גרם,false,1,17.90,4.71,true,1,
7296073241102,false,קרואסון מילוי פודינג50*6,מידי,IT,קרואסונים 6 יח,גרמים,300.00,100 גרם,false,1,10.00,3.33,true,1,
7296073241324,false,אננס פרוסות 850 גרם,CANNING FRUIT KUIBURI,TH,אננס פרוסות,גרמים,850.00,100 גרם,false,1,8.50,1.00,true,1,
7296073241423,false,פתי בר בטעם וניל 110 גרם,אפיפית,IL,פתי בר וניל,גרמים,110.00,100 גרם,false,1,2.90,2.64,true,1,
7296073241522,false,ממחטות אף 100*5 יח,שניב תעשיות נייר,IL,ממחטות אף 5 יח,יחידה,1.00,יחידה,false,1,9.80,9.80,true,1,
7296073241539,false,ממחטות אף בקופסא 100 יח,שניב תעשיות נייר,IL,ממחטות אף בקופסא,יחידה,1.00,יחידה,false,1,5.90,5.90,true,1,
7296073241935,false,נייר טואלט סופר דיל 48גל,שניב,IL,נ.טואלט סופר דיל,מטרים,860.00,100 מטר,false,1,35.90,4.17,true,1,
7296073242277,false,תאנים מיובשות300ג שופרסל,SA AKCA OSMAN,TR,תאנים 300גרם,גרמים,300.00,100 גרם,false,1,12.90,4.30,true,1,
7296073242284,false,"קרם ידיים שופרסל 100 מ""ל",ש.שוורץ,IL,קרם ידיים שופרסל,מיליליטרים,100.00,"100 מ""ל",false,1,6.90,6.90,true,1,
7296073242291,false,"קרם רגליים שופרסל 100מ""ל",ש.שוורץ,IL,קרם רגליים,מיליליטרים,100.00,"100 מ""ל",false,1,6.90,6.90,true,1,
7296073242321,false,קרם חמצן 9% שופרסל 60 מל,שופרסל,IL,קרם חמצן,מיליליטרים,60.00,"100 מ""ל",false,1,3.90,6.50,true,1,
7296073242635,false,"כוס שתייה מעוטרת ח""פ כסף",.,IL,50כוסות שתייה,יחידה,1.00,יחידה,false,1,9.90,9.90,true,1,
7296073243311,false,שמן זית כתית מעולה 1ליטר,CLEMENTE OLEARIA,ES,שמן זית,ליטרים,1.00,ליטר,false,1,32.90,32.90,true,1,
7296073243328,false,"ניוקי תפו""א עגבנ.ל.ג500ג",צ'יימה,IT,"ניוקי תפו""א",גרמים,500.00,100 גרם,false,1,12.90,2.58,true,1,
7296073243335,false,"ניוקי תפו""א תרד ל.ג500גר",צ'יימה,IT,"ניוקי תפו""א תרד",גרמים,500.00,100 גרם,false,1,12.90,2.58,true,1,
7296073243663,false,קרואסון מילוי חלב+שוק300,מידי,IT,קרואסון חלב+שוקו,גרמים,300.00,100 גרם,false,1,10.00,3.33,true,1,
7296073243731,false,ריבת חלב שופרסל 400 גרם,מיה,IL,ריבת חלב שופרסל,גרמים,400.00,100 גרם,false,1,12.80,3.20,true,1,
7296073244066,false,אבקת הבהרה לשיער 10גרם,שופרסל,IL,אבקת הבהרה לשיער,גרמים,10.00,100 גרם,false,1,4.90,49.00,true,1,
7296073244189,false,100צלח.אמריקאית גדול קרם,.,IL,צלחת גדולה,יחידה,1.00,יחידה,false,1,29.90,29.90,true,1,
7296073244233,false,100צלחת אמריקאית קטן לבן,.,IL,צלחות קטנות,יחידה,1.00,יחידה,false,1,19.90,19.90,true,1,
7296073244240,false,100צלחת מרק אמריקאית לבן,.,IL,צלחת מרק,יחידה,1.00,יחידה,false,1,19.90,19.90,true,1,
7296073244417,false,"קורנפלקס ללא גלוטן כשל""פ",נקסקוב מילס,DK,קורנפלקס,גרמים,500.00,100 גרם,false,1,16.90,3.38,true,1,
7296073244769,false,"סוכר חום דמררה צנצ. 1ק""ג",סוגת,IL,סוכר חום דמררה,קילוגרמים,1.00,"ק""ג",false,1,9.90,9.90,true,1,
7296073244806,false,ביצי חופש אורגנS 18 גרין,חוות גבעות עולם,IL,ביצי חופש,יחידה,1.00,יחידה,false,1,21.90,21.90,true,1,
7296073245490,false,מגבונים לניקוי כללי בדלי,דינמיק,IL,מגבונים בדלי,יחידה,1.00,יחידה,false,1,19.90,19.90,true,1,
7312040017683,false,וודקה אבסולוט,,SE,וודקה אבסולוט,מיליליטרים,700.00,"100 מ""ל",false,0,64.90,9.27,true,1,
7501013100037,false,"נקטר ג'ומקס מנגו 500 מ""ל",.,MX,ג'ומקס נקטר מנגו,מיליליטרים,500.00,"100 מ""ל",false,1,7.80,1.56,true,1,
7501013100051,false,ג'ומקסנקטר אפרסק,,MX,ג'ומקסנקטר אפרסק,מיליליטרים,500.00,"100 מ""ל",false,0,7.80,1.56,true,1,
7501013100112,false,מיץ אננס טבעי,,MX,מיץ אננס טבעי,מיליליטרים,500.00,"100 מ""ל",false,0,7.80,1.56,true,1,
7501013100990,false,נקטר קוקוס אננס,,MX,נקטר קוקוס אננס,מיליליטרים,500.00,"100 מ""ל",false,0,7.80,1.56,true,1,
7501013132038,false,נקטר מנגו,,MX,נקטר מנגו,ליטרים,1.00,ליטר,false,0,10.00,10.00,true,1,
7501013132052,false,נקטר אפרסק,,MX,נקטר אפרסק,ליטרים,1.00,ליטר,false,0,10.00,10.00,true,1,
7501013132106,false,מיץ אננס טבעי,,IL,מיץ אננס טבעי,מיליליטרים,1000.00,"100 מ""ל",false,0,10.00,1.00,true,1,
7501013132403,false,מיץ קוקוס אננס 1 ליטר,ELORO.S.A COMERCIAIZADOR,MX,מיץ קוקוס אננס,ליטרים,1.00,ליטר,false,1,10.00,10.00,true,1,
7501064191466,false,בירה קורונה 6 יח,,,בירה קורונה 6 יח,ליטרים,2.13,ליטר,false,0,39.90,18.73,true,1,
7610023050413,false,מיזלי פרוט איקס שקית500ג,ביו פמיליה,CH,פרויט X דגנים,גרמים,500.00,100 גרם,false,0,25.50,5.10,true,1,
7610023051212,false,שוקו X דגנים+שוק.ציפס500,ביו פמיליה,CH,שוקו X דגנים,גרמים,500.00,100 גרם,false,0,25.50,5.10,true,1,
7610108019557,false,זוג מברשות שיניים אלמקס,גאבה,IL,2 מברשות אלמקס,יחידה,1.00,יחידה,false,0,30.90,30.90,true,1,
7613031608850,false,דגני בוקר פיטנס 625 גרם,נסטלה,FR,פיטנס דגני בוקר,גרמים,625.00,100 גרם,false,0,27.70,4.43,true,1,
7613032045753,false,דגנ.בוקר פיטנס שוקולד375,נסטלה,FR,פיטנס שוקולד,גרמים,375.00,100 גרם,false,0,17.90,4.77,true,1,
7613032416157,false,דגני פיטנס שקדים ודבש355,נסטלה,FR,דגני פיטנס שקדים,גרמים,355.00,100 גרם,false,0,17.90,5.04,true,1,
7613033539022,false,"מחית תפו""ע שלב 1 130 גרם",נסטלה,PL,מחית שלב 1 מטרנה,גרמים,130.00,100 גרם,false,0,5.00,3.85,true,1,
7613033539107,false,מחית תפוח בננה שלב2 130ג,נסטלה,PL,מחית שלב 2 מטרנה,גרמים,130.00,100 גרם,false,0,5.00,3.85,true,1,
7613033539121,false,מחית סלט פירות שלב2 130ג,נסטלה,PL,מחית שלב 2 מטרנה,גרמים,130.00,100 גרם,false,0,5.00,3.85,true,1,
7613033539206,false,מחית ירקות שלב 2 130 גרם,נסטלה,PL,מחית שלב 2 מטרנה,גרמים,130.00,100 גרם,false,0,6.50,5.00,true,1,
7613033539749,false,מחית תפוח בננה שלב3 190ג,נסטלה,PL,מחית שלב 3 מטרנה,גרמים,190.00,100 גרם,false,0,5.90,3.11,true,1,
7613033539800,false,מחית פירות טרופ.שלב3 190,נסטלה,PL,מחית שלב 3 מטרנה,גרמים,190.00,100 גרם,false,0,5.90,3.11,true,1,
7613033541650,false,מחית תפוח שלב3 190 גרם,נסטלה,PL,מחית שלב 3 מטרנה,גרמים,190.00,100 גרם,false,0,5.90,3.11,true,1,
7613033541674,false,מחית תפוח בננה שלב3 190ג,נסטלה,PL,מחית שלב 3 מטרנה,גרמים,190.00,100 גרם,false,0,5.90,3.11,true,1,
7613033548192,false,פיטנס שוקולד מריר 375גרם,נסטלה,FR,פיטנס שוקולד,גרמים,375.00,100 גרם,false,0,17.90,4.77,true,1,
7613033592843,false,"דוגלי גזע קטן 3 ק""ג",נסטלה פורינה,HU,דוגלי גזע קטן,קילוגרמים,3.00,"ק""ג",false,0,49.00,16.33,true,1,
7613033592867,false,"דוגלי בשר וכבד 3 ק""ג",נסטלה פורינה,HU,דוגלי בשר וכבד,קילוגרמים,3.00,"ק""ג",false,0,43.20,14.40,true,1,
7613033592935,false,"דוגלי בשר וכבד 12 ק""ג",נסטלה פורינה,HU,דוגלי בשר וכבד,קילוגרמים,12.00,"ק""ג",false,0,105.00,8.75,true,1,
7613033592959,false,"דוגלי בשר ועוף 12 ק""ג",נסטלה פורינה,HU,דוגלי בשר ועוף,קילוגרמים,12.00,"ק""ג",false,0,105.00,8.75,true,1,
7613033692383,false,"מחית תפו""ע+דגנ.שלב2 130ג",נסטלה,PL,מחית שלב 2 מטרנה,גרמים,130.00,100 גרם,false,0,5.00,3.85,true,1,
7613033975554,false,ביסקוויט מטרנה ט.טבעי180,נסטלה,IL,ביסקוויט מטרנה,גרמים,180.00,100 גרם,false,0,13.90,7.72,true,1,
7613033975615,false,ביסקוויט מטרנה חמאה180גר,נסטלה,IL,ביסקוויט מטרנה,גרמים,180.00,100 גרם,false,0,13.90,7.72,true,1,
7613034042170,false,פיטנס שקדים ודבש 585 גרם,נסטלה,FR,פיטנס שקדים ודבש,גרמים,585.00,100 גרם,false,0,26.70,4.56,true,1,
7613034792785,false,מולטי צ'יריוס 565 גרם,סי.פי אנגליה,GB,מולטי צ'יריוס,גרמים,565.00,100 גרם,false,0,23.90,4.23,true,1,
7613035548374,false,דגני בוקר גולדן מיניס570,נסטלה,FR,דגני גולדן מיניס,גרמים,570.00,100 גרם,false,1,23.70,4.16,true,1,
7613035571587,false,"מאגדת קיט-קט כשל""פ",נסטלה,IL,מאגדת קיט-קט,יחידה,1.00,יחידה,false,1,28.90,28.90,true,1,
7616500553460,false,שוקולד מריר,,CH,שוקולד מריר,גרמים,100.00,100 גרם,false,0,8.50,8.50,true,1,
7616500553507,false,שוקולד ממולא,,CH,שוקולד ממולא,גרמים,100.00,100 גרם,false,0,8.50,8.50,true,1,
7616500646087,false,שוקולד חלב אגוז,,CH,שוקולד חלב אגוז,גרמים,100.00,100 גרם,false,0,8.50,8.50,true,1,
7616500646094,false,שוקולד מריר שקד,,CH,שוקולד מריר שקד,גרמים,100.00,100 גרם,false,0,8.50,8.50,true,1,
7617014149293,false,קפסולות קפה,,,קפסולות קפה,גרמים,96.00,100 גרם,false,0,25.00,26.04,true,1,
7617014149316,false,קפסולות קפה,,,קפסולות קפה,גרמים,96.00,100 גרם,false,0,25.00,26.04,true,1,
7617014149330,false,קפסולות קפה,,,קפסולות קפה,גרמים,96.00,100 גרם,false,0,25.00,26.04,true,1,
7617014149354,false,קפסולות קפה,,,קפסולות קפה,גרמים,96.00,100 גרם,false,0,25.00,26.04,true,1,
7617014149385,false,קפסולות קפה,,,קפסולות קפה,גרמים,96.00,100 גרם,false,0,25.00,26.04,true,1,
7617014149408,false,קפסולות קפה,,,קפסולות קפה,גרמים,96.00,100 גרם,false,0,25.00,26.04,true,1,
7617014153634,false,קפסולות קפה,,CH,קפסולות קפה,גרמים,96.00,100 גרם,false,0,25.00,26.04,true,1,
7617014154105,false,קפסולות קפה וניל,,CH,קפסולות קפה וניל,גרמים,96.00,100 גרם,false,0,25.00,26.04,true,1,
7617300705660,false,הפי לרצפות,,CH,הפי לרצפות,ליטרים,2.00,ליטר,false,0,14.70,7.35,true,1,
7622010001858,false,עוג.אוראו קרם וניל 176ג,מונדלייז,CZ,עוגיות אוראו,גרמים,176.00,100 גרם,false,1,8.90,5.06,true,1,
7622201050757,false,שוקולד מילקה קרמל 100גרם,מונדלייז,DE,שוקולד מילקה,גרמים,100.00,100 גרם,false,0,7.50,7.50,true,1,
7622300005870,false,קפה ג'קובס נט.קפאין200גר,מונדלייז,DE,קפה ג'יקובס נטול,גרמים,200.00,100 גרם,false,0,46.30,23.15,true,1,
7622300270506,false,עוגיות ש.שועל שוקולד168ג,מונדלייז,PL,עוגיות מילקה,גרמים,168.00,100 גרם,false,0,10.00,5.95,true,1,
7622300356767,false,עוג.שוקולד צ'יפס מילק168,מונדלייז,PL,עוגיות שוקוצ'יפס,גרמים,168.00,100 גרם,false,0,10.00,5.95,true,1,
7622300498429,false,שוקולד מילקה קרם תות 100,מונדלייז,DE,שוקולד מילקה,גרמים,100.00,100 גרם,false,0,7.50,7.50,true,1,
7622300503079,false,ביסקוויט מצופה שוקו200גר,מונדלייז,PL,ביסקוויט מצופה,גרמים,200.00,100 גרם,false,0,10.00,5.00,true,1,
7622300617820,false,שוקולד מילקה אוראו 100 ג,מונדלייז,DE,שוקולד מילקה,גרמים,100.00,100 גרם,false,0,7.50,7.50,true,1,
7622400005190,false,שוקולד מילקה חום לבן100ג,מונדלייז,DE,שוקולד מילקה,גרמים,100.00,100 גרם,false,0,7.50,7.50,true,1,
7702018069316,false,סכין גילוח סימפלי ונוס 2,פרוקטר & גמבל,PL,סכין גילוח ונוס2,יחידה,1.00,יחידה,false,0,17.10,17.10,true,1,
7702018089741,false,ג'ל גילוח פיוז'ן+לחות200,פרוקטר & גמבל,GB,ג'ל גילוח פיוז'ן,מיליליטרים,200.00,"100 מ""ל",false,0,25.20,12.60,true,1,
7702018089864,false,ג'ל גילוח-תחוש.קרירה200מ,פרוקטר & גמבל,GB,ג'ל גילוח פיוז'ן,מיליליטרים,200.00,"100 מ""ל",false,0,25.20,12.60,true,1,
7702018321582,false,"דאו.סטיק מתקדם 45מ""לC.W",פרוקטר & גמבל,US,דאודורנט סטיק,מיליליטרים,45.00,"100 מ""ל",false,0,20.00,44.44,true,1,
7702018343652,false,מכשיר לגילוח גוף+סכין,פרוקטר & גמבל,ES,מכשיר לגילוח גוף,יחידה,1.00,יחידה,false,1,51.50,51.50,true,1,
7702018420131,false,6סכיני גילוח פיוז'ן+ידית,פרוקטר & גמבל,IL,סכיני גילוח,יחידה,1.00,יחידה,false,1,109.00,109.00,true,1,
7702018985937,false,דאו.ג'ילט C.W ספריי150מ,פרוקטר & גמבל,IL,דאודורנט ג'ילט,מיליליטרים,150.00,"100 מ""ל",false,0,24.90,16.60,true,1,
7702174068826,false,ללקן יוגטה טעם פירות216ג,אלדור,CO,לקקן יוגטה פירות,גרמים,216.00,100 גרם,false,0,7.90,3.66,true,1,
7702174068833,false,יוגטה אייס קרים בשקית216,אלדור,CO,לקקן יוגטה,גרמים,216.00,100 גרם,false,0,7.90,3.66,true,1,
7702174070201,false,לקקן יוגטה מגיק 216גרם,אלדור,CO,לקקן יוגטה מג'יק,גרמים,216.00,100 גרם,false,0,7.90,3.66,true,1,
7702174073783,false,לקקן פופ בטעם קולה 180ג,אלדור,CO,לקקן פופ קולה,גרמים,180.00,100 גרם,false,1,11.90,6.61,true,1,
7792860006218,false,בייבי דול לקקן 24 גרם,לרטייר,AR,בייבי דול לקקן,גרמים,24.00,100 גרם,false,0,2.20,9.17,true,1,
7804414000860,false,"דון חוליו קברנה 750 מ""ל",צ'ילה לואיס פיליפה אדוארדס,CL,דון חוליו קברנה,מיליליטרים,750.00,"100 מ""ל",false,0,24.90,3.32,true,1,
7804414000884,false,"דון חוליו שרדונה 750 מ""ל",צ'ילה לואיס פיליפה אדוארדס,CL,דון חוליו שרדו,מיליליטרים,750.00,"100 מ""ל",false,0,24.90,3.32,true,1,
7804414001614,false,"דון חוליו שיראז 750 מ""ל",צ'ילה לואיס פיליפה אדוארדס,CL,יין שיראז,מיליליטרים,750.00,"100 מ""ל",false,0,24.90,3.32,true,1,
7891024030974,false,משחת קולגייט טריפל אקש75,קולגייט-פלמוליב,PL,משחת שיניים,מיליליטרים,75.00,"100 מ""ל",false,1,7.90,10.53,true,1,
7891024100363,false,קולגייט סנסיטיב פרו רליף,קולגייט-פלמוליב,BR,משחת קולגייט,מיליליטרים,75.00,"100 מ""ל",false,0,14.90,19.87,true,1,
7891024124826,false,קולגייט אופטיק וייט 75מל,קולגייט-פלמוליב,IL,משחת קולגייט,מיליליטרים,75.00,"100 מ""ל",false,0,20.00,26.67,true,1,
7891024131077,false,קולגייט מי פה קומפליט250,קולגייט-פלמוליב,BR,קולגייט מי פה,מיליליטרים,250.00,"100 מ""ל",false,1,17.90,7.16,true,1,
7900035124036,false,סט שרותים קלאסי,מרקט וליום,CN,סט שרותים קלאסי,יחידה,1.00,יחידה,false,1,12.90,12.90,true,1,
8000040500012,false,וויסקי ווילד טרקי בורבון,DISTILLIN NICHOIS AUSTIN,US,וויסקי,מיליליטרים,700.00,"100 מ""ל",false,1,128.80,18.40,true,1,
8000070038868,false,קפה לוואצה קרמה גוזסט250,לווצה,,קפה לוואצה,גרמים,250.00,100 גרם,false,0,30.20,12.08,true,1,
8000113009343,false,"קמח תירס הכנה מהירה 1ק""ג",מולינו ניקולי,IT,קמח תירס,קילוגרמים,1.00,"ק""ג",false,1,18.90,18.90,true,1,
8000380001958,false,ממרח אגוזים לואקר 320גרם,לואקר,IT,ממרח אגוזים,גרמים,320.00,100 גרם,false,0,16.70,5.22,true,1,
8000380003723,false,גראנד פטיסרי אגוז 100גרם,לואקר,IT,גראנד פטיסרי,גרמים,100.00,100 גרם,false,0,10.00,10.00,true,1,
8000380003761,false,גראנד פטיסרי קוקוס100גרם,לואקר,IT,גראנד פטיסרי,גרמים,100.00,100 גרם,false,0,10.00,10.00,true,1,
8000380004669,false,וופל לואקר קקאו 200 גרם,לואקר,IT,וופל לואקר קקאו,גרמים,200.00,100 גרם,false,0,12.80,6.40,true,1,
8000380004676,false,ופלים לואקר וניל 200 גרם,לואקר,IT,ופלים לואקר,גרמים,200.00,100 גרם,false,0,12.80,6.40,true,1,
8000380004911,false,ופלים קואדרטיני אגוז250ג,לואקר,IT,ופל קואדרטיני,גרמים,250.00,100 גרם,false,0,11.90,4.76,true,1,
8000380004966,false,ופלים קואדרטיני קקאו250ג,לואקר,IT,ופל קואדרטיני,גרמים,250.00,100 גרם,false,0,11.90,4.76,true,1,
8000380005598,false,וופל טורטינה מריר 125גרם,לואקר,IT,וופל טורטינה,גרמים,125.00,100 גרם,false,0,13.90,11.12,true,1,
8000380007219,false,ופלים לואקר ט.אגוזים175ג,לואקר,IT,ופלים לואקר,גרמים,175.00,100 גרם,false,0,10.00,5.71,true,1,
8000380007233,false,וופל לואקר מצופה מריר118,לואקר,IT,וופל לואקר,גרמים,118.00,100 גרם,false,1,9.90,8.39,true,1,
8000380007257,false,ופלים גרדנה 200 גרם,לואקר,IT,ופלים גרדנה,גרמים,200.00,100 גרם,false,0,14.40,7.20,true,1,
8000380007264,false,ופלים לואקר ט.קקאו 175גר,לואקר,IT,ופלים לואקר,גרמים,175.00,100 גרם,false,0,10.00,5.71,true,1,
8000380007271,false,ופלים לואקר בטעם חלב175ג,לואקר,IT,ופלים לואקר,גרמים,175.00,100 גרם,false,0,10.00,5.71,true,1,
8000380007288,false,וופל מצופה שוק.חלב118ג,לואקר,IT,וופל לואקר,גרמים,118.00,100 גרם,false,1,9.90,8.39,true,1,
8000380106028,false,וופל טורטינה אורגינל125ג,לואקר,IT,וופל טורטינה,גרמים,125.00,100 גרם,false,0,13.90,11.12,true,1,
8000380142484,false,וופל קואדרטיני מריר250גר,לואקר,IT,וופל קואדרטיני,גרמים,250.00,100 גרם,false,0,11.90,4.76,true,1,
8000380144044,false,ופלים גרדנה שוקולד200גרם,לואקר,IT,ופלים גרדנה,גרמים,200.00,100 גרם,false,0,14.40,7.20,true,1,
8000380148035,false,גרנד פטיסרי מריר אגוז100,לואקר,IT,גרנד פטיסרי מריר,גרמים,100.00,100 גרם,false,0,10.00,10.00,true,1,
8000380148325,false,וופל לואקר שוק.אגוז26X4ג,לואקר,IT,חטיפי לואקר 4 יח,גרמים,104.00,100 גרם,false,0,11.90,11.44,true,1,
8000380153534,false,טורטינה שוקולד לבן 125גר,לואקר,IT,טורטינה לבן,גרמים,125.00,100 גרם,false,0,13.90,11.12,true,1,
8000380156825,false,שוקולד לואקר חלב 87 גרם,לואקר,IT,שוקולד לואקר,גרמים,87.00,100 גרם,false,0,7.90,9.08,true,1,
8000380156832,false,שוקולד לואקר קרם קקאו87ג,לואקר,IT,שוקולד לואקר,גרמים,87.00,100 גרם,false,0,7.90,9.08,true,1,
8000380180721,false,וופל לואקר שוקו חלב175ג,לואקר,AT,וופל לואקר,גרמים,175.00,100 גרם,false,1,10.00,5.71,true,1,
8000380180745,false,ופל קואדרטיני שוק/חלב250,לואקר,AT,וופל קואדרטיני,גרמים,250.00,100 גרם,false,1,11.90,4.76,true,1,
8000500029350,false,קינדר בואנו 43*3 גרם,פררו - אלבה,IT,קינדר בואנו,גרמים,129.00,100 גרם,false,0,11.90,9.22,true,1,
8000500071083,false,שוקולד קינדר 200 גרם,פררו - אלבה,IT,שוקולד חלב קינדר,גרמים,200.00,100 גרם,false,0,13.90,6.95,true,1,
8000500075708,false,ביצי קינדר ג'וי כחול20*3,פררו - אלבה,PL,קינדר ג'וי כחול,גרמים,60.00,100 גרם,false,0,13.90,23.17,true,1,
8000500121436,false,קינדר בואנו לבן 39*3 גרם,פררו - אלבה,PL,קינדר בואנו לבן,גרמים,117.00,100 גרם,false,0,11.90,10.17,true,1,
8000500126325,false,ביצי קינדר ג'וי ורוד20*3,פררו - אלבה,PL,קינדר ג'וי ורוד,גרמים,60.00,100 גרם,false,0,13.90,23.17,true,1,
8001359108319,false,קרם לחות יום,,IL,קרם לחות יום,מיליליטרים,50.00,"100 מ""ל",false,0,24.90,49.80,true,1,
8001359108357,false,קרם עיניים,,IL,קרם עיניים,מיליליטרים,30.00,"100 מ""ל",false,0,24.90,83.00,true,1,
8001359108593,false,קרם רגליים,,IL,קרם רגליים,מיליליטרים,100.00,"100 מ""ל",false,0,9.80,9.80,true,1,
8002450001103,false,"ספומנטה ורדי 750 מ""ל",בוסקה,IT,ספומנטה ורדי,מיליליטרים,750.00,"100 מ""ל",false,0,19.90,2.65,true,1,
8002450202005,false,"ורדי אסאי 750 מ""ל",בוסקה,IL,ורדי אסאי,מיליליטרים,750.00,"100 מ""ל",false,0,19.90,2.65,true,1,
8002450205716,false,וורמוט לבן 1 ליטר,בוסקה,CL,וורמוט לבן,ליטרים,1.00,ליטר,false,0,39.60,39.60,true,1,
8002910004798,false,פיניש מפיץ ריח לימון,רקיט בנקיזר,HU,מפיץ ריח למדיח,יחידה,1.00,יחידה,false,0,16.90,16.90,true,1,
8003230001245,false,"ליקר לימונצ'לו 500 מ""ל",טורינו דיסטילאטי,IT,ליקר לימונצ'לו,מיליליטרים,500.00,"100 מ""ל",false,0,39.90,7.98,true,1,
8003440982594,false,מסטיק סטיקס מנטה עדינה4י,פרפטי ואן מלה,TR,מנטוס סטיקס,גרמים,76.00,100 גרם,false,1,10.40,13.68,true,1,
8003440982600,false,מנטוס סטיקס מנטה19*4גרם,פרפטי ואן מלה,TR,מנטוס סטיקס,גרמים,76.00,100 גרם,false,1,10.40,13.68,true,1,
8003440982624,false,מסטיק סטיקס פטל תפוז19*4,פרפטי ואן מלה,TR,מנטוס סטיקס,גרמים,76.00,100 גרם,false,1,10.40,13.68,true,1,
8003753900438,false,קפה אספרסו אילי,,IT,קפה אספרסו אילי,גרמים,250.00,100 גרם,false,0,43.90,17.56,true,1,
8004030022010,false,ירקות גינה עם טונה160גרם,בולטון,IT,ירקות עם טונה,גרמים,160.00,100 גרם,false,1,14.90,9.31,true,1,
8004030026018,false,סלט מקסיקני עם טונה 160ג,בולטון,IT,סלט עם טונה,גרמים,160.00,100 גרם,false,1,14.90,9.31,true,1,
8004030044005,false,טונה ריו בשמן זית 160גרם,בולטון,IT,טונה בשמן זית,גרמים,160.00,100 גרם,false,0,14.90,9.31,true,1,
8004030344938,false,טונה בשמן זית 80*3גרם,בולטון,IT,טונה ריו מרה 3יח,גרמים,240.00,100 גרם,false,0,21.90,9.13,true,1,
8004905550259,false,עוגות אישיות,,CH,עוגות אישיות,גרמים,280.00,100 גרם,false,0,9.90,3.54,true,1,
8004905550310,false,עוגות אישיות,,IT,עוגות אישיות,גרמים,288.00,100 גרם,false,0,9.90,3.44,true,1,
8004905550334,false,עוגות אישיות,,IT,עוגות אישיות,גרמים,350.00,100 גרם,false,0,9.90,2.83,true,1,
8005110170300,false,עגבניות חתוכות דק 400*3ג,,,עגבניות חתוכות דק 400*3ג,קילוגרמים,1.20,"ק""ג",false,0,16.90,14.08,true,1,
8005200036561,false,נסטי מוגז בטעם אפרסק1.5ל,סן-פלגרינו,IT,נסטי מוגז אפרסק,ליטרים,1.50,ליטר,false,1,5.50,3.67,true,1,
8005200496525,false,נסטי בטעם אפרסק 1.5 ליטר,סן-פלגרינו,IT,נסטי בטעם אפרסק,ליטרים,1.50,ליטר,false,0,5.50,3.67,true,1,
8005200516520,false,נסטי דיאט טעם אפרסק 1.5ל,סן-פלגרינו,IT,נסטי דיאט אפרסק,ליטרים,1.50,ליטר,false,0,5.50,3.67,true,1,
8005200536528,false,נסטי מנגו אננס 1.5 ליטר,סן-פלגרינו,IT,נסטי מנגו אננס,ליטרים,1.50,ליטר,false,0,5.50,3.67,true,1,
8005200556526,false,נסטי בטעם לימון 1.5 ליטר,סן-פלגרינו,IT,נסטי בטעם לימון,ליטרים,1.50,ליטר,false,0,5.50,3.67,true,1,
8005200846535,false,נסטי מוגז אפרסק דיאט1.5ל,סן-פלגרינו,IT,נסטי מוגז אפרסק,ליטרים,1.50,ליטר,false,1,5.50,3.67,true,1,
8005217176557,false,נסטי ענבים  1.5 ליטר,סן-פלגרינו,IT,נסטי ענבים,ליטרים,1.50,ליטר,false,0,5.50,3.67,true,1,
8007178120310,false,"חומץ בלסמי גקובזי 500מ""ל",ג'אקובזי,IT,חומץ בלסמי,מיליליטרים,500.00,"100 מ""ל",false,0,23.20,4.64,true,1,
8007290931900,false,פסטה פנה 500 גרם,פסטיפיסיו אטיליו איטליה,IT,פסטה פנה,גרמים,500.00,100 גרם,false,1,8.80,1.76,true,1,
8007290932518,false,פסטה מגולגלת 500 גרם,פסטיפיסיו אטיליו איטליה,IT,פסטה מגולגלת,גרמים,500.00,100 גרם,false,1,8.80,1.76,true,1,
8007770320156,false,מאפה קסטיני ש.זית+מלח120,מונויזו ספא,IT,מאפה קסטיני,גרמים,120.00,100 גרם,false,0,8.10,6.75,true,1,
8008620009276,false,קרקר מלוח 500 גרם,.,IT,קרקר מלוח,גרמים,500.00,100 גרם,false,0,9.90,1.98,true,1,
8008620009290,false,קרקר חיטה 500 גרם,.,IT,קרקר חיטה,גרמים,500.00,100 גרם,false,0,9.90,1.98,true,1,
8008920990243,false,למברוסקו לבן,,IT,למברוסקו לבן,מיליליטרים,750.00,"100 מ""ל",false,0,19.90,2.65,true,1,
8010225000084,false,מגב רצפה + מקל,המברשת רוחמה,IL,מגב רצפה + מקל,יחידה,1.00,יחידה,false,0,29.20,29.20,true,1,
8010445003308,false,שמן זית כתית מעולה 750 מ,CLEMENTE OLEARIA,IT,שמן זית,גרמים,750.00,100 גרם,false,0,25.90,3.45,true,1,
8014515330059,false,עגבניות שלמות מקולפות400,שופרסל-ייבוא,IT,עגבניות שלמות,גרמים,400.00,100 גרם,false,0,5.90,1.48,true,1,
8014515330196,false,עגבניות מרוסקות 400 גרם,שופרסל-ייבוא,IT,עגבניות מרוסקות,גרמים,400.00,100 גרם,false,1,5.90,1.48,true,1,
8014515330738,false,קוביות עגבניות פומו400גר,שופרסל-ייבוא,,קוביות עגבניות,גרמים,400.00,100 גרם,false,0,5.90,1.48,true,1,
8017128301270,false,יעה פס גומי,המברשת רוחמה,IL,יעה פס גומי,יחידה,1.00,יחידה,false,0,6.90,6.90,true,1,
8032880800243,false,פיקניק הפתעה 50 גרם,הוסטה,IT,פיקניק הפתעה,גרמים,50.00,100 גרם,false,0,7.40,14.80,true,1,
8076800195132,false,אטריות בבטה מס13' 500גרם,ברילה,IT,אטריות בבטה,גרמים,500.00,100 גרם,false,0,7.90,1.58,true,1,
8076800315097,false,ספגטי בוקטיני מס9' 500גר,ברילה,IT,ספגטי בוקטיני,גרמים,500.00,100 גרם,false,0,7.90,1.58,true,1,
8076802085738,false,פנה ריגטה מס73' 500 גרם,ברילה,IL,פנה ריגטה ברילה,גרמים,500.00,100 גרם,false,0,7.90,1.58,true,1,
8076802085936,false,קונצ'יליה ריגטי 500 גרם,ברילה,IT,קונצ'יליה,גרמים,500.00,100 גרם,false,0,7.90,1.58,true,1,
8076802085981,false,פסטה פוזילי מס98' 500גרם,ברילה,IT,פוזילי ברילה,גרמים,500.00,100 גרם,false,0,7.90,1.58,true,1,
8076808050440,false,פסטה מקרוני מס44' 500 גר,ברילה,IT,מקרוני ברילה,גרמים,500.00,100 גרם,false,0,7.90,1.58,true,1,
8076808060654,false,פסטה פרפלה מס65' 500 גרם,ברילה,IL,פסטה פרפלה ברילה,גרמים,500.00,100 גרם,false,0,7.90,1.58,true,1,
8076808070882,false,קנלוני ברילה 250 גרם,ברילה,IT,קנלוני ברילה,גרמים,250.00,100 גרם,false,0,10.00,4.00,true,1,
8076809501415,false,מצה פנה טריקולור 78 500ג,ברילה,IT,מצה פנה טריקול,גרמים,500.00,100 גרם,false,0,10.00,2.00,true,1,
8076809512268,false,פסטה גירנדולה מס34' 500ג,ברילה,IT,פסטה גירנדולה,גרמים,500.00,100 גרם,false,0,7.90,1.58,true,1,
8076809513388,false,רוטב לפסטה ארביאטה400גרם,ברילה,IT,רוטב לפסטה,גרמים,400.00,100 גרם,false,0,10.00,2.50,true,1,
8076809513395,false,רוטב פומודורו ברילה 400ג,ברילה,IT,רוטב עגבניות,גרמים,400.00,100 גרם,false,0,10.00,2.50,true,1,
8076809513692,false,רוטב לפסטה נפוליטנה400גר,ברילה,IT,רוטב לפסטה,גרמים,400.00,100 גרם,false,0,10.00,2.50,true,1,
8076809513739,false,רוטב בזיליקום ברילה400גר,ברילה,IT,רוטב בזיליקום,גרמים,400.00,100 גרם,false,0,10.00,2.50,true,1,
8076809523561,false,רוטב עגבניות טוסקנה400ג,ברילה,IT,רוטב עגבניות,גרמים,400.00,100 גרם,false,0,10.00,2.50,true,1,
8076809523714,false,טליאטלה אטריות 500 גרם,ברילה,IT,טליאטלה אטריות,גרמים,500.00,100 גרם,false,0,22.90,4.58,true,1,
8076809523738,false,לזניה ברילה 500 גרם,ברילה,IT,לזניה ברילה,גרמים,500.00,100 גרם,false,0,15.00,3.00,true,1,
8076809529433,false,פנטה רגטה מחיטה מלאה500ג,ברילה,IT,פנטה רגטה,גרמים,500.00,100 גרם,false,0,10.00,2.00,true,1,
8076809537100,false,פתיתים סלנטני ברילה500ג,ברילה,IT,פתיתים סלנטיני,גרמים,500.00,100 גרם,false,0,7.90,1.58,true,1,
8076809545440,false,אטריות ל.גלוטן ברילה400ג,ברילה,IT,אטריות ללא גלוטן,גרמים,400.00,100 גרם,false,1,10.90,2.73,true,1,
8076809545457,false,צינורות ל.גלוטן ברילה400,ברילה,IT,ברילה צינורות,גרמים,400.00,100 גרם,false,1,10.90,2.73,true,1,
8076809545464,false,ספירלי ל.גלוטן ברילה400ג,ברילה,IT,ספירלי ברילה,גרמים,400.00,100 גרם,false,1,10.90,2.73,true,1,
8410036803629,false,"קאווה סמי סקו 750 מ""ל",,ES,"קאווה סמי סקו 750 מ""ל",מיליליטרים,750.00,"100 מ""ל",false,0,60.40,8.05,true,1,
8410076610270,false,נייטשר ואלי פופקורן שקד5,ג'נרל מילס,ES,חטיף נייטשר ואלי,גרמים,100.00,100 גרם,false,1,19.70,19.70,true,1,
8410104039134,false,"פיניש לניקוי מדיח 250מ""ל",רקיט בנקיזר,PL,פיניש ניקוי מדיח,מיליליטרים,250.00,"100 מ""ל",false,0,14.90,5.96,true,1,
8410104511340,false,ויט 12רצועות שעווה יבש,רקיט בנקיזר,FR,רצועות שעווה ויט,יחידה,1.00,יחידה,false,0,24.90,24.90,true,1,
8410179007502,false,פסטה פנה ריגטה בורחס500ג,דה מטיאס אגרו,IT,פסטה פנה,גרמים,500.00,100 גרם,false,0,7.10,1.42,true,1,
8410179007519,false,פסטה פוזילי בורחס 500גרם,דה מטיאס אגרו,IT,פסטה פוזילי,גרמים,500.00,100 גרם,false,0,7.10,1.42,true,1,
8410196051724,false,"עוג.ח.מלא וסויה ללת""ס180",וירג'יניאס,ES,עוגיות חיטה מלאה,גרמים,180.00,100 גרם,false,1,8.90,4.94,true,1,
8410196051731,false,"עוג.בשוקולד חלב ללת""ס120",וירג'יניאס,ES,עוגיות מצופות,גרמים,120.00,100 גרם,false,1,15.90,13.25,true,1,
8410376009392,false,ביסקוויט חיט.מלא ללתס170,גולון,ES,"ביסקוויט ללת""ס",גרמים,170.00,100 גרם,false,1,9.90,5.82,true,1,
8410376009415,false,ביסקויט ללתס שוקוציפס125,גולון,ES,"ביסקויט ללת""ס",גרמים,125.00,100 גרם,false,0,9.80,7.84,true,1,
8410376010701,false,"ביסקוויט מרי ללת""ס 400 ג",גולון,ES,"ביסקוויט ללת""ס",גרמים,400.00,100 גרם,false,1,16.90,4.23,true,1,
8410376037821,false,"ביסקויט לל""ס שוק+סויה144",גולון,ES,ביסקויט ללא סוכר,גרמים,144.00,100 גרם,false,0,11.80,8.19,true,1,
8410376042511,false,חטיפים במילוי 220 גרם,גלטס גולון פלנסיה,ES,חטיפים במילוי,גרמים,220.00,100 גרם,false,1,9.80,4.45,true,1,
8410376042528,false,חטיפי פירות יבשים 220גרם,גלטס גולון פלנסיה,ES,חטיפי פירות,גרמים,220.00,100 גרם,false,1,9.80,4.45,true,1,
8410376042535,false,חטיף בטעם אגוזי לוז220ג,גלטס גולון פלנסיה,ES,חטיף אגוז לוז,גרמים,220.00,100 גרם,false,1,9.80,4.45,true,1,
8410510015029,false,שוקולד ממולא,,ES,שוקולד ממולא,גרמים,100.00,100 גרם,false,0,4.90,4.90,true,1,
8410655000423,false,"בירה סאן מיגל 330*4 מ""ל",סאן מיגל,ES,בירה סאן מיגל4יח,ליטרים,1.32,ליטר,false,0,24.90,18.86,true,1,
8411277350118,false,קאווה ג'ום,,ES,קאווה ג'ום,מיליליטרים,750.00,"100 מ""ל",false,0,24.90,3.32,true,1,
8411514801434,false,סניקט פלוס חול,,IL,סניקט פלוס חול,קילוגרמים,6.25,"ק""ג",false,0,31.70,5.07,true,1,
8411640001098,false,"וודקה אננס ספיריט 275מ""ל",דסטילריאס מ.ג,ES,וודקה אננס,מיליליטרים,275.00,"100 מ""ל",false,0,9.90,3.60,true,1,
8412674103727,false,עוג.סנדוויץ שוקולד 176גר,מרבה,NL,עוגיות גוגו'ס,גרמים,176.00,100 גרם,false,0,5.50,3.13,true,1,
8420708012822,false,גבינה קשקבל בשלה 200 גרם,לקטיס סאן וינשנטה,ES,גבינה קשקבל,גרמים,200.00,100 גרם,false,0,20.30,10.15,true,1,
8423207206495,false,סלים דליס שוקולד מריר6י,סלים דליס,ES,חטיפי דגנים מרבה,גרמים,120.00,100 גרם,false,0,10.00,8.33,true,1,
8423207206501,false,סלים דליס רב דגנים חלב6י,סלים דליס,ES,חטיפי דגנים מרבה,גרמים,120.00,100 גרם,false,0,10.00,8.33,true,1,
8423207208260,false,ס.דליס שוק.חלב ל.ג13*6גר,ביסצ'ורי,ES,חטיף דגנים,גרמים,78.00,100 גרם,false,1,14.90,19.10,true,1,
8423207208680,false,סלים דליס ילדים ש.חלב6יח,סלים דליס,ES,סלים דליס 6 יח,גרמים,120.00,100 גרם,false,1,10.00,8.33,true,1,
8423207208697,false,סלים דליס ילדים ש.לבן6יח,סלים דליס,ES,סלים דליס 6 יח,גרמים,120.00,100 גרם,false,1,10.00,8.33,true,1,
8423207208703,false,סלים דליס שוקו.מריר 6 יח,סלים דליס,ES,סלים דליס 6 יח,גרמים,120.00,100 גרם,false,1,10.00,8.33,true,1,
8423207208888,false,פריכיות תירס עגבניות123ג,ביסנצורי,ES,פריכיות תירס,גרמים,123.00,100 גרם,false,1,9.90,8.05,true,1,
8423207208895,false,פריכיות תירס זית+ערית123,ביסנצורי,ES,פריכיות תירס,גרמים,123.00,100 גרם,false,1,9.90,8.05,true,1,
8423207208901,false,פריכיות אורז מלא+שוק130.,ביסנצורי,ES,פריכיות אורז מלא,גרמים,130.00,100 גרם,false,1,9.90,7.62,true,1,
8427030005010,false,סימילאק ספיט אפ שופר375ג,אבוט,IL,סימילאק ספיט אפ,גרמים,375.00,100 גרם,false,0,46.50,12.40,true,1,
8427030005461,false,סימילאק קומפורט שלב2 820,אבוט,ES,סימילאק קומפורט,גרמים,820.00,100 גרם,false,1,108.00,13.17,true,1,
8590160891652,false,קפה נמס ג'קובס גולד200ג,מונדלייז,DE,קפה גיקובס גולד,גרמים,200.00,100 גרם,false,0,26.90,13.45,true,1,
8594012822511,false,"בירה פאקה פרמן 500 מ""ל",שופרסל-ייבוא,CZ,בירה פאקא פרמן,מיליליטרים,500.00,"100 מ""ל",false,0,4.90,0.98,true,1,
8594403110173,false,בדוויזר 6 יח,,,בדוויזר 6 יח,ליטרים,1.98,ליטר,false,0,29.90,15.10,true,1,
8690520019907,false,בירה אפס פילזנר,,,בירה אפס פילזנר,מיליליטרים,500.00,"100 מ""ל",false,0,7.90,1.58,true,1,
8690531032377,false,פלפלים צהובים 350 גרם,,,פלפלים צהובים 350 גרם,גרמים,350.00,100 גרם,false,0,9.90,2.83,true,1,
8690531033374,false,פלפל חלפיניו כבוש 340גרם,,,פלפל חלפיניו כבוש 340גרם,גרמים,340.00,100 גרם,false,0,8.00,2.35,true,1,
8690531410311,false,עגבניות מיובשות בשמן350ג,,,עגבניות מיובשות בשמן350ג,גרמים,350.00,100 גרם,false,0,17.00,4.86,true,1,
8690572760260,false,שמפו סאיוס מאיץ ברק 750מ,הנקל סוד,DE,שמפו סאיוס,מיליליטרים,750.00,"100 מ""ל",false,0,13.90,1.85,true,1,
8690572774311,false,"שמפו סאיוס קרטין 750 מ""ל",הובי קוסמטיקס,TR,שמפו סאיוס,מיליליטרים,750.00,"100 מ""ל",false,1,13.90,1.85,true,1,
8690572774328,false,"מרכך סאיוס קרטין 750 מ""ל",הובי קוסמטיקס,TR,מרכך סאיוס,מיליליטרים,750.00,"100 מ""ל",false,1,13.90,1.85,true,1,
8690572774625,false,"מרכך גליס הילורון 400מ""ל",הובי קוסמטיקס,TR,מרכך גליס,מיליליטרים,400.00,"100 מ""ל",false,1,13.90,3.48,true,1,
8690572775264,false,שמפו גליס סרום משקם 400,הנקל סוד,TR,שמפו גליס,מיליליטרים,400.00,"100 מ""ל",false,1,13.90,3.48,true,1,
8690572775288,false,מרכך גליס סרום משקם 400,הנקל סוד,TR,מרכךגליס,מיליליטרים,400.00,"100 מ""ל",false,1,13.90,3.48,true,1,
8690572775684,false,שמפו גליס לשיער צבוע650מ,הובי קוסמטיקס,TR,שמפו גליס,מיליליטרים,650.00,"100 מ""ל",false,1,27.70,4.26,true,1,
8690637073373,false,תה ליפטון ארל גריי 25שק',יוניליוור,TR,תה ארל גריי 25שק,גרמים,50.00,100 גרם,false,0,8.40,16.80,true,1,
8690637538858,false,"דאו.אקס שוקולד 150 מ""ל",יוניליוור,TR,דאודורנט אקס,מיליליטרים,150.00,"100 מ""ל",false,0,14.90,9.93,true,1,
8690637543494,false,דאו.אקס ספריי 150AFRICAמ,יוניליוור,TR,דאודורנט אקס,מיליליטרים,150.00,"100 מ""ל",false,0,14.90,9.93,true,1,
8690637555084,false,בדין אקסטרא פריחת התפוז,יוניליוור,TR,מרכך בדין אקסטרא,מיליליטרים,960.00,"100 מ""ל",false,0,14.90,1.55,true,1,
8690637577512,false,דאו.אקס ספריי אקסייט150מ,יוניליוור,TR,דאודורנט אקס,מיליליטרים,150.00,"100 מ""ל",false,0,14.90,9.93,true,1,
8690637631009,false,אקס בודי ספריי אפולו 150,יוניליוור,IL,אקס בודי ספריי,מיליליטרים,150.00,"100 מ""ל",false,0,14.90,9.93,true,1,
8690637655968,false,סיף ג'ל אקונומיקה 750מל,יוניליוור,IL,סיף ג'ל רוח ים,מיליליטרים,750.00,"100 מ""ל",false,0,12.60,1.68,true,1,
8690637682537,false,בדין אקסטרה זהב 960מל,יוניליוור,IL,בדין אקסטרה,מיליליטרים,960.00,"100 מ""ל",false,0,14.90,1.55,true,1,
8690637682551,false,בדין אקסטרה שחור960מל,יוניליוור,IL,בדין אקסטרה,מיליליטרים,960.00,"100 מ""ל",false,0,14.90,1.55,true,1,
8690637682575,false,בדין אקסטרה אדום960מל,יוניליוור,IL,בדין אקסטרה,מיליליטרים,960.00,"100 מ""ל",false,0,14.90,1.55,true,1,
8690637688218,false,תה ירוק נגיעות לימון 20,יוניליוור,IL,תה ירוק ליפטון,גרמים,30.00,100 גרם,false,0,16.50,55.00,true,1,
8690637688232,false,תה ירוק עם נענע 20שק,יוניליוור,IL,תה ירוק ליפטון,גרמים,30.00,100 גרם,false,0,16.50,55.00,true,1,
8690637704376,false,"דאב שמפו יום יומי 600מ""ל",יוניליוור,TR,שמפו דאב,מיליליטרים,600.00,"100 מ""ל",false,0,15.00,2.50,true,1,
8690637704390,false,"דאב מרכך יום יומי 600מ""ל",יוניליוור,TR,דאב מרכך שיער,מיליליטרים,600.00,"100 מ""ל",false,0,15.00,2.50,true,1,
8690637704413,false,"דאב מרכך משקם 600 מ""ל",יוניליוור,TR,דאב מרכך משקם,מיליליטרים,600.00,"100 מ""ל",false,0,15.00,2.50,true,1,
8690637704437,false,דאב שמפו שמני הזנה 600 מ,יוניליוור,TR,שמפו דאב,מיליליטרים,600.00,"100 מ""ל",false,0,15.00,2.50,true,1,
8690637704451,false,דאב מרכך שמני הזנה 600 מ,יוניליוור,TR,דאב מרכך,מיליליטרים,600.00,"100 מ""ל",false,0,15.00,2.50,true,1,
8690637704475,false,דאב שמפו נגד קשקשים600מ,יוניליוור,TR,שמפו דאב,מיליליטרים,600.00,"100 מ""ל",false,0,15.00,2.50,true,1,
8690734006830,false,ספוג קרצוף קצר ירוק 9 יח,3M קנדה,CA,ספוג קרצוף קצר,יחידה,1.00,יחידה,false,0,14.90,14.90,true,1,
8690777203012,false,פלפל ירוק כבוש,,TR,פלפל ירוק כבוש,גרמים,600.00,100 גרם,false,0,11.90,1.98,true,1,
8690777204071,false,פלפל חריף,,TR,פלפל חריף,גרמים,640.00,100 גרם,false,0,11.90,1.86,true,1,
8690777206051,false,חציל קלוי,,TR,חציל קלוי,גרמים,650.00,100 גרם,false,0,11.90,1.83,true,1,
8690777221405,false,פלפל אדום קלוי,,,פלפל אדום קלוי,גרמים,650.00,100 גרם,false,0,11.90,1.83,true,1,
8690784211505,false,גלייד אירוסול 300 מל,vaill aerosol coster,TR,גלייד מטהר אוויר,מיליליטרים,300.00,"100 מ""ל",false,0,9.30,3.10,true,1,
8690784211802,false,גלייד אירוסול לבנדר 300מ,vaill aerosol coster,TR,גלייד מטהר אוויר,מיליליטרים,300.00,"100 מ""ל",false,0,9.30,3.10,true,1,
8690784211901,false,גלייד מטהר אוויר 300 מל,vaill aerosol coster,TR,גלייד מטהר אוויר,מיליליטרים,300.00,"100 מ""ל",false,0,9.30,3.10,true,1,
8690784315227,false,גלייד אוטומטי לבנדרמארז,vaill aerosol coster,TR,גלייד אוטומטי,מיליליטרים,269.00,"100 מ""ל",false,1,44.90,16.69,true,1,
8690784511223,false,דאק לאסלה 5ב1ניחוח הדרים,דאופלור S.P.I,IT,דאק לאסלה 5ב1,יחידה,1.00,יחידה,false,1,7.50,7.50,true,1,
8690784511339,false,דאק לאסלה 5ב1ניחוח ים,דאופלור S.P.I,IT,דאק לאסלה 5ב1,יחידה,1.00,יחידה,false,1,7.50,7.50,true,1,
8690784511445,false,דאק לאסלה 5ב1ניחוח לבנדר,דאופלור S.P.I,IT,דאק לאסלה 5ב1,יחידה,1.00,יחידה,false,1,7.50,7.50,true,1,
8690784816885,false,גלייד ניחוח מרכך 269מל,vaill aerosol coster,TR,גלייד מילוי,מיליליטרים,269.00,"100 מ""ל",false,1,15.00,5.58,true,1,
8693323004903,false,סוכ.ג'לי בצורת טבעות250ג,סאדאט,TR,סוכריות ג'לי,גרמים,250.00,100 גרם,false,0,7.90,3.16,true,1,
8693323031909,false,מרשמלו ממולא גלי 90 גרם,סאאדת,IL,מרשמלו ממולא גלי,גרמים,90.00,100 גרם,false,0,4.20,4.67,true,1,
8693323042028,false,יוגטה מרשמלו מגולגל 432ג,סאאדת,IL,יוגטה מרשמלו,גרמים,432.00,100 גרם,false,0,17.90,4.14,true,1,
8693323689131,false,סוכ.ג'לי טעם תות וניל800,סאדאט,TR,סוכריות ג'לי,גרמים,800.00,100 גרם,false,1,14.90,1.86,true,1,
8693323690106,false,סוכ. גומי בטעם בננה100ג,סאדאט,TR,סוכריות גומי,גרמים,100.00,100 גרם,false,1,4.90,4.90,true,1,
8693323690137,false,סוכ. ג'לי פטל+אוכמנ100גר,סאדאט,TR,סוכריות ג'לי,גרמים,100.00,100 גרם,false,1,4.90,4.90,true,1,
8693323691011,false,יוגטה גומי אבטיח 300 גרם,סאדאט,TR,יוגטה גומי,גרמים,300.00,100 גרם,false,1,9.80,3.27,true,1,
8693495031981,false,מברשת שיניים וייט מנואל,קולגייט-פלמוליב,CN,מברשת שיניים,יחידה,1.00,יחידה,false,1,44.50,44.50,true,1,
8693495037853,false,קולגייט 2מברשת סלים סופט,קולגייט-פלמוליב,CN,2 מברשות קולגייט,יחידה,1.00,יחידה,false,0,32.60,32.60,true,1,
8693495039420,false,פלמוליב ספא גורמה תות500,קולגייט-פלמוליב,TR,סבון פלמוליב,מיליליטרים,500.00,"100 מ""ל",false,1,18.90,3.78,true,1,
8693495039468,false,פלמוליב ספא גורמה ו500מל,קולגייט-פלמוליב,TR,סבון פלמוליב,מיליליטרים,500.00,"100 מ""ל",false,1,18.90,3.78,true,1,
8693495041249,false,סבון נוזלי ספורט לגבר500,קולגייט-פלמוליב,TR,סבון נוזלי,מיליליטרים,500.00,"100 מ""ל",false,1,14.90,2.98,true,1,
8693495041461,false,2מברשות סלים סופט פחם,קולגייט-פלמוליב,CN,זוג מברשות,יחידה,1.00,יחידה,false,0,30.90,30.90,true,1,
8693495042192,false,סבון פלמוליב קוקוס100*4ג,קולגייט-פלמוליב,TR,סבון פלמוליב 4יח,גרמים,400.00,100 גרם,false,0,16.80,4.20,true,1,
8697420502072,false,מיץ רימונים,,IL,מיץ רימונים,ליטרים,1.00,ליטר,false,0,18.10,18.10,true,1,
8697530910743,false,פאל מאל כחול חפיסה,bat,TR,פאל מאל חפ.,יחידה,1.00,יחידה,false,0,28.50,28.50,false,1,
8697530910750,false,פאל מאל כחול ארוך חפ.,bat,TR,פאל מאל חפ.,יחידה,1.00,יחידה,false,0,28.50,28.50,false,1,
8697530910941,false,פאל מאל כחול 10 יח',bat,TR,פאל מאל,יחידה,1.00,יחידה,false,0,259.90,259.90,false,1,
8697530910958,false,פאל מאל כחול ארוך 10יח,bat,TR,פאל מאל,יחידה,1.00,יחידה,false,0,259.90,259.90,false,1,
8697530911276,false,קנט קצר חפיסה,bat,TR,קנט קצר חפיסה,יחידה,1.00,יחידה,false,0,34.50,34.50,false,1,
8697826469092,false,טורטיות 8 יח' 365 גרם,,,טורטיות 8 יח' 365 גרם,גרמים,365.00,100 גרם,false,0,9.90,2.71,true,1,
8710428005755,false,סימילאק איזומיל NG 400 ג,אבוט,IL,סימילאק איזומיל,גרמים,400.00,100 גרם,false,0,42.50,10.63,true,1,
8710428005762,false,סימילאק איזומיל NGטף400,אבוט,IL,סימילאק איזומיל,גרמים,400.00,100 גרם,false,0,42.50,10.63,true,1,
8710502139017,false,עוג.טריפל שוקוצ'יפס180גר,מרבה,NL,עוגיות שוקוצ'יפס,גרמים,180.00,100 גרם,false,0,9.50,5.28,true,1,
8710502405204,false,עוג.מרבה ממולאות שוקו175,מרבה,NL,עוגיות מרבה,גרמים,175.00,100 גרם,false,0,9.50,5.43,true,1,
8710502420016,false,עוג.שוקולד צ'יפס קרמל175,מרבה,ES,עוגיות מרבה,גרמים,175.00,100 גרם,false,0,9.50,5.43,true,1,
8710502470028,false,עוג.שוקוצ'יפס נוגטלי160ג,מרבה,NL,עוגיות שוקוצ'יפס,גרמים,160.00,100 גרם,false,0,9.50,5.94,true,1,
8710800027573,false,מיני מנטוס משפחתי 178גרם,פרפטי ואן מלה ברדה,NL,מיני מנטוס,גרמים,178.00,100 גרם,false,0,12.30,6.91,true,1,
8710908148293,false,אקס ספריי בלאק נייט 150מ,יוניליוור,GB,אקס ספריי גוף,מיליליטרים,150.00,"100 מ""ל",false,1,14.90,9.93,true,1,
8711600359659,false,ג'ל רחצה אקס אקסייט 400מ,יוניליוור,IL,ג'ל רחצה אקס,מיליליטרים,400.00,"100 מ""ל",false,0,10.00,2.50,true,1,
8711600654679,false,ג'ל רחצה אקס אנרכי 400 מ,יוניליוור,IL,ג'ל רחצה אקס,מיליליטרים,400.00,"100 מ""ל",false,0,10.00,2.50,true,1,
8711700665834,false,סבון מוצק דאב 100*6 גרם,יוניליוור,IL,סבון דאב שישייה,גרמים,600.00,100 גרם,false,0,19.90,3.32,true,1,
8711700796712,false,אקס ג'ל רחצה אפולו 400מ,יוניליוור,IL,אקס ג'ל רחצה,מיליליטרים,400.00,"100 מ""ל",false,0,10.00,2.50,true,1,
8712400802499,false,נוטרילון שלב1- 800 גרם,נוטרישיה קאלק,NL,נוטרילון שלה1-,גרמים,800.00,100 גרם,false,0,64.90,8.11,true,1,
8712400802512,false,נוטרילון שלב2- 800 גרם,נוטרישיה קאלק,NL,נוטרילון שלב2-,גרמים,800.00,100 גרם,false,0,64.90,8.11,true,1,
8712400802536,false,נוטרילון שלב3- 800 גרם,נוטרישיה קאלק,NL,נוטרילון שלב3-,גרמים,800.00,100 גרם,false,0,64.90,8.11,true,1,
8712561461436,false,"אקס ג'ל רחצה גולד 400מ""ל",יוניליוור,IL,אקס ג'ל רחצה,מיליליטרים,400.00,"100 מ""ל",false,0,10.00,2.50,true,1,
8712561594240,false,תח.רחצה דאב הזנה עמוק500,יוניליוור,DE,תחליב רחצה דאב,מיליליטרים,500.00,"100 מ""ל",false,1,17.90,3.58,true,1,
8712561611411,false,תח.רחצה דאב תה ירוק 750מ,יוניליוור,DE,תחליב רחצה דאב,מיליליטרים,750.00,"100 מ""ל",false,1,16.90,2.25,true,1,
8712561626286,false,תחליב רחצה דאב זוהר 750מ,יוניליוור,DE,תחליב רחצה דאב,מיליליטרים,750.00,"100 מ""ל",false,1,16.90,2.25,true,1,
8712561631570,false,תח.רחצה דאב חלב קוקוס750,יוניליוור,DE,תחליב רחצה דאב,מיליליטרים,750.00,"100 מ""ל",false,1,16.90,2.25,true,1,
8712561645959,false,תחליב רחצה דאב פיסטוק500,יוניליוור,DE,תחליב רחצה דאב,מיליליטרים,500.00,"100 מ""ל",false,1,17.90,3.58,true,1,
8712561646116,false,תחליב רחצה דאב פיסטוק750,יוניליוור,DE,תחליב רחצה דאב,מיליליטרים,750.00,"100 מ""ל",false,1,16.90,2.25,true,1,
8712561653220,false,תחליב רחצה דאב  תאנה 750,יוניליוור,DE,תחליב רחצה דאב,מיליליטרים,750.00,"100 מ""ל",false,1,16.90,2.25,true,1,
8712561676106,false,"וזלין ספריי קוקוס 190מ""ל",יוניליוור,PT,וזלין ספריי,מיליליטרים,190.00,"100 מ""ל",false,1,32.90,17.32,true,1,
8712561802987,false,תחל.רחצה דאב מנדרינה750מ,יוניליוור,DE,תחליב רחצה דאב,מיליליטרים,750.00,"100 מ""ל",false,1,16.90,2.25,true,1,
8712566127931,false,תה ירוק לימון מליסה20שק',יוניליוור,RU,תה ירוק,גרמים,32.00,100 גרם,false,0,16.50,51.56,true,1,
8714599513781,false,קפה נמס ג'קובס גולד 200ג,ג'יי.די.אי.,RU,קפה נמס ג'קובס,גרמים,200.00,100 גרם,false,1,26.90,13.45,true,1,
8714599513866,false,קפה נמס ג'קובס קרוננג200,ג'יי.די.אי.,RU,קפה נמס ג'קובס,גרמים,200.00,100 גרם,false,1,29.90,14.95,true,1,
8714789095653,false,"משחה קולגייט הרבל100 מ""ל",קולגייט-פלמוליב,IL,משחת שיניים,מיליליטרים,100.00,"100 מ""ל",false,0,12.50,12.50,true,1,
8714789132549,false,קולגייט הרבל להלבנה100מל,קולגייט-פלמוליב,BR,משחת שיניים,מיליליטרים,100.00,"100 מ""ל",false,0,12.50,12.50,true,1,
8714789177229,false,4 מב.קולגייט אקסטרה קלין,קולגייט-פלמוליב,VN,4 מברשות שיניים,יחידה,1.00,יחידה,false,0,10.00,10.00,true,1,
8714789213033,false,מברשת קולגייט מדיום 2 יח,קולגייט-פלמוליב,CN,2 מברשות שיניים,יחידה,1.00,יחידה,false,0,30.00,30.00,true,1,
8714789237039,false,קולגייט מולטי פרוטקשן75מ,קולגייט-פלמוליב,PL,משחת שיניים,מיליליטרים,75.00,"100 מ""ל",false,0,9.90,13.20,true,1,
8714789402918,false,אג'קס חג.פרחים אדום 1.5ל,קולגייט-פלמוליב,GR,אג'קס לניקוי,ליטרים,1.50,ליטר,false,0,19.90,13.27,true,1,
8714789402970,false,אג'קס חגיגת פרח.ירוק 1.5,קולגייט-פלמוליב,GR,אג'קס חגיגת פרח.ירוק 1.5,ליטרים,1.50,ליטר,false,0,19.90,13.27,true,1,
8714789450315,false,פלמוליב לכלים לימון1.5ל',קולגייט-פלמוליב,IL,פלמוליב לכלים,ליטרים,1.50,ליטר,false,0,12.80,8.53,true,1,
8714789473970,false,קולגייט טוטל אדוונס 100מ,קולגייט-פלמוליב,PL,קולגייט טוטל אדוונס 100מ,מיליליטרים,100.00,"100 מ""ל",false,0,14.90,14.90,true,1,
8714789529561,false,קולגייט פרו ריליף+הלבנ75,קולגייט-פלמוליב,BR,משחת קולגייט,מיליליטרים,75.00,"100 מ""ל",false,0,14.90,19.87,true,1,
8714789552897,false,קולגייט טוטל אדוונס 100מ,קולגייט-פלמוליב,PL,משחת קולגייט,מיליליטרים,100.00,"100 מ""ל",false,0,14.90,14.90,true,1,
8714789582764,false,מרסס לניקוי חלונות 750 מ,קולגייט-פלמוליב,IL,מרסס לניקוי חלונות 750 מ,מיליליטרים,750.00,"100 מ""ל",false,0,15.30,2.04,true,1,
8714789682334,false,קולגייט טוטל מתקדם 100מל,קולגייט-פלמוליב,PL,משחת קולגייט,מיליליטרים,100.00,"100 מ""ל",false,1,18.70,18.70,true,1,
8714789722610,false,משחת קולגייט סנסטיב 75מל,קולגייט-פלמוליב,PL,משחת קולגייט,מיליליטרים,75.00,"100 מ""ל",false,0,9.90,13.20,true,1,
8714789791913,false,אג'קס פרחי לוטוס 1.5 ל,קולגייט-פלמוליב,GR,אג'קס פרחי לוטוס,ליטרים,1.50,ליטר,false,0,19.90,13.27,true,1,
8714789797786,false,פלמוליב 4ב1 כתום 750מל,קולגייט-פלמוליב,GR,פלמוליב לכלים,מיליליטרים,750.00,"100 מ""ל",false,0,9.70,1.29,true,1,
8714789834467,false,פלמוליב נוזל לכלים 1.5ל',קולגייט-פלמוליב,GR,פלמוליב לכלים,ליטרים,1.50,ליטר,false,0,12.80,8.53,true,1,
8714789855929,false,משחת קולגייט טוטל גאם75מ,קולגייט-פלמוליב,IL,משחת קולגייט,מיליליטרים,75.00,"100 מ""ל",false,0,21.70,28.93,true,1,
8714789861852,false,קולגייט מקס פרש קלין100מ,קולגייט-פלמוליב,PL,משחת קולגייט,מיליליטרים,100.00,"100 מ""ל",false,1,14.90,14.90,true,1,
8714789930848,false,משחת אופטיק וייט אינסט75,קולגייט-פלמוליב,PL,משחת קולגייט,מיליליטרים,75.00,"100 מ""ל",false,0,20.00,26.67,true,1,
8714789939797,false,סבון פלמוליב מקדמיה500מל,קולגייט-פלמוליב,IT,סבון פלמוליב,מיליליטרים,500.00,"100 מ""ל",false,1,14.90,2.98,true,1,
8714800004114,false,בירה בווריה,,NL,בירה בווריה,מיליליטרים,500.00,"100 מ""ל",false,0,7.90,1.58,true,1,
8715700419732,false,מתבל עגבניות היינץ700גרם,היינץ,NL,מתבל עגבניות,גרמים,700.00,100 גרם,false,0,12.90,1.84,true,1,
8717038900593,false,וודקה מידנייט אננס 750מ,אוונדיס טים פרודקטס,NL,וודקה אננס,מיליליטרים,750.00,"100 מ""ל",false,1,69.90,9.32,true,1,
8717163559802,false,דאב קרם גוף לעור יבש 400,יוניליוור,DE,דאב קרם גוף,מיליליטרים,400.00,"100 מ""ל",false,0,25.90,6.48,true,1,
8717163607305,false,סב.דאב מוצק גרגרים100X4ג,יוניליוור,DE,סבון דאב רביעייה,גרמים,400.00,100 גרם,false,0,15.50,3.88,true,1,
8717644390566,false,סבון דאב מלפפונים 100X4ג,יוניליוור,DE,סבון דאב רביעי,גרמים,400.00,100 גרם,false,0,15.50,3.88,true,1,
8718114047249,false,סבון מוצק דאב 100*6 גרם,יוניליוור,DE,סבון דאב שישייה,גרמים,600.00,100 גרם,false,0,19.90,3.32,true,1,
8718114734484,false,מיונז מיילי 320 גרם,יונילבר צרפת,FR,מיונז מיילי,גרמים,320.00,100 גרם,false,0,16.90,5.28,true,1,
8718951001596,false,אג'קס ספריי לאמבטיה600מל,קולגייט-פלמוליב,GR,אג'קס לאמבטיה,מיליליטרים,600.00,"100 מ""ל",false,1,14.80,2.47,true,1,
8718951038738,false,אג'קס חג.הפרחים כתום1.5ל,קולגייט-פלמוליב,GR,אג'קס חג.פרחים,ליטרים,1.50,ליטר,false,1,19.90,13.27,true,1,
8718951044913,false,"משחת מרידול להלבנה 75מ""ל",גאבה,DE,משחת מרידול,מיליליטרים,75.00,"100 מ""ל",false,1,14.90,19.87,true,1,
8722700001225,false,תה פרמידה מנגו אפרסק20שק,יוניליוור,BE,תה פרמידה,גרמים,36.00,100 גרם,false,0,15.10,41.94,true,1,
8722700089131,false,תה פירמידה מנטה 2גר20Xשק,יוניליוור,BE,תה פירמידה מנטה,גרמים,40.00,100 גרם,false,0,15.10,37.75,true,1,
8723400756552,false,מנטוס ריינבאו 37.50 גרם,פרפטי ואן מלה ברדה,NL,מנטוס ריינבאו,גרמים,37.00,100 גרם,false,0,10.90,29.46,true,1,
8801055706440,false,טסטרס צ'ויס טו גו 36 גרם,נסטלה,KR,קפה טסטרס צ'וייס,גרמים,36.00,100 גרם,false,0,9.90,27.50,true,1,
8801055706976,false,נסקפה קפוצ'ינו וניל185ג,נסטלה,KR,קפוצ'ינו וניל,גרמים,185.00,100 גרם,false,0,19.30,10.43,true,1,
8801055707010,false,נסקפה קפוצינו קלאסיק125ג,נסטלה,KR,נס קפה קפוצ'ינו,גרמים,125.00,100 גרם,false,0,19.30,15.44,true,1,
8801055707188,false,נסקפה קפוצ'ינו אגוזים180,נסטלה,KR,נס קפה קפוצ'ינו,גרמים,180.00,100 גרם,false,0,19.30,10.72,true,1,
8850206011025,false,"רוטב סויה בהירה 700 מ""ל",יאן ואל יון,IL,רוטב סויה בהירה,מיליליטרים,700.00,"100 מ""ל",false,0,13.80,1.97,true,1,
8850206110025,false,"רוטב צילי מתוק 700 מ""ל",יאן ואל יון,IL,רוטב צילי מתוק,מיליליטרים,700.00,"100 מ""ל",false,0,13.90,1.99,true,1,
8850206222025,false,"רוטב חמוץ מתוק 700 מ""ל",אוריינטל פוד,IL,רוטב חמוץ מתוק,מיליליטרים,700.00,"100 מ""ל",false,0,14.80,2.11,true,1,
8850206224135,false,"רוטב טריאקי 250 מ""ל",יאן ואל קורפוריישן גרופ,TH,רוטב טריאקי,מיליליטרים,250.00,"100 מ""ל",false,0,13.80,5.52,true,1,
8850206801473,false,"רוטב קארי ירוק 250 מ""ל",יאן ואל קורפוריישן גרופ,TH,רוטב קארי ירוק,מיליליטרים,250.00,"100 מ""ל",false,1,13.80,5.52,true,1,
8850206801480,false,"רוטב קארי אדום 250 מ""ל",יאן ואל קורפוריישן גרופ,TH,רוטב קארי אדום,מיליליטרים,250.00,"100 מ""ל",false,1,13.80,5.52,true,1,
8850227010182,false,אטריות אורז 454 גרם,יאן ואל קורפוריישן גרופ,TH,אטריות אורז,גרמים,454.00,100 גרם,false,0,9.80,2.16,true,1,
8850389105825,false,סאפה אלוורה ענבים 1 ליטר,FOOD GENERAL SAPANAN,TH,סאפה ענבים,ליטרים,1.00,ליטר,false,0,10.00,10.00,true,1,
8850389105832,false,סאפה אלוורה תפוחים 1ליטר,FOOD GENERAL SAPANAN,TH,סאפה תפוחים,ליטרים,1.00,ליטר,false,0,10.00,10.00,true,1,
8850389105849,false,סאפה אלוורה אפרסק 1 ליטר,FOOD GENERAL SAPANAN,TH,סאפה אפרסק,ליטרים,1.00,ליטר,false,0,10.00,10.00,true,1,
8850389111666,false,משקה אלוורה בטעם אננס1ל,FOOD GENERAL SAPANAN,TH,משקה אלוורה,ליטרים,1.00,ליטר,false,1,10.00,10.00,true,1,
8850632604259,false,יוגטה חמוץ מקלות תות 50ג,סאאדת,TH,יוגטה ממתק חמוץ,גרמים,50.00,100 גרם,false,0,4.60,9.20,true,1,
8850632604372,false,יוגטה חמוץ שטיח תות 50גר,סאאדת,TH,יוגטה ממתק חמוץ,גרמים,50.00,100 גרם,false,0,4.60,9.20,true,1,
8850632604402,false,יוגטה חמוץ שטיח מעורב50ג,סאאדת,TH,יוגטה ממתק חמוץ,גרמים,50.00,100 גרם,false,0,4.60,9.20,true,1,
8851613101385,false,חלב קוקוס,,TR,חלב קוקוס,מיליליטרים,500.00,"100 מ""ל",false,0,11.00,2.20,true,1,
8852111004406,false,שמורי דג סיירה,,TH,שמורי דג סיירה,גרמים,240.00,100 גרם,false,0,6.90,2.88,true,1,
8853602001607,false,"דפי אורז 22ס""מ יח",יאן ואל קורפוריישן גרופ,TH,דפי אורז,יחידה,1.00,יחידה,false,1,7.80,7.80,true,1,
8857101301008,false,רוטב צ'ילי,,TH,רוטב צ'ילי,מיליליטרים,700.00,"100 מ""ל",false,0,7.90,1.13,true,1,
8888021200256,false,שמינית סוללות AA,אנרג'ייזר,US,שמינית סוללות,יחידה,1.00,יחידה,false,0,26.80,26.80,true,1,
8888021200720,false,שמינית סוללות AAA,אנרג'ייזר,US,8 סוללות AAA,יחידה,1.00,יחידה,false,0,26.80,26.80,true,1,
8888111030107,false,מיץ תפוחים100%טבעי240*4מ,"פילד פרש פודס בע""מ",IN,מיץ תפוחים 4 יח,מיליליטרים,960.00,"100 מ""ל",false,1,10.00,1.04,true,1,
8888111030145,false,מיץ אננס עם קוקוס240*4מ,פילפאק,PH,מיץ אננס 4 יח,מיליליטרים,960.00,"100 מ""ל",false,1,10.00,1.04,true,1,
8888757103005,false,"שמן שומשום טהור 300 מ""ל",תאי פרזידנס פוד בנגקפי,SG,שמן שומשום,מיליליטרים,300.00,"100 מ""ל",false,0,18.30,6.10,true,1,
8901030002410,false,דאב קרם גוף מלפפונים400מ,יוניליוור,DE,קרם גוף דאב,מיליליטרים,400.00,"100 מ""ל",false,0,25.90,6.48,true,1,
8901030004384,false,ואזלין תחליב גוף לבן725מ,יוניליוור,IL,תחליב גוף ואזלין,מיליליטרים,725.00,"100 מ""ל",false,0,31.90,4.40,true,1,
8901030004421,false,ואזלין תח.גוף אלוורה725מ,יוניליוור,IL,תחליב גוף ואזלין,מיליליטרים,725.00,"100 מ""ל",false,0,31.90,4.40,true,1,
8901483010482,false,מלפפונים שלמים,,,מלפפונים שלמים,גרמים,680.00,100 גרם,false,0,7.90,1.16,true,1,
8901483010505,false,קורנישון בחומץ,,,קורנישון בחומץ,גרמים,680.00,100 גרם,false,0,8.80,1.29,true,1,
8901537024014,false,אורז בסמטי,,IN,אורז בסמטי,קילוגרמים,1.00,"ק""ג",false,0,13.90,13.90,true,1,
8992760221028,false,עוגיות אוראו 137 גרם,מונדלייז,ID,עוגיות אוראו,גרמים,137.00,100 גרם,false,1,6.90,5.04,true,1,
9000100806657,false,פה רול און אינויזיבל 50מ,הנקל סוד,DE,דאודורנט פה,מיליליטרים,50.00,"100 מ""ל",false,0,9.90,19.80,true,1,
9000100808842,false,גליס שמן לשיער צבוע 75 מ,הנקל סוד,DE,שמן לשיער גליס,מיליליטרים,75.00,"100 מ""ל",false,0,30.00,40.00,true,1,
9000100833110,false,סומט הכול ב1- 70 טבליות,הנקל סוד,DE,סומט טבליות,יחידה,1.00,יחידה,false,1,45.50,45.50,true,1,
9000100930567,false,סומט גולד 22טבליות למדיח,הנקל סוד,DE,סומט טבליות,יחידה,1.00,יחידה,false,1,19.70,19.70,true,1,
9000100930628,false,סומט גולד 44טבליות למדיח,הנקל סוד,DE,סומט טבליות,יחידה,1.00,יחידה,false,1,36.60,36.60,true,1,
9000100971461,false,"סומט ג'ל גולד 600 מ""ל",הנקל סוד,HU,סומט ג'ל למדיח,מיליליטרים,600.00,"100 מ""ל",false,1,19.90,3.32,true,1,
9000133236926,false,מיני קרים 120 גרם,שרייבר&רופ,AT,מיני קרים,גרמים,120.00,100 גרם,false,1,14.90,12.42,true,1,
9001616202100,false,מאמ זוג מוצצים REAL LOVE,.,HU,זוג מוצצים מאמ,יחידה,1.00,יחידה,false,0,30.00,30.00,true,1,
9001616202117,false,2 מוצצי סיליקון,,,2 מוצצי סיליקון,יחידה,1.00,יחידה,false,0,30.00,30.00,true,1,
9001616202155,false,מאמ2- מוצצים 16)MAXIULTI,.,HU,זוג מוצצים מאמ,יחידה,1.00,יחידה,false,0,30.00,30.00,true,1,
9001616202186,false,מאמ בקבוק,,,מאמ בקבוק,יחידה,1.00,יחידה,false,0,30.00,30.00,true,1,
9001616202360,false,זוג מוצצי אולטי,.,HU,זוג מוצצים,יחידה,1.00,יחידה,false,0,30.00,30.00,true,1,
9001616202445,false,מוצץ מאמ,,HU,מוצץ מאמ,יחידה,1.00,יחידה,false,0,30.00,30.00,true,1,
9001616203305,false,פיטמה MAM למזון סמיך,.,AT,פיטמה למזון סמיך,יחידה,1.00,יחידה,false,0,29.00,29.00,true,1,
9001616203350,false,FLOW SLOW מאמ פטמות,.,HU,מאמ פטמות,יחידה,1.00,יחידה,false,0,29.00,29.00,true,1,
9001616203626,false,מאמ פטמות FAST FOLW,.,HU,מאמ פטמות,יחידה,1.00,יחידה,false,0,29.00,29.00,true,1,
9003579302552,false,פדיגרי מרקיס 150 גרם,מרס,HU,פדיגרי מרקיס,גרמים,150.00,100 גרם,false,1,10.90,7.27,true,1,
9044400841000,false,בובת פז 3+יח מילוי,פז,AT,סוכריות פז,יחידה,1.00,יחידה,false,0,10.90,10.90,true,1,
9300632078431,false,קולגייט פרו רילף מולטי75,קולגייט-פלמוליב,IL,משחת קולגייט,מיליליטרים,75.00,"100 מ""ל",false,0,14.90,19.87,true,1,
9310072000282,false,טים טם ביסקויט שו.חלב200,ארנולטס,AU,ביסקויט טים טאם,גרמים,200.00,100 גרם,false,0,16.90,8.45,true,1,
9310088000559,false,14 תחבושות דיפנד אולטרה,חוגלה קימברלי,VN,תחבושות דיפנד,יחידה,1.00,יחידה,false,0,22.90,22.90,true,1,
9310088007015,false,8 תחבושות דיפנד לילה,חוגלה קימברלי,VN,תחבושות  דיפנד,יחידה,1.00,יחידה,false,0,22.90,22.90,true,1,
9310088007671,false,14 תחבושות דיפנד סופר,חוגלה קימברלי,VN,תחבושות דיפנד,יחידה,1.00,יחידה,false,0,22.90,22.90,true,1,
9310088007688,false,12 תחבושות דיפנד אקסטרה,חוגלה קימברלי,VN,תחבושות דיפנד,יחידה,1.00,יחידה,false,0,22.90,22.90,true,1,
9310088007695,false,10תחבושות דיפנד אקסטרה +,חוגלה קימברלי,VN,תחבושות דיפנד,יחידה,1.00,יחידה,false,0,22.90,22.90,true,1,
9322969000015,false,פריכיות תירס 150 גרם,אלגם גיל,AU,פריכיות תירס,גרמים,150.00,100 גרם,false,0,12.80,8.53,true,1,
9322969000022,false,פריכיות תירס עם סויה150ג,אלגם גיל,AU,פריכיות תירס,גרמים,150.00,100 גרם,false,0,12.80,8.53,true,1,
9322969000046,false,פריכיות תירס אורגני150גר,אלגם גיל,AU,פריכיות תירס,גרמים,150.00,100 גרם,false,0,12.80,8.53,true,1,
9720188050109,false,ממרח טופו בטעם טבעי 225ג,משק צוריאל תבור,US,ממרח טופו בטעם טבעי 225ג,גרמים,225.00,100 גרם,false,0,19.90,8.84,true,1,
9720188060108,false,ממרח טופו בטעם טבעי340גר,משק צוריאל תבור,US,ממרח טופו בטעם טבעי340גר,גרמים,340.00,100 גרם,false,0,19.90,5.85,true,1,
