code,internal_code,name,manufacturer_name,manufacture_country,manufacturer_item_description,unit_qty,quantity,unit_of_measure,weighted,qty_in_package,price,unit_of_measure_price,allow_discount,status,item_id
4,true,משלוח מוסדות,שונות /שרות,,,"י""ח",1,,false,1,23,23,false,1,
151,true,עוף טחון טרי  {קצביה]**,"ח.י. מעדני גורמה בע""מ",,,"ק""ג",1,,true,1,49.90,49.90,true,1,
233,true,"תרומה 2 ש""ח",שונות /שרות,,,"י""ח",1,,false,1,2,2,false,1,
284,true,דג בורי L טרי,"ח.י. מעדני גורמה בע""מ",,,"ק""ג",1,,true,1,49.90,49.90,true,1,
288,true,דג דניס S טרי,"ח.י. מעדני גורמה בע""מ",,,"ק""ג",1,,true,1,59.90,59.90,true,1,
289,true,דג קרפיון מצונן טרי,"ח.י. מעדני גורמה בע""מ",,,"ק""ג",1,,true,1,29.90,29.90,false,1,
302,true,דג אמנון L טרי,"ח.י. מעדני גורמה בע""מ",,,"ק""ג",1,,true,1,35.90,35.90,true,1,
327,true,דג ברמונדי טרי,"ח.י. מעדני גורמה בע""מ",,,"ק""ג",1,,true,1,49.90,49.90,false,1,
332,true,דג פילה דניס טרי כ-120גר,"ח.י. מעדני גורמה בע""מ",,,"י""ח",1,,false,1,17.90,17.90,true,1,
350,true,דג פילה מושט טרי כ-100גר,"ח.י. מעדני גורמה בע""מ",,,"י""ח",1,,false,1,14.90,14.90,true,1,
402,true,דג סלמון שלם טרי.,"ח.י. מעדני גורמה בע""מ",,,"ק""ג",1,,true,1,79.90,79.90,true,1,
403,true,דג פילה סלמון טרי,"ח.י. מעדני גורמה בע""מ",,,"ק""ג",1,,true,1,119.90,119.90,true,1,
492,true,פילה לברק כ120גר,"ח.י. מעדני גורמה בע""מ",,,"י""ח",1,,false,1,17.90,17.90,true,1,
504,true,אנונה,ביכורי השדה צפון 1994 ג.ד. בעמ,,,"ק""ג",1,,true,1,24.90,24.90,false,1,
505,true,אבוקדו,ביכורי השדה צפון 1994 ג.ד. בעמ,,,"ק""ג",1,"ק""ג",true,1,9.90,9.90,false,1,
507,true,אפרסק מובחר,ביכורי השדה צפון 1994 ג.ד. בעמ,,,"ק""ג",1,"ק""ג",true,1,6.90,6.90,false,1,
509,true,קסביה,ביכורי השדה צפון 1994 ג.ד. בעמ,,,"ק""ג",1,"ק""ג",true,1,15.90,15.90,false,1,
510,true,אגסים,ביכורי השדה צפון 1994 ג.ד. בעמ,,,"ק""ג",1,"ק""ג",true,1,12.90,12.90,false,1,
515,true,אפרסמון,ביכורי השדה צפון 1994 ג.ד. בעמ,,,"ק""ג",1,"ק""ג",true,1,13.90,13.90,false,1,
522,true,אננס.,ביכורי השדה צפון 1994 ג.ד. בעמ,,,"י""ח",1,,false,1,29.90,29.90,false,1,
523,true,אשכולית אדומה,ביכורי השדה צפון 1994 ג.ד. בעמ,,,"ק""ג",1,"ק""ג",true,1,6.90,6.90,false,1,
530,true,בננה.,ביכורי השדה צפון 1994 ג.ד. בעמ,,,"ק""ג",1,"ק""ג",true,1,6.90,6.90,false,1,
533,true,גויאבה,ביכורי השדה צפון 1994 ג.ד. בעמ,,,"ק""ג",1,"ק""ג",true,1,14.90,14.90,false,1,
535,true,לימון,ביכורי השדה צפון 1994 ג.ד. בעמ,,,"ק""ג",1,"ק""ג",true,1,6.90,6.90,false,1,
536,true,פמלה,ביכורי השדה צפון 1994 ג.ד. בעמ,,,"ק""ג",1,"ק""ג",true,1,6.90,6.90,false,1,
540,true,מלון,ביכורי השדה צפון 1994 ג.ד. בעמ,,,"ק""ג",1,"ק""ג",true,1,6.90,6.90,false,1,
543,true,מנגו,ביכורי השדה צפון 1994 ג.ד. בעמ,,,"ק""ג",1,"ק""ג",true,1,5.90,5.90,false,1,
545,true,נקטרינה,ביכורי השדה צפון 1994 ג.ד. בעמ,,,"ק""ג",1,"ק""ג",true,1,6.90,6.90,false,1,
553,true,ענב אדום,ביכורי השדה צפון 1994 ג.ד. בעמ,,,"ק""ג",1,"ק""ג",true,1,18.90,18.90,false,1,
554,true,ענבים לבן .,ביכורי השדה צפון 1994 ג.ד. בעמ,,,"ק""ג",1,"ק""ג",true,1,22.90,22.90,false,1,
557,true,פמלית,ביכורי השדה צפון 1994 ג.ד. בעמ,,,"ק""ג",1,"ק""ג",true,1,8.90,8.90,false,1,
560,true,קלמנטינה,ביכורי השדה צפון 1994 ג.ד. בעמ,,,"ק""ג",1,"ק""ג",true,1,5.90,5.90,false,1,
563,true,קיווי.,ביכורי השדה צפון 1994 ג.ד. בעמ,,,"ק""ג",1,"ק""ג",true,1,17.90,17.90,false,1,
564,true,רימונים,ביכורי השדה צפון 1994 ג.ד. בעמ,,,"ק""ג",1,"ק""ג",true,1,7.90,7.90,false,1,
566,true,שזיף אדום.,ביכורי השדה צפון 1994 ג.ד. בעמ,,,"ק""ג",1,"ק""ג",true,1,15.90,15.90,false,1,
575,true,תפוז תבורי.,ביכורי השדה צפון 1994 ג.ד. בעמ,,,"ק""ג",1,"ק""ג",true,1,5.90,5.90,false,1,
583,true,תפוח סמיט ירוק,ביכורי השדה צפון 1994 ג.ד. בעמ,,,"ק""ג",1,"ק""ג",true,1,10.90,10.90,false,1,
585,true,תפוח חרמון,ביכורי השדה צפון 1994 ג.ד. בעמ,,,"ק""ג",1,"ק""ג",true,1,10.90,10.90,false,1,
586,true,תפוז ברשת,ביכורי השדה צפון 1994 ג.ד. בעמ,,,"ק""ג",1,,true,1,4.90,4.90,false,1,
588,true,תפוח גלה,ביכורי השדה צפון 1994 ג.ד. בעמ,,,"ק""ג",1,"ק""ג",true,1,13.90,13.90,false,1,
590,true,תפוח זהוב.,ביכורי השדה צפון 1994 ג.ד. בעמ,,,"ק""ג",1,"ק""ג",true,1,10.90,10.90,false,1,
594,true,סברס,ביכורי השדה צפון 1994 ג.ד. בעמ,,,"ק""ג",1,"ק""ג",true,1,29.90,29.90,false,1,
605,true,בצל יבש,ביכורי השדה צפון 1994 ג.ד. בעמ,,,"ק""ג",1,"ק""ג",true,1,3.90,3.90,false,1,
606,true,בצל אדום,ביכורי השדה צפון 1994 ג.ד. בעמ,,,"ק""ג",1,"ק""ג",true,1,6.90,6.90,false,1,
612,true,בטטה,ביכורי השדה צפון 1994 ג.ד. בעמ,,,"ק""ג",1,"ק""ג",true,1,9.90,9.90,false,1,
622,true,דלורית,ביכורי השדה צפון 1994 ג.ד. בעמ,,,"ק""ג",1,"ק""ג",true,1,5.90,5.90,false,1,
623,true,חסה ערבית,ביכורי השדה צפון 1994 ג.ד. בעמ,,,"י""ח",1,,false,1,4.90,4.90,false,1,
625,true,חציל,ביכורי השדה צפון 1994 ג.ד. בעמ,,,"ק""ג",1,"ק""ג",true,1,6.90,6.90,false,1,
629,true,ירק בתפזורת,ביכורי השדה צפון 1994 ג.ד. בעמ,,,"י""ח",1,,false,1,3.90,3.90,true,1,
630,true,כרוב לבן,ביכורי השדה צפון 1994 ג.ד. בעמ,,,"ק""ג",1,"ק""ג",true,1,3.90,3.90,false,1,
633,true,כרוב אדום,ביכורי השדה צפון 1994 ג.ד. בעמ,,,"ק""ג",1,"ק""ג",true,1,4.90,4.90,false,1,
635,true,.כרובית,ביכורי השדה צפון 1994 ג.ד. בעמ,,,"י""ח",1,"ק""ג",false,1,10.90,10.90,false,1,
636,true,שמיר רגיל לא ארוז,ביכורי השדה צפון 1994 ג.ד. בעמ,,,"י""ח",1,,false,1,3.90,3.90,true,1,
645,true,מלפפון.,ביכורי השדה צפון 1994 ג.ד. בעמ,,,"ק""ג",1,"ק""ג",true,1,6.90,6.90,false,1,
655,true,סלרי ראש,ביכורי השדה צפון 1994 ג.ד. בעמ,,,"י""ח",1,,false,1,6.90,6.90,false,1,
659,true,סלק אדום,ביכורי השדה צפון 1994 ג.ד. בעמ,,,"ק""ג",1,"ק""ג",true,1,3.90,3.90,false,1,
660,true,עגבניה.,ביכורי השדה צפון 1994 ג.ד. בעמ,,,"ק""ג",1,"ק""ג",true,1,5.90,5.90,false,1,
661,true,עגבניה שרי תפזורת,ביכורי השדה צפון 1994 ג.ד. בעמ,,,"ק""ג",1,,true,1,18.90,18.90,false,1,
663,true,פלפל חריף ירוק,ביכורי השדה צפון 1994 ג.ד. בעמ,,,"ק""ג",1,"ק""ג",true,1,9.90,9.90,false,1,
665,true,פלפל כהה,ביכורי השדה צפון 1994 ג.ד. בעמ,,,"ק""ג",1,"ק""ג",true,1,8.90,8.90,false,1,
666,true,פלפל צהוב,ביכורי השדה צפון 1994 ג.ד. בעמ,,,"ק""ג",1,"ק""ג",true,1,9.90,9.90,false,1,
667,true,גמבה אדומה,ביכורי השדה צפון 1994 ג.ד. בעמ,,,"ק""ג",1,"ק""ג",true,1,9.90,9.90,false,1,
669,true,פלפל בהיר,ביכורי השדה צפון 1994 ג.ד. בעמ,,,"ק""ג",0,"ק""ג",true,1,9.90,9.90,false,1,
673,true,פטריות טרי  מגש,ביכורי השדה צפון 1994 ג.ד. בעמ,,,"י""ח",1,"י""ח",false,1,9.90,9.90,true,1,
684,true,זנגביל,ביכורי השדה צפון 1994 ג.ד. בעמ,,,"ק""ג",1,,true,1,29.90,29.90,false,1,
685,true,קישואים.,ביכורי השדה צפון 1994 ג.ד. בעמ,,,"ק""ג",1,"ק""ג",true,1,8.90,8.90,false,1,
687,true,קולורבי,ביכורי השדה צפון 1994 ג.ד. בעמ,,,"ק""ג",1,"ק""ג",true,1,9.90,9.90,false,1,
689,true,שום ארוז.,ביכורי השדה צפון 1994 ג.ד. בעמ,,,"י""ח",1,,false,1,7.90,7.90,true,1,
690,true,שומר,ביכורי השדה צפון 1994 ג.ד. בעמ,,,"ק""ג",1,"ק""ג",true,1,8.90,8.90,false,1,
692,true,שום טרי.,ביכורי השדה צפון 1994 ג.ד. בעמ,,,"ק""ג",1,,true,1,19.90,19.90,false,1,
698,true,תירס קלחים טרי ארוז.,ביכורי השדה צפון 1994 ג.ד. בעמ,,,"ק""ג",1,"ק""ג",true,1,8.90,8.90,false,1,
699,true,תפוח אדמה אדום.,ביכורי השדה צפון 1994 ג.ד. בעמ,,,"ק""ג",1,"ק""ג",true,1,4.90,4.90,false,1,
700,true,תפוח אדמה לבן ארוז,ביכורי השדה צפון 1994 ג.ד. בעמ,,,"ק""ג",1,"ק""ג",true,1,3.90,3.90,false,1,
712,true,חציל בלאדי,ביכורי השדה צפון 1994 ג.ד. בעמ,,,"ק""ג",1,,true,1,6.90,6.90,false,1,
716,true,פלפל כתום,ביכורי השדה צפון 1994 ג.ד. בעמ,,,"ק""ג",1,"ק""ג",true,1,9.90,9.90,false,1,
723,true,תפוח פינק ישראלי.,ביכורי השדה צפון 1994 ג.ד. בעמ,,,"ק""ג",1,,true,1,19.90,19.90,false,1,
735,true,קישוא זוקיני,ביכורי השדה צפון 1994 ג.ד. בעמ,,,"ק""ג",1,,true,1,9.90,9.90,false,1,
741,true,"תפו""א בתפזורת",ביכורי השדה צפון 1994 ג.ד. בעמ,,,"ק""ג",1,,true,1,5.90,5.90,false,1,
770,true,פלפל שושקה,ביכורי השדה צפון 1994 ג.ד. בעמ,,,"ק""ג",1,,true,1,15.90,15.90,false,1,
821,true,תפוח פינק,ביכורי השדה צפון 1994 ג.ד. בעמ,,,"ק""ג",1,"ק""ג",true,1,19.90,19.90,false,1,
832,true,פלפל טינקרבל,ביכורי השדה צפון 1994 ג.ד. בעמ,,,"י""ח",1,,false,1,9.90,9.90,true,1,
841,true,משלוח השלמות,שונות /שרות,,,"י""ח",1,,false,1,0.01,0.01,false,1,
877,true,מלפפון בייבי,ביכורי השדה צפון 1994 ג.ד. בעמ,,,"י""ח",1,,false,1,8.90,8.90,true,1,
891,true,אפרסמון קרמבו.,ביכורי השדה צפון 1994 ג.ד. בעמ,,,"ק""ג",1,"ק""ג",true,1,13.90,13.90,false,1,
985,true,פטרוזיליה,ביכורי השדה צפון 1994 ג.ד. בעמ,,,"י""ח",1,,false,1,3.90,3.90,true,1,
1222,true,פלפל יבש חריף,שלי מוצרי מזון ותבלינים***,,,"י""ח",1,"י""ח",false,1,10.90,10.90,false,1,
1579,true,סלרי אמריקאי,ביכורי השדה צפון 1994 ג.ד. בעמ,,,"י""ח",1,,false,1,5.80,5.80,false,1,
1616,true,כוסברה,ביכורי השדה צפון 1994 ג.ד. בעמ,,,"י""ח",1,,false,1,6.90,6.90,true,1,
2009,true,מעריב חול/שבת   בשקל,שונות /שרות,,,"י""ח",1,,false,1,6.90,6.90,false,1,
2061,true,סטייק עם עצם  טרי**.,"ח.י. מעדני גורמה בע""מ",,,"ק""ג",1,,true,1,119.90,119.90,true,1,
2065,true,צלי כתף  טרי/מצונן**,"ח.י. מעדני גורמה בע""מ",,,"ק""ג",1,,true,1,99.90,99.90,false,1,
2067,true,אוסובוקו  טרי**,"ח.י. מעדני גורמה בע""מ",,,"ק""ג",1,,true,1,69.90,69.90,true,1,
2069,true,צוואר טרי /מצונן  חלק**,"ח.י. מעדני גורמה בע""מ",,,"ק""ג",1,"ק""ג",true,1,64.90,64.90,true,1,
3416,true,קוקטייל עוף טרי מקוצב,"ח.י. מעדני גורמה בע""מ",,,"ק""ג",1,,true,1,49.90,49.90,true,1,
4018,true,מעורב ירושלמי,"ח.י. מעדני גורמה בע""מ",,,"ק""ג",1,,true,1,59.90,59.90,false,1,
4443,true,סופגניה רגילה עם ריבה.,שונות /שרות,,,"י""ח",1,,false,1,4.90,4.90,true,1,
4600,true,חומוס דרוזי,לפ סלטי דלישס בעמ,,,"ק""ג",1,,true,1,17.90,17.90,false,1,
5076,true,אונטריפ עגל כשר טרי/מצונן **,"ח.י. מעדני גורמה בע""מ",,,"ק""ג",1,,true,1,89.90,89.90,true,1,
5300,true,צוואר כבש  טרי**,"ח.י. מעדני גורמה בע""מ",,,"ק""ג",1,,true,1,79.90,79.90,false,1,
5577,true,פמלית אוצר הארץ,ביכורי השדה צפון 1994 ג.ד. בעמ,,,"ק""ג",1,"ק""ג",true,1,8.90,8.90,false,1,
6611,true,עגבניה שרי ארוז,ביכורי השדה צפון 1994 ג.ד. בעמ,,,"י""ח",1,,false,1,9.90,9.90,false,1,
6895,true,ביצי דג קפוא,ב ספק דגים קפואים,,,"ק""ג",1,,true,1,49.90,49.90,false,1,
7076,true,הסעות להבים,שונות /שרות,,,"י""ח",1,,false,1,100,100,false,1,
8027,true,תרומה ילדים בסיכוי,שונות /שרות,,,"י""ח",1,,false,1,10,10,false,1,
8881,true,שקית שרות קופה גופיה גליל,שונות /שרות,,,"י""ח",1,,false,1,0.10,0.10,false,1,
18163,true,קישואים,פלאפל הגשר מרכז,,,"ק""ג",0,"ק""ג",true,1,8.90,8.90,false,1,
23809,true,יין קלאסיק ברקן ק. סובניון,טמפו משקאות בעמ,,,"י""ח",7.50,"ל 100 מ""ל",false,1,32.90,4.35,true,1,
23816,true,יין קלאסיק ברקן אמרלד ריזלינג,טמפו משקאות בעמ,,,"י""ח",7.50,"ל 100 מ""ל",false,1,32.90,4.35,true,1,
23823,true,יין קלאסיק סוביניון בלאן,טמפו משקאות בעמ,,,"י""ח",7.50,"ל 100 מ""ל",false,1,32.90,4.35,true,1,
23847,true,קלאסיק ברקן שרדונה,טמפו משקאות בעמ,,,"י""ח",7.50,"ל 100 מ""ל",false,1,32.90,4.35,true,1,
23977,true,יין קלאסיק מרלו ברקן.,טמפו משקאות בעמ,,,"י""ח",7.50,"ל 100 מ""ל",false,1,32.90,4.35,true,1,
24202,true,רזרב  קברנה סובניון ברקן,טמפו משקאות בעמ,,,"י""ח",7.50,"ל 100 מ""ל",false,1,44.90,5.95,true,1,
24530,true,"יין אדום מתוק לקידוש של סגל 750מ""ל",טמפו משקאות בעמ,,,"י""ח",7.50,"ל 100 מ""ל",false,1,14.90,1.95,false,1,
30039,true,משלוח אונליין,שונות /שרות,,,"י""ח",1,,false,1,30,30,true,1,
30040,true,איסוף אונליין,שונות /שרות,,,"י""ח",1,,false,1,9.90,9.90,true,1,
30043,true,משלוחים מוזלים,שונות /שרות,,,"י""ח",1,,false,1,30,30,true,1,
40011,true,טחון בקר+כבש  טרי,"ח.י. מעדני גורמה בע""מ",,,"ק""ג",1,,true,1,74.80,74.80,false,1,
40442,true,עצמות בקר למרק  טרי**,"ח.י. מעדני גורמה בע""מ",,,"ק""ג",1,,true,1,19.90,19.90,false,1,
40974,true,חלב טרי דל לקטוז 1 ליטר,"תנובה בע""מ ***",,,"י""ח",1,ליטר,false,1,7.10,7.10,false,1,
41012,true,שניצל עגל  טרי/מצונן**,"ח.י. מעדני גורמה בע""מ",,,"ק""ג",1,,true,1,79.90,79.90,false,1,
41043,true,כנפיים עוף חצוי טרי**.,"ח.י. מעדני גורמה בע""מ",,,"ק""ג",1,,true,1,19,19,true,1,
41118,true,אנטריקוט דק דק**.,"ח.י. מעדני גורמה בע""מ",,,"ק""ג",1,,true,1,199.90,199.90,true,1,
41138,true,טחון כתף  טרי**,"ח.י. מעדני גורמה בע""מ",,,"ק""ג",1,,true,1,64.90,64.90,false,1,
41212,true,סטייק פרגיות  עוף טרי**,"ח.י. מעדני גורמה בע""מ",,,"ק""ג",1,,true,1,79.90,79.90,true,1,
41218,true,גרון עוף טרי  **,"ח.י. מעדני גורמה בע""מ",,,"ק""ג",1,,true,1,14.90,14.90,true,1,
41229,true,הודו אדום טרי  **,"ח.י. מעדני גורמה בע""מ",,,"ק""ג",1,,true,1,59.90,59.90,false,1,
41230,true,הודו טחון  טרי**,"ח.י. מעדני גורמה בע""מ",,,"ק""ג",1,,true,1,34.90,34.90,false,1,
41235,true,רצועות שוארמה  הודו**,"ח.י. מעדני גורמה בע""מ",,,"ק""ג",1,,true,1,74.90,74.90,false,1,
41260,true,כתף בקר טרי /מצונן חלק.,"ח.י. מעדני גורמה בע""מ",,,"ק""ג",1,,true,1,79.90,79.90,true,1,
41265,true,עצמות מח/ברך   טרי**,"ח.י. מעדני גורמה בע""מ",,,"ק""ג",1,,true,1,34.90,34.90,false,1,
41268,true,אסאדו עם עצם טרי**,"ח.י. מעדני גורמה בע""מ",,,"ק""ג",1,,true,1,79.90,79.90,true,1,
41269,true,גולש עגל  טרי/מצונן**,"ח.י. מעדני גורמה בע""מ",,,"ק""ג",1,,true,1,79.90,79.90,true,1,
41270,true,כנפית עוף **,"ח.י. מעדני גורמה בע""מ",,,"ק""ג",1,,true,1,21.90,21.90,true,1,
41271,true,אנטריקוט טרי/מצונן**,"ח.י. מעדני גורמה בע""מ",,,"ק""ג",1,,true,1,199,199,true,1,
41324,true,רוסטביף לתנור  **,"ח.י. מעדני גורמה בע""מ",,,קוב,1,,true,1,89.90,89.90,false,1,
41326,true,צלי חזה בקר טרי **,"ח.י. מעדני גורמה בע""מ",,,"ק""ג",1,,true,1,69.90,69.90,true,1,
41360,true,חזה בקר  טרי**,"ח.י. מעדני גורמה בע""מ",,,"ק""ג",1,,true,1,59.90,59.90,true,1,
41369,true,שומן כבש  טרי**,"ח.י. מעדני גורמה בע""מ",,,"ק""ג",1,,true,1,105.90,105.90,false,1,
41374,true,שפיץ  **,"ח.י. מעדני גורמה בע""מ",,,"ק""ג",1,,true,1,138.80,138.80,true,1,
41379,true,שוקית כנף עוף **,"ח.י. מעדני גורמה בע""מ",,,"ק""ג",1,,true,1,21.90,21.90,true,1,
41390,true,חזה בקר   טרי***עם עצם,"ח.י. מעדני גורמה בע""מ",,,"ק""ג",1,,true,1,59.90,59.90,false,1,
41414,true,אונטריף טרי/מצונן**,"ח.י. מעדני גורמה בע""מ",,,"ק""ג",1,,true,1,89.90,89.90,true,1,
41447,true,פרגית עוף לתנור עם עצם טרי**,"ח.י. מעדני גורמה בע""מ",,,"ק""ג",1,,true,1,59.90,59.90,true,1,
41545,true,רצועות  חזה עוף להקפצה /טחינה**.,"ח.י. מעדני גורמה בע""מ",,,"ק""ג",1,,true,1,44.90,44.90,true,1,
41659,true,אסאדו בלי עצם טרי**,"ח.י. מעדני גורמה בע""מ",,,"ק""ג",1,,true,1,79.90,79.90,true,1,
41680,true,דנוור סטייק טרי **.,"ח.י. מעדני גורמה בע""מ",,,"ק""ג",1,,true,1,118,118,false,1,
41996,true,מעורב ישראלי,"ח.י. מעדני גורמה בע""מ",,,"ק""ג",1,,true,1,69.90,69.90,true,1,
42209,true,טחון כתף/צלעות טרי **,"ח.י. מעדני גורמה בע""מ",,,"ק""ג",1,,true,1,59.90,59.90,true,1,
42261,true,סטייק עם עצם  טרי**,"ח.י. מעדני גורמה בע""מ",,,"ק""ג",1,,true,1,119.90,119.90,true,1,
42265,true,צלי כתף  טרי/מצונן**,"ח.י. מעדני גורמה בע""מ",,,"ק""ג",1,,true,1,99.90,99.90,false,1,
42266,true,פילה מדומה   טרי/מצונן**,"ח.י. מעדני גורמה בע""מ",,,"ק""ג",1,,true,1,89.90,89.90,true,1,
42267,true,אוסובוקו  טרי**,"ח.י. מעדני גורמה בע""מ",,,"ק""ג",1,,true,1,69.90,69.90,true,1,
42268,true,שריר  טרי/מצונן**,"ח.י. מעדני גורמה בע""מ",,,"ק""ג",1,"ק""ג",true,1,69.90,69.90,true,1,
42269,true,צוואר טרי/מצונן   חלק**,"ח.י. מעדני גורמה בע""מ",,,"ק""ג",1,"ק""ג",true,1,64.90,64.90,true,1,
42272,true,טחול הודו  טרי**,"ח.י. מעדני גורמה בע""מ",,,"ק""ג",1,,true,1,64.90,64.90,false,1,
42323,true,אצבעות נגיסי עוף טרי**,"ח.י. מעדני גורמה בע""מ",,,"ק""ג",1,,true,1,49.90,49.90,true,1,
42866,true,אוסובוקו הודו טרי **,"ח.י. מעדני גורמה בע""מ",,,"ק""ג",1,,true,1,39.90,39.90,true,1,
46006,true,עמק שקילה  *,"תנובה בע""מ ***",,,"ק""ג",10,ל 100 גרם,true,1,44.79,4.48,false,1,
46501,true,טל העמק שקיל,"תנובה בע""מ ***",,,"ק""ג",10,ל 100 גרם,true,1,60,6,false,1,
46549,true,מוצרלה  חריץ 20% מהדרין שקיל,"תנובה בע""מ ***",,,"ק""ג",1,"ק""ג",true,1,79,79,false,1,
46662,true,.גבינה סקנדינבית,"תנובה בע""מ ***",,,"ק""ג",10,"ק""ג",true,1,76,7.60,false,1,
47027,true,גבינה  קצ`קבל(גלעד) חריץ תנובה שקיל,"תנובה בע""מ ***",,,"ק""ג",10,ל 100 גרם,true,1,121,12.10,false,1,
47485,true,בולגרית פיראוס  %24 שקיל,"תנובה בע""מ ***",,,"ק""ג",1,"ק""ג",true,1,57,57,false,1,
51352,true,חלב של פעם 1 ליטר,"תנובה בע""מ ***",,,"י""ח",1,ליטר,false,1,7.60,7.60,false,1,
51710,true,פיראוס לאבנה עם שמן זית וזעתר 263גר`,"תנובה בע""מ ***",,,"י""ח",2.63,ל 100 גרם,false,1,13.90,5.29,false,1,
52311,true,עמק 15% פרוס בקופסא 200גר`,"תנובה בע""מ ***",,,"י""ח",2,ל 100 גרם,false,1,16.20,8.10,true,1,
52649,true,פיראוס לאבנה 5% 500גר`,"תנובה בע""מ ***",,,"י""ח",5,ל 100 גרם,false,1,20,4,false,1,
55329,true,"יופלה משקה יוגורט טעם תות-מלון 250מ""ל","תנובה בע""מ ***",,,"י""ח",2.50,ל 100 גרם,false,1,5.60,2.24,false,1,
55336,true,"יופלה משקה יוגורט טעם בננה-אפרסק 250מ""","תנובה בע""מ ***",,,"י""ח",2.50,ל 100 גרם,false,1,5.60,2.24,false,1,
55893,true,חמאה 200גרם   רגיל*תנובה,"תנובה בע""מ ***",,,"י""ח",2,ל 100 גרם,false,1,7.80,3.90,false,1,
56760,true,"עמק פרוס בקופסא 400גר בד""ץ","תנובה בע""מ ***",,,"י""ח",4,ל 100 גרם,false,1,26.90,6.73,false,1,
56845,true,חלב תנובה טרי הומוגני 3% 1.5  ליטר*,"תנובה בע""מ ***",,,"י""ח",1.50,ליטר,false,1,9.34,6.23,false,1,
56883,true,מאגדת יופלה שמיניה פירות 3%,"תנובה בע""מ ***",,,"י""ח",1.20,ליטר,false,1,29.90,24.92,false,1,
57088,true,עמק דק 200גר`,"תנובה בע""מ ***",,,"י""ח",2,ל 100 גרם,false,1,16.30,8.15,true,1,
57118,true,עמק סמי מעדניה  400גרם,"תנובה בע""מ ***",,,"י""ח",4,ל 100 גרם,false,1,20.90,5.23,false,1,
57132,true,יוגורט תנובה 1.5% 200גרם,"תנובה בע""מ ***",,,"י""ח",2,ל 100 גרם,false,1,3.20,1.60,false,1,
57149,true,יוגורט תנובה 3% 200גרם,"תנובה בע""מ ***",,,"י""ח",2,ל 100 גרם,false,1,3.20,1.60,false,1,
57453,true,"(עמק  28% חריץ  בד""ץ*","תנובה בע""מ ***",,,"ק""ג",10,ל 100 גרם,true,1,44.79,4.48,false,1,
57477,true,חלב טרי הומוגני 3% 1.5  ליטר*,"תנובה בע""מ ***",,,"י""ח",1.50,ליטר,false,1,9.34,6.23,false,1,
58030,true,"יופלה שטוזים מקה יוגורט תות 800 מ""ל","תנובה בע""מ ***",,,"י""ח",8,"ל 100 מ""ל",false,1,20.90,2.61,false,1,
58047,true,"שמנת מתוקה  (38%תנובה)עם  פקק 500 מ""ל*","תנובה בע""מ ***",,,"י""ח",5,"ל 100 מ""ל",false,1,12.94,2.59,false,1,
58979,true,ג לי בטעם תות 125גר,"תנובה בע""מ ***",,,"י""ח",1.25,"ל 100 מ""ל",false,1,1.50,1.20,false,1,
59310,true,דג לברק טרי,"ח.י. מעדני גורמה בע""מ",,,"ק""ג",1,,true,1,74.90,74.90,false,1,
60316,true,פרפקטו ספגטי,קבוצת אוסם סחר-שות.מוגבלת,,,"י""ח",5,ל 100 גרם,false,1,7.50,1.50,false,1,
60903,true,פתיתים אפויים אורז אוסם,קבוצת אוסם סחר-שות.מוגבלת,,,"י""ח",5,ל 100 גרם,false,1,6.90,1.38,true,1,
61214,true,פתיתים קוסקום עם בצל 500גר`,קבוצת אוסם סחר-שות.מוגבלת,,,"י""ח",5,ל 100 גרם,false,1,7.90,1.58,true,1,
61450,true,פתיתים קוסקוס 3 צבעים 500גר`,קבוצת אוסם סחר-שות.מוגבלת,,,"י""ח",5,ל 100 גרם,false,1,7.60,1.52,true,1,
62129,true,"פודינג אינסטנט וניל  1 ק""ג",קבוצת אוסם סחר-שות.מוגבלת,,,"י""ח",1,"ק""ג",false,1,23.90,23.90,false,1,
63142,true,פרגיות עוף   טרי[קצביה]**מוזל,"ח.י. מעדני גורמה בע""מ",,,"ק""ג",1,"ק""ג",true,1,69.90,69.90,true,1,
65977,true,חטיפי פריכונים תירס שומשום 80 ג`,קבוצת אוסם סחר-שות.מוגבלת,,,"י""ח",8,ל 100 גרם,false,1,7.10,0.89,false,1,
68787,true,במבה יום הולדת }25גרם{,קבוצת אוסם סחר-שות.מוגבלת,,,"י""ח",0.25,ל 100 גרם,false,1,2.90,11.60,false,1,
69609,true,חטיפי קרקר זעתר 300גר`,קבוצת אוסם סחר-שות.מוגבלת,,,"י""ח",3,ל 100 גרם,false,1,11.90,3.97,true,1,
69715,true,חטיפי קרקר מלוח 300גר`,קבוצת אוסם סחר-שות.מוגבלת,,,"י""ח",3,ל 100 גרם,false,1,11.90,3.97,true,1,
69739,true,חטיפי קרקר שומשום 300גר`,קבוצת אוסם סחר-שות.מוגבלת,,,"י""ח",3,ל 100 גרם,false,1,9.90,3.30,true,1,
70919,true,בייגלה רשתות  מלח 400גר,קבוצת אוסם סחר-שות.מוגבלת,,,"י""ח",4,ל 100 גרם,false,1,12.90,3.23,false,1,
71008,true,שטוחים בייגלה מלח 60גר,קבוצת אוסם סחר-שות.מוגבלת,,,"י""ח",0.60,ל 100 גרם,false,1,3.10,5.17,false,1,
72067,true,במבה חלבה 60גר`,קבוצת אוסם סחר-שות.מוגבלת,,,"י""ח",0.60,ל 100 גרם,false,1,4.30,7.17,true,1,
73699,true,חומוס  150גר צבר,קבוצת אוסם סחר-שות.מוגבלת,,,"י""ח",1.50,ל 100 גרם,false,1,5.20,3.47,false,1,
74481,true,לחמית אגוזים 230גרם,קבוצת אוסם סחר-שות.מוגבלת,,,"י""ח",2.30,ל 100 גרם,false,1,8.90,3.87,true,1,
75693,true,עוגת שמרים בריוש שוקולד,קבוצת אוסם סחר-שות.מוגבלת,,,"י""ח",3.60,ל 100 גרם,false,1,17.90,4.97,false,1,
76645,true,טוסטעים חיטה מלאה 100גר`,קבוצת אוסם סחר-שות.מוגבלת,,,"י""ח",1,ל 100 גרם,false,1,10.70,10.70,false,1,
77253,true,לחמית כפרית עם דגנים מלאים 190 ג`,קבוצת אוסם סחר-שות.מוגבלת,,,"י""ח",1.90,ל 100 גרם,false,1,8.90,4.68,true,1,
77925,true,טוסטעים צנימים עגולים חיטה מלאה 125גר`,קבוצת אוסם סחר-שות.מוגבלת,,,"י""ח",1.25,ל 100 גרם,false,1,10.70,8.56,false,1,
89188,true,יין פומפידיתא 1ליטר,ויטה- פרי גליל (החדשה) בעמ,,,"י""ח",1,ליטר,false,1,16.90,16.90,false,1,
100128,true,תות קפוא 300ג  סנפרוסט,תנובה בשר,,,"י""ח",5,ל 100 גרם,false,1,16.90,3.38,true,1,
100296,true,שייק תות בננה  300ג.,תנובה בשר,,,"י""ח",3,ל 100 גרם,false,1,16.90,5.63,true,1,
100302,true,פול ירוק קלוף סנפרוסט{600גר,תנובה בשר,,,"י""ח",6,ל 100 גרם,false,1,22.90,3.82,true,1,
101132,true,לקט קטניות לחמין 800ג,תנובה בשר,,,"י""ח",8,ל 100 גרם,false,1,19.90,2.49,true,1,
101989,true,דודבן חמוץ  מוקפא  300ג,תנובה בשר,,,"י""ח",3,ל 100 גרם,false,1,16.90,5.63,true,1,
103365,true,מרק ירקות  סנפרוסט 560ג,תנובה בשר,,,"י""ח",5.60,ל 100 גרם,false,1,16.90,3.02,true,1,
103433,true,לקט ירקות לתנור}סנפרוסט{,תנובה בשר,,,"י""ח",8,ל 100 גרם,false,1,20.90,2.61,true,1,
103457,true,מיני כרובית 600 גרם}סנפרוסט{,תנובה בשר,,,"י""ח",6,ל 100 גרם,false,1,15.90,2.65,true,1,
103471,true,מיני ברוקולי (600סנפרוסט),תנובה בשר,,,"י""ח",6,ל 100 גרם,false,1,15.90,2.65,true,1,
103488,true,ארטישוק  ירושלמי}סנפרוסט{400גר,תנובה בשר,,,"י""ח",4,ל 100 גרם,false,1,20.90,5.23,true,1,
103525,true,"גזר גמדי בד""ץ 700גר",תנובה בשר,,,"י""ח",7,ל 100 גרם,false,1,14.70,2.10,true,1,
103556,true,"גרגירי חומס בד""ץ",תנובה בשר,,,"י""ח",7,ל 100 גרם,false,1,16.90,2.41,true,1,
103730,true,לקט להקפצה עם פסטה פוזילי 800גר`,תנובה בשר,,,"י""ח",8,ל 100 גרם,false,1,22.90,2.86,true,1,
103815,true,לקט להקפצה בסגנון   תאילנ}סנפרוסט {800,תנובה בשר,,,"י""ח",8,ל 100 גרם,false,1,22.90,2.86,true,1,
103822,true,לקט לעוף 800גרם סנפרוסט,תנובה בשר,,,"י""ח",8,ל 100 גרם,false,1,21.90,2.74,true,1,
103839,true,מרק כתום   572גרם סנפרוסט,תנובה בשר,,,"י""ח",5.72,ל 100 גרם,false,1,16.90,2.95,true,1,
103846,true,מרק אפונה 572גרם סנפרוסט,תנובה בשר,,,"י""ח",5.72,ל 100 גרם,false,1,10.90,1.91,true,1,
103860,true,מרק עדשים 572גרם סנפרוסט,תנובה בשר,,,"י""ח",5.72,ל 100 גרם,false,1,16.90,2.95,true,1,
103877,true,מרק שעועית 644גרם סנפרוסט,תנובה בשר,,,"י""ח",6.44,ל 100 גרם,false,1,10.90,1.69,true,1,
104072,true,"עדשים מבושלים 1ק""ג",תנובה בשר,,,"י""ח",1,"ק""ג",false,1,19.90,19.90,true,1,
104188,true,שעועית אדומה מבושלת 800גר`,תנובה בשר,,,"י""ח",8,ל 100 גרם,false,1,18.90,2.36,true,1,
110004,true,"קנס""חותמת  אדומה"" רפאל מימון",שונות /שרות,,,"י""ח",1,,false,1,200,200,false,1,
110851,true,כיפלי חטיף בצל,"יוניליוור ישראל שיווק בע""מ",,,"י""ח",0.70,ל 100 גרם,false,1,4.50,6.43,true,1,
113361,true,ערכת אבלים כבאות והצלה,שונות /שרות,,,"י""ח",1,,false,1,900,900,false,1,
116884,true,רוטב ברביקיו-קנור  340גרם,"יוניליוור ישראל שיווק בע""מ",,,"י""ח",3.40,ל 100 גרם,false,1,10.90,3.21,true,1,
116945,true,רוטב סויה-קנור  340גרם,"יוניליוור ישראל שיווק בע""מ",,,"י""ח",3.40,ל 100 גרם,false,1,10.90,3.21,true,1,
120874,true,מיונז הלמנס לייט 424גרם,"יוניליוור ישראל שיווק בע""מ",,,"י""ח",4.24,ל 100 גרם,false,1,12.90,3.04,false,1,
124749,true,"קורנביף קפוא ארוז חב""ד",בלדי בעמ,,,"ק""ג",1,"ק""ג",true,1,46.90,46.90,false,1,
124756,true,"כתף כבש קפוא חב""ד בלדי",בלדי בעמ,,,"ק""ג",1,"ק""ג",true,1,49.90,49.90,false,1,
135311,true,פפסי מקס ליים 1.5 ליטר,טמפו משקאות בעמ,,,"י""ח",1.50,ליטר,false,1,7.50,4.80,true,1,
135465,true,"סודה טמפו 500 מ""ל 12 בק",טמפו משקאות בעמ,,,"י""ח",6,ליטר,false,1,26.90,3.88,true,1,
135595,true,פפסי מקס טעם דובדבן 1.5 ליטר,טמפו משקאות בעמ,,,"י""ח",1.50,ליטר,false,1,7.20,4.60,true,1,
136141,true,פפסי 1.5 ליטר.,טמפו משקאות בעמ,,,"י""ח",1.50,"ל 100 מ""ל",false,1,7.60,4.87,true,1,
136158,true,פפסי מקס 1.5 ליטר,טמפו משקאות בעמ,,,"י""ח",1.50,ליטר,false,1,7.50,4.80,true,1,
136165,true,מירנדה 1.5 ליטר,טמפו משקאות בעמ,,,"י""ח",1.50,ליטר,false,1,7.60,4.87,true,1,
136172,true,סבן אפ 1.5 ליטר.,טמפו משקאות בעמ,,,"י""ח",1.50,ליטר,false,1,7.60,4.87,true,1,
136189,true,7-UP דיאט  1.5 ליטר,טמפו משקאות בעמ,,,"י""ח",1.50,ליטר,false,1,7.20,4.60,true,1,
136240,true,סודה טמפו 1.5 ל,טמפו משקאות בעמ,,,"י""ח",1.50,ליטר,false,1,4.20,2.60,true,1,
136257,true,טוניק RUSH 1.5 ליטר,טמפו משקאות בעמ,,,"י""ח",1.50,ליטר,false,1,9.90,6.40,true,1,
136288,true,"סיידר תרכיז 330מ""ל בטעם תפוחים  Juicer",טמפו משקאות בעמ,,,"י""ח",3.30,"ל 100 מ""ל",false,1,12.90,3.91,true,1,
136295,true,"סיידר תרכיז 330מ""ל בטעם פטל  Juicer",טמפו משקאות בעמ,,,"י""ח",3.30,"ל 100 מ""ל",false,1,12.90,3.91,true,1,
136431,true,ג אמפ אפרסק צלול 1.5 ליטר,טמפו משקאות בעמ,,,"י""ח",1.50,ליטר,false,1,7.50,4.80,true,1,
136455,true,ג אמפ אשכוליות 1.5 ליטר,טמפו משקאות בעמ,,,"י""ח",1.50,ליטר,false,1,7.50,4.80,true,1,
136516,true,ג אמפ מנגו פסיפלורה 1.5 ליטר,טמפו משקאות בעמ,,,"י""ח",1.50,ליטר,false,1,7.50,4.80,true,1,
136523,true,ג אמפ ענבים 1.5 ליטר,טמפו משקאות בעמ,,,"י""ח",1.50,ליטר,false,1,7.50,4.80,true,1,
136561,true,ג אמפ תות בננה 1.5 ליטר,טמפו משקאות בעמ,,,"י""ח",1.50,ליטר,false,1,7.50,4.80,true,1,
136608,true,ג אמפ תפוח צלול 1.5 ליטר,טמפו משקאות בעמ,,,"י""ח",1.50,ליטר,false,1,7.50,4.80,true,1,
136691,true,סבן אפ 1.5 שישיה,טמפו משקאות בעמ,,,"י""ח",9,ליטר,false,1,39.90,4.23,false,1,
136752,true,"סבן אפ דיאט, 1.5 ליטר שישייה.",טמפו משקאות בעמ,,,"י""ח",9,ליטר,false,1,36.90,3.90,true,1,
136769,true,פפסי 1.5 ליטר שישיה,טמפו משקאות בעמ,,,"י""ח",9,ליטר,false,1,39.90,4.23,false,1,
136776,true,פפסי מקס 1.5 ליטר שישיה,טמפו משקאות בעמ,,,"י""ח",9,ליטר,false,1,37.90,4.01,false,1,
136790,true,סודה 1.5 ליטר שישיה טמפו,טמפו משקאות בעמ,,,"י""ח",9,ליטר,false,1,16.90,1.68,false,1,
136868,true,סאן בנדטו שישיה 1.5 ל,טמפו משקאות בעמ,,,"י""ח",9,ליטר,false,1,17.90,1.79,false,1,
136875,true,סאן בנדטו  מוגז שישיה 1.5 ליטר,טמפו משקאות בעמ,,,"י""ח",9,ליטר,false,1,19.90,2.01,false,1,
143279,true,שמפו הוואי 700 אדום,הנקל סוד בעמ,,,"י""ח",7,"ל 100 מ""ל",false,1,10.90,1.56,false,1,
152943,true,מארז סלמי+פסטרמה  350*2,קבוצת אוסם סחר-שות.מוגבלת,,,"י""ח",7,ל 100 גרם,false,1,23.90,3.41,true,1,
153469,true,קציצות עוף קלאסיות עוף טוב 600 גרם,קבוצת אוסם סחר-שות.מוגבלת,,,"י""ח",6,ל 100 גרם,false,1,26.90,4.48,true,1,
158105,true,שניצל דינוזאור עוף טוב,קבוצת אוסם סחר-שות.מוגבלת,,,"י""ח",7,ל 100 גרם,false,1,26.90,3.84,true,1,
159010,true,שניצל דובונים עוף טוב,קבוצת אוסם סחר-שות.מוגבלת,,,"י""ח",7,ל 100 גרם,false,1,26.90,3.84,true,1,
160078,true,"קוסקוס קנור 10ק""ג","יוניליוור ישראל שיווק בע""מ",,,"י""ח",1.80,ל 100 גרם,false,1,139.90,77.72,false,1,
166605,true,סיף כללי יסמין 4 ליטר,"יוניליוור ישראל שיווק בע""מ",,,"י""ח",4,ליטר,false,1,19.90,4.98,false,1,
168173,true,ברנפלקס קראנצ`ים 375גרם,"יוניליוור ישראל שיווק בע""מ",,,"י""ח",5,ל 100 גרם,false,1,19.90,3.98,true,1,
169538,true,נמס בכוס מרק עגבניות עם קרוטונים 62  ג`ב,"יוניליוור ישראל שיווק בע""מ",,,"י""ח",0.34,ל 100 גרם,false,1,6.90,20.29,true,1,
169798,true,"עוגי מופחת סוכר  500 ג בד""ץ","יוניליוור ישראל שיווק בע""מ",,,"י""ח",5,ל 100 גרם,false,1,19.90,3.98,true,1,
176420,true,111,"שטראוס גרופ בע""מ",,,"י""ח",2,"ל 100 מ""ל",false,1,19.90,9.95,true,1,
185224,true,סילאן בקבוק לחיץ 650ג,תה ויסוצקי (ישראל)בעמ,,,"י""ח",6.50,ל 100 גרם,false,1,15.90,2.45,false,1,
185330,true,סילאן טבעי 900ג,תה ויסוצקי (ישראל)בעמ,,,"י""ח",9,ל 100 גרם,false,1,21.90,2.43,true,1,
185590,true,סילאן 635ג טבעי בקבוק,תה ויסוצקי (ישראל)בעמ,,,"י""ח",6.35,ל 100 גרם,false,1,19.90,3.13,false,1,
186535,true,נייר טואלט לילי טריו 32 לבן,קימברלי קלארק ישראל שיווק בעמ,,,"י""ח",17.88,ל 100 גרם,false,1,41.90,2.34,false,1,
187853,true,נייר טואלט לילי לבן 1/40,קימברלי קלארק ישראל שיווק בעמ,,,"י""ח",40,"י""ח",false,1,42.90,1.07,true,1,
188355,true,מגבות ניקול לבנה 1/6,קימברלי קלארק ישראל שיווק בעמ,,,"י""ח",66.20,מטר,false,1,12.90,0.19,true,1,
188386,true,מגבות ניקול לבנה 1/12,קימברלי קלארק ישראל שיווק בעמ,,,"י""ח",132.40,מארז,false,1,21.90,0.17,false,1,
188553,true,מגני תחתון קוטקס SILK נורמל,קימברלי קלארק ישראל שיווק בעמ,,,"י""ח",1,"י""ח",false,1,22.90,22.90,true,1,
188591,true,מגני תחתון קוטקס SILK יאנג,קימברלי קלארק ישראל שיווק בעמ,,,"י""ח",1,"י""ח",false,1,22.90,22.90,true,1,
189079,true,תבניות אינגליש קייק חזקות ועבות,קימברלי קלארק ישראל שיווק בעמ,,,"י""ח",1,,false,1,11.90,11.90,false,1,
189116,true,תבניות עגולות חזקות ועבות,קימברלי קלארק ישראל שיווק בעמ,,,"י""ח",1,,false,1,11.90,11.90,false,1,
189260,true,תבניות מלבניות חזקות ועבות,קימברלי קלארק ישראל שיווק בעמ,,,"י""ח",1,,false,1,11.90,11.90,false,1,
189277,true,.תבניות מלבניות גדולות ועמוקות,קימברלי קלארק ישראל שיווק בעמ,,,"י""ח",1,,false,1,9.90,9.90,false,1,
189598,true,מטליות לחות חד פעמיות ניקול,קימברלי קלארק ישראל שיווק בעמ,,,"י""ח",1,ל 100 גרם,false,1,9.80,9.80,false,1,
189659,true,ניקול מטליות לחות לרצפה,קימברלי קלארק ישראל שיווק בעמ,,,"י""ח",1,"י""ח",false,1,9.90,9.90,false,1,
189680,true,זוג מטליות לחות לרצפה,קימברלי קלארק ישראל שיווק בעמ,,,"י""ח",2,ל 100 גרם,false,1,21.90,10.95,false,1,
189734,true,מטליות לחות לפרקט,קימברלי קלארק ישראל שיווק בעמ,,,"י""ח",1,,false,1,10.90,10.90,false,1,
189871,true,#ניקול אשפתון פחים גדולים 55יח,קימברלי קלארק ישראל שיווק בעמ,,,"י""ח",55,"י""ח",false,1,23.90,0.43,true,1,
190198,true,מטליות לחות לניקוי נירוסטה,קימברלי קלארק ישראל שיווק בעמ,,,"י""ח",1,,false,1,9.80,9.80,false,1,
191225,true,האגיס ליטל בייביס שלב 2 חדש,קימברלי קלארק ישראל שיווק בעמ,,,"י""ח",1,"י""ח",false,1,31.90,31.90,false,1,
192581,true,מגבות ניקול גליל כפול 6=12,קימברלי קלארק ישראל שיווק בעמ,,,"י""ח",6,"י""ח",false,1,21.90,3.65,false,1,
193076,true,מטליות ריצפה ניקול שלשיה,קימברלי קלארק ישראל שיווק בעמ,,,"י""ח",3,"י""ח",false,1,10.90,3.63,false,1,
194288,true,משטח החתלה,קימברלי קלארק ישראל שיווק בעמ,,,"י""ח",1,,false,1,22.90,22.90,false,1,
194837,true,שקיות למזון גדולות במיוחד,קימברלי קלארק ישראל שיווק בעמ,,,"י""ח",200,"י""ח",false,1,10.90,0.05,true,1,
195216,true,נייר אפיה לתנור בשקית 50יח,קימברלי קלארק ישראל שיווק בעמ,,,"י""ח",1,"י""ח",false,1,10.90,10.90,false,1,
196763,true,שקיות אשפה  ניקול גדול,קימברלי קלארק ישראל שיווק בעמ,,,"י""ח",1,"י""ח",false,1,21.90,21.90,true,1,
197425,true,האגיס פרידום דריי שלב 3,קימברלי קלארק ישראל שיווק בעמ,,,"י""ח",54,"י""ח",false,1,45.90,0.85,true,1,
197456,true,האגיס פרידום דריי שלב 4,קימברלי קלארק ישראל שיווק בעמ,,,"י""ח",44,"י""ח",false,1,45.90,1.04,true,1,
197463,true,האגיס פרידום דריי שלב 4+,קימברלי קלארק ישראל שיווק בעמ,,,"י""ח",42,"י""ח",false,1,45.90,1.09,true,1,
197548,true,האגיס פרידום דריי שלב 5,קימברלי קלארק ישראל שיווק בעמ,,,"י""ח",38,"י""ח",false,1,45.90,1.21,true,1,
197678,true,האגיס פרידום דריי שלב  6,קימברלי קלארק ישראל שיווק בעמ,,,"י""ח",34,"י""ח",false,1,45.90,1.35,true,1,
201818,true,טיטולים פרמיום שלב 2,קימברלי קלארק ישראל שיווק בעמ,,,"י""ח",1,"י""ח",false,1,36.90,36.90,true,1,
201832,true,טיטולים פרמיום שלב 3,קימברלי קלארק ישראל שיווק בעמ,,,"י""ח",1,"י""ח",false,1,36.90,36.90,true,1,
201849,true,טיטולים פרמיום שלב 4,קימברלי קלארק ישראל שיווק בעמ,,,"י""ח",1,"י""ח",false,1,36.90,36.90,true,1,
201856,true,טיטולים פרמיום שלב 4+,קימברלי קלארק ישראל שיווק בעמ,,,"י""ח",1,"י""ח",false,1,36.90,36.90,true,1,
201863,true,טיטולים פרמיום שלב 5,קימברלי קלארק ישראל שיווק בעמ,,,"י""ח",1,"י""ח",false,1,36.90,36.90,true,1,
201870,true,טיטולים פרמיום שלב 6,קימברלי קלארק ישראל שיווק בעמ,,,"י""ח",1,"י""ח",false,1,36.90,36.90,true,1,
204512,true,מטליות לחות לרצפה בריח לימון,קימברלי קלארק ישראל שיווק בעמ,,,"י""ח",1,"י""ח",false,1,11,11,false,1,
205915,true,האגיס אקסטרא קר מידה 4,קימברלי קלארק ישראל שיווק בעמ,,,"י""ח",1,"י""ח",false,1,57.90,57.90,true,1,
209012,true,חומץ 1ליטר]יכין[,זנלכל בעמ,,,"י""ח",6,"ל 100 מ""ל",false,1,6.90,1.15,true,1,
209371,true,שלשות תירס 6OZ,זנלכל בעמ,,,"י""ח",6,ל 100 גרם,false,1,14.90,2.48,false,1,
209388,true,תירס לייט 150 ג  שלישיה,זנלכל בעמ,,,"י""ח",1,,false,1,14.90,14.90,false,1,
253374,true,מיני שוקולד ציפס 250גר אופנהיימר,תה ויסוצקי (ישראל)בעמ,,,"י""ח",2.50,ל 100 גרם,false,1,14.90,5.96,false,1,
262413,true,האגיס אקסטרא קר מידה 5,קימברלי קלארק ישראל שיווק בעמ,,,"י""ח",1,"י""ח",false,1,57.90,57.90,true,1,
263359,true,האגיס פומלה NB1.,קימברלי קלארק ישראל שיווק בעמ,,,"י""ח",1,"י""ח",false,1,31.90,31.90,false,1,
264752,true,רדיד אלומיניום 7.5 מטר,קימברלי קלארק ישראל שיווק בעמ,,,"י""ח",7.50,מטר,false,1,11.90,1.59,false,1,
290138,true,נקניק פרגית שקיל,"ג`וליה מעדני בשר בע""מ",,,"ק""ג",1,"ק""ג",true,1,64.90,64.90,true,1,
311272,true,וופל חלבה 180 גר`מן,ח.כהן סוכנות מזון ומשקאות בע,,,"י""ח",1.80,ל 100 גרם,false,1,4.90,2.72,false,1,
311869,true,וופל שוקולד ללא סוכר 180ג מן,ח.כהן סוכנות מזון ומשקאות בע,,,"י""ח",1.80,ל 100 גרם,false,1,7.90,4.39,false,1,
315140,true,"קורנפלקס מלאה  500גר בד""ץ","יוניליוור ישראל שיווק בע""מ",,,"י""ח",5.75,ל 100 גרם,false,1,17.90,3.11,false,1,
317970,true,פסטרמה כפרית שקילה טירת צבי,תנובה בשר,,,"ק""ג",10,ל 100 גרם,true,1,54.90,5.49,false,1,
318103,true,פסטרמה ברביקיו}יחיעם{,מעדני יחיעם 1993 בעמ,,,"ק""ג",1,,true,1,67.60,67.60,true,1,
318165,true,פסטרמה  אמיתי  צליה{יחיעם},מעדני יחיעם 1993 בעמ,,,"ק""ג",1,,true,1,78.70,78.70,true,1,
318189,true,פסטרמה ברביקיו על האש 300גר.,מעדני יחיעם 1993 בעמ,,,"י""ח",3,ל 100 גרם,false,1,29.90,9.97,false,1,
319049,true,פסטרמה גלילית יחיעם.,מעדני יחיעם 1993 בעמ,,,"ק""ג",10,ל 100 גרם,true,1,44.90,4.49,true,1,
319292,true,"נקניקיות וינר פלוס1 ק""ג",מעדני יחיעם 1993 בעמ,,,"י""ח",1,"ק""ג",false,1,19.90,19.90,false,1,
319728,true,איטלקי  מפולפל{יחיעם},מעדני יחיעם 1993 בעמ,,,"ק""ג",10,ל 100 גרם,true,1,67.60,6.76,true,1,
319759,true,סלמי תה שקיל,מעדני יחיעם 1993 בעמ,,,"ק""ג",8,ל 100 גרם,true,1,44,5.50,true,1,
319803,true,קבנוס קלאסי 125ג,מעדני יחיעם 1993 בעמ,,,"י""ח",1.25,ל 100 גרם,false,1,12.90,10.32,true,1,
319834,true,קבנוס פפרוני קלאסי 125ג,מעדני יחיעם 1993 בעמ,,,"י""ח",1.25,ל 100 גרם,false,1,12.90,10.32,true,1,
365046,true,כתף בקר מעושן משקל{טירת  צבי},תנובה בשר,,,"ק""ג",1,,true,1,89,89,false,1,
369617,true,כדורי רחוב 150גר,לפ הגבינות של ניצן,,,"י""ח",1.50,ל 100 גרם,false,1,17.90,11.93,false,1,
369709,true,ממרח חמאה 100גרם,לפ הגבינות של ניצן,,,"י""ח",1,ל 100 גרם,false,1,13.90,13.90,false,1,
410014,true,זיכוי אונליין,שונות /שרות,,,"י""ח",1,,false,1,0.01,0.01,false,1,
416809,true,ממרח שחר חצי חצי מובחר למריחה 350 חלבי,השחר העולה תעשית ממתקים,,,"י""ח",3.50,ל 100 גרם,false,1,10.90,3.11,false,1,
416861,true,ממרח השחר קלאסי 750גר חלבי,השחר העולה תעשית ממתקים,,,"י""ח",7.50,ל 100 גרם,false,1,19.90,2.65,false,1,
416922,true,ממרח חלב שחר  350 חלבי,השחר העולה תעשית ממתקים,,,"י""ח",3.50,ל 100 גרם,false,1,10.90,3.11,false,1,
446752,true,ממרח שומשום  בטעם חלבה  350גר.,בטר אנד דיפרנט בעמ,,,"י""ח",3.50,ל 100 גרם,false,1,13.90,3.97,false,1,
453200,true,בלילה מצוננת פנקייק שמרית 750גר,"שטראוס גרופ ***בע""מ",,,"י""ח",7.50,ל 100 גרם,false,1,21.90,2.92,true,1,
453385,true,שמרים יבשים פאקא אינסטנט שקית 500גר,"שטראוס גרופ בע""מ",,,"י""ח",5,ל 100 גרם,false,1,12.90,2.58,true,1,
453408,true,בצק פיצה דק ומוכן לאפיה שמרית 415גר,"שטראוס גרופ ***בע""מ",,,"י""ח",4.15,ל 100 גרם,false,1,16.90,4.07,true,1,
453415,true,בצק עלים מצונן ומוכן לאפיה שמרית 300גר,"שטראוס גרופ ***בע""מ",,,"י""ח",3,ל 100 גרם,false,1,14.90,4.97,true,1,
453422,true,בצק פילו מוכן לאפיה שמרית 300גר,"שטראוס גרופ ***בע""מ",,,"י""ח",3,ל 100 גרם,false,1,14.90,4.97,true,1,
453446,true,פיצה קראסט שמרית 500גר,"שטראוס גרופ ***בע""מ",,,"י""ח",5,ל 100 גרם,false,1,14.90,2.98,true,1,
453484,true,בצק קדאיף 350גר,"שטראוס גרופ ***בע""מ",,,"י""ח",3.50,ל 100 גרם,false,1,14.90,4.26,true,1,
453781,true,שמרים יבשים 125ג שמרית.,"שטראוס גרופ בע""מ",,,"י""ח",1.25,ל 100 גרם,false,1,5.90,4.72,true,1,
453798,true,שמרים אקטיבים 500גר עלית,"שטראוס גרופ בע""מ",,,"י""ח",5,ל 100 גרם,false,1,15,3,true,1,
453866,true,נטורינה קוקוס  200גר,"שטראוס גרופ ***בע""מ",,,"י""ח",2,ל 100 גרם,false,1,7.90,3.95,true,1,
453897,true,מרגרינה בטעם חמאה 200גר,"שטראוס גרופ ***בע""מ",,,"י""ח",2,ל 100 גרם,false,1,5.90,2.95,true,1,
462141,true,סחוג אדום חריף זהבי  150גר`,"שטראוס גרופ ***בע""מ",,,"י""ח",1.50,ל 100 גרם,false,1,7.90,5.27,true,1,
462981,true,זחוק חריף אש 150גרם אחלה,"שטראוס גרופ ***בע""מ",,,"י""ח",1.50,ל 100 גרם,false,1,7.90,5.27,true,1,
467320,true,חומוס אבו מרוואן 400גר,קבוצת אוסם סחר-שות.מוגבלת,,,"י""ח",4,ל 100 גרם,false,1,14.80,3.70,true,1,
481029,true,מארז 10 פיתות בטעם ביתי(דגנית),דגנית עין בר ~~~,,,"י""ח",10,"י""ח",false,1,12.90,1.29,false,1,
481074,true,לחם דגנים  טריו מלא }דגנית {750,דגנית עין בר ~~~,,,"י""ח",7.50,ל 100 גרם,false,1,15.90,2.12,false,1,
481883,true,מארז 10 לחמניות אצבע.,דגנית עין בר ~~~,,,"י""ח",1,,false,1,11.90,11.90,false,1,
497198,true,פיתות מארז 10יח  אסלי ברמן,י.את א. ברמן בעמ,,,"י""ח",1,,false,1,10.90,10.90,false,1,
498034,true,לחם כוסמין 100%  E-FREE,י.את א. ברמן בעמ,,,"י""ח",7.50,ל 100 גרם,false,1,15.90,2.12,false,1,
518220,true,סוכרה דיאט 100 יח.,מתוק וקל בעמ,,,"י""ח",100,"י""ח",false,1,26.90,0.27,false,1,
518336,true,צמר גפן מתוק,מתוק וקל בעמ,,,"י""ח",0.25,ל 100 גרם,false,1,4.90,19.60,true,1,
521008,true,יין סגל אדום יבש,טמפו משקאות בעמ,,,"י""ח",7.50,"ל 100 מ""ל",false,1,21.90,2.88,true,1,
521015,true,יין  סגל לבן,טמפו משקאות בעמ,,,"י""ח",7.50,"ל 100 מ""ל",false,1,21.90,2.88,true,1,
521022,true,יין סגל לבן חצי יבש,טמפו משקאות בעמ,,,"י""ח",7.50,"ל 100 מ""ל",false,1,21.90,2.88,true,1,
523804,true,"מלח עדין 1 ק""ג צנצנת הארץ",סוגת תעשיות בעמ,,,"י""ח",1,"ק""ג",false,1,6.90,6.90,false,1,
523811,true,"מלח גס 1 ק""ג צנצנת הארץ",סוגת תעשיות בעמ,,,"י""ח",1,"ק""ג",false,1,6.90,6.90,false,1,
524191,true,עוגיות מובחרות כעכים ריפעת,שיבולים ייצור ושיווק מאפה בעמ,,,"י""ח",4,ל 100 גרם,false,1,16.90,4.23,false,1,
530024,true,תה מעושן רחב זוגלובק,זוגלובק שיווק בעמ,,,"ק""ג",10,ל 100 גרם,true,1,44.90,4.49,true,1,
530031,true,פיין סלמי זוגלובק,זוגלובק שיווק בעמ,,,"י""ח",10,ל 100 גרם,true,1,55.20,5.52,true,1,
530062,true,מעושן איטלקי]זוגלובק[,זוגלובק שיווק בעמ,,,"ק""ג",1,"י""ח",true,1,75.60,75.60,true,1,
530871,true,חזה עוף מעושן,זוגלובק שיווק בעמ,,,"ק""ג",1,,true,1,65.90,65.90,true,1,
532479,true,"נקניקיות חריפות 1 ק""ג קפואות",זוגלובק שיווק בעמ,,,"י""ח",1,"ק""ג",false,1,21.90,21.90,true,1,
536743,true,קריספי סטיקס תירס 500 גרם,זוגלובק שיווק בעמ,,,"י""ח",1.50,"ק""ג",false,1,14.90,9.93,true,1,
551074,true,בשר  מס `6 מוכשר,נטו מלינדה סחר בעמ,,,"ק""ג",1,,true,1,39.90,39.90,false,1,
552118,true,נקניקיות מרגז 400 גרם,נטו מלינדה סחר בעמ,,,"י""ח",4,ל 100 גרם,false,1,20.50,5.13,false,1,
554532,true,צפתית גד  מעודנת 5% במלח ים טבעי 200 ג,מחלבות גד,,,"י""ח",2,"ל 100 מ""ל",false,1,13.90,6.95,false,1,
554754,true,מוצרלה במים גד,מחלבות גד,,,"ק""ג",1,"ק""ג",true,1,92.80,92.80,false,1,
554815,true,גבינה מוצרלה  משק}גד{,מחלבות גד,,,"ק""ג",1,,true,1,79.90,79.90,false,1,
554891,true,בולגרית פח  %16}גד{,מחלבות גד,,,"ק""ג",1,,true,1,55.90,55.90,false,1,
554921,true,ריקוטה  }גד 5%  מעדנייה,מחלבות גד,,,"ק""ג",1,,true,1,56.90,56.90,false,1,
555502,true,אריזת פקדון(חוק  פקדון),שונות /שרות,,,"י""ח",1,,false,1,0.30,0.30,false,1,
555503,true,פיקדון X 6,שונות /שרות,,,"י""ח",1,,false,1,1.80,1.80,false,1,
555504,true,פיקדון X 4,שונות /שרות,,,"י""ח",1,,false,1,1.20,1.20,false,1,
555509,true,פיקדון 12X,שונות /שרות,,,"י""ח",1,,false,1,3.60,3.60,false,1,
571017,true,צנונית,רגבים עלים ירוקים בעמ,,,"י""ח",1,,false,1,6.90,6.90,false,1,
574066,true,לחם מקמחים מלאים ושיפון בלבד 750גר,דגנית עין בר ~~~,,,"י""ח",7.50,ל 100 גרם,false,1,13.90,1.85,false,1,
574172,true,לחם קל מחיטה מלאה 750גר`,דגנית עין בר ~~~,,,"י""ח",7.50,ל 100 גרם,false,1,14.90,1.99,false,1,
574370,true,לחם שיפון אמיתי קל 750גר,דגנית עין בר ~~~,,,"י""ח",7.50,ל 100 גרם,false,1,14.90,1.99,false,1,
574455,true,לחם חיטה מלא פלוס כוסמין 750גר,דגנית עין בר ~~~,,,"י""ח",7.50,ל 100 גרם,false,1,14.90,1.99,false,1,
630519,true,עוף טרי שלם מוכשר(קצביה)**.,"ח.י. מעדני גורמה בע""מ",,,"ק""ג",1,"ק""ג",true,1,19.90,19.90,false,1,
631059,true,כבד עוף  טרי(קצביה) **.,"ח.י. מעדני גורמה בע""מ",,,"ק""ג",1,"ק""ג",true,1,29.90,29.90,true,1,
631257,true,לב עוף טרי[קצביה ]**.,"ח.י. מעדני גורמה בע""מ",,,"ק""ג",1,"ק""ג",true,1,34.90,34.90,false,1,
632278,true,שניצל עוף פרימיום  נקי ודק  דק[קצביה].,"ח.י. מעדני גורמה בע""מ",,,"ק""ג",1,"ק""ג",true,1,49.90,49.90,true,1,
632280,true,סטייק פרגיות מקוצב טרי,"ח.י. מעדני גורמה בע""מ",,,"ק""ג",1,,true,1,79.90,79.90,true,1,
632308,true,חזה עוף חצוי נקי טרי(קצביה )**.,"ח.י. מעדני גורמה בע""מ",,,"ק""ג",1,,true,1,42.80,42.80,true,1,
633800,true,כנפיים פטם  עטרה]קפוא[,נטו מלינדה סחר בעמ,,,"ק""ג",1,"ק""ג",true,1,14.90,14.90,false,1,
641751,true,חזה הודו טרי נז  קצביה**,"ח.י. מעדני גורמה בע""מ",,,"ק""ג",1,,true,1,34.90,34.90,false,1,
642840,true,שוקיים הודו טרי**,"ח.י. מעדני גורמה בע""מ",,,"ק""ג",1,,true,1,29.90,29.90,false,1,
643243,true,שווארמה הודו נקבה}קצביה{**,"ח.י. מעדני גורמה בע""מ",,,"ק""ג",1,,true,1,74.90,74.90,false,1,
643946,true,כנף הודו   טרי}קצביה{**,"ח.י. מעדני גורמה בע""מ",,,"ק""ג",1,,true,1,14.90,14.90,false,1,
644356,true,גרון   הודו טרי(קצביה)**,"ח.י. מעדני גורמה בע""מ",,,"ק""ג",1,,true,1,32.90,32.90,false,1,
644783,true,דג סלמון קפוא מנות תנובה,תנובה בשר,,,"ק""ג",1,"ק""ג",true,1,89.90,89.90,false,1,
646299,true,פילה נסיכת נילוס 100% דג,תנובה בשר,,,"ק""ג",1,,true,1,54.90,54.90,false,1,
651651,true,עוף טוב רצועות צ`ונגו אמיתי,בלדי בעמ,,,"ק""ג",1,"ק""ג",true,1,47.90,47.90,false,1,
652177,true,נתחי פילה נסיכה 100% דג,תנובה בשר,,,"ק""ג",1,,true,1,59.90,59.90,false,1,
654546,true,פילה אמנון 7-9 100% דג פרמיום,תנובה בשר,,,"ק""ג",1,,true,1,34.90,34.90,false,1,
657657,true,מאפים טריים במשקל אפיה מקומית.,ג נרל מילס ישראל בעמ ~~~,,,"ק""ג",1,,true,1,44.90,44.90,true,1,
662817,true,סלמון מעושן  100גר,תנובה בשר,,,"י""ח",1,ל 100 גרם,false,1,19.90,19.90,false,1,
663036,true,פילה אמנון ללא עור קפוא,תנובה בשר,,,"ק""ג",1,,true,1,44.90,44.90,false,1,
663135,true,קוביות סלמון קפוא 300ג,תנובה בשר,,,"י""ח",3,ל 100 גרם,false,1,29.90,9.97,false,1,
672844,true,חלה רגילה (אפיה מקומית),ג נרל מילס ישראל בעמ ~~~,,,"י""ח",1,,false,1,10.90,10.90,true,1,
688374,true,מי עדן בייבי שישיה 250,יפאורה שותפות מוגבלת לשיווק,,,"י""ח",1.50,ליטר,false,1,15.80,9.33,false,1,
688381,true,מי עדן שישיה 0.5 ליטר,יפאורה שותפות מוגבלת לשיווק,,,"י""ח",3,ליטר,false,1,13.90,4.03,true,1,
688503,true,"מי עדן שישייה ג ים 750 מ""ל",יפאורה שותפות מוגבלת לשיווק,,,"י""ח",4.50,ליטר,false,1,16.50,3.27,false,1,
961804,true,דלעת ארוזה שקיל,ביכורי השדה צפון 1994 ג.ד. בעמ,,,"ק""ג",1,,true,1,12.90,12.90,false,1,
976433,true,קשיו קלוי שקיל,*347360,,,"ק""ג",1,,true,1,95,95,true,1,
976457,true,גרעין אבטיח שקיל,*347360,,,"ק""ג",1,,true,1,59,59,false,1,
976471,true,גרעיני דלעת מקולפת שקיל,*347360,,,"ק""ג",1,,true,1,65,65,false,1,
976501,true,צימוק חום שקיל,*347360,,,"ק""ג",1,,true,1,30,30,false,1,
976532,true,אפונה קלויה  שקיל,*347360,,,"ק""ג",1,,true,1,50,50,false,1,
976556,true,צנובר  שקיל,*347360,,,"ק""ג",1,,true,1,199,199,false,1,
976594,true,פו מצרי/אפונה קלויה  שקיל,*347360,,,"ק""ג",1,,true,1,55,55,false,1,
976600,true,משמש שקיל,*347360,,,"ק""ג",1,,true,1,55,55,false,1,
976662,true,פקאן טבעי  שקיל,*347360,,,"ק""ג",1,,true,1,119,119,false,1,
976716,true,תירס  שקיל,*347360,,,"ק""ג",1,,true,1,50,50,false,1,
976754,true,מנצס   שקיל,*347360,,,"ק""ג",1,,true,1,45,45,false,1,
976761,true,אגוז מלך קלוף   שקיל,*347360,,,"ק""ג",1,,true,1,59,59,false,1,
976778,true,שקד מולבן משובב   שקיל,*347360,,,"ק""ג",1,,true,1,115,115,false,1,
976846,true,פיסטוק קלוף שקיל,*347360,,,"ק""ג",1,,true,1,149,149,false,1,
976860,true,שקד מולבן חצאים  שקיל,*347360,,,"ק""ג",1,,true,1,115,115,false,1,
976884,true,פקאן סיני מסוכר  שקיל,*347360,,,"ק""ג",1,,true,1,118,118,false,1,
977010,true,קבוקים  שקיל.,*347360,,,"ק""ג",1,,true,1,35,35,false,1,
977089,true,קשיו טבעי  שקיל,*347360,,,"ק""ג",1,,true,1,89,89,false,1,
977140,true,מקדמיה טבעית שקיל,*347360,,,"ק""ג",1,,true,1,150,150,false,1,
977355,true,בוטן אמריקאי שקיל,*347360,,,"ק""ג",1,,true,1,26,26,false,1,
977454,true,גרעין שחור שקיל,*347360,,,"ק""ג",1,,true,1,29,29,true,1,
977478,true,בוטנים קלויים שקיל,*347360,,,"ק""ג",1,,true,1,37,37,true,1,
977485,true,גרעין לבן  שקיל,*347360,,,"ק""ג",1,,true,1,39,39,false,1,
977645,true,חטיף יפני   שקיל,*347360,,,"ק""ג",1,,true,1,65,65,false,1,
977676,true,שקד קלוי שקיל,*347360,,,"ק""ג",1,,true,1,79,79,true,1,
977683,true,פקאן קלוף קלוי שקיל,*347360,,,"ק""ג",1,,true,1,126,126,false,1,
977706,true,ברזיל טבעי שקיל,*347360,,,"ק""ג",1,,true,1,115,115,false,1,
977751,true,צימוק גמבו  שקיל,*347360,,,"ק""ג",1,,true,1,44,44,false,1,
977782,true,תאנין יבשות  שקיל,*347360,,,"ק""ג",1,,true,1,49,49,false,1,
977799,true,שזיפים ללא גלעין   שקיל,*347360,,,"ק""ג",1,,true,1,47,47,false,1,
977850,true,צימוק לבן קטן  שקיל,*347360,,,"ק""ג",1,,true,1,37,37,false,1,
978024,true,בננה ציפס   שקיל,*347360,,,"ק""ג",1,,true,1,35,35,false,1,
978383,true,תמר מגהול ענק  שקיל,*347360,,,"ק""ג",1,,true,1,45,45,false,1,
989761,true,שקד טחון  שקיל,*347360,,,"ק""ג",1,,true,1,90,90,false,1,
989778,true,חמוציות  שקיל,*347360,,,"ק""ג",1,,true,1,45,45,false,1,
990261,true,"חומוס 1 ק""ג סוגת.",סוגת תעשיות בעמ,,,"י""ח",1,"ק""ג",false,1,14.90,14.90,true,1,
995410,true,נבטים,ביכורי השדה צפון 1994 ג.ד. בעמ,,,"י""ח",1,,false,1,6.90,6.90,false,1,
1006610,true,עוף טוב קורנביף,קבוצת אוסם סחר-שות.מוגבלת,,,"ק""ג",1,"ק""ג",true,1,75,75,false,1,
1009123,true,לחם 100% כוסמין 600 גרם,עזרן מסחר ושרותים בעמ,,,"י""ח",6,ל 100 גרם,false,1,15.90,2.65,false,1,
1009178,true,לחם 100% שיפון 900 גרם,עזרן מסחר ושרותים בעמ,,,"י""ח",1,,false,1,15.90,15.90,false,1,
1041130,true,ממרח תמרים מיה,מיה תעשיות מזון מ.ת.מ בעמ,,,"י""ח",4.50,ל 100 גרם,false,1,5.90,1.31,false,1,
1045657,true,מיץ תפוח עץ צלול,"שטראוס גרופ ***בע""מ",,,"י""ח",4,"ל 100 מ""ל",false,1,7.90,1.90,true,1,
1053508,true,"סטייק אנטריקוט חב""ד קפוא",בלדי בעמ,,,"ק""ג",1,"ק""ג",true,1,69.90,69.90,false,1,
1053515,true,"סטייק אנטריקוט חב""ד קפוא",בלדי בעמ,,,"ק""ג",1,"ק""ג",true,1,69.90,69.90,false,1,
1053553,true,"צלי כתף מס 5 חב""ד קפוא",בלדי בעמ,,,"ק""ג",1,"ק""ג",true,1,89.90,89.90,false,1,
1053560,true,"פילה מדומה מס `6 חב""ד קפוא",בלדי בעמ,,,"ק""ג",0,"ק""ג",true,1,44.90,44.90,false,1,
1053577,true,"שריר בשר  מס `8 חב""ד קפוא",בלדי בעמ,,,"ק""ג",1,"ק""ג",true,1,49.90,49.90,false,1,
1053591,true,"אסאדו מס 9 חב""ד קפוא",בלדי בעמ,,,"ק""ג",1,,true,1,59.90,59.90,false,1,
1053737,true,"צלעות  מס2 חב""ד קפוא",בלדי בעמ,,,"ק""ג",1,,true,1,42.90,42.90,false,1,
1053751,true,"כתף  מס `4 קפוא חב""ד.",בלדי בעמ,,,"ק""ג",1,,true,1,42.90,42.90,false,1,
1053768,true,"מכסה הצלע מס -7ג. חב""ד קפוא.",בלדי בעמ,,,"ק""ג",1,"ק""ג",true,1,36.90,36.90,false,1,
1111009,true,נקנק צוריסוס  תפזורת,בלדי בעמ,,,"ק""ג",1,"י""ח",true,1,50.90,50.90,false,1,
1111012,true,המבורגר מסעדות 220ג  תפזורת,בלדי בעמ,,,"ק""ג",1,"י""ח",true,1,49.90,49.90,false,1,
1111213,true,המבורגר ביג בורגר 165ג תפזורת,בלדי בעמ,,,"ק""ג",1,"י""ח",true,1,35.90,35.90,false,1,
1111237,true,קבב בלדי 50ג  תפזורת,בלדי בעמ,,,"ק""ג",2.20,ל 100 גרם,true,1,49.90,22.68,false,1,
1111303,true,טחון בקר תפזורת,בלדי בעמ,,,"ק""ג",1,"י""ח",true,1,33.90,33.90,false,1,
1111322,true,קבב מזרחי  תפזורת,בלדי בעמ,,,"ק""ג",2.20,ל 100 גרם,true,1,27.90,12.68,false,1,
1121023,true,פסטרמה של פעם(יחיעם{,מעדני יחיעם 1993 בעמ,,,"ק""ג",1,,true,1,77.90,77.90,true,1,
1121048,true,"גולש בקר מעובד 8ק""ג   תפזורת",בלדי בעמ,,,"ק""ג",1,"י""ח",true,1,35.90,35.90,false,1,
1121092,true,פסטרמה עוף  בגריל{יחיעם},מעדני יחיעם 1993 בעמ,,,"ק""ג",1,,true,1,78.70,78.70,true,1,
1121146,true,פסטרמה הודו  מעושנת{יחיעם},מעדני יחיעם 1993 בעמ,,,"ק""ג",1,,true,1,78.70,78.70,true,1,
1121238,true,קורנד ביף 180גר`,מעדני יחיעם 1993 בעמ,,,"י""ח",1.80,ל 100 גרם,false,1,22.90,12.72,false,1,
1121672,true,פסטרמה מעודנת בפפריקה   300ג,מעדני יחיעם 1993 בעמ,,,"י""ח",3.30,ל 100 גרם,false,1,19.90,6.03,false,1,
1121849,true,פסטרמה הודו 100% חומרים טבעיים 250גרם,מעדני יחיעם 1993 בעמ,,,"י""ח",2.50,ל 100 גרם,false,1,24.90,9.96,true,1,
1123041,true,בשר 5 חלק,נטו מלינדה סחר בעמ,,,"ק""ג",1,,true,1,68.90,68.90,false,1,
1123072,true,בשר מס8. חלק ריאה,נטו מלינדה סחר בעמ,,,"ק""ג",1,,true,1,29.90,29.90,false,1,
1133682,true,"סלמון נורבגי שלם בד""ץ",בלדי בעמ,,,"ק""ג",1,,true,1,76.90,76.90,false,1,
1134153,true,גרון  הודו קפוא  ארוז.,נטו מלינדה סחר בעמ,,,"ק""ג",1,,true,1,29.90,29.90,false,1,
1201510,true,ביצים M 30 יח,מ.לסר בעמ,,,"י""ח",30,"י""ח",false,1,27.80,0.93,false,1,
1201589,true,ביצים L 12 יח*,מ.לסר בעמ,,,"י""ח",12,"י""ח",false,1,12.05,1,false,1,
1201596,true,ביצים M 12 יח*,מ.לסר בעמ,,,"י""ח",12,"י""ח",false,1,11.15,0.93,false,1,
1201602,true,ביצים L 18יח,מ.לסר בעמ,,,"י""ח",18,"י""ח",false,1,18,1,false,1,
1201619,true,ביצים M 18יח,מ.לסר בעמ,,,"י""ח",18,"י""ח",false,1,16.70,0.93,false,1,
1201657,true,ביצים 30יח M אומגה 3,מ.לסר בעמ,,,"י""ח",10,"י""ח",false,1,42.90,4.29,false,1,
1201824,true,ביצים 12יח L אורגני,מ.לסר בעמ,,,"י""ח",12,"י""ח",false,1,20.90,1.74,false,1,
1201862,true,ביצים 12יח L חופש,מ.לסר בעמ,,,"י""ח",12,"י""ח",false,1,17.90,1.49,false,1,
1201893,true,ביצים 12יח M אומגה 3,מ.לסר בעמ,,,"י""ח",10,"י""ח",false,1,18.90,1.89,true,1,
1209349,true,עוף טרי ארוז עטרה,"ח.י. מעדני גורמה בע""מ",,,"ק""ג",1,"ק""ג",true,1,22.90,22.90,true,1,
1209356,true,כרעיים עוף טרי עטרה ארוז,"ח.י. מעדני גורמה בע""מ",,,"ק""ג",1,"ק""ג",true,1,32.90,32.90,true,1,
1216040,true,"טחינה""אל   ארז""רגילה  500גר",סוגת תעשיות בעמ,,,"י""ח",5,ל 100 גרם,false,1,14.80,2.96,false,1,
1216057,true,"טחינה אל ארז  1ק""ג",סוגת תעשיות בעמ,,,"י""ח",1,"ק""ג",false,1,31.90,31.90,false,1,
1216231,true,"טחינה""אל   ארז""מלאה 500גר",סוגת תעשיות בעמ,,,"י""ח",5,ל 100 גרם,false,1,16.90,3.38,false,1,
1230331,true,כאמל בוקס בודד.,גלוברנדס בעמ,,,"י""ח",1,,false,1,31,31,false,1,
1231932,true,וינסטון כחול בודד.,גלוברנדס בעמ,,,"י""ח",1,,false,1,32.50,32.50,false,1,
1245798,true,נ.כלים לימון 1.6  ל`טאצ,סאסאטק אגשח בעמ,,,"י""ח",1.60,ליטר,false,1,11.90,7.44,true,1,
1245835,true,נוזל רצפות אורנים 4ליטר טאצ`,סאסאטק אגשח בעמ,,,"י""ח",4,ליטר,false,1,14.90,3.73,true,1,
1245842,true,נוזל רצפות מאסק 4ליטר טאצ`,סאסאטק אגשח בעמ,,,"י""ח",4,ליטר,false,1,14.90,3.73,true,1,
1246351,true,נוזל רצפות לבנדר 4ליטר טאצ`.,סאסאטק אגשח בעמ,,,"י""ח",4,ליטר,false,1,14.90,3.73,true,1,
1246474,true,"תרסיס לניקוי שטיחים 600מ""ל טאצ`",סאסאטק אגשח בעמ,,,"י""ח",6,"ל 100 מ""ל",false,1,15.90,2.65,false,1,
1246757,true,נוזל רצפות מלון בוטיק  2ליטר טאצ`,סאסאטק אגשח בעמ,,,"י""ח",2,ליטר,false,1,18.90,9.45,true,1,
1246764,true,נוזל רצפות ספא מפנק  2ליטר טאצ`,סאסאטק אגשח בעמ,,,"י""ח",2,ליטר,false,1,18.90,9.45,true,1,
1343845,true,"גרנולה פירות 1ק""ג",*347340,,,"י""ח",1,"ק""ג",false,1,19.90,19.90,true,1,
1407592,true,"טחינה גולמית בארכה פי 6 סידן 1 ק""ג",קבוצת אוסם סחר-שות.מוגבלת,,,"י""ח",1,"ק""ג",false,1,24.90,24.90,false,1,
1407936,true,טחינה  בארכה מעודנת 310גר,קבוצת אוסם סחר-שות.מוגבלת,,,"י""ח",3.10,ל 100 גרם,false,1,13.90,4.48,false,1,
1415407,true,לחמנית קשר פילסברי,ג נרל מילס ישראל בעמ ~~~,,,"י""ח",5,ל 100 גרם,false,1,2.50,0.50,true,1,
1419618,true,וופל בלגי שוקו 200גר`,ח.כהן סוכנות מזון ומשקאות בע,,,"י""ח",2,ל 100 גרם,false,1,3.90,1.95,true,1,
1436950,true,אסאדו מס 9  עם עצם מוכשר,בלדי בעמ,,,"ק""ג",1,,true,1,59.90,59.90,false,1,
1439074,true,כדור ליפה בשקית שלישיה,מוסקו בעמ,,,"י""ח",1,,false,1,11.90,11.90,false,1,
1455418,true,סטייק טונה בוואקום,בלדי בעמ,,,"ק""ג",1,"ק""ג",true,1,44.90,44.90,false,1,
1455456,true,פילה נסיכת הנילוס פרוס,בלדי בעמ,,,"ק""ג",1,"ק""ג",true,1,62.90,62.90,false,1,
1459676,true,"המבורגר 400גרם חב""ד ארוז",בלדי בעמ,,,"י""ח",4,ל 100 גרם,false,1,17.90,4.48,false,1,
1459683,true,"קבב מזרחי 400גרם חב""ד ארוז",בלדי בעמ,,,"י""ח",4,ל 100 גרם,false,1,17.90,4.48,false,1,
1459690,true,"טחון בקר טהור  1ק""ג חב""ד קפוא",בלדי בעמ,,,"י""ח",1,"ק""ג",false,1,39.90,39.90,false,1,
1459706,true,"טחון בקר  1ק""ג חב""ד קפוא",בלדי בעמ,,,"י""ח",1,"ק""ג",false,1,32.90,32.90,false,1,
1459713,true,"גולש בקר 800גרם חב""ד ארוז",בלדי בעמ,,,"י""ח",4,ל 100 גרם,false,1,36.90,9.23,false,1,
1460092,true,חזה בקר מס 3 מוכשר פולין קפוא,בלדי בעמ,,,"ק""ג",1,,true,1,34.90,34.90,false,1,
1461105,true,לחם מחמצת לבן 530גר,ג נרל מילס ישראל בעמ ~~~,,,"י""ח",5.30,ל 100 גרם,false,1,16.90,3.19,true,1,
1461112,true,לחם מחמצת דגנים 530גר,ג נרל מילס ישראל בעמ ~~~,,,"י""ח",5.30,ל 100 גרם,false,1,16.90,3.19,true,1,
1461457,true,בגט רוסטיק,ג נרל מילס ישראל בעמ ~~~,,,"י""ח",1,,false,1,7.90,7.90,true,1,
1461860,true,פיתה אסלי}פילסברי   {10יח,ג נרל מילס ישראל בעמ ~~~,,,"י""ח",1,,false,1,13.90,13.90,true,1,
1461891,true,לחמניה יאמיס קמח מלא,ג נרל מילס ישראל בעמ ~~~,,,"י""ח",1,,false,1,2.90,2.90,false,1,
1482049,true,בולגריה בקוביות עם שמן ותבלינים שקיל,ג.וילי פוד אינטרנשיונל בעמ,,,"ק""ג",1,,true,1,65,65,false,1,
1482094,true,פרמזנו 200 ג ויליפוד,ג.וילי פוד אינטרנשיונל בעמ,,,"י""ח",2,ל 100 גרם,false,1,18.90,9.45,false,1,
1532195,true,מקרל בוואקום שקילה,בידאני נתן,,,"ק""ג",1,"ק""ג",true,1,99,99,false,1,
1567043,true,פסטרמה  מעודנת על האש,מעדני יחיעם 1993 בעמ,,,"ק""ג",1,,true,1,44.90,44.90,true,1,
1567142,true,סלמי תה מפולפל שקיל {יחיעם},מעדני יחיעם 1993 בעמ,,,"ק""ג",8,ל 100 גרם,true,1,44.90,5.61,true,1,
1567708,true,נקניק וינר 400ג ללא,מעדני יחיעם 1993 בעמ,,,"י""ח",4,ל 100 גרם,false,1,11.90,2.98,true,1,
1567760,true,פסטרמה של פעם  300ג,מעדני יחיעם 1993 בעמ,,,"י""ח",3,ל 100 גרם,false,1,24.90,8.30,true,1,
1567807,true,כתף בקר מעושן 250ג,מעדני יחיעם 1993 בעמ,,,"י""ח",2.50,ל 100 גרם,false,1,25.90,10.36,true,1,
1567814,true,סלמי מעושן בסגנון איטלקי 300ג,מעדני יחיעם 1993 בעמ,,,"י""ח",3,ל 100 גרם,false,1,19.90,6.63,false,1,
1591505,true,סטייק דג טונה  קפוא עם עור מחנה יהודה.,נטו מלינדה סחר בעמ,,,"ק""ג",1,"ק""ג",true,1,39.90,39.90,true,1,
1591512,true,נתחי סלמון ללא עור קפוא מחנה יהודה,נטו מלינדה סחר בעמ,,,"ק""ג",1,"ק""ג",true,1,99.90,99.90,false,1,
1591529,true,פילה סלמון מנות קפוא מחנה יהודה.,נטו מלינדה סחר בעמ,,,"ק""ג",1,"ק""ג",true,1,89.90,89.90,false,1,
1591550,true,פילה אמנון ללא עור מחנה יהודה.,נטו מלינדה סחר בעמ,,,"ק""ג",1,"ק""ג",true,1,37.90,37.90,true,1,
1591567,true,פילה אמנון 100% מחנה יהודה.,נטו מלינדה סחר בעמ,,,"ק""ג",1,"ק""ג",true,1,36.90,36.90,true,1,
1591574,true,פילה אמנון 80% מחנה יהודה.,נטו מלינדה סחר בעמ,,,"ק""ג",1,"ק""ג",true,1,26.90,26.90,false,1,
1591604,true,המבורגר אנגוס מחנה יהודה 600גר,נטו מלינדה סחר בעמ,,,"י""ח",6,ל 100 גרם,false,1,29.90,4.98,true,1,
1591611,true,קבבוני אנגוס עגול מחנה יהודה 500גר,נטו מלינדה סחר בעמ,,,"י""ח",5,ל 100 גרם,false,1,29.90,5.98,true,1,
1591628,true,קבב על מקל מחנה יהודה 500גר,נטו מלינדה סחר בעמ,,,"י""ח",5,ל 100 גרם,false,1,29.90,5.98,true,1,
1591635,true,נקניקיות מרגז סגנון מרוקאי מחנה יהודה,נטו מלינדה סחר בעמ,,,"י""ח",5,ל 100 גרם,false,1,29.90,5.98,true,1,
1591642,true,קבבוני טלה מחנה יהודה 500גר.,נטו מלינדה סחר בעמ,,,"י""ח",5,ל 100 גרם,false,1,29.90,5.98,true,1,
1664285,true,שווארמה אנטריקוט  תפזורת,בלדי בעמ,,,"ק""ג",1,"י""ח",true,1,76.90,76.90,false,1,
1713150,true,אקונומיקה קצף ניקוי 1ליטר מרסס,קומפלקס כימיקלסבעמ ~~~,,,"י""ח",1,,false,1,8.90,8.90,false,1,
1873458,true,סטייקבורגר 320ג בלאק אנגוס,נטו מלינדה סחר בעמ,,,"י""ח",3.20,ל 100 גרם,false,1,19.90,6.22,true,1,
1873472,true,קבב  320ג בלאק אנגוס,נטו מלינדה סחר בעמ,,,"י""ח",3.20,ל 100 גרם,false,1,19.90,6.22,true,1,
1879627,true,פילה עוף  טרי**,"ח.י. מעדני גורמה בע""מ",,,"ק""ג",1,,true,1,49.90,49.90,true,1,
1901670,true,גפילטע פיש גולד 4 קציצות ללא סוכר 470ג,נאמן לאורך זמן בעמ,,,"י""ח",4,"י""ח",false,1,19.90,4.98,false,1,
1946121,true,פפריקה 400גר`,*347340,,,"י""ח",4,ל 100 גרם,false,1,19.90,4.98,false,1,
2008989,true,קישקשים 225 יחידות הנמל,הנמל אריזות ושווק בעמ,,,"י""ח",225,"י""ח",false,1,5.90,0.03,false,1,
2013006,true,פסטרמה מקסיקנית,זוגלובק שיווק בעמ,,,"ק""ג",1,,true,1,76.90,76.90,true,1,
2013037,true,פסטרמה פרגיות על לבנים 1% שומן,זוגלובק שיווק בעמ,,,"ק""ג",1,,true,1,76.90,76.90,true,1,
2013174,true,פסטרמה של פעם שקיל,זוגלובק שיווק בעמ,,,"ק""ג",1,,true,1,76.90,76.90,true,1,
2026402,true,בלינצס גבינה 420גר,מוצרי איכות אמריקאיים בעמ,,,"י""ח",4.20,ל 100 גרם,false,1,15,3.57,true,1,
2026440,true,פרצלס קפוא,מוצרי איכות אמריקאיים בעמ,,,"י""ח",4,ל 100 גרם,false,1,16,4,true,1,
2043065,true,מיני פריכיות אורז חום צ. שוקול 70ג,א.ל.יצור ושיווקתבלינים בעמ,,,"י""ח",0.70,ל 100 גרם,false,1,8.90,12.71,true,1,
2043102,true,פרכיות אורז חום מלא 7 זרעי על 200גר,א.ל.יצור ושיווקתבלינים בעמ,,,"י""ח",2,ל 100 גרם,false,1,12.90,6.45,true,1,
2043188,true,צ`יפס אורז חום מלא צ`ילי חריף 60גר,א.ל.יצור ושיווקתבלינים בעמ,,,"י""ח",0.60,ל 100 גרם,false,1,6.90,11.50,true,1,
2043218,true,צ`יפס אורז חום מלא מלוח 60גר,א.ל.יצור ושיווקתבלינים בעמ,,,"י""ח",0.60,ל 100 גרם,false,1,6.90,11.50,true,1,
2043782,true,צ`יפס אורז חום מלא טקסס ברביקיו 60גר,א.ל.יצור ושיווקתבלינים בעמ,,,"י""ח",0.60,ל 100 גרם,false,1,6.90,11.50,true,1,
2043829,true,פרכיות אורז חום מלא מהרי ההימלאיה 200ג,א.ל.יצור ושיווקתבלינים בעמ,,,"י""ח",2,ל 100 גרם,false,1,12.90,6.45,true,1,
2043850,true,באר אקסטרה בציפוי שוקולד מריר 90גר,א.ל.יצור ושיווקתבלינים בעמ,,,"י""ח",0.90,ל 100 גרם,false,1,13.90,15.44,true,1,
2043867,true,באר אקסטרה בציפוי שוקולד לבן 90גר,א.ל.יצור ושיווקתבלינים בעמ,,,"י""ח",0.90,ל 100 גרם,false,1,13.90,15.44,true,1,
2043874,true,באר אקסטרה קרמל בציפוי שוקולד לבן 90גר,א.ל.יצור ושיווקתבלינים בעמ,,,"י""ח",0.90,ל 100 גרם,false,1,13.90,15.44,true,1,
2043898,true,באר אקסטרה קוקוס בציפוי שוקולד לבן 90ג,א.ל.יצור ושיווקתבלינים בעמ,,,"י""ח",0.90,ל 100 גרם,false,1,13.90,15.44,true,1,
2057437,true,שיפקונית A-2,"קבוצת יבנה מוצרי מזון בע""מ",,,"י""ח",5.60,ל 100 גרם,false,1,9.90,1.77,false,1,
2065616,true,לחם שיפון גרעינים 750גר`,שלמה א.אנג ל בעמ,,,"י""ח",7.50,ל 100 גרם,false,1,12.90,1.72,false,1,
2065623,true,לחם שיפון כפרי 750גר`,שלמה א.אנג ל בעמ,,,"י""ח",7.50,ל 100 גרם,false,1,12.90,1.72,false,1,
2075271,true,ריקולה שקית 70ג צמחים,שוקוטרייד בעמ,,,"י""ח",0.70,ל 100 גרם,false,1,11.90,17,false,1,
2077268,true,מיני קציצות דג 500 גרם,נטו מלינדה סחר בעמ,,,"י""ח",5,ל 100 גרם,false,1,18.40,3.68,false,1,
2077725,true,סלומון נורווגי מצונן 100 גרם(נטו),נטו מלינדה סחר בעמ,,,"י""ח",1,ל 100 גרם,false,1,19.90,19.90,false,1,
2105220,true,שריר הזרוע 8 בקר קפוא מחפוד,לפ עוף ירושלים מהדרין בעמ,,,"ק""ג",1,,true,1,54,54,false,1,
2105565,true,טחון הודו 500גר`מחפוד,לפ עוף ירושלים מהדרין בעמ,,,"י""ח",5,ל 100 גרם,false,1,12.90,2.58,false,1,
2105749,true,"טחון בקר%100ק""ג קפוא מחפוד",לפ עוף ירושלים מהדרין בעמ,,,"י""ח",1,"ק""ג",false,1,35.90,35.90,false,1,
2105756,true,"טחון בקר 1ק""ר קפוא מחפוד",לפ עוף ירושלים מהדרין בעמ,,,"י""ח",1,"ק""ג",false,1,34.90,34.90,false,1,
2107385,true,מה עז  180 גרם צוריאל,*החברה המרכזית להפצת משקאותבעמ,,,"י""ח",1.80,ל 100 גרם,false,1,23.30,12.94,false,1,
2107743,true,צפתית צוריאל מעודנת,*החברה המרכזית להפצת משקאותבעמ,,,"ק""ג",1,,true,1,49.90,49.90,false,1,
2109372,true,בורקס פילו אצבעות בולגרית 700גר`,נטו מלינדה סחר בעמ,,,"י""ח",6,ל 100 גרם,false,1,16.90,2.82,true,1,
2109488,true,קבב אמיתי 100% 440גרם  טיבוןויל,נטו מלינדה סחר בעמ,,,"י""ח",5,ל 100 גרם,false,1,21.90,4.38,true,1,
2129455,true,פיצה איטלקית XL גדולה 450ג,נטו מלינדה סחר בעמ,,,"י""ח",4.50,ל 100 גרם,false,1,21.90,4.87,false,1,
2129462,true,פיצה איטלקית דקה שלושת האופים זוג 640ג,נטו מלינדה סחר בעמ,,,"י""ח",6.40,ל 100 גרם,false,1,23.90,3.73,true,1,
2129479,true,פיצה איטלקית דקה שלושת האופים 320גר,נטו מלינדה סחר בעמ,,,"י""ח",3.20,ל 100 גרם,false,1,13.90,4.34,true,1,
2129486,true,פיצה איטלקית דקה שלושת האופים 340גר,נטו מלינדה סחר בעמ,,,"י""ח",3.40,ל 100 גרם,false,1,16.90,4.97,false,1,
2157953,true,טונה  קנולה 140ג 1/4,נטו מלינדה סחר בעמ,,,"י""ח",5.60,ל 100 גרם,false,1,19.90,3.55,true,1,
2157960,true,טונה  במים 140ג 1/4,נטו מלינדה סחר בעמ,,,"י""ח",5.60,ל 100 גרם,false,1,19.90,3.55,true,1,
2195078,true,קבב כבש 400גרם  ארוז,בלדי בעמ,,,"י""ח",4,ל 100 גרם,false,1,13.90,3.48,true,1,
2195092,true,קבב רומני 400גרם  ארוז,בלדי בעמ,,,"י""ח",4,ל 100 גרם,false,1,13.90,3.48,true,1,
2198048,true,פסטרמה הודו בתיבול שווארמה,זוגלובק שיווק בעמ,,,"י""ח",1,,true,1,76.90,76.90,true,1,
2253235,true,דורות רוטב פסטו 160גר,קבוצת אוסם סחר-שות.מוגבלת,,,"י""ח",1.60,ל 100 גרם,false,1,10.90,6.81,false,1,
2263562,true,"רוטב לימון משומר 200מ""ל",א.ל.יצור ושיווקתבלינים בעמ,,,"י""ח",2,"ל 100 מ""ל",false,1,6.70,3.35,false,1,
2263586,true,"מיץ לימון משומר 500מ""ל (מימון)",א.ל.יצור ושיווקתבלינים בעמ,,,"י""ח",5,"ל 100 מ""ל",false,1,9.90,1.98,true,1,
2263661,true,"מיץ לימון 100% טבעי 250מ""ל מימון",א.ל.יצור ושיווקתבלינים בעמ,,,"י""ח",2.50,"ל 100 מ""ל",false,1,7.90,3.16,false,1,
2277422,true,ריבועי בצק עלים מרודד 700ג,נטו מלינדה סחר בעמ,,,"י""ח",7,ל 100 גרם,false,1,16.90,2.41,true,1,
2278528,true,זוג כריות ניקוי כלים,ח.כהן סוכנות מזון ומשקאות בע,,,"י""ח",2,"י""ח",false,1,7.90,3.95,false,1,
2281429,true,סטייק דג טונה קפוא ללא עור,נטו מלינדה סחר בעמ,,,"ק""ג",1,"ק""ג",true,1,54.90,54.90,false,1,
2281436,true,סטייק דג טונה בהירה קפוא ללא עור,נטו מלינדה סחר בעמ,,,"ק""ג",1,,true,1,44.90,44.90,false,1,
2281443,true,סטייק דג טונה  קפוא עם עור,נטו מלינדה סחר בעמ,,,"ק""ג",1,"ק""ג",true,1,39.90,39.90,true,1,
2281467,true,מארז 3 פיצות טוב טעם,נטו מלינדה סחר בעמ,,,"י""ח",3,"י""ח",false,1,37.90,12.63,false,1,
2281498,true,מגורדת 500ג ריץ,נטו מלינדה סחר בעמ,,,"י""ח",5,ל 100 גרם,false,1,26.90,5.38,false,1,
2281979,true,שריר בשר  מס `8   חלק.,נטו מלינדה סחר בעמ,,,"ק""ג",1,,true,1,32.90,32.90,false,1,
2291107,true,"אפונה וגזר  2.5ק""ג",בלדי בעמ,,,"ק""ג",2.50,"ק""ג",true,1,10.90,4.36,false,1,
2291121,true,"גזר גמדי   2.5ק""ג",בלדי בעמ,,,"ק""ג",2.50,"ק""ג",true,1,10.90,4.36,false,1,
2291138,true,"לקט ירקות העונה 2.5ק,ג",בלדי בעמ,,,"ק""ג",2.50,"ק""ג",true,1,10.90,4.36,false,1,
2291145,true,"שעועית ירוקה חתוכה    2.5ק""ג",בלדי בעמ,,,"ק""ג",2.50,"ק""ג",true,1,10.90,4.36,false,1,
2291169,true,"שעועית ירוקה שלמה עדינה    2.5ק""ג",בלדי בעמ,,,"ק""ג",2.50,"ק""ג",true,1,10.90,4.36,false,1,
2291206,true,"שעועית צהובה  שלמה    2.5ק""ג",בלדי בעמ,,,"ק""ג",2.50,"ק""ג",true,1,10.90,4.36,false,1,
2291244,true,"במיה  2.5ק""ג",בלדי בעמ,,,"ק""ג",2.50,"ק""ג",true,1,10.90,4.36,false,1,
2291275,true,"תחתיות ארטישוק  2ק""ג",בלדי בעמ,,,"ק""ג",2,"ק""ג",true,1,19.90,9.95,false,1,
2291695,true,צוואר  מס10 מוכשר ברזיל קפוא,בלדי בעמ,,,"ק""ג",1,,true,1,30.90,30.90,false,1,
2327066,true,קונכיות בצק קפוא,נטו מלינדה סחר בעמ,,,"י""ח",5,ל 100 גרם,false,1,16.90,3.38,true,1,
2327073,true,בורקס גבינה 800 גרם,נטו מלינדה סחר בעמ,,,"י""ח",8,ל 100 גרם,false,1,16.90,2.11,true,1,
2329619,true,עוגת שוקו צ`יפס 350גר.,בני פאוזי שמשום (2009) בעמ,,,"י""ח",3.50,ל 100 גרם,false,1,7.90,2.26,true,1,
2331360,true,נביעות שישיות 500 מייל פקק ספורט,חברה המרכזית להפצת משקאות בעמ,,,"י""ח",3,ליטר,false,1,14.90,4.37,true,1,
2331483,true,"נביעות שישיות בייבי 320מ""ל",חברה המרכזית להפצת משקאות בעמ,,,"י""ח",3,ליטר,false,1,13.80,4,true,1,
2331490,true,נביעות 1ליטר,חברה המרכזית להפצת משקאות בעמ,,,"י""ח",1,ליטר,false,1,3.50,3.50,true,1,
2345015,true,סינטה דקדק 250גר אל גאוצו,נטו מלינדה סחר בעמ,,,"י""ח",2.50,ל 100 גרם,false,1,16.90,6.76,true,1,
2345022,true,אנטריקוט דקדק 250גר,נטו מלינדה סחר בעמ,,,"י""ח",2.50,ל 100 גרם,false,1,19.90,7.96,true,1,
2345077,true,שניצל בקר דק דק 250ג אל גאוצו,נטו מלינדה סחר בעמ,,,"י""ח",2.50,ל 100 גרם,false,1,14.90,5.96,true,1,
2345121,true,אסאדו דקדק 250גר אל גאוצו,נטו מלינדה סחר בעמ,,,"י""ח",2.50,ל 100 גרם,false,1,27.90,11.16,true,1,
2345282,true,נתחי פילה סלמון נורבגי מנות,נטו מלינדה סחר בעמ,,,"ק""ג",1,"ק""ג",true,1,99,99,false,1,
2370253,true,גבינה גורגונזולה איטלקית מעדניה,ג.וילי פוד אינטרנשיונל בעמ,,,"ק""ג",1,,true,1,135,135,true,1,
2370284,true,גבינת קשקבל מספרד חצי קשה 31% שומן שקי,ג.וילי פוד אינטרנשיונל בעמ,,,"ק""ג",2.30,ל 100 גרם,true,1,69.90,30.39,false,1,
2370475,true,גבינה כחולה עם עובש שקיל,ג.וילי פוד אינטרנשיונל בעמ,,,"ק""ג",1,"ק""ג",true,1,99.90,99.90,true,1,
2370673,true,שערות גבינה  שקיל,ג.וילי פוד אינטרנשיונל בעמ,,,"ק""ג",1,"ק""ג",true,1,99,99,true,1,
2370680,true,אצבעות מוצרלי במשקל ויליפוד,ג.וילי פוד אינטרנשיונל בעמ,,,"ק""ג",1,,true,1,79.90,79.90,true,1,
2370734,true,צמות גבינה במי מלח 25% שומן  שקיל,ג.וילי פוד אינטרנשיונל בעמ,,,"ק""ג",1,"ק""ג",true,1,99,99,true,1,
2370741,true,גבינה מלוחה מחלב עיזים 19% שומןשקיל,ג.וילי פוד אינטרנשיונל בעמ,,,"ק""ג",1,"ק""ג",true,1,99,99,true,1,
2370789,true,גבינת כבשים עם פטריות כמהין 36%,ג.וילי פוד אינטרנשיונל בעמ,,,"ק""ג",1,"ק""ג",true,1,149,149,true,1,
2370970,true,גבינת איבריקו גלגל שקיל,ג.וילי פוד אינטרנשיונל בעמ,,,"ק""ג",1,"ק""ג",true,1,113,113,false,1,
2371571,true,פסטרמה פרגיות טירת צבי,תנובה בשר,,,"ק""ג",1,,true,1,79,79,false,1,
2374640,true,שמן קנולה פלוס אומגה 3 עץ הזית 1ליטר,סוגת תעשיות בעמ,,,"י""ח",1,ליטר,false,1,15.90,15.90,false,1,
2385066,true,בולגרית קוביות 5%,מחלבות גד,,,"י""ח",1,,true,1,61.90,61.90,false,1,
2385127,true,לבנה זעתר,מחלבות גד,,,"ק""ג",1,,true,1,41.90,41.90,false,1,
2385455,true,בולגרית מעודנת 24% גד מעדנייה,מחלבות גד,,,"ק""ג",1,,true,1,61,61,false,1,
2385486,true,גבינת שמנת טבעית 30% שקיל גד,מחלבות גד,,,"ק""ג",1,,true,1,44.90,44.90,false,1,
2385493,true,גבינת שמנת זיתים 30% שקיל,מחלבות גד,,,"ק""ג",1,,true,1,44.90,44.90,false,1,
2385509,true,גבינת שמנת שמיר 30% שקיל גד,מחלבות גד,,,"ק""ג",1,,true,1,44.90,44.90,false,1,
2395408,true,"גבנצ  נעם 28% ק""ג  *.",*החברה המרכזית להפצת משקאותבעמ,,,"ק""ג",1,,true,1,44.79,44.79,false,1,
2395422,true,גבינה צהובה נעם 22%  שקיל*,*החברה המרכזית להפצת משקאותבעמ,,,"ק""ג",1,,true,1,42.58,42.58,false,1,
2439981,true,קבב בקר  אל גאוצ`ו 400גר`,נטו מלינדה סחר בעמ,,,"י""ח",4,ל 100 גרם,false,1,22.90,5.73,true,1,
2439998,true,קבב בקר וכבש אל גאוצ`ו 400גר`,נטו מלינדה סחר בעמ,,,"י""ח",4,ל 100 גרם,false,1,22.90,5.73,true,1,
2478041,true,נקניקיות וינר 400גר`,נטו מלינדה סחר בעמ,,,"י""ח",4,ל 100 גרם,false,1,10,2.50,false,1,
2487364,true,בורקס פילו גבינה  זיתים 700 גרם,נטו מלינדה סחר בעמ,,,"י""ח",7,ל 100 גרם,false,1,16.90,2.41,true,1,
2507277,true,קציצות דג 700 גרם,נטו מלינדה סחר בעמ,,,"י""ח",7,ל 100 גרם,false,1,24.90,3.56,true,1,
2507451,true,קציצות דג סלמון לבישול 750גרם,נטו מלינדה סחר בעמ,,,"י""ח",75,ל 100 גרם,false,1,24.90,0.33,true,1,
2507604,true,פיצה השף איטלקית 320ג,נטו מלינדה סחר בעמ,,,"י""ח",3.20,ל 100 גרם,false,1,13.90,4.34,true,1,
2511229,true,בולגרית מעודנת 16%  המושבה,מחלבות המושבה בעמ,,,"ק""ג",10,ל 100 גרם,true,1,39.90,3.99,false,1,
2511236,true,בולגרית מעודנת  5%  המושבה,מחלבות המושבה בעמ,,,"ק""ג",1,,true,1,39.90,39.90,false,1,
2511281,true,ברינזה צאן/כבשים המושבה,מחלבות המושבה בעמ,,,"ק""ג",1,"ק""ג",true,1,79.90,79.90,false,1,
2511397,true,ברי בקר  שקיל,מחלבות המושבה בעמ,,,"ק""ג",1.50,"ל 100 מ""ל",true,1,106.90,71.27,false,1,
2511427,true,אצבעות שוקולד וניל מעדניה,מחלבות המושבה בעמ,,,"ק""ג",10,ל 100 גרם,true,1,59.90,5.99,false,1,
2512257,true,מלאווח מופחת שומן 700ג צנעני,א.ג בחירה חכמה בעמ,,,"י""ח",7,ל 100 גרם,false,1,16.90,2.41,false,1,
2542780,true,"בירה סטלה ארטואה 330מ""ל  1/6 בקבוק",תימקו בירה,,,"י""ח",3.30,"ל 100 מ""ל",false,1,39.90,11.55,true,1,
2579496,true,"נר נשמה 48ש   בזכוכית""שווה""",ח.כהן סוכנות מזון ומשקאות בע,,,"י""ח",1,,false,1,4.90,4.90,false,1,
2603474,true,פיצה שף שגב רוטב פטריות טעם ממהין200ג,נטו מלינדה סחר בעמ,,,"י""ח",2,ל 100 גרם,false,1,13.90,6.95,true,1,
2603481,true,פיצה שף שגב פסטו ועגבניות 200ג,נטו מלינדה סחר בעמ,,,"י""ח",2,ל 100 גרם,false,1,13.90,6.95,true,1,
2603498,true,פיצה שף שגב אנטיפסטי 200ג,נטו מלינדה סחר בעמ,,,"י""ח",2,ל 100 גרם,false,1,13.90,6.95,true,1,
2603504,true,פיצה שף שגב עגבניות ובצל סגול 200ג,נטו מלינדה סחר בעמ,,,"י""ח",2,ל 100 גרם,false,1,13.90,6.95,true,1,
2603634,true,"משולש זיתים דק תפזורת בעל""ז",נטו מלינדה סחר בעמ,,,"י""ח",1,"י""ח",false,1,2.90,2.90,true,1,
2603689,true,"מקלות פילו XL תפו""א 450גר",נטו מלינדה סחר בעמ,,,"י""ח",4.50,ל 100 גרם,false,1,18.90,4.20,true,1,
2608509,true,לחם מחמצת זיתי קלמטה 530גר,ג נרל מילס ישראל בעמ ~~~,,,"י""ח",5.30,ל 100 גרם,false,1,16.90,3.19,true,1,
2608516,true,לחם מחמצת טוסקני מקמח מלא 530גר,ג נרל מילס ישראל בעמ ~~~,,,"י""ח",5.30,ל 100 גרם,false,1,16.90,3.19,true,1,
2608523,true,לחם מחמצת כוסמין 530גר,ג נרל מילס ישראל בעמ ~~~,,,"י""ח",5.30,ל 100 גרם,false,1,16.90,3.19,true,1,
2608769,true,לחם מחמצת טוסקני דגנים 530גר,ג נרל מילס ישראל בעמ ~~~,,,"י""ח",5.30,ל 100 גרם,false,1,16.90,3.19,true,1,
2627098,true,פיצה ביס 350גר שלושת האופים,נטו מלינדה סחר בעמ,,,"י""ח",3.50,ל 100 גרם,false,1,12.90,3.69,true,1,
2628170,true,צלי כתף מס 5 חלק ג.חול פרגוואי.,בלדי בעמ,,,"ק""ג",1,"ק""ג",true,1,79.90,79.90,true,1,
2628194,true,שריר זרוע  מס 8 חלק,בלדי בעמ,,,"ק""ג",1,,true,1,29.90,29.90,false,1,
2657408,true,טונה פוסידון 960גרם,נטו מלינדה סחר בעמ,,,"י""ח",1.60,ל 100 גרם,false,1,31.90,19.94,false,1,
2661153,true,"לחם דני קל 1ק""ג",י.את א. ברמן בעמ,,,"י""ח",1,"ק""ג",false,1,16.90,16.90,false,1,
2692768,true,תרסיס שמן קנולה מזוכך ללא תוספת גז 200,סוגת תעשיות בעמ,,,"י""ח",2,"ל 100 מ""ל",false,1,14.90,7.45,false,1,
2692775,true,"תרסיס שמן קנולה  200מ""ל עץ הזית",סוגת תעשיות בעמ,,,"י""ח",2,ליטר,false,1,14.90,7.45,false,1,
2692782,true,תרסיס טעם זית כתית מעולה ללא תוספת גז1,סוגת תעשיות בעמ,,,"י""ח",2,"ל 100 מ""ל",false,1,14.90,7.45,false,1,
2707141,true,"סולת 1ק""ג",טחנות קמח מפרץ בעמ,,,"י""ח",1,"ק""ג",false,1,3.90,3.90,false,1,
2707172,true,"סולת חיטה עבה  1ק""ג",טחנות קמח מפרץ בעמ,,,"י""ח",1,"ק""ג",false,1,3.90,3.90,false,1,
2750178,true,גבטה 180 כפרית,ג נרל מילס ישראל בעמ ~~~,,,"י""ח",1,,false,1,4.50,4.50,true,1,
2750383,true,לחם מחמצת טוסקני כפרי 530גר,ג נרל מילס ישראל בעמ ~~~,,,"י""ח",5.30,ל 100 גרם,false,1,16.90,3.19,true,1,
2750451,true,לחם מחמצת טוסקני לבן 530גר,ג נרל מילס ישראל בעמ ~~~,,,"י""ח",5.30,ל 100 גרם,false,1,16.90,3.19,true,1,
2750925,true,חצי בגט כפרי,ג נרל מילס ישראל בעמ ~~~,,,"י""ח",1,,false,1,3,3,false,1,
2757139,true,מלוואח 700 גר`שלושת האופים,נטו מלינדה סחר בעמ,,,"י""ח",7,ל 100 גרם,false,1,13.90,1.99,true,1,
2757146,true,"קובה למרק חמוסטה 1 ק""ג",נטו מלינדה סחר בעמ,,,"י""ח",1,"ק""ג",false,1,21.90,21.90,false,1,
2757511,true,קציצת דג לבישול 750גר`,נטו מלינדה סחר בעמ,,,"י""ח",7.50,"ל 100 מ""ל",false,1,24.90,3.32,true,1,
2757528,true,"בורקס פילו תפו""א -500ג`",נטו מלינדה סחר בעמ,,,"י""ח",5,ל 100 גרם,false,1,16.90,3.38,true,1,
2757535,true,בורקס פילו-אצבעות גבינה 500גר`,נטו מלינדה סחר בעמ,,,"י""ח",5,ל 100 גרם,false,1,16.90,3.38,true,1,
2757665,true,קבב מזרחי 400גר`,נטו מלינדה סחר בעמ,,,"י""ח",4,ל 100 גרם,false,1,11.90,2.98,false,1,
2757672,true,המבורגר 400גר`,נטו מלינדה סחר בעמ,,,"י""ח",4,ל 100 גרם,false,1,11.90,2.98,false,1,
2757726,true,בורקס גבינה 700 ג`,נטו מלינדה סחר בעמ,,,"י""ח",7,ל 100 גרם,false,1,19.90,2.84,false,1,
2757733,true,ג`חנון 650 ג`,נטו מלינדה סחר בעמ,,,"י""ח",6.50,ל 100 גרם,false,1,12.90,1.98,false,1,
2757740,true,"בורקס תפו""א 700 ג` סדרה אדומה",נטו מלינדה סחר בעמ,,,"י""ח",7,ל 100 גרם,false,1,14.90,2.13,false,1,
2757757,true,מלאווח 700גר`,נטו מלינדה סחר בעמ,,,"י""ח",7,ל 100 גרם,false,1,13.90,1.99,false,1,
2775010,true,מיני בורקס פילו גבינה 650גר`,נטו מלינדה סחר בעמ,,,"י""ח",6.50,ל 100 גרם,false,1,16.90,2.60,true,1,
2775317,true,פילה זהבנון,נטו מלינדה סחר בעמ,,,"ק""ג",1,,true,1,22.90,22.90,false,1,
2787495,true,פילה סלמון קפוא,נטו מלינדה סחר בעמ,,,"ק""ג",1,,true,1,79.90,79.90,false,1,
2787884,true,"מקלות  בורקס פילו תפו""א 650גר`",נטו מלינדה סחר בעמ,,,"י""ח",6.50,ל 100 גרם,false,1,16.90,2.60,true,1,
2787891,true,מקלות בורקס פילו תרד 650גר`,נטו מלינדה סחר בעמ,,,"י""ח",6.50,ל 100 גרם,false,1,16.90,2.60,true,1,
2814290,true,קצף מרוכז אקונומיקה 1ל בלנקו,קומפלקס כימיקלסבעמ ~~~,,,"י""ח",1,ליטר,false,1,10.90,10.90,false,1,
2814603,true,"מסיר שומנים קר מבושם 750מ""ל",קומפלקס כימיקלסבעמ ~~~,,,"י""ח",0.75,ליטר,false,1,13.90,18.53,false,1,
2814870,true,"מסיר שומנים קר מבושם 750מ""ל",קומפלקס כימיקלסבעמ ~~~,,,"י""ח",0.75,ליטר,false,1,12.90,17.20,false,1,
2827306,true,נקניקיות עוף 400 גר`מחפוד,לפ עוף ירושלים מהדרין בעמ,,,"י""ח",4,ל 100 גרם,false,1,8.90,2.23,true,1,
2827337,true,נקניקיות עוף פיקנטי400 גר`מחפוד,לפ עוף ירושלים מהדרין בעמ,,,"י""ח",4,ל 100 גרם,false,1,8.90,2.23,true,1,
2830184,true,פילה לברק 5-7,נטו מלינדה סחר בעמ,,,"ק""ג",2,ל 100 גרם,true,1,52.90,26.45,false,1,
2830245,true,פילה לברק 5-7  קפוא,נטו מלינדה סחר בעמ,,,"ק""ג",2,ל 100 גרם,true,1,52.90,26.45,false,1,
2862109,true,פרורי לחם מוזהבים 400גר,*347540,,,"י""ח",4,ל 100 גרם,false,1,6.90,1.73,false,1,
2862222,true,"פרורי לחם רגילים 1ק""ג",*347540,,,"י""ח",1,"ק""ג",false,1,9.90,9.90,false,1,
2862338,true,סחוג 150 ג  אדום,בידאני נתן,,,"י""ח",1,,false,1,10.90,10.90,false,1,
2862444,true,"פרורי לחם מוזהבים 1ק""ג הררית",*347540,,,"י""ח",1,"ק""ג",false,1,12.90,12.90,false,1,
2862840,true,מתובלים 400ג בטעם שום,*347540,,,"י""ח",4,ל 100 גרם,false,1,8.90,2.23,false,1,
2862857,true,מתובלים 400ג בטעם גריל,*347540,,,"י""ח",4,ל 100 גרם,false,1,8.90,2.23,false,1,
2862864,true,מתובלים טעם קלאסי 400ג,*347540,,,"י""ח",4,ל 100 גרם,false,1,6.90,1.73,false,1,
2871248,true,טובורג רד 500 חוזר,חברה המרכזית להפצת משקאות בעמ,,,"י""ח",5,"ל 100 מ""ל",false,1,8.20,1.40,true,1,
2871361,true,קרלסברג  בירה 500 חוזר,חברה המרכזית להפצת משקאות בעמ,,,"י""ח",5,"ל 100 מ""ל",false,1,8.20,1.40,false,1,
2909248,true,שריר בשר  מס `8 קפוא הרב בעדני,בלדי בעמ,,,"ק""ג",1,,true,1,46.90,46.90,false,1,
2909569,true,פילה  ברבוניה 400 גרם,בלדי בעמ,,,"י""ח",4,ל 100 גרם,false,1,25.90,6.48,false,1,
2909576,true,בשר בקר טחון  לקציצות ולקבב 500גר.,בלדי בעמ,,,"י""ח",5,ל 100 גרם,false,1,18.90,3.78,false,1,
2909804,true,פילה   בקלה(מרלוזה)ארוז ללא עור.,בלדי בעמ,,,"ק""ג",1,"ק""ג",true,1,29.90,29.90,false,1,
2909880,true,פולי סויה אדממה 400גר,בלדי בעמ,,,"י""ח",4,ל 100 גרם,false,1,8.90,2.23,false,1,
2919179,true,פילה אמנון ללא עור בלדי,בלדי בעמ,,,"ק""ג",1,"ק""ג",true,1,39.90,39.90,false,1,
2919599,true,פילה מדומה מס `6 קפוא הרב בעדני,בלדי בעמ,,,"ק""ג",1,,true,1,44.90,44.90,false,1,
2922865,true,קבב מובחר טאק טורו בית יוסף,נטו מלינדה סחר בעמ,,,"י""ח",1,,false,1,17.90,17.90,true,1,
2922872,true,המבורגר מובחר טאק טורו בית יוסף 500ג,נטו מלינדה סחר בעמ,,,"י""ח",5,ל 100 גרם,false,1,17.90,3.58,true,1,
2929284,true,טונה פוסידון 140ג 1/4,נטו מלינדה סחר בעמ,,,"י""ח",5.60,ל 100 גרם,false,1,19.90,3.55,false,1,
2929512,true,פלאפל כדורי קפוא 500גרם,נטו מלינדה סחר בעמ,,,"י""ח",5,ל 100 גרם,false,1,13.90,2.78,false,1,
2929536,true,קובה למרק 600ג ג,נטו מלינדה סחר בעמ,,,"י""ח",6,ל 100 גרם,false,1,13.90,2.32,false,1,
2929642,true,טונה מארז 4 יח  }ויליגיר{ 140גר,נטו מלינדה סחר בעמ,,,"י""ח",5.60,ל 100 גרם,false,1,19.90,3.55,true,1,
2939108,true,חזה עוף  טרי(עטרה)ארוז,"ח.י. מעדני גורמה בע""מ",,,"ק""ג",1,,true,1,34.90,34.90,true,1,
2954217,true,"אורז יסמין מדליה 1ק""ג",בני ג ורג שוקחה בעמ,,,"י""ח",1,"ק""ג",false,1,9.90,9.90,false,1,
2954477,true,"אורז אוסטרלי 5 ק""ג",בני ג ורג שוקחה בעמ,,,"י""ח",5,"ק""ג",false,1,49.90,9.98,false,1,
2971191,true,"קמח חיטה לבן  שטיבל  1ק""ג",טחנת קמח באר-שבע בעמ,,,"י""ח",1,"ק""ג",false,1,3.90,3.90,true,1,
2971955,true,"קמח לבן 650 ללא צורך בניפוי 1ק""ג שטיבל",ח.כהן סוכנות מזון ומשקאות בע,,,"י""ח",1,"ק""ג",false,1,8.90,8.90,false,1,
2971962,true,"קמח מלא 100% 1ק""ג  ללא צורך בניפוי",ח.כהן סוכנות מזון ומשקאות בע,,,"י""ח",1,"ק""ג",false,1,8.90,8.90,false,1,
2971986,true,קמח שיפון ללא צורך  בניפוי,ח.כהן סוכנות מזון ומשקאות בע,,,"י""ח",1,"ק""ג",false,1,8.90,8.90,false,1,
2971993,true,קמח כוסמין מלא ללא צורך  בניפוי,ח.כהן סוכנות מזון ומשקאות בע,,,"י""ח",1,"ק""ג",false,1,14.90,14.90,false,1,
2972006,true,"קמח בהיר 405 ללא צורך בניפוי 1ק""ג שטיב",ח.כהן סוכנות מזון ומשקאות בע,,,"י""ח",1,"ק""ג",false,1,8.90,8.90,false,1,
2972365,true,"קמח תופח ללא צורך בניפוי 1ק""ג",ח.כהן סוכנות מזון ומשקאות בע,,,"י""ח",1,"ק""ג",false,1,8.90,8.90,false,1,
2972426,true,"קמח מלא 80% ללא צורך בניפוי 1ק""ג",ח.כהן סוכנות מזון ומשקאות בע,,,"י""ח",1,"ק""ג",false,1,7.90,7.90,false,1,
2974314,true,קמח פיצה שטיבל ללא צ.בניפוי,ח.כהן סוכנות מזון ומשקאות בע,,,"י""ח",1,"ק""ג",false,1,10.90,10.90,false,1,
3006021,true,קוביות מעדן פטה בטעמים שקיל,לפ הגבינות של ניצן,,,"ק""ג",1,ל 100 גרם,true,1,69.90,69.90,false,1,
3010001,true,"עגבניות מרוסקות 240ג בד""ץ.",זנלכל בעמ,,,"י""ח",2.40,ל 100 גרם,false,1,5.50,2.29,false,1,
3069156,true,פילה דג סלמון קפוא V,נטו מלינדה סחר בעמ,,,"ק""ג",1,"ק""ג",true,1,79.90,79.90,false,1,
3069590,true,"סול פילה ארוז 1ק""ג.",נטו מלינדה סחר בעמ,,,"י""ח",1,"ק""ג",false,1,36.90,36.90,false,1,
3069682,true,בצק פילאס 500ג,נטו מלינדה סחר בעמ,,,"י""ח",5,ל 100 גרם,false,1,16.90,3.38,true,1,
3069705,true,"פיצה אישית גבינה דקה תפזורת בעל""ז",נטו מלינדה סחר בעמ,,,"י""ח",1,"י""ח",false,1,2.90,2.90,true,1,
3075553,true,לבנה 500גר,מחלבת רג`ב בעמ,,,"י""ח",5,ל 100 גרם,false,1,21.90,4.38,false,1,
3102136,true,צמר גפן רפואי,אינטרסן (1996) בעמ,,,"י""ח",1,,false,1,4.50,4.50,false,1,
3103285,true,פטינה שקיל שאראוס .,"שטראוס גרופ ***בע""מ",,,"ק""ג",1,"ק""ג",true,1,24.90,24.90,true,1,
3105807,true,בלוז שקיל שטראוס .,"שטראוס גרופ ***בע""מ",,,"ק""ג",1,"ק""ג",true,1,69.90,69.90,true,1,
3107223,true,"סולת דגן  1ק""ג",טחנות קמח דגן,,,"י""ח",1,"ק""ג",false,1,5.90,5.90,false,1,
3107353,true,משפר אפיה ביתי שמרים יבשים שטיבל 33ג,ח.כהן סוכנות מזון ומשקאות בע,,,"י""ח",0.33,ל 100 גרם,false,1,5.90,17.88,false,1,
3111034,true,"שיפוד שווארמה עוף מתובל 20ק""ג",בלדי בעמ,,,"ק""ג",1,,true,1,57.90,57.90,false,1,
3122042,true,שניצל הודו מעובד 120ג,בלדי בעמ,,,"ק""ג",1,,true,1,36.90,36.90,false,1,
3122043,true,שניצל הודו מעובד 170ג,בלדי בעמ,,,"ק""ג",1,,true,1,36.90,36.90,false,1,
3122045,true,שניצל הודו מעובד 200ג,בלדי בעמ,,,"ק""ג",1,,true,1,36.90,36.90,false,1,
3140237,true,"סילאן לחיץ 360ג כשל""פ",ליימן שליסל,,,"י""ח",3.60,ל 100 גרם,false,1,9.90,2.75,false,1,
3141071,true,פרגיות עוף ארוך בלי עור קפוא ארוז.,בלדי בעמ,,,"ק""ג",1,,true,1,61.90,61.90,false,1,
3141072,true,פרגיות עוף ארוך עם עור קפוא ארוז.,בלדי בעמ,,,"ק""ג",1,,true,1,57.90,57.90,false,1,
3141074,true,"שניצל עוף 120גר קפוא ארוז 10ק""ג",בלדי בעמ,,,"ק""ג",5,ל 100 גרם,true,1,47.90,9.58,false,1,
3141075,true,"שניצל עוף 150גר קפוא ארוז 10ק""ג",בלדי בעמ,,,"ק""ג",5,ל 100 גרם,true,1,49.90,9.98,false,1,
3141076,true,"שניצל עוף 170גר קפוא ארוז 10ק""ג",בלדי בעמ,,,"ק""ג",5,ל 100 גרם,true,1,49.90,9.98,false,1,
3141157,true,שניצל הודו מעובד 150ג,בלדי בעמ,,,"ק""ג",1,,true,1,36.90,36.90,false,1,
3141159,true,יוגטה מרשמלו 180ג,ליימן שליסל,,,"י""ח",1.80,ל 100 גרם,false,1,8.90,4.94,false,1,
3142422,true,גרעיני חמניות ללא מלח 180 גרם,ליימן שליסל,,,"י""ח",1.80,ל 100 גרם,false,1,6.40,3.56,true,1,
3143139,true,סילאן קליית גת 900גרם,ליימן שליסל,,,"י""ח",9,ל 100 גרם,false,1,13.90,1.54,true,1,
3143146,true,"ממרח תמרים קליית גת 450גרם כשל""פ",ליימן שליסל,,,"י""ח",4.50,ל 100 גרם,false,1,6.90,1.53,false,1,
3143276,true,יוגטה מרשמלו מגולגל 180ג,ליימן שליסל,,,"י""ח",1.80,ל 100 גרם,false,1,8.90,4.94,false,1,
3143337,true,"סילאן קליית גת 360גרם צנצנת  כשל""פ",ליימן שליסל,,,"י""ח",3.60,ל 100 גרם,false,1,15.90,4.42,false,1,
3144310,true,תערובת אגוזים וחמוציות 150ג,ליימן שליסל,,,"י""ח",1.50,ל 100 גרם,false,1,16.90,11.27,false,1,
3144419,true,סילאן קליית גת 710גר טבעי,ליימן שליסל,,,"י""ח",7.10,ל 100 גרם,false,1,21.90,3.08,false,1,
3144679,true,הוטפופ 5(בדלי) שקיות עם מלח,ליימן שליסל,,,"י""ח",5,ל 100 גרם,false,1,14.90,2.98,true,1,
3145782,true,צנובר טבעי 100גר`,ליימן שליסל,,,"י""ח",1,ל 100 גרם,false,1,24.90,24.90,false,1,
3157624,true,שניצל עוף פרוס ארוז טמה שווארץ  קפוא~,לפ עוף ירושלים מהדרין בעמ,,,"ק""ג",1,"ק""ג",true,1,49.90,49.90,false,1,
3189045,true,הולנדי כפיר-א. חלב נוכרי,*347440,,,"ק""ג",1,,true,1,37.90,37.90,false,1,
3189274,true,צהובה מעושן חלב נוכרי במשקל,*347440,,,"ק""ג",1,"י""ח",true,1,39.90,39.90,false,1,
3224128,true,"כיסוני תפו""א 800ג",לפ מאמא מרי בעמ,,,"י""ח",8,ל 100 גרם,false,1,12.60,1.58,false,1,
3229154,true,סלמי קוניאק מובחר,תנובה בשר,,,"י""ח",3,ל 100 גרם,false,1,24.90,8.30,false,1,
3268252,true,לחם חיטה מלא 750 לילדים,דגנית עין בר ~~~,,,"י""ח",7.50,ל 100 גרם,false,1,13.90,1.85,false,1,
3268429,true,לחם ירוק 750גר,דגנית עין בר ~~~,,,"י""ח",7.50,ל 100 גרם,false,1,14.90,1.99,false,1,
3272273,true,חמוציות ללא סוכר לבן שקיל,*347360,,,"ק""ג",1,,true,1,69,69,false,1,
3287215,true,גולש בקר קפוא ארוז 800 גר,בלדי בעמ,,,"י""ח",8,ל 100 גרם,false,1,36.90,4.61,false,1,
3287956,true,פילה לברק יפני 5-7 וואקום בלדי.,בלדי בעמ,,,"ק""ג",1,"ק""ג",true,1,49.90,49.90,false,1,
3402809,true,חטיף שוקולד לבן ריזס 39גר.,ליימן שליסל,,,"י""ח",0.39,ל 100 גרם,false,1,3.90,10,false,1,
3414406,true,שוקולד צ יפס  283גר ריזס..,ליימן שליסל,,,"י""ח",2.83,ל 100 גרם,false,1,14.90,5.27,false,1,
3423909,true,חטיף שוקולד לבן קוקיז אנד קרים 43,ליימן שליסל,,,"י""ח",0.43,ל 100 גרם,false,1,4.90,11.40,false,1,
3438853,true,אוליביה  אריסה חריסה 180גר,תה ויסוצקי (ישראל)בעמ,,,"י""ח",1.80,ל 100 גרם,false,1,13.90,7.72,false,1,
3514007,true,שקדי מרק 400 גר`MANA,ש.שסטוביץ בעמ,,,"י""ח",4,ל 100 גרם,false,1,8.90,2.23,true,1,
3526871,true,פטריות חתוך מארז שלשות,נטו מלינדה סחר בעמ,,,"י""ח",2.90,ל 100 גרם,false,1,11.90,4.10,false,1,
3572267,true,חזה בקר מס 3 מוכשר ברזיל קפוא,בלדי בעמ,,,"ק""ג",1,,true,1,29.90,29.90,false,1,
3578085,true,גבינת מוצרלה %21שומן למעדניות,ג.וילי פוד אינטרנשיונל בעמ,,,"ק""ג",1,,true,1,69,69,false,1,
3578412,true,לפתן  אפרסק וויליפוד,ג.וילי פוד אינטרנשיונל בעמ,,,"י""ח",8.25,ל 100 גרם,false,1,9.90,1.20,false,1,
3579379,true,מרלוזה פילה ללא עור קפוא,בלדי בעמ,,,"ק""ג",1,,true,1,24.90,24.90,false,1,
3579683,true,צלעות  מס2 מוכשר ברזיל קפוא,בלדי בעמ,,,"ק""ג",1,,true,1,38.90,38.90,true,1,
3579751,true,בשר ראש מוכשר ברזיל,בלדי בעמ,,,"ק""ג",1,,true,1,70.90,70.90,false,1,
3579775,true,לשון בקר מוכשר ברזיל,בלדי בעמ,,,"ק""ג",1,,true,1,33.90,33.90,false,1,
3579812,true,מכסה הצלע   מס7 מוכשר ברזיל קפוא,בלדי בעמ,,,"ק""ג",1,,true,1,30.90,30.90,false,1,
3598311,true,מינוט סטייק דקדק 100% בשר 300גרם,בלדי בעמ,,,"י""ח",3,ל 100 גרם,false,1,24.90,8.30,true,1,
3598472,true,פילה סלומון מנות בלדי.,בלדי בעמ,,,"ק""ג",1,"ק""ג",true,1,89.90,89.90,false,1,
3718627,true,פול ירוק  ארוז 400ג,בלדי בעמ,,,"י""ח",4,ל 100 גרם,false,1,9.90,2.48,false,1,
3718719,true,לברק פילה 5/7 עדה חרדית קפוא,בלדי בעמ,,,"ק""ג",1,,true,1,46.80,46.80,false,1,
3726592,true,טופו ויילר 300גר טעם פסטו,"שטראוס גרופ ***בע""מ",,,"י""ח",3,ל 100 גרם,false,1,11.90,3.97,true,1,
3726615,true,טופו ויילר 300גר,"שטראוס גרופ ***בע""מ",,,"י""ח",3,ל 100 גרם,false,1,11.90,3.97,true,1,
3726622,true,טופו פיקנטי 300גר טעם טבעי.,"שטראוס גרופ ***בע""מ",,,"י""ח",3,ל 100 גרם,false,1,12.90,4.30,true,1,
3726684,true,טופו חומוס 300גר טעם טבעי.,"שטראוס גרופ ***בע""מ",,,"י""ח",3,ל 100 גרם,false,1,10,3.33,true,1,
3726868,true,טופו חומוס בתוספת עג. 300גר טעם טבעי.,"שטראוס גרופ ***בע""מ",,,"י""ח",3,ל 100 גרם,false,1,10,3.33,true,1,
3726875,true,טופו חומוס בתוספת פסטו 300גר טעם טבעי.,"שטראוס גרופ ***בע""מ",,,"י""ח",3,ל 100 גרם,false,1,10,3.33,true,1,
3976607,true,אקונומיקה סמיכה 4 ל` טאצ`לבנדר.,סאסאטק אגשח בעמ,,,"י""ח",4,ליטר,false,1,12.90,3.23,true,1,
3976614,true,אקונומיקה סמיכה 4 ל` טאצ`פרחים,סאסאטק אגשח בעמ,,,"י""ח",4,ליטר,false,1,12.90,3.23,true,1,
3996087,true,בצל ירוק חסלט,יעל ירק עלים לשיווק בעמ,,,"י""ח",1,,false,1,7.80,7.80,false,1,
4011284,true,"בסיס להכנת קצפת 212מ""ל",נטו מלינדה סחר בעמ,,,"י""ח",2.12,"ל 100 מ""ל",false,1,9.90,4.67,true,1,
4011291,true,"בסיס להכנת קצפת 425מ""ל",נטו מלינדה סחר בעמ,,,"י""ח",4.25,"ל 100 מ""ל",false,1,12.90,3.04,false,1,
4011338,true,"קצפת 250מ""ל",נטו מלינדה סחר בעמ,,,"י""ח",2.50,"ל 100 מ""ל",false,1,9.90,3.96,false,1,
4011345,true,"קצפת  ריצ`פרווה במיכל 250 מ""ל",נטו מלינדה סחר בעמ,,,"י""ח",2.50,"ל 100 מ""ל",false,1,9.90,3.96,false,1,
4011352,true,"בסיס להכנת קצפת 212מ""ל מארז 3יח",נטו מלינדה סחר בעמ,,,"י""ח",3,"י""ח",false,1,17.90,5.97,false,1,
4011796,true,קבבונים אל גאוצ`ו 400גר`,נטו מלינדה סחר בעמ,,,"י""ח",4,ל 100 גרם,false,1,21.50,5.38,true,1,
4011802,true,צ`וריסוס אל גאוצ`ו 400גר`,נטו מלינדה סחר בעמ,,,"י""ח",4,ל 100 גרם,false,1,21.50,5.38,true,1,
4011819,true,המבורגר ריב אנטריקוט 360גרם,נטו מלינדה סחר בעמ,,,"י""ח",3.60,ל 100 גרם,false,1,24.90,6.92,true,1,
4011826,true,מיני המבורגר ריב אנטריקוט 320גרם,נטו מלינדה סחר בעמ,,,"י""ח",3.20,ל 100 גרם,false,1,21.90,6.84,true,1,
4014407,true,סוכריות   M M   שוקו,"מרס ריגלי ישראל בע""מ",,,"י""ח",1,,false,1,4.90,4.90,true,1,
4022309,true,MNM פינאטבאטר 80ג,"מרס ריגלי ישראל בע""מ",,,"י""ח",0.80,ל 100 גרם,false,1,7.90,9.88,false,1,
4026776,true,לחם מחמצת אגוזים וצימוקים 530גר,ג נרל מילס ישראל בעמ ~~~,,,"י""ח",5.30,ל 100 גרם,false,1,16.90,3.19,true,1,
4026851,true,בייגלה רומני,ג נרל מילס ישראל בעמ ~~~,,,"י""ח",1.50,ל 100 גרם,false,1,4.50,3,true,1,
4030100,true,מיץ תפוזים סחוט 1ל פריניב,"תנובה בע""מ ***",,,"י""ח",1,ליטר,false,1,17.30,17.30,false,1,
4030728,true,"מיץ לימון 100%  250 מ""ל מחנה יהודה",*347640,,,"י""ח",2.50,"ל 100 מ""ל",false,1,7.90,3.16,true,1,
4030834,true,מיץ רימונים 1 ליטר,"תנובה בע""מ ***",,,"י""ח",1,ליטר,false,1,17.50,17.50,false,1,
4033736,true,לחם עננים בסגנון בריוש,י.את א. ברמן בעמ,,,"י""ח",5,ל 100 גרם,false,1,13.90,2.78,false,1,
4043108,true,MNM שוקו   80ג.,"מרס ריגלי ישראל בע""מ",,,"י""ח",0.80,ל 100 גרם,false,1,7.90,9.88,false,1,
4063016,true,"מלח שולחן 1 ק""ג*",סוגת תעשיות בעמ,,,"י""ח",1,"ק""ג",false,1,1.70,1.70,false,1,
4064174,true,"מלח דק 1 ק""ג צנצנת ההימלאיה",סוגת תעשיות בעמ,,,"י""ח",1,"ק""ג",false,1,17.90,17.90,false,1,
4064181,true,"מלח גס 1 ק""ג צנצנת ההימלאיה",סוגת תעשיות בעמ,,,"י""ח",1,"ק""ג",false,1,17.90,17.90,false,1,
4064389,true,מלח הימלאיה דק מלחייה 250 גרם,סוגת תעשיות בעמ,,,"י""ח",2.50,"י""ח",false,1,9.90,3.96,false,1,
4068035,true,"איירן 500מ""ל",מחלבות גד,,,"י""ח",5,"ל 100 מ""ל",false,1,7.90,1.58,false,1,
4068172,true,יוגורט עזים דלי 600ג 5%,מחלבות גד,,,"י""ח",6,ל 100 גרם,false,1,17.20,2.87,false,1,
4068578,true,פרמזן גראנה פדאנו שקיל,מחלבות גד,,,"ק""ג",1,,true,1,99.90,99.90,false,1,
4122607,true,עמק לייט חריץ 9% שקיל,"תנובה בע""מ ***",,,"ק""ג",10,ל 100 גרם,true,1,70,7,false,1,
4128333,true,לבנה פיראוס,"תנובה בע""מ ***",,,"י""ח",5,ל 100 גרם,false,1,20,4,false,1,
4129903,true,.גבינת שמנת  שקילה 30% תנובה.,"תנובה בע""מ ***",,,"ק""ג",1,"י""ח",true,1,39,39,false,1,
4135324,true,בולגרית מעודנת,"תנובה בע""מ ***",,,"ק""ג",1,"ק""ג",true,1,43,43,false,1,
4136291,true,צפתית מעודנת פיראוס (5%שקיל).,"תנובה בע""מ ***",,,"ק""ג",1,"ק""ג",true,1,51,51,false,1,
4136833,true,פיראוס בולגרית 16% שקיל.,"תנובה בע""מ ***",,,"ק""ג",1,,true,1,58,58,false,1,
4150136,true,חציל על האש פיקנטי פרמיום 300ג,"סלטי שמיר2006בע""מ",,,"י""ח",3,ל 100 גרם,false,1,15.90,5.30,true,1,
4150143,true,חציל במיונז פיקנטי פרמיום 300ג,"סלטי שמיר2006בע""מ",,,"י""ח",3,ל 100 גרם,false,1,15.90,5.30,true,1,
4165017,true,"רסק תפו""ע דל קלוריות 560גר.",זנלכל בעמ,,,"י""ח",5.60,ל 100 גרם,false,1,8.90,1.59,false,1,
4194178,true,עוף  מחפוד}קפוא{,לפ עוף ירושלים מהדרין בעמ,,,"ק""ג",1,"ק""ג",true,1,22.90,22.90,false,1,
4194239,true,חזה עוף ארוז מחפוד  קפוא~,לפ עוף ירושלים מהדרין בעמ,,,"ק""ג",1,"ק""ג",true,1,31.90,31.90,false,1,
4194253,true,כנפיים עוף ארוז מחפוד קפוא ~,לפ עוף ירושלים מהדרין בעמ,,,"ק""ג",1,"ק""ג",true,1,13.90,13.90,true,1,
4194307,true,כבד עוף ארוז מחפוד קפוא,לפ עוף ירושלים מהדרין בעמ,,,"ק""ג",1,"ק""ג",true,1,26.90,26.90,false,1,
4194314,true,לבבות עוף קפוא מחפוד ארוז,לפ עוף ירושלים מהדרין בעמ,,,"ק""ג",1,,true,1,34.90,34.90,false,1,
4194345,true,שניצל עוף פרוס ארוז מחפוד  קפוא~,לפ עוף ירושלים מהדרין בעמ,,,"ק""ג",1,"ק""ג",true,1,32.90,32.90,false,1,
4194529,true,עוף טרי ארוז  מחפוד**,"ח.י. מעדני גורמה בע""מ",,,"ק""ג",1,"ק""ג",true,1,22.90,22.90,false,1,
4194536,true,חזה עוף טרי שלם ארוז   מחפוד**,"ח.י. מעדני גורמה בע""מ",,,"ק""ג",1,,true,1,34.90,34.90,false,1,
4194543,true,כרעיים עוף טרי ארוז  מחפוד**,"ח.י. מעדני גורמה בע""מ",,,"ק""ג",1,,true,1,34.90,34.90,true,1,
4194703,true,כבד עוף צלוי טרי ארוז  מחפוד**,לפ עוף ירושלים מהדרין בעמ,,,"ק""ג",1,,true,1,29.90,29.90,false,1,
4225285,true,דנאבלו 100גר נטו,נטו מלינדה סחר בעמ,,,"י""ח",1,ל 100 גרם,false,1,12.10,12.10,false,1,
4225872,true,"קרם קוקוס 400מ""ל ויליגר",נטו מלינדה סחר בעמ,,,"י""ח",4,"ל 100 מ""ל",false,1,6.90,1.73,false,1,
4228415,true,פיצה שף שגב עבה סיצליה 425גר,נטו מלינדה סחר בעמ,,,"י""ח",4.25,ל 100 גרם,false,1,19.90,4.68,false,1,
4228767,true,נתחי פילה אמנון ללא עור בציפוי שגב,נטו מלינדה סחר בעמ,,,"י""ח",3.50,ל 100 גרם,false,1,24.90,7.11,true,1,
4228804,true,עלי בצק למילוי סיגרים 450 ג`,נטו מלינדה סחר בעמ,,,"י""ח",4.50,ל 100 גרם,false,1,13.90,3.09,false,1,
4229870,true,בורקס פטריות 600 ג,נטו מלינדה סחר בעמ,,,"י""ח",6,ל 100 גרם,false,1,16.90,2.82,true,1,
4230081,true,קציצות עוף ברוטב עגבניות שגב 800גר,נטו מלינדה סחר בעמ,,,"י""ח",8,ל 100 גרם,false,1,24.90,3.11,true,1,
4230333,true,"מקלות בורקס פילו תפו""א",נטו מלינדה סחר בעמ,,,"י""ח",7,ל 100 גרם,false,1,18.90,2.70,true,1,
4230364,true,מקלות בורקס פילו גבינה צרפתית,נטו מלינדה סחר בעמ,,,"י""ח",7,ל 100 גרם,false,1,18.90,2.70,true,1,
4230371,true,מקלות בורקס פילו פיצה  600 גרם,נטו מלינדה סחר בעמ,,,"י""ח",6,ל 100 גרם,false,1,18.90,3.15,true,1,
4230944,true,מקלות בורקס פילו גבינה  600 גרם,נטו מלינדה סחר בעמ,,,"י""ח",6,ל 100 גרם,false,1,16.90,2.82,true,1,
4256197,true,גבינת עיזים הולנד נטו,נטו מלינדה סחר בעמ,,,"ק""ג",1,"ק""ג",true,1,105,105,false,1,
4256753,true,עלי סיגר מרוקאי 450ג לפסטיליה,נטו מלינדה סחר בעמ,,,"י""ח",5,ל 100 גרם,false,1,13.90,2.78,false,1,
4257491,true,"טחון בקר עטרה 100% 1 ק""ג",נטו מלינדה סחר בעמ,,,"י""ח",1,"ק""ג",false,1,49.90,49.90,false,1,
4263041,true,גולש עגל-עטרה,נטו מלינדה סחר בעמ,,,"ק""ג",1,"ק""ג",true,1,39.90,39.90,false,1,
4263393,true,קישקע ירושלמי עטרה,נטו מלינדה סחר בעמ,,,"י""ח",1,,false,1,12.50,12.50,false,1,
4263485,true,צלעות לא. מ]עטרה[,נטו מלינדה סחר בעמ,,,"ק""ג",1,"ק""ג",true,1,39,39,false,1,
4263799,true,צלי כתף מספר 5 חלק עטרה במשקל,נטו מלינדה סחר בעמ,,,"ק""ג",1,"ק""ג",true,1,67.90,67.90,false,1,
4263867,true,בשר מס  }6עטרה,נטו מלינדה סחר בעמ,,,"ק""ג",1,"ק""ג",true,1,69.90,69.90,false,1,
4267049,true,עוגיות  מיני ריבועיות 180   ג`ברמן,ח.כהן סוכנות מזון ומשקאות בע,,,"י""ח",3,ל 100 גרם,false,1,3.60,1.20,false,1,
4267087,true,עוגיות מצופות 200 גרם ברמן,ח.כהן סוכנות מזון ומשקאות בע,,,"י""ח",2,ל 100 גרם,false,1,3.60,1.80,false,1,
4267209,true,עוגיות לקפה 200 גרם ברמן,ח.כהן סוכנות מזון ומשקאות בע,,,"י""ח",2,ל 100 גרם,false,1,5.90,2.95,false,1,
4267216,true,עוגיות ממולאות ריבה 200  ג`ברמן,ח.כהן סוכנות מזון ומשקאות בע,,,"י""ח",2,ל 100 גרם,false,1,5.90,2.95,false,1,
4267650,true,עוגיות ריבה 600גר`,ח.כהן סוכנות מזון ומשקאות בע,,,"י""ח",6,ל 100 גרם,false,1,14.90,2.48,false,1,
4267667,true,עוגיות שוקו ציפס 600 ג`,ח.כהן סוכנות מזון ומשקאות בע,,,"י""ח",6,ל 100 גרם,false,1,14.90,2.48,false,1,
4329686,true,"שיפוד שווארמה עוף מתובל 10ק""ג",בלדי בעמ,,,"ק""ג",1,,true,1,57.90,57.90,false,1,
4494315,true,"יין  לבן כנען מוסקטו דלתון 750מ""ל",הכרם משקאות חריפים בעמ,,,"י""ח",7.50,"ל 100 מ""ל",false,1,44.90,5.95,true,1,
4494919,true,"יין כנען קברנה שיראז דלתון  750מ""",הכרם משקאות חריפים בעמ,,,"י""ח",7.50,"ל 100 מ""ל",false,1,44.90,5.95,true,1,
4652401,true,ג חנון ללא מרגרינה 650גר שגב,נטו מלינדה סחר בעמ,,,"י""ח",6.50,ל 100 גרם,false,1,14.90,2.29,true,1,
4685447,true,לחמניות כוסמין 6 בשקית,י.את א. ברמן בעמ,,,"י""ח",4.50,ל 100 גרם,false,1,14.50,3.22,false,1,
4725686,true,בולגרית מעודנת 16% מעדניה,"תנובה בע""מ ***",,,"ק""ג",1,"ק""ג",true,1,49,49,false,1,
4731564,true,מבשם ומרכך למייבש כביסה כחול,החב הדרומית לשיווק,,,"י""ח",7.50,"ל 100 מ""ל",false,1,17.90,2.39,true,1,
4768294,true,פילה אמנון ללא עור בלדי,בלדי בעמ,,,"ק""ג",1,"ק""ג",true,1,39.90,39.90,false,1,
4798130,true,שבבי סבון טבעיים למכונת כביסה,נאמן לאורך זמן בעמ,,,"י""ח",7.50,ל 100 גרם,false,1,24.90,3.32,false,1,
4861025,true,בולגרית מסורתית שקיל 5% המושבה,מחלבות המושבה בעמ,,,"ק""ג",10,"ק""ג",true,1,49.90,4.99,false,1,
4861056,true,צפתית טבעי המושבה שקילה 5%.,מחלבות המושבה בעמ,,,"ק""ג",10,ל 100 גרם,true,1,49,4.90,false,1,
4861278,true,גבינת שמנת טבעי/שום שמיר 30%  המושבה,מחלבות המושבה בעמ,,,"ק""ג",1,,true,1,39.90,39.90,false,1,
4861285,true,טבורוג המושבה שקילה 5%,מחלבות המושבה בעמ,,,"ק""ג",1,"ק""ג",true,1,29.90,29.90,false,1,
4982393,true,ברס בלו-א.חלב נוכרי,*347470,,,"ק""ג",1,"ק""ג",true,1,180,180,true,1,
5079290,true,חריץ גבינה נעם 15% שקיל,*החברה המרכזית להפצת משקאותבעמ,,,"ק""ג",1,,true,1,66.90,66.90,false,1,
5079320,true,בולגרית 24%,*החברה המרכזית להפצת משקאותבעמ,,,"ק""ג",1,,true,1,54.90,54.90,false,1,
5079344,true,מוצרלה נעם שקיל,*החברה המרכזית להפצת משקאותבעמ,,,"ק""ג",1,,true,1,79.90,79.90,false,1,
5095641,true,חיטה תפוחה  מתוקה(שלוה),ציון תורגמן בעמ,,,"י""ח",1,"י""ח",false,1,8.90,8.90,false,1,
5103123,true,ג`בטה 180 קפואה,ג נרל מילס ישראל בעמ ~~~,,,"י""ח",1,,false,1,4.50,4.50,true,1,
5113222,true,מיקס זיתים 2 A יבנה,"קבוצת יבנה מוצרי מזון בע""מ",,,"י""ח",1,,false,1,9.80,9.80,false,1,
5287930,true,"מארז טונה סטארקיסט 160  גר`בד""צ",דיפלומט בעמ,,,"י""ח",1,,false,1,24.90,24.90,true,1,
5326523,true,אוליביה פסטו פטרוזיליה ונענע 180גר,תה ויסוצקי (ישראל)בעמ,,,"י""ח",1.80,ל 100 גרם,false,1,13.90,7.72,false,1,
5358234,true,בשר ראש קפוא מוכשר.,נטו מלינדה סחר בעמ,,,"ק""ג",1,,true,1,69.90,69.90,false,1,
5358883,true,שריר בשר  מס `8   חלק.,נטו מלינדה סחר בעמ,,,"ק""ג",1,,true,1,32.90,32.90,false,1,
5384899,true,בסגנון פטה ים תיכונית 19%שומן שקיל,ג.וילי פוד אינטרנשיונל בעמ,,,"ק""ג",1,,true,1,22.90,22.90,true,1,
5425110,true,תרסיס חיטוי משטחים 99.9% סנו,החב הדרומית לשיווק,,,"י""ח",7.50,"ל 100 מ""ל",false,1,14.90,1.99,false,1,
5425127,true,תרסיס חיטוי ניקוי יסודי  99.9% סנו,החב הדרומית לשיווק,,,"י""ח",7.50,"ל 100 מ""ל",false,1,14.90,1.99,false,1,
5431883,true,מלבי חלבי 165ג. תנובה,"תנובה בע""מ ***",,,"י""ח",1.65,"ל 100 מ""ל",false,1,6.90,4.18,false,1,
5431913,true,עוגת גבינה פירורים 92ג(. תנובה),"תנובה בע""מ ***",,,"י""ח",0.92,"ל 100 מ""ל",false,1,6.90,7.50,false,1,
5431968,true,מלבי שמנת 150ג,"תנובה בע""מ ***",,,"י""ח",1.50,"ל 100 מ""ל",false,1,6.90,4.60,false,1,
5559907,true,פיצה משפחתית גבינה 500 ג מעדנות,תנובה בשר,,,"י""ח",5,ל 100 גרם,false,1,19.90,3.98,true,1,
5559990,true,בצק פילאס טורקי,תנובה בשר,,,"י""ח",6,ל 100 גרם,false,1,22.90,3.82,false,1,
5678318,true,ענב טלי בוטיק אוטם קריספי,ביכורי השדה צפון 1994 ג.ד. בעמ,,,"ק""ג",1,,true,1,22.90,22.90,false,1,
5678585,true,ענב סקרלוטה אדום מארז,ביכורי השדה צפון 1994 ג.ד. בעמ,,,"ק""ג",1,,true,1,18.90,18.90,false,1,
5678608,true,ענבים אדומים טלי,ביכורי השדה צפון 1994 ג.ד. בעמ,,,"ק""ג",1,,true,1,18.90,18.90,false,1,
5678929,true,פטרוזליה,ביכורי השדה צפון 1994 ג.ד. בעמ,,,"י""ח",1,,false,1,3.90,3.90,false,1,
5719318,true,לחמניות המבורגר 4יח,*347360,,,"י""ח",4,"י""ח",false,1,12.90,3.23,false,1,
5966088,true,"~יין הר חרמון אדום 750 מ""ל.",היכל היין שקד גולן בעמ,,,"י""ח",7.50,"ל 100 מ""ל",false,1,35.90,4.75,true,1,
5992872,true,צפתית 5% במים}גד {.,מחלבות גד,,,"ק""ג",1,,true,1,57.90,57.90,false,1,
5996078,true,סרוולט הונגרי 125ג,מעדני יחיעם 1993 בעמ,,,"י""ח",1.25,ל 100 גרם,false,1,25.90,20.72,false,1,
5996153,true,נקניק. צרפתיות פרמיום 280ג,מעדני יחיעם 1993 בעמ,,,"י""ח",2.80,ל 100 גרם,false,1,20.90,7.46,true,1,
5996221,true,פסטרמה של פעם  דק דק 120ג,מעדני יחיעם 1993 בעמ,,,"י""ח",1.20,ל 100 גרם,false,1,9.90,8.25,true,1,
5996238,true,פסטרמה בדבש דק דק 120ג,מעדני יחיעם 1993 בעמ,,,"י""ח",1.20,ל 100 גרם,false,1,9.90,8.25,true,1,
5996276,true,פסטרמה ברביקיו  דק דק 120ג,מעדני יחיעם 1993 בעמ,,,"י""ח",1.20,ל 100 גרם,false,1,9.90,8.25,true,1,
5996825,true,נקניק בקר 280ג סגנון אמריקאי,מעדני יחיעם 1993 בעמ,,,"י""ח",2.80,ל 100 גרם,false,1,20.90,7.46,true,1,
6199218,true,מאגדת שמינייה גלידל אייס מטקה,"פלקו בע""מ",,,"י""ח",8,"י""ח",false,1,26.90,3.36,false,1,
6210661,true,בונג`ור באגט קפוא 330גר,*347150,,,"י""ח",3.30,ל 100 גרם,false,1,4.70,1.42,false,1,
6214942,true,בוטנים מיקס  שקיל,*347360,,,"ק""ג",1,,true,1,30,30,false,1,
6214959,true,גרעין  שחור  שקיל,*347360,,,"ק""ג",1,,true,1,20,20,false,1,
6214966,true,שזיף ללא גלעין מיקס  שקיל,*347360,,,"ק""ג",1,,true,1,40,40,false,1,
6306296,true,רביולי גבינה לילדים 400ג,מחלבות גד,,,"י""ח",4,ל 100 גרם,false,1,19.90,4.98,false,1,
6342645,true,טורטיה גדולה 840 ג  12 יח`,*347340,,,"י""ח",8.40,ל 100 גרם,false,1,14.90,1.77,false,1,
6421511,true,"פריגת לימונענע  280מ""ל  קפוא",*החברה המרכזית להפצת משקאותבעמ,,,"י""ח",2.80,ל 100 גרם,false,1,10.90,3.89,false,1,
6459008,true,חלבה פרווה בטעמים שונים במשקל,ציון תורגמן בעמ,,,"ק""ג",1,,true,1,34.90,34.90,false,1,
6459978,true,אובלט שומשום 282 גרם,ציון תורגמן בעמ,,,"י""ח",2.82,ל 100 גרם,false,1,9.90,3.51,false,1,
6511010,true,פרמזנו(שקיל),ג.וילי פוד אינטרנשיונל בעמ,,,"ק""ג",2,ל 100 גרם,true,1,86.90,43.45,false,1,
6582355,true,סילאן 900 גר`דין שווק,*347340,,,"י""ח",9,ל 100 גרם,false,1,11.90,1.32,false,1,
6582539,true,חמוציות 250ג,*347340,,,"י""ח",2.50,ל 100 גרם,false,1,10.90,4.36,false,1,
6681577,true,אסקימו לימון+דובדבן 8+2 שטראוס,"גלידות שטראוס בע""מ",,,"י""ח",10,"י""ח",false,1,15.90,1.59,false,1,
6739124,true,בצק פילאס 500גר זוגלובק,זוגלובק שיווק בעמ,,,"י""ח",5,ל 100 גרם,false,1,15,3,true,1,
6739131,true,בצק פילו 500גר זוגלובק,זוגלובק שיווק בעמ,,,"י""ח",5,ל 100 גרם,false,1,14.90,2.98,true,1,
6739247,true,פסטרמה   איטלקית(שקיל) זוגלובק,זוגלובק שיווק בעמ,,,"ק""ג",1,,true,1,76.90,76.90,true,1,
6739292,true,פסטרמה תבור 330 ג,זוגלובק שיווק בעמ,,,"י""ח",3.30,ל 100 גרם,false,1,26.90,8.15,true,1,
6739407,true,שניצל תירס לייט 600גר`,זוגלובק שיווק בעמ,,,"י""ח",6,ל 100 גרם,false,1,22.90,3.82,true,1,
6739421,true,מעושן איטלקי 300גר`,זוגלובק שיווק בעמ,,,"י""ח",3,ל 100 גרם,false,1,26.90,8.97,true,1,
6739445,true,שניצל תירס קלאסי  750גר`,זוגלובק שיווק בעמ,,,"י""ח",7.50,ל 100 גרם,false,1,22.90,3.05,true,1,
6739544,true,כתף בקר 300גר`,זוגלובק שיווק בעמ,,,"י""ח",3,ל 100 גרם,false,1,27.90,9.30,true,1,
6742278,true,פסטרממיה צלויה על לבנים 330גר`,זוגלובק שיווק בעמ,,,"י""ח",3.30,ל 100 גרם,false,1,26.90,8.15,true,1,
6742292,true,פסטרממיה בדבש 330גר`,זוגלובק שיווק בעמ,,,"י""ח",3.30,ל 100 גרם,false,1,26.90,8.15,true,1,
6742315,true,חזה הודו ברביקיו 330גר`,זוגלובק שיווק בעמ,,,"י""ח",3.30,ל 100 גרם,false,1,26.90,8.15,true,1,
6764058,true,"בירה נשר לבנה 500  מ""ל}חוזר{",טמפו משקאות בעמ,,,"י""ח",5,"ל 100 מ""ל",false,1,5,0.76,false,1,
6764065,true,נשר מאלט }500 חוזר{,טמפו משקאות בעמ,,,"י""ח",5,"ל 100 מ""ל",false,1,5,0.76,true,1,
6764072,true,"גולדסטאר 500  מ""ל}חוזר{",טמפו משקאות בעמ,,,"י""ח",5,"ל 100 מ""ל",false,1,7.70,1.30,false,1,
6764157,true,"בירה גולדסטאר לא מסונן חוזר 500מ""ל",טמפו משקאות בעמ,,,"י""ח",5,"ל 100 מ""ל",false,1,7.90,1.34,false,1,
6764270,true,סודה בנגיעות אשכולית אד 1.5ליטר רביעיי,טמפו משקאות בעמ,,,"י""ח",6,ליטר,false,1,11.90,1.78,true,1,
6764485,true,נשר מאלט 330 שישיה,טמפו משקאות בעמ,,,"י""ח",1.98,ליטר,false,1,29.90,14.19,false,1,
6764737,true,נשר מאלט 500  דיאט}חוזר{,טמפו משקאות בעמ,,,"י""ח",5,"ל 100 מ""ל",false,1,5,0.76,true,1,
6765871,true,שקד טבעי  שקיל,*347360,,,"ק""ג",1,,true,1,79,79,false,1,
6775801,true,רוגלך 400גרם,"אחדות בע""מ",,,"י""ח",4,ל 100 גרם,false,1,13.90,3.48,false,1,
6804051,true,בורקס גבינה פילסברי,ג נרל מילס ישראל בעמ ~~~,,,"ק""ג",1,,true,1,44.90,44.90,true,1,
6804068,true,"בורקס תפו""א פילסברי",ג נרל מילס ישראל בעמ ~~~,,,"ק""ג",1,,true,1,44.90,44.90,true,1,
6805362,true,חצי בגט מאפית אפיה מקומית.,ג נרל מילס ישראל בעמ ~~~,,,"י""ח",1,,false,1,3.30,3.30,true,1,
6805386,true,שליש  בגאט כפרי,ג נרל מילס ישראל בעמ ~~~,,,"י""ח",1,,false,1,2.50,2.50,false,1,
6805683,true,לחמניה שמינייה דגנים,ג נרל מילס ישראל בעמ ~~~,,,"י""ח",1.50,ל 100 גרם,false,1,3.90,2.60,false,1,
6806444,true,בייגל אמריקאי,לפ לפ פילסברי,,,"י""ח",1,,false,1,4.50,4.50,true,1,
6822192,true,אושן ספריי דיאט חמוציות 1ליטר,חברה המרכזית להפצת משקאות בעמ,,,"י""ח",10,"ל 100 מ""ל",false,1,11,1.07,false,1,
6900418,true,לבבות קיסר,ביכורי השדה צפון 1994 ג.ד. בעמ,,,"י""ח",1,"י""ח",false,1,11.90,11.90,true,1,
6941466,true,שמן קנולה 1 ליטר שווה,ח.כהן סוכנויות מזון ומשקאות***,,,"י""ח",1,ליטר,false,1,9.90,9.90,false,1,
8101318,true,קריספי פירורי לחם זהוב 300גר,א.ל.יצור ושיווקתבלינים בעמ,,,"י""ח",3,ל 100 גרם,false,1,6.90,2.30,true,1,
8101356,true,קריספי פאנקו זהוב 300גר,א.ל.יצור ושיווקתבלינים בעמ,,,"י""ח",3,ל 100 גרם,false,1,8.90,2.97,true,1,
8102469,true,קריספי פירורי לחם זהוב 800גר,א.ל.יצור ושיווקתבלינים בעמ,,,"י""ח",8,ל 100 גרם,false,1,11.90,1.49,false,1,
8104050,true,לקטופיל פמינה 220,גורי ע.ע.ע. בעמ,,,"י""ח",2.20,"ל 100 מ""ל",false,1,21.90,9.95,false,1,
8175760,true,גבינת מנצ`יגו(חלב  כבשים)למעדניה,ג.וילי פוד אינטרנשיונל בעמ,,,"ק""ג",1,"ק""ג",true,1,99,99,true,1,
8175777,true,גבינת איבריקו למעדניה,ג.וילי פוד אינטרנשיונל בעמ,,,"ק""ג",1,"ק""ג",true,1,94,94,true,1,
8175814,true,"פטריות חתוך 400 גרם 8""",ג.וילי פוד אינטרנשיונל בעמ,,,"י""ח",4,ל 100 גרם,false,1,5.40,1.35,false,1,
8403900,true,גאודה עגבניות וזיתים  שקיל,*347470,,,"ק""ג",1,,true,1,119,119,true,1,
8403924,true,גאודה פסטו אדום  שקיל,*347470,,,"ק""ג",1,,true,1,144,144,true,1,
8409315,true,מיני מיני שניצלונים בציפוי פריך 500ג,תנובה בשר,,,"י""ח",1,,false,1,22.90,22.90,false,1,
8461047,true,גבינה ברי לרוסטיק,*347470,,,"ק""ג",1,,true,1,150,150,true,1,
8464024,true,"גולדסטאר פחית 500 מ""ל לט מסונן",טמפו משקאות בעמ,,,"י""ח",5,"ל 100 מ""ל",false,1,9,1.74,false,1,
8464130,true,גולדסטאר UF שישייה לא מסונן,טמפו משקאות בעמ,,,"י""ח",1.98,ליטר,false,1,36.70,17.63,true,1,
8464611,true,"סודה טמפו 275 מ""ל.",טמפו משקאות בעמ,,,"י""ח",2.75,"ל 100 מ""ל",false,1,3.50,1.16,true,1,
8464673,true,"גולדסטאר פחית 500 מ""ל Slowbrew 10%",טמפו משקאות בעמ,,,"י""ח",5,"ל 100 מ""ל",false,1,8.50,1.64,false,1,
8464697,true,"מכבי שישייה 7.9% 330מ""ל בקבוק",טמפו משקאות בעמ,,,"י""ח",1.98,ליטר,false,1,35.90,17.22,true,1,
8464796,true,היינקן   שישיה}בקבוק 330 מייל,טמפו משקאות בעמ,,,"י""ח",1.98,ליטר,false,1,38.90,18.74,true,1,
8466806,true,מארז שניק וניל 500ג מחנה יהודה,הלל בן הלל שיווק ומסחר,,,"י""ח",5,ל 100 גרם,false,1,17.90,3.58,true,1,
8470759,true,אורביט סטיקס ספירמינט שמינייה,"מרס ריגלי ישראל בע""מ",,,"י""ח",8,"י""ח",false,1,15,1.88,false,1,
8493710,true,פירורי גריסיני זהב 200ג,דנשר (1963) בעמ,,,"י""ח",2,ל 100 גרם,false,1,6.90,3.45,false,1,
8496742,true,אצבעות אמנון בציפוי פירורי לחם ושומשום,*347310,,,"י""ח",1,,false,1,19.90,19.90,false,1,
8670142,true,"יין רקאנטי יסמין אדום 750מ""ל",היכל היין שקד גולן בעמ,,,"י""ח",7.50,"ל 100 מ""ל",false,1,36.90,4.88,true,1,
8747547,true,"תפוצ יפס קראנץ טבעי 200ג כשל""פ","שטראוס פריטו ליי בע""מ",,,"י""ח",2,ל 100 גרם,false,1,10.90,5.45,true,1,
8757072,true,פחית שוופס תות,יפאורה שותפות מוגבלת לשיווק,,,"י""ח",3.30,"ל 100 מ""ל",false,1,3.30,0.91,true,1,
8757386,true,"מפ""ז ענבים פח 330מ""ל",יפאורה שותפות מוגבלת לשיווק,,,"ל 100 מ""ל",3.30,"ל 100 מ""ל",false,1,3.20,0.88,true,1,
8792257,true,מפיון צאץ,שניב תעשיות נייר בעמ,,,"י""ח",160,"י""ח",false,1,3.90,0.02,false,1,
8792264,true,מפיות  טאצ `100יח`צבעוני,שניב תעשיות נייר בעמ,,,"י""ח",100,"י""ח",false,1,4.90,0.05,true,1,
8801522,true,K.D קונקורד,אגודת הכורמים -כרמל מזרחי,,,"י""ח",7.50,"ל 100 מ""ל",false,1,19.90,2.61,true,1,
8801546,true,K.D מוסקט כרמל 0.75 ל,אגודת הכורמים -כרמל מזרחי,,,"י""ח",7.50,"ל 100 מ""ל",false,1,19.90,2.61,true,1,
8801843,true,סלקטד קברנה  סובניון 0.75,אגודת הכורמים -כרמל מזרחי,,,"י""ח",7.50,"ל 100 מ""ל",false,1,27.30,3.60,true,1,
8801850,true,סלקטד ריזלינג 0.75 ל,אגודת הכורמים -כרמל מזרחי,,,"י""ח",7.50,"ל 100 מ""ל",false,1,27.30,3.60,true,1,
8802291,true,"PC מרלו פ.קולקשיין 750מ""ל",אגודת הכורמים -כרמל מזרחי,,,"י""ח",7.50,"ל 100 מ""ל",false,1,39.90,5.28,true,1,
8802512,true,VINO אדום כרמל 750,אגודת הכורמים -כרמל מזרחי,,,"י""ח",7.50,"ל 100 מ""ל",false,1,20.30,2.67,true,1,
8802529,true,VINO לבן כרמל 0.75 ל,אגודת הכורמים -כרמל מזרחי,,,"י""ח",7.50,"ל 100 מ""ל",false,1,21,2.76,true,1,
8803014,true,"כרמל הוק 750 מ""ל",אגודת הכורמים -כרמל מזרחי,,,"י""ח",7.50,"ל 100 מ""ל",false,1,19.90,2.61,true,1,
8804462,true,PC מוסקט קינוח,אגודת הכורמים -כרמל מזרחי,,,"י""ח",5,"ל 100 מ""ל",false,1,39.90,7.92,true,1,
8805049,true,סלקטד רוזה  0.75 ל,אגודת הכורמים -כרמל מזרחי,,,"י""ח",7.50,"ל 100 מ""ל",false,1,29.90,3.95,true,1,
8805384,true,".יין מוסקטו   סלקטד 750מ""ל",אגודת הכורמים -כרמל מזרחי,,,"י""ח",7.50,"ל 100 מ""ל",false,1,25.20,3.32,true,1,
8830690,true,למובחרים מן הטבע 300ג,*347360,,,"י""ח",3,ל 100 גרם,false,1,10,3.33,false,1,
8835466,true,שריר בשר  מס `8חלק ג. חול פרגוואי,בלדי בעמ,,,"ק""ג",1,"ק""ג",true,1,29.90,29.90,false,1,
8836401,true,יין ישן נושן 1 ליטר,יקבי טפרברג 1870 בעמ,,,"י""ח",1,ליטר,false,1,21.90,21.90,false,1,
8836494,true,מיץ ענבים תירוש 1 ליטר יבול נוכרי,יקבי טפרברג 1870 בעמ,,,"י""ח",1,ליטר,false,1,14.90,14.90,true,1,
8899321,true,חלה רגילה קלועה (אפיה מקומית).,ג נרל מילס ישראל בעמ ~~~,,,"י""ח",5.70,ל 100 גרם,false,1,10.90,1.91,true,1,
8899345,true,שמינייה כפרית קלועה פילסבר..,ג נרל מילס ישראל בעמ ~~~,,,"י""ח",1,,false,1,3.90,3.90,true,1,
8899376,true,לחמניה פילסברי קשר.אפיה מקומית,ג נרל מילס ישראל בעמ ~~~,,,"י""ח",1,,false,1,2.50,2.50,true,1,
8899406,true,לחמניית המבורגר,ג נרל מילס ישראל בעמ ~~~,,,"י""ח",1,,false,1,3.90,3.90,true,1,
8899505,true,בגט ארוך לבן (אפיה מקומית),ג נרל מילס ישראל בעמ ~~~,,,"י""ח",2.50,ל 100 גרם,false,1,4.50,1.80,true,1,
8921336,true,יין שרדונה אסטייט,יקבי הבארון בעמ,,,"י""ח",7.50,"ל 100 מ""ל",false,1,49.90,6.61,false,1,
8989091,true,פריכיות אורז שלישיה B D,בטר אנד דיפרנט בעמ,,,"י""ח",3.10,ל 100 גרם,false,1,12.90,4.16,false,1,
8989695,true,חיטה תפוחה עם דבש 400 גר(שלווה),בטר אנד דיפרנט בעמ,,,"י""ח",4,ל 100 גרם,false,1,14.90,3.73,false,1,
9068955,true,חמניה קלופה שקיל,*347360,,,"ק""ג",1,,true,1,45,45,false,1,
9069990,true,תערובת הבית  שקיל,*347360,,,"ק""ג",1,,true,1,100,100,false,1,
9077650,true,זית יווני שקיל,*347360,,,"ק""ג",1,,true,1,59,59,false,1,
9077667,true,מלפפון/ירקות  שקיל,*347360,,,"ק""ג",1,,true,1,30,30,false,1,
9099461,true,פפריקה שקיל,*347360,,,"ק""ג",1,,true,1,35,35,false,1,
9770027,true,פיסטוק קלוי  שקיל,*347360,,,"ק""ג",1,,true,1,97,97,false,1,
9951400,true,סוכריות גומי שקיל כשר חלבי א.חלב נוכרי,*347360,,,"ק""ג",1,,true,1,36,36,false,1,
9951431,true,פירות אקזוטיים   שקיל,*347360,,,"ק""ג",1,,true,1,90,90,false,1,
9951448,true,תבלינים     שקיל,*347360,,,"ק""ג",1,,true,1,70,70,false,1,
9951455,true,תבלינים     שקיל,*347360,,,"ק""ג",1,,true,1,74,74,false,1,
13580160,true,אסאדו מס9 מוכשר ברזיל קפוא,בלדי בעמ,,,"ק""ג",1,"ק""ג",true,1,49.90,49.90,false,1,
14205017,true,"צלחת   קטנות""שווה""50יח",ח.כהן סוכנות מזון ומשקאות בע,,,"י""ח",30,"י""ח",false,1,10.90,0.36,false,1,
15037280,true,כוסברה חסלט,יעל ירק עלים לשיווק בעמ,,,"י""ח",1,,false,1,5.90,5.90,false,1,
15037457,true,כרוב אדום שלם חסלט,יעל ירק עלים לשיווק בעמ,,,"ק""ג",1,,true,1,13.90,13.90,false,1,
20655555,true,6לחמניות בשקית,שלמה א.אנג ל בעמ,,,"י""ח",1,,false,1,8.20,8.20,false,1,
40111216,true,באונטי חטיף שוקולד 57גר,"מרס ריגלי ישראל בע""מ",,,"י""ח",0.57,ל 100 גרם,false,1,4.50,7.89,true,1,
40345123,true,סמרטיס גליל 38 גר,קבוצת אוסם סחר-שות.מוגבלת,,,"י""ח",0.38,ל 100 גרם,false,1,3.90,10.26,true,1,
42299363,true,רול און  לגבר,אלפא ב.ד.ף בעמ,,,"י""ח",0.50,"ל 100 מ""ל",false,1,12.90,25.80,true,1,
59068907,true,פאל מאל כחול דמי סמילס,גלוברנדס בעמ,,,"י""ח",1,,false,1,25,25,false,1,
59455233,true,ווג כחול סופרסלימס,גלוברנדס בעמ,,,"י""ח",1,,false,1,37.50,37.50,false,1,
72940754,true,"מילקי וניל רובין כשל""פ 135גר","שטראוס גרופ ***בע""מ",,,"י""ח",1.30,"ל 100 מ""ל",false,1,2.90,2.23,true,1,
72940761,true,"מילקי   שוקו}שטראוס{רובין כשל""פ","שטראוס גרופ ***בע""מ",,,"י""ח",1.30,"ל 100 מ""ל",false,1,2.90,2.23,true,1,
72940952,true,מילקי פי2 קצפת 111גר,"שטראוס גרופ ***בע""מ",,,"י""ח",1.11,ל 100 גרם,false,1,3.60,3.24,true,1,
72940976,true,כרוב  אדום}אחלה{,"שטראוס גרופ ***בע""מ",,,"י""ח",2.50,ל 100 גרם,false,1,7.50,3,true,1,
72940983,true,חומוס אחלה 250 גר.,"שטראוס גרופ ***בע""מ",,,"י""ח",2.50,ל 100 גרם,false,1,6.90,2.76,true,1,
72941041,true,מיני מילקי שוקו,"שטראוס גרופ ***בע""מ",,,"י""ח",1.30,"ל 100 מ""ל",false,1,2,1.54,true,1,
72945308,true,שמרים קוביות 50,"שטראוס גרופ ***בע""מ",,,"י""ח",0.50,ל 100 גרם,false,1,3.60,7.20,true,1,
72961209,true,שמנית*,"תנובה בע""מ ***",,,"י""ח",2,"ל 100 מ""ל",false,1,2.40,1.20,false,1,
72961506,true,"פרילי תות 125 מ""ל","תנובה בע""מ ***",,,"י""ח",1.25,"ל 100 מ""ל",false,1,3.50,2.80,false,1,
72961544,true,באדי תות,"תנובה בע""מ ***",,,"י""ח",1.25,"ל 100 מ""ל",false,1,3,2.40,false,1,
72983997,true,גולף ארוך חדש,דובק בעמ,,,"י""ח",1,,false,1,30.50,30.50,false,1,
72986370,true,גלידה פיינטים וניל,מוצרי איכות אמריקאיים בעמ,,,"י""ח",5,"ל 100 מ""ל",false,1,19.90,3.98,true,1,
72986424,true,גלידה פיינטים קרם עוגיות,מוצרי איכות אמריקאיים בעמ,,,"י""ח",7.50,"ל 100 מ""ל",false,1,19.90,2.65,true,1,
72986448,true,גלידה פיינטים טופי קראנץ,מוצרי איכות אמריקאיים בעמ,,,"י""ח",7.50,"ל 100 מ""ל",false,1,19.90,2.65,true,1,
72986455,true,גלידה פיינטים ניו-יורק סופר,מוצרי איכות אמריקאיים בעמ,,,"י""ח",5,"ל 100 מ""ל",false,1,19.90,3.98,true,1,
72986479,true,גלידה פיינטים צאנקי מנקי,מוצרי איכות אמריקאיים בעמ,,,"י""ח",5,"ל 100 מ""ל",false,1,19.90,3.98,true,1,
72989425,true,גלידה פיינטים שוקולד בראוניס,מוצרי איכות אמריקאיים בעמ,,,"י""ח",7.50,"ל 100 מ""ל",false,1,19.90,2.65,true,1,
72991374,true,טיים בודד,דובק בעמ,,,"י""ח",1,,false,1,29.20,29.20,false,1,
72991428,true,ברודווי ארוך,דובק בעמ,,,"י""ח",1,,false,1,29.20,29.20,false,1,
72991886,true,גלידה פיינטים דולציה דה לצ ה,מוצרי איכות אמריקאיים בעמ,,,"י""ח",5,"ל 100 מ""ל",false,1,19.90,3.98,true,1,
72993637,true,דני שוקולד בודד,"שטראוס גרופ ***בע""מ",,,"י""ח",1.25,"ל 100 מ""ל",false,1,2.60,2.08,true,1,
72994061,true,פסק זמן GOOD 2,"שטראוס גרופ בע""מ",,,"י""ח",0.40,ל 100 גרם,false,1,4.90,12.25,true,1,
76136184,true,פאל מל סלים בודד,גלוברנדס בעמ,,,"י""ח",1,,false,1,29.50,29.50,false,1,
80001027,true,טורטינה חלב,ליימן שליסל,,,"י""ח",2,ל 100 גרם,false,1,3.40,1.70,true,1,
80001287,true,גרדנה 25 יח  38 גרם,ליימן שליסל,,,"י""ח",1,,false,1,3.60,3.60,true,1,
80001461,true,גרנד שוקולד 38 גרם,ליימן שליסל,,,"י""ח",0.38,ל 100 גרם,false,1,3.60,9.47,true,1,
80001485,true,גרנדה קוקוס 38 גרם.,ליימן שליסל,,,"י""ח",0.38,ל 100 גרם,false,1,3.70,9.74,true,1,
80001911,true,גרדנה  שוקולד לבן 38 גרם,ליימן שליסל,,,"י""ח",0.38,ל 100 גרם,false,1,4,10.53,true,1,
80042556,true,עגבניות חתוכות 400ג   MUTTI.,רסטרטו יבוא ושיווק בעמ,,,"י""ח",4,ל 100 גרם,false,1,5.90,1.48,true,1,
80042563,true,מחית  עגבניות 700ג צהוב MUTTI,רסטרטו יבוא ושיווק בעמ,,,"י""ח",7,ל 100 גרם,false,1,13.90,1.99,false,1,
80050025,true,טיק טק תפוז,פרימיום - חברה לדברי מתיקה ולמ,,,"י""ח",0.16,ל 100 גרם,false,1,3,18.75,true,1,
80050124,true,חטיף טיק טק,פרימיום - חברה לדברי מתיקה ולמ,,,"י""ח",0.16,ל 100 גרם,false,1,3,18.75,true,1,
80052760,true,קינדר בואנו,פרימיום - חברה לדברי מתיקה ולמ,,,"י""ח",1,,false,1,3.90,3.90,false,1,
80052883,true,טיק טק מנטה חזק,פרימיום - חברה לדברי מתיקה ולמ,,,"י""ח",0.16,ל 100 גרם,false,1,3.50,21.88,true,1,
80136194,true,קינדר הפי היפו 1/5 אגוזי לוז,פרימיום - חברה לדברי מתיקה ולמ,,,"י""ח",5,"י""ח",false,1,12.90,2.58,false,1,
80176800,true,נוטלה 750 גרם,פרימיום - חברה לדברי מתיקה ולמ,,,"י""ח",7.50,ל 100 גרם,false,1,25.90,3.45,false,1,
80177173,true,נוטלה 350 גרם.,פרימיום - חברה לדברי מתיקה ולמ,,,"י""ח",3.50,"י""ח",false,1,14.90,4.26,false,1,
80177609,true,קינדר 50 גרם,פרימיום - חברה לדברי מתיקה ולמ,,,"י""ח",0.50,ל 100 גרם,false,1,4.20,8.40,false,1,
80177616,true,קינדר אצבעות 100 גר,פרימיום - חברה לדברי מתיקה ולמ,,,"י""ח",1,,false,1,8.90,8.90,false,1,
80310167,true,קינדר אצבעות 126 גר,פרימיום - חברה לדברי מתיקה ולמ,,,"י""ח",1.26,ל 100 גרם,false,1,9.90,7.86,false,1,
80761761,true,קינדר בואנו לבן בודד,פרימיום - חברה לדברי מתיקה ולמ,,,"י""ח",1,,false,1,3.90,3.90,false,1,
80768838,true,מסטיק מנטוס וויט מנטה,ליימן שליסל,,,"י""ח",9,ל 100 גרם,false,1,10,1.11,true,1,
80773429,true,מנטוס טעם תות בקבוק 60ג,ליימן שליסל,,,"י""ח",0.60,ל 100 גרם,false,1,9.90,16.50,true,1,
80773443,true,מנטוס טעם פירות מנטה  בקבוק 60ג,ליימן שליסל,,,"י""ח",0.60,ל 100 גרם,false,1,9.90,16.50,true,1,
80790990,true,מנטוס טעם מנטה  עדין בקבוק 60ג,ליימן שליסל,,,"י""ח",0.60,ל 100 גרם,false,1,9.90,16.50,true,1,
80804697,true,מסטיק מנטוס וויט מנטה מתוקה 105 ג,ליימן שליסל,,,"י""ח",9,ל 100 גרם,false,1,10,1.11,true,1,
80831402,true,סוכריות מנטה עדינה ללא סוכר,ליימן שליסל,,,"י""ח",1,ל 100 גרם,false,1,6.90,6.90,true,1,
80832560,true,סוכריות מנטוס מרעננות ללא סוכר פירות י,ליימן שליסל,,,"י""ח",0.93,ל 100 גרם,false,1,6.90,7.42,true,1,
80843184,true,מנטוס טעם ענבים  בקבוק 60ג,ליימן שליסל,,,"י""ח",0.60,ל 100 גרם,false,1,9.90,16.50,true,1,
80854753,true,סוכריות מנטה ללא סוכר,ליימן שליסל,,,"י""ח",1,ל 100 גרם,false,1,6.90,6.90,true,1,
80862130,true,מנטוס  מסטיק קופסא 28ג אבטיח,ליימן שליסל,,,"י""ח",0.28,ל 100 גרם,false,1,4.90,17.50,true,1,
80864295,true,מנטוס בוקס וואיט מנטה עדינה  30 יח`,ליימן שליסל,,,"י""ח",0.60,ל 100 גרם,false,1,9.90,16.50,true,1,
80896081,true,מנטוס טעם אבטיח בקבוק 60ג,ליימן שליסל,,,"י""ח",0.60,ל 100 גרם,false,1,9.90,16.50,true,1,
80913467,true,מנטוס טעם מנטה בקבוק 60ג,ליימן שליסל,,,"י""ח",0.60,ל 100 גרם,false,1,9.90,16.50,true,1,
80936848,true,טיק טק בטעם תות שדה,פרימיום - חברה לדברי מתיקה ולמ,,,"י""ח",1,,false,1,3.50,3.50,true,1,
80945468,true,מנטוס בוקס וואיט מנטה מתוקה  30 יח`,ליימן שליסל,,,"י""ח",0.60,ל 100 גרם,false,1,9.90,16.50,true,1,
80954521,true,מנטוס  מסטיק קופסא 28ג תות,ליימן שליסל,,,"י""ח",0.28,ל 100 גרם,false,1,4.90,17.50,true,1,
80977070,true,מנטוס  מסטיק קופסא 28ג טרופי,ליימן שליסל,,,"י""ח",0.28,ל 100 גרם,false,1,4.90,17.50,true,1,
80979128,true,מנטוס טעם דובדבן  בקבוק 60ג,ליימן שליסל,,,"י""ח",0.60,ל 100 גרם,false,1,9.90,16.50,true,1,
80982470,true,מנטוס טעם מנטה חזק בקבוק 60ג,ליימן שליסל,,,"י""ח",0.60,ל 100 גרם,false,1,9.90,16.50,true,1,
80986348,true,מנטוס בוקס וואיט מנטה  30 יח`,ליימן שליסל,,,"י""ח",0.60,ל 100 גרם,false,1,9.90,16.50,true,1,
80995128,true,מנטוס טעם הדרים בתוספת ויטמין D,ליימן שליסל,,,"י""ח",0.60,ל 100 גרם,false,1,9.90,16.50,true,1,
87108538,true,מנטוס גלילים תות,ליימן שליסל,,,"י""ח",0.37,ל 100 גרם,false,1,3.30,8.92,false,1,
87108651,true,מנטוס מנטה 1\4,ליימן שליסל,,,"י""ח",1,,false,1,11.90,11.90,false,1,
87108712,true,מנטוס פירות 1\4,ליימן שליסל,,,"י""ח",1.50,ל 100 גרם,false,1,11.90,7.93,false,1,
87311396,true,מנטוס גלילים מיקס פירות,ליימן שליסל,,,"י""ח",0.3750,ל 100 גרם,false,1,3.30,8.80,false,1,
90162602,true,"רד בול פחית 250 מ""ל",דיפלומט בעמ,,,"י""ח",2.50,"ל 100 מ""ל",false,1,5.90,2.24,true,1,
96137130,true,דאו דאב  רול און גו פרש בניחוח אגס,"יוניליוור ישראל שיווק בע""מ",,,"י""ח",1.75,"ל 100 מ""ל",false,1,19.90,11.37,true,1,
8112100298,true,"שמן שומשום טהור  185מ""ל",מזרח ומערב יבוא ושיווק,,,"י""ח",1.85,"ל 100 מ""ל",false,1,14.90,8.05,false,1,
8888888888,true,1011,לפ הוצ בולט תעשיו,,,"י""ח",1,,false,1,10.11,10.11,false,1,
9073102314,true,סורבט שרונס-קוקוס 473 מל,מוצרי איכות אמריקאיים בעמ,,,"י""ח",7.50,"ל 100 מ""ל",false,1,23.40,3.12,true,1,
9800800056,true,נוטלה גו 52ג,פרימיום - חברה לדברי מתיקה ולמ,,,"י""ח",0.52,ל 100 גרם,false,1,5.90,11.35,false,1,
11210000032,true,"רוטב טבסקו ענק 350 מ""ל",ציון תורגמן בעמ,,,"י""ח",0.60,"ל 100 מ""ל",false,1,49.90,83.17,false,1,
11210000094,true,"טבסקו חריף 60 מ""ל",ציון תורגמן בעמ,,,"י""ח",0.60,"ל 100 מ""ל",false,1,9.90,16.50,true,1,
11210007253,true,טבסקו רוטב  שום,ציון תורגמן בעמ,,,"י""ח",0.60,"ל 100 מ""ל",false,1,9.90,16.50,true,1,
14271400426,true,מעדן תות שדה,לפ ר.צ צ יק,,,"י""ח",1,,false,1,16.90,16.90,false,1,
16000185517,true,פייבר וואן 555גר.,קבוצת אוסם סחר-שות.מוגבלת,,,"י""ח",4.60,ל 100 גרם,false,1,24.90,5.41,true,1,
16000281684,true,נייטשר קראנצ`י פקאן 1/5,ליימן שליסל,,,"י""ח",2.10,ל 100 גרם,false,1,19.90,9.48,true,1,
16000423534,true,נייטשר קראנצ`י ש.שועל ושוקולד מריר 1/5,ליימן שליסל,,,"י""ח",2.10,ל 100 גרם,false,1,19.90,9.48,true,1,
16000548404,true,נייטשר קראנצ`י שיבולת שועל ודבש 1/5,ליימן שליסל,,,"י""ח",2.10,ל 100 גרם,false,1,19.90,9.48,true,1,
16000548503,true,חטיף ניצ`ר ואלי  מייפל בסוכר חום,ליימן שליסל,,,"י""ח",2.10,ל 100 גרם,false,1,19.90,9.48,true,1,
16000548602,true,נייטשר קראנצ`י קינמון 1/5,ליימן שליסל,,,"י""ח",2.10,ל 100 גרם,false,1,18.90,9,true,1,
16000548909,true,נייטשר קראנצ`י בריאות מעורב 1/5,ליימן שליסל,,,"י""ח",2.10,ל 100 גרם,false,1,19.90,9.48,true,1,
16229924263,true,"קרם קוקוס 250מ""ל",גורי מוצרי צריכה בעמ,,,"י""ח",2.50,"ל 100 מ""ל",false,1,9.90,3.96,false,1,
18000701223,true,תערובת לעוגת  שוק(פילסברי),ליימן שליסל,,,"י""ח",5.17,ל 100 גרם,false,1,17.90,3.46,false,1,
22200956932,true,##ספיד סטיק ג ל-כחול,ש.שסטוביץ בעמ,,,"י""ח",0.51,ל 100 גרם,false,1,19.90,39.02,true,1,
24000161028,true,עגבניות חתוכות דק במיץ עגב. מארז 3*400,ליימן שליסל,,,"י""ח",1.20,"ק""ג",false,1,12.90,10.75,false,1,
24000161035,true,עגבניות קצוצות דק במיץ עגב. מארז 3*400,ליימן שליסל,,,"י""ח",1.20,"ק""ג",false,1,12.90,10.75,false,1,
25675121027,true,חמצוצים 115גר`,גורי ע.ע.ע. בעמ,,,"י""ח",1.15,ל 100 גרם,false,1,10.20,8.87,false,1,
25700005674,false,שקיות א. סליידר גדולות 15יח`  זיפלוק,דנשר (1963) בעמ,,,"י""ח",1,,false,1,15.80,15.80,true,1,
25700005681,true,שקיות א. סליידר בינוניות  20יח`  זיפלו,דנשר (1963) בעמ,,,"י""ח",1,,false,1,15.80,15.80,true,1,
30000315958,true,קוואקר פרוטאין בננה אגוזים 366ג.,"שטראוס פריטו ליי בע""מ",,,"י""ח",3.66,ל 100 גרם,false,1,21.90,5.98,true,1,
30000315989,true,קוואקר פרוטאין חמוציות ושקדים 372ג.,"שטראוס פריטו ליי בע""מ",,,"י""ח",3.72,ל 100 גרם,false,1,21.90,5.89,true,1,
31200001597,true,חמוציות אושן ספריי 170גר,ליימן שליסל,,,"י""ח",1.70,ל 100 גרם,false,1,12.90,7.59,true,1,
31290140107,true,שוקולד GODIVA סטיקס 72%,תה ויסוצקי (ישראל)בעמ,,,"י""ח",0.90,ל 100 גרם,false,1,14.90,16.56,true,1,
31290140176,true,שוקולד GODIVA סטיקס מריר עם שקדים,תה ויסוצקי (ישראל)בעמ,,,"י""ח",0.90,ל 100 גרם,false,1,14.90,16.56,true,1,
31290140190,true,שוקולד GODIVA סטיקס מריר עם מלח ים,תה ויסוצקי (ישראל)בעמ,,,"י""ח",0.90,ל 100 גרם,false,1,14.90,16.56,true,1,
34000148301,true,נטיפי שוקולד מריר לאפייה  340גר הרשי,ליימן שליסל,,,"י""ח",3.40,ל 100 גרם,false,1,18.90,5.56,false,1,
34000196173,true,הרשי קוקיס קרים XL,ליימן שליסל,,,"י""ח",0.47,ל 100 גרם,false,1,8.90,18.94,false,1,
34000312177,true,סירופ שוקולד הרשי 680גר,ליימן שליסל,,,"י""ח",6.80,"ל 100 מ""ל",false,1,17.90,2.63,false,1,
34000470563,true,ריזס מיניס  ארזה משפחתית 215ג,ליימן שליסל,,,"י""ח",2.15,ל 100 גרם,false,1,19.90,9.26,false,1,
34000544028,true,ממתק בטעם תות 198ג,ליימן שליסל,,,"י""ח",1.98,ל 100 גרם,false,1,7.90,3.99,false,1,
34000544431,true,ליקרויץ 198 גרם -דובדבן,ליימן שליסל,,,"י""ח",1,,false,1,7.90,7.90,false,1,
35000458476,true,קולגייט מברשת ילדים מארז רביעייה,ש.שסטוביץ בעמ,,,"י""ח",1,,false,1,17.90,17.90,false,1,
36000516876,true,טישו קלינקס  3 שכבות  75יח,קימברלי קלארק ישראל שיווק בעמ,,,"י""ח",75,"י""ח",false,1,13.90,0.19,false,1,
36000516890,true,טישו קלינקס 120 3 שכבות,קימברלי קלארק ישראל שיווק בעמ,,,"י""ח",120,"י""ח",false,1,16.90,0.14,true,1,
37600207188,true,חמאת קלאסי סקיפי,דיפלומט בעמ,,,"י""ח",4.62,ל 100 גרם,false,1,19.90,4.31,false,1,
37600207256,true,חמאת בוטנים סקיפי עם שברי בוטנים 462 ג,דיפלומט בעמ,,,"י""ח",4.62,ל 100 גרם,false,1,19.90,4.31,false,1,
37600207287,true,חמאת בוטנים סקיפי,דיפלומט בעמ,,,"י""ח",4.62,ל 100 גרם,false,1,19.90,4.31,false,1,
37600297943,true,מטבל סלסה חריפה 300ג CHI CHIS,ליימן שליסל,,,"י""ח",3,"ל 100 מ""ל",false,1,18.90,6.30,true,1,
37600297967,true,מטבל סלסה עדינה 300ג CHI CHIS,ליימן שליסל,,,"י""ח",3,"ל 100 מ""ל",false,1,18.90,6.30,true,1,
38000138720,true,פרינגלס ראנץ  158ג,דיפלומט בעמ,,,"י""ח",1.61,ל 100 גרם,false,1,9.90,6.15,true,1,
38000183690,true,פרינגלס מידי ברביקיו  71ג,דיפלומט בעמ,,,"י""ח",0.71,ל 100 גרם,false,1,5.90,8.31,true,1,
38000183928,true,פרינגלס חרדל דבש 158ג`,דיפלומט בעמ,,,"י""ח",1.58,ל 100 גרם,false,1,9.90,6.27,true,1,
38000197840,true,פרינגלס גלי בטעם חריף מתוק 137גר,דיפלומט בעמ,,,"י""ח",1.49,ל 100 גרם,false,1,9.90,6.64,true,1,
38000202278,true,פרינגלס גלי בטעם אוריגינל 130 גר`,דיפלומט בעמ,,,"י""ח",1.30,ל 100 גרם,false,1,9.90,7.62,true,1,
38000232152,true,פרינגלס ברביקיו 161 גר`פלקס,דיפלומט בעמ,,,"י""ח",1.61,ל 100 גרם,false,1,9.90,6.15,true,1,
38000232176,true,פרינגלס שמנת בצל 161 גר`פלקס,דיפלומט בעמ,,,"י""ח",1.61,ל 100 גרם,false,1,9.90,6.15,true,1,
38000232183,true,פרינגלס אוריגינל 149 גר`.,דיפלומט בעמ,,,"י""ח",1.49,ל 100 גרם,false,1,9.90,6.64,true,1,
38527591053,true,דגנים מרובעים קי,"שטראוס פריטו ליי בע""מ",,,"י""ח",3.75,ל 100 גרם,false,1,19.90,5.31,true,1,
38527591060,true,דגנים מרובעים,"שטראוס פריטו ליי בע""מ",,,"י""ח",4.53,ל 100 גרם,false,1,19.90,4.39,true,1,
38900779238,true,"מיץ אננס DOLE במארז רביעייה 250מ""ל",בני ג ורג שוקחה בעמ,,,"י""ח",8,"ל 100 מ""ל",false,1,13.30,1.51,true,1,
40000513568,true,שוקולד M M אריזה גדולה  156ג,"מרס ריגלי ישראל בע""מ",,,"י""ח",15.60,ל 100 גרם,false,1,10.90,0.70,false,1,
40000513629,true,חמאת בוטנים   M M אריזה גדולה  156ג,"מרס ריגלי ישראל בע""מ",,,"י""ח",15.60,ל 100 גרם,false,1,10.90,0.70,false,1,
40000514480,true,סוכריות   M M   שוקו.,"מרס ריגלי ישראל בע""מ",,,"י""ח",1,,false,1,4.90,4.90,true,1,
40000514510,true,סוכריות M M  פינאטס 48 ג,"מרס ריגלי ישראל בע""מ",,,"י""ח",1,,false,1,4.90,4.90,true,1,
41390001079,true,"רוטב סויה דל נטרן 444מ""ל",דיפלומט בעמ,,,"י""ח",1.44,"ל 100 מ""ל",false,1,19.90,13.82,false,1,
41390010309,true,"רוטב טריאקי 444מ""ל",דיפלומט בעמ,,,"י""ח",1.44,"ל 100 מ""ל",false,1,18.90,13.13,false,1,
42400108153,true,דגני בוקר תותיס פרוטיס  354גר,ר.ב. מוצרי דגנים בעמ,,,"י""ח",3.54,ל 100 גרם,false,1,19.90,5.62,false,1,
44600300580,true,קלין אפ פרש 946 מ``ל,גורי מוצרי צריכה בעמ,,,"י""ח",9.46,"ל 100 מ""ל",false,1,19.90,2.10,false,1,
46214372250,true,.עוגיות שטרודל 225 גרם תפוח מרבה,ש.שסטוביץ בעמ,,,"י""ח",2.25,ל 100 גרם,false,1,8.90,3.96,true,1,
46214382259,true,עוגיות בראוניס 225 גרם,ש.שסטוביץ בעמ,,,"י""ח",2.25,ל 100 גרם,false,1,8.90,3.96,true,1,
46214731552,true,עוגיות שוקו צ יפ מרבה,ש.שסטוביץ בעמ,,,"י""ח",2.25,ל 100 גרם,false,1,8.90,3.96,true,1,
48256214758,true,"אוקסי אבקת הפלא 1 ק""ג","יעקב יעקבי ובניו בע""מ",,,"י""ח",1,"ק""ג",false,1,19.90,19.90,false,1,
50000429042,true,פנסי פיטס כבד מעודן ועוף,קבוצת אוסם סחר-שות.מוגבלת,,,"י""ח",0.85,ל 100 גרם,false,1,6.40,7.53,false,1,
50000434640,true,פנסי פיסט טעם כבד,קבוצת אוסם סחר-שות.מוגבלת,,,"י""ח",0.85,ל 100 גרם,false,1,6.40,7.53,false,1,
50000578450,true,פנסי פיסט עוף ברוטב עשיר 85גר,קבוצת אוסם סחר-שות.מוגבלת,,,"י""ח",0.85,ל 100 גרם,false,1,6.40,7.53,false,1,
52100070865,true,תמצית וניל טהורה 29גר,ר.ב. מוצרי דגנים בעמ,,,"י""ח",0.29,"ל 100 מ""ל",false,1,22.20,76.55,false,1,
55369902564,true,"מחית תפ""ע לא ממותק  452גר אפלסנקס",מור ים מרקטינג בעמ,,,"י""ח",4.52,ל 100 גרם,false,1,15.90,3.52,false,1,
55500012046,true,קלין אפ מרסס+פיין סול כלורוקס,גורי מוצרי צריכה בעמ,,,"י""ח",9.46,"ל 100 מ""ל",false,1,19.90,2.10,false,1,
64144090020,true,~תרסיס שמן זית 141 ג,ליימן שליסל,,,"י""ח",1.41,"ל 100 מ""ל",false,1,19.90,14.11,false,1,
64144090051,true,תרסיס שמן פאם קנולה 148 ג,ליימן שליסל,,,"י""ח",1.48,"ל 100 מ""ל",false,1,19.90,13.45,false,1,
76840001767,true,גלידה פיינטים עם עוגיות חמאת בוטנים,מוצרי איכות אמריקאיים בעמ,,,"י""ח",7.50,"ל 100 מ""ל",false,1,23.90,3.19,true,1,
76840001774,true,גלידה פיינטים בצק עוגיות שוקולד צ`יפס,מוצרי איכות אמריקאיים בעמ,,,"י""ח",7.50,"ל 100 מ""ל",false,1,23.90,3.19,true,1,
76840002351,true,גלידה פיינטים שמנת עם מרשמלו קלוי,מוצרי איכות אמריקאיים בעמ,,,"י""ח",5,"ל 100 מ""ל",false,1,23.90,4.78,true,1,
76840002542,true,גלידה פיינטים נטפליקס צ`ילד,מוצרי איכות אמריקאיים בעמ,,,"י""ח",5,"ל 100 מ""ל",false,1,19.90,3.98,true,1,
76840100156,true,גלידה פיינטים צרי גרסיה,מוצרי איכות אמריקאיים בעמ,,,"י""ח",7.50,"ל 100 מ""ל",false,1,19.90,2.65,true,1,
76840100583,true,גלידה פיינטים בצק עוגיות 473 מל,מוצרי איכות אמריקאיים בעמ,,,"י""ח",7.50,"ל 100 מ""ל",false,1,19.90,2.65,true,1,
76840100811,true,"גלידת בן אנד גריס 473מ""ל באטר קאפ",מוצרי איכות אמריקאיים בעמ,,,"י""ח",4.73,"ל 100 מ""ל",false,1,19.90,4.21,true,1,
76840100989,true,גלידה פיינטים פיש פוד,מוצרי איכות אמריקאיים בעמ,,,"י""ח",7.50,"ל 100 מ""ל",false,1,19.90,2.65,true,1,
76840400218,true,"גלידת בן אנד גריס 473מ""לעוגת גבינה עם",מוצרי איכות אמריקאיים בעמ,,,"י""ח",4.73,"ל 100 מ""ל",false,1,23.90,5.05,true,1,
76840620036,true,גלידה פיינטים שמנת עם וניל,מוצרי איכות אמריקאיים בעמ,,,"י""ח",7.50,"ל 100 מ""ל",false,1,19.90,2.65,true,1,
77245110610,true,סוכריות מאסט מנטה ללא סוכ,"שטראוס גרופ בע""מ",,,"י""ח",0.80,ל 100 גרם,false,1,8.80,11,true,1,
77975010167,true,מקלוני חיטה TWISTS בתוספת דבש 340גר,ליימן שליסל,,,"י""ח",3.40,ל 100 גרם,false,1,15.90,4.68,true,1,
77975022757,true,בייגל אמריקאי 382.7גר,ליימן שליסל,,,"י""ח",3.82,ל 100 גרם,false,1,16.90,4.42,true,1,
77975034071,true,סניידרס שברי בייגל  גבינת ניברלס 255.2גר,ליימן שליסל,,,"י""ח",2.55,ל 100 גרם,false,1,15.90,6.24,true,1,
77975036976,true,סלסה מטבל עגבניות חריפות מעודנת,ליימן שליסל,,,"י""ח",3.54,ל 100 גרם,false,1,16.90,4.77,false,1,
77975093085,true,סניידרס בייגלה בציפוי שוקולד חלב 141ג,ליימן שליסל,,,"י""ח",1.41,ל 100 גרם,false,1,16.90,11.99,true,1,
77975093108,true,סניידרס בייגלה בציפוי שוקולד לבן 141ג,ליימן שליסל,,,"י""ח",1.41,ל 100 גרם,false,1,16.90,11.99,true,1,
77975094624,true,סניידרס שברי בייגל חמאת בונים 283גר,ליימן שליסל,,,"י""ח",3.40,ל 100 גרם,false,1,15.90,4.68,true,1,
77975094631,true,סנדוויץ בייגל במילוי קרם צ דר 226ג.,ליימן שליסל,,,"י""ח",2.26,ל 100 גרם,false,1,15.90,7.04,true,1,
77975094761,true,סניידרס שברי בייגל גבינת צ`דר 340גר,ליימן שליסל,,,"י""ח",3.40,ל 100 גרם,false,1,15.90,4.68,true,1,
77975094778,true,"סניידרס שברי בייגל  בצל,חרדל ודבש 340ג",ליימן שליסל,,,"י""ח",3.40,ל 100 גרם,false,1,15.90,4.68,true,1,
77975095133,true,סניידרס שברי בייגל   318ג,ליימן שליסל,,,"י""ח",3.18,ל 100 גרם,false,1,15.90,5,true,1,
77975095157,true,סניידרס שברי בגיילה טעם חלפיניו 318גר,ליימן שליסל,,,"י""ח",3.18,ל 100 גרם,false,1,15.90,5,true,1,
77975095164,true,סניידרס שברי בייגל  פרמזו ושום 318ג,ליימן שליסל,,,"י""ח",3.18,ל 100 גרם,false,1,15.90,5,true,1,
77975095263,true,סניידרס שברי בייגל גבינת צ`דר 319גר,ליימן שליסל,,,"י""ח",3.19,ל 100 גרם,false,1,15.90,4.98,true,1,
80432402931,true,"וויסקי שיבאס רגאל 700מ""ל",טמפו משקאות בעמ,,,"י""ח",7,"ל 100 מ""ל",false,1,119.90,17.09,true,1,
80518532743,true,שקית בלונים,שמחה זה אנחנו,,,"י""ח",1,,false,1,12,12,false,1,
80518532859,true,בלונים 100 יח,שמחה זה אנחנו,,,"י""ח",1,,false,1,21.90,21.90,false,1,
85696608037,true,טופו רך ללא גלוטן 340גר,מזרח ומערב יבוא ושיווק,,,"י""ח",3.49,ל 100 גרם,false,1,12.90,3.70,true,1,
97643083040,true,שוקולד רוזמרי חלב נוסטלגי,קדמה ירושלים יבוא 2002,,,"י""ח",1,,false,1,12.90,12.90,false,1,
97643084047,true,"שוקולד רוזמרי ספליט בד""ץ",קדמה ירושלים יבוא 2002,,,"י""ח",1,ל 100 גרם,false,1,12.90,12.90,false,1,
195480030088,true,בלוק צימקאו מריר 300גר,תה ויסוצקי (ישראל)בעמ,,,"י""ח",3,ל 100 גרם,false,1,8.90,2.97,false,1,
608614310456,true,אוכמניות,ביכורי השדה צפון 1994 ג.ד. בעמ,,,"י""ח",1,,false,1,14.90,14.90,true,1,
613008753290,true,"אריזונה אפרסק 450מ""ל",טמפו משקאות בעמ,,,"י""ח",4.50,"ל 100 מ""ל",false,1,7.40,1.58,true,1,
613008753320,true,"אריזונה ג`נסנג ודבש 450מ""ל",טמפו משקאות בעמ,,,"י""ח",4.50,"ל 100 מ""ל",false,1,7.40,1.58,true,1,
628154383659,true,דגני בוקר פרוטי פבלס 311גר,ר.ב. מוצרי דגנים בעמ,,,"י""ח",3.11,ל 100 גרם,false,1,21.90,7.04,false,1,
633824111838,true,"וודקה ואן גוך אננס 750 מ""ל",טמפו משקאות בעמ,,,"י""ח",7.50,"ל 100 מ""ל",false,1,119.90,15.95,true,1,
633824913432,true,ואן גוך אסאי 750,טמפו משקאות בעמ,,,"י""ח",7.50,"ל 100 מ""ל",false,1,119.90,15.95,true,1,
651080161510,true,אוראל בי פלוסר קיסם+חוט 3,דנשר (1963) בעמ,,,"י""ח",1,,false,1,9.90,9.90,false,1,
651080647519,true,פלאקרס פלוסר קיסם+חוט,דנשר (1963) בעמ,,,"י""ח",1,,false,1,10.90,10.90,false,1,
693493102575,true,עגבניות שרי קלמרים,ביכורי השדה צפון 1994 ג.ד. בעמ,,,"י""ח",4.50,ל 100 גרם,false,1,9.90,2.20,false,1,
710069006867,true,סנדוויץ עוגיות וניל הדר 150גר,ח.כהן סוכנות מזון ומשקאות בע,,,"י""ח",1.50,ל 100 גרם,false,1,3.90,2.60,false,1,
710069055452,true,סנדוויץ עוגיות שוקו 150גר הדר,ח.כהן סוכנות מזון ומשקאות בע,,,"י""ח",1.50,ל 100 גרם,false,1,3.90,2.60,false,1,
728229123590,true,צי פס אורגינל TERRA,מ.סידס ובנו בעמ,,,"י""ח",1.10,ל 100 גרם,false,1,15.90,14.45,true,1,
728229123613,true,ציפס טרה,מ.סידס ובנו בעמ,,,"י""ח",1.10,ל 100 גרם,false,1,15.90,14.45,true,1,
728229123811,true,תה רה צי פס מתובל,מ.סידס ובנו בעמ,,,"י""ח",0.50,ל 100 גרם,false,1,15.90,31.80,true,1,
728229124764,true,צי פס בטטה עם מלח ים  TERRA 110גר,מ.סידס ובנו בעמ,,,"י""ח",1.10,ל 100 גרם,false,1,15.90,14.45,true,1,
728229130154,true,חטיף צ`יפס בטטה וסלק 110גר`,מ.סידס ובנו בעמ,,,"י""ח",1.10,ל 100 גרם,false,1,15.90,14.45,true,1,
728229130444,true,תה רה צי פס מתובל,מ.סידס ובנו בעמ,,,"י""ח",0.50,ל 100 גרם,false,1,15.90,31.80,true,1,
729001633488,true,עגבניות שרי ארוז,ביכורי השדה צפון 1994 ג.ד. בעמ,,,"י""ח",1,,false,1,9.90,9.90,false,1,
729001633489,true,עגבניות שרי ליקופן,ביכורי השדה צפון 1994 ג.ד. בעמ,,,"י""ח",1,,false,1,11.90,11.90,false,1,
729016400205,true,צלחות 100יח גדול צבעוני שווה,ח.כהן סוכנות מזון ומשקאות בע,,,"י""ח",100,"י""ח",false,1,34.90,0.35,false,1,
737214555056,true,סט 3 מזוודות מחוזקות עם 8 גלגלים שחור,אינטרסן (1996) בעמ,,,"י""ח",1,,false,1,499,499,true,1,
737214555063,true,סט 3 מזוודות מחוזקות עם 8 גלגלים כסף,אינטרסן (1996) בעמ,,,"י""ח",1,,false,1,499,499,true,1,
737214555070,true,סט 3 מזוודות מחוזקות עם 8 גלגלים אפור,אינטרסן (1996) בעמ,,,"י""ח",1,,false,1,499,499,true,1,
748855429859,true,עגלה משולבת,כוכב נולד פלוס נתיבות בעמ,,,"י""ח",1,,false,1,999,999,false,1,
753182231761,true,משקה אנרגיה בלו סיקס ללא סוכר,בני פאוזי שמשום (2009) בעמ,,,"י""ח",2.50,"ל 100 מ""ל",false,1,3.30,1.20,true,1,
835811004189,true,פרורי לחם מוזהבים  800 גרם הנמל,הנמל אריזות ושווק בעמ,,,"י""ח",8,ל 100 גרם,false,1,13.20,1.65,false,1,
835811005339,true,זוג שקיות אוכל  זוגות הנמל,הנמל אריזות ושווק בעמ,,,"י""ח",2,"י""ח",false,1,7.90,3.95,false,1,
839762000641,true,איילנד מנגו 1 ליטר,טמפו משקאות בעמ,,,"י""ח",1,ליטר,false,1,13.20,13.20,true,1,
839762000658,true,איילנד גויאבה 1 ליטר,טמפו משקאות בעמ,,,"י""ח",1,ליטר,false,1,13.20,13.20,true,1,
856591000062,true,עבאדי עוגיות מזרחיות מלח  -400,תה ויסוצקי (ישראל)בעמ,,,"י""ח",4,ל 100 גרם,false,1,17.90,4.48,false,1,
856591000109,true,עבאדי עוגיות מזרחיות פריך במיוחד 400גר,תה ויסוצקי (ישראל)בעמ,,,"י""ח",4,ל 100 גרם,false,1,17.90,4.48,false,1,
856591000512,true,עוגיות מזרחיות מקלות לניגוב 400גר`,תה ויסוצקי (ישראל)בעמ,,,"י""ח",4,ל 100 גרם,false,1,17.90,4.48,true,1,
856591000918,true,מארז עבאדי חטיף טבעי 80גר,תה ויסוצקי (ישראל)בעמ,,,"י""ח",3.20,ל 100 גרם,false,1,14.90,4.66,false,1,
856591000949,true,עבאדי קטנטנים מאפה חיטה מלוח 350גר,תה ויסוצקי (ישראל)בעמ,,,"י""ח",3.50,ל 100 גרם,false,1,16.90,4.83,true,1,
856591000970,true,מקלונים טעם חריף  400ג,תה ויסוצקי (ישראל)בעמ,,,"י""ח",4,ל 100 גרם,false,1,17.90,4.48,true,1,
884912117625,true,שלווה גולדן קריספי,ר.ב. מוצרי דגנים בעמ,,,"י""ח",1,ל 100 גרם,false,1,19.90,19.90,false,1,
884912129512,true,דגני בוקר קוקו פבלס 311 גרם,ר.ב. מוצרי דגנים בעמ,,,"י""ח",1,,false,1,21.90,21.90,false,1,
884912342737,true,דגני בוקר CRISP WAFFLE י326 גרם.,ר.ב. מוצרי דגנים בעמ,,,"י""ח",3.26,ל 100 גרם,false,1,20.90,6.41,false,1,
884912359155,true,דגני בוקר האני באנצ  רוסטד 340ג,ר.ב. מוצרי דגנים בעמ,,,"י""ח",3.40,ל 100 גרם,false,1,17.90,5.26,true,1,
884912359162,true,דגני בוקר האני באנצ שקדים  340ג,ר.ב. מוצרי דגנים בעמ,,,"י""ח",3.40,ל 100 גרם,false,1,17.90,5.26,true,1,
884912359421,true,האני באנצ  מייפל ופקאן 340ג,ר.ב. מוצרי דגנים בעמ,,,"י""ח",3.40,ל 100 גרם,false,1,17.90,5.26,true,1,
884912365200,true,דגני בוקר אוראו 311גר.,ר.ב. מוצרי דגנים בעמ,,,"י""ח",3.11,ל 100 גרם,false,1,23.90,7.68,true,1,
3014260022730,false,מברשת שיניים  אדוונטג  WHITE 3D זוג,דיפלומט מפיצים 1968 בעמ,,,"י""ח",1,,false,1,19.90,19.90,true,1,
3014260022839,false,אורל בי נטורל פרש זוג 40,דיפלומט מפיצים 1968 בעמ,,,"י""ח",1,,false,1,15.90,15.90,true,1,
3014260228842,false,"גילט קצף גילוח רגיל 200 מ""ל",דיפלומט מפיצים 1968 בעמ,,,"י""ח",2,"ל 100 מ""ל",false,1,14.90,7.45,true,1,
3014260240226,false,"גילט קצף גילוח רגיש 200 מ""ל",דיפלומט מפיצים 1968 בעמ,,,"י""ח",2,"ל 100 מ""ל",false,1,14.90,7.45,true,1,
3014260287030,false,ג ילט 2 חמישיה,דיפלומט מפיצים 1968 בעמ,,,"י""ח",1,,false,1,6.90,6.90,true,1,
3014260289287,false,גילט בלו 2 חמישיה  לאשה,דיפלומט מפיצים 1968 בעמ,,,"י""ח",1,,false,1,13.90,13.90,true,1,
3045200760009,false,"דזיטול נוזל מחטא בגדים בכביסה 500מ""ל.","יעקב יעקבי ובניו בע""מ",,,"י""ח",5,"ל 100 מ""ל",false,1,9.90,1.98,true,1,
3045206360609,false,דזיטול נוזל מחטא בגדים בכביסה1ל,"יעקב יעקבי ובניו בע""מ",,,"י""ח",5,"ל 100 מ""ל",false,1,19.90,3.98,true,1,
3046920028004,false,לינדט אקסלנס 70% 100ג,מ.סידס ובנו בעמ,,,"י""ח",1,ל 100 גרם,false,1,10,10,true,1,
3046920028363,false,לינדט אקסלנס 85% 100ג,מ.סידס ובנו בעמ,,,"י""ח",1,ל 100 גרם,false,1,16.90,16.90,true,1,
3059940007768,false,אירוויק ספריי וניל,רקיט בנקיזר (ניר איסט) בעמ,,,"י""ח",3,"ל 100 מ""ל",false,1,9.90,3.30,true,1,
3059943015128,false,אירוויק נטול גז לוונדר,רקיט בנקיזר (ניר איסט) בעמ,,,"י""ח",3.45,"ל 100 מ""ל",false,1,14.90,4.32,true,1,
3059943016507,false,אירוויק ספריי לבנדר,רקיט בנקיזר (ניר איסט) בעמ,,,"י""ח",3,"ל 100 מ""ל",false,1,9.90,3.30,true,1,
3059943016569,false,אירוויק ספריי פריסיה ויסמין,רקיט בנקיזר (ניר איסט) בעמ,,,"י""ח",3,"ל 100 מ""ל",false,1,9.90,3.30,true,1,
3059944025003,false,ויט רצועות שעווה 20יח,רקיט בנקיזר (ניר איסט) בעמ,,,"י""ח",2.50,"ל 100 מ""ל",false,1,39.90,15.96,false,1,
3073781161663,false,גבינה לוואש קירי 8יח`,בני ג ורג שוקחה בעמ,,,"י""ח",1.28,ל 100 גרם,false,1,11.90,9.30,false,1,
3073781161687,false,גבינה לוואש קירי 16 יח`,בני ג ורג שוקחה בעמ,,,"י""ח",2.56,ל 100 גרם,false,1,22.90,8.95,true,1,
3073781162790,false,בייבי בל 6 יח  120גר` נטו,*347470,,,"י""ח",1.20,ל 100 גרם,false,1,16.90,14.08,true,1,
3073781177220,false,בייבי בל רול 102ג,*347470,,,"י""ח",1.20,ל 100 גרם,false,1,16.90,14.08,true,1,
3141360054405,false,פיניש ציטרופרש לימון,רקיט בנקיזר (ניר איסט) בעמ,,,"י""ח",0.27,ל 100 גרם,false,1,14.90,55.19,true,1,
3228022910023,false,חמאה פרזידנט 200גרם,נטו מלינדה סחר בעמ,,,"י""ח",2,"י""ח",false,1,14.90,7.45,false,1,
3282554138911,false,כפיות לבן 100יח  שווה,ח.כהן סוכנות מזון ומשקאות בע,,,"י""ח",100,"י""ח",false,1,6.90,0.07,false,1,
3282554174957,false,כפות לבן 100יח  שווה,ח.כהן סוכנות מזון ומשקאות בע,,,"י""ח",100,"י""ח",false,1,9.90,0.10,false,1,
3387390320244,false,פיטנס דגנים עם פירות 375גרם,קבוצת אוסם סחר-שות.מוגבלת,,,"י""ח",3.75,ל 100 גרם,false,1,22.90,6.11,true,1,
3387390525960,false,קראנץ  500גר`,קבוצת אוסם סחר-שות.מוגבלת,,,"י""ח",5,ל 100 גרם,false,1,19.90,3.98,true,1,
3387390730852,false,פיטנס 375 גרם,קבוצת אוסם סחר-שות.מוגבלת,,,"י""ח",3.75,ל 100 גרם,false,1,22.90,6.11,true,1,
3480341002685,false,טרטר אפרטיף בנוסח פרובנס 100גר,*347470,,,"י""ח",100,ל 100 גרם,false,1,19.90,0.20,false,1,
3480341002692,false,טרטר אפרטיף בנוסח איטלקי 100גר,*347470,,,"י""ח",1,ל 100 גרם,false,1,19.90,19.90,false,1,
3523230026826,false,פירמידה עיזים טבעי 140ג,*347470,,,"י""ח",1.25,ל 100 גרם,false,1,19.90,15.92,true,1,
3523230026888,false,פירמידה עיזים שום ועשבי תיבול 140ג.,*347470,,,"י""ח",1.25,ל 100 גרם,false,1,19.90,15.92,true,1,
3523230045827,false,סנט מור 160 גרם,*347470,,,"י""ח",1.60,ל 100 גרם,false,1,23.90,14.94,true,1,
3563490014898,false,חרדל דיג ון 255 גרם,דיפלומט בעמ,,,"י""ח",2.55,ל 100 גרם,false,1,12.90,5.06,false,1,
3574660464337,false,קרפרי מגן תחתון מבושם 76יח`,ש.שסטוביץ בעמ,,,"י""ח",76,"י""ח",false,1,19.90,0.26,false,1,
3574660464368,false,קרפרי מגן תחתון אלוורה 76יח`,ש.שסטוביץ בעמ,,,"י""ח",1,,false,1,22.90,22.90,false,1,
3574661003924,false,"ליסטרין טוטל קאר  500 מ""ל",שקד תבל בעמ,,,"י""ח",5,"ל 100 מ""ל",false,1,18.90,3.78,true,1,
3574661114637,false,"ליסטרין זירו  500 מ""ל",שקד תבל בעמ,,,"י""ח",5,"ל 100 מ""ל",false,1,17.90,3.58,true,1,
3574661352275,false,"ליסטרין קידס ברי 250מ""ל",שקד תבל בעמ,,,"י""ח",2.50,"ל 100 מ""ל",false,1,10.90,4.36,true,1,
3574661485201,false,טמפוני OB 32,ש.שסטוביץ בעמ,,,"י""ח",1,,false,1,24.90,24.90,false,1,
3574661485218,false,טמפוני OB 32+8,ש.שסטוביץ בעמ,,,"י""ח",1,,false,1,24.90,24.90,false,1,
3574661487328,false,קרפרי רגיל 56יח,ש.שסטוביץ בעמ,,,"י""ח",58,"י""ח",false,1,15.90,0.27,true,1,
3574661487618,false,קרפרי מקסי לארג  מבושם 48יח,ש.שסטוביץ בעמ,,,"י""ח",1,,false,1,15.90,15.90,true,1,
3574661487625,false,קרפרי מקסי לארג 48יח,ש.שסטוביץ בעמ,,,"י""ח",1,,false,1,15.90,15.90,true,1,
3574661491806,false,"ליסטרין אדוונסד וואט  500 מ""ל",שקד תבל בעמ,,,"י""ח",5,"ל 100 מ""ל",false,1,18.90,3.78,true,1,
3574661552576,false,קרפרי מגן תחתון רגיל טנגה לבן 56יח`,ש.שסטוביץ בעמ,,,"י""ח",1,,false,1,15.90,15.90,true,1,
3574661552804,false,קרפרי מגן תחתון אלוורה 56יח`,ש.שסטוביץ בעמ,,,"י""ח",1,,false,1,15.90,15.90,true,1,
3574661552811,false,קרפרי כותון אוורירי 56יח`,ש.שסטוביץ בעמ,,,"י""ח",1,,false,1,15.90,15.90,true,1,
3574661554877,false,קרפרי כותון מבושם 56 יח`,ש.שסטוביץ בעמ,,,"י""ח",1,,false,1,15.90,15.90,true,1,
3574661554884,false,קרפרי רגיל טנגה ריחניה 56יח`,ש.שסטוביץ בעמ,,,"י""ח",1,,false,1,15.90,15.90,true,1,
3574661643359,false,"ליסטרין נטורל`ס  500 מ""ל",שקד תבל בעמ,,,"י""ח",5,"ל 100 מ""ל",false,1,18.90,3.78,true,1,
3574669907729,false,"ג ונסון בייבי שמפו גולד 750מ""ל",ש.שסטוביץ בעמ,,,"י""ח",7.50,"ל 100 מ""ל",false,1,24.90,3.32,true,1,
3574669908443,false,ג ונסון בייבי אל סבון וקצף אמבט 750ג,ש.שסטוביץ בעמ,,,"י""ח",7.50,"ל 100 מ""ל",false,1,22.90,3.05,true,1,
3574669908665,false,ג ונסון בייבי אל סבון לפני שינה 750מל,ש.שסטוביץ בעמ,,,"י""ח",7.50,"ל 100 מ""ל",false,1,20.90,2.79,true,1,
3600523651870,false,"אלביב שמפו ארגנין   550מ""ל",לוריאל ישראל קוסמטיקס בעמ,,,"י""ח",5.50,"ל 100 מ""ל",false,1,14.90,2.71,true,1,
3600523651887,false,"אלביב שמפו טוטל ריפר   550מ""ל",לוריאל ישראל קוסמטיקס בעמ,,,"י""ח",5.50,"ל 100 מ""ל",false,1,14.90,2.71,true,1,
3600523651900,false,"אלביב מרכך ארגנון  550מ""ל",לוריאל ישראל קוסמטיקס בעמ,,,"י""ח",5.50,"ל 100 מ""ל",false,1,14.90,2.71,true,1,
3600523652228,false,"אלביב מרכך קטוטל ריפר  550מ""ל",לוריאל ישראל קוסמטיקס בעמ,,,"י""ח",5.50,"ל 100 מ""ל",false,1,14.90,2.71,true,1,
3600523652242,false,"אלביב שמפו קולור   550מ""ל",לוריאל ישראל קוסמטיקס בעמ,,,"י""ח",5.50,"ל 100 מ""ל",false,1,14.90,2.71,true,1,
3600523652280,false,"אלביב שמפו 6 שמנים   550מ""ל",לוריאל ישראל קוסמטיקס בעמ,,,"י""ח",5.50,"ל 100 מ""ל",false,1,14.90,2.71,true,1,
3600523652297,false,"אלביב מרכך 6 שמנים 550מ""ל",לוריאל ישראל קוסמטיקס בעמ,,,"י""ח",5.50,"ל 100 מ""ל",false,1,14.90,2.71,true,1,
3600523755806,false,"אלביב שמפו קוקוס  550מ""ל",לוריאל ישראל קוסמטיקס בעמ,,,"י""ח",5.50,"ל 100 מ""ל",false,1,14.90,2.71,true,1,
3600523756322,false,"אלביב מרכך קוקוס  550מ""ל",לוריאל ישראל קוסמטיקס בעמ,,,"י""ח",5.50,"ל 100 מ""ל",false,1,14.90,2.71,true,1,
3600523782567,false,אלביב שמפו דרים לונג 500,לוריאל ישראל קוסמטיקס בעמ,,,"י""ח",5,"ל 100 מ""ל",false,1,14.90,2.98,true,1,
3600523782581,false,אלביב מרכך דרים לונג 500,לוריאל ישראל קוסמטיקס בעמ,,,"י""ח",5,"ל 100 מ""ל",false,1,14.90,2.98,true,1,
3600540928863,false,גרנייה מינרל דאו רול טורקיז,לוריאל ישראל קוסמטיקס בעמ,,,"י""ח",0.50,"ל 100 מ""ל",false,1,11.90,23.80,true,1,
3600541029323,false,מסיר איפור עמיד במים,לוריאל ישראל קוסמטיקס בעמ,,,"י""ח",1,,false,1,19.90,19.90,true,1,
3600541253667,false,גרנייה דאודורנט כל הסוגים,לוריאל ישראל קוסמטיקס בעמ,,,"י""ח",1.50,"ל 100 מ""ל",false,1,11.90,7.93,true,1,
3600541402270,false,"גרנייה אינביזי דאו ספריי 50מ""ל",לוריאל ישראל קוסמטיקס בעמ,,,"י""ח",0.50,"ל 100 מ""ל",false,1,11.90,23.80,true,1,
3600541740006,false,"גרנייה מינרל דאו ספריי אקשן 150מ""ל",לוריאל ישראל קוסמטיקס בעמ,,,"י""ח",1.50,"ל 100 מ""ל",false,1,11.90,7.93,true,1,
3600542365796,false,ג`ל ניקוי גרניה ענבים,לוריאל ישראל קוסמטיקס בעמ,,,"י""ח",2,"ל 100 מ""ל",false,1,22.90,11.45,true,1,
3600542385220,false,דאו רול פרוטקשן 6 סגול,לוריאל ישראל קוסמטיקס בעמ,,,"י""ח",1,,false,1,11.90,11.90,true,1,
3600542385268,false,דאו רול אינביזיבל BWC גרניה,לוריאל ישראל קוסמטיקס בעמ,,,"י""ח",1,,false,1,11.90,11.90,true,1,
3600542397926,false,גרנייה דאו ספריי כותנה עדין,לוריאל ישראל קוסמטיקס בעמ,,,"י""ח",1,,false,1,11.90,11.90,true,1,
3607343817547,false,"אדידס ספריי לגבר קליימקול 150מ""ל",דנשר (1963) בעמ,,,"י""ח",1.50,"ל 100 מ""ל",false,1,12.90,8.60,true,1,
3607349687458,false,"אדידס ספריי לגבר קול דריי פרש  150מ""ל",דנשר (1963) בעמ,,,"י""ח",1.50,"ל 100 מ""ל",false,1,12.90,8.60,true,1,
3614223736003,false,"אדידס ספריי לגבר אדיפיור 150מ""ל",דנשר (1963) בעמ,,,"י""ח",1.50,"ל 100 מ""ל",false,1,12.90,8.60,true,1,
3614224050986,false,"אדידס ספריי לגבר אדיפיור 72ש.  150מ""ל",דנשר (1963) בעמ,,,"י""ח",1.50,"ל 100 מ""ל",false,1,12.90,8.60,true,1,
3661163970448,false,"ספריי גברים דרי מקס A3 פרש 200מ""ל",דנשר (1963) בעמ,,,"י""ח",2,"ל 100 מ""ל",false,1,14.90,7.45,true,1,
3800020403631,false,קיט קאט חמאת בוטנים,קבוצת אוסם סחר-שות.מוגבלת,,,"י""ח",0.35,ל 100 גרם,false,1,3,8.57,true,1,
3800020423578,false,קיט קאט צ`אנקי 40 גרם,קבוצת אוסם סחר-שות.מוגבלת,,,"י""ח",0.48,ל 100 גרם,false,1,3,6.25,true,1,
3800020472712,false,קיט קאט צ`אנקי פופקורן 42 גרם,קבוצת אוסם סחר-שות.מוגבלת,,,"י""ח",0.42,ל 100 גרם,false,1,3.90,9.29,true,1,
3838824127149,false,צבעי שיער שחור כחול סמי קיט,הנקל סוד בעמ,,,"י""ח",1,,false,1,15.90,15.90,true,1,
3838824127200,false,צבעי שיער חום כהה סמי קיט,הנקל סוד בעמ,,,"י""ח",1,,false,1,15.90,15.90,true,1,
3838824127224,false,צבעי שיער חום בינוני סמי קיט,הנקל סוד בעמ,,,"י""ח",1,,false,1,15.90,15.90,true,1,
3838824127248,false,צבעי שיער חום בהיר סמי קיט,הנקל סוד בעמ,,,"י""ח",1,,false,1,15.90,15.90,true,1,
3838824127286,false,צבעי שיער  בלונד בינוני סמי קיט,הנקל סוד בעמ,,,"י""ח",1,,false,1,15.90,15.90,true,1,
3838824127309,false,צבעי שיער בלונד בהיר סמי קיט,הנקל סוד בעמ,,,"י""ח",1,,false,1,15.90,15.90,true,1,
3838824193915,false,צבעי שיער שחור סמי קיט,הנקל סוד בעמ,,,"י""ח",1,,false,1,15.90,15.90,true,1,
3838824380988,false,צבעי שיער בלונד כסוף אפרפר סמי קיט פאל,הנקל סוד בעמ,,,"י""ח",1,,false,1,15.90,15.90,true,1,
4000415039707,false,שוקולד שוגטן עוגיות וניל טבעי 100ג,יעד ממתקים בעמ,,,"י""ח",1,ל 100 גרם,false,1,6.90,6.90,true,1,
4000415040109,false,שוקולד שוגטן קרמל בראוני טבעי100ג,יעד ממתקים בעמ,,,"י""ח",1,ל 100 גרם,false,1,6.90,6.90,false,1,
4000415111908,false,שוקולד שוגטן נוגט,יעד ממתקים בעמ,,,"י""ח",1,ל 100 גרם,false,1,6.90,6.90,true,1,
4000415143800,false,שוקולד שוגטן טרילוגיה,יעד ממתקים בעמ,,,"י""ח",1,ל 100 גרם,false,1,6.90,6.90,true,1,
4000415851705,false,שוקולד שוגטן נוגט,יעד ממתקים בעמ,,,"י""ח",1,ל 100 גרם,false,1,6.90,6.90,true,1,
4000417019004,false,ריטר חלב אגוזים 100 גרם,ליימן שליסל,,,"י""ח",1,ל 100 גרם,false,1,8.90,8.90,true,1,
4000417022004,false,ריטר שוקולד צימוק אגוז,ליימן שליסל,,,"י""ח",1,ל 100 גרם,false,1,8.90,8.90,true,1,
4000417023001,false,ריטר ספורט שקדים חלב,ליימן שליסל,,,"י""ח",1,ל 100 גרם,false,1,8.90,8.90,true,1,
4000417025005,false,ריטר ספורט מרציפן,ליימן שליסל,,,"י""ח",1,ל 100 גרם,false,1,8.90,8.90,true,1,
4000417026002,false,ריטר שוקולד פרלין 100 גרם,ליימן שליסל,,,"י""ח",1,ל 100 גרם,false,1,8.90,8.90,true,1,
4000417101211,false,אמיצ`לי אגוז 150גר,ליימן שליסל,,,"י""ח",1.50,ל 100 גרם,false,1,17.90,11.93,false,1,
4000417101273,false,אמיצ`לי גלילי וופל עם קרם 300ג,ליימן שליסל,,,"י""ח",3,ל 100 גרם,false,1,29.90,9.97,true,1,
4000417211002,false,ריטר ספורט מוס קרמל ושברי שקדים,ליימן שליסל,,,"י""ח",1,ל 100 גרם,false,1,8.90,8.90,true,1,
4000417212009,false,ריטר שוקולד מריר תפוז שקד 100 גרם,ליימן שליסל,,,"י""ח",1,ל 100 גרם,false,1,8.90,8.90,true,1,
4000417222008,false,ריטר שוקולד חלב עם שברי אגוזים 100גר`,ליימן שליסל,,,"י""ח",1,ל 100 גרם,false,1,8.90,8.90,true,1,
4000417224002,false,ריטר ספורט שוקולד מריר עם אגוזים שלמים,ליימן שליסל,,,"י""ח",1,ל 100 גרם,false,1,8.90,8.90,true,1,
4000417298003,false,ריטר קוקוס אגוז 100גר,ליימן שליסל,,,"י""ח",1,ל 100 גרם,false,1,8.90,8.90,true,1,
4000417450302,false,מיני ריטר פאוצ 183ג ספורט,ליימן שליסל,,,"י""ח",1.83,ל 100 גרם,false,1,19.90,10.87,false,1,
4000417629616,false,ריטר ספורט שקדים מקורמלים,ליימן שליסל,,,"י""ח",1,ל 100 גרם,false,1,8.90,8.90,true,1,
4000417692313,false,ריטר ספורט קינמון קריספי לבן 100ג,ליימן שליסל,,,"י""ח",1,ל 100 גרם,false,1,8.90,8.90,true,1,
4000417694119,false,ריטר ספורט קפה קריספי 100ג,ליימן שליסל,,,"י""ח",1,ל 100 גרם,false,1,8.90,8.90,true,1,
4000417707000,false,ריטר ספורט חלב קשיו,ליימן שליסל,,,"י""ח",1,ל 100 גרם,false,1,8.90,8.90,true,1,
4000417708007,false,ריטר ספורט חלב שקד 100גר,ליימן שליסל,,,"י""ח",1,ל 100 גרם,false,1,8.90,8.90,true,1,
4000522061752,false,בייגלה צ`יו מקלות 100גר.,ר.ב. מוצרי דגנים בעמ,,,"י""ח",1,ל 100 גרם,false,1,3.90,3.90,false,1,
4000539280726,false,לינדט אקסלנס 70% 100ג,מ.סידס ובנו בעמ,,,"י""ח",1,ל 100 גרם,false,1,16.90,16.90,true,1,
4000607850004,false,שוקולד שוגטן חלב,יעד ממתקים בעמ,,,"י""ח",1,ל 100 גרם,false,1,6.90,6.90,true,1,
4000607851001,false,שוקולד שוגטן אגוזים,יעד ממתקים בעמ,,,"י""ח",1,ל 100 גרם,false,1,6.90,6.90,true,1,
4000607852008,false,שוקולד מריר 100 גרם,יעד ממתקים בעמ,,,"י""ח",1,ל 100 גרם,false,1,6.90,6.90,true,1,
4000607854705,false,שוקולד שוגטן יוגורט,יעד ממתקים בעמ,,,"י""ח",1,ל 100 גרם,false,1,6.90,6.90,true,1,
4002448017684,false,סיליט באנג ספריי רב שימושי,רקיט בנקיזר (ניר איסט) בעמ,,,"י""ח",7.50,"ל 100 מ""ל",false,1,12.90,1.72,false,1,
4002448019480,false,~סיליט באנג מסיר שומנים,רקיט בנקיזר (ניר איסט) בעמ,,,"י""ח",7.50,"ל 100 מ""ל",false,1,12.90,1.72,false,1,
4005808128273,false,"ניוואה ג`ל רחצה לגב תמציות מנטה 500מ""ל",אלפא ב.ד.ף בעמ,,,"י""ח",5,"ל 100 מ""ל",false,1,14.90,2.98,true,1,
4005808128631,false,ניוואה ג`ל רחצה לגבר עם תמציות ליים 50,אלפא ב.ד.ף בעמ,,,"י""ח",5,"ל 100 מ""ל",false,1,14.90,2.98,true,1,
4005808293469,false,דאו  ספריי לגבר יבש,אלפא ב.ד.ף בעמ,,,"י""ח",1.50,"ל 100 מ""ל",false,1,12.90,8.60,true,1,
4005808366392,false,שפתון לבלו כחול,אלפא ב.ד.ף בעמ,,,"י""ח",1,,false,1,9.90,9.90,true,1,
4005808368280,false,שפתון לבלו דובדבן,אלפא ב.ד.ף בעמ,,,"י""ח",1,"י""ח",false,1,9.90,9.90,true,1,
4005808668847,false,תרחיץ פנים עדין לעור יבש 150 מ``ל,אלפא ב.ד.ף בעמ,,,"י""ח",1,"י""ח",false,1,24.90,24.90,true,1,
4005808670611,false,קרם לחות לעור יבש,אלפא ב.ד.ף בעמ,,,"י""ח",1,"ל 100 מ""ל",false,1,39.90,39.90,true,1,
4005808698103,false,תחליב גוף SMOOTH ניוואה,אלפא ב.ד.ף בעמ,,,"י""ח",5,ל 100 גרם,false,1,19.90,3.98,true,1,
4005808837359,false,דאו סרול און לאישה פרל ביוטי,אלפא ב.ד.ף בעמ,,,"י""ח",1.50,"ל 100 מ""ל",false,1,12.90,8.60,true,1,
4005900036476,false,דאו רול און בלק אנד וויט אישה,אלפא ב.ד.ף בעמ,,,"י""ח",0.50,"ל 100 מ""ל",false,1,12.90,25.80,true,1,
4005900036483,false,דאו ספריי בלק אנד וויט גבר,אלפא ב.ד.ף בעמ,,,"י""ח",1.50,"ל 100 מ""ל",false,1,12.90,8.60,true,1,
4005900036506,false,דאו רול און  בלק אנד וויט גבר,אלפא ב.ד.ף בעמ,,,"י""ח",0.50,"ל 100 מ""ל",false,1,12.90,25.80,true,1,
4005900138842,false,"ניוואה תחליב רחצה 750מ""ל סמוד",אלפא ב.ד.ף בעמ,,,"י""ח",7.50,"ל 100 מ""ל",false,1,15.90,2.12,true,1,
4005900488459,false,רול און דריי פרש אישה ניוואה,אלפא ב.ד.ף בעמ,,,"י""ח",0.50,"ל 100 מ""ל",false,1,12.90,25.80,true,1,
4005900513069,false,דאו רול און DEEP גבר,אלפא ב.ד.ף בעמ,,,"י""ח",1.50,"ל 100 מ""ל",false,1,12.90,8.60,true,1,
4005900521262,false,"ניוואה ג`ל רחצה לגב 500מ""ל DEEP",אלפא ב.ד.ף בעמ,,,"י""ח",5,"ל 100 מ""ל",false,1,14.90,2.98,true,1,
4005900547316,false,דאו ספריי  בלק אנד וויט סילק אישה,אלפא ב.ד.ף בעמ,,,"י""ח",1.50,"ל 100 מ""ל",false,1,12.90,8.60,true,1,
4005900555915,false,"תחליב רחצה RELAXING MOMENTS 750מ""ל קוקוס",אלפא ב.ד.ף בעמ,,,"י""ח",7.50,"ל 100 מ""ל",false,1,15.90,2.12,true,1,
4005900648181,false,"ניוואה תחליב רחצה 750מ""ל אלוורה",אלפא ב.ד.ף בעמ,,,"י""ח",7.50,"ל 100 מ""ל",false,1,15.90,2.12,true,1,
4005900683908,false,שפתון לבלו סקראב ווילד רוז בליסטר,אלפא ב.ד.ף בעמ,,,"י""ח",1,"י""ח",false,1,9.90,9.90,true,1,
4005900803283,false,"ניוואה רוז קר קרם לחות 50מ""ל",אלפא ב.ד.ף בעמ,,,"י""ח",0.50,"ל 100 מ""ל",false,1,39.90,79.80,true,1,
4005900816016,false,דאו  ספריי לאשה פרש,אלפא ב.ד.ף בעמ,,,"י""ח",1.50,"ל 100 מ""ל",false,1,12.90,8.60,true,1,
4005900825278,false,ניוואה היידרה סקין אפקט מסכת 20שניות עם,אלפא ב.ד.ף בעמ,,,"י""ח",1,"ל 100 מ""ל",false,1,39.90,39.90,true,1,
4005900828088,false,דאו  רול און לגבר פרש,אלפא ב.ד.ף בעמ,,,"י""ח",0.50,"ל 100 מ""ל",false,1,12.90,25.80,true,1,
4005900835642,false,"ניוואה ניקוי חימר 3ב1ש 150מ""ל",אלפא ב.ד.ף בעמ,,,"י""ח",1.50,"ל 100 מ""ל",false,1,25,16.67,true,1,
4005900845702,false,"דאו רול און  קול קיק פרש 50מ""ל",אלפא ב.ד.ף בעמ,,,"י""ח",0.50,"ל 100 מ""ל",false,1,12.90,25.80,true,1,
4005900874931,false,"ניוואה מן דאו  ספריי דיפ ביט לגבר 150מ""ל",אלפא ב.ד.ף בעמ,,,"י""ח",1.50,"ל 100 מ""ל",false,1,12.90,8.60,true,1,
4005900874962,false,ניוואה מן דאו רול דיפ ביט לגבר 150מ,אלפא ב.ד.ף בעמ,,,"י""ח",1.50,"ל 100 מ""ל",false,1,12.90,8.60,true,1,
4006387085407,false,פילטר מקסטרה (מארז שלישייה),סודה סטרים ישראל בעמ,,,"י""ח",1,,false,1,99.90,99.90,true,1,
4006529002170,false,עוגיות גולד רינג  400ג,יעד ממתקים בעמ,,,"י""ח",0.93,ל 100 גרם,false,1,8.90,9.57,true,1,
4008287058161,false,קרומבאכר פילס 4.8%  0.33ל בקבוק 1/6,אגודת הכורמים -כרמל מזרחי,,,"י""ח",1.98,ליטר,false,1,29.90,14.19,true,1,
4008287905786,false,קרומבאכר חיטה פחית בודד 0.5ל,אגודת הכורמים -כרמל מזרחי,,,"י""ח",0.50,"ל 100 מ""ל",false,1,9.90,19.20,true,1,
4009900013581,false,מארז חמישיית אורביט סטיקס ספירמינט,"מרס ריגלי ישראל בע""מ",,,"י""ח",5,"י""ח",false,1,9.90,1.98,false,1,
4009900402965,false,אורביט בקבוקון WHITE טעם פירות,"מרס ריגלי ישראל בע""מ",,,"י""ח",0.90,ל 100 גרם,false,1,10.50,11.67,true,1,
4009900403023,false,אורביט בקבוקון WHITE טעם מנטה,"מרס ריגלי ישראל בע""מ",,,"י""ח",0.90,ל 100 גרם,false,1,10.50,11.67,true,1,
4009900420129,false,אורביט בקבוקון פרופשיונל פפרמינט,"מרס ריגלי ישראל בע""מ",,,"י""ח",0.90,ל 100 גרם,false,1,10.50,11.67,true,1,
4009900426039,false,איירוויבז בקבוקון טעם מנטה אקליפטוס,"מרס ריגלי ישראל בע""מ",,,"י""ח",0.90,ל 100 גרם,false,1,10.50,11.67,true,1,
4009900426121,false,איירוויבז בקבוקון טעם אוכמניות,"מרס ריגלי ישראל בע""מ",,,"י""ח",0.90,ל 100 גרם,false,1,10.50,11.67,true,1,
4009900479998,false,אורביט בקבוקון WHITE טעם אוכמניות,"מרס ריגלי ישראל בע""מ",,,"י""ח",0.90,ל 100 גרם,false,1,10.50,11.67,true,1,
4009900482417,false,אורביט בקבוקון באבל מינט,"מרס ריגלי ישראל בע""מ",,,"י""ח",0.90,ל 100 גרם,false,1,10.50,11.67,true,1,
4009900484060,false,אורביט בקבוק 60יח פפרמינט,"מרס ריגלי ישראל בע""מ",,,"י""ח",0.84,ל 100 גרם,false,1,13,15.48,false,1,
4009900484091,false,אורביט בקבוק 60יח ספירמינט,"מרס ריגלי ישראל בע""מ",,,"י""ח",0.84,ל 100 גרם,false,1,13,15.48,false,1,
4009900484305,false,אורביט בקבוק 60יח סוויטמינט,"מרס ריגלי ישראל בע""מ",,,"י""ח",0.84,ל 100 גרם,false,1,13,15.48,false,1,
4009900487283,false,מארז חמישיית אורביט סטיקס פירות,"מרס ריגלי ישראל בע""מ",,,"י""ח",5,"י""ח",false,1,9.90,1.98,false,1,
4009900509770,false,אורביט בקבוק 60יח בטעם תות,"מרס ריגלי ישראל בע""מ",,,"י""ח",0.84,ל 100 גרם,false,1,13,15.48,false,1,
4009900514996,false,אורביט  בקבוקון תות,"מרס ריגלי ישראל בע""מ",,,"י""ח",0.90,ל 100 גרם,false,1,10.50,11.67,true,1,
4009900521581,false,אורביט סוכריות מינטס מנטה,"מרס ריגלי ישראל בע""מ",,,"י""ח",0.77,ל 100 גרם,false,1,9.90,12.86,true,1,
4009900521611,false,אורביט סוכריות מינטס דובדבן,"מרס ריגלי ישראל בע""מ",,,"י""ח",0.77,ל 100 גרם,false,1,9.90,12.86,true,1,
4009900531122,false,אורביט בקבוקון פרופשיונל ספירמינט,"מרס ריגלי ישראל בע""מ",,,"י""ח",0.90,ל 100 גרם,false,1,10.50,11.67,true,1,
4009900535519,false,אורביט רפרשרס פפרמינט HP,"מרס ריגלי ישראל בע""מ",,,"י""ח",0.15,ל 100 גרם,false,1,3.90,26,false,1,
4009900536257,false,אורביט רפרשרס פפרמינט בקבוקון,"מרס ריגלי ישראל בע""מ",,,"י""ח",0.67,ל 100 גרם,false,1,11.90,17.76,false,1,
4009900539685,false,פייב באונס בטעם מנטה בקבוקון,"מרס ריגלי ישראל בע""מ",,,"י""ח",0.67,ל 100 גרם,false,1,11.90,17.76,true,1,
4009900539746,false,פייב באונס בטעם אבטיח בקבוקון,"מרס ריגלי ישראל בע""מ",,,"י""ח",0.67,ל 100 גרם,false,1,11.90,17.76,true,1,
4011800528416,false,חטיף קורני בייס סויט סולט 150גר,מ.סידס ובנו בעמ,,,"י""ח",1.50,ל 100 גרם,false,1,11.90,7.93,true,1,
4011800567613,false,קורני מילק דארק 120 גרם,מ.סידס ובנו בעמ,,,"י""ח",1,,false,1,14.80,14.80,true,1,
4011800568610,false,קורני מילק קלאסיק 120 ג`,מ.סידס ובנו בעמ,,,"י""ח",1,,false,1,14.80,14.80,true,1,
4011800577810,false,קורני פרי נוגט 120 ג,מ.סידס ובנו בעמ,,,"י""ח",1.20,ל 100 גרם,false,1,14.80,12.33,true,1,
4011800628512,false,קורני בייס שוקו 150 ג,מ.סידס ובנו בעמ,,,"י""ח",1.50,ל 100 גרם,false,1,11.90,7.93,true,1,
4011800629519,false,קורני בייס נאטס 150 ג,מ.סידס ובנו בעמ,,,"י""ח",1.50,ל 100 גרם,false,1,14.80,9.87,true,1,
4011800630515,false,קורני בייס שוק בננה 150 ג,מ.סידס ובנו בעמ,,,"י""ח",1.50,ל 100 גרם,false,1,11.90,7.93,true,1,
4011800632519,false,קורני בייס קוקונט 150ג`,מ.סידס ובנו בעמ,,,"י""ח",1.50,ל 100 גרם,false,1,11.90,7.93,true,1,
4011800633516,false,קורני בייס דרק שוק 138 ג`,מ.סידס ובנו בעמ,,,"י""ח",6,"י""ח",false,1,11.90,1.98,true,1,
4011800636517,false,קורני פרי עם שוקולד חלב 6  יח`ללא סוכ,מ.סידס ובנו בעמ,,,"י""ח",6,"י""ח",false,1,11.90,1.98,true,1,
4011800637514,false,קורני פרי ואיט שוקו 120ג,מ.סידס ובנו בעמ,,,"י""ח",1.50,ל 100 גרם,false,1,14.80,9.87,true,1,
4014400144078,false,קנופרס שלשה 75ג,ליימן שליסל,,,"י""ח",0.75,ל 100 גרם,false,1,7.90,10.53,false,1,
4014400901788,false,"סוכריות וורטר חמאה 1ק""ג",ליימן שליסל,,,"י""ח",1,"ק""ג",false,1,29.90,29.90,false,1,
4014400904277,false,אייספרש 425 ג,ליימן שליסל,,,"י""ח",4.25,ל 100 גרם,false,1,14.90,3.51,true,1,
4014400904376,false,שוקולדן 325 גרם.,ליימן שליסל,,,"י""ח",3.25,ל 100 גרם,false,1,14.90,4.58,true,1,
4014400904390,false,וולמילש 325 גרם,ליימן שליסל,,,"י""ח",3.25,ל 100 גרם,false,1,14.90,4.58,true,1,
4014400910063,false,וורטר טופי 135גר`,ליימן שליסל,,,"י""ח",1.35,ל 100 גרם,false,1,8.90,6.59,true,1,
4014400913910,false,וורטר במילוי קרם 125ג,ליימן שליסל,,,"י""ח",1.35,ל 100 גרם,false,1,8.90,6.59,true,1,
4014400914696,false,וורטל ללא סוכר שקית 80גר`,ליימן שליסל,,,"י""ח",1,,false,1,8.90,8.90,true,1,
4014400914924,false,וורטל ללא סוכר קפה 80גר`,ליימן שליסל,,,"י""ח",1,,false,1,8.90,8.90,true,1,
4014400920857,false,וורטל ללא סוכר טעם שוקולד שקית 70גר`,ליימן שליסל,,,"י""ח",0.70,ל 100 גרם,false,1,8.90,12.71,true,1,
4014400923711,false,טופיפי 125 גרם,ליימן שליסל,,,"י""ח",1.25,ל 100 גרם,false,1,11.90,9.52,true,1,
4014400929010,false,וופל מיניס קנופרס 200ג,ליימן שליסל,,,"י""ח",2,ל 100 גרם,false,1,17.90,8.95,false,1,
4015000280211,false,דאו`רול און פה 50 מ``ל,הנקל סוד בעמ,,,"י""ח",1,,false,1,10.90,10.90,true,1,
4015000615884,false,דאו`ספריי פה לימון 200 מ``ל,הנקל סוד בעמ,,,"י""ח",2,"ל 100 מ""ל",false,1,10.90,5.45,true,1,
4015000615921,false,דאו`ספריי פה ספורט 200 מ``ל,הנקל סוד בעמ,,,"י""ח",1,,false,1,10.90,10.90,true,1,
4015000976268,false,"שמפו גליס  400מ""ל  MILLION GLOSS",הנקל סוד בעמ,,,"י""ח",4,"ל 100 מ""ל",false,1,16.90,4.23,true,1,
4015000995122,false,פה דאורדורנט ספר,הנקל סוד בעמ,,,"י""ח",2,"ל 100 מ""ל",false,1,10.90,5.45,true,1,
4015000996204,false,"שמפו גליס  400מ""ל   ULTIMATE OIL",הנקל סוד בעמ,,,"י""ח",4,"ל 100 מ""ל",false,1,18.90,4.73,true,1,
4015000996273,false,"מרכך גליס  400מ""ל   ULTIMATE OIL",הנקל סוד בעמ,,,"י""ח",4,"ל 100 מ""ל",false,1,16.90,4.23,true,1,
4015000997430,false,"דאודורנט ספריי FA 200מ""ל",הנקל סוד בעמ,,,"י""ח",2,"ל 100 מ""ל",false,1,9.90,4.95,true,1,
4015100190762,false,"מכסה גליס 300מ""ל שתמצית שמן",הנקל סוד בעמ,,,"י""ח",3,"ל 100 מ""ל",false,1,22.90,7.63,true,1,
4015100190793,false,"מכסה גליס 300מ""ל שיקום",הנקל סוד בעמ,,,"י""ח",3,"ל 100 מ""ל",false,1,22.90,7.63,true,1,
4015400564034,false,אולדייז מגה פק לונג פלוס 58 יח`***,דיפלומט מפיצים 1968 בעמ,,,"י""ח",58,"י""ח",false,1,19.90,0.34,true,1,
4015400564454,false,אולדייז מגה פק  לארג `68יח`***,דיפלומט מפיצים 1968 בעמ,,,"י""ח",1,,false,1,19.90,19.90,true,1,
4015400681670,false,אולוויז לילה בטוח 18יח,דיפלומט מפיצים 1968 בעמ,,,"י""ח",1,,false,1,19.90,19.90,true,1,
4015400715290,false,טמפקס קומפאק סופר פלוס 22יח,דיפלומט מפיצים 1968 בעמ,,,"י""ח",1,,false,1,26.90,26.90,false,1,
4015400731719,false,אולוויז וליו פק  לילה 20יח`,דיפלומט מפיצים 1968 בעמ,,,"י""ח",1,,false,1,19.90,19.90,true,1,
4015400746812,false,אולדייז מגה פק נורמל 80יח`***,דיפלומט מפיצים 1968 בעמ,,,"י""ח",80,"י""ח",false,1,19.90,0.25,true,1,
4015400755241,false,אולוויז וליו פק  נורמל פלוס 28יח`.,דיפלומט מפיצים 1968 בעמ,,,"י""ח",1,,false,1,19.90,19.90,true,1,
4015400755487,false,אולוויז וליו פק  לונג פלוס  24יח`,דיפלומט מפיצים 1968 בעמ,,,"י""ח",1,,false,1,19.90,19.90,true,1,
4015400824725,false,טמפקס פלאש סופר 30 יח,דיפלומט מפיצים 1968 בעמ,,,"י""ח",1,,false,1,34.90,34.90,false,1,
4015400824725,false,טמפקס פלאש סופר 30 יח,דיפלומט מפיצים 1968 בעמ,,,"י""ח",1,,false,1,34.90,34.90,false,1,
4015400990482,false,"אריאל אבקת כביסה קולור 3ק""ג",דיפלומט מפיצים 1968 בעמ,,,"י""ח",3,"ק""ג",false,1,33.90,11.30,false,1,
4015600762742,false,"הד שולדרס שמפו קלאסי  500מ""ל",דיפלומט מפיצים 1968 בעמ,,,"י""ח",5,"ל 100 מ""ל",false,1,21.90,4.38,false,1,
4015600762780,false,"הד שולדרס 2ב1 קלאסי  500מ""ל",דיפלומט מפיצים 1968 בעמ,,,"י""ח",5,"ל 100 מ""ל",false,1,21.90,4.38,false,1,
4015600762902,false,"הד שולדרס שמפו מנטול 500מ""ל.",דיפלומט מפיצים 1968 בעמ,,,"י""ח",5,"ל 100 מ""ל",false,1,21.90,4.38,false,1,
4015600762940,false,"הד שולדרס שמפו תפוח   500מ""ל",דיפלומט מפיצים 1968 בעמ,,,"י""ח",5,"ל 100 מ""ל",false,1,21.90,4.38,false,1,
4015600763022,false,"הד שולדרס שמפו מגע משי  500מ""ל",דיפלומט מפיצים 1968 בעמ,,,"י""ח",5,"ל 100 מ""ל",false,1,21.90,4.38,false,1,
4015600766900,false,"הד שולדרס שמפו 2ב1 מנטול 500מ""ל",דיפלומט מפיצים 1968 בעמ,,,"י""ח",5,"ל 100 מ""ל",false,1,21.90,4.38,false,1,
4017100160417,false,גלילי וופל במילוי קרם וניל 75 גרם,ליימן שליסל,,,"י""ח",1,ל 100 גרם,false,1,9.90,9.90,true,1,
4017100198151,false,היט באלזן וניל 220 גר,ליימן שליסל,,,"י""ח",2.20,ל 100 גרם,false,1,7.90,3.59,true,1,
4017100364112,false,היט באלזן קקאו 220 גר,ליימן שליסל,,,"י""ח",2.20,ל 100 גרם,false,1,7.90,3.59,true,1,
4022025261002,false,יין בלו ווין גוורצטרמינר,היכל היין שקד גולן בעמ,,,"י""ח",7.50,"ל 100 מ""ל",false,1,49.90,6.61,true,1,
4023800012055,false,מרציפן מצופה 50ג,שוקוטרייד בעמ,,,"י""ח",0.50,ל 100 גרם,false,1,5.90,11.80,false,1,
4023800101902,false,טבלאות מרציפן מצופה שוקולד חלב  100ג,שוקוטרייד בעמ,,,"י""ח",1,ל 100 גרם,false,1,10.90,10.90,false,1,
4023800201909,false,טבלאות מרציפן מצופה  שוקולד מריר100ג,שוקוטרייד בעמ,,,"י""ח",1,ל 100 גרם,false,1,10.90,10.90,false,1,
4023800592120,false,מרציפן מצופה 125ג אננס,שוקוטרייד בעמ,,,"י""ח",1.25,ל 100 גרם,false,1,10.90,8.72,false,1,
4023800601907,false,טבלאות שוקולד חלב קרם קפה 100ג,שוקוטרייד בעמ,,,"י""ח",1,ל 100 גרם,false,1,10.90,10.90,false,1,
4023800792124,false,מרציפן מצופה 125ג אגוזי מלך,שוקוטרייד בעמ,,,"י""ח",1.25,ל 100 גרם,false,1,10.90,8.72,false,1,
4025700001962,false,שוקולד מילקה לבן 100ג,דיפלומט בעמ,,,"י""ח",1,ל 100 גרם,false,1,6.50,6.50,true,1,
4033100014475,false,אל די אדום 10 יחידות,גלוברנדס בעמ,,,"י""ח",1,,false,1,272.90,272.90,false,1,
4033100014529,false,אל די סלימס בודד,גלוברנדס בעמ,,,"י""ח",1,,false,1,25,25,false,1,
4033100024269,false,וינסטון אקווה 10 יחידות,גלוברנדס בעמ,,,"י""ח",1,,false,1,304.90,304.90,false,1,
4033100046490,false,וינסטון אקווה ארוך,גלוברנדס בעמ,,,"י""ח",1,,false,1,31,31,false,1,
4037719068508,false,קוונדיש סוכריות בפחית תות לימון,שוקוטרייד בעמ,,,"י""ח",2,ל 100 גרם,false,1,10.90,5.45,false,1,
4037719068515,false,קוונדיש סוכריות בפחית אוכמניות תפוח,שוקוטרייד בעמ,,,"י""ח",2,ל 100 גרם,false,1,10.90,5.45,false,1,
4037719068522,false,קוונדיש סוכריות בפחית דובדבן ליים,שוקוטרייד בעמ,,,"י""ח",2,ל 100 גרם,false,1,10.90,5.45,false,1,
4045787068221,false,צבע לשיער פרוטאין קולור שחור 1,הנקל סוד בעמ,,,"י""ח",1,,false,1,11.90,11.90,true,1,
4066600999614,false,"פאולנר בקבוק 500 מ""ל",טמפו משקאות בעמ,,,"י""ח",5,"ל 100 מ""ל",false,1,12,2.34,true,1,
4067700014849,false,"ליקר ייגרמייסטר 700מ""ל",הכרם משקאות חריפים בעמ,,,"י""ח",7,"ל 100 מ""ל",false,1,79.90,11.37,true,1,
4072700001188,false,"בירה פרנסיסקאנר כהה 500מ""ל בקבוק",הכרם משקאות חריפים בעמ,,,"י""ח",5,"ל 100 מ""ל",false,1,10.90,2.12,true,1,
4084500065536,false,"פנטן קרם לחות לשיער  300מ""ל",דיפלומט מפיצים 1968 בעמ,,,"י""ח",3,"ל 100 מ""ל",false,1,17.90,5.97,false,1,
4084500065598,false,"פנטן קרם לחות לשיער  300מ""ל",דיפלומט מפיצים 1968 בעמ,,,"י""ח",3,"ל 100 מ""ל",false,1,17.90,5.97,false,1,
4084500088917,false,"~פיירי לימון 650מ""ל",דיפלומט מפיצים 1968 בעמ,,,"י""ח",6.50,"ל 100 מ""ל",false,1,9.90,1.52,false,1,
4084500149526,false,טייד ג`ל 2.48 ליטר,דיפלומט מפיצים 1968 בעמ,,,"י""ח",2.48,ליטר,false,1,29.90,12.06,false,1,
4084500739253,false,אורל בי משחת שיניים להלבנה,דיפלומט מפיצים 1968 בעמ,,,"י""ח",1.24,ל 100 גרם,false,1,15.90,12.82,true,1,
4084500853553,false,"פיירי אוריגינל 650מ""ל",דיפלומט מפיצים 1968 בעמ,,,"י""ח",1.24,ליטר,false,1,9.90,7.98,false,1,
4084500853836,false,"פיירי ורדים ומשי 515מ""ל",דיפלומט מפיצים 1968 בעמ,,,"י""ח",1.24,ליטר,false,1,9.90,7.98,false,1,
4084500853898,false,"פיירי אלוורה ומלפפונים 515מ""ל.",דיפלומט מפיצים 1968 בעמ,,,"י""ח",5.15,"ל 100 מ""ל",false,1,9.90,1.92,false,1,
4084500854048,false,פיירי לימון 1.24ליטר.,דיפלומט מפיצים 1968 בעמ,,,"י""ח",1.24,ליטר,false,1,14.90,12.02,true,1,
4084500920880,false,פיירי אוריגינל 1.24ליטר,דיפלומט מפיצים 1968 בעמ,,,"י""ח",1.24,ליטר,false,1,14.90,12.02,true,1,
4100130937163,false,"בירה בק`ס שישייה 275מ""ל",הכרם משקאות חריפים בעמ,,,"י""ח",1.65,ליטר,false,1,23.70,13.27,false,1,
4105120623941,false,"בירה ויינשטפן בקבוק 500מ""ל",חברה המרכזית להפצת משקאות בעמ,,,"י""ח",5,"ל 100 מ""ל",false,1,11.90,2.32,true,1,
4603400000043,false,וודקה רוסקי סטנדרט 700.,יורוסטנדרט בעמ,,,"י""ח",7,"ל 100 מ""ל",false,1,69.90,9.94,false,1,
4603928000976,false,"וודקה בלוגה 700מ""ל",טמפו משקאות בעמ,,,"י""ח",7,"ל 100 מ""ל",false,1,119.90,17.09,true,1,
4630139071136,false,שמן חמניות  1  ליטר(ישראבר),ישרא-בר שמנים ותבואות בעמ,,,"י""ח",1,ליטר,false,1,8.90,8.90,false,1,
4640018993343,false,פיניש קוואנטום 30 קפסולות בשקית,רקיט בנקיזר (ניר איסט) בעמ,,,"י""ח",30,"י""ח",false,1,34.90,1.16,true,1,
4640018993398,false,פיניש קוואנטום 60 קפסולות בשקית,רקיט בנקיזר (ניר איסט) בעמ,,,"י""ח",45,"י""ח",false,1,54.90,1.22,true,1,
4710068001692,false,מאסטר קפה לאטה 240מל פחית,טמפו משקאות בעמ,,,"י""ח",2.40,"ל 100 מ""ל",false,1,6.30,2.63,true,1,
4710068001715,false,"מאסטר קפה טרמיסו 240מ""ל",טמפו משקאות בעמ,,,"י""ח",2.40,"ל 100 מ""ל",false,1,6.30,2.63,true,1,
4710068003313,false,מאסטר קפה אמריקטה 240מל פחית,טמפו משקאות בעמ,,,"י""ח",2.40,"ל 100 מ""ל",false,1,6.30,2.63,true,1,
4710964104916,false,"שמן שומשום טהור 370מ""ל",מזרח ומערב יבוא ושיווק,,,"י""ח",3.70,"ל 100 מ""ל",false,1,22.90,6.19,false,1,
4710964170799,false,שומשום שחור קלוי 91 גרם,מזרח ומערב יבוא ושיווק,,,"י""ח",0.91,ל 100 גרם,false,1,16.90,18.57,false,1,
4750021000133,false,"וודקה סטולי 500מ""ל",הכרם משקאות חריפים בעמ,,,"י""ח",5,"ל 100 מ""ל",false,1,51.20,10.18,true,1,
4751007730938,false,שפרוטים מעושנים בשמן צמחי 240גר`,דברים טובים סגל ~~~,,,"י""ח",2.40,ל 100 גרם,false,1,9,3.75,true,1,
4791021002789,false,תה ירוק 100 שקיקים,דברים טובים סגל ~~~,,,"י""ח",1,ל 100 גרם,false,1,19.90,19.90,true,1,
4791021003588,false,תה צהוב 1.5 גרם,דברים טובים סגל ~~~,,,"י""ח",1.50,ל 100 גרם,false,1,11,7.33,true,1,
4791021004462,false,תה ירוק תפוח    2ג 25שקיות 1/6,דברים טובים סגל ~~~,,,"י""ח",25,"י""ח",false,1,10.90,0.44,true,1,
4791021004479,false,תה ירוק אפרסק    2ג 25שקיות 1/6,דברים טובים סגל ~~~,,,"י""ח",25,"י""ח",false,1,10.90,0.44,true,1,
4791021004530,false,תה ירוק אוכמניות  2ג 25שקיות 1/6,דברים טובים סגל ~~~,,,"י""ח",25,"י""ח",false,1,10.90,0.44,true,1,
4791021006695,false,תה ירוק יסמין 2ג 25שקיות 1/6,דברים טובים סגל ~~~,,,"י""ח",25,"י""ח",false,1,10.90,0.44,true,1,
4791021009399,false,תה ירוק    2ג 25שקיות 1/6,דברים טובים סגל ~~~,,,"י""ח",25,"י""ח",false,1,10.90,0.44,true,1,
4791021901983,false,תה ירוק    25+5ש צאי מסלה,דברים טובים סגל ~~~,,,"י""ח",25,"י""ח",false,1,10.90,0.44,true,1,
4791021944720,false,תה ארלגרי 2 גרם  100,דברים טובים סגל ~~~,,,"י""ח",2,ל 100 גרם,false,1,19.90,9.95,true,1,
4800888150080,false,דאב דאו רול און,"יוניליוור ישראל שיווק בע""מ",,,"י""ח",1,,false,1,19.90,19.90,true,1,
4800888219534,false,דאו סטיק דאב 50ג.,"יוניליוור ישראל שיווק בע""מ",,,"י""ח",0.76,ל 100 גרם,false,1,14.90,19.61,true,1,
4800888219541,false,רקסונה סטיק נשים פאודר דרי 50גר,"יוניליוור ישראל שיווק בע""מ",,,"י""ח",1,"י""ח",false,1,14.90,14.90,true,1,
4810168018795,false,חתיכות פילה דג הרינג מלוח מצונן 200גר,*346650,,,"י""ח",2,ל 100 גרם,false,1,12.90,6.45,true,1,
4810168045555,false,פילה סלמון מלוח פ.קפוא 100ג מוכן לאכיל,*346650,,,"י""ח",1,ל 100 גרם,false,1,22.90,22.90,false,1,
4810168045562,false,פילה סלמון מעושן פ.קפוא 100ג מוכן לאכילה,*346650,,,"י""ח",1,ל 100 גרם,false,1,22.90,22.90,false,1,
4810168045579,false,פילה פורל מלוח פ.קפוא 100ג מוכן לאכילה,*346650,,,"י""ח",1,ל 100 גרם,false,1,22.90,22.90,false,1,
4810168045586,false,פילה פורל מעושן פ.קפוא 100ג מוכן לאכילה,*346650,,,"י""ח",1,ל 100 גרם,false,1,22.90,22.90,false,1,
4810168045593,false,פילה סלמון מלוח קפוא 200ג מוכן לאכילה,*346650,,,"י""ח",2,ל 100 גרם,false,1,42.90,21.45,false,1,
4810168045609,false,פילה סלמון מעושן קפוא 200ג מוכן לאכילה,*346650,,,"י""ח",2,ל 100 גרם,false,1,42.90,21.45,false,1,
4810168045616,false,פילה פורל מלוח קפוא 200גר מוכן לאכילה,*346650,,,"י""ח",2,ל 100 גרם,false,1,42.90,21.45,false,1,
4810168045623,false,פילה פורל מעושן קפוא 200ג מוכן לאכילה,*346650,,,"י""ח",2,ל 100 גרם,false,1,42.90,21.45,false,1,
4810168047368,false,בצק שמרים עלים מרודד מוקפא  450גר,*346650,,,"י""ח",4.50,ל 100 גרם,false,1,8.90,1.98,true,1,
4810168051570,false,"בלינצ`ס במילוי תפו""ע וקינמון 360גר קפוא",*346650,,,"י""ח",3.60,ל 100 גרם,false,1,13.90,3.86,true,1,
4810168052270,false,עלי בלינצ`ס 320גר מוקפאים,*346650,,,"י""ח",3.20,ל 100 גרם,false,1,9.90,3.09,false,1,
4810168055028,false,כיסונים במילוי דובדבנים 450גר קפוא,*346650,,,"י""ח",4.50,ל 100 גרם,false,1,15.90,3.53,true,1,
4810168055073,false,"כיסונים במילוי תפו""א ובצל 450גר קפוא",*346650,,,"י""ח",4.50,ל 100 גרם,false,1,12.90,2.87,true,1,
4810168055080,false,כיסונים במילוי כרוב ופטריות 450גר קפוא,*346650,,,"י""ח",4.50,ל 100 גרם,false,1,12.90,2.87,true,1,
4810168057510,false,חתיכות פילה הרינג מתובל מלוח בשמן 400גר,*346650,,,"י""ח",4,ל 100 גרם,false,1,25.90,6.48,true,1,
4820217240114,false,חמאה  200גר  Ferma 82.5%,*346650,,,"י""ח",2,ל 100 גרם,false,1,8.90,4.45,false,1,
4823077612732,false,רושן סוכריות בטעם פירות 200גר  Bim Bom,דילר בי.אמ.די.אינטרנשיונל בעמ,,,"י""ח",2,ל 100 גרם,false,1,4.90,2.45,true,1,
4823077613203,false,שוקולד רושן מריר עם אגוז שלם 90גר,דילר בי.אמ.די.אינטרנשיונל בעמ,,,"י""ח",0.90,ל 100 גרם,false,1,7.90,8.78,true,1,
4823077613630,false,חטיף שוקולד רושן ממולא קרם ברולה 43גר,דילר בי.אמ.די.אינטרנשיונל בעמ,,,"י""ח",0.40,ל 100 גרם,false,1,3.90,9.75,true,1,
4823077614675,false,ביסקוויט לקפה רושן בטעם חלב 185ג,דילר בי.אמ.די.אינטרנשיונל בעמ,,,"י""ח",1.85,ל 100 גרם,false,1,3.90,2.11,true,1,
4823077614699,false,ביסקוויט לקפה רושן בטעם חמאה וניל 185ג,דילר בי.אמ.די.אינטרנשיונל בעמ,,,"י""ח",1.85,ל 100 גרם,false,1,3.90,2.11,true,1,
4823077614767,false,שוקולד רושן חלב נוגט טעם אגוזי לוז 90גר,דילר בי.אמ.די.אינטרנשיונל בעמ,,,"י""ח",0.90,ל 100 גרם,false,1,4.90,5.44,true,1,
4823077614804,false,שוקולד רושן חלב נוגט טעם אוכמניות כחול,דילר בי.אמ.די.אינטרנשיונל בעמ,,,"י""ח",0.90,ל 100 גרם,false,1,4.90,5.44,true,1,
4823077617041,false,חטיף שוקולד רושן ממולא קרם קרמל 43גר,דילר בי.אמ.די.אינטרנשיונל בעמ,,,"י""ח",0.43,ל 100 גרם,false,1,3.90,9.07,true,1,
4823077618161,false,"וופל  רול""קונאפטו"" חלב 140גר",דילר בי.אמ.די.אינטרנשיונל בעמ,,,"י""ח",1.40,ל 100 גרם,false,1,6.90,4.93,true,1,
4823077621635,false,וופל רושן בטעם חלב 72גר,דילר בי.אמ.די.אינטרנשיונל בעמ,,,"י""ח",0.72,ל 100 גרם,false,1,3.90,5.42,true,1,
4823077621642,false,וופל רושן בטעם שוקולד 72גר,דילר בי.אמ.די.אינטרנשיונל בעמ,,,"י""ח",0.72,ל 100 גרם,false,1,3.90,5.42,true,1,
4823077621659,false,וופל רושן בטעם אגוז 72גר,דילר בי.אמ.די.אינטרנשיונל בעמ,,,"י""ח",0.72,ל 100 גרם,false,1,3.90,5.42,true,1,
4823077624223,false,"רושן סוכריות  ג`לי""בוני   פרוט""פירות",דילר בי.אמ.די.אינטרנשיונל בעמ,,,"י""ח",2,ל 100 גרם,false,1,6.90,3.45,true,1,
4823077624247,false,"רושן סוכריות  ג`לי""בוני   פרוט""טעם הדרים",דילר בי.אמ.די.אינטרנשיונל בעמ,,,"י""ח",2,ל 100 גרם,false,1,6.90,3.45,true,1,
4823077625589,false,וופל רושן בטעם חלב 216גר,דילר בי.אמ.די.אינטרנשיונל בעמ,,,"י""ח",2.16,ל 100 גרם,false,1,6.90,3.19,true,1,
4823077625602,false,וופל רושן בטעם שוקולד 216גר,דילר בי.אמ.די.אינטרנשיונל בעמ,,,"י""ח",2.16,ל 100 גרם,false,1,6.90,3.19,true,1,
4823077625626,false,וופל רושן בטעם אגוז 216גר,דילר בי.אמ.די.אינטרנשיונל בעמ,,,"י""ח",2.16,ל 100 גרם,false,1,6.90,3.19,true,1,
4823077626203,false,שוקולד רושן אורירי מריר 80גר,דילר בי.אמ.די.אינטרנשיונל בעמ,,,"י""ח",0.80,ל 100 גרם,false,1,6.90,8.63,true,1,
4823077626227,false,שוקולד רושן אורירי חלב 80גר,דילר בי.אמ.די.אינטרנשיונל בעמ,,,"י""ח",0.80,ל 100 גרם,false,1,6.90,8.63,true,1,
4823077626241,false,שוקולד רושן אורירי לבן קרמל 80גר,דילר בי.אמ.די.אינטרנשיונל בעמ,,,"י""ח",0.80,ל 100 גרם,false,1,6.90,8.63,true,1,
4823077626364,false,שוקולד רושן אורירי לבן 80גר,דילר בי.אמ.די.אינטרנשיונל בעמ,,,"י""ח",0.80,ל 100 גרם,false,1,6.90,8.63,true,1,
4823077629136,false,שוקולד רושן חלב 90גר LACMI,דילר בי.אמ.די.אינטרנשיונל בעמ,,,"י""ח",0.85,ל 100 גרם,false,1,6.90,8.12,true,1,
4823077631474,false,קרקר קלאסי רושן 168גר HI DAY,דילר בי.אמ.די.אינטרנשיונל בעמ,,,"י""ח",1.68,ל 100 גרם,false,1,4.90,2.92,true,1,
4823077631856,false,"וופל  רול""קונאפטו"" קוקוס 140גר",דילר בי.אמ.די.אינטרנשיונל בעמ,,,"י""ח",1.40,ל 100 גרם,false,1,6.90,4.93,true,1,
4823077631863,false,"וופל  רול""קונאפטו"" וניל 140גר",דילר בי.אמ.די.אינטרנשיונל בעמ,,,"י""ח",1.40,ל 100 גרם,false,1,6.90,4.93,true,1,
4823077632112,false,וופל רושן בטעם קקאו חלב 216גר,דילר בי.אמ.די.אינטרנשיונל בעמ,,,"י""ח",2.16,ל 100 גרם,false,1,6.90,3.19,true,1,
4823077632259,false,חטיף שוקולד רושן עם בוטנים  43גר,דילר בי.אמ.די.אינטרנשיונל בעמ,,,"י""ח",0.40,ל 100 גרם,false,1,3.90,9.75,true,1,
4823077632570,false,שוקולד רושן מריר 85גר Brut,דילר בי.אמ.די.אינטרנשיונל בעמ,,,"י""ח",0.85,ל 100 גרם,false,1,6.90,8.12,true,1,
4823077633034,false,"וופל  רול""קונאפטו"" קקאו 140גר",דילר בי.אמ.די.אינטרנשיונל בעמ,,,"י""ח",1.40,ל 100 גרם,false,1,6.90,4.93,true,1,
4823077633058,false,"וופל  רול""קונאפטו"" אגוז 140גר",דילר בי.אמ.די.אינטרנשיונל בעמ,,,"י""ח",1.40,ל 100 גרם,false,1,6.90,4.93,true,1,
4823077633317,false,עוגיות Lovita שוקולד עם חתיכות ש. 150ג,דילר בי.אמ.די.אינטרנשיונל בעמ,,,"י""ח",1.50,ל 100 גרם,false,1,6.90,4.60,true,1,
4823077633324,false,עוגיות שוקוצ`יפס  Lovita חתיכות שוקולד,דילר בי.אמ.די.אינטרנשיונל בעמ,,,"י""ח",1.50,ל 100 גרם,false,1,6.90,4.60,true,1,
4823077633331,false,עוגיות רושן  Lovita טעם תפוז 150גר,דילר בי.אמ.די.אינטרנשיונל בעמ,,,"י""ח",1.50,ל 100 גרם,false,1,6.90,4.60,true,1,
4823077633348,false,עוגיות רושן  Lovita עם חתיכות בוטנים,דילר בי.אמ.די.אינטרנשיונל בעמ,,,"י""ח",1.50,ל 100 גרם,false,1,6.90,4.60,true,1,
4823077633508,false,רושן חטיף וופל במילוי קרם קקאו מצופה 3,דילר בי.אמ.די.אינטרנשיונל בעמ,,,"י""ח",0.34,ל 100 גרם,false,1,3.90,11.47,true,1,
4823077633515,false,רושן חטיף וופל במילוי קרם חלבי מצופה,דילר בי.אמ.די.אינטרנשיונל בעמ,,,"י""ח",0.34,ל 100 גרם,false,1,3.90,11.47,true,1,
4823077634178,false,עוגיות רושן במילוי תפוח קינמון 168גר,דילר בי.אמ.די.אינטרנשיונל בעמ,,,"י""ח",1.68,ל 100 גרם,false,1,6.90,4.11,true,1,
4823077634192,false,עוגיות רושן במילוי דובדבן וניל 168גר,דילר בי.אמ.די.אינטרנשיונל בעמ,,,"י""ח",1.68,ל 100 גרם,false,1,6.90,4.11,true,1,
4823077634222,false,עוגיות רושן תפוז 135גר LOVITA,דילר בי.אמ.די.אינטרנשיונל בעמ,,,"י""ח",1.68,ל 100 גרם,false,1,6.90,4.11,true,1,
4823077634246,false,עוגיות רושן פטל 135גר LOVITA,דילר בי.אמ.די.אינטרנשיונל בעמ,,,"י""ח",1.68,ל 100 גרם,false,1,6.90,4.11,true,1,
4823077634277,false,עוגיות רושן תות שדה 135גר LOVITA,דילר בי.אמ.די.אינטרנשיונל בעמ,,,"י""ח",1.68,ל 100 גרם,false,1,6.90,4.11,true,1,
4823077634376,false,שוקולד רושן חלב אוורירי קרם אגוזים,דילר בי.אמ.די.אינטרנשיונל בעמ,,,"י""ח",0.85,ל 100 גרם,false,1,6.90,8.12,true,1,
4823077634741,false,עוגיות רושן במילוי תות שדה 168גר,דילר בי.אמ.די.אינטרנשיונל בעמ,,,"י""ח",1.68,ל 100 גרם,false,1,6.90,4.11,true,1,
4823077635489,false,חטיף וופל קרם קקאו350ג Johny Krocker,דילר בי.אמ.די.אינטרנשיונל בעמ,,,"י""ח",3.50,ל 100 גרם,false,1,14.90,4.26,true,1,
4823077635533,false,חטיף וופל קרם חלב350ג Johny Krocker,דילר בי.אמ.די.אינטרנשיונל בעמ,,,"י""ח",3.50,ל 100 גרם,false,1,14.90,4.26,true,1,
4823077636004,false,עוגיות רושן קקאו דובדבן 135גר LOVITA,דילר בי.אמ.די.אינטרנשיונל בעמ,,,"י""ח",1.68,ל 100 גרם,false,1,6.90,4.11,true,1,
4823077636172,false,וופל רושן בטעם לימון 216גר,דילר בי.אמ.די.אינטרנשיונל בעמ,,,"י""ח",2.16,ל 100 גרם,false,1,6.90,3.19,true,1,
4823077636547,false,סוכריות ממולאות בטעם פירות  468גר BIM,דילר בי.אמ.די.אינטרנשיונל בעמ,,,"י""ח",4.68,ל 100 גרם,false,1,10.90,2.33,true,1,
4823077636578,false,סוכריות טופי כוס חלב 325גר,דילר בי.אמ.די.אינטרנשיונל בעמ,,,"י""ח",3.25,ל 100 גרם,false,1,10.90,3.35,true,1,
4823077636592,false,סוכריות ג`לי 378גר בשקית Crazy bee,דילר בי.אמ.די.אינטרנשיונל בעמ,,,"י""ח",3.78,ל 100 גרם,false,1,10.90,2.88,true,1,
4891199178504,false,סוללות סופר אלקליין(שמינייה) AAA C8,סמיקום לקסיס בעמ,,,"י""ח",1,,false,1,16.90,16.90,true,1,
4891228304119,false,שיק אקזקטה 2 נשים,ש.שסטוביץ בעמ,,,"י""ח",1,,false,1,19.90,19.90,false,1,
4903001904192,false,"רוטב סויה יאמאסה פרימיום 500מ""ל",ליימן שליסל,,,"י""ח",5,"ל 100 מ""ל",false,1,17.90,3.58,false,1,
4903001904208,false,רוטב סויה יאמאסה פרימיום 1 ליטר,ליימן שליסל,,,"י""ח",1,ליטר,false,1,31.90,31.90,false,1,
4903001925784,false,"רוטב סויה יאמאסה דל מלח 500מ""ל פרימיום",ליימן שליסל,,,"י""ח",5,"ל 100 מ""ל",false,1,17.90,3.58,false,1,
5000146057710,false,"ווינדלין 750 מ""ל לניקוי חלונות",רקיט בנקיזר (ניר איסט) בעמ,,,"י""ח",1.50,ליטר,false,1,9.90,6.60,true,1,
5000157143365,false,"מתבל טעם מיונז וקטשופ 425מ""ל",דיפלומט בעמ,,,"י""ח",4.25,ל 100 גרם,false,1,14.90,3.51,false,1,
5000159407236,false,מרס חטיף שוק 51גר,"מרס ריגלי ישראל בע""מ",,,"י""ח",0.51,ל 100 גרם,false,1,4.50,8.82,true,1,
5000159409179,false,סניקרס מיני 403ג שקית,"מרס ריגלי ישראל בע""מ",,,"י""ח",4.03,ל 100 גרם,false,1,18.90,4.69,false,1,
5000159442572,false,טויקס מיני 403ג שקית,"מרס ריגלי ישראל בע""מ",,,"י""ח",4.03,ל 100 גרם,false,1,18.90,4.69,false,1,
5000159452540,false,סניקרס מארז 5 יח,"מרס ריגלי ישראל בע""מ",,,"י""ח",1.80,ל 100 גרם,false,1,12.90,7.17,false,1,
5000159452663,false,מרס מארז 5 יח,"מרס ריגלי ישראל בע""מ",,,"י""ח",1.80,ל 100 גרם,false,1,12.90,7.17,false,1,
5000159459228,false,טוויקס חטיף 50גר,"מרס ריגלי ישראל בע""מ",,,"י""ח",0.50,ל 100 גרם,false,1,4.50,9,true,1,
5000159461122,false,סניקרס חטיף 50גר,"מרס ריגלי ישראל בע""מ",,,"י""ח",0.51,ל 100 גרם,false,1,4.50,8.82,true,1,
5000159538626,false,טוויקס מארז 5 יח,"מרס ריגלי ישראל בע""מ",,,"י""ח",1.80,ל 100 גרם,false,1,12.90,7.17,false,1,
5000159538640,false,באונטי מארז 5 יח,"מרס ריגלי ישראל בע""מ",,,"י""ח",1.80,ל 100 גרם,false,1,12.90,7.17,false,1,
5000159541152,false,טוויקס חטיף 50גר,"מרס ריגלי ישראל בע""מ",,,"י""ח",0.50,ל 100 גרם,false,1,4.50,9,true,1,
5000168199245,false,שוקולד חלב מעולה קרם קרמל 90גר Godi,תה ויסוצקי (ישראל)בעמ,,,"י""ח",0.90,ל 100 גרם,false,1,14.90,16.56,true,1,
5000189974579,false,קיט קט מיני 200גר.,קבוצת אוסם סחר-שות.מוגבלת,,,"י""ח",2,ל 100 גרם,false,1,14.40,7.20,true,1,
5000204155723,false,גלייד מארז אוטומטי מעוצב אקזוטי,דנשר (1963) בעמ,,,"י""ח",2.69,"ל 100 מ""ל",false,1,39.90,14.83,false,1,
5000204243031,false,"טואלט דאק נוזל ירח פורח 750מ""ל",דנשר (1963) בעמ,,,"י""ח",7.50,"ל 100 מ""ל",false,1,8.90,1.19,false,1,
5000204254617,false,דאק סבון מוצק לאסלה ירח פורח 38.6ג,דנשר (1963) בעמ,,,"י""ח",0.30,"ל 100 מ""ל",false,1,8.90,29.67,true,1,
5000204657913,false,קיווי משחת נעליים בקופסא 50גר שחור,דנשר (1963) בעמ,,,"י""ח",0.50,ל 100 גרם,false,1,5.80,11.60,false,1,
5000219120112,false,פאל מאל כחול ארוך סטרים פילטר,גלוברנדס בעמ,,,"י""ח",1,,false,1,290,290,false,1,
5000267024233,false,"וויסקי ג`וני ווקר (בלאק) 700מ""ל 40%",חברה המרכזית להפצת משקאות בעמ,,,"י""ח",7,"ל 100 מ""ל",false,1,119.90,17.09,false,1,
5000289925440,false,"ג`ין גורדונס 700 מ""ל",חברה המרכזית להפצת משקאות בעמ,,,"י""ח",7,"ל 100 מ""ל",false,1,89.90,12.80,false,1,
5000329002193,false,"ג`ין ביפיטר  700מ""ל",טמפו משקאות בעמ,,,"י""ח",7,"ל 100 מ""ל",false,1,100.20,14.27,true,1,
5010038454831,false,"בירה בלו מון 330מ""ל",הכרם משקאות חריפים בעמ,,,"י""ח",3.30,"ל 100 מ""ל",false,1,13.90,4.12,true,1,
5010182997338,false,ג ל דאק,דנשר (1963) בעמ,,,"י""ח",0.55,ל 100 גרם,false,1,9.90,18,false,1,
5010182998847,false,"טואלט דאק נוזל כחול 750מ""ל",דנשר (1963) בעמ,,,"י""ח",7.50,"ל 100 מ""ל",false,1,8.90,1.19,false,1,
5010327000046,false,"וויסקי גרנטס וויסקי 700 מ""ל",הכרם משקאות חריפים בעמ,,,"י""ח",7.50,"ל 100 מ""ל",false,1,65.20,8.65,false,1,
5010677551281,false,"בקרדי בריזר לימון 275 מ""ל",טמפו משקאות בעמ,,,"י""ח",2.75,"ל 100 מ""ל",false,1,14.20,5.05,true,1,
5010677551397,false,"בקרדי בריזר למון ליים 275מ""ל",טמפו משקאות בעמ,,,"י""ח",2.75,"ל 100 מ""ל",false,1,14.20,5.05,true,1,
5010677552387,false,בקרדי בריזר-אננס.,טמפו משקאות בעמ,,,"י""ח",2.75,"ל 100 מ""ל",false,1,14.20,5.05,true,1,
5010677554398,false,"בקרדי בריזר אבטיח 275מ""ל",טמפו משקאות בעמ,,,"י""ח",2.75,"ל 100 מ""ל",false,1,14.20,5.05,true,1,
5010677850100,false,"וודקה צרפתית גריי גוס 700מ""ל",מ.אקרמן בעמ,,,"י""ח",7.50,"ל 100 מ""ל",false,1,109.90,14.61,false,1,
5011007003005,false,"גיימסון 700 מ""ל",טמפו משקאות בעמ,,,"י""ח",7,"ל 100 מ""ל",false,1,99.90,14.23,true,1,
5014271003979,false,מעדן פרי סופר פרוט איכמניות 170ג דלפור,*347470,,,"י""ח",1.70,ל 100 גרם,false,1,15.90,9.35,false,1,
5014271003986,false,מעדן פרי סופר פרוט משמש 170ג דלפור,*347470,,,"י""ח",1.70,ל 100 גרם,false,1,15.90,9.35,false,1,
5014271004228,false,מעדן פרי סופר פרוט דובדבן 170ג דלפור,*347470,,,"י""ח",1.70,ל 100 גרם,false,1,15.90,9.35,false,1,
5014271300429,false,מעדן דלפור משמש 284 ג,*347470,,,"י""ח",2.84,ל 100 גרם,false,1,22.90,8.06,true,1,
5014271310428,false,מעדן דובדבן דלפור,*347470,,,"י""ח",2.84,ל 100 גרם,false,1,22.90,8.06,true,1,
5014271330426,false,מעדן אוכמניות דלפור,*347470,,,"י""ח",2.84,ל 100 גרם,false,1,22.90,8.06,true,1,
5014271350424,false,מעדן דלפור פירות יער,*347470,,,"י""ח",2.84,ל 100 גרם,false,1,22.90,8.06,true,1,
5014271360423,false,מעדן דלפור תפוז 284 ג,*347470,,,"י""ח",2.84,ל 100 גרם,false,1,22.90,8.06,true,1,
5014271370422,false,מעדן אפרסק ללא סוכר,*347470,,,"י""ח",2.84,ל 100 גרם,false,1,22.90,8.06,true,1,
5014271400426,false,מעדן תות שדה דלפור,*347470,,,"י""ח",2.84,ל 100 גרם,false,1,22.90,8.06,true,1,
5017818800116,false,"ד""ר פפר",טמפו משקאות בעמ,,,"י""ח",1,,false,1,5.50,5.50,false,1,
5029053002408,false,קלינקס  נייר טואלט פרימיום לבן 1/9,קימברלי קלארק ישראל שיווק בעמ,,,"י""ח",11.84,ל 100 גרם,false,1,31.90,2.69,false,1,
5029053002439,false,קליניקס נייר טואלט  פרימיום צהוב 1/9.,קימברלי קלארק ישראל שיווק בעמ,,,"י""ח",11.84,ל 100 גרם,false,1,31.90,2.69,false,1,
5029053032658,false,טישו קלינקס 1/8,קימברלי קלארק ישראל שיווק בעמ,,,"י""ח",8,"י""ח",false,1,9.90,1.24,false,1,
5029053039725,false,טישו קלינקס נטורל פרש 72 דף,קימברלי קלארק ישראל שיווק בעמ,,,"י""ח",72,"י""ח",false,1,9.90,0.14,true,1,
5029053510811,false,קוטקס נורמל 28 יחידות,קימברלי קלארק ישראל שיווק בעמ,,,"י""ח",28,"י""ח",false,1,18.90,0.68,true,1,
5029053510828,false,קוטקס סופר 24 יחידות,קימברלי קלארק ישראל שיווק בעמ,,,"י""ח",24,"י""ח",false,1,18.90,0.79,true,1,
5029053523446,false,קוטקס לילה 20 יחידות,קימברלי קלארק ישראל שיווק בעמ,,,"י""ח",20,"י""ח",false,1,18.90,0.95,true,1,
5029053527598,false,דריי נייטס 8-15 בנים,קימברלי קלארק ישראל שיווק בעמ,,,"י""ח",1,"י""ח",false,1,38.90,38.90,false,1,
5029053534596,false,טמפוני נורמל,קימברלי קלארק ישראל שיווק בעמ,,,"י""ח",1,"י""ח",false,1,27.20,27.20,false,1,
5029053535227,false,קוטקס טמפון+מוליך נורמל,קימברלי קלארק ישראל שיווק בעמ,,,"י""ח",1,"י""ח",false,1,21.20,21.20,false,1,
5029054220085,false,מגבוני רך נולד 1/4,קימברלי קלארק ישראל שיווק בעמ,,,"י""ח",4,"י""ח",false,1,29.90,7.48,false,1,
5035766044673,false,"סיידר אלכוהולי 330מ""ל בודד",טמפו משקאות בעמ,,,"י""ח",3.30,"ל 100 מ""ל",false,1,8.20,2.39,false,1,
5035766044772,false,"סיידר אלכוהולי 330מ""ל רביעייה",טמפו משקאות בעמ,,,"י""ח",1.32,ליטר,false,1,31.10,22.65,false,1,
5060517886516,false,"משקה אנרגיה מונסטר זירו פח 500מ""ל",חברה המרכזית להפצת משקאות בעמ,,,"י""ח",5,"ל 100 מ""ל",false,1,7,1.34,false,1,
5060639128051,false,"משקה אנרגיה מונסטר Ultra פח 500מ""ל",חברה המרכזית להפצת משקאות בעמ,,,"י""ח",5,"ל 100 מ""ל",false,1,7,1.34,false,1,
5060639129102,false,"משקה אנרגיה מונסטר מנגו פח 500מ""ל",חברה המרכזית להפצת משקאות בעמ,,,"י""ח",5,"ל 100 מ""ל",false,1,7,1.34,false,1,
5060751219033,false,"משקה אנרגיה מונסטר פח 500מ""ל",חברה המרכזית להפצת משקאות בעמ,,,"י""ח",5,"ל 100 מ""ל",false,1,7,1.34,false,1,
5099864006391,false,סימילאק למהדרין שלב 3 900 ג`,*347430,,,"י""ח",9,ל 100 גרם,false,1,79.90,8.88,false,1,
5200133120476,false,גלילות וופל ממולאים  בטעם אגוזים וקקאו 4,דיפלומט בעמ,,,"י""ח",4,ל 100 גרם,false,1,17.30,4.33,false,1,
5201004020338,false,קפריס רולס קלאסיק 400 גרם,מ.סידס ובנו בעמ,,,"י""ח",4,ל 100 גרם,false,1,20.90,5.23,false,1,
5201304100013,false,"אוזו מיני 700מ""ל",טמפו משקאות בעמ,,,"י""ח",7,"ל 100 מ""ל",false,1,69.90,9.94,false,1,
5201347400545,false,ויט ארומטיק רצועות שעווה לפנים,רקיט בנקיזר (ניר איסט) בעמ,,,"י""ח",1,"י""ח",false,1,19.90,19.90,true,1,
5202390015618,false,צהובה טבעונת אוריגנל 200ג,דיפלומט בעמ,,,"י""ח",2,ל 100 גרם,false,1,19.90,9.95,false,1,
5205427012499,false,מאפה פילו ממולא ביונד מיט 400ג,ג.וילי פוד אינטרנשיונל בעמ,,,"י""ח",4,ל 100 גרם,false,1,35,8.75,true,1,
5205427014899,false,מיני מאפים במילוי ביונד מיט 300ג,ג.וילי פוד אינטרנשיונל בעמ,,,"י""ח",3,ל 100 גרם,false,1,36.90,12.30,false,1,
5391523057929,false,"סימילאק גולד שלב 1 700מ""ל",*347430,,,"י""ח",7,ל 100 גרם,false,1,69.90,9.99,false,1,
5391523057936,false,"סימילאק גולד שלב 2 700מ""ל",*347430,,,"י""ח",7,ל 100 גרם,false,1,69.90,9.99,false,1,
5391523057943,false,"סימילאק גולד שלב 3 700מ""ל",*347430,,,"י""ח",7,ל 100 גרם,false,1,69.90,9.99,false,1,
5391523058063,false,סימילק אדוונס פלוס שלב1 700ג,*347430,,,"י""ח",7,ל 100 גרם,false,1,69.90,9.99,true,1,
5391523058070,false,סימילק אדוונס פלוס שלב3 700ג,*347430,,,"י""ח",7,ל 100 גרם,false,1,69.90,9.99,true,1,
5410076379378,false,"טייד קולור 5ק""ג",דיפלומט מפיצים 1968 בעמ,,,"י""ח",5,"ק""ג",false,1,36.90,7.38,true,1,
5410076933129,false,"אריאל שושן צחור 3ק""ג",דיפלומט מפיצים 1968 בעמ,,,"י""ח",3,"ק""ג",false,1,33.90,11.30,false,1,
5410091648176,false,דאודורנט רול און FA,הנקל סוד בעמ,,,"י""ח",0.50,"ל 100 מ""ל",false,1,10.90,21.80,true,1,
5410091678005,false,"סאיוס ספריי ווליום ליפט  400מ""ל",הנקל סוד בעמ,,,"י""ח",4,"ל 100 מ""ל",false,1,25.90,6.48,true,1,
5410126006360,false,לוטוס עוגיות סנדוויץ מילוי לוטוס 150ג,דיפלומט בעמ,,,"י""ח",1.50,ל 100 גרם,false,1,9.90,6.60,false,1,
5410126106022,false,לוטוס ביסקויט מארז חג 2*250ג.,דיפלומט בעמ,,,"י""ח",5,ל 100 גרם,false,1,17.90,3.58,true,1,
5410126116953,false,ממרח לוטוס קרמל 400ג,דיפלומט בעמ,,,"י""ח",3.12,ל 100 גרם,false,1,22.90,7.34,false,1,
5410126666038,false,עוגיות לוטוס 279ג,דיפלומט בעמ,,,"י""ח",2.79,ל 100 גרם,false,1,14.90,5.34,true,1,
5410126716016,false,לוטוס ביסקויט בטעם קרמל 250 גרם,דיפלומט בעמ,,,"י""ח",2.50,ל 100 גרם,false,1,12.90,5.16,false,1,
5410126726947,false,ממרח  לוטוס קראנץ  עוגיות 380ג,דיפלומט בעמ,,,"י""ח",3.80,ל 100 גרם,false,1,22.90,6.03,false,1,
5410228267515,false,"בירה באדוויזר 1/6 330מ""ל",הכרם משקאות חריפים בעמ,,,"י""ח",1.98,ליטר,false,1,31.70,15.10,true,1,
5410291021991,false,ממרח צ`וקטה אגוזי לוז עם קקאו 700גרם,ש.שסטוביץ בעמ,,,"י""ח",3.85,ל 100 גרם,false,1,17.90,4.65,false,1,
5410291022011,false,ממרח צ`וקטה אגוזי לוז עם קקאו 350גרם,ש.שסטוביץ בעמ,,,"י""ח",3.85,ל 100 גרם,false,1,10.90,2.83,false,1,
5410291022738,false,ממרח צ`וקטה חום לבן  350ג,ש.שסטוביץ בעמ,,,"י""ח",3.50,ל 100 גרם,false,1,10.90,3.11,false,1,
5410291022752,false,ממרח צ`וקטה פרווה 350ג,ש.שסטוביץ בעמ,,,"י""ח",3.50,ל 100 גרם,false,1,10.90,3.11,false,1,
5410291022776,false,ממרח צ`וקטה פרווה 700ג,ש.שסטוביץ בעמ,,,"י""ח",7,ל 100 גרם,false,1,18.90,2.70,false,1,
5410769200088,false,"בירה מק שוף  330מ""ל",הכרם משקאות חריפים בעמ,,,"י""ח",3.30,"ל 100 מ""ל",false,1,14.90,4.42,true,1,
5411188081852,false,חלב סויה וניל 1ליטר,"שטראוס גרופ בע""מ",,,"י""ח",1,ליטר,false,1,15.90,15.90,true,1,
5411188096108,false,אלפרו סויה לבישול  5%,"שטראוס גרופ ***בע""מ",,,"י""ח",2.50,"ל 100 מ""ל",false,1,9.90,3.96,true,1,
5411188110835,false,אלפרו חלב סויה שקדים,"שטראוס גרופ בע""מ",,,"י""ח",1,ליטר,false,1,13.90,13.90,true,1,
5411188112549,false,אלפרו משקה אורז 1ל,"שטראוס גרופ בע""מ",,,"י""ח",1,ליטר,false,1,13.90,13.90,true,1,
5411188112709,false,אלפרו שקדים ללא סוכר 1ל,"שטראוס גרופ בע""מ",,,"י""ח",1,ליטר,false,1,13.90,13.90,true,1,
5411188115366,false,אלפרו משקה שיבולת שועל 1ל,"שטראוס גרופ בע""מ",,,"י""ח",1,ליטר,false,1,13.90,13.90,true,1,
5411188115434,false,אלפרו בריסטה סויה 1ליטר,"שטראוס גרופ בע""מ",,,"י""ח",1,ליטר,false,1,15.90,15.90,true,1,
5411188115472,false,אלפרו סויה 1ל אלפרו,"שטראוס גרופ בע""מ",,,"י""ח",1,ליטר,false,1,13.90,13.90,true,1,
5411188118732,false,אלפרו משקה קוקס שקדים  1ל,"שטראוס גרופ בע""מ",,,"י""ח",1,ליטר,false,1,13.90,13.90,true,1,
5411188120742,false,אלפרו משקה שקדים טעם וניל  1ל,"שטראוס גרופ בע""מ",,,"י""ח",1,ליטר,false,1,13.90,13.90,true,1,
5411188120957,false,"אלפרו קוקוס לבישול 250מ""ל","שטראוס גרופ ***בע""מ",,,"י""ח",2.50,"ל 100 מ""ל",false,1,9.90,3.96,true,1,
5411188122661,false,אלפרו משקה שקדים ללא סוכר 1ל,"שטראוס גרופ בע""מ",,,"י""ח",1,ליטר,false,1,13.90,13.90,true,1,
5411188124689,false,"אלפרו משקה שיבולת שועל לל""ס 1ל","שטראוס גרופ בע""מ",,,"י""ח",1,ליטר,false,1,13.90,13.90,true,1,
5411188124726,false,אלפרו משקה שיבולת שועל שקדים 1ל,"שטראוס גרופ בע""מ",,,"י""ח",1,ליטר,false,1,13.90,13.90,true,1,
5411188126195,false,אלפרו משקה שקדים אורגנו   1ל,"שטראוס גרופ בע""מ",,,"י""ח",1,ליטר,false,1,13.90,13.90,true,1,
5411188127697,false,אלפרו בריסטה שיבולת שועל  1ליטר,"שטראוס גרופ בע""מ",,,"י""ח",1,ליטר,false,1,13.90,13.90,true,1,
5411188129899,false,אלפרו בריסטה שקדים  1ליטר,"שטראוס גרופ בע""מ",,,"י""ח",1,ליטר,false,1,13.90,13.90,true,1,
5411188134985,false,אלפרו 3.5%שומן MLKשיבולת שועל  1ליטר,"שטראוס גרופ ***בע""מ",,,"י""ח",1,ליטר,false,1,13.90,13.90,true,1,
5411188135005,false,אלפרו 1.8%שומן MLKשיבולת שועל  1ליטר,"שטראוס גרופ ***בע""מ",,,"י""ח",1,ליטר,false,1,13.90,13.90,true,1,
5411188300328,false,חלב סויה שוקו 1ל אלפרו,"שטראוס גרופ בע""מ",,,"י""ח",1,ליטר,false,1,15.90,15.90,true,1,
5411188543398,false,אלפרו סויה ללא סוכר 1ל אלפרו,"שטראוס גרופ בע""מ",,,"י""ח",1,ליטר,false,1,13.90,13.90,true,1,
5413149922907,false,"אריאל 5ק""ג קולור",דיפלומט מפיצים 1968 בעמ,,,"י""ח",5,"ק""ג",false,1,44.90,8.98,true,1,
5413149922938,false,"אריאל 5 ק""ג שושן צחור",דיפלומט מפיצים 1968 בעמ,,,"י""ח",5,"ק""ג",false,1,44.90,8.98,true,1,
5413149930025,false,"טייד 5ק""ג רגיל",דיפלומט מפיצים 1968 בעמ,,,"י""ח",5,"ק""ג",false,1,36.90,7.38,true,1,
5601008200444,false,גודיס עוגיות מצופות שוק.חלב,ש.שסטוביץ בעמ,,,"י""ח",1.50,ל 100 גרם,false,1,5.90,3.93,true,1,
5601008200451,false,גודיס עוגיות מצופות שוק.מריר,ש.שסטוביץ בעמ,,,"י""ח",1.50,ל 100 גרם,false,1,5.90,3.93,true,1,
5601217129420,false,וולייט דפים 20יח,רקיט בנקיזר (ניר איסט) בעמ,,,"י""ח",20,"י""ח",false,1,19.90,1,false,1,
5701932026964,false,הוטפופ מלוח 600 גרם,ליימן שליסל,,,"י""ח",6,ל 100 גרם,false,1,16.90,2.82,true,1,
5701932026971,false,הוטפופ חמאה 600 גרם,ליימן שליסל,,,"י""ח",6,ל 100 גרם,false,1,16.90,2.82,true,1,
5701932026995,false,הוטפופ לייט טבעי 500גר.,ליימן שליסל,,,"י""ח",5.10,ל 100 גרם,false,1,16.90,3.31,true,1,
5705550300963,false,ביצי דג 200ג שיבוט,בני ג ורג שוקחה בעמ,,,"י""ח",2,ל 100 גרם,false,1,10.90,5.45,false,1,
5706516031358,false,הוטפופ 100 קלוריות 5שק`,ליימן שליסל,,,"י""ח",1,,false,1,16.90,16.90,true,1,
5707283110000,false,סט 2 מספריים,אושר א.א. יבוא ושיווק כלי בית,,,"י""ח",1,,false,1,11.90,11.90,false,1,
5711953106583,false,גבינת  ארלה שמנת 24% שומן   200גר,"שטראוס גרופ ***בע""מ",,,"י""ח",2,ל 100 גרם,false,1,14.90,7.45,true,1,
5711953106590,false,גבינת שמנת 24% שומן עם שום  200ג.,"שטראוס גרופ ***בע""מ",,,"י""ח",2,ל 100 גרם,false,1,14.90,7.45,true,1,
5711953106606,false,גבינת שמנת 24% שומן עם עשבי תיבול  200,"שטראוס גרופ ***בע""מ",,,"י""ח",2,ל 100 גרם,false,1,14.90,7.45,true,1,
5740900403215,false,ממרח לורפק עם מלח 250גר,"שטראוס גרופ ***בע""מ",,,"י""ח",2.50,ל 100 גרם,false,1,16.90,6.76,true,1,
5740900403222,false,ממרח לורפק עם מלח מופחת שומן 250גר,"שטראוס גרופ ***בע""מ",,,"י""ח",2.50,ל 100 גרם,false,1,16.90,6.76,true,1,
5740900403239,false,.ממרח לורפק ללא מלח 250גר,"שטראוס גרופ ***בע""מ",,,"י""ח",2.50,ל 100 גרם,false,1,16.90,6.76,true,1,
5740900403246,false,ממרח לורפק ללא מלח 500גר,"שטראוס גרופ ***בע""מ",,,"י""ח",5,ל 100 גרם,false,1,27.90,5.58,true,1,
5740900403253,false,ממרח לורפק עם מלח 500גר,"שטראוס גרופ ***בע""מ",,,"י""ח",5,ל 100 גרם,false,1,27.90,5.58,true,1,
5740900403260,false,ממרח לורפק ללא מלח מופחת שומן 250גר,"שטראוס גרופ ***בע""מ",,,"י""ח",2.50,ל 100 גרם,false,1,16.90,6.76,true,1,
5740900403864,false,לורפק חמאה עם מלח  200גר,"שטראוס גרופ ***בע""מ",,,"י""ח",2,ל 100 גרם,false,1,11.50,5.75,true,1,
5900017062419,false,"תחליב רחצה ורדים ושמן שקדים 750מ""ל",אלפא ב.ד.ף בעמ,,,"י""ח",7.50,"ל 100 מ""ל",false,1,15.90,2.12,true,1,
5900020012814,false,נסקוויק 500גר`,קבוצת אוסם סחר-שות.מוגבלת,,,"י""ח",5,ל 100 גרם,false,1,19.90,3.98,true,1,
5900020015174,false,פיטנס חטיף דגנים שוקולד 141ג,קבוצת אוסם סחר-שות.מוגבלת,,,"י""ח",1.41,ל 100 גרם,false,1,15.90,11.28,true,1,
5900020018908,false,פיטנס חטיף דגנים קרם עוגיות  141ג,קבוצת אוסם סחר-שות.מוגבלת,,,"י""ח",1.41,ל 100 גרם,false,1,15.90,11.28,true,1,
5900020020710,false,מארז   קראנץ`בר שוקו וניל 6*25גר,קבוצת אוסם סחר-שות.מוגבלת,,,"י""ח",1.50,ל 100 גרם,false,1,14.90,9.93,true,1,
5900020020741,false,נסקוויק בר דגנים שוקו שוקו 6*25גר,קבוצת אוסם סחר-שות.מוגבלת,,,"י""ח",1.50,ל 100 גרם,false,1,15.70,10.47,true,1,
5900020024770,false,פיטנס בר דליס שוקולד אגוז 135ג,קבוצת אוסם סחר-שות.מוגבלת,,,"י""ח",1.35,ל 100 גרם,false,1,15.90,11.78,true,1,
5900020025647,false,פיטנס בר דליס שוקולד חלב 135ג,קבוצת אוסם סחר-שות.מוגבלת,,,"י""ח",1.35,ל 100 גרם,false,1,15.90,11.78,true,1,
5900020025807,false,סיני מיניס מהדורת קיץ,קבוצת אוסם סחר-שות.מוגבלת,,,"י""ח",3.50,ל 100 גרם,false,1,15.60,4.46,false,1,
5900020026552,false,האני נאט צ`יריוס עידן הקרח 625גר,קבוצת אוסם סחר-שות.מוגבלת,,,"י""ח",6.15,ל 100 גרם,false,1,19.90,3.24,true,1,
5900020026859,false,צ`יריוס האני נאט 375גר,קבוצת אוסם סחר-שות.מוגבלת,,,"י""ח",3.50,ל 100 גרם,false,1,15.60,4.46,false,1,
5900020029669,false,פיטנס חטיף דגניפ פירות יער 6*23.5ג,קבוצת אוסם סחר-שות.מוגבלת,,,"י""ח",1.35,ל 100 גרם,false,1,16.90,12.52,true,1,
5900020034021,false,פיטנס חטיף דגנים שוק.בננה,קבוצת אוסם סחר-שות.מוגבלת,,,"י""ח",1.41,ל 100 גרם,false,1,15.90,11.28,true,1,
5900020034991,false,דגני בוקר קראנץ צדפים טעם שוקולד 450גר,קבוצת אוסם סחר-שות.מוגבלת,,,"י""ח",4.50,ל 100 גרם,false,1,19.90,4.42,true,1,
5900020036407,false,סיני מיניס קרייזי קראש 410גר.,קבוצת אוסם סחר-שות.מוגבלת,,,"י""ח",4.10,ל 100 גרם,false,1,19.90,4.85,true,1,
5900020037916,false,צ יריוס משיבולת שועל 375גר,קבוצת אוסם סחר-שות.מוגבלת,,,"י""ח",3.75,ל 100 גרם,false,1,15.90,4.24,false,1,
5900020039590,false,פיטנס חטיף דגנים קלאסי 6.8*23.5גר פרווה,קבוצת אוסם סחר-שות.מוגבלת,,,"י""ח",1.41,ל 100 גרם,false,1,15.70,11.13,true,1,
5900020039620,false,פיטנס חטיף דגנים שקדים 6.8*23.5גר פרוו,קבוצת אוסם סחר-שות.מוגבלת,,,"י""ח",1.41,ל 100 גרם,false,1,15.70,11.13,true,1,
5900352002866,false,חטיף טייגר 49גרם ALIBI בודד,יעד ממתקים בעמ,,,"י""ח",1,"י""ח",false,1,3.90,3.90,true,1,
5900627063233,false,פיניש 50 טבליות AIO  MAX,רקיט בנקיזר (ניר איסט) בעמ,,,"י""ח",50,"י""ח",false,1,34.90,0.70,true,1,
5900627066715,false,פיניש 100 טבליות AIO,רקיט בנקיזר (ניר איסט) בעמ,,,"י""ח",100,"י""ח",false,1,54.90,0.55,true,1,
5900907000583,false,מלפפון בחומץ 900 גרם,דברים טובים סגל ~~~,,,"י""ח",9,ל 100 גרם,false,1,15.20,1.69,false,1,
5900951283963,false,סניקרס קרימי חמאת בוטנים  36.5גר,"מרס ריגלי ישראל בע""מ",,,"י""ח",0.36,ל 100 גרם,false,1,4.50,12.50,true,1,
5901414200411,false,היט מינ שוק 130ג,ליימן שליסל,,,"י""ח",1.30,ל 100 גרם,false,1,6.90,5.31,true,1,
5901888020560,false,חטיף דגנים עם קינואה טעם עשבי תיבול 70,דנשר (1963) בעמ,,,"י""ח",0.70,ל 100 גרם,false,1,12.90,18.43,false,1,
5902198160403,false,משקה אנרגיה XL TEN,טמפו משקאות בעמ,,,"י""ח",2.50,"ל 100 מ""ל",false,1,4,1.48,true,1,
5904941750312,false,משקה אנרגיה בלו מוחיטו,בני פאוזי שמשום (2009) בעמ,,,"י""ח",2.50,"ל 100 מ""ל",false,1,4.50,1.68,true,1,
5904941751302,false,משקה אנרגיה בלו רגולר  כחול,בני פאוזי שמשום (2009) בעמ,,,"י""ח",2.50,"ל 100 מ""ל",false,1,3.90,1.44,true,1,
5904941751920,false,משקה אנרגיה בלו day,בני פאוזי שמשום (2009) בעמ,,,"י""ח",2.50,"ל 100 מ""ל",false,1,4.50,1.68,true,1,
5904941751975,false,משקה אנרגיה בלו day ענבים,בני פאוזי שמשום (2009) בעמ,,,"י""ח",2.50,"ל 100 מ""ל",false,1,4.50,1.68,true,1,
5906485301012,false,משקה אנרגיה XL,טמפו משקאות בעמ,,,"י""ח",2.50,"ל 100 מ""ל",false,1,4,1.48,true,1,
5997321770307,false,ויט רצועות שעווה לעור רגיש,רקיט בנקיזר (ניר איסט) בעמ,,,"י""ח",1,"י""ח",false,1,19.90,19.90,true,1,
5998710131877,false,ממתק שוקולד CHERRY QUEEN,דילר בי.אמ.די.אינטרנשיונל בעמ,,,"י""ח",0.36,ל 100 גרם,false,1,3.90,10.83,true,1,
6008165274629,false,פאל מאל כחול ארוך סטרים,גלוברנדס בעמ,,,"י""ח",0,"י""ח",false,1,29.50,29.50,false,1,
6009188004828,false,קיט קאט צ`אנקי לבן 40גר,קבוצת אוסם סחר-שות.מוגבלת,,,"י""ח",0.40,ל 100 גרם,false,1,3.90,9.75,true,1,
6102017501939,false,מצת לגז,ביג מול בעמ,,,"י""ח",1,,false,1,9.90,9.90,false,1,
6111119000011,false,"קוסקוס אורגינל פרידה 1ק""ג",*346840,,,"י""ח",1,,false,1,12.90,12.90,false,1,
6112012100075,false,קולפן פלסטיק יקר,עולם הבית שיווק והפצה,,,"י""ח",1,,false,1,11.90,11.90,false,1,
6112012100655,false,מגב לשיש,עולם הבית שיווק והפצה,,,"י""ח",2.40,"100 ס""מ",false,1,7.90,3.29,false,1,
6112012100846,false,פומפיה מרובעת,עולם הבית שיווק והפצה,,,"י""ח",1,,false,1,21.90,21.90,false,1,
6112012100853,false,מלקחיים גדולות,עולם הבית שיווק והפצה,,,"י""ח",1,,false,1,9.90,9.90,false,1,
6112015100294,false,"מגב מתכת 40ס""מ",עולם הבית שיווק והפצה,,,"י""ח",1,"י""ח",false,1,19.90,19.90,false,1,
6112015100782,false,פומפה,עולם הבית שיווק והפצה,,,"י""ח",1,"י""ח",false,1,14.90,14.90,false,1,
6112015100928,false,מטאטא/מגב סיליקון,עולם הבית שיווק והפצה,,,"י""ח",1,"י""ח",false,1,26.90,26.90,false,1,
6112016100088,false,מטאטא מילנו,עולם הבית שיווק והפצה,,,"י""ח",1,"י""ח",false,1,16.90,16.90,false,1,
6112016100712,false,סוגרים לשקיות 12יח,עולם הבית שיווק והפצה,,,"י""ח",1,"י""ח",false,1,12.90,12.90,false,1,
6112017103354,false,אטבי כביסה סיליקון 12יח,עולם הבית שיווק והפצה,,,"י""ח",1,,false,1,9.90,9.90,false,1,
6112017104566,false,מטאטא כסף אדום,עולם הבית שיווק והפצה,,,"י""ח",1,"י""ח",false,1,23.90,23.90,false,1,
6112017105778,false,"מגב סיליקון 40ס""מ",עולם הבית שיווק והפצה,,,"י""ח",1,"י""ח",false,1,23.90,23.90,false,1,
6224000485764,false,"שיני שום קפואות 1ק""ג שקית",נטו מלינדה סחר בעמ,,,"י""ח",1,"ק""ג",false,1,19.90,19.90,false,1,
6910191800287,false,אצות נור בלו 10דף,מזרח ומערב יבוא ושיווק,,,"י""ח",10,"י""ח",false,1,13.90,1.39,true,1,
6912977000140,false,אטריות  שעועית 250ג,מזרח ומערב יבוא ושיווק,,,"י""ח",2,ל 100 גרם,false,1,8.90,4.45,true,1,
6931191500878,false,קולפן פלסטיק פשוט,עולם הבית שיווק והפצה,,,"י""ח",1,,false,1,5.90,5.90,false,1,
6932456080487,false,מסנן כיור אמריקאי,אושר א.א. יבוא ושיווק כלי בית,,,"י""ח",1,,false,1,9.90,9.90,false,1,
6934930849016,false,שמן חמניות  1 ליטר.,ישרא-בר שמנים ותבואות בעמ,,,"י""ח",1,ליטר,false,1,9.90,9.90,true,1,
6935673035629,false,זוג כפפות משק בית אלוורה,מ.א.ייצור ויבוא,,,"י""ח",1,,false,1,6.80,6.80,false,1,
6936613888667,false,שום ארוז.,ביכורי השדה צפון 1994 ג.ד. בעמ,,,"י""ח",1,,false,1,7.90,7.90,true,1,
6936745600783,false,"חומץ אורז-מיצוקאן  500מ""ל",מזרח ומערב יבוא ושיווק,,,"י""ח",5,"ל 100 מ""ל",false,1,15.90,3.18,false,1,
6945305614047,false,רביעיית מתלים ניקל,עולם הבית שיווק והפצה,,,"י""ח",1,"י""ח",false,1,9.90,9.90,false,1,
6985425120301,false,אטבי כביסה 30 יחידות,עולם הבית שיווק והפצה,,,"י""ח",1,,false,1,8.90,8.90,false,1,
6985425120592,false,קרש חיתוך עץ,עולם הבית שיווק והפצה,,,"י""ח",1,,false,1,17.90,17.90,false,1,
6985425120677,false,מסננת איכותית תאלומיניום,עולם הבית שיווק והפצה,,,"י""ח",1,,false,1,19.90,19.90,false,1,
6985425120844,false,סט ששת,עולם הבית שיווק והפצה,,,"י""ח",1,,false,1,21.90,21.90,false,1,
7038516140418,false,ג ורדון מברשת שיניים טוטל קלין רביעייה,דנשר (1963) בעמ,,,"י""ח",1,,false,1,10.90,10.90,false,1,
7162108014006,false,סט מצעים נטורל יחיד,"דהן פרוספר בע""מ",,,"י""ח",1,,false,1,79.90,79.90,false,1,
7162108014013,false,סט מצעים נטורל מיטה וחצי,"דהן פרוספר בע""מ",,,"י""ח",1,,false,1,99.90,99.90,false,1,
7162108014020,false,סט מצעים נטורל  זוגי,"דהן פרוספר בע""מ",,,"י""ח",1,,false,1,109.90,109.90,false,1,
7162108014037,false,סט מצעים נטורל  1.8,"דהן פרוספר בע""מ",,,"י""ח",1,,false,1,109.90,109.90,false,1,
7162203014000,false,כרית שינה באבא,"דהן פרוספר בע""מ",,,"י""ח",1,,false,1,49.90,49.90,false,1,
7162203032004,false,פוף לתינוק 100% כותנה דגם דיאמונד,"דהן פרוספר בע""מ",,,"י""ח",1,,false,1,99.90,99.90,false,1,
7162203038006,false,סט מצעים קמאו יחיד,"דהן פרוספר בע""מ",,,"י""ח",1,,false,1,79.90,79.90,false,1,
7162203038013,false,סט מצעים קמאו מיטה וחצי,"דהן פרוספר בע""מ",,,"י""ח",1,,false,1,99.90,99.90,false,1,
7162203038020,false,סט מצעים נטורל  זוגי,"דהן פרוספר בע""מ",,,"י""ח",1,,false,1,109.90,109.90,false,1,
7162203038037,false,סט מצעים קמאו  1.8,"דהן פרוספר בע""מ",,,"י""ח",1,,false,1,109.90,109.90,false,1,
7162204035004,false,שמיכת כבש ממולאת פפיטה יחיד,"דהן פרוספר בע""מ",,,"י""ח",1,,false,1,99.90,99.90,false,1,
7162204035011,false,שמיכת כבש ממולאת פפיטה זוגי,"דהן פרוספר בע""מ",,,"י""ח",1,,false,1,119.90,119.90,false,1,
7162204036001,false,שמיכת כבש ממולאת טיטניום יחיד,"דהן פרוספר בע""מ",,,"י""ח",1,,false,1,99.90,99.90,false,1,
7162204036018,false,שמיכת כבש ממולאת פיטניום זוגי,"דהן פרוספר בע""מ",,,"י""ח",1,,false,1,119.90,119.90,false,1,
7162204037008,false,שמיכת כבש ממולאת קרול יחיד,"דהן פרוספר בע""מ",,,"י""ח",1,,false,1,99.90,99.90,false,1,
7162204037015,false,שמיכת כבש ממולאת קרול זוגי,"דהן פרוספר בע""מ",,,"י""ח",1,,false,1,119.90,119.90,false,1,
7162204075000,false,סט מצעים דובון בסטייל יחיד,"דהן פרוספר בע""מ",,,"י""ח",1,,false,1,69.90,69.90,false,1,
7162204075017,false,סט מצעים דובון בסטייל מיטה וחצי,"דהן פרוספר בע""מ",,,"י""ח",1,,false,1,79.90,79.90,false,1,
7162204075024,false,סט מצעים דובון בסטייל זוגי,"דהן פרוספר בע""מ",,,"י""ח",1,,false,1,89.90,89.90,false,1,
7162205033009,false,סט מצעים חורף אנגורה יחיד,"דהן פרוספר בע""מ",,,"י""ח",1,,false,1,109.90,109.90,false,1,
7162205033016,false,סט מצעים חורף אנגורה מיטה וחצי,"דהן פרוספר בע""מ",,,"י""ח",1,,false,1,129.90,129.90,false,1,
7162205033023,false,סט מצעים חורף אנגורה זוגי,"דהן פרוספר בע""מ",,,"י""ח",1,,false,1,139.90,139.90,false,1,
7162205073005,false,סט מצעים חורף אלטה יחיד,"דהן פרוספר בע""מ",,,"י""ח",1,,false,1,109.90,109.90,false,1,
7162205073012,false,סט מצעים חורף אלטה מיטה וחצי,"דהן פרוספר בע""מ",,,"י""ח",1,,false,1,129.90,129.90,false,1,
7162205073029,false,סט מצעים חורף אלטה זוגי,"דהן פרוספר בע""מ",,,"י""ח",1,,false,1,139.90,139.90,false,1,
7162205089013,false,סט מצעים דיאנה מיטה וחצי,"דהן פרוספר בע""מ",,,"י""ח",1,,false,1,99.90,99.90,false,1,
7162205089020,false,סט מצעים דיאנה זוגי,"דהן פרוספר בע""מ",,,"י""ח",1,,false,1,109.90,109.90,false,1,
7162205089037,false,סט מצעים דיאנה  1.8,"דהן פרוספר בע""מ",,,"י""ח",1,,false,1,109.90,109.90,false,1,
7262626088296,false,מטריה,ביג מול בעמ,,,"י""ח",1,,false,1,39.90,39.90,false,1,
7276667778917,false,מחבת 20.,*347600,,,"י""ח",1,,false,1,59,59,true,1,
7290000000978,false,גלאט קטיף,ביכורי השדה צפון 1994 ג.ד. בעמ,,,"י""ח",1,,false,1,6.90,6.90,true,1,
7290000000985,false,גלאט קטיף פטרוזיליה.,ביכורי השדה צפון 1994 ג.ד. בעמ,,,"י""ח",1,,false,1,5.90,5.90,true,1,
7290000001043,false,כרוב לבן מהדרין-ברכת קטיף,ביכורי השדה צפון 1994 ג.ד. בעמ,,,"ק""ג",1,,true,1,14.90,14.90,false,1,
7290000001074,false,כרוב אדום מהדרין-ברכת קטיף,ביכורי השדה צפון 1994 ג.ד. בעמ,,,"ק""ג",1,,true,1,15.90,15.90,false,1,
7290000001579,false,סלרי עלים גלאט,ביכורי השדה צפון 1994 ג.ד. בעמ,,,"י""ח",1,,false,1,5.90,5.90,true,1,
7290000001586,false,גלאט קטיף שמיר,ביכורי השדה צפון 1994 ג.ד. בעמ,,,"י""ח",1,,false,1,6.90,6.90,true,1,
7290000001593,false,גלאט קטיף נענע,ביכורי השדה צפון 1994 ג.ד. בעמ,,,"י""ח",1,,false,1,6.90,6.90,true,1,
7290000001616,false,כוסברה מהדרין,ביכורי השדה צפון 1994 ג.ד. בעמ,,,"י""ח",1,,false,1,5.90,5.90,true,1,
7290000023083,false,"ארק אשקלון 40% 700מ""ל",טמפו משקאות בעמ,,,"י""ח",7,"ל 100 מ""ל",false,1,50.20,7.13,true,1,
7290000024240,false,רזרב ברקן שרדונה,טמפו משקאות בעמ,,,"י""ח",7.50,"ל 100 מ""ל",false,1,44.90,5.95,true,1,
7290000024523,false,תירוש של סגל 1ל.,טמפו משקאות בעמ,,,"י""ח",7.50,"י""ח",false,1,15.90,2.08,true,1,
7290000034256,false,ביסקוויט הדר תירוש חצי מצופה  175ג,ח.כהן סוכנות מזון ומשקאות בע,,,"י""ח",1.75,ל 100 גרם,false,1,5.90,3.37,true,1,
7290000040042,false,יופלה תות 3%,"תנובה בע""מ ***",,,"י""ח",1.50,"ל 100 מ""ל",false,1,5,3.33,false,1,
7290000040066,false,יופלה דובדבן,"תנובה בע""מ ***",,,"י""ח",1.50,"ל 100 מ""ל",false,1,5,3.33,false,1,
7290000040080,false,יופלה אפרסק,"תנובה בע""מ ***",,,"י""ח",1.50,"ל 100 מ""ל",false,1,5,3.33,false,1,
7290000040301,false,קממבר 125   ג`תנובה,"תנובה בע""מ ***",,,"י""ח",1.25,ל 100 גרם,false,1,17.90,14.32,false,1,
7290000040462,false,טוסטי עמק אמריקאי אדם 200גר,"תנובה בע""מ ***",,,"י""ח",2,ל 100 גרם,false,1,17.90,8.95,false,1,
7290000041407,false,גילה 125,"תנובה בע""מ ***",,,"י""ח",1.25,"ל 100 מ""ל",false,1,0.90,0.72,false,1,
7290000041445,false,~קוט ג  }5%  בדץ  תנובה{,"תנובה בע""מ ***",,,"י""ח",2.75,ל 100 גרם,false,1,5.50,2,false,1,
7290000041452,false,קוט ג 9% בדץ 250 תנובה,"תנובה בע""מ ***",,,"י""ח",2.50,ל 100 גרם,false,1,5.50,2.20,false,1,
7290000041858,false,שמנת יוטבתה 200,"שטראוס גרופ ***בע""מ",,,"י""ח",2,"ל 100 מ""ל",false,1,2.40,1.20,true,1,
7290000041865,false,לבן 4.5%,"שטראוס גרופ ***בע""מ",,,"י""ח",2,"ל 100 מ""ל",false,1,2,1,true,1,
7290000041872,false,לבן יטבתה,"שטראוס גרופ ***בע""מ",,,"י""ח",2,"ל 100 מ""ל",false,1,2,1,true,1,
7290000042015,false,חלב שקית   מהדרין 3%  תנובה*,"תנובה בע""מ ***",,,"י""ח",1,ליטר,false,1,5.43,5.43,false,1,
7290000042367,false,חלב בקבוק 1 ליטר}תנובה{*,"תנובה בע""מ ***",,,"י""ח",1,ליטר,false,1,6.23,6.23,false,1,
7290000042404,false,חלב 1 ל  3%  שקית}יטבתה{,"שטראוס גרופ ***בע""מ",,,"י""ח",1,ליטר,false,1,5.90,5.90,true,1,
7290000042435,false,חלב  קרטון דל שומן 1  ל תנובה 1%,"תנובה בע""מ ***",,,"י""ח",1,ליטר,false,1,5.86,5.86,false,1,
7290000042442,false,חלב בקרטון +3%פקק}תנובה   1 ל`*,"תנובה בע""מ ***",,,"י""ח",1,ליטר,false,1,6.23,6.23,false,1,
7290000042640,false,"חלב עמיד 250 מ""ל","תנובה בע""מ ***",,,"י""ח",2.50,"ל 100 מ""ל",false,1,2.60,1.04,false,1,
7290000042855,false,שוקו יטבתה 250,"שטראוס גרופ ***בע""מ",,,"י""ח",2.25,"ל 100 מ""ל",false,1,2.90,1.29,true,1,
7290000043012,false,"שוקו עמיד קרטון 250מ""ל 2%","תנובה בע""מ ***",,,"י""ח",2.50,"ל 100 מ""ל",false,1,4.70,1.88,false,1,
7290000043111,false,חמאה 200גרם תנובה  רגיל*,"תנובה בע""מ ***",,,"י""ח",2,ל 100 גרם,false,1,7.80,3.90,false,1,
7290000043814,false,"שמנת עמידה  38% להקצפה 250  מ""ל*(תנובה","תנובה בע""מ ***",,,"י""ח",2.50,"ל 100 מ""ל",false,1,6.47,2.59,false,1,
7290000043890,false,ריויון 1 ליטר קרטון 1.5% שומן,"תנובה בע""מ ***",,,"י""ח",1.0350,ליטר,false,1,10.90,10.53,false,1,
7290000044712,false,".פרילי  תות 500 מ""ל.","תנובה בע""מ ***",,,"י""ח",5,"ל 100 מ""ל",false,1,9.90,1.98,false,1,
7290000044880,false,באדי תות אננס,"תנובה בע""מ ***",,,"י""ח",5,"ל 100 מ""ל",false,1,8.90,1.78,false,1,
7290000045573,false,נעמה גבינה משולשת  200ג,"תנובה בע""מ ***",,,"י""ח",2,ל 100 גרם,false,1,15.20,7.60,false,1,
7290000045580,false,נעמה 240גר,"תנובה בע""מ ***",,,"י""ח",2.40,ל 100 גרם,false,1,18.10,7.54,false,1,
7290000046020,false,"גלבוע  22% שקילה}גבנ""צ{*.","תנובה בע""מ ***",,,"ק""ג",10,ל 100 גרם,true,1,42.58,4.26,false,1,
7290000046327,false,גלבוע  פרוס]תנובה[ 200ג,"תנובה בע""מ ***",,,"י""ח",2,ל 100 גרם,false,1,12.90,6.45,false,1,
7290000046563,false,פרמזן  חריץ תנובה שקיל,"תנובה בע""מ ***",,,"ק""ג",10,ל 100 גרם,true,1,113,11.30,false,1,
7290000047546,false,כנען 500 ג,"תנובה בע""מ ***",,,"י""ח",5,ל 100 גרם,false,1,22.90,4.58,false,1,
7290000047621,false,גבינה לבנה 5% תנובה  250  גרם*,"תנובה בע""מ ***",,,"י""ח",2.50,ל 100 גרם,false,1,4.70,1.88,false,1,
7290000047942,false,גבינה לבנה 9% רכה 250 גרם,"תנובה בע""מ ***",,,"י""ח",2.50,ל 100 גרם,false,1,4.70,1.88,false,1,
7290000048185,false,גבינה%5  תנובה 250גרם*,"תנובה בע""מ ***",,,"י""ח",2.50,ל 100 גרם,false,1,4.98,1.99,false,1,
7290000048192,false,גבינה 9%  250 גרם,"תנובה בע""מ ***",,,"י""ח",2.50,ל 100 גרם,false,1,4.70,1.88,false,1,
7290000048413,false,חמד פיראוס 16% 250גר,"תנובה בע""מ ***",,,"י""ח",2.50,ל 100 גרם,false,1,17.90,7.16,false,1,
7290000048437,false,צפתית  פיראוס 200  ג%`5,"תנובה בע""מ ***",,,"י""ח",2,ל 100 גרם,false,1,13.90,6.95,false,1,
7290000056951,false,"שמנת לבישול 500 תנובה מ""ל","תנובה בע""מ ***",,,"י""ח",5,"ל 100 מ""ל",false,1,15.90,3.18,false,1,
7290000060071,false,חטיפי פריכונים מאורז מלא.,קבוצת אוסם סחר-שות.מוגבלת,,,"י""ח",1,,false,1,8.30,8.30,false,1,
7290000060088,false,בייגלה מקלות מלוחים 400גרם,קבוצת אוסם סחר-שות.מוגבלת,,,"י""ח",4,ל 100 גרם,false,1,10.90,2.73,false,1,
7290000060118,false,ספגטי מובחר 250 גרם,קבוצת אוסם סחר-שות.מוגבלת,,,"י""ח",2.50,ל 100 גרם,false,1,4.20,1.68,false,1,
7290000060156,false,אטריות ביצים דקות 200 גרם,קבוצת אוסם סחר-שות.מוגבלת,,,"י""ח",2,ל 100 גרם,false,1,7.90,3.95,true,1,
7290000060200,false,פתיתים אפויים 500 גרם אסם,קבוצת אוסם סחר-שות.מוגבלת,,,"י""ח",5,ל 100 גרם,false,1,6.90,1.38,true,1,
7290000060217,false,מקרוני פרומנטי,קבוצת אוסם סחר-שות.מוגבלת,,,"י""ח",5,ל 100 גרם,false,1,5.90,1.18,true,1,
7290000060248,false,פרומנטי פתיתים,קבוצת אוסם סחר-שות.מוגבלת,,,"י""ח",5,ל 100 גרם,false,1,5.90,1.18,true,1,
7290000060385,false,פודינג אינסטנט ויל 320ג,קבוצת אוסם סחר-שות.מוגבלת,,,"י""ח",3.20,ל 100 גרם,false,1,19.90,6.22,false,1,
7290000060408,false,טבעות פתיתים 500 גרם,קבוצת אוסם סחר-שות.מוגבלת,,,"י""ח",5,ל 100 גרם,false,1,6.90,1.38,true,1,
7290000060415,false,לזניה לה 500  ג` פרפקטו אוסם,קבוצת אוסם סחר-שות.מוגבלת,,,"י""ח",5,ל 100 גרם,false,1,15.90,3.18,false,1,
7290000060576,false,פתיתים אפויים כוכבים 500,קבוצת אוסם סחר-שות.מוגבלת,,,"י""ח",5,"ל 100 מ""ל",false,1,6.90,1.38,true,1,
7290000060781,false,פרומנטי פתיתים מסולסלים אוסם,קבוצת אוסם סחר-שות.מוגבלת,,,"י""ח",5,ל 100 גרם,false,1,5.90,1.18,true,1,
7290000060828,false,פרומנטי  קרניים אוסם,קבוצת אוסם סחר-שות.מוגבלת,,,"י""ח",5,ל 100 גרם,false,1,5.90,1.18,true,1,
7290000060842,false,פרומנטי פת.צדפות,קבוצת אוסם סחר-שות.מוגבלת,,,"י""ח",5,ל 100 גרם,false,1,5.90,1.18,true,1,
7290000060859,false,פרומנטי פתיתי צדפות,קבוצת אוסם סחר-שות.מוגבלת,,,"י""ח",5,ל 100 גרם,false,1,5.90,1.18,true,1,
7290000060880,false,~פרומנטי ספגטי אוסם,קבוצת אוסם סחר-שות.מוגבלת,,,"י""ח",5,ל 100 גרם,false,1,5.90,1.18,true,1,
7290000060958,false,איטריות בינוניות אוסם,קבוצת אוסם סחר-שות.מוגבלת,,,"י""ח",4,ל 100 גרם,false,1,7.90,1.98,true,1,
7290000060965,false,איטריות רחבות אוסם,קבוצת אוסם סחר-שות.מוגבלת,,,"י""ח",4,ל 100 גרם,false,1,7.90,1.98,true,1,
7290000060972,false,איטריות דקיקות אסם 400 גרם,קבוצת אוסם סחר-שות.מוגבלת,,,"י""ח",4,ל 100 גרם,false,1,7.90,1.98,true,1,
7290000061061,false,קרם קרקר טעם בצל,קבוצת אוסם סחר-שות.מוגבלת,,,"י""ח",2.50,ל 100 גרם,false,1,10.90,4.36,true,1,
7290000061085,false,רוטב צ ילי מתוק אוסם,קבוצת אוסם סחר-שות.מוגבלת,,,"י""ח",2.90,"ל 100 מ""ל",false,1,11.90,4.10,true,1,
7290000061108,false,רוטב טריאקי,קבוצת אוסם סחר-שות.מוגבלת,,,"י""ח",2.90,"ל 100 מ""ל",false,1,11.90,4.10,true,1,
7290000061245,false,עוגיות שוקוציפס אוסם,קבוצת אוסם סחר-שות.מוגבלת,,,"י""ח",2.20,ל 100 גרם,false,1,9.90,4.50,true,1,
7290000061764,false,קפה  רד מאג 200גר`,קבוצת אוסם סחר-שות.מוגבלת,,,"י""ח",2,ל 100 גרם,false,1,21.40,10.70,false,1,
7290000061771,false,קפה רד מאג 50 גרם,קבוצת אוסם סחר-שות.מוגבלת,,,"י""ח",0.50,ל 100 גרם,false,1,5.90,11.80,true,1,
7290000062952,false,מיני קרוטונים למרק ולסלט אוסם,קבוצת אוסם סחר-שות.מוגבלת,,,"י""ח",2.50,ל 100 גרם,false,1,14.10,5.64,false,1,
7290000063102,false,קמח תופח 350גרם,קבוצת אוסם סחר-שות.מוגבלת,,,"י""ח",3.50,ל 100 גרם,false,1,5,1.43,false,1,
7290000063133,false,שקדי מרק  100 ג אוסם,קבוצת אוסם סחר-שות.מוגבלת,,,"י""ח",1,ל 100 גרם,false,1,5.90,5.90,false,1,
7290000063140,false,שקדי מרק 400  ג{אסם},קבוצת אוסם סחר-שות.מוגבלת,,,"י""ח",4,ל 100 גרם,false,1,10.90,2.73,true,1,
7290000063157,false,"קמח עוגה תופח 1 ק""ג",קבוצת אוסם סחר-שות.מוגבלת,,,"י""ח",1,"ק""ג",false,1,9.90,9.90,true,1,
7290000064758,false,קוסקוס 350 גרם אוסם,קבוצת אוסם סחר-שות.מוגבלת,,,"י""ח",3.50,ל 100 גרם,false,1,8.90,2.54,false,1,
7290000065090,false,מיני קרוטונים למרק וסלט אוסם,קבוצת אוסם סחר-שות.מוגבלת,,,"י""ח",4,ל 100 גרם,false,1,22.80,5.70,false,1,
7290000065335,false,"מנה חמה-פירה תפו""א",קבוצת אוסם סחר-שות.מוגבלת,,,"י""ח",0.55,ל 100 גרם,false,1,6.90,12.55,true,1,
7290000065540,false,מנה חמה איטריות,קבוצת אוסם סחר-שות.מוגבלת,,,"י""ח",0.55,ל 100 גרם,false,1,6.90,12.55,true,1,
7290000065557,false,מנה חמה-קוסקוס,קבוצת אוסם סחר-שות.מוגבלת,,,"י""ח",0.50,ל 100 גרם,false,1,6.90,13.80,true,1,
7290000066141,false,ביסלי  גריל}קטן{,קבוצת אוסם סחר-שות.מוגבלת,,,"י""ח",0.70,ל 100 גרם,false,1,3.90,5.57,true,1,
7290000066172,false,ביסלי בצל  פיצה(קטן{,קבוצת אוסם סחר-שות.מוגבלת,,,"י""ח",0.70,ל 100 גרם,false,1,3.90,5.57,true,1,
7290000066196,false,ביסלי  גדול גריל,קבוצת אוסם סחר-שות.מוגבלת,,,"י""ח",2,ל 100 גרם,false,1,8.90,4.45,true,1,
7290000066226,false,ביסלי פיצה}גדול{,קבוצת אוסם סחר-שות.מוגבלת,,,"י""ח",2,ל 100 גרם,false,1,8.90,4.45,true,1,
7290000066264,false,דובונים 40 גרם,קבוצת אוסם סחר-שות.מוגבלת,,,"י""ח",0.40,ל 100 גרם,false,1,5,12.50,true,1,
7290000066295,false,במבה תות 25 גרם,קבוצת אוסם סחר-שות.מוגבלת,,,"י""ח",0.30,ל 100 גרם,false,1,3.10,10.33,false,1,
7290000066318,false,במבה אסם{,קבוצת אוסם סחר-שות.מוגבלת,,,"י""ח",0.80,ל 100 גרם,false,1,4.30,5.38,true,1,
7290000066332,false,אפרופו 50 גרם,קבוצת אוסם סחר-שות.מוגבלת,,,"י""ח",0.50,ל 100 גרם,false,1,5,10,true,1,
7290000066349,false,אפרופו חטיף גדול,קבוצת אוסם סחר-שות.מוגבלת,,,"י""ח",1,ל 100 גרם,false,1,8.90,8.90,true,1,
7290000066431,false,פופקו חמאה ודבש,קבוצת אוסם סחר-שות.מוגבלת,,,"י""ח",0.80,ל 100 גרם,false,1,5.50,6.88,true,1,
7290000067407,false,פירורית מתובלת,קבוצת אוסם סחר-שות.מוגבלת,,,"י""ח",2,ל 100 גרם,false,1,6.40,3.20,false,1,
7290000067544,false,פירורית זהב 200 ג,קבוצת אוסם סחר-שות.מוגבלת,,,"י""ח",2,ל 100 גרם,false,1,6.90,3.45,true,1,
7290000067599,false,מנה חמה ספגטי בולונז,קבוצת אוסם סחר-שות.מוגבלת,,,"י""ח",0.55,ל 100 גרם,false,1,6.90,12.55,true,1,
7290000068084,false,פתי בר 1.750 אסם,קבוצת אוסם סחר-שות.מוגבלת,,,"י""ח",1.75,"ק""ג",false,1,26.80,15.31,false,1,
7290000068138,false,פודינג  וניל 80 ג אסם,קבוצת אוסם סחר-שות.מוגבלת,,,"י""ח",0.80,ל 100 גרם,false,1,5.90,7.38,true,1,
7290000068190,false,ג לי בטעם  תות אסם,קבוצת אוסם סחר-שות.מוגבלת,,,"י""ח",0.85,ל 100 גרם,false,1,6.90,8.12,false,1,
7290000068206,false,ג לי בטעם מישמש,קבוצת אוסם סחר-שות.מוגבלת,,,"י""ח",0.85,ל 100 גרם,false,1,5.90,6.94,false,1,
7290000068237,false,ג לי  בטעם פטל,קבוצת אוסם סחר-שות.מוגבלת,,,"י""ח",0.85,ל 100 גרם,false,1,6.90,8.12,false,1,
7290000068251,false,ג לי  בטעם אננס,קבוצת אוסם סחר-שות.מוגבלת,,,"י""ח",0.85,ל 100 גרם,false,1,5.90,6.94,false,1,
7290000068343,false,פריכונים מאורז מלא,קבוצת אוסם סחר-שות.מוגבלת,,,"י""ח",1.40,ל 100 גרם,false,1,7.90,5.64,false,1,
7290000068701,false,שקדי מרק  אוסם במיכל,קבוצת אוסם סחר-שות.מוגבלת,,,"י""ח",4,ל 100 גרם,false,1,17.30,4.33,false,1,
7290000068770,false,במבה יום הולדת 80 גרם,קבוצת אוסם סחר-שות.מוגבלת,,,"י""ח",0.80,ל 100 גרם,false,1,4.30,5.38,true,1,
7290000069364,false,~פריכונים מאורז מלא 140 ג`,קבוצת אוסם סחר-שות.מוגבלת,,,"י""ח",1.40,ל 100 גרם,false,1,7.70,5.50,false,1,
7290000070308,false,מרק עוף 400 ג  אמיתי אסם,קבוצת אוסם סחר-שות.מוגבלת,,,"י""ח",4,ל 100 גרם,false,1,17.90,4.48,false,1,
7290000070322,false,מרק פטריות 400 גרם,קבוצת אוסם סחר-שות.מוגבלת,,,"י""ח",4,ל 100 גרם,false,1,24.90,6.23,false,1,
7290000070353,false,מרק בצל 400 גרם,קבוצת אוסם סחר-שות.מוגבלת,,,"י""ח",4,ל 100 גרם,false,1,24.90,6.23,false,1,
7290000072241,false,רוטב פיצה בקבוק,קבוצת אוסם סחר-שות.מוגבלת,,,"י""ח",2.90,"ל 100 מ""ל",false,1,11.90,4.10,true,1,
7290000072623,false,קטשופ אסם 750 גרם,קבוצת אוסם סחר-שות.מוגבלת,,,"י""ח",7.50,ל 100 גרם,false,1,9.90,1.32,true,1,
7290000072630,false,קטשופ חריף אסם,קבוצת אוסם סחר-שות.מוגבלת,,,"י""ח",7.50,ל 100 גרם,false,1,11.90,1.59,false,1,
7290000072753,false,~קפה נמס טסטר צוייס 200 ג`,קבוצת אוסם סחר-שות.מוגבלת,,,"י""ח",2,ל 100 גרם,false,1,29.90,14.95,false,1,
7290000072777,false,קפה נמס טסטר צוייס ללא קפאין,קבוצת אוסם סחר-שות.מוגבלת,,,"י""ח",2,ל 100 גרם,false,1,35.90,17.95,false,1,
7290000072968,false,סיני מיניס 500גרם,קבוצת אוסם סחר-שות.מוגבלת,,,"י""ח",3.75,ל 100 גרם,false,1,19.90,5.31,true,1,
7290000073125,false,מנה חמה איטריות,קבוצת אוסם סחר-שות.מוגבלת,,,"י""ח",0.55,ל 100 גרם,false,1,6.90,12.55,true,1,
7290000073415,false,מנה חמה פסטה ברוטב פיצה,קבוצת אוסם סחר-שות.מוגבלת,,,"י""ח",0.61,ל 100 גרם,false,1,6.90,11.31,true,1,
7290000073750,false,מנה חמה נודלס בטעם עוף,קבוצת אוסם סחר-שות.מוגבלת,,,"י""ח",0.76,ל 100 גרם,false,1,6.90,9.08,true,1,
7290000073767,false,מנה חמה נודלס בקר,קבוצת אוסם סחר-שות.מוגבלת,,,"י""ח",0.76,ל 100 גרם,false,1,6.90,9.08,true,1,
7290000073774,false,מנה חמה אטריות ורוטב צ יל,קבוצת אוסם סחר-שות.מוגבלת,,,"י""ח",0.76,ל 100 גרם,false,1,6.90,9.08,true,1,
7290000074153,false,פתיבר שוקו 500 אוסם,קבוצת אוסם סחר-שות.מוגבלת,,,"י""ח",5,ל 100 גרם,false,1,13.90,2.78,true,1,
7290000074184,false,פתי בר אוסם 500 ג`,קבוצת אוסם סחר-שות.מוגבלת,,,"י""ח",5,ל 100 גרם,false,1,11.90,2.38,true,1,
7290000074245,false,קרקר 250 ג  מלוח,קבוצת אוסם סחר-שות.מוגבלת,,,"י""ח",2.50,ל 100 גרם,false,1,9.90,3.96,true,1,
7290000074252,false,קרקר שומשום 250,קבוצת אוסם סחר-שות.מוגבלת,,,"י""ח",2.50,ל 100 גרם,false,1,9.60,3.84,true,1,
7290000074276,false,קרקר טבעון250 גר פיקנ,קבוצת אוסם סחר-שות.מוגבלת,,,"י""ח",2.50,ל 100 גרם,false,1,10.90,4.36,true,1,
7290000074696,false,".קרם קרקר 1 ק""ג",קבוצת אוסם סחר-שות.מוגבלת,,,"י""ח",1,"ק""ג",false,1,19.90,19.90,true,1,
7290000074764,false,קרקר זהב 900 גרם,קבוצת אוסם סחר-שות.מוגבלת,,,"י""ח",9,ל 100 גרם,false,1,19.90,2.21,true,1,
7290000075204,false,לחמית 250 גרם,קבוצת אוסם סחר-שות.מוגבלת,,,"י""ח",2.50,ל 100 גרם,false,1,8.90,3.56,true,1,
7290000076126,false,שמיניות מלוח פאוור אישי 80גר,קבוצת אוסם סחר-שות.מוגבלת,,,"י""ח",0.80,ל 100 גרם,false,1,3.10,3.88,false,1,
7290000076133,false,בייגלה  שמיניה]אסם[400גרם,קבוצת אוסם סחר-שות.מוגבלת,,,"י""ח",4,ל 100 גרם,false,1,10.70,2.68,false,1,
7290000077017,false,#קרמעוגית במילוי שוקולד,קבוצת אוסם סחר-שות.מוגבלת,,,"י""ח",2,ל 100 גרם,false,1,9.90,4.95,true,1,
7290000078212,false,קרוטונים מתובלים אוסם,קבוצת אוסם סחר-שות.מוגבלת,,,"י""ח",2.50,ל 100 גרם,false,1,15.90,6.36,false,1,
7290000078762,false,חטיפי פריכונים מאורז מלא דבש,קבוצת אוסם סחר-שות.מוגבלת,,,"י""ח",1,ל 100 גרם,false,1,8.30,8.30,false,1,
7290000079233,false,קרם קרקר דל נתרן,קבוצת אוסם סחר-שות.מוגבלת,,,"י""ח",2.50,ל 100 גרם,false,1,10.90,4.36,true,1,
7290000080758,false,טוסטעים פת קלויה,קבוצת אוסם סחר-שות.מוגבלת,,,"י""ח",1,ל 100 גרם,false,1,10.70,10.70,false,1,
7290000080765,false,טוסטעים פת שומשו,קבוצת אוסם סחר-שות.מוגבלת,,,"י""ח",1,ל 100 גרם,false,1,10.70,10.70,false,1,
7290000081663,false,בייגלה טבעות עם שומשום 300גר,קבוצת אוסם סחר-שות.מוגבלת,,,"י""ח",3,ל 100 גרם,false,1,10.70,3.57,false,1,
7290000100135,false,דובדבן קפוא 300ג  סנפרוסט,תנובה בשר,,,"י""ח",5,ל 100 גרם,false,1,16.90,3.38,true,1,
7290000101927,false,אוכמניות כחולות  מוקפאות 300ג,תנובה בשר,,,"י""ח",3,ל 100 גרם,false,1,16.90,5.63,true,1,
7290000101934,false,מיקס פירות יער מוקפא  300ג,תנובה בשר,,,"י""ח",3,ל 100 גרם,false,1,12.90,4.30,true,1,
7290000104201,false,אפונה   עדינה(סנפרוסט )600ג`,תנובה בשר,,,"י""ח",6,ל 100 גרם,false,1,16.90,2.82,true,1,
7290000104218,false,במיה 600  ג}סנפרוסט{,תנובה בשר,,,"י""ח",8,ל 100 גרם,false,1,15.90,1.99,true,1,
7290000104225,false,בצל קצוץ,תנובה בשר,,,"י""ח",8,ל 100 גרם,false,1,16.90,2.11,true,1,
7290000104287,false,לקט לפשטידה }800 סנפרוסט{,תנובה בשר,,,"י""ח",8,ל 100 גרם,false,1,21.90,2.74,true,1,
7290000104676,false,#אפונה גינה סנפרוסט 800ג`.,תנובה בשר,,,"י""ח",8,ל 100 גרם,false,1,12.40,1.55,true,1,
7290000104683,false,שעועית שלמה 800 גרם סנפרוסט,תנובה בשר,,,"י""ח",8,ל 100 גרם,false,1,19.90,2.49,true,1,
7290000104690,false,תירס סנפרוסט 800 ג`,תנובה בשר,,,"י""ח",8,ל 100 גרם,false,1,17.90,2.24,true,1,
7290000104706,false,גזר גמדי 800 גרם,תנובה בשר,,,"י""ח",8,ל 100 גרם,false,1,16.90,2.11,true,1,
7290000104713,false,פול ירוק  800 גרם סנפרוסט,תנובה בשר,,,"י""ח",8,ל 100 גרם,false,1,22.90,2.86,true,1,
7290000104720,false,~שעועית חתוכה ירוקה 800 ג`,תנובה בשר,,,"י""ח",8,ל 100 גרם,false,1,17.90,2.24,true,1,
7290000104737,false,שעועית צהובה חתוכה 800 ג`,תנובה בשר,,,"י""ח",8,ל 100 גרם,false,1,17.90,2.24,true,1,
7290000104744,false,כרובית 800 גרם}סנפרוסט{,תנובה בשר,,,"י""ח",8,ל 100 גרם,false,1,23.90,2.99,true,1,
7290000104751,false,כרוב ניצנים 800 גרם,תנובה בשר,,,"י""ח",8,ל 100 גרם,false,1,23.90,2.99,true,1,
7290000104768,false,תרד עלים 800 גרם,תנובה בשר,,,"י""ח",8,ל 100 גרם,false,1,23.90,2.99,true,1,
7290000104775,false,תרד מדליון 800 גרם,תנובה בשר,,,"י""ח",8,ל 100 גרם,false,1,23.90,2.99,true,1,
7290000104799,false,שעועית   לבנה}סנפרוסט 800 גרם,תנובה בשר,,,"י""ח",1,"ק""ג",false,1,18.90,18.90,true,1,
7290000104805,false,גרגירי   חומוס(סנפרוסט{800גר,תנובה בשר,,,"י""ח",8,ל 100 גרם,false,1,18.90,2.36,true,1,
7290000104829,false,"קלחונים תירס 1 ק""ג",תנובה בשר,,,"י""ח",1,"ק""ג",false,1,19.90,19.90,true,1,
7290000104836,false,שעועית עדינה שלמה 600 ג סנפרוסט,תנובה בשר,,,"י""ח",6,ל 100 גרם,false,1,23.90,3.98,true,1,
7290000104874,false,לקט לקוסקוס}סנפרוסט{,תנובה בשר,,,"י""ח",8,ל 100 גרם,false,1,21.90,2.74,true,1,
7290000104881,false,אפונה  וגזר}סנפרוסט {800ג`,תנובה בשר,,,"י""ח",8,ל 100 גרם,false,1,14.90,1.86,true,1,
7290000104904,false,לקט ירקות מעו}סנפרוסט{,תנובה בשר,,,"י""ח",8,ל 100 גרם,false,1,21.90,2.74,true,1,
7290000104911,false,לקט נורמנדי 800 גסנפרוסט,תנובה בשר,,,"י""ח",8,ל 100 גרם,false,1,21.90,2.74,true,1,
7290000106175,false,"לקט כפרי 2 ק""ג}סנפרוסט{",תנובה בשר,,,"י""ח",2,"ק""ג",false,1,38.90,19.45,true,1,
7290000107165,false,מנצ ו חטיף סויה 400 ג` סנפרוסט,תנובה בשר,,,"י""ח",4,ל 100 גרם,false,1,13.90,3.48,true,1,
7290000107189,false,ארטישוק   תחתיות}סנפרוסט{400גר,תנובה בשר,,,"י""ח",4,ל 100 גרם,false,1,20.90,5.23,true,1,
7290000107295,false,ברוקולי (800 סנפרוסט),תנובה בשר,,,"י""ח",8,ל 100 גרם,false,1,24.90,3.11,true,1,
7290000110844,false,"כיפלי גריל בד""ץ 70 גרם","יוניליוור ישראל שיווק בע""מ",,,"י""ח",0.70,ל 100 גרם,false,1,4.50,6.43,true,1,
7290000111063,false,מיונז תלמה 250גרם,"יוניליוור ישראל שיווק בע""מ",,,"י""ח",2.50,ל 100 גרם,false,1,6.50,2.60,false,1,
7290000111117,false,בדין לבן 4 ליטר,"יוניליוור ישראל שיווק בע""מ",,,"י""ח",4,ליטר,false,1,19.90,4.98,false,1,
7290000111186,false,מיונז 500 תלמה,"יוניליוור ישראל שיווק בע""מ",,,"י""ח",5,ל 100 גרם,false,1,8.90,1.78,false,1,
7290000111353,false,"מיונז 1 ק""ג תלמה","יוניליוור ישראל שיווק בע""מ",,,"י""ח",1,"ק""ג",false,1,16.90,16.90,false,1,
7290000111360,false,חרדל 250 גרם תלמה,"יוניליוור ישראל שיווק בע""מ",,,"י""ח",2.50,ל 100 גרם,false,1,5.90,2.36,false,1,
7290000111384,false,חרדל 550 צנצנת תלמה,"יוניליוור ישראל שיווק בע""מ",,,"י""ח",5.50,ל 100 גרם,false,1,7.50,1.36,false,1,
7290000112220,false,טחינה גולמית בארכה 500גרם,קבוצת אוסם סחר-שות.מוגבלת,,,"י""ח",5,ל 100 גרם,false,1,13.90,2.78,false,1,
7290000112497,false,קנור עשיר עוף 68גרם,"יוניליוור ישראל שיווק בע""מ",,,"י""ח",0.68,ל 100 גרם,false,1,9.90,14.56,true,1,
7290000112503,false,קנור ירקות עשיר61גרם,"יוניליוור ישראל שיווק בע""מ",,,"י""ח",0.61,ל 100 גרם,false,1,9.90,16.23,true,1,
7290000112619,false,מרק עוף   אמיתי{קנור}400גר.,"יוניליוור ישראל שיווק בע""מ",,,"י""ח",4,ל 100 גרם,false,1,16.90,4.23,true,1,
7290000113203,false,כיפלי בטעם קטשופ,"יוניליוור ישראל שיווק בע""מ",,,"י""ח",0.50,ל 100 גרם,false,1,4.50,9,true,1,
7290000116204,false,"מרק דגש 1 ק""ג","יוניליוור ישראל שיווק בע""מ",,,"י""ח",1,מטר,false,1,15.90,15.90,true,1,
7290000116921,false,רוטב צ ילי מתוק 340גרם קנור,"יוניליוור ישראל שיווק בע""מ",,,"י""ח",3.40,"ל 100 מ""ל",false,1,10.90,3.21,true,1,
7290000117171,false,טעם עוף  דלקל 48גרם,"יוניליוור ישראל שיווק בע""מ",,,"י""ח",0.48,ל 100 גרם,false,1,6.50,13.54,false,1,
7290000117720,false,פטריות נמס 43 גרם,"יוניליוור ישראל שיווק בע""מ",,,"י""ח",0.43,ל 100 גרם,false,1,6.90,16.05,true,1,
7290000120836,false,מיונז הלמנס 394גרם,"יוניליוור ישראל שיווק בע""מ",,,"י""ח",3.94,ל 100 גרם,false,1,12.90,3.27,false,1,
7290000121031,false,גבינה החתול 120 גרם,נטו מלינדה סחר בעמ,,,"י""ח",1.20,ל 100 גרם,false,1,8.90,7.42,false,1,
7290000121079,false,גבינה מון בלאן,נטו מלינדה סחר בעמ,,,"י""ח",1.20,ל 100 גרם,false,1,8.90,7.42,false,1,
7290000121093,false,גבינה מון בלאן,נטו מלינדה סחר בעמ,,,"י""ח",1.20,ל 100 גרם,false,1,8.90,7.42,false,1,
7290000121109,false,גבינה מון בלאן,נטו מלינדה סחר בעמ,,,"י""ח",1.20,ל 100 גרם,false,1,8.90,7.42,false,1,
7290000121147,false,מון בלאן לייט טעם פיקנטי,נטו מלינדה סחר בעמ,,,"י""ח",1.20,ל 100 גרם,false,1,8.90,7.42,false,1,
7290000121154,false,ג מבון בלאן סלמו,נטו מלינדה סחר בעמ,,,"י""ח",1.20,ל 100 גרם,false,1,8.90,7.42,false,1,
7290000121239,false,מיוקל 5% תלמה} {500,"יוניליוור ישראל שיווק בע""מ",,,"י""ח",5,ל 100 גרם,false,1,11.90,2.38,false,1,
7290000122830,false,רוטב סצ ואן בקבוק 370גרם,"יוניליוור ישראל שיווק בע""מ",,,"י""ח",3.70,ל 100 גרם,false,1,10.90,2.95,true,1,
7290000123363,false,צמקאו י-ם 500 גרם,"יוניליוור ישראל שיווק בע""מ",,,"י""ח",5,ל 100 גרם,false,1,10.90,2.18,false,1,
7290000124841,false,מארז שוקולד חלב 100*3,"יוניליוור ישראל שיווק בע""מ",,,"י""ח",3,ל 100 גרם,false,1,13.90,4.63,true,1,
7290000129457,false,"רוטב פטריות 28 גרם בד""ץ","יוניליוור ישראל שיווק בע""מ",,,"י""ח",0.28,ל 100 גרם,false,1,3.90,13.93,false,1,
7290000129785,false,בדין 4 ליטר ירוק,"יוניליוור ישראל שיווק בע""מ",,,"י""ח",4,ליטר,false,1,19.90,4.98,false,1,
7290000133645,false,אורביטול שלישיה סודה,החב הדרומית לשיווק,,,"י""ח",4.35,ל 100 גרם,false,1,16.50,3.79,false,1,
7290000134840,false,כורכום 100  גרם(במיכל),תבליני טעם וריח בעמ,,,"י""ח",1,,false,1,9.90,9.90,true,1,
7290000134871,false,פלפל שחור 100ג (במיכל),תבליני טעם וריח בעמ,,,"י""ח",1,ל 100 גרם,false,1,14.90,14.90,true,1,
7290000136585,false,ג אמפ אשכוליות 1.5 ליטר,טמפו משקאות בעמ,,,"י""ח",1.50,ליטר,false,1,7.50,4.80,true,1,
7290000136646,false,נשר מאלט 1.5 ליטר,טמפו משקאות בעמ,,,"י""ח",1.50,ליטר,false,1,9.10,5.87,true,1,
7290000136653,false,נשר מאלט דיאט 1.5 ליטר,טמפו משקאות בעמ,,,"י""ח",1.50,ליטר,false,1,8.90,5.73,true,1,
7290000136844,false,אקווה נובה 2 ליטר שישייה.,טמפו משקאות בעמ,,,"י""ח",12,ליטר,false,1,11.90,0.84,false,1,
7290000137513,false,.גלידונית 60 יח שטראוס,"גלידות שטראוס בע""מ",,,"י""ח",7,ל 100 גרם,false,1,46.90,6.70,false,1,
7290000137643,false,טעמקור משפחתי שטראוס,"גלידות שטראוס בע""מ",,,"י""ח",1,,false,1,34.90,34.90,false,1,
7290000143293,false,מרכך הוואי לילדים 700,הנקל סוד בעמ,,,"י""ח",7,"ל 100 מ""ל",false,1,10.90,1.56,false,1,
7290000144467,false,שמן בריאות חמניות 1 ליטר]ע .הזיית,סוגת תעשיות בעמ,,,"י""ח",1,ליטר,false,1,16.90,16.90,false,1,
7290000144474,false,שמן בריאות קנולה 1 ליטר ]ע.זיית[,סוגת תעשיות בעמ,,,"י""ח",1,ליטר,false,1,15.90,15.90,false,1,
7290000146645,false,סבון מוצק הוואי  רבעייה שחור 100,הנקל סוד בעמ,,,"י""ח",4,ל 100 גרם,false,1,11.90,2.98,true,1,
7290000146652,false,סבון מוצק הוואי רביעיה ורוד,הנקל סוד בעמ,,,"י""ח",4,ל 100 גרם,false,1,11.90,2.98,true,1,
7290000146676,false,סבון מוצק  הוואי רבעייה חום לגבר,הנקל סוד בעמ,,,"י""ח",4,ל 100 גרם,false,1,11.90,2.98,true,1,
7290000146683,false,סבון מוצק הוואי  רבעייה אפקט הדאו,הנקל סוד בעמ,,,"י""ח",4,ל 100 גרם,false,1,11.90,2.98,true,1,
7290000146928,false,טום וג רי מ.שיניים ענבים,הנקל סוד בעמ,,,"י""ח",0.75,ל 100 גרם,false,1,6.90,9.20,true,1,
7290000146997,false,טום וג רי משחת שיניים מסטיק,הנקל סוד בעמ,,,"י""ח",0.50,ל 100 גרם,false,1,6.90,13.80,true,1,
7290000148380,false,פיסטוק קלוי 200 ג,ליימן שליסל,,,"י""ח",2,ל 100 גרם,false,1,15.90,7.95,true,1,
7290000148489,false,גרעיני דלעת 200 גרם,ליימן שליסל,,,"י""ח",2,ל 100 גרם,false,1,9.90,4.95,false,1,
7290000148618,false,קשיו מטוגן 200 ג,ליימן שליסל,,,"י""ח",2,ל 100 גרם,false,1,15.90,7.95,true,1,
7290000148748,false,גרעיני חמניות 200 גרם,ליימן שליסל,,,"י""ח",2,ל 100 גרם,false,1,6.40,3.20,true,1,
7290000148939,false,שקד קלוי 200 גרם,ליימן שליסל,,,"י""ח",2,ל 100 גרם,false,1,18.90,9.45,true,1,
7290000149615,false,סבון רביעיה לבן נקה 7,החב הדרומית לשיווק,,,"י""ח",4,ל 100 גרם,false,1,10.90,2.73,false,1,
7290000152288,false,נקניקיות עוף 400 (עוף טוב),קבוצת אוסם סחר-שות.מוגבלת,,,"י""ח",4,ל 100 גרם,false,1,9.90,2.48,true,1,
7290000161358,false,מיונז אמיתי שמן קנולה 500גרם,"יוניליוור ישראל שיווק בע""מ",,,"י""ח",5,ל 100 גרם,false,1,12.90,2.58,false,1,
7290000174723,false,שוקולית 500 גר.,"שטראוס גרופ בע""מ",,,"י""ח",5,ל 100 גרם,false,1,11.80,2.36,true,1,
7290000176062,false,#קפה טורקי 100 גרם עלית.,"שטראוס גרופ בע""מ",,,"י""ח",1,ל 100 גרם,false,1,9.20,9.20,true,1,
7290000176079,false,קפה טורקי 100 הל,"שטראוס גרופ בע""מ",,,"י""ח",1,ל 100 גרם,false,1,9.90,9.90,true,1,
7290000176116,false,קפה טורקי 1 ק  ואקום עלית,"שטראוס גרופ בע""מ",,,"י""ח",1,"ק""ג",false,1,76.90,76.90,true,1,
7290000176413,false,קפה נמס 50 ג,"שטראוס גרופ בע""מ",,,"י""ח",0.50,ל 100 גרם,false,1,9.60,19.20,true,1,
7290000176468,false,האג נטול 50,"שטראוס גרופ בע""מ",,,"י""ח",0.50,ל 100 גרם,false,1,10.90,21.80,true,1,
7290000176475,false,קפה נמס האג,"שטראוס גרופ בע""מ",,,"י""ח",2,ל 100 גרם,false,1,38.90,19.45,true,1,
7290000178707,false,תפוצ יפס 50 גרם,"שטראוס פריטו ליי בע""מ",,,"י""ח",0.50,ל 100 גרם,false,1,4.50,9,true,1,
7290000178721,false,תפוצי פס 200 ג,"שטראוס פריטו ליי בע""מ",,,"י""ח",2,ל 100 גרם,false,1,10.90,5.45,true,1,
7290000186030,false,מגבוני האגיס רביעייה עם תחליב,קימברלי קלארק ישראל שיווק בעמ,,,"י""ח",4,"י""ח",false,1,23.90,5.98,true,1,
7290000187952,false,נייר טואלט לילי טריו 32 צבע וורוד,קימברלי קלארק ישראל שיווק בעמ,,,"י""ח",537,מטר,false,1,39.90,0.07,false,1,
7290000189550,false,זוג שקיות אשפה גדול ניקול,קימברלי קלארק ישראל שיווק בעמ,,,"י""ח",1,"י""ח",false,1,21.90,21.90,true,1,
7290000190068,false,מפיות ניקול 100 יח לבן,קימברלי קלארק ישראל שיווק בעמ,,,"י""ח",100,"י""ח",false,1,6.10,0.06,false,1,
7290000191393,false,ממחטות נייר מולט חתוך  7יחידות,קימברלי קלארק ישראל שיווק בעמ,,,"י""ח",8.2250,ל 100 גרם,false,1,21.90,2.66,false,1,
7290000191539,false,לילי צבעוני חמישיה,קימברלי קלארק ישראל שיווק בעמ,,,"י""ח",5.93,ל 100 גרם,false,1,17.90,3.02,false,1,
7290000191652,false,קלינקס ניילון שלישיות,קימברלי קלארק ישראל שיווק בעמ,,,"י""ח",1,,false,1,13.90,13.90,false,1,
7290000193014,false,פדיות אינטרלוד 5,קימברלי קלארק ישראל שיווק בעמ,,,"י""ח",1,"י""ח",false,1,9.90,9.90,false,1,
7290000193083,false,נובה לי,קימברלי קלארק ישראל שיווק בעמ,,,"י""ח",1,"י""ח",false,1,9.90,9.90,false,1,
7290000193205,false,לילי נטורל לילה,קימברלי קלארק ישראל שיווק בעמ,,,"י""ח",1,"י""ח",false,1,16.90,16.90,false,1,
7290000193472,false,פדיות לילי אינט אורירי,קימברלי קלארק ישראל שיווק בעמ,,,"י""ח",1,"י""ח",false,1,16.90,16.90,false,1,
7290000193540,false,לילי אינטימייט לונג,קימברלי קלארק ישראל שיווק בעמ,,,"י""ח",1,"י""ח",false,1,16.90,16.90,false,1,
7290000193618,false,פדית לייט לילי,קימברלי קלארק ישראל שיווק בעמ,,,"י""ח",1,"י""ח",false,1,16.90,16.90,false,1,
7290000193649,false,תח  לילי אינטימט,קימברלי קלארק ישראל שיווק בעמ,,,"י""ח",1,"י""ח",false,1,16.90,16.90,false,1,
7290000193656,false,תחתוניות לילי,קימברלי קלארק ישראל שיווק בעמ,,,"י""ח",1,ל 100 גרם,false,1,16.90,16.90,false,1,
7290000195537,false,מגבוני האגיס קמומיל 4 יח,קימברלי קלארק ישראל שיווק בעמ,,,"י""ח",4,"י""ח",false,1,19.90,4.98,true,1,
7290000195773,false,האגיס נטורל אלוורה+קמומיל,קימברלי קלארק ישראל שיווק בעמ,,,"י""ח",1,,false,1,19.90,19.90,true,1,
7290000196039,false,מפות איריס,קימברלי קלארק ישראל שיווק בעמ,,,"י""ח",2.50,ל 100 גרם,false,1,9.90,3.96,false,1,
7290000197081,false,ניילון נצמד ניילונית  150מ  חסכוני ניק,קימברלי קלארק ישראל שיווק בעמ,,,"י""ח",150,מטר,false,1,32.90,0.22,false,1,
7290000197326,false,רדיד אלומיניום ניקול זוגות 7.5*2קצר,קימברלי קלארק ישראל שיווק בעמ,,,"י""ח",2,ל 100 גרם,false,1,10.90,5.45,false,1,
7290000197340,false,רדיד אלומיניום  זוג  ניקול,קימברלי קלארק ישראל שיווק בעמ,,,"י""ח",1,"י""ח",false,1,21.90,21.90,false,1,
7290000197432,false,סנדויצ ון זוג חוגלה,קימברלי קלארק ישראל שיווק בעמ,,,"י""ח",2,"י""ח",false,1,12.90,6.45,false,1,
7290000197470,false,מקפיאון שקיות 100*3,קימברלי קלארק ישראל שיווק בעמ,,,"י""ח",200,"י""ח",false,1,17.90,0.09,false,1,
7290000197654,false,ניקול אשפתון פחים ענקיים 45יח,קימברלי קלארק ישראל שיווק בעמ,,,"י""ח",45,"י""ח",false,1,21.90,0.49,true,1,
7290000197753,false,ניילון נצמד נילונית 30  מ`זוג,קימברלי קלארק ישראל שיווק בעמ,,,"י""ח",1,"י""ח",false,1,11.90,11.90,false,1,
7290000197876,false,מגשית 26,קימברלי קלארק ישראל שיווק בעמ,,,"י""ח",26,"י""ח",false,1,10.90,0.42,false,1,
7290000197883,false,מגשית 100,קימברלי קלארק ישראל שיווק בעמ,,,"י""ח",1,"י""ח",false,1,11.90,11.90,false,1,
7290000197951,false,מגשית 200 אר  חסכון,קימברלי קלארק ישראל שיווק בעמ,,,"י""ח",1,,false,1,11.90,11.90,false,1,
7290000197982,false,גלילית 7.5*45 רדיד זוגות,קימברלי קלארק ישראל שיווק בעמ,,,"י""ח",2,"י""ח",false,1,24.90,12.45,false,1,
7290000197999,false,רדיד אלומיניום זוג,קימברלי קלארק ישראל שיווק בעמ,,,"י""ח",1,"י""ח",false,1,17.90,17.90,false,1,
7290000199313,false,תחבושות קוטקס יאנג,קימברלי קלארק ישראל שיווק בעמ,,,"י""ח",1,"י""ח",false,1,18.90,18.90,true,1,
7290000204086,false,סקוטש 2+1 רגיל,קימברלי קלארק ישראל שיווק בעמ,,,"י""ח",3,"י""ח",false,1,10.90,3.63,false,1,
7290000204147,false,ניקול כרית יפנית רביעייה,קימברלי קלארק ישראל שיווק בעמ,,,"י""ח",4,"י""ח",false,1,10.90,2.73,false,1,
7290000204215,false,כרית יפנית שישייה ניקול,קימברלי קלארק ישראל שיווק בעמ,,,"י""ח",6,ל 100 גרם,false,1,10.90,1.82,false,1,
7290000204253,false,מטליות רב שימושי תשעייה,קימברלי קלארק ישראל שיווק בעמ,,,"י""ח",9,"י""ח",false,1,10.90,1.21,false,1,
7290000204611,false,ניקול ספוגית הקסם שישיה,קימברלי קלארק ישראל שיווק בעמ,,,"י""ח",6,"י""ח",false,1,10.90,1.82,false,1,
7290000207063,false,רוטב פריכוז }240 יכין{.,זנלכל בעמ,,,"י""ח",2.40,ל 100 גרם,false,1,4.90,2.04,false,1,
7290000207162,false,רוטב עגבניות 100 גר]יכין[.,זנלכל בעמ,,,"י""ח",1,ל 100 גרם,false,1,2.50,2.50,true,1,
7290000207438,false,קוביות עגבניות פריכוז,זנלכל בעמ,,,"י""ח",8,ל 100 גרם,false,1,9.90,1.24,false,1,
7290000208008,false,חריסה A2 יכין,זנלכל בעמ,,,"י""ח",5.70,ל 100 גרם,false,1,9.90,1.74,true,1,
7290000208022,false,"עגבניות מרוסקות 800 בד""צ",זנלכל בעמ,,,"י""ח",8,ל 100 גרם,false,1,9.90,1.24,false,1,
7290000208077,false,אפונת   גינה{גדול}יכין,זנלכל בעמ,,,"י""ח",5.50,ל 100 גרם,false,1,8.90,1.62,true,1,
7290000208114,false,אפונת גינה וגזר יכין,זנלכל בעמ,,,"י""ח",5.50,ל 100 גרם,false,1,8.90,1.62,true,1,
7290000208138,false,סירופ דיאט ענבים 1 ליטר,זנלכל בעמ,,,"י""ח",1,ליטר,false,1,18.90,18.90,false,1,
7290000208145,false,תירס  לייט}יכין{A2,זנלכל בעמ,,,"י""ח",5.50,ל 100 גרם,false,1,9.90,1.80,false,1,
7290000208213,false,שעועית אפויה A2,זנלכל בעמ,,,"י""ח",5.80,ל 100 גרם,false,1,8.90,1.53,true,1,
7290000208244,false,רוטב שקשוקה יכין,זנלכל בעמ,,,"י""ח",5.70,ל 100 גרם,false,1,9.90,1.74,true,1,
7290000208312,false,תירס ואקום יכין,זנלכל בעמ,,,"י""ח",3.25,ל 100 גרם,false,1,7.90,2.43,true,1,
7290000208329,false,תירס A2 יכין,זנלכל בעמ,,,"י""ח",5.50,ל 100 גרם,false,1,8.90,1.62,true,1,
7290000208336,false,רוטב עגבניות 240 גרם יכין,זנלכל בעמ,,,"י""ח",2.40,ל 100 גרם,false,1,4.50,1.88,true,1,
7290000208343,false,עגב.מרוסקות עם שום 900גר.,זנלכל בעמ,,,"י""ח",9,ל 100 גרם,false,1,9.90,1.10,false,1,
7290000208350,false,עגבניות מרוסקות עם בצל 800,זנלכל בעמ,,,"י""ח",9,ל 100 גרם,false,1,9.90,1.10,false,1,
7290000208428,false,~חומוס גרעינים A2 יכין,זנלכל בעמ,,,"י""ח",5.50,ל 100 גרם,false,1,8.90,1.62,true,1,
7290000208534,false,תירס קיד יכין,זנלכל בעמ,,,"י""ח",5.50,ל 100 גרם,false,1,9.90,1.80,false,1,
7290000208855,false,רוטב פסטה 240 גרם יכין,זנלכל בעמ,,,"י""ח",2.40,ל 100 גרם,false,1,5.50,2.29,false,1,
7290000208893,false,תירס ואקום לייט יכין,זנלכל בעמ,,,"י""ח",3.40,ל 100 גרם,false,1,6.90,2.03,false,1,
7290000208930,false,עגבניות בתוספת שום 240 גרם יכין,זנלכל בעמ,,,"י""ח",2.40,ל 100 גרם,false,1,5.50,2.29,false,1,
7290000208947,false,עגבניות מרוסקות 240 DRO HFHI,זנלכל בעמ,,,"י""ח",2.40,ל 100 גרם,false,1,5.50,2.29,false,1,
7290000208978,false,רוטב עג  פריכוז יכין 100 ג`.,זנלכל בעמ,,,"י""ח",1,ל 100 גרם,false,1,2.90,2.90,false,1,
7290000209043,false,רוטב לימון משומר]יכין[,זנלכל בעמ,,,"י""ח",1,ליטר,false,1,6.90,6.90,true,1,
7290000209173,false,חומץ סינטטי 1 ל,זנלכל בעמ,,,"י""ח",1,ליטר,false,1,5.50,5.50,false,1,
7290000209524,false,סירופ דיאט פטל 1 ליטר,זנלכל בעמ,,,"י""ח",1,ליטר,false,1,18.90,18.90,false,1,
7290000209555,false,סירופ דיאט תפוח עץ 1 ליטר,זנלכל בעמ,,,"י""ח",1,ליטר,false,1,18.90,18.90,false,1,
7290000209579,false,סירופ דיאט אננס 1 ליטר,זנלכל בעמ,,,"י""ח",1,ליטר,false,1,18.90,18.90,false,1,
7290000209708,false,עגבניות בתוספת בזיליקום 240ג,זנלכל בעמ,,,"י""ח",2.40,ל 100 גרם,false,1,5.50,2.29,false,1,
7290000209722,false,רוטב עגבניות  פריכוז יכין A2,זנלכל בעמ,,,"י""ח",5.80,ל 100 גרם,false,1,9.90,1.71,true,1,
7290000209906,false,עגב  מרוסקות 240גר  בצל,זנלכל בעמ,,,"י""ח",2.40,ל 100 גרם,false,1,5.50,2.29,false,1,
7290000209913,false,עגב  קוביות 240גר,זנלכל בעמ,,,"י""ח",2.40,ל 100 גרם,false,1,5.50,2.29,false,1,
7290000209944,false,בסיס עגבניות לשקשוקה 240 גרם יכין,זנלכל בעמ,,,"י""ח",2.40,ל 100 גרם,false,1,5.50,2.29,false,1,
7290000209951,false,רוטב פיצה 240גר,זנלכל בעמ,,,"י""ח",2.40,"ל 100 מ""ל",false,1,5.50,2.29,false,1,
7290000211169,false,"אורז בסגנון תאילנדי סוגת 1 ק""ג",סוגת תעשיות בעמ,,,"י""ח",1,"ק""ג",false,1,7.90,7.90,false,1,
7290000211312,false,אורז מלא בסגנון פרסי,סוגת תעשיות בעמ,,,"י""ח",1,"ק""ג",false,1,7.90,7.90,false,1,
7290000211442,false,"~אורז בסגנון פרסי 1 ק""ג]סוגת[",סוגת תעשיות בעמ,,,"י""ח",1,"ק""ג",false,1,10.90,10.90,false,1,
7290000211503,false,סוכר  לבן}סוגת{.,סוגת תעשיות בעמ,,,"י""ח",1,"ק""ג",false,1,4.30,4.30,false,1,
7290000211626,false,"חיש אורז 1 ק""ג",סוגת תעשיות בעמ,,,"י""ח",1,"ק""ג",false,1,7.90,7.90,false,1,
7290000211985,false,אורז בסגנון פרסי עגול]סוגת[,סוגת תעשיות בעמ,,,"י""ח",1,"ק""ג",false,1,9.90,9.90,false,1,
7290000226552,false,"עוגת טורט ריבת חלב עם קוקוס 1ק""ג",קפולסקי אדל בעמ,,,"י""ח",1,"ק""ג",false,1,64.90,64.90,false,1,
7290000238029,false,בצק עלים  צרפתי מעדנות 1 קג מרודד,תנובה בשר,,,"י""ח",1,"ק""ג",false,1,21.90,21.90,false,1,
7290000238036,false,מלאווח 700  גרם}מעדנות{,תנובה בשר,,,"י""ח",7,ל 100 גרם,false,1,17.90,2.56,true,1,
7290000238173,false,בורקס גבינה מעדנות 800 ג`,תנובה בשר,,,"י""ח",8,ל 100 גרם,false,1,21.90,2.74,true,1,
7290000238180,false,"בורקס מעדנות תפו""א",תנובה בשר,,,"י""ח",8,ל 100 גרם,false,1,17.90,2.24,true,1,
7290000240541,false,ריבועי בצק עלים,תנובה בשר,,,"י""ח",8,ל 100 גרם,false,1,22.90,2.86,false,1,
7290000244051,false,"הוואי  אל סבון  נוזלי טרופי 3*500 מ""ל",הנקל סוד בעמ,,,"י""ח",1.50,ליטר,false,1,15.90,10.60,true,1,
7290000244082,false,"הוואי אל סבון נוזלי   500 מ""ל*3",הנקל סוד בעמ,,,"י""ח",1.50,ליטר,false,1,15.90,10.60,true,1,
7290000244143,false,הוואי קרם לאחר הגילוח,הנקל סוד בעמ,,,"י""ח",1.20,ל 100 גרם,false,1,14.90,12.42,true,1,
7290000244761,false,"ולוטה קרם ידיים 100מ""ל",הנקל סוד בעמ,,,"י""ח",1,"ל 100 מ""ל",false,1,6.90,6.90,true,1,
7290000245072,false,מרכך כביסה לתינוק 4 ליטר,גורי שיווק בעמ,,,"י""ח",4,ליטר,false,1,16.90,4.23,false,1,
7290000245089,false,מרכך כביסה סוד 4 ליטר,גורי שיווק בעמ,,,"י""ח",4,ליטר,false,1,16.90,4.23,false,1,
7290000245157,false,מרכך כביסה סוד 4 ל,גורי שיווק בעמ,,,"י""ח",4,ליטר,false,1,16.90,4.23,false,1,
7290000245782,false,מרכך כביסה סוד ורוד 4 ליטר,גורי שיווק בעמ,,,"י""ח",4,ליטר,false,1,16.90,4.23,false,1,
7290000245799,false,מרכך כביסה כחול 4 ליטר,גורי שיווק בעמ,,,"י""ח",4,ליטר,false,1,16.90,4.23,false,1,
7290000253220,false,שוקולד  ציפס 260גר אופניימר,תה ויסוצקי (ישראל)בעמ,,,"י""ח",2.60,ל 100 גרם,false,1,10.90,4.19,false,1,
7290000253251,false,שוקו צ יפס לבן 250גר,תה ויסוצקי (ישראל)בעמ,,,"י""ח",2.50,ל 100 גרם,false,1,10.90,4.36,false,1,
7290000254197,false,אספרסו  זהב}קפה{,"שטראוס גרופ בע""מ",,,"י""ח",2,ל 100 גרם,false,1,25.20,12.60,true,1,
7290000262031,false,נייר טואלט מולט לב 32,קימברלי קלארק ישראל שיווק בעמ,,,"י""ח",18.50,ל 100 גרם,false,1,31.90,1.72,false,1,
7290000262161,false,נייר טואלט מולט לב 40,קימברלי קלארק ישראל שיווק בעמ,,,"י""ח",716,מטר,false,1,36.90,0.05,false,1,
7290000262239,false,נייר טואלט מולט 48 יח,קימברלי קלארק ישראל שיווק בעמ,,,"י""ח",27.70,ל 100 גרם,false,1,41.90,1.51,false,1,
7290000267029,false,שקד מולבן חצוי 100גר שקדיה,*347340,,,"י""ח",1,ל 100 גרם,false,1,10.90,10.90,true,1,
7290000267036,false,שקד מולבן משובב 100 גרם שקדיה,*347340,,,"י""ח",1,ל 100 גרם,false,1,9.90,9.90,true,1,
7290000267043,false,שקד מולבן פרוס 100גר שקדיה,*347340,,,"י""ח",1,ל 100 גרם,false,1,9.90,9.90,true,1,
7290000267050,false,שקד טבעי טחון 100 גרם,*347340,,,"י""ח",1,ל 100 גרם,false,1,9.90,9.90,true,1,
7290000267555,false,בוטן מרוסק טבעי 100 גרם,*347340,,,"י""ח",1,ל 100 גרם,false,1,9.90,9.90,false,1,
7290000272467,false,סירופ פטל 1 ליטר,קבוצת אוסם סחר-שות.מוגבלת,,,"י""ח",1,ליטר,false,1,9.90,9.90,false,1,
7290000272696,false,מיץ לימון משומר אסם,קבוצת אוסם סחר-שות.מוגבלת,,,"י""ח",1,ליטר,false,1,9.90,9.90,false,1,
7290000272726,false,חומץ טבעי1ליטר אוסם,קבוצת אוסם סחר-שות.מוגבלת,,,"י""ח",1,ליטר,false,1,6.50,6.50,false,1,
7290000286228,false,סנו סושי ספוגיות לניקוי `כלים 6 יח,החב הדרומית לשיווק,,,"י""ח",6,"י""ח",false,1,10.90,1.82,false,1,
7290000286297,false,סנו מסיר אבן מקומקום,החב הדרומית לשיווק,,,"י""ח",7,"ל 100 מ""ל",false,1,10.90,1.56,false,1,
7290000286549,false,מטליות רב שימוש סנו סושי 9 יחידות,החב הדרומית לשיווק,,,"י""ח",9,"י""ח",false,1,10.90,1.21,false,1,
7290000286761,false,פלסטיק נצמד זוג 30 מטר סנו,החב הדרומית לשיווק,,,"י""ח",1,,false,1,10.90,10.90,false,1,
7290000286921,false,סנוקל רסס כבס,החב הדרומית לשיווק,,,"י""ח",6,"ל 100 מ""ל",false,1,10.90,1.82,false,1,
7290000287102,false,סנו שמפו לשטיחים 540 גרם,החב הדרומית לשיווק,,,"י""ח",6,"ל 100 מ""ל",false,1,19.70,3.28,false,1,
7290000287195,false,סנו רהיט ארוסול,החב הדרומית לשיווק,,,"י""ח",3.05,"ל 100 מ""ל",false,1,13.70,4.49,false,1,
7290000287409,false,סנו בון שלישיה תות,החב הדרומית לשיווק,,,"י""ח",1.65,ל 100 גרם,false,1,11.90,7.21,false,1,
7290000287430,false,סנו בון שלישיה לימון,החב הדרומית לשיווק,,,"י""ח",1.65,ל 100 גרם,false,1,11.90,7.21,false,1,
7290000287485,false,סנובון לובר 55 גרם  `3X יח,החב הדרומית לשיווק,,,"י""ח",1.65,ל 100 גרם,false,1,11.90,7.21,false,1,
7290000287492,false,"סנובון נוזלי לימון 750 מ""ל",החב הדרומית לשיווק,,,"י""ח",7.50,"ל 100 מ""ל",false,1,8.90,1.19,false,1,
7290000287621,false,סנו חיטוי WC סנו,החב הדרומית לשיווק,,,"י""ח",7.50,"ל 100 מ""ל",false,1,9.90,1.32,true,1,
7290000288017,false,סנו ג`אוול לימון 1 ליטר,החב הדרומית לשיווק,,,"י""ח",1,ליטר,false,1,7.90,7.90,false,1,
7290000288024,false,"סנו אקונומיקה ז""אוול 4 ליטר",החב הדרומית לשיווק,,,"י""ח",4,ליטר,false,1,16.90,4.23,false,1,
7290000288048,false,סנו JAVEL מרסס לבנדר,החב הדרומית לשיווק,,,"י""ח",1,ליטר,false,1,14.90,14.90,false,1,
7290000288079,false,סנו  זאוול לימון 2 ליטר,החב הדרומית לשיווק,,,"י""ח",2,ליטר,false,1,11.90,5.95,false,1,
7290000288086,false,אבקת ניקוי לימון,החב הדרומית לשיווק,,,"י""ח",6,ל 100 גרם,false,1,9.90,1.65,false,1,
7290000288352,false,K-300 סנו.,החב הדרומית לשיווק,,,"י""ח",6.30,"ל 100 מ""ל",false,1,21.90,3.48,false,1,
7290000288642,false,מרכך סנסטיב 4 ליטר,החב הדרומית לשיווק,,,"י""ח",4,ליטר,false,1,21.90,5.48,false,1,
7290000288840,false,מים מזוקקים 2 ליטר,החב הדרומית לשיווק,,,"י""ח",2,ליטר,false,1,12.90,6.45,false,1,
7290000289069,false,סנו ג`אבל מרסס,החב הדרומית לשיווק,,,"י""ח",1,ליטר,false,1,15.90,15.90,false,1,
7290000289380,false,סנו JAVEL לימון לניקוי אסלות 750 מ``ל,החב הדרומית לשיווק,,,"י""ח",7.50,ל 100 גרם,false,1,10.80,1.44,true,1,
7290000289472,false,שקיות לפח אשפה 50יח ענק,החב הדרומית לשיווק,,,"י""ח",1,,false,1,18.90,18.90,false,1,
7290000289496,false,סופר קרם JAVEL,החב הדרומית לשיווק,,,"י""ח",7.50,"ל 100 מ""ל",false,1,10.80,1.44,false,1,
7290000289595,false,אורביטול ילדים,החב הדרומית לשיווק,,,"י""ח",1.45,ל 100 גרם,false,1,6.90,4.76,false,1,
7290000289748,false,"סנו פורטה פלוס 750מ""ל.",החב הדרומית לשיווק,,,"י""ח",7.50,"ל 100 מ""ל",false,1,14.90,1.99,false,1,
7290000291932,false,"סנובון נוזלי לבנדר 750 מ""ל",החב הדרומית לשיווק,,,"י""ח",7.50,"ל 100 מ""ל",false,1,8.90,1.19,false,1,
7290000291956,false,סנו גאבל לבנדר 1 ליטר,החב הדרומית לשיווק,,,"י""ח",1,ליטר,false,1,8,8,false,1,
7290000291963,false,סנו אקונומיקה סמיכה לימון 1 ליטר,החב הדרומית לשיווק,,,"י""ח",1,ליטר,false,1,7.90,7.90,false,1,
7290000292311,false,פוליויקס סחלבים 2 ליטר,החב הדרומית לשיווק,,,"י""ח",2,"ל 100 מ""ל",false,1,19.90,9.95,true,1,
7290000292533,false,סנו ג ל לניקוי כחול,החב הדרומית לשיווק,,,"י""ח",1,ליטר,false,1,16.90,16.90,false,1,
7290000292687,false,סנובון כחול שלישיה.,החב הדרומית לשיווק,,,"י""ח",1.65,ל 100 גרם,false,1,14.90,9.03,true,1,
7290000292915,false,"סנו רסס ונגב מרסס 750 מ""ל",החב הדרומית לשיווק,,,"י""ח",6,"ל 100 מ""ל",false,1,10.90,1.82,false,1,
7290000293073,false,מקסימה מרכך לבן  ביו מקסי 4 ל,החב הדרומית לשיווק,,,"י""ח",4,ליטר,false,1,21.90,5.48,false,1,
7290000293530,false,סנו סופג לחות מילוי,החב הדרומית לשיווק,,,"י""ח",3.40,"ל 100 מ""ל",false,1,11.70,3.44,false,1,
7290000293561,false,מסיר עובש סנו תרסיס,החב הדרומית לשיווק,,,"י""ח",7.50,"ל 100 מ""ל",false,1,19.90,2.65,false,1,
7290000293943,false,אנטי קאלק מרסס,החב הדרומית לשיווק,,,"י""ח",1,ליטר,false,1,18.90,18.90,false,1,
7290000294773,false,סנו JAVEL לבנדר 4 ליטר,החב הדרומית לשיווק,,,"י""ח",4,ליטר,false,1,14.90,3.73,false,1,
7290000294780,false,סנו JAVEL  פרובנס]סמיכה [4ליטר,החב הדרומית לשיווק,,,"י""ח",4,ליטר,false,1,16.90,4.23,false,1,
7290000295121,false,"מטליות לניקוי רצפות סנו 3 יחידות, מארז",החב הדרומית לשיווק,,,"י""ח",1,,false,1,10.90,10.90,false,1,
7290000295299,false,כריות הפלא סנו סושי 4 יחידות,החב הדרומית לשיווק,,,"י""ח",1,,false,1,10.90,10.90,false,1,
7290000295404,false,שקיות אשפה סושי 60 יח,החב הדרומית לשיווק,,,"י""ח",1,"י""ח",false,1,22.90,22.90,false,1,
7290000295503,false,זוג סנו סושי מזון בקרטון,החב הדרומית לשיווק,,,"י""ח",1,,false,1,15.90,15.90,false,1,
7290000295541,false,סנו סושי רב מגבת ג`מבו 75 יחידות,החב הדרומית לשיווק,,,"י""ח",3.90,ל 100 גרם,false,1,19.90,5.10,false,1,
7290000295558,false,זוג נייר אלומיניום  30*7.5 סנו,החב הדרומית לשיווק,,,"י""ח",1,,false,1,10.90,10.90,false,1,
7290000295565,false,רדיד אלומיניום סנו זוג ארוך,החב הדרומית לשיווק,,,"י""ח",1,,false,1,18.90,18.90,false,1,
7290000295794,false,ספוגיות מתכת אל חלד לניקוי סנו 3 יחידו,החב הדרומית לשיווק,,,"י""ח",1,,false,1,10.90,10.90,false,1,
7290000295824,false,רדיד  אלומניום 100 מטר ענק סנו,החב הדרומית לשיווק,,,"י""ח",1,,false,1,54.90,54.90,false,1,
7290000300900,false,שניצל תירס 750 גרם,קבוצת אוסם סחר-שות.מוגבלת,,,"י""ח",7.50,ל 100 גרם,false,1,37.90,5.05,true,1,
7290000302027,false,סיגריות טיים 10(  יח),דובק בעמ,,,"י""ח",200,"י""ח",false,1,285.90,1.43,false,1,
7290000303581,false,פול מצרי A2,ויטה- פרי גליל (החדשה) בעמ,,,"י""ח",5.60,ל 100 גרם,false,1,7.90,1.41,true,1,
7290000303598,false,שעועית לבנה אפוי,ויטה- פרי גליל (החדשה) בעמ,,,"י""ח",5.50,ל 100 גרם,false,1,7.90,1.44,true,1,
7290000303604,false,חומוס גרגירים]פריגליל[,ויטה- פרי גליל (החדשה) בעמ,,,"י""ח",6,ל 100 גרם,false,1,7.90,1.32,true,1,
7290000307015,false,אפונה גינה A2,ויטה- פרי גליל (החדשה) בעמ,,,"י""ח",6,ל 100 גרם,false,1,7.90,1.32,true,1,
7290000307046,false,אפונה וגזר A2,ויטה- פרי גליל (החדשה) בעמ,,,"י""ח",5.50,ל 100 גרם,false,1,7.90,1.44,true,1,
7290000307220,false,תירס  ואקום}פריגליל{,ויטה- פרי גליל (החדשה) בעמ,,,"י""ח",4.50,ל 100 גרם,false,1,5.90,1.31,false,1,
7290000307237,false,תירס A2 פרי גליל,ויטה- פרי גליל (החדשה) בעמ,,,"י""ח",5.40,ל 100 גרם,false,1,7.90,1.46,true,1,
7290000311128,false,עוגיות חמאה 300ג מן,ח.כהן סוכנות מזון ומשקאות בע,,,"י""ח",3,ל 100 גרם,false,1,6.90,2.30,false,1,
7290000311135,false,עוגיות  מן סטיקם שוקולד 300גר,ח.כהן סוכנות מזון ומשקאות בע,,,"י""ח",3,ל 100 גרם,false,1,6.90,2.30,false,1,
7290000311180,false,וופלים עשריות 20 מן,ח.כהן סוכנות מזון ומשקאות בע,,,"י""ח",2.50,ל 100 גרם,false,1,6.20,2.48,false,1,
7290000311203,false,וופל שוקו 200 גר מן,ח.כהן סוכנות מזון ומשקאות בע,,,"י""ח",2,ל 100 גרם,false,1,4.90,2.45,false,1,
7290000311210,false,לימון 200 ופל מן,ח.כהן סוכנות מזון ומשקאות בע,,,"י""ח",2,ל 100 גרם,false,1,4.90,2.45,false,1,
7290000311234,false,וופל וניל 200 מן,ח.כהן סוכנות מזון ומשקאות בע,,,"י""ח",2,ל 100 גרם,false,1,4.90,2.45,false,1,
7290000311357,false,וופל אגוזים עשירייה מן,ח.כהן סוכנות מזון ומשקאות בע,,,"י""ח",2.80,ל 100 גרם,false,1,11.90,4.25,false,1,
7290000311425,false,וופל מצופה כחול 10יח מן,ח.כהן סוכנות מזון ומשקאות בע,,,"י""ח",2,ל 100 גרם,false,1,8.90,4.45,false,1,
7290000311500,false,וופלים שוקו 500גר מן,ח.כהן סוכנות מזון ומשקאות בע,,,"י""ח",5,ל 100 גרם,false,1,9.90,1.98,false,1,
7290000311708,false,עוג יות חיטה מלאה 300ג  מן,ח.כהן סוכנות מזון ומשקאות בע,,,"י""ח",3,ל 100 גרם,false,1,6.90,2.30,false,1,
7290000311715,false,עוגיות כוכבים שוקולד 300ג מן,ח.כהן סוכנות מזון ומשקאות בע,,,"י""ח",3,ל 100 גרם,false,1,6.90,2.30,false,1,
7290000311722,false,עוגיות כוכבים 300ג מן,ח.כהן סוכנות מזון ומשקאות בע,,,"י""ח",3,ל 100 גרם,false,1,6.90,2.30,false,1,
7290000313160,false,חברים זברה 3דובים שוקו,קבוצת אוסם סחר-שות.מוגבלת,,,"י""ח",2.50,ל 100 גרם,false,1,8.60,3.44,false,1,
7290000313290,false,נודלס-אטריות מסולסלות,קבוצת אוסם סחר-שות.מוגבלת,,,"י""ח",2,ל 100 גרם,false,1,9.90,4.95,false,1,
7290000315133,false,קנור-בקר   300 גרם,"יוניליוור ישראל שיווק בע""מ",,,"י""ח",3,ל 100 גרם,false,1,19.90,6.63,false,1,
7290000318127,false,מיני ביס נקנקיות 380 גרם,מעדני יחיעם 1993 בעמ,,,"י""ח",3.80,ל 100 גרם,false,1,11.90,3.13,false,1,
7290000318288,false,חזה הודו  בדבש{יחיעם},מעדני יחיעם 1993 בעמ,,,"ק""ג",1,,true,1,78.70,78.70,true,1,
7290000318530,false,רוסטביף צלי  בקר{יחיעם},מעדני יחיעם 1993 בעמ,,,"ק""ג",1,,true,1,134,134,false,1,
7290000318677,false,סלמי סרוולט,מעדני יחיעם 1993 בעמ,,,"י""ח",1.50,ל 100 גרם,false,1,22.90,15.27,false,1,
7290000318707,false,סלמי מעושן 500 גרם,מעדני יחיעם 1993 בעמ,,,"י""ח",5,ל 100 גרם,false,1,29.90,5.98,true,1,
7290000318806,false,סלמי  סרוולד{יחיעם},מעדני יחיעם 1993 בעמ,,,"ק""ג",1,,true,1,139,139,false,1,
7290000318882,false,"מעושן איטלקי  ק""ג{יחיעם}",מעדני יחיעם 1993 בעמ,,,"ק""ג",10,ל 100 גרם,true,1,67.60,6.76,true,1,
7290000318899,false,סלמי  פיין {יחיעם},מעדני יחיעם 1993 בעמ,,,"ק""ג",1,,true,1,49.90,49.90,true,1,
7290000318943,false,פסטרמה של פעם,מעדני יחיעם 1993 בעמ,,,"י""ח",2,ל 100 גרם,false,1,21.90,10.95,false,1,
7290000319124,false,סלמי סרוולט 250 גרם,מעדני יחיעם 1993 בעמ,,,"י""ח",2.50,ל 100 גרם,false,1,33.90,13.56,false,1,
7290000319131,false,נקניקיות עוף 400 גרם,מעדני יחיעם 1993 בעמ,,,"י""ח",4,ל 100 גרם,false,1,10.90,2.73,true,1,
7290000319704,false,כתף בקר  מעושן{יחיעם},מעדני יחיעם 1993 בעמ,,,"ק""ג",1,,true,1,109,109,false,1,
7290000334684,false,טבעות בצל 700גר,קבוצת אוסם סחר-שות.מוגבלת,,,"י""ח",7,ל 100 גרם,false,1,17.90,2.56,false,1,
7290000334745,false,"אמריקן ציפס 1.5  ק""ג(תפוגן)",קבוצת אוסם סחר-שות.מוגבלת,,,"י""ח",1.50,"ק""ג",false,1,24.90,16.60,false,1,
7290000336053,false,"סיידר תרכיז 330מ""ל",טמפו משקאות בעמ,,,"י""ח",3.30,"ל 100 מ""ל",false,1,13.60,4.12,true,1,
7290000339191,false,רן הלבנה 35גר קל,"יוניליוור ישראל שיווק בע""מ",,,"י""ח",3.50,ל 100 גרם,false,1,17.90,5.11,false,1,
7290000339566,false,בדין ורוד 4 ליטר,"יוניליוור ישראל שיווק בע""מ",,,"י""ח",4,ליטר,false,1,19.90,4.98,false,1,
7290000339849,false,"משחה לכלים 3.5 ק""ג סמדר","יוניליוור ישראל שיווק בע""מ",,,"י""ח",3.50,"ק""ג",false,1,26.90,7.69,false,1,
7290000339887,false,"משחת קלין 3.5 ק""ג","יוניליוור ישראל שיווק בע""מ",,,"י""ח",3.50,"ק""ג",false,1,26.90,7.69,false,1,
7290000341071,false,בייבי בדין 2 ליטר,"יוניליוור ישראל שיווק בע""מ",,,"י""ח",2,ליטר,false,1,14.90,7.45,false,1,
7290000342832,false,בדין צהוב 4 ל,"יוניליוור ישראל שיווק בע""מ",,,"י""ח",4,ליטר,false,1,19.90,4.98,false,1,
7290000342856,false,בדין כחול 4 ליטר,"יוניליוור ישראל שיווק בע""מ",,,"י""ח",4,ליטר,false,1,19.90,4.98,false,1,
7290000345055,false,100 ארל גריי תפזורת,תה ויסוצקי (ישראל)בעמ,,,"י""ח",1,ל 100 גרם,false,1,13.90,13.90,false,1,
7290000345215,false,תה ויסוצקי כחול} {100,תה ויסוצקי (ישראל)בעמ,,,"י""ח",100,"י""ח",false,1,15.90,0.16,false,1,
7290000345260,false,תה בריבוע 1.5/25,תה ויסוצקי (ישראל)בעמ,,,"י""ח",0.3750,ל 100 גרם,false,1,6.90,18.40,false,1,
7290000345277,false,תה קלאסיק  50 שקיות*1.5גר,תה ויסוצקי (ישראל)בעמ,,,"י""ח",0.75,ל 100 גרם,false,1,10.90,14.53,false,1,
7290000345284,false,תה קלאסיק 100 יח 1.5ג ק.ירוקה,תה ויסוצקי (ישראל)בעמ,,,"י""ח",1.50,ל 100 גרם,false,1,17.90,11.93,false,1,
7290000345291,false,תה ארל גריי 1.5/25,תה ויסוצקי (ישראל)בעמ,,,"י""ח",0.3750,ל 100 גרם,false,1,13.90,37.07,true,1,
7290000345307,false,תה ארל גריי 50 שקיות,תה ויסוצקי (ישראל)בעמ,,,"י""ח",0.75,ל 100 גרם,false,1,28.90,38.53,true,1,
7290000345536,false,תה נענע 25 שקיות,תה ויסוצקי (ישראל)בעמ,,,"י""ח",0.3750,ל 100 גרם,false,1,16.90,45.07,false,1,
7290000346120,false,חליטת קינמון גן קסום,תה ויסוצקי (ישראל)בעמ,,,"י""ח",0.6250,ל 100 גרם,false,1,17.90,28.64,true,1,
7290000346137,false,חליטת הילולי פירות,תה ויסוצקי (ישראל)בעמ,,,"י""ח",0.6250,ל 100 גרם,false,1,17.90,28.64,true,1,
7290000346144,false,תה גן קסום עינוגי התפוח,תה ויסוצקי (ישראל)בעמ,,,"י""ח",0.75,ל 100 גרם,false,1,17.90,23.87,true,1,
7290000346168,false,חליטת שומר גן קסום,תה ויסוצקי (ישראל)בעמ,,,"י""ח",0.3750,ל 100 גרם,false,1,17.90,47.73,true,1,
7290000346199,false,חליטת פירות יער  גן קסום 25 שק`,תה ויסוצקי (ישראל)בעמ,,,"י""ח",0.6750,ל 100 גרם,false,1,17.90,26.52,true,1,
7290000346205,false,חליטת  קמומיל גן קסום 25יח,תה ויסוצקי (ישראל)בעמ,,,"י""ח",0.3750,ל 100 גרם,false,1,17.90,47.73,true,1,
7290000346212,false,תה מנטה 25 ויסוצקי,תה ויסוצקי (ישראל)בעמ,,,"י""ח",0.50,ל 100 גרם,false,1,17.90,35.80,true,1,
7290000346229,false,חליטת תה ורד הבר,תה ויסוצקי (ישראל)בעמ,,,"י""ח",0.75,ל 100 גרם,false,1,17.90,23.87,true,1,
7290000346236,false,גן הקסום ורבינה,תה ויסוצקי (ישראל)בעמ,,,"י""ח",0.50,ל 100 גרם,false,1,17.90,35.80,true,1,
7290000346960,false,תה נענע 50 יח,תה ויסוצקי (ישראל)בעמ,,,"י""ח",0.75,ל 100 גרם,false,1,29.90,39.87,false,1,
7290000347738,false,תה ירוק בטעם נענע 25יח,תה ויסוצקי (ישראל)בעמ,,,"י""ח",25,"י""ח",false,1,24.90,1,true,1,
7290000347752,false,תה ירוק  25 עם לימונית לואיזה,תה ויסוצקי (ישראל)בעמ,,,"י""ח",0.3750,ל 100 גרם,false,1,24.90,66.40,true,1,
7290000355382,false,עגבניות מרוסקות+בזיליקום טל וטרי,ויטה- פרי גליל (החדשה) בעמ,,,"י""ח",8,ל 100 גרם,false,1,7.90,0.99,true,1,
7290000355405,false,ע מרוסקות ע בצל טלי וטרי,ויטה- פרי גליל (החדשה) בעמ,,,"י""ח",8,ל 100 גרם,false,1,7.90,0.99,true,1,
7290000355412,false,ע מרוסקות ע שום טל וטרי,ויטה- פרי גליל (החדשה) בעמ,,,"י""ח",8,ל 100 גרם,false,1,7.90,0.99,true,1,
7290000355498,false,תרכיז עגבניות BX28 TOMATO,ויטה- פרי גליל (החדשה) בעמ,,,"י""ח",6,ל 100 גרם,false,1,6.90,1.15,false,1,
7290000355757,false,עגבניות מרוסקות]טל וטרי,ויטה- פרי גליל (החדשה) בעמ,,,"י""ח",8,ל 100 גרם,false,1,7.90,0.99,true,1,
7290000363486,false,סלמי תה טירת צבי,תנובה בשר,,,"ק""ג",10,ל 100 גרם,true,1,50,5,false,1,
7290000363899,false,נקניקיות פיקנטיות 400גר`,תנובה בשר,,,"י""ח",4,ל 100 גרם,false,1,14,3.50,false,1,
7290000364858,false,"נקניקיות עוף 1 ק""ג טירת צבי",תנובה בשר,,,"י""ח",1,"ק""ג",false,1,22.90,22.90,false,1,
7290000364872,false,נקניקיות עוף 400 גרם טירת צבי,תנובה בשר,,,"י""ח",4,ל 100 גרם,false,1,10.90,2.73,true,1,
7290000367590,false,צמד כפרי טירת צבי,תנובה בשר,,,"י""ח",8,"י""ח",false,1,24.90,3.11,false,1,
7290000377209,false,בוטן מטוגן 200 גר,ליימן שליסל,,,"י""ח",2,ל 100 גרם,false,1,6.90,3.45,false,1,
7290000377445,false,מאנצס 200 גר  שקית,ליימן שליסל,,,"י""ח",2,ל 100 גרם,false,1,7.90,3.95,true,1,
7290000377452,false,גרעיני אבטיח 200 גרם,ליימן שליסל,,,"י""ח",2,ל 100 גרם,false,1,11.90,5.95,false,1,
7290000379203,false,עינן קל 500 גרם,שלמה א.אנג ל בעמ,,,"י""ח",5,ל 100 גרם,false,1,10.90,2.18,true,1,
7290000379579,false,לחמניה המבורגר ג מבו,שלמה א.אנג ל בעמ,,,"י""ח",1,,false,1,3.30,3.30,false,1,
7290000379951,false,סולת 1 קג אנג`ל,שלמה א.אנג ל בעמ,,,"י""ח",1,"ק""ג",false,1,6.60,6.60,false,1,
7290000408316,false,דנונה יוגורט טבעי,"שטראוס גרופ ***בע""מ",,,"י""ח",2,"ל 100 מ""ל",false,1,3.50,1.75,true,1,
7290000408354,false,דנונה קראנצי פצפוצים,"שטראוס גרופ ***בע""מ",,,"י""ח",1.75,"ל 100 מ""ל",false,1,4.40,2.51,true,1,
7290000412481,false,מנקה אסלות 1 ליטר 00,החב הדרומית לשיווק,,,"י""ח",1,ליטר,false,1,7.50,7.50,false,1,
7290000416021,false,#ממרח שחר 500 חלבי,השחר העולה תעשית ממתקים,,,"י""ח",5,ל 100 גרם,false,1,13.90,2.78,true,1,
7290000416045,false,"ממרח שחר 1  ק""ג חלבי",השחר העולה תעשית ממתקים,,,"י""ח",1,"ק""ג",false,1,23.90,23.90,false,1,
7290000416618,false,"ממרח שחר בד""צ} {400",השחר העולה תעשית ממתקים,,,"י""ח",4,ל 100 גרם,false,1,11.90,2.98,false,1,
7290000416632,false,"ממרח שחר פרווה 1 ק""ג",השחר העולה תעשית ממתקים,,,"י""ח",1,מטר,false,1,22.80,22.80,false,1,
7290000416854,false,אבקת קקאו 150 גרם השחר,השחר העולה תעשית ממתקים,,,"י""ח",5,ל 100 גרם,false,1,8.90,1.78,false,1,
7290000418131,false,טופד סופר 18 יח,שקד תבל בעמ,,,"י""ח",1,,false,1,5.90,5.90,true,1,
7290000418155,false,טופד  סופר פלוס 16 יח,שקד תבל בעמ,,,"י""ח",1,,false,1,5.90,5.90,true,1,
7290000419107,false,קפה טורקי כחול 100 גרם,ש.שסטוביץ בעמ,,,"י""ח",1,ל 100 גרם,false,1,6.90,6.90,false,1,
7290000419220,false,קפה טורקי שלשות לנדוור 100*3,ש.שסטוביץ בעמ,,,"י""ח",3,ל 100 גרם,false,1,18.90,6.30,false,1,
7290000420325,false,פופ סטאר פופקורן  טבעי  500גרם,דנשר (1963) בעמ,,,"י""ח",5,ל 100 גרם,false,1,12.90,2.58,true,1,
7290000420332,false,פופ סטאר פופקורן בטעם חמאה 500גר,דנשר (1963) בעמ,,,"י""ח",5,ל 100 גרם,false,1,12.90,2.58,true,1,
7290000430102,false,"קוביות קרח 2 ק""ג",אייס קיובס בעמ מיסטר אייס,,,"י""ח",2,"ק""ג",false,1,12,6,false,1,
7290000446127,false,פרכיות ללא מלח,בטר אנד דיפרנט בעמ,,,"י""ח",1,,false,1,4.50,4.50,false,1,
7290000446325,false,תרכיז תפוחים 1.2 ליטר,בטר אנד דיפרנט בעמ,,,"י""ח",1.20,ליטר,false,1,47.90,39.92,false,1,
7290000446547,false,חמאה בוטנים350 גרם BD,בטר אנד דיפרנט בעמ,,,"י""ח",3.50,ל 100 גרם,false,1,13.90,3.97,false,1,
7290000446554,false,"חמאת בוטנים טבעי 1ק""ג  BD",בטר אנד דיפרנט בעמ,,,"י""ח",5.10,ל 100 גרם,false,1,29.90,5.86,false,1,
7290000446776,false,פיצפוצי אורז מלא ללא סוכר ומלח,בטר אנד דיפרנט בעמ,,,"י""ח",5,ל 100 גרם,false,1,19.90,3.98,false,1,
7290000446851,false,ממרח חלבה עם דבש 350גר.,בטר אנד דיפרנט בעמ,,,"י""ח",3.50,ל 100 גרם,false,1,12.90,3.69,false,1,
7290000449128,false,סיף כללי חדש 4 ליטר,"יוניליוור ישראל שיווק בע""מ",,,"י""ח",4,ליטר,false,1,19.90,4.98,false,1,
7290000450209,false,פוסידון 110 גר  בשמן,נטו מלינדה סחר בעמ,,,"י""ח",1.10,ל 100 גרם,false,1,5.50,5,false,1,
7290000453019,false,שמרית שקית,"שטראוס גרופ ***בע""מ",,,"י""ח",0.50,ל 100 גרם,false,1,4.50,9,true,1,
7290000453125,false,משפר אפיה,"שטראוס גרופ ***בע""מ",,,"י""ח",1,ל 100 גרם,false,1,7.50,7.50,true,1,
7290000461625,false,בייגלה ]400בייגל שמיניות מלוחות,"יוניליוור ישראל שיווק בע""מ",,,"י""ח",4,ל 100 גרם,false,1,9.90,2.48,true,1,
7290000461656,false,בייגלה אחד אחד 400,"יוניליוור ישראל שיווק בע""מ",,,"י""ח",4,ל 100 גרם,false,1,9.90,2.48,true,1,
7290000461700,false,בייגלה גדול גדול,"יוניליוור ישראל שיווק בע""מ",,,"י""ח",4,ל 100 גרם,false,1,11.90,2.98,false,1,
7290000461724,false,גדול גדול שומשום,"יוניליוור ישראל שיווק בע""מ",,,"י""ח",4,ל 100 גרם,false,1,11.90,2.98,false,1,
7290000461793,false,בייגלה ארוך ארוך-ביג ביג,"יוניליוור ישראל שיווק בע""מ",,,"י""ח",1.50,ל 100 גרם,false,1,5.90,3.93,false,1,
7290000462103,false,סחוג אדום חריף זהבי 150 ג`,"שטראוס גרופ ***בע""מ",,,"י""ח",1.50,ל 100 גרם,false,1,7.90,5.27,true,1,
7290000462172,false,סחוג זהבי ירוק 150ג,"שטראוס גרופ ***בע""מ",,,"י""ח",1.50,ל 100 גרם,false,1,7.90,5.27,true,1,
7290000469638,false,ספריי מריטו לגיהוץ מושלם,ש.שסטוביץ בעמ,,,"י""ח",5,"ל 100 מ""ל",false,1,19.90,3.98,false,1,
7290000474090,false,חלב 1 ליטר קרטון   *1% *,*החברה המרכזית להפצת משקאותבעמ,,,"י""ח",1,ליטר,false,1,5.86,5.86,false,1,
7290000474373,false,"שמנת חמוצה 200  מ""ל*",*החברה המרכזית להפצת משקאותבעמ,,,"י""ח",2,"ל 100 מ""ל",false,1,2.40,1.20,false,1,
7290000474502,false,גבינה לבנה  ב250 גרם 5%*,*החברה המרכזית להפצת משקאותבעמ,,,"י""ח",2.50,ל 100 גרם,false,1,4.98,1.99,false,1,
7290000474540,false,טוב טעם גבינה 5% טרה,*החברה המרכזית להפצת משקאותבעמ,,,"י""ח",2.50,ל 100 גרם,false,1,11.50,4.60,false,1,
7290000474830,false,גבינה צהובה 28% מגורדת 500 גרם,*החברה המרכזית להפצת משקאותבעמ,,,"י""ח",5,ל 100 גרם,false,1,32.90,6.58,true,1,
7290000480442,false,קוואקר שקית (עלית),"שטראוס פריטו ליי בע""מ",,,"י""ח",5,ל 100 גרם,false,1,11.90,2.38,true,1,
7290000482019,false,קוקי 10 יחידות,ש.שסטוביץ בעמ,,,"י""ח",1,,false,1,9.90,9.90,true,1,
7290000482033,false,קוקי ענק שקיות צלייה,ש.שסטוביץ בעמ,,,"י""ח",1,,false,1,9.90,9.90,true,1,
7290000482071,false,קוקי +10קוקי   5,ש.שסטוביץ בעמ,,,"י""ח",1,,false,1,19.90,19.90,true,1,
7290000484747,false,"ערק עלית 700 מ""ל",יקב הגליל שיווק בעמ,,,"י""ח",7,"ל 100 מ""ל",false,1,55.90,7.94,false,1,
7290000493176,false,אבקת רוטב צלי לבשר,קבוצת אוסם סחר-שות.מוגבלת,,,"י""ח",0.22,ל 100 גרם,false,1,4.90,22.27,false,1,
7290000497044,false,לחם ברמן אקטיב 750 גרם,י.את א. ברמן בעמ,,,"י""ח",1,,false,1,15.90,15.90,false,1,
7290000497112,false,לחם אחיד פרוס]ברמן [750,י.את א. ברמן בעמ,,,"י""ח",7.50,ל 100 גרם,false,1,6.90,0.92,false,1,
7290000497228,false,6 לחמניות 75 ג ברמן,י.את א. ברמן בעמ,,,"י""ח",4.50,ל 100 גרם,false,1,9.90,2.20,false,1,
7290000497303,false,לחמניות מקמח מלא,י.את א. ברמן בעמ,,,"י""ח",5.40,ל 100 גרם,false,1,12.90,2.39,false,1,
7290000497426,false,לחם קל לענין,י.את א. ברמן בעמ,,,"י""ח",7.50,ל 100 גרם,false,1,13.90,1.85,false,1,
7290000497532,false,לחם עינן של ברמן,י.את א. ברמן בעמ,,,"י""ח",7.50,ל 100 גרם,false,1,13.90,1.85,false,1,
7290000498256,false,מארז 10 לחמניות בשקית ברמן,י.את א. ברמן בעמ,,,"י""ח",1,,false,1,12.90,12.90,false,1,
7290000504025,false,פטריה סוכרזית,"שטראוס גרופ בע""מ",,,"י""ח",2.46,ל 100 גרם,false,1,8.20,3.33,true,1,
7290000504049,false,סוכרזית קנקן 1200,"שטראוס גרופ בע""מ",,,"י""ח",9.84,ל 100 גרם,false,1,23.90,2.43,true,1,
7290000504278,false,סוכרזית פטנט,"שטראוס גרופ בע""מ",,,"י""ח",5.74,ל 100 גרם,false,1,14.40,2.51,true,1,
7290000515014,false,"קמח 1 ק""ג}באר  שבע{",טחנת קמח באר-שבע בעמ,,,"י""ח",1,"ק""ג",false,1,5.20,5.20,false,1,
7290000515106,false,"סולת 1 ק""ג(טחנת  ב""ש)",טחנת קמח באר-שבע בעמ,,,"י""ח",1,"ק""ג",false,1,5.20,5.20,false,1,
7290000523125,false,מלח ים יבש הארץ  250  ג,סוגת תעשיות בעמ,,,"י""ח",2.50,ל 100 גרם,false,1,5.40,2.16,false,1,
7290000523224,false,מלח ים יבש  הארץ 500 ג,סוגת תעשיות בעמ,,,"י""ח",5,ל 100 גרם,false,1,7.90,1.58,false,1,
7290000525969,false,פרימור תפוזים 1 ליטר,"שטראוס גרופ ***בע""מ",,,"י""ח",1,ליטר,false,1,15.90,15.90,true,1,
7290000530048,false,סלמי פפרוני זוגלובק,זוגלובק שיווק בעמ,,,"י""ח",10,ל 100 גרם,true,1,55.20,5.52,true,1,
7290000530086,false,נקניק מעושן  7000,זוגלובק שיווק בעמ,,,"י""ח",8,ל 100 גרם,false,1,28.90,3.61,true,1,
7290000530109,false,זוג קבנוס בואקום,זוגלובק שיווק בעמ,,,"י""ח",4,ל 100 גרם,false,1,19.90,4.98,true,1,
7290000530116,false,נקניק בשן זוגלובק,זוגלובק שיווק בעמ,,,"י""ח",7,ל 100 גרם,false,1,21.90,3.13,true,1,
7290000530178,false,קוניאק זוגלובק שקילה,זוגלובק שיווק בעמ,,,"י""ח",10,ל 100 גרם,true,1,75.60,7.56,true,1,
7290000530192,false,סרבלד זוגלובק,זוגלובק שיווק בעמ,,,"ק""ג",1,ל 100 גרם,true,1,129,129,true,1,
7290000530291,false,נקניק מבשר הודו,זוגלובק שיווק בעמ,,,"י""ח",8,ל 100 גרם,false,1,15,1.88,true,1,
7290000530369,false,גולן-חזה מעושן}שקילה{,זוגלובק שיווק בעמ,,,"ק""ג",1,,true,1,76.90,76.90,true,1,
7290000530413,false,המבורגר זהב 400,זוגלובק שיווק בעמ,,,"י""ח",4,ל 100 גרם,false,1,19.90,4.98,true,1,
7290000530444,false,כתף בקר מעושן,זוגלובק שיווק בעמ,,,"ק""ג",1,,true,1,110.90,110.90,true,1,
7290000530468,false,"וינר  טרי 1 ק""ג זוגלובק",זוגלובק שיווק בעמ,,,"י""ח",1,"ק""ג",false,1,21.90,21.90,true,1,
7290000530598,false,נקניקיות וינר טרי זוגלובק,זוגלובק שיווק בעמ,,,"י""ח",5,ל 100 גרם,false,1,12.90,2.58,true,1,
7290000530703,false,מארז פסטרמ/חרמון+תה מעושן 800 ג` זוגלובק,זוגלובק שיווק בעמ,,,"י""ח",8,ל 100 גרם,false,1,26.90,3.36,true,1,
7290000531410,false,.פסטרממיה בדבש זוגלובק,זוגלובק שיווק בעמ,,,"ק""ג",1,,true,1,76.90,76.90,true,1,
7290000531601,false,סטייק בורגר 400 גרם,זוגלובק שיווק בעמ,,,"י""ח",4,ל 100 גרם,false,1,19.90,4.98,true,1,
7290000531977,false,בורקס גבינה 800 גרם,זוגלובק שיווק בעמ,,,"י""ח",8,ל 100 גרם,false,1,15,1.88,true,1,
7290000532400,false,פסטרמה חזה הודו ברביקיו זוגלובק,זוגלובק שיווק בעמ,,,"ק""ג",1,,true,1,76.90,76.90,true,1,
7290000532585,false,רוסטביף חצוי,זוגלובק שיווק בעמ,,,"ק""ג",1,"י""ח",true,1,99.90,99.90,true,1,
7290000532721,false,טורו כתף שקילה זוגלובק,זוגלובק שיווק בעמ,,,"ק""ג",1,,true,1,99.90,99.90,true,1,
7290000533353,false,בצק עלים זוגלובק 1 קג,זוגלובק שיווק בעמ,,,"י""ח",1,"ק""ג",false,1,15,15,true,1,
7290000533636,false,פסטרממיה צלויה,זוגלובק שיווק בעמ,,,"ק""ג",1,,true,1,65.90,65.90,true,1,
7290000533681,false,פסטרממיה-מעושן.,זוגלובק שיווק בעמ,,,"י""ח",1,"י""ח",true,1,65.90,65.90,true,1,
7290000534718,false,פסטרמה הודו תבור 1% שומן זוגלובק,זוגלובק שיווק בעמ,,,"ק""ג",1,,true,1,76.90,76.90,true,1,
7290000534800,false,פסטרמה הודו רומנית,זוגלובק שיווק בעמ,,,"י""ח",1,,true,1,76.90,76.90,true,1,
7290000534824,false,פסטרמה חרמון-חזה הודו זוגלובק,זוגלובק שיווק בעמ,,,"ק""ג",1,,true,1,50,50,true,1,
7290000536057,false,מרטדלה רחב עם זיתים,זוגלובק שיווק בעמ,,,"ק""ג",10,ל 100 גרם,true,1,40.20,4.02,false,1,
7290000536316,false,שניצל מן  הצומח]זוגלובק[,זוגלובק שיווק בעמ,,,"י""ח",1,"ק""ג",false,1,27.90,27.90,true,1,
7290000536774,false,"נקניקיות  מן צומח 1ק""ג",זוגלובק שיווק בעמ,,,"י""ח",1,"ק""ג",false,1,27.90,27.90,true,1,
7290000537566,false,נקניקיות עוף טרי 400 ג זוגלובק,זוגלובק שיווק בעמ,,,"י""ח",4,ל 100 גרם,false,1,10.90,2.73,true,1,
7290000537603,false,"נקניקיות עוף 1 ק""ג זוגלובק.",זוגלובק שיווק בעמ,,,"י""ח",1,"ק""ג",false,1,21.90,21.90,true,1,
7290000538099,false,פסטרמה כפרית 1% שומן,זוגלובק שיווק בעמ,,,"ק""ג",1,,true,1,65.90,65.90,true,1,
7290000538709,false,תה מעושן,זוגלובק שיווק בעמ,,,"י""ח",2,ל 100 גרם,false,1,14.90,7.45,false,1,
7290000552569,false,סטייק בורגר 400 גרם,נטו מלינדה סחר בעמ,,,"י""ח",4,ל 100 גרם,false,1,17.90,4.48,true,1,
7290000554402,false,מלבי גד 160 גרם,מחלבות גד,,,"י""ח",1.60,"ל 100 מ""ל",false,1,5.50,3.44,false,1,
7290000554457,false,צפתית מיני% }5 גד 350 ג.,מחלבות גד,,,"י""ח",3.50,ל 100 גרם,false,1,19.90,5.69,false,1,
7290000554471,false,מוצרלה 180גר }.גד{,מחלבות גד,,,"י""ח",1,,false,1,15.90,15.90,false,1,
7290000554600,false,מוצרלה מגורדת  300 גרם גד.,מחלבות גד,,,"י""ח",3,ל 100 גרם,false,1,21.90,7.30,false,1,
7290000554624,false,ירח מתוק גד,מחלבות גד,,,"י""ח",1.50,"ל 100 מ""ל",false,1,5.50,3.67,false,1,
7290000554686,false,לאבנה בתוספת  שמןזית  וזעתר  גד{5%,מחלבות גד,,,"י""ח",2.50,ל 100 גרם,false,1,13.80,5.52,false,1,
7290000554792,false,בולגרית פח% }5 גד{,מחלבות גד,,,"ק""ג",10,ל 100 גרם,true,1,54.90,5.49,false,1,
7290000554822,false,ריקוטה 5% בסגנון איטלקי 250 גד{,מחלבות גד,,,"י""ח",2.50,ל 100 גרם,false,1,13.90,5.56,false,1,
7290000560533,false,אדג  ג ל רגיל 200,דנשר (1963) בעמ,,,"י""ח",2,ל 100 גרם,false,1,15.90,7.95,false,1,
7290000560540,false,אדג  ג ל רגיש 200,דנשר (1963) בעמ,,,"י""ח",2,ל 100 גרם,false,1,15.90,7.95,false,1,
7290000571119,false,גאודה.,מחלבות גד,,,"ק""ג",10,ל 100 גרם,true,1,103,10.30,false,1,
7290000572222,false,חלבה וניל 500 גרם אחווה,"אחדות בע""מ",,,"י""ח",5,ל 100 גרם,false,1,10.90,2.18,false,1,
7290000572529,false,חלוה אחוה 400גר.,"אחדות בע""מ",,,"י""ח",4,ל 100 גרם,false,1,12.90,3.23,false,1,
7290000572536,false,חלוה מגש 400גר ו,"אחדות בע""מ",,,"י""ח",4,ל 100 גרם,false,1,12.90,3.23,false,1,
7290000572628,false,חטיפי חלוה ליט אחווה,"אחדות בע""מ",,,"י""ח",2.76,ל 100 גרם,false,1,10.90,3.95,false,1,
7290000572673,false,חלבה שי עשיריות]אחוה[,"אחדות בע""מ",,,"י""ח",3,ל 100 גרם,false,1,12.90,4.30,false,1,
7290000572819,false,"טחינה  אחווה 100 טבעי 1 ק""ג","אחדות בע""מ",,,"י""ח",1,"ק""ג",false,1,21.90,21.90,false,1,
7290000574035,false,לחם אחיד פרוס}דגנית{*750,דגנית עין בר ~~~,,,"י""ח",7.50,ל 100 גרם,false,1,6.30,0.84,false,1,
7290000574141,false,לחם חיטה מלא 750,דגנית עין בר ~~~,,,"י""ח",7.50,ל 100 גרם,false,1,13.90,1.85,false,1,
7290000574257,false,לחם שחור קל פרוס 750,דגנית עין בר ~~~,,,"י""ח",7.50,ל 100 גרם,false,1,14.90,1.99,false,1,
7290000599090,false,מקל מטאטא טיטניום,*** מ.א.ייצור ויבוא מטליות,,,"י""ח",1,,false,1,6,6,false,1,
7290000611884,false,כבד עוף טרי ארוז.,"ח.י. מעדני גורמה בע""מ",,,"ק""ג",1,,true,1,29.90,29.90,false,1,
7290000631424,false,פרגיות עוף  טרי[קצביה]**,"ח.י. מעדני גורמה בע""מ",,,"ק""ג",1,"ק""ג",true,1,79.90,79.90,true,1,
7290000632452,false,כרעיים עוף טרי(קצביה )**.,"ח.י. מעדני גורמה בע""מ",,,"ק""ג",1,"ק""ג",true,1,36.90,36.90,true,1,
7290000632551,false,ירכיים טרי]קצביה[**,"ח.י. מעדני גורמה בע""מ",,,"ק""ג",1,"ק""ג",true,1,29.90,29.90,false,1,
7290000632599,false,ירכיים עוף קפוא חלק עטרה,נטו מלינדה סחר בעמ,,,"ק""ג",1,"ק""ג",true,1,32.90,32.90,false,1,
7290000632698,false,שוקיים פטם}עטרה{קפוא,נטו מלינדה סחר בעמ,,,"ק""ג",1,"ק""ג",true,1,34.90,34.90,false,1,
7290000632759,false,שוקיים עוף טרי (קצביה)**,"ח.י. מעדני גורמה בע""מ",,,"ק""ג",1,"ק""ג",true,1,39.90,39.90,true,1,
7290000633855,false,כנפיים עוף  טרי מקוצבות[קצביה],"ח.י. מעדני גורמה בע""מ",,,"ק""ג",1,"י""ח",true,1,16.90,16.90,true,1,
7290000643250,false,עוף טרי  מפורק(קצביה)**,"ח.י. מעדני גורמה בע""מ",,,"י""ח",1,,true,1,21.90,21.90,false,1,
7290000659312,false,פילה סלומון קפוא פרימיום תנובה,תנובה בשר,,,"ק""ג",1,"ק""ג",true,1,69.90,69.90,false,1,
7290000679440,false,משחה לתינוק 100 ג` דוקטור פישר,"פישר תעשיות פרמבצטיות בע""מ",,,"י""ח",1,ל 100 גרם,false,1,16.90,16.90,false,1,
7290000688077,false,"מי עדן 500 מ""ל בודד",יפאורה שותפות מוגבלת לשיווק,,,"י""ח",5,"ל 100 מ""ל",false,1,2.10,0.36,true,1,
7290000692135,false,ספיד סטיק גבר ירוק,ש.שסטוביץ בעמ,,,"י""ח",0.60,ל 100 גרם,false,1,16.90,28.17,true,1,
7290000692210,false,אג קס ניקוי כללי 2 ל לוונדר,ש.שסטוביץ בעמ,,,"י""ח",2,ליטר,false,1,22.90,11.45,false,1,
7290000692456,false,אג קס חלונות+רפי,ש.שסטוביץ בעמ,,,"י""ח",1.50,ליטר,false,1,23.90,15.93,false,1,
7290000692937,false,קולגייט אדומה 100מייל מארז זוגות,ש.שסטוביץ בעמ,,,"י""ח",3,ל 100 גרם,false,1,18.90,6.30,false,1,
7290000803067,false,"אלמקס לילדים 75מ""ל",ש.שסטוביץ בעמ,,,"י""ח",0.75,ל 100 גרם,false,1,12.90,17.20,true,1,
7290001041123,false,שקד מולבן פרוס 100גר,מיה תעשיות מזון מ.ת.מ בעמ,,,"י""ח",1,"י""ח",false,1,10.90,10.90,false,1,
7290001041260,false,שומשום 400גר ].מיה[,מיה תעשיות מזון מ.ת.מ בעמ,,,"י""ח",4,ל 100 גרם,false,1,10.90,2.73,false,1,
7290001041888,false,פפריקה מתוקה 300גר. בצנצנ,מיה תעשיות מזון מ.ת.מ בעמ,,,"י""ח",3,ל 100 גרם,false,1,19.90,6.63,false,1,
7290001041895,false,פלפל שחור 300גר.בצנצנת,מיה תעשיות מזון מ.ת.מ בעמ,,,"י""ח",3,ל 100 גרם,false,1,27.90,9.30,false,1,
7290001041987,false,"סוכר חום 1 ק""ג",מיה תעשיות מזון מ.ת.מ בעמ,,,"י""ח",1,"ק""ג",false,1,11.90,11.90,false,1,
7290001041994,false,סוכר זהב דמררה,מיה תעשיות מזון מ.ת.מ בעמ,,,"י""ח",1,"ק""ג",false,1,9.90,9.90,false,1,
7290001045169,false,מיץ תפוחים צלול 1 ליטר,"שטראוס גרופ ***בע""מ",,,"י""ח",1,ליטר,false,1,15.90,15.90,true,1,
7290001045688,false,מיץ תפוזים סחוט 400 מייל,"שטראוס גרופ ***בע""מ",,,"י""ח",4,"ל 100 מ""ל",false,1,7.90,1.90,true,1,
7290001121054,false,צמד חמד יחיעם 700 גרם,מעדני יחיעם 1993 בעמ,,,"י""ח",8.50,ל 100 גרם,false,1,24.90,2.93,false,1,
7290001123775,false,שווארמה אמיתית טיבון ויל,נטו מלינדה סחר בעמ,,,"י""ח",5,ל 100 גרם,false,1,19.90,3.98,false,1,
7290001123782,false,שווארמה הודו טיבון ויל,נטו מלינדה סחר בעמ,,,"י""ח",5,ל 100 גרם,false,1,19.90,3.98,false,1,
7290001136287,false,שמפו נקה 7 לשיער רגיל,החב הדרומית לשיווק,,,"י""ח",7.50,"ל 100 מ""ל",false,1,11.90,1.59,false,1,
7290001136294,false,"שמפו נקה 7 לשיער יבש 750 מ""ל",החב הדרומית לשיווק,,,"י""ח",7.50,"ל 100 מ""ל",false,1,11.90,1.59,false,1,
7290001136300,false,שמפו נקה 7 ומרכך לסירוק קך,החב הדרומית לשיווק,,,"י""ח",7.50,"ל 100 מ""ל",false,1,8.90,1.19,false,1,
7290001136683,false,מרכך נקה -7 לשיער רגיל ירוק,החב הדרומית לשיווק,,,"י""ח",7.50,"ל 100 מ""ל",false,1,11.90,1.59,false,1,
7290001209103,false,טחון עוף עטרה 500ג,נטו מלינדה סחר בעמ,,,"י""ח",1,,false,1,12.90,12.90,false,1,
7290001209189,false,נקניקיות חריפות עטרה,נטו מלינדה סחר בעמ,,,"י""ח",5,ל 100 גרם,false,1,8.90,1.78,true,1,
7290001209264,false,בשר טחון %100,נטו מלינדה סחר בעמ,,,"י""ח",5,ל 100 גרם,false,1,24.90,4.98,false,1,
7290001209509,false,סטייק עוף 800  גרם}עטרה{,נטו מלינדה סחר בעמ,,,"י""ח",8,ל 100 גרם,false,1,21.90,2.74,false,1,
7290001245965,false,מרכך כביסה כחול 4ל טאצ`,סאסאטק אגשח בעמ,,,"י""ח",4,ליטר,false,1,15.90,3.98,true,1,
7290001245972,false,מרכך כביסה לבן 4ל טאצ`,סאסאטק אגשח בעמ,,,"י""ח",4,ליטר,false,1,15.90,3.98,true,1,
7290001247068,false,ספרינג נקטר תות-בננה,יפאורה שותפות מוגבלת לשיווק,,,"י""ח",1,ליטר,false,1,6.90,6.90,true,1,
7290001247082,false,ספרינג עגבניות,יפאורה שותפות מוגבלת לשיווק,,,"י""ח",1,ליטר,false,1,6.90,6.90,true,1,
7290001247099,false,ספרינג נקטר מנגו,יפאורה שותפות מוגבלת לשיווק,,,"י""ח",1,ליטר,false,1,6.90,6.90,true,1,
7290001247105,false,ספרינג נקטר אפרסק,יפאורה שותפות מוגבלת לשיווק,,,"י""ח",1,ליטר,false,1,6.90,6.90,true,1,
7290001247112,false,ספרינג נקטר לימונים,יפאורה שותפות מוגבלת לשיווק,,,"י""ח",1,ליטר,false,1,6.90,6.90,true,1,
7290001247129,false,ספרינג נקטר תפוזים,יפאורה שותפות מוגבלת לשיווק,,,"י""ח",1,ליטר,false,1,6.90,6.90,true,1,
7290001247143,false,ספרינג קרטונית תפוחים,יפאורה שותפות מוגבלת לשיווק,,,"י""ח",1,ליטר,false,1,6.90,6.90,true,1,
7290001247723,false,"נקטר ספרינג פחית תות-בננה 330מ""ל",יפאורה שותפות מוגבלת לשיווק,,,"י""ח",3.30,"ל 100 מ""ל",false,1,5.20,1.48,true,1,
7290001247730,false,נקטר ספרינג פחית מנגו,יפאורה שותפות מוגבלת לשיווק,,,"י""ח",3.30,"ל 100 מ""ל",false,1,5.20,1.48,true,1,
7290001247747,false,"נקטר ספרינג פחית תפוחים 330מ""ל",יפאורה שותפות מוגבלת לשיווק,,,"י""ח",3.30,"ל 100 מ""ל",false,1,5.20,1.48,true,1,
7290001247891,false,נקטר ספרינג פחית אפרסק,יפאורה שותפות מוגבלת לשיווק,,,"י""ח",3.30,"ל 100 מ""ל",false,1,5.20,1.48,true,1,
7290001274422,false,מאגדת שמינייה מצופה בננה,"פלקו בע""מ",,,"י""ח",1,,false,1,19.90,19.90,false,1,
7290001305188,false,"פלמוליב נוזל לניקוי כלים 750 מ""ל ספרינ",ש.שסטוביץ בעמ,,,"י""ח",7.50,"ל 100 מ""ל",false,1,11.90,1.59,true,1,
7290001327180,false,קרמיסימו שטראוס,"גלידות שטראוס בע""מ",,,"י""ח",1.33,ליטר,false,1,18.90,14.21,false,1,
7290001327791,false,קרמיסימו 1.3 עוגיות שטראוס,"גלידות שטראוס בע""מ",,,"י""ח",1.33,ליטר,false,1,18.90,14.21,false,1,
7290001407769,false,~טחינה מעושר בסיבים 500 ג`,קבוצת אוסם סחר-שות.מוגבלת,,,"י""ח",5,ל 100 גרם,false,1,12.90,2.58,false,1,
7290001468159,false,ריבת חלב 330 גרם נאמן,נאמן לאורך זמן בעמ,,,"י""ח",3.30,ל 100 גרם,false,1,13.90,4.21,false,1,
7290001482186,false,חתיכות אננס בסירופ A2,ג.וילי פוד אינטרנשיונל בעמ,,,"י""ח",5.67,ל 100 גרם,false,1,5.90,1.04,false,1,
7290001482384,false,אננס חתוך 227 גרם,ג.וילי פוד אינטרנשיונל בעמ,,,"י""ח",2.27,ל 100 גרם,false,1,3.90,1.72,false,1,
7290001485019,false,גבינת שמנת    5% טרה,*החברה המרכזית להפצת משקאותבעמ,,,"י""ח",2,ל 100 גרם,false,1,11.90,5.95,false,1,
7290001485026,false,גבינת שמנת זיתים 5% עיזים,*החברה המרכזית להפצת משקאותבעמ,,,"י""ח",2,ל 100 גרם,false,1,11.90,5.95,false,1,
7290001485033,false,גבינת שמנת שום שמיר 200ג,*החברה המרכזית להפצת משקאותבעמ,,,"י""ח",2,ל 100 גרם,false,1,11.90,5.95,false,1,
7290001552025,false,קוסקוס של מאמא,מטעמי פאר (א.מ.נ) בעמ,,,"י""ח",8,ל 100 גרם,false,1,15.90,1.99,false,1,
7290001594155,false,בקבוק קוקה קולה חצי ליטר.,חברה המרכזית להפצת משקאות בעמ,,,"י""ח",5,"ל 100 מ""ל",false,1,6.10,1.16,true,1,
7290001594179,false,פאנטה אורנג  0.5ליטר,חברה המרכזית להפצת משקאות בעמ,,,"י""ח",5,"ל 100 מ""ל",false,1,5.60,1.06,true,1,
7290001594230,false,"סודה קינלי 250 מ""ל",חברה המרכזית להפצת משקאות בעמ,,,"י""ח",2.50,"ל 100 מ""ל",false,1,3.20,1.16,true,1,
7290001594377,false,פריגת תפוזים 500,חברה המרכזית להפצת משקאות בעמ,,,"י""ח",5,"ל 100 מ""ל",false,1,5.20,0.98,true,1,
7290001594384,false,פריגת אשכוליות 500,חברה המרכזית להפצת משקאות בעמ,,,"י""ח",5,"ל 100 מ""ל",false,1,5.20,0.98,true,1,
7290001594391,false,פריגת ענבים 500,חברה המרכזית להפצת משקאות בעמ,,,"י""ח",5,"ל 100 מ""ל",false,1,5.20,0.98,true,1,
7290001594520,false,טובורג בקבוק 330,חברה המרכזית להפצת משקאות בעמ,,,"י""ח",3.30,"ל 100 מ""ל",false,1,7.30,2.12,false,1,
7290001594575,false,פחית טובורג 500,חברה המרכזית להפצת משקאות בעמ,,,"י""ח",5,"ל 100 מ""ל",false,1,9.30,1.80,true,1,
7290001791349,false,אקונומיקה ריחנית פיסגה 4 ליטר,החב הדרומית לשיווק,,,"י""ח",4,ליטר,false,1,10.90,2.73,false,1,
7290001791356,false,פרש אוטומטיק לבנדר,החב הדרומית לשיווק,,,"י""ח",1.65,ל 100 גרם,false,1,12.90,7.82,false,1,
7290001813454,false,חיוכים שוקו 900 גרם,"שטראוס גרופ בע""מ",,,"י""ח",9,ל 100 גרם,false,1,21.90,2.43,true,1,
7290001813478,false,חיוכים וניל 900,"שטראוס גרופ בע""מ",,,"י""ח",9,ל 100 גרם,false,1,21.90,2.43,true,1,
7290001817377,false,צ יטוס O-X 60גר.,"שטראוס פריטו ליי בע""מ",,,"י""ח",0.60,ל 100 גרם,false,1,3.10,5.17,true,1,
7290001817728,false,צ יטוס כאפה 55גר,"שטראוס פריטו ליי בע""מ",,,"י""ח",0.55,"י""ח",false,1,3.50,6.36,true,1,
7290001855232,false,שמן צמחי למאור 1 ליטר,בני פאוזי שמשום (2009) בעמ,,,"י""ח",1,ליטר,false,1,14.90,14.90,false,1,
7290001865439,false,אל סבון 1 ליטר,דנשר (1963) בעמ,,,"י""ח",1,ליטר,false,1,9.90,9.90,false,1,
7290001865453,false,אל סבון 1לי סגול פמלי.,דנשר (1963) בעמ,,,"י""ח",1,ליטר,false,1,9.90,9.90,false,1,
7290001865460,false,פמלי לקשרי 1  ל`קוקוס+משאבה,דנשר (1963) בעמ,,,"י""ח",1,ליטר,false,1,9.90,9.90,false,1,
7290001973233,false,מגבוני דיספנסר 120 יח,"פישר תעשיות פרמבצטיות בע""מ",,,"י""ח",120,"י""ח",false,1,10.90,0.09,false,1,
7290001990094,false,סוכר חום צנצנת סוגת,סוגת תעשיות בעמ,,,"י""ח",1,"ק""ג",false,1,14.90,14.90,false,1,
7290001990148,false,סוכר גולרן קלסי צנצנת,סוגת תעשיות בעמ,,,"י""ח",1,"ק""ג",false,1,14.90,14.90,false,1,
7290001990278,false,"שעועית לבנה 1 ק""ג סוגת",סוגת תעשיות בעמ,,,"י""ח",1,"ק""ג",false,1,18.90,18.90,true,1,
7290001990407,false,"עדשים ירוקים 1 ק""ג סוגת",סוגת תעשיות בעמ,,,"י""ח",1,"ק""ג",false,1,13.90,13.90,true,1,
7290001990414,false,"עדשים אדומים 1 ק""ג סוגת",סוגת תעשיות בעמ,,,"י""ח",1,"ק""ג",false,1,14.90,14.90,true,1,
7290001990421,false,"פופקורן 1 ק""ג סוגת",סוגת תעשיות בעמ,,,"י""ח",1,"ק""ג",false,1,9.90,9.90,true,1,
7290002007357,false,שקיות לצליה 10יח,הנמל אריזות ושווק בעמ,,,"י""ח",10,"י""ח",false,1,5.90,0.59,false,1,
7290002007371,false,פירורי לחם 500גר הנמל,הנמל אריזות ושווק בעמ,,,"י""ח",5,ל 100 גרם,false,1,4.50,0.90,false,1,
7290002008507,false,נייר אפיה הנמל,הנמל אריזות ושווק בעמ,,,"י""ח",1,,false,1,7.90,7.90,false,1,
7290002014218,false,סלט טחינה 200 גרם,"סלטי שמיר2006בע""מ",,,"י""ח",2,ל 100 גרם,false,1,7.90,3.95,true,1,
7290002014225,false,סלט חצילים 200 ג-מיקי,"סלטי שמיר2006בע""מ",,,"י""ח",2,ל 100 גרם,false,1,7.90,3.95,true,1,
7290002019114,false,רוטב עגב  28% פריניר,ח.כהן סוכנות מזון ומשקאות בע,,,"י""ח",5.80,ל 100 גרם,false,1,6.90,1.19,false,1,
7290002019183,false,עגבניות מקולפות 800,ח.כהן סוכנות מזון ומשקאות בע,,,"י""ח",8.50,ל 100 גרם,false,1,6.10,0.72,false,1,
7290002019763,false,עגבניות מרוסקות800 גר,ח.כהן סוכנות מזון ומשקאות בע,,,"י""ח",8,ל 100 גרם,false,1,6.90,0.86,false,1,
7290002019787,false,רוטב עגבניות 260 פריניר,ח.כהן סוכנות מזון ומשקאות בע,,,"י""ח",2.60,ל 100 גרם,false,1,3.90,1.50,false,1,
7290002019794,false,רוטב פריניר 100גר`,ח.כהן סוכנות מזון ומשקאות בע,,,"י""ח",1,ל 100 גרם,false,1,1.90,1.90,false,1,
7290002026341,false,צ`יפס בטטה פלאנק 500ג,מוצרי איכות אמריקאיים בעמ,,,"י""ח",5,ל 100 גרם,false,1,18.90,3.78,true,1,
7290002026358,false,צ`יפס בטטה קרינקל 500ג,מוצרי איכות אמריקאיים בעמ,,,"י""ח",5,ל 100 גרם,false,1,18.90,3.78,true,1,
7290002026365,false,טבעות בצל,מוצרי איכות אמריקאיים בעמ,,,"י""ח",1,"י""ח",false,1,11.90,11.90,false,1,
7290002037309,false,6 לחמניות  בשקית}וודש{,י.את א. ברמן בעמ,,,"י""ח",4,ל 100 גרם,false,1,12.90,3.23,false,1,
7290002037637,false,לחמנית צמה מתוקה 4יח,י.את א. ברמן בעמ,,,"י""ח",1,,false,1,12.90,12.90,false,1,
7290002040019,false,~קוסקוס רגיל}הנמל{,הנמל אריזות ושווק בעמ,,,"י""ח",3.50,ל 100 גרם,false,1,6.90,1.97,false,1,
7290002040064,false,קוסקוס דק]הנמל[,הנמל אריזות ושווק בעמ,,,"י""ח",3.50,ל 100 גרם,false,1,6.90,1.97,false,1,
7290002040071,false,קוסקוס עבה]הנמל[,הנמל אריזות ושווק בעמ,,,"י""ח",3.50,ל 100 גרם,false,1,6.90,1.97,false,1,
7290002040088,false,קוסקוס מלא]הנמל[,הנמל אריזות ושווק בעמ,,,"י""ח",3.50,ל 100 גרם,false,1,8.20,2.34,false,1,
7290002057017,false,נובו ענק A2,"קבוצת יבנה מוצרי מזון בע""מ",,,"י""ח",5.60,ל 100 גרם,false,1,8.90,1.59,false,1,
7290002057031,false,מבוקעים גדול A2,"קבוצת יבנה מוצרי מזון בע""מ",,,"י""ח",5.60,ל 100 גרם,false,1,8.90,1.59,false,1,
7290002057048,false,סורי מבוקעים A2,"קבוצת יבנה מוצרי מזון בע""מ",,,"י""ח",5.60,ל 100 גרם,false,1,10.50,1.88,false,1,
7290002057093,false,מנזולינו גדול A2,"קבוצת יבנה מוצרי מזון בע""מ",,,"י""ח",6,ל 100 גרם,false,1,7.90,1.32,false,1,
7290002057123,false,חרוזית }A-2 יבנה{,"קבוצת יבנה מוצרי מזון בע""מ",,,"י""ח",5.60,ל 100 גרם,false,1,9.50,1.70,true,1,
7290002057130,false,"חרוזית }""43יבנה{","קבוצת יבנה מוצרי מזון בע""מ",,,"י""ח",1.25,"ק""ג",false,1,19.90,15.92,false,1,
7290002057185,false,טבעות ירוק-יבנה,"קבוצת יבנה מוצרי מזון בע""מ",,,"י""ח",5.60,ל 100 גרם,false,1,9.20,1.64,false,1,
7290002057352,false,מלפפון  מלח  }A-2   7-9 יבנה540 גרם,"קבוצת יבנה מוצרי מזון בע""מ",,,"י""ח",6,ל 100 גרם,false,1,6.50,1.08,false,1,
7290002057369,false,מלפ  מלח 10\12 2 יבנה,"קבוצת יבנה מוצרי מזון בע""מ",,,"י""ח",6,ל 100 גרם,false,1,7.50,1.25,false,1,
7290002057376,false,מלפ  מלח 13-17 יבנה,"קבוצת יבנה מוצרי מזון בע""מ",,,"י""ח",6,ל 100 גרם,false,1,9.90,1.65,false,1,
7290002057383,false,מלפפון  במלח 18\25 יבנה,"קבוצת יבנה מוצרי מזון בע""מ",,,"י""ח",6,ל 100 גרם,false,1,12.90,2.15,false,1,
7290002057451,false,מלפפון  בחומץ }7-9 יבנה{,"קבוצת יבנה מוצרי מזון בע""מ",,,"י""ח",6,ל 100 גרם,false,1,6.50,1.08,false,1,
7290002057468,false,מלפפון  בחומץ 10\12 יבנה,"קבוצת יבנה מוצרי מזון בע""מ",,,"י""ח",6,ל 100 גרם,false,1,7.50,1.25,false,1,
7290002057475,false,מלפ  בחומץ 13\17 יבנה,"קבוצת יבנה מוצרי מזון בע""מ",,,"י""ח",6,ל 100 גרם,false,1,9.90,1.65,false,1,
7290002057604,false,שיפקה A-2,"קבוצת יבנה מוצרי מזון בע""מ",,,"י""ח",5.60,ל 100 גרם,false,1,5.50,0.98,false,1,
7290002057628,false,טבעות שחור-יבנה,"קבוצת יבנה מוצרי מזון בע""מ",,,"י""ח",5.40,ל 100 גרם,false,1,9.50,1.76,false,1,
7290002057703,false,חצילים אקסטרא  A2,"קבוצת יבנה מוצרי מזון בע""מ",,,"י""ח",5.60,ל 100 גרם,false,1,6.90,1.23,false,1,
7290002057734,false,זיתים מושחרים חרוזית,"קבוצת יבנה מוצרי מזון בע""מ",,,"י""ח",5.40,ל 100 גרם,false,1,7.90,1.46,false,1,
7290002065555,false,לחמניות בשקית 6 יח,שלמה א.אנג ל בעמ,,,"י""ח",1,,false,1,11.90,11.90,false,1,
7290002107071,false,פטה עיזים מעודנת גביע צוריאל,*החברה המרכזית להפצת משקאותבעמ,,,"י""ח",2,ל 100 גרם,false,1,24.20,12.10,false,1,
7290002107491,false,גבינת עיזים 5% 250 ג`,*החברה המרכזית להפצת משקאותבעמ,,,"י""ח",2.50,ל 100 גרם,false,1,14.90,5.96,true,1,
7290002107798,false,בולגרית בקר 5% צוריאל,*החברה המרכזית להפצת משקאותבעמ,,,"י""ח",2.50,ל 100 גרם,false,1,20.90,8.36,false,1,
7290002107965,false,טבורוג 5% 500גר.,*החברה המרכזית להפצת משקאותבעמ,,,"י""ח",5,ל 100 גרם,false,1,24.90,4.98,false,1,
7290002111085,false,רוטב 100גר. מבורך}פלסטיק[,זנלכל בעמ,,,"י""ח",4,ל 100 גרם,false,1,2.50,0.63,false,1,
7290002111337,false,"רוטב 240 גרם בד""צ פרי מבורך",זנלכל בעמ,,,"י""ח",2.40,ל 100 גרם,false,1,4.50,1.88,false,1,
7290002111474,false,אפונה ירוקה פרי מבורך,זנלכל בעמ,,,"י""ח",5.50,ל 100 גרם,false,1,8.90,1.62,true,1,
7290002111511,false,"אפונת גינה,גזר פרי מבורך",זנלכל בעמ,,,"י""ח",5.50,ל 100 גרם,false,1,8.90,1.62,true,1,
7290002111634,false,"חומוס בד""צ פרי מבורך",זנלכל בעמ,,,"י""ח",6,ל 100 גרם,false,1,8.90,1.48,true,1,
7290002111672,false,רוטב עגבניות 22% מבורך,זנלכל בעמ,,,"י""ח",5.70,ל 100 גרם,false,1,8.90,1.56,false,1,
7290002111764,false,שעועית  אפויה}מבורך{,זנלכל בעמ,,,"י""ח",6,ל 100 גרם,false,1,8.90,1.48,true,1,
7290002111818,false,"תירס בד""ץ וואקום",זנלכל בעמ,,,"י""ח",3.25,ל 100 גרם,false,1,6.90,2.12,false,1,
7290002111825,false,תירס מבורך A2,זנלכל בעמ,,,"י""ח",5.50,ל 100 גרם,false,1,8.90,1.62,true,1,
7290002130567,false,~דבש יד מרדכי 350 גרם,"שטראוס גרופ בע""מ",,,"י""ח",3.50,"י""ח",false,1,18.90,5.40,true,1,
7290002130574,false,"דבש טבעי 0.5 ק""ג יד מרדכי","שטראוס גרופ בע""מ",,,"י""ח",5,ל 100 גרם,false,1,27.90,5.58,true,1,
7290002130581,false,"דבש טהור 1 ק""ג יד מרדכי","שטראוס גרופ בע""מ",,,"י""ח",1,קוב,false,1,48.90,48.90,true,1,
7290002132011,false,עבאדי עוגיות מלוחות 400גר,תה ויסוצקי (ישראל)בעמ,,,"י""ח",4,ל 100 גרם,false,1,17.90,4.48,false,1,
7290002239338,false,שעועית.יר]  קפואה  800 גרם פריגליל[,ויטה- פרי גליל (החדשה) בעמ,,,"י""ח",8,ל 100 גרם,false,1,12.90,1.61,false,1,
7290002253006,false,שום כתוש טרי 200,קבוצת אוסם סחר-שות.מוגבלת,,,"י""ח",2,ל 100 גרם,false,1,15.90,7.95,false,1,
7290002253105,false,מגשית קוביות שום,קבוצת אוסם סחר-שות.מוגבלת,,,"י""ח",0.80,ל 100 גרם,false,1,13.90,17.38,false,1,
7290002253150,false,דורות בזיליקום טרי קצוץ,קבוצת אוסם סחר-שות.מוגבלת,,,"י""ח",0.70,ל 100 גרם,false,1,10.90,15.57,false,1,
7290002253167,false,דורות פטרוזיליה טריה קצוצה,קבוצת אוסם סחר-שות.מוגבלת,,,"י""ח",0.70,ל 100 גרם,false,1,10.90,15.57,false,1,
7290002253174,false,דורות שמיר טרי קצוץ,קבוצת אוסם סחר-שות.מוגבלת,,,"י""ח",0.70,ל 100 גרם,false,1,9.90,14.14,false,1,
7290002253181,false,דורות כוסברה טריה קצוצה,קבוצת אוסם סחר-שות.מוגבלת,,,"י""ח",0.70,ל 100 גרם,false,1,10.90,15.57,false,1,
7290002253198,false,דורות ג ינג ר טרי במגש,קבוצת אוסם סחר-שות.מוגבלת,,,"י""ח",0.90,ל 100 גרם,false,1,9.50,10.56,false,1,
7290002255215,false,"עלים לסיגרים מרובע בד""צ",חטיפי אלקיים בעמ ~~~,,,"י""ח",5,ל 100 גרם,false,1,11.90,2.38,false,1,
7290002259640,false,רדיד אלומיניום בודד  קצר דיימונד 84,גורי ע.ע.ע. בעמ,,,"י""ח",1,"י""ח",false,1,11.90,11.90,false,1,
7290002259664,false,רדיד אלומיניום דיימונד 086 0.30,גורי ע.ע.ע. בעמ,,,"י""ח",1,,false,1,54.90,54.90,false,1,
7290002316565,false,סינדרלה גרב מקופלת,אחים וייס ישי ייצור בעמ,,,"י""ח",1,,false,1,5.90,5.90,false,1,
7290002316770,false,תחתון נשים נועה,אחים וייס ישי ייצור בעמ,,,"י""ח",1,,false,1,22.90,22.90,false,1,
7290002319016,false,אבקת אפיה עשיריות מיה,מיה תעשיות מזון מ.ת.מ בעמ,,,"י""ח",1,ל 100 גרם,false,1,1.90,1.90,false,1,
7290002319023,false,סוכר וניל עשיריות מיה,מיה תעשיות מזון מ.ת.מ בעמ,,,"י""ח",1,ל 100 גרם,false,1,1.90,1.90,false,1,
7290002319054,false,פרג טחון 100 גרם,מיה תעשיות מזון מ.ת.מ בעמ,,,"י""ח",1,ל 100 גרם,false,1,4.90,4.90,false,1,
7290002319061,false,קוקוס טחון 100 גרם מיה,מיה תעשיות מזון מ.ת.מ בעמ,,,"י""ח",1,ל 100 גרם,false,1,3.70,3.70,false,1,
7290002319078,false,שומשום 100 גרם מיה,מיה תעשיות מזון מ.ת.מ בעמ,,,"י""ח",1,ל 100 גרם,false,1,2.90,2.90,false,1,
7290002319115,false,חומוס גדול 500 מיה,מיה תעשיות מזון מ.ת.מ בעמ,,,"י""ח",5,ל 100 גרם,false,1,6.90,1.38,true,1,
7290002319122,false,גריסים 500 גרם מיה,מיה תעשיות מזון מ.ת.מ בעמ,,,"י""ח",5,ל 100 גרם,false,1,5.90,1.18,true,1,
7290002319139,false,שעועית לבנה 500 מיה,מיה תעשיות מזון מ.ת.מ בעמ,,,"י""ח",5,ל 100 גרם,false,1,6.90,1.38,true,1,
7290002319146,false,שעועית אדומה 500 מיה,מיה תעשיות מזון מ.ת.מ בעמ,,,"י""ח",5,ל 100 גרם,false,1,7.50,1.50,false,1,
7290002319160,false,אפונה ירוקה יבשה} {500,מיה תעשיות מזון מ.ת.מ בעמ,,,"י""ח",5,ל 100 גרם,false,1,4.90,0.98,true,1,
7290002319177,false,פופקורן 500,מיה תעשיות מזון מ.ת.מ בעמ,,,"י""ח",5,ל 100 גרם,false,1,4.90,0.98,true,1,
7290002319184,false,עדשים אדומות  500 מיה,מיה תעשיות מזון מ.ת.מ בעמ,,,"י""ח",5,ל 100 גרם,false,1,6.90,1.38,true,1,
7290002319191,false,עדשים ירוקים 500 מיה,מיה תעשיות מזון מ.ת.מ בעמ,,,"י""ח",5,ל 100 גרם,false,1,6.90,1.38,true,1,
7290002319207,false,כוסמת 500,מיה תעשיות מזון מ.ת.מ בעמ,,,"י""ח",5,ל 100 גרם,false,1,8.90,1.78,true,1,
7290002319221,false,חיטה 500 ג מיה,מיה תעשיות מזון מ.ת.מ בעמ,,,"י""ח",5,ל 100 גרם,false,1,3.50,0.70,false,1,
7290002319375,false,קורנפלור 200 גר,מיה תעשיות מזון מ.ת.מ בעמ,,,"י""ח",2,ל 100 גרם,false,1,2.90,1.45,false,1,
7290002319429,false,פפריקה מתוקה צנצ 80גר`,מיה תעשיות מזון מ.ת.מ בעמ,,,"י""ח",1,ל 100 גרם,false,1,6.30,6.30,false,1,
7290002319436,false,פלפל שחור צנצנת 80גר`,מיה תעשיות מזון מ.ת.מ בעמ,,,"י""ח",0.80,ל 100 גרם,false,1,11.90,14.88,false,1,
7290002319443,false,כמון 80 גרם,מיה תעשיות מזון מ.ת.מ בעמ,,,"י""ח",0.80,ל 100 גרם,false,1,6.30,7.88,false,1,
7290002319474,false,אבקת שום 80גר,מיה תעשיות מזון מ.ת.מ בעמ,,,"י""ח",0.80,ל 100 גרם,false,1,5.80,7.25,false,1,
7290002319689,false,סודה לשתיה 150 ג,מיה תעשיות מזון מ.ת.מ בעמ,,,"י""ח",1.50,ל 100 גרם,false,1,5.80,3.87,false,1,
7290002319696,false,פלפל לבן 70גרם,מיה תעשיות מזון מ.ת.מ בעמ,,,"י""ח",0.70,ל 100 גרם,false,1,15,21.43,false,1,
7290002319771,false,תמצית אפיה וניל מיה,מיה תעשיות מזון מ.ת.מ בעמ,,,"י""ח",0.50,"ל 100 מ""ל",false,1,2.90,5.80,false,1,
7290002319788,false,תמצית אפיה רום,מיה תעשיות מזון מ.ת.מ בעמ,,,"י""ח",0.60,"ל 100 מ""ל",false,1,2.90,4.83,false,1,
7290002319825,false,אבקת סוכר 100 גר מיה,מיה תעשיות מזון מ.ת.מ בעמ,,,"י""ח",1,ל 100 גרם,false,1,1.90,1.90,false,1,
7290002327028,false,ג חנון 650 ג,נטו מלינדה סחר בעמ,,,"י""ח",6.50,ל 100 גרם,false,1,13.90,2.14,true,1,
7290002327042,false,"בורקס תפו""א אופרה.",נטו מלינדה סחר בעמ,,,"י""ח",8,ל 100 גרם,false,1,16.90,2.11,true,1,
7290002327059,false,בצק עלים אופרה,נטו מלינדה סחר בעמ,,,"י""ח",1,"ק""ג",false,1,16.90,16.90,true,1,
7290002327103,false,ג חנון בטעם מיוחד,נטו מלינדה סחר בעמ,,,"י""ח",1,"ק""ג",false,1,16.90,16.90,true,1,
7290002327912,false,מיני בורקס 700 ג,נטו מלינדה סחר בעמ,,,"י""ח",7,ל 100 גרם,false,1,16.90,2.41,true,1,
7290002327929,false,"מיני בורקס תפו""א 700 ג",נטו מלינדה סחר בעמ,,,"י""ח",8,ל 100 גרם,false,1,16.90,2.11,true,1,
7290002329602,false,עוגת שוקולד 350גר,בני פאוזי שמשום (2009) בעמ,,,"י""ח",3.50,ל 100 גרם,false,1,7.90,2.26,true,1,
7290002329640,false,עוגת לימון,בני פאוזי שמשום (2009) בעמ,,,"י""ח",3.50,ל 100 גרם,false,1,7.90,2.26,true,1,
7290002329664,false,עוגת אנגלית 350גר,בני פאוזי שמשום (2009) בעמ,,,"י""ח",3.50,ל 100 גרם,false,1,7.90,2.26,true,1,
7290002331018,false,נביעות 500 בודד,חברה המרכזית להפצת משקאות בעמ,,,"י""ח",5,"ל 100 מ""ל",false,1,4,0.74,true,1,
7290002331421,false,"שישיית נביעות 775 מ""ל",חברה המרכזית להפצת משקאות בעמ,,,"י""ח",4.53,ליטר,false,1,16.90,3.33,false,1,
7290002348238,false,לפתן אננס  חתוך 850 ג וויליגר,נטו מלינדה סחר בעמ,,,"י""ח",8.50,ל 100 גרם,false,1,8.90,1.05,false,1,
7290002348306,false,קוקטיל פירות,נטו מלינדה סחר בעמ,,,"י""ח",8.50,ל 100 גרם,false,1,9.90,1.16,true,1,
7290002353836,false,סרדינים רוברט בשמן זית,*347470,,,"י""ח",1.20,ל 100 גרם,false,1,8.90,7.42,true,1,
7290002360155,false,פומפדור-שומר,ש.שסטוביץ בעמ,,,"י""ח",0.40,ל 100 גרם,false,1,13.90,34.75,true,1,
7290002360230,false,חרדל דיג ון 200 גרם.,ש.שסטוביץ בעמ,,,"י""ח",2,ל 100 גרם,false,1,9.90,4.95,false,1,
7290002374312,false,שמן קנולה מילו 1 ליטר,סוגת תעשיות בעמ,,,"י""ח",1,ליטר,false,1,10.90,10.90,false,1,
7290002485025,false,חומוס מסעדות 500 גרם,"סלטי שמיר2006בע""מ",,,"י""ח",5,ל 100 גרם,false,1,15.90,3.18,false,1,
7290002485049,false,חומוס מסבחה 500 גרם,"סלטי שמיר2006בע""מ",,,"י""ח",5,ל 100 גרם,false,1,15.90,3.18,false,1,
7290002485063,false,חומוס אבו גוש 500 גרם,"סלטי שמיר2006בע""מ",,,"י""ח",5,ל 100 גרם,false,1,15.90,3.18,false,1,
7290002512004,false,מלווח צנעני 900גר,א.ג בחירה חכמה בעמ,,,"י""ח",9,ל 100 גרם,false,1,19.90,2.21,false,1,
7290002515333,false,"אל סבון עדין לתינוק 500 מ""ל","פישר תעשיות פרמבצטיות בע""מ",,,"י""ח",4,"ל 100 מ""ל",false,1,18.60,4.65,false,1,
7290002515371,false,קמיל בלו 1 ליטר,"פישר תעשיות פרמבצטיות בע""מ",,,"י""ח",1,ליטר,false,1,21.90,21.90,true,1,
7290002543237,false,קורנפלקס 750 גרם קלוגס,דיפלומט בעמ,,,"י""ח",7.50,ל 100 גרם,false,1,14.90,1.99,true,1,
7290002581079,false,תן צ אפ 70 ג,מיה תעשיות מזון מ.ת.מ בעמ,,,"י""ח",0.60,ל 100 גרם,false,1,3.30,5.50,false,1,
7290002692393,false,שמן קנולה 1 ליטר מועשר עץ הזית.,סוגת תעשיות בעמ,,,"י""ח",1,ליטר,false,1,15.90,15.90,false,1,
7290002692478,false,"שמן זית כתית עץ הזית  750 מ""ל",סוגת תעשיות בעמ,,,"י""ח",7.50,"ל 100 מ""ל",false,1,29.90,3.99,true,1,
7290002707134,false,"קמח חיטה לבן בהיר 1ק""ג",טחנות קמח מפרץ בעמ,,,"י""ח",1,"ק""ג",false,1,4.40,4.40,true,1,
7290002715504,false,מרק עוף בכוס,נטו מלינדה סחר בעמ,,,"י""ח",0.70,ל 100 גרם,false,1,4.50,6.43,false,1,
7290002715528,false,מרק ירקות בכוס,נטו מלינדה סחר בעמ,,,"י""ח",0.70,ל 100 גרם,false,1,4.50,6.43,false,1,
7290002730262,false,"פלמוליב נוזל כלים 750מ""ל",ש.שסטוביץ בעמ,,,"י""ח",7.50,"ל 100 מ""ל",false,1,11.90,1.59,true,1,
7290002730521,false,בלונס צימרונים,ש.שסטוביץ בעמ,,,"י""ח",1,ל 100 גרם,false,1,5.90,5.90,false,1,
7290002730538,false,בלונס מסיר איפור 60 יח,ש.שסטוביץ בעמ,,,"י""ח",1,"י""ח",false,1,8.90,8.90,false,1,
7290002730675,false,"##קולגייט אדומה 100 מ""ל",ש.שסטוביץ בעמ,,,"י""ח",1,"ל 100 מ""ל",false,1,10.90,10.90,false,1,
7290002730811,false,קולגייט ג ל משפחתי,ש.שסטוביץ בעמ,,,"י""ח",1.38,ל 100 גרם,false,1,12.90,9.35,true,1,
7290002730941,false,בלונס צמר גפן,ש.שסטוביץ בעמ,,,"י""ח",1,ל 100 גרם,false,1,5.90,5.90,false,1,
7290002730958,false,סבון מוצק זיתים פלמוליב  4יח,ש.שסטוביץ בעמ,,,"י""ח",3.60,ל 100 גרם,false,1,15.60,4.33,true,1,
7290002735014,false,מלווח ארוז 800ג  -יינון,קפוא זן תעשיות מזון בעמ,,,"י""ח",8,ל 100 גרם,false,1,13.10,1.64,false,1,
7290002735021,false,ג חנון ינון 750ג,קפוא זן תעשיות מזון בעמ,,,"י""ח",7.50,ל 100 גרם,false,1,14.90,1.99,false,1,
7290002735113,false,בורקס  גבינה}ינון{,קפוא זן תעשיות מזון בעמ,,,"י""ח",8,ל 100 גרם,false,1,15.10,1.89,false,1,
7290002735120,false,"בורקס תפו""א ינון",קפוא זן תעשיות מזון בעמ,,,"י""ח",8,ל 100 גרם,false,1,13.10,1.64,false,1,
7290002735274,false,ג חנון אפוי,קפוא זן תעשיות מזון בעמ,,,"י""ח",6,ל 100 גרם,false,1,15.90,2.65,false,1,
7290002750130,false,מארז חליות פילסברי 6יח,ג נרל מילס ישראל בעמ ~~~,,,"י""ח",1,,false,1,11.90,11.90,false,1,
7290002750154,false,לחמניה יאמיס שישייה אפיה מקומית,ג נרל מילס ישראל בעמ ~~~,,,"י""ח",1,,false,1,11.90,11.90,true,1,
7290002768036,false,תאדנט מי פה+פלו,החב הדרומית לשיווק,,,"י""ח",1.50,"י""ח",false,1,14.70,9.80,false,1,
7290002768043,false,תאדנט מי פה ענק,החב הדרומית לשיווק,,,"י""ח",1.50,"ל 100 מ""ל",false,1,14.70,9.80,false,1,
7290002771104,false,קפה אלנחלה 500גר  עם הל,קפה אל נחלה בני רפיק,,,"י""ח",5,ל 100 גרם,false,1,31.90,6.38,false,1,
7290002771111,false,.קפה אלנחילה 250 גר עם הל,קפה אל נחלה בני רפיק,,,"י""ח",2.50,"י""ח",false,1,15.90,6.36,false,1,
7290002771128,false,קפה אלנחילה 250 גר,קפה אל נחלה בני רפיק,,,"י""ח",2.50,ל 100 גרם,false,1,15.90,6.36,false,1,
7290002782131,false,דאודורנט ספריי פנינה,"פנינה רוזנבלום  בע""מ",,,"י""ח",1.50,"ל 100 מ""ל",false,1,21.90,14.60,true,1,
7290002782742,false,דאודורנט פנינה חדש 2,"פנינה רוזנבלום  בע""מ",,,"י""ח",1.50,"ל 100 מ""ל",false,1,15,10,true,1,
7290002782759,false,קרם גוף פ. רוזנבלום מס 2,"פנינה רוזנבלום  בע""מ",,,"י""ח",5,"ל 100 מ""ל",false,1,21.90,4.38,true,1,
7290002805151,false,סיף נוזל רצפות סחלבים 4לי,"יוניליוור ישראל שיווק בע""מ",,,"י""ח",4,ליטר,false,1,16.90,4.23,false,1,
7290002814016,false,"מסיר שמנים קר}סנט  מוריץ750 מ""ל",קומפלקס כימיקלסבעמ ~~~,,,"י""ח",7.50,"ל 100 מ""ל",false,1,12.90,1.72,false,1,
7290002814528,false,מס  1 לניקוי אסלות 1 ליטר,קומפלקס כימיקלסבעמ ~~~,,,"י""ח",1,ליטר,false,1,4.90,4.90,false,1,
7290002824183,false,גבינה סקי 5% 500 גרם*,"שטראוס גרופ ***בע""מ",,,"י""ח",5,ל 100 גרם,false,1,9.20,1.84,true,1,
7290002824466,false,דנונה ביו  %0 שומן,"שטראוס גרופ ***בע""מ",,,"י""ח",2,"ל 100 מ""ל",false,1,3.50,1.75,true,1,
7290002824640,false,גבינה סקי 5% 250  גרם*,"שטראוס גרופ ***בע""מ",,,"י""ח",2.50,ל 100 גרם,false,1,4.97,1.99,true,1,
7290002825722,false,סלט כרוב אדום שטראוס 500גרם,"שטראוס גרופ ***בע""מ",,,"י""ח",5,ל 100 גרם,false,1,14.90,2.98,true,1,
7290002842002,false,פתיתי ש. שועל מורנפלייק 500ג,ליימן שליסל,,,"י""ח",5,ל 100 גרם,false,1,10,2,false,1,
7290002859451,false,כנפי אווז תפזורת קפוא,בלדי בעמ,,,"ק""ג",1,"ק""ג",true,1,29.90,29.90,false,1,
7290002862017,false,שום כתוש 250 הררית,בידאני נתן,,,"י""ח",2.50,ל 100 גרם,false,1,13.90,5.56,false,1,
7290002862031,false,אריסה מתוקה הררית,בידאני נתן,,,"י""ח",2.80,ל 100 גרם,false,1,13.90,4.96,false,1,
7290002862055,false,לימון כבוש,בידאני נתן,,,"י""ח",2.50,ל 100 גרם,false,1,13.90,5.56,false,1,
7290002862253,false,פרורי לחם מוזהבים 200גר הררית,*347540,,,"י""ח",2,ל 100 גרם,false,1,3.90,1.95,false,1,
7290002868996,false,קוטג  5% מועשר 250 גרם,*החברה המרכזית להפצת משקאותבעמ,,,"י""ח",2.50,ל 100 גרם,false,1,5.70,2.28,true,1,
7290002905462,false,מקל אלומיניום למטאטא,לפ סולומון סולור,,,"י""ח",1,,false,1,4.30,4.30,false,1,
7290002939498,false,שריר לא  מעובד עטרה מספר 8,נטו מלינדה סחר בעמ,,,"ק""ג",1,"ק""ג",true,1,52.90,52.90,true,1,
7290002939528,false,גידים  עטרה}קפוא{,נטו מלינדה סחר בעמ,,,"י""ח",1,,true,1,49.90,49.90,false,1,
7290002987963,false,"חומוס אחלה 1 ק""ג שטראוס","שטראוס גרופ ***בע""מ",,,"י""ח",1,"ק""ג",false,1,13.90,13.90,true,1,
7290003009329,false,בוטן אמריקאי 200 גרם,ליימן שליסל,,,"י""ח",2,ל 100 גרם,false,1,5.90,2.95,true,1,
7290003009596,false,סירופ דיאט אשכולית 750,חברה המרכזית להפצת משקאות בעמ,,,"י""ח",7.50,"ל 100 מ""ל",false,1,23.60,3.15,false,1,
7290003009640,false,פריגת סחוט 100%,*החברה המרכזית להפצת משקאותבעמ,,,"י""ח",1,ליטר,false,1,13.90,13.90,true,1,
7290003015627,false,ריצפז פרש אפרסק 2 ליטר,החב הדרומית לשיווק,,,"י""ח",2,ליטר,false,1,19.90,9.95,false,1,
7290003015641,false,ריצפז פרש יסמין 2 ליטר,החב הדרומית לשיווק,,,"י""ח",2,ליטר,false,1,19.90,9.95,false,1,
7290003020188,false,נייר אלומיניום 50 מקרון,פאלאס תעשיות נטו (2014) בעמ,,,"י""ח",1,,false,1,22.90,22.90,false,1,
7290003023196,false,מוקה 250  יוטבטה,"שטראוס גרופ ***בע""מ",,,"י""ח",2.25,"ל 100 מ""ל",false,1,2.90,1.29,true,1,
7290003026029,false,קמיל שמפו  סנסיטיב 500,"פישר תעשיות פרמבצטיות בע""מ",,,"י""ח",5,"ל 100 מ""ל",false,1,19.20,3.84,false,1,
7290003026036,false,קמיל בלו אל סבון  סנסטיב ליטר,"פישר תעשיות פרמבצטיות בע""מ",,,"י""ח",1,ליטר,false,1,24.90,24.90,true,1,
7290003026197,false,קמיל פלוס שמן טי,"פישר תעשיות פרמבצטיות בע""מ",,,"י""ח",5.20,"ל 100 מ""ל",false,1,19.90,3.83,true,1,
7290003026227,false,שמפו ללא דמעות פישר,"פישר תעשיות פרמבצטיות בע""מ",,,"י""ח",1,ליטר,false,1,24.90,24.90,true,1,
7290003026319,false,קמיל פלוס משחה ל,"פישר תעשיות פרמבצטיות בע""מ",,,"י""ח",1,ל 100 גרם,false,1,14.90,14.90,true,1,
7290003029181,false,שוקו 1 ליטר בקבוק יטבתה,"שטראוס גרופ ***בע""מ",,,"י""ח",1,ליטר,false,1,11.90,11.90,true,1,
7290003029372,false,משקה חלב בננה 1ליטר בקבוק יטבתה,"שטראוס גרופ ***בע""מ",,,"י""ח",1,ליטר,false,1,11.90,11.90,true,1,
7290003029389,false,שוקו בטעם בננה יטבתה פקק 250מל.,"שטראוס גרופ ***בע""מ",,,"י""ח",2.50,"ל 100 מ""ל",false,1,5.50,2.20,true,1,
7290003029433,false,"שוקו יטבתה בקבוק 250מ""ל מהדרין","שטראוס גרופ ***בע""מ",,,"י""ח",2.50,"ל 100 מ""ל",false,1,5.50,2.20,true,1,
7290003029532,false,מוקה 1 ליטר יטבתה,"שטראוס גרופ ***בע""מ",,,"י""ח",1,ליטר,false,1,11.90,11.90,true,1,
7290003029792,false,מארז שוקו 8 יח  (יוטבתה),"שטראוס גרופ ***בע""מ",,,"י""ח",1.80,ליטר,false,1,18.90,10.50,true,1,
7290003029815,false,חלב יטבתה מעושר 2 ליטר,"שטראוס גרופ ***בע""מ",,,"י""ח",2,ליטר,false,1,15,7.50,true,1,
7290003029884,false,מארז 6 שקיות מוקה,"שטראוס גרופ ***בע""מ",,,"י""ח",1.40,ליטר,false,1,15.40,11,true,1,
7290003029907,false,אייס קפה יטבתה 1 ליטר בקבוק,"שטראוס גרופ ***בע""מ",,,"י""ח",1,ליטר,false,1,11.90,11.90,true,1,
7290003047642,false,תה ליפטון 100שקיות (ללא עטיפה),"יוניליוור ישראל שיווק בע""מ",,,"י""ח",1.50,ל 100 גרם,false,1,12.90,8.60,false,1,
7290003054657,false,חרדל דיג ון אקסטרא פורטה דיפלומט,דיפלומט בעמ,,,"י""ח",3.70,ל 100 גרם,false,1,11.50,3.11,false,1,
7290003102280,false,צימרונים לתינוק,אינטרסן (1996) בעמ,,,"י""ח",1,"י""ח",false,1,3.90,3.90,false,1,
7290003102976,false,צימרוני אוזניים 200 יח,אינטרסן (1996) בעמ,,,"י""ח",200,ל 100 גרם,false,1,3.10,0.02,false,1,
7290003119509,false,בקבוק ריק 1.20,שונות /שרות,,,"י""ח",1,"י""ח",false,1,1.20,1.20,false,1,
7290003121083,false,מג יק בשר בשקית,נטו מלינדה סחר בעמ,,,"י""ח",0.85,ל 100 גרם,false,1,2.50,2.94,false,1,
7290003121090,false,מג יק ירקות בשקית,נטו מלינדה סחר בעמ,,,"י""ח",0.85,ל 100 גרם,false,1,2.50,2.94,false,1,
7290003121106,false,מג יק עוף בשקית,נטו מלינדה סחר בעמ,,,"י""ח",0.85,ל 100 גרם,false,1,2.50,2.94,false,1,
7290003126712,false,"יוגורט עזים 3% ביו 150מ""ל",*החברה המרכזית להפצת משקאותבעמ,,,"י""ח",1.40,"ל 100 מ""ל",false,1,6.30,4.50,true,1,
7290003126958,false,טופו טבעי בואקום 300גר,*החברה המרכזית להפצת משקאותבעמ,,,"י""ח",3,ל 100 גרם,false,1,12.10,4.03,false,1,
7290003127597,false,שקית שרות קופה גופיה,שונות /שרות,,,"י""ח",1,,false,1,0.10,0.10,false,1,
7290003145751,false,קשיו קלוי 200גר`,ליימן שליסל,,,"י""ח",2,ל 100 גרם,false,1,15.90,7.95,true,1,
7290003145959,false,פקאן טבעי 150גר,ליימן שליסל,,,"י""ח",1.50,ל 100 גרם,false,1,20.40,13.60,false,1,
7290003185719,false,קבב רומני 400 גרם,נטו מלינדה סחר בעמ,,,"י""ח",5,ל 100 גרם,false,1,20.90,4.18,true,1,
7290003185726,false,קבב מזרחי ]500טיווןויל[,נטו מלינדה סחר בעמ,,,"י""ח",5,ל 100 גרם,false,1,17.90,3.58,true,1,
7290003189076,false,פיצרלה  500 גרם,*347440,,,"י""ח",5,ל 100 גרם,false,1,19.90,3.98,false,1,
7290003199273,false,צמר פלדה 200 גרם ינה,ח.כהן סוכנות מזון ומשקאות בע,,,"י""ח",2,ל 100 גרם,false,1,6.90,3.45,false,1,
7290003229109,false,פסטרמה הודו בפפריקה,תנובה בשר,,,"י""ח",4,ל 100 גרם,false,1,25.90,6.48,false,1,
7290003258291,false,דאודורנט ספריי פנינה מס 3,"פנינה רוזנבלום  בע""מ",,,"י""ח",1,"ל 100 מ""ל",false,1,15,15,true,1,
7290003321155,false,דנונה  בר קראנצי שבבי פקאן,"שטראוס גרופ ***בע""מ",,,"י""ח",1.75,"ל 100 מ""ל",false,1,4.40,2.51,true,1,
7290003321292,false,סקי 9% 250 גר*,"שטראוס גרופ ***בע""מ",,,"י""ח",2.50,ל 100 גרם,false,1,4.70,1.88,true,1,
7290003387205,false,ספיד סטיק גבר ירוק כהה,ש.שסטוביץ בעמ,,,"י""ח",0.6370,ל 100 גרם,false,1,16.90,26.53,true,1,
7290003401376,false,לחות לשיער  נטורל}קלאסיק{,החב הדרומית לשיווק,,,"י""ח",4,"ל 100 מ""ל",false,1,19.90,4.98,false,1,
7290003411757,false,"צלחות 1 ק""ג הנמל",הנמל אריזות ושווק בעמ,,,"י""ח",1,"ק""ג",false,1,34.90,34.90,false,1,
7290003427154,false,שמן זית זיתא  כתית.מעולה 750,תה ויסוצקי (ישראל)בעמ,,,"י""ח",7.50,"ל 100 מ""ל",false,1,32.90,4.39,true,1,
7290003438006,false,ממרח פסטו צנובר,תה ויסוצקי (ישראל)בעמ,,,"י""ח",1.90,ל 100 גרם,false,1,13.90,7.32,false,1,
7290003438013,false,ממרח זיתים,תה ויסוצקי (ישראל)בעמ,,,"י""ח",1.90,ל 100 גרם,false,1,13.90,7.32,false,1,
7290003438020,false,ממרח עגבניות מיובשות,תה ויסוצקי (ישראל)בעמ,,,"י""ח",1.90,ל 100 גרם,false,1,13.90,7.32,false,1,
7290003438709,false,ממרח זיתים שחורים,תה ויסוצקי (ישראל)בעמ,,,"י""ח",1.90,ל 100 גרם,false,1,13.90,7.32,false,1,
7290003438990,false,עטורי עגבניות מיובשות,תה ויסוצקי (ישראל)בעמ,,,"י""ח",2.20,ל 100 גרם,false,1,15.90,7.23,true,1,
7290003450602,false,ממרח חרדל צהוב היינץ,דיפלומט בעמ,,,"י""ח",2.55,ל 100 גרם,false,1,8.90,3.49,false,1,
7290003457991,false,קורנטו קלאסיק שטראוס,"גלידות שטראוס בע""מ",,,"י""ח",1,,false,1,34.90,34.90,false,1,
7290003521074,false,סרקל מרכך 1 ליטר,"פישר תעשיות פרמבצטיות בע""מ",,,"י""ח",1,ליטר,false,1,29.90,29.90,false,1,
7290003521081,false,סרקל שמפו  1  ליטר,"פישר תעשיות פרמבצטיות בע""מ",,,"י""ח",1,ליטר,false,1,29.90,29.90,false,1,
7290003521166,false,סרקל קרם שיער]רוזמרין[,"פישר תעשיות פרמבצטיות בע""מ",,,"י""ח",3.25,ל 100 גרם,false,1,25.90,7.97,false,1,
7290003521197,false,סרקל מתיר קשרים ספריי,"פישר תעשיות פרמבצטיות בע""מ",,,"י""ח",3.40,"ל 100 מ""ל",false,1,25.90,7.62,false,1,
7290003521203,false,סרקל שמפו 2 ליטר,"פישר תעשיות פרמבצטיות בע""מ",,,"י""ח",2,ליטר,false,1,39.90,19.95,false,1,
7290003521395,false,אל סבון תחליבי 2 ליטר,"פישר תעשיות פרמבצטיות בע""מ",,,"י""ח",2,ליטר,false,1,39.90,19.95,false,1,
7290003525904,false,סלט טונה פיקנטי שלישיה,נטו מלינדה סחר בעמ,,,"י""ח",4.80,ל 100 גרם,false,1,14.90,3.10,false,1,
7290003550753,false,טונה פוסידון רביעיות,נטו מלינדה סחר בעמ,,,"י""ח",3.40,ל 100 גרם,false,1,19.90,5.85,false,1,
7290003578061,false,לבבות דקל שלם}וויליפוד 400ג,ג.וילי פוד אינטרנשיונל בעמ,,,"י""ח",4,ל 100 גרם,false,1,11.90,2.98,false,1,
7290003578177,false,תירס גמדי ויליפוד 410 גרם,ג.וילי פוד אינטרנשיונל בעמ,,,"י""ח",4.10,ל 100 גרם,false,1,8.90,2.17,true,1,
7290003578290,false,מקלוני אורז 300 גרם. ויליפוד,ג.וילי פוד אינטרנשיונל בעמ,,,"י""ח",3,ל 100 גרם,false,1,6.50,2.17,false,1,
7290003643004,false,"אורז בסמטי קלאסי  סוגת1 ק""ג",סוגת תעשיות בעמ,,,"י""ח",1,"ק""ג",false,1,13.90,13.90,false,1,
7290003643387,false,"סוכר אריזת פלסטיק 1 ק""ג סוגת",סוגת תעשיות בעמ,,,"י""ח",1,"ק""ג",false,1,7.90,7.90,false,1,
7290003643646,false,סוכר חום דמררה סוגת,סוגת תעשיות בעמ,,,"י""ח",1,"ק""ג",false,1,13.90,13.90,false,1,
7290003643684,false,אפונה יבשה 500 גרם,סוגת תעשיות בעמ,,,"י""ח",5,ל 100 גרם,false,1,6.90,1.38,true,1,
7290003643707,false,גריסים 500 ג,סוגת תעשיות בעמ,,,"י""ח",5,ל 100 גרם,false,1,4.90,0.98,true,1,
7290003643714,false,חומוס 500 גרם סוגת,סוגת תעשיות בעמ,,,"י""ח",5,ל 100 גרם,false,1,7.90,1.58,true,1,
7290003643738,false,חיטה 500 גרם סוגת,סוגת תעשיות בעמ,,,"י""ח",5,ל 100 גרם,false,1,4.90,0.98,true,1,
7290003643745,false,כוסמת 500 גרם סוגת,סוגת תעשיות בעמ,,,"י""ח",5,ל 100 גרם,false,1,8.90,1.78,true,1,
7290003643752,false,~עדשים ירוקים 500 ג סוגת,סוגת תעשיות בעמ,,,"י""ח",5,ל 100 גרם,false,1,8.90,1.78,true,1,
7290003643769,false,עדשים אדומים 500 סוגת,סוגת תעשיות בעמ,,,"י""ח",5,ל 100 גרם,false,1,8.90,1.78,true,1,
7290003643776,false,פופקורן 500 גרם,סוגת תעשיות בעמ,,,"י""ח",5,ל 100 גרם,false,1,6.90,1.38,true,1,
7290003643806,false,שעועית לבנה 500 גרם סוגת,סוגת תעשיות בעמ,,,"י""ח",5,ל 100 גרם,false,1,11.90,2.38,true,1,
7290003643813,false,שעועית אדומה 500 גרם,סוגת תעשיות בעמ,,,"י""ח",5,ל 100 גרם,false,1,11.90,2.38,true,1,
7290003643820,false,חומוס ענק 500 סוגת,סוגת תעשיות בעמ,,,"י""ח",5,ל 100 גרם,false,1,10,2,true,1,
7290003681228,false,עלי דפנה 10גר,מיה תעשיות מזון מ.ת.מ בעמ,,,"י""ח",0.10,ל 100 גרם,false,1,5.80,58,false,1,
7290003681242,false,תבלין זעתר,מיה תעשיות מזון מ.ת.מ בעמ,,,"י""ח",0.50,ל 100 גרם,false,1,6.30,12.60,false,1,
7290003681334,false,"קוקוס 400 גרם מיה בד""צ",מיה תעשיות מזון מ.ת.מ בעמ,,,"י""ח",4,ל 100 גרם,false,1,8.90,2.23,false,1,
7290003681341,false,קונפיטורה  תות שדה,מיה תעשיות מזון מ.ת.מ בעמ,,,"י""ח",3.40,ל 100 גרם,false,1,13.90,4.09,false,1,
7290003681532,false,דובדבנים מסוכרים,מיה תעשיות מזון מ.ת.מ בעמ,,,"י""ח",1,ל 100 גרם,false,1,3.90,3.90,false,1,
7290003681693,false,חומוס לבן ענק  500מיה,מיה תעשיות מזון מ.ת.מ בעמ,,,"י""ח",5,ל 100 גרם,false,1,8.90,1.78,false,1,
7290003681716,false,גריסי פנינה 500 ג מיה,מיה תעשיות מזון מ.ת.מ בעמ,,,"י""ח",5,ל 100 גרם,false,1,5.90,1.18,false,1,
7290003681754,false,תבלין קרי,מיה תעשיות מזון מ.ת.מ בעמ,,,"י""ח",1,ל 100 גרם,false,1,5.80,5.80,false,1,
7290003681761,false,גבישי שום 80גר`,מיה תעשיות מזון מ.ת.מ בעמ,,,"י""ח",8,ל 100 גרם,false,1,11.90,1.49,false,1,
7290003681792,false,טופי פירות מיה 850גר,מיה תעשיות מזון מ.ת.מ בעמ,,,"י""ח",8.50,ל 100 גרם,false,1,16.90,1.99,false,1,
7290003726141,false,טופו בוואקום,מחלבות גד,,,"י""ח",3.20,ל 100 גרם,false,1,10.90,3.41,false,1,
7290003744428,false,אובלטים קמיל 300 גרם,שוקוטרייד בעמ,,,"י""ח",3,ל 100 גרם,false,1,10,3.33,false,1,
7290003744831,false,אובלטים בצל 300 גרם,שוקוטרייד בעמ,,,"י""ח",3,ל 100 גרם,false,1,10.90,3.63,false,1,
7290003744862,false,אובלטים זעתר 300 גרם,שוקוטרייד בעמ,,,"י""ח",3,ל 100 גרם,false,1,10.90,3.63,false,1,
7290003781065,false,מלפפונים במלח עם,ג.וילי פוד אינטרנשיונל בעמ,,,"י""ח",6.90,ל 100 גרם,false,1,9.90,1.43,false,1,
7290003781652,false,צלפים 370גר,ג.וילי פוד אינטרנשיונל בעמ,,,"י""ח",3.70,ל 100 גרם,false,1,8.90,2.41,false,1,
7290003804252,false,תיבולית נוסח הודי 72גרם,"יוניליוור ישראל שיווק בע""מ",,,"י""ח",0.72,ל 100 גרם,false,1,7.90,10.97,true,1,
7290003804320,false,תיבולית שום ופטרוזיליה  72גר,"יוניליוור ישראל שיווק בע""מ",,,"י""ח",0.72,ל 100 גרם,false,1,7.90,10.97,true,1,
7290003804368,false,תיבולית  בזיליקום 72גרם,"יוניליוור ישראל שיווק בע""מ",,,"י""ח",0.72,ל 100 גרם,false,1,7.90,10.97,true,1,
7290003804382,false,תיבולית קוביות פטריות 72גרם,"יוניליוור ישראל שיווק בע""מ",,,"י""ח",0.72,ל 100 גרם,false,1,7.90,10.97,true,1,
7290003805501,false,פתית שבדי חסכוני 300 ג`,"יוניליוור ישראל שיווק בע""מ",,,"י""ח",3,ל 100 גרם,false,1,14.90,4.97,true,1,
7290003805587,false,"פתית ח.מ בד""צ","יוניליוור ישראל שיווק בע""מ",,,"י""ח",2.50,ל 100 גרם,false,1,14.90,5.96,true,1,
7290003807178,false,"רוטב סויה 300 מ""ל סיג.סינ","יוניליוור ישראל שיווק בע""מ",,,"י""ח",3,"ל 100 מ""ל",false,1,10.90,3.63,true,1,
7290003807482,false,"רוטב טריאקי 370 מ""ל","יוניליוור ישראל שיווק בע""מ",,,"י""ח",3.70,"ל 100 מ""ל",false,1,10.90,2.95,true,1,
7290003864478,false,~סרדין בשמן צמחי  ויליפוד,ג.וילי פוד אינטרנשיונל בעמ,,,"י""ח",1.10,ל 100 גרם,false,1,4.90,4.45,true,1,
7290003864485,false,סרדין ברוטב עגבנ,ג.וילי פוד אינטרנשיונל בעמ,,,"י""ח",1.10,ל 100 גרם,false,1,4.90,4.45,true,1,
7290003864492,false,סרדין בשמן צמחי וילפוד,ג.וילי פוד אינטרנשיונל בעמ,,,"י""ח",1.10,ל 100 גרם,false,1,4.90,4.45,true,1,
7290003882694,false,"נתחי טונה בשמן 1 ק""ג ויליפוד",ג.וילי פוד אינטרנשיונל בעמ,,,"י""ח",1,"ק""ג",false,1,33.90,33.90,false,1,
7290003882922,false,עלי גפן ממולאים וויליפוד 400,ג.וילי פוד אינטרנשיונל בעמ,,,"י""ח",4,ל 100 גרם,false,1,7.90,1.98,false,1,
7290003896141,false,אלמנדוס חטיף ספרדי פיקנטי,ליימן שליסל,,,"י""ח",2,ל 100 גרם,false,1,7.90,3.95,true,1,
7290003903771,false,קפוצינו פחית 200,"שטראוס גרופ בע""מ",,,"י""ח",2,ל 100 גרם,false,1,24.20,12.10,true,1,
7290003976980,false,ג`ל ניקוי כללי ורצפות בת.חומץ 2 ל`טאצ,סאסאטק אגשח בעמ,,,ליטר,2,ליטר,false,1,14.90,7.45,false,1,
7290003989096,false,סלט חציל  פיקנטי-אחלה,"שטראוס גרופ ***בע""מ",,,"י""ח",5,ל 100 גרם,false,1,14.90,2.98,true,1,
7290003989539,false,רביולי גבינה שטראוס,"שטראוס גרופ ***בע""מ",,,"י""ח",4,ל 100 גרם,false,1,19.90,4.98,true,1,
7290003989553,false,טורטלוני פטריות  שטראוס,"שטראוס גרופ ***בע""מ",,,"י""ח",4,ל 100 גרם,false,1,19.90,4.98,true,1,
7290003996018,false,חסה ערבית חסלט,יעל ירק עלים לשיווק בעמ,,,"י""ח",1,"י""ח",false,1,7.80,7.80,false,1,
7290003996049,false,פטרוזיליה חסלט,יעל ירק עלים לשיווק בעמ,,,"י""ח",1,"י""ח",false,1,6.80,6.80,false,1,
7290003996056,false,כוסברה חסלט,יעל ירק עלים לשיווק בעמ,,,"י""ח",1,,false,1,6.80,6.80,false,1,
7290003996063,false,שמיר חסלט,יעל ירק עלים לשיווק בעמ,,,"י""ח",0,"י""ח",false,1,6.80,6.80,false,1,
7290003996094,false,סלרי חסלט,יעל ירק עלים לשיווק בעמ,,,"י""ח",1,"י""ח",false,1,7.80,7.80,false,1,
7290003996506,false,כרוב לבן 400ג חסלט,יעל ירק עלים לשיווק בעמ,,,"י""ח",4,ל 100 גרם,false,1,11.80,2.95,false,1,
7290003996513,false,כרוב אדום  400 גרם חסלט,יעל ירק עלים לשיווק בעמ,,,"י""ח",4,ל 100 גרם,false,1,11.80,2.95,false,1,
7290004048679,false,קובה למרק,נטו מלינדה סחר בעמ,,,"י""ח",1,"ק""ג",false,1,21.90,21.90,false,1,
7290004061449,false,שניצל אמריקאי 700 גרם,קפוא זן תעשיות מזון בעמ,,,"י""ח",7,ל 100 גרם,false,1,15.90,2.27,true,1,
7290004061494,false,נגיסי עוף 700,קפוא זן תעשיות מזון בעמ,,,"י""ח",7,ל 100 גרם,false,1,16.90,2.41,true,1,
7290004063115,false,"מלח גביש 1  ק""ג}עבה{",סוגת תעשיות בעמ,,,"י""ח",1,"ק""ג",false,1,1.70,1.70,false,1,
7290004078225,false,קולגייט מי פה פלקס ירוק,ש.שסטוביץ בעמ,,,"י""ח",5,"ל 100 מ""ל",false,1,24.90,4.98,true,1,
7290004078690,false,WC אגקס ג ל נוזל לשרותים,ש.שסטוביץ בעמ,,,"י""ח",7.50,"ל 100 מ""ל",false,1,14.90,1.99,false,1,
7290004078942,false,ליידי ספיד סטיק ג ל אדום,ש.שסטוביץ בעמ,,,"י""ח",0.63,ל 100 גרם,false,1,19.90,31.59,false,1,
7290004119225,false,יופלה אננס,"תנובה בע""מ ***",,,"י""ח",1.50,"ל 100 מ""ל",false,1,5,3.33,false,1,
7290004120061,false,קרלו שוקו וניל,"תנובה בע""מ ***",,,"י""ח",1.25,"ל 100 מ""ל",false,1,3,2.40,false,1,
7290004120108,false,דיאט יופלה טוויגי דובדבן,"תנובה בע""מ ***",,,"י""ח",1.50,"ל 100 מ""ל",false,1,5,3.33,false,1,
7290004120566,false,בולגרית פיראוס 24% 250 ג`,"תנובה בע""מ ***",,,"י""ח",2.50,ל 100 גרם,false,1,22.90,9.16,true,1,
7290004120573,false,פריאוס בולגרית 16% 250גר,"תנובה בע""מ ***",,,"י""ח",2.50,ל 100 גרם,false,1,23.20,9.28,false,1,
7290004120634,false,~בולגרית פיראוס 5% 250גר,"תנובה בע""מ ***",,,"י""ח",2.50,ל 100 גרם,false,1,21.90,8.76,true,1,
7290004120832,false,חלב תנובה כד 2 ל  }תנובה{ מהדרין*,"תנובה בע""מ ***",,,"י""ח",2,ליטר,false,1,12.46,6.23,false,1,
7290004121488,false,דיאט יופלה אפרסק,"תנובה בע""מ ***",,,"י""ח",1.50,"ל 100 מ""ל",false,1,4.80,3.20,false,1,
7290004121525,false,מאגדת  יופלה שמיניה פירות 3%,"תנובה בע""מ ***",,,"י""ח",1.20,ליטר,false,1,29.90,24.92,false,1,
7290004121853,false,פיראוס בולגרית קוביות 5% 200גר,"תנובה בע""מ ***",,,"י""ח",2,ל 100 גרם,false,1,19.90,9.95,false,1,
7290004122119,false,פתיתי פרמזן לפסטה 23% השף הלבן 100גר,"תנובה בע""מ ***",,,"י""ח",1,ל 100 גרם,false,1,10.70,10.70,false,1,
7290004122195,false,גוש   חלב פרוס}מהדרין  {200ג`,"תנובה בע""מ ***",,,"י""ח",2,ל 100 גרם,false,1,12.90,6.45,false,1,
7290004122270,false,עמק פרוס בקופסא 200גר,"תנובה בע""מ ***",,,"י""ח",2,ל 100 גרם,false,1,16.10,8.05,true,1,
7290004122348,false,~עמק לייט 9% בקופסא 200 ג`,"תנובה בע""מ ***",,,"י""ח",2,ל 100 גרם,false,1,16.90,8.45,true,1,
7290004122676,false,חמד פיראוס 5% 250גר,"תנובה בע""מ ***",,,"י""ח",2.50,ל 100 גרם,false,1,17.90,7.16,true,1,
7290004122683,false,אצבעות עמק 172גר,"תנובה בע""מ ***",,,"י""ח",1.72,ל 100 גרם,false,1,16.40,9.53,true,1,
7290004124205,false,דיאט יופלה תות טוויגי תות 0%,"תנובה בע""מ ***",,,"י""ח",1.50,"ל 100 מ""ל",false,1,5,3.33,false,1,
7290004124847,false,קצפת צמחית השף הלבן 500 מייל,"תנובה בע""מ ***",,,"י""ח",5,"ל 100 מ""ל",false,1,14.90,2.98,true,1,
7290004125370,false,שמנת 9% 200 ג,"תנובה בע""מ ***",,,"י""ח",2,"ל 100 מ""ל",false,1,3.70,1.85,false,1,
7290004125400,false,אשל  *4.5%,"תנובה בע""מ ***",,,"י""ח",2,"ל 100 מ""ל",false,1,1.69,0.85,false,1,
7290004125417,false,גיל  *3% 200 ג`,"תנובה בע""מ ***",,,"י""ח",2,ל 100 גרם,false,1,1.51,0.76,false,1,
7290004125455,false,"שמנת תנובה 15% מהדרין 200  מ""ל*","תנובה בע""מ ***",,,"י""ח",2,"ל 100 מ""ל",false,1,2.40,1.20,false,1,
7290004125462,false,שמנת חמוצה 15% 500 ג*,"תנובה בע""מ ***",,,"י""ח",5,"ל 100 מ""ל",false,1,6,1.20,false,1,
7290004125509,false,"שמנת תנובה 15% חצי מנה 100 מ""ל","תנובה בע""מ ***",,,"י""ח",1,"ל 100 מ""ל",false,1,1.60,1.60,false,1,
7290004125578,false,משקה סויה מועשר בסידן 1  ל`תנובה,"תנובה בע""מ ***",,,"י""ח",1,ליטר,false,1,10.90,10.90,true,1,
7290004125585,false,משקה סויה על הבוקר תנובה,"תנובה בע""מ ***",,,"י""ח",1,ליטר,false,1,10.90,10.90,true,1,
7290004125721,false,שמנת  לבישול השף תנובה 250 מייל,"תנובה בע""מ ***",,,"י""ח",2.50,"ל 100 מ""ל",false,1,8.20,3.28,false,1,
7290004125738,false,"שמנת לקצפת השף 250 מ""ל  32%( תנובה)","תנובה בע""מ ***",,,"י""ח",2.50,"ל 100 מ""ל",false,1,6.50,2.60,false,1,
7290004125776,false,עמק קלאסית פרוס בקופסא 400 גרם,"תנובה בע""מ ***",,,"י""ח",4,ל 100 גרם,false,1,27.90,6.98,true,1,
7290004126674,false,טל העמק לייט 9% 200גר,"תנובה בע""מ ***",,,"י""ח",2,ל 100 גרם,false,1,17.80,8.90,false,1,
7290004126759,false,דאיט יופלה פירות יער טו יוג פרי 150גר.,"תנובה בע""מ ***",,,"י""ח",1.50,"ל 100 מ""ל",false,1,5,3.33,false,1,
7290004127329,false,קוטג% `5מהדרין תנובה 250,"תנובה בע""מ ***",,,"י""ח",2.75,ל 100 גרם,false,1,5.50,2,false,1,
7290004127336,false,קוטג 9%  מהדרין תנובה 250,"תנובה בע""מ ***",,,"י""ח",2.50,ל 100 גרם,false,1,5.50,2.20,false,1,
7290004127800,false,גבינה 5% 500 גרם*תנובה,"תנובה בע""מ ***",,,"י""ח",5,ל 100 גרם,false,1,9.96,1.99,false,1,
7290004127817,false,גבינה 9% 500 גרם תנובה,"תנובה בע""מ ***",,,"י""ח",5,ל 100 גרם,false,1,9.50,1.90,false,1,
7290004127862,false,"גבינה לבנה תנובה  5% 750  ג""ר*","תנובה בע""מ ***",,,"י""ח",7.50,ל 100 גרם,false,1,14.94,1.99,true,1,
7290004129101,false,נפוליאון  בטעם טבעי,"תנובה בע""מ ***",,,"י""ח",2.25,ל 100 גרם,false,1,14.20,6.31,true,1,
7290004129156,false,נפוליאון 30% שומ,"תנובה בע""מ ***",,,"י""ח",2.25,ל 100 גרם,false,1,14.20,6.31,true,1,
7290004130794,false,משקה סויה מעושר טבעי 1 ל תנובה,"תנובה בע""מ ***",,,"י""ח",1,ליטר,false,1,10.90,10.90,true,1,
7290004130916,false,יופלה  פירות יער בשמנת,"תנובה בע""מ ***",,,"י""ח",1.50,"ל 100 מ""ל",false,1,5,3.33,false,1,
7290004131074,false,חלב 3% מהדרין תנובה קרטון+פקק   * 1 ל`,"תנובה בע""מ ***",,,"י""ח",1,ליטר,false,1,6.23,6.23,false,1,
7290004131814,false,צפתית מעודנת פיראוס 200 ג  5%,"תנובה בע""מ ***",,,"י""ח",2,ל 100 גרם,false,1,13.90,6.95,false,1,
7290004132170,false,יופלה לבן 1.5%,"תנובה בע""מ ***",,,"י""ח",1.50,"ל 100 מ""ל",false,1,3,2,false,1,
7290004132552,false,דיאט סויה טבעי 1 ליטר,"תנובה בע""מ ***",,,"י""ח",1,ליטר,false,1,10.90,10.90,true,1,
7290004132712,false,אצבעות מוצרלה 172גר,"תנובה בע""מ ***",,,"י""ח",1.72,ל 100 גרם,false,1,16.90,9.83,true,1,
7290004132903,false,"גבינה  250 ג`בד""צ 3%","תנובה בע""מ ***",,,"י""ח",2.50,ל 100 גרם,false,1,4.70,1.88,false,1,
7290004133511,false,יופלה לבן מאגדת שמיניה,"תנובה בע""מ ***",,,"י""ח",1.20,ליטר,false,1,20.90,17.42,false,1,
7290004135614,false,בולגרית מעודנת פיראוס  5% 250גר,"תנובה בע""מ ***",,,"י""ח",2.50,ל 100 גרם,false,1,18.90,7.56,false,1,
7290004136857,false,מעדן ג לי בטעם פטל,"תנובה בע""מ ***",,,"י""ח",1.25,"ל 100 מ""ל",false,1,2.30,1.84,false,1,
7290004136871,false,מעדן ג לי בטעם אפרסק,"תנובה בע""מ ***",,,"י""ח",1.25,"ל 100 מ""ל",false,1,2.60,2.08,false,1,
7290004137021,false,שמנת לבישול תנובה 250 מייל,"תנובה בע""מ ***",,,"י""ח",2.50,"ל 100 מ""ל",false,1,8.20,3.28,false,1,
7290004137311,false,עמק לייט %9משפחתית 400גר,"תנובה בע""מ ***",,,"י""ח",4,ל 100 גרם,false,1,30.90,7.73,true,1,
7290004146986,false,שמפו נקה -7 לשיער צבוע,החב הדרומית לשיווק,,,"י""ח",7.50,"ל 100 מ""ל",false,1,11.90,1.59,false,1,
7290004199203,false,קיסמי שיניים 300,אינטרסן (1996) בעמ,,,"י""ח",1,,false,1,2,2,true,1,
7290004199241,false,להבונים חסידיים 50יח,אינטרסן (1996) בעמ,,,"י""ח",50,"י""ח",false,1,8.20,0.16,true,1,
7290004199579,false,פלסטר 100 יחידות,אינטרסן (1996) בעמ,,,"י""ח",100,"י""ח",false,1,9.90,0.10,true,1,
7290004199777,false,צימרוני אוזניים פל.בכוס,אינטרסן (1996) בעמ,,,"י""ח",1,,false,1,7.90,7.90,true,1,
7290004199791,false,כפפות לאטקס 100 יח  M,אינטרסן (1996) בעמ,,,"י""ח",1,,false,1,17.90,17.90,true,1,
7290004199807,false,כפפות לאטקס 100 יח  L,אינטרסן (1996) בעמ,,,"י""ח",1,,false,1,17.90,17.90,true,1,
7290004200992,false,נרות יום הולדת,שמחה זה אנחנו,,,"י""ח",1,,false,1,3,3,false,1,
7290004219079,false,לבבות דקל  חתוך}ויליפוד{,ג.וילי פוד אינטרנשיונל בעמ,,,"י""ח",4,ל 100 גרם,false,1,10.90,2.73,false,1,
7290004219826,false,מלבין קפה הולנדי קומלטה,ג.וילי פוד אינטרנשיונל בעמ,,,"י""ח",4,ל 100 גרם,false,1,19.90,4.98,false,1,
7290004261115,false,שף הים אצבעות דג בשומשום 700גר,קפוא זן תעשיות מזון בעמ,,,"י""ח",7,ל 100 גרם,false,1,29.90,4.27,false,1,
7290004263034,false,המבורגר בית יוסף,נטו מלינדה סחר בעמ,,,"י""ח",5,ל 100 גרם,false,1,18.90,3.78,false,1,
7290004263652,false,נקניקיות  עוף(עטרה) 400ג,נטו מלינדה סחר בעמ,,,"י""ח",4,ל 100 גרם,false,1,8.90,2.23,true,1,
7290004263676,false,טחון   הודו}עטרה{500ג,נטו מלינדה סחר בעמ,,,"י""ח",5,ל 100 גרם,false,1,12.90,2.58,false,1,
7290004267124,false,עוגיות ממולאות תות 200  ג`ברמן,ח.כהן סוכנות מזון ומשקאות בע,,,"י""ח",2,ל 100 גרם,false,1,3.60,1.80,false,1,
7290004324605,false,מון בלאן רוקפורט,נטו מלינדה סחר בעמ,,,"י""ח",1.20,ל 100 גרם,false,1,8.90,7.42,false,1,
7290004324858,false,קבב כבש 400 גרם,נטו מלינדה סחר בעמ,,,"י""ח",5,ל 100 גרם,false,1,17.90,3.58,true,1,
7290004492274,false,גל גל 400 גרם טבעות,"יוניליוור ישראל שיווק בע""מ",,,"י""ח",4,ל 100 גרם,false,1,9.90,2.48,true,1,
7290004492762,false,נשנשים תירס 325 גרם,"יוניליוור ישראל שיווק בע""מ",,,"י""ח",3.25,ל 100 גרם,false,1,11.90,3.66,true,1,
7290004575632,false,קרמבו וניל  16  יחידות(ריאו).,"ריאו נתניה ביח""ר לגלידה",,,"י""ח",16,"י""ח",false,1,21.90,1.37,false,1,
7290004584306,false,סופר גמדים,"שטראוס גרופ ***בע""מ",,,"י""ח",4,"ל 100 מ""ל",false,1,10.90,2.73,true,1,
7290004584351,false,סימפוניה החמישית 200 ג,"שטראוס גרופ ***בע""מ",,,"י""ח",2,ל 100 גרם,false,1,10.90,5.45,true,1,
7290004584528,false,דנונה ביו 1.7% שומן,"שטראוס גרופ ***בע""מ",,,"י""ח",2,"ל 100 מ""ל",false,1,3.50,1.75,true,1,
7290004585907,false,דני וניל,"שטראוס גרופ ***בע""מ",,,"י""ח",1.30,"ל 100 מ""ל",false,1,2.60,2,true,1,
7290004639006,false,סולטנה קוסקוס  תוניסאי}מטעמי  פאר{,מטעמי פאר (א.מ.נ) בעמ,,,"י""ח",8,ל 100 גרם,false,1,15.90,1.99,false,1,
7290004685430,false,לחם הארץ כוסמין 100%,י.את א. ברמן בעמ,,,"י""ח",1,,false,1,15.90,15.90,false,1,
7290004731076,false,אל סבון כיף 1 ליטר,החב הדרומית לשיווק,,,"י""ח",1,ליטר,false,1,13.90,13.90,false,1,
7290004731410,false,סנו סושי כרית קרצוף ירוק 3 יחידות,החב הדרומית לשיווק,,,"י""ח",1,,false,1,10.90,10.90,false,1,
7290004731472,false,כיף אלסבון שלישייה,החב הדרומית לשיווק,,,"י""ח",1.50,ליטר,false,1,20.90,13.93,false,1,
7290004731519,false,תרסיס מקסימה סנסטיב ורוד למייבש כביסה,החב הדרומית לשיווק,,,"י""ח",7.50,"ל 100 מ""ל",false,1,17.90,2.39,true,1,
7290004731557,false,תרסיס מקסימה מאסק למייבש כביסה,החב הדרומית לשיווק,,,"י""ח",7.50,"ל 100 מ""ל",false,1,17.90,2.39,true,1,
7290004731687,false,דואופרש וניל,החב הדרומית לשיווק,,,"י""ח",3,"ל 100 מ""ל",false,1,9.90,3.30,false,1,
7290004737900,false,חלב מרוכז ממותק ויליפוד,ג.וילי פוד אינטרנשיונל בעמ,,,"י""ח",3.97,ל 100 גרם,false,1,9.90,2.49,false,1,
7290004861315,false,לבנה טבעי/ירקות שקיל 5%,מחלבות המושבה בעמ,,,"ק""ג",1,,true,1,39.90,39.90,false,1,
7290004861407,false,מוצרלה גוניור מושבה,מחלבות המושבה בעמ,,,"ק""ג",1,"ק""ג",true,1,79.90,79.90,false,1,
7290004861421,false,חלומי שקיל  המושבה,מחלבות המושבה בעמ,,,"ק""ג",1,"ק""ג",true,1,79.90,79.90,false,1,
7290004944032,false,חומוס אסלי 400 ג,"סלטי שמיר2006בע""מ",,,"י""ח",4,ל 100 גרם,false,1,9.90,2.48,true,1,
7290004944056,false,חציל במיונז אסלי 400ג,"סלטי שמיר2006בע""מ",,,"י""ח",4,ל 100 גרם,false,1,7.90,1.98,true,1,
7290004944070,false,כרוב אדום 400 ג אסלי,"סלטי שמיר2006בע""מ",,,"י""ח",4,ל 100 גרם,false,1,10.90,2.73,true,1,
7290004982355,false,צ`דר טריפל נטו,*347470,,,"ק""ג",1,,true,1,129,129,true,1,
7290005008184,false,פלמוליב סבון נוזלי,ש.שסטוביץ בעמ,,,"י""ח",5,"ל 100 מ""ל",false,1,15.90,3.18,false,1,
7290005008481,false,##ספיד סטיק לגבר ג`ל כחול,ש.שסטוביץ בעמ,,,"י""ח",0.85,ל 100 גרם,false,1,15.90,18.71,true,1,
7290005068058,false,תירס קל פרי גליל A2,ויטה- פרי גליל (החדשה) בעמ,,,"י""ח",5.50,ל 100 גרם,false,1,7.90,1.44,false,1,
7290005068447,false,תירס ואקום קל,ויטה- פרי גליל (החדשה) בעמ,,,"י""ח",3.40,ל 100 גרם,false,1,5.90,1.74,false,1,
7290005084355,false,סנסודין דואל קר,גורי ע.ע.ע. בעמ,,,"י""ח",0.75,ל 100 גרם,false,1,21.90,29.20,true,1,
7290005111761,false,"בונזו בשר 3 ק""ג",דיפלומט בעמ,,,"י""ח",3,"ק""ג",false,1,44.90,14.97,false,1,
7290005174513,false,סלט חציל במיונז אחלה 500גרם,"שטראוס גרופ ***בע""מ",,,"י""ח",5,ל 100 גרם,false,1,14.90,2.98,true,1,
7290005174551,false,חומוס יום יום אחלה,"שטראוס גרופ ***בע""מ",,,"י""ח",1.25,ל 100 גרם,false,1,4.70,3.76,true,1,
7290005174568,false,חצילים יום יום,"שטראוס גרופ ***בע""מ",,,"י""ח",1.25,ל 100 גרם,false,1,4.70,3.76,true,1,
7290005174575,false,טחינה יום יום,"שטראוס גרופ ***בע""מ",,,"י""ח",1.25,ל 100 גרם,false,1,4.70,3.76,true,1,
7290005175428,false,קמח תירס אינסטנד,ג.וילי פוד אינטרנשיונל בעמ,,,"י""ח",5,ל 100 גרם,false,1,5.90,1.18,false,1,
7290005175589,false,"קמח תירס 1 ק""ג",ג.וילי פוד אינטרנשיונל בעמ,,,"י""ח",1,"ק""ג",false,1,9.90,9.90,false,1,
7290005197758,false,חיוכים שוקו  150במגש,"שטראוס גרופ בע""מ",,,"י""ח",1.50,ל 100 גרם,false,1,4.90,3.27,true,1,
7290005198045,false,"פתיבר 1.750 ק""ג רגיל עלית","שטראוס גרופ בע""מ",,,"י""ח",1.75,"ק""ג",false,1,24.90,14.23,true,1,
7290005199578,false,פלאטינום נטול 200,"שטראוס גרופ בע""מ",,,"י""ח",2,ל 100 גרם,false,1,31.90,15.95,true,1,
7290005200786,false,תפוצ יפס שמנת ובצל,"שטראוס פריטו ליי בע""מ",,,"י""ח",0.50,ל 100 גרם,false,1,4.50,9,true,1,
7290005201455,false,נס קפה ארומה 200 גרם,"שטראוס גרופ בע""מ",,,"י""ח",2,ל 100 גרם,false,1,19.90,9.95,true,1,
7290005201882,false,קפה טורקי שקית 200 עלית,"שטראוס גרופ בע""מ",,,"י""ח",2,ל 100 גרם,false,1,17.90,8.95,true,1,
7290005270000,false,עלים לסיגר 500 גרם חמים וטעים,חמים וטעים בעמ,,,"י""ח",5,ל 100 גרם,false,1,14.90,2.98,false,1,
7290005287206,false,טונה סטארקיסט  בשמן 160גרם רבעייה,דיפלומט בעמ,,,"י""ח",6.40,ל 100 גרם,false,1,24.90,3.89,true,1,
7290005287213,false,"טונה סטארקיסט בשמן 160ג רבעיות בד""ץ",דיפלומט בעמ,,,"י""ח",6.40,ל 100 גרם,false,1,24.90,3.89,true,1,
7290005287251,false,~טונה סטארקיסט  במים רביעייה,דיפלומט בעמ,,,"י""ח",6.40,ל 100 גרם,false,1,24.90,3.89,true,1,
7290005287657,false,ממרח טונה סטארקיסט 160ג,דיפלומט בעמ,,,"י""ח",1.60,ל 100 גרם,false,1,6.50,4.06,true,1,
7290005296260,false,אסטוניש רסס ונגב,"יעקב יעקבי ובניו בע""מ",,,"י""ח",7.50,"ל 100 מ""ל",false,1,11.90,1.59,true,1,
7290005296857,false,הפי ספריי לכל,"יעקב יעקבי ובניו בע""מ",,,"י""ח",3,"ל 100 מ""ל",false,1,15,5,true,1,
7290005317200,false,קרקר טופז רגיל 110גר הדר,ח.כהן סוכנות מזון ומשקאות בע,,,"י""ח",1.10,ל 100 גרם,false,1,2.90,2.64,true,1,
7290005418716,false,לחות לשיער-תלתלים ברגע,החב הדרומית לשיווק,,,"י""ח",4,"ל 100 מ""ל",false,1,20.90,5.23,false,1,
7290005423253,false,תרסיס מקסימה כחול אולטרה למייבש כביסה,החב הדרומית לשיווק,,,"י""ח",7.50,"ל 100 מ""ל",false,1,17.90,2.39,true,1,
7290005423499,false,סנו נירוסטה,החב הדרומית לשיווק,,,"י""ח",4.76,"ל 100 מ""ל",false,1,18.90,3.97,false,1,
7290005423567,false,מטליות בגליל סושי,החב הדרומית לשיווק,,,"י""ח",1,,false,1,18.90,18.90,false,1,
7290005423635,false,ריצפז דוחה חרקים 2 ליטר,החב הדרומית לשיווק,,,"י""ח",2,ליטר,false,1,19.90,9.95,false,1,
7290005423734,false,מקסימה מרכך 4 ל  אולטרא,החב הדרומית לשיווק,,,"י""ח",4,ליטר,false,1,21.90,5.48,false,1,
7290005423833,false,פוליויקס פרקט 2 ליטר,החב הדרומית לשיווק,,,"י""ח",2,ליטר,false,1,19.90,9.95,false,1,
7290005423871,false,אורביטול שלישיה סודה,החב הדרומית לשיווק,,,"י""ח",4.35,ל 100 גרם,false,1,16.50,3.79,false,1,
7290005423918,false,מרכך כביסה מקסימה  ירוק 4 ליטר,החב הדרומית לשיווק,,,"י""ח",4,ליטר,false,1,21.90,5.48,false,1,
7290005424403,false,אל סבון כיף 1 ליטר,החב הדרומית לשיווק,,,"י""ח",1,ליטר,false,1,13.90,13.90,false,1,
7290005424700,false,מסיר שומנים קר סנו פורטה 1ל,החב הדרומית לשיווק,,,"י""ח",1,ליטר,false,1,16.90,16.90,false,1,
7290005424847,false,סנו סופט 150 מפיות לבן.,החב הדרומית לשיווק,,,"י""ח",150,"י""ח",false,1,7.90,0.05,false,1,
7290005425073,false,דואופרש אפרסק,החב הדרומית לשיווק,,,"י""ח",3,"ל 100 מ""ל",false,1,9.90,3.30,false,1,
7290005425196,false,אבקת כביסה מקסימה סנסטיב  2.5,החב הדרומית לשיווק,,,"י""ח",2.50,"ק""ג",false,1,25.90,10.36,false,1,
7290005425202,false,"א.כביסה מקסימה 2.5 ק""ג",החב הדרומית לשיווק,,,"י""ח",2.50,"ק""ג",false,1,25.90,10.36,false,1,
7290005425646,false,סנו קליר אקדח 1ליטר,החב הדרומית לשיווק,,,"י""ח",1,ליטר,false,1,9.90,9.90,false,1,
7290005426193,false,ספוג הפלא סנו סושי 6 יחידות,החב הדרומית לשיווק,,,"י""ח",1,,false,1,10.90,10.90,false,1,
7290005426230,false,סנו סושי מטלית הפלא לרצפה,החב הדרומית לשיווק,,,"י""ח",1,,false,1,12.90,12.90,false,1,
7290005426568,false,לחות לשיער קרמה-רגיל,החב הדרומית לשיווק,,,"י""ח",4,"ל 100 מ""ל",false,1,16.90,4.23,false,1,
7290005426964,false,סנובון שלישייה כחול אפרסק,החב הדרומית לשיווק,,,"י""ח",1.65,ל 100 גרם,false,1,14.90,9.03,true,1,
7290005426971,false,סנובון שלישייה כחול תפוח,החב הדרומית לשיווק,,,"י""ח",1.65,ל 100 גרם,false,1,14.90,9.03,true,1,
7290005427107,false,מגבות   הפלא}סנו{שישייה,החב הדרומית לשיווק,,,"י""ח",5.70,ל 100 גרם,false,1,13.90,2.44,true,1,
7290005427121,false,סנו מגבות הפלא 12 גלילים,החב הדרומית לשיווק,,,"י""ח",12,"י""ח",false,1,24.90,2.08,false,1,
7290005427848,false,מטליות בגליל סושי,החב הדרומית לשיווק,,,"י""ח",1,,false,1,18.90,18.90,false,1,
7290005427947,false,"קרמה ק.גוף פסיפלורה 500 מ""ל",החב הדרומית לשיווק,,,"י""ח",5,"ל 100 מ""ל",false,1,24.90,4.98,false,1,
7290005428845,false,מפיות ארוח סופט 100,החב הדרומית לשיווק,,,"י""ח",100,"י""ח",false,1,7.90,0.08,false,1,
7290005428852,false,ממחטות   צבעוני סופט חמישייה,החב הדרומית לשיווק,,,"י""ח",6.50,ל 100 גרם,false,1,13.90,2.14,false,1,
7290005429279,false,"סנו מקסימה אפקט זאוול  6 ק""ג.",החב הדרומית לשיווק,,,"י""ח",6,"ק""ג",false,1,45.90,7.65,false,1,
7290005429286,false,סנו מקסימה קומפקט ביו 6,החב הדרומית לשיווק,,,"י""ח",6,"ק""ג",false,1,45.90,7.65,false,1,
7290005430602,false,סנו אוקסיגאן מסיר בתרסיס מרסס,החב הדרומית לשיווק,,,"י""ח",7.50,"ל 100 מ""ל",false,1,17.70,2.36,false,1,
7290005430961,false,מקסימה שמפו נוזל לכביסה עדינה ביד סנו 1,החב הדרומית לשיווק,,,"י""ח",1,ליטר,false,1,15.90,15.90,false,1,
7290005509445,false,מיני קוקיס בטעם חמאה 600 ג`,כרמית תעשיות ממתקים בעמ,,,"י""ח",6,"100 ס""מ",false,1,16.90,2.82,false,1,
7290005559587,false,נקניקיות בבצק]מעדנות[,תנובה בשר,,,"י""ח",8,ל 100 גרם,false,1,28.30,3.54,false,1,
7290005559709,false,בורקס  פיצה}מעדנות{,תנובה בשר,,,"י""ח",7,ל 100 גרם,false,1,25.90,3.70,false,1,
7290005559914,false,"פיצה משפחתית זיתים 550ג""ר מעדנות",תנובה בשר,,,"י""ח",5.50,ל 100 גרם,false,1,19.90,3.62,true,1,
7290005576034,false,כוסברה גלאט עלים,*346530,,,"י""ח",1,,false,1,5.90,5.90,true,1,
7290005591761,false,דבש טהור מפרחי בר לחיץ 400גר יד מרדכי,"שטראוס גרופ בע""מ",,,"י""ח",4,ל 100 גרם,false,1,24.90,6.23,true,1,
7290005838002,false,דניאלה בטעם יוגורט וניל,"שטראוס גרופ ***בע""מ",,,"י""ח",1.50,"ל 100 מ""ל",false,1,3.90,2.60,true,1,
7290005838613,false,סקי וניל 3%,"שטראוס גרופ ***בע""מ",,,"י""ח",1.25,ל 100 גרם,false,1,3.80,3.04,true,1,
7290005839078,false,מארז שמיניה  ביו 3% 150גר,"שטראוס גרופ ***בע""מ",,,"י""ח",1.20,ליטר,false,1,15.90,13.25,true,1,
7290005839108,false,סימפוניה עם זיתים 5%,"שטראוס גרופ ***בע""מ",,,"י""ח",2,ל 100 גרם,false,1,10.90,5.45,true,1,
7290005839313,false,מילקי טופ שטראוס,"שטראוס גרופ ***בע""מ",,,"י""ח",1.30,"ל 100 מ""ל",false,1,4.60,3.54,true,1,
7290005992018,false,יוגורט עיזים 500 בבקבוק.,מחלבות גד,,,"י""ח",5,"ל 100 מ""ל",false,1,12.90,2.58,false,1,
7290005992247,false,חלומי מוסדי,מחלבות גד,,,"ק""ג",1,,true,1,93.80,93.80,false,1,
7290005992575,false,בולגרית  למריחה 5% גד 250 ג,מחלבות גד,,,"י""ח",2.50,ל 100 גרם,false,1,13.90,5.56,false,1,
7290005992735,false,לבנה 250 ג גד,מחלבות גד,,,"י""ח",2.50,ל 100 גרם,false,1,11.90,4.76,false,1,
7290006185501,false,סבון נוזל ורוד פנינה 1 ליטר,"פנינה רוזנבלום  בע""מ",,,"י""ח",1,ליטר,false,1,8.90,8.90,true,1,
7290006185518,false,סבון נוזלי כחול פנינה 1 ליטר,"פנינה רוזנבלום  בע""מ",,,"י""ח",1,ליטר,false,1,8.90,8.90,true,1,
7290006229427,false,שישית מים סן בנדטו 500,טמפו משקאות בעמ,,,"י""ח",3,ליטר,false,1,11.90,3.97,false,1,
7290006229588,false,"בירה איגל פחית זהב 500מ""ל",טמפו משקאות בעמ,,,"י""ח",3.30,"ל 100 מ""ל",false,1,6.20,1.79,false,1,
7290006241153,false,פקאן סיני 150 גרם,ליימן שליסל,,,"י""ח",1.50,ל 100 גרם,false,1,20.90,13.93,false,1,
7290006241191,false,אגוז מלך שקית 150 גרם,ליימן שליסל,,,"י""ח",1.50,ל 100 גרם,false,1,17.90,11.93,false,1,
7290006241535,false,פריגת קפוא  מנגו 280 גרם,*החברה המרכזית להפצת משקאותבעמ,,,"י""ח",2.80,ל 100 גרם,false,1,9.90,3.54,false,1,
7290006241689,false,"פריגת לימון קפוא 280 מ""ל",*החברה המרכזית להפצת משקאותבעמ,,,"י""ח",2.80,ל 100 גרם,false,1,9.90,3.54,false,1,
7290006251107,false,מסאלה צ אי,תה ויסוצקי (ישראל)בעמ,,,"י""ח",0.50,ל 100 גרם,false,1,17.90,35.80,false,1,
7290006251275,false,תה ירוק סיני 25 יח,תה ויסוצקי (ישראל)בעמ,,,"י""ח",0.3750,ל 100 גרם,false,1,24.90,66.40,true,1,
7290006251343,false,חליטת מנגו-פסיפלורה גן קסום,תה ויסוצקי (ישראל)בעמ,,,"י""ח",0.6250,ל 100 גרם,false,1,17.90,28.64,true,1,
7290006251374,false,תה ירוק לימונית וג נג ר,תה ויסוצקי (ישראל)בעמ,,,"י""ח",0.25,ל 100 גרם,false,1,24.90,99.60,true,1,
7290006251589,false,תה ירוק נענע 50 יח,תה ויסוצקי (ישראל)בעמ,,,"י""ח",0.75,ל 100 גרם,false,1,39.90,53.20,true,1,
7290006256089,false,גאטו נגרו קברנה סובניון,היכל היין שקד גולן בעמ,,,"י""ח",7.50,"ל 100 מ""ל",false,1,39.90,5.28,true,1,
7290006256775,false,גאטו נגרו מלבק,היכל היין שקד גולן בעמ,,,"י""ח",7.50,"ל 100 מ""ל",false,1,39.90,5.28,true,1,
7290006265500,false,פטריות שמפיניון,ביכורי השדה צפון 1994 ג.ד. בעמ,,,"י""ח",1,,false,1,10.90,10.90,true,1,
7290006271181,false,ג חנון מעדנות אפוי למיקרוגל 750 ג,תנובה בשר,,,"י""ח",7.50,ל 100 גרם,false,1,15.90,2.12,false,1,
7290006271648,false,"מיני בורקס תפו""א",תנובה בשר,,,"י""ח",6.50,ל 100 גרם,false,1,21.90,3.37,false,1,
7290006271655,false,מיני בורקס גבינה,תנובה בשר,,,"י""ח",8,ל 100 גרם,false,1,24.90,3.11,false,1,
7290006272072,false,חטיפי פיצה מעדנות.,תנובה בשר,,,"י""ח",6.50,ל 100 גרם,false,1,22.90,3.52,false,1,
7290006272430,false,בצק עלים חמאה,תנובה בשר,,,"י""ח",6,ל 100 גרם,false,1,27.90,4.65,false,1,
7290006306302,false,רביולי  גבינה פסטה נונה,מחלבות גד,,,"י""ח",4,ל 100 גרם,false,1,19.90,4.98,false,1,
7290006306319,false,רביולי בטטה פסטה נונה,מחלבות גד,,,"י""ח",4,ל 100 גרם,false,1,19.90,4.98,false,1,
7290006306326,false,רביולי פטריות פסטה נונה,מחלבות גד,,,"י""ח",4,ל 100 גרם,false,1,19.90,4.98,false,1,
7290006306340,false,"ניוקי תפו""א",מחלבות גד,,,"י""ח",3.40,ל 100 גרם,false,1,19.90,5.85,false,1,
7290006306357,false,רביולי גבינת  עיזים פסטה נונה,מחלבות גד,,,"י""ח",4,ל 100 גרם,false,1,22.90,5.73,false,1,
7290006342447,false,גרעין אבטיח 200גר.,*347340,,,"י""ח",2,ל 100 גרם,false,1,14.90,7.45,false,1,
7290006374738,false,קונפיטורה תות יד מרדכי בטעם תות,"שטראוס גרופ בע""מ",,,"י""ח",3.40,ל 100 גרם,false,1,13.60,4,true,1,
7290006492432,false,מוצרלה בייבי 150 ג,מחלבות גד,,,"י""ח",1,,false,1,13.90,13.90,false,1,
7290006492616,false,בולגרית פרוסות 5% גד 250 ג`,מחלבות גד,,,"י""ח",2.50,ל 100 גרם,false,1,25.20,10.08,false,1,
7290006492630,false,גדעזים גליל 180 ג גד,מחלבות גד,,,"י""ח",1,,false,1,21.90,21.90,false,1,
7290006492685,false,לבנה 250 גרם גד,מחלבות גד,,,"י""ח",2.50,ל 100 גרם,false,1,16.90,6.76,false,1,
7290006492852,false,גבינה לבנה 5% עזים,מחלבות גד,,,"י""ח",1,,false,1,15.90,15.90,false,1,
7290006494917,false,מרמולייט וופל שוקו,דנשר (1963) בעמ,,,"י""ח",1.80,ל 100 גרם,false,1,7.80,4.33,false,1,
7290006494924,false,מרמולייט וופל לימון 180,דנשר (1963) בעמ,,,"י""ח",1.80,ל 100 גרם,false,1,7.80,4.33,false,1,
7290006498052,false,יוגורט טבעי מהדרין,"שטראוס גרופ ***בע""מ",,,"י""ח",1.50,"ל 100 מ""ל",false,1,2.50,1.67,true,1,
7290006511157,false,"פטריות שלם 400 ג  בד""ץ",ג.וילי פוד אינטרנשיונל בעמ,,,"י""ח",4,ל 100 גרם,false,1,7.90,1.98,true,1,
7290006511683,false,פולי סויה קפואים 454 גרם,ג.וילי פוד אינטרנשיונל בעמ,,,"י""ח",4.54,ל 100 גרם,false,1,9.90,2.18,false,1,
7290006511751,false,פטריות חתוך 290 גרם *שלישיה,ג.וילי פוד אינטרנשיונל בעמ,,,"י""ח",8.70,ל 100 גרם,false,1,11.90,1.37,false,1,
7290006546319,false,"סטייק צ יפס 1.5 ק""ג",ויטה- פרי גליל (החדשה) בעמ,,,"י""ח",7,ל 100 גרם,false,1,19.90,2.84,true,1,
7290006550972,false,"טחון בקר עטרה 1 ק""ג",נטו מלינדה סחר בעמ,,,"י""ח",1,"ק""ג",false,1,29.90,29.90,false,1,
7290006618078,false,אסטוניש מרסס לניקוי 750 יעקבי,"יעקב יעקבי ובניו בע""מ",,,"י""ח",7.50,"ל 100 מ""ל",false,1,11.90,1.59,true,1,
7290006618085,false,אסטוניש מרסס לאמבט 750,"יעקב יעקבי ובניו בע""מ",,,"י""ח",7.50,"ל 100 מ""ל",false,1,11.90,1.59,true,1,
7290006644510,false,תפוזינה ענבים 0.5 ליטר,יפאורה שותפות מוגבלת לשיווק,,,"י""ח",5,"ל 100 מ""ל",false,1,4.50,0.84,true,1,
7290006644527,false,תפוזינה תות בננה 0.5 ליטר,יפאורה שותפות מוגבלת לשיווק,,,"י""ח",5,"ל 100 מ""ל",false,1,4.50,0.84,true,1,
7290006652027,false,במבה מארז מולטיפק  *20יח,קבוצת אוסם סחר-שות.מוגבלת,,,"י""ח",3,ל 100 גרם,false,1,23.90,7.97,true,1,
7290006653819,false,קוסקוס דק 350 ג אוסם,קבוצת אוסם סחר-שות.מוגבלת,,,"י""ח",3.50,ל 100 גרם,false,1,8.90,2.54,false,1,
7290006664037,false,גמדים ארוחת בוקר,"שטראוס גרופ ***בע""מ",,,"י""ח",4,"ל 100 מ""ל",false,1,10.90,2.73,true,1,
7290006664051,false,אקטימל מארז משפ 14 יח טבעי,"שטראוס גרופ ***בע""מ",,,"י""ח",1.40,ליטר,false,1,29.90,21.36,true,1,
7290006664310,false,סקי 3% 250  גרם*,"שטראוס גרופ ***בע""מ",,,"י""ח",2.50,ל 100 גרם,false,1,4.70,1.88,true,1,
7290006664402,false,גבינת סקי 5% 750  ג*,"שטראוס גרופ ***בע""מ",,,"י""ח",7.50,ל 100 גרם,false,1,13.60,1.81,true,1,
7290006664532,false,דנונה תות 3%,"שטראוס גרופ ***בע""מ",,,"י""ח",1.50,"ל 100 מ""ל",false,1,3.50,2.33,true,1,
7290006664655,false,אקטימל שמיניה טבעי,"שטראוס גרופ ***בע""מ",,,"י""ח",8,"ל 100 מ""ל",false,1,19.90,2.49,true,1,
7290006664693,false,דנונה אפרסק 3%,"שטראוס גרופ ***בע""מ",,,"י""ח",1.50,"ל 100 מ""ל",false,1,3.50,2.33,true,1,
7290006664990,false,~מארז שמינייה ביו 1.5% 150גר,"שטראוס גרופ ***בע""מ",,,"י""ח",1.20,ליטר,false,1,15.90,13.25,true,1,
7290006681553,false,קרמבו וניל ]8 שטראוס[,"גלידות שטראוס בע""מ",,,"י""ח",8,"י""ח",false,1,15.90,1.99,false,1,
7290006681560,false,קרמבו מוקה ]8 שטראוס[,"גלידות שטראוס בע""מ",,,"י""ח",8,"י""ח",false,1,15.90,1.99,false,1,
7290006712981,false,"משחת שיניים  ילדים ספיידרמן 50מ""ל",ש.שסטוביץ בעמ,,,"י""ח",0.50,ל 100 גרם,false,1,11.90,23.80,false,1,
7290006739346,false,נקניקיות פרגיות זוגלובק,זוגלובק שיווק בעמ,,,"י""ח",4,ל 100 גרם,false,1,12.90,3.23,true,1,
7290006739414,false,סלמי קוניאק 300גר`,זוגלובק שיווק בעמ,,,"י""ח",3.50,"י""ח",false,1,26.90,7.69,true,1,
7290006741363,false,"בורקס תפו""א בד""צ 800 ג`",זוגלובק שיווק בעמ,,,"י""ח",8,ל 100 גרם,false,1,15,1.88,true,1,
7290006741387,false,מלאווח תימני 700 גרם זוגלובק,זוגלובק שיווק בעמ,,,"י""ח",7,ל 100 גרם,false,1,15,2.14,true,1,
7290006742162,false,המבורגר מזרחי,זוגלובק שיווק בעמ,,,"י""ח",4,ל 100 גרם,false,1,19.90,4.98,true,1,
7290006764096,false,איגל בקבוק חוזר 500 מייל,טמפו משקאות בעמ,,,"י""ח",5,"ל 100 מ""ל",false,1,5.10,0.78,true,1,
7290006775054,false,עוגת שיש]אחווה[.,"אחדות בע""מ",,,"י""ח",4.50,ל 100 גרם,false,1,9.90,2.20,false,1,
7290006775306,false,מאפין במילוי תות,"אחדות בע""מ",,,"י""ח",0.50,ל 100 גרם,false,1,1.50,3,true,1,
7290006788429,false,רולאון נושם כתום פ. דיל,החב הדרומית לשיווק,,,"י""ח",0.75,ל 100 גרם,false,1,10.90,14.53,false,1,
7290006788474,false,קרליין-דאו ספריי נושם  מס3.,החב הדרומית לשיווק,,,"י""ח",0.75,ל 100 גרם,false,1,9.90,13.20,false,1,
7290006805850,false,תערובת  לפנקייק(פילסברי),ליימן שליסל,,,"י""ח",5,ל 100 גרם,false,1,16.50,3.30,false,1,
7290006806963,false,חלה מתוקה קלועה אפויה(אפיה מקומית),ג נרל מילס ישראל בעמ ~~~,,,"י""ח",5.70,ל 100 גרם,false,1,10.90,1.91,true,1,
7290006866363,false,מיץ אשכוליות אדומות 1 ליטר,"שטראוס גרופ ***בע""מ",,,"י""ח",1,ליטר,false,1,15.90,15.90,true,1,
7290006983152,false,קרוטונים מתובלים אוסם,קבוצת אוסם סחר-שות.מוגבלת,,,"י""ח",4,ל 100 גרם,false,1,19.90,4.98,false,1,
7290006983176,false,לחמית שיפון 230 ג`,קבוצת אוסם סחר-שות.מוגבלת,,,"י""ח",2.30,ל 100 גרם,false,1,8.90,3.87,true,1,
7290006983206,false,פלאפל בקלי קלות,קבוצת אוסם סחר-שות.מוגבלת,,,"י""ח",0.90,ל 100 גרם,false,1,10.90,12.11,false,1,
7290006983527,false,עוגת הבית תפוח עץ עם פרור,קבוצת אוסם סחר-שות.מוגבלת,,,"י""ח",4,ל 100 גרם,false,1,18.90,4.73,false,1,
7290006983763,false,עוגת הבית שוקולד,קבוצת אוסם סחר-שות.מוגבלת,,,"י""ח",4,ל 100 גרם,false,1,11.90,2.98,false,1,
7290006983770,false,עוגת הבית שיש,קבוצת אוסם סחר-שות.מוגבלת,,,"י""ח",4,ל 100 גרם,false,1,11.90,2.98,false,1,
7290006983787,false,עוגת בית שוקו צ יפס,קבוצת אוסם סחר-שות.מוגבלת,,,"י""ח",4,ל 100 גרם,false,1,11.90,2.98,false,1,
7290006983794,false,עוגת בית תפוז.,קבוצת אוסם סחר-שות.מוגבלת,,,"י""ח",4,ל 100 גרם,false,1,11.90,2.98,false,1,
7290006992161,false,דייסלה קרונפלור מטרנה,קבוצת אוסם סחר-שות.מוגבלת,,,"י""ח",2,ל 100 גרם,false,1,13.90,6.95,false,1,
7290006992185,false,דייסלה אורז מטרנה,קבוצת אוסם סחר-שות.מוגבלת,,,"י""ח",2,ל 100 גרם,false,1,13.90,6.95,false,1,
7290006992192,false,דייסה סולת מטרנה,קבוצת אוסם סחר-שות.מוגבלת,,,"י""ח",2,ל 100 גרם,false,1,13.90,6.95,false,1,
7290006992208,false,דייסלה דגנים מעורבים מטרנה,קבוצת אוסם סחר-שות.מוגבלת,,,"י""ח",2,ל 100 גרם,false,1,13.90,6.95,false,1,
7290006992390,false,דייסת וניל מטרנה  200 גרם,קבוצת אוסם סחר-שות.מוגבלת,,,"י""ח",2,ל 100 גרם,false,1,13.90,6.95,false,1,
7290008000826,false,משחת שיניים ברבי,גורי ע.ע.ע. בעמ,,,"י""ח",0.50,ל 100 גרם,false,1,10.90,21.80,false,1,
7290008023542,false,שמפו רצפות 4 ליטר מרענן,"יוניליוור ישראל שיווק בע""מ",,,"י""ח",4,ליטר,false,1,16.90,4.23,false,1,
7290008116541,false,ליסטרין קול מינט 500,שקד תבל בעמ,,,"י""ח",5,"ל 100 מ""ל",false,1,17.90,3.58,true,1,
7290008116558,false,ליסטרין פרש ברט,שקד תבל בעמ,,,"י""ח",2.50,"ל 100 מ""ל",false,1,12.90,5.16,true,1,
7290008116565,false,ליסטרין פרש ברט 500,שקד תבל בעמ,,,"י""ח",5,"ל 100 מ""ל",false,1,17.90,3.58,true,1,
7290008116862,false,"בלנאום הרמל 500 מ""ל",שקד תבל בעמ,,,"י""ח",2,"ל 100 מ""ל",false,1,69.90,34.95,false,1,
7290008116886,false,"בלנאום הרמל אף 500 מ""ל",שקד תבל בעמ,,,"י""ח",5,"ל 100 מ""ל",false,1,69.90,13.98,false,1,
7290008154222,false,שניצלונים]עוף  טוב[,קבוצת אוסם סחר-שות.מוגבלת,,,"י""ח",7,ל 100 גרם,false,1,14.90,2.13,true,1,
7290008175173,false,חמאה וואליו  200גר ללא תוספת מלח.,ג.וילי פוד אינטרנשיונל בעמ,,,"י""ח",2,ל 100 גרם,false,1,10.90,5.45,false,1,
7290008175692,false,אטריות להקפצה נודלס 400,ג.וילי פוד אינטרנשיונל בעמ,,,"י""ח",4,ל 100 גרם,false,1,7.90,1.98,false,1,
7290008190909,false,מיני קוקיס-שוקו   צ יפס 600גר,כרמית תעשיות ממתקים בעמ,,,"י""ח",6,ל 100 גרם,false,1,16.90,2.82,false,1,
7290008190985,false,לקקן גלידה 50 יח,כרמית תעשיות ממתקים בעמ,,,"י""ח",5,ל 100 גרם,false,1,14.90,2.98,true,1,
7290008330107,false,בדין 4 ליטר בריח אביב.,"יוניליוור ישראל שיווק בע""מ",,,"י""ח",4,ליטר,false,1,19.90,4.98,false,1,
7290008335553,false,קובה עם בשר וצנובר,נטו מלינדה סחר בעמ,,,"י""ח",6,ל 100 גרם,false,1,13.90,2.32,false,1,
7290008335560,false,סיגרים עם בשר שלשת האופים,נטו מלינדה סחר בעמ,,,"י""ח",6,ל 100 גרם,false,1,13.90,2.32,false,1,
7290008335584,false,סיגרים עם תפוחי אדמה שלשת האופים,נטו מלינדה סחר בעמ,,,"י""ח",6,ל 100 גרם,false,1,13.90,2.32,false,1,
7290008343466,false,בצק פילו 500 גרם,נטו מלינדה סחר בעמ,,,"י""ח",5,ל 100 גרם,false,1,16.90,3.38,true,1,
7290008343503,false,ג חנון אפוי 650 ג,נטו מלינדה סחר בעמ,,,"י""ח",6.50,ל 100 גרם,false,1,16.90,2.60,true,1,
7290008343510,false,מיני ג חנון אפוי 650 ג,נטו מלינדה סחר בעמ,,,"י""ח",6.50,ל 100 גרם,false,1,21.90,3.37,false,1,
7290008343558,false,"סיגרים בשר 1 ק""ג",נטו מלינדה סחר בעמ,,,"י""ח",1,"ק""ג",false,1,21.90,21.90,false,1,
7290008343565,false,"סיגרים תפו""א 1 ק""ג",נטו מלינדה סחר בעמ,,,"י""ח",1,"ק""ג",false,1,21.90,21.90,false,1,
7290008343572,false,אגרול סיני,נטו מלינדה סחר בעמ,,,"י""ח",1,"ק""ג",false,1,21.90,21.90,false,1,
7290008343619,false,"פסטלים תפו""א 1 ק""ג",נטו מלינדה סחר בעמ,,,"י""ח",1,"ק""ג",false,1,21.90,21.90,false,1,
7290008343626,false,"פלאפל 1 ק""ג",נטו מלינדה סחר בעמ,,,"י""ח",1,"ק""ג",false,1,21.90,21.90,false,1,
7290008344258,false,המבורגר מזרחיטיוון וויל,נטו מלינדה סחר בעמ,,,"י""ח",4,ל 100 גרם,false,1,20.90,5.23,true,1,
7290008344272,false,המבורגר טיבון וויל,נטו מלינדה סחר בעמ,,,"י""ח",4,ל 100 גרם,false,1,17.90,4.48,true,1,
7290008347211,false,אצבעות דג 700 גרם,נטו מלינדה סחר בעמ,,,"י""ח",7,ל 100 גרם,false,1,19.90,2.84,false,1,
7290008415071,false,חומוס עם טחינה 150.,קבוצת אוסם סחר-שות.מוגבלת,,,"י""ח",1.50,ל 100 גרם,false,1,5.20,3.47,false,1,
7290008443616,false,מרכך נקה 7 מייצב יבש אדום,החב הדרומית לשיווק,,,"י""ח",7.50,"ל 100 מ""ל",false,1,11.90,1.59,false,1,
7290008443630,false,שמפו נקה -7 לשיער מתולתל סגול,החב הדרומית לשיווק,,,"י""ח",7.50,"ל 100 מ""ל",false,1,11.90,1.59,false,1,
7290008443647,false,מרכך נקה 7 מייצב מתולתל סגול,החב הדרומית לשיווק,,,"י""ח",7.50,"ל 100 מ""ל",false,1,11.90,1.59,false,1,
7290008461221,false,סרדינים בשמן  צמחי(סיימן),*347470,,,"י""ח",1.15,ל 100 גרם,false,1,7.90,6.87,true,1,
7290008461238,false,סרדין רובררט שמן חמניות חריף,*347470,,,"י""ח",1.15,ל 100 גרם,false,1,7.90,6.87,true,1,
7290008462204,false,חרדל דיג ון,*347470,,,"י""ח",3.80,ל 100 גרם,false,1,11.90,3.13,true,1,
7290008462259,false,חרדל גרגירים 380 גרם,*347470,,,"י""ח",3.80,ל 100 גרם,false,1,13.90,3.66,true,1,
7290008464369,false,פפסי קולה }330 פחית{,טמפו משקאות בעמ,,,"י""ח",3.30,"ל 100 מ""ל",false,1,3.90,1.09,true,1,
7290008464383,false,"סבן אפ 330 מ""ל",טמפו משקאות בעמ,,,"י""ח",3.30,"ל 100 מ""ל",false,1,3.90,1.09,true,1,
7290008464468,false,"גולדסטאר פחית 500 מ""ל.",טמפו משקאות בעמ,,,"י""ח",5,"ל 100 מ""ל",false,1,8.10,1.56,false,1,
7290008464475,false,מכבי 500 פחית.,טמפו משקאות בעמ,,,"י""ח",5,"ל 100 מ""ל",false,1,7.50,1.44,true,1,
7290008464604,false,היינקן בירה  500 פחית,טמפו משקאות בעמ,,,"י""ח",5,"ל 100 מ""ל",false,1,9.90,1.92,false,1,
7290008466660,false,מארז רוגעלך 500ג מחנה יהודה,הלל בן הלל שיווק ומסחר,,,"י""ח",5,ל 100 גרם,false,1,17.90,3.58,true,1,
7290008466813,false,מארז עוגיות  קינמון 500ג מחנה יהודה,הלל בן הלל שיווק ומסחר,,,"י""ח",5,ל 100 גרם,false,1,17.90,3.58,true,1,
7290008493413,false,פירורי גריסיני,דנשר (1963) בעמ,,,"י""ח",2,ל 100 גרם,false,1,6.90,3.45,false,1,
7290008634045,false,פלסטר 30 צבעוני,אינטרסן (1996) בעמ,,,"י""ח",30,"י""ח",false,1,5.90,0.20,true,1,
7290008634663,false,בקבוק גדול שלישיה,אינטרסן (1996) בעמ,,,"י""ח",1,,false,1,14.90,14.90,false,1,
7290008636209,false,כרכום 300 גרם,מיה תעשיות מזון מ.ת.מ בעמ,,,"י""ח",3,ל 100 גרם,false,1,19.60,6.53,false,1,
7290008636216,false,אבקת שום 300 גרם,מיה תעשיות מזון מ.ת.מ בעמ,,,"י""ח",3,ל 100 גרם,false,1,19.90,6.63,false,1,
7290008636650,false,קמח מצה 500גר.,מיה תעשיות מזון מ.ת.מ בעמ,,,"י""ח",5,ל 100 גרם,false,1,5.90,1.18,false,1,
7290008636919,false,קקאו מיה 200 גרם,מיה תעשיות מזון מ.ת.מ בעמ,,,"י""ח",2.50,ל 100 גרם,false,1,8.90,3.56,false,1,
7290008636926,false,קקאו הולנדי 500 ג מיה,מיה תעשיות מזון מ.ת.מ בעמ,,,"י""ח",5,ל 100 גרם,false,1,13.90,2.78,false,1,
7290008636933,false,אגוזי מלך גרוסים 100 ג,מיה תעשיות מזון מ.ת.מ בעמ,,,"י""ח",1,ל 100 גרם,false,1,10.90,10.90,false,1,
7290008644235,false,סלט עלי בייבי 120גר שטראוס,"שטראוס גרופ ***בע""מ",,,"י""ח",1.20,ל 100 גרם,false,1,9.90,8.25,true,1,
7290008644945,false,סלט המושבה 450גר שטראוס,"שטראוס גרופ ***בע""מ",,,"י""ח",4.50,ל 100 גרם,false,1,10.90,2.42,true,1,
7290008693134,false,דניאלה תות,"שטראוס גרופ ***בע""מ",,,"י""ח",1.50,"ל 100 מ""ל",false,1,3.90,2.60,true,1,
7290008713900,false,לחם רוסי שיפון עגול 750גר`,שלמה א.אנג ל בעמ,,,"י""ח",7.50,ל 100 גרם,false,1,12.90,1.72,false,1,
7290008713917,false,לחם בסגנון רוסי שיפון כהה 750גר`,שלמה א.אנג ל בעמ,,,"י""ח",7.50,ל 100 גרם,false,1,12.90,1.72,false,1,
7290008745239,false,תפוצ יפס אקסטרא 55 גרם,"שטראוס פריטו ליי בע""מ",,,"י""ח",0.55,ל 100 גרם,false,1,4.50,8.18,true,1,
7290008750264,false,MUST דובדבן,"שטראוס גרופ בע""מ",,,"י""ח",0.28,ל 100 גרם,false,1,4.30,15.36,true,1,
7290008751902,false,"קפה שחור קלוי 1 ק""ג  ואקום עלית","שטראוס גרופ בע""מ",,,"י""ח",1,"ק""ג",false,1,49.90,49.90,true,1,
7290008752244,false,תפו ציפס גריל 50 גרם,"שטראוס פריטו ליי בע""מ",,,"י""ח",0.50,ל 100 גרם,false,1,4.50,9,true,1,
7290008753111,false,תפוצ יפס מקסיקני 50 גרם,"שטראוס פריטו ליי בע""מ",,,"י""ח",0.50,ל 100 גרם,false,1,4.50,9,true,1,
7290008754415,false,"מאסט ספירמינט ללא סוכר 28גר כשל""פ","שטראוס גרופ בע""מ",,,"י""ח",0.28,ל 100 גרם,false,1,4.30,15.36,true,1,
7290008757034,false,"שוופס סודה 250 מ""ל",יפאורה שותפות מוגבלת לשיווק,,,"י""ח",2.50,"ל 100 מ""ל",false,1,3.50,1.28,true,1,
7290008757980,false,ספרינג רימונים קרטונית,יפאורה שותפות מוגבלת לשיווק,,,"י""ח",1,ליטר,false,1,6.90,6.90,true,1,
7290008775816,false,ערגליות שוקו 300 גרם,קבוצת אוסם סחר-שות.מוגבלת,,,"י""ח",3,ל 100 גרם,false,1,10.90,3.63,true,1,
7290008775823,false,ערגליות תות שדה 300 גרם,קבוצת אוסם סחר-שות.מוגבלת,,,"י""ח",3,ל 100 גרם,false,1,10.90,3.63,true,1,
7290008801010,false,PC  קברנה/מרלו 0.75 ל,אגודת הכורמים -כרמל מזרחי,,,"י""ח",7.50,"ל 100 מ""ל",false,1,39.90,5.28,true,1,
7290008801119,false,"סלקטד סובניון בלאן  750מ""ל",אגודת הכורמים -כרמל מזרחי,,,"י""ח",7.50,"ל 100 מ""ל",false,1,27.30,3.60,true,1,
7290008801157,false,סלקטד מרלו  0.75 ל,אגודת הכורמים -כרמל מזרחי,,,"י""ח",7.50,"ל 100 מ""ל",false,1,29.90,3.95,true,1,
7290008801461,false,יין נצחון כרמל,אגודת הכורמים -כרמל מזרחי,,,"י""ח",7.50,"ל 100 מ""ל",false,1,17.90,2.35,true,1,
7290008801478,false,טופז זהב יין מתוק 750,אגודת הכורמים -כרמל מזרחי,,,"י""ח",7.50,"ל 100 מ""ל",false,1,17.90,2.35,true,1,
7290008806985,false,נשנושים שטראוס.,"גלידות שטראוס בע""מ",,,"י""ח",6.30,ל 100 גרם,false,1,46.90,7.44,false,1,
7290008835084,false,כתף  מס 4 מוכשר ארגנטינה קפוא,בלדי בעמ,,,"ק""ג",1,,true,1,38.90,38.90,false,1,
7290008849470,false,רוטב פלפל צוימה,תה ויסוצקי (ישראל)בעמ,,,"י""ח",1.85,ל 100 גרם,false,1,13.90,7.51,false,1,
7290008849586,false,רוטב ריבת בצל,תה ויסוצקי (ישראל)בעמ,,,"י""ח",3.10,ל 100 גרם,false,1,13.90,4.48,true,1,
7290008849609,false,רוטב כרעיים עוף,תה ויסוצקי (ישראל)בעמ,,,"י""ח",2.75,"ל 100 מ""ל",false,1,13.90,5.05,true,1,
7290008849739,false,רוטב סויה קלאסיק,תה ויסוצקי (ישראל)בעמ,,,"י""ח",2.90,"ל 100 מ""ל",false,1,15.90,5.48,true,1,
7290008849753,false,רוטב טריאקי עשיר,תה ויסוצקי (ישראל)בעמ,,,"י""ח",3,"ל 100 מ""ל",false,1,13.90,4.63,true,1,
7290008849777,false,רוטב צ ילי מתוק,תה ויסוצקי (ישראל)בעמ,,,"י""ח",3.50,ל 100 גרם,false,1,13.90,3.97,true,1,
7290008909778,false,"קרלסברג שישייה 330מ""ל",חברה המרכזית להפצת משקאות בעמ,,,"י""ח",1.98,ליטר,false,1,42.70,20.66,true,1,
7290008909853,false,קוקה קולה ZIRO 0.5 ל,חברה המרכזית להפצת משקאות בעמ,,,"י""ח",5,"ל 100 מ""ל",false,1,6.10,1.16,true,1,
7290008945202,false,גלילונית לאשפה 50 יחידות 75/90,דנשר (1963) בעמ,,,"י""ח",1,,false,1,12.90,12.90,false,1,
7290008975551,false,מטרנה מהדרין חיסכון}{3,קבוצת אוסם סחר-שות.מוגבלת,,,"י""ח",7,ל 100 גרם,false,1,49.90,7.13,false,1,
7290008989169,false,אורז תפוח,בטר אנד דיפרנט בעמ,,,"י""ח",5,ל 100 גרם,false,1,19.90,3.98,false,1,
7290008989473,false,ממרח חרובים בטעם שוקולד 350גר.,בטר אנד דיפרנט בעמ,,,"י""ח",3.50,ל 100 גרם,false,1,13.90,3.97,false,1,
7290008989602,false,פיצפוצי אורז מלא 450 גרם,בטר אנד דיפרנט בעמ,,,"י""ח",4.50,ל 100 גרם,false,1,19.90,4.42,false,1,
7290008989909,false,סירופ תפוחים 1.2ליטר,בטר אנד דיפרנט בעמ,,,"י""ח",1.20,ליטר,false,1,34.90,29.08,false,1,
7290010002009,false,תערובת לציפוי מאפים מלוחים 130ג,א.ל.יצור ושיווקתבלינים בעמ,,,"י""ח",1.30,ל 100 גרם,false,1,9.90,7.62,true,1,
7290010002016,false,כוסברה טחון 100 גרם,א.ל.יצור ושיווקתבלינים בעמ,,,"י""ח",1,ל 100 גרם,false,1,9.50,9.50,false,1,
7290010002023,false,כורכום הודי טחון 100 גרם צנצנת,א.ל.יצור ושיווקתבלינים בעמ,,,"י""ח",1,ל 100 גרם,false,1,11.50,11.50,false,1,
7290010002030,false,כמון 100 גרם צנצנת,א.ל.יצור ושיווקתבלינים בעמ,,,"י""ח",1,ל 100 גרם,false,1,11.50,11.50,false,1,
7290010002047,false,מלח לימון 200 גרם,א.ל.יצור ושיווקתבלינים בעמ,,,"י""ח",2,ל 100 גרם,false,1,9.50,4.75,false,1,
7290010002061,false,פלפל לבן טחון 100 גרם,א.ל.יצור ושיווקתבלינים בעמ,,,"י""ח",1,ל 100 גרם,false,1,16.90,16.90,false,1,
7290010002078,false,פלפל שחור טחון 100 גרם בצנצנת מימון.,א.ל.יצור ושיווקתבלינים בעמ,,,"י""ח",1,ל 100 גרם,false,1,15.50,15.50,false,1,
7290010002092,false,פלפל שחור גס דק90גר צנצנת מימון.,א.ל.יצור ושיווקתבלינים בעמ,,,"י""ח",0.90,ל 100 גרם,false,1,15.50,17.22,false,1,
7290010002108,false,פלפל שחור גרוס גס 90גר,א.ל.יצור ושיווקתבלינים בעמ,,,"י""ח",0.90,ל 100 גרם,false,1,14.50,16.11,false,1,
7290010002122,false,פפריקה הונגרית מתוקה 100,א.ל.יצור ושיווקתבלינים בעמ,,,"י""ח",1,ל 100 גרם,false,1,11.50,11.50,false,1,
7290010002139,false,פפריקה הונגרית חריפה 100,א.ל.יצור ושיווקתבלינים בעמ,,,"י""ח",1,ל 100 גרם,false,1,11.50,11.50,false,1,
7290010002146,false,פפריקה מרוקאית מתוקה 100,א.ל.יצור ושיווקתבלינים בעמ,,,"י""ח",1,ל 100 גרם,false,1,11.50,11.50,false,1,
7290010002191,false,מקלות קינמון 50 גרם,א.ל.יצור ושיווקתבלינים בעמ,,,"י""ח",5,ל 100 גרם,false,1,11.50,2.30,false,1,
7290010002214,false,צ ילי מקסיקני גרוס 80גר,א.ל.יצור ושיווקתבלינים בעמ,,,"י""ח",0.80,ל 100 גרם,false,1,11.50,14.38,false,1,
7290010002283,false,תבלין על האש 100,א.ל.יצור ושיווקתבלינים בעמ,,,"י""ח",1,ל 100 גרם,false,1,11.50,11.50,false,1,
7290010002290,false,תערובת לשוואמה טורקית 110,א.ל.יצור ושיווקתבלינים בעמ,,,"י""ח",1,ל 100 גרם,false,1,11.50,11.50,false,1,
7290010002306,false,תערובת לקציצות 100גר,א.ל.יצור ושיווקתבלינים בעמ,,,"י""ח",1,ל 100 גרם,false,1,11.50,11.50,false,1,
7290010002313,false,ראס אל חנות 100גר,א.ל.יצור ושיווקתבלינים בעמ,,,"י""ח",1,ל 100 גרם,false,1,11.50,11.50,false,1,
7290010002320,false,תבלין גריל עוף 100גר,א.ל.יצור ושיווקתבלינים בעמ,,,"י""ח",1,ל 100 גרם,false,1,11.50,11.50,false,1,
7290010002344,false,תבלין לדג 100גר.,א.ל.יצור ושיווקתבלינים בעמ,,,"י""ח",1,ל 100 גרם,false,1,11.50,11.50,false,1,
7290010002351,false,זעטר ושומשום בלדי 100,א.ל.יצור ושיווקתבלינים בעמ,,,"י""ח",1.10,ל 100 גרם,false,1,11.50,10.45,false,1,
7290010002368,false,תערובת חווג  למרק 100גר,א.ל.יצור ושיווקתבלינים בעמ,,,"י""ח",1,ל 100 גרם,false,1,11.50,11.50,false,1,
7290010002375,false,מדרס קארי 100גר.,א.ל.יצור ושיווקתבלינים בעמ,,,"י""ח",1,ל 100 גרם,false,1,11.50,11.50,false,1,
7290010002382,false,אורגנו 40גר.,א.ל.יצור ושיווקתבלינים בעמ,,,"י""ח",0.40,ל 100 גרם,false,1,9.50,23.75,false,1,
7290010002399,false,בזיליקום 40 גרם,א.ל.יצור ושיווקתבלינים בעמ,,,"י""ח",0.40,ל 100 גרם,false,1,9.50,23.75,false,1,
7290010002405,false,טימין הררי 40גר.,א.ל.יצור ושיווקתבלינים בעמ,,,"י""ח",0.40,ל 100 גרם,false,1,9.50,23.75,false,1,
7290010002429,false,עלי דפנה 20 גרם,א.ל.יצור ושיווקתבלינים בעמ,,,"י""ח",0.20,ל 100 גרם,false,1,9.50,47.50,false,1,
7290010002436,false,פטרוזיליה 25גר.,א.ל.יצור ושיווקתבלינים בעמ,,,"י""ח",0.25,ל 100 גרם,false,1,9.50,38,false,1,
7290010002443,false,רוזמרין 40גר.,א.ל.יצור ושיווקתבלינים בעמ,,,"י""ח",0.40,ל 100 גרם,false,1,9.50,23.75,false,1,
7290010002481,false,שום טחון 100 גרם,א.ל.יצור ושיווקתבלינים בעמ,,,"י""ח",1,ל 100 גרם,false,1,14.50,14.50,false,1,
7290010002498,false,שום גבישי 120 גרם,א.ל.יצור ושיווקתבלינים בעמ,,,"י""ח",1.20,ל 100 גרם,false,1,14.50,12.08,false,1,
7290010002597,false,כוסברה ירוקה 30גר,א.ל.יצור ושיווקתבלינים בעמ,,,"י""ח",0.30,ל 100 גרם,false,1,9.50,31.67,false,1,
7290010002658,false,פלפל יבש מתוק 150 גרם,א.ל.יצור ושיווקתבלינים בעמ,,,"י""ח",1.50,ל 100 גרם,false,1,15.50,10.33,false,1,
7290010002696,false,אקסטרה צ`יפס אורז חום מלא שמנת בצל 60ג,א.ל.יצור ושיווקתבלינים בעמ,,,"י""ח",0.60,ל 100 גרם,false,1,7.90,13.17,true,1,
7290010002726,false,תבלין לפרגיות 100גר,א.ל.יצור ושיווקתבלינים בעמ,,,"י""ח",1,ל 100 גרם,false,1,11.50,11.50,false,1,
7290010003051,false,פפריקה הונגרית מתוקה 400,א.ל.יצור ושיווקתבלינים בעמ,,,"י""ח",4,ל 100 גרם,false,1,23.90,5.98,false,1,
7290010003075,false,פפריקה מרוקאית מתוקה 400 מימון,א.ל.יצור ושיווקתבלינים בעמ,,,"י""ח",4,ל 100 גרם,false,1,23.90,5.98,false,1,
7290010003686,false,עלי דפנה שקית 20ג,א.ל.יצור ושיווקתבלינים בעמ,,,"י""ח",0.20,ל 100 גרם,false,1,5.90,29.50,false,1,
7290010003693,false,פפריקה מתוקה  80ג שקית,א.ל.יצור ושיווקתבלינים בעמ,,,"י""ח",0.80,ל 100 גרם,false,1,5.90,7.38,false,1,
7290010003709,false,פלפל שחור טחון  50ג שקית,א.ל.יצור ושיווקתבלינים בעמ,,,"י""ח",0.50,ל 100 גרם,false,1,7.90,15.80,false,1,
7290010003754,false,כמון טחו 50ג שקית,א.ל.יצור ושיווקתבלינים בעמ,,,"י""ח",0.50,ל 100 גרם,false,1,5.90,11.80,false,1,
7290010003761,false,כורכום טחון שקית 80ג,א.ל.יצור ושיווקתבלינים בעמ,,,"י""ח",0.80,ל 100 גרם,false,1,5.90,7.38,false,1,
7290010003778,false,תיבול לגריל שקית 80ג,א.ל.יצור ושיווקתבלינים בעמ,,,"י""ח",0.80,ל 100 גרם,false,1,5.90,7.38,false,1,
7290010003792,false,מלח לימון שקית 100ג,א.ל.יצור ושיווקתבלינים בעמ,,,"י""ח",1,ל 100 גרם,false,1,5.90,5.90,false,1,
7290010003808,false,זעתר ושומשום שקית 80ג,א.ל.יצור ושיווקתבלינים בעמ,,,"י""ח",0.80,ל 100 גרם,false,1,5.90,7.38,false,1,
7290010003822,false,פפריקה חריפה שקית 80ג,א.ל.יצור ושיווקתבלינים בעמ,,,"י""ח",0.80,ל 100 גרם,false,1,5.90,7.38,false,1,
7290010003839,false,קינמון טחון  שקית 80ג,א.ל.יצור ושיווקתבלינים בעמ,,,"י""ח",0.80,ל 100 גרם,false,1,5.90,7.38,false,1,
7290010003846,false,אורגנו שקית 20ג,א.ל.יצור ושיווקתבלינים בעמ,,,"י""ח",0.20,ל 100 גרם,false,1,5.90,29.50,false,1,
7290010003990,false,פטרוזיליה שקית 20ג,א.ל.יצור ושיווקתבלינים בעמ,,,"י""ח",0.20,ל 100 גרם,false,1,5.90,29.50,false,1,
7290010023141,false,חליטת  לימונענע גן קסום,תה ויסוצקי (ישראל)בעמ,,,"י""ח",0.50,ל 100 גרם,false,1,17.90,35.80,true,1,
7290010051311,false,סלרי חתוך,ביכורי השדה צפון 1994 ג.ד. בעמ,,,"י""ח",1,,false,1,6.90,6.90,true,1,
7290010060597,false,"סרקל שמפו 1.250 מ""ל","פישר תעשיות פרמבצטיות בע""מ",,,"י""ח",1.25,ליטר,false,1,24.90,19.92,true,1,
7290010060603,false,סרקל מעצב 1250 גרם,"פישר תעשיות פרמבצטיות בע""מ",,,"י""ח",1.25,ליטר,false,1,24.90,19.92,true,1,
7290010065059,false,מחית פירות מעורבים 190 ג,גורי מוצרי צריכה בעמ,,,"י""ח",1.90,ל 100 גרם,false,1,5.90,3.11,true,1,
7290010065332,false,פרינוק 190 גרם תפוח עץ/בננה,גורי מוצרי צריכה בעמ,,,"י""ח",7.60,ל 100 גרם,false,1,5.90,0.78,true,1,
7290010065349,false,פרינוק 190 גרם סלט פירות,גורי מוצרי צריכה בעמ,,,"י""ח",1.90,ל 100 גרם,false,1,5.90,3.11,true,1,
7290010066001,false,נתחי טונה פילטונה 960גרם בשמן,תעשיות פילטונה בעמ,,,"י""ח",9.60,ל 100 גרם,false,1,34.90,3.64,false,1,
7290010066025,false,טונה פילטונה  בודד בשמן 160 ג`.,תעשיות פילטונה בעמ,,,"י""ח",1.60,ל 100 גרם,false,1,6.90,4.31,true,1,
7290010066513,false,טונה 4  יח`בשמן צמחי פילטונה 160 ג`,תעשיות פילטונה בעמ,,,"י""ח",6.40,ל 100 גרם,false,1,22.90,3.58,false,1,
7290010066575,false,טונה 4 יחי מים פילטונה 160 ג`,תעשיות פילטונה בעמ,,,"י""ח",6.40,ל 100 גרם,false,1,22.90,3.58,false,1,
7290010066582,false,טונה 4 יחי קנולה פילטונה 160 ג`,תעשיות פילטונה בעמ,,,"י""ח",6.40,ל 100 גרם,false,1,22.90,3.58,false,1,
7290010066599,false,טונה 4  יח`בשמן זית פילטונה 160 ג`,תעשיות פילטונה בעמ,,,"י""ח",6.40,ל 100 גרם,false,1,27.90,4.36,false,1,
7290010116980,false,שוקולית 850 ג  (שקית),"שטראוס גרופ בע""מ",,,"י""ח",8.50,ל 100 גרם,false,1,18.90,2.22,true,1,
7290010117864,false,דוריטוס חריף אש 70 גרם,"שטראוס פריטו ליי בע""מ",,,"י""ח",0.70,ל 100 גרם,false,1,3.20,4.57,true,1,
7290010118328,false,מארז תפוציפס   {40X6(+אקס טבעי 3,"שטראוס פריטו ליי בע""מ",,,"י""ח",2.40,ל 100 גרם,false,1,13.90,5.79,true,1,
7290010119240,false,מארז תפוצ יפס 12*18 גר,"שטראוס פריטו ליי בע""מ",,,"י""ח",2.16,ל 100 גרם,false,1,16.90,7.82,true,1,
7290010124497,false,"שעועית ירוקה חתוכה    2.5ק""ג",בלדי בעמ,,,"ק""ג",2.50,"ק""ג",true,1,10.90,4.36,false,1,
7290010124503,false,שומן כבש 200גרם ארוז,בלדי בעמ,,,"י""ח",2,ל 100 גרם,false,1,11.90,5.95,false,1,
7290010129003,false,עוגיות אוזניות 600 ג,שיבולים ייצור ושיווק מאפה בעמ,,,"י""ח",6,ל 100 גרם,false,1,19.90,3.32,false,1,
7290010129010,false,.עוגיות כתר ריבה 600 גרם,שיבולים ייצור ושיווק מאפה בעמ,,,"י""ח",6,ל 100 גרם,false,1,19.90,3.32,false,1,
7290010129027,false,עוגיות מרוקאיות 600 ג,שיבולים ייצור ושיווק מאפה בעמ,,,"י""ח",6,ל 100 גרם,false,1,19.90,3.32,false,1,
7290010129300,false,עוגיות רייף 350ג מאפים של אדל,שיבולים ייצור ושיווק מאפה בעמ,,,"י""ח",3.50,ל 100 גרם,false,1,16.90,4.83,false,1,
7290010129324,false,עוגיות מעמול 600 ג,שיבולים ייצור ושיווק מאפה בעמ,,,"י""ח",6,ל 100 גרם,false,1,19.90,3.32,false,1,
7290010129348,false,עוגיות ממולאות בטעם שוקולד  600 ג,שיבולים ייצור ושיווק מאפה בעמ,,,"י""ח",6,ל 100 גרם,false,1,19.90,3.32,false,1,
7290010129553,false,עוגיות רולדה תמרים 600 ג,שיבולים ייצור ושיווק מאפה בעמ,,,"י""ח",6,ל 100 גרם,false,1,19.90,3.32,false,1,
7290010129652,false,עוגיות לקפה  350ג מאפים של אדל,שיבולים ייצור ושיווק מאפה בעמ,,,"י""ח",3.50,ל 100 גרם,false,1,16.90,4.83,false,1,
7290010129676,false,עוגיות מרוקאיות ארוך 350ג,שיבולים ייצור ושיווק מאפה בעמ,,,"י""ח",3.50,ל 100 גרם,false,1,16.90,4.83,false,1,
7290010129959,false,עוגיות רוגלך טעם שוקולד 400ג.,שיבולים ייצור ושיווק מאפה בעמ,,,"י""ח",4,ל 100 גרם,false,1,13.90,3.48,true,1,
7290010153510,false,בורגול 500 גרם,מיה תעשיות מזון מ.ת.מ בעמ,,,"י""ח",5,ל 100 גרם,false,1,3.90,0.78,false,1,
7290010153527,false,ג רש 500 גרם,מיה תעשיות מזון מ.ת.מ בעמ,,,"י""ח",5,ל 100 גרם,false,1,3.90,0.78,false,1,
7290010153534,false,קמח תירס 400 גרם,מיה תעשיות מזון מ.ת.מ בעמ,,,"י""ח",4,ל 100 גרם,false,1,5.90,1.48,false,1,
7290010153787,false,ציפוי לשניצל עם שום 500 ג`,מיה תעשיות מזון מ.ת.מ בעמ,,,"י""ח",5,ל 100 גרם,false,1,12.90,2.58,false,1,
7290010153794,false,ציפוי לשניצל עשבי תיבול 500 ג`,מיה תעשיות מזון מ.ת.מ בעמ,,,"י""ח",5,ל 100 גרם,false,1,12.90,2.58,false,1,
7290010153817,false,ריבת חלב 300 גרם מיה,מיה תעשיות מזון מ.ת.מ בעמ,,,"י""ח",3,ל 100 גרם,false,1,13.90,4.63,false,1,
7290010153848,false,פפריקה מרוקאית בשמן 80גר`,מיה תעשיות מזון מ.ת.מ בעמ,,,"י""ח",80,ל 100 גרם,false,1,6.30,0.08,false,1,
7290010154005,false,סחוג תימני 250 גרם,נטו מלינדה סחר בעמ,,,"י""ח",2.50,ל 100 גרם,false,1,13.90,5.56,false,1,
7290010154012,false,לימון כבוש יוחאי ביטון 250 גרם,נטו מלינדה סחר בעמ,,,"י""ח",2.50,ל 100 גרם,false,1,13.90,5.56,false,1,
7290010154029,false,אריסה מתוקה ביטון 250ג,נטו מלינדה סחר בעמ,,,"י""ח",2.50,ל 100 גרם,false,1,13.90,5.56,false,1,
7290010154036,false,עמבה ביטו 250 ג,נטו מלינדה סחר בעמ,,,"י""ח",2.50,ל 100 גרם,false,1,13.90,5.56,false,1,
7290010154050,false,ממרח שיפקה כבוש ביטון,נטו מלינדה סחר בעמ,,,"י""ח",2.50,ל 100 גרם,false,1,13.90,5.56,false,1,
7290010154241,false,חזרת ביתית 250 ג,נטו מלינדה סחר בעמ,,,"י""ח",2.50,ל 100 גרם,false,1,13.90,5.56,false,1,
7290010154265,false,פלפל צ ומה 250 גרם,נטו מלינדה סחר בעמ,,,"י""ח",2.50,ל 100 גרם,false,1,13.90,5.56,false,1,
7290010154418,false,סחוג אדום 130ג,נטו מלינדה סחר בעמ,,,"י""ח",2.20,ל 100 גרם,false,1,8.60,3.91,false,1,
7290010154548,false,ממרח שום טבעי 235ג,נטו מלינדה סחר בעמ,,,"י""ח",2.35,ל 100 גרם,false,1,13.90,5.91,false,1,
7290010154555,false,ממרח לימון כבוש 235ג,נטו מלינדה סחר בעמ,,,"י""ח",2.35,ל 100 גרם,false,1,13.90,5.91,false,1,
7290010154678,false,אריסה ביתית 250 גר,נטו מלינדה סחר בעמ,,,"י""ח",2.50,ל 100 גרם,false,1,13.90,5.56,false,1,
7290010154685,false,שום כתוש 250ג,נטו מלינדה סחר בעמ,,,"י""ח",2.50,ל 100 גרם,false,1,13.90,5.56,false,1,
7290010154692,false,סחוג אדום 250 גרם.,נטו מלינדה סחר בעמ,,,"י""ח",2.50,ל 100 גרם,false,1,13.90,5.56,false,1,
7290010163069,false,צנובר גדול 100 גרם,*347340,,,"י""ח",1,ל 100 גרם,false,1,19.90,19.90,false,1,
7290010173037,false,יין גליל רוזה,היכל היין שקד גולן בעמ,,,"י""ח",7.50,"ל 100 מ""ל",false,1,38.90,5.15,true,1,
7290010175291,false,קקאו הולנדי 500 גרם,טעמן שווק מזון,,,"י""ח",5,ל 100 גרם,false,1,13.90,2.78,true,1,
7290010175857,false,פרוסות לבבות דקל 400 גרם טעמן,טעמן שווק מזון,,,"י""ח",4,ל 100 גרם,false,1,11.90,2.98,true,1,
7290010192120,false,צנונית ארוזה,ביכורי השדה צפון 1994 ג.ד. בעמ,,,"י""ח",1,,false,1,6.90,6.90,false,1,
7290010195268,false,פופ קורן טבעי למיקרוגל,דנשר (1963) בעמ,,,"י""ח",5,ל 100 גרם,false,1,12.90,2.58,true,1,
7290010237548,false,"פפסי מקס 500 מ""ל",טמפו משקאות בעמ,,,"י""ח",5,"ל 100 מ""ל",false,1,4.20,0.78,true,1,
7290010237685,false,"היינקן בירה 330 מ""ל",טמפו משקאות בעמ,,,"י""ח",3.30,"ל 100 מ""ל",false,1,8.90,2.61,false,1,
7290010237784,false,"שנדי(מכבי)שישייה    לימון 330מ""ל.",טמפו משקאות בעמ,,,"י""ח",1.98,ליטר,false,1,27.90,13.18,true,1,
7290010237890,false,"הייניקן 500  מ""ל(חוזר{",טמפו משקאות בעמ,,,"י""ח",5,"ל 100 מ""ל",false,1,8.90,1.54,false,1,
7290010259823,false,מנת  השף-מרק עם נודלס בטעם עוף,ג.וילי פוד אינטרנשיונל בעמ,,,"י""ח",0.70,ל 100 גרם,false,1,5.90,8.43,false,1,
7290010259847,false,מנת השף נודלס בטעם תירס,ג.וילי פוד אינטרנשיונל בעמ,,,"י""ח",0.70,ל 100 גרם,false,1,3.90,5.57,false,1,
7290010259854,false,מנת השף נודלס בטעם פטריות,ג.וילי פוד אינטרנשיונל בעמ,,,"י""ח",0.70,ל 100 גרם,false,1,5.90,8.43,false,1,
7290010259861,false,מנת השף מרק עם נודלס בטעם ירקות,ג.וילי פוד אינטרנשיונל בעמ,,,"י""ח",0.70,ל 100 גרם,false,1,3.90,5.57,false,1,
7290010259991,false,צנימים 250 גרם,ג.וילי פוד אינטרנשיונל בעמ,,,"י""ח",2.50,ל 100 גרם,false,1,6.90,2.76,false,1,
7290010300501,false,"סוכר חום בשקית 1 ק""ג",נאמן לאורך זמן בעמ,,,"י""ח",1,"ק""ג",false,1,10.90,10.90,false,1,
7290010300860,false,אציטון 100 גר,נאמן לאורך זמן בעמ,,,"י""ח",1,"ל 100 מ""ל",false,1,3.90,3.90,false,1,
7290010300884,false,גביעים לעוגה מס2,נאמן לאורך זמן בעמ,,,"י""ח",1,"י""ח",false,1,5.90,5.90,false,1,
7290010300907,false,גביעים לעוגה מס4,נאמן לאורך זמן בעמ,,,"י""ח",1,"י""ח",false,1,5.90,5.90,false,1,
7290010328093,false,ממרח חלווה 400 גרם,"אחדות בע""מ",,,"י""ח",4,ל 100 גרם,false,1,10.70,2.68,false,1,
7290010328246,false,טחינה  אחווה שומשום מלא 500 ג`,"אחדות בע""מ",,,"י""ח",5,ל 100 גרם,false,1,9.90,1.98,false,1,
7290010328253,false,טחינה גולמית אחווה 500גר,"אחדות בע""מ",,,"י""ח",5,ל 100 גרם,false,1,9.90,1.98,false,1,
7290010328345,false,חלבה 50גרם אחוה,"אחדות בע""מ",,,"י""ח",0.50,ל 100 גרם,false,1,1.50,3,false,1,
7290010328468,false,חטיף מיני  חלבה  18יח,"אחדות בע""מ",,,"י""ח",18,"י""ח",false,1,9.90,0.55,false,1,
7290010328505,false,חטיף מיני  חלבה  ללא סוכר 12יח,"אחדות בע""מ",,,"י""ח",12,"י""ח",false,1,9.90,0.83,false,1,
7290010328710,false,"קצפיות במגש 180גר אחווה כשל""פ","אחדות בע""מ",,,"י""ח",1.80,ל 100 גרם,false,1,9.90,5.50,false,1,
7290010328901,false,מאפין אחווה 45 גרם,"אחדות בע""מ",,,"י""ח",0.40,ל 100 גרם,false,1,1.50,3.75,true,1,
7290010329854,false,מיני קוקיס חמאה ללא סוכר,כרמית תעשיות ממתקים בעמ,,,"י""ח",7,ל 100 גרם,false,1,19.90,2.84,false,1,
7290010429684,false,"מארז 2 דבשים 350 ג כשל""פ.","שטראוס גרופ בע""מ",,,"י""ח",7,ל 100 גרם,false,1,35.90,5.13,true,1,
7290010471669,false,דנונה קראנצי יוגורט תות עם קורנפלקס,"שטראוס גרופ ***בע""מ",,,"י""ח",1.75,"ל 100 מ""ל",false,1,4.40,2.51,true,1,
7290010472307,false,גמדים לשתייה תות בננה 8,"שטראוס גרופ ***בע""מ",,,"י""ח",8,"ל 100 מ""ל",false,1,19.90,2.49,true,1,
7290010472390,false,"מארז שמינייה דני שוקולד רובין כשל""פ","שטראוס גרופ ***בע""מ",,,"י""ח",1,ליטר,false,1,16.90,16.90,true,1,
7290010548514,false,דורות  תיבול לבישול איטלקי,קבוצת אוסם סחר-שות.מוגבלת,,,"י""ח",0.70,ל 100 גרם,false,1,9.90,14.14,false,1,
7290010569052,false,אריזת חסכון 3 טעמים שטראוס,"גלידות שטראוס בע""מ",,,"י""ח",2,ליטר,false,1,22.90,11.45,false,1,
7290010609550,false,טרופי קש  20 יח בקופסא,דודו הדיל בעמ,,,"י""ח",20,"י""ח",false,1,24.90,1.25,false,1,
7290010609727,false,פופסים  קידס 70 יח,דודו הדיל בעמ,,,"י""ח",1,,false,1,13.90,13.90,false,1,
7290010609734,false,אייס לי שלוקים שמינייה..,דודו הדיל בעמ,,,"י""ח",8,"י""ח",false,1,5.90,0.74,true,1,
7290010609871,false,מארז טרופיקס 18 יח,דודו הדיל בעמ,,,"י""ח",40,"י""ח",false,1,17.90,0.45,false,1,
7290010613038,false,רצפות מרוכז בניחוח מ.כביסה לבן 2ל טאצ,סאסאטק אגשח בעמ,,,"י""ח",2,ליטר,false,1,17.90,8.95,true,1,
7290010613045,false,רצפות מרוכז בניחוח מ.כביסה ורוד 2ל טאצ,סאסאטק אגשח בעמ,,,"י""ח",2,ליטר,false,1,17.90,8.95,true,1,
7290010613052,false,רצפות מרוכז בניחוח מ.כביסה סגול 2ל טאצ,סאסאטק אגשח בעמ,,,"י""ח",2,ליטר,false,1,17.90,8.95,true,1,
7290010613083,false,רצפות מרוכז בניחוח מ.כביסה צהוב 2ל טאצ,סאסאטק אגשח בעמ,,,"י""ח",2,ליטר,false,1,17.90,8.95,true,1,
7290010613519,false,דלי מטליות לנ.וחיטוי בנ.מלון בוטיק טאצ,סאסאטק אגשח בעמ,,,"י""ח",1,,false,1,22.90,22.90,false,1,
7290010613540,false,מטליות בדלי לנ.רצפות בנ.מלון בוטיק טאצ,סאסאטק אגשח בעמ,,,"י""ח",1,"י""ח",false,1,27.90,27.90,false,1,
7290010613953,false,מטליות לחות לניקוי כללי דלי טאצ 250יח,סאסאטק אגשח בעמ,,,"י""ח",2.50,"י""ח",false,1,17.90,7.16,true,1,
7290010627004,false,טחינה ירושלים 500 גר,תה ויסוצקי (ישראל)בעמ,,,"י""ח",5,ל 100 גרם,false,1,15,3,true,1,
7290010627844,false,טחינה ירושלים 500 מלא,תה ויסוצקי (ישראל)בעמ,,,"י""ח",5,ל 100 גרם,false,1,15,3,true,1,
7290010632343,false,מברשת לבקבוק ופיטמה,אינטרסן (1996) בעמ,,,"י""ח",1,,false,1,20,20,true,1,
7290010632787,false,צמרוני אוזניים מעץ 300,אינטרסן (1996) בעמ,,,"י""ח",300,"י""ח",false,1,3.50,0.01,false,1,
7290010650019,false,אנדיב/עולש,ביכורי השדה צפון 1994 ג.ד. בעמ,,,"י""ח",1,,false,1,13.90,13.90,false,1,
7290010650033,false,בצל שאלוט 350גר,ביכורי השדה צפון 1994 ג.ד. בעמ,,,"י""ח",3.50,ל 100 גרם,false,1,10.90,3.11,false,1,
7290010650354,false,שורש כורכום טרי,ביכורי השדה צפון 1994 ג.ד. בעמ,,,"י""ח",1,,false,1,13.90,13.90,false,1,
7290010650828,false,פטריות שי-מג`י חום/לבן,ביכורי השדה צפון 1994 ג.ד. בעמ,,,"י""ח",1.50,ל 100 גרם,false,1,11.90,7.93,true,1,
7290010650996,false,פטריות שימג`י טרי,ביכורי השדה צפון 1994 ג.ד. בעמ,,,"י""ח",1,"י""ח",false,1,13.90,13.90,true,1,
7290010656592,false,תירוש אדום 100% טהור,יקבי טפרברג 1870 בעמ,,,"י""ח",1,ליטר,false,1,16.90,16.90,true,1,
7290010656615,false,תירוש לבן 100% טהור,יקבי טפרברג 1870 בעמ,,,"י""ח",1,ליטר,false,1,16.90,16.90,true,1,
7290010687787,false,סט 5 קופסאות מרובע מיקס מחסני,אושר א.א. יבוא ושיווק כלי בית,,,"י""ח",1,,false,1,13.90,13.90,false,1,
7290010711123,false,רביעית ננסים באריזה,מ.א.ייצור ויבוא,,,"י""ח",1,,false,1,6.90,6.90,false,1,
7290010711901,false,מיקרופייבר שלישייה לרצפה,מ.א.ייצור ויבוא,,,"י""ח",3,"י""ח",false,1,15.90,5.30,false,1,
7290010711918,false,מיקרופייבר חמישייה לניקוי כללי,מ.א.ייצור ויבוא,,,"י""ח",1,,false,1,9.90,9.90,false,1,
7290010718627,false,סבון נוזלי ירוק פנינה 1 ליטר,"פנינה רוזנבלום  בע""מ",,,"י""ח",1,ליטר,false,1,8.90,8.90,true,1,
7290010718634,false,סבון נוזלי לבן פנינה 1 ליטר,"פנינה רוזנבלום  בע""מ",,,"י""ח",1,ליטר,false,1,8.90,8.90,true,1,
7290010719013,false,"שמן זית אחיה מעולה 750מ""ל",ח.כהן סוכנות מזון ומשקאות בע,,,"י""ח",7.50,"ל 100 מ""ל",false,1,38.90,5.19,false,1,
7290010748525,false,סרקל פורטה מרכך,"פישר תעשיות פרמבצטיות בע""מ",,,"י""ח",7.50,"ל 100 מ""ל",false,1,24,3.20,false,1,
7290010748860,false,אפקטיב קרם ידיים פישר,"פישר תעשיות פרמבצטיות בע""מ",,,"י""ח",1.50,"ל 100 מ""ל",false,1,11.90,7.93,true,1,
7290010748884,false,אפקטיב קרם גוף עור יבש,"פישר תעשיות פרמבצטיות בע""מ",,,"י""ח",7,"ל 100 מ""ל",false,1,29.90,4.27,true,1,
7290010766949,false,ממרח תחתיות ארטישוק,תה ויסוצקי (ישראל)בעמ,,,"י""ח",1,,false,1,13.90,13.90,false,1,
7290010766956,false,ממרח פלפלים קלויים,תה ויסוצקי (ישראל)בעמ,,,"י""ח",1,,false,1,13.90,13.90,false,1,
7290010777242,false,פיתות 10יח  מארז תימניות.,*347570,,,"י""ח",1,,false,1,15.90,15.90,false,1,
7290010777297,false,פיתות 10יח  מארז(עבודת  יד),*347570,,,"י""ח",1,,false,1,12.90,12.90,false,1,
7290010777358,false,מארז פיתה כוסמין ללא סוכר (8 יח),*347570,,,"י""ח",1,,false,1,15.90,15.90,false,1,
7290010777488,false,מארז פיתה קמח מלא (8 יח).,*347570,,,"י""ח",1,,false,1,15.90,15.90,false,1,
7290010777525,false,מארז פיתות כוסמין מלא,*347570,,,"י""ח",1,,false,1,16.90,16.90,false,1,
7290010814244,false,שוקולד שלישיות מריר 3*85גר,כרמית תעשיות ממתקים בעמ,,,"י""ח",2.55,ל 100 גרם,false,1,11.90,4.67,true,1,
7290010814251,false,שוקולד שלישיות חלב 85*3 גרם,כרמית תעשיות ממתקים בעמ,,,"י""ח",3,ל 100 גרם,false,1,11.90,3.97,true,1,
7290010814268,false,שוקולד שלישיות לבן כרמית,כרמית תעשיות ממתקים בעמ,,,"י""ח",3,ל 100 גרם,false,1,11.90,3.97,true,1,
7290010814695,false,שוקולד פרמיום מריר ללס 85ג,כרמית תעשיות ממתקים בעמ,,,"י""ח",0.85,ל 100 גרם,false,1,6.90,8.12,true,1,
7290010838219,false,מרמולייט  סטיביה 100שקיות,דנשר (1963) בעמ,,,"י""ח",100,"י""ח",false,1,25.90,0.26,false,1,
7290010838424,false,טואלט דאק  זוג אקטיב ירוק,דנשר (1963) בעמ,,,"י""ח",1.50,ליטר,false,1,16.90,11.27,false,1,
7290010838431,false,טואלט דאק 750 זוג,דנשר (1963) בעמ,,,"י""ח",1.50,ליטר,false,1,16.90,11.27,false,1,
7290010849512,false,"יין למברוסקו די לואיג`י רוזאטו 750מ""ל",הכרם משקאות חריפים בעמ,,,"י""ח",7.50,"ל 100 מ""ל",false,1,24.90,3.28,false,1,
7290010883042,false,"סנובון נוזלי רענן 750 מ""ל",החב הדרומית לשיווק,,,"י""ח",7.50,"ל 100 מ""ל",false,1,8.90,1.19,false,1,
7290010883356,false,כפפות אלוורה L,החב הדרומית לשיווק,,,"י""ח",1,,false,1,10.90,10.90,false,1,
7290010883363,false,כפפות אלוורה S,החב הדרומית לשיווק,,,"י""ח",1,,false,1,10.90,10.90,false,1,
7290010883370,false,כפפות אלוורה M,החב הדרומית לשיווק,,,"י""ח",1,,false,1,10.90,10.90,false,1,
7290010922871,false,"טחון בקר  1ק""ג אשפר",בלדי בעמ,,,"י""ח",1,"ק""ג",false,1,29.90,29.90,true,1,
7290010922895,false,המבורגר  בקר בלדי 400ג אשפר,בלדי בעמ,,,"י""ח",4,ל 100 גרם,false,1,14.90,3.73,false,1,
7290010922901,false,קבב מזרחי בלדי 400ג אשפר,בלדי בעמ,,,"י""ח",4,ל 100 גרם,false,1,14.90,3.73,false,1,
7290010922956,false,סלמון מעושן 500ג  הרב אפרתי,בלדי בעמ,,,"י""ח",5,ל 100 גרם,false,1,76.90,15.38,false,1,
7290010931330,false,סלט מטבוחה 500 גרם אחלה,"שטראוס גרופ ***בע""מ",,,"י""ח",5,ל 100 גרם,false,1,13.90,2.78,true,1,
7290010945146,false,קוטג  3% מועשר טרה,*החברה המרכזית להפצת משקאותבעמ,,,"י""ח",2.50,ל 100 גרם,false,1,5.90,2.36,true,1,
7290010945306,false,חלב טרה קרטון 2 ליטר   מהדרין*%*3,*החברה המרכזית להפצת משקאותבעמ,,,"י""ח",2,ליטר,false,1,12.46,6.23,false,1,
7290010945450,false,גבינה לבנה 3% 250  ג*,*החברה המרכזית להפצת משקאותבעמ,,,"י""ח",2.50,ל 100 גרם,false,1,4.98,1.99,false,1,
7290010945481,false,גבינה לבנה 5% מהדרין 500  *,*החברה המרכזית להפצת משקאותבעמ,,,"י""ח",5,ל 100 גרם,false,1,6.90,1.38,true,1,
7290011015862,false,"סירופ דיאט לימונענע 750מ""ל",חברה המרכזית להפצת משקאות בעמ,,,"י""ח",7.50,"ל 100 מ""ל",false,1,23.60,3.15,false,1,
7290011017866,false,פחית קוקה קולה סליק,חברה המרכזית להפצת משקאות בעמ,,,"י""ח",3.30,"ל 100 מ""ל",false,1,4.50,1.27,true,1,
7290011017867,false,"קוקה קולה פחית סליק קר 330מ""ל",חברה המרכזית להפצת משקאות בעמ,,,"י""ח",3.30,"ל 100 מ""ל",false,1,5.20,1.48,false,1,
7290011017873,false,פחית קוקה קולה זירו  סליק,חברה המרכזית להפצת משקאות בעמ,,,"י""ח",3.30,"ל 100 מ""ל",false,1,4.50,1.27,true,1,
7290011017874,false,"קוקה קולה זירו פחית סליק קר 330מ""ל",חברה המרכזית להפצת משקאות בעמ,,,"י""ח",3.30,"ל 100 מ""ל",false,1,4.20,1.18,false,1,
7290011017880,false,פחית קוקה קולה דיאט  סליק,חברה המרכזית להפצת משקאות בעמ,,,"י""ח",3.30,"ל 100 מ""ל",false,1,4.50,1.27,true,1,
7290011018184,false,תה אפרסק 0.5 ליטר FUZE-T,חברה המרכזית להפצת משקאות בעמ,,,"י""ח",5,"ל 100 מ""ל",false,1,6.20,1.18,true,1,
7290011018443,false,פחית  פאנטה אורנג   סליק,חברה המרכזית להפצת משקאות בעמ,,,"י""ח",3.30,"ל 100 מ""ל",false,1,4.50,1.27,true,1,
7290011018832,false,"מארז FRIDGE-PACK ק""ק פח",חברה המרכזית להפצת משקאות בעמ,,,"י""ח",1.98,ליטר,false,1,23.50,10.96,false,1,
7290011018917,false,מארז 6 ZERO פח,חברה המרכזית להפצת משקאות בעמ,,,"י""ח",3.30,"ל 100 מ""ל",false,1,21.30,5.91,false,1,
7290011026066,false,סרקל שמפו ומעצב  1 ליטר,"פישר תעשיות פרמבצטיות בע""מ",,,"י""ח",1,ליטר,false,1,29.90,29.90,false,1,
7290011051358,false,שוופס סודה עם לימון 250,יפאורה שותפות מוגבלת לשיווק,,,"י""ח",2.50,"ל 100 מ""ל",false,1,3.50,1.28,true,1,
7290011051525,false,ספרינג -Tאפרסק   0.5 ל,יפאורה שותפות מוגבלת לשיווק,,,"י""ח",5,"ל 100 מ""ל",false,1,5.90,1.12,true,1,
7290011081492,false,קרמיסימו שלושה שוקולדים שטראוס,"גלידות שטראוס בע""מ",,,"י""ח",1.33,ליטר,false,1,18.90,14.21,false,1,
7290011115241,false,נקה 7 כחול X 4,החב הדרומית לשיווק,,,"י""ח",4,ל 100 גרם,false,1,10.90,2.73,false,1,
7290011115401,false,נקה  -AROMA7סבון מוצק*4,החב הדרומית לשיווק,,,"י""ח",4,ל 100 גרם,false,1,10.90,2.73,false,1,
7290011126209,false,חליטת תפוח וקינמון גן קסום,תה ויסוצקי (ישראל)בעמ,,,"י""ח",0.55,ל 100 גרם,false,1,17.90,32.55,true,1,
7290011126452,false,חליטת קמומיל ונענע גן קסום,תה ויסוצקי (ישראל)בעמ,,,"י""ח",0.3750,ל 100 גרם,false,1,17.90,47.73,true,1,
7290011126469,false,חליטת קמומיל ודבש גן קסום,תה ויסוצקי (ישראל)בעמ,,,"י""ח",0.3750,ל 100 גרם,false,1,17.90,47.73,true,1,
7290011126957,false,תה ירוק ארל גריי,תה ויסוצקי (ישראל)בעמ,,,"י""ח",0.3750,ל 100 גרם,false,1,24.80,66.13,true,1,
7290011132019,false,גולדסטאר BLACK ROAST,טמפו משקאות בעמ,,,"י""ח",3.30,"ל 100 מ""ל",false,1,6.50,1.88,false,1,
7290011132552,false,פאולנר רביעיה,טמפו משקאות בעמ,,,"י""ח",1.32,ליטר,false,1,36.10,26.44,true,1,
7290011133368,false,"שנדי(מכבי) שישיות טעם תפוח 330מ""ל",טמפו משקאות בעמ,,,"י""ח",1.98,ליטר,false,1,27.90,13.18,true,1,
7290011133375,false,"שנדי(מכבי)שישיות טעם אפרסק 330מ""ל",טמפו משקאות בעמ,,,"י""ח",3.30,"ל 100 מ""ל",false,1,27.90,7.91,true,1,
7290011133634,false,"פפסי מקס שישייה פחיות 330מ""ל",טמפו משקאות בעמ,,,"י""ח",1.98,ליטר,false,1,17.90,8.13,true,1,
7290011142001,false,"לחם""דואט"" 550גר",מאפיית דואט בעמ,,,"י""ח",5.50,ל 100 גרם,false,1,11.90,2.16,false,1,
7290011142025,false,לחם שיפון כפרי 600גר,מאפיית דואט בעמ,,,"י""ח",6,ל 100 גרם,false,1,12.90,2.15,false,1,
7290011142049,false,לחם דגנים 630גר,מאפיית דואט בעמ,,,"י""ח",6.30,ל 100 גרם,false,1,11.90,1.89,false,1,
7290011142094,false,"לחם  שיפון""פטרובסקי"" 700גר",מאפיית דואט בעמ,,,"י""ח",7,ל 100 גרם,false,1,13.90,1.99,false,1,
7290011142148,false,לחמים/לחמניות 450גר,מאפיית דואט בעמ,,,"י""ח",7,ל 100 גרם,false,1,12.90,1.84,false,1,
7290011142193,false,לחמניות מתוקות 400גר,מאפיית דואט בעמ,,,"י""ח",7,ל 100 גרם,false,1,12.90,1.84,false,1,
7290011142322,false,10 פיתות  במארז( דואט),מאפיית דואט בעמ,,,"י""ח",7,ל 100 גרם,false,1,13.90,1.99,false,1,
7290011142407,false,"לחם שבע דגנים 1.1ק""ג",מאפיית דואט בעמ,,,"י""ח",1.10,"ק""ג",false,1,18.90,17.18,false,1,
7290011142445,false,לחם כוסמין,מאפיית דואט בעמ,,,"י""ח",1,"ק""ג",false,1,17.90,17.90,false,1,
7290011142551,false,לחם לבן 750גר,מאפיית דואט בעמ,,,"י""ח",7.50,ל 100 גרם,false,1,15.90,2.12,false,1,
7290011142650,false,לחם שיפון 100% 900גר,מאפיית דואט בעמ,,,"י""ח",9,ל 100 גרם,false,1,17.90,1.99,false,1,
7290011142827,false,מארז פיתות כוסמין,מאפיית דואט בעמ,,,"י""ח",7,ל 100 גרם,false,1,16.90,2.41,false,1,
7290011142834,false,מארז פיתות ביס קמח מלא,מאפיית דואט בעמ,,,"י""ח",7,ל 100 גרם,false,1,15.90,2.27,false,1,
7290011154301,false,ממרח תמרים הרב לנדאו 450גר`,ח.כהן סוכנות מזון ומשקאות בע,,,"י""ח",4.50,ל 100 גרם,false,1,6.90,1.53,false,1,
7290011154899,false,"תרכיז תפוחים וענבים טבעי 500מ""ל",ליימן שליסל,,,"י""ח",5,"ל 100 מ""ל",false,1,21.90,4.38,true,1,
7290011174323,false,"צ יפס אמריקאי 1.5 ק""ג",ויטה- פרי גליל (החדשה) בעמ,,,"י""ח",1.50,"ק""ג",false,1,19.90,13.27,true,1,
7290011194215,false,דניאלה בננה,"שטראוס גרופ ***בע""מ",,,"י""ח",1.50,"ל 100 מ""ל",false,1,3.90,2.60,true,1,
7290011194246,false,קוטג  5% עם סידן שטראוס,"שטראוס גרופ ***בע""מ",,,"י""ח",2.50,ל 100 גרם,false,1,5.80,2.32,true,1,
7290011223229,false,טואלט דאק ג ל לאסלה,דנשר (1963) בעמ,,,"י""ח",0.55,"ל 100 מ""ל",false,1,9.90,18,false,1,
7290011236649,false,חטיפי שוקולד צ יפס בלגי 300 גרם,*347340,,,"י""ח",3,ל 100 גרם,false,1,11.90,3.97,false,1,
7290011239213,false,חטיפים מתוקים 100גר,סוכניות עמוס ממתקים בעמ,,,"י""ח",1,,false,1,6.90,6.90,false,1,
7290011239237,false,חטיף אגוזים ישראלי 250גר,סוכניות עמוס ממתקים בעמ,,,"י""ח",2.50,ל 100 גרם,false,1,21.90,8.76,false,1,
7290011239336,false,חלבה ארוז ללא תוספת סוכר 400גר,סוכניות עמוס ממתקים בעמ,,,"י""ח",4,ל 100 גרם,false,1,24.90,6.23,false,1,
7290011239343,false,חלבה ארוז  400גר,סוכניות עמוס ממתקים בעמ,,,"י""ח",4,ל 100 גרם,false,1,24.90,6.23,false,1,
7290011239404,false,חטיפים מתוקים טעמים שונים 330גר,סוכניות עמוס ממתקים בעמ,,,"י""ח",3.30,ל 100 גרם,false,1,19.90,6.03,false,1,
7290011239596,false,בקלאווה  600גר,סוכניות עמוס ממתקים בעמ,,,"י""ח",6,ל 100 גרם,false,1,44.90,7.48,false,1,
7290011239657,false,רחת לוקום 500גר,סוכניות עמוס ממתקים בעמ,,,"י""ח",5,ל 100 גרם,false,1,19.90,3.98,false,1,
7290011240868,false,"יין מוסקטו אדום 750מ""ל",*347030,,,"י""ח",7.50,"ל 100 מ""ל",false,1,29.90,3.95,false,1,
7290011249212,false,ופל בטעם לימון 200ג,ח.כהן סוכנות מזון ומשקאות בע,,,"י""ח",2,ל 100 גרם,false,1,3.90,1.95,true,1,
7290011249250,false,גביעי גלידה  24יח  אמריקה גילרו,ח.כהן סוכנות מזון ומשקאות בע,,,"י""ח",24,"י""ח",false,1,11.90,0.50,false,1,
7290011249748,false,רולים שוקולד  100גרם גילרו,ח.כהן סוכנות מזון ומשקאות בע,,,"י""ח",1,ל 100 גרם,false,1,3.90,3.90,false,1,
7290011249755,false,רולים אגוזים  100גרם גילרו,ח.כהן סוכנות מזון ומשקאות בע,,,"י""ח",1,ל 100 גרם,false,1,3.90,3.90,false,1,
7290011254032,false,קינואה 500 גרם,מיה תעשיות מזון מ.ת.מ בעמ,,,"י""ח",5,ל 100 גרם,false,1,9.90,1.98,true,1,
7290011254070,false,פלפל שחור בשקית,מיה תעשיות מזון מ.ת.מ בעמ,,,"י""ח",0.80,ל 100 גרם,false,1,9.40,11.75,false,1,
7290011254094,false,כמון 80גר,מיה תעשיות מזון מ.ת.מ בעמ,,,"י""ח",0.80,ל 100 גרם,false,1,4.30,5.38,false,1,
7290011254100,false,כורכום 80גרם בשקית,מיה תעשיות מזון מ.ת.מ בעמ,,,"י""ח",0.80,ל 100 גרם,false,1,5,6.25,false,1,
7290011254117,false,פפריקה מתוקה 80גרם,מיה תעשיות מזון מ.ת.מ בעמ,,,"י""ח",0.80,ל 100 גרם,false,1,5,6.25,false,1,
7290011254124,false,פפריקה חריפה 80גרם,מיה תעשיות מזון מ.ת.מ בעמ,,,"י""ח",0.80,ל 100 גרם,false,1,4.30,5.38,false,1,
7290011254131,false,אורגנו 20גרם,מיה תעשיות מזון מ.ת.מ בעמ,,,"י""ח",0.20,ל 100 גרם,false,1,4.20,21,false,1,
7290011254148,false,אבקת שום 80גרם,מיה תעשיות מזון מ.ת.מ בעמ,,,"י""ח",0.80,ל 100 גרם,false,1,7.90,9.88,false,1,
7290011254155,false,מלח לימון 80גר.,מיה תעשיות מזון מ.ת.מ בעמ,,,"י""ח",1,ל 100 גרם,false,1,4,4,false,1,
7290011254179,false,גריל עוף שקית חדש,מיה תעשיות מזון מ.ת.מ בעמ,,,"י""ח",0.80,ל 100 גרם,false,1,3.90,4.88,false,1,
7290011254186,false,שבבי בצל 50ג  שקית,מיה תעשיות מזון מ.ת.מ בעמ,,,"י""ח",0.80,ל 100 גרם,false,1,4.70,5.88,false,1,
7290011254209,false,גבישי שום 80גרם,מיה תעשיות מזון מ.ת.מ בעמ,,,"י""ח",0.80,ל 100 גרם,false,1,7.90,9.88,false,1,
7290011254254,false,"שוקולד צ יפס 300 ג  בד""צ מיה",מיה תעשיות מזון מ.ת.מ בעמ,,,"י""ח",3,ל 100 גרם,false,1,9.90,3.30,false,1,
7290011254759,false,שעועית שחורה 500גר`,מיה תעשיות מזון מ.ת.מ בעמ,,,"י""ח",5,ל 100 גרם,false,1,7.60,1.52,false,1,
7290011276485,false,חסה עגולה,ביכורי השדה צפון 1994 ג.ד. בעמ,,,"י""ח",1,,false,1,6.90,6.90,false,1,
7290011332983,false,קמיל בלו מגבונאף שלישיה,"פישר תעשיות פרמבצטיות בע""מ",,,"י""ח",3,"י""ח",false,1,19.90,6.63,true,1,
7290011378769,false,מאגדת 6יח חטיף חלבה-וניל,קבוצת אוסם סחר-שות.מוגבלת,,,"י""ח",6,"י""ח",false,1,11.90,1.98,false,1,
7290011378776,false,מאגדת 6יח חטיף חלבה-פיסטוק,קבוצת אוסם סחר-שות.מוגבלת,,,"י""ח",6,"י""ח",false,1,11.90,1.98,false,1,
7290011379018,false,פטריות צמד,ביכורי השדה צפון 1994 ג.ד. בעמ,,,"י""ח",1,,false,1,18.90,18.90,false,1,
7290011435226,false,דבש  לחיץ 650גר` יד מרדכי,"שטראוס גרופ בע""מ",,,"י""ח",6.50,ל 100 גרם,false,1,33.90,5.22,true,1,
7290011438142,false,"משקה חלב טעם קפה 350 מ""ל","שטראוס גרופ ***בע""מ",,,"י""ח",3.50,"ל 100 מ""ל",false,1,6.50,1.86,true,1,
7290011447267,false,מטרנה פרמיום א.חיסכון שלב 1,קבוצת אוסם סחר-שות.מוגבלת,,,"י""ח",7,ל 100 גרם,false,1,49.90,7.13,false,1,
7290011447281,false,מטרנה פרימיום א.חסכון שלב 2,קבוצת אוסם סחר-שות.מוגבלת,,,"י""ח",7,ל 100 גרם,false,1,49.90,7.13,false,1,
7290011447304,false,מטרנה פרימיום א.חסכוןשלב 3,קבוצת אוסם סחר-שות.מוגבלת,,,"י""ח",7,ל 100 גרם,false,1,49.90,7.13,false,1,
7290011447359,false,מטרנה מהדרין חסכונית 1,קבוצת אוסם סחר-שות.מוגבלת,,,"י""ח",7,ל 100 גרם,false,1,49.90,7.13,false,1,
7290011447373,false,מטרנה מהדרין חיסכון} {2,קבוצת אוסם סחר-שות.מוגבלת,,,"י""ח",7,ל 100 גרם,false,1,49.90,7.13,false,1,
7290011473617,false,צייה 300ג טיב הטבע,גורי מוצרי צריכה בעמ,,,"י""ח",3,ל 100 גרם,false,1,18.90,6.30,false,1,
7290011488062,false,בצלצלי שאלוט 350גר,ביכורי השדה צפון 1994 ג.ד. בעמ,,,"י""ח",3.50,ל 100 גרם,false,1,13.90,3.97,false,1,
7290011489595,false,קרקר טופז שומשום 110גר הדר,ח.כהן סוכנות מזון ומשקאות בע,,,"י""ח",1.10,ל 100 גרם,false,1,2.90,2.64,true,1,
7290011499051,false,פטה כבשים 250 גרם,מחלבות גד,,,"י""ח",2.50,ל 100 גרם,false,1,24.90,9.96,false,1,
7290011499105,false,בולגרית 5% 250 גרם,מחלבות גד,,,"י""ח",2.50,ל 100 גרם,false,1,21.90,8.76,false,1,
7290011499112,false,בולגרית 16% 250 גרם,מחלבות גד,,,"י""ח",2.50,"100 ס""מ",false,1,21.90,8.76,false,1,
7290011499129,false,בולגרית  קוביות מעודנת 5% 200 ג,מחלבות גד,,,"י""ח",2,ל 100 גרם,false,1,19.90,9.95,false,1,
7290011499303,false,בולגרית מעודנת עיזים 5% 250 ג,מחלבות גד,,,"י""ח",2.50,ל 100 גרם,false,1,29.90,11.96,false,1,
7290011499327,false,בולגרית מעודנת חלב בקר 5%,מחלבות גד,,,"י""ח",2.50,ל 100 גרם,false,1,21.90,8.76,false,1,
7290011499358,false,פטה עיזים  200גר}גד{,מחלבות גד,,,"י""ח",2,ל 100 גרם,false,1,24.90,12.45,false,1,
7290011499365,false,חלומי גד 200גר.,מחלבות גד,,,"י""ח",2,ל 100 גרם,false,1,19.90,9.95,false,1,
7290011499419,false,קרם שמנת ניו יורק  5%  בטעם טבעי 200גר`,מחלבות גד,,,"י""ח",2,ל 100 גרם,false,1,11.90,5.95,false,1,
7290011499624,false,גבינת שמנת 30% בטעם טבעי ניו יורק,מחלבות גד,,,"י""ח",2,ל 100 גרם,false,1,12.90,6.45,false,1,
7290011499846,false,ריקוטה פרסקה 300גרם,מחלבות גד,,,"י""ח",3,ל 100 גרם,false,1,16.90,5.63,false,1,
7290011499853,false,גבינת שמנת 30% זיתים 200ג,מחלבות גד,,,"י""ח",2,ל 100 גרם,false,1,12.90,6.45,false,1,
7290011501617,false,חמוציות ברכז תפוחים ללא סוכר 250גר,*347340,,,"י""ח",2.50,ל 100 גרם,false,1,14.90,5.96,false,1,
7290011505806,false,קיסמי שיניים דנטאליים 200 יח`,אינטרסן (1996) בעמ,,,"י""ח",200,"י""ח",false,1,7.90,0.04,false,1,
7290011518561,false,אקטימל מארז משפ  14יח   תות,"שטראוס גרופ ***בע""מ",,,"י""ח",1.40,ליטר,false,1,29.90,21.36,true,1,
7290011525712,false,קמיל בלו סנסטיב אל סבון,"פישר תעשיות פרמבצטיות בע""מ",,,"י""ח",1,ליטר,false,1,24.90,24.90,true,1,
7290011525729,false,קמיל בלו סנסטיב שמפו 1 ל,"פישר תעשיות פרמבצטיות בע""מ",,,"י""ח",1,ליטר,false,1,24.90,24.90,true,1,
7290011530358,false,שייק איט כתום יום חמישי 150גר*3,בלדי בעמ,,,"י""ח",1.50,ל 100 גרם,false,1,29.90,19.93,false,1,
7290011530464,false,"פול סויה אדממה 1ק""ג",בלדי בעמ,,,"י""ח",1,"ק""ג",false,1,16.90,16.90,false,1,
7290011530549,false,שייק איט יום ראשון 150גר*3,בלדי בעמ,,,"י""ח",1.50,ל 100 גרם,false,1,29.90,19.93,false,1,
7290011530945,false,קרפצ`ו עגל 210גר,בלדי בעמ,,,"י""ח",2.10,ל 100 גרם,false,1,39.90,19,false,1,
7290011593087,false,"שמן זית סבא חביב  750מ""ל",בני פאוזי שמשום (2009) בעמ,,,"י""ח",7.50,"ל 100 מ""ל",false,1,29.90,3.99,true,1,
7290011593117,false,זית סורי ירוק מבוקע 800גרם,בני פאוזי שמשום (2009) בעמ,,,"י""ח",8,ל 100 גרם,false,1,24.90,3.11,false,1,
7290011598211,false,אנטי קאלק כללי 4ב1,החב הדרומית לשיווק,,,"י""ח",7,"ל 100 מ""ל",false,1,16.90,2.41,false,1,
7290011598259,false,פרש אוטומטיק מאסק,החב הדרומית לשיווק,,,"י""ח",2.50,ל 100 גרם,false,1,12.90,5.16,false,1,
7290011598365,false,סנו סושי מטליות מקרופייבר מקצועיות 4 יח,החב הדרומית לשיווק,,,"י""ח",1,,false,1,13.90,13.90,false,1,
7290011598402,false,מרכך כביסה מקסימה מאסק  4 ל,החב הדרומית לשיווק,,,"י""ח",4,ליטר,false,1,21.90,5.48,false,1,
7290011607180,false,"קולון 1.250 ק""ג",רקיט בנקיזר (ניר איסט) בעמ,,,"י""ח",1.25,"ק""ג",false,1,14.90,11.92,false,1,
7290011607197,false,"קולון 101- 5 ק""ג",רקיט בנקיזר (ניר איסט) בעמ,,,"י""ח",5,"ק""ג",false,1,39.90,7.98,false,1,
7290011615260,false,טורטיות 540 גרם וויליפוד,ג.וילי פוד אינטרנשיונל בעמ,,,"י""ח",5.40,ל 100 גרם,false,1,8.90,1.65,true,1,
7290011622428,false,חטיף בריאות לתינוקות כתמטמינים 45גרם,גורי מוצרי צריכה בעמ,,,"י""ח",0.45,ל 100 גרם,false,1,5.90,13.11,false,1,
7290011668143,false,מסיכה משקמת.,"פנינה רוזנבלום  בע""מ",,,"י""ח",1,"ק""ג",false,1,29.90,29.90,false,1,
7290011668419,false,שמפו אובלי יומי פנינה,"פנינה רוזנבלום  בע""מ",,,"י""ח",7.50,"ל 100 מ""ל",false,1,9,1.20,true,1,
7290011668426,false,מרכך אובלי ליומי פנינה,"פנינה רוזנבלום  בע""מ",,,"י""ח",7.50,"ל 100 מ""ל",false,1,9,1.20,true,1,
7290011668433,false,שמפו שיאה לשיער צבוע  פנינה,"פנינה רוזנבלום  בע""מ",,,"י""ח",7.50,"ל 100 מ""ל",false,1,9,1.20,true,1,
7290011668440,false,מרכך שיאה לשיער צבוע פנינה,"פנינה רוזנבלום  בע""מ",,,"י""ח",7.50,"ל 100 מ""ל",false,1,9,1.20,true,1,
7290011668457,false,שמפו שמן זית לשיער גליל פנינה,"פנינה רוזנבלום  בע""מ",,,"י""ח",7.50,"ל 100 מ""ל",false,1,9,1.20,true,1,
7290011668464,false,מרכך שמן זית למתולתל  פנינה,"פנינה רוזנבלום  בע""מ",,,"י""ח",7.50,"ל 100 מ""ל",false,1,9,1.20,true,1,
7290011668570,false,גרנולה חגיגת פירות יבשים 500גר`,"פנינה רוזנבלום  בע""מ",,,"י""ח",5,ל 100 גרם,false,1,21.90,4.38,true,1,
7290011668587,false,גרנולה טעם עשיר 500גר`,"פנינה רוזנבלום  בע""מ",,,"י""ח",5,ל 100 גרם,false,1,21.90,4.38,true,1,
7290011695651,false,צנימים עגולים 300גר`,נאמן לאורך זמן בעמ,,,"י""ח",3,ל 100 גרם,false,1,11.90,3.97,false,1,
7290011695958,false,"חומץ תפוחים בד""ץ",נאמן לאורך זמן בעמ,,,"י""ח",1,,false,1,10.90,10.90,false,1,
7290011695972,false,טוסטים פריכים 100גר`,נאמן לאורך זמן בעמ,,,"י""ח",1,ל 100 גרם,false,1,8.90,8.90,false,1,
7290011765392,false,"שמפו בוב ספוג  750מ""ל",החב הדרומית לשיווק,,,"י""ח",7.50,"ל 100 מ""ל",false,1,10.90,1.45,false,1,
7290011765408,false,"שמפו+מרכך כיף בוב ספוג 750 מ""ל",החב הדרומית לשיווק,,,"י""ח",7.50,"ל 100 מ""ל",false,1,10.90,1.45,false,1,
7290011765422,false,בוב ספוג אל סבון,החב הדרומית לשיווק,,,"י""ח",7.50,"ל 100 מ""ל",false,1,10.90,1.45,false,1,
7290011765446,false,בוב ספוג משחת שיניים,החב הדרומית לשיווק,,,"י""ח",0.70,ל 100 גרם,false,1,7.50,10.71,false,1,
7290011800840,false,טחינה לבנה 400גר`,קבוצת אוסם סחר-שות.מוגבלת,,,"י""ח",4,ל 100 גרם,false,1,15.90,3.98,true,1,
7290011860271,false,תפוגן ביסבול טבעי 700 ג,קבוצת אוסם סחר-שות.מוגבלת,,,"י""ח",7,ל 100 גרם,false,1,15.90,2.27,false,1,
7290011870249,false,סוללות  *AAA12 פוגיקום,פוגיקום בעמ,,,"י""ח",1,,false,1,19.90,19.90,true,1,
7290011870256,false,סוללות 4*AA4,פוגיקום בעמ,,,"י""ח",1,,false,1,5.90,5.90,false,1,
7290011870270,false,סוללות   *AA12 פוגיקום,פוגיקום בעמ,,,"י""ח",1,,false,1,19.90,19.90,true,1,
7290011877859,false,סנו אינסטלטור בקבוקון,החב הדרומית לשיווק,,,"י""ח",2,"ל 100 מ""ל",false,1,13.90,6.95,false,1,
7290011877866,false,"סנו מקסימה מאסק 6 ק""ג",החב הדרומית לשיווק,,,"י""ח",6,"ק""ג",false,1,44.90,7.48,false,1,
7290011912642,false,"ליסטרין טאגד  500 מ""ל",שקד תבל בעמ,,,"י""ח",5,"ל 100 מ""ל",false,1,17.90,3.58,true,1,
7290011923303,false,טופו טבעי 300גר,ליב בעמ,,,"י""ח",3,ל 100 גרם,false,1,10.90,3.63,false,1,
7290011931162,false,סוכרלייט נוזלי,"שטראוס גרופ בע""מ",,,"י""ח",2.20,"ל 100 מ""ל",false,1,24.60,11.18,true,1,
7290011947309,false,זית סורי מבוקע עם לימון כבוש  220גר,תה ויסוצקי (ישראל)בעמ,,,"י""ח",5.60,ל 100 גרם,false,1,13.90,2.48,false,1,
7290011947316,false,זית קלמטה,תה ויסוצקי (ישראל)בעמ,,,"י""ח",2,ל 100 גרם,false,1,13.90,6.95,false,1,
7290011947521,false,שמן זית  זיתא כתית מעולה טעם מודגש 750,תה ויסוצקי (ישראל)בעמ,,,"י""ח",7.50,"ל 100 מ""ל",false,1,32.90,4.39,true,1,
7290011947743,false,מיקס זית ירוק וזית קלמטה 215ג,תה ויסוצקי (ישראל)בעמ,,,"י""ח",2.15,ל 100 גרם,false,1,13.90,6.47,false,1,
7290011947781,false,מיקס זית ירוק וקלמטה עם שמן זית  זיתא,תה ויסוצקי (ישראל)בעמ,,,"י""ח",1.90,ל 100 גרם,false,1,13.90,7.32,false,1,
7290011947798,false,זית קלמטה ללא גלעין עם שמן זית  זיתא,תה ויסוצקי (ישראל)בעמ,,,"י""ח",1.90,ל 100 גרם,false,1,13.90,7.32,false,1,
7290011947873,false,זית קלמטה  בפח 440ג,תה ויסוצקי (ישראל)בעמ,,,"י""ח",4.40,ל 100 גרם,false,1,15,3.41,true,1,
7290011947903,false,"זית מיקס 215גר זיתא כשל""פ",תה ויסוצקי (ישראל)בעמ,,,"י""ח",2.15,ל 100 גרם,false,1,13.90,6.47,false,1,
7290012001994,false,חרדל דיג`ון גרעינים 370  גר`דיפלומט,דיפלומט בעמ,,,"י""ח",3.70,ל 100 גרם,false,1,11.90,3.22,false,1,
7290012022203,false,קליליות חיטה מלאה,דילייט 2005 בעמ,,,"י""ח",1.40,ל 100 גרם,false,1,13.50,9.64,false,1,
7290012022227,false,קליליות חיטה טעם טבעי,דילייט 2005 בעמ,,,"י""ח",1.40,ל 100 גרם,false,1,11.90,8.50,false,1,
7290012022272,false,קליליות קידס 30גר,דילייט 2005 בעמ,,,"י""ח",0.30,ל 100 גרם,false,1,10.90,36.33,false,1,
7290012025822,false,סלק  400 ג אסלי,"סלטי שמיר2006בע""מ",,,"י""ח",4,ל 100 גרם,false,1,9.90,2.48,true,1,
7290012025839,false,מטבוחה 400 ג אסלי,"סלטי שמיר2006בע""מ",,,"י""ח",4,ל 100 גרם,false,1,7.90,1.98,true,1,
7290012116360,false,פוליווקס 2 ל  גרניט פורצל,החב הדרומית לשיווק,,,"י""ח",2,ליטר,false,1,16.90,8.45,true,1,
7290012116537,false,"#א.כביסה מקסימה מאסק 2.5 ק""ג",החב הדרומית לשיווק,,,"י""ח",2.50,"ק""ג",false,1,25.90,10.36,false,1,
7290012116551,false,אנטי קאלק  4ב 1   2 ליטר,החב הדרומית לשיווק,,,"י""ח",2,ליטר,false,1,20.90,10.45,false,1,
7290012116612,false,אורביטול מברשות שיניים רביעיות,החב הדרומית לשיווק,,,"י""ח",1,,false,1,9.90,9.90,false,1,
7290012117039,false,סנו 00 לאמבטיה 1 ל`.,החב הדרומית לשיווק,,,"י""ח",1,ליטר,false,1,7.50,7.50,false,1,
7290012117091,false,"סנו מקסימה סנסיטיב 6 ק""ג",החב הדרומית לשיווק,,,"י""ח",6,קוב,false,1,44.90,7.48,false,1,
7290012117275,false,"סנוקליר מילוי 750מ""ל",החב הדרומית לשיווק,,,"י""ח",7.50,"ל 100 מ""ל",false,1,5.80,0.77,false,1,
7290012117350,false,ריצפז פרש לילך 2 ליטר,החב הדרומית לשיווק,,,"י""ח",2,מארז,false,1,19.90,9.95,false,1,
7290012117411,false,"גיל רחצה קרמה מן במבוק 700 מ""ל",החב הדרומית לשיווק,,,"י""ח",7,"ל 100 מ""ל",false,1,14.90,2.13,false,1,
7290012117428,false,שמפו וגיל רחצה  קרמה מן  2 ב -1 700מיי,החב הדרומית לשיווק,,,"י""ח",7,"ל 100 מ""ל",false,1,14.90,2.13,false,1,
7290012117435,false,"גיל רחצה אלוורה 700 מ""ל",החב הדרומית לשיווק,,,"י""ח",7,"ל 100 מ""ל",false,1,14.90,2.13,false,1,
7290012117534,false,.מרכך מקסימה סופר מרוכז COOL 1 ליטר,החב הדרומית לשיווק,,,"י""ח",1,ליטר,false,1,17.90,17.90,false,1,
7290012117541,false,מרכך מקסימה סופר מרוכז ZEN 1ליטר,החב הדרומית לשיווק,,,"י""ח",1,ליטר,false,1,17.90,17.90,false,1,
7290012117558,false,מרכך מקסימה סופר מרוכז מאסק 1 ליטר,החב הדרומית לשיווק,,,"י""ח",1,ליטר,false,1,17.90,17.90,false,1,
7290012117572,false,סנו סושי כפפות לטקס 100 יח`M,החב הדרומית לשיווק,,,"י""ח",1,,false,1,39.90,39.90,false,1,
7290012117732,false,מקסימה מרכך 4 ליטר שחור,החב הדרומית לשיווק,,,"י""ח",4,ליטר,false,1,21.90,5.48,false,1,
7290012117916,false,סנו אינסטלטור נוזלי 1 ליטר,החב הדרומית לשיווק,,,"י""ח",1,ליטר,false,1,26.90,26.90,false,1,
7290012193125,false,מרמולייט סוכרלוז 150יח,דנשר (1963) בעמ,,,"י""ח",1.50,ל 100 גרם,false,1,26.90,17.93,false,1,
7290012226021,false,סלמי מעושן פראג 400 ג`,זוגלובק שיווק בעמ,,,"י""ח",4,ל 100 גרם,false,1,19.90,4.98,true,1,
7290012226120,false,קבנוס 135 ג`,זוגלובק שיווק בעמ,,,"י""ח",1.35,ל 100 גרם,false,1,11,8.15,true,1,
7290012226342,false,נקניקיות מן הצומח עשיר בחלבון 460גר,זוגלובק שיווק בעמ,,,"י""ח",4.60,ל 100 גרם,false,1,27.90,6.07,true,1,
7290012226922,false,קבנוס טעם שום 135גרם,זוגלובק שיווק בעמ,,,"י""ח",1.35,ל 100 גרם,false,1,11,8.15,true,1,
7290012226991,false,"נקניקיות ג`מבו 1.5 ק""ג",זוגלובק שיווק בעמ,,,"י""ח",1.50,"י""ח",false,1,26.90,17.93,true,1,
7290012227172,false,מארז פסטרמה כפרית חרמון 300גר+300גר,זוגלובק שיווק בעמ,,,"י""ח",6,ל 100 גרם,false,1,27.90,4.65,true,1,
7290012227325,false,סלמי מעושן איטלקי דק דק דק 120גר`,זוגלובק שיווק בעמ,,,"י""ח",1.20,ל 100 גרם,false,1,13.90,11.58,true,1,
7290012227592,false,זוג חברון כפרית ותה 2*350גר מחפוד,זוגלובק שיווק בעמ,,,"י""ח",7,ל 100 גרם,false,1,27.90,3.99,true,1,
7290012227608,false,זוג חרמון כפרית וכפרית ברביקיו 2*300 מחפ,זוגלובק שיווק בעמ,,,"י""ח",6,ל 100 גרם,false,1,27.90,4.65,true,1,
7290012227615,false,נקניקיות עוף 800גר זוגלובק,זוגלובק שיווק בעמ,,,"י""ח",8,ל 100 גרם,false,1,21.90,2.74,true,1,
7290012227622,false,חרמון כפרית דבש 400גר מחפוד,זוגלובק שיווק בעמ,,,"י""ח",4,ל 100 גרם,false,1,19,4.75,true,1,
7290012227738,false,סלמי תה מעושן 400גר מחפוד,זוגלובק שיווק בעמ,,,"י""ח",4,ל 100 גרם,false,1,18.90,4.73,true,1,
7290012227769,false,פסטרמה ברביקיו 400גר מחפוד,זוגלובק שיווק בעמ,,,"י""ח",4,ל 100 גרם,false,1,19,4.75,true,1,
7290012227776,false,פסטרמה הודו 400גר מחפוד,זוגלובק שיווק בעמ,,,"י""ח",4,ל 100 גרם,false,1,19,4.75,true,1,
7290012227783,false,תה מעושן 400גר מחפוד,זוגלובק שיווק בעמ,,,"י""ח",4,ל 100 גרם,false,1,19,4.75,true,1,
7290012227912,false,קבנוס מעודן 135גר,זוגלובק שיווק בעמ,,,"י""ח",1.35,ל 100 גרם,false,1,10.90,8.07,true,1,
7290012227974,false,פסטרמה בדבש  120גר`,זוגלובק שיווק בעמ,,,"י""ח",1.20,ל 100 גרם,false,1,13.90,11.58,true,1,
7290012227981,false,פסטרמה ברביקיו 120גר`,זוגלובק שיווק בעמ,,,"י""ח",1.20,ל 100 גרם,false,1,13.90,11.58,true,1,
7290012227998,false,חזה בקר 120גר`,זוגלובק שיווק בעמ,,,"י""ח",1.20,ל 100 גרם,false,1,13.90,11.58,true,1,
7290012228124,false,קבנוס טיקס טבעי 50גר`,זוגלובק שיווק בעמ,,,"י""ח",0.50,ל 100 גרם,false,1,10.90,21.80,true,1,
7290012228247,false,המבורגר טקסס 1.4 קג מגשית,זוגלובק שיווק בעמ,,,"י""ח",1.40,"ק""ג",false,1,45.90,32.79,true,1,
7290012228261,false,נקניקיות הודו פרמיום  310גר,זוגלובק שיווק בעמ,,,"י""ח",3.10,ל 100 גרם,false,1,19.90,6.42,false,1,
7290012228407,false,נקניקיות ג`מבו מחפוד 1.5 ק``ג,זוגלובק שיווק בעמ,,,"י""ח",1.50,"ק""ג",false,1,27.90,18.60,true,1,
7290012228766,false,קבנוס מחפוד 120 גר,זוגלובק שיווק בעמ,,,"י""ח",1.20,ל 100 גרם,false,1,10.90,9.08,false,1,
7290012245176,false,וופל ציפס קריספי קפוא 700ג,קפוא זן תעשיות מזון בעמ,,,"י""ח",7,ל 100 גרם,false,1,15.90,2.27,false,1,
7290012245183,false,קריספי קלאסי 10*10 קפוא 700ג,קפוא זן תעשיות מזון בעמ,,,"י""ח",7,ל 100 גרם,false,1,14.90,2.13,false,1,
7290012245312,false,"גולד ציפס אמריקאי 1.5ק""ג",קפוא זן תעשיות מזון בעמ,,,"י""ח",1.50,"ק""ג",false,1,21.90,14.60,true,1,
7290012245329,false,"גולד ציפס קלאסי 1.5ק""ג",קפוא זן תעשיות מזון בעמ,,,"י""ח",1.50,"ק""ג",false,1,21.90,14.60,true,1,
7290012245336,false,"גולד סטייק ציפס  1.5ק""ג",קפוא זן תעשיות מזון בעמ,,,"י""ח",1.50,"ק""ג",false,1,21.90,14.60,true,1,
7290012260827,false,שערות קדאיף 500גר G,א.ג בחירה חכמה בעמ,,,"י""ח",5,ל 100 גרם,false,1,13.90,2.78,false,1,
7290012275401,false,"בירה מולר  500מ""ל",בני פאוזי שמשום (2009) בעמ,,,"י""ח",2.10,"ל 100 מ""ל",false,1,4.50,2,true,1,
7290012295836,false,חסה לליק,ביכורי השדה צפון 1994 ג.ד. בעמ,,,"י""ח",1,ל 100 גרם,false,1,10.90,10.90,true,1,
7290012309311,false,ערמונים 100גר ששון הקולה,*347340,,,"י""ח",1,,false,1,5.90,5.90,false,1,
7290012309939,false,חלבה מסולסלת 500 גר`ששון הקולה,*347340,,,"י""ח",1,,false,1,16.90,16.90,false,1,
7290012313073,false,מיקס זיתים מגולענים 2 A יבנה.,"קבוצת יבנה מוצרי מזון בע""מ",,,"י""ח",1,,false,1,11.90,11.90,false,1,
7290012313141,false,פרוסות מלפפונים במלח  יבנה,"קבוצת יבנה מוצרי מזון בע""מ",,,"י""ח",5.40,ל 100 גרם,false,1,6.50,1.20,false,1,
7290012313394,false,קוביות מלפפון  A2 קבוצת יבנה,"קבוצת יבנה מוצרי מזון בע""מ",,,"י""ח",1,ל 100 גרם,false,1,6.20,6.20,false,1,
7290012313547,false,זיתים שחורים קלמנטה,"קבוצת יבנה מוצרי מזון בע""מ",,,"י""ח",5.60,ל 100 גרם,false,1,9.90,1.77,false,1,
7290012367700,false,"קרם גוף ד""ר פישר אפקטיב קר 700מ""ל","פישר תעשיות פרמבצטיות בע""מ",,,"י""ח",7,"ל 100 מ""ל",false,1,29.90,4.27,true,1,
7290012367717,false,"קרם ידיים ד""ר פישר אפקטיב קר 150מ""ל","פישר תעשיות פרמבצטיות בע""מ",,,"י""ח",12,ליטר,false,1,11.90,0.99,true,1,
7290012404955,false,ספרינג נקטר חמוציות 1.25,יפאורה שותפות מוגבלת לשיווק,,,"י""ח",1.25,ליטר,false,1,11.90,9.28,true,1,
7290012404993,false,ספרינג נקטר דיאט חמוציות 1.25,יפאורה שותפות מוגבלת לשיווק,,,"י""ח",1.25,ליטר,false,1,11.90,9.28,true,1,
7290012413636,false,תה ירוק צאי מסאלה 25שק.,תה ויסוצקי (ישראל)בעמ,,,"י""ח",0.3750,ל 100 גרם,false,1,24.80,66.13,true,1,
7290012413643,false,תה ירוק קמומיל,תה ויסוצקי (ישראל)בעמ,,,"י""ח",0.3750,ל 100 גרם,false,1,24.90,66.40,true,1,
7290012483011,false,"פולי סויה קפואים 1 ק""ג",ג.וילי פוד אינטרנשיונל בעמ,,,"ק""ג",1,"ק""ג",false,1,14.90,14.90,false,1,
7290012483608,false,"אורז בסגנון בסמטי מובחר 5ק""ג DAWAT",ג.וילי פוד אינטרנשיונל בעמ,,,"י""ח",5,"ק""ג",false,1,49.90,9.98,false,1,
7290012522581,false,שניצל תירס ללא גלוטן טבעול 664גרם,קבוצת אוסם סחר-שות.מוגבלת,,,"י""ח",6.64,ל 100 גרם,false,1,37.90,5.71,true,1,
7290012561405,false,בצל חצי מטוגן,קבוצת אוסם סחר-שות.מוגבלת,,,"י""ח",1.80,ל 100 גרם,false,1,11.90,6.61,false,1,
7290012576607,false,יין פרימייר אדום קברנה סוביניון/מלבק,טמפו משקאות בעמ,,,"י""ח",7.50,"ל 100 מ""ל",false,1,26.90,3.55,false,1,
7290012588242,false,"מים מינרלים 500מ""ל 1/6 כדורגל",טמפו משקאות בעמ,,,"י""ח",1.98,ליטר,false,1,12.90,5.61,true,1,
7290012588907,false,"איילנד גויאבה 300מ""ל",טמפו משקאות בעמ,,,"י""ח",3.50,"ל 100 מ""ל",false,1,5.40,1.46,false,1,
7290012588914,false,"איילנד מנגו 300מ""ל",טמפו משקאות בעמ,,,"י""ח",3.50,"ל 100 מ""ל",false,1,5.40,1.46,false,1,
7290012645020,false,"יוגורט  עיזים טבעי  500מ""ל","שטראוס גרופ ***בע""מ",,,"י""ח",5,"ל 100 מ""ל",false,1,10,2,true,1,
7290012645068,false,ישראלה גבינה מותכת מחלב עיזים 16%שומן,"שטראוס גרופ ***בע""מ",,,"י""ח",1.80,ל 100 גרם,false,1,19.90,11.06,true,1,
7290012645075,false,יוגורט עיזים בגביע 350ג,"שטראוס גרופ ***בע""מ",,,"י""ח",3.50,"ל 100 מ""ל",false,1,11.90,3.40,true,1,
7290012645112,false,"יוגורט  עיזים 750מ""ל בדלי","שטראוס גרופ ***בע""מ",,,"י""ח",7.50,"ל 100 מ""ל",false,1,17.90,2.39,true,1,
7290012645129,false,"יוגורט  כבשים 750מ""ל בדלי","שטראוס גרופ ***בע""מ",,,"י""ח",7.50,"ל 100 מ""ל",false,1,17.90,2.39,true,1,
7290012645174,false,גבינת עיזים 5% 200גר,"שטראוס גרופ ***בע""מ",,,"י""ח",2,ל 100 גרם,false,1,13.90,6.95,true,1,
7290012645280,false,"יוגורט  כבשים 150מ""ל","שטראוס גרופ ***בע""מ",,,"י""ח",1.50,"ל 100 מ""ל",false,1,5.90,3.93,true,1,
7290012645297,false,"יוגורט  עיזים טבעי  150מ""ל","שטראוס גרופ ***בע""מ",,,"י""ח",1.50,"ל 100 מ""ל",false,1,5.90,3.93,true,1,
7290012645389,false,יוגורט עיזים  טבעי 1ל בקבוק,"שטראוס גרופ ***בע""מ",,,"י""ח",1,ליטר,false,1,21.90,21.90,true,1,
7290012667497,false,צנונית,ביכורי השדה צפון 1994 ג.ד. בעמ,,,"י""ח",1,,false,1,6.90,6.90,false,1,
7290012803215,false,וופל בלגי טעם שוקולד 200גרם,דנשר (1963) בעמ,,,"י""ח",2,ל 100 גרם,false,1,10.50,5.25,false,1,
7290012803222,false,וופל בלגי טעם לימון 200גרם,דנשר (1963) בעמ,,,"י""ח",2,ל 100 גרם,false,1,10.50,5.25,false,1,
7290012803765,false,טבלאות שוקולד טוסו  מר`שוקולד מריר 100ג,דנשר (1963) בעמ,,,"י""ח",1,ל 100 גרם,false,1,9.90,9.90,false,1,
7290012823251,false,אל סבון כיף 1 ליטר יסמין,החב הדרומית לשיווק,,,"י""ח",1,ליטר,false,1,13.90,13.90,false,1,
7290012823381,false,מרכך כביסה מקסימה 1 ליטר מרוכז,החב הדרומית לשיווק,,,"י""ח",1,ליטר,false,1,17.90,17.90,false,1,
7290012823398,false,מטליות לחות לריצפה ריצפז 10 יחידות,החב הדרומית לשיווק,,,"י""ח",1,,false,1,12.90,12.90,false,1,
7290012823541,false,מטליות לחות לריצפה ריצפז 10 יחידות,החב הדרומית לשיווק,,,"י""ח",1,,false,1,12.90,12.90,false,1,
7290012823589,false,ריצפז פרש לימון 2 ליטר,החב הדרומית לשיווק,,,"י""ח",2,ליטר,false,1,19.90,9.95,false,1,
7290012823602,false,נייר טואלט סופט לבן 32 גלילים,החב הדרומית לשיווק,,,"י""ח",32,"י""ח",false,1,35.90,1.12,true,1,
7290012823657,false,"מילוי רסס כבס 750מ""ל",החב הדרומית לשיווק,,,"י""ח",7.50,"ל 100 מ""ל",false,1,9.80,1.31,false,1,
7290012823916,false,גל כביסה  מקסימה 5ל נואר,החב הדרומית לשיווק,,,"י""ח",5,ליטר,false,1,44.90,8.98,false,1,
7290012838026,false,עוגיות מלוחות עבודת יד 350גר,הלל בן הלל שיווק ומסחר,,,"י""ח",3.50,ל 100 גרם,false,1,15.90,4.54,false,1,
7290012850073,false,מחית סלט פירות   190ג,שקד תבל בעמ,,,"י""ח",1.90,"ל 100 מ""ל",false,1,5.90,3.11,true,1,
7290012864001,false,נבטי חמניה.,ביכורי השדה צפון 1994 ג.ד. בעמ,,,"י""ח",1,,false,1,9.90,9.90,false,1,
7290012881992,false,נוזל שמשות לרכב מקסוול  4ליטר,סאסאטק אגשח בעמ,,,"י""ח",4,ליטר,false,1,11.90,2.98,false,1,
7290012884986,false,"צ יפס לתנור עד 4% שומן 1.5 ק""ג",קבוצת אוסם סחר-שות.מוגבלת,,,"י""ח",1.50,"ק""ג",false,1,24.90,16.60,false,1,
7290012936852,false,קימל טחון 40 גרם,א.ל.יצור ושיווקתבלינים בעמ,,,"י""ח",0.40,ל 100 גרם,false,1,9.50,23.75,false,1,
7290012936890,false,קצח 50גר.,א.ל.יצור ושיווקתבלינים בעמ,,,"י""ח",0.50,ל 100 גרם,false,1,11.50,23,false,1,
7290012936937,false,בהרט 40 גרם.,א.ל.יצור ושיווקתבלינים בעמ,,,"י""ח",0.40,ל 100 גרם,false,1,11.50,28.75,false,1,
7290012936944,false,אגוז מוסקט טחון 40גר. צנצנת,א.ל.יצור ושיווקתבלינים בעמ,,,"י""ח",0.50,ל 100 גרם,false,1,14.50,29,false,1,
7290012938405,false,דיימונד עבה במיוחד,גורי ע.ע.ע. בעמ,,,"י""ח",1,ל 100 גרם,false,1,16.90,16.90,false,1,
7290012938580,false,"סנסודיין הלבנה עדינה 75מ""ל",גורי ע.ע.ע. בעמ,,,"י""ח",0.75,ל 100 גרם,false,1,21.90,29.20,true,1,
7290012938597,false,"סנסודיין רפיד רליף 75 מ""ל",גורי ע.ע.ע. בעמ,,,"י""ח",0.75,ל 100 גרם,false,1,25.90,34.53,true,1,
7290012938740,false,"סנסודין מנטה 75מ""ל",גורי ע.ע.ע. בעמ,,,"י""ח",1,,false,1,21.90,21.90,true,1,
7290012962165,false,כפפות משק בית איזי טאץ גודל S/M/L/XL.,אינטרסן (1996) בעמ,,,"י""ח",1,,false,1,3.70,3.70,true,1,
7290012962349,false,נובי מברשת שיניים מעוצבת לילדים,אינטרסן (1996) בעמ,,,"י""ח",1,,false,1,10,10,true,1,
7290012962561,false,קיסמי שיניים 500יח,אינטרסן (1996) בעמ,,,"י""ח",200,"י""ח",false,1,4.90,0.02,true,1,
7290012962578,false,צימרוני אוזניים עץ בקופסת פלסטיק 300יח,אינטרסן (1996) בעמ,,,"י""ח",300,"י""ח",false,1,6.90,0.02,true,1,
7290012975875,false,כוסות יהלום בנדע שווה  75יח,ח.כהן סוכנות מזון ומשקאות בע,,,"י""ח",1,,false,1,10.90,10.90,true,1,
7290012983153,false,סילאן טבעי לחיץ 400ג,תה ויסוצקי (ישראל)בעמ,,,"י""ח",4,ל 100 גרם,false,1,13.90,3.48,true,1,
7290013021014,false,קציצות אנטריקוט,"ח.י. מעדני גורמה בע""מ",,,"י""ח",8.80,ל 100 גרם,false,1,66.80,7.59,true,1,
7290013027399,false,#לחם אנג ל 100 קל,שלמה א.אנג ל בעמ,,,"י""ח",7.50,ל 100 גרם,false,1,13.90,1.85,false,1,
7290013027535,false,לחם שיפון קל 750גר`,שלמה א.אנג ל בעמ,,,"י""ח",7.50,ל 100 גרם,false,1,11.90,1.59,false,1,
7290013083661,false,מטרנה אקסטרה קר שלב 1 חסכון 700גר`,קבוצת אוסם סחר-שות.מוגבלת,,,"י""ח",7,ל 100 גרם,false,1,59.90,8.56,false,1,
7290013083678,false,מטרנה אקסטרה קר שלב 2חסכון 700גר`,קבוצת אוסם סחר-שות.מוגבלת,,,"י""ח",7,ל 100 גרם,false,1,59.90,8.56,false,1,
7290013083685,false,מטרנה אקסטרה קר שלב 3חסכון 700גר`,קבוצת אוסם סחר-שות.מוגבלת,,,"י""ח",7,ל 100 גרם,false,1,59.90,8.56,false,1,
7290013116130,false,פרכיות אורז מלא מארז חיסכון,ציון תורגמן בעמ,,,"י""ח",1,,false,1,13.90,13.90,false,1,
7290013117212,false,בורקס פילו במילוי גבינה 600 גר`מעדנות,תנובה בשר,,,"י""ח",6,ל 100 גרם,false,1,19.90,3.32,false,1,
7290013117229,false,"בורקס פילו במילוי תפו""א 600גר`",תנובה בשר,,,"י""ח",6,ל 100 גרם,false,1,19.90,3.32,false,1,
7290013117236,false,בורקס פילו פיצה 600גר`,תנובה בשר,,,"י""ח",6,ל 100 גרם,false,1,19.90,3.32,false,1,
7290013117243,false,בורקס פילו בולגרית 600גר`,תנובה בשר,,,"י""ח",6,ל 100 גרם,false,1,19.90,3.32,false,1,
7290013117410,false,בצק עלים פריך   מתוק}מעדנות{900גר,תנובה בשר,,,"י""ח",9,ל 100 גרם,false,1,22.90,2.54,false,1,
7290013117427,false,בצק עלים פריך   מלוח}מעדנות{900גר,תנובה בשר,,,"י""ח",9,ל 100 גרם,false,1,22.90,2.54,false,1,
7290013117526,false,בצק שמרים למאפים מתוקים 900גרם,תנובה בשר,,,"י""ח",9,ל 100 גרם,false,1,22.90,2.54,false,1,
7290013121035,false,לחם פשתן 500 גר`Green lite,גורי ע.ע.ע. בעמ,,,"י""ח",5,ל 100 גרם,false,1,18.90,3.78,false,1,
7290013121103,false,שליש באגט 4 400 גר`Green lite,גורי ע.ע.ע. בעמ,,,"י""ח",4,ל 100 גרם,false,1,13.90,3.48,false,1,
7290013121127,false,לחמניות מיני 420גר Green lite,גורי ע.ע.ע. בעמ,,,"י""ח",4.20,ל 100 גרם,false,1,17.90,4.26,false,1,
7290013121769,false,שליש באגט ללא סוכר Green lite 400גר,גורי ע.ע.ע. בעמ,,,"י""ח",4,ל 100 גרם,false,1,15.90,3.98,false,1,
7290013121776,false,לחם כפרי ללא סוכר 700גר Green lite,גורי ע.ע.ע. בעמ,,,"י""ח",7,ל 100 גרם,false,1,18.90,2.70,false,1,
7290013144157,false,סחלב 130ג,א.ל.יצור ושיווקתבלינים בעמ,,,"י""ח",1.30,ל 100 גרם,false,1,6.90,5.31,true,1,
7290013144171,false,תערובת עוגת שוקולד 560גר`,א.ל.יצור ושיווקתבלינים בעמ,,,"י""ח",5.60,ל 100 גרם,false,1,12.90,2.30,true,1,
7290013144188,false,תערובת בראוניס 600גר`,א.ל.יצור ושיווקתבלינים בעמ,,,"י""ח",6,ל 100 גרם,false,1,12.90,2.15,true,1,
7290013144195,false,תערובת כדורי שוקולד 500גר`,א.ל.יצור ושיווקתבלינים בעמ,,,"י""ח",5,ל 100 גרם,false,1,12.90,2.58,true,1,
7290013144201,false,תערובת פנקייק 400גר`,א.ל.יצור ושיווקתבלינים בעמ,,,"י""ח",4,ל 100 גרם,false,1,12.90,3.23,true,1,
7290013144218,false,תערובת עוגת וניל 560גר`,א.ל.יצור ושיווקתבלינים בעמ,,,"י""ח",5.60,ל 100 גרם,false,1,12.90,2.30,true,1,
7290013144232,false,פודינג וניל,א.ל.יצור ושיווקתבלינים בעמ,,,"י""ח",85,ל 100 גרם,false,1,4.90,0.06,true,1,
7290013144249,false,פודינג שוקולד מימונס,א.ל.יצור ושיווקתבלינים בעמ,,,"י""ח",1,,false,1,4.90,4.90,true,1,
7290013144317,false,ג`וני גלילית וופל למילוי,א.ל.יצור ושיווקתבלינים בעמ,,,"י""ח",1,,false,1,21.90,21.90,false,1,
7290013144393,false,תמצית וניל,א.ל.יצור ושיווקתבלינים בעמ,,,"י""ח",1,,false,1,4.90,4.90,false,1,
7290013144614,false,"סירופ מייפל אמיתי 100% 236מ""ל מימונס",א.ל.יצור ושיווקתבלינים בעמ,,,"י""ח",2.36,"ל 100 מ""ל",false,1,29.90,12.67,false,1,
7290013144751,false,"סירופ בטעם מייפל 500מ""ל מימונס",א.ל.יצור ושיווקתבלינים בעמ,,,"י""ח",5,"ל 100 מ""ל",false,1,10.90,2.18,true,1,
7290013144768,false,"סירופ בטעם שוקולד 500מ""ל מימונס",א.ל.יצור ושיווקתבלינים בעמ,,,"י""ח",5,"ל 100 מ""ל",false,1,10.90,2.18,true,1,
7290013144805,false,אייס קפה לייט 250גר מימונס.,א.ל.יצור ושיווקתבלינים בעמ,,,"י""ח",2.50,ל 100 גרם,false,1,17.90,7.16,true,1,
7290013144812,false,אייס קפה בטעם וניל 320גר מימונס.,א.ל.יצור ושיווקתבלינים בעמ,,,"י""ח",3.20,ל 100 גרם,false,1,15.90,4.97,true,1,
7290013144911,false,מיקסשוקולד צ`יפס מריר וחלב 250גר`,א.ל.יצור ושיווקתבלינים בעמ,,,"י""ח",2.50,"ל 100 מ""ל",false,1,12.90,5.16,true,1,
7290013144980,false,תרסיס שמן קנולה 170גר מימונס,א.ל.יצור ושיווקתבלינים בעמ,,,"י""ח",1.70,"ל 100 מ""ל",false,1,15.90,9.35,false,1,
7290013145017,false,אגוז מלך קלוף 100גר`,א.ל.יצור ושיווקתבלינים בעמ,,,"י""ח",1,ל 100 גרם,false,1,12.90,12.90,false,1,
7290013145024,false,אגוז מלך טחון 100 גר`מימונס,א.ל.יצור ושיווקתבלינים בעמ,,,"י""ח",1,ל 100 גרם,false,1,12.90,12.90,false,1,
7290013145048,false,צנוברים 100 גר`מימונס,א.ל.יצור ושיווקתבלינים בעמ,,,"י""ח",1,ל 100 גרם,false,1,26.90,26.90,false,1,
7290013145062,false,"סירופ מייפל אמיתי 100% 187מ""ל מימונס",א.ל.יצור ושיווקתבלינים בעמ,,,"י""ח",1.87,"ל 100 מ""ל",false,1,19.90,10.64,false,1,
7290013145079,false,שקד טבעי גרוס 100גר`,א.ל.יצור ושיווקתבלינים בעמ,,,"י""ח",1,ל 100 גרם,false,1,12.90,12.90,true,1,
7290013145093,false,שקד מולבן גרוס 100גר`,א.ל.יצור ושיווקתבלינים בעמ,,,"י""ח",1,ל 100 גרם,false,1,12.90,12.90,true,1,
7290013145109,false,שקד מולבן טחון 100 גר`מימונס,א.ל.יצור ושיווקתבלינים בעמ,,,"י""ח",1,ל 100 גרם,false,1,12.90,12.90,true,1,
7290013145116,false,שקד מולבן מקלות 100גר`,א.ל.יצור ושיווקתבלינים בעמ,,,"י""ח",1,ל 100 גרם,false,1,12.90,12.90,true,1,
7290013145130,false,שקד מולבן חצוי 100גר,א.ל.יצור ושיווקתבלינים בעמ,,,"י""ח",1,ל 100 גרם,false,1,12.90,12.90,true,1,
7290013145178,false,קוקוס טחון לבן 100 גר`מימונס,א.ל.יצור ושיווקתבלינים בעמ,,,"י""ח",1,ל 100 גרם,false,1,4.60,4.60,false,1,
7290013145192,false,שומשום 100 גר`מימונס,א.ל.יצור ושיווקתבלינים בעמ,,,"י""ח",1,ל 100 גרם,false,1,4.60,4.60,false,1,
7290013145215,false,שומשום 400גר` מימונס,א.ל.יצור ושיווקתבלינים בעמ,,,"י""ח",4,ל 100 גרם,false,1,14.90,3.73,false,1,
7290013145246,false,גרעין חמניה מקולף 100ג,א.ל.יצור ושיווקתבלינים בעמ,,,"י""ח",0.50,ל 100 גרם,false,1,5.50,11,false,1,
7290013145277,false,עלים לקרמשניט 300ג,א.ל.יצור ושיווקתבלינים בעמ,,,"י""ח",3,ל 100 גרם,false,1,16.90,5.63,true,1,
7290013145390,false,שוקולד צ`יפס 250 גר`מימונס,א.ל.יצור ושיווקתבלינים בעמ,,,"י""ח",2.50,ל 100 גרם,false,1,9.30,3.72,false,1,
7290013145406,false,שוקולד צ`יפס לבן 250 גר`מימונס,א.ל.יצור ושיווקתבלינים בעמ,,,"י""ח",2.50,"ל 100 מ""ל",false,1,9.90,3.96,false,1,
7290013145437,false,שוקולד ציפס  אמיתי 48% 250ג מימונס,א.ל.יצור ושיווקתבלינים בעמ,,,"י""ח",2.50,ל 100 גרם,false,1,13.90,5.56,false,1,
7290013145444,false,שוקולד צ`יפס 66% מימונס 250 ג,א.ל.יצור ושיווקתבלינים בעמ,,,"י""ח",2.50,"ל 100 מ""ל",false,1,15.90,6.36,false,1,
7290013145529,false,סוכריות צבעונית לקישוט 90גר`,א.ל.יצור ושיווקתבלינים בעמ,,,"י""ח",1,,false,1,5.90,5.90,false,1,
7290013145536,false,סוכריות בטעם שוקולד לקישוט 90גר`.,א.ל.יצור ושיווקתבלינים בעמ,,,"י""ח",1,,false,1,5.90,5.90,false,1,
7290013145628,false,סוכריות צבעוניות 200גר,א.ל.יצור ושיווקתבלינים בעמ,,,"י""ח",4,ל 100 גרם,false,1,8.90,2.23,false,1,
7290013145796,false,"רביעיית צבע מאכל ג`ל 25מ""ל*4",א.ל.יצור ושיווקתבלינים בעמ,,,"י""ח",1,"ל 100 מ""ל",false,1,45,45,true,1,
7290013145826,false,פודינג וניל לבן במיוחד 80גר,א.ל.יצור ושיווקתבלינים בעמ,,,"י""ח",0.80,ל 100 גרם,false,1,4.90,6.13,true,1,
7290013145833,false,פודינג שוקולד אמיתי 80גר,א.ל.יצור ושיווקתבלינים בעמ,,,"י""ח",0.80,ל 100 גרם,false,1,4.90,6.13,true,1,
7290013145840,false,סוכר וניל מימונס 10יח בצלופן,א.ל.יצור ושיווקתבלינים בעמ,,,"י""ח",10,"י""ח",false,1,2.30,0.23,false,1,
7290013145857,false,אבקת אפיה  מימונס 10יח בצלופן,א.ל.יצור ושיווקתבלינים בעמ,,,"י""ח",10,"י""ח",false,1,2.50,0.25,false,1,
7290013145901,false,סודה לשתיה 100גר`,א.ל.יצור ושיווקתבלינים בעמ,,,"י""ח",1,ל 100 גרם,false,1,1.90,1.90,false,1,
7290013145918,false,אבקת סוכר 100 גר`מימונס,א.ל.יצור ושיווקתבלינים בעמ,,,"י""ח",1,ל 100 גרם,false,1,1.90,1.90,false,1,
7290013145956,false,שמרים יבשים בואקום 500גרם מימונס,א.ל.יצור ושיווקתבלינים בעמ,,,"י""ח",5,ל 100 גרם,false,1,13.90,2.78,false,1,
7290013145963,false,שמרים יבשים בואקום 125גרם מימונס,א.ל.יצור ושיווקתבלינים בעמ,,,"י""ח",1.25,ל 100 גרם,false,1,5.90,4.72,false,1,
7290013145970,false,קורנפלור מימונס 200גר`,א.ל.יצור ושיווקתבלינים בעמ,,,"י""ח",1,ל 100 גרם,false,1,3.90,3.90,false,1,
7290013146199,false,קרם נוגט למילוי ואפיה 350ג,א.ל.יצור ושיווקתבלינים בעמ,,,"י""ח",3.50,ל 100 גרם,false,1,13.90,3.97,true,1,
7290013146243,false,פודינג בטעם וניל מימונס 320גר,א.ל.יצור ושיווקתבלינים בעמ,,,"י""ח",2.55,ל 100 גרם,false,1,11.90,4.67,false,1,
7290013146304,false,קורנפלור מימונס 500ג,א.ל.יצור ושיווקתבלינים בעמ,,,"י""ח",5,ל 100 גרם,false,1,6.50,1.30,false,1,
7290013146403,false,סירופ בטעם קרמל מלוח 500 גרם,א.ל.יצור ושיווקתבלינים בעמ,,,"י""ח",0.50,ל 100 גרם,false,1,16.90,33.80,false,1,
7290013146427,false,נשיקות לקישוט צבע לבן,א.ל.יצור ושיווקתבלינים בעמ,,,"י""ח",1,,false,1,12.90,12.90,true,1,
7290013146656,false,כוכבים תכלת ירוק לבן לקישוט 60גר.,א.ל.יצור ושיווקתבלינים בעמ,,,"י""ח",0.60,ל 100 גרם,false,1,11.90,19.83,false,1,
7290013146663,false,אטריות צבעוניות לקישוט 55גר.,א.ל.יצור ושיווקתבלינים בעמ,,,"י""ח",0.55,ל 100 גרם,false,1,9.90,18,true,1,
7290013146670,false,סוכריות לב סגול ורוד לבן לקישוט 60גר,א.ל.יצור ושיווקתבלינים בעמ,,,"י""ח",0.60,ל 100 גרם,false,1,9.90,16.50,true,1,
7290013146724,false,אייס קפה 350גר מימונס.,א.ל.יצור ושיווקתבלינים בעמ,,,"י""ח",3.50,ל 100 גרם,false,1,15.90,4.54,true,1,
7290013146755,false,"קצפת מעולה 24% שומן 500מ""ל",קפוא זן תעשיות מזון בעמ,,,"י""ח",5,"ל 100 מ""ל",false,1,13.90,2.78,true,1,
7290013146762,false,"קצפת לזילוף 24% שומן 200מ""ל מימונס",קפוא זן תעשיות מזון בעמ,,,"י""ח",2,"ל 100 מ""ל",false,1,6.90,3.45,false,1,
7290013146816,false,אבקת סוכר שקית 500ג.,א.ל.יצור ושיווקתבלינים בעמ,,,"י""ח",2,ל 100 גרם,false,1,7.20,3.60,false,1,
7290013146854,false,קוקוס לבן 400ג מימונס,א.ל.יצור ושיווקתבלינים בעמ,,,"י""ח",1,,false,1,14.90,14.90,false,1,
7290013153418,false,מיץ סחוט טרי 1ל לימונענע פרי גת,*החברה המרכזית להפצת משקאותבעמ,,,"י""ח",1,ליטר,false,1,14.90,14.90,true,1,
7290013153593,false,תפוזים מתקתק 100% 1ל,*החברה המרכזית להפצת משקאותבעמ,,,"י""ח",1,ליטר,false,1,11.90,11.90,false,1,
7290013156822,false,עוגיות רייף 350ג גאקובס,הלל בן הלל שיווק ומסחר,,,"י""ח",3.50,ל 100 גרם,false,1,16.90,4.83,false,1,
7290013156921,false,אצבעות מתוקות   350ג גאקובס,הלל בן הלל שיווק ומסחר,,,"י""ח",3.50,ל 100 גרם,false,1,16.90,4.83,false,1,
7290013220042,false,מיקס טרופי קפוא 500גר,"א.מ.שרון שיווק (2014) בע""מ",,,"י""ח",5,ל 100 גרם,false,1,24.90,4.98,true,1,
7290013220103,false,דובדבן  קפוא 500גר,"א.מ.שרון שיווק (2014) בע""מ",,,"י""ח",5,ל 100 גרם,false,1,24.90,4.98,true,1,
7290013220134,false,מיקס פירות שדה קפוא 500גר,"א.מ.שרון שיווק (2014) בע""מ",,,"י""ח",5,ל 100 גרם,false,1,24.90,4.98,true,1,
7290013220318,false,חמוציות גן קפוא 500גר,"א.מ.שרון שיווק (2014) בע""מ",,,"י""ח",5,ל 100 גרם,false,1,24.90,4.98,true,1,
7290013220899,false,תות שדה  קפוא 500גר,"א.מ.שרון שיווק (2014) בע""מ",,,"י""ח",5,ל 100 גרם,false,1,24.90,4.98,true,1,
7290013220929,false,אוכמנית קפוא 400גר,"א.מ.שרון שיווק (2014) בע""מ",,,"י""ח",4,ל 100 גרם,false,1,24.90,6.23,true,1,
7290013221001,false,אננס קפוא,"א.מ.שרון שיווק (2014) בע""מ",,,"י""ח",5,ל 100 גרם,false,1,24.90,4.98,true,1,
7290013221018,false,מנגו קפוא,"א.מ.שרון שיווק (2014) בע""מ",,,"י""ח",5,ל 100 גרם,false,1,24.90,4.98,true,1,
7290013225320,false,וילון אמבט 180*180,אושר א.א. יבוא ושיווק כלי בית,,,"י""ח",1,,false,1,39.90,39.90,false,1,
7290013268020,false,מרכך כביסה מקסימה 1 ליטר א.פרש,החב הדרומית לשיווק,,,"י""ח",1,ליטר,false,1,17.90,17.90,false,1,
7290013268037,false,מרכך כביסה מקסימה 1 ליטר מרוכז,החב הדרומית לשיווק,,,"י""ח",1,ליטר,false,1,17.90,17.90,false,1,
7290013268242,false,ריצפז פרש הום  2ל לרצפה מלון מפנק,החב הדרומית לשיווק,,,"י""ח",1.45,ליטר,false,1,19.80,13.66,false,1,
7290013268372,false,פוליויקס פרקט 2 ליטר בתוספת שמן ארגן,החב הדרומית לשיווק,,,"י""ח",2,ליטר,false,1,19.90,9.95,false,1,
7290013268464,false,"קרמה קרם גוף מאסק 500מ""ל",החב הדרומית לשיווק,,,"י""ח",5,"ל 100 מ""ל",false,1,24.90,4.98,false,1,
7290013268884,false,ריצפז פרש מאסק 2 ליטר,החב הדרומית לשיווק,,,"י""ח",2,ליטר,false,1,19.90,9.95,false,1,
7290013268891,false,"סנו אוקסיגן  ג""ל 3ליטר",החב הדרומית לשיווק,,,"י""ח",3,ליטר,false,1,28.90,9.63,false,1,
7290013268907,false,סנו ג ל כביסה 3ליטר ביו,החב הדרומית לשיווק,,,"י""ח",3,ליטר,false,1,28.90,9.63,false,1,
7290013268938,false,סנו בון שלישייה MUSK,החב הדרומית לשיווק,,,"י""ח",1.65,ל 100 גרם,false,1,11.90,7.21,false,1,
7290013268983,false,מרכך מקסימה סופר מרוכז MOMENTS 1 ליטר,החב הדרומית לשיווק,,,"י""ח",1,ליטר,false,1,17.90,17.90,false,1,
7290013268990,false,מרכך כביסה ביו מקסימה 1 ליטר מרוכז,החב הדרומית לשיווק,,,"י""ח",1,ליטר,false,1,17.90,17.90,false,1,
7290013269003,false,מרכך כביסה בייבי מקסימה 1 ליטר מרוכז,החב הדרומית לשיווק,,,"י""ח",1,ליטר,false,1,17.90,17.90,false,1,
7290013269157,false,תרסיס מקסימה סגול למייבש כביסה לבנדר,החב הדרומית לשיווק,,,"י""ח",7.50,"ל 100 מ""ל",false,1,17.90,2.39,true,1,
7290013269263,false,סנו ג ל כביסה 3ליטר קריסטל,החב הדרומית לשיווק,,,"י""ח",3,ליטר,false,1,28.90,9.63,false,1,
7290013269287,false,סנו ג ל כביסה 3ליטר ביו,החב הדרומית לשיווק,,,"י""ח",3,ליטר,false,1,28.90,9.63,false,1,
7290013269300,false,ניילון נצמד +150מטר סנו,החב הדרומית לשיווק,,,"י""ח",1,,false,1,23.90,23.90,false,1,
7290013269621,false,ריצפז פרש הום  2ל לרצפה מלון בוטיק,החב הדרומית לשיווק,,,"י""ח",1.45,ליטר,false,1,19.80,13.66,false,1,
7290013269638,false,ספוג הפלא אקסטרה 6 יחידות,החב הדרומית לשיווק,,,"י""ח",1,,false,1,10.90,10.90,false,1,
7290013269645,false,מטליות לחות לרצפה מאסק 10 יחידות,החב הדרומית לשיווק,,,"י""ח",1,,false,1,12.90,12.90,false,1,
7290013269652,false,פוליווקס 2 ל  גרניט פורצל,החב הדרומית לשיווק,,,"י""ח",2,ליטר,false,1,16.90,8.45,true,1,
7290013269669,false,ריצפז פנטזיה  3 ליטר,החב הדרומית לשיווק,,,"י""ח",3,ליטר,false,1,11.70,3.90,false,1,
7290013269690,false,סנובון ג ל אסלה לימון,החב הדרומית לשיווק,,,"י""ח",0.65,"ל 100 מ""ל",false,1,5.90,9.08,false,1,
7290013269751,false,מטליות לחות לרצפה מלון בוטיק  10 יחידו,החב הדרומית לשיווק,,,"י""ח",1,,false,1,12.90,12.90,false,1,
7290013269867,false,זוג מפות אירוח,החב הדרומית לשיווק,,,"י""ח",1,,false,1,9.90,9.90,false,1,
7290013276117,false,"בירה נגב אואזיס  330מ""ל",הכרם משקאות חריפים בעמ,,,"י""ח",3.30,"ל 100 מ""ל",false,1,13.20,3.91,true,1,
7290013284310,false,רוטב פסטה 240גר פריניר,ח.כהן סוכנות מזון ומשקאות בע,,,"י""ח",0.70,ל 100 גרם,false,1,5.90,8.43,false,1,
7290013284662,false,רוטב פיצה  240גר פריניר,ח.כהן סוכנות מזון ומשקאות בע,,,"י""ח",0.70,ל 100 גרם,false,1,5.90,8.43,false,1,
7290013302656,false,פילה סרדין בשמן זית פלפל חריף טעים,טעמן שווק מזון,,,"י""ח",1.25,ל 100 גרם,false,1,7.80,6.24,true,1,
7290013302663,false,פילה סרדין בשמן זית טעים,טעמן שווק מזון,,,"י""ח",1.25,ל 100 גרם,false,1,7.80,6.24,true,1,
7290013310064,false,חוט דנטאלי רפואי עם מנטה הוסטס,אינטרסן (1996) בעמ,,,"י""ח",1,,false,1,6.10,6.10,false,1,
7290013310101,false,שיפודי במבוק ג`מבו 50יח,אינטרסן (1996) בעמ,,,"י""ח",1,,false,1,4.10,4.10,false,1,
7290013310118,false,ממחטות כיס שישייה,אינטרסן (1996) בעמ,,,"י""ח",1,,false,1,3.90,3.90,true,1,
7290013310163,false,מדליק פחמים מוצק 40יח,אינטרסן (1996) בעמ,,,"י""ח",40,"י""ח",false,1,6.50,0.16,false,1,
7290013310279,false,נובי כפית ארוכה וצבעונית 3 יח,אינטרסן (1996) בעמ,,,"י""ח",3,"י""ח",false,1,20,6.67,true,1,
7290013310385,false,כפפות ניטריל   80יח M EASY TOUCH,אינטרסן (1996) בעמ,,,"י""ח",80,"י""ח",false,1,28,0.35,true,1,
7290013310392,false,כפפות ניטריל 80יח L EASY TOUCH,אינטרסן (1996) בעמ,,,"י""ח",80,"י""ח",false,1,28,0.35,true,1,
7290013310477,false,"שיפודי במבוק ג`מבו שטוחים 40 ס""מ 25 יח",אינטרסן (1996) בעמ,,,"י""ח",25,"י""ח",false,1,7.10,0.28,false,1,
7290013310934,false,נובי צלחת האכלה מחולקת,אינטרסן (1996) בעמ,,,"י""ח",1,,false,1,19.90,19.90,false,1,
7290013358356,false,פירורי לחם מוזהבים 320גרם מאסטרשף,ש.שסטוביץ בעמ,,,"י""ח",3.20,ל 100 גרם,false,1,6.90,2.16,false,1,
7290013358363,false,פירורי לחם יפני פנקו מוזהבים 300גרם,ש.שסטוביץ בעמ,,,"י""ח",3,ל 100 גרם,false,1,9.90,3.30,false,1,
7290013358370,false,פירורי לחם יפני פנקו מוזהבים טעם שום 3,ש.שסטוביץ בעמ,,,"י""ח",3,ל 100 גרם,false,1,9.90,3.30,false,1,
7290013358417,false,"רוטב טריאקי 300מ""ל",ש.שסטוביץ בעמ,,,"י""ח",3,"ל 100 מ""ל",false,1,9.90,3.30,false,1,
7290013358431,false,קרוטונים לסלט בתיבול עגבניות ובזיליקום,ש.שסטוביץ בעמ,,,"י""ח",2,ל 100 גרם,false,1,11.90,5.95,true,1,
7290013358448,false,קרוטונים לסלט 4דגנים 200גר מאסטר שף,ש.שסטוביץ בעמ,,,"י""ח",2,ל 100 גרם,false,1,11.90,5.95,true,1,
7290013358493,false,"קרם קוקוס פחית  400מ""ל",ש.שסטוביץ בעמ,,,"י""ח",4,"ל 100 מ""ל",false,1,9.90,2.48,false,1,
7290013358509,false,מיקסלט 150ג מאסטר שף,ש.שסטוביץ בעמ,,,"י""ח",1.50,ל 100 גרם,false,1,14.90,9.93,false,1,
7290013358516,false,מיקסלט 150ג מאסטר שף עם חמוציות,ש.שסטוביץ בעמ,,,"י""ח",1.50,ל 100 גרם,false,1,14.90,9.93,false,1,
7290013358523,false,שבבי בצל מטוגן 150ג מאסטר שף,ש.שסטוביץ בעמ,,,"י""ח",1.50,ל 100 גרם,false,1,13.90,9.27,false,1,
7290013358530,false,"רוטב צ`ילי מתוק  700מ""ל מאסטר שף",ש.שסטוביץ בעמ,,,"י""ח",7,"ל 100 מ""ל",false,1,11.90,1.70,false,1,
7290013358547,false,"רוטב צ`ילי חריף  700מ""ל",ש.שסטוביץ בעמ,,,"י""ח",7,"ל 100 מ""ל",false,1,11.90,1.70,false,1,
7290013358578,false,איטריות אורז רחבות 5ממ 400גר,ש.שסטוביץ בעמ,,,"י""ח",4,ל 100 גרם,false,1,8.90,2.23,false,1,
7290013361981,false,"צ`פס 2ק""ג פרי גליל",ויטה- פרי גליל (החדשה) בעמ,,,"י""ח",2,"ק""ג",false,1,21.90,10.95,false,1,
7290013361998,false,"סטייק צ`פס 2ק""ג פרי גליל",ויטה- פרי גליל (החדשה) בעמ,,,"י""ח",2,"ק""ג",false,1,21.90,10.95,false,1,
7290013412409,false,נועם ספוגית 15 פרי,שקד תבל בעמ,,,"י""ח",15,"י""ח",false,1,8.90,0.59,true,1,
7290013412966,false,מגבונים  טולי מארז 4 יחידות,שקד תבל בעמ,,,"י""ח",4,"י""ח",false,1,12.90,3.23,true,1,
7290013430083,false,"בירה אלכסנדר בלונד 330מ""ל",אגודת הכורמים -כרמל מזרחי,,,"י""ח",3.30,"ל 100 מ""ל",false,1,12.90,3.82,true,1,
7290013472199,false,ערמונים 100גרם ויליפוד,ג.וילי פוד אינטרנשיונל בעמ,,,"י""ח",1,ל 100 גרם,false,1,5.90,5.90,true,1,
7290013492005,false,"תפו""א ננסי  למיקרו שמיטה",ביכורי השדה צפון 1994 ג.ד. בעמ,,,"י""ח",1,,false,1,8.90,8.90,true,1,
7290013531117,false,"רוטב פסטה קיד  240ג בד""ץ",זנלכל בעמ,,,"י""ח",2.40,ל 100 גרם,false,1,5.50,2.29,false,1,
7290013531346,false,סירופ דיאט לימונענע 1 ליטר,זנלכל בעמ,,,"י""ח",1,ליטר,false,1,18.90,18.90,false,1,
7290013531582,false,שלישייה זיתים חרוזית יכין 3*200גר,זנלכל בעמ,,,"י""ח",6,ל 100 גרם,false,1,14.90,2.48,false,1,
7290013531612,false,רוטב נפוליטנה 240 גר`פלסטיק.,זנלכל בעמ,,,"י""ח",2.40,ל 100 גרם,false,1,5.50,2.29,false,1,
7290013531759,false,שעועית  אפויה במים,זנלכל בעמ,,,"י""ח",6,ל 100 גרם,false,1,9.90,1.65,false,1,
7290013534057,false,"צ`יפס בטטה טבעי 100גרם כשל""פ",מיה תעשיות מזון מ.ת.מ בעמ,,,"י""ח",1,ל 100 גרם,false,1,7.90,7.90,false,1,
7290013585233,false,"פחית ספרייט ZERO  סליק 330מ""ל",חברה המרכזית להפצת משקאות בעמ,,,"י""ח",3.30,"ל 100 מ""ל",false,1,4.50,1.27,true,1,
7290013585387,false,קוקה קולה 1ליטר ZERO,חברה המרכזית להפצת משקאות בעמ,,,"י""ח",1,ליטר,false,1,7.10,7.10,false,1,
7290013585394,false,קוקה קולה 1ליטר,חברה המרכזית להפצת משקאות בעמ,,,"י""ח",1,ליטר,false,1,7.10,7.10,false,1,
7290013608260,false,פרימור מיץ רימון  100% 1ליטר,"שטראוס גרופ ***בע""מ",,,"י""ח",1,ליטר,false,1,21.50,21.50,true,1,
7290013652164,false,מגבונים להסרת איפור 30יח,"פישר תעשיות פרמבצטיות בע""מ",,,"י""ח",1,,false,1,24.90,24.90,false,1,
7290013652843,false,שמפו ורדים וחלב רימונים לשיער רגיל700,"פישר תעשיות פרמבצטיות בע""מ",,,"י""ח",7,"ל 100 מ""ל",false,1,14.90,2.13,true,1,
7290013652850,false,שמפו חינה ושמן ארגאן לשיער יבש 700,"פישר תעשיות פרמבצטיות בע""מ",,,"י""ח",7,"ל 100 מ""ל",false,1,14.90,2.13,true,1,
7290013652874,false,מרכך לשיער רגיל ורדים וחלב רימונים,"פישר תעשיות פרמבצטיות בע""מ",,,"י""ח",7,"ל 100 מ""ל",false,1,14.90,2.13,true,1,
7290013677259,false,זעתר 50 גר`שקית,מיה תעשיות מזון מ.ת.מ בעמ,,,"י""ח",0.50,ל 100 גרם,false,1,5.50,11,false,1,
7290013677266,false,תבלין לפיצה  80 גר`שקית,מיה תעשיות מזון מ.ת.מ בעמ,,,"י""ח",0.80,ל 100 גרם,false,1,3.90,4.88,false,1,
7290013677297,false,אבקת בצל 80 גר`שקית,מיה תעשיות מזון מ.ת.מ בעמ,,,"י""ח",0.80,ל 100 גרם,false,1,3.90,4.88,false,1,
7290013677303,false,חוויג תימני 50 גר`שקית,מיה תעשיות מזון מ.ת.מ בעמ,,,"י""ח",0.50,ל 100 גרם,false,1,5.50,11,false,1,
7290013677310,false,גריל בשר 80 גר`שקית,מיה תעשיות מזון מ.ת.מ בעמ,,,"י""ח",0.80,ל 100 גרם,false,1,5.50,6.88,false,1,
7290013677327,false,אבקת קארי 80 גר`שקית,מיה תעשיות מזון מ.ת.מ בעמ,,,"י""ח",0.80,ל 100 גרם,false,1,5.50,6.88,false,1,
7290013677334,false,תבלין על האש 50 גר`שקית,מיה תעשיות מזון מ.ת.מ בעמ,,,"י""ח",0.50,ל 100 גרם,false,1,5.50,11,false,1,
7290013677563,false,קינואה אדומה  500 גרם,מיה תעשיות מזון מ.ת.מ בעמ,,,"י""ח",5,ל 100 גרם,false,1,19.90,3.98,true,1,
7290013677648,false,שמן זית למאור1   ליטר מיה,מיה תעשיות מזון מ.ת.מ בעמ,,,"י""ח",1,"ל 100 מ""ל",false,1,18.90,18.90,false,1,
7290013677655,false,סודה לשתיה 600גרם,מיה תעשיות מזון מ.ת.מ בעמ,,,"י""ח",6,ל 100 גרם,false,1,23.70,3.95,false,1,
7290013677662,false,מלח לימון 300גרם,מיה תעשיות מזון מ.ת.מ בעמ,,,"י""ח",3,"ל 100 מ""ל",false,1,26.70,8.90,false,1,
7290013677679,false,סודה לשתיה 80גרם שקית,מיה תעשיות מזון מ.ת.מ בעמ,,,"י""ח",0.80,ל 100 גרם,false,1,4.70,5.88,false,1,
7290013677686,false,פפריקה מרוקאית בשקית 80 ג`,מיה תעשיות מזון מ.ת.מ בעמ,,,"י""ח",1,,false,1,5.30,5.30,false,1,
7290013677693,false,פלפל שחור גרוס בשקית,מיה תעשיות מזון מ.ת.מ בעמ,,,"י""ח",1,,false,1,9.40,9.40,false,1,
7290013677747,false,שוקו בשקית,מיה תעשיות מזון מ.ת.מ בעמ,,,"י""ח",1,,false,1,6.90,6.90,false,1,
7290013702036,false,"שוופס 500מ""ל טעם אפרסק",יפאורה שותפות מוגבלת לשיווק,,,"י""ח",5,"ל 100 מ""ל",false,1,4.50,0.84,true,1,
7290013702050,false,שוופס ווטר ענבים 0.5ל,יפאורה שותפות מוגבלת לשיווק,,,"י""ח",5,"ל 100 מ""ל",false,1,4.50,0.84,true,1,
7290013702298,false,טאצ`אשפתון עבה 50יח בגליל 90*77.,שניב תעשיות נייר בעמ,,,"י""ח",50,"י""ח",false,1,16.90,0.34,true,1,
7290013702388,false,"שוופס 500מ""ל טעם תפוח",יפאורה שותפות מוגבלת לשיווק,,,"י""ח",5,"ל 100 מ""ל",false,1,4.50,0.84,true,1,
7290013702883,false,שוופס לימונייד 0.5ל פינק,יפאורה שותפות מוגבלת לשיווק,,,"י""ח",5,"ל 100 מ""ל",false,1,4.50,0.84,true,1,
7290013713001,false,"ג מס בקבוק Amber ale  330מ""ל",אגודת הכורמים -כרמל מזרחי,,,"י""ח",3.30,"ל 100 מ""ל",false,1,12.90,3.82,true,1,
7290013713049,false,"ג מס בקבוק 330מ""ל 5% אלכוהול",אגודת הכורמים -כרמל מזרחי,,,"י""ח",3.30,"ל 100 מ""ל",false,1,12.90,3.82,true,1,
7290013725691,false,"רוטב סויה 300מ""ל",*347340,,,"י""ח",3,"ל 100 מ""ל",false,1,7.90,2.63,false,1,
7290013787392,false,רביולי גבינות קלאסי 330ג.,"תנובה בע""מ ***",,,"י""ח",3.30,ל 100 גרם,false,1,27.20,8.24,false,1,
7290013847119,false,טונה סטארקיסט רביעייה בשמן קנולה4*160,דיפלומט בעמ,,,"י""ח",5.60,ל 100 גרם,false,1,24.90,4.45,true,1,
7290013847454,false,סטארקיסט רביעייה בשמן קנולה 160ג,דיפלומט בעמ,,,"י""ח",1,,false,1,24.90,24.90,true,1,
7290013847867,false,טונה סטארקיסט בשמן סויה 140גר(זוג),דיפלומט בעמ,,,"י""ח",2.80,ל 100 גרם,false,1,11.90,4.25,true,1,
7290013848345,false,מטליות חיטוי וניקוי יסודי 99.9% 1/3 סנ,החב הדרומית לשיווק,,,"י""ח",3,"י""ח",false,1,24.90,8.30,false,1,
7290013848581,false,מגבת נייר סנו גליל ענק,החב הדרומית לשיווק,,,"י""ח",1,"י""ח",false,1,12.90,12.90,false,1,
7290013848611,false,רדיד אלומיניום 61 מטר,החב הדרומית לשיווק,,,"י""ח",1,,false,1,39.90,39.90,false,1,
7290013848758,false,ג`ל כביסה מקסימה  בייבי 3ליטר,החב הדרומית לשיווק,,,"י""ח",3,ליטר,false,1,32.80,10.93,false,1,
7290013906052,false,נקניקיות פרגיות 300גרם,תנובה בשר,,,"י""ח",3,ל 100 גרם,false,1,10.90,3.63,false,1,
7290013927026,false,דקליות רגיל 400 גרם אחווה,"אחדות בע""מ",,,"י""ח",4,ל 100 גרם,false,1,10.90,2.73,false,1,
7290013927057,false,עוגיות שוקולד צ`יפס 400 גרם אחוה,"אחדות בע""מ",,,"י""ח",4,ל 100 גרם,false,1,10.90,2.73,false,1,
7290013927064,false,עוגיות שיבולת שועל אחווה 400גרם,"אחדות בע""מ",,,"י""ח",4,ל 100 גרם,false,1,10.90,2.73,false,1,
7290013927637,false,חלוה ללא ת.סוכר 400ג מגש,"אחדות בע""מ",,,"י""ח",4,ל 100 גרם,false,1,12.90,3.23,false,1,
7290013927644,false,עוגיות כתר טעם תות 400ג,"אחדות בע""מ",,,"י""ח",4,ל 100 גרם,false,1,10.90,2.73,false,1,
7290013927804,false,"טחינה  אחווה  משומשום מלא 1 ק""ג","אחדות בע""מ",,,"י""ח",1,"ק""ג",false,1,21.90,21.90,false,1,
7290013927989,false,מאפין ממולא קרמל 50 ג,"אחדות בע""מ",,,"י""ח",4,ל 100 גרם,false,1,1.50,0.38,true,1,
7290013927996,false,עוגת שמרים קראנץ טעם שוקולד  (400 אחוה),"אחדות בע""מ",,,"י""ח",4,ל 100 גרם,false,1,10.90,2.73,false,1,
7290013971555,false,סוללות 12יח מעורב פוגיקום,פוגיקום בעמ,,,"י""ח",1,,false,1,19.90,19.90,true,1,
7290014002135,false,תה ירוק מיקס,תה ויסוצקי (ישראל)בעמ,,,"י""ח",0.3750,ל 100 גרם,false,1,24.90,66.40,true,1,
7290014002197,false,חליטת  קמומיל ולימונית גן קסום,תה ויסוצקי (ישראל)בעמ,,,"י""ח",0.3750,ל 100 גרם,false,1,17.90,47.73,true,1,
7290014002203,false,חליטת  לימונית ולואיזה גן קסום 25 יח,תה ויסוצקי (ישראל)בעמ,,,"י""ח",0.3750,ל 100 גרם,false,1,17.90,47.73,true,1,
7290014002470,false,תה ויסוצקי 1.5/75 קלאסיק.,תה ויסוצקי (ישראל)בעמ,,,"י""ח",75,"י""ח",false,1,12.90,0.17,false,1,
7290014002944,false,גן הקסום חליטת  חמדת שקד 25שק,תה ויסוצקי (ישראל)בעמ,,,"י""ח",1,,false,1,17.90,17.90,true,1,
7290014002982,false,תה ירוק לימונית לואיזה בתוספת עלי סטיב,תה ויסוצקי (ישראל)בעמ,,,"י""ח",1,,false,1,24.80,24.80,true,1,
7290014046016,false,פסטרמה של פעם 100% חומרים טבעיים 250גר,מעדני יחיעם 1993 בעמ,,,"י""ח",2.50,ל 100 גרם,false,1,26.90,10.76,false,1,
7290014046047,false,צמד פסטרמות 600ג,מעדני יחיעם 1993 בעמ,,,"י""ח",6,ל 100 גרם,false,1,24.90,4.15,false,1,
7290014046474,false,"נקניקיות עוף 1.5ק""ג יחיעם",מעדני יחיעם 1993 בעמ,,,"י""ח",1.50,"ק""ג",false,1,26.90,17.93,true,1,
7290014046580,false,פסטרמה מעודנת על גחלים 300 גרם,מעדני יחיעם 1993 בעמ,,,"י""ח",3,ל 100 גרם,false,1,19.90,6.63,false,1,
7290014046757,false,סלמי תה 300ג סד. שרולה,מעדני יחיעם 1993 בעמ,,,"י""ח",3,ל 100 גרם,false,1,19.90,6.63,false,1,
7290014059085,false,"סנסודיין לשיקום והגנה 75מ""ל",גורי ע.ע.ע. בעמ,,,"י""ח",0.75,"ל 100 מ""ל",false,1,25.90,34.53,true,1,
7290014066526,false,קפסולות קפה לנדוור תערובת הבית 10יח,ש.שסטוביץ בעמ,,,"י""ח",10,"י""ח",false,1,16.90,1.69,false,1,
7290014083165,false,ניוקי 500 גר`וויליפוד,ג.וילי פוד אינטרנשיונל בעמ,,,"י""ח",5,ל 100 גרם,false,1,8.10,1.62,false,1,
7290014083479,false,גבינת גאודה פרוסה 28% שומן 150גר,ג.וילי פוד אינטרנשיונל בעמ,,,"י""ח",1.50,ל 100 גרם,false,1,9.90,6.60,false,1,
7290014083806,false,עוגיות דניות 350 גרם בפח,ג.וילי פוד אינטרנשיונל בעמ,,,"י""ח",3.50,ל 100 גרם,false,1,11.10,3.17,false,1,
7290014094338,false,דלעת מקולפת 200גר בקופסא,*347340,,,"י""ח",2,ל 100 גרם,false,1,17.90,8.95,false,1,
7290014094543,false,"תרסיס שמן קנולה 186 מ""ל",*347340,,,"י""ח",2.50,"ל 100 מ""ל",false,1,13,5.20,false,1,
7290014094833,false,צימוק לבן שקית  300ג.,*347340,,,"י""ח",3,ל 100 גרם,false,1,12.90,4.30,false,1,
7290014094895,false,אגוזי מלך קלופים  150ג (דין שיווק),*347340,,,"י""ח",1.50,ל 100 גרם,false,1,12.90,8.60,false,1,
7290014094901,false,פקאן טבעי 150ג,*347340,,,"י""ח",1.50,ל 100 גרם,false,1,22.90,15.27,false,1,
7290014095861,false,שיבולת שועל דקה להכנה מהירה 500 ג`,*347340,,,"י""ח",5,ל 100 גרם,false,1,5.90,1.18,false,1,
7290014095960,false,שיבולת שועל עבה להכנה מהירה 500 ג`,*347340,,,"י""ח",5,ל 100 גרם,false,1,5.90,1.18,false,1,
7290014204003,false,"שמפו פנינה לשיער צבוע 750מ""ל","פנינה רוזנבלום  בע""מ",,,"י""ח",7.50,"ל 100 מ""ל",false,1,9,1.20,true,1,
7290014204010,false,"מרכך פנינה לשיער צבוע 750מ""ל","פנינה רוזנבלום  בע""מ",,,"י""ח",7.50,"ל 100 מ""ל",false,1,9,1.20,true,1,
7290014204027,false,"שמפו יומי 750מ""ל","פנינה רוזנבלום  בע""מ",,,"י""ח",7.50,"ל 100 מ""ל",false,1,9,1.20,true,1,
7290014204034,false,"מרכך יומי 750מ""ל","פנינה רוזנבלום  בע""מ",,,"י""ח",7.50,"ל 100 מ""ל",false,1,9,1.20,true,1,
7290014204478,false,קרם גוף פנינה 4,"פנינה רוזנבלום  בע""מ",,,"י""ח",4,"ל 100 מ""ל",false,1,21.90,5.48,true,1,
7290014204560,false,"סבון 500מ""ל שלישייה פנינה","פנינה רוזנבלום  בע""מ",,,"י""ח",0.50,ליטר,false,1,10,20,true,1,
7290014204676,false,מסכה לאחר החלקה.,"פנינה רוזנבלום  בע""מ",,,"י""ח",2,"ל 100 מ""ל",false,1,33.90,16.95,false,1,
7290014204690,false,סבון 1ל משאבה ורוד,"פנינה רוזנבלום  בע""מ",,,"י""ח",1,ליטר,false,1,13.90,13.90,false,1,
7290014205000,false,"צלחות גדולות *50 ""שווה""",ח.כהן סוכנות מזון ומשקאות בע,,,"י""ח",50,"י""ח",false,1,14.90,0.30,false,1,
7290014205024,false,קערה אובלית 25  יח`לבן,ח.כהן סוכנות מזון ומשקאות בע,,,"י""ח",30,"י""ח",false,1,5.90,0.20,true,1,
7290014205031,false,"לפתניה""שווה""לבן 25",ח.כהן סוכנות מזון ומשקאות בע,,,"י""ח",25,"י""ח",false,1,4.90,0.20,true,1,
7290014205048,false,"מרקיה""שווה""לבן 25",ח.כהן סוכנות מזון ומשקאות בע,,,"י""ח",25,ל 100 גרם,false,1,7.90,0.32,false,1,
7290014205055,false,"צלחת   עמוקה""שווה""30יח לבן",ח.כהן סוכנות מזון ומשקאות בע,,,"י""ח",30,"י""ח",false,1,14.90,0.50,false,1,
7290014205062,false,"כוסות ח""פ פלסטיק ""100שווה"".",ח.כהן סוכנות מזון ומשקאות בע,,,"י""ח",100,"י""ח",false,1,8.90,0.09,false,1,
7290014205093,false,דבש  350ג שווה,ח.כהן סוכנות מזון ומשקאות בע,,,"י""ח",3.50,ל 100 גרם,false,1,18.90,5.40,false,1,
7290014205116,false,כוסות שקוף שמש 140יח שווה,ח.כהן סוכנות מזון ומשקאות בע,,,"י""ח",140,"י""ח",false,1,16.90,0.12,false,1,
7290014205123,false,"צלחות 1ק""ג שווה",ח.כהן סוכנות מזון ומשקאות בע,,,"י""ח",1,"ק""ג",false,1,39.90,39.90,false,1,
7290014205130,false,"צלחת גדולה  ""שווה"" צבעוני 25",ח.כהן סוכנות מזון ומשקאות בע,,,"י""ח",25,ל 100 גרם,false,1,11.90,0.48,false,1,
7290014205147,false,"צלחת   קטן""שווה""צבעוני 25",ח.כהן סוכנות מזון ומשקאות בע,,,"י""ח",25,"י""ח",false,1,6.90,0.28,false,1,
7290014205154,false,"קערה אובלית    צבעונית""שווה""25",ח.כהן סוכנות מזון ומשקאות בע,,,"י""ח",25,ל 100 גרם,false,1,5.90,0.24,false,1,
7290014205161,false,"לפתניה  ""שווה"" צבעוני 25",ח.כהן סוכנות מזון ומשקאות בע,,,"י""ח",25,ל 100 גרם,false,1,4.90,0.20,false,1,
7290014205178,false,"מרקיה  ""שווה"" צבעוני 25",ח.כהן סוכנות מזון ומשקאות בע,,,"י""ח",25,ל 100 גרם,false,1,8.90,0.36,false,1,
7290014205185,false,"צלחת   ענק""שווה""צבעוני 25",ח.כהן סוכנות מזון ומשקאות בע,,,"י""ח",25,"י""ח",false,1,18.90,0.76,false,1,
7290014205208,false,"סכינים   שקוף""שווה""50",ח.כהן סוכנות מזון ומשקאות בע,,,"י""ח",50,"י""ח",false,1,9.90,0.20,false,1,
7290014205604,false,"פחם דרום אפריקאי שווה 2 ק""ג.",ח.כהן סוכנות מזון ומשקאות בע,,,"י""ח",2,"ק""ג",false,1,26.90,13.45,false,1,
7290014205659,false,לבבות דקל שלם  400ג שווה,ח.כהן סוכנות מזון ומשקאות בע,,,"י""ח",4,ל 100 גרם,false,1,11.90,2.98,false,1,
7290014205666,false,לבבות דקל חתוך  400ג שווה,ח.כהן סוכנות מזון ומשקאות בע,,,"י""ח",4,ל 100 גרם,false,1,9.90,2.48,false,1,
7290014205673,false,שמן סויה מזוכך 1 ליטר,ח.כהן סוכנויות מזון ומשקאות***,,,"י""ח",1,ליטר,false,1,9.90,9.90,false,1,
7290014205697,false,"אננס חתוך  565 ג ""שווה""A2",ח.כהן סוכנות מזון ומשקאות בע,,,"י""ח",6,ל 100 גרם,false,1,7.90,1.32,true,1,
7290014205741,false,"מפה גליל  25 מטר ""שווה""",ח.כהן סוכנות מזון ומשקאות בע,,,"י""ח",25,מטר,false,1,24.90,1,true,1,
7290014205758,false,מפת שולחן 1/6 עבה שווה,ח.כהן סוכנות מזון ומשקאות בע,,,"י""ח",6,"י""ח",false,1,11.90,1.98,false,1,
7290014205765,false,מפות שולחן 8* עבה במיוחד 1.35/2.4 מ`שו,ח.כהן סוכנות מזון ומשקאות בע,,,"י""ח",25,"י""ח",false,1,11.90,0.48,false,1,
7290014205772,false,"מפות שולחן 8* עבה  שקוף""שווה""",ח.כהן סוכנות מזון ומשקאות בע,,,"י""ח",1,,false,1,7.90,7.90,false,1,
7290014205802,false,שקיות הקפאה שווה 200יח זוג,ח.כהן סוכנות מזון ומשקאות בע,,,"י""ח",200,"י""ח",false,1,7.90,0.04,false,1,
7290014205819,false,"שקיות אפור ""75/90  שווה""20 יח`ממוחזר",ח.כהן סוכנות מזון ומשקאות בע,,,"י""ח",20,"י""ח",false,1,17.90,0.90,true,1,
7290014205826,false,שקיות אשפה ירוק 52/65 שרוך שווה 50יח,ח.כהן סוכנות מזון ומשקאות בע,,,"י""ח",50,"י""ח",false,1,17.90,0.36,false,1,
7290014205857,false,"שקיות אפור ""75/90  שווה""20 יח`ממוחזר.",ח.כהן סוכנות מזון ומשקאות בע,,,"י""ח",20,"י""ח",false,1,10.90,0.55,true,1,
7290014205864,false,"שקיות כתום  75/90  ""שווה"" 50יח",ח.כהן סוכנות מזון ומשקאות בע,,,"י""ח",50,"י""ח",false,1,11.90,0.24,false,1,
7290014206021,false,מאפינס נייר קטנים 20יח שווה,ח.כהן סוכנות מזון ומשקאות בע,,,"י""ח",12,"י""ח",false,1,7.90,0.66,false,1,
7290014206175,false,תבניות מאפינס אישיות 50יח שווה,ח.כהן סוכנות מזון ומשקאות בע,,,"י""ח",50,"י""ח",false,1,7.90,0.16,false,1,
7290014206182,false,תבניות מאפינס גדולים  40יח שווה,ח.כהן סוכנות מזון ומשקאות בע,,,"י""ח",40,"י""ח",false,1,7.90,0.20,false,1,
7290014206250,false,מפיות נייר 1/80 מעוטרות שווה,ח.כהן סוכנות מזון ומשקאות בע,,,"י""ח",80,"י""ח",false,1,6.90,0.09,true,1,
7290014206267,false,מפיות מוטבעות תלת שכבתי שווה,ח.כהן סוכנות מזון ומשקאות בע,,,"י""ח",1,"י""ח",false,1,7.90,7.90,true,1,
7290014206274,false,גפרור אקסטרה לארג שווה,ח.כהן סוכנות מזון ומשקאות בע,,,"י""ח",1,,false,1,6.90,6.90,true,1,
7290014206281,false,מדליק פחם ראש גפרור  שווה,ח.כהן סוכנות מזון ומשקאות בע,,,"י""ח",1,"י""ח",false,1,5.90,5.90,false,1,
7290014206410,false,נוזל חלונות זוג 1ל שווה,ח.כהן סוכנות מזון ומשקאות בע,,,"י""ח",2,ליטר,false,1,8.90,4.45,false,1,
7290014206427,false,מיכלי אחסון 0.5ל ל 6יח שווה,ח.כהן סוכנות מזון ומשקאות בע,,,"י""ח",6,"י""ח",false,1,8.90,1.48,true,1,
7290014206434,false,מיכלי אחסון 1ל ל 5יח שווה,ח.כהן סוכנות מזון ומשקאות בע,,,"י""ח",5,"י""ח",false,1,8.90,1.78,true,1,
7290014206441,false,מיכלי אחסון 2ל ל 4יח שווה,ח.כהן סוכנות מזון ומשקאות בע,,,"י""ח",4,"י""ח",false,1,8.90,2.23,true,1,
7290014206458,false,מיכלי אחסון 2.5ל ל 2יח שווה,ח.כהן סוכנות מזון ומשקאות בע,,,"י""ח",2,"י""ח",false,1,8.90,4.45,true,1,
7290014206465,false,מיכלי אחסון 3ל ל 2יח שווה,ח.כהן סוכנות מזון ומשקאות בע,,,"י""ח",2,"י""ח",false,1,8.90,4.45,true,1,
7290014206472,false,מיכלי אחסון 4.5ל ל 2יח שווה,ח.כהן סוכנות מזון ומשקאות בע,,,"י""ח",2,"י""ח",false,1,8.90,4.45,true,1,
7290014206489,false,מפת שולחן מוטבעת שווה,ח.כהן סוכנות מזון ומשקאות בע,,,"י""ח",6,"י""ח",false,1,9.90,1.65,false,1,
7290014206496,false,גליל מפה מוטבעת 15 מטר  שווה,ח.כהן סוכנות מזון ומשקאות בע,,,,1,,false,1,44.90,44.90,false,1,
7290014206502,false,שקיות אוכל בשקית 200יח שווה,ח.כהן סוכנות מזון ומשקאות בע,,,"י""ח",200,"י""ח",false,1,3.90,0.02,false,1,
7290014206526,false,שקיות מזון מרשרש 150יח *3,ח.כהן סוכנות מזון ומשקאות בע,,,"י""ח",1,,false,1,13.90,13.90,true,1,
7290014206793,false,"כפפות ניילון ח""פ 100יח  שווה",ח.כהן סוכנות מזון ומשקאות בע,,,"י""ח",10,"י""ח",false,1,4.90,0.49,false,1,
7290014206892,false,אנשובי צנצנת שמן חמניות  100ג שווה,ח.כהן סוכנות מזון ומשקאות בע,,,"י""ח",1,ל 100 גרם,false,1,12.90,12.90,false,1,
7290014206908,false,אננס שלם A2  שווה,ח.כהן סוכנות מזון ומשקאות בע,,,"י""ח",2.27,ל 100 גרם,false,1,7.90,3.48,false,1,
7290014206915,false,"לפתניה קשוף  ""שווה"" 20יח",ח.כהן סוכנות מזון ומשקאות בע,,,"י""ח",20,ל 100 גרם,false,1,5.90,0.30,false,1,
7290014206922,false,"קערית אובלית קשוף  ""שווה"" 20יח",ח.כהן סוכנות מזון ומשקאות בע,,,"י""ח",20,ל 100 גרם,false,1,6.90,0.35,false,1,
7290014206939,false,"מרקיה קשופה  ""שווה"" 20יח",ח.כהן סוכנות מזון ומשקאות בע,,,"י""ח",20,ל 100 גרם,false,1,9.90,0.50,false,1,
7290014206946,false,"צלחת קטנה קשופה  ""שווה"" 20יח",ח.כהן סוכנות מזון ומשקאות בע,,,"י""ח",20,ל 100 גרם,false,1,8.90,0.45,false,1,
7290014206953,false,"צלחת גדולה קשופה  ""שווה"" 20יח",ח.כהן סוכנות מזון ומשקאות בע,,,"י""ח",20,ל 100 גרם,false,1,16.90,0.85,true,1,
7290014206960,false,"צלחת ענקית קשופה  ""שווה"" 20יח",ח.כהן סוכנות מזון ומשקאות בע,,,"י""ח",20,ל 100 גרם,false,1,21.90,1.10,true,1,
7290014206977,false,"מגש אובלי בינוני קשוף  ""שווה"" 10יח",ח.כהן סוכנות מזון ומשקאות בע,,,"י""ח",10,"י""ח",false,1,11.90,1.19,true,1,
7290014206984,false,"קערת סלט ענקית קשופה  ""שווה"" 10יח",ח.כהן סוכנות מזון ומשקאות בע,,,"י""ח",10,"י""ח",false,1,13.90,1.39,true,1,
7290014218321,false,בורקס  יפו מעדנות גבינה 600ג,תנובה בשר,,,"י""ח",6,ל 100 גרם,false,1,17.90,2.98,false,1,
7290014218338,false,"בורקס יפו מעדנות תפו""א  600ג",תנובה בשר,,,"י""ח",6,ל 100 גרם,false,1,15.90,2.65,false,1,
7290014218932,false,חטיפי פיצה  עם זיתים מעדנות,תנובה בשר,,,"י""ח",7.10,ל 100 גרם,false,1,22.90,3.23,false,1,
7290014256637,false,סלקטד לבן יאנג  BUZZ מוסקטו,אגודת הכורמים -כרמל מזרחי,,,"י""ח",7.50,"ל 100 מ""ל",false,1,27.30,3.60,true,1,
7290014258716,false,"מטרנה צמחית שלב3 בד""צ",קבוצת אוסם סחר-שות.מוגבלת,,,"י""ח",7,ל 100 גרם,false,1,61.90,8.84,true,1,
7290014258723,false,"מטרנה צמחית שלב1 בד""צ",קבוצת אוסם סחר-שות.מוגבלת,,,"י""ח",7,ל 100 גרם,false,1,61.90,8.84,true,1,
7290014288058,false,"להבונים 50 שקית  ""שווה""",ח.כהן סוכנות מזון ומשקאות בע,,,"י""ח",1,,false,1,10.90,10.90,true,1,
7290014288072,false,כריות יפניות רביעייה   שווה,ח.כהן סוכנות מזון ומשקאות בע,,,"י""ח",1,"י""ח",false,1,6.90,6.90,false,1,
7290014288089,false,סרטי קירצוף זוגות שווה איכותי,ח.כהן סוכנות מזון ומשקאות בע,,,"י""ח",10,"י""ח",false,1,5.90,0.59,false,1,
7290014288119,false,ממרקות מתכת  4יח שווה,ח.כהן סוכנות מזון ומשקאות בע,,,"י""ח",1,,false,1,5.90,5.90,false,1,
7290014288201,false,מארז מטליות מיקרופייבר שווה,ח.כהן סוכנות מזון ומשקאות בע,,,"י""ח",4,"ל 100 מ""ל",false,1,12.90,3.23,false,1,
7290014288287,false,גליל אלבד חלק 20 מטר  שווה,ח.כהן סוכנות מזון ומשקאות בע,,,,1,,false,1,29.90,29.90,true,1,
7290014288300,false,טורטיה 8יח 320ג שווה,ח.כהן סוכנות מזון ומשקאות בע,,,"י""ח",3.20,ל 100 גרם,false,1,10.90,3.41,true,1,
7290014288317,false,טורטיה 6יח 420ג שווה,ח.כהן סוכנות מזון ומשקאות בע,,,"י""ח",3.20,ל 100 גרם,false,1,10.90,3.41,true,1,
7290014288324,false,טורטיה קמח מלא 8יח 320ג שווה,ח.כהן סוכנות מזון ומשקאות בע,,,"י""ח",3.20,ל 100 גרם,false,1,10.90,3.41,true,1,
7290014288331,false,נודלס טעם עוף  60ג שווה,ח.כהן סוכנות מזון ומשקאות בע,,,"י""ח",0.60,ל 100 גרם,false,1,4.90,8.17,true,1,
7290014288348,false,נודלס טעם ירקות  60ג שווה,ח.כהן סוכנות מזון ומשקאות בע,,,"י""ח",0.60,ל 100 גרם,false,1,4.90,8.17,true,1,
7290014288355,false,נודלס טעם בקר 60ג שווה,ח.כהן סוכנות מזון ומשקאות בע,,,"י""ח",0.60,ל 100 גרם,false,1,4.90,8.17,true,1,
7290014288379,false,ערמונים 100ג שווה,ח.כהן סוכנות מזון ומשקאות בע,,,"י""ח",1,ל 100 גרם,false,1,5.90,5.90,true,1,
7290014288393,false,"רוטב סויה 500מ""ל     שווה",ח.כהן סוכנות מזון ומשקאות בע,,,"י""ח",7,"ל 100 מ""ל",false,1,9.90,1.41,false,1,
7290014288409,false,"רוטב טריאקי 300מ""ל     שווה",ח.כהן סוכנות מזון ומשקאות בע,,,"י""ח",5,"ל 100 מ""ל",false,1,9.90,1.98,false,1,
7290014288416,false,"רוטב צילי חריף  700מ""ל    שווה",ח.כהן סוכנות מזון ומשקאות בע,,,"י""ח",7,"ל 100 מ""ל",false,1,11.90,1.70,false,1,
7290014288423,false,"נר נשמה 48ש   בזכוכית""שווה""",ח.כהן סוכנות מזון ומשקאות בע,,,"י""ח",1,,false,1,4.90,4.90,false,1,
7290014288461,false,"נר נשמה פחית ""שווה""",ח.כהן סוכנות מזון ומשקאות בע,,,"י""ח",1,,false,1,2.90,2.90,true,1,
7290014288584,false,נייר אפיה 50יח איכותי  שווה,ח.כהן סוכנות מזון ומשקאות בע,,,"י""ח",50,"י""ח",false,1,9.90,0.20,true,1,
7290014288614,false,רדיד אלומיניום קצר כוכבים  גבוה/עבה 16M,ח.כהן סוכנות מזון ומשקאות בע,,,,10,"י""ח",false,1,21.90,2.19,false,1,
7290014288621,false,רדיד אלומיניום ארוך כוכבים שווה 16M,ח.כהן סוכנות מזון ומשקאות בע,,,,10,"י""ח",false,1,26.90,2.69,false,1,
7290014288645,false,מגבונים מגבופיל 72יח  שווה,ח.כהן סוכנות מזון ומשקאות בע,,,"י""ח",72,"י""ח",false,1,18.90,0.26,false,1,
7290014288669,false,ניילון נצמד חיתוך קל שווה 60 מטר,ח.כהן סוכנות מזון ומשקאות בע,,,,10,"י""ח",false,1,14.90,1.49,false,1,
7290014288676,false,מגש אובלי בינוני צבעוני 20יח שווה,ח.כהן סוכנות מזון ומשקאות בע,,,"י""ח",20,"י""ח",false,1,12.90,0.65,false,1,
7290014288706,false,קערת סלט ענקית 10יח שווה,ח.כהן סוכנות מזון ומשקאות בע,,,"י""ח",10,"י""ח",false,1,9.90,0.99,false,1,
7290014288720,false,כוסות וודקה 350CC שווה,ח.כהן סוכנות מזון ומשקאות בע,,,,10,"י""ח",false,1,9.90,0.99,false,1,
7290014288737,false,"כוסות חד פעמי מעוטרות 40יח 285מ""ל שווה",ח.כהן סוכנות מזון ומשקאות בע,,,"י""ח",40,"י""ח",false,1,12.90,0.32,false,1,
7290014288843,false,נרות שבת מספרים שווה,ח.כהן סוכנות מזון ומשקאות בע,,,"י""ח",1,,false,1,3.90,3.90,false,1,
7290014288867,false,כפיות  מחוזקות 70יח שווה,ח.כהן סוכנות מזון ומשקאות בע,,,"י""ח",70,"י""ח",false,1,7.90,0.11,false,1,
7290014288980,false,.נייר טישו 1/5 דו שכבתי שווה,ח.כהן סוכנות מזון ומשקאות בע,,,"י""ח",5,"י""ח",false,1,11.90,2.38,false,1,
7290014325043,false,"פודינג וניל 1ק""ג",מיה תעשיות מזון מ.ת.מ בעמ,,,"י""ח",1,"ק""ג",false,1,13.90,13.90,false,1,
7290014325050,false,קורנפלור 500ג,מיה תעשיות מזון מ.ת.מ בעמ,,,"י""ח",3,ל 100 גרם,false,1,3.90,1.30,false,1,
7290014325531,false,"חמאת בוטנים 500ג מיה כשל""פ בד""צ",מיה תעשיות מזון מ.ת.מ בעמ,,,"י""ח",5,ל 100 גרם,false,1,12.90,2.58,false,1,
7290014356061,false,ספגטי 500גר שדות,אחים אגא (א.מ.) שיווק,,,"י""ח",5,ל 100 גרם,false,1,3.90,0.78,true,1,
7290014356078,false,פסטה פנה  500גר שדות,אחים אגא (א.מ.) שיווק,,,"י""ח",5,ל 100 גרם,false,1,3.90,0.78,true,1,
7290014356085,false,פסטה מסולסלת  500גר שדות,אחים אגא (א.מ.) שיווק,,,"י""ח",5,ל 100 גרם,false,1,3.90,0.78,true,1,
7290014356092,false,ספגטי 500גר שדות,אחים אגא (א.מ.) שיווק,,,"י""ח",5,ל 100 גרם,false,1,3.90,0.78,true,1,
7290014356108,false,פסטה קרניים  500גר שדות,אחים אגא (א.מ.) שיווק,,,"י""ח",5,ל 100 גרם,false,1,3.90,0.78,true,1,
7290014356245,false,שמן קנולה 1 ליטר שדות.,אחים אגא (א.מ.) שיווק,,,"י""ח",1,ליטר,false,1,11.90,11.90,true,1,
7290014356450,false,פסטה צדפים  500גר שדות,אחים אגא (א.מ.) שיווק,,,"י""ח",5,ל 100 גרם,false,1,3.90,0.78,true,1,
7290014356535,false,פסטה פרפרים  500גר שדות,אחים אגא (א.מ.) שיווק,,,"י""ח",5,ל 100 גרם,false,1,3.90,0.78,true,1,
7290014356917,false,חצאי אפרסק בסירופ קל 820גר שדות,אחים אגא (א.מ.) שיווק,,,"י""ח",8.20,ל 100 גרם,false,1,8.90,1.09,false,1,
7290014356931,false,קוסקוס דק 350גר אגא,אחים אגא (א.מ.) שיווק,,,"י""ח",5,ל 100 גרם,false,1,4.50,0.90,true,1,
7290014356948,false,קוסקוס בינוני 350גר אגא,אחים אגא (א.מ.) שיווק,,,"י""ח",5,ל 100 גרם,false,1,4.50,0.90,true,1,
7290014356955,false,קוסקוס עבה 350גר אגא,אחים אגא (א.מ.) שיווק,,,"י""ח",5,ל 100 גרם,false,1,4.50,0.90,true,1,
7290014356962,false,פתיתים בצורת קוסקוס 500ג אגא,אחים אגא (א.מ.) שיווק,,,"י""ח",5,ל 100 גרם,false,1,4.50,0.90,true,1,
7290014356979,false,פתיתים בצורת אורז 500ג אגא,אחים אגא (א.מ.) שיווק,,,"י""ח",5,ל 100 גרם,false,1,4.50,0.90,true,1,
7290014397156,false,"קרם גוף קרמה פרח וניל 500 מ""ל",החב הדרומית לשיווק,,,"י""ח",5,"ל 100 מ""ל",false,1,24.90,4.98,false,1,
7290014397163,false,פרש אוטומטיק בניחוח FLORAL HARMONY,החב הדרומית לשיווק,,,"י""ח",1.65,ל 100 גרם,false,1,12.90,7.82,false,1,
7290014397279,false,שקיות אוכל אריזת חיסכון,החב הדרומית לשיווק,,,"י""ח",1,,false,1,12.90,12.90,false,1,
7290014397286,false,מרכך כביסה מקסימה 1 ליטר מרוכז,החב הדרומית לשיווק,,,"י""ח",1,ליטר,false,1,17.90,17.90,false,1,
7290014397453,false,סנו אוקסיגן 3ליטר כביסה לבנה,החב הדרומית לשיווק,,,"י""ח",3,ליטר,false,1,28.90,9.63,false,1,
7290014397507,false,"סנופרש הום בניחוח פריחת היסמין 350מ""ל",החב הדרומית לשיווק,,,"י""ח",3.50,"ל 100 מ""ל",false,1,9.90,2.83,false,1,
7290014397675,false,מרכך כביסה חלב ודבש 4 ליטר,החב הדרומית לשיווק,,,"י""ח",4,ליטר,false,1,21.90,5.48,false,1,
7290014397767,false,ריצפז פרש הום כותנה מלטפת 2ל,החב הדרומית לשיווק,,,"י""ח",1.45,ליטר,false,1,19.80,13.66,false,1,
7290014397774,false,ריצפז פרש  הום טבע רענן 2ל לרצפה,החב הדרומית לשיווק,,,"י""ח",1.45,ליטר,false,1,19.80,13.66,false,1,
7290014397781,false,ריצפז פרש הום סבון מפנק  2ל לרצפה,החב הדרומית לשיווק,,,"י""ח",1.45,ליטר,false,1,19.80,13.66,false,1,
7290014397873,false,מרכך כביסה  מקסימה GENTLE BREEZE י4ל`,החב הדרומית לשיווק,,,"י""ח",4,ליטר,false,1,21.90,5.48,false,1,
7290014426061,false,משחת שיניים הלו קיטי,גורי ע.ע.ע. בעמ,,,"י""ח",0.50,ל 100 גרם,false,1,10.90,21.80,false,1,
7290014435377,false,חומוס עם רוטב מסבחה 400ג,"סלטי שמיר2006בע""מ",,,"י""ח",4,ל 100 גרם,false,1,11.90,2.98,true,1,
7290014435391,false,חומוס אורגינל עם גרגרים   400ג,"סלטי שמיר2006בע""מ",,,"י""ח",4,ל 100 גרם,false,1,11.90,2.98,true,1,
7290014435704,false,סלמון מעושן פרוס  100ג(שמיר),"סלטי שמיר2006בע""מ",,,"י""ח",1,ל 100 גרם,false,1,21.90,21.90,false,1,
7290014455252,false,גרנה פדנו מגורד 100ג,מחלבות גד,,,"י""ח",1,ל 100 גרם,false,1,10.90,10.90,false,1,
7290014455320,false,כדור מוצרלה פרסקה 100ג,מחלבות גד,,,"י""ח",1,ל 100 גרם,false,1,8.90,8.90,false,1,
7290014455467,false,מעדן שיבולת שועל וחלב 2% 150גר,מחלבות גד,,,"י""ח",1.50,"ל 100 מ""ל",false,1,5.50,3.67,false,1,
7290014459137,false,"סטייק ציפס  1.5ק""ג",קבוצת אוסם סחר-שות.מוגבלת,,,"י""ח",1.50,"ק""ג",false,1,24.90,16.60,false,1,
7290014459373,false,"תפוגן ציפס קראנצי לתנור 1.5ק""ג",קבוצת אוסם סחר-שות.מוגבלת,,,"י""ח",1.50,"ק""ג",false,1,24.90,16.60,false,1,
7290014459472,false,"תפוגן צ יפס קלאסי 2ק""ג  (תפוגן)",קבוצת אוסם סחר-שות.מוגבלת,,,"י""ח",2.50,"ק""ג",false,1,29.90,11.96,false,1,
7290014459632,false,"תפוגן צ יפס טוגן 1.5 ק""ג",קבוצת אוסם סחר-שות.מוגבלת,,,"י""ח",1.50,"ק""ג",false,1,17.90,11.93,false,1,
7290014466128,false,"יין הר חרמון אינדיגו 750 מ""ל",היכל היין שקד גולן בעמ,,,"י""ח",7.50,"ל 100 מ""ל",false,1,35.90,4.75,true,1,
7290014466609,false,יין גמלא מרלו `2016,היכל היין שקד גולן בעמ,,,"י""ח",1,,false,1,64.90,64.90,true,1,
7290014471429,false,"מוזלי פירות 1ק""ג",*347340,,,"י""ח",0,"ק""ג",false,1,19.90,19.90,true,1,
7290014471436,false,"מוזלי צימוקים תפוח קינמון רגעיני חמ 1ק""ג",*347340,,,"י""ח",0,"ק""ג",false,1,19.90,19.90,true,1,
7290014471443,false,"גרנולה אגוזים 1ק""ג",*347340,,,"י""ח",0,"ק""ג",false,1,19.90,19.90,true,1,
7290014472990,false,ממרח 100% שקדים 300גר,*347340,,,"י""ח",3,ל 100 גרם,false,1,27.90,9.30,false,1,
7290014503137,false,"יין כנען אדום דלתון 750מ""ל",הכרם משקאות חריפים בעמ,,,"י""ח",7.50,"ל 100 מ""ל",false,1,44.90,5.95,true,1,
7290014503144,false,"יין כנען דלתון לבן 750מ""ל",הכרם משקאות חריפים בעמ,,,"י""ח",7.50,"ל 100 מ""ל",false,1,35.20,4.65,true,1,
7290014525009,false,חטיף בריאות בטעם יוגורט במילוי תפוח,ש.שסטוביץ בעמ,,,"י""ח",2.83,ל 100 גרם,false,1,12.90,4.56,true,1,
7290014525016,false,חטיף בריאות בטעם יוגורט במילוי תות שדה,ש.שסטוביץ בעמ,,,"י""ח",2.83,ל 100 גרם,false,1,12.90,4.56,true,1,
7290014525023,false,חטיף בריאות במילוי פירות יער,ש.שסטוביץ בעמ,,,"י""ח",2.83,ל 100 גרם,false,1,12.90,4.56,true,1,
7290014525177,false,מרבה סלים פרוט בטעם יוגורט ופירות יע 1,ש.שסטוביץ בעמ,,,"י""ח",1.20,ל 100 גרם,false,1,12.90,10.75,true,1,
7290014525290,false,מרבה סלים דלים קריספי תות 125ג,ש.שסטוביץ בעמ,,,"י""ח",1.20,ל 100 גרם,false,1,12.90,10.75,true,1,
7290014525306,false,מרבה סלים דלים קריספי אוכמניות  125ג,ש.שסטוביץ בעמ,,,"י""ח",1.20,ל 100 גרם,false,1,12.90,10.75,true,1,
7290014525313,false,מרבה סלים דלים קריספי שוקולד  125ג,ש.שסטוביץ בעמ,,,"י""ח",1.20,ל 100 גרם,false,1,12.90,10.75,true,1,
7290014525672,false,על חלל עוגיות עם סוכריות שוקולד ח.,ש.שסטוביץ בעמ,,,"י""ח",1.40,ל 100 גרם,false,1,9.90,7.07,false,1,
7290014547322,false,זוג מברשות סנסודיין שיקום,גורי ע.ע.ע. בעמ,,,"י""ח",0.75,"ל 100 מ""ל",false,1,29.90,39.87,true,1,
7290014673007,false,תערובת עשבי תיבול סגנון ים תיכוני 40ג,א.ל.יצור ושיווקתבלינים בעמ,,,"י""ח",0.40,ל 100 גרם,false,1,9.90,24.75,true,1,
7290014673014,false,פלפל אנגלי שלם 90גר.,א.ל.יצור ושיווקתבלינים בעמ,,,"י""ח",0.50,ל 100 גרם,false,1,12.90,25.80,false,1,
7290014673045,false,תערובת תיבול לציפס 100ג,א.ל.יצור ושיווקתבלינים בעמ,,,"י""ח",1,ל 100 גרם,false,1,9.90,9.90,true,1,
7290014673052,false,תערובת תיבול לתפוחי אדמה 120ג,א.ל.יצור ושיווקתבלינים בעמ,,,"י""ח",1.20,ל 100 גרם,false,1,9.90,8.25,true,1,
7290014673137,false,תערובת תיבול לפיצה 100ג,א.ל.יצור ושיווקתבלינים בעמ,,,"י""ח",1,ל 100 גרם,false,1,9.90,9.90,true,1,
7290014673366,false,"כורכום 250 גר. בצנצנת כשל""פ",א.ל.יצור ושיווקתבלינים בעמ,,,"י""ח",2.50,ל 100 גרם,false,1,21.90,8.76,false,1,
7290014673373,false,פפריקה חריפה 250 גר בצנצנת,א.ל.יצור ושיווקתבלינים בעמ,,,"י""ח",2.50,ל 100 גרם,false,1,21.90,8.76,false,1,
7290014673434,false,פלפל שחור גרוס דק  שקית 80ג,א.ל.יצור ושיווקתבלינים בעמ,,,"י""ח",0.80,ל 100 גרם,false,1,8.90,11.13,false,1,
7290014674004,false,קריספי פירורי לחם שומשום ומלח ים 300גר,א.ל.יצור ושיווקתבלינים בעמ,,,"י""ח",3,ל 100 גרם,false,1,7.90,2.63,true,1,
7290014692541,false,צהובה מגורדת 500ג Golden,ג.וילי פוד אינטרנשיונל בעמ,,,"י""ח",5,ל 100 גרם,false,1,19.90,3.98,false,1,
7290014692565,false,גרעיני תירס מתוק 285/320ג,ג.וילי פוד אינטרנשיונל בעמ,,,"י""ח",3.20,ל 100 גרם,false,1,5.90,1.84,true,1,
7290014692817,false,גבינת מוצרלה מגורדת 200ג ויליפוד,ג.וילי פוד אינטרנשיונל בעמ,,,"י""ח",2,ל 100 גרם,false,1,10.90,5.45,false,1,
7290014725294,false,סוכרזית סוכרלוז 100שק.,"שטראוס גרופ בע""מ",,,"י""ח",100,"י""ח",false,1,21.90,0.22,true,1,
7290014746145,false,שניצל מקצועי שומשום,בלדי בעמ,,,"י""ח",1,,false,1,29.90,29.90,false,1,
7290014747333,false,"שניצל דק ענק 650ג כשל""פ",קבוצת אוסם סחר-שות.מוגבלת,,,"י""ח",7,ל 100 גרם,false,1,39.90,5.70,false,1,
7290014749245,false,עוף טוב ספיישל רצועות שניצל 600גר,קבוצת אוסם סחר-שות.מוגבלת,,,"י""ח",7,ל 100 גרם,false,1,29.90,4.27,true,1,
7290014749726,false,שניצל עוף ביתי עדין  עוף טוב 700גר,קבוצת אוסם סחר-שות.מוגבלת,,,"י""ח",7,ל 100 גרם,false,1,29.90,4.27,true,1,
7290014749764,false,שניצל עוף ביתי עדין ן עוף טוב 700גר,קבוצת אוסם סחר-שות.מוגבלת,,,"י""ח",7,ל 100 גרם,false,1,29.90,4.27,true,1,
7290014749849,false,שניצל דק ענק קריספי שומשום עוף טוב.,קבוצת אוסם סחר-שות.מוגבלת,,,"י""ח",7.20,ל 100 גרם,false,1,27.90,3.88,true,1,
7290014749863,false,שניצל דק ענק קריספי צ`יפס עוף טוב,קבוצת אוסם סחר-שות.מוגבלת,,,"י""ח",7.20,ל 100 גרם,false,1,27.90,3.88,true,1,
7290014749887,false,שניצל דק ענק קריספי קלאסי עוף טוב.,קבוצת אוסם סחר-שות.מוגבלת,,,"י""ח",7.20,ל 100 גרם,false,1,27.90,3.88,true,1,
7290014758100,false,מאגדת *8יוגורט BIO 3% 150ג,"תנובה בע""מ ***",,,"י""ח",1.20,ליטר,false,1,16.60,13.83,true,1,
7290014758117,false,מאגדת *8יוגורט BIO 1.5% 150ג,"תנובה בע""מ ***",,,"י""ח",1.20,ליטר,false,1,16.60,13.83,true,1,
7290014758124,false,יוגורט תנובה ביו,"תנובה בע""מ ***",,,"י""ח",2,ל 100 גרם,false,1,1.90,0.95,false,1,
7290014758131,false,יוגורט תנובה ביו,"תנובה בע""מ ***",,,"י""ח",2,ל 100 גרם,false,1,1.90,0.95,false,1,
7290014758162,false,חלב עיזים מלא 3.6%,"תנובה בע""מ ***",,,"י""ח",1,ליטר,false,1,15.10,15.10,false,1,
7290014759084,false,נפוליאון 16% סקיני 225גר,"תנובה בע""מ ***",,,"י""ח",2.25,ל 100 גרם,false,1,14.20,6.31,true,1,
7290014759534,false,בולגרית למריחה טבעי 5% 200ג,"תנובה בע""מ ***",,,"י""ח",2,ל 100 גרם,false,1,14.30,7.15,false,1,
7290014760134,false,מעדן סויה טעם וניל,"תנובה בע""מ ***",,,"י""ח",1.25,"ל 100 מ""ל",false,1,4.30,3.44,false,1,
7290014760141,false,משקה שקדים טרי 1ל,"תנובה בע""מ ***",,,"י""ח",1,ליטר,false,1,12.90,12.90,true,1,
7290014760912,false,גוש חלב 28% מהדרין 400ג,"תנובה בע""מ ***",,,"י""ח",4,ל 100 גרם,false,1,25.90,6.48,false,1,
7290014761018,false,ג לי בטעם וניל 125גר,"תנובה בע""מ ***",,,"י""ח",1.25,"ל 100 מ""ל",false,1,1.50,1.20,false,1,
7290014761056,false,YOLO מעדן שוקולד חלב מעולה,"תנובה בע""מ ***",,,"י""ח",1.23,"ל 100 מ""ל",false,1,4.60,3.74,false,1,
7290014761063,false,YOLO מעדן שוקולד מריר  מעולה,"תנובה בע""מ ***",,,"י""ח",1.23,"ל 100 מ""ל",false,1,4.60,3.74,false,1,
7290014761070,false,YOLO מעדן שוקולד לבן מעולה,"תנובה בע""מ ***",,,"י""ח",1.23,"ל 100 מ""ל",false,1,4.60,3.74,false,1,
7290014761438,false,בולגרית 24% פיראוס סמי מעדניה  400ג,"תנובה בע""מ ***",,,"י""ח",4,ל 100 גרם,false,1,28.50,7.13,false,1,
7290014761698,false,"עמק סמי מעדנייה 600ג בד""ץ","תנובה בע""מ ***",,,"י""ח",6,ל 100 גרם,false,1,29.90,4.98,false,1,
7290014762800,false,מעדן סויה בטעם שוקולד  בגביע 125ג,"תנובה בע""מ ***",,,"י""ח",1.25,"ל 100 מ""ל",false,1,4.30,3.44,false,1,
7290014762831,false,נפוליאון עם חלפיניו 225 ג`,"תנובה בע""מ ***",,,"י""ח",2.25,ל 100 גרם,false,1,14.20,6.31,true,1,
7290014762909,false,מוצרלה פתיתים 20% שומן 200ג,"תנובה בע""מ ***",,,"י""ח",2,ל 100 גרם,false,1,15.90,7.95,false,1,
7290014763418,false,יוגורט כד 1.5ל 4% מהדרין.,"תנובה בע""מ ***",,,"י""ח",1,ליטר,false,1,16.90,16.90,false,1,
7290014789913,false,אוראו  מארז שלישייה,דיפלומט בעמ,,,"י""ח",3.52,ל 100 גרם,false,1,21.90,6.22,true,1,
7290014791091,false,שוופס לימונייד 0.5ל,יפאורה שותפות מוגבלת לשיווק,,,"י""ח",5,"ל 100 מ""ל",false,1,4.50,0.84,true,1,
7290014791336,false,מי מינרלים בודד ליטר,יפאורה שותפות מוגבלת לשיווק,,,"י""ח",5,"ל 100 מ""ל",false,1,4.20,0.78,false,1,
7290014791572,false,"שוופס מוגז ענבים 330מ""ל",יפאורה שותפות מוגבלת לשיווק,,,"י""ח",3.30,"ל 100 מ""ל",false,1,5.20,1.48,true,1,
7290014791626,false,"שוופס סודה נענע ליים 250 מ""ל",יפאורה שותפות מוגבלת לשיווק,,,"י""ח",2.50,"ל 100 מ""ל",false,1,3.50,1.28,true,1,
7290014791725,false,שוופס מוגז עדין 0.5 ליטר תפוח,יפאורה שותפות מוגבלת לשיווק,,,"י""ח",5,"ל 100 מ""ל",false,1,4.50,0.84,true,1,
7290014803756,false,טריאקי רוטב פתאי 300 מ``ל נאמן,נאמן לאורך זמן בעמ,,,"י""ח",1,,false,1,7.90,7.90,false,1,
7290014855434,false,מגבונים בייבי סיטר פרפורמנס רבעייה מבו,שקד תבל בעמ,,,"י""ח",1,,false,1,15.90,15.90,true,1,
7290014855458,false,מגבונים בייבי סיטר פרפורמנס רבעייה ללא,שקד תבל בעמ,,,"י""ח",1,,false,1,15.90,15.90,true,1,
7290014860063,false,מקלוני אורז ללא גלוטן 454ג,מזרח ומערב יבוא ושיווק,,,"י""ח",4.54,ל 100 גרם,false,1,7.90,1.74,false,1,
7290014860070,false,"מקלוני אורז ללא גלוטן 5מ""מ 454גר",מזרח ומערב יבוא ושיווק,,,"י""ח",4.54,ל 100 גרם,false,1,10.90,2.40,true,1,
7290014860094,false,"מקלוני אורז ללא גלוטן 3מ""מ 454גר",מזרח ומערב יבוא ושיווק,,,"י""ח",4.54,ל 100 גרם,false,1,10.90,2.40,true,1,
7290014860155,false,"מחצלת במבו שטוחה 24*24ס""מ",מזרח ומערב יבוא ושיווק,,,"י""ח",1,"י""ח",false,1,7.90,7.90,false,1,
7290014860988,false,"קרם קוקוס 17% סלבס 400מ""ל מזרח ומערב",מזרח ומערב יבוא ושיווק,,,"י""ח",4,"ל 100 מ""ל",false,1,9.90,2.48,true,1,
7290014901308,false,"סנסודיין הגנה מלאה רגיל 75מ""ל",גורי ע.ע.ע. בעמ,,,"י""ח",0.75,ל 100 גרם,false,1,25.90,34.53,true,1,
7290014901896,false,"סנסודין מי פה 500 מ""ל",גורי ע.ע.ע. בעמ,,,"י""ח",3,"ל 100 מ""ל",false,1,19.90,6.63,true,1,
7290014905207,false,C W ג ל לאסלה,"יעקב יעקבי ובניו בע""מ",,,"י""ח",7.50,"ל 100 מ""ל",false,1,7.90,1.05,false,1,
7290014905689,false,הפי לכלים ירוק יעקבי,"יעקב יעקבי ובניו בע""מ",,,"י""ח",7.50,"ל 100 מ""ל",false,1,7.90,1.05,false,1,
7290014905696,false,הפי לכלים  לימון יעקבי,"יעקב יעקבי ובניו בע""מ",,,"י""ח",7.50,"ל 100 מ""ל",false,1,7.90,1.05,false,1,
7290014905733,false,"הפי פרפקט לשמשות 750מ""ל","יעקב יעקבי ובניו בע""מ",,,"י""ח",7.50,"ל 100 מ""ל",false,1,8.90,1.19,true,1,
7290014940901,false,לחם פשוט מלא.אנגל,שלמה א.אנג ל בעמ,,,"י""ח",7.50,ל 100 גרם,false,1,14.90,1.99,false,1,
7290014945050,false,300 צמרוני עץ SHINY בקופסא,מ.א.ייצור ויבוא,,,"י""ח",1,,false,1,5.50,5.50,false,1,
7290014945210,false,300 צמרוני עץ SHINY בשקית,מ.א.ייצור ויבוא,,,"י""ח",1,,false,1,5.90,5.90,false,1,
7290014973060,false,סלומון  נורבגי מעושן 100 גרם,*347280,,,"י""ח",1,ל 100 גרם,false,1,21.90,21.90,false,1,
7290014973329,false,הרינג אדום 200גר,בידאני נתן,,,"י""ח",2,ל 100 גרם,false,1,21.90,10.95,false,1,
7290014973336,false,הרינג כבוש 200גר,בידאני נתן,,,"י""ח",2,ל 100 גרם,false,1,21.90,10.95,false,1,
7290014973664,false,איקרא אדומה 250גר,בידאני נתן,,,"י""ח",2.50,ל 100 גרם,false,1,15.90,6.36,false,1,
7290015014168,false,בייבי מיקס בוסטן,ביכורי השדה צפון 1994 ג.ד. בעמ,,,"י""ח",3,ל 100 גרם,false,1,9.90,3.30,false,1,
7290015014182,false,לבבות קיסר,ביכורי השדה צפון 1994 ג.ד. בעמ,,,"י""ח",3,ל 100 גרם,false,1,9.90,3.30,true,1,
7290015014274,false,צנונית ארוזה שמיטה,ביכורי השדה צפון 1994 ג.ד. בעמ,,,"י""ח",1,,false,1,7.90,7.90,false,1,
7290015014458,false,מרווה,ביכורי השדה צפון 1994 ג.ד. בעמ,,,"י""ח",1,,false,1,6.90,6.90,false,1,
7290015014465,false,רוזמרין,ביכורי השדה צפון 1994 ג.ד. בעמ,,,"י""ח",1,,false,1,6.90,6.90,false,1,
7290015014472,false,טימין,ביכורי השדה צפון 1994 ג.ד. בעמ,,,"י""ח",1,,false,1,6.90,6.90,false,1,
7290015014922,false,שרי צהוב ארוז שמיטה,ביכורי השדה צפון 1994 ג.ד. בעמ,,,"י""ח",1,,false,1,11.90,11.90,false,1,
7290015027021,false,עוגות שמרים פרימיום 500גר,הלל בן הלל שיווק ומסחר,,,"י""ח",5,ל 100 גרם,false,1,21.90,4.38,false,1,
7290015037273,false,פטרוזיליה  אוצר הארץ חסלט,יעל ירק עלים לשיווק בעמ,,,"י""ח",1,,false,1,6.30,6.30,false,1,
7290015037280,false,כוסברה חסלט אוצר הארץ,יעל ירק עלים לשיווק בעמ,,,"י""ח",4,ל 100 גרם,false,1,6.30,1.58,false,1,
7290015037396,false,נענע חסלט,יעל ירק עלים לשיווק בעמ,,,"י""ח",1,,false,1,6.30,6.30,false,1,
7290015037419,false,סלרי אמריקאי אוצר הארץ,יעל ירק עלים לשיווק בעמ,,,"י""ח",1,,false,1,6.90,6.90,false,1,
7290015037433,false,חסה חסלט,יעל ירק עלים לשיווק בעמ,,,"י""ח",4,ל 100 גרם,false,1,7.30,1.83,false,1,
7290015037440,false,כרוב לבן שלם חסלט.,יעל ירק עלים לשיווק בעמ,,,"ק""ג",1,,true,1,14.50,14.50,false,1,
7290015037457,false,כרוב אדום שלם אוצר הארץ,יעל ירק עלים לשיווק בעמ,,,"ק""ג",1,,true,1,15.50,15.50,false,1,
7290015037655,false,פרחי כרובית חסלט 600ג קפוא,יעל ירק עלים לשיווק בעמ,,,"י""ח",6,ל 100 גרם,false,1,29.90,4.98,false,1,
7290015037662,false,פרחי ברוקולי חסלט קפוא 600גר,יעל ירק עלים לשיווק בעמ,,,"י""ח",6,ל 100 גרם,false,1,29.90,4.98,false,1,
7290015037693,false,לבבות חסה אוצר הארץ,יעל ירק עלים לשיווק בעמ,,,"י""ח",3.50,ל 100 גרם,false,1,12.90,3.69,false,1,
7290015039246,false,טונה וילפוד 4 יחידות בשמן צימחי,ג.וילי פוד אינטרנשיונל בעמ,,,"י""ח",6.40,ל 100 גרם,false,1,19.90,3.11,false,1,
7290015039253,false,עלי גפן במי מלח 620גר,ג.וילי פוד אינטרנשיונל בעמ,,,"י""ח",6.20,ל 100 גרם,false,1,9.90,1.60,false,1,
7290015039499,false,"עוגיות איטלקיות מובחרות 1ק""ג",ג.וילי פוד אינטרנשיונל בעמ,,,"י""ח",1,"ק""ג",false,1,8.90,8.90,true,1,
7290015129145,false,סקיני פסטה ספרטי 270גר,נטורפוד בעמ,,,"י""ח",2.70,ל 100 גרם,false,1,11.90,4.41,false,1,
7290015129220,false,סקיני פסטה קוסקוס 270גר,נטורפוד בעמ,,,"י""ח",2.70,ל 100 גרם,false,1,11.90,4.41,false,1,
7290015139267,false,שוקולד פרמיום מריר ללס שקדים 85ג,כרמית תעשיות ממתקים בעמ,,,"י""ח",0.85,ל 100 גרם,false,1,6.90,8.12,true,1,
7290015139465,false,מיקסיםבייגלה מצופה שוקולד חלב 55גר,כרמית תעשיות ממתקים בעמ,,,"י""ח",0.55,ל 100 גרם,false,1,3.90,7.09,true,1,
7290015139519,false,מיקסים קוביות וופל  55גר,כרמית תעשיות ממתקים בעמ,,,"י""ח",0.55,ל 100 גרם,false,1,3.90,7.09,true,1,
7290015139526,false,חופשי וופל בציפוי ומילוי שוקו 125גר לל,כרמית תעשיות ממתקים בעמ,,,"י""ח",1.25,ל 100 גרם,false,1,10.90,8.72,false,1,
7290015139533,false,חופשי וופל לימון 200גר ללא גלוטן,כרמית תעשיות ממתקים בעמ,,,"י""ח",2,ל 100 גרם,false,1,10.90,5.45,false,1,
7290015139557,false,חופשי וופל שוקו 200גר ללא גלוטן,כרמית תעשיות ממתקים בעמ,,,"י""ח",2,ל 100 גרם,false,1,10.90,5.45,false,1,
7290015139571,false,חופשי וופל בארים 25גר ללא גלוטן,כרמית תעשיות ממתקים בעמ,,,"י""ח",0.25,ל 100 גרם,false,1,10.90,43.60,false,1,
7290015150088,false,מחית עגבניות בלה איטליה 700גר,תה ויסוצקי (ישראל)בעמ,,,"י""ח",7,ל 100 גרם,false,1,12.50,1.79,true,1,
7290015150118,false,עגבניות חתוכות בלה איטליה   400ג3X,תה ויסוצקי (ישראל)בעמ,,,"י""ח",4,ל 100 גרם,false,1,16.90,4.23,true,1,
7290015150361,false,תה ירוק נענע סטיביה,תה ויסוצקי (ישראל)בעמ,,,"י""ח",1,,false,1,24.90,24.90,true,1,
7290015150583,false,תה ירוק לימון דבש,תה ויסוצקי (ישראל)בעמ,,,"י""ח",0.3750,ל 100 גרם,false,1,24.90,66.40,true,1,
7290015150590,false,תה ירוק ג`ינג`ר חריף,תה ויסוצקי (ישראל)בעמ,,,"י""ח",0.3750,ל 100 גרם,false,1,24.90,66.40,true,1,
7290015150903,false,תה ירוק לימונית וג נג ר,תה ויסוצקי (ישראל)בעמ,,,"י""ח",0.25,ל 100 גרם,false,1,24.90,99.60,true,1,
7290015155823,false,פרינוק מחית תפוח 120ג פאוץ,גורי מוצרי צריכה בעמ,,,"י""ח",1.20,ל 100 גרם,false,1,5.90,4.92,true,1,
7290015155830,false,פרינוק מחית תפוח ובננה 120ג,גורי מוצרי צריכה בעמ,,,"י""ח",1.20,ל 100 גרם,false,1,5.90,4.92,true,1,
7290015155847,false,פרינוק מחית תסלט פירות  120ג,גורי מוצרי צריכה בעמ,,,"י""ח",1.20,ל 100 גרם,false,1,5.90,4.92,true,1,
7290015155878,false,חטיפטף בטעם טבעי 28גר,גורי מוצרי צריכה בעמ,,,"י""ח",1,,false,1,6.90,6.90,false,1,
7290015155885,false,חטיפטף בטעם אוכמניות 30גר,גורי מוצרי צריכה בעמ,,,"י""ח",1,,false,1,6.90,6.90,false,1,
7290015155892,false,חטיפטף בטעם בננה 31גר,גורי מוצרי צריכה בעמ,,,"י""ח",1,,false,1,6.90,6.90,false,1,
7290015156769,false,פרינוק מחית תפוח ואוכמניות 120ג,גורי מוצרי צריכה בעמ,,,"י""ח",1.20,ל 100 גרם,false,1,5.90,4.92,true,1,
7290015156776,false,פרינוק מחית פירות טרופיים 120ג,גורי מוצרי צריכה בעמ,,,"י""ח",1.20,ל 100 גרם,false,1,5.90,4.92,true,1,
7290015156790,false,פרינוק מחית לפתן פירות 120ג,גורי מוצרי צריכה בעמ,,,"י""ח",1.20,ל 100 גרם,false,1,5.90,4.92,true,1,
7290015156813,false,פרינוק מחית פירות מעורבים 120ג,גורי מוצרי צריכה בעמ,,,"י""ח",1.20,ל 100 גרם,false,1,5.90,4.92,true,1,
7290015176392,false,מברשת ש. ילדים ורוד פוגיקום,פוגיקום בעמ,,,"י""ח",1,,false,1,39.90,39.90,true,1,
7290015178273,false,מרינדה לעוף בגריל  530ג,תה ויסוצקי (ישראל)בעמ,,,"י""ח",5.30,"ל 100 מ""ל",false,1,13.90,2.62,true,1,
7290015282024,false,איקרא לבנה 200גר SEVEN SEAS,"סלטי שמיר2006בע""מ",,,"י""ח",2,ל 100 גרם,false,1,14.90,7.45,false,1,
7290015282390,false,תורכי  200ג,"סלטי שמיר2006בע""מ",,,"י""ח",2,ל 100 גרם,false,1,12.90,6.45,true,1,
7290015282581,false,חומוס אבו גוש עם חריף 200ג,"סלטי שמיר2006בע""מ",,,"י""ח",2,ל 100 גרם,false,1,11.90,5.95,true,1,
7290015282598,false,חומוס מסעדות  200ג,"סלטי שמיר2006בע""מ",,,"י""ח",2,ל 100 גרם,false,1,11.90,5.95,true,1,
7290015282604,false,טחינה מיוחדת  200ג,"סלטי שמיר2006בע""מ",,,"י""ח",2,ל 100 גרם,false,1,11.90,5.95,true,1,
7290015282628,false,חציל בטעם כבד  200ג,"סלטי שמיר2006בע""מ",,,"י""ח",2,ל 100 גרם,false,1,12.90,6.45,true,1,
7290015282635,false,חומוס מסבחה  200ג,"סלטי שמיר2006בע""מ",,,"י""ח",2,ל 100 גרם,false,1,11.90,5.95,true,1,
7290015282642,false,חומוס אבו גוש  200ג,"סלטי שמיר2006בע""מ",,,"י""ח",2,ל 100 גרם,false,1,11.90,5.95,true,1,
7290015282673,false,חציל במיונז ביתי   200ג,"סלטי שמיר2006בע""מ",,,"י""ח",2,ל 100 גרם,false,1,11.90,5.95,true,1,
7290015282697,false,כרוב אדום  200ג,"סלטי שמיר2006בע""מ",,,"י""ח",2,ל 100 גרם,false,1,12.90,6.45,true,1,
7290015282710,false,קוביות סלק  200ג,"סלטי שמיר2006בע""מ",,,"י""ח",2,ל 100 גרם,false,1,11.90,5.95,true,1,
7290015282727,false,גזר מרוקאי ברוטב פיקנטי  200ג,"סלטי שמיר2006בע""מ",,,"י""ח",2,ל 100 גרם,false,1,12.90,6.45,true,1,
7290015282734,false,מטבוחה ביתית  200ג,"סלטי שמיר2006בע""מ",,,"י""ח",2,ל 100 גרם,false,1,12.90,6.45,true,1,
7290015282741,false,חציל תאילנדי  200ג,"סלטי שמיר2006בע""מ",,,"י""ח",2,ל 100 גרם,false,1,12.90,6.45,true,1,
7290015282772,false,פלפל רצועות קלוי/מטוגן  200ג,"סלטי שמיר2006בע""מ",,,"י""ח",2,ל 100 גרם,false,1,12.90,6.45,true,1,
7290015282796,false,תפוח אדמה  200ג,"סלטי שמיר2006בע""מ",,,"י""ח",2,ל 100 גרם,false,1,12.90,6.45,true,1,
7290015320047,false,עוגיות בטעם חמאה 114ג,יעד ממתקים בעמ,,,"י""ח",1.14,ל 100 גרם,false,1,4.90,4.30,true,1,
7290015320481,false,טבלה 100 ג  מריר 60% קקאו,יעד ממתקים בעמ,,,"י""ח",1,ל 100 גרם,false,1,5,5,true,1,
7290015324533,false,רוזמרין 55ג מיכל גדול,תבליני טעם וריח בעמ,,,"י""ח",0.55,ל 100 גרם,false,1,9.90,18,true,1,
7290015324540,false,טימין 30ג מיכל גדול,תבליני טעם וריח בעמ,,,"י""ח",0.30,ל 100 גרם,false,1,9.90,33,true,1,
7290015325752,false,מגבונים אסותא רביעייה לתינוק,עיסא ערטול בעמ-סוכן הנקל סוד,,,"י""ח",4,"י""ח",false,1,17.90,4.48,false,1,
7290015347273,false,נטיפי שוקולד 250ג מיה,מיה תעשיות מזון מ.ת.מ בעמ,,,"י""ח",2.50,ל 100 גרם,false,1,8.90,3.56,false,1,
7290015347358,false,סודה לשתיה 50 גר בקרטון,מיה תעשיות מזון מ.ת.מ בעמ,,,"י""ח",1.50,ל 100 גרם,false,1,1.90,1.27,false,1,
7290015347464,false,קינואה מעורבת  500 גרם,מיה תעשיות מזון מ.ת.מ בעמ,,,"י""ח",5,ל 100 גרם,false,1,14.90,2.98,true,1,
7290015347488,false,"סוכר דמררה שקית 1ק""ג כשל""פ",מיה תעשיות מזון מ.ת.מ בעמ,,,"י""ח",1,"ק""ג",false,1,8.90,8.90,false,1,
7290015347525,false,ציפס  בטטה עם שום ורוזמרין  80ג,מיה תעשיות מזון מ.ת.מ בעמ,,,"י""ח",0.80,ל 100 גרם,false,1,7.90,9.88,false,1,
7290015347532,false,ציפס  בטטה עם שמן זית ועשבי טיבול 80ג,מיה תעשיות מזון מ.ת.מ בעמ,,,"י""ח",0.80,ל 100 גרם,false,1,9.90,12.38,false,1,
7290015347556,false,גבישי שום 80300גר צנצנת,מיה תעשיות מזון מ.ת.מ בעמ,,,"י""ח",3,ל 100 גרם,false,1,19.90,6.63,false,1,
7290015347679,false,"צ`ילי 70גר צנצנת כשל""פ",מיה תעשיות מזון מ.ת.מ בעמ,,,"י""ח",0.70,ל 100 גרם,false,1,13.90,19.86,false,1,
7290015347686,false,"צ`ילי 50גר שקית כשל""פ",מיה תעשיות מזון מ.ת.מ בעמ,,,"י""ח",0.50,ל 100 גרם,false,1,8.90,17.80,false,1,
7290015347990,false,עדשי שוקולד 1/8 160ג,מיה תעשיות מזון מ.ת.מ בעמ,,,"י""ח",1.60,ל 100 גרם,false,1,10.90,6.81,false,1,
7290015348423,false,תירוש משפחה  1ליטר,טמפו משקאות בעמ,,,"י""ח",7.50,"י""ח",false,1,15.90,2.08,true,1,
7290015350150,false,"יין סגל אדום חצי יבש 750מ""ל",טמפו משקאות בעמ,,,"י""ח",7.50,"ל 100 מ""ל",false,1,21.90,2.88,true,1,
7290015374286,false,"סיגר במילוי תפו""א בד""צ 400גר",חטיפי אלקיים בעמ ~~~,,,"י""ח",4,ל 100 גרם,false,1,11.90,2.98,false,1,
7290015374361,false,"קרפלך במילוי בשר בד""צ 400גר",חטיפי אלקיים בעמ ~~~,,,"י""ח",4,ל 100 גרם,false,1,11.90,2.98,false,1,
7290015596398,false,"אלכוגל 100מ""ל קיווי לימון","פישר תעשיות פרמבצטיות בע""מ",,,"י""ח",1,,false,1,9.90,9.90,true,1,
7290015603188,false,אטריות ביצים 454ג,מזרח ומערב יבוא ושיווק,,,"י""ח",0.4540,"ק""ג",false,1,10.90,24.01,true,1,
7290015603195,false,אטריות תרד 454 גרם,מזרח ומערב יבוא ושיווק,,,"י""ח",4.54,ל 100 גרם,false,1,10.90,2.40,true,1,
7290015603201,false,אטריות מחיטה מלאה 454גר,מזרח ומערב יבוא ושיווק,,,"י""ח",4.54,ל 100 גרם,false,1,10.90,2.40,true,1,
7290015603560,false,"שימורי קרם קוקוס 20-22% 400מ""ל",מזרח ומערב יבוא ושיווק,,,"י""ח",4,"ל 100 מ""ל",false,1,9.90,2.48,false,1,
7290015644297,false,לחמניות פשוט מלא 1/6,שלמה א.אנג ל בעמ,,,"י""ח",6,"י""ח",false,1,11.90,1.98,false,1,
7290015644457,false,מארז 9 לחמניות 675גר,שלמה א.אנג ל בעמ,,,"י""ח",6.75,ל 100 גרם,false,1,12.90,1.91,false,1,
7290015652254,false,גרעיני חמניה קלויים 400גרם ששון הקולה,*347340,,,"י""ח",4,ל 100 גרם,false,1,9.90,2.48,false,1,
7290015652261,false,בוטנים קלויים 300 גרם,*347340,,,"י""ח",3,ל 100 גרם,false,1,9.90,3.30,false,1,
7290015652285,false,אגוזים קלופים 250גר מדבקה,*347340,,,"י""ח",2.50,ל 100 גרם,false,1,20,8,false,1,
7290015652308,false,מנצ`ס 300גרם,*347340,,,"י""ח",3,ל 100 גרם,false,1,10,3.33,false,1,
7290015652315,false,חמוציות מסוכרות 300 גרם,*347340,,,"י""ח",3,ל 100 גרם,false,1,10,3.33,false,1,
7290015652322,false,בוטנים אמריקאים מצופים 400 גרם,*347340,,,"י""ח",4,ל 100 גרם,false,1,10,2.50,false,1,
7290015652407,false,פיסטוק קלוי 250גר,*347340,,,"י""ח",2.50,ל 100 גרם,false,1,20,8,false,1,
7290015683326,false,קומקום חשמלי לבן.,פוגיקום בעמ,,,"י""ח",1,,false,1,79.90,79.90,true,1,
7290015733120,false,מטרנה גולד שלב 1 700גר,קבוצת אוסם סחר-שות.מוגבלת,,,"י""ח",7,ל 100 גרם,false,1,74.90,10.70,true,1,
7290015733144,false,מטרנה גולד שלב 2 700גר,קבוצת אוסם סחר-שות.מוגבלת,,,"י""ח",7,ל 100 גרם,false,1,74.90,10.70,true,1,
7290015733229,false,מטרנה אקסטרה קר שלב 2 מהדרין 700גר`,קבוצת אוסם סחר-שות.מוגבלת,,,"י""ח",7,ל 100 גרם,false,1,59.90,8.56,false,1,
7290015733243,false,מטרנה אקסטרה קר שלב 3 מהדרין 700גר`,קבוצת אוסם סחר-שות.מוגבלת,,,"י""ח",7,ל 100 גרם,false,1,59.90,8.56,false,1,
7290015733427,false,מטרנה דיסת גם וגם וניל 300גר,קבוצת אוסם סחר-שות.מוגבלת,,,"י""ח",3,ל 100 גרם,false,1,18.90,6.30,false,1,
7290015781008,false,"יין מרלו VISION 750מ""ל",יקבי טפרברג 1870 בעמ,,,"י""ח",7.50,"ל 100 מ""ל",false,1,39.90,5.28,true,1,
7290015781015,false,"יין מלבק VISION 750מ""ל",יקבי טפרברג 1870 בעמ,,,"י""ח",7.50,"ל 100 מ""ל",false,1,39.90,5.28,true,1,
7290015781046,false,"יין לבן חצי יבש VISION 750מ""ל",יקבי טפרברג 1870 בעמ,,,"י""ח",7.50,"ל 100 מ""ל",false,1,39.90,5.28,true,1,
7290015781053,false,"יין לבן יבש VISION 750מ""ל",יקבי טפרברג 1870 בעמ,,,"י""ח",7.50,"ל 100 מ""ל",false,1,39.90,5.28,true,1,
7290015781091,false,"יין קברנה סביניון VISION 750מ""ל",יקבי טפרברג 1870 בעמ,,,"י""ח",7.50,"ל 100 מ""ל",false,1,39.90,5.28,true,1,
7290015781114,false,"יין מרלו IMPRESSION  750מ""ל",יקבי טפרברג 1870 בעמ,,,"י""ח",7.50,"ל 100 מ""ל",false,1,49.90,6.61,true,1,
7290015781121,false,"יין קברנה סוביניון IMPRESSION  750מ""ל",יקבי טפרברג 1870 בעמ,,,"י""ח",7.50,"ל 100 מ""ל",false,1,49.90,6.61,true,1,
7290015781268,false,"יין אדום מוסקטו  750מ""ל",יקבי טפרברג 1870 בעמ,,,"י""ח",7.50,"ל 100 מ""ל",false,1,39.90,5.28,true,1,
7290015781275,false,"יין לבן מוסקטו  750מ""ל",יקבי טפרברג 1870 בעמ,,,"י""ח",7.50,"ל 100 מ""ל",false,1,39.90,5.28,true,1,
7290015781299,false,"יין שיראז VISION 750מ""ל",יקבי טפרברג 1870 בעמ,,,"י""ח",7.50,"ל 100 מ""ל",false,1,39.90,5.28,true,1,
7290015781657,false,"אלגרו למברוסקו רוזה  750מ""ל מבעבע",יקבי טפרברג 1870 בעמ,,,"י""ח",7.50,"ל 100 מ""ל",false,1,34.90,4.61,true,1,
7290015804394,false,רוטב עגבניות BX22 260 ג,ויטה- פרי גליל (החדשה) בעמ,,,"י""ח",6,ל 100 גרם,false,1,3.90,0.65,true,1,
7290015804400,false,עגבניות מרוסקות,ויטה- פרי גליל (החדשה) בעמ,,,"י""ח",6,ל 100 גרם,false,1,3.90,0.65,true,1,
7290015804417,false,עגבניות מרוסקות עם שום,ויטה- פרי גליל (החדשה) בעמ,,,"י""ח",6,ל 100 גרם,false,1,3.90,0.65,true,1,
7290015804424,false,עגבניות מרוסקות טעם בזיליקום,ויטה- פרי גליל (החדשה) בעמ,,,"י""ח",6,ל 100 גרם,false,1,3.90,0.65,true,1,
7290015804486,false,עגבניות מרוסקות טעם שקשוקה,ויטה- פרי גליל (החדשה) בעמ,,,"י""ח",6,ל 100 גרם,false,1,3.90,0.65,true,1,
7290015804806,false,רוטב עגבניות BX22 260 ג,ויטה- פרי גליל (החדשה) בעמ,,,"י""ח",6,ל 100 גרם,false,1,3.90,0.65,true,1,
7290015804813,false,רוטב עגבניות BX22 100ג,ויטה- פרי גליל (החדשה) בעמ,,,"י""ח",1,ל 100 גרם,false,1,2.10,2.10,true,1,
7290015856508,false,קרקר חטיפית שומשום 180גר,ח.כהן סוכנות מזון ומשקאות בע,,,"י""ח",1.80,ל 100 גרם,false,1,3.90,2.17,false,1,
7290015858106,false,פסטו ביתי  על הלחם 180גר*,"שטראוס גרופ ***בע""מ",,,"י""ח",1.80,ל 100 גרם,false,1,15.90,8.83,true,1,
7290015858113,false,ממרח עגבניות מיובשות 180גר,"שטראוס גרופ ***בע""מ",,,"י""ח",1.80,ל 100 גרם,false,1,15.90,8.83,true,1,
7290015858144,false,ממרח ארטישוק  180גר,"שטראוס גרופ ***בע""מ",,,"י""ח",1.80,ל 100 גרם,false,1,15.90,8.83,true,1,
7290015858151,false,ממרח שום 180ג עללחם*,"שטראוס גרופ ***בע""מ",,,"י""ח",1.80,ל 100 גרם,false,1,15.90,8.83,true,1,
7290015858175,false,ממרח פלפלים קלויים 180גר,"שטראוס גרופ ***בע""מ",,,"י""ח",1.80,ל 100 גרם,false,1,15.90,8.83,true,1,
7290015858229,false,טפנד זיתי קלמטה  180גר,"שטראוס גרופ ***בע""מ",,,"י""ח",1.80,ל 100 גרם,false,1,15.90,8.83,true,1,
7290015858427,false,מארז ממרח  240ג עללחם*,"שטראוס גרופ ***בע""מ",,,"י""ח",2.40,ל 100 גרם,false,1,24.90,10.38,true,1,
7290015858434,false,שום כתוש 250גר עללחם.,"שטראוס גרופ ***בע""מ",,,"י""ח",2.50,ל 100 גרם,false,1,13.90,5.56,true,1,
7290015858687,false,איולי שום עללחם 295גר*,"שטראוס גרופ ***בע""מ",,,"י""ח",2.95,ל 100 גרם,false,1,14.90,5.05,true,1,
7290015859219,false,בזיליקום,ביכורי השדה צפון 1994 ג.ד. בעמ,,,"י""ח",1,,false,1,5.90,5.90,false,1,
7290015872096,false,חומוס אסלי 700ג{שמיר{,"סלטי שמיר2006בע""מ",,,"י""ח",7,ל 100 גרם,false,1,8.90,1.27,true,1,
7290015872553,false,חומוס של שמיר  מסעדה 700ג,"סלטי שמיר2006בע""מ",,,"י""ח",0.70,"ק""ג",false,1,9.90,14.14,true,1,
7290015888196,false,שמן חמניות 1ל,בני ג ורג שוקחה בעמ,,,"י""ח",1,ליטר,false,1,12.80,12.80,false,1,
7290015888301,false,שמן חמניות 3 ל,בני ג ורג שוקחה בעמ,,,"י""ח",3,ליטר,false,1,36.90,12.30,false,1,
7290015889605,false,"פסטיס 700מ""ל",אחים אוחיון משקאות בעמ,,,"י""ח",7,"ל 100 מ""ל",false,1,49.90,7.09,true,1,
7290015968102,false,קיסמי שיניים רפואיים עם חוט דנטאלי 100,אינטרסן (1996) בעמ,,,"י""ח",200,"י""ח",false,1,10,0.05,true,1,
7290015968133,false,אטבי פרמיום כחול/לבן 48 יח במארז,אינטרסן (1996) בעמ,,,"י""ח",48,"י""ח",false,1,10,0.21,true,1,
7290015968782,false,פדים להסרת איפור 1/3,אינטרסן (1996) בעמ,,,"י""ח",3,"י""ח",false,1,12.90,4.30,true,1,
7290016006148,false,שוופס ענבים 0.5ל,יפאורה שותפות מוגבלת לשיווק,,,"י""ח",5,"ל 100 מ""ל",false,1,4.50,0.84,true,1,
7290016006292,false,ספרינג נקטר מנגו בננה מלון 1ל,יפאורה שותפות מוגבלת לשיווק,,,"י""ח",1,ליטר,false,1,6.90,6.90,true,1,
7290016006339,false,מי עדן 1ל רביעייה,יפאורה שותפות מוגבלת לשיווק,,,"י""ח",9,ליטר,false,1,10.90,1.08,false,1,
7290016006346,false,סודה שוופס 0.5ל שישייה,יפאורה שותפות מוגבלת לשיווק,,,"י""ח",3,"ל 100 מ""ל",false,1,13.90,4.03,true,1,
7290016014693,false,ירק*פטרוזיליה,ביכורי השדה צפון 1994 ג.ד. בעמ,,,"י""ח",1,,false,1,3.90,3.90,true,1,
7290016035025,false,לחם פשתן 450ג,נאמן לאורך זמן בעמ,,,"י""ח",4.50,ל 100 גרם,false,1,25.90,5.76,false,1,
7290016087499,false,עגבניות חתוכות דק 400ג שלישיה,ח.כהן סוכנות מזון ומשקאות בע,,,"י""ח",4,ל 100 גרם,false,1,12.90,3.23,false,1,
7290016096491,false,טונה  בשמן צמחי 80גרם*מארז שלישיה,תעשיות פילטונה בעמ,,,"י""ח",2.40,ל 100 גרם,false,1,11.90,4.96,true,1,
7290016096507,false,טונה  בשמן קנולה  80גרם*מארז שלישיה,תעשיות פילטונה בעמ,,,"י""ח",2.40,ל 100 גרם,false,1,11.90,4.96,true,1,
7290016096934,false,זוגות סלט טונה 160גר פילטונה,תעשיות פילטונה בעמ,,,"י""ח",3.20,ל 100 גרם,false,1,11.90,3.72,true,1,
7290016114300,false,לילי גליל כפול 16 גלילים,קימברלי קלארק ישראל שיווק בעמ,,,"י""ח",19.53,ל 100 גרם,false,1,39.90,2.04,true,1,
7290016144000,false,"קמח חיטה  מלא נפלאות   80% 1ק""ג",תה ויסוצקי (ישראל)בעמ,,,"י""ח",1,"ק""ג",false,1,9.90,9.90,false,1,
7290016144017,false,"קמח מלא נפלאות 100% 1ק""ג",תה ויסוצקי (ישראל)בעמ,,,"י""ח",1,"ק""ג",false,1,9.90,9.90,false,1,
7290016144024,false,"קמח כוסמין 100%   1ק""ג",תה ויסוצקי (ישראל)בעמ,,,"י""ח",1,"ק""ג",false,1,16.90,16.90,false,1,
7290016144031,false,"קמח לבן מנופה  1ק""ג נפלאות",תה ויסוצקי (ישראל)בעמ,,,"י""ח",1,"ק""ג",false,1,6.90,6.90,false,1,
7290016144048,false,"קמח כוסמין לבן   1ק""ג",תה ויסוצקי (ישראל)בעמ,,,"י""ח",1,"ק""ג",false,1,17.90,17.90,false,1,
7290016144055,false,"קמח כוסמין 80%   1ק""ג",תה ויסוצקי (ישראל)בעמ,,,"י""ח",1,"ק""ג",false,1,15.90,15.90,false,1,
7290016144116,false,"קמח תופח   1ק""ג",תה ויסוצקי (ישראל)בעמ,,,"י""ח",1,"ק""ג",false,1,11.90,11.90,false,1,
7290016150117,false,סלק בואקום לירון 500גר,ביכורי השדה צפון 1994 ג.ד. בעמ,,,"י""ח",5,ל 100 גרם,false,1,8.90,1.78,true,1,
7290016162233,false,עוגיות דיזרט פרמיום סוגים שונים פרווה,קפולסקי אדל בעמ,,,"י""ח",2.80,ל 100 גרם,false,1,19.90,7.11,false,1,
7290016162264,false,עוגת גבינה אפויה  רנסנס 450גר,קפולסקי אדל בעמ,,,"י""ח",4.50,ל 100 גרם,false,1,44.90,9.98,false,1,
7290016197488,false,מטלית קסם לשיש שלשות.,קימברלי קלארק ישראל שיווק בעמ,,,"י""ח",3,"י""ח",false,1,11.90,3.97,false,1,
7290016197495,false,מטלית קסם לרצפה זוג ניקול.,קימברלי קלארק ישראל שיווק בעמ,,,"י""ח",2,"י""ח",false,1,21.90,10.95,false,1,
7290016197617,false,דיפנד תחבושות אקסטרה,קימברלי קלארק ישראל שיווק בעמ,,,"י""ח",1,,false,1,17.90,17.90,true,1,
7290016197839,false,שקיות החזקה XL ניקול,קימברלי קלארק ישראל שיווק בעמ,,,"י""ח",1,"י""ח",false,1,23.90,23.90,false,1,
7290016197853,false,ניקול אשפתון פחים בינונים 50יח,קימברלי קלארק ישראל שיווק בעמ,,,"י""ח",50,"י""ח",false,1,15.90,0.32,false,1,
7290016197877,false,שקית לפחי מטבח קטנים M,קימברלי קלארק ישראל שיווק בעמ,,,"י""ח",1,"י""ח",false,1,22.90,22.90,false,1,
7290016217643,false,חמוצים סיני אסלי 400ג,"סלטי שמיר2006בע""מ",,,"י""ח",4,ל 100 גרם,false,1,10.90,2.73,true,1,
7290016217742,false,חיצל בטחינה  200ג,"סלטי שמיר2006בע""מ",,,"י""ח",2,ל 100 גרם,false,1,11.90,5.95,true,1,
7290016217759,false,חיצל מרוקאי  200ג,"סלטי שמיר2006בע""מ",,,"י""ח",2,ל 100 גרם,false,1,12.90,6.45,true,1,
7290016245929,false,לחם טחינה עשיר חלבון 450ג,נאמן לאורך זמן בעמ,,,"י""ח",4.50,ל 100 גרם,false,1,26.90,5.98,false,1,
7290016246018,false,חטיף מיקס פינוקיות חלבה בארכה 20ג*9,קבוצת אוסם סחר-שות.מוגבלת,,,"י""ח",1.80,ל 100 גרם,false,1,11.90,6.61,false,1,
7290016246025,false,חטיף מיקס  חלבה ללא סוכר בארכה 20ג*9,קבוצת אוסם סחר-שות.מוגבלת,,,"י""ח",1.80,ל 100 גרם,false,1,11.90,6.61,false,1,
7290016246209,false,חטיף חלבה וניל 100ג כשלפ,קבוצת אוסם סחר-שות.מוגבלת,,,"י""ח",1,ל 100 גרם,false,1,3.80,3.80,false,1,
7290016246308,false,מאגדת חטיפי חלבה וניל קוקוס  126גר,קבוצת אוסם סחר-שות.מוגבלת,,,"י""ח",1.26,ל 100 גרם,false,1,11.90,9.44,false,1,
7290016270709,false,עגבניות שרי קלמרים.,ביכורי השדה צפון 1994 ג.ד. בעמ,,,"י""ח",1,,false,1,9.90,9.90,false,1,
7290016276756,false,מעדן 4 פירות 100% רכיבים פרי 284גר ללא,*347340,,,"י""ח",2.84,ל 100 גרם,false,1,13.90,4.89,true,1,
7290016276763,false,מעדן שזיף 100% רכיבים פרי 284גר ללא,*347340,,,"י""ח",2.84,ל 100 גרם,false,1,13.90,4.89,true,1,
7290016276787,false,מעדן אננס  100% רכיבים פרי 284גר ללא,*347340,,,"י""ח",2.84,ל 100 גרם,false,1,13.90,4.89,true,1,
7290016276800,false,מעדן תפוח עץ 100% רכיבים פרי 284גר ללא,*347340,,,"י""ח",2.84,ל 100 גרם,false,1,13.90,4.89,true,1,
7290016277470,false,שיבולת שועל דקה 350ג,*347340,,,"י""ח",3.50,ל 100 גרם,false,1,3.90,1.11,true,1,
7290016277487,false,שיבולת שועל עבה 350ג,*347340,,,"י""ח",3.50,ל 100 גרם,false,1,3.90,1.11,true,1,
7290016319309,false,אל סבון 1לי מאסק+משאבה,דנשר (1963) בעמ,,,"י""ח",1,ליטר,false,1,9.90,9.90,false,1,
7290016320343,false,טואלט דאק נוזל זוג,דנשר (1963) בעמ,,,"י""ח",1.50,ליטר,false,1,16.90,11.27,false,1,
7290016321661,false,פרש ואנס רביעייה SENSITIVA CARE,דנשר (1963) בעמ,,,"י""ח",4,"י""ח",false,1,19.90,4.98,true,1,
7290016321678,false,פרש ואנס רביעייה NATURAL CARE,דנשר (1963) בעמ,,,"י""ח",4,"י""ח",false,1,19.90,4.98,true,1,
7290016321883,false,נ.טואלט לח לילדים שלישייה פרשוואנס,דנשר (1963) בעמ,,,"י""ח",1,,false,1,13.90,13.90,false,1,
7290016329308,false,סרקל קרם שיער]רוזמרין[,"פישר תעשיות פרמבצטיות בע""מ",,,"י""ח",3.25,ל 100 גרם,false,1,25.90,7.97,false,1,
7290016329674,false,"קרם פנים לתינוק קמיל בלו 75מ""ל","פישר תעשיות פרמבצטיות בע""מ",,,"י""ח",4,"ל 100 מ""ל",false,1,19.90,4.98,true,1,
7290016334050,false,סלרי חתוך.,ביכורי השדה צפון 1994 ג.ד. בעמ,,,"י""ח",1,,false,1,6.90,6.90,true,1,
7290016334166,false,לוף,ביכורי השדה צפון 1994 ג.ד. בעמ,,,"י""ח",1,,false,1,9.90,9.90,false,1,
7290016334173,false,פלפל טינקרבל שמיטה,ביכורי השדה צפון 1994 ג.ד. בעמ,,,"י""ח",1,,false,1,8.90,8.90,true,1,
7290016334180,false,מלפפון בייבי שמיטה,ביכורי השדה צפון 1994 ג.ד. בעמ,,,"י""ח",1,,false,1,8.90,8.90,true,1,
7290016334296,false,ברוקולי ארוז יחידה שמיטה,ביכורי השדה צפון 1994 ג.ד. בעמ,,,"י""ח",1,,false,1,11.90,11.90,false,1,
7290016334388,false,פלפל צ`ילי שמיטה,ביכורי השדה צפון 1994 ג.ד. בעמ,,,"י""ח",1,,false,1,7.90,7.90,false,1,
7290016334395,false,שיבא,ביכורי השדה צפון 1994 ג.ד. בעמ,,,"י""ח",1,,false,1,6.90,6.90,false,1,
7290016334432,false,שורש פטרוזילה,ביכורי השדה צפון 1994 ג.ד. בעמ,,,"י""ח",1,,false,1,6.90,6.90,false,1,
7290016334456,false,בזיליקום,ביכורי השדה צפון 1994 ג.ד. בעמ,,,"י""ח",1,,false,1,5.90,5.90,false,1,
7290016334463,false,סלרי ראש,ביכורי השדה צפון 1994 ג.ד. בעמ,,,"י""ח",1,,false,1,6.90,6.90,false,1,
7290016334494,false,חסה ערבית,ביכורי השדה צפון 1994 ג.ד. בעמ,,,"י""ח",1,,false,1,4.90,4.90,false,1,
7290016334500,false,חסה לבבות מארז זוג,ביכורי השדה צפון 1994 ג.ד. בעמ,,,"י""ח",3,ל 100 גרם,false,1,8.90,2.97,false,1,
7290016334579,false,פטרוזיליה ארוז,ביכורי השדה צפון 1994 ג.ד. בעמ,,,"י""ח",1,,false,1,3.90,3.90,true,1,
7290016334586,false,כוסברה ארוז,ביכורי השדה צפון 1994 ג.ד. בעמ,,,"י""ח",1,,false,1,4.90,4.90,true,1,
7290016334593,false,שמיר ארוז,ביכורי השדה צפון 1994 ג.ד. בעמ,,,"י""ח",1,,false,1,4.90,4.90,true,1,
7290016334609,false,נענע,ביכורי השדה צפון 1994 ג.ד. בעמ,,,"י""ח",1,,false,1,4.90,4.90,true,1,
7290016334616,false,בצל ירוק,ביכורי השדה צפון 1994 ג.ד. בעמ,,,"י""ח",1,,false,1,5.90,5.90,false,1,
7290016334623,false,סלרי עלים,ביכורי השדה צפון 1994 ג.ד. בעמ,,,"י""ח",1,"י""ח",false,1,5.90,5.90,false,1,
7290016334647,false,סלק עלים,ביכורי השדה צפון 1994 ג.ד. בעמ,,,"י""ח",1,,false,1,6.90,6.90,false,1,
7290016334654,false,תרד ניוזילנדי 200גר.,ביכורי השדה צפון 1994 ג.ד. בעמ,,,"י""ח",2,ל 100 גרם,false,1,14.90,7.45,false,1,
7290016334784,false,גינגר ארוז 200ג שמיטה,ביכורי השדה צפון 1994 ג.ד. בעמ,,,"י""ח",1,,false,1,11.90,11.90,false,1,
7290016334814,false,חסה סלנובה,ביכורי השדה צפון 1994 ג.ד. בעמ,,,"י""ח",1,,false,1,11.90,11.90,false,1,
7290016334883,false,שרי תמר בוסתן שמיטה,ביכורי השדה צפון 1994 ג.ד. בעמ,,,"י""ח",1,,false,1,11.90,11.90,false,1,
7290016334890,false,שרי ליקופן שמיטה,ביכורי השדה צפון 1994 ג.ד. בעמ,,,"י""ח",1,,false,1,11.90,11.90,false,1,
7290016334906,false,מיקס עגבניות שרי.,ביכורי השדה צפון 1994 ג.ד. בעמ,,,"י""ח",1,,false,1,12.90,12.90,false,1,
7290016370225,false,תחתיות ארטישוק 220ג,"קבוצת יבנה מוצרי מזון בע""מ",,,"י""ח",2.20,ל 100 גרם,false,1,7.90,3.59,false,1,
7290016370270,false,זית קלמטה ללא גלעין A2,"קבוצת יבנה מוצרי מזון בע""מ",,,"י""ח",5.60,ל 100 גרם,false,1,11.90,2.13,false,1,
7290016370959,false,חציל קלוי על האש 580 גרם,"קבוצת יבנה מוצרי מזון בע""מ",,,"י""ח",0.58,ל 100 גרם,false,1,9.90,17.07,false,1,
7290016370973,false,פלפל קלויה גמביה בצנצנת 580 גרם,"קבוצת יבנה מוצרי מזון בע""מ",,,"י""ח",0.58,ל 100 גרם,false,1,9.90,17.07,false,1,
7290016372342,false,עגבניות תחוכות לקוביות 400גר*3יח,תה ויסוצקי (ישראל)בעמ,,,"י""ח",4,ל 100 גרם,false,1,17.90,4.48,true,1,
7290016372373,false,רוטב עגבניות 140גר*2יח,תה ויסוצקי (ישראל)בעמ,,,"י""ח",2.80,ל 100 גרם,false,1,7.90,2.82,false,1,
7290016372458,false,תה לימונית ולואיזה 50 הגן הקסום,תה ויסוצקי (ישראל)בעמ,,,"י""ח",0.75,ל 100 גרם,false,1,33.70,44.93,false,1,
7290016372489,false,חליטת ג`ינג`ר ולימון סודות הצמחים,תה ויסוצקי (ישראל)בעמ,,,"י""ח",20,"י""ח",false,1,17.90,0.90,true,1,
7290016387339,false,מטליות מיקרופייבר ג`מבו לרצפה 2יח,מ.א.ייצור ויבוא,,,"י""ח",2,"י""ח",false,1,14.90,7.45,false,1,
7290016400038,false,תבניות ארוז 210 R99 חמישייה שווה,ח.כהן סוכנות מזון ומשקאות בע,,,"י""ח",20,"י""ח",false,1,9.90,0.50,false,1,
7290016400168,false,שקיות צליה 10יח שווה,ח.כהן סוכנות מזון ומשקאות בע,,,"י""ח",10,"י""ח",false,1,4.90,0.49,true,1,
7290016400175,false,שקיות צליה ענק 5יח שווה,ח.כהן סוכנות מזון ומשקאות בע,,,"י""ח",10,"י""ח",false,1,4.90,0.49,true,1,
7290016400243,false,מפיות נייר תלת שכבתי מעוטרות 20יח שווה,ח.כהן סוכנות מזון ומשקאות בע,,,"י""ח",10,"י""ח",false,1,6.90,0.69,true,1,
7290016400281,false,שיפודים 70יח שווה,ח.כהן סוכנות מזון ומשקאות בע,,,"י""ח",70,"י""ח",false,1,3.90,0.06,false,1,
7290016400311,false,קיסמי שיניים מלחיה 300יח שווה,ח.כהן סוכנות מזון ומשקאות בע,,,"י""ח",1,,false,1,3.90,3.90,false,1,
7290016400328,false,קיסמי שיניים חבת 500יח שווה,ח.כהן סוכנות מזון ומשקאות בע,,,"י""ח",1,,false,1,3.90,3.90,false,1,
7290016400342,false,נר הבדלה שטוח שווה,ח.כהן סוכנות מזון ומשקאות בע,,,"י""ח",1,,false,1,8.90,8.90,false,1,
7290016400373,false,נר הבדלה דמוי פמוט דקורטיבי שווה,ח.כהן סוכנות מזון ומשקאות בע,,,"י""ח",1,,false,1,15.90,15.90,false,1,
7290016400380,false,גפרורים ארוך שווה,ח.כהן סוכנות מזון ומשקאות בע,,,"י""ח",10,"י""ח",false,1,6.90,0.69,true,1,
7290016400403,false,שקיות שחור 75/90 גליל 50יח  שווה,ח.כהן סוכנות מזון ומשקאות בע,,,"י""ח",50,"י""ח",false,1,14.90,0.30,false,1,
7290016400427,false,אשפתון גופיה 55/70 סגול 50יח שווה HD,ח.כהן סוכנות מזון ומשקאות בע,,,"י""ח",50,"י""ח",false,1,20.90,0.42,false,1,
7290016400434,false,אשפתון גופיה 75/90 חזק אפור 25יח שווה,ח.כהן סוכנות מזון ומשקאות בע,,,"י""ח",25,"י""ח",false,1,17.90,0.72,true,1,
7290016400441,false,אשפתון גופיה 75/90 קרם 40יח שווה,ח.כהן סוכנות מזון ומשקאות בע,,,"י""ח",40,"י""ח",false,1,20.90,0.52,false,1,
7290016400458,false,מפת גליל 45 מטר  שווה,ח.כהן סוכנות מזון ומשקאות בע,,,"י""ח",45,מטר,false,1,24.90,0.55,true,1,
7290016400502,false,גפרורים 10 חדש שווה,ח.כהן סוכנות מזון ומשקאות בע,,,"י""ח",10,"י""ח",false,1,4,0.40,false,1,
7290016400519,false,מפה גליל 45מטר  עובי כפול שווה,ח.כהן סוכנות מזון ומשקאות בע,,,"י""ח",1,,false,1,39.90,39.90,false,1,
7290016400724,false,שיפודים עבים במיוחד 50יח שווה,ח.כהן סוכנות מזון ומשקאות בע,,,"י""ח",70,"י""ח",false,1,3.90,0.06,false,1,
7290016400793,false,מפיות נייר 100יח שווה,ח.כהן סוכנות מזון ומשקאות בע,,,"י""ח",100,"י""ח",false,1,5.90,0.06,true,1,
7290016401103,false,טורטיה ענקית 30 ס``מ 6 יח` שווה,ח.כהן סוכנות מזון ומשקאות בע,,,"י""ח",5.40,ל 100 גרם,false,1,11.90,2.20,true,1,
7290016401141,false,טורטיה תירס 1/8 320ג שווה,ח.כהן סוכנות מזון ומשקאות בע,,,"י""ח",3.20,ל 100 גרם,false,1,10.90,3.41,true,1,
7290016401158,false,נודלס דקות 200ג שווה,ח.כהן סוכנות מזון ומשקאות בע,,,"י""ח",2,ל 100 גרם,false,1,5.90,2.95,false,1,
7290016401165,false,נודלס רחבות 200ג שווה,ח.כהן סוכנות מזון ומשקאות בע,,,"י""ח",2,ל 100 גרם,false,1,5.90,2.95,false,1,
7290016401172,false,נודלס דקות 400ג שווה,ח.כהן סוכנות מזון ומשקאות בע,,,"י""ח",4,ל 100 גרם,false,1,7.90,1.98,false,1,
7290016401189,false,נודלס רחבות 400ג שווה,ח.כהן סוכנות מזון ומשקאות בע,,,"י""ח",4,ל 100 גרם,false,1,7.90,1.98,false,1,
7290016401196,false,"שמן קוקוס אורגני 500מ""ל  שווה",ח.כהן סוכנות מזון ומשקאות בע,,,"י""ח",5,"ל 100 מ""ל",false,1,25.90,5.18,true,1,
7290016401240,false,"נוזל קוקוס 400מ""ל 5-7% שווה",ח.כהן סוכנות מזון ומשקאות בע,,,"י""ח",4,"ל 100 מ""ל",false,1,7.90,1.98,false,1,
7290016401257,false,"קרם קוקוס 400מ""ל 21-22% שווה",ח.כהן סוכנות מזון ומשקאות בע,,,"י""ח",4,"ל 100 מ""ל",false,1,9.90,2.48,false,1,
7290016401271,false,עלי גפן ממולא 280גר  שווה,ח.כהן סוכנות מזון ומשקאות בע,,,"י""ח",2.80,ל 100 גרם,false,1,7.50,2.68,false,1,
7290016401295,false,"רוטב צילי מתוק 700מ""ל שווה",ח.כהן סוכנות מזון ומשקאות בע,,,"י""ח",7,"ל 100 מ""ל",false,1,11.90,1.70,false,1,
7290016401493,false,רוטב לימון משומר 1ליטר שווה,ח.כהן סוכנות מזון ומשקאות בע,,,"י""ח",1,ליטר,false,1,6.90,6.90,false,1,
7290016401509,false,חומץ 1ליטר 5% שווה,ח.כהן סוכנות מזון ומשקאות בע,,,"י""ח",1,ליטר,false,1,5.90,5.90,false,1,
7290016401578,false,זוג רדיד אלומיניום ארוך  שווה,ח.כהן סוכנות מזון ומשקאות בע,,,"י""ח",1,"י""ח",false,1,14.90,14.90,false,1,
7290016401585,false,זוג רדיד אלומיניות קצר   שווה,ח.כהן סוכנות מזון ומשקאות בע,,,"י""ח",1,"י""ח",false,1,10.90,10.90,false,1,
7290016401592,false,זוג ניילון נצמד ביתי  שווה,ח.כהן סוכנות מזון ומשקאות בע,,,"י""ח",1,"י""ח",false,1,11.90,11.90,true,1,
7290016401615,false,מקל עץ 1.5 הברגה שווה,ח.כהן סוכנות מזון ומשקאות בע,,,"י""ח",1,,false,1,6.90,6.90,false,1,
7290016401677,false,נרונים 6שעות 72יח,ח.כהן סוכנות מזון ומשקאות בע,,,"י""ח",72,"י""ח",false,1,27.90,0.39,false,1,
7290016401707,false,אטבי כביסה איכותיים 40יח  שווה,ח.כהן סוכנות מזון ומשקאות בע,,,"י""ח",40,"י""ח",false,1,11.90,0.30,true,1,
7290016401714,false,קש שחור עבה 125יח שווה,ח.כהן סוכנות מזון ומשקאות בע,,,"י""ח",125,"י""ח",false,1,7.90,0.06,false,1,
7290016401745,false,קיסמי שיניים דנטליים עם חוט 50יח שווה,ח.כהן סוכנות מזון ומשקאות בע,,,"י""ח",50,"י""ח",false,1,6.90,0.14,false,1,
7290016401806,false,תבניות לחלה עבות במיוחד 4* שווה,ח.כהן סוכנות מזון ומשקאות בע,,,"י""ח",4,"י""ח",false,1,9.90,2.48,true,1,
7290016401820,false,תבניות רוסטר עבות במיוחד 4* שווה,ח.כהן סוכנות מזון ומשקאות בע,,,"י""ח",4,"י""ח",false,1,9.90,2.48,true,1,
7290016401844,false,תבניות רוסטר גדול עבות במיוחד 2* שוו,ח.כהן סוכנות מזון ומשקאות בע,,,"י""ח",2,"י""ח",false,1,9.90,4.95,true,1,
7290016401851,false,תבניות אובן עבות במיוחד 4* שווה,ח.כהן סוכנות מזון ומשקאות בע,,,"י""ח",4,"י""ח",false,1,9.90,2.48,true,1,
7290016401875,false,תבניות רוסטר ביבוני עבות במיוחד 3* שוו,ח.כהן סוכנות מזון ומשקאות בע,,,"י""ח",3,"י""ח",false,1,9.90,3.30,true,1,
7290016401882,false,מטליות מיקרופייבר 1/3 לרצפה,ח.כהן סוכנות מזון ומשקאות בע,,,"י""ח",10,"י""ח",false,1,18.90,1.89,false,1,
7290016401899,false,מטליות מיקרופייבר 1/10 ניקוי כללי,ח.כהן סוכנות מזון ומשקאות בע,,,"י""ח",10,"י""ח",false,1,18.90,1.89,false,1,
7290016401905,false,שקיות לפח קטן 40/45 שווה,ח.כהן סוכנות מזון ומשקאות בע,,,"י""ח",10,"י""ח",false,1,9.90,0.99,false,1,
7290016408294,false,"מרשמלו  כרמית  150גר בד""ץ",כרמית תעשיות ממתקים בעמ,,,"י""ח",1,,false,1,5.50,5.50,true,1,
7290016408447,false,חטיף קרקר עם עגבניות ובזיליקום 130גר,כרמית תעשיות ממתקים בעמ,,,"י""ח",1.30,ל 100 גרם,false,1,6.90,5.31,true,1,
7290016408720,false,מיקסים בייגלה מצופה שוקולד לבן 55ג,כרמית תעשיות ממתקים בעמ,,,"י""ח",0.55,ל 100 גרם,false,1,3.90,7.09,true,1,
7290016408744,false,מרשמלו טוויסטר 150ג בדצ,כרמית תעשיות ממתקים בעמ,,,"י""ח",1.50,ל 100 גרם,false,1,5.50,3.67,true,1,
7290016408980,false,מטבעות שוקולד חלב 36 גרם,כרמית תעשיות ממתקים בעמ,,,"י""ח",0.36,ל 100 גרם,false,1,3.90,10.83,true,1,
7290016437621,false,האגיס פרידום דריי פנטס 4,קימברלי קלארק ישראל שיווק בעמ,,,"י""ח",1,"י""ח",false,1,49.90,49.90,true,1,
7290016437645,false,האגיס פנס מידה  -325יח,קימברלי קלארק ישראל שיווק בעמ,,,"י""ח",1,"י""ח",false,1,49.90,49.90,true,1,
7290016437652,false,האגיס פנס מידה  -266יח,קימברלי קלארק ישראל שיווק בעמ,,,"י""ח",1,"י""ח",false,1,49.90,49.90,true,1,
7290016496208,false,פתיל צף מוכן,צבע ומכחול (2014) בעמ,,,"י""ח",1,ליטר,false,1,6.90,6.90,false,1,
7290016509786,false,פרסיל ג ל ירוק  2.5ליטר,גורי שיווק בעמ,,,"י""ח",2.50,ליטר,false,1,34.90,13.96,false,1,
7290016509793,false,פרסיל ג ל 4ליטר ירוק,גורי שיווק בעמ,,,"י""ח",4,ליטר,false,1,44.90,11.23,false,1,
7290016509816,false,פרסיל ג ל 4ליטר קולור,גורי שיווק בעמ,,,"י""ח",4,ליטר,false,1,44.90,11.23,false,1,
7290016510898,false,שמפו הוואי פריחת הדובדבן  700,הנקל סוד בעמ,,,"י""ח",7,"ל 100 מ""ל",false,1,10.90,1.56,false,1,
7290016517286,false,ספגטי חיטה מלאה 500ג שדות,אחים אגא (א.מ.) שיווק,,,"י""ח",5,ל 100 גרם,false,1,4.30,0.86,false,1,
7290016517293,false,פסטה מסולוסלת חיטה מלאה 500ג שדות,אחים אגא (א.מ.) שיווק,,,"י""ח",5,ל 100 גרם,false,1,4.30,0.86,false,1,
7290016517408,false,"קמח חיטה 80% 1ק""ג",אחים אגא (א.מ.) שיווק,,,"י""ח",1,"ק""ג",false,1,6.90,6.90,false,1,
7290016517415,false,"קמח חיטה 100% 1ק""ג",אחים אגא (א.מ.) שיווק,,,"י""ח",1,"ק""ג",false,1,6.90,6.90,false,1,
7290016517422,false,"קמח כוסמין 80% 1ק""ג",אחים אגא (א.מ.) שיווק,,,"י""ח",1,"ק""ג",false,1,11.90,11.90,false,1,
7290016517439,false,"קמח כוסמין 100% 1ק""ג",אחים אגא (א.מ.) שיווק,,,"י""ח",1,"ק""ג",false,1,11.90,11.90,false,1,
7290016517446,false,"קמח כוסמין לבן 1ק""ג",אחים אגא (א.מ.) שיווק,,,"י""ח",1,"ק""ג",false,1,12.90,12.90,false,1,
7290016517453,false,"קמח לבן מנופה שדות 1ק""ג",אחים אגא (א.מ.) שיווק,,,"י""ח",1,"ק""ג",false,1,6.90,6.90,true,1,
7290016517538,false,תירס גמדי 410ג שדות,אחים אגא (א.מ.) שיווק,,,"י""ח",4.10,ל 100 גרם,false,1,7.20,1.76,false,1,
7290016517583,false,פסטה פנה  500ג שדות,אחים אגא (א.מ.) שיווק,,,"י""ח",5,ל 100 גרם,false,1,4.30,0.86,false,1,
7290016523447,false,אטריות ביצים 300 גרם,מזרח ומערב יבוא ושיווק,,,"י""ח",3,ל 100 גרם,false,1,7.90,2.63,false,1,
7290016548341,false,מגבוני מונו לתינוק 4*72יח,שקד תבל בעמ,,,"י""ח",432,"י""ח",false,1,9.90,0.02,true,1,
7290016564006,false,מבריקל הפלא ספוג שלישייה לכלים,ח.כהן סוכנות מזון ומשקאות בע,,,"י""ח",1,,false,1,11.90,11.90,false,1,
7290016607772,false,דלתון רוזה גליל D.,הכרם משקאות חריפים בעמ,,,"י""ח",7.50,"ל 100 מ""ל",false,1,49.90,6.61,false,1,
7290016621013,false,קרם גוף קמיל בלו,"פישר תעשיות פרמבצטיות בע""מ",,,"י""ח",4.50,"ל 100 מ""ל",false,1,19.90,4.42,true,1,
7290016621341,false,אל סבון נוזלי לידיים קמיל 1ליטר,"פישר תעשיות פרמבצטיות בע""מ",,,"י""ח",1,ליטר,false,1,13.90,13.90,true,1,
7290016621358,false,אל סבון נוזלי לידיים קמיל 1ליטר,"פישר תעשיות פרמבצטיות בע""מ",,,"י""ח",1,ליטר,false,1,13.90,13.90,true,1,
7290016667059,false,"סירופ בטעם מייפל 100% טהור 250מ""ל.",נאמן לאורך זמן בעמ,,,"י""ח",2.50,"ל 100 מ""ל",false,1,32.90,13.16,false,1,
7290016667097,false,חטיף טורטיה מלוח 250גר,נאמן לאורך זמן בעמ,,,"י""ח",2.50,ל 100 גרם,false,1,9.90,3.96,false,1,
7290016667165,false,חרדל דוז`יון גרגרים צנצנת 350גר,נאמן לאורך זמן בעמ,,,"י""ח",3.50,ל 100 גרם,false,1,9.90,2.83,false,1,
7290016667479,false,פריכיות כוסמת 130ג,נאמן לאורך זמן בעמ,,,"י""ח",1.30,ל 100 גרם,false,1,8.90,6.85,false,1,
7290016667486,false,פריכיות כוסמת דל נתרן  130ג,נאמן לאורך זמן בעמ,,,"י""ח",1.30,ל 100 גרם,false,1,8.90,6.85,false,1,
7290016682038,false,"מיץ תפוזים 400מ""ל.","תנובה בע""מ ***",,,"י""ח",4,"ל 100 מ""ל",false,1,10.50,2.55,true,1,
7290016682199,false,שייק תות בננה מופחת סוכר 1ליטר.,"תנובה בע""מ ***",,,"י""ח",1,ליטר,false,1,12.90,12.90,true,1,
7290016682328,false,פריניב מיץ תפוזים 2ליטר 100%.,"תנובה בע""מ ***",,,"י""ח",2,ליטר,false,1,20.90,10.30,false,1,
7290016682342,false,תפוז וולניה סחוט 100% 2ל.,"תנובה בע""מ ***",,,"י""ח",2,ליטר,false,1,24.90,12.30,true,1,
7290016682359,false,תפוז שמוטי סחוט 100% 2ל.,"תנובה בע""מ ***",,,"י""ח",2,ליטר,false,1,24.90,12.30,true,1,
7290016682366,false,פריניב מיץ תפוחים צלול 2 ליטר.,"תנובה בע""מ ***",,,"י""ח",2,ליטר,false,1,20.40,10.05,false,1,
7290016682441,false,מיץ תפוזים סחוט עשוי מרכז 1ל,"תנובה בע""מ ***",,,"י""ח",1,ליטר,false,1,13.90,13.90,false,1,
7290016717044,false,סלקטד לבן יאנג  BUZZ מנגו,אגודת הכורמים -כרמל מזרחי,,,"י""ח",7.50,"ל 100 מ""ל",false,1,27.30,3.60,true,1,
7290016717051,false,סלקטד יאנג  BUZZ מוסקטו רימון,אגודת הכורמים -כרמל מזרחי,,,"י""ח",7.50,"ל 100 מ""ל",false,1,27.30,3.60,true,1,
7290016717754,false,"יין ישן נושן  750מ""ל",אגודת הכורמים -כרמל מזרחי,,,"י""ח",7.50,"ל 100 מ""ל",false,1,17.90,2.35,true,1,
7290016717976,false,סלקטד לבן יאנג  BUZZ אפרסק,אגודת הכורמים -כרמל מזרחי,,,"י""ח",7.50,"ל 100 מ""ל",false,1,27.30,3.60,true,1,
7290016866643,false,"משחת פרודונטקס פרש  75מ""ל",גורי ע.ע.ע. בעמ,,,"י""ח",0.75,"ל 100 מ""ל",false,1,30.90,41.20,true,1,
7290016866650,false,"משחת פרודונטקס אוריגינל 75מ""ל",גורי ע.ע.ע. בעמ,,,"י""ח",0.75,"ל 100 מ""ל",false,1,30.90,41.20,true,1,
7290016866674,false,"משחת פרודונטקס מלבינה 75מ""ל",גורי ע.ע.ע. בעמ,,,"י""ח",0.75,"ל 100 מ""ל",false,1,30.90,41.20,true,1,
7290016867114,false,לחם קל כוסמין  500גר,*347080,,,"י""ח",5,ל 100 גרם,false,1,17.90,3.58,false,1,
7290016867145,false,פיתות קלות קמח מלא 408גר,*347080,,,"י""ח",4.08,ל 100 גרם,false,1,13.90,3.41,false,1,
7290016867152,false,פיתות קלות כוסמין 330גר,*347080,,,"י""ח",3.30,ל 100 גרם,false,1,13.90,4.21,false,1,
7290016867176,false,לחמניות ק.כוסמין שומשום 351גר,*347080,,,"י""ח",3.51,ל 100 גרם,false,1,13.90,3.96,false,1,
7290016867244,false,לחמניות קלות כוסמין מחמצת 321גר,*347080,,,"י""ח",3.21,ל 100 גרם,false,1,14.90,4.64,false,1,
7290016867251,false,לחם קל שיפון 450גר,*347080,,,"י""ח",4.50,ל 100 גרם,false,1,14.90,3.31,false,1,
7290016883176,false,"מוזלי פתיתי ש.שועל עם שוקולד מריר 1ק""ג",*347340,,,"י""ח",0,"ק""ג",false,1,19.90,19.90,true,1,
7290016912616,false,סרקל בלונד שמפו 1ל,"פישר תעשיות פרמבצטיות בע""מ",,,"י""ח",1,ליטר,false,1,29.90,29.90,false,1,
7290016967074,false,לחם אנגיל חיטה מלאה 750גר,שלמה א.אנג ל בעמ,,,"י""ח",7.50,ל 100 גרם,false,1,15.90,2.12,false,1,
7290016967456,false,לחם צרפתי 100% כוסמין 600גר,שלמה א.אנג ל בעמ,,,"י""ח",6,ל 100 גרם,false,1,16.90,2.82,false,1,
7290016998184,false,עלי חסהערבית שטופים 250גר.,ביכורי השדה צפון 1994 ג.ד. בעמ,,,"י""ח",1.50,ל 100 גרם,false,1,9.90,6.60,false,1,
7290016998207,false,לקט קסם השדה  350גר.,ביכורי השדה צפון 1994 ג.ד. בעמ,,,"י""ח",3.50,ל 100 גרם,false,1,11.90,3.40,false,1,
7290016998238,false,כרוב לבן קצוץ 400גר.,ביכורי השדה צפון 1994 ג.ד. בעמ,,,"י""ח",4,ל 100 גרם,false,1,9.90,2.48,false,1,
7290016998245,false,מיקס שורשים 400גר.,ביכורי השדה צפון 1994 ג.ד. בעמ,,,"י""ח",4,ל 100 גרם,false,1,11.90,2.98,false,1,
7290016998269,false,לקט קולסלאו 400גר.,ביכורי השדה צפון 1994 ג.ד. בעמ,,,"י""ח",4,ל 100 גרם,false,1,9.90,2.48,false,1,
7290016998276,false,גזר חתוך דק 250גר.,ביכורי השדה צפון 1994 ג.ד. בעמ,,,"י""ח",2.50,ל 100 גרם,false,1,8.90,3.56,false,1,
7290016998320,false,לבבות קיסר,ביכורי השדה צפון 1994 ג.ד. בעמ,,,"י""ח",3,ל 100 גרם,false,1,10.90,3.63,true,1,
7290017004012,false,משלוח חבל לכיש אונליין,שונות /שרות,,,"י""ח",1,,false,1,30,30,true,1,
7290017004029,false,משלוח קרית גת אונליין,שונות /שרות,,,"י""ח",1,,false,1,30,30,true,1,
7290017004044,false,משלוח באר שבע אונליין,שונות /שרות,,,"י""ח",1,,false,1,30,30,true,1,
7290017004051,false,משלוח אופקים אונליין,שונות /שרות,,,"י""ח",1,,false,1,30,30,true,1,
7290017004068,false,משלוח כרמית אונליין,שונות /שרות,,,"י""ח",1,,false,1,30,30,true,1,
7290017004075,false,משלוח מיתר אונליין,שונות /שרות,,,"י""ח",1,,false,1,30,30,true,1,
7290017004082,false,משלוח עומר אונליין,שונות /שרות,,,"י""ח",1,,false,1,30,30,true,1,
7290017004167,false,משלוח אונליין דימונה,שונות /שרות,,,"י""ח",1,,false,1,30,30,true,1,
7290017004204,false,טורטיה פנטולה 6יח 360גרם.,*346560,,,"י""ח",3.60,"ק""ג",false,1,8.90,2.47,true,1,
7290017004259,false,תמר מג`הול פרמיום 700 גרם,*347070,,,"י""ח",0.70,"ק""ג",false,1,19.90,28.43,false,1,
7290017004433,false,פתי בר 500גר פינטולה,*347270,,,"י""ח",5,"ק""ג",false,1,8.90,1.78,true,1,
7290017004457,false,תירוש ענבים 100% זהב ליטר,יקבי הכורמים (תשלח) בעמ ~~~,,,"י""ח",1,ליטר,false,1,17.90,17.90,true,1,
7290017004785,false,פסטה קרניים 500גר פנטולה,מ.ר. ניאוברנד בעמ,,,"י""ח",5,ל 100 גרם,false,1,4.90,0.98,true,1,
7290017004792,false,פסטה פנה 500גר פנטולה,מ.ר. ניאוברנד בעמ,,,"י""ח",5,ל 100 גרם,false,1,4.90,0.98,true,1,
7290017004808,false,פסטה פוזילי 500גר פנטולה,מ.ר. ניאוברנד בעמ,,,"י""ח",5,ל 100 גרם,false,1,4.90,0.98,true,1,
7290017004815,false,ספגטי 500גר פנטולה,מ.ר. ניאוברנד בעמ,,,"י""ח",5,ל 100 גרם,false,1,4.90,0.98,true,1,
7290017004839,false,"פתי בר 1.75ק""ג פנטולה",*347270,,,"י""ח",1.75,"ק""ג",false,1,23.90,13.66,true,1,
7290017004877,false,טחינה  גולמית 500ג מחנה יהודה,"אחדות בע""מ",,,"י""ח",5,ל 100 גרם,false,1,14.90,2.98,true,1,
7290017023212,false,"שוופס מוגז תפוח  330מ""ל 1/4",יפאורה שותפות מוגבלת לשיווק,,,"י""ח",1.32,ליטר,false,1,14.30,9.92,true,1,
7290017023229,false,"שוופס מוגז תות ליים  330מ""ל 1/4",יפאורה שותפות מוגבלת לשיווק,,,"י""ח",1.32,ליטר,false,1,14.30,9.92,true,1,
7290017023236,false,"שוופס מוגז ענב  330מ""ל 1/4",יפאורה שותפות מוגבלת לשיווק,,,"י""ח",1.32,ליטר,false,1,14.70,10.23,true,1,
7290017023663,false,"שוופס מוגז תפוח  330מ""ל 1/4",יפאורה שותפות מוגבלת לשיווק,,,"י""ח",1.32,ליטר,false,1,14.30,9.92,true,1,
7290017023823,false,"ספרינג תות בננה  250מ""ל רביעייה",יפאורה שותפות מוגבלת לשיווק,,,"י""ח",1,ליטר,false,1,12.90,12.90,true,1,
7290017023854,false,"סודה שוופס 250מ""ל 1/4",יפאורה שותפות מוגבלת לשיווק,,,"י""ח",1,ליטר,false,1,13.10,13.10,true,1,
7290017023861,false,"סודה שוופס למון  250מ""ל 1/4",יפאורה שותפות מוגבלת לשיווק,,,"י""ח",1,ליטר,false,1,13.10,13.10,true,1,
7290017023878,false,"סודה שוופס נענע ליים  250מ""ל 1/4",יפאורה שותפות מוגבלת לשיווק,,,"י""ח",1,ליטר,false,1,13.10,13.10,true,1,
7290017031477,false,"סנסודיין רפיד הלבנה 75מ""ל",גורי ע.ע.ע. בעמ,,,"י""ח",0.75,ל 100 גרם,false,1,25.90,34.53,true,1,
7290017031705,false,"סנסודיין קלין פרש 75מ""ל",גורי ע.ע.ע. בעמ,,,"י""ח",0.75,ל 100 גרם,false,1,21.90,29.20,true,1,
7290017040035,false,מארז מיני דונאטס עם מילוי,בלדי בעמ,,,"י""ח",1,ל 100 גרם,false,1,19.90,19.90,false,1,
7290017044019,false,מטליות לחות אסותא 400 יח בדלי,עיסא ערטול בעמ-סוכן הנקל סוד,,,"י""ח",400,"י""ח",false,1,19.90,0.05,false,1,
7290017044071,false,מטליות אסותא 400 יח בדלי בניחוח תפוח,עיסא ערטול בעמ-סוכן הנקל סוד,,,"י""ח",400,"י""ח",false,1,19.90,0.05,false,1,
7290017044293,false,מטליות לחות לרצפה אסותא 50 יח בדלי,עיסא ערטול בעמ-סוכן הנקל סוד,,,"י""ח",50,"י""ח",false,1,29.90,0.60,false,1,
7290017044507,false,מטליות אסותא 400 יח בדלי לניקוי וחיטוי,עיסא ערטול בעמ-סוכן הנקל סוד,,,"י""ח",400,"י""ח",false,1,29.90,0.07,false,1,
7290017062662,false,מרכך כביסה מרוכז כתום 1 ל`טאצ`,סאסאטק אגשח בעמ,,,"י""ח",1,ליטר,false,1,13.90,13.90,true,1,
7290017062679,false,מרכך כביסה מרוכז צהוב 1 ל`טאצ`,סאסאטק אגשח בעמ,,,"י""ח",1,ליטר,false,1,13.90,13.90,true,1,
7290017062686,false,מרכך כביסה מרוכז בייבי  1 ל`טאצ`.,סאסאטק אגשח בעמ,,,"י""ח",1,ליטר,false,1,13.90,13.90,true,1,
7290017062693,false,מרכך כביסה מרוכז לבן  1 ל`טאצ`.,סאסאטק אגשח בעמ,,,"י""ח",1,ליטר,false,1,13.90,13.90,true,1,
7290017062709,false,מרכך כביסה מרוכז בורדו 1 ל`טאצ`.,סאסאטק אגשח בעמ,,,"י""ח",1,ליטר,false,1,13.90,13.90,true,1,
7290017062716,false,מרכך כביסה מרוכז ורוד 1 ל`טאצ`.,סאסאטק אגשח בעמ,,,"י""ח",1,ליטר,false,1,13.90,13.90,true,1,
7290017062730,false,"נוזל כלים לבנדר 36% 750מ""ל טאץ",סאסאטק אגשח בעמ,,,"י""ח",7.50,"ל 100 מ""ל",false,1,10.90,1.45,true,1,
7290017062754,false,"נוזל כלים לימון 36% 750מ""ל טאץ",סאסאטק אגשח בעמ,,,"י""ח",7.50,"ל 100 מ""ל",false,1,10.90,1.45,true,1,
7290017065007,false,מוצרלה פרוסה 200ג,מחלבות גד,,,"י""ח",2,ל 100 גרם,false,1,16.90,8.45,false,1,
7290017065137,false,ריקוטה למריחה 5% טבעית,מחלבות גד,,,"י""ח",2,ל 100 גרם,false,1,8.90,4.45,false,1,
7290017065144,false,ריקוטה למריחה 5% עם בזיליקום,מחלבות גד,,,"י""ח",2,ל 100 גרם,false,1,10.20,5.10,false,1,
7290017065212,false,קרם מסקרפונה 250ג,מחלבות גד,,,"י""ח",2.50,ל 100 גרם,false,1,15.90,6.36,false,1,
7290017065236,false,בולגרית מעודנת 24% 250ג,מחלבות גד,,,"י""ח",2.50,ל 100 גרם,false,1,21.90,8.76,false,1,
7290017065434,false,פרוסות גאודה 200ג,מחלבות גד,,,"י""ח",2,ל 100 גרם,false,1,19.90,9.95,false,1,
7290017065588,false,יוגורט יווני 600 גרם גד.,מחלבות גד,,,"י""ח",6,ל 100 גרם,false,1,15.90,2.65,false,1,
7290017065649,false,קרם פטיסייר 250 גרם גד,מחלבות גד,,,"י""ח",2.50,ל 100 גרם,false,1,15.90,6.36,false,1,
7290017065663,false,בולגרית מעודנת עיזים 5% 250 ג.,מחלבות גד,,,"י""ח",2.50,ל 100 גרם,false,1,29.90,11.96,false,1,
7290017065731,false,גבינת שמנת ניו יורק 200ג מהדורת חג,מחלבות גד,,,"י""ח",2,ל 100 גרם,false,1,12.90,6.45,false,1,
7290017065786,false,גבינה צ`דר 210גר,מחלבות גד,,,"י""ח",2.10,ל 100 גרם,false,1,19.90,9.48,false,1,
7290017068350,false,עדשים שחורים בלוגה 500 מיה,מיה תעשיות מזון מ.ת.מ בעמ,,,"י""ח",5,ל 100 גרם,false,1,8.90,1.78,true,1,
7290017068367,false,שמרים יבשים  125  גרם,מיה תעשיות מזון מ.ת.מ בעמ,,,"י""ח",1.25,ל 100 גרם,false,1,3.90,3.12,false,1,
7290017068374,false,שמרים יבשים  500 גרם,מיה תעשיות מזון מ.ת.מ בעמ,,,"י""ח",5,ל 100 גרם,false,1,11.90,2.38,false,1,
7290017068848,false,סוכריות לקישוט לעוגה 200ג צנצנת,מיה תעשיות מזון מ.ת.מ בעמ,,,"י""ח",2,ל 100 גרם,false,1,8.90,4.45,false,1,
7290017068855,false,סוכריות לקישוט לעוגה 200ג צנצנת,מיה תעשיות מזון מ.ת.מ בעמ,,,"י""ח",2,ל 100 גרם,false,1,8.90,4.45,false,1,
7290017068879,false,חמאת בוטנים טבעית  510ג,מיה תעשיות מזון מ.ת.מ בעמ,,,"י""ח",5.10,ל 100 גרם,false,1,9.90,1.94,false,1,
7290017079684,false,שוקולד מריר  270ג,טעמן שווק מזון,,,"י""ח",2.70,ל 100 גרם,false,1,11.90,4.41,false,1,
7290017088068,false,חיתולי בייביסיטר  מידה 4 42יח,שקד תבל בעמ,,,"י""ח",1,,false,1,34.90,34.90,true,1,
7290017088075,false,חיתולי בייביסיטר  מידה 4+ 40יח,שקד תבל בעמ,,,"י""ח",1,,false,1,34.90,34.90,true,1,
7290017088082,false,חיתולי בייביסיטר  מידה 5 36יח,שקד תבל בעמ,,,"י""ח",1,,false,1,34.90,34.90,true,1,
7290017088099,false,חיתולי בייביסיטר  מידה 6 34יח,שקד תבל בעמ,,,"י""ח",1,,false,1,34.90,34.90,true,1,
7290017088327,false,גבונים בייביסיטר אקסטרא סופט  ללא ביש,שקד תבל בעמ,,,"י""ח",1,,false,1,15.90,15.90,true,1,
7290017088631,false,מגבונים  טולי מארז 4 יחידות,שקד תבל בעמ,,,"י""ח",4,"י""ח",false,1,12.90,3.23,true,1,
7290017088693,false,קוויק מטליות  לחות לניקוי וחיטוי רצפות,שקד תבל בעמ,,,"י""ח",10,"י""ח",false,1,10,1,true,1,
7290017088822,false,תחבושות BREEZE אקסטרה 10יח.,שקד תבל בעמ,,,"י""ח",10,"י""ח",false,1,16.90,1.69,true,1,
7290017088839,false,תחבושות BREEZE אקסטרה פלוס 8יח.,שקד תבל בעמ,,,"י""ח",10,"י""ח",false,1,16.90,1.69,true,1,
7290017088914,false,מגבונים בייבי סיטר  מארז שישייה,שקד תבל בעמ,,,"י""ח",1,,false,1,19.90,19.90,true,1,
7290017088969,false,חיתולי בייביסיטר ניו בורן מידה1,שקד תבל בעמ,,,"י""ח",42,"י""ח",false,1,29.90,0.71,true,1,
7290017088983,false,חיתולי בייביסיטר ניו בורן מידה 2,שקד תבל בעמ,,,"י""ח",38,"י""ח",false,1,29.90,0.79,true,1,
7290017094847,false,סלט תפוחי אדמה אסלי 400ג,"סלטי שמיר2006בע""מ",,,"י""ח",4,ל 100 גרם,false,1,10.90,2.73,true,1,
7290017094861,false,חומוס עם רוטב מסבחה אסלי 400ג,"סלטי שמיר2006בע""מ",,,"י""ח",4,ל 100 גרם,false,1,9.90,2.48,true,1,
7290017100395,false,כפפות לטקס S עם אבקה Perfect,ח.כהן סוכנות מזון ומשקאות בע,,,"י""ח",100,"י""ח",false,1,15.90,0.16,true,1,
7290017100401,false,כפפות לטקס M עם אבקה Perfect,ח.כהן סוכנות מזון ומשקאות בע,,,"י""ח",100,"י""ח",false,1,15.90,0.16,true,1,
7290017100418,false,כפפות לטקס L עם אבקה Perfect,ח.כהן סוכנות מזון ומשקאות בע,,,"י""ח",100,"י""ח",false,1,15.90,0.16,true,1,
7290017100425,false,כפפות לטקס XL עם אבקה Perfect,ח.כהן סוכנות מזון ומשקאות בע,,,"י""ח",100,"י""ח",false,1,15.90,0.16,true,1,
7290017105048,false,זיתים ירוקים טבעות שלשות יכין,זנלכל בעמ,,,"י""ח",2,ל 100 גרם,false,1,14.90,7.45,false,1,
7290017105062,false,חומוס 6OZ יכין,זנלכל בעמ,,,"י""ח",2,ל 100 גרם,false,1,4.30,2.15,true,1,
7290017105079,false,שעועית אפויה 6OZ יכין 200גר,זנלכל בעמ,,,"י""ח",2,ל 100 גרם,false,1,4.30,2.15,true,1,
7290017105086,false,שעועית צ`ילי 6OZ יכין 200גר,זנלכל בעמ,,,"י""ח",2,ל 100 גרם,false,1,4.30,2.15,true,1,
7290017105116,false,תורמוס 6OZ יכין 200גר,זנלכל בעמ,,,"י""ח",2,ל 100 גרם,false,1,4.30,2.15,true,1,
7290017105123,false,פול מצרי 6OZ יכין 200גר,זנלכל בעמ,,,"י""ח",2,ל 100 גרם,false,1,4.30,2.15,true,1,
7290017105253,false,מתבל עגבניות 740 גרם יכין,זנלכל בעמ,,,"י""ח",7.40,ל 100 גרם,false,1,6.90,0.93,true,1,
7290017105383,false,"שלשות תירס 6OZקידס  פ""מ",זנלכל בעמ,,,"י""ח",6,ל 100 גרם,false,1,14.90,2.48,false,1,
7290017105468,false,אפונה שלישייה 6OZ יכין,זנלכל בעמ,,,"י""ח",2,ל 100 גרם,false,1,14.90,7.45,false,1,
7290017105895,false,גרגרי חומוס מסעדות יכין 560גר,זנלכל בעמ,,,"י""ח",5.60,ל 100 גרם,false,1,9.90,1.77,true,1,
7290017106069,false,קוביות סלק 550גר יכין,זנלכל בעמ,,,"י""ח",5.50,ל 100 גרם,false,1,9.90,1.80,false,1,
7290017121048,false,פלפל צ`ומה 250גר*,"שטראוס גרופ ***בע""מ",,,"י""ח",2.50,ל 100 גרם,false,1,13.90,5.56,true,1,
7290017121086,false,אריסה ביתית מתוקה 250גר,"שטראוס גרופ ***בע""מ",,,"י""ח",2.50,ל 100 גרם,false,1,13.90,5.56,true,1,
7290017121093,false,אריסה חריפה 250גר,"שטראוס גרופ ***בע""מ",,,"י""ח",2.50,ל 100 גרם,false,1,13.90,5.56,true,1,
7290017129495,false,אגו מיקס כדורי תירס מצופים ש. חלב 55ג,כרמית תעשיות ממתקים בעמ,,,"י""ח",0.55,ל 100 גרם,false,1,3.90,7.09,true,1,
7290017129501,false,אגו מיקס כדורי תירס מצופים ש. לבן 55ג,כרמית תעשיות ממתקים בעמ,,,"י""ח",0.55,ל 100 גרם,false,1,3.90,7.09,true,1,
7290017129518,false,אגו מיקס כדורי תירס מצופים  55ג,כרמית תעשיות ממתקים בעמ,,,"י""ח",0.55,ל 100 גרם,false,1,3.90,7.09,true,1,
7290017129532,false,כרמית לקקן תות 90ג,כרמית תעשיות ממתקים בעמ,,,"י""ח",0.90,ל 100 גרם,false,1,5.90,6.56,true,1,
7290017129754,false,שוקולד אגו פרמיום 100ג 70%,כרמית תעשיות ממתקים בעמ,,,"י""ח",1,ל 100 גרם,false,1,7.90,7.90,true,1,
7290017129761,false,שוקולד אגו פרמיום תפוז  100ג 70%,כרמית תעשיות ממתקים בעמ,,,"י""ח",1,ל 100 גרם,false,1,7.90,7.90,true,1,
7290017129778,false,שוקולד אגו פרמיום קפה  100ג 70%,כרמית תעשיות ממתקים בעמ,,,"י""ח",1,ל 100 גרם,false,1,7.90,7.90,true,1,
7290017129822,false,מטבעות שוקולד מריר 36 גרם,כרמית תעשיות ממתקים בעמ,,,"י""ח",0.36,ל 100 גרם,false,1,3.90,10.83,true,1,
7290017129839,false,שוקולד אגו פרמיום פטל  100ג 70%,כרמית תעשיות ממתקים בעמ,,,"י""ח",1,ל 100 גרם,false,1,7.90,7.90,true,1,
7290017129846,false,מיני קוקיס טעם קרמל  600ג,כרמית תעשיות ממתקים בעמ,,,"י""ח",6,"100 ס""מ",false,1,16.90,2.82,false,1,
7290017129884,false,שוקולד מריר 60% 85ג חמישייה,כרמית תעשיות ממתקים בעמ,,,"י""ח",0.85,ל 100 גרם,false,1,15.90,18.71,true,1,
7290017142005,false,"שמן קוקוס אורגני כתית 320מ""ל עץ הזית",סוגת תעשיות בעמ,,,"י""ח",3.20,"ל 100 מ""ל",false,1,25.90,8.09,false,1,
7290017142128,false,"שמן זית כתית עץ הזית  750 מ""ל",סוגת תעשיות בעמ,,,"י""ח",7.50,"ל 100 מ""ל",false,1,29.90,3.99,true,1,
7290017142159,false,נתחי טונה  בהירה בשמן זית 80ג שלישייה,סוגת תעשיות בעמ,,,"י""ח",2.40,ל 100 גרם,false,1,19.90,8.29,false,1,
7290017142203,false,פילה טונה פרוס עם בשמן זית 120ג עץ הזי,סוגת תעשיות בעמ,,,"י""ח",1.20,ל 100 גרם,false,1,14.90,12.42,false,1,
7290017142289,false,"תרסיס שמן חמניות 200מ""ל עץ הזית",סוגת תעשיות בעמ,,,"י""ח",2,"ל 100 מ""ל",false,1,14.90,7.45,false,1,
7290017142340,false,שמן זרעי ענבים מזוכך 1ל עץ הזית,סוגת תעשיות בעמ,,,"י""ח",1,ליטר,false,1,24.90,24.90,false,1,
7290017142487,false,בורגול עם גרגירי חומוס עם טונה 160ג,סוגת תעשיות בעמ,,,"י""ח",1.60,ל 100 גרם,false,1,13.90,8.69,false,1,
7290017197456,false,אסותא מגבוני נייר טואלט שלישיה,עיסא ערטול בעמ-סוכן הנקל סוד,,,"י""ח",3,"י""ח",false,1,10.90,3.63,false,1,
7290017266343,false,וופל קראנץ בטעם שוקולד 150 גרם עלמה.,ח.כהן סוכנות מזון ומשקאות בע,,,"י""ח",0.15,ל 100 גרם,false,1,3.20,21.33,false,1,
7290017266909,false,וופל SUN שוקו 200גר,ח.כהן סוכנות מזון ומשקאות בע,,,"י""ח",2,ל 100 גרם,false,1,4.90,2.45,false,1,
7290017275147,false,עוגת שמרים אישית קינמון 120ג,"אחדות בע""מ",,,"י""ח",1.20,ל 100 גרם,false,1,3.90,3.25,true,1,
7290017275154,false,עוגת שמרים אישית שוקולד 120ג,"אחדות בע""מ",,,"י""ח",1.20,ל 100 גרם,false,1,3.90,3.25,true,1,
7290017275345,false,טחינה  אחוה גולמית 350ג לחיץ,"אחדות בע""מ",,,"י""ח",3.50,ל 100 גרם,false,1,7.90,2.26,true,1,
7290017289137,false,יין זינפנדל ממלכת יהודה.,יקבי טפרברג 1870 בעמ,,,"י""ח",7.50,"ל 100 מ""ל",false,1,23.20,3.05,false,1,
7290017289175,false,"יין פטיט סירה סדרת ישראלי 750מ""ל.",יקבי טפרברג 1870 בעמ,,,"י""ח",7.50,"ל 100 מ""ל",false,1,21.90,2.88,false,1,
7290017289199,false,"יין לבן יבש סדרת ישראלי 750מ""ל",יקבי טפרברג 1870 בעמ,,,"י""ח",7.50,"ל 100 מ""ל",false,1,21.90,2.88,false,1,
7290017289205,false,"יין קברנה סביניון סדרת ישראלי 750מ""ל",יקבי טפרברג 1870 בעמ,,,"י""ח",7.50,"ל 100 מ""ל",false,1,21.90,2.88,false,1,
7290017296142,false,גרנולה חלבה ושוקולד  400גר,"פנינה רוזנבלום  בע""מ",,,"י""ח",4,ל 100 גרם,false,1,21.90,5.48,true,1,
7290017297149,false,חומוס A2 להכנה ביתית  ויטה.,ויטה- פרי גליל (החדשה) בעמ,,,"י""ח",5.50,ל 100 גרם,false,1,7.90,1.44,true,1,
7290017297156,false,"צ יפס עם קליפה  1.5 ק""ג פרי הגליל",ויטה- פרי גליל (החדשה) בעמ,,,"י""ח",1.50,"ק""ג",false,1,19.90,13.27,true,1,
7290017297163,false,צ יפס עם קליפה 800גר,ויטה- פרי גליל (החדשה) בעמ,,,"י""ח",8,ל 100 גרם,false,1,10.90,1.36,false,1,
7290017297323,false,רוטב עגבניות BX22 100ג מרוכז טל וטרי,ויטה- פרי גליל (החדשה) בעמ,,,"י""ח",1,ל 100 גרם,false,1,1.90,1.90,true,1,
7290017297330,false,רוטב עגבניות BX22 260 ג טל וטרי,ויטה- פרי גליל (החדשה) בעמ,,,"י""ח",6,ל 100 גרם,false,1,3.90,0.65,true,1,
7290017297392,false,תירס  קפוא פרי אדמה 800ג,ויטה פרי גליל (החדשה) בעמ,,,"י""ח",8,ל 100 גרם,false,1,12.90,1.61,true,1,
7290017297408,false,אפונה עדינה  קפואה פרי אדמה 600ג,ויטה פרי גליל (החדשה) בעמ,,,"י""ח",6,ל 100 גרם,false,1,14.90,2.48,true,1,
7290017297415,false,אפונה  קפואה פרי אדמה 800ג.,ויטה פרי גליל (החדשה) בעמ,,,"י""ח",8,ל 100 גרם,false,1,12.90,1.61,true,1,
7290017297422,false,אפונה וגזר  קפוא פרי אדמה 800ג,ויטה פרי גליל (החדשה) בעמ,,,"י""ח",8,ל 100 גרם,false,1,12.90,1.61,true,1,
7290017297453,false,שעועית שלמה  קפואה פרי אדמה 800ג,ויטה פרי גליל (החדשה) בעמ,,,"י""ח",8,ל 100 גרם,false,1,12.90,1.61,true,1,
7290017297477,false,פול  קפוא פרי אדמה 800ג,ויטה פרי גליל (החדשה) בעמ,,,"י""ח",8,ל 100 גרם,false,1,14.90,1.86,true,1,
7290017297484,false,שעועית אדומה  פרי אדמה 800ג,ויטה פרי גליל (החדשה) בעמ,,,"י""ח",8,ל 100 גרם,false,1,16.90,2.11,true,1,
7290017297491,false,חומוס פרי אדמה 800ג,ויטה פרי גליל (החדשה) בעמ,,,"י""ח",8,ל 100 גרם,false,1,14.90,1.86,true,1,
7290017297507,false,גזר גמדי פרי אדמה 800ג,ויטה פרי גליל (החדשה) בעמ,,,"י""ח",8,ל 100 גרם,false,1,12.90,1.61,true,1,
7290017297514,false,לקט ירק מעורב פרי אדמה 700ג,ויטה פרי גליל (החדשה) בעמ,,,"י""ח",7,ל 100 גרם,false,1,12.90,1.84,true,1,
7290017297521,false,ברוקולי פרי אדמה 800ג,ויטה פרי גליל (החדשה) בעמ,,,"י""ח",8,ל 100 גרם,false,1,19.90,2.49,true,1,
7290017297538,false,כרובית פרי אדמה 800ג,ויטה פרי גליל (החדשה) בעמ,,,"י""ח",8,ל 100 גרם,false,1,14.90,1.86,true,1,
7290017297545,false,תחתיות ארטישוק פרי אדמה 400ג,ויטה פרי גליל (החדשה) בעמ,,,"י""ח",4,ל 100 גרם,false,1,10.90,2.73,true,1,
7290017297552,false,במיה פרי אדמה 600ג,ויטה פרי גליל (החדשה) בעמ,,,"י""ח",6,ל 100 גרם,false,1,12.90,2.15,true,1,
7290017297590,false,"ציפס זיגזג 2ק""ג קפוא  פרי אדמה",ויטה פרי גליל (החדשה) בעמ,,,"י""ח",2,"ק""ג",false,1,22.90,11.45,true,1,
7290017297613,false,"סטייק ציפס  2ק""ג קפוא  פרי אדמה",ויטה פרי גליל (החדשה) בעמ,,,"י""ח",2,"ק""ג",false,1,22.90,11.45,true,1,
7290017304885,false,לחם שיפון וחיטה מלאה 750ג,שלמה א.אנג ל בעמ,,,"י""ח",7.50,ל 100 גרם,false,1,16.90,2.25,false,1,
7290017440248,false,סרקל מתולתל מרכך 1ליטר,"פישר תעשיות פרמבצטיות בע""מ",,,"י""ח",3.25,ל 100 גרם,false,1,29.90,9.20,false,1,
7290017457574,false,סוד כדוריות 1/3 פרחים 204ג,גורי שיווק בעמ,,,"י""ח",2.04,"ל 100 מ""ל",false,1,14.90,7.30,false,1,
7290017457581,false,"סוד מרכך מרוכז coconut water 900מ""ל",גורי שיווק בעמ,,,"י""ח",0.90,"ל 100 מ""ל",false,1,11.90,13.22,false,1,
7290017457598,false,"סוד מרכך מרוכז 900מ""ל summer blossom",גורי שיווק בעמ,,,"י""ח",0.90,"ל 100 מ""ל",false,1,11.90,13.22,false,1,
7290017457703,false,"סוד מרכך מרוכז זהב 900מ""ל",גורי שיווק בעמ,,,"י""ח",0.90,"ל 100 מ""ל",false,1,11.90,13.22,false,1,
7290017457727,false,"סוד מרכך מרוכז כחול 900מ""ל",גורי שיווק בעמ,,,"י""ח",0.90,"ל 100 מ""ל",false,1,11.90,13.22,false,1,
7290017457734,false,"סוד מרכך מרוכז ורוד 900מ""ל",גורי שיווק בעמ,,,"י""ח",0.90,"ל 100 מ""ל",false,1,11.90,13.22,false,1,
7290017457871,false,סוד גיל כביסה  ורוד 4ליטר,גורי שיווק בעמ,,,"י""ח",2.50,ליטר,false,1,29.90,11.96,false,1,
7290017457888,false,סוד גל כביסה כחול 4 ליטר,גורי שיווק בעמ,,,"י""ח",4,ליטר,false,1,29.90,7.48,false,1,
7290017457932,false,"סוד מרכך מרוכז פרש  900מ""ל",גורי שיווק בעמ,,,"י""ח",0.90,"ל 100 מ""ל",false,1,11.90,13.22,false,1,
7290017477169,false,קשיו 250ג ששון הקולה,*347340,,,"י""ח",2.50,ל 100 גרם,false,1,19.90,7.96,false,1,
7290017477305,false,זרעי ציה 250ג שקדיה,*347340,,,"י""ח",2.50,ל 100 גרם,false,1,13.90,5.56,false,1,
7290017504001,false,פטריות שמפיניון ארוז,ביכורי השדה צפון 1994 ג.ד. בעמ,,,"י""ח",1,,false,1,10.90,10.90,true,1,
7290017504018,false,פטריות זוגות לבן,ביכורי השדה צפון 1994 ג.ד. בעמ,,,"י""ח",1,,false,1,18.90,18.90,false,1,
7290017504032,false,פטריות זוגות איטלקי,ביכורי השדה צפון 1994 ג.ד. בעמ,,,"י""ח",1,,false,1,18.90,18.90,false,1,
7290017513485,false,מחית עגבניות רוסטיקה גרנד איטליה 700גר,תה ויסוצקי (ישראל)בעמ,,,"י""ח",7,ל 100 גרם,false,1,11.90,1.70,true,1,
7290017513775,false,פליפז בייגלה מצופה ש. חלב  140ג,תה ויסוצקי (ישראל)בעמ,,,"י""ח",1.40,ל 100 גרם,false,1,8.90,6.36,true,1,
7290017513782,false,פליפז בייגלה מצופה ש. מריר 140ג,תה ויסוצקי (ישראל)בעמ,,,"י""ח",1.40,ל 100 גרם,false,1,8.90,6.36,true,1,
7290017586007,false,גזר ארוז,ביכורי השדה צפון 1994 ג.ד. בעמ,,,"ק""ג",1,"ק""ג",true,1,3.90,3.90,false,1,
7290017589565,false,"יין קלאסיק ברקן קלאסיק גוורץ 750מ""ל",טמפו משקאות בעמ,,,"י""ח",7.50,"ל 100 מ""ל",false,1,32.90,4.35,true,1,
7290017589633,false,רזרב  קברנה סובניון ברקן GOLD EDITION,טמפו משקאות בעמ,,,"י""ח",7.50,"ל 100 מ""ל",false,1,49.90,6.61,true,1,
7290017599229,false,םטנט 200 טבליות סוכרלוז,"שטראוס גרופ בע""מ",,,"י""ח",200,"י""ח",false,1,20.90,0.10,true,1,
7290017599267,false,סוכרזית סוכרלוז 120שק.,"שטראוס גרופ בע""מ",,,"י""ח",100,"י""ח",false,1,24.90,0.25,true,1,
7290017599274,false,סוכרזית סטיוויה 120שקיות 100גרם,"שטראוס גרופ בע""מ",,,"י""ח",1,ל 100 גרם,false,1,34.90,34.90,true,1,
7290017617046,false,סטארקיסט רביעייה בשמן זית 140ג,דיפלומט בעמ,,,"י""ח",5.60,"ל 100 מ""ל",false,1,27.90,4.98,false,1,
7290017617138,false,טונה סטארקיסט דל נטרן רביעייה,דיפלומט בעמ,,,"י""ח",6.40,ל 100 גרם,false,1,24.90,3.89,true,1,
7290017617411,false,סטארקיסט מיקס סלמון עם אורז 160ג,דיפלומט בעמ,,,"י""ח",0.80,ל 100 גרם,false,1,14.90,18.63,false,1,
7290017617428,false,סטארקיסט מיקס סלמון עם פסטה 160ג,דיפלומט בעמ,,,"י""ח",0.80,ל 100 גרם,false,1,14.90,18.63,false,1,
7290017641096,false,"שוקולד פרימיום 70% לל""ס 100גר בד""ץ",כרמית תעשיות ממתקים בעמ,,,"י""ח",1,ל 100 גרם,false,1,8.90,8.90,true,1,
7290017641102,false,"שוקולד פרימיום 70% לל""ס 100גר בד""ץ תפו",כרמית תעשיות ממתקים בעמ,,,"י""ח",1,ל 100 גרם,false,1,8.90,8.90,true,1,
7290017641119,false,"שוקולד פרימיום 85%  100גר בד""ץ",כרמית תעשיות ממתקים בעמ,,,"י""ח",1,ל 100 גרם,false,1,7.90,7.90,true,1,
7290017641379,false,שוקולד חלב 85ג חמישייה,כרמית תעשיות ממתקים בעמ,,,"י""ח",0.85,ל 100 גרם,false,1,15.90,18.71,true,1,
7290017641508,false,אגו מיקס כדור ש. חלב  55ג,כרמית תעשיות ממתקים בעמ,,,"י""ח",0.55,ל 100 גרם,false,1,3.90,7.09,true,1,
7290017641515,false,אגו מיקס כדור ש. לבן 55ג,כרמית תעשיות ממתקים בעמ,,,"י""ח",0.55,ל 100 גרם,false,1,3.90,7.09,true,1,
7290017641676,false,מאגדת שוקולד מריר אגוזים  3יח *85ג,כרמית תעשיות ממתקים בעמ,,,"י""ח",2.55,ל 100 גרם,false,1,12.90,5.06,false,1,
7290017641737,false,שוקולד מריר %70שברי אגוז  100ג,כרמית תעשיות ממתקים בעמ,,,"י""ח",0.85,ל 100 גרם,false,1,7.90,9.29,true,1,
7290017641744,false,"איגלו סטיקס נשברים  800מ""ל",כרמית תעשיות ממתקים בעמ,,,"י""ח",8,"ל 100 מ""ל",false,1,7.50,0.94,true,1,
7290017641997,false,"שוקולד פרימיום 70% לל""ס 100גר בד""ץ",כרמית תעשיות ממתקים בעמ,,,"י""ח",1,ל 100 גרם,false,1,8.90,8.90,true,1,
7290017647425,false,יין גמלא קברנה סוביניון,היכל היין שקד גולן בעמ,,,"י""ח",7.50,"ל 100 מ""ל",false,1,69.90,9.28,true,1,
7290017677804,false,"רוטב סויה קיקומן 444מ""ל",דיפלומט בעמ,,,"י""ח",4.44,"ל 100 מ""ל",false,1,19.90,4.48,false,1,
7290017687117,false,"צלחות פלסטיק עבות במיוחד 1ק""ג",שפע טוב סנטר בעמ,,,"י""ח",66,"י""ח",false,1,37.90,0.57,false,1,
7290017812571,false,תירוש אדום 1 ליטר כרמל.,אגודת הכורמים -כרמל מזרחי,,,"י""ח",1,ליטר,false,1,19.90,19.90,false,1,
7290017812588,false,תירוש לבן ליטר חדש,אגודת הכורמים -כרמל מזרחי,,,"י""ח",1,ליטר,false,1,19.90,19.90,false,1,
7290017812618,false,תירוש רוזה 1ליטר חדש,אגודת הכורמים -כרמל מזרחי,,,"י""ח",1,ליטר,false,1,19.90,19.90,false,1,
7290017812847,false,סלקטד פרנץ גוורצטרמינר 0.75,אגודת הכורמים -כרמל מזרחי,,,"י""ח",7.50,"ל 100 מ""ל",false,1,27.30,3.60,true,1,
7290017812861,false,VINO לבן יבש כרמל 750,אגודת הכורמים -כרמל מזרחי,,,"י""ח",7.50,"ל 100 מ""ל",false,1,21,2.76,true,1,
7290017812977,false,יין אדום יאנג סלקטד BUZZ,אגודת הכורמים -כרמל מזרחי,,,"י""ח",7.50,"ל 100 מ""ל",false,1,27.30,3.60,true,1,
7290017841182,false,קערית מיתבלים קטנה 12 יח שווה,ח.כהן סוכנות מזון ומשקאות בע,,,"י""ח",30,"י""ח",false,1,10.90,0.36,true,1,
7290017841250,false,נוזל חלונות 1ליטר שווה,ח.כהן סוכנות מזון ומשקאות בע,,,"י""ח",1,ליטר,false,1,6.90,6.90,false,1,
7290017841267,false,צלחת קטנה 1ק``ג שווה,ח.כהן סוכנות מזון ומשקאות בע,,,"י""ח",1,"י""ח",false,1,39.90,39.90,false,1,
7290017841274,false,"מרקיה 1ק""ג",ח.כהן סוכנות מזון ומשקאות בע,,,"י""ח",1,"ק""ג",false,1,39.90,39.90,false,1,
7290017841281,false,מזלגות חושן 10יח  שווה.,ח.כהן סוכנות מזון ומשקאות בע,,,"י""ח",1,,false,1,5.90,5.90,false,1,
7290017841298,false,כפות  חושן 10יח  שווה.,ח.כהן סוכנות מזון ומשקאות בע,,,"י""ח",1,,false,1,5.90,5.90,false,1,
7290017841496,false,נרונים 4 שעות 72 שווה,ח.כהן סוכנות מזון ומשקאות בע,,,"י""ח",1,"י""ח",false,1,24.90,24.90,false,1,
7290017841540,false,תבניות נייר איגליש מעוטרת 3יח שווה,ח.כהן סוכנות מזון ומשקאות בע,,,"י""ח",3,"י""ח",false,1,7.90,2.63,true,1,
7290017841557,false,תבניות נייר מלבניות מעוטרת 3יח שווה,ח.כהן סוכנות מזון ומשקאות בע,,,"י""ח",3,"י""ח",false,1,7.90,2.63,true,1,
7290017841625,false,מטליות מיקרופייבר לרצפה  *2יח,ח.כהן סוכנות מזון ומשקאות בע,,,"י""ח",2,"י""ח",false,1,16.90,8.45,true,1,
7290017841632,false,מטליות מיקרופייבר כליי 10יח נשלפות,ח.כהן סוכנות מזון ומשקאות בע,,,"י""ח",10,"י""ח",false,1,16.90,1.69,true,1,
7290017841656,false,מטליות מיקרופייבר  מקצועי *2 50/80 שוו,ח.כהן סוכנות מזון ומשקאות בע,,,"י""ח",2,"י""ח",false,1,17.90,8.95,false,1,
7290017841663,false,מטליות מיקרופייבר  מקצועי *3 30/30 שוו,ח.כהן סוכנות מזון ומשקאות בע,,,"י""ח",3,"י""ח",false,1,9.90,3.30,false,1,
7290017841670,false,ספוג הפלא 6יח איכות שווה,ח.כהן סוכנות מזון ומשקאות בע,,,"י""ח",6,"י""ח",false,1,7.90,1.32,true,1,
7290017841762,false,"חומץ תפוחי עץ  500מ""ל 5% שווה",ח.כהן סוכנות מזון ומשקאות בע,,,"י""ח",5,"ל 100 מ""ל",false,1,11.90,2.38,false,1,
7290017841885,false,דלי מגבונים ניקוי כללי 400יח שווה.,ח.כהן סוכנות מזון ומשקאות בע,,,"י""ח",400,"י""ח",false,1,17.90,0.04,true,1,
7290017842004,false,תבניות+מכסים טוסר אובן  שווה,ח.כהן סוכנות מזון ומשקאות בע,,,"י""ח",5,"י""ח",false,1,9.90,1.98,false,1,
7290017842028,false,תבניות+מכסים מלבנית ארוכה שווה,ח.כהן סוכנות מזון ומשקאות בע,,,"י""ח",5,"י""ח",false,1,9.90,1.98,false,1,
7290017842035,false,תבניות+מכסים מבלנית עמוקה 80A+R64 שווה,ח.כהן סוכנות מזון ומשקאות בע,,,"י""ח",5,"י""ח",false,1,9.90,1.98,false,1,
7290017842127,false,ניירות סנדוויץ מאוירות שווה,ח.כהן סוכנות מזון ומשקאות בע,,,"י""ח",100,"י""ח",false,1,9.90,0.10,false,1,
7290017842141,false,נייר אפייה אקולוגי איכותי 40יח שווה,ח.כהן סוכנות מזון ומשקאות בע,,,"י""ח",1,"י""ח",false,1,9.90,9.90,true,1,
7290017842158,false,נייר אפייה  איכותי 40יח שווה,ח.כהן סוכנות מזון ומשקאות בע,,,"י""ח",1,"י""ח",false,1,9.90,9.90,true,1,
7290017842202,false,נייר טישו כיס מארז 10 יח` שווה,ח.כהן סוכנות מזון ומשקאות בע,,,"י""ח",1,,false,1,6.90,6.90,true,1,
7290017842226,false,פילה סרדין 125 ג בשמן צמחי ללא עור,ח.כהן סוכנות מזון ומשקאות בע,,,"י""ח",1.25,"ל 100 מ""ל",false,1,5.90,4.72,true,1,
7290017842233,false,מקרל בשמן צמחי 125 גרם שווה,ח.כהן סוכנות מזון ומשקאות בע,,,"י""ח",1.25,"ל 100 מ""ל",false,1,5.90,4.72,true,1,
7290017842332,false,פירורי לחם מוזהב 200 גרם שווה.,ח.כהן סוכנות מזון ומשקאות בע,,,"י""ח",2,"ל 100 מ""ל",false,1,3.90,1.95,false,1,
7290017842424,false,סילאן 100% טבעי 700ג צנצנת שווה,ח.כהן סוכנות מזון ומשקאות בע,,,"י""ח",7,ל 100 גרם,false,1,17.90,2.56,true,1,
7290017842431,false,סילאן לחיץ 100% טבעי 470ג שווה,ח.כהן סוכנות מזון ומשקאות בע,,,"י""ח",7,ל 100 גרם,false,1,13.90,1.99,true,1,
7290017842448,false,אננס שלם 227ג  שווה,ח.כהן סוכנות מזון ומשקאות בע,,,"י""ח",2.27,ל 100 גרם,false,1,4.90,2.16,false,1,
7290017842516,false,שקיות אוכל זיפר קטנות 30יח  שווה,ח.כהן סוכנות מזון ומשקאות בע,,,"י""ח",30,"י""ח",false,1,6.90,0.23,false,1,
7290017842523,false,שקיות רב שימושיות זיפר גדולות 20יח,ח.כהן סוכנות מזון ומשקאות בע,,,"י""ח",20,"י""ח",false,1,8.90,0.45,false,1,
7290017842561,false,חמאת בוטנים קראנץ 510גר קראנץ שווה,ח.כהן סוכנות מזון ומשקאות בע,,,"י""ח",5.10,ל 100 גרם,false,1,10.90,2.14,true,1,
7290017842578,false,"חמאת בוטנים טבעית בד""צ שווה",ח.כהן סוכנות מזון ומשקאות בע,,,"י""ח",5.10,ל 100 גרם,false,1,10.90,2.14,true,1,
7290017842615,false,צלחות קטנות מתכלות  שווה,ח.כהן סוכנות מזון ומשקאות בע,,,"י""ח",1,,false,1,15.90,15.90,false,1,
7290017842622,false,צלחות גדולות מתכלות  שווה,ח.כהן סוכנות מזון ומשקאות בע,,,"י""ח",1,,false,1,24.90,24.90,false,1,
7290017842813,false,"צלחות גדולות מעלי דקל 10  יח""שווה""",ח.כהן סוכנות מזון ומשקאות בע,,,"י""ח",1,,false,1,12.90,12.90,false,1,
7290017845203,false,פטריות שמפיניון בודד,ביכורי השדה צפון 1994 ג.ד. בעמ,,,"י""ח",1,,false,1,10.90,10.90,true,1,
7290017864259,false,בזיליקום 100ג,ביכורי השדה צפון 1994 ג.ד. בעמ,,,"י""ח",1,,false,1,8.90,8.90,false,1,
7290017864471,false,עלי בייבי250ג,ביכורי השדה צפון 1994 ג.ד. בעמ,,,"י""ח",2.50,ל 100 גרם,false,1,14.90,5.96,false,1,
7290017864549,false,רוקולה 250גר,ביכורי השדה צפון 1994 ג.ד. בעמ,,,"י""ח",2.50,ל 100 גרם,false,1,15.90,6.36,false,1,
7290017864594,false,שיני שום מובחרות,ביכורי השדה צפון 1994 ג.ד. בעמ,,,"י""ח",1,,false,1,14.90,14.90,false,1,
7290017871370,false,סבון ידיים מ.בשמן אבוקדו 500מ``ל פמלי,דנשר (1963) בעמ,,,"י""ח",5,"ל 100 מ""ל",false,1,9.90,1.98,false,1,
7290017871950,false,נ.טואלט לח לוונדר שלישייה פרשוואנס,דנשר (1963) בעמ,,,"י""ח",1,,false,1,13.90,13.90,false,1,
7290017872056,false,פמלי  סבון סדרה לבנה שלישיה.3*500מ,דנשר (1963) בעמ,,,"י""ח",1.50,ליטר,false,1,17.90,11.93,false,1,
7290017872179,false,עוגיות טחינה 200 גרם טוסו,דנשר (1963) בעמ,,,"י""ח",2,ל 100 גרם,false,1,14.90,7.45,false,1,
7290017872186,false,עוגיות פאקן 200 גרם טוסו,דנשר (1963) בעמ,,,"י""ח",2,ל 100 גרם,false,1,14.90,7.45,false,1,
7290017872193,false,עוגיות שקדים וקינמון 200 גרם טוסו,דנשר (1963) בעמ,,,"י""ח",2,ל 100 גרם,false,1,14.90,7.45,false,1,
7290017872957,false,אדג` מכשיר גילוח רב פעמי ידית+3סכינים,דנשר (1963) בעמ,,,"י""ח",0.92,ל 100 גרם,false,1,55,59.78,true,1,
7290017873015,false,גלילונית גופיה  עם ידיות 30יח,דנשר (1963) בעמ,,,"י""ח",30,"י""ח",false,1,14.90,0.50,false,1,
7290017873367,false,קרם ידיים פנג`ל ויטליטי לכל סוגי עור 1,דנשר (1963) בעמ,,,"י""ח",100,"ל 100 מ""ל",false,1,12.90,0.13,false,1,
7290017873398,false,תחליב גוף פנג`ל ויטליטי לכל סוגי העור4,דנשר (1963) בעמ,,,"י""ח",4,"ל 100 מ""ל",false,1,26.90,6.73,false,1,
7290017873411,false,קרם גוף פנג`ל ויטליטי לכל סוגי העור 20,דנשר (1963) בעמ,,,"י""ח",2,"ל 100 מ""ל",false,1,29.90,14.95,false,1,
7290017888026,false,"פרוט ווג אננס תפוח גזר  350מ""ל..",יפאורה שותפות מוגבלת לשיווק,,,"י""ח",3.50,"ל 100 מ""ל",false,1,7.50,2.06,true,1,
7290017888095,false,"שוופס מוגז פירות  330מ""ל 1/4.",יפאורה שותפות מוגבלת לשיווק,,,"י""ח",1.32,ליטר,false,1,13.20,9.09,true,1,
7290017888101,false,"שוופס מוגז עדין 330מ""ל 1/4 אפרסק",יפאורה שותפות מוגבלת לשיווק,,,"י""ח",1.50,ליטר,false,1,13.20,8,true,1,
7290017888354,false,"מי עדן  750 מ""ל בודד",יפאורה שותפות מוגבלת לשיווק,,,"י""ח",7.50,"ל 100 מ""ל",false,1,4.20,0.52,true,1,
7290017888644,false,"פרוט ווג אננס בננה כורכום 350מ""ל",יפאורה שותפות מוגבלת לשיווק,,,"י""ח",3.50,"ל 100 מ""ל",false,1,7.50,2.06,true,1,
7290017888729,false,סודה שוופס 1ל,יפאורה שותפות מוגבלת לשיווק,,,"י""ח",1,ליטר,false,1,4.50,4.50,true,1,
7290017888972,false,מי עדן 1ל פקק ספורט בודד,יפאורה שותפות מוגבלת לשיווק,,,"י""ח",1,ליטר,false,1,3.90,3.90,false,1,
7290017917382,false,אל סבון נוזלי להרגעת העור קמיל 1ליטר,"פישר תעשיות פרמבצטיות בע""מ",,,"י""ח",1,ליטר,false,1,13.90,13.90,true,1,
7290017917399,false,קמיל בלו סנסיטיב מגבון טיפולי 100יח,"פישר תעשיות פרמבצטיות בע""מ",,,"י""ח",100,"י""ח",false,1,14.90,0.15,true,1,
7290017917467,false,קמיל בלו אל סבון שיבולת שועל 1ליטר,"פישר תעשיות פרמבצטיות בע""מ",,,"י""ח",1,ליטר,false,1,24.90,24.90,true,1,
7290017917757,false,קרם גוף EFFECTIVE CARE מ. בשמן כותנה,"פישר תעשיות פרמבצטיות בע""מ",,,"י""ח",4.50,"ל 100 מ""ל",false,1,24.90,5.53,true,1,
7290017928036,false,מאיר בייגל מקלות גריסיני שומשום 175גר,דנשר (1963) בעמ,,,"י""ח",1.75,ל 100 גרם,false,1,8.90,5.09,true,1,
7290017928043,false,מאיר בייגל מקלות גריסיני קראנץ מלח 175,דנשר (1963) בעמ,,,"י""ח",1.75,ל 100 גרם,false,1,8.90,5.09,true,1,
7290017928098,false,מאיר בייגל שטוחלה מלח  300גר,דנשר (1963) בעמ,,,"י""ח",3,ל 100 גרם,false,1,8.90,2.97,true,1,
7290017928210,false,מאיר בייגל בייגלה גדול שומשום 250גר,דנשר (1963) בעמ,,,"י""ח",2.50,ל 100 גרם,false,1,8.90,3.56,true,1,
7290017928227,false,מאיר בייגל שטוחלה פינוקים 300ג,דנשר (1963) בעמ,,,"י""ח",3,ל 100 גרם,false,1,8.90,2.97,true,1,
7290017928432,false,מאיר בייגל מקלות גריסיני קראנץ פרג 175,דנשר (1963) בעמ,,,"י""ח",1.75,ל 100 גרם,false,1,8.90,5.09,true,1,
7290017928463,false,שברי בייגלה דבש חרדל ובצל 300גרם סמאש,דנשר (1963) בעמ,,,"י""ח",3,"ל 100 מ""ל",false,1,10.90,3.63,true,1,
7290017928524,false,מאיר בייגל בייגלה שטוח ניגובים מלח 330גר,דנשר (1963) בעמ,,,"י""ח",3,ל 100 גרם,false,1,8.90,2.97,true,1,
7290017928609,false,מאיר בייגל טבעות שומשום 300גר,דנשר (1963) בעמ,,,"י""ח",3,ל 100 גרם,false,1,8.90,2.97,true,1,
7290017928616,false,מאיר בייגל שטוחלה שומשום  300גר,דנשר (1963) בעמ,,,"י""ח",3,ל 100 גרם,false,1,8.90,2.97,true,1,
7290017928661,false,שברי בייגלה בטעם צדר  300גרם סמאש,דנשר (1963) בעמ,,,"י""ח",3,"ל 100 מ""ל",false,1,10.90,3.63,true,1,
7290017928685,false,מאיר בייגל שמיניות מלח 330גר,דנשר (1963) בעמ,,,"י""ח",3.30,ל 100 גרם,false,1,8.90,2.70,true,1,
7290017928722,false,מאיר בייגל בייגלה שטוח ניגובים שומשו 3,דנשר (1963) בעמ,,,"י""ח",3,ל 100 גרם,false,1,8.90,2.97,true,1,
7290017928807,false,מאיר בייגל אצבעות שומשום 300גר,דנשר (1963) בעמ,,,"י""ח",3,ל 100 גרם,false,1,8.90,2.97,true,1,
7290017928821,false,מאיר בייגל מקלות גריסיני קלאסי 200גר,דנשר (1963) בעמ,,,"י""ח",2,ל 100 גרם,false,1,8.90,4.45,true,1,
7290017946399,false,"סוד מרכך מרוכז אדום 900מ""ל",גורי שיווק בעמ,,,"י""ח",0.90,"ל 100 מ""ל",false,1,11.90,13.22,false,1,
7290017946542,false,סוד מרכך מרוכז ורוד 1.8ליטר,גורי שיווק בעמ,,,"י""ח",1.80,ליטר,false,1,21.90,12.17,false,1,
7290017947105,false,לחם אנגיל בסגנון אמריקה 500גר,שלמה א.אנג ל בעמ,,,"י""ח",5,ל 100 גרם,false,1,13.90,2.78,false,1,
7290017947464,false,פיתות כוסמין מארז 8 יח אנגל,שלמה א.אנג ל בעמ,,,"י""ח",8,"י""ח",false,1,12.90,1.61,true,1,
7290017947495,false,לחמניות כוסמין שישייה,שלמה א.אנג ל בעמ,,,"י""ח",4.50,ל 100 גרם,false,1,14.90,3.31,false,1,
7290017947891,false,לחם אנגיל כוסמין וחיטה מלאה 750גר,שלמה א.אנג ל בעמ,,,"י""ח",7.50,ל 100 גרם,false,1,15.90,2.12,false,1,
7290017947921,false,לחמניות  להמבורגר 450גר.,שלמה א.אנג ל בעמ,,,"י""ח",4.50,ל 100 גרם,false,1,12.90,2.87,false,1,
7290017947938,false,מארז 8 מיני לחמניות המבורגר אמריקה,שלמה א.אנג ל בעמ,,,"י""ח",4,ל 100 גרם,false,1,13.90,3.48,false,1,
7290018023037,false,זית צ`ימישום  215גרם,בני פאוזי שמשום (2009) בעמ,,,"י""ח",2.15,ל 100 גרם,false,1,8.90,4.14,true,1,
7290018029206,false,עוגיות כתר ריבה מיקס 600 גרם,שיבולים ייצור ושיווק מאפה בעמ,,,"י""ח",6,ל 100 גרם,false,1,19.90,3.32,false,1,
7290018045084,false,דגנים במילוי קרם בטעם בראוניז 480גר,ר.ב. מוצרי דגנים בעמ,,,"י""ח",7.50,ל 100 גרם,false,1,17.90,2.39,true,1,
7290018045503,false,דגנ בוקר הלו קיטי לבבות 311גר,ר.ב. מוצרי דגנים בעמ,,,"י""ח",3.11,ל 100 גרם,false,1,23.90,7.68,false,1,
7290018045893,false,דגנים במילוי קרם נוגט 480גר,ר.ב. מוצרי דגנים בעמ,,,"י""ח",7.50,ל 100 גרם,false,1,17.90,2.39,true,1,
7290018071205,false,כפפות ניטרו -Vכחולות ללא אבקה EASY TOUCH,אינטרסן (1996) בעמ,,,"י""ח",100,"י""ח",false,1,14.90,0.15,true,1,
7290018071212,false,כפפות ניטרו -Vכחולות ללא אבקה M EASY TOU,אינטרסן (1996) בעמ,,,"י""ח",100,"י""ח",false,1,14.90,0.15,true,1,
7290018071229,false,כפפות ניטרו -Vכחולות ללא אבקה L EASY T,אינטרסן (1996) בעמ,,,"י""ח",100,"י""ח",false,1,14.90,0.15,true,1,
7290018071236,false,כפפות ניטרו -Vכחולות ללא אבקה XL EASY T,אינטרסן (1996) בעמ,,,"י""ח",100,"י""ח",false,1,14.90,0.15,true,1,
7290018071557,false,נר נשמה בכוס 72 שעות,אינטרסן (1996) בעמ,,,"י""ח",1,,false,1,10.90,10.90,false,1,
7290018091029,false,"מקלות פילו תפו""א  450ג קפוא",תנובה בשר,,,"י""ח",4.50,ל 100 גרם,false,1,17.90,3.98,false,1,
7290018091074,false,בצק עוגיות שוקולד ציפס 300ג,תנובה בשר,,,"י""ח",3,ל 100 גרם,false,1,14.90,4.97,true,1,
7290018091272,false,בצק עוגיות קקאו טריפל שוקולד 300ג,תנובה בשר,,,"י""ח",3,ל 100 גרם,false,1,16.90,5.63,true,1,
7290018091616,false,מקלות פילו גבינה 450ג קפוא,תנובה בשר,,,"י""ח",4.50,ל 100 גרם,false,1,17.90,3.98,false,1,
7290018091661,false,פיצה ירקות שוק  380ג מעדנות,תנובה בשר,,,"י""ח",3.80,ל 100 גרם,false,1,19.90,5.24,false,1,
7290018098349,false,פרישייק בריאות פירות יער ואסאי 300גר,א.ג בחירה חכמה בעמ,,,"י""ח",3,"ל 100 מ""ל",false,1,14.90,4.97,false,1,
7290018098387,false,פרישייק בריאות מנגו בנה תמר 300גר,א.ג בחירה חכמה בעמ,,,"י""ח",3,"ל 100 מ""ל",false,1,14.90,4.97,false,1,
7290018132388,false,"מטרנה גולד שלב 2 700גר בד""ץ",קבוצת אוסם סחר-שות.מוגבלת,,,"י""ח",7,ל 100 גרם,false,1,74.90,10.70,true,1,
7290018132425,false,"מטרנה גולד שלב 3 700גר בד""ץ",קבוצת אוסם סחר-שות.מוגבלת,,,"י""ח",7,ל 100 גרם,false,1,74.90,10.70,true,1,
7290018156124,false,"אל סבון שלישייה קמיל בלו ד""ר פישר צבעו","פישר תעשיות פרמבצטיות בע""מ",,,"י""ח",3,"י""ח",false,1,19.90,6.63,false,1,
7290018165010,false,"רזרב גולד  גוורצטרמינר 750מ""ל ברקן",טמפו משקאות בעמ,,,"י""ח",7.50,"ל 100 מ""ל",false,1,49.90,6.61,true,1,
7290018165447,false,רזרב  מרלו ברקן GOLD EDITION,טמפו משקאות בעמ,,,"י""ח",7.50,"ל 100 מ""ל",false,1,49.90,6.61,true,1,
7290018192023,false,סלרי.,ביכורי השדה צפון 1994 ג.ד. בעמ,,,"י""ח",1,,false,1,5.90,5.90,false,1,
7290018192658,false,פטריות  צמד איטלקי,ביכורי השדה צפון 1994 ג.ד. בעמ,,,"י""ח",1,,false,1,19.90,19.90,false,1,
7290018198056,false,"תפוגן קוביות תפוחי אדמה  1.5ק""ג",קבוצת אוסם סחר-שות.מוגבלת,,,"י""ח",1.50,"ק""ג",false,1,24.90,16.60,false,1,
7290018198148,false,"תפוגן קריספי צ`יפס קלאסי 1.25ק""ג",קבוצת אוסם סחר-שות.מוגבלת,,,"י""ח",1.50,"ק""ג",false,1,27.90,18.60,false,1,
7290018198209,false,תפוגן צ`יפס בטטה קראנצי 500גר,קבוצת אוסם סחר-שות.מוגבלת,,,"י""ח",5,ל 100 גרם,false,1,21.90,4.38,false,1,
7290018198254,false,"תפוגן קריספי צ`יפס פוטטוס 1.25ק""ג",קבוצת אוסם סחר-שות.מוגבלת,,,"י""ח",1.50,"ק""ג",false,1,27.90,18.60,false,1,
7290018208472,false,"תמר מג`הול 1ק""ג מחנה יהודה.",*347650,,,"י""ח",1,"ק""ג",false,1,19.90,19.90,true,1,
7290018208489,false,תמר מג`הול 800גר פרימים מחנה יהודה,*347650,,,"י""ח",8,ל 100 גרם,false,1,24.90,3.11,true,1,
7290018208496,false,תמר מג`הול 650גר סופר פרימים מחנה יהוד,*347650,,,"י""ח",6.50,ל 100 גרם,false,1,24.90,3.83,true,1,
7290018213407,false,מיקרופייבר חמישייה לניקוי כללי,מ.א.ייצור ויבוא,,,"י""ח",1,,false,1,8.90,8.90,false,1,
7290018236635,false,עוף טוב צ`ונגו פופקורן מצופה  600גר,קבוצת אוסם סחר-שות.מוגבלת,,,"י""ח",7,ל 100 גרם,false,1,29.90,4.27,true,1,
7290018236659,false,עוף טוב צ`ונגו פופקורן מתובל  600גר,קבוצת אוסם סחר-שות.מוגבלת,,,"י""ח",7,ל 100 גרם,false,1,29.90,4.27,true,1,
7290018237281,false,עוף טוב נקניק סלמי ירדן 550גר,קבוצת אוסם סחר-שות.מוגבלת,,,"י""ח",5.50,ל 100 גרם,false,1,24.90,4.53,true,1,
7290018237373,false,עוף טוב פסטרמה צרובה על הגריל  300גרם,קבוצת אוסם סחר-שות.מוגבלת,,,"י""ח",3,ל 100 גרם,false,1,24.90,8.30,true,1,
7290018237397,false,עוף טוב פסטרמה מקורמלת נתח שלם 300גרם,קבוצת אוסם סחר-שות.מוגבלת,,,"י""ח",3,ל 100 גרם,false,1,24.90,8.30,true,1,
7290018237489,false,עוף טוב דק דק פסטרמה ברביקיו 220גר.,קבוצת אוסם סחר-שות.מוגבלת,,,"י""ח",2.20,ל 100 גרם,false,1,21.90,9.95,false,1,
7290018237496,false,עוף טוב דק דק פסטרמה דבש 220גר.,קבוצת אוסם סחר-שות.מוגבלת,,,"י""ח",2.20,ל 100 גרם,false,1,17.90,8.14,true,1,
7290018237885,false,עוף טוב נקניקיות XL ללחמניה  370גר,קבוצת אוסם סחר-שות.מוגבלת,,,"י""ח",4,ל 100 גרם,false,1,9.90,2.48,true,1,
7290018237908,false,עוף טוב נקניקיות עסיסיות למנגל 400גר,קבוצת אוסם סחר-שות.מוגבלת,,,"י""ח",4,ל 100 גרם,false,1,9.90,2.48,true,1,
7290018237922,false,שניצלונים ציפוי צ`יפס ]עוף  טוב[,קבוצת אוסם סחר-שות.מוגבלת,,,"י""ח",7,ל 100 גרם,false,1,14.90,2.13,true,1,
7290018237939,false,שניצלונים]עוף  טוב[.,קבוצת אוסם סחר-שות.מוגבלת,,,"י""ח",7,ל 100 גרם,false,1,14.90,2.13,true,1,
7290018237960,false,עוף טוב כתף בקר עסיסי 265 גרם,קבוצת אוסם סחר-שות.מוגבלת,,,"י""ח",2.65,ל 100 גרם,false,1,22.90,8.64,true,1,
7290018294000,false,K.D  רוזה,אגודת הכורמים -כרמל מזרחי,,,"י""ח",7.50,"ל 100 מ""ל",false,1,19.90,2.61,true,1,
7290018294352,false,"ארק כרמל 700מ""ל.",אגודת הכורמים -כרמל מזרחי,,,"י""ח",7,"ל 100 מ""ל",false,1,49.90,7.09,true,1,
7290018294918,false,"מונלייט מוסקטו ורוד מבעבע  750מ""ל",אגודת הכורמים -כרמל מזרחי,,,"י""ח",7.50,"ל 100 מ""ל",false,1,34.90,4.61,true,1,
7290018333112,false,אריזת טופי אצבעות מיקס 402ג,כרמית תעשיות ממתקים בעמ,,,"י""ח",4.02,ל 100 גרם,false,1,11.90,2.96,false,1,
7290018333945,false,חטיף אגוזים רפאלס שקד ווניל 150ג,כרמית תעשיות ממתקים בעמ,,,"י""ח",1.50,ל 100 גרם,false,1,15.90,10.60,false,1,
7290018359112,false,פאסאטה מחית עגבניות איטלקיות קלה יכין690,זנלכל בעמ,,,"י""ח",6.90,ל 100 גרם,false,1,9.90,1.43,false,1,
7290018359129,false,עגבניה פולפה חתוכות מקולפות דק יכין690.,זנלכל בעמ,,,"י""ח",6.90,ל 100 גרם,false,1,9.90,1.43,false,1,
7290018359358,false,רוטב עג  פריכוז יכין 3*200גר,זנלכל בעמ,,,"י""ח",6,ל 100 גרם,false,1,12.90,2.15,false,1,
7290018359457,false,קראנצ`י בננה חטיף טבעי יכין 19גר,זנלכל בעמ,,,"י""ח",0.19,ל 100 גרם,false,1,10.90,57.37,true,1,
7290018359464,false,קראנצ`י תירס חטיף טבעי יכין 27גר,זנלכל בעמ,,,"י""ח",0.27,ל 100 גרם,false,1,10.90,40.37,true,1,
7290018359471,false,קראנצ`י תפוח חטיף טבעי יכין 18גר,זנלכל בעמ,,,"י""ח",0.18,ל 100 גרם,false,1,10.90,60.56,true,1,
7290018359495,false,תירס מהשדה ללא תוספת סוכר 550ג יכין,זנלכל בעמ,,,"י""ח",5.50,ל 100 גרם,false,1,9.90,1.80,false,1,
7290018359518,false,תירס מהשדה ללא תוספת סוכר 3*200ג יכין,זנלכל בעמ,,,"י""ח",6,ל 100 גרם,false,1,14.90,2.48,false,1,
7290018359556,false,תירס מהשדה ללא תוספת סוכר 400ג יכין,זנלכל בעמ,,,"י""ח",4,ל 100 גרם,false,1,6.90,1.73,false,1,
7290018359570,false,שעועית צ`ילי הקטניה הטובה יכין 3*200גר.,זנלכל בעמ,,,"י""ח",6,ל 100 גרם,false,1,10.90,1.82,true,1,
7290018359587,false,חומוס הקטניה הטובה יכין 3*200גר.,זנלכל בעמ,,,"י""ח",6,ל 100 גרם,false,1,10.90,1.82,true,1,
7290018359679,false,שעועית לימה יכין 550ג,זנלכל בעמ,,,"י""ח",5.20,ל 100 גרם,false,1,9.90,1.90,false,1,
7290018359686,false,~חומוס ענק יכין 550ג,זנלכל בעמ,,,"י""ח",5.20,ל 100 גרם,false,1,9.90,1.90,false,1,
7290018359716,false,רוטב פיצה טוסקנה יכין 240גר,זנלכל בעמ,,,"י""ח",2.40,"ל 100 מ""ל",false,1,5.50,2.29,false,1,
7290018359877,false,רסק עגבניות ליקופן טבעי 3*200גר יכין.,זנלכל בעמ,,,"י""ח",4,ל 100 גרם,false,1,10.90,2.73,true,1,
7290018359884,false,פולפה ליקופן טבעית 2*400גר יכין A1.,זנלכל בעמ,,,"י""ח",8,ל 100 גרם,false,1,13.90,1.74,true,1,
7290018359969,false,רוטב עגבניות לפיצה יכין 400גר,זנלכל בעמ,,,"י""ח",4,ל 100 גרם,false,1,10.90,2.73,false,1,
7290018400036,false,חגיגת טעמים כתומים 800ג,תנובה בשר,,,"י""ח",8,ל 100 גרם,false,1,22.90,2.86,true,1,
7290018400456,false,סמוטיז עם פיטאיה 300ג,תנובה בשר,,,"י""ח",3,ל 100 גרם,false,1,16.90,5.63,true,1,
7290018400647,false,בננה תמר  מוקפא 300ג,תנובה בשר,,,"י""ח",3,ל 100 גרם,false,1,16.90,5.63,true,1,
7290018400661,false,לקט פאייה סגנון ספרדי סנפרוסט{,תנובה בשר,,,"י""ח",8,ל 100 גרם,false,1,21.90,2.74,true,1,
7290018440070,false,תרכיז עגבניות שפורפרת B28 200ג,תה ויסוצקי (ישראל)בעמ,,,"י""ח",2,ל 100 גרם,false,1,8.90,4.45,false,1,
7290018440193,false,פליפז בייגלה מצופה ח.בוטנים 140ג,תה ויסוצקי (ישראל)בעמ,,,"י""ח",1.40,ל 100 גרם,false,1,8.90,6.36,true,1,
7290018440209,false,פליפז בייגלה מצופה פאדג לבן 140ג,תה ויסוצקי (ישראל)בעמ,,,"י""ח",1.40,ל 100 גרם,false,1,8.90,6.36,true,1,
7290018440223,false,חווית צאי מסאלה 25יח,תה ויסוצקי (ישראל)בעמ,,,"י""ח",25,"י""ח",false,1,17.90,0.72,true,1,
7290018440247,false,חווית צאי שקדים  25יח,תה ויסוצקי (ישראל)בעמ,,,"י""ח",25,"י""ח",false,1,17.90,0.72,true,1,
7290018440254,false,חווית צאי קרמל מלוח  25יח,תה ויסוצקי (ישראל)בעמ,,,"י""ח",25,"י""ח",false,1,17.90,0.72,true,1,
7290018440384,false,תה ירוק מאטה לימון נענע 25יח,תה ויסוצקי (ישראל)בעמ,,,"י""ח",25,"י""ח",false,1,24.90,1,true,1,
7290018440438,false,טונה בשמן זית שלישיה *65גרם,תה ויסוצקי (ישראל)בעמ,,,"י""ח",1.95,ל 100 גרם,false,1,22.90,11.74,true,1,
7290018440483,false,פליפז בייגלה מצופה קרמל מלוח 140ג,תה ויסוצקי (ישראל)בעמ,,,"י""ח",1.40,ל 100 גרם,false,1,8.90,6.36,true,1,
7290018440490,false,סלט טונה עם קוסקוס 150ג,תה ויסוצקי (ישראל)בעמ,,,"י""ח",1.50,ל 100 גרם,false,1,12.90,8.60,true,1,
7290018443040,false,נבטים סיניים שמיטה,ביכורי השדה צפון 1994 ג.ד. בעמ,,,"י""ח",1,,false,1,7.90,7.90,false,1,
7290018443385,false,חסה מהדרין שמיטה,ביכורי השדה צפון 1994 ג.ד. בעמ,,,"י""ח",1,,false,1,6.90,6.90,true,1,
7290018443712,false,כרובית ארוזה,ביכורי השדה צפון 1994 ג.ד. בעמ,,,"י""ח",1,"י""ח",false,1,10.90,10.90,false,1,
7290018471029,false,סודה  טעם לימון שוופס 0.5ל שישייה,יפאורה שותפות מוגבלת לשיווק,,,"י""ח",3,"ל 100 מ""ל",false,1,13.90,4.03,false,1,
7290018471043,false,"נקטר ספרינג פחית פירות טרופיים 330מ""ל",יפאורה שותפות מוגבלת לשיווק,,,"י""ח",3.30,"ל 100 מ""ל",false,1,5.20,1.48,true,1,
7290018471050,false,"נקטר ספרינג פחית אגס תפוח סברס 330מ""ל",יפאורה שותפות מוגבלת לשיווק,,,"י""ח",3.30,"ל 100 מ""ל",false,1,5.20,1.48,true,1,
7290018471197,false,פרוט  ווג`תפוח בננה מלון נענע 1ליטר,יפאורה שותפות מוגבלת לשיווק,,,"י""ח",1,ליטר,false,1,12.90,12.90,false,1,
7290018471210,false,ספרינג נקטר אגס סברס תפוח 1ליטר קרטוני,יפאורה שותפות מוגבלת לשיווק,,,"י""ח",1,ליטר,false,1,6.90,6.90,true,1,
7290018471395,false,פרוט  ווג` סלק רימון גזר,יפאורה שותפות מוגבלת לשיווק,,,"י""ח",1,ליטר,false,1,12.90,12.90,false,1,
7290018471463,false,תפוזינה נקטר תפוז מנגו 1ל קרטון,יפאורה שותפות מוגבלת לשיווק,,,"י""ח",1,ליטר,false,1,6.90,6.90,false,1,
7290018471470,false,תפוזינה נקטר תפוז פסיפלורה 1ל קרטון,יפאורה שותפות מוגבלת לשיווק,,,"י""ח",1,ליטר,false,1,6.90,6.90,false,1,
7290018471487,false,תפוזינה נקטר תפוז אננס 1ל קרטון,יפאורה שותפות מוגבלת לשיווק,,,"י""ח",1,ליטר,false,1,6.90,6.90,false,1,
7290018471494,false,תפוזינה נקטר תפוז גזר 1ל קרטון,יפאורה שותפות מוגבלת לשיווק,,,"י""ח",1,ליטר,false,1,6.90,6.90,false,1,
7290018471548,false,"ספרינג ענבים  250מ""ל רביעייה",יפאורה שותפות מוגבלת לשיווק,,,"י""ח",1,ליטר,false,1,12.90,12.90,true,1,
7290018471692,false,ספרינג שייק בננה אננס קוקוס קרטונית 1,יפאורה שותפות מוגבלת לשיווק,,,"י""ח",1,ליטר,false,1,11.60,11.60,true,1,
7290018471906,false,שוופס מוגז פירות לימונדה ורודה   1.5ל,יפאורה שותפות מוגבלת לשיווק,,,"י""ח",1.50,ליטר,false,1,8.80,5.67,true,1,
7290018471913,false,שוופס מוגז פירות תפוחים 1.5ל,יפאורה שותפות מוגבלת לשיווק,,,"י""ח",1.50,ליטר,false,1,8.80,5.67,true,1,
7290018471920,false,שוופס מוגז פירות ענבים 1.5ל,יפאורה שותפות מוגבלת לשיווק,,,"י""ח",1.50,ליטר,false,1,8.80,5.67,true,1,
7290018471937,false,שוופס מוגז פירות תות ליים 1.5ל,יפאורה שותפות מוגבלת לשיווק,,,"י""ח",1.50,ליטר,false,1,8.80,5.67,true,1,
7290018471944,false,שוופס מוגז פירות לימונייד 1.5ל,יפאורה שותפות מוגבלת לשיווק,,,"י""ח",1.50,ליטר,false,1,8.80,5.67,true,1,
7290018471951,false,שוופס מוגז פירות אשכולית אדומה 1.5ל,יפאורה שותפות מוגבלת לשיווק,,,"י""ח",1.50,ליטר,false,1,8.80,5.67,true,1,
7290018493878,false,"סרקל שמפו 750 מ""ל משאבה","פישר תעשיות פרמבצטיות בע""מ",,,"י""ח",7.50,"ל 100 מ""ל",false,1,19.90,2.65,false,1,
7290018493892,false,"קמיל בלו סנסיטיב אל סבון 750 מ""ל משאבה","פישר תעשיות פרמבצטיות בע""מ",,,"י""ח",7.50,"ל 100 מ""ל",false,1,19.90,2.65,false,1,
7290018493977,false,אל סבון נוזלי לידיים קמיל 1ליטר,"פישר תעשיות פרמבצטיות בע""מ",,,"י""ח",1,ליטר,false,1,13.90,13.90,true,1,
7290018500361,false,לחם אחיד פרוס אנג ל 900גרם  *,שלמה א.אנג ל בעמ,,,"י""ח",9,ל 100 גרם,false,1,8.53,0.95,false,1,
7290018516324,false,פרינוק מחית תפוח וש.שועל 120ג,גורי מוצרי צריכה בעמ,,,"י""ח",1.20,ל 100 גרם,false,1,5.90,4.92,true,1,
7290018516331,false,פרינוק מחית בננה וש.שועל  120ג,גורי מוצרי צריכה בעמ,,,"י""ח",1.20,ל 100 גרם,false,1,5.90,4.92,true,1,
7290018516348,false,פרינוק מחית פירות וש.שועל 120ג,גורי מוצרי צריכה בעמ,,,"י""ח",1.20,ל 100 גרם,false,1,5.90,4.92,true,1,
7290018516355,false,פרינוק 190 גרם תפוח עץ ש.שועל,גורי מוצרי צריכה בעמ,,,"י""ח",1.90,ל 100 גרם,false,1,5.90,3.11,true,1,
7290018516362,false,פרינוק 190 גרם בננה ש.שועל,גורי מוצרי צריכה בעמ,,,"י""ח",1.90,ל 100 גרם,false,1,5.90,3.11,true,1,
7290018516379,false,פרינוק 190 גרם סלט פירות ש.שועל,גורי מוצרי צריכה בעמ,,,"י""ח",1.90,ל 100 גרם,false,1,5.90,3.11,true,1,
7290018517215,false,רסק תפוחי עץ ללא תוספת סוכר 710גר,נאמן לאורך זמן בעמ,,,"י""ח",7.10,ל 100 גרם,false,1,10.90,1.54,false,1,
7290018540329,false,פיתה אנגל בלדי 8יח.,שלמה א.אנג ל בעמ,,,"י""ח",8,"י""ח",false,1,11.90,1.49,false,1,
7290018540817,false,לחם מחמצת כוסמין 500גרם ארטיזנל,שלמה א.אנג ל בעמ,,,"י""ח",5,ל 100 גרם,false,1,14.90,2.98,true,1,
7290018540824,false,לחם מחמצת כפרי 500גרם ארטיזנל,שלמה א.אנג ל בעמ,,,"י""ח",5,ל 100 גרם,false,1,14.90,2.98,true,1,
7290018540831,false,לחם מחמצת חיטה מלאה 500גרם ארטיזנל,שלמה א.אנג ל בעמ,,,"י""ח",5,ל 100 גרם,false,1,14.90,2.98,true,1,
7290018556924,false,משקה אלכהלי מחנה יהודה לימון 700 מייל,*347200,,,"י""ח",7.50,"ל 100 מ""ל",false,1,40.20,5.32,true,1,
7290018556931,false,משקה אלכהלי פסיפלורה מחנה יהודה  700מי,*347200,,,"י""ח",7.50,"ל 100 מ""ל",false,1,40.20,5.32,true,1,
7290018564622,false,שום כתוש שף הטבע.,קפוא זן תעשיות מזון בעמ,,,"י""ח",1,"י""ח",false,1,12.90,12.90,false,1,
7290018571064,false,מקלוני טופי 450ג,מיה תעשיות מזון מ.ת.מ בעמ,,,"י""ח",4.50,ל 100 גרם,false,1,15.90,3.53,false,1,
7290018571071,false,טופי פספסים 450ג,מיה תעשיות מזון מ.ת.מ בעמ,,,"י""ח",4.50,ל 100 גרם,false,1,15.90,3.53,false,1,
7290018571088,false,טופי חמוצמוץ 600ג,מיה תעשיות מזון מ.ת.מ בעמ,,,"י""ח",6,ל 100 גרם,false,1,15.90,2.65,false,1,
7290018571224,false,סילאן  טבעי לחיץ 470 גרם מיה,מיה תעשיות מזון מ.ת.מ בעמ,,,"י""ח",4.70,ל 100 גרם,false,1,17.90,3.81,false,1,
7290018571491,false,ריבת חלב אמיתית 340 גרם מיה.,מיה תעשיות מזון מ.ת.מ בעמ,,,"י""ח",3.40,ל 100 גרם,false,1,14.90,4.38,false,1,
7290018571552,false,סוכריות אומגה 3 ילדים דגונים 240גר,מיה תעשיות מזון מ.ת.מ בעמ,,,"י""ח",2.40,ל 100 גרם,false,1,39.90,16.63,false,1,
7290018571606,false,תערובת ראס אל חנות,מיה תעשיות מזון מ.ת.מ בעמ,,,"י""ח",1,ל 100 גרם,false,1,7.90,7.90,false,1,
7290018571705,false,"אורז יסמין 1 ק""ג",מיה תעשיות מזון מ.ת.מ בעמ,,,"י""ח",1,"ק""ג",false,1,10.90,10.90,true,1,
7290018571712,false,"אורז בסגנון פרסי 1 ק""ג",מיה תעשיות מזון מ.ת.מ בעמ,,,"י""ח",1,"ק""ג",false,1,9.90,9.90,true,1,
7290018571736,false,"אורז בסמטי 1 ק""ג",מיה תעשיות מזון מ.ת.מ בעמ,,,"י""ח",1,"ק""ג",false,1,10.90,10.90,true,1,
7290018708132,false,חלבה בארכה וניל פיסטוק ללא סוכר 250גר,קבוצת אוסם סחר-שות.מוגבלת,,,"י""ח",3.50,ל 100 גרם,false,1,14.90,4.26,false,1,
7290018835005,false,אקסטרה צ`יפס אורז חום מלא מלח פלפל 60ג,א.ל.יצור ושיווקתבלינים בעמ,,,"י""ח",0.60,ל 100 גרם,false,1,7.90,13.17,true,1,
7290018835012,false,באר אקסטרה בציפוי שוקולד חלב 90גר,א.ל.יצור ושיווקתבלינים בעמ,,,"י""ח",0.90,ל 100 גרם,false,1,13.90,15.44,true,1,
7290018835029,false,מרק טעם עוף 400גר,א.ל.יצור ושיווקתבלינים בעמ,,,"י""ח",4,ל 100 גרם,false,1,9.90,2.48,true,1,
7290018860984,false,אטריות ביצים דקות 400ג,מזרח ומערב יבוא ושיווק,,,"י""ח",4,"ק""ג",false,1,9.90,2.48,true,1,
7290018860991,false,אטריות ביצים רחבות  400ג,מזרח ומערב יבוא ושיווק,,,"י""ח",4,"ק""ג",false,1,9.90,2.48,true,1,
7290018878002,false,אגו מיקס קרקר מצופה שוקולג חלב 55ג,כרמית תעשיות ממתקים בעמ,,,"י""ח",0.55,ל 100 גרם,false,1,3.90,7.09,true,1,
7290018878088,false,שוקולד מריר ללא סוכר שלשות *85ג,כרמית תעשיות ממתקים בעמ,,,"י""ח",2.55,ל 100 גרם,false,1,15.90,6.24,false,1,
7290018878095,false,שוקולד חלב ללא סוכר שלשות *85ג,כרמית תעשיות ממתקים בעמ,,,"י""ח",2.55,ל 100 גרם,false,1,15.90,6.24,false,1,
7290018878125,false,שוקולד לבן ללא סוכר שלשות *85ג,כרמית תעשיות ממתקים בעמ,,,"י""ח",2.55,ל 100 גרם,false,1,15.90,6.24,false,1,
7290018879979,false,מרשמלו לבן טעם וניל 150ג,כרמית תעשיות ממתקים בעמ,,,"י""ח",1,,false,1,5.50,5.50,true,1,
7290018893005,false,חטיפי בייגלה אפוי דבש וחרדל 160ג.,ש.שסטוביץ בעמ,,,"י""ח",2,ל 100 גרם,false,1,6.90,3.45,false,1,
7290018893036,false,צוקטה ביסקוויט טעם שוקולד 176ג,ש.שסטוביץ בעמ,,,"י""ח",1.76,ל 100 גרם,false,1,6.90,3.92,false,1,
7290018893098,false,צ`וקטה ביסקוויט מצופה שוקולד חלב 100גר,ש.שסטוביץ בעמ,,,"י""ח",1,ל 100 גרם,false,1,9.90,9.90,true,1,
7290018893258,false,צוקטה עוגות אישיות עשירייה קרמל,ש.שסטוביץ בעמ,,,"י""ח",3,ל 100 גרם,false,1,12.90,4.30,false,1,
7290018893265,false,צוקטה עוגות אישיות 1/8 מריר,ש.שסטוביץ בעמ,,,"י""ח",2.40,ל 100 גרם,false,1,11.90,4.96,true,1,
7290018893296,false,צ`וקטה עוגיות חמאה מצופה שוקולד 100גר,ש.שסטוביץ בעמ,,,"י""ח",1,ל 100 גרם,false,1,9.90,9.90,true,1,
7290018893319,false,שוקולד מריר בלגי 85% צוקטה,ש.שסטוביץ בעמ,,,"י""ח",1,"ל 100 מ""ל",false,1,9.90,9.90,false,1,
7290018893340,false,צוקטה גריסיני שומשום 120גר,ש.שסטוביץ בעמ,,,"י""ח",1.20,ל 100 גרם,false,1,6.90,5.75,true,1,
7290018893418,false,צוקטה שוקולד מריר 60% 1/6,ש.שסטוביץ בעמ,,,"י""ח",6,ל 100 גרם,false,1,21.90,3.65,false,1,
7290018893456,false,צוקטה עוגות אישיות עשירייה.,ש.שסטוביץ בעמ,,,"י""ח",3,ל 100 גרם,false,1,12.90,4.30,false,1,
7290018893494,false,עלי וופל דקים בטעם חמאה 100גר,ש.שסטוביץ בעמ,,,"י""ח",1,ל 100 גרם,false,1,9.90,9.90,true,1,
7290018893500,false,צוקטה עוגיות סנדוויץ שוקו 180גר,ש.שסטוביץ בעמ,,,"י""ח",1.80,ל 100 גרם,false,1,4.90,2.72,false,1,
7290018893616,false,"צוקטה שוקולד מריר 48% 1/6 כשל""פ",ש.שסטוביץ בעמ,,,"י""ח",6,ל 100 גרם,false,1,19.90,3.32,false,1,
7290018893647,false,עוגיות סנדוויץ מצופות שוקולד,ש.שסטוביץ בעמ,,,"י""ח",1.50,ל 100 גרם,false,1,9.90,6.60,true,1,
7290018893654,false,חטיפי בייגלה שטוח מלח 200ג,ש.שסטוביץ בעמ,,,"י""ח",2,ל 100 גרם,false,1,6.90,3.45,false,1,
7290018893661,false,צוקטה עוגות אישיות שמינייה מריר,ש.שסטוביץ בעמ,,,"י""ח",2.40,ל 100 גרם,false,1,11.90,4.96,true,1,
7290018893708,false,צוקטה עוגיות סנדוויץ שוקו 250גר,ש.שסטוביץ בעמ,,,"י""ח",2.50,ל 100 גרם,false,1,7.90,3.16,true,1,
7290018893814,false,שוקולד מריר 48% 1/5 צוקטה,ש.שסטוביץ בעמ,,,"י""ח",5,"ל 100 מ""ל",false,1,15.90,3.18,false,1,
7290018893852,false,חטיפי בייגלה דקיקים עם שומשום 200ג,ש.שסטוביץ בעמ,,,"י""ח",2,ל 100 גרם,false,1,6.90,3.45,false,1,
7290018893876,false,צוקטה עוגות אישיות 1/8 וניל,ש.שסטוביץ בעמ,,,"י""ח",2.40,ל 100 גרם,false,1,11.90,4.96,true,1,
7290018893906,false,צוקטה עוגיות סנדוויץ וניל 250גר,ש.שסטוביץ בעמ,,,"י""ח",2.50,ל 100 גרם,false,1,7.90,3.16,true,1,
7290018893951,false,צ`וקטה וופל חמאה קינמון 100גר,ש.שסטוביץ בעמ,,,"י""ח",1,ל 100 גרם,false,1,9.90,9.90,true,1,
7290018894002,false,בלקוני וופל קוביות קקאו 250ג,ש.שסטוביץ בעמ,,,"י""ח",2.50,ל 100 גרם,false,1,11.90,4.76,true,1,
7290018894019,false,בלקוני עוגות מיקס מקס חלב 350גר,ש.שסטוביץ בעמ,,,"י""ח",3.50,ל 100 גרם,false,1,14.90,4.26,false,1,
7290018894040,false,שוקולד חלב צוקטה חמישייה 100ג.,ש.שסטוביץ בעמ,,,"י""ח",5,"ל 100 מ""ל",false,1,19.90,3.98,false,1,
7290018894200,false,בלקוני וופל קוביות וניל 250ג,ש.שסטוביץ בעמ,,,"י""ח",2.50,ל 100 גרם,false,1,11.90,4.76,true,1,
7290018894248,false,שוקולד חלב צוקטה שלישייה 100ג.,ש.שסטוביץ בעמ,,,"י""ח",3,"ל 100 מ""ל",false,1,13.90,4.63,true,1,
7290018894408,false,בלקוני וופל קוביות אגוזים 250ג,ש.שסטוביץ בעמ,,,"י""ח",2.50,ל 100 גרם,false,1,11.90,4.76,true,1,
7290018894606,false,בלקוני וופל קקאו 175ג,ש.שסטוביץ בעמ,,,"י""ח",1.75,ל 100 גרם,false,1,7.90,4.51,true,1,
7290018921029,false,מגבוני קמיל בלו רביעייה סנסיטיב.,"פישר תעשיות פרמבצטיות בע""מ",,,"י""ח",4,"י""ח",false,1,17.90,4.48,true,1,
7290018921067,false,אפקטיב קר תחליב רחצה מועשר בשמן 700מ,"פישר תעשיות פרמבצטיות בע""מ",,,"י""ח",7,"ל 100 מ""ל",false,1,12.90,1.84,true,1,
7290018921166,false,קמיל בלו אל סבון היגייני לניקוי יסודי,"פישר תעשיות פרמבצטיות בע""מ",,,"י""ח",1,ליטר,false,1,13.90,13.90,true,1,
7290018921203,false,משחת החתלה לתינוק קמומיל 120ג,"פישר תעשיות פרמבצטיות בע""מ",,,"י""ח",1.20,ל 100 גרם,false,1,14.90,12.42,true,1,
7290018921265,false,אפקטיב קר תחליב רחצה מועשר בתמצית 700מ,"פישר תעשיות פרמבצטיות בע""מ",,,"י""ח",7,"ל 100 מ""ל",false,1,12.90,1.84,true,1,
7290018921449,false,מגבוני קמיל בלו רביעייה תפרחת.,"פישר תעשיות פרמבצטיות בע""מ",,,"י""ח",4,"י""ח",false,1,24.90,6.23,false,1,
7290018921609,false,משחת החתלה לתינוק קלנדולה 120ג,"פישר תעשיות פרמבצטיות בע""מ",,,"י""ח",1.20,ל 100 גרם,false,1,14.90,12.42,true,1,
7290018921654,false,"אפקטיב קר תחליב רחצה מועשר בתמצית 700מ""","פישר תעשיות פרמבצטיות בע""מ",,,"י""ח",7,"ל 100 מ""ל",false,1,12.90,1.84,true,1,
7290018921753,false,קמיל בלו אל סבון היגייני לניקוי יסודי,"פישר תעשיות פרמבצטיות בע""מ",,,"י""ח",1,ליטר,false,1,13.90,13.90,true,1,
7290018921807,false,משחת החתלה לתינוק צמחי מרפא 120ג,"פישר תעשיות פרמבצטיות בע""מ",,,"י""ח",1.20,ל 100 גרם,false,1,14.90,12.42,true,1,
7290018925065,false,פרימור מיץ תפוזים סחוט 2ל`,"שטראוס גרופ ***בע""מ",,,"י""ח",2,ליטר,false,1,26.90,13.30,true,1,
7290018925072,false,פרימור משקה קל לימונים ונענע 2ל`,"שטראוס גרופ ***בע""מ",,,"י""ח",2,ליטר,false,1,26.90,13.30,true,1,
7290018989005,false,פולפה טבעית 3*400גר יכין A1.,זנלכל בעמ,,,"י""ח",8,ל 100 גרם,false,1,13.90,1.74,true,1,
7290018989081,false,חומוס הבית להכנת חומוס טרי יכין 410ג,זנלכל בעמ,,,"י""ח",4.10,ל 100 גרם,false,1,7.90,1.93,false,1,
7290018989128,false,סירופ בטעם ענבים יכין 1ליטר,זנלכל בעמ,,,"י""ח",1,ליטר,false,1,18.90,18.90,false,1,
7290018989135,false,סירופ בטעם פטל יכין 1ליטר,זנלכל בעמ,,,"י""ח",1,ליטר,false,1,18.90,18.90,false,1,
7290019014003,false,נוזל רצפות 4ל אואזיס  טאץ,סאסאטק אגשח בעמ,,,"י""ח",4,ליטר,false,1,14.90,3.73,true,1,
7290019014010,false,נוזל רצפות 4ל לגונה  טאץ,סאסאטק אגשח בעמ,,,"י""ח",4,ליטר,false,1,14.90,3.73,true,1,
7290019014027,false,נוזל רצפות 4ל בלוסום  טאץ,סאסאטק אגשח בעמ,,,"י""ח",4,ליטר,false,1,14.90,3.73,true,1,
7290019014041,false,נוזל רצפות 2ל פסגה מושלגת טאץ,סאסאטק אגשח בעמ,,,"י""ח",2,ליטר,false,1,18.90,9.45,true,1,
7290019014072,false,נוזל רצפות 2ל שקיעה קסומה  טאץ,סאסאטק אגשח בעמ,,,"י""ח",2,ליטר,false,1,18.90,9.45,true,1,
7290019014089,false,נוזל רצפות 2ל דיונה פראית  טאץ,סאסאטק אגשח בעמ,,,"י""ח",2,ליטר,false,1,18.90,9.45,true,1,
7290019014157,false,"מבשם כביסה 750מ""ל מיסטרי טאץ",סאסאטק אגשח בעמ,,,"י""ח",7.50,"ל 100 מ""ל",false,1,14.90,1.99,true,1,
7290019036234,false,שיני שום קלופות 200גר.,ביכורי השדה צפון 1994 ג.ד. בעמ,,,"י""ח",1,,false,1,12.90,12.90,false,1,
7290019056027,false,שוופס מוגז פירות תפוחים ללא סוכר 1.5ל,יפאורה שותפות מוגבלת לשיווק,,,"י""ח",1.50,ליטר,false,1,7.90,5.07,true,1,
7290019056034,false,שוופס מוגז פירות אננס ללא סוכר 1.5ל,יפאורה שותפות מוגבלת לשיווק,,,"י""ח",1.50,ליטר,false,1,7.90,5.07,true,1,
7290019056041,false,שוופס מוגז פירות לחמונייד ללא סוכר 1.5ל,יפאורה שותפות מוגבלת לשיווק,,,"י""ח",1.50,ליטר,false,1,7.90,5.07,true,1,
7290019056058,false,שוופס מוגז עדין תפוח ליים 1.5ליטר,יפאורה שותפות מוגבלת לשיווק,,,"י""ח",1.50,ליטר,false,1,8.60,5.53,true,1,
7290019056065,false,שוופס מוגז עדין פירות יער 1.5ליטר,יפאורה שותפות מוגבלת לשיווק,,,"י""ח",1.50,ליטר,false,1,8.60,5.53,true,1,
7290019056072,false,שוופס מוגז עדין אננס 1.5ליטר,יפאורה שותפות מוגבלת לשיווק,,,"י""ח",1.50,ליטר,false,1,8.60,5.53,true,1,
7290019056089,false,שוופס מוגז עדין ענבי ריזלינג 1.5ליטר,יפאורה שותפות מוגבלת לשיווק,,,"י""ח",1.50,ליטר,false,1,8.60,5.53,true,1,
7290019056096,false,שוופס מוגז עדין אפרסק 1.5ליטר,יפאורה שותפות מוגבלת לשיווק,,,"י""ח",1.50,ליטר,false,1,8.60,5.53,true,1,
7290019056119,false,סודה 1.5 ליטר,יפאורה שותפות מוגבלת לשיווק,,,"י""ח",1.50,ליטר,false,1,4.30,2.67,true,1,
7290019056126,false,סודה 1.5 ליטר לימון,יפאורה שותפות מוגבלת לשיווק,,,"י""ח",1.50,ליטר,false,1,4.30,2.67,true,1,
7290019056133,false,סודה 1.5 ליטר נענע ליים,יפאורה שותפות מוגבלת לשיווק,,,"י""ח",1.50,ליטר,false,1,4.30,2.67,true,1,
7290019056157,false,סודה 1.5 ליטר פירות יער,יפאורה שותפות מוגבלת לשיווק,,,"י""ח",1.50,ליטר,false,1,4.30,2.67,true,1,
7290019056164,false,שוופס סודה רביעיה 1.5 ל,יפאורה שותפות מוגבלת לשיווק,,,"י""ח",6,ליטר,false,1,11.90,1.78,true,1,
7290019056171,false,שוופס סודה רביעיה 1.5 ל לימון,יפאורה שותפות מוגבלת לשיווק,,,"י""ח",6,ליטר,false,1,11.90,1.78,true,1,
7290019056188,false,שוופס סודה רביעיה 1.5 ל נענע ליים,יפאורה שותפות מוגבלת לשיווק,,,"י""ח",6,ליטר,false,1,11.90,1.78,true,1,
7290019056201,false,שוופס סודה רביעיה 1.5 ל פירות יער,יפאורה שותפות מוגבלת לשיווק,,,"י""ח",6,ליטר,false,1,11.90,1.78,true,1,
7290019056249,false,שוופס מים בטעמים ענבים 1.5 ליטר,יפאורה שותפות מוגבלת לשיווק,,,"י""ח",1.50,ליטר,false,1,8.50,5.47,true,1,
7290019056256,false,שוופס מים בטעמים תפוחים 1.5 ליטר,יפאורה שותפות מוגבלת לשיווק,,,"י""ח",1.50,ליטר,false,1,8.50,5.47,true,1,
7290019056263,false,שוופס מים בטעמים אפרסק 1.5 ליטר,יפאורה שותפות מוגבלת לשיווק,,,"י""ח",1.50,ליטר,false,1,8.50,5.47,true,1,
7290019056270,false,שוופס מים בטעמים פירות יער 1.5 ליטר,יפאורה שותפות מוגבלת לשיווק,,,"י""ח",1.50,ליטר,false,1,8.50,5.47,true,1,
7290019056287,false,שוופס מים בטעמים אפרסק ללא סוכר 1.5 ליטר,יפאורה שותפות מוגבלת לשיווק,,,"י""ח",1.50,ליטר,false,1,8.50,5.47,true,1,
7290019056317,false,שוופס ראשן 1.5ליטר,יפאורה שותפות מוגבלת לשיווק,,,"י""ח",1.50,ליטר,false,1,12.50,8.13,false,1,
7290019056324,false,שוופס טוניק 1.5ליטר,יפאורה שותפות מוגבלת לשיווק,,,"י""ח",1.50,ליטר,false,1,12.50,8.13,false,1,
7290019056331,false,.שוופס טוניק ללא סוכר 1.5ליטר,יפאורה שותפות מוגבלת לשיווק,,,"י""ח",1.50,ליטר,false,1,11.90,7.73,false,1,
7290019056355,false,תפוזינה  לימונענע 1.5 ליטר,יפאורה שותפות מוגבלת לשיווק,,,"י""ח",1.50,ליטר,false,1,9.20,5.93,true,1,
7290019056362,false,תפוזינה  ענבים 1.5 ליטר,יפאורה שותפות מוגבלת לשיווק,,,"י""ח",1.50,ליטר,false,1,9.20,5.93,true,1,
7290019056379,false,תפוזינה  תפוחים 1.5 ליטר,יפאורה שותפות מוגבלת לשיווק,,,"י""ח",1.50,ליטר,false,1,9.20,5.93,true,1,
7290019056386,false,תפוזינה  אשכוליות 1.5 ליטר,יפאורה שותפות מוגבלת לשיווק,,,"י""ח",1.50,ליטר,false,1,9.20,5.93,true,1,
7290019056393,false,תפוזינה  תות בננה 1.5 ליטר,יפאורה שותפות מוגבלת לשיווק,,,"י""ח",1.50,ליטר,false,1,9.20,5.93,true,1,
7290019056409,false,תפוזינה  מנגו 1.5 ליטר,יפאורה שותפות מוגבלת לשיווק,,,"י""ח",1.50,ליטר,false,1,9.20,5.93,true,1,
7290019056416,false,תפוזינה  לימונדה ורודה 1.5 ליטר,יפאורה שותפות מוגבלת לשיווק,,,"י""ח",1.50,ליטר,false,1,9.20,5.93,true,1,
7290019056423,false,תפוזינה  תפוחים 1.5 ליטר,יפאורה שותפות מוגבלת לשיווק,,,"י""ח",1.50,ליטר,false,1,9.20,5.93,true,1,
7290019056461,false,R.C שישיה 1.5ל,יפאורה שותפות מוגבלת לשיווק,,,"י""ח",9,ליטר,false,1,36.90,3.90,true,1,
7290019056478,false,ספרינג -Tאפרסק  1.5 ל,יפאורה שותפות מוגבלת לשיווק,,,"י""ח",1.50,ליטר,false,1,7.50,4.80,true,1,
7290019056485,false,ספרינג -Tתה ירוק לימון לואיזה 1.5ליטר,יפאורה שותפות מוגבלת לשיווק,,,"י""ח",1.50,ליטר,false,1,7.50,4.80,true,1,
7290019056492,false,ספרינג -Tמנגו אפרסק 1.5ליטר,יפאורה שותפות מוגבלת לשיווק,,,"י""ח",1.50,ליטר,false,1,7.50,4.80,true,1,
7290019056508,false,פרוט ווטר ענבים 1.5 ליטר,יפאורה שותפות מוגבלת לשיווק,,,"י""ח",1.50,ליטר,false,1,8.50,5.47,true,1,
7290019056515,false,פרוט ווטר אננס 1.5 ליטר,יפאורה שותפות מוגבלת לשיווק,,,"י""ח",1.50,ליטר,false,1,8.50,5.47,true,1,
7290019056522,false,פרוט ווטר תות 1.5 ליטר,יפאורה שותפות מוגבלת לשיווק,,,"י""ח",1.50,ליטר,false,1,8.50,5.47,true,1,
7290019056539,false,פרוט ווטר אפרסק 1.5 ליטר,יפאורה שותפות מוגבלת לשיווק,,,"י""ח",1.50,ליטר,false,1,8.50,5.47,true,1,
7290019056546,false,פרוט ווטר אבטיח 1.5 ליטר,יפאורה שותפות מוגבלת לשיווק,,,"י""ח",1.50,ליטר,false,1,8.50,5.47,true,1,
7290019056553,false,עין גדי 2 ליטר שישיה,יפאורה שותפות מוגבלת לשיווק,,,"י""ח",12,ליטר,false,1,13.70,0.99,false,1,
7290019056577,false,ספרינג מנגו 1.5 ליטר,יפאורה שותפות מוגבלת לשיווק,,,"י""ח",1.50,ליטר,false,1,9.10,5.87,true,1,
7290019056584,false,ספרינג תפוזים 1.5 ליטר,יפאורה שותפות מוגבלת לשיווק,,,"י""ח",1.50,ליטר,false,1,9.10,5.87,true,1,
7290019056591,false,ספרינג ענבים 1.5 ליטר,יפאורה שותפות מוגבלת לשיווק,,,"י""ח",1.50,ליטר,false,1,9.10,5.87,true,1,
7290019056607,false,ספרינג תפוחים 1.5 ליטר,יפאורה שותפות מוגבלת לשיווק,,,"י""ח",1.50,ליטר,false,1,9.10,5.87,true,1,
7290019056614,false,ספרינג אפרסק 1.5 ליטר,יפאורה שותפות מוגבלת לשיווק,,,"י""ח",1.50,ליטר,false,1,9.10,5.87,true,1,
7290019056621,false,ספרינג פירות טרופיים 1.5 ליטר,יפאורה שותפות מוגבלת לשיווק,,,"י""ח",1.50,ליטר,false,1,9.10,5.87,true,1,
7290019056638,false,ספרינג תות בננה 1.5 ליטר,יפאורה שותפות מוגבלת לשיווק,,,"י""ח",1.50,ליטר,false,1,9.10,5.87,true,1,
7290019056645,false,ספרינג אגס תפוח סברס 1.5 ליטר,יפאורה שותפות מוגבלת לשיווק,,,"י""ח",1.50,ליטר,false,1,9.10,5.87,true,1,
7290019056652,false,ספרינג אננס בננה 1.5 ליטר,יפאורה שותפות מוגבלת לשיווק,,,"י""ח",1.50,ליטר,false,1,9.10,5.87,true,1,
7290019056669,false,ספרינג תפוחים דיאט 1.5 ליטר,יפאורה שותפות מוגבלת לשיווק,,,"י""ח",1.50,ליטר,false,1,9.20,5.93,true,1,
7290019056676,false,ספרינג תאשכוליות אננס דיאט 1.5 ליטר,יפאורה שותפות מוגבלת לשיווק,,,"י""ח",1.50,ליטר,false,1,8.80,5.67,true,1,
7290019056720,false,קריסטל 2 ליטר מיץ ענבים,יפאורה שותפות מוגבלת לשיווק,,,"י""ח",2,ליטר,false,1,7.80,3.75,true,1,
7290019056737,false,קריסטל 2 ליטר מיץ אשכוליות,יפאורה שותפות מוגבלת לשיווק,,,"י""ח",2,ליטר,false,1,7.80,3.75,true,1,
7290019056744,false,קריסטל 2 ליטר מיץ תפוזים,יפאורה שותפות מוגבלת לשיווק,,,"י""ח",2,ליטר,false,1,7.80,3.75,true,1,
7290019056751,false,קריסטל 2 ליטר מיץ אשכוליות דיאט,יפאורה שותפות מוגבלת לשיווק,,,"י""ח",2,ליטר,false,1,7.80,3.75,true,1,
7290019056768,false,קריסטל 2 ליטר מיץ מנגו,יפאורה שותפות מוגבלת לשיווק,,,"י""ח",2,ליטר,false,1,7.80,3.75,true,1,
7290019056775,false,קריסטל 2 ליטר מוגז ענבים,יפאורה שותפות מוגבלת לשיווק,,,"י""ח",2,ליטר,false,1,7.80,3.75,true,1,
7290019056782,false,קריסטל 2 ליטר מוגז למון,יפאורה שותפות מוגבלת לשיווק,,,"י""ח",2,ליטר,false,1,7.80,3.75,true,1,
7290019056799,false,קריסטל 2 ליטר מוגז אקזוטי,יפאורה שותפות מוגבלת לשיווק,,,"י""ח",2,ליטר,false,1,7.80,3.75,true,1,
7290019056805,false,קריסטל 2 ליטר מוגז תפוחים,יפאורה שותפות מוגבלת לשיווק,,,"י""ח",2,ליטר,false,1,7.80,3.75,true,1,
7290019056812,false,קריסטל 2 ליטר מוגז מנטה,יפאורה שותפות מוגבלת לשיווק,,,"י""ח",2,ליטר,false,1,7.80,3.75,true,1,
7290019056829,false,קריסטל 2 ליטר מוגז תפוזים,יפאורה שותפות מוגבלת לשיווק,,,"י""ח",2,ליטר,false,1,7.80,3.75,true,1,
7290019056836,false,קריסטל 2 ליטר מוגז תות,יפאורה שותפות מוגבלת לשיווק,,,"י""ח",2,ליטר,false,1,7.80,3.75,true,1,
7290019056850,false,ספרינג -Tאפרסק דיאט 1.5ליטר,יפאורה שותפות מוגבלת לשיווק,,,"י""ח",1.50,ליטר,false,1,7.50,4.80,true,1,
7290019056973,false,מי עדן 1.5 ליטר שישיה,יפאורה שותפות מוגבלת לשיווק,,,"י""ח",9,ליטר,false,1,13.90,1.34,false,1,
7290019074885,false,קמיל בלו אקסטרה סופט קרם גוף לתינוק 50,"פישר תעשיות פרמבצטיות בע""מ",,,"י""ח",5,ל 100 גרם,false,1,24.90,4.98,true,1,
7290019075479,false,קמיל בלו קלאסיק  שמפו לתינוק  1 ל,"פישר תעשיות פרמבצטיות בע""מ",,,"י""ח",1,ליטר,false,1,21.90,21.90,true,1,
7290019075899,false,קמיל בלו אקסטרה סופט אל סבון לתינוק 1ל,"פישר תעשיות פרמבצטיות בע""מ",,,"י""ח",1,ליטר,false,1,32.90,32.90,false,1,
7290019105022,false,אל סבון נוזלי בניחוח מאסק 1ליטר,*347520,,,"י""ח",1,ליטר,false,1,10.90,10.90,true,1,
7290019105220,false,אל סבון נוזלי בניחוח פרש 1ליטר,*347520,,,"י""ח",1,ליטר,false,1,10.90,10.90,true,1,
7290019105428,false,אל סבון נוזלי בניחוח פרחים 1ליטר,*347520,,,"י""ח",1,ליטר,false,1,10.90,10.90,true,1,
7290019105817,false,אל סבון נוזלי בניחוח וניל ודבש 1ליטר,*347520,,,"י""ח",1,ליטר,false,1,10.90,10.90,true,1,
7290019145004,false,משקה אלכהלי מחנה יהודה אשכולית 700 מייל,*347200,,,"י""ח",7.50,"ל 100 מ""ל",false,1,40.20,5.32,true,1,
7290019145813,false,ערק  מחנה יהודה 40% 700 מייל,*347200,,,"י""ח",7,"ל 100 מ""ל",false,1,49.90,7.09,true,1,
7290019153023,false,R.C רביעייה ללא סוכר 1.5ל,יפאורה שותפות מוגבלת לשיווק,,,"י""ח",6,ליטר,false,1,23.90,3.78,true,1,
7290019153078,false,שוופס ביטר למון לייט 1.5ליטר,יפאורה שותפות מוגבלת לשיווק,,,"י""ח",1.50,ליטר,false,1,12.50,8.13,false,1,
7290019153085,false,שוופס ללא סוכר מוחיטו 1.5ל.,יפאורה שותפות מוגבלת לשיווק,,,"י""ח",1.50,ליטר,false,1,8.80,5.67,true,1,
7290019153238,false,סודה שוופס תפוח  0.5ל,יפאורה שותפות מוגבלת לשיווק,,,"י""ח",5,"ל 100 מ""ל",false,1,4.50,0.84,true,1,
7290019153245,false,סודה שוופס לימון 0.5ל,יפאורה שותפות מוגבלת לשיווק,,,"י""ח",5,"ל 100 מ""ל",false,1,4.50,0.84,true,1,
7290019153252,false,שוופס סודה רביעיה 1.5 ל תפוח,יפאורה שותפות מוגבלת לשיווק,,,"י""ח",6,ליטר,false,1,11.90,1.78,true,1,
7290019153269,false,שוופס סודה רביעיה 1.5 ל אננס,יפאורה שותפות מוגבלת לשיווק,,,"י""ח",6,ליטר,false,1,11.90,1.78,true,1,
7290019153375,false,תפוזינה  מוחיטו 1.5 ליטר,יפאורה שותפות מוגבלת לשיווק,,,"י""ח",1.50,ליטר,false,1,9.20,5.93,true,1,
7290019153535,false,"שוופס מוגז פירות למונייד לל""ס 330מל*4",יפאורה שותפות מוגבלת לשיווק,,,"י""ח",1.32,ליטר,false,1,14.70,10.23,true,1,
7290019153566,false,ספרינג רימון אוכמניות דובדבן  1.5 ליטר,יפאורה שותפות מוגבלת לשיווק,,,"י""ח",1.50,ליטר,false,1,9.10,5.87,true,1,
7290019167020,false,עוגת גבינה עם פירות יער לייט 82ג,"תנובה בע""מ ***",,,"י""ח",0.82,"ל 100 מ""ל",false,1,6.90,8.41,false,1,
7290019204008,false,עוף טוב פסטרמה ארבעה פלפלים 350 גרם,קבוצת אוסם סחר-שות.מוגבלת,,,"י""ח",3.50,ל 100 גרם,false,1,22.90,6.54,true,1,
7290019204107,false,עוף טוב פסטרמה בטעם אווז 320 גרם,קבוצת אוסם סחר-שות.מוגבלת,,,"י""ח",3.20,ל 100 גרם,false,1,22.90,7.16,true,1,
7290019204305,false,חזה הודו ברביקיו  350 גרם,קבוצת אוסם סחר-שות.מוגבלת,,,"י""ח",3.50,ל 100 גרם,false,1,22.90,6.54,true,1,
7290019232803,false,הולגריין ביסקוויט עם קרם 300ג,תה ויסוצקי (ישראל)בעמ,,,"י""ח",3,ל 100 גרם,false,1,8.90,2.97,true,1,
7290019232827,false,הולגריין ביסקוויט מילוי אגוזים 300ג,תה ויסוצקי (ישראל)בעמ,,,"י""ח",3,ל 100 גרם,false,1,8.90,2.97,true,1,
7290019232834,false,פליפז בייגלה מצופה רם עוגיות 140ג,תה ויסוצקי (ישראל)בעמ,,,"י""ח",1.40,ל 100 גרם,false,1,8.90,6.36,true,1,
7290019297383,false,מעדן משמש שקדיה 100% רכיבי פרי 284גר ל,*347340,,,"י""ח",2.84,ל 100 גרם,false,1,13.90,4.89,true,1,
7290019297390,false,מעדן פטל שקדיה 100% רכיבי פרי 284גר ל.ס,*347340,,,"י""ח",2.84,ל 100 גרם,false,1,13.90,4.89,true,1,
7290019297406,false,מעדן דובדבן 100% רכיבי פרי 284גר ל.ס,*347340,,,"י""ח",2.84,ל 100 גרם,false,1,13.90,4.89,true,1,
7290019297413,false,מעדן אפרס שקדיה 100% רכיבי פרי 284גר ל,*347340,,,"י""ח",2.84,ל 100 גרם,false,1,13.90,4.89,true,1,
7290019297420,false,מעדן תות שקדיה 100% רכיבי פרי 284גר ל.,*347340,,,"י""ח",2.84,ל 100 גרם,false,1,13.90,4.89,true,1,
7290019297437,false,מעדן אוכמניות 100% רכיבי פרי 284גר ל.ס,*347340,,,"י""ח",2.84,ל 100 גרם,false,1,13.90,4.89,true,1,
7290019297543,false,חמאת בוטנים 510גר`,*347340,,,"י""ח",5.10,ל 100 גרם,false,1,9.90,1.94,false,1,
7290019297628,false,שקד טבעי 150ג,*347340,,,"י""ח",1.50,ל 100 גרם,false,1,14.90,9.93,false,1,
7290019302315,false,סלקטד  BUZZ אבטיח לימון,אגודת הכורמים -כרמל מזרחי,,,"י""ח",7.50,"ל 100 מ""ל",false,1,27.90,3.68,true,1,
7290022005074,false,רוטב עגבניות שרי קלאסי 400גר,א.ל.יצור ושיווקתבלינים בעמ,,,"י""ח",4,"ל 100 מ""ל",false,1,14.90,3.73,true,1,
7290022005081,false,רוטב עגבניות שרי ארביאטה 400גר,א.ל.יצור ושיווקתבלינים בעמ,,,"י""ח",4,"ל 100 מ""ל",false,1,14.90,3.73,true,1,
7290022005098,false,רוטב עגבניות שרי לשקשוקה 400גר,א.ל.יצור ושיווקתבלינים בעמ,,,"י""ח",4,"ל 100 מ""ל",false,1,14.90,3.73,true,1,
7290022005104,false,רוטב עגבניות שרי בזיליקום 400גר,א.ל.יצור ושיווקתבלינים בעמ,,,"י""ח",4,"ל 100 מ""ל",false,1,14.90,3.73,true,1,
7290022005111,false,רוטב עגבניות שרי לפיצה 400גר,א.ל.יצור ושיווקתבלינים בעמ,,,"י""ח",4,"ל 100 מ""ל",false,1,14.90,3.73,true,1,
7290022005555,false,תבלין פילדלפיה 120גר,א.ל.יצור ושיווקתבלינים בעמ,,,"י""ח",1.20,ל 100 גרם,false,1,11.50,9.58,false,1,
7290022005562,false,קריספי פירורי לחם שום 300גר,א.ל.יצור ושיווקתבלינים בעמ,,,"י""ח",3,ל 100 גרם,false,1,7.90,2.63,true,1,
7290042051716,false,מפיות גדולות במיוחד 50יח שווה,ח.כהן סוכנות מזון ומשקאות בע,,,"י""ח",50,"י""ח",false,1,10.90,0.22,true,1,
7290042051778,false,"צלחות ענקיות מתכלות 25יח  ""שווה""",ח.כהן סוכנות מזון ומשקאות בע,,,"י""ח",25,"י""ח",false,1,19.90,0.80,true,1,
7290042051785,false,"צלחות גדולות מתכלות 25יח  ""שווה""",ח.כהן סוכנות מזון ומשקאות בע,,,"י""ח",25,"י""ח",false,1,14.90,0.60,true,1,
7290042051792,false,"צלחות קטנות מתכלות 25יח  ""שווה""",ח.כהן סוכנות מזון ומשקאות בע,,,"י""ח",25,"י""ח",false,1,8.90,0.36,true,1,
7290042051808,false,"לפתניות מתכלות 25יח  ""שווה""",ח.כהן סוכנות מזון ומשקאות בע,,,"י""ח",25,"י""ח",false,1,7.90,0.32,true,1,
7290042051815,false,"מרקיות מתכלות 25יח  ""שווה""",ח.כהן סוכנות מזון ומשקאות בע,,,"י""ח",25,"י""ח",false,1,11.90,0.48,true,1,
7290042051938,false,"גביעי אחסון 7יח 270מ""ל  שווה",ח.כהן סוכנות מזון ומשקאות בע,,,"י""ח",7,"י""ח",false,1,8.90,1.27,true,1,
7290042051945,false,"גביעי אחסון 6יח 500מ""ל  שווה",ח.כהן סוכנות מזון ומשקאות בע,,,"י""ח",7,"י""ח",false,1,8.90,1.27,true,1,
7290042051952,false,גביעי אחסון 5יח 1ל  שווה,ח.כהן סוכנות מזון ומשקאות בע,,,"י""ח",5,"י""ח",false,1,8.90,1.78,true,1,
7290042051976,false,"כוסות נייר גודל 10 כשל""פ",ח.כהן סוכנות מזון ומשקאות בע,,,"י""ח",1,,false,1,12.90,12.90,true,1,
7290042051990,false,"כוסות חם חד פעמי 40יח כשל""פ",ח.כהן סוכנות מזון ומשקאות בע,,,"י""ח",1,,false,1,8.90,8.90,true,1,
7290100240137,false,"בדין תרסיס מייבש כחול 500מ""ל","יוניליוור ישראל שיווק בע""מ",,,"י""ח",5,"ל 100 מ""ל",false,1,15.90,3.18,false,1,
7290100240144,false,בדין תרסיס מייבש ורוד,"יוניליוור ישראל שיווק בע""מ",,,"י""ח",5,"ל 100 מ""ל",false,1,15.90,3.18,false,1,
7290100240632,false,"פתית 6דגנים 250גר  בד""ץ","יוניליוור ישראל שיווק בע""מ",,,"י""ח",2.50,ל 100 גרם,false,1,14.90,5.96,true,1,
7290100240656,false,"פתית שיפון 300גר  בד""ץ","יוניליוור ישראל שיווק בע""מ",,,"י""ח",3,ל 100 גרם,false,1,14.90,4.97,true,1,
7290100243084,false,מיונז אמיתי הלמנס 789גר`,"יוניליוור ישראל שיווק בע""מ",,,"י""ח",7.89,ל 100 גרם,false,1,19.90,2.52,false,1,
7290100243671,false,"בדין אקסטרא כחול 960 מ""ל","יוניליוור ישראל שיווק בע""מ",,,"י""ח",9.60,"ל 100 מ""ל",false,1,15.90,1.66,true,1,
7290100245231,false,נמס בכוס ועוד טעם עוף שקדי מרק 50גר,"יוניליוור ישראל שיווק בע""מ",,,"י""ח",0.50,ל 100 גרם,false,1,6.90,13.80,true,1,
7290100249598,false,"רוטב ל עוף שום  ודבש בד""צ 320גרם","יוניליוור ישראל שיווק בע""מ",,,"י""ח",3.20,ל 100 גרם,false,1,10.90,3.41,true,1,
7290100249659,false,"רוטב ל עוף צ`ילי שום בד""צ 320גרם","יוניליוור ישראל שיווק בע""מ",,,"י""ח",3.20,ל 100 גרם,false,1,10.90,3.41,true,1,
7290100411254,false,מחית תפוח ובננה  190ג ללא סוכר,שקד תבל בעמ,,,"י""ח",1.90,"ל 100 מ""ל",false,1,5.90,3.11,true,1,
7290100411278,false,מחית תפוח ואגס  190ג ללא סוכר,שקד תבל בעמ,,,"י""ח",1.90,"ל 100 מ""ל",false,1,5.90,3.11,true,1,
7290100412343,false,מגבונים לניקוי כללי  בריח לימון קוויק,שקד תבל בעמ,,,"י""ח",50,"י""ח",false,1,8.90,0.18,true,1,
7290100412442,false,מגבונים לניקוי שירוקלחת מנטה קוויק,שקד תבל בעמ,,,"י""ח",50,"י""ח",false,1,8.90,0.18,true,1,
7290100412459,false,מגבונים לניקוי שירוקלחת לבנדר קוויק,שקד תבל בעמ,,,"י""ח",50,"י""ח",false,1,8.90,0.18,true,1,
7290100412466,false,קוויק מטליות  לחות לניקוי וחיטוי רצפות,שקד תבל בעמ,,,"י""ח",10,"י""ח",false,1,10,1,true,1,
7290100412756,false,"דר עור קרם ידיים עור יבש  100מ""ל",שקד תבל בעמ,,,"י""ח",1,ל 100 גרם,false,1,9.90,9.90,true,1,
7290100412763,false,"דר עור ת.רחצה קלאסי לבנדר 700מ""ל",שקד תבל בעמ,,,"י""ח",7,ל 100 גרם,false,1,14.90,2.13,true,1,
7290100412770,false,"דר עור ת.רחצה קלאסי מאסק  700מ""ל",שקד תבל בעמ,,,"י""ח",7,ל 100 גרם,false,1,14.90,2.13,true,1,
7290100412787,false,"דר עור ת.רחצה קלאסי  700מ""ל",שקד תבל בעמ,,,"י""ח",7,ל 100 גרם,false,1,14.90,2.13,true,1,
7290100412800,false,"דר עור ת.רחצה עור יבש פרחי בר 700מ""ל",שקד תבל בעמ,,,"י""ח",7,ל 100 גרם,false,1,14.90,2.13,true,1,
7290100412817,false,"דר עור קרם רגליים עור יבש  100מ""ל",שקד תבל בעמ,,,"י""ח",1,ל 100 גרם,false,1,9.90,9.90,true,1,
7290100412831,false,"דר עור ת.רחצה וניל טרופי   700מ""ל",שקד תבל בעמ,,,"י""ח",7,ל 100 גרם,false,1,14.90,2.13,true,1,
7290100413593,false,קוויק מטליות XL בניחוח פרחי בר.,שקד תבל בעמ,,,"י""ח",40,"י""ח",false,1,8.90,0.22,true,1,
7290100413609,false,קוויק דוחה אבק בניחוח הדרים 50יח.,שקד תבל בעמ,,,"י""ח",40,"י""ח",false,1,8.90,0.22,true,1,
7290100658338,false,פלמוליב לכלים אוקסי פלוס,ש.שסטוביץ בעמ,,,"י""ח",7.50,"ל 100 מ""ל",false,1,11.90,1.59,true,1,
7290100680650,false,מנה חמה נודלס תאילנדי,קבוצת אוסם סחר-שות.מוגבלת,,,"י""ח",0.76,ל 100 גרם,false,1,6.90,9.08,true,1,
7290100680667,false,מנה חמה נודלס ירקות ט.סצ`ואן,קבוצת אוסם סחר-שות.מוגבלת,,,"י""ח",0.76,ל 100 גרם,false,1,6.90,9.08,true,1,
7290100680711,false,פירורית זהב 350 גרם אוסם,קבוצת אוסם סחר-שות.מוגבלת,,,"י""ח",3.50,ל 100 גרם,false,1,8.90,2.54,false,1,
7290100680728,false,פירורית]אוסם[,קבוצת אוסם סחר-שות.מוגבלת,,,"י""ח",3.50,ל 100 גרם,false,1,7.90,2.26,false,1,
7290100681138,false,אפרופו מארז  3 יח.,קבוצת אוסם סחר-שות.מוגבלת,,,"י""ח",1.50,ל 100 גרם,false,1,13.90,9.27,true,1,
7290100681503,false,תרכיז לימונענע 1 ליטר,קבוצת אוסם סחר-שות.מוגבלת,,,"י""ח",1,ליטר,false,1,9.90,9.90,false,1,
7290100681510,false,תרכיז אשכולית אדומה.,קבוצת אוסם סחר-שות.מוגבלת,,,"י""ח",1,ליטר,false,1,9.90,9.90,false,1,
7290100684139,false,פסטה אסם מיני מקרוני,קבוצת אוסם סחר-שות.מוגבלת,,,"י""ח",5,ל 100 גרם,false,1,5.90,1.18,true,1,
7290100685136,false,"מרק טעם עוף 1  ק""ג}אסם{",קבוצת אוסם סחר-שות.מוגבלת,,,"י""ח",1,"ק""ג",false,1,14.90,14.90,false,1,
7290100685334,false,אבקת מרק עוף רכיבים טבעיי,קבוצת אוסם סחר-שות.מוגבלת,,,"י""ח",4,ל 100 גרם,false,1,24.90,6.23,false,1,
7290100685341,false,מרק תיבול טעם רך 400 ג,קבוצת אוסם סחר-שות.מוגבלת,,,"י""ח",4,ל 100 גרם,false,1,16.90,4.23,false,1,
7290100685563,false,מארז פירורית זהב 200*2.,קבוצת אוסם סחר-שות.מוגבלת,,,"י""ח",4,ל 100 גרם,false,1,8.70,2.18,false,1,
7290100686171,false,ביסלי גריל מארז  ( שישייה),קבוצת אוסם סחר-שות.מוגבלת,,,"י""ח",2.10,ל 100 גרם,false,1,9.70,4.62,true,1,
7290100687109,false,במבה במילוי נוגט,קבוצת אוסם סחר-שות.מוגבלת,,,"י""ח",0.60,ל 100 גרם,false,1,4.30,7.17,true,1,
7290100689301,false,מרק טעם עוף זך עדיף 400גר.,קבוצת אוסם סחר-שות.מוגבלת,,,"י""ח",4,ל 100 גרם,false,1,15.90,3.98,false,1,
7290100700006,false,"חיטה 1 ק""ג סוגת",סוגת תעשיות בעמ,,,"י""ח",1,"ק""ג",false,1,9.90,9.90,true,1,
7290100700020,false,גריסי פנינה סוגת,סוגת תעשיות בעמ,,,"י""ח",2,ל 100 גרם,false,1,4.90,2.45,true,1,
7290100700075,false,פירורי לחם מוזהבים 200 גרם סוגת,סוגת תעשיות בעמ,,,"י""ח",2,ל 100 גרם,false,1,3.90,1.95,true,1,
7290100700157,false,"אורז סושי 1ק""ג סוגת",סוגת תעשיות בעמ,,,"י""ח",1,"ק""ג",false,1,12.90,12.90,false,1,
7290100700242,false,אורז מלא עגול,סוגת תעשיות בעמ,,,"י""ח",1,"ק""ג",false,1,9.90,9.90,false,1,
7290100700273,false,קינואה 500 גרם סוגת,סוגת תעשיות בעמ,,,"י""ח",5,ל 100 גרם,false,1,13.90,2.78,true,1,
7290100700297,false,עדשים שחורות 500 גר סוגת.,סוגת תעשיות בעמ,,,"י""ח",5,ל 100 גרם,false,1,7.90,1.58,true,1,
7290100700310,false,"כוסמת 1 ק""ג סוגת",סוגת תעשיות בעמ,,,"י""ח",1,"ק""ג",false,1,12.90,12.90,true,1,
7290100700334,false,"קינואה 1ק""ג",סוגת תעשיות בעמ,,,"י""ח",1,"ק""ג",false,1,19.90,19.90,true,1,
7290100700389,false,"אורז אדום 1 ק""ג",סוגת תעשיות בעמ,,,"י""ח",1,"ק""ג",false,1,12.10,12.10,false,1,
7290100700396,false,"אורז יסמין 1 ק""ג  סוגת",סוגת תעשיות בעמ,,,"י""ח",1,"ק""ג",false,1,12.90,12.90,false,1,
7290100700402,false,"חומוס ענק 1 ק""ג סוגת",סוגת תעשיות בעמ,,,"י""ח",1,"ק""ג",false,1,19.90,19.90,true,1,
7290100700587,false,בורגול 500 גר`סוגת,סוגת תעשיות בעמ,,,"י""ח",5,ל 100 גרם,false,1,4.90,0.98,true,1,
7290100701300,false,קינואה אדומה 500גר`,סוגת תעשיות בעמ,,,"י""ח",5,ל 100 גרם,false,1,12.90,2.58,true,1,
7290100701454,false,גרישה 500גר`,סוגת תעשיות בעמ,,,"י""ח",5,ל 100 גרם,false,1,4.90,0.98,true,1,
7290100701966,false,אפונה צהובה 500ג,סוגת תעשיות בעמ,,,"י""ח",5,ל 100 גרם,false,1,5.90,1.18,true,1,
7290100702277,false,קוסקוס עבה 350גר`,סוגת תעשיות בעמ,,,"י""ח",3.50,ל 100 גרם,false,1,4.90,1.40,false,1,
7290100702611,false,פתיתים אפויים אורז 500ג סוגת,סוגת תעשיות בעמ,,,"י""ח",5,ל 100 גרם,false,1,5.90,1.18,true,1,
7290100702628,false,פתיתים אפויים קוסקוס  500ג סוגת,סוגת תעשיות בעמ,,,"י""ח",5,ל 100 גרם,false,1,5.90,1.18,true,1,
7290100702635,false,פתיתים אפויים כוכבים  500ג,סוגת תעשיות בעמ,,,"י""ח",5,ל 100 גרם,false,1,5.90,1.18,true,1,
7290100702642,false,פתיתים אפויים טבעות  500ג,סוגת תעשיות בעמ,,,"י""ח",5,ל 100 גרם,false,1,5.90,1.18,true,1,
7290100702673,false,פתיתים אפויים 3צבעים  400ג,סוגת תעשיות בעמ,,,"י""ח",4,ל 100 גרם,false,1,5.90,1.48,true,1,
7290100702987,false,פתיתי שיבולת שועל 500ג,סוגת תעשיות בעמ,,,"י""ח",5,ל 100 גרם,false,1,4.90,0.98,true,1,
7290100702994,false,סוכר חום דמררה שקית 500ג,סוגת תעשיות בעמ,,,"י""ח",5,ל 100 גרם,false,1,4.90,0.98,false,1,
7290100703007,false,עדשים שחורים בלוגה 500ג,סוגת תעשיות בעמ,,,"י""ח",5,ל 100 גרם,false,1,7.90,1.58,true,1,
7290100703458,false,כוסמת לא קלויה 500גר.,סוגת תעשיות בעמ,,,"י""ח",5,ל 100 גרם,false,1,7.90,1.58,true,1,
7290100703564,false,שיבולת שועל עבה 500ג,סוגת תעשיות בעמ,,,"י""ח",5,ל 100 גרם,false,1,4.90,0.98,true,1,
7290100703915,false,פופקורן למיקרו מארז5+1 חמאה,סוגת תעשיות בעמ,,,"י""ח",6,"י""ח",false,1,10.90,1.82,false,1,
7290100703922,false,פופקורן למיקרו מארז5+1 טבעי,סוגת תעשיות בעמ,,,"י""ח",6,"י""ח",false,1,10.90,1.82,false,1,
7290100704264,false,"עדשים שחורים בלוגה 1ק""ג",סוגת תעשיות בעמ,,,"י""ח",1,"ק""ג",false,1,15.90,15.90,true,1,
7290100704516,false,חומוס מיני 500 גרם.,סוגת תעשיות בעמ,,,"י""ח",5,ל 100 גרם,false,1,6.90,1.38,true,1,
7290100704608,false,שעועית עדינה לבנה 500 ג.,סוגת תעשיות בעמ,,,"י""ח",5,ל 100 גרם,false,1,6.90,1.38,true,1,
7290100704691,false,אורז אדום 500גר סוגת,סוגת תעשיות בעמ,,,"י""ח",5,ל 100 גרם,false,1,10.90,2.18,false,1,
7290100704707,false,אורז מיקס 500גר סוגת,סוגת תעשיות בעמ,,,"י""ח",5,ל 100 גרם,false,1,10.90,2.18,false,1,
7290100850909,false,דוריטוס נאצו 70 גרם,"שטראוס פריטו ליי בע""מ",,,"י""ח",0.70,ל 100 גרם,false,1,3.20,4.57,true,1,
7290100850916,false,דוריטוס חמוץ חריף 70 גרם,"שטראוס פריטו ליי בע""מ",,,"י""ח",0.70,ל 100 גרם,false,1,3.90,5.57,true,1,
7290100850923,false,דוריטוס גריל 70 גרם,"שטראוס פריטו ליי בע""מ",,,"י""ח",0.70,ל 100 גרם,false,1,3.90,5.57,true,1,
7290100850930,false,דוריטוס טבעי 70 גרם,"שטראוס פריטו ליי בע""מ",,,"י""ח",0.70,ל 100 גרם,false,1,3.90,5.57,true,1,
7290100851968,false,מארז קפה נמס עלית זוגות,"שטראוס גרופ בע""מ",,,"י""ח",4,ל 100 גרם,false,1,34.90,8.73,true,1,
7290100858592,false,שקית קקאו 150 גרם עלית,"שטראוס גרופ בע""מ",,,"י""ח",1.50,ל 100 גרם,false,1,9.90,6.60,true,1,
7290100921593,false,סוד כדוריות לתליה באסלה לניחוח לימון,גורי שיווק בעמ,,,"י""ח",7.50,"ל 100 מ""ל",false,1,7.90,1.05,false,1,
7290100921609,false,סוד כדוריות לתליה באסלה,גורי שיווק בעמ,,,"י""ח",7.50,"ל 100 מ""ל",false,1,7.90,1.05,false,1,
7290100921623,false,סוד כדוריות לתליה באסלה אקונומיקה,גורי שיווק בעמ,,,"י""ח",7.50,"ל 100 מ""ל",false,1,7.90,1.05,false,1,
7290100922569,false,"קרם רב שימושי 100מ""ל ולוטה שלישייה",הנקל סוד בעמ,,,"י""ח",3,"י""ח",false,1,13.90,4.63,true,1,
7290100922637,false,"הוואי אל סבון נוזלי מי קוקוס 3*500מ""ל",הנקל סוד בעמ,,,"י""ח",1.50,ליטר,false,1,15.90,10.60,true,1,
7290100922651,false,סבון מוצק הוואי  רבעייה מי קוקוס 100,הנקל סוד בעמ,,,"י""ח",4,ל 100 גרם,false,1,11.90,2.98,true,1,
7290100924631,false,"מרכך מרוכז בייבי 900מ""ל",גורי שיווק בעמ,,,"י""ח",9,"ל 100 מ""ל",false,1,12.90,1.43,false,1,
7290100924693,false,סוד סבון מוצק כחול אקטיבי אקונומיקה,גורי שיווק בעמ,,,"י""ח",1,"י""ח",false,1,7.90,7.90,false,1,
7290100925669,false,דפים למכונת כביסה קולור קאצ`ר 10יח,גורי שיווק בעמ,,,"י""ח",10,"י""ח",false,1,12.90,1.29,false,1,
7290100925676,false,דפים למכונת כביסה קולור קאצ`ר 20יח,גורי שיווק בעמ,,,"י""ח",20,"י""ח",false,1,14.90,0.75,false,1,
7290100925751,false,"נוזל כלים סוד תפוח  650מ""ל",גורי שיווק בעמ,,,"י""ח",6.50,"ל 100 מ""ל",false,1,5.90,0.91,false,1,
7290100925775,false,"נוזל כלים סוד רימון ותאנים 650מ""ל",גורי שיווק בעמ,,,"י""ח",6.50,"ל 100 מ""ל",false,1,5.90,0.91,false,1,
7290100926109,false,מרכך כביסה סוד 4ל  האהבה,גורי שיווק בעמ,,,"י""ח",4,ליטר,false,1,16.90,4.23,false,1,
7290101112600,false,גלידה משפחתית מילקשייק וניל מוקה,"פלקו בע""מ",,,"י""ח",1.30,ליטר,false,1,19.90,15.31,false,1,
7290101113157,false,מאגדת שישייה גלידל וניל עוגיות,"פלקו בע""מ",,,"י""ח",1,,false,1,24.90,24.90,false,1,
7290101113379,false,מ.חמישייה גלידה יופלה פריזי סורבה תות,"פלקו בע""מ",,,"י""ח",1,,false,1,17.90,17.90,false,1,
7290101488286,false,ליידי ספיד סטיק 24/7 ספריי ורוד,ש.שסטוביץ בעמ,,,"י""ח",1,,false,1,15.90,15.90,true,1,
7290101488316,false,ליידי ספיד סטיק ללא סימן,ש.שסטוביץ בעמ,,,"י""ח",0.50,"ל 100 מ""ל",false,1,21.90,43.80,true,1,
7290101488323,false,ליידי ספיד סטיק ללא סימן,ש.שסטוביץ בעמ,,,"י""ח",0.65,"ל 100 מ""ל",false,1,21.90,33.69,true,1,
7290101501138,false,כרובית ארוזה,ביכורי השדה צפון 1994 ג.ד. בעמ,,,"י""ח",1,"י""ח",false,1,10.90,10.90,false,1,
7290101551027,false,"קפסולות אספרסו חזק עלית 14יח כשל""פ","שטראוס גרופ בע""מ",,,"י""ח",0.50,ל 100 גרם,false,1,19,38,true,1,
7290101551263,false,סילאן  טבעי 700ג יד מרדכי,"שטראוס גרופ בע""מ",,,"י""ח",7,ל 100 גרם,false,1,19.90,2.84,true,1,
7290101551300,false,סילאן  טבעי לחיץ 380ג יד מרדכי,"שטראוס גרופ בע""מ",,,"י""ח",3.80,ל 100 גרם,false,1,14.90,3.92,true,1,
7290101551539,false,דנונה פרו 20גר אפרסק,"שטראוס גרופ ***בע""מ",,,"י""ח",0.20,"ל 100 מ""ל",false,1,5.90,29.50,true,1,
7290101551584,false,מארז תפוצ`יפס קידס  *10 20 גרם,"שטראוס פריטו ליי בע""מ",,,"י""ח",10,"י""ח",false,1,13.90,1.39,true,1,
7290101551614,false,מארז ציטוס קראנץ גבינה 1/8,"שטראוס פריטו ליי בע""מ",,,"י""ח",5.50,ל 100 גרם,false,1,10.90,1.98,true,1,
7290101551638,false,מארז צ יטוס כאפה 1/10,"שטראוס פריטו ליי בע""מ",,,"י""ח",10,"י""ח",false,1,12.90,1.29,true,1,
7290101863410,false,סיליט ספריי אקונומיקה,רקיט בנקיזר (ניר איסט) בעמ,,,"י""ח",1,,false,1,12.90,12.90,false,1,
7290101864127,false,"קליה אוקסי ספריי 750מ""ל",רקיט בנקיזר (ניר איסט) בעמ,,,"י""ח",7.50,"ל 100 מ""ל",false,1,14.90,1.99,true,1,
7290101865261,false,"פיניש הברקה 800מ""ל",רקיט בנקיזר (ניר איסט) בעמ,,,"י""ח",8,"ל 100 מ""ל",false,1,19.90,2.49,false,1,
7290101866633,false,קליה ג`ל 3ל,רקיט בנקיזר (ניר איסט) בעמ,,,"י""ח",1.70,ליטר,false,1,29.90,17.59,false,1,
7290101866787,false,קליה ג`ל 3ל לבן,רקיט בנקיזר (ניר איסט) בעמ,,,"י""ח",3,ליטר,false,1,29.90,9.97,false,1,
7290101868460,false,"קולון 101 8ק""ג",רקיט בנקיזר (ניר איסט) בעמ,,,"י""ח",8,"ק""ג",false,1,54.90,6.86,false,1,
7290101868958,false,"פיניש הברקה לימון 800מ""ל",רקיט בנקיזר (ניר איסט) בעמ,,,"י""ח",8,"ל 100 מ""ל",false,1,19.90,2.49,false,1,
7290101869757,false,מבשם אויר מכשיר אוטומטי חלום אואזיס,רקיט בנקיזר (ניר איסט) בעמ,,,"י""ח",1,,false,1,44.90,44.90,true,1,
7290101869788,false,מילוי מבשם אוטומטי אואזיס,רקיט בנקיזר (ניר איסט) בעמ,,,"י""ח",1,,false,1,15.90,15.90,true,1,
7290101869795,false,מילוי מבשם אוטומטי ליל קיץ,רקיט בנקיזר (ניר איסט) בעמ,,,"י""ח",1,,false,1,15.90,15.90,true,1,
7290101869917,false,מילוי מבשם אוטומטי היער הקסום,רקיט בנקיזר (ניר איסט) בעמ,,,"י""ח",1,,false,1,15.90,15.90,true,1,
7290101869962,false,מקלות ריחניים חלום ליל קיץ,רקיט בנקיזר (ניר איסט) בעמ,,,"י""ח",1,,false,1,14.90,14.90,true,1,
7290102030330,false,תפוצ יפס קראנצ  מקסיקני,"שטראוס פריטו ליי בע""מ",,,"י""ח",2,ל 100 גרם,false,1,10.90,5.45,true,1,
7290102031276,false,אקטימל שמיניה תות בננה,"שטראוס גרופ ***בע""מ",,,"י""ח",8,"ל 100 מ""ל",false,1,19.90,2.49,true,1,
7290102032334,false,קפה נמס וניל 200 גרם,"שטראוס גרופ בע""מ",,,"י""ח",2,ל 100 גרם,false,1,21.90,10.95,true,1,
7290102060979,false,אלמקס משחת שיניים משפחתית,ש.שסטוביץ בעמ,,,"י""ח",1,ל 100 גרם,false,1,14.90,14.90,true,1,
7290102062195,false,משחת שיניים אלמקס ג`וניור,ש.שסטוביץ בעמ,,,"י""ח",1,,false,1,12.90,12.90,true,1,
7290102300822,false,צדר אנגלי  כתום  200ג נטו,*347470,,,"י""ח",2,ל 100 גרם,false,1,20.90,10.45,true,1,
7290102300860,false,צדר אנגלי לבן 200ג,*347470,,,"י""ח",2,ל 100 גרם,false,1,20.90,10.45,true,1,
7290102302246,false,גאודה 200גרם נטו,*347470,,,"י""ח",2,ל 100 גרם,false,1,17.90,8.95,true,1,
7290102302253,false,גאודה עיזים 200גרם נטו,*347470,,,"י""ח",2,ל 100 גרם,false,1,25.90,12.95,true,1,
7290102302833,false,גאודה הנרי ויליך פרוס 150ג,*347470,,,"י""ח",1.50,ל 100 גרם,false,1,19.90,13.27,false,1,
7290102302840,false,גבינת עיזים הנרי ויליך פרוסה 150ג,*347470,,,"י""ח",1.50,ל 100 גרם,false,1,26.90,17.93,false,1,
7290102302949,false,גבינה גאיה עזים פרוסות 150ג,*347470,,,"י""ח",1.50,ל 100 גרם,false,1,21.90,14.60,true,1,
7290102390427,false,מולר תות FROOP MULLER,*החברה המרכזית להפצת משקאותבעמ,,,"י""ח",1.50,"ל 100 מ""ל",false,1,5.30,3.53,true,1,
7290102390465,false,מולר אפרסק ופסיפלורה,*החברה המרכזית להפצת משקאותבעמ,,,"י""ח",1.50,"ל 100 מ""ל",false,1,5.30,3.53,true,1,
7290102390489,false,"מולר150 מ""ל לימון",*החברה המרכזית להפצת משקאותבעמ,,,"י""ח",1.50,"ל 100 מ""ל",false,1,5.30,3.53,true,1,
7290102391844,false,מולר פירות יער FROOP MULLER,*החברה המרכזית להפצת משקאותבעמ,,,"י""ח",1.50,"ל 100 מ""ל",false,1,5.30,3.53,true,1,
7290102392094,false,חלב עיזים בקרטון 1ליטר,*החברה המרכזית להפצת משקאותבעמ,,,"י""ח",1,ליטר,false,1,15.90,15.90,false,1,
7290102392254,false,חלב 2ליטר  *1%*,*החברה המרכזית להפצת משקאותבעמ,,,"י""ח",2,ליטר,false,1,11.72,5.86,false,1,
7290102393039,false,מולר מיקס יוגורט קרמי עם פצפוצי שוקלד,*החברה המרכזית להפצת משקאותבעמ,,,"י""ח",5,ל 100 גרם,false,1,6,1.20,false,1,
7290102393060,false,מולר מיקס יוגורט קרמי עם גלילי וופל,*החברה המרכזית להפצת משקאותבעמ,,,"י""ח",5,ל 100 גרם,false,1,6,1.20,false,1,
7290102393169,false,סימפלי פרויט תות שדה,*החברה המרכזית להפצת משקאותבעמ,,,"י""ח",1.50,"ל 100 מ""ל",false,1,5.30,3.53,true,1,
7290102393176,false,סימפלי פרויט אפרסק,*החברה המרכזית להפצת משקאותבעמ,,,"י""ח",1.50,"ל 100 מ""ל",false,1,5.30,3.53,true,1,
7290102393190,false,סימפלי פרויט פירות יער,*החברה המרכזית להפצת משקאותבעמ,,,"י""ח",1.50,"ל 100 מ""ל",false,1,5.30,3.53,true,1,
7290102393268,false,גבינה לבנה 5% 750 גר`*,*החברה המרכזית להפצת משקאותבעמ,,,"י""ח",7.50,ל 100 גרם,false,1,14.94,1.99,false,1,
7290102393299,false,יוגורט עיזים בבקבוק,*החברה המרכזית להפצת משקאותבעמ,,,"י""ח",5,"ל 100 מ""ל",false,1,8.90,1.78,true,1,
7290102393848,false,"יוגורט עזים 3% תות בגביע 150מ""ל",*החברה המרכזית להפצת משקאותבעמ,,,"י""ח",1.40,"ל 100 מ""ל",false,1,5.50,3.93,true,1,
7290102393855,false,"יוגורט עזים 3% אפרסק בגביע 150מ""ל",*החברה המרכזית להפצת משקאותבעמ,,,"י""ח",1.40,"ל 100 מ""ל",false,1,5.50,3.93,true,1,
7290102393947,false,סימפלי פרויט  קיווי,*החברה המרכזית להפצת משקאותבעמ,,,"י""ח",1.50,"ל 100 מ""ל",false,1,5.30,3.53,true,1,
7290102394081,false,מולר מיקס יוגורט קרמי עם קורנפלקס מצופה,*החברה המרכזית להפצת משקאותבעמ,,,"י""ח",5,ל 100 גרם,false,1,6,1.20,false,1,
7290102394258,false,מה  עז 180גרם 9% שומן  צוריאל,*החברה המרכזית להפצת משקאותבעמ,,,"י""ח",1.80,ל 100 גרם,false,1,23.30,12.94,false,1,
7290102394463,false,גבינה צהובה נעם 500 גרם פרוס 28%,*החברה המרכזית להפצת משקאותבעמ,,,"י""ח",5,ל 100 גרם,false,1,25.90,5.18,false,1,
7290102394821,false,גבינה צהובה 28% דק דק לפתיחה חוזרת 200,*החברה המרכזית להפצת משקאותבעמ,,,"י""ח",2,ל 100 גרם,false,1,15.90,7.95,true,1,
7290102394845,false,גבינה צהובה  9% 200גר דק דק לפתיחה חוז,*החברה המרכזית להפצת משקאותבעמ,,,"י""ח",2,ל 100 גרם,false,1,16.90,8.45,true,1,
7290102395101,false,ממרח גבינה ושוקולד{שוקי},*החברה המרכזית להפצת משקאותבעמ,,,"י""ח",2.27,ל 100 גרם,false,1,11.90,5.24,false,1,
7290102395217,false,מאגדת שמינייה מתיקות מעודנת 2%,*החברה המרכזית להפצת משקאותבעמ,,,"י""ח",9,ל 100 גרם,false,1,16.90,1.88,false,1,
7290102395224,false,מאגדת שמינייה מולר ביאנקו נטורל 1.7%,*החברה המרכזית להפצת משקאותבעמ,,,"י""ח",9,ל 100 גרם,false,1,16.90,1.88,false,1,
7290102395231,false,מאגדת שמינייה מולר ביאנקו נטורל 2.8%,*החברה המרכזית להפצת משקאותבעמ,,,"י""ח",9,ל 100 גרם,false,1,16.90,1.88,false,1,
7290102395262,false,מאגדת שמינייה מולר 3% פירות,*החברה המרכזית להפצת משקאותבעמ,,,"י""ח",1.50,"ל 100 מ""ל",false,1,30.90,20.60,false,1,
7290102395378,false,גבינה צהובה נעםמ 28% ואקום 360גר פרוס,*החברה המרכזית להפצת משקאותבעמ,,,"י""ח",3.60,ל 100 גרם,false,1,20.90,5.81,false,1,
7290102395439,false,מאגדת שמינייה מולר 3% פירות,*החברה המרכזית להפצת משקאותבעמ,,,"י""ח",1.50,"ל 100 מ""ל",false,1,30.90,20.60,false,1,
7290102395446,false,מעדן מוו וניל,*החברה המרכזית להפצת משקאותבעמ,,,"י""ח",2.50,ל 100 גרם,false,1,2.90,1.16,false,1,
7290102395477,false,מעדן מוו שוקולד,*החברה המרכזית להפצת משקאותבעמ,,,"י""ח",2.50,ל 100 גרם,false,1,2.90,1.16,false,1,
7290102395521,false,"שמנת לבישול 15% 500מ""ל",*החברה המרכזית להפצת משקאותבעמ,,,"י""ח",5,"ל 100 מ""ל",false,1,15.90,3.18,false,1,
7290102396047,false,סימפלי פרויט  אננס 1.5% 150גר,*החברה המרכזית להפצת משקאותבעמ,,,"י""ח",1.50,"ל 100 מ""ל",false,1,5.30,3.53,true,1,
7290102396399,false,מאגדת מוו שמינייה מעדן שוקולד 100גר,*החברה המרכזית להפצת משקאותבעמ,,,"י""ח",8,ל 100 גרם,false,1,14.20,1.78,false,1,
7290102396405,false,מאגדת מוו שמינייה מעדן וניל 100גר,*החברה המרכזית להפצת משקאותבעמ,,,"י""ח",8,ל 100 גרם,false,1,14.20,1.78,false,1,
7290102396436,false,מעדן מוו שוקולד,*החברה המרכזית להפצת משקאותבעמ,,,"י""ח",2.50,ל 100 גרם,false,1,2.90,1.16,true,1,
7290102396443,false,מעדן מוו וניל,*החברה המרכזית להפצת משקאותבעמ,,,"י""ח",2.50,ל 100 גרם,false,1,2.90,1.16,true,1,
7290102396580,false,מעדן מוו שוקולד ומוס שוקולד 123גר,*החברה המרכזית להפצת משקאותבעמ,,,"י""ח",1.23,ל 100 גרם,false,1,2.90,2.36,false,1,
7290102396597,false,מעדן מוו וניל ומוס שוקולד 123גר,*החברה המרכזית להפצת משקאותבעמ,,,"י""ח",1.23,ל 100 גרם,false,1,2.90,2.36,false,1,
7290102396665,false,גבינה צהובה  15% 200גר נעם דק דק סגור,*החברה המרכזית להפצת משקאותבעמ,,,"י""ח",2,ל 100 גרם,false,1,15.90,7.95,true,1,
7290102396672,false,גבינה צהובה  9% 360גר נעם דק דק סגור,*החברה המרכזית להפצת משקאותבעמ,,,"י""ח",3.60,ל 100 גרם,false,1,25.90,7.19,false,1,
7290102396719,false,סימפלי פרויט תות שדה%0,*החברה המרכזית להפצת משקאותבעמ,,,"י""ח",1.50,"ל 100 מ""ל",false,1,5.30,3.53,true,1,
7290102396726,false,סימפלי פרויט אפרסק 0%,*החברה המרכזית להפצת משקאותבעמ,,,"י""ח",1.50,"ל 100 מ""ל",false,1,5.30,3.53,true,1,
7290102396733,false,סימפלי פרויט פירות יער 0%,*החברה המרכזית להפצת משקאותבעמ,,,"י""ח",1.50,"ל 100 מ""ל",false,1,5.30,3.53,true,1,
7290102396740,false,מאגדת סימפלי פרויט תות ואפרסק 8יח 0%,*החברה המרכזית להפצת משקאותבעמ,,,"י""ח",8,"י""ח",false,1,30.90,3.86,false,1,
7290102396795,false,"מאגדת שישייה שוקו 200מ""ל טרה",*החברה המרכזית להפצת משקאותבעמ,,,"י""ח",1.20,"ל 100 מ""ל",false,1,14.90,12.42,false,1,
7290102396979,false,סימפלי פרויט אננס 0%,*החברה המרכזית להפצת משקאותבעמ,,,"י""ח",1.50,"ל 100 מ""ל",false,1,5.30,3.53,true,1,
7290102397075,false,יוגורט 4% 1.5 ל בקרטון,*החברה המרכזית להפצת משקאותבעמ,,,"י""ח",1.50,ליטר,false,1,14.50,9.67,false,1,
7290102397204,false,גבינה צהובה  22% 200גר נעם דק דק סגור,*החברה המרכזית להפצת משקאותבעמ,,,"י""ח",2,ל 100 גרם,false,1,15.90,7.95,true,1,
7290102397310,false,מאגדת שמינייה מיני מוו שוקולד קצפת,*החברה המרכזית להפצת משקאותבעמ,,,"י""ח",2.50,ל 100 גרם,false,1,11.90,4.76,false,1,
7290102397334,false,בולגרית  5% צוריאל בגביע,*החברה המרכזית להפצת משקאותבעמ,,,"י""ח",2.50,ל 100 גרם,false,1,20.90,8.36,false,1,
7290102397464,false,מולר ביאנקו  לבן עם חמניה/אגוזי פקאן ג,*החברה המרכזית להפצת משקאותבעמ,,,"י""ח",1.70,ל 100 גרם,false,1,6,3.53,false,1,
7290102397600,false,מולר מיקס ביו שקדים ובוטנים בקרמל170ג,*החברה המרכזית להפצת משקאותבעמ,,,"י""ח",1.70,ל 100 גרם,false,1,6,3.53,false,1,
7290102397617,false,מולר מיקס קליק,*החברה המרכזית להפצת משקאותבעמ,,,"י""ח",5,ל 100 גרם,false,1,6,1.20,false,1,
7290102397679,false,קוטג 5% 375ג,*החברה המרכזית להפצת משקאותבעמ,,,"י""ח",3.50,ל 100 גרם,false,1,7.90,2.26,false,1,
7290102397730,false,אמנטל נעם 200ג,*החברה המרכזית להפצת משקאותבעמ,,,"י""ח",2,ל 100 גרם,false,1,17.90,8.95,true,1,
7290102397747,false,מוצרלה נעם 200ג,*החברה המרכזית להפצת משקאותבעמ,,,"י""ח",2,ל 100 גרם,false,1,18.90,9.45,true,1,
7290102397891,false,גבינת מותכת 100ג צוריאל,*החברה המרכזית להפצת משקאותבעמ,,,"י""ח",1,"ל 100 מ""ל",false,1,6.90,6.90,false,1,
7290102398065,false,חלב טרה קרטון 2 ליטר   מהדרין*%*3,*החברה המרכזית להפצת משקאותבעמ,,,"י""ח",2,ליטר,false,1,12.46,6.23,false,1,
7290102398072,false,חלב הומוגוני 1  ליטר% }3   טרה{*קרטון*,*החברה המרכזית להפצת משקאותבעמ,,,"י""ח",1,ליטר,false,1,6.23,6.23,false,1,
7290102398331,false,חלב מועשר דל לקטוז1ליטר קרטון,*החברה המרכזית להפצת משקאותבעמ,,,"י""ח",1,ליטר,false,1,7.70,7.70,false,1,
7290102398348,false,מולר מיקס בתוספת כריות FROOP MULLER,*החברה המרכזית להפצת משקאותבעמ,,,"י""ח",1.50,"ל 100 מ""ל",false,1,6,4,false,1,
7290102398362,false,מולר מיקס עוגת גבינה FROOP MULLER,*החברה המרכזית להפצת משקאותבעמ,,,"י""ח",1.50,"ל 100 מ""ל",false,1,6,4,false,1,
7290102398416,false,גבינת  קרם שמנת בצלים קלויים 5%,*החברה המרכזית להפצת משקאותבעמ,,,"י""ח",2,ל 100 גרם,false,1,11.90,5.95,false,1,
7290102398478,false,לאבנה 9% 500ג.,*החברה המרכזית להפצת משקאותבעמ,,,"י""ח",5,ל 100 גרם,false,1,18.90,3.78,false,1,
7290102398553,false,שוקו טרה בבקבוק 1.5ליטר,*החברה המרכזית להפצת משקאותבעמ,,,"י""ח",1.50,ליטר,false,1,17.40,11.60,false,1,
7290102398560,false,שוקו מעושר 1ל בקבוק טרה,*החברה המרכזית להפצת משקאותבעמ,,,"י""ח",1,ליטר,false,1,12.10,12.10,true,1,
7290102398577,false,"שוקו מעושר 250מ""ל בקבוק פקק ספורט",*החברה המרכזית להפצת משקאותבעמ,,,"י""ח",2.50,"ל 100 מ""ל",false,1,5.70,2.28,false,1,
7290102398614,false,משקה חלב טעם בננה  1ל בקבוק,*החברה המרכזית להפצת משקאותבעמ,,,"י""ח",1,ליטר,false,1,12.10,12.10,true,1,
7290102398638,false,משקה חלב טעם מוקה  1ל בקבוק,*החברה המרכזית להפצת משקאותבעמ,,,"י""ח",1,ליטר,false,1,12.10,12.10,true,1,
7290102398669,false,משקה קפוצינו 1 ליטר. טרה,*החברה המרכזית להפצת משקאותבעמ,,,"י""ח",1,ליטר,false,1,12.10,12.10,true,1,
7290102398836,false,משקה שקדים קלאסי 1ליטר משק צוריא,*החברה המרכזית להפצת משקאותבעמ,,,"י""ח",1,ליטר,false,1,12.90,12.90,false,1,
7290102399048,false,קשקבל נעם 200גרם,*החברה המרכזית להפצת משקאותבעמ,,,"י""ח",2,ל 100 גרם,false,1,22.90,11.45,true,1,
7290102399635,false,מולר פרופ 3% 150 ג`,*החברה המרכזית להפצת משקאותבעמ,,,"י""ח",1.50,ל 100 גרם,false,1,5.30,3.53,true,1,
7290102399642,false,מולר פרופ 3% 150 ג`,*החברה המרכזית להפצת משקאותבעמ,,,"י""ח",1.50,ל 100 גרם,false,1,5.30,3.53,true,1,
7290102399697,false,מולר פרופ מנגו 1.5% 150 ג`,*החברה המרכזית להפצת משקאותבעמ,,,"י""ח",1.50,ל 100 גרם,false,1,5.30,3.53,true,1,
7290102399703,false,מאגדת שמינייה סימפלי 1.5% מנגו ואננס,*החברה המרכזית להפצת משקאותבעמ,,,"י""ח",1.20,ליטר,false,1,30.90,25.75,false,1,
7290102399772,false,ממרח חמאת מולר במליחות עדינה 250ג,*החברה המרכזית להפצת משקאותבעמ,,,"י""ח",2.50,ל 100 גרם,false,1,16.90,6.76,false,1,
7290102399789,false,ממרח חמאת מולר ללא מלח  250ג,*החברה המרכזית להפצת משקאותבעמ,,,"י""ח",2.50,ל 100 גרם,false,1,16.90,6.76,false,1,
7290102399796,false,מולר אקטיב יוגורט לבן 200ג,*החברה המרכזית להפצת משקאותבעמ,,,"י""ח",2,"ל 100 מ""ל",false,1,6,3,true,1,
7290102399802,false,מולר אקטיב יוגורט עם תות  200ג,*החברה המרכזית להפצת משקאותבעמ,,,"י""ח",2,"ל 100 מ""ל",false,1,6,3,true,1,
7290102399819,false,מולר אקטיב יוגורט עם פ.יער 200ג,*החברה המרכזית להפצת משקאותבעמ,,,"י""ח",2,"ל 100 מ""ל",false,1,6,3,true,1,
7290102399857,false,מולר אקטיב לייט יוגורט עם תות 0%  200ג,*החברה המרכזית להפצת משקאותבעמ,,,"י""ח",2,"ל 100 מ""ל",false,1,6,3,true,1,
7290102399864,false,מולר אקטיב לייט יוגורט עם אפרסק 0%  200ג,*החברה המרכזית להפצת משקאותבעמ,,,"י""ח",2,"ל 100 מ""ל",false,1,6,3,true,1,
7290102840175,false,פודינג וניל 85גר`,מיה תעשיות מזון מ.ת.מ בעמ,,,"י""ח",0.85,ל 100 גרם,false,1,3.80,4.47,false,1,
7290103120658,false,ספיד סטיק 24/7 שחור ג ל,ש.שסטוביץ בעמ,,,"י""ח",1,"י""ח",false,1,19.90,19.90,true,1,
7290103124588,false,"פלמוליב סבון נוזלי סגול משאבה 750 מ""ל",ש.שסטוביץ בעמ,,,"י""ח",7.50,"ל 100 מ""ל",false,1,17.90,2.39,true,1,
7290103124601,false,"פלמוליב סבון נוזלי חלב משאבה 750 מ""ל",ש.שסטוביץ בעמ,,,"י""ח",7.50,"ל 100 מ""ל",false,1,17.90,2.39,true,1,
7290103128739,false,צמרונים לתינוק,ש.שסטוביץ בעמ,,,"י""ח",1,"י""ח",false,1,5.90,5.90,false,1,
7290103129392,false,ליידי ספיד סטיק,ש.שסטוביץ בעמ,,,"י""ח",0.65,ל 100 גרם,false,1,19.90,30.62,true,1,
7290103152932,false,תבנית  ענק בודד,פאלאס תעשיות נטו (2014) בעמ,,,"י""ח",1,"י""ח",false,1,2.30,2.30,true,1,
7290103152963,false,תבנית מלבנית R64L בודדת,פאלאס תעשיות נטו (2014) בעמ,,,"י""ח",1,,false,1,2,2,true,1,
7290103400194,false,כרוב לבן קצוץ 400גר שטראוס,"שטראוס גרופ ***בע""מ",,,"י""ח",4,ל 100 גרם,false,1,8.90,2.23,true,1,
7290103400255,false,"סלט קולסלאו בד""ץ 400גר שטראוס","שטראוס גרופ ***בע""מ",,,"י""ח",4,ל 100 גרם,false,1,8.90,2.23,true,1,
7290103401429,false,קפה נמס ברזילאי  200גר,"שטראוס גרופ בע""מ",,,"י""ח",2,ל 100 גרם,false,1,19.90,9.95,true,1,
7290103404758,false,כרוב 120גר`,"שטראוס גרופ ***בע""מ",,,"י""ח",1.20,ל 100 גרם,false,1,4.70,3.92,true,1,
7290103408206,false,עלי חסה בקופסא 250 גר`ירקות שטראוס,"שטראוס גרופ ***בע""מ",,,"י""ח",2.50,ל 100 גרם,false,1,9.90,3.96,true,1,
7290103681180,false,"יין אדום תבור הר מרלו 750מ""ל",*החברה המרכזית להפצת משקאותבעמ,,,"י""ח",7.50,"ל 100 מ""ל",false,1,35.90,4.75,false,1,
7290103681227,false,"יין אדום תבור הר גוורצטרמינר 750מ""ל",*החברה המרכזית להפצת משקאותבעמ,,,"י""ח",7.50,"ל 100 מ""ל",false,1,35.90,4.75,false,1,
7290103681241,false,"יין אדום תבור הר מוסקטו 750מ""ל",*החברה המרכזית להפצת משקאותבעמ,,,"י""ח",7.50,"ל 100 מ""ל",false,1,35.90,4.75,false,1,
7290103700034,false,טאצ`מטליות בגליל,שניב תעשיות נייר בעמ,,,"י""ח",1,,false,1,18.90,18.90,false,1,
7290103700324,false,טאץ`שקית אוכל בקרטון 150 זוג,שניב תעשיות נייר בעמ,,,"י""ח",150,"י""ח",false,1,11.90,0.08,false,1,
7290103700331,false,טאץ`שקית אוכל רב תכליתיות 250יחידות,שניב תעשיות נייר בעמ,,,"י""ח",250,"י""ח",false,1,13.90,0.06,false,1,
7290103700379,false,טאצ`כריות ענקיות שלישיה,שניב תעשיות נייר בעמ,,,"י""ח",1,,false,1,9.90,9.90,true,1,
7290103700386,false,טאצ`כריות קרצוף שישיה,שניב תעשיות נייר בעמ,,,"י""ח",1,,false,1,9.90,9.90,true,1,
7290103700393,false,טאצ`כריות קרצוף רביעייה,שניב תעשיות נייר בעמ,,,"י""ח",1,,false,1,9.90,9.90,true,1,
7290103700652,false,טאצ`ספוג הפלא מארז שישיה.,שניב תעשיות נייר בעמ,,,"י""ח",1,,false,1,10.90,10.90,true,1,
7290103700997,false,נייר טואלט לובלי 40גלילים,שניב תעשיות נייר בעמ,,,"י""ח",19.69,ל 100 גרם,false,1,39.90,2.03,false,1,
7290103701017,false,נייר אפיה טאצ,שניב תעשיות נייר בעמ,,,"י""ח",10,"י""ח",false,1,9.90,0.99,true,1,
7290103701031,false,כוס נייר טאצ 4 OZ,שניב תעשיות נייר בעמ,,,"י""ח",1,,false,1,7.90,7.90,false,1,
7290103701055,false,כוסות חד פעמי שתיה חמה 8OZ,שניב תעשיות נייר בעמ,,,"י""ח",0,"י""ח",false,1,10.90,10.90,false,1,
7290103701079,false,`כוס נייר טאצ  10 OZ,שניב תעשיות נייר בעמ,,,"י""ח",1,,false,1,14.90,14.90,false,1,
7290103701086,false,כוס נייר טאצ  12 OZ,שניב תעשיות נייר בעמ,,,"י""ח",1,,false,1,18.90,18.90,false,1,
7290103701178,false,טאצ`ספוג הפלא בלוק,שניב תעשיות נייר בעמ,,,"י""ח",1,,false,1,6.90,6.90,false,1,
7290103702243,false,טאצ`אשפתון עבה עם ידיות 25יח 75/90,שניב תעשיות נייר בעמ,,,"י""ח",50,"י""ח",false,1,19.90,0.40,true,1,
7290103702304,false,טאצ`אשפתון עבה במיוחד 35יח בגליל 90*7,שניב תעשיות נייר בעמ,,,"י""ח",50,"י""ח",false,1,16.90,0.34,true,1,
7290103702328,false,טאצ`אשפתון עבה וחזק במיוחד 25יח בגליל,שניב תעשיות נייר בעמ,,,"י""ח",50,"י""ח",false,1,16.90,0.34,true,1,
7290103702540,false,נייר טואלט מהדורה כדור פורח 30יח,שניב תעשיות נייר בעמ,,,"י""ח",30,"י""ח",false,1,26.90,0.90,true,1,
7290103702724,false,טאץ`שקית אשפה 52*65 עפ שרוך 60יח,שניב תעשיות נייר בעמ,,,"י""ח",250,"י""ח",false,1,22.90,0.09,false,1,
7290103702779,false,מפיות  טאצ `150יח`,שניב תעשיות נייר בעמ,,,"י""ח",150,"י""ח",false,1,7.90,0.05,true,1,
7290103703219,false,מטליות לחות בדלי לניקוי כללי לימון טאצ,סאסאטק אגשח בעמ,,,"י""ח",7,"י""ח",false,1,21.90,3.13,true,1,
7290103703226,false,מטליות לחות לניקוי כללי טאץ,שניב תעשיות נייר בעמ,,,"י""ח",1,"י""ח",false,1,7.90,7.90,false,1,
7290103703233,false,מטליות לחות לניקוי כללי דלי תפוח טאצ.,סאסאטק אגשח בעמ,,,"י""ח",1,"י""ח",false,1,21.90,21.90,true,1,
7290103703370,false,מגבוני טואלט לחים 1/3.,שניב תעשיות נייר בעמ,,,"י""ח",3,"י""ח",false,1,14.90,4.97,true,1,
7290103703455,false,טאצ`ספוג לניקוי כתמים קשים.,שניב תעשיות נייר בעמ,,,"י""ח",1,,false,1,9.90,9.90,false,1,
7290103703738,false,טאצ מפות עבות במיוחד 45מטר בגליל.,שניב תעשיות נייר בעמ,,,"י""ח",45,מטר,false,1,31.90,0.71,false,1,
7290103703745,false,טאצ מפות עבות 45מטר בגליל,שניב תעשיות נייר בעמ,,,"י""ח",45,מטר,false,1,18.90,0.42,false,1,
7290103704155,false,מגבת מטבח טאצ` 6 גליל,שניב תעשיות נייר בעמ,,,"י""ח",6,"י""ח",false,1,10.90,1.82,false,1,
7290103704162,false,נייר טואלט טאצ 32 גליל,שניב תעשיות נייר בעמ,,,"י""ח",32,"י""ח",false,1,29.90,0.93,false,1,
7290103704186,false,מגבות מטבח 6 יח כפול  טאצ` מהדורת2021,שניב תעשיות נייר בעמ,,,"י""ח",6,"י""ח",false,1,19.90,3.32,true,1,
7290103704209,false,מגבות מטבח   טאץ`1/12 מהדורת 2021,שניב תעשיות נייר בעמ,,,"י""ח",12,"י""ח",false,1,21.90,1.83,false,1,
7290103704568,false,נייר טואלט טאצ 40גליל,שניב תעשיות נייר בעמ,,,"י""ח",40,"י""ח",false,1,35.90,0.90,false,1,
7290103704575,false,נייר טואלט טאצ 48גליל,שניב תעשיות נייר בעמ,,,"י""ח",48,"י""ח",false,1,39.90,0.83,false,1,
7290103704650,false,מגבות מטבח  כדור פורח שישייה,שניב תעשיות נייר בעמ,,,"י""ח",1,,false,1,10.90,10.90,false,1,
7290103704674,false,טאצ`רדיד אלומיניום 50מטר,שניב תעשיות נייר בעמ,,,"י""ח",1,,false,1,34.90,34.90,false,1,
7290103704766,false,נייר טואלט טאצ 24 גליל כפול מהדורת פרח,שניב תעשיות נייר בעמ,,,"י""ח",883,מטר,false,1,41.90,0.05,false,1,
7290103746001,false,ממחטות אף  חמישייה טאצ`,שניב תעשיות נייר בעמ,,,"י""ח",1,,false,1,13.90,13.90,true,1,
7290104061417,false,חומוס טחינה 400 גר`אחלה,"שטראוס גרופ ***בע""מ",,,"י""ח",4,ל 100 גרם,false,1,10.90,2.73,true,1,
7290104061424,false,חומוס זעתר 400גר`,"שטראוס גרופ ***בע""מ",,,"י""ח",4,ל 100 גרם,false,1,10.90,2.73,true,1,
7290104061431,false,חומוס אחלה צנובר 400גר`,"שטראוס גרופ ***בע""מ",,,"י""ח",4,ל 100 גרם,false,1,10.90,2.73,true,1,
7290104061448,false,חומוס אחלה חריף 400 גר`שטראוס,"שטראוס גרופ ***בע""מ",,,"י""ח",4,ל 100 גרם,false,1,10.90,2.73,true,1,
7290104062599,false,מארז סופר גמדים תות בננה שמינייה,"שטראוס גרופ ***בע""מ",,,"י""ח",8,ל 100 גרם,false,1,17.90,2.24,true,1,
7290104064012,false,חטיף GOOD2 שוקולד לבן פסק זמן 36גרם,"שטראוס גרופ בע""מ",,,"י""ח",0.36,ל 100 גרם,false,1,4.90,13.61,true,1,
7290104065187,false,קפה נמס בטעם מוקה 200 ג`,"שטראוס גרופ בע""מ",,,"י""ח",2,ל 100 גרם,false,1,21.90,10.95,true,1,
7290104065934,false,עלי רוקט 150 גר`שטראוס,"שטראוס גרופ ***בע""מ",,,"י""ח",1.50,ל 100 גרם,false,1,9.90,6.60,true,1,
7290104066566,false,סלט טחינה שומשום מלא 500גר אחלה,"שטראוס גרופ ***בע""מ",,,"י""ח",5,ל 100 גרם,false,1,13.90,2.78,true,1,
7290104067693,false,חומוס חריף 150גר,"שטראוס גרופ ***בע""מ",,,"י""ח",1.50,ל 100 גרם,false,1,5.90,3.93,true,1,
7290104068539,false,מסטיק MUST מלון ואבטיח,"שטראוס גרופ בע""מ",,,"י""ח",0.28,ל 100 גרם,false,1,4.30,15.36,true,1,
7290104500572,false,אפרופו איטליאנו 50 גרם,קבוצת אוסם סחר-שות.מוגבלת,,,"י""ח",0.50,ל 100 גרם,false,1,5,10,true,1,
7290104501661,false,פודינג בטעם וניל צרפתי,קבוצת אוסם סחר-שות.מוגבלת,,,"י""ח",1.10,ל 100 גרם,false,1,5.90,5.36,true,1,
7290104504228,false,דובונים  מארז 5*20ג,קבוצת אוסם סחר-שות.מוגבלת,,,"י""ח",1,ל 100 גרם,false,1,13.90,13.90,true,1,
7290104508189,false,גביעי גלידה ממותקים 24 אוסם,קבוצת אוסם סחר-שות.מוגבלת,,,"י""ח",24,"י""ח",false,1,13.90,0.58,false,1,
7290104508943,false,במבה  קלאסי 200 גרם אוסם,קבוצת אוסם סחר-שות.מוגבלת,,,"י""ח",2,ל 100 גרם,false,1,9.90,4.95,true,1,
7290104570629,false,ממרח תמרים 450גר מתר ענק,בני ג ורג שוקחה בעמ,,,"י""ח",4.50,ל 100 גרם,false,1,5.90,1.31,false,1,
7290104570636,false,ממרח תמרים 450 ג תמר הענק,בני ג ורג שוקחה בעמ,,,"י""ח",4.50,ל 100 גרם,false,1,5.90,1.31,false,1,
7290104720499,false,"מארז 8 דני וניל  1ק""ג כשל""פ רובין","שטראוס גרופ ***בע""מ",,,"י""ח",1,"ק""ג",false,1,16.90,16.90,true,1,
7290104721762,false,קפה שלשות 85גר` עלית,"שטראוס גרופ בע""מ",,,"י""ח",1,"י""ח",false,1,22.10,22.10,true,1,
7290104721953,false,לקט מסולסלים 350 גר`שטראוס,"שטראוס גרופ ***בע""מ",,,"י""ח",3.50,ל 100 גרם,false,1,12.90,3.69,true,1,
7290104722530,false,תפוצי פס 200 ג,"שטראוס פריטו ליי בע""מ",,,"י""ח",2,ל 100 גרם,false,1,10.90,5.45,true,1,
7290104726262,false,מארז 4 דני   500גר,"שטראוס גרופ ***בע""מ",,,"י""ח",5,ל 100 גרם,false,1,10.90,2.18,true,1,
7290104726712,false,"מארז מילקי שמינייה רובין כשל""פ 1064גר","שטראוס גרופ ***בע""מ",,,"י""ח",8.68,"ל 100 מ""ל",false,1,19.90,2.29,true,1,
7290104728310,false,שמנת להקצפה 38%  שומן מהדרין*פ (יטבתה),"שטראוס גרופ ***בע""מ",,,"י""ח",2.50,"ל 100 מ""ל",false,1,6.47,2.59,true,1,
7290104729003,false,"שמן זית יד מרדכי כ.מעולה 750 מ""ל  מד.","שטראוס גרופ בע""מ",,,"י""ח",7.50,"ל 100 מ""ל",false,1,29.90,3.99,true,1,
7290104729010,false,לבן טעם תות 100גרם,"שטראוס גרופ ***בע""מ",,,"י""ח",1,"ל 100 מ""ל",false,1,1.40,1.40,true,1,
7290104960239,false,"תחליב רחצה נקה7 לבן 750 מ""ל",החב הדרומית לשיווק,,,"י""ח",7.50,"ל 100 מ""ל",false,1,9.90,1.32,false,1,
7290104960246,false,"תחליב רחצה  ארומה 750מ""ל ורוד",החב הדרומית לשיווק,,,"י""ח",7.50,"ל 100 מ""ל",false,1,9.90,1.32,false,1,
7290104960253,false,"תחליב רחצה  ארומה לבנדר 750מ""ל",החב הדרומית לשיווק,,,"י""ח",7.50,"ל 100 מ""ל",false,1,9.90,1.32,false,1,
7290104960352,false,"תחליב רחצה  ארומה 750מ""ל וניל שקד.",החב הדרומית לשיווק,,,"י""ח",7.50,"ל 100 מ""ל",false,1,9.90,1.32,false,1,
7290104961205,false,"תחליב רחצה מלפפון קיווי  750מ""ל",החב הדרומית לשיווק,,,"י""ח",7.50,"ל 100 מ""ל",false,1,9.90,1.32,false,1,
7290104961243,false,"תחליב רחצה  קוקוס 750 יסמין מ""ל",החב הדרומית לשיווק,,,"י""ח",7.50,"ל 100 מ""ל",false,1,9.90,1.32,false,1,
7290104961250,false,"תחליב רחצה  וניל מאסק 750  מ""ל",החב הדרומית לשיווק,,,"י""ח",7.50,"ל 100 מ""ל",false,1,8.90,1.19,false,1,
7290104961878,false,שמפו קרטין אינטנס,החב הדרומית לשיווק,,,"י""ח",7,"ל 100 מ""ל",false,1,29.90,4.27,false,1,
7290104961885,false,מרכך קרטין אינטנס,החב הדרומית לשיווק,,,"י""ח",7,"ל 100 מ""ל",false,1,29.90,4.27,false,1,
7290104962134,false,רון און  נושם נערות קרליין,החב הדרומית לשיווק,,,"י""ח",1,,false,1,10.90,10.90,false,1,
7290104962684,false,נושם רול און,החב הדרומית לשיווק,,,"י""ח",0.75,ל 100 גרם,false,1,11.90,15.87,false,1,
7290104963001,false,מגבונים סופטקר בניחוח עדין רביעייה,החב הדרומית לשיווק,,,"י""ח",4,"י""ח",false,1,17.90,4.48,false,1,
7290104963018,false,מגבונים סופטקר ללא בישום רביעייה,החב הדרומית לשיווק,,,"י""ח",4,"י""ח",false,1,17.90,4.48,false,1,
7290104963216,false,אל סבון עדין לתינוק1ל   סופטקר,החב הדרומית לשיווק,,,"י""ח",1,ליטר,false,1,14.90,14.90,false,1,
7290104963223,false,אל סבון קלאסי לתינוק 1ל  סופטקר,החב הדרומית לשיווק,,,"י""ח",1,ליטר,false,1,14.90,14.90,false,1,
7290104965654,false,דאו סטיק  נושם בנות SWEET KISS קרליין,החב הדרומית לשיווק,,,"י""ח",0.50,ל 100 גרם,false,1,14.90,29.80,false,1,
7290105360250,false,קפסולות מקיאטו עלית 50גר,"שטראוס גרופ בע""מ",,,"י""ח",0.50,ל 100 גרם,false,1,19,38,true,1,
7290105360328,false,קפסולות אספרסו חזק עלית 50גר,"שטראוס גרופ בע""מ",,,"י""ח",0.50,ל 100 גרם,false,1,19,38,true,1,
7290105360335,false,קפסולות אספרסו  עלית 50גר,"שטראוס גרופ בע""מ",,,"י""ח",0.50,ל 100 גרם,false,1,19,38,true,1,
7290105360878,false,מארז תפוצ יפס 50*4.,"שטראוס פריטו ליי בע""מ",,,"י""ח",2,ל 100 גרם,false,1,11.90,5.95,true,1,
7290105362339,false,שמנת לבישול 15% שומן מהדרין(יטבתה,"שטראוס גרופ ***בע""מ",,,"י""ח",2.50,"ל 100 מ""ל",false,1,7.90,3.16,true,1,
7290105363602,false,כיף כף מקלות קלאסי 40גר,"שטראוס גרופ בע""מ",,,"י""ח",0.40,ל 100 גרם,false,1,4.80,12,true,1,
7290105364289,false,כיף כף מקלות פיצפוצים 40גר,"שטראוס גרופ בע""מ",,,"י""ח",0.40,ל 100 גרם,false,1,4.80,12,true,1,
7290105364302,false,כיף כף מקלות אגוזים 42גר,"שטראוס גרופ בע""מ",,,"י""ח",0.40,ל 100 גרם,false,1,4.80,12,true,1,
7290105364678,false,משקה אקטיביה בודד אפרסק,"שטראוס גרופ ***בע""מ",,,"י""ח",2.50,"ל 100 מ""ל",false,1,4.90,1.96,true,1,
7290105366023,false,סלט אחלה חצילים טעם כבד 400 גרם,"שטראוס גרופ ***בע""מ",,,"י""ח",4,ל 100 גרם,false,1,14.90,3.73,true,1,
7290105366047,false,טחינה לבנה אחלה 400גרם,"שטראוס גרופ ***בע""מ",,,"י""ח",4,ל 100 גרם,false,1,13.90,3.48,true,1,
7290105366993,false,סימפוניה פלפל שיפקה  200גר,"שטראוס גרופ ***בע""מ",,,"י""ח",2,ל 100 גרם,false,1,10.90,5.45,true,1,
7290105368331,false,מילקי  תות}שטראוס{,"שטראוס גרופ ***בע""מ",,,"י""ח",1.30,"ל 100 מ""ל",false,1,2.90,2.23,true,1,
7290105368904,false,שמנת מתוקה להקצפה 32% שומן מהדרין,"שטראוס גרופ ***בע""מ",,,"י""ח",2.50,"ל 100 מ""ל",false,1,7.30,2.92,true,1,
7290105368928,false,"שמנת 9% מהדרין 200מ""ל","שטראוס גרופ ***בע""מ",,,"י""ח",2,"ל 100 מ""ל",false,1,2.90,1.45,true,1,
7290105369130,false,סימפוניה בצל ירוק 3% 200גר,"שטראוס גרופ ***בע""מ",,,"י""ח",2,ל 100 גרם,false,1,10.90,5.45,true,1,
7290105430458,false,"פלמוליב סבון נוזלי שקדים משאבה 750 מ""ל",ש.שסטוביץ בעמ,,,"י""ח",7.50,"ל 100 מ""ל",false,1,17.90,2.39,true,1,
7290105439499,false,מיונז 481ג מאסטר שף,ש.שסטוביץ בעמ,,,"י""ח",4.81,ל 100 גרם,false,1,11.90,2.47,false,1,
7290105439505,false,קרם בטעם מיונס לייט 521ג מנה,ש.שסטוביץ בעמ,,,"י""ח",5.21,ל 100 גרם,false,1,11.90,2.28,false,1,
7290105439581,false,חרדל דיזון 370ג צרפתי מאסטר שף,ש.שסטוביץ בעמ,,,"י""ח",3.70,ל 100 גרם,false,1,10.90,2.95,false,1,
7290105500151,false,וודקה פינלנדיה רגיל 700,מ.אקרמן בעמ,,,"י""ח",7.50,"ל 100 מ""ל",false,1,68.90,9.15,false,1,
7290105691224,false,חטיפי פריכונים טורטיה שום בצל 60 גר,קבוצת אוסם סחר-שות.מוגבלת,,,"י""ח",0.60,ל 100 גרם,false,1,7.90,13.17,false,1,
7290105691248,false,חטיפי פריכונים טורטיה תירס 60 גר,קבוצת אוסם סחר-שות.מוגבלת,,,"י""ח",0.60,ל 100 גרם,false,1,7.90,13.17,false,1,
7290105691712,false,עוגיות הפסקת קפה 230גר,קבוצת אוסם סחר-שות.מוגבלת,,,"י""ח",2.30,ל 100 גרם,false,1,10.90,4.74,true,1,
7290105691934,false,"קמח שמרים 1ק""ג",קבוצת אוסם סחר-שות.מוגבלת,,,"י""ח",1,"ק""ג",false,1,8.80,8.80,false,1,
7290105693341,false,במבה  מארז 10 יחידות 25גרם.,קבוצת אוסם סחר-שות.מוגבלת,,,"י""ח",2.50,ל 100 גרם,false,1,16.90,6.76,true,1,
7290105693457,false,עוגת הבית דמקה טעם שוקו וניל,קבוצת אוסם סחר-שות.מוגבלת,,,"י""ח",4,ל 100 גרם,false,1,11.90,2.98,false,1,
7290105694614,false,ספגטי מהיר הכנה,קבוצת אוסם סחר-שות.מוגבלת,,,"י""ח",5,ל 100 גרם,false,1,5.90,1.18,true,1,
7290105695024,false,פתיתים אפויים אורז עם אטריות,קבוצת אוסם סחר-שות.מוגבלת,,,"י""ח",5,ל 100 גרם,false,1,7.90,1.58,true,1,
7290105695321,false,עוגת בראוניז  פאדג`380גר`,קבוצת אוסם סחר-שות.מוגבלת,,,"י""ח",3.80,ל 100 גרם,false,1,18.90,4.97,false,1,
7290105962331,false,סחוג אדום זהבי  220גרם,"שטראוס גרופ ***בע""מ",,,"י""ח",2.20,ל 100 גרם,false,1,10.90,4.95,true,1,
7290105964564,false,חומוס אחלה  400 גרם. שטראוס,"שטראוס גרופ ***בע""מ",,,"י""ח",4,ל 100 גרם,false,1,8.90,2.23,true,1,
7290105965738,false,"משקה בוקר לשתיה תות בננה 267מ""ל","שטראוס גרופ ***בע""מ",,,"י""ח",2.67,ל 100 גרם,false,1,4.80,1.80,true,1,
7290105966469,false,"חומץ בלסמי יד מרדכי 250מ""ל","שטראוס גרופ בע""מ",,,"י""ח",2.50,"ל 100 מ""ל",false,1,14.70,5.88,true,1,
7290105968098,false,סלט קולסלאו 500גר,"שטראוס גרופ ***בע""מ",,,"י""ח",5,ל 100 גרם,false,1,13.90,2.78,true,1,
7290105968654,false,טורטליני בטטה שטראוס פרווה,"שטראוס גרופ ***בע""מ",,,"י""ח",4,ל 100 גרם,false,1,19.90,4.98,true,1,
7290105968777,false,פרכיות  אנרג`תחתית שוקולד מריר70גר,"שטראוס גרופ בע""מ",,,"י""ח",1,,false,1,8.90,8.90,true,1,
7290106520066,false,אצבעות רבע לשבע 160גר`,"שטראוס גרופ בע""מ",,,"י""ח",1.60,ל 100 גרם,false,1,12.90,8.06,true,1,
7290106520288,false,דנונה WOW תות 2.4%  150גר,"שטראוס גרופ ***בע""מ",,,"י""ח",1.50,"ל 100 מ""ל",false,1,4.60,3.07,true,1,
7290106520905,false,סלט טורקי 400גר,"שטראוס גרופ ***בע""מ",,,"י""ח",4,ל 100 גרם,false,1,13.90,3.48,true,1,
7290106520912,false,שמנת לבישול 9% שומן 258גר  מהדרין יטבתה,"שטראוס גרופ ***בע""מ",,,"י""ח",2.58,"ל 100 מ""ל",false,1,7.90,3.06,true,1,
7290106521049,false,סלט סלק  400גר,"שטראוס גרופ ***בע""מ",,,"י""ח",5,ל 100 גרם,false,1,13.90,2.78,true,1,
7290106521926,false,קפה טורקי שקית 150 עלית 10%.,"שטראוס גרופ בע""מ",,,"י""ח",1.50,ל 100 גרם,false,1,13.50,9,true,1,
7290106524439,false,תפוצ יפס פופס 60ג,"שטראוס פריטו ליי בע""מ",,,"י""ח",0.60,ל 100 גרם,false,1,4.50,7.50,true,1,
7290106525320,false,שוקולית לאפיה  500 גר,"שטראוס גרופ בע""מ",,,"י""ח",5,ל 100 גרם,false,1,15.50,3.10,true,1,
7290106525368,false,אצבעות רבע לשבע שחור לבן 120גר`,"שטראוס גרופ בע""מ",,,"י""ח",1.20,ל 100 גרם,false,1,12.90,10.75,true,1,
7290106525399,false,קפסולות ברזיל 06 עלית 50גר,"שטראוס גרופ בע""מ",,,"י""ח",0.50,ל 100 גרם,false,1,19,38,true,1,
7290106525405,false,קפסולות נטול למכונות נספרסו 50גר,"שטראוס גרופ בע""מ",,,"י""ח",0.50,ל 100 גרם,false,1,19,38,true,1,
7290106526822,false,פריכיות אנרג`י תחתית  חלב 80גר,"שטראוס גרופ בע""מ",,,"י""ח",0.80,ל 100 גרם,false,1,8.90,11.13,true,1,
7290106528567,false,דוריטוס גריל 185ג,"שטראוס פריטו ליי בע""מ",,,"י""ח",1.85,ל 100 גרם,false,1,6.90,3.73,true,1,
7290106528628,false,דוריטוס טבעי  185ג,"שטראוס פריטו ליי בע""מ",,,"י""ח",1.85,ל 100 גרם,false,1,6.90,3.73,true,1,
7290106528949,false,סלט ערוגות 450גר שטראוס,"שטראוס גרופ ***בע""מ",,,"י""ח",4.50,ל 100 גרם,false,1,10.90,2.42,true,1,
7290106571921,false,עוגיות חמוציות 180גר,קבוצת אוסם סחר-שות.מוגבלת,,,"י""ח",1.80,ל 100 גרם,false,1,11.90,6.61,true,1,
7290106572027,false,לחמית חמישה דגנים 190גר,קבוצת אוסם סחר-שות.מוגבלת,,,"י""ח",2.30,ל 100 גרם,false,1,8.90,3.87,true,1,
7290106572065,false,חטיפי פריכונים טורטיה חמוץ מתוק 60 גר,קבוצת אוסם סחר-שות.מוגבלת,,,"י""ח",0.60,ל 100 גרם,false,1,7.90,13.17,false,1,
7290106572959,false,מארז אפרופו 5 יח,קבוצת אוסם סחר-שות.מוגבלת,,,"י""ח",1.50,ל 100 גרם,false,1,13.10,8.73,true,1,
7290106572997,false,"קמח שמרים לפיצה 1ק""ג",קבוצת אוסם סחר-שות.מוגבלת,,,"י""ח",1,"ק""ג",false,1,10.90,10.90,false,1,
7290106573277,false,קריספי טאפאס זיתיםי 150גרם,קבוצת אוסם סחר-שות.מוגבלת,,,"י""ח",1.50,ל 100 גרם,false,1,11.90,7.93,false,1,
7290106573314,false,קריספי טאפאס פיזורים 150גרם,קבוצת אוסם סחר-שות.מוגבלת,,,"י""ח",1.50,ל 100 גרם,false,1,11.90,7.93,false,1,
7290106573598,false,חומוס לבנוני 400 גרם,קבוצת אוסם סחר-שות.מוגבלת,,,"י""ח",4,ל 100 גרם,false,1,12.70,3.18,true,1,
7290106573628,false,חומוס עם טחינה 400 גרם צבר,קבוצת אוסם סחר-שות.מוגבלת,,,"י""ח",4,ל 100 גרם,false,1,12.70,3.18,true,1,
7290106574793,false,עוגת בראוניס ביס שוקולד 216גר,קבוצת אוסם סחר-שות.מוגבלת,,,"י""ח",2.16,ל 100 גרם,false,1,11.90,5.51,false,1,
7290106574953,false,שטוחים  בייגלה שומשום 300גר,קבוצת אוסם סחר-שות.מוגבלת,,,"י""ח",3,ל 100 גרם,false,1,10.80,3.60,false,1,
7290106574977,false,שטוחים בייגלה  עם מלח  300גר,קבוצת אוסם סחר-שות.מוגבלת,,,"י""ח",3,ל 100 גרם,false,1,10.80,3.60,false,1,
7290106575257,false,עוגת סופלה טעם שוקולד 340גר,קבוצת אוסם סחר-שות.מוגבלת,,,"י""ח",3.40,ל 100 גרם,false,1,11.90,3.50,false,1,
7290106575431,false,עוגת סופלה טעם שוקו וניל 340גר,קבוצת אוסם סחר-שות.מוגבלת,,,"י""ח",3.40,ל 100 גרם,false,1,11.90,3.50,false,1,
7290106576513,false,חומוס צבר 400גר,קבוצת אוסם סחר-שות.מוגבלת,,,"י""ח",4,ל 100 גרם,false,1,11.90,2.98,false,1,
7290106576537,false,חומוס מסעדה 700גר צבר,קבוצת אוסם סחר-שות.מוגבלת,,,"י""ח",7,ל 100 גרם,false,1,11.70,1.67,false,1,
7290106576797,false,לה קרמריה וניל איטלקי  1.4ליטר,נגה גלידות,,,"י""ח",1.40,ליטר,false,1,18.90,13.50,false,1,
7290106576810,false,לה קרמריה רבת חלב  1.4ליטר,נגה גלידות,,,"י""ח",1.40,ליטר,false,1,18.90,13.50,false,1,
7290106576834,false,לה קרמריה פונש בננה  1.4ליטר,נגה גלידות,,,"י""ח",1.40,ליטר,false,1,18.90,13.50,false,1,
7290106576858,false,לה קרמריה תותים בשמנת  1.4ליטר,נגה גלידות,,,"י""ח",1.40,ליטר,false,1,18.90,13.50,false,1,
7290106576919,false,לה קרמריה סורבה תות לימון1.4ליטר,נגה גלידות,,,"י""ח",1.40,ליטר,false,1,18.90,13.50,false,1,
7290106576971,false,לה קרמריה שוקולד בלגי  1.4ליטר,נגה גלידות,,,"י""ח",1.40,ליטר,false,1,18.90,13.50,false,1,
7290106577039,false,לה קרמריה וניל שוקו פליק  1.4ליטר,נגה גלידות,,,"י""ח",1.40,ליטר,false,1,18.90,13.50,false,1,
7290106577282,false,טחינה מרובע 400גר,קבוצת אוסם סחר-שות.מוגבלת,,,"י""ח",4,ל 100 גרם,false,1,12.70,3.18,true,1,
7290106577527,false,קולסלו מרובע 400גר.,קבוצת אוסם סחר-שות.מוגבלת,,,"י""ח",4,ל 100 גרם,false,1,12.70,3.18,true,1,
7290106577541,false,כרוב אדום צבר  400גר,קבוצת אוסם סחר-שות.מוגבלת,,,"י""ח",4,ל 100 גרם,false,1,12.70,3.18,true,1,
7290106577572,false,סלט מטבוחה מרובע 400 גרם,קבוצת אוסם סחר-שות.מוגבלת,,,"י""ח",4,ל 100 גרם,false,1,12.90,3.23,true,1,
7290106578241,false,דובונים 100 גרם,קבוצת אוסם סחר-שות.מוגבלת,,,"י""ח",1,ל 100 גרם,false,1,9.90,9.90,false,1,
7290106578692,false,ביסלי במבה מיקס מהדורת אליפות 80גר,קבוצת אוסם סחר-שות.מוגבלת,,,"י""ח",0.60,ל 100 גרם,false,1,4.30,7.17,true,1,
7290106578821,false,עוגת שמרים שוקולד קלאסית 350גר,קבוצת אוסם סחר-שות.מוגבלת,,,"י""ח",3.50,ל 100 גרם,false,1,17.90,5.11,false,1,
7290106652996,false,כיף כף מקלות קוקוס   40גר,"שטראוס גרופ בע""מ",,,"י""ח",0.40,ל 100 גרם,false,1,4.80,12,true,1,
7290106653689,false,לקט ירקות אסיאתי 350גר שטראוס,"שטראוס גרופ ***בע""מ",,,"י""ח",3.50,ל 100 גרם,false,1,10.90,3.11,true,1,
7290106654099,false,מילקי  CAKE מאגדת שמינייה שטראוס,"שטראוס גרופ ***בע""מ",,,"י""ח",2.72,ל 100 גרם,false,1,19.90,7.32,true,1,
7290106656727,false,"חיוכים שוקו 600גר בד""ץ","שטראוס גרופ בע""מ",,,"י""ח",6,ל 100 גרם,false,1,17.90,2.98,true,1,
7290106656734,false,"חיוכים וניל 600גר בד""ץ","שטראוס גרופ בע""מ",,,"י""ח",6,ל 100 גרם,false,1,16.90,2.82,true,1,
7290106662025,false,תפוצ יפס  מלח פלפל  50ג,"שטראוס פריטו ליי בע""מ",,,"י""ח",0.50,ל 100 גרם,false,1,4.50,9,true,1,
7290106663091,false,לאבנה 9% 500גר`,"שטראוס גרופ ***בע""מ",,,"י""ח",5,ל 100 גרם,false,1,17.90,3.58,true,1,
7290106663121,false,מילקי CAKE בודד,"שטראוס גרופ ***בע""מ",,,"י""ח",0.34,ל 100 גרם,false,1,2.90,8.53,true,1,
7290106663503,false,קונפיטורת לייט תות,"שטראוס גרופ בע""מ",,,"י""ח",2.50,ל 100 גרם,false,1,13.70,5.48,true,1,
7290106663558,false,"רוטב טריאקי רימון 280מ""ל","שטראוס גרופ בע""מ",,,"י""ח",2.80,"ל 100 מ""ל",false,1,12.90,4.61,true,1,
7290106664067,false,לאבנה שמן זית וזעתר 10% שומן 400גר,"שטראוס גרופ ***בע""מ",,,"י""ח",4,ל 100 גרם,false,1,14.90,3.73,true,1,
7290106664555,false,רוטב שמנת עם עגבניות  9%,"שטראוס גרופ ***בע""מ",,,"י""ח",2,ל 100 גרם,false,1,10.90,5.45,true,1,
7290106664562,false,רוטב שמנת עם פטריות  9%,"שטראוס גרופ ***בע""מ",,,"י""ח",2,ל 100 גרם,false,1,10.90,5.45,true,1,
7290106666788,false,סוכ דבש נוסטלגיה  100גר,"שטראוס גרופ בע""מ",,,"י""ח",1,ל 100 גרם,false,1,5.90,5.90,true,1,
7290106667266,false,דוריטוס חמוץ חריף 185ג,"שטראוס פריטו ליי בע""מ",,,"י""ח",1.85,ל 100 גרם,false,1,7.50,4.05,true,1,
7290106668577,false,"מיץ לימון טבעי 250מ""ל יד מרדכי","שטראוס גרופ בע""מ",,,"י""ח",2.50,"ל 100 מ""ל",false,1,7.80,3.12,true,1,
7290106668713,false,דנונה פירות יער 3%,"שטראוס גרופ ***בע""מ",,,"י""ח",1.50,"ל 100 מ""ל",false,1,3.50,2.33,true,1,
7290106669857,false,קפסולות אספרסו עלית טעם וניל 50גר,"שטראוס גרופ בע""מ",,,"י""ח",0.50,ל 100 גרם,false,1,19,38,true,1,
7290106720626,false,ציטוס גבינה 80ג,"שטראוס פריטו ליי בע""מ",,,"י""ח",0.80,ל 100 גרם,false,1,4.20,5.25,true,1,
7290106721913,false,מסטיק מאסט ריח פה צ`יקלט 66גר,"שטראוס גרופ בע""מ",,,"י""ח",0.66,ל 100 גרם,false,1,9.90,15,true,1,
7290106721920,false,מסטיק מאסט ספירמינט צ`יקלט 66גר,"שטראוס גרופ בע""מ",,,"י""ח",0.66,ל 100 גרם,false,1,9.90,15,true,1,
7290106723689,false,עלי תרד  בייבי 200ג שטראוס,"שטראוס גרופ ***בע""מ",,,"י""ח",2,ל 100 גרם,false,1,10.90,5.45,true,1,
7290106724488,false,דנונה טבעי 1.7% 150גר,"שטראוס גרופ ***בע""מ",,,"י""ח",1.50,ל 100 גרם,false,1,2.30,1.53,true,1,
7290106725867,false,"סירופ מייפל טבעי 189 מ""ל יד מרדכי","שטראוס גרופ בע""מ",,,"י""ח",1.89,"ל 100 מ""ל",false,1,29.90,15.82,true,1,
7290106725874,false,"סירופ מייפל טבעי 236 מ""ל יד מרדכי","שטראוס גרופ בע""מ",,,"י""ח",2.36,"ל 100 מ""ל",false,1,41.90,17.75,true,1,
7290106726178,false,דנונה WOW פירות יער  2.4%  150גר,"שטראוס גרופ ***בע""מ",,,"י""ח",1.50,"ל 100 מ""ל",false,1,4.60,3.07,true,1,
7290106727984,false,גביע פצפצים 135גר,"שטראוס גרופ בע""מ",,,"י""ח",1.35,ל 100 גרם,false,1,9.90,7.33,true,1,
7290106729650,false,מארז דנונה שמינייה תות  3% 150גר,"שטראוס גרופ ***בע""מ",,,"י""ח",1.20,ליטר,false,1,23.90,19.92,true,1,
7290107280020,false,מטליות לחות לניקוי כללי 50 * 3 מארז סנ,החב הדרומית לשיווק,,,"י""ח",1,,false,1,18.90,18.90,false,1,
7290107280037,false,סנו סושי מגבונים לניקוי כללי 50 יחידות,החב הדרומית לשיווק,,,"י""ח",1,,false,1,7.50,7.50,false,1,
7290107280068,false,מגשית אלומיניום מארז XL,החב הדרומית לשיווק,,,"י""ח",1,,false,1,9.90,9.90,false,1,
7290107280075,false,מגשית אלומיניום מארז 4 יח מידה L,החב הדרומית לשיווק,,,"י""ח",1,,false,1,9.90,9.90,false,1,
7290107280082,false,מגשית אלומיניום מארז 7 יח אינגליש קייק,החב הדרומית לשיווק,,,"י""ח",1,,false,1,9.90,9.90,false,1,
7290107280099,false,מגבוני ט. סנו סופט  לחים שלישייה,החב הדרומית לשיווק,,,"י""ח",3,"י""ח",false,1,15.90,5.30,false,1,
7290107280129,false,שקיות אשפה 20יח,החב הדרומית לשיווק,,,"י""ח",1,,false,1,22.90,22.90,false,1,
7290107280341,false,מטליות לחות לרצפה מלון מפנק  10 יחידו,החב הדרומית לשיווק,,,"י""ח",1,,false,1,12.90,12.90,false,1,
7290107280563,false,סנו אוקסיגן  ג`ל בייבי  3ליטר,החב הדרומית לשיווק,,,"י""ח",3,ליטר,false,1,28.90,9.63,false,1,
7290107280570,false,סנו ג ל כביסה 3ליטר מיקס,החב הדרומית לשיווק,,,"י""ח",3,ליטר,false,1,28.90,9.63,false,1,
7290107280587,false,סנובון מוצק שלדאבל אקשן בניחוח פרחים ורו,החב הדרומית לשיווק,,,"י""ח",7.50,"ל 100 מ""ל",false,1,10.90,1.45,false,1,
7290107280594,false,סנובון מוצק דאבל אקשן בניחוח לבנדר,החב הדרומית לשיווק,,,"י""ח",7.50,"ל 100 מ""ל",false,1,10.90,1.45,false,1,
7290107280600,false,ספארק 100 טבליות למדיח,החב הדרומית לשיווק,,,"י""ח",100,"י""ח",false,1,49.90,0.50,false,1,
7290107280716,false,"מלח למדיח 2ק""ג ספארק",החב הדרומית לשיווק,,,"י""ח",2,"ק""ג",false,1,12.90,6.45,false,1,
7290107280723,false,"נוזל כלים סנו ספארק 700מ""ל לימון",החב הדרומית לשיווק,,,"י""ח",7,"ל 100 מ""ל",false,1,9.90,1.41,false,1,
7290107280730,false,"נוזל כלים סנו ספארק 700מ""ל לבנדר",החב הדרומית לשיווק,,,"י""ח",7,"ל 100 מ""ל",false,1,9.90,1.41,false,1,
7290107280747,false,"נוזל כלים סנו ספארק 700מ""ל קלאסי",החב הדרומית לשיווק,,,"י""ח",7,"ל 100 מ""ל",false,1,9.90,1.41,false,1,
7290107280754,false,"נוזל כלים סנו ספארק 700מ""ל היפואלרגני",החב הדרומית לשיווק,,,"י""ח",7,"ל 100 מ""ל",false,1,9.90,1.41,false,1,
7290107280761,false,נוזל כלים סנו ספארק 1ל לימון,החב הדרומית לשיווק,,,"י""ח",1,ליטר,false,1,12.90,12.90,false,1,
7290107280822,false,ריצפז פרש  הום ספא 2ל,החב הדרומית לשיווק,,,"י""ח",1.45,ליטר,false,1,19.80,13.66,false,1,
7290107280839,false,"קרם גוף קרמה דבש 500 מ""ל",החב הדרומית לשיווק,,,"י""ח",5,"ל 100 מ""ל",false,1,24.90,4.98,false,1,
7290107520140,false,רשת עכביש מס 2,אושר א.א. יבוא ושיווק כלי בית,,,"י""ח",1,,false,1,14.90,14.90,false,1,
7290107520539,false,חנוכיה,אושר א.א. יבוא ושיווק כלי בית,,,"י""ח",1,,false,1,14.90,14.90,false,1,
7290107523134,false,יעה נירוסטה,אושר א.א. יבוא ושיווק כלי בית,,,"י""ח",1,,false,1,22.90,22.90,false,1,
7290107523400,false,חנוכיה מתכת,אושר א.א. יבוא ושיווק כלי בית,,,"י""ח",1,,false,1,14.90,14.90,false,1,
7290107644488,false,בייגלה שמיניות  255ג,"יוניליוור ישראל שיווק בע""מ",,,"י""ח",2.55,ל 100 גרם,false,1,5.90,2.31,true,1,
7290107645584,false,מרק עוף אמיתי 400כ ר. טבעיים.,"יוניליוור ישראל שיווק בע""מ",,,"י""ח",4,ל 100 גרם,false,1,16.90,4.23,true,1,
7290107645591,false,מרק טעם עוף  400 ג קנור ר.טבעים,"יוניליוור ישראל שיווק בע""מ",,,"י""ח",4,ל 100 גרם,false,1,14.90,3.73,false,1,
7290107646062,false,מרק בצל 400 ג קנור ר.טבעיים,"יוניליוור ישראל שיווק בע""מ",,,"י""ח",4,ל 100 גרם,false,1,16.90,4.23,true,1,
7290107646147,false,חטיפי שוגי קורנפלקס שישייה 156גר.,"יוניליוור ישראל שיווק בע""מ",,,"י""ח",1.56,ל 100 גרם,false,1,12.90,8.27,true,1,
7290107646154,false,חטיפי קוקומן פצפ. טעם שוקו שישייה 126ג,"יוניליוור ישראל שיווק בע""מ",,,"י""ח",1.56,ל 100 גרם,false,1,12.90,8.27,true,1,
7290107646826,false,חטיפי דגנים פתיתי תירס בשוקולד,"יוניליוור ישראל שיווק בע""מ",,,"י""ח",1.56,ל 100 גרם,false,1,12.90,8.27,true,1,
7290107646833,false,חטיפי דגנים עם פיצפוצי שוק. לבן,"יוניליוור ישראל שיווק בע""מ",,,"י""ח",1.38,ל 100 גרם,false,1,12.90,9.35,true,1,
7290107647359,false,דומסטוס 3ס. אסלה אושן,"יוניליוור ישראל שיווק בע""מ",,,"י""ח",1.65,"ל 100 מ""ל",false,1,15.90,9.64,false,1,
7290107647366,false,דומסטוס 3ס. אסלה ליים,"יוניליוור ישראל שיווק בע""מ",,,"י""ח",1.65,"ל 100 מ""ל",false,1,15.90,9.64,false,1,
7290107647731,false,קוקומן חום לבן 20% פחות סוכר 375 גרם ב,"יוניליוור ישראל שיווק בע""מ",,,"י""ח",3.75,ל 100 גרם,false,1,19.90,5.31,true,1,
7290107647816,false,~ברנפלקס ללא תוספות 500גרם,"יוניליוור ישראל שיווק בע""מ",,,"י""ח",5,ל 100 גרם,false,1,19.90,3.98,true,1,
7290107647823,false,ברנפלקס פתיתים 500גרם,"יוניליוור ישראל שיווק בע""מ",,,"י""ח",5,ל 100 גרם,false,1,19.90,3.98,true,1,
7290107647854,false,שוגי 20% פחות סוכר 500  גר,"יוניליוור ישראל שיווק בע""מ",,,"י""ח",5,ל 100 גרם,false,1,19.90,3.98,true,1,
7290107648943,false,ברנפלקס קראנצים מייפל 375ג,"יוניליוור ישראל שיווק בע""מ",,,"י""ח",4,ל 100 גרם,false,1,19.90,4.98,true,1,
7290107649100,false,טבעות שומשום 300גר`,"יוניליוור ישראל שיווק בע""מ",,,"י""ח",3,ל 100 גרם,false,1,9.90,3.30,true,1,
7290107649605,false,טבלת קליק קורנפלקס 85ג,"יוניליוור ישראל שיווק בע""מ",,,"י""ח",1,ל 100 גרם,false,1,4.90,4.90,true,1,
7290107649728,false,גלידה פרווה  2ל.,"גלידות שטראוס בע""מ",,,"י""ח",2,ליטר,false,1,22.90,11.45,false,1,
7290107649735,false,גלידה טעמים  2ל.,"גלידות שטראוס בע""מ",,,"י""ח",2,ליטר,false,1,22.90,11.45,false,1,
7290107871297,false,פריכונים מיני עשבי תיבול 25ג,קבוצת אוסם סחר-שות.מוגבלת,,,"י""ח",0.25,ל 100 גרם,false,1,4.30,17.20,false,1,
7290107871990,false,פסטה אסם צינורות,קבוצת אוסם סחר-שות.מוגבלת,,,"י""ח",5,ל 100 גרם,false,1,5.90,1.18,true,1,
7290107874427,false,פריכונים מיני צתר 25ג,קבוצת אוסם סחר-שות.מוגבלת,,,"י""ח",0.25,ל 100 גרם,false,1,4.30,17.20,false,1,
7290107874502,false,ביסלי גריל מארז אחיד 4*55גר,קבוצת אוסם סחר-שות.מוגבלת,,,"י""ח",2.10,ל 100 גרם,false,1,12.90,6.14,true,1,
7290107875158,false,מארז במבה קלאסי  60*4גרם,קבוצת אוסם סחר-שות.מוגבלת,,,"י""ח",2.40,ל 100 גרם,false,1,13.70,5.71,true,1,
7290107875271,false,ביסלי ברביקיו מארז אחיד 4*55גר,קבוצת אוסם סחר-שות.מוגבלת,,,"י""ח",2.10,ל 100 גרם,false,1,12.90,6.14,true,1,
7290107875400,false,לה קרמריה פיסטוק מוקה פרווה   1.4 ליטר,נגה גלידות,,,"י""ח",1.40,ליטר,false,1,18.90,13.50,false,1,
7290107875820,false,קרטונים אפויים בתיבול ביתי 180גר אסם,קבוצת אוסם סחר-שות.מוגבלת,,,"י""ח",2.50,ל 100 גרם,false,1,11.90,4.76,false,1,
7290107877619,false,במבה  נוגט מארז 30גרם *5יח,קבוצת אוסם סחר-שות.מוגבלת,,,"י""ח",1.50,ל 100 גרם,false,1,14.90,9.93,true,1,
7290107930321,false,מעדן דובדבנים 100% 340גר,"שטראוס גרופ בע""מ",,,"י""ח",2.50,ל 100 גרם,false,1,13.60,5.44,true,1,
7290107931397,false,כיף כף פיצפוצים 40גר,"שטראוס גרופ בע""מ",,,"י""ח",0.40,ל 100 גרם,false,1,4.90,12.25,true,1,
7290107932080,false,חלב יטבתה מועשר 3% בקבוק 1ליטר,"שטראוס גרופ ***בע""מ",,,"י""ח",1,ליטר,false,1,7.30,7.30,true,1,
7290107932134,false,חלב מועשר 1% בקבוק 1ליטר,"שטראוס גרופ ***בע""מ",,,"י""ח",1,ליטר,false,1,7.30,7.30,true,1,
7290107933155,false,לקט סלנובה 200גר ירקות שטראוס,"שטראוס גרופ ***בע""מ",,,"י""ח",2,ל 100 גרם,false,1,12.90,6.45,true,1,
7290107936309,false,דנונה יווני לבן 130גר.,"שטראוס גרופ ***בע""מ",,,"י""ח",1.30,ל 100 גרם,false,1,3.20,2.46,true,1,
7290107936460,false,מארז 8 דנכול בטעם מעודן,"שטראוס גרופ ***בע""מ",,,"י""ח",1.3840,"ק""ג",false,1,29,20.95,true,1,
7290107936958,false,אצבעות שוקולד עד חצות,"שטראוס גרופ בע""מ",,,"י""ח",0.66,ל 100 גרם,false,1,9.90,15,true,1,
7290107936965,false,עיגולים  שוקולד עד חצות,"שטראוס גרופ בע""מ",,,"י""ח",0.66,ל 100 גרם,false,1,13,19.70,true,1,
7290107937542,false,משקה אקטיביה תות 1.2%,"שטראוס גרופ ***בע""מ",,,"י""ח",2.50,"ל 100 מ""ל",false,1,4.90,1.96,true,1,
7290107937627,false,מסטיק מאסט קוביות ספירמינט  58ג,"שטראוס גרופ בע""מ",,,"י""ח",0.66,ל 100 גרם,false,1,9.90,15,true,1,
7290107937634,false,מסטיק מאסט קוביות פפירמינט  58ג.,"שטראוס גרופ בע""מ",,,"י""ח",0.66,ל 100 גרם,false,1,9.90,15,true,1,
7290107937641,false,מסטיק מאסט בזוקה 58ג,"שטראוס גרופ בע""מ",,,"י""ח",0.66,ל 100 גרם,false,1,9.90,15,true,1,
7290107937856,false,קפסולות אספרסו מס11 ל. נספרסו 50ג עלית,"שטראוס גרופ בע""מ",,,"י""ח",0.50,ל 100 גרם,false,1,19,38,true,1,
7290107938396,false,אקטימל שמיניה תות בנים,"שטראוס גרופ ***בע""מ",,,"י""ח",8,"ל 100 מ""ל",false,1,19.90,2.49,true,1,
7290107939027,false,גזר דק דק 250גר ירקות שטראוס,"שטראוס גרופ ***בע""מ",,,"י""ח",2.50,ל 100 גרם,false,1,6.90,2.76,true,1,
7290107940030,false,חומוס אחלה 650גר שטראוס,"שטראוס גרופ ***בע""מ",,,"י""ח",5,ל 100 גרם,false,1,8.90,1.78,true,1,
7290107940467,false,אקטיביה 200גר  1.5%,"שטראוס גרופ ***בע""מ",,,"י""ח",2,ל 100 גרם,false,1,3.90,1.95,true,1,
7290107942355,false,תפוצ יפס מקלות טעם טבעי 60ג.,"שטראוס פריטו ליי בע""מ",,,"י""ח",0.60,ל 100 גרם,false,1,4.50,7.50,true,1,
7290107943192,false,"שמנת חמוצה מהערבה יוטבתה 200מ""ל 27%","שטראוס גרופ ***בע""מ",,,"י""ח",2,"ל 100 מ""ל",false,1,4.10,2.05,true,1,
7290107943369,false,קוואקר 511ג פח ללא גלוטן,"שטראוס פריטו ליי בע""מ",,,"י""ח",5.11,ל 100 גרם,false,1,18.90,3.70,true,1,
7290107944472,false,סימפוניה 5% שום שמיר 200גר,"שטראוס גרופ ***בע""מ",,,"י""ח",2,ל 100 גרם,false,1,10.90,5.45,true,1,
7290107945165,false,קונפיטורה משמש 340גר,"שטראוס גרופ בע""מ",,,"י""ח",3.40,ל 100 גרם,false,1,13.60,4,true,1,
7290107950190,false,מעדן דיאט שוקולד מריר 130גר,"שטראוס גרופ ***בע""מ",,,"י""ח",1.30,ל 100 גרם,false,1,3.20,2.46,true,1,
7290107950206,false,מעדן דיאט שוקולד 130גר,"שטראוס גרופ ***בע""מ",,,"י""ח",1.30,ל 100 גרם,false,1,3.20,2.46,true,1,
7290107951104,false,בפלות שוקולד 200גר,"שטראוס גרופ בע""מ",,,"י""ח",2,ל 100 גרם,false,1,4.90,2.45,true,1,
7290107951111,false,בפלות לימון 200גר,"שטראוס גרופ בע""מ",,,"י""ח",2,ל 100 גרם,false,1,4.90,2.45,true,1,
7290107951715,false,מסטיק מאסט קוביות ענבים 58גר.,"שטראוס גרופ בע""מ",,,"י""ח",0.66,ל 100 גרם,false,1,9.90,15,true,1,
7290107953559,false,מארז קפה טורקי לדרך 168גר`,"שטראוס גרופ בע""מ",,,"י""ח",1.68,ל 100 גרם,false,1,18.90,11.25,true,1,
7290107954709,false,קונפיטורה פירות יער  340גר,"שטראוס גרופ בע""מ",,,"י""ח",3.40,ל 100 גרם,false,1,13.60,4,true,1,
7290107954976,false,"משקה יוטבתה פרו קפה לשתיה  350מ""ל","שטראוס גרופ ***בע""מ",,,"י""ח",3.50,ל 100 גרם,false,1,6.50,1.86,true,1,
7290107956642,false,"תרסיס שמן זית  150גרם כשל""פ","שטראוס גרופ בע""מ",,,"י""ח",1.50,ל 100 גרם,false,1,17.90,11.93,true,1,
7290107956710,false,מארז מיני מילקי  1/16,"שטראוס גרופ ***בע""מ",,,"י""ח",1.52,ליטר,false,1,21.90,14.41,true,1,
7290107956895,false,קפסולות טעם קרמל למכונות נספרסו 50גר,"שטראוס גרופ בע""מ",,,"י""ח",0.50,ל 100 גרם,false,1,19,38,true,1,
7290107956901,false,קפסולות אספרסו טעם אגוזים  150גר,"שטראוס גרופ בע""מ",,,"י""ח",0.50,ל 100 גרם,false,1,19,38,true,1,
7290107956925,false,קפסולות עלית אוגנדה 13 למכונת נספרסו,"שטראוס גרופ בע""מ",,,"י""ח",0.50,ל 100 גרם,false,1,19,38,true,1,
7290107956932,false,קפסולות אספרסו  עלית 50גר,"שטראוס גרופ בע""מ",,,"י""ח",0.50,ל 100 גרם,false,1,19,38,true,1,
7290107957229,false,נטיפי שוקולד ציפס מריר 250גר עלית,"שטראוס גרופ בע""מ",,,"י""ח",1.80,ל 100 גרם,false,1,11.90,6.61,true,1,
7290107957991,false,מילקי מינייס CAKE 144ג שטראוס,"שטראוס גרופ ***בע""מ",,,"י""ח",1.44,ל 100 גרם,false,1,13.90,9.65,true,1,
7290107958035,false,"מארז 8 דנונה מתיקות מעודנת לל""ס וממתיק","שטראוס גרופ ***בע""מ",,,"י""ח",1.20,ליטר,false,1,17.90,14.92,true,1,
7290107971744,false,"קולגייט  מי פה טוטל ירוק 500מ""ל",ש.שסטוביץ בעמ,,,"י""ח",5,"ל 100 מ""ל",false,1,17.90,3.58,true,1,
7290107973014,false,"פלמוליב סבון ידיים חלב ודבש  300מ""ל",ש.שסטוביץ בעמ,,,"י""ח",3,"ל 100 מ""ל",false,1,9.90,3.30,false,1,
7290107973311,false,מברשת שיניים זוג 360,ש.שסטוביץ בעמ,,,"י""ח",1,,false,1,24.90,24.90,true,1,
7290107973793,false,עגבניות שלמות 400גר מאסטר שף.,ש.שסטוביץ בעמ,,,"י""ח",4,ל 100 גרם,false,1,5.90,1.48,true,1,
7290107973809,false,מנה עגבניות קובוית 400גר,ש.שסטוביץ בעמ,,,"י""ח",4,ל 100 גרם,false,1,5.90,1.48,false,1,
7290107973861,false,עגבניות קצוצות דק מנה  400גר*3,ש.שסטוביץ בעמ,,,"י""ח",1.20,"ק""ג",false,1,15.90,13.25,false,1,
7290107974066,false,עלי טורטיה  קמח מלא  320ג מאסטר שף,ש.שסטוביץ בעמ,,,"י""ח",3.20,ל 100 גרם,false,1,9.90,3.09,false,1,
7290107974073,false,טורטיה קמח לבן 320ג מאסטר שף,ש.שסטוביץ בעמ,,,"י""ח",3.20,ל 100 גרם,false,1,9.90,3.09,false,1,
7290107974080,false,עלי טורטיה קמח מלא  756ג מאסטר שף,ש.שסטוביץ בעמ,,,"י""ח",7.40,ל 100 גרם,false,1,15.90,2.15,false,1,
7290107974301,false,ליידי ספיד סטיק אלוורה ירוק,ש.שסטוביץ בעמ,,,"י""ח",1,"י""ח",false,1,24.90,24.90,true,1,
7290107974806,false,"אורז  בסגנון בסמטי 1ק""ג מאסטר שף",ש.שסטוביץ בעמ,,,"י""ח",1,"ק""ג",false,1,10.90,10.90,false,1,
7290107974813,false,"אורז יסמין 1ק""ג מנה",ש.שסטוביץ בעמ,,,"י""ח",1,"ק""ג",false,1,10.90,10.90,false,1,
7290107974820,false,ממרח מתובל ספייסי  253ג מנה,ש.שסטוביץ בעמ,,,"י""ח",2.53,ל 100 גרם,false,1,7.90,3.12,false,1,
7290107974837,false,ממרח מתובל שום 253ג מנה,ש.שסטוביץ בעמ,,,"י""ח",2.53,ל 100 גרם,false,1,7.90,3.12,false,1,
7290107975292,false,ליידי ספיד סטיק נערות ורווד 65ג,ש.שסטוביץ בעמ,,,"י""ח",0.65,ל 100 גרם,false,1,24.90,38.31,true,1,
7290107975360,false,ליידי ספיד סטיק פיור גל,ש.שסטוביץ בעמ,,,"י""ח",1,"י""ח",false,1,19.90,19.90,true,1,
7290107975544,false,"קולגייט סמיילס ברבי 50מ""ל",ש.שסטוביץ בעמ,,,"י""ח",0.66,ל 100 גרם,false,1,11.90,18.03,false,1,
7290107977456,false,"פלמוליב מן גל רחצה  ושמפו 750מ""ל ספורט",ש.שסטוביץ בעמ,,,"י""ח",7.50,"ל 100 מ""ל",false,1,17.90,2.39,true,1,
7290107978323,false,איטריות דקיקות 400ג מאסטר שף,ש.שסטוביץ בעמ,,,"י""ח",4,ל 100 גרם,false,1,4.50,1.13,true,1,
7290107978330,false,איטריות דקות 400ג מאסטר שף,ש.שסטוביץ בעמ,,,"י""ח",4,ל 100 גרם,false,1,4.50,1.13,true,1,
7290107978347,false,איטריות בינוניות 400ג מאסטר שף,ש.שסטוביץ בעמ,,,"י""ח",4,ל 100 גרם,false,1,4.50,1.13,true,1,
7290107978453,false,קראנצ וס גריל 55ג חדש,ש.שסטוביץ בעמ,,,"י""ח",0.55,ל 100 גרם,false,1,2.90,5.27,true,1,
7290107978460,false,קראנצ וס פלאפל  60ג חדש,ש.שסטוביץ בעמ,,,"י""ח",0.60,ל 100 גרם,false,1,2.90,4.83,true,1,
7290107979573,false,קוקי ניילון נצמד זוג,ש.שסטוביץ בעמ,,,"י""ח",1,,false,1,9.90,9.90,true,1,
7290108201284,false,"אירוויק מקלות לבנדר  30מ""ל",רקיט בנקיזר (ניר איסט) בעמ,,,"י""ח",0.30,"ל 100 מ""ל",false,1,14.90,49.67,true,1,
7290108201864,false,קולון קפסולות לכביסה 1/28,רקיט בנקיזר (ניר איסט) בעמ,,,"י""ח",28,"י""ח",false,1,24.90,0.89,false,1,
7290108350128,false,שקיות אשפה חזקות סנו,החב הדרומית לשיווק,,,"י""ח",1,,false,1,24.90,24.90,false,1,
7290108350142,false,"שקיות רב""ש",החב הדרומית לשיווק,,,"י""ח",1,,false,1,14.90,14.90,false,1,
7290108350180,false,מפיות מודפסות 100יח,החב הדרומית לשיווק,,,"י""ח",100,"י""ח",false,1,6.90,0.07,false,1,
7290108350203,false,כריות קרצוף עם ספוג מקציף 1/6,החב הדרומית לשיווק,,,"י""ח",1,,false,1,9.60,9.60,false,1,
7290108350210,false,שקיות אשפה אקסטרא חוזק30 יח,החב הדרומית לשיווק,,,"י""ח",1,,false,1,22.90,22.90,false,1,
7290108350531,false,נוזל כלים סנו ספארק 1ל קלאסי,החב הדרומית לשיווק,,,"י""ח",1,ליטר,false,1,12.90,12.90,false,1,
7290108350548,false,נוזל כלים סנו ספארק 1ל לבנדר,החב הדרומית לשיווק,,,"י""ח",1,ליטר,false,1,12.90,12.90,false,1,
7290108350555,false,נוזל כלים סנו ספארק 1ל שקד,החב הדרומית לשיווק,,,"י""ח",1,ליטר,false,1,12.90,12.90,false,1,
7290108350586,false,נוזל כלים סנו ספארק 1.5ל לימון רענן,החב הדרומית לשיווק,,,"י""ח",1.50,ליטר,false,1,15.90,10.60,false,1,
7290108350616,false,מרכך מקסימה  כביסה 1 ליטר בלו,החב הדרומית לשיווק,,,"י""ח",1,ליטר,false,1,17.90,17.90,false,1,
7290108350623,false,מרכך מקסימהכביסה 1 ליטר סופט סילק,החב הדרומית לשיווק,,,"י""ח",1,ליטר,false,1,17.90,17.90,false,1,
7290108351149,false,סנו גט לניקוי כללי ורצפות+סודה 1.5ל.,החב הדרומית לשיווק,,,"י""ח",1.50,ליטר,false,1,14.90,9.93,false,1,
7290108351156,false,סנו גט לניקוי כללי ורצפות+חומץ 1.5ל.,החב הדרומית לשיווק,,,"י""ח",1.50,ליטר,false,1,14.90,9.93,false,1,
7290108351507,false,מקסימה מרכך 4 ל SOFT SILK,החב הדרומית לשיווק,,,"י""ח",4,ליטר,false,1,21.90,5.48,false,1,
7290108351514,false,מקסימה מרכך 4 ל BLUE BLOSSOM,החב הדרומית לשיווק,,,"י""ח",4,ליטר,false,1,21.90,5.48,false,1,
7290108351521,false,גל כביסה  מקסימה 5ל נואר,החב הדרומית לשיווק,,,"י""ח",5,ליטר,false,1,44.90,8.98,false,1,
7290108351552,false,סנו גט תרסיס  פלוס לניקוי כללי+חומץ,החב הדרומית לשיווק,,,"י""ח",7.50,"ל 100 מ""ל",false,1,15.90,2.12,false,1,
7290108351569,false,מבשם ומרכך בייבי למייבש כביסה,החב הדרומית לשיווק,,,"י""ח",7.50,"ל 100 מ""ל",false,1,17.90,2.39,true,1,
7290108351583,false,"סנו גט לניקוי+ניקוי  אסלות 750מ""ל.",החב הדרומית לשיווק,,,"י""ח",7.50,"ל 100 מ""ל",false,1,8.90,1.19,true,1,
7290108351590,false,"סנופרש הום בניחוח מרכך כביסה 350מ""ל",החב הדרומית לשיווק,,,"י""ח",3.50,"ל 100 מ""ל",false,1,9.90,2.83,false,1,
7290108351613,false,ריצפז פרש הום בית מלון חלומי 2ל לרצפה,החב הדרומית לשיווק,,,"י""ח",1.45,ליטר,false,1,19.80,13.66,false,1,
7290108351675,false,גל כביסה  מקסימה 5ל Mix Wash,החב הדרומית לשיווק,,,"י""ח",5,ליטר,false,1,44.90,8.98,false,1,
7290108351682,false,גל כביסה  מקסימה 5ל Bio Cold Water,החב הדרומית לשיווק,,,"י""ח",5,ליטר,false,1,44.90,8.98,false,1,
7290108351699,false,מגבוני JET ניקוי+חומץ מארז שלישייה,החב הדרומית לשיווק,,,"י""ח",1,,false,1,19.90,19.90,false,1,
7290108351705,false,פניני בישום FRESH LINEN י 275 גרם,החב הדרומית לשיווק,,,"י""ח",2.75,ל 100 גרם,false,1,19.90,7.24,false,1,
7290108351712,false,פניני בישום LOVELY י 275 גרם,החב הדרומית לשיווק,,,"י""ח",2.75,ל 100 גרם,false,1,19.90,7.24,false,1,
7290108351781,false,"סנו גט לניקוי+ניקוי  אסלות 750מ""ל.",החב הדרומית לשיווק,,,"י""ח",7.50,"ל 100 מ""ל",false,1,8.90,1.19,true,1,
7290108351804,false,מרכך מקסימה סופר מרוכז Gentle breeze 1לי,החב הדרומית לשיווק,,,"י""ח",1,ליטר,false,1,17.90,17.90,false,1,
7290108351811,false,מרכך מקסימה סופר מרוכז Floral tou 1 ליטר,החב הדרומית לשיווק,,,"י""ח",1,ליטר,false,1,17.90,17.90,false,1,
7290108351835,false,מרכך כביסה  מקסימה FLORAL TOUCH י4ל`,החב הדרומית לשיווק,,,"י""ח",4,ליטר,false,1,21.90,5.48,false,1,
7290108352016,false,סנובון Design שלישייה בניחוח מרכך כביס,החב הדרומית לשיווק,,,"י""ח",1,"י""ח",false,1,16.90,16.90,false,1,
7290108352061,false,אורביטול משחת שיניים פחם Go  White,החב הדרומית לשיווק,,,"י""ח",1.45,ל 100 גרם,false,1,10.90,7.52,false,1,
7290108352115,false,סנובון מוצק Wave שלישייה  בתוספת אקונו,החב הדרומית לשיווק,,,"י""ח",1,"י""ח",false,1,9.90,9.90,false,1,
7290108352146,false,סנובון נוזלי בניחוח מגנוליה ונרול 750,החב הדרומית לשיווק,,,"י""ח",7.50,"ל 100 מ""ל",false,1,10.90,1.45,false,1,
7290108352153,false,"סנובון נוזלי בניחוח לוטוס וסחלב 750 מ""ל",החב הדרומית לשיווק,,,"י""ח",7.50,"ל 100 מ""ל",false,1,10.90,1.45,false,1,
7290108352207,false,קפסולות לכביסה מקסימה  פלורל 40יח,החב הדרומית לשיווק,,,"י""ח",40,"י""ח",false,1,39.90,1,false,1,
7290108352214,false,קפסולות לכביסה מקסימה  פרש בריז 40יח,החב הדרומית לשיווק,,,"י""ח",40,"י""ח",false,1,39.90,1,false,1,
7290108352221,false,"סנופרש הום נטול גז 350מ""ל",החב הדרומית לשיווק,,,"י""ח",3.50,"ל 100 מ""ל",false,1,11.90,3.40,false,1,
7290108352252,false,נוזל כלים סנו ספארק 1ל ללא צבע ובושם.,החב הדרומית לשיווק,,,"י""ח",1,ליטר,false,1,12.90,12.90,false,1,
7290108352320,false,"סנופרש הום נטול גז 350מ""ל",החב הדרומית לשיווק,,,"י""ח",3.50,"ל 100 מ""ל",false,1,9.90,2.83,false,1,
7290108352344,false,"פרש אוטומטיק בניחוח מלון בוטיק 250מ""ל",החב הדרומית לשיווק,,,"י""ח",1.65,ל 100 גרם,false,1,12.90,7.82,false,1,
7290108352399,false,ריצפז פרש הום  2ל לרצפה מרכך כביסה,החב הדרומית לשיווק,,,"י""ח",1.45,ליטר,false,1,19.80,13.66,false,1,
7290108352436,false,סנובון כחול שלישיה מגנוליה ונרולי,החב הדרומית לשיווק,,,"י""ח",1.65,ל 100 גרם,false,1,14.90,9.03,true,1,
7290108352450,false,ריצפז פרש הום  2ל לרצפה  Blue Blossom,החב הדרומית לשיווק,,,"י""ח",1.45,ליטר,false,1,19.80,13.66,false,1,
7290108352528,false,תרסיס חיטוי ניקוי חדר אמבטיה  99.9% סנו,החב הדרומית לשיווק,,,"י""ח",7.50,"ל 100 מ""ל",false,1,14.90,1.99,false,1,
7290108352535,false,מקסימה דפי בישום לחים למייבש כביסה,החב הדרומית לשיווק,,,"י""ח",7.50,"ל 100 מ""ל",false,1,12.90,1.72,true,1,
7290108352566,false,מרכך JOY 4 ליטר,החב הדרומית לשיווק,,,"י""ח",4,ליטר,false,1,21.90,5.48,false,1,
7290108352573,false,מרכך כביסה CALM מקסימה  4 ליטר,החב הדרומית לשיווק,,,"י""ח",4,ליטר,false,1,21.90,5.48,false,1,
7290108352597,false,מטליות לחות בדלי 400יח סנו,החב הדרומית לשיווק,,,"י""ח",400,"י""ח",false,1,29.90,0.07,false,1,
7290108352641,false,מטליות הפלא לניקוי כללי 1/3,החב הדרומית לשיווק,,,"י""ח",3,"י""ח",false,1,14.90,4.97,false,1,
7290108352672,false,מטלית הפלא לריצפה 1/2,החב הדרומית לשיווק,,,"י""ח",2,"י""ח",false,1,23.90,11.95,false,1,
7290108352689,false,כריות קרצוף ללכלוך קשה 1/9,החב הדרומית לשיווק,,,"י""ח",1,,false,1,9.50,9.50,false,1,
7290108352696,false,"ניילון נצמד 45ס""מ",החב הדרומית לשיווק,,,"י""ח",1,,false,1,29.90,29.90,false,1,
7290108352702,false,נייר טואלט לח סנו  בוב ספוג שלישייה,החב הדרומית לשיווק,,,"י""ח",3,"י""ח",false,1,16.30,5.43,false,1,
7290108352795,false,שקיות זיפר 50יח במידה M סנו סושי,החב הדרומית לשיווק,,,"י""ח",50,"י""ח",false,1,9.90,0.20,false,1,
7290108352801,false,שקיות אשפה לפח קטן 1/100,החב הדרומית לשיווק,,,"י""ח",100,"י""ח",false,1,18.90,0.19,false,1,
7290108352825,false,ספוג הפלא נירוסטה,החב הדרומית לשיווק,,,"י""ח",1,,false,1,10.90,10.90,false,1,
7290108352849,false,מטליות הפלא לניקוי כללי 1/3 Decor,החב הדרומית לשיווק,,,"י""ח",3,"י""ח",false,1,14.90,4.97,false,1,
7290108352870,false,סנו סושי 10 שקיות צליה XL,החב הדרומית לשיווק,,,"י""ח",10,"י""ח",false,1,7.90,0.79,false,1,
7290108352894,false,מפת שולחן חגיגית XL,החב הדרומית לשיווק,,,"י""ח",1,,false,1,7.90,7.90,true,1,
7290108352900,false,סנו סושי מגבות נייר גליל כפול 6=12,החב הדרומית לשיווק,,,"י""ח",84.64,מטר,false,1,23.90,0.28,true,1,
7290108352924,false,כפפות ניטריל M סנו סושי 80י,החב הדרומית לשיווק,,,"י""ח",80,"י""ח",false,1,29.90,0.37,false,1,
7290108352931,false,כפפות ניטריל L סנו סושי 80י,החב הדרומית לשיווק,,,"י""ח",80,"י""ח",false,1,29.90,0.37,false,1,
7290108353006,false,שקיות אוכל נקשרות 250יח,החב הדרומית לשיווק,,,"י""ח",1,,false,1,11.90,11.90,false,1,
7290108353068,false,סנו סושי כרית קרצוף עם סיבי נירוסטה,החב הדרומית לשיווק,,,"י""ח",1,,false,1,10.90,10.90,false,1,
7290108353075,false,50 מפיות אירוח איכותיות 3שכבות,החב הדרומית לשיווק,,,"י""ח",50,"י""ח",false,1,11.90,0.24,false,1,
7290108353099,false,סנו סופט ממחטות מארז 5*100יח,החב הדרומית לשיווק,,,"י""ח",500,"י""ח",false,1,11.90,0.02,false,1,
7290108353501,false,שקיות אשפה 25יח עם ידיות,החב הדרומית לשיווק,,,"י""ח",1,,false,1,19.90,19.90,false,1,
7290108353518,false,תבניות XL אקסטרה חזקות 2יח,החב הדרומית לשיווק,,,"י""ח",4,"י""ח",false,1,9.90,2.48,false,1,
7290108353525,false,תבניות L אקסטרה חזקות 4יח,החב הדרומית לשיווק,,,"י""ח",4,"י""ח",false,1,11.90,2.98,false,1,
7290108353532,false,שקיות אשפה 100שקיות בגליל סנו סושי,החב הדרומית לשיווק,,,"י""ח",100,"י""ח",false,1,34.90,0.35,false,1,
7290108353648,false,שקיות אוכל מנייר 70יח סנו סושי,החב הדרומית לשיווק,,,"י""ח",70,"י""ח",false,1,12.90,0.18,false,1,
7290108353655,false,50 מפיות אירוח איכותיות 3שכבות,החב הדרומית לשיווק,,,"י""ח",50,"י""ח",false,1,11.90,0.24,false,1,
7290108353679,false,מפות ניילון שקופות 10יח סנו סושי,החב הדרומית לשיווק,,,"י""ח",10,"י""ח",false,1,14.90,1.49,false,1,
7290108353730,false,"קרמה תחליב רחצה חימר אוכמניות 500מ""ל",החב הדרומית לשיווק,,,"י""ח",5,"ל 100 מ""ל",false,1,13.90,2.78,false,1,
7290108353754,false,"קרם גוף קרמה אשכולית ולמון גראס 500 מ""ל",החב הדרומית לשיווק,,,"י""ח",5,"ל 100 מ""ל",false,1,24.90,4.98,false,1,
7290108353778,false,תחליב רחצה  שבדיה בניחוח פיטנגו 750 מ,החב הדרומית לשיווק,,,"י""ח",7.50,"ל 100 מ""ל",false,1,9.90,1.32,false,1,
7290108353785,false,תחליב רחצה מרוקו בניחוח טונקה 750 מ,החב הדרומית לשיווק,,,"י""ח",7.50,"ל 100 מ""ל",false,1,9.90,1.32,false,1,
7290108353792,false,תחליב רחצה  יפן פריחת הדובדבנים 750 מ,החב הדרומית לשיווק,,,"י""ח",7.50,"ל 100 מ""ל",false,1,9.90,1.32,false,1,
7290108353808,false,תחליב רחצה מדגסקר בניחוח אמבר 750 מ,החב הדרומית לשיווק,,,"י""ח",7.50,"ל 100 מ""ל",false,1,9.90,1.32,false,1,
7290108353839,false,כפפות ניטריל Mסנו סושי 80י,החב הדרומית לשיווק,,,"י""ח",80,"י""ח",false,1,29.90,0.37,false,1,
7290108353846,false,כפפות ניטריל Lסנו סושי 80י,החב הדרומית לשיווק,,,"י""ח",80,"י""ח",false,1,29.90,0.37,false,1,
7290108353983,false,"קרם גוף קרמה קלאסי 500 מ""ל.",החב הדרומית לשיווק,,,"י""ח",5,"ל 100 מ""ל",false,1,24.90,4.98,false,1,
7290108353990,false,"קרם גוף קרמה מאסק 500 מ""ל.",החב הדרומית לשיווק,,,"י""ח",5,"ל 100 מ""ל",false,1,24.90,4.98,false,1,
7290108354270,false,מרכך כביסה CALM מקסימה 1 ליטר מרוכז,החב הדרומית לשיווק,,,"י""ח",1,ליטר,false,1,17.90,17.90,false,1,
7290108354430,false,"כיף שמפו שיער לשיקום והזנה 700מ""ל",החב הדרומית לשיווק,,,"י""ח",7,"ל 100 מ""ל",false,1,12.90,1.84,false,1,
7290108354461,false,"קרליין שמפו 10  חימר 700מ""ל",החב הדרומית לשיווק,,,"י""ח",7,"ל 100 מ""ל",false,1,13.90,1.99,false,1,
7290108354478,false,"קרליין מרכך 10  חימר 700מ""ל",החב הדרומית לשיווק,,,"י""ח",7,"ל 100 מ""ל",false,1,13.90,1.99,false,1,
7290108354485,false,"קרליין מרכך 10  שמן ארגן  700מ""ל",החב הדרומית לשיווק,,,"י""ח",7,"ל 100 מ""ל",false,1,13.90,1.99,false,1,
7290108354492,false,"קרליין שמפו 10  שמן ארגן  700מ""ל",החב הדרומית לשיווק,,,"י""ח",7,"ל 100 מ""ל",false,1,13.90,1.99,false,1,
7290108354591,false,"תחליב רחצה נקה 7  ביו 750מ""ל",החב הדרומית לשיווק,,,"י""ח",7.50,"ל 100 מ""ל",false,1,11.90,1.59,false,1,
7290108354607,false,"שמפו נקה 7  ביו 750מ""ל",החב הדרומית לשיווק,,,"י""ח",7.50,"ל 100 מ""ל",false,1,11.90,1.59,false,1,
7290108354614,false,"מרכך נקה 7  ביו 750מ""ל",החב הדרומית לשיווק,,,"י""ח",7.50,"ל 100 מ""ל",false,1,11.90,1.59,false,1,
7290108354720,false,סנו פרש הום מקלות FRESH lady COCO,החב הדרומית לשיווק,,,"י""ח",7.50,"ל 100 מ""ל",false,1,21.90,2.92,false,1,
7290108354751,false,סנו גט תרסיס פלוס לניקוי כללי+סודה,החב הדרומית לשיווק,,,"י""ח",7.50,"ל 100 מ""ל",false,1,15.90,2.12,false,1,
7290108354768,false,"קרם גוף קרמה דבש 500 מ""",החב הדרומית לשיווק,,,"י""ח",5,"ל 100 מ""ל",false,1,24.90,4.98,false,1,
7290108354782,false,"קרם גוף קרמה ג`ינג`ר ולמון גראס 500 מ""",החב הדרומית לשיווק,,,"י""ח",5,"ל 100 מ""ל",false,1,24.90,4.98,false,1,
7290108355000,false,שמפו  מיניונים נקה 7 קידס,החב הדרומית לשיווק,,,"י""ח",7.50,"ל 100 מ""ל",false,1,10.90,1.45,false,1,
7290108355017,false,מרכך  מיניונים נקה 7 קידס,החב הדרומית לשיווק,,,"י""ח",7.50,"ל 100 מ""ל",false,1,10.90,1.45,false,1,
7290108355024,false,שמפו+מרכך  מיניונים נקה 7 קידס,החב הדרומית לשיווק,,,"י""ח",7.50,"ל 100 מ""ל",false,1,10.90,1.45,false,1,
7290108355147,false,"תחליב רחצה נקה7 שמני הזנה 750 מ""ל",החב הדרומית לשיווק,,,"י""ח",7.50,"ל 100 מ""ל",false,1,9.90,1.32,false,1,
7290108355154,false,"שמפו נקה 7 שמני הזנה 750 מ""ל",החב הדרומית לשיווק,,,"י""ח",7.50,"ל 100 מ""ל",false,1,11.90,1.59,false,1,
7290108355161,false,"מרכך נקה 7 שמני הזנה 750מ""ל",החב הדרומית לשיווק,,,"י""ח",7.50,"ל 100 מ""ל",false,1,11.90,1.59,false,1,
7290108355192,false,"מרכך קרטין אינטנס 400מ""ל",החב הדרומית לשיווק,,,"י""ח",7,"ל 100 מ""ל",false,1,29.90,4.27,false,1,
7290108355208,false,"שמפו קרטין אינטנס 400מ""ל",החב הדרומית לשיווק,,,"י""ח",4,"ל 100 מ""ל",false,1,29.90,7.48,false,1,
7290108356106,false,"כיף תחליב רחצה שקד 700מ""ל",החב הדרומית לשיווק,,,"י""ח",7.50,"ל 100 מ""ל",false,1,12.90,1.72,false,1,
7290108356113,false,"כיף תחליב רחצה דבש 700מ""ל",החב הדרומית לשיווק,,,"י""ח",7.50,"ל 100 מ""ל",false,1,12.90,1.72,false,1,
7290108356120,false,"כיף תחליב רחצה קוקוס וניל 700מ""ל",החב הדרומית לשיווק,,,"י""ח",7.50,"ל 100 מ""ל",false,1,12.90,1.72,false,1,
7290108356137,false,"כיף תחליב רחצה לבנדר 700מ""ל",החב הדרומית לשיווק,,,"י""ח",7.50,"ל 100 מ""ל",false,1,12.90,1.72,false,1,
7290108356151,false,"כיף תחליב רחצה מאסק יסמין 700מ""ל",החב הדרומית לשיווק,,,"י""ח",7.50,"ל 100 מ""ל",false,1,12.90,1.72,false,1,
7290108356168,false,"כיף תחליב רחצה אוקיינוס 700מ""ל",החב הדרומית לשיווק,,,"י""ח",7.50,"ל 100 מ""ל",false,1,12.90,1.72,false,1,
7290108356397,false,כיף תחליב רחצה בניחוח מלבי מפנק 700מ,החב הדרומית לשיווק,,,"י""ח",7,"ל 100 מ""ל",false,1,12.90,1.84,false,1,
7290108356403,false,כיף תחליב רחצה בניחוח עוגת חד קרן 700מ,החב הדרומית לשיווק,,,"י""ח",7,"ל 100 מ""ל",false,1,12.90,1.84,false,1,
7290108356410,false,כיף תחליב רחצה בניחוח פנקייק בננה 700מ,החב הדרומית לשיווק,,,"י""ח",7,"ל 100 מ""ל",false,1,12.90,1.84,false,1,
7290108356489,false,"כיף תחליב רחצה אפרבק 700מ""ל",החב הדרומית לשיווק,,,"י""ח",7.50,"ל 100 מ""ל",false,1,12.90,1.72,false,1,
7290108356519,false,קרליין שמפו 10  שיער רגיל 700.,החב הדרומית לשיווק,,,"י""ח",7,"ל 100 מ""ל",false,1,13.90,1.99,false,1,
7290108356526,false,קרליין שמפו 10  שיער יבש 700.,החב הדרומית לשיווק,,,"י""ח",7,"ל 100 מ""ל",false,1,13.90,1.99,false,1,
7290108356533,false,קרליין שמפו 10  שיער מתולתל 700.,החב הדרומית לשיווק,,,"י""ח",7,"ל 100 מ""ל",false,1,13.90,1.99,false,1,
7290108356540,false,קרליין שמפו 10  שיער צבוע 700.,החב הדרומית לשיווק,,,"י""ח",7,"ל 100 מ""ל",false,1,13.90,1.99,false,1,
7290108356557,false,קרליין שמפו 10 למניעת קשקשים 700.,החב הדרומית לשיווק,,,"י""ח",7,"ל 100 מ""ל",false,1,13.90,1.99,false,1,
7290108356564,false,קרליין מרכך 10 לשיער רגיל 700,החב הדרומית לשיווק,,,"י""ח",7,"ל 100 מ""ל",false,1,13.90,1.99,false,1,
7290108356571,false,קרליין מרכך 10 לשיער יבש 700,החב הדרומית לשיווק,,,"י""ח",7,"ל 100 מ""ל",false,1,13.90,1.99,false,1,
7290108356588,false,קרליין מרכך 10 לשיער מתולתל 700,החב הדרומית לשיווק,,,"י""ח",7,"ל 100 מ""ל",false,1,13.90,1.99,false,1,
7290108356717,false,"כיף לגבר ULTRA POWER שמפו גל רחצה 700מ""",החב הדרומית לשיווק,,,"י""ח",7,"ל 100 מ""ל",false,1,12.90,1.84,false,1,
7290108356724,false,"כיף לגבר COOL SPORT שמפו גל רחצה 700מ""ל",החב הדרומית לשיווק,,,"י""ח",7,"ל 100 מ""ל",false,1,12.90,1.84,false,1,
7290108356854,false,בייבי כיף מגבונים 1/5 בניחוח עדין,החב הדרומית לשיווק,,,"י""ח",1,,false,1,19.90,19.90,false,1,
7290108356861,false,בייבי כיף מגבונים 1/5 ללא בישום,החב הדרומית לשיווק,,,"י""ח",1,,false,1,19.90,19.90,false,1,
7290108357004,false,"כיף שמפו ורד ושמן קוקוי 700מ""ל",החב הדרומית לשיווק,,,"י""ח",7,"ל 100 מ""ל",false,1,12.90,1.84,false,1,
7290108357028,false,"כיף תחליב רחצה ורד ושמן קוקוי 700מ""ל",החב הדרומית לשיווק,,,"י""ח",7,"ל 100 מ""ל",false,1,12.90,1.84,false,1,
7290108357189,false,תרסיס מקסימה למייבש כביסה,החב הדרומית לשיווק,,,"י""ח",7.50,"ל 100 מ""ל",false,1,17.90,2.39,true,1,
7290108357196,false,סנו גט תרסיס  פלוס לניקוי כללי+תמצית עץ,החב הדרומית לשיווק,,,"י""ח",7.50,"ל 100 מ""ל",false,1,15.90,2.12,false,1,
7290108357202,false,סנו קליר אקדח בניחוח בלו בלוסום 1ליטר,החב הדרומית לשיווק,,,"י""ח",1,ליטר,false,1,9.90,9.90,false,1,
7290108357240,false,"סנו אוקסיג ן POWER אבקה 1.4ק""ג",החב הדרומית לשיווק,,,"י""ח",1.40,"ק""ג",false,1,31.90,22.79,false,1,
7290108357264,false,"פרש אוטומטיק בניחוח אולטרה פרש 250מ""ל",החב הדרומית לשיווק,,,"י""ח",1.65,ל 100 גרם,false,1,12.90,7.82,false,1,
7290108357271,false,"סנובון נוזלי בניחוח לוטוס וסחלב 750 מ""",החב הדרומית לשיווק,,,"י""ח",7.50,"ל 100 מ""ל",false,1,10.90,1.45,false,1,
7290108357288,false,"סנו אקונומיקה ז""אוול 4 ליטר בניחוח פרי",החב הדרומית לשיווק,,,"י""ח",4,ליטר,false,1,16.90,4.23,false,1,
7290108357295,false,סנו אוקסיגאן מסיר בתרסיס מרסס,החב הדרומית לשיווק,,,"י""ח",7.50,"ל 100 מ""ל",false,1,17.70,2.36,false,1,
7290108357301,false,K-300 סנו 300מל,החב הדרומית לשיווק,,,"י""ח",3,"ל 100 מ""ל",false,1,10.90,3.63,false,1,
7290108357318,false,אוקסיגן 540ג אבקה להסרת כתמים,החב הדרומית לשיווק,,,"י""ח",5.40,ל 100 גרם,false,1,16.90,3.13,false,1,
7290108357325,false,אוקסיגן 540ג אבקה להסרת כתמים,החב הדרומית לשיווק,,,"י""ח",5.40,ל 100 גרם,false,1,16.90,3.13,false,1,
7290108357400,false,תחליב רחצה לבנדר ואקליפטוס קרמה 700,החב הדרומית לשיווק,,,"י""ח",7,ל 100 גרם,false,1,16.90,2.41,false,1,
7290108357417,false,"קרם גוף קרמה ורד ווניל 500 מ""",החב הדרומית לשיווק,,,"י""ח",5,"ל 100 מ""ל",false,1,24.90,4.98,false,1,
7290108357424,false,"קרם גוף קרמה נרולי ומגנוליה 500 מ""",החב הדרומית לשיווק,,,"י""ח",5,"ל 100 מ""ל",false,1,24.90,4.98,false,1,
7290108357431,false,"קרם גוף קרמה בריזת ים 500 מ""ל",החב הדרומית לשיווק,,,"י""ח",5,"ל 100 מ""ל",false,1,24.90,4.98,false,1,
7290108357448,false,"קרם גוף קרמה לבנדר ואקליפטוס 500 מ""",החב הדרומית לשיווק,,,"י""ח",5,"ל 100 מ""ל",false,1,24.90,4.98,false,1,
7290108357493,false,"תחליב רחצה וניל ופלפל ורוד קרמה 700מ""ל",החב הדרומית לשיווק,,,"י""ח",7,ל 100 גרם,false,1,16.90,2.41,false,1,
7290108357509,false,"קרם גוף קרמה וניל ופלפל ורוד 500 מ""ל",החב הדרומית לשיווק,,,"י""ח",5,"ל 100 מ""ל",false,1,24.90,4.98,false,1,
7290108357707,false,"כיף שמפו שיער רגיל תפוח ציה 700מ""ל",החב הדרומית לשיווק,,,"י""ח",7,"ל 100 מ""ל",false,1,12.90,1.84,false,1,
7290108357714,false,"כיף שמפו ש. יבש רימון שמן ארגן 700מ""ל",החב הדרומית לשיווק,,,"י""ח",7,"ל 100 מ""ל",false,1,12.90,1.84,false,1,
7290108357769,false,"כיף מרכך שיער רגיל תפוח ציה 700מ""ל",החב הדרומית לשיווק,,,"י""ח",7,"ל 100 מ""ל",false,1,12.90,1.84,false,1,
7290108357776,false,"כיף מרכך ש. יבש רימון שמן ארגן 700מ""ל",החב הדרומית לשיווק,,,"י""ח",7,"ל 100 מ""ל",false,1,12.90,1.84,false,1,
7290108357837,false,כיף אל סבון שקית מילוי+פקק  1ל,החב הדרומית לשיווק,,,"י""ח",1,ליטר,false,1,8.90,8.90,false,1,
7290108357844,false,כיף אל סבון שקית מילוי+פקק  1ל,החב הדרומית לשיווק,,,"י""ח",1,ליטר,false,1,8.90,8.90,false,1,
7290108357882,false,"כיף מרכך לחות מוגברת עם אפרסק 700מ""ל",החב הדרומית לשיווק,,,"י""ח",7,"ל 100 מ""ל",false,1,12.90,1.84,false,1,
7290108358124,false,מקסימה דפי בישום לחים למייבש כביסה,החב הדרומית לשיווק,,,"י""ח",7.50,"ל 100 מ""ל",false,1,12.90,1.72,true,1,
7290108359008,false,סנו סושי שקיות זיפר 15יח L,החב הדרומית לשיווק,,,"י""ח",1,,false,1,14.90,14.90,false,1,
7290108359039,false,שקיות אשפה 30יח עם ידיות לפחים,החב הדרומית לשיווק,,,"י""ח",30,"י""ח",false,1,19.90,0.66,false,1,
7290108359046,false,שקיות אשפה חזקות EXTRA סנו סושי,החב הדרומית לשיווק,,,"י""ח",20,"י""ח",false,1,24.90,1.25,false,1,
7290108359060,false,כריות הפלא סנו סושי 4 יחידות,החב הדרומית לשיווק,,,"י""ח",1,,false,1,9.90,9.90,false,1,
7290108359114,false,חמגשית אלומיניום עם מכסה,החב הדרומית לשיווק,,,"י""ח",10,"י""ח",false,1,11.90,1.19,false,1,
7290108359190,false,סנו סושי מגבות נייר גליל כפול 4=12,החב הדרומית לשיווק,,,"י""ח",126.96,מטר,false,1,24.90,0.20,false,1,
7290108359824,false,"בייבי כיף קרם גוף 500מ""ל",החב הדרומית לשיווק,,,"י""ח",5,"ל 100 מ""ל",false,1,19.90,3.98,false,1,
7290108359855,false,"בייבי כיף שמפו אלדמע 750מ""ל",החב הדרומית לשיווק,,,"י""ח",7.50,"ל 100 מ""ל",false,1,13.90,1.85,false,1,
7290108359893,false,"בייבי כיף תחליב רחצה 750מ""ל",החב הדרומית לשיווק,,,"י""ח",7.50,"ל 100 מ""ל",false,1,13.90,1.85,false,1,
7290108359985,false,סנו ג`אבל קצף ניקוי בתוספת אקונומיקה,החב הדרומית לשיווק,,,"י""ח",1,ליטר,false,1,18.90,18.90,false,1,
7290108500677,false,כבד דג שיבוט  115גר`,ג.וילי פוד אינטרנשיונל בעמ,,,"י""ח",1.15,ל 100 גרם,false,1,7.90,6.87,true,1,
7290108501346,false,גבינת גאודה מגורדת 500ג 28% ויליפוד,ג.וילי פוד אינטרנשיונל בעמ,,,"י""ח",5,ל 100 גרם,false,1,24.90,4.98,false,1,
7290108501964,false,חטיף שקדים וצימוקים happy nuts,ג.וילי פוד אינטרנשיונל בעמ,,,"י""ח",1,ל 100 גרם,false,1,10,10,true,1,
7290108501988,false,חטיף שקדים וחמוציות happy nuts,ג.וילי פוד אינטרנשיונל בעמ,,,"י""ח",1,ל 100 גרם,false,1,10,10,true,1,
7290108502305,false,גרנה פדנו  גבינת משולש 150ג,ג.וילי פוד אינטרנשיונל בעמ,,,"י""ח",1.50,ל 100 גרם,false,1,16.90,11.27,false,1,
7290108502329,false,נתחי טונה  בשמן זית 160גר *4,ג.וילי פוד אינטרנשיונל בעמ,,,"י""ח",6.40,ל 100 גרם,false,1,26.90,4.20,false,1,
7290108502527,false,קרקרים 500ג מליחות מעודנת,ג.וילי פוד אינטרנשיונל בעמ,,,"י""ח",5,ל 100 גרם,false,1,11.90,2.38,false,1,
7290108502725,false,גבינת גאודה פרוסות 400ג ויליפוד,ג.וילי פוד אינטרנשיונל בעמ,,,"י""ח",1.20,ל 100 גרם,false,1,20.90,17.42,false,1,
7290108502862,false,מלפפונים כבושים במלח 18-25 600ג,ג.וילי פוד אינטרנשיונל בעמ,,,"י""ח",6,ל 100 גרם,false,1,8.90,1.48,false,1,
7290108503043,false,מארז תפוחונים 1/4,ג.וילי פוד אינטרנשיונל בעמ,,,"י""ח",4,"י""ח",false,1,14.90,3.73,false,1,
7290108503067,false,פרמזנו משולש 150ג ויליפוד,ג.וילי פוד אינטרנשיונל בעמ,,,"י""ח",1.50,ל 100 גרם,false,1,17.90,11.93,false,1,
7290108503647,false,"אורז  בסמטי 1ק""ג מהדרין DAAWAT",ג.וילי פוד אינטרנשיונל בעמ,,,"י""ח",1,"ק""ג",false,1,12.90,12.90,true,1,
7290108503982,false,פרוסות גבינה בטעם צ`דר 150ג,ג.וילי פוד אינטרנשיונל בעמ,,,"י""ח",1.50,ל 100 גרם,false,1,8.90,5.93,true,1,
7290108503999,false,פרוסות גבינה בטעם גאודה 150ג,ג.וילי פוד אינטרנשיונל בעמ,,,"י""ח",1.50,ל 100 גרם,false,1,8.90,5.93,true,1,
7290108504279,false,קשקבל צ`אנק 150 גרם,ג.וילי פוד אינטרנשיונל בעמ,,,"י""ח",1.50,ל 100 גרם,false,1,14.90,9.93,true,1,
7290108504293,false,מנצ`גו צ`אנק  150 גרם ויליפוד,ג.וילי פוד אינטרנשיונל בעמ,,,"י""ח",1.50,ל 100 גרם,false,1,14.90,9.93,true,1,
7290108504934,false,"דפי אורז למילוי 22ס""מ 300גר",ג.וילי פוד אינטרנשיונל בעמ,,,"י""ח",3,ל 100 גרם,false,1,9.90,3.30,true,1,
7290108505153,false,יוגורט טעם טבעי 150גר 10% שומן,ג.וילי פוד אינטרנשיונל בעמ,,,"י""ח",1.50,ל 100 גרם,false,1,4.90,3.27,true,1,
7290108505160,false,יוגורט עם אגסים 150גר 4% שומן,ג.וילי פוד אינטרנשיונל בעמ,,,"י""ח",1.50,ל 100 גרם,false,1,4.90,3.27,true,1,
7290108505177,false,יוגורט עם אננס 150גר 0% שומן,ג.וילי פוד אינטרנשיונל בעמ,,,"י""ח",1.50,ל 100 גרם,false,1,5.80,3.87,true,1,
7290108505184,false,יוגורט עם קוקוס 150גר 5% שומן,ג.וילי פוד אינטרנשיונל בעמ,,,"י""ח",1.50,ל 100 גרם,false,1,4.90,3.27,true,1,
7290108505191,false,יוגורט עם פצפוצי שוקולד 150גר 5% שומן,ג.וילי פוד אינטרנשיונל בעמ,,,"י""ח",1.50,ל 100 גרם,false,1,4.90,3.27,true,1,
7290108505207,false,יוגורט עם אוכמניות 150גר 0% שומן,ג.וילי פוד אינטרנשיונל בעמ,,,"י""ח",1.50,ל 100 גרם,false,1,4.90,3.27,true,1,
7290108505214,false,יוגורט עם אפרסק 150גר 0% שומן,ג.וילי פוד אינטרנשיונל בעמ,,,"י""ח",1.50,ל 100 גרם,false,1,5.60,3.73,true,1,
7290108505719,false,גבינת מוצרלה מגורדת חצי קשה 200ג,ג.וילי פוד אינטרנשיונל בעמ,,,"י""ח",2,ל 100 גרם,false,1,13.90,6.95,false,1,
7290108506426,false,סימיט- בייגלה 400 גרם קפוא,ג.וילי פוד אינטרנשיונל בעמ,,,"י""ח",4,ל 100 גרם,false,1,11.90,2.98,true,1,
7290108506495,false,כנאפה קפוא 192.5 גרם קפוא,ג.וילי פוד אינטרנשיונל בעמ,,,"י""ח",1.92,ל 100 גרם,false,1,8.90,4.64,true,1,
7290108506532,false,גליליות וופל במילוי אגוזי לוז   400ג,ג.וילי פוד אינטרנשיונל בעמ,,,"י""ח",4,ל 100 גרם,false,1,13.90,3.48,false,1,
7290108506549,false,גליליות וופל במילוי וניל 400ג,ג.וילי פוד אינטרנשיונל בעמ,,,"י""ח",4,ל 100 גרם,false,1,13.90,3.48,false,1,
7290108506624,false,עיזים צ`אנק 150 גרם,ג.וילי פוד אינטרנשיונל בעמ,,,"י""ח",0.15,ל 100 גרם,false,1,14.90,99.33,true,1,
7290108506709,false,גבינת פרמג`אנו רגיאנו משולש 150ג,ג.וילי פוד אינטרנשיונל בעמ,,,"י""ח",1.50,ל 100 גרם,false,1,17.90,11.93,false,1,
7290108507065,false,גבינת פרמגיאנו מגורדת 100ג,ג.וילי פוד אינטרנשיונל בעמ,,,"י""ח",1,ל 100 גרם,false,1,12.90,12.90,false,1,
7290108507188,false,כנאפה קפוא אריזה משפחתית657.50 גרם,ג.וילי פוד אינטרנשיונל בעמ,,,"י""ח",6.57,ל 100 גרם,false,1,24.90,3.79,true,1,
7290108507652,false,ביסקוויט פריך בשוקולד לבן 100ג,ג.וילי פוד אינטרנשיונל בעמ,,,"י""ח",1,ל 100 גרם,false,1,6.90,6.90,true,1,
7290108508451,false,"משקה יוגורט טבעי 200מ""ל 3.2%",ג.וילי פוד אינטרנשיונל בעמ,,,"י""ח",2.93,ל 100 גרם,false,1,4.90,1.67,true,1,
7290108508499,false,"איירן משקה יוגורט טורקי 293מ""ל",ג.וילי פוד אינטרנשיונל בעמ,,,"י""ח",2.93,ל 100 גרם,false,1,5.90,2.01,true,1,
7290108508703,false,טורטיה ללא גלוטן 270גר,ג.וילי פוד אינטרנשיונל בעמ,,,"י""ח",2.70,ל 100 גרם,false,1,8.90,3.30,true,1,
7290108509113,false,גבינה בולגרית מעודנת 250גר 18% שומן`,ג.וילי פוד אינטרנשיונל בעמ,,,"י""ח",2.50,ל 100 גרם,false,1,13.90,5.56,true,1,
7290108509199,false,גבינה פטה 500גר 17% שומן,ג.וילי פוד אינטרנשיונל בעמ,,,"י""ח",5,ל 100 גרם,false,1,20,4,true,1,
7290108509205,false,חטיף אורז אפוי טבעי לתינוק 50ג,ג.וילי פוד אינטרנשיונל בעמ,,,"י""ח",0.50,ל 100 גרם,false,1,11.90,23.80,false,1,
7290108509250,false,אנטיפסטי ארטישוק עגבניות מיובשות וצלפי,ג.וילי פוד אינטרנשיונל בעמ,,,"י""ח",1,,false,1,22.90,22.90,true,1,
7290108509267,false,ארוחת פסטה עם רוטב גבינה 206גר,ג.וילי פוד אינטרנשיונל בעמ,,,"י""ח",2.06,ל 100 גרם,false,1,7.90,3.83,true,1,
7290108509359,false,פופקורן בציפוי בטעם קרמל 90גר,ג.וילי פוד אינטרנשיונל בעמ,,,"י""ח",0.90,ל 100 גרם,false,1,6.90,7.67,true,1,
7290108509700,false,"אורז בסגנון פרסי 1ק""ג DAAWAT",ג.וילי פוד אינטרנשיונל בעמ,,,"י""ח",1,"ק""ג",false,1,9.90,9.90,false,1,
7290108509908,false,מנת השף אטריות טעם ירקות 85ג,ג.וילי פוד אינטרנשיונל בעמ,,,"י""ח",0.85,ל 100 גרם,false,1,3.90,4.59,true,1,
7290108509915,false,מנת השף אטריות טעם סיני פיקנטי 85ג,ג.וילי פוד אינטרנשיונל בעמ,,,"י""ח",0.85,ל 100 גרם,false,1,3.90,4.59,true,1,
7290108509922,false,מנת השף אטריות טעם עוף 85ג,ג.וילי פוד אינטרנשיונל בעמ,,,"י""ח",0.85,ל 100 גרם,false,1,3.90,4.59,true,1,
7290108509939,false,פרוסות פילה טונה 120גר,ג.וילי פוד אינטרנשיונל בעמ,,,"י""ח",1.20,ל 100 גרם,false,1,10,8.33,true,1,
7290108509946,false,טורטיה 250ג,ג.וילי פוד אינטרנשיונל בעמ,,,"י""ח",2.50,ל 100 גרם,false,1,4.90,1.96,false,1,
7290109135106,false,"מגרדת עומדת עומדת 23ס""מ","סולתם - רדד (כלי בית) בע""מ",,,"י""ח",1,,false,1,21.90,21.90,false,1,
7290109136714,false,"מטרפה נירוסטה 30.5ס""מ","סולתם - רדד (כלי בית) בע""מ",,,"י""ח",1,,false,1,19.90,19.90,false,1,
7290109351025,false,חומוס טחינה 400ג צבר,קבוצת אוסם סחר-שות.מוגבלת,,,"י""ח",4,ל 100 גרם,false,1,14.80,3.70,true,1,
7290109351957,false,פיטנס פריכיות גדולות 100גר,קבוצת אוסם סחר-שות.מוגבלת,,,"י""ח",1,ל 100 גרם,false,1,8.70,8.70,false,1,
7290109351971,false,פיטנס בר פריכיות שוקולד חלב 84גר,קבוצת אוסם סחר-שות.מוגבלת,,,"י""ח",0.84,ל 100 גרם,false,1,14.90,17.74,true,1,
7290109352916,false,פיטנס בר פריכיות שוקולד לבן 84גר,קבוצת אוסם סחר-שות.מוגבלת,,,"י""ח",0.84,ל 100 גרם,false,1,14.90,17.74,true,1,
7290109354101,false,לחמית ללא גלוטן 200גר,קבוצת אוסם סחר-שות.מוגבלת,,,"י""ח",2,ל 100 גרם,false,1,8.90,4.45,true,1,
7290109354972,false,פתי בר קלאסי ללא גלוטן 200גר,קבוצת אוסם סחר-שות.מוגבלת,,,"י""ח",2,ל 100 גרם,false,1,11.90,5.95,true,1,
7290109354996,false,פתי בר שוקו  ללא גלוטן 200גר,קבוצת אוסם סחר-שות.מוגבלת,,,"י""ח",2,ל 100 גרם,false,1,11.90,5.95,true,1,
7290109358284,false,שניצל תירס עם חלבון  664 גרם,קבוצת אוסם סחר-שות.מוגבלת,,,"י""ח",6.64,ל 100 גרם,false,1,37.90,5.71,true,1,
7290109358482,false,קרמוגית במילוי חלווה 200גר,קבוצת אוסם סחר-שות.מוגבלת,,,"י""ח",2,ל 100 גרם,false,1,9.90,4.95,true,1,
7290109358567,false,ספגטי פלוס 400גר,קבוצת אוסם סחר-שות.מוגבלת,,,"י""ח",5,ל 100 גרם,false,1,6.20,1.24,true,1,
7290109358765,false,קראנץ רולס נוגט 500גר`,קבוצת אוסם סחר-שות.מוגבלת,,,"י""ח",5,ל 100 גרם,false,1,19.90,3.98,true,1,
7290109580043,false,"שניצל תירס 1.75ק""ג בד""ץ",זוגלובק שיווק בעמ,,,"י""ח",1.75,"ק""ג",false,1,49.90,28.51,false,1,
7290109580050,false,נקניקיות צ`וריסוס 226גר Wonders,*347240,,,"י""ח",2.26,ל 100 גרם,false,1,29.90,13.23,true,1,
7290109580067,false,טחון 340גר Wonders,*347240,,,"י""ח",3.40,ל 100 גרם,false,1,29.90,8.79,true,1,
7290109580104,false,רוסטביף 150ג פרימיום.,זוגלובק שיווק בעמ,,,"י""ח",1.50,ל 100 גרם,false,1,22.90,15.27,false,1,
7290109580111,false,צלעות אסאדו פרימיום   120גר`,זוגלובק שיווק בעמ,,,"י""ח",1.20,ל 100 גרם,false,1,22.90,19.08,false,1,
7290109580135,false,קורנדביף 180 גרם פרימיום.,זוגלובק שיווק בעמ,,,"י""ח",1.80,ל 100 גרם,false,1,22.90,12.72,false,1,
7290109580142,false,"נקניקיות מן הצומח 1.75 ק""ג בד""ץ",זוגלובק שיווק בעמ,,,"י""ח",1.75,"ק""ג",false,1,49.90,28.51,false,1,
7290109580166,false,סרוולד קלאסי 150ג פרימיום.,זוגלובק שיווק בעמ,,,"י""ח",1.50,ל 100 גרם,false,1,22.90,15.27,false,1,
7290109580272,false,סרוולד איטלקי פרמיום 150ג,זוגלובק שיווק בעמ,,,"י""ח",1.50,ל 100 גרם,false,1,22.90,15.27,false,1,
7290109580302,false,מארז תה מעושן 350גר+ח.עוף 350גר בית יו.,זוגלובק שיווק בעמ,,,"י""ח",7,ל 100 גרם,false,1,31.90,4.56,false,1,
7290109580319,false,בורגר 280גר WONDERS,*347240,,,"י""ח",2.80,ל 100 גרם,false,1,29.90,10.68,true,1,
7290109580326,false,נקניקיות עוף 800גר בית יוסף זוגלובק.,זוגלובק שיווק בעמ,,,"י""ח",8,ל 100 גרם,false,1,24.90,3.11,false,1,
7290109580357,false,מארז חרמון 300גר+חרמון ברביקיו 300גר .,זוגלובק שיווק בעמ,,,"י""ח",6,ל 100 גרם,false,1,35.90,5.98,false,1,
7290109580432,false,פסטרמה חזה הודו מעושן 120 גר`דק דק,זוגלובק שיווק בעמ,,,"י""ח",1.20,ל 100 גרם,false,1,13.90,11.58,true,1,
7290109580449,false,סלמי בטעם כמהין פרימיום 180 גרם.,זוגלובק שיווק בעמ,,,"י""ח",1.80,ל 100 גרם,false,1,24.90,13.83,false,1,
7290109580463,false,נאגטס פיקנטי 500ג,זוגלובק שיווק בעמ,,,"י""ח",0.50,"ק""ג",false,1,22.90,45.80,false,1,
7290109580470,false,"נאגטס מן הצומח 1ק""ג",זוגלובק שיווק בעמ,,,"י""ח",1,"ק""ג",false,1,37.90,37.90,false,1,
7290109580487,false,"חטיפי תירס 1ק""ג",זוגלובק שיווק בעמ,,,"י""ח",1,"ק""ג",false,1,37.90,37.90,false,1,
7290109920313,false,אסטוניש מרסס מבריק שמשות,"יעקב יעקבי ובניו בע""מ",,,"י""ח",7.50,"ל 100 מ""ל",false,1,11.90,1.59,true,1,
7290109920597,false,אסטוניש מרסס למקלחון,"יעקב יעקבי ובניו בע""מ",,,"י""ח",7.50,"ל 100 מ""ל",false,1,11.90,1.59,true,1,
7290109920603,false,"אסטוניש  קרם מטבח 500 מ""ל יעקבי","יעקב יעקבי ובניו בע""מ",,,"י""ח",5,"ל 100 מ""ל",false,1,9.90,1.98,false,1,
7290109920627,false,אסטוניש  קרם אמבט 550+ניקוי אקונומיק 5.,"יעקב יעקבי ובניו בע""מ",,,"י""ח",5,"ל 100 מ""ל",false,1,10.90,2.18,false,1,
7290109920665,false,אסטוניש מרסס מסיר אוכל שרוף במטבח,"יעקב יעקבי ובניו בע""מ",,,"י""ח",7.50,"ל 100 מ""ל",false,1,11.90,1.59,true,1,
7290109920849,false,אסטוניש מרסס תפוז לניקוי רב תכליתי,"יעקב יעקבי ובניו בע""מ",,,"י""ח",7.50,"ל 100 מ""ל",false,1,11.90,1.59,true,1,
7290109920917,false,"ג ל לאסלה עם כלור 750מ""ל.","יעקב יעקבי ובניו בע""מ",,,"י""ח",7.50,"ל 100 מ""ל",false,1,8.90,1.19,true,1,
7290109921334,false,אידאל קולור פרוטקט 15 דפי בד לכביסה.,"יעקב יעקבי ובניו בע""מ",,,"י""ח",1,,false,1,11.90,11.90,false,1,
7290109921952,false,הפי ג`ל כביסה Supero active,"יעקב יעקבי ובניו בע""מ",,,"י""ח",3,ליטר,false,1,24.90,8.30,false,1,
7290109921976,false,הפי ג`ל כביסה Supero baby,"יעקב יעקבי ובניו בע""מ",,,"י""ח",3,ליטר,false,1,24.90,8.30,false,1,
7290109923024,false,"אסטוניש מרסס פרמיום למטבח 750מ""ל","יעקב יעקבי ובניו בע""מ",,,"י""ח",7.50,"ל 100 מ""ל",false,1,14.90,1.99,false,1,
7290109923031,false,"אסטוניש מרסס פרמיום למקלחון 750מ""ל","יעקב יעקבי ובניו בע""מ",,,"י""ח",7.50,"ל 100 מ""ל",false,1,14.90,1.99,false,1,
7290109923048,false,"אסטוניש מרסס פרמיום לכל בית 750מ""ל","יעקב יעקבי ובניו בע""מ",,,"י""ח",7.50,"ל 100 מ""ל",false,1,14.90,1.99,false,1,
7290109923093,false,"אסטוניש לחיץ כירים זכוכית קרמית 500מ""","יעקב יעקבי ובניו בע""מ",,,"י""ח",5,"ל 100 מ""ל",false,1,12.90,2.58,true,1,
7290109923147,false,אסטוניש מהדורה פרימיום פלא,"יעקב יעקבי ובניו בע""מ",,,"י""ח",5,"ל 100 מ""ל",false,1,14.90,2.98,false,1,
7290110110369,false,"קרלסברג Luma שישיות} 330מ""ל",חברה המרכזית להפצת משקאות בעמ,,,"י""ח",1.98,ליטר,false,1,39.90,19.24,true,1,
7290110110574,false,פחית קוקה קולה זירו לימון סליק,חברה המרכזית להפצת משקאות בעמ,,,"י""ח",3.30,"ל 100 מ""ל",false,1,4.50,1.27,true,1,
7290110110659,false,"פחית ספרייט 330מ""ל",חברה המרכזית להפצת משקאות בעמ,,,"י""ח",3.30,"ל 100 מ""ל",false,1,4.50,1.27,true,1,
7290110111557,false,"פאוורייד מאונטן בטעם פירות 500מ""ל פח",חברה המרכזית להפצת משקאות בעמ,,,"י""ח",5,"ל 100 מ""ל",false,1,9.90,1.92,true,1,
7290110111564,false,"פאוורייד סיטרוס בטעם הדרים 500מ""ל פח",חברה המרכזית להפצת משקאות בעמ,,,"י""ח",5,"ל 100 מ""ל",false,1,9.90,1.92,true,1,
7290110113377,false,קוקה קולה 1ליטר רביעייה,חברה המרכזית להפצת משקאות בעמ,,,"י""ח",4,ליטר,false,1,29.90,7.18,false,1,
7290110113384,false,קוקה קולה זירו  1ליטר רביעייה,חברה המרכזית להפצת משקאות בעמ,,,"י""ח",4,ליטר,false,1,29.90,7.18,false,1,
7290110114787,false,נביעות בטעם תפוח עדין 1.5ליטר,חברה המרכזית להפצת משקאות בעמ,,,"י""ח",1.50,ליטר,false,1,8.90,5.73,false,1,
7290110114794,false,נביעות בטעם אפרסק עדין 1.5ליטר,חברה המרכזית להפצת משקאות בעמ,,,"י""ח",1.50,ליטר,false,1,8.90,5.73,false,1,
7290110114800,false,נביעות בטעם ענבים עדין 1.5ליטר,חברה המרכזית להפצת משקאות בעמ,,,"י""ח",1.50,ליטר,false,1,8.90,5.73,false,1,
7290110114855,false,~נביעות 1.5 ליטר שישיה,חברה המרכזית להפצת משקאות בעמ,,,"י""ח",9,ליטר,false,1,13,1.24,false,1,
7290110114893,false,פריגת מיץ סחוט תפוז 2 ליטר,*החברה המרכזית להפצת משקאותבעמ,,,"י""ח",2,ליטר,false,1,27.90,13.80,false,1,
7290110114954,false,מיץ תפוזים מתקתק 100% 2ל.,*החברה המרכזית להפצת משקאותבעמ,,,"י""ח",2,ליטר,false,1,20.90,10.30,false,1,
7290110114961,false,פריגת תפוזים 1.5 ליטר,חברה המרכזית להפצת משקאות בעמ,,,"י""ח",1.50,ליטר,false,1,9,5.80,false,1,
7290110114985,false,פריגת אשכולית 1.5 ליטר,חברה המרכזית להפצת משקאות בעמ,,,"י""ח",1.50,ליטר,false,1,9,5.80,false,1,
7290110114992,false,פריגת אשכולית לייט 1.5 ליטר,חברה המרכזית להפצת משקאות בעמ,,,"י""ח",1.50,ליטר,false,1,8.50,5.47,false,1,
7290110115005,false,פריגת ענבים 1.5 ליטר,חברה המרכזית להפצת משקאות בעמ,,,"י""ח",1.50,ליטר,false,1,9,5.80,false,1,
7290110115036,false,פריגת מנגו 1.5 ליטר,חברה המרכזית להפצת משקאות בעמ,,,"י""ח",1.50,ליטר,false,1,9,5.80,false,1,
7290110115043,false,פריגת לימונענע 1.5 ליטר,חברה המרכזית להפצת משקאות בעמ,,,"י""ח",1.50,ליטר,false,1,9,5.80,false,1,
7290110115050,false,פריגת מיקס תות בננה 1.5 ליטר,חברה המרכזית להפצת משקאות בעמ,,,"י""ח",1.50,ליטר,false,1,9,5.80,false,1,
7290110115081,false,פריגת צלול ענבים 1.5 ל,חברה המרכזית להפצת משקאות בעמ,,,"י""ח",1.50,ליטר,false,1,8.60,5.53,false,1,
7290110115104,false,פריגת צלול אפרסק 1.5 ל,חברה המרכזית להפצת משקאות בעמ,,,"י""ח",1.50,ליטר,false,1,8.60,5.53,false,1,
7290110115128,false,פריגת צלול בטעם לימונענע 1.5 ל,חברה המרכזית להפצת משקאות בעמ,,,"י""ח",1.50,ליטר,false,1,8.60,5.53,false,1,
7290110115203,false,קוקה קולה 1.5 ליטר,חברה המרכזית להפצת משקאות בעמ,,,"י""ח",1.50,"ל 100 מ""ל",false,1,8.90,5.73,false,1,
7290110115210,false,דיאט קוקה קולה 1.5 ליטר,חברה המרכזית להפצת משקאות בעמ,,,"י""ח",1.50,ליטר,false,1,8.30,5.33,false,1,
7290110115227,false,קוקה קולה ZERO 1.5 ל,חברה המרכזית להפצת משקאות בעמ,,,"י""ח",1.50,ליטר,false,1,8.80,5.67,false,1,
7290110115234,false,קוקה קולה ZERO נטול1.5ליטר,חברה המרכזית להפצת משקאות בעמ,,,"י""ח",1.50,ליטר,false,1,8.30,5.33,false,1,
7290110115241,false,קוקה קולה ZERO 1.5 ל לימון,חברה המרכזית להפצת משקאות בעמ,,,"י""ח",1.50,ליטר,false,1,8.60,5.53,false,1,
7290110115265,false,ספרייט 1.5ליטר,חברה המרכזית להפצת משקאות בעמ,,,"י""ח",1.50,ליטר,false,1,9,5.80,true,1,
7290110115272,false,ספרייט ZERO בק 1.5ליטר,חברה המרכזית להפצת משקאות בעמ,,,"י""ח",1.50,ליטר,false,1,9,5.80,true,1,
7290110115289,false,ספרייט לימון נענע  1.5ל.,חברה המרכזית להפצת משקאות בעמ,,,"י""ח",1.50,ליטר,false,1,9,5.80,true,1,
7290110115296,false,פאנטה 1.5 ליטר(אורנג  ),חברה המרכזית להפצת משקאות בעמ,,,"י""ח",1.50,ליטר,false,1,8.50,5.47,true,1,
7290110115302,false,פאנטה ZERO  אורנג` 1.5 ליטר,חברה המרכזית להפצת משקאות בעמ,,,"י""ח",1.50,ליטר,false,1,8.30,5.33,true,1,
7290110115319,false,פאנטה אקזוטי 1.5 ליטר,חברה המרכזית להפצת משקאות בעמ,,,"י""ח",1.50,ליטר,false,1,8.50,5.47,true,1,
7290110115326,false,פאנטה אורנג  מנגו 1.5 ל,חברה המרכזית להפצת משקאות בעמ,,,"י""ח",1.50,ליטר,false,1,8.50,5.47,true,1,
7290110115333,false,פאנטה תות 1.5 ל.,חברה המרכזית להפצת משקאות בעמ,,,"י""ח",1.50,ליטר,false,1,8.50,5.47,true,1,
7290110115340,false,פאנטה ענבים 1.5ל,חברה המרכזית להפצת משקאות בעמ,,,"י""ח",1.50,ליטר,false,1,8.50,5.47,true,1,
7290110115357,false,סודה קינלי 1.5 ליטר,חברה המרכזית להפצת משקאות בעמ,,,"י""ח",1.50,ליטר,false,1,3.30,2,false,1,
7290110115364,false,קוקה קולה שישיות 1.5 ליטר.,חברה המרכזית להפצת משקאות בעמ,,,"י""ח",9,ליטר,false,1,49.90,5.34,false,1,
7290110115371,false,קוקה קולה דיאט שישיות 1.5 ליטר.,חברה המרכזית להפצת משקאות בעמ,,,"י""ח",9,ליטר,false,1,46.70,4.99,false,1,
7290110115388,false,ספרייט שישיות ליים 1.5 ליטר,חברה המרכזית להפצת משקאות בעמ,,,"י""ח",9,ליטר,false,1,49.90,5.34,false,1,
7290110115395,false,ספרייט ZERO שישיות 1.5 ליטר,חברה המרכזית להפצת משקאות בעמ,,,"י""ח",9,ליטר,false,1,46.90,5.01,false,1,
7290110115401,false,קינלי סודה שישיה 1.5ל,חברה המרכזית להפצת משקאות בעמ,,,"י""ח",9,ליטר,false,1,16.90,1.68,false,1,
7290110115418,false,קוקה קולה ZIRO 1.5 ל שישייה,חברה המרכזית להפצת משקאות בעמ,,,"י""ח",9,ליטר,false,1,48.90,5.23,false,1,
7290110115425,false,תה לימון נענע  1.5 FUZE-T,חברה המרכזית להפצת משקאות בעמ,,,"י""ח",1.50,ליטר,false,1,9.50,6.13,true,1,
7290110115449,false,תה מנגו אננס  1.5 FUZE-T,חברה המרכזית להפצת משקאות בעמ,,,"י""ח",1.50,ליטר,false,1,9.50,6.13,true,1,
7290110115456,false,תה אפרסק 19 קל` 1.5 FUZE-T,חברה המרכזית להפצת משקאות בעמ,,,"י""ח",1.50,ליטר,false,1,9.50,6.13,true,1,
7290110115463,false,תה אפרסק  1.5 FUZE-T,חברה המרכזית להפצת משקאות בעמ,,,"י""ח",1.50,ליטר,false,1,9.50,6.13,true,1,
7290110115494,false,תה דיאט ענבים 1.5 FUZE-T,חברה המרכזית להפצת משקאות בעמ,,,"י""ח",1.50,ליטר,false,1,9.50,6.13,true,1,
7290110115531,false,פאנטה ZERO תפוח  1.5 ליטר,חברה המרכזית להפצת משקאות בעמ,,,"י""ח",1.50,ליטר,false,1,8.30,5.33,true,1,
7290110115593,false,פריגת אשכולית 40% פחות סוכר 1.5 ליטר,חברה המרכזית להפצת משקאות בעמ,,,"י""ח",1.50,ליטר,false,1,9,5.80,false,1,
7290110115616,false,תה גרין אננס  1.5 FUZE-T zero,חברה המרכזית להפצת משקאות בעמ,,,"י""ח",1.50,ליטר,false,1,9.50,6.13,true,1,
7290110115623,false,תה אפרסק  1.5 FUZE-T zero,חברה המרכזית להפצת משקאות בעמ,,,"י""ח",1.50,ליטר,false,1,8.90,5.73,true,1,
7290110115913,false,"פאוורייד ZERO בטעם אננס 500מ""ל פח",חברה המרכזית להפצת משקאות בעמ,,,"י""ח",5,"ל 100 מ""ל",false,1,9.90,1.92,true,1,
7290110116064,false,פאנטה ZERO פירות ירוק 1.5 ליטר,חברה המרכזית להפצת משקאות בעמ,,,"י""ח",1.50,ליטר,false,1,8.50,5.47,true,1,
7290110116125,false,"סירופ טעם פטל 750מ""ל",חברה המרכזית להפצת משקאות בעמ,,,"י""ח",7.50,"ל 100 מ""ל",false,1,23.60,3.15,true,1,
7290110116149,false,"סירופ טעם ענבים 750מ""ל",חברה המרכזית להפצת משקאות בעמ,,,"י""ח",7.50,"ל 100 מ""ל",false,1,23.60,3.15,true,1,
7290110116194,false,נביעות רכיבי פרי לימון ליים 0% 1.5ליטר,חברה המרכזית להפצת משקאות בעמ,,,"י""ח",1.50,ליטר,false,1,9.50,6.13,false,1,
7290110116316,false,קוקה קולה שישיות 1.5 ליטר חג שמח,חברה המרכזית להפצת משקאות בעמ,,,"י""ח",9,ליטר,false,1,49.90,5.34,false,1,
7290110116323,false,קוקה קולה ZERO שישיות 1.5 ליטר. חג שמח,חברה המרכזית להפצת משקאות בעמ,,,"י""ח",9,ליטר,false,1,46.70,4.99,false,1,
7290110116385,false,פחית סטפאני מרשמלו זירו אבטיח תות  סליק,חברה המרכזית להפצת משקאות בעמ,,,"י""ח",3.30,"ל 100 מ""ל",false,1,4.50,1.27,true,1,
7290110116392,false,"סירופ טעם תפוזים 750מ""ל",חברה המרכזית להפצת משקאות בעמ,,,"י""ח",7.50,"ל 100 מ""ל",false,1,23.60,3.15,true,1,
7290110116552,false,ספרייט 1.5ליטר Lemon hit,חברה המרכזית להפצת משקאות בעמ,,,"י""ח",1.50,ליטר,false,1,9,5.80,true,1,
7290110116569,false,ספרייט ZERO בק 1.5ליטר Lemon hit,חברה המרכזית להפצת משקאות בעמ,,,"י""ח",1.50,ליטר,false,1,9,5.80,true,1,
7290110320591,false,בולגרית מועדנת פיראוס 16% 250גר,"תנובה בע""מ ***",,,"י""ח",2.50,ל 100 גרם,false,1,21.90,8.76,false,1,
7290110320850,false,פתיתי עמק 28% שומן 200ג,"תנובה בע""מ ***",,,"י""ח",2,ל 100 גרם,false,1,14.90,7.45,false,1,
7290110320867,false,פתיתי עמק למאפים 28% שומן 500ג,"תנובה בע""מ ***",,,"י""ח",5,ל 100 גרם,false,1,37.90,7.58,true,1,
7290110321031,false,יופלה GO 200ג,"תנובה בע""מ ***",,,"י""ח",2,ל 100 גרם,false,1,5.80,2.90,true,1,
7290110321277,false,קוטג  5% תנובה 100 גרם מהדרין,"תנובה בע""מ ***",,,"י""ח",1,ל 100 גרם,false,1,2.50,2.50,false,1,
7290110321284,false,קוטג  9% תנובה 100 גרם מהדרין,"תנובה בע""מ ***",,,"י""ח",1,ל 100 גרם,false,1,2.50,2.50,false,1,
7290110321604,false,בולגרית קוביות+תערובת לסלט  232ג,"תנובה בע""מ ***",,,"י""ח",2.32,ל 100 גרם,false,1,21.90,9.44,false,1,
7290110321680,false,יופלה תות  GO 200ג,"תנובה בע""מ ***",,,"י""ח",2,ל 100 גרם,false,1,5.80,2.90,true,1,
7290110322014,false,טופו טבעי 300ג,"תנובה בע""מ ***",,,"י""ח",3,ל 100 גרם,false,1,11.90,3.97,true,1,
7290110323073,false,משקה יוגורט מעושר עם תות ופטל 1%,"תנובה בע""מ ***",,,"י""ח",2.50,"ל 100 מ""ל",false,1,6.30,2.52,false,1,
7290110323301,false,טל עמק %32שומן 200ג,"תנובה בע""מ ***",,,"י""ח",0.80,ליטר,false,1,19.30,24.13,false,1,
7290110323585,false,יופלה דודבן  GO 200ג.,"תנובה בע""מ ***",,,"י""ח",2,ל 100 גרם,false,1,5.80,2.90,true,1,
7290110323714,false,משקה קוקוס שקדים 1ל,"תנובה בע""מ ***",,,"י""ח",1,ליטר,false,1,12.90,12.90,true,1,
7290110324551,false,יופלה טיוב יוגורט  תות   348ג,"תנובה בע""מ ***",,,"י""ח",3.48,"ל 100 מ""ל",false,1,12.20,3.51,false,1,
7290110324872,false,גלבוע  5% שומן 200ג,"תנובה בע""מ ***",,,"י""ח",2,ל 100 גרם,false,1,17.90,8.95,false,1,
7290110324926,false,"משקה סויה לל""ס 1  ל` תנובה","תנובה בע""מ ***",,,"י""ח",1,ליטר,false,1,10.90,10.90,true,1,
7290110325084,false,מאגדת שמינייה מיני קרלו שונל,"תנובה בע""מ ***",,,"י""ח",8,"ל 100 מ""ל",false,1,15.10,1.89,false,1,
7290110325114,false,משקה יוגורט גו לייט תות בננה,"תנובה בע""מ ***",,,"י""ח",2.50,"ל 100 מ""ל",false,1,6.10,2.44,false,1,
7290110325510,false,יופלה טיוב יוגורט  וניל 348ג,"תנובה בע""מ ***",,,"י""ח",3.48,"ל 100 מ""ל",false,1,12.20,3.51,false,1,
7290110325619,false,משקה ש.שועל  טרי 1ל תנובה,"תנובה בע""מ ***",,,"י""ח",1,ליטר,false,1,12.90,12.90,true,1,
7290110325893,false,"משקה גו  אייס  קפה 340מ""ל","תנובה בע""מ ***",,,"י""ח",3.40,"ל 100 מ""ל",false,1,8.20,2.41,false,1,
7290110326210,false,און טופ יופלה פצפוצים 157ג,"תנובה בע""מ ***",,,"י""ח",1.50,"ל 100 מ""ל",false,1,5,3.33,true,1,
7290110326333,false,גבינה פרוסות סקנדינבית 175ג,"תנובה בע""מ ***",,,"י""ח",1.75,ל 100 גרם,false,1,17.90,10.23,false,1,
7290110327064,false,משקה קפה ש.שועל טעם קרמל 1ל,"תנובה בע""מ ***",,,"י""ח",1,ליטר,false,1,12.90,12.90,true,1,
7290110327514,false,משקה ש.שועל אגוזי לוז  טרי 1ל תנובה,"תנובה בע""מ ***",,,"י""ח",1,ליטר,false,1,12.90,12.90,true,1,
7290110327798,false,חטיף חלבון GO בטעם שוקולד 20 גרם.,שקד תבל בעמ,,,"י""ח",1,,false,1,11.90,11.90,false,1,
7290110327804,false,חטיף חלבון GO בטעם בצק עוגיות 20 גרם.,שקד תבל בעמ,,,"י""ח",1,,false,1,11.90,11.90,false,1,
7290110327828,false,חטיף חלבון GO בטעם בוטנים 20 גרם.,שקד תבל בעמ,,,"י""ח",1,,false,1,11.90,11.90,false,1,
7290110328504,false,טריו מיקס גבינות 300ג,"תנובה בע""מ ***",,,"י""ח",3,ל 100 גרם,false,1,24.90,8.30,false,1,
7290110328627,false,יוגורט גו סמיך 0% בננה קרמל,"תנובה בע""מ ***",,,"י""ח",2,"ל 100 מ""ל",false,1,5.90,2.95,true,1,
7290110328641,false,טופו טבעי 500ג 2*250ג,"תנובה בע""מ ***",,,"י""ח",5,ל 100 גרם,false,1,17.90,3.58,false,1,
7290110328764,false,יוגורט גו סמיך 0% תות,"תנובה בע""מ ***",,,"י""ח",2,"ל 100 מ""ל",false,1,5.90,2.95,true,1,
7290110328771,false,יוגורט גו סמיך 0% פ.יער,"תנובה בע""מ ***",,,"י""ח",2,"ל 100 מ""ל",false,1,5.90,2.95,true,1,
7290110328788,false,יוגורט גו סמיך 0% אפרסק,"תנובה בע""מ ***",,,"י""ח",2,"ל 100 מ""ל",false,1,5.90,2.95,true,1,
7290110328887,false,חלב בקבוק 1 ליטר}תנובה{3%,"תנובה בע""מ ***",,,"י""ח",1,ליטר,false,1,6.23,6.23,false,1,
7290110329136,false,מעדן חלב גו טעם שוקולד 120ג  12ג חלבון,"תנובה בע""מ ***",,,"י""ח",1.20,"ל 100 מ""ל",false,1,5.20,4.33,false,1,
7290110329143,false,מעדן חלב גו טעם וניל 120ג עם 12ג חלבון,"תנובה בע""מ ***",,,"י""ח",1.20,"ל 100 מ""ל",false,1,5.20,4.33,false,1,
7290110329686,false,"משקה גו  טעם עוגיות  340מ""ל","תנובה בע""מ ***",,,"י""ח",3.40,"ל 100 מ""ל",false,1,7.50,2.21,false,1,
7290110329792,false,יוגורט סויה ביו אפרסק  150ג,"תנובה בע""מ ***",,,"י""ח",1.50,"ל 100 מ""ל",false,1,4.50,3,false,1,
7290110329808,false,יוגורט סויה ביו תות  150ג,"תנובה בע""מ ***",,,"י""ח",1.50,"ל 100 מ""ל",false,1,4.50,3,false,1,
7290110329822,false,יוגורט סויה ביו פירות יער 150ג,"תנובה בע""מ ***",,,"י""ח",1.50,"ל 100 מ""ל",false,1,4.50,3,false,1,
7290110550219,false,מטבעות שוקולד לבן לאפיה 400גר,"שטראוס גרופ בע""מ",,,"י""ח",4,ל 100 גרם,false,1,29.90,7.48,true,1,
7290110550226,false,מטבעות שוקולד מריר לאפיה 400גר,"שטראוס גרופ בע""מ",,,"י""ח",4,ל 100 גרם,false,1,29.90,7.48,true,1,
7290110550363,false,פריכיות משולשות קינואה ומלח ים 65גר,"שטראוס גרופ בע""מ",,,"י""ח",0.65,ל 100 גרם,false,1,9.50,14.62,true,1,
7290110550370,false,פריכיות משולשות קינואה ופלפל שחור 65גר,"שטראוס גרופ בע""מ",,,"י""ח",0.65,ל 100 גרם,false,1,9.50,14.62,true,1,
7290110552121,false,היוגורט הראשון שלי  100גר,"שטראוס גרופ ***בע""מ",,,"י""ח",1,"ל 100 מ""ל",false,1,2.30,2.30,true,1,
7290110552220,false,דנונה פרו 20גר ללא סוכר טעם תות,"שטראוס גרופ ***בע""מ",,,"י""ח",0.20,"ל 100 מ""ל",false,1,5.90,29.50,true,1,
7290110552237,false,דנונה פרו 20גר ללא סוכר טעם אפרסק מנגו,"שטראוס גרופ ***בע""מ",,,"י""ח",0.20,"ל 100 מ""ל",false,1,5.90,29.50,true,1,
7290110553029,false,פריכיות חלבון קייל חומוס ומלח 60גר,"שטראוס גרופ בע""מ",,,"י""ח",0.65,ל 100 גרם,false,1,9.50,14.62,true,1,
7290110553036,false,פריכיות חלבון בטטה סגולה ואפונה 60גר,"שטראוס גרופ בע""מ",,,"י""ח",0.65,ל 100 גרם,false,1,9.50,14.62,true,1,
7290110553098,false,מארז אנרג`י  מיקס צימוקים אגוזים 100גר,"שטראוס גרופ בע""מ",,,"י""ח",1,ל 100 גרם,false,1,15.90,15.90,true,1,
7290110553104,false,קפוצינו סטיק קלאסי 130גר,"שטראוס גרופ בע""מ",,,"י""ח",1.30,ל 100 גרם,false,1,16.90,13,true,1,
7290110553135,false,קפוצינו סטיק וניל 130גר,"שטראוס גרופ בע""מ",,,"י""ח",1.30,ל 100 גרם,false,1,16.90,13,true,1,
7290110553173,false,פריכיות אנרג`י בטעם קרמל 40גר,"שטראוס גרופ בע""מ",,,"י""ח",0.40,ל 100 גרם,false,1,6.90,17.25,true,1,
7290110553180,false,פריכיות אנרג`י בטעם תפוח קינמון 40גר,"שטראוס גרופ בע""מ",,,"י""ח",0.40,ל 100 גרם,false,1,6.90,17.25,true,1,
7290110553340,false,אייס נמס מילקשייק מלבי 200 ג,"שטראוס גרופ בע""מ",,,"י""ח",2,ל 100 גרם,false,1,19.90,9.95,true,1,
7290110553425,false,111,"שטראוס גרופ בע""מ",,,"י""ח",2,"ל 100 מ""ל",false,1,19.90,9.95,true,1,
7290110553623,false,ציטוס קראנץ צ`דר חלפיניו 80ג.,"שטראוס פריטו ליי בע""מ",,,"י""ח",0.80,ל 100 גרם,false,1,4.20,5.25,true,1,
7290110554101,false,"מייפל בפאוץ` 125מ""ל","שטראוס גרופ בע""מ",,,"י""ח",1.25,"ל 100 מ""ל",false,1,14.90,11.92,true,1,
7290110554125,false,נודלס סצ`ואן חריף דלישס,קפוא זן תעשיות מזון בעמ,,,"י""ח",3,ל 100 גרם,false,1,23.90,7.97,true,1,
7290110554422,false,רוטב עגבניות ופלפלים לשקשוקה  350גר,"שטראוס גרופ בע""מ",,,"י""ח",3.50,ל 100 גרם,false,1,11.90,3.40,true,1,
7290110554514,false,קפה טורקי אתיופי 100 גרם,"שטראוס גרופ בע""מ",,,"י""ח",1,ל 100 גרם,false,1,9.90,9.90,true,1,
7290110554545,false,קפסולות אספרסו לאפוגטו טעם קוקוס,"שטראוס גרופ בע""מ",,,"י""ח",0.50,ל 100 גרם,false,1,19,38,true,1,
7290110554583,false,מארז ציטוס פאפ גבינה 10*20,"שטראוס פריטו ליי בע""מ",,,"י""ח",2,ל 100 גרם,false,1,12.90,6.45,true,1,
7290110554699,false,קפסולות קפה יוניקו למכונת NESPRESSO.,"שטראוס גרופ בע""מ",,,"י""ח",0.50,ל 100 גרם,false,1,19.90,39.80,true,1,
7290110554705,false,קפסולות קפה יוניקו למכונת NESPRESSO.,"שטראוס גרופ בע""מ",,,"י""ח",0.50,ל 100 גרם,false,1,19.90,39.80,true,1,
7290110554712,false,קפסולות קפה יוניקו למכונת NESPRESSO.,"שטראוס גרופ בע""מ",,,"י""ח",0.50,ל 100 גרם,false,1,19.90,39.80,true,1,
7290110554729,false,"קפסולות אספרסו 04 כשל""פ","שטראוס גרופ בע""מ",,,"י""ח",0.50,ל 100 גרם,false,1,19,38,true,1,
7290110554798,false,פולי אספרסו  עשירים וארומטיים 250גר}08,"שטראוס גרופ בע""מ",,,"י""ח",2.50,ל 100 גרם,false,1,21.90,8.76,true,1,
7290110555009,false,פסאטה זוגות 700גר,"שטראוס גרופ בע""מ",,,"י""ח",7,ל 100 גרם,false,1,11.90,1.70,true,1,
7290110555078,false,לאבנה עם שמן זית ועשבי תיבול 250 גר,"שטראוס גרופ ***בע""מ",,,"י""ח",2.50,ל 100 גרם,false,1,9.90,3.96,true,1,
7290110555092,false,לאבנה עם שמן זית וצ`ילי 250 גר,"שטראוס גרופ ***בע""מ",,,"י""ח",2.50,ל 100 גרם,false,1,9.90,3.96,true,1,
7290110555306,false,רבע לשבע טבעוני סינמון באן 125גר`,"שטראוס גרופ בע""מ",,,"י""ח",1.25,ל 100 גרם,false,1,12.90,10.32,true,1,
7290110556242,false,"שוקולד מריר פרווה בד""ץ 100 ג עלית","שטראוס גרופ בע""מ",,,"י""ח",1,ל 100 גרם,false,1,5.60,5.60,true,1,
7290110557027,false,חומוס הסדרה 50% טחינה 400ג,"שטראוס גרופ ***בע""מ",,,"י""ח",4,ל 100 גרם,false,1,12.90,3.23,true,1,
7290110557102,false,מעדן חלב עם שוקולד מועשר בחלבון 150גר,"שטראוס גרופ ***בע""מ",,,"י""ח",1.30,ל 100 גרם,false,1,5,3.85,true,1,
7290110557133,false,מעדן הגולן וניל בודד 125גר,"שטראוס גרופ ***בע""מ",,,"י""ח",1.25,ל 100 גרם,false,1,2.90,2.32,true,1,
7290110557317,false,"היוגורט הראשון שלי ש""ש 100גר","שטראוס גרופ ***בע""מ",,,"י""ח",1,"ל 100 מ""ל",false,1,2.30,2.30,true,1,
7290110557478,false,חומוס גלילי 600גר שטראוס,"שטראוס גרופ ***בע""מ",,,"י""ח",6,ל 100 גרם,false,1,11.90,1.98,true,1,
7290110557645,false,מארז אנרג`י  מיקס צימוקים חמוציות 100גר,"שטראוס גרופ בע""מ",,,"י""ח",1,ל 100 גרם,false,1,15.90,15.90,true,1,
7290110558130,false,דנונה אקטיביה שיבולת שועל ודבש,"שטראוס גרופ ***בע""מ",,,"י""ח",1.50,"ל 100 מ""ל",false,1,4.50,3,true,1,
7290110558154,false,דנונה לייט אנד פריי טעם עוגת תפוחים,"שטראוס גרופ ***בע""מ",,,"י""ח",1.50,"ל 100 מ""ל",false,1,4.50,3,true,1,
7290110558222,false,דנונה WOW בנופי 2.4%  150גר,"שטראוס גרופ ***בע""מ",,,"י""ח",1.50,"ל 100 מ""ל",false,1,4.60,3.07,true,1,
7290110558239,false,דנונה WOW קראק פאי 2.4%  150גר,"שטראוס גרופ ***בע""מ",,,"י""ח",1.50,"ל 100 מ""ל",false,1,4.60,3.07,true,1,
7290110558253,false,משקה דנונה ריפרש בננה אננס 250גר,"שטראוס גרופ ***בע""מ",,,"י""ח",2.50,"ל 100 מ""ל",false,1,5.50,2.20,true,1,
7290110558284,false,דנונה ביו מולטי 200גר,"שטראוס גרופ ***בע""מ",,,"י""ח",2,"ל 100 מ""ל",false,1,4.20,2.10,true,1,
7290110558307,false,דנונה פרו 200גר עם שיבולת שועל,"שטראוס גרופ ***בע""מ",,,"י""ח",2,"ל 100 מ""ל",false,1,6.30,3.15,true,1,
7290110558314,false,דנונה פרו 20גר ללא סוכר פיסטוק,"שטראוס גרופ ***בע""מ",,,"י""ח",0.20,"ל 100 מ""ל",false,1,5.90,29.50,true,1,
7290110558338,false,דנונה פרו 200גר חלבון,"שטראוס גרופ ***בע""מ",,,"י""ח",2,"ל 100 מ""ל",false,1,6.30,3.15,true,1,
7290110558666,false,דניאלה בטעם תפוח,"שטראוס גרופ ***בע""מ",,,"י""ח",1.50,"ל 100 מ""ל",false,1,3.90,2.60,true,1,
7290110558918,false,עלי חסה קראנצ`י שטופים 150גר שטראוס,"שטראוס גרופ ***בע""מ",,,"י""ח",1.50,ל 100 גרם,false,1,11.90,7.93,true,1,
7290110559007,false,שועועית חומה 380גרם טעם הטבע קופסה,"שטראוס גרופ בע""מ",,,"י""ח",3.80,ל 100 גרם,false,1,6.90,1.82,true,1,
7290110559014,false,שועועית שחורה 380גרם טעם הטבע קופסה,"שטראוס גרופ בע""מ",,,"י""ח",3.80,ל 100 גרם,false,1,6.90,1.82,true,1,
7290110559748,false,ריל מאגדת שקדים קוקוס ושוקולד מריר,"שטראוס גרופ בע""מ",,,"י""ח",1.05,ל 100 גרם,false,1,15.90,15.14,true,1,
7290110559755,false,ריל מאגדת בוטנים פיסטוק וחמוציות,"שטראוס גרופ בע""מ",,,"י""ח",1.05,ל 100 גרם,false,1,15.90,15.14,true,1,
7290110559762,false,ריל מאגדת אגוזים תמרים קוקוס,"שטראוס גרופ בע""מ",,,"י""ח",1.05,ל 100 גרם,false,1,15.90,15.14,true,1,
7290110559939,false,דלישס נתחי סויה בסגנון שוארמה 350ג דלישס,קפוא זן תעשיות מזון בעמ,,,"י""ח",3,ל 100 גרם,false,1,23.90,7.97,true,1,
7290110560300,false,פריכיות המשולשות פלפל שחור 30גר,"שטראוס גרופ בע""מ",,,"י""ח",0.30,ל 100 גרם,false,1,5,16.67,true,1,
7290110560317,false,פריכיות המשולשות מלח ים 30גר,"שטראוס גרופ בע""מ",,,"י""ח",0.30,ל 100 גרם,false,1,5,16.67,true,1,
7290110560324,false,פריכיות המשולשות אפונה ירוקה 30גר,"שטראוס גרופ בע""מ",,,"י""ח",0.30,ל 100 גרם,false,1,5,16.67,true,1,
7290110561352,false,דנונה דל לקטוז 200גר,"שטראוס גרופ ***בע""מ",,,"י""ח",2,"ל 100 מ""ל",false,1,3.50,1.75,true,1,
7290110561604,false,מארז גמדים תות בננה שמינייה,"שטראוס גרופ ***בע""מ",,,"י""ח",8,ל 100 גרם,false,1,17.90,2.24,true,1,
7290110563431,false,משקה קפה קר בסגנון קלאסי 1.6%230גר,"שטראוס גרופ ***בע""מ",,,"י""ח",2.30,"ל 100 מ""ל",false,1,7.90,3.43,true,1,
7290110563448,false,משקה קפה קר בסגנון מעודן 1.6%230גר,"שטראוס גרופ ***בע""מ",,,"י""ח",2.30,"ל 100 מ""ל",false,1,7.90,3.43,true,1,
7290110563462,false,חלב נטול לקטוז 2% בקבוק 1ליטר,"שטראוס גרופ ***בע""מ",,,"י""ח",1,ליטר,false,1,8.90,8.90,true,1,
7290110564339,false,חומוס עשיר ב% -30טחינה 400גר`,"שטראוס גרופ ***בע""מ",,,"י""ח",4,ל 100 גרם,false,1,12.90,3.23,true,1,
7290110564360,false,חומוס עשיר ב% -40טחינה 400גר`,"שטראוס גרופ ***בע""מ",,,"י""ח",4,ל 100 גרם,false,1,12.90,3.23,true,1,
7290110564414,false,חומוס עשיר ב- 30% טחינה גולמית 600גר`,"שטראוס גרופ ***בע""מ",,,"י""ח",6,ל 100 גרם,false,1,14.90,2.48,true,1,
7290110564919,false,"דנונה מתיקות מעודנת לל""ס וממתיק 150גר","שטראוס גרופ ***בע""מ",,,"י""ח",1.50,ל 100 גרם,false,1,3.50,2.33,true,1,
7290110565435,false,לימבו פטל 125גרם,"שטראוס גרופ ***בע""מ",,,"י""ח",1.25,ל 100 גרם,false,1,2.10,1.68,true,1,
7290110565527,false,דנונה פרו 20גר חלבון,"שטראוס גרופ ***בע""מ",,,"י""ח",0.20,"ל 100 מ""ל",false,1,5.90,29.50,true,1,
7290110565572,false,מארז קפה טורקי לדרך עם הל 168גר`,"שטראוס גרופ בע""מ",,,"י""ח",1.68,ל 100 גרם,false,1,18.90,11.25,true,1,
7290110566623,false,קפסולות קולומביה 08 למכונת נספרסו,"שטראוס גרופ בע""מ",,,"י""ח",0.50,ל 100 גרם,false,1,19,38,true,1,
7290110566975,false,דנונה פרו 20גר  תות,"שטראוס גרופ ***בע""מ",,,"י""ח",0.20,"ל 100 מ""ל",false,1,5.90,29.50,true,1,
7290110567057,false,מסטיק בוקסי אקליפטוס 64גר,"שטראוס גרופ בע""מ",,,"י""ח",0.66,ל 100 גרם,false,1,9.90,15,true,1,
7290110568238,false,"קצפת צמחית 21% שומן 250מ""ל","שטראוס גרופ ***בע""מ",,,"י""ח",2.50,"ל 100 מ""ל",false,1,7.90,3.16,true,1,
7290110568276,false,"משקה יוטבתה פרו וניל לשתיה  350מ""ל","שטראוס גרופ ***בע""מ",,,"י""ח",3.50,ל 100 גרם,false,1,6.50,1.86,true,1,
7290110568511,false,קונפיטורה פירות יער במתיקות מעודנת,"שטראוס גרופ בע""מ",,,"י""ח",3.40,ל 100 גרם,false,1,11.90,3.50,true,1,
7290110568559,false,מארז דוריטוס חמוץ חריף 10*25גר,"שטראוס פריטו ליי בע""מ",,,"י""ח",2.50,ל 100 גרם,false,1,10.90,4.36,true,1,
7290110570224,false,"משקה קפה קר בטעם עוגיות 230מ""ל","שטראוס גרופ ***בע""מ",,,"י""ח",2.30,"ל 100 מ""ל",false,1,7.90,3.43,true,1,
7290110570569,false,"פולי אספרסו  עשירים וארומטיים 1ק""ג 08","שטראוס גרופ בע""מ",,,"י""ח",1,"ק""ג",false,1,74.90,74.90,true,1,
7290110570897,false,"פולי אספרסו  עשירים וארומטיים 1ק""ג 14","שטראוס גרופ בע""מ",,,"י""ח",1,"ק""ג",false,1,74.90,74.90,true,1,
7290110571184,false,עדשים חומות 380גרם טעם הטבע קופסה,"שטראוס גרופ בע""מ",,,"י""ח",3.80,ל 100 גרם,false,1,6.90,1.82,true,1,
7290110571375,false,מארז אנרג`י  מיקס צימוקים תמרים טופי 100,"שטראוס גרופ בע""מ",,,"י""ח",1,ל 100 גרם,false,1,15.90,15.90,true,1,
7290110571382,false,מעדן חלב טעם וניל מועשר בחלבון 150גר,"שטראוס גרופ ***בע""מ",,,"י""ח",1.30,ל 100 גרם,false,1,5,3.85,true,1,
7290110571481,false,111,"שטראוס גרופ בע""מ",,,"י""ח",2,"ל 100 מ""ל",false,1,19.90,9.95,true,1,
7290110571535,false,מארז טורקי הל 3*100גר.,"שטראוס גרופ בע""מ",,,"י""ח",3,ל 100 גרם,false,1,26.90,8.97,true,1,
7290110572884,false,"קפסולות אספרסו חזק עלית 14יח כשל""פ","שטראוס גרופ בע""מ",,,"י""ח",0.50,ל 100 גרם,false,1,19,38,true,1,
7290110572969,false,כיף כף פיצפוצים קרם לבן 40גר,"שטראוס גרופ בע""מ",,,"י""ח",0.40,ל 100 גרם,false,1,4.90,12.25,true,1,
7290110576318,false,מאגדת שלישיית אגוז לבן 3*100גר,"שטראוס גרופ בע""מ",,,"י""ח",1.12,ל 100 גרם,false,1,25.90,23.13,true,1,
7290110576356,false,ספלנדיד שוקולד מריר פרו 64%,"שטראוס גרופ בע""מ",,,"י""ח",1.05,ל 100 גרם,false,1,8.90,8.48,true,1,
7290110576363,false,ספלנדיד שוקולד מריר אוגנדה 80%,"שטראוס גרופ בע""מ",,,"י""ח",1.05,ל 100 גרם,false,1,8.90,8.48,true,1,
7290110576387,false,מאגדת שלישיית אגוז חלב 3*100גר,"שטראוס גרופ בע""מ",,,"י""ח",1.12,ל 100 גרם,false,1,25.90,23.13,true,1,
7290110576776,false,שוקולד ספלנדיד מריר 85%,"שטראוס גרופ בע""מ",,,"י""ח",1,ל 100 גרם,false,1,10.20,10.20,true,1,
7290110576868,false,גמדים רביעיית טעם סלט פירות,"שטראוס גרופ ***בע""מ",,,"י""ח",4,"ל 100 מ""ל",false,1,10.90,2.73,true,1,
7290111091520,false,"דר עור ת.רחצה קלאסי קוקוס   700מ""ל",שקד תבל בעמ,,,"י""ח",7,ל 100 גרם,false,1,14.90,2.13,true,1,
7290111092985,false,מגבונים בייבי סיטר מעוצבת  רבעייה ללא,שקד תבל בעמ,,,"י""ח",1,,false,1,15.90,15.90,true,1,
7290111093005,false,מגבונים  להסרת איפור 25יח,שקד תבל בעמ,,,"י""ח",25,"י""ח",false,1,7.90,0.32,true,1,
7290111093470,false,קוויק מסיר הפלא ספוגית להסרת כתמים,שקד תבל בעמ,,,"י""ח",3,"י""ח",false,1,10,3.33,true,1,
7290111093760,false,קוויק מגבונים לניקוי רצפה בניחוח מרכך .,שקד תבל בעמ,,,"י""ח",1,"י""ח",false,1,10,10,true,1,
7290111093982,false,"דר עור ת.רחצה פסיפלורה  700מ""ל",שקד תבל בעמ,,,"י""ח",7,ל 100 גרם,false,1,14.90,2.13,true,1,
7290111094248,false,שקיות אשפה  קוויק XL עם שרוך 20יח בגליל,שקד תבל בעמ,,,"י""ח",1,"י""ח",false,1,16.90,16.90,true,1,
7290111094392,false,"דר עור ת.רחצה קוקוס וליים 700מ""ל",שקד תבל בעמ,,,"י""ח",7,ל 100 גרם,false,1,14.90,2.13,true,1,
7290111094613,false,מגבונים  לניקוי משקפיים 24יח,שקד תבל בעמ,,,"י""ח",24,"י""ח",false,1,7.90,0.33,true,1,
7290111094651,false,קוויק שקיות אשפה L עם ידית 40יח,שקד תבל בעמ,,,"י""ח",1,"י""ח",false,1,12.90,12.90,true,1,
7290111095818,false,שקיות אשפה  קוויק L עם שרוך 40יח בגליל,שקד תבל בעמ,,,"י""ח",1,"י""ח",false,1,16.90,16.90,true,1,
7290111097041,false,מגבונים בייביסיטר מבושם שמינייה,שקד תבל בעמ,,,"י""ח",66,"י""ח",false,1,20,0.30,true,1,
7290111097546,false,קוויק מגבונים ניקוי כללי למשטחים בניחוח,שקד תבל בעמ,,,"י""ח",50,"י""ח",false,1,8.90,0.18,true,1,
7290111097836,false,קוויק מגבונים דוחה אבקלמשטחים בניחו.,שקד תבל בעמ,,,"י""ח",50,"י""ח",false,1,8.90,0.18,true,1,
7290111340178,false,מטליות לחות לניקוי כללי בניחוח מרכך,קימברלי קלארק ישראל שיווק בעמ,,,"י""ח",1,ל 100 גרם,false,1,10.90,10.90,false,1,
7290111340956,false,מטליות לחות לניקוי רצפה 10יח,קימברלי קלארק ישראל שיווק בעמ,,,"י""ח",10,"י""ח",false,1,9.90,0.99,false,1,
7290111341373,false,נייר טואלט לילי פסטל 30ג,קימברלי קלארק ישראל שיווק בעמ,,,"י""ח",30,"י""ח",false,1,33.90,1.13,false,1,
7290111341984,false,נייר טואלט לילי לחים מארז רביעיה,קימברלי קלארק ישראל שיווק בעמ,,,"י""ח",1.17,ל 100 גרם,false,1,21.90,18.72,true,1,
7290111342042,false,"כריות יפניות אנטיבקטראליות כשל""פ",קימברלי קלארק ישראל שיווק בעמ,,,"י""ח",1,"י""ח",false,1,10.90,10.90,true,1,
7290111342059,false,"מטליות לחות  אנטיבקטריאלי כשל""פ",קימברלי קלארק ישראל שיווק בעמ,,,"י""ח",1,ל 100 גרם,false,1,10.90,10.90,true,1,
7290111343117,false,קלינקס ממחטות לושן סופט פק זוגות 140דף,קימברלי קלארק ישראל שיווק בעמ,,,"י""ח",140,"י""ח",false,1,15.90,0.11,false,1,
7290111343797,false,מטליות לחות לניקוי חלונות 48יח,קימברלי קלארק ישראל שיווק בעמ,,,"י""ח",1,,false,1,10,10,false,1,
7290111343841,false,ספוגית הקסם נירוסטה 3יח,קימברלי קלארק ישראל שיווק בעמ,,,"י""ח",3,"י""ח",false,1,10,3.33,false,1,
7290111343858,false,מטליות לחות  לניקוי וחיטוי רצפה,קימברלי קלארק ישראל שיווק בעמ,,,"י""ח",10,"י""ח",false,1,12.90,1.29,false,1,
7290111344206,false,מגבוני האגיס קמומיל 4 יח,קימברלי קלארק ישראל שיווק בעמ,,,"י""ח",4,"י""ח",false,1,19.90,4.98,true,1,
7290111344503,false,האגיס אקסטרא קר מידה 4,קימברלי קלארק ישראל שיווק בעמ,,,"י""ח",1,"י""ח",false,1,57.90,57.90,true,1,
7290111344527,false,שקיות אשפה  ענקיות ניקול 20יח.,קימברלי קלארק ישראל שיווק בעמ,,,"י""ח",20,"י""ח",false,1,21.90,1.10,true,1,
7290111344558,false,שקיות אשפה  ניקול גדולות 100יח,קימברלי קלארק ישראל שיווק בעמ,,,"י""ח",100,"י""ח",false,1,29.90,0.30,false,1,
7290111344565,false,שקיות זיפר מארז משולב ניקול,קימברלי קלארק ישראל שיווק בעמ,,,"י""ח",1,"י""ח",false,1,9.90,9.90,true,1,
7290111344572,false,שקיות אשפה  ניקול גדולות 25יח,קימברלי קלארק ישראל שיווק בעמ,,,"י""ח",25,"י""ח",false,1,21.90,0.88,false,1,
7290111344831,false,מגני תחתון קוטקס אקסטרא נורמל,קימברלי קלארק ישראל שיווק בעמ,,,"י""ח",1,"י""ח",false,1,22.90,22.90,true,1,
7290111344855,false,מגני תחתון קוטקס אקסטרא לארג,קימברלי קלארק ישראל שיווק בעמ,,,"י""ח",1,"י""ח",false,1,22.90,22.90,true,1,
7290111344916,false,כריות יפניות אנטי 6יח,קימברלי קלארק ישראל שיווק בעמ,,,"י""ח",1,"י""ח",false,1,13.90,13.90,false,1,
7290111344930,false,מטליות לחות לניקוי רצפה 10יח,קימברלי קלארק ישראל שיווק בעמ,,,"י""ח",10,"י""ח",false,1,9.90,0.99,false,1,
7290111344978,false,רדיד אלומיניום  עבה וארוך 61מטר,קימברלי קלארק ישראל שיווק בעמ,,,"י""ח",1,"י""ח",false,1,37.90,37.90,false,1,
7290111345753,false,תחבושת קוטקס כותנה נורמל 24יח,קימברלי קלארק ישראל שיווק בעמ,,,"י""ח",1,,false,1,19.90,19.90,true,1,
7290111345814,false,נייר טואלט לילי נטורל קר 30 גליל,קימברלי קלארק ישראל שיווק בעמ,,,"י""ח",552,מטר,false,1,33.90,0.06,false,1,
7290111345890,false,נייר טואלט מולט 24=57 גלילי כפול,קימברלי קלארק ישראל שיווק בעמ,,,"י""ח",24,"י""ח",false,1,51.90,2.16,false,1,
7290111345999,false,ניקול זוג מטליות לחות לרצפה,קימברלי קלארק ישראל שיווק בעמ,,,"י""ח",10,"י""ח",false,1,21.90,2.19,false,1,
7290111346293,false,מגבות ניקול לבנה 1/6 מהדורת חג,קימברלי קלארק ישראל שיווק בעמ,,,"י""ח",66.20,מטר,false,1,13.90,0.21,false,1,
7290111346347,false,קלינקס אוריגינל חמישייה,קימברלי קלארק ישראל שיווק בעמ,,,"י""ח",5,"י""ח",false,1,14.90,2.98,true,1,
7290111350030,false,רסק תפוחי עץ טבעי צנצנת 670ג,ליימן שליסל,,,"י""ח",5.60,,false,1,10.90,1.95,false,1,
7290111350047,false,תמרים מזן מהגול ללא חרצנים 500ג,ליימן שליסל,,,"י""ח",5,ל 100 גרם,false,1,12.90,2.58,true,1,
7290111350665,false,דבש לחיץ קליית גת 350ג,ליימן שליסל,,,"י""ח",3.50,"ל 100 מ""ל",false,1,22.90,6.54,false,1,
7290111350672,false,דבש צנצנת 700ג קליית גת,ליימן שליסל,,,"י""ח",7,"ל 100 מ""ל",false,1,32.90,4.70,false,1,
7290111350719,false,כלנאצוס מסעדות  322ג,ליימן שליסל,,,"י""ח",3.23,ל 100 גרם,false,1,15.90,4.92,true,1,
7290111350726,false,נאצוס מקסיקני 322ג,ליימן שליסל,,,"י""ח",3.23,ל 100 גרם,false,1,15.90,4.92,true,1,
7290111351334,false,תמרים יבשים מג הול 650ג קלית גת,ליימן שליסל,,,"י""ח",6.50,ל 100 גרם,false,1,16.90,2.60,true,1,
7290111351747,false,טורטיה מקמח חיטה צוקטה,ליימן שליסל,,,"י""ח",1,,false,1,9.90,9.90,true,1,
7290111352140,false,חמוציות מיובשות ברכז תפוחים 150ג,ליימן שליסל,,,"י""ח",1.50,ל 100 גרם,false,1,12.90,8.60,false,1,
7290111352430,false,ממרח תמרים קליית גת 440ג טבעי,ליימן שליסל,,,"י""ח",4.40,ל 100 גרם,false,1,11.90,2.70,false,1,
7290111352508,false,סילאן טבעי לחיץ 840ג,ליימן שליסל,,,"י""ח",8.40,ל 100 גרם,false,1,20,2.38,true,1,
7290111352966,false,יוגטה סוכריות ממולאות טעם פירות 250גר,ליימן שליסל,,,"י""ח",2.50,ל 100 גרם,false,1,7.90,3.16,false,1,
7290111352973,false,יוגטה גומי קוביות חמוצות   220ג,ליימן שליסל,,,"י""ח",2.20,ל 100 גרם,false,1,7.90,3.59,false,1,
7290111353055,false,חיספוסים גומי דובונים  200ג.,ליימן שליסל,,,"י""ח",2,ל 100 גרם,false,1,9.90,4.95,false,1,
7290111353109,false,חיספוסים גומי נחשים מבריק 200ג.,ליימן שליסל,,,"י""ח",2,ל 100 גרם,false,1,9.90,4.95,false,1,
7290111353239,false,חיספוסים גומי טעם פירות   200ג.,ליימן שליסל,,,"י""ח",2,ל 100 גרם,false,1,9.90,4.95,false,1,
7290111353468,false,יוגטה טופי במילוי טעם פירות   600ג,ליימן שליסל,,,"י""ח",6,ל 100 גרם,false,1,12.90,2.15,false,1,
7290111353475,false,ממתק חמוץ בטעם פירות 200ג,ליימן שליסל,,,"י""ח",2,ל 100 גרם,false,1,7.90,3.95,false,1,
7290111353482,false,סוכריות חמוצות ממולאות טעם פירות 200ג,ליימן שליסל,,,"י""ח",2,ל 100 גרם,false,1,7.90,3.95,false,1,
7290111353550,false,חמאת בוטנים טבעית 300ג קלית גת,ליימן שליסל,,,"י""ח",3,ל 100 גרם,false,1,14.90,4.97,false,1,
7290111353680,false,"גרעיני חמניות 350 גרם כשל""פ",ליימן שליסל,,,"י""ח",3.50,ל 100 גרם,false,1,10.90,3.11,false,1,
7290111354038,false,מארז עגבניות חתוכות דק  3*400גר,ליימן שליסל,,,"י""ח",1.20,"ק""ג",false,1,12.90,10.75,true,1,
7290111354045,false,מארז עגבניות קצוצות  3*400גר,ליימן שליסל,,,"י""ח",1.20,"ק""ג",false,1,12.90,10.75,true,1,
7290111354137,false,ממרח פקאן מסוכר   200ג,ליימן שליסל,,,"י""ח",2,ל 100 גרם,false,1,19.90,9.95,false,1,
7290111354151,false,ממרח אגוזים  200ג,ליימן שליסל,,,"י""ח",2,ל 100 גרם,false,1,13.90,6.95,true,1,
7290111354236,false,"טורטיה גודל 25ס""מ מקמח חיטה",ליימן שליסל,,,"י""ח",1,,false,1,9.90,9.90,false,1,
7290111354243,false,"טורטיה גודל 30ס""מ מקמח חיטה",ליימן שליסל,,,"י""ח",1,,false,1,11.90,11.90,false,1,
7290111354335,false,יוגטה מיני  מרשמלו טעם וניל 30ג,ליימן שליסל,,,"י""ח",0.30,ל 100 גרם,false,1,2.90,9.67,true,1,
7290111531323,false,עוגיות רוגלך טעם וניל 400גרם.,שיבולים ייצור ושיווק מאפה בעמ,,,"י""ח",4,ל 100 גרם,false,1,13.90,3.48,true,1,
7290111532276,false,עוגיות מרוקאיות 600ג לה בייקרי,שיבולים ייצור ושיווק מאפה בעמ,,,"י""ח",6,ל 100 גרם,false,1,14.90,2.48,false,1,
7290111563492,false,מטבוחה חריפה מרובע צבר  400גר,קבוצת אוסם סחר-שות.מוגבלת,,,"י""ח",4,ל 100 גרם,false,1,12.70,3.18,true,1,
7290111564277,false,פיטנס פריכיות 3 דגנים דקות 120גר,קבוצת אוסם סחר-שות.מוגבלת,,,"י""ח",1.20,ל 100 גרם,false,1,11.90,9.92,true,1,
7290111564291,false,פיטנס פריכיות דקות עם קינואה 120גר,קבוצת אוסם סחר-שות.מוגבלת,,,"י""ח",1.20,ל 100 גרם,false,1,11.90,9.92,true,1,
7290111564666,false,טבעול כדורי בשר מן הצומח  500גר,קבוצת אוסם סחר-שות.מוגבלת,,,"י""ח",5,ל 100 גרם,false,1,37.90,7.58,true,1,
7290111564727,false,קרמוגית במילוי קרם אגוזים 200ג,קבוצת אוסם סחר-שות.מוגבלת,,,"י""ח",2,ל 100 גרם,false,1,10.90,5.45,true,1,
7290111564956,false,ביסלי במבה  מיקס 200ג,קבוצת אוסם סחר-שות.מוגבלת,,,"י""ח",2,ל 100 גרם,false,1,9.90,4.95,true,1,
7290111565038,false,.לה קרמריה וניל קוקילידה  1.4 ליטר,נגה גלידות,,,"י""ח",1.40,ליטר,false,1,18.90,13.50,false,1,
7290111566226,false,טבעול שניצל ברוקולי 667גר,קבוצת אוסם סחר-שות.מוגבלת,,,"י""ח",6.67,ל 100 גרם,false,1,37.90,5.68,true,1,
7290111566240,false,טבעול שניצל דק בטעם צ ילי חריף 564גר,קבוצת אוסם סחר-שות.מוגבלת,,,"י""ח",5.64,ל 100 גרם,false,1,37.90,6.72,true,1,
7290111566271,false,טבעול חטיפי תירס 657גר,קבוצת אוסם סחר-שות.מוגבלת,,,"י""ח",6.57,ל 100 גרם,false,1,37.90,5.77,true,1,
7290111566318,false,טבעול שניצל דק מן הצומח 564גר,קבוצת אוסם סחר-שות.מוגבלת,,,"י""ח",5.64,ל 100 גרם,false,1,37.90,6.72,true,1,
7290111566332,false,טבעול נקניקיות וינר צמחוניות 680גר,קבוצת אוסם סחר-שות.מוגבלת,,,"י""ח",6.80,ל 100 גרם,false,1,37.90,5.57,true,1,
7290111566417,false,טבעול טחון צמחוני  500 גרם,קבוצת אוסם סחר-שות.מוגבלת,,,"י""ח",5,ל 100 גרם,false,1,37.90,7.58,true,1,
7290111566547,false,טבעול חזה בגריל צמחי 560גר,קבוצת אוסם סחר-שות.מוגבלת,,,"י""ח",5.60,ל 100 גרם,false,1,37.90,6.77,true,1,
7290111566561,false,טבעול שניצל ברוקולי 99 קלוריות 560 גרם,קבוצת אוסם סחר-שות.מוגבלת,,,"י""ח",5.60,ל 100 גרם,false,1,37.90,6.77,true,1,
7290111566585,false,טבעול שניצל מן צומח 99 קלוריות 650גר,קבוצת אוסם סחר-שות.מוגבלת,,,"י""ח",6.50,ל 100 גרם,false,1,37.90,5.83,true,1,
7290111566660,false,טבעול קציצות עדשים כתומים 530 ג`,קבוצת אוסם סחר-שות.מוגבלת,,,"י""ח",5.30,ל 100 גרם,false,1,37.90,7.15,true,1,
7290111566691,false,טבעול שניצל תרד 99 קלוריות 560גר,קבוצת אוסם סחר-שות.מוגבלת,,,"י""ח",5.60,ל 100 גרם,false,1,37.90,6.77,true,1,
7290111566714,false,טבעול המבורגר צמחוני 99קלוריות 600 גרם,קבוצת אוסם סחר-שות.מוגבלת,,,"י""ח",6,ל 100 גרם,false,1,37.90,6.32,true,1,
7290111566752,false,טבעול שניצל תירס 99 קלוריות 693 ג,קבוצת אוסם סחר-שות.מוגבלת,,,"י""ח",6.93,ל 100 גרם,false,1,37.90,5.47,true,1,
7290111566776,false,טבעול נקניקיות קוקטייל צמחוניות 680גר,קבוצת אוסם סחר-שות.מוגבלת,,,"י""ח",6.80,ל 100 גרם,false,1,37.90,5.57,true,1,
7290111568206,false,ביסלי פארטי מיקס 150ג,קבוצת אוסם סחר-שות.מוגבלת,,,"י""ח",1.50,ל 100 גרם,false,1,8.90,5.93,true,1,
7290111568275,false,נודלס אטריות אורז רחבות 300ג,קבוצת אוסם סחר-שות.מוגבלת,,,"י""ח",3,ל 100 גרם,false,1,9.90,3.30,false,1,
7290111568961,false,בייגלה טבעות מלוחים 400גרם,קבוצת אוסם סחר-שות.מוגבלת,,,"י""ח",4,ל 100 גרם,false,1,10.90,2.73,false,1,
7290111930799,false,קראנצ וס בצל  55ג חדש,ש.שסטוביץ בעמ,,,"י""ח",0.55,ל 100 גרם,false,1,2.90,5.27,true,1,
7290111930805,false,קראנצ וס ברביקיו  55ג חדש,ש.שסטוביץ בעמ,,,"י""ח",0.55,ל 100 גרם,false,1,2.90,5.27,true,1,
7290111930850,false,קראנצ וס פיצה  55ג חדש,ש.שסטוביץ בעמ,,,"י""ח",0.55,ל 100 גרם,false,1,2.90,5.27,true,1,
7290111930898,false,פוף כוכבים גריל  40ג,ש.שסטוביץ בעמ,,,"י""ח",0.40,ל 100 גרם,false,1,3.90,9.75,true,1,
7290111930904,false,פוף כוכבים בצל  40ג,ש.שסטוביץ בעמ,,,"י""ח",0.40,ל 100 גרם,false,1,3.90,9.75,true,1,
7290111930911,false,פוף לבבות קלאסי 40ג,ש.שסטוביץ בעמ,,,"י""ח",0.40,ל 100 גרם,false,1,3.90,9.75,true,1,
7290111930928,false,פוף לבבות גריל  40ג,ש.שסטוביץ בעמ,,,"י""ח",0.40,ל 100 גרם,false,1,3.90,9.75,true,1,
7290111930935,false,פוף טבעות קלאסי  40ג,ש.שסטוביץ בעמ,,,"י""ח",0.40,ל 100 גרם,false,1,3.90,9.75,true,1,
7290111930980,false,פסטו ירוק 190גר  מאסטר שף,ש.שסטוביץ בעמ,,,"י""ח",1.90,ל 100 גרם,false,1,12.90,6.79,false,1,
7290111931338,false,"פלמוליב סבון לומינוס תאנה 500מ""ל.",ש.שסטוביץ בעמ,,,"י""ח",5,"ל 100 מ""ל",false,1,15.90,3.18,false,1,
7290111932380,false,"מרידול משחת שיניים זוג  75מ""ל.",ש.שסטוביץ בעמ,,,"י""ח",1.50,ליטר,false,1,29.90,19.93,false,1,
7290111932502,false,"קולגייט  אופטיק וייט75 מ""ל",ש.שסטוביץ בעמ,,,"י""ח",2.56,ל 100 גרם,false,1,26.90,10.51,true,1,
7290111933462,false,"מאסטר שף רוטב צילי מתוק 300מ""ל",ש.שסטוביץ בעמ,,,"י""ח",3,ל 100 גרם,false,1,7.90,2.63,false,1,
7290111933554,false,עגבניות קוביות מאסטר שף  400גר*3,ש.שסטוביץ בעמ,,,"י""ח",1.20,"ק""ג",false,1,15.90,13.25,false,1,
7290111933561,false,תערובת ציפוי נגטס 250 גרם,ש.שסטוביץ בעמ,,,"י""ח",2.50,ל 100 גרם,false,1,7.90,3.16,false,1,
7290111935527,false,"קולגייט טוטל קלין 1/2 כשל""פ",ש.שסטוביץ בעמ,,,"י""ח",1,"ל 100 מ""ל",false,1,25.90,25.90,true,1,
7290111935961,false,מחית עגבניות 690ג מאסטר שף,ש.שסטוביץ בעמ,,,"י""ח",6.90,ל 100 גרם,false,1,10.90,1.58,false,1,
7290111936296,false,"פלמוליב סבון ארומה סנסיישן  750 מ""ל",ש.שסטוביץ בעמ,,,"י""ח",7.50,"ל 100 מ""ל",false,1,17.90,2.39,true,1,
7290111936784,false,"פרי  חטיף תמרים אגוזי לוז  1/5 כשל""פ",ש.שסטוביץ בעמ,,,"י""ח",1.25,ל 100 גרם,false,1,16.90,13.52,false,1,
7290111938481,false,"רוטב סויה בהירה 300מ""ל",ש.שסטוביץ בעמ,,,"י""ח",3,"ל 100 מ""ל",false,1,9.90,3.30,false,1,
7290111939174,false,קוקי ניילון נצמד עם גומי מידה L,ש.שסטוביץ בעמ,,,"י""ח",1,,false,1,9.90,9.90,true,1,
7290111939181,false,קוקי ניילון נצמד עם גומי מיקס,ש.שסטוביץ בעמ,,,"י""ח",1,,false,1,9.90,9.90,true,1,
7290112000156,false,איירוויק מילוי מפיץ אדים קומפליט לבנדר,רקיט בנקיזר (ניר איסט) בעמ,,,"י""ח",1,"י""ח",false,1,16.90,16.90,false,1,
7290112000286,false,"סיליט גל אסלות לימון 750מ""ל",רקיט בנקיזר (ניר איסט) בעמ,,,"י""ח",7.50,"ל 100 מ""ל",false,1,10.90,1.45,false,1,
7290112000293,false,"סיליט גל אסלות פרש 750מ""ל",רקיט בנקיזר (ניר איסט) בעמ,,,"י""ח",7.50,"ל 100 מ""ל",false,1,10.90,1.45,false,1,
7290112000385,false,"דטול תרסיס למטבח 750מ""ל",רקיט בנקיזר (ניר איסט) בעמ,,,"י""ח",7.50,"ל 100 מ""ל",false,1,14.90,1.99,true,1,
7290112000392,false,"דטול תרסיס לאמבטיה 750מ""ל",רקיט בנקיזר (ניר איסט) בעמ,,,"י""ח",7.50,"ל 100 מ""ל",false,1,14.90,1.99,true,1,
7290112000408,false,"דטול תרסיס לניקוי כללי  750מ""ל",רקיט בנקיזר (ניר איסט) בעמ,,,"י""ח",7.50,"ל 100 מ""ל",false,1,14.90,1.99,true,1,
7290112000736,false,פיניש 80 טבליות AIO,רקיט בנקיזר (ניר איסט) בעמ,,,"י""ח",80,"י""ח",false,1,54.90,0.69,true,1,
7290112000798,false,דטול תרסיס חיטוי וניקוי אנטי  בקטריאלי,רקיט בנקיזר (ניר איסט) בעמ,,,"י""ח",7.50,"ל 100 מ""ל",false,1,14.90,1.99,true,1,
7290112001023,false,מילוי מבשם אוטומטי פיור תענוגות האביב,רקיט בנקיזר (ניר איסט) בעמ,,,"י""ח",1,,false,1,15.90,15.90,true,1,
7290112001030,false,מילוי מבשם אוטומטי פיור פריחת דובדבן,רקיט בנקיזר (ניר איסט) בעמ,,,"י""ח",1,,false,1,15.90,15.90,true,1,
7290112001221,false,"קולון מנקה מכונה לימון 250מ""ל",רקיט בנקיזר (ניר איסט) בעמ,,,"י""ח",2.50,"ל 100 מ""ל",false,1,19.90,7.96,true,1,
7290112001238,false,"קולון מנקה מכונה לימון 250מ""ל",רקיט בנקיזר (ניר איסט) בעמ,,,"י""ח",2.50,"ל 100 מ""ל",false,1,19.90,7.96,false,1,
7290112001436,false,מנקה ומחדש לימון,רקיט בנקיזר (ניר איסט) בעמ,,,"י""ח",2,ליטר,false,1,14.90,7.45,true,1,
7290112002044,false,פיניש מנקה מדיח טבליות,רקיט בנקיזר (ניר איסט) בעמ,,,"י""ח",1,,false,1,14.90,14.90,false,1,
7290112002099,false,קולון גל 2.5 ל`רגיל כחול,רקיט בנקיזר (ניר איסט) בעמ,,,"י""ח",2.50,ליטר,false,1,21.90,8.76,true,1,
7290112002105,false,קולון גל 2.5 ל`כביסה מרוכז סגול,רקיט בנקיזר (ניר איסט) בעמ,,,"י""ח",2.50,ליטר,false,1,21.90,8.76,true,1,
7290112002112,false,קולון גל 2.5 ל`בניחוח ורדים ורוד,רקיט בנקיזר (ניר איסט) בעמ,,,"י""ח",2.50,ליטר,false,1,21.90,8.76,true,1,
7290112002129,false,קולון גל 2.5 ל`בניחוח מרענן ירוק,רקיט בנקיזר (ניר איסט) בעמ,,,"י""ח",2.50,ליטר,false,1,21.90,8.76,true,1,
7290112002136,false,קולון גל 4  ל`רגיל כחול,רקיט בנקיזר (ניר איסט) בעמ,,,"י""ח",4,ליטר,false,1,34.90,8.73,false,1,
7290112002143,false,קולון גל 4  ל`לילך סגול,רקיט בנקיזר (ניר איסט) בעמ,,,"י""ח",4,ליטר,false,1,34.90,8.73,false,1,
7290112002150,false,קולון גל 4  ל`בניחוח ורדים,רקיט בנקיזר (ניר איסט) בעמ,,,"י""ח",4,ליטר,false,1,34.90,8.73,false,1,
7290112002167,false,קולון גל 4  ל`בניחוח פריחה מרענן,רקיט בנקיזר (ניר איסט) בעמ,,,"י""ח",4,ליטר,false,1,34.90,8.73,false,1,
7290112002457,false,מארז שלישייה מגבונים דטול,רקיט בנקיזר (ניר איסט) בעמ,,,"י""ח",1,,false,1,21.90,21.90,false,1,
7290112003188,false,קולון קפסולות לכביסה 1/60,רקיט בנקיזר (ניר איסט) בעמ,,,"י""ח",60,"י""ח",false,1,54.90,0.92,true,1,
7290112004109,false,דטול מגבונים חיטוי וניקוי שלישיה,רקיט בנקיזר (ניר איסט) בעמ,,,"י""ח",3,"י""ח",false,1,21.90,7.30,false,1,
7290112004208,false,פיניש  50 טבליות למדיח הכל ב1 לימון,רקיט בנקיזר (ניר איסט) בעמ,,,"י""ח",50,"י""ח",false,1,34.90,0.70,true,1,
7290112004314,false,"דטול תרסיס מנקה ומחטא רימונים 750מ""ל",רקיט בנקיזר (ניר איסט) בעמ,,,"י""ח",7.50,"ל 100 מ""ל",false,1,14.90,1.99,true,1,
7290112004413,false,"וניש לבן ספריי 750מ""ל",רקיט בנקיזר (ניר איסט) בעמ,,,"י""ח",7.50,"ל 100 מ""ל",false,1,14.90,1.99,true,1,
7290112004451,false,דטול מחטא כביסה לספורט 1.5ליטר,רקיט בנקיזר (ניר איסט) בעמ,,,"י""ח",1.50,ליטר,false,1,14.90,9.93,true,1,
7290112004604,false,מארז שלישייה מגבונים דטול,רקיט בנקיזר (ניר איסט) בעמ,,,"י""ח",1,,false,1,21.90,21.90,false,1,
7290112004611,false,"וניש מולטי פאוור 200מ""ל ג`ל מרוכז.",רקיט בנקיזר (ניר איסט) בעמ,,,"י""ח",2,"ל 100 מ""ל",false,1,14.90,7.45,true,1,
7290112004772,false,מילוי מבשם אויר חשמלי ניחוח כביסה,רקיט בנקיזר (ניר איסט) בעמ,,,"י""ח",1,,false,1,16.90,16.90,true,1,
7290112004963,false,פיניש אולטימייט 25 קפסולות בשקית,רקיט בנקיזר (ניר איסט) בעמ,,,"י""ח",30,"י""ח",false,1,34.90,1.16,true,1,
7290112004970,false,פיניש אולטימייט 50 קפסולות בשקית,רקיט בנקיזר (ניר איסט) בעמ,,,"י""ח",50,"י""ח",false,1,54.90,1.10,true,1,
7290112004987,false,אירוויק פרשמטיק מילוי בניחוח לבנדר,רקיט בנקיזר (ניר איסט) בעמ,,,"י""ח",1,,false,1,15.90,15.90,true,1,
7290112005045,false,וניש  אבקה לכביסה לבנה  480ג,רקיט בנקיזר (ניר איסט) בעמ,,,"י""ח",4.80,ל 100 גרם,false,1,14.90,3.10,true,1,
7290112005052,false,"וניש  אבקה לכביסה 1.5ק""ג לבן",רקיט בנקיזר (ניר איסט) בעמ,,,"י""ח",1.50,ל 100 גרם,false,1,39.90,26.60,true,1,
7290112005076,false,וניש  אבקה לכביסה צבעונית   480ג,רקיט בנקיזר (ניר איסט) בעמ,,,"י""ח",4.80,ל 100 גרם,false,1,14.90,3.10,true,1,
7290112005083,false,"וניש  אבקה לכביסה 1.5ק""ג צבעונית",רקיט בנקיזר (ניר איסט) בעמ,,,"י""ח",1.50,ל 100 גרם,false,1,39.90,26.60,true,1,
7290112005168,false,פיניש קוואנטום 60 קפסולות לימון בשקית,רקיט בנקיזר (ניר איסט) בעמ,,,"י""ח",45,"י""ח",false,1,54.90,1.22,true,1,
7290112192158,false,"ניוקי תפו""א ללא גלוטן 500ג",גורי מוצרי צריכה בעמ,,,"י""ח",5,ל 100 גרם,false,1,10.90,2.18,false,1,
7290112192561,false,"משחת פרודונטקס משחת שיניים הגנה 75מ""ל.",גורי ע.ע.ע. בעמ,,,"י""ח",0.75,"ל 100 מ""ל",false,1,27.90,37.20,true,1,
7290112192578,false,"משחת פרודונטקס משחת שיניים הגנה 75מ""ל",גורי ע.ע.ע. בעמ,,,"י""ח",0.75,"ל 100 מ""ל",false,1,27.90,37.20,true,1,
7290112195647,false,"שמן זית  כתית מעולה  750מ""ל הזית",א.ג בחירה חכמה בעמ,,,"י""ח",7.50,"ל 100 מ""ל",false,1,29.90,3.99,true,1,
7290112197177,false,דגני בוקר במילוי קרם בטעם נוגט 375גר,גורי מוצרי צריכה בעמ,,,"י""ח",3.75,ל 100 גרם,false,1,16.90,4.51,true,1,
7290112197184,false,דגני בוקר במילוי קרם בטעם קרמל 375גר,גורי מוצרי צריכה בעמ,,,"י""ח",3.75,ל 100 גרם,false,1,16.90,4.51,true,1,
7290112197191,false,דגני בוקר במילוי קרם וניל 375גר,גורי מוצרי צריכה בעמ,,,"י""ח",3.75,ל 100 גרם,false,1,16.90,4.51,true,1,
7290112330352,false,דנונה פרו 20גר וניל 0% שומן,"שטראוס גרופ ***בע""מ",,,"י""ח",0.20,"ל 100 מ""ל",false,1,5.90,29.50,true,1,
7290112330390,false,דנונה פרו 20גר פירות יער 0% שומן,"שטראוס גרופ ***בע""מ",,,"י""ח",2,"ל 100 מ""ל",false,1,5.90,2.95,true,1,
7290112332585,false,"פריכיות תפו""א,אורז,בתיבול סלק ומלח  30גר","שטראוס גרופ בע""מ",,,"י""ח",0.30,ל 100 גרם,false,1,5,16.67,true,1,
7290112332691,false,פינוקיות פסק זמן אגוזים 200גר,"שטראוס גרופ בע""מ",,,"י""ח",2,ל 100 גרם,false,1,11.90,5.95,true,1,
7290112332875,false,מאסט לארג באבלמינט 80גר,"שטראוס גרופ בע""מ",,,"י""ח",0.80,ל 100 גרם,false,1,13.90,17.38,true,1,
7290112332899,false,מסטיק בזוקה פופים קלאסי 58גר,"שטראוס גרופ בע""מ",,,"י""ח",0.58,ל 100 גרם,false,1,9.90,17.07,true,1,
7290112334596,false,שוקולית 850 ג  (שקית) +,"שטראוס גרופ בע""מ",,,"י""ח",8.50,ל 100 גרם,false,1,17.90,2.11,true,1,
7290112334749,false,קפה טורקי שקית 200 עלית +10% תוספת.,"שטראוס גרופ בע""מ",,,"י""ח",2,ל 100 גרם,false,1,17.90,8.95,true,1,
7290112335043,false,מרשמלו בזוקה 150גר עלית,"שטראוס גרופ בע""מ",,,"י""ח",1.50,ל 100 גרם,false,1,6.90,4.60,true,1,
7290112335487,false,פריכיות הטעימות קצח ודגנים 135גר,"שטראוס גרופ בע""מ",,,"י""ח",1.35,ל 100 גרם,false,1,12.90,9.56,true,1,
7290112335494,false,פריכיות הטעימות פוטטוס 135גר,"שטראוס גרופ בע""מ",,,"י""ח",1.35,ל 100 גרם,false,1,12.90,9.56,true,1,
7290112335500,false,פריכיות הטעימות חלבון 135גר,"שטראוס גרופ בע""מ",,,"י""ח",1.35,ל 100 גרם,false,1,12.90,9.56,true,1,
7290112336613,false,עד חצות סנדוויץ 135גר,"שטראוס גרופ בע""מ",,,"י""ח",1.35,ל 100 גרם,false,1,9.90,7.33,true,1,
7290112336637,false,"סוכריות MUST טעם לל""ס יוגורט תות אוכמנ","שטראוס גרופ בע""מ",,,"י""ח",0.80,ל 100 גרם,false,1,8.90,11.13,true,1,
7290112336644,false,"סוכריות MUST טעם לל""ס לימון","שטראוס גרופ בע""מ",,,"י""ח",0.80,ל 100 גרם,false,1,8.90,11.13,true,1,
7290112336651,false,"סוכריות MUST טעם לל""ס ריבת חלב","שטראוס גרופ בע""מ",,,"י""ח",0.80,ל 100 גרם,false,1,8.90,11.13,true,1,
7290112336712,false,דנונה פרו 21גר 0% 200גר,"שטראוס גרופ ***בע""מ",,,"י""ח",0.20,"ל 100 מ""ל",false,1,5.90,29.50,true,1,
7290112337474,false,"סוכריות MUST טעם לל""ס פטל לימון","שטראוס גרופ בע""מ",,,"י""ח",0.80,ל 100 גרם,false,1,8.90,11.13,true,1,
7290112337481,false,"סוכריות MUST טעם לל""ס קפוצ`ינו","שטראוס גרופ בע""מ",,,"י""ח",0.80,ל 100 גרם,false,1,8.90,11.13,true,1,
7290112338877,false,סקי תות 3% 125גר,"שטראוס גרופ ***בע""מ",,,"י""ח",1.25,ל 100 גרם,false,1,3.80,3.04,true,1,
7290112339362,false,דנונה לייט אנד פריי טעם קפוצ`ינו 150גר.,"שטראוס גרופ ***בע""מ",,,"י""ח",1.50,"ל 100 מ""ל",false,1,4.50,3,true,1,
7290112339867,false,גמדים סקוויז  תות בודד 100ג,"שטראוס גרופ ***בע""מ",,,"י""ח",1,ל 100 גרם,false,1,5.90,5.90,true,1,
7290112339874,false,גמדים סקוויז  תות בננה  בודד 100ג,"שטראוס גרופ ***בע""מ",,,"י""ח",1,ל 100 גרם,false,1,5.90,5.90,true,1,
7290112340122,false,פריכיות הטעימות 3דגנים 135גר,"שטראוס גרופ בע""מ",,,"י""ח",1.35,ל 100 גרם,false,1,12.90,9.56,true,1,
7290112340245,false,מסטיק מאסט בטעם דובדבן 66גר,"שטראוס גרופ בע""מ",,,"י""ח",0.66,ל 100 גרם,false,1,9.90,15,true,1,
7290112340276,false,פינוקיות קפה נמס  200גר,"שטראוס גרופ בע""מ",,,"י""ח",2,ל 100 גרם,false,1,11.90,5.95,true,1,
7290112340900,false,קפה האג 200 גר,"שטראוס גרופ בע""מ",,,"י""ח",2,ל 100 גרם,false,1,24.90,12.45,true,1,
7290112341556,false,אקטיביה צ`יה ותות בודד 150גר,"שטראוס גרופ ***בע""מ",,,"י""ח",1.50,ל 100 גרם,false,1,4.60,3.07,true,1,
7290112341679,false,אקטיביה 200גר  3%.,"שטראוס גרופ ***בע""מ",,,"י""ח",2,ל 100 גרם,false,1,3.90,1.95,true,1,
7290112341686,false,מארז אקטיביה שמינייה 3% 150גר,"שטראוס גרופ ***בע""מ",,,"י""ח",1.20,ליטר,false,1,19.90,16.58,true,1,
7290112342102,false,סימפוניה בצל מקורמל 200גר,"שטראוס גרופ ***בע""מ",,,"י""ח",2,ל 100 גרם,false,1,10.90,5.45,true,1,
7290112342195,false,תפוצ יפס מקלות  טבעי 200ג.,"שטראוס פריטו ליי בע""מ",,,"י""ח",2,ל 100 גרם,false,1,10.90,5.45,true,1,
7290112342270,false,קפה אינטנס 10% פלטינווס 125גר,"שטראוס גרופ בע""מ",,,"י""ח",1.25,ל 100 גרם,false,1,18.20,14.56,true,1,
7290112342362,false,אקטיביה 150גר  3%,"שטראוס גרופ ***בע""מ",,,"י""ח",1.50,ל 100 גרם,false,1,3.20,2.13,true,1,
7290112342508,false,דוריטוס ציזי טוויסט 70ג,"שטראוס פריטו ליי בע""מ",,,"י""ח",0.70,ל 100 גרם,false,1,3.90,5.57,true,1,
7290112343260,false,רוטב שמנת קלאסי  9%,"שטראוס גרופ ***בע""מ",,,"י""ח",2.60,ל 100 גרם,false,1,10.90,4.19,true,1,
7290112343420,false,"יטבתה פרו ארוחת בוקר  350מ""ל","שטראוס גרופ ***בע""מ",,,"י""ח",3.50,"ל 100 מ""ל",false,1,7.50,2.14,true,1,
7290112343499,false,צ יטוס פאפס 55ג,"שטראוס פריטו ליי בע""מ",,,"י""ח",0.60,ל 100 גרם,false,1,3.50,5.83,true,1,
7290112343512,false,ציטוס פאפס 160ג,"שטראוס פריטו ליי בע""מ",,,"י""ח",1.80,ל 100 גרם,false,1,7.50,4.17,true,1,
7290112344564,false,רביולי גבינה שטראוס,"שטראוס גרופ ***בע""מ",,,"י""ח",4,ל 100 גרם,false,1,19.90,4.98,true,1,
7290112344724,false,מילקי טעם שוקולד בלונדי 133גר,"שטראוס גרופ ***בע""מ",,,"י""ח",1.33,ל 100 גרם,false,1,3.40,2.56,true,1,
7290112344755,false,מילקי עם 26% פחות סוכר 135 גר}שטראוס{,"שטראוס גרופ ***בע""מ",,,"י""ח",1.30,"ל 100 מ""ל",false,1,2.90,2.23,true,1,
7290112344786,false,קפה נמס פלטינום קלאסיק  200גר,"שטראוס גרופ בע""מ",,,"י""ח",2,ל 100 גרם,false,1,19.90,9.95,true,1,
7290112344953,false,סימפוניה 3% חציל קלוי 200גר,"שטראוס גרופ ***בע""מ",,,"י""ח",2,ל 100 גרם,false,1,10.90,5.45,true,1,
7290112344991,false,דנונה לייט אנד פריי טעם תות 150גר.,"שטראוס גרופ ***בע""מ",,,"י""ח",1.50,"ל 100 מ""ל",false,1,4.50,3,true,1,
7290112346360,false,בפלות אחד אחד בציפוי שוקולד חלב 180גר,"שטראוס גרופ בע""מ",,,"י""ח",1.80,ל 100 גרם,false,1,13.90,7.72,true,1,
7290112346506,false,דנונה לייט אנד פריי טעם אפרסק 150גר.,"שטראוס גרופ ***בע""מ",,,"י""ח",1.50,"ל 100 מ""ל",false,1,4.50,3,true,1,
7290112346537,false,פינוקיות טעם טורטית  200גר,"שטראוס גרופ בע""מ",,,"י""ח",2,ל 100 גרם,false,1,11.90,5.95,true,1,
7290112346629,false,דנונה קראנצי קורנפלקס מצופה שוקולד,"שטראוס גרופ ***בע""מ",,,"י""ח",1.75,"ל 100 מ""ל",false,1,4.40,2.51,true,1,
7290112346773,false,דנונה לייט אנד פריי טעם וניל עם חלבון,"שטראוס גרופ ***בע""מ",,,"י""ח",1.50,"ל 100 מ""ל",false,1,4.50,3,true,1,
7290112346797,false,אקטיביה שיבולת שועל ושזיף  150גר,"שטראוס גרופ ***בע""מ",,,"י""ח",1.50,ל 100 גרם,false,1,4.60,3.07,true,1,
7290112347008,false,גמדים סקוויז תות בננה  בודד 100ג,"שטראוס גרופ ***בע""מ",,,"י""ח",1,ל 100 גרם,false,1,5.90,5.90,true,1,
7290112347473,false,דנונה שמינייה דיאט פריי תות ואפרסק 1.2,"שטראוס גרופ ***בע""מ",,,"י""ח",1.20,ליטר,false,1,26.90,22.42,true,1,
7290112348142,false,שעועית לבנה 380גרם טעם הטבע קופסה,"שטראוס גרופ בע""מ",,,"י""ח",3.80,ל 100 גרם,false,1,6.90,1.82,true,1,
7290112348586,false,אייס קפה נמס קלאסי  200 ג.,"שטראוס גרופ בע""מ",,,"י""ח",2,ל 100 גרם,false,1,19.90,9.95,true,1,
7290112348616,false,אייס קפה נמס אגוזי לוז 100 ג.,"שטראוס גרופ בע""מ",,,"י""ח",1,ל 100 גרם,false,1,19.90,19.90,true,1,
7290112348999,false,פריכיות הטעימות תירס דקות 135גר,"שטראוס גרופ בע""מ",,,"י""ח",1.35,ל 100 גרם,false,1,12.90,9.56,true,1,
7290112349316,false,בזוקה ביג פופים טעם תות 85גר,"שטראוס גרופ בע""מ",,,"י""ח",0.80,ל 100 גרם,false,1,13.90,17.38,true,1,
7290112349606,false,דניאלה  תות בננה,"שטראוס גרופ ***בע""מ",,,"י""ח",1.50,"ל 100 מ""ל",false,1,3.90,2.60,true,1,
7290112349705,false,רוטב עגבניות לפסטה קלאסי 350גר,"שטראוס גרופ בע""מ",,,"י""ח",3.50,ל 100 גרם,false,1,11.90,3.40,true,1,
7290112349736,false,רוטב עגבניות לפסטה בזיליקום 350גר,"שטראוס גרופ בע""מ",,,"י""ח",3.50,ל 100 גרם,false,1,11.90,3.40,true,1,
7290112349743,false,רוטב עגבניות לפסטה פיקנטי 350גר,"שטראוס גרופ בע""מ",,,"י""ח",3.50,ל 100 גרם,false,1,11.90,3.40,true,1,
7290112349750,false,.רוטב עגבניות לפסטה לפיצה 350גר,"שטראוס גרופ בע""מ",,,"י""ח",3.50,ל 100 גרם,false,1,11.90,3.40,true,1,
7290112349903,false,רוטב שמנת עם גרגירי וניל,"שטראוס גרופ ***בע""מ",,,"י""ח",2,ל 100 גרם,false,1,10.90,5.45,true,1,
7290112350275,false,"קפסולות אספרסו Lungo עלית 10יח כשל""פ","שטראוס גרופ בע""מ",,,"י""ח",0.50,ל 100 גרם,false,1,19,38,true,1,
7290112350312,false,"קפסולות אספרסו חזק עלית 15יח כשל""פ","שטראוס גרופ בע""מ",,,"י""ח",0.50,ל 100 גרם,false,1,19,38,true,1,
7290112350589,false,צי קו 65 ג  נס 2020,"שטראוס גרופ בע""מ",,,"י""ח",0.65,ל 100 גרם,false,1,11.50,17.69,true,1,
7290112351067,false,סילאן  טבעי לחיץ 630ג יד מרדכי,"שטראוס גרופ בע""מ",,,"י""ח",6.30,ל 100 גרם,false,1,24.90,3.95,true,1,
7290112351258,false,פינוקיות שחור לבן 200גר,"שטראוס גרופ בע""מ",,,"י""ח",2,ל 100 גרם,false,1,11.90,5.95,true,1,
7290112351470,false,שלישיית סוכריות Fresh רימון תות,"שטראוס גרופ בע""מ",,,"י""ח",0.45,ל 100 גרם,false,1,8.90,19.78,true,1,
7290112351524,false,עלי סלנובה 200גר ירקות שטראוס,"שטראוס גרופ ***בע""מ",,,"י""ח",2,ל 100 גרם,false,1,12.90,6.45,true,1,
7290112353412,false,"פריכיות המשולשות תפו""א תירס אפונה 30גר","שטראוס גרופ בע""מ",,,"י""ח",0.30,ל 100 גרם,false,1,5,16.67,true,1,
7290112353887,false,משקה קפה קר טעם אגוזים 230גר,"שטראוס גרופ ***בע""מ",,,"י""ח",2.30,"ל 100 מ""ל",false,1,7.90,3.43,true,1,
7290112354174,false,פסטה רוזה דלישס,קפוא זן תעשיות מזון בעמ,,,"י""ח",3,ל 100 גרם,false,1,16.90,5.63,true,1,
7290112354211,false,פיצה מרגריטה דלישס,קפוא זן תעשיות מזון בעמ,,,"י""ח",3,ל 100 גרם,false,1,25.90,8.63,true,1,
7290112354235,false,ברקטה פיצה דלישס,קפוא זן תעשיות מזון בעמ,,,"י""ח",3,ל 100 גרם,false,1,20,6.67,true,1,
7290112354242,false,דלישס קונוס פיצה,קפוא זן תעשיות מזון בעמ,,,"י""ח",3,ל 100 גרם,false,1,20,6.67,true,1,
7290112354945,false,תפוציפס טבע 50 גרם WAVY,"שטראוס פריטו ליי בע""מ",,,"י""ח",0.50,ל 100 גרם,false,1,4.50,9,true,1,
7290112354952,false,תפוציפס פפריקה  50 גרם WAVY,"שטראוס פריטו ליי בע""מ",,,"י""ח",0.50,ל 100 גרם,false,1,4.50,9,true,1,
7290112354969,false,תפוציפס טבעי  200 ג WAVY,"שטראוס פריטו ליי בע""מ",,,"י""ח",2,ל 100 גרם,false,1,10.90,5.45,true,1,
7290112355027,false,דנונה פרו 20גר טעם קרמל מלוח 200גר,"שטראוס גרופ ***בע""מ",,,"י""ח",0.20,"ל 100 מ""ל",false,1,5.90,29.50,true,1,
7290112355102,false,גמדים פאוץ סלט פירות בודד 100ג,"שטראוס גרופ ***בע""מ",,,"י""ח",1,ל 100 גרם,false,1,5.90,5.90,true,1,
7290112355263,false,רוטב שמנת עם שקולד  9%,"שטראוס גרופ ***בע""מ",,,"י""ח",2,ל 100 גרם,false,1,10.90,5.45,true,1,
7290112355386,false,רוטב שמנת בטעם קרמל מלוח,"שטראוס גרופ ***בע""מ",,,"י""ח",2,ל 100 גרם,false,1,10.90,5.45,true,1,
7290112355775,false,סימפוניה 5% עירית 200גר,"שטראוס גרופ ***בע""מ",,,"י""ח",2,ל 100 גרם,false,1,10.90,5.45,true,1,
7290112356536,false,שקית קקאו 150 גרם+10%,"שטראוס גרופ בע""מ",,,"י""ח",1.50,ל 100 גרם,false,1,9.90,6.60,true,1,
7290112357045,false,עגבניות מרוסקות טעם הטבע קופסה 390גר,"שטראוס גרופ בע""מ",,,"י""ח",3.90,ל 100 גרם,false,1,6.60,1.69,true,1,
7290112357069,false,מחית עגבניות איטלקיות טעם הטבע קופסה50,"שטראוס גרופ בע""מ",,,"י""ח",5,ל 100 גרם,false,1,6.90,1.38,true,1,
7290112357076,false,קוביות עגבניות טעם הטבע קופסה 390גר,"שטראוס גרופ בע""מ",,,"י""ח",3.90,ל 100 גרם,false,1,6.60,1.69,true,1,
7290112357083,false,אפונה גינה 380גרם טעם הטבע קופסה,"שטראוס גרופ בע""מ",,,"י""ח",3.80,ל 100 גרם,false,1,6.90,1.82,true,1,
7290112357106,false,שעועית אדומה 380גרם טעם הטבע קופסה,"שטראוס גרופ בע""מ",,,"י""ח",3.80,ל 100 גרם,false,1,6.90,1.82,true,1,
7290112357113,false,גרגרי חומוס 380גרם טעם הטבע קופסה,"שטראוס גרופ בע""מ",,,"י""ח",3.80,ל 100 גרם,false,1,6.90,1.82,true,1,
7290112357175,false,"קפסולות אספרסו Boost עלית 14יח כשל""פ","שטראוס גרופ בע""מ",,,"י""ח",0.50,ל 100 גרם,false,1,19,38,true,1,
7290112358004,false,פסק זמן קראנץ 32גר,"שטראוס גרופ בע""מ",,,"י""ח",0.45,ל 100 גרם,false,1,4.90,10.89,true,1,
7290112358127,false,דנונה פרו 200גר עם מגנזיום,"שטראוס גרופ ***בע""מ",,,"י""ח",2,"ל 100 מ""ל",false,1,6.30,3.15,true,1,
7290112358219,false,"רוטב צ`ילי מתוק 280מ""ל יד מרדכי","שטראוס גרופ בע""מ",,,"י""ח",2.80,"ל 100 מ""ל",false,1,12.90,4.61,true,1,
7290112358233,false,"רוטב צ`ילי חריף  280מ""ל יד מרדכי","שטראוס גרופ בע""מ",,,"י""ח",2.80,"ל 100 מ""ל",false,1,12.90,4.61,true,1,
7290112358240,false,"רוטב גריל 300מ""ל יד מרדכי","שטראוס גרופ בע""מ",,,"י""ח",3,"ל 100 מ""ל",false,1,12.90,4.30,true,1,
7290112358257,false,"רוטב לעוף עם שזיפים  300מ""ל יד מרדכי","שטראוס גרופ בע""מ",,,"י""ח",3,"ל 100 מ""ל",false,1,12.90,4.30,true,1,
7290112358431,false,ביסקויט עד חצות דאבל 200גר,"שטראוס גרופ בע""מ",,,"י""ח",2,ל 100 גרם,false,1,13.10,6.55,true,1,
7290112358554,false,מארז קפה נמס לדרך 1.8גרם *28שקיות,"שטראוס גרופ בע""מ",,,"י""ח",0.50,ל 100 גרם,false,1,10.90,21.80,true,1,
7290112358561,false,פלטיניום קלאסיק 47גר,"שטראוס גרופ בע""מ",,,"י""ח",0.47,ל 100 גרם,false,1,5.90,12.55,true,1,
7290112359384,false,אייס קפה נמס אלפחורס ריבת חלב 100גר.,"שטראוס גרופ בע""מ",,,"י""ח",2,ל 100 גרם,false,1,19.90,9.95,true,1,
7290112490032,false,נמס בכוס תירס,"יוניליוור ישראל שיווק בע""מ",,,"י""ח",0.64,ל 100 גרם,false,1,6.90,10.78,true,1,
7290112490117,false,טבלת קליק XL שוק. חלב עם ופל ואגוזים,"יוניליוור ישראל שיווק בע""מ",,,"י""ח",0.85,ל 100 גרם,false,1,4.90,5.76,true,1,
7290112490209,false,נמס בכוס עגבניות 56ג,"יוניליוור ישראל שיווק בע""מ",,,"י""ח",0.56,ל 100 גרם,false,1,6.90,12.32,true,1,
7290112490216,false,נמס בכוס טעם עוף  48ג,"יוניליוור ישראל שיווק בע""מ",,,"י""ח",0.48,ל 100 גרם,false,1,6.90,14.38,true,1,
7290112490230,false,נמס בכוס אפונה  50ג,"יוניליוור ישראל שיווק בע""מ",,,"י""ח",0.50,ל 100 גרם,false,1,6.90,13.80,true,1,
7290112490582,false,חרדל דיזון צרפתי 350ג,"יוניליוור ישראל שיווק בע""מ",,,"י""ח",3.50,ל 100 גרם,false,1,9.90,2.83,false,1,
7290112490599,false,חרדל צרפתי עם גרגרים שלמים 350ג,"יוניליוור ישראל שיווק בע""מ",,,"י""ח",3.50,ל 100 גרם,false,1,9.90,2.83,false,1,
7290112490650,false,קונפיטורה תות שדה 340ג,"יוניליוור ישראל שיווק בע""מ",,,"י""ח",3.40,ל 100 גרם,false,1,11.90,3.50,false,1,
7290112490698,false,קונפיטורה תות לייט 260ג,"יוניליוור ישראל שיווק בע""מ",,,"י""ח",2.60,ל 100 גרם,false,1,12.90,4.96,false,1,
7290112490742,false,מרק עשיר פטריות גריסים ר.טבע י 104ג,"יוניליוור ישראל שיווק בע""מ",,,"י""ח",1.04,ל 100 גרם,false,1,11.90,11.44,false,1,
7290112490827,false,"בדין תרסיס למייבש בייבי 500מ""ל","יוניליוור ישראל שיווק בע""מ",,,"י""ח",5,"ל 100 מ""ל",false,1,15.90,3.18,false,1,
7290112490896,false,"רוטב צ ילי חריף  370 מ""ל קנור","יוניליוור ישראל שיווק בע""מ",,,"י""ח",3,"ל 100 מ""ל",false,1,10.90,3.63,true,1,
7290112491701,false,"ברנפלקס חלבון בד""ץ 375ג","יוניליוור ישראל שיווק בע""מ",,,"י""ח",3.75,ל 100 גרם,false,1,19.90,5.31,true,1,
7290112491770,false,בייגלה דקים דקים מלח  300 גר`,"יוניליוור ישראל שיווק בע""מ",,,"י""ח",3,ל 100 גרם,false,1,9.90,3.30,true,1,
7290112491787,false,בייגלה דקים דקים שומשום  300 גר`,"יוניליוור ישראל שיווק בע""מ",,,"י""ח",3,ל 100 גרם,false,1,9.90,3.30,true,1,
7290112491794,false,בייגלה דקים דקים שמנת בצל  300 גר`,"יוניליוור ישראל שיווק בע""מ",,,"י""ח",3,ל 100 גרם,false,1,9.90,3.30,true,1,
7290112492449,false,פינוק  שמפו(כחול)לשיער רגיל,"יוניליוור ישראל שיווק בע""מ",,,"י""ח",7,"ל 100 מ""ל",false,1,11.90,1.70,true,1,
7290112492456,false,פינוק  שמפו(כחול)לשיער יבש,"יוניליוור ישראל שיווק בע""מ",,,"י""ח",7,"ל 100 מ""ל",false,1,11.90,1.70,true,1,
7290112492463,false,פינוק שמפו+קונדישינר רגיל,"יוניליוור ישראל שיווק בע""מ",,,"י""ח",7,"ל 100 מ""ל",false,1,11.90,1.70,true,1,
7290112492470,false,פינוק שמפו+קונדישינר יבש,"יוניליוור ישראל שיווק בע""מ",,,"י""ח",7,"ל 100 מ""ל",false,1,11.90,1.70,true,1,
7290112492500,false,"פינוק שמפו שמן קוקוס 700מ""ל","יוניליוור ישראל שיווק בע""מ",,,"י""ח",7,"ל 100 מ""ל",false,1,11.90,1.70,true,1,
7290112492531,false,"פינוק קונדישנר לשיער רגיל 700מ""ל","יוניליוור ישראל שיווק בע""מ",,,"י""ח",7,"ל 100 מ""ל",false,1,11.90,1.70,true,1,
7290112492548,false,קונדשנר פינוק לשיער יבש,"יוניליוור ישראל שיווק בע""מ",,,"י""ח",7,"ל 100 מ""ל",false,1,11.90,1.70,true,1,
7290112492579,false,"פינוק מרכך  שמן קוקוס 700מ""ל","יוניליוור ישראל שיווק בע""מ",,,"י""ח",7,"ל 100 מ""ל",false,1,11.90,1.70,true,1,
7290112492593,false,פינוק סבון נוזלי בניחוח קלאסי,"יוניליוור ישראל שיווק בע""מ",,,"י""ח",7.50,"ל 100 מ""ל",false,1,10.90,1.45,false,1,
7290112492609,false,"פינוק סבון נוזלי לבנדר ווניל 700 מ""ל","יוניליוור ישראל שיווק בע""מ",,,"י""ח",7,"ל 100 מ""ל",false,1,10.90,1.56,false,1,
7290112492630,false,"פינוק לגבר 3ב1 700מ""ל.","יוניליוור ישראל שיווק בע""מ",,,"י""ח",7,"ל 100 מ""ל",false,1,11.90,1.70,true,1,
7290112492647,false,"פינוק לגבר 3ב1 700מ""ל.","יוניליוור ישראל שיווק בע""מ",,,"י""ח",7,"ל 100 מ""ל",false,1,11.90,1.70,true,1,
7290112492722,false,פינוק שמפו ומרכך לסירוק קל לילדים700מ,"יוניליוור ישראל שיווק בע""מ",,,"י""ח",7,"ל 100 מ""ל",false,1,13.90,1.99,true,1,
7290112492746,false,פינוק מרכך לסירוק קל לילדים700מ,"יוניליוור ישראל שיווק בע""מ",,,"י""ח",7,"ל 100 מ""ל",false,1,13.90,1.99,true,1,
7290112492753,false,"פינוק אל סבון לרחצה לילדים 700מ""ל","יוניליוור ישראל שיווק בע""מ",,,"י""ח",7,"ל 100 מ""ל",false,1,9.90,1.41,false,1,
7290112492944,false,"מרק עוף אמיתי{קנור}400גר כשל""פ","יוניליוור ישראל שיווק בע""מ",,,"י""ח",4,ל 100 גרם,false,1,16.90,4.23,true,1,
7290112492982,false,מרק פטריות רכיבים טבעיים 400ג קנור,"יוניליוור ישראל שיווק בע""מ",,,"י""ח",4,ל 100 גרם,false,1,16.90,4.23,true,1,
7290112492999,false,"מרק טעם עוף  400 גר`בד""צ","יוניליוור ישראל שיווק בע""מ",,,"י""ח",4,ל 100 גרם,false,1,13.90,3.48,true,1,
7290112493064,false,"רוטב ל עוף שזיפים בד""צ 320גרם","יוניליוור ישראל שיווק בע""מ",,,"י""ח",3.20,ל 100 גרם,false,1,10.90,3.41,true,1,
7290112493088,false,נמס בכוס עדשים חריף,"יוניליוור ישראל שיווק בע""מ",,,"י""ח",0.48,ל 100 גרם,false,1,6.90,14.38,true,1,
7290112493095,false,נמס בכוס עגבניות חריף,"יוניליוור ישראל שיווק בע""מ",,,"י""ח",0.48,ל 100 גרם,false,1,6.90,14.38,true,1,
7290112493293,false,נמס בכוס ירקות 100% רכיבים טבעיים,"יוניליוור ישראל שיווק בע""מ",,,"י""ח",0.48,ל 100 גרם,false,1,6.90,14.38,true,1,
7290112493927,false,קרמיסימו מעדן קפוא טעם ריבת חלב,"גלידות שטראוס בע""מ",,,"י""ח",7.76,"ל 100 מ""ל",false,1,18.90,2.44,false,1,
7290112493934,false,קרמיסימו מעדן קפוא טעם וניל צרפתי,"גלידות שטראוס בע""מ",,,"י""ח",7.76,"ל 100 מ""ל",false,1,18.90,2.44,false,1,
7290112494016,false,מיונז מופחת שומן 500 תלמה,"יוניליוור ישראל שיווק בע""מ",,,"י""ח",5,ל 100 גרם,false,1,9.90,1.98,false,1,
7290112494153,false,תיבוליות קנור  צלי 72גרם,"יוניליוור ישראל שיווק בע""מ",,,"י""ח",0.72,ל 100 גרם,false,1,7.90,10.97,true,1,
7290112494221,false,קליק ביסקוויט    65ג,"יוניליוור ישראל שיווק בע""מ",,,"י""ח",0.65,ל 100 גרם,false,1,5.90,9.08,true,1,
7290112494238,false,קליק כדורים חלב 65ג,"יוניליוור ישראל שיווק בע""מ",,,"י""ח",0.65,ל 100 גרם,false,1,5.90,9.08,true,1,
7290112494276,false,קליק כריות  65ג,"יוניליוור ישראל שיווק בע""מ",,,"י""ח",0.65,ל 100 גרם,false,1,5.90,9.08,true,1,
7290112494283,false,קליק מעורב חום לבן 65ג,"יוניליוור ישראל שיווק בע""מ",,,"י""ח",0.65,ל 100 גרם,false,1,5.90,9.08,true,1,
7290112494313,false,קליק קורנפלקס   65ג,"יוניליוור ישראל שיווק בע""מ",,,"י""ח",0.65,ל 100 גרם,false,1,5.90,9.08,true,1,
7290112494344,false,קורנפלקס אלופים 850ג בדץ.,"יוניליוור ישראל שיווק בע""מ",,,"י""ח",8.50,ל 100 גרם,false,1,16.90,1.99,false,1,
7290112494351,false,קורנפלקס אלופים 850ג בדץ,"יוניליוור ישראל שיווק בע""מ",,,"י""ח",8.50,ל 100 גרם,false,1,16.90,1.99,false,1,
7290112494382,false,פירה טעם ביתי  260גרם,"יוניליוור ישראל שיווק בע""מ",,,"י""ח",2.60,ל 100 גרם,false,1,9.90,3.81,false,1,
7290112494795,false,"בדין ג`ל כביסה לבנה וצבעונית 2.5ק""ג","יוניליוור ישראל שיווק בע""מ",,,"י""ח",2.50,ליטר,false,1,27.90,11.16,false,1,
7290112494801,false,"בדין ג`ל כביסה לבנה וצבעונית 2.5ק""ג","יוניליוור ישראל שיווק בע""מ",,,"י""ח",2.50,ליטר,false,1,27.90,11.16,false,1,
7290112494825,false,"דאב תרחיץ פנים רגיש 180מ""ל","יוניליוור ישראל שיווק בע""מ",,,"י""ח",1.80,"ל 100 מ""ל",false,1,11.90,6.61,false,1,
7290112494993,false,כריות תלמה וניל 686ג בדץ,"יוניליוור ישראל שיווק בע""מ",,,"י""ח",7.50,ל 100 גרם,false,1,24.90,3.32,true,1,
7290112495006,false,כריות נוגט  686ג  בדץ,"יוניליוור ישראל שיווק בע""מ",,,"י""ח",7.50,ל 100 גרם,false,1,24.90,3.32,false,1,
7290112495020,false,".כריות צ וקולדה 686 ג בד""ץ","יוניליוור ישראל שיווק בע""מ",,,"י""ח",7.50,ל 100 גרם,false,1,24.90,3.32,true,1,
7290112495037,false,"קוקומן בד""ץ 375ג  כדורים","יוניליוור ישראל שיווק בע""מ",,,"י""ח",3.75,ל 100 גרם,false,1,19.90,5.31,true,1,
7290112495044,false,"קוקומן כדורים בד""ץ 375ב","יוניליוור ישראל שיווק בע""מ",,,"י""ח",3.75,ל 100 גרם,false,1,19.90,5.31,true,1,
7290112495105,false,נשנשים שמנת בצל 260 גרם,"יוניליוור ישראל שיווק בע""מ",,,"י""ח",2.60,ל 100 גרם,false,1,11.90,4.58,true,1,
7290112495112,false,נשנשים זעתר  260 גרם,"יוניליוור ישראל שיווק בע""מ",,,"י""ח",2.60,ל 100 גרם,false,1,11.90,4.58,true,1,
7290112495143,false,נשנשים קרקר קוקטייל מלוח  300 גר.,"יוניליוור ישראל שיווק בע""מ",,,"י""ח",3,ל 100 גרם,false,1,11.90,3.97,true,1,
7290112495150,false,נשנשים עגול מלוח 350 גר.,"יוניליוור ישראל שיווק בע""מ",,,"י""ח",3,ל 100 גרם,false,1,11.90,3.97,true,1,
7290112495167,false,נשנשים קרקר משולשי שומשום 300ג,"יוניליוור ישראל שיווק בע""מ",,,"י""ח",3,ל 100 גרם,false,1,11.90,3.97,true,1,
7290112495174,false,נשנשים קרקר קוקטייל שומשום 300ג,"יוניליוור ישראל שיווק בע""מ",,,"י""ח",3,ל 100 גרם,false,1,11.90,3.97,true,1,
7290112495228,false,קורנפלקס  448ג דבש,"יוניליוור ישראל שיווק בע""מ",,,"י""ח",4.48,ל 100 גרם,false,1,17.90,4,true,1,
7290112495242,false,קורנפלקס אלופים 448ג מייפל,"יוניליוור ישראל שיווק בע""מ",,,"י""ח",4.48,ל 100 גרם,false,1,17.90,4,true,1,
7290112495280,false,"ברנפלקס ריבועי קינמון 400מ""ל","יוניליוור ישראל שיווק בע""מ",,,"י""ח",4,"ל 100 מ""ל",false,1,19.90,4.98,true,1,
7290112495433,false,דליפקאן 400ג אגוזי פקאן ושקדים,"יוניליוור ישראל שיווק בע""מ",,,"י""ח",4,ל 100 גרם,false,1,21.90,5.48,false,1,
7290112495488,false,קורנפלקס ללא גלוטן 500גר`,"יוניליוור ישראל שיווק בע""מ",,,"י""ח",5,ל 100 גרם,false,1,14.90,2.98,false,1,
7290112495556,false,מארז קליק  נוגט שלישייה,"יוניליוור ישראל שיווק בע""מ",,,"י""ח",1.06,ל 100 גרם,false,1,9.90,9.34,true,1,
7290112495662,false,קרקר חיטה מלאה עם פשתן 300גר,"יוניליוור ישראל שיווק בע""מ",,,"י""ח",3,ל 100 גרם,false,1,8.90,2.97,false,1,
7290112495747,false,"רוטב צילי מתוק 70% פחות סוכר  340מ""ל","יוניליוור ישראל שיווק בע""מ",,,"י""ח",3.40,"ל 100 מ""ל",false,1,10.90,3.21,true,1,
7290112495754,false,הלמנס לסלט אלף האיים 305גרם,"יוניליוור ישראל שיווק בע""מ",,,"י""ח",3.05,ל 100 גרם,false,1,9.90,3.25,true,1,
7290112495761,false,"הלמנס לסלט אלף האיים לייט 305גרם בד""צ","יוניליוור ישראל שיווק בע""מ",,,"י""ח",3.05,ל 100 גרם,false,1,9.90,3.25,true,1,
7290112495785,false,הלמנס רוטב שום 300גרם,"יוניליוור ישראל שיווק בע""מ",,,"י""ח",3,ל 100 גרם,false,1,9.90,3.30,true,1,
7290112495792,false,הלמנס רוטב שום לייט 300גרם,"יוניליוור ישראל שיווק בע""מ",,,"י""ח",3,ל 100 גרם,false,1,9.90,3.30,true,1,
7290112495808,false,הלמנס לסלט חרדל ודבש 305גרם,"יוניליוור ישראל שיווק בע""מ",,,"י""ח",3.05,ל 100 גרם,false,1,9.90,3.25,true,1,
7290112495815,false,הלמנס רוטב חרדל דבש לייט 305גר,"יוניליוור ישראל שיווק בע""מ",,,"י""ח",3.05,ל 100 גרם,false,1,9.90,3.25,true,1,
7290112495822,false,כריות תלמה בלאק 686ג בדץ,"יוניליוור ישראל שיווק בע""מ",,,"י""ח",7.50,ל 100 גרם,false,1,24.90,3.32,true,1,
7290112496027,false,"סירופ שוקולד לחיץ 580 מ""ל כשל""פ אפיכל","יוניליוור ישראל שיווק בע""מ",,,"י""ח",5.80,"ל 100 מ""ל",false,1,10.90,1.88,false,1,
7290112496034,false,"סירופ מייפל לחיץ 580 מ""ל כשל""פ אפיכל","יוניליוור ישראל שיווק בע""מ",,,"י""ח",5.80,"ל 100 מ""ל",false,1,10.90,1.88,false,1,
7290112496218,false,קנור רוטב טריאקי 340ג,"יוניליוור ישראל שיווק בע""מ",,,"י""ח",3.40,ל 100 גרם,false,1,10.90,3.21,true,1,
7290112496331,false,קורנפלקס  448ג בננה,"יוניליוור ישראל שיווק בע""מ",,,"י""ח",4.48,ל 100 גרם,false,1,17.90,4,true,1,
7290112496447,false,נמס בכוס טעם עוף אקסטרה אטריות,"יוניליוור ישראל שיווק בע""מ",,,"י""ח",0.39,ל 100 גרם,false,1,3.90,10,false,1,
7290112496461,false,נמס בכוס טעם עוף עם אטריות וקרטונים,"יוניליוור ישראל שיווק בע""מ",,,"י""ח",0.35,ל 100 גרם,false,1,3.90,11.14,false,1,
7290112497123,false,סחלב 56 גרם,"יוניליוור ישראל שיווק בע""מ",,,"י""ח",1.12,ל 100 גרם,false,1,11.90,10.63,false,1,
7290112497499,false,טבלת קליק לבן עוגיות 85ג,"יוניליוור ישראל שיווק בע""מ",,,"י""ח",1,ל 100 גרם,false,1,4.90,4.90,true,1,
7290112497505,false,"תחליב גוף וזלין ירוק עם אלוורה 600מ""ל","יוניליוור ישראל שיווק בע""מ",,,"י""ח",6,"ל 100 מ""ל",false,1,19.90,3.32,false,1,
7290112497710,false,פינוק שמפו אל דמע בייבי 700מ,"יוניליוור ישראל שיווק בע""מ",,,"י""ח",7,"ל 100 מ""ל",false,1,14.90,2.13,false,1,
7290112497727,false,פינוק אל סבון בייבי 700מ,"יוניליוור ישראל שיווק בע""מ",,,"י""ח",7,"ל 100 מ""ל",false,1,14.90,2.13,false,1,
7290112497864,false,מרק עוף רכיבים טבעיים 33% פחות נת 400ג,"יוניליוור ישראל שיווק בע""מ",,,"י""ח",4,ל 100 גרם,false,1,16.90,4.23,true,1,
7290112497932,false,נשנושים ביס טעם שמנת בצל 60גר`,"יוניליוור ישראל שיווק בע""מ",,,"י""ח",0.60,ל 100 גרם,false,1,3.90,6.50,false,1,
7290112497970,false,"רקסונה ספריי נשים טלק  150מ""ל","יוניליוור ישראל שיווק בע""מ",,,"י""ח",1.50,"ל 100 מ""ל",false,1,14.90,9.93,true,1,
7290112497994,false,גרנולה פרוטאין 300 גרם,"יוניליוור ישראל שיווק בע""מ",,,"י""ח",3,ל 100 גרם,false,1,15.90,5.30,false,1,
7290112498007,false,גרנולה פרוטאין 300 גרם,"יוניליוור ישראל שיווק בע""מ",,,"י""ח",3,ל 100 גרם,false,1,15.90,5.30,false,1,
7290112498052,false,מאגדת פתית צ`יפס עם בטטה,"יוניליוור ישראל שיווק בע""מ",,,"י""ח",0.84,ל 100 גרם,false,1,13.90,16.55,false,1,
7290112498069,false,"קוקומן כשל""פ ללא גלוטן","יוניליוור ישראל שיווק בע""מ",,,"י""ח",3.75,ל 100 גרם,false,1,19.90,5.31,true,1,
7290112498083,false,"פינוק שמפו עם שמן חוחבה  700מ""ל","יוניליוור ישראל שיווק בע""מ",,,"י""ח",7,"ל 100 מ""ל",false,1,11.90,1.70,true,1,
7290112498090,false,"פינוק מרכך עם שמן חוחבה  700מ""ל","יוניליוור ישראל שיווק בע""מ",,,"י""ח",7,"ל 100 מ""ל",false,1,11.90,1.70,true,1,
7290112498175,false,"הלמנס גלון חרדל דבש 5ק""ג","יוניליוור ישראל שיווק בע""מ",,,"י""ח",1.80,ל 100 גרם,false,1,139.90,77.72,false,1,
7290112498281,false,"פינוק סבון  ידיים נוזלי קוקוס 950מ""ל","יוניליוור ישראל שיווק בע""מ",,,"י""ח",9.50,"ל 100 מ""ל",false,1,11.90,1.25,false,1,
7290112498298,false,"פינוק סבון  ידיים נוזלי מרוקאי 950מ""ל","יוניליוור ישראל שיווק בע""מ",,,"י""ח",9.50,"ל 100 מ""ל",false,1,11.90,1.25,false,1,
7290112498441,false,"רוטב אסייתי למוקפץ 270 מ""ל","יוניליוור ישראל שיווק בע""מ",,,"י""ח",3.70,"ל 100 מ""ל",false,1,10.90,2.95,true,1,
7290112498540,false,רקסונה ספריי מן קובלט דריי,"יוניליוור ישראל שיווק בע""מ",,,"י""ח",1,"י""ח",false,1,14.90,14.90,true,1,
7290112498915,false,מאגדת  מגנום שקדים  מיני שטראוס,"גלידות שטראוס בע""מ",,,"י""ח",2.80,ל 100 גרם,false,1,25.90,9.25,false,1,
7290112498922,false,מאגדת  מגנום לבן מיני שטראוס,"גלידות שטראוס בע""מ",,,"י""ח",2.80,ל 100 גרם,false,1,25.90,9.25,false,1,
7290112499189,false,קרמיסימו חד קרן,"גלידות שטראוס בע""מ",,,"י""ח",1.33,ליטר,false,1,18.90,14.21,false,1,
7290112499196,false,קרמיסימו החלב של קורנפלקס,"גלידות שטראוס בע""מ",,,"י""ח",1.33,ליטר,false,1,18.90,14.21,false,1,
7290112499219,false,גודיז מאגדת 5יח בטעם פיסטוק שוקולד,"גלידות שטראוס בע""מ",,,"י""ח",2.97,ל 100 גרם,false,1,19.90,6.70,false,1,
7290112499448,false,"פינוק קונדישנר שמן מרוקאי 700מ""ל","יוניליוור ישראל שיווק בע""מ",,,"י""ח",7,"ל 100 מ""ל",false,1,11.90,1.70,true,1,
7290112499455,false,"פינוק סבון נוזלי מרוקאי 700מ""ל","יוניליוור ישראל שיווק בע""מ",,,"י""ח",7.50,"ל 100 מ""ל",false,1,10.90,1.45,false,1,
7290112499462,false,"פינוק סבון נוזלי שמן קוקוס 700מ""ל","יוניליוור ישראל שיווק בע""מ",,,"י""ח",7.50,"ל 100 מ""ל",false,1,10.90,1.45,false,1,
7290112499479,false,פינוק שמפו עם קרטין,"יוניליוור ישראל שיווק בע""מ",,,"י""ח",7,"ל 100 מ""ל",false,1,11.90,1.70,true,1,
7290112499486,false,"פינוק קונדישנר עם קרטין 700מ""ל","יוניליוור ישראל שיווק בע""מ",,,"י""ח",7,"ל 100 מ""ל",false,1,11.90,1.70,true,1,
7290112499844,false,מאגדת  מגנום נוגט  מיני שטראוס,"גלידות שטראוס בע""מ",,,"י""ח",2.80,ל 100 גרם,false,1,25.90,9.25,false,1,
7290112499943,false,מאגדת  מגנום קלאסיק שוקולד  מיני,"גלידות שטראוס בע""מ",,,"י""ח",2.80,ל 100 גרם,false,1,25.90,9.25,false,1,
7290112961266,false,בייגלה כפיות פיזור איטלקי 300ג.,קבוצת אוסם סחר-שות.מוגבלת,,,"י""ח",3,ל 100 גרם,false,1,10.80,3.60,false,1,
7290112961327,false,בייגלה כפיות פיזור כפרי 300ג.,קבוצת אוסם סחר-שות.מוגבלת,,,"י""ח",3,ל 100 גרם,false,1,10.80,3.60,false,1,
7290112961372,false,פיטנס חטיפי פריכיות דקות 60גר,קבוצת אוסם סחר-שות.מוגבלת,,,"י""ח",0.60,ל 100 גרם,false,1,8.90,14.83,true,1,
7290112961440,false,פיטנס בר פריכיות שוקולד מריר 84גר,קבוצת אוסם סחר-שות.מוגבלת,,,"י""ח",0.84,ל 100 גרם,false,1,14.90,17.74,true,1,
7290112961464,false,פיטנס חטיפי פריכיות דקות 60גר,קבוצת אוסם סחר-שות.מוגבלת,,,"י""ח",0.60,ל 100 גרם,false,1,8.90,14.83,true,1,
7290112961754,false,עוגיות  שוקוציפס קרם אגוזים אוסם,קבוצת אוסם סחר-שות.מוגבלת,,,"י""ח",2,ל 100 גרם,false,1,9.90,4.95,true,1,
7290112962096,false,פתיתים לבבות מהדורה 500 אסם,קבוצת אוסם סחר-שות.מוגבלת,,,"י""ח",5,ל 100 גרם,false,1,6.90,1.38,true,1,
7290112962249,false,טבעול לביבות בטטה 500 ג,קבוצת אוסם סחר-שות.מוגבלת,,,"י""ח",6.93,ל 100 גרם,false,1,37.90,5.47,true,1,
7290112962287,false,טבעול שווארמה טבעונית  450גר,קבוצת אוסם סחר-שות.מוגבלת,,,"י""ח",5,ל 100 גרם,false,1,37.90,7.58,true,1,
7290112962737,false,טבעול שניצל מן הצומח עם חלבון 664גר,קבוצת אוסם סחר-שות.מוגבלת,,,"י""ח",6.64,ל 100 גרם,false,1,37.90,5.71,true,1,
7290112963000,false,"רוטב צ`ילי מתוק מופחת נתרן סוכר 290מ""ל",קבוצת אוסם סחר-שות.מוגבלת,,,"י""ח",2.90,"ל 100 מ""ל",false,1,11.90,4.10,true,1,
7290112963321,false,בייגלה שטוח ללא גלוטן 300גר,קבוצת אוסם סחר-שות.מוגבלת,,,"י""ח",3,ל 100 גרם,false,1,13.10,4.37,false,1,
7290112963918,false,פיטנס חטיפי קרקר דק רוזמרין 140גר,קבוצת אוסם סחר-שות.מוגבלת,,,"י""ח",1.40,ל 100 גרם,false,1,12.90,9.21,true,1,
7290112964410,false,רוטב אלף האיים אסם 290 מייל.,קבוצת אוסם סחר-שות.מוגבלת,,,"י""ח",2.90,"ל 100 מ""ל",false,1,11.90,4.10,true,1,
7290112964434,false,"רוטב לסלט קיסר 290מ""ל",קבוצת אוסם סחר-שות.מוגבלת,,,"י""ח",2.90,"ל 100 מ""ל",false,1,11.90,4.10,true,1,
7290112964458,false,"רוטב וינגרט 290 מ""ל",קבוצת אוסם סחר-שות.מוגבלת,,,"י""ח",3.75,ל 100 גרם,false,1,11.90,3.17,true,1,
7290112964472,false,רוטב שום לסלט 290 מייל,קבוצת אוסם סחר-שות.מוגבלת,,,"י""ח",2.90,"ל 100 מ""ל",false,1,11.90,4.10,true,1,
7290112964564,false,רוטב שום  לייט 290 מייל,קבוצת אוסם סחר-שות.מוגבלת,,,"י""ח",2.90,"ל 100 מ""ל",false,1,11.90,4.10,true,1,
7290112964601,false,"רוטב בנוסח סצואן  360מ""ל",קבוצת אוסם סחר-שות.מוגבלת,,,"י""ח",3.60,ל 100 גרם,false,1,14.90,4.14,false,1,
7290112964625,false,רוטב שום  לייט 290 מייל,קבוצת אוסם סחר-שות.מוגבלת,,,"י""ח",2.90,"ל 100 מ""ל",false,1,11.90,4.10,true,1,
7290112964724,false,טבעול המבורגר  טבעוני 580גר,קבוצת אוסם סחר-שות.מוגבלת,,,"י""ח",5.80,ל 100 גרם,false,1,37.90,6.53,true,1,
7290112965165,false,זוג מרק נמס סוף פטריות 48גרם,קבוצת אוסם סחר-שות.מוגבלת,,,"י""ח",0.34,ל 100 גרם,false,1,6.40,18.82,false,1,
7290112965264,false,זוג מרק נמס סוף אפונה 30 גרם,קבוצת אוסם סחר-שות.מוגבלת,,,"י""ח",0.30,ל 100 גרם,false,1,6.40,21.33,false,1,
7290112965288,false,זוג מרק נמס סוף ירקות 30גרם,קבוצת אוסם סחר-שות.מוגבלת,,,"י""ח",0.30,ל 100 גרם,false,1,6.40,21.33,false,1,
7290112965301,false,זוג מרק נמס טעם עוף  52ג,קבוצת אוסם סחר-שות.מוגבלת,,,"י""ח",0.52,ל 100 גרם,false,1,6.40,12.31,false,1,
7290112965363,false,טבעול קצציצות קינואה וברוקולי 525גר,קבוצת אוסם סחר-שות.מוגבלת,,,"י""ח",5.25,ל 100 גרם,false,1,37.90,7.22,true,1,
7290112965660,false,פיטנס מולטיגרין מלח פלפל 25 גרם,קבוצת אוסם סחר-שות.מוגבלת,,,"י""ח",0.25,ל 100 גרם,false,1,5,20,true,1,
7290112965684,false,פיטנס מולטיגרין ע.תיבול 25 גרם,קבוצת אוסם סחר-שות.מוגבלת,,,"י""ח",0.25,ל 100 גרם,false,1,5,20,true,1,
7290112965707,false,פיטנס מולטיגרין צ`ילי מעודן 25 גרם,קבוצת אוסם סחר-שות.מוגבלת,,,"י""ח",0.25,ל 100 גרם,false,1,5,20,true,1,
7290112965868,false,קרם קרקר במליחות מעודנת 250גר,קבוצת אוסם סחר-שות.מוגבלת,,,"י""ח",2.50,ל 100 גרם,false,1,9.90,3.96,true,1,
7290112965905,false,בייגלה שמיניות במליחות 400גרם,קבוצת אוסם סחר-שות.מוגבלת,,,"י""ח",4,ל 100 גרם,false,1,10.90,2.73,false,1,
7290112965943,false,טבעול נאגטס ירקות ירוקים  500גר,קבוצת אוסם סחר-שות.מוגבלת,,,"י""ח",5,ל 100 גרם,false,1,37.90,7.58,true,1,
7290112965967,false,טבעול נאגטס ירקות כתומים 500גר,קבוצת אוסם סחר-שות.מוגבלת,,,"י""ח",5,ל 100 גרם,false,1,37.90,7.58,true,1,
7290112965981,false,טבעול גורמה ארוחת דגנים 450גר,קבוצת אוסם סחר-שות.מוגבלת,,,"י""ח",4.50,ל 100 גרם,false,1,34.90,7.76,true,1,
7290112966001,false,טבעול גורמה ארוחת ירוקים 450גר,קבוצת אוסם סחר-שות.מוגבלת,,,"י""ח",4.50,ל 100 גרם,false,1,34.90,7.76,true,1,
7290112966025,false,בייגלה כפיות כפרי טוגו 60גר,קבוצת אוסם סחר-שות.מוגבלת,,,"י""ח",4,ל 100 גרם,false,1,3.10,0.78,false,1,
7290112966124,false,פתי בר מופחת סוכר אוסם 500 ג`,קבוצת אוסם סחר-שות.מוגבלת,,,"י""ח",5,ל 100 גרם,false,1,11.90,2.38,true,1,
7290112966247,false,לחמית כוסמין 200גר,קבוצת אוסם סחר-שות.מוגבלת,,,"י""ח",2,ל 100 גרם,false,1,8.90,4.45,true,1,
7290112966728,false,צבר טחינה בלאדי פלפלים חריפים 350ג,קבוצת אוסם סחר-שות.מוגבלת,,,"י""ח",3.50,ל 100 גרם,false,1,16,4.57,true,1,
7290112966766,false,צבר טחינה בלאדי חציל עגבניות ושום 350ג,קבוצת אוסם סחר-שות.מוגבלת,,,"י""ח",3.50,ל 100 גרם,false,1,16,4.57,true,1,
7290112966803,false,פודינג  שוקולד 88 ג אסם,קבוצת אוסם סחר-שות.מוגבלת,,,"י""ח",0.88,ל 100 גרם,false,1,5.90,6.70,true,1,
7290112966841,false,פודינג  שוקולד מריר 88 ג אסם,קבוצת אוסם סחר-שות.מוגבלת,,,"י""ח",0.88,ל 100 גרם,false,1,5.90,6.70,true,1,
7290112967114,false,פיטנס חטיפי פריכיות קטניות ופלפל 60ג,קבוצת אוסם סחר-שות.מוגבלת,,,"י""ח",0.60,ל 100 גרם,false,1,8.90,14.83,true,1,
7290112967138,false,בייגל שמיניה  ללא גלוטן 250גרם,קבוצת אוסם סחר-שות.מוגבלת,,,"י""ח",2.50,ל 100 גרם,false,1,11.90,4.76,false,1,
7290112967381,false,פיטנס חטיפי פריכיות קטניות ומלח ים 60גר,קבוצת אוסם סחר-שות.מוגבלת,,,"י""ח",0.60,ל 100 גרם,false,1,8.90,14.83,true,1,
7290112967572,false,"רוטב ברביקיו 290מ""ל",קבוצת אוסם סחר-שות.מוגבלת,,,"י""ח",2.90,"ל 100 מ""ל",false,1,11.90,4.10,true,1,
7290112968203,false,צבר סלט טחינה בלאדי 250גר,קבוצת אוסם סחר-שות.מוגבלת,,,"י""ח",2.50,ל 100 גרם,false,1,9.90,3.96,false,1,
7290112968708,false,"שניצל תירס טבעול  1.3ק""ג",קבוצת אוסם סחר-שות.מוגבלת,,,"י""ח",1.30,"ק""ג",false,1,39.90,30.69,true,1,
7290112968722,false,"נקניקיות מן הצומח טבעול  1.2ק""ג",קבוצת אוסם סחר-שות.מוגבלת,,,"י""ח",1.30,"ק""ג",false,1,39.90,30.69,true,1,
7290112968807,false,פיטנס חטיפי קרקר דק סלק 150גר,קבוצת אוסם סחר-שות.מוגבלת,,,"י""ח",1.50,ל 100 גרם,false,1,12.90,8.60,true,1,
7290112968821,false,פיטנס חטיפי קרקר דק בטטה 150גר,קבוצת אוסם סחר-שות.מוגבלת,,,"י""ח",1.50,ל 100 גרם,false,1,12.90,8.60,true,1,
7290112969002,false,פודינג  טרמיסו 80 ג אסם,קבוצת אוסם סחר-שות.מוגבלת,,,"י""ח",0.80,ל 100 גרם,false,1,5.90,7.38,true,1,
7290112969903,false,טבעול נאגטס ירקות לבנים500גר,קבוצת אוסם סחר-שות.מוגבלת,,,"י""ח",5,ל 100 גרם,false,1,37.90,7.58,true,1,
7290113190375,false,סילאן טבעי 900 גרם,*347340,,,"י""ח",9,ל 100 גרם,false,1,14.90,1.66,false,1,
7290113190450,false,ממרח תמרים ירדן (בדץ).,*347340,,,"י""ח",4.50,ל 100 גרם,false,1,5.90,1.31,false,1,
7290113191006,false,פפריקה מתוקה 250גר אהרוני,*347360,,,"י""ח",2.50,ל 100 גרם,false,1,19.90,7.96,true,1,
7290113191013,false,פפריקה חריפה 250גר אהרוני,*347360,,,"י""ח",2.50,ל 100 גרם,false,1,19.90,7.96,true,1,
7290113191020,false,פלפל שחור טחון 250גר אהרוני,*347360,,,"י""ח",2.50,ל 100 גרם,false,1,19.90,7.96,true,1,
7290113191037,false,פלפל שחור גרוס 250גר אהרוני,*347360,,,"י""ח",2.50,ל 100 גרם,false,1,19.90,7.96,true,1,
7290113191044,false,כמון מזרחי 250גר אהרוני,*347360,,,"י""ח",2.50,ל 100 גרם,false,1,19.90,7.96,true,1,
7290113191051,false,כורכום טחון 250גר אהרוני,*347360,,,"י""ח",2.50,ל 100 גרם,false,1,19.90,7.96,true,1,
7290113191068,false,גריל עוף 250גר אהרוני,*347360,,,"י""ח",2.50,ל 100 גרם,false,1,19.90,7.96,true,1,
7290113191099,false,"סירופ מייפל 250מ""ל שקדיה",*347340,,,"י""ח",2.50,"ל 100 מ""ל",false,1,19.90,7.96,false,1,
7290113192300,false,חרוזית מושחר].A2בית שיטה[,קבוצת אוסם סחר-שות.מוגבלת,,,"י""ח",2.75,ל 100 גרם,false,1,11.10,4.04,true,1,
7290113192317,false,טבעות זיתים מושחרים]בית השיטה[,קבוצת אוסם סחר-שות.מוגבלת,,,"י""ח",2.80,ל 100 גרם,false,1,11.90,4.25,false,1,
7290113192324,false,זית ירוק 340גר בית השיטה.,קבוצת אוסם סחר-שות.מוגבלת,,,"י""ח",3.40,ל 100 גרם,false,1,10.90,3.21,false,1,
7290113192331,false,בית השיטה זיתים ירוקים A2..,קבוצת אוסם סחר-שות.מוגבלת,,,"י""ח",3.40,ל 100 גרם,false,1,10.20,3,false,1,
7290113192348,false,זית ירוק שום בית השיטה 340גר,קבוצת אוסם סחר-שות.מוגבלת,,,"י""ח",3.40,ל 100 גרם,false,1,11.10,3.26,true,1,
7290113192355,false,חרוזית ירוק]בית השיטה[,קבוצת אוסם סחר-שות.מוגבלת,,,"י""ח",2.75,ל 100 גרם,false,1,8.90,3.24,true,1,
7290113192362,false,טבעות זיתים ירוקים A2.,קבוצת אוסם סחר-שות.מוגבלת,,,"י""ח",2.80,ל 100 גרם,false,1,11.20,4,false,1,
7290113192379,false,זיתים ירוקים מבוקעים]בית שיטה[,קבוצת אוסם סחר-שות.מוגבלת,,,"י""ח",3.40,ל 100 גרם,false,1,11.10,3.26,false,1,
7290113192386,false,זית סורי מבוקע]בית שיטה[,קבוצת אוסם סחר-שות.מוגבלת,,,"י""ח",3.40,ל 100 גרם,false,1,12.50,3.68,false,1,
7290113192478,false,מלפפון במלח .10-12בית  שיטה,קבוצת אוסם סחר-שות.מוגבלת,,,"י""ח",3.20,ל 100 גרם,false,1,8.10,2.53,false,1,
7290113192485,false,מלפפון בחומץ -10-12 בית השיטה,קבוצת אוסם סחר-שות.מוגבלת,,,"י""ח",2.90,ל 100 גרם,false,1,8.10,2.79,false,1,
7290113192492,false,מלפפון בחומץ 13-17 בית השיטה,קבוצת אוסם סחר-שות.מוגבלת,,,"י""ח",2.90,ל 100 גרם,false,1,10.90,3.76,false,1,
7290113192508,false,מלפפון-במלח ]13-17בית שיטה[,קבוצת אוסם סחר-שות.מוגבלת,,,"י""ח",3.20,ל 100 גרם,false,1,10.90,3.41,false,1,
7290113192515,false,מלפפון במלח .18-25בית שיטה[,קבוצת אוסם סחר-שות.מוגבלת,,,"י""ח",3.20,ל 100 גרם,false,1,12.90,4.03,false,1,
7290113192522,false,מלפפון בחומץ 18-25,קבוצת אוסם סחר-שות.מוגבלת,,,"י""ח",2.90,ל 100 גרם,false,1,12.90,4.45,false,1,
7290113192539,false,מלפפון  במלח ]7-9בית  שיטה[,קבוצת אוסם סחר-שות.מוגבלת,,,"י""ח",3.20,ל 100 גרם,false,1,7.10,2.22,false,1,
7290113192546,false,מלפפון בחומץ 7-9 בית השיטה,קבוצת אוסם סחר-שות.מוגבלת,,,"י""ח",2.90,ל 100 גרם,false,1,7.10,2.45,false,1,
7290113192553,false,מלפפון במלח באלדי13-17,קבוצת אוסם סחר-שות.מוגבלת,,,"י""ח",3.20,ל 100 גרם,false,1,10.90,3.41,false,1,
7290113192560,false,שיפקה A2,קבוצת אוסם סחר-שות.מוגבלת,,,"י""ח",2.30,ל 100 גרם,false,1,7.90,3.43,true,1,
7290113192577,false,כרוב כבוש]בית   השיטה[,קבוצת אוסם סחר-שות.מוגבלת,,,"י""ח",4.30,ל 100 גרם,false,1,7.90,1.84,false,1,
7290113192881,false,טורטיה חיטה מופחתת קלוריות,דין שיווק וקליהבעמ,,,"י""ח",4.20,ל 100 גרם,false,1,8.90,2.12,false,1,
7290113192997,false,זית מרוקאי 340גר בית השיטה.,קבוצת אוסם סחר-שות.מוגבלת,,,"י""ח",7.20,ל 100 גרם,false,1,12.90,1.79,false,1,
7290113193000,false,פלפל שיפקונית 230גר בית השיטה.,קבוצת אוסם סחר-שות.מוגבלת,,,"י""ח",2.30,ל 100 גרם,false,1,10.90,4.74,false,1,
7290113193017,false,בית השיטה קוקטייל זיתים,קבוצת אוסם סחר-שות.מוגבלת,,,"י""ח",2.75,ל 100 גרם,false,1,12.90,4.69,false,1,
7290113193031,false,בית השיטה חרוזית קלמטה,קבוצת אוסם סחר-שות.מוגבלת,,,"י""ח",2.75,ל 100 גרם,false,1,12.90,4.69,false,1,
7290113193369,false,"בית השיטה תרסיס שמן קנולה 150מ""ל",קבוצת אוסם סחר-שות.מוגבלת,,,"י""ח",1.50,"ל 100 מ""ל",false,1,14.90,9.93,false,1,
7290113193406,false,בית השיטה טבעות קוקטייל זיתים 280גר,קבוצת אוסם סחר-שות.מוגבלת,,,"י""ח",2.75,ל 100 גרם,false,1,12.90,4.69,false,1,
7290113194090,false,טבעות קלמטה 280גר בית השיטה.,קבוצת אוסם סחר-שות.מוגבלת,,,"י""ח",2.80,ל 100 גרם,false,1,10.90,3.89,false,1,
7290113195042,false,מלפפונים במלח השיטה טעם ביתי 750גר`.,קבוצת אוסם סחר-שות.מוגבלת,,,"י""ח",7.50,ל 100 גרם,false,1,21.90,2.92,true,1,
7290113195356,false,שמן קנולה מזוכך 1ל בית השיטה,קבוצת אוסם סחר-שות.מוגבלת,,,"י""ח",1,ליטר,false,1,13.90,13.90,false,1,
7290113195363,false,שמן חמניות מזוכך 1ל בית השיטה,קבוצת אוסם סחר-שות.מוגבלת,,,"י""ח",1,ליטר,false,1,13.90,13.90,false,1,
7290113195424,false,"איטריות אורז 400גר כשל""פ.",*347340,,,"י""ח",4,ל 100 גרם,false,1,9.90,2.48,false,1,
7290113195479,false,קמח שקדים 200גר שקדיה.,*347340,,,"י""ח",2,ל 100 גרם,false,1,15.90,7.95,false,1,
7290113195967,false,שיבולת שועל להכנה מיידית 500גר קופסא,*347340,,,"י""ח",5,ל 100 גרם,false,1,9.90,1.98,false,1,
7290113196353,false,"איטריות אורז 400גר כשל""פ",*347340,,,"י""ח",4,ל 100 גרם,false,1,9.90,2.48,false,1,
7290113196414,false,"אורז בסמטי שקדיה 1ק""ג",*347340,,,"י""ח",1,"ק""ג",false,1,9.80,9.80,false,1,
7290113196513,false,פריכיות כוסמת בתוספת שקדים 150גר שקדיה,*347340,,,"י""ח",1.50,ל 100 גרם,false,1,9.90,6.60,false,1,
7290113196759,false,בית השיטה ירקות מעורבים צנ. פלסטיק 750,קבוצת אוסם סחר-שות.מוגבלת,,,"י""ח",7.50,ל 100 גרם,false,1,22.90,3.05,true,1,
7290113196780,false,זיתים ירוקים מבוקעים]בית  שיטה[900גר,קבוצת אוסם סחר-שות.מוגבלת,,,"י""ח",9,ל 100 גרם,false,1,24.90,2.77,false,1,
7290113196896,false,"תרסיס שמן זית 170 מ""ל",*347340,,,"י""ח",1.70,"ל 100 מ""ל",false,1,13.90,8.18,false,1,
7290113197824,false,בית השיטה לבבות דקל 220גר,קבוצת אוסם סחר-שות.מוגבלת,,,"י""ח",2.20,ל 100 גרם,false,1,12.90,5.86,true,1,
7290113197855,false,בית השיטה תירס גמדי 230גר,קבוצת אוסם סחר-שות.מוגבלת,,,"י""ח",2.30,ל 100 גרם,false,1,12.90,5.61,true,1,
7290113198364,false,תערובת מס `1לאורז  100גר מחנה יהודה,*347350,,,"י""ח",1,ל 100 גרם,false,1,14.90,14.90,true,1,
7290113198395,false,קשיו ענק 250גר מחנה יהודה,*347350,,,"י""ח",2.50,ל 100 גרם,false,1,24.90,9.96,true,1,
7290113198401,false,בוטנים קלויים ג`מבו 300גר מחנה יהודה,*347350,,,"י""ח",3,ל 100 גרם,false,1,19.90,6.63,true,1,
7290113198418,false,שקד קלוי ענק  250גר מחנה יהודה,*347350,,,"י""ח",2.50,ל 100 גרם,false,1,24.90,9.96,true,1,
7290113198425,false,פקאן טבעי 200גר מחנה יהודה,*347350,,,"י""ח",2,ל 100 גרם,false,1,24.90,12.45,true,1,
7290113198432,false,תערובת פיצוחים מובחרת 250גר מחנה יהודה,*347350,,,"י""ח",2.50,ל 100 גרם,false,1,24.90,9.96,true,1,
7290113198449,false,שקד טבעי 300גר מחנה יהודה,*347350,,,"י""ח",3,ל 100 גרם,false,1,24.90,8.30,true,1,
7290113198456,false,חמוציות  250גר מחנה יהודה,*347350,,,"י""ח",2.50,ל 100 גרם,false,1,9.90,3.96,true,1,
7290113198463,false,פקאו סיני 160גר מחנה יהודה,*347350,,,"י""ח",1.60,ל 100 גרם,false,1,19.90,12.44,true,1,
7290113198470,false,אגוז מלך 200גר מחנה יהודה,*347350,,,"י""ח",2,ל 100 גרם,false,1,14.90,7.45,true,1,
7290113198494,false,פיסטוק קלוי גדול 200גר מחנה יהודה,*347350,,,"י""ח",2,ל 100 גרם,false,1,24.90,12.45,true,1,
7290113198517,false,שזיף ללא גרעין 330גר מחנה יהודה,*347350,,,"י""ח",3.30,ל 100 גרם,false,1,19.90,6.03,true,1,
7290113198722,false,סוכריות גומי פירות 300ג מחנה יהודה,*347350,,,"י""ח",2.88,ל 100 גרם,false,1,14.90,5.17,true,1,
7290113198739,false,סוכריות גומי בננה 300ג מחנה יהודה,*347350,,,"י""ח",2.88,ל 100 גרם,false,1,14.90,5.17,true,1,
7290113198753,false,סוכריות גומי תות שדה 300ג מחנה יהודה,*347350,,,"י""ח",2.88,ל 100 גרם,false,1,14.90,5.17,true,1,
7290113285095,false,"כפפות  לטקס ללא אבקה  S פרפקט כשל""פ",ח.כהן סוכנות מזון ומשקאות בע,,,"י""ח",80,"י""ח",false,1,19.90,0.25,true,1,
7290113285101,false,"כפפות  לטקס ללא אבקה  M פרפקט כשל""פ",ח.כהן סוכנות מזון ומשקאות בע,,,"י""ח",80,"י""ח",false,1,19.90,0.25,true,1,
7290113285118,false,"כפפות  לטקס ללא אבקה  L פרפקט כשל""פ",ח.כהן סוכנות מזון ומשקאות בע,,,"י""ח",80,"י""ח",false,1,19.90,0.25,true,1,
7290113285125,false,"כפפות  לטקס ללא אבקה  XL פרפקט כשל""פ",ח.כהן סוכנות מזון ומשקאות בע,,,"י""ח",80,"י""ח",false,1,19.90,0.25,true,1,
7290113300125,false,בונזו מקלות בקר 50ג,דיפלומט בעמ,,,"י""ח",0.50,ל 100 גרם,false,1,8.90,17.80,false,1,
7290113560055,false,מי פה פרדונטקס 500 מ``ל,גורי ע.ע.ע. בעמ,,,"י""ח",5,ל 100 גרם,false,1,29.90,5.98,true,1,
7290113560109,false,משחת פרודונטקס הרבל,גורי ע.ע.ע. בעמ,,,"י""ח",1,,false,1,30.90,30.90,true,1,
7290113860018,false,פירות קפואים בננה מחנה יהודה 350 גר,*347330,,,"י""ח",1,"י""ח",false,1,12.90,12.90,true,1,
7290113860025,false,פירות קפואים אננס מחנה יהודה 350 גר,*347330,,,"י""ח",1,"י""ח",false,1,12.90,12.90,true,1,
7290113860032,false,פירות קפואים מנגו מחנה יהודה 350 גר,*347330,,,"י""ח",1,"י""ח",false,1,12.90,12.90,true,1,
7290113860049,false,פירות קפואים פסיפלורה מחנה יהודה 350 גר,*347330,,,"י""ח",1,,false,1,12.90,12.90,true,1,
7290113860056,false,מיקס פירות יער מחנה יהודה 350 גר,*347330,,,"י""ח",1,,false,1,12.90,12.90,true,1,
7290113860063,false,פירות קפואים מלון מחנה יהודה 350 גר.,*347330,,,"י""ח",1,,false,1,12.90,12.90,true,1,
7290113860087,false,פירות קפואים אוכמניות כחולות מחנה יהודה,*347330,,,"י""ח",1,,false,1,12.90,12.90,true,1,
7290113860247,false,עוגות אישיות שכבות עשריה פנטולה,ש.שסטוביץ בעמ,,,"י""ח",4,ל 100 גרם,false,1,12.90,3.23,true,1,
7290113860476,false,מלפפון 7-9 מחנה יהודה,"קבוצת יבנה מוצרי מזון בע""מ",,,"י""ח",6,ל 100 גרם,false,1,6.90,1.15,true,1,
7290113860483,false,מלפפון 18-25 מחנה יהודה,"קבוצת יבנה מוצרי מזון בע""מ",,,"י""ח",6,ל 100 גרם,false,1,10.90,1.82,true,1,
7290113860667,false,"קמח חיטה לבן 1ק""ג מחנה יהודה",טחנות ישראליות בעמ,,,"י""ח",1,"ק""ג",false,1,7.90,7.90,true,1,
7290113860674,false,"קמח חיטה לבן 405 1ק""ג מחנה יהודה",טחנות ישראליות בעמ,,,"י""ח",1,"ק""ג",false,1,8.90,8.90,true,1,
7290113860681,false,"קמח חלות 1ק""ג מחנה יהודה",טחנות ישראליות בעמ,,,"י""ח",1,"ק""ג",false,1,8.90,8.90,true,1,
7290113860698,false,"קמח כוסמין לבן 1ק""ג ישראליות",טחנות ישראליות בעמ,,,"י""ח",1,"ק""ג",false,1,15.90,15.90,true,1,
7290113860742,false,"קמח כוסמין מלא 100% 1ק""ג ישראליות",טחנות ישראליות בעמ,,,"י""ח",1,"ק""ג",false,1,15.90,15.90,true,1,
7290114162265,false,כוסות שתיה חמה 25 יח..(שפע טוב),שפע טוב סנטר בעמ,,,"י""ח",100,"י""ח",false,1,5.90,0.06,true,1,
7290114310215,false,"שמנת מתוקה עמידה 38% 250  מ""ל*בד""צ",*החברה המרכזית להפצת משקאותבעמ,,,"י""ח",2.50,"ל 100 מ""ל",false,1,6.47,2.59,false,1,
7290114310222,false,חלב מועשר בסידן בויטמין D 1.5ליטר,*החברה המרכזית להפצת משקאותבעמ,,,"י""ח",1.50,ליטר,false,1,12.50,8.33,true,1,
7290114310239,false,חלב נטול לקטוז מועשר בויטמין D 1.5ליטר,*החברה המרכזית להפצת משקאותבעמ,,,"י""ח",1.50,ליטר,false,1,12.50,8.33,true,1,
7290114310338,false,גבינה צפתית 5% צוריאל,*החברה המרכזית להפצת משקאותבעמ,,,"י""ח",2.50,ל 100 גרם,false,1,16.90,6.76,false,1,
7290114310345,false,מעדן מוו תות 1.5% 125גר.,*החברה המרכזית להפצת משקאותבעמ,,,"י""ח",2.50,ל 100 גרם,false,1,2.90,1.16,true,1,
7290114310383,false,קציפת יוגורט בטעם וניל צרפת FROOP MULLER,*החברה המרכזית להפצת משקאותבעמ,,,"י""ח",1.50,"ל 100 מ""ל",false,1,5.30,3.53,true,1,
7290114310390,false,קציפת יוגורט בטעם בננה לוטי FROOP MULL,*החברה המרכזית להפצת משקאותבעמ,,,"י""ח",1.50,"ל 100 מ""ל",false,1,5.30,3.53,true,1,
7290114310406,false,קציפת יוגורט תות FROOP MULL,*החברה המרכזית להפצת משקאותבעמ,,,"י""ח",1.50,"ל 100 מ""ל",false,1,5.30,3.53,true,1,
7290114310505,false,מולר מיקס יוגורט תות בתוספת קורנפלקס,*החברה המרכזית להפצת משקאותבעמ,,,"י""ח",5,ל 100 גרם,false,1,6,1.20,false,1,
7290114310512,false,מולר מיקס יוגורט קרמי עם טבעות מצופות,*החברה המרכזית להפצת משקאותבעמ,,,"י""ח",5,ל 100 גרם,false,1,6,1.20,false,1,
7290114310529,false,מולר מיקס יוגורט קרמי עם טבעות מצופות,*החברה המרכזית להפצת משקאותבעמ,,,"י""ח",5,ל 100 גרם,false,1,6,1.20,false,1,
7290114310536,false,מולר אקטיב לייט 0% שומן טעם וניל,*החברה המרכזית להפצת משקאותבעמ,,,"י""ח",2,"ל 100 מ""ל",false,1,6,3,true,1,
7290114310550,false,פטה עיזים מעודנת  200גר 5%,*החברה המרכזית להפצת משקאותבעמ,,,"י""ח",2,ל 100 גרם,false,1,23.90,11.95,false,1,
7290114310567,false,לאבנה עיזים  200גר 5%,*החברה המרכזית להפצת משקאותבעמ,,,"י""ח",2,ל 100 גרם,false,1,14.90,7.45,true,1,
7290114310611,false,"משקה חלב בננה  250מ""ל בקבוק פקק ספורט",*החברה המרכזית להפצת משקאותבעמ,,,"י""ח",2.50,"ל 100 מ""ל",false,1,5.70,2.28,false,1,
7290114310628,false,משקה חלב וניל עוגיות 1ל בקבוק,*החברה המרכזית להפצת משקאותבעמ,,,"י""ח",1,ליטר,false,1,12.10,12.10,true,1,
7290114310673,false,לאבנה 250גר 9%,*החברה המרכזית להפצת משקאותבעמ,,,"י""ח",2.50,ל 100 גרם,false,1,11.90,4.76,false,1,
7290114310888,false,מולר פרופ תות 1.5% 150 ג`,*החברה המרכזית להפצת משקאותבעמ,,,"י""ח",1.50,ל 100 גרם,false,1,5.30,3.53,true,1,
7290114310895,false,מאגדת שמינייה סימפלי 1.5% מנגו ותות.,*החברה המרכזית להפצת משקאותבעמ,,,"י""ח",1.50,"ל 100 מ""ל",false,1,30.90,20.60,false,1,
7290114310901,false,גבינה לבנה  ב250 גרם 5%*,*החברה המרכזית להפצת משקאותבעמ,,,"י""ח",2.50,ל 100 גרם,false,1,4.98,1.99,false,1,
7290114310918,false,קוטג  5%  250 גרם,*החברה המרכזית להפצת משקאותבעמ,,,"י""ח",2.50,ל 100 גרם,false,1,5.70,2.28,true,1,
7290114311014,false,"שוקו חלב אייס קפוצינו 250מ""ל",*החברה המרכזית להפצת משקאותבעמ,,,"י""ח",2.50,"ל 100 מ""ל",false,1,5.70,2.28,false,1,
7290114311021,false,"שוקו חלב וניל עוגיות  250מ""ל",*החברה המרכזית להפצת משקאותבעמ,,,"י""ח",2.50,"ל 100 מ""ל",false,1,5.70,2.28,false,1,
7290114311038,false,"שמנת מתוקה 32% שומן 250מ""ל.",*החברה המרכזית להפצת משקאותבעמ,,,"י""ח",2.50,"ל 100 מ""ל",false,1,6.90,2.76,false,1,
7290114311069,false,מולר אקטיב 0% יוגורט לבן 200ג,*החברה המרכזית להפצת משקאותבעמ,,,"י""ח",2,"ל 100 מ""ל",false,1,6,3,true,1,
7290114311076,false,חמאת מולר צהובה עם שום 200ג.,*החברה המרכזית להפצת משקאותבעמ,,,"י""ח",2,ל 100 גרם,false,1,11.90,5.95,false,1,
7290114311083,false,חמאת מולר צהובה עם מלח 200ג.,*החברה המרכזית להפצת משקאותבעמ,,,"י""ח",2,ל 100 גרם,false,1,11.90,5.95,false,1,
7290114311298,false,מולר תות בננה מלון FROOP MULLER,*החברה המרכזית להפצת משקאותבעמ,,,"י""ח",1.50,"ל 100 מ""ל",false,1,5.30,3.53,true,1,
7290114311304,false,מולר מנגו פסיפלורה בננה FROOP MULLER,*החברה המרכזית להפצת משקאותבעמ,,,"י""ח",1.50,"ל 100 מ""ל",false,1,5.30,3.53,true,1,
7290114311328,false,חלב נטול לקטוז  1ליטר,*החברה המרכזית להפצת משקאותבעמ,,,"י""ח",1,ליטר,false,1,7.90,7.90,false,1,
7290114311358,false,מולר מנגו 3% שומן FROOP MULLER,*החברה המרכזית להפצת משקאותבעמ,,,"י""ח",1.50,"ל 100 מ""ל",false,1,5.30,3.53,true,1,
7290114311359,false,קציפת יוגורט בטעם מנגו FROOP MULL,*החברה המרכזית להפצת משקאותבעמ,,,"י""ח",1.50,"ל 100 מ""ל",false,1,5.30,3.53,true,1,
7290114311434,false,מולר אקטיב טעם קרמל מלוח 0% שומן,*החברה המרכזית להפצת משקאותבעמ,,,"י""ח",2,"ל 100 מ""ל",false,1,6,3,true,1,
7290114311441,false,מולר אקטיב טעם עוגיות חמאה 0% שומן,*החברה המרכזית להפצת משקאותבעמ,,,"י""ח",2,"ל 100 מ""ל",false,1,6,3,true,1,
7290114311458,false,חלב מועשר 3% שומן 1ליטר קרטון,*החברה המרכזית להפצת משקאותבעמ,,,"י""ח",1,ליטר,false,1,7.70,7.70,false,1,
7290114311496,false,חלב מועשר 1% שומן 1ליטר קרטון,*החברה המרכזית להפצת משקאותבעמ,,,"י""ח",1,ליטר,false,1,7.70,7.70,false,1,
7290114311502,false,משקה חלב 1ל בקבוק טעם סחלב,*החברה המרכזית להפצת משקאותבעמ,,,"י""ח",1,ליטר,false,1,12.10,12.10,true,1,
7290114311526,false,מולר קצפת תפוז ג`ינג`ר FROOP MULLER,*החברה המרכזית להפצת משקאותבעמ,,,"י""ח",1.50,"ל 100 מ""ל",false,1,5.30,3.53,true,1,
7290114311533,false,מולר קצפת פרי טעם סנגריה FROOP MULLER,*החברה המרכזית להפצת משקאותבעמ,,,"י""ח",1.50,"ל 100 מ""ל",false,1,5.30,3.53,true,1,
7290114600927,false,עלי טורטיה חיטה מלאה 320ג מאסטר שף,ש.שסטוביץ בעמ,,,"י""ח",3.20,ל 100 גרם,false,1,9.90,3.09,false,1,
7290114600941,false,מיונז לחיץ 435ג מאסטר שף,ש.שסטוביץ בעמ,,,"י""ח",4.35,ל 100 גרם,false,1,13.90,3.20,false,1,
7290114600989,false,"רוטב אלף האיים 250מ""ל מאסטר שף",ש.שסטוביץ בעמ,,,"י""ח",2.50,ל 100 גרם,false,1,10.90,4.36,false,1,
7290114600996,false,"רוטב שום 250מ""ל מאסטר שף",ש.שסטוביץ בעמ,,,"י""ח",2.50,ל 100 גרם,false,1,10.90,4.36,false,1,
7290114603508,false,"מאסטר שף רוטב להקפצה 300מ""ל",ש.שסטוביץ בעמ,,,"י""ח",3,ל 100 גרם,false,1,9.90,3.30,false,1,
7290114603515,false,רוטב קארי אדום 340ג מאסטר שף,ש.שסטוביץ בעמ,,,"י""ח",3.40,"ל 100 מ""ל",false,1,14.90,4.38,false,1,
7290114603539,false,קרוטונים למרק שום בצל 350ג מ.שף,ש.שסטוביץ בעמ,,,"י""ח",3.50,ל 100 גרם,false,1,17.90,5.11,false,1,
7290114603591,false,פוף משולש אפוי קטשופ 40ג,ש.שסטוביץ בעמ,,,"י""ח",0.40,ל 100 גרם,false,1,3.90,9.75,true,1,
7290114603607,false,פוף משולש אפוי חמוץ חריף  40ג,ש.שסטוביץ בעמ,,,"י""ח",0.40,ל 100 גרם,false,1,3.90,9.75,true,1,
7290114604840,false,"דפי אורז קוטר 16 כשל""פ מאסטר שף",ש.שסטוביץ בעמ,,,"י""ח",4,ל 100 גרם,false,1,14.90,3.73,false,1,
7290114604857,false,"דפי אורז קוטר 22 כשל""פ מאסטר שף",ש.שסטוביץ בעמ,,,"י""ח",4,ל 100 גרם,false,1,14.90,3.73,false,1,
7290114604871,false,קוסקוס סולת בינוני 350ג מאסטר שף,ש.שסטוביץ בעמ,,,"י""ח",3.50,ל 100 גרם,false,1,6.90,1.97,false,1,
7290114604895,false,ממרח ספייסי לחיץ 446ג מאסטר שף,ש.שסטוביץ בעמ,,,"י""ח",4.46,ל 100 גרם,false,1,13.90,3.12,false,1,
7290114604901,false,ממרח שום לחיץ 446ג מאסטר שף,ש.שסטוביץ בעמ,,,"י""ח",4.46,ל 100 גרם,false,1,13.90,3.12,false,1,
7290114604925,false,"קרם קוקוס לייט  פחית  400מ""ל",ש.שסטוביץ בעמ,,,"י""ח",4,"ל 100 מ""ל",false,1,9.90,2.48,false,1,
7290114604932,false,רוטב ברביקיו דבש 520ג מאסטר שף,ש.שסטוביץ בעמ,,,"י""ח",5.20,ל 100 גרם,false,1,14.90,2.87,false,1,
7290114604949,false,רוטב ברביקיו 524ג מאסטר שף,ש.שסטוביץ בעמ,,,"י""ח",5.24,ל 100 גרם,false,1,12.90,2.46,false,1,
7290114604963,false,פרורי לחם מתובלים 230ג מאסטר שף,ש.שסטוביץ בעמ,,,"י""ח",2,ל 100 גרם,false,1,6.90,3.45,false,1,
7290114606530,false,רוטב בטעם מיונז וקטשופ 515ג מאסטר שף,ש.שסטוביץ בעמ,,,"י""ח",5.15,ל 100 גרם,false,1,13.90,2.70,false,1,
7290114606547,false,מיונז עם פטריות כמהין 242ג מאסטר שף,ש.שסטוביץ בעמ,,,"י""ח",2.42,ל 100 גרם,false,1,13.90,5.74,false,1,
7290114606554,false,מיונז לייט לחיץ 470ג מאסטר שף,ש.שסטוביץ בעמ,,,"י""ח",4.70,ל 100 גרם,false,1,13.90,2.96,false,1,
7290114606561,false,איטריות אורז דקות   400גר,ש.שסטוביץ בעמ,,,"י""ח",4,ל 100 גרם,false,1,8.90,2.23,false,1,
7290114606578,false,שקדי מרק 400 גר`מאסטר שף,ש.שסטוביץ בעמ,,,"י""ח",4,ל 100 גרם,false,1,9.90,2.48,true,1,
7290114606592,false,רוטב סויה 46% פולי סויה 620גרם,ש.שסטוביץ בעמ,,,"י""ח",6.20,"ל 100 מ""ל",false,1,16.90,2.73,false,1,
7290114606608,false,רוטב סויה דלת נתרן 40% פולי סויה 620גרם,ש.שסטוביץ בעמ,,,"י""ח",6.20,"ל 100 מ""ל",false,1,16.90,2.73,false,1,
7290114607391,false,"קולגייט מ.ילדים ברבי  75מ""ל",ש.שסטוביץ בעמ,,,"י""ח",1,"ל 100 מ""ל",false,1,14.90,14.90,false,1,
7290114608640,false,קרוטונים לסלט כוסמין 260ג מ.שף,ש.שסטוביץ בעמ,,,"י""ח",2.60,ל 100 גרם,false,1,17.90,6.88,false,1,
7290114608657,false,סילאן 700ג מאסטר שף,ש.שסטוביץ בעמ,,,"י""ח",7,ל 100 גרם,false,1,19.90,2.84,false,1,
7290114721257,false,קומקום חשמלי שחור,פוגיקום בעמ,,,"י""ח",1,,false,1,79.90,79.90,true,1,
7290114750813,false,דאודורנט קליר ג ל מארז זוג,דיפלומט מפיצים 1968 בעמ,,,"י""ח",1,ל 100 גרם,false,1,32.90,32.90,false,1,
7290115190014,false,מרלבורו רד קצר בודד.,פיליפ מוריס בעמ,,,"י""ח",1,,false,1,34.90,34.90,false,1,
7290115190083,false,מרלבורו גולד  X 10יח,פיליפ מוריס בעמ,,,"י""ח",1,,false,1,349,349,false,1,
7290115190090,false,מרלבורו גולד קצר בודד,פיליפ מוריס בעמ,,,"י""ח",1,,false,1,34.90,34.90,false,1,
7290115190137,false,מלבורו פיין טאצ`7.1,פיליפ מוריס בעמ,,,"י""ח",1,,false,1,30.90,30.90,false,1,
7290115190144,false,מלבורו גולד  טאצ`7.1,פיליפ מוריס בעמ,,,"י""ח",1,,false,1,299.90,299.90,false,1,
7290115190151,false,מלבורו טאצ`7.1,פיליפ מוריס בעמ,,,"י""ח",1,,false,1,30.90,30.90,false,1,
7290115190175,false,פרלמנט סופר סלימס בודד,פיליפ מוריס בעמ,,,"י""ח",1,,false,1,39.50,39.50,false,1,
7290115190182,false,פרלמנט נייט ארוך,פיליפ מוריס בעמ,,,"י""ח",1,,false,1,392.90,392.90,false,1,
7290115190199,false,פרלמנט ארוך RCB בודד,פיליפ מוריס בעמ,,,"י""ח",1,,false,1,39.50,39.50,false,1,
7290115190250,false,פרלמנט קצר בודד,פיליפ מוריס בעמ,,,"י""ח",1,,false,1,39.50,39.50,false,1,
7290115190335,false,ל.מ.בלו ארוך בודד,פיליפ מוריס בעמ,,,"י""ח",1,,false,1,30.50,30.50,false,1,
7290115190342,false,אל אם בלו 10יח פקאט,פיליפ מוריס בעמ,,,"י""ח",1,,false,1,299.90,299.90,false,1,
7290115190359,false,אל אם  קצר,פיליפ מוריס בעמ,,,"י""ח",1,,false,1,30.50,30.50,false,1,
7290115190373,false,אל אם פורוורד בודד,פיליפ מוריס בעמ,,,"י""ח",1,,false,1,30.50,30.50,false,1,
7290115190434,false,אל אם וייב,פיליפ מוריס בעמ,,,"י""ח",1,,false,1,30.50,30.50,false,1,
7290115190458,false,נקסט אדג` בודד,פיליפ מוריס בעמ,,,"י""ח",1,,false,1,24.50,24.50,true,1,
7290115190489,false,נקסט פיין  טייסט ארוך פקאט 10 יחידות,פיליפ מוריס בעמ,,,"י""ח",1,,false,1,269.90,269.90,true,1,
7290115190496,false,נקסט 100 בודד,פיליפ מוריס בעמ,,,"י""ח",1,,false,1,29.90,29.90,false,1,
7290115200003,false,פתי בר פינוקי וניל 220גר,קבוצת אוסם סחר-שות.מוגבלת,,,"י""ח",2.20,ל 100 גרם,false,1,10.90,4.95,true,1,
7290115200027,false,פתי בר פינוקי שוקו 220גר,קבוצת אוסם סחר-שות.מוגבלת,,,"י""ח",2.20,ל 100 גרם,false,1,10.90,4.95,true,1,
7290115200676,false,קרמוגיתקרמל מלוח 200גר אוסם,קבוצת אוסם סחר-שות.מוגבלת,,,"י""ח",2,ל 100 גרם,false,1,7.90,3.95,true,1,
7290115200713,false,במבה  מארז 50גרם *5יח,קבוצת אוסם סחר-שות.מוגבלת,,,"י""ח",2.50,ל 100 גרם,false,1,13.90,5.56,true,1,
7290115200782,false,פיתה חמישייה בונז`ור.,*347150,,,"י""ח",5,ל 100 גרם,false,1,6.90,1.38,true,1,
7290115201031,false,פתי בר פינוקי דובי שוקולד 175גר.,קבוצת אוסם סחר-שות.מוגבלת,,,"י""ח",1.75,ל 100 גרם,false,1,10.90,6.23,true,1,
7290115201475,false,טבעול גורמה לביבות קרישה 434גר,קבוצת אוסם סחר-שות.מוגבלת,,,"י""ח",4.34,ל 100 גרם,false,1,34.90,8.04,true,1,
7290115201536,false,"טבעול גורמה לביבות כרובית ותפו""א 442גר",קבוצת אוסם סחר-שות.מוגבלת,,,"י""ח",4.42,ל 100 גרם,false,1,25.60,5.79,true,1,
7290115201680,false,ביסלי  ברביקיו}קטן{,קבוצת אוסם סחר-שות.מוגבלת,,,"י""ח",0.70,ל 100 גרם,false,1,3.90,5.57,true,1,
7290115201727,false,ביסלי  גדול בצל 200גר,קבוצת אוסם סחר-שות.מוגבלת,,,"י""ח",2,ל 100 גרם,false,1,8.90,4.45,true,1,
7290115201741,false,ביסלי  בצל}קטן{,קבוצת אוסם סחר-שות.מוגבלת,,,"י""ח",0.70,ל 100 גרם,false,1,3.90,5.57,true,1,
7290115202236,false,טבעול טופו קראנצ`ים 470גר,קבוצת אוסם סחר-שות.מוגבלת,,,"י""ח",6.93,ל 100 גרם,false,1,37.90,5.47,true,1,
7290115202434,false,חומוס עם זעתר 375גר,קבוצת אוסם סחר-שות.מוגבלת,,,"י""ח",3.75,ל 100 גרם,false,1,12.70,3.39,true,1,
7290115202762,false,פרפקטו מיני ניוקי טריקולור 500גר.,קבוצת אוסם סחר-שות.מוגבלת,,,"י""ח",5,ל 100 גרם,false,1,12,2.40,false,1,
7290115202816,false,מנה חמה נודלס אטריות טעם עוף 70גר.,קבוצת אוסם סחר-שות.מוגבלת,,,"י""ח",0.70,ל 100 גרם,false,1,4.90,7,false,1,
7290115202939,false,מנה חמה רייס נודלס עוף פטריות 50גר.,קבוצת אוסם סחר-שות.מוגבלת,,,"י""ח",0.50,ל 100 גרם,false,1,8.90,17.80,true,1,
7290115202953,false,מנה חמה רייס נודלס קארי צהוב  55גר.,קבוצת אוסם סחר-שות.מוגבלת,,,"י""ח",0.55,ל 100 גרם,false,1,8.90,16.18,true,1,
7290115203134,false,פופקו פופקורן במבה 80גר,קבוצת אוסם סחר-שות.מוגבלת,,,"י""ח",0.80,ל 100 גרם,false,1,4.50,5.63,true,1,
7290115203172,false,במבה פרו אסם{,קבוצת אוסם סחר-שות.מוגבלת,,,"י""ח",0.80,ל 100 גרם,false,1,4.30,5.38,true,1,
7290115203486,false,פירורית  200גר,קבוצת אוסם סחר-שות.מוגבלת,,,"י""ח",2,ל 100 גרם,false,1,6.90,3.45,false,1,
7290115203806,false,"רוטב בסיס לבישול אסם 290מ""ל",קבוצת אוסם סחר-שות.מוגבלת,,,"י""ח",2.90,ל 100 גרם,false,1,11.90,4.10,false,1,
7290115203936,false,"קטשופ פחות סוכר אסם 690 גרם כשל""פ.",קבוצת אוסם סחר-שות.מוגבלת,,,"י""ח",6.90,ל 100 גרם,false,1,11.90,1.72,true,1,
7290115204056,false,"קטשופ מופחת סוכר אסם 690 גרם כשל""פ",קבוצת אוסם סחר-שות.מוגבלת,,,"י""ח",6.90,ל 100 גרם,false,1,9.90,1.43,true,1,
7290115204186,false,צבר פסטו 190גר,קבוצת אוסם סחר-שות.מוגבלת,,,"י""ח",1.90,ל 100 גרם,false,1,16.90,8.89,true,1,
7290115204247,false,צבר עגבניות מיובשות 190גר,קבוצת אוסם סחר-שות.מוגבלת,,,"י""ח",1.90,ל 100 גרם,false,1,16.90,8.89,true,1,
7290115204261,false,צבר אריסה 190גר,קבוצת אוסם סחר-שות.מוגבלת,,,"י""ח",1.90,ל 100 גרם,false,1,11.90,6.26,true,1,
7290115204957,false,לחמית איטלקית  160 ג`,קבוצת אוסם סחר-שות.מוגבלת,,,"י""ח",1.90,ל 100 גרם,false,1,8.90,4.68,true,1,
7290115205176,false,פיטנס חטיפי קרקר כפרי 140גר.,קבוצת אוסם סחר-שות.מוגבלת,,,"י""ח",1.40,ל 100 גרם,false,1,12.90,9.21,true,1,
7290115205251,false,פיטנס בר פריכיות קרמל מלוח 84גר,קבוצת אוסם סחר-שות.מוגבלת,,,"י""ח",0.84,ל 100 גרם,false,1,14.90,17.74,true,1,
7290115205312,false,פיטנס חטיפי קרקר זיתים 140גר.,קבוצת אוסם סחר-שות.מוגבלת,,,"י""ח",1.40,ל 100 גרם,false,1,12.90,9.21,true,1,
7290115205527,false,פיטנס מולטיגרין עם עדשים 25 גרם,קבוצת אוסם סחר-שות.מוגבלת,,,"י""ח",0.25,ל 100 גרם,false,1,4.90,19.60,true,1,
7290115205541,false,פיטנס מולטיגרין עם חומוס 25 גרם,קבוצת אוסם סחר-שות.מוגבלת,,,"י""ח",0.25,ל 100 גרם,false,1,4.90,19.60,true,1,
7290115205695,false,בונג ור בצק מצונן לפיצה 460גר,קבוצת אוסם סחר-שות.מוגבלת,,,"י""ח",4.60,ל 100 גרם,false,1,18.90,4.11,true,1,
7290115205978,false,פתי בר אצבעות שוקולד 180גר,קבוצת אוסם סחר-שות.מוגבלת,,,"י""ח",1.80,ל 100 גרם,false,1,11.90,6.61,true,1,
7290115206852,false,ביסלי בצל  פיצה(קטן{,קבוצת אוסם סחר-שות.מוגבלת,,,"י""ח",0.70,ל 100 גרם,false,1,3.90,5.57,true,1,
7290115207118,false,"טבעול שניצל ברוקולי 7ק""ג",קבוצת אוסם סחר-שות.מוגבלת,,,"י""ח",9,ל 100 גרם,false,1,350,38.89,false,1,
7290115207361,false,פתיבר פיסטוק 500 אוסם.,קבוצת אוסם סחר-שות.מוגבלת,,,"י""ח",5,ל 100 גרם,false,1,11.90,2.38,true,1,
7290115207484,false,צבר חציל על האש היתר 400גר`,קבוצת אוסם סחר-שות.מוגבלת,,,"י""ח",4,ל 100 גרם,false,1,15.90,3.98,true,1,
7290115207507,false,צבר סלט טורקי 360גר`,קבוצת אוסם סחר-שות.מוגבלת,,,"י""ח",3.60,ל 100 גרם,false,1,15.90,4.42,true,1,
7290115207545,false,קרמוגית  במילוי קרם במבה 200גר אוסם,קבוצת אוסם סחר-שות.מוגבלת,,,"י""ח",2,ל 100 גרם,false,1,11.90,5.95,true,1,
7290115207620,false,"רוטב בסגנון סויה קלאסי 290מ""ל",קבוצת אוסם סחר-שות.מוגבלת,,,"י""ח",3.60,ל 100 גרם,false,1,11.90,3.31,false,1,
7290115207668,false,"רוטב סויה סיני 600 מ""ל",קבוצת אוסם סחר-שות.מוגבלת,,,"י""ח",6,"ל 100 מ""ל",false,1,17.40,2.90,false,1,
7290115207682,false,רוטב בסגנון סויה סיני 290מל בקבוק,קבוצת אוסם סחר-שות.מוגבלת,,,"י""ח",2.90,"ל 100 מ""ל",false,1,11.90,4.10,true,1,
7290115207798,false,טבעול בורגר חריף  טבעוני 420גר,קבוצת אוסם סחר-שות.מוגבלת,,,"י""ח",5.80,ל 100 גרם,false,1,37.90,6.53,true,1,
7290115207811,false,טבעול נקניקיות טבעוניות  418ג.,קבוצת אוסם סחר-שות.מוגבלת,,,"י""ח",4.18,ל 100 גרם,false,1,37.90,9.07,true,1,
7290115207880,false,ויטמינצ ק פטל 2 ליטר,קבוצת אוסם סחר-שות.מוגבלת,,,"י""ח",2,ליטר,false,1,41.90,20.95,false,1,
7290115207941,false,סירופ אננס 1 ליטר,קבוצת אוסם סחר-שות.מוגבלת,,,"י""ח",1,ליטר,false,1,21.90,21.90,false,1,
7290115207965,false,סירופ מנגו אפרסק 1 ליטר,קבוצת אוסם סחר-שות.מוגבלת,,,"י""ח",1,ליטר,false,1,21.90,21.90,false,1,
7290115207989,false,סירופ לימון 1 ליטר,קבוצת אוסם סחר-שות.מוגבלת,,,"י""ח",1,ליטר,false,1,21.90,21.90,false,1,
7290115208009,false,סירופ ענבים 1 ליטר,קבוצת אוסם סחר-שות.מוגבלת,,,"י""ח",1,ליטר,false,1,21.90,21.90,false,1,
7290115208023,false,סירופ ענבים 2 ליטר,קבוצת אוסם סחר-שות.מוגבלת,,,"י""ח",1,ליטר,false,1,41.90,41.90,false,1,
7290115208047,false,סירופ פטל 1 ליטר,קבוצת אוסם סחר-שות.מוגבלת,,,"י""ח",1,ליטר,false,1,21.90,21.90,false,1,
7290115208061,false,סירופ תפוח 1 ליטר,קבוצת אוסם סחר-שות.מוגבלת,,,"י""ח",1,ליטר,false,1,21.90,21.90,false,1,
7290115208597,false,קרמוגית מיניס קרמל מלוח 200גר,קבוצת אוסם סחר-שות.מוגבלת,,,"י""ח",2,ל 100 גרם,false,1,11.90,5.95,true,1,
7290115208801,false,לחמית כפרית עם דגנים מלאים 190 ג`,קבוצת אוסם סחר-שות.מוגבלת,,,"י""ח",1.90,ל 100 גרם,false,1,8.90,4.68,true,1,
7290115209198,false,במבה אורירית 80גר אסם{,קבוצת אוסם סחר-שות.מוגבלת,,,"י""ח",0.80,ל 100 גרם,false,1,3.90,4.88,true,1,
7290115209358,false,במבה במילוי בראוניז 60גר אסם{,קבוצת אוסם סחר-שות.מוגבלת,,,"י""ח",6,ל 100 גרם,false,1,4.30,0.72,true,1,
7290115209372,false,במבה במילוי בראוניז  150 גרם אוסם,קבוצת אוסם סחר-שות.מוגבלת,,,"י""ח",2,ל 100 גרם,false,1,10.90,5.45,true,1,
7290115403404,false,עוגיות פרפריות שוקו  450ג דל,שיבולים ייצור ושיווק מאפה בעמ,,,"י""ח",4.50,ל 100 גרם,false,1,15.90,3.53,false,1,
7290115403459,false,עוגיות נסיכה טעם תות  500ג דל,שיבולים ייצור ושיווק מאפה בעמ,,,"י""ח",5,ל 100 גרם,false,1,15.90,3.18,false,1,
7290115670677,false,גרנולה פירות טרופיים 400גר,"שטראוס גרופ בע""מ",,,"י""ח",4,ל 100 גרם,false,1,13.90,3.48,true,1,
7290115670684,false,גרנולה אגוזים 400גר,"שטראוס גרופ בע""מ",,,"י""ח",4,ל 100 גרם,false,1,13.90,3.48,true,1,
7290115670707,false,גרנולה שוקולד ואגוזים 400גר,"שטראוס גרופ בע""מ",,,"י""ח",4,ל 100 גרם,false,1,13.90,3.48,true,1,
7290115671155,false,שלישיית סוכריות Fresh ענבים,"שטראוס גרופ בע""מ",,,"י""ח",0.45,ל 100 גרם,false,1,8.90,19.78,true,1,
7290115671162,false,סוכריות ג`לי ברכות 540גר,"שטראוס גרופ בע""מ",,,"י""ח",5.40,ל 100 גרם,false,1,18.90,3.50,true,1,
7290115671223,false,מסטיק מאסט פאן אבטיח מנגו 58גר,"שטראוס גרופ בע""מ",,,"י""ח",0.58,ל 100 גרם,false,1,9.90,17.07,true,1,
7290115671308,false,מסטיק מאסט פאן תות דובדבן 58גר,"שטראוס גרופ בע""מ",,,"י""ח",0.58,ל 100 גרם,false,1,9.90,17.07,true,1,
7290115671339,false,מיני פינוקיות בראוניז בייגל בוטן 180גר,"שטראוס גרופ בע""מ",,,"י""ח",2,ל 100 גרם,false,1,10.90,5.45,true,1,
7290115671346,false,מיני פינוקיות טופי קרמל מלוח 180גר,"שטראוס גרופ בע""מ",,,"י""ח",2,ל 100 גרם,false,1,10.90,5.45,true,1,
7290115671353,false,מיני פינוקיות שחור לבן 180גר,"שטראוס גרופ בע""מ",,,"י""ח",2,ל 100 גרם,false,1,10.90,5.45,true,1,
7290115671421,false,פולי אספרסו  עשירים וארומטיים 250גר}קפ,"שטראוס גרופ בע""מ",,,"י""ח",2.50,ל 100 גרם,false,1,21.90,8.76,true,1,
7290115675559,false,מארז קפה טורקי לדרך 70גר`.,"שטראוס גרופ בע""מ",,,"י""ח",0.70,ל 100 גרם,false,1,8.90,12.71,true,1,
7290115675702,false,קוואקר פירות 375ג,"שטראוס פריטו ליי בע""מ",,,"י""ח",3.75,ל 100 גרם,false,1,19.90,5.31,true,1,
7290115675719,false,קוואקר שוקולד 375ג,"שטראוס פריטו ליי בע""מ",,,"י""ח",3.75,ל 100 גרם,false,1,19.90,5.31,true,1,
7290115675986,false,דנונה קראנצי עם אגוזים מקורמלים,"שטראוס גרופ ***בע""מ",,,"י""ח",1.73,"ל 100 מ""ל",false,1,4.40,2.54,true,1,
7290115676037,false,משקה דנונה ריפרש תות דומדמניות 250גר,"שטראוס גרופ ***בע""מ",,,"י""ח",2.50,"ל 100 מ""ל",false,1,5.50,2.20,true,1,
7290115676051,false,"משקה אקטיביה עם ש""ש מתיקות מעודנת 1.2%","שטראוס גרופ ***בע""מ",,,"י""ח",2.65,"ל 100 מ""ל",false,1,4.90,1.85,true,1,
7290115676082,false,דנונה פרו 20 משקה תות 265גר,"שטראוס גרופ ***בע""מ",,,"י""ח",2.65,"ל 100 מ""ל",false,1,6.90,2.60,true,1,
7290115676099,false,דנונה פרו 20 משקה וניל 265גר,"שטראוס גרופ ***בע""מ",,,"י""ח",2.65,"ל 100 מ""ל",false,1,6.90,2.60,true,1,
7290115676273,false,שקית קקאו 500 גרם+10%  עלית,"שטראוס גרופ בע""מ",,,"י""ח",5,ל 100 גרם,false,1,23.90,4.78,true,1,
7290115677140,false,תפוציפס פפריקהWAVY  200 ג,"שטראוס פריטו ליי בע""מ",,,"י""ח",2,ל 100 גרם,false,1,10.90,5.45,true,1,
7290115677164,false,111,"שטראוס גרופ בע""מ",,,"י""ח",2,"ל 100 מ""ל",false,1,18.90,9.45,true,1,
7290115677362,false,נודלס טריאקי דלישס,קפוא זן תעשיות מזון בעמ,,,"י""ח",3,ל 100 גרם,false,1,23.90,7.97,true,1,
7290115677409,false,אורז קארי צהוב דלישס,קפוא זן תעשיות מזון בעמ,,,"י""ח",3,ל 100 גרם,false,1,23.90,7.97,true,1,
7290115677966,false,ממרח אבוקדו 200גר,"שטראוס גרופ ***בע""מ",,,"י""ח",1.80,ל 100 גרם,false,1,14.90,8.28,true,1,
7290115678222,false,מארז שמינייה יווני,"שטראוס גרופ ***בע""מ",,,"י""ח",1.04,ליטר,false,1,24.90,23.94,true,1,
7290115678376,false,מעדן הגולן בודד 125גר,"שטראוס גרופ ***בע""מ",,,"י""ח",1.25,ל 100 גרם,false,1,2.90,2.32,true,1,
7290115678383,false,מעדן הגולן שוקולד מריר בודד 125גר,"שטראוס גרופ ***בע""מ",,,"י""ח",1.25,ל 100 גרם,false,1,2.90,2.32,true,1,
7290115678598,false,חסה ערבית אייסברג חיתוך גס 300גר שטראוס,"שטראוס גרופ ***בע""מ",,,"י""ח",3,ל 100 גרם,false,1,9.90,3.30,true,1,
7290115678635,false,נשנושי גבינה 16% עם חטיף אפוי עם כעכים,"שטראוס גרופ ***בע""מ",,,"י""ח",0.67,ל 100 גרם,false,1,10.90,16.27,true,1,
7290115678642,false,נשנושי גבינה 16% עם חטיף אפוי עם זיתים,"שטראוס גרופ ***בע""מ",,,"י""ח",0.67,ל 100 גרם,false,1,10.90,16.27,true,1,
7290115678888,false,שוקולית טופי קרמל  500 גר,"שטראוס גרופ בע""מ",,,"י""ח",5,ל 100 גרם,false,1,15.50,3.10,true,1,
7290115678970,false,שלישיית סוכריות Fresh בזוקה,"שטראוס גרופ בע""מ",,,"י""ח",0.45,ל 100 גרם,false,1,7.90,17.56,true,1,
7290115679878,false,פיצה מבצק עם סלק דלישס,קפוא זן תעשיות מזון בעמ,,,"י""ח",3,ל 100 גרם,false,1,20,6.67,true,1,
7290115679960,false,ציטוס פופקורן טבעי 60 גרם,"שטראוס פריטו ליי בע""מ",,,"י""ח",0.40,ל 100 גרם,false,1,3.90,9.75,true,1,
7290116530000,false,"דאב תרחיץ פנים מלפפון ותה ירוק 180מ""ל","יוניליוור ישראל שיווק בע""מ",,,"י""ח",1.80,"ל 100 מ""ל",false,1,11.90,6.61,false,1,
7290116530062,false,הלמנס לסלט ויניגרט 295גרם,"יוניליוור ישראל שיווק בע""מ",,,"י""ח",2.95,ל 100 גרם,false,1,9.90,3.36,true,1,
7290116530109,false,קליק אוקי נוגט לבן OK 35גר.,"יוניליוור ישראל שיווק בע""מ",,,"י""ח",0.35,ל 100 גרם,false,1,3.90,11.14,true,1,
7290116530116,false,מארז קליק  ברים שוקולד נוגט לבן שלישייה,"יוניליוור ישראל שיווק בע""מ",,,"י""ח",1.06,ל 100 גרם,false,1,9.90,9.34,true,1,
7290116530161,false,"פינוק סבון נוזלי אננס 700מ""ל","יוניליוור ישראל שיווק בע""מ",,,"י""ח",7.50,"ל 100 מ""ל",false,1,10.90,1.45,false,1,
7290116530185,false,דלישקד 400ג קרמל מלוח.,"יוניליוור ישראל שיווק בע""מ",,,"י""ח",4,ל 100 גרם,false,1,21.90,5.48,false,1,
7290116530482,false,מארז קורנפלקס של אלופים 150גר,"יוניליוור ישראל שיווק בע""מ",,,"י""ח",1.50,ל 100 גרם,false,1,10,6.67,false,1,
7290116530871,false,נשנשים מיקס 240 גרם,"יוניליוור ישראל שיווק בע""מ",,,"י""ח",2.40,ל 100 גרם,false,1,12.90,5.38,true,1,
7290116530895,false,"בדין תרסיס מייבש פינוק 500מ""ל","יוניליוור ישראל שיווק בע""מ",,,"י""ח",5,"ל 100 מ""ל",false,1,15.90,3.18,false,1,
7290116531021,false,שוקולד חלב  ורד הגליל 100ג,"יוניליוור ישראל שיווק בע""מ",,,"י""ח",1,ל 100 גרם,false,1,4.90,4.90,false,1,
7290116531083,false,ברנפלקס שקדים ודבש  400גרם,"יוניליוור ישראל שיווק בע""מ",,,"י""ח",5,ל 100 גרם,false,1,19.90,3.98,true,1,
7290116531090,false,דגדג במליחות מעודנת 250גר,"יוניליוור ישראל שיווק בע""מ",,,"י""ח",2.50,ל 100 גרם,false,1,9.90,3.96,true,1,
7290116531243,false,"פינוק שמפו ומרכך נגד קשקשים 700מ""ל","יוניליוור ישראל שיווק בע""מ",,,"י""ח",7,"ל 100 מ""ל",false,1,11.90,1.70,false,1,
7290116531311,false,קליק OK 35גר. בלק שוקולד לבן,"יוניליוור ישראל שיווק בע""מ",,,"י""ח",0.35,ל 100 גרם,false,1,3.90,11.14,true,1,
7290116531496,false,קינמונים דגנים פריכים מצופים 375ג.,"יוניליוור ישראל שיווק בע""מ",,,"י""ח",3.75,ל 100 גרם,false,1,19.90,5.31,true,1,
7290116531557,false,פתית פריכיות תירס דקות מאגדת 150ג.,"יוניליוור ישראל שיווק בע""מ",,,"י""ח",1.50,ל 100 גרם,false,1,10.90,7.27,false,1,
7290116531564,false,פתית פריכיות קינואה ובזיליקום מאגדת 15,"יוניליוור ישראל שיווק בע""מ",,,"י""ח",1.50,ל 100 גרם,false,1,10.90,7.27,false,1,
7290116531649,false,"פינוק שמפו תפוח 700מ""ל","יוניליוור ישראל שיווק בע""מ",,,"י""ח",7,"ל 100 מ""ל",false,1,11.90,1.70,true,1,
7290116531779,false,בדין דפי מרכך כחול-40.,"יוניליוור ישראל שיווק בע""מ",,,"י""ח",40,"י""ח",false,1,15.90,0.40,false,1,
7290116531793,false,הלמנס רוטב לסלט קיסר 295ג,"יוניליוור ישראל שיווק בע""מ",,,"י""ח",2.95,ל 100 גרם,false,1,9.90,3.36,true,1,
7290116531830,false,כריות תלמה קינמון 686ג בדץ,"יוניליוור ישראל שיווק בע""מ",,,"י""ח",7.50,ל 100 גרם,false,1,24.90,3.32,true,1,
7290116531892,false,רוטב ברביקיו מעושן  קנור  340גרם,"יוניליוור ישראל שיווק בע""מ",,,"י""ח",3.40,ל 100 גרם,false,1,10.90,3.21,true,1,
7290116531939,false,.גלידונית תות  60 יח שטראוס,"גלידות שטראוס בע""מ",,,"י""ח",7,ל 100 גרם,false,1,46.90,6.70,false,1,
7290116531977,false,"אקס בודי ספריי 150מ""ל Fresh Skateboard","יוניליוור ישראל שיווק בע""מ",,,"י""ח",1.50,"ל 100 מ""ל",false,1,11.90,7.93,false,1,
7290116532011,false,קליק חטיף שוקולד נוגט שוקולד חלב 35גר.,"יוניליוור ישראל שיווק בע""מ",,,"י""ח",0.35,ל 100 גרם,false,1,3.90,11.14,true,1,
7290116532219,false,קורנפלקס  448ג תות,"יוניליוור ישראל שיווק בע""מ",,,"י""ח",4.48,ל 100 גרם,false,1,17.90,4,true,1,
7290116532240,false,טבלת קליק שוקולד חלב עוגיות ודגנים 85ג,"יוניליוור ישראל שיווק בע""מ",,,"י""ח",1,ל 100 גרם,false,1,4.90,4.90,true,1,
7290116532264,false,גודיז מאגדת 5יח בטעם פרי אפרסק,"גלידות שטראוס בע""מ",,,"י""ח",2.97,ל 100 גרם,false,1,19.90,6.70,false,1,
7290116532271,false,מאגדת 10יח גודיז סנדוויץ,"גלידות שטראוס בע""מ",,,"י""ח",2.97,ל 100 גרם,false,1,29.90,10.07,false,1,
7290116532387,false,"אל סבון ידיים חמאת שיאה  950מ""ל","יוניליוור ישראל שיווק בע""מ",,,"י""ח",9.50,ל 100 גרם,false,1,9.90,1.04,false,1,
7290116532394,false,"אל סבון ידיים חמאת קקאו 950מ""ל","יוניליוור ישראל שיווק בע""מ",,,"י""ח",9.50,ל 100 גרם,false,1,9.90,1.04,false,1,
7290116532400,false,בייגלה מקלות עם מלח 235גר,"יוניליוור ישראל שיווק בע""מ",,,"י""ח",2.35,ל 100 גרם,false,1,5.90,2.51,true,1,
7290116532585,false,ברנפלקס קראנצ`ים דבש וקימנון 375גרם.,"יוניליוור ישראל שיווק בע""מ",,,"י""ח",5,ל 100 גרם,false,1,19.90,3.98,true,1,
7290116532615,false,פינוק שמפו בתוספת תמצית גוג`י ברי 700מ,"יוניליוור ישראל שיווק בע""מ",,,"י""ח",7,"ל 100 מ""ל",false,1,11.90,1.70,true,1,
7290116532622,false,"פינוק קונדישנר בתוספת תמצית גוג`י 700מ""ל","יוניליוור ישראל שיווק בע""מ",,,"י""ח",7,"ל 100 מ""ל",false,1,11.90,1.70,true,1,
7290116532721,false,הלמנס רוטב לסלט לימון וזעתר 295ג,"יוניליוור ישראל שיווק בע""מ",,,"י""ח",2.95,ל 100 גרם,false,1,9.90,3.36,true,1,
7290116532738,false,הלמנס רוטב איטלקי 295ג,"יוניליוור ישראל שיווק בע""מ",,,"י""ח",2.95,ל 100 גרם,false,1,9.90,3.36,true,1,
7290116532882,false,נשנושים איירביס 150ג טעם בצל,"יוניליוור ישראל שיווק בע""מ",,,"י""ח",1.50,ל 100 גרם,false,1,11.90,7.93,false,1,
7290116532899,false,נשנושים איירביס 150ג טעם פלאפל,"יוניליוור ישראל שיווק בע""מ",,,"י""ח",1.50,ל 100 גרם,false,1,11.90,7.93,false,1,
7290116532905,false,נשנושים איירביס 150ג טעם ברביקיו,"יוניליוור ישראל שיווק בע""מ",,,"י""ח",1.50,ל 100 גרם,false,1,11.90,7.93,false,1,
7290116533100,false,"פינוק מרכך בניחוח ורדים לבנים 700מ""ל","יוניליוור ישראל שיווק בע""מ",,,"י""ח",7,"ל 100 מ""ל",false,1,11.90,1.70,true,1,
7290116533230,false,דליאגוז 400ג אגוזי לוז שלמים,"יוניליוור ישראל שיווק בע""מ",,,"י""ח",4,ל 100 גרם,false,1,21.90,5.48,false,1,
7290116782850,false,טוש אמבטיה 5 צבעים כרום,אושר א.א. יבוא ושיווק כלי בית,,,"י""ח",1,,false,1,25.90,25.90,false,1,
7290116782867,false,צינור אמבטיה 1.5מטר,אושר א.א. יבוא ושיווק כלי בית,,,"י""ח",1,,false,1,25.90,25.90,false,1,
7290116782898,false,טוש אמבטיה בייסיק,אושר א.א. יבוא ושיווק כלי בית,,,"י""ח",1,,false,1,29.90,29.90,false,1,
7290116782904,false,טוש  אמבטיה+ צינור 1.5מטר,אושר א.א. יבוא ושיווק כלי בית,,,"י""ח",1,,false,1,39.90,39.90,false,1,
7290116783543,false,תחתית עץ עגולה,אושר א.א. יבוא ושיווק כלי בית,,,"י""ח",1,,false,1,13.90,13.90,false,1,
7290116783550,false,קולפן פטנט מצבים,אושר א.א. יבוא ושיווק כלי בית,,,"י""ח",1,,false,1,17.90,17.90,false,1,
7290116783567,false,קולפן פלסטיק מודרן,אושר א.א. יבוא ושיווק כלי בית,,,"י""ח",1,,false,1,9.90,9.90,false,1,
7290116783598,false,קלפן כרוב פלסטיק,אושר א.א. יבוא ושיווק כלי בית,,,"י""ח",1,,false,1,13.90,13.90,false,1,
7290116850566,false,פורס ביצים,עולם הבית שיווק והפצה,,,"י""ח",1,"י""ח",false,1,13.90,13.90,false,1,
7290116850610,false,קולפן 3 מצבים.,עולם הבית שיווק והפצה,,,"י""ח",1,"י""ח",false,1,13.90,13.90,false,1,
7290116851365,false,יעה+מקל,עולם הבית שיווק והפצה,,,"י""ח",1,"י""ח",false,1,13.90,13.90,false,1,
7290116851372,false,כף אשפה קטן,עולם הבית שיווק והפצה,,,"י""ח",1,"י""ח",false,1,5.90,5.90,false,1,
7290116930015,false,חטיף חלבון GO קרמל ח.בוטנים קריס 20 גרם.,שקד תבל בעמ,,,"י""ח",1,,false,1,11.90,11.90,false,1,
7290116930022,false,חטיף חלבון GO קרם עוגיות ציפוי 20 גרם.,שקד תבל בעמ,,,"י""ח",1,,false,1,11.90,11.90,false,1,
7290116930282,false,ארוחה בקטנה לאבנה עם קרקרים 150ג,"תנובה בע""מ ***",,,"י""ח",1.50,ל 100 גרם,false,1,7.90,5.27,false,1,
7290116930435,false,יוגורט גו סמיך 0% דובדבן,"תנובה בע""מ ***",,,"י""ח",2,"ל 100 מ""ל",false,1,5.90,2.95,true,1,
7290116930459,false,"יופלה שייק פירות 230מ""ל","תנובה בע""מ ***",,,"י""ח",2.30,"ל 100 מ""ל",false,1,7.90,3.43,false,1,
7290116930626,false,ארוחה בקטנה ציזיק עם קרקרים 150ג,"תנובה בע""מ ***",,,"י""ח",1.50,ל 100 גרם,false,1,7.90,5.27,false,1,
7290116930701,false,מעדן חלב גו טעם קרמל מלוח 120ג,"תנובה בע""מ ***",,,"י""ח",1.20,"ל 100 מ""ל",false,1,5.20,4.33,false,1,
7290116931074,false,טל עמק פרוס 32% 300ג,"תנובה בע""מ ***",,,"י""ח",3,ל 100 גרם,false,1,25.90,8.63,false,1,
7290116931081,false,מעדן סויה בטעם טופי קרמל 125ג,"תנובה בע""מ ***",,,"י""ח",1.25,"ל 100 מ""ל",false,1,3.70,2.96,false,1,
7290116931104,false,יופלה גו אננס 0% 200ג,"תנובה בע""מ ***",,,"י""ח",2,"ל 100 מ""ל",false,1,5.90,2.95,true,1,
7290117030363,false,כוסות מעוטרות אומן 40יח שווה,ח.כהן סוכנות מזון ומשקאות בע,,,,40,"י""ח",false,1,8.90,0.22,true,1,
7290117030547,false,כוסות חד פעמי שתיה קרה 80יח,ח.כהן סוכנות מזון ומשקאות בע,,,"י""ח",1,"י""ח",false,1,5.90,5.90,true,1,
7290117030615,false,תבניות שחור זהב אינגליש גבוהה שווה,ח.כהן סוכנות מזון ומשקאות בע,,,"י""ח",4,"י""ח",false,1,13.90,3.48,false,1,
7290117030745,false,נייר אפייה מתאים לתבנית אינגליש שווה,ח.כהן סוכנות מזון ומשקאות בע,,,"י""ח",20,"י""ח",false,1,9.90,0.50,true,1,
7290117030752,false,תבניות ארוז *7 שווה,ח.כהן סוכנות מזון ומשקאות בע,,,"י""ח",7,"י""ח",false,1,7.90,1.13,true,1,
7290117030769,false,תבניות ארוז *7 שווה,ח.כהן סוכנות מזון ומשקאות בע,,,"י""ח",7,"י""ח",false,1,7.90,1.13,true,1,
7290117030776,false,תבניות ארוז מלבן עמוק *7 שווה,ח.כהן סוכנות מזון ומשקאות בע,,,"י""ח",7,"י""ח",false,1,7.90,1.13,true,1,
7290117030783,false,תבניות ארוז *4 שווה,ח.כהן סוכנות מזון ומשקאות בע,,,"י""ח",4,"י""ח",false,1,7.90,1.98,true,1,
7290117030790,false,תבניות ארוז *10 אינגליש  שווה,ח.כהן סוכנות מזון ומשקאות בע,,,"י""ח",10,"י""ח",false,1,7.90,0.79,true,1,
7290117030806,false,תבניות ארוז *10 טוסטר  שווה,ח.כהן סוכנות מזון ומשקאות בע,,,"י""ח",10,"י""ח",false,1,7.90,0.79,true,1,
7290117030813,false,תבניות ארוז *4 עגול עמוק שווה,ח.כהן סוכנות מזון ומשקאות בע,,,"י""ח",4,"י""ח",false,1,7.90,1.98,true,1,
7290117030820,false,תבניות ארוז *4 עגול גדול שווה,ח.כהן סוכנות מזון ומשקאות בע,,,"י""ח",4,"י""ח",false,1,7.90,1.98,true,1,
7290117030837,false,תבניות ארוז *10יח אינגליש קצר שווה,ח.כהן סוכנות מזון ומשקאות בע,,,"י""ח",4,"י""ח",false,1,8.90,2.23,false,1,
7290117031001,false,כפפות  ניטריל סינטטי S כחול 80יח שווה,ח.כהן סוכנות מזון ומשקאות בע,,,"י""ח",80,"י""ח",false,1,24.90,0.31,true,1,
7290117031032,false,כפפות  ניטריל סינטטי XL שחור 80יח שווה,ח.כהן סוכנות מזון ומשקאות בע,,,"י""ח",80,"י""ח",false,1,24.90,0.31,true,1,
7290117031049,false,צלחות דקל מרובעות ענקיות 10יח שווה,ח.כהן סוכנות מזון ומשקאות בע,,,,10,"י""ח",false,1,17.90,1.79,true,1,
7290117031056,false,צלחות דקל מרובעות גדולות 10יח שווה,ח.כהן סוכנות מזון ומשקאות בע,,,,10,"י""ח",false,1,14.90,1.49,true,1,
7290117031063,false,צלחות דקל מרובעות קטנות 10יח שווה,ח.כהן סוכנות מזון ומשקאות בע,,,,10,"י""ח",false,1,10.90,1.09,true,1,
7290117031070,false,צלחות מלבניות עלי דקל  10יח שווה,ח.כהן סוכנות מזון ומשקאות בע,,,,10,"י""ח",false,1,17.90,1.79,true,1,
7290117031087,false,מרקיות דקל מרובעות 10יח שווה,ח.כהן סוכנות מזון ומשקאות בע,,,,10,"י""ח",false,1,11.90,1.19,true,1,
7290117031506,false,"כוסות נייר גודל 8 שווה"" 40יח",ח.כהן סוכנות מזון ומשקאות בע,,,"י""ח",40,"י""ח",false,1,8.90,0.22,true,1,
7290117031513,false,"כוסות נייר גודל 10 שווה"" 40יח.",ח.כהן סוכנות מזון ומשקאות בע,,,"י""ח",40,"י""ח",false,1,13.90,0.35,true,1,
7290117031520,false,"כוסות נייר גודל 12 שווה"" 40יח.",ח.כהן סוכנות מזון ומשקאות בע,,,"י""ח",40,"י""ח",false,1,13.90,0.35,true,1,
7290117031537,false,"כוסות נייר גודל 16 שווה"" 40יח.",ח.כהן סוכנות מזון ומשקאות בע,,,"י""ח",40,"י""ח",false,1,15.90,0.40,true,1,
7290117031544,false,"כוסות נייר גודל 4 שווה"" 40יח.",ח.כהן סוכנות מזון ומשקאות בע,,,"י""ח",40,"י""ח",false,1,6.90,0.17,true,1,
7290117031551,false,"כוסות נייר גודל 2.5 שווה"" 40יח.",ח.כהן סוכנות מזון ומשקאות בע,,,"י""ח",40,"י""ח",false,1,4.90,0.12,true,1,
7290117031568,false,כוסות  נייר גודל 9 שווה *40יח,ח.כהן סוכנות מזון ומשקאות בע,,,,40,"י""ח",false,1,12.90,0.32,false,1,
7290117032015,false,מזלגונים איכותי  40יח שקוף שווה,ח.כהן סוכנות מזון ומשקאות בע,,,"י""ח",40,"י""ח",false,1,6.90,0.17,true,1,
7290117032022,false,מזלגונים איכותי  40יח צבעוני שווה,ח.כהן סוכנות מזון ומשקאות בע,,,"י""ח",40,"י""ח",false,1,6.90,0.17,true,1,
7290117032039,false,סכינים איכותי  40יח קרם שווה,ח.כהן סוכנות מזון ומשקאות בע,,,"י""ח",40,"י""ח",false,1,6.90,0.17,true,1,
7290117032046,false,סכינים איכותי  40יח שקוף שווה,ח.כהן סוכנות מזון ומשקאות בע,,,"י""ח",40,"י""ח",false,1,6.90,0.17,true,1,
7290117032053,false,סכינים איכותי  40יח צבעוני שווה,ח.כהן סוכנות מזון ומשקאות בע,,,"י""ח",40,"י""ח",false,1,6.90,0.17,true,1,
7290117032060,false,כפות איכותי  40יח קרם שווה.,ח.כהן סוכנות מזון ומשקאות בע,,,"י""ח",40,"י""ח",false,1,6.90,0.17,true,1,
7290117032077,false,כפות איכותי  40יח שקוף שווה,ח.כהן סוכנות מזון ומשקאות בע,,,"י""ח",40,"י""ח",false,1,6.90,0.17,true,1,
7290117032084,false,כפות איכותי  40יח צבעוני שווה,ח.כהן סוכנות מזון ומשקאות בע,,,"י""ח",40,"י""ח",false,1,6.90,0.17,true,1,
7290117032091,false,כפיות איכותי 40יח קרם שווה,ח.כהן סוכנות מזון ומשקאות בע,,,"י""ח",40,"י""ח",false,1,6.90,0.17,true,1,
7290117032107,false,כפיות איכותי  40יח שקוף שווה,ח.כהן סוכנות מזון ומשקאות בע,,,"י""ח",40,"י""ח",false,1,6.90,0.17,true,1,
7290117032114,false,כפיות איכותי  40יח צבעוני שווה,ח.כהן סוכנות מזון ומשקאות בע,,,"י""ח",40,"י""ח",false,1,6.90,0.17,true,1,
7290117032503,false,לפתניות לבן אריזה משפחתית 115יח שווה,ח.כהן סוכנות מזון ומשקאות בע,,,,115,"י""ח",false,1,25.90,0.23,true,1,
7290117032510,false,לפתניות קרם אריזה משפחתית 115יח שווה,ח.כהן סוכנות מזון ומשקאות בע,,,,115,"י""ח",false,1,25.90,0.23,true,1,
7290117032527,false,קופסא  אריזה משפחתית 105יח שווה,ח.כהן סוכנות מזון ומשקאות בע,,,,105,"י""ח",false,1,25.90,0.25,true,1,
7290117032534,false,קופסא  אריזה משפחתית 105יח שווה,ח.כהן סוכנות מזון ומשקאות בע,,,,105,"י""ח",false,1,25.90,0.25,true,1,
7290117032541,false,צלחת קטנה אריזה משפחתית 75יח שווה,ח.כהן סוכנות מזון ומשקאות בע,,,,75,"י""ח",false,1,25.90,0.35,true,1,
7290117032558,false,צלחת קטנה  אריזה משפחתית 75יח שווה,ח.כהן סוכנות מזון ומשקאות בע,,,,75,"י""ח",false,1,25.90,0.35,true,1,
7290117032565,false,מרקיה  אריזה משפחתית 70יח שווה,ח.כהן סוכנות מזון ומשקאות בע,,,,70,"י""ח",false,1,25.90,0.37,true,1,
7290117032572,false,מרקיה  אריזה משפחתית 70יח שווה,ח.כהן סוכנות מזון ומשקאות בע,,,,70,"י""ח",false,1,25.90,0.37,true,1,
7290117032589,false,צלחת גדולה  אריזה משפחתית 60יח שווה,ח.כהן סוכנות מזון ומשקאות בע,,,,60,"י""ח",false,1,25.90,0.43,true,1,
7290117032596,false,צלחת גדולה  אריזה משפחתית 60יח שווה,ח.כהן סוכנות מזון ומשקאות בע,,,,60,"י""ח",false,1,25.90,0.43,true,1,
7290117032602,false,צלחת ענקית  אריזה משפחתית 35יח שווה,ח.כהן סוכנות מזון ומשקאות בע,,,,35,"י""ח",false,1,25.90,0.74,true,1,
7290117032619,false,צלחת ענקית  אריזה משפחתית 35יח שווה,ח.כהן סוכנות מזון ומשקאות בע,,,,35,"י""ח",false,1,25.90,0.74,true,1,
7290117033005,false,פופקורן מלח מארז למיקרו 5יח שווה,ח.כהן סוכנות מזון ומשקאות בע,,,"י""ח",5,ל 100 גרם,false,1,10.90,2.18,true,1,
7290117033012,false,פופקורן חמאה  מארז למיקרו 5יח שווה,ח.כהן סוכנות מזון ומשקאות בע,,,"י""ח",5,ל 100 גרם,false,1,10.90,2.18,true,1,
7290117033029,false,פופקורן לייט מארז למיקרו 5יח שווה,ח.כהן סוכנות מזון ומשקאות בע,,,"י""ח",4.25,ל 100 גרם,false,1,10.90,2.56,true,1,
7290117260104,false,חטיף גבינה ל.תות שדה בציפוי שוק. 120ג,ג.וילי פוד אינטרנשיונל בעמ,,,"י""ח",1.20,ל 100 גרם,false,1,14.90,12.42,true,1,
7290117260449,false,גבינה בולגרית מעודנת טבעי 200ג,ג.וילי פוד אינטרנשיונל בעמ,,,"י""ח",2,ל 100 גרם,false,1,9.90,4.95,false,1,
7290117260562,false,חמאה בגביע 225ג,ג.וילי פוד אינטרנשיונל בעמ,,,"י""ח",2.25,ל 100 גרם,false,1,16.90,7.51,false,1,
7290117260692,false,משקה חלב עם שוקולד בתוספת קולגן 1ל,ג.וילי פוד אינטרנשיונל בעמ,,,"י""ח",1,ליטר,false,1,5,5,true,1,
7290117260951,false,ביסקוויטים פירות הדר ללא גלוטן 125ג,ג.וילי פוד אינטרנשיונל בעמ,,,"י""ח",1.25,ל 100 גרם,false,1,5.90,4.72,true,1,
7290117260968,false,ביסקוויט ללא גלוטן 125ג,ג.וילי פוד אינטרנשיונל בעמ,,,"י""ח",1.25,ל 100 גרם,false,1,5.90,4.72,true,1,
7290117261019,false,זיתים ירוקים ממולאים 300ג,ג.וילי פוד אינטרנשיונל בעמ,,,"י""ח",3,ל 100 גרם,false,1,6.90,2.30,true,1,
7290117261194,false,ארוחת פתיתים קפוא עם פטריות  600ג,ג.וילי פוד אינטרנשיונל בעמ,,,"י""ח",6,ל 100 גרם,false,1,17.90,2.98,true,1,
7290117261378,false,גבינת קשקבל לייט 250ג 8%,ג.וילי פוד אינטרנשיונל בעמ,,,"י""ח",2.50,ל 100 גרם,false,1,15.90,6.36,false,1,
7290117261514,false,סלמון אטלנטי בשמן קנולה ולימון  120ג,ג.וילי פוד אינטרנשיונל בעמ,,,"י""ח",1.20,ל 100 גרם,false,1,10,8.33,true,1,
7290117261521,false,סלמון אטלנטי בשמן קנולה 120ג,ג.וילי פוד אינטרנשיונל בעמ,,,"י""ח",1.20,ל 100 גרם,false,1,10,8.33,true,1,
7290117261538,false,סלמון אטלנטי בשמן קנולה וצילי  120ג,ג.וילי פוד אינטרנשיונל בעמ,,,"י""ח",1.20,ל 100 גרם,false,1,10,8.33,true,1,
7290117261545,false,סלמון אטלנטי ברוטב טריאקי  120ג,ג.וילי פוד אינטרנשיונל בעמ,,,"י""ח",1.20,ל 100 גרם,false,1,10,8.33,true,1,
7290117261552,false,סלמון אטלנטי ברוטב עגבניות  120ג,ג.וילי פוד אינטרנשיונל בעמ,,,"י""ח",1.20,ל 100 גרם,false,1,10,8.33,true,1,
7290117261569,false,סלמון אטלנטי מעושן בשמן קנולה 120ג,ג.וילי פוד אינטרנשיונל בעמ,,,"י""ח",1.20,ל 100 גרם,false,1,10,8.33,true,1,
7290117261712,false,מלבין קינוח על בסיס חלב 154ג,ג.וילי פוד אינטרנשיונל בעמ,,,"י""ח",1.54,ל 100 גרם,false,1,5.90,3.83,false,1,
7290117261774,false,כדורי גבינת בייבי מוצרלה 150ג 14% שומן,ג.וילי פוד אינטרנשיונל בעמ,,,"י""ח",1.50,ל 100 גרם,false,1,14.90,9.93,false,1,
7290117262054,false,וופל במילוי קקאו שוק. שוויצרי 200ג,ג.וילי פוד אינטרנשיונל בעמ,,,"י""ח",2,ל 100 גרם,false,1,8.90,4.45,true,1,
7290117262061,false,וופל במילוי קקאו אגוזי לוז 200ג,ג.וילי פוד אינטרנשיונל בעמ,,,"י""ח",2,ל 100 גרם,false,1,8.90,4.45,true,1,
7290117262221,false,"משקה יוגורט עם אננס 200מ""ל 2.3%",ג.וילי פוד אינטרנשיונל בעמ,,,"י""ח",2,ל 100 גרם,false,1,4.90,2.45,true,1,
7290117262238,false,"משקה יוגורט עם תות שדה  200מ""ל 2.3%",ג.וילי פוד אינטרנשיונל בעמ,,,"י""ח",2,ל 100 גרם,false,1,4.90,2.45,true,1,
7290117262245,false,"משקה יוגורט עם אפרסק  200מ""ל 2.3%",ג.וילי פוד אינטרנשיונל בעמ,,,"י""ח",2,ל 100 גרם,false,1,4.90,2.45,true,1,
7290117262306,false,קורנפלקס מצופה שוקולד חלב 50ד,ג.וילי פוד אינטרנשיונל בעמ,,,"י""ח",0.50,ל 100 גרם,false,1,4.90,9.80,false,1,
7290117262764,false,בצק להכנת עוגיות רד וולווט 300ג קפוא,ג.וילי פוד אינטרנשיונל בעמ,,,"י""ח",3,ל 100 גרם,false,1,16.90,5.63,false,1,
7290117262771,false,בצק להכנת עוגיות קרמל מלוח 300ג קפוא,ג.וילי פוד אינטרנשיונל בעמ,,,"י""ח",3,ל 100 גרם,false,1,16.90,5.63,false,1,
7290117262788,false,בצק להכנת עוגיות פטל שוק. ל.  300ג קפוא,ג.וילי פוד אינטרנשיונל בעמ,,,"י""ח",3,ל 100 גרם,false,1,16.90,5.63,false,1,
7290117262795,false,בצק להכנת עוגיות טעם שוקולד 300ג קפו,ג.וילי פוד אינטרנשיונל בעמ,,,"י""ח",3,ל 100 גרם,false,1,16.90,5.63,false,1,
7290117262801,false,בצק להכנת עוגיות שוק. ציפס 300ג קפוא,ג.וילי פוד אינטרנשיונל בעמ,,,"י""ח",3,ל 100 גרם,false,1,16.90,5.63,false,1,
7290117262931,false,קינוח בטעם מנגו 85ג,ג.וילי פוד אינטרנשיונל בעמ,,,"י""ח",0.85,ל 100 גרם,false,1,8.40,9.88,false,1,
7290117262948,false,קינוח בטעם טירמיסו 85ג,ג.וילי פוד אינטרנשיונל בעמ,,,"י""ח",0.85,ל 100 גרם,false,1,8.40,9.88,false,1,
7290117262955,false,קינוח בטעם שוקולד בלגי 85ג,ג.וילי פוד אינטרנשיונל בעמ,,,"י""ח",0.85,ל 100 גרם,false,1,8.40,9.88,false,1,
7290117262962,false,קינוח בטעם שוקולד קרמל 85ג,ג.וילי פוד אינטרנשיונל בעמ,,,"י""ח",0.85,ל 100 גרם,false,1,8.40,9.88,false,1,
7290117262979,false,קינוח בטעם שוקולד ופירות יער 85ג,ג.וילי פוד אינטרנשיונל בעמ,,,"י""ח",0.85,ל 100 גרם,false,1,8.40,9.88,false,1,
7290117263020,false,"משקה יוגורט פרוביוטי  200מ""ל 2.3%",ג.וילי פוד אינטרנשיונל בעמ,,,"י""ח",2,ל 100 גרם,false,1,4.90,2.45,true,1,
7290117380154,false,"רוטב אסיאתי עם סויה 264מ""ל מאסטר שף",ש.שסטוביץ בעמ,,,"י""ח",2.64,ל 100 גרם,false,1,10.90,4.13,false,1,
7290117380192,false,פוף קראנץ בטעם גריל 60גר,ש.שסטוביץ בעמ,,,"י""ח",0.40,ל 100 גרם,false,1,3.90,9.75,true,1,
7290117380208,false,פוף קראנץ בטעם חמוץ חריף 60גר,ש.שסטוביץ בעמ,,,"י""ח",0.40,ל 100 גרם,false,1,3.90,9.75,true,1,
7290117380215,false,פוף קראנץ בטעם טאקו 60גר,ש.שסטוביץ בעמ,,,"י""ח",0.40,ל 100 גרם,false,1,3.90,9.75,true,1,
7290117380864,false,מרבה סלים דלים עוגות טעם שוקולד120גר,ש.שסטוביץ בעמ,,,"י""ח",1.20,ל 100 גרם,false,1,12.90,10.75,true,1,
7290117380871,false,מרבה סלים דלים קריספי אוכמניות  120ג,ש.שסטוביץ בעמ,,,"י""ח",1.20,ל 100 גרם,false,1,12.90,10.75,true,1,
7290117381229,false,פוף פריכיות מצופות שוקולד חלב 70גר,ש.שסטוביץ בעמ,,,"י""ח",0.70,ל 100 גרם,false,1,7.90,11.29,true,1,
7290117381236,false,פוף פריכיות מצופות שוקולד מריר 70גר,ש.שסטוביץ בעמ,,,"י""ח",0.70,ל 100 גרם,false,1,7.90,11.29,true,1,
7290117381243,false,פוף פריכיות מצופות שוקולד חלב ותות 70ג,ש.שסטוביץ בעמ,,,"י""ח",0.70,ל 100 גרם,false,1,7.90,11.29,true,1,
7290117381250,false,פוף פריכיות מצופות שוקולד מריר ותפוז,ש.שסטוביץ בעמ,,,"י""ח",0.70,ל 100 גרם,false,1,7.90,11.29,true,1,
7290117382325,false,סלים דליס פרו 33חטיף חלבון מצופה שוקולד,ש.שסטוביץ בעמ,,,"י""ח",0.60,ל 100 גרם,false,1,10,16.67,true,1,
7290117382332,false,סלים דליס חטיף חלבון מצופה שוקולד טעם,ש.שסטוביץ בעמ,,,"י""ח",0.60,ל 100 גרם,false,1,10,16.67,true,1,
7290117760918,false,כוס נייר טאצ  9 OZ שרוול 50כוסות,שניב תעשיות נייר בעמ,,,"י""ח",50,"י""ח",false,1,11.90,0.24,true,1,
7290117860045,false,"הוואי שמפו לשיער רגיל 700מ""ל",הנקל סוד בעמ,,,"י""ח",7,"ל 100 מ""ל",false,1,14.90,2.13,true,1,
7290117860090,false,"הוואי מרכך לשיער רגיל 700מ""ל",הנקל סוד בעמ,,,"י""ח",7,"ל 100 מ""ל",false,1,14.90,2.13,true,1,
7290117860137,false,"הוואי קרם רחצה בניחוח פרח הקמליה 700מ""ל",הנקל סוד בעמ,,,"י""ח",7,"ל 100 מ""ל",false,1,14.90,2.13,true,1,
7290117860199,false,"הוואי שמפו מעניק לחות לשיער יבש 700מ""ל",הנקל סוד בעמ,,,"י""ח",7,"ל 100 מ""ל",false,1,14.90,2.13,true,1,
7290117860243,false,"הוואי מרכך מעניק לחות לשיער יבש 700מ""ל",הנקל סוד בעמ,,,"י""ח",7,"ל 100 מ""ל",false,1,14.90,2.13,true,1,
7290117860342,false,"הוואי מרכך קרטין מחזק 700מ""ל",הנקל סוד בעמ,,,"י""ח",7,"ל 100 מ""ל",false,1,14.90,2.13,true,1,
7290117860380,false,"הוואי תחליב רחצה יוגורט 700מ""ל אלוורה",הנקל סוד בעמ,,,"י""ח",7,"ל 100 מ""ל",false,1,14.90,2.13,true,1,
7290117860397,false,"הוואי שמפו פריחת דובדבן 700מ""ל",הנקל סוד בעמ,,,"י""ח",7,"ל 100 מ""ל",false,1,14.90,2.13,true,1,
7290117860441,false,"הוואי מרכך פריחת דובדבן 700מ""ל",הנקל סוד בעמ,,,"י""ח",7,"ל 100 מ""ל",false,1,14.90,2.13,true,1,
7290117860496,false,"הוואי  שמפו+מרכך 2ב1 לגבר 700מ""ל",הנקל סוד בעמ,,,"י""ח",7,"ל 100 מ""ל",false,1,14.90,2.13,true,1,
7290117860540,false,"הוואי שמפו עדין לילדים 700מ""ל",הנקל סוד בעמ,,,"י""ח",7,"ל 100 מ""ל",false,1,14.90,2.13,true,1,
7290117860595,false,"הוואי מרכך מתיר קשרים לילדים 700מ""ל",הנקל סוד בעמ,,,"י""ח",7,"ל 100 מ""ל",false,1,14.90,2.13,true,1,
7290117860649,false,"הוואי שמפו ללא סולפטים 700מ""ל",הנקל סוד בעמ,,,"י""ח",7,"ל 100 מ""ל",false,1,14.90,2.13,true,1,
7290117860694,false,"הוואי מרכך ללא סולפטים 700מ""ל",הנקל סוד בעמ,,,"י""ח",7,"ל 100 מ""ל",false,1,14.90,2.13,true,1,
7290117860748,false,"הוואי שמפו מעניק נפח 700מ""ל",הנקל סוד בעמ,,,"י""ח",7,"ל 100 מ""ל",false,1,14.90,2.13,true,1,
7290117860847,false,הוואי שמפו 4ב1 לגבר רעננות קרירה  700מ,הנקל סוד בעמ,,,"י""ח",7,"ל 100 מ""ל",false,1,14.90,2.13,true,1,
7290117860892,false,"הוואי תחליב רחצה יוגורט  700 מ""ל דבש",הנקל סוד בעמ,,,"י""ח",7,"ל 100 מ""ל",false,1,14.90,2.13,true,1,
7290117860946,false,"הוואי תחליב רחצה יוגורט  700 מ""ל קוקוס",הנקל סוד בעמ,,,"י""ח",7,"ל 100 מ""ל",false,1,14.90,2.13,true,1,
7290117901205,false,טורטיה דגנים בתוספת שומשום ופשתן,*347340,,,"י""ח",3.60,ל 100 גרם,false,1,9.90,2.75,false,1,
7290117901762,false,בוטן רביולי 200גר מחנה יהודה,*347350,,,"י""ח",2,ל 100 גרם,false,1,24.90,12.45,true,1,
7291044053159,false,קומקום חשמלי פנינה 2ליטר יונדאי,סמיקום לקסיס בעמ,,,"י""ח",1,,false,1,69.90,69.90,false,1,
7291044061505,false,קומקום חשמלי שחור 2ליטר יונדאי,סמיקום לקסיס בעמ,,,"י""ח",1,,false,1,69.90,69.90,false,1,
7291044101706,false,מפזר חום 2000W יונדאי,סמיקום לקסיס בעמ,,,"י""ח",1,,false,1,59.90,59.90,false,1,
7291045000404,false,פחם אפריקאי 4 קג,מחמד זייד,,,"י""ח",4,"ק""ג",false,1,24.90,6.23,true,1,
7291074007801,false,קולפן ידית פלסטיק אדום/לבן,"סולתם - רדד (כלי בית) בע""מ",,,"י""ח",1,,false,1,11.90,11.90,false,1,
7296058000069,false,פריכיות אורז מארז 310גר,א.ג בחירה חכמה בעמ,,,"י""ח",3.10,ל 100 גרם,false,1,13.90,4.48,false,1,
7296146077775,false,פתילונים,ח.כהן סוכנות מזון ומשקאות בע,,,"י""ח",1,,false,1,3.90,3.90,false,1,
7296155150698,false,דלי פיה סופר,עולם הבית שיווק והפצה,,,"י""ח",1,,false,1,11.90,11.90,false,1,
7297070000358,false,קרנה-ברך 40לייקרה,אחים וייס ישי ייצור בעמ,,,"י""ח",1,,false,1,11.90,11.90,false,1,
7297070001065,false,גרבי מכנס,אחים וייס ישי ייצור בעמ,,,"י""ח",1,,false,1,12.90,12.90,false,1,
7297070001133,false,"גרביון נשים 100דנ""",אחים וייס ישי ייצור בעמ,,,"י""ח",1,,false,1,39.90,39.90,false,1,
7297070001140,false,גרביון ילדות 70 דינר,אחים וייס ישי ייצור בעמ,,,"י""ח",1,,false,1,15.90,15.90,false,1,
7297070001232,false,גרבי מכנס לנשים,אחים וייס ישי ייצור בעמ,,,"י""ח",1,,false,1,13.90,13.90,false,1,
7297070001546,false,גרביון נשים מיקרופייבר 80דינר,אחים וייס ישי ייצור בעמ,,,"י""ח",1,,false,1,15.90,15.90,false,1,
7297070001553,false,גרביון נשים מיקרופייבר 120דינר לגינג,אחים וייס ישי ייצור בעמ,,,"י""ח",1,,false,1,22.90,22.90,false,1,
7297070001669,false,לורה תחתון בנות *5,אחים וייס ישי ייצור בעמ,,,"י""ח",1,,false,1,26.90,26.90,false,1,
7297070001829,false,תחתון נשים *5 לייקרה,אחים וייס ישי ייצור בעמ,,,"י""ח",1,,false,1,35.90,35.90,false,1,
7297070001867,false,תחתון  לגבר רוקי זוג,אחים וייס ישי ייצור בעמ,,,"י""ח",1,,false,1,26.90,26.90,false,1,
7297070002130,false,אליזי נשים 120 דינר,אחים וייס ישי ייצור בעמ,,,"י""ח",2,"י""ח",false,1,22.90,11.45,false,1,
7297070003137,false,כותניון חורף,אחים וייס ישי ייצור בעמ,,,"י""ח",1,,false,1,12.90,12.90,false,1,
7297070003724,false,לונג 6*40 ירך ילדות,אחים וייס ישי ייצור בעמ,,,"י""ח",1,,false,1,32.90,32.90,false,1,
7297174000056,false,קרסוליות במבוק נשים *3,אחים וייס ישי ייצור בעמ,,,"י""ח",1,,false,1,29.90,29.90,false,1,
7297174000063,false,גרבי תינוקות *3,אחים וייס ישי ייצור בעמ,,,"י""ח",1,,false,1,13.90,13.90,false,1,
7297174000643,false,4 זוגות גרבי מכנס לילדות,אחים וייס ישי ייצור בעמ,,,"י""ח",1,,false,1,32.90,32.90,false,1,
7297174000735,false,3 זוגות גרבי מכנס,אחים וייס ישי ייצור בעמ,,,"י""ח",1,,false,1,32.90,32.90,false,1,
7297174000827,false,"גרביון נשים 20 דנ""מידות גדולות",אחים וייס ישי ייצור בעמ,,,"י""ח",1,,false,1,13.90,13.90,false,1,
7297174000896,false,גרביון אנבל נשים 10דנר,אחים וייס ישי ייצור בעמ,,,"י""ח",1,,false,1,12.90,12.90,false,1,
7297174000995,false,גרבי ילדים *3,אחים וייס ישי ייצור בעמ,,,"י""ח",1,,false,1,13.90,13.90,false,1,
7297174001015,false,"אליזי 2*60 גרביון ילדות 50דנ""",אחים וייס ישי ייצור בעמ,,,"י""ח",2,"י""ח",false,1,22.90,11.45,false,1,
7297174001053,false,טייץ מיקרופייבר נשים 80דינר,אחים וייס ישי ייצור בעמ,,,"י""ח",1,,false,1,15.90,15.90,false,1,
7297488098152,false,קמח חומוס 500גר,נטורפוד בעמ,,,"י""ח",5,ל 100 גרם,false,1,16.90,3.38,false,1,
7297488099906,false,פרוסות בסיגנון קלאסי 18% 200גר,קפוא זן תעשיות מזון בעמ,,,"י""ח",2,ל 100 גרם,false,1,19.90,9.95,false,1,
7297579006851,false,מגן מזרן איכותי יחיד,"דהן פרוספר בע""מ",,,"י""ח",1,,false,1,29.90,29.90,false,1,
7297579006868,false,מגן מזרן איכותי מיטה וחצי,"דהן פרוספר בע""מ",,,"י""ח",1,,false,1,34.90,34.90,false,1,
7297579006875,false,מגן מזרן איכותי זוגי,"דהן פרוספר בע""מ",,,"י""ח",1,,false,1,44.90,44.90,false,1,
7297579006882,false,מגן מזרן איכותי 1.8,"דהן פרוספר בע""מ",,,"י""ח",1,,false,1,49.90,49.90,false,1,
7297579006899,false,זוג מגיני כרית איכותי,"דהן פרוספר בע""מ",,,"י""ח",1,,false,1,24.90,24.90,false,1,
7297579010728,false,שלישיית מגבות מטבח דגם פסיפלורה,דניאלה ע.י בעמ,,,"י""ח",1,,false,1,12.90,12.90,false,1,
7297579011121,false,כרית ויסקו ג`ל,"דהן פרוספר בע""מ",,,"י""ח",1,,false,1,109.90,109.90,false,1,
7297579011312,false,מגבת מדאם פנים,"דהן פרוספר בע""מ",,,"י""ח",1,,false,1,14.90,14.90,true,1,
7297579011329,false,מגבת מדאם גוף,"דהן פרוספר בע""מ",,,"י""ח",1,,false,1,29.90,29.90,true,1,
7297579011350,false,שמיכת כירבולית לונדון,"דהן פרוספר בע""מ",,,"י""ח",1,,false,1,14.90,14.90,true,1,
7297579011565,false,שלישיית מגבות מטבח גינגר,דניאלה ע.י בעמ,,,"י""ח",1,,false,1,11.90,11.90,false,1,
7297579011572,false,שלישיית מגבות מטבח זיג זג,דניאלה ע.י בעמ,,,"י""ח",1,,false,1,11.90,11.90,false,1,
7297579011596,false,מפת שולחן דגם דיאנה 150/300,"דהן פרוספר בע""מ",,,"י""ח",1,,false,1,59.90,59.90,false,1,
7297579011602,false,מפת שולחן דגם דיאנה 150/350,"דהן פרוספר בע""מ",,,"י""ח",1,,false,1,64.90,64.90,false,1,
7297579011619,false,מפת שולחן דגם דיאנה 150/400,"דהן פרוספר בע""מ",,,"י""ח",1,,false,1,75.90,75.90,false,1,
7297579011633,false,מפת שולחן דגם דובאי 150/300,"דהן פרוספר בע""מ",,,"י""ח",1,,false,1,54.90,54.90,false,1,
7297579011640,false,מפת שולחן דגם דובאי 150/350,"דהן פרוספר בע""מ",,,"י""ח",1,,false,1,69.90,69.90,false,1,
7297579011657,false,מפת שולחן דגם דובאי 150/400,"דהן פרוספר בע""מ",,,"י""ח",1,,false,1,79.90,79.90,false,1,
7297579011688,false,מפת שולחן דגם ויקטוריה 150/350,"דהן פרוספר בע""מ",,,"י""ח",1,,false,1,69.90,69.90,false,1,
7297579011695,false,מפת שולחן דגם ויקטוריה 150/400,"דהן פרוספר בע""מ",,,"י""ח",1,,false,1,79.90,79.90,false,1,
7297579011725,false,מפת שולחן דגם נאיה 150/350,"דהן פרוספר בע""מ",,,"י""ח",1,,false,1,69.90,69.90,false,1,
7297579011732,false,מפת שולחן דגם נאיה 150/400,"דהן פרוספר בע""מ",,,"י""ח",1,,false,1,79.90,79.90,false,1,
7297579011756,false,מפת שולחן דגם סהרה 150/300,"דהן פרוספר בע""מ",,,"י""ח",1,,false,1,59.90,59.90,false,1,
7297579011770,false,מפת שולחן דגם סהרה 150/400,"דהן פרוספר בע""מ",,,"י""ח",1,,false,1,79.90,79.90,false,1,
7297579011862,false,שטיח אמבטיה דגם פופי 50*80,"דהן פרוספר בע""מ",,,"י""ח",1,,false,1,25.90,25.90,false,1,
7297579011879,false,שטיח אמבטיה דגם פופי 90*60,"דהן פרוספר בע""מ",,,"י""ח",1,,false,1,34.90,34.90,false,1,
7297579011886,false,שטיח אמבטיה דגם פופי 120*60,"דהן פרוספר בע""מ",,,"י""ח",1,,false,1,44.90,44.90,false,1,
7297579012036,false,כיסוי סלון אליזבט,"דהן פרוספר בע""מ",,,"י""ח",1,,false,1,139.90,139.90,false,1,
7297777050311,false,מצית גז,אושר א.א. יבוא ושיווק כלי בית,,,"י""ח",1,"י""ח",false,1,9.90,9.90,false,1,
7312040017683,false,מארז אבסולוט רגיל(וודקה {}{700 עם כוס,טמפו משקאות בעמ,,,"י""ח",7.50,"ל 100 מ""ל",false,1,60.20,7.99,true,1,
7393714507020,false,"סיידר קופרברג תות ליים 330מ""ל 4.5%.",הכרם משקאות חריפים בעמ,,,"י""ח",3.30,"ל 100 מ""ל",false,1,10.20,3,true,1,
7393714508102,false,"סיידר קופרברג אגסים 330מ""ל 4.5%.",הכרם משקאות חריפים בעמ,,,"י""ח",3.30,"ל 100 מ""ל",false,1,10.20,3,true,1,
7501013101393,false,"נקטר אננס 473מ""ל JUMEX",טמפו משקאות בעמ,,,"י""ח",4.73,"ל 100 מ""ל",false,1,8,1.63,true,1,
7501013122053,false,נקטר אפרסק 1ליטר JUMEX קרטונית,טמפו משקאות בעמ,,,"י""ח",1,ליטר,false,1,9.50,9.50,false,1,
7501049936945,false,"בירה סול 330מ""ל שישייה",טמפו משקאות בעמ,,,"י""ח",1.98,ליטר,false,1,39.90,19.24,true,1,
7501064191398,false,"בירה קורונה שישייה *355מ""ל.",תימקו בירה,,,"י""ח",6,"י""ח",false,1,39.90,6.35,true,1,
7509546061665,false,ספיד סטיק 24/7 שחור ג ל,ש.שסטוביץ בעמ,,,"י""ח",1,"י""ח",false,1,19.90,19.90,true,1,
7509546061672,false,ספיד סטיק אקסטרים סטיק 50גר,ש.שסטוביץ בעמ,,,"י""ח",0.70,ל 100 גרם,false,1,16.90,24.14,true,1,
7509546063515,false,"ליידי ספיד סטיק פרו 5 ספריי 150מ""ל",ש.שסטוביץ בעמ,,,"י""ח",1,,false,1,18.90,18.90,true,1,
7509546678702,false,קולגייט משחת שיניים טוטל אנטי טרטר 100,ש.שסטוביץ בעמ,,,"י""ח",1,"ל 100 מ""ל",false,1,16.90,16.90,true,1,
7610100034084,false,מיונז טומי 265ג,ליימן שליסל,,,"י""ח",2.65,ל 100 גרם,false,1,11.90,4.49,false,1,
7610113011652,false,"בקרדי בריזר תפוח 275מ""ל",טמפו משקאות בעמ,,,"י""ח",2.75,"ל 100 מ""ל",false,1,14.20,5.05,true,1,
7610243004463,false,"דורגול מרסס קצף 500מ""ל","יעקב יעקבי ובניו בע""מ",,,"י""ח",5,"ל 100 מ""ל",false,1,19.90,3.98,true,1,
7610400014649,false,לינדט 100 גרם,מ.סידס ובנו בעמ,,,"י""ח",1,ל 100 גרם,false,1,16.90,16.90,true,1,
7610400074155,false,לינדור בודד 60% 100גר`,מ.סידס ובנו בעמ,,,"י""ח",1,ל 100 גרם,false,1,16.90,16.90,true,1,
7610700010778,false,ריקולה 50ג ללא ת.סוכר פטל חמוציות 50ג,שוקוטרייד בעמ,,,"י""ח",0.50,ל 100 גרם,false,1,13.90,27.80,false,1,
7610700012642,false,ריקולה שקית 70ג לימון,שוקוטרייד בעמ,,,"י""ח",0.70,ל 100 גרם,false,1,11.90,17,false,1,
7613030979647,false,טריקס פירות  480גר,קבוצת אוסם סחר-שות.מוגבלת,,,"י""ח",4.80,"י""ח",false,1,19.90,4.15,true,1,
7613032045753,false,פיטנס שוקולד 375גרם,קבוצת אוסם סחר-שות.מוגבלת,,,"י""ח",3.75,ל 100 גרם,false,1,22.90,6.11,true,1,
7613033548192,false,פיטנס שוקולד מריר 375 גרם,קבוצת אוסם סחר-שות.מוגבלת,,,"י""ח",3.75,ל 100 גרם,false,1,22.90,6.11,true,1,
7613033635571,false,פורינה One חתול סטרילייז סלמון 800גר,קבוצת אוסם סחר-שות.מוגבלת,,,"י""ח",8,ל 100 גרם,false,1,42.60,5.33,true,1,
7613035379794,false,דנטלייף גזע בינוני 115גר,קבוצת אוסם סחר-שות.מוגבלת,,,"י""ח",1.15,ל 100 גרם,false,1,15.90,13.83,false,1,
7613035548374,false,גולדן מיניס 570גר,קבוצת אוסם סחר-שות.מוגבלת,,,"י""ח",5,ל 100 גרם,false,1,19.90,3.98,true,1,
7613035622623,false,פיטנס גרנולה שקדים ודבש 300גר,קבוצת אוסם סחר-שות.מוגבלת,,,"י""ח",3,ל 100 גרם,false,1,15.90,5.30,false,1,
7613035635845,false,פיטנס גרנולה שוקולד 300גר,קבוצת אוסם סחר-שות.מוגבלת,,,"י""ח",3,ל 100 גרם,false,1,15.90,5.30,false,1,
7613035807778,false,רוטב עגבניות לבלונז 400ג אוסם,קבוצת אוסם סחר-שות.מוגבלת,,,"י""ח",4,ל 100 גרם,false,1,9.90,2.48,true,1,
7613035809109,false,פרפקטו רוטב עגבניות ובזיליקום 400ג,קבוצת אוסם סחר-שות.מוגבלת,,,"י""ח",4,ל 100 גרם,false,1,9.90,2.48,true,1,
7613035809123,false,רוטב עגבניות עם פלפלים  400ג,קבוצת אוסם סחר-שות.מוגבלת,,,"י""ח",4,ל 100 גרם,false,1,9.90,2.48,true,1,
7613035809857,false,רוטב עגבניות לפסטה ולבישול 400ג,קבוצת אוסם סחר-שות.מוגבלת,,,"י""ח",4,ל 100 גרם,false,1,9.90,2.48,true,1,
7613036387798,false,פיטנס יוגורט 350ג,קבוצת אוסם סחר-שות.מוגבלת,,,"י""ח",3.50,ל 100 גרם,false,1,22.90,6.54,true,1,
7613036520492,false,פרפקטו רוטב עגבניות לפיצה  400ג,קבוצת אוסם סחר-שות.מוגבלת,,,"י""ח",4,ל 100 גרם,false,1,9.90,2.48,true,1,
7613036737623,false,דגני בוקר קראנץ מיקס  410גר,קבוצת אוסם סחר-שות.מוגבלת,,,"י""ח",4.10,ל 100 גרם,false,1,19.90,4.85,true,1,
7613036880534,false,גרבר מחית מרק ירקות מעורבים 190גר,קבוצת אוסם סחר-שות.מוגבלת,,,"י""ח",1.90,ל 100 גרם,false,1,6.90,3.63,false,1,
7613036976718,false,פריסקיז   פאוצ`ברווז ברוטב  85גר,קבוצת אוסם סחר-שות.מוגבלת,,,"י""ח",0.80,ל 100 גרם,false,1,4.90,6.13,false,1,
7613037012200,false,גרבר מחית תפוח מנגו גזר פאוץ 90גר,קבוצת אוסם סחר-שות.מוגבלת,,,"י""ח",1.30,ל 100 גרם,false,1,6.90,5.31,true,1,
7613037276091,false,דגני בוקר מיקס ניני 200גר נסטלה,קבוצת אוסם סחר-שות.מוגבלת,,,"י""ח",2,ל 100 גרם,false,1,17.90,8.95,false,1,
7613037686906,false,פיטנס דבש ושקדים 355  גר`:,קבוצת אוסם סחר-שות.מוגבלת,,,"י""ח",3.55,ל 100 גרם,false,1,22.90,6.45,true,1,
7613037687132,false,פיטנס שקדים ודבש 585ג,קבוצת אוסם סחר-שות.מוגבלת,,,"י""ח",5.85,ל 100 גרם,false,1,22.90,3.91,true,1,
7613038268262,false,האני נאט צ`יריוס מופחת סוכר 410גר,קבוצת אוסם סחר-שות.מוגבלת,,,"י""ח",4.10,ל 100 גרם,false,1,20.90,5.10,true,1,
7613038451954,false,קראנץ שוקולד מופחת סוכר 410גר,קבוצת אוסם סחר-שות.מוגבלת,,,"י""ח",4.10,ל 100 גרם,false,1,19.90,4.85,true,1,
7613039547632,false,גרבר מחית תפוח בננה תות פאוץ 90גר,קבוצת אוסם סחר-שות.מוגבלת,,,"י""ח",0.90,ל 100 גרם,false,1,5.90,6.56,true,1,
7613039547731,false,גרבר מחית תפוח משמש פאוץ 90גר,קבוצת אוסם סחר-שות.מוגבלת,,,"י""ח",0.90,ל 100 גרם,false,1,6.90,7.67,true,1,
7613039547922,false,גרבר מחית תפוח בננה אגס פאוץ 90גר,קבוצת אוסם סחר-שות.מוגבלת,,,"י""ח",0.90,ל 100 גרם,false,1,5.90,6.56,true,1,
7613039879382,false,גרבר מחית  תפוח עץ 190גר,קבוצת אוסם סחר-שות.מוגבלת,,,"י""ח",1.90,ל 100 גרם,false,1,6.90,3.63,false,1,
7613039880807,false,גרבר מחית תפוח וגזר 190גר,קבוצת אוסם סחר-שות.מוגבלת,,,"י""ח",1.90,ל 100 גרם,false,1,6.90,3.63,false,1,
7613287155832,false,גרבר מחית תפוח פאוץ 90גר,קבוצת אוסם סחר-שות.מוגבלת,,,"י""ח",1.30,ל 100 גרם,false,1,6.90,5.31,true,1,
7613287155863,false,גרבר מחית אגס פאוץ 90גר,קבוצת אוסם סחר-שות.מוגבלת,,,"י""ח",1.30,ל 100 גרם,false,1,6.90,5.31,true,1,
7613287155924,false,גרבר מחית תפוח גזר פאוץ 90גר,קבוצת אוסם סחר-שות.מוגבלת,,,"י""ח",1.30,ל 100 גרם,false,1,6.90,5.31,true,1,
7613287181411,false,ויטמינצ יק סלט פירות 110גר,קבוצת אוסם סחר-שות.מוגבלת,,,"י""ח",1.10,ל 100 גרם,false,1,5.90,5.36,true,1,
7613287182357,false,ויטמינצ יק אגס תפוח ופירות יער 110גר,קבוצת אוסם סחר-שות.מוגבלת,,,"י""ח",1.10,ל 100 גרם,false,1,5.90,5.36,true,1,
7613287182425,false,ויטמינצ יק תפוח בננה ותות 110גר,קבוצת אוסם סחר-שות.מוגבלת,,,"י""ח",1.10,ל 100 גרם,false,1,5.90,5.36,true,1,
7613287182456,false,ויטמינצ יק אגס תפוח ובננה 110גר,קבוצת אוסם סחר-שות.מוגבלת,,,"י""ח",1.10,ל 100 גרם,false,1,5.90,5.36,true,1,
7613287186928,false,סטארבקס קפסולות ברקפסט רוסט 56גר.,קבוצת אוסם סחר-שות.מוגבלת,,,"י""ח",0.56,ל 100 גרם,false,1,21.90,39.11,true,1,
7613287325808,false,מטבל איולי שום 295גר,קבוצת אוסם סחר-שות.מוגבלת,,,"י""ח",2.95,"ל 100 מ""ל",false,1,15.90,5.39,true,1,
7613287325853,false,מטבל איולי ספייסי 295גר,קבוצת אוסם סחר-שות.מוגבלת,,,"י""ח",2.95,"ל 100 מ""ל",false,1,14.90,5.05,true,1,
7613287325952,false,מטבל ברביקיו 345גר,קבוצת אוסם סחר-שות.מוגבלת,,,"י""ח",3.35,"ל 100 מ""ל",false,1,14.90,4.45,true,1,
7613287394323,false,מולטי ציריוס 600גר,קבוצת אוסם סחר-שות.מוגבלת,,,"י""ח",5,ל 100 גרם,false,1,19.90,3.98,true,1,
7613287476678,false,סינימיניס צ`ורוס 360גר,קבוצת אוסם סחר-שות.מוגבלת,,,"י""ח",3.60,ל 100 גרם,false,1,19.90,5.53,true,1,
7613287821348,false,טבעול נתחוני עוף טבעוני סנסשיונל 350גר,קבוצת אוסם סחר-שות.מוגבלת,,,"י""ח",5,ל 100 גרם,false,1,37.90,7.58,true,1,
7613287855640,false,סטארבקס קפסולות גוואטמלה 52גר,קבוצת אוסם סחר-שות.מוגבלת,,,"י""ח",0.52,ל 100 גרם,false,1,21.90,42.12,true,1,
7614500035788,false,טובלרון שוקולד חלב 200גר`,דיפלומט בעמ,,,"י""ח",2,ל 100 גרם,false,1,17.30,8.65,false,1,
7622010001858,false,אוראו 176 גרם ממולא קרם  בטעם וניל,דיפלומט בעמ,,,"י""ח",1.76,ל 100 גרם,false,1,8.90,5.06,true,1,
7622201050757,false,שוקולד מילקה קרמל 100 ג,דיפלומט בעמ,,,"י""ח",1,ל 100 גרם,false,1,6.50,6.50,true,1,
7622201137052,false,מילקה מיני קוקיז 110גר,דיפלומט בעמ,,,"י""ח",1.10,ל 100 גרם,false,1,8.60,7.82,true,1,
7622201139278,false,פילדלפיה  27% שומן 150ג,נטו מלינדה סחר בעמ,,,"י""ח",1.50,ל 100 גרם,false,1,14.90,9.93,false,1,
7622201401900,false,עוגיות מילקה סנסיישן אוראו 156ג,דיפלומט בעמ,,,"י""ח",1.56,ל 100 גרם,false,1,10.90,6.99,true,1,
7622201502515,false,עוגיות מילקה קוקי לופ 132ג,דיפלומט בעמ,,,"י""ח",1.32,ל 100 גרם,false,1,10.90,8.26,true,1,
7622201521493,false,פילדלפיה  שום ועשבי תיבול 12% שומן 150,נטו מלינדה סחר בעמ,,,"י""ח",1.50,ל 100 גרם,false,1,9.90,6.60,true,1,
7622201798154,false,פילדלפיה  לייט 150ג,נטו מלינדה סחר בעמ,,,"י""ח",1.50,ל 100 גרם,false,1,14.90,9.93,false,1,
7622201801809,false,מילקה אגוזי 100 ג,דיפלומט בעמ,,,"י""ח",1,ל 100 גרם,false,1,6.50,6.50,true,1,
7622201802363,false,מילקה צימוקים 100ג,דיפלומט בעמ,,,"י""ח",1,ל 100 גרם,false,1,6.50,6.50,true,1,
7622201802394,false,מילקה מסרונים חלב 100 ג,דיפלומט בעמ,,,"י""ח",1,ל 100 גרם,false,1,6.50,6.50,true,1,
7622201808631,false,אוראו מיני כוסות  בטעם וניל 67 גר,דיפלומט בעמ,,,"י""ח",0.67,"100 ס""מ",false,1,6.90,10.30,true,1,
7622201813390,false,מילקה וואפל במילוי קרם  בטעם קקאו 150גר,דיפלומט בעמ,,,"י""ח",1.50,ל 100 גרם,false,1,10.90,7.27,true,1,
7622210078131,false,מילקה שוקולד חלב עם דאיים 100ג.,דיפלומט בעמ,,,"י""ח",1,ל 100 גרם,false,1,6.50,6.50,true,1,
7622210137234,false,אוראו עוגיות עם דאבל קרם בטעם וניל 170ג,דיפלומט בעמ,,,"י""ח",1.70,ל 100 גרם,false,1,8.90,5.24,true,1,
7622210163899,false,מילקה שוקולד חלב עם עדשים 100ג,דיפלומט בעמ,,,"י""ח",1,ל 100 גרם,false,1,6.50,6.50,true,1,
7622210453327,false,מילקה סנסיישן 156גר,דיפלומט בעמ,,,"י""ח",1.56,ל 100 גרם,false,1,12.90,8.27,true,1,
7622210464729,false,אוראו גולדן בד``צ 154גרם,דיפלומט בעמ,,,"י""ח",1.54,"100 ס""מ",false,1,6.90,4.48,true,1,
7622210635105,false,אוראו בטעם  תות 154 גרם,דיפלומט בעמ,,,"י""ח",1.54,"100 ס""מ",false,1,6.90,4.48,true,1,
7622210637994,false,אוראו ביס קראנצי אורגניל 110ג,דיפלומט בעמ,,,"י""ח",1.10,ל 100 גרם,false,1,7.90,7.18,true,1,
7622210638021,false,אוראו ביס קראנצי ציפוי  בטעם שוק. 110ג,דיפלומט בעמ,,,"י""ח",1.10,ל 100 גרם,false,1,7.90,7.18,true,1,
7622210690883,false,מילקה מונדיאל  270גר חלב,דיפלומט בעמ,,,"י""ח",3,ל 100 גרם,false,1,13.90,4.63,true,1,
7622210693266,false,"שוקולד מילקה אגוזים 280גר כשל""פ",דיפלומט בעמ,,,"י""ח",3,ל 100 גרם,false,1,13.90,4.63,true,1,
7622210826053,false,שוקולד מילקה אוראו סנדויץ 92ג,דיפלומט בעמ,,,"י""ח",0.92,ל 100 גרם,false,1,6.50,7.07,true,1,
7622210835338,false,אוראו בראוניז 176ג,דיפלומט בעמ,,,"י""ח",1.76,ל 100 גרם,false,1,8.90,5.06,true,1,
7622300270506,false,מילקה גריינס עוגיות,דיפלומט בעמ,,,"י""ח",1.68,ל 100 גרם,false,1,10.90,6.49,true,1,
7622300315283,false,אוראו  בטעם וניל בד``צ 154גרם.,דיפלומט בעמ,,,"י""ח",1.54,"100 ס""מ",false,1,6.90,4.48,true,1,
7622300489427,false,אוראו פאדגי בטעם  שוק לבן 240,דיפלומט בעמ,,,"י""ח",2.64,ל 100 גרם,false,1,13.90,5.27,true,1,
7622300489434,false,אוראו פאדג  בטעם  שוק.חלב 246גרם,דיפלומט בעמ,,,"י""ח",2.64,ל 100 גרם,false,1,13.90,5.27,true,1,
7622300495046,false,מילקה אקסטרה קקאו  100 ג,דיפלומט בעמ,,,"י""ח",1,ל 100 גרם,false,1,6.50,6.50,true,1,
7622300503079,false,מילקה מוו ביסקויט,דיפלומט בעמ,,,"י""ח",2,ל 100 גרם,false,1,10.90,5.45,true,1,
7622300617820,false,מילקה אוראו  100 ג,דיפלומט בעמ,,,"י""ח",1,ל 100 גרם,false,1,6.50,6.50,true,1,
7622300761363,false,עוגיות מיני אוראו קרם  בטעם שקולד  67גר.,דיפלומט בעמ,,,"י""ח",0.67,ל 100 גרם,false,1,6.90,10.30,true,1,
7622300772314,false,עוגיות אוראו ממולאות קרם  בטעם וניל 66גר,דיפלומט בעמ,,,"י""ח",0.66,ל 100 גרם,false,1,3.70,5.61,true,1,
7622400005190,false,שוקולד מילקה COW 100גר,דיפלומט בעמ,,,"י""ח",1,,false,1,6.50,6.50,true,1,
7630311507016,false,סטארבקס קפסולות סאני דיי 57גר,קבוצת אוסם סחר-שות.מוגבלת,,,"י""ח",0.57,ל 100 גרם,false,1,21.90,38.42,true,1,
7630477891592,false,סטארבקס קפסולות האוס בלנד 57גר,קבוצת אוסם סחר-שות.מוגבלת,,,"י""ח",0.57,ל 100 גרם,false,1,21.90,38.42,true,1,
7630477891615,false,סטארבקס קפסולות סומטרה 55גר,קבוצת אוסם סחר-שות.מוגבלת,,,"י""ח",0.55,ל 100 גרם,false,1,21.90,39.82,true,1,
7630477891639,false,סטארבקס קפסולות ורונה 55גר.,קבוצת אוסם סחר-שות.מוגבלת,,,"י""ח",0.55,ל 100 גרם,false,1,21.90,39.82,true,1,
7630477891653,false,סטארבקס קפסולות אספרסו נטול 57גר,קבוצת אוסם סחר-שות.מוגבלת,,,"י""ח",0.57,ל 100 גרם,false,1,21.90,38.42,true,1,
7630477891677,false,סטארבקס קפסולות פייק פלייס 53גר,קבוצת אוסם סחר-שות.מוגבלת,,,"י""ח",0.53,ל 100 גרם,false,1,21.90,41.32,true,1,
7630477891691,false,סטארבקס קפסולות קולומביה 57גר,קבוצת אוסם סחר-שות.מוגבלת,,,"י""ח",0.57,ל 100 גרם,false,1,21.90,38.42,true,1,
7630477891714,false,סטארבקס קפסולות אספרסו 57גר,קבוצת אוסם סחר-שות.מוגבלת,,,"י""ח",0.57,ל 100 גרם,false,1,21.90,38.42,true,1,
7630477891738,false,סטארבקס קפסולות אספרסו בלונד 53גר,קבוצת אוסם סחר-שות.מוגבלת,,,"י""ח",0.53,ל 100 גרם,false,1,21.90,41.32,true,1,
7702018069347,false,בלו 2 לנשים מארז 10יח +5 יח,דיפלומט מפיצים 1968 בעמ,,,"י""ח",15,"י""ח",false,1,29.90,1.99,true,1,
7702018441075,false,סכיני פיוזן ידני מארז 12 יח,דיפלומט מפיצים 1968 בעמ,,,"י""ח",1,,false,1,99.90,99.90,true,1,
7702018457762,false,גילט גל גילוח סירייס תחושה קרירה,דיפלומט מפיצים 1968 בעמ,,,"י""ח",2,"ל 100 מ""ל",false,1,12.90,6.45,true,1,
7702018468447,false,גילט עשיריה 2 פלוס חד פעמי,דיפלומט מפיצים 1968 בעמ,,,"י""ח",1,"י""ח",false,1,24.90,24.90,true,1,
7702018471423,false,גילט פיוזן סכיני גילוח  (רבעייה),דיפלומט מפיצים 1968 בעמ,,,"י""ח",1,,false,1,39.90,39.90,true,1,
7702018539468,false,גילט מארז ונוס תות ידית +3 סכין,דיפלומט מפיצים 1968 בעמ,,,"י""ח",1,,false,1,44.90,44.90,true,1,
7702024074625,false,פיטנס חטיפי קרקר חיטה מלאה 234גר,קבוצת אוסם סחר-שות.מוגבלת,,,"י""ח",2.34,ל 100 גרם,false,1,12.90,5.51,false,1,
7702024258322,false,פיטנס חטיפי קרקר צ`יה ופשתן 234גר,קבוצת אוסם סחר-שות.מוגבלת,,,"י""ח",2.34,ל 100 גרם,false,1,12.90,5.51,false,1,
7702174066631,false,לקקן פין פופ 10 יח`180גר`,ליימן שליסל,,,"י""ח",1.80,"ל 100 מ""ל",false,1,8.90,4.94,false,1,
7702174068826,false,לקקן 12 יחידות,ליימן שליסל,,,"י""ח",2.16,ל 100 גרם,false,1,11.90,5.51,false,1,
7702174068833,false,לקקן יוגטה טעמי גלידה,ליימן שליסל,,,"י""ח",2.16,ל 100 גרם,false,1,7.90,3.66,false,1,
7702174070201,false,לקקן יוגטה מג`יק 216גר,ליימן שליסל,,,"י""ח",2.16,ל 100 גרם,false,1,9.90,4.58,false,1,
7702174073783,false,לקקן פין פופ 10יח טעם קולה,ליימן שליסל,,,"י""ח",2.16,ל 100 גרם,false,1,8.90,4.12,false,1,
7702174073844,false,לקקן פין פופ פירות 48יח,ליימן שליסל,,,"י""ח",6.72,ל 100 גרם,false,1,19.90,2.96,false,1,
7792860006218,false,בייבי דול לקקן,מ.סידס ובנו בעמ,,,"י""ח",0.24,ל 100 גרם,false,1,2.20,9.17,true,1,
7798378440018,false,אוכמניות,ביכורי השדה צפון 1994 ג.ד. בעמ,,,"י""ח",1,,false,1,14.90,14.90,true,1,
7798382150019,false,אוכמניות,ביכורי השדה צפון 1994 ג.ד. בעמ,,,"י""ח",1,,false,1,14.90,14.90,false,1,
7804414000860,false,יין דון חוליו קברנה אדוארדס,הכרם משקאות חריפים בעמ,,,"י""ח",7.50,"ל 100 מ""ל",false,1,24.90,3.28,false,1,
7804414001614,false,יין דון חוליו שיראז.,הכרם משקאות חריפים בעמ,,,"י""ח",7.50,"ל 100 מ""ל",false,1,24.90,3.28,false,1,
7804414001621,false,קזה דה לואיג י שירז,הכרם משקאות חריפים בעמ,,,"י""ח",7.50,"ל 100 מ""ל",false,1,31.90,4.21,true,1,
7891024124826,false,"קולגייט  אופטיק וייט 75מ""ל",ש.שסטוביץ בעמ,,,"י""ח",0.75,"ל 100 מ""ל",false,1,19.90,26.53,true,1,
7891024130063,false,"קולגייט פלאקס ללא אלכהול 500מ""ל",ש.שסטוביץ בעמ,,,"י""ח",5,"ל 100 מ""ל",false,1,24.90,4.98,true,1,
8000070003774,false,קפסולות לוואצה 7.5גר רמת חוזק 13,ליימן שליסל,,,"י""ח",1,ל 100 גרם,false,1,29.90,29.90,true,1,
8000070003798,false,קפסולות לוואצה 7.5גר רמת חוזק 8,ליימן שליסל,,,"י""ח",1,ל 100 גרם,false,1,29.90,29.90,true,1,
8000070003811,false,קפסולות לוואצה 7.5גר רמת חוזק 11,ליימן שליסל,,,"י""ח",1,ל 100 גרם,false,1,29.90,29.90,true,1,
8000070003880,false,קפסולות לוואצה 7.5גר רמת חוזק 6,ליימן שליסל,,,"י""ח",1,ל 100 גרם,false,1,29.90,29.90,true,1,
8000070064553,false,קפסולות לוואצה 7.5גר רמת חוזק 10,ליימן שליסל,,,"י""ח",1,ל 100 גרם,false,1,29.90,29.90,true,1,
8000113003402,false,"קמח תירס 1 ק""ג",גורי מוצרי צריכה בעמ,,,"י""ח",1,"ק""ג",false,1,16.10,16.10,false,1,
8000215204240,false,משקה שקדים ואורז אורגני,נטורפוד בעמ,,,"י""ח",1,ליטר,false,1,16.90,16.90,false,1,
8000380003723,false,גרנד פטיסרי אגוז 100,ליימן שליסל,,,"י""ח",1,,false,1,12.90,12.90,true,1,
8000380003761,false,גרנד פטיסרי קוקוס 100,ליימן שליסל,,,"י""ח",1,ל 100 גרם,false,1,12.90,12.90,true,1,
8000380004669,false,וופל 200 גר`קקאו,ליימן שליסל,,,"י""ח",2,ל 100 גרם,false,1,12.90,6.45,true,1,
8000380004676,false,וופל לואקר  וניל סנדוויץ 200 ג`,ליימן שליסל,,,"י""ח",2,ל 100 גרם,false,1,12.90,6.45,true,1,
8000380004911,false,לואקר קוארדטיני אגוז 250גר`.,ליימן שליסל,,,"י""ח",2.50,ל 100 גרם,false,1,13.90,5.56,false,1,
8000380004966,false,קואדרטיטני  שוקולד 250ג,ליימן שליסל,,,"י""ח",2.50,ל 100 גרם,false,1,13.90,5.56,false,1,
8000380005963,false,קוואדרטיני שוקולד 125גר`,ליימן שליסל,,,"י""ח",1.25,ל 100 גרם,false,1,7,5.60,true,1,
8000380007219,false,לואקר אגוז,ליימן שליסל,,,"י""ח",1,,false,1,9.90,9.90,false,1,
8000380007219,false,וופל לואקר אגוז 175 גרם,ליימן שליסל,,,"י""ח",1.75,ל 100 גרם,false,1,11.80,6.74,false,1,
8000380007257,false,וופל גרדנה 200 ג  מצופה,ליימן שליסל,,,"י""ח",2,ל 100 גרם,false,1,14.50,7.25,true,1,
8000380007264,false,וופל לואקר קקאו 175 גרם,ליימן שליסל,,,"י""ח",1.75,ל 100 גרם,false,1,11.80,6.74,false,1,
8000380007271,false,וופל לואקר חלב 175 גרם,ליימן שליסל,,,"י""ח",1.75,ל 100 גרם,false,1,11.80,6.74,false,1,
8000380106028,false,טורטינה 1/6,ליימן שליסל,,,"י""ח",1.25,ל 100 גרם,false,1,18.90,15.12,false,1,
8000380144044,false,וופל גרנדה שוקולד,ליימן שליסל,,,"י""ח",2,ל 100 גרם,false,1,14.50,7.25,true,1,
8000380152704,false,מארז חטיפי אצבעות גרדנה אגוז,ליימן שליסל,,,"י""ח",1.25,ל 100 גרם,false,1,15.50,12.40,true,1,
8000380152728,false,מארז חטיפי אצבעות גרדנה שוקולד,ליימן שליסל,,,"י""ח",1.25,ל 100 גרם,false,1,14.30,11.44,true,1,
8000380153534,false,טורטינה 1/6 לבן,ליימן שליסל,,,"י""ח",1.25,ל 100 גרם,false,1,18.90,15.12,false,1,
8000380156825,false,שוקולד לואקר חלב 87ג,ליימן שליסל,,,"י""ח",0.87,ל 100 גרם,false,1,7.90,9.08,false,1,
8000380156849,false,שוקולד לואקר מריר  87ג,ליימן שליסל,,,"י""ח",0.87,ל 100 גרם,false,1,7.90,9.08,false,1,
8000380156856,false,שוקולד לואקר לבן 87ג,ליימן שליסל,,,"י""ח",0.87,ל 100 גרם,false,1,7.90,9.08,false,1,
8000380157587,false,לואקר שוקולד 5 262גר,ליימן שליסל,,,"י""ח",2.62,ל 100 גרם,false,1,10,3.82,true,1,
8000380180721,false,וופל לואקר שוקו-חלב  175ג,ליימן שליסל,,,"י""ח",1.75,ל 100 גרם,false,1,11.80,6.74,false,1,
8000380180745,false,לואקר קוארדטיני שוקו חלב  250גר`.,ליימן שליסל,,,"י""ח",2.50,ל 100 גרם,false,1,13.90,5.56,false,1,
8000380180837,false,גראנד פטי סרי קרם קוקוס בשוקולד לבן,ליימן שליסל,,,"י""ח",1,ל 100 גרם,false,1,12.90,12.90,true,1,
8000380181032,false,מארז חטיפי אצבעות גרדנה אגוזי לוז,ליימן שליסל,,,"י""ח",1.25,ל 100 גרם,false,1,15.50,12.40,true,1,
8000380187119,false,עוגיות לואקר אגוזי לוז 100ג,ליימן שליסל,,,"י""ח",1,ל 100 גרם,false,1,13.90,13.90,false,1,
8000380187300,false,עוגיות לואקר פתיתי שלג 120ג,ליימן שליסל,,,"י""ח",1.20,ל 100 גרם,false,1,13.90,11.58,false,1,
8000380189281,false,מארז מיני מיקס לואקר  210ג,ליימן שליסל,,,"י""ח",2.10,ל 100 גרם,false,1,21.90,10.43,false,1,
8000380192243,false,לואקר מקסי 200ג טעם אגוזים,ליימן שליסל,,,"י""ח",2,ל 100 גרם,false,1,13.90,6.95,false,1,
8000380201396,false,טורטינה 1/6,ליימן שליסל,,,"י""ח",1.25,ל 100 גרם,false,1,18.90,15.12,false,1,
8000380205523,false,וופל לואקר חמאת בוטנים  175ג,ליימן שליסל,,,"י""ח",1.75,ל 100 גרם,false,1,11.80,6.74,false,1,
8000380206896,false,וופל גרדנה 200 ג  חמאת בוטנים,ליימן שליסל,,,"י""ח",2,ל 100 גרם,false,1,14.50,7.25,true,1,
8000380207183,false,טורטינה שישייה טעם מריר,ליימן שליסל,,,"י""ח",1.25,ל 100 גרם,false,1,18.90,15.12,false,1,
8000392503136,false,פומפיה+מקל,*** מ.א.ייצור ויבוא מטליות,,,"י""ח",1,,false,1,10,10,false,1,
8000500023624,false,הפי היפו 10 חמישיות,פרימיום - חברה לדברי מתיקה ולמ,,,"י""ח",0.90,ל 100 גרם,false,1,12.90,14.33,false,1,
8000500026731,false,ביצי שוקולד קינדר מארז 3 יח סופרייז,פרימיום - חברה לדברי מתיקה ולמ,,,"י""ח",0.60,ל 100 גרם,false,1,13.90,23.17,true,1,
8000500029350,false,קינדר בואנו שלישייה,פרימיום - חברה לדברי מתיקה ולמ,,,"י""ח",1.20,ל 100 גרם,false,1,10,8.33,true,1,
8000500037874,false,רושר בונ  200 גר,פרימיום - חברה לדברי מתיקה ולמ,,,"י""ח",2,ל 100 גרם,false,1,25.50,12.75,false,1,
8000500071083,false,קינדר שוקולד 200 גרם,פרימיום - חברה לדברי מתיקה ולמ,,,"י""ח",2,ל 100 גרם,false,1,12.90,6.45,false,1,
8000500075708,false,קינדר ג וי שלשות כחול,פרימיום - חברה לדברי מתיקה ולמ,,,"י""ח",3,"י""ח",false,1,16.90,5.63,false,1,
8000500121436,false,קינדר בואנו לבן שלשות,פרימיום - חברה לדברי מתיקה ולמ,,,"י""ח",3,"י""ח",false,1,10,3.33,true,1,
8000500126325,false,קינדר ג וי שלשות ורוד,פרימיום - חברה לדברי מתיקה ולמ,,,"י""ח",3,"י""ח",false,1,16.90,5.63,false,1,
8000500167656,false,קינדר שוקולד עם חלב ודגנים  96ג,פרימיום - חברה לדברי מתיקה ולמ,,,"י""ח",0.96,ל 100 גרם,false,1,7.70,8.02,false,1,
8000500217740,false,קינדר בואנו מיני,פרימיום - חברה לדברי מתיקה ולמ,,,"י""ח",0.86,ל 100 גרם,false,1,10.90,12.67,false,1,
8000500227848,false,וופל נוטלה  בי רדי שישייה 132ג,פרימיום - חברה לדברי מתיקה ולמ,,,"י""ח",1.32,ל 100 גרם,false,1,12.90,9.77,false,1,
8000500249352,false,קינדר בואנו מיני מיקס,פרימיום - חברה לדברי מתיקה ולמ,,,"י""ח",3,"י""ח",false,1,19.90,6.63,false,1,
8000500256213,false,קינדר שוקולד מיני 120ג,פרימיום - חברה לדברי מתיקה ולמ,,,"י""ח",1.20,ל 100 גרם,false,1,11.90,9.92,false,1,
8000500267103,false,קינדר דליס  }עוגות{,פרימיום - חברה לדברי מתיקה ולמ,,,"י""ח",4.20,"י""ח",false,1,17.90,4.26,true,1,
8000500269169,false,קינדר קארדס 128ג,פרימיום - חברה לדברי מתיקה ולמ,,,"י""ח",1.28,"י""ח",false,1,13.90,10.86,false,1,
8000500386941,false,נוטלה 900ג,פרימיום - חברה לדברי מתיקה ולמ,,,"י""ח",9,ל 100 גרם,false,1,27.90,3.10,true,1,
8001090016003,false,פיירי טבלאות למדיח 84יח.,דיפלומט מפיצים 1968 בעמ,,,"י""ח",84,"י""ח",false,1,59.90,0.71,false,1,
8001090184375,false,"פיירי אוריגינל 900מ""ל",דיפלומט מפיצים 1968 בעמ,,,"י""ח",9,"ל 100 מ""ל",false,1,14.90,1.66,true,1,
8001090184412,false,"פיירי לימון  900מ""ל",דיפלומט מפיצים 1968 בעמ,,,"י""ח",9,"ל 100 מ""ל",false,1,14.90,1.66,true,1,
8001090222541,false,הרבל אסנסס שמפו תות ומנטה 400מ``ל,דיפלומט מפיצים 1968 בעמ,,,"י""ח",4,"ל 100 מ""ל",false,1,19.90,4.98,true,1,
8001090222725,false,הרבל אסנסס שמפו שמן מורינגה 400מ``ל,דיפלומט מפיצים 1968 בעמ,,,"י""ח",4,"ל 100 מ""ל",false,1,19.90,4.98,true,1,
8001090222756,false,הרבל אסנסס מרכך שמן מורינגה 400מ``ל,דיפלומט מפיצים 1968 בעמ,,,"י""ח",4,"ל 100 מ""ל",false,1,19.90,4.98,true,1,
8001090222848,false,הרבל אסנסס שמפו שיקום שמן ארגן 400מ``ל,דיפלומט מפיצים 1968 בעמ,,,"י""ח",4,"ל 100 מ""ל",false,1,19.90,4.98,true,1,
8001090222879,false,הרבל אסנסס מרכך שיקום שמן ארגן 400מ``ל,דיפלומט מפיצים 1968 בעמ,,,"י""ח",4,"ל 100 מ""ל",false,1,19.90,4.98,true,1,
8001090290830,false,אורל בי משחת שיניים להלבנה,דיפלומט מפיצים 1968 בעמ,,,"י""ח",1.24,ל 100 גרם,false,1,15.90,12.82,true,1,
8001090290939,false,אורל בי משחת שיניים להלבנה,דיפלומט מפיצים 1968 בעמ,,,"י""ח",1.24,ל 100 גרם,false,1,15.90,12.82,true,1,
8001090336354,false,פמפרס ניו בייבי מידה 2 46יח,דיפלומט מפיצים 1968 בעמ,,,"י""ח",1,,false,1,39.90,39.90,true,1,
8001090336408,false,פמפרס אקטיב בייבי מידה 3 38יח,דיפלומט מפיצים 1968 בעמ,,,"י""ח",1,,false,1,39.90,39.90,true,1,
8001090336446,false,פמפרס אקטיב בייבי מידה 4 34יח,דיפלומט מפיצים 1968 בעמ,,,"י""ח",1,,false,1,39.90,39.90,true,1,
8001090336491,false,פמפרס אקטיב בייבי מידה 4+ 31יח,דיפלומט מפיצים 1968 בעמ,,,"י""ח",1,,false,1,39.90,39.90,true,1,
8001090336521,false,פמפרס אקטיב בייבי של5 30יח.,דיפלומט מפיצים 1968 בעמ,,,"י""ח",1,,false,1,39.90,39.90,true,1,
8001090336606,false,פמפרס אקטיב בייבי של6 26יח,דיפלומט מפיצים 1968 בעמ,,,"י""ח",1,,false,1,39.90,39.90,true,1,
8001090364104,false,אורל בי משחת שיניים לניקוי יסודי,דיפלומט מפיצים 1968 בעמ,,,"י""ח",1.24,ל 100 גרם,false,1,14.90,12.02,true,1,
8001090375230,false,"פנטן מרכך מרוכז 200מ""ל לחות מוגברת",דיפלומט מפיצים 1968 בעמ,,,"י""ח",2,"ל 100 מ""ל",false,1,21.90,10.95,false,1,
8001090379368,false,פמפרס פרמיום VP מידה4  1/34,דיפלומט מפיצים 1968 בעמ,,,"י""ח",40,"י""ח",false,1,34.90,0.87,true,1,
8001090379399,false,פמפרס פרמיום VP מידה 5 1/30,דיפלומט מפיצים 1968 בעמ,,,"י""ח",30,"י""ח",false,1,34.90,1.16,true,1,
8001090458322,false,פיירי ורדים ומשי 1.015ל,דיפלומט מפיצים 1968 בעמ,,,"י""ח",1.01,ליטר,false,1,15.90,15.74,true,1,
8001090458353,false,"פיירי אנטי בקטריאלי 515מ""ל",דיפלומט מפיצים 1968 בעמ,,,"י""ח",5,"ל 100 מ""ל",false,1,9.90,1.98,false,1,
8001090493637,false,"הד שולדרס שמפו אולטרא 450מ""ל",דיפלומט מפיצים 1968 בעמ,,,"י""ח",4.50,"ל 100 מ""ל",false,1,21.90,4.87,false,1,
8001090540577,false,"אורל בי מי פה להלבנה 500מ""ל",דיפלומט מפיצים 1968 בעמ,,,"י""ח",5,"ל 100 מ""ל",false,1,19.90,3.98,true,1,
8001090678195,false,"הד שולדרס מרכך סופרים לחות 275מ""ל",דיפלומט מפיצים 1968 בעמ,,,"י""ח",2.75,"ל 100 מ""ל",false,1,19.90,7.24,false,1,
8001090678614,false,"הד שולדרס שמפו סופרים לחות 400מ""ל",דיפלומט מפיצים 1968 בעמ,,,"י""ח",4,"ל 100 מ""ל",false,1,19.20,4.80,false,1,
8001090721099,false,אריאל קפסולות לכביסה 27יח,דיפלומט מפיצים 1968 בעמ,,,"י""ח",28,"י""ח",false,1,32.90,1.18,true,1,
8001090721129,false,אריאל קפסולות לכביסה קולור 27 יח,דיפלומט מפיצים 1968 בעמ,,,"י""ח",28,"י""ח",false,1,32.90,1.18,true,1,
8001090734044,false,אולדייז מגה פק נורמל פרש 78 יח`,דיפלומט מפיצים 1968 בעמ,,,"י""ח",78,"י""ח",false,1,19.90,0.26,true,1,
8001090737809,false,אולוייז טנגה סינגל 1/36,דיפלומט מפיצים 1968 בעמ,,,"י""ח",1,,false,1,17.90,17.90,true,1,
8001090740717,false,אולדייז מגה פק נורמל פרש 76 יח`,דיפלומט מפיצים 1968 בעמ,,,"י""ח",76,"י""ח",false,1,19.90,0.26,true,1,
8001090802385,false,טייד קפסולות 26יח ניחוח לנור.,דיפלומט מפיצים 1968 בעמ,,,"י""ח",26,"י""ח",false,1,29.90,1.15,false,1,
8001090832450,false,"פנטן שמפו נוסחה קלאסית 660מ""ל",דיפלומט מפיצים 1968 בעמ,,,"י""ח",6.60,"ל 100 מ""ל",false,1,22.90,3.47,false,1,
8001090832535,false,"פנטן שמפו שמן מרוקאי משקם 660מ""ל",דיפלומט מפיצים 1968 בעמ,,,"י""ח",6.60,"ל 100 מ""ל",false,1,22.90,3.47,false,1,
8001090832573,false,"פנטן שמפו לחות מוגברת  660מ""ל",דיפלומט מפיצים 1968 בעמ,,,"י""ח",6.60,"ל 100 מ""ל",false,1,22.90,3.47,false,1,
8001090832610,false,"פנטן שמפו למגע רך כמשי 660מ""ל",דיפלומט מפיצים 1968 בעמ,,,"י""ח",6.60,"ל 100 מ""ל",false,1,22.90,3.47,false,1,
8001090832696,false,"פנטן שמפו לתלתלים מושלמים  660מ""ל",דיפלומט מפיצים 1968 בעמ,,,"י""ח",6.60,"ל 100 מ""ל",false,1,22.90,3.47,false,1,
8001090832771,false,"פנטן שמפו הזנת קרטין  660מ""ל",דיפלומט מפיצים 1968 בעמ,,,"י""ח",6.60,"ל 100 מ""ל",false,1,22.90,3.47,false,1,
8001090832818,false,"פנטן קונדישנר נוסחה קלאסית  660מ""ל",דיפלומט מפיצים 1968 בעמ,,,"י""ח",6.60,"ל 100 מ""ל",false,1,22.90,3.47,false,1,
8001090832856,false,"פנטן קונדישנר מרוקאי משקם  660מ""ל",דיפלומט מפיצים 1968 בעמ,,,"י""ח",6.60,"ל 100 מ""ל",false,1,22.90,3.47,false,1,
8001090832894,false,"פנטן קונדישנר לחות מוגברת  660מ""ל",דיפלומט מפיצים 1968 בעמ,,,"י""ח",6.60,"ל 100 מ""ל",false,1,22.90,3.47,false,1,
8001090832931,false,"פנטן קונדישנר מגע רך  660מ""ל",דיפלומט מפיצים 1968 בעמ,,,"י""ח",6.60,"ל 100 מ""ל",false,1,22.90,3.47,false,1,
8001090833051,false,"פנטן קונדישנר הזנת קרטין  660מ""ל",דיפלומט מפיצים 1968 בעמ,,,"י""ח",6.60,"ל 100 מ""ל",false,1,22.90,3.47,false,1,
8001090833136,false,אריאל גל כביסה 2.255ליטר בייבי,דיפלומט מפיצים 1968 בעמ,,,"י""ח",2.2550,ליטר,false,1,31.90,14.15,false,1,
8001090833167,false,אריאל גל קולור 2.36ל ניחוח הרים,דיפלומט מפיצים 1968 בעמ,,,"י""ח",2.36,ליטר,false,1,31.90,13.52,false,1,
8001090833198,false,אריאל גל ניחוח מרענן  2.36ל.,דיפלומט מפיצים 1968 בעמ,,,"י""ח",2.36,ליטר,false,1,31.90,13.52,false,1,
8001090833228,false,אריאל גל קולור 2.36ל,דיפלומט מפיצים 1968 בעמ,,,"י""ח",2.36,ליטר,false,1,31.90,13.52,false,1,
8001090899194,false,תחבושות אולוויז פלטינום נורמל,דיפלומט מפיצים 1968 בעמ,,,"י""ח",1,,false,1,19.90,19.90,true,1,
8001090899224,false,תחבושות אולוויז פלטינום לונג,דיפלומט מפיצים 1968 בעמ,,,"י""ח",1,,false,1,19.90,19.90,true,1,
8001090899286,false,תחבושות אולוויז פלטינום לילה בטוח,דיפלומט מפיצים 1968 בעמ,,,"י""ח",1,,false,1,19.90,19.90,true,1,
8001090943095,false,פיירי אנטי בקטריאלי 1.015ל,דיפלומט מפיצים 1968 בעמ,,,"י""ח",1.01,ליטר,false,1,15.90,15.74,true,1,
8001090992338,false,פיירי טבלאות למדיח פלטינום פלוס 50יח,דיפלומט מפיצים 1968 בעמ,,,"י""ח",50,"י""ח",false,1,54.90,1.10,false,1,
8001160001786,false,"גטורייד ספורט כחול 500מ""ל",טמפו משקאות בעמ,,,"י""ח",5,"ל 100 מ""ל",false,1,9.60,1.86,false,1,
8001160001892,false,"גטורייד ספורט תפוז אדום 500מ""ל",טמפו משקאות בעמ,,,"י""ח",5,"ל 100 מ""ל",false,1,9.60,1.86,false,1,
8001440118944,false,מארז עגבניות פולפה ציריו 400ג*3יח,דיפלומט בעמ,,,"י""ח",1.20,"ק""ג",false,1,15.90,13.25,false,1,
8001620011935,false,סן בנדטו שישיה 0.5 ל מוגז עדין,טמפו משקאות בעמ,,,"י""ח",3,ליטר,false,1,13.90,4.03,true,1,
8001620015612,false,"משקה פירות פרוטה בטעם תפוז גזר 400מ""ל.",טמפו משקאות בעמ,,,"י""ח",0.40,"ל 100 מ""ל",false,1,6.90,16.50,true,1,
8001620015629,false,"סן בנדטו תפוז ותפוז אדום 400מ""ל",טמפו משקאות בעמ,,,"י""ח",0.40,"ל 100 מ""ל",false,1,6.90,16.50,true,1,
8001620015636,false,"משקה פירות פרוטה בטעם מיקס פירות 400מ""",טמפו משקאות בעמ,,,"י""ח",0.40,"ל 100 מ""ל",false,1,6.90,16.50,true,1,
8001620018248,false,"סן בנדטו פקק ספורט בקבוק 750מ""ל",טמפו משקאות בעמ,,,"י""ח",7.50,"ל 100 מ""ל",false,1,3.50,0.43,true,1,
8001620018408,false,"סן בנדטו מנגו תפוח 400מ""ל",טמפו משקאות בעמ,,,"י""ח",0.40,"ל 100 מ""ל",false,1,6.90,16.50,true,1,
8001841019291,false,אריאל קפסולות 16יח ניחוח לנור.,דיפלומט מפיצים 1968 בעמ,,,"י""ח",16,"י""ח",false,1,21.90,1.37,false,1,
8001841062624,false,מגבוני פמפרס ללא בישום 4*52יח,דיפלומט מפיצים 1968 בעמ,,,"י""ח",1,,false,1,17.90,17.90,false,1,
8001841077949,false,מגבוני פמפרס פרש 4*52יח,דיפלומט מפיצים 1968 בעמ,,,"י""ח",1,,false,1,17.90,17.90,false,1,
8001841105093,false,פמפרס פרמיום VP מידה 6 1/26,דיפלומט מפיצים 1968 בעמ,,,"י""ח",41,"י""ח",false,1,34.90,0.85,true,1,
8001841137179,false,"הד שולדרס מרכך קלאסי  275מ""ל",דיפלומט מפיצים 1968 בעמ,,,"י""ח",2.75,"ל 100 מ""ל",false,1,19.90,7.24,false,1,
8001841137216,false,"הד שולדרס מרכך משי  275מ""ל",דיפלומט מפיצים 1968 בעמ,,,"י""ח",2.75,"ל 100 מ""ל",false,1,19.90,7.24,false,1,
8001841427126,false,אולדייז מגה פק פרו פרש נורמל 64יח,דיפלומט מפיצים 1968 בעמ,,,"י""ח",80,"י""ח",false,1,23.90,0.30,true,1,
8001841500799,false,"הרבל אסנסס שמפו אלוורה מנגו 380מ""ל",דיפלומט מפיצים 1968 בעמ,,,"י""ח",3.80,"ל 100 מ""ל",false,1,19.90,5.24,true,1,
8001841625188,false,"פיירי פלטינום לימון 515מ""ל",דיפלומט מפיצים 1968 בעמ,,,"י""ח",5,"ל 100 מ""ל",false,1,9.90,1.98,false,1,
8001841625287,false,פיירי פלטינום לימון 1.015ל,דיפלומט מפיצים 1968 בעמ,,,"י""ח",1.01,ליטר,false,1,15.90,15.74,true,1,
8001841625362,false,"פיירי פלטינום לימון 780מ""ל",דיפלומט מפיצים 1968 בעמ,,,"י""ח",7.80,"ל 100 מ""ל",false,1,14.90,1.91,true,1,
8001841625461,false,"פיירי פלטינום אורגינל  515מ""ל",דיפלומט מפיצים 1968 בעמ,,,"י""ח",5,"ל 100 מ""ל",false,1,9.90,1.98,false,1,
8001841625508,false,פיירי  אורגינל 1.015ל,דיפלומט מפיצים 1968 בעמ,,,"י""ח",1.01,ליטר,false,1,15.90,15.74,true,1,
8001841660257,false,"פנטן מסכה 160מ""ל  מיראקלס במבוק",דיפלומט מפיצים 1968 בעמ,,,"י""ח",1.60,"ל 100 מ""ל",false,1,17.90,11.19,false,1,
8001841669465,false,אריאל קפסולות 24יח ניחוח לינור,דיפלומט מפיצים 1968 בעמ,,,"י""ח",24,"י""ח",false,1,32.90,1.37,true,1,
8001841669519,false,אריאל קפסולות לכביסה 55 יח,דיפלומט מפיצים 1968 בעמ,,,"י""ח",55,"י""ח",false,1,55.90,1.02,true,1,
8001841680989,false,אולדייז מגה פק פרו פרש לארג  64יח,דיפלומט מפיצים 1968 בעמ,,,"י""ח",80,"י""ח",false,1,23.90,0.30,true,1,
8001841716312,false,"הד שולדרס גל ושמפו 360מ""ל ספורט",דיפלומט מפיצים 1968 בעמ,,,"י""ח",5,"ל 100 מ""ל",false,1,19.90,3.98,false,1,
8001841716596,false,"הד שולדרס גל ושמפו 360מ""ל מרענן",דיפלומט מפיצים 1968 בעמ,,,"י""ח",5,"ל 100 מ""ל",false,1,19.90,3.98,false,1,
8001841941929,false,אולוויז וליו פק  לילה אקסטרא 16יח,דיפלומט מפיצים 1968 בעמ,,,"י""ח",1,,false,1,25.90,25.90,true,1,
8001841958460,false,פיירי טבלאות למדיח 48יח,דיפלומט מפיצים 1968 בעמ,,,"י""ח",48,"י""ח",false,1,39.90,0.83,false,1,
8001841960081,false,פיירי טבלאות למדיח 37יח פלטינום,דיפלומט מפיצים 1968 בעמ,,,"י""ח",37,"י""ח",false,1,39.90,1.08,false,1,
8001931121002,false,קן לציפור דק 500גר,נאמן לאורך זמן בעמ,,,"י""ח",5,ל 100 גרם,false,1,7.50,1.50,false,1,
8002267015263,false,ביצת הפתעה 1/3 60ג,ש.שסטוביץ בעמ,,,"י""ח",0.60,ל 100 גרם,false,1,12.90,21.50,false,1,
8002270256790,false,"סן פליגרינו אסנזה תפוז אדום 500מ""ל 1/6",טמפו משקאות בעמ,,,"י""ח",3,ליטר,false,1,26.90,8.37,true,1,
8002270866524,false,מים סן פלגרינו 1ליטר בקבוק פלסטיק,טמפו משקאות בעמ,,,"י""ח",1,ליטר,false,1,8.90,8.90,true,1,
8002450006559,false,יין שרדונה יבש,הכרם משקאות חריפים בעמ,,,"י""ח",7.50,"ל 100 מ""ל",false,1,31.90,4.21,true,1,
8002450202005,false,"משקה כהלי ורדי אסאי כשר 750מ""ל",הכרם משקאות חריפים בעמ,,,"י""ח",7.50,"ל 100 מ""ל",false,1,22.20,2.92,true,1,
8002450204009,false,משקה כהלי וורדי רספברי אפרסק,הכרם משקאות חריפים בעמ,,,"י""ח",1,,false,1,22.20,22.20,true,1,
8002450205006,false,"משקה כהלי וורדי תות  ספרקלטיני 750מ""ל",הכרם משקאות חריפים בעמ,,,"י""ח",7.50,"ל 100 מ""ל",false,1,22.20,2.92,true,1,
8002450208304,false,"משקה כהלי ורדי גוורצטראמינר 750מ""ל",הכרם משקאות חריפים בעמ,,,"י""ח",7.50,"ל 100 מ""ל",false,1,22.20,2.92,true,1,
8002450609200,false,"משקה כהלי ורדי רימונים כשל""פ  750מ""ל",הכרם משקאות חריפים בעמ,,,"י""ח",7.50,"ל 100 מ""ל",false,1,22.20,2.92,true,1,
8003753158556,false,קפסולות אספרסו קלאסיקו ILLY 10יח,דיפלומט בעמ,,,"י""ח",0.52,ל 100 גרם,false,1,24.90,47.88,true,1,
8004030044005,false,טונה ריו בשמן זית,ש.שסטוביץ בעמ,,,"י""ח",1.60,ל 100 גרם,false,1,14.40,9,false,1,
8004030102033,false,טונה ריו 80 גרם שמן ז. עם לימון 1/3.,ש.שסטוביץ בעמ,,,"י""ח",2.40,ל 100 גרם,false,1,24.90,10.38,false,1,
8004030860001,false,ריו קוסקוס עם טונה 160ג,ש.שסטוביץ בעמ,,,"י""ח",1.60,ל 100 גרם,false,1,15.90,9.94,false,1,
8004800000064,false,גלילי ופל במילוי קרם קקאו  100ג,תה ויסוצקי (ישראל)בעמ,,,"י""ח",1,ל 100 גרם,false,1,7.90,7.90,true,1,
8004800000071,false,גלילי ופל במילוי קרם אגוזי לוז 100ג,תה ויסוצקי (ישראל)בעמ,,,"י""ח",1,ל 100 גרם,false,1,7.90,7.90,true,1,
8004800005519,false,מיני רול במילוי קרם אגוזי לוז 125ג,תה ויסוצקי (ישראל)בעמ,,,"י""ח",1.25,ל 100 גרם,false,1,7.90,6.32,true,1,
8005110001413,false,מארז זוג רוטב עגבניות 140ג MUTTI,רסטרטו יבוא ושיווק בעמ,,,"י""ח",1.40,ל 100 גרם,false,1,9.90,7.07,false,1,
8005110002243,false,רכז עגבניות שפורפרת 185ג MUTTI,רסטרטו יבוא ושיווק בעמ,,,"י""ח",2,ל 100 גרם,false,1,8.90,4.45,false,1,
8005110170300,false,עגבניות מרוסקות1/3 400ג  MUTTI,רסטרטו יבוא ושיווק בעמ,,,"י""ח",4,ל 100 גרם,false,1,18.90,4.73,false,1,
8005110171215,false,עגבניות חתוכות 690ג   MUTTI,רסטרטו יבוא ושיווק בעמ,,,"י""ח",6.90,ל 100 גרם,false,1,14.90,2.16,false,1,
8005110191015,false,מחית  עגבניות ובזיליקום 700ג ירוק MUTT,רסטרטו יבוא ושיווק בעמ,,,"י""ח",7,ל 100 גרם,false,1,13.90,1.99,false,1,
8005110200014,false,רכז עגבניות 210ג MUTTI,רסטרטו יבוא ושיווק בעמ,,,"י""ח",2,ל 100 גרם,false,1,7.90,3.95,false,1,
8005200256587,false,נסטי בטעם אפרסק 1.5ל,טמפו משקאות בעמ,,,"י""ח",1.50,ליטר,false,1,8.50,5.47,true,1,
8005200286584,false,נסטי בטעם מנגו אננס 1.5ל,טמפו משקאות בעמ,,,"י""ח",1.50,ליטר,false,1,8.50,5.47,true,1,
8005200316588,false,נסטי בטעם אפרסק 1.5ל,טמפו משקאות בעמ,,,"י""ח",1.50,ליטר,false,1,8.50,5.47,true,1,
8005803010371,false,גריסיני מקלות אפויים רוזמרין 125ג,ליימן שליסל,,,"י""ח",1.25,ל 100 גרם,false,1,7.90,6.32,false,1,
8005803010586,false,גריסיני מקלות אפויים פיצה 125ג,ליימן שליסל,,,"י""ח",1.25,ל 100 גרם,false,1,7.90,6.32,false,1,
8005803010661,false,גריסיני מקלות אפויים שומשום 125ג,ליימן שליסל,,,"י""ח",1.25,ל 100 גרם,false,1,7.90,6.32,false,1,
8006540112793,false,"לנור מרכך מרוכז יסמין 900מ""ל",דיפלומט מפיצים 1968 בעמ,,,"י""ח",9,"ל 100 מ""ל",false,1,15.90,1.77,true,1,
8006540112823,false,"לנור מרכך מרוכז אוריינוס 900מ""ל",דיפלומט מפיצים 1968 בעמ,,,"י""ח",9,"ל 100 מ""ל",false,1,15.90,1.77,true,1,
8006540112854,false,"לנור מרכך מרוכז בייבי לבן 900מ""ל.",דיפלומט מפיצים 1968 בעמ,,,"י""ח",9,"ל 100 מ""ל",false,1,15.90,1.77,true,1,
8006540163986,false,אריאל קפסולות לכביסה 35 יח,דיפלומט מפיצים 1968 בעמ,,,"י""ח",35,"י""ח",false,1,44.90,1.28,false,1,
8006540425930,false,אריאל קפסולות 24יח לכתמים קשים.,דיפלומט מפיצים 1968 בעמ,,,"י""ח",24,"י""ח",false,1,32.90,1.37,false,1,
8006540463550,false,פיירי טבלאות למדיח 63יח פלטינום,דיפלומט מפיצים 1968 בעמ,,,"י""ח",63,"י""ח",false,1,54.90,0.87,false,1,
8006540491539,false,"פיירי פלטינום אורגינל 780מ""ל",דיפלומט מפיצים 1968 בעמ,,,"י""ח",7.80,"ל 100 מ""ל",false,1,14.90,1.91,true,1,
8006540495186,false,"לנור מרכך מרוכז בייבי לבן 900מ""ל.",דיפלומט מפיצים 1968 בעמ,,,"י""ח",9,"ל 100 מ""ל",false,1,15.90,1.77,true,1,
8006540495216,false,"לנור מרכך מרוכז אמאטיסט 900מ""ל",דיפלומט מפיצים 1968 בעמ,,,"י""ח",9,"ל 100 מ""ל",false,1,15.90,1.77,true,1,
8006540495247,false,"לנור מרכך מרוכז פרחי בר 900מ""ל.",דיפלומט מפיצים 1968 בעמ,,,"י""ח",9,"ל 100 מ""ל",false,1,15.90,1.77,true,1,
8007178223547,false,ג`קובזי קרם בלסמי מצומצם ממודנה 250 מל,דיפלומט בעמ,,,"י""ח",2.50,"ל 100 מ""ל",false,1,24.90,9.96,false,1,
8007178223578,false,"חומץ בלסמי ג`קובזי 250 מ""ל",דיפלומט בעמ,,,"י""ח",2.50,"ל 100 מ""ל",false,1,14.90,5.96,false,1,
8008245004847,false,ממרח אגוזי לוז וקקאו 300ג,*347470,,,"י""ח",3,ל 100 גרם,false,1,12.90,4.30,true,1,
8008245004861,false,ממרח אגוזי לוז עם חלב  300ג,*347470,,,"י""ח",3,ל 100 גרם,false,1,12.90,4.30,true,1,
8008660210014,false,מעדן משמש  300ג,תה ויסוצקי (ישראל)בעמ,,,"י""ח",3,ל 100 גרם,false,1,14.90,4.97,true,1,
8008660210038,false,מעדן תות שדה   300ג,תה ויסוצקי (ישראל)בעמ,,,"י""ח",3,ל 100 גרם,false,1,14.90,4.97,true,1,
8008660210045,false,מעדן פירות יער   300ג,תה ויסוצקי (ישראל)בעמ,,,"י""ח",3,ל 100 גרם,false,1,14.90,4.97,true,1,
8008698013021,false,עוגיות שוקולד צ`יפס פריכות ללא גלוטן 1,ליב בעמ,,,"י""ח",1,ל 100 גרם,false,1,16.90,16.90,false,1,
8008743002536,false,מטבעות שוקולד 50ג,שוקוטרייד בעמ,,,"י""ח",5,ל 100 גרם,false,1,4.90,0.98,false,1,
8008743015611,false,מכוניות פרצופים ברשת 85ג,שוקוטרייד בעמ,,,"י""ח",0.85,ל 100 גרם,false,1,8.90,10.47,false,1,
8008743026389,false,פרלי דובדבן בליקר 450ג,שוקוטרייד בעמ,,,"י""ח",4,ל 100 גרם,false,1,29.90,7.48,false,1,
8008743038993,false,פרלינים מעורב 450ג,שוקוטרייד בעמ,,,"י""ח",4.50,ל 100 גרם,false,1,25.90,5.76,false,1,
8008743048824,false,דובדבן בליקר שקית 90ג,שוקוטרייד בעמ,,,"י""ח",0.90,ל 100 גרם,false,1,9.90,11,false,1,
8008743055266,false,פרלי%72 קקאו שקית 90ג,שוקוטרייד בעמ,,,"י""ח",0.90,ל 100 גרם,false,1,9.90,11,false,1,
8008743055334,false,פרלי קקאו שקית 90ג,שוקוטרייד בעמ,,,"י""ח",0.90,ל 100 גרם,false,1,9.90,11,false,1,
8008743055341,false,פרלי אגוז שקית 90ג,שוקוטרייד בעמ,,,"י""ח",0.90,ל 100 גרם,false,1,9.90,11,false,1,
8008912010034,false,ספגטי מספר3  500ג,תה ויסוצקי (ישראל)בעמ,,,"י""ח",5,ל 100 גרם,false,1,7.90,1.58,true,1,
8008912010072,false,לינגוויני מספר7  500ג,תה ויסוצקי (ישראל)בעמ,,,"י""ח",5,ל 100 גרם,false,1,7.90,1.58,true,1,
8008912010270,false,פסטה קסרצה מספר 27  500ג,תה ויסוצקי (ישראל)בעמ,,,"י""ח",5,ל 100 גרם,false,1,7.90,1.58,true,1,
8008912010300,false,פסטה פרפלה מספר 30 500ג,תה ויסוצקי (ישראל)בעמ,,,"י""ח",5,ל 100 גרם,false,1,7.90,1.58,true,1,
8008912010317,false,פסטה פוזילי מספר31 500ג,תה ויסוצקי (ישראל)בעמ,,,"י""ח",5,ל 100 גרם,false,1,7.90,1.58,true,1,
8008912010331,false,פסטה ניקטי סרדי קונכיות  500ג,תה ויסוצקי (ישראל)בעמ,,,"י""ח",5,ל 100 גרם,false,1,7.90,1.58,true,1,
8008912010423,false,פסטה פנה ריגטה מספר 42  500ג,תה ויסוצקי (ישראל)בעמ,,,"י""ח",5,ל 100 גרם,false,1,7.90,1.58,true,1,
8011033011279,false,"קוסקוס 1ק""ג דין",*347340,,,"י""ח",1,"ק""ג",false,1,11.90,11.90,false,1,
8014601026354,false,"קמח פיצה שף קפוטו 1ק""ג",דיפלומט בעמ,,,"י""ח",1,"ק""ג",false,1,12.90,12.90,false,1,
8032793342458,false,עגבניות מרוסקות דק ומסוננות בבקבוק 700,גורי מוצרי צריכה בעמ,,,"י""ח",7,ל 100 גרם,false,1,8.90,1.27,true,1,
8032793344520,false,עגבניות שפופרת 200 גרם,גורי מוצרי צריכה בעמ,,,"י""ח",2,ל 100 גרם,false,1,7.90,3.95,true,1,
8032804430471,false,פליסיה פוזילי עדשים אדומות.250ג,נטורפוד בעמ,,,"י""ח",2.50,ל 100 גרם,false,1,13.90,5.56,false,1,
8076800105735,false,"ברילה פנה ריגטה 1ק""ג קופסא",ש.שסטוביץ בעמ,,,"י""ח",1,"ק""ג",false,1,12.90,12.90,false,1,
8076800105988,false,"ברילה פוזילי 1ק""ג קופסא",ש.שסטוביץ בעמ,,,"י""ח",1,"ק""ג",false,1,12.90,12.90,false,1,
8076800195019,false,ברילה פסטה קפליני,ש.שסטוביץ בעמ,,,"י""ח",5,ל 100 גרם,false,1,6.90,1.38,false,1,
8076800195033,false,ברילה ספגטי מס3.,ש.שסטוביץ בעמ,,,"י""ח",5,ל 100 גרם,false,1,6.90,1.38,false,1,
8076800195057,false,ברילה ספגטיני מס  5,ש.שסטוביץ בעמ,,,"י""ח",5,ל 100 גרם,false,1,6.90,1.38,false,1,
8076800195132,false,ברילה פסטה בבטה 13,ש.שסטוביץ בעמ,,,"י""ח",5,ל 100 גרם,false,1,6.90,1.38,false,1,
8076800315097,false,ברילה בוקטיני 9,ש.שסטוביץ בעמ,,,"י""ח",5,ל 100 גרם,false,1,6.90,1.38,false,1,
8076802085738,false,ברילה פנה רגטה 73,ש.שסטוביץ בעמ,,,"י""ח",5,ל 100 גרם,false,1,6.90,1.38,false,1,
8076802085936,false,ברילה קונציליאה מס3.,ש.שסטוביץ בעמ,,,"י""ח",5,ל 100 גרם,false,1,6.90,1.38,false,1,
8076802085981,false,ברילה פסטה פוזילי 98,ש.שסטוביץ בעמ,,,"י""ח",5,ל 100 גרם,false,1,6.90,1.38,false,1,
8076808050440,false,ברילה מקרוני-44,ש.שסטוביץ בעמ,,,"י""ח",5,ל 100 גרם,false,1,6.90,1.38,false,1,
8076808060654,false,ברילה פרפלה-65,ש.שסטוביץ בעמ,,,"י""ח",5,ל 100 גרם,false,1,6.90,1.38,false,1,
8076808070882,false,פסטה ברילה קנלוני למילוי,ש.שסטוביץ בעמ,,,"י""ח",5,ל 100 גרם,false,1,14.90,2.98,false,1,
8076808150072,false,ברילה ספגטי-7,ש.שסטוביץ בעמ,,,"י""ח",5,ל 100 גרם,false,1,6.90,1.38,false,1,
8076809501415,false,ברילה טריקולור 78,ש.שסטוביץ בעמ,,,"י""ח",5,ל 100 גרם,false,1,13.90,2.78,false,1,
8076809512268,false,ברילה גירנדולה-בורג-34,ש.שסטוביץ בעמ,,,"י""ח",5,ל 100 גרם,false,1,6.90,1.38,false,1,
8076809513388,false,רוטב ברילה ארביאטה,ש.שסטוביץ בעמ,,,"י""ח",4,ל 100 גרם,false,1,13.10,3.28,true,1,
8076809513395,false,רוטב ברילה פומודורו,ש.שסטוביץ בעמ,,,"י""ח",4,ל 100 גרם,false,1,14.90,3.73,true,1,
8076809513654,false,רוטב ברילה בסיס בלונז,ש.שסטוביץ בעמ,,,"י""ח",4,ל 100 גרם,false,1,10,2.50,true,1,
8076809513692,false,רוטב ברילה  נפוליטנה,ש.שסטוביץ בעמ,,,"י""ח",4,ל 100 גרם,false,1,14.90,3.73,true,1,
8076809513739,false,רוטב ברילה בזיליקום,ש.שסטוביץ בעמ,,,"י""ח",4,ל 100 גרם,false,1,13.10,3.28,true,1,
8076809514774,false,ברילה פסטה עם ביצים,ש.שסטוביץ בעמ,,,"י""ח",2.50,ל 100 גרם,false,1,17.90,7.16,false,1,
8076809519977,false,ברילה אורקייטה 500ג,ש.שסטוביץ בעמ,,,"י""ח",5,ל 100 גרם,false,1,13.90,2.78,false,1,
8076809523561,false,רוטב ברילה טעם פיצה,ש.שסטוביץ בעמ,,,"י""ח",1,,false,1,13.10,13.10,true,1,
8076809523714,false,פסטה טליאטלה,ש.שסטוביץ בעמ,,,"י""ח",5,ל 100 גרם,false,1,24.90,4.98,false,1,
8076809523738,false,לזניה ברילה 500 גרם,ש.שסטוביץ בעמ,,,"י""ח",5,ל 100 גרם,false,1,24.90,4.98,false,1,
8076809523769,false,ברילה פלייה פיאנו 500ג,ש.שסטוביץ בעמ,,,"י""ח",5,ל 100 גרם,false,1,13.90,2.78,false,1,
8076809529419,false,ספגטי חיטה מלאה,ש.שסטוביץ בעמ,,,"י""ח",5,ל 100 גרם,false,1,13.90,2.78,false,1,
8076809545440,false,ברילה איטריות ללא גלוטן 400גר,ש.שסטוביץ בעמ,,,"י""ח",5,ל 100 גרם,false,1,14.90,2.98,false,1,
8076809545457,false,ברילה ללא גלוטן בצורת צינורות 400גר,ש.שסטוביץ בעמ,,,"י""ח",5,ל 100 גרם,false,1,14.90,2.98,false,1,
8076809545464,false,ברילה ללא גלוטן בצורת ספירלי 400גר,ש.שסטוביץ בעמ,,,"י""ח",5,ל 100 גרם,false,1,14.90,2.98,false,1,
8076809547956,false,ברילה צ`יפרי 500גר,ש.שסטוביץ בעמ,,,"י""ח",5,ל 100 גרם,false,1,6.90,1.38,false,1,
8076809576352,false,ברילה לזניה ללא גלוטן 250ג,ש.שסטוביץ בעמ,,,"י""ח",2.50,ל 100 גרם,false,1,24.90,9.96,false,1,
8076809578998,false,ברילה סטלינה 500ג,ש.שסטוביץ בעמ,,,"י""ח",5,ל 100 גרם,false,1,6.90,1.38,false,1,
8076809580496,false,ברילה פפירי 450ג,ש.שסטוביץ בעמ,,,"י""ח",4.50,ל 100 גרם,false,1,13.90,3.09,false,1,
8121300208780,false,טרוביה תחליף סוכר לכל מטרה 360ג,גורי ע.ע.ע. בעמ,,,"י""ח",3.60,"ל 100 מ""ל",false,1,34.90,9.69,true,1,
8121300209466,false,טרוביה תחליף סוכר חום  320ג,גורי ע.ע.ע. בעמ,,,"י""ח",3.20,"ל 100 מ""ל",false,1,34.90,10.91,true,1,
8410076600622,false,חטיפי ניצ`ר ואלי קראנצי שבבי שוקולד מריר,ליימן שליסל,,,"י""ח",2.10,ל 100 גרם,false,1,18.90,9,true,1,
8410076610379,false,נייטשר ואלי פרוטאין בוטנים וש. שוק.1/4,ליימן שליסל,,,"י""ח",4,"י""ח",false,1,22.90,5.73,false,1,
8410076610492,false,נייטשר ואלי צ`ואי בוטנים בציפוי חמאת1/4,ליימן שליסל,,,"י""ח",4,"י""ח",false,1,19.90,4.98,true,1,
8410076610508,false,צ`ואי שוקולד ובוטנים בציפוי,ליימן שליסל,,,"י""ח",5,"י""ח",false,1,19.90,3.98,true,1,
8410076621009,false,חטיף פייבר 1 בטעם קרמל מלוח  1/5,ליימן שליסל,,,"י""ח",2.10,ל 100 גרם,false,1,12.90,6.14,false,1,
8410076621047,false,חטיף פייבר 1 בטעם שוקולד  1/5,ליימן שליסל,,,"י""ח",2.10,ל 100 גרם,false,1,12.90,6.14,false,1,
8410104039134,false,פיניש מנקה מדיח כלים,רקיט בנקיזר (ניר איסט) בעמ,,,"י""ח",2.50,"ל 100 מ""ל",false,1,14.90,5.96,true,1,
8410104045111,false,פיניש מלח למדיח,רקיט בנקיזר (ניר איסט) בעמ,,,"י""ח",1,"י""ח",false,1,14.90,14.90,true,1,
8410104045111,false,פיניש מלח למדיח.,רקיט בנקיזר (ניר איסט) בעמ,,,"י""ח",1,"י""ח",false,1,14.90,14.90,false,1,
8410104425906,false,ויט שעווה חמה 250,רקיט בנקיזר (ניר איסט) בעמ,,,"י""ח",2.50,"ל 100 מ""ל",false,1,19.90,7.96,true,1,
8410104437268,false,פיניש דאוסטופ לריח המראה,רקיט בנקיזר (ניר איסט) בעמ,,,"י""ח",0.27,ל 100 גרם,false,1,14.90,55.19,true,1,
8410128768324,false,משקה שקדים קרטונית 1ליטר Vive s,טמפו משקאות בעמ,,,"י""ח",1,ליטר,false,1,9.90,9.90,true,1,
8410128768355,false,משקה סויה קרטונית 1ליטר Vive soy,טמפו משקאות בעמ,,,"י""ח",1,ליטר,false,1,11.90,11.90,true,1,
8410128783587,false,משקה שיבולת שועל קרטונית 1ליטר Vive so.,טמפו משקאות בעמ,,,"י""ח",1,ליטר,false,1,9.90,9.90,true,1,
8410128785734,false,בריסטה קרטונית 1ליטר Vive soy,טמפו משקאות בעמ,,,"י""ח",1,ליטר,false,1,11.90,11.90,true,1,
8410644611203,false,"קאווה איבריקה לבן יבש 750מ""ל",טמפו משקאות בעמ,,,"י""ח",7.50,"ל 100 מ""ל",false,1,27.90,3.68,true,1,
8410644611210,false,"קאווה איבריקה לבן חצי יבש 750מ""ל",טמפו משקאות בעמ,,,"י""ח",7.50,"ל 100 מ""ל",false,1,27.90,3.68,true,1,
8420822130600,false,"סופר מסיר שומנים 750מ""ל.","יעקב יעקבי ובניו בע""מ",,,"י""ח",7.50,ל 100 גרם,false,1,14.90,1.99,true,1,
8420822130624,false,"סופר מסיר כתמים 750מ""ל.","יעקב יעקבי ובניו בע""מ",,,"י""ח",7.50,ל 100 גרם,false,1,15.90,2.12,false,1,
8423207206488,false,חטיף דגנים מלאים צופה שוקולד חלב סלים,ש.שסטוביץ בעמ,,,"י""ח",2.83,ל 100 גרם,false,1,12.90,4.56,true,1,
8423207206495,false,חטיף דגנים מלאה צופה שוקולד מריר,ש.שסטוביץ בעמ,,,"י""ח",2.83,ל 100 גרם,false,1,12.90,4.56,true,1,
8423207206501,false,חטיף רב דגנים עם שוקולד חלב,ש.שסטוביץ בעמ,,,"י""ח",2.83,ל 100 גרם,false,1,12.90,4.56,true,1,
8423207207362,false,מרבה סלים דלים שוקולד לבן 120גר,ש.שסטוביץ בעמ,,,"י""ח",1.20,ל 100 גרם,false,1,12.90,10.75,true,1,
8423207208260,false,חטיף דגנים מלאה צופה שוקולד מריר,ש.שסטוביץ בעמ,,,"י""ח",2.83,ל 100 גרם,false,1,12.90,4.56,true,1,
8423207208680,false,חטיף בריאות במילוי שוקולד חלב ילדים.,ש.שסטוביץ בעמ,,,"י""ח",2.83,ל 100 גרם,false,1,12.90,4.56,true,1,
8423207208697,false,חטיף בריאות במילוי שוקולד לבן ילדים,ש.שסטוביץ בעמ,,,"י""ח",2.83,ל 100 גרם,false,1,12.90,4.56,true,1,
8423207208703,false,חטיף בריאות במילוי שוקולד מריר,ש.שסטוביץ בעמ,,,"י""ח",2.83,ל 100 גרם,false,1,12.90,4.56,true,1,
8423207209748,false,סלים דליס שוקולד מריר עם תפוז מרבה,ש.שסטוביץ בעמ,,,"י""ח",2.83,ל 100 גרם,false,1,12.90,4.56,true,1,
8423207209885,false,חטיף בריאות במילוי שוקולד חלב,ש.שסטוביץ בעמ,,,"י""ח",2.83,ל 100 גרם,false,1,12.90,4.56,true,1,
8423207210287,false,מרבה סלים דלים שוקולד לבן 120גר,ש.שסטוביץ בעמ,,,"י""ח",1.20,ל 100 גרם,false,1,12.90,10.75,true,1,
8423207210928,false,סלים דליס טופינג אגוזי לוז,ש.שסטוביץ בעמ,,,"י""ח",2.83,ל 100 גרם,false,1,12.90,4.56,true,1,
8423207210942,false,סלים דליס טופינג פירות יער,ש.שסטוביץ בעמ,,,"י""ח",2.83,ל 100 גרם,false,1,12.90,4.56,true,1,
8423207210966,false,סלים דליס טופינג קוקוס ולימון,ש.שסטוביץ בעמ,,,"י""ח",2.83,ל 100 גרם,false,1,12.90,4.56,true,1,
8423207210980,false,סלים דליס טופינג קליפת תפוז,ש.שסטוביץ בעמ,,,"י""ח",2.83,ל 100 גרם,false,1,12.90,4.56,true,1,
8424842050016,false,צ`יפס בטעם כמהין 125גר,*347470,,,"י""ח",1.25,ל 100 גרם,false,1,12.90,10.32,true,1,
8424842050030,false,צ`יפס עם מלח הימלאי 125גר,*347470,,,"י""ח",1.25,ל 100 גרם,false,1,12.90,10.32,true,1,
8425206000081,false,ריבת חלב מרדל 450גר,גורי מוצרי צריכה בעמ,,,"י""ח",1,,false,1,16.90,16.90,false,1,
8435495805106,false,"ביומט 5 ק""ג",ליימן שליסל,,,"י""ח",5,"ק""ג",false,1,33.90,6.78,false,1,
8435495805199,false,"תינוקלין 3ק""ג",ליימן שליסל,,,"י""ח",3,"ק""ג",false,1,43.90,14.63,false,1,
8435495807605,false,מרכך תינוקלין מרוכז 1ל לבן,ליימן שליסל,,,"י""ח",1,ליטר,false,1,19.90,19.90,true,1,
8435495807636,false,תינוקלין גל כביסה 2ל,ליימן שליסל,,,"י""ח",5,"ק""ג",false,1,29.90,5.98,false,1,
8435495819363,false,מרכך תינוקלין מרוכז 1ל כחול.,ליימן שליסל,,,"י""ח",1,ליטר,false,1,19.90,19.90,true,1,
8445290427120,false,פיטנס שוקולד מריר ובננה 330  גר`:,קבוצת אוסם סחר-שות.מוגבלת,,,"י""ח",3.30,ל 100 גרם,false,1,22.90,6.94,true,1,
8681863065270,false,מלח ים מים האגאי 350ג,ג.וילי פוד אינטרנשיונל בעמ,,,"י""ח",3.50,ל 100 גרם,false,1,17.90,5.11,true,1,
8681982060668,false,מארז קופסאות.,*347250,,,"י""ח",1,,false,1,14.90,14.90,true,1,
8683130008355,false,מיונז הלמנס שום לחיץ 400ג,"יוניליוור ישראל שיווק בע""מ",,,"י""ח",4,ל 100 גרם,false,1,12.90,3.23,false,1,
8683130008935,false,הלמנס קטשיונז 425ג,"יוניליוור ישראל שיווק בע""מ",,,"י""ח",4.25,ל 100 גרם,false,1,12.90,3.04,false,1,
8683130025574,false,"בדין אקסטרא לבנדר 960 מ""ל","יוניליוור ישראל שיווק בע""מ",,,"י""ח",9.60,"ל 100 מ""ל",false,1,15.90,1.66,true,1,
8683130025581,false,"בדין אקסטרא ענבר 960 מ""ל","יוניליוור ישראל שיווק בע""מ",,,"י""ח",9.60,"ל 100 מ""ל",false,1,15.90,1.66,true,1,
8683323063024,false,יוגטה ג`לי  טעם פירות 220גר,ליימן שליסל,,,"י""ח",2.20,ל 100 גרם,false,1,7.90,3.59,false,1,
8686868600075,false,אביזרי שיער,אל האופק שיווק וסחר,,,"י""ח",1,,false,1,9.90,9.90,false,1,
8686868600129,false,אביזרי שיער,אל האופק שיווק וסחר,,,"י""ח",1,,false,1,12.90,12.90,false,1,
8690504081913,false,טינס מצופה שוקולד חלב 150ג,תה ויסוצקי (ישראל)בעמ,,,"י""ח",1.50,ל 100 גרם,false,1,8.90,5.93,true,1,
8690504081937,false,טינס שוקולד חלב וקפוצינו 150ג,תה ויסוצקי (ישראל)בעמ,,,"י""ח",1.50,ל 100 גרם,false,1,8.90,5.93,true,1,
8690526009353,false,חיני חטיף בוטנים נוגט קרמל 140ג,גורי ע.ע.ע. בעמ,,,"י""ח",1.40,ל 100 גרם,false,1,7.90,5.64,false,1,
8690572778326,false,"פה דאודורנט ספריי כותנה 200מ""ל",הנקל סוד בעמ,,,"י""ח",2,"ל 100 מ""ל",false,1,10.90,5.45,true,1,
8690572788851,false,"שמפו  גליס ביו-טק 400מ""ל.",הנקל סוד בעמ,,,"י""ח",4,"ל 100 מ""ל",false,1,18.90,4.73,true,1,
8690572794692,false,"שמפו גליס לאיזון והזנת הקרקפת 400מ""ל.",הנקל סוד בעמ,,,"י""ח",4,"ל 100 מ""ל",false,1,18.90,4.73,true,1,
8690572799482,false,"מרכך לשיער גלי ומתולתל 500 מ""ל  SYOSS",הנקל סוד בעמ,,,"י""ח",5,"ל 100 מ""ל",false,1,11.90,2.38,true,1,
8690572799499,false,"מרכך קרטין 500 מ""ל  SYOSS",הנקל סוד בעמ,,,"י""ח",5,"ל 100 מ""ל",false,1,11.90,2.38,true,1,
8690572799512,false,"מרכך לחיזוק שורשי סיב  500 מ""ל  SYOSS",הנקל סוד בעמ,,,"י""ח",5,"ל 100 מ""ל",false,1,11.90,2.38,true,1,
8690572799529,false,"שמפו קרטין 500 מ""ל  SYOSS",הנקל סוד בעמ,,,"י""ח",5,"ל 100 מ""ל",false,1,11.90,2.38,true,1,
8690572799536,false,"שמפו שמני הזנה 500 מ""ל  SYOSS",הנקל סוד בעמ,,,"י""ח",5,"ל 100 מ""ל",false,1,11.90,2.38,true,1,
8690572799543,false,"שמפו לחיזוק שורשי סיב 500 מ""ל  SYOSS",הנקל סוד בעמ,,,"י""ח",5,"ל 100 מ""ל",false,1,11.90,2.38,true,1,
8690572799550,false,"שמפו לשיער גלי ומתולתל 500 מ""ל  SYOSS",הנקל סוד בעמ,,,"י""ח",5,"ל 100 מ""ל",false,1,11.90,2.38,true,1,
8690637073434,false,ארל גריי 100 סרוויס,"יוניליוור ישראל שיווק בע""מ",,,"י""ח",2,ל 100 גרם,false,1,24.90,12.45,false,1,
8690637503856,false,ממרח הלמנס לחיץ 40% אחוז פחות שומן,"יוניליוור ישראל שיווק בע""מ",,,"י""ח",7.89,ל 100 גרם,false,1,12.90,1.63,false,1,
8690637505607,false,"בדין אקסטרא פינוק קלאסי 960 מ""ל","יוניליוור ישראל שיווק בע""מ",,,"י""ח",9.60,"ל 100 מ""ל",false,1,15.90,1.66,true,1,
8690637505614,false,"בדין אקסטרא פינוק קוקוס 960 מ""ל","יוניליוור ישראל שיווק בע""מ",,,"י""ח",9.60,"ל 100 מ""ל",false,1,15.90,1.66,true,1,
8690637506956,false,"דאב שמפו למניעת קשקשים 600מ""ל","יוניליוור ישראל שיווק בע""מ",,,"י""ח",7,"ל 100 מ""ל",false,1,15.90,2.27,true,1,
8690637555084,false,"בדין אקסטרא לבן 960מ""ל","יוניליוור ישראל שיווק בע""מ",,,"י""ח",9.60,"ל 100 מ""ל",false,1,15.90,1.66,true,1,
8690637688195,false,פירמידה תה ירוק קלאסי 30ג,"יוניליוור ישראל שיווק בע""מ",,,"י""ח",0.32,ל 100 גרם,false,1,16.90,52.81,true,1,
8690637704277,false,"דאב  600מ""ל שמפו  רגיל","יוניליוור ישראל שיווק בע""מ",,,"י""ח",6,"ל 100 מ""ל",false,1,15.90,2.65,true,1,
8690637704291,false,"דאב שמפו 600מ""ל","יוניליוור ישראל שיווק בע""מ",,,"י""ח",7,"ל 100 מ""ל",false,1,15.90,2.27,true,1,
8690637704376,false,"דאב  600מ""ל שמפו  רגיל","יוניליוור ישראל שיווק בע""מ",,,"י""ח",6,"ל 100 מ""ל",false,1,15.90,2.65,true,1,
8690637704390,false,"דאב דמג`ת`רפי 600מ""ל שמפו  רגיל","יוניליוור ישראל שיווק בע""מ",,,"י""ח",6,"ל 100 מ""ל",false,1,15.90,2.65,true,1,
8690637704413,false,"דאב מרכך משקם 600מ""ל","יוניליוור ישראל שיווק בע""מ",,,"י""ח",6,"ל 100 מ""ל",false,1,15.90,2.65,true,1,
8690637704437,false,"דאב  600מ""ל שמפו  רגיל","יוניליוור ישראל שיווק בע""מ",,,"י""ח",6,"ל 100 מ""ל",false,1,15.90,2.65,true,1,
8690637704451,false,"דאב מרכך שמני הזנה 600מ""ל","יוניליוור ישראל שיווק בע""מ",,,"י""ח",6,"ל 100 מ""ל",false,1,15.90,2.65,true,1,
8690637799594,false,תה ירוק נענע בסגנון מרוקאי 30ג,"יוניליוור ישראל שיווק בע""מ",,,"י""ח",1.50,ל 100 גרם,false,1,16.90,11.27,true,1,
8690637835643,false,תה ירוק לואיזה ולימונית  30 גר,"יוניליוור ישראל שיווק בע""מ",,,"י""ח",0.32,ל 100 גרם,false,1,16.90,52.81,true,1,
8690637842399,false,מאגדת מגנום מיני דאבל פרי יער שוקולד,"גלידות שטראוס בע""מ",,,"י""ח",3.79,ל 100 גרם,false,1,25.90,6.83,false,1,
8690637858734,false,"סיף ג ל אקונומיקה 750 מ""ל לימון","יוניליוור ישראל שיווק בע""מ",,,"י""ח",7.50,"ל 100 מ""ל",false,1,9.90,1.32,false,1,
8690637858741,false,"סיף ג ל אקונומיקה 750 מ""ל רוח ים","יוניליוור ישראל שיווק בע""מ",,,"י""ח",7.50,"ל 100 מ""ל",false,1,9.90,1.32,false,1,
8690637866753,false,"בדין אקסטרה סגול 960 מ""ל","יוניליוור ישראל שיווק בע""מ",,,"י""ח",9.60,"ל 100 מ""ל",false,1,15.90,1.66,true,1,
8690637871047,false,"דאב שמפו קוקוס כורכום  600מ""ל","יוניליוור ישראל שיווק בע""מ",,,"י""ח",6,"ל 100 מ""ל",false,1,15.90,2.65,true,1,
8690637871061,false,"דאב שמפו עם שמן אבוקדו 600מ""ל","יוניליוור ישראל שיווק בע""מ",,,"י""ח",6,"ל 100 מ""ל",false,1,15.90,2.65,true,1,
8690637871245,false,ממרח אמיתי הלמנס 395 גר`לחיץ,"יוניליוור ישראל שיווק בע""מ",,,"י""ח",7.89,ל 100 גרם,false,1,14.90,1.89,false,1,
8690637890666,false,מיני מגנום מריר 5יח שטראוס,"גלידות שטראוס בע""מ",,,"י""ח",2.70,ל 100 גרם,false,1,25.90,9.59,false,1,
8690637916977,false,"דאב מרכך עם שמן קוקוס כורכום 600מ""ל","יוניליוור ישראל שיווק בע""מ",,,"י""ח",6,"ל 100 מ""ל",false,1,15.90,2.65,true,1,
8690637916991,false,"דאב מרכך עם שמן אבוקדו 600מ""ל","יוניליוור ישראל שיווק בע""מ",,,"י""ח",6,"ל 100 מ""ל",false,1,15.90,2.65,true,1,
8690637946301,false,"בדין אקסטרא בייבי  960 מ""ל","יוניליוור ישראל שיווק בע""מ",,,"י""ח",9.60,"ל 100 מ""ל",false,1,15.90,1.66,false,1,
8690637946318,false,"בדין אקסטרא בייבי  טלק  960 מ""ל","יוניליוור ישראל שיווק בע""מ",,,"י""ח",9.60,"ל 100 מ""ל",false,1,15.90,1.66,false,1,
8690637971310,false,"בדין אקסטרא יערת הדבש  960 מ""ל","יוניליוור ישראל שיווק בע""מ",,,"י""ח",9.60,"ל 100 מ""ל",false,1,15.90,1.66,true,1,
8690637976995,false,"בדין אקסטרא ורוד סחלב 960 מ""ל","יוניליוור ישראל שיווק בע""מ",,,"י""ח",9.60,"ל 100 מ""ל",false,1,15.90,1.66,true,1,
8690637994029,false,"בדין אקסטרא סחלבים 1.440מ""ל","יוניליוור ישראל שיווק בע""מ",,,"י""ח",1.44,ליטר,false,1,19.90,13.82,false,1,
8690766156367,false,שוקולד חלב מעולה 90גר Godiva,תה ויסוצקי (ישראל)בעמ,,,"י""ח",0.90,ל 100 גרם,false,1,14.90,16.56,true,1,
8690766156374,false,שוקולד מריר מעולה 72% קקאו 90גר Godi,תה ויסוצקי (ישראל)בעמ,,,"י""ח",0.90,ל 100 גרם,false,1,14.90,16.56,true,1,
8690766156381,false,שוקולד מריר מעולה 90% קקאו 90גר Godi,תה ויסוצקי (ישראל)בעמ,,,"י""ח",0.90,ל 100 גרם,false,1,14.90,16.56,true,1,
8690766156398,false,שוקולד חלב מעולה עם שקדים ודבש 90גר Go,תה ויסוצקי (ישראל)בעמ,,,"י""ח",0.90,ל 100 גרם,false,1,14.90,16.56,true,1,
8690766156404,false,שוקולד מריר מעולה תפוז אדום 90גר Godi,תה ויסוצקי (ישראל)בעמ,,,"י""ח",0.90,ל 100 גרם,false,1,14.90,16.56,true,1,
8690766156411,false,שוקולד מריר מעולה עם חתיכות  90גר Godi,תה ויסוצקי (ישראל)בעמ,,,"י""ח",0.90,ל 100 גרם,false,1,14.90,16.56,true,1,
8690777206051,false,חציל קלוי עלSERA האש 650גר,ג.וילי פוד אינטרנשיונל בעמ,,,"י""ח",6.50,ל 100 גרם,false,1,10.90,1.68,false,1,
8690777221405,false,פלפל אדום קלוי על האש 650 גר`SERA,ג.וילי פוד אינטרנשיונל בעמ,,,"י""ח",6.50,ל 100 גרם,false,1,10.90,1.68,false,1,
8690784614665,false,דאק סבון ניקוי לאסלה בניחוח ים,דנשר (1963) בעמ,,,"י""ח",0.30,"ל 100 מ""ל",false,1,8.90,29.67,true,1,
8690784614771,false,דאק סבון ניקוי לאסלה בניחוח רענן,דנשר (1963) בעמ,,,"י""ח",0.30,"ל 100 מ""ל",false,1,8.90,29.67,true,1,
8693495052177,false,"פלמוליב סבון נוזלי זיתים 750 מ""ל",ש.שסטוביץ בעמ,,,"י""ח",7.50,"ל 100 מ""ל",false,1,17.90,2.39,true,1,
8693495054058,false,פלמוליב סבון נוזלי מקדמיה משאבה 750 מ,ש.שסטוביץ בעמ,,,"י""ח",7.50,"ל 100 מ""ל",false,1,17.90,2.39,true,1,
8697530910750,false,פאל מאל כחול ארוך,גלוברנדס בעמ,,,"י""ח",1,,false,1,29.50,29.50,false,1,
8697530910781,false,פאל מאל אדום,גלוברנדס בעמ,,,"י""ח",0,"י""ח",false,1,29.50,29.50,false,1,
8697530910958,false,פאל מאל כחול ארוך,גלוברנדס בעמ,,,"י""ח",1,,false,1,290,290,false,1,
8697826469092,false,טורטיה קטנה 540 ג 12 יח`,*347340,,,"י""ח",5.40,ל 100 גרם,false,1,9.90,1.83,true,1,
8699073290764,false,פלפל אדום קלוי 680גרם MELIS,ג.וילי פוד אינטרנשיונל בעמ,,,"י""ח",6.80,ל 100 גרם,false,1,10.90,1.60,false,1,
8699073292768,false,חציל קלוי על האש 640 גרם MELIS,ג.וילי פוד אינטרנשיונל בעמ,,,"י""ח",6.40,ל 100 גרם,false,1,10.90,1.70,false,1,
8699878420212,false,"מים מינרלים טבעי500מ""ל 12יח",עיסא ערטול בעמ-סוכן הנקל סוד,,,"י""ח",5,"ל 100 מ""ל",false,1,18.50,2.98,false,1,
8710447224311,false,"מרכך  בוטניק  400 מ""ל    טרזמה","יוניליוור ישראל שיווק בע""מ",,,"י""ח",4,"ל 100 מ""ל",false,1,14.90,3.73,true,1,
8710447224342,false,"שמפו קרטין קרטין400מ""ל    טרזמה","יוניליוור ישראל שיווק בע""מ",,,"י""ח",4,"ל 100 מ""ל",false,1,14.90,3.73,true,1,
8710447320662,false,דאו דאב ספריי 0% אלומיניום אפרסק 150מ,"יוניליוור ישראל שיווק בע""מ",,,"י""ח",0.90,"ל 100 מ""ל",false,1,14.90,16.56,true,1,
8710502060021,false,מרבה פטיסרי עוגיות מאפין רכות 200ג,ש.שסטוביץ בעמ,,,"י""ח",2,ל 100 גרם,false,1,10,5,true,1,
8710502064814,false,עוגיות שוקו צ יפס במרקם רך 175גר מרבה,ש.שסטוביץ בעמ,,,"י""ח",2.25,ל 100 גרם,false,1,8.90,3.96,true,1,
8710502139017,false,עוגיות מרבה  מצופות שוקולד,ש.שסטוביץ בעמ,,,"י""ח",1.80,ל 100 גרם,false,1,8.90,4.94,true,1,
8710502194825,false,עוגיות מרבה שוקולד ציפס 150ג,ש.שסטוביץ בעמ,,,"י""ח",1.50,ל 100 גרם,false,1,6.90,4.60,true,1,
8710502279010,false,עוגיות שוקו צ יפס  175גר מרבה,ש.שסטוביץ בעמ,,,"י""ח",2.25,ל 100 גרם,false,1,8.90,3.96,true,1,
8710502405204,false,עוגיות מרבה ממולאות קרם שוקולד,ש.שסטוביץ בעמ,,,"י""ח",2.25,ל 100 גרם,false,1,8.90,3.96,true,1,
8710502470028,false,עוגיות נוגט לי 160גר`,ש.שסטוביץ בעמ,,,"י""ח",1.60,ל 100 גרם,false,1,8.90,5.56,true,1,
8710522584200,false,"דאב תחליב רחצה ורדים ואלוורה 500מ""ל","יוניליוור ישראל שיווק בע""מ",,,"י""ח",5,"ל 100 מ""ל",false,1,12.90,2.58,true,1,
8710552274614,false,"קליה ספריי שטיחים 600מ""ל.",רקיט בנקיזר (ניר איסט) בעמ,,,"י""ח",6,"ל 100 מ""ל",false,1,29.90,4.98,true,1,
8710800027573,false,מיני מנטוס שקית,ליימן שליסל,,,"י""ח",1.78,ל 100 גרם,false,1,14,7.87,false,1,
8710800961310,false,מנטוס תות 1/4,ליימן שליסל,,,"י""ח",1.50,ל 100 גרם,false,1,11.90,7.93,false,1,
8710847942679,false,"שמפו 400מ""ל טרזמה","יוניליוור ישראל שיווק בע""מ",,,"י""ח",4,"ל 100 מ""ל",false,1,14.90,3.73,true,1,
8710847942693,false,"מרכך  400 מ""ל טרזמה","יוניליוור ישראל שיווק בע""מ",,,"י""ח",4,"ל 100 מ""ל",false,1,14.90,3.73,true,1,
8710847973970,false,"דאב סבון תחליב רחצה אלוורה 750 מ""ל","יוניליוור ישראל שיווק בע""מ",,,"י""ח",7.50,"ל 100 מ""ל",false,1,19.90,2.65,true,1,
8710908326691,false,"דאב סבון נוזלי אדמונית 750 מ""ל","יוניליוור ישראל שיווק בע""מ",,,"י""ח",7.50,"ל 100 מ""ל",false,1,19.90,2.65,true,1,
8710908882463,false,"דאב תחליב רחצה אבוקדו 500מ""ל","יוניליוור ישראל שיווק בע""מ",,,"י""ח",5,"ל 100 מ""ל",false,1,12.90,2.58,true,1,
8711000360606,false,קפסולות לור  אספרסו רוז,דיפלומט בעמ,,,"י""ח",0.52,ל 100 גרם,false,1,19.90,38.27,true,1,
8711000362556,false,קפסולות אספרסו L OR SONTUOSO,דיפלומט בעמ,,,"י""ח",0.52,ל 100 גרם,false,1,19.90,38.27,true,1,
8711000362570,false,קפסולות אספרסו L OR FORZA,דיפלומט בעמ,,,"י""ח",0.52,ל 100 גרם,false,1,19.90,38.27,true,1,
8711000362631,false,קפסולות אספרסו L OR ONYX,דיפלומט בעמ,,,"י""ח",0.52,ל 100 גרם,false,1,19.90,38.27,true,1,
8711000362655,false,קפסולות לור  אספרסו אבסולו,דיפלומט בעמ,,,"י""ח",0.52,ל 100 גרם,false,1,19.90,38.27,true,1,
8711000362679,false,LOR קפסולות אספרסו קולומביה.,דיפלומט בעמ,,,"י""ח",0.52,ל 100 גרם,false,1,19.90,38.27,true,1,
8711000371176,false,גייקובס קפסולות קפה קלאסיקו,דיפלומט בעמ,,,"י""ח",0.52,ל 100 גרם,false,1,16.90,32.50,true,1,
8711000371183,false,גייקובס קפסולות קפה אינטנסו,דיפלומט בעמ,,,"י""ח",0.52,ל 100 גרם,false,1,16.90,32.50,true,1,
8711000371206,false,גייקובס קפסולות קפה ריסטרטו,דיפלומט בעמ,,,"י""ח",0.52,ל 100 גרם,false,1,16.90,32.50,true,1,
8711000371244,false,גייקובס קפסולות קפה לונגו.,דיפלומט בעמ,,,"י""ח",0.52,ל 100 גרם,false,1,16.90,32.50,true,1,
8711000431108,false,LOR קפסולות אספרסו הודו,דיפלומט בעמ,,,"י""ח",0.52,ל 100 גרם,false,1,19.90,38.27,true,1,
8711000471296,false,קפסולות לור  אספרסו אולטימו,דיפלומט בעמ,,,"י""ח",0.52,ל 100 גרם,false,1,19.90,38.27,true,1,
8711000472040,false,גייקובס קפסולות קפה בית קפה סלקשיין,דיפלומט בעמ,,,"י""ח",0.52,ל 100 גרם,false,1,16.90,32.50,true,1,
8711327475717,false,מגנום פיינט וניל שקדים 260גר,"גלידות שטראוס בע""מ",,,"י""ח",2.60,ל 100 גרם,false,1,21.90,8.42,false,1,
8712000051099,false,"היינקן בקבוק  330מ""ל שישייה 0%.",טמפו משקאות בעמ,,,"י""ח",1.98,ליטר,false,1,27.90,13.18,true,1,
8712400802499,false,נוטרילון שלב 1 800 גרם,דיפלומט בעמ,,,"י""ח",8,ל 100 גרם,false,1,64.90,8.11,false,1,
8712400802512,false,נוטרילון שלב 2 800 גרם,דיפלומט בעמ,,,"י""ח",8,ל 100 גרם,false,1,64.90,8.11,false,1,
8712400802536,false,נוטרילון שלב 3 800 גרם,דיפלומט בעמ,,,"י""ח",8,ל 100 גרם,false,1,64.90,8.11,false,1,
8712561594240,false,"דאב סבון נוזלי הזנה עמוקה 500מ""ל","יוניליוור ישראל שיווק בע""מ",,,"י""ח",5,"ל 100 מ""ל",false,1,12.90,2.58,true,1,
8712561594608,false,"דאב סבון נוזלי להזנה עמוקה 750 מ""ל","יוניליוור ישראל שיווק בע""מ",,,"י""ח",7.50,"ל 100 מ""ל",false,1,19.90,2.65,true,1,
8712561611411,false,"דאב סבון נוזלי תה ירוק ומלפפון 750 מ""ל","יוניליוור ישראל שיווק בע""מ",,,"י""ח",7.50,"ל 100 מ""ל",false,1,19.90,2.65,true,1,
8712561626286,false,"דאב סבון נוזלי זוהר כמשי 750 מ""ל","יוניליוור ישראל שיווק בע""מ",,,"י""ח",7.50,"ל 100 מ""ל",false,1,19.90,2.65,true,1,
8712561631570,false,"דאב סבון נוזלי חלב קוקוס 750 מ""ל","יוניליוור ישראל שיווק בע""מ",,,"י""ח",7.50,"ל 100 מ""ל",false,1,19.90,2.65,true,1,
8714599410530,false,ג`ייקובס קורננג 200ג שקית,דיפלומט בעמ,,,"י""ח",2,ל 100 גרם,false,1,21.90,10.95,false,1,
8714599410578,false,"ג`ייקובס קרוננג 47.5ג צנצנת כשל""פ",דיפלומט בעמ,,,"י""ח",0.47,ל 100 גרם,false,1,6.90,14.68,true,1,
8714599410806,false,גייקובס קרוננג 160ג שקית,דיפלומט בעמ,,,"י""ח",1.60,ל 100 גרם,false,1,19.90,12.44,true,1,
8714599513781,false,.ג`ייקובס גולד 200 ג,דיפלומט בעמ,,,"י""ח",2,ל 100 גרם,false,1,25.90,12.95,false,1,
8714599513835,false,ג`ייקובס נטול קופאין 200גר,דיפלומט בעמ,,,"י""ח",2,ל 100 גרם,false,1,36.90,18.45,false,1,
8714599513866,false,"ג""קובס קרוננג קפה נמס מיובש 200 גרם",דיפלומט בעמ,,,"י""ח",2,ל 100 גרם,false,1,23.90,11.95,true,1,
8714789177229,false,מברשת שיניים קולגייט X 4,ש.שסטוביץ בעמ,,,"י""ח",1,,false,1,9.90,9.90,false,1,
8714789218465,false,קולגייט 360 זוגות,ש.שסטוביץ בעמ,,,"י""ח",1,,false,1,24.90,24.90,true,1,
8714789303925,false,מברשת שיניים זוג 360,ש.שסטוביץ בעמ,,,"י""ח",1,,false,1,24.90,24.90,true,1,
8714789402918,false,אג קס חגיגת פרחים 1.5ליטר אדום,ש.שסטוביץ בעמ,,,"י""ח",1.50,ליטר,false,1,19.90,13.27,false,1,
8714789402970,false,אג קס חגיגת פרחים 1.5ליטר  ירוק,ש.שסטוביץ בעמ,,,"י""ח",1.50,ליטר,false,1,19.90,13.27,false,1,
8714789582764,false,"אג קס חלונות 750 מ""ל",ש.שסטוביץ בעמ,,,"י""ח",7.50,"ל 100 מ""ל",false,1,14.90,1.99,false,1,
8714789797786,false,"פלמוליב כלים GLEASE BLASTER 750מ""ל",ש.שסטוביץ בעמ,,,"י""ח",7.50,"ל 100 מ""ל",false,1,9.80,1.31,true,1,
8714789831275,false,קולגייט מברשת 360וייט זוג,ש.שסטוביץ בעמ,,,"י""ח",5,"ל 100 מ""ל",false,1,24.90,4.98,true,1,
8714789834467,false,פלמוליב כלים  1.5 ל`,ש.שסטוביץ בעמ,,,"י""ח",1.50,ליטר,false,1,15.90,10.60,false,1,
8714789930848,false,"קולגייט  אופטיק וייט אינסטנט 75מ""ל",ש.שסטוביץ בעמ,,,"י""ח",7.50,"ל 100 מ""ל",false,1,19.90,2.65,true,1,
8715300238306,false,חמאה הולנדית ללא מלח 200גר,בני ג ורג שוקחה בעמ,,,"י""ח",2,ל 100 גרם,false,1,12.90,6.45,false,1,
8715700110141,false,מיונז היינץ 460 גרם צנצנת,דיפלומט בעמ,,,"י""ח",4.60,ל 100 גרם,false,1,11.90,2.59,false,1,
8715700110158,false,מיונז היינץ 490 גרם לייט צנצנת,דיפלומט בעמ,,,"י""ח",4.90,ל 100 גרם,false,1,11.90,2.43,false,1,
8715700117805,false,"מתבל עגבניות ללא סוכר ומלח 400מ""ל",דיפלומט בעמ,,,"י""ח",4,ל 100 גרם,false,1,10.90,2.73,false,1,
8715700419695,false,רוטב ברביקיו מתוק 500גר,דיפלומט בעמ,,,"י""ח",4.80,ל 100 גרם,false,1,16.90,3.52,false,1,
8715700419732,false,מתבל עגבניות היינץ 700ג,דיפלומט בעמ,,,"י""ח",7,ל 100 גרם,false,1,12.90,1.84,false,1,
8715700422473,false,ממרח היינץ ללא חומרים משמרים 395גר,דיפלומט בעמ,,,"י""ח",3.95,ל 100 גרם,false,1,14.90,3.77,false,1,
8715700423906,false,מתבל עגבניות  היינץ  555גר,דיפלומט בעמ,,,"י""ח",5.55,ל 100 גרם,false,1,11.90,2.14,false,1,
8717163607305,false,דאב סבון מוצק גרגרים 4,"יוניליוור ישראל שיווק בע""מ",,,"י""ח",4,ל 100 גרם,false,1,14.90,3.73,false,1,
8717163647202,false,#אקס בודי ספריי גברים.,"יוניליוור ישראל שיווק בע""מ",,,"י""ח",1.50,"ל 100 מ""ל",false,1,11.90,7.93,false,1,
8717163647226,false,"אקס בודי ספריי בלק 150מ""ל.","יוניליוור ישראל שיווק בע""מ",,,"י""ח",1.50,"ל 100 מ""ל",false,1,11.90,7.93,false,1,
8717163647233,false,"אקס דאו בודי ספריי בלאק נייט  150מ""ל.","יוניליוור ישראל שיווק בע""מ",,,"י""ח",1.50,"ל 100 מ""ל",false,1,11.90,7.93,false,1,
8717163647240,false,אקס  דאו`ספריי  שוקו  150 מ``ל.,"יוניליוור ישראל שיווק בע""מ",,,"י""ח",1.50,"ל 100 מ""ל",false,1,11.90,7.93,false,1,
8717163647257,false,"אקס דאו ספריי גוף גולד 150מ""ל.","יוניליוור ישראל שיווק בע""מ",,,"י""ח",1.50,"ל 100 מ""ל",false,1,11.90,7.93,false,1,
8717163647264,false,"אקס בודי ספריי אייס צ`יל 150מ""ל.","יוניליוור ישראל שיווק בע""מ",,,"י""ח",1.50,"ל 100 מ""ל",false,1,11.90,7.93,false,1,
8717163655764,false,"רקסונה ספריי פרש 150מ""ל","יוניליוור ישראל שיווק בע""מ",,,"י""ח",1.50,"ל 100 מ""ל",false,1,14.90,9.93,true,1,
8717163655825,false,"רקסונה ספריי נשים  כותנה 150מ""ל","יוניליוור ישראל שיווק בע""מ",,,"י""ח",1.50,"ל 100 מ""ל",false,1,14.90,9.93,true,1,
8717163663493,false,רקסונה ספריי מן קובלט דריי,"יוניליוור ישראל שיווק בע""מ",,,"י""ח",1,"י""ח",false,1,14.90,14.90,true,1,
8717163711668,false,"רקסונה ספריי נשים טלק  150מ""ל","יוניליוור ישראל שיווק בע""מ",,,"י""ח",1.50,"ל 100 מ""ל",false,1,14.90,9.93,true,1,
8717163714850,false,"דאב דאו  ספריי 150מ""ל","יוניליוור ישראל שיווק בע""מ",,,"י""ח",0.90,"ל 100 מ""ל",false,1,14.90,16.56,true,1,
8717163891735,false,רקסונה ספריי גברים וורקאאוט,"יוניליוור ישראל שיווק בע""מ",,,"י""ח",1,"י""ח",false,1,14.90,14.90,true,1,
8717644390566,false,רביעיית סבון מוצק דאבירוק.,"יוניליוור ישראל שיווק בע""מ",,,"י""ח",4,ל 100 גרם,false,1,14.90,3.73,false,1,
8717677336593,false,שוקולד חלב 180ג  טוניס,ליימן שליסל,,,"י""ח",1.80,ל 100 גרם,false,1,18.90,10.50,false,1,
8717677336616,false,שוקולד מרירעם שקדים ומלח 180ג  טוניס,ליימן שליסל,,,"י""ח",1.80,ל 100 גרם,false,1,18.90,10.50,false,1,
8718114734484,false,מיונז מיילי 320גרם,*347470,,,"י""ח",3.20,ל 100 גרם,false,1,11.90,3.72,true,1,
8718692610828,false,שלישיית בקבוקי ליטר צבעונים,סודה סטרים ישראל בעמ,,,"י""ח",1.50,ליטר,false,1,48,32,true,1,
8718692610835,false,שלישיית בקבוקי ליטר פיוז,סודה סטרים ישראל בעמ,,,"י""ח",1.50,ליטר,false,1,49.90,33.27,true,1,
8718951001589,false,"אגקס ספריי מסיר שומנים למטבח 600מ""ל",ש.שסטוביץ בעמ,,,"י""ח",6,"ל 100 מ""ל",false,1,10.90,1.82,false,1,
8718951001596,false,"אגקס ספריי אמבטיה 600מ""ל",ש.שסטוביץ בעמ,,,"י""ח",6,"ל 100 מ""ל",false,1,10.90,1.82,false,1,
8718951093331,false,מרידול מברשת שיניים זוג,ש.שסטוביץ בעמ,,,"י""ח",1,,false,1,33.90,33.90,false,1,
8718951144064,false,מרידול מברשת שיניים זוג פרדונט אקספרט.,ש.שסטוביץ בעמ,,,"י""ח",1,,false,1,33.90,33.90,false,1,
8718951166288,false,"קולגייט מקס וייט 125מ""ל",ש.שסטוביץ בעמ,,,"י""ח",1.25,"ל 100 מ""ל",false,1,17.90,14.32,false,1,
8718951166561,false,"קולגייט מקס פרש כחול 125מ""ל",ש.שסטוביץ בעמ,,,"י""ח",1.25,"ל 100 מ""ל",false,1,17.90,14.32,false,1,
8718951175600,false,"קולגייט טוטאל קלין מינט  75 מ""ל",ש.שסטוביץ בעמ,,,"י""ח",0.75,"ל 100 מ""ל",false,1,14.90,19.87,true,1,
8718951236790,false,"קולגייט טוטל קלין מינט  100מ""ל",ש.שסטוביץ בעמ,,,"י""ח",1,"ל 100 מ""ל",false,1,16.90,16.90,true,1,
8718951236806,false,"קולגייט טוטל הלבנה  100מ""ל",ש.שסטוביץ בעמ,,,"י""ח",1,"ל 100 מ""ל",false,1,16.90,16.90,true,1,
8718951236813,false,"קולגייט טוטל מתקדם  100מ""ל",ש.שסטוביץ בעמ,,,"י""ח",1,"ל 100 מ""ל",false,1,16.90,16.90,true,1,
8718951240742,false,"קולגייט טוטל קפסים מרעננים   100מ""ל",ש.שסטוביץ בעמ,,,"י""ח",1,"ל 100 מ""ל",false,1,16.90,16.90,true,1,
8718951259409,false,"פלמוליב ת.רחצה 750מ""ל עם לחות מוגברת",ש.שסטוביץ בעמ,,,"י""ח",7.50,"ל 100 מ""ל",false,1,17.90,2.39,true,1,
8718951264618,false,קולגייט  אופטיק וייט פחם 75מייל.,ש.שסטוביץ בעמ,,,"י""ח",2.56,ל 100 גרם,false,1,26.90,10.51,true,1,
8718951286733,false,קולגייט  אופטיק וייט לסטינג 75מייל.,ש.שסטוביץ בעמ,,,"י""ח",2.56,ל 100 גרם,false,1,26.90,10.51,true,1,
8718951288492,false,"מרידול משחת שיניים בי טיוב זוג*75מ""ל",ש.שסטוביץ בעמ,,,"י""ח",1.50,ל 100 גרם,false,1,29.90,19.93,false,1,
8718951301139,false,"פלמוליב ת.רחצה רימון  משאבה 750 מ""ל",ש.שסטוביץ בעמ,,,"י""ח",7.50,"ל 100 מ""ל",false,1,17.90,2.39,true,1,
8718951313927,false,"פלמוליב סבון ידיים חימר טונוס 300מ""ל",ש.שסטוביץ בעמ,,,"י""ח",3,"ל 100 מ""ל",false,1,9.90,3.30,false,1,
8718951314009,false,"פלמוליב סבון נוזלי פטל שחור  750 מ""ל",ש.שסטוביץ בעמ,,,"י""ח",7.50,"ל 100 מ""ל",false,1,17.90,2.39,true,1,
8718951314023,false,"פלמוליב סבון נוזלי אפרסק  750 מ""ל",ש.שסטוביץ בעמ,,,"י""ח",7.50,"ל 100 מ""ל",false,1,17.90,2.39,true,1,
8718951315303,false,"קולגייט אדומה 100 מ""ל מארז זוג.",ש.שסטוביץ בעמ,,,"י""ח",2,"ל 100 מ""ל",false,1,19.80,9.90,false,1,
8718951334090,false,"סופלין מרכך כביסה מרוכז כחול650מ""ל",ש.שסטוביץ בעמ,,,"י""ח",0.65,ליטר,false,1,9.90,15.23,false,1,
8718951334120,false,"סופלין מרכך כביסה מרוכז לבנדר 650מ""ל",ש.שסטוביץ בעמ,,,"י""ח",0.65,ליטר,false,1,9.90,15.23,false,1,
8718951334151,false,"סופלין מרכך כביסה מרוכז היפואלרגני650מ""ל",ש.שסטוביץ בעמ,,,"י""ח",0.65,ליטר,false,1,9.90,15.23,false,1,
8718951334465,false,סופלין מרכך כביסה מרוכז לבנדר 1.3ל,ש.שסטוביץ בעמ,,,"י""ח",1.30,ליטר,false,1,12.90,9.92,false,1,
8718951345119,false,אג`קס ניקוי כללי היבסקוס  2 ל,ש.שסטוביץ בעמ,,,"י""ח",2,ליטר,false,1,22.90,11.45,false,1,
8718951354807,false,אג קס פיור הום הפרחים יסמין 1.5ליטר,ש.שסטוביץ בעמ,,,"י""ח",1.50,ליטר,false,1,19.90,13.27,false,1,
8718951382718,false,"פלמוליב גל רחצה חימר התחדשות 750מ""ל",ש.שסטוביץ בעמ,,,"י""ח",7.50,"ל 100 מ""ל",false,1,17.90,2.39,true,1,
8718951385290,false,אג`קס ניקוי כללי 2 ל כחול,ש.שסטוביץ בעמ,,,"י""ח",2,ליטר,false,1,22.90,11.45,false,1,
8718951400597,false,"פלמוליב ת.רחצה 750מ""ל קוקוס ללא משאבה",ש.שסטוביץ בעמ,,,"י""ח",7.50,"ל 100 מ""ל",false,1,17.90,2.39,true,1,
8718951431614,false,"פלמוליב סבון נוזלי סו פירם  750 מ""ל",ש.שסטוביץ בעמ,,,"י""ח",7.50,"ל 100 מ""ל",false,1,17.90,2.39,true,1,
8718951433120,false,"קולגייט טוטל ג`וניור 7-12 50מ""ל",ש.שסטוביץ בעמ,,,"י""ח",0.75,"ל 100 מ""ל",false,1,14.90,19.87,false,1,
8718951470538,false,"קולגייט טוטל מקס פרש זוג כשל""פ",ש.שסטוביץ בעמ,,,"י""ח",1,"ל 100 מ""ל",false,1,29.90,29.90,false,1,
8718951509627,false,קולגייט  אופטיק וייט לאוהבי קפה 75מייל.,ש.שסטוביץ בעמ,,,"י""ח",2.56,ל 100 גרם,false,1,26.90,10.51,true,1,
8719128112633,false,זוג בקבוקים הגזה 0.5ל ילדים,סודה סטרים ישראל בעמ,,,"י""ח",1,ליטר,false,1,29.90,29.90,true,1,
8719200997998,false,בלובנד לבישול וטיגון 200 גרם,דיפלומט בעמ,,,"י""ח",2,ל 100 גרם,false,1,4.50,2.25,false,1,
8719200998001,false,בלבנד בלי מלח 200 גרם,דיפלומט בעמ,,,"י""ח",2,ל 100 גרם,false,1,4.50,2.25,false,1,
8719200998018,false,מחמאה מרגרינה בטעם חמאה 200 גרם..,דיפלומט בעמ,,,"י""ח",2,ל 100 גרם,false,1,4.60,2.30,false,1,
8719200998032,false,מזולה בטעם חמאה 250 גרם.,דיפלומט בעמ,,,"י""ח",2.50,ל 100 גרם,false,1,9.90,3.96,false,1,
8719200998049,false,מזולה בטעם טבעי 250 גרם,דיפלומט בעמ,,,"י""ח",2.50,ל 100 גרם,false,1,9.90,3.96,false,1,
8719200998094,false,מזולה אפייה ללא מלח 200 גרם,דיפלומט בעמ,,,"י""ח",2,ל 100 גרם,false,1,6.50,3.25,false,1,
8719200998100,false,מזולה אפייה טעם חמאה 200 גרם,דיפלומט בעמ,,,"י""ח",2,ל 100 גרם,false,1,6.50,3.25,false,1,
8720181043093,false,"אקס בודי ספריי גוף אפלו 150מ""ל.","יוניליוור ישראל שיווק בע""מ",,,"י""ח",1.50,"ל 100 מ""ל",false,1,11.90,7.93,false,1,
8720181045912,false,"אקס בודי ספריי גוף אפריקה 150מ""ל.","יוניליוור ישראל שיווק בע""מ",,,"י""ח",1.50,"ל 100 מ""ל",false,1,11.90,7.93,false,1,
8720181046605,false,דאב דאו  ספריי 90ג,"יוניליוור ישראל שיווק בע""מ",,,"י""ח",0.90,"ל 100 מ""ל",false,1,14.90,16.56,true,1,
8720181046612,false,דאב דאו רול און.,"יוניליוור ישראל שיווק בע""מ",,,"י""ח",0.50,"ל 100 מ""ל",false,1,19.90,39.80,true,1,
8720181090202,false,"דאב תחליב רחצה משי  750 מ""ל","יוניליוור ישראל שיווק בע""מ",,,"י""ח",7.50,"ל 100 מ""ל",false,1,19.90,2.65,true,1,
8720181090219,false,"דאב סבון נוזלי רימונים 750 מ""ל","יוניליוור ישראל שיווק בע""מ",,,"י""ח",7.50,"ל 100 מ""ל",false,1,19.90,2.65,true,1,
8720181114465,false,אקס  דאו`ספריי  150 מ``ל.,*347130,,,"י""ח",1.50,"ל 100 מ""ל",false,1,11.90,7.93,true,1,
8720181114472,false,אקס  דאו`ספריי לנשים  150 מ``ל אפולו,*347130,,,"י""ח",1.50,"ל 100 מ""ל",false,1,11.90,7.93,true,1,
8720181114496,false,אקס  דאו`ספריי  150 מ``ל בלאק,*347130,,,"י""ח",1.50,"ל 100 מ""ל",false,1,11.90,7.93,true,1,
8723400756552,false,מנטוס מנטה 1\4,ליימן שליסל,,,"י""ח",1,,false,1,11.90,11.90,false,1,
8801055707966,false,~קפה נמס בריסטה טסטר צוייס 180 ג`,קבוצת אוסם סחר-שות.מוגבלת,,,"י""ח",1.80,ל 100 גרם,false,1,32.90,18.28,false,1,
8801055709427,false,קפה נמס טסטר צוייס אלטה ריקה 100 ג`,קבוצת אוסם סחר-שות.מוגבלת,,,"י""ח",1,ל 100 גרם,false,1,19.90,19.90,true,1,
8801055709434,false,קפה נמס טסטר צוייס קולומביה 100 ג`,קבוצת אוסם סחר-שות.מוגבלת,,,"י""ח",1,ל 100 גרם,false,1,19.90,19.90,true,1,
8801055709458,false,נס קפה קפוצ`ינו קרמל 17גר*10,קבוצת אוסם סחר-שות.מוגבלת,,,"י""ח",1.70,ל 100 גרם,false,1,18.90,11.12,false,1,
8801055709472,false,נס קפה קפוצ`ינו קלאסי  18.5גר*10,קבוצת אוסם סחר-שות.מוגבלת,,,"י""ח",1.80,ל 100 גרם,false,1,18.90,10.50,false,1,
8801055709489,false,נס קפה קפוצ`ינו אגוזים  18.5גר*10,קבוצת אוסם סחר-שות.מוגבלת,,,"י""ח",1.80,ל 100 גרם,false,1,18.90,10.50,false,1,
8809168840471,false,חטיף אצות מיובשות 9יח 4.5גרם.,מזרח ומערב יבוא ושיווק,,,"י""ח",9,"י""ח",false,1,24.90,2.77,false,1,
8850006331699,false,מברשת שיניים קולגייט סלים סופט שלישייה,ש.שסטוביץ בעמ,,,"י""ח",1,,false,1,29.90,29.90,false,1,
8850006932964,false,קולגייט מברשת שיניים טוויסטר חמישייה.,ש.שסטוביץ בעמ,,,"י""ח",1,,false,1,19.90,19.90,false,1,
8850180040028,false,טמפורה 500גר,מזרח ומערב יבוא ושיווק,,,"י""ח",5,"ל 100 מ""ל",false,1,10.90,2.18,false,1,
8850206250592,false,רוטב צילי סיראצה 530ג,מזרח ומערב יבוא ושיווק,,,"י""ח",5.30,ל 100 גרם,false,1,19.90,3.75,false,1,
8850367992164,false,"קרם קוקוס 250מ""ל מזרח ומערב",מזרח ומערב יבוא ושיווק,,,"י""ח",2.50,"ל 100 מ""ל",false,1,7.90,3.16,true,1,
8850367994779,false,מחית קארי ירוקה  50ג,מזרח ומערב יבוא ושיווק,,,"י""ח",0.50,ל 100 גרם,false,1,5.90,11.80,true,1,
8850367994786,false,מחית קארי אדומה 50ג,מזרח ומערב יבוא ושיווק,,,"י""ח",0.50,ל 100 גרם,false,1,5.90,11.80,true,1,
8850367994793,false,מחית קארי צהובה  50ג,מזרח ומערב יבוא ושיווק,,,"י""ח",0.50,ל 100 גרם,false,1,5.90,11.80,true,1,
8850389103159,false,משקה מוגו מוגו ליצ`י עם חתיכות ג`לי קו,טמפו משקאות בעמ,,,"י""ח",3.20,"ל 100 מ""ל",false,1,6.90,2.06,true,1,
8850389104637,false,משקה אלוורה אפרסק 300,טמפו משקאות בעמ,,,"י""ח",3,"ל 100 מ""ל",false,1,7.20,2.30,true,1,
8850389105825,false,סאפה ענבים 1 ליטר,טמפו משקאות בעמ,,,"י""ח",1,ליטר,false,1,13,13,false,1,
8850389105832,false,סאפה תפוחים 1 ליטר,טמפו משקאות בעמ,,,"י""ח",1,ליטר,false,1,13,13,false,1,
8850389105849,false,סאפה אפרסק 1 ליטר,טמפו משקאות בעמ,,,"י""ח",1,ליטר,false,1,13,13,false,1,
8850389111352,false,משקה מוגו מוגו מלון עם חתיכות ג`לי קו,טמפו משקאות בעמ,,,"י""ח",3.20,"ל 100 מ""ל",false,1,6.90,2.06,true,1,
8850389115312,false,"סאפה מלון בקבוק 300מ""ל",טמפו משקאות בעמ,,,"י""ח",3,"ל 100 מ""ל",false,1,7.20,2.30,true,1,
8850389115336,false,סאפה מלון  1 ליטר,טמפו משקאות בעמ,,,"י""ח",1,ליטר,false,1,13,13,false,1,
8850632604259,false,חיספוסים מקלות תות שדה,ליימן שליסל,,,"י""ח",0.50,ל 100 גרם,false,1,3.50,7,true,1,
8850632604266,false,חיספוסים מקלות קולה,ליימן שליסל,,,"י""ח",0.50,ל 100 גרם,false,1,3.50,7,true,1,
8850632604372,false,חיספוסים שטיח תות שדה,ליימן שליסל,,,"י""ח",0.50,ל 100 גרם,false,1,3.50,7,true,1,
8850632604402,false,חיספוסים שטיח מעורב,ליימן שליסל,,,"י""ח",0.50,ל 100 גרם,false,1,3.50,7,true,1,
8850632605201,false,חיספוסים שטיח מעורב תפוח,ליימן שליסל,,,"י""ח",0.50,ל 100 גרם,false,1,3.50,7,true,1,
8850632606390,false,חיספוסים מקלות אבטיח,ליימן שליסל,,,"י""ח",0.50,ל 100 גרם,false,1,3.50,7,true,1,
8857101301008,false,"רוטב צ ילי מתוק 700 מ""ל",ג.וילי פוד אינטרנשיונל בעמ,,,"י""ח",7,"ל 100 מ""ל",false,1,9.90,1.41,false,1,
8858271002870,false,"רוטב פאד תאי 250מ""ל",מזרח ומערב יבוא ושיווק,,,"י""ח",2.50,"ל 100 מ""ל",false,1,9.90,3.96,true,1,
8858271003068,false,"רוטב סויה מתוקה 250מ""ל",מזרח ומערב יבוא ושיווק,,,"י""ח",2.50,"ל 100 מ""ל",false,1,10.90,4.36,true,1,
8858271003921,false,"רוטב קארי אדום 250מ""ל",מזרח ומערב יבוא ושיווק,,,"י""ח",2.50,"ל 100 מ""ל",false,1,9.90,3.96,true,1,
8858271003938,false,"רוטב קארי ירוק 250מ""ל",מזרח ומערב יבוא ושיווק,,,"י""ח",2.50,"ל 100 מ""ל",false,1,10.90,4.36,true,1,
8858271004300,false,"רוטב טריאקי 700מ""ל",מזרח ומערב יבוא ושיווק,,,"י""ח",7,"ל 100 מ""ל",false,1,19.90,2.84,false,1,
8858271004799,false,"רוטב צ`ילי מתוק  700מ""ל ALL PURPSES",מזרח ומערב יבוא ושיווק,,,"י""ח",7,"ל 100 מ""ל",false,1,12.90,1.84,false,1,
8858271005451,false,"רוטב סויה פורמולה 1 250מ""ל",מזרח ומערב יבוא ושיווק,,,"י""ח",2.50,"ל 100 מ""ל",false,1,10.90,4.36,true,1,
8888021200256,false,סוללות אנרגייזר שמינייה AA,דנשר (1963) בעמ,,,"י""ח",1,,false,1,27.90,27.90,false,1,
8901138500306,false,משחת שניים 100גר המלאיה,שקד תבל בעמ,,,"י""ח",1,"ל 100 מ""ל",false,1,16.90,16.90,true,1,
8901537024014,false,"אורז  בסמטי 1ק""ג DAAWAT",ג.וילי פוד אינטרנשיונל בעמ,,,"י""ח",1,"ק""ג",false,1,12.90,12.90,true,1,
8934878081811,false,"דפי אורז 22ס""מ 400גר מזרח ומערב",מזרח ומערב יבוא ושיווק,,,"י""ח",4,ל 100 גרם,false,1,14.90,3.73,true,1,
8938505846019,false,דפי אורז עגולים  250ג,*347340,,,"י""ח",2.50,ל 100 גרם,false,1,9.90,3.96,false,1,
9000100760591,false,פה רול פור מאן,הנקל סוד בעמ,,,"י""ח",0.50,"ל 100 מ""ל",false,1,10.90,21.80,true,1,
9000101380255,false,פרסיל דיסקס לכביסה 22יח,גורי שיווק בעמ,,,"י""ח",22,"י""ח",false,1,34.90,1.59,false,1,
9000101418163,false,ברף סבון אסלה בניחוח תפוח ירוק-נופר,גורי שיווק בעמ,,,"י""ח",0.50,"ל 100 מ""ל",false,1,17.90,35.80,false,1,
9000101515596,false,פרסיל 56 קפסולות לכביסה צבעונית,גורי שיווק בעמ,,,"י""ח",56,"י""ח",false,1,54.90,0.98,false,1,
9000101520965,false,ברף סבון אסלה בניחוח לוטוס עדין,גורי שיווק בעמ,,,"י""ח",0.50,"ל 100 מ""ל",false,1,17.90,35.80,false,1,
9001616692857,false,בקבוק אימון 220 מ``ל מאמ בנים,אלפא קוסמטיקה,,,"י""ח",1,,false,1,34.90,34.90,false,1,
9001616702785,false,זוג מוצצים בנות  בעברית 6+,אלפא קוסמטיקה,,,"י""ח",1,,false,1,34.90,34.90,false,1,
9001616702877,false,זוג מוצצים בנות  מקסי אולטי 16+,אלפא קוסמטיקה,,,"י""ח",1,,false,1,34.90,34.90,false,1,
9005835312732,false,נוזל הברקה למדיח קלרו,"יעקב יעקבי ובניו בע""מ",,,"י""ח",1,"י""ח",false,1,10,10,true,1,
9005835312756,false,נוזל לניקוי יסודי למדיח קלרו,"יעקב יעקבי ובניו בע""מ",,,"י""ח",1,"י""ח",false,1,10,10,true,1,
9120025839896,false,חטיף מילקה מצונן 128ג,ג.וילי פוד אינטרנשיונל בעמ,,,"י""ח",1.28,ל 100 גרם,false,1,14.90,11.64,false,1,
9120097310545,false,חטיף מיני מיניונים מצונן 102.5ג,ג.וילי פוד אינטרנשיונל בעמ,,,"י""ח",1.02,ל 100 גרם,false,1,14.90,14.61,false,1,
9120097310583,false,חטיף שוקו בננה מיניונים מצונן 108ג,ג.וילי פוד אינטרנשיונל בעמ,,,"י""ח",1.08,ל 100 גרם,false,1,14.90,13.80,false,1,
9310072028750,false,טים טם דאבל 200ג,מ.סידס ובנו בעמ,,,"י""ח",2,ל 100 גרם,false,1,20.90,10.45,false,1,
9310088007015,false,פיוז אולטימייט,קימברלי קלארק ישראל שיווק בעמ,,,"י""ח",1,,false,1,17.90,17.90,true,1,
9720188050109,false,ממרח גבינה טופוט,*החברה המרכזית להפצת משקאותבעמ,,,"י""ח",2.27,ל 100 גרם,false,1,21.10,9.30,false,1,
9720188060108,false,שמנת טופו,*החברה המרכזית להפצת משקאותבעמ,,,"י""ח",3.40,ל 100 גרם,false,1,21.10,6.21,false,1,
9771565025005,false,מעריב עיתון שישי.,ג רוזלם פוסט בעמ,,,"י""ח",1,,false,1,5,5,true,1,
9771565038340,false,ידיעות אחרונות יום ד,ידיעות אחרונות בעמ,,,"י""ח",1,,false,1,2,2,false,1,
9771565051066,false,ידיעות אחרונות שבת ו,ידיעות אחרונות בעמ,,,"י""ח",1,,false,1,12.90,12.90,true,1,
72900115334050,true,סלרי,ביכורי השדה צפון 1994 ג.ד. בעמ,,,"י""ח",1,,false,1,6.90,6.90,true,1,
72901008010259,true,אפרסמון,ביכורי השדה צפון 1994 ג.ד. בעמ,,,"ק""ג",1,"ק""ג",true,1,11.90,11.90,false,1,
