code,internal_code,name,manufacturer_name,manufacture_country,manufacturer_item_description,unit_qty,quantity,unit_of_measure,weighted,qty_in_package,price,unit_of_measure_price,allow_discount,status,item_id
40144061,false,חטיף וופל קנופרס 25 גרם,שטורק,DE,חטיף וופל,גרמים,25.00,100 גרם,false,1,3.60,14.40,true,1,
42138129,false,וינסטון סופר סלמס מנטל ח,jti,CH,וינסטון ס.ס מנטו,יחידה,1.00,יחידה,false,0,31.00,31.00,false,1,
72940761,false,"מילקי בטעם שוקולד 170מ""ל","שטראוס גרופ בע""\מ",IL,מילקי טעם שוקולד,מיליליטרים,170.00,"100 מ""ל",false,0,2.90,1.71,true,1,
72963753,false,שמ.של פעם חמוצה27% 200ג,תנובה,IL,שמנת חמוצה תנובה,גרמים,200.00,100 גרם,false,0,4.00,2.00,true,1,
72986370,false,"גל.וניל צרפתי כשל""פ",מוצרי איכות אמריקאיים,IL,גלידה בן & ג'ריס,מיליליטרים,500.00,"100 מ""ל",false,0,23.90,4.78,true,1,
72986455,false,גלידת שוקולד פאדג'אגוזים,מוצרי איכות אמריקאיים בע,IL,גלידה בן & ג'ר,מיליליטרים,500.00,"100 מ""ל",false,0,23.90,4.78,true,1,
80050124,false,טיק טק סוכריות מנטה16גרם,פררו,ZA,סוכריות טיק טק,גרמים,16.00,100 גרם,false,0,3.50,21.88,true,1,
16000185517,false,דגני פייבר וואן 555 גרם,ג'\נרל מילס,US,דגני פייבר וואן,גרמים,555.00,100 גרם,false,1,26.90,4.85,true,1,
36000516876,false,קלינקס לושן 3 שכבות 75יח,חוגלה קימברלי,US,קלינקס לושן,יחידה,1.00,יחידה,false,1,12.90,12.90,true,1,
36000516890,false,קלינקס לושן 3 שכבות120יח,חוגלה קימברלי,US,קלינקס לושן,יחידה,1.00,יחידה,false,1,19.90,19.90,true,1,
38527591060,false,דגנים מרובעים קוואקר412ג,קוואקר אוטס קומפני,US,דגנים מרובעים,גרמים,412.00,100 גרם,false,0,22.70,5.51,true,1,
40000514480,false,עדשי מ&מ'ס שוקולד 48 גרם,מרס,US,עדשי מ&מ'ס,גרמים,48.00,100 גרם,false,1,5.50,11.46,true,1,
82184090510,false,"וויסקי ג'ק דניאלס 375מ""ל",בראון פורמן,US,וויסקי ג'ק דניאל,מיליליטרים,375.00,"100 מ""ל",false,1,84.90,22.64,true,1,
89397344348,false,רוטב פסטה,,US,רוטב פסטה,גרמים,737.00,100 גרם,false,0,17.90,2.43,true,1,
693493014267,false,מארז אבוקדו בשל יחידה,"מור בריאות בע""מ",IL,אבוקדו בשל,יחידה,1.00,יחידה,false,1,10.90,10.90,true,1,
768404001640,false,"גלידה בטעם קפה 500 מ""ל",מוצרי איכות אמריקאיים בע,IL,גלידת בן & ג'ריס,מיליליטרים,500.00,"100 מ""ל",false,0,23.90,4.78,true,1,
856591000062,false,עוגיות מזרחיות מלח400גרם,מאפיית יוסף ושמחה עבאדי,IL,עוגיות מזרחיות,גרמים,400.00,100 גרם,false,0,19.70,4.93,true,1,
4000417025005,false,שוק.ריטר עם מרציפן 100גר,אלפרד ריטר,DE,שוקולד ריטר,גרמים,100.00,100 גרם,false,0,9.90,9.90,true,1,
4009900536486,false,אורביט רפרשרס באבלמינט67,ריגלי פולין,PL,אורביט רפרשרס,גרמים,67.00,100 גרם,false,1,13.00,19.40,true,1,
4014400901191,false,בונבוניירה מרסי 250 גרם,אוגוסט שטורק,DE,בונבוניירת מרסי,גרמים,250.00,100 גרם,false,0,29.90,11.96,true,1,
4015600763251,false,שמפו הד&שולדרס קלאסי600מ,פרוקטר אנד גמבל,RO,שמפו הד&שולדרס,מיליליטרים,600.00,"100 מ""ל",false,0,28.70,4.78,true,1,
5000157143365,false,מתבל ט.מיונז וקטשופ425גר,"פודליצקי ספ.ז.או.או,",PL,מתבל ט.מיונז,גרמים,425.00,100 גרם,false,1,15.90,3.74,true,1,
5014271360423,false,מעד.תפוז ללא תוס.סוכר284,סאן דלפור - שמבור,FR,מעדן תפוזים,גרמים,284.00,100 גרם,false,0,20.90,7.36,true,1,
5201940010110,false,זיתים שחורים,,GR,זיתים שחורים,גרמים,454.00,100 גרם,false,0,17.90,3.94,true,1,
5601008200444,false,עוג.גודיס שוקולד חלב150ג,"ש. שסטוביץ בע""\מ",PT,עוגיות גודיס,גרמים,150.00,100 גרם,false,0,7.90,5.27,true,1,
5740900403215,false,ממרח לורפק עם מלח 250 גר,ארלה פודס אמבה,DK,ממרח לורפק,גרמים,250.00,100 גרם,false,1,17.90,7.16,true,1,
5740900403239,false,ממרח לורפק ללא מלח 250 ג,ארלה פודס אמבה,DK,ממרח לורפק,גרמים,250.00,100 גרם,false,1,17.90,7.16,true,1,
5740900403864,false,לורפק חמאה עם מלח 200 גר,ארלה פודס אמבה,DK,חמאת לורפק,גרמים,200.00,100 גרם,false,1,12.90,6.45,true,1,
5900020037916,false,צ'יריוס שיבולת שועל375גר,סי פי פולין,PL,צ'יריוס שיבולת,גרמים,375.00,100 גרם,false,1,16.90,4.51,true,1,
5900627063233,false,פיניש AIO הכל ב1 50 טב',רקיט בנקיזר,PL,פיניש AIO,יחידה,1.00,יחידה,false,1,39.90,39.90,true,1,
6935325410118,false,שום יבוא,קטיף.,XX,שום יבוא,גרמים,190.00,100 גרם,false,0,6.90,3.63,true,1,
7271730901261,false,ארוחת אטריות,,US,ארוחת אטריות,גרמים,156.00,100 גרם,false,0,11.80,7.56,true,1,
7290000000022,true,עגבניה,קטיף.,IL,עגבניה,קילוגרמים,0.00,"ק""ג",true,0,8.90,8.90,true,1,
7290000000046,true,מלפפון,קטיף.,IL,מלפפונים,קילוגרמים,0.00,"ק""ג",true,0,7.90,7.90,true,1,
7290000000053,true,קישואים,קטיף.,IL,קישואים,קילוגרמים,0.00,"ק""ג",true,0,9.90,9.90,true,1,
7290000000091,true,פלפל אדום,קטיף.,IL,פלפל אדום,קילוגרמים,0.00,"ק""ג",true,0,12.90,12.90,true,1,
7290000000114,true,חציל,קטיף.,IL,חצילים,קילוגרמים,0.00,"ק""ג",true,0,9.90,9.90,true,1,
7290000000138,true,כרוב לבן,קטיף.,IL,כרוב לבן,קילוגרמים,0.00,"ק""ג",true,0,4.90,4.90,true,1,
7290000000176,true,כרובית,קטיף.,IL,כרובית,קילוגרמים,0.00,"ק""ג",true,0,12.90,12.90,true,1,
7290000000480,true,בצל יבש,קטיף.,IL,בצל יבש,קילוגרמים,0.00,"ק""ג",true,0,4.90,4.90,true,1,
7290000000534,true,סלרי ראש,---,IL,סלרי ראש,יחידה,1.00,יחידה,false,0,6.90,6.90,true,1,
7290000000541,true,שורש  פטרוזיליה,---,IL,שורש,יחידה,1.00,יחידה,false,0,6.90,6.90,true,1,
7290000000596,true,תפוח אדמה לבן תפזורת,קטיף.,IL,תפוח אדמה תפזורת,קילוגרמים,0.00,"ק""ג",true,0,5.90,5.90,true,1,
7290000000794,true,סלרי קצוץ יחידה,יראון עבודות חקלאיות,IL,גבעולי סלרי,יחידה,1.00,יחידה,false,0,6.90,6.90,true,1,
7290000001661,true,גזר תפזורת,קטיף.,IL,גזר תפזורת,קילוגרמים,0.00,"ק""ג",true,0,5.90,5.90,true,1,
7290000002040,true,חלה רגילה 500 גרם,מאפית ברמן,IL,חלה רגילה,גרמים,500.00,100 גרם,false,0,5.17,1.03,true,1,
7290000023809,false,"ברקן קלאסיק קברנה 750מ""ל",יקבי ברקן שיווק והפצה בע,IL,קברנה קלאסיק,מיליליטרים,750.00,"100 מ""ל",false,0,35.90,4.79,true,1,
7290000040042,false,יוגורט יופלה תות3% 150גר,תנובה בעמ,IL,יופלה תות 3%,גרמים,150.00,100 גרם,false,0,5.20,3.47,true,1,
7290000040080,false,יוגורט יופלה אפרסק3% 150,תנובה בעמ,IL,יופלה אפרסק3%,גרמים,150.00,100 גרם,false,0,5.20,3.47,true,1,
7290000041858,false,שמנת חמוצה15% מועשרת200,מחלבת יטבתה,IL,שמנת חמוצה יטבתה,מיליליטרים,200.00,"100 מ""ל",false,0,2.40,1.20,true,1,
7290000043111,false,חמאה 200 גרם,תנובה,IL,חמאה תנובה,גרמים,200.00,100 גרם,false,0,7.80,3.90,true,1,
7290000043890,false,רויון 1.5% בקרטון 1ל,תנובה,IL,רויון בקרטון1.5%,ליטרים,1.00,ליטר,false,0,11.30,11.30,true,1,
7290000043944,false,יוגורט בכד 4% 1.5 ל',מחלבת אלון תבור,IL,יוגורט בכד 4%,ליטרים,1.50,ליטר,false,0,16.80,11.20,true,1,
7290000048185,false,גב.לבנה רכה 5% שומן 250ג,מחלבת אלון תבור,IL,גבינה לבנה 5%,גרמים,250.00,100 גרם,false,0,4.75,1.90,true,1,
7290000048192,false,גב.לבנה רכה 9% 250 גרם,מחלבת אלון תבור,IL,גבינה לבנה 9%,גרמים,250.00,100 גרם,false,0,4.80,1.92,true,1,
7290000052311,false,עמק 15% פרוס בקופסא 200ג,תנובה,IL,עמק 15% פרוס,גרמים,200.00,100 גרם,false,0,16.40,8.20,true,1,
7290000055893,false,חמאה מהדרין 200 גרם,---,IL,חמאה מהדרין,גרמים,200.00,100 גרם,false,0,7.80,3.90,true,1,
7290000057088,false,גבינת עמק דק דק 28% 200ג,תנובה,IL,עמק דק28% 200גרם,גרמים,200.00,100 גרם,false,0,16.40,8.20,true,1,
7290000057149,false,יוגורט תנובה 3% 200 גרם,מחלבת אלון תבור,IL,יוגורט תנובה 3%,גרמים,200.00,100 גרם,false,0,3.20,1.60,true,1,
7290000060217,false,פסטה מקרוני 7 500 גרם,פסטה זארה,IT,פסטה מקרוני 7,גרמים,500.00,100 גרם,false,0,6.50,1.30,true,1,
7290000060828,false,פסטה קרניים בינוניות500ג,פסטה זארה,IT,פסטה קרניים,גרמים,500.00,100 גרם,false,0,6.50,1.30,true,1,
7290000060880,false,פסטה ספגטי מס 8 אסם 500ג,פסטה זארה,IT,ספגטי מס' 8,גרמים,500.00,100 גרם,false,0,6.50,1.30,true,1,
7290000060965,false,אטריות רחבות 400 גרם,"אסם השקעות בע""\מ",IL,אטריות רחבות,גרמים,400.00,100 גרם,false,0,7.50,1.88,true,1,
7290000061245,false,עוג.שוקוצ'יפס ממולאות220,"אסם השקעות בע""\מ",IL,עוגיות ש.צ'יפס,גרמים,220.00,100 גרם,false,0,12.30,5.59,true,1,
7290000063140,false,שקדי מרק רכיבים טבעי400ג,"אסם השקעות בע""מ",IL,שקדי מרק אסם,גרמים,400.00,100 גרם,false,0,12.90,3.23,true,1,
7290000066141,false,ביסלי גריל 70 גרם,"אסם השקעות בע""\מ",IL,ביסלי גריל,גרמים,70.00,100 גרם,false,0,4.50,6.43,true,1,
7290000066295,false,במבה מתוקה 30 גרם,"אסם השקעות בע""\מ",IL,במבה מתוקה,גרמים,30.00,100 גרם,false,0,2.90,9.67,true,1,
7290000066349,false,אפרופו 100 גרם,"אסם השקעות בע""\מ",IL,אפרופו חטיף תירס,גרמים,100.00,100 גרם,false,0,9.30,9.30,true,1,
7290000066431,false,פופקו בטעם חמאה ודבש80גר,"אסם השקעות בע""\מ",IL,חטיף פופקו,גרמים,80.00,100 גרם,false,0,5.50,6.88,true,1,
7290000068787,false,"במבה יום הולדת 25ג בד""צ","אסם השקעות בע""\מ",IL,במבה יום הולדת,גרמים,25.00,100 גרם,false,0,2.50,10.00,true,1,
7290000072623,false,קטשופ בקבוק לחיץ 750 גרם,"אסם השקעות בע""מ",IL,קטשופ בקבוק לחיץ,גרמים,750.00,100 גרם,false,0,12.50,1.67,true,1,
7290000112220,false,טחינה גולמית 100% 500 גר,"רושדי תעשיות מזון בע""\מ",IL,טחינה גולמית,גרמים,500.00,100 גרם,false,0,15.90,3.18,true,1,
7290000112619,false,מרק עוף קנור 400 גרם,יוניליוור ישראל מזון בע\,IL,מרק עוף אמיתי,גרמים,400.00,100 גרם,false,0,22.90,5.73,true,1,
7290000120874,false,מיונז הלמנס לייט 424 גרם,יוניליוור,US,מיונז הלמנס,גרמים,424.00,100 גרם,false,0,12.80,3.02,true,1,
7290000121093,false,גב.מון בלן ט.שויצרי 120ג,נטו,IL,גבינת מון בלאן,גרמים,120.00,100 גרם,false,0,12.90,10.75,true,1,
7290000130255,false,קמח מצה 500 גר בשקית פסח,מצות אביב 2014 מאפה בעמ,IL,קמח מצה בשקית,גרמים,500.00,100 גרם,false,0,6.90,1.38,true,1,
7290000136653,false,בירה נשר מאלט דיאט 1.5 ל,"טמפו משקאות בע""\מ",IL,נשר מאלט דיאט,ליטרים,1.50,ליטר,false,0,9.50,6.33,true,1,
7290000136790,false,סודה טמפו 1.5*6 ליטר,"טמפו משקאות בע""\מ",IL,סודה טמפו1.5*6ל,ליטרים,9.00,ליטר,false,0,19.70,2.19,true,1,
7290000136806,false,סודה למון ליים 1.5*4ליטר,טמפו משקאות בעמ,IL,סודה למון1.5*4ל,ליטרים,6.00,ליטר,false,0,13.00,2.17,true,1,
7290000136868,false,מים מינרל.סאן בנדטו1.5*6,אקווה מינרלה סאן בנדטו ב,IT,סאן בנדטו1.5*6ל,ליטרים,9.00,ליטר,false,0,20.90,2.32,true,1,
7290000137513,false,גלידונית וניל 60יח 630גר,"גלידת שטראוס בע""\מ, רחוב",IL,גלידונית,גרמים,630.00,100 גרם,false,0,49.90,7.92,true,1,
7290000143200,false,מרכך הוואי לשיער יבש700מ,טרופיקל דגיל,IL,מרכך שיער הוואי,מיליליטרים,700.00,"100 מ""ל",false,0,10.90,1.56,true,1,
7290000143217,false,שמפו הוואי שיער יבש 700מ,טרופיקל דגיל,IL,שמפו הוואי,מיליליטרים,700.00,"100 מ""ל",false,0,10.90,1.56,true,1,
7290000143286,false,"הוואי מרכך ירוק 700 מ""ל",טרופיקל דגיל,IL,מרכך הוואי,מיליליטרים,700.00,"100 מ""ל",false,0,10.90,1.56,true,1,
7290000176062,false,קפה טורקי בצלופן 100 גרם,שטראוס קפה בי.ויn\.,IL,קפה טורקי בצלופן,גרמים,100.00,100 גרם,false,0,9.50,9.50,true,1,
7290000176420,false,קפה נמס 200 גרם,שטראוס קפה בי.וי,IL,קפה נמס,גרמים,200.00,100 גרם,false,0,21.90,10.95,true,1,
7290000190150,false,מפיות 3 שכבתיות מעוצבות,---,SI,מפיות תלת שכבתי,יחידה,1.00,יחידה,false,0,7.90,7.90,true,1,
7290000195216,false,נייר אפיה ניקול,---,IL,נייר אפיה,יחידה,1.00,יחידה,false,0,11.90,11.90,true,1,
7290000209371,false,תירס גרעינים 165*3 גרם,"זנלכל בע""\מ",IL,תירס גרעינים 3יח,גרמים,495.00,100 גרם,false,1,12.90,2.61,true,1,
7290000211442,false,"אורז פרסי קלאסי 1ק""ג","סוגת תעשיות בע""\מ",IL,אורז פרסי קלאסי,קילוגרמים,1.00,"ק""ג",false,0,10.90,10.90,true,1,
7290000238180,false,"בורקס תפו""א 800 גרם","מעדנות בע""\מ",IL,"בורקס תפו""א קפוא",גרמים,800.00,100 גרם,false,0,21.70,2.71,true,1,
7290000267029,false,שקד מולבן חצוי100ג'שקדיה,שקדיה,IL,שקד מולבן חצוי,גרמים,100.00,100 גרם,false,0,13.80,13.80,true,1,
7290000289601,false,סנו ג'אוול לבנדר 2 ליטר,"סנו מפעלי ברונוס בע""מ",IL,סנו ג'אוול,ליטרים,2.00,ליטר,false,0,13.60,6.80,true,1,
7290000292311,false,פוליויקס סחלבים 2 ליטר,"סנו מפעלי ברונוס בע""\מ",IL,סנו פוליויקס,ליטרים,2.00,ליטר,false,0,26.00,13.00,true,1,
7290000292687,false,סנובון כחול שלישיה55*3גר,סנו מפעלי ברונו בעמ,IL,סנובון כחול 3 יח,גרמים,165.00,100 גרם,false,0,17.90,10.85,true,1,
7290000347752,false,תה ירוק+לימונ.ולואיזה25ש,ויסוצקי,IL,תה ירוק לימונית,גרמים,37.00,100 גרם,false,0,24.90,67.29,true,1,
7290000408316,false,יוגורט ביו 3% דנונה 200ג,"שטראוס בריאות בע""\מ",IL,יוגורט ביו 3%,גרמים,200.00,100 גרם,false,0,3.70,1.85,true,1,
7290000416021,false,ממרח בטעם שוקולד 500גר,השחר העולה,IL,ממרח השחר,גרמים,500.00,100 גרם,false,0,14.90,2.98,true,1,
7290000419107,false,קפה שחור לנדוור 100 גרם,"קפה לנדוור בע""\מ",IL,קפה שחור לנדוור,גרמים,100.00,100 גרם,false,0,9.90,9.90,true,1,
7290000419893,false,קפה לנדור לבוקר טחון100ג,"קפה לנדוור בע""\מ",IL,קפה שחור לבוקר,גרמים,100.00,100 גרם,false,0,9.90,9.90,true,1,
7290000446547,false,חמאת בוטנים,,IL,חמאת בוטנים,גרמים,350.00,100 גרם,false,0,14.90,4.26,true,1,
7290000480107,false,קוואקר שיבולת שועל פח500,קואקר אוטס,GB,קוואקר שיבולת,גרמים,500.00,100 גרם,false,0,15.00,3.00,true,1,
7290000482071,false,קוקי שקיות אפיה 20 יחי,"ש. שסטוביץ בע""\מ",IL,קוקי שקיות אפיה,יחידה,1.00,יחידה,false,0,19.90,19.90,true,1,
7290000497044,false,לחם ברמן אקטיב 750 גרם,"י.את.א.ברמן בע""\מ",IL,לחם ברמן אקטיב,גרמים,750.00,100 גרם,false,0,17.50,2.33,true,1,
7290000497204,false,פיתות בשקית 100*5 גרם,"י.את.א.ברמן בע""\מ",IL,פיתות ברמן 5 יח,גרמים,500.00,100 גרם,false,0,9.50,1.90,true,1,
7290000497228,false,לחמניות רגילות 75*6 גרם,"י.את.א.ברמן בע""\מ",IL,6 לחמניות בשקית,גרמים,450.00,100 גרם,false,0,12.50,2.78,true,1,
7290000497273,false,לחמניות אקטיב 75*6 גרם,"י.את.א.ברמן בע""\מ",IL,6 לחמניות אקטיב,גרמים,450.00,100 גרם,false,1,14.50,3.22,true,1,
7290000497303,false,לחמניות מקמח מלא 75*6 גר,"י.את.א.ברמן בע""\מ",IL,6לחמניות קמח מלא,גרמים,450.00,100 גרם,false,0,13.50,3.00,true,1,
7290000497426,false,לחם ברמן לעניין פלוס500ג,"י.את.א.ברמן בע""\מ",IL,לחם ברמן לעניין+,גרמים,500.00,100 גרם,false,0,16.50,3.30,true,1,
7290000497570,false,לחם דגנים פלוס 500 גרם,"י.את.א.ברמן בע""\מ",IL,לחם דגנים פלוס,גרמים,500.00,100 גרם,false,0,16.50,3.30,true,1,
7290000498058,false,חלה חלומית כוסמין 500 גר,"י.את.א.ברמן בע""\מ",IL,חלה כוסמין,גרמים,500.00,100 גרם,false,1,17.90,3.58,true,1,
7290000521008,false,יין אדום יבש של סגל750מל,"כרמי צבי - אחים סגל בע""\",IL,יין סגל אדום,מיליליטרים,750.00,"100 מ""ל",false,0,22.00,2.93,true,1,
7290000537566,false,נקניקיות עוף 400 גרם,זוגלובק,IL,נקניקיות עוף,גרמים,400.00,100 גרם,false,0,13.90,3.48,true,1,
7290000907949,true,משקה מצונן 500מל,,,משקה מצונן 500מל,מיליליטרים,500.00,"100 מ""ל",false,0,8.50,1.70,true,1,
7290000963136,true,תפוח עץ מוזהב 65,קטיף.,XX,תפוח עץ מוזהב,קילוגרמים,0.00,"ק""ג",true,0,11.90,11.90,true,1,
7290000963297,true,תפוח עץ סטרקינג 65,קטיף.,XX,תפוח סטרקינג,קילוגרמים,0.00,"ק""ג",true,0,11.90,11.90,true,1,
7290000963518,true,תפוח עץ סמיט 70,קטיף.,XX,תפוח עץ סמיט,קילוגרמים,0.00,"ק""ג",true,0,11.90,11.90,true,1,
7290000963952,true,נקטרינה 50,קטיף.,IL,נקטרינה,קילוגרמים,0.00,"ק""ג",true,0,14.90,14.90,true,1,
7290000964027,true,אפרסק 55,קטיף.,,אפרסק,קילוגרמים,0.00,"ק""ג",true,0,10.90,10.90,true,1,
7290000964492,true,לימון תפזורת,קטיף.,IL,לימון,קילוגרמים,0.00,"ק""ג",true,0,6.90,6.90,true,1,
7290000965024,true,אבטיח בקרטון,קטיף.,IL,אבטיח,קילוגרמים,0.00,"ק""ג",true,0,3.90,3.90,true,1,
7290000965031,true,אבטיח במיכל,קטיף.,IL,אבטיח,קילוגרמים,0.00,"ק""ג",true,0,3.90,3.90,true,1,
7290000965055,true,מלון מובחר,קטיף.,IL,מלון מובחר,קילוגרמים,0.00,"ק""ג",true,0,5.90,5.90,true,1,
7290000965116,true,משמש,קטיף.,IL,משמש,קילוגרמים,0.00,"ק""ג",true,0,20.90,20.90,true,1,
7290000965178,true,שזיף מטלי 40,קטיף.,IL,שזיף מטלי,קילוגרמים,0.00,"ק""ג",true,0,23.90,23.90,true,1,
7290000967684,true,בננה מובחרת,קטיף.,IL,בננה מובחרת,קילוגרמים,0.00,"ק""ג",true,0,7.90,7.90,true,1,
7290000993744,true,אבטיח גולי בארגזים,קטיף.,IL,אבטיח גולי,קילוגרמים,0.00,"ק""ג",true,0,3.90,3.90,true,1,
7290001230234,false,כאמל צהוב סופט חפ,jti,CH,כאמל צהוב סופט,יחידה,1.00,יחידה,false,0,31.00,31.00,false,1,
7290001407547,false,טחינה פי 6 שומש.מלא 500ג,"רושדי תעשיות מזון בע""\מ",IL,טחינה שומשום מלא,גרמים,500.00,100 גרם,false,1,17.90,3.58,true,1,
7290001817728,false,צ'יטוס כאפה 55 גרם,"שטראוס פריטו ליי בע""\מ )",IL,צ'יטוס כפאה,גרמים,55.00,100 גרם,false,0,3.60,6.55,true,1,
7290002057451,false,מלפפונים בחומץ 7-9 540גר,קבוצת יבנה מוצרי מזון,IL,מלפפונים בחומץ,גרמים,540.00,100 גרם,false,0,7.60,1.41,true,1,
7290002204213,false,דובדבן אדום ארוז,בראשית,IL,דובדבן אדום,גרמים,0.00,"ק""ג",true,0,50.00,50.00,true,1,
7290002327059,false,"בצק עלים 1 ק""ג",אופרה,IL,בצק עלים מרודד,קילוגרמים,1.00,"ק""ג",false,0,22.90,22.90,true,1,
7290002331360,false,נביעות פקק טו גו 500*6מל,נביעות טבע,IL,נביעות ספורט 6יח,ליטרים,3.00,ליטר,false,0,17.90,5.97,true,1,
7290002752332,false,סוכ.מנטוס טעם פירות37.5ג,מנטוס,NL,סוכריות מנטוס,גרמים,37.00,100 גרם,false,0,4.00,10.81,true,1,
7290002824183,false,גב.סקי משפחתי5%שומן500ג,"שטראוס בריאות בע""\מ",IL,גבינת סקי 5%,גרמים,500.00,100 גרם,false,0,9.50,1.90,true,1,
7290003321155,false,דנונה בר פקאן 183 גרם,"שטראוס בריאות בע""\מ",IL,דנונה בר פקאן,גרמים,183.00,100 גרם,false,0,4.80,2.62,true,1,
7290003643004,false,אורז בסמטי קלאסי בשקית1ק,"סוגת תעשיות בע""\מ",IL,אורז בסמטי קלאסי,קילוגרמים,1.00,"ק""ג",false,0,14.90,14.90,true,1,
7290003643646,false,"סוכר דמררה צנצנת 1 ק""ג","סוגת תעשיות בע""\מ",IL,סוכר דמררה,קילוגרמים,1.00,"ק""ג",false,0,14.20,14.20,true,1,
7290003643714,false,חומוס 500 גרם,"סוגת תעשיות בע""\מ",IL,חומוס,גרמים,500.00,100 גרם,false,0,8.90,1.78,true,1,
7290003643752,false,עדשים ירוקות 500 גרם,"סוגת תעשיות בע""\מ",IL,עדשים ירוקות,גרמים,500.00,100 גרם,false,0,8.50,1.70,true,1,
7290003643776,false,פופקורן 500 גרם,"סוגת תעשיות בע""\מ",IL,פופקורן 500 גרם,גרמים,500.00,100 גרם,false,0,6.80,1.36,true,1,
7290003643806,false,שעועית לבנה 500 גרם,"סוגת תעשיות בע""\מ",IL,שעועית לבנה,גרמים,500.00,100 גרם,false,0,13.80,2.76,true,1,
7290004078270,false,פלמוליב לכלים לימון1ליטר,קולגייט פלמוליב,GR,פלמוליב לכלים,ליטרים,1.00,ליטר,false,0,14.90,14.90,true,1,
7290004120061,false,"מעדן קרלו שוניל3% 125מ""ל",מחלבת אלון תבור,IL,מעדן קרלו שוניל,גרמים,125.00,100 גרם,false,0,3.10,2.48,true,1,
7290004120108,false,יופלה דובדבן 0% 150 גרם,תנובה בעמ,IL,יופלה דיאט 0%,גרמים,150.00,100 גרם,false,0,5.20,3.47,true,1,
7290004122119,false,פתיתי פרמזן לפסטה 100גרם,תנובה,IL,פתיתי פרמזן,גרמים,100.00,100 גרם,false,0,13.90,13.90,true,1,
7290004122348,false,גבינת עמק 9% פרוס 200 גר,תנובה,IL,גבינת עמק 9%,גרמים,200.00,100 גרם,false,0,16.80,8.40,true,1,
7290004124205,false,יופלה דיאט תות0% 150 גר,תנובה בעמ,IL,יופלה דיאט תות0%,גרמים,150.00,100 גרם,false,0,5.20,3.47,true,1,
7290004125370,false,שמנת חמוצה 9% שומן 200מל,תנובה,IL,שמנת חמוצה 9%,מיליליטרים,200.00,"100 מ""ל",false,0,3.70,1.85,true,1,
7290004125417,false,"גיל 3% מהדרין 200מ""ל",תנובה,IL,גיל לבן 3%שומן,מיליליטרים,200.00,"100 מ""ל",false,0,1.44,0.72,true,1,
7290004125455,false,שמנת תנובה 15%שומן200מל,תנובה,IL,שמנת תנובה 15%,מיליליטרים,200.00,"100 מ""ל",false,0,2.28,1.14,true,1,
7290004125578,false,משקה סויה 1 ליטר,סוי מג'יק,IL,משקה סויה,ליטרים,1.00,ליטר,false,0,11.90,11.90,true,1,
7290004125585,false,משקה סויה בטעם וניל 1 לי,סוי מג'יק,IL,משקה סויה וניל,ליטרים,1.00,ליטר,false,0,11.90,11.90,true,1,
7290004125721,false,שמנת בישול-15%שף לבן250מ,תנובה,IL,שמנת לבישול15%,מיליליטרים,250.00,"100 מ""ל",false,0,8.30,3.32,true,1,
7290004125738,false,שמנת להקצפה-32%שף לבן250,תנובה,IL,שמנת להקצפה32%,מיליליטרים,250.00,"100 מ""ל",false,0,6.90,2.76,true,1,
7290004125776,false,גב.עמק פרוס 28%קופסא400ג,תנובה,IL,גבינת עמק פרוס,גרמים,400.00,100 גרם,false,0,30.30,7.58,true,1,
7290004126674,false,גבינה טל העמק לייט 200גר,תנובה,IL,גבינה טל העמק,גרמים,200.00,100 גרם,false,0,18.80,9.40,true,1,
7290004127329,false,קוטג' 5% 250 גרם בעלז,מחלבת אלון תבור,IL,קוטג' תנובה 5%,גרמים,250.00,100 גרם,false,0,5.70,2.28,true,1,
7290004127336,false,קוטג' תנובה 9% שומן 250ג,מחלבת אלון תבור,IL,קוטג' תנובה 9%,גרמים,250.00,100 גרם,false,0,5.70,2.28,true,1,
7290004127800,false,גב.לבנה 5% שומן 500 גרם,מחלבת אלון תבור,IL,גבינה לבנה 5%,גרמים,500.00,100 גרם,false,0,9.50,1.90,true,1,
7290004129101,false,גב.נפולאון טעם טבעי 225ג,מחלבת אלון תבור,IL,גבינת נפוליאון,גרמים,225.00,100 גרם,false,0,15.00,6.67,true,1,
7290004130794,false,משקה סויה במתיקות מופחתת,סוי מג'יק,IL,משקה סויה,ליטרים,1.00,ליטר,false,0,11.50,11.50,true,1,
7290004133900,false,קצפת צמחית השף הלבן250מל,סוי מג'יק,IL,קצפת צמחית,מיליליטרים,250.00,"100 מ""ל",false,0,9.40,3.76,true,1,
7290004225285,false,בסגנון דנאבלו,,DK,בסגנון דנאבלו,גרמים,100.00,100 גרם,false,0,12.90,12.90,true,1,
7290004603175,false,מלח ים גס 500 גרם,"חברת מלח הארץ אילת בע""\מ",IL,מלח ים גס,גרמים,500.00,100 גרם,false,0,8.40,1.68,true,1,
7290004685430,false,לחם הארץ כוסמין100% 500ג,"י.את.א.ברמן בע""\מ",IL,לחם הארץ כוסמין,גרמים,500.00,100 גרם,false,1,17.90,3.58,true,1,
7290004737900,false,חלב כחוש מרוכז,,LT,חלב כחוש מרוכז,גרמים,397.00,100 גרם,false,0,8.90,2.24,true,1,
7290005201882,false,קפה טורקי בצלופן 200 גרם,שטראוס קפה בי.ויn\.,IL,קפה טורקי בצלופן,גרמים,200.00,100 גרם,false,0,15.90,7.95,true,1,
7290005287251,false,טונה סטארקיסט במים160*4ג,סטארקיסט,VN,טונה סטארקיסט4יח,גרמים,640.00,100 גרם,false,0,25.90,4.05,true,1,
7290005423833,false,פוליויקס פרקט 2 ליטר,"סנו מפעלי ברונוס בע""\מ",IL,פוליויקס פרקט,ליטרים,2.00,ליטר,false,0,24.90,12.45,true,1,
7290005559990,false,בצק פילאס תורקי 600 גרם,"מעדנות בע""\מ",IL,בצק פילאס תורכי,גרמים,600.00,100 גרם,false,0,25.90,4.32,true,1,
7290005839078,false,דנונה ביו 3% 150*8 גרם,"שטראוס בריאות בע""\מ",IL,דנונה ביו 8 יח,קילוגרמים,1.20,"ק""ג",false,0,17.60,14.67,true,1,
7290005896453,false,בירה מכבי7.9%בק.חוזר500מ,טמפו,IL,בירה מכבי 7.9%,מיליליטרים,500.00,"100 מ""ל",false,1,7.50,1.50,true,1,
7290006251275,false,תה ירוק סיני25 שק1.5Xגרם,ויסוצקי,IL,תה ירוק סיני,גרמים,37.00,100 גרם,false,0,24.90,67.29,true,1,
7290006492616,false,פרוסות גב. בולגר5%. 250ג,מחלבות גד,IL,גבינה בולגרית,גרמים,250.00,100 גרם,false,0,27.50,11.00,true,1,
7290006492630,false,גליל גבינת עיזים16% 180ג,מחלבות גד,IL,גליל גבינת עיזים,גרמים,180.00,100 גרם,false,0,23.00,12.78,true,1,
7290006748133,false,זר פרחים בינוני,פרחי ליידי דיאן,IL,זר פרחים בינוני,יחידה,1.00,יחידה,false,0,25.00,25.00,true,1,
7290006983794,false,עוגת הבית תפוז 400 גרם,"אסם השקעות בע""\מ",IL,עוגת תפוז,גרמים,400.00,100 גרם,false,0,13.40,3.35,true,1,
7290008116565,false,"מי פה ליסטרין פרש 500מ""ל",ג'\ונסון אנד ג'\ונסון,IT,מי פה ליסטרין,מיליליטרים,500.00,"100 מ""ל",false,0,23.90,4.78,true,1,
7290008268349,false,תפוח פינק ארוז מובחר,בראשית,IL,תפוח פינק מובחר,קילוגרמים,0.00,"ק""ג",true,1,17.90,17.90,true,1,
7290008409216,false,שניצל דק דק פריך 700 גרם,תנובה,IL,שניצל דק דק פריך,גרמים,700.00,100 גרם,false,0,42.90,6.13,true,1,
7290008409315,false,מיני דק שניצלונים 500גרם,תנובה,IL,מיני דק שניצלוני,גרמים,500.00,100 גרם,false,0,29.50,5.90,true,1,
7290008409773,false,קציצות עוף ביתיות 700 גר,תנובה גליל שותפות מוגבלת,IL,קציצות אמיתיות,גרמים,700.00,100 גרם,false,0,36.70,5.24,true,1,
7290008464796,false,"בירה הייניקן בק330*6 מ""ל",היינקן,IL,בירה הייניקן 6יח,ליטרים,1.98,ליטר,false,0,46.90,23.69,true,1,
7290008693134,false,דניאלה תות מוקצף5% 88גרם,"שטראוס גרופ בע""\מ",IL,דניאלה תות מוקצף,גרמים,88.00,100 גרם,false,0,4.30,4.89,true,1,
7290008753111,false,תפוצ'יפס מקסיקני 50 גרם,"שטראוס פריטו ליי בע""\מ )",IL,תפוצ'יפס קראנצ',גרמים,50.00,100 גרם,false,0,4.30,8.60,true,1,
7290008775816,false,ערגליות שוקו 300 גרם,"אסם השקעות בע""\מ",IL,ערגליות שוקו,גרמים,300.00,100 גרם,false,0,11.50,3.83,true,1,
7290008801850,false,אמרלד ריזלינג סלקטד750מל,אגודת הכורמים הקואופרטיב,IL,אמרלד ריזלינג,מיליליטרים,750.00,"100 מ""ל",false,0,25.90,3.46,true,1,
7290008909853,false,קוקה קולה זירו בקבוק500מ,החברה המרכזית לייצור משק,IL,קוקה קולה זירו,מיליליטרים,500.00,"100 מ""ל",false,0,8.50,1.70,true,1,
7290009398786,true,5 פיתות אסליות 500 גרם,---,IL,5 פיתות אסליות,גרמים,500.00,100 גרם,false,0,8.50,1.70,true,1,
7290009950106,true,משקה אנרגיה250מל,,,משקה אנרגיה250מל,מיליליטרים,250.00,"100 מ""ל",false,0,5.80,2.32,true,1,
7290009952674,true,"משקה מצונן 330 מ""ל",,IL,משקה מצונן330מל,מיליליטרים,330.00,"100 מ""ל",false,0,6.50,1.97,true,1,
7290009952896,true,בירה מצונן ב.חוז,,,בירה מצונן ב.חוז,מיליליטרים,500.00,"100 מ""ל",false,0,13.90,2.78,true,1,
7290009955002,true,מים מצוננים1.5ל,,IL,מים מצוננים1.5ל,ליטרים,1.50,ליטר,false,0,8.00,5.33,true,1,
7290010066582,false,טונה בשמן קנולה 158*4 גר,תעשיות פילטונה,IL,טונה בשמן 4 יח,גרמים,632.00,100 גרם,false,0,24.90,3.94,true,1,
7290010471669,false,דנונה בר תות קורנפ175.גר,"שטראוס בריאות בע""\מ",IL,דנונה בר תות,גרמים,175.00,100 גרם,false,0,4.80,2.74,true,1,
7290011018832,false,"קוקה קולה 330*6 מ""ל",החברה המרכזית לייצור משק,IL,קוקה קולה 6פחיות,ליטרים,1.98,ליטר,false,0,24.30,12.27,true,1,
7290011194215,false,דניאלה בננה 88 גרם,"שטראוס גרופ בע""\מ",IL,דניאלה בננה,גרמים,88.00,100 גרם,false,0,4.30,4.89,true,1,
7290011499105,false,גבינה בולגרית 5% 250 גרם,מחלבות גד,IL,גבינה בולגרית 5%,גרמים,250.00,100 גרם,false,0,23.30,9.32,true,1,
7290011499129,false,קוב.בולג.מעודנת 5% 200ג,קוד יצרן DSH,IL,קוביות בולגרית,גרמים,200.00,100 גרם,false,0,23.40,11.70,true,1,
7290011499365,false,חלומי גד גב.קשה 24% 200ג,"מחלבות גד בע""\מ",IL,חלומי גד 24%,גרמים,200.00,100 גרם,false,0,21.60,10.80,true,1,
7290011587598,false,פילה אנשובי 45 גרם,אינוורסינס פריסקו,PE,פילה אנשובי,גרמים,45.00,100 גרם,false,0,7.90,17.56,true,1,
7290012117350,false,סנו ריצפז פרש לילך 2ליטר,"סנו מפעלי ברונוס בע""\מ",IL,סנו ריצפז,ליטרים,2.00,ליטר,false,0,19.90,9.95,true,1,
7290012227974,false,פסטרמה בדבש דק דק דק,זוגלובק,IL,פסטרמה בדבש דק,גרמים,120.00,100 גרם,false,1,14.90,12.42,true,1,
7290012803055,false,סוכרלוז 100 שקיות,"קיפל טבליות וממתיקים בע""",IL,סוכרלוז,גרמים,100.00,100 גרם,false,0,21.90,21.90,true,1,
7290013117427,false,בצק פריך מלוח 450X2גרם 0,"מעדנות בע""\מ",IL,בצק פריך,גרמים,900.00,100 גרם,false,0,26.40,2.93,true,1,
7290013268884,false,סנו ריצפז פרש מאסק 2ליטר,סנו מפעלי ברונוס בעמ,IL,ריצפז פרש לרצפות,ליטרים,2.00,ליטר,false,0,19.90,9.95,true,1,
7290014002647,false,תה ירוק לימונ.לואיזה15שק,---,IL,תה ירוק 15 שקיק.,גרמים,22.00,100 גרם,false,0,13.90,63.18,true,1,
7290014749788,false,צ'ונגו רצועות שניצל ציפס,מוצרי עוף טוב (2001) בע\,IL,צ'ונגו רצועות שנ,גרמים,600.00,100 גרם,false,1,39.90,6.65,true,1,
7290014758100,false,יוגורט ביו 8 יח,,IL,יוגורט ביו 8 יח,קילוגרמים,1.20,"ק""ג",false,0,17.30,14.42,true,1,
7290014759084,false,גבינת נפוליאון,,IL,גבינת נפוליאון,גרמים,225.00,100 גרם,false,0,15.00,6.67,true,1,
7290014759978,false,גבינת קשקבל / גלעד 200גר,תנובה,IL,גב.קשקבל / גלעד,גרמים,200.00,100 גרם,false,0,28.50,14.25,true,1,
7290014759985,false,גבינת פרמזן / גבע 200 גר,תנובה,IL,גבינת פרמזן/גבע,גרמים,200.00,100 גרם,false,0,27.50,13.75,true,1,
7290014759992,false,רוקפור גליל26% כבשים140ג,תנובה,IL,קולאז' רוקפור,גרמים,140.00,100 גרם,false,0,20.00,14.29,true,1,
7290014760141,false,משקה שקדים טרי 1 ליטר,סוי מג'יק,IL,משקה שקדים,ליטרים,1.00,ליטר,false,1,14.80,14.80,true,1,
7290014761070,false,יולו שוקולד לבן,,IL,יולו שוקולד לבן,גרמים,123.00,100 גרם,false,0,5.00,4.07,true,1,
7290016197839,false,שקיות אשפה חזקות XL,חוגלה קימברלי,IL,שקיות אשפה חזקות,יחידה,1.00,יחידה,false,1,27.90,27.90,true,1,
7290016372991,false,חליטת קמומיל 20 שק1.5*ג,ויסוצקי,IL,חליטת קמומיל,גרמים,30.00,100 גרם,false,1,13.90,46.33,true,1,
7290016867176,false,לחמ.קלות שומ.כוסמין 351ג,,IL,לחמניות קלות,גרמים,351.00,100 גרם,false,1,15.90,4.53,true,1,
7290017724027,false,עוגיות אלפחורס 300 גרם,"אקלר בע""מ",IL,עוגיות אלפחורס,גרמים,300.00,100 גרם,false,1,22.90,7.63,true,1,
7290017928821,false,גריסיני קלאסי 200 גרם,מאיר בייגל,IL,גריסיני קלאסי,גרמים,200.00,100 גרם,false,1,12.90,6.45,true,1,
7290018471944,false,שוופס מוגז לימונייד 1.5ל,"יפאורה תבורי בע""\מ",IL,שוופס לימוניי,ליטרים,1.50,ליטר,false,0,9.30,6.20,true,1,
7290018556252,false,רויאל ט.אשכולית אדומה750,פיירוואטר,IL,רויאל ט.אשכולית,מיליליטרים,750.00,"100 מ""ל",false,1,54.90,7.32,true,1,
7290018825631,false,תפוחי אדמה לבן,חבל מעון,IL,תפוח אדמה לבן,קילוגרמים,0.00,"ק""ג",true,1,4.90,4.90,true,1,
7290019056294,false,שוופס ג'ינג'ר 1.5 ליטר,"יפאורה תבורי בע""\מ",IL,שוופס ג'ינג'ר,ליטרים,1.50,ליטר,false,0,12.40,8.27,true,1,
7290019056607,false,ספרינג מיץ תפוחים 1.5 ל',"יפאורה תבורי בע""\מ",IL,ספרינג תפוחים,ליטרים,1.50,ליטר,false,0,9.00,6.00,true,1,
7290019153085,false,"שוופס מוחיטו לל""ס 1.5 ל","יפאורה תבורי בע""\מ",IL,שוופס מוחיטו ללס,ליטרים,1.50,ליטר,false,1,8.80,5.87,true,1,
7290100687109,false,במבה נוגט 60 גרם,"אסם השקעות בע""\מ",IL,במבה נוגט,גרמים,60.00,100 גרם,false,0,4.90,8.17,true,1,
7290100850916,false,דוריטוס חמוץ חריף 70 גרם,"שטראוס פריטו ליי בע""\מ )",IL,דוריטוס חמוץ ח,גרמים,70.00,100 גרם,false,0,4.10,5.86,true,1,
7290100850923,false,דוריטוס גריל 70 גרם,"שטראוס פריטו ליי בע""\מ )",IL,דוריטוס גריל,גרמים,70.00,100 גרם,false,0,4.10,5.86,true,1,
7290100850930,false,דוריטוס בטעם טבעי 70 גרם,"שטראוס פריטו ליי בע""\מ )",IL,חטיף דוריטוס,גרמים,70.00,100 גרם,false,0,4.10,5.86,true,1,
7290101551539,false,דנונה פרו+חלבון אפרסק200,"שטראוס בריאות בע""מ",IL,דנונה פרו אפרסק,גרמים,200.00,100 גרם,false,1,6.20,3.10,true,1,
7290102393169,false,יוג.תות+חתיכות פרי3% 150,טרה,IL,יוגורט מולר תות,גרמים,150.00,100 גרם,false,0,5.00,3.33,true,1,
7290102394845,false,גבינה צהובה נעם 9% 200 ג,מילקו תעשיות בעמ,IL,גבינה צהובה 9%,גרמים,200.00,100 גרם,false,0,17.00,8.50,true,1,
7290102397730,false,אמנטל נועם פתיח.חוזרת200,טרה,IL,גבינת אמנטל נועם,גרמים,200.00,100 גרם,false,1,17.50,8.75,true,1,
7290102397747,false,מוצרלה נעם 200 גרם,---,IL,מוצרלה נעם 200גר,גרמים,200.00,100 גרם,false,1,19.50,9.75,true,1,
7290102399048,false,קשקבל פרוסות 200 גרם,טרה,IL,קשקבל פרוס,גרמים,200.00,100 גרם,false,1,24.90,12.45,true,1,
7290103681173,false,"קברנה הר תבור 750 מ""ל",מיוצר על ידי יקב תבור,IL,קברנה הר תבור,מיליליטרים,750.00,"100 מ""ל",false,1,38.90,5.19,true,1,
7290103681234,false,"רוזה הר תבור 750 מ""ל",מיוצר על ידי יקב תבור,IL,רוזה הר תבור,מיליליטרים,750.00,"100 מ""ל",false,1,38.90,5.19,true,1,
7290104508943,false,במבה חטיף בוטנים 200 גרם,"אסם השקעות בע""\מ",IL,במבה חטיף בוטנים,גרמים,200.00,100 גרם,false,0,9.10,4.55,true,1,
7290104960246,false,תחליב רח.נקה 7  ורוד 750,טרופיקל דגיל תעשיות קוסמ,IL,תחליב רחצה נקה 7,מיליליטרים,750.00,"100 מ""ל",false,0,11.90,1.59,true,1,
7290105369130,false,סימפוניה בצל ירוק5% 200ג,"שטראוס בריאות בע""\מ",IL,גבינת סימפוניה,גרמים,200.00,100 גרם,false,0,12.40,6.20,true,1,
7290105695024,false,פתיתים אורז ואטריות500ג,"אסם השקעות בע""\מ",IL,פתיתים אפויים,גרמים,500.00,100 גרם,false,0,7.80,1.56,true,1,
7290106525320,false,שוקולית לאפיה 500 גרם,שטראוס קפה בי.וי.,IL,שוקולית לאפיה,גרמים,500.00,100 גרם,false,0,16.50,3.30,true,1,
7290106728127,false,חלב טבעי בקבוק3.6% 1ליטר,מחלבת יטבתה,IL,חלב טבעי 3.6% 1ל,ליטרים,1.00,ליטר,false,1,7.90,7.90,true,1,
7290107536042,false,מארז גיפט קארד מרובע ניי,,IL,מארז גיפטקארד,יחידה,1.00,יחידה,false,1,6.00,6.00,true,1,
7290107648974,false,רוטב עגבניות בזיליקום415,קונסורזיו קאסאלאסקו דל פ,IL,רוטב עגבניות,גרמים,415.00,100 גרם,false,1,13.90,3.35,true,1,
7290107871723,false,פריכיות גדול שוקו100כשלפ,הרטו,BE,פריכיות פיטנס,גרמים,100.00,100 גרם,false,1,8.90,8.90,true,1,
7290107871990,false,פסטה צינורות 500 גרם,פסטה זארה,IT,פסטה צינורות,גרמים,500.00,100 גרם,false,0,6.50,1.30,true,1,
7290107932080,false,חלב מועשר3% בקבוק 1ליטר,מחלבת יטבתה,IL,חלב מועשר 3%,ליטרים,1.00,ליטר,false,1,7.90,7.90,true,1,
7290108352450,false,ריצפז פרש הום ריח מרכך2ל,סנו מפעלי ברונוס בעמ,IL,ריצפז פרש הום,ליטרים,2.00,ליטר,false,1,21.90,10.95,true,1,
7290108352900,false,מגבות הפלא גליל כפול 6יח,סנו מפעלי ברונוס בעמ,IL,מגבות נייר,מטרים,126.00,מטר,false,1,20.90,0.17,true,1,
7290110000493,false,חמאת בוטנים קרנצי350' ג,,IL,חמאת בוטנים,גרמים,350.00,100 גרם,false,1,14.90,4.26,true,1,
7290110114787,false,נביעות+טעם תפוח 1.5 ליטר,נביעות טבע הגליל בעמ,IL,נביעות+תפוח,ליטרים,1.50,ליטר,false,0,10.40,6.93,true,1,
7290110115203,false,קוקה קולה בקבוק 1.5 ליטר,החברה המרכזית לייצור משק,IL,קוקה קולה,ליטרים,1.50,ליטר,false,0,9.00,6.00,true,1,
7290110115210,false,קולה דיאט בקבוק 1.5 ל',החברה המרכזית לייצור משק,IL,קוקה קולה דיא,ליטרים,1.50,ליטר,false,0,8.50,5.67,true,1,
7290110115272,false,ספרייט זירו 1.5 ליטר,החברה המרכזית לייצור משק,IL,ספרייט זירו,ליטרים,1.50,ליטר,false,0,8.50,5.67,true,1,
7290110115418,false,קוקה קולה זירו 1.5*6 ל',החברה המרכזית לייצור משק,IL,קולה זירו1.5*6ל,ליטרים,9.00,ליטר,false,0,49.10,5.46,true,1,
7290110115456,false,פיוז תה אפרסק19 קלור1.5.,מבשלות בירה בינלאומיות ב,IL,פיוז תה אפרסק,ליטרים,1.50,ליטר,false,0,9.50,6.33,true,1,
7290110320850,false,פתיתי עמק 28% 200 גרם,תנובה,IL,פתיתי עמק,גרמים,200.00,100 גרם,false,1,15.90,7.95,true,1,
7290110323066,false,משקה יוגורטGOבנ.אפרס250מ,תנובה,IL,משקה יוגורט GO,מיליליטרים,250.00,"100 מ""ל",false,1,6.70,2.68,true,1,
7290110323073,false,משקה יוגוGO תות-פטל 250מ,תנובה,IL,משקה יוגורט GO,מיליליטרים,250.00,"100 מ""ל",false,1,6.70,2.68,true,1,
7290110324872,false,גבינת גלבוע 5% פרוסות 20,תנובה,IL,גלבוע 5%פרוסות,גרמים,200.00,100 גרם,false,1,18.90,9.45,true,1,
7290110325169,false,פרוסות גאודה 170 גרם,---,IL,פרוסות גאודה,גרמים,170.00,100 גרם,false,1,19.90,11.71,true,1,
7290110325879,false,פתיתי גאודה 200 גרם,---,IL,פתיתי גאודה,גרמים,200.00,100 גרם,false,1,17.90,8.95,true,1,
7290110326333,false,פרוסות גב.סקנדינבית 170ג,תנובה,IL,גבינה סקנדינבית,גרמים,170.00,100 גרם,false,1,19.90,11.71,true,1,
7290110327033,false,משקה סויה מועשר חלבון 1ל,תנובה בעמ,IL,משקה סויה מועשר,ליטרים,1.00,ליטר,false,1,14.80,14.80,true,1,
7290110328504,false,טריו פתיתים מיקס גבינ300,"תנובה בע""\מ",IL,טריו פתיתי גבינה,גרמים,300.00,100 גרם,false,1,28.90,9.63,true,1,
7290110328580,false,יוגורט תנובה 5% 200 גרם,"תנובה בע""\מ",IL,יוגורט תנובה5%,גרמים,200.00,100 גרם,false,1,3.20,1.60,true,1,
7290110328771,false,יוגורט גו קרמי פ.יער200ג,תנובה בעמ,IL,יוגורט גו קרמי,גרמים,200.00,100 גרם,false,1,5.90,2.95,true,1,
7290110328788,false,יוג.גו קרמי אפרסק0% 200ג,תנובה בעמ,IL,יוגורט גו סמיך,גרמים,200.00,100 גרם,false,1,5.90,2.95,true,1,
7290110566975,false,דנונ.פרו20ג חלבון תות200,"שטראוס בריאות בע""\מ",IL,דנונה פרו חלבון,גרמים,200.00,100 גרם,false,1,6.20,3.10,true,1,
7290111350726,false,נאצ'וס בסגנון מקסיקני322,---,US,חטיף נאצ'וס,גרמים,322.00,100 גרם,false,1,17.90,5.56,true,1,
7290111566660,false,קציצות עדשים כתומות 525,טבעול,IL,קציצות עדשיםכתומ,גרמים,525.00,100 גרם,false,1,34.90,6.65,true,1,
7290112330352,false,דנונה פרו 20 וניל0% 200ג,"שטראוס בריאות בע""\מ",IL,דנונה פרו20 וניל,גרמים,200.00,100 גרם,false,1,6.20,3.10,true,1,
7290112330994,false,שייק חלבון פרו אפרסק350מ,מחלבת יטבתה,IL,שייק חלבון פרו,מיליליטרים,350.00,"100 מ""ל",false,1,7.90,2.26,true,1,
7290112342102,false,סימפוניה5%בצל מקורמל200ג,"שטראוס בריאות בע""\מ",IL,גבינת סימפוניה,גרמים,200.00,100 גרם,false,1,12.40,6.20,true,1,
7290112343420,false,יטבתה פרו ארוחת בוקר350מ,מחלבת יטבתה,IL,יטבתה פרו משקה,מיליליטרים,350.00,"100 מ""ל",false,1,7.90,2.26,true,1,
7290112343499,false,חטיף puffs צ'יטוס 55 גרם,"שטראוס פריטו ליי בע""\מ )",IL,חטיף צ'יטוס puff,גרמים,55.00,100 גרם,false,1,3.60,6.55,true,1,
7290112349538,false,קפה טורקי עלית 160 גרם,שטראוס קפה בי.וי.,IL,קפה טורקי עלית,גרמים,160.00,100 גרם,false,1,13.90,8.69,true,1,
7290112349736,false,רוט.עגב.בזיליקום פסטה350,אמיליאנה קונסרב סוסייטה,IT,רוטב עגבניות,גרמים,350.00,100 גרם,false,1,10.90,3.12,true,1,
7290112495822,false,כריות בלאק 686 גרם,"יוניליוור שפע ישראל בע""\",IL,כריות בלאק,גרמים,686.00,100 גרם,false,1,28.90,4.21,true,1,
7290112965943,false,נאגטס ירקות ירוקים,"טבעול תעשיות מזון בע""\מ",IL,נאגטס ירקות ירוק,גרמים,500.00,100 גרם,false,1,34.90,6.98,true,1,
7290113192355,false,זיתים חרוזית 560 גרם,בית-השיטה עסיס תעשיות מז,IL,זיתים חרוזית,גרמים,560.00,100 גרם,false,1,10.70,1.91,true,1,
7290113192508,false,מלפפונ.מלח קטן13-17 560ג,בית-השיטה עסיס תעשיות מז,IL,מלפפונים מלח קטן,גרמים,560.00,100 גרם,false,1,12.40,2.21,true,1,
7290113192515,false,מלפפון במלח 18-25 560 גר,בית-השיטה עסיס תעשיות מז,IL,מלפפון במלח,גרמים,560.00,100 גרם,false,1,13.90,2.48,true,1,
7290114311038,false,שמנת מתוקה להקצפה32% 250,מילקו תעשיות בעמ,IL,שמנת מתוקה,מיליליטרים,250.00,"100 מ""ל",false,1,7.90,3.16,true,1,
7290114311144,false,מה עז 9% שום שמיר150 גרם,משק צוריאל,IL,מה עז שום שמיר,גרמים,150.00,100 גרם,false,1,24.90,16.60,true,1,
7290114659949,false,מסכה לפנים מארז 50 יח',,CN,מסכת פנים חד פעמ,יחידה,1.00,יחידה,false,1,9.90,9.90,true,1,
7290115190014,false,מרלבורו רד קצר בוקס חפ,פיליפ מוריס,IL,מרלבורו רד קצר,יחידה,1.00,יחידה,false,1,33.50,33.50,false,1,
7290115190076,false,מרלבורו גולד ארוך בוקס ח,פיליפ מוריס,TR,מרלבורו גולד 100,יחידה,1.00,יחידה,false,1,33.50,33.50,false,1,
7290115190090,false,מרלבורו גולד יח,פיליפ מוריס,US,מרלבורו גולד חפ,יחידה,1.00,יחידה,false,1,33.50,33.50,false,1,
7290115190137,false,מרלבורו פיין טאצ' 7.1 חפ,פיליפ מוריס,IL,מרלבורו פיין טאצ,יחידה,1.00,יחידה,false,1,32.50,32.50,false,1,
7290115190151,false,מרלבורו גולד טאצ' 7.1 חפ,פיליפ מוריס,IL,מרלבורו טאצ כחול,יחידה,1.00,יחידה,false,1,32.50,32.50,false,1,
7290115190335,false,אל אם בלו ארוך חפ יח,פיליפ מוריס,TR,אל אם בלו ארוך,יחידה,1.00,יחידה,false,1,30.50,30.50,false,1,
7290115201031,false,אסם פתיבר דובי שוקולד175,"ד""\ר ג'\ררד",PL,פתיבר דובי שוקול,גרמים,175.00,100 גרם,false,1,11.90,6.80,true,1,
7290115201680,false,ביסלי ברביקיו 70 גרם,"אסם השקעות בע""\מ",IL,ביסלי ברביקיו,גרמים,70.00,100 גרם,false,1,4.50,6.43,true,1,
7290115201741,false,ביסלי בצל 70 גרם,"אסם השקעות בע""\מ",IL,ביסלי בצל,גרמים,70.00,100 גרם,false,1,4.50,6.43,true,1,
7290115202786,false,מנה חמה פאוצ נודלס בקר70,תאי פרזידנט,TH,מנה חמה פאוצ',גרמים,70.00,100 גרם,false,1,5.90,8.43,true,1,
7290115202816,false,מנה חמה פאוצ נודלס 70 גר,תאי פרזידנט,TH,מנה חמה פאוצ',גרמים,70.00,100 גרם,false,1,5.90,8.43,true,1,
7290115203936,false,קטשופ מופחת סוכר כשלפ690,אסם,IL,קטשופ מופחת סוכר,גרמים,690.00,100 גרם,false,1,12.50,1.81,true,1,
7290115675580,false,חטיף בוטנים וקוואקר 50גר,"שטראוס פריטו ליי בע""\מ )",IL,חטיף בוטנים,גרמים,50.00,100 גרם,false,1,4.50,9.00,true,1,
7290116243979,false,אצבעות שוקולד 50ג LOL,---,UA,אצבעות שוקולד,גרמים,50.00,100 גרם,false,1,4.90,9.80,true,1,
7290116930435,false,יוגורט גו סמיך דובדבן200,"תנובה בע""\מ",IL,יוגורט גו סמיך,גרמים,200.00,100 גרם,false,1,5.90,2.95,true,1,
7296073005735,false,עוג.סנדוויץ שוק.שופרס150,"אחים פפושדו ובניהם בע""\מ",IL,עוגיות סנדוויץ,גרמים,150.00,100 גרם,false,0,4.60,3.07,true,1,
7296073005742,false,עוג.סנדוויץ וניל שופרסל,"אחים פפושדו ובניהם בע""\מ",IL,עוגיות סנדוויץ,גרמים,150.00,100 גרם,false,0,4.60,3.07,true,1,
7296073006176,false,"סוכר שופרסל 1 ק""ג","סוגת תעשיות בע""\מ",IL,סוכר לבן,קילוגרמים,1.00,"ק""ג",false,0,4.90,4.90,true,1,
7296073012009,false,קוסקוס בינוני שופרסל350ג,"אסיף תעשיות מזון בע""\מ",IL,קוסקוס בינוני,גרמים,350.00,100 גרם,false,0,5.20,1.49,true,1,
7296073021568,false,"קמח חיטה לבן בהיר 1 ק""ג",שופרסל,IL,קמח לבן,קילוגרמים,1.00,"ק""ג",false,0,4.90,4.90,true,1,
7296073021582,false,סולת חיטה,שופרסל,IL,סולת חיטה,קילוגרמים,1.00,"ק""ג",false,0,4.90,4.90,true,1,
7296073049135,false,אטריות ביצים דקות שופ200,שיבולים בני דרום,IL,אטריות ביצים,גרמים,200.00,100 גרם,false,0,7.90,3.95,true,1,
7296073059691,false,"צלחת גדולה BASIC 50 יח,'",שופרסל,IL,צלחות גדולות,יחידה,1.00,יחידה,false,0,15.90,15.90,true,1,
7296073074434,false,ביסקוויטים פתי בר גדול,שופרסל,IL,פתיבר גדול,גרמים,500.00,100 גרם,false,0,9.50,1.90,true,1,
7296073074441,false,פתי בר גדול בטעם שוקו,שופרסל,IL,פתי בר גדול שוקו,גרמים,500.00,100 גרם,false,0,9.50,1.90,true,1,
7296073080497,false,שעועית אפויה שופרסל 580ג,פרי גליל,IL,שעועית אפויה,גרמים,580.00,100 גרם,false,0,7.50,1.29,true,1,
7296073080503,false,אפונה ירוקה בינונית 550ג,פרי גליל,IL,אפונה ירוקה,גרמים,550.00,100 גרם,false,0,6.90,1.25,true,1,
7296073080558,false,תירס לייט שופרסל 550 גרם,פרי גליל,IL,תירס לייט,גרמים,550.00,100 גרם,false,0,7.90,1.44,true,1,
7296073095583,false,"אצטון שופרסל 100 מ""ל","ש. שוורץ )באר שבע( בע""\מ",IL,אצטון BE,מיליליטרים,100.00,"100 מ""ל",false,0,3.90,3.90,true,1,
7296073103813,false,תפוח אדמה לבן ארוז,---,IL,"תפו""א לבן ארוז",קילוגרמים,0.00,"ק""ג",true,0,4.90,4.90,true,1,
7296073103820,false,תפוחי אדמה לטיגון,---,IL,"תפו""א  לטיגון",קילוגרמים,0.00,"ק""ג",true,0,5.90,5.90,true,1,
7296073109822,false,תמר מג'הול מעולה,הדיקלאים,IL,תמר מג'הול 400ג,גרמים,400.00,100 גרם,false,0,13.90,3.48,true,1,
7296073112617,false,6 ספוג.לניקוי מופלא שופר,"סדובסקי בע""\מ",IL,ספוגית ניקוי,יחידה,1.00,יחידה,false,0,9.90,9.90,true,1,
7296073116769,false,קוקוס טחון שופרסל 100גרם,מיה,IL,קוקוס טחון,גרמים,100.00,100 גרם,false,0,4.90,4.90,true,1,
7296073116783,false,שומשום שופרסל 100 גרם,מיה,IL,שומשום שופרסל,גרמים,100.00,100 גרם,false,0,4.20,4.20,true,1,
7296073124160,false,שום כתוש קפוא במגשית,שופרסל,IL,שום קפוא במגשית,גרמים,80.00,100 גרם,false,0,12.90,16.13,true,1,
7296073124382,false,ספגטיני מספר 3 500 גרם,שופרסל,IT,ספגטיני מספר 3,גרמים,500.00,100 גרם,false,0,4.90,0.98,true,1,
7296073132462,false,לבבות דקל חתוכ.שופר400.ג,אינדוסטריה אגריקולה,EC,לבבות דקל,גרמים,400.00,100 גרם,false,0,9.30,2.33,true,1,
7296073132820,false,סלק בואקום 500 גרם,שופרסל,ES,סלק בואקום 500ג,גרמים,500.00,100 גרם,false,0,8.90,1.78,true,1,
7296073134534,false,קפה טורקי,שופרסל,IL,קפה טורקי,גרמים,100.00,100 גרם,false,0,5.90,5.90,true,1,
7296073141143,false,שוקולד חלב שופרסל100 גרם,"שוקולד פריי בע""מ",CH,שוקולד חלב,גרמים,100.00,100 גרם,false,0,5.60,5.60,true,1,
7296073153238,false,גזר ארוז שופרסל,,IL,גזר ארוז שופרסל,קילוגרמים,0.00,"ק""ג",true,0,5.90,5.90,true,1,
7296073156611,false,שוקולד מריר 60% קקאו100ג,"שוקולד פריי בע""מ",CH,שוקולד מריר 60%,גרמים,100.00,100 גרם,false,0,7.40,7.40,true,1,
7296073161493,false,שוק.מריר60%שופרסל 100*2ג,"שוקולד פריי בע""מ",CH,שוקולד מריר זוג,גרמים,200.00,100 גרם,false,0,14.20,7.10,true,1,
7296073169543,false,מטליות רב שימושיות,שופרסל,IL,"מטליות רב""ש",יחידה,1.00,יחידה,false,0,21.50,21.50,true,1,
7296073173212,false,שעועית ירוקה שלמה שופרסל,ARDO,BE,שעועית ירוקה,גרמים,800.00,100 גרם,false,0,18.90,2.36,true,1,
7296073180548,false,אגוזי מלך קלוף טבעי 150ג,ששון,US,א.מלך טבעי קלוף,גרמים,150.00,100 גרם,false,0,13.90,9.27,true,1,
7296073206682,false,טונה בשמן קנולה 160*4ג,"תעשיות פילטונה בע""מ",IL,טונה בשמן 4 יח,גרמים,640.00,100 גרם,false,0,22.90,3.58,true,1,
7296073211624,false,פילה אמנון קפוא,---,CN,פילה אמנון קפוא,קילוגרמים,0.00,"ק""ג",true,0,32.90,32.90,true,1,
7296073216223,false,פפריקה מתוקה,,IL,פפריקה מתוקה,גרמים,80.00,100 גרם,false,0,5.90,7.38,true,1,
7296073219347,false,לחם אחיד פרוס750ג שופרסל,מאפית ברמן,IL,לחם אחיד פרוס,גרמים,750.00,100 גרם,false,0,7.11,0.95,true,1,
7296073219354,false,משטח לייבוש כלים,,CN,משטח לייבוש כלים,יחידה,1.00,יחידה,false,0,12.90,12.90,true,1,
7296073219897,false,פודינג וניל,,IL,פודינג וניל,גרמים,80.00,100 גרם,false,0,5.20,6.50,true,1,
7296073220275,false,ופלים בטעם שוקולד 500 גר,מנעמים,IL,ופל טעם שוקולד,גרמים,500.00,100 גרם,false,0,10.90,2.18,true,1,
7296073221326,false,"כפית קרם 100 יח,' 1.4גרם",,TR,"מארז כפיות ח""פ",יחידה,1.00,יחידה,false,0,14.90,14.90,true,1,
7296073222316,false,ג'חנון אפוי שופרסל 650ג,אופרה,IL,ג'חנון אפוי שופר,גרמים,650.00,100 גרם,false,0,18.90,2.91,true,1,
7296073224204,false,שמן זית,,IT,שמן זית,ליטרים,1.00,ליטר,false,0,44.90,44.90,true,1,
7296073224693,false,ביציםM שופרסל 12,,IL,ביציםM שופרסל 12,יחידה,1.00,יחידה,false,0,10.40,10.40,true,1,
7296073224709,false,ביציםL שופרסל 12,,IL,ביציםL שופרסל 12,יחידה,1.00,יחידה,false,0,11.30,11.30,true,1,
7296073224846,false,מרכך מרוכז סגול,,IL,מרכך מרוכז סגול,ליטרים,1.00,ליטר,false,0,11.90,11.90,true,1,
7296073225492,false,רוטב עגבני.מרוכז22% 260ג,פריניר,IL,רוטב עגבניות,גרמים,260.00,100 גרם,false,0,3.60,1.38,true,1,
7296073225744,false,חצילים על האש שופרסל400ג,סלטי שמיר,IL,סלט חצילים,גרמים,400.00,100 גרם,false,0,11.90,2.98,true,1,
7296073225768,false,סלט מטבוחה שופרסל 400גרם,סלטי שמיר,IL,סלט מטבוחה,גרמים,400.00,100 גרם,false,0,11.90,2.98,true,1,
7296073230656,false,מגבות נייר 6 גלילים,"שניב תעשיות נייר בע""\מ",IL,מגבות נייר,מטרים,63.00,מטר,false,0,10.90,0.17,true,1,
7296073231554,false,חלב 3% בקרטון שופרסל 1ל,מחלבות רמת הגולן,IL,חלב 3% קרטון 1ל',ליטרים,1.00,ליטר,false,1,5.80,5.80,true,1,
7296073236887,false,סלט גזר מרוקאי 400 גרם,סלטי שמיר,IL,סלט גזר מרוקאי,גרמים,400.00,100 גרם,false,1,11.90,2.98,true,1,
7296073241935,false,נייר טואלט סופר דיל48גל,שניב,IL,נ.טואלט סופר דיל,מטרים,860.00,100 מטר,false,1,43.90,5.10,true,1,
7296073246367,false,תות שדה קפוא 300 גרם,,RS,תות שדה קפוא,גרמים,300.00,100 גרם,false,12,16.90,5.63,true,1,
7296073254102,false,טונה בשמן סויה 160*4 גרם,אסיאן אליאנס,TH,טונה בשמן 4 יח,גרמים,640.00,100 גרם,false,1,22.90,3.58,true,1,
7296073268925,false,נייר טואלט דו שכבתי16גל,שניב תעשיות נייר,IL,נייר טואלט,מטרים,573.00,100 מטר,false,1,33.90,5.92,true,1,
7296073277262,false,מגבונים לחים,שופרסל,IL,מגבונים לחים,יחידה,1.00,יחידה,false,1,4.90,4.90,true,1,
7296073281696,false,מגבוני נ.טואלט לילד,---,IL,"מגבוני נ""ט לילד",יחידה,1.00,יחידה,false,1,11.90,11.90,true,1,
7296073283133,false,ענבים ירוקים ארוזים,קטיף.,IL,ענבים ירוק ארוז,קילוגרמים,0.00,"ק""ג",true,1,20.90,20.90,true,1,
7296073286011,false,אורז פרסי זיפר שופרסל1קג,ltd co produce Uthai,TH,אורז פרסי,קילוגרמים,1.00,"ק""ג",false,1,7.50,7.50,true,1,
7296073286042,false,אורז יסמין זיפר שופרסל1ק,ltd co produce Uthai,TH,אורז יסמין,קילוגרמים,1.00,"ק""ג",false,1,10.90,10.90,true,1,
7296073286066,false,אורז בסמטי זיפר שופרסל1ק,SETIA LAL CHAMAN,IN,אורז בסמטי,קילוגרמים,1.00,"ק""ג",false,1,13.90,13.90,true,1,
7296073286509,false,פטריות שמפניון,---,IL,פטריות שמפניון,גרמים,220.00,100 גרם,false,1,9.90,4.50,true,1,
7296073289586,false,נייר סנדוויץ 100 יחידות,שניב,IL,נייר סנדוויץ,יחידה,1.00,יחידה,false,1,12.90,12.90,true,1,
7296073292913,false,פירורי לחם לבן זיפר350גר,חטיפים מן הטבע,IL,פירורי לחם לבן,גרמים,350.00,100 גרם,false,1,6.90,1.97,true,1,
7296073321446,false,סבון כחול לאסלה 50*3 גרם,קומפלקס כימיקלים בעמ,IL,3סבון כחול לאסלה,גרמים,150.00,100 גרם,false,1,12.90,8.60,true,1,
7296073323587,false,עגבניה שרי וויטני,עידו נחום,IL,שרי וויטני,גרמים,460.00,100 גרם,false,1,10.90,2.37,true,1,
7296073340331,false,גליל מטליות אקולוגי 40יח,נועם אורים,IL,גליל מטליות,יחידה,1.00,יחידה,false,1,22.90,22.90,true,1,
7296073344469,false,שבבי שוקולד מריר 250 גרם,מיה,IL,שבבי שוקולד,גרמים,250.00,100 גרם,false,1,10.90,4.36,true,1,
7296073345763,false,טופו טעם טבעי  300 גרם,כפרי בריא משק ויילר,IL,טופו  טעם טבעי,גרמים,300.00,100 גרם,false,1,12.50,4.17,true,1,
7296073347453,false,פטרוזליה יחידה,תנובות לכיש,IL,פטרוזליה,יחידה,1.00,יחידה,false,1,4.90,4.90,true,1,
7296073347477,false,כוסברה,תנובות לכיש,IL,כוסברה,יחידה,1.00,יחידה,false,1,4.90,4.90,true,1,
7296073347484,false,נענע,תנובות לכיש,IL,נענע,יחידה,1.00,יחידה,false,1,4.90,4.90,true,1,
7296073349396,false,דובדבנים חמוצים סירופ680,---,HU,דובדבנים חמוצים,גרמים,680.00,100 גרם,false,1,12.90,1.90,true,1,
7296073362944,false,אבקת אפיה שופרסל 10*10 י,---,IL,אבקת אפיה 10 יח,גרמים,100.00,100 גרם,false,1,3.30,3.30,true,1,
7296073364337,false,בורגול זיפר שופרסל 500גר,מיה,IL,בורגול שופרסל,גרמים,500.00,100 גרם,false,1,5.60,1.12,true,1,
7296073364399,false,עדשים ירוקות זיפר 500גרם,---,IL,עדשים ירוקות,גרמים,500.00,100 גרם,false,1,7.50,1.50,true,1,
7296073364405,false,עדשים אדומות באריזת זיפר,מיה,IL,עדשים אדומות,גרמים,500.00,100 גרם,false,1,7.50,1.50,true,1,
7296073366898,false,גבינת קממבר 200 גרם,---,FR,גבינת קמבבר,גרמים,200.00,100 גרם,false,1,22.90,11.45,true,1,
7296073369585,false,תרסיס חיטוי למטבח750מל,---,IL,תרסיס למטבח,מיליליטרים,750.00,"100 מ""ל",false,1,14.90,1.99,true,1,
7296073382355,false,שוקולד מריר 84% 100 גרם,פריי )שוקולד(,CH,שוקולד מריר 84%,גרמים,100.00,100 גרם,false,1,10.90,10.90,true,1,
7296073383666,false,"סוכר לבן שופרסל 1 ק""ג",---,PL,סוכר לבן,קילוגרמים,1.00,"ק""ג",false,1,4.90,4.90,true,1,
7296073384526,false,ג'ל כביסה מרוכז סגול3ל,---,IL,ג'ל כביסה מרוכז,ליטרים,3.00,ליטר,false,1,28.90,9.63,true,1,
7296073384786,false,פריפלצת גזר בטטה 120 גרם,פרוסלה,ES,פריפלצת גזר בטטה,גרמים,120.00,100 גרם,false,1,4.90,4.08,true,1,
7296073384793,false,פריפלצת דלעת בטטה 120ג,פרוסלה,ES,פריפלצת דלעת,גרמים,120.00,100 גרם,false,1,4.90,4.08,true,1,
7296073386087,false,שקדים קלופים,פיצוחי ציון,IL,שקדים קלופים,גרמים,200.00,100 גרם,false,1,18.90,9.45,true,1,
7296073386414,false,נוזל לניקוי חלונות 1ליטר,---,IL,נוזל לחלונות,ליטרים,1.00,ליטר,false,1,8.90,8.90,true,1,
7296073390015,false,פרכיות ציפוי שוק.קוקוס60,NETHERLANDS SANORICE,NL,פריכיות קטנות,גרמים,60.00,100 גרם,false,1,7.90,13.17,true,1,
7296073392699,false,מגבות נייר עבות 8גל,---,IL,מגבות נייר עבות,מטרים,169.00,מטר,false,1,27.90,0.17,true,1,
7296073398141,false,תפוחונים ללא גלוטן22 גרם,,CN,"תפוחונים לל""ג",גרמים,22.00,100 גרם,false,1,4.50,20.45,true,1,
7296073398813,false,גלידת שמנת וניל בצקעוגיה,DESSERT DE,NL,גלידת שמנת וניל,מיליליטרים,500.00,"100 מ""ל",false,1,21.90,4.38,true,1,
7296073413349,false,ביסקוויט שוקולד לבן150ג,---,ES,ביסקוויט שוקולד,גרמים,150.00,100 גרם,false,1,9.50,6.33,true,1,
7296073413424,false,צנונית,חבל מעון,IL,צנונית,גרמים,400.00,100 גרם,false,1,6.90,1.73,true,1,
7296073432944,false,סט מטליות מיקרופייבר5יח,סדובסקי,CN,סט מטליות מיקרו,יחידה,1.00,יחידה,false,1,16.90,16.90,true,1,
7296073446231,false,חמאה שופרסל 200 גרם,פוד+סרה,DE,חמאה שופרסל 200ג,גרמים,200.00,100 גרם,false,1,7.70,3.85,true,1,
7296073450313,false,תות בננה תמר קפוא לשייק,D.O.O LAKI,RS,תות בננה תמר קפו,גרמים,450.00,100 גרם,false,1,25.90,5.76,true,1,
7296073450320,false,מנגו תות תמר קפוא לשייק,D.O.O LAKI,RS,מנגו תות תמר קפו,גרמים,450.00,100 גרם,false,1,25.90,5.76,true,1,
7296073451945,false,טפנד זיתים ירוקים שופרסל,"פרסקו חצבה 2006 בע""\מ",IL,טפנד זיתים ירוקי,גרמים,180.00,100 גרם,false,1,14.90,8.28,true,1,
7296073451969,false,ממרח פלפלים שופרסל 180 ג,"פרסקו חצבה 2006 בע""\מ",IL,ממרח פלפלים שופר,גרמים,180.00,100 גרם,false,1,14.90,8.28,true,1,
7296073451976,false,ממרח עגבניות שופרסל,"פרסקו חצבה 2006 בע""\מ",IL,ממרח עגבניות שופ,גרמים,180.00,100 גרם,false,1,14.90,8.28,true,1,
7296073451990,false,ממרח צ'ימיצ'ורי שופרסל,"פרסקו חצבה 2006 בע""\מ",IL,ממרח צ'ימיצ'ורי,גרמים,180.00,100 גרם,false,1,14.90,8.28,true,1,
7296073452546,false,אוכמניות כחולות קפואות 3,D.O.O LUKOWA,RS,אוכמניות כחולות,גרמים,300.00,100 גרם,false,1,16.90,5.63,true,1,
7296073454434,false,זית קלמטה גדול מגולען70ג,מניופקטר,GR,זיתים קלמטה,גרמים,70.00,100 גרם,false,1,6.90,9.86,true,1,
7296073458036,false,תירס גמדי שלם במי מלח425,מאנפאקטור,TH,תירס גמדי שלם,גרמים,425.00,100 גרם,false,1,6.90,1.62,true,1,
7296073473916,false,תרסיס שמן זית כתית 150 מ,מאנפקטור,ES,תרסיס שמן,מיליליטרים,150.00,"100 מ""ל",false,1,15.90,10.60,true,1,
7296073484059,false,שמן סויה שופרסל 1 ליטר,סובנה,PT,שמן סויה,ליטרים,1.00,ליטר,false,1,11.90,11.90,true,1,
7296073526452,false,שמן תירס 1 ליטר,אליתה גידה,TR,שמן תירס,ליטרים,1.00,ליטר,false,1,15.90,15.90,true,1,
7296073526704,false,כרישה חתוכה לוף/פרסה,משה מצליח ירקות,IL,כרישה חתוכה,גרמים,700.00,100 גרם,false,1,15.90,2.27,true,1,
7296073527374,false,גבינת גאודה מגורדת 400גר,ויליפוד,IL,גאודה מגורדת,גרמים,400.00,100 גרם,false,1,25.90,6.48,true,1,
7296073530251,false,בדיקות קורונה מארז 20 יח,,CN,בדיקות קורונה מא,יחידה,1.00,יחידה,false,1,189.00,189.00,true,1,
7296073531210,false,בדיקת קורונה 5יחידות,,CN,בדיקת קורונה,יחידה,1.00,יחידה,false,1,39.90,39.90,true,1,
7610100034084,false,מיונז טומי 265 גרם,טומי,CH,מיונז טומי,גרמים,265.00,100 גרם,false,1,15.90,6.00,true,1,
7613030979647,false,טריקס דגנים ט.פירות 480ג,ג'נרל מילס,CL,טריקס בטעם פירות,גרמים,480.00,100 גרם,false,1,28.90,6.02,true,1,
7613032045753,false,דגנ.בוקר פיטנס שוקולד375,סי. פי. צרפת,FR,פיטנס שוקולד,גרמים,375.00,100 גרם,false,0,22.90,6.11,true,1,
7613037686906,false,פיטנס שקדים ודבש 355 גרם,סי. פי. צרפת,FR,פיטנס שקדים ודבש,גרמים,355.00,100 גרם,false,1,22.90,6.45,true,1,
7622201401900,false,עוג.מילקה סנס.אוראו 156ג,---,PL,עוגיות מילקה,גרמים,156.00,100 גרם,false,1,12.90,8.27,true,1,
7622201802394,false,שוקולד חלב מילקה 100 גרם,מנדלז דויצ'\לנד סנקס פרו,DE,שוקולד חלב מילקה,גרמים,100.00,100 גרם,false,1,7.90,7.90,true,1,
7622300356767,false,עוג.שוקולד צ'יפס מילק168,מונדלייז,PL,עוגיות שוקוצ'יפס,גרמים,168.00,100 גרם,false,0,12.90,7.68,true,1,
7622300495046,false,מילקה אקסטרה קקאו 100גר,מנדלז דויצ'\לנד סנקס פרו,DE,שוקולד מילקה,גרמים,100.00,100 גרם,false,0,7.90,7.90,true,1,
7622300503079,false,ביסקוויט מצופה שוקו200גר,מונדלייז,PL,ביסקוויט מצופה,גרמים,200.00,100 גרם,false,0,12.90,6.45,true,1,
7622400005190,false,שוקולד מילקה חום לבן100ג,מנדלז דויצ'\לנד סנקס פרו,DE,שוקולד מילקה,גרמים,100.00,100 גרם,false,0,7.90,7.90,true,1,
7891024124826,false,קולגייט אופטיק וייט 75מל,קולגייט פלמוליב,BR,משחת קולגייט,מיליליטרים,75.00,"100 מ""ל",false,0,22.90,30.53,true,1,
8000380005598,false,וופל טורטינה מריר 125גרם,א. לואקר אס. פי. אי-אי.,IT,וופל טורטינה,גרמים,125.00,100 גרם,false,0,18.50,14.80,true,1,
8000380007219,false,ופלים לואקר ט.אגוזים175ג,א. לואקר,AT,ופלים לואקר,גרמים,175.00,100 גרם,false,0,12.70,7.26,true,1,
8000380007271,false,ופלים לואקר בטעם חלב175ג,א. לואקר,AT,ופלים לואקר,גרמים,175.00,100 גרם,false,0,12.70,7.26,true,1,
8000380142484,false,וופל קואדרטיני מריר250גר,לואקר,AT,וופל קואדרטיני,גרמים,250.00,100 גרם,false,0,15.20,6.08,true,1,
8000380144044,false,ופלים גרדנה שוקולד200גרם,לואקר,IT,ופלים גרדנה,גרמים,200.00,100 גרם,false,0,15.10,7.55,true,1,
8000380192199,false,וופל לואקר דאבל שוקול175,לואקר,AT,וופל לואקר דאבל,גרמים,175.00,100 גרם,false,1,12.70,7.26,true,1,
8000500023624,false,חטיף קינדר הפי היפו 5יח',פררו,DE,קינדר הפי היפו,גרמים,102.00,100 גרם,false,0,13.90,13.63,true,1,
8000500029350,false,קינדר בואנו 43*3 גרם,פררו,PL,קינדר בואנו,גרמים,129.00,100 גרם,false,0,11.90,9.22,true,1,
8000500121436,false,קינדר בואנו לבן 39*3 גרם,פררו,PL,קינדר בואנו לבן,גרמים,117.00,100 גרם,false,0,11.90,10.17,true,1,
8000500247150,false,פררו רושה קולקשיין 172גר,פררו,DE,פררו רושה,גרמים,172.00,100 גרם,false,1,27.90,16.22,true,1,
8000500374429,false,גרנד רושה חלב פררו125ג,---,PL,גרנד רושה פררו,גרמים,125.00,100 גרם,false,1,17.90,14.32,true,1,
8000500374542,false,גרנד רושה מריר פררו125ג,---,PL,גרנד רושה פררו,גרמים,125.00,100 גרם,false,1,17.90,14.32,true,1,
8001090721099,false,קפסולות כביסה אריאל 27יח,פרוקטר אנד גמבל,FR,קפסולות גל כביסה,יחידה,1.00,יחידה,false,1,36.90,36.90,true,1,
8001090832573,false,שמפו פנטן לחות מוגברת660,פרוקטר אנד גמבל,RO,שמפו פנטן,מיליליטרים,660.00,"100 מ""ל",false,1,22.90,3.47,true,1,
8001090832818,false,"מרכך פנטן קלאסי 660 מ""ל",פרוקטר אנד גמבל,RO,מרכך פנטן,מיליליטרים,660.00,"100 מ""ל",false,1,22.90,3.47,true,1,
8002230000012,false,אפרול 1 ליטר,דויד קמפרי,IT,אפרול,ליטרים,1.00,ליטר,false,1,129.90,129.90,true,1,
8423207206488,false,סלים דליס מצופה שוקולד6י,סלים דליס,ES,חטיפי דגנים מרבה,גרמים,120.00,100 גרם,false,0,12.90,10.75,true,1,
8423207209885,false,"6סלים דליס שוק.חלב כשל""פ",סלים דליס,ES,"סלים דליס כשל""פ",גרמים,120.00,100 גרם,false,1,12.90,10.75,true,1,
8690637858734,false,סיף ג'ל אקונומ.לימון750מ,יוניליוור,TR,סיף ג'ל לימון,מיליליטרים,750.00,"100 מ""ל",false,1,13.90,1.85,true,1,
8690637871085,false,רוטב ברביקיו הלמנס 285 ג,יוניליוור,TR,רוטב ברביקיו,גרמים,285.00,100 גרם,false,1,13.90,4.88,true,1,
8690637946301,false,בדין אקסטרא בייבי 960 מל,יוניליוור סנאיי וי טיקאר,TR,בדין מרכך בייבי,מיליליטרים,960.00,"100 מ""ל",false,1,17.90,1.86,true,1,
8697530910743,false,פאלמאל כחול קצר חפ,bat,TR,פאלמאל  כחול קצר,יחידה,1.00,יחידה,false,0,28.00,28.00,false,1,
8710502139017,false,עוג.טריפל שוקוצ'יפס180גר,בנקטבקריי מרבה בי.וי,NL,עוגיות שוקוצ'יפס,גרמים,180.00,100 גרם,false,0,10.90,6.06,true,1,
8711000362570,false,קפסולות לור 9 פורזה 52גר,JDE,FR,קפסולות לור,גרמים,52.00,100 גרם,false,1,19.90,38.27,true,1,
8715700110158,false,ממרח מיונז במרקם קרמי490,ה.י.היינץ הולדינג בי.וי,NL,ממרח מיונז,גרמים,490.00,100 גרם,false,1,12.90,2.63,true,1,
8715700419732,false,מתבל עגבניות היינץ700גרם,היינץ,NL,מתבל עגבניות,גרמים,700.00,100 גרם,false,0,13.90,1.99,true,1,
8717163647257,false,דאו ספריי גוף גולד 150 מ,יוניליוור אנגליה,RU,אקס ספריי,מיליליטרים,150.00,"100 מ""ל",false,1,17.90,11.93,true,1,
8719200998001,false,"מרגרינה בלובנד ללת""מ200ג",יוניליוור ישראל מזון בע\,IL,מרגרינה בלובנד,גרמים,200.00,100 גרם,false,1,4.70,2.35,true,1,
8720181043093,false,אקס דאו.ספרייאפל150מ,"יוניליוור אנגליה, דרך קו",RU,אקס דאו.ספריי גו,מיליליטרים,150.00,"100 מ""ל",false,1,17.90,11.93,true,1,
8801055707966,false,טסטרס צ'וייס בריסטה180ג,לוטה נסטלה קוריאה,KR,טסטרס צ'וייס,גרמים,180.00,100 גרם,false,1,32.90,18.28,true,1,
8802241132821,false,חטיף אצות קלויות+מלחים13,,KR,חטיף אצות קלויות,גרמים,13.00,100 גרם,false,1,12.00,92.31,true,1,
8901537024014,false,אורז בסמטי דאווט,,IN,אורז בסמטי דאווט,קילוגרמים,1.00,"ק""ג",false,0,14.90,14.90,true,1,
