code,internal_code,name,manufacturer_name,manufacture_country,manufacturer_item_description,unit_qty,quantity,unit_of_measure,weighted,qty_in_package,price,unit_of_measure_price,allow_discount,status,item_id
17,true,ביטול משלוח אינטרנט/,,,ביטול משלוח אינטרנט/,יחידה,0.00,יחידה,false,,29.00,0.0000,true,1,83039
55,true,משלוחים לבית,,,משלוחים לבית,יחידה,0.00,יחידה,false,,29.90,0.0000,true,1,91355
163,true,פטריות שמפיניון תפזו,,,פטריות שמפיניון תפזו,קילוגרמים,1.00,"ק""ג",true,,39.90,39.9000,true,1,55318
164,true,פטריות חורש תפזורת,,,פטריות חורש תפזורת,קילוגרמים,1.00,"ק""ג",true,,39.90,39.9000,true,1,55319
301,true,בקבוק ריק חוזר בירה,,,בקבוק ריק חוזר בירה,יחידה,0.00,יחידה,false,,1.20,0.0000,true,1,61584
403,true,מאפה כיס פרלין פרימי,,,מאפה כיס פרלין פרימי,קילוגרמים,1.00,"ק""ג",true,,48.90,48.9000,true,1,122814
572,true,קופון מצטרף חדש למוע,,,קופון מצטרף חדש למוע,יחידה,0.00,יחידה,false,,0.01,0.0000,true,1,91371
996,true,חלה קלועה,,,חלה קלועה,,1.00,,false,,13.90,13.9000,true,1,262616
998,true,חלה מתוקה קלועה,,,חלה מתוקה קלועה,,1.00,,false,,13.90,13.9000,true,1,122825
1009,true,בגט שלם,,,בגט שלם,,1.00,,false,,5.50,5.5000,true,1,122828
1014,true,בגט רוסטיק,,,בגט רוסטיק,,1.00,,false,,9.90,9.9000,true,1,122831
1043,true,כרוב לבן כשר,,,כרוב לבן כשר,קילוגרמים,1.00,"ק""ג",true,,14.90,14.9000,true,1,55340
1058,true,חלה רגילה/חלה ציפורי,,,חלה רגילה/חלה ציפורי,,500.00,יח',false,,5.17,0.0103,true,1,123471
1059,true,חלה מתוקה 500 גרם,,,חלה מתוקה 500 גרם,,500.00,100 גרם,false,,12.90,0.0258,true,1,123472
1070,true,סופגניה מיוחדת עם תו,,,סופגניה מיוחדת עם תו,,1.00,,false,,6.90,6.9000,true,1,175313
1073,true,סופגניה גדולה בודדת,,,סופגניה גדולה בודדת,יחידה,0.00,יחידה,false,,4.30,0.0000,true,1,163422
1079,true,מיני סופגניה בודדת,,,מיני סופגניה בודדת,יחידה,0.00,יחידה,false,,3.60,0.0000,true,1,157878
1091,true,צנונית בייבי,,,צנונית בייבי,,400.00,יח',false,,6.90,0.0173,true,1,55349
1095,true,בייבי בטטה,,,בייבי בטטה,,1.00,,false,,8.90,8.9000,true,1,55352
1153,true,צימוק חום,,,צימוק חום,קילוגרמים,1.00,"ק""ג",true,,32.00,32.0000,true,1,60219
1201,true,לחמניה מזונות 90 גרם,,,לחמניה מזונות 90 גרם,,90.00,100 גרם,false,,2.90,0.0322,true,1,123475
1476,true,לימון סיני,,,לימון סיני,קילוגרמים,1.00,"ק""ג",true,,13.90,13.9000,true,1,156400
1488,true,אשכולית אדומה,,,אשכולית אדומה,קילוגרמים,1.00,"ק""ג",true,,6.90,6.9000,true,1,55371
1494,true,תפו`א לבן תפזורת,,,תפו`א לבן תפזורת,קילוגרמים,1.00,"ק""ג",true,,5.90,5.9000,true,1,55377
1495,true,תפו`א אדום תפזורת,,,תפו`א אדום תפזורת,קילוגרמים,1.00,"ק""ג",true,,6.90,6.9000,true,1,156197
1500,true,פלפל כתום,,,פלפל כתום,קילוגרמים,1.00,"ק""ג",true,,10.90,10.9000,true,1,55383
1501,true,עגבניות,,,עגבניות,קילוגרמים,1.00,"ק""ג",true,,7.90,7.9000,true,1,55384
1502,true,מלפפונים,,,מלפפונים,קילוגרמים,1.00,"ק""ג",true,,7.90,7.9000,true,1,55385
1503,true,גזר ארוז,,,גזר ארוז,קילוגרמים,1.00,"ק""ג",true,,5.90,5.9000,true,1,55386
1504,true,סלק,,,סלק,קילוגרמים,1.00,"ק""ג",true,,5.90,5.9000,true,1,55387
1505,true,כרוב לבן,,,כרוב לבן,קילוגרמים,1.00,"ק""ג",true,,5.90,5.9000,true,1,55388
1506,true,כרוב אדום,,,כרוב אדום,קילוגרמים,1.00,"ק""ג",true,,5.90,5.9000,true,1,55389
1507,true,כרובית,,,כרובית,קילוגרמים,1.00,"ק""ג",true,,11.90,11.9000,true,1,55390
1510,true,קישואים,,,קישואים,קילוגרמים,1.00,"ק""ג",true,,8.90,8.9000,true,1,55392
1511,true,חצילים,,,חצילים,קילוגרמים,1.00,"ק""ג",true,,8.90,8.9000,true,1,55393
1513,true,פלפל ירוק,,,פלפל ירוק,קילוגרמים,1.00,"ק""ג",true,,9.90,9.9000,true,1,55394
1515,true,פלפל חריף,,,פלפל חריף,קילוגרמים,1.00,"ק""ג",true,,9.90,9.9000,true,1,55396
1516,true,פלפל אדום,,,פלפל אדום,קילוגרמים,1.00,"ק""ג",true,,10.90,10.9000,true,1,55397
1517,true,פלפל רומרו,,,פלפל רומרו,קילוגרמים,1.00,"ק""ג",true,,12.90,12.9000,true,1,156407
1518,true,מלון,,,מלון,קילוגרמים,1.00,"ק""ג",true,,7.90,7.9000,true,1,55399
1519,true,בצל יבש,,,בצל יבש,קילוגרמים,1.00,"ק""ג",true,,5.90,5.9000,true,1,55400
1521,true,קולורבי,,,קולורבי,קילוגרמים,1.00,"ק""ג",true,,7.90,7.9000,true,1,55401
1522,true,חסה ערבית,,,חסה ערבית,,1.00,,false,,4.90,4.9000,true,1,55402
1527,true,פטרוזיליה גומי,,,פטרוזיליה גומי,,1.00,,false,,3.90,3.9000,true,1,55406
1531,true,לפת,,,לפת,קילוגרמים,1.00,"ק""ג",true,,8.90,8.9000,true,1,55410
1533,true,שעועית ירוקה,,,שעועית ירוקה,קילוגרמים,1.00,"ק""ג",true,,23.90,23.9000,true,1,55412
1535,true,תפו`א אדום ארוז,,,תפו`א אדום ארוז,קילוגרמים,1.00,"ק""ג",true,,5.90,5.9000,true,1,55414
1541,true,ארטישוק,,,ארטישוק,קילוגרמים,1.00,"ק""ג",true,,18.90,18.9000,true,1,156412
1542,true,ערמונים,,,ערמונים,קילוגרמים,1.00,"ק""ג",true,,18.90,18.9000,true,1,55421
1543,true,אבטיח,,,אבטיח,קילוגרמים,1.00,"ק""ג",true,,6.90,6.9000,true,1,55422
1545,true,שום ארוז ייבוא יח',,,שום ארוז ייבוא יח',,1.00,,false,,5.90,5.9000,true,1,55424
1547,true,שומר,,,שומר,קילוגרמים,1.00,"ק""ג",true,,7.90,7.9000,true,1,55426
1548,true,תות שדה ביח',,,תות שדה ביח',,1.00,,false,,21.90,21.9000,true,1,156413
1550,true,תפו`א לבן ארוז,,,תפו`א לבן ארוז,קילוגרמים,1.00,"ק""ג",true,,4.90,4.9000,true,1,55429
1551,true,לימון,,,לימון,קילוגרמים,1.00,"ק""ג",true,,8.90,8.9000,true,1,55430
1552,true,תפוז,,,תפוז,קילוגרמים,1.00,"ק""ג",true,,6.90,6.9000,true,1,55431
1553,true,ענב לבן,,,ענב לבן,קילוגרמים,1.00,"ק""ג",true,,29.90,29.9000,true,1,55432
1555,true,תפוז ארוז,,,תפוז ארוז,קילוגרמים,1.00,"ק""ג",true,,5.90,5.9000,true,1,55434
1556,true,בננה מובחרת,,,בננה מובחרת,קילוגרמים,1.00,"ק""ג",true,,6.90,6.9000,true,1,55435
1560,true,דלעת ארוזה,,,דלעת ארוזה,קילוגרמים,1.00,"ק""ג",true,,10.90,10.9000,true,1,55439
1561,true,תפוח עץ זהוב,,,תפוח עץ זהוב,קילוגרמים,1.00,"ק""ג",true,,10.90,10.9000,true,1,55440
1563,true,תפוח עץ חרמון,,,תפוח עץ חרמון,קילוגרמים,1.00,"ק""ג",true,,10.90,10.9000,true,1,55442
1564,true,תפוח עץ סמיט,,,תפוח עץ סמיט,קילוגרמים,1.00,"ק""ג",true,,10.90,10.9000,true,1,55443
1568,true,רימון,,,רימון,קילוגרמים,1.00,"ק""ג",true,,9.90,9.9000,true,1,55446
1570,true,קלמנטינה,,,קלמנטינה,קילוגרמים,1.00,"ק""ג",true,,6.90,6.9000,true,1,55448
1571,true,פלפל שושקה,,,פלפל שושקה,קילוגרמים,1.00,"ק""ג",true,,12.90,12.9000,true,1,55449
1572,true,אבוקדו מובחר,,,אבוקדו מובחר,קילוגרמים,1.00,"ק""ג",true,,9.90,9.9000,true,1,55450
1574,true,בטטה מתוקה,,,בטטה מתוקה,קילוגרמים,1.00,"ק""ג",true,,10.90,10.9000,true,1,55452
1576,true,אגס,,,אגס,קילוגרמים,1.00,"ק""ג",true,,13.90,13.9000,true,1,55453
1577,true,אגס נאשי,,,אגס נאשי,קילוגרמים,1.00,"ק""ג",true,,17.90,17.9000,true,1,55454
1581,true,פלפל צהוב,,,פלפל צהוב,קילוגרמים,1.00,"ק""ג",true,,10.90,10.9000,true,1,55457
1588,true,תירס ארוז,,,תירס ארוז,קילוגרמים,1.00,"ק""ג",true,,9.90,9.9000,true,1,55462
1590,true,משורית סרט 1590 ממ,,,פומלה,קילוגרמים,1.00,"ק""ג",true,,8.90,8.9000,true,1,55463
1590,true,משורית סרט 1590 ממ,,,משורית סרט 1590 ממ,,1000.00,,false,,8.90,0.0089,true,1,140755
1591,true,ענב אדום,,,ענב אדום,קילוגרמים,1.00,"ק""ג",true,,29.90,29.9000,true,1,55464
1603,true,אבוקדו ברשת,,,אבוקדו ברשת,קילוגרמים,1.00,"ק""ג",true,,11.90,11.9000,true,1,156421
1604,true,אפרסמון,,,אפרסמון,קילוגרמים,1.00,"ק""ג",true,,15.90,15.9000,true,1,55475
1608,true,זנגוויל\גינגיר תפזור,,,זנגוויל\גינגיר תפזור,קילוגרמים,1.00,"ק""ג",true,,25.90,25.9000,true,1,55479
1610,true,שרי אשכולות לקג,,,שרי אשכולות לקג,קילוגרמים,1.00,"ק""ג",true,,19.90,19.9000,true,1,55480
1613,true,דלורית,,,דלורית,קילוגרמים,1.00,"ק""ג",true,,6.90,6.9000,true,1,55483
1615,true,בצל אדום,,,בצל אדום,קילוגרמים,1.00,"ק""ג",true,,7.90,7.9000,true,1,55485
1616,true,כוסברה כשר,,,כוסברה כשר,,1.00,,false,,5.90,5.9000,true,1,56200
1617,true,אננס,,,אננס,,1.00,,false,,39.90,39.9000,true,1,55486
1619,true,פומלית,,,פומלית,קילוגרמים,1.00,"ק""ג",true,,6.90,6.9000,true,1,55488
1620,true,קיווי,,,קיווי,קילוגרמים,1.00,"ק""ג",true,,18.90,18.9000,true,1,55489
1628,true,צנון לבן,,,צנון לבן,קילוגרמים,1.00,"ק""ג",true,,14.90,14.9000,true,1,55494
1632,true,קישוא זוקיני ירוק,,,קישוא זוקיני ירוק,קילוגרמים,1.00,"ק""ג",true,,12.90,12.9000,true,1,55498
1670,true,"בטטה קסביה (תפו""א יר",,,"בטטה קסביה (תפו""א יר",קילוגרמים,1.00,"ק""ג",true,,18.90,18.9000,true,1,55518
1683,true,תפוח עץ פינק קריפס,,,תפוח עץ פינק קריפס,קילוגרמים,1.00,"ק""ג",true,,14.90,14.9000,true,1,55529
1708,true,גזר תפזורת,,,גזר תפזורת,קילוגרמים,1.00,"ק""ג",true,,5.90,5.9000,true,1,55546
1814,true,בצלצלי שאלוט,,,בצלצלי שאלוט,,280.00,יח',false,,14.90,0.0532,true,1,56201
1824,true,מלון שרנטה,,,מלון שרנטה,קילוגרמים,1.00,"ק""ג",true,,9.90,9.9000,true,1,55565
1841,true,תפוח פינק קריפס מאר,,,תפוח פינק קריפס מאר,,600.00,100 גרם,false,,14.90,0.0248,true,1,107600
1854,true,שרי מיניאפלם,,,שרי מיניאפלם,,1.00,,false,,9.90,9.9000,true,1,107603
1859,true,שיבה ליח',,,שיבה ליח',,1.00,,false,,4.90,4.9000,true,1,162940
1876,true,עירית ליח,,,עירית ליח,,1.00,,false,,6.90,6.9000,true,1,55601
2000,true,"בורקס גבינה/תפו""א",,,"בורקס גבינה/תפו""א",קילוגרמים,1.00,"ק""ג",true,,45.00,45.0000,true,1,57516
2012,true,מב אוזני פיל פרווה,,,*מבצע* אוזני פיל פרו,קילוגרמים,1.00,"ק""ג",true,,27.90,27.9000,true,1,122850
3500,true,עוף טרי שלם,,,עוף טרי שלם,קילוגרמים,1.00,"ק""ג",true,,19.90,19.9000,true,1,81712
3501,true,כרעיים עוף טרי,,,כרעיים עוף טרי,קילוגרמים,1.00,"ק""ג",true,,29.90,29.9000,true,1,81713
3502,true,חזה עוף טרי,,,חזה עוף טרי,קילוגרמים,1.00,"ק""ג",true,,34.90,34.9000,true,1,81714
3506,true,גרון הודו זכר טרי,,,גרון הודו זכר טרי,קילוגרמים,1.00,"ק""ג",true,,29.90,29.9000,true,1,81718
3507,true,שניצל עוף פרוס טרי,,,שניצל עוף פרוס טרי,קילוגרמים,1.00,"ק""ג",true,,38.90,38.9000,true,1,74036
3508,true,כנפים הודו טרי,,,כנפים הודו טרי,קילוגרמים,1.00,"ק""ג",true,,19.90,19.9000,true,1,81719
3511,true,חזה הודו טרי,,,חזה הודו טרי,קילוגרמים,1.00,"ק""ג",true,,34.90,34.9000,true,1,81721
3512,true,שוארמה נקבה טרי,,,שוארמה נקבה טרי,קילוגרמים,1.00,"ק""ג",true,,74.90,74.9000,true,1,81722
3513,true,נתחי חזה הודו טרי,,,נתחי חזה הודו טרי,קילוגרמים,1.00,"ק""ג",true,,31.90,31.9000,true,1,81723
3515,true,שוקיים הודו טרי,,,שוקיים הודו טרי,קילוגרמים,1.00,"ק""ג",true,,31.90,31.9000,true,1,81724
3517,true,שוקיים פטם טרי,,,שוקיים פטם טרי,קילוגרמים,1.00,"ק""ג",true,,34.90,34.9000,true,1,81726
3522,true,שוארמה פרגיות טרי,,,שוארמה פרגיות טרי,קילוגרמים,1.00,"ק""ג",true,,59.90,59.9000,true,1,81730
3540,true,שוק הודו מפורק טרי,,,שוק הודו מפורק טרי,קילוגרמים,1.00,"ק""ג",true,,59.90,59.9000,true,1,81740
3546,true,בשר עוף טרי טחון,,,בשר עוף טרי טחון,קילוגרמים,1.00,"ק""ג",true,,36.90,36.9000,true,1,70404
5504,true,דונאטס בטעמים מצופה,,,דונאטס בטעמים מצופה,,45.00,יח',false,,6.90,0.1533,true,1,238842
5506,true,דונאטס בטעמים ממולא,,,דונאטס בטעמים ממולא,,65.00,יח',false,,7.90,0.1215,true,1,547658
7256,true,סיני מוקפץ עוף,,,סיני מוקפץ עוף,קילוגרמים,1.00,"ק""ג",true,,50.00,50.0000,true,1,86900
7664,true,שרי תמר תפזורת לובלו,,,שרי תמר תפזורת לובלו,קילוגרמים,1.00,"ק""ג",true,,24.90,24.9000,true,1,55620
8888,true,פיקדון זיכוי לקוח,,,פיקדון זיכוי לקוח,יחידה,0.00,יחידה,false,,0.30,0.0000,true,1,92816
9999,true,פיקדון בקבוקים,,,פיקדון בקבוקים,יחידה,0.00,יחידה,false,,0.30,0.0000,true,1,53597
5678585,true,ענב סקרלוטה,,,ענב סקרלוטה,קילוגרמים,1.00,"ק""ג",true,,29.90,29.9000,true,1,189327
20229702,false,מגבונים לניקוי כללי,,,מגבונים לניקוי כללי,יחידה,0.00,יחידה,false,,3.90,0.0000,true,1,288580
32147230,false,"מיץ לימון סיצילייה 200 מ""ל",ג'נרל מילס סאן אדריא,,מיץ לימון סיצילייה 2,,200.00,,false,,7.90,0.0395,true,1,60709
40052403,false,קיט קט אצבעות 40 גרם,,,קיט קט אצבעות 40 גרם,,40.00,יח',false,,4.90,0.1225,true,1,54824
59039549,false,ווג פריזון מנטול חפיסה,BAT,,ווג קופסא בודדת פריס,יחידה,0.00,יחידה,false,,39.00,0.0000,false,1,59296
59068907,false,סיגריות פאל מאל כחול דמי סלימס,גלוברנס,,פאל מאל כחול דמי סלי,יחידה,0.00,יחידה,false,,27.00,0.0000,false,1,183820
72917367,false,טעמי 28 חטיף 40 גר',"שטראוס גרופ בע""מ",IL,טעמי 40 גר',,40.00,יח',false,,4.90,0.1225,true,1,77740
72940754,false,מילקי וניל 133 גרם,"שטראוס גרופ בע""מ",IL,"מילקי וניל 170 מ""ל",,170.00,"100 מ""ל",false,,2.90,0.0171,true,1,78472
72940761,false,מילקי שוקולד מהדרין 170 ג',מיוצר עי קונדיטוריית,IL,מילקי שוקולד מהדרין,,170.00,"100 מ""ל",false,,2.90,0.0171,true,1,78473
72940952,false,מילקי פי 2 קצפת אקסטרה 170 ג',"שטראוס גרופ בע""מ",IL,מילקי אקסטראה קצפת מ,,110.00,,false,,4.10,0.0373,true,1,78474
72940983,false,חומוס אחלה 250 גרם,,,אחלה חומוס 250ג,,250.00,יח',false,,7.90,0.0316,true,1,78476
72941041,false,מיני מילקי שוקולד 62 גרם,"שטראוס גרופ בע""מ",IL,מיני מילקי שוקולד 70,,70.00,"100 מ""ל",false,,2.50,0.0357,true,1,78477
72945308,false,קוביות שמרים לאפיה שמרית 2*25 ג',"פאקא תעשיות בע""מ",IL,שמרית קוביות שמרים ל,,50.00,יח',false,,4.00,0.0800,true,1,78478
72961506,false,יוגורט עם תות 1.5% שומן 125 ג' פרילי,מיוצר עי קונדיטוריית,IL,פרילי תות 1.5% 125מל,,125.00,,false,,4.10,0.0328,true,1,80808
72961520,false,יוגורט עם אננס 1.5% שומן 125 ג' פרילי,מיוצר עי קונדיטוריית,IL,פרילי אננס 1.5% 125מ,,125.00,,false,,4.10,0.0328,true,1,80810
72961544,false,יוגרט תות 3% 125שומן ג' באדי,מחלבת אלון תבור,IL,באדי תות 125מל,,125.00,,false,,3.50,0.0280,true,1,80811
72963753,false,שמנת אורגינל של פעם 27% שומן 200 ג' תנובה,תנובה מרכז שיתופי לש,IL,תנובה שמנת של פעם 27,,200.00,,false,,4.20,0.0210,true,1,80817
72964422,false,"יוגורט פרחים גביע 4.5% 200 מ""ל",מחלבת תנובה,IL,תנובה יוגורט פרחים 4,,200.00,,false,,3.50,0.0175,true,1,80821
72983997,false,גולף גולד 100 פ.ע חפיסה,דובק,,גולף גולד ארוך,יחידה,0.00,יחידה,false,,30.90,0.0000,false,1,59783
72986370,false,"גלידת בן & ג'ריס פיינטים וניל 500מ""ל",מוצרי איכות אמריקאים,IL,גלידת פיינטים וניל צ,,420.00,,false,,26.90,0.0640,true,1,69410
72986424,false,"גלידת בן & ג'ריס פיינטים קרם עוגיות 500מ""ל",מוצרי איכות אמריקאיי,IL,גלידת פיינטים קרם עו,,420.00,,false,,26.90,0.0640,true,1,69411
72986448,false,"גלידת בן & ג'ריס פיינטים טופי קראנץ 500מ""ל",מוצרי איכות אמריקאיי,IL,גלידת טופי קרנץ,,420.00,,false,,26.90,0.0640,true,1,69412
72989425,false,"גלידת בן & ג'ריס פיינטים שוקולד בראוניז 500מ""ל",מוצרי איכות אמריקאיי,IL,גלידת פיינטים שוקולד,,500.00,,false,,26.90,0.0538,true,1,69416
72991374,false,סיגריות טיים רד חפיס,דובק,,טיים רד,יחידה,0.00,יחידה,false,,29.90,0.0000,false,1,59785
72991381,false,קופסה טיים אדום ארוך,דובק,,טיים רד ארוך,יחידה,0.00,יחידה,false,,29.90,0.0000,false,1,59786
72993637,false,מעדן חלב בטעם שוקולד 125 ג' דני,מחלבת אחיהוד,IL,דני מהדרין שוקו בודד,,125.00,"100 מ""ל",false,,2.90,0.0232,true,1,78481
72994061,false,חטיף פסק זמן GOOD גלילית לבן 40 גרם,שולן צ'יקולטה גידה ס,TR,פסק זמן 36גר,,36.00,יח',false,,5.90,0.1639,true,1,157353
76136184,false,פאל מאל סופרסלימס כחול קופסה,BAT,,פאל מאל בלו סופרסלימ,יחידה,0.00,יחידה,false,,31.00,0.0000,false,1,59299
80176800,false,נוטלה ממרח שוקולד 750 גרם,פררו תעשיות איטליה ס,IT,ממרח שוקולד נוטלה 75,,750.00,יח',false,,29.00,0.0387,true,1,101891
80177173,false,ממרח נוטלה קקאו עם א,פררו,IT,ממרח נוטלה קקאו עם א,,350.00,יח',false,,17.90,0.0511,true,1,101892
80177609,false,קינדר - אצבעות שוקולד רביעייה,קדבורי,IT,קינדר אצבעות שוק.חלב,,50.00,יח',false,,5.50,0.1100,true,1,101893
80177616,false,טבלת שוקולד קינדר 100 גרם,פררו,IT,אצבעות שוקולד קינדר,,100.00,יח',false,,9.40,0.0940,true,1,101894
80273561,false,פלפל שחור במטחנה 45 גר ארומה דה טוסקנה,DROGHERIA E ALIMENTA,,פלפל שחור במטחנה,,45.00,יח',false,,14.50,0.3222,true,1,101666
80761761,false,קינדר בואנו לבן בודד 39 גר,קדבורי,PL,קינדר בואנו לבן 39ג,,43.00,יח',false,,5.90,0.1372,true,1,101895
80773429,false,מסטיק מנטוס פיור פרש בבקבוק בינוני בטעם תות 60 ג',"פרפטי ואן מלה ג'ידה,",TR,מסטיק מנטוס בקבוק בט,,60.00,יח',false,,10.90,0.1817,true,1,172074
80790990,false,מסטיק מנטוס בבקבוק מעוגל בטעם פירות -מנטה 60 ג',"פרפטי ואן מלה ג'ידה,",TR,מסטיק מנטוס בקבוק בט,,60.00,יח',false,,10.90,0.1817,true,1,142711
80864295,false,סוכריות פיור וויט טעם מנטה עדינה 60 ג' מנטוס,"פרפטי ואן מלה ג'ידה,",TR,מנטוס פיור וויט ללא,,60.00,יח',false,,10.90,0.1817,true,1,427147
80913467,false,מסטיק מנטו בבקבוק מעוגל בטעם מנטה 60 ג',פרפטי ואן מלה ברדה,TR,מסטיק מנטוס בקבוק בט,,60.00,יח',false,,10.90,0.1817,true,1,142712
80954521,false,מסטיק מנטוס פיור פרש בטעם תות 28 גרם,פרפטי ואן מלה ברדה,TR,מסטיק מנטוס פיור פרש,,28.00,יח',false,,5.90,0.2107,true,1,340150
80995128,false,מנטוס - מסטיק בטעם הדרים בתוספת ויטמינים 60 גרם,ווינפאק,TR,מסטיק מנטוס ויטמין ל,,60.00,יח',false,,10.90,0.1817,true,1,550514
87108538,false,סוכריות מנטוס תות גל,הדקלאים אגודת שיתופי,NL,מנטוס תות בגליל 37.5,,37.50,יח',false,,4.50,0.1200,true,1,68091
87108651,false,מנטוס מנטה מארז 4 יח' * 37.5 ג',הדקלאים אגודת שיתופי,NL,סוכריות מנטוס מנטה 1,,150.00,יח',false,,12.90,0.0860,true,1,68092
90087011,false,מיץ תפוחים 100% קרטונית ראוך,,AT,מיץ תפוחים 1 ליטר,ליטרים,1.00,ליטר,false,,12.50,12.5000,true,1,161629
90087066,false,מיץ תפוזים 100% טבעי 1 ל' RAUCH,,AT,מיץ תפוזים 100%,יחידה,0.00,יחידה,false,,12.50,0.0000,true,1,151100
198888886,false,עיגול אגורות,,,עיגול אגורות,יחידה,0.00,יחידה,false,,1.00,0.0000,true,1,109144
8421361250,false,בובת TY עיניים גדולות (S) דיוק הכלב לבן חום,,,בובות TY עיניים גדול,יחידה,0.00,יחידה,false,,28.90,0.0000,true,1,87789
10900678148,false,דיאמונד רדיד אלומיניום נון סטיק,,CN,רדיד אלומיניום נון ס,יחידה,0.00,יחידה,false,,15.90,0.0000,true,1,423828
11210000094,false,"רוטב טבסקו אדום 60 מ""ל",מקאילהייני אייבורי,,טבסקו,,60.00,,false,,13.90,0.2317,true,1,104614
11210002500,false,"רוטב טבסקו בפאלו 150 מ""ל","ניצן מותגי מזון בע""מ",,טבסקו רוטב כנפי באפא,,150.00,"100 מ""ל",false,,24.90,0.1660,true,1,94719
11210698055,false,רוטב טבסקו סרירציה 566 גרם,,,רוטב טבסקו סרירצ'ה,,566.00,,false,,30.90,0.0546,true,1,164612
13300002865,false,פילסברי ציפוי פאן פטי שוקולד 442ג,,US,ציפוי עוגה פאן פטי ש,,442.00,יח',false,,19.90,0.0450,true,1,492487
16000185517,false,נסטלה - דגני בוקר פייבר 555 גרם,בטר אנד דיפרנט,US,פייבר1- דגני בוקר עת,,555.00,יח',false,,26.90,0.0485,true,1,422243
16000423534,false,ניטשר ואלי חטיף שיבולת שועל שוקולד מריר קראנצי 210ג',ג'נרל מילס סאן אדריא,ES,חטיף קראנצי שיבולת ש,,210.00,יח',false,,22.90,0.1090,true,1,68102
16000548404,false,ניטשר ואלי חטיף קראנצי גרנולה שיבולת שועל 210 ג',ג'נרל מילס סאן אדריא,ES,חטיף קראנצי גרנולה ש,,210.00,יח',false,,22.90,0.1090,true,1,68106
16000548503,false,ניטשר ואלי קראנצי חטיף גרנולהומייפל 10 יח' 210 ג',ג'נרל מילס סאן אדריא,ES,חטיף קראנצי גרנולה מ,,210.00,יח',false,,22.90,0.1090,true,1,68107
16229924263,false,"קרם קוקוס 250 מ""ל.",,,"קרם קוקוס 250 מ""ל.",,250.00,,false,,10.90,0.0436,true,1,168009
18000701223,false,תערובת לעוגת שוקולד 517 גרם פילסבורי,הדקלאים אגודת שיתופי,IL,תערובת לעוגת שוק.דוי,,500.00,יח',false,,19.90,0.0398,true,1,68111
22200956932,false,דאודורנט ספיד סטיק גל 24/7 כחול 85 גר,הנסיך- מפעל לייצור ט,US,דאו' ג'ל כחול ספיד ס,,85.00,יח',false,,20.90,0.2459,true,1,76999
25675120068,false,מקלות חמצוצים קולה 100 גרם,,,חמצוצים מקלות קולה 1,,100.00,יח',false,,10.90,0.1090,true,1,59020
25700005681,false,שקיות אחסון סליידר בינוניות -20 יח' זיפלוק,אס.סי גונוסון,US,זיפלוק שקיות איחסון,,140.00,יח',false,,17.90,0.1279,true,1,326017
30000315989,false,קוואקר פרוטאין חמוציות ושקדים 372 גר,קוואקר אוטס קומפני,US,פרוטאין חמוציות ושקד,,372.00,יח',false,,24.90,0.0669,true,1,200954
34000196173,false,שוקולד הרשי טבלה XL קוקיס אנד קרים 113ג',הרשי,,הרשיז קוקיס אנד קרים,,113.00,יח',false,,8.90,0.0788,true,1,68124
36000516876,false,ממחטות נייר קלינקס לושן 3 שכבות 75 דף,קימברלי,GB,קלינקס לושן תלת שכבת,יחידה,0.00,יחידה,false,,13.90,0.0000,true,1,257658
37600207188,false,חמאת בוטנים סקיפי קלאסי 462 גר',חברת המזון אלגוד,US,סקיפי חמאת בוטנים קל,,462.00,יח',false,,21.90,0.0474,true,1,60470
37600207256,false,חמאת בוטנים סקיפי עם שברי בוטנים 462 גר',חברת המזון אלגוד,US,סקיפי חמאת בוטנים עם,,462.00,יח',false,,21.90,0.0474,true,1,60471
37600207287,false,חמאת בוטנים עם דבש 462 ג',חברת המזון אלגוד.,US,סקיפי חמאת בוטנים עם,,462.00,יח',false,,21.90,0.0474,true,1,60554
38000232152,false,פרינגלס ברביקיו 158 גרם – חדש,פרינגלס מניופקצ'ורינ,US,פרינגלס ביג ברביקיו,,158.00,יח',false,,10.90,0.0690,true,1,267624
38000232176,false,פרינגלס שמנת ובצל 158 גרם,פרינגלס מניופקצ'ורינ,US,פרינגלס ביג שמנת בצל,,158.00,יח',false,,10.90,0.0690,true,1,267625
38000232183,false,פרינגלס אוריגינל 149 גרם,פרינגלס מניופקצ'ורינ,US,פרינגלס ביג אורגינל,,158.00,יח',false,,10.90,0.0690,true,1,267610
38527591060,false,קוואקר מרובעים אינסנט סוכר חום 430 ג',BEVERAGES FOODS & SE,,דגני בוקר מרובעים קו,,412.00,יח',false,,23.90,0.0580,true,1,125848
41224700260,false,צלפים מיניאטורים בחומץ 90 ג,,,צלפים מינאטוריים בחו,,90.00,יח',false,,19.50,0.2167,true,1,132471
41500007007,false,חרדל צהוב פרנצס קלאסי לחיץ 226 גרם,,US,חרדל צהוב קלאסי 226,,226.00,יח',false,,14.90,0.0659,true,1,500364
42400108153,false,דגני בוקר ממותקים פירות 354 ג'-TOOTIES FRUITIES,POST IIC,US,דגני פרוטיס פוסט 354,,354.00,יח',false,,26.90,0.0760,true,1,329800
46214382259,false,עוגיות בראוניס שוקולד 225 ג',בנקטבקריי מרבה בי.וי,NL,מרבה עוגיות בראוניס,,225.00,יח',false,,11.90,0.0529,true,1,125602
46214731552,false,עוגיות שוקולד ציפס מובחרות 225 ג',קריניציה ויטמינה אס,NL,מרבה עוגיות שוקולד צ,,225.00,יח',false,,11.90,0.0529,true,1,125603
50000225224,false,פריסקיז פריים פילה הודו ברוטב 156 גר,פורינה,US,פריסקיז פריים פילה ה,,156.00,יח',false,,7.50,0.0481,true,1,74734
50000574414,false,פריסקיז פארטי מיקס פ,פורינה,US,פריסקיז פארטי מיקס פ,,60.00,יח',false,,13.90,0.2317,true,1,523529
51500255162,false,"חמאת בוטנים לל""ג JIF אריזת 454ג'",ג'י.אס.קיי קונסיומר,US,חמאת בוטנים קלאסית 4,,454.00,100 גרם,false,,18.90,0.0416,true,1,60720
52100070865,false,תמצית וניל טהור מקורמיק 29 גר',מקורמיק,US,תמצית וניל טהורה 29,,29.00,,false,,29.90,1.0310,true,1,69029
64144090051,false,"ספריי שמן PAM קנולה אורגינל 148 מ""ל",קונאגרה פודס,FI,תרסיס שמן קנולה פאם,,148.00,,false,,21.90,0.1480,true,1,68139
70177077563,false,תה ארל גריי 25 שקיות טוינינגס 50 גר,אר. טווינינגס אנד קו,PL,טווינינג ארל גריי 50,,50.00,יח',false,,19.90,0.3980,true,1,187209
70177078775,false,טווינינג ליידי גריי,,,טווינינג ליידי גריי,,50.00,יח',false,,19.90,0.3980,true,1,187211
70177086664,false,תה ירוק טהור 25 שק TWININGS,טוינינג,GB,טווינינג גרין פיור 5,,50.00,יח',false,,21.90,0.4380,true,1,187212
70177173159,false,תה ירוק עם לימון 25 שק TWININGS,אר. טווינינגס אנד קו,PL,טווינינג גרין למון 4,,40.00,100 גרם,false,,21.90,0.5475,true,1,187213
70177173166,false,תה יסמין ירוק 25 שקיקים TWININGS,,PL,טווינינג גרין ג'סמין,,45.00,יח',false,,21.90,0.4867,true,1,187214
72600062306,false,הרס חטיף במבה בטעם גבינה 198 גרם,הר פודס,,הר חטיף גבינת 198 גר,,198.00,יח',false,,21.90,0.1106,true,1,136331
76840001774,false,"גלידה עוגיות חלב עם חתיכות פאדג בן וג'ירי 500 מ""ל",מוצרי איכות אמריקאים,IL,גלידת פיינטים שוק' צ,,420.00,,false,,26.90,0.0640,true,1,290669
76840002542,false,"גלידת בן & ג'ריס פיינט נטפליקס וצ'ילד 500מ""ל",מוצרי איכות אמריקאים,IL,גלידת פיינטים נטפליק,,420.00,,false,,26.90,0.0640,true,1,290670
76840100583,false,"גלידת וניל עם בצק עוגיות בן וג'ירי 473 מ""ל",מוצרי איכות אמריקאיי,,גלידה וניל +בצק עוגי,,473.00,,false,,26.90,0.0569,true,1,69427
76840400218,false,"גלידה בן&ג'ריס תות שדה ועוגת גבינה 500מ""ל",מוצרי איכות אמריקאיי,,בן&גריס גלידה תות שד,,475.00,,false,,26.90,0.0566,true,1,69442
77245110610,false,סוכריות מאסט ללא סוכר בטעם מנטה 80 ג'עלית,MIESZKO S.A - MS. JO,CO,סוכריות מאסט ללא סוכ,,80.00,יח',false,,8.90,0.1113,true,1,77754
77975094631,false,סנדוויץ' בייגלה במילוי בטעם קרם צ'דר 226 גר',סיינדרס,US,סניידרס בייגלה סנדוו,,266.00,יח',false,,17.90,0.0673,true,1,351654
77975094761,false,שברי בייגלה סניידרס בטעם צידר 340 גרם,סניידרס,US,סניידרס צ'דר 340 גרם,,340.00,יח',false,,17.90,0.0526,true,1,351670
611745285685,true,אבוקדו בשל יח,,,אבוקדו בשל יח,,470.00,יח',false,,9.90,0.0211,true,1,167767
633016004030,false,מיני ברוקולי פרחים א,,,מיני ברוקולי פרחים א,,680.00,יח',false,,26.90,0.0396,true,1,449976
633016004047,false,כרובית 680 גר' מהדרין,,,כרובית פרחים 680 גרם,,680.00,יח',false,,27.90,0.0410,true,1,360948
634065859329,false,אוזנייה שחורה,,,אוזנייה שחורה,יחידה,0.00,יחידה,false,,29.90,0.0000,true,1,476975
649660432020,false,היל ויו שזיפים מיובשים מגולענים 567 גרם,"היל ויו בע""מ",,הייל ויו שזיפים מיוב,,567.00,יח',false,,29.90,0.0527,true,1,378376
693493065634,false,ניוקי 3 צבעים 500 גר,,,ניוקי 3 צבעים 500 גר,,500.00,יח',false,,10.90,0.0218,true,1,296247
728229123811,false,טרה צ'יפס ירקות ים-תיכוני 110 גרם,הונדורס צ'יפס יצור א,HN,טרה צ'יפס חטיף ים ת,,110.00,יח',false,,16.90,0.1536,true,1,60738
728229130154,false,חטיף ציפס מבטטה וסלק 110 גרם,הונדורס צ'יפס יצור א,HN,טרה צ'יפס חטיף בטטה,,110.00,יח',false,,16.90,0.1536,true,1,60740
768404001640,false,"גלידה בן&ג'ריס קפה משפחתית 500מ""ל",מוצרי איכות אמריקאיי,,גלידה פיינטס קפה 473,,473.00,,false,,26.90,0.0569,true,1,69449
787269647763,false,קפה קר קפוצ'ינו 250,,,קפה קר קפוצ'ינו 250,,250.00,,false,,6.90,0.0276,true,1,393384
787269647770,false,"קפה קר אספרסו 250 מ""",,,"קפה קר אספרסו 250 מ""",,250.00,,false,,6.90,0.0276,true,1,393385
818570007066,false,1X12X29Mווטקינס וניל טהור,"ג'יי אר ווטקינס בע""מ",US,וטקינס וניל טהור 2,,29.00,,false,,33.90,1.1690,true,1,167162
835811000419,false,כפיות 50 יח' קרם עבה,,TR,כפיות 50 יח' קרם עבה,יחידה,0.00,יחידה,false,,17.90,0.0000,true,1,200544
835811001195,false,מגש אובלי גדול מדקל,,,מגש אובלי גדול מדקל,,5.00,,false,,21.90,4.3800,true,1,410785
835811001676,false,מגש הכסף תבנית מלבן,,IL,תבנית גדולה 9 יח. R-,יחידה,0.00,יחידה,false,,14.90,0.0000,true,1,62473
835811003427,false,"צלחות גדולות מקנה סוכר 1 ק""ג",,,צלחות גדול מקנה סוכר,יחידה,0.00,יחידה,false,,36.90,0.0000,true,1,553855
835811003595,false,צלחות קלאסי קטן לבן 65 יח' הנמל,,,צלחות קלאסי לבן קטן,יחידה,0.00,יחידה,false,,25.90,0.0000,true,1,459851
835811004059,false,צלחות מרובעות גדול מ,,,צלחות מרובעות גדול מ,,10.00,,false,,17.90,1.7900,true,1,410768
835811004431,false,מארז ממחטות טישו משי 100X5 יח',,,מארז ממחטות נייר טי,,5.00,,false,,10.90,2.1800,true,1,430108
835811005728,false,עלים לעוגת קרמשניט 400 גרם,,IT,עלים לקרמשניט 400 גר,,400.00,יח',false,,18.90,0.0472,true,1,176057
835811005803,false,"שקיות אשפה עם ידיות 75x90 ס""מ 25 יח'",,,הנמל שקיות אשפה עם י,יחידה,0.00,יחידה,false,,14.90,0.0000,true,1,62562
835811006435,false,מגש הכסף תבנית מלבן עמוק מכסה 9 יח',,IL,תבנית מלבנית עמוקה ע,יחידה,0.00,יחידה,false,,14.90,0.0000,true,1,62600
835811006497,false,אבקת סוכר 500 גרם הנמל,ר.ס. חברה ליבוא וייצ,IL,אבקת סוכר 500 גר,,500.00,יח',false,,8.90,0.0178,true,1,62603
835811006534,false,"כוס קרטון 16OZ ח""פ 50יח'",,,כוסות קרטון 50 יח 16,יחידה,0.00,יחידה,false,,26.90,0.0000,true,1,62606
835811006770,false,תבנית אולמניום עגול 5 יח',,,תבנית אלומניום עגולה,יחידה,0.00,יחידה,false,,14.90,0.0000,true,1,62624
835811007357,false,לפתניות אובלי 25 יח',,TR,סלטינות 25 יחידות,יחידה,0.00,יחידה,false,,8.90,0.0000,true,1,62642
835811008347,false,גפרור ארוך מאוד להבי,הנמל,,גפרור ענק,יחידה,0.00,יחידה,false,,7.90,0.0000,true,1,62655
835811008699,false,כפות שקוף/קרם עבה במיוחד הנמל 50 יח,,TR,כפות 50 יח שקוף עבה,יחידה,0.00,יחידה,false,,17.90,0.0000,true,1,62660
835811008934,false,מזלגות 50 יח שקוף/קרם עבה במיוחד,,TR,מזלגות 50 יח עבה במי,יחידה,0.00,יחידה,false,,17.90,0.0000,true,1,62670
835811008941,false,סכינים 50 יח שקוף/קרם עבה במיוחד,"איטיליאן פוד, אס.פי.",TR,סכינים 50 יח שקוף עב,יחידה,0.00,יחידה,false,,17.90,0.0000,true,1,62671
835811008958,false,כפיות 50 יח שקוף/קרם עבה במיוחד,הנמל אריזות.,TR,כפיות 50 יח שקוף עבה,יחידה,0.00,יחידה,false,,17.90,0.0000,true,1,62672
835811008996,false,כוס קרטון10 ozהנמל 50 יח',אכיף,CN,כוסות קרטון 10 אוז,יחידה,0.00,יחידה,false,,19.90,0.0000,true,1,62674
844510013088,false,יין ירושלים הילז סוביניון בלאן לב 750 מל,,IL,ג'רוזלם הילז סוביניו,,750.00,,false,,42.90,0.0572,true,1,244575
851621000050,false,"שישיית בירה 1664 Blanc בקבוק 330 מ""ל",קרלסברג ספליי קומפאנ,PL,בירה BLANC שישיה 330,ליטרים,1.98,ליטר,false,,45.70,23.0808,true,1,290568
877300004621,false,זעתר שומשום 80 גרם,,,זעתר שומשום 80 גרם,,80.00,יח',false,,4.90,0.0613,true,1,314716
877300007745,false,פפריקה חריפה 400גר,,,פפריקה חריפה 400גר,,400.00,יח',false,,17.90,0.0447,true,1,265774
884912365200,false,דגני בוקר אוראו 311 גרם מתכון חדש,פוסט,US,דגני בוקר עם פירורי,,311.00,יח',false,,27.90,0.0897,true,1,524232
3010470155299,false,פריסקיז פטה בקר וירק,ניו פטפוד איטליה,IT,פריסקיז פטה בקר וירק,,400.00,יח',false,,10.90,0.0273,true,1,142211
3045206360609,false,"דזיטול נוזל מחטא בגדים בכביסה, 1 ליטר",,,דזיטול נוזל מחטא בגד,,1.00,,false,,25.90,25.9000,true,1,467698
3046920028363,false,לינדט אקסלנס 85% 100 גרם,לינדט ושפרונגלי,FR,לינדט אקסלנס 85% 100,,100.00,יח',false,,18.90,0.1890,true,1,69046
3073781162790,false,גבינת בייבי בל אדום,מחלבות בל,FR,בייבי בל 24% אדום 12,,120.00,יח',false,,23.90,0.1992,true,1,488596
3161911229199,false,חמאה רכה אלוויר 250 גרם,אלל אה וויר,FR,אלוויר חמאה רכה 250ג,,250.00,יח',false,,23.90,0.0956,true,1,72135
3161911366429,false,חמאה רכה מלוחה אלוויר 250 גרם,ארזינא,FR,אלוויר חמאה רכה מלוח,,250.00,יח',false,,23.90,0.0956,true,1,72137
3161911393210,false,אלוויר חמאה נורמנדי מלוחה 200 גרם,אלוויר,FR,חמאת נורמנדי מלוחה 2,,200.00,יח',false,,23.90,0.1195,true,1,478372
3162330060479,false,בירה SAER BRAU 6*250,,,בירה SAER BRAU 6*250,ליטרים,1.50,ליטר,false,,15.90,10.6000,true,1,551882
3175460000017,false,גבינת בורסאן שום ועשבי תיבול 150 גר,השחר,FR,גבינת בורסאן שום עשב,,150.00,יח',false,,22.90,0.1527,true,1,166249
3175460000864,false,גבינת בורסאן טבעי 150 גר,"בל,",FR,גבינת בורסאן טבעי 15,,150.00,יח',false,,22.90,0.1527,true,1,166276
3175460030083,false,גבינת בורסאן בצל ועירית 150 גר,השחר,FR,בורסאן בצל ועירית 40,,150.00,יח',false,,22.90,0.1527,true,1,72140
3178530402353,false,מיני מדליינס סאן מישל 175 גרם,סאן מישל,FR,עוגיות רכות מיני מדל,,175.00,יח',false,,13.90,0.0794,true,1,179245
3178530407938,false,עוגיות מיני מדלן שוקולד 175 גרם,סאן מישל,FR,עוגיות שוקולד צ'יפס,,175.00,יח',false,,13.90,0.0794,true,1,179252
3178530417357,false,בראוניז שוקולד לבן סאן מישל 210 גרם,סן מישל,FR,בראוניז שוקולד לבן ס,,210.00,יח',false,,18.90,0.0900,true,1,437825
3179110001140,false,מצת גדול לגריל קריקט,,CN,מצת CRICKET גריל ארו,יחידה,0.00,יחידה,false,,16.90,0.0000,false,1,315091
3245412211393,false,שוקולד חלב מעולה קרפ,,FR,שוקולד חלב מעולה קרפ,,300.00,יח',false,,8.90,0.0297,true,1,495343
3245412211409,false,שוקולד חלב מעולה עם,,FR,שוקולד חלב מעולה עם,,300.00,יח',false,,16.90,0.0563,true,1,495130
3270190128151,false,קרפור שוקולד חלב אור,,FR,קרפור שוקולד חלב אור,,100.00,יח',false,,7.90,0.0790,true,1,567324
3270190151654,false,שוקולד מריר מעולה עם,,FR,שוקולד מריר מעולה עם,,100.00,יח',false,,6.90,0.0690,true,1,495147
3270190174936,false,שוקולד חלב עם תכולת,,FR,שוקולד חלב עם תכולת,,100.00,יח',false,,6.90,0.0690,true,1,495164
3387390525960,false,קראנץ' דגנים פריכים עם שוקולד 500 גרם,הנסיך- מפעל לייצור ט,FR,דגני קראנץ' נסטלה 50,,500.00,יח',false,,27.90,0.0558,true,1,74759
3523230025652,false,מיני בושה עם שום ועשי תיבול 125 גר,,,גבינהת עזים מיני בוש,,125.00,יח',false,,26.90,0.2152,true,1,72161
3523230026826,false,גבינה עיזים למריחה פירמידה 140 גר,אוריאל,FR,פרמידה עיזים טבעי 14,,140.00,יח',false,,26.90,0.1921,true,1,72162
3523230038959,false,גבינת עיזים מיני בוש,אוריאל,FR,גבינת עיזים מיני בוש,,125.00,יח',false,,26.90,0.2152,true,1,279704
3560070230778,false,קרפור-תה אנגלי שחור,,,קרפור-תה אנגלי שחור,,50.00,יח',false,,7.90,0.1580,true,1,552154
3560070232963,false,קרפור-חליטת פירות יע,,,קרפור-חליטת פירות יע,,40.00,יח',false,,7.90,0.1975,true,1,552072
3560070249343,false,קרפור- שוקולד חלב עם,,FR,קרפור- שוקולד חלב עם,,100.00,יח',false,,6.90,0.0690,true,1,567245
3560070415755,false,קרפור-תה ירוק 25 יחי,,,קרפור-תה ירוק 25 יחי,,32.50,יח',false,,8.90,0.2738,true,1,551978
3560070582884,false,קרפור סטייליס עם שוק,,,קרפור סטייליס עם שוק,,300.00,יח',false,,9.90,0.0330,true,1,532572
3560070659517,false,קרפור-תה ארל גריי 20,,,קרפור-תה ארל גריי 20,,36.00,יח',false,,10.90,0.3028,true,1,551962
3560070669981,false,שוקולד מריר מעולה 80,,FR,שוקולד מריר מעולה 80,,80.00,יח',false,,5.90,0.0738,true,1,495115
3560070701407,false,שוקולד מריר מעולה עם,,FR,שוקולד מריר מעולה עם,,100.00,יח',false,,6.90,0.0690,true,1,495148
3560070720859,false,שוקולד מריר מעולה 72,,FR,שוקולד מריר מעולה 72,,80.00,יח',false,,5.90,0.0738,true,1,495132
3560070820221,false,קרפור-חטיף דגנים אגו,,,קרפור-חטיף דגנים אגו,,125.00,יח',false,,6.90,0.0552,true,1,552235
3560070826186,false,קרפור מוזלי שוקולד ו,,,קרפור מוזלי שוקולד ו,,750.00,יח',false,,15.90,0.0212,true,1,532607
3560070852116,false,קרפור-תה ירוק נענע 5,,,קרפור-תה ירוק נענע 5,,80.00,יח',false,,9.90,0.1238,true,1,552089
3560070888108,false,קרפור-תה שחור בטעם ל,,,קרפור-תה שחור בטעם ל,,40.00,יח',false,,7.90,0.1975,true,1,552137
3560070888115,false,קרפור-חליטת טיליה 25,,,קרפור-חליטת טיליה 25,,42.50,יח',false,,7.90,0.1859,true,1,552041
3560070888139,false,קרפור-תה שחור בטעם פ,,,קרפור-תה שחור בטעם פ,,42.50,יח',false,,7.90,0.1859,true,1,552121
3560070928194,false,קרפור-חליטת לואיזה 2,,,קרפור-חליטת לואיזה 2,,32.50,יח',false,,7.90,0.2431,true,1,552025
3560071005191,false,קרפור -שוקולד לבן עם,,FR,קרפור -שוקולד לבן עם,,100.00,יח',false,,6.90,0.0690,true,1,567261
3560071006327,false,שוקולד מריר מעולה קר,,FR,שוקולד מריר מעולה קר,,200.00,יח',false,,6.90,0.0345,true,1,495149
3560071013127,false,קרפור סטייליס עם שוק,,,קרפור סטייליס עם שוק,,300.00,יח',false,,9.90,0.0330,true,1,532588
3560071013196,false,קרפור סטייליס בטעם ט,,,קרפור סטייליס בטעם ט,,500.00,יח',false,,10.90,0.0218,true,1,532589
3560071015725,false,קרפור פיברה עם 5 פיר,,,קרפור פיברה עם 5 פיר,,500.00,יח',false,,12.90,0.0258,true,1,532625
3560071018566,false,קרפור-חטיף דגנים בוט,,,קרפור-חטיף דגנים בוט,,125.00,יח',false,,6.90,0.0552,true,1,552236
3560071081256,false,קרפור-תה שחור 20 יחי,,,קרפור-תה שחור 20 יחי,,36.00,יח',false,,10.90,0.3028,true,1,551914
3560071081263,false,קרפור-תה ירוק סיני 2,,,קרפור-תה ירוק סיני 2,,36.00,יח',false,,10.90,0.3028,true,1,551946
3560071081270,false,קרפור-תה ירוק נענע 2,,,קרפור-תה ירוק נענע 2,,36.00,יח',false,,10.90,0.3028,true,1,551930
3560071095659,false,קרפור-חטיף דגנים קוק,,,קרפור-חטיף דגנים קוק,,125.00,יח',false,,6.90,0.0552,true,1,552253
3560071188689,false,בירה Walberg 6*250 מ,,,בירה Walberg 6*250 מ,ליטרים,1.50,ליטר,false,,19.90,13.2667,true,1,551851
3560071413750,false,קרפור-שוקולד מריר 80,,FR,קרפור-שוקולד מריר 80,,100.00,יח',false,,7.90,0.0790,true,1,567308
3560071431914,false,קפסולות קפה קרפור עו,,FR,קפסולות קפה קרפור עו,,52.00,יח',false,,7.90,0.1519,true,1,533631
3560071432003,false,קפסולות קפה קרפור עו,,FR,קפסולות קפה קרפור עו,,52.00,יח',false,,7.90,0.1519,true,1,533648
3560071432034,false,קפסולות קפה נטול קרפ,,FR,קפסולות קפה נטול קרפ,,52.00,100 גרם,false,,7.90,0.1519,true,1,533649
3560071432065,false,קפסולות קפה קרפור עו,,FR,קפסולות קפה קרפור עו,,52.00,יח',false,,7.90,0.1519,true,1,533650
3560071432096,false,קפסולות קפה קרפור עו,,FR,קפסולות קפה קרפור עו,,52.00,יח',false,,7.90,0.1519,true,1,533651
3560071432157,false,קפסולות קפה וניל קרפ,,FR,קפסולות קפה וניל קרפ,,52.00,יח',false,,7.90,0.1519,true,1,533652
3560071432188,false,קפסולות קפה קרמל קרפ,,FR,קפסולות קפה קרמל קרפ,,52.00,יח',false,,7.90,0.1519,true,1,533653
3560071432218,false,קפסולות קפה אגוז קרפ,,FR,קפסולות קפה אגוז קרפ,,52.00,יח',false,,7.90,0.1519,true,1,533654
3560071432249,false,קפסולות קפה ברזיל קר,,FR,קפסולות קפה ברזיל קר,,52.00,יח',false,,7.90,0.1519,true,1,533655
3560071432270,false,קפסולות קפה קולומביה,,FR,קפסולות קפה קולומביה,,52.00,יח',false,,7.90,0.1519,true,1,533656
3560071432300,false,קפסולות קפה אתיופיה,,FR,קפסולות קפה אתיופיה,,52.00,יח',false,,7.90,0.1519,true,1,533657
3560071432331,false,קפסולות קפה לאוס קרפ,,FR,קפסולות קפה לאוס קרפ,,52.00,יח',false,,7.90,0.1519,true,1,533658
3560071432362,false,קפסולות קפה קניה קרפ,,FR,קפסולות קפה קניה קרפ,,52.00,יח',false,,7.90,0.1519,true,1,533659
3560071432515,false,קפסולות קפה קרפור עו,,FR,קפסולות קפה קרפור עו,,52.00,יח',false,,7.90,0.1519,true,1,533661
3560071432690,false,קפסולות קפה קרפור עו,,FR,קפסולות קפה קרפור עו,,52.00,יח',false,,7.90,0.1519,true,1,533662
3560071442545,false,בירה SAER BRAU 6*250,,,בירה SAER BRAU 6*250,ליטרים,1.50,ליטר,false,,15.90,10.6000,true,1,551898
3574660089547,false,או-בה טמפונים קלאסי נורמל 32יח',ג'ונסון אנד ג'ונסון,GR,טמפון קלאסי נורמל או,יחידה,0.00,יחידה,false,,25.90,0.0000,true,1,77022
3574661003917,false,ליסטרין טוטאל קר 250,,,ליסטרין טוטאל קר 250,,250.00,,false,,19.90,0.0796,true,1,194887
3574661003924,false,"מי פה ליסטרין טוטל קר 500 מ""ל",,,מי פה טוטאל קאר ליסט,,500.00,,false,,21.90,0.0438,true,1,85137
3574661363998,false,"מי פה ליסטרין תה ירוק 500 מ""ל",,,מי פה תה ירוק ליסטרי,,500.00,,false,,21.90,0.0438,true,1,194120
3574661419435,false,תחבושת הגיינית וניה מקסי לילה 12 יח',גונסון,BE,תחבושות הגייניות מקס,יחידה,0.00,יחידה,false,,30.90,0.0000,true,1,508603
3574661491806,false,"מי פה ליסטרין אדוונס וייט 500 מ""ל",,IT,מי פה אדוונס וויאט מ,,500.00,,false,,21.90,0.0438,true,1,340903
3574661504162,false,"קרפרי מוס לשטיפה אינטימית 150 מ""ל",,,מוס לשטיפה אינטימית,,150.00,,false,,19.90,0.1327,true,1,214812
3574661552576,false,קרפרי מגן תחתון רגיל טנגה לבן 56 יח חדש,הדקלאים אגודת שיתופי,IT,קרפרי רגיל טנגה לבן,יחידה,0.00,יחידה,false,,17.90,0.0000,true,1,279777
3574661552811,false,מגן תחתון קרפרי כותון אוורירי 56 יח,הדקלאים אגודת שיתופי,GR,קרפרי כותון אוורירי,יחידה,0.00,יחידה,false,,17.90,0.0000,true,1,279888
3600521720219,false,לוריאל - דרמו פעולה משולשת לילה עברית,,,קרם לחות דרמו ללילה,,50.00,,false,,49.90,0.9980,true,1,67440
3600523642489,false,לוריאל - אלביב מסכה 6 שמנים 300 חדש,לוריאל,DE,מסכה לשיער 6 שמנים א,,300.00,,false,,28.90,0.0963,true,1,199249
3600523782567,false,"לוריאל - אלביב שמפו דרים לונג 500 מ""ל",,FR,שמפו דרים לונג אלביב,,500.00,,false,,17.90,0.0358,true,1,201936
3600524051334,false,אלביב מרכך היאלורוני,,,אלביב מרכך היאלורוני,,400.00,,false,,15.90,0.0398,true,1,504254
3600540928863,false,"גרנייה - דאודורנט רול און לאישה אינביזי קליר 50 מ""ל",,,דאודורנט רול מיניראל,,50.00,"100 מ""ל",false,,15.90,0.3180,true,1,67753
3600541029323,false,לוריאל מסיר איפור אסנשיאל 2,,,אסנשיאלס מסיר איפור,,200.00,"100 מ""ל",false,,20.90,0.1045,true,1,67772
3600541956223,false,"גרנייה פיור לניקוי וטיפול בסימנים ופגעי עם מברשת 150 מ""ל",,,ג'ל לניקוי עמוק פיור,,150.00,,false,,32.90,0.2193,true,1,67897
3600542385251,false,"גרנייה - דאודורנט רול און לאישה פרוטקשן 6 כותנה (ורוד) 50 מ""ל",,,דאודורנט רול פרוטקשן,יחידה,50.00,יחידה,false,,15.90,0.3180,true,1,395137
3608580071389,false,ממרח ערמונים 370 גרם BONNE MAMAN,,FR,ממרח ערמונים 370 גרם,,370.00,יח',false,,21.90,0.0592,true,1,497914
3608580075646,false,קונפיטורה בטעם שזיפים 370 גר BONNE MAMAN,,FR,קונפיטורה שזיף 370 ג,,370.00,יח',false,,21.90,0.0592,true,1,497898
3608580730248,false,קונפיטורה דובדובן 370 ג' בוני מאמן,,,קונפיטורה דובדבן 370,,370.00,יח',false,,21.90,0.0592,true,1,76348
3608580730255,false,קונפיטורה בטעם משמש 370 גר BONNE MAMAN,,,קונפיטורה משמש 370 ג,,370.00,יח',false,,21.90,0.0592,true,1,76349
3616180424856,false,קרפור הום -30 מפיות,,,קרפור הום -30 מפיות,יחידה,0.00,יחידה,false,,6.90,0.0000,true,1,560125
3616180424863,false,קרפור הום -30 מפיות,,,קרפור הום -30 מפיות,יחידה,0.00,יחידה,false,,6.90,0.0000,true,1,560126
3616180424931,false,קרפור הום -30 מפיות,,,קרפור הום -30 מפיות,יחידה,0.00,יחידה,false,,6.90,0.0000,true,1,560128
3616180424948,false,קרפור הום -30 מפיות,,,קרפור הום -30 מפיות,יחידה,0.00,יחידה,false,,6.90,0.0000,true,1,560129
3616180425099,false,קרפור הום -30 מפיות,,,קרפור הום -30 מפיות,יחידה,0.00,יחידה,false,,6.90,0.0000,true,1,560131
3616180425129,false,קרפור הום -30 מפיות,,,קרפור הום -30 מפיות,יחידה,0.00,יחידה,false,,6.90,0.0000,true,1,560132
3616180425150,false,קרפור הום -30 מפיות,,,קרפור הום -30 מפיות,יחידה,0.00,יחידה,false,,6.90,0.0000,true,1,560134
3616180425198,false,קרפור הום -30 מפיות,,,קרפור הום -30 מפיות,יחידה,0.00,יחידה,false,,6.90,0.0000,true,1,560137
4000417101211,false,וופל קרם אגוז מצופה שוקלד חלב 150 ג' אמיצלי,קימס,AT,גלילי וופל עם קרם אג,,150.00,יח',false,,19.90,0.1327,true,1,453183
4001518003800,false,מקלות פריכים עם פלפל ומלח 125ג' טורינוס,,DE,מקלות מאפים עם מלח ו,,125.00,יח',false,,14.90,0.1192,true,1,362807
4002448017684,false,"סיליט באנג ספריי רב שימושי כתום 750 מ""ל",הדקלאים אגודת שיתופי,PL,סיליט באנג ספריי רב,,750.00,,false,,17.90,0.0239,true,1,76520
4002720005736,false,קפה לפילטר מליטה 250 גרם PREMIUM,המאפיה של הרמן,DE,מליטה פרימיום קפה פי,,250.00,יח',false,,24.90,0.0996,true,1,60846
4004666042004,false,"מלרוד - מרסס משמיד עובש 500 מ""ל",מלרוד,DE,מלרוד מחסל עובש+מרסס,,500.00,,false,,36.90,0.0738,true,1,66445
4005808366392,false,שפתון כחול בליסטר לבלו,טרופיקל דגיל תעשיות,DE,שפתון כחול למניעת יו,,4.80,יח',false,,13.90,2.8958,true,1,54666
4005808502004,false,לבלו שפתון סופט ורוד בליסטר 5.5מל,,,שפתון לבלו ורוד בשרי,,4.80,יח',false,,13.90,2.8958,true,1,54669
4005808850723,false,שפתון לבלו תות 7.7 גרם,טרופיקל דגיל תעשיות,DE,לבלו פירות בטעם תות,יחידה,0.00,יחידה,false,,13.90,0.0000,true,1,54718
4005900555595,false,לובלו זוג אוריגינל כ,,,לובלו זוג אוריגינל כ,יחידה,0.00,יחידה,false,,20.90,0.0000,true,1,423422
4007745058828,false,חרדל צרפתי גרגרים אורגני 200 גרם,,,חרדל צרפתי - גרגרים,,145.00,100 גרם,false,,14.50,0.1000,true,1,323725
4008287058161,false,"שישייה בירה קרומבאכר פילס 330X6 מ""ל",מנדלז סי.אר. פרודקשן,DE,בירה קרומבכר פילס שי,ליטרים,1.98,ליטר,false,,33.90,17.1212,true,1,386435
4009300522935,false,תה פומפדור תה ירוק לימונית ולואיזה 20 יח',"איטיליאן פוד, אס.פי.",DE,פומפדור תה ירוק לימו,,30.00,יח',false,,20.90,0.6967,true,1,77084
4009300525684,false,תה חליטת פומפדור לימון וגינגיר 20 יח,טיקנה,DE,פומפדור חליטת לימוןג,,35.00,100 גרם,false,,17.90,0.5114,true,1,77089
4009900379564,false,מסטיק הובה בובה באבל טייפ פירות 56 גר',מארס,GB,הובה בובה טייפ פירות,,56.00,יח',false,,6.90,0.1232,true,1,101503
4009900402965,false,מסטיק אורביט בקבוקון white פירות 64ג',ריגלי פולין,PL,אורביט וויט פירות בק,,64.00,יח',false,,12.90,0.2016,true,1,101515
4009900403023,false,מסטיק אורביט בקבוקון דאבל white קלאסי 64ג',"ב.א מזון בע""מ",PL,אורביט וויט מנטה בקב,,64.00,יח',false,,12.90,0.2016,true,1,101516
4009900406918,false,מסטיק הובה בובה טייפ טריפל מיקס 56ג',מארס,GB,הובה בובה טייפ טריפל,,56.00,יח',false,,6.70,0.1196,true,1,101519
4009900420129,false,מסטיק אורביט פרופשנל פפרמינט בקבוקון 64 גר',מרס נדרלנד,PL,אורביט פרופשייונל פפ,,64.00,יח',false,,12.90,0.2016,true,1,195322
4009900455299,false,סוכריות סקטלס פירות 174ג',מארס,CZ,סקיטלס פירות 174 גר,,174.00,יח',false,,9.90,0.0569,true,1,101533
4009900482417,false,מסטיק אורביט פירות מנטה בקבוקון באבל מינט 45יח,ריגלי פולין,PL,אורביט באבל מינט בקב,,64.00,יח',false,,12.90,0.2016,true,1,101544
4009900483803,false,מסטיק איירובס מנטה אקליפטוס בקבוקון 60יח',,,אירוויבז בקבוק M מנט,,84.00,יח',false,,14.90,0.1774,true,1,199099
4009900484060,false,מסטיק אורביט פפרמינט ביגי מנטה כחול 50יח',,,אורביט פרופשיונל מנט,יחידה,0.00,יחידה,false,,15.90,0.0000,true,1,101546
4009900484091,false,אורביט באריזת בקבוק ספירמנט 60 יח',,,אורביט פרופשיונל ספי,,84.00,יח',false,,15.90,0.1893,true,1,101547
4009900491044,false,מסטיק איירובס אוכמניות בקבוקון 60יח',,,אירוויבז בקבוק M מנט,,84.00,יח',false,,14.90,0.1774,true,1,199102
4009900509770,false,אורביט באריזת בקבוק בטעם תות 60 יח',,,אורביט באריזת בקבוק,יחידה,0.00,יחידה,false,,15.90,0.0000,true,1,101561
4009900531122,false,"מסטיק בטעם מנטה ספירמינט, 64 ג' פרופשיונל אורפיט",מרס נדרלנד,PL,אורביט פרופשייונל ספ,,64.00,יח',false,,12.90,0.2016,true,1,195323
4009900531573,false,סוכריות סקיטליס סמודיס 174 גר',,,סקיטלס סמודיס 174 גר,,174.00,יח',false,,9.90,0.0569,true,1,199073
4009900532327,false,סוכריות סקיטלס סמודי 38 גר',,GB,סוכריות סקיטלס סמודי,,38.00,יח',false,,3.90,0.1026,true,1,199074
4009900534611,false,בקבוקון איירוויבז מלון מנטה 64 גר',ריגלי,IL,איירוויבז בטעם מלון,,64.00,יח',false,,12.90,0.2016,true,1,288752
4009900535823,false,מסטיק אורביט רפרשרס באבלמינט ללא סוכר 15.6גר',,PL,אורביט רפרשרס באבלמי,,15.00,יח',false,,4.90,0.3267,true,1,336033
4009900536288,false,מסטיק אורביט רפרשרס פפרמינט בקבוקון ללא סוכר 67 גר',מרס ריגלי קונפקשונרי,PL,מסטיק אורביט רפרשרס,,67.00,יח',false,,13.90,0.2075,true,1,359577
4009900536486,false,מסטיק אורביט רפרשרס באבלמינט בקבוקון ללא סוכר 67 גר',מרס ריגלי קונפקשונרי,PL,מסטיק אורביט רפרשרס,,67.00,יח',false,,13.90,0.2075,true,1,336048
4009900539340,false,סקיטלס ג'יינט סאוור 141 גרם,מרס ריגלי קונפקשונרי,PL,סוכריות סקיטלס ענקיו,,141.00,יח',false,,9.90,0.0702,true,1,450740
4009900539685,false,"מסטיק פייב באונס בטעם מנטה בקבוקון, 61.8 גרם",ריגלי בעמ רוסיה,PL,מסטיק בטעם מנטה ללא,,61.80,יח',false,,13.90,0.2249,true,1,459111
4009900539746,false,"מסטיק פייב באונס בטעם אבטיח בקבוקון, 61.8 גרם",ריגלי בעמ רוסיה,PL,מסטיק בטעם אבטיח ללא,,31.80,יח',false,,13.90,0.4371,true,1,459126
4011800617615,false,1X24X50G קורני ביג שוקולד,שוורטאוור וורקה,DE,חטיף דגנים ביג שוקול,,50.00,יח',false,,5.90,0.1180,true,1,252218
4011800628512,false,חטיף קורני שוקולד חלב 6 יח 150 גר,מיוצר עי קונדיטוריית,DE,חטיף דגנים עם שוקולד,,150.00,יח',false,,15.90,0.1060,true,1,60886
4011800630515,false,חטיף קורני שוקולד חלב ובננה 6 יח 150 גר,מיוצר עי קונדיטוריית,DE,חטיף דגנים עם שוקולד,,150.00,יח',false,,15.90,0.1060,true,1,60888
4014400901191,false,בונבוניירה שוקולד מרסי 250 ג`,אוגוסט שטורק,DE,בונבונירה מרסי 250 ג,,250.00,יח',false,,29.90,0.1196,true,1,68192
4014400901405,false,בונבוניירה שוקולד מרסי חלב 250 ג',קריניציה ויטמינה אס,DE,מרסי חלב כחול 250 גר,,250.00,יח',false,,29.90,0.1196,true,1,68193
4014400901412,false,בונבוניירה שוקולד מריר מרסי 250 ג`,תות ממתקי איכות,,מרסי מריר 250 גרם,,250.00,יח',false,,29.90,0.1196,true,1,68194
4014400904376,false,סוכריות טופי שוקולדן שטורק 325 ג',קריניציה ויטמינה אס,DE,סוכ.שטורק שוקולדן 32,,325.00,יח',false,,20.90,0.0643,true,1,68199
4014400910063,false,סוכריות וורטר אורגינל שקית 135 גרם,אוגוסט שטורק,DE,סוכריות חמאה וורטר 1,,135.00,יח',false,,10.90,0.0807,true,1,68204
4014400920857,false,סוכריות וורטר ללא סוכר טעם שוקול 70 גרם,קריניציה ויטמינה אס,DE,וורטרס ללא סוכר טעם,,70.00,יח',false,,9.90,0.1414,true,1,68214
4014400923711,false,טופיפי בונבונירה שוק,אוגוסט שטורק,DE,טופיפי בונבונירה שוק,,125.00,יח',false,,14.90,0.1192,true,1,68215
4014600202609,false,רגולדס -סוכריות בפח עם ליים ואוכמניות 150 ג',,,סוכריות בפח עם ליים,,150.00,יח',false,,10.90,0.0727,true,1,509002
4014600202623,false,רגולדס סוכריות בפח בטעם דובדובן 150 גרם,,,סוכריות בפח בטעם דוב,,150.00,יח',false,,10.90,0.0727,true,1,509003
4014600203149,false,רגולדס -סוכריות בפח בטעםי פירות יער 150 ג',,,סוכריות בפח בטעם פיר,,150.00,100 גרם,false,,10.90,0.0727,true,1,509004
4014600204061,false,רגולדס סוכריות בפח בטעם אפרסק 150 גר,,,סוכריות בפח בטעם אפר,,150.00,יח',false,,10.90,0.0727,true,1,509006
4015000031394,false,"ספטיל - משחה להסרת כתמים 200 מ""ל",הנקל,HU,מסיר כתמים ספטיל 200,,200.00,יח',false,,18.90,0.0945,true,1,91585
4015400564034,false,אולוויז מגן תחתון לונג+ מגה פק 58 יח',פרוקטר אנד גמבל,DE,מגן תחתון לונג פלוס,יחידה,0.00,יחידה,false,,18.90,0.0000,true,1,82330
4015400564454,false,אולוויז מגן תחתון לארג' מגה פק 68 יח',פרוקטר אנד גמבל,DE,מגן תחתון לארג מגה פ,יחידה,0.00,יחידה,false,,18.90,0.0000,true,1,82334
4015400690313,false,טמפונים פרל רגולר טמפקס קומפאק 18 יח,,,טמפון פרל רגולר טמפק,יחידה,0.00,יחידה,false,,26.90,0.0000,true,1,82372
4015400690405,false,טמפונים פרל סופר טמפקס קומפאק 18 יח,,,טמפון פרל סופר טמפקס,יחידה,0.00,יחידה,false,,26.90,0.0000,true,1,82373
4015400746812,false,אולוויז מגן תחתון נורמל מגה פק 80 יח',פרוקטר אנד גמבל,UA,מגן תחתון מגה פק נור,יחידה,0.00,יחידה,false,,18.90,0.0000,true,1,82399
4015400755487,false,אולוויז תחבושות כפול אולטרא סגול 24 יח',פרוקטר אנד גמבל,UA,תחבושות וליו פק לונג,יחידה,0.00,יחידה,false,,24.90,0.0000,true,1,82403
4015600807436,false,"ג'ילט - דאודורנט ג'ל לגבר כדוריות קול וויב 75 מ""ל",,,דאודורנט ג'ל קול לגב,,75.00,,false,,22.90,0.3053,true,1,82472
4017100210105,false,גלילי וופל בלזן וופלטן שוקו' מריר 100ג',הדקלאים אגודת שיתופי,DE,בלזן גלילי וופל מריר,,100.00,100 גרם,false,,15.90,0.1590,true,1,178832
4017100364112,false,ביסקוויט ממולא קרם שוקולד היט 220 גרם,הדקלאים אגודת שיתופי,PL,היט עוגיות סנדביץ בט,,220.00,יח',false,,9.90,0.0450,true,1,178840
4022025001929,false,"בלו ווין מבעבע כחול כשר 750 מ""ל",,,בלו וויין מבעבע כחול,,750.00,,false,,55.90,0.0745,true,1,196795
4022025002100,false,בלו וויין מבעבע רוזה,היי סישל סוהן טראבן,DE,בלו וויין מבעבע רוזה,,750.00,,false,,55.90,0.0745,true,1,223795
4022025261002,false,יין בלו נאן בלו וויי,לנגוט טראבן,DE,יין בלו נאן בלו וויי,,750.00,,false,,58.90,0.0785,true,1,131595
4053700288205,false,"ויט קרם הסרת שיער לעור עדין 100 מ""ל",,,ויט קרם להסרת שיער 9,,100.00,,false,,35.90,0.3590,true,1,165496
4084500149526,false,טייד נוזל כביסה 2.48 ליטר,,DE,טייד גל 2.48 ליטר,ליטרים,2.48,ליטר,false,,31.90,12.8629,true,1,82589
4100130937163,false,בירה בקס שישייה 6*275 מל,"איי, בי, אינבוו",DE,"בירה בקס 6* 275 מ""ל",ליטרים,1.65,ליטר,false,,30.90,18.7273,true,1,65335
4260147890513,false,אטריות ביצים דקות ורמיצ'לי 500ג',,,אטריות ביצים דקות במ,,500.00,יח',false,,12.90,0.0258,true,1,175754
4607109409619,false,פיניש הכל ב-1 טבליות למדיח 25 יח,הדקלאים אגודת שיתופי,PL,טבליות למדיח כלים AI,,470.00,יח',false,,34.90,0.0743,true,1,76526
4640018993343,false,פיניש קוואנטום קפסולות ג'ל למדיח כלים 30 יח',רקיט בנקיזר,PL,פיניש קוואנטום למדיח,יחידה,0.00,יחידה,false,,45.90,0.0000,true,1,282999
4710068001715,false,"מאסטר קפה טירמיסו 240 מ""ל",יוני פרזינדנט אנטרפר,,מאסטר קפה טירמיסו 24,,240.00,,false,,6.90,0.0288,true,1,96344
4820163121437,false,וודקה חורטיצה פלטינו,U.D.C,UA,וודקה חורטיצה 700 מ`,,700.00,"100 מ""ל",false,,70.90,0.1013,true,1,175065
4860009000014,false,מיץ רימונים 1 ליטר תוצרת גרוזיה,יושלם,,תומר מיץ רימונים גרו,ליטרים,1.00,ליטר,false,,19.90,19.9000,true,1,80017
5000157143365,false,מתבל בטעם מיונז וקטשופ היינץ 425 ג',,PL,מתבל בטעם מיונז וקטש,,425.00,,false,,16.90,0.0398,true,1,262148
5000159376655,false,סוכריות סקיטליס פירות 38 גר',ריגלי ממתקים,GB,סוכריות סקיטלס פירות,,38.00,יח',false,,3.90,0.1026,true,1,101574
5000159376792,false,סוכריות סקיטליס חמוץ 38 גר',ריגלי ממתקים,,סוכריות סקיטלס חמוץ,,38.00,יח',false,,3.90,0.1026,true,1,101575
5000189974579,false,קיט קאט מיני 200 גרם,,,קיט קט מיני 200 גרם,,200.00,יח',false,,10.90,0.0545,true,1,186536
5000204114867,false,"גלייד אורסול בניחוח וניל 300 מ""ל",,,גלייד ארוסול בניחוח,,300.00,,false,,8.90,0.0297,true,1,262332
5000204114898,false,"גלייד ארוסול בניחוח מרכך כביסה 300 מ""ל",אס.סי גונוסון,NL,גלייד ארוסול בניחוח,,300.00,,false,,8.90,0.0297,true,1,262333
5000204661392,false,"קיווי מ.נעלים קופסא שחור 100מ""ל",המאפיה של הרמן,ID,קיווי משחת נעליים בק,,100.00,,false,,9.90,0.0990,true,1,60924
5000396037548,false,מקוויטיס ביסקוויט מצופה שוקולד מריר 200 ג',,,מקוויטיס מצופה שוקול,,200.00,יח',false,,12.90,0.0645,true,1,159550
5000396037944,false,מקוויטיס ביסקוייט קלאסי 250 גרם,,,מקוויטים ביסקוויטים,,250.00,יח',false,,9.90,0.0396,true,1,159540
5010123703547,false,"מי פה פרש בורסט ליסטרין 500 מ""ל",גונסון אנד גונסון,,מי פה פרש בוסט ליסטר,,500.00,"100 מ""ל",false,,15.90,0.0318,true,1,250467
5010123703585,false,"מי פה קולמינט ליסטרין 500 מ""ל",גונסון אנד גונסון,,מי פה קול מינט ליסטר,,500.00,"100 מ""ל",false,,15.90,0.0318,true,1,83215
5010182997338,false,"טואלט דאק ג'ל אסלה ניחוח רענן 55 מ""ל","איטיליאן פוד, אס.פי.",IT,דאק ג'ל אסלה ניחוח ר,,55.00,יח',false,,9.90,0.1800,true,1,60937
5010182997918,false,"טואלט דאק ג'ל אסלה בניחוח ים 55 מ""ל","איטיליאן פוד, אס.פי.",IT,דאק ג'ל אסלה ניחוח י,,55.00,יח',false,,9.90,0.1800,true,1,60942
5010677551397,false,"בקרדי בריזר לימון ליים 275 מ""ל","ברקדי בע""מ",BE,בקרדי בריזר ליים,,275.00,,false,,14.90,0.0542,true,1,176172
5010677850100,false,וודקה גריי גוס בקבוק,גריי גוס,FR,"גריי גוס 700 מ""ל",,700.00,,false,,125.90,0.1799,true,1,201038
5014271300429,false,סן דלפו מעדן משמש ללא סוכר 284גר,פלזנסקי,FR,סאן דלפור מעדן משמש,,284.00,יח',false,,22.90,0.0806,true,1,72175
5029053002408,false,נייר טואולט קליניקס לבן 9 גלילים,קימברלי קלארק ישראל,IL,נייר טואלט קליניקס ל,,275.00,,false,,38.90,0.1415,true,1,63941
5029053039725,false,ממחטות נייר קלינקס נטורל פרש קופסה 72 דף,,,טישו נטורל פרש קופסא,יחידה,0.00,יחידה,false,,10.90,0.0000,true,1,407913
5029053510811,false,קוטקס - תחבושות אולטרה נורמל + כנפיים 30 יח',קימברלי קלארק,,תחבושות אולטרה נורמל,יחידה,0.00,יחידה,false,,20.90,0.0000,true,1,63946
5029053510828,false,קוטקס - תחבושות אולטרה סופר + כנפיים 22 יח',קימברלי קלארק,GB,תחבושת אולטרה סופר+כ,יחידה,0.00,יחידה,false,,20.90,0.0000,true,1,63947
5029054220085,false,האגיס - מגבוני האגיס אקסטרה קר לא מבושם 56 יח' * 4,קימברלי,IL,האגיס אקסטרה קר מגבו,יחידה,0.00,יחידה,false,,28.90,0.0000,true,1,190037
5060250343741,false,הרשיז ראונדס קוקיס אנד קרים 96ג',,PL,הרשיז ראונדס קוקיס א,,96.00,100 גרם,false,,12.50,0.1302,true,1,487247
5060517886486,false,"מונסטר משקה אנרגיה קלאסי 500 מ""ל",Monster energy סרביה,RU,מונסטר אנרג'י פחית 5,,500.00,,false,,7.90,0.0158,true,1,262149
5060751218173,false,"משקה אנרגיה מונסטר Pipline punch פח 500 מ""ל",Monster energy סרביה,IE,מונסטר פייפלין פאנץ',,500.00,,false,,7.90,0.0158,true,1,477426
5060751219033,false,"משקה אנרגיה מונסטר ULTRA PARADISE פח 500 מ""ל",Monster energy סרביה,IE,מונסטר אולטרה פרדייז,,500.00,,false,,7.90,0.0158,true,1,477427
5201340003385,false,טונה מעושנת שמן סויה 160 ג' TRATA,,GR,טונה מעושנת בשמן צמח,,160.00,יח',false,,17.90,0.1119,true,1,414646
5201340003392,false,טונה מעושנת בלימון 160 ג' TRATA,,GR,טונה מעושנת בלימון 1,,160.00,יח',false,,17.90,0.1119,true,1,414647
5201347175030,false,פיניש קוואנטום 32 יח,,,פיניש קוואנטום 32 יח,יחידה,0.00,יחידה,false,,39.90,0.0000,true,1,514984
5201940010110,false,זיתים שחורים מזן קלמטה בפח 454 גרם,סיוארס אס.איי,GR,זיתים שחורים קלמטה ו,,250.00,יח',false,,18.90,0.0756,true,1,58176
5391523057943,false,סימילאק גולד שלב 3 700 גרם,אבוט לבורטיז,IE,סימילאק גולד שלב 3 7,,700.00,יח',false,,72.90,0.1041,true,1,180679
5391523058070,false,סימילאק אדוונס פלוס שלב 3 700 גרם,טרופיקל דגיל תעשיות,IE,סימילאק אדוונס פלוס,,700.00,100 גרם,false,,65.90,0.0941,true,1,184953
5410103161518,false,לוריאל - דרמו פעולה משולשת רגיל,יושלם,,דרמו פעולה משולשת רג,,50.00,,false,,49.90,0.9980,true,1,67967
5410126006087,false,ביסקוויט לוטוס קרמל 700 גרם,כלורוקס אוקלנד,BE,לוטוס עוגיות קרמל 70,,700.00,יח',false,,34.90,0.0499,true,1,60571
5410126106183,false,ביסקויט לוטוס קרמל 312 גר 50 יח ארוז,כלורוקס אוקלנד,BE,ביסקוויט קרמל 312גרם,,312.00,יח',false,,20.90,0.0670,true,1,60573
5410126116953,false,ממרח עוגיות לוטוס קרמל 400 גר,לוטוס בייקרי בלגיה נ,BE,לוטוס ממרח ביסקוויט,,400.00,יח',false,,26.90,0.0672,true,1,60574
5410126666038,false,עוגיות לוטוס 18*2 279 גרם,,BE,עוגיות לוטוס 279 גרם,,279.00,יח',false,,16.90,0.0606,true,1,188727
5410126716016,false,"ביסקוויט בטעם קרמל לוטוס בד""צ 250 ג'",לוטוס ביקרי בלגיה,BE,ביסקוויט בטעם קרמל ל,,250.00,יח',false,,12.90,0.0516,true,1,82794
5410291021991,false,צ`וקטה ממרח אגוזי לו,,,צ`וקטה ממרח אגוזי לו,,700.00,יח',false,,22.90,0.0327,true,1,102396
5411081003654,false,"בירה קסטיל רוז 330 מ""ל",יושלם,,בירה קסטיל רוז 330 א,,330.00,,false,,12.90,0.0391,true,1,226601
5411188080268,false,אלפרו סויה אורגני אלפרו 1 ליטר,הנסיך- מפעל לייצור ט,BE,אלפרו משקה סויה אורג,ליטרים,1.00,ליטר,false,,15.90,15.9000,true,1,77122
5411188094159,false,אלפרו מעדן סויה בטעם שוקו בלגי 125 גר*4,הנסיך- מפעל לייצור ט,BE,אלפרו מעדן סויה שוק.,,500.00,,false,,20.90,0.0418,true,1,77124
5411188110835,false,אלפרו חלב סויה שקדים וניל 1ל',הנסיך- מפעל לייצור ט,BE,אלפרו משקה שקדים 1 ל,ליטרים,1.00,ליטר,false,,17.90,17.9000,true,1,77129
5411188112709,false,"משקה קוקוס אלפרו 1 ליטר משקה שקדים לל""ס",הנסיך- מפעל לייצור ט,BE,אלפרו משקה שקדים ללא,יחידה,0.00,יחידה,false,,17.90,0.0000,true,1,77133
5411188115366,false,משקה קוקוס אלפרו 1 ליטר משקה שיבולת שועל 1 ליטר,הנסיך- מפעל לייצור ט,BE,אלפרו משקה שיבולת שו,יחידה,0.00,יחידה,false,,17.90,0.0000,true,1,77136
5411188115472,false,אלפרו משקה סויה 1 ליטר,הנסיך- מפעל לייצור ט,BE,אלפרו משקה סויה 1 לי,ליטרים,1.00,ליטר,false,,15.90,15.9000,true,1,307486
5411188121923,false,"אלפרו משקה סויה סידן מארז 250X3מ""ל",הנסיך- מפעל לייצור ט,BE,אלפרו סויה סידן שלש,,750.00,,false,,16.90,0.0225,true,1,170469
5411188121978,false,"משקה סויה בטעם שוקולד 3 * 250 מ""ל אלפרו",אלפרו C.V.A,IL,אלפרו סויה שוקו סיד,,750.00,,false,,16.90,0.0225,true,1,167426
5411188124689,false,משקה שיבולת שועל ללא סוכר 1ל' אלפרו,,,אלפרו משקה שיבולת שו,יחידה,0.00,יחידה,false,,17.90,0.0000,true,1,332429
5411188134985,false,אלפרו NOT MILK שיבולת שועל 3.8% שומן 1 ליטר,הנסיך- מפעל לייצור ט,BE,אלפרו 3.5% שומן NOT,ליטרים,1.00,ליטר,false,,14.90,14.9000,true,1,387282
5411188135005,false,אלפרו NOT MILK שיבולת שועל 1.8% שומן 1 ליטר,הנסיך- מפעל לייצור ט,BE,אלפרו 1.8% שומן NOT,ליטרים,1.00,ליטר,false,,14.90,14.9000,true,1,390401
5413121364121,false,בלג'יאן טראפלס קקאו שוקולד 150 גרם,,BE,שוקולד טראפלס קקאו ז,,150.00,יח',false,,15.90,0.1060,true,1,509038
5420066370025,false,טראפל שוקולד בלגי קפ,,,טראפל שוקולד בלגי קפ,,150.00,יח',false,,15.90,0.1060,true,1,509101
5420066370032,false,טראפל בלגי מריר 150 גרם,,,טראפל שוקולד בלגי מר,,150.00,יח',false,,15.90,0.1060,true,1,509102
5420066370049,false,טראפל בלגי תפוז 150 גרם,,,טראפל שוקולד בלגי תפ,,150.00,יח',false,,15.90,0.1060,true,1,509119
5689456012109,false,מארז סביבונים מעץ 4 יח,,,מארז סביבונים 4 יח',יחידה,0.00,יחידה,false,,5.90,0.0000,true,1,413689
5701932026971,false,פופקורן הוט חמאה מאגדת 100X6ג',"פופז בע""מ",US,הוט פופ פופקורן בטעם,,600.00,יח',false,,17.90,0.0298,true,1,68244
5711953106583,false,גבינת שמנת בטעם טבעי 200 ג' ארלה,ארלה פודס אמבה,DK,ארלה גבינת שמנת טבעי,,200.00,100 גרם,false,,17.90,0.0895,true,1,244580
5711953106590,false,גבינת שמנת ארלה שמנת שום 200 גרם,ארלה פודס אמבה,DK,ארלה גבינת שמנת שום,,200.00,100 גרם,false,,17.90,0.0895,true,1,244581
5711953106606,false,גבינת שמנת ארלה עשבי תיבול 200 גרם,ארלה פודס אמבה,DK,ארלה גבינת שמנת עשבי,,200.00,100 גרם,false,,17.90,0.0895,true,1,244582
5711953148347,false,"גבינת שמנת טבעי ארלה, 300 גרם",,IL,גבינת שמנת טבעי ארלה,,300.00,יח',false,,24.90,0.0830,true,1,531335
5740900403215,false,ממרח מחמאת לורפק עם מלח 250 ג',,DK,ממרח לורפק עם מלח 25,,250.00,יח',false,,18.90,0.0756,true,1,192262
5740900403222,false,ממרח לורפק חמאה עם מלח מופחת שומן 250 ג,,DK,ממרח לורפק עם מלח מו,,250.00,יח',false,,18.90,0.0756,true,1,192263
5740900403239,false,ממרח מחמאת לורפק ללא מלח 250 ג',,DK,ממרח לורפק ללא מלח 2,,250.00,יח',false,,18.90,0.0756,true,1,192264
5740900403246,false,ממרח מחמאת לורפק ללא מלח 500 ג',,DK,ממרח לורפק ללא מלח 5,,500.00,100 גרם,false,,31.90,0.0638,true,1,192265
5740900403253,false,ממרח מחמאת לורפק עם מלח 500 ג',,DK,ממרח לורפק עם מלח 50,,500.00,100 גרם,false,,31.90,0.0638,true,1,192266
5740900403260,false,"ממרח לורפק חמאה לל""מ מופחת שומן 250 ג'",ארלה פודס אמבה,DK,ממרח לורפק ללא מלח מ,,250.00,יח',false,,18.90,0.0756,true,1,192257
5765220190157,false,עטרות נייר לאפייה 2,,,עטרות נייר לאפייה 2,,130.00,,false,,5.90,0.0454,true,1,333036
5765220190164,false,עטרות נייר לאפייה 3,,,עטרות נייר לאפייה 3,,130.00,,false,,5.90,0.0454,true,1,333037
5765220190171,false,עטרות נייר לאפייה 4,,,עטרות נייר לאפייה 4,,130.00,,false,,5.90,0.0454,true,1,333051
5765220190188,false,עטרות נייר לאפייה 5,,,עטרות נייר לאפייה 5,,130.00,,false,,6.90,0.0531,true,1,333052
5765220190522,false,סביבון חללית אורות מנגן,,,סביבון חללית אורות מ,יחידה,0.00,יחידה,false,,15.90,0.0000,true,1,318901
5765220190546,false,סביבון טורבו אורות מנגן,,,סביבון טורבו אורות מ,יחידה,0.00,יחידה,false,,15.90,0.0000,true,1,318903
5765571206613,false,נר נשמה 9 ימים בפלסט,,,נר נשמה 9 ימים בפלסט,יחידה,0.00,יחידה,false,,11.90,0.0000,true,1,548282
5900020012814,false,דגנים נסקוויק מלחמת הכוכבים 500 גרם,מיוצר עי קונדיטוריית,PL,דגני בוקר נסקוויק נס,,500.00,יח',false,,28.90,0.0578,true,1,74762
5900020015174,false,פיטנס - חטיף דגנים שוקולד 23.50 גרם * 6,מיוצר עי קונדיטוריית,PL,פיטנס חטיף דגנים שוק,,141.00,100 גרם,false,,18.90,0.1340,true,1,74763
5900020018908,false,פיטנס - חטיף דגנים עוגיות שוקולד 23.50 גרם * 6,מיוצר עי קונדיטוריית,PL,פיטנס חטיף דגנים קרם,,141.00,יח',false,,18.90,0.1340,true,1,74769
5900020020710,false,נסטלה - קראנץ' שוקו וניל חטיף דגנים 25 גרם * 6,,,חטיף דגנים קראנץ בר,,150.00,יח',false,,18.90,0.1260,true,1,74770
5900020024770,false,פיטנס - דליס חטיף דגנים שוקולד אגוז 22.50 גרם * 6,סי. פי. פולין,PL,פיטנס בר דליס שוקולד,,135.00,יח',false,,18.90,0.1400,true,1,125158
5900020025647,false,פיטנס - דליס חטיף דגנים שוקולד חלב 22.50 גרם * 6,מיוצר עי קונדיטוריית,PL,פיטנס בר דליס שוקולד,,135.00,יח',false,,18.90,0.1400,true,1,74777
5900020026552,false,האני נאט ציריוס מלחמת הכוכבים 625 גרם,הנסיך- מפעל לייצור ט,FR,האני נאט ציריוס נסטל,,625.00,יח',false,,28.90,0.0462,true,1,74785
5900020029669,false,פיטנס - חטיף דגנים פירות יער 23.50 גרם * 6,,,פיטנס חטיף דגנים פיר,,141.00,100 גרם,false,,18.90,0.1340,true,1,163628
5900020031877,false,צ'יריוס האני חטיף דגנים מארז 22X6 גרם,סי. פי. פולין,PL,חטיף דגנים צ'יריוס ה,,132.00,יח',false,,18.90,0.1432,true,1,186892
5900020033314,false,נסטלה - ליון חטיף דגנים 25 גרם * 6,סי.פי. פולין,PL,חטיף דגנים ליון נסטל,,150.00,יח',false,,18.90,0.1260,true,1,191877
5900020036407,false,דגני בוקר שוקולד וקרמל ליון 480 גרם,,FR,דגני בוקר שוקולד וקר,,480.00,יח',false,,28.90,0.0602,true,1,280948
5900020041142,false,קורנפלקס פיטנס 500 ג' אסם,סי.פי פולין,PL,קורנפלקס פיטנס 500גר,,500.00,יח',false,,14.90,0.0298,true,1,559678
5900627063233,false,טבליות למדיח AIO 50 יח פיניש,רקיט בנקיזר,PL,50 יח AIO טבליות פינ,,800.00,יח',false,,41.90,0.0524,true,1,76602
5901414200411,false,ביסקוויט מיניס ממולא שוקולד היט 130 גר,בלזן,PL,היט מיניס קרם קקאו 1,,130.00,יח',false,,6.90,0.0531,true,1,178844
5902198160403,false,"משקה אנרגיה XL TEN פחית לל""ס 250מ""ל","טמפו משקאות בע""מ",IL,אקס אל משקה אנרגיה ט,,250.00,,false,,4.90,0.0196,true,1,140933
5902768862683,true,עוגיות טוויט שוקולד,,,עוגיות טוויט שוקולד,,155.00,יח',false,,6.90,0.0445,true,1,209800
5902768865677,true,עוגיות שוקולד צ'יפס,,,עוגיות שוקולד צ'יפס,,150.00,יח',false,,6.90,0.0460,true,1,209802
5904941751302,false,"משקה אנרגיה בלו 250 מ""ל- בודד",אקו - ביט,PL,בלו משקה אנרגיה 250,,250.00,,false,,4.90,0.0196,true,1,57040
5904941751920,false,"משקה אנרגיה BLU DAY בודד 250 מ""ל",אקו - ביט,PL,בלו משקה אנרגיה דיי,,250.00,,false,,4.90,0.0196,true,1,57051
5906485301012,false,"משקה אנרגיה XL פחית 250 מ""ל","טמפו משקאות בע""מ",IL,אקס אל משקה אנרגיה 2,,250.00,,false,,4.90,0.0196,true,1,64501
5941021000639,false,טבלת שוקולד חלב אגוז היידי גראנדור 100 ג',,,טבלת היידי גראנדור ח,,100.00,100 גרם,false,,12.90,0.1290,true,1,486839
5941021002190,false,טבלת שוקולד לבן אגוז היידי גראנדור 100 ג',,,טבלת היידי גראנדור ל,,100.00,יח',false,,12.90,0.1290,true,1,486961
5941021005139,false,טבלת שוקולד חלב שקד היידי גראנדור 100 ג',,,טבלת היידי גראנדור ח,,100.00,יח',false,,12.90,0.1290,true,1,486856
5941021011147,false,טבלת שוקולד פלורנטין מריר היידי גראנדור 100 ג',,,טבלת היידי גראנדור פ,,100.00,יח',false,,12.90,0.1290,true,1,486981
6008165274629,false,פאל מאל כחול ארוך סטרים פילטר חפיסה,יושלם,,פאל מאל כחול ארוך סט,יחידה,0.00,יחידה,false,,31.00,0.0000,false,1,59348
6902019042016,false,אטבי כביסה 10 יחידות,,,אטבי כביסה 10 יחידות,יחידה,0.00,יחידה,false,,5.50,0.0000,true,1,214728
6920220650028,false,חנוכיית פח זהב/כסף,,,חנוכיה פח זהב/כסף,יחידה,0.00,יחידה,false,,4.90,0.0000,true,1,548298
6936745600783,false,חומץ אורז מיצוקאן 500 מל,Qingdao Sun-growing,CN,"חומץ אורז 500 מ""ל (ד",,500.00,יח',false,,17.90,0.0358,true,1,69498
6951097101139,false,מאג קליר ניו בלינק 3,,,מאג קליר ניו בלינק 3,יחידה,0.00,יחידה,false,,5.90,0.0000,true,1,83680
6951097101672,false,מאג נבאדה(6 סט),,,מאג נבאדה(6 סט),יחידה,0.00,יחידה,false,,29.90,0.0000,true,1,83682
6953415201668,false,מגן נחשולי מתח T2 שקעים OMEGA,,,מגן נחשולי מתח T2 שק,יחידה,0.00,יחידה,false,,19.90,0.0000,true,1,102375
6973350160004,true,מסכות לילדים 10 יח,,,מסכות לילדים 10 יח,יחידה,0.00,יחידה,false,,6.90,0.0000,true,1,301854
7180589856540,false,נייס שבלולים לשיער,,,נייס שבלולים לשיער,יחידה,0.00,יחידה,false,,3.90,0.0000,true,1,90617
7262626058497,false,כובע צמר לגבר,,,כובע צמר לגבר,יחידה,0.00,יחידה,false,,29.90,0.0000,true,1,153071
7262626088180,false,טייץ טרמי שחור,,,טייץ טרמי שחור,יחידה,0.00,יחידה,false,,29.90,0.0000,true,1,313842
7271730901261,false,ווקי מאק ארוחת אטריות עם גבינה 156 גרם,ניו וורלד פסטה קומפנ,US,ארוחת אטריות וואקי מ,,156.00,יח',false,,11.90,0.0763,true,1,127309
7290000000311,false,קרואסון ביס בטעמים ח,,,קרואסון ביס בטעמים ח,קילוגרמים,1.00,"ק""ג",true,,48.90,48.9000,true,1,57471
7290000000465,false,לחמניה שמינייה,,,לחמניה שמינייה,,1.00,,false,,4.90,4.9000,true,1,175302
7290000000978,true,חסה כשר,,,חסה כשר,,1.00,,false,,7.90,7.9000,true,1,151649
7290000000985,true,פטרוזיליה כשר,,,פטרוזיליה כשר,,1.00,,false,,5.90,5.9000,true,1,151728
7290000001586,true,שמיר כשר,,,שמיר כשר,,1.00,,false,,5.90,5.9000,true,1,171788
7290000001593,true,נענע כשר,,,נענע כשר,,1.00,,false,,5.90,5.9000,true,1,171789
7290000002872,false,צפתית במים גד 5% במש,,,צפתית במים גד 5% במש,קילוגרמים,1.00,"ק""ג",true,,68.00,68.0000,true,1,69679
7290000002889,false,גבינות שמנת שום שמיר,,,גבינות שמנת שום שמיר,קילוגרמים,1.00,"ק""ג",true,,61.00,61.0000,true,1,69680
7290000003285,false,פטינה מחלבת ארלה 21%,,,פטינה מחלבת ארלה 21%,קילוגרמים,1.00,"ק""ג",true,,32.00,32.0000,true,1,213659
7290000003286,false,בלוז דנאבלו מחלבת אר,,,בלוז דנאבלו מחלבת אר,קילוגרמים,1.00,"ק""ג",true,,69.00,69.0000,true,1,213660
7290000003503,false,כנפיים עוף טרי,,,כנפיים עוף טרי,קילוגרמים,1.00,"ק""ג",true,,12.90,12.9000,true,1,81715
7290000004444,false,שקיות גופיה 20 מקרו,,,שקיות גופיה 20 מקרו,יחידה,0.00,יחידה,false,,0.10,0.0000,true,1,506575
7290000004754,false,מוצרלה כדור קטן גד 1,,,מוצרלה כדור קטן גד 1,קילוגרמים,1.00,"ק""ג",true,,107.00,107.0000,true,1,69691
7290000004792,false,בולגרית מעודנת גד 5%,,,בולגרית מעודנת גד 5%,קילוגרמים,1.00,"ק""ג",true,,70.00,70.0000,true,1,69692
7290000004815,false,מוצרלה גד 22% במשקל,,,מוצרלה גד 22% במשקל,קילוגרמים,1.00,"ק""ג",true,,94.00,94.0000,true,1,69693
7290000004969,false,גבינות שמנת טבעי גד,,,גבינות שמנת טבעי גד,קילוגרמים,1.00,"ק""ג",true,,61.00,61.0000,true,1,69699
7290000004990,false,כדור גדול מוצרלה גד,,,כדור גדול מוצרלה גד,קילוגרמים,1.00,"ק""ג",true,,109.00,109.0000,true,1,69702
7290000004991,false,מארז תרומה אגרות פתח,,,מארז תרומה אגרות פתח,יחידה,0.00,יחידה,false,,10.00,0.0000,true,1,384515
7290000005455,false,בולגרית מעודנת מהדרי,,,בולגרית מעודנת מהדרי,קילוגרמים,1.00,"ק""ג",true,,70.00,70.0000,true,1,69708
7290000005486,false,גבינות שמנת טבעי מהד,,,גבינות שמנת טבעי מהד,קילוגרמים,1.00,"ק""ג",true,,61.00,61.0000,true,1,69711
7290000005493,false,גבינות שמנת זיתים מה,,,גבינות שמנת זיתים מה,קילוגרמים,1.00,"ק""ג",true,,61.00,61.0000,true,1,69712
7290000009350,false,בשר טחון טרי,,,בשר טחון טרי,קילוגרמים,1.00,"ק""ג",true,,39.90,39.9000,true,1,519373
7290000009351,false,בשר טחון חלק טרי,,,בשר טחון חלק טרי,קילוגרמים,1.00,"ק""ג",true,,49.90,49.9000,true,1,519501
7290000009352,false,בשר טחון פרימיום טרי,,,בשר טחון פרימיום טרי,קילוגרמים,1.00,"ק""ג",true,,49.90,49.9000,true,1,519582
7290000009354,false,צלעות בקר טרי,,,צלעות בקר טרי,קילוגרמים,1.00,"ק""ג",true,,79.90,79.9000,true,1,519743
7290000009358,false,כתף בקר טרי,,,כתף בקר טרי,קילוגרמים,1.00,"ק""ג",true,,69.90,69.9000,true,1,519834
7290000009360,false,כתף פרימיום טרי,,,כתף פרימיום טרי,קילוגרמים,1.00,"ק""ג",true,,79.90,79.9000,true,1,519907
7290000009362,false,צלי כתף טרי,,,צלי כתף טרי,קילוגרמים,1.00,"ק""ג",true,,89.90,89.9000,true,1,519976
7290000009370,false,שריר טרי,,,שריר טרי,קילוגרמים,1.00,"ק""ג",true,,64.90,64.9000,true,1,520115
7290000009374,false,אנטריקוט טרי,,,אנטריקוט טרי,קילוגרמים,1.00,"ק""ג",true,,129.90,129.9000,true,1,520431
7290000009395,false,אסאדו ע.ע. טרי,,,אסאדו ע.ע. טרי,קילוגרמים,1.00,"ק""ג",true,,69.90,69.9000,true,1,520597
7290000009397,false,אוסובוקו טרי,,,אוסובוקו טרי,קילוגרמים,1.00,"ק""ג",true,,69.90,69.9000,true,1,520273
7290000009413,false,שייטל בקר טרי,,,שייטל בקר טרי,קילוגרמים,1.00,"ק""ג",true,,99.90,99.9000,true,1,520906
7290000009431,false,רבע כבש טרי,,,רבע כבש טרי,קילוגרמים,1.00,"ק""ג",true,,119.90,119.9000,true,1,520971
7290000009435,false,צוואר טלה טרי,,,צוואר טלה טרי,קילוגרמים,1.00,"ק""ג",true,,79.90,79.9000,true,1,521043
7290000009454,false,אנטריקוט ע.ע פרימיום,,,אנטריקוט ע.ע פרימיום,קילוגרמים,1.00,"ק""ג",true,,129.90,129.9000,true,1,529416
7290000009461,false,חזה ע.ע טרי,,,חזה ע.ע טרי,קילוגרמים,1.00,"ק""ג",true,,49.90,49.9000,true,1,530502
7290000009462,false,צוואר ע.ע טרי,,,צוואר ע.ע טרי,קילוגרמים,1.00,"ק""ג",true,,49.90,49.9000,true,1,530519
7290000009464,false,אנטריקוט ע.ע טרי,,,אנטריקוט ע.ע טרי,קילוגרמים,1.00,"ק""ג",true,,94.90,94.9000,true,1,530552
7290000009481,false,כתף ע.ע כשר,,,כתף ע.ע כשר,קילוגרמים,1.00,"ק""ג",true,,49.90,49.9000,true,1,531336
7290000011236,false,בולגרית מעודנת המושב,,,בולגרית מעודנת המושב,קילוגרמים,1.00,"ק""ג",true,,50.00,50.0000,true,1,69904
7290000011427,false,אצבעות שוקולד וניל ה,,,אצבעות שוקולד וניל ה,קילוגרמים,1.00,"ק""ג",true,,65.00,65.0000,true,1,69910
7290000011593,false,שזיף,,,שזיף,קילוגרמים,1.00,"ק""ג",true,,19.90,19.9000,true,1,55624
7290000023083,false,ערק אשקלון 40% בקבוק,"יקבי ברקן בע""מ",IL,"ערק אשקלון 700 מ""ל כ",,700.00,,false,,55.90,0.0799,true,1,64512
7290000023809,false,"יין ברקן קלאסיק קברנה סובניון 750מ""ל",יקבי ברקן שיווק והפצ,IL,קלאסיק קברנה סובניון,,750.00,,false,,35.50,0.0473,true,1,64527
7290000023816,false,"יין ברקן קלאסיק אמרלד ריזלינג 750מ""ל",יקבי ברקן שיווק והפצ,IL,קלאסיק אמרלד ריזלינג,,750.00,,false,,35.50,0.0473,true,1,64528
7290000023977,false,"יין ברקן קלאסיק מרלו 750 מ""ל",יקבי ברקן שיווק והפצ,IL,קלאסיק מרלו 750מל.,,750.00,,false,,35.50,0.0473,true,1,64534
7290000024202,false,"יין ברקן רזרב קברנה סובניון 750 מ""ל",ברקן שיווק והפצה בעמ,IL,קברנה סוביניון רזרבד,,750.00,"100 מ""ל",false,,46.90,0.0625,true,1,64537
7290000024523,false,מיץ ענבים של סגל 1 ליטר,כרמי צבי - האחים סגל,IL,תירוש של סגל 1 ליטר,ליטרים,1.00,ליטר,false,,15.90,15.9000,true,1,64545
7290000026650,false,צפתית פיראוס 5% במשק,,,צפתית פיראוס 5% במשק,קילוגרמים,1.00,"ק""ג",true,,59.00,59.0000,true,1,80673
7290000032665,false,רוטב עגבניות 28% 580ג' פרי זה,,,רוטב עגבניות 28% ברי,,580.00,יח',false,,8.50,0.0147,true,1,63718
7290000035324,false,בולגרית חלב נוכרי פי,,,בולגרית חלב נוכרי פי,קילוגרמים,1.00,"ק""ג",true,,59.00,59.0000,true,1,80674
7290000040042,false,יוגורט תות %3 גביע 150 ג' יופלה,תנובה בעמ,IL,יופלה תות שובב 3% 15,,150.00,,false,,5.70,0.0380,true,1,80826
7290000040066,false,יוגורט דובדבן 3% שומן 150 ג' יופלה,תנובה בעמ,IL,יופלה דובדבן פראי 3%,,150.00,,false,,5.70,0.0380,true,1,80828
7290000040080,false,יוגורט אפרסק 3% שומן 150 ג' יופלה,תנובה בעמ,IL,יופלה אפרסק מאוהב 3%,,150.00,,false,,5.70,0.0380,true,1,80829
7290000040301,false,"גבינת קולאז קממבר עין גדי 24%, 125 ג'",תנובה,IL,תנובה גבינת קממבר עי,,125.00,יח',false,,21.90,0.1752,true,1,80832
7290000040318,false,גבינת ברי 24% קולאז עדי תנובה 125 ג',תנובה,IL,תנובה גבינת ברי 24%,,125.00,יח',false,,22.90,0.1832,true,1,80833
7290000040462,false,גבינת טוסטי עמק אמריקאי אדם 23% 200 ג',"תנובה, מחלבת תל יוסף",IL,טוסטי טעם אדם 22% 20,,200.00,יח',false,,20.90,0.1045,true,1,153413
7290000040974,false,חלב טרי דל לקטוז 1ל' תנובה,"תנובה, מחלבת רחובות",IL,חלב תנובה קרטון דל ל,ליטרים,1.00,ליטר,false,,7.90,7.9000,true,1,80836
7290000041858,false,"שמנת חמוצה 15% יטבתה 200 מ""ל מהדרין",שטראוס גרופ,IL,יטבתה שמנת חמוצה 15%,,200.00,"100 מ""ל",false,,2.50,0.0125,true,1,78482
7290000042015,false,חלב טרי 3% תנובה שקית 1ל' מהדרין,תנובה,IL,חלב תנובה טרי שקית,יחידה,0.00,יחידה,false,,5.43,0.0000,true,1,80844
7290000042404,false,חלב יוטבתה מועשר 3% שקית 1ל',מחלבת יטבתה,IL,יטבתה חלב מועשר שקית,ליטרים,1.00,ליטר,false,,5.90,5.9000,true,1,78485
7290000042435,false,חלב דל שומן בקרטון+פקק 1 ליטר 1%,תנובה מרכז שיתופי לש,IL,חלב תנובה בקרטון 1%,ליטרים,1.00,ליטר,false,,5.86,5.8600,true,1,80850
7290000042640,false,"חלב תנובה עמיד 3% קרטון 250 מ""ל",תנובה מרכז שיתופי לש,IL,חלב תנובה עמיד 3% מה,,250.00,,false,,2.90,0.0116,true,1,80857
7290000042855,false,יוטבתה שוקו שקית 225מל,שטראוס גרופ,IL,יטבתה שוקו שקית 225,,225.00,,false,,2.90,0.0129,true,1,78487
7290000043012,false,"שוקו עמיד 2% בקרטון 250 מ""ל תנובה",תנובה,IL,שוק שוקו עמיד 2% בקר,,250.00,,false,,4.90,0.0196,true,1,80860
7290000043814,false,"שמנת מתוקה להקצפה 38% 250 מ""ל תנובה",תנובה מרכז שיתופי לש,IL,שף לבן שמנת לקצפת עמ,,250.00,,false,,6.47,0.0259,true,1,80863
7290000043890,false,רוויון קרטון 1 ליטר %1.5,תנובה מרכז שיתופי לש,IL,ריויון 1.5% 1ל,ליטרים,1.00,ליטר,false,,12.50,12.5000,true,1,80866
7290000043944,false,כד יוגורט תנובה 4% שומן 1.5 ליטר,מיוצר עי קונדיטוריית,IL,יוגורט כדים תנובה 1.,ליטרים,1.50,ליטר,false,,18.70,12.4667,true,1,80867
7290000044712,false,יוגורט עם תות 1.5% שומן 500 ג' פרילי,מיוצר עי קונדיטוריית,IL,פרילי תות 1.5% 500מל,,500.00,,false,,10.90,0.0218,true,1,80873
7290000044880,false,באדי יוגורט תות 3% שומן 500 ג' תנובה,מיוצר עי קונדיטוריית,IL,באדי תות 3% 500מל,,500.00,,false,,9.90,0.0198,true,1,80875
7290000045580,false,"גבינת מותכת נעמה חורש 25%, 240 ג'",תנובה מרכז שיתופי לש,IL,נעמה גבינת מותכת 25%,,240.00,יח',false,,19.90,0.0829,true,1,80878
7290000046020,false,גלבוע פיקוח 22%,תנובה מרכז שיתופי לש,,גלבוע 22% במשקל,קילוגרמים,1.00,"ק""ג",true,,42.58,42.5800,true,1,80682
7290000046327,false,"גבינת גלבוע פרוס 22%, 200 ג' תנובה",תנובה מרכז שיתופי לש,IL,גלבוע גבינה פרוסה 22,,200.00,יח',false,,13.90,0.0695,true,1,80883
7290000046549,false,מוצרלה חריץ תנובה במ,תנובה מרכז שיתופי לש,,מוצרלה חריץ תנובה במ,קילוגרמים,1.00,"ק""ג",true,,82.00,82.0000,true,1,80688
7290000046563,false,גבע פרמזן תנובה במשק,תנובה מרכז שיתופי לש,,גבע פרמזן תנובה במשק,קילוגרמים,1.00,"ק""ג",true,,114.00,114.0000,true,1,80690
7290000047027,false,גבינה גלעד קצקאבל27%,תנובה מרכז שיתופי לש,,קשקבל גלעד במשקל,קילוגרמים,1.00,"ק""ג",true,,128.00,128.0000,true,1,80693
7290000047034,false,רוקפור גליל במשקל,תנובה מרכז שיתופי לש,,רוקפור גליל במשקל,קילוגרמים,1.00,"ק""ג",true,,130.00,130.0000,true,1,80694
7290000047485,false,בולגרית פיראוס 24% ב,תנובה מרכז שיתופי לש,,בולגרית פיראוס 24% ב,קילוגרמים,1.00,"ק""ג",true,,64.00,64.0000,true,1,80697
7290000047546,false,כנען גבינה לבנה 5% 500 גרם ללא מלח,תנובה,IL,שף לבן כנען 5% 500ג,,500.00,יח',false,,28.20,0.0564,true,1,80886
7290000047730,false,סלמון פילה מעושן מצו,,,סלמון פילה מעושן מצו,קילוגרמים,1.00,"ק""ג",true,,199.00,199.0000,true,1,71581
7290000048185,false,גבינה לבנה 5% שומן 250 ג' תנובה,מיוצר עי קונדיטוריית,IL,גבינה לבנה רכה 5% תנ,,250.00,יח',false,,4.98,0.0199,true,1,80891
7290000048192,false,גבינה לבנה 9% שומן 250 ג' תנובה,מחלבת אלון תבור,IL,גבינה לבנה רכה 9% בד,,250.00,יח',false,,5.10,0.0204,true,1,80892
7290000048207,false,פילה הרינג בסגנון מט,,,פילה הרינג בסגנון מט,קילוגרמים,1.00,"ק""ג",true,,84.00,84.0000,true,1,73587
7290000048307,false,גבינת קוטג 5% עם זיתים 250ירוקים גרם,מיוצר עי קונדיטוריית,IL,קוטג תנובה עם זיתים,,250.00,יח',false,,5.90,0.0236,true,1,80894
7290000048413,false,גבינה חמד %16 שקית 250 ג' פיראוס,תנובה מרכז שיתופי לש,IL,פיראוס חמד 16% 250ג,,250.00,יח',false,,20.90,0.0836,true,1,80896
7290000048437,false,גבינה צפתית 5% 200 ג' פיראוס,פארייפאבה אגרואינדוס,IL,פיראוס צפתית 5% 200,,200.00,יח',false,,17.90,0.0895,true,1,80897
7290000048444,false,פיראוס חמד 16% 1 קג,,,פיראוס חמד 16% 1 קג,קילוגרמים,1.00,"ק""ג",false,,58.90,58.9000,true,1,172098
7290000049458,false,גבינת פטה עיזים 16% גביע פיראוס 250 ג',תנובה מרכז שיתופי לש,IL,פיראוס בולגרית עיזים,,250.00,יח',false,,32.90,0.1316,true,1,80902
7290000050447,false,יוגורט תות 500 ג' יופלה,מיוצר עי קונדיטוריית,IL,יופלהYYY תות 3% 500מ,,500.00,,false,,14.90,0.0298,true,1,80909
7290000051307,false,מארז הפסקת אוכל עם דגני עוגי ומשקה חלב עמיד בטעם וניל,"תנובה, מחלבת טנא נוג",IL,חלב תנובה הפ.אוכל עו,,150.00,,false,,10.50,0.0700,true,1,80928
7290000051376,false,יופלה דיאט אננס ספורטיבי 0% 150גר,תנובה בעמ,IL,יופלה דיאט אננס ספור,,150.00,,false,,5.60,0.0373,true,1,80930
7290000051710,false,לאבנה 9% עם שמן זית וזעתר 263 ג' פיראוס,"תנובה, מחלבת אלון תב",IL,פיראוס לאבנה עם שמן,,263.00,יח',false,,14.90,0.0567,true,1,80933
7290000052311,false,עמק פרוס בקופסא 200 גר 15% שומן,תנובה,IL,עמק מהדרין 15% 200 ג,,200.00,יח',false,,17.90,0.0895,true,1,80946
7290000052649,false,גבינת לאבנה 5% שומן 500 ג' פיראוס,פ.פ.ח. שאביט,IL,פיראוס לאבנה 5% 500ג,,500.00,יח',false,,22.90,0.0458,true,1,80952
7290000052717,false,קוטג' 5%עם שום שמיר 250 ג' תנובה,מיוצר עי קונדיטוריית,IL,קוטג תנובה עם שום שמ,,250.00,יח',false,,5.90,0.0236,true,1,80956
7290000053219,false,טל העמק 32% במשקל,תנובה מרכז שיתופי לש,,טל העמק 32% במשקל,קילוגרמים,1.00,"ק""ג",true,,61.00,61.0000,true,1,80705
7290000055329,false,משקה יוגורט יופלה בטעם תות-מלון 250 גר,תנובה בעמ,IL,יופלה משקה יוגורט תו,,250.00,,false,,6.50,0.0260,true,1,81002
7290000055336,false,משקה יוגורט יופלה בטעם בננה אפרסק 250 גר,תנובה בעמ,IL,יופלה משקה יוגורט בנ,,250.00,,false,,6.50,0.0260,true,1,81003
7290000055343,false,משקה יוגורט יופלה בטעם טרופי 250 גר,תנובה בעמ,IL,יופלה משקה יוגורט טר,,250.00,,false,,6.50,0.0260,true,1,81004
7290000055350,false,גבינה צהובה חריץ עמק 28% במשקל,תנובה מרכז שיתופי לש,,עמק קלאסית 28% במשקל,קילוגרמים,1.00,"ק""ג",true,,44.79,44.7900,true,1,80709
7290000055893,false,חמאה משמנת מפוסטרת 200ג' כ.מהדרין,תנובה,IL,חמאה מהדרין תנובה 20,,200.00,יח',false,,8.20,0.0410,true,1,81010
7290000056000,false,קדמי כבש טרי,,,קדמי כבש טרי,קילוגרמים,1.00,"ק""ג",true,,109.90,109.9000,true,1,56854
7290000056081,false,מאגדת פרילי טבע 6 יח' * 200 ג',מיוצר עי קונדיטוריית,IL,"פרילי טבע 6*200 מ""ל",קילוגרמים,1.20,"ק""ג",false,,25.00,20.8333,true,1,81015
7290000056845,false,חלב טרי 3% הומוגני קרטון 1.5 ל' תנובה,פארייפאבה אגרואינדוס,IL,חלב תנובה בקרטון 3%,ליטרים,1.50,ליטר,false,,9.34,6.2267,true,1,81028
7290000056951,false,שמנת לבישול 15% 500 מל עמיד השף הלבן,תנובה,IL,שף לבן שמנת לבישול +,,500.00,,false,,17.90,0.0358,true,1,81035
7290000057088,false,עמק פרוס דק דק 200 גרם 28%,פ.פ.ח. שאביט,IL,עמק דק דק 28% 200גר,,200.00,יח',false,,17.90,0.0895,true,1,81039
7290000057132,false,יוגורט תנובה טבעי 1.5% גביע 200 גרם,מחלבת אלון תבור,IL,תנובה יוגורט טבעי 1.,,200.00,,false,,3.50,0.0175,true,1,81042
7290000057149,false,יוגורט תנובה טבעי 3% גביע 200 גרם,מיוצר עי קונדיטוריית,IL,תנובה יוגורט טבעי 3%,,200.00,יח',false,,3.50,0.0175,true,1,81043
7290000058001,false,עצמות עגל חלק טרי,,,עצמות עגל חלק טרי,קילוגרמים,1.00,"ק""ג",true,,35.00,35.0000,true,1,56862
7290000058004,false,סטייק ע.ע עגל חלק טר,,,סטייק ע.ע עגל חלק טר,קילוגרמים,1.00,"ק""ג",true,,129.90,129.9000,true,1,56865
7290000058006,false,אסדו על עצם עגל חלק,,,אסדו על עצם עגל חלק,קילוגרמים,1.00,"ק""ג",true,,74.90,74.9000,true,1,165300
7290000058012,false,סרעפת עגל טרי.,,,סרעפת עגל טרי.,קילוגרמים,1.00,"ק""ג",true,,110.00,110.0000,true,1,56873
7290000058014,false,לשון עגל טרי,,,לשון עגל טרי,קילוגרמים,1.00,"ק""ג",true,,69.90,69.9000,true,1,56875
7290000058018,false,כבד עגל טרי לצליה בל,,,כבד עגל טרי לצליה בל,קילוגרמים,1.00,"ק""ג",true,,39.90,39.9000,true,1,56877
7290000058030,false,"יופלה שטוזים משקה יוגורט תות 8 יח' * 100 מ""ל",מיוצר עי קונדיטוריית,IL,יופלה שטוזים משקה יו,,800.00,,false,,22.90,0.0286,true,1,81063
7290000058047,false,"שמנת להקצפה 38% שומן 500 מ""ל תנובה",תנובה,IL,שף לבן שמנת מתוקה מה,,500.00,,false,,12.94,0.0259,true,1,81064
7290000060088,false,בייגלה מקלות מלוחים 400 ג' אסם,מיוצר עי קונדיטוריית,IL,בייגלה אסם מקלות מלו,,400.00,יח',false,,12.90,0.0323,true,1,74791
7290000060163,false,אטריות דקות 400 ג' אסם,"אסם השקעות בע""מ",IL,אטריות דקות אסם 400,,400.00,יח',false,,7.90,0.0198,true,1,74794
7290000060200,false,אוסם - פתיתים אפויים קוסקוס 500 גרם,"אסם השקעות בע""מ",IL,פתיתים אפויים קוסקוס,,500.00,יח',false,,7.90,0.0158,true,1,74795
7290000060217,false,פסטה מקרוני 7 500 ג' אסם,פסטה זארה,IT,פסטה מקרוני אסם 500,,500.00,יח',false,,6.90,0.0138,true,1,74796
7290000060248,false,פסטה אסם פתיתים תלתלים 500 גר',פסטה זארה,IL,פסטה תלתלים אסם 500,,500.00,יח',false,,6.90,0.0138,true,1,74797
7290000060330,false,פסטה ספירלי פרפקטו 500 ג' אסם,פסטה זארה,IL,פסטה ספירלי פרפקטו 5,,500.00,יח',false,,7.90,0.0158,true,1,74801
7290000060408,false,פתיתים אפויים טבעות 500 ג' אסם,"אסם השקעות בע""מ",IL,פתיתים אפויים טבעות,,500.00,יח',false,,7.90,0.0158,true,1,74803
7290000060415,false,פסטה פרפקטו לזאניה אסם 500ג',פסטה לנסי,IL,לזאניה פרפקטו 500 ג,,500.00,יח',false,,15.90,0.0318,true,1,74804
7290000060576,false,פתיתים אפויים כוכבים 500 ג' אסם,"אסם השקעות בע""מ",IL,פתיתים אפויים כוכבים,,500.00,יח',false,,7.90,0.0158,true,1,74809
7290000060781,false,פסטה מסולסלים (57) 500 גרם,פסטה זארה,IT,פסטה מסולסלים אסם 50,,500.00,יח',false,,6.90,0.0138,true,1,74810
7290000060842,false,פסטה צדפים גדולים (56) 500 גרם,פסטה זארה,IT,פסטה צדפים גדולים אס,,500.00,יח',false,,6.90,0.0138,true,1,74812
7290000060859,false,פסטה צדפים קטנים (24) 500 גרם,פסטה זארה,IL,פסטה צדפים קטנים אסם,,500.00,יח',false,,6.90,0.0138,true,1,74813
7290000060880,false,פסטה מס' 8 ספגטי אסם 500ג',פסטה זארה,IT,ספגטי אסם 500 גרם,,500.00,יח',false,,6.90,0.0138,true,1,74814
7290000060958,false,אטריות בינוניות 400 ג' אסם,"אסם השקעות בע""מ",IL,אטריות בינוניות אסם,,400.00,יח',false,,7.90,0.0198,true,1,74817
7290000060965,false,אטריות רחבות 400 ג' אסם,"אסם השקעות בע""מ",IL,אטריות רחבות אסם 400,,400.00,יח',false,,7.90,0.0198,true,1,74818
7290000061025,false,בולגרית המושבה 5% במ,,,בולגרית המושבה 5% במ,קילוגרמים,1.00,"ק""ג",true,,55.00,55.0000,true,1,69916
7290000061056,false,צפתית פרח המושבה 5%,,,צפתית פרח המושבה 5%,קילוגרמים,1.00,"ק""ג",true,,50.00,50.0000,true,1,69917
7290000061061,false,אסם קרקר בצל 250גרם,"אסם השקעות בע""מ",IL,אסם קרקר בצל 250גרם,,250.00,יח',false,,11.90,0.0476,true,1,74820
7290000061070,false,צפתית קשה המושבה במש,,,צפתית קשה המושבה במש,קילוגרמים,1.00,"ק""ג",true,,75.00,75.0000,true,1,69919
7290000061085,false,"רוטב צילי מתוק 290 מ""ל-בקבוק","אסם השקעות בע""מ",IL,אסם רוטב צ'ילי מתוק,,290.00,,false,,13.90,0.0479,true,1,74821
7290000061214,false,פתיתים אפויים קוסקוס עם בצל אסם 500 גר',"אסם השקעות בע""מ",IL,פתיתים קוסקוס בצל אס,,500.00,יח',false,,7.90,0.0158,true,1,74823
7290000061245,false,עוגיות שוקוציפס ממולאות שוקולד 220 גרם,מיוצר עי קונדיטוריית,IL,אסם עוגיות שוקוצ'יפס,,220.00,יח',false,,12.90,0.0586,true,1,74824
7290000061261,false,טבורוג טעמים המושבה,,,טבורוג טעמים המושבה,קילוגרמים,1.00,"ק""ג",true,,40.00,40.0000,true,1,69920
7290000061285,false,טבורג המושבה 10% במש,,,טבורג המושבה 10% במש,קילוגרמים,1.00,"ק""ג",true,,38.00,38.0000,true,1,69922
7290000061315,false,לאבנה טבעי המושבה 5%,,,לאבנה טבעי המושבה 5%,קילוגרמים,1.00,"ק""ג",true,,40.00,40.0000,true,1,69923
7290000061764,false,נסקפה רד מאג טעם חדש 200ג',נסטלה ספרד,ES,נס קפה רד מאג טעם חד,,200.00,יח',false,,24.90,0.1245,true,1,74827
7290000063140,false,שקדי מרק רכיבים טבעיים בשקית 400 ג' אסם,"אסם השקעות בע""מ",IL,שקדי מרק רכיבים טבעי,,400.00,יח',false,,14.90,0.0373,true,1,74838
7290000063157,false,"קמח עוגה תופח מאליו 1 ק""ג","אסם השקעות בע""מ",IL,קמח עוגה תופח מאליו,קילוגרמים,1.00,"ק""ג",false,,10.90,10.9000,true,1,74839
7290000064758,false,קוסקוס בינוני אמיתי אסם 350 ג',"מיוצר ע""י קוד יצרן K",IL,קוסקוס אמיתי אסם 350,,350.00,יח',false,,8.90,0.0254,true,1,74849
7290000064871,false,"אוסם - מנה חמה פירה תפו""א עם בצל 56 גרם","אסם השקעות בע""מ",IL,"מנה חמה פירה תפו""א ו",,56.00,יח',false,,6.90,0.1232,true,1,74850
7290000065090,false,מיני קרוטונים למרק ולסלט 400 ג' אסם,עינת תעשיות,IL,מיני קרוטונים למרק ו,,400.00,יח',false,,28.90,0.0722,true,1,74851
7290000065335,false,אוסם - מנה חמה פירה עם ירקות 55 גרם,"אסם השקעות בע""מ",IL,מנה חמה פירה וירקות,,55.00,יח',false,,6.90,0.1255,true,1,74853
7290000065557,false,אוסם - מנה חמה קוסקוס עם ירקות 84 גרם,"אסם תעשיות מזון בע""מ",IL,מנה חמה קוסקוס וירקו,,84.00,יח',false,,6.90,0.0821,true,1,74855
7290000066141,false,ביסלי בטעם גריל 70 גרם,"אסם השקעות בע""מ",IL,ביסלי גריל 70 גר'.,,70.00,יח',false,,4.90,0.0700,true,1,74863
7290000066172,false,ביסלי בטעם פיצה 70 גרם,"אסם השקעות בע""מ",IL,ביסלי פיצה 70גרם,,70.00,יח',false,,4.90,0.0700,true,1,74866
7290000066196,false,ביסלי גדול בטעם גריל 200 ג' אסם,מיוצר עי קונדיטוריית,IL,ביסלי גריל 200גרם,,200.00,יח',false,,7.90,0.0395,true,1,74868
7290000066295,false,אסם במבה תות מחומרים טבעיים 30גר,מיוצר עי קונדיטוריית,IL,במבה מתוקה מחומרים ט,,30.00,יח',false,,2.90,0.0967,true,1,74873
7290000066318,false,במבה קלאסי 80 גרם,"אסם השקעות בע""מ",IL,במבה קלאסי 80 גרם,,80.00,יח',false,,4.90,0.0613,true,1,74875
7290000066332,false,אפרופו חטיף אסם 50ג',מיוצר עי קונדיטוריית,IL,אפרופו 50 גרם,,50.00,יח',false,,5.90,0.1180,true,1,74876
7290000066431,false,פופקו חטיף תירס בטעם חמאה ודבש 80 גרם,מיוצר עי קונדיטוריית,IL,פופקו חמאה ודבש 80גר,,80.00,יח',false,,5.90,0.0738,true,1,74878
7290000067544,false,פירורית זהב 200 ג' אוסם,עינת תעשיות,IL,אסם פירורית פירורי ל,,200.00,יח',false,,7.90,0.0395,true,1,74886
7290000067599,false,אוסם - מנה חמה ספגטי רוטב בולנז 65 גרם,"אסם השקעות בע""מ",IL,מנה חמה ספגטי בולונז,,65.00,יח',false,,6.90,0.1062,true,1,74890
7290000068138,false,פודינג אינסטנט וניל 80 ג' אסם,מיוצר עי קונדיטוריית,IL,אסם פודינג אינסטנט ו,,80.00,יח',false,,6.50,0.0813,true,1,74896
7290000068190,false,ג'לי תות שדה צבע טבעי 85 ג',מיוצר עי קונדיטוריית,IL,אסם ג'לי תות שדה צבע,,90.00,יח',false,,7.90,0.0878,true,1,74900
7290000068206,false,ג'לי משמש אסם צבע טבעי 85 ג',מיוצר עי קונדיטוריית,IL,אסם ג'לי משמש צבעים,,85.00,יח',false,,7.90,0.0929,true,1,74901
7290000068237,false,ג'לי פטל צבע טבעי 85ג' אסם,מיוצר עי קונדיטוריית,IL,אסם ג'לי פטל צבעים ט,,85.00,100 גרם,false,,7.90,0.0929,true,1,74902
7290000068343,false,אוסם - פירכונים מאורז מלא 140 גרם,"מיוצר ע""י PT, משווק",IL,פריכונים מאורז מלא א,,140.00,יח',false,,9.50,0.0679,true,1,74906
7290000068701,false,שקדי מרק רכיבים טבעיים 400 גרם-מיכל,"אסם השקעות בע""מ",IL,שקדי מרק במיכל אסם 4,,400.00,יח',false,,17.90,0.0447,true,1,177045
7290000068770,false,במבה יום הולדת 80 גרם,"אסם השקעות בע""מ",IL,במבה יום הולדת 80גרם,,80.00,יח',false,,4.90,0.0613,true,1,74908
7290000069364,false,פריכונים עגולים אורז דל נתרן אסם 140 גרם,"מיוצר ע""י PT, משווק",IL,פריכונים מאורז מלא ל,,140.00,יח',false,,9.50,0.0679,true,1,74916
7290000070308,false,אבקת מרק עוף אמיתי 400 גרם-מיכל,"אסם השקעות בע""מ",IL,מרק עוף אמיתי אסם 40,,400.00,יח',false,,26.90,0.0672,true,1,74927
7290000072067,false,במבה במילוי קרם חלבה 60ג' אסם,מיוצר עי קונדיטוריית,IL,במבה במילוי קרם חלבה,,60.00,יח',false,,4.90,0.0817,true,1,74944
7290000072623,false,קטשופ אסם בקבוק לחיץ 750 גרם,"אסם השקעות בע""מ",IL,אסם קטשופ בקבוק לחיץ,,750.00,יח',false,,12.50,0.0167,true,1,74950
7290000072753,false,קפה טייסטר צ'ויס קפה מגורען 200ג',לוטה נסטלה קוריאה,IL,נס קפה טייסטרס צ'ויס,,200.00,יח',false,,33.90,0.1695,true,1,74953
7290000072760,false,נסקפה טייסטרס צויס 100 גר אוריגנל,,,טייסטרס צ'וייס 100גר,,100.00,יח',false,,30.90,0.3090,true,1,74954
7290000072777,false,קפה טייסטר צ'ויס מגור' נ.קפאין 200ג',לוטה נסטלה קוריאה,IL,טייסטרס צוייס נטול ק,,200.00,יח',false,,42.90,0.2145,true,1,74955
7290000072968,false,דגנים סיני מיניס מלחמת הכוכבים 500 גרם,סי. פי. פולין,PL,סיני מיניס דגני נסטל,יחידה,500.00,יחידה,false,,28.90,0.0578,true,1,74961
7290000073125,false,אוסם - מנה חמה פסטה עם עגבניות 62 גרם,"אסם השקעות בע""מ",IL,מנה חמה פסטה עם עגבנ,,62.00,יח',false,,6.90,0.1113,true,1,74962
7290000073415,false,אוסם - מנה חמה פסטה ברוטב פיצה 61 גרם,"אסם השקעות בע""מ",IL,מנה חמה פסטה ברוטב פ,,61.00,יח',false,,6.90,0.1131,true,1,74963
7290000073699,false,סלט חומוס צבר 150 גר,סלטי צבר,IL,צבר חומוס חלק 150ג,,150.00,יח',false,,5.90,0.0393,true,1,75741
7290000073750,false,מנה חמה נודלס אטר+ירקות טעם עוף 70 גרם,,,מנה חמה נודלס בטעם ע,,70.00,יח',false,,6.90,0.0986,true,1,74965
7290000074153,false,ביסקוויט פתיבר שוקו,מיוצר עי קונדיטוריית,IL,אסם פתי בר שוקו 500ג,,500.00,יח',false,,15.50,0.0310,true,1,74972
7290000074184,false,אוסם - פתי בר בינוני 500 גרם,"אסם השקעות בע""מ",IL,אסם פתי בר 500גרם.,,500.00,יח',false,,12.00,0.0240,true,1,74974
7290000074245,false,אוסם - קרם קרקר אסם 250 גרם,"אסם השקעות בע""מ",IL,אסם קרם קרקר 250גרם,,250.00,יח',false,,11.90,0.0476,true,1,74975
7290000074252,false,אסם קרקר שומשום 250 גרם,"אסם השקעות בע""מ",IL,אסם קרקר שומשום 250ג,,250.00,יח',false,,11.90,0.0476,true,1,74976
7290000074276,false,קרקר פיקנטי טבעון 250 ג' אסם,"אסם השקעות בע""מ",IL,טבעון קרקר פיקנטי 25,,250.00,100 גרם,false,,11.90,0.0476,true,1,74977
7290000074375,false,אוסם - קרקר זהב 150 גרם,"אסם השקעות בע""מ",IL,אסם קרקר זהב 150גרם,,150.00,יח',false,,8.90,0.0593,true,1,74980
7290000074696,false,"קרם קרקר 1 ק""ג אוסם","אסם השקעות בע""מ",IL,אסם קרם קרקר 1קג,קילוגרמים,1.00,"ק""ג",false,,24.90,24.9000,true,1,74701
7290000075204,false,אוסם - לחמית חיטה מלאה 250 גרם,"אסם השקעות בע""מ",IL,לחמית חיטה מלאה 250ג,,250.00,יח',false,,9.90,0.0396,true,1,74991
7290000075693,false,עוגת הבית שמרים בריוש שוקולד 360ג',מיוצר עי קונדיטוריית,IL,עוגת שמרים בריוש שוק,,360.00,יח',false,,18.90,0.0525,true,1,74993
7290000076133,false,בייגלה שמיניות קטנות 400 גרם אסם,"אסם השקעות בע""מ",IL,בייגלה אסם שמיניות ק,,400.00,יח',false,,12.90,0.0323,true,1,74995
7290000076645,false,אוסם - טוסטעים חיטה מלאה 100 גרם,ון דר מולן האלום,IL,טוסטעים חיטה מלאה אס,,100.00,יח',false,,11.90,0.1190,true,1,74997
7290000077017,false,עוגיות קרמוגית וקרם שוקולד אסם 200 גרם,מיוצר עי קונדיטוריית,IL,אסם קרמוגית במילוי ש,,200.00,יח',false,,12.90,0.0645,true,1,74998
7290000077253,false,אוסם - לחמית כפרית עם דגנים מלאים 190 גרם,"אסם השקעות בע""מ",IL,לחמית כפרית 190גרם,,190.00,יח',false,,11.90,0.0626,true,1,74999
7290000078762,false,אוסם - חטיפי פריכונים מאורז מלא בטעם דבש 80גר,סנורייס בלגיום אן. ו,IL,חטיפי פריכונים אורז,,80.00,יח',false,,8.90,0.1113,true,1,75004
7290000080758,false,אוסם - טוסטעים פת קלוי 100 גרם,ון דר מולן האלום,NL,טוסטעים פת קלוי אסם,,100.00,יח',false,,11.90,0.1190,true,1,75007
7290000080765,false,טוסטעים פת קלויה עם שומשום 100 ג' אוסם,ון דר מולן האלום,NL,טוסטעים פת קלויה עם,,100.00,יח',false,,11.90,0.1190,true,1,75008
7290000081663,false,בייגלה טבעות עם שומשום 300 גרם,מיוצר עי קונדיטוריית,IL,בייגלה אסם טבעות שומ,,300.00,יח',false,,12.90,0.0430,true,1,125204
7290000085180,false,גטניו פתי בר וניל 470 גרם,"אחים גטניו בע""מ",,גטניו - פתיבר וניל 4,,470.00,יח',false,,9.90,0.0211,true,1,178980
7290000089045,false,הולנדי במשקל,,,הולנדי במשקל,קילוגרמים,1.00,"ק""ג",true,,42.90,42.9000,true,1,74302
7290000089274,false,נקניק מעושן מעדנייה,,,נקניק מעושן מעדנייה,קילוגרמים,1.00,"ק""ג",true,,42.90,42.9000,true,1,74306
7290000089388,false,מעדן הרינג בסגנון מט,,,מעדן הרינג בסגנון מט,קילוגרמים,1.00,"ק""ג",true,,84.00,84.0000,true,1,73613
7290000089395,false,הרינג כבוש עם בצל,,,הרינג כבוש עם בצל,קילוגרמים,1.00,"ק""ג",true,,84.00,84.0000,true,1,73614
7290000095408,false,נעם 28% חריץ מעדניה,,,נעם 28% חריץ מעדניה,קילוגרמים,1.00,"ק""ג",true,,44.79,44.7900,true,1,61433
7290000095415,false,נעם 9% חריץ מעדניה-,,,נעם 9% חריץ מעדניה-,קילוגרמים,1.00,"ק""ג",true,,82.00,82.0000,true,1,61434
7290000095422,false,גבינת נועם 22% חריץ,,,גבינת נועם 22% חריץ,קילוגרמים,1.00,"ק""ג",true,,42.58,42.5800,true,1,61435
7290000100157,false,נילס קוקיס מריר,,,נילס קוקיס מריר,קילוגרמים,1.00,"ק""ג",true,,55.00,55.0000,true,1,122887
7290000101934,false,מיקס פירות יער מוקפאות 300 ג' סנפרוסט,"סנפרוסט בע""מ",IL,מיקס פירות יער 300 ג,,300.00,יח',false,,19.90,0.0663,true,1,137183
7290000103433,false,לקט ירקות סנפרוסט לתנור 800 גר,"איי, בי, אינבוו",IL,לקט ירקות לתנור 800,,800.00,100 גרם,false,,26.90,0.0336,true,1,80526
7290000103839,false,מרק כתום קפוא 570 ג' סנפרוסט,"סנפרוסט בע""מ",IL,סנפרוסט מרק כתום קפו,,572.00,100 גרם,false,,20.90,0.0365,true,1,80553
7290000103846,false,מרק אפונה 570 ג' סנפרוסט,"סנפרוסט בע""מ",IL,סנפרוסט מרק אפונה קפ,,570.00,100 גרם,false,,20.90,0.0367,true,1,80554
7290000103860,false,מרק עדשים קפוא 570 ג' סנפרוסט,"איי, בי, אינבוו",IL,סנפרוסט מרק עדשים קפ,,572.00,יח',false,,20.90,0.0365,true,1,80555
7290000103877,false,מרק שעועית קפוא 640 ג' סנפרוסט,"סנפרוסט בע""מ",IL,סנפרוסט מרק שעועית ק,,644.00,יח',false,,20.90,0.0325,true,1,80556
7290000104072,false,עדשים ירוקות מבושלות מוקפאות 800 ג' סנפרוסט,"איי, בי, אינבוו",IL,סנפרוסט עדשים ירוקות,,800.00,יח',false,,22.90,0.0286,true,1,80560
7290000104201,false,אפונה עדינה 600 גר סנפרוסט,"איי, בי, אינבוו",IL,אפונה עדינה סנפרוסט,,600.00,יח',false,,20.90,0.0348,true,1,80563
7290000104218,false,במיה 600 גר סנפרוסט,"איי, בי, אינבוו",IL,סנפרוסט במיה 600גר,,600.00,יח',false,,18.90,0.0315,true,1,80564
7290000104225,false,בצל קצוץ 600 גרם סנפרוסט,"סנפרוסט בע""מ",IL,בצל קצוץ סנפרוסט 600,,600.00,יח',false,,20.90,0.0348,true,1,80565
7290000104676,false,אפונה קפואה סנפרוסט 800 גרם,"איי, בי, אינבוו",IL,אפונת גינה סנפרוסט 8,,800.00,יח',false,,20.90,0.0261,true,1,80567
7290000104683,false,שעועית ירוקה שלמה 800 גר סנפרוסט,"סנפרוסט בע""מ",IL,שעועית שלמה סנפרוסט,,800.00,יח',false,,24.90,0.0311,true,1,80568
7290000104713,false,פול ירוק 800 גר סנפרוסט,"איי, בי, אינבוו",IL,פול ירוק 800גר,,800.00,יח',false,,26.90,0.0336,true,1,80571
7290000104720,false,שעועית ירוקה חתוכה 800גר סנפרוסט,"סנפרוסט בע""מ",IL,שעועית ירוקה חתוכה ס,,800.00,יח',false,,21.90,0.0274,true,1,80572
7290000104737,false,שעועית צהובה חתוכה סנפרוסט 800גר,"סנפרוסט בע""מ",IL,שעועית צהובה חתוכה ס,,800.00,יח',false,,21.90,0.0274,true,1,80573
7290000104744,false,כרובית 800 גר סנפרוסט,"סנפרוסט בע""מ",IL,כרובית 800גר,,800.00,יח',false,,27.90,0.0349,true,1,80574
7290000104775,false,מדליוני תרד 800 גר סנפרוסט,"איי, בי, אינבוו",IL,תרד מדליונים 800גר,,800.00,יח',false,,29.90,0.0374,true,1,80577
7290000104799,false,שעועית לבנה מבושלת סנפרוסט 800גר,"איי, בי, אינבוו",IL,שעועית לבנה מבושלת 8,,800.00,יח',false,,22.90,0.0286,true,1,80578
7290000104805,false,גרגירי חומוס קפוא 800 ג' סנפרוסט,"איי, בי, אינבוו",IL,גרגירי חומוס קפוא 80,,800.00,יח',false,,22.90,0.0286,true,1,80579
7290000104829,false,"קלחוני תירס 1 ק""ג סנפרוסט","סנפרוסט בע""מ",IL,"קלחוני תירס 1 ק""ג",קילוגרמים,1.00,"ק""ג",false,,20.90,20.9000,true,1,80580
7290000104836,false,שעועית עדינה שלמה 600 גר סנפרוסט,"סנפרוסט בע""מ",IL,שעועית עדינה שלמה סנ,,600.00,יח',false,,25.90,0.0432,true,1,80581
7290000104881,false,אפונה וגזר קפוא סנפרוסט 800ג',"איי, בי, אינבוו",IL,אפונה וגזר 800 גרם ס,,800.00,יח',false,,18.90,0.0236,true,1,80584
7290000104911,false,לקט נורמנדי 800 גר סנפרוסט,"איי, בי, אינבוו",IL,לקט נורמנדי 800גר,,800.00,יח',false,,26.90,0.0336,true,1,80586
7290000107189,false,תחתיות ארטישוק 400 גרם סנפרוסט,"איי, בי, אינבוו",IL,תחתיות ארטישוק 400גר,,400.00,יח',false,,26.90,0.0672,true,1,80591
7290000107295,false,תפרחות ברוקולי סנפרוסט 800 ג',"איי, בי, אינבוו",IL,תפרחות ברוקולי 800ג,,800.00,יח',false,,30.90,0.0386,true,1,80592
7290000107316,false,טבורוג 5% צוריאלמעדנ,,,טבורוג 5% צוריאלמעדנ,קילוגרמים,1.00,"ק""ג",true,,49.00,49.0000,true,1,61441
7290000111117,false,מרכך כביסה לבן 4 ל' בדין,יוניליור ישראל טיפוח,IL,בדין מרכך כביסה לבן,ליטרים,4.00,ליטר,false,,21.90,5.4750,true,1,65508
7290000112220,false,בארכה טחינה 100% שומשום 500 גרם,רושדי תעשיות מזון בע,IL,בארכה טחינה 100% שומ,,500.00,יח',false,,15.90,0.0318,true,1,75011
7290000112237,false,בארכה טחינה 100% שומשום 6*1000גרם,רושדי תעשיות מזון בע,IL,בארכה טחינה 100% שומ,קילוגרמים,1.00,"ק""ג",false,,31.90,31.9000,true,1,75012
7290000121017,false,גבינה מותכת 7% שומרון 120 גרם,,,מון בלאן שומרון 7% 1,,120.00,יח',false,,13.90,0.1158,true,1,72193
7290000121093,false,גבינה מון בלאן שוצרית 120 גרם,האי נאם סי או אל.טי.,IL,מון בלאן שויצרית 7%,,120.00,יח',false,,13.90,0.1158,true,1,72197
7290000121147,false,גבינה מון בלאן לייט 7% פיקנטי 120ג',"שלושת האופים בע""מ",IL,מון בלאן פיקנטי 7% 1,,120.00,יח',false,,13.90,0.1158,true,1,172266
7290000134147,false,טעם וריח מוסקט טחון מיכל 40גר,תות ממתקי איכות,IL,טעם וריח מוסקט טחון,,40.00,יח',false,,18.70,0.4675,true,1,102706
7290000134352,false,תבלין קינמון טחון 90 גר',תות ממתקי איכות,IL,טעם וריח קימנון טחון,,80.00,100 גרם,false,,11.80,0.1475,true,1,102710
7290000134376,false,תבלין פפריקה בשמן 90 גר',תות ממתקי איכות,IL,טעם וריח פפריקה בשמן,,90.00,יח',false,,11.80,0.1311,true,1,102711
7290000134550,false,טעם וריח עלי דפנה שק,תות ממתקי איכות,IL,טעם וריח עלי דפנה שק,,20.00,יח',false,,6.90,0.3450,true,1,102715
7290000134673,false,תבלין זנגביל טעם ורי,תות ממתקי איכות,IL,תבלין זנגביל טעם ורי,,30.00,יח',false,,6.90,0.2300,true,1,102717
7290000134826,false,תבלין זעתר מעורב 100 גר',תות ממתקי איכות,IL,תבלין זעתר טעם וריח,,100.00,100 גרם,false,,11.90,0.1190,true,1,102720
7290000134833,false,תבלין כמון טחון 100 גר',תות ממתקי איכות,IL,טעם וריח ת.כמון במיכ,,100.00,100 גרם,false,,12.80,0.1280,true,1,102721
7290000134840,false,תבלין כורכום טחון 100 גר',תות ממתקי איכות,IL,טעם וריח ת.כורכום במ,,100.00,יח',false,,11.90,0.1190,true,1,102722
7290000134857,false,תבלין פפריקה מתוקה 100 גר',תות ממתקי איכות,IL,טעם וריח ת.פפריקה מת,,100.00,יח',false,,11.80,0.1180,true,1,102723
7290000134864,false,תבלין פפריקה חריפה 100 גר',"תבליני טעם וריח בע""מ",IL,תבלין פפריקה חריפה ט,,100.00,יח',false,,11.80,0.1180,true,1,102724
7290000134871,false,תבלין פלפל שחור טחון 100 גר',תות ממתקי איכות,IL,טעם וריח ת. פלפל שחו,,100.00,100 גרם,false,,16.90,0.1690,true,1,102725
7290000134987,false,תבלין פלפל שחור גרוס 90 גר',תבליני טעם וריח,,טעם וריח פלפל שחור ג,,90.00,יח',false,,16.90,0.1878,true,1,102727
7290000135045,false,"XL TEN משקה אנרגיה פתוח ללא סוכר 250 מ""ל","טמפו משקאות בע""מ",IL,אקס אל TEN פחית תפוח,,250.00,,false,,4.90,0.0196,true,1,200039
7290000135052,false,"XL TEN משקה אנרגיה מנגו ללא סוכר 250 מ""ל","טמפו משקאות בע""מ",IL,אקס אל TEN פחית מנגו,,250.00,,false,,4.90,0.0196,true,1,200040
7290000135151,false,"טמפו סודה למון ליים בקבוק 250 מ""ל",טמפו משקאות בעמ,IL,סודה נגיעות לימון 27,,275.00,,false,,3.50,0.0127,true,1,334394
7290000135311,false,פפסי מקס ליים 1.5 ליטר-,"טמפו משקאות בע""מ",IL,פפסי מקס ליים 1.5 ל',ליטרים,1.50,ליטר,false,,8.50,5.6667,true,1,291732
7290000136158,false,פפסי מקס 1.5 ליטר פיקדון,טמפו,IL,פפסי מקס 1.5 ליטר,ליטרים,1.50,ליטר,false,,8.50,5.6667,true,1,418437
7290000136165,false,מירינדה בקבוק 1.5 לי,טמפו,IL,מירינדה 1.5 ליטר,ליטרים,1.50,ליטר,false,,8.50,5.6667,true,1,418371
7290000136189,false,דיאט סבן אפ 1.5 ליטר FREE,,IL,סבן אפ דיאט 1.5 ליטר,ליטרים,1.50,ליטר,false,,8.50,5.6667,true,1,418353
7290000136455,false,משקה בטעם אשכוליות תריסר 1.5 ל' ג'אמפ,טמפו,IL,ג`אמפ אשכול 1.5 ליטר,ליטרים,1.50,ליטר,false,,8.90,5.9333,true,1,418150
7290000136486,false,משקה בטעם אשכוליות דיאט תריסר 1.5 ל' ג'אמפ,טמפו,IL,ג`אמפ דיאט אשכוליות,ליטרים,1.50,ליטר,false,,8.90,5.9333,true,1,418168
7290000136516,false,משקה בטעם מנגו פסיפלורה תריסר 1.5 ל' ג'אמפ,טמפו,IL,ג`אמפ פסיפלורה 1.5 ל,ליטרים,1.50,ליטר,false,,8.90,5.9333,true,1,418134
7290000136523,false,משקה בטעם ענבים תריסר 1.5 ל' ג'אמפ,טמפו,IL,ג`אמפ ענבים 1.5 ליטר,ליטרים,1.50,ליטר,false,,8.90,5.9333,true,1,418151
7290000136561,false,משקה בטעם תות בננה תריסר 1.5 ל' ג'אמפ,טמפו,IL,ג`אמפ תות בננה 1.5 ל,ליטרים,1.50,ליטר,false,,8.90,5.9333,true,1,418152
7290000136585,false,משקה בטעם תפוזים תריסר 1.5 ל' ג'אמפ,טמפו,IL,ג`אמפ תפוז 1.5 ליטר,ליטרים,1.50,ליטר,false,,8.90,5.9333,true,1,418153
7290000136646,false,משקה מאלט תריסר 1.5 ל' נשר,טמפו,IL,נשר מאלט 1.5 ליטר,ליטרים,1.50,ליטר,false,,9.90,6.6000,true,1,418024
7290000136684,false,פפסי מקס פיקדון 1.5 ליטר,טמפו,IL,פפסי מקס 1.5 ליטר,ליטרים,1.50,ליטר,false,,8.50,5.6667,true,1,418438
7290000136844,false,מים אקווה נובה 2 ליטר שישייה-,טמפו,IL,אקווה נובה 6*2 ליטר,ליטרים,12.00,ליטר,false,,12.90,1.0750,true,1,418069
7290000136868,false,מארז מים שישיה *1.5ל' סאן בנדטו,טמפו,IL,מים סאן בנדטו 6* 1.5,ליטרים,9.00,ליטר,false,,20.70,2.3000,true,1,418086
7290000136875,false,מארז מים מינרלים מוגז 6* 1.5 ל' סאן בנדטו,טמפו,IL,סאן בנדטו מים מינרלי,ליטרים,9.00,ליטר,false,,20.90,2.3222,true,1,418169
7290000137513,false,גלידונית גלידה וניל בציפוי שוקולד 60 יח' קרמיסימו,"גלידת שטראוס בע""מ, ר",IL,קרמיסימו גלידונית ש.,,700.00,יח',false,,52.90,0.0756,true,1,59395
7290000137643,false,מאגדת שלגוני טעמקור 8 יח' שטראוס,"גלידת שטראוס בע""מ, ר",IL,שלגוני טעמקור 8יח,,416.00,יח',false,,39.90,0.0959,true,1,59396
7290000143187,false,"הוואי - שמפו לגבר 700 מ""ל",שוורצקוף& הנקל דיסלד,IL,שמפו לגבר הוואי 700,,700.00,,false,,10.90,0.0156,true,1,63072
7290000144160,false,"שמן זית כתית מעולה מודגש""עץ-הזית"" 750 מ""ל","מרקאולאו, ספרד.אבסה,",IT,שמן זית כתית מעולה א,,750.00,,false,,37.90,0.0505,true,1,85094
7290000144467,false,שמן חמניות מועשר בנוגדי חמצון 1 ל' עץ הזית,"נארז ע""י : א.ג. גילר",GR,שמן חמניות בריאות מה,ליטרים,1.00,ליטר,false,,18.40,18.4000,true,1,85098
7290000144474,false,שמן עץ הזית קנולה 1 ליטר בריאות מהטבע,סקנולה,EE,שמן קנולה בריאות עץ,ליטרים,1.00,ליטר,false,,18.40,18.4000,true,1,85099
7290000146645,false,הוואי - סבון מוצק שחור מסתורי 100 גרם רביעייה,,IL,סבון מוצק שחור מסתור,,400.00,יח',false,,12.90,0.0323,true,1,63081
7290000146669,false,הוואי - סבון מוצק שמיים כחולים 100 גרם רביעייה,תאי פרזידנט פוד פאבל,IL,סבון מוצק שמיים כחול,,400.00,יח',false,,12.90,0.0323,true,1,63083
7290000146676,false,הוואי - סבון מוצק לגבר 100 גרם רביעייה,,,סבון מוצק לגבר הוואי,,400.00,יח',false,,12.90,0.0323,true,1,63084
7290000146683,false,הוואי - סבון מוצק אפקט דאודורנט 100 גרם רביעייה,,,סבון מוצק אפקט דאודו,,400.00,יח',false,,12.90,0.0323,true,1,63085
7290000146997,false,"טום וג'רי - משחת שיניים מסטיק 50 מ""ל",שוורצקוף& הנקל דיסלד,IL,משחת שיניים טום וגרי,,50.00,,false,,7.90,0.1580,true,1,63090
7290000148380,false,פיסטוק קלוי שקית 200 גרם,"ג'י אנד ג'י בע""מ",IL,פיסטוק קלוי 200 גרם,,200.00,יח',false,,21.90,0.1095,true,1,68250
7290000148618,false,קשיו מטוגן שקית קליית גת 200 גרם,"ג'י אנד ג'י בע""מ",IL,אגוז קשיו מטוגן 200,,200.00,יח',false,,20.90,0.1045,true,1,68252
7290000149851,false,סינטבון סבון מארז 460X2ג',יבואן ומשווק: ש. שסט,IL,סינטבון כפול 460גר,,460.00,יח',false,,11.90,0.0259,true,1,85367
7290000149905,false,טקסטיל שמפו לכביסה ביד 1 ליטר,מיוצר עי קונדיטוריית,IL,טקסטיל שמפו-1 ליטר נ,ליטרים,1.00,ליטר,false,,15.90,15.9000,true,1,85368
7290000149943,false,טקסטיל שמפו לכביסה ביד שקית 1 ליטר,סנו,,טקסטיל שמפו-שקית 1 ק,קילוגרמים,1.00,"ק""ג",false,,15.90,15.9000,true,1,85369
7290000158105,false,שניצל עוף מיני דינוזאור מעוף שגדל ללא אנטיביוטיקה,מוצרי עוף טוב (2001),IL,עוף טוב שניצל עוף מי,,700.00,יח',false,,42.90,0.0613,true,1,75793
7290000169538,false,"נמס בכוס עגבניות וקרוטונים מרק כשרות בד""ץ 62 ג' קנור",יוניליוור ישראל מזון,IL,נמס בכוס עגבניות וקר,,62.00,יח',false,,7.90,0.1274,true,1,65707
7290000170053,false,שוקולד פרה חלב 100 גרם,"תופינית בע""מ",IL,שוקולד חלב פרה 100 ג,,100.00,100 גרם,false,,6.00,0.0600,true,1,77758
7290000174723,false,שוקולית אבקה להכנת משקה שוקו 500 גרם,הנסיך- מפעל לייצור ט,IL,שוקולית 500 גרם,,500.00,100 גרם,false,,14.90,0.0298,true,1,77766
7290000175760,false,מנציגו כבשים ויליפו,,,מנציגו כבשים ויליפו,קילוגרמים,1.00,"ק""ג",true,,116.00,116.0000,true,1,58115
7290000175777,false,איבריקו ויליפוד31%,,,איבריקו ויליפוד31%,קילוגרמים,1.00,"ק""ג",true,,113.00,113.0000,true,1,58116
7290000176079,false,קפה עלית טורקי עם הל 100 גרם,הנסיך- מפעל לייצור ט,IL,טורקי עלית קפה עם הל,,100.00,יח',false,,10.90,0.1090,true,1,77769
7290000176420,false,קפה נמס אבקתי 200ג עלית,שטראוס קפה בי.וי,IL,קפה נמס עלית פחית 20,,200.00,יח',false,,22.90,0.1145,true,1,77775
7290000176468,false,קפה נמס נטול קפאין 50 ג' קפה האג,"איי, בי, אינבוו",,האג קפה נטול קפאין 5,,50.00,יח',false,,10.90,0.2180,true,1,77776
7290000178707,false,תפוציפס מלוח 50 גרם,"שטראוס פריטו ליי בע""",IL,תפוציפס טבעי 50 גרם,,50.00,יח',false,,4.90,0.0980,true,1,79061
7290000178721,false,תפוציפס מלוח 200 גרם,"שטראוס פריטו ליי בע""",IL,תפוציפס טבעי 200 גרם,,200.00,100 גרם,false,,10.90,0.0545,true,1,79063
7290000185590,false,סילאן טבעי בבקבוק לחיץ 650 גרם,,IL,סילאן 100% תמרים טבע,,635.00,יח',false,,21.90,0.0345,true,1,535850
7290000186535,false,נייר טואלט טריו לבן 32 גלילים לילי,קימברלי קלארק ישראל,IL,לילי נייר טואלט טריו,,537.00,,false,,48.90,0.0911,true,1,63976
7290000187860,false,מגבוני טואלט לחים לילי דיספנסר 40יח',עלבד משואות יצחק בעמ,IL,לילי נייר טואלט לח ד,יחידה,0.00,יחידה,false,,8.90,0.0000,true,1,63984
7290000187921,false,נייר טואלט לבן 32 גלילים לילי,קימברלי קלארק ישראל,IL,"נייר טואלט ""לילי"" לב",,588.00,,false,,44.90,0.0764,true,1,63987
7290000187952,false,נייר טואלט טריו לילי פרימיום 32גליל,חוגלה קימברלי,,נייר טאולט לילי טריו,,537.00,,false,,48.90,0.0911,true,1,63989
7290000188591,false,קוטקס - מגן תחתון סילק יאנג 60 יח',קימברלי קלארק,CN,מגן תחתון סילק יאנג,יחידה,0.00,יחידה,false,,18.90,0.0000,true,1,64000
7290000189116,false,ניקול תבניות אלומניום עגולות 5 יח',סין,CN,ניקול תבניות עגולות,יחידה,0.00,יחידה,false,,13.90,0.0000,true,1,64006
7290000189192,false,מגבת רב שימושית סופר ניקול 64 דף,קימברלי קלארק,CO,ניקול מטלית חכמה יומ,,64.00,יח',false,,19.90,0.3109,true,1,64007
7290000189260,false,ניקול תבניות מלבניות 5 יח',בראבו,,ניקול תבניות מלבניות,יחידה,0.00,יחידה,false,,13.90,0.0000,true,1,64013
7290000189482,false,ניקול תבנית אפייה מקרטון מרובעת 4יח',"דוקארט בעמ, קיבוץ כפ",IL,ניקול תבנית אפייה מק,יחידה,0.00,יחידה,false,,10.90,0.0000,true,1,64017
7290000189598,false,מטליות לחות חד פעמיות לניקוי כללי 50 יח' ניקול,עלבד משואות יצחק בעמ,IL,מטליות לחות חד פעמיו,יחידה,0.00,יחידה,false,,14.90,0.0000,true,1,64022
7290000189659,false,ניקול - מטליות לחות לרצפה 10 יח',עלבד משואות יצחק בעמ,IL,ניקול מטליות לחות לר,יחידה,0.00,יחידה,false,,12.90,0.0000,true,1,64023
7290000189871,false,ניקול שקיות אשפה L עם שרוך 55 יח',אשפלסט,IL,אשפתון 55 שקיות,יחידה,0.00,יחידה,false,,24.90,0.0000,true,1,64030
7290000190150,false,מפיות נייר מודפסות 3 שכבות ניקול 20 יח',PALOMA,SI,מפיות תלת שכבתיות ני,יחידה,0.00,יחידה,false,,8.90,0.0000,true,1,64034
7290000191539,false,ממחטות טישו לילי צבעוני חמישיה,,,לילי צבעוני חמישיה-9,יחידה,0.00,יחידה,false,,16.90,0.0000,true,1,64054
7290000191645,false,האגיס חיתול רך נולד NB ארוז 36יח',קימברלי קלארק ארהב,US,האגיס רך נולד NB יח',יחידה,0.00,יחידה,false,,34.90,0.0000,true,1,64058
7290000191652,false,קלינקס ממחטות טישו אולטרא סופט מארז 90X3יח',חוגלה קימברלי,IL,קלינקס קלאסיק ניילון,יחידה,0.00,יחידה,false,,13.90,0.0000,true,1,64059
7290000192581,false,מגבת נייר גליל כפול ניקול 12=6 גליל,,IL,מגבת כפולה ניקול 6=1,,129.70,,false,,23.90,0.1843,true,1,184441
7290000193205,false,לילי תחבושות נטורל לילה 20 יח',Ontex,IL,תחבושות אולטרה לילה,יחידה,0.00,יחידה,false,,18.90,0.0000,true,1,64069
7290000193649,false,לילי תחבושות נטורל אולטרה סופר 24 יח',Ontex,IL,תחבושות נטורל אולטרה,יחידה,0.00,יחידה,false,,18.90,0.0000,true,1,64075
7290000193656,false,לילי תחבושות נטורל אולטרה סופר פלוס 24 יח',Ontex,IL,תחבושות נטורל אולטרה,יחידה,0.00,יחידה,false,,18.90,0.0000,true,1,64076
7290000194288,false,האגיס - משטחי החתלה,Ontex,,האגיס משטחי החתלה,יחידה,0.00,יחידה,false,,22.90,0.0000,true,1,64085
7290000194837,false,ניקול - שקיות מזון + ידיות קשירה אקסטרה לארג' 200 יח',סין,CN,ניקול שקיות מזון עם,יחידה,0.00,יחידה,false,,14.90,0.0000,true,1,64086
7290000195537,false,האגיס - מגבוני האגיס דיילי קר לא מבושם 64 יח' * 4,ווטנפס בעמ,IL,מגבוני האגיס דיילי ק,יחידה,0.00,יחידה,false,,21.90,0.0000,true,1,64096
7290000195773,false,האגיס - מגבוני האגיס סנסטיב קר לא מבושם 64 יח' * 4,חוגלה קימברלי,,מגבוני האגיס סנסטיב,יחידה,0.00,יחידה,false,,21.90,0.0000,true,1,64100
7290000197029,false,ניקול שקיות ניילון ריצרץ לאחסון 12יח',קילת,,ניקול שקיות ניילון ר,יחידה,0.00,יחידה,false,,15.90,0.0000,true,1,172237
7290000197081,false,ניילון נצמד אריזת חיסכון ניקול 150 מ',אופל,IL,ניילונית נצמד ניקול,,150.00,מטר,false,,31.90,0.2127,true,1,64110
7290000197326,false,רדיד אלומניום ניקול זוגי 30X7.5מ',אופל,IL,ניקול רדיד אלומיניום,,15.00,מטר,false,,13.90,0.9267,true,1,64118
7290000197425,false,האגיס פרידום דריי שלב 3 54 יחידות,קימברלי קלארק ישראל,IL,האגיס פרידום דריי של,יחידה,0.00,יחידה,false,,49.90,0.0000,true,1,64122
7290000197432,false,שקיות אוכל סנדביצ'ון ניקול מארז 150X2יח',אשלפסט תעשיות בעמ,IL,ניקול שקיות אוכל זוג,יחידה,0.00,יחידה,false,,14.90,0.0000,true,1,64123
7290000197456,false,האגיס פרידום דריי שלב 4 44 יחידות,קימברלי קלארק ישראל,IL,האגיס פרידום דריי של,יחידה,0.00,יחידה,false,,49.90,0.0000,true,1,64125
7290000197654,false,ניקול אשפתון שקיות אשפה ענקיות 45 יח',אשפלסט,IL,אשפתון שקיות אשפה ענ,יחידה,0.00,יחידה,false,,22.90,0.0000,true,1,64131
7290000197753,false,ניילון נצמד אנטי בטקריאלי ניקול 30X2מ',GTC,,ניקול ניילונית זוג,,60.00,,false,,13.90,0.2317,true,1,64133
7290000197876,false,ניקול תבנית אלומיניום 4 יח' 2 מכסים,סין,CN,ניקול תבנית אלומיניו,יחידה,0.00,יחידה,false,,10.90,0.0000,true,1,64135
7290000197883,false,ניקול תבניות אלומיניום 4יח',ארץ ייצור: סין,CN,ניקול תבניות אלומיני,יחידה,0.00,יחידה,false,,10.90,0.0000,true,1,64136
7290000197951,false,ניקול תבנית אלומיניום ענק 3 יח',פאלאס,,ניקול תבנית אלומיניו,יחידה,0.00,יחידה,false,,10.90,0.0000,true,1,64137
7290000199313,false,קוטקס - תחבושות יאנג 30 יח',KC Turkey,IL,תחבושות קוטקס יאנג 2,יחידה,0.00,יחידה,false,,20.90,0.0000,true,1,64142
7290000201856,false,טיטולים פרימיום שלב 4+ 40 יח' (10-16),,IL,טיטולים פרימיום שלב,יחידה,0.00,יחידה,false,,37.90,0.0000,true,1,64149
7290000201863,false,טיטולים פרימיום שלב 5 34 יח',חוגלה קימברלי,IL,טיטולים פרימיום שלב,יחידה,0.00,יחידה,false,,37.90,0.0000,true,1,64150
7290000204147,false,ניקול כריות יפניות 2 ב 1 רביעייה,פלסטופוליש,IL,כריות יפניות 2 ב 1 ר,יחידה,0.00,יחידה,false,,12.90,0.0000,true,1,64174
7290000204611,false,ספוגית הקסם ניקול שישייה,UFO INC,US,ניקול ספוגית הקסם*6,יחידה,0.00,יחידה,false,,13.90,0.0000,true,1,64180
7290000205762,false,חיתולי האגיס אקסטרה קייר מידה 3 48 יח',,,האגיס אקסטרה קייר מי,יחידה,0.00,יחידה,false,,57.90,0.0000,true,1,64182
7290000205915,false,חיתולי האגיס אקסטרה קייר מידה 4 40יח,,,האגיס אקסטרה קייר מי,יחידה,0.00,יחידה,false,,57.90,0.0000,true,1,64183
7290000207162,false,רוטב עגבניות מרכיב טבעי 100 ג' יכין,"זנלכל בע""מ",IL,רוטב עגבניות 100 גרם,,100.00,יח',false,,2.50,0.0250,true,1,63724
7290000207438,false,עגבניות 2.5 A קוביות 850 גרם יכין,"זנלכל בע""מ",IL,עגבניות לקוביות יכין,,800.00,יח',false,,10.90,0.0136,true,1,63725
7290000208022,false,עגבניות מרוסקות פריכוז 800 ג' יכין,"זנלכל בע""מ",IL,עגבניות מרוסקות יכין,,800.00,יח',false,,10.90,0.0136,true,1,63728
7290000208077,false,אפונת גינה רגילה 550 גרם יכין,"זנלכל בע""מ",IL,אפונת גינה גדולה L י,,335.00,יח',false,,9.90,0.0296,true,1,63730
7290000208138,false,סירופ דיאט ענבים יכין 1 ליטר,"זנלכל בע""מ",IL,סירופ דייאט ענבים יכ,ליטרים,1.00,ליטר,false,,17.90,17.9000,true,1,63735
7290000208145,false,גרעיני תירס מתוק לייט 550 גרם יכין,"זנלכל בע""מ",IL,גרעיני תירס לייט יכי,,335.00,יח',false,,9.90,0.0296,true,1,172228
7290000208213,false,שעועית לבנה אפויה A2 ברוטב עגבניות יכין 560ג',היינץ צפון אמריקה מק,IL,שעועית לבנה ברוטב עג,,355.00,יח',false,,9.90,0.0279,true,1,63738
7290000208312,false,גרעיני תירס מתוק בואקום יכין 400 גר',"זנלכל בע""מ",IL,גרעיני תירס מתוק יכי,,400.00,יח',false,,7.90,0.0198,true,1,63743
7290000208329,false,גרעיני תירס מתוק 550 גרם יכין,"זנלכל בע""מ",IL,גרעיני תירס מתוק יכי,,335.00,יח',false,,9.90,0.0296,true,1,63744
7290000208336,false,רסק יכין 240גר 22% יכין בית יוסף,"זנלכל בע""מ",IL,רוטב עגבניות יכין 24,,240.00,יח',false,,5.50,0.0229,true,1,63745
7290000208404,false,פול A2 בית יוסף יכין,"זנלכל בע""מ",IL,פול מצרי יכין 550 גר,,350.00,יח',false,,8.90,0.0254,true,1,63749
7290000208428,false,חומוס יכין שלם 550 גר A/2,"זנלכל בע""מ",IL,חומוס שלם יכין 550 ג,,290.00,יח',false,,9.90,0.0341,true,1,63750
7290000208855,false,רוטב לפסטה קלאסי 240 גרם יכין,"זנלכל בע""מ",IL,רוטב לפסטה קלאסי יכי,,260.00,יח',false,,6.50,0.0250,true,1,63758
7290000208930,false,עגבניות מרוסקות בתוספת שום 240 גרם יכין,"זנלכל בע""מ",IL,עגבניות מרוסקות עם ש,,260.00,יח',false,,6.50,0.0250,true,1,63760
7290000208947,false,עגבניות מרוסקות 260 גרם יכין,היינץ צפון אמריקה מק,IL,עגבניות מרוסקות יכין,יחידה,260.00,יחידה,false,,6.50,0.0250,true,1,63761
7290000208978,false,פריכוז 100 גרם יכין בית יוסף,היינץ צפון אמריקה מק,IL,רוטב עגבניות פריכוז,,100.00,יח',false,,3.90,0.0390,true,1,63762
7290000209012,false,חומץ הדרים 5% יכין 1,"זנלכל בע""מ",IL,חומץ הדרים 5% יכין 1,ליטרים,1.00,ליטר,false,,7.90,7.9000,true,1,63764
7290000209043,false,מיץ לימון משומר 1 ל' יכין,היינץ צפון אמריקה מק,IL,מיץ לימון משומר יכין,ליטרים,1.00,ליטר,false,,5.90,5.9000,true,1,63765
7290000209173,false,חומץ סינטטי יכין 1 ל',,,חומץ סינטטי 5% יכין,ליטרים,1.00,ליטר,false,,5.20,5.2000,true,1,63768
7290000209371,false,שלישיית תירס יכין 165 גר OZ 6,היינץ צפון אמריקה מק,IL,תירס שלישיה יכין 3*1,,495.00,יח',false,,15.90,0.0321,true,1,63776
7290000209388,false,תירס גרגרים לייט וואקום מארז 60X3ג',,,תירס לייט שלישיה יכי,,420.00,יח',false,,15.90,0.0379,true,1,63777
7290000209524,false,ססירופ דיאט פטל יכין 1 ליטר,,IL,סירופ דייאט פטל יכין,ליטרים,1.00,ליטר,false,,17.90,17.9000,true,1,63780
7290000209951,false,רוטב עגבניות לפיצה 260 גרם יכין,"זנלכל בע""מ",IL,רוטב עגבניות לפיצה י,,260.00,,false,,6.50,0.0250,true,1,63792
7290000209968,false,רוטב עגבניות ללזניה יכין 240 גרם,"זנלכל בע""מ",IL,רוטב ללזניה יכין 240,,260.00,יח',false,,6.50,0.0250,true,1,63793
7290000211138,false,סיימן גבינת עיזים הו,,,סיימן גבינת עיזים הו,קילוגרמים,1.00,"ק""ג",true,,189.00,189.0000,true,1,71668
7290000211145,false,סיימן גבינת גאודה במ,,,סיימן גבינת גאודה במ,קילוגרמים,1.00,"ק""ג",true,,119.00,119.0000,true,1,180134
7290000211169,false,"אורז תאילנדי אחד אחד סוגת 1 ק""ג",האי נאם סי או אל.טי.,IL,אורז תאילנדי 1 ק'ג,קילוגרמים,1.00,"ק""ג",false,,8.50,8.5000,true,1,73232
7290000211312,false,"אורז מלא ארוך סוגת 1 ק""ג",האי נאם סי או אל.טי.,IL,אורז מלא אחד אחד 1קג,קילוגרמים,1.00,"ק""ג",false,,9.90,9.9000,true,1,73233
7290000211442,false,"אורז פרסי קלאסי סוגת 1 ק""ג",האי נאם סי או אל.טי.,IL,סוגת אורז פרסי קלאסי,קילוגרמים,1.00,"ק""ג",false,,12.50,12.5000,true,1,73236
7290000211503,false,סוכר לבן ארוז בשקית,"סוגת תעשיות בע""מ",IL,"סוכר סוגת לבן 1 ק""ג",קילוגרמים,1.00,"ק""ג",false,,4.90,4.9000,true,1,73237
7290000211626,false,"אורז חיש 1 ק""ג סוגת",סוגת,IL,"אורז חיש 1 ק""ג",קילוגרמים,1.00,"ק""ג",false,,12.90,12.9000,true,1,73238
7290000211985,false,"אורז ריזוטו עגול סוגת 1 ק""ג","סוגת תעשיות בע""מ",IL,סוגת אורז עגול 1קג,קילוגרמים,1.00,"ק""ג",false,,12.90,12.9000,true,1,73240
7290000212173,false,וופל טעם שוקולד מנעמים 500 ג',,,ופל שוקו מנעמים 500,,500.00,יח',false,,11.90,0.0238,true,1,125899
7290000225278,false,סיימן מסוג דנבלו 27%,,,סיימן מסוג דנבלו 27%,קילוגרמים,1.00,"ק""ג",true,,79.00,79.0000,true,1,71682
7290000238029,false,"בצק עלים צרפתי מרודד מעדנות 1ק""ג",מיוצר עי קונדיטוריית,IL,"בצק עלים 1ק""ג",קילוגרמים,1.00,"ק""ג",false,,26.90,26.9000,true,1,92371
7290000238036,false,מלווח עגול מעדנות 700 ג',מיוצר עי קונדיטוריית,IL,מעדנות מלווח 700גר,,700.00,יח',false,,19.90,0.0284,true,1,92372
7290000238173,false,מעדנות בורקס גבינה 800גר,מיוצר עי קונדיטוריית,IL,בורקס גבינה מעדנות 8,,800.00,יח',false,,23.90,0.0299,true,1,92373
7290000238180,false,בורקס תפוחי אדמה מעדנות 800ג',מיוצר עי קונדיטוריית,IL,"בורקס תפו""א 800גר",,800.00,יח',false,,22.90,0.0286,true,1,92374
7290000243566,false,"שמן קנולה בריאות 750 מ""ל",סקנולה,EE,שמן קנולה בריאות עץ,,750.00,,false,,12.90,0.0172,true,1,85106
7290000244143,false,"הוואי - קרם לאחר גילוח 120 מ""ל",תאי פרזידנט פוד פאבל,IL,קרם לאחר גילוח הוואי,,120.00,יח',false,,18.90,0.1575,true,1,63096
7290000244761,false,קרם ידיים וולוטה 80 גרם,תאי פרזידנט פוד פאבל,IL,"קרם ולוטה 80 מ""ל",,100.00,,false,,7.90,0.0790,true,1,63098
7290000245089,false,סוד סגול אלגנט 4 ל מרכך כביסה,"הנקל סוד בע""מ",IL,מרכך כביסה סוד סגול,ליטרים,4.00,ליטר,false,,19.90,4.9750,true,1,91604
7290000245157,false,מרכך כביסה סנסיישין לבן 4 ל' סוד,"הנקל סוד בע""מ",IL,מרכך כביסה סוד סנסיי,ליטרים,4.00,ליטר,false,,19.90,4.9750,true,1,91605
7290000245270,false,"פרסיל אבקת כביסה סופרא 1.250 ק""ג","הנקל סוד בע""מ",IL,אבקת כביסה פרסיל סופ,קילוגרמים,1.25,"ק""ג",false,,16.90,13.5200,true,1,91607
7290000245782,false,סוד ורוד מסתורי 4 ל מרכך כביסה,"הנקל סוד בע""מ",IL,מרכך כביסה סוד ורוד,ליטרים,4.00,ליטר,false,,19.90,4.9750,true,1,91620
7290000251113,false,פטה עיזים המושבה,,,פטה עיזים המושבה,קילוגרמים,1.00,"ק""ג",true,,105.00,105.0000,true,1,69931
7290000253374,false,מיני שוקולד צ'יפס 250 גר' 66% מוצקי קקאו,אופנהיימר,IL,מיני שוקולד צ'יפס או,,250.00,יח',false,,16.90,0.0676,true,1,552930
7290000262413,false,חיתולי האגיס אקסטרה קייר מידה 5 34יח,,,האגיס אקסטרה קייר מי,יחידה,0.00,יחידה,false,,57.90,0.0000,true,1,64190
7290000263359,false,האגיס - פיור נטורל שלב 1 ניו בורן 40 יח',קימברלי קלארק שיווק,IL,האגיס אקסטרא קייר של,יחידה,0.00,יחידה,false,,34.90,0.0000,true,1,64197
7290000272467,false,סירופ עסיס דיאט פטל 1 ליטר,בית-השיטה עסיס תעשיו,IL,סירופ דיאט פטל עסיס,ליטרים,1.00,ליטר,false,,16.90,16.9000,true,1,75020
7290000272696,false,עסיס מיץ לימון טבעי משומר 1 ל' אסם,בית-השיטה עסיס תעשיו,IL,מיץ לימון משומר עסיס,ליטרים,1.00,ליטר,false,,12.90,12.9000,true,1,75021
7290000272726,false,חומץ טבעי 5% עסיס 1 ל' אסם,,,חומץ טבעי 5% עסיס 1,ליטרים,1.00,ליטר,false,,7.90,7.9000,true,1,75022
7290000286228,false,כרית קרצוף לכלים סנו סושי 6יח',סנו מפעלי ברונו בעמ,IL,סנו סושי שישיות כריו,יחידה,0.00,יחידה,false,,12.90,0.0000,true,1,85372
7290000286549,false,סנו סושי מטליות לניקוי כללי 9 יח',טרופיקל דגיל תעשיות,IL,סנו סושי מטליות לכל,יחידה,0.00,יחידה,false,,12.90,0.0000,true,1,85380
7290000286761,false,ניילון נצמד סנו סושי פלסטיק מארז 30X2 מ',מיוצר עי קונדיטוריית,CN,סנו סושי פלסטיק נצמד,,60.00,,false,,12.90,0.2150,true,1,85384
7290000286891,false,סנו מגן קריסטל 1 ליטר,"סנו מפעלי ברונוס בע""",IL,סנו מגן קריסטל 1 לי,ליטרים,1.00,ליטר,false,,32.40,32.4000,true,1,85386
7290000287102,false,"סנו שמפו שטיחים אירוסול 600 מ""ל",מיוצר עי קונדיטוריית,IL,סנו שמפו שטיחים אירו,,600.00,,false,,22.90,0.0382,true,1,85392
7290000287409,false,סנובון שלישיה תות 3 יח' *55 ג',סנו מפעלי ברונוס בעמ,IL,סנובון שלישיה תות 3*,,165.00,יח',false,,12.90,0.0782,true,1,85395
7290000288024,false,סנו - ז'אוול אקונומיקה בריח לימון 4 ליטר,"סנו מפעלי ברונוס בע""",IL,סנו ז'אוול בריח לימו,ליטרים,4.00,ליטר,false,,17.90,4.4750,true,1,85409
7290000288079,false,סנו - ז'אוול אקונומיקה לימון 2 ליטר,"סנו מפעלי ברונוס בע""",IL,סנו זאוול בריח לימון,ליטרים,2.00,ליטר,false,,13.90,6.9500,true,1,85412
7290000288086,false,"סנו ז'אוול אבקת ואקונומיקה לימון 600 מ""ל",מיוצר עי קונדיטוריית,IL,אבקת ניקוי ג'אוול לי,,600.00,יח',false,,12.90,0.0215,true,1,172311
7290000288109,false,"אבקת כביסה מקסימה אפקט ג''אוול 1.25 ק""ג סנו",סנו מפעלי ברונוס בעמ,IL,סנו מקסימה אפקט ג'או,קילוגרמים,1.25,"ק""ג",false,,15.90,12.7200,true,1,85414
7290000288413,false,"סנו - די רולאון דוחה יתושים 50 מ""ל",גוד פוד פרודקטס S.p,IL,סנו די רולאון,,50.00,,false,,21.60,0.4320,true,1,85421
7290000289069,false,סנו - ז'אוול מרסס קצף ניקוי בתוספת אקונומיקה בריח לימון 1 ליטר,"סנו מפעלי ברונוס בע""",IL,סנו ג'אוול מרסס לימו,ליטרים,1.00,ליטר,false,,19.90,19.9000,true,1,85431
7290000289472,false,סנו סושי שקיות 76*90 50 יח' XXL,מיוצר עי קונדיטוריית,IL,סנו סושי שקיות HD 76,יחידה,0.00,יחידה,false,,21.90,0.0000,true,1,85433
7290000289748,false,"סנו פורטה פלוס מסיר שומנים לתנור 750מ""ל","סנו מפעלי ברונוס בע""",IL,סנו פורטה פלוס לתנור,,750.00,,false,,16.90,0.0225,true,1,85438
7290000291963,false,סנו ז'אוול סמיכה לימון 1 ל',סנו,IL,סנו ז'אוול סמיכה לימ,יחידה,0.00,יחידה,false,,8.90,0.0000,true,1,85445
7290000292311,false,סנו פוליווקס לרצפות סחלבים 2ל',"סנו מפעלי ברונוס בע""",IL,סנו פוליווקס סחלבים,ליטרים,2.00,ליטר,false,,26.00,13.0000,true,1,85448
7290000292533,false,ג'ל סנו כחול לניקוי כללי 1 ליטר,,IL,סנו ג'ל לניקוי כללי,ליטרים,1.00,ליטר,false,,17.90,17.9000,true,1,85450
7290000292687,false,סנובון לאסלה כחול אפרסק נתלה 55X3ג',מיוצר עי קונדיטוריית,IL,סנובון כחול שלישיה,,165.00,יח',false,,18.90,0.1145,true,1,85454
7290000293530,false,סנו סופג לחות מילוי,,,מילוי סופג לחות,,340.00,"100 מ""ל",false,,13.90,0.0409,true,1,85460
7290000293820,false,"קרמה מן שמפו וג'ל גל רחצה אקטיב בלוק 700מ""ל",קוסמופארם בעמ,IL,שמפו וג'ל רחצה קרבון,,700.00,,false,,19.90,0.0284,true,1,183216
7290000293943,false,סנו אנטי קאלק מסיר אבנית וחלודה 1ל',מיוצר עי קונדיטוריית,IL,סנו אנטי קאלק+מתז 1,ליטרים,1.00,ליטר,false,,20.90,20.9000,true,1,85463
7290000294780,false,סנו - ז'אוול אקונומיקה סמיכה מבושמת 4 ליטר,"סנו מפעלי ברונוס בע""",IL,סנו ז'אוול סמיכה 4 ל,ליטרים,4.00,ליטר,false,,17.90,4.4750,true,1,85470
7290000295121,false,מטליות זיגזג סנו סושי לניקוי רצפות 3יח',עופרטקס,,מטלית זיגזג 3יח,יחידה,0.00,יחידה,false,,12.90,0.0000,true,1,85471
7290000295299,false,סנו סושי כריות הפלא רב תכלתיות רביעייה,סנו מפעלי ברונו בעמ,IL,כריות יפניות סנו סוש,יחידה,0.00,יחידה,false,,12.90,0.0000,true,1,85472
7290000295336,false,"סנו - מקסימה אבקת כביסה סנסטיב 1.25 ק""ג",סנו מפעלי ברונוס בעמ,IL,סנו מקסימה סנסיטיב 1,קילוגרמים,1.25,"ק""ג",false,,15.90,12.7200,true,1,85474
7290000295343,false,"אבקת כביסה מקסימה ביו 1.25 ק""ג סנו",סנו,,סנו מקסימה ביו 1.25,קילוגרמים,1.25,"ק""ג",false,,15.90,12.7200,true,1,85475
7290000295558,false,רדיד אלומיניום סנו סושי זוגי 30X7.5מ',מולינו ניקולי s.p.a,CN,צמד רדיד אלומיניום ק,,15.00,,false,,12.90,0.8600,true,1,85480
7290000295565,false,רדיד אלומיניום סנו סושי זוגי 45X7.5מ',,,רדיד אלומיניום רחב ב,,15.00,,false,,18.90,1.2600,true,1,85481
7290000300884,false,סיימן גבינת צ'דר אנג,,,סיימן גבינת צ'דר אנג,קילוגרמים,1.00,"ק""ג",true,,140.00,140.0000,true,1,71720
7290000300900,false,שניצל תירס 750 גרם טבעול,טבעול,IL,שניצל תירס טבעול רכי,,750.00,יח',false,,28.90,0.0385,true,1,75815
7290000302027,false,סיגריות טיים רד פקט,דובק,,טיים רד (פקט),יחידה,0.00,יחידה,false,,285.00,0.0000,false,1,59749
7290000302041,false,טיים 100 רד עשיריה,,,טיים 100 רד (פקט),יחידה,0.00,יחידה,false,,285.00,0.0000,false,1,331080
7290000305882,false,אס הרינג עם ירקות ברוטב עגבניות 120 גרם,סטארקיסט פודור בעמ,IL,אס דגים עם ירקות ברו,,120.00,יח',false,,6.90,0.0575,true,1,82063
7290000307015,false,אפונת גינה גדול 550 גר A2 פרי גליל,פרי הגליל בעמ,IL,אפונת גינה גדול A2 פ,,550.00,יח',false,,8.90,0.0162,true,1,63280
7290000307343,false,שעועית ירוקה חתוכה A2 פרי גליל 550ג',,,שעועית ירוקה חתוכה פ,,550.00,יח',false,,8.00,0.0145,true,1,63288
7290000313160,false,עוגיות חברים זהבה ו-3 הדובים שוקו' אסם 250 גר',היינץ צפון אמריקה מק,IL,חברים זהבה ושלושת הד,,250.00,יח',false,,9.50,0.0380,true,1,177061
7290000313184,false,עוגיות חברים גן חיות וניל אסם 250 גר',הגביע מוצרי וופלים ב,IL,חברים ביסקויט גן חיו,,250.00,יח',false,,9.50,0.0380,true,1,75024
7290000313290,false,אסם נודלס נודלס אטריות מסולסלות 200ג',תאי פרזידנט פוד בנגק,TH,נודלס אטריות מסולסלו,יחידה,200.00,יחידה,false,,10.90,0.0545,true,1,75026
7290000318127,false,נקניקיות ביס 380 ג' יחיעם,פ.פ.ח. שאביט,IL,נקניקיות ביס 380 גרם,,380.00,יח',false,,12.90,0.0339,true,1,70672
7290000318806,false,סלמי סרוולט מעדנ.יחי,יושלם,,סלמי סרוולט מעדנ.יחי,קילוגרמים,1.00,"ק""ג",true,,147.00,147.0000,true,1,70651
7290000318929,false,סלמי צרפתי יחיעם מעד,יושלם,,סלמי צרפתי יחיעם מעד,קילוגרמים,1.00,"ק""ג",true,,147.00,147.0000,true,1,70656
7290000318943,false,פסטרמה של פעם 200 גר,תאי פרזידנט פוד פאבל,IL,פסטרמה של פעם 200 גר,,200.00,יח',false,,24.90,0.1245,true,1,70689
7290000319124,false,סלמי סרוולד יחיעם 25,פ.פ.ח. שאביט,IL,סלמי סרוולט 250 גרם,,250.00,יח',false,,41.90,0.1676,true,1,70692
7290000319803,false,קבנוס קלאסי 125 ג' יחיעם,תאי פרזידנט פוד פאבל,IL,קבנוס קלאסי 125גר,,125.00,יח',false,,16.90,0.1352,true,1,70708
7290000327075,false,שישיית סודה בטעם למון ליים 500 מל בקבוק,,,סודה בטעם למון ליים,ליטרים,3.00,ליטר,false,,16.90,5.6333,true,1,460147
7290000334684,false,טבעות בצל 700 גרם תפוגן,"תעשיות תפוגן בע""מ",IL,טבעות בצל 700 גרם,,700.00,יח',false,,20.90,0.0299,true,1,75828
7290000334745,false,"אמריקאן צ'יפס תפוגן 1.5 ק""ג","תעשיות תפוגן בע""מ",IL,"אמריקאן ציפס 1.5 ק""ג",קילוגרמים,1.50,"ק""ג",false,,30.90,20.6000,true,1,75830
7290000339191,false,אבקת הלבנה רן 350 גר,זהר דליה,IL,אבקת הלבנה רן 350 גר,,350.00,100 גרם,false,,22.90,0.0654,true,1,65734
7290000341071,false,בדין - מרכך כביסה בייבי לבן 2 ליטר,יוניליוור ישראל טיפו,IL,בייבי בדין לבן 2 ליט,ליטרים,2.00,ליטר,false,,20.90,10.4500,true,1,65740
7290000345215,false,תה ויסוצקי קלאסיק 100/1 כחול מעודן,מולינו ניקולי s.p.a,IL,תה ויסוצקי קלאסיק 10,,100.00,100 גרם,false,,20.90,0.2090,true,1,79754
7290000345277,false,תה ויסוצקי קלאסיק 75 יחידות,מולינו ניקולי s.p.a,IL,תה ויסוצקי קלאסיק 1.,,75.00,יח',false,,13.90,0.1853,true,1,79756
7290000345284,false,תה ויסוצקי קלאסיק טעם עשיר 100/1.5יח',מולינו ניקולי s.p.a,IL,תה ויסוצקי 1.5 קלאסי,,150.00,יח',false,,20.90,0.1393,true,1,79757
7290000345291,false,תה ארל גריי 25 שקיקים ויסוצקי,ויסוצקי,IL,תה ארל גריי 1.5/25,,37.50,יח',false,,18.50,0.4933,true,1,79758
7290000345307,false,תה ארל גריי 50 שקיקים ויסוצקי,מולינו ניקולי s.p.a,IL,תה ארל גריי 1.5/50,,75.00,יח',false,,33.90,0.4520,true,1,79759
7290000345536,false,תה נענע 25 שקיקים 1.5 גרם,מולינו ניקולי s.p.a,IL,תה נענע 25 שקיות 1.5,,37.50,יח',false,,19.90,0.5307,true,1,79760
7290000346021,false,חליטת קמומיל בבונג גן קסום 50 שקיקים,בית ויסוצקי,IL,תה קמומיל 50 שקיקים,,75.00,יח',false,,37.90,0.5053,true,1,79766
7290000346199,false,חליטת פירות היער 25 שקיקים גן קסום,HIQ FOOD PRODUCTS,IL,תה פירות יער 25 שקיק,,67.50,יח',false,,19.90,0.2948,true,1,79772
7290000346205,false,חליטת קמומיל 25 שקיקים הגן קסום,HIQ FOOD PRODUCTS,IL,תה קמומיל 25 שקיקים,,37.50,יח',false,,19.90,0.5307,true,1,79773
7290000347738,false,תה ירוק נענע 25 שקיקים 1.5 גרם,HIQ FOOD PRODUCTS,IL,תה ירוק נענע 25 שקיק,,37.50,יח',false,,26.90,0.7173,true,1,79781
7290000347752,false,תה ירוק לימונית ולואיזה 25 שקיקים *1.5 ג'' ויסוצקי,HIQ FOOD PRODUCTS,IL,תה ירוק לימונית ולוא,,37.50,יח',false,,26.90,0.7173,true,1,79783
7290000363363,false,קבנוס מיוחד 160 גרםטירת צבי,הנסיך- מפעל לייצור ט,IL,קבנוס מיוחד 160 גרם,,160.00,יח',false,,20.90,0.1306,true,1,80433
7290000363462,false,סלמי מעושן איטלקי טי,טירת צבי,,סלמי מעושן איטלקי טי,קילוגרמים,1.00,"ק""ג",true,,79.00,79.0000,true,1,80400
7290000363486,false,נקניק תה טירת צבי מע,טירת צבי,,נקניק תה טירת צבי מע,קילוגרמים,1.00,"ק""ג",true,,58.00,58.0000,true,1,80401
7290000364278,false,דקניקים סילסולי סלמי איטלקי 120 ג' טירת צבי,הנסיך- מפעל לייצור ט,IL,סלסולי סלמי איטלקי מ,,120.00,יח',false,,16.90,0.1408,true,1,80438
7290000364285,false,דקניקים סלסולי פסטרמה הודו 120 ג' טירת צבי,הנסיך- מפעל לייצור ט,IL,טירת צבי סלסולי פסטר,,120.00,יח',false,,16.90,0.1408,true,1,80439
7290000364292,false,דקניקים סלסולי פסטרמה הודו על גחלים 120 ג' טירת צבי,הנסיך- מפעל לייצור ט,IL,סלסולי פסטרמה גחלים,,120.00,יח',false,,16.90,0.1408,true,1,80440
7290000364803,false,נקניקיות קרנץ אמריקאי טירת צבי 500 ג',הנסיך- מפעל לייצור ט,IL,נקניקיות קרנץ אמריקא,,500.00,100 גרם,false,,34.90,0.0698,true,1,80443
7290000364858,false,"נקניקיות עוף טרי 1 ק""ג טירת צבי",הנסיך- מפעל לייצור ט,IL,נקניקיות עוף טרי 1 ק,קילוגרמים,1.00,"ק""ג",false,,30.90,30.9000,true,1,80445
7290000364872,false,נקניקיות עוף 400 גרםטירת צבי,טיב טירת צבי 2000,IL,נקניקיות עוף 400 גרם,,400.00,יח',false,,14.90,0.0373,true,1,80446
7290000365046,false,כתף מעושן טירת צבי מ,טירת צבי,,כתף מעושן טירת צבי מ,קילוגרמים,1.00,"ק""ג",true,,109.00,109.0000,true,1,80406
7290000365107,false,כתף בקר מפולפל במשקל,,,כתף בקר מפולפל ט.צבי,קילוגרמים,1.00,"ק""ג",true,,109.00,109.0000,true,1,80408
7290000365398,false,חזה הודו בדבשטירת צבי,טירת צבי,,חזה הודו בדבש ט.צבי,קילוגרמים,1.00,"ק""ג",true,,89.00,89.0000,true,1,80412
7290000365756,false,פסט. עלגחלים ד.ש.ט.צ,,,פסט. עלגחלים ד.ש.ט.צ,קילוגרמים,1.00,"ק""ג",true,,89.00,89.0000,true,1,80414
7290000365954,false,פסט.על גחלים ט.צבי מ,טירת צבי,,פסט.על גחלים ט.צבי מ,קילוגרמים,1.00,"ק""ג",true,,89.00,89.0000,true,1,80417
7290000367590,false,צמד כפרי סלמי+פסטרמה 800 גרם טירת צבי,טיב טירת צבי 2000,IL,צמד כפרי נק.סלמי+פסט,,800.00,יח',false,,30.90,0.0386,true,1,80449
7290000369037,false,קוביות בולגרית מתובלות 200 גר,מחלבות ניצן,IL,ניצן פטה קוביות בטעמ,,200.00,יח',false,,18.90,0.0945,true,1,61408
7290000369617,false,כדורי מעדן גבינה בשמן 225 ג' ניצן,"ניצן מותגי מזון בע""מ",,ניצן כדורי פטה בשמני,,150.00,יח',false,,20.90,0.1393,true,1,61411
7290000369709,false,ניצן חמאה ט.שונים 10,"ניצן מותגי מזון בע""מ",,ניצן חמאה ט.שונים 10,,100.00,יח',false,,14.90,0.1490,true,1,61412
7290000370420,false,גבינת גאודה מהולנד 3,,,גבינת גאודה מהולנד 3,קילוגרמים,1.00,"ק""ג",true,,109.00,109.0000,true,1,249937
7290000371571,false,פסט.פרגיות לבאגט ט.צ,,,פסט.פרגיות לבאגט ט.צ,קילוגרמים,1.00,"ק""ג",true,,89.00,89.0000,true,1,80422
7290000382210,false,שקיות גופיה ינות בית,,,שקיות גופיה ינות בית,יחידה,0.00,יחידה,false,,0.10,0.0000,true,1,111725
7290000382227,false,שקיות גופיה מגה בעיר,,,שקיות גופיה מגה בעיר,יחידה,0.00,יחידה,false,,0.10,0.0000,true,1,53593
7290000403238,false,סיימן ברי איסיני מעד,,,סיימן ברי איסיני מעד,קילוגרמים,1.00,"ק""ג",true,,140.00,140.0000,true,1,71800
7290000408316,false,יוגורט דנונה דל לקטוז 200 גרם,מיוצר עי קונדיטוריית,IL,דנונה טבעי 3% 200מל,,200.00,"100 מ""ל",false,,3.90,0.0195,true,1,78491
7290000408354,false,יוגורט עם אורז מצופה שוקולד קקאו 175 ג' דנונה,"שטראוס בריאות בע""מ",IL,דנונה קראנצ' פצפוצים,,175.00,"100 מ""ל",false,,4.90,0.0280,true,1,78492
7290000412481,false,סנו - מנקה אסלות 00 1 ליטר,מיוצר עי קונדיטוריית,IL,מנקה אסלות 1 ליטר 00,ליטרים,1.00,ליטר,false,,8.90,8.9000,true,1,85489
7290000416021,false,ממרח שוקולד השחר חלבי 500 גר',השחר העולה,IL,ממרח שוקולד השחר 500,,500.00,יח',false,,15.90,0.0318,true,1,84646
7290000416045,false,ממרח שוקולד השחר דלי,השחר העולה,IL,ממרח שוקולד השחר 1 ק,קילוגרמים,1.00,"ק""ג",false,,27.90,27.9000,true,1,84648
7290000416618,false,"ממרח שוקולד השחר פרווה בד""צ 400 גר'",השחר העולה בעמ,IL,ממרח שוקולד פרווה הש,,400.00,יח',false,,13.90,0.0348,true,1,84658
7290000416632,false,"ממרח שוקולד השחר פרווה 1ק""ג",,,ממרח שוקולד פרווה הש,קילוגרמים,1.00,"ק""ג",false,,28.90,28.9000,true,1,84659
7290000418131,false,תחבושות טופ פד מקופלת 18 יח',,,תחבושות סופר מקופלת,יחידה,0.00,יחידה,false,,5.90,0.0000,true,1,85174
7290000419220,false,מארז קפה לנדוור לבוקר 3 יח 100 גרם,,,לנדוור כחול המקורי ק,,300.00,יח',false,,19.90,0.0663,true,1,75029
7290000420332,false,פופ קורן חמאה למיקרוגל 5יח',Preston farms,US,פופסטאר פופקורן חמאה,,500.00,100 גרם,false,,17.90,0.0358,true,1,60998
7290000420417,false,גלילונית שקיות אשפה 50*70 - 60 יח',"איטיליאן פוד, אס.פי.",TH,גלילונית שקיות אשפה,יחידה,0.00,יחידה,false,,24.90,0.0000,true,1,60999
7290000436616,false,דובשניות בשקית 180 גר',,,דובשניות ברמן 180 גר,,180.00,יח',false,,5.90,0.0328,true,1,178712
7290000449128,false,סיף פנטסטיק לימון ניקוי רב תכליתי 4ל',יוניליוור ישראל טיפו,IL,סיף ניקוי כללי 4 ליט,ליטרים,4.00,ליטר,false,,26.90,6.7250,true,1,65744
7290000453019,false,שמרים טריים לאפייה שקית שמרית 50 ג',"פאקא תעשיות בע""מ",IL,שמרית שמרים טריים לא,,50.00,יח',false,,4.90,0.0980,true,1,78493
7290000453125,false,שמרים ומשפר אפיה ביתי שמרית 100ג',,,שמרית שמרים טריים לא,,100.00,יח',false,,8.50,0.0850,true,1,78494
7290000453385,false,שמרים יבשים פארא אינסטנט 500 גרם עלית,,,פאקא שמרים יבשים 500,,500.00,יח',false,,14.90,0.0298,true,1,77791
7290000453408,false,בצק פיצה דק מצונן ומוכן לאפיה 415 גר,"פאקא תעשיות בע""מ",GR,שמרית בצק פיצה דק מצ,,415.00,יח',false,,17.90,0.0431,true,1,219236
7290000453415,false,בצק עלים מצונן ומוכן לאפייה שמרית,"פאקא תעשיות בע""מ",FR,שמרית בצק עלים מצונן,,300.00,יח',false,,16.90,0.0563,true,1,250443
7290000453422,false,בצק פילו מצונן ומוכן לאפייה שמרית,"פאקא תעשיות בע""מ",GR,שמרית בצק פילו מוכן,,300.00,יח',false,,16.90,0.0563,true,1,219237
7290000453446,false,פיצה קראסט שמרית 500 גרם,שטראוס,IL,פיצה קראסט שמרית מצו,,500.00,יח',false,,21.90,0.0438,true,1,416972
7290000453798,false,שמרית שמרים יבשים אקטיביים 500 גר',"גי' בי' רכיבים בע""מ",,שמרים יבשים אקטיביים,,500.00,יח',false,,13.90,0.0278,true,1,77792
7290000453866,false,נטורינה קוקוס לאפייה שמרית 200ג',גרונבאנג- גרונדנסק א,DK,נטורינה קוקוס שטראוס,,200.00,יח',false,,8.50,0.0425,true,1,163654
7290000461625,false,בייגלה שמיניות מלח בייגל בייגל 400 ג',בייגל את בייגל מזון,IL,ביגלה 8 8 400גר,,400.00,יח',false,,12.90,0.0323,true,1,65745
7290000461656,false,בייגלה אחד אחד 400 ג' מקלות,בייגל את בייגל מזון,IL,מקלות מלוחים 400 גרם,,400.00,יח',false,,12.90,0.0323,true,1,65747
7290000461700,false,בייגל גדול גדול 400 גרם,בייגל את בייגל מזון,IL,ביגלה שמיניות גדולות,,400.00,יח',false,,16.90,0.0422,true,1,65748
7290000462103,false,סחוג אדום חריף עדין זהבי 150 ג',קריניסה ויטמין אס אי,IL,סחוג אדום חריף עדין,,150.00,יח',false,,8.90,0.0593,true,1,78497
7290000462141,false,סחוג אדום חריף 150 ג' זהבי,קריניסה ויטמין אס אי,IL,סחוג אדום חריף מאוד,,150.00,יח',false,,8.90,0.0593,true,1,78498
7290000462310,false,סיימן סנט מור במשקל.,,,סיימן סנט מור במשקל.,קילוגרמים,1.00,"ק""ג",true,,199.00,199.0000,true,1,71831
7290000467153,false,חומוס צבר סמיר הגדול 400ג',סלטי צבר,IL,צבר חומוס סמיר הגדול,,400.00,יח',false,,14.90,0.0373,true,1,75840
7290000472821,false,גבינה צהובה 28% הר,,,גבינה צהובה 28% הר,קילוגרמים,1.00,"ק""ג",true,,31.00,31.0000,true,1,495527
7290000474076,false,חלב 3% טרה 1ל' קרטון מהדרין,טרה,IL,טרה חלב בקרטון 3% 1,ליטרים,1.00,ליטר,false,,6.23,6.2300,true,1,61497
7290000474090,false,חלב הומוגני 1% קרטון טרה 1ל',מילקו תעשיות בעמ,IL,טרה חלב בקרטון 1% 1ל,ליטרים,1.00,ליטר,false,,5.86,5.8600,true,1,61498
7290000474502,false,גבינה לבנה 5% 250ג' טרה מהדרין,טרה,IL,טרה גבינה לבנה 5% 25,,250.00,יח',false,,4.98,0.0199,true,1,61507
7290000474540,false,גבינה טוב טעם 3% טרה 250ג' מהדרין,טרה,IL,טוב טעם גבינה 3% 250,,250.00,100 גרם,false,,11.90,0.0476,true,1,61508
7290000480107,false,קוואקר שיבולת שועל פחית 500 גר,וולקרס סנקס לימיטד,,"קוואקר מהיר אטוס לל""",,500.00,יח',false,,15.90,0.0318,true,1,79066
7290000480442,false,קוואקר שבולת שועל שקית 500 גרם,שטראוס גרופ,IL,שיבולת שועל בשקית קו,,500.00,יח',false,,15.90,0.0318,true,1,79067
7290000481043,true,עשיריית פיתות כוסמין,,,עשיריית פיתות כוסמין,,700.00,יח',false,,16.90,0.0241,true,1,346518
7290000481074,false,לחם משלושה קמחים מלאים 750 גר,,,לחם טריו מלא דגנית 7,,750.00,יח',false,,21.90,0.0292,true,1,505256
7290000481180,false,לחם מחמצת שאור דגנית,,,לחם מחמצת שאור דגנית,,550.00,יח',false,,19.90,0.0362,true,1,568940
7290000481883,false,דגנית עין בר מארז לחמניות 10 יח'*75 ג',יוניליוור גרמניה Gm,IL,10 לחמניות דגנית,,750.00,יח',false,,14.90,0.0199,true,1,59692
7290000483139,false,מרציפן גולמי המרשלג 100 גרם,"המרשלג פרלינס בע""מ",IL,המרשלג חטיף מרציפן ג,,100.00,יח',false,,10.90,0.1090,true,1,69127
7290000484747,false,עלית הארק 40% בקבוק,יקבי הגליל יוסף,,"עלית הארק 40% 700 מ""",,700.00,,false,,60.90,0.0870,true,1,84736
7290000493176,false,אבקת רוטב צלי לבשר 22ג' אסם,"אסם השקעות בע""מ",IL,אסם אבקת רוטב צלי לב,,22.00,100 גרם,false,,4.00,0.1818,true,1,75062
7290000493183,false,אבקת רוטב פטריות לבשר-30 גרם,"אסם השקעות בע""מ",IL,אסם אבקת רוטב פטריות,,30.00,יח',false,,4.00,0.1333,true,1,75063
7290000496780,false,פילה אמנון 5-7 80% ק,,,פילה אמנון 5-7 80% ק,קילוגרמים,1.00,"ק""ג",true,,34.90,34.9000,true,1,549530
7290000504278,false,סוכרזית - קלאסי פטנט 700 טבליות,אף.סי תבליני בגליל ב,IL,סוכרזית פטנט 700 טבל,,574.00,יח',false,,17.90,0.0312,true,1,77802
7290000511904,false,בייבי אדם הולנד וילי,,,*מבצע* בייבי אדם הול,קילוגרמים,1.00,"ק""ג",true,,65.00,65.0000,true,1,58139
7290000518251,false,מתוק וקל ממתיק זהב 100 שקיות,פתח תקווה,IL,מתוק וקל זהב 100 שקי,,100.00,יח',false,,15.90,0.1590,true,1,70936
7290000523514,false,מלח ים יבש מופחת נתרן 250 גר,חברת מלח הארץ אילת ב,IL,מלח 50% פחות נתרן הא,,250.00,יח',false,,11.90,0.0476,true,1,79787
7290000523521,false,מלח ים מועשר ביוד 250 ג' מלח הארץ,חברת מלח הארץ אילת ב,IL,מלח מעושר ביוד הארץ,,250.00,יח',false,,7.90,0.0316,true,1,79788
7290000523804,false,"מלח עדין צנצנת 1 ק""ג מלח הארץ",חברת מלח הארץ אילת ב,IL,מלח עדין בצנצנת הארץ,קילוגרמים,1.00,"ק""ג",false,,7.90,7.9000,true,1,79789
7290000523811,false,"צנצנת מלח גס 1 ק""ג מלח הארץ",חברת מלח הארץ אילת ב,IL,מלח גס בצנצנת הארץ 1,קילוגרמים,1.00,"ק""ג",false,,7.90,7.9000,true,1,79790
7290000525969,false,פרימור סחוט תפוזים טבעי 1ל',גניר,IL,פרימור מיץ תפוזים 1ל,ליטרים,1.00,ליטר,false,,17.20,17.2000,true,1,78504
7290000530024,false,תה מעושן זוגלובק,זוגלובק,IL,תה מעושן זוגלובק,קילוגרמים,1.00,"ק""ג",true,,57.00,57.0000,true,1,95856
7290000530062,false,סלמי מעו. איטלקי זוג,זוגלובק,IL,סלמי מעו. איטלקי זוג,קילוגרמים,1.00,"ק""ג",true,,86.00,86.0000,true,1,95859
7290000530086,false,נקניק סלמי מעושן 600 ג' זוגלובק,,,סלמי מעושן 7000 א.מ.,,600.00,יח',false,,40.90,0.0682,true,1,95891
7290000530116,false,נקניק סלמי מעושן בשן 470 ג' זוגלובק,,,סלמי מעושן בשן זוגלו,,470.00,יח',false,,28.90,0.0615,true,1,95893
7290000530260,false,נקניק מורטדלה זוגלוב,,,נקניק מורטדלה זוגלוב,קילוגרמים,1.00,"ק""ג",true,,40.00,40.0000,true,1,95864
7290000530468,false,נקניקיות וינר טרי 1ק,,,נקניקיות וינר טרי 1ק,קילוגרמים,1.00,"ק""ג",false,,34.90,34.9000,true,1,95897
7290000530598,false,נקניקיות וינר 500 ג' טרי זוגלובק,זוגלובק,IL,נקניקיות וינר טרי זו,,500.00,יח',false,,17.90,0.0358,true,1,95900
7290000530703,false,נקניק כפרית 400 + כפרית 400 גרם זוגי זוגלובק,זוגלובק,IL,זוג תה 400 + חרמון 4,,800.00,יח',false,,36.90,0.0461,true,1,95902
7290000531410,false,פסטרממיה בדבש טהור,זוגלובק,IL,פסט. בדבש טהור 3% זו,קילוגרמים,1.00,"ק""ג",true,,89.00,89.0000,true,1,95869
7290000532400,false,ברביקיו חזה הודו זוג,זוגלובק,IL,ברביקיו חזה הודו זוג,קילוגרמים,1.00,"ק""ג",true,,89.00,89.0000,true,1,95870
7290000533353,false,"בצק עלים צרפתי 1 ק""ג זוגלובק",מאפיית אריאל וגידרון,IL,זוגלובק בצק עלים 1קג,קילוגרמים,1.00,"ק""ג",false,,17.90,17.9000,true,1,127064
7290000534718,false,תבור חזה מעושן ד.ש.,זוגלובק,IL,תבור חזה מעושן ד.ש.,קילוגרמים,1.00,"ק""ג",true,,89.00,89.0000,true,1,95877
7290000534824,false,חרמון 3% זוגלובק במש,,,חרמון 3% זוגלובק במש,קילוגרמים,1.00,"ק""ג",true,,55.00,55.0000,true,1,95879
7290000537566,false,נקניקיות עוף טרי 400 ג' זוגלובק,זוגלובק,IL,נקניקיות עוף טרי 400,,400.00,יח',false,,14.90,0.0373,true,1,95926
7290000537603,false,"נקנקיות עוף 1 ק""ג -ז",זוגלובק,IL,"נקנקיות עוף 1 ק""ג -ז",קילוגרמים,1.00,"ק""ג",false,,34.90,34.9000,true,1,95927
7290000552989,false,בשר טחון מובחר 500 גרם,"טיבון ויל אחזקות בע""",IL,בשר עגל טחון קפוא 50,,500.00,100 גרם,false,,22.90,0.0458,true,1,72217
7290000554402,false,מלבי מעדן חלב גד 170,"מיוצר ע""י קוד יצרן E",IL,"גד מלבי 160 מ""ל",,160.00,,false,,7.00,0.0438,true,1,69782
7290000554457,false,גבינה צפתית מיני 5% גד 350ג',"מחלבות גד בע""מ",IL,גד צפתית מיני 5% 350,,350.00,יח',false,,25.30,0.0723,true,1,69783
7290000554471,false,גבינת מוצרלה 22% נקניק 180ג' גד,"מחלבות גד בע""מ",IL,גד מוצרלה נקניק טבעי,,180.00,יח',false,,20.20,0.1122,true,1,69784
7290000554532,false,גבינה צפתית מעודנת במלח ים 5% 200 ג' גד,הנסיך- מפעל לייצור ט,IL,גד צפתית מעודנת במלח,,200.00,יח',false,,17.90,0.0895,true,1,69785
7290000554624,false,ירח מתוק מעדן גד 150ג',"מיוצר ע""י קוד יצרן E",IL,גד ירח מתוק 150מל,,150.00,יח',false,,7.00,0.0467,true,1,69787
7290000554686,false,לאבנה בשמן זית וזעתר 5% שומן 250 ג' גד,מחלבות גד בעמ,IL,גד לאבנה בשמן זית וז,,250.00,יח',false,,17.20,0.0688,true,1,69788
7290000554822,false,גבינת ריקוטה טבעי 5% שומן 250 ג' גד,מחלבות גד בעמ,IL,גד ריקוטה טבעי 5% 25,,250.00,יח',false,,17.40,0.0696,true,1,69789
7290000554839,false,שמנת מתוקה קשה בסגנון איטלקי 40% שומן 250 ג' גד,מחלבות גד בעמ,IL,גד מסקרפונה 40% 250ג,,250.00,יח',false,,24.50,0.0980,true,1,69790
7290000560540,false,אדג' ג'ל כתום לעור רגיש 198גרם,המאפיה של הרמן,US,ג'ל גילוח כתום לעור,,200.00,,false,,18.90,0.0945,true,1,61006
7290000561097,false,תערובת פיצוחים 150 ג,,,תערובת פיצוחים 150 ג,,150.00,יח',false,,17.90,0.1193,true,1,188526
7290000561240,false,גרעין דלעת קלוי 200ג,,,גרעין דלעת קלוי 200ג,,200.00,יח',false,,10.90,0.0545,true,1,55164
7290000561363,false,גרעין אבטיח קלוי 200,,,גרעין אבטיח קלוי 200,,200.00,יח',false,,14.90,0.0745,true,1,55165
7290000561714,false,צנובר 100 גרם,,,צנובר 100 גרם,,100.00,יח',false,,26.90,0.2690,true,1,55178
7290000571109,false,פילה סלמון פרימיום ק,,,פילה סלמון פרימיום ק,קילוגרמים,1.00,"ק""ג",true,,69.90,69.9000,true,1,331103
7290000571119,false,גאודה טבעי המחלבה,תנובה מרכז שיתופי לש,,גאודה טבעי המחלבה,קילוגרמים,1.00,"ק""ג",true,,114.00,114.0000,true,1,80739
7290000571188,false,גבינת גאודה תום עיזים במשקל,תנובה מרכז שיתופי לש,,גאודה תום עזים המחלב,קילוגרמים,1.00,"ק""ג",true,,173.00,173.0000,true,1,80741
7290000574028,false,לחם שחור מועשר פרוס,יוניליוור גרמניה Gm,IL,לחם אחיד פרוס מועשר,,750.00,יח',false,,8.90,0.0119,true,1,250344
7290000574035,false,לחם אחיד פרוס 750ג' דגנית עין בר,יוניליוור גרמניה Gm,IL,לחם אחיד פרוס דגנית,,750.00,יח',false,,7.11,0.0095,true,1,59698
7290000574141,false,לחם חיטה מלא 750ג' דגנית עין בר,דגנית עין בר תעשיות,IL,לחם חיטה מלאה דגנית,,750.00,יח',false,,15.90,0.0212,true,1,59705
7290000574172,false,לחם קל מחיטה מלאה 750 ג' דגנית עין בר,יוניליוור גרמניה Gm,IL,לחם קל חיטה מלאה דגנ,,750.00,יח',false,,16.90,0.0225,true,1,59707
7290000574455,false,לחם חיטה מלא פלוס כוסמין 750 ג' דגנית עין בר,דגנית עין בר,IL,לחם חיטה מלא+כוסמין,,750.00,יח',false,,15.90,0.0212,true,1,59720
7290000578085,false,גבינת מוצרלה 21% ויל,,,גבינת מוצרלה 21% ויל,קילוגרמים,1.00,"ק""ג",true,,58.00,58.0000,true,1,58140
7290000604343,false,תמר דקל נור 400גר,,,תמר דקל נור 400גר,,400.00,יח',false,,12.90,0.0323,true,1,56207
7290000611039,false,פילה סלמון נורבגי קפ,,,פילה סלמון נורבגי קפ,קילוגרמים,1.00,"ק""ג",true,,84.90,84.9000,true,1,355701
7290000628170,false,צלי כתף מס' 5 חלק בר,,,צלי כתף מס' 5 חלק בר,קילוגרמים,1.00,"ק""ג",true,,69.90,69.9000,true,1,468457
7290000646299,false,פילה נסיכת הנילוס קפוא,,ZA,פילה נסיכה 100% דגי,קילוגרמים,1.00,"ק""ג",true,,69.90,69.9000,true,1,370283
7290000654546,false,פילה אמנון קפוא 100% דג,תנובה,IL,פילה אמנון 7-9 100%,קילוגרמים,1.00,"ק""ג",true,,39.90,39.9000,true,1,306435
7290000655376,false,פילה דניס קפוא 100%,,TR,פילה דניס קפוא,קילוגרמים,1.00,"ק""ג",true,,89.90,89.9000,true,1,120673
7290000658926,false,פילה מרלוזה קפוא 100% דג,תנובה,,פילה מרלוזה קפוא 100,קילוגרמים,1.00,"ק""ג",true,,32.90,32.9000,true,1,159368
7290000659312,false,פילה סלמון פרימיום דגי תנובה,PEQUERA DEL,IL,דגי תנובה פילה סלמון,קילוגרמים,1.00,"ק""ג",true,,79.90,79.9000,true,1,81699
7290000662213,false,נתח פילה סלמון קפוא,,,נתח פילה סלמון קפוא,קילוגרמים,1.00,"ק""ג",true,,89.90,89.9000,true,1,190417
7290000662817,false,תנובה סלמון מעושן 100 גרם,,צ'ילה (TDE),סלמון מעושן פרוס 100,,100.00,יח',false,,21.90,0.2190,true,1,346195
7290000663036,false,פילה אמנון קפוא ללא עור 100% דג תנובה,תנובה,IL,פילה אמנון ללא עור 1,קילוגרמים,1.00,"ק""ג",true,,44.90,44.9000,true,1,370268
7290000663135,false,קוביות סלמון 100% דג קפוא 300 גרם,תנובה,IL,קוביות סלמון 300 גרם,,300.00,יח',false,,32.90,0.1097,true,1,391311
7290000663166,false,דג פילה הייק דרום אפריקאי,,,פילה הייק דרום אפריק,קילוגרמים,1.00,"ק""ג",true,,49.90,49.9000,true,1,391296
7290000680123,false,כנפיים עוף טרי ארוז,,,כנפיים עוף טרי ארוז,קילוגרמים,1.00,"ק""ג",true,,12.90,12.9000,true,1,183663
7290000680130,false,שוקיים עוף טרי ארוז,,,שוקיים עוף טרי ארוז,קילוגרמים,1.00,"ק""ג",true,,34.90,34.9000,true,1,183664
7290000680185,false,פילה עוף טרי ארוז,,,פילה עוף טרי ארוז,קילוגרמים,1.00,"ק""ג",true,,35.90,35.9000,true,1,183667
7290000680451,false,כבד עוף טרי ארוז.,,,כבד עוף טרי ארוז.,קילוגרמים,1.00,"ק""ג",true,,23.90,23.9000,true,1,183662
7290000680475,false,לבבות עוף טרי ארוז,,,לבבות עוף טרי ארוז,קילוגרמים,1.00,"ק""ג",true,,29.90,29.9000,true,1,183670
7290000681373,false,גרון עוף טרי מחפוד א,,,גרון עוף טרי מחפוד א,קילוגרמים,1.00,"ק""ג",true,,7.90,7.9000,true,1,183579
7290000688374,false,"שישיית מי עדן קטקטים 250 מ""ל","מי עדן בע""מ",IL,"מי עדן בייבי 330 מ""ל",ליטרים,1.98,ליטר,false,,16.90,8.5354,true,1,66577
7290000688381,false,שישיית מי עדן פקק ספורט 0.5 ליטר,"מי עדן בע""מ",IL,מי עדן פקק ספורט 6*5,ליטרים,3.00,ליטר,false,,15.90,5.3000,true,1,66578
7290000692210,false,אג'קס ניקוי כללי לוונדר 2ל',הנסיך- מפעל לייצור ט,GR,אג'קס ניקוי כללי ורצ,ליטרים,2.00,ליטר,false,,24.90,12.4500,true,1,77172
7290000692227,false,נוזל כלים פלמוליב צילינדר קלאסי 1 ליטר,יבואן ומשווק: ש. שסט,GR,פלמוליב לכלים קלאסי-,יחידה,0.00,יחידה,false,,14.90,0.0000,true,1,77173
7290000725600,false,סקנדינבית חריץ מע.,,,סקנדינבית חריץ מע.,קילוגרמים,1.00,"ק""ג",true,,82.00,82.0000,true,1,80751
7290000803067,false,"אלמקס משחת שיניים לילדים 75 מ""ל",הנסיך- מפעל לייצור ט,PL,משחת שיניים לילדים א,,75.00,,false,,16.90,0.2253,true,1,77180
7290000803180,false,מרידול מי פהשטיפה דנטלית 400 מל,קולגייט פלמוליב,,מי פה דנטלית מרידול,,400.00,,false,,32.90,0.0822,true,1,77181
7290000835954,false,פילה אמנון 5-7 בוואק,,,פילה אמנון 5-7 בוואק,קילוגרמים,1.00,"ק""ג",true,,32.90,32.9000,true,1,285287
7290000900313,false,פסט. ספרדית ט.צבי מע,,,פסט. ספרדית ט.צבי מע,קילוגרמים,1.00,"ק""ג",true,,89.00,89.0000,true,1,80423
7290000907970,false,פסטרמה כפרית טירת צב,,,פסטרמה כפרית טירת צב,קילוגרמים,1.00,"ק""ג",true,,53.00,53.0000,true,1,80427
7290000910291,false,פלפל צ`ילי,,,פלפל צ`ילי,,100.00,יח',false,,7.90,0.0790,true,1,56214
7290000973149,false,פיקדון בקבוק בירה רי,,,פיקדון בקבוק בירה רי,יחידה,0.00,יחידה,false,,1.20,0.0000,true,1,64460
7290000982393,false,סיימן ברס בלו במשקל,,,סיימן ברס בלו במשקל,קילוגרמים,1.00,"ק""ג",true,,199.00,199.0000,true,1,72027
7290001041260,false,שומשום מיה 400 גרם,מיה,IL,שומשום מיה 400 גרם,,400.00,יח',false,,13.90,0.0348,true,1,69977
7290001121238,false,קורנדביף יחיעם 180 ג',יחיעם,IL,יחיעם קורנד ביף 180,,180.00,100 גרם,false,,27.90,0.1550,true,1,70714
7290001121849,false,יחיעם פסטרמה הודו טב,פ.פ.ח. שאביט,IL,יחיעם פסטרמה הודו טב,,250.00,100 גרם,false,,29.90,0.1196,true,1,70719
7290001121979,false,יחיעם סלמי הרץ 150ג,תאי פרזידנט פוד פאבל,IL,יחיעם סלמי הרץ 150ג,,150.00,100 גרם,false,,27.90,0.1860,true,1,70723
7290001123775,false,שווארמה פרגיות 500 ג',"טיבול ויל אחזקות בע""",IL,שווארמה פרגיות 500 ג,,500.00,יח',false,,27.90,0.0558,true,1,72223
7290001123782,false,שווארמה הודו 500 גרם,טיבון ויל,IL,שווארמה הודו 500 גרם,,500.00,יח',false,,27.90,0.0558,true,1,72224
7290001136294,false,"שמפו נקה 7 לשיער יבש אדום 750מ""ל",גוד פוד פרודקטס S.p,IL,שמפו יבש אדום נקה 7,,750.00,,false,,12.90,0.0172,true,1,85493
7290001136799,false,נקה 7 תחליב רחצה ארומה ורוד יסמין 1 ל',מיוצר בסין.יבוא ושיו,IL,תחליב רחצה ורד ויסמי,יחידה,0.00,יחידה,false,,16.90,0.0000,true,1,85498
7290001136973,false,נקה 7 תחליב רחצה ארומה קמומיל לבן 1 ל',טרופיקל דגיל תעשיות,IL,תחליב רחצה קמומיל נק,יחידה,0.00,יחידה,false,,16.90,0.0000,true,1,85499
7290001201602,false,תבנית ביצים 18 L,,,18ביצים L מ.לסר,יחידה,0.00,יחידה,false,,18.07,0.0000,true,1,429548
7290001201619,false,תבנית ביצים 18 יחידות M,,,18 ביצים M מ.לסר,יחידה,0.00,יחידה,false,,16.72,0.0000,true,1,157913
7290001201824,false,תבנית ביצים 12 יח' לארג' אורגני,,,12 ביצים L אורגני מ,יחידה,0.00,יחידה,false,,24.90,0.0000,true,1,68994
7290001201855,false,ביצים לארג' אומגה 12 יח',,,12ביצים L אומגה 3 מ,יחידה,0.00,יחידה,false,,23.90,0.0000,true,1,157103
7290001201862,false,ביצי חופש לארג' 12 יחידות,,,12 ביצים חופש L מ. ל,יחידה,0.00,יחידה,false,,21.90,0.0000,true,1,68996
7290001201893,false,ביצים אומגה M 12 יח,,,12 ביצים M אומגה 3,יחידה,0.00,יחידה,false,,18.90,0.0000,true,1,157104
7290001216040,false,טחינה 500 גרם טחינת אל-ארז,דולפין ספא,IL,טחינה אל ארז 100% שו,,500.00,יח',false,,18.90,0.0378,true,1,91573
7290001230331,false,סיגריות כאמל בוקס חפ,JTI,,כאמל בוקס קופסא בודד,יחידה,0.00,יחידה,false,,33.00,0.0000,false,1,59276
7290001231932,false,ווינסטון כחול בוקס חפיסה,JTI,,וינסטון קופסא בודדת,יחידה,0.00,יחידה,false,,34.00,0.0000,false,1,59281
7290001245729,false,ג'ל כביסה ירוקה טאצ 3 ליטר סלקט,,,ג'ל כביסה ירוק 3 ליט,ליטרים,1.00,ליטר,false,,19.90,19.9000,true,1,209833
7290001245736,false,ג'ל כביסה כחול טאצ' 3 ליטר סלקט,,,ג'ל כביסה כחול 3 ליט,ליטרים,1.00,ליטר,false,,19.90,19.9000,true,1,209834
7290001245958,false,מרכך כביסה ורוד טאצ' 4 ליטר,,,מרכך כביסה טאצ' ורוד,ליטרים,4.00,ליטר,false,,15.90,3.9750,true,1,209843
7290001245965,false,מרכך כביסה כחול טאצ' 4 ליטר,,,מרכך כביסה טאצ' כחול,ליטרים,4.00,ליטר,false,,15.90,3.9750,true,1,209844
7290001245972,false,מרכך כביסה לבן טאצ' 4 ליטר,,,מרכך כביסה טאצ' לבן,ליטרים,4.00,ליטר,false,,15.90,3.9750,true,1,209845
7290001246054,false,פותח סתימות 1 ליטר טאצ,סאסאטק,IL,פותח סתימות 1 ליטר ט,ליטרים,1.00,ליטר,false,,15.90,15.9000,true,1,209847
7290001246061,false,מרכך מרוכז פרפיום פנטזי טאצ 1ל',,,מרכך פרימיום פנטזי 1,ליטרים,1.00,ליטר,false,,14.90,14.9000,true,1,209848
7290001246078,false,מרכך מרוכז פרפיום סנשואל טאצ' 1 ל',,,מרכך פרימיום סנשואל,ליטרים,1.00,ליטר,false,,14.90,14.9000,true,1,209849
7290001246528,false,מרכך כביסה מרוכז פרפיום מיסטרי טאצ' 1 ל',,,מרכך כביסה מרוכז פרפ,ליטרים,1.00,ליטר,false,,14.90,14.9000,true,1,251857
7290001247068,false,קרטונית נקטר ספרינג תות בננה 1 ליטר,"יפאורה תבורי בע""מ",IL,ספרינג תות בננה קרטו,ליטרים,1.00,ליטר,false,,7.90,7.9000,true,1,66583
7290001247082,false,קרטונית נקטר ספרינג עגבניות 1 ליטר,"יפאורה תבורי בע""מ",IL,ספרינג עגבניות קרטונ,ליטרים,1.00,ליטר,false,,7.90,7.9000,true,1,66585
7290001247105,false,קרטונית נקטר ספרינג אפרסק 1 ליטר,"יפאורה תבורי בע""מ",IL,ספרינג נקטר אפרסק 1ל,ליטרים,1.00,ליטר,false,,7.90,7.9000,true,1,66587
7290001247112,false,קרטונית נקטר ספרינג לימונענע 1 ליטר,"יפאורה תבורי בע""מ",IL,ספרינג לימונענע קרטו,ליטרים,1.00,ליטר,false,,7.90,7.9000,true,1,66588
7290001247129,false,נקטר ספרינג תפוזים קרטונית 1 ל',"יפאורה תבורי בע""מ",IL,ספרינג תפוז קרטונית,ליטרים,1.00,ליטר,false,,7.90,7.9000,true,1,66589
7290001247143,false,נקטר ספרינג תפוחים קרטונית 1 ל',"יפאורה תבורי בע""מ",IL,ספרינג תפוח קרטונית,ליטרים,1.00,ליטר,false,,7.90,7.9000,true,1,66591
7290001274200,false,שלגון אבטיח על מקל פלדמן,פלדמן,IL,שלגון אבטיח על מקל 1,,100.00,יח',false,,6.90,0.0690,true,1,489649
7290001274231,false,שלגון פיסטוק פלדמן,,,שלגון פסים 75 גרם,,75.00,יח',false,,6.90,0.0920,true,1,484013
7290001274262,false,שלגון לוקס פלדמן,פלדמן,IL,שלגון לוקס 85 גרם,,85.00,יח',false,,9.50,0.1118,true,1,416131
7290001274279,false,שלגון גלית תות חלבי פלדמן,,,שלגון גלית תות חלבי,,70.00,יח',false,,5.90,0.0843,true,1,416196
7290001274293,false,סנקור XL ארוך 70 גרם,פלדמן,IL,סנקור XL ארוך 70 גרם,,70.00,יח',false,,7.90,0.1129,true,1,489605
7290001274583,false,גלידל בטעם שוקו פקאן,פלדמן,IL,גלידל בטעם שוקו פקאן,,450.00,יח',false,,23.90,0.0531,true,1,354979
7290001305188,false,פלמוליב כלים שקוף לימון 750 בקבוק חדש,יבואן ומשווק: ש. שסט,GR,פלמוליב לכלים פריחת,,750.00,,false,,12.90,0.0172,true,1,77185
7290001327180,false,גלידה וניל ציפ 1.33 ל' קרמיסימו,"גלידת שטראוס בע""מ, ר",IL,קרמיסימו וניל ציפ 1.,ליטרים,1.33,ליטר,false,,22.90,17.2180,true,1,59398
7290001327791,false,גלידת קרמיסימו וניל עוגיות חלבי,"גלידת שטראוס בע""מ, ר",IL,קרמיסימו עוגיות 1.33,ליטרים,1.33,ליטר,false,,22.90,17.2180,true,1,59402
7290001407127,false,פרוסות חלבה קלאסית וניל 400 גרם,,,פרוסות חלבה וניל באר,,400.00,יח',false,,19.90,0.0497,true,1,75070
7290001407547,false,טחינה גולמית משומשום מלא פי 6 בארכה 500ג',רושדי תעשיות מזון בע,IL,בארכה טחינה שומשום מ,,500.00,יח',false,,19.90,0.0398,true,1,75074
7290001407936,false,טחינה גולמית מעודנת לחיץ בארכה 310ג',רושדי תעשיות מזון בע,IL,בארכה טחינה מעודנת 3,,310.00,יח',false,,14.90,0.0481,true,1,75082
7290001419618,false,וופל בלגי עלמה שחור לבן וניל 200ג',גילרו,,וופל עלמה בלגי שוקו,,200.00,100 גרם,false,,4.90,0.0245,true,1,101724
7290001419779,false,וופל שוקו' עלמה קלאסי 200 גר,"גילרו בע""מ",,וופל עלמה קלאסי 200,,200.00,100 גרם,false,,4.90,0.0245,true,1,178726
7290001436790,false,נקנקיות מרגז מיני אקסטרה חריף ארוז בלדי 500 ג',יוליניבר,IL,מרגז מיני אקסטרה חרי,,500.00,יח',false,,31.90,0.0638,true,1,429551
7290001459928,false,גזר גמדי בלדי 800 גר',,,גזר גמדי בלדי 800 גר,,800.00,יח',false,,12.90,0.0161,true,1,528804
7290001459935,false,"אפונה 800 גר' בד""ץ (ממותג)",,,אפונה בלדי 800 גרם,,800.00,יח',false,,12.90,0.0161,true,1,528755
7290001459942,false,"אפונה וגזר 800 גר' בד""ץ (ממותג)",,,אפונה וקוביות גזר בל,,800.00,100 גרם,false,,12.90,0.0161,true,1,528771
7290001485019,false,גבינת שמנת 5% טעם טבעי 200 ג' טרה,טרה,IL,טרה גבינת שמנת טבעי,,200.00,100 גרם,false,,11.90,0.0595,true,1,61522
7290001491010,false,תה ירוק יסמין 25 שקיקים 1.5 גרם,HIQ FOOD PRODUCTS,IL,תה ירוק עם יסמין T.T,,37.50,100 גרם,false,,26.90,0.7173,true,1,79792
7290001491096,false,תה ירוק בתוספת לימונית ולואיזה 50 שקיקים ויסוצקי,ויסוצקי,IL,תה ירוק בתוספת לימונ,,75.00,יח',false,,49.50,0.6600,true,1,79793
7290001552025,false,הקוסקוס של אמא קפוא 800 גר,,,קוסקוס 800גר,,800.00,100 גרם,false,,17.90,0.0224,true,1,176677
7290001567760,false,פסטרמה של פעם 300 ג' יחיעם,פ.פ.ח. שאביט,IL,פסטרמה של פעם 300 גר,,300.00,יח',false,,29.90,0.0997,true,1,70731
7290001567814,false,סלמי מעושן בסגנון איטלקי 300 ג' יחיעם,פ.פ.ח. שאביט,IL,סלמי מעושן בסגנון אי,,300.00,100 גרם,false,,26.90,0.0897,true,1,70736
7290001591734,false,מרגז נקניקיה בסגנון מרוקאי 500 ג' טיבון ויל,,,נקניקיות מרגז בסגנון,,500.00,יח',false,,24.90,0.0498,true,1,463308
7290001594025,false,"קוקה קולה זכוכית 350 מ""ל",החברה המרכזית לייצור,IL,קוקה קולה קלאסי 350,,350.00,,false,,7.50,0.0214,true,1,61993
7290001594179,false,פאנטה אורנג בקבוק 50,החברה המרכזית לייצור,IL,פאנטה אורנג' 500 בקב,,500.00,"100 מ""ל",false,,7.90,0.0158,true,1,61534
7290001594858,false,"טובורג רד שישייה בקבוק 330 מ""ל",קרלסברג ישראל,,טובורג רד בקבוק פקדו,ליטרים,1.98,ליטר,false,,44.90,22.6768,true,1,123850
7290001594865,false,"קרלסברג שישיה בקבוק 330 מ""ל",קרלסברג ישראל,,קרלסברג בירה בקבוק 6,ליטרים,1.98,ליטר,false,,44.90,22.6768,true,1,123851
7290001670057,false,כפיות חד פעמי 100 יח,הנמל אריזות ושיווק ב,IL,.סכום ח.פ.כפיות 100י,יחידה,0.00,יחידה,false,,13.90,0.0000,true,1,62724
7290001670064,false,סכינים חד פעמי לבן 100 יח',,,סכינים 100יח,יחידה,0.00,יחידה,false,,13.90,0.0000,true,1,62725
7290001723357,false,מוצץ סילי אורטודנטי,הדקלאים אגודת שיתופי,DE,טוליפס זוג מוצץ סיל',יחידה,0.00,יחידה,false,,27.90,0.0000,true,1,54459
7290001780428,false,מאגדת גלידת לייט שוקולד נסטלה 6יח' 312ג',גלידות נסטלה (נגה גל,IL,נסטלה לייט 6 שלגוני,,312.00,100 גרם,false,,33.90,0.1087,true,1,71255
7290001780800,false,שלגון קראנץ ליבת נוגט שוקולד,נגה גלידות,,קראנץ' ליבת נוגט,יחידה,0.00,יחידה,false,,10.90,0.0000,true,1,71256
7290001791349,false,אקונומיקה פסגה ריחנית 4ליטר,"סנו מפעלי ברונוס בע""",IL,אקונומיקה ריחנית פסג,ליטרים,4.00,ליטר,false,,12.90,3.2250,true,1,85564
7290001865453,false,פמלי לקשרי 1ליטר לבנדר ארומטי+משאבה,מיוצר עי קונדיטוריית,TR,סבון נוזלי לבנדר+ מש,יחידה,0.00,יחידה,false,,11.90,0.0000,true,1,61027
7290001867600,false,"תפו""א בייבי פרימיום",,,"תפו""א בייבי פרימיום",קילוגרמים,1.00,"ק""ג",true,,7.90,7.9000,true,1,354950
7290001990117,false,שומשום סוגת 100 גרם,האי נאם סי או אל.טי.,IL,שומשום 100 גרם,,100.00,יח',false,,3.90,0.0390,true,1,73244
7290001990278,false,"שעועית לבנה סוגת 1 ק""ג",סוגת,,סוגת שעועית לבנה 1 ק,קילוגרמים,1.00,"ק""ג",false,,20.90,20.9000,true,1,73247
7290001990391,false,אפונה יבשה 1קג סוגת,,,"אפונה 1 ק""ג",קילוגרמים,1.00,"ק""ג",false,,14.40,14.4000,true,1,73249
7290002007234,false,אבקת סוכר 100 ג' הנמל,"מיוצר וארוז ע""י: ר.ס",IL,אבקת סוכר 100ג,,100.00,יח',false,,2.50,0.0250,true,1,62752
7290002007357,false,שקיות צליה דליקטס מיקרוגל הנמל 10 יח',,,שקיות לצליה דליקטס מ,יחידה,0.00,יחידה,false,,5.90,0.0000,true,1,62756
7290002007500,false,קיסמי שיניים במבוק בחבית 500 יח',הנמל אריזות ושיווק ב,IL,קיסמים חבית הנמל 500,,500.00,,false,,4.90,0.0098,true,1,62762
7290002007982,false,מזלגות חד פעמי 100 י,הנמל אריזות ושיווק ב,IL,מזלגות חד פעמי 100 י,יחידה,0.00,יחידה,false,,13.90,0.0000,true,1,62774
7290002007999,false,"צלחות גדולות ח""פ הנמל 50 יח'",,IL,צלחות גדול 50יח הנמל,יחידה,0.00,יחידה,false,,16.90,0.0000,true,1,62775
7290002008187,false,קשים לשתיה מתקפלים 40 יח',"איטיליאן פוד, אס.פי.",CN,קש לשתיה מתקפל 40יח,יחידה,0.00,יחידה,false,,2.50,0.0000,true,1,62788
7290002008224,false,סוכריות לקישוט צבעונית הנמל 100 ג',ממתקי עלה בעמ,IL,קישוט לעוגה גליד.,,60.00,יח',false,,6.90,0.1150,true,1,62790
7290002008347,false,קורנפלור 500 ג' הנמל,,,קורנפלור 500 גרם,,500.00,יח',false,,6.90,0.0138,true,1,62795
7290002008507,false,נייר אפייה 50 יח' הנמל,הנמל אריזות ושיווק ב,IL,נייר אפיה 50יח,יחידה,0.00,יחידה,false,,9.90,0.0000,true,1,62799
7290002008743,false,סוכר וניל 10*10 ג' הנמל,"מיוצר וארוז ע""י: ר.ס",IL,סוכר וניל 10*10 גרם,,100.00,יח',false,,3.90,0.0390,true,1,172222
7290002008750,false,אבקת אפיה הנמל מארז 10X10 ג',"מיוצר ע""י:ר.ס. חברה",IL,אבקת אפיה 10*10 גרם,,100.00,יח',false,,3.90,0.0390,true,1,62805
7290002057352,false,מלפפון במלח 7-9 560 ג' יבנה,אף.סי תבליני בגליל ב,IL,מלפפונים במלח 7-9 ק,,560.00,יח',false,,7.90,0.0141,true,1,107785
7290002057369,false,מלפפון במלח ‏12‏-‏10‏ 560 ג' יבנה,קדבורי,IL,מלפפון במלח 10-12 קב,,560.00,יח',false,,8.90,0.0159,true,1,107786
7290002057376,false,מלפפון במלח ‏17‏-‏13‏ 560 ג' יבנה,קבוצת יבנה,IL,מלפפון במלח 13-17 קב,,560.00,יח',false,,10.90,0.0195,true,1,107787
7290002057383,false,מלפפון במלח ‏25‏-‏18‏ 560 ג' יבנה,קדבורי,IL,מלפפון 18-25במלח קבו,,560.00,100 גרם,false,,13.90,0.0248,true,1,107788
7290002057451,false,מלפפון בחומץ ‏9‏-‏7‏ %‏20‏ 560 ג' יבנה,אף.סי תבליני בגליל ב,IL,מלפפון בחומץ 7-9 קבו,,560.00,יח',false,,7.90,0.0141,true,1,107790
7290002057628,false,טבעות זיתים מושחר יבנה 540 גרם,קדבורי,IL,זיתים טבעות מושחר קב,,275.00,יח',false,,9.90,0.0360,true,1,107796
7290002065555,false,לחמניה אנג'ל ארוכה שקית 6יח,מאפיית שלמה א. אנג'ל,IL,6 לחמניות רכות אנגל,,450.00,יח',false,,11.90,0.0264,true,1,126595
7290002065616,false,לחם שיפון גרעינים 750 ג' אנג'ל,מאפיית שלמה א. אנג'ל,IL,שיפון גרעינים אנגל 7,,750.00,יח',false,,14.90,0.0199,true,1,126596
7290002077725,false,סלומון נורווגי מצונן דלידג 100ג',,,סלמון מעושן 100 גרם,,100.00,יח',false,,22.90,0.2290,true,1,72257
7290002079033,false,לחם דגנים לייט פרוס 500 גר,מאפיית דוידוביץ ובני,IL,לחם דגנים לייט ללא ת,,500.00,יח',false,,16.90,0.0338,true,1,554241
7290002079156,false,5 פיתות 500 גרם,מאפיית דוידוביץ,,5 פיתות 500 גרם,,500.00,יח',false,,9.90,0.0198,true,1,560045
7290002079354,false,פרורים מוזהבים שקית,,,פרורים מוזהבים שקית,,200.00,יח',false,,5.90,0.0295,true,1,558110
7290002079996,false,לחם אחיד קל פרוס 750 ג',הנסיך- מפעל לייצור ט,IL,לחם אחיד קל מאפיית ד,,750.00,100 גרם,false,,16.90,0.0225,true,1,554958
7290002107385,false,גבינת מה עיזים בגליל צוריאל 180 ג',משק צוריאל,IL,צוריאל גליל גבינת עי,,180.00,100 גרם,false,,27.90,0.1550,true,1,61543
7290002107965,false,טבורוג גבינה לאפייה 5% צוריאל 500 ג',משק צוריאל,IL,צוריאל טבורוג גבינה,,500.00,100 גרם,false,,27.90,0.0558,true,1,61549
7290002109372,false,בורקס פילו אצבעות בולגרי 700 ג' שלושת האופים,,,בורקס פילו אצבעות בו,,700.00,יח',false,,21.90,0.0313,true,1,176781
7290002111085,false,"רוטב עגבניות 22% ""פרי מבורך"" 100 גרם",,,רוטב עגבניות 22% פרי,,100.00,יח',false,,2.50,0.0250,true,1,63804
7290002129455,false,פיצה איטלקית 450 ג,,,פיצה איטלקית 450 ג,,450.00,יח',false,,22.90,0.0509,true,1,176782
7290002130574,false,דבש טהור מפרחי בר בזכוכית 500 ג' יד מרדכי,מכוורת יד מרדכי שטרא,IL,דבש טהור מפרחי בר בצ,,500.00,100 גרם,false,,30.90,0.0618,true,1,77816
7290002204169,true,אגס נאשי מארז,,,אגס נאשי מארז,,500.00,יח',false,,14.90,0.0298,true,1,533678
7290002253105,false,מגשית קוביות שום טרי דורות 80 ג',דורות,IL,דורות מגשית קוביות ש,,80.00,יח',false,,15.90,0.1988,true,1,75846
7290002255055,false,פלאפל חטיפי אלקיים 7,,,פלאפל חטיפי אלקיים 7,,700.00,יח',false,,14.90,0.0213,true,1,123995
7290002255086,false,קובה ביתי במילוי בשר,,,קובה ביתי במילוי בשר,,700.00,יח',false,,23.90,0.0341,true,1,176126
7290002255215,false,עלים לסיגר 500ג,,,עלים לסיגר 500ג,,500.00,100 גרם,false,,11.90,0.0238,true,1,124002
7290002255284,false,"קובה חמוסטה בד""צ חטי",,,"קובה חמוסטה בד""צ חטי",,800.00,יח',false,,23.90,0.0299,true,1,176132
7290002263562,false,"מיץ לימון משומר 200 מ""ל",,,מיץ לימון משומר תבלי,,200.00,,false,,7.60,0.0380,true,1,281340
7290002277248,false,גבינת מון בלאן עם זעתר 120ג',,,גבינת מון בלאן זעתר,,120.00,יח',false,,13.90,0.1158,true,1,563829
7290002278528,false,כרית קרצוף לכלים שבת כלין 2 יח',,,כריות ניקוי כלים לשב,יחידה,0.00,יחידה,false,,8.90,0.0000,true,1,68849
7290002291046,false,המבורגר מסעדות קצבייה 4 יח'-480 ג',יוליניבר,IL,בלדי המבורגר מסעדות,,480.00,יח',false,,30.90,0.0644,true,1,171696
7290002317005,false,זיתים טבעות מושחר 560ג A2 מטולה,,,טבעות זיתים מושחרים,,560.00,יח',false,,12.50,0.0223,true,1,79383
7290002317128,false,מלפפון 560ג במלח 10-12 A2 מטולה,מוטולה,IL,מלפפון במלח 10-12 מו,,560.00,יח',false,,12.80,0.0229,true,1,79387
7290002317135,false,מלפפון 560ג במלח 13-17 A2 מטולה,מוטולה,IL,מלפפון במלח 13-17 מו,,560.00,יח',false,,12.50,0.0223,true,1,79388
7290002317173,false,מלפפון בחומץ 13-17 560ג A2 מטולה,מוטולה,IL,מלפפון בחומץ 13-17 מ,,560.00,יח',false,,12.50,0.0223,true,1,79391
7290002317265,false,מלפפון 650ג במלח +20% 7-9 A2 מטולה,מוטולה,IL,מלפפון במלח 20% 7-9,,670.00,יח',false,,11.40,0.0170,true,1,79397
7290002317296,false,פלפל חריף שיפקה 670ג 20%+A2 מטולה,,,פלפל שיפקה + 20% מוט,,550.00,יח',false,,10.90,0.0198,true,1,79399
7290002317326,false,זיתים מנזולינו 12-15 +20% 670ג A2 מטולה,,,זיתים מנזלינו 20% 12,,670.00,100 גרם,false,,12.50,0.0187,true,1,79402
7290002317357,false,פילפל שיפקה בצנצנת מ,,,פילפל שיפקה בצנצנת מ,,630.00,יח',false,,10.90,0.0173,true,1,79405
7290002317371,false,זיתים מושחר נטול גלעין 560ג A2 מטולה,מוטולה,IL,זיתים מושחרים נטולי,,560.00,יח',false,,12.50,0.0223,true,1,79407
7290002317579,false,זיתים טבעות ירוק 560ג A2 מטולה,מוטולה,IL,טבעות זיתים ירוקים מ,,560.00,יח',false,,12.50,0.0223,true,1,79419
7290002317616,false,זיתים מרינט 17-19 560ג A2 מטולה,,,זיתים חתוכים מרינט 1,,560.00,יח',false,,12.50,0.0223,true,1,79422
7290002317661,false,זיתים מנזלינו גדול מ,מוטולה,IL,זיתים מנזלינו גדול מ,,560.00,יח',false,,12.50,0.0223,true,1,79425
7290002319016,false,אבקת אפיה מיה מארז 10X10 ג',מיה,IL,אבקת אפיה 10 יח' מיה,,100.00,יח',false,,2.90,0.0290,true,1,105593
7290002319023,false,סוכר וניל מיה עשיריו,מיה,IL,1/10 סוכר וניל,,100.00,יח',false,,3.50,0.0350,true,1,105594
7290002319092,false,קמח תפוחי אדמה מיה 500 גר',,,קמח תפוחי אדמה מיה 5,,500.00,יח',false,,5.90,0.0118,true,1,69998
7290002319139,false,שעועית לבנה יבשה מיה 500 ג',מיה,IL,שעועית מיה 500 גרם,,500.00,יח',false,,10.90,0.0218,true,1,105601
7290002319160,false,אפונה ירוקה יבשה מיה 500 ג',מיה,IL,אפונה יבשה מיה 500 ג,,500.00,יח',false,,5.90,0.0118,true,1,105603
7290002319191,false,עדשים ירוקים יבשים מיה 500 גר',מיה,IL,עדשים ירוקים מיה 500,,500.00,יח',false,,7.90,0.0158,true,1,105606
7290002319207,false,כוסמת מיה 500 גרם,מיה,IL,כוסמת מיה 500 גרם,,500.00,יח',false,,9.90,0.0198,true,1,105607
7290002319375,false,"קורנפלור 200 ג' בד""ץ מיה",מיה,IL,קורנפלור 250 גר בד`ץ,,200.00,יח',false,,3.90,0.0195,true,1,70000
7290002319689,false,סודה לשתייה בקופסא 150 גר' מיה,,,סודה לשתיה 150 ג,,150.00,יח',false,,6.50,0.0433,true,1,105630
7290002319771,false,"תמצית אפיה וניל 50מ""ל מיה",מיה,IL,תמצית אפיה וניל,,50.00,,false,,2.90,0.0580,true,1,105635
7290002319825,false,אבקת סוכר 100 גר' מיה,מיה,IL,.אבקת סוכר 100 גר. ב,,100.00,יח',false,,2.90,0.0290,true,1,105637
7290002327042,false,"בורקס תפו""א 800 גרם שלושת האופים",TLV צ'יף,IL,"בורקס תפו""א 800 ג",,800.00,יח',false,,22.90,0.0286,true,1,72284
7290002327059,false,"בצק עלים 1 ק""ג שלושת האופים",,,בצק עלים 1 ק`ג,קילוגרמים,1.00,"ק""ג",false,,22.90,22.9000,true,1,72285
7290002331025,false,"מים מינרלים נביעות ספורט 500 מ""ל פקדון",נביעות טבע הגליל בעמ,IL,נביעות 1/2 ליטר ספור,,500.00,,false,,4.90,0.0098,true,1,61552
7290002331360,false,"נביעות מים מינרליים טו גו מארז 500X6מ""ל",נביעות,IL,נביעות TO GO שישייה,ליטרים,3.00,ליטר,false,,19.90,6.6333,true,1,62036
7290002331421,false,"מים אישי נביעות מארז שישייה* 755 מ""ל",נביעות,,נביעות 6*755מל,ליטרים,4.53,ליטר,false,,20.90,4.6137,true,1,61557
7290002331476,false,"נביעות בייבי מים מינרלים 250מ""ל",נביעות,,"נביעות בייבי 320 מ""ל",,320.00,,false,,2.90,0.0091,true,1,62037
7290002331483,false,שישיית מים נביעות בייב 330 מל,נביעות טבע הגליל בעמ,IL,נביעות בייבי 320*6 מ,ליטרים,1.92,ליטר,false,,15.90,8.2813,true,1,61558
7290002345015,false,סינטה דק דק אל גאוצ'ו 250ג' מינוט,"טיבון ויל אחזקות בע""",IL,סינטה דקדק 250 גרם,,250.00,יח',false,,15.90,0.0636,true,1,167237
7290002345022,false,אנטריקוט דק דק אל גאצ'ו 250ג' מינוט,"טיבון ויל אחזקות בע""",IL,אנטריקוט דקדק 250 ג,,250.00,יח',false,,15.90,0.0636,true,1,167238
7290002353836,false,סרדינים רוברט בשמן זית 115 גרם,קונסרבס פורטוגל נורט,PT,סרדינים רוברט בשמן ז,,120.00,יח',false,,10.90,0.0908,true,1,72304
7290002360285,false,תה פומפדור חליטת צמחים קמומיל 20 שק,טיקנה,DE,פומפדור חליטת קמומיל,,30.00,יח',false,,17.90,0.5967,true,1,77191
7290002371533,false,דקניקים סלסולי פסטרמה בדבש 120 ג' טירת צבי,הנסיך- מפעל לייצור ט,IL,טירת צבי סלסולי פסטר,,120.00,יח',false,,16.90,0.1408,true,1,80453
7290002371540,false,דקניקים קורנדביף 120 ג' טירת צבי,הנסיך- מפעל לייצור ט,IL,טירת צבי קורנדביף דק,,120.00,יח',false,,16.90,0.1408,true,1,172298
7290002374268,false,שמן חמניות מילומור 1 ליטר,,,שמן חמניות מילומור 1,ליטרים,1.00,ליטר,false,,13.90,13.9000,true,1,85112
7290002374312,false,"שמן קנולה מילומור 1 ל' עד""ח","נארז ע""י : א.ג. גילר",IL,שמן קנולה מילומור 1,ליטרים,1.00,ליטר,false,,12.90,12.9000,true,1,85113
7290002374640,false,שמן קנולה פלוס אומגה 3 1 ליטר עץ הזית,,,שמן קנולה פלוס אומגה,ליטרים,1.00,ליטר,false,,19.40,19.4000,true,1,85115
7290002404590,false,"היוצר בראשית מרלו 750 מ""ל ^^^",,,יין היוצר בראשית רזר,,750.00,"100 מ""ל",false,,41.90,0.0559,true,1,66889
7290002407348,false,"שמן זית כתית מעולה 750 מ""ל ג'השאן",,,שמן זית כתית מעולה ג,,750.00,,false,,34.90,0.0465,true,1,60491
7290002517269,false,תבלין פלפל שחור שלם 35ג',תות ממתקי איכות,IL,תבלין פלפל שחור שלם,,35.00,100 גרם,false,,10.90,0.3114,true,1,102737
7290002517726,false,תבלין מקלות קינמון 15ג',תות ממתקי איכות,IL,תבלין מקל קינמון טעם,,15.00,יח',false,,6.90,0.4600,true,1,102756
7290002542780,false,"שישייה בירה סטלה ארטואה בקבוק 330X6 מ""ל",סטלה,BE,סטלה ארטואה בקבוק 6*,ליטרים,1.98,ליטר,false,,40.90,20.6566,true,1,371912
7290002542797,false,"בירה לף בלונד בקבוק 330 מ""ל",לף,BE,בירה לף בלונד - בק',,330.00,,false,,12.90,0.0391,true,1,392392
7290002542810,false,"בירה הוגרדן בקבוק 330 מ""ל",הוגרדן,BE,בירה הוגרדן - בק' 33,,330.00,,false,,12.90,0.0391,true,1,392393
7290002543046,false,קלוגס פרוסטיס דגנים וסוכר 750ג',קלוג מנייופרטורינג א,ES,פרוסטיס דגני קלוגס 7,,750.00,יח',false,,21.90,0.0292,true,1,82839
7290002543237,false,קלוגס קורן פלקס 750 גרם,קלוגס קומפני אוף גרי,IL,קורנפלקס קלוגס 750 ג,,750.00,יח',false,,17.90,0.0239,true,1,82842
7290002692393,false,שמן קנולה מועשר1 ליטר-עץ הזית,,IL,שמן קנולה מועשר עץ ה,ליטרים,1.00,ליטר,false,,18.40,18.4000,true,1,85118
7290002692478,false,"שמן זית כתית מעולה 750מ""ל מעודן עץ הזית","מרקאולאו, ספרד.אבסה,",IT,שמן זית כתית מעולה מ,,750.00,,false,,37.90,0.0505,true,1,85120
7290002692782,false,"תרסיס שמן זית כתית מעולה עץ הזית 150 מ""ל","נארז ע""י : א.ג. גילר",IT,תרסיס שמן זית עץ הזי,,200.00,,false,,20.90,0.1045,true,1,85129
7290002703310,false,צנצנת דבש עין חרוד 5,,,צנצנת דבש עין חרוד 5,,500.00,יח',false,,24.90,0.0498,true,1,92580
7290002703358,false,צנצנת דבש עין חרוד 3,,,צנצנת דבש עין חרוד 3,,350.00,יח',false,,19.90,0.0569,true,1,92581
7290002703426,false,דבש לחיץ מכוורת 250,,,דבש לחיץ מכוורת 250,,250.00,יח',false,,14.90,0.0596,true,1,92583
7290002703617,false,סילאן 100% טבעי לחיץ,,,סילאן 100% טבעי לחיץ,,385.00,יח',false,,14.90,0.0387,true,1,195681
7290002703662,false,סילאן 100% טבעי צנצנ,,,סילאן 100% טבעי צנצנ,,900.00,יח',false,,21.90,0.0243,true,1,92584
7290002730262,false,פלמוליב כלים שקוף קלאסי 750 בקבוק חדש,יבואן ומשווק: ש. שסט,GR,פלמוליב לכלים קלאסי,,750.00,,false,,12.90,0.0172,true,1,77195
7290002730941,false,בלונס צמר גפן פרוס 100 ג',הנסיך- מפעל לייצור ט,GR,צמר גפן פרוס בלונס 1,,100.00,יח',false,,7.90,0.0790,true,1,77206
7290002730958,false,פלמוליב סבון מוצק? ירוק זית רביעייה * 100 ג',הנסיך- מפעל לייצור ט,TR,סבון מוצק ירוק זית פ,,400.00,יח',false,,17.90,0.0447,true,1,77207
7290002735007,false,"בצק עלים 1 ק""ג",,,"בצק עלים 1 ק""ג",קילוגרמים,1.00,"ק""ג",false,,14.90,14.9000,true,1,177311
7290002735014,false,ינון מלווח ארוז 800,ג'נרל מילס סאן אדריא,IL,ינון מלווח ארוז 800,,800.00,יח',false,,14.90,0.0186,true,1,177312
7290002735021,false,ינון גחנון ארוז 750,ג'נרל מילס סאן אדריא,IL,ינון גחנון ארוז 750,,750.00,יח',false,,14.90,0.0199,true,1,125470
7290002735274,false,גחנון אפוי ינון 600ג,ג'נרל מילס סאן אדריא,IL,ינון גחנון אפוי 600,,600.00,יח',false,,16.90,0.0282,true,1,177317
7290002753223,false,רביעייה סוכריות תפוז 4*16 ג' טיק טק,פררו,ZA,טיק טק תפוז 4/1,,64.00,יח',false,,12.90,0.2016,true,1,101904
7290002757511,false,קציצות דג לבישול דלידג 750ג',האי נאם סי או אל.טי.,IL,דלידג קציצות דג לביש,,750.00,יח',false,,35.90,0.0479,true,1,72348
7290002757542,false,איטריות קדאיף 400 גר,,,איטריות קדאיף 400 גר,,400.00,יח',false,,21.90,0.0547,true,1,72351
7290002757672,false,המבורגר מזרחי טיבון ויל 400ג',,,המבורגר 400גרם נטו,,400.00,יח',false,,14.90,0.0373,true,1,72353
7290002782735,false,"פנינה דאו' ספריי לגברים קלאסי, 150 מ""ל",,,דאו' לגבר פנינה רוזנ,,150.00,,false,,17.90,0.1193,true,1,74172
7290002782759,false,"פנינה קרם גוף רוזנבלום 400 מ""ל",א.ל ארמן,,קרם גוף מס' 2 פנינה,,400.00,"100 מ""ל",false,,28.90,0.0722,true,1,74174
7290002793311,false,שירות והחלפה מילוי גז 60 סודהסטרים,סודה סטרים,,מילוי למכשיר 50,יחידה,0.00,יחידה,false,,60.00,0.0000,true,1,172269
7290002805151,false,סיף פנטסטיק לרצפות בניחוח סחלבים 4ל',יוניליוור ישראל טיפו,IL,סיף פנטסטיק לרצפות ב,ליטרים,4.00,ליטר,false,,24.90,6.2250,true,1,65762
7290002814054,false,סנט מוריץ מתז אנטרטיק מתז 1 ליטר,קומפלקס כימיקלים,IL,אנטרקטיק במתז 1 ליטר,ליטרים,1.00,ליטר,false,,14.90,14.9000,true,1,200906
7290002814603,false,"סנט מוריץ - מרסס מסיר שומנים קר מבושם לימון 750 מ""ל",,,מסיר שומנים קר מבושם,,750.00,,false,,15.90,0.0212,true,1,194675
7290002814870,false,"סנט מוריץ - מרסס מסיר שומנים קר מבושם לוונדר\פרחים 750 מ""ל",,IL,מסיר שומנים קר מבושם,,750.00,,false,,15.90,0.0212,true,1,198282
7290002824183,false,גבינה לבנה 5% שומן 500 ג' שטראוס,מיוצר עי קונדיטוריית,IL,גבינה לבנה 5% סקי 50,,500.00,יח',false,,9.50,0.0190,true,1,78512
7290002824466,false,יוגורט דנונה ביו 0% 200 גרם,"שטראוס בריאות בע""מ",IL,דנונה יוגורט ביו 0%,,200.00,"100 מ""ל",false,,3.90,0.0195,true,1,78513
7290002824640,false,גבינה שטראוס 5% 250 ג',מיוצר עי קונדיטוריית,IL,גבינה 5% סקי 250 גרם,,250.00,יח',false,,4.98,0.0199,true,1,78514
7290002825722,false,סלט כרוב אדום אחלה,מיוצר עי קונדיטוריית,IL,אחלה כרוב אדום 500ג,,500.00,100 גרם,false,,16.90,0.0338,true,1,78516
7290002868996,false,קוטג' 5% מועשר טרה 250ג' מהדרין,טרה,IL,טרה קוטג מועשר 5% 25,,250.00,יח',false,,5.90,0.0236,true,1,61563
7290002871361,false,"קרלסברג בירה בק.חוזר 500 מ""ל",מבשלות בירה בינלאומי,IL,קרלסברג בירה בק.חוזר,,500.00,,false,,10.90,0.0218,true,1,62060
7290002881018,false,מעדן תות שדה 100% 284 גרם,,,סן מורנו מעדן תות שד,,284.00,100 גרם,false,,12.90,0.0454,true,1,80032
7290002881032,false,מעדן אוכמניות כחולות 100% 284 גרם,,,סן מורנו מעדן אוכמני,,284.00,יח',false,,12.90,0.0454,true,1,80034
7290002881254,false,קוקטייל פירות טרופי תומר 820 ג',סאנרייז,,קוקטייל טרופי תומר 8,,850.00,יח',false,,10.90,0.0128,true,1,80050
7290002881742,false,לבבות דקל פרוסות תומר 400 ג',,IL,לבבות דקל פרוסות תומ,,400.00,יח',false,,10.50,0.0263,true,1,80075
7290002881940,false,סרדינים מרוקאי בשמן חמניות 125ג' תומר,,,סרדין מרוקאי בשמן תו,,125.00,יח',false,,6.90,0.0552,true,1,80083
7290002900566,false,פסטרמה ברביקיו דל שומן טירת צבי 360 ג',הנסיך- מפעל לייצור ט,IL,פסטרמה ברביקיו דל שו,,360.00,יח',false,,35.90,0.0997,true,1,80458
7290002909972,false,שעועית ירוקה שלמה בלדי 800 גר',,,שעועית ירוקה שלמה מו,,800.00,יח',false,,12.90,0.0161,true,1,528882
7290002971955,false,"קמח שטיבל 650 ללא ניפוי 1 ק""ג",,,קמח לבן 650 ללא צורך,קילוגרמים,1.00,"ק""ג",false,,9.90,9.9000,true,1,64411
7290002971993,false,"קמח כוסמין מס 14 ללא ניפוי 1 ק""ג",,IL,קמח כוסמין מלא ללא צ,קילוגרמים,1.00,"ק""ג",false,,15.90,15.9000,true,1,142244
7290002973676,false,"קמח שטיבל לחלה 18 ללא ניפוי 1 ק""ג",,,קמח לחלה ללא צורך בנ,קילוגרמים,1.00,"ק""ג",false,,9.90,9.9000,true,1,315852
7290002986652,false,גטניו פתי בר שוקו 470 גרם,"אחים גטניו בע""מ",,גטניו - פתיבר שוקו 4,,470.00,יח',false,,9.90,0.0211,true,1,192677
7290002987963,false,"סלט חומוס אחלה 1 ק""ג",מיוצר עי קונדיטוריית,IL,אחלה חומוס 1קג,קילוגרמים,1.00,"ק""ג",false,,15.90,15.9000,true,1,78517
7290003009336,false,קבוקים מצופים קליית,הדקלאים אגודת שיתופי,IL,קבוקים מצופים 200 גר,,200.00,יח',false,,6.90,0.0345,true,1,176479
7290003009640,false,מיץ סחוט תפוזים 1 ל' פריגת,גת,IL,פריגת סחוט מיץ תפוזי,ליטרים,1.00,ליטר,false,,16.90,16.9000,true,1,61579
7290003026036,false,"ד""ר פישר - קמיל בלו סנסיטיב אל סבון עדין לתינוק 1 ליטר",,,קמיל בלו סנסיטיב מוע,יחידה,0.00,יחידה,false,,34.90,0.0000,true,1,84868
7290003026227,false,"ד""ר פישר - קמיל בלו סנסיטיב שמפו אלדמע 1 ליטר",,,קמיל בלו סנסיטיב שמפ,יחידה,0.00,יחידה,false,,34.90,0.0000,true,1,84870
7290003026319,false,משחה לתינוק קמיל בלו סנסיטיב 120 גר,,,קמיל משחה לתינוק 120,,120.00,יח',false,,20.90,0.1742,true,1,84872
7290003029181,false,משקה יטבתה שוקו' בקבוק 1ל מהדרין,מחלבת יטבתה,IL,יטבתה שוקו בקבוק 1ל,ליטרים,1.00,ליטר,false,,12.90,12.9000,true,1,78521
7290003029372,false,משקה חלב בננה בקבוק 1ל' יוטבתה,מחלבת יטבתה,IL,יטבתה משקה חלב בננה,ליטרים,1.00,ליטר,false,,12.90,12.9000,true,1,78524
7290003029389,false,"משקה חלב בננה פקק ספורט 250 מ""ל יוטבתה",שטראוס גרופ,IL,יטבתה משקה חלב בננה+,,250.00,,false,,5.90,0.0236,true,1,78525
7290003029433,false,"משקה יטבתה שוקו פקק 250 מ""ל מהדרין",מחלבת יטבתה,IL,יטבתה שוקו +פקק 250,,250.00,,false,,5.90,0.0236,true,1,78526
7290003029532,false,מוקה בקבוק 1 ל' יוטבתה,מחלבת יטבתה,IL,יטבתה מוקה 1ל,ליטרים,1.00,ליטר,false,,12.90,12.9000,true,1,78528
7290003029792,false,"משקה יטבתה שוקו שקיות מהדרין מארז 225X8מ""ל",שטראוס גרופ,,יטבתה מהדרין שוקו שק,ליטרים,1.80,ליטר,false,,21.90,12.1667,true,1,78530
7290003029815,false,חלב יוטבתה מועשר 3% בכד 2ל',מחלבת יטבתה,IL,חלב מועשר בכד2 ליטר,ליטרים,2.00,ליטר,false,,15.90,7.9500,true,1,78531
7290003029907,false,משקה יטבתה אייס קפה 1ליטר,מחלבת יטבתה,IL,יטבתה אייס קפה 1ל,ליטרים,1.00,ליטר,false,,12.90,12.9000,true,1,78533
7290003072859,false,רוסטביף טירת צבי 120 ג',הנסיך- מפעל לייצור ט,IL,רוסטביף טירת צבי 120,,120.00,יח',false,,23.90,0.1992,true,1,270790
7290003072965,false,קבנוס חריף מעושן טירת צבי 120 גרם,טירת צבי,IL,קבנוס חריף מעושן 120,,120.00,יח',false,,12.90,0.1075,true,1,345656
7290003102136,false,צמר גפן COTTON SOFT רפואי 100 גר' 3102136,הדקלאים אגודת שיתופי,TR,צמר גפן כוטון סופט 1,,100.00,יח',false,,5.90,0.0590,true,1,54465
7290003102976,false,צימרוני אוז' פל' בקופסה 200יח',הדקלאים אגודת שיתופי,CN,קיסמי אוזניים פלסטיק,יחידה,0.00,יחידה,false,,4.90,0.0000,true,1,147561
7290003107223,false,"סולת חיטה דגן 1 ק""ג",,,"סולת חיטה דגן 1 ק""ג",קילוגרמים,1.00,"ק""ג",false,,6.90,6.9000,true,1,124059
7290003107247,false,שטיבל שמרים יבשים 33,,,שטיבל שמרים יבשים 33,,33.00,יח',false,,5.90,0.1788,true,1,107812
7290003107315,false,"סולת דגן 1 ק""ג",,,"סולת דגן 1 ק""ג",קילוגרמים,1.00,"ק""ג",false,,4.90,4.9000,true,1,64420
7290003107346,false,קמח חיטה לבן דגן 1 ק,,,קמח חיטה לבן דגן 1 ק,קילוגרמים,1.00,"ק""ג",false,,4.90,4.9000,true,1,64422
7290003133123,false,לחם זהב עגול אוקראיני 750 ג',מאפיית דוידוביץ ובני,IL,לחם אוקראיני מיוחד ע,,750.00,יח',false,,14.90,0.0199,true,1,178936
7290003141159,false,יוגטה מרשמלו תות וניל 180 גרם,סאדאט,IL,יוגטה מרשמלו 180 גר',,180.00,יח',false,,8.90,0.0494,true,1,68273
7290003142422,false,גרעיני חמניה בשקית ללא מלח קליית גת 180 גרם,,,גרעיני חמניה ללא מלח,,180.00,יח',false,,6.90,0.0383,true,1,68279
7290003143146,false,ממרח תמרים קליית גת 450 גרם,הדקלאים אגודת שיתופי,IL,ממרח תמרים 450 גרם,,450.00,יח',false,,6.90,0.0153,true,1,68291
7290003143276,false,יוגטה מרשמלו מגולגל( 18בקר'),מוטקה החולב,IL,יוגטה מרשמלו מגולגל,,180.00,יח',false,,8.90,0.0494,true,1,68298
7290003144419,false,סילאן טבעי קליית גת 710 גרם,,IL,סילאן טבעי קלית גת 7,,710.00,יח',false,,30.90,0.0435,true,1,68322
7290003145751,false,קשיו קלוי קליית גת 200 גר,הדקלאים אגודת שיתופי,IL,קשיו קלוי 200 גרם,,200.00,יח',false,,21.90,0.1095,true,1,68356
7290003145782,false,צנוברים קלופים 100 ג,הדקלאים אגודת שיתופי,IL,צנובר טבעי 100 גרם,,100.00,יח',false,,27.90,0.2790,true,1,68358
7290003145959,false,פקאן טבעי 150 גרם קליית גת,קוד יצרן JG,IL,אגוז פקאן טבעי 150 ג,,150.00,יח',false,,21.90,0.1460,true,1,68359
7290003187843,false,טחון עגל 100% בשר 50,טיבון ויל אחזקות בעמ,IL,טחון עגל 100% בשר 50,,500.00,יח',false,,29.90,0.0598,true,1,72433
7290003189076,false,פיצרלה מגורדת אישית 500 גרם,,,פיצרלה חלבון צמחי,,500.00,יח',false,,20.90,0.0418,true,1,74327
7290003220533,false,"רוטב צ'ילי מתוק ווק 700 מ""ל",THAI COCONUT CO,,רוטב צ'ילי מתוק 700,,700.00,"100 מ""ל",false,,12.90,0.0184,true,1,101749
7290003220588,false,"רוטה צ'ילי מתוק ללא סוכר 700 מ""ל WOK",תאי פרידה אינדסטרי ב,,ווק רוטב צ'ילי מתוק,,700.00,,false,,19.90,0.0284,true,1,429737
7290003220977,false,עוגיות חצי ירח מצופה 175 נאפה מעדני מלך,אפיפית,IL,מעדני מלך ירח חצי מצ,,175.00,יח',false,,7.90,0.0451,true,1,352943
7290003229116,false,פסטרמה בדבש 400 גרםטירת צבי,הנסיך- מפעל לייצור ט,IL,א.מ פסטרמה בדבש 400,,400.00,יח',false,,31.90,0.0797,true,1,80468
7290003229147,false,נקניק סלמי איטלקי טירת צבי 300 ג',הנסיך- מפעל לייצור ט,IL,סלמי בסגנון איטלקי 3,,300.00,יח',false,,35.90,0.1197,true,1,80470
7290003229154,false,סלמי קוניאק מובחר טירת צבי 300 ג',הנסיך- מפעל לייצור ט,IL,א.מ. סלמי קוניאק מוב,,300.00,יח',false,,29.90,0.0997,true,1,80471
7290003229192,false,כתף בקר מעושן טירת צבי 400 ג' צבי,טיב טירת צבי 2000,IL,א.מ. כתף בקר מעושן 4,,400.00,יח',false,,34.90,0.0872,true,1,80473
7290003251308,false,אציטון משובח 100מל,שוורץ,,"אציטון משובח 100 מ""",,100.00,,false,,4.90,0.0490,true,1,76983
7290003268252,false,לחם חיטה מלא לילדים 750 ג' דגנית עין בר,יוניליוור גרמניה Gm,IL,לחם חיטה מלא ללא גרע,,750.00,יח',false,,14.90,0.0199,true,1,59742
7290003268429,false,לחם ירוק מקמח מלא 750 ג' דגנית עין בר,מולינו ניקולי s.p.a,IL,לחם מקמח מלא דגנית 7,,750.00,יח',false,,15.90,0.0212,true,1,59743
7290003287291,false,קבב טלה וצנובר קצביה ארוז 600 ג' - 8 יח',יוליניבר,IL,קבב טלה וצנובר קצביה,,600.00,יח',false,,31.90,0.0532,true,1,429789
7290003318100,false,וופל בטעם שוקולד מנעמים 200 ג',,,ופל שוקו מנעמים 200,,200.00,יח',false,,4.90,0.0245,true,1,79796
7290003318131,false,וופל שוקו זהב מנעמית 200ג',,,ופל אגוז מנעמים 200,,200.00,יח',false,,4.90,0.0245,true,1,178288
7290003318155,false,וופל טעם לימון מנעמים 200 ג',,,ופל לימון מנעמים 200,,250.00,יח',false,,4.90,0.0196,true,1,79798
7290003321155,false,יוגורט בר עם פקאן מצופה שוקולד 183 ג' דנונה,"שטראוס בריאות בע""מ",IL,דנונה קראנצ' ששבי פק,,183.00,"100 מ""ל",false,,4.90,0.0268,true,1,78534
7290003321292,false,גבינה לבנה 9% שומן 250 ג' שטראוס,מיוצר עי קונדיטוריית,IL,גבינה 9% סקי 250 גרם,,250.00,100 גרם,false,,4.90,0.0196,true,1,78535
7290003332007,false,קפה נחלה סובחי 250ג,סובחי נחלה ובניו,,קפה נחלה סובחי 250ג,,250.00,יח',false,,15.90,0.0636,true,1,90501
7290003387205,false,דאו' ספיד סטיק בסיסי ירוק רגיל לגבר 63ג',הנסיך- מפעל לייצור ט,US,דאו' סטיק ירוק לגבר,,63.00,יח',false,,22.90,0.3635,true,1,77208
7290003401369,false,"קרם לחות ועיצוב לשיער חוחובה נטורל 400 מ""ל",מיוצר עי אמיליה קוסמ,IL,קרם לחות ועיצוב לשיע,,400.00,,false,,22.90,0.0572,true,1,85603
7290003411276,false,עמבה הודית מובחרת הנמל 600ג',טרופיקל דגיל תעשיות,IL,עמבה מובחרת 500 גרם,,500.00,יח',false,,10.90,0.0218,true,1,62841
7290003414406,false,הרשי ריזס נטיפי אפייה בוטנים 283 גר',,,הרשי ריזס נטיפי אפיי,,283.00,יח',false,,16.90,0.0597,true,1,68360
7290003423909,false,חטיף הרשי קוקיס קרם לבן 43 גרם,הרשי,,קוקיז אנד קרים 43 גר,,43.00,יח',false,,4.90,0.1140,true,1,68051
7290003438006,false,ממרח אולביה פסטו וצנובר איטלקי 190ג',מיוצר עי קונדיטוריית,IL,אוליביה ממרח פסטו אי,,180.00,יח',false,,14.90,0.0828,true,1,58693
7290003438013,false,ממרח זיתים ירוקים אוליביה 190 גרם,,IL,אוליביה ממרח זיתים א,,190.00,יח',false,,14.90,0.0784,true,1,58694
7290003438709,false,ממרח אולביה זיתים שחורים וירוקים 190 ג',גוד פוד פרודקטס S.p,IL,אוליביה ממרח זיתים ש,,190.00,יח',false,,14.90,0.0784,true,1,58706
7290003438990,false,עיטורי עגבניות מיובשות וזיתים אוליביה 280 ג',אוליביה גורמה בעמ,IL,עיטורי עגבניות מיובש,,220.00,יח',false,,20.90,0.0950,true,1,58710
7290003444009,false,חטיף הרשי ריזס שוקולד חלב 42 גר,הרשי,,ריזס שוקולד חלב במיל,,42.00,יח',false,,3.90,0.0929,true,1,68053
7290003457991,false,טילון קורנטו וניל עם וופל ואגוזי לוז מסוכרים,"גלידת שטראוס בע""מ, ר",IL,מאגדת קורנטו קלאסיק,,300.00,100 גרם,false,,37.90,0.1263,true,1,59417
7290003514007,false,מנה שקדי מרק מנה 400 גרם,מנה,IL,שקדי מרק מנה 400 גרם,,400.00,יח',false,,10.90,0.0273,true,1,177431
7290003521081,false,"ד""ר פישר - סרקל שמפו לילדים 1 ליטר",,,סרקל שמפו לילדים 1 ל,ליטרים,1.00,ליטר,false,,31.90,31.9000,true,1,84877
7290003521166,false,"ד""ר פישר - סרקל קרם רוזמרין לילדים 325 מ""ל",,,סרקל קרם רוזמרין 325,,325.00,,false,,27.90,0.0858,true,1,84878
7290003521197,false,"ד""ר פישר - סרקל תרסיס מתיר קשרים 340 מ""ל",פישר מעבדות פרמצבטיו,IL,סרקל מתיר קשרים 340,,340.00,,false,,27.90,0.0821,true,1,84880
7290003570164,false,מינוט שווארמה פרגית 300 גרם,"בלדי בע""מ",IL,מינוט שוארמה פרגית 3,,300.00,יח',false,,31.90,0.1063,true,1,182013
7290003570928,false,קבב בלדי קצביה ארוז קפוא 500ג',בלאדי,IL,קבב בלדי קצביה ארוז,,500.00,יח',false,,31.90,0.0638,true,1,171956
7290003578177,false,תירס גמדי שלם ויליפוד 410 ג',מגסטיק פוד אידסטרי ק,TH,תירס גמדי שלם ויליפו,,210.00,יח',false,,7.90,0.0376,true,1,58201
7290003578672,false,שמן חמניות מזוכך ויליפוד 1 ל',גידה,TR,שמן חמניות 1 ליטר,ליטרים,1.00,ליטר,false,,15.90,15.9000,true,1,58206
7290003598311,false,מינוט סטייק חלק ריאה 300 ג',בלדי,IL,מינוט סטייק 300 גר'/,,300.00,יח',false,,37.90,0.1263,true,1,169769
7290003643004,false,"אורז בסמטי קלאסי 1 ק""ג סוגת",האי נאם סי או אל.טי.,IL,"סוגת אורז בסמטי 1 ק""",קילוגרמים,1.00,"ק""ג",false,,15.90,15.9000,true,1,73254
7290003643325,false,קוסקוס בינוני 350 גרם סוגת,סוגת,IL,קוסקוס בינוני סוגת 3,,350.00,יח',false,,5.90,0.0169,true,1,73263
7290003643387,false,"סוכר לבן בצנצנת 1 ק""ג סוגת",האי נאם סי או אל.טי.,IL,סוכר לבן בצנצנת סוגת,קילוגרמים,1.00,"ק""ג",false,,10.90,10.9000,true,1,73265
7290003643646,false,"סוכר דמררה קלאסי בצנצנת סוגת 1 ק""ג",האי נאם סי או אל.טי.,IL,סוכר דמררה בצנצנת חו,קילוגרמים,1.00,"ק""ג",false,,14.50,14.5000,true,1,73266
7290003643684,false,אפונה יבשה סוגת 500 גר',האי נאם סי או אל.טי.,IL,אפונה יבשה 500 גרם,,500.00,יח',false,,8.90,0.0178,true,1,73267
7290003643714,false,חומוס סוגת 500 גרם,האי נאם סי או אל.טי.,IL,חומוס 500 גרם,,500.00,יח',false,,8.90,0.0178,true,1,73269
7290003643738,false,חיטה סוגת 500 גרם,האי נאם סי או אל.טי.,IL,סוגת חיטה 500 גר,,500.00,יח',false,,5.90,0.0118,true,1,73270
7290003643752,false,עדשים ירוקים יבש סוגת 500 גר',האי נאם סי או אל.טי.,IL,עדשים ירוקות 500 גרם,,500.00,יח',false,,10.90,0.0218,true,1,73272
7290003643769,false,עדשים אדומים יבש סוגת 500 גר',"סוגת תעשיות בע""מ",IL,עדשים אדומות 500 גרם,,500.00,יח',false,,10.90,0.0218,true,1,73273
7290003643776,false,"פופקורן גרעינים סוגת 500 ג' כשל""פ",האי נאם סי או אל.טי.,IL,סוגת פופקורן 500 גרם,,500.00,יח',false,,5.90,0.0118,true,1,73274
7290003643783,false,קוקוס סוגת 100 גרם,האי נאם סי או אל.טי.,IL,קוקוס 100 גר,,100.00,יח',false,,3.90,0.0390,true,1,73275
7290003643806,false,שעועית לבנה יבשה סוגת 500 ג',האי נאם סי או אל.טי.,IL,שעועית לבנה 500 גרם,,500.00,יח',false,,12.90,0.0258,true,1,73276
7290003643813,false,שעועית אדומה יבשה סוגת 500 גר',האי נאם סי או אל.טי.,IL,שעועית אדומה 500 גרם,,500.00,יח',false,,12.90,0.0258,true,1,73277
7290003681303,false,שעועית מעורבת יבשה מיה 500 גר',מיה,IL,שעועית מעורבת 500 גר,,500.00,יח',false,,13.90,0.0278,true,1,105652
7290003681334,false,"קוקוס 400 ג' בד""ץ מיה",מיה,IL,קוקוס 400 גר. בדצ,,400.00,יח',false,,13.90,0.0348,true,1,105653
7290003681716,false,גריסי פנינה מיה 500 גר',מיה,IL,גריסי פנינה 500 גרם,,500.00,יח',false,,6.90,0.0138,true,1,105662
7290003706167,false,בצל ירוק ארוז,,,בצל ירוק ארוז,,1.00,,false,,5.90,5.9000,true,1,136249
7290003718627,false,פול ירוק 400 גרם (ממותג),,,פול ירוק בלדי 400 גר,,400.00,100 גרם,false,,12.90,0.0323,true,1,528820
7290003726141,false,טופו משק גאיה 300גרם,ג'נרל מילס סאן אדריא,IL,טופו משק גאיה 300ג,,300.00,יח',false,,16.30,0.0543,true,1,69792
7290003781850,false,גבינת קשקבל פרוסות 200 גרם,,ES,גבינת קשקבל פרוסות 2,,200.00,יח',false,,21.90,0.1095,true,1,406751
7290003864478,false,סרדינים בשמן צמחי ויליפוד 110ג' פתח קל,גולדן פרייז קאנינג א,TH,סרדין בשמן צמחי וילי,,110.00,יח',false,,6.50,0.0591,true,1,58214
7290003864485,false,סרדינים ברוטב עגבנ יות ויליפוד 110ג' פתח קל,גולדן פרייז קאנינג א,TH,סרדינים ברוטב עגבניו,,120.00,יח',false,,6.50,0.0542,true,1,58215
7290003864492,false,סרדינים בשמן צמחי חריף פתח קל ויליפוד 110ג',גולדן פרייז קאנינג א,TH,סרדין בשמן צמחי חריף,,120.00,יח',false,,6.50,0.0542,true,1,58216
7290003882922,false,עלי גפן ממולאים באורז ויליפוד 400ג',הזה פלאקספו פוד קו ב,CN,עלי גפן ממולאים באור,,360.00,יח',false,,9.90,0.0275,true,1,58221
7290003896141,false,חטיף ספרדי פיקנטי אלמנדוס 200 גרם,הדקלאים אגודת שיתופי,IL,אלמנדוס 200 גרם,,200.00,יח',false,,12.90,0.0645,true,1,176484
7290003989096,false,חציל פיקנטי אחלה 500 גרם,מיוצר עי קונדיטוריית,IL,אחלה חציל פיקנטי 500,,500.00,100 גרם,false,,16.90,0.0338,true,1,78536
7290003989539,false,לורנצו רביולי במילוי גבינה,מיוצר עי קונדיטוריית,IL,EAT GOOD רביולי גבינ,,400.00,יח',false,,22.90,0.0572,true,1,78537
7290003989553,false,"פסטה טורטליני פטריות, 400 גרם",מיוצר עי קונדיטוריית,IL,שטראוס טורטליני פטרי,,400.00,יח',false,,22.90,0.0572,true,1,125834
7290004011260,false,קפה עם תחליף חלב על,,,קפה עם תחליף חלב על,,426.00,,false,,10.90,0.0256,true,1,72468
7290004011277,false,"ריצ' לבישול והקרמה 220 מ""ל","אינסטנטה בע""מ",US,שמנת לבישול על בסיס,,220.00,,false,,9.90,0.0450,true,1,72469
7290004011284,false,"ריץ' בסיס להכנת קצפת 212 מ""ל",ריצ' פרודקטס קורפריי,US,ריצ בסיס להכנת קצפת,,212.00,,false,,9.90,0.0467,true,1,72470
7290004011338,false,"קצפת מתוקה מכונה 250 מ""ל ריץ'",האי נאם סי או אל.טי.,IT,ריצ קצפת במיכל 250מל,,250.00,,false,,12.90,0.0516,true,1,72472
7290004022309,false,M&M עדשי חמאת בוטנים,,,M&M עדשי חמאת בוטנים,,80.00,יח',false,,7.50,0.0938,true,1,158280
7290004030100,false,מיץ תפוזים סחוט ולנסיה 1 ליטר,,,מיץ תפוזים סחוט וולנ,ליטרים,1.00,ליטר,false,,16.80,16.8000,true,1,267922
7290004030445,false,פריניב סחוט טבעי תפוזים 1ליטר,פריניב בעמ,IL,פרי ניב תפוז סחוט 1ל,ליטרים,1.00,ליטר,false,,15.90,15.9000,true,1,96078
7290004043108,false,M&M עדשי שוקולד 89 ג,,,M&M עדשי שוקולד 89 ג,,89.00,יח',false,,7.50,0.0843,true,1,158281
7290004048679,false,"קובה למרק שלושת האופים 1 ק""ג",,,קובה למרק 1 קג שלושת,קילוגרמים,1.00,"ק""ג",false,,17.90,17.9000,true,1,176848
7290004063016,false,מלח שולחן מעולה דק 1,האי נאם סי או אל.טי.,IL,"מלח שולחן סלית 1 ק""ג",קילוגרמים,1.00,"ק""ג",false,,2.07,2.0700,true,1,70612
7290004063115,false,"מלח מטבח עבה להמלחת בשר ובישול 1 ק""ג 1ק""ג",האי נאם סי או אל.טי.,IL,מלח מטבח גס לבישול כ,קילוגרמים,1.00,"ק""ג",false,,2.07,2.0700,true,1,70613
7290004064228,false,מלח במטחנה אקסטרא תבלינים שום ופלפל 125 גר',,,מטחנת מלח אקסטרא תבל,,125.00,יח',false,,18.90,0.1512,true,1,189114
7290004064303,false,מלח אטלנטי בצנצנת מלח הארץ 800 גרם,,IL,מלח אטלנטי בצנצנת הא,,800.00,יח',false,,20.90,0.0261,true,1,201194
7290004064389,false,מלח הימלאיה דק מלחייה 250 גרם,,IL,מלח הימלאיה דק מלחיי,,250.00,יח',false,,11.90,0.0476,true,1,341766
7290004068035,false,"איירן יוגורט לשתייה 3% גד 500 מ""ל","מיוצר ע""י קוד יצרן M",IL,גד משקה איירן בסגנון,,500.00,יח',false,,10.60,0.0212,true,1,69795
7290004068172,false,יוגורט עזים בדלי 5% שומן 600 ג' גד,קוד יצרן MKN,IL,גד יוגורט עיזים 5% 6,,600.00,,false,,20.20,0.0337,true,1,69796
7290004078263,false,מקלות אוזניים פלסטיק 2* 200 יחידות,,,צמרונים בקופסא זוג ב,יחידה,0.00,יחידה,false,,12.90,0.0000,true,1,77236
7290004078270,false,נוזל כלים פלמוליב צילינדר לימון 1 ליטר,יבואן ומשווק: ש. שסט,GR,פלמוליב לכלים לימון-,יחידה,0.00,יחידה,false,,14.90,0.0000,true,1,77237
7290004102326,false,תרד לא שטוף,,,תרד לא שטוף,,180.00,יח',false,,11.90,0.0661,true,1,56340
7290004119133,false,כד יוגורט תנובה 6.5% שומן 1.5 ליטר,מיוצר עי קונדיטוריית,IL,יוגורט כדים תנובה 7%,ליטרים,1.50,ליטר,false,,19.80,13.2000,true,1,81127
7290004119225,false,יוגורט אננס 3% שומן 150 ג' יופלה,תנובה בעמ,IL,יופלה אננס 3% 150מל,,150.00,יח',false,,5.70,0.0380,true,1,81128
7290004119928,false,קרלו מעדן וניל רביעיות גביע 125 1.5%,מחלבת אלון תבור,IL,קרלו וניל 3% 125מל,,125.00,,false,,3.50,0.0280,true,1,81133
7290004119973,false,קרלו מעדן שוקו רביעיה גביע 125 1.5%,מחלבת אלון תבור,IL,קרלו שוקולדה 3% 125מ,,125.00,,false,,3.50,0.0280,true,1,81134
7290004120061,false,קרלו שוניל 3% 125 גרם,תנובה מרכז שיתופי לש,IL,קרלו שוניל 3% 125מל,,125.00,,false,,3.50,0.0280,true,1,81135
7290004120108,false,יופלה דיאט יוגורט דובדבן %0 גביע 150ג',תנובה בעמ,IL,יופלה דיאט דובדבן 0%,,150.00,,false,,5.60,0.0373,true,1,81138
7290004120566,false,גבינה בולגרית פיראוס 24% 250 גרם,תנובה,IL,פיראוס בולגרית 24% 2,,250.00,יח',false,,26.90,0.1076,true,1,81156
7290004120634,false,גבינה פיראוס בולגרית 5% 250 גרם,פ.פ.ח. שאביט,IL,פיראוס בולגרית 5% 25,,250.00,יח',false,,26.90,0.1076,true,1,81158
7290004120832,false,חלב תנובה טרי 3% מהדרין כד 2 ל',תנובה,IL,"חלב תנובה טרי 3% בד""",ליטרים,2.00,ליטר,false,,12.46,6.2300,true,1,81160
7290004121488,false,יופלה דיאט אפרסק 0% גביע 150 ג',תנובה בעמ,IL,יופלה דיאט אפרסק 0%,,150.00,,false,,5.60,0.0373,true,1,81165
7290004121853,false,גבינה בולגרית פיראוס 5% קוביות 200 גרם,תנובה,IL,פיראוס בולגרית בקובי,,200.00,יח',false,,23.90,0.1195,true,1,81172
7290004122119,false,פתיתי פרמזן לפסטה %23 100 ג' השף הלבן,פ.פ.ח. שאביט,IL,שף לבן פתיתי פרמזן ל,,100.00,יח',false,,14.90,0.1490,true,1,81176
7290004122195,false,"גבינת גוש חלב פרוס 28%, כשרות מהדרין, 200 ג'",תנובה,IL,גוש חלב פרוס 28% 200,,200.00,יח',false,,15.90,0.0795,true,1,81177
7290004122270,false,גבינה צהובה פרוס בקופסא %28 200 ג' עמק,תנובה מרכז שיתופי לש,IL,עמק פרוס סגירה חוזרת,,200.00,יח',false,,17.90,0.0895,true,1,81178
7290004122348,false,גבינת עמק לייט פרוס בקופסא 200 גרם,תנובה,IL,עמק לייט 9% 200ג,,200.00,יח',false,,18.80,0.0940,true,1,81180
7290004122676,false,גבינת חמד לייט 5% פיראוס 250 ג',"תנובה,מחלבת טנא נוגה",IL,פיראוס חמד לייט 5% 2,,250.00,יח',false,,20.90,0.0836,true,1,81184
7290004122683,false,חטיף גבינת אצבעות 28% 172 ג' עמק,פ.פ.ח. שאביט,IL,עמק אצבעות 172ג,,172.00,יח',false,,18.80,0.1093,true,1,81185
7290004124205,false,יוגורט דיאט תות %0 שומן 150 ג' יופלה,תנובה בעמ,IL,יופלה דיאט תות 0% 15,,150.00,,false,,5.60,0.0373,true,1,81200
7290004124847,false,"קצפת צמחית השף הלבן 500 מ""ל תנובה",סוי מג'יק,IL,שף לבן קצפת צמחית 24,,500.00,,false,,18.50,0.0370,true,1,81207
7290004125370,false,"שמנת חמוצה מופחתת שומן 9% 200 מ""ל",תנובה מרכז שיתופי לש,IL,תנובה שמנת מופחתת 9%,,200.00,,false,,4.10,0.0205,true,1,81211
7290004125400,false,"שלי אשל 4.5% תנובה 200מ""ל מהדרין",פארייפאבה אגרואינדוס,IL,"אשל 4.5% בד""צ מהדרין",,200.00,,false,,1.69,0.0084,true,1,81212
7290004125417,false,"שלי גיל 3% תנובה 200מ""ל מהדרין",תנובה מרכז שיתופי לש,IL,"גיל 3% בד""צ מהדרין",,200.00,,false,,1.51,0.0076,true,1,81213
7290004125455,false,"שמנת אורגינל15% תנובה 200 מ""ל",תנובה מרכז שיתופי לש,IL,תנובה שמנת אורגינל מ,,200.00,,false,,2.40,0.0120,true,1,81214
7290004125462,false,"שמנת אורגינל 15% מהדרין 500 מ""ל",תנובה,IL,תנובה שמנת חמוצה 15%,,500.00,,false,,6.00,0.0120,true,1,81215
7290004125509,false,"שמנת 15% חצי מנה 100 מ""ל תנובה",תנובה,IL,תנובה שמנת חצי מנה 1,,100.00,,false,,1.90,0.0190,true,1,81216
7290004125578,false,משקה סויה מעושר בסידן תנובה 1ל',סוי מג'יק,IL,משקה סויה תנובה מועש,ליטרים,1.00,ליטר,false,,13.50,13.5000,true,1,81217
7290004125585,false,משקה סויה וניל על הבוקר 1 ל',תנובה מרכז שיתופי לש,IL,סויה תנובה משקה סויה,ליטרים,1.00,ליטר,false,,13.50,13.5000,true,1,81218
7290004125721,false,"שמנת לבישול 15% שומן 250 מ""ל תנובה",תנובה מרכז שיתופי לש,IL,שף לבן שמנת לבישול 1,,250.00,,false,,8.90,0.0356,true,1,81221
7290004125738,false,שמנת מתוקה להקצפה32% 250מל עמיד השף הלבן,תנובה מרכז שיתופי לש,IL,שף לבן שמנת להקצפה 3,,250.00,,false,,7.20,0.0288,true,1,81222
7290004125776,false,גבינה צהובה עמק 28% 400 גרם בקופסא,תנובה,IL,עמק גבינה קשה פרוסה,,400.00,יח',false,,32.90,0.0822,true,1,81225
7290004126759,false,יופלה דיאט פירות יער %0 גביע 150 ג',תנובה בעמ,IL,יופלה דיאט פירות יער,,150.00,,false,,5.60,0.0373,true,1,81234
7290004126872,false,"שוקו תנובה בבקבוק 250 מ""ל תנובה",תנובה,IL,משקאות חלב תנובה שוק,,250.00,,false,,5.90,0.0236,true,1,81235
7290004127077,false,קוטג' 3% שומן 250 ג' תנובה,מיוצר עי קונדיטוריית,IL,קוטג תנובה 3% 250 ג,,250.00,יח',false,,5.80,0.0232,true,1,81236
7290004127329,false,קוטג' 5% תנובה 250ג' מהדרין,מיוצר עי קונדיטוריית,IL,קוטג' 5% תנובה מהדרי,,250.00,יח',false,,5.80,0.0232,true,1,81238
7290004127336,false,קוטג' 9% תנובה 250 ג' הדרין,מיוצר עי קונדיטוריית,IL,קוטג' תנובה מהדרין 9,,250.00,יח',false,,5.80,0.0232,true,1,81239
7290004127800,false,גבינה לבנה 5% שומן 500 ג' תנובה,מיוצר עי קונדיטוריית,IL,תנובה גבינה לבנה 5%,,500.00,יח',false,,9.96,0.0199,true,1,81243
7290004127817,false,גבינה לבנה 9% שומן 500 ג' תנובה,מיוצר עי קונדיטוריית,IL,תנובה גבינה לבנה 9%,,500.00,יח',false,,9.70,0.0194,true,1,81244
7290004127862,false,גבינה לבנה 5% שומן 750 ג' תנובה,מחלבת אלון תבור,IL,תנובה גבינה למריחה מ,,750.00,יח',false,,14.90,0.0199,true,1,172306
7290004128432,false,פתיתים מיוחדים לפיצה על בסיס גבינה 500 ג',תנובה,IL,שף לבן פתיתי גבינה מ,,500.00,יח',false,,23.90,0.0478,true,1,81258
7290004129101,false,גבינת שמנת 25% בטעם טבעי 225 ג' נפוליאון,מחלבת אלון תבור,IL,נפוליאון בטעם טבעי 2,,225.00,יח',false,,16.50,0.0733,true,1,81261
7290004129118,false,גבינת שמנת 24% עם זיתים ירוקים 225 ג' נפוליאון,מחלבת אלון תבור,IL,נפוליאון בטעם זיתים,,225.00,יח',false,,16.50,0.0733,true,1,81262
7290004129156,false,גבינת שמנת25% עם שום שמיר 225 ג' נפוליאון,מחלבת אלון תבור,IL,נפוליאון שום שמיר 25,,225.00,יח',false,,16.50,0.0733,true,1,81263
7290004129736,false,יוגורט במתיקות מעודנת 1.5% שומן 200 ג' יופלה,תנובה מרכז שיתופי לש,IL,יופלה קרם יוגרט מעוד,,200.00,,false,,4.90,0.0245,true,1,81266
7290004129767,false,יופלה מאגדת לבן 3% 8 יח' *150 ג',מחלבת אלון תבור,IL,יופלה לבן מאגדת 3% 8,קילוגרמים,1.20,"ק""ג",false,,19.90,16.5833,true,1,81267
7290004130794,false,משקה סויה טבעי במתיקות מופחתת 1 ליטר,סוי מג'יק,IL,סויה תנובה טבעי במתי,ליטרים,1.00,ליטר,false,,12.50,12.5000,true,1,81274
7290004130916,false,יוגורט 3% פירות יער בשמנת 150 ג' יופלה,תנובה בעמ,IL,יופלה בטעם פירות יער,,150.00,יח',false,,5.70,0.0380,true,1,81276
7290004131074,false,חלב תנובה 3% 1 ליטר קרטון מהדרין,תנובה מרכז שיתופי לש,IL,חלב תנובה הומוגני מה,ליטרים,1.00,ליטר,false,,6.23,6.2300,true,1,81281
7290004131814,false,גבינה צפתית 5% מעודנת 200 ג' פיראוס,פארייפאבה אגרואינדוס,IL,פיראוס צפתית מעודנת,,200.00,יח',false,,17.90,0.0895,true,1,81299
7290004132552,false,משקה סויה לייט בטעם טבעי טרי 1 ליטר,תנובה מרכז שיתופי לש,IL,סויה תנובה לייט בטעם,ליטרים,1.00,ליטר,false,,12.50,12.5000,true,1,81308
7290004132712,false,חטיף אצבעות גבינת מוצרלה 20% 172 ג' עמק,פ.פ.ח. שאביט,IL,עמק אצבעות מוצרלה 20,,174.00,יח',false,,18.80,0.1080,true,1,81312
7290004133511,false,יופלה מאגדת לבן 1.5% מעודן 8 יח' * 150 ג',מיוצר עי קונדיטוריית,IL,יופלה לבן מעודן 1.5%,ליטרים,1.20,ליטר,false,,23.90,19.9167,true,1,81325
7290004136598,false,מארז הפסקת אוכל עם קורנפלקס ומשקה חלב עמיד בטעם וניל,פארייפאבה אגרואינדוס,IL,מארז הפסקת אוכל חלב,,150.00,יח',false,,10.50,0.0700,true,1,81375
7290004136857,false,גלי בטעם פטל 125 גרם,תנובה מרכז שיתופי לש,IL,ג'לי תנובה פטל 125מל,,125.00,,false,,2.90,0.0232,true,1,81377
7290004136864,false,ג'לי תנובה אננס עם חתיכות אננס 125 ג',סוי מג'יק,IL,ג'לי תנובה אננס עם ח,,125.00,,false,,2.90,0.0232,true,1,81378
7290004136871,false,ג'לי תנובה אפרסק עם חתיכות אפרסק 125 ג',סוי מג'יק,IL,ג'לי תנובה אפרסק עם,,125.00,,false,,2.90,0.0232,true,1,81379
7290004137021,false,"שמנת לבישול 10% עמיד השף הלבן 250 מ""ל",תנובה מרכז שיתופי לש,IL,שף לבן שמנת לבישול 1,,250.00,,false,,8.90,0.0356,true,1,81381
7290004137311,false,גבינה צהובה לייט 9% שומן 400 ג' עמק,תנובה,IL,עמק לייט משפחתית 9%,,400.00,יח',false,,33.90,0.0847,true,1,81384
7290004137809,false,פיראוס לאבנה 5% גביע 250 גרם,"תנובה, מחלבת אלון תב",IL,פיראוס לאבנה 5% 250ג,,250.00,100 גרם,false,,14.90,0.0596,true,1,81387
7290004150129,false,טחינה פיקנטי פרימיום 300 גרם,,IL,טחינה ביתית 300 גרם,,300.00,יח',false,,15.90,0.0530,true,1,523184
7290004150211,false,תורכי איסטנבול 300 גרם פיקנטי פרימיום,,IL,סלט תורכי איסטנבול 3,,300.00,100 גרם,false,,15.90,0.0530,true,1,523193
7290004225285,false,גבינה בסגנון דנאבלו 100 ג',האי נאם סי או אל.טי.,DK,סגנון דנאבלו 100 גרם,,100.00,יח',false,,12.90,0.1290,true,1,72488
7290004230333,false,"מקלות בורקס פילו תפו""א שגב 600 גר",האי נאם סי או אל.טי.,IL,שגב מקלות בורקס פילו,,600.00,יח',false,,21.90,0.0365,true,1,124900
7290004324858,false,קבב כבש500 גר טי,"טיבון ויל אחזקות בע""",IL,קבב כבש 500 גרם,,500.00,יח',false,,24.90,0.0498,true,1,72541
7290004494131,false,"יין דלתון קברנה סובניון 750 מ""ל","איי, בי, אינבוו",IL,"קברנה דלתון 750 מ""ל",,750.00,,false,,63.90,0.0852,true,1,62348
7290004494148,false,יין דלתון מרלו 750 מל,"איי, בי, אינבוו",IL,מרלו 750 מל,,750.00,,false,,63.90,0.0852,true,1,62349
7290004537241,false,אפונת גינה קפואה 800,,,אפונת גינה קפואה 800,,800.00,יח',false,,15.90,0.0199,true,1,163853
7290004537326,false,לקט ירקות העונה 800,,,לקט ירקות העונה 800,,800.00,יח',false,,15.90,0.0199,true,1,162927
7290004537333,false,חומוס גרגירים 800 גר,,,חומוס גרגירים 800 גר,,800.00,יח',false,,15.90,0.0199,true,1,198693
7290004537357,false,גרעיני תירס 800 גר ש,,,גרעיני תירס 800 גר ש,,800.00,יח',false,,15.90,0.0199,true,1,162929
7290004584351,false,גבינה לבנה סימפוניה עם תוספות 200 ג' חמישית 200,"שטראוס בריאות בע""מ",IL,סימפוניה חמישית 200ג,,200.00,יח',false,,12.90,0.0645,true,1,78540
7290004584528,false,יוגורט דנונה ביו טבעי 1.7% 200 גרם,מיוצר עי קונדיטוריית,IL,דנונה יוגורט טבעי 1.,,200.00,"100 מ""ל",false,,3.90,0.0195,true,1,78541
7290004585907,false,דני ועדן וניל 1.5% 125ג' שטראוס,מיוצר עי קונדיטוריית,IL,דני וניל מהדרין 130מ,,130.00,"100 מ""ל",false,,2.90,0.0223,true,1,78542
7290004658946,false,יין שרדונה לבן יבש,"כד בני דרום בע""מ",IL,יין P.C שרדונה לבן,,750.00,,false,,44.90,0.0599,true,1,54090
7290004658960,false,יין ארמלד ריזלינג P.C לבן חצי יבש 750 מ,אגודת הכורמים הקואופ,IL,יין P.C אמרלד ריזל,,750.00,,false,,44.90,0.0599,true,1,54092
7290004731076,false,אל סבון אלוורה כיף 1 ל',טרופיקל דגיל תעשיות,IL,אלסבון אלוורה כיף 1,ליטרים,1.00,ליטר,false,,14.90,14.9000,true,1,85621
7290004731519,false,"מרכך ומבשם מקסימה למייבש אולטרה פרש 750 מ""ל סנו",,,סנו מקסימה למייבש סנ,,750.00,,false,,19.90,0.0265,true,1,85630
7290004731564,false,"סנו - מקסימה מרסס למייבש כביסה פריחה כחולה 750 מ""ל",סנו,IL,סנו מקסימה מבשם ומרכ,,750.00,,false,,19.90,0.0265,true,1,194723
7290004762063,false,פתיתים אפויים עגולים,,,פתיתים אפויים עגולים,,500.00,יח',false,,7.90,0.0158,true,1,558239
7290004762070,false,פתיתים אפויים אורז ד,,,פתיתים אפויים אורז ד,,500.00,100 גרם,false,,7.90,0.0158,true,1,558208
7290005008184,false,"פלמוליב - תחליב רחצה נטורלס שקדים 500 מ""ל",הנסיך- מפעל לייצור ט,TR,סבון נוזלי חלב שקדים,,500.00,,false,,17.90,0.0358,true,1,77244
7290005008191,false,"פלמוליב סבון נוזלי בניחוח ארומה סגול, 500 מ""ל",הנסיך- מפעל לייצור ט,TR,סבון נוזלי ארומה סגו,,500.00,,false,,17.90,0.0358,true,1,77245
7290005008481,false,ספיד סטיק - דאודורנט ג'ל לגבר ספורט 85 גרם,הנסיך- מפעל לייצור ט,US,דאודורנט ג'ל ספורט ס,,85.00,יח',false,,22.90,0.2694,true,1,77246
7290005095948,true,חנוכייה מתכת,,,חנוכייה מתכת,יחידה,0.00,יחידה,false,,11.90,0.0000,true,1,192863
7290005174513,false,חציל במיונז 500 ג' אחלה,מיוצר עי קונדיטוריית,IL,חציל במיונז אחלה 500,,500.00,100 גרם,false,,17.90,0.0358,true,1,78543
7290005174551,false,סלט חומוס עם צנוברים 125 ג' אחלה,מיוצר עי קונדיטוריית,IL,אחלה חומוס 125ג,,125.00,יח',false,,5.90,0.0472,true,1,78544
7290005174568,false,אחלה סלט חצילים יום 125 ג',"שטראוס גרופ בע""מ",IL,אחלה חציל במיונז 125,,125.00,יח',false,,5.90,0.0472,true,1,78545
7290005174575,false,טחינה אחלה יום יום משובחת 125ג',מיוצר עי קונדיטוריית,IL,אחלה טחינה 125גר,,125.00,יח',false,,5.90,0.0472,true,1,78546
7290005197758,false,עוגיות חיוכים שוקו שוקו 150ג',אפיפית נצרת (1971) ב,IL,חיוכים של שוקו,,150.00,יח',false,,6.50,0.0433,true,1,125749
7290005199288,false,גומי מאסט בטעם פטל לימון 28 ג' עלית,"שטראוס גרופ בע""מ",IL,מאסט פטל לימון 28 גר,,28.00,100 גרם,false,,4.90,0.1750,true,1,77833
7290005200786,false,תפוצ'יפס שמנת ובצל 50 גרם,"שטראוס פריטו ליי בע""",IL,תפוציפס שמנת ובצל 50,,50.00,יח',false,,4.90,0.0980,true,1,79075
7290005201455,false,קפה נמס ארומה קלאסי 200 גרם,"אינסטנטה בע""מ",PL,ארומה קפה נמס 200 גר,,200.00,יח',false,,24.90,0.1245,true,1,77842
7290005201882,false,קפה טורקי עלית 200 גרם,הנסיך- מפעל לייצור ט,IL,טורקי עלית 200 גר',,200.00,יח',false,,18.90,0.0945,true,1,77844
7290005287206,false,טונה סטארקיסט בשמן רביעיות 4*160 גר,"סטארקיסט פודור בע""מ",,טונה בשמן סטארקיסט ר,,640.00,יח',false,,25.90,0.0405,true,1,82081
7290005287251,false,טונה סטארקיסט במים רביעיות 4*160 גר,"איטיליאן פוד, אס.פי.",,טונה במים סטארקיסט ר,,640.00,יח',false,,25.90,0.0405,true,1,82084
7290005296246,false,"פותח סתימות דריין אאוט 946 מ""ל יעקבי",יוליניבר,US,יעקבי פותח סתימות אק,,946.00,,false,,31.90,0.0337,true,1,66461
7290005296260,false,"אסטוניש ספריי רסס ונגב לניקוי כללי 750 מ""ל",פרח,IL,אסטוניש רסס ונגב 750,,750.00,,false,,14.90,0.0199,true,1,66462
7290005326523,false,ממרח פסטו פטרוזיליה ונענע אוליביה 180 גר,,,אוליביה ממרח פסטו פט,,180.00,יח',false,,14.90,0.0828,true,1,172209
7290005403972,false,תחתיות ארטישוק 400 ג,,,תחתיות ארטישוק 400 ג,,400.00,יח',false,,17.90,0.0447,true,1,168915
7290005423253,false,"סנו - מקסימה מרסס למייבש כביסה אולטרה פרש 750 מ""ל","סנו מפעלי ברונוס בע""",IL,סנו מקסימה למייבש או,,750.00,,false,,19.90,0.0265,true,1,85653
7290005423499,false,"סנו נירוסטה אירוסול 500 מ""ל",מיוצר עי קונדיטוריית,IL,סנו נירוסטה אירוסול,,476.00,,false,,20.90,0.0439,true,1,85659
7290005423567,false,מטליות לניקוי כללי בגליל 40 יח' סנו סושי,אסותא תעשיות אלבד בע,IL,סנו סושי מטלית לכל 3,יחידה,0.00,יחידה,false,,22.90,0.0000,true,1,85662
7290005423635,false,ריצפז נוזל לניקוי רצפות דוחה חרקים 2 ל',מיוצר עי קונדיטוריית,IL,נוזל לניקוי רצפות דו,ליטרים,2.00,ליטר,false,,25.90,12.9500,true,1,85663
7290005423734,false,סנו - מקסימה מרכך כביסה אולטרה פרש 4 ליטר,"סנו מפעלי ברונוס בע""",IL,מרכך כביסה סנו מקסימ,ליטרים,4.00,ליטר,false,,23.90,5.9750,true,1,85664
7290005423833,false,סנו פוליויקס פרקט 2 ליטר,"סנו מפעלי ברונוס בע""",IL,סנו פוליויקס פרקט 2,ליטרים,2.00,ליטר,false,,24.90,12.4500,true,1,85665
7290005423918,false,סנו - מקסימה מרכך כביסה היפואלרגני אלוורה 4 ליטר,"סנו מפעלי ברונוס בע""",IL,מרכך כביסה סנו מקסימ,ליטרים,4.00,ליטר,false,,24.90,6.2250,true,1,85668
7290005424403,false,"אל סבון כיף אצות ים קטיפתי 1ליטר,",טרופיקל דגיל תעשיות,IL,אל סבון אצות ים כיף,ליטרים,1.00,ליטר,false,,14.90,14.9000,true,1,85673
7290005424762,false,נוזל רצפות ריצפז ווקס דוחה חרקים 2 ליטר,"סנו מפעלי ברונוס בע""",IL,ריצפז פלוס ווקס דוחה,ליטרים,2.00,ליטר,false,,30.90,15.4500,true,1,85678
7290005425127,false,"חיטוי משטחים 99.9% מתז לשומנים ואבנית 750 מ""ל","סנו מפעלי ברונוס בע""",IL,מתז 99.9% מנקה שומני,,750.00,,false,,16.90,0.0225,true,1,429844
7290005425202,false,אבקת כביסה ביו מקסימה לכתמים קשים,"סנו מפעלי ברונוס בע""",IL,אבקת כביסה סנו מקסימ,קילוגרמים,2.50,"ק""ג",false,,28.90,11.5600,true,1,85690
7290005426230,false,מטלית הפלא לרצפה מיקרופייבר סנו 1יח',N.S.,IL,סנו סושי מטלית הפלא,יחידה,0.00,יחידה,false,,13.90,0.0000,true,1,85708
7290005426964,false,סנובון לאסלה לובר מוצק נתלה 55X3ג',,,סנובון כחול שלישיה ב,,165.00,יח',false,,18.90,0.1145,true,1,85723
7290005426971,false,סנובון כחול בריח תפוח 3 יח' * 55 ג',,,סנובון כחול שלישיה ב,,165.00,יח',false,,18.90,0.1145,true,1,85724
7290005427633,false,"כיף גל לשיער לשיער חזק במיוחד 1 ק""ג",,,ג'ל לשיער לשיער חזק,קילוגרמים,1.00,"ק""ג",false,,27.90,27.9000,true,1,85742
7290005429286,false,"אבקת כביסה מקסימה ביו 6 ק""ג סנו",סנו,IL,אבקת כביסה סנו מקסימ,קילוגרמים,6.00,"ק""ג",false,,51.90,8.6500,true,1,85766
7290005430671,false,סנו פוליויקס 2 ליטר +קרמיקה,סנו מפעלי ברונו בעמ,IL,סנו פוליווקס קרמיקה,ליטרים,2.00,ליטר,false,,26.00,13.0000,true,1,85775
7290005431883,false,עדן מלבי חלבי 165 גר,לחמנו,IL,עדן מלבי חלבי 165 גר,,165.00,יח',false,,8.20,0.0497,true,1,258170
7290005431913,false,עוגת גינה פירורים 92 גרם,תנובה,IL,קינוחי עדן עוגת גבינ,,92.00,100 גרם,false,,8.20,0.0891,true,1,258173
7290005559587,false,מאפה נקניקיה בבצק מעדנות 800ג',מיוצר עי קונדיטוריית,IL,מאפה נקניקיות 800גר,,800.00,יח',false,,34.90,0.0436,true,1,92379
7290005559907,false,פיצה משפחתית גבינה מעדנות 500 גר,מיוצר עי קונדיטוריית,IL,פיצה משפחתית גבינה 5,,500.00,יח',false,,25.90,0.0518,true,1,92384
7290005559914,false,פיצה משפחתית זיתים מעדנות 550 גר,מיוצר עי קונדיטוריית,IL,פיצה משפחתית זיתים 5,,550.00,יח',false,,28.90,0.0525,true,1,92385
7290005591761,false,דבש טהור מפרחי בר בלחיץ 400 ג' יד מרדכי,מכוורת יד מרדכי שטרא,IL,דבש טהור מפרחי בר בל,,400.00,יח',false,,27.90,0.0697,true,1,77845
7290005610011,false,תפו`א אדום דוד משה,,,תפו`א אדום דוד משה,קילוגרמים,1.00,"ק""ג",true,,4.90,4.9000,true,1,197176
7290005610127,false,תפוח אדמה לבן דוד משה,,,תפו`א גורמה לבן דוד,קילוגרמים,1.00,"ק""ג",true,,7.90,7.9000,true,1,55812
7290005838002,false,מעדן גבינה ויוגורט בטעם וניל 88 ג' דניאלה,"שטראוס בריאות בע""מ",IL,דניאלה מעדן גבינה 15,,150.00,,false,,4.50,0.0300,true,1,78548
7290005838613,false,גבינת וניל שטראוס 125 ג',"שטראוס בריאות בע""מ",IL,גבינה וניל 3% סקי 12,,125.00,100 גרם,false,,3.90,0.0312,true,1,78549
7290005838972,false,גבינת יום יום 5% שטראוס 125ג',מיוצר עי קונדיטוריית,IL,גבינת יום יום 5% סקי,,125.00,100 גרם,false,,3.50,0.0280,true,1,78550
7290005839078,false,"דנונה יוגורט ביו 3% לבן מארז 150X8מ""ל",מיוצר עי קונדיטוריית,IL,דנונה ביו מארז חסכון,קילוגרמים,1.20,"ק""ג",false,,17.90,14.9167,true,1,78551
7290005839108,false,גבינה לבנה סימפוניה עם תוספות 200 ג'+זיתים 5%,"שטראוס בריאות בע""מ",IL,סימפוניה עם זיתים 5%,,200.00,יח',false,,12.90,0.0645,true,1,78552
7290005839313,false,"מילקי טופ שוקולד מגולגל 170 מ""ל",מיוצר עי קונדיטוריית,IL,מילקי טופ מגולגלת 14,,142.00,"100 מ""ל",false,,5.00,0.0352,true,1,78553
7290005896439,false,"בירה מכבי בקבוק חוזר 500 מ""ל","טמפו משקאות בע""מ",IL,מכבי בקבוק חוזר 500,,500.00,,false,,8.50,0.0170,true,1,64610
7290005896460,false,"בירה איגל חזקה 7.8% 500 מ""ל פחית",,,איגל בירה חזקה 7.8%,,500.00,,false,,6.90,0.0138,true,1,176187
7290005896620,false,מים מוגז ' סאן בנדטו ' יחידה,אקווה מינרלה סאן בנד,IT,סאן בנדטו מים מינרלי,ליטרים,1.50,ליטר,false,,5.50,3.6667,true,1,64611
7290005896637,false,מים סן בנדטו בודד 1.5 ליטר-,אקווה מינרלה סאן בנד,IT,סאן בנדטו 1.5 ליטר,ליטרים,1.50,ליטר,false,,4.50,3.0000,true,1,64612
7290005901409,false,"""טעים טעים"" נקניקיות",,,"""טעים טעים"" נקניקיות",,500.00,יח',false,,30.90,0.0618,true,1,198293
7290005992575,false,גבינה בולגרית למריחה 5% גד 250ג',מחלבות גד בעמ,IL,גד בולגרית למריחה 5%,,250.00,יח',false,,20.20,0.0808,true,1,69803
7290005992735,false,גבינה לבנה טבעית 250 גר,הנסיך- מפעל לייצור ט,IL,גד לאבנה 5% 250ג,,250.00,יח',false,,15.00,0.0600,true,1,69805
7290005996078,false,סלמי סרוולט הונגרי 1,מעדני יחיעם,IL,סלמי סרוולט הונגרי 1,,125.00,יח',false,,31.90,0.2552,true,1,274149
7290006065018,false,אמנון 7-9 80% דג קפו,,,אמנון 7-9 80% דג קפו,קילוגרמים,1.00,"ק""ג",true,,34.90,34.9000,true,1,492951
7290006065049,false,בלו פיש פילה באס יפני 5-7 (לברק),,,פילה באס יפני 7-9 20,קילוגרמים,1.00,"ק""ג",true,,41.90,41.9000,true,1,384662
7290006065179,false,סטייק טונה קפוא בואק,,,סטייק טונה קפוא בואק,קילוגרמים,1.00,"ק""ג",true,,39.90,39.9000,true,1,342826
7290006065391,false,פילה דג נסיכת הנילו,,,פילה דג נסיכת הנילו,קילוגרמים,1.00,"ק""ג",true,,43.90,43.9000,true,1,384630
7290006129345,false,אנטריקוט דק דק חלק 3,,,אנטריקוט דק דק חלק 3,,300.00,יח',false,,34.90,0.1163,true,1,198059
7290006229427,false,שישיית מים מינרלים סאן בנדטו 500 מל,טמפו,,"סאן בנדטו 6*500 מ""ל",ליטרים,3.00,ליטר,false,,13.90,4.6333,true,1,64618
7290006229588,false,בירה איגל לאגר פרימיום חזקה 6.3% 500 מל,"טמפו משקאות בע""מ",IL,איגל בירה פחית זהב 5,,500.00,,false,,6.90,0.0138,true,1,182165
7290006241511,false,"פריגת קפוא לימון נענע 280 מ""ל",היינץ צפון אמריקה מק,IL,קפוא לימון נענע 340,,340.00,100 גרם,false,,14.90,0.0438,true,1,61600
7290006251275,false,תה ירוק סיני 25 שקיקים של 1.5 ג,HIQ FOOD PRODUCTS,IL,תה ירוק סיני,,37.50,יח',false,,26.90,0.7173,true,1,79825
7290006251343,false,תה חליטה הגן הקסום פסיפלורה מנגו 25 שקיקים,HIQ FOOD PRODUCTS,IL,תה חליטה הגן הקסום פ,,62.50,יח',false,,19.90,0.3184,true,1,79827
7290006251374,false,תה ירוק לימונית וגינגר 25 שקיקים ויסוצקי,ויסוצקי,IL,תה ירוק לימונית וג'י,,25.00,יח',false,,26.90,1.0760,true,1,79828
7290006256102,false,יין גאטו נגרו מרלו 7,יושלם,,גאטו נגרו מרלו 750 מ,,750.00,,false,,42.90,0.0572,true,1,62437
7290006265548,false,נבטים סינים מרינה ארוז 360ג',"מרינה פטריות הגליל בע""מ",IL,נבטים סינים,,1.00,,false,,7.90,7.9000,true,1,56372
7290006271174,false,ג'חנון לאפיה בתנור מעדנות 700 ג',מיוצר עי קונדיטוריית,IL,גחנון לאפיה בתנור מע,,700.00,יח',false,,21.90,0.0313,true,1,92391
7290006271181,false,ג'חנון אפוי מעדנות 750 ג',מיוצר עי קונדיטוריית,IL,מעדנות גחנון אפוי 75,,750.00,יח',false,,30.90,0.0412,true,1,92392
7290006271648,false,"מיני בורקס תפו""א מוזל מעדנות","מעדנות בע""מ",IL,מיני בורקס תפו`א 800,,800.00,יח',false,,26.90,0.0336,true,1,178246
7290006271655,false,מיני בורקס גבינה מוזל מעדנות,מיוצר עי קונדיטוריית,IL,מיני בורקס גבינה 800,,800.00,יח',false,,28.90,0.0361,true,1,178247
7290006272072,false,חטיפי פיצה בשקית מעדנות 650ג',"מעדנות בע""מ",IL,חטיפי פיצה מעדנות 65,,650.00,יח',false,,38.90,0.0598,true,1,178249
7290006272430,false,בצק עלים חמאה מעדנות 600 ג',מיוצר עי קונדיטוריית,IL,בצק עלים חמאה 600 גר,,600.00,יח',false,,33.90,0.0565,true,1,92402
7290006306296,false,רביולי נונה במילוי גבינה לילדים 400 גרם,פסטנונה רמת דלטון מר,IL,פסטה נונה פסטה נונה,,400.00,יח',false,,30.60,0.0765,true,1,126094
7290006306302,false,רביולי במילוי גבינות פרמזן ריקוטה 400 ג' פסטה נונה,פסטה נונה,IL,פסטה נונה ריביולי פר,,400.00,יח',false,,30.60,0.0765,true,1,81428
7290006306319,false,רביולי במילוי בטטה 400 ג' פסטה נונה,דורום תעשיות מזון ופ,IL,פסטה נונה פסטה נונה,,400.00,יח',false,,30.60,0.0765,true,1,81429
7290006322104,false,לחם ריחיים קל פרוס 500 ג',מאפיית דוידוביץ ובני,IL,לחם ריחיים מלא דוידו,,500.00,יח',false,,16.90,0.0338,true,1,554225
7290006322111,false,לחמניות רחיים כהה קל,מאפיית דוידוביץ ובני,IL,6 לחמניות ריחיים מאפ,,450.00,יח',false,,13.90,0.0309,true,1,555020
7290006322128,false,לחמניות קלות 6 יח בחבילה,מאפיית דוידוביץ ובני,IL,6 לחמניות קלות מאפיי,,450.00,יח',false,,13.90,0.0309,true,1,554989
7290006322470,false,לחם 9 דגנים קל קמח ו,מאפיית דוידוביץ ובני,IL,לחם 9 דגנים קל קמח ו,,500.00,יח',false,,16.90,0.0338,true,1,554178
7290006322838,false,לחם 100% קמח מלא 750 גרם,מאפיית דוידוביץ ובני,IL,לחם 100% מלא דוידובי,,750.00,100 גרם,false,,15.90,0.0212,true,1,554386
7290006342065,false,בוטנים קלויים 200 ג ששון הקולה,,,בוטנים קלויים 200 ג,,200.00,יח',false,,8.90,0.0445,true,1,59912
7290006342515,false,מנצס 200 גרם ששון הקולה,יושלם,,מנציס 200 גרם,,200.00,100 גרם,false,,7.90,0.0395,true,1,175767
7290006342560,false,בוטן אמריקאי 200 גרם ששון הקולה,דין שיווק,IL,בוטן אמריקאי 200 גרם,,200.00,יח',false,,8.90,0.0445,true,1,175769
7290006374738,false,קונפיטורת יד מרדכי תות 340 גרם,אף.סי תבליני בגליל ב,IL,קונפיטורת תות יד מור,,340.00,יח',false,,14.90,0.0438,true,1,77852
7290006449955,false,מלפפון בייבי ארוז,"מרינה פטריות הגליל בע""מ",IL,מלפפון בייבי,,1.00,,false,,9.90,9.9000,true,1,382502
7290006459510,false,נרות חנוכה רגיל 44 יח,,CN,נרות חנוכה שקד,,157.00,יח',false,,3.30,0.0210,true,1,558108
7290006459527,false,נרות חנוכה לוקס לא נוטפים 45 יח,,CN,נרות חנוכה לוקס שקד,,330.00,יח',false,,6.90,0.0209,true,1,558109
7290006492432,false,גבינת מוצרלה בייבי 18% 300 ג' גד,מחלבות גד בעמ,IL,גד בייבי מוצרלה 150ג,,170.00,יח',false,,17.00,0.1000,true,1,69806
7290006492616,false,גבינה בולגרית פרוסות 5% 250 ג' גד,DSH עבור מחלבות גד ב,IL,גד בולגרית פרוסות 5%,,250.00,יח',false,,32.00,0.1280,true,1,69808
7290006492630,false,גבינת גליל עזים 22% 180 ג' גד,מחלבות גד בעמ,IL,גד גבינת גליל גד עזי,,180.00,יח',false,,25.60,0.1422,true,1,69809
7290006492685,false,לאבנה עזים 5% שומן 250 ג' גד,מחלבות גד בעמ,IL,גד לאבנה עזים 3% 250,,250.00,100 גרם,false,,21.50,0.0860,true,1,172251
7290006492913,false,ציזיקי לבנה למריחה בתוספת שום שמיר,מחלבות גד בעמ,IL,לאבנה ציזיקי גד 250,,250.00,יח',false,,16.10,0.0644,true,1,69813
7290006494917,false,טוסו וופל קלאסי במילוי שוקולד 200 גרם,"איטיליאן פוד, אס.פי.",IL,טוסו וופל טעם שוקולד,,180.00,יח',false,,12.90,0.0717,true,1,61097
7290006494924,false,טוסו וופל קלאסי במילוי קרם לימון 200 גרם,,,מרמולייט ופל בטעם לי,,180.00,יח',false,,12.90,0.0717,true,1,61098
7290006511157,false,פטריות שלמות 400 ג' וילי פוד,אוקצ'מפס אס.איי אויי,PL,פטריות שלמות שמפיניו,,230.00,יח',false,,8.50,0.0370,true,1,58240
7290006511751,false,פטריות שמפניון חתוך ויליפוד 290X3 ג' בד”צ,,,פטריות חתוכות ויליפו,,870.00,יח',false,,13.00,0.0149,true,1,58243
7290006556004,false,מלפפון מובחר ארוז,,,מלפפון מובחר ארוז,,1.00,,false,,7.90,7.9000,true,1,264885
7290006567048,false,קוסקוס ישראלי מפתול אסם 350ג',"מיוצר ע""י קוד יצרן K",IL,קוסקוס ישראלי בשקית,,350.00,100 גרם,false,,8.90,0.0254,true,1,75087
7290006618078,false,"אסטוניש מרסס ניקוי יסודי 750 מ""ל",אסטוניש,,אסטוניש מרסס ניקוי צ,,750.00,,false,,14.90,0.0199,true,1,66472
7290006618085,false,"אסטוניש - מרסס לחדר האמבט עם אקונומיקה 750 מ""ל",אסטוניש,,אסטוניש מרסס לאמבט 7,,750.00,,false,,14.90,0.0199,true,1,66473
7290006644480,false,"תפוזינה תפוזים 500 מ""ל","יפאורה תבורי בע""מ",IL,משקה תפוזים Move תפו,,500.00,,false,,6.20,0.0124,true,1,66619
7290006652027,false,מארז במבה יום הולדת 15X20 גרם,מיוצר עי קונדיטוריית,IL,במבה יום הולדת מאח.1,,300.00,יח',false,,26.90,0.0897,true,1,75092
7290006653765,false,פסטה פרפקטו פטוציני 500ג' אסם,פסטה זארה,IL,פטוציני פרפקטו 500 ג,,500.00,יח',false,,7.90,0.0158,true,1,75094
7290006664310,false,גבינה לבנה 3% שומן 250 ג' שטראוס,מיוצר עי קונדיטוריית,IL,גבינה 3% סקי 250 גרם,,250.00,100 גרם,false,,4.90,0.0196,true,1,78562
7290006664402,false,גבינה 5% שומן 750 ג' שטראוס,מיוצר עי קונדיטוריית,IL,שטראוס גבינה 5% 750ג,,750.00,יח',false,,14.25,0.0190,true,1,78564
7290006664532,false,יוגורט עם תות 3% שומן 150 ג' דנונה,מיוצר עי קונדיטוריית,IL,דנונה תות 3% 150מל,,150.00,100 גרם,false,,3.90,0.0260,true,1,78565
7290006664655,false,"אקטימל לבן טבעי מארז 100X8 מ""ל",מיוצר עי קונדיטוריית,IL,אקטימל טבעי 8*100מל,,800.00,,false,,23.90,0.0299,true,1,78567
7290006664693,false,יוגורט עם אפרסק 3% שומן 150 ג' דנונה,מיוצר עי קונדיטוריית,IL,דנונה אפרסק 3% 150מל,,150.00,100 גרם,false,,3.90,0.0260,true,1,78568
7290006664990,false,דנונה ביו מארז חיסכון 1.5% 8 יח' *150 ג',מיוצר עי קונדיטוריית,IL,דנונה ביו מארז חיסכו,קילוגרמים,1.20,"ק""ג",false,,17.90,14.9167,true,1,78571
7290006681003,false,גלידה תות לימון סורבה 1.33 ל' קרמיסימו,"גלידת שטראוס בע""מ, ר",IL,קרמיסימו תות לימון ס,ליטרים,1.33,ליטר,false,,22.90,17.2180,true,1,59429
7290006704016,false,בזיליקום ארוז יחידה,,,בזיליקום ארוז יחידה,,1.00,,false,,6.90,6.9000,true,1,56376
7290006704047,false,רוזמרין,,,רוזמרין,,1.00,,false,,6.90,6.9000,true,1,56378
7290006704092,false,מרווה יחידה,,,מרווה יחידה,,1.00,,false,,5.90,5.9000,true,1,56382
7290006704108,false,קורנית /טימין יח',,,קורנית /טימין יח',,1.00,,false,,6.90,6.9000,true,1,56383
7290006704511,false,"תפו""א גמדי אדום למיקרו מרינה 750ג'","מרינה פטריות הגליל בע""מ",IL,תפוא ננסי מיקרוגל,,750.00,יח',false,,7.90,0.0105,true,1,56391
7290006704733,false,אספרגוס יחידה קמעונאי,מרינה,IL,אספרגוס ארוז,,1.00,,false,,31.90,31.9000,true,1,56394
7290006737878,false,מארז קרטוניה סביבון \נר 80ג',,,מארז קרטוניה סביבון.,יחידה,0.00,יחידה,false,,6.90,0.0000,true,1,68615
7290006739131,false,בצק גולמי פילו זוגלובק 500ג',,IL,זוגלובק בצק פילו 500,,500.00,יח',false,,18.90,0.0378,true,1,127075
7290006739346,false,נקניקיות פרגיות טרי 400 גרם זוגלובק,זוגלובק,IL,נקניקיות פרגיות טרי,,400.00,יח',false,,20.90,0.0522,true,1,95964
7290006739414,false,סלמי קוניאק 300 ג' זוגלובק,זוגלובק,IL,סלמי קוניאק זוגלובק,,300.00,יח',false,,34.90,0.1163,true,1,95967
7290006739421,false,סלמי מעושן איטלקי 300 ג' זוגלובק,זוגלובק,IL,סלמי מעושן איטלקי ז,,300.00,יח',false,,34.90,0.1163,true,1,95968
7290006739445,false,שניצל תירס קלאסי 750 ג' זוגלובק,זוגלובק,IL,שניצל תירס קלאסי 750,,750.00,יח',false,,29.90,0.0399,true,1,95969
7290006741363,false,"בורקס תפו""א זוגלובק בד""צ 800ג'",מאפיית אריאל וגידרון,IL,"זוגלובק בורקס תפו""א",,800.00,יח',false,,17.90,0.0224,true,1,127087
7290006748096,false,זר מפואר,,,זר מפואר,יחידה,0.00,יחידה,false,,49.60,0.0000,true,1,107187
7290006748119,false,זר גרברה,,,זר גרברה,יחידה,0.00,יחידה,false,,59.00,0.0000,true,1,107184
7290006748133,false,זר רגיל,,,זר רגיל,יחידה,0.00,יחידה,false,,24.80,0.0000,true,1,107188
7290006748157,false,זר בינוני,,,זר בינוני,יחידה,0.00,יחידה,false,,29.80,0.0000,true,1,107189
7290006748959,false,עציץ קטן 2,,,עציץ קטן 2,יחידה,0.00,יחידה,false,,17.00,0.0000,true,1,384138
7290006748966,false,עציץ בינוני 2,,,עציץ בינוני 2,יחידה,0.00,יחידה,false,,22.00,0.0000,true,1,384154
7290006748973,false,עציץ בינוני 3,,,עציץ בינוני 3,יחידה,0.00,יחידה,false,,35.00,0.0000,true,1,384170
7290006764065,false,"בירה נשר מאלט בקבוק חוזר 500 מ""ל","טמפו משקאות בע""ם.",IL,נשר מאלט בקבוק פקדון,,500.00,,false,,5.90,0.0118,true,1,64620
7290006764072,false,"בירה גולדסטאר בק חוזר 500 מ""ל","טמפו משקאות בע""מ",IL,גולדסטאר בירה בק חוז,,500.00,,false,,7.90,0.0158,true,1,64621
7290006765895,false,בוטן בקליפה 200 גרם שושן הקולה,דין שיווק,IL,בוטן קלוי בקליפה 200,,200.00,יח',false,,7.90,0.0395,true,1,59939
7290006784865,false,סנט מוריץ לניקוי משטחי מטבחים מרוכז ועוצמתי 1ל',קומפלקס כימיקלים,IL,ניקוי משטחי מטבח סנט,ליטרים,1.00,ליטר,false,,12.90,12.9000,true,1,195906
7290006788436,false,"קרליין - נושם פיור דאודורנט רול און לאישה ורוד 75 מ""ל",משווק: קוסמופארם בעמ,IL,דאו' רולאון נושם פיו,,75.00,יח',false,,14.90,0.1987,true,1,85815
7290006788498,false,"קרליין - נושם פיור דאודורנט ספריי לאישה ורוד 200 מ""ל",מיוצר עי : אמיליה קו,IL,דאו' תרסיס נושם ורוד,,200.00,,false,,13.90,0.0695,true,1,85821
7290006789655,false,"קרליין קרם לחות לבניית תלתלים 400 מ""ל",מיוצר עי : אמיליה קו,IL,קרם לחות לבניית תלתל,,400.00,,false,,18.00,0.0450,true,1,85858
7290006805850,false,תערובת להכנת פנקייק פילסבורי 500 גר,הדקלאים אגודת שיתופי,IL,תערובת להכנת פנקייקס,,500.00,יח',false,,19.90,0.0398,true,1,176486
7290006822192,false,מיץ חמוציות דיאט אושן ספריי 1 ליטר,מבשלות בירה בינלאומי,IL,אושן ספרי דיאט חמוצי,ליטרים,1.00,ליטר,false,,13.50,13.5000,true,1,62113
7290006908414,false,חמנייה 400 גרם,,,חמנייה 400 גרם,,400.00,יח',false,,11.90,0.0298,true,1,55200
7290006920836,false,"תחליפי גבינ""צ מעושן פרוס 350 גר'",,,מעושן פרוס כפיר 350,,350.00,100 גרם,false,,16.90,0.0483,true,1,74351
7290006920843,false,"תחליפי גבינ""צ מוצרלה פרוס 350 גר'",,,מוצרלה פרוס 350 גרם,,350.00,יח',false,,16.90,0.0483,true,1,74352
7290006920911,false,הולנדית פרוס 350ג' כפיר,,,הולנדי פרוס כפיר 350,,350.00,יח',false,,16.90,0.0483,true,1,74355
7290006983152,false,קרוטונים מתובלים למרק 400 ג' אסם,עינת תעשיות,IL,קרוטונים מתובלים אסם,,400.00,יח',false,,21.90,0.0547,true,1,75098
7290006983176,false,אוסם - לחמית שיפון 250 גרם,"אסם השקעות בע""מ",IL,לחמית שיפון אסם 250,,230.00,יח',false,,9.90,0.0430,true,1,75099
7290006983206,false,תערובת להכנת פלפל קלי קלות 180 גרם,"אסם השקעות בע""מ",IL,תערובת פלאפל בקלי קל,,180.00,יח',false,,12.90,0.0717,true,1,125215
7290006983763,false,עוגת הבית שוקולד 400 ג' אסם,מיוצר עי קונדיטוריית,IL,עוגת הבית שוקולד 400,,400.00,יח',false,,15.90,0.0398,true,1,75103
7290006983770,false,עוגת הבית שיש 400 ג' אסם,מיוצר עי קונדיטוריית,IL,עוגת הבית שיש 400גר,,400.00,יח',false,,15.90,0.0398,true,1,75104
7290006983787,false,עוגת הבית שוקוציפס 400 ג' אסם,מיוצר עי קונדיטוריית,IL,עוגת הבית שוקוציפס 4,,400.00,יח',false,,15.90,0.0398,true,1,75105
7290006992185,false,"מטרנה - דייסת אורז פרוביוטי כשל""פ 200 גרם",מולינו ניקולי s.p.a,IL,מטרנה דייסת אורז פרו,,200.00,יח',false,,16.90,0.0845,true,1,75110
7290006992192,false,מטרנה דייסלה סולת 200 גרם,,,מטרנה דייסת סולת פרו,,200.00,יח',false,,16.90,0.0845,true,1,75111
7290006992390,false,"מטרנה - דייסת וניל פרוביוטי כשל""פ 200 גרם",מולינו ניקולי s.p.a,IL,מטרנה דייסת וניל פרו,,200.00,100 גרם,false,,16.90,0.0845,true,1,75113
7290008101318,false,קריספ פירורי לחם זהוב 300 גרם,,IL,פירורי לחם זהוב קלאס,,300.00,יח',false,,8.90,0.0297,true,1,487573
7290008154222,false,שניצלונים עוף טוב 700 גרם,מולינו ניקולי s.p.a,IL,שניצלונים עוף טוב 70,,700.00,100 גרם,false,,21.90,0.0313,true,1,75879
7290008175173,false,חמאה מפינלנד ללא מלח 200 גרם ויליפוד,ואליו אל.טי.די,FI,חמאה מפינלנד 200גר',,200.00,יח',false,,10.90,0.0545,true,1,58244
7290008175210,false,גבינת פרמזן מגורדת 90ג' ויליפוד,זנטי אס.איי.,IT,וילי פוד פרמזן מגורד,,90.00,יח',false,,18.90,0.2100,true,1,58245
7290008175814,false,וילי פוד פטריות שמפניון חתיכות 400 גר`,"אוקצ'מפ אס, איי אויי",PL,פטריות חתוכות שמפיני,,400.00,יח',false,,5.90,0.0148,true,1,58249
7290008268288,true,מארז תפוח קריפס פינק,,,מארז תפוח קריפס פינק,,900.00,יח',false,,13.90,0.0154,true,1,567628
7290008268455,false,קיווי ישראלי ארוז 4,חקלאי,IL,קיווי ארוז בראשית,,1.00,,false,,12.90,12.9000,true,1,422733
7290008333115,false,אבקת ג'לטין טהור נטו 28 ג',ג'ליק פיניור,,.ג'לטין טהור 28 גר,,28.00,יח',false,,11.50,0.4107,true,1,72560
7290008343466,false,בצק פילו 500 גרם שלושת האופים,כלורוקס אוקלנד,IL,בצק פילו 500 גרם,,500.00,יח',false,,21.90,0.0438,true,1,72576
7290008343565,false,"סיגרים תפו""א 1 ק""ג שלושת האופים",,,סיגרים תפו`א 1 ק`ג ש,קילוגרמים,1.00,"ק""ג",false,,17.90,17.9000,true,1,176863
7290008343572,false,"אגרול סיני 1 ק""ג שלושת האופים",,,אגרול סיני 1 ק`ג שלו,קילוגרמים,1.00,"ק""ג",false,,17.90,17.9000,true,1,176864
7290008343619,false,"פסטלים תפו""א שלושת האופים 1 ק""ג",,,פסטלים תפו`א שלושת ה,קילוגרמים,1.00,"ק""ג",false,,17.90,17.9000,true,1,176866
7290008344258,false,המבורגר מזרחי 400 גר,"טיבון ויל אחזקות בע""",IL,המבורגר מזרחי 400 ג',,400.00,יח',false,,24.90,0.0622,true,1,72589
7290008344272,false,המבורגר 100% 400 ג' טיבון ויל,טיבון ויל אחזקות בעמ,IL,המבורגר 100% 400 ג'-,,400.00,יח',false,,24.90,0.0622,true,1,72591
7290008345583,false,איקרה ביתית ורוד 300 גרם דלידג,כלורוקס אוקלנד,IL,300 איקרה ביתית ורוד,,300.00,יח',false,,21.90,0.0730,true,1,72599
7290008409100,false,אצבעות שניצל בציפוי שומשום מאמא עוף 700 גרם,תנובה גליל שותפות מו,IL,אצבעות שניצל ציפוי ש,,700.00,יח',false,,40.90,0.0584,true,1,126109
7290008409124,false,שניצל ג'ונגל פריך 700 ג' מאמא עוף,תנובה גליל שותפות מו,IL,מאמא עוף קפוא שניצל,,700.00,יח',false,,40.90,0.0584,true,1,126053
7290008409216,false,שניצל דק פריך מאמא עוף 700 ג',תנובה גליל,IL,מאמא עוף קפוא שניצל,,700.00,יח',false,,45.90,0.0656,true,1,81979
7290008409315,false,מיני מיני דק שניצלונים בציפוי פריך מאמא עוף 500 ג',תנובה גליל,IL,מאמא עוף מיני דק שני,,500.00,יח',false,,29.50,0.0590,true,1,177719
7290008409407,false,שניצל דק ציפס מאמא עוף 700 ג',תנובה גליל שותפות מו,IL,מאמא עוף שניצל דק צי,,700.00,יח',false,,45.90,0.0656,true,1,81984
7290008409551,false,שניצל עוף אמיתי בציפוי מעודן 700 ג' מאמא עוף,תנובה גליל שותפות מו,IL,שניצל עוף אמיתי בציפ,,700.00,יח',false,,46.90,0.0670,true,1,126060
7290008409568,false,שניצל עוף אמיתי בציפוי שבבי ציפס 700 גר,תנובה גליל שותפות מו,IL,שניצל ציפס אמיתי מאמ,,700.00,100 גרם,false,,46.90,0.0670,true,1,81991
7290008409582,false,שניצל אמיתי בציפוי ביתי מאמא עוף 700 ג',תנובה גליל שותפות מו,IL,שניצל אמיתי בציפוי ב,,700.00,יח',false,,46.90,0.0670,true,1,81993
7290008409605,false,כוכבי עוף בציפוי מעודן מאמא עף 700 גרם,תנובה גליל שותפות מו,IL,כוכבי עוף בציפוי מעו,,700.00,יח',false,,40.90,0.0584,true,1,126118
7290008409773,false,קציצות עוף ביתיות מאמא עוף 700 ג',תנובה גליל שותפות מו,IL,מאמא עוף קפוא קציצות,,700.00,יח',false,,39.90,0.0570,true,1,126119
7290008415514,false,חומוס צבר עם חריף עגול 150ג',סלטי צבר,IL,צבר סלט חומוס עם חרי,,150.00,יח',false,,5.90,0.0393,true,1,75883
7290008443616,false,"מרכך לשיער יבש אדום 750 מ""ל נקה 7",אמיליה קוסמטיקס בעמ,IL,מרכך לשיער יבש אדום,,750.00,,false,,12.90,0.0172,true,1,85891
7290008461221,false,סרדינים רוברט בשמן חמניות 115 גרם,"רמירז, מטוסינוס",PT,סרדינים רוברט שמן חמ,,115.00,יח',false,,7.90,0.0687,true,1,72606
7290008461238,false,סרדין רוברט בשמן חמניות ופלפל חריף 115 ג',"רמירז, מטוסינוס",PT,סרדינים רוברט בשמן ח,,115.00,יח',false,,7.90,0.0687,true,1,72607
7290008462259,false,חרדל דיזיון גרגירים 345 גרם,יוניליוור צרפת,FR,חרדל דיזון חריף גרגי,,380.00,יח',false,,19.90,0.0524,true,1,72610
7290008464024,false,"בירה גולדסטאר לא מסוננת 500 מ""ל פחית","טמפו משקאות בע""מ",IL,גולדסטאר לא מסונן פח,,500.00,,false,,11.50,0.0230,true,1,64636
7290008464222,false,"בירה מכבי 7.9% פחית 500 מ""ל","טמפו משקאות בע""מ",IL,מכבי 7.9 פחית 500 מל,,500.00,,false,,9.50,0.0190,true,1,64639
7290008464468,false,"בירה גולדסטאר פחית 500 מ""ל","טמפו משקות בע""מ",IL,"גולדסטאר פחית 500מ""ל",,500.00,,false,,9.90,0.0198,true,1,64649
7290008464475,false,"בירה מכבי פחית 500 מ""ל","טמפו משקאות בע""מ",IL,"מכבי פחית 500מ""ל",,500.00,,false,,8.80,0.0176,true,1,64650
7290008464611,false,"סודה טמפו בקבוק זכוכית 275 מ""ל",טמפו משקאות בעמ,IL,"מי סודה טמפו 275 מ""ל",,275.00,,false,,3.50,0.0127,true,1,186377
7290008464703,false,"שישיית בקבוקי מכבי 330 מ""ל",טמפו,,בירה מכבי מארז 6 *33,ליטרים,1.98,ליטר,false,,36.90,18.6364,true,1,64658
7290008464741,false,"שישייית בירה גולדסטאר כהה 330X6 מ""ל",טמפו,IL,"גולדסטאר ח""פ בקבוק 6",ליטרים,1.98,ליטר,false,,40.90,20.6566,true,1,64660
7290008464796,false,"בירה היינקין ח""פ בקבוק 330X6מ""ל",טמפו,,"הייניקן בקבוק ח""פ 6*",ליטרים,1.98,ליטר,false,,47.90,24.1919,true,1,64663
7290008470759,false,מסטיק אורביט ספירמינט מארז שמינייה,,,אורביט סטיקס ספירמינ,יחידה,0.00,יחידה,false,,15.40,0.0000,true,1,101580
7290008500159,false,עוגת שמרים טעם גבינה,,,עוגת שמרים טעם גבינה,,480.00,יח',false,,28.90,0.0602,true,1,350682
7290008644112,false,סלט מטבוחה יום יום אחלה 125 ג',"שטראוס גרופ בע""מ",IL,אחלה מטבוחה 125ג,,125.00,יח',false,,5.90,0.0472,true,1,78573
7290008644235,false,עלי בייבי 120 גר' שטראוס,שטראוס בריאות ירקות,IL,עלי בייבי 120 ג ירקו,,120.00,100 גרם,false,,11.50,0.0958,true,1,107607
7290008644945,false,סלט המושבה שטופים שט,שטראוס בריאות ירקות,IL,סלט המושבה 450 ג ירק,,450.00,100 גרם,false,,13.90,0.0309,true,1,78576
7290008670142,false,"יין רקנאטי יסמין אדום 2019 750 מ""ל",רקנאטי,IL,רקנאטי יסמין אדום 75,,750.00,,false,,39.90,0.0532,true,1,62444
7290008690713,false,פריגת אושן ספריי חמוציות 1ל',מבשלות בירה בינלאומי,IL,אושן ספרי חמוציות 1ל,ליטרים,1.00,ליטר,false,,13.50,13.5000,true,1,62134
7290008693134,false,מעדן גבינה ויוגורט בטעם תות 5% שומן 88 ג' דניאלה,"שטראוס בריאות בע""מ",IL,דניאלה תות מעדן גבינ,,150.00,,false,,4.50,0.0300,true,1,78578
7290008713900,false,לחם שיפון עגול 750 ג' אנג'ל,מאפיית אנג'ל אורנים,IL,לחם שיפון עגול אנגל,,750.00,יח',false,,14.90,0.0199,true,1,172326
7290008713917,false,לחם שיפון כהה 750 ג' אנג'ל,,,לחם שיפון כהה אנגל 7,,750.00,יח',false,,14.90,0.0199,true,1,126670
7290008745239,false,תפוציפס אקסטרא טבעי 50 גרם,"שטראוס פריטו ליי בע""",IL,תפוציפס קראנץ טבעי 5,,50.00,יח',false,,4.90,0.0980,true,1,79078
7290008747547,false,תפוציפס קראנץ טבעי 200 גרם,"שטראוס פריטו ליי בע""",IL,תפוציפס קראנץ טבעי 2,,200.00,100 גרם,false,,10.90,0.0545,true,1,172291
7290008752244,false,תפוצ'יפס אקסטרא גריל 50 גרם,"שטראוס פריטו ליי בע""",IL,תפוציפס קראנץ גריל 5,,50.00,יח',false,,4.90,0.0980,true,1,79086
7290008753111,false,תפוציפס קראנצי מקסיקני 50 גרם,"שטראוס פריטו ליי בע""",IL,תפוציפס מקסיקני 50גר,,50.00,יח',false,,4.90,0.0980,true,1,79088
7290008754040,false,ממרח פרה שוקולד 850 גר - מגדים,,,ממרח פרה שוקולד 850,,850.00,יח',false,,18.90,0.0222,true,1,77870
7290008754415,false,גומי מאסט בטעם ספירמינט עדין פליפטופ 28 ג' עלית,"שטראוס גרופ בע""מ",IL,מאסט מנטה עדין 28 גר,,28.00,100 גרם,false,,4.90,0.1750,true,1,77871
7290008757980,false,נקטר ספרינג רימונים קרטונית 1 ל',"יפאורה תבורי בע""מ",IL,ספרינג רימונים 1ל,ליטרים,1.00,ליטר,false,,7.90,7.9000,true,1,66664
7290008775816,false,ערגליות שוקו חדש12*300גרם 2020,מיוצר עי קונדיטוריית,IL,ערגליות שוקולד 300 ג,,300.00,יח',false,,11.90,0.0397,true,1,75115
7290008775823,false,ערגליות תות חדש12*300גרם 2020,מיוצר עי קונדיטוריית,IL,ערגליות תות שדה 300,,300.00,יח',false,,11.90,0.0397,true,1,75116
7290008801010,false,"יין קברנה סוביניון מרלו פרייוט קולקשן 750 מ""ל",אגודת הכורמים הקאופו,IL,יין P.C קברנה סובי,,750.00,,false,,44.90,0.0599,true,1,54093
7290008801157,false,מרלו אדום יבש 750 מל סלקטד,יקבי כרמל,,יין סלקטד מרלו 750 מ,,750.00,,false,,32.90,0.0439,true,1,54095
7290008802291,false,"יין מרלו פרייוט קולקשן 750 מ""ל",אגודת הכורמים הקואופ,IL,"יין P.C מרלו 750מ""",,750.00,,false,,44.90,0.0599,true,1,54106
7290008802512,false,"יין וינו אדום יבש 750 מ""ל","כד בני דרום בע""מ",IL,יין וינו אדום יבש,,750.00,,false,,23.90,0.0319,true,1,54107
7290008802895,false,יין קברנה סוביניון פרייוט קולקשן,אגודת הכורמים הקאופו,IL,יין P.C קברנה סובי,,750.00,,false,,44.90,0.0599,true,1,54109
7290008849586,false,רוטב ריבת בצל לעוף אוליביה 310 גר,,,רוטב ריבת בצל אוליבי,,310.00,יח',false,,14.90,0.0481,true,1,58769
7290008849753,false,רוטב טריאקי אוליביה 300 גרם,מיוצר עי קונדיטוריית,IL,רוטב טריאקי עשיר אול,,300.00,,false,,15.90,0.0530,true,1,58773
7290008849777,false,אוליביה רוטב צילי מתוק 350 גרם,,,אוליביה רוטב צילי מת,,350.00,יח',false,,15.90,0.0454,true,1,58774
7290008975551,false,מטרנה מהדרין חיסכון שלב 3 700גר',מולינו ניקולי s.p.a,IL,מטרנה מהדרין שלב 3,,700.00,יח',false,,55.90,0.0799,true,1,75122
7290009018004,false,פיקדון בקבוק/פחית בו,,,פיקדון בקבוק/פחית בו,יחידה,0.00,יחידה,false,,0.30,0.0000,true,1,53629
7290009018011,false,פיקדון בקבוק/פחיות ש,,,פיקדון בקבוק/פחיות ש,יחידה,0.00,יחידה,false,,1.80,0.0000,true,1,54443
7290009018264,false,פיקדון בקבוק/פחית רב,,,פיקדון בקבוק/פחית רב,יחידה,0.00,יחידה,false,,1.20,0.0000,true,1,54214
7290009174397,false,כריך א לעובד-כשר לפס,,,כריך עובד מגה,יחידה,0.00,יחידה,false,,1.50,0.0000,true,1,107674
7290010002023,false,כורכום הודי טחון 100 גרם,א.ל ייצור ושיווק תבל,IL,מימון כורכום הודי טח,,100.00,יח',false,,12.90,0.1290,true,1,53751
7290010002030,false,כמון טחון 100גרם יורדן,א.ל ייצור ושיווק תבל,IL,מימון כמון במיכל 100,,100.00,יח',false,,12.90,0.1290,true,1,53752
7290010002061,false,פלפל לבן טחון 100 גרם,,,מימון פלפל לבן טחון,,100.00,יח',false,,19.30,0.1930,true,1,53755
7290010002078,false,פלפל שחור טחון 100 גרם,א.ל ייצור ושיווק תבל,IL,מימון פלפל שחור טחון,,100.00,100 גרם,false,,15.90,0.1590,true,1,53756
7290010002092,false,פלפל שחור גרוס דק 90 ג',,,מימון פלפל שחור גרוס,,90.00,יח',false,,15.90,0.1767,true,1,53758
7290010002122,false,פפריקה הונגרית מתוקה 100 גרם,א.ל ייצור ושיווק תבל,IL,מימון פפריקה הונגרית,,100.00,יח',false,,12.90,0.1290,true,1,53761
7290010002139,false,פפריקה הונגרית חריפה 100 גרם,,,מימון פפריקה הונגרית,,100.00,יח',false,,12.90,0.1290,true,1,53762
7290010002214,false,צילי מקסיקני גרוס 70 גרם,TLV צ'יף,IL,מימון צילי גרוס 80 ג,,80.00,יח',false,,12.90,0.1613,true,1,53767
7290010002283,false,מימון תבלין על האש ב,א.ל ייצור ושיווק תבל,IL,מימון תבלין על האש ב,,100.00,100 גרם,false,,12.90,0.1290,true,1,53768
7290010002313,false,תבלין קציצות מרוקני,א.ל ייצור ושיווק תבל,IL,מימון ראס אל חנות 10,,100.00,100 גרם,false,,12.90,0.1290,true,1,53771
7290010002375,false,מימון קארי 100 גרם,א.ל ייצור ושיווק תבל,IL,מימון קארי 100 גרם,,100.00,יח',false,,12.90,0.1290,true,1,53777
7290010002481,false,מימון שום טחון במיכל,,,מימון שום טחון במיכל,,100.00,יח',false,,15.90,0.1590,true,1,53785
7290010002498,false,מימון שום גבישי 120,א.ל ייצור ושיווק תבל,IL,מימון שום גבישי 120,,120.00,100 גרם,false,,15.90,0.1325,true,1,53786
7290010002696,false,אקסטרה ציפס אורז חום מלא שמנת בצל 60 גרם,,BG,אקסטרא צ'יפס אורז חו,,60.00,יח',false,,9.40,0.1567,true,1,487620
7290010003075,false,פפריקה מרוקאית מתוקה 400 גרם,TLV צ'יף,IL,מימון פפריקה מרוקאית,,400.00,יח',false,,27.40,0.0685,true,1,53791
7290010003693,false,פפריקה מתוקה 80 גרם שקית,TLV צ'יף,IL,מימון פפריקה מתוקה ש,,80.00,יח',false,,6.50,0.0813,true,1,53797
7290010003754,false,מימון כמון טחון שקית,TLV צ'יף,IL,מימון כמון טחון שקית,,50.00,יח',false,,6.50,0.1300,true,1,53799
7290010003761,false,מימון כורכום טחון שק,א.ל ייצור ושיווק תבל,IL,מימון כורכום טחון שק,,80.00,יח',false,,6.50,0.0813,true,1,53800
7290010003808,false,זעתר ושומשום 80 גרם שקית,TLV צ'יף,IL,מימון זעתר ושומשום ש,,80.00,יח',false,,6.50,0.0813,true,1,53804
7290010003846,false,מימון אורגנו שקית 20,,,מימון אורגנו שקית 20,,20.00,יח',false,,6.50,0.3250,true,1,53808
7290010004348,false,מימון פ פריקה מתוקה,א.ל ייצור ושיווק תבל,IL,מימון פ פריקה מתוקה,,250.00,100 גרם,false,,24.10,0.0964,true,1,163933
7290010045068,false,עוגיות הנסיכה 250 גרם לחמי,,,עוגיות הנסיכה לחמי 2,,250.00,יח',false,,19.90,0.0796,true,1,79855
7290010065332,false,פרינוק - ג'וניור פתוחי עץ ובננה 190 גרם,,IL,"פרינוק גוניור תפ""ע ב",,190.00,יח',false,,6.90,0.0363,true,1,58793
7290010065349,false,פרינוק גרבר גוניור סלט פירות 190 גר',כלורוקס אוקלנד,,מחית פרינוק גוניור ס,,190.00,יח',false,,6.90,0.0363,true,1,58794
7290010065745,false,ג`וניור פרינוק מחית לפתן פירות 190ג',,,פרינוק ג'וניור לפתן,,190.00,יח',false,,6.90,0.0363,true,1,58802
7290010066513,false,נתחי טונה בשמן צמחי רביעיה *158ג' פילטונה,,,נתחי טונה בשמן צמחי,,632.00,יח',false,,25.90,0.0410,true,1,82020
7290010066575,false,נתחי טונה במים רביעיה *158ג' פילטונה,,,נתחי טונה במים פילטו,,632.00,יח',false,,25.90,0.0410,true,1,82022
7290010066582,false,נתחי טונה בשמן קנולה רביעיה * 158 ג' פילטונה,,,נתחי טונה בשמן קנולה,,632.00,יח',false,,25.90,0.0410,true,1,82023
7290010116980,false,אבקת שוקולית שקית עלית 850 ג',הנסיך- מפעל לייצור ט,IL,שוקולית 850 גרם,,850.00,יח',false,,18.90,0.0222,true,1,77884
7290010118328,false,תפוצ'יפס טבעי 6*40 ג,,,תפוצ'יפס טבעי 6*40 ג,,240.00,יח',false,,14.90,0.0621,true,1,79102
7290010124107,false,סטייקבורגר זהב 400 גר',,,סטייק בורגר 400 גרם,,400.00,יח',false,,20.90,0.0522,true,1,200547
7290010124190,false,שניצל בקר מלינסה 250 ג' אל מטאדור,,,שניצל בקר מלינסה אל,,250.00,יח',false,,15.90,0.0636,true,1,200548
7290010129003,false,עוגיות אוזניים 600 גרם,קריניציה ויטמינה אס,IL,עוגיות אוזניים 600גר,,600.00,יח',false,,22.90,0.0382,true,1,125434
7290010129300,false,עוגיות רייף מרוקאיות 350 גרם,שיבולים א.ד.ל,IL,עוגיות רייף מרוקאיות,,350.00,יח',false,,19.90,0.0569,true,1,76113
7290010129553,false,עוגיות רולדה תמרים 600 גרם,שיבולים א.ד.ל,IL,עוגיות רולדה תמרים 6,,600.00,יח',false,,22.90,0.0382,true,1,200895
7290010129652,false,עוגיות לקפה דולצ'ה ו,שיבולים א.ד.ל,IL,עוגיות לקפה דולצ'ה ו,,350.00,יח',false,,19.90,0.0569,true,1,200993
7290010129676,false,עוגיות מרוקאיות ארוך 350 גרם,,,עוגיות מרוקאיות ארוך,,350.00,יח',false,,19.90,0.0569,true,1,200995
7290010129959,false,עוגיות שמרים 400 גרם דולצה ויטה,שיבולים א.ד.ל,IL,עוגיות שמרים רוגלעך,,400.00,יח',false,,14.90,0.0373,true,1,76127
7290010153688,false,"חומץ טבעי מיה 1 ליטר בד""צ",,,חומץ טבעי מיה 1 ליטר,ליטרים,1.00,ליטר,false,,6.90,6.9000,true,1,70087
7290010153817,false,ממרח ריבת חלב 400 גרם מיה,,IL,ריבת חלב מיה 400 גרם,,400.00,יח',false,,13.90,0.0348,true,1,70098
7290010153879,false,ריבת חלב מרוכזת בטעם שמנת מיה 400 גר',,IL,ריבת חלב בטעם שמנת 4,,400.00,יח',false,,13.90,0.0348,true,1,70104
7290010154005,false,סחוג תימני ביטון 250 ג',תבליני ביטון יוחאי,IL,סחוג תימני ירוק 250,,250.00,יח',false,,16.90,0.0676,true,1,72612
7290010154012,false,לימון כבוש בלאדי ביטון 250 ג',תבליני ביטון יוחאי,IL,לימון כבוש 250 ביטון,,250.00,יח',false,,16.90,0.0676,true,1,72613
7290010154029,false,אריסה מתוקה ביטון 250 ג',,,250 אריסה מתוקה ביטו,,250.00,יח',false,,16.90,0.0676,true,1,72614
7290010154241,false,סלט חזרת ריף ביטון 250 ג',תבליני ביטון יוחאי,IL,סלט חזרת ביטון 250 ג,,250.00,יח',false,,16.90,0.0676,true,1,72616
7290010154265,false,פלפל צ'ומה ביטון 250 ג',תבליני ביטון יוחאי,IL,פלפל צ`ומה ביטון 250,,250.00,יח',false,,16.90,0.0676,true,1,72617
7290010154418,false,יוחאי ביטון סחוג אדו,תבליני ביטון יוחאי,IL,יוחאי ביטון סחוג אדו,,130.00,יח',false,,9.90,0.0762,true,1,72622
7290010154678,false,אריסה מרוקאית ביטון 250 ג' ביטון,תבליני ביטון יוחאי,IL,יוחאי ביטון אריסה מר,,250.00,יח',false,,16.90,0.0676,true,1,180289
7290010154685,false,סלט שום כתוש 250 ג' ביטון,תבליני ביטון יוחאי,IL,סלט שום כתוש 250 גר',,250.00,יח',false,,16.90,0.0676,true,1,180290
7290010192007,false,פטרוזיליה,,,פטרוזיליה,,1.00,,false,,4.90,4.9000,true,1,56417
7290010192014,false,שמיר,,,שמיר,,1.00,,false,,4.90,4.9000,true,1,56418
7290010192021,false,כוסברה,,,כוסברה,,1.00,,false,,4.90,4.9000,true,1,56419
7290010192038,false,שורש פטרוזיליה ארוז,,,שורש פטרוזיליה ארוז,,1.00,,false,,6.90,6.9000,true,1,56420
7290010192045,false,נענע יחידה,חקלאי,IL,נענע יחידה,,1.00,,false,,4.90,4.9000,true,1,56421
7290010192052,false,סלרי עלים (אמריקאי),,,סלרי עלים (אמריקאי),,1.00,,false,,6.90,6.9000,true,1,56422
7290010192069,false,סלרי ראש ארוז,,,סלרי ראש ארוז,,1.00,,false,,6.90,6.9000,true,1,56423
7290010192083,false,מנגולד ארוז,,,מנגולד ארוז,,1.00,,false,,6.90,6.9000,true,1,56424
7290010192137,false,לוף ארוז ליח,,,לוף ארוז ליח,,1.00,,false,,8.90,8.9000,true,1,160110
7290010237531,false,"פפסי קולה פלסטיק 500 מ""ל","טמפו משקאות בע""ם.",IL,פפסי קולה 500 מ'ל,,500.00,,false,,5.90,0.0118,true,1,64669
7290010237562,false,"מרינדה בקבוק 500 מ""ל","טמפו משקאות בע""מ",IL,מירנדה 500 מ'ל,,500.00,,false,,5.90,0.0118,true,1,64671
7290010237685,false,בירה הייניקן 330מל צואר ארוך,טמפו משקאות בע''מ,IL,היינקן בירה צואר ארו,,330.00,,false,,10.90,0.0330,true,1,64677
7290010237784,false,שישייה בקבוקי מכבי שנדי לימון ליים 330 מ,"טמפו משקאות בע""מ",IL,מכבי שנדי לימון ליים,ליטרים,1.98,ליטר,false,,37.90,19.1414,true,1,124100
7290010237890,false,"בירה הייניקן בקבוק 500 מ""ל חוזר",טמפו משקאות בע''מ,IL,הייניקן בירה בקבוק ח,,500.00,,false,,11.50,0.0230,true,1,64685
7290010259823,false,מרק עם נודלס טעם עוף מנת השף 70 גר,נמצ'או(תאילנד) בעמ,TH,נודלס בטעם עוף מנת ה,,70.00,יח',false,,5.90,0.0843,true,1,58262
7290010259830,false,מרק עם נודלס סיני פיקנטי מנת השף 70 גר,נמצ'או(תאילנד) בעמ,TH,נודלס בטעם סיני פיקנ,,70.00,יח',false,,5.90,0.0843,true,1,58263
7290010259847,false,מרק עם נודלס טעם תירס מנת השף 70 גר,יוליניבר,TH,נודלס טעם תירס מנת ה,,70.00,יח',false,,5.90,0.0843,true,1,175616
7290010259977,false,שמן קנולה וילי פוד 1 ליטר,יושלם,PL,שמן קנולה ויליפוד 1,ליטרים,1.00,ליטר,false,,12.90,12.9000,true,1,58270
7290010259991,false,צנימים וילי פוד 250 גרם,,IL,"צנימים בד""ץ וילי פוד",,250.00,יח',false,,8.90,0.0356,true,1,175618
7290010279227,false,"זיקוק 15 ס""מ 6 בשקית",,,זיקוק 15 ס`מ 6 יח`,יחידה,0.00,יחידה,false,,15.90,0.0000,true,1,88566
7290010329977,false,מטבעות שוקולד מריר 42 ג' כרמית,HIQ FOOD PRODUCTS,IL,כרמית מטבעות שוק.מרי,,48.00,יח',false,,6.50,0.1354,true,1,95525
7290010439287,false,מגבת ענק חלק 550 גר מנהטן,,,מגבת גוף ענק חלק,יחידה,0.00,יחידה,false,,39.90,0.0000,true,1,200377
7290010471669,false,יוגורט בר תות קורנפלקס מצופה שוקולד 175 ג' דנונה,"שטראוס בריאות בע""מ",IL,דנונה קראנצ' יוגורט,,175.00,"100 מ""ל",false,,4.90,0.0280,true,1,78579
7290010472390,false,מארז שמינייה מעדן דני שוקולד,מיוצר עי קונדיטוריית,IL,מארז דני שוקולד 8*,,1000.00,,false,,16.90,0.0169,true,1,78584
7290010627004,false,טחינה גולמית מסורתית ירושלים 500 ג',"בראשית ירושלים בע""מ",IL,טחינה ירושלים 500 גר,,500.00,יח',false,,18.90,0.0378,true,1,79856
7290010632534,false,נובי -כוס ומכסה 6 יח,מולינו ניקולי s.p.a,CN,נובי -כוס ומכסה 6 יח,יחידה,0.00,יחידה,false,,32.90,0.0000,true,1,54523
7290010632787,false,צימרוני אוזניים עץ 300יח',הדקלאים אגודת שיתופי,CN,צימרוני אוזניים עץ כ,יחידה,0.00,יחידה,false,,4.90,0.0000,true,1,54534
7290010711550,false,דלי שטיפה עם פיה ( 1,,,דלי שטיפה עם פיה ( 1,יחידה,0.00,יחידה,false,,11.90,0.0000,true,1,68883
7290010766949,false,ממרח תחתיות ארטישוק 180ג' אוליביה,,,אוליביה ממרח ארטישוק,,180.00,יח',false,,14.90,0.0828,true,1,58820
7290010777099,false,פיתה עבודת יד אקספרס מארז 8 יח',מגוון שיווק והפצת מא,,8 פיתות במרקם מיוחד,,800.00,יח',false,,12.90,0.0161,true,1,76969
7290010777297,false,פיתה אקספרס מארז 12יח',מגוון שיווק והפצת מא,,10 פיתות ביס,קילוגרמים,1.00,"ק""ג",false,,15.90,15.9000,true,1,76974
7290010777358,false,מארז שמיניית פיתות 100% כוסמין מלא,מגוון שיווק והפצת מא,,8 פיתות כוסמין מלא 1,,400.00,יח',false,,16.90,0.0422,true,1,76977
7290010777488,false,מארז פיתות 100% מחמצת קמח מלא 500 גרם,מאפיית ביכורים מזון,IL,פיתה מחמצת מקמח מלא,יחידה,0.00,יחידה,false,,17.90,0.0000,true,1,483282
7290010777525,false,פיתות 100% כוסמין דק 99 קל 6 יח,מאפיית ביכורים מזון,IL,פיתות קוסמין-פיתה אק,,50.00,יח',false,,17.90,0.3580,true,1,483283
7290010814251,false,שלשות שוקולד חלב 85 גר*3 בלמינט*18 בקרט בדצ,כרמית תעשיות ממתקים,IL,שוקולד חלב אגו 3 יח',,255.00,יח',false,,11.90,0.0467,true,1,95528
7290010838219,false,סטיביה 100 שקיות 100 גרם מרמולייט,תות ממתקי איכות,IL,סטיביה 100 שקיות,,100.00,יח',false,,33.90,0.3390,true,1,61136
7290010839865,false,רוטב רכז רימונים ויליפוד 320 ג',יושלם,TR,רוטב רימונים 320 גרם,,320.00,,false,,11.90,0.0372,true,1,58277
7290010931330,false,מטבוחה אחלה 500 גר',מיוצר עי קונדיטוריית,IL,אחלה מטבוחה 500ג,,500.00,100 גרם,false,,16.90,0.0338,true,1,78587
7290010945146,false,קוטג' 3% מועשר בסידן טרה 250 ג' מהדרין,טרה,IL,טרה קוטג מועשר 3% 25,,250.00,יח',false,,5.90,0.0236,true,1,61632
7290010945306,false,חלב 3% בקרטון 2 ל' טרה,טרה,IL,טרה חלב בקרטון 3% 2,ליטרים,2.00,ליטר,false,,12.46,6.2300,true,1,61634
7290010945450,false,גבינה לבנה 3% 250 גר מועשר בסידן וויטמין,טרה,,טרה גבינה לבנה מהדרי,,250.00,יח',false,,4.98,0.0199,true,1,61636
7290011017866,false,"קוקה קולה פחית 330 מ""ל",החברה המרכזית לייצור,IL,קוקה קולה פחית סליק,,330.00,,false,,5.70,0.0173,true,1,62193
7290011017873,false,"קוקה קולה זירו פחית 330 מ""ל",החברה המרכזית לייצור,IL,ZERO קולה פחית סליק,,330.00,,false,,5.50,0.0167,true,1,62194
7290011018443,false,"פנטה אורנג פחית סליק 330 מ""ל",החברה המרכזית לייצור,IL,פאנטה אורנג פחית סלי,,330.00,,false,,5.70,0.0173,true,1,62217
7290011018474,false,"סומרסבי סיידר תפוחים אלכוהולי 300 מ""ל","קרלסברג קרואטיה , יב",HR,סמרסבי סיידר 330 מ`ל,,330.00,,false,,9.90,0.0300,true,1,62219
7290011064099,false,טאפס שכונתי פלפלוני ניצן 125 ג',"ניצן מותגי מזון בע""מ",,נועם פלפלוני שרי ממו,,125.00,יח',false,,22.90,0.1832,true,1,61416
7290011065416,true,פלפל שחור מטחנה 60 ג,,,פלפל שחור מטחנה 60 ג,,60.00,יח',false,,19.70,0.3283,true,1,138512
7290011126209,false,תה הגן הקסום תפוח וקינמון - סיידר 25 שקיקים,HIQ FOOD PRODUCTS,IL,תה הגן הקסום תפוח וק,,55.00,יח',false,,19.90,0.3618,true,1,79859
7290011126452,false,חליטת קמומיל ונענע 25 שקיקים גן קסום,HIQ FOOD PRODUCTS,IL,תה קמומיל ונענע 1.5ג,,37.50,יח',false,,19.90,0.5307,true,1,79867
7290011126957,false,תה ירוק ויסוצקי ארל גריי 25 שקיקים,HIQ FOOD PRODUCTS,IL,תה ירוק ארל גריי T.T,,37.50,יח',false,,26.90,0.7173,true,1,79876
7290011131388,false,מיזלי 1 קג קרנצ תפוח&קינמ,ויטליאה ניקולה דו,MK,מיזלי קראנצ' תפוח קי,קילוגרמים,1.00,"ק""ג",false,,27.90,27.9000,true,1,124607
7290011132507,false,"סודה סן בנדטו מוגז עדין 500מ""ל",אקווה מינרלה סאן בנד,IT,סאן בנדטו מוגז עדין,,500.00,,false,,6.50,0.0130,true,1,64693
7290011148911,false,פלפלים מתוקים טינקרב,חקלאי,IL,פלפלים מתוקים טינקרב,,300.00,יח',false,,9.90,0.0330,true,1,56479
7290011194215,false,מעדן גבינה ויוגורט בטעם בננה 5% שומן 88 ג' דניאלה,"שטראוס בריאות בע""מ",IL,"דניאלה בננה 150 מ""ל",,150.00,,false,,4.50,0.0300,true,1,78588
7290011194246,false,קוטג' 5% שומן 250 ג' שטראוס,מיוצר עי קונדיטוריית,IL,קוטג שטראוס 5% עם סי,,250.00,יח',false,,6.20,0.0248,true,1,78589
7290011249748,false,רולים גלילי ופל במילוי קרם שוקולד 100 ג' עלמה,גילרו,,גילרו רולים שוקו 100,,100.00,100 גרם,false,,5.40,0.0540,true,1,178756
7290011254032,false,קינואה מיה 500 גרם,מיה,IL,קינואה 500 גרם,,500.00,יח',false,,15.90,0.0318,true,1,70112
7290011254254,false,שוקולד צ'יפס מיה 300 גר',,,שוקולד ציפס 300גר,,300.00,יח',false,,9.80,0.0327,true,1,172259
7290011254728,false,"ג'לטין טהור 25ג' בד""ץ",מיה,IL,ג'לטין טהור 25 גר' ב,,25.00,יח',false,,11.60,0.4640,true,1,70155
7290011254773,false,שעועית ארגנטינאית יבשה מיה 500 גר',מיה,IL,שעועית ארגנטינאית 50,,500.00,יח',false,,12.90,0.0258,true,1,70159
7290011378028,false,"חלבה לל""ס משומשום מלא בארכה 350ג'",רושדי תעשיות מזון בע,IL,בארכה חלבה וניל ללא,,350.00,יח',false,,16.90,0.0483,true,1,75125
7290011379018,false,מארז משפחתי שמפיניון 500 ג' מרינה,מרינה,IL,פטריות צמד חמד,,500.00,יח',false,,16.90,0.0338,true,1,56483
7290011447267,false,מטרנה פרימיום חלבי שלב 1 700 גרם חיסכון,מטרנה תעשיות ש.מ,IL,מטרנה חלבי שלב 1 70,,700.00,יח',false,,55.90,0.0799,true,1,75139
7290011474003,false,שמן קוקוס אורגני כתית 300 גר תבואות,אדמג'י לוקמנג'י,,שמן קוקוס כתית אורגנ,,300.00,,false,,18.90,0.0630,true,1,58547
7290011474683,false,מגידרה קינואה אורגנית 500 גרם תבואות,,,מגדרה קינואה אורגנית,,500.00,יח',false,,22.90,0.0458,true,1,128381
7290011499105,false,גבינה בולגרית מלוחה 5% 250 ג' גד,ג'נרל מילס סאן אדריא,IL,גד בולגרית 5% 250ג,,250.00,יח',false,,25.60,0.1024,true,1,69815
7290011499112,false,גבינה בולגרית 16% 250 ג' גד,"מיוצר ע""י dsh",IL,גד בולגרית 16% 250ג,,250.00,יח',false,,25.60,0.1024,true,1,69816
7290011499129,false,"גבינה בולגרית קוביות קטנות מעודנת 5% 200 ג""ר",קוד יצרן DSH,IL,גד בולגרית מעודנת קו,,200.00,יח',false,,26.60,0.1330,true,1,69817
7290011499303,false,גבינת עיזים בולגרית מעודנת 5% 250 גר',ג'נרל מילס סאן אדריא,IL,פטה עיזים מעודנת 5%,,250.00,יח',false,,35.20,0.1408,true,1,69821
7290011499327,false,גבינה בולגרית מעודנת חלב בקר 250 גר,מיוצר על ידי DSH עבו,IL,גד בולגרית בקר מעודנ,,250.00,יח',false,,25.60,0.1024,true,1,69823
7290011499365,false,גבינה חלומי נענע גד,"מחלבות גד בע""מ",IL,גד חלומי 24% 200ג,,200.00,יח',false,,24.50,0.1225,true,1,69827
7290011499419,false,גבינה במרקם שמנת 5% שומן 200 ג' גד,מחלבות גד,IL,גבינה במרקם שמנת 5%,,200.00,יח',false,,12.90,0.0645,true,1,174096
7290011499624,false,גבינת שמנת טבעי 30% שומן 200 ג' גד,מחלבות גד,IL,גד ניו יורק גבינת שמ,,200.00,יח',false,,15.20,0.0760,true,1,69833
7290011499846,false,גבינת ריקוטה פרסקה 9% 300 ג' גד,מחלבות גד בעמ,IL,גד ריקוטה פרסקה 5% 3,,300.00,יח',false,,20.50,0.0683,true,1,69846
7290011515911,false,שלגון לייט ריבת חלב מאגדת 6 יח',גלידות נסטלה (נגה גל,IL,מאגדת לייט ריבת חלב,,312.00,יח',false,,33.90,0.1087,true,1,71272
7290011518561,false,"אקטימל תות משפחתי מארז 14X100מ""ל",מיוצר עי קונדיטוריית,IL,אקטימל תות משפחתי 14,ליטרים,1.40,ליטר,false,,33.90,24.2143,true,1,78600
7290011525712,false,"קמיל בלו סנסיטיב אל סבון לפני השינה, 1 ליטר",,,קמיל בלו סנסיטיב לפנ,יחידה,0.00,יחידה,false,,34.90,0.0000,true,1,84949
7290011530358,false,שייק איט 450 גרם friday מיקס פירות קפוא,"הבו-קדו בע""מ",IL,שייק איט(3*150 גר')-,,450.00,יח',false,,33.90,0.0753,true,1,319043
7290011530488,false,שייק איט 450 גר saturday מיקס פירות קפוא,"הבו-קדו בע""מ",IL,שייק איט(3*150 גר')-,,450.00,יח',false,,33.90,0.0753,true,1,319059
7290011530747,false,מיקס פירות קפואים שייק איט סגול - 3*150 ג',"הבו-קדו בע""מ",IL,שייק איט יום רביעי 4,,450.00,יח',false,,33.90,0.0753,true,1,286639
7290011553883,false,פרורים מוזהבים שקית,,,פרורים מוזהבים שקית,,800.00,יח',false,,12.90,0.0161,true,1,558129
7290011570507,false,"קמח נטול גלוטן כרגיל 1 ק""ג",קרלו,IL,קמח נטול גלוטן כרגיל,,450.00,יח',false,,20.90,0.0464,true,1,121671
7290011570781,false,קמח כרגיל בטעם וניל 450 גר ללא גלוטן,,,קמח נטול גלוטן כרגיל,,450.00,יח',false,,20.90,0.0464,true,1,177667
7290011593087,false,"שמן זית כתית מעולה 750 מ""ל סבא חביב",סאן אויל עיבוד ושיוו,IL,סבא חביב שמן זית כתי,,750.00,,false,,33.90,0.0452,true,1,104656
7290011598402,false,סנו מקסימה מרכך כביסה וויט מילק 4 ליטר,סאנו,IL,מרכך כביסה סנו מקסימ,ליטרים,4.00,ליטר,false,,23.90,5.9750,true,1,86065
7290011607180,false,"אבקת כביסה קולון 101 1.25 ק""ג",ריקט בנקיזר ( ניר אי,IL,"קולון 101 1.25 ק""ג",קילוגרמים,1.25,"ק""ג",false,,16.90,13.5200,true,1,76630
7290011607197,false,"אבקת כביסה קולון 101 5 ק""ג",רקיט בנקיזר,IL,"קולון 101 5 ק""ג",קילוגרמים,5.00,"ק""ג",false,,42.90,8.5800,true,1,76631
7290011615260,false,"טורטייה 20 ס""מ קוטר וילי פוד 540 גר",מוטלוקל גידה סאנאי ט,TR,"עלי טורטיה בד""ץ וילי",,540.00,יח',false,,8.90,0.0165,true,1,175622
7290011622756,false,ביסקוויטמינים פלוס שוקו 150 גר,,,ביסקוויטמינים פלוס ש,,150.00,יח',false,,17.50,0.1167,true,1,300425
7290011668587,false,חגיגת גרנולה טעם עשיר 500 גרם,,,גרנולה בטעם עשיר פני,,500.00,יח',false,,28.90,0.0578,true,1,176949
7290011723200,false,טחינה הר ברכה 100% שומשום טהור 500 גר,הר ברכה תעשיות,,טחינה הר ברכה טחינה,,500.00,יח',false,,21.90,0.0438,true,1,136721
7290011765217,false,"סנו מדיק ג'ל לניקוי ידיים אלוורה 100 מ""ל",גוד פוד פרודקטס S.p,IL,ס. מדיק היגניק ג'ל ל,,100.00,,false,,10.90,0.1090,true,1,86073
7290011765446,false,אורביטול - משחת שיניים לילדים בוב ספוג בטעם ענבים 70 גרם,טרופיקל דגיל תעשיות,IL,משחת שיניים בוב ספוג,,50.00,"100 מ""ל",false,,8.90,0.1780,true,1,86086
7290011765613,false,סנו מסיר עובש בניחות לימון מתז 1 ל',,IL,סנו מתז מסיר עובש בנ,ליטרים,13.00,ליטר,false,,19.90,1.5308,true,1,202089
7290011800840,false,טחינה בלאדי רפי כהן 400 ג' צבר,סלטי צבר,IL,צבר רפי כהן טחינה בל,,400.00,יח',false,,18.90,0.0472,true,1,75900
7290011860271,false,תפוגן ביסבול טבעי 700 גר,"תעשיות תפוגן בע""מ",IL,תפוגן ביס בול טבעי 7,,700.00,יח',false,,18.90,0.0270,true,1,75902
7290011877156,false,סנופרש מטהר אויר בניחוח מאסק 375 מל,מיוצר עי קונדיטוריית,IL,סנו פרש ענק מאסק 375,,375.00,,false,,11.90,0.0317,true,1,86091
7290011877446,false,"קרם בייבי כיף למניעת גירויים 100 מ""ל",קוסמופארם בע''מ,IL,קרם נגד גירויים בייב,,100.00,יח',false,,12.90,0.1290,true,1,86092
7290011947743,false,זיתים זיתא מיקס זית ירוק וזית קלמטה 215 גרם,ויסוצקי,IL,מיקס זית ירוק וזית ק,,215.00,יח',false,,15.90,0.0740,true,1,251750
7290011964344,false,תבלין שום גבישי 120 ג',תות ממתקי איכות,IL,שום גבישי 120 גר' במ,,120.00,יח',false,,10.90,0.0908,true,1,102772
7290011964689,false,תבלין תיבול על האש ללא מונוס' 100ג',תות ממתקי איכות,IL,תבלין על האש ללא מונ,,100.00,יח',false,,10.90,0.1090,true,1,102786
7290012019265,false,"רסק תפוֿֿֿֿ""ע פלסטיק דיאט 4יח'12X",Cherry growers inc,,"מחית תפו""ע ללא סוכר",,452.00,יח',false,,11.90,0.0263,true,1,80178
7290012022203,false,קליליות חיטה מלאה די,דילייט,,קליליות חיטה מלאה די,,100.00,יח',false,,14.90,0.1490,true,1,177800
7290012022227,false,קליליות חיטה טעם טבעי,דילייט,,קליליות בטעם טבעי די,,60.00,יח',false,,13.90,0.2317,true,1,177801
7290012022272,false,פריכיות קליליות קידס,דילייט,,פריכיות קליליות קידס,יחידה,0.00,יחידה,false,,13.90,0.0000,true,1,177802
7290012086113,false,עגבניות שרי צימן קופסא 500ג',ירקט,IL,עגבניות שרי,,500.00,יח',false,,9.90,0.0198,true,1,56488
7290012116537,false,"סנו מקסימה אבקת כביסה 2.5 ק""ג מאסק",טרופיקל דגיל תעשיות,IL,אבקת כביסה סנו מקסימ,קילוגרמים,2.50,"ק""ג",false,,28.90,11.5600,true,1,86114
7290012117091,false,אבקת -כביסה סנו מקסימה סנסיטיב 6 קג,הורביץ סחר,IL,אבקת כביסה סנו מקסימ,קילוגרמים,6.00,"ק""ג",false,,51.90,8.6500,true,1,86133
7290012117275,false,"סנו קליר שקית מילוי 750 מ""ל",טרופיקל דגיל תעשיות,IL,סנוקליר שקית מילוי 7,,750.00,,false,,7.90,0.0105,true,1,86134
7290012117350,false,סנו ריצפז פרש 2 ליטר לילך לבנדר,"סנו מפעלי ברונוס בע""",IL,ריצפז פרש לילך לבנדר,ליטרים,2.00,ליטר,false,,19.90,9.9500,true,1,86135
7290012117435,false,"קרמה - שמפו וג'ל רחצה 2 ב-1 אלוורה 700 מ""ל",טרופיקל דגיל תעשיות,IL,שמפו וג'ל רחצה אלוור,,700.00,,false,,19.90,0.0284,true,1,86142
7290012117541,false,מרכך כביסה מקסימה קומפקט צהוב 1 ל' סנו,,IL,סנו מקסימה מרכך קומפ,יחידה,0.00,יחידה,false,,18.90,0.0000,true,1,86145
7290012117558,false,מרכך כביסה קומפקט מאסק ורוד סנו מקסימה 1 ל',"סנו מפעלי ברונוס בע""",IL,סנו מקסימה מרכך קומפ,יחידה,0.00,יחידה,false,,18.90,0.0000,true,1,86146
7290012117565,false,כפפות לטקס 100 יח' - S סנו סושי,,,סנו סושי 100 כפפות ל,יחידה,0.00,יחידה,false,,46.90,0.0000,true,1,86147
7290012117572,false,כפפות לטקס 100 יח' - M סנו סושי,ווינפאק,TH,M סנו סושי כפפות לטק,יחידה,0.00,יחידה,false,,46.90,0.0000,true,1,86148
7290012117732,false,סנו - מקסימה מרכך כביסה קול שחור 4 ליטר,"סנו מפעלי ברונוס בע""",IL,מרכך כביסה סנו מקסימ,ליטרים,4.00,ליטר,false,,23.90,5.9750,true,1,86151
7290012117916,false,סנו אינסטלאטור פותח סתימות נוזלי 1 ל',"סנו מפעלי ברונוס בע""",IL,סנו אינסטלאטור פותח,יחידה,0.00,יחידה,false,,30.90,0.0000,true,1,86157
7290012159275,false,מיונז אמיתי 430 גרם LINA,,,מיונז לינה 430גר' כש,,430.00,יח',false,,15.90,0.0370,true,1,66289
7290012191084,false,המנגליסט גפרורים עשי,,IN,המנגליסט גפרורים עשי,יחידה,0.00,יחידה,false,,3.90,0.0000,true,1,62867
7290012212154,false,מלפפון במלח קטן מוטו,מוטולה,IL,מלפפון במלח קטן בצנצ,,560.00,יח',false,,14.60,0.0261,true,1,487966
7290012226120,false,מב זוגלובק קבנוס 135,זוגלובק,IL,זוגלובק קבנוס 135ג.,,135.00,יח',false,,13.90,0.1030,true,1,96006
7290012226342,false,נקניקיות מן הצומח עשירה בחלבון זוגלוס 460 ג',,,נקניקיה מן הצומח טבע,,460.00,יח',false,,34.90,0.0759,true,1,179359
7290012227912,false,קבנוס עודן 135 ג' זוגלובק,,IL,קבנוס מעודן זוגלובק,,135.00,יח',false,,13.90,0.1030,true,1,96056
7290012227974,false,פסטרמה דק דק בדבש 120 ג' זוגלובק,זוגלובק,IL,זוגלובק פסטרמה בדבש,,120.00,יח',false,,15.90,0.1325,true,1,166179
7290012227998,false,פסטרמה דק דק חזה בקר 120 ג' זוגלובק,זוגלובק,IL,זוגלובק חזה בקר 12,,120.00,יח',false,,15.90,0.1325,true,1,166181
7290012313141,false,מלפפון פרוס במלח A2 ק.יבנה 540ג',אף.סי תבליני בגליל ב,IL,פרוסות מלפפון במלח י,,540.00,יח',false,,7.90,0.0146,true,1,105545
7290012313240,false,יבנה זיתים מיקס ירוק וקלמטה 560 גר',,,מיקס זית ירוק וקלמטה,,560.00,יח',false,,13.90,0.0248,true,1,330351
7290012367700,false,קרם גוף אפקטיב קר שיבולת שועל 700 מל,,,קרם גוף שיבולת שועל,,700.00,,false,,34.90,0.0499,true,1,155246
7290012372124,false,"קמח כוסמין 100% 1 ק""ג רובינפלד",,,קמח כוסמין 100% רובי,קילוגרמים,1.00,"ק""ג",false,,18.90,18.9000,true,1,178389
7290012372209,false,"קמח חיטה לבן 1 ק""ג רובינפלד",,,קמח חיטה לבן מנופה ר,קילוגרמים,1.00,"ק""ג",false,,8.90,8.9000,true,1,469881
7290012372247,false,"קמח כוסמין לבן 1 ק""ג רובינפלד",,,קמח כוסמין לבן רובינ,קילוגרמים,1.00,"ק""ג",false,,18.90,18.9000,true,1,469910
7290012413636,false,תה ירוק צאי מסאלה 25 שקיקים 1.5 גרם,HIQ FOOD PRODUCTS,IL,תה ירוק צ'אי T.Tשמינ,,37.50,יח',false,,26.90,0.7173,true,1,79895
7290012557699,false,סביבון אור בליסטר,,,בליסטר סביבון אור,יחידה,0.00,יחידה,false,,3.90,0.0000,true,1,189976
7290012576614,false,פרימייר לבן ריזלינג,יקבי ברקן שיווק והפצ,IL,ברקן יין פרמייר לבן,,750.00,,false,,26.90,0.0359,true,1,64727
7290012642586,false,ערמונים קלופים תומר 100 ג',Tangshan huiyuan foo,IL,ערמונים קלופים וקלוי,,100.00,יח',false,,5.90,0.0590,true,1,80209
7290012803215,false,וופל בלגי בטעם שוקולד 200 גר טוסו,בטר אנד דיפרנט,IL,טוסו וופל בלגי שוקול,,200.00,יח',false,,11.90,0.0595,true,1,61221
7290012803451,false,טוסו מרי שוקולד מריר מעולה 62% 100 גרם,,,טוסו שוקלד מריר 62%,,100.00,יח',false,,12.90,0.1290,true,1,61228
7290012823251,false,אל סבון כיף יסמין לבנדר 1 ליטר,,,אל סבון יסמין לבנדר,ליטרים,1.00,ליטר,false,,14.90,14.9000,true,1,86190
7290012823381,false,מרכך כביסה מקסימה סנסיטיב מרוכז ורוד 1 ל' סנו,"סנו מפעלי ברונוס בע""",IL,סנו מקסימה סנסטיב מר,יחידה,0.00,יחידה,false,,18.90,0.0000,true,1,86192
7290012823398,false,מטליות חד פעמיות לניקוי הרצפה בניחוח מרכך כביסה 10יח' סנו,סנו מפעלי ברונו בעמ,IL,ריצפז מטליות לחות בנ,יחידה,0.00,יחידה,false,,12.90,0.0000,true,1,147652
7290012823558,false,סנו סושי מטליות לחות לריצפה ענק 10 יח,סנו מפעלי ברונוס בעמ,IL,סנו סושי מטליות ענק,יחידה,0.00,יחידה,false,,13.90,0.0000,true,1,86197
7290012823923,false,"מרכך כביסה פרפיום גולדן מקסימה 750 מ""ל סנו",סנו מפעלי ברונוס בעמ,IL,סנו מקסימה מרכך פרפי,,750.00,,false,,19.90,0.0265,true,1,86215
7290012823947,false,"סנו - מרכך כביסה מרוכז פרפיום קריסטל נואר 750 מ""ל",מיוצר עי קונדיטוריית,IL,סנו מקסימה מרכך פרפי,,750.00,"100 מ""ל",false,,19.90,0.0265,true,1,86217
7290012850035,false,מחית ביליבד תפוח ואפרסק 190ג',,,תפוח ואפרסק 190גרם B,,190.00,יח',false,,5.90,0.0311,true,1,85244
7290012884986,false,צ'יפס לתנור קפוא תפוגן 1.5קר:ג,"תעשיות תפוגן בע""מ",IL,תפוגן ציפס לתנור עד,קילוגרמים,1.50,"ק""ג",false,,31.90,21.2667,true,1,75919
7290012901355,false,דודלס ארוחת אטריות עם גבינה 206 גרם,האי נאם סי או אל.טי.,US,דודלס ארוחת איטריות,,206.00,יח',false,,11.90,0.0578,true,1,126940
7290012931116,false,"מגב חד להב 40 ס""מ SH",,,"מגב חד להב 40 ס""מ SH",יחידה,0.00,יחידה,false,,23.90,0.0000,true,1,68897
7290012936944,false,תבלינים אגוז מוסקט טחון 40 גרם,,,מימון אגוז מוסקט טחו,,40.00,יח',false,,15.90,0.3975,true,1,53860
7290012938405,false,דיימונד רדיד אלומיניום עבה במיוחד 7 מטר,,IL,דאיימונד נייר כסף 87,,7.60,,false,,19.70,2.5921,true,1,59144
7290012938580,false,"סנסודיין משחת שיניים להלבנה עדינה 75 מ""ל",גלקסוסמית'קליין קונס,,משחת שיניים הלבנה עד,,75.00,,false,,22.70,0.3027,true,1,59146
7290012938740,false,"משחת שיניים פרש מינט מנטה 75מ""ל סנסודיין",DE MICLEN,,משחת שיניים פרש מינט,,75.00,,false,,22.70,0.3027,true,1,59148
7290012962929,false,כפפות ניטריל סייף טא,,,כפפות ניטריל סייף טא,יחידה,0.00,יחידה,false,,29.90,0.0000,true,1,473932
7290012962936,false,כפפות ניטריל סייף טא,,,כפפות ניטריל סייף טא,יחידה,0.00,יחידה,false,,29.90,0.0000,true,1,473933
7290013027399,false,לחם קמח מלא קל בתוספת שיפון 750 ג' אנג'ל,מאפיית שלמה א. אנג'ל,IL,לחם 100 בתוספת שיפון,,750.00,יח',false,,15.90,0.0212,true,1,126690
7290013083661,false,מטרנה אקסטרה קר שלב 1 חסכון 700 גר,מטרנה תעשיות ש.מ,IL,מטרנה אקסטרה קר חסכו,,700.00,יח',false,,64.90,0.0927,true,1,75148
7290013083678,false,מטרנה אקסטרה קר שלב 2 חסכון 700 גר,מולינו ניקולי s.p.a,IL,מטרנה אקסטרה קר שלב,,700.00,יח',false,,64.90,0.0927,true,1,75149
7290013117243,false,בורקס פילו בולגרית מעדנות 600 ג',מיוצר עי קונדיטוריית,IL,בורקס פילו בולגרית מ,,600.00,יח',false,,24.90,0.0415,true,1,92412
7290013117410,false,בצק פריך מרודד למאפים מתוקים 900 ג' מעדנות,מיוצר עי קונדיטוריית,IL,מעדנות בצק פריך מרוד,,900.00,יח',false,,27.90,0.0310,true,1,92415
7290013117526,false,בצק שמרים למאפים מתוקים מעדנות 900 ג',"מעדנות בע""מ",IL,מעדנות בצק שמרים למא,,900.00,יח',false,,27.90,0.0310,true,1,92419
7290013121028,false,לחם לבן ללא גלוטן 500 גר קפוא,דולפין ספא,IL,לחם לבן ללא גלוטן גר,,500.00,יח',false,,20.90,0.0418,true,1,126199
7290013121127,false,לחמניות מיני ללא גלוטן 420 גר קפוא,דולפין ספא,IL,לחמניות מיני ללא גלו,,480.00,יח',false,,20.90,0.0435,true,1,87706
7290013121158,false,רביעיית לחמניות סנדויץ 460 גר קפוא,דולפין ספא,IL,רביעיית לחמניות סנדב,,460.00,יח',false,,20.90,0.0454,true,1,145792
7290013121165,false,שישיית לחמניות ללא גלוטן 460 גר קפוא,דולפין ספא,IL,"לחמניות נקניקיה כשל""",,460.00,100 גרם,false,,20.90,0.0454,true,1,174704
7290013144140,false,תערובת להכנת סופגניות ודונאט 600 גרם,מיוצר עי קונדיטוריית,IL,מימונס תערובת לסופגנ,,600.00,יח',false,,17.90,0.0298,true,1,176705
7290013144232,false,פודינג בטעם וניל מימונס 80 ג',מיוצר עי קונדיטוריית,IL,פודינג וניל מימונס 8,,80.00,יח',false,,6.50,0.0813,true,1,70514
7290013144270,false,קרם פטיסייר מימונס 100 ג',מיוצר עי קונדיטוריית,IL,קרם פטיסייר 100 גרם,,100.00,יח',false,,10.90,0.1090,true,1,70517
7290013144393,false,"תמצית בטעם וניל מימונס 50 מ""ל",מיוצר עי קונדיטוריית,IL,תמצית בטעם וניל 50גר,,50.00,יח',false,,5.50,0.1100,true,1,70525
7290013144751,false,סירופ בטעם מייפל מימונס 500 ג',,,מימונס סירופ בטעם מי,,500.00,"100 מ""ל",false,,14.90,0.0298,true,1,70536
7290013144768,false,סירופ בטעם שוקולד מימונס 500ג',,,מימונס סירופ בטעם שו,,500.00,"100 מ""ל",false,,14.90,0.0298,true,1,70537
7290013145017,false,אגוז מלך קלוף מימונס 100 ג',,,מימונס אגוז מלך קלוף,,100.00,יח',false,,12.90,0.1290,true,1,70542
7290013145031,false,אגוזי לוז מסוכרים מימונס 100 ג',מיוצר עי קונדיטוריית,IL,מימונס ברס אגוזי לוז,,100.00,יח',false,,13.90,0.1390,true,1,70544
7290013145093,false,שקד מולבן גרוס מימונס 100 ג',,,מימונס שקד מולבן גרו,,100.00,יח',false,,13.90,0.1390,true,1,70548
7290013145109,false,שקד מולבן טחון מימונס 100 ג',,,מימונס שקד מולבן טחו,,100.00,יח',false,,13.90,0.1390,true,1,172261
7290013145116,false,שקד מולבן מקלות מימונס 100 ג',,,מימונס שקד מולבן מקל,,100.00,יח',false,,13.90,0.1390,true,1,70550
7290013145130,false,מימונס שקד מולבן חצו,,,מימונס שקד מולבן חצו,,100.00,יח',false,,13.90,0.1390,true,1,70552
7290013145178,false,קוקוס טחון לבן מימונס 100 ג',,IL,קוקוס טחון לבן 100 ג,,100.00,יח',false,,5.90,0.0590,true,1,70555
7290013145192,false,שומשום מימונס 100 ג',,,שומשום 100גר,,100.00,יח',false,,6.90,0.0690,true,1,70556
7290013145277,false,עלים לקמשניט מימונס 300 גרם,,IL,עלים לקרמשניט 300 גר,,300.00,100 גרם,false,,19.90,0.0663,true,1,138727
7290013145390,false,שוקולד ציפס מימונס 250 ג',אינטרגטה תעשיות מזון,IL,מימונס שוקולד ציפס מ,,250.00,יח',false,,9.90,0.0396,true,1,70560
7290013145451,false,אבקת קקאו מימונס 150 ג',מיוצר עי קונדיטוריית,IL,מימונס קקאו 150 גר,,150.00,100 גרם,false,,10.90,0.0727,true,1,70565
7290013145628,false,סוכריות צבעוניות לקישוט מימונס 200 ג',א.ל ייצור ושיווק תבל,IL,סוכריות צבעוניות לקי,,200.00,יח',false,,9.90,0.0495,true,1,172262
7290013145710,false,דובדבנים מסוכרים מימונס 100 ג',מיוצר עי קונדיטוריית,IL,דובדבנים מסוכרים 100,,100.00,יח',false,,9.90,0.0990,true,1,70578
7290013145840,false,סוכר וניל מימונס 10* 10 ג',מיוצר עי קונדיטוריית,IL,מימונס סוכר וניל 10*,,100.00,יח',false,,3.50,0.0350,true,1,70587
7290013145857,false,מימונס אבקת אפיה 10* 10ג',י. כהן בעמ,IL,אבקת אפיה 10* 10 גרם,,100.00,יח',false,,3.50,0.0350,true,1,70588
7290013145901,false,סודה לשתיה מימונס 100 ג',,,סודה לשתיה 100 גרם,,100.00,יח',false,,2.90,0.0290,true,1,70591
7290013145918,false,אבקת סוכר 100 ג' מימונס,א.ל. ייצור ושיווק תב,IL,אבקת סוכר 100 גרם,,100.00,יח',false,,2.90,0.0290,true,1,70592
7290013145956,false,שמרים יבשים בוואקום מימונס 500 ג',הנסיך- מפעל לייצור ט,CN,מימונס שמרים יבשים ב,,500.00,100 גרם,false,,14.90,0.0298,true,1,70595
7290013145963,false,שמרים יבשים בוואקום מימונוס 125 ג',,,מימונס שמרים יבשים ב,,125.00,יח',false,,7.90,0.0632,true,1,70596
7290013145970,false,קורנפלור מימונס בשקית 200 ג',א.ל ייצור ושיווק תבל,IL,מימונס קורנפלור 200,,200.00,יח',false,,4.90,0.0245,true,1,70597
7290013146243,false,פודינג בטעם וניל מימונס 320 גרם,,,פודינג בטעם וניל 320,,320.00,יח',false,,20.90,0.0653,true,1,519660
7290013146304,false,קורנפלור מימונס 500 ג',,,מימונס קורנפלור 500,,500.00,יח',false,,7.90,0.0158,true,1,172263
7290013146656,false,כוכבים תכלת ירוק לבן לקישוט 60 גרם,"מימונס אפיה בע""מ",IL,כוכבים צבעוניים לקיש,יחידה,0.00,יחידה,false,,12.90,0.0000,true,1,280808
7290013146724,false,אבקת אייס קפה 350 גרם מימונס,,,אייס קפה להכנה ביתית,,350.00,יח',false,,19.90,0.0569,true,1,428814
7290013153593,false,מיץ תפוזים מתקתק 1 ליטר,"גת גבעת חיים,",IL,פריגת סחוט תפוזים מת,ליטרים,1.00,ליטר,false,,13.00,13.0000,true,1,139305
7290013203182,false,שרי מנומר -ליקופן,,,שרי מנומר -ליקופן,,200.00,יח',false,,10.90,0.0545,true,1,56506
7290013267665,false,מאגדת מיני סולרו פירות טרופי 6 יח' 354 ג',"מיוצר ע""י גלידת שטרא",IL,סולרו מאגדת מיני *,,354.00,יח',false,,28.90,0.0816,true,1,59494
7290013268037,false,סנו מקסימה מרכך כביסה פצ''ולי מרוכז סגול 1 ל',,,סנו מקסימה פצ'ולי מר,יחידה,0.00,יחידה,false,,18.90,0.0000,true,1,86220
7290013268891,false,אוקסיג'ן ג'ל מסיר כתמים 3 ל' סנו,"סנו מפעלי ברונוס בע""",IL,סנו אוקסיג'ן 3 ליטר,ליטרים,3.00,ליטר,false,,32.90,10.9667,true,1,86256
7290013268983,false,מרכך כביסה סופר מרוכז בבישום עוצמתי סנו מקסימה 1 ל',"סנו מפעלי ברונוס בע""",IL,מקסימה מרכך כביסה בב,יחידה,0.00,יחידה,false,,18.90,0.0000,true,1,372343
7290013268990,false,סנו - מקסימה מרכך כביסה מרוכז ביו 1 ליטר,"סנו מפעלי ברונוס בע""",IL,סנו מקסימה מרכך מרוכ,יחידה,0.00,יחידה,false,,18.90,0.0000,true,1,86260
7290013269003,false,סנו - מקסימה מרכך כביסה מרוכז בייבי 1 ליטר,"סנו מפעלי ברונוס בע""",IL,סנו מקסימה קר בייבי,ליטרים,1.00,ליטר,false,,20.90,20.9000,true,1,86261
7290013269287,false,סנו - מקסימה ג'ל כביסה מרוכז מאסק 3 ליטר,"סנו מפעלי ברונוס בע""",IL,מקסימה מאסק גל כביסה,ליטרים,3.00,ליטר,false,,35.90,11.9667,true,1,86271
7290013269621,false,נוזל רצפות ריצפז פרש הום מלון בוטיק 2 ל,מיוצר עי קונדיטוריית,IL,ריצפז פרש הום בניחוח,ליטרים,2.00,ליטר,false,,24.90,12.4500,true,1,192719
7290013269669,false,ריצפז נוזל רצפות פנטזיה 3 ליטר,"סנו מפעלי ברונוס בע""",IL,ריצפז פנטזיה 3ל,ליטרים,3.00,ליטר,false,,13.90,4.6333,true,1,86281
7290013269751,false,מטליות לחותריצפז פרש לניקוי ריצפה בניחות מלון בוטיק 10 יח' סנו,טרופיקל דגיל תעשיות,IL,ריצפז מטליות לחות לנ,יחידה,0.00,יחידה,false,,12.90,0.0000,true,1,194963
7290013269850,false,סנו - סושי נייר אפייה אקולוגי 50 יח',מולינו ניקולי s.p.a,IL,סנו סושי נייר אפיה א,יחידה,0.00,יחידה,false,,17.90,0.0000,true,1,86288
7290013284310,false,רוטב פסטה לילדים 240 גרם פריניר,פריניר ( הדס 1987) ב,IL,רוטב לפסטה לילדים פר,,240.00,יח',false,,6.90,0.0288,true,1,72649
7290013284662,false,רוטב פיצה פיתה לילדים 240 ג' פריניר,פריניר ( הדס 1987) ב,IL,רוטב פיצה פיתה פריני,,240.00,יח',false,,6.90,0.0288,true,1,72657
7290013358356,false,מאסטר שף - פירורי לחם מוזהבים 320 גרם,מנה י.א בעמ,IL,מאסטר שף פירורי לחם,,350.00,יח',false,,9.90,0.0283,true,1,125620
7290013358363,false,פירורי לחם פנקו מזוהבים מאסטר שף מנה 300 ג',קריניציה ויטמינה אס,IL,מאסטר שף פירורי לחם,,300.00,יח',false,,10.90,0.0363,true,1,77266
7290013358493,false,מנה אסייאתי קרם קוקוס פחית 400 מל מ.שף,תאי קוקונט פבליק קומ,TH,מאסטר שף אסייאתי קרם,,400.00,,false,,9.90,0.0248,true,1,77276
7290013358530,false,מאסטר שף אסייאתי רוטב צ'ילי מתוק 700 מל,קריניציה ויטמינה אס,TH,מאסטר שף רוטב צ'ילי,,700.00,,false,,15.90,0.0227,true,1,77280
7290013358547,false,מאסטר שף אסייאתי רוטב צ'ילי חריף 700 מל,מסוונג רונרוג בעמ,TH,מאסטר שף רוטב צ'ילי,,700.00,"100 מ""ל",false,,15.90,0.0227,true,1,77281
7290013358578,false,מנה אסייאתי אטריות אורז רחבות 400 ג מ.שף,ליינג טונג רייס פלוו,TH,אטריות אורז רחבות 5,,400.00,יח',false,,12.90,0.0323,true,1,121618
7290013358806,false,מנה מאגדת פריכיות עם מלח 264 גרם,מנה,IL,מאגדת פריכיות עם מלח,,264.00,יח',false,,13.90,0.0527,true,1,77287
7290013366634,false,עלי חסה סלנובה,כרמל יבולים,IL,חסה סלנובה,,1.00,,false,,11.90,11.9000,true,1,56511
7290013389381,false,"1 קֿֿֿֿ""ג 10X( פולנטה) קמח תירס",,IL,"קמח תירס תומר 1 ק""ג",קילוגרמים,1.00,"ק""ג",false,,11.90,11.9000,true,1,80240
7290013412966,false,טולי רביעיית מגבונים לחים,,,תולי מגבונים לחים 4*,יחידה,0.00,יחידה,false,,12.90,0.0000,true,1,85268
7290013440648,false,מאגדת שלגוני אבטיח נסטלה 108X5ג',גלידות נסטלה (נגה גל,IL,אבטיח קרחונים מאגדת,,540.00,100 גרם,false,,28.90,0.0535,true,1,71293
7290013472199,false,ערמונים קלופים וקלויים 105 גרם,בייג'גג פוינונג,CN,וילי פוד ערמונים 100,,100.00,יח',false,,6.90,0.0690,true,1,133202
7290013531117,false,רוטב פסטה לילדים 240 גרם יכין,"זנלכל בע""מ",IL,רוטב לפסטה לילדים יכ,,260.00,יח',false,,6.50,0.0250,true,1,63850
7290013531346,false,סירופ דיאט לימונענע יכין 1 ליטר,,,סירופ דיאט לימונענע,ליטרים,1.00,ליטר,false,,17.90,17.9000,true,1,63852
7290013531582,false,מארז זיתים ירוקים מגולענים יכין 200 גרם,קרלו,IL,זיתים חרוזית מגולעני,,600.00,יח',false,,19.90,0.0332,true,1,128423
7290013531759,false,שעועית אפויה במים 550 ג' יכין,"זנלכל בע""מ",IL,שעועית אפויה במים יכ,,550.00,יח',false,,10.90,0.0198,true,1,63867
7290013579232,false,אוכמניות כחולות קפואות בלדי 250 גרם,,IL,אוכמניות כחולות קפוא,,250.00,יח',false,,11.90,0.0476,true,1,503170
7290013580009,false,המבורגר זהב 400 ג' 12 יח',,,המבורגר זהב 400 גרם,,400.00,יח',false,,20.90,0.0522,true,1,200550
7290013585233,false,"ספרייט ZERO פחית סליק 330 מ""ל",קוקה קולה,IL,פחית סליק 330 מל ZER,,330.00,,false,,5.50,0.0167,true,1,62248
7290013585257,false,"ספרייט ZERO בקבוק 500 מ""ל",החברה המרכזית לייצור,IL,ZERO ספרייט 0.5 ל,,500.00,"100 מ""ל",false,,7.90,0.0158,true,1,62250
7290013585387,false,קוקה קולה זירו בקבוק,החברה המרכזית לייצור,IL,קולה זירו 1 ליטר,ליטרים,1.00,ליטר,false,,7.90,7.9000,true,1,62259
7290013585394,false,קוקה קולה 1 ליטר,החברה המרכזית לייצור,IL,קוקה קולה 1 ליטר,ליטרים,1.00,ליטר,false,,7.90,7.9000,true,1,62260
7290013652164,false,"ד""ר פישר - נטורל קר מגבונים להסרת איפור לעור רגיש 30 יח' * 3",,,מגבונים להסרת איפור,יחידה,0.00,יחידה,false,,26.90,0.0000,true,1,85011
7290013675545,false,שניצל כלי תחבורה מאמא עוף 700 ג',,,שניצל כלי תחבורה 700,,700.00,יח',false,,40.90,0.0584,true,1,180219
7290013677648,false,שמן זית למאור 1 ליטר,,,שמן זית למאור 1 ל' ב,ליטרים,1.00,ליטר,false,,23.90,23.9000,true,1,70245
7290013702036,false,"שוופס וואטר אפרסק 500מ""ל",יפאורה תבורי בעמ,IL,שוופס אפרסק ווטר 0.5,,500.00,,false,,6.50,0.0130,true,1,172243
7290013724939,false,חמוציות בשוקולד מריר 140 גר שקדיה,דין שיווק,IL,שקדיה חמוציות בשוק.מ,,140.00,יח',false,,11.90,0.0850,true,1,59966
7290013724946,false,שקדים בשוקולד מריר 140 גר שקדיה,דין שיווק,IL,שקדים בציפוי שוקלד מ,,140.00,יח',false,,11.90,0.0850,true,1,59967
7290013724960,false,שקדים בשוקולד חלב 140 גר שקדיה,,,שקדים בציפוי שוקולד,,140.00,יח',false,,11.90,0.0850,true,1,59969
7290013725820,false,אגוזי לוז בשוקולד מריר 140 גר שקדיה,"דין שיווק וקליה בע""מ",IL,אגוזי לוז בציפוי שוק,,140.00,יח',false,,11.90,0.0850,true,1,59975
7290013725844,false,חטיף שומשום בשוקולד מריר 160ג,,,שקדיה שומשום בשוק.מר,,140.00,יח',false,,11.90,0.0850,true,1,59977
7290013793102,false,ערכת נוזלי עטרת מלכו,,,ערכת נוזלי עטרת מלכו,יחידה,0.00,יחידה,false,,70.90,0.0000,true,1,166535
7290013793126,false,ערכת מוצק אור והדר,,,ערכת מוצק אור והדר,יחידה,0.00,יחידה,false,,60.90,0.0000,true,1,166537
7290013847102,false,ס.ק טונה בשמן 80 ג' שלישיות -בי,,,טונה בשמן סטארקיסט ש,,240.00,יח',false,,16.90,0.0704,true,1,172310
7290013847867,false,מארז זוג טונה בשמן סויה 140 ג' סטארקיסט,טונה ויטנאם קו. אל.ט,IL,נתחי טונה בהירה בשמן,,140.00,יח',false,,13.90,0.0993,true,1,553763
7290013848345,false,מארז מטליות לחות לחיטוי שלישיה 3 * 50 יח' סנו,סנו מפעלי ברונוס בעמ,IL,מטליות לחות לחיטוי י,יחידה,0.00,יחידה,false,,24.90,0.0000,true,1,197704
7290013848758,false,סנו - מקסימה ג'ל כביסה מרוכז בייבי 3 ליטר,"סנו מפעלי ברונוס בע""",IL,סנו מקסימה ג'ל כביסה,ליטרים,3.00,ליטר,false,,38.90,12.9667,true,1,172314
7290013861054,false,צימוקים בשוקולד חלב 140 גר שקדיה,,,שקדיה צימוקים בשוק.ח,,140.00,יח',false,,11.90,0.0850,true,1,59978
7290013906052,false,נקניקיות פרגיות טירת צבי 300 גר',הנסיך- מפעל לייצור ט,IL,טירת צבי נקניקיות פר,,300.00,יח',false,,14.90,0.0497,true,1,80479
7290013906205,false,פסטרמה עם שום וצילי טירת צבי 400 ג',הנסיך- מפעל לייצור ט,IL,טירת צבי פסטרמה שום,,400.00,יח',false,,31.90,0.0797,true,1,80480
7290013906212,false,"נקנקיות וינר טירת 1 ק""ג טירת צבי",הנסיך- מפעל לייצור ט,IL,טירת צבי נקניקיות וי,קילוגרמים,1.00,"ק""ג",false,,29.90,29.9000,true,1,80481
7290013906441,false,קבנוס טירת צבי 120 גר,הנסיך- מפעל לייצור ט,IL,טירת צבי קבנוס 120 ג,,120.00,יח',false,,12.90,0.1075,true,1,80494
7290013906458,false,קבנוס בטעם פיקנטי טירת צבי 120 גר,הנסיך- מפעל לייצור ט,IL,טירת צבי קבנוס פיקנט,,120.00,יח',false,,12.90,0.1075,true,1,172300
7290013906687,false,פסט' צמד כפרית ברביקיו ודבש 300X2ג' טירת צבי,הנסיך- מפעל לייצור ט,IL,טירת צבי צמד כפרית ב,,600.00,יח',false,,29.90,0.0498,true,1,80500
7290013906694,false,נקניקיות שקית קילו וחצי טירת צבי,הנסיך- מפעל לייצור ט,IL,"נקניקיות עוף 1.5 ק""ג",,1.50,,false,,38.90,25.9333,true,1,450901
7290014002197,false,חליטת קמומיל ולימונית 25 שק הגן הקסום,,,תה חליטת קמומיל ולימ,,37.50,יח',false,,19.90,0.5307,true,1,79906
7290014002203,false,תה ויסוצקי חליטת לימונית ולואיזה 20יח',HIQ FOOD PRODUCTS,IL,תה חליטת לימונית ולו,,37.50,יח',false,,19.90,0.5307,true,1,79907
7290014046436,false,נשנושי קבנוס 125 ג' יחיעם,מעדני יחיעם,IL,נשנושי קבנוס 125 ג,,125.00,יח',false,,15.90,0.1272,true,1,70741
7290014046474,false,"נקניקיות עוף 1.5 ק""ג יחיעם",יחיעם,IL,יחיעם נקניקיות עוף 1,קילוגרמים,1.50,"ק""ג",false,,31.90,21.2667,true,1,70743
7290014066366,false,לנדוור-קפסולות אספרסו ריסטרטו(08) - 10יח'12X יח,לנדוור,IL,לנדוור קפה אספרסו רי,יחידה,0.00,יחידה,false,,17.90,0.0000,true,1,197087
7290014079014,false,לבבות קיסר בנספק,"מרינה פטריות הגליל בע""מ",IL,לבבות קיסר,,300.00,יח',false,,10.90,0.0363,true,1,129214
7290014094352,false,אגוזי מלך בקופסא 200 ג',"דין שיווק וקליה בע""מ",,ששון הקולה אגוז מלך,,200.00,100 גרם,false,,16.90,0.0845,true,1,59992
7290014094383,false,משמש מיובש בקופסא 33,"דין שיווק וקליה בע""מ",,שקדיה משמש מיובש 250,,250.00,יח',false,,24.90,0.0996,true,1,59995
7290014094390,false,חמוציות מסוכרות בקופ,"דין שיווק וקליה בע""מ",,חמוציות מסוכרות בקופ,,250.00,יח',false,,15.90,0.0636,true,1,59996
7290014094406,false,צימוק לבן 250 גרם ששון הקולה,"דין שיווק וקליה בע""מ",,צימוק בהיר בקופסא 2,,250.00,יח',false,,17.90,0.0716,true,1,59997
7290014094895,false,אגוזים מלך קלופים 150 גרם ששון הקולה,,,אגוז מלך 150גר ששון,,150.00,יח',false,,11.90,0.0793,true,1,60027
7290014095946,false,משוקלדים פקאן בשוקולד מריר 140 גרם,,,פקאן בציפוי שוקולד מ,,140.00,יח',false,,11.90,0.0850,true,1,60033
7290014095953,false,משוקלדים פקאן בשוקולד חלב 140 ג',שקדיה גבע בתעשיות עמ,IL,שקדיה פקאן בשוקולד ח,,160.00,יח',false,,11.90,0.0744,true,1,60034
7290014095960,false,שיבולת שועל עבה 500 גרם קוואקר,"דין שיווק וקליה בע""מ",,שיבולת שועל עבה קווא,,500.00,יח',false,,6.90,0.0138,true,1,60035
7290014126428,false,מרמולייט סוכרלוז 150 יחידות,מיוצר עי קונדיטוריית,CN,סטיביה 150 טבליות,,150.00,יח',false,,35.90,0.2393,true,1,61273
7290014217164,false,תבלין פטרוזיליה מיכל גדול 20 ג',תות ממתקי איכות,IL,תבלין פטרויליה טעם ו,,20.00,יח',false,,11.90,0.5950,true,1,102804
7290014217348,false,תבלין צ'ילי כתוש מיכל 70ג',תות ממתקי איכות,IL,תבליני טעם וריח צילי,,70.00,יח',false,,11.90,0.1700,true,1,102811
7290014217355,false,תבלין אבקת קרי מיכל 100ג',תות ממתקי איכות,IL,תבלין אבקת קרי טעם ו,,100.00,יח',false,,9.80,0.0980,true,1,102812
7290014217362,false,תבלין תיבול לקציצות מיכל 100 ג',תות ממתקי איכות,IL,תערובת תיבול קציצות,,100.00,יח',false,,9.80,0.0980,true,1,102813
7290014218932,false,חטיפי פיצה בתוספת זיתים 710 ג' מעדנות,מיוצר עי קונדיטוריית,IL,חטיפי פיצה בתוספת זי,,710.00,יח',false,,38.90,0.0548,true,1,200201
7290014325036,false,סוכריות ג'לי שמחה 600 גר',,IL,ג'לי שמחות 600 גרם,,600.00,100 גרם,false,,21.90,0.0365,true,1,70265
7290014397286,false,מרכך כביסה מקסימה מרוכז חלב ודבש 1 ל' סנו,,,סנו מקסימה קר מרכך מ,ליטרים,1.00,ליטר,false,,18.90,18.9000,true,1,86340
7290014397453,false,סנו אוקסיגן גל מסיר כתמים כביסה לבנה 3 ל,,IL,סנו אוקסיג'ן לכביסה,ליטרים,3.00,ליטר,false,,32.90,10.9667,true,1,86344
7290014435803,false,מטיאס הולנדי עם בצל בשמן 200 גר,"סלטי שמיר 2006 בע""מ",IL,מטיאס הולנדי פרובנצי,,180.00,יח',false,,21.90,0.1217,true,1,172271
7290014435834,false,מקרל מעושן פרוס בשמן 180 גר',"סלטי שמיר 2006 בע""מ",,מקרל מעושן פרוס בשמן,,180.00,יח',false,,29.90,0.1661,true,1,172272
7290014455245,false,גבינה גרנה פדנו משולש גד 200 גר',מחלבת סוציאלה מנטובה,IT,גד גרנה פדנו משולש כ,,200.00,יח',false,,28.70,0.1435,true,1,69850
7290014455252,false,גבינת גרנה פדנו מגורד 100 ג' גד,מחלבות גד,IT,גד גרנה פדנו מגורד כ,,100.00,יח',false,,13.80,0.1380,true,1,69851
7290014455320,false,גבינה כדורי מוצרלה פרסקה גד 100ג',מחלבות גד בעמ,IL,גד כדור מוצרלה פרסקה,,100.00,יח',false,,11.70,0.1170,true,1,69854
7290014455467,false,ירח מתוק מעדן חלב 2% ושיבולת שועל גד 150ג',מחלבות גד,IL,גד מעדן שיבולת שועל,,150.00,,false,,7.00,0.0467,true,1,69859
7290014459137,false,"צ'יפס תפוגן סטייק 1.5 ק""ג","תעשיות תפוגן בע""מ",IL,תפוגן סטייק ציפס 1.5,קילוגרמים,1.50,"ק""ג",false,,28.90,19.2667,true,1,75930
7290014459472,false,"צ'יפס קפוא תפוגן 2 ק""ג כשל""פ",,IL,תפוגן צ`יפס קלאסי 2,קילוגרמים,2.00,"ק""ג",false,,30.90,15.4500,true,1,114334
7290014471443,false,"גרנולה צימוקים אגוז שקד 1 ק""ג כתום שקדיה",,,גרנולה צימוקים אגוזי,קילוגרמים,1.00,"ק""ג",false,,19.90,19.9000,true,1,175787
7290014472235,false,פקאן סיני מסוכר בקופ,שקרצי,,פקאן סיני מסוכר בקופ,,200.00,יח',false,,26.90,0.1345,true,1,60051
7290014472488,false,שקד קלוי ענק 250 גרם פרימיום ששון הקולה,דין שיווק,IL,שקד קלוי פרימיום 250,,250.00,יח',false,,27.90,0.1116,true,1,60059
7290014472501,false,פיסטוק קלוי ענק 250 ג פרימיום ששון הקולה,דין שיווק,IL,פיסטוק קלוי ענק 250,,250.00,יח',false,,26.90,0.1076,true,1,60061
7290014525290,false,חטיף מרבה סלים דליס קריספי תות 125 גר,הלמה הלום,NL,חטיף מרבה קריספי תות,,125.00,100 גרם,false,,13.90,0.1112,true,1,177462
7290014525313,false,חטיף מרבה סלים דליס קריספי שוקולד 125 ג,הלמה הלום בי. וי,NL,חטיף מרבה קריספי שוק,,125.00,יח',false,,13.90,0.1112,true,1,125647
7290014636545,false,שלישית מגבות מטבח ג'קרד,,,שלישית מגבות מטבח פס,יחידה,0.00,יחידה,false,,19.90,0.0000,true,1,451804
7290014636668,false,סט מצעים זוגי מיקרו,,,סט מצעים זוגי מיקרו,יחידה,0.00,יחידה,false,,70.90,0.0000,true,1,139245
7290014636675,false,מגבת גוף חלקה 550 גר,,,מגבת גוף מנהטן 70*13,יחידה,0.00,יחידה,false,,34.90,0.0000,true,1,182405
7290014636682,false,מגבת פנים חלקה 550 גרם,,,מגבת פנים,יחידה,0.00,יחידה,false,,19.90,0.0000,true,1,183815
7290014636842,false,כרית ממורי ויסקו,,,כרית ויסקו,יחידה,0.00,יחידה,false,,89.90,0.0000,true,1,455484
7290014636903,false,כרבולית קורל מינק 170*130,,,כרבולית מינק 130/170,יחידה,0.00,יחידה,false,,49.90,0.0000,true,1,545127
7290014673014,false,תבליני מימון פלפל אנ,,,תבליני מימון פלפל אנ,,90.00,יח',false,,15.90,0.1767,true,1,53861
7290014673359,false,מלח לימון 400 גרם,TLV צ'יף,IL,מלח לימון 400 גר,,400.00,יח',false,,24.10,0.0603,true,1,53865
7290014673434,false,פלפל שחור גרוס דק שקית 80 גרם,,,פלפל שחור גרוס דק בש,,80.00,יח',false,,9.80,0.1225,true,1,185115
7290014692299,false,גבינת ברי 125 ג' קסטיאלו ויליפוד,"ארלה פודס אמבא,",DK,גבינת ברי 125 גרם EU,,125.00,יח',false,,19.90,0.1592,true,1,58335
7290014692305,false,גבינת קממבר 125ג' CASTELLO ויליפוד,הנסיך- מפעל לייצור ט,DK,גבינת קממבר 125 גרם,,125.00,יח',false,,19.90,0.1592,true,1,58336
7290014731264,false,"כוס שתיה ח""פ ר.שמאי 100יח'",,,כוסות לשתיה קרה חד פ,,100.00,,false,,7.90,0.0790,true,1,83831
7290014731271,false,כוסות שתיה קרה 80 יח,,,כוסות שתיה קרה 80 יח,יחידה,0.00,יחידה,false,,6.90,0.0000,true,1,502645
7290014758100,false,מאגדת יוגורט ביו 3% שומן 8 יח' *150ג' תנובה,מיוצר עי קונדיטוריית,IL,יוגורט תנובה 3% 8*15,קילוגרמים,1.20,"ק""ג",false,,17.90,14.9167,true,1,81452
7290014758117,false,מאגדת יוגורט ביו 1.5% שומן 8 יח' *150 ג' תנובה,מיוצר עי קונדיטוריית,IL,יוגורט תנובה 1.5% 8*,קילוגרמים,1.20,"ק""ג",false,,17.90,14.9167,true,1,81453
7290014758681,false,קוטג' תנובה 1% גביע 250 ג',מיוצר עי קונדיטוריית,IL,קוטג תנובה 1% 250ג,,250.00,יח',false,,5.80,0.0232,true,1,81474
7290014759084,false,גבינת שמנת 16% בטעם טבעי 225 ג' נפוליאון,הרדוף חלב,IL,נפוליאון 16% 225גר,,225.00,יח',false,,16.50,0.0733,true,1,81477
7290014759992,false,גבינת רוקפור גליל פלח 140 ג' תנובה,"תנובה, מחלבת תל יוסף",IL,גבינות תנובה רוקפור,,140.00,יח',false,,20.90,0.1493,true,1,81496
7290014760134,false,מעדן סויה ביו בטעם ו,פ.פ.ח. שאביט,IL,גביע מעדן סויה בטעם,,125.00,יח',false,,5.10,0.0408,true,1,169543
7290014760141,false,משקה שקדים טרי 1 ל' תנובה,,IL,תנובה משקה שקדים טרי,יחידה,0.00,יחידה,false,,15.90,0.0000,true,1,81498
7290014760448,false,מאגדת גלבוע 22% 400 גר,מחלבת בית יצחק,IL,גלבוע 22% 400 גרם,,400.00,יח',false,,26.10,0.0653,true,1,81505
7290014760912,false,פרוסות גבינה 28% שומן 400 ג' גוש חלב,,IL,גוש חלב 28% מהדרין 4,,400.00,יח',false,,27.90,0.0697,true,1,81518
7290014761056,false,מעדן שוקולד חלב מעולה 123 ג' יולו,מיוצר עי קונדיטוריית,IL,יולו שוקולד חלב מעול,,122.00,יח',false,,5.70,0.0467,true,1,81522
7290014761063,false,מעדן שוקולד מריר מעולה 123 ג' יולו,מיוצר עי קונדיטוריית,IL,יולו שוקולד מריר מעו,,122.00,יח',false,,5.70,0.0467,true,1,81523
7290014761070,false,מעדן שוקולד לבן מעולה 123 ג' יולו,מיוצר עי קונדיטוריית,IL,יולו שוקולד לבן מעול,,122.00,יח',false,,5.70,0.0467,true,1,81524
7290014761414,false,יולו מעדן שכבות שוקולד חלב ולבן 123 גר,מיוצר עי קונדיטוריית,IL,יולו מעדן שכבות שוקו,,122.00,יח',false,,5.70,0.0467,true,1,81541
7290014762800,false,מעדן סויה שוקולד גביע 125 ג',תות תעשיות מזון (201,IL,גביע מעדן סויה בטעם,,125.00,יח',false,,5.10,0.0408,true,1,149944
7290014762909,false,פתיתי מוצרלה 20% שומן 200 ג' השף הלבן,"תנובה, מחלבת תל יוסף",IL,פתיתי מוצרלה 200 גר`,,200.00,יח',false,,19.90,0.0995,true,1,81604
7290014763098,false,קרם גבינת שמנת 5% עם פלפל שום ובצל 200 ג' תנובה,תנובה,IL,קרם גבינת שמנת 5% טו,,200.00,יח',false,,13.40,0.0670,true,1,81609
7290014763272,false,"יוגורט סויה לשתיה תות ובננה 250 מ""ל",תות תעשיות מזון (201,IL,משקה סויה ביו עם תות,,250.00,,false,,7.20,0.0288,true,1,81617
7290014791091,false,"שוויפס לימונייד 500 מ""ל",,,משקה למונייד שוופס 5,,500.00,,false,,6.50,0.0130,true,1,172246
7290014791725,false,"שוויפס תפוחים מוגז 500 מ""ל",,,משקה מוגז תפוחים שוו,,500.00,"100 מ""ל",false,,6.50,0.0130,true,1,66780
7290014855434,false,מגבונים בייביסיטר פרפורמנס מבושם רביעיה,די פי אל,,בייביסיטר פרפורמנס מ,יחידה,0.00,יחידה,false,,18.90,0.0000,true,1,85282
7290014855458,false,מגבוני בייביסיטר פרפורמנס ללא בישום מארז 72X4יח',די פי אל,,מגבוני בייבי פרפורמנ,יחידה,0.00,יחידה,false,,18.90,0.0000,true,1,85283
7290014860070,false,"מקלות אורז ללא גלוטן 5 מ""מ 454 גרם",Oriental food co. lt,TH,"מקלוני אורז 5 מ""מ לל",,454.00,יח',false,,11.90,0.0262,true,1,179082
7290014905689,false,"נוזל כלים הפי מרוכז 24% תפוח 750 מ""ל",פרח,IL,הפי לכלים ירוק תפוח,,750.00,,false,,9.90,0.0132,true,1,66549
7290014905733,false,"הפי פרפקט לניקוי שמשות 750 מ""ל",יוליניבר,IL,הפי מרסס לניקוי חלונ,,750.00,,false,,9.90,0.0132,true,1,66552
7290014910515,false,שימורי שפרוטים מעושנים בשמן צמחי 250 גר,,,שפרוטים מעושנים רויא,,250.00,יח',false,,14.90,0.0596,true,1,165865
7290014940901,false,לחם פשוט מלא 750 ג' אנג'ל,,IL,לחם פשוט מלא אנגל 75,,750.00,יח',false,,15.90,0.0212,true,1,126705
7290014974562,false,גביעי גלידה רגיל טילון עלמה גילרו 24 יח',"א.ג גילרו בע""מ",IL,עלמה גביעי גלידה 24,,120.00,יח',false,,6.90,0.0575,true,1,142917
7290015009027,false,חומץ בלסמי חומציות 6,אקובינל,ES,חומץ בלסמי חומציות 6,,500.00,"100 מ""ל",false,,23.90,0.0478,true,1,132447
7290015009041,false,חומץ תפוחים חומציות,מנדלז סי.אר. פרודקשן,ES,חומץ תפוחים חומציות,,500.00,,false,,20.60,0.0412,true,1,132448
7290015009126,false,עלי טורטייה מקמח מלא 420 גר 25 סמ,לווליה,,עלי טורטייה קמח מלא,,420.00,יח',false,,16.90,0.0402,true,1,136865
7290015009188,false,"ניוקי תפוח""א עם דלעת 300 גרם",סיאמה אלימטרי,,ניוקי תפוחי אדמה עם,,300.00,יח',false,,11.00,0.0367,true,1,179085
7290015009195,false,ניוקי תפוחי אדמה עם עגבניות 300 גרם,,,ניוקי תפוחי אדמה עם,,300.00,יח',false,,11.00,0.0367,true,1,179086
7290015009225,false,ריבת חלב מקורית דניא,קארו,,ריבת חלב מקורית (צנצ,,450.00,יח',false,,21.90,0.0487,true,1,132834
7290015009232,false,רוטב סלסה בינוני צהוב 454 גרם,,,רוטב סלסה בחריפות בי,,454.00,יח',false,,24.90,0.0548,true,1,487067
7290015009324,false,נאצוס סבוריטו ברביקי,אוקי סנקס,DK,חטיף נאצוס ברביקיו כ,,200.00,יח',false,,14.50,0.0725,true,1,495940
7290015009331,false,חטיף נאצוס חריף סגול,מנדלז סי.אר. פרודקשן,DK,חטיף נאצוס חריף סגול,,200.00,100 גרם,false,,14.50,0.0725,true,1,324745
7290015009355,false,רוטב חומץ בלסמי מצומ,,,רוטב חומץ בלסמי מצומ,,250.00,,false,,24.90,0.0996,true,1,482053
7290015009409,false,זיתים שחורים מזן טאסוס במלח 250 גרם,אדיאל ס.א,GR,זיתים שחורים זן טאטו,,250.00,יח',false,,20.90,0.0836,true,1,344983
7290015009461,false,שימורי שעועית שחורה במי מלח,יורקום סרל,IT,שעועית שחורה במי מלח,,240.00,יח',false,,12.90,0.0538,true,1,482035
7290015009621,false,"רוטב סויה שומשום ודבש 355 מ""ל",קאמוק,CR,רוטב סויה עם שומשום,,355.00,יח',false,,27.90,0.0786,true,1,500558
7290015033084,false,קוסקוס חיטה בינוני ד,,,קוסקוס חיטה בינוני ד,,350.00,יח',false,,6.90,0.0197,true,1,558367
7290015033299,false,פרורי לחם קלאסי שקית,,,פרורי לחם קלאסי שקית,,400.00,יח',false,,5.90,0.0148,true,1,558113
7290015039246,false,נתחי טונה בשמן צמחי רביעיה * 160 ג' וילי פוד,,TH,טונה בהירה בשמן וילי,,640.00,יח',false,,24.60,0.0384,true,1,58365
7290015039253,false,עלי גפן מי מלח ויליפוד 620 ג',קוראהן פזלרמה וי דיס,TR,עלי גפן במי במלח ויל,,620.00,יח',false,,11.60,0.0187,true,1,58366
7290015139229,false,לני מטבעות שוקולד חל,כרמית,IL,לני מטבעות שוקולד חל,,42.00,יח',false,,6.50,0.1548,true,1,95554
7290015150088,false,מחית עגבניות גראנד איטליה 700 גרם,שוורצקוף& הנקל דיסלד,IT,מחית עגבניות בלה איט,,700.00,יח',false,,13.90,0.0199,true,1,79945
7290015150118,false,עגבניות חתוכות דק בלה איטליה 3*400 ג',אמיליאנה קונסרב ס.פ.,IT,עגבניות חתוכות דק בל,,400.00,יח',false,,20.90,0.0522,true,1,79948
7290015155823,false,מחית תפוח חטיפטף פרינוק 120 גר,פרוטה פודיווין איי.א,CZ,פאוץ' פרינוק מחית תפ,,120.00,יח',false,,6.50,0.0542,true,1,164599
7290015156776,false,מחית פרינוק פאוץ' פירות טרופיים 120 גרם,,,פאוץ' פרינוק פירות ט,,120.00,יח',false,,6.50,0.0542,true,1,182214
7290015156790,false,מחית פרינוק פאוץ' לפתן פירות 120 גרם,,,פאוץ' פרינוק לפתן פי,,120.00,יח',false,,6.50,0.0542,true,1,182215
7290015193634,false,אובלטים דקיקים קימל מעדני המלך 300 גר',אם החיטה,IL,אובלטים קימל 300 גרם,,300.00,100 גרם,false,,10.90,0.0363,true,1,178791
7290015282000,false,איקרא אדומה SEVEN SEAS 200 גרם,,IL,איקרה אדומה סלטי שמי,,200.00,יח',false,,15.90,0.0795,true,1,73763
7290015282598,false,חומוס שמיר מסעדות 200 גר',"סלטי שמיר 2006 בע""מ",IL,חומוס מסעדות,,200.00,יח',false,,11.90,0.0595,true,1,137766
7290015282604,false,טחינה שמיר מיוחדת גורמה 200ג',"סלטי שמיר 2006 בע""מ",IL,טחינה מיוחדת,,200.00,יח',false,,11.90,0.0595,true,1,137767
7290015282628,false,חציל שמיר בטעם כבד 200 גר',"סלטי שמיר 2006 בע""מ",IL,חציל בטעם כבד סלטי ש,,200.00,יח',false,,13.90,0.0695,true,1,137768
7290015282635,false,חומוס שמיר מסבחה 200 גר',"סלטי שמיר 2006 בע""מ",IL,חומוס מסבחה,,200.00,יח',false,,11.90,0.0595,true,1,137769
7290015282710,false,קוביות סלק שמיר 200 גר',"סלטי שמיר 2006 בע""מ",IL,קוביות סלק סלטי שמיר,,200.00,יח',false,,11.90,0.0595,true,1,137774
7290015282734,false,מטבוחה שמיר ביתית גורמה 200 ג ',"סלטי שמיר 2006 בע""מ",IL,מטבוחה ביתית.,,200.00,יח',false,,13.90,0.0695,true,1,137776
7290015282741,false,חציל תאילנדי אסלי שמיר 200 ג',"סלטי שמיר 2006 בע""מ",IL,חציל תילאנדי סלטי שמ,,200.00,יח',false,,13.90,0.0695,true,1,137777
7290015282796,false,"סלט תפו""א שמיר במיונז 200ג'","סלטי שמיר 2006 בע""מ",IL,סלט תפוח אדמה 200 ג,,200.00,יח',false,,13.90,0.0695,true,1,137781
7290015324007,false,תבלין פלפל שחור גרוס 80 ג',תות ממתקי איכות,IL,טעם וריח פלפל שחור ג,,80.00,יח',false,,12.90,0.1613,true,1,102816
7290015324038,false,פפריקה מתוקה בשמן 80 גר',תות ממתקי איכות,IL,טעם וריח פפריקה בשמן,,80.00,יח',false,,6.50,0.0813,true,1,102818
7290015324052,false,תבלין פפריקה מתוקה 80 ג',תות ממתקי איכות,IL,טעם וריח פפריקה מתוק,,80.00,יח',false,,6.50,0.0813,true,1,102820
7290015324069,false,טעם וריח גריל עוף שק,תות ממתקי איכות,IL,טעם וריח גריל עוף שק,,80.00,יח',false,,6.50,0.0813,true,1,102821
7290015324106,false,תבלין כורכום טחון 80 גר',תות ממתקי איכות,IL,טעם וריח כורכום שקית,,80.00,יח',false,,8.90,0.1113,true,1,102825
7290015324120,false,טעם וריח שום גבישי ב,תות ממתקי איכות,IL,טעם וריח שום גבישי ב,,80.00,יח',false,,9.90,0.1238,true,1,102827
7290015324175,false,תבלין שווארמה תיבול 80 גר' שק',תבליני טעם וריח,IL,תערובת תיבול לשווארמ,,80.00,יח',false,,6.80,0.0850,true,1,102830
7290015324717,false,"מחית שום `טעם וריח, 210 גרם",טעם וריח,IL,מחית שום 210 גרם,,210.00,יח',false,,14.90,0.0710,true,1,479802
7290015328531,false,להבונים 50 יח' 3 שעו,,,להבונים 50 יח' 3 שעו,יחידה,0.00,יחידה,false,,10.90,0.0000,true,1,172405
7290015328647,false,נר נשמה בפח 24 שעות,,,נר נשמה בפח 24 שעות,יחידה,0.00,יחידה,false,,1.90,0.0000,true,1,190038
7290015328661,false,נר נשמה 48 שעות ירוש,,,נר נשמה 48 שעות ירוש,יחידה,0.00,יחידה,false,,5.90,0.0000,true,1,191551
7290015328791,false,נרות חנוכה צבעוניים 50 יח',,,נרות חנוכה צבעוניים,יחידה,0.00,יחידה,false,,4.90,0.0000,true,1,190892
7290015328807,false,נרות חנוכה דלוקס 24 יח',,,נרות חנוכה לוקס לירו,יחידה,0.00,יחידה,false,,7.90,0.0000,true,1,190893
7290015347273,false,נטיפי שוקולד אמיתי לאפיה 250 גר',,,נטיפי שוקולד מריר לא,,250.00,יח',false,,9.90,0.0396,true,1,70290
7290015348089,false,למברוסקו אמיליאנו לב,vi.mo - גאטטיקו,IT,למברוסקו אמיליאנו לב,,750.00,,false,,28.90,0.0385,true,1,64734
7290015374279,false,סיגר במילוי בשר 400,,,סיגר במילוי בשר 400,,400.00,יח',false,,12.90,0.0323,true,1,124010
7290015374309,false,פסטל במילוי תפו'א 40,,,פסטל במילוי תפו'א 40,,400.00,יח',false,,12.90,0.0323,true,1,124013
7290015437431,false,רכז רימונים תומר 42,,,רכז רימונים תומר 42,,420.00,יח',false,,23.90,0.0569,true,1,310340
7290015572033,false,שרי צהוב,,,שרי צהוב,,1.00,,false,,9.90,9.9000,true,1,156607
7290015603560,false,"שימורי קרם קוקוס 20-22% 400 מ""ל",ASIATIC AGRO INDUSTR,TH,שימורי קרם קוקוס 20-,,400.00,,false,,9.90,0.0248,true,1,119759
7290015603591,false,גינגר כבוש וורוד 160 גרם,Laiwu Taifeng Foods,CN,ג'ינג'ר ורוד כבוש לל,,160.00,יח',false,,8.90,0.0556,true,1,523419
7290015603638,false,אורז עגול קלרוז לסוש,MINH PHONG GREEN AGR,CN,אורז עגול קלרוז לסוש,קילוגרמים,1.00,"ק""ג",false,,12.90,12.9000,true,1,110898
7290015652070,false,קשיו קלוי 150 גרם ששון הקולה,דין שיווק,IL,קשיו קלוי 150 גרם שש,,150.00,יח',false,,13.90,0.0927,true,1,128388
7290015652087,false,תערובת פיצוחים 150 גרם ששון הקולה,דין שיווק,IL,תערובת פיצוחים 150גר,,150.00,100 גרם,false,,12.90,0.0860,true,1,121955
7290015652254,false,גרעיני חמניה קלויים 400 גרם ששון הקלה,,,גרעיני חמניה קלויים,,400.00,יח',false,,10.00,0.0250,true,1,60106
7290015652261,false,בוטנים קלויים 300 גרם ששון הקולה,,,בוטנים קלויים ששון ה,,300.00,יח',false,,10.00,0.0333,true,1,172213
7290015652285,false,אגוזים קלופים 250 גרם ששון הקולה,,,אגוזים קלופים 250 גר,,250.00,יח',false,,20.00,0.0800,true,1,60109
7290015652292,false,קבוקים עם שומשום 400 גרם ששון הקלה,,,קבוקים עם שומשום ששו,,400.00,יח',false,,10.00,0.0250,true,1,175803
7290015652308,false,מנצס 300 גרם ששון הקולה,,,מנצ'ס ששון הקולה 300,,300.00,יח',false,,10.00,0.0333,true,1,175804
7290015652315,false,חמוציות מסוכרות 300 גרם ששון הקולה,,,חמוציות מסוכרות ששון,,300.00,יח',false,,10.00,0.0333,true,1,172215
7290015733205,false,מטרנה אקסטרא קר מהדרין שלב 1 700 גר',,IL,מטרנה אקסטרה קר מהדר,,700.00,יח',false,,64.90,0.0927,true,1,184379
7290015733243,false,מטרנה אקסטרה קר מהדרין שלב 3 700ג',,IL,מטרנה אקסטרה קר מהדר,,700.00,יח',false,,64.90,0.0927,true,1,184381
7290015766005,false,שרי וויטני יחידה,,,שרי וויטני יחידה,,500.00,יח',false,,10.90,0.0218,true,1,56573
7290015766029,false,שרי כתום יח',,,שרי כתום יח',,460.00,יח',false,,10.90,0.0237,true,1,248104
7290015781282,false,"יין גוורצטמינר אימפרשן 750מ""ל",יקב טפרברג 1870,IL,אימפרשן גוורצטרמינר,,750.00,,false,,54.90,0.0732,true,1,66862
7290015781299,false,יין שיראז אדום טפמבר,יקב טפרברג 1870,,ויז'ן שיראז,,750.00,,false,,42.90,0.0572,true,1,66863
7290015855082,false,ברוקולי מיני,,,ברוקולי מיני,,1.00,,false,,9.90,9.9000,true,1,56576
7290015855143,false,שום קלוף,,,שום קלוף,,170.00,יח',false,,12.90,0.0759,true,1,56577
7290015855181,false,ג'ינג'ר ארוז,,,ג'ינג'ר ארוז,,1.00,,false,,9.90,9.9000,true,1,56578
7290015858106,false,ממרח פסטו ביתי 180 ג' עללחם,"מדשא תעשיות מזון בע""",IL,ממרח פסטו ביתי עללחם,,180.00,יח',false,,18.90,0.1050,true,1,199872
7290015858113,false,ממרח עגבניות מיובשות עללחם 180 גרם,"מדשא תעשיות מזון בע""",IL,ממרח עגבניות מיובשות,,180.00,יח',false,,18.90,0.1050,true,1,199873
7290015865692,false,תענוג פרי תות שדה ענ,ענבי ציון,IL,תענוג פרי תות שדה ענ,,400.00,יח',false,,20.90,0.0522,true,1,431056
7290015865746,false,קונפיטורה לייט פירות,,,קונפיטורה לייט פירות,,400.00,יח',false,,22.90,0.0572,true,1,431089
7290015968782,false,פדים להסרת איפור במא,,,פדים להסרת איפור במא,יחידה,0.00,יחידה,false,,17.90,0.0000,true,1,165217
7290016006346,false,שישיית שרינק 500 מל שוופס סודה,יפאורה תבורי בעמ,IL,שוופס סודה שישייה 0.,ליטרים,3.00,ליטר,false,,16.90,5.6333,true,1,172249
7290016087239,false,רוטב עגבניות מרוכז לשקשוקה פיקנט 230 ג' פריניר,,,רוטב עגבניות לשקשוקה,,240.00,יח',false,,6.90,0.0288,true,1,157313
7290016096217,false,רביעיית נתחי טונה קט,,,רביעיית נתחי טונה קט,,560.00,יח',false,,24.90,0.0445,true,1,146537
7290016096675,false,טונה בשמן זית פילטונ,,,טונה בשמן זית פילטונ,,240.00,יח',false,,18.90,0.0787,true,1,186017
7290016096811,false,מארז ממרח טונה 4 * 160 ג' פילטונה,,,ממרח טונה פילטונה רב,,160.00,יח',false,,22.90,0.1431,true,1,328026
7290016096934,false,מארז זוגות סלט טונה 2*160 ג' פילטונה,,,סלט טונה 2 יח' פילטו,,320.00,יח',false,,12.90,0.0403,true,1,367442
7290016104271,false,ריבת חלב פוליבה 340 ג',,,ריבת חלב 340 גר`,,340.00,יח',false,,13.90,0.0409,true,1,68668
7290016144017,false,"קמח מלא נפלאות 100% ללא ניפוי 1 ק""ג",קמח מלכים,IL,קמח חיטה מלאה 100% נ,קילוגרמים,1.00,"ק""ג",false,,10.90,10.9000,true,1,179028
7290016144048,false,"קמח כוסמין לבן נפלאות 1 ק""ג","קמח מלכים בע""מ",IL,קמח כוסמין לבן נפלאו,קילוגרמים,1.00,"ק""ג",false,,17.90,17.9000,true,1,197118
7290016150117,false,סלק מקולף בוואקום 50,חקלאי,IL,מעדן סלק בוואקום 500,,500.00,יח',false,,6.90,0.0138,true,1,158629
7290016197495,false,ניקול זוג מטליות הקסם מיקרופייבר לרצפה,UFO INC,CN,מטלית קסם לרצפה מארז,יחידה,0.00,יחידה,false,,20.90,0.0000,true,1,64226
7290016217735,false,חציל על האש סלטי שמי,"סלטי שמיר 2006 בע""מ",IL,חציל על האש סלטי שמי,,200.00,יח',false,,11.90,0.0595,true,1,137782
7290016217742,false,חציל על אש בטחינה 200 גר,"סלטי שמיר 2006 בע""מ",IL,חציל בטחינה סלטי שמי,,200.00,יח',false,,11.90,0.0595,true,1,137783
7290016246018,false,בארכה מיקס פינוקיות חלבה 10*20 גרם.,רושדי תעשיות מזון בע,IL,בארכה מיקס פינוקיות,,200.00,יח',false,,14.90,0.0745,true,1,75172
7290016273090,false,סוכריה על מקל בטעם תות בננה 31 גרם,אוריגינל גורמה,US,סוכרית לוליפופ על מק,,31.00,יח',false,,5.50,0.1774,true,1,200045
7290016304404,false,לחם קוביות 100% כוסמין 600 גרם,מאפיית דוידוביץ ובני,IL,לחם מלא כוסמין 100%,,600.00,יח',false,,16.90,0.0282,true,1,554370
7290016304596,false,לחמניות לסנדביץ 75 גרם,מאפית דוידוביץ ובניו,IL,10 לחמניות לסנדוויץ,,750.00,יח',false,,17.90,0.0239,true,1,555346
7290016319187,false,טוסו עוגיות סנדוויץ שוקו במילוי קרם שוקולד *זוג* 300 גרם,בטר אנד דיפרנט,IL,עוגיות סנדוויץ שוקו,,300.00,יח',false,,17.90,0.0597,true,1,323071
7290016319309,false,סבון נוזלי מאסק קלאסי+משאבה פמלי 1 ל,הנסיך- מפעל לייצור ט,TR,אל סבון מאסק+משאבה פ,ליטרים,1.00,ליטר,false,,11.90,11.9000,true,1,61337
7290016321661,false,מגבונים פרש וואנס סנסיטיב קר רביעייה,עלבד משואות יצחק,IL,מגבוני פרש וואנס רבי,יחידה,0.00,יחידה,false,,21.90,0.0000,true,1,202071
7290016321678,false,מגבונים פרש וואנס נטורל קר רביעייה,עלבד משואות יצחק,IL,פרשוואנס רביעייה נטו,יחידה,0.00,יחידה,false,,21.90,0.0000,true,1,202072
7290016334500,false,לבבות חסה זוגות בשקי,,,לבבות חסה זוגות בשקי,,1.00,,false,,9.90,9.9000,true,1,151528
7290016372342,false,עגבניות חתוך קוביות גראנד איטליה מארז 400X3ג',,,עגבניות חתוכות לקובי,,400.00,יח',false,,20.90,0.0522,true,1,157544
7290016408980,false,מטבעות שוקולד חלב 36 גרם כרמית,כרמית,IL,לני מטבעות שוקולד חל,,36.00,יח',false,,3.90,0.1083,true,1,189992
7290016437652,false,תחתוני חיתולים האגיס פרידום דריי (6),קימברלי,CZ,האגיס פרידום דריי 26,יחידה,0.00,יחידה,false,,47.90,0.0000,true,1,130746
7290016496154,false,חנוכיה פח מודפסת,,,חנוכיה פח לנרות,יחידה,0.00,יחידה,false,,3.90,0.0000,true,1,160932
7290016509786,false,פרסיל - ג'ל כביסה ירוק 2.50 ליטר,,,פרסיל ג'ל 2.5 ליטר י,ליטרים,2.50,ליטר,false,,37.90,15.1600,true,1,183412
7290016509830,false,ג'ל כביסה מרוכז בייבי 2.5 ל' פרסיל,,,פרסיל ג'ל 2.5 ליטר ב,ליטרים,2.50,ליטר,false,,37.90,15.1600,true,1,183417
7290016509847,false,פרסיל ג'ל לכביסה בלאק 2.5 ליטר,,,פרסיל ג'ל 2.5 ליטר ב,ליטרים,2.50,ליטר,false,,37.90,15.1600,true,1,191495
7290016682199,false,פריניב שייק תות בננה מופחת סוכר 1 ליטר,פריניב בעמ,IL,שייק תות בננה מופחת,יחידה,0.00,יחידה,false,,17.90,0.0000,true,1,96101
7290016682250,false,מיץ תפוגזר 1 ליטר פריניב,,,מיץ תפוז וגזר סחוט 1,ליטרים,1.00,ליטר,false,,17.90,17.9000,true,1,530070
7290016682328,false,מיץ תפוזים סחוט פרי ניב 2 ליטר-,,,פרי ניב מיץ תפוזים ט,ליטרים,2.00,ליטר,false,,21.80,10.9000,true,1,417279
7290016682359,false,מיץ תפוזים שמוטי פרי ניב 2 ליטר-,פריניב,IL,פרי ניב מיץ 100% טבע,ליטרים,2.00,ליטר,false,,27.90,13.9500,true,1,417309
7290016682397,false,מיץ חמוציות פרי ניב 2 ליטר-,פריניב,IL,נקטר חמוציות פריניב,ליטרים,2.00,ליטר,false,,20.80,10.4000,true,1,417310
7290016717754,false,"יין ישן נושן יקבי כרמל 750 מ""ל ^^^",אגודת הכורמים הקואופ,IL,"ישן נושן 750מ""ל.",,750.00,,false,,20.90,0.0279,true,1,173964
7290016865943,false,אטריות ביצים פטוציני אוריינט 400 גרם,,,אטריות ביצים פטוצ'ינ,,400.00,יח',false,,14.90,0.0373,true,1,179470
7290016866643,false,"פרודונטקס - משחת שיניים פרש 75 מ""ל",DE MICLEN,SK,מש.שיניים פרש פרודונ,,75.00,,false,,33.90,0.4520,true,1,183222
7290016866667,false,"פרודונטקס - משחת שיניים ללא פלאוריד 75 מ""ל",DE MICLEN,SK,מש.שיניים פלאוריד פר,,75.00,,false,,33.90,0.4520,true,1,183224
7290016867527,false,בייגלה כוסמין 300 גרם,,,בייגלה כוסמין 300 גר,,300.00,יח',false,,16.80,0.0560,true,1,404749
7290016967074,false,לחם חיטה מלאה עם גרעינים ודגנים,מאפיית שלמה א. אנג'ל,IL,חיטה מלאה אנגל 750 ג,,750.00,יח',false,,17.90,0.0239,true,1,126540
7290017031705,false,"סנסודיין - משחת שיניים קלין&פרש 75 מ""ל",DE MICLEN,SK,משחת שיניים קלין&פרש,,75.00,"100 מ""ל",false,,22.70,0.3027,true,1,192672
7290017058689,false,זית שחור טבעי תומר 4,,TR,זית שחור טבעי תומר 4,,400.00,יח',false,,16.90,0.0422,true,1,244541
7290017062686,false,מרכך כביסה מרוכז בייבי טאצ 1ל',,,מרכך כביסה מרוכז טאצ,ליטרים,1.00,ליטר,false,,14.90,14.9000,true,1,329863
7290017062693,false,מרכך כביסה מרוכז לבן 1*5 ליטר טאצ,,,מרכך כביסה מרוכז טאצ,ליטרים,1.00,ליטר,false,,14.90,14.9000,true,1,329864
7290017062747,false,"נ.כלים 36% תפוח טאצ' +משאבה 750 מ""ל",,,נוזל כלים תפוח 36% 7,,750.00,,false,,9.90,0.0132,true,1,320683
7290017062754,false,"נ.כלים 36% לימון טאצ' +משאבה 750 מ""ל",,,נוזל כלים לימון 36%,,750.00,,false,,9.90,0.0132,true,1,322064
7290017065137,false,גבינת ריקוטה למריחה 5% טבעית 200ג' גד,האי נאם סי או אל.טי.,IL,גבינה ריקוטה למריחה,,200.00,יח',false,,11.50,0.0575,true,1,165471
7290017065144,false,גבינת ריקוטה למריחה 5% בזיליקום 200ג' גד,האי נאם סי או אל.טי.,IL,גבינה ריקוטה למריחה,,200.00,יח',false,,11.50,0.0575,true,1,165472
7290017065236,false,גבינה בולגרית מעודנת 24% גד 250 ג',הנסיך- מפעל לייצור ט,IL,בולגרית מעודנת 24% 2,,250.00,יח',false,,25.60,0.1024,true,1,180255
7290017065526,false,גבינה קוואטרו פורמאג'י 300 גר',מחלבות גד בעמ,IL,גד קוואטרו פורמאג'י,,300.00,יח',false,,34.10,0.1137,true,1,200165
7290017065731,false,גבינת שמנת עם כמהין 30% ניו יורק 200 ג',פ.פ.ח. שאביט,IL,גבינת שמנת ניו יורק,,200.00,יח',false,,15.20,0.0760,true,1,355447
7290017068367,false,שמרים בוואקום 125 גרם,מיה,IL,מיה שמרים בוואקום 12,,125.00,יח',false,,5.90,0.0472,true,1,202274
7290017068978,false,שיבולת שועל מלאה להכנה מהירה 500 גר',,,שיבולת שועל מלאה להכ,קילוגרמים,1.00,"ק""ג",false,,11.90,11.9000,true,1,498033
7290017068985,false,שיבולת שועל מלאה עבה 500 גר',,,שיבולת שועל מלאה עבה,קילוגרמים,1.00,"ק""ג",false,,11.90,11.9000,true,1,498018
7290017088068,false,בייביסיטר - חיתולי סטנדרט מידה 4 - 42 יח',,,חיתולי ביייביסיטר סט,,42.00,,false,,37.90,0.9024,true,1,501693
7290017088082,false,בייביסיטר - חיתולי סטנדרט מידה 5 - 36 יח',,,חיתולי ביייביסיטר סט,,36.00,,false,,37.90,1.0528,true,1,501695
7290017088631,false,מגבוני תולי רביעייה ללא בישום 72X4 יח',,,מגבון Tooly רביעייה,יחידה,0.00,יחידה,false,,12.90,0.0000,true,1,278279
7290017088693,false,מגבונים קוויק לניקוי וחיטוי רצפות בניחוח לוונדר 10 יח',,IL,מגבונים לניקוי וחיטו,,10.00,,false,,13.90,1.3900,true,1,266802
7290017088815,false,BREEZE תחבושות לבריחת שתן נורמל(12 יח),,,תחבושות Breeze לבריח,,12.00,,false,,19.90,1.6583,true,1,363943
7290017088839,false,BREEZE תחבושות לבריחת שתן אקסטרה פלוס (8 יח'),,,תחבושות Breeze לבריח,,12.00,יח',false,,19.90,1.6583,true,1,363945
7290017088853,false,BREEZE תחתונים לבריחת שתן מידה M יח' 14,,,תחתונים סופגים Breez,,14.00,,false,,74.90,5.3500,true,1,364053
7290017088914,false,מגבונים בייביסיטר מבושם 66X6 יח',,,מגבונים מבושם בייביס,יחידה,0.00,יחידה,false,,18.90,0.0000,true,1,314658
7290017088983,false,חיתולי בייביסיטר NB מידה 2 -38 יח',,,חיתולי בייביסיטר NB,יחידה,0.00,יחידה,false,,30.90,0.0000,true,1,410644
7290017094199,false,סלט קוביות חציל ברוטב 200 גר',,,מעדן חצילים 200 גרם,,200.00,100 גרם,false,,11.90,0.0595,true,1,351671
7290017105062,false,גרגירי חומוס שלם יכין הקטניה הטובה 200 ג,היינץ צפון אמריקה מק,IL,חומוס 6OZ יכין 200 ג,,200.00,יח',false,,4.90,0.0245,true,1,172231
7290017105079,false,שעועית ברוטב עגבניות 200 גרם יכין,היינץ צפון אמריקה מק,IL,שעועית אפויה 6OZ יכי,,200.00,יח',false,,4.90,0.0245,true,1,161575
7290017105116,false,שימורי יכין תורמוס 200 גר,"זנלכל בע""מ",IL,תורמוס 6OZ יכין 200,,200.00,יח',false,,4.90,0.0245,true,1,161579
7290017105123,false,שימורי פול יכין הקטניה הטובה 200 גר,היינץ צפון אמריקה מק,IL,פול מצרי 6OZ יכין 20,,200.00,יח',false,,4.90,0.0245,true,1,161580
7290017105468,false,מארז שלישייה אפונה קטנה יכין 3*200 גר,קשקמט קונסרב הונגריה,IL,אפונה יכין 3*120 גרם,,360.00,יח',false,,14.90,0.0414,true,1,265459
7290017105550,false,רביעיית רסק עגבניות 100% יכין 4X100 גרם,היינץ צפון אמריקה מק,IL,מאגדת רסק עגבניות יכ,,400.00,יח',false,,12.90,0.0323,true,1,265062
7290017121093,false,אריסה חריפה עללחם 250 גרם,"מדשא תעשיות מזון בע""",IL,ממרח אריסה חריפה עלל,,250.00,יח',false,,16.90,0.0676,true,1,199880
7290017129822,false,מטבעות שוקולד מריר 36 גרם כרמית,כרמית,IL,לני מטבעות שוקולד מר,,36.00,יח',false,,3.90,0.1083,true,1,189993
7290017140308,false,קמח שקדים שי של הטבע,,IL,קמח שקדים שי של הטבע,,500.00,יח',false,,27.40,0.0548,true,1,443657
7290017142128,false,"שמן זית כתית מעולה קלאסי עץ הזית 750 מ""ל",,IL,שמן זית כתית מעולה ק,,750.00,,false,,37.90,0.0505,true,1,167281
7290017142159,false,מארז נתחי טונה בהירה בשמן זית 3*80 ג' עץ הזית,הנסיך- מפעל לייצור ט,TH,נתחי טונה בהירה בשמן,,240.00,יח',false,,26.90,0.1121,true,1,181788
7290017142203,false,פילה טונה בשמן זית בטעם מעושן עץ המוצר 120 ג',,,פילה טונה פרוס עם בש,,120.00,יח',false,,16.90,0.1408,true,1,198944
7290017142289,false,"תרסיס שמן חמניות לל""ת גז עץ הזית 200מ""ל",,IL,תרסיס שמן חמניות עץ,,200.00,,false,,20.90,0.1045,true,1,193783
7290017142388,false,שמן חמניות פלוס אומגה 3 - 1 ליטר,,IL,שמן חמניות פלוס אומג,ליטרים,1.00,ליטר,false,,18.40,18.4000,true,1,211011
7290017217321,false,נרות חימום ריחניים בניחות לוונדר 50יח',,,נרות חימום ריחניים ב,יחידה,0.00,יחידה,false,,13.90,0.0000,true,1,507360
7290017232218,false,לחם קלאסי מופחת פחמימות איטסיין 430 גרם,,,לחם eatsane קלאסי דו,,430.00,יח',false,,25.90,0.0602,true,1,554638
7290017232225,false,לחם גלילי מופחת פחמימות איטסיין 450 גרם,,,לחם eatsane גלילי 45,,450.00,יח',false,,25.90,0.0576,true,1,554654
7290017440231,false,שמפו ילדים לשיער מתולתל סרקל 1 ל',,IL,סרקל מתולתל שמפו 1 ל,ליטרים,1.00,ליטר,false,,28.90,28.9000,true,1,192250
7290017440248,false,סרקל מרכל לשיער מתולתל 1 ל',,,סרקל מתולתל מרכך 1,ליטרים,1.00,ליטר,false,,28.90,28.9000,true,1,192251
7290017457581,false,"סוד מרכך כביסה מרוכז קוקוס 900 מ""ל",הנקל סוד,IL,מרכך כביסה מרוכז סוד,,900.00,,false,,13.90,0.0154,true,1,198949
7290017457611,false,גל כביסה סוד טוטאל ירוק 2.5 ליטר,הנקל סוד,IL,ג'ל כביסה ירוק סוד,ליטרים,2.50,ליטר,false,,27.90,11.1600,true,1,287824
7290017457727,false,"סוד - מרכך כביסה מרוכז פרש סקיי 900 מ""ל",הנקל סוד,IL,מרכך כביסה מרוכז סוד,,900.00,,false,,13.90,0.0154,true,1,198953
7290017457734,false,"סוד - מרכך כביסה מרוכז ווילד רוז 900 מ""ל",הנקל סוד,IL,מרכך כביסה מרוכז סוד,,900.00,,false,,13.90,0.0154,true,1,198954
7290017457925,false,סוד מרכך כביסה מרוכז פרש קונטרול ורוד,,IL,מרכך כביסה מרוכז סוד,,900.00,,false,,13.90,0.0154,true,1,321010
7290017477169,false,קשיו קלוי 250 גרם ששון הקולה,,,קשיו קלוי ששון הקולה,,250.00,יח',false,,20.00,0.0800,true,1,182160
7290017513485,false,מחית עגבניות רוסטיקה בלה איטליה 680 ג',היצרן: ס.פ. פודנצנו,IT,מחית עגבניות רוסטיקה,,680.00,יח',false,,13.90,0.0204,true,1,251847
7290017589565,false,"יין קלאסיק גוורצטרמינר 750 מ""ל ברקן",יקבי ברקן שיווק והפצ,IL,"קלאסיק גוורץ 750 מ""ל",,750.00,,false,,35.50,0.0473,true,1,196782
7290017595078,false,כוסית זכוכית עם רגל,,,כוסית זכוכית עם רגל,יחידה,0.00,יחידה,false,,2.40,0.0000,true,1,195944
7290017616490,false,פילה ברבוניה ארוז 40,,,פילה ברבוניה ארוז 40,,400.00,יח',false,,29.90,0.0747,true,1,343673
7290017637594,false,שמפו יומיומי זיכרונות מתוקים 500 מל,,,שמפו שיער רגיל MB S,,500.00,"100 מ""ל",false,,25.90,0.0518,true,1,484292
7290017641997,false,"שוקולד 70% לל""ס שברי אגוז לוז 100ג*12בדיס*2 בקר",כרמית,IL,שוקולד מריר מעולה עם,,100.00,יח',false,,9.90,0.0990,true,1,458897
7290017715506,false,חומץ 5% תומר 1 ליטר,,IL,חומץ תומר 1 ליטר,ליטרים,1.00,ליטר,false,,5.90,5.9000,true,1,280716
7290017715735,false,A2 זית סורי מבוקע תומר 560 גרם,,IL,זית סורי מבוקע תומר,,560.00,יח',false,,12.90,0.0230,true,1,280698
7290017715834,false,A2 זית נובו מבוקע ג.מאוד תומר 560 גרם,,IL,זית נובו מבוקע ג.מאו,,560.00,יח',false,,12.90,0.0230,true,1,280702
7290017746128,false,מארז 10 פיתות ביס לבן,,,פיתות ביס 10 יח' מאפ,,500.00,יח',false,,13.90,0.0278,true,1,555252
7290017746135,false,מארז 10 פיתות ביס כוסמין,,,10 מיני פיתות כוסמין,,500.00,יח',false,,14.90,0.0298,true,1,555409
7290017746197,false,6 לחמניות המבורגר מא,,IL,6 לחמניות המבורגר מא,,600.00,יח',false,,18.90,0.0315,true,1,555158
7290017746258,true,פרנה לחם מרוקאי מסור,,,פרנה לחם מרוקאי מסור,,400.00,יח',false,,15.90,0.0398,true,1,555455
7290017746289,false,4 יח' פיתה זעתר מנקי,,,4 יח' פיתה זעתר מנקי,,480.00,יח',false,,21.90,0.0456,true,1,562116
7290017746586,false,מארז פיתה 10 יחידות,,,מארז פיתה 10 יחידות,,1.00,,false,,14.90,14.9000,true,1,560076
7290017812380,false,תירוש מיץ ענבים אדום,,,תירוש מיץ ענבים אדום,,750.00,,false,,13.90,0.0185,true,1,217058
7290017812571,false,יין תירוש אדום 100%ה טבעי 1 ליטר,"כד בני דרום בע""מ",IL,תירוש מיץ ענבים אדום,ליטרים,1.00,ליטר,false,,22.90,22.9000,true,1,268105
7290017812588,false,יין תירוש לבן 100%ה טבעי 1 ליטר,"כד בני דרום בע""מ",IL,תירוש מיץ ענבים לבן,ליטרים,1.00,ליטר,false,,22.90,22.9000,true,1,268120
7290017812847,false,"יין סלקטד פרנץ' גוורצטרמינר 750 מ""ל","כד בני דרום בע""מ",IL,סלקטד פרנץ קולומברד,,750.00,,false,,32.90,0.0439,true,1,333527
7290017871370,true,סבון ידיים מועשר בשמ,,,סבון ידיים מועשר בשמ,,500.00,,false,,10.90,0.0218,true,1,266774
7290017872193,false,טוסו עוגיות שקדים וקינמון ללא סוכר 200 גרם,היינץ צפון אמריקה מק,IL,עוגיות שקדים וקינמון,,200.00,יח',false,,19.90,0.0995,true,1,289231
7290017872872,false,בייביביס חטיפי דגנים אפויים לתינוקות בטעם גזר וסלק,,IL,חטיפי דגנים אפויים ל,,40.00,יח',false,,13.90,0.3475,true,1,454403
7290017888026,false,"משקה אננס תפוח גזר פרות & ווג 350 מ""ל",יפאורה תבורי בעמ,IL,פרוט & וג' אננס תפוח,,330.00,,false,,8.90,0.0270,true,1,199044
7290017888910,false,"תפוזינה לימונענע 500 מ""ל",,,משקה לימונענע Move ת,,500.00,,false,,6.20,0.0124,true,1,359655
7290017917283,false,"מגבוני קמיל בלו ד""ר פישר ללא בישום רביעי",,IL,מגבוני קמיל 64 יח` מ,יחידה,0.00,יחידה,false,,22.90,0.0000,true,1,333555
7290017928036,false,מאיר בייגל מקלות גריסיני שומשום 175 ג',,IL,מקלות גריסיני שומשום,,175.00,יח',false,,13.90,0.0794,true,1,263629
7290017928098,false,שטוחלה מלח מאיר בייגל 330 ג',מאיר בייגל,IL,בייגלה שטוח מלח מאיר,,330.00,יח',false,,13.90,0.0421,true,1,406897
7290017928616,false,מאיר בייגלה שטוחלה שומשום 300 ג',,IL,שטוחלה שומשום מאיר ב,,300.00,100 גרם,false,,13.90,0.0463,true,1,263641
7290017928661,false,מאיר בייגל -סמאש-שבורים בטעם צ'דר 300 גרם,,BG,שברי בייגלה בטעם צ'ד,,300.00,100 גרם,false,,14.90,0.0497,true,1,339645
7290017928807,false,בייגלה אצבעות עם שומשום 300גרם - חדש,,IL,אצבעות שומשום מאיר ב,,300.00,יח',false,,13.90,0.0463,true,1,263644
7290017928821,false,מאיר בייגל מקלות גריסיני קלאסי 200 ג',,IL,מקלות גריסיני קלאסי,,200.00,יח',false,,13.90,0.0695,true,1,263646
7290017941226,false,מזלגות 40 יח' עבה במ,,,מזלגות 40 יח' עבה במ,יחידה,0.00,יחידה,false,,8.90,0.0000,true,1,344714
7290017941233,false,סכינים 40 יח' עבה במ,,,סכינים 40 יח' עבה במ,יחידה,0.00,יחידה,false,,8.90,0.0000,true,1,344912
7290017941264,false,מזלגות 40 יח' עבה במ,,,מזלגות 40 יח' עבה במ,יחידה,0.00,יחידה,false,,8.90,0.0000,true,1,346763
7290017941349,false,נרונים 72 יח' 4 שעות,,,נרונים 72 יח' 4 שעות,יחידה,0.00,יחידה,false,,24.90,0.0000,true,1,392770
7290017941370,false,להבונים 50 יח' 3 שעו,,,להבונים 50 יח' 3 שעו,יחידה,0.00,יחידה,false,,10.90,0.0000,true,1,381142
7290017941455,false,כוסות 9oz לשתיה חמה,,,כוסות 9oz לשתיה חמה,יחידה,0.00,יחידה,false,,14.90,0.0000,true,1,359338
7290017941462,false,כוסות שתיה חמה 8B י,,,כוסות שתיה חמה 8B י,יחידה,0.00,יחידה,false,,10.90,0.0000,true,1,351711
7290017941608,false,קערות אובליות לבן 50,,,קערות אובליות לבן 50,יחידה,0.00,יחידה,false,,11.90,0.0000,true,1,346771
7290017941684,false,מארז תבניות רוסטר ענ,,,מארז תבניות רוסטר ענ,יחידה,0.00,יחידה,false,,14.90,0.0000,true,1,346776
7290017941691,false,מפת שולחן מהודרת 270,,,מפת שולחן מהודרת 270,יחידה,0.00,יחידה,false,,9.90,0.0000,true,1,381157
7290017941707,false,זוג מפות אירוח 120*1,,,זוג מפות אירוח 120*1,יחידה,0.00,יחידה,false,,8.90,0.0000,true,1,381158
7290017941769,false,מארז צלחות מהודר 20+,,,מארז צלחות מהודר 20+,יחידה,0.00,יחידה,false,,58.90,0.0000,true,1,341750
7290017941783,false,מארז צלחות מהודר 20+,,,מארז צלחות מהודר 20+,יחידה,0.00,יחידה,false,,58.90,0.0000,true,1,341752
7290017941929,false,"שיפודי יקטורי 18 ס""מ",,,"שיפודי יקטורי 18 ס""מ",יחידה,0.00,יחידה,false,,7.90,0.0000,true,1,346939
7290017941943,false,שיפודי במבוק עובי 3,,,שיפודי במבוק עובי 3,יחידה,0.00,יחידה,false,,3.90,0.0000,true,1,346922
7290017946368,false,סוד סבון 4 כדוריות לאסלה אוקיינוס 3*50 ג,,,סוד כדוריות לאסלה P.,,150.00,יח',false,,20.90,0.1393,true,1,332995
7290017946979,false,ג'ל מרוכז לכביסה מנטרל ריחות 2.4 ל' פרסיל,,IL,פרסיל ג'ל פרימיום 2.,ליטרים,2.40,ליטר,false,,37.90,15.7917,true,1,337776
7290017947105,false,לחם בסגנון אמריקה 500 גר',מאפיית שלמה א. אנג'ל,IL,לחם בסגנון אמריקה אנ,,500.00,יח',false,,15.90,0.0318,true,1,265476
7290017947464,false,מארז 8 פיתות מקמח כוסמין מלא 400ג',"איטיליאן פוד, אס.פי.",IL,שמיניית פיתות כוסמין,,400.00,יח',false,,17.90,0.0447,true,1,312032
7290017947891,false,לחם כוסמין וחיטה מלאה 750 ג' אנג'ל,מאפיית שלמה א. אנג'ל,IL,לחם כוסמין וחיטה מלא,,750.00,יח',false,,17.90,0.0239,true,1,264262
7290017947921,true,מארז לחמניות המבורגר,,,מארז לחמניות המבורגר,,450.00,יח',false,,15.90,0.0353,true,1,287386
7290017974873,false,כיסונים למרק במילוי בשר הודו 750 גרם,,,כיסונים למרק במילוי,,0.75,100 גרם,false,,31.90,42.5333,true,1,514660
7290018043196,false,פראוד - חטיף חלבון בטעם שוקולד לבן עוגיות 60 גרם,הרת'סייד פוד סולושיי,NL,חטיף חלבון בטעם שוקו,,60.00,יח',false,,15.90,0.2650,true,1,469716
7290018043844,false,חטיף חלבון בוטנים קרמל קראנץ 60 ג' פראוד,v.s.i,NL,חטיף חלבון בטעם בוטנ,,60.00,יח',false,,15.90,0.2650,true,1,469717
7290018045503,false,דגני בוקר הלו קיטי לבבות 311 גר MONDAY,,DE,דגני חיטה ואורז בטעם,,311.00,יח',false,,26.90,0.0865,true,1,560328
7290018045893,false,בון בון דגנים במילוי קרם נוגט 480 גרם,,DE,דגנים במילוי קרם נוג,,480.00,יח',false,,23.90,0.0498,true,1,437899
7290018071212,false,כפפות ניטרו כחולות אלסטיות M ללא אבקה 100יח',איזיטאצ,CN,כפפות ניטרו-V כחולות,יחידה,0.00,יחידה,false,,21.90,0.0000,true,1,473993
7290018071236,false,כפפות ניטרו כחולות אלסטיות XL ללא אבקה 100יח',איזיטאצ,CN,כפפות ניטרו-V כחולות,יחידה,0.00,יחידה,false,,21.90,0.0000,true,1,473995
7290018091616,false,מקלות פילו גבינה מעדנות 450 ג',מיוצר עי קונדיטוריית,IL,מקלות פילו גבינה 450,,450.00,יח',false,,18.90,0.0420,true,1,297206
7290018098493,false,פיצה מרגריטה בתוספת זיתים 350 ג' Milk free,נטורל קייקס,IL,פיצה משפחתית זיתים 3,,350.00,יח',false,,23.90,0.0683,true,1,498080
7290018131251,false,אקסטרים מטבע שוקולד לבן וליבת קרם עוגיות 115ג',גלידות נסטלה (נגה גל,IL,אקסטרים מטבע שוקולד,יחידה,0.00,יחידה,false,,9.90,0.0000,true,1,279135
7290018131855,false,אקסטרים טילון בראוניז מאגדת 6 יח 432 גרם,גלידות נסטלה (נגה גל,IL,אקסטרים מאגדת טילון,,432.00,יח',false,,39.90,0.0924,true,1,363520
7290018225134,false,"מערבל יד חשמלי "" פל",,,"מערבל יד חשמלי "" פל",יחידה,0.00,יחידה,false,,60.90,0.0000,true,1,348164
7290018236086,false,ע.ט. נקניקיות עוף 12,,,ע.ט. נקניקיות עוף 12,קילוגרמים,1.00,"ק""ג",false,,35.90,35.9000,true,1,372181
7290018237410,false,עוף טוב פסטרמה במעשנה נתח שלם 8*300 גרם,מולינו ניקולי s.p.a,IL,פסטרמה במעשנה נתח של,,300.00,יח',false,,30.90,0.1030,true,1,380247
7290018249086,false,סוויטאנגו ממרח בטעם,,,סוויטאנגו ממרח בטעם,,350.00,יח',false,,33.90,0.0969,true,1,560422
7290018294208,false,"סלקטד אדום יין ישראלי, 750 מ""ל","כד בני דרום בע""מ",IL,יין אדום ישראלי סלקט,,750.00,,false,,32.90,0.0439,true,1,392468
7290018359495,false,תירס מהשדה בלי תוספת סוכר יכין 550 גרם,היינץ צפון אמריקה מק,IL,תירס מהשדה בלי תוספת,,550.00,יח',false,,10.90,0.0198,true,1,316967
7290018359686,false,חומוס ענק יכין 550 גרם,היינץ צפון אמריקה מק,IL,חומוס ענק יכין 550 ג,,550.00,יח',false,,10.90,0.0198,true,1,396457
7290018359716,false,רוטב עגבניות פיצה טוסקנה 240 גרם יכין,"זנלכל בע""מ",IL,רוטב פיצה טוסקנה יכי,,240.00,יח',false,,6.50,0.0271,true,1,352151
7290018359884,false,פולפה ליקופן טבעית יכין 400 גר*2,,,פולפה ליקופן טבעית י,,800.00,יח',false,,17.90,0.0224,true,1,442120
7290018359938,false,"רוטב עגבניות לשקשוקה יכין, 400 גרם",יכין,IL,רוטב עגבניות לשקשוקה,,400.00,100 גרם,false,,13.90,0.0348,true,1,500999
7290018359945,false,חאריפה רוטב פיקנטי מפלפלים וירקות 400גר,יכין,IL,חאריפה - רוטב פיקנטי,,400.00,יח',false,,13.90,0.0348,true,1,501000
7290018359952,false,רוטב עגבניות לפסטה יכין 400 גרם,יכין,IL,רוטב עגבניות לפסטה י,,400.00,יח',false,,13.90,0.0348,true,1,501001
7290018359969,false,רוטב עגבניות לפיצה 400 גרם יכין,יכין,IL,רוטב עגבניות לפיצה י,,400.00,100 גרם,false,,13.90,0.0348,true,1,501002
7290018380871,false,פטיסון כבוש 670 גרם תומר,,,פטיסון כבוש שלם תומר,,670.00,יח',false,,14.90,0.0222,true,1,462346
7290018400470,false,כרישה חתוכה מוקפאת 600 גרם סנפרוסט,,IL,כרישה חתוכה קפואה סנ,,600.00,יח',false,,16.90,0.0282,true,1,515913
7290018440438,false,טונה קאלוו איזי פליפ בשמן 65 גר*3,קאלוו,ES,טונה easy flip בשמן,,195.00,יח',false,,26.90,0.1379,true,1,507202
7290018440513,false,סלט קליפורנייה קאלוו עם טונה 150 גר,,,סלט טונה עם ירקות בס,,150.00,יח',false,,15.90,0.1060,true,1,507157
7290018440896,false,תה הגן הקסום חליטת ג'ינג'ר וכורכום 25 יח',ויסוצקי,IL,חליטת ג'ינג'ר וכורכו,,37.50,יח',false,,19.90,0.5307,true,1,453184
7290018441626,false,גלידת פיינטים מנטה עוגיות 430 ג' בן וג'ירי,מוצרי איכות אמריקאיי,IL,גלידת שמנת בטעם מנטה,,430.00,יח',false,,26.90,0.0626,true,1,444967
7290018468418,false,פסטרמה צמחונית בטעם מפולפל 100 ג טירת צב,טיב טירת צבי 2000,IL,פסטרמה צמחונית מפולפ,,120.00,יח',false,,16.90,0.1408,true,1,539826
7290018468425,false,נקניק טבעוני בטעם פקנטי 100 גרם טירת צבי,טיב טירת צבי 2000,IL,נקניק טבעוני בטעם מע,,100.00,יח',false,,16.90,0.1690,true,1,539827
7290018468432,false,נקניק טבעוני בטעם מעושן 100 גרם טירת צבי,טיב טירת צבי 2000,IL,נקניק טבעוני בטעם פי,,100.00,יח',false,,16.90,0.1690,true,1,539809
7290018471029,false,"שוופס סודה בטעם לימון שישיה * 500 מ""ל",יפאורה תבורי בעמ,IL,שוופס סודה לימון שיש,ליטרים,3.00,ליטר,false,,16.90,5.6333,true,1,320870
7290018471456,false,קרטונית ספרינג שייק אננס מנגו פסיפלורה 1 ליטר,"יפאורה תבורי בע""מ",IL,ספרינג שייק אננס מנג,ליטרים,1.00,ליטר,false,,13.90,13.9000,true,1,374854
7290018471906,false,שוופס מוגז פירות לימונדה ורודה 1.5 ליטר פיקדון,"יפאורה תבורי בע""מ",IL,שוופס מוגז לימונדה ו,ליטרים,1.50,ליטר,false,,9.90,6.6000,true,1,418485
7290018471913,false,שוופס מוגז פירות תפוחים 1.5 ליטר-,"יפאורה תבורי בע""מ",IL,שוופס פרוטס תפוחים 1,ליטרים,1.50,ליטר,false,,9.90,6.6000,true,1,418486
7290018471937,false,שוופס מוגז פירות תות ליים 1.5 ליטר פיקדון,"יפאורה תבורי בע""מ",IL,שוופס מוגז פירות תות,ליטרים,1.50,ליטר,false,,9.90,6.6000,true,1,418488
7290018471944,false,שוופס מוגז פירות לימונייד 1.5 ליטר פיקדון,"יפאורה תבורי בע""מ",IL,שוופס מוגז למונייד 1,ליטרים,1.50,ליטר,false,,9.90,6.6000,true,1,418489
7290018471951,false,שוופס מוגז פירות אשכולית אדומה 1.5 ליטר פיקדון,"יפאורה תבורי בע""מ",IL,שוופס פרוטס אשכולית,ליטרים,1.50,ליטר,false,,9.90,6.6000,true,1,418504
7290018493144,false,"ד""ר פישר אל סבון נוזלי לידיים קמיל ש ארגן 1 ל'",,,אל סבון ארגאן סגול,ליטרים,1.00,ליטר,false,,16.90,16.9000,true,1,338464
7290018493700,false,"סבון ידיים ויטמינים לילדים כחול 500 מ""ל ד""ר פישר",,,סבון ידיים ויטמינים,,500.00,,false,,13.90,0.0278,true,1,413561
7290018493977,false,אל סבון קמיל בלו בתמצית שיבולת שועל 1 ל,,,אל סבון ניקיון ולחות,ליטרים,1.00,ליטר,false,,16.90,16.9000,true,1,410959
7290018500361,false,לחם אנג'ל אחיד פרוס 900 גר',מאפיית שלמה א. אנג'ל,IL,לחם אחיד פרוס מאפיית,,900.00,יח',false,,8.53,0.0095,true,1,502691
7290018500385,true,חלה רגילה אנגל 650 ג,,,חלה רגילה אנגל 650 ג,,650.00,יח',false,,6.50,0.0100,true,1,525132
7290018500392,true,חלה קלועה אנגל 650 ג,,,חלה קלועה אנגל 650 ג,,650.00,יח',false,,6.50,0.0100,true,1,525133
7290018540329,false,שקית פיתה פיתה בלדי 800 ג' אנג'ל,מאפיית שלמה א. אנג'ל,IL,פיתה פיתה אנגל 880 ג,,10.00,,false,,13.90,1.3900,true,1,341822
7290018564714,false,ממרח לימון כבוש שף ה,,,ממרח לימון כבוש שף ה,,200.00,יח',false,,13.90,0.0695,true,1,459885
7290018564721,false,ממרח אריסה שף הטבע 2,,,ממרח אריסה שף הטבע 2,,200.00,יח',false,,13.90,0.0695,true,1,459886
7290018571538,false,סוכריות פרופוליס לילדים 175 גרם מיה פלוס,,IL,סוכריות חורף פרופולי,,175.00,יח',false,,39.90,0.2280,true,1,536661
7290018571705,false,"אורז יסמין מיה 1 ק""ג",,IL,"אורז יסמין 1 ק""ג",קילוגרמים,1.00,"ק""ג",false,,12.90,12.9000,true,1,497971
7290018571729,false,"אורז ריזוטו עגול מיה 1 ק""ג",,IL,אורז ריזווטו עגול 1,קילוגרמים,1.00,"ק""ג",false,,9.90,9.9000,true,1,498002
7290018626009,false,צלחות וינטג' ענקיות,,,צלחות וינטג' ענקיות,יחידה,0.00,יחידה,false,,22.90,0.0000,true,1,355922
7290018626085,false,לפתניות 4.5 שקוף 50,,,לפתניות 4.5 שקוף 50,יחידה,0.00,יחידה,false,,9.90,0.0000,true,1,346780
7290018626108,false,קערות אובליות שקוף 5,,,קערות אובליות שקוף 5,יחידה,0.00,יחידה,false,,11.90,0.0000,true,1,346782
7290018626184,false,צלחות וינטג' ענקיות,,,צלחות וינטג' ענקיות,יחידה,0.00,יחידה,false,,22.90,0.0000,true,1,355923
7290018626238,false,קינוחית אישית מלבנית,,,קינוחית אישית מלבנית,יחידה,0.00,יחידה,false,,12.90,0.0000,true,1,349333
7290018626283,false,פיצה מרגריטה 350 גרם,,,פיצה מרגריטה 350 גרם,,350.00,יח',false,,12.90,0.0369,true,1,385968
7290018626351,false,צלחות וינטג' ענקיות,,,צלחות וינטג' ענקיות,יחידה,0.00,יחידה,false,,22.90,0.0000,true,1,355924
7290018626412,false,צלחות וינטג' גדולות,,,צלחות וינטג' גדולות,יחידה,0.00,יחידה,false,,18.90,0.0000,true,1,355942
7290018626436,false,קערות וינטג' 10 יח',,,קערות וינטג' 10 יח',יחידה,0.00,יחידה,false,,15.90,0.0000,true,1,355976
7290018626528,false,ניילון נצמד 30*150 ע,,,ניילון נצמד 30*150 ע,,150.00,,false,,19.90,0.1327,true,1,364873
7290018626535,false,שקיות נייר לכריכים 5,,,שקיות נייר לכריכים 5,יחידה,0.00,יחידה,false,,8.90,0.0000,true,1,355991
7290018626597,false,צימרונים לאוזנים איכ,,,צימרונים לאוזנים איכ,יחידה,0.00,יחידה,false,,4.90,0.0000,true,1,386791
7290018626894,false,כוסות P.P יהלום כסף,,,כוסות P.P יהלום כסף,יחידה,0.00,יחידה,false,,10.90,0.0000,true,1,386863
7290018626900,false,מפיות תלת שכבתיות 20,,,מפיות תלת שכבתיות 20,יחידה,0.00,יחידה,false,,5.90,0.0000,true,1,402856
7290018626924,false,מפיות תלת שכבתיות 20,,,מפיות תלת שכבתיות 20,יחידה,0.00,יחידה,false,,5.90,0.0000,true,1,402872
7290018626948,false,מפיות תלת שכבתיות 20,,,מפיות תלת שכבתיות 20,יחידה,0.00,יחידה,false,,5.90,0.0000,true,1,402873
7290018652039,false,לה קרמריה קרמל מלוח ונוגט בדצ 1.4 ליטר,נגה גלידות,IL,לה קרמריה קרמל מלוח,ליטרים,1.40,ליטר,false,,25.90,18.5000,true,1,363523
7290018652671,false,"לה קרמריה שוקולד וניל 1.4 ליטר [תו אי""ל]",נסטלה,IL,גלידת שוקו וניל מופח,,0.00,יח',false,,25.90,0.0000,true,1,453460
7290018652886,false,נסטלה מאגדת מצופים שוקו בננה 8 יח',נגה גלידות,IL,מאגדת שוקו בננה 8 יח,,476.00,יח',false,,28.90,0.0607,true,1,455833
7290018652909,false,מאגדת מאגנום קפה שוקולד ופקאן 5 *43 ג' נסטלה,נסטלה,IL,מאגדת שלגונים אספרסו,,225.00,100 גרם,false,,31.90,0.1418,true,1,484432
7290018720028,false,קרנבל אותיות ביסקוויט בטעם חמאה 250 ג' מעדני מלך,הגביע מוצרי וופלים,IL,מעדני המלך אותיות 25,,250.00,100 גרם,false,,6.90,0.0276,true,1,352958
7290018720103,false,וופל שוקו ללא סוכר 250 ג' מעדני מלך,,,אפיפיות בטעם שוקו לל,,250.00,יח',false,,8.90,0.0356,true,1,415315
7290018720219,false,פצפוצי אורז ללא סוכר 250 ג' מעדני מלך,,,פיצפוצי אורז ללא סוכ,,250.00,יח',false,,13.90,0.0556,true,1,512649
7290018879856,false,טופי שטוח בטעמי ענבים ופטל 400 גרם כרמית,,,סוכריות טופי שטוח בט,,400.00,יח',false,,11.90,0.0298,true,1,446469
7290018886120,false,מפיות תלת שכבתיות 20,,,מפיות תלת שכבתיות 20,יחידה,0.00,יחידה,false,,5.90,0.0000,true,1,402895
7290018886151,false,מפיות תלת שכבתיות 20,,,מפיות תלת שכבתיות 20,יחידה,0.00,יחידה,false,,5.90,0.0000,true,1,402898
7290018886175,false,כפיות עבות 50 יח' ש,,,כפיות עבות 50 יח' ש,יחידה,0.00,יחידה,false,,10.90,0.0000,true,1,386822
7290018886199,false,סכינים עבות 50 יח',,,סכינים עבות 50 יח',יחידה,0.00,יחידה,false,,10.90,0.0000,true,1,386824
7290018886229,false,מזלגות עבות 50 יח',,,מזלגות עבות 50 יח',יחידה,0.00,יחידה,false,,10.90,0.0000,true,1,386827
7290018886236,false,כפות עבות 50 יח' שק,,,כפות עבות 50 יח' שק,יחידה,0.00,יחידה,false,,10.90,0.0000,true,1,386828
7290018886243,false,כפות עבות 50 יח' קר,,,כפות עבות 50 יח' קר,יחידה,0.00,יחידה,false,,10.90,0.0000,true,1,386829
7290018886274,false,מגש איכותי מחולק ל 4,,,מגש איכותי מחולק ל 4,יחידה,0.00,יחידה,false,,9.90,0.0000,true,1,433951
7290018886304,false,פת דגנים סגנון שוודי,,,פת דגנים סגנון שוודי,,340.00,יח',false,,12.90,0.0379,true,1,407010
7290018886328,false,פת דגנים שיפון 340 ג,,,פת דגנים שיפון 340 ג,,340.00,יח',false,,12.90,0.0379,true,1,408488
7290018886601,false,כוסות דמוי שיש 40 יח,,,כוסות דמוי שיש 40 יח,יחידה,0.00,יחידה,false,,9.90,0.0000,true,1,386844
7290018886632,false,כוסות דמוי שיש 40 יח,,,כוסות דמוי שיש 40 יח,יחידה,0.00,יחידה,false,,9.90,0.0000,true,1,386847
7290018886816,false,קערת סלט בועות פנינה,,,קערת סלט בועות פנינה,יחידה,0.00,יחידה,false,,8.90,0.0000,true,1,407783
7290018886830,false,קערת סלט בועות ורוד,,,קערת סלט בועות ורוד,יחידה,0.00,יחידה,false,,8.90,0.0000,true,1,412751
7290018886991,false,שמן קנולה אלומות 1 ל,,,שמן קנולה אלומות 1 ל,ליטרים,1.00,ליטר,false,,12.90,12.9000,true,1,401364
7290018893036,false,ביסקוויט סנדוויץ בטעם שוקולד במילוי קרם וניל 176ג',,,ביסקוויטי סנדוויץ בט,,176.00,יח',false,,7.90,0.0449,true,1,439858
7290018893081,false,יוגטה עוג.איש. מגולגלות שוקולד קקאו 222,,IL,צ'וקטה מגולגלות חלב,,222.00,יח',false,,10.90,0.0491,true,1,408333
7290018893098,false,צ'וקטה ביסקוויט מצופה שוקולד חלב 100 גרם,,,צ'וקטה עוגיות מצופות,,100.00,יח',false,,8.90,0.0890,true,1,479865
7290018893104,false,צ'וקטה ביסקוויט מצופה שוקולד מריר 100 גרם,,,צ'וקטה עוגיות מצופות,,100.00,יח',false,,8.90,0.0890,true,1,479866
7290018893289,false,יוגטה עוגות אישיות מגולגלות קקאו 222 גר,,IL,צ'וקטה מגולגלות קקאו,,222.00,יח',false,,10.90,0.0491,true,1,408334
7290018893340,false,צ'וקטה גריסיני שומשום 120 גרם,,US,צ'וקטה גריסיני שומשו,,120.00,יח',false,,10.00,0.0833,true,1,504624
7290018893456,false,צוקטה עוגות אישיות במילוי קרם 10*30 גר,פרדי קונדטוריה אס.פי,IT,צ'וקטה עוגות אישיות,יחידה,300.00,יחידה,false,,14.90,0.0497,true,1,391040
7290018893487,false,צוקטה עוגות אישיות בטעם קוקוס-350 גרם,,,צ'וקטה עוגות אישיות,,350.00,100 גרם,false,,14.90,0.0426,true,1,408336
7290018893647,false,צ'וקטה עוגיות סנדביץ' שוקולד חלב 150 גרם,,ES,עוגיות סנדויץ' מצופו,,150.00,יח',false,,10.90,0.0727,true,1,439796
7290018893906,false,צ'וקטה עוגיות סנדביץ קרם וניל 250 ג,,,צ'וקטה עוגיות סנדביץ,,250.00,יח',false,,8.90,0.0356,true,1,479868
7290018893937,false,לוקיטוס סוכריות ג'לי,,,לוקיטוס סוכריות ג'לי,,300.00,יח',false,,10.90,0.0363,true,1,550717
7290018894019,false,בלקוני עוגות אישיות מיקמקס חלב 350 גרם,בלקוני,IT,עוגות אישיות מיקס מק,,350.00,יח',false,,15.90,0.0454,true,1,483738
7290018894408,false,וופל קוביות אגוזי לוז 250 ג' בלקוני,בלקוני,IT,בלקוני קוביות וופל א,,250.00,100 גרם,false,,13.90,0.0556,true,1,494839
7290018921609,false,"ד""ר פישר - קמיל בלו קרם החתלה קלנדולה 120 גרם",,IL,קמיל בלו קרם החתלה ק,,120.00,יח',false,,23.90,0.1992,true,1,514072
7290018925065,false,מיץ פרימור תפוזים סחוט 2 ליטר-,גניר,IL,פרימור מיץ תפוזים סח,ליטרים,2.00,ליטר,false,,28.90,14.4500,true,1,425906
7290018925089,false,"מיץ פרימור תפו""ע צלול סחוט 2 ליטר-",גניר,IL,פרימור מיץ תפוחים צל,ליטרים,2.00,ליטר,false,,28.90,14.4500,true,1,425921
7290018925416,false,"מיץ לימון ופסיפלורה 400 מ""ל פרימור","גניר בע""מ",IL,משקה קל לימון פסיפלו,,400.00,,false,,8.50,0.0213,true,1,515866
7290018929162,false,מקל מתכנת לבן 1.4 לי,,,מקל מתכנת לבן 1.4 לי,יחידה,0.00,יחידה,false,,7.90,0.0000,true,1,524603
7290018989005,false,שלישיית פולפה עגבניות טבעי יכין 400X3 גרם,זנלכל,IL,פולפה טבעית יכין 3*,קילוגרמים,1.20,"ק""ג",false,,17.90,14.9167,true,1,442135
7290018989081,false,חומוס הבית להכנת חומוס טרי יכין 400 גר,זנלכל,IL,חומוס הבית יכין 400,,400.00,יח',false,,9.90,0.0248,true,1,499901
7290019014089,false,טאצ' נוזל רצפות 2 ליטר דיונה פראית,,,נוזל רצפות דיונה פרא,ליטרים,2.00,ליטר,false,,19.90,9.9500,true,1,438890
7290019031000,false,WIZ מארז חמישיית ניי,,,WIZ מארז חמישיית ניי,יחידה,0.00,יחידה,false,,11.90,0.0000,true,1,436391
7290019031024,false,נר הבדלה כחול לבן,,,נר הבדלה כחול לבן,יחידה,0.00,יחידה,false,,9.90,0.0000,true,1,471261
7290019031062,false,תבנית R-2 מלבנית 7 י,,,תבנית R-2 מלבנית 7 י,יחידה,0.00,יחידה,false,,9.90,0.0000,true,1,459541
7290019031109,false,תבנית R-88 אינגליש 1,,,תבנית R-88 אינגליש 1,יחידה,0.00,יחידה,false,,9.90,0.0000,true,1,459545
7290019031116,false,תבנית R-99 ענקית 3 י,,,תבנית R-99 ענקית 3 י,יחידה,0.00,יחידה,false,,9.90,0.0000,true,1,459546
7290019031307,false,לפתניות לבנות 25 יח',,,לפתניות לבנות 25 יח',יחידה,0.00,יחידה,false,,6.90,0.0000,true,1,454307
7290019031314,false,קערות אובליות לבנות,,,קערות אובליות לבנות,יחידה,0.00,יחידה,false,,7.90,0.0000,true,1,454308
7290019031338,false,"צלחות קטנות 7"" לבנות",,,"צלחות קטנות 7"" לבנות",יחידה,0.00,יחידה,false,,9.90,0.0000,true,1,454310
7290019031420,false,אל סבון נוזלי שלישיי,,,אל סבון נוזלי שלישיי,,500.00,,false,,12.90,0.0258,true,1,465392
7290019031444,false,אשפתון 65X54 XL חזקו,,,אשפתון 65X54 XL חזקו,יחידה,0.00,יחידה,false,,19.90,0.0000,true,1,478072
7290019031499,false,WIZ מגשים אובלים מתכ,,,WIZ מגשים אובלים מתכ,יחידה,0.00,יחידה,false,,9.90,0.0000,true,1,514773
7290019031543,false,שמן זית כתית מעולה א,,,שמן זית כתית מעולה א,,750.00,,false,,33.90,0.0452,true,1,465349
7290019031550,false,מנגל קטן 40*25 WIZ,,,מנגל קטן 40*25 WIZ,יחידה,0.00,יחידה,false,,39.90,0.0000,true,1,471209
7290019031581,false,מארז 10 גביעיים + מכ,,,מארז 10 גביעיים + מכ,ליטרים,500.00,ליטר,false,,10.90,0.0218,true,1,460320
7290019031604,false,מארז 5 מכלים + מכסים,,,מארז 5 מכלים + מכסים,ליטרים,1.00,ליטר,false,,10.90,10.9000,true,1,460336
7290019031666,false,WIZ צלחות קטנות שקופ,,,WIZ צלחות קטנות שקופ,יחידה,0.00,יחידה,false,,10.90,0.0000,true,1,514791
7290019031673,false,"WIZ מרקיות שקופות 7""",,,"WIZ מרקיות שקופות 7""",יחידה,0.00,יחידה,false,,10.90,0.0000,true,1,514792
7290019031697,false,WIZ לפתניות שקופות 2,,,WIZ לפתניות שקופות 2,יחידה,0.00,יחידה,false,,6.90,0.0000,true,1,514794
7290019031703,false,מנגל איכותי גדול 30*,,,מנגל איכותי גדול 30*,יחידה,0.00,יחידה,false,,119.90,0.0000,true,1,535757
7290019056034,false,שוופס מוגז פירות אננס ללא סוכר 1.5 ליטר פיקדון,יפאורה תבורי,IL,שוופס מוגז פירות אננ,ליטרים,1.50,ליטר,false,,8.90,5.9333,true,1,418506
7290019056041,false,שוופס מוגז פירות לימונייד ללא סוכר 1.5 ליטר פיקדון,יפאורה תבורי,IL,שוופס מוגז פירות ללא,ליטרים,1.50,ליטר,false,,8.90,5.9333,true,1,418521
7290019056058,false,שוופס מוגז עדין תפוח ליים 1.5 ליטר פיקדון,"יפאורה תבורי בע""מ",IL,שוופס מוגז עדין תפוח,ליטרים,1.50,ליטר,false,,8.90,5.9333,true,1,418186
7290019056065,false,שוופס מוגז עדין פירות יער 1.5 ליטר פיקדון,"יפאורה תבורי בע""מ",IL,שוופס מוגז עדין פירו,ליטרים,1.50,ליטר,false,,8.90,5.9333,true,1,418187
7290019056072,false,שוופס מוגז עדין אננס 1.5 ליטר פיקדון,יפאורה תבורי בעמ,IL,שוופס מוגז עדין אננס,ליטרים,1.50,ליטר,false,,8.90,5.9333,true,1,418203
7290019056089,false,שוופס מוגז עדין ענבי ריזלינג 1.5 ליטר פיקדון,"יפאורה תבורי בע""מ",IL,שוופס מוגז עדין טעם,ליטרים,1.50,ליטר,false,,8.90,5.9333,true,1,418204
7290019056096,false,שוופס מוגז עדין אפרסק 1.5 ליטר פיקדון,"יפאורה תבורי בע""מ",IL,שוופס מוגז עדין אפרס,ליטרים,1.50,ליטר,false,,8.90,5.9333,true,1,418205
7290019056119,false,שוופס סודה 1.5 ליטר פיקדון,"יפאורה תבורי בע""מ",IL,שוופס סודה 1.5ליטר,ליטרים,1.50,ליטר,false,,4.50,3.0000,true,1,418070
7290019056133,false,שוופס סודה נענע ליים 1.5 ליטר בק' בודד,"יפאורה תבורי בע""מ",IL,שוופס סודה נענע ליים,ליטרים,1.50,ליטר,false,,4.50,3.0000,true,1,418523
7290019056164,false,שוופס סודה 1.5 ליטר רביעייה פיקדון,"יפאורה תבורי בע""מ",IL,שוופס סודה 4*1.5ליטר,ליטרים,6.00,ליטר,false,,13.10,2.1833,true,1,418071
7290019056171,false,שוופס סודה לימון 1.5 ליטר רביעייה פיקדון,"יפאורה תבורי בע""מ",IL,שוופס סודה לימון 4*1,ליטרים,6.00,ליטר,false,,13.10,2.1833,true,1,418102
7290019056188,false,שוופס סודה נענע ליים 1.5 ליטר רביעייה פיקדון,"יפאורה תבורי בע""מ",IL,שוופס סודה נענע ליים,ליטרים,6.00,ליטר,false,,13.10,2.1833,true,1,418103
7290019056232,false,משקה מוגז בטעם ליים מוחיטו 1.5 ל' שוופס,"יפאורה תבורי בע""מ",IL,שוופס ליים מוחיטו 1.,ליטרים,1.50,ליטר,false,,9.90,6.6000,true,1,418221
7290019056256,false,שוופס מים בטעמים תפוחים 1.5 ליטר פיקדון,יפאורה תבורי בעמ,IL,שוופס וואטר בטעם תפו,ליטרים,1.50,ליטר,false,,9.50,6.3333,true,1,418009
7290019056263,false,שוופס מים בטעמים אפרסק 1.5 ליטר פיקדון,יפאורה תבורי בעמ,IL,שוופס וואטר אפרסק 1.,ליטרים,1.50,ליטר,false,,9.50,6.3333,true,1,418025
7290019056270,false,שוופס מים בטעמים פירות יער 1.5 ליטר פיקדון,"יפאורה תבורי בע""מ",IL,שוופס וואטר פירות יע,ליטרים,1.50,ליטר,false,,9.50,6.3333,true,1,420219
7290019056300,false,משקה בטעם ביטר לימון 1.5 ל' שוויפס,"יפאורה תבורי בע""מ",IL,שוופס ביטר לימון 1.5,ליטרים,1.50,ליטר,false,,12.90,8.6000,true,1,418554
7290019056324,false,שוופס טוניק 1.5 ליטר פיקדון,"יפאורה תבורי בע""מ",IL,שוופס מי טוניק 1.5 ל,ליטרים,1.50,ליטר,false,,12.90,8.6000,true,1,418570
7290019056331,false,שוופס טוניק ללא סוכר 1.5 ליטר פיקדון,יפאורה תבורי בעמ,IL,שוופס טוניק ללא סוכר,ליטרים,1.50,ליטר,false,,11.90,7.9333,true,1,418571
7290019056355,false,תפוזינה לימונדה MIX לימונענע 1.5 ליטר,"יפאורה תבורי בע""מ",IL,תפוזינה לימונדה נענע,ליטרים,1.50,ליטר,false,,9.50,6.3333,true,1,417587
7290019056362,false,תפוזינה ענבים 1.5 ליטר פיקדון,"יפאורה תבורי בע""מ",IL,תפוזינה ענבים 1.5 לי,ליטרים,1.50,ליטר,false,,9.50,6.3333,true,1,417681
7290019056379,false,תפוזינה תפוזים 1.5 ליטר פיקדון,"יפאורה תבורי בע""מ",IL,תפוזינה תפוזים 1.5 ל,ליטרים,1.50,ליטר,false,,9.50,6.3333,true,1,417729
7290019056393,false,תפוזינה תות בננה 1.5 ליטר פיקדון,"יפאורה תבורי בע""מ",IL,תפוזינה תות בננה 1.5,ליטרים,1.50,ליטר,false,,9.50,6.3333,true,1,417765
7290019056409,false,תפוזינה מנגו 1.5 ליטר פיקדון,"יפאורה תבורי בע""מ",IL,תפוזינה מנגו עסיסי 1,ליטרים,1.50,ליטר,false,,9.50,6.3333,true,1,417766
7290019056416,false,מיץ בטעם לימונדה ורודה 1.5 ל' תפוזינה,"יפאורה תבורי בע""מ",IL,תפוזינה לימונדה 1.5,ליטרים,1.50,ליטר,false,,9.50,6.3333,true,1,417782
7290019056423,false,מיץ בטעם תפוח רענן 1.5ל' תפוזינה,"יפאורה תבורי בע""מ",IL,תפוזינה תפוח רענן 1.,ליטרים,1.50,ליטר,false,,9.50,6.3333,true,1,417811
7290019056508,false,פרוט ווטר ענבים 1.5 ליטר פיקדון,"יפאורה תבורי בע""מ",IL,פרוט ווטר ענבים 1.5,ליטרים,1.50,ליטר,false,,9.50,6.3333,true,1,417918
7290019056515,false,פרוט ווטר אננס 1.5 ליטר פיקדון,"יפאורה תבורי בע""מ",IL,פרוט ווטר אננס 1.5 ל,ליטרים,1.50,ליטר,false,,9.50,6.3333,true,1,417948
7290019056522,false,פרוט ווטר תות 1.5 ליטר פיקדון,"יפאורה תבורי בע""מ",IL,פרוט ווטר תות 1.5 לי,ליטרים,1.50,ליטר,false,,9.50,6.3333,true,1,417963
7290019056539,false,פרוט ווטר אפרסק 1.5 ליטר פיקדון,"יפאורה תבורי בע""מ",IL,פרוט ווטר אפרסק 1.5,ליטרים,1.50,ליטר,false,,9.50,6.3333,true,1,417978
7290019056553,false,שישית מים מינרליים 2ל' עין גדי,עין גדי מים מינרליים,IL,עין גדי מים מינרלים,ליטרים,12.00,ליטר,false,,13.80,1.1500,true,1,418745
7290019056560,false,עין גדי 2 ליטר בק' בודד פיקדון,יפאורה,IL,עין גדי מים מינרלים,ליטרים,2.00,ליטר,false,,4.50,2.2500,true,1,418746
7290019056577,false,ספרינג מנגו 1.5 ליטר פיקדון,"יפאורה תבורי בע""מ",IL,ספרינג מנגו 1.5 ליטר,ליטרים,1.50,ליטר,false,,9.50,6.3333,true,1,417454
7290019056584,false,ספרינג תפוזים 1.5 ליטר פיקדון,"יפאורה תבורי בע""מ",IL,ספרינג תפוזים 1.5 לי,ליטרים,1.50,ליטר,false,,9.50,6.3333,true,1,417469
7290019056591,false,ספרינג ענבים 1.5 ליטר פיקדון,"יפאורה תבורי בע""מ",IL,ספרינג ענבים 1.5 ליט,ליטרים,1.50,ליטר,false,,9.50,6.3333,true,1,417470
7290019056607,false,ספרינג תפוחים 1.5 ליטר פיקדון,"יפאורה תבורי בע""מ",IL,ספרינג תפוחים 1.5 לי,ליטרים,1.50,ליטר,false,,9.50,6.3333,true,1,417471
7290019056614,false,ספרינג אפרסק 1.5 ליטר פיקדון,"יפאורה תבורי בע""מ",IL,ספרינג אפרסק 1.5 ליט,ליטרים,1.50,ליטר,false,,9.50,6.3333,true,1,417486
7290019056638,false,ספרינג תות בננה 1.5 ליטר פיקדון,"יפאורה תבורי בע""מ",IL,ספרינג תות בננה 1.5,ליטרים,1.50,ליטר,false,,9.50,6.3333,true,1,417504
7290019056652,false,ספרינג אננס בננה 1.5 ליטר פיקדון,"יפאורה תבורי בע""מ",IL,ספרינג אננס בננה 1.5,ליטרים,1.50,ליטר,false,,9.50,6.3333,true,1,417546
7290019056676,false,מיץ דיאט בטעם אשכוליות ואננס 1.5ל' ספרינג,"יפאורה תבורי בע""מ",IL,ספרינג דיאט אשכוליות,ליטרים,1.50,ליטר,false,,8.90,5.9333,true,1,429485
7290019056744,false,קריסטל מיץ תפוזים 2 ליטר פיקדון,,,קריסטל מיץ תפוזים 2,ליטרים,2.00,ליטר,false,,8.50,4.2500,true,1,418588
7290019056805,false,קריסטל מוגז תפוחים 2 ליטר פיקדון,,,משקה מוגז קריסטל תפו,ליטרים,2.00,ליטר,false,,8.50,4.2500,true,1,418636
7290019056812,false,קריסטל מוגז מנטה 2 ליטר פיקדון,,IL,קריסטל מנטה 2 ליטר,ליטרים,2.00,ליטר,false,,8.50,4.2500,true,1,418637
7290019056959,false,מי עדן 1.5 ליטר בק' בודד פיקדון,מופק ממקור בזלתי עדן,IL,מי עדן 1.5 ליטר,ליטרים,1.50,ליטר,false,,3.90,2.6000,true,1,429486
7290019056973,false,שישיית מי עדן 1.5 ליטר משפחתי,מופק ממקור בזלתי עדן,IL,מי עדן 6*1.5 ליטר,ליטרים,9.00,ליטר,false,,14.90,1.6556,true,1,418686
7290019145080,false,מראקש ערק לימון 700,,,מראקש ערק לימון 700,,700.00,"100 מ""ל",false,,39.90,0.0570,true,1,571126
7290019153252,false,שוופס סודה תפוח 1.5 ליטר רביעייה פיקדון,,IL,שוופס סודה תפוח 4*1.,ליטרים,6.00,ליטר,false,,13.10,2.1833,true,1,481498
7290019153269,false,שוופס סודה אננס 1.5 ליטר רביעייה פיקדון,,IL,שוופס סודה אננס 4*1.,ליטרים,6.00,ליטר,false,,13.10,2.1833,true,1,481499
7290019153313,false,"משקהתפוח חמוציות אוכמניות 350 מ""ל פרות & ווג",יפאורה תבורי בעמ,IL,פרוט & וג' תפוח חמוצ,,330.00,,false,,8.90,0.0270,true,1,496770
7290019204008,false,פסטרמה ארבעה פלפלים 8*350ג עוף טוב,,,פסטרמה ארבעה פלפלים,,350.00,יח',false,,27.90,0.0797,true,1,522526
7290019232155,false,"חליטת ""לילה טוב"" קמומיל לבנדר ו25 שקיקים ויסוצקי",ויסוצקי,IL,לילה טוב חליטת קמומי,,37.50,יח',false,,25.90,0.6907,true,1,558317
7290019232162,false,"חליטת ""לילה טוב"" קמומיל מליסה 25 שקיקים ויסוצקי",ויסוצקי,IL,לילה טוב חליטת קמומי,,37.50,יח',false,,25.90,0.6907,true,1,558318
7290019245001,false,שמן קנולה אלומות 1 ל,,,שמן קנולה אלומות 1 ל,ליטרים,1.00,ליטר,false,,12.90,12.9000,true,1,476621
7290019297239,false,צימוק חום 250 גרם ששון הקולה,"דין שיווק וקליה בע""מ",,צימוק כהה 250 גרם,,250.00,יח',false,,14.90,0.0596,true,1,60165
7290019297628,false,שקד טבעי 150 גרם ששון הקולה,דין שיווק,IL,שקד טבעי 150 גרם ששו,,150.00,יח',false,,15.90,0.1060,true,1,60186
7290019297635,false,שקד קלויים 150 גרם ששון הקולה,דין שיווק,IL,שקד קלוי 150 גרם,,150.00,יח',false,,16.90,0.1127,true,1,60187
7290019303657,false,טבע ירוק פינוקית שומשום מיקס בריאות 250ג,טבע ירוק,IL,פינוקיות שומשום מיקס,,220.00,100 גרם,false,,19.90,0.0905,true,1,533774
7290019393016,false,"קמח חיטה לבן ללא צורך בניפוי 1 ק""ג האופה",טבע ירוק,IL,קמח חיטה לבן מנופה,קילוגרמים,1.00,"ק""ג",false,,10.90,10.9000,true,1,544758
7290019393030,false,"קמח חיטה מלא 100% ללא צורך בניפוי 1 ק""ג האופה",,IL,קמח חיטה מלא מנופה ה,קילוגרמים,1.00,"ק""ג",false,,11.90,11.9000,true,1,544774
7290019393061,false,"קמח כוסמין 100% ללא צורך בניפוי 1 ק""ג האופה",,IL,קמח כוסמין מלא מנופה,קילוגרמים,1.00,"ק""ג",false,,18.90,18.9000,true,1,544680
7290022005074,false,רוטב עגבניות שרי קלאסי 400 גרם,גוסטיבוס,IT,רוטב עגבניות שרי קלא,,400.00,יח',false,,16.90,0.0422,true,1,53885
7290022005562,false,קריספ פירורי לחם שום 300 גרם,,IL,פירורי לחם עם שום קר,,300.00,יח',false,,9.90,0.0330,true,1,487589
7290100240137,false,"תרסיס למייבש כביסה כחול 500 מ""ל בדין","זוהר דליה, קיבוץ דלי",IL,בדין תרסיס למייבש כב,,500.00,,false,,22.90,0.0458,true,1,65905
7290100245231,false,מרק נמס בכוס ועוד ט.עוף שקדי מרק - קנור,יוניליוור ישראל מזון,IL,נמס בכוס ועוד טעם עו,,50.00,יח',false,,7.90,0.1580,true,1,65934
7290100249659,false,"רוטב לבישול קנור צ'ילי שום בד""צ",יוניליוור ישראל מזון,IL,רוטב לעוף צילי שום ב,,310.00,יח',false,,14.90,0.0481,true,1,65985
7290100412442,false,קוויק מגבונים לניקוי שירותים ואמבטיה מנטה 50יח',,,קוויק מגבונים לניקוי,יחידה,0.00,יחידה,false,,8.90,0.0000,true,1,85318
7290100412763,false,"תחליב רחצה ד""ר עור לבנדר 700 מ""ל",,,תחליב רחצה לבנדר דר,,700.00,"100 מ""ל",false,,20.90,0.0299,true,1,167801
7290100412770,false,"ד""ר עור - תחליב רחצה קלאסי בניחוח מאסק 700 מ""ל",,,תחליב רחצה קלאסי מאס,,700.00,,false,,20.90,0.0299,true,1,167802
7290100412831,false,תח.רחצה אנטי איגינג וניל טרופי דר עור700,,,תחליב רחצה אנטי איגי,,700.00,,false,,20.90,0.0299,true,1,167807
7290100570234,false,אביזרי מטבח,,,אביזרי מטבח,יחידה,0.00,יחידה,false,,12.90,0.0000,true,1,91194
7290100571811,false,אביזרי מטבח ב-10.00,,,אביזרי מטבח ב-10.00,יחידה,0.00,יחידה,false,,10.00,0.0000,true,1,91198
7290100572146,false,כ.סט מקפיאון,,,כ.סט מקפיאון,יחידה,0.00,יחידה,false,,24.90,0.0000,true,1,91201
7290100572368,false,אביזרי מטבח,,,אביזרי מטבח,יחידה,0.00,יחידה,false,,19.90,0.0000,true,1,91203
7290100572702,false,אביזרי מטבח ב-11.00,,,אביזרי מטבח ב-11.00,יחידה,0.00,יחידה,false,,10.90,0.0000,true,1,91206
7290100573402,false,אביזרי מטבח,,,אביזרי מטבח,יחידה,0.00,יחידה,false,,14.90,0.0000,true,1,91209
7290100573716,false,אביזרי מטבח,,,אביזרי מטבח,יחידה,0.00,יחידה,false,,14.90,0.0000,true,1,91210
7290100653463,false,"פלמוליב - ארומה ג'ל רחצה מסאז' 500 מ""ל",קולגייט פלמוליב,TR,סבון נוזלי ספא מסאג',,500.00,,false,,17.90,0.0358,true,1,77328
7290100658338,false,פלמוליב כלים אוקסי כחול פורמולה חדשה,הנסיך- מפעל לייצור ט,GR,פלמוליב לכלים אוקסי-,,750.00,,false,,12.90,0.0172,true,1,77334
7290100680650,false,מנה חמה נודלס-אטריות ירקות טעם תאילנדי אסם 76 ג',THAI PRESIDENT FOODS,TH,מנה חמה נודלס תאילנד,,76.00,יח',false,,6.90,0.0908,true,1,75177
7290100680711,false,פירורית זהב אסם זהב 350ג',עינת תעשיות,IL,אסם פירורית זהב 350,,350.00,יח',false,,9.90,0.0283,true,1,75179
7290100680728,false,פירורית רגילה 350 ג' אוסם,מיוצר עי קונדיטוריית,IL,פירורית רגילה שקית 3,,350.00,יח',false,,8.90,0.0254,true,1,75180
7290100681138,false,אפרופו מארז שלישיה * 50ג' אסם,"אסם השקעות בע""מ",IL,אפרופו מאח 3*50 גר',,150.00,יח',false,,13.90,0.0927,true,1,75184
7290100681503,false,סירופ עסיס לימונענע דיאט 1 ליטר,בית-השיטה עסיס תעשיו,IL,סירופ דיאט לימונענע,ליטרים,1.00,ליטר,false,,16.90,16.9000,true,1,75188
7290100683880,false,תבשילים משפחתיים פירה 260 גרם,"אסם השקעות בע""מ",IL,פירה אסם 260 גרם,,260.00,יח',false,,16.90,0.0650,true,1,75197
7290100684139,false,פסטה אסם מיני מקרוני 500 גרם,פסטה זארה,IL,מיני מקרוני אסם 500,,500.00,יח',false,,6.90,0.0138,true,1,75198
7290100685136,false,"מרק טעם עוף 1 ק""ג בשקית","אסם השקעות בע""מ",IL,מרק בטעם עוף אסם 1 ק,קילוגרמים,1.00,"ק""ג",false,,17.90,17.9000,true,1,75206
7290100685334,false,מרק עוף אמיתי מרכיבים טבעיים 400 גרם,"אסם השקעות בע""מ",IL,מרק עוף מרכיבים טבעי,,400.00,יח',false,,27.90,0.0697,true,1,75208
7290100685341,false,מרק תיבול טעם עוף זך רכיבים טיבעיים 400,"אסם השקעות בע""מ",IL,מרק זך טעם עוף רכיבי,,400.00,יח',false,,19.90,0.0497,true,1,75209
7290100686164,false,מארז מולטיפק ביסלי ברביקיו 6 יח 35 גר יח,מיוצר עי קונדיטוריית,IL,ביסלי ברביקיו מאח.8,,210.00,יח',false,,14.90,0.0710,true,1,75216
7290100686171,false,מארז מולטיפק ביסלי גריל 6 יח 35 גר ליח,,,ביסלי גריל מאח.8 6*3,,210.00,יח',false,,14.90,0.0710,true,1,75217
7290100687109,false,במבה במילוי קרם נוגט 60ג' אסם,"אסם השקעות בע""מ",IL,במבה במילוי קרם נוגט,,60.00,יח',false,,5.90,0.0983,true,1,75220
7290100689301,false,אבקת מרק עוף זך עדיף אסם 400 גר',"אסם השקעות בע""מ",IL,מרק בטעם עוף זך אסם,,400.00,יח',false,,16.90,0.0422,true,1,75227
7290100700020,false,גריסי פנינה סוגת 500 גר',האי נאם סי או אל.טי.,IL,סוגת גריסי פנינה 500,,500.00,יח',false,,6.90,0.0138,true,1,73287
7290100700273,false,קינואה סוגת 500 גרם,האי נאם סי או אל.טי.,IL,קינואה סוגת 500 גרם,,500.00,יח',false,,16.90,0.0338,true,1,73291
7290100700310,false,"כוסמת 1ק""ג סוגת",,,כוסמת 1 ק'ג,קילוגרמים,1.00,"ק""ג",false,,17.90,17.9000,true,1,73293
7290100700396,false,"אורז יסמין קלאסי 1 ק""ג סוגת",האי נאם סי או אל.טי.,IL,סוגת אורז יסמין קלאס,קילוגרמים,1.00,"ק""ג",false,,14.50,14.5000,true,1,73299
7290100700402,false,"חומוס ענק 1 ק""ג סוגת",,,חומוס ענק 1 ק'ג,קילוגרמים,1.00,"ק""ג",false,,21.90,21.9000,true,1,136011
7290100700563,false,אורז מיקס קלאסי 1 ק',,IL,אורז מיקס קלאסי 1 ק',קילוגרמים,1.00,"ק""ג",false,,15.90,15.9000,true,1,73303
7290100700587,false,"בורגול ""סוגת"" 500 גרם",האי נאם סי או אל.טי.,IL,סוגת בורגול 500 גר,,500.00,יח',false,,6.90,0.0138,true,1,73304
7290100701157,false,"אורז לסושי סוגת 1 ק""ג",,IL,אורז סושי 1 קג,קילוגרמים,1.00,"ק""ג",false,,15.90,15.9000,true,1,73307
7290100701331,false,"קמח רב תכליתי 1 ק""ג סוגת","שטיבל בע""מ - טחנות ק",IL,קמח רב תכליתי סוגת,קילוגרמים,1.00,"ק""ג",false,,8.90,8.9000,true,1,73310
7290100701409,false,קמח תירס סוגת 500 גר,,IL,קמח תירס סוגת 500 גר,,500.00,יח',false,,7.90,0.0158,true,1,73314
7290100701454,false,גרישה 500 גרם סוגת,"סוגת תעשיות בע""מ",IL,גרישה 500 גרם,,500.00,יח',false,,6.90,0.0138,true,1,73316
7290100701577,false,קמח לחם מועשר בויטמי,שטיבל,IL,קמח לחם מועשר בויטמי,קילוגרמים,1.00,"ק""ג",false,,8.90,8.9000,true,1,176877
7290100701881,false,"קמח פיצה ופוקצה 1 ק""ג סוגת","שטיבל בע""מ - טחנת קמ",IL,קמח פיצה ופוקצה סוגת,קילוגרמים,1.00,"ק""ג",false,,8.90,8.9000,true,1,73323
7290100702260,false,קוסקוס דק סוגת 350 גר',,,קוסקוס דק סוגת 350 ג,,350.00,יח',false,,5.90,0.0169,true,1,73326
7290100702277,false,קוסקוס עבה סוגת 350 גר',,IL,קוסקוס עבה סוגת 350,,350.00,יח',false,,5.90,0.0169,true,1,73327
7290100702284,false,קוסקוס מלא סוגת 350 גרם,,,קוסקוס מלא סוגת 350,,350.00,100 גרם,false,,5.90,0.0169,true,1,73328
7290100702383,false,"קמח תופח סוגת 1 ק""ג",,IL,"קמח תופח סוגת 1 ק""ג",קילוגרמים,1.00,"ק""ג",false,,8.90,8.9000,true,1,176880
7290100702611,false,פתיתים אפויים אורז 500 גרם סוגת,אסיף,,פתיתים אפויים אורז ס,,500.00,יח',false,,5.20,0.0104,true,1,73339
7290100702628,false,פתיתים אפויים קוסקוס 500 גרם סוגת,יושלם,IL,פתיתים אפויים קוסקוס,,500.00,יח',false,,5.20,0.0104,true,1,73340
7290100702635,false,פתיתים אפויים כוכבים סוגת 500 ג',,,פתיתים אפויים כוכבים,,500.00,יח',false,,5.20,0.0104,true,1,73341
7290100702741,false,"סוכר חום בהיר בצנצנת 1 ק""ג סוגת",,,סוכר חום בהיר בצנצנת,קילוגרמים,1.00,"ק""ג",false,,14.50,14.5000,true,1,73350
7290100702987,false,פתיתי שיבולת שועל דק סוגת 500ג',סוגת תעשיות,,פתיתי שיבולת שועל סו,,500.00,יח',false,,7.90,0.0158,true,1,124955
7290100702994,false,סוכר דמררה קלאסי בשקית 500 גר סוגת,"סוגת תעשיות בע""מ",IL,סוכר דמררה בשקית סוג,,500.00,יח',false,,6.90,0.0138,true,1,73368
7290100703564,false,פתיתי שיבולת שועל עבה סוגת 500 ג',,,שיבולת שועל עבה סוגת,,500.00,יח',false,,7.90,0.0158,true,1,176905
7290100703649,false,"קמח מלא 80% חיטה ללא ניפוי סוגת 1ק""ג",,,קמח מלא חיטה 80% ללא,קילוגרמים,1.00,"ק""ג",false,,8.90,8.9000,true,1,176910
7290100703915,false,מארז פופקורן למיקרוגל בטעם חמאה 5+1 במתנה,,IL,מארז פופקורן למיקרוג,,540.00,יח',false,,15.90,0.0294,true,1,174967
7290100703922,false,מארז פופקורן למיקרוגל בטעם טבעי 5+1במתנה,,IL,מארז פופקורן למיקרוג,,540.00,יח',false,,15.90,0.0294,true,1,174968
7290100704141,false,סודה לשתייה 100 ג' סוגת,א.ל. ייצור ושיווק תב,IL,סוגת סודה לשתייה 100,,100.00,יח',false,,2.90,0.0290,true,1,193493
7290100704615,false,סוכר לבן דק דק בצנצנת 500 גרם,,IL,סוכר לבן דק דק בצנצנ,,500.00,יח',false,,9.90,0.0198,true,1,415108
7290100704684,false,"קמח שמרים כוסמין סוגת רב תכליתי 1 ק""ג סוגת",,IL,קמח שמרים כוסמין רב,קילוגרמים,1.00,"ק""ג",false,,23.50,23.5000,true,1,469685
7290100850909,false,דוריטוס נאצו מקסיקני 70 גרם,שטראוס פריטו ליי בע,IL,דוריטוס נאצו מקסיקני,,70.00,100 גרם,false,,4.30,0.0614,true,1,79107
7290100850916,false,דוריטוס חמוץ חריף 70 גרם,"שטראוס פריטו ליי בע""",IL,דוריטוס חמוץ חריף 70,,70.00,100 גרם,false,,4.30,0.0614,true,1,79108
7290100850923,false,דוריטוס גריל 70 גרם,שטראוס פריטו ליי בע,IL,דוריטוס גריל 70 גרם,,70.00,100 גרם,false,,4.30,0.0614,true,1,79109
7290100924631,false,"סוד - מרכך כביסה מרוכז בייבי סנסטיב 900 מ""ל","הנקל סוד בע""מ",IL,מרכך כביסה סוד מרוכז,,900.00,,false,,13.90,0.0154,true,1,91685
7290101110149,false,גלידה בלסימו וניל עם פליק 1.3 ל' פלדמן,פלדמן,IL,בליסימו בטעם וניל עם,ליטרים,1.30,ליטר,false,,23.90,18.3846,true,1,354993
7290101112945,false,שלגון גרניטה תות פלדמן,פלדמן,IL,קרחון גרניטה תות 80,,80.00,יח',false,,4.50,0.0563,true,1,416149
7290101113287,false,שלגון מילקבר לבן 85,פלדמן,IL,שלגון מילקבר לבן 85,,85.00,יח',false,,8.90,0.1047,true,1,416134
7290101113904,false,מארז מנבו וניל 12 יח' פלדמן,,IL,מנבו וניל 12 יח 288,,288.00,יח',false,,24.90,0.0865,true,1,540743
7290101453888,false,נר מספר - 1,סודי,CN,נר מספר 1,יחידה,0.00,יחידה,false,,4.50,0.0000,true,1,88633
7290101459880,false,נרות אותיות- יום הול,,,נרות אותיות- יום הול,יחידה,0.00,יחידה,false,,9.90,0.0000,true,1,88859
7290101486688,false,חטיף פרי אנרגיה דגנים עם שוקולד חמישייה,טבעית מוצרים מן הטבע,IL,פרי חטיפי בריאות מאר,,100.00,יח',false,,20.90,0.2090,true,1,121656
7290101551027,false,קפסולות קפה אספרסו חזק במיוחד 14 עלית 10 יח',הנסיך- מפעל לייצור ט,IL,קפסולות אספרסו 14 למ,,50.00,יח',false,,19.90,0.3980,true,1,195773
7290101551263,false,סילאן טבעי 700 גרם יד מרדכי,"פוליבה בע""מ",IL,סילאן טבעי יד מרדכי,,700.00,100 גרם,false,,23.90,0.0341,true,1,188918
7290101551539,false,דנונה פרו 20 ג' חלבון בטעם אפרסק 200 ג',,IL,דנונה פרו 20 אפרסק 2,,200.00,100 גרם,false,,6.90,0.0345,true,1,192163
7290101551584,false,תפוצ'יפס קידס מארז 10 יח' * 20 ג',"שטראוס פריטו ליי בע""",IL,מארז תפוצ'יפס קידס 1,,200.00,100 גרם,false,,16.90,0.0845,true,1,190884
7290101551638,false,מארז ציטוס טעם קטשופ כאפה 10 * 20 גר,"שטראוס פריטו ליי בע""",IL,מארז צ'יטוס כאפה 10*,,200.00,100 גרם,false,,13.90,0.0695,true,1,189960
7290101864127,false,"ספריי להסרת כתמים 750 מ""ל וניש קליה",רקיט בנקיזר,IL,קליה אוקסי ספריי 750,,750.00,,false,,19.90,0.0265,true,1,76661
7290101866633,false,וניש קליה ג'ל מסיר כתמים 3 ליטר,רקיט בנקיזר,IL,וניש קליה ג'ל 3 ליטר,ליטרים,3.00,ליטר,false,,31.90,10.6333,true,1,76686
7290101866787,false,מסיר כתמים ומלבין לכביסה לבנה 3 ל וניש קליה,רקיט בנקיזר בעמ,IL,וניש נוזל מסיר כתמים,ליטרים,3.00,ליטר,false,,31.90,10.6333,true,1,76691
7290101985365,false,בקבוק אלומיניום גדול,,,בקבוק אלומיניום גדול,יחידה,0.00,יחידה,false,,22.50,0.0000,true,1,88972
7290102030330,false,תפוציפס קראנצ מקסיקני 200 גרם,"שטראוס פריטו ליי בע""",IL,תפוצ'יפס קראנץ מקסיק,,200.00,100 גרם,false,,10.90,0.0545,true,1,79118
7290102031276,false,"אקטימל תות בננה 8 יח' * 100 מ""ל דנונה",מיוצר עי קונדיטוריית,IL,אקטימל תות בננה 8*10,,800.00,,false,,23.90,0.0299,true,1,78633
7290102032334,false,קפה נמס בטעם וניל 200 ג' עלית,,,קפה נמס עלית בטעם ונ,,200.00,100 גרם,false,,31.90,0.1595,true,1,77951
7290102062195,false,אלמקס גוניור משחת שיניים לגילאי 6-12,יבואן ומשווק: ש. שסט,PE,אלמקס משחת שיניים אל,,75.00,,false,,16.90,0.2253,true,1,77352
7290102302932,false,גבינה טבעונית קלאסית,קריניציה ויטמינה אס,DE,גבינה טבעונית קלאסית,,150.00,יח',false,,23.90,0.1593,true,1,331380
7290102303878,false,אלוויר חמאה נורמנדי 200 גר,,,חמאת נורמנדי 200 גרם,,200.00,יח',false,,23.90,0.1195,true,1,477601
7290102390427,false,יוגורט ביו עם קציפת תות 3% שומן 150 ג' מולר,טרה,,מולר פרופ תות 3% 150,,150.00,100 גרם,false,,5.50,0.0367,true,1,61679
7290102390465,false,יוגורט ביו עם קציפת אפרסק ופסיפלורה 3% שומן 150 ג' מולר,טרה,,מולר פרופ אפרסק פסיפ,,150.00,100 גרם,false,,5.50,0.0367,true,1,61680
7290102390489,false,יוגורט ביו עם קציפת לימון 3% שומן 150 ג' מולר,טרה,,מולר פרופ לימון 3% 1,,150.00,100 גרם,false,,5.50,0.0367,true,1,61682
7290102391844,false,יוגורט ביו עם קציפת פירות יער3% שומן 150 ג' מולר,טרה,,מולר פרופ לבן+קציפת,,150.00,100 גרם,false,,5.50,0.0367,true,1,61700
7290102392094,false,חלב עיזים 4.1% צוריאל 1 ל' קרטון,מילקו תעשיות בעמ,IL,צוריאל חלב עיזים 1ל,ליטרים,1.00,ליטר,false,,16.90,16.9000,true,1,61708
7290102393039,false,מולר מיקס יוגורט קרמי בתוספת פצפוצי שוקולד 170 ג',טרה,IL,מולר מיקס בתוספת פצפ,,170.00,"100 מ""ל",false,,5.90,0.0347,true,1,61737
7290102393169,false,סימפלי פרוט יוגורט תות 3% שומן 150 ג' מולר,טרה,IL,מולר סימפלי פרוט תות,,150.00,100 גרם,false,,5.50,0.0367,true,1,61745
7290102393190,false,סימפלי פרוט פירות היער 3% שומן 150 ג' מולר,מילקו תעשיות בעמ,IL,מולר סימפלי פרוט פיר,,150.00,100 גרם,false,,5.50,0.0367,true,1,61748
7290102393268,false,גבינה לבנה 5% שומן 750 ג' טרה,,,טרה גבינה לבנה אריזת,,750.00,יח',false,,14.90,0.0199,true,1,61749
7290102393299,false,יוגורט עיזים לשתייה 3% שומן 500 ג' צוריאל,מיוצר עי קוד יצרן HG,IL,צוריאל יוגורט עיזים,,500.00,"100 מ""ל",false,,13.90,0.0278,true,1,61750
7290102393947,false,סימפלי פרוט יוגורט בטעם קיווי 3% שומן 150 ג' מולר,מילקו תעשיות בעמ,IL,מולר סימפלי פרוט קיו,,150.00,"100 מ""ל",false,,5.50,0.0367,true,1,61764
7290102394081,false,מיקס יוגורט קורנפקלס מצופה שוקולד 170 ג' מולר,מילקו תעשייה בעמ,IL,מולר מיקס קורנפקלס מ,,170.00,100 גרם,false,,5.90,0.0347,true,1,61770
7290102394463,false,נעם גבינה צהובה וואקום 28% 500 גרם,טרה,IL,נעם גבינה צהובה וואק,,500.00,100 גרם,false,,28.90,0.0578,true,1,61782
7290102394821,false,"נעם גבינה צהובה דק דק פ""ח 28% 200 גר",מילקו תעשיות בעמ,IL,נעם גבינה צהובה דק ד,,200.00,100 גרם,false,,16.90,0.0845,true,1,61788
7290102394845,false,גבינה צהובה דק דקה 9% 200 ג' נעם,מילקו תעשיות בעמ,IL,נעם גבינה צהובה דק ד,,200.00,100 גרם,false,,17.90,0.0895,true,1,61789
7290102395101,false,ממרח גבינה ושוקולד שוקי 200 גר,מילקו תעשיות בעמ,IL,מוו ממרח גבינה ושוקו,,200.00,100 גרם,false,,11.90,0.0595,true,1,61796
7290102395224,false,יוגורט מולר ביאנקו 1.7% מארז 150X8ג',טרה,,מולר נטורל 1.7% 8*15,קילוגרמים,1.20,"ק""ג",false,,17.90,14.9167,true,1,61801
7290102395231,false,מולר נטורל 2.8% ביאנקו מאגדת 8 יח' * 150 ג',טרה,,מולר נטורל 2.8% 8*15,קילוגרמים,1.20,"ק""ג",false,,17.90,14.9167,true,1,61802
7290102395446,false,מעדן חלב בטעם וניל עם קצפת 123 ג' טרה,טרה,IL,מוו וניל קצפת 123מל,,123.00,"100 מ""ל",false,,3.50,0.0285,true,1,61808
7290102395477,false,מעדן חלב בטעם שוקולד עם קצפת 123 ג' טרה,טרה,IL,מוו שוקולד קצפת 123מ,,123.00,"100 מ""ל",false,,3.50,0.0285,true,1,61811
7290102395521,false,"שמנת לבישול 15% שומן 500 מ""ל טרה",מילקו תעשיות בעמ,IL,טרה שמנת לבישול 15%+,,500.00,"100 מ""ל",false,,16.90,0.0338,true,1,61812
7290102396399,false,מאגדת שמיניה מעדן שוקולד 100*8 גר,,,מוו מעדן שוקולד 100*,,800.00,יח',false,,14.90,0.0186,true,1,61847
7290102396405,false,מאגדת שמיניה מעדן וניל 100*8 גר,,,מוו מעדן וניל 100*8,,800.00,יח',false,,14.90,0.0186,true,1,61848
7290102396443,false,מעדן וניל 1.5% שומן 125 ג' טרה,,,מוו מעדן וניל 1.5% 1,,125.00,100 גרם,false,,3.50,0.0280,true,1,61851
7290102396580,false,מעדן שוקולד ומוס שוקולד 123 ג' טרה,טרה,IL,מוו מעדן שוקולד ומוס,,118.00,100 גרם,false,,3.50,0.0297,true,1,61859
7290102396665,false,פרוסות גבינה 15% שומן 200 ג' נעם,מילקו תעשיות בעמ,IL,גבנ`צ דקדק פתח סגור,,200.00,100 גרם,false,,16.90,0.0845,true,1,61864
7290102396672,false,זבינה צהובה נעם דק דק 9% 360 גר,,,נעם צהובה דק דק 9% 3,,360.00,100 גרם,false,,29.90,0.0831,true,1,61865
7290102397204,false,פרוסות גבינה 22% שומן 200 ג' נעם,מילקו תעשיות בעמ,IL,נעם צהובה דק דק 22%,,200.00,100 גרם,false,,16.90,0.0845,true,1,61896
7290102397464,false,יוגורט ביו בתוספת גרעינים אגוזים וחמוציות 170 ג' מולר,טרה,IL,מולר יוגורט נטורל +,,150.00,100 גרם,false,,5.90,0.0393,true,1,132445
7290102397600,false,מיקס יוגורט בתוספת שקדים ובוטנים מקורמלים 170 ג' מולר,מילקו תעשייה בעמ,IL,מולר מיקס שקדים ובוט,,168.00,100 גרם,false,,5.90,0.0351,true,1,61921
7290102397617,false,מיקס מולר יוגורט און טופ קליק חטיף חום לבן 170ג',טרה,IL,מולר מיקס קליק 168 ג,,168.00,100 גרם,false,,5.90,0.0351,true,1,61922
7290102397730,false,פרוסות גבינה אמנטל חצי קשה 30% שומן 200 ג' נעם,טרה,IL,גבינת אמנטל נעם פתיח,,200.00,יח',false,,18.90,0.0945,true,1,139653
7290102397747,false,מוצרלה נעם רכיבים טבעיים 200 גרם,טרה,IL,מוצרלה נעם רכיבים ט,,200.00,100 גרם,false,,19.90,0.0995,true,1,164929
7290102397891,false,גבינת מותכת 18% צוריאל 100ג',משק צוריאל,IL,רביעייה גבינה מותכת,,100.00,100 גרם,false,,7.90,0.0790,true,1,132437
7290102398065,false,חלב 3% וסטהיים בקרטון 2 ל' טרה,טרה,IL,טרה חלב קרטון 3% מהד,יחידה,0.00,יחידה,false,,12.46,0.0000,true,1,147311
7290102398331,false,חלב מעושר 2% דל לקטוז טרה 1ל',טרה,IL,חלב מועשר 1 ליטר דל,ליטרים,1.00,ליטר,false,,8.50,8.5000,true,1,168059
7290102398560,false,שוקו מעושר בבקבוק 1ל' טרה,מילקו תעשיות בעמ,IL,שוקו טרה מועשר בבקבו,ליטרים,1.00,ליטר,false,,12.50,12.5000,true,1,183698
7290102398577,false,"שוקו מועשר בבקבוק פקק 250 מ""ל טרה",מילקו תעשיות בעמ,IL,שוקו טרה מועשר בבקבו,,250.00,"100 מ""ל",false,,5.90,0.0236,true,1,192256
7290102398614,false,משקה חלב בטעם בננה 1ל' טרה,מילקו תעשיות בעמ,IL,משקה חלב בטעם בננה 1,ליטרים,1.00,ליטר,false,,12.50,12.5000,true,1,183699
7290102398638,false,משקה חלב בטעם מוקה 1ל' טרה,מילקו תעשיות בעמ,IL,משקה חלב בטעם מוקה 1,ליטרים,1.00,ליטר,false,,12.50,12.5000,true,1,183700
7290102398669,false,משקה חלב אייס קפוצינו 1 ל' טרה,מילקו תעשיות בעמ,IL,אייס קפוצ'ינו מווו ט,ליטרים,1.00,ליטר,false,,12.50,12.5000,true,1,295298
7290102398782,false,משקה סויה קלאסי משק צוריאל 1 ליטר,ואל סויה,IT,משקה סויה קלאסי משק,ליטרים,1.00,ליטר,false,,12.90,12.9000,true,1,249511
7290102398836,false,משקה שקדים קלאסי משק צוריאל 1 ליטר,,IT,משקה שקדים קלאסי משק,ליטרים,1.00,ליטר,false,,13.90,13.9000,true,1,249514
7290102399772,false,מולר ספרדבל ממרח חמאה מליחות עדינה 200 ג,Molkerei Weihensteph,DE,מולר ממרח חמאה במליח,,250.00,יח',false,,19.90,0.0796,true,1,293317
7290102399802,false,יוגורט עם תות מולר אקטיב מועשר בחלבון 200 גר',טרה,IL,יוגורט חלבון תות 20,,200.00,יח',false,,6.90,0.0345,true,1,289270
7290102399819,false,יוגורט עם פירות יער מולר אקטיב מועשר בחלבון 200 גר',טרה,IL,יוגורט חלבון פ.יער 2,,200.00,יח',false,,6.90,0.0345,true,1,289271
7290102399857,false,מולר אקטיב יוגורט חלבון תות 0% שומן 200 ג',,IL,יוגורט מולר אקטיב לי,,150.00,יח',false,,6.90,0.0460,true,1,302519
7290103128739,false,בלונס צימרוני אוזניים לתינוק 50 יח',הנסיך- מפעל לייצור ט,GR,בלונס צימרוני אוזניי,יחידה,0.00,יחידה,false,,7.90,0.0000,true,1,77381
7290103151423,false,שקיות אשפה MD קרם+ י,,,שקיות אשפה MD קרם+ י,יחידה,0.00,יחידה,false,,18.90,0.0000,true,1,262874
7290103400231,false,"גזר 400 גר בד""צ ירקות שטראוס",תות תעשיות מזון (201,IL,גזר גוליאן בדצ 400גר,,400.00,100 גרם,false,,11.40,0.0285,true,1,78639
7290103401429,false,קפה קצב ברזילאי אוריגינס 200 גר,הנסיך- מפעל לייצור ט,IL,קפה אוריגינס קצב ברז,,200.00,יח',false,,30.90,0.1545,true,1,77965
7290103404758,false,סלט כרוב אדום יום יו,מיוצר עי קונדיטוריית,IL,אחלה כרוב אדום 120ג,,120.00,יח',false,,5.90,0.0492,true,1,78643
7290103700386,false,טאצ כריות יפניות מארז שישיה,"שניב תעשיות נייר בע""",IL,טאצ' כריות יפניות 6י,יחידה,0.00,יחידה,false,,10.90,0.0000,true,1,79463
7290103700997,false,נייר טואלט לובלי 40 גלילים,,IL,לאבלי נייר טואלט 40,,716.00,,false,,45.90,0.0641,true,1,79468
7290103701017,false,טאצ' נייר אפייה נשלף 50 יח',"שניב תעשיות נייר בע""",IL,טאצ' נייר אפייה נשלף,יחידה,0.00,יחידה,false,,10.90,0.0000,true,1,79469
7290103701093,false,טאצ' מטליות מיקרופייבר לרצפה 2 יח',"שניב תעשיות נייר בע""",,טאצ מטליות מקרופייבר,יחידה,0.00,יחידה,false,,15.90,0.0000,true,1,79472
7290103701130,false,מטליות מיקרופייבר לניקוי כללי טאצ 7 יח,,,טאצ מטליות מקרופייבר,יחידה,0.00,יחידה,false,,15.90,0.0000,true,1,79473
7290103702212,false,טאצ' ממחטות כיס עשירייה,"שניב תעשיות נייר בע""",,טאצ ממחטות כיס,יחידה,0.00,יחידה,false,,6.90,0.0000,true,1,79481
7290103702229,false,טאצ מפות שולחן שמינייה עבות במיוחד,"שניב תעשיות נייר בע""",,טאצ מפות עבות במיוחד,יחידה,0.00,יחידה,false,,9.80,0.0000,true,1,79482
7290103702298,false,טאצ' אשפתון עבה בגליל 77*90 50 יח',"שניב תעשיות נייר בע""",,טאצ אשפתון בגליל 50,יחידה,0.00,יחידה,false,,16.90,0.0000,true,1,79488
7290103702328,false,טאצ אשפתון עבה וחזק במיוחד 25 יחידות,"שניב תעשיות נייר בע""",,טאצ אשפתון בגליל 25,יחידה,0.00,יחידה,false,,16.90,0.0000,true,1,79491
7290103702540,false,נייר טואלט מהדרות כדור פורח 30 גלילים טאצ',,,נייר טואלט 30 יח' מ,יחידה,0.00,יחידה,false,,24.90,0.0000,true,1,280096
7290103703219,false,דלי מטליות לחות לניקוי כללי בניחוח לימון טאצ',,,טאצ' מטליות לחות לני,יחידה,0.00,יחידה,false,,20.90,0.0000,true,1,170940
7290103703233,false,מטליות טאצ' לחות תפוח לניקוי כללי דלי,,,טאצ' מטליות לחות לני,יחידה,0.00,יחידה,false,,20.90,0.0000,true,1,172413
7290103703370,false,טאצ מגבוני טואלט לחים מארז שלישייה,,,טאצ' מגבוני נייר טוא,,3.00,,false,,16.90,5.6333,true,1,185531
7290103704162,false,נייר טואלט טאצ' פרימיום 32 גלילים,"שניב תעשיות נייר בע""",IL,נייר טואלט טאצ' 32 ג,,0.00,,false,,32.90,0.0000,true,1,352875
7290103704179,false,מגבת נייר למטבח טאצ' 8 יח',,,מגבות נייר 8 גלילים,,83.00,,false,,15.90,0.1916,true,1,375381
7290103704575,false,נייר טואלט טאצ' פרימיום 48 גלילים,,,נייר טואלט טאצ' 48 י,יחידה,0.00,יחידה,false,,39.90,0.0000,true,1,352890
7290103704766,false,נייר טואלט 24 גליל כפול מהדורת פרח סגול,,,נייר טואלט 24 גליל,יחידה,0.00,יחידה,false,,43.90,0.0000,true,1,488840
7290103746001,false,ממחטות אף טאצ' מארז 100X5יח',"שניב תעשיות נייר בע""",IL,ממחטות טאצ' חמישייה,יחידה,0.00,יחידה,false,,13.90,0.0000,true,1,79509
7290104061417,false,חומוס טחינה אחלה 400 ג',"שטראוס גרופ בע""מ",IL,אחלה חומוס טחינה 400,,400.00,יח',false,,12.90,0.0323,true,1,78650
7290104061431,false,חומוס אחלה עם צנובר 400 ג',"שטראוס גרופ בע""מ",IL,אחלה חומוס צנובר 400,,400.00,יח',false,,12.90,0.0323,true,1,78652
7290104061448,false,חומוס עם חריף 400 ג' אחלה,מיוצר עי קונדיטוריית,IL,אחלה חומוס חריף 400ג,,400.00,יח',false,,12.90,0.0323,true,1,78653
7290104062599,false,גמדים בכפית תות בננה דיסני 8 יח' * 100 ג',,,גמדים תות בננה 8*100,,800.00,"100 מ""ל",false,,19.90,0.0249,true,1,78654
7290104065187,false,קפה נמס בטעם מוקה 200 ג' עלית,,,קפה נמס עלית בטעם מו,,200.00,יח',false,,31.90,0.1595,true,1,77995
7290104066566,false,טחינה שומשום מלא אחלה 500 גר',מיוצר עי קונדיטוריית,IL,אחלה טחינה 500ג,,500.00,100 גרם,false,,16.90,0.0338,true,1,78659
7290104068539,false,גומי מאסט בטעם מלון ואבטיח 28 ג' עלית,"שטראוס גרופ בע""מ",IL,מאסט מלון ואבטיח 28ג,,28.00,100 גרם,false,,4.90,0.1750,true,1,78002
7290104500572,false,אפרופו חטיף איטליאנו 50 ג' אסם,מיוצר עי קונדיטוריית,IL,אפרופו איטלקי 36*50ג,,50.00,יח',false,,5.90,0.1180,true,1,75232
7290104501661,false,פודינג אינסטנט בטעם וניל צרפתי 80 גר,מיוצר עי קונדיטוריית,IL,אסם פודינג בטעם וניל,,80.00,יח',false,,6.50,0.0813,true,1,75233
7290104508189,false,גביעי גלידה ממותקים 95ג' 24 יח',בטר אנד דיפרנט,IL,גביעי גלידה ממותקים,,24.00,,false,,13.90,0.5792,true,1,177085
7290104508202,false,גביעי גלידה אמריקאים 24 יח' אסם 120 ג',"גילרו בע""מ",IL,גביעי גלידה אמריקאים,,120.00,יח',false,,13.90,0.1158,true,1,177086
7290104508943,false,במבה אריזת חסכון 200 גרם,"אסם השקעות בע""מ",IL,במבה קלאסי 18*200 גר,,200.00,יח',false,,9.90,0.0495,true,1,75251
7290104570162,false,תמרים כבוש ביסאן 500 ג',,,תמר כבוש 500 גרם,,500.00,100 גרם,false,,12.90,0.0258,true,1,56607
7290104721762,false,מארז קפה טורקי עלית 3*85 גר,,IL,טורקי עלית 3*85 גר'.,,255.00,יח',false,,20.90,0.0820,true,1,78007
7290104722530,false,תפוצ'יפס שמנת בצל 200 גרם,"שטראוס פריטו ליי בע""",IL,תפוציפס שמנת בצל 200,,200.00,100 גרם,false,,10.90,0.0545,true,1,79159
7290104726262,false,דני לשתיה שוקולד דיסני מארז 125X4 ג',מיוצר עי קונדיטוריית,IL,דני שוקולד לשתייה מא,,500.00,"100 מ""ל",false,,11.90,0.0238,true,1,78678
7290104726712,false,"מילקי שוקולד וקצפת מארז 170X8מ""ל","שטראוס גרופ בע""מ",IL,מילקי שמינייה מארז 8,קילוגרמים,1.06,"ק""ג",false,,21.90,20.6604,true,1,78680
7290104728310,false,"שמנת עמידה לקצפת 38% שומן 250 מ""ל יוטבתה",מחלבת יטבתה,IL,יטבתה שמנת עמידה לקצ,,250.00,,false,,6.47,0.0259,true,1,78685
7290104960239,false,"תחליב רחצה נקה 7 ארומה לבן 750 מ""ל",טרופיקל דגיל תעשיות,IL,תחליב רחצה קמומיל נק,,750.00,,false,,12.90,0.0172,true,1,86381
7290104961250,false,"נקה 7 תחליב רחצה מגע קטיפה וניל מאסק 750 מ""ל",טרופיקל דגיל תעשיות,IL,תחליב רחצה וניל מאסק,,750.00,,false,,12.90,0.0172,true,1,86398
7290104961885,false,"נטורל פורמולה מרכך קרטין אינטנס 400 מ""ל",טרופיקל דגיל תעשיות,IL,מרכך קרטין אינטנס נט,,400.00,,false,,31.90,0.0797,true,1,86412
7290104963216,false,סופטקר - אל סבון עדין לתינוק לעור רגיש 1 ליטר,קוסמופארם בע''מ,IL,סופטקר אלסבון עדין ל,יחידה,0.00,יחידה,false,,19.90,0.0000,true,1,86452
7290104963650,false,סופטקר - שמפו אל דמע 1 ליטר,,,סופטקר שמפו אלדמע 1,ליטרים,1.00,ליטר,false,,19.90,19.9000,true,1,86455
7290104963667,false,אלסבון ושמפו אל דמע 2 ב1 סופטקר 1 ליטר,קוסמופארם בע''מ,IL,סופטקר 2ב-1 אלסבון ו,יחידה,0.00,יחידה,false,,19.90,0.0000,true,1,86456
7290104965654,false,"דאדורנט סטיק נושם בנות קרליין 50 מ""ל",,,דאודורנט סטיק נושם ל,,50.00,,false,,15.90,0.3180,true,1,412809
7290105360328,false,קפסולות אספרסו חזק למכונות נספרסו 10 יח',הנסיך- מפעל לייצור ט,IL,עלית קפסולות אספרסו,,50.00,יח',false,,19.90,0.3980,true,1,78029
7290105360755,false,"שמן זית 3 חזק 750 מ""ל יד מרדכי",מכוורת יד מרדכי שטרא,IL,שמן זית 3 חזק כתית י,,750.00,,false,,39.90,0.0532,true,1,78033
7290105360762,false,"שמן זית 1 עדין 750 מ""ל יד מרדכי",מכוורת יד מרדכי שטרא,IL,שמן זית 1 עדין כתית,,750.00,,false,,39.90,0.0532,true,1,78034
7290105362339,false,"שמנת לבישול 15% 250 מ""ל יטבתה מהדרין",מחלבת יטבתה,IL,יטבתה שמנת לבישול 15,,250.00,"100 מ""ל",false,,8.90,0.0356,true,1,78690
7290105363602,false,כיף כף - מקלות קלאסי 40 גרם,"איי, בי, אינבוו",TR,כיף כף מקלות קלאסי 4,,40.00,100 גרם,false,,5.90,0.1475,true,1,78042
7290105364289,false,כיף כף - מקלות פצפוצים 40 גרם,"איי, בי, אינבוו",TR,כיף כף מקלות פצפוצים,,40.00,100 גרם,false,,5.90,0.1475,true,1,78044
7290105364302,false,"עלית חטיף שוקולד כיף כף מקלות אגוזים, 40 גרם","איי, בי, אינבוו",TR,כיף כף מקלות אגוזים,,42.00,100 גרם,false,,5.90,0.1405,true,1,78045
7290105366023,false,חציל אחלה בטעם כבד 400 גר' אחלה,מיוצר עי קונדיטוריית,IL,אחלה חציל בטעם כבד 4,,400.00,100 גרם,false,,17.90,0.0447,true,1,78693
7290105366993,false,גבינה לבנה סימפוניה עם תוספות 200 ג' פלפל שיפקה,"שטראוס בריאות בע""מ",IL,סימפוניה פלפל שיפקה,,200.00,יח',false,,12.90,0.0645,true,1,78701
7290105368331,false,מילקי תות 8% וקצפת 133ג',מחלבת אחיהוד,IL,"מילקי תות 170 מ""ל",,170.00,"100 מ""ל",false,,2.90,0.0171,true,1,78713
7290105368904,false,"שמנת מתוקה להקצפה 32% שומן 250 מ""ל יוטבתה",מחלבת יטבתה,IL,יטבתה שמנת עמידה לקצ,,250.00,"100 מ""ל",false,,7.90,0.0316,true,1,78723
7290105430458,false,"פלמוליב - תחליב רחצה נטורלס שקדים 750 מ""ל",הנסיך- מפעל לייצור ט,TR,תחליב רחצה שקדים משא,,750.00,,false,,21.90,0.0292,true,1,77394
7290105431516,false,פרי חטיפי בריאות מארז 5 תמרים בוטנים,טבעית מוצרים מן הטבע,IL,פרי חטיפי תמרים ובוט,,125.00,יח',false,,20.90,0.1672,true,1,121658
7290105431868,false,"פלמוליב ספא קוקוס גרגרים נוזלי 500 מ""ל",הנסיך- מפעל לייצור ט,TR,פלמוליב סבון נוזלי ס,,500.00,,false,,17.90,0.0358,true,1,77407
7290105434067,false,ספיד סטיק - דאודורנט סטיק לגבר XL אושן סרף 85 גרם,,,ספיד סטיק כחול אושיי,,85.00,100 גרם,false,,22.90,0.2694,true,1,77421
7290105436382,false,חטיף מארז פרי אנרגיה תמרים עם קשיו 125,טבעית מוצרים מן הטבע,IL,פרי חטיפי בריאות תמר,,100.00,יח',false,,20.90,0.2090,true,1,121659
7290105439581,false,מנה מאסטר שף חרדל דיזיון צרפתי 370 גר,סאם קווינור,FR,מאסטר שף מאסטר שף חר,,370.00,,false,,14.90,0.0403,true,1,77436
7290105439598,false,מנה מאסטר שף חרדל דיזיון גרגרים 370 גר,סאם קווינור,FR,מאסטר שף חרדל דיז'ון,,370.00,,false,,14.90,0.0403,true,1,77437
7290105691248,false,פריכונים חטיפי טורטיה תירס 60 ג' אוסם,"מיוצר ע""י PT, משווק",IL,חטיפי פריכונים טורטי,,60.00,יח',false,,8.10,0.1350,true,1,75274
7290105691897,false,קוסקוס מחיטה מלאה אסם 350 גר',"מיוצר ע""י קוד יצרן K",IL,קוסקוס עם חיטה מלאה,,350.00,יח',false,,9.90,0.0283,true,1,75281
7290105693341,false,במבה מארז 10 יח' * 25 ג' אסם,"אסם השקעות בע""מ",IL,במבה מאח.15 10*25גרם,,250.00,יח',false,,18.90,0.0756,true,1,75291
7290105693457,false,עוגת הבית דמקה שוקו וניל 320 ג' אסם,מיוצר עי קונדיטוריית,IL,עוגת הבית דמקה שוקו,,320.00,יח',false,,15.90,0.0497,true,1,75292
7290105695024,false,פתיתים אפויים אורז עם אטריות 500 ג' אסם,"אסם השקעות בע""מ",IL,פתיתים אפויים אורז ע,,500.00,יח',false,,7.90,0.0158,true,1,75302
7290105695321,false,עוגת שוקולד בראוניז פאדג' 380 ג',מיוצר עי קונדיטוריית,IL,הבית עוגות בראוניס פ,,380.00,יח',false,,19.90,0.0524,true,1,75305
7290105962331,false,זחוק אדום תימני מקורי חריף מאוד 220 גר,קריניסה ויטמין אס אי,IL,סחוג חריף מאוד זהבי,,220.00,יח',false,,12.90,0.0586,true,1,78729
7290105963864,false,חזרת אחלה 220 גרם,"שטראוס גרופ בע""מ",IL,חזרת אחלה 220 גרם,,220.00,יח',false,,13.90,0.0632,true,1,78733
7290105964564,false,אחלה חומוס אחלה 400ג,מיוצר עי קונדיטוריית,IL,אחלה חומוס אחלה 400ג,,400.00,100 גרם,false,,9.90,0.0248,true,1,78734
7290105965738,false,יוגורט לשתיה בטעם תות בננה267 ג' דנונה,מיוצר עי קונדיטוריית,IL,דנונה משקה תות בננה,,267.00,100 גרם,false,,5.90,0.0221,true,1,78742
7290105966469,false,"חומץ בלסמי יד מרדכי 250מ""ל",אצטייה ג'וזפה קרמוני,IT,חומץ בלסמי יד מרדכי,,250.00,יח',false,,17.90,0.0716,true,1,78083
7290105968098,false,סלט קולסלאו אחלה 500 ג',,,אחלה קולסלאו 500ג,,500.00,100 גרם,false,,17.90,0.0358,true,1,78754
7290105968654,false,רביולי בטטה פרווה פסטה נונה 400 ג',מיוצר עי קונדיטוריית,IL,שטראוס רביולי בטטה 4,,400.00,יח',false,,22.90,0.0572,true,1,78755
7290105968777,false,פריכיות עם תחתית שוקולד מריר 70 ג' אנרגי,"טחנת האבן תעשיות בע""",IL,פריכיות תחתית שוקלד,,70.00,100 גרם,false,,9.40,0.1343,true,1,78090
7290106520066,false,רבע לשבע וופל שוקולד 120 גרם,הגביע מוצרי וופלים ב,IL,רבע לשבע 160 גרם,,160.00,יח',false,,13.90,0.0869,true,1,78092
7290106520912,false,"שמנת לבישול 9% 250 מ""ל יטבתה",מחלבת יטבתה,IL,יטבתה שמנת לבישול 9%,,250.00,"100 מ""ל",false,,8.90,0.0356,true,1,78767
7290106521049,false,אחלה טעמי השוק קוביות סלק 400 גר,מיוצר עי קונדיטוריית,IL,אחלה קוביות סלק 400,,400.00,100 גרם,false,,17.90,0.0447,true,1,78769
7290106521926,false,שקית קפה טורקי 150 ג' עלית,,,קפה טורקי עלית 150 ג,,150.00,יח',false,,15.90,0.1060,true,1,147139
7290106528628,false,חטיף דוריטוס טבעי 185 גרם,"שטראוס פריטו ליי בע""",IL,דוריטוס טבעי 185 גר`,,185.00,100 גרם,false,,8.90,0.0481,true,1,79204
7290106528949,false,לקט ערוגות 450 גרם ש,שטראוס בריאות ירקות,IL,לקט ערוגות,,450.00,100 גרם,false,,13.90,0.0309,true,1,78795
7290106571921,false,עוגיות פיטנס עוגיות חמוציות 180 גר',מיוצר עי קונדיטוריית,IL,פיטנס עוגיות חמוציות,,180.00,יח',false,,12.90,0.0717,true,1,75320
7290106573598,false,חומוס צבר לבנוני 400 ג',סלטי צבר,IL,צבר חומוס לבנוני 400,,400.00,יח',false,,12.90,0.0323,true,1,75984
7290106573628,false,חומוס צבר עם טחינה 400 ג',סלטי צבר,IL,צבר חומוס עם טחינה 4,,400.00,יח',false,,12.90,0.0323,true,1,75985
7290106573642,false,חומוס עם צנובר צבר 400 גר,סלטי צבר,IL,צבר חומוס צנובר 400,,400.00,יח',false,,12.90,0.0323,true,1,75986
7290106574953,false,בייגלה אסם שטוחים שומשום 300 גר,מיוצר עי קונדיטוריית,IL,אסם בייגלה שטוחים שו,,300.00,יח',false,,12.90,0.0430,true,1,75357
7290106574977,false,בייגלה שטוחים עם מלח 300 ג' אסם,מיוצר עי קונדיטוריית,IL,אסם בייגלה שטוחים עם,,300.00,יח',false,,12.90,0.0430,true,1,75358
7290106575257,false,עוגת הבית סופלה בטעם שוקולד 340 ג' אסם,מיוצר עי קונדיטוריית,IL,עוגת הבית סופלה בטעם,,340.00,יח',false,,15.90,0.0468,true,1,125270
7290106575431,false,עוגת הבית סופלה בטעם שוקוניל 340 ג' אסם,מיוצר עי קונדיטוריית,IL,עוגת הבית סופלה בטעם,,340.00,יח',false,,15.90,0.0468,true,1,75366
7290106576513,false,סלט חומוס צבר 400 גר,סלטי צבר,IL,צבר חומוס 400 גרם,,400.00,יח',false,,10.90,0.0273,true,1,75990
7290106576537,false,חומוס מסעדה צבר 700 גר,סלטי צבר,IL,צבר חומוס מסעדה 700,,700.00,יח',false,,13.90,0.0199,true,1,75991
7290106576834,false,גלידה לה קרמריה פונטש בננה1.4 ל' נסטלה,תות תעשיות מזון (201,IL,גלידה קרמריה פונטש ב,ליטרים,1.40,ליטר,false,,25.90,18.5000,true,1,71350
7290106576919,false,לה קרמריה גלידת סורבה תות לימון 1.4ל',המאפיה של הרמן,IL,גלידה קרמריה סורבה ת,ליטרים,1.40,ליטר,false,,25.90,18.5000,true,1,71353
7290106577039,false,גלידה לה קרמריה שוקו וניל פליק 1.4 ל' נסטלה,תות תעשיות מזון (201,IL,לה קרמריה שוקו וניל,ליטרים,1.40,ליטר,false,,25.90,18.5000,true,1,71358
7290106577282,false,טחינה צבר מרובע 400 ג',סלטי צבר,IL,צבר מרובע טחינה 400ג,,400.00,יח',false,,14.90,0.0373,true,1,75992
7290106577527,false,סלט קולסלאו כרוב לבן וגזר 400 ג' צבר,סלטי צבר,IL,צבר מרובע קולסלו 400,,400.00,יח',false,,14.90,0.0373,true,1,75997
7290106577541,false,כרוב אדום מרובע 400 ג' צבר,סלטי צבר,IL,צבר מרובע כרוב אדום,,400.00,יח',false,,13.90,0.0348,true,1,75998
7290106577572,false,מטבוחה מרובע 400 ג' צבר,סלטי צבר,IL,צבר מרובע מטבוחה 40,,400.00,יח',false,,14.90,0.0373,true,1,75999
7290106578692,false,אוסם - במבה ביסלי מיקס 80 גרם,פרו מן יו פתרונות אר,IL,במבה ביסלי מיקס 36*8,,80.00,יח',false,,5.90,0.0738,true,1,75385
7290106578821,false,הבית עוגת שמרים קלאסית בטעם שוקולד 350גר,מיוצר עי קונדיטוריית,IL,עוגת הבית שמרים קלאס,,350.00,יח',false,,19.90,0.0569,true,1,75388
7290106652996,false,כיף כף מקלות קוקוס חלבי 40 גר',,,כיף כף מקלות קוקוס 4,,40.00,100 גרם,false,,5.90,0.1475,true,1,549197
7290106654099,false,מארז שמיניית מילקי 272 גר CAKE,,,עוגות אישיות מילקי ק,,272.00,100 גרם,false,,21.90,0.0805,true,1,177585
7290106658479,false,וופל טורטית שוקלד מגדים 40ג',"שטראוס גרופ בע""מ",IL,עלית וופל בטעם טורטי,,40.00,יח',false,,4.90,0.1225,true,1,78175
7290106663503,false,קונפיטורה תות לייט יד מרדכי 250 ג',אף.סי תבליני בגליל ב,IL,קונפיטורת לייט תות 2,,230.00,יח',false,,15.90,0.0691,true,1,78214
7290106663558,false,"רוטב טריאקי ורימון יד מרדכי 280מ""ל",אף.סי תבליני בגליל ב,IL,יד מרדכי רוטב טריאקי,,280.00,,false,,15.90,0.0568,true,1,78219
7290106664067,false,לאבנה עם שמן זית וזעתר 10% שטראוס 400 ג',הדקלאים אגודת שיתופי,IL,שטראוס לאבנה שמן זית,,400.00,100 גרם,false,,15.90,0.0398,true,1,78846
7290106664555,false,"רוטב שמנת עם עגבניות 9% שומן 250 מ""ל יוטבתה",מחלבת יטבתה,IL,יטבתה רוטב שמנת עם ע,,250.00,,false,,11.90,0.0476,true,1,78848
7290106666788,false,עלית - סוכריות נוסטלגיה דבש ממולאות 80 גרם,פלזנסקי,PL,סוכריות נוסטלגיה דבש,,80.00,100 גרם,false,,7.90,0.0988,true,1,78236
7290106667266,false,חטיף דוריטוס חמוץ חריף 185 גרם,הנסיך- מפעל לייצור ט,IL,דוריטוס חמוץ חריף 18,,185.00,100 גרם,false,,8.90,0.0481,true,1,79279
7290106668577,false,"מיץ לימון טבעי יד מרדכי 250 מ""ל",האי נאם סי או אל.טי.,IT,מיץ לימון טבעי יד מר,,250.00,,false,,8.90,0.0356,true,1,78246
7290106668713,false,יוגורט עם פירות יער 3% שומן 150 ג' דנונה,מיוצר עי קונדיטוריית,IL,דנונה פירות יער3% 15,,150.00,"100 מ""ל",false,,3.90,0.0260,true,1,78858
7290106720626,false,ציטוס בטעם גבינה 80 גר,"שטראוס פריטו ליי בע""",IL,ציטוס גבינה 80 גרם,,80.00,יח',false,,5.50,0.0688,true,1,134957
7290106721906,false,מסטיק בזוקה ציקלט בצ,,,מסטיק בזוקה ציקלט בצ,,66.00,100 גרם,false,,11.90,0.1803,true,1,78280
7290106721913,false,מסטיק מאסט בטעם מנטה מרעננת 66 ג' עלית,"שטראוס גרופ בע""מ",IL,מאסט צנצנת ריח פה צ',,66.00,100 גרם,false,,11.90,0.1803,true,1,78281
7290106721920,false,צנצנת מסטיק מאסט בטעם ספירמינט עדין 66 ג' עלית,"שטראוס גרופ בע""מ.",IL,מאסט צנצנת ספירמינט,,66.00,100 גרם,false,,11.90,0.1803,true,1,78282
7290106723689,false,עלי תרד בייבי שטראוס 200 גרם,שטראוס בריאות ירקות,IL,שטראוס תרד בייבי 200,,200.00,100 גרם,false,,12.50,0.0625,true,1,78869
7290106725867,false,"סירופ מייפל טהור 189 מ""ל יד מרדכי",קוסלסי פוד,CA,יד מרדכי סירופ מייפל,,189.00,"100 מ""ל",false,,38.90,0.2058,true,1,78333
7290106727984,false,כיף כף פצפוצים ושוקולד 135 ג',שולן צ'יקולטה גידה ס,TR,כיף כף פצפצים 135 גר,,135.00,100 גרם,false,,12.90,0.0956,true,1,78339
7290107280020,false,מטליות לחות סנו סושי לניקוי כללי שלישיה *50 יח',טרופיקל דגיל- תעשיות,IL,סנו סושי מגבונים לני,יחידה,0.00,יחידה,false,,20.90,0.0000,true,1,86468
7290107280099,false,מגבוני טואלט לחים סנו סופט שלישייה * 48 יח',טרופיקל דגיל- תעשיות,IL,סנו סופט מגבוני טואל,יחידה,0.00,יחידה,false,,18.90,0.0000,true,1,86474
7290107280112,false,נייר טואלט סופט סילק 24 גליל,,,סנו סופט נייר טואלט,,441.00,,false,,27.90,0.0633,true,1,163630
7290107280563,false,אוקסיג'ן ג'ל לכביסה בייבי 3ל',"איי, בי, אינבוו",IL,סנו ג'ל אוקסיג'ן ביי,ליטרים,3.00,ליטר,false,,32.90,10.9667,true,1,86489
7290107280570,false,סנו - מקסימה ג'ל כביסה מרוכז לכביסה צבעונית 3 ליטר,מיוצר עי קונדיטוריית,IL,מקסימה ג'ל כביסה מיק,ליטרים,3.00,ליטר,false,,35.90,11.9667,true,1,86490
7290107280600,false,סנו ספארק טבליות למדיח 100יח',גרופה אינקו,PL,סנו ספארק טבליות למד,יחידה,0.00,יחידה,false,,63.90,0.0000,true,1,168382
7290107280716,false,"סנו ספארק מלח למדיח 2 ק""ג",,,סנו ספארק מלח למדיח,קילוגרמים,2.00,"ק""ג",false,,13.90,6.9500,true,1,86498
7290107280747,false,"סנו ספארק נוזל כלים קלאסי 700 מ""ל",סנו כימיקלים,IL,סנו ספארק נוזל לניקו,,700.00,,false,,11.90,0.0170,true,1,86502
7290107280754,false,נוזל כלים סנו ספארק היפואלרגי 700 מל,סנו,,ספארק נוזל לכלים עדי,,700.00,,false,,11.90,0.0170,true,1,86503
7290107340656,false,מטען רכב אייפון,,,מטען רכב אייפון,יחידה,0.00,יחידה,false,,39.90,0.0000,true,1,476955
7290107646062,false,אבקת מרק בצל רכיבים טבעיים קנור 400 ג',יוניליוור ישראל מזון,IL,מרק בצל רכיבים טבעיי,,400.00,יח',false,,31.90,0.0797,true,1,164733
7290107646383,false,מט.לחות לניקוי רצפות בניחוח לימון סיף 10,עלבד משואות יצחק בעמ,IL,סיף מטליות לחות לניק,יחידה,0.00,יחידה,false,,12.90,0.0000,true,1,144656
7290107871990,false,פסטה צינורות 500 גר אסם,פסטה זארה,IT,פסטה צינורות אסם 500,,500.00,יח',false,,6.90,0.0138,true,1,125290
7290107874502,false,ביסלי גריל קדמ. מארז אחיד 10 4*55 גרם,מיוצר עי קונדיטוריית,IL,ביסלי גריל 4*55 גרם,,220.00,יח',false,,13.90,0.0632,true,1,177133
7290107875271,false,ביסלי ברביקיו קדמ. מארז אחיד10 4*55 גרם,,IL,ביסלי ברבקיו מארז 4*,,220.00,יח',false,,13.90,0.0632,true,1,125305
7290107931397,false,כיף כף פצפוצים במילוי שוקולד 40 גרם,שולן צ'יקולטה גידה ס,TR,כיף כף פצפצים 40גר`,,40.00,100 גרם,false,,5.90,0.1475,true,1,78370
7290107932080,false,חלב מועשר יוטבתה בבקבוק 3% 1 ליטר,מחלבת יטבתה,IL,יטבתה חלב בבקבוק 3%,ליטרים,1.00,ליטר,false,,7.90,7.9000,true,1,78912
7290107932134,false,חלב מועשר יוטבתה בבקבוק 1% 1 ליטר,מחלבת יטבתה,IL,יטבתה חלב בבקבוק 1%,ליטרים,1.00,ליטר,false,,7.90,7.9000,true,1,78914
7290107934473,false,יוגורט לבן 1.5%שומן 8 יח' * 150 ג' אקטיביה,,,אקטיביה מארז מיוחד 1,קילוגרמים,1.20,"ק""ג",false,,22.90,19.0833,true,1,78930
7290107936309,false,דנונה יוגורט 7% יווני לבן 130 ג',"שטראוס בריאות בע""מ",IL,דנונה יווני לבן 130,,130.00,100 גרם,false,,3.90,0.0300,true,1,78940
7290107936965,false,עיגולים עד חצות עם שוקולד חלב 225 גר,ביסקווטרי עוגיות סנט,FR,עד חצות עיגולים 225,,125.00,יח',false,,15.90,0.1272,true,1,160917
7290107937627,false,צנצנת מסטיק מאסט קוביות ספירמינט 58 ג' עלית,אסקום קונפקשיין,DE,צנצנת קוביות ספירמינ,,58.00,100 גרם,false,,11.90,0.2052,true,1,78412
7290107937634,false,צנצנית מסטיק מאסט קוביות פפירמינט 58 ג' עלית,אסקום קונפקשיין,DE,צנצנת קוביות פפירמינ,,58.00,100 גרם,false,,11.90,0.2052,true,1,78413
7290107937856,false,קפסולות 11חזק למכונות נספרסו עלית 10יח',הנסיך- מפעל לייצור ט,IL,עלית קפסולות בטעם נס,,50.00,יח',false,,19.90,0.3980,true,1,78417
7290107938396,false,"אקטימל משקה פרוביוטי תות 100X8 מ""ל",מיוצר עי קונדיטוריית,IL,דנונה Actimel בנים ב,,864.00,יח',false,,23.90,0.0277,true,1,78954
7290107940030,false,חומוס אחלה 650 גר',,,חומוס אחלה 650 גר,,650.00,יח',false,,10.90,0.0168,true,1,78973
7290107943192,false,"שמנת חמוצה מהערבה 27% שומן 200 מ""ל יטבתה",,IL,יטבתה שמנת 27% 200מ,,200.00,"100 מ""ל",false,,4.50,0.0225,true,1,160927
7290107944243,false,וופלים אפיפיות בטעם שוקולד 200 גר,"שטראוס גרופ בע""מ",IL,"אפיפית ללא גלוטן בד""",,200.00,יח',false,,7.90,0.0395,true,1,157395
7290107944472,false,סימפוניה שום שמיר 5% 200 ג' שטראוס,"שטראוס בריאות בע""מ",IL,סימפוניה 5% שום שמיר,,200.00,יח',false,,12.90,0.0645,true,1,79013
7290107945165,false,קונפיטורת יד מרדכי משמש 340 גר,אף.סי תבליני בגליל ב,IL,יד מרדכי קונפיטורת מ,,340.00,יח',false,,14.90,0.0438,true,1,116677
7290107951104,false,בפלות שוקולד ארוך עלית 200ג',"א.ג. גילרו בע""מ",IL,בפלות 200 גרם שוקולד,,200.00,100 גרם,false,,5.90,0.0295,true,1,78453
7290107951715,false,צנצנת מסטיק מאסט קוביות בטעם ענבים 58 ג' עלית,אסקום קונפקשיין,IL,מאסט צנצנת קוביות ענ,,58.00,100 גרם,false,,11.90,0.2052,true,1,115489
7290107953559,false,קפה טורקי עלית לדרך שקיות 24X7ג',הנסיך- מפעל לייצור ט,IL,קפה טורקי לדרך 168 ג,,168.00,יח',false,,20.90,0.1244,true,1,78465
7290107954709,false,קונפיטורת פירות יער 340 גר יד מרדכי,,,יד מרדכי קונפיטורת פ,,340.00,יח',false,,14.90,0.0438,true,1,144626
7290107954976,false,"משקה יטבתה חלבון פרו קפה 350מ""ל",מחלבת יטבתה,DE,משקה פרו בטעם קפה יט,,350.00,"100 מ""ל",false,,6.90,0.0197,true,1,147718
7290107956925,false,קפסולות 13 אוגנדה למכונת נספרסו עלית 10יח',,IL,עלית קפסולות אוגנדה,,50.00,יח',false,,19.90,0.3980,true,1,191856
7290107956932,false,קפסולות אספרסו אידונזיה למכונות 50 גר,,,עלית קפסולות אידונזי,,50.00,יח',false,,19.90,0.3980,true,1,160923
7290107957069,false,"צנצנת עלמה בטעם אוכמניות לל""ס 66 גרם","שטראוס גרופ בע""מ",IL,מסטיק עלמה בטעם אוכמ,,66.00,100 גרם,false,,11.90,0.1803,true,1,160924
7290107957076,false,"צנצנת עלמה בטעם ספירמינט לל""ס 66 גרם","שטראוס גרופ בע""מ",IL,מסטיק עמלה בטעם ספיר,,66.00,100 גרם,false,,11.90,0.1803,true,1,160925
7290107957113,false,סימפוניה 5% זיתים פיקנטיים 200 ג' שטראוס,,IL,סימפוניה עם זיתים פי,,200.00,יח',false,,12.90,0.0645,true,1,192167
7290107957991,false,מילקי CAKE מיניס קרם חלב בציפוי שוקולד חלב שקית 16X9ג',בובארד איטליה אס.פי.,IT,"מילקי מייניס 9*16 מ""",,144.00,100 גרם,false,,15.90,0.1104,true,1,187523
7290107958035,false,יוגורט במתיקות מעודנת 2% מאגדת 8 יח' *120 ג' דנונה,,,8 דנונה מתיקות מעודנ,קילוגרמים,1.20,"ק""ג",false,,19.90,16.5833,true,1,164464
7290107973014,false,פלמוליב סבון ידיים חלב ודבש 300 מ'ל,הנסיך- מפעל לייצור ט,TR,פלמוליב סבון ידיים ח,,300.00,,false,,10.90,0.0363,true,1,77474
7290107973861,false,מאסטר שף - עגבניות קצוצות דק שלישיה 400 גרם * 3,קונסרזיו קאסאלאסקו ד,IT,עגבניות קצוצות דק מא,קילוגרמים,1.20,"ק""ג",false,,18.90,15.7500,true,1,77486
7290107974066,false,"עלי טורטיה קמח מלא 20ס""מ 8יח' מאסטר שף 320ג'",אורגניק,DE,עלי טורטיה קמח מלא מ,,320.00,יח',false,,12.90,0.0403,true,1,177473
7290107974073,false,מנה עלי טורטיה קמח לבן מ.שף 20 סמ 320 גר,הנסיך- מפעל לייצור ט,DE,עלי טורטיה קמח לבן מ,,320.00,יח',false,,12.90,0.0403,true,1,177474
7290107974820,false,מנה מאסטר שף ממרח מתובל ספייסי 248 גר,,,מאסטר שף ממרח מתובל,,252.00,יח',false,,8.90,0.0353,true,1,77502
7290107976916,false,"פלמוליב סבון ידיים חלב זיתים 300 מ""ל",,,פלמוליב סבון ידיים ח,,300.00,"100 מ""ל",false,,10.90,0.0363,true,1,147078
7290107978347,false,מאסטר שף איטריות בינוניות 400 גר,הדקלאים אגודת שיתופי,PL,איטריות בינוניות מאס,,400.00,100 גרם,false,,6.90,0.0173,true,1,150127
7290107978453,false,קראנצו'ס גריל 55 גרם,,,קראנצו'ס גריל 55 גרם,,55.00,יח',false,,3.90,0.0709,true,1,153680
7290107978637,false,"מרידול משחת שיניים 75 מ""ל",,,משחת שיניים מרידול 7,,75.00,,false,,21.90,0.2920,true,1,136504
7290107979184,false,קוקי תבנית אלומינום עם נייר אפייה גדול 3,HAI PLASTIC,CN,קוקי תבנית אלומניום,יחידה,0.00,יחידה,false,,12.90,0.0000,true,1,153503
7290108350128,false,סנו סושי שקיות אשפה חזקות במיוחד 40 יח',מיוצר עי קונדיטוריית,IL,סנו סושי שקיות חזקות,יחידה,0.00,יחידה,false,,28.90,0.0000,true,1,86513
7290108350142,false,שקיות רב שימושיות ענק סנו סושי 270 יח',,,סנו סושי שקיות רב שי,יחידה,0.00,יחידה,false,,16.90,0.0000,true,1,86515
7290108350180,false,סנו סושי מפיות מודפסות 100 יח',חי מוצרי נייר בעמ,IL,סנו סושי מפיות מודפס,יחידה,0.00,יחידה,false,,8.90,0.0000,true,1,86518
7290108350210,false,סנו סושי שקיות אשפה חזקות 30 יח' XL,מיוצר עי קונדיטוריית,IL,סושי שקיות אקסטרא חז,יחידה,0.00,יחידה,false,,26.90,0.0000,true,1,86521
7290108350258,false,סופט נייר טואלט גליל ארוך 12 גלילים=36,מפעלי ברונוס בעמ,IL,סופט נייר טואלט גליל,,180.00,,false,,44.90,0.2494,true,1,86522
7290108350586,false,ספארק נוזל כלים בניחוח לימון רענן 1.5 ל,,,ספארק נוזל כלים בניח,ליטרים,1.50,ליטר,false,,15.90,10.6000,true,1,86530
7290108350616,false,סנו - מקסימה מרכך כביסה מרוכז פריחה כחולה 1 ליטר,"סנו מפעלי ברונוס בע""",IL,מרכך כביסה מקסימה סו,יחידה,0.00,יחידה,false,,18.90,0.0000,true,1,86533
7290108350623,false,מרכך כביסה סופר מרוכז סופט סילק מקסימה 1 ל' סנו,"סנו מפעלי ברונוס בע""",IL,מרכך כביסה מקסימה סו,יחידה,0.00,יחידה,false,,18.90,0.0000,true,1,86534
7290108350722,false,משחת שיניים אורביטול ענבים מרענן 70 גרם,טרופיקל דגיל תעשיות,IL,משחת שיניים אורביטול,,70.00,100 גרם,false,,8.90,0.1271,true,1,329845
7290108351507,false,מרכך כביסה מקסימה סופט סילק 4 ל' סנו,הורביץ סחר,IL,מרכך כביסה סנו מקסימ,ליטרים,4.00,ליטר,false,,23.90,5.9750,true,1,86558
7290108351514,false,סנו מקסימה מרכך כביסה בלו בלוסום 4 ל',סנו,IL,מרכך כביסה סנו מקסימ,ליטרים,4.00,ליטר,false,,23.90,5.9750,true,1,86559
7290108351552,false,"סנו - ג'ט לניקוי כללי בתוספת חומץ בניחוח לבנדר 750 מ""ל","סנו מפעלי ברונוס בע""",IL,סנו ג'ט מתז חומץ 750,,750.00,"100 מ""ל",false,,15.90,0.0212,true,1,165675
7290108351576,false,"אוקסיג'ן אבקה להסרת כתמים 1.5 ק""ג סנו",,IL,א.כביסה סנו אוקסיג'ן,קילוגרמים,1.50,"ק""ג",false,,31.90,21.2667,true,1,284314
7290108351583,false,"סנו - ג'ט פלוס חומץ ג'ל לניקוי אסלות לבנדר 750 מ""ל",טרופיקל דגיל תעשיות,IL,סנו ג'ט+לניקוי אסלות,,750.00,,false,,12.90,0.0172,true,1,183861
7290108351699,false,סנו - ג'ט מטליות לחות לניקוי כללי בתוספת חומץ לבנדר שלישיה,סנו מפעלי ברונוס על,IL,מגבונים ג'ט+חומץ מאר,יחידה,0.00,יחידה,false,,23.90,0.0000,true,1,190271
7290108351804,false,סנו - מקסימה מרכך כביסה מרוכז ג'נטל בריז 1 ליטר,מיוצר עי קונדיטוריית,IL,סנו מקסימה מרכך כביס,יחידה,0.00,יחידה,false,,18.90,0.0000,true,1,217940
7290108351811,false,מקסימה מרכך כביסה סופר מרוכז פלור טאצ' 1 ליטר,מיוצר עי קונדיטוריית,IL,סנו מקסימה מרכך כביס,יחידה,0.00,יחידה,false,,18.90,0.0000,true,1,217941
7290108351866,false,"מקסימה בושם מרוכז לכביסה FOREVER בורדו 600מ""ל",,IL,מקסימה בושם מרוכז לכ,,600.00,,false,,22.90,0.0382,true,1,194893
7290108352092,false,משחת שיניים protective salt אורביטול 145 גר',טרופיקל דגיל תעשיות,IL,אורביטול משחת שיניים,,145.00,יח',false,,18.90,0.1303,true,1,296897
7290108352207,false,מקסימה קפסולות לכביסה פלורל 40 יחידות,טרופיקל דגיל תעשיות,IL,קפס' כביסה בניחוח פל,,840.00,יח',false,,44.90,0.0535,true,1,283885
7290108352214,false,סנו - מקסימה קפסולות כביסה בניחוח בריזה מרעננת 40 יח',טרופיקל דגיל תעשיות,IL,קפסולות כביסה בניחוח,,840.00,יח',false,,44.90,0.0535,true,1,283886
7290108352269,false,דלי מטליות לחיטוי ולניקוי 99.9 % 400 יח' סנו,הורביץ סחר,IL,מטליות לחיטוי ולניקו,יחידה,0.00,יחידה,false,,35.90,0.0000,true,1,280307
7290108352535,false,סנו - מקסימה דפי בישום לחים למייבש הכביסה בניחוח מרכך כביסה,סנו,IL,דפי בישום לחים למייב,יחידה,0.00,יחידה,false,,14.90,0.0000,true,1,413071
7290108352672,false,מטלית הפלא לריצפה זוג סנו סושי,סנו מפעלי ברונוס.,CN,סנו סושי זוג מטלית ה,יחידה,0.00,יחידה,false,,20.90,0.0000,true,1,148049
7290108352689,false,סנו סושי כריות קרצוף ללכלוך קשה 9 יח',טרופיקל דגיל תעשיות,US,כריות קרצוף ללכלוך ק,יחידה,0.00,יחידה,false,,10.90,0.0000,true,1,86564
7290108352702,false,מגבוני טואלט לחים סנו סופט בוב ספוג שלישיה,,,שלישיית מגבוני טואלט,יחידה,0.00,יחידה,false,,18.90,0.0000,true,1,86565
7290108352825,false,ספוג הפלא נירוסטה סנו סושי 3יח',s.k.a.t ltdסנו מפעלי,CN,סנו סושי-ספוג הפלא נ,,3.00,,false,,11.90,3.9667,true,1,185513
7290108352887,false,סנו סושי זוג מפות שולחן לבנות,מיוצר עי קונדיטוריית,IL,סנו סושי זוג מפות שו,יחידה,0.00,יחידה,false,,9.90,0.0000,true,1,192747
7290108353006,false,שקיות אוכל סנו סושי נקשרות 250 יח,מיוצר עי קונדיטוריית,IL,סנו סושי 250 שקיות א,יחידה,0.00,יחידה,false,,14.90,0.0000,true,1,202090
7290108353075,false,סנו סושי מפיות אירוח עבות 3שכבות 50 יח',,IL,סנו סושי 50 מפיות אי,יחידה,0.00,יחידה,false,,11.90,0.0000,true,1,202091
7290108353532,false,סנו סושי שקיות אשפה בגליל 100 יח',Elif,IL,שקיות אשפה בגליל סנו,יחידה,0.00,יחידה,false,,34.90,0.0000,true,1,254172
7290108353549,false,נייר אפייה סנו סושי 100 יח,"טופ פלסט 2002 בע""מ",IL,נייר אפיה סנו סושי 1,יחידה,0.00,יחידה,false,,22.90,0.0000,true,1,254173
7290108353556,false,נייר טואלט סופט שלוש שכבות 32 גלילים סנו,טרופיקל דגיל תעשיות,IL,נייר טואלט סנו סופט,יחידה,0.00,יחידה,false,,47.90,0.0000,true,1,285090
7290108353679,false,סנו סושי – ניילון שקופות 10 מפות,מיוצר עי קונדיטוריית,IL,סנו סושי 10 מפות ניי,יחידה,0.00,יחידה,false,,21.90,0.0000,true,1,274012
7290108353785,false,תחליב רחצה נקה 7 מרוקו בניחוח טונקה 750,,IL,תחליב רחצה מרוקו טונ,,750.00,,false,,12.90,0.0172,true,1,317555
7290108353792,false,"תחליב רחצה נקה יפן פריחת הדובדבנים 750 מ""ל",קוסמופארם בע''מ,IL,תחליב רחצה יפן פריחת,,750.00,,false,,12.90,0.0172,true,1,317540
7290108353969,false,"קרמה - דאודורנט ספריי לאישה קרמה מאסק 150 מ""ל",סנו,IL,דאודורנט ספריי ReFre,,150.00,,false,,13.90,0.0927,true,1,403745
7290108354164,false,"שלשיית אלסבון כיף מועשר בשמנים 3*500מ""ל",טרופיקל דגיל תעשיות,IL,כיף שלישיית אלסבון ק,ליטרים,1.50,ליטר,false,,20.90,13.9333,true,1,329846
7290108354263,false,אורביטול - משחת שיניים 6+ חד קרן 70 גרם,טרופיקל דגיל תעשיות,IL,משחת שיניים אורביטול,,70.00,100 גרם,false,,8.90,0.1271,true,1,329847
7290108354270,false,מרכך כביסה מרוכז בבישום עוצמתי 1 ל' סנו מקסימה,מיוצר עי קונדיטוריית,IL,מרכך בבישום עוצמתי מ,ליטרים,1.00,ליטר,false,,18.90,18.9000,true,1,412967
7290108354430,false,"שמפו כיף לשיקום והזנה שמן קוקוס וקרטין 700 מ""ל",קוסמופארם בעמ,IL,שמפו כיף לשיקום והזנ,,700.00,,false,,13.90,0.0199,true,1,339853
7290108354447,false,"מרכך כיף לשיקום והזנה שמן קוקוס וקרטין 700 מ""ל",גוד פוד פרודקטס S.p,IL,מרכך כיף לשיקום והזנ,,700.00,,false,,13.90,0.0199,true,1,339854
7290108354591,false,"תחליב רחצה בניחוח מי קקטוס ושמן באבאסו 750 מ""ל נקה 7",סנו,IL,תחליב רחצה ביו נקה,,750.00,,false,,12.90,0.0172,true,1,496099
7290108354850,false,"קרמה דאודורנט רול און בריזת ים 75 מ""ל",,IL,דאודורנט רול און ברי,,75.00,,false,,14.90,0.1987,true,1,305279
7290108354973,false,"סבון ידיים קרמה ורד ווניל 300 מ""ל",טרופיקל דגיל תעשיות,IL,סבון ידיים קרמה ורד,,300.00,,false,,11.90,0.0397,true,1,305264
7290108355000,false,"שמפו מיניונים לילדים נקה 7 750 מ""ל",,,שמפו מיניונים נקה 7,,750.00,"100 מ""ל",false,,12.90,0.0172,true,1,86566
7290108356113,false,"כיף - תחליב רחצה דבש 700 מ""ל",קוסמופארם בעמ,IL,תחליב רחצה דבש כיף 7,,700.00,,false,,12.90,0.0184,true,1,194100
7290108356137,false,"כיף - תחליב רחצה לבנדר 700 מ""ל",,IL,תחליב רחצה לבנדר כיף,,700.00,,false,,12.90,0.0184,true,1,194102
7290108356151,false,"תחליב רחצה כיף מאסק יסמין 700 מ""ל",גוד פוד פרודקטס S.p,IL,תחליב רחצה מאסק יסמי,,700.00,,false,,12.90,0.0184,true,1,194103
7290108356168,false,"כיף - תחליב רחצה אוקיינוס 700 מ""ל",גוד פוד פרודקטס S.p,IL,תחליב רחצה אוקיינוס,,700.00,,false,,12.90,0.0184,true,1,194104
7290108356229,false,"קרמה - ג'ל גילוח קרבון 200 מ""ל",טרופיקל דגיל תעשיות,TR,גל גילוח קרמה מן קרב,,200.00,,false,,16.90,0.0845,true,1,296945
7290108356489,false,"כיף - תחליב רחצה אפרסק וחמאת מורומורו 700 מ""ל",קוסמופארם,IL,תחליב רחצה אפרסק וחמ,,700.00,,false,,12.90,0.0184,true,1,466424
7290108356519,false,קרליין שמפו 10למניעת קשקשים 700מל,סנו,IL,שמפו לשיער בתוספת שמ,,700.00,,false,,14.90,0.0213,true,1,438307
7290108356557,false,"שמפו 10 לשיער למניעת קשקשים 700 מ""ל קרליין",,,שמפו למניעת קשקשים ק,,700.00,,false,,14.90,0.0213,true,1,438339
7290108356816,false,"סבון בוטני גרניום ופטצ'ולי לניקוי וטיפוח הידיים, טבעוני 1 ל' כיף","קוסופארם בע""מ",IL,סבון בוטני גרניום לנ,ליטרים,1.00,ליטר,false,,16.90,16.9000,true,1,514858
7290108357059,false,"קרליין - נושם ביו דאודורנט רול און 75 מ""ל Secret Garden לאישה",קוסמופארם,IL,דיאודורנט רול און בנ,,75.00,,false,,14.90,0.1987,true,1,466500
7290108357226,false,"אוקסיגן POWER אבקה לכביסה לבנה והסרת כתמים 1.4 ק""ג סנו",,,אוקסיג'ן אבקה להסרת,קילוגרמים,1.40,"ק""ג",false,,32.90,23.5000,true,1,452870
7290108357578,false,"קרם ידיים קרמ וניל ופלפל ורוד 100 מ""ל",,,קרם ידיים בניחוח וני,,100.00,,false,,11.90,0.1190,true,1,412982
7290108357707,false,"כיף שמפו לשיער רגיל-תפוח זרעי צ'יה 700 מ""ל",גוד פוד פרודקטס S.p,IL,שמפו לשיער רגיל תפוח,,700.00,,false,,13.90,0.0199,true,1,196457
7290108357714,false,"כיף שמפו לשיער יבש -רימונים ושמן ארגן 700 מ""ל",גוד פוד פרודקטס S.p,IL,שמפו לשיער יבש רימונ,,700.00,,false,,13.90,0.0199,true,1,196458
7290108357882,false,"כיף - מרכך לחות מוגברת עם אפרסק וחמאת מורומורו 700 מ""ל",קוסמופארם,IL,מרכך לחות מוגברת אפר,,700.00,,false,,13.90,0.0199,true,1,466409
7290108358087,false,"תחליב רחצה קרמה מאסק 700 מ""ל",גוד פוד פרודקטס S.p,IL,קרמה תחליב רחצה מאסק,,700.00,,false,,17.90,0.0256,true,1,317512
7290108359190,false,סושי מגבת הפלא 4 יח' = 12 גליל ארוך פי 3,,IL,סנו סושי מגבות הפלא,יחידה,0.00,יחידה,false,,27.90,0.0000,true,1,555856
7290108359824,false,"כיף - בייבי כיף קרם 500 מ""ל",קוסמופארם בעמ,IL,קרם גוף HYDROMOIST ב,,500.00,"100 מ""ל",false,,26.90,0.0538,true,1,192720
7290108500271,false,שלישית פטריות מהדרין חתוכות 290 ג' ויליפוד,,,פטריות חתוך ויליפוד,,870.00,יח',false,,13.00,0.0149,true,1,58405
7290108501360,false,גבינת צ'דר בשלה MATURED ORANGE,,,גבינת צ'דר בשלה 200,,200.00,יח',false,,24.90,0.1245,true,1,165580
7290108501407,false,גבינת צדר מיושנת 200 גרם,וויקה פארמס אל.טי.די,GB,גבינת צ'דר מיושנת 20,,200.00,100 גרם,false,,24.90,0.1245,true,1,165581
7290108502381,false,בסיסים להכנת פיצה קוטר 26 וילי פוד 480ג',מוטלוקל גידה סאנאי ט,TR,תחתיות לפיצה קוטר 26,יחידה,0.00,יחידה,false,,12.90,0.0000,true,1,194770
7290108502541,false,גבינת שמנת טבעי 200ג' EURO CHEESE,קסוס אל פסטור,TR,גבינת שמנת טעם טבעי,,200.00,יח',false,,13.90,0.0695,true,1,189778
7290108502763,false,גבינת קממבר 200 גרם,,FR,גבינה קממבר 200 גרם,,200.00,יח',false,,22.90,0.1145,true,1,187420
7290108502862,false,מלפפון כבושים במלח 18-25 קטנים מאוד 600 ג',,,מלפפונים כבושים במלח,,600.00,יח',false,,12.90,0.0215,true,1,194771
7290108503067,false,פרמז'נו משולש 150 גרם,,,פרמז'נו משולש 150 גר,,150.00,יח',false,,17.90,0.1193,true,1,192149
7290108504378,false,גבינת שמנת עם זיתים 200 ג' - EURO CHEESE,,DE,גבינת שמנת עם זיתים,,200.00,יח',false,,13.90,0.0695,true,1,259511
7290108505153,false,יוגורט בטעם טבעי 2% שומן 150 ג',,GR,יוגורט יווני בטעם טב,,150.00,יח',false,,5.90,0.0393,true,1,287243
7290108505160,false,יוגורט עם אגסים 4% שומן 150 גרם,,GR,יוגורט יווני עם אגסי,,150.00,יח',false,,5.90,0.0393,true,1,287263
7290108505177,false,יוגורט עם אננס 150 גרם 0% שומן,דלתא,GR,יוגורט יווני עם אננס,,150.00,יח',false,,5.90,0.0393,true,1,287264
7290108505184,false,יוגורט עם קוקוס 5% שומן 150 גרם,,GR,יוגורט יווני עם קוקו,,150.00,יח',false,,5.90,0.0393,true,1,287244
7290108505207,false,יוגורט ען אוכמניות 0% שומן 150 גרם,דלתא,GR,יוגורט יווני עם אוכמ,,150.00,יח',false,,5.90,0.0393,true,1,287266
7290108505214,false,יוגורט עם אפרסק 150 גרם 0% שומן,,GR,יוגורט יווני עם אפרס,,150.00,יח',false,,5.90,0.0393,true,1,287267
7290108505719,false,גבינת מוצרלה מגורדת 25% שומן 200גר,,TR,גבינת מוצרלה מגורדת,,200.00,יח',false,,17.90,0.0895,true,1,287014
7290108505726,false,אצבעות-גבינה חצי קשה 25% שומן 200גר,סאסו פטוראגס קומטויס,TR,אצבעות גבינה חצי קשה,,200.00,יח',false,,17.90,0.0895,true,1,287015
7290108505733,false,צמות - גבינה חצי קשה 25% שומן 200 ג',,TR,צמות גבינה חצי קשה 2,,200.00,יח',false,,17.90,0.0895,true,1,287016
7290108505740,false,גבינת קשקבל חצי קשה25% שומן 200גר,,TR,גבינת קשקבל חצי קשה,,200.00,יח',false,,17.90,0.0895,true,1,287017
7290108506037,false,יוגורט בטעם טבעי 5% שומן דלתא 150 ג',,GR,יוגורט בטעם טבעי 150,,150.00,יח',false,,5.90,0.0393,true,1,331559
7290108506495,false,פינוקים כנאפה קפוא ויליפוד,ארמה גרופ,TR,כנאפה קפוא 192.5 גרם,,192.50,יח',false,,17.90,0.0930,true,1,279457
7290108506518,false,אצבעות בצק פילו ממולאות גבינה ותרד 500 ג' ויליפוד,,,אצבעות בצק פילו ממול,,500.00,יח',false,,18.90,0.0378,true,1,462300
7290108507652,false,ביסקוויט פריך בשוקולד לבן 100 גרם,,TR,ביסקויט פריך בשוקולד,,100.00,יח',false,,7.90,0.0790,true,1,448422
7290108507911,false,קינואה עם טונה וירקות  160 גרם,,TR,קינואה עם טונה וירקו,,160.00,יח',false,,13.90,0.0869,true,1,368204
7290108507942,false,ירקות גינה עם טונה 160 גרם,,TR,ירקות גינה עם טונה 1,,160.00,יח',false,,13.90,0.0869,true,1,368205
7290108508581,false,פסטה ברוטב עגבניות נ,,,פסטה ברוטב עגבניות נ,,250.00,יח',false,,7.90,0.0316,true,1,368210
7290108508901,false,יוגורט עם דובדבנים ושקדים 0.6 %שומן דלתא 150 ג',,GR,יוגורט עם דובדבנים ו,,150.00,יח',false,,5.90,0.0393,true,1,368828
7290108509106,false,גבינה בולגרית מעודנת בקוביות 13% שומן יורו 200 ג',,,גבינה בולגרית מעודנת,,200.00,100 גרם,false,,13.90,0.0695,true,1,381372
7290108509113,false,גבינה בולגרית מעודנת 18% שומן יורו 250 ג',,TR,גבינה בולגרית מעודנת,,250.00,יח',false,,13.90,0.0556,true,1,373597
7290108509137,false,גבינה בולגרית מעודנת 5% שומן יורו 250 ג',,TR,גבינה בולגרית מעודנת,,250.00,יח',false,,13.90,0.0556,true,1,381387
7290108509250,false,"ויליפוד אנטיפסטי ארטישוק עגבניות, 380 גרם",קוסרבה בונטו,IT,אנטיפסטי ארטישוק עג,,580.00,יח',false,,22.90,0.0395,true,1,368175
7290108509359,false,פופקורן בציפוי בטעם קרמל 90 ג' ויליפוד,סנרו ס.א,UA,פופקורן בציפוי בטעם,,90.00,יח',false,,8.90,0.0989,true,1,440232
7290108509700,false,"אורז פרסי DAAWAT 1 ק""ג",אל טי פוד,IN,"אורז פרסי 1 ק""ג DAAW",קילוגרמים,1.00,"ק""ג",false,,12.90,12.9000,true,1,415812
7290109071985,false,כפפות גבר,,,כפפות גבר,יחידה,0.00,יחידה,false,,29.90,0.0000,true,1,87311
7290109351025,false,חומוס צבר מלך חומוס טחינה חלק 400ג',סלטי צבר,IL,מלך החומוס חומוס טחי,,400.00,100 גרם,false,,14.90,0.0373,true,1,76010
7290109351971,false,פיטנס בר פריכיות שוקולד חלב 84 גרם,CA,IL,בר פריכיות שוקולד חל,,84.00,יח',false,,15.90,0.1893,true,1,125412
7290109354057,false,קרחון לה פרוטה שרבט אננס תפוז מאגדת 5 יח',תות תעשיות מזון (201,IL,"מאגדת 5 י""ח לה פרוטה",,350.00,יח',false,,29.90,0.0854,true,1,71415
7290109354972,false,אוסם - פתי בר וניל חלבי ללא גלוטן 200 גרם,מיוצר עי קונדיטוריית,IL,אסם פתי בר ללא גלוטן,,200.00,יח',false,,12.90,0.0645,true,1,75576
7290109355504,false,שלגון וניל במילוי נוגט קראנץ 100 גרם,נטו מלינדה-בשר,IL,קראנץ' וניל ליבת נוג,,72.00,יח',false,,10.90,0.1514,true,1,169248
7290109358765,false,דגני בוקר קראנץ' רולס נוגט 450 גרם,"אסם השקעות בע""מ",IL,דגני קראנץ' רולס נוג,,450.00,100 גרם,false,,29.90,0.0664,true,1,133489
7290109580166,false,סרוולד קלאסי פרימיום 150 גרם זוגלובק,זוגלובק,IL,סרוולד קלאסי זוגלובק,,150.00,יח',false,,27.90,0.1860,true,1,350529
7290109580432,false,פסטרמה חזה הודו מעושן 120 גר' זוגלובק,זוגלובק,IL,פסטרמה אקסטרה מעושנת,,120.00,יח',false,,14.90,0.1242,true,1,496237
7290109640464,false,"יוגורט עיזים טבעי 250 מ""ל","טרופיקל דגיל בע""מ אז",IL,פתיתים טבעוניים בסגנ,,150.00,יח',false,,20.90,0.1393,true,1,405522
7290109920603,false,"אסטוניש קרם לניקוי המטבח 500 מ""ל",,IL,אסטוניש קרם מטבח 500,,500.00,,false,,14.90,0.0298,true,1,170899
7290109920627,false,"אסטוניש קרם ואקונומיקה לניקוי אמבטיות 500 מ""ל",,IL,"אסטוניש קרם 500 מ""ל",,500.00,"100 מ""ל",false,,14.90,0.0298,true,1,170900
7290109921488,false,"דורגול לניקוי וחיטוי מכונת הכביסה 500 מ""ל",דורינג,CH,דורגול לניקוי וחיטוי,,500.00,,false,,34.90,0.0698,true,1,252327
7290109923130,false,מדליק לפחמים קוביות הפי 24 יח',,,מדליק פחמים הפי 48 י,,250.00,יח',false,,14.90,0.0596,true,1,509150
7290109923147,false,אסטוניש מהדורה פרימיום פלא של אקונומיקה,,IL,אסטוניש מרסס פלא של,,750.00,,false,,14.90,0.0199,true,1,504299
7290110058814,false,ביצי שוקולד סמיילי שלישייה,,,שלישיית ביצי שוקולד,,60.00,יח',false,,15.90,0.2650,true,1,90038
7290110110369,false,שישיית בירה קרלסברג LUMA בקבוק 330 מל,מבשלות בירה בינלאומי,IL,שישיית בירה קרלסברג,ליטרים,1.98,ליטר,false,,37.70,19.0404,true,1,290569
7290110110659,false,"ספרייט לימון ליים פחית 330מ""ל",החברה המרכזית לייצור,IL,סליק ספרייט חדש 330,,330.00,,false,,5.70,0.0173,true,1,173027
7290110113377,false,מארז רביעיות קוקה קולה 1 ליטר,,IL,מארז רביעיות קוקה קו,ליטרים,4.00,ליטר,false,,34.90,8.7250,true,1,342139
7290110113384,false,קוקה קולה זירו מארז רביעיה 1X4 ליטר,,IL,מארז רביעיות קוקה קו,ליטרים,4.00,ליטר,false,,28.90,7.2250,true,1,342140
7290110114787,false,נביעות+תפוח 1.5 ליטר פיקדון,נביעות טבע הגליל בעמ,IL,נביעות + תפוח 1.5 לי,ליטרים,1.50,ליטר,false,,10.90,7.2667,true,1,417325
7290110114794,false,נביעות+אפרסק 1.5 ליטר פיקדון,"נביעות טבע הגליל בע""",IL,נביעות + אפרסק 1.5 ל,ליטרים,1.50,ליטר,false,,10.90,7.2667,true,1,417326
7290110114800,false,נביעות פלוס בטעם ענבים 1.5 ליטר-,"נביעות טבע הגליל בע""",IL,נביעות + ענבים 1.5 ל,ליטרים,1.50,ליטר,false,,10.90,7.2667,true,1,417343
7290110114824,false,נביעות+רכיבי פרי אבטיח 1.5 ליטר פיקדון,"נביעות טבע הגליל בע""",IL,נביעות+ פרי אבטיח 1.,ליטרים,1.50,ליטר,false,,10.90,7.2667,true,1,417501
7290110114855,false,"נביעות מים מינרליים, שישיה 6 * 1.5 ליטר פקדון",נביעות טבע הגליל בעמ,IL,מי נביעות שישייה 1.5,ליטרים,9.00,ליטר,false,,14.90,1.6556,true,1,417373
7290110114886,false,פריגת סחוט טרי קלמנטינה 2 ליטר,גת,IL,פריגת משקה קלמנטינה,ליטרים,2.00,ליטר,false,,30.30,15.1500,true,1,417228
7290110114893,false,פריגת סחוט טרי תפוז 2 ליטר,גת,IL,פריגת סחוט תפוזים 2,ליטרים,2.00,ליטר,false,,30.30,15.1500,true,1,417243
7290110114954,false,מיץ תפוזים מתקתקים 100% 2 ל' פריגת,,,מיץ תפוזים מתקתק 100,ליטרים,2.00,ליטר,false,,24.20,12.1000,true,1,417262
7290110114961,false,מיץ בטעם תפוזים 1.5ל' פריגת,מבשלות בירה בינלאומי,IL,פריגת תפוזים 1.5 ליט,ליטרים,1.50,ליטר,false,,9.90,6.6000,true,1,417388
7290110114985,false,פריגת אשכולית 1.5 ליטר פיקדון,מבשלות בירה בינלאומי,IL,פריגת אשכולית 1.5 לי,ליטרים,1.50,ליטר,false,,9.90,6.6000,true,1,417390
7290110114992,false,פריגת light אשכולית 1.5 ליטר פיקדון,מבשלות בירה בינלאומי,IL,פריגת דיאט אשכולית 1,ליטרים,1.50,ליטר,false,,9.90,6.6000,true,1,417405
7290110115005,false,פריגת ענבים 1.5 ליטר פיקדון,מבשלות בירה בינלאומי,IL,פריגת ענבים 1.5 ליטר,ליטרים,1.50,ליטר,false,,9.90,6.6000,true,1,417420
7290110115012,false,מיץ ענבים בניחוח מרלו 1.5 ל' פריגת,,IL,פריגת ענבים בניחוח מ,ליטרים,1.50,ליטר,false,,9.90,6.6000,true,1,417421
7290110115029,false,"פריגת משק""ל תפוח 1.5 ליטר פיקדון",מבשלות בירה בינלאומי,IL,פריגת תפוחים 1.5 ליט,ליטרים,1.50,ליטר,false,,9.90,6.6000,true,1,417450
7290110115036,false,פריגת מנגו 1.5 ליטר פיקדון,מבשלות בירה בינלאומי,IL,פריגת מנגו 1.5 ליטר,ליטרים,1.50,ליטר,false,,9.90,6.6000,true,1,417451
7290110115043,false,פריגת לימונענע 1.5 ליטר פיקדון,מבשלות בירה בינלאומי,IL,פריגת לימונענע 1.5 ל,ליטרים,1.50,ליטר,false,,9.90,6.6000,true,1,417452
7290110115050,false,פריגת מיקס תות בננה 1.5 ליטר פיקדון,מבשלות בירה בינלאומי,IL,פריגת מיקס תות בננה,ליטרים,1.50,ליטר,false,,9.90,6.6000,true,1,417453
7290110115067,false,פריגת אפרסק 1.5 ליטר פיקדון,מבשלות בירה בינלאומי,IL,פריגת אפרסק 1.5 ליטר,ליטרים,1.50,ליטר,false,,9.90,6.6000,true,1,417520
7290110115074,false,פריגת תפוח דובדבן 1.5 ליטר פיקדון,מבשלות בירה בינלאומי,IL,פריגת דובדבן 1.5 ליט,ליטרים,1.50,ליטר,false,,9.90,6.6000,true,1,417521
7290110115104,false,פריגת צלול אפרסק 1.5 ליטר פיקדון,מבשלות בירה בינלאומי,IL,פריגת צלול אפרסק 1.5,ליטרים,1.50,ליטר,false,,9.90,6.6000,true,1,417524
7290110115180,false,מים נביעות בקבוק 1.5,"נביעות טבע הגליל בע""",IL,נביעות 1.5 ליטר,ליטרים,1.50,ליטר,false,,4.20,2.8000,true,1,432576
7290110115203,false,קוקה קולה 1.5 ליטר פיקדון,,IL,קוקה קולה 1.5 ליטר,ליטרים,1.50,ליטר,false,,9.50,6.3333,true,1,417563
7290110115210,false,דיאט קוקה קולה 1.5 ליטר פיקדון,,IL,דיאט קוקה קולה 1.5 ל,ליטרים,1.50,ליטר,false,,9.90,6.6000,true,1,417564
7290110115227,false,קוקה קולה זירו 1.5 ליטר -,,IL,קוקה קולה זירו בקבוק,ליטרים,1.50,ליטר,false,,9.90,6.6000,true,1,417565
7290110115234,false,קוקה קולה זירו נטול 1.5 ליטר -,החברה המרכזית לייצור,IL,קולה ZERO נטול 1.5 ל,ליטרים,1.50,ליטר,false,,9.90,6.6000,true,1,417566
7290110115241,false,קוקה קולה זירו לימון 1.5 ליטר -,החברה המרכזית לייצור,IL,קולה ZERO לימון 1.5,ליטרים,1.50,ליטר,false,,9.90,6.6000,true,1,417567
7290110115265,false,ספרייט לימון ליים 1.5 ליטר-,,IL,ספרייט 1.5 ליטר LIME,ליטרים,1.50,ליטר,false,,9.00,6.0000,true,1,417631
7290110115272,false,ZERO ספרייט 1.5 ליטר פיקדון,,IL,ספרייט זירו 1.5 ליטר,ליטרים,1.50,ליטר,false,,9.90,6.6000,true,1,417632
7290110115296,false,פאנטה אורנג' 1.5 ליטר פיקדון,החברה המרכזית לייצור,IL,פאנטה אורנג' 1.5 ליט,ליטרים,1.50,ליטר,false,,10.50,7.0000,true,1,417678
7290110115302,false,פאנטה ZERO אורנג' 1.5 ליטר פיקדון,החברה המרכזית לייצור,IL,פאנטה זירו בטעם אורנ,ליטרים,1.50,ליטר,false,,10.50,7.0000,true,1,417679
7290110115319,false,פאנטה אקזוטיק 1.5 ליטר פיקדון,החברה המרכזית לייצור,IL,פאנטה אקזוטיק 1.5 לי,ליטרים,1.50,ליטר,false,,10.50,7.0000,true,1,417696
7290110115333,false,פאנטה תות 1.5 ליטר פיקדון,החברה המרכזית לייצור,IL,פאנטה תות 1.5 ליטר,ליטרים,1.50,ליטר,false,,10.50,7.0000,true,1,417698
7290110115364,false,קוקה קולה שישיות 1.5 ליטר פיקדון,החברה המרכזית לייצור,IL,קוקה קולה 6*1.5 ליטר,ליטרים,9.00,ליטר,false,,52.90,5.8778,true,1,417583
7290110115418,false,מארז שישייה קוקה קולה זירו 1.5 ל',החברה המרכזית לייצור,IL,קוקה קולה זירו שישיי,ליטרים,9.00,ליטר,false,,49.90,5.5444,true,1,417585
7290110115449,false,אייס תה בטעם מנגו אננס 1.5ל' FUZE TEA,מבשלות בירה בינלאומי,IL,פיוז טי מנגו אננס 1.,ליטרים,1.50,ליטר,false,,10.50,7.0000,true,1,417746
7290110115456,false,תה בטעם אפרסק 19 קלוריות 1.5 ל' FUZE TEA,מבשלות בירה בינלאומי,IL,פיוז טי אפרסק 19 קל,ליטרים,1.50,ליטר,false,,10.50,7.0000,true,1,417747
7290110115463,false,אייס תה בטעם אפרסק 1.5ל' FUZE TEA,מבשלות בירה בינלאומי,IL,פיוז טי אפרסק 1.5 לי,ליטרים,1.50,ליטר,false,,10.50,7.0000,true,1,417748
7290110115616,false,אייס תה בטעם גרין אננס 1.5ל' FUZE TEA,מבשלות בירה בינלאומי,IL,פיוז טי ZERO גרין אנ,ליטרים,1.50,ליטר,false,,10.50,7.0000,true,1,444561
7290110115623,false,אייס תה בטעם אפרסק 1.5ל' FUZE TEA,מבשלות בירה בינלאומי,IL,פיוז טי ZERO בטעם אפ,ליטרים,1.50,ליטר,false,,10.50,7.0000,true,1,443251
7290110115869,false,קוקה קולה זירו 1.5 ליטר פיקדון,תות תעשיות מזון (201,IL,קוקה קולה זירו בקבוק,ליטרים,1.50,ליטר,false,,9.90,6.6000,true,1,542441
7290110116125,false,סירופ בטעם פטל 750 מל פריגת,פריגת,IL,סירופ פריגת טעם פטל,,750.00,,false,,21.90,0.0292,true,1,496785
7290110116149,false,סירופ בטעם ענבים 750 מל פריגת,פריגת,IL,סירופ פריגת טעם ענבי,,750.00,,false,,21.90,0.0292,true,1,496787
7290110116156,false,נביעות+רכיבי פרי מנגו-פסיפלורה 1.5 ליטר-,,,נביעות+ פרי בטעם מנג,ליטרים,1.50,ליטר,false,,10.90,7.2667,true,1,512850
7290110116194,false,נביעות+ סדרת 0 קלוריות לימון-ליים 1.5 לי,"נביעות טבע הגליל בע""",IL,נביעות+ לימון ליים 0,ליטרים,1.50,ליטר,false,,9.90,6.6000,true,1,512899
7290110116200,false,מים 0 קלוריות בטעם לימון-ליים 0.5 ל נביעות,"נביעות טבע הגליל בע""",IL,נביעות+ פרי בטעם מנג,,500.00,,false,,7.20,0.0144,true,1,512916
7290110116217,false,נביעות+ סדרת 0 קלוריות אשכוליות 1.5 ליטר,"נביעות טבע הגליל בע""",IL,נביעות+ אשכולית 0 קל,ליטרים,1.50,ליטר,false,,10.90,7.2667,true,1,512900
7290110116224,false,מים 0 קלוריות בטעם אשכולית 0.5 ל נביעות,"נביעות טבע הגליל בע""",IL,נביעות+ אשכולית 0 קל,,500.00,,false,,7.20,0.0144,true,1,512917
7290110116392,false,סירופ בטעם תפוזים 750 מל פריגת,פריגת,IL,סירופ בטעם תפוזים 75,,750.00,,false,,21.90,0.0292,true,1,512933
7290110116484,false,מיץ סחוט תות בננה 1 ל' פריגת,גת,IL,פריגת סחוט MIX תות ב,ליטרים,1.00,ליטר,false,,15.90,15.9000,true,1,533503
7290110116491,false,מיץ סחוט אפרסק משמש 1 ל' פריגת,גת,IL,פריגת סחוט MIX אפרסק,ליטרים,1.00,ליטר,false,,15.90,15.9000,true,1,533519
7290110116521,false,"פריגת מיקס אפרסק משמש 400 מ""ל",גת,IL,פריגת סחוט MIX אפרסק,,400.00,,false,,9.90,0.0248,true,1,550578
7290110320591,false,פיראוס בולגרית מעודנת 16% 250 גר,תנובה,IL,בולגרית 16% במרקם מע,,250.00,יח',false,,25.10,0.1004,true,1,135339
7290110320850,false,פתיתים גבינה 28% שומן 200 ג' עמק,תנובה מרכז שיתופי לש,IL,עמק פתיתים 200 גרם,,200.00,יח',false,,16.90,0.0845,true,1,161541
7290110320867,false,פתיתים גבינה 28% שומן 500 ג' עמק,"תנובה, מחלבת תל יוסף",IL,עמק פתיתים למאפים 28,,500.00,יח',false,,38.90,0.0778,true,1,158602
7290110320935,false,גבינת מוצרלה תנובה 150ג' פרוסות,תנובה מחלבת תל יוסף,IL,פרוסות מוצרלה 150 גר,,150.00,יח',false,,19.90,0.1327,true,1,158603
7290110321277,false,קוטג' בקטנה % 5 100 ג' תנובה,פארייפאבה אגרואינדוס,IL,קוטג' תנובה בקטנה 5,,100.00,יח',false,,2.90,0.0290,true,1,165604
7290110321284,false,קוטג' בקטנה 9% 100 ג' תנובה,פארייפאבה אגרואינדוס,IL,קוטג' תנובה בקטנה 9,,100.00,יח',false,,2.90,0.0290,true,1,165605
7290110321697,false,יופלה גו בטעם אפרסק,מיוצר עי קונדיטוריית,IL,יופלה גו בטעם אפרסק,,200.00,,false,,6.20,0.0310,true,1,169163
7290110322014,false,טופו טבעי ALTERNATIVE 300 גרם,שוורצקוף& הנקל דיסלד,IL,טופו טבעי 300 גרם,,300.00,יח',false,,14.50,0.0483,true,1,182740
7290110322946,false,יופלה טיוב יוגורט במרקם חלק בטעם תות בננה כשרות רבנות 348 ג',,,יופלה טיוב יוגורט במ,,348.00,,false,,14.90,0.0428,true,1,192494
7290110323097,false,מעדן גבינה עם תות 5% שומן 80 ג' תנובה,,,תאומים 80 גרם גביע ב,,80.00,יח',false,,2.00,0.0250,true,1,194738
7290110323301,false,טל העמק בסגנון אמנטל 32% שומן 200 גרם,תנובה,IL,גבינת עמק טל 32% שומ,,200.00,יח',false,,21.90,0.1095,true,1,195718
7290110323585,false,יופלה יוגורט עם דובדבן מופחת קלוריות 200 ג' GO,,IL,יופלה GO לייט עם דוב,,200.00,יח',false,,6.20,0.0310,true,1,194473
7290110323592,false,יופלה יוגורט עם אפרסק מופחת קלוריות 200 ג' GO,,IL,יופלה GO לייט עם אפר,,200.00,100 גרם,false,,6.20,0.0310,true,1,194474
7290110323714,false,משקה קוקוס שקדים 1 ל' ALTERNATIVE,מיוצר עי קונדיטוריית,IL,תנובה משקה קוקוס שקד,יחידה,0.00,יחידה,false,,15.90,0.0000,true,1,195719
7290110324070,false,גבינת חלומי מחלב בקר 22%שומן 200גר,"תנובה בע""מ",IL,גבינת חלומי מחלב בקר,,200.00,יח',false,,19.90,0.0995,true,1,246997
7290110324551,false,יופלה טיוב יוגורט במרקם חלק בטעם תות 348 ג',,IL,יופלה טיוב יוגורט במ,,348.00,,false,,14.90,0.0428,true,1,200179
7290110324711,false,"ממרח סויה בסגנון גבינה טעם טבעי בד""צ",מיוצר עי קונדיטוריית,IL,ממרח סויה 9% בטעם טב,,250.00,יח',false,,10.90,0.0436,true,1,202604
7290110324858,false,מעדן שקדים בטעם אגוזי לוז 125 גרם,תנובה בעמ,IL,מעדן שקדים בטעם אגוז,,125.00,יח',false,,4.90,0.0392,true,1,258180
7290110324872,false,גלבוע גבינה פרוסה 5%,תנובה,IL,גלבוע גבינה פרוסה 5%,,200.00,יח',false,,20.90,0.1045,true,1,257853
7290110324926,false,משקה סויה ללא תוספת סוכר 1 ליטר,"תנובה בע""מ",IL,משקה סויה ללא תוספת,יחידה,0.00,יחידה,false,,13.50,0.0000,true,1,246622
7290110325114,false,משקה יוגורט גו לייט תות בננה 250 מל,מיוצר עי קונדיטוריית,IL,יופלה משקה יוגורט גו,,250.00,,false,,7.90,0.0316,true,1,217890
7290110325121,false,משקה יוגורט יופלה גו לייט מנגו אננס,"תנובה בע""מ",IL,יופלה משקה יוגורט גו,,250.00,"100 מ""ל",false,,7.90,0.0316,true,1,217891
7290110325312,false,מעדן סויה גו 20 גרם חלבון בטעם תות,"תנובה בע""מ",IL,יופלה סויה גו 20 גרם,,200.00,יח',false,,6.20,0.0310,true,1,250603
7290110325619,false,אלטרנטיב משקה שיבולת שועל 1 ליטר,מיוצר עי קונדיטוריית,IL,תנובה משקה שיבולת שו,יחידה,0.00,יחידה,false,,15.90,0.0000,true,1,260868
7290110325879,false,פתיתי גאודה 200 ג' תנובה,תנובה,IL,פתיתי גאודה 200 גרם,,200.00,יח',false,,19.90,0.0995,true,1,276258
7290110325893,false,תנובה GO אייס קפה 340 מל' 27 גרם חלבון,מיוצר עי קונדיטוריית,IL,משקה תנובה GO אייס ק,,340.00,יח',false,,7.90,0.0232,true,1,260870
7290110326173,false,YOLO NUTS מעדן שוקולד בתוספת עוגיות 120 גרם,תנובה,IL,יולו קוקיז ש.לבן בטע,,120.00,יח',false,,5.60,0.0467,true,1,284645
7290110326210,false,יופלה און טופ פצפוצים 157 גרם,מיוצר עי קונדיטוריית,IL,יופלה און טופ פצפוצי,,157.00,יח',false,,5.90,0.0376,true,1,276206
7290110326227,false,יוגורט און טופ קורנפלקס 157 ג' יופלה,מיוצר עי קונדיטוריית,IL,יופלה און טופ קורנפל,,157.00,יח',false,,5.90,0.0376,true,1,276225
7290110326234,false,יוגורט און טופ כוכבים 157 ג' יופלה,מיוצר עי קונדיטוריית,IL,יופלה און טופ כוכבים,,157.00,100 גרם,false,,5.90,0.0376,true,1,276226
7290110326241,false,ייופלה און טופ גרנולה 157 גרם,מיוצר עי קונדיטוריית,IL,יופלה און טופ גרנולה,יחידה,157.00,יחידה,false,,5.90,0.0376,true,1,276227
7290110326906,false,חלב טרי נטול לקטוז 3% 1 ליטר,מיוצר עי קונדיטוריית,IL,חלב נטול לקטוז 3% שו,ליטרים,1.00,ליטר,false,,7.90,7.9000,true,1,327789
7290110327514,false,משקה שיבולת שועל בטעם אגוזי לוז 1 ל' alternative,תנובה,IL,משקה שיבולת שועל בטע,יחידה,0.00,יחידה,false,,15.90,0.0000,true,1,382517
7290110328016,false,משקה סויה מועשר בחלבון בטעם אגוזי לוז 250ג',שוורצקוף& הנקל דיסלד,IL,משקה סויה מעושר בחלב,,250.00,יח',false,,6.90,0.0276,true,1,339615
7290110328023,false,משקה סויה מועשר בחלבון בטעם קפה 250 גרם,סוי מג'ק,IL,משקה סויה מעושר בחלב,,250.00,יח',false,,6.90,0.0276,true,1,339616
7290110328221,false,יוגורט תנובה נטול לקטוז 200 ג',מיוצר עי קונדיטוריית,IL,יוגורט תנובה נטול לק,,200.00,יח',false,,4.90,0.0245,true,1,346751
7290110328436,false,פלח גאודה בטעם מעודן עיזים 29% קולקשין,"תנובה בע""מ",IL,פלח גאודה עיזים בטעם,,150.00,יח',false,,22.90,0.1527,true,1,355894
7290110328474,false,פלח פרמג'יאנו רג'יאנו 150 גרם,מנדלז סי.אר. פרודקשן,IT,פלח פרמג'יאנו רג'יאנ,,150.00,יח',false,,27.90,0.1860,true,1,355908
7290110328627,false,יוגורט סמיך 0% בננה קרמל יופלה 200 ג' GO,מיוצר עי קונדיטוריית,IL,יוגורט גו סמיך 0% בנ,,200.00,יח',false,,6.20,0.0310,true,1,371878
7290110328764,false,יוגורט סמיך 0% תות יופלה 200 ג' GO,מיוצר עי קונדיטוריית,IL,יוגורט גו סמיך 0% תו,,200.00,יח',false,,6.20,0.0310,true,1,371895
7290110328771,false,יוגורט סמיך 0% פירות יער יופלה 200 ג' GO,מיוצר עי קונדיטוריית,IL,יוגורט גו סמיך 0% פי,,200.00,יח',false,,6.20,0.0310,true,1,371879
7290110329136,false,מעדן חלב מעושר בחלבון בטעם שוקולד 120 ג' GO,"תנובה בע""מ",IL,מעדן חלב גו בטעם שוק,,120.00,יח',false,,4.90,0.0408,true,1,421999
7290110329143,false,מעדן חלב מעושר בחלבון בטעם וניל גביע 120 ג' GO,"תנובה בע""מ",IL,מעדן חלב גו בטעם וני,,120.00,יח',false,,4.90,0.0408,true,1,421969
7290110329303,false,פרוסות בטעם צהובה קלאסית אלטרנטיב 200 גר,תנובה,IL,פרוסות צהובה קלאסית,,200.00,יח',false,,22.90,0.1145,true,1,422014
7290110329792,false,יוגורט סויה BIO Alternative אפרסק 150 ג' תנובה,מיוצר עי קונדיטוריית,IL,סויה BIO אפרסק גביע,,150.00,יח',false,,5.80,0.0387,true,1,444386
7290110329808,false,יוגורט סויה BIO Alternative תות 150 ג' תנובה,מיוצר עי קונדיטוריית,IL,סויה BIO תות גביע 15,,150.00,יח',false,,5.80,0.0387,true,1,444387
7290110329822,false,יוגורט סויה BIO Alternative פירות יער 150 ג' תנובה,מיוצר עי קונדיטוריית,IL,סויה BIO פירות יער ג,,150.00,יח',false,,5.80,0.0387,true,1,444389
7290110550219,false,מטבעות שוקולד לבן לאפיה 400 גרם עלית,,IT,מטבעות שוקולד לבן לא,,400.00,יח',false,,31.90,0.0797,true,1,476242
7290110550370,false,פריכיות משולשות קינואה ופלפל 65 גרם,,,אנרגי פריכיות משולשו,,65.00,יח',false,,12.90,0.1985,true,1,540727
7290110552220,false,יוגורט פרו בטעם תות ללא סוכר 200 ג' דנונה,"שטראוס בריאות בע""מ",IL,דנונה PRO 20 גרם חלב,,200.00,100 גרם,false,,6.90,0.0345,true,1,438147
7290110552237,false,יוגורט פרו בטעם אפרסק מנגו ללא סוכר 200 ג' דנונה,"שטראוס בריאות בע""מ",IL,דנונה PRO 20 גרם חלב,,200.00,100 גרם,false,,6.90,0.0345,true,1,438132
7290110553104,false,נסקפה קפוצ'ינו סטיק קלאסי 130 ג' עלית,,IL,נמס קפוצינו -אבקה לה,,130.00,יח',false,,17.90,0.1377,true,1,549294
7290110553425,false,קפה נמס 200 גרם +20% תוספת עלית,,IL,קפה נמס עלית פחית מו,,240.00,יח',false,,22.90,0.0954,true,1,442534
7290110554583,false,מארז צ'יטוס פאפס גבינה 10 יח' *20 ג',,IL,מארז צ'יטוס PUFFS בט,,200.00,100 גרם,false,,13.90,0.0695,true,1,430950
7290110554729,false,קפסולות עלית אספרסו 04 תואמות למכונות NESPRESSO,,,עלית קפסולות אספרסו,,50.00,100 גרם,false,,19.90,0.3980,true,1,483858
7290110555009,false,פאסטה זוג מחית עגבניות 700 גרם יד מרדכי,,IT,פסאטה זוגות 700 גרם,,700.00,יח',false,,13.90,0.0199,true,1,524651
7290110555603,false,אבקת שוקולוטה ספלנדיד 360 גרם עלית,"ג'אלוסיס י. בע""מ",GR,אבקה להכנת שוקולטה ס,,360.00,100 גרם,false,,23.90,0.0664,true,1,550701
7290110556242,false,עלית - שוקולד מריר פרווה בדץ 100 גרם,"שטראוס גרופ בע""מ.",FR,שוקולד מריר מעולה 10,,100.00,100 גרם,false,,6.00,0.0600,true,1,528990
7290110557027,false,חומוס עשיר 50% טחינה גולמית 400 ג' אחלה,מיוצר עי קונדיטוריית,IL,חומוס הסדרה עשיר ב50,,400.00,יח',false,,15.90,0.0398,true,1,421166
7290110557102,false,מעדן חלב עם שוקולד מועשר בחלבון 150 ג' שטראוס,מיוצר עי קונדיטוריית,IL,מעדן פרו חלב עם שוקו,,150.00,100 גרם,false,,5.90,0.0393,true,1,406087
7290110557133,false,מעדן הגולן וניל 125 ג' שטראוס,מיוצר עי קונדיטוריית,IL,מעדן הגולן מעדן חלב,,125.00,100 גרם,false,,3.50,0.0280,true,1,416056
7290110557478,false,סלט חומוס גלילי אחלה 600 גרם,,,חומוס גלילי אחלה 60,,600.00,יח',false,,14.90,0.0248,true,1,466676
7290110558239,false,"וואו יוגורט עם שכבה בטעם קראק פאי 5.4%, 150 ג דנונה","שטראוס בריאות בע""מ",IL,WOW יוגורט בטעם קראק,,150.00,100 גרם,false,,4.90,0.0327,true,1,503716
7290110558284,false,יוגורט ביו מולטי 200 ג' דנונה,"שטראוס בריאות בע""מ",IL,דנונה מולטי 3% שומן,,200.00,"100 מ""ל",false,,4.50,0.0225,true,1,496036
7290110558307,false,דנונה פרו 20 גר' חלבון עם שיבולת שועל 200 גרם,"שטראוס בריאות בע""מ",IL,דנונה פרו עם שיבולת,,200.00,,false,,6.90,0.0345,true,1,484875
7290110558338,false,דנונה פרו 25 ג' חלבון 200 ג' שטראוס,"שטראוס בריאות בע""מ",IL,דנונה פרו 25 גרם חלב,,200.00,,false,,6.90,0.0345,true,1,484876
7290110558741,false,"גמדים פאוץ תפוח בננה, 100 ג' שטראוס","שטראוס בריאות בע""מ",IL,גמדים לדרך תפוח ובננ,,100.00,יח',false,,5.90,0.0590,true,1,552628
7290110560300,false,פריכיות משולשות אנרגי פלפל שחור 30 גר,שטראוס,IL,פריכיות משולשות פלפל,,30.00,100 גרם,false,,6.20,0.2067,true,1,194953
7290110560317,false,פריכיות משולשות מלח ים 30 ג' הטעימות,"פרח תעשיו מזון בע""מ",IL,פריכיות משולשות מלח,,30.00,100 גרם,false,,6.20,0.2067,true,1,194954
7290110560324,false,פריכיות משולשות אפונה ירוקה 30 ג' הטעימות,"פרח תעשיו מזון בע""מ",IL,פריכיות משולשות אפונ,,30.00,100 גרם,false,,6.20,0.2067,true,1,194955
7290110560836,false,מילקי פסק זמן מהדרין 133ג',מיוצר עי קונדיטוריית,IL,מילקי בטעם פסק זמן 1,,170.00,"100 מ""ל",false,,2.90,0.0171,true,1,180179
7290110561352,false,דנונה יוגורט ביו פרוביוטי 3% דל לקטוז 150ג',"שטראוס בריאות בע""מ",IL,דנונה ביו דל לקטוז ב,,200.00,100 גרם,false,,3.90,0.0195,true,1,182217
7290110561604,false,גמדים מעדן תות בננה מעורב מארז 100x8ג',,IL,שמיניית גמדים תות בנ,,800.00,100 גרם,false,,19.90,0.0249,true,1,170709
7290110563462,false,חלב בבקבוק נטול לקטוז 2% יטבתה 1 ל',מחלבת יטבתה,IL,יטבתה חלב בבקבוק נטו,ליטרים,1.00,ליטר,false,,8.90,8.9000,true,1,198251
7290110564339,false,חומוס אחלה הסידרה המובחר 30% טחינה 400 גר',מיוצר עי קונדיטוריית,IL,חומוס הסדרה המובחרת,,400.00,יח',false,,15.90,0.0398,true,1,170619
7290110564360,false,חומוס אחלה הסידרה המובחר 40% טחינה 400 גר',מיוצר עי קונדיטוריית,IL,חומוס אחלה עשיר ב 40,,400.00,יח',false,,15.90,0.0398,true,1,170620
7290110564742,false,"משקה קפה קר בסגנון חזק 230 מ""ל 1.2% יוטבתה",האי נאם סי או אל.טי.,AT,יטבתה משקה קפה קר בס,,230.00,"100 מ""ל",false,,7.90,0.0343,true,1,196843
7290110565527,false,דנונה פרו 1.5% יוגורט 20ג' חלבון 200ג',"שטראוס בריאות בע""מ",IL,דנונה PRO 20 גרם חלב,,200.00,100 גרם,false,,6.90,0.0345,true,1,164467
7290110566975,false,דנונה פרו יוגורט 0% תות עשיר בחלבון 200ג',"שטראוס בריאות בע""מ",IL,דנונה PRO 20 גרם חלב,,200.00,100 גרם,false,,6.90,0.0345,true,1,182259
7290110568238,false,"קצפת צמחית 21% שומן 250 מ""ל יוטבתה",מחלבת יטבתה,IL,קצפת צימחית 21% במתי,,250.00,,false,,8.90,0.0356,true,1,186418
7290110568276,false,"משקה פרו וניל 350 מ""ל יוטבתה",מילקוורק,IL,משקה פרו וניל יטבתה,,350.00,"100 מ""ל",false,,6.90,0.0197,true,1,183618
7290110568559,false,דוריטוס עלית מארז חמוץ חריף 10 יח' *25 ג',שטראוס פריטוליי,IL,מארז דוריטוס חמוץ חר,,250.00,יח',false,,15.90,0.0636,true,1,186034
7290110568627,false,עלית - פסק זמן רול שוקולד חלב עם קרם אגוזים 26 גרם,,TR,פסק זמן רול ש.חלב עם,,28.00,יח',false,,4.90,0.1750,true,1,276703
7290110568924,false,עלית - פסק זמן רול שוקולד חלב עם קרם חלב וקוקוס 26 גרם,,TR,פסק זמן רול ש.חלב עם,,26.00,יח',false,,4.90,0.1885,true,1,280011
7290110570125,false,"משקה קפה קר בטעם אייריש קרים230 מ""ל יוטבתה",אנסטל מילק kg,AT,קפה קר אייריש קרים 2,,230.00,"100 מ""ל",false,,7.90,0.0343,true,1,531210
7290110571375,false,אנרג'י מיקס צימוקים תמרים טופי ופקאן 100 ג שטראוס,,,מיקס מאגדת צימוקים ת,,100.00,יח',false,,18.90,0.1890,true,1,503870
7290110571382,false,מעדן חלב בטעם וניל מעושר בחלבון 150 ג' שטראוס,"שטראוס בריאות בע""מ",IL,מעדן חלב מועשר בחלבו,,150.00,יח',false,,5.50,0.0367,true,1,471641
7290110571405,false,עלית - מיני פינוקיות בגביע פסק זמן 180 גרם,הגביע מוצרי ופלים בע,IL,מיני פינוקיות פסק זמ,,180.00,יח',false,,11.90,0.0661,true,1,549181
7290110571412,false,עלית - מיני פינוקיות בגביע פאדג' 180 גרם,הגביע מוצרי ופלים בע,IL,מיני פינוקיות בגביע,,180.00,יח',false,,11.90,0.0661,true,1,549165
7290110571535,false,מארז קפה טורקי הל 3*100 ג' עלית,,IL,קפה עלית טורקי הל מא,,300.00,יח',false,,27.90,0.0930,true,1,476188
7290110572129,false,כיף כף מקלות שוקולד לבן 40 ג' עלית,,,כיף כף מקלות שוקולד,,40.00,100 גרם,false,,5.90,0.1475,true,1,551804
7290110572884,false,"קפסולות קפה מספר 20 למכונת אספרס אספרסו, 50 גרם",שטראוס קפה בי.וי.,IL,קפסולות אספרסו קפה ע,,50.00,יח',false,,19.90,0.3980,true,1,549342
7290110572969,false,כיף כף פצפצים עקרם לבן 40ג' עלית,שולן צ'יקולטה גידה ס,TR,כיף כף פצפצים קרם לב,,40.00,100 גרם,false,,5.90,0.1475,true,1,503822
7290110572976,false,כיף כף פצפצים קרם לבן 135 ג עלית,שולן צ'יקולטה גידה ס,TR,כיף כף פצפצים קרם לב,,135.00,100 גרם,false,,12.90,0.0956,true,1,503763
7290110574413,false,עלית - פופקורן בטעם טעמי 70 גרם,סראנו בעבור שטראוס,קפריסין,נשנושי פופקורן מתוק,,70.00,יח',false,,8.90,0.1271,true,1,557447
7290110574420,false,עלית - פופקורן בטעם פסק זמן 70 גרם,סראנו בעבור שטראוס,קפריסין,נשנושי פופקורן מתוק,,70.00,יח',false,,8.90,0.1271,true,1,557448
7290110576318,false,מאגדת שלישיית שוקולד אגוז לבן 300 ג' עלית,דיפה,FR,מארז שלישיית אגוז ל,,300.00,100 גרם,false,,27.90,0.0930,true,1,532218
7290110576370,false,מאגדת שלישיית שוקולד אגוז מריר 300 ג' עלית,דיפה,FR,מארז שלישיית אגוז מ,,300.00,100 גרם,false,,27.90,0.0930,true,1,532219
7290110576752,false,טבלאות שוקולד ספלנדיד מריר 70% 100 ג' עלית,קימ'ס גריפלנן,BE,שוקולד ספלנדיד מריר,,100.00,100 גרם,false,,12.90,0.1290,true,1,549435
7290110576776,false,טבלאות שוקולד ספלנדיד מריר 85% 100 ג' עלית,קימ'ס גריפלנן,BE,שוקולד ספלנדיד מריר,,100.00,100 גרם,false,,12.90,0.1290,true,1,549436
7290110576790,false,סקי בטעם מוקה 125 ג' שטראוס,"שטראוס בריאות בע""מ",IL,מעדן גבינה בטעם מוקה,,125.00,100 גרם,false,,3.90,0.0312,true,1,531226
7290110576851,false,מארז 8 גמדים שתיה סלט פירות 864 גרם,שטראוס,IL,מארז גמדים לשתייה ס,,864.00,,false,,20.90,0.0242,true,1,532929
7290110576868,false,רבעיית גמדים סלט פירוט * 100 ג' שטראוס,שטראוס,IL,גמדים סלט פירות רביע,,400.00,"100 מ""ל",false,,12.90,0.0323,true,1,532960
7290111093005,false,"I-CARE מג'להסרת איפור, 25 יח בפלופק",די פי אל,IL,מגבונים להסרת איפור,יחידה,0.00,יחידה,false,,8.90,0.0000,true,1,195900
7290111093982,false,טרופיקל תחליב רחצה פסיפלורה ואינקה אינצ'י דר עור,,,תחליב רחצה פסיפלורה,,700.00,,false,,20.90,0.0299,true,1,533293
7290111094392,false,"טרופיקל תחליב רחצה קוקוס וליים 700 מ""ל דר עור",,,תחליב רחצה קוקוס ולי,,700.00,,false,,20.90,0.0299,true,1,533294
7290111097041,false,בייביסיטר מגבונים לח,,,בייביסיטר מגבונים לח,יחידה,0.00,יחידה,false,,22.90,0.0000,true,1,380374
7290111098536,false,מגבונים לחים לתינוק,,,מגבונים לחים לתינוק,יחידה,0.00,יחידה,false,,14.90,0.0000,true,1,469778
7290111285288,false,צלחת במבוק 9 ספיידרמן,,,צלחת במבוק 9 אנץ,יחידה,0.00,יחידה,false,,10.90,0.0000,true,1,184068
7290111285370,false,קערה במבוק ספיידרמן.,,,קערה במבוק ספיידרמן.,יחידה,0.00,יחידה,false,,9.90,0.0000,true,1,184069
7290111341984,false,לילי - מגבוני נייר טואלט לח פיור רביעייה,קימברלי,IL,לילי טואלט לח PURE מ,יחידה,0.00,יחידה,false,,22.90,0.0000,true,1,249366
7290111342004,false,נייר טואלט לח לילי קידס 56 דפים,,IL,לילי נייר טואלט לח ק,יחידה,0.00,יחידה,false,,8.90,0.0000,true,1,201923
7290111342042,false,כריות יפניות ניקול לניקוי אנטיבקטריאלי 4,סנו,IL,כריות יפניות אנטיבקט,יחידה,0.00,יחידה,false,,14.90,0.0000,true,1,264574
7290111342523,false,מפיות אירוח לשימוש יומיומי ניקול 100 יח,,IL,מפיות צבעוני ניקול 1,יחידה,0.00,יחידה,false,,8.90,0.0000,true,1,266664
7290111342738,false,לילי - מגבוני נייר טואלט לח קידס רביעייה,,IL,לילי טואלט לח KIDS מ,יחידה,0.00,יחידה,false,,22.90,0.0000,true,1,265076
7290111343117,false,ממחטות אף קלינקס לושן סופט פק 140 דף,קימברלי,IL,טישו לושן סופט קליני,יחידה,0.00,יחידה,false,,14.90,0.0000,true,1,320724
7290111343827,false,ניקול מטליות רב שימושיות לניקוי וקרצוף 6 יח',UFO,IL,ניקול מטליות רב שימו,,9.00,,false,,10.90,1.2111,true,1,305380
7290111344206,false,האגיס נטורל קר מגבונים לחים בבישום עדין רביעייה,קימברלי,IL,מגבוני האגיס נטורל ק,יחידה,0.00,יחידה,false,,21.90,0.0000,true,1,414515
7290111344459,false,קוטוקס תחבושות נייט אקסטרא לונג 20 יח',,GB,תחבושות נייט אקסטרא,,18.00,יח',false,,20.90,1.1611,true,1,407943
7290111344503,false,חיתולי האגיס אקסטרה קייר מידה +4 36 יח',,CZ,האגיס אקסטרה קר מידה,יחידה,0.00,יחידה,false,,57.90,0.0000,true,1,358177
7290111344527,false,זוג שקיות אשפה ניקול שחורות XXL 10 יח,,IL,שקיות אשפה ניקול XXL,יחידה,0.00,יחידה,false,,30.90,0.0000,true,1,359669
7290111344855,false,קוטקס - מגיני יום אקסטרא פרוטקט לארג' ביג 52 יח',,CN,מגיני תחתון סופר פרו,יחידה,0.00,יחידה,false,,18.90,0.0000,true,1,431437
7290111345821,false,נייר טואלט לילי לבן גמבו 16 גל=32 גל,קימברלי,IL,נייר טואלט נטורל קר,,16.00,יח',false,,35.90,2.2437,true,1,431496
7290111346293,false,מגבות ניקול שישייה מהדורה חגיגית,חוגלה,IL,מגבות מטבח ניקול לבנ,,64.80,מטר,false,,12.90,0.1991,true,1,485150
7290111350030,false,רסק תפוחי עץ טבעי בצנצנת 670 גרם קלית גת,טעמי הגליל,IL,רסק תפוחי עץ טבעי קל,,670.00,יח',false,,12.90,0.0193,true,1,68394
7290111352973,false,יוגטה קוביות חמוצות 220 גרם ללא ג'לטין,סאדאט,IL,יוגטה קוביות חמוציות,,220.00,יח',false,,7.90,0.0359,true,1,305206
7290111353109,false,סוכריות גומי נחשים מבריק יוגטה 200 גר,סאדת,TR,יוגטה סוכריות גומי נ,,200.00,יח',false,,10.90,0.0545,true,1,320498
7290111353550,false,ממרח חמאת בוטנים טבעית 300 גרם,,,חמאת בוטנים טבעית קל,,300.00,יח',false,,16.90,0.0563,true,1,503569
7290111353680,false,גרעיני חמנייה 350 גר,,,גרעיני חמנייה 350 גר,,350.00,יח',false,,12.90,0.0369,true,1,364436
7290111354748,false,כדורגל קליית גת מתנה,,CN,כדורגל קליית גת מתנה,יחידה,0.00,יחידה,false,,0.01,0.0000,true,1,540301
7290111563492,false,סלטי צבר מטבוחה חריפה מרובע 6*400גרם,סלטי צבר,IL,צבר מרובע מטבוחה חר,,400.00,יח',false,,14.90,0.0373,true,1,179280
7290111564277,false,פריכיות פיטנס שלושה דגנים דקות 120 גר,PT,IL,פריכיות 3 דגנים דקות,,120.00,יח',false,,12.90,0.1075,true,1,145827
7290111564291,false,פריכיות דקות משלושה דגנים וקינואה,PT,IL,פריכיות קינואה דקות,,120.00,יח',false,,12.90,0.1075,true,1,145828
7290111566127,false,מאגדת אוראו מיני סנדוויץ' 6 יח' נסטלה,ג'נרל מילס סאן אדריא,IT,אוראו מאגדת סנדביץ 6,,198.00,יח',false,,28.90,0.1460,true,1,170185
7290111566271,false,טבעול חטיפי תירס 657 גר',טבעול,IL,חטיפי תירס טבעול 65,,657.00,יח',false,,36.90,0.0562,true,1,177258
7290111566332,false,טבעול נקניקיות וינר צמחוניות 680 גר',טבעול,IL,נקניקיה וינר 680 גר,,680.00,יח',false,,37.90,0.0557,true,1,177261
7290111566547,false,טבעול חזה בגריל צמחוני 99 קלוריות 560ג',טבעול ישראל,IL,חזה בגריל מו הצומח,,560.00,יח',false,,37.90,0.0677,true,1,170506
7290111566714,false,טבעול המבורגר צמחוני 99 קלוריות 600 גר',טבעול,IL,המבורגר מן הצומח 6,,600.00,יח',false,,37.90,0.0632,true,1,177268
7290111568275,false,אטריות נודלס אורז רחבות אסם אסייתי 300גרם,תאי פרזידנט,TH,נודלס אטריות אורז רח,,300.00,יח',false,,10.90,0.0363,true,1,184058
7290111879074,false,בקבוק טריטן מרובע 60,,,בקבוק טריטן מרובע 60,יחידה,0.00,יחידה,false,,24.90,0.0000,true,1,184767
7290111930805,false,קראנצ'וס טעם ברביקיו 55 גר',חברת מנה בעמ,IL,קראנצו'ס ברביקיו 55,,55.00,יח',false,,3.90,0.0709,true,1,153683
7290111930911,false,חטיף פוף לבבות קלאסי 40 גרם,מנה,IL,פוף לבבות קלאסי 40 ג,,40.00,יח',false,,4.90,0.1225,true,1,161230
7290111930928,false,חטיף פוף לבבות גריל 40 גרם,מנה,IL,"פוף לבבות גריל 40 ג""",,40.00,יח',false,,4.90,0.1225,true,1,161231
7290111932380,false,"זוג מרידול משחת שיניים 75 מ""ל כשל""פ",,PL,מרידול משחות שיניים,,150.00,יח',false,,32.90,0.2193,true,1,170172
7290111933462,false,"רוטב צ'ילי מתוק מאסטר שף 300 מ""ל",,,רוטב צ'ילי מתוק 300,,300.00,,false,,10.90,0.0363,true,1,174108
7290111933554,false,עגבניות קוביות שלישיה * 400 ג' מאסטר שף,,IT,עגבניות קוביות מאסטר,קילוגרמים,1.20,"ק""ג",false,,18.90,15.7500,true,1,192121
7290111934827,false,"סבון ידיים פלמוליב היגיינה 300 מ""ל",פלמוליב,TR,פלמוליב סבון ידיים ה,,300.00,,false,,10.90,0.0363,true,1,200868
7290111935527,false,"קולגייט זוג משחת שיניים טוטל קלין מינט 100 מ""ל",,PL,קולגייט טוטל קלין מי,,200.00,,false,,29.90,0.1495,true,1,196664
7290111935961,false,מאסטר שף מחית עגבניות 690 גרם,,,מחית עגבניות מאסטר ש,,690.00,יח',false,,10.90,0.0158,true,1,200952
7290111938481,false,"רוטב סויה בהירה מאסטר שף 300 מ""ל",,TH,רוטב סויה בהירה מ.שף,,300.00,,false,,11.90,0.0397,true,1,290508
7290112000736,false,AIO טבליות פיניש 80 יחידות,,,פיניש הכל ב-1 80 טבל,יחידה,0.00,יחידה,false,,61.90,0.0000,true,1,184336
7290112001238,false,"מנקה מכונת כביסה קולון לימון 250 מ""ל",,ES,מנקה מכונות כביסה קו,יחידה,0.00,יחידה,false,,23.90,0.0000,true,1,195416
7290112002112,false,ג'ל קולון ורוד בניחוח ורדים 2.5 ליטר,רקיט בנקיזר,IL,קולון ג'ל 2.5 ליטר ב,ליטרים,2.50,ליטר,false,,30.90,12.3600,true,1,244134
7290112002129,false,קולון ג'ל 2.5 ליטר בניחוח מרענן ירוק,,IL,קולון ג'ל 2.5 ליטר ב,ליטרים,2.50,ליטר,false,,30.90,12.3600,true,1,244135
7290112002136,false,גל כביסה קולון מרוכז כחול 4 ל,,IL,קולון ג'ל 4 ליטר רגי,ליטרים,4.00,ליטר,false,,38.90,9.7250,true,1,244136
7290112002143,false,גל כביסה קולון מרוכז סגול 4 ל,,IL,קולון ג'ל 4 ליטר ליל,ליטרים,4.00,ליטר,false,,38.90,9.7250,true,1,244137
7290112002150,false,קולון ג'ל 4 ליטר בניחוח ורדים,,IL,קולון ג'ל 4 ליטר בני,ליטרים,4.00,ליטר,false,,38.90,9.7250,true,1,244138
7290112002167,false,ג'ל כביסה פריחה מרענן ירוק 4 ל' קולון,,IL,קולון ג'ל 4 ליטר בני,ליטרים,4.00,ליטר,false,,38.90,9.7250,true,1,244139
7290112003072,false,מבשם בדים משב רוח ים,,,מבשם בדים משב רוח ים,,300.00,,false,,25.90,0.0863,true,1,327944
7290112003140,false,"אירוויק ספרי אוטמטי מילוי מנגו מרענן 250 מ""ל",,,איירוויק פרשמטיק מיל,,250.00,,false,,15.90,0.0636,true,1,287726
7290112003959,false,וניש מסיר כתמים אבקה לכביסה צבעונית 470 גרם,רקיט בנקיזר,IT,וניש מסיר כתמים אבקה,,470.00,,false,,17.90,0.0381,true,1,388871
7290112004703,false,ג'ל וניש שקוף לכביסה צבעונית ועדינה 750מל',,IT,וניש מסיר כתמים ג'לי,,750.00,,false,,21.90,0.0292,true,1,551243
7290112004710,false,"ג'ל וניש שקוף לכביסה לבנה ועדינה 750 מ""ל",,IT,וניש מסיר כתמים ג'לי,,750.00,,false,,21.90,0.0292,true,1,551244
7290112005045,false,וניש מסיר כתמים אבקה לכביסה לבנה 480 גרם,רקיט בנקיזר,IT,וניש אבקה לכביסה לבנ,,480.00,,false,,17.90,0.0373,true,1,504358
7290112005083,false,וניש אבקה ורודה מולטי פאואר 1.5קג,,IT,וניש אבקה לכביסה צבע,,1.50,,false,,42.90,28.6000,true,1,504328
7290112191274,false,טורטיה מקמח חיטה 780גרם 12 יחידות,,,12 טורטיות מקמח חיט,,780.00,יח',false,,14.90,0.0191,true,1,197163
7290112195579,false,שמן זית איטליה 750 מ,,,שמן זית איטליה 750 מ,,750.00,,false,,35.90,0.0479,true,1,426146
7290112330352,false,יוגורט פרו 20 ג' וניל 0% שומן 200 ג' דנונה,"שטראוס בריאות בע""מ",IL,דנונה פרו 20 גר וניל,,200.00,100 גרם,false,,6.90,0.0345,true,1,201083
7290112330390,false,יוגורט פרו פירות יער 0% שומן 200 ג' דנונה,"שטראוס בריאות בע""מ",IL,דנונה פרו 20 גר פירו,,200.00,100 גרם,false,,6.90,0.0345,true,1,201084
7290112332585,false,"פריכיות תפו""א, אורז בתיבול סלק ומלח חי 30 גר'","פרח תעשיו מזון בע""מ",IL,"פריכיות הטעימות תפו""",,30.00,100 גרם,false,,6.20,0.2067,true,1,202666
7290112332691,false,פינוקיות עוגיות קרם פסק זמן אגוזים 200 גרם,הגביע מוצרי ופלים בע,IL,פינוקיות עוגיית קרם,,200.00,100 גרם,false,,13.90,0.0695,true,1,204770
7290112334596,false,אבקה להכנת שוקו 850,,,אבקה להכנת שוקו 850,,935.00,יח',false,,18.90,0.0202,true,1,553918
7290112334749,false,קפה טורקי שקית 10% תוספת 200 ג' עלית,שטראוס קפה בי.וי,IL,עלית טורקי שקית 200,,220.00,יח',false,,18.90,0.0859,true,1,203229
7290112335487,false,פריכיות הטעימות קצח ודגנים אנרגי 135 גר,פרח תעשיות,IL,פריכיות הטעימות קצח,,135.00,יח',false,,13.90,0.1030,true,1,202229
7290112335500,false,פריכיות הטעימות חלבון אנרגי 135 גר,קדבורי,IL,פריכיות הטעימות עשיר,,135.00,יח',false,,13.90,0.1030,true,1,202231
7290112336637,false,סוכריות מאסט ללא סוכר תות אוכמניות 80 ג' עלית,מיישקו,PL,"סוכריות מאסט לל""ס יו",,80.00,יח',false,,8.90,0.1113,true,1,244926
7290112336644,false,סוכריות מאסט ללא סוכר לימון 80 ג' עלית,פלזנסקי,PL,"סוכריות מאסט לל""ס לי",,80.00,יח',false,,8.90,0.1113,true,1,244927
7290112336712,false,דנונה פרו 21 גרם חלבון 0% 200 גר,"שטראוס בריאות בע""מ",IL,דנונה פרו 21 0% שומן,,200.00,100 גרם,false,,6.90,0.0345,true,1,198255
7290112337474,false,סוכריות מאסט ללא סוכר פטל לימון 80 ג' עלית,פלזנסקי,PL,"סוכריות מאסט לל""ס פט",,80.00,יח',false,,8.90,0.1113,true,1,244928
7290112338877,false,מעדן גבינה בטעם תות 3% 125ג' סקי,"שטראוס בריאות בע""מ",IL,גבינת סקי תות 3% 125,,125.00,100 גרם,false,,3.90,0.0312,true,1,195213
7290112339171,false,מילקי מוס עם שוקולד וקצפת,מיוצר עי קונדיטוריית,IL,מילקי מוס 81 גרם.,,81.00,יח',false,,3.90,0.0481,true,1,195215
7290112339867,false,גמדים סקוויז בודד תות 100 ג',,IL,גמדים סקוויז בודד תו,,100.00,יח',false,,5.90,0.0590,true,1,196848
7290112339874,false,גמדים סקוויז בודד תות בננה 100ג' שטראוס,,IL,גמדים סקוויז בודד תו,,100.00,יח',false,,5.90,0.0590,true,1,196849
7290112340122,false,פריכיות טעימות 3 דגנים אנרגי 135 גר,פרח תעשיות,IL,פריכיות הטעימות 3 דג,,135.00,יח',false,,13.90,0.1030,true,1,202232
7290112340245,false,צנצנת מסטיק מאסט בטעם דובדבן 66 ג' עלית,"שטראוס גרופ בע""מ",IL,צנצנת מאסט בטעם דובד,,66.00,100 גרם,false,,11.90,0.1803,true,1,199070
7290112340276,false,פינוקיות עוגיות קרם קפה 200 גרם,הגביע מוצרי ופלים בע,IL,פינוקיות עוגיית קרם,,200.00,100 גרם,false,,13.90,0.0695,true,1,204771
7290112341679,false,דנונה אקטיביה 3% שומן 200 גרם,מיוצר עי קונדיטוריית,IL,דנונה אקטיביה 3% 200,,200.00,100 גרם,false,,4.50,0.0225,true,1,244113
7290112341686,false,מארז אקטיביה שמיניה 3% 150 גר*8,מיוצר עי קונדיטוריית,IL,אקטיביה מארז 3% 8*15,קילוגרמים,1.20,"ק""ג",false,,22.90,19.0833,true,1,244114
7290112342102,false,סימפוניה 5% בצל מקורמל 200 ג' שטראוס,"שטראוס בריאות בע""מ",IL,סימפוניה 5% בצל מקור,,200.00,יח',false,,12.90,0.0645,true,1,264045
7290112343260,false,יטבתה רוטב שמנת עם פטריות 9% 250 גר,,IL,יטבתה רוטב שמנת קלאס,,260.00,יח',false,,11.90,0.0458,true,1,252232
7290112343420,false,"משקה חלב עם דגנים מלאים ובננה פרו יטבתה 350מ""ל",מחלבת יטבתה,IL,משקה יטבתה פרו 20 אר,,350.00,,false,,7.90,0.0226,true,1,252235
7290112343499,false,ציטוס 55 גרם 48 יחידות puffs,"שטראוס פריטו ליי בע""",IL,ציטוס Puffs בטעם גבי,,55.00,יח',false,,3.90,0.0709,true,1,408131
7290112344724,false,מעדן בטעם שוקולד בלונדי 170 ג' מילקי,מיוצר עי קונדיטוריית,IL,מילקי בטעם שוקולד בל,,170.00,,false,,3.90,0.0229,true,1,252222
7290112344755,false,מילקי עם 26% פחות סוכר 135 גר',מיוצר עי קונדיטוריית,IL,מילקי עם 26% פחות סו,,135.00,"100 מ""ל",false,,2.90,0.0215,true,1,328707
7290112346360,false,בפלות אחת אחת בציפוי שוקולד חלב 180 ג' עלית,טוטיז-בינגו סיאי,GR,בפלות אחת אחת בציפוי,,180.00,יח',false,,15.90,0.0883,true,1,264081
7290112346537,false,עוגיות פינוקיות בטעם טורטית 200 ג' עלית,הגביע מוצרי ופלים בע,IL,פינוקיות עוגיות בטעם,,200.00,100 גרם,false,,13.90,0.0695,true,1,257200
7290112346629,false,"יוגורט עם קורנפלקס מצופה שוקולד חלב ולבן 172 מ""ל דנונה",,IL,דנונה קראנצ' עם קורנ,,172.00,"100 מ""ל",false,,4.90,0.0285,true,1,291599
7290112346773,false,יוגורט לייט אנד פריי וניל עם חלבון 150 ג' דנונה,מיוצר עי קונדיטוריית,IL,דנונה לייט אנד פריי,,150.00,,false,,4.90,0.0327,true,1,335437
7290112348142,false,שעועית לבנה מבושלת טעם הטבע 380 ג',,IT,שעועית לבנה טעם הטבע,,380.00,100 גרם,false,,7.90,0.0208,true,1,283570
7290112349606,false,מעדן גבינה ויוגורט תות בננה 88 ג' דניאלה,"שטראוס בריאות בע""מ",IL,דניאלה תות בננה 150,,150.00,,false,,4.50,0.0300,true,1,438162
7290112349705,false,פומודורו רוטב עגבניות קלאסי לפסטה 350ג' יד מרדכי,אמיליאנה קונסרב סוסי,IT,רוטב עגבניות פומודרו,,350.00,100 גרם,false,,14.10,0.0403,true,1,265270
7290112349736,false,בזיליקום רוטב עגבניות לפסטה 350 ג' יד מרדכי,אמיליאנה קונסרב סוסי,IT,רוטב עגבניות בזיליקו,,350.00,100 גרם,false,,14.10,0.0403,true,1,265271
7290112350312,false,קפסולות 15 קפה יותר למכונות נספרסו עלית 10יח',הנסיך- מפעל לייצור ט,IL,עלית קפסולות 15 למכ,,50.00,יח',false,,19.90,0.3980,true,1,314302
7290112351067,false,סילאן טבעי לחיץ יד מרדכי 630 גרם,,IL,סילאן טבעי לחיץ יד מ,,630.00,100 גרם,false,,26.90,0.0427,true,1,281357
7290112351104,false,שוקולד פרה ממולא פיצפוצי אורז 100 ג' עלית,שטראוס,IL,שוקולד פרה פיצפוצי א,,100.00,יח',false,,6.90,0.0690,true,1,288703
7290112351128,false,שוקולד פרה סוכריות קופצות 100 ג' עלית,"שטראוס גרופ בע""מ",IL,שוקולד פרה חלב סוכרי,,100.00,יח',false,,6.90,0.0690,true,1,374031
7290112353887,false,"משקה קפה קר בטעם אגוזים יטבתה 230 מ""ל",אנסטל מילק kg,AT,קפה קר יטבתה בטעם אג,,230.00,,false,,7.90,0.0343,true,1,303883
7290112354174,false,פסטה רוזה דלישס 280 גרם,גסטרונומיה פרוסט אס.,IT,פסטה רוזה שטראוס דלי,,280.00,יח',false,,22.90,0.0818,true,1,414267
7290112354211,false,פיצה מרגריטה דלישס 400 גרם,סקרלינפיצה אס. אר. א,IT,פיצה מרגריטה שטראוס,,400.00,יח',false,,27.90,0.0697,true,1,414351
7290112354228,false,פיצה מרגריטה זיתים דלישס 400 גרם,,IT,פיצה מרגריטה זיתים ש,,400.00,100 גרם,false,,27.90,0.0697,true,1,414352
7290112354952,false,תפוצ'יפס WAVY פפריקה 50 גרם,שטראוס פריטו ליי בע”,IL,תפוצ'יפס wavy פפריקה,,50.00,יח',false,,4.90,0.0980,true,1,552788
7290112355027,false,דנונה פרו 20 גרם חלבון קרמל מלוח 200 גרם,"שטראוס בריאות בע""מ",IL,דנונה פרו 20 גר' בטע,,200.00,100 גרם,false,,6.90,0.0345,true,1,328726
7290112355393,false,יטבתה רוטב שמנת עם בטטה 9% 250 גרם,מחלבת יטבתה,IL,רוטב שמנת עם בטטה 9%,,257.00,יח',false,,11.90,0.0463,true,1,532913
7290112357175,false,קפסולות בוסט למכונות נספרסו 50 גר,,IL,קפסולות BOOST למכונו,,50.00,יח',false,,19.90,0.3980,true,1,265091
7290112358004,false,חטיף פסק זמן קראנץ 32 גרם,שולן צ'יקולטה גידה ס,TR,פסק זמן קראנץ' 32 גר,,32.00,יח',false,,5.90,0.1844,true,1,346750
7290112358219,false,יד מרדכי רוטב צ'ילי מתוק 300 גרם,אף.סי תבליני בגליל ב,IL,יד מורדכי רוטב צ'ילי,,300.00,,false,,15.90,0.0530,true,1,303595
7290112358233,false,יד מרדכי רוטב צילי חריף 300גרם,,IL,יד מורדכי רוטב צ'ילי,,300.00,,false,,15.90,0.0530,true,1,343588
7290112358431,false,ביסקוויט עד חצות דאבל 200 גרם,הדקלאים אגודת שיתופי,IL,דאבל ביסקוויט עם שוק,,200.00,יח',false,,15.90,0.0795,true,1,358067
7290112490674,false,קונפיטורה דובדבן 340 גרם-צנצנת,,BE,קונפיטורה 778 דובדבן,,340.00,יח',false,,16.90,0.0497,true,1,185483
7290112493934,false,גלידה וניל צרפתי 1.33ל' קרמיסימו,"גלידת שטראוס בע""מ, ר",IL,קרמיסימו וניל 1.33 ל,ליטרים,1.33,ליטר,false,,22.90,17.2180,true,1,262441
7290112495044,false,קוקומן פצפופים בדצ 375 גרם,יוניליור שפע ישראל ב,IL,קוקומן פצפוצים תלמה,,375.00,יח',false,,24.90,0.0664,true,1,249952
7290112495280,false,ריבועי ברנפלקס קינמון 400 גרם,,IL,ריבועי ברנפלקס קינמו,,400.00,יח',false,,27.90,0.0697,true,1,288635
7290112495433,false,דגני דליפקאן תוספת אגוזי פקאן ושקדים 400 גר,יוניליור שפע ישראל ב,IL,"דליפקאן תלמה בד""ץ 40",,400.00,יח',false,,26.90,0.0672,true,1,222995
7290112495488,false,קורנפלקס פתיתי תירס קלויים ללא גלוטן 500,"מולינו ניקולי S.p.A,",IT,קורנפלקס ללא גלוטן ד,,500.00,יח',false,,14.50,0.0290,true,1,539652
7290112497000,false,נוזל ניקוי כללי סיף פנטסטיק לימון 1 ל,"זוהר דליה, קיבוץ דלי",IL,סיף פנטסטיק ניקוי כל,יחידה,0.00,יחידה,false,,14.90,0.0000,true,1,278265
7290112498915,false,מאגדת מיני מגנום שקדים מובחרים 250 ג',"מיוצר ע""י גלידת שטרא",IL,מאגדת מיני מגנום שקד,,310.00,יח',false,,31.90,0.1029,true,1,368718
7290112961464,false,פיטנס חטיפי פריכיות דקות מתובלות 60 גרם,"פרח תעשיות מזון בע""מ",IL,חטיפי פריכיות דקות מ,,60.00,יח',false,,8.90,0.1483,true,1,196454
7290112963918,false,פיטנס חטיפי קרקר דק רוזמרין 140 גרם,אסם,IL,פיטנס חטיפי קרקר דק,,140.00,יח',false,,14.90,0.1064,true,1,210947
7290112964410,false,רוטב אוסם אלף האיים לסלט 290 ג' אסם,אסם,IL,אסם רוטב אלף האיים ל,,290.00,,false,,13.90,0.0479,true,1,205031
7290112964434,false,"רוטב לסלט קיסר 295 מ""ל אסם",אסם,IL,אסם רוטב קיסר לסלט 2,,295.00,,false,,13.90,0.0471,true,1,205021
7290112964564,false,"רוטב אלף האיים לייט לסלט 290 מ""ל אסם",אסם,IL,אסם רוטב אלף האיים ל,,295.00,,false,,13.90,0.0471,true,1,205023
7290112964724,false,טבעול המבורגר טבעוני 580 גרם,מיוצר עי קונדיטוריית,IL,טבעול המבורגר טבעוני,,580.00,יח',false,,37.90,0.0653,true,1,216683
7290112965141,false,תבשיל פתיתים אפויים עם ירקות 130 גרם,אסם,IL,פתיתים אפויים עם ירק,,130.00,יח',false,,13.90,0.1069,true,1,251530
7290112965264,false,אוסם - מרק נמס אפונה זוג 26 גרם * 2,,IL,זוג מרק נמס אפונה בד,,30.00,יח',false,,6.90,0.2300,true,1,210952
7290112965585,false,פרפקטו פסטה קסרצה 500 גרם,,IL,פסטה קסרצה פרפקטו 50,,500.00,יח',false,,7.90,0.0158,true,1,217068
7290112965660,false,פיטנס - חטיף מולטיגריין מלח פלפל 25 גרם,מיוצר עי קונדיטוריית,IL,פיטנס חטיף מולטיגריי,,25.00,יח',false,,5.80,0.2320,true,1,328584
7290112965783,false,אוסם - ביסלי פריסטייל על האש 60 גרם,"אסם השקעות בע""מ",IL,ביסלי פריסטייל על הא,,60.00,יח',false,,4.90,0.0817,true,1,376400
7290112965806,false,אוסם - ביסלי פריסטייל חמוץ חריף 60 גרם,אסם,IL,ביסלי פריסטייל חמוץ,,60.00,יח',false,,4.90,0.0817,true,1,376401
7290112966094,false,הבית עוגת תפוז מופחתת סוכר 400 גרם,מיוצר עי קונדיטוריית,IL,עוגת הבית תפוז מופחת,,400.00,יח',false,,15.90,0.0398,true,1,251539
7290112966766,false,צבר טחינה בלאדי חציל עגבניות ושום 350 גרם,שוורצקוף& הנקל דיסלד,IL,צבר טחינה בלאדי חציל,,350.00,יח',false,,16.90,0.0483,true,1,246290
7290112966780,false,צבר טחינה בלאדי עם חציל קלוי 350 גרם,שוורצקוף& הנקל דיסלד,IL,צבר טחינה בלאדי עם ח,,350.00,יח',false,,16.90,0.0483,true,1,246291
7290112966803,false,אסם פודינג אינסטנט שוקולד 88 גרם,"אסם השקעות בע""מ",IL,אסם פודינג אינסטנט ש,,88.00,יח',false,,6.50,0.0739,true,1,251531
7290112967138,false,בייגלה שמיניות ללא גלוטן 250 גרם אסם,מיוצר עי קונדיטוריית,IL,אסם בייגלה שמיניות ל,,250.00,יח',false,,15.90,0.0636,true,1,251631
7290112967220,false,מארז ביסלי ברביקיו 20X10 גרם,,,ביסלי ברביקיו מארז 1,,200.00,יח',false,,12.90,0.0645,true,1,288787
7290112968203,false,צבר סלט טחינה בלאדי 6*250גרם,שוורצקוף& הנקל דיסלד,IL,סלט טחינה בלאדי צבר,,250.00,יח',false,,13.90,0.0556,true,1,265500
7290112968524,false,צבר סלט חומוס גרגירים רכים 6*250גרם,שוורצקוף& הנקל דיסלד,IL,סלט חומוס סמיר צבר 2,,250.00,יח',false,,13.90,0.0556,true,1,265503
7290112968685,false,חומוס גרגרים רכים בטבילה צבר 400 גרם,שוורצקוף& הנקל דיסלד,IL,חומוס גרגרים בטבילה,,400.00,100 גרם,false,,14.90,0.0373,true,1,265370
7290112968807,false,פיטנס - קרקר דק סלק 140 גרם,מפעל אסם יקנעם,IL,פיטנס קרקר דק סלק 14,,140.00,יח',false,,14.90,0.1064,true,1,336153
7290112968821,false,פיטנס - קרקר דק בטטה 140 גרם,מפעל אסם יקנעם,IL,פיטנס קרקר דק בטטה 1,,140.00,יח',false,,14.90,0.1064,true,1,336154
7290112969248,false,אסם בישולים רוטב סילאן ובצל 335 גרם,"אסם השקעות בע""מ",IL,אוסם בישולים רוטב סי,,335.00,100 גרם,false,,18.90,0.0564,true,1,332689
7290113101760,false,סט 3 סכיני בשר,,,סט 3 סכיני בשר,יחידה,0.00,יחידה,false,,27.90,0.0000,true,1,185849
7290113192300,false,זיתים מושחרים חרוזית 275 גרם בית השיטה,,IL,זיתים חרוזית מושחר ב,,275.00,יח',false,,12.90,0.0469,true,1,258731
7290113192317,false,טבעות זיתים מושחרים 280 גרם בית השיטה,,IL,טבעות זיתים מושחרים,,280.00,יח',false,,12.90,0.0461,true,1,257604
7290113192324,false,בית השיטה זית ירוק א2 12*340גרם חדש,,IL,זית ירוק בית השיטה 3,,340.00,יח',false,,10.90,0.0321,true,1,257605
7290113192331,false,בית השיטה זית ירוק גדול א2 12*340ג חדש,,IL,זיתים ירוק גדול בית,,340.00,יח',false,,11.90,0.0350,true,1,257606
7290113192348,false,בית השיטה זית ירוק ט.שום 17-19 א2 340גר',,IL,זית ירוק שום 17-19בי,,560.00,יח',false,,11.90,0.0213,true,1,257607
7290113192355,false,חרוזית זיתים ירוקים ללא גלעין 275 ג' בית השיטה,,IL,זיתים חרוזית ירוק בי,,275.00,יח',false,,10.90,0.0396,true,1,257608
7290113192362,false,זיתים ירוקים טבעות A2 בית השיטה 280 גרם,,IL,טבעות זיתים ירוקים ב,,280.00,יח',false,,11.90,0.0425,true,1,257609
7290113192386,false,זיתים סורי מבוקע A2 בית השיטה 340ג',,IL,זית סורי מבוקע בית ה,,340.00,יח',false,,12.90,0.0379,true,1,257624
7290113192393,false,קוקטייל זיתים A2 בית השיטה 336 גרם,,IL,קוקטייל זיתים בית הש,,336.00,יח',false,,12.90,0.0384,true,1,257625
7290113192485,false,בית השיטה מלפ.חומץ ר.טבע.א2 12-10 290גר',,IL,מלפפון בחומץ 12-10 ב,,290.00,יח',false,,8.90,0.0307,true,1,257868
7290113192492,false,ב.הש.מלפ.חומץ ר.טבע.א2 17-13 12*290ג חדש,,IL,מלפפון בחומץ 13-17 ב,,290.00,יח',false,,11.90,0.0410,true,1,257869
7290113192508,false,מלפפון במלח 17-13 בית השיטה 320 גרם,,IL,מלפפון במלח 13-17 בי,,320.00,יח',false,,11.90,0.0372,true,1,257870
7290113192515,false,מלפפון במלח 18-25 320 גרם בית השיטה,,IL,מלפפון במלח 18-25 בי,,320.00,יח',false,,13.90,0.0434,true,1,257871
7290113192522,false,מלפפון בחומץ א2 25-18 290ג' בית השיטה,,IL,מלפפון בחומץ 18-25 ב,,290.00,יח',false,,13.90,0.0479,true,1,257872
7290113192539,false,מלפפון במלח 7-9 בית השיטה 320 גר,,IL,מלפפון במלח 7-9 בית,,560.00,יח',false,,7.90,0.0141,true,1,257886
7290113192546,false,ב.הש.מלפ.בחומץ ר.טבע.א2 7-9 12*290ג חדש,,IL,מלפפון בחומץ 7-9 בית,,560.00,יח',false,,7.90,0.0141,true,1,257887
7290113192553,false,מלפפונים במלח באלדי 13-17 בית השיטה 320ג,,IL,מלפפון במלח בלדי 13-,,320.00,יח',false,,12.90,0.0403,true,1,257901
7290113192560,false,פלפל שיפקה A2 בית השיטה 230 גרם,,IL,פלפל שיפקה בית השיטה,,230.00,יח',false,,8.90,0.0387,true,1,257902
7290113192577,false,כרוב כבוש A2 בית השיטה 430 גרם,,IL,כרוב כבוש בית השיטה,יחידה,430.00,יחידה,false,,8.90,0.0207,true,1,257903
7290113192997,false,זית מרוקאי 340 גרם בית השיטה,,IL,זית מרוקאי בית השיטה,,340.00,יח',false,,15.90,0.0468,true,1,321798
7290113193000,false,פלפל שיפקונית 230 גרם בית השיטה,שוורצקוף& הנקל דיסלד,IL,פלפל שיפקונית בית הש,,230.00,יח',false,,12.90,0.0561,true,1,321814
7290113193017,false,קוקטייל זיתים 275 גרם בית השיטה,,IL,בית השיטה קוקטייל זי,,275.00,יח',false,,12.90,0.0469,true,1,321784
7290113193031,false,חרוזית קלמטה 275 גרם בית השיטה,שוורצקוף& הנקל דיסלד,IL,חרוזית קלמטה בית השי,,275.00,יח',false,,15.90,0.0578,true,1,321799
7290113193406,false,בית השיטה טבעות קוקטייל זיתים 280 גרם,,IL,טבעות קוקטיל זיתים ב,,560.00,יח',false,,11.90,0.0213,true,1,321800
7290113195066,false,חלבה טורקית בטעם וניל 400 גרם,,,חלבה טורקית בטעם וני,,400.00,יח',false,,12.90,0.0323,true,1,397402
7290113195073,false,חלבה טורקית עם פיסטו,,,חלבה טורקית עם פיסטו,,400.00,יח',false,,13.90,0.0348,true,1,397417
7290113195080,false,חלבה טורקית בטעם שוקו וניל 400 גרם,,,חלבה טורקית בטעם שוק,,500.00,יח',false,,12.90,0.0258,true,1,397418
7290113196414,false,"אורז בסמטי 1 ק""ג כחול מטאלי שקדיה",,IN,אורז בסמטי שקדיה 1 ק,קילוגרמים,1.00,"ק""ג",false,,10.50,10.5000,true,1,397105
7290113198586,false,סוכריות גומי מסוכרות בטעם אפרסק 200 ג' שקדיה,טופ גלוב,IL,סוכריות גומי מסוכר ב,,200.00,יח',false,,10.90,0.0545,true,1,458261
7290113198593,false,סוכריות גומי מסוכרות בטעם בננה 200 ג' שקדיה,טופ גלוב,IL,סוכריות גומי מסוכר ב,,200.00,יח',false,,10.90,0.0545,true,1,458262
7290113199897,false,סוכריות חמצוצים בטעם תות שדה 180 ג' שקדיה,דין שיווק,IL,סוכריות חמצוצים בטעם,,180.00,יח',false,,10.90,0.0606,true,1,458264
7290113199903,false,סוכריות חמצוצים בטעם תות בננה 180 ג' שקדיה,,,סוכריות חמצוצים בטעם,,180.00,יח',false,,10.90,0.0606,true,1,458265
7290113199927,false,סוכריות חמצוצים בטעם פירות 180 ג' שקדיה,דין שיווק,IL,סוכריות חמצוצים בטעם,,180.00,יח',false,,10.90,0.0606,true,1,458267
7290113199934,false,סוכריות חמצוצים בטעם אוכמניות 180 ג' שקדיה,,,סוכריות חמצוצים בטעם,,180.00,יח',false,,10.90,0.0606,true,1,458268
7290113284517,false,נייר טואלט דו שכבתי,,,נייר טואלט דו שכבתי,יחידה,0.00,יחידה,false,,29.90,0.0000,true,1,560390
7290113289130,false,לפתניות אלגנט קרם 25,,,לפתניות אלגנט קרם 25,יחידה,0.00,יחידה,false,,6.90,0.0000,true,1,403296
7290113289178,false,קערות ענקיות אלגנט ז,,,קערות ענקיות אלגנט ז,יחידה,0.00,יחידה,false,,10.90,0.0000,true,1,403328
7290113289192,false,צלחות מתכלות יהלום ק,,,צלחות מתכלות יהלום ק,יחידה,0.00,יחידה,false,,10.90,0.0000,true,1,426454
7290113289222,false,מרקיות מתכלות יהלום,,,מרקיות מתכלות יהלום,יחידה,0.00,יחידה,false,,13.90,0.0000,true,1,426501
7290113289239,false,קערות אובליות מתכלות,,,קערות אובליות מתכלות,יחידה,0.00,יחידה,false,,10.90,0.0000,true,1,426516
7290113289321,false,מגשי דקל מלבניים גדו,,,מגשי דקל מלבניים גדו,יחידה,0.00,יחידה,false,,12.90,0.0000,true,1,456676
7290113289352,false,צלחות דקל מרובעות קט,,,צלחות דקל מרובעות קט,יחידה,0.00,יחידה,false,,12.90,0.0000,true,1,456642
7290113289376,false,קערות דקל מרובעות 10,,,קערות דקל מרובעות 10,יחידה,0.00,יחידה,false,,16.90,0.0000,true,1,456693
7290113289505,false,רדיד אלומיניום כוכבי,,,רדיד אלומיניום כוכבי,יחידה,0.00,יחידה,false,,34.90,0.0000,true,1,436316
7290113289543,false,כוסות שקופות 150 יחי,,,כוסות שקופות 150 יחי,יחידה,0.00,יחידה,false,,15.90,0.0000,true,1,456484
7290114310215,false,"שמנת מתוקה 38% שומן 250 מ""ל טרה",מילקו תעשיות בעמ,IL,שמנת מתוקה 38% בקבוק,,250.00,,false,,6.47,0.0259,true,1,284313
7290114310222,false,חלב טרה מועשר בסידן וויטמין 3% 1.5ל',מילקו תעשיות בעמ,IL,חלב מועשר בסידן 1.5,ליטרים,1.50,ליטר,false,,12.90,8.6000,true,1,296330
7290114310246,false,גרנה פדנו צ'אנק 125,,,גרנה פדנו צ'אנק 125,,125.00,100 גרם,false,,20.90,0.1672,true,1,339769
7290114310383,false,Muller Froop מולר יוגורט מוקצף בטעם וניל 90 גרם,מילקו,IL,יוגורט מוקצף בטעם ונ,,97.00,100 גרם,false,,5.50,0.0567,true,1,531596
7290114310390,false,מולר קציפת יוגורט בטעם בננה לוטי 97 גרם,מילקו,IL,יוגורט מוקצף בטעם בנ,,97.00,100 גרם,false,,5.50,0.0567,true,1,531597
7290114310406,false,מולר פרופ יוגורט מוקצף בטעם תות 97 גרם,מילקו,IL,יוגורט מוקצף בטעם תו,,97.00,100 גרם,false,,5.50,0.0567,true,1,531613
7290114310536,false,יוגורט לייט מעושר בחלבון בטעם וניל מולר 200 ג',,IL,מולר אקטיב לייט יוגו,,25.00,100 גרם,false,,6.50,0.2600,true,1,356431
7290114310550,false,פטה עיזים מעודנת בגביע 5% 200 ג',משק צוריאל,IL,פטה עיזים מעודנת 5%,,200.00,100 גרם,false,,23.90,0.1195,true,1,356388
7290114310611,false,"משקה חלב בננה בבקבוק פקק ספורט טרה 250 מ""ל",,IL,משקה חלב בננה בבקבוק,,250.00,"100 מ""ל",false,,5.90,0.0236,true,1,373645
7290114310628,false,משקה חלב וניל עוגיות טרה 1ל',מילקו תעשיות בעמ,IL,משקה חלב וניל עוגיות,ליטרים,1.00,ליטר,false,,12.50,12.5000,true,1,361797
7290114311021,false,"משקה חלב וניל עוגיות טרה 250 מ""ל פקק ספו",,,משקה חלב וניל עוגיות,,250.00,"100 מ""ל",false,,5.60,0.0224,true,1,479687
7290114311038,false,"שמנת מתוקה 32% 250 מ""ל בבקבוק טרה",,,שמנת מתוקה 32% בקבוק,,250.00,"100 מ""ל",false,,7.90,0.0316,true,1,479672
7290114311069,false,מעדן יוגורט בטעם טבעי חלבון 200 ג' מולר אקטיב,טרה,IL,יוגורט בטעם טבעי 25,,200.00,100 גרם,false,,6.90,0.0345,true,1,460304
7290114311076,false,"חמאת מולר צהובה עם שום, 200 גרם",טרה,IL,חמאה צהובה עם שום מו,,200.00,100 גרם,false,,11.90,0.0595,true,1,476334
7290114311298,false,יוגורט מולר פרופ בטעם תות בננה מלון 150,,IL,מולר פרופ תות בננה מ,,150.00,100 גרם,false,,5.50,0.0367,true,1,505610
7290114311304,false,יוגורט קציפת מנגו פסיפלורה בננה 150 ג' מולר,,IL,מולר פרופ מנגו פסיפל,,150.00,100 גרם,false,,5.50,0.0367,true,1,505611
7290114311328,false,חלב דל לקטוז מועשר בויטמין D 2% 1 ליטר,מילקו תעשיות בעמ,IL,חלב נטול לקטוז טרה 1,ליטרים,1.00,ליטר,false,,7.90,7.9000,true,1,515979
7290114311359,false,יוגורט עם קציפת מנגו 3% שומן פרופ 150 ג' מולר,,IL,מולר פרופ מנגו 3% 15,,150.00,100 גרם,false,,5.50,0.0367,true,1,505612
7290114311434,false,מולר אקטיב יוגורט בטעם קרמל מלוח 200 גרם,טרה,IL,מולר אקטיב בטעם קרמל,,200.00,יח',false,,6.90,0.0345,true,1,531562
7290114311441,false,"מולר אקטיב בטעם עוגיות חמאה 0% שומן, 200 גרם",טרה,IL,מולר אקטיב בטעם עוגי,,200.00,יח',false,,6.90,0.0345,true,1,531578
7290114311502,false,"משקה חלב בקבוק בטעם סחלב, 1 ליטר",מילקו תעשיות בעמ,IL,משקה חלב בטעם סחלב 1,ליטרים,1.00,ליטר,false,,12.50,12.5000,true,1,568160
7290114600941,false,מיונז מאסטר שף מיונז לחיץ 435 ג',רמיה סי.וי,NL,מאסטר שף מאסטר שף מ,,435.00,יח',false,,15.90,0.0366,true,1,300324
7290114600989,false,"רוטב אלף האיים מאסטר שף 250 מ""ל",,NL,מאסטר שף רוטב אלף הא,,250.00,,false,,12.90,0.0516,true,1,300354
7290114600996,false,"רוטב שום מאסטר שף 250 מ""ל",REMIA,NL,מאסטר שף רוטב שום 25,,250.00,,false,,12.90,0.0516,true,1,300340
7290114603508,false,"רוטב להקצפה מאסטר שף 300 מ""ל",thai suprime,TH,מאסטר שף רוטב להקפצה,,300.00,,false,,10.90,0.0363,true,1,322458
7290114603768,false,"נוזל ניקוי שירותים אגקס 750 מ""ל*2 זוג",,FR,אג'קס שירותים 750 מ',,750.00,,false,,32.90,0.0439,true,1,301001
7290114604864,false,מאסטר שף קוסקוס דק 350 גרם,דוידוביץ,IL,קוסקוס דק מאסטר שף 3,,350.00,יח',false,,6.90,0.0197,true,1,398301
7290114604871,false,מאסטר שף קוסקוס בינוני 350 גרם,דוידוביץ,IL,קוסקוס בינוני מאסטר,,350.00,יח',false,,6.90,0.0197,true,1,398111
7290114604895,false,ממרח ספייסי לחיץ מאסטר שף 446 גרם,Remia,NL,מאסטר שף ממרח ספייסי,,446.00,יח',false,,15.90,0.0357,true,1,357756
7290114604901,false,ממרח שום לחיץ מאסטר שף 444 גרם,Remia,NL,מאסטר שף ממרח שום לח,,242.00,יח',false,,15.90,0.0657,true,1,357757
7290114606530,false,רוטב בטעם מיונז וקטשופ מאסטר שף 515 גרם,Remia,NL,מאסטר שף רוטב בטעם מ,,515.00,יח',false,,15.90,0.0309,true,1,357758
7290114606547,false,מיונז פטריות כמהין לחיץ מאסטר שף 242 גרם,Remia,NL,מאסטר שף מיונז עם כמ,,242.00,יח',false,,15.90,0.0657,true,1,357759
7290114606554,false,מיונז לייט לחיץ מאסטר שף 470 גרם,Remia,NL,מאסטר שף מיונז לייט,,470.00,יח',false,,15.90,0.0338,true,1,357742
7290114606561,false,מאסטר שף אטריות אורז דקות ורמיצ'לי 400 ג,,,אטריות אורז דקות מאס,,400.00,יח',false,,12.90,0.0323,true,1,467404
7290114606578,false,שקדי מרק מאסטר שף 400 גרם,,IL,שקדי מרק מאסטר שף 40,,400.00,יח',false,,11.90,0.0298,true,1,402091
7290114607315,false,"מקס וויט מארז זוג 125 מ""ל",,,מקס וויט מארז זוג 2*,,250.00,,false,,30.90,0.1236,true,1,392725
7290114659949,true,מארז 50 מסכות כירוג,,,מארז 50 מסכות כירוג,יחידה,0.00,יחידה,false,,10.90,0.0000,true,1,295908
7290115073676,true,מארז מסכות 3 שכבות צ,,,מארז מסכות 3 שכבות צ,יחידה,0.00,יחידה,false,,9.90,0.0000,true,1,297819
7290115075182,false,מטבעות שוקולד ברשת חד קרן 31 גר,,NL,מטבעות שוקולד ברשת 3,,31.00,יח',false,,4.90,0.1581,true,1,335197
7290115190014,false,סיגריות מרלבורו רד קצר בוקס,פיליפ מוריס,,סיגריות מרלבורו חפי,יחידה,0.00,יחידה,false,,36.50,0.0000,false,1,318865
7290115190076,false,סיגריות מרלבורו גולד ארוך 100 בוקס,פיליפ מוריס,,סיגריות מרלבורו חפי,יחידה,0.00,יחידה,false,,36.50,0.0000,false,1,326939
7290115190090,false,סיגריות מרלבורו גולד קצר בוקס,פיליפ מוריס,,סיגריות מרלבורו חפי,יחידה,0.00,יחידה,false,,36.50,0.0000,false,1,318887
7290115190137,false,מלבורו פיין טאצ 7.1 חפיסה,פיליפ מוריס,,מרלבורו פיין טאצ בוד,יחידה,0.00,יחידה,false,,32.50,0.0000,false,1,318868
7290115190151,false,מלבורו גולד טאצ 7.1 חפיסה,פיליפ מוריס,,מרלבורו גולד טאצ בוד,יחידה,0.00,יחידה,false,,32.50,0.0000,false,1,318869
7290115190236,false,סיגריות פרלמנט קצר בלו,פיליפ מוריס,,סיגריות פרלמנט (חפיס,יחידה,0.00,יחידה,false,,42.00,0.0000,false,1,318847
7290115190250,false,סיגריות פרלמנט נייטP,פיליפ מוריס,,סיגריות פרלמנט (חפיס,יחידה,0.00,יחידה,false,,42.00,0.0000,false,1,312167
7290115190335,false,ל.מ.בלו לייבל ארוך בוקס חפיסה,פיליפ מוריס,,אל אם בלו ארוך,יחידה,0.00,יחידה,false,,33.90,0.0000,false,1,362412
7290115190359,false,L&M בלו לייבל קצר-חפיסה,פיליפ מוריס,,אל אם בלו לייבל קצר,יחידה,0.00,יחידה,false,,33.90,0.0000,false,1,312152
7290115190397,false,סיגריות LM רד לייבל קצר,פיליפ מוריס,,אל אם רד לייבל קצר,יחידה,0.00,יחידה,false,,33.90,0.0000,false,1,312119
7290115190427,false,אל אם וייב סלימס פאק,פיליפ מוריס,IL,אל אם וייב סלימס פאק,יחידה,0.00,יחידה,false,,325.90,0.0000,false,1,312168
7290115190434,false,סיגריות LM לייט וייב סלימס,פיליפ מוריס,IL,אל אם וייב סלימס,יחידה,0.00,יחידה,false,,33.90,0.0000,false,1,312169
7290115190519,false,סיגריות נקסט פיין חפ,פיליפ מוריס,,סיגריות נקסט (בודד),יחידה,0.00,יחידה,false,,31.90,0.0000,false,1,318849
7290115190557,false,סיגריות נקסט כחול קצר,פיליפ מוריס,,סיגריות נקסט(בודד) ר,יחידה,0.00,יחידה,false,,29.00,0.0000,false,1,318850
7290115190977,false,מרלבורו טאצ' אדום קופסא,פיליפ מוריס,TR,מרלבורו טאצ אדום בוד,יחידה,0.00,יחידה,false,,32.50,0.0000,false,1,507376
7290115200003,false,אסם פתי בר פינוקי וניל 220 גרם,תאי פרזידנט פוד פאבל,PL,פתי בר פינוקי וניל 2,,220.00,יח',false,,12.90,0.0586,true,1,328418
7290115200027,false,אסם פתי בר פינוקי שוקו 220 גרם,DR GERARD,IL,פתי בר פינוקי שוקו 2,,220.00,יח',false,,12.90,0.0586,true,1,328419
7290115200713,false,במבה קלאסי מארז אחיד 8 50*5 ג',,IL,מארז במבה קלאסי אסם,,250.00,יח',false,,13.90,0.0556,true,1,330431
7290115201680,false,ביסלי ברביקיו 70 גרם,"אסם השקעות בע""מ",IL,ביסלי ברביקיו 70 גרם,,70.00,יח',false,,4.90,0.0700,true,1,335379
7290115201741,false,ביסלי בטעם בצל 70 גרם,"אסם השקעות בע""מ",IL,ביסלי בצל 70 גרם,,70.00,יח',false,,4.90,0.0700,true,1,329814
7290115202304,false,נודלס אטריות אורז מר,תאי פרזידנט פוד פאבל,TH,נודלס אטריות אורז מר,,230.00,יח',false,,10.90,0.0474,true,1,343499
7290115202786,false,מנה חמה פאוצ נדלס.אטר.טעם בקר 70 גרם,,,מנה חמה פאוצ' נדלסאט,,70.00,יח',false,,4.90,0.0700,true,1,356533
7290115202847,false,מנה חמה פאוצ' נדלס ספייסי אסם 70 ג',,,מנה חמה פאוצ' נדלסאט,,70.00,יח',false,,4.90,0.0700,true,1,356535
7290115202939,false,מנה חמה רייס נודלס עוף פטריות 50 ג' אסם,מיוצר עי קונדיטוריית,TH,מנה חמה רייס נודלס ע,,50.00,יח',false,,8.90,0.1780,true,1,420686
7290115203172,false,במבה אסם 80 גרם PRO,"אסם השקעות בע""מ",IL,במבה אסם 80 גרם PRO,,80.00,יח',false,,4.90,0.0613,true,1,503821
7290115204056,false,אסם קטשופ 56% פחות סוכר 690 גרם,אסם,IL,אסם קטשופ מופחת סוכר,,690.00,יח',false,,11.90,0.0172,true,1,363999
7290115204155,false,סחוג אדום המעדנייה ש,,,סחוג אדום המעדנייה ש,,190.00,יח',false,,13.90,0.0732,true,1,469982
7290115205176,false,פיטנס - קרקר דק כפרי פיטנס 140 גרם,אסם יקנעם,IL,פיטנס קרקר THIN כפרי,,140.00,יח',false,,14.90,0.1064,true,1,418982
7290115205312,false,פיטנס - קרקר דק זיתי קלמטה 140 גרם,"אסם השקעות בע""מ",IL,פיטנס קרקר Thin Deli,,140.00,יח',false,,14.90,0.1064,true,1,493625
7290115205695,false,אסם בונזור בצק מצונן לפיצה 460 גרם,נסטלה סוויס (שוויץ),IL,בצק מצונן לפיצה בונז,,460.00,יח',false,,19.90,0.0433,true,1,436879
7290115205718,false,אסם בונזור בצק מצונן עלים 230 גרם,נסטלה סוויס (שוויץ),IL,בצק עלים מצונן בונז',,230.00,יח',false,,14.90,0.0648,true,1,436908
7290115205978,false,"פתי בר אצבעות שוקולד אוסם, 180 גרם","ד""ר ג'רארד בע""מ",PL,פתי בר אצבעות שוקולד,,180.00,יח',false,,12.90,0.0717,true,1,462481
7290115207507,false,צבר סלט טורקי 360 גרם,ג'נרל מילס סאן אדריא,IL,צבר סלט טורקי 360 גר,,360.00,יח',false,,18.90,0.0525,true,1,442421
7290115207620,false,"רוטב בסגנון סויה קלאסי 290 מ""ל אסם",,,אסם רוטב בסגנון סויה,,320.00,,false,,12.90,0.0403,true,1,493496
7290115207682,false,"אסם רוטב בסגנון סויה סיני 290 מ""ל",,IL,אסם רוטב בסגנון סויה,,330.00,,false,,13.90,0.0421,true,1,493436
7290115207941,false,ויטמינצ'יק תרכיז אננס 1 ליטר,בית-השיטה עסיס תעשיו,IL,ויטמינצ'יק אננס 1 לי,ליטרים,1.00,ליטר,false,,23.50,23.5000,true,1,449284
7290115207965,false,ויטמינצ'יק תרכיז מנגו אפרסק 1 ליטר,בית-השיטה עסיס תעשיו,IL,ויטמינצ'יק מנגו 1 לי,ליטרים,1.00,ליטר,false,,23.50,23.5000,true,1,449302
7290115207989,false,ויטמינצ'יק תרכיז לימון 1 ליטר,בית-השיטה עסיס תעשיו,IL,ויטמינצ'יק לימון 1 ל,ליטרים,1.00,ליטר,false,,23.50,23.5000,true,1,449285
7290115208009,false,ויטמינצ'יק תרכיז ענבים 1 ליטר,בית-השיטה עסיס תעשיו,IL,ויטמינצ'יק ענבים 1 ל,ליטרים,1.00,ליטר,false,,23.50,23.5000,true,1,449303
7290115208047,false,ויטמינצ'יק תרכיז פטל 1 ליטר,בית-השיטה עסיס תעשיו,IL,ויטמינצ'יק פטל 1 ליט,ליטרים,1.00,ליטר,false,,23.50,23.5000,true,1,449286
7290115208061,false,ויטמינצ'יק תרכיז תפוח 1 ליטר,בית השיטה עסיס תעשיו,IL,ויטמינצ'יק תפוח 1 לי,ליטרים,1.00,ליטר,false,,23.50,23.5000,true,1,449287
7290115208320,false,אפרופו בטעם ביסלי בצל 50ג' אסם,"אסם השקעות בע""מ",IL,אפרופו בטעם ביסלי בצ,,50.00,יח',false,,5.90,0.1180,true,1,537819
7290115209174,false,במבה אורירית קלאסי 60 גר',אסם השקעות בעמ,IL,במבה אורירית 60 גרם,,80.00,יח',false,,4.90,0.0613,true,1,519762
7290115209372,false,במבה במילוי בראוניז 150ג' אסם,"אסם השקעות בע""מ",IL,במבה במילוי בראוניז,,150.00,100 גרם,false,,11.90,0.0793,true,1,537513
7290115403350,false,עוגיות רשת שוקו מסוכ,,,עוגיות רשת שוקו מסוכ,,450.00,יח',false,,18.90,0.0420,true,1,481681
7290115403381,false,עוגיות פיצפוצים לבן,,,עוגיות פיצפוצים לבן,,500.00,100 גרם,false,,18.90,0.0378,true,1,481684
7290115403435,false,עוגיות מעמול תמר אדל,,,עוגיות מעמול תמר אדל,,500.00,יח',false,,18.90,0.0378,true,1,481689
7290115403473,false,עוגיות עינוגי שוקולד,,,עוגיות עינוגי שוקולד,,500.00,יח',false,,18.90,0.0378,true,1,481693
7290115403480,false,עוגיות בסגנון מרוקאי,,,עוגיות בסגנון מרוקאי,,500.00,יח',false,,18.90,0.0378,true,1,481694
7290115403510,false,עוגיות מגולגלות תמרי,,,עוגיות מגולגלות תמרי,,500.00,יח',false,,18.90,0.0378,true,1,481696
7290115410075,false,טחינה 400 גרם סלטי ה,,,טחינה 400 גרם סלטי ה,,400.00,יח',false,,13.90,0.0348,true,1,396277
7290115410556,false,חומוס מסבחה 250 גרם,,,חומוס מסבחה 250 גרם,,250.00,יח',false,,11.90,0.0476,true,1,396223
7290115410587,false,טחינה לבנה 250 גרם -,,,טחינה לבנה 250 גרם -,,250.00,יח',false,,11.90,0.0476,true,1,396226
7290115410594,false,חציל תאילנדי 250 גרם,,,חציל תאילנדי 250 גרם,,250.00,יח',false,,11.90,0.0476,true,1,396241
7290115410631,false,חציל בטעם כבד 250 גר,,,חציל בטעם כבד 250 גר,,250.00,יח',false,,11.90,0.0476,true,1,396261
7290115670691,false,אנרג'י גרנולה פירות יער 400 גרם,אמקו ספול אס. אר.או,CZ,אנרג'י גרנולה שיבולת,,400.00,יח',false,,16.90,0.0422,true,1,362024
7290115671339,false,מיני פינוקיות בראוניז בייגל בוטן עלית 180 ג' עלית,הגביע מוצרי ופלים בע,IL,מיני פינוקיות בראוני,,180.00,יח',false,,11.90,0.0661,true,1,385747
7290115671346,false,מיני פינוקיות טופי קרמל מלוח 180 ג' עלית,הגביע מוצרי ופלים בע,IL,מיני פינוקיות במילוי,,180.00,יח',false,,11.90,0.0661,true,1,385763
7290115675559,false,מארז קפה טורקי לדרך 70ג' עלית,שטראוס קפה בי.וי.,IL,מארז קפה טורקי לדרך,,70.00,יח',false,,8.90,0.1271,true,1,336432
7290115675986,false,מעדן דנונה בר עם אגוזים מקורמלים 173 גרם,"שטראוס בריאות בע""מ",IL,דנונה קראנצ' אגוזים,,173.00,100 גרם,false,,4.90,0.0283,true,1,335854
7290115676082,false,משקה יוגורט בטעם תות פרו 20 דנונה 255 ג',"שטראוס בריאות בע""מ.",IL,משקה יוגורט עם חלבון,,255.00,100 גרם,false,,7.50,0.0294,true,1,365174
7290115676099,false,משקה יוגורט בטעם וניל פרו 20 דנונה 255 ג',"שטראוס בריאות בע""מ.",IL,משקה יוגורט עם חלבון,,265.00,100 גרם,false,,7.50,0.0283,true,1,365147
7290115677966,false,ממרח אבוקדו 200 ג' שטראוס,סנטה אירפואטו,MX,ממרח אבוקדו אחלה 200,,200.00,יח',false,,16.90,0.0845,true,1,403686
7290115678376,false,מעדן הגולן שוקולד 125 גרם,מיוצר עי קונדיטוריית,IL,מעדן הגולן מעדן חלב,,125.00,100 גרם,false,,3.50,0.0280,true,1,387443
7290115678383,false,מעדן הגולן שוקולד מריר 125 גרם,מיוצר עי קונדיטוריית,IL,מעדן הגולן מעדן חלב,,125.00,100 גרם,false,,3.50,0.0280,true,1,387444
7290115678642,false,נשנושי גבינה 16% עם חטיף אפוי עם זיתים 67 ג' שטראוס,"מחלבת טבע עז בע""מ",IL,נשנושי גבינה עם חטיף,,67.00,יח',false,,11.90,0.1776,true,1,496934
7290115679618,false,מארז מייפל עם קוואקר 189+500 ג' יד מרדכי,,,מארז מייפל 189 גרם ע,,500.00,יח',false,,39.90,0.0798,true,1,373646
7290116244037,false,חד קרן אצבעות שוקולד חלב 84 גרם,,NL,אצבעות שוקולד חלב חד,,84.00,יח',false,,8.90,0.1060,true,1,454512
7290116244044,false,מיניונים אצבעות שוקולד חלב 84 גרם,,NL,אצבעות שוקולד חלב מי,,84.00,יח',false,,8.90,0.1060,true,1,454513
7290116244051,false,אצבעות שוקולד חלב 84 גרם LOL,,NL,אצבעות שוקולד חלב 84,,84.00,יח',false,,8.90,0.1060,true,1,454514
7290116244082,false,מפרץ הרפתקאות אצבעות שוקולד חלב 84 גרם,,NL,אצבעות שוקולד חלב מפ,,84.00,יח',false,,8.90,0.1060,true,1,454517
7290116270715,false,פילה ברבוניה ארוז בו,,,פילה ברבוניה ארוז בו,יחידה,0.00,יחידה,false,,29.90,0.0000,true,1,462999
7290116531083,false,"דגני ברנפלקס דבש ושקדים ללת""ס 400 גרם",יוניליוור שפע ישראל,IL,דגני בוקר ברנפלקס לל,,500.00,100 גרם,false,,27.90,0.0558,true,1,442664
7290116531779,false,בדין - דפים למייבש כביסה כחול 40 יחידות,,US,בדין דפי מייבש כחול,יחידה,0.00,יחידה,false,,22.90,0.0000,true,1,441427
7290116533063,false,דגני בוקר שוגי קרטיב ענבים 400 גרם,,IL,שוגי דגני בוקר בטעם,,400.00,100 גרם,false,,24.90,0.0622,true,1,496548
7290116930015,false,חטיף חלבון GO קרמל חמאת בוטנים קריספי 20 גרם,תנובה,IL,חטיף חלבון בטעם קרמל,,60.00,יח',false,,14.90,0.2483,true,1,466782
7290116930282,false,ארוחה בקטנה לאבנה עם קרקרים 150ג' תנובה,תנובה,IL,לאבנה 9% שומן עם קרק,,150.00,יח',false,,8.50,0.0567,true,1,504786
7290116930657,false,משקה חלב גו בטעם בננה תמר עם ש. שועל 340,"תנובה בע""מ",IL,משקה GO בננה תמר עם,,340.00,,false,,7.90,0.0232,true,1,551805
7290116930718,false,מעדן תנובה דיאט בטעם שוקולד וקרמל מלוח 0% 150ג' תנובה,"תנובה בע""מ",IL,מעדן דיאט בטעם שוקו,,150.00,יח',false,,4.50,0.0300,true,1,506271
7290116931012,false,יופלה דיאט 0% שומן תפוח וקינמון 150 גרם,"תנובה בע""מ",IL,יופלה דיאט 0% שומן ת,,150.00,,false,,5.60,0.0373,true,1,551787
7290116931159,false,יופלה דיאט 0% שומן תות בננה 150 גרם,"תנובה בע""מ",IL,יופלה דיאט 0% שומן ת,,150.00,,false,,5.60,0.0373,true,1,551788
7290116931289,false,יוגורט GO סמיך 0% אלפחורס 200 גרם,,,יוגורט גו סמיך 0% אל,,200.00,יח',false,,6.20,0.0310,true,1,549717
7290117260449,false,גבינה בולגרית מעודנת למריחה בטעם טבעי 5% שומן 200 ג' יורו,,,גבינה בולגרית מעודנת,,200.00,יח',false,,13.90,0.0695,true,1,506529
7290117260463,false,גבינה בולגרית מעודנת למריחה עם חלפיניו 5% שומן 200 ג' יורו,,,גבינה בולגרית מעודנת,,200.00,100 גרם,false,,13.90,0.0695,true,1,506560
7290117260470,false,גבינה בולגרית מעודנת למריחה עם שום 5% שומן 200 ג' יורו,,,גבינה בולגרית מעודנת,,200.00,יח',false,,13.90,0.0695,true,1,506544
7290117260562,false,EURO חמאה בגביע 225 גרם,,TR,חמאה בגביע יורו 225,,225.00,יח',false,,18.90,0.0840,true,1,552368
7290117260623,false,קרמבו וניל בציפוי שוקולד חלב 300 ג' תן בו,,,תן בו בטעם וניל בציפ,,300.00,יח',false,,20.90,0.0697,true,1,441618
7290117260890,false,פופקורן בציפוי בטעם קוקוס 90 גרם,,,פופקורן בטעם קוקוס ו,,90.00,יח',false,,8.90,0.0989,true,1,453593
7290117261088,false,בוראטה גבינת מוצרלה רכה 125ג' 18%שומן,,,בוראטה גבינת מוצרלה,,125.00,יח',false,,21.90,0.1752,true,1,539636
7290117261101,false,זוג קינוחים בטעם שוקולד ואגוזי לוז 140ג',,ES,זוג קינוחים בטעם שוק,,140.00,יח',false,,12.90,0.0921,true,1,513894
7290117261118,false,זוג קינוחים בטעם שוקולד בציפוי שוקולד חלב 140ג',,ES,זוג קינוחים בטעם שוק,,140.00,יח',false,,12.90,0.0921,true,1,513895
7290117261354,false,גבינת ריקוטה 200 גרם 5%שומן מחלבת אירופה,באלבן גידה סנאי,TR,גבינת ריקוטה 5% שומ,,200.00,יח',false,,10.90,0.0545,true,1,503851
7290117261422,false,EURO יוגורט פרוביוטי עם תות שדה 2% 125 גרם,,TR,יוגורט פרוביוטי עם ת,,125.00,יח',false,,3.10,0.0248,true,1,552317
7290117261439,false,EURO יוגורט פרוביוטי עם פירות יער 2% 125 גרם,,TR,יוגורט פרוביוטי עם פ,,125.00,יח',false,,3.10,0.0248,true,1,552318
7290117261446,false,יוגורט פרוביוטי עם אפרסק ומשמש 2%שומן 125ג',,TR,יוגורט פרוביוטי אפרס,,125.00,יח',false,,3.10,0.0248,true,1,552319
7290117261521,false,סלמון אטלנטי בשמן קנולה וילי פוד 120 גר,,LV,סלמון אטלנטי בשמן קנ,,120.00,100 גרם,false,,12.90,0.1075,true,1,533466
7290117261545,false,סלמון אטלנטי ברוטב טריאקי וילי פוד 120 ג,,LV,סלמון אטלנטי ברוטב ט,,120.00,יח',false,,12.90,0.1075,true,1,533468
7290117261569,false,סלמון אטלנטי מעושן קנולה וילי פוד 120 גר,,LV,סלמון אטלנטי מעושן ב,,120.00,יח',false,,12.90,0.1075,true,1,533470
7290117261774,false,כדורי גבינת בייבי מוצרלה 150ג' 14%שומן,,,כדורי גבינת בייבי מו,,150.00,100 גרם,false,,16.90,0.1127,true,1,539683
7290117380857,false,עוגות אישיות בטעם לימון 120 ג' סלים דליס פייבר,,ES,סלים דליס פייבר - עו,,120.00,יח',false,,13.90,0.1158,true,1,496502
7290117380871,false,עוגות אישיות בטעם אוכמניות 120 ג' סלים דליס פייבר,הלמה הלום,NL,סלים דליס פייבר - עו,,120.00,100 גרם,false,,13.90,0.1158,true,1,496503
7290117383711,false,"מארז זוג תחליב רחצה חלב ודבש *750 מ""ל פלמוליב",,TR,פלמוליב חלב ודבש 750,,1500.00,100 ליטר,false,,30.00,0.0200,true,1,545921
7290117383735,false,פלמוליב חימר ורדים 750 מל מארז זוג,,TR,פלמוליב חימר ורדים 7,,1500.00,,false,,30.00,0.0200,true,1,545923
7290117823798,false,בדיקה עצמית מהירה לזיהוי אנטיגן 5 יח,,CN,בדיקה עצמית מהירה לז,יחידה,0.00,יחידה,false,,39.90,0.0000,true,1,448200
7290117829592,false,צמר גפן מתוק בדלי 50,,,צמר גפן מתוק בדלי 50,,50.00,יח',false,,10.00,0.2000,true,1,550474
7290117860090,false,"הוואי - מרכך מטפח לשיער רגיל 700 מ""ל",,,מרכך מטפח לשיער רגיל,,700.00,,false,,15.90,0.0227,true,1,543091
7290117860137,false,"הוואי קרם רחצה בניחוח פרח הקמליה, 700 מ""ל",,IL,תחליב רחצה בניחוח פר,,700.00,,false,,15.90,0.0227,true,1,546733
7290117860144,false,"הוואי - שמפו למניעת קשקשים 700 מ""ל",,,שמפו נגד קשקשים הווא,,700.00,,false,,15.90,0.0227,true,1,543092
7290117860182,false,"הוואי - תחליב רחצה בניחוח מגנוליה ושמן שקדים 700 מ""ל",,IL,תחליב רחצה בניחוח מג,,700.00,,false,,15.90,0.0227,true,1,546734
7290117860199,false,"הוואי - שמפו מעניק לחות לשיער יבש 700 מ""ל",,,שמפו לשיער יבש הוואי,,700.00,,false,,15.90,0.0227,true,1,543093
7290117860236,false,"הוואי - קרם רחצה בניחוח ויולה ורודה 700 מ""ל",,IL,תחליב רחצה בניחוח וי,,700.00,,false,,15.90,0.0227,true,1,546735
7290117860281,false,"הוואי - ג'ל רחצה לגבר בניחוח עוצמתי 700 מ""ל",,IL,ג'ל רחצה לגבר בניחוח,,700.00,"100 מ""ל",false,,15.90,0.0227,true,1,546736
7290117860380,false,"תחליב רחצה יוגורט בניחוח אלוורה 700 מ""ל הוואי",,IL,תחליב רחצה יוגורט בנ,,700.00,,false,,15.90,0.0227,true,1,546738
7290117860496,false,"הוואי - שמפו + מרכך 2 ב-1 לגבר 700 מ""ל",,,שמפו לגבר + מרכך 2ב-,,700.00,,false,,15.90,0.0227,true,1,543097
7290117860649,false,"הוואי שמפו ללא סולפטים, 700 מ""ל",,,שמפו ללא סולפטים הוו,,700.00,,false,,15.90,0.0227,true,1,548022
7290117860694,false,"הוואי מרכך ללא סולפטים, 700 מ""ל",,,מרכך ללא סולפטים הוו,,700.00,,false,,15.90,0.0227,true,1,548023
7290117860793,false,"הוואי מרכך ללא סולפטים 700 מ""ל",,,מרכך מעניק נפח הוואי,,700.00,,false,,15.90,0.0227,true,1,548025
7290117860847,false,"הוואי שמפו 4 ב 1 לגבר רעננות קרירה, 700 מ""ל",,,שמפו 4 ב 1 לגבר רעננ,,700.00,,false,,15.90,0.0227,true,1,548026
7290117860946,false,"תחליב רחצה יוגורט בניחוח קוקוס 700 מ""ל הוואי",,IL,תחליב רחצה יוגורט בנ,,700.00,,false,,15.90,0.0227,true,1,546740
7290117860991,false,"תחליב רחצה יוגורט בניחוח שקדים 700 מ""ל הוואי",,IL,תחליב רחצה יוגורט בנ,,700.00,,false,,15.90,0.0227,true,1,546741
7290117900932,false,גרעיני אבטיח קלויים,,,גרעיני אבטיח קלויים,,130.00,100 גרם,false,,10.90,0.0838,true,1,497608
7290117900963,false,בוטנים קלויים 270 גרם,,IL,בוטנים קלויים 270 גר,,270.00,100 גרם,false,,10.90,0.0404,true,1,497611
7290117901014,false,קשיו קלוי 160 גרם,,IL,קשיו קלוי 160 גרם,,160.00,יח',false,,15.90,0.0994,true,1,497616
7290117901267,false,ממרח פלפלים אדומים וחצילים קלויים 290 ג' גורמה,,,ממרח חצילים קלויים ו,,290.00,יח',false,,14.90,0.0514,true,1,551400
7290118420378,false,אסם פתי בר פינוקים תותים ושמנת 220 גרם,דר גררד,IL,פתי בר פינוקים תותים,,220.00,יח',false,,12.90,0.0586,true,1,537786
7290118420514,false,אסם אינסטנט פודינג נוגט 75 גרם,"אסם השקעות בע""מ",IL,אינסטנט פודינג נוגט,,80.00,יח',false,,6.50,0.0813,true,1,535531
7290589856775,false,נייס שבלולים לשיער,,,נייס שבלולים לשיער,יחידה,0.00,יחידה,false,,5.90,0.0000,true,1,90619
7290900010664,false,"ניוקי בטטה 1 ק""ג Avel",,,"ניוקי אבאל 1 ק""ג",קילוגרמים,1.00,"ק""ג",false,,12.90,12.9000,true,1,179123
7293556389962,true,שום לבן (סולו) ארוז,,,שום לבן (סולו) ארוז,,250.00,יח',false,,11.90,0.0476,true,1,297960
7296021040566,false,קערה 22 ס'מ נירוסטה,,,קערה 22 ס'מ נירוסטה,יחידה,0.00,יחידה,false,,18.90,0.0000,true,1,106068
7296021040580,false,קערה 26 ס'מ נירוסטה,,,קערה 26 ס'מ נירוסטה,יחידה,0.00,יחידה,false,,26.90,0.0000,true,1,462347
7296021040603,false,קערה 34 ס'מ נירוסטה,,,קערה 34 ס'מ נירוסטה,יחידה,0.00,יחידה,false,,46.00,0.0000,true,1,462364
7296021131394,false,סכין מולטי משוננת מ,,,סכין מולטי משוננת מ,יחידה,0.00,יחידה,false,,19.90,0.0000,true,1,84181
7296021141041,false,גלגלת פיצה גדולה ידי,,,גלגלת פיצה גדולה ידי,יחידה,0.00,יחידה,false,,17.90,0.0000,true,1,461564
7296021261558,false,מחבת יציקה עם ידית א,,,מחבת יציקה עם ידית א,יחידה,0.00,יחידה,false,,269.90,0.0000,true,1,460848
7296021269011,false,"מאג ג'מבו 650 מ""ל רק",,,"מאג ג'מבו 650 מ""ל רק",יחידה,0.00,יחידה,false,,19.90,0.0000,true,1,493452
7296021282614,false,"מסננת נירוסטה 28 ס""מ",,,"מסננת נירוסטה 28 ס""מ",יחידה,0.00,יחידה,false,,33.90,0.0000,true,1,251778
7296021288623,false,"סיר בישוול 20 ס""מ 3.",,,"סיר בישוול 20 ס""מ 3.",יחידה,0.00,יחידה,false,,333.00,0.0000,true,1,521864
7296021288661,false,"מחבת לטיגון 20 ס""מ C",,,"מחבת לטיגון 20 ס""מ C",יחידה,0.00,יחידה,false,,199.90,0.0000,true,1,521884
7296102061923,false,מטאטא ב ביו,,,מטאטא ב ביו,יחידה,0.00,יחידה,false,,15.90,0.0000,true,1,310587
7296102521755,false,סט 4 קופסאות פלסטיק,,,סט 4 קופסאות פלסטיק,יחידה,0.00,יחידה,false,,19.90,0.0000,true,1,417117
7296102521762,false,סט 4 קופסאות פלסטיק,,,סט 4 קופסאות פלסטיק,יחידה,0.00,יחידה,false,,19.90,0.0000,true,1,417118
7296102521779,false,סט 4 קופסאות פלסטיק,,,סט 4 קופסאות פלסטיק,יחידה,0.00,יחידה,false,,19.90,0.0000,true,1,423772
7296102831540,false,סט 4 קערות מילאנו 13,,,סט 4 קערות מילאנו 13,יחידה,0.00,יחידה,false,,15.00,0.0000,true,1,446820
7296102831557,false,סט 4 צלחות עמוקות תמ,,,סט 4 צלחות עמוקות תמ,יחידה,0.00,יחידה,false,,15.00,0.0000,true,1,446835
7297094010982,false,סינר תינוק,,,סינר תינוק,יחידה,0.00,יחידה,false,,12.90,0.0000,true,1,455412
7297094020707,false,שמיכת ויולט כבש זוגי,,,שמיכת ויולט כבש זוגי,יחידה,0.00,יחידה,false,,100.90,0.0000,true,1,188239
7297373004404,false,רב מגבת לבן 800 גרם,,,רב מגבת לבן 800 גרם,יחידה,0.00,יחידה,false,,19.90,0.0000,true,1,520155
7297425473240,false,סט דיסני מיקרו 160/2,,,סט דיסני מיקרו 160/2,יחידה,0.00,יחידה,false,,169.90,0.0000,true,1,423812
7297478002855,false,גרבי ספורט לבן איכות,,,גרבי ספורט לבן איכות,יחידה,0.00,יחידה,false,,24.90,0.0000,true,1,546260
7297478002886,false,גרב ספורט אכותית נשי,,,גרב ספורט אכותית נשי,יחידה,0.00,יחידה,false,,24.90,0.0000,true,1,546400
7297478003487,false,גרב סירה לגבר סיליקו,,,גרב סירה לגבר סיליקו,יחידה,0.00,יחידה,false,,22.90,0.0000,true,1,546316
7297478004309,false,גרב חיילת שחור,,,גרב חיילת שחור,יחידה,0.00,יחידה,false,,19.90,0.0000,true,1,546381
7297488098305,false,קמח שקדים דגש 250 גרם,תות תעשיות מזון (201,IL,דגש קמח שקדים 250 גר,,250.00,יח',false,,27.90,0.1116,true,1,103588
7312040017683,false,וודקה אבסולוט בקבוק,חברת אבסולוט,SE,אבסולוט וודקה 700 מל,,700.00,,false,,75.90,0.1084,true,1,90517
7380580005255,false,נייס שבלולים לשיער,,,נייס שבלולים לשיער,יחידה,0.00,יחידה,false,,7.90,0.0000,true,1,90625
7394376620294,false,משקה ש.שועל בטעם וניל 1 ליטר,איי אם פי אס איי תעש,NL,משקה שיבולת שועל וני,ליטרים,1.00,ליטר,false,,17.90,17.9000,true,1,549562
7450026800499,false,נעלי בית חורף גברים,,,נעלי בית חורף גברים,יחידה,0.00,יחידה,false,,39.90,0.0000,true,1,247443
7480588956563,false,נייס שבלולים לשיער,,,נייס שבלולים לשיער,יחידה,0.00,יחידה,false,,9.90,0.0000,true,1,90628
7501013122114,false,"נקטר משקה אננס בקרטונית ג'ומקס, 1 ל'",חומקס קומר קומרסאליז,MX,ג'ומקס נקטר אננס קרט,ליטרים,1.00,ליטר,false,,11.00,11.0000,true,1,244587
7501064191466,false,"שישיית בירה קורונה 355 מ""ל בקבוק",,,קורונה מארז שישיה 6*,ליטרים,2.13,ליטר,false,,37.90,17.7934,true,1,85348
7502271452456,false,מגבוני חיטוי לניקוי,,,מגבוני חיטוי לניקוי,יחידה,0.00,יחידה,false,,3.90,0.0000,true,1,321039
7509546057545,false,ליידי ספיד סטיק פרו 5 סטיק 45 גרם,,US,דיאודורנט סטיק פרו 5,,45.00,יח',false,,22.90,0.5089,true,1,467579
7509546061665,false,דאודורנט ספיד סטיק אקסטרים אינטנס 85 גר,,,דאודורנט ספיד סטיק א,,85.00,,false,,20.90,0.2459,true,1,534657
7610008059080,false,טבלת שוקולד רגוסה מריר עם שקדים 100 גר,,CH,טבלת רגוסה מריר חדש,,100.00,יח',false,,17.90,0.1790,true,1,487128
7610008059103,false,טבלת שוקולד טורינו חלב 100 גר,,CH,טבלת טורינו חלב חדש,,100.00,יח',false,,17.90,0.1790,true,1,487144
7610100034084,false,שפורפרת מיונז טומי 265 גרם,נסטלה שוויץ ס.א,,מיונז טומי 265 גרם,,265.00,יח',false,,16.90,0.0638,true,1,135587
7610400014649,false,לינדט שוקולד חלב 100 גרם,לינדט ושפרונגלי,,לינדט לינדור שוק.חלב,,100.00,יח',false,,18.90,0.1890,true,1,69164
7610400068505,false,בונבוניירה לינדור מילק 200 גרם,לינדט ושפרונגלי,,לינדור בונבוניירה חל,,200.00,100 גרם,false,,35.90,0.1795,true,1,69167
7610400074155,false,לינדט שוקולד 60% 100 גרם,"לינדט ושפרונגלי, CH-",,לינדט לינדור 60% 100,,100.00,יח',false,,18.90,0.1890,true,1,69171
7610400075770,false,לינדט לה גרנד מריר אגוז 150 גר,לינדט ושפרונגלי,CH,לינדט לה גרנד מריר ע,,150.00,יח',false,,26.90,0.1793,true,1,167031
7610400091060,false,לינדט שוקולד אקסלנס אורנגי 100 גרם,לינדט ושפרונגלי,,לינדט מריר אקסלנס תפ,,100.00,100 גרם,false,,18.90,0.1890,true,1,286569
7613030979647,false,דגני בוקר טריקס פירות עולם היורה 480 ג',ג'נרל מילס סאן אדריא,IL,דגני בוקר טריקס 480,,480.00,יח',false,,28.90,0.0602,true,1,179381
7613032045753,false,פיטנס - דגני בוקר שוקולד 375 גרם,הנסיך- מפעל לייצור ט,FR,דגני פיטנס שוקולד נס,,375.00,יח',false,,23.90,0.0637,true,1,75599
7613035548374,false,גולדן מיניס מלחמת הכוכבים 570 גרם,סי. פי. צרפת,FR,דגני בוקר גולדן מיני,,570.00,יח',false,,28.90,0.0507,true,1,75638
7613035622623,false,פיטנס - גרנולה שקדים ודבש 300 גרם,שוורצקוף& הנקל דיסלד,LT,פיטנס גרנולה שקדים ו,,300.00,יח',false,,16.90,0.0563,true,1,125364
7613035635845,false,פיטנס גרנולה שוקולד 14*300 גרם,שוורצקוף& הנקל דיסלד,LT,פיטנס גרנולה שוקולד,,300.00,יח',false,,16.90,0.0563,true,1,75640
7613035758834,false,פיטנס גרנולה חמוציות 300 גרם,שוורצקוף& הנקל דיסלד,LT,פיטנס גרנולה חמוציות,,300.00,יח',false,,16.90,0.0563,true,1,125365
7613035807778,false,פרפקטו רוטב עגבניות לבולונז 400 ג' אסם,נסטלה ספרד,ES,פרפקטו רוטב עגבניות,,400.00,יח',false,,10.90,0.0273,true,1,75642
7613035809109,false,פרפקטו רוטב עגבניות ובזיליקום 400 ג'אסם,נסטלה ספרד,ES,פרפקטו רוטב עגבניות,,400.00,יח',false,,10.90,0.0273,true,1,75643
7613035809857,false,פרפקטו רוטב עגבניות לפסטה ולבישול 400 ג' אסם,נסטלה ספרד,ES,פרפקטו רוטב עגבניות,,400.00,יח',false,,10.90,0.0273,true,1,75645
7613036105606,false,דוגלי בוגר בקר 4*3קג,פורינה,HU,דוגלי בוגר בקר 4*3קג,קילוגרמים,3.00,"ק""ג",false,,55.90,18.6333,true,1,149810
7613036314114,false,קפה נס קפה גולד 200 גר',,IL,נסקפה גולד 200 גרם,,200.00,יח',false,,52.90,0.2645,true,1,196405
7613036520492,false,פרפקטו רוטב עגבניות לפיצה 400 גרם,ביוטוני ספרד,ES,פרפקטו רוטב עגבניות,,400.00,יח',false,,10.90,0.0273,true,1,174409
7613037276091,false,נסטלה מיקס מיני אריזות דגני בוקר 200 גרם,SPI SAS,FR,מיקס מיני אריזות דגנ,,200.00,יח',false,,20.90,0.1045,true,1,205074
7613037686906,false,פיטנס - דגני בוקר שקדים ודבש 355 גרם,הנסיך- מפעל לייצור ט,FR,פיטנס שקדים ודבש נסט,,355.00,100 גרם,false,,23.90,0.0673,true,1,251504
7613037811629,false,דגני בוקר קורנפלקס גו פרי 500 גר',שוורצקוף& הנקל דיסלד,IL,קורנפלקס גו פרי 500,,500.00,100 גרם,false,,17.90,0.0358,true,1,268162
7613038268262,false,האני נאט ציריוס מופחת סוכר 410 גרם,סי. פי. צרפת,FR,האני נאט ציריוס מופח,,410.00,יח',false,,22.90,0.0559,true,1,265661
7613039880807,false,גרבר מחית תפוח גזר 190 גרם,,PL,גרבר מחית תפוח גזר 1,,190.00,יח',false,,6.90,0.0363,true,1,425021
7613039881965,false,גרבר מחית גזר תפוח ומנגו 190 גר',,PL,גרבר מחית גזר תפוח 1,,190.00,יח',false,,6.90,0.0363,true,1,425022
7613287182326,false,מחית בננה תפוח ויטמינצ'יק 110 ג',"נסטלה ספרד ס.א, מפעל",ES,פאוץ בננה תפוח ויטמי,,110.00,יח',false,,5.90,0.0536,true,1,393853
7613287182456,false,מחית אגס תפוח בננה ויטמינצ'יק 110 ג',"נסטלה ספרד ס.א, מפעל",ES,פאוץ אגס תפוח בננה ו,,110.00,יח',false,,5.90,0.0536,true,1,393856
7613287325808,false,אוסם - דיפ אנד ספרד מטבל איולי שום 295 גרם,נסטלה פולין,PL,רוטב איולי שום לחיץ,,295.00,יח',false,,15.90,0.0539,true,1,419375
7613287325853,false,אוסם - דיפ אנד ספרד מטבל איולי ספייסי 295 גרם,נסטלה פולין,PL,רוטב ספייסי איולי לח,,295.00,יח',false,,15.90,0.0539,true,1,419360
7613287476678,false,דגני בוקר סינימיניס צ'ורוס נסטלה 360 ג',נסטלה אוונקה,PT,סינימיניס צ'ורוס 360,,360.00,יח',false,,28.90,0.0803,true,1,382241
7614500010310,false,שוקולד בר לבן 100 ג' טובלרון,,,בר טובלורון לבן 100,יחידה,0.00,יחידה,false,,11.90,0.0000,true,1,487530
7622010001858,false,אוראו ממולאות קרם וניל באטמן 176 גרם,פי אר ג'יי אס אי מנד,UA,עוגיות אוראו סנדביץ,,176.00,יח',false,,10.90,0.0619,true,1,123682
7622201139278,false,גבינת שמנת 27% שומן 150 ג' פילדלפיה,מונדלייז,ES,פילדלפיה גבינת שמנת,,150.00,יח',false,,16.90,0.1127,true,1,264978
7622201502515,false,מילקה - עוגיות קוקי לופ 132 גרם,גיורי קייקס קייאפטי,HU,קוקי לופ מילקה 132 ג,,110.00,יח',false,,14.90,0.1355,true,1,419254
7622201521493,false,גבינת פילדלפיה שום ועשבי תיבול 150 גרם,,,גבינת שמנת עם שום וע,,150.00,יח',false,,16.90,0.1127,true,1,507042
7622201808631,false,אוראו מיני כוסות בטעם וניל 67 גרם,פי.טי. מונדלז אינדונ,ID,אוראו מיני כוסות בטע,,67.00,יח',false,,10.90,0.1627,true,1,392540
7622201813390,false,עוגיות מילקה וואפל במילוי קרם קקאו 150 ג,מונדליז סי.אר. ביסקו,,מילקה וואפל במילוי ק,,150.00,יח',false,,15.90,0.1060,true,1,374733
7622210453327,false,עוגיות מילקה סנסיישן 156 גרם,מנדלז פולסקה פרודקשן,PL,מילקה סנסיישן 156 גר,,156.00,יח',false,,15.90,0.1019,true,1,161193
7622210637994,false,"אוראו ביס קראנצי אורגינל, 110 גרם",מונדלז אספניה ג'לאטס,ES,קראנצ'י בייטס אוראו,,110.00,יח',false,,10.90,0.0991,true,1,419211
7622300107949,false,טובלרון חלב צימוק 10,,,טובלרון חלב צימוק 10,,100.00,יח',false,,11.90,0.1190,true,1,487472
7622300270506,false,מילקה גריינס - עוגיות שיבולת שועל מצופות שוקולד 168 ג',מונדלז פולסקה פרודקש,PL,מילקה גריינס עוגיות,,168.00,יח',false,,15.90,0.0946,true,1,60520
7622300489427,false,עוגיות אוראו בציפוי שוקולד לבן 246 גרם,מנדלז אספנה גאלטס פר,ES,אוראו פאג שוקולד לבן,,246.00,יח',false,,21.90,0.0890,true,1,175866
7622300489434,false,"עוגיות אוראו פאדג' בציפוי שוקולד חלב, 246 גרם",מנדלז אספנה גאלטס פר,ES,אוראו פאג שוקולד חלב,,246.00,יח',false,,21.90,0.0890,true,1,175867
7630477891592,false,סטארבקס - קפסולות האוס בלנד 57 גרם * 10,נסטלה נספרסו,CH,קפסולות האוס בלנד סט,,57.00,יח',false,,23.90,0.4193,true,1,326488
7630477891677,false,סטארבקס - קפסולות פייק פלייס 53 גרם * 10,,,קפס' פייק פלייס סטאר,,53.00,יח',false,,23.90,0.4509,true,1,326489
7630477891691,false,סטארבקס - קפסולות קולומביה 57 גרם * 10,,,סטארבקס קפסולות קולו,,57.00,יח',false,,23.90,0.4193,true,1,315926
7630477891714,false,סטארבקס - קפסולות אספרסו 57 גרם * 10,נסטלה נספרסו,CH,קפסולות אספרסו סטארב,,57.00,100 גרם,false,,23.90,0.4193,true,1,326490
7630477891738,false,סטארבקס - קפסולות אספרסו בלונד 53 גרם * 10,נסטלה נספרסו,CH,סטארבקס קפסולות אספר,,53.00,יח',false,,23.90,0.4509,true,1,315927
7690589856667,false,נייס שבלולים לשיער,,,נייס שבלולים לשיער,יחידה,0.00,יחידה,false,,12.90,0.0000,true,1,90629
7702024074625,false,פיטנס - חטיפי קרקר חיטה מלאה 234 גרם,קומסטיבלס לה רוזה אס,CO,פיטנס חטיפי קרקר חיט,,234.00,יח',false,,14.90,0.0637,true,1,188728
7702174066631,false,לקקן יוגטה פין פופ במילוי מסטיק 170 גר,הדקלאים אגודת שיתופי,CO,יוגטה פינפופ לקקן 10,,180.00,יח',false,,12.90,0.0717,true,1,68397
7702174068826,false,לקקן יוגטה בטעם פירות 12 יח 204 גרם,אלדור,CO,יוגטה לקקן חדש 12יח,,216.00,יח',false,,12.90,0.0597,true,1,68399
7702174068833,false,לקקן יוגטה טעם גלידה בשקית 12 יח 204 גר,אלדור,CO,'לקקן יוגטה אייס קרי,,216.00,יח',false,,12.90,0.0597,true,1,68400
7790580421663,false,שוקולד בון בון ריבת חלב 288 גרם,,,בון בון ריבת חלב וקר,,288.00,יח',false,,21.90,0.0760,true,1,526438
7792860006218,false,1X48X24G בייבי דול רביעיה,גוד פוד פרודקטס S.p,AR,בייבי דול לקקן 20גר,,24.00,יח',false,,2.90,0.1208,true,1,69175
7840392000454,false,"פחם בריקאפאר 5 ק""ג",,,"פחם בריקאפאר 5 ק""ג",קילוגרמים,5.00,"ק""ג",false,,54.90,10.9800,true,1,534422
7860001950123,false,מפזר סוכר רשת נירוסט,,,מפזר סוכר רשת נירוסט,יחידה,0.00,יחידה,false,,14.90,0.0000,true,1,91222
7860001952387,false,קדנית)מונע אבן(,,,קדנית)מונע אבן(,יחידה,0.00,יחידה,false,,9.90,0.0000,true,1,91268
7897654496197,true,חנוכייה מתכת,,,חנוכייה מתכת,יחידה,0.00,יחידה,false,,19.90,0.0000,true,1,413691
7900250001006,false,NICE אביזרי שיער,,,אביזרי שיער,יחידה,0.00,יחידה,false,,15.90,0.0000,true,1,90630
8000215204561,false,VITASI משקה שקדים אורגני 1 ליטר,בטר אנד דיפרנט,IT,משקה שקדים 1 ליטר,ליטרים,1.00,ליטר,false,,18.20,18.2000,true,1,323416
8000380003761,false,וופל גרנדה פטיסרי קוקוס שוקולד 100ג',קריניציה ויטמינה אס,IT,גרנד פטיסרי ופל קוקו,,100.00,יח',false,,13.90,0.1390,true,1,124488
8000380004676,false,וופל לואקר קוביות וניל 200ג',"א. לואקר, קונפקט ג'י",AT,לואקר וופל קרם וניל,,200.00,יח',false,,14.90,0.0745,true,1,68411
8000380004911,false,וופל קוארדטיני לואקר קוביות אגוז 250ג'',קריניציה ויטמינה אס,AT,וופל קואדרטיני אגוז,,250.00,יח',false,,15.90,0.0636,true,1,68413
8000380004966,false,וופל קוארדטיני לואקר קוביות שוקולד 250ג',קריניציה ויטמינה אס,AT,וופל קואדרטיני קקאו,,250.00,יח',false,,15.90,0.0636,true,1,68416
8000380005598,false,טורטינה לואקרו ופל שוקולד מריר שישיה 125ג',,,טורטינה מריר 6יח,,125.00,יח',false,,18.90,0.1512,true,1,68417
8000380007219,false,וופל לואקר אגוז קלאסי 175ג',א. לואקר,AT,וופל לואקר אגוז 175,,175.00,100 גרם,false,,13.90,0.0794,true,1,68422
8000380007257,false,וופל גרנדה מצופה שוקולד 200ג',קריניציה ויטמינה אס,IT,.וופל מצופה שוקולד ג,,200.00,יח',false,,15.90,0.0795,true,1,176496
8000380007271,false,וופל לואקר קרם חלב 175ג',,IT,וופל לואקר חלב 175 ג,,175.00,יח',false,,13.90,0.0794,true,1,124498
8000380142484,false,וופל קוארדטיני לואקר קוביות שוקו' מריר 250ג'',"אינסטנטה בע""מ",AT,וופל קואדרטיני שוקול,,250.00,יח',false,,15.90,0.0636,true,1,176498
8000380180745,false,לואקר קוביות וופל קקאו עם קרם חלבי 250 ג,"א. לואקר, קונפקט ג'י",AT,וופל קואדרטיני לואקר,,250.00,יח',false,,15.90,0.0636,true,1,176508
8000380187119,false,עוגיות במילוי קרם אגוזי לוז לואקר 100 גר,לואקר,AT,עוגיות לואקר אגוזי ל,,100.00,יח',false,,15.90,0.1590,true,1,320146
8000380192243,false,וופלים לואקר מקסי בטעם אגוז 200 גר',,,וופל לואקר מקסי אגוז,,200.00,יח',false,,15.90,0.0795,true,1,196187
8000500023624,false,שוקולד הפי היפו חטיף קינדר מארז 20.5X5ג',קדבורי,DE,הפי היפו 5*20ג,,102.00,יח',false,,14.90,0.1461,true,1,68460
8000500029350,false,קינדר בואנו חטיף מארז שלישייה 129ג',פררו,IT,קינדר בואנו 3*43 גרם,,129.00,יח',false,,13.90,0.1078,true,1,101909
8000500037874,false,בונבוניירה פררו רושה 200 גרם,פררו,IT,בונבוניירת רושר 200ג,,200.00,יח',false,,29.90,0.1495,true,1,101911
8000500071083,false,שוקולד אצבעות קינדר חלב 200 ג',קדבורי,IT,קינדר אצבעות שוקולד,,200.00,יח',false,,15.90,0.0795,true,1,101912
8000500121436,false,קינדר בואנו לבן חטיף מארז שלישייה 129ג',פררו,IT,קינדר בואנו לבן 3*43,,117.00,יח',false,,13.90,0.1188,true,1,101914
8000500249352,false,קינדר בואנו מיני מיקס שקית 205 ג',קדבורי,PL,קינדר בואנו מיני מיק,יחידה,0.00,יחידה,false,,20.90,0.0000,true,1,152308
8000500256213,false,קינדר שוקולד מיני 120 גרם,קדבורי,IT,פרר-קינדר שוקולד מינ,,120.00,יח',false,,11.90,0.0992,true,1,197845
8000500294345,false,רושר איש שלג שוקולד חלב ואגוזי לוז 90 גר,,PL,פררו איש שלג 90 גרם,,90.00,יח',false,,15.90,0.1767,true,1,250652
8000500310397,true,ביסקוויטים במילוי נו,,,ביסקוויטים במילוי נו,,166.00,יח',false,,15.90,0.0958,true,1,562226
8000500366073,true,ביסקוויטים במילוי נו,,,ביסקוויטים במילוי נו,,276.00,יח',false,,22.90,0.0830,true,1,562210
8001003100164,false,יוגטה סוכריות גילי בטעם פירות 450 גר,,,יוגטה סוכריות ג'לי פ,,450.00,יח',false,,14.90,0.0331,true,1,187934
8001090336521,false,טיטולי פמפרס בייבי דריי מידה 5 30 יח',פרוקטר אנד גמבל,DE,פמפרס בייבי דריי מיד,יחידה,0.00,יחידה,false,,35.90,0.0000,true,1,249350
8001090379337,false,פמפרס פרימיום חיתולי VP מידה 3 40 יח',פרוקטר & גמבל,DE,חיתולי פמפרס פרימיום,יחידה,0.00,יחידה,false,,37.90,0.0000,true,1,164936
8001090740663,false,מגן תחתון אולוויז מגה פק נורמל 76 יח,,DE,מגן תחתון מגה פק נור,יחידה,0.00,יחידה,false,,18.90,0.0000,true,1,250964
8001090833167,false,גל כביסה אריאל בניחוח הרים 2.365 ליטר,פרוקטור אנד גמבל,FR,אריאל ג'ל כביסה ניחו,ליטרים,2.37,ליטר,false,,36.90,15.5696,true,1,194441
8001090899194,false,תחבושות אולוויז פלטינום נורמל 24 יח',,DE,תחבושות פלטינום נורמ,יחידה,0.00,יחידה,false,,24.90,0.0000,true,1,235362
8001090899224,false,תחבושות אולוויז פלטינום לונג 20 יח',,DE,תחבושות פלטינום לונג,יחידה,0.00,יחידה,false,,24.90,0.0000,true,1,235363
8001100059259,false,שקיות וופל ריבועי פלוקו עם מילוי קרם אגוזי לוז 250 ג',,,וואפל קוביות BALOCCO,,250.00,יח',false,,13.90,0.0556,true,1,350840
8001100067940,false,וואפל בטעם קקאו באלוקו 125 ג',,,וואפל קוביות BALOCCO,,125.00,יח',false,,10.90,0.0872,true,1,350842
8001100067957,false,שקיות וופל פאלוקו סקוור אגוזי לוז 125 ג',,,וואפל קוביות BALOCCO,,125.00,יח',false,,10.90,0.0872,true,1,350843
8001440118944,false,שלישיית עגבניות פולפה *400 ג' צ'יריו,,IT,שלישיית עגבניות פולפ,,1200.00,יח',false,,16.90,0.0141,true,1,568632
8001620011935,false,"שישיית סאן בנדטו מוגז עדין 500 מ""ל",אקווה מינרלה סאן בנד,IT,סאן בנדטו מוגז 6*500,ליטרים,3.00,ליטר,false,,13.90,4.6333,true,1,64749
8001620017456,false,"מים מינרליים סאן בנדטו פקק ספורט 500X6מ""ל",,,סאן בנדטו פקק ספורט,ליטרים,3.00,ליטר,false,,15.90,5.3000,true,1,184428
8001841237657,false,מגן תחתון אולוויז פר,פרוקטר & גמבל,DE,מגן תחתון נורמל פרש,יחידה,0.00,יחידה,false,,18.90,0.0000,true,1,511952
8001841470252,false,נוזל ניקוי כלים פייר,,,נוזל ניקוי כלים פייר,,500.00,,false,,10.90,0.0218,true,1,552771
8001841470290,false,נוזל ניקוי כלים פייר,,,נוזל ניקוי כלים פייר,,750.00,,false,,14.90,0.0199,true,1,552724
8001841625188,false,"נוזל כלים פיירי פלטינום לימון 515 מ""ל",פרוקטר אנד גמבל,GB,פיירי נוזל כלים פלטי,,515.00,,false,,10.90,0.0212,true,1,287696
8001841625362,false,"נוזל כלים בניחוח לימון פלטינום 780 מ""ל פיירי",,GB,פיירי נוזל כלים פלטי,,780.00,,false,,14.90,0.0191,true,1,484464
8001841664903,false,"שמפו פאנטן 400 מ""ל",,,"שמפו פאנטן 400 מ""ל",,400.00,,false,,15.90,0.0398,true,1,567071
8001841665139,false,"שמפו פאנטן 400 מ""ל",,,"שמפו פאנטן 400 מ""ל",,400.00,,false,,15.90,0.0398,true,1,570892
8001841941929,false,תחבושות אולוויז וליו פק לילה אקסטרא,,DE,אולוויז וליו פק לילה,יחידה,0.00,יחידה,false,,24.90,0.0000,true,1,459695
8001943549122,false,"צ'וקטה מטבעות שוקולד חלב, 40 גרם",,,צ`וקטה מטבעות שוקולד,,40.00,יח',false,,4.90,0.1225,true,1,157214
8002270846472,false,מים סאן פלגרינו פלסט 500 מל,סן פלגרינו,IT,סאן פלגרינו 500מל,,500.00,,false,,4.90,0.0098,true,1,64755
8002270866524,false,סאן פלנגרינו מים מינ,San Pellegrino Terme,IT,סאן פלנגרינו מים מינ,ליטרים,1.00,ליטר,false,,8.90,8.9000,true,1,64756
8002910043476,false,Veet רצועות שעווה לקו ביקיני (16 יח'),,,רצועות שעווה לבית הש,יחידה,0.00,יחידה,false,,33.90,0.0000,true,1,165440
8003130129506,false,חטיף ציפס 50 גרם CL,,,חטיף ציפס 50 גרם CL,,50.00,יח',false,,6.90,0.1380,true,1,503903
8003130129544,false,חטיף ציפס 50 גרם,,,חטיף ציפס 50 גרם,,50.00,יח',false,,6.90,0.1380,true,1,503904
8003340091280,false,בונבוניירה לינדור60% 200 גרם,לינדוט ושופרונגלי אי,IT,בונבוניירות לינדור 6,,200.00,100 גרם,false,,35.90,0.1795,true,1,69176
8003477500327,false,פרימלוצ'י קורנטי 500,,,פרימלוצ'י קורנטי 500,,500.00,100 גרם,false,,6.90,0.0138,true,1,532170
8004030026018,false,"מקסיקני עם טונה ריו מרה אינסלטיסימי, 160 ג'","בולטון אלימנטרי בע""מ",IT,ריו מרה טונה עם שעוע,,160.00,יח',false,,18.90,0.1181,true,1,77529
8004030102033,false,טונה בשמן עם לימון ופלפל ריו מרה שלישיה *80 ג',בולטון אלימנטרי,IT,טונה בשמן עם לימון ו,,240.00,יח',false,,32.90,0.1371,true,1,197733
8004030180000,false,טונה בשמן זית כתית ריו מרה 3*80 גרם,בולטון אלימנטרי,IT,ריו מרה טונה בשמן זי,,240.00,יח',false,,32.90,0.1371,true,1,552460
8004030845046,false,טונה עם ירקות בתוספת עם אורז ריו מרה אינסלטיסימי 160 ג',בולטון אלימנטרי,IT,אינסלטיסימי אורז עם,,160.00,יח',false,,18.90,0.1181,true,1,198992
8004123002509,false,שמן זרעי ענבים מזוכך,,,שמן זרעי ענבים מזוכך,,1.00,,false,,42.90,42.9000,true,1,488524
8004800004802,false,גלילי וופל לאגו פלאסיר קרם דומדמניות 100,לאגו,IT,לאגו פלאסיר- גלילי ו,,100.00,100 גרם,false,,11.90,0.1190,true,1,536072
8004800004826,false,לאגו פלאסיר - וופלים במילוי קרם קוקוס שוקולד מריר - 98ג,לאגו,IT,ופלים במילוי קרם קוק,,98.00,100 גרם,false,,11.90,0.1214,true,1,534041
8005110002243,false,רכז עגבניות Doppio Concentr בשפופרת 185 ג' MUTTI,"איי, בי, אינבוו",IT,תרכיז MUTTI עגבניות,,185.00,יח',false,,8.90,0.0481,true,1,313733
8005200256587,false,משקה תה בטעם אפרסק 1.5ל' NESTEA,מפעל סאנפלגרינו S.P.,IT,נסטי אפרסק 1.5 ליטר,ליטרים,1.50,ליטר,false,,9.90,6.6000,true,1,418454
8005200286584,false,משקה תה בטעם מנגו אננס 1.5 ל' NESTEA,מפעל סאנפלגרינו S.P.,IT,נסטי מנגו אננס 1.5 ל,ליטרים,1.50,ליטר,false,,9.90,6.6000,true,1,418469
8005200316588,false,משקה תה דיאט בטעם אפרסק 1.5ל' NESTEA,מפעל סאנפלגרינו s.p.,IT,נסטי דיאט אפרסק 1.5,ליטרים,1.50,ליטר,false,,11.50,7.6667,true,1,418470
8006227000399,false,מנצאטו-לחם פרוס לבן 400 גרם,,IT,לחם מחמצת פרוס לבן 4,,400.00,יח',false,,17.90,0.0447,true,1,505550
8006227000405,false,סמנצאטו-לחם פרוס חיטה מלאה 400 גרם,,IT,לחם מחמצת פרוס חיטה,,400.00,יח',false,,17.90,0.0447,true,1,505551
8006540106709,false,אולוויז - מגן תחתון נורמל 58 יח',,,מגן תחתון מגה פק נור,יחידה,0.00,יחידה,false,,18.90,0.0000,true,1,550966
8006540112823,false,"לנור מרכך כביסה מרוכז בניחוח האוקיינוס 900 מ""ל",פרוקטר אנד גמבל,FR,לנור מרכך מרוכז בניח,,900.00,,false,,17.90,0.0199,true,1,368703
8006540112854,false,"מרכך כביסה מרוכז בניחוח סחלב לנור 900 מ""ל",,,לנור מרכך מרוכז בניח,,900.00,"100 מ""ל",false,,17.90,0.0199,true,1,362978
8006540404935,false,תחבושות אולוויז דיסק,,,תחבושות אולוויז דיסק,,12.00,,false,,19.90,1.6583,true,1,524868
8006540491539,false,"נוזל כלים פיירי פלטינום אוריגינל 780 מ""ל",,GB,פיירי נוזל כלים פלטי,,780.00,,false,,14.90,0.0191,true,1,484416
8006540495216,false,"לנור מרכך כביסה מרוכז בניחוח אמאטיסט 900 מ""ל",,,לנור מרכך מרוכז בניח,,900.00,,false,,17.90,0.0199,true,1,501440
8006540495247,false,"לנור מרכך כביסה מרוכז ורוד""פרח בר"" 900 מ""ל",,,לנור מרכך מרוכז בניח,,900.00,,false,,17.90,0.0199,true,1,551771
8006540592434,false,אולוויז תחבושות נורמל 28 יח,,,תחבושות אולוויז ירוק,,16.00,,false,,19.90,1.2437,true,1,516086
8006540592465,false,אולוויז תחבושות לונג 24 יח,פרוקטר,DE,תחבושות אולוויז סגול,,16.00,,false,,19.90,1.2437,true,1,516087
8006540628737,false,שמפו הד שולדרס קלאסי,,,שמפו הד שולדרס קלאסי,,350.00,,false,,16.90,0.0483,true,1,526362
8006540690260,false,"שמפו פאנטן 400 מ""ל",,,"שמפו פאנטן 400 מ""ל",,400.00,,false,,15.90,0.0398,true,1,567079
8008245004847,true,ממרח אגוזי לוז וקקאו,,,ממרח אגוזי לוז וקקאו,,300.00,יח',false,,17.90,0.0597,true,1,337830
8008660210021,false,מעדן ריבה מנץ אנד גאססר דובדבן 300 גר,שוורצקוף& הנקל דיסלד,IT,מעדן דובדבן 300 גר`,,300.00,100 גרם,false,,18.90,0.0630,true,1,79972
8008660210038,false,מעדן ריבה מנץ אנד גאססר תות שדה 300 גר,קריניציה ויטמינה אס,IT,מעדן תות שדה 300 גר`,,300.00,יח',false,,18.90,0.0630,true,1,79973
8008660210045,false,מעדן ריבה מנץ אנד גאססר פירות יער 300 גר,שוורצקוף& הנקל דיסלד,IT,מעדן פירות יער 300 ג,,300.00,יח',false,,18.90,0.0630,true,1,79974
8008857601090,false,פסטה קנלוני רג'יה 250 גר',,,קנלוני רג'יה 109 250,,250.00,יח',false,,8.90,0.0356,true,1,197761
8008912010034,false,ספגטי ליגורי 500 גר',,,פסטה ספגטי מספר 3 -,,500.00,יח',false,,8.90,0.0178,true,1,495906
8008912010072,false,ספגטי לינגוויני 500ג ליגורי,,,פסטה לינגוויני מספר,,500.00,יח',false,,8.90,0.0178,true,1,495907
8008912010300,false,פסטה פרפלה ליגורי 500 גר',,,פסטה פרפלה מספר 30 -,,500.00,יח',false,,8.90,0.0178,true,1,495909
8008912010317,false,פסטה פוזלי ליגורי 500 גר',,,פסטה פוזלי מספר 31 -,,500.00,100 גרם,false,,8.90,0.0178,true,1,495910
8008912010331,false,פסטה ניוקטי סרדי בצורת קונכיות LIGUORI,,,פסטה ניוקטי סרדי בצו,,500.00,יח',false,,8.90,0.0178,true,1,543406
8008912010423,false,פסטה פנה ריגטה מספר 42 LIGUORI,,,פסטה פנה ריגטה מספר,,500.00,יח',false,,8.90,0.0178,true,1,495911
8015997000911,false,מאריני בישקוטים 200 גרם,,,בישקוטים פריכים 200,,200.00,יח',false,,7.90,0.0395,true,1,505534
8023788030610,false,שוקולד חלב 300 גרם,,,שוקולד חלב 300 גרם,,300.00,יח',false,,17.90,0.0597,true,1,513401
8023788030627,false,שוקולד מריר מעולה 3,,,שוקולד מריר מעולה 3,,300.00,יח',false,,17.90,0.0597,true,1,513402
8023788030634,false,שוקולד חלב עם שברי א,,,שוקולד חלב עם שברי א,,300.00,יח',false,,17.90,0.0597,true,1,513418
8023788030658,false,עוגיות מלוחות בטעם ט,,,עוגיות מלוחות בטעם ט,,400.00,יח',false,,14.90,0.0373,true,1,542391
8032880800243,false,מקלות אפויים עם ממרח+הפתעה,"הוסטה איטליה, ס.ר.ל.",IT,פיקניק הפתעה 50ג,,50.00,יח',false,,9.90,0.1980,true,1,68481
8076800105056,false,"ברילה ספגטי 1 ק""ג קופסה",,IT,פסטה ספגטי בקופסה בר,קילוגרמים,1.00,"ק""ג",false,,14.90,14.9000,true,1,512535
8076800105735,false,"ברילה פנה ריגטה 1 ק""ג קופסה",,IT,פנה ריגטה בקופסה ברי,קילוגרמים,1.00,"ק""ג",false,,14.90,14.9000,true,1,512551
8076800105988,false,"ברילה פוזילי 1 ק""ג קופסה",,IT,פוזלי בקופסה ברילה 1,קילוגרמים,1.00,"ק""ג",false,,14.90,14.9000,true,1,512567
8076800195033,false,ברילה - צ.א ספגטיני מס3 חדש 500 גרם,ברילה גי.אי.אר פרטלי,IT,ספגטי מס' 3 ברילה 50,,500.00,יח',false,,8.90,0.0178,true,1,125675
8076800195057,false,ברילה - צ.א ספגטי מס5 חדש 500 גרם,ברילה גי.אי.אר פרטלי,IT,ספגטיני מס' 5 ברילה,,500.00,יח',false,,8.90,0.0178,true,1,77538
8076800315097,false,ברילה - צ.א בוקטיני מס9 500 גרם,ברילה גי.אי.אר פרטלי,IT,ספגטי בוקטיני מס' 9,,500.00,100 גרם,false,,8.90,0.0178,true,1,77540
8076802085981,false,ברילה - צ.ק פוזילי חדש 500 גרם,ברילה גי.אי.אר פרטלי,IT,פסטה פוזילי 98 ברילה,,500.00,יח',false,,8.90,0.0178,true,1,77545
8076809501415,false,ברילה קנלוני/פנה 500 ג' מצה פנה טרקולור 500 גרם,,,ברילה פסטה פנה טריקו,,500.00,יח',false,,15.90,0.0318,true,1,177496
8076809512268,false,ברילה - צ.ק גירנדולה חדש 500 גרם,ברילה גי.אי.אר פרטלי,IT,פסטה גירנדולה מס' 34,,500.00,יח',false,,8.90,0.0178,true,1,125682
8076809513395,false,רוטב פסטה ברילה פורמודרו 400ג',ברילה גי.אי.אר פרטלי,IT,ברילה רוטב פורמודרו,,400.00,יח',false,,16.90,0.0422,true,1,77553
8076809513654,false,בסיס רוטב עגבניות לבולונז 400 גרם ברילה,ברילה גי.אי.אר פרטלי,IT,ברילה רוטב עגבניות ל,,400.00,יח',false,,16.90,0.0422,true,1,77554
8076809513692,false,רוטב עגבניות נפולטנה בתוספת ירקות,ברילה גי.אי.אר פרטלי,IT,ברילה רוטב נפוליטנה,,400.00,יח',false,,16.90,0.0422,true,1,77555
8076809513739,false,רוטב פסטה ברילה בזיליקום 400 ג',ברילה גי.אי.אר פרטלי,IT,ברילה רוטב בזיליקום,,400.00,יח',false,,16.90,0.0422,true,1,77556
8076809514774,false,ברילה איטריות ביצים פפרדלה 250ג',ברילה גי.אי.אר פרטלי,IT,ברילה פפרדלה ביצים 2,,250.00,יח',false,,18.90,0.0756,true,1,177497
8076809523738,false,פסטה ברילה לזניה 500ג',ברילה גי.אי.אר פרטלי,IT,לזניה ברילה 500 גרם,,500.00,יח',false,,28.90,0.0578,true,1,77562
8076809545464,false,ברילה פסטה ללא גלוטן צורת ספירלי 400 גר,מולינו אנדריאני אס.א,IT,ברילה ספירלי עב קמח,,400.00,יח',false,,15.90,0.0398,true,1,125690
8076809578998,false,ברילה - צ.ק. סטלינה 500 גרם,,,פסטה סטלינה מס' 27,,500.00,יח',false,,8.90,0.0178,true,1,365039
8410076610379,false,נייטשר ואלי פרוטאין בוטנים ושבבי שוקולד 160 ג',סריילטו ספיין פודס,ES,פרוטאין בוטנים ושבבי,,160.00,יח',false,,28.90,0.1806,true,1,176520
8410076621009,false,חטיף פייבר 1 קרמל מלוח 30% פחות סוכר 120 גר',"גלאטס סירו בע""מ",ES,חטיף פייבר 1 בטעם קר,,120.00,100 גרם,false,,16.90,0.1408,true,1,328639
8410076621047,false,פייבר וואן - שוקולד בראוניז פאדג' 5 * 24 גרם,"גלאטס סירו בע""מ",ES,חטיף פייבר 1 בטעם שו,,120.00,100 גרם,false,,16.90,0.1408,true,1,328640
8410128768355,false,ויוה סוי סויה קלאסי קרטונית ליטר,,ES,ויוה סוי סויה 1 ליטר,ליטרים,1.00,ליטר,false,,12.90,12.9000,true,1,273704
8410182420114,false,בצלצלי פנינה בחומץ 370 גר,דליסיאס,,בצלצלי פנינה בחומץ ד,,370.00,יח',false,,12.90,0.0349,true,1,132749
8410342003508,false,"טוראס- ממרח שוקולד ללת""ס 200 גרם",,ES,ממרח שוקולד ואגוזים,,200.00,יח',false,,20.90,0.1045,true,1,505077
8410342004789,false,טוראס-שוקולד מריר 72% ללא סוכר 100 גרם,,,שוקולד מריר 72% ללא,,100.00,יח',false,,17.90,0.1790,true,1,505410
8410376011210,false,עוגיות גולון מיני שו,,,עוגיות גולון מיני שו,,100.00,יח',false,,6.90,0.0690,true,1,487098
8423207206488,false,חטיף דגנים מלאים מצופה שוקולד חלב 120 גר,אף.סי תבליני בגליל ב,ES,סלים דליס חטיף דגנים,,120.00,יח',false,,13.90,0.1158,true,1,125699
8423207206495,false,חטיף דגנים מלאים מצופה שוקולד מריר 120 ג,אף.סי תבליני בגליל ב,ES,סלים דליס חטיף דגנים,,120.00,יח',false,,13.90,0.1158,true,1,77573
8423207208680,false,מרבה חטיפי סלים דליס לילדים שוקולד חלב,ביסנצ'ורי אס.אל.יו,ES,סלים דליס קידס בציפו,,121.00,יח',false,,13.90,0.1149,true,1,174745
8423207208697,false,מרבה סלים דליס לילדים עם שוקולד לבן חדש,ביסנצ'ורי אס.אל.יו,ES,סלים דליס קידס עוגיו,,120.00,יח',false,,13.90,0.1158,true,1,77585
8423207208871,false,פרכיות תירס בטעם טבעי סלים דליס 130ג',,,פריכיות תירס בטעם טב,,130.00,יח',false,,10.90,0.0838,true,1,121615
8423207209885,false,מרבה חטיפי סלים דליס מהדורה מיוחדת שוקולד חלב,,ES,סלים דליס אקסטרא חטי,,120.00,יח',false,,13.90,0.1158,true,1,170380
8423207210928,false,"סלים דליס טופינג אגוזי לוז, 90 גרם",ביסנצ'ורי אס.אל.יו,ES,סלים דליס טופינג בטע,,90.00,100 גרם,false,,13.90,0.1544,true,1,300548
8424842050030,false,חטיף צ'יפס עם שמן זי,,,חטיף צ'יפס עם שמן זי,,125.00,יח',false,,13.90,0.1112,true,1,448933
8424842050085,false,צ'יפס בטעם חרדל ודבש 125 גרם,,,חטיף צ'יפס דבש וחרדל,,125.00,יח',false,,13.90,0.1112,true,1,448934
8424842201340,false,חטיף צ'יפס רביו 130,,,חטיף צ'יפס רביו 130,,130.00,יח',false,,13.90,0.1069,true,1,448935
8431876247244,false,קרפור - חלב אורז ביו,,,קרפור - חלב אורז ביו,ליטרים,1.00,ליטר,false,,9.90,9.9000,true,1,573238
8431876289565,false,קרפור - חלב שיבולת ש,,,קרפור - חלב שיבולת ש,ליטרים,1.00,ליטר,false,,9.90,9.9000,true,1,573207
8431876289596,false,קרפור - חלב שקדים עש,,,קרפור - חלב שקדים עש,ליטרים,1.00,ליטר,false,,8.90,8.9000,true,1,573460
8431876289602,false,קרפור - חלב אורז עשי,,,קרפור - חלב אורז עשי,ליטרים,1.00,ליטר,false,,7.90,7.9000,true,1,573412
8436575292205,false,ארטיק חמשושים מאגדת 15*12 גר',שוורצקוף& הנקל דיסלד,IL,מאגדת חמשושים אננס מ,,180.00,יח',false,,22.90,0.1272,true,1,198814
8594403707977,false,"בירה באדוויזר לאגר פחית 500 מ""ל",,,"באדוויזר לאגר 500 מ""",,330.00,,false,,9.90,0.0300,true,1,550829
8606018615827,false,גלידת וניל עם שברי עוגיות אוראו 480 ג',נסטלה,IL,גלידת וניל עם שברי ע,,300.00,,false,,13.90,0.0463,true,1,556535
8606018615841,false,גלידת וניל עם ליבת שוקולד חלב 480 ג' מילקה,נסטלה,IL,פיינט מילקה וניל ליב,,300.00,,false,,13.90,0.0463,true,1,556503
8606018615865,false,פיינט מילקה קרמל ליבת שוקולד 480 גרם,נסטלה,IL,פיינט מילקה קרמל ליב,,300.00,,false,,13.90,0.0463,true,1,556504
8683323063024,false,יוגטה שטיחים תותי פרוטי 220 גרם,מוטקה החולב,TR,יוגטה חיספוסים שטיחי,,220.00,יח',false,,7.90,0.0359,true,1,178858
8690504081920,false,מקוויטיס טינס מצופה שוקולד מריר 150 גרם,"אולקר ביסקווי סנאי,",TR,טינס מצופה שוקולד מר,,150.00,יח',false,,9.90,0.0660,true,1,179822
8690637505607,false,בדין אקסטרה מרכך כביסה בניחוח פינוק כחול,יוניליוור סנאיי וי ט,TR,מרכך כביסה אקסטרה כח,,960.00,,false,,18.90,0.0197,true,1,387992
8690637505614,false,"מרכך כביסה בדין אקסטרה פינוק קוקוס 960 מ""ל",יוניליוור סנאיי וי ט,TR,מרכך כביסה מרוכז בדי,,960.00,,false,,18.90,0.0197,true,1,387993
8690637858734,false,גל לנ.כללי סיף אקונומיקה בנ.לימון 750 מל,יונילוור טורקיה,TR,סיף ג'ל אקונומיקה לי,,750.00,"100 מ""ל",false,,14.90,0.0199,true,1,185524
8690637858758,false,גל לנ.כללי סיף אקונומיקה בנ.אורנים 750 מ,,IL,סיף ג'ל אקונומיקה או,,750.00,,false,,14.90,0.0199,true,1,185526
8690637946301,false,"בדין - מרכך כביסה אקסטרא בייביי כחול 960 מ""ל",יוניליוור סנאיי וי ט,TR,בדין אקסטרה בייבי כ,,960.00,,false,,18.90,0.0197,true,1,270048
8690766156367,false,שוקולד חלב גודייבה מעולה 90 גר,"אולקר מקבוצת פלאדיס,",TR,גודייבה שוקולד חלב מ,,90.00,יח',false,,17.90,0.1989,true,1,302562
8690766156381,false,גודייבה שוקולד מריר 90% מוצקי קקאו 90 גרם,"אולקר מקבוצת פלאדיס,",TR,גודייבה ש.מריר מעולה,,90.00,יח',false,,17.90,0.1989,true,1,286500
8690777204071,false,פלפל חריף סרה 640 גר,יוליניבר,TR,פלפל חריף סרה 640 גר,,640.00,יח',false,,14.90,0.0233,true,1,58447
8690777206051,false,חצילים קלויים על האש סארה 650 גר',קוראהן פזלרמה וי דיס,TR,חציל קלוי על האש סרה,,650.00,יח',false,,14.90,0.0229,true,1,58448
8690777221405,false,פלפל אדום קלויים על האש 650 גרם SERA,קוראהן פזלרמה וי דיס,TR,פלפל אדום קלוי על הא,,650.00,יח',false,,14.90,0.0229,true,1,58449
8690946270074,false,פסטה ספגטי 500 גרם B,,,פסטה ספגטי 500 גרם B,,500.00,יח',false,,4.90,0.0098,true,1,543741
8690946270111,false,פסטה פוזלי 500 גרם B,,,פסטה פוזלי 500 גרם B,,500.00,יח',false,,4.90,0.0098,true,1,543742
8690946270241,false,פסטה קונכיות גדולות,,,פסטה קונכיות גדולות,,500.00,יח',false,,4.90,0.0098,true,1,543743
8690946272320,false,פסטה מקרוני 500 גרם,,,פסטה מקרוני 500 גרם,,500.00,יח',false,,4.90,0.0098,true,1,543745
8691058141238,false,ערמונים שלמים קלויים וקלופים 100 ג' Avel,,,AVEL ערמונים שלמים ק,,100.00,יח',false,,4.90,0.0490,true,1,192785
8692952000232,false,סט 6 כוסות זכוכית שת,,,סט 6 כוסות זכוכית שת,יחידה,0.00,יחידה,false,,14.90,0.0000,true,1,84439
8693357155763,false,סט1 קערה הגשה+6 קערו,,,סט1 קערה הגשה+6 קערו,יחידה,0.00,יחידה,false,,169.90,0.0000,true,1,528174
8693357192904,false,סט 2 תבניות פאי 26 ס,,,סט 2 תבניות פאי 26 ס,יחידה,0.00,יחידה,false,,149.90,0.0000,true,1,84545
8694732005123,false,סבון אסלה צהוב שלישי,,,סבון אסלה צהוב שלישי,יחידה,0.00,יחידה,false,,11.90,0.0000,true,1,536795
8697530910743,false,סיגריות פאל מאל כחול קצר מטאליק,BAT,,פאל מאל בלו,יחידה,0.00,יחידה,false,,31.00,0.0000,false,1,59359
8697530910750,false,סיגריות פאל מאל כחול ארוך האוס,BAT,,פאל מאל בלו ארוך,יחידה,0.00,יחידה,false,,31.00,0.0000,false,1,59360
8698996000207,false,מגבות נייר 1/6,,,מגבות נייר 1/6,,0.00,,false,,11.90,0.0000,true,1,546298
8698996003413,false,נייר סופג 9=1 JUMB,,,נייר סופג 9=1 JUMB,יחידה,0.00,יחידה,false,,19.90,0.0000,true,1,520172
8710502064814,false,עוגיות מרבה שוקולד ציפס במרקם רך 175 גר,בנקטבקריי מרבה בי.וי,NL,מרבה עוגיות שוקוציפס,,175.00,יח',false,,11.90,0.0680,true,1,125722
8710502139017,false,עוגיות מרבה טריפל שוקולד שוקוצ'יפס 180ג',בנקטבקריי מרבה בי.וי,NL,מרבה עוגיות טריפל שו,,180.00,יח',false,,11.90,0.0661,true,1,177510
8710502470028,false,עוגיות מרבה נוגטלי שוקוצ'יפס 160ג',קריניציה ויטמינה אס,NL,מרבה עוגיות נוגטלי 1,,160.00,יח',false,,11.90,0.0744,true,1,125733
8710732227133,false,מצת CRICKET בליסטר,,,מצת CRICKET בליסטר,יחידה,0.00,יחידה,false,,8.00,0.0000,false,1,315092
8710732228918,false,מצת קריקט,,,מצת CRICKET.,יחידה,0.00,יחידה,false,,5.00,0.0000,false,1,315077
8710732229908,false,מצת CRICKET גריל קצר,,,מצת CRICKET גריל קצר,יחידה,0.00,יחידה,false,,13.90,0.0000,false,1,315162
8710732234643,false,3 סכיני גילוח לגבר C,,,3 סכיני גילוח לגבר C,יחידה,0.00,יחידה,false,,13.90,0.0000,true,1,315107
8710732234650,false,3 סכיני גילוח לאישה,,,3 סכיני גילוח לאישה,יחידה,0.00,יחידה,false,,13.90,0.0000,true,1,315108
8710800027573,false,סוכריות מיני מנטוס פירות שקית 178ג',קדבורי,NL,מיני מנטוס שקית,,178.00,יח',false,,18.90,0.1062,true,1,68540
8710800961310,false,סוכריות מנטוס תות מארז 37.5X4ג',קדבורי,NL,מנטוס 1/4 תות,,150.00,יח',false,,12.90,0.0860,true,1,68542
8711327475663,false,פיינט וניל שוקולד לבן 260 ג' מגנום,"מפעל גלידות בווספרם,",HU,גלידת שמנת בטעם וניל,,260.00,100 גרם,false,,23.90,0.0919,true,1,363860
8711327475717,false,מגנום פיינט וניל שקדים 440X8מל,"מפעל גלידות בווספרם,",HU,גלידת שמנת בטעם וניל,,260.00,יח',false,,23.90,0.0919,true,1,363861
8711327475762,false,פיינט שוקולד לבן עוגיות 260 ג' מגנום,"מפעל גלידות בווספרם,",HU,גלידת שמנת שוקולד לב,,260.00,יח',false,,23.90,0.0919,true,1,363862
8712000051099,false,"שישיית בירה היינקן 0.0% אלכוהול 330 מ""ל",פארייפאבה אגרואינדוס,NL,הייניקן בירה 0% בק',ליטרים,1.98,ליטר,false,,35.60,17.9798,true,1,200778
8712400802512,false,נוטרילון מבית נוטרישה 2 800 גר,פרוטרופיק סיה.,NL,נוטרילון שלב 2- 800,,800.00,יח',false,,69.90,0.0874,true,1,60549
8712400802536,false,נוטרילון מבית נוטרישה 3 800 גר,פרוטרופיק סיה.,NL,נוטרילון שלב 3- 800,,800.00,100 גרם,false,,69.90,0.0874,true,1,60551
8712561594608,false,"דאב תחליב רחיצה להזנה עמוקה 750 מ""ל","יוניליוור גרמניה, Gm",DE,תחליב רחצה להזנה עמו,,750.00,,false,,22.90,0.0305,true,1,66196
8712561611183,false,"דאב - תחליב רחצה תה ירוק ומלפפון 500 מ""ל","יוניליוור גרמניה, Gm",DE,דאב תחליב רחצה תה יר,,500.00,"100 מ""ל",false,,19.90,0.0398,true,1,66197
8714599513781,false,קפה נמס גולד מיובש בהקפאה 200 ג' ג'ייקובס,אל.אל. סי ג''יקובס ד,RU,קפה ג'יקובס גולד 200,,200.00,יח',false,,31.90,0.1595,true,1,60538
8714599513835,false,קפה ג'יקובס נטול קופאין מיובש בהקפאה 200 ג',,,קפה ג`יקובס נטול קופ,,200.00,יח',false,,42.90,0.2145,true,1,60539
8714599513866,false,"ג'ייקובס קרוננג מיובש בהקפאה כשל""פ 200 ג'",אל.אל.סי גייקובס דאו,DE,קפה ג'יקובס קרונונג,,200.00,יח',false,,31.90,0.1595,true,1,60540
8714789177229,false,קולגייט מברשת שיניים אקסטרא קלין רביעייה,הנסיך- מפעל לייצור ט,CN,מב.שיניים אקסטרא קלי,יחידה,0.00,יחידה,false,,11.90,0.0000,true,1,77627
8714789218465,false,מברשת שיניים קולגייט 360 מדיום זוג,הנסיך- מפעל לייצור ט,CN,זוג מברשות שיניים 36,יחידה,0.00,יחידה,false,,30.90,0.0000,true,1,77630
8714789402918,false,אגקס חגיגת הפרחים אדום 1.5 ליטר חדש,הנסיך- מפעל לייצור ט,GR,חגיגת הפרחים אדום אג,ליטרים,1.50,ליטר,false,,21.90,14.6000,true,1,77635
8714789402970,false,אגקס חגיגת פרחים 1.5 ל ירוק בניחוח אביב,הנסיך- מפעל לייצור ט,GR,אג'קס חגיגת הפרחים י,ליטרים,1.50,ליטר,false,,21.90,14.6000,true,1,77637
8714789582764,false,"ספריי לניקוי חלונות 750 מ""ל אגקס","ש. שסטוביץ בע""מ",GR,אגקס חלונות 750מל,,750.00,,false,,15.90,0.0212,true,1,77647
8715700419732,false,מתבל עגבניות היינץ 7,ה.י. היינץ,NL,היינץ קטשופ 700 גרם,,700.00,יח',false,,15.90,0.0227,true,1,60642
8715700423906,false,קטשופ מתובל עגבניות 50% פחות סוכר 555ג' היינץ,היינץ צפון אמריקה מק,NL,מתבל עגבניות היינץ 2,,555.00,יח',false,,12.90,0.0232,true,1,173851
8717163714850,false,"דאב - דאודורנט ספריי לאישה קוקוס ויסמין 150 מ""ל",,GB,דאו' ספריי אוריגינל,,150.00,,false,,14.90,0.0993,true,1,426324
8718114734484,false,מיונז מיילי 320 גרם,,,מיונז מיילי 320 גרם,,320.00,יח',false,,17.90,0.0559,true,1,171019
8718951001602,false,"אגקס ספריי רב פעולות 600 מ""ל",הנסיך- מפעל לייצור ט,GR,אג'קס ספריי אדום רב,,600.00,,false,,14.90,0.0248,true,1,77674
8718951044913,false,מרידול משחת שיניים הלבנה 75 מל,,,משחת שיניים הלבנה מר,,75.00,"100 מ""ל",false,,22.90,0.3053,true,1,77677
8718951093331,false,מרידול מברשת שיניים אקסטרה סופט זוג,,,מברשת שיניים מרידול,יחידה,0.00,יחידה,false,,37.90,0.0000,true,1,77680
8718951159808,false,מברשת שיניים קולגייט 360 שלישייה,,,מארז שלישייה מברשת 3,יחידה,0.00,יחידה,false,,33.90,0.0000,true,1,147084
8718951166288,false,"משחת שיניים קולגייט מקס וייט 125 מ""ל",הנסיך- מפעל לייצור ט,PL,קולגייט משחת שיניים,,125.00,"100 מ""ל",false,,19.90,0.1592,true,1,192766
8718951166561,false,"משחת שיניים קולגייט מקס פרש כחול 125 מ""ל",הנסיך- מפעל לייצור ט,PL,קולגייט משחת שיניים,,125.00,,false,,19.90,0.1592,true,1,192767
8718951175600,false,"משחת שיניים קולגייט אוטאל קליין מינט 75 מ""ל",,,קולגייט משחת שיניים,,75.00,,false,,14.90,0.1987,true,1,323016
8718951190191,false,"אג'קס טריגר בוסט לימון וסודה 500 מ""ל",קולגייט פלמוליב פירא,GR,אג'קס טריגר בוסט לימ,,500.00,,false,,16.90,0.0338,true,1,193195
8718951236790,false,"קולגייט טוטאל משחת שיניים קלין מינט לפה בריא 100 מ""ל",Colgate (Euro)-Palmo,PL,משחת שיניים קלין מינ,,100.00,,false,,18.90,0.1890,true,1,194949
8718951236806,false,"קולגייט טוטאל הלבנה להסרת כתמים מהשן 100 מ""ל",Colgate (Euro)-Palmo,PL,מש.שיניים להלבנה קול,,100.00,,false,,18.90,0.1890,true,1,194950
8718951259577,false,"פלמוליב נטורלס חלב ודבש תחליב, 1 ל'",,,תחליב רחצה פלמוליב נ,ליטרים,1.00,ליטר,false,,24.90,24.9000,true,1,385503
8718951264618,false,"קולגייט אופטיק וייט פחם צ'רקול משחת שיניים, 75 מ""ל",קולגייט-פלמוליב,PL,קולגייט אופטיק וייט,,75.00,,false,,29.90,0.3987,true,1,277974
8718951313927,false,"פלמוליב סבון לידיים בחימר טונוס, 300 מ""ל",CP UK,TR,סבון ידיים חימר טונו,,300.00,"100 מ""ל",false,,10.90,0.0363,true,1,318985
8718951315303,false,"קולגייט - משחת שיניים אדומה ביטיוב 100 מ""ל",קולגייט-פלמוליב,PL,משחת שיניים קולגייט,,200.00,,false,,20.90,0.1045,true,1,298829
8718951334090,false,"סופלין מרכך כביסה מרוכז כחול 650 מ""ל",CP UK,GR,סופלין מרכך כביסה מר,,650.00,,false,,12.90,0.0198,true,1,278096
8718951345119,false,נוזל לניקוי רצפות וכללי היביסקוס 2 ליטר,הנסיך- מפעל לייצור ט,GR,אג'קס ניקוי כללי עוצ,ליטרים,2.00,ליטר,false,,24.90,12.4500,true,1,332941
8718951381292,false,"משחת שיניים מקס דיטוקס פואם קולגייט 125 מ""ל",CP UK,PL,קולגייט משחת שיניים,,125.00,,false,,19.90,0.1592,true,1,331719
8718951382718,false,"פלמוליב ג'ל רחצה חימר התחדשות 750 מ""ל",CP UK,TR,ג'ל רחצה חימר התחדשו,,750.00,,false,,21.90,0.0292,true,1,317270
8718951409798,false,זוג מברשות שיניים מקס וויט פחם קולגייט,הנסיך- מפעל לייצור ט,CN,קולגייט מברשת שיניים,יחידה,0.00,יחידה,false,,28.90,0.0000,true,1,368160
8718951428492,false,"פלמוליב סבון רחצה לגבר 4ב1 מועשר בפחם 750 מ""ל",,,תחליב רחצה לגבר 4 ב-,,750.00,,false,,21.90,0.0292,true,1,453493
8718951509627,false,"משחת שיניים אופטיק וויט לאוהבי קפה 75 מ""ל קולגייט",,PL,קולגייט וואייט להסרת,יחידה,0.00,יחידה,false,,29.90,0.0000,true,1,481528
8719200997998,false,מרגרינה למריחה בישול וטיגון 200 ג' בלו בנד,יוניליוור,IL,בלו בנד לבישול וטיגו,,200.00,100 גרם,false,,4.90,0.0245,true,1,250358
8719200998001,false,מרגרינה לאפיה ובישול בלי מלח 200 ג' בלו בנד,מיוצר עי קונדיטוריית,IL,בלו בנד ללא מלח 200,,200.00,יח',false,,4.90,0.0245,true,1,250359
8719200998018,false,מחמאה מרגרינה בטעם חמאה 200 ג' בלו בנד,פארייפאבה אגרואינדוס,IL,מחמאה מרגרינה בטעם ח,,200.00,יח',false,,5.50,0.0275,true,1,250360
8719200998032,false,מזולה גלורי טעם חמאה 250ג',פארייפאבה אגרואינדוס,IL,מזולה בטעם חמאה 250,,250.00,יח',false,,10.90,0.0436,true,1,250382
8719200998049,false,מזולה בטעם טבעי 250 גרם,פארייפאבה אגרואינדוס,IL,מזולה בטעם טבעי 250,,250.00,יח',false,,9.90,0.0396,true,1,250383
8719200998100,false,מרגרינה בטעם חמאה לאפייה 200 ג' מזולה,פארייפאבה אגרואינדוס,IL,מזולה מרגרינה לאפייה,,200.00,יח',false,,6.90,0.0345,true,1,250368
8720100012445,false,וופל טוסט בלגי 6 יח 250 גרם בקרסלנד,דה בנקט גרופ,,וופל טוסט בלגי 250 ג,,250.00,יח',false,,12.90,0.0516,true,1,177012
8720181201332,false,דאב אל סבון מוצק גרגרים 90 גרם *4,,DE,סבון מוצק גרגירים דא,,400.00,100 גרם,false,,18.90,0.0472,true,1,501748
8720182253156,false,דאב אל סבון מוצק מלפפונים 90 גרם *4,,DE,סבון מוצק מלפפון ות,,400.00,יח',false,,18.90,0.0472,true,1,501749
8720182256850,false,רביעיית מארז דאב סבון מוצק 360 גר',,DE,סבון מוצק לבן דאב 4*,,400.00,יח',false,,18.90,0.0472,true,1,501750
8723400756552,false,מנטוס ריינבו מארז 4 יח' * 37.5 ג',,,RAINBOW רביעית סוכרי,,150.00,100 גרם,false,,12.90,0.0860,true,1,68544
8801055707966,false,קפה טייסטר צו'יס נס קפה בריסטה 180ג',לוטה נסטלה קוריאה,,נס קפה טייסטרס צ'ויס,,180.00,יח',false,,33.90,0.1883,true,1,75673
8801055708772,false,מארז טייסטרס צ'ויס 200 גרם+50 גר' מתנה,לוטה נסטלה קוריאה,IL,נס קפה טייסטרס צ'ויס,,250.00,יח',false,,33.90,0.1356,true,1,186944
8801055709458,false,נסטלה - נסקפה קפוצינו קרמל 17 גרם * 10,,KR,נסקפה קפוצ'ינו קרמל,,170.00,יח',false,,20.90,0.1229,true,1,497380
8801055709465,false,נסטלה - נסקפה קפוצינו וניל 18.50 גרם * 10,לוטה נסטלה קוריאה,DE,נסקפה קפוצ'ינו וניל,,185.00,יח',false,,20.90,0.1130,true,1,461330
8801055709472,false,נסטלה - נסקפה קפוצ'ינו קלאסי 12.50 גרם * 10,לוטה נסטלה קוריאה,DE,נסקפה קפוצ'ינו קלאסי,,185.00,יח',false,,20.90,0.1130,true,1,461331
8801055709489,false,נסטלה - נסקפה קפוצינו אגוזים 18 גרם * 10,,KR,נסקפה קפוצ'ינו אגוזי,,185.00,יח',false,,20.90,0.1130,true,1,461332
8803733116534,false,מארז 5 קופסאות לוק ל,,,מארז 5 קופסאות לוק ל,יחידה,0.00,יחידה,false,,79.90,0.0000,true,1,225417
8803733180887,false,"קופסא 808 -850מ""ל L",,,"קופסא 808 -850מ""ל L",יחידה,0.00,יחידה,false,,29.90,0.0000,true,1,171749
8803733181525,false,"קופסא 850 מ""ל 815M",,,"קופסא 850 מ""ל 815M",יחידה,0.00,יחידה,false,,36.90,0.0000,true,1,171761
8803733182218,false,קופסא 1.2 ליטר 822D עם מכסה ורוד/כחול/צהוב,,,קופסא 1.2 ליטר - L,יחידה,0.00,יחידה,false,,42.90,0.0000,true,1,171764
8809168840471,false,חטיף אצות מיובשות 9,,,חטיף אצות מיובשות 9,,4.50,יח',false,,25.90,5.7556,true,1,473415
8850367992164,false,קרם קוקוס 250 מל 20-22% ללא חומר משמר,,,קרם קוקוס ללא גלוטן,,250.00,יח',false,,8.90,0.0356,true,1,69630
8850389103128,false,"משקה קל סאפה בטעם תפוח 300 מ""ל",סאפה פובליק קומפני ל,TH,סאפה משקה אלוורה תפו,,300.00,,false,,7.90,0.0263,true,1,96380
8850389105825,false,סאפה אלוורה ענבים 1 ליטר,סאפה פובליק קומפני ל,TH,סאפה משקה אלוורה ענב,ליטרים,1.00,ליטר,false,,14.50,14.5000,true,1,64764
8850389105832,false,סאפה אלוורה תפוחים 1 ליטר,סאפה פובליק קומפני ל,TH,סאפה משקה אלוורה תפו,ליטרים,1.00,ליטר,false,,14.50,14.5000,true,1,64765
8850389105849,false,סאפה אלוורה אפרסק 1 ליטר,סאפה פובליק קומפני ל,TH,סאפה משקה אלוורה אפר,ליטרים,1.00,ליטר,false,,14.50,14.5000,true,1,64766
8850389115336,false,סאפה מלון בקבוק תריסר 1ל',סאפה פובליק קומפני ל,TH,סאפה משקה מלון 1ל,ליטרים,1.00,ליטר,false,,14.50,14.5000,true,1,172194
8850632604259,false,מקלות חספוסים יוגטה טעם תות שדה 50 גר,ג'נרל קנדי בעמ,TH,יוגטה חיספוסים מקלות,,50.00,יח',false,,5.90,0.1180,true,1,68548
8850632604266,false,מקלות חספוסים יוגטה טעם קולה 50 גר,ג'נרל קנדי בעמ,TH,יוגטה חיספוסים מקלות,,50.00,יח',false,,5.90,0.1180,true,1,68549
8850632604372,false,יוגטה חמצוצים שטיח בטעם תות שדה 50גר,ג'נרל קנדי בעמ,TH,יוגטה ממתק תות שדה ב,,50.00,יח',false,,5.90,0.1180,true,1,68550
8851613101378,false,"נוזל קוקוס ארוי די 250 מ""ל",כלורוקס אוקלנד,TH,משקה קוקוס ארוי-די,,250.00,,false,,10.90,0.0436,true,1,59001
8888021200720,false,סוללות אנרג'יזר MAX AAA שמינייה,יצרן: אנרג'ייזר סינג,SG,AAAאנרג'ייזר סוללות,יחידה,0.00,יחידה,false,,29.90,0.0000,true,1,61394
8901314308436,false,קולגייט - מברשת שיניים זיג זג 6 יחידות,,,מברשת שיניים שישייה,יחידה,0.00,יחידה,false,,13.90,0.0000,true,1,466454
8901314517463,false,קולגייט מברשת שיניים,,,קולגייט מברשת שיניים,יחידה,0.00,יחידה,false,,19.90,0.0000,true,1,468748
8901314525055,false,רביעיית מברשת שיניים,,,רביעיית מברשת שיניים,יחידה,0.00,יחידה,false,,14.90,0.0000,true,1,459436
8901537024014,false,"אורז בסמטי מובחר דאווט 1 ק""ג",הנסיך- מפעל לייצור ט,IN,וילי פוד אורז בסמטי,,1000.00,יח',false,,15.90,0.0159,true,1,58457
9000101380255,false,דיסקס לכביסה ניקיון הגייני 22 יח' פרסיל,,HU,פרסיל דיסקס לכביסה ל,,22.00,,false,,38.90,1.7682,true,1,390259
9000101521436,false,סבון אסלה בניחוח מתחלף לוטוס במבוק 50 ג' ברף,,RS,כדוריות לאסלה Bref,,50.00,יח',false,,10.90,0.2180,true,1,403790
9000101537581,false,פרסיל קאפסולות לכביסה צבעונית 52 יחידו,הנקל סוד,HU,פרסיל פאוור קאפס קפס,יחידה,0.00,יחידה,false,,70.90,0.0000,true,1,486124
9002859053825,false,גונץ-שוקולד סטיקס מריר קפה 75 גרם,,,שוקולד סטיקס מריר קפ,,75.00,יח',false,,12.90,0.1720,true,1,509198
9002975393836,false,סוכריות גילי הריבו האפי קולה 70 גרם,"האריבו , ג'י.אם.בי.א",AT,סוכריות גומי בטעם קו,,70.00,יח',false,,7.90,0.1129,true,1,360692
9002975393843,false,סוכריות גילי הריבו גולדברס 70 גרם,"האריבו , ג'י.אם.בי.א",AT,סוכריות גומי בטעמי פ,,70.00,יח',false,,7.90,0.1129,true,1,360693
9002975393850,false,סוכריות גילי הריבו וורמס 70 גרם,"האריבו , ג'י.אם.בי.א",AT,סוכריות גומי בטעמי פ,,70.00,יח',false,,7.90,0.1129,true,1,360694
9005835312602,false,קלרו טבליות למדיח לל,קלרו,AT,קלרו טבליות למדיח כל,יחידה,0.00,יחידה,false,,26.90,0.0000,true,1,251590
9120025834723,false,חטיף אוראו מצונן 120 גרם,בובארד איטליה אס.פי.,IT,חטיף אוראו מצונן 120,,120.00,יח',false,,15.90,0.1325,true,1,515479
9120025839896,false,חטיף מילקה מצונן 128 גרם,בובארד איטליה אס.פי.,IT,חטיף מילקה מצונן 128,,128.00,יח',false,,15.90,0.1242,true,1,516055
9120097310545,false,חטיף מיני מיניונים מצונן 102.5 ג' CHOCO BITE,,,חטיף מיני מיניונים מ,,102.50,יח',false,,15.90,0.1551,true,1,560641
9310072028750,false,טים טם מצופה שוקולד,"ארנוטס ביסקוויטס בע""",AU,טים טם קרם דאבל 200,,200.00,100 גרם,false,,22.90,0.1145,true,1,124634
9771565038319,false,ידיעות אחרונות יום א,,,ידיעות אחרונות יום א,יחידה,0.00,יחידה,false,,0.50,0.0000,true,1,65409
9771565038326,false,ידיעות אחרונות יום ב,,,ידיעות אחרונות יום ב,יחידה,0.00,יחידה,false,,0.50,0.0000,true,1,65410
9771565038333,false,ידיעות אחרונות יום ג,,,ידיעות אחרונות יום ג,יחידה,0.00,יחידה,false,,0.50,0.0000,true,1,65411
9771565038340,false,ידיעות אחרונות יום ד,,,ידיעות אחרונות יום ד,יחידה,0.00,יחידה,false,,0.50,0.0000,true,1,65412
9771565038357,false,ידיעות אחרונות יום ה,,,ידיעות אחרונות יום ה,יחידה,0.00,יחידה,false,,0.50,0.0000,true,1,65413
9771565039125,false,עיתון לאישה יום ב,,,לאשה יום ב`,יחידה,0.00,יחידה,false,,19.90,0.0000,true,1,65415
9771565051066,false,ידיעות אחרונות יום ו,,,ידיעות אחרונות יום ו,יחידה,0.00,יחידה,false,,12.00,0.0000,true,1,65426
9843022871354,false,9 כוסות זכוכית לשמן מארז,,,מארז 9 כוסיות ב.מדלי,יחידה,0.00,יחידה,false,,8.90,0.0000,true,1,250536
